{"id": "gen9ou-2639211722", "format": "[Gen 9] OU", "players": ["3sylveonuwu", "jhsu26"], "log": "|j|☆3sylveonuwu\n|j|☆jhsu26\n|t:|1782434797\n|gametype|singles\n|player|p1|3sylveonuwu|101|1074\n|player|p2|jhsu26|ethan|1050\n|gen|9\n|tier|[Gen 9] OU\n|rated|\n|rule|HP Percentage Mod: HP is shown in percentages\n|rule|Endless Battle Clause: Forcing endless battles is banned\n|rule|Species Clause: Limit one of each Pokémon\n|rule|OHKO Clause: OHKO moves are banned\n|rule|Evasion Items Clause: Evasion items are banned\n|rule|Evasion Moves Clause: Evasion moves are banned\n|rule|Evasion Abilities Clause: Evasion abilities are banned\n|rule|Sleep Moves Clause: Sleep-inducing moves are banned\n|clearpoke\n|poke|p1|Dusclops, M|\n|poke|p1|Wugtrio, F|\n|poke|p1|Skeledirge, M|\n|poke|p1|Diancie|\n|poke|p1|Dragapult, M|\n|poke|p1|Scizor, F|\n|poke|p2|Exeggutor-Alola, F|\n|poke|p2|Quaquaval, F|\n|poke|p2|Skeledirge, M|\n|poke|p2|Venusaur, M|\n|poke|p2|Torkoal, F|\n|poke|p2|Politoed, M|\n|teampreview\n|inactive|Battle timer is ON: inactive players will automatically lose when time's up. (requested by jhsu26)\n|\n|t:|1782434806\n|teamsize|p1|6\n|teamsize|p2|6\n|start\n|switch|p1a: Diancie|Diancie|100/100\n|switch|p2a: Torkoal|Torkoal, F|100/100\n|-weather|SunnyDay|[from] ability: Drought|[of] p2a: Torkoal\n|turn|1\n|\n|t:|1782434814\n|switch|p2a: Venusaur|Venusaur, M|100/100\n|move|p1a: Diancie|Diamond Storm|p2a: Venusaur\n|-damage|p2a: Venusaur|57/100\n|\n|-weather|SunnyDay|[upkeep]\n|-heal|p2a: Venusaur|63/100|[from] item: Leftovers\n|upkeep\n|turn|2\n|\n|t:|1782434834\n|switch|p1a: Dusclops|Dusclops, M|100/100\n|-item|p2a: Venusaur|Leftovers|[from] ability: Frisk|[of] p1a: Dusclops\n|move|p2a: Venusaur|Solar Beam||[still]\n|-prepare|p2a: Venusaur|Solar Beam\n|-anim|p2a: Venusaur|Solar Beam|p1a: Dusclops\n|-damage|p1a: Dusclops|72/100\n|\n|-weather|SunnyDay|[upkeep]\n|-heal|p2a: Venusaur|69/100|[from] item: Leftovers\n|upkeep\n|turn|3\n|\n|t:|1782434844\n|move|p2a: Venusaur|Toxic|p1a: Dusclops\n|-status|p1a: Dusclops|tox\n|move|p1a: Dusclops|Pain Split|p2a: Venusaur\n|-sethp|p2a: Venusaur|63/100|[from] move: Pain Split|[silent]\n|-sethp|p1a: Dusclops|79/100 tox|[from] move: Pain Split\n|\n|-weather|SunnyDay|[upkeep]\n|-heal|p2a: Venusaur|69/100|[from] item: Leftovers\n|-damage|p1a: Dusclops|73/100 tox|[from] psn\n|upkeep\n|turn|4\n|\n|t:|1782434854\n|move|p2a: Venusaur|Protect|p2a: Venusaur\n|-singleturn|p2a: Venusaur|Protect\n|move|p1a: Dusclops|Will-O-Wisp|p2a: Venusaur\n|-activate|p2a: Venusaur|move: Protect\n|\n|-weather|SunnyDay|[upkeep]\n|-heal|p2a: Venusaur|75/100|[from] item: Leftovers\n|-damage|p1a: Dusclops|61/100 tox|[from] psn\n|upkeep\n|turn|5\n|\n|t:|1782434863\n|move|p2a: Venusaur|Weather Ball|p1a: Dusclops\n|-damage|p1a: Dusclops|38/100 tox\n|move|p1a: Dusclops|Will-O-Wisp|p2a: Venusaur\n|-status|p2a: Venusaur|brn\n|\n|-weather|SunnyDay|[upkeep]\n|-heal|p2a: Venusaur|82/100 brn|[from] item: Leftovers\n|-damage|p1a: Dusclops|20/100 tox|[from] psn\n|-damage|p2a: Venusaur|75/100 brn|[from] brn\n|upkeep\n|turn|6\n|\n|t:|1782434873\n|switch|p1a: Skeledirge|Skeledirge, M|100/100\n|move|p2a: Venusaur|Weather Ball|p1a: Skeledirge\n|-resisted|p1a: Skeledirge\n|-damage|p1a: Skeledirge|79/100\n|\n|-weather|SunnyDay|[upkeep]\n|-heal|p2a: Venusaur|82/100 brn|[from] item: Leftovers\n|-heal|p1a: Skeledirge|85/100|[from] item: Leftovers\n|-damage|p2a: Venusaur|75/100 brn|[from] brn\n|upkeep\n|turn|7\n|\n|t:|1782434883\n|move|p2a: Venusaur|Toxic|p1a: Skeledirge\n|-status|p1a: Skeledirge|tox\n|move|p1a: Skeledirge|Torch Song|p2a: Venusaur\n|-supereffective|p2a: Venusaur\n|-damage|p2a: Venusaur|0 fnt\n|-boost|p1a: Skeledirge|spa|1\n|faint|p2a: Venusaur\n|\n|-weather|SunnyDay|[upkeep]\n|-heal|p1a: Skeledirge|91/100 tox|[from] item: Leftovers\n|-damage|p1a: Skeledirge|85/100 tox|[from] psn\n|upkeep\n|\n|t:|1782434893\n|switch|p2a: Politoed|Politoed, M|100/100\n|-weather|RainDance|[from] ability: Drizzle|[of] p2a: Politoed\n|turn|8\n|\n|t:|1782434898\n|switch|p1a: Scizor|Scizor, F|100/100\n|move|p2a: Politoed|Surf|p1a: Scizor\n|-damage|p1a: Scizor|52/100\n|\n|-weather|RainDance|[upkeep]\n|-heal|p1a: Scizor|58/100|[from] item: Leftovers\n|upkeep\n|turn|9\n|\n|t:|1782434907\n|move|p2a: Politoed|Earth Power|p1a: Scizor\n|-damage|p1a: Scizor|38/100\n|move|p1a: Scizor|Bug Bite|p2a: Politoed\n|-damage|p2a: Politoed|57/100\n|\n|-weather|RainDance|[upkeep]\n|-heal|p1a: Scizor|44/100|[from] item: Leftovers\n|upkeep\n|turn|10\n|\n|t:|1782434915\n|move|p2a: Politoed|Surf|p1a: Scizor\n|-damage|p1a: Scizor|0 fnt\n|faint|p1a: Scizor\n|\n|-weather|RainDance|[upkeep]\n|upkeep\n|\n|t:|1782434925\n|switch|p1a: Wugtrio|Wugtrio, F|100/100\n|turn|11\n|\n|t:|1782434934\n|switch|p2a: Torkoal|Torkoal, F|100/100\n|-weather|SunnyDay|[from] ability: Drought|[of] p2a: Torkoal\n|move|p1a: Wugtrio|Liquidation|p2a: Torkoal\n|-supereffective|p2a: Torkoal\n|-damage|p2a: Torkoal|68/100\n|\n|-weather|SunnyDay|[upkeep]\n|upkeep\n|turn|12\n|\n|t:|1782434943\n|switch|p2a: Exeggutor|Exeggutor-Alola, F|100/100\n|move|p1a: Wugtrio|Liquidation|p2a: Exeggutor\n|-resisted|p2a: Exeggutor\n|-damage|p2a: Exeggutor|96/100\n|\n|-weather|SunnyDay|[upkeep]\n|upkeep\n|turn|13\n|\n|t:|1782434951\n|move|p1a: Wugtrio|Liquidation|p2a: Exeggutor\n|-resisted|p2a: Exeggutor\n|-damage|p2a: Exeggutor|92/100\n|-unboost|p2a: Exeggutor|def|1\n|move|p2a: Exeggutor|Solar Beam||[still]\n|-prepare|p2a: Exeggutor|Solar Beam\n|-anim|p2a: Exeggutor|Solar Beam|p1a: Wugtrio\n|-supereffective|p1a: Wugtrio\n|-enditem|p1a: Wugtrio|Focus Sash\n|-damage|p1a: Wugtrio|1/100\n|\n|-weather|SunnyDay|[upkeep]\n|upkeep\n|turn|14\n|\n|t:|1782434962\n|move|p1a: Wugtrio|Pain Split|p2a: Exeggutor\n|-sethp|p2a: Exeggutor|46/100|[from] move: Pain Split|[silent]\n|-sethp|p1a: Wugtrio|92/100|[from] move: Pain Split\n|-enditem|p2a: Exeggutor|Sitrus Berry|[eat]\n|-heal|p2a: Exeggutor|71/100|[from] item: Sitrus Berry\n|move|p2a: Exeggutor|Calm Mind|p2a: Exeggutor\n|-boost|p2a: Exeggutor|spa|1\n|-boost|p2a: Exeggutor|spd|1\n|\n|-weather|SunnyDay|[upkeep]\n|-item|p2a: Exeggutor|Sitrus Berry|[from] ability: Harvest\n|upkeep\n|turn|15\n|\n|t:|1782434973\n|move|p1a: Wugtrio|Pain Split|p2a: Exeggutor\n|-sethp|p2a: Exeggutor|59/100|[from] move: Pain Split|[silent]\n|-sethp|p1a: Wugtrio|100/100|[from] move: Pain Split\n|move|p2a: Exeggutor|Calm Mind|p2a: Exeggutor\n|-boost|p2a: Exeggutor|spa|1\n|-boost|p2a: Exeggutor|spd|1\n|\n|-weather|SunnyDay|[upkeep]\n|upkeep\n|turn|16\n|\n|t:|1782434980\n|move|p1a: Wugtrio|Sucker Punch|p2a: Exeggutor\n|-damage|p2a: Exeggutor|31/100\n|-enditem|p2a: Exeggutor|Sitrus Berry|[eat]\n|-heal|p2a: Exeggutor|56/100|[from] item: Sitrus Berry\n|move|p2a: Exeggutor|Solar Beam||[still]\n|-prepare|p2a: Exeggutor|Solar Beam\n|-anim|p2a: Exeggutor|Solar Beam|p1a: Wugtrio\n|-supereffective|p1a: Wugtrio\n|-damage|p1a: Wugtrio|0 fnt\n|faint|p1a: Wugtrio\n|\n|-weather|SunnyDay|[upkeep]\n|-item|p2a: Exeggutor|Sitrus Berry|[from] ability: Harvest\n|upkeep\n|\n|t:|1782434989\n|switch|p1a: Skeledirge|Skeledirge, M|85/100 tox\n|turn|17\n|\n|t:|1782434998\n|move|p2a: Exeggutor|Dragon Pulse|p1a: Skeledirge\n|-damage|p1a: Skeledirge|46/100 tox\n|move|p1a: Skeledirge|Roar|p2a: Exeggutor\n|drag|p2a: Skeledirge|Skeledirge, M|100/100\n|\n|-weather|SunnyDay|[upkeep]\n|-heal|p1a: Skeledirge|52/100 tox|[from] item: Leftovers\n|-damage|p1a: Skeledirge|46/100 tox|[from] psn\n|upkeep\n|turn|18\n|\n|t:|1782435008\n|-terastallize|p2a: Skeledirge|Fire\n|move|p2a: Skeledirge|Earth Power|p1a: Skeledirge\n|-supereffective|p1a: Skeledirge\n|-damage|p1a: Skeledirge|0 fnt\n|faint|p1a: Skeledirge\n|\n|-weather|none\n|upkeep\n|\n|t:|1782435014\n|switch|p1a: Dusclops|Dusclops, M|20/100 tox\n|-item|p2a: Skeledirge|Throat Spray|[from] ability: Frisk|[of] p1a: Dusclops\n|turn|19\n|\n|t:|1782435019\n|move|p2a: Skeledirge|Torch Song|p1a: Dusclops\n|-damage|p1a: Dusclops|0 fnt\n|-boost|p2a: Skeledirge|spa|1\n|faint|p1a: Dusclops\n|-enditem|p2a: Skeledirge|Throat Spray\n|-boost|p2a: Skeledirge|spa|1|[from] item: Throat Spray\n|\n|upkeep\n|\n|t:|1782435023\n|switch|p1a: Diancie|Diancie|100/100\n|turn|20\n|\n|t:|1782435032\n|-terastallize|p1a: Diancie|Fighting\n|move|p2a: Skeledirge|Torch Song|p1a: Diancie\n|-damage|p1a: Diancie|21/100\n|-boost|p2a: Skeledirge|spa|1\n|move|p1a: Diancie|Diamond Storm|p2a: Skeledirge\n|-supereffective|p2a: Skeledirge\n|-damage|p2a: Skeledirge|35/100\n|-boost|p1a: Diancie|def|2\n|\n|-heal|p1a: Diancie|27/100|[from] item: Leftovers\n|upkeep\n|turn|21\n|\n|t:|1782435044\n|move|p2a: Skeledirge|Torch Song|p1a: Diancie\n|-damage|p1a: Diancie|0 fnt\n|-boost|p2a: Skeledirge|spa|1\n|faint|p1a: Diancie\n|\n|upkeep\n|\n|t:|1782435046\n|switch|p1a: Dragapult|Dragapult, M|100/100\n|turn|22\n|\n|t:|1782435057\n|move|p1a: Dragapult|Dragon Darts|p2a: Skeledirge\n|-damage|p2a: Skeledirge|4/100\n|-anim|p1a: Dragapult|Dragon Darts|p2a: Skeledirge\n|-damage|p2a: Skeledirge|0 fnt\n|faint|p2a: Skeledirge\n|\n|upkeep\n|\n|t:|1782435061\n|switch|p2a: Politoed|Politoed, M|57/100\n|-weather|RainDance|[from] ability: Drizzle|[of] p2a: Politoed\n|turn|23\n|\n|t:|1782435066\n|move|p1a: Dragapult|Dragon Dance|p1a: Dragapult\n|-boost|p1a: Dragapult|atk|1\n|-boost|p1a: Dragapult|spe|1\n|move|p2a: Politoed|Ice Beam|p1a: Dragapult\n|-supereffective|p1a: Dragapult\n|-damage|p1a: Dragapult|32/100\n|-status|p1a: Dragapult|frz\n|\n|-weather|RainDance|[upkeep]\n|upkeep\n|turn|24\n|\n|t:|1782435074\n|switch|p2a: Quaquaval|Quaquaval, F|100/100\n|cant|p1a: Dragapult|frz\n|\n|-weather|RainDance|[upkeep]\n|upkeep\n|turn|25\n|\n|t:|1782435080\n|cant|p1a: Dragapult|frz\n|move|p2a: Quaquaval|Swords Dance|p2a: Quaquaval\n|-boost|p2a: Quaquaval|atk|2\n|\n|-weather|RainDance|[upkeep]\n|upkeep\n|turn|26\n|\n|t:|1782435086\n|cant|p1a: Dragapult|frz\n|move|p2a: Quaquaval|Ice Spinner|p1a: Dragapult\n|-supereffective|p1a: Dragapult\n|-damage|p1a: Dragapult|0 fnt\n|faint|p1a: Dragapult\n|\n|win|jhsu26\n|raw|3sylveonuwu's rating: 1074 &rarr; <strong>1051</strong><br />(-23 for losing)\n|raw|jhsu26's rating: 1050 &rarr; <strong>1085</strong><br />(+35 for winning)\n|l|☆3sylveonuwu\n|player|p1|\n|l|☆jhsu26\n|player|p2|\n", "uploadtime": 1782435411, "views": 13, "formatid": "gen9ou", "rating": 1051, "private": 0, "password": null}