{"id": "gen9ou-2647691245", "format": "[Gen 9] OU", "players": ["Mathismathin", "icylikedecember"], "log": "|j|☆Mathismathin\n|j|☆icylikedecember\n|t:|1783796974\n|gametype|singles\n|player|p1|Mathismathin|102|1713\n|player|p2|icylikedecember|smasher|1756\n|gen|9\n|tier|[Gen 9] OU\n|rated|\n|rule|HP Percentage Mod: HP is shown in percentages\n|rule|Endless Battle Clause: Forcing endless battles is banned\n|rule|Species Clause: Limit one of each Pokémon\n|rule|OHKO Clause: OHKO moves are banned\n|rule|Evasion Items Clause: Evasion items are banned\n|rule|Evasion Moves Clause: Evasion moves are banned\n|rule|Evasion Abilities Clause: Evasion abilities are banned\n|rule|Sleep Moves Clause: Sleep-inducing moves are banned\n|clearpoke\n|poke|p1|Garchomp, F|\n|poke|p1|Regieleki|\n|poke|p1|Dragonite, F|\n|poke|p1|Blaziken, M|\n|poke|p1|Corviknight, M|\n|poke|p1|Necrozma|\n|poke|p2|Corviknight, M|\n|poke|p2|Slowking-Galar, F|\n|poke|p2|Darkrai|\n|poke|p2|Kyurem|\n|poke|p2|Zamazenta-*|\n|poke|p2|Crawdaunt, M|\n|teampreview\n|j| just-jaype\n|inactive|Battle timer is ON: inactive players will automatically lose when time's up. (requested by icylikedecember)\n|\n|t:|1783796994\n|teamsize|p1|6\n|teamsize|p2|6\n|start\n|switch|p1a: Regieleki|Regieleki|100/100\n|switch|p2a: Kyurem|Kyurem|100/100\n|-ability|p2a: Kyurem|Pressure\n|turn|1\n|\n|t:|1783796998\n|switch|p1a: Corviknight|Corviknight, M|100/100\n|-ability|p1a: Corviknight|Pressure\n|move|p2a: Kyurem|Ice Beam|p1a: Corviknight\n|-damage|p1a: Corviknight|54/100\n|\n|-heal|p1a: Corviknight|60/100|[from] item: Leftovers\n|upkeep\n|turn|2\n|\n|t:|1783797005\n|move|p2a: Kyurem|Ice Beam|p1a: Corviknight\n|-damage|p1a: Corviknight|15/100\n|move|p1a: Corviknight|Roost|p1a: Corviknight\n|-heal|p1a: Corviknight|65/100\n|-singleturn|p1a: Corviknight|move: Roost\n|\n|-heal|p1a: Corviknight|71/100|[from] item: Leftovers\n|upkeep\n|turn|3\n|\n|t:|1783797009\n|move|p2a: Kyurem|Ice Beam|p1a: Corviknight\n|-damage|p1a: Corviknight|25/100\n|move|p1a: Corviknight|Roost|p1a: Corviknight\n|-heal|p1a: Corviknight|75/100\n|-singleturn|p1a: Corviknight|move: Roost\n|\n|-heal|p1a: Corviknight|81/100|[from] item: Leftovers\n|upkeep\n|turn|4\n|\n|t:|1783797014\n|move|p2a: Kyurem|Ice Beam|p1a: Corviknight\n|-damage|p1a: Corviknight|33/100\n|move|p1a: Corviknight|Roost|p1a: Corviknight\n|-heal|p1a: Corviknight|83/100\n|-singleturn|p1a: Corviknight|move: Roost\n|\n|-heal|p1a: Corviknight|89/100|[from] item: Leftovers\n|upkeep\n|turn|5\n|\n|t:|1783797025\n|move|p2a: Kyurem|Ice Beam|p1a: Corviknight\n|-damage|p1a: Corviknight|42/100\n|move|p1a: Corviknight|Roost|p1a: Corviknight\n|-heal|p1a: Corviknight|92/100\n|-singleturn|p1a: Corviknight|move: Roost\n|\n|-heal|p1a: Corviknight|98/100|[from] item: Leftovers\n|upkeep\n|turn|6\n|\n|t:|1783797031\n|move|p2a: Kyurem|Ice Beam|p1a: Corviknight\n|-damage|p1a: Corviknight|53/100\n|move|p1a: Corviknight|U-turn|p2a: Kyurem\n|-damage|p2a: Kyurem|86/100\n|\n|t:|1783797035\n|switch|p1a: Blaziken|Blaziken, M|100/100|[from] U-turn\n|\n|upkeep\n|turn|7\n|\n|t:|1783797044\n|switch|p2a: Corviknight|Corviknight, M, shiny|100/100\n|-ability|p2a: Corviknight|Pressure\n|move|p1a: Blaziken|Close Combat|p2a: Corviknight\n|-damage|p2a: Corviknight|50/100\n|-unboost|p1a: Blaziken|def|1\n|-unboost|p1a: Blaziken|spd|1\n|-damage|p1a: Blaziken|84/100|[from] item: Rocky Helmet|[of] p2a: Corviknight\n|-damage|p1a: Blaziken|74/100|[from] item: Life Orb\n|\n|-ability|p1a: Blaziken|Speed Boost|boost\n|-boost|p1a: Blaziken|spe|1\n|upkeep\n|turn|8\n|j| simplegent\n|\n|t:|1783797055\n|switch|p2a: Crawdaunt|Crawdaunt, M|100/100\n|move|p1a: Blaziken|Overheat|p2a: Crawdaunt\n|-resisted|p2a: Crawdaunt\n|-damage|p2a: Crawdaunt|34/100\n|-unboost|p1a: Blaziken|spa|2\n|-damage|p1a: Blaziken|64/100|[from] item: Life Orb\n|\n|-ability|p1a: Blaziken|Speed Boost|boost\n|-boost|p1a: Blaziken|spe|1\n|upkeep\n|turn|9\n|\n|t:|1783797065\n|switch|p1a: Dragonite|Dragonite, F|100/100\n|move|p2a: Crawdaunt|Knock Off|p1a: Dragonite\n|-damage|p1a: Dragonite|46/100\n|-enditem|p1a: Dragonite|Dragon Fang|[from] move: Knock Off|[of] p2a: Crawdaunt\n|\n|upkeep\n|turn|10\n|\n|t:|1783797071\n|switch|p2a: Corviknight|Corviknight, M, shiny|50/100\n|-ability|p2a: Corviknight|Pressure\n|move|p1a: Dragonite|Dragon Dance|p1a: Dragonite\n|-boost|p1a: Dragonite|atk|1\n|-boost|p1a: Dragonite|spe|1\n|\n|upkeep\n|turn|11\n|\n|t:|1783797077\n|move|p1a: Dragonite|Dragon Dance|p1a: Dragonite\n|-boost|p1a: Dragonite|atk|1\n|-boost|p1a: Dragonite|spe|1\n|move|p2a: Corviknight|Roost|p2a: Corviknight\n|-heal|p2a: Corviknight|99/100\n|-singleturn|p2a: Corviknight|move: Roost\n|\n|upkeep\n|turn|12\n|\n|t:|1783797082\n|move|p1a: Dragonite|Encore|p2a: Corviknight\n|-start|p2a: Corviknight|Encore\n|move|p2a: Corviknight|Roost|p2a: Corviknight\n|-heal|p2a: Corviknight|100/100\n|-singleturn|p2a: Corviknight|move: Roost\n|\n|upkeep\n|turn|13\n|j| sheakeegs\n|inactive|icylikedecember has 120 seconds left.\n|\n|t:|1783797113\n|switch|p2a: Kyurem|Kyurem|86/100\n|-ability|p2a: Kyurem|Pressure\n|move|p1a: Dragonite|Dragon Dance|p1a: Dragonite\n|-boost|p1a: Dragonite|atk|1\n|-boost|p1a: Dragonite|spe|1\n|\n|upkeep\n|turn|14\n|\n|t:|1783797126\n|move|p1a: Dragonite|Outrage|p2a: Kyurem\n|-supereffective|p2a: Kyurem\n|-damage|p2a: Kyurem|0 fnt\n|faint|p2a: Kyurem\n|\n|upkeep\n|\n|t:|1783797131\n|switch|p2a: Corviknight|Corviknight, M, shiny|100/100\n|-ability|p2a: Corviknight|Pressure\n|turn|15\n|l| sheakeegs\n|\n|t:|1783797140\n|move|p1a: Dragonite|Outrage|p2a: Corviknight|[from] lockedmove\n|-resisted|p2a: Corviknight\n|-damage|p2a: Corviknight|52/100\n|-damage|p1a: Dragonite|29/100|[from] item: Rocky Helmet|[of] p2a: Corviknight\n|move|p2a: Corviknight|Roost|p2a: Corviknight\n|-heal|p2a: Corviknight|100/100\n|-singleturn|p2a: Corviknight|move: Roost\n|\n|upkeep\n|turn|16\n|\n|t:|1783797147\n|move|p1a: Dragonite|Outrage|p2a: Corviknight|[from] lockedmove\n|-resisted|p2a: Corviknight\n|-damage|p2a: Corviknight|49/100\n|-damage|p1a: Dragonite|13/100|[from] item: Rocky Helmet|[of] p2a: Corviknight\n|-start|p1a: Dragonite|confusion|[fatigue]\n|move|p2a: Corviknight|Brave Bird|p1a: Dragonite\n|-damage|p1a: Dragonite|0 fnt\n|faint|p1a: Dragonite\n|-damage|p2a: Corviknight|46/100|[from] Recoil\n|\n|upkeep\n|\n|t:|1783797158\n|switch|p1a: Regieleki|Regieleki|100/100\n|turn|17\n|\n|t:|1783797161\n|switch|p2a: Slowking|Slowking-Galar, F, shiny|100/100\n|-terastallize|p1a: Regieleki|Electric\n|move|p1a: Regieleki|Electro Ball|p2a: Slowking\n|-damage|p2a: Slowking|39/100\n|\n|upkeep\n|turn|18\n|\n|t:|1783797168\n|-terastallize|p2a: Slowking|Grass\n|move|p1a: Regieleki|Electro Ball|p2a: Slowking\n|-resisted|p2a: Slowking\n|-damage|p2a: Slowking|6/100\n|move|p2a: Slowking|Sludge Bomb|p1a: Regieleki\n|-damage|p1a: Regieleki|10/100\n|\n|upkeep\n|turn|19\n|\n|t:|1783797188\n|switch|p2a: Corviknight|Corviknight, M, shiny|46/100\n|-ability|p2a: Corviknight|Pressure\n|move|p1a: Regieleki|Thunderbolt|p2a: Corviknight\n|-supereffective|p2a: Corviknight\n|-damage|p2a: Corviknight|0 fnt\n|faint|p2a: Corviknight\n|\n|upkeep\n|\n|t:|1783797201\n|switch|p2a: Crawdaunt|Crawdaunt, M|34/100\n|turn|20\n|l| just-jaype\n|\n|t:|1783797207\n|switch|p1a: Corviknight|Corviknight, M|53/100\n|-ability|p1a: Corviknight|Pressure\n|move|p2a: Crawdaunt|Aqua Jet|p1a: Corviknight\n|-damage|p1a: Corviknight|15/100\n|\n|-heal|p1a: Corviknight|22/100|[from] item: Leftovers\n|upkeep\n|turn|21\n|\n|t:|1783797213\n|move|p2a: Crawdaunt|Aqua Jet|p1a: Corviknight\n|-damage|p1a: Corviknight|0 fnt\n|faint|p1a: Corviknight\n|\n|upkeep\n|\n|t:|1783797217\n|switch|p1a: Garchomp|Garchomp, F|100/100\n|turn|22\n|\n|t:|1783797224\n|switch|p2a: Darkrai|Darkrai|100/100\n|move|p1a: Garchomp|Scale Shot|p2a: Darkrai\n|-damage|p2a: Darkrai|77/100\n|-damage|p2a: Darkrai|52/100\n|-damage|p2a: Darkrai|27/100\n|-crit|p2a: Darkrai\n|-damage|p2a: Darkrai|0 fnt\n|faint|p2a: Darkrai\n|-hitcount|p2: Darkrai|4\n|-unboost|p1a: Garchomp|def|1\n|-boost|p1a: Garchomp|spe|1\n|-damage|p1a: Garchomp|91/100|[from] item: Life Orb\n|\n|upkeep\n|\n|t:|1783797231\n|switch|p2a: Zamazenta|Zamazenta|100/100\n|-ability|p2a: Zamazenta|Dauntless Shield|boost\n|-boost|p2a: Zamazenta|def|1\n|turn|23\n|\n|t:|1783797247\n|switch|p1a: Necrozma|Necrozma|100/100\n|move|p2a: Zamazenta|Iron Defense|p2a: Zamazenta\n|-boost|p2a: Zamazenta|def|2\n|\n|upkeep\n|turn|24\n|\n|t:|1783797258\n|switch|p2a: Slowking|Slowking-Galar, F, shiny, tera:Grass|39/100\n|move|p1a: Necrozma|Meteor Beam||[still]\n|-prepare|p1a: Necrozma|Meteor Beam\n|-boost|p1a: Necrozma|spa|1\n|-enditem|p1a: Necrozma|Power Herb\n|-anim|p1a: Necrozma|Meteor Beam|p2a: Slowking\n|-damage|p2a: Slowking|5/100\n|\n|upkeep\n|turn|25\n|\n|t:|1783797266\n|move|p1a: Necrozma|Earth Power|p2a: Slowking\n|-resisted|p2a: Slowking\n|-damage|p2a: Slowking|0 fnt\n|faint|p2a: Slowking\n|\n|upkeep\n|\n|t:|1783797268\n|switch|p2a: Crawdaunt|Crawdaunt, M|34/100\n|turn|26\n|\n|t:|1783797278\n|move|p2a: Crawdaunt|Aqua Jet|p1a: Necrozma\n|-damage|p1a: Necrozma|60/100\n|move|p1a: Necrozma|Earth Power|p2a: Crawdaunt\n|-damage|p2a: Crawdaunt|0 fnt\n|faint|p2a: Crawdaunt\n|\n|upkeep\n|\n|t:|1783797282\n|switch|p2a: Zamazenta|Zamazenta|100/100\n|turn|27\n|\n|t:|1783797285\n|move|p2a: Zamazenta|Crunch|p1a: Necrozma\n|-supereffective|p1a: Necrozma\n|-damage|p1a: Necrozma|34/100\n|move|p1a: Necrozma|Photon Geyser|p2a: Zamazenta\n|-supereffective|p2a: Zamazenta\n|-damage|p2a: Zamazenta|0 fnt\n|faint|p2a: Zamazenta\n|\n|win|Mathismathin\n|raw|Mathismathin's rating: 1713 &rarr; <strong>1735</strong><br />(+22 for winning)\n|raw|icylikedecember's rating: 1756 &rarr; <strong>1734</strong><br />(-22 for losing)\n|l|☆icylikedecember\n|player|p2|\n|l|☆Mathismathin\n|player|p1|\n|l| simplegent\n", "uploadtime": 1783797286, "views": 11, "formatid": "gen9ou", "rating": 1734, "private": 0, "password": null}