{"id": "gen9ou-2540764088", "format": "[Gen 9] OU", "players": ["RobinaAddMyPalFuwa", "CC Foot Soldier"], "log": "|j|☆RobinaAddMyPalFuwa\n|j|☆CC Foot Soldier\n|t:|1771251323\n|gametype|singles\n|player|p1|RobinaAddMyPalFuwa|skyla|1720\n|player|p2|CC Foot Soldier|waiter-gen4|1685\n|gen|9\n|tier|[Gen 9] OU\n|rated|\n|rule|HP Percentage Mod: HP is shown in percentages\n|rule|Endless Battle Clause: Forcing endless battles is banned\n|rule|Species Clause: Limit one of each Pokémon\n|rule|OHKO Clause: OHKO moves are banned\n|rule|Evasion Items Clause: Evasion items are banned\n|rule|Evasion Moves Clause: Evasion moves are banned\n|rule|Evasion Abilities Clause: Evasion abilities are banned\n|rule|Sleep Moves Clause: Sleep-inducing moves are banned\n|clearpoke\n|poke|p1|Pelipper, L99, F|\n|poke|p1|Barraskewda, F|\n|poke|p1|Raging Bolt|\n|poke|p1|Golduck, F|\n|poke|p1|Pawmot, F|\n|poke|p1|Tentacruel, F|\n|poke|p2|Samurott-Hisui, F|\n|poke|p2|Raging Bolt|\n|poke|p2|Ogerpon, F|\n|poke|p2|Iron Treads|\n|poke|p2|Garganacl, M|\n|poke|p2|Pecharunt|\n|teampreview\n|inactive|Battle timer is ON: inactive players will automatically lose when time's up. (requested by CC Foot Soldier)\n|c|☆CC Foot Soldier|hf\n|\n|t:|1771251346\n|teamsize|p1|6\n|teamsize|p2|6\n|start\n|switch|p1a: ExSkewda Me|Barraskewda, F|100/100\n|switch|p2a: Garganacl|Garganacl, M|100/100\n|turn|1\n|\n|t:|1771251351\n|move|p2a: Garganacl|Protect|p2a: Garganacl\n|-singleturn|p2a: Garganacl|Protect\n|move|p1a: ExSkewda Me|Flip Turn|p2a: Garganacl\n|-activate|p2a: Garganacl|move: Protect\n|\n|upkeep\n|turn|2\n|\n|t:|1771251358\n|move|p1a: ExSkewda Me|Flip Turn|p2a: Garganacl\n|-supereffective|p2a: Garganacl\n|-damage|p2a: Garganacl|45/100\n|\n|t:|1771251362\n|switch|p1a: Really want eject|Pawmot, F|100/100|[from] Flip Turn\n|move|p2a: Garganacl|Stealth Rock|p1a: Really want eject\n|-sidestart|p1: RobinaAddMyPalFuwa|move: Stealth Rock\n|\n|-heal|p2a: Garganacl|52/100|[from] item: Leftovers\n|upkeep\n|turn|3\n|j| le saintdoux\n|\n|t:|1771251373\n|switch|p1a: Ghoti carrier|Pelipper, L99, F|100/100\n|-damage|p1a: Ghoti carrier|76/100|[from] Stealth Rock\n|-weather|RainDance|[from] ability: Drizzle|[of] p1a: Ghoti carrier\n|move|p2a: Garganacl|Protect||[still]\n|-fail|p2a: Garganacl\n|\n|-weather|RainDance|[upkeep]\n|-heal|p2a: Garganacl|58/100|[from] item: Leftovers\n|upkeep\n|turn|4\n|\n|t:|1771251381\n|move|p1a: Ghoti carrier|Surf|p2a: Garganacl\n|-supereffective|p2a: Garganacl\n|-damage|p2a: Garganacl|0 fnt\n|faint|p2a: Garganacl\n|\n|-weather|RainDance|[upkeep]\n|upkeep\n|\n|t:|1771251385\n|switch|p2a: Raging Bolt|Raging Bolt|100/100\n|turn|5\n|\n|t:|1771251389\n|switch|p1a: Spaghetti Too|Tentacruel, F|100/100\n|-damage|p1a: Spaghetti Too|88/100|[from] Stealth Rock\n|move|p2a: Raging Bolt|Draco Meteor|p1a: Spaghetti Too|[miss]\n|-miss|p2a: Raging Bolt|p1a: Spaghetti Too\n|\n|-weather|RainDance|[upkeep]\n|-heal|p1a: Spaghetti Too|94/100|[from] ability: Rain Dish\n|-heal|p1a: Spaghetti Too|99/100|[from] item: Leftovers\n|upkeep\n|turn|6\n|c|☆CC Foot Soldier|Ffs Bolt you had ONE job\n|inactive|CC Foot Soldier has 120 seconds left.\n|\n|t:|1771251423\n|move|p2a: Raging Bolt|Draco Meteor|p1a: Spaghetti Too\n|-damage|p1a: Spaghetti Too|34/100\n|-unboost|p2a: Raging Bolt|spa|2\n|move|p1a: Spaghetti Too|Rapid Spin|p2a: Raging Bolt\n|-damage|p2a: Raging Bolt|92/100\n|-boost|p1a: Spaghetti Too|spe|1\n|-sideend|p1: RobinaAddMyPalFuwa|Stealth Rock|[from] move: Rapid Spin|[of] p1a: Spaghetti Too\n|\n|-weather|RainDance|[upkeep]\n|-heal|p1a: Spaghetti Too|40/100|[from] ability: Rain Dish\n|-heal|p1a: Spaghetti Too|46/100|[from] item: Leftovers\n|upkeep\n|turn|7\n|inactive|CC Foot Soldier has 120 seconds left.\n|\n|t:|1771251452\n|-end|p2a: Raging Bolt|Protosynthesis|[silent]\n|switch|p2a: Iron Treads|Iron Treads|100/100\n|move|p1a: Spaghetti Too|Flip Turn|p2a: Iron Treads\n|-supereffective|p2a: Iron Treads\n|-damage|p2a: Iron Treads|64/100\n|\n|t:|1771251455\n|switch|p1a: ExSkewda Me|Barraskewda, F|100/100|[from] Flip Turn\n|\n|-weather|RainDance|[upkeep]\n|-heal|p2a: Iron Treads|70/100|[from] item: Leftovers\n|upkeep\n|turn|8\n|\n|t:|1771251458\n|-end|p2a: Iron Treads|Quark Drive|[silent]\n|switch|p2a: Pecharunt|Pecharunt|100/100\n|move|p1a: ExSkewda Me|Liquidation|p2a: Pecharunt\n|-damage|p2a: Pecharunt|64/100\n|-damage|p1a: ExSkewda Me|84/100|[from] item: Rocky Helmet|[of] p2a: Pecharunt\n|\n|-weather|RainDance|[upkeep]\n|upkeep\n|turn|9\n|\n|t:|1771251465\n|switch|p1a: Spaghetti Too|Tentacruel, F|46/100\n|move|p2a: Pecharunt|Recover|p2a: Pecharunt\n|-heal|p2a: Pecharunt|100/100\n|\n|-weather|RainDance|[upkeep]\n|-heal|p1a: Spaghetti Too|52/100|[from] ability: Rain Dish\n|-heal|p1a: Spaghetti Too|58/100|[from] item: Leftovers\n|upkeep\n|turn|10\n|\n|t:|1771251476\n|move|p2a: Pecharunt|Hex|p1a: Spaghetti Too\n|-damage|p1a: Spaghetti Too|45/100\n|move|p1a: Spaghetti Too|Flip Turn|p2a: Pecharunt\n|-damage|p2a: Pecharunt|90/100\n|-damage|p1a: Spaghetti Too|29/100|[from] item: Rocky Helmet|[of] p2a: Pecharunt\n|\n|t:|1771251481\n|switch|p1a: ExSkewda Me|Barraskewda, F|84/100|[from] Flip Turn\n|\n|-weather|none\n|upkeep\n|turn|11\n|\n|t:|1771251486\n|switch|p1a: Ghoti carrier|Pelipper, L99, F|76/100\n|-weather|RainDance|[from] ability: Drizzle|[of] p1a: Ghoti carrier\n|move|p2a: Pecharunt|Toxic|p1a: Ghoti carrier\n|-status|p1a: Ghoti carrier|tox\n|-start|p1a: Ghoti carrier|confusion|[from] ability: Poison Puppeteer|[of] p2a: Pecharunt\n|\n|-weather|RainDance|[upkeep]\n|-damage|p1a: Ghoti carrier|70/100 tox|[from] psn\n|upkeep\n|turn|12\n|\n|t:|1771251491\n|switch|p2a: Samurott|Samurott-Hisui, F|100/100\n|switch|p1a: Spaghetti Too|Tentacruel, F|29/100\n|\n|-weather|RainDance|[upkeep]\n|-heal|p1a: Spaghetti Too|35/100|[from] ability: Rain Dish\n|-heal|p1a: Spaghetti Too|41/100|[from] item: Leftovers\n|upkeep\n|turn|13\n|\n|t:|1771251494\n|switch|p1a: Great Neck|Raging Bolt|100/100\n|move|p2a: Samurott|Ceaseless Edge|p1a: Great Neck\n|-damage|p1a: Great Neck|62/100\n|-sidestart|p1: RobinaAddMyPalFuwa|Spikes\n|\n|-weather|RainDance|[upkeep]\n|-heal|p1a: Great Neck|68/100|[from] item: Leftovers\n|upkeep\n|turn|14\n|\n|t:|1771251521\n|move|p2a: Samurott|Ceaseless Edge|p1a: Great Neck\n|-damage|p1a: Great Neck|25/100\n|-sidestart|p1: RobinaAddMyPalFuwa|Spikes\n|move|p1a: Great Neck|Thunder|p2a: Samurott\n|-supereffective|p2a: Samurott\n|-damage|p2a: Samurott|0 fnt\n|faint|p2a: Samurott\n|\n|-weather|RainDance|[upkeep]\n|-heal|p1a: Great Neck|31/100|[from] item: Leftovers\n|upkeep\n|\n|t:|1771251531\n|switch|p2a: Iron Treads|Iron Treads|70/100\n|turn|15\n|\n|t:|1771251533\n|move|p2a: Iron Treads|Earthquake|p1a: Great Neck\n|-supereffective|p1a: Great Neck\n|-damage|p1a: Great Neck|0 fnt\n|faint|p1a: Great Neck\n|-end|p1a: Great Neck|Protosynthesis|[silent]\n|\n|-weather|RainDance|[upkeep]\n|-heal|p2a: Iron Treads|76/100|[from] item: Leftovers\n|upkeep\n|\n|t:|1771251536\n|switch|p1a: Seaking Duck|Golduck, F|100/100\n|-damage|p1a: Seaking Duck|84/100|[from] Spikes\n|turn|16\n|\n|t:|1771251559\n|move|p1a: Seaking Duck|Hydro Pump|p2a: Iron Treads\n|-supereffective|p2a: Iron Treads\n|-damage|p2a: Iron Treads|0 fnt\n|faint|p2a: Iron Treads\n|-end|p2a: Iron Treads|Quark Drive|[silent]\n|-damage|p1a: Seaking Duck|74/100|[from] item: Life Orb\n|\n|-weather|RainDance|[upkeep]\n|upkeep\n|\n|t:|1771251570\n|switch|p2a: Ogerpon|Ogerpon, F|100/100\n|turn|17\n|\n|t:|1771251572\n|-terastallize|p2a: Ogerpon|Grass\n|detailschange|p2a: Ogerpon|Ogerpon-Teal-Tera, F, tera:Grass\n|-ability|p2a: Ogerpon|Embody Aspect (Teal)|boost\n|-boost|p2a: Ogerpon|spe|1\n|move|p1a: Seaking Duck|Ice Beam|p2a: Ogerpon\n|-supereffective|p2a: Ogerpon\n|-damage|p2a: Ogerpon|17/100\n|-damage|p1a: Seaking Duck|64/100|[from] item: Life Orb\n|move|p2a: Ogerpon|Ivy Cudgel|p1a: Seaking Duck\n|-supereffective|p1a: Seaking Duck\n|-crit|p1a: Seaking Duck\n|-damage|p1a: Seaking Duck|0 fnt\n|faint|p1a: Seaking Duck\n|\n|-weather|RainDance|[upkeep]\n|upkeep\n|\n|t:|1771251576\n|switch|p1a: ExSkewda Me|Barraskewda, F|84/100\n|-damage|p1a: ExSkewda Me|68/100|[from] Spikes\n|turn|18\n|\n|t:|1771251588\n|switch|p2a: Pecharunt|Pecharunt|90/100\n|move|p1a: ExSkewda Me|Liquidation|p2a: Pecharunt\n|-damage|p2a: Pecharunt|50/100\n|-damage|p1a: ExSkewda Me|51/100|[from] item: Rocky Helmet|[of] p2a: Pecharunt\n|\n|-weather|none\n|upkeep\n|turn|19\n|\n|t:|1771251593\n|switch|p1a: Really want eject|Pawmot, F|100/100\n|-damage|p1a: Really want eject|84/100|[from] Spikes\n|switch|p2a: Ogerpon|Ogerpon-Teal-Tera, F, tera:Grass|17/100\n|-ability|p2a: Ogerpon|Embody Aspect (Teal)|boost\n|-boost|p2a: Ogerpon|spe|1\n|\n|upkeep\n|turn|20\n|\n|t:|1771251600\n|switch|p1a: Ghoti carrier|Pelipper, L99, F|70/100 tox\n|-weather|RainDance|[from] ability: Drizzle|[of] p1a: Ghoti carrier\n|move|p2a: Ogerpon|Ivy Cudgel|p1a: Ghoti carrier\n|-damage|p1a: Ghoti carrier|0 fnt\n|faint|p1a: Ghoti carrier\n|\n|-weather|RainDance|[upkeep]\n|upkeep\n|\n|t:|1771251609\n|switch|p1a: ExSkewda Me|Barraskewda, F|51/100\n|-damage|p1a: ExSkewda Me|35/100|[from] Spikes\n|turn|21\n|\n|t:|1771251613\n|switch|p2a: Raging Bolt|Raging Bolt|92/100\n|move|p1a: ExSkewda Me|Flip Turn|p2a: Raging Bolt\n|-resisted|p2a: Raging Bolt\n|-damage|p2a: Raging Bolt|62/100\n|\n|t:|1771251615\n|switch|p1a: Really want eject|Pawmot, F|84/100|[from] Flip Turn\n|-damage|p1a: Really want eject|67/100|[from] Spikes\n|\n|-weather|RainDance|[upkeep]\n|upkeep\n|turn|22\n|\n|t:|1771251621\n|-end|p2a: Raging Bolt|Protosynthesis|[silent]\n|switch|p2a: Ogerpon|Ogerpon-Teal-Tera, F, tera:Grass|17/100\n|-ability|p2a: Ogerpon|Embody Aspect (Teal)|boost\n|-boost|p2a: Ogerpon|spe|1\n|-terastallize|p1a: Really want eject|Fairy\n|move|p1a: Really want eject|Revival Blessing|p1a: Really want eject\n|-enditem|p1a: Really want eject|Leppa Berry|[eat]\n|-activate|p1a: Really want eject|item: Leppa Berry|Revival Blessing|[consumed]\n|\n|t:|1771251626\n|-heal|p1: Seaking Duck|50/100|[from] move: Revival Blessing\n|\n|-weather|RainDance|[upkeep]\n|upkeep\n|turn|23\n|\n|t:|1771251629\n|switch|p1a: Spaghetti Too|Tentacruel, F|41/100\n|-damage|p1a: Spaghetti Too|24/100|[from] Spikes\n|move|p2a: Ogerpon|Ivy Cudgel|p1a: Spaghetti Too\n|-damage|p1a: Spaghetti Too|0 fnt\n|faint|p1a: Spaghetti Too\n|\n|-weather|RainDance|[upkeep]\n|upkeep\n|\n|t:|1771251632\n|switch|p1a: Seaking Duck|Golduck, F|50/100\n|-damage|p1a: Seaking Duck|34/100|[from] Spikes\n|turn|24\n|\n|t:|1771251645\n|switch|p2a: Pecharunt|Pecharunt|50/100\n|move|p1a: Seaking Duck|Ice Beam|p2a: Pecharunt\n|-damage|p2a: Pecharunt|15/100\n|-damage|p1a: Seaking Duck|24/100|[from] item: Life Orb\n|\n|-weather|RainDance|[upkeep]\n|upkeep\n|turn|25\n|\n|t:|1771251650\n|move|p1a: Seaking Duck|Ice Beam|p2a: Pecharunt\n|-damage|p2a: Pecharunt|0 fnt\n|faint|p2a: Pecharunt\n|-damage|p1a: Seaking Duck|14/100|[from] item: Life Orb\n|\n|-weather|RainDance|[upkeep]\n|upkeep\n|\n|t:|1771251653\n|switch|p2a: Raging Bolt|Raging Bolt|62/100\n|turn|26\n|inactive|CC Foot Soldier has 120 seconds left.\n|\n|t:|1771251686\n|move|p2a: Raging Bolt|Thunderclap|p1a: Seaking Duck\n|-supereffective|p1a: Seaking Duck\n|-damage|p1a: Seaking Duck|0 fnt\n|faint|p1a: Seaking Duck\n|\n|-weather|RainDance|[upkeep]\n|upkeep\n|\n|t:|1771251693\n|switch|p1a: Really want eject|Pawmot, F, tera:Fairy|67/100\n|-damage|p1a: Really want eject|51/100|[from] Spikes\n|turn|27\n|\n|t:|1771251707\n|-end|p2a: Raging Bolt|Protosynthesis|[silent]\n|switch|p2a: Ogerpon|Ogerpon-Teal-Tera, F, tera:Grass|17/100\n|-ability|p2a: Ogerpon|Embody Aspect (Teal)|boost\n|-boost|p2a: Ogerpon|spe|1\n|move|p1a: Really want eject|Nuzzle|p2a: Ogerpon\n|-resisted|p2a: Ogerpon\n|-damage|p2a: Ogerpon|12/100\n|-status|p2a: Ogerpon|par\n|\n|-weather|none\n|upkeep\n|turn|28\n|\n|t:|1771251713\n|move|p1a: Really want eject|Close Combat|p2a: Ogerpon\n|-damage|p2a: Ogerpon|0 fnt\n|-unboost|p1a: Really want eject|def|1\n|-unboost|p1a: Really want eject|spd|1\n|faint|p2a: Ogerpon\n|detailschange|p2: Ogerpon|Ogerpon, F|[silent]\n|\n|upkeep\n|c|☆CC Foot Soldier|gg\n|-message|CC Foot Soldier forfeited.\n|\n|win|RobinaAddMyPalFuwa\n|raw|RobinaAddMyPalFuwa's rating: 1720 &rarr; <strong>1738</strong><br />(+18 for winning)\n|raw|CC Foot Soldier's rating: 1685 &rarr; <strong>1667</strong><br />(-18 for losing)\n|l| le saintdoux\n|l|☆CC Foot Soldier\n|player|p2|\n", "uploadtime": 1771251889, "views": 5, "formatid": "gen9ou", "rating": 1667, "private": 0, "password": null}