{"id": "gen9ou-2647831983", "format": "[Gen 9] OU", "players": ["Inciter", "joy smile yay"], "log": "|j|☆Inciter\n|j|☆joy smile yay\n|t:|1783820449\n|gametype|singles\n|player|p1|Inciter|102|1130\n|player|p2|joy smile yay|kris|1148\n|gen|9\n|tier|[Gen 9] OU\n|rated|\n|rule|HP Percentage Mod: HP is shown in percentages\n|rule|Endless Battle Clause: Forcing endless battles is banned\n|rule|Species Clause: Limit one of each Pokémon\n|rule|OHKO Clause: OHKO moves are banned\n|rule|Evasion Items Clause: Evasion items are banned\n|rule|Evasion Moves Clause: Evasion moves are banned\n|rule|Evasion Abilities Clause: Evasion abilities are banned\n|rule|Sleep Moves Clause: Sleep-inducing moves are banned\n|clearpoke\n|poke|p1|Zapdos|\n|poke|p1|Ogerpon-Wellspring, F|\n|poke|p1|Kingambit, M|\n|poke|p1|Iron Moth|\n|poke|p1|Great Tusk|\n|poke|p1|Dragapult, M|\n|poke|p2|Ceruledge, M|\n|poke|p2|Ninetales, F|\n|poke|p2|Leavanny, M|\n|poke|p2|Great Tusk|\n|poke|p2|Lokix, M|\n|poke|p2|Walking Wake|\n|teampreview\n|inactive|Battle timer is ON: inactive players will automatically lose when time's up. (requested by Inciter)\n|\n|t:|1783820462\n|teamsize|p1|6\n|teamsize|p2|6\n|start\n|switch|p1a: Dragapult|Dragapult, M|100/100\n|switch|p2a: Ceruledge|Ceruledge, M|100/100\n|turn|1\n|inactive|Inciter has 120 seconds left.\n|\n|t:|1783820494\n|move|p2a: Ceruledge|Shadow Sneak|p1a: Dragapult\n|-supereffective|p1a: Dragapult\n|-damage|p1a: Dragapult|43/100\n|move|p1a: Dragapult|Shadow Ball|p2a: Ceruledge\n|-supereffective|p2a: Ceruledge\n|-enditem|p2a: Ceruledge|Focus Sash\n|-damage|p2a: Ceruledge|1/100\n|\n|upkeep\n|turn|2\n|\n|t:|1783820500\n|switch|p1a: Zapdos|Zapdos|100/100\n|move|p2a: Ceruledge|Shadow Sneak|p1a: Zapdos\n|-damage|p1a: Zapdos|72/100\n|\n|upkeep\n|turn|3\n|\n|t:|1783820518\n|move|p2a: Ceruledge|Shadow Sneak|p1a: Zapdos\n|-damage|p1a: Zapdos|44/100\n|move|p1a: Zapdos|Volt Switch|p2a: Ceruledge\n|-damage|p2a: Ceruledge|0 fnt\n|faint|p2a: Ceruledge\n|\n|t:|1783820523\n|switch|p1a: Ogerpon|Ogerpon-Wellspring, F|100/100|[from] Volt Switch\n|\n|upkeep\n|\n|t:|1783820537\n|switch|p2a: Ninetales|Ninetales, F|100/100\n|-weather|SunnyDay|[from] ability: Drought|[of] p2a: Ninetales\n|turn|4\n|\n|t:|1783820546\n|move|p1a: Ogerpon|Ivy Cudgel|p2a: Ninetales|[anim] Ivy Cudgel Water\n|-supereffective|p2a: Ninetales\n|-damage|p2a: Ninetales|32/100\n|move|p2a: Ninetales|Weather Ball|p1a: Ogerpon\n|-damage|p1a: Ogerpon|46/100\n|\n|-weather|SunnyDay|[upkeep]\n|upkeep\n|turn|5\n|\n|t:|1783820553\n|switch|p2a: Walking Wake|Walking Wake|100/100\n|-activate|p2a: Walking Wake|ability: Protosynthesis\n|-start|p2a: Walking Wake|protosynthesisspa\n|move|p1a: Ogerpon|Knock Off|p2a: Walking Wake\n|-damage|p2a: Walking Wake|56/100\n|-enditem|p2a: Walking Wake|Choice Specs|[from] move: Knock Off|[of] p1a: Ogerpon\n|\n|-weather|SunnyDay|[upkeep]\n|upkeep\n|turn|6\n|\n|t:|1783820566\n|switch|p1a: Dragapult|Dragapult, M|43/100\n|move|p2a: Walking Wake|Flamethrower|p1a: Dragapult\n|-resisted|p1a: Dragapult\n|-damage|p1a: Dragapult|0 fnt\n|faint|p1a: Dragapult\n|\n|-weather|SunnyDay|[upkeep]\n|upkeep\n|\n|t:|1783820572\n|switch|p1a: Zapdos|Zapdos|44/100\n|turn|7\n|\n|t:|1783820577\n|-end|p2a: Walking Wake|Protosynthesis|[silent]\n|switch|p2a: Great Tusk|Great Tusk|100/100\n|-activate|p2a: Great Tusk|ability: Protosynthesis\n|-start|p2a: Great Tusk|protosynthesisatk\n|move|p1a: Zapdos|Hurricane|p2a: Great Tusk|[miss]\n|-miss|p1a: Zapdos|p2a: Great Tusk\n|\n|-weather|SunnyDay|[upkeep]\n|upkeep\n|turn|8\n|\n|t:|1783820586\n|-terastallize|p2a: Great Tusk|Fire\n|move|p1a: Zapdos|Hurricane|p2a: Great Tusk\n|-damage|p2a: Great Tusk|18/100\n|-start|p2a: Great Tusk|confusion\n|-activate|p2a: Great Tusk|confusion\n|move|p2a: Great Tusk|Rapid Spin|p1a: Zapdos\n|-damage|p1a: Zapdos|15/100\n|-boost|p2a: Great Tusk|spe|1\n|-status|p2a: Great Tusk|par|[from] ability: Static|[of] p1a: Zapdos\n|\n|-weather|SunnyDay|[upkeep]\n|upkeep\n|turn|9\n|c|☆joy smile yay|bro\n|\n|t:|1783820598\n|move|p1a: Zapdos|Hurricane|p2a: Great Tusk\n|-damage|p2a: Great Tusk|0 fnt\n|faint|p2a: Great Tusk\n|-end|p2a: Great Tusk|Protosynthesis|[silent]\n|\n|-weather|SunnyDay|[upkeep]\n|upkeep\n|\n|t:|1783820604\n|switch|p2a: Lokix|Lokix, M|100/100\n|turn|10\n|\n|t:|1783820606\n|move|p2a: Lokix|Sucker Punch|p1a: Zapdos\n|-damage|p1a: Zapdos|0 fnt\n|faint|p1a: Zapdos\n|\n|-weather|SunnyDay|[upkeep]\n|upkeep\n|\n|t:|1783820609\n|switch|p1a: Iron Moth|Iron Moth|100/100\n|-enditem|p1a: Iron Moth|Booster Energy\n|-activate|p1a: Iron Moth|ability: Quark Drive|[fromitem]\n|-start|p1a: Iron Moth|quarkdrivespe\n|turn|11\n|\n|t:|1783820616\n|switch|p2a: Walking Wake|Walking Wake|56/100\n|-activate|p2a: Walking Wake|ability: Protosynthesis\n|-start|p2a: Walking Wake|protosynthesisspa\n|move|p1a: Iron Moth|Fiery Dance|p2a: Walking Wake\n|-resisted|p2a: Walking Wake\n|-damage|p2a: Walking Wake|37/100\n|\n|-weather|none\n|-end|p2a: Walking Wake|Protosynthesis\n|upkeep\n|turn|12\n|\n|t:|1783820624\n|move|p1a: Iron Moth|Sludge Wave|p2a: Walking Wake\n|-damage|p2a: Walking Wake|0 fnt\n|faint|p2a: Walking Wake\n|-end|p2a: Walking Wake|Protosynthesis|[silent]\n|\n|upkeep\n|\n|t:|1783820633\n|switch|p2a: Ninetales|Ninetales, F|32/100\n|-weather|SunnyDay|[from] ability: Drought|[of] p2a: Ninetales\n|turn|13\n|\n|t:|1783820638\n|move|p1a: Iron Moth|Fiery Dance|p2a: Ninetales\n|-resisted|p2a: Ninetales\n|-damage|p2a: Ninetales|3/100\n|move|p2a: Ninetales|Scorching Sands|p1a: Iron Moth\n|-supereffective|p1a: Iron Moth\n|-damage|p1a: Iron Moth|42/100\n|\n|-weather|SunnyDay|[upkeep]\n|upkeep\n|turn|14\n|\n|t:|1783820650\n|move|p1a: Iron Moth|Fiery Dance|p2a: Ninetales\n|-resisted|p2a: Ninetales\n|-damage|p2a: Ninetales|0 fnt\n|-boost|p1a: Iron Moth|spa|1\n|faint|p2a: Ninetales\n|\n|-weather|SunnyDay|[upkeep]\n|upkeep\n|\n|t:|1783820666\n|switch|p2a: Lokix|Lokix, M|100/100\n|turn|15\n|\n|t:|1783820678\n|move|p2a: Lokix|Sucker Punch|p1a: Iron Moth\n|-damage|p1a: Iron Moth|0 fnt\n|faint|p1a: Iron Moth\n|-end|p1a: Iron Moth|Quark Drive|[silent]\n|\n|-weather|SunnyDay|[upkeep]\n|upkeep\n|\n|t:|1783820680\n|switch|p1a: Great Tusk|Great Tusk|100/100\n|-activate|p1a: Great Tusk|ability: Protosynthesis\n|-start|p1a: Great Tusk|protosynthesisatk\n|turn|16\n|\n|t:|1783820686\n|move|p1a: Great Tusk|Rapid Spin|p2a: Lokix\n|-damage|p2a: Lokix|67/100\n|-boost|p1a: Great Tusk|spe|1\n|move|p2a: Lokix|Knock Off|p1a: Great Tusk\n|-resisted|p1a: Great Tusk\n|-damage|p1a: Great Tusk|67/100\n|-enditem|p1a: Great Tusk|Heavy-Duty Boots|[from] move: Knock Off|[of] p2a: Lokix\n|\n|-weather|SunnyDay|[upkeep]\n|upkeep\n|turn|17\n|\n|t:|1783820695\n|move|p2a: Lokix|Sucker Punch|p1a: Great Tusk\n|-resisted|p1a: Great Tusk\n|-damage|p1a: Great Tusk|41/100\n|move|p1a: Great Tusk|Rapid Spin|p2a: Lokix\n|-damage|p2a: Lokix|33/100\n|-boost|p1a: Great Tusk|spe|1\n|\n|-weather|SunnyDay|[upkeep]\n|upkeep\n|turn|18\n|\n|t:|1783820702\n|move|p2a: Lokix|Sucker Punch|p1a: Great Tusk\n|-resisted|p1a: Great Tusk\n|-damage|p1a: Great Tusk|15/100\n|move|p1a: Great Tusk|Rapid Spin|p2a: Lokix\n|-damage|p2a: Lokix|2/100\n|-boost|p1a: Great Tusk|spe|1\n|\n|-weather|SunnyDay|[upkeep]\n|upkeep\n|turn|19\n|\n|t:|1783820706\n|move|p2a: Lokix|Sucker Punch||[still]\n|-fail|p2a: Lokix\n|move|p1a: Great Tusk|Stealth Rock|p2a: Lokix\n|-sidestart|p2: joy smile yay|move: Stealth Rock\n|\n|-weather|SunnyDay|[upkeep]\n|upkeep\n|turn|20\n|\n|t:|1783820710\n|move|p2a: Lokix|Sucker Punch|p1a: Great Tusk\n|-resisted|p1a: Great Tusk\n|-damage|p1a: Great Tusk|0 fnt\n|faint|p1a: Great Tusk\n|-end|p1a: Great Tusk|Protosynthesis|[silent]\n|\n|-weather|none\n|upkeep\n|\n|t:|1783820713\n|switch|p1a: Kingambit|Kingambit, M|100/100\n|-activate|p1a: Kingambit|ability: Supreme Overlord\n|-start|p1a: Kingambit|fallen4|[silent]\n|turn|21\n|\n|t:|1783820731\n|move|p2a: Lokix|Sucker Punch|p1a: Kingambit\n|-resisted|p1a: Kingambit\n|-damage|p1a: Kingambit|72/100\n|move|p1a: Kingambit|Iron Head|p2a: Lokix\n|-damage|p2a: Lokix|0 fnt\n|faint|p2a: Lokix\n|\n|-heal|p1a: Kingambit|78/100|[from] item: Leftovers\n|upkeep\n|\n|t:|1783820741\n|switch|p2a: Leavanny|Leavanny, M|100/100\n|-damage|p2a: Leavanny|76/100|[from] Stealth Rock\n|turn|22\n|\n|t:|1783820766\n|-terastallize|p1a: Kingambit|Flying\n|move|p2a: Leavanny|Sticky Web|p1a: Kingambit\n|-sidestart|p1: Inciter|move: Sticky Web\n|move|p1a: Kingambit|Swords Dance|p1a: Kingambit\n|-boost|p1a: Kingambit|atk|2\n|\n|-heal|p1a: Kingambit|84/100|[from] item: Leftovers\n|upkeep\n|turn|23\n|\n|t:|1783820772\n|move|p2a: Leavanny|Triple Axel|p1a: Kingambit\n|-supereffective|p1a: Kingambit\n|-damage|p1a: Kingambit|74/100\n|-supereffective|p1a: Kingambit\n|-damage|p1a: Kingambit|54/100\n|-supereffective|p1a: Kingambit\n|-damage|p1a: Kingambit|23/100\n|-hitcount|p1a: Kingambit|3\n|move|p1a: Kingambit|Iron Head|p2a: Leavanny\n|-damage|p2a: Leavanny|0 fnt\n|faint|p2a: Leavanny\n|\n|win|Inciter\n|raw|Inciter's rating: 1130 &rarr; <strong>1156</strong><br />(+26 for winning)\n|raw|joy smile yay's rating: 1148 &rarr; <strong>1122</strong><br />(-26 for losing)\n|c|☆Inciter|gg\n|l|☆joy smile yay\n|player|p2|\n|l|☆Inciter\n|player|p1|\n", "uploadtime": 1783821119, "views": 5, "formatid": "gen9ou", "rating": 1122, "private": 0, "password": null}