{"id": "gen9ou-2647699105", "format": "[Gen 9] OU", "players": ["AngelPuppyBaby", "Breezy55"], "log": "|j|‽AngelPuppyBaby\n|j|☆Breezy55\n|t:|1783798212\n|gametype|singles\n|player|p1|AngelPuppyBaby|lass-gen4dp|1148\n|player|p2|Breezy55|266|1107\n|gen|9\n|tier|[Gen 9] OU\n|rated|\n|rule|HP Percentage Mod: HP is shown in percentages\n|rule|Endless Battle Clause: Forcing endless battles is banned\n|rule|Species Clause: Limit one of each Pokémon\n|rule|OHKO Clause: OHKO moves are banned\n|rule|Evasion Items Clause: Evasion items are banned\n|rule|Evasion Moves Clause: Evasion moves are banned\n|rule|Evasion Abilities Clause: Evasion abilities are banned\n|rule|Sleep Moves Clause: Sleep-inducing moves are banned\n|clearpoke\n|poke|p1|Dragonite, M|\n|poke|p1|Great Tusk|\n|poke|p1|Deoxys-Speed|\n|poke|p1|Gholdengo|\n|poke|p1|Zamazenta-*|\n|poke|p1|Iron Valiant|\n|poke|p2|Hitmonchan, M|\n|poke|p2|Kyurem|\n|poke|p2|Darkrai|\n|poke|p2|Gholdengo|\n|poke|p2|Landorus-Therian, M|\n|poke|p2|Iron Valiant|\n|teampreview\n|\n|t:|1783798224\n|teamsize|p1|6\n|teamsize|p2|6\n|start\n|switch|p1a: Deoxys|Deoxys-Speed|100/100\n|switch|p2a: Kyurem|Kyurem|100/100\n|-ability|p1a: Deoxys|Pressure\n|-ability|p2a: Kyurem|Pressure\n|turn|1\n|\n|t:|1783798231\n|move|p1a: Deoxys|Stealth Rock|p2a: Kyurem\n|-sidestart|p2: Breezy55|move: Stealth Rock\n|move|p2a: Kyurem|Ice Beam|p1a: Deoxys\n|-damage|p1a: Deoxys|10/100\n|\n|upkeep\n|turn|2\n|\n|t:|1783798237\n|move|p1a: Deoxys|Spikes|p2a: Kyurem\n|-sidestart|p2: Breezy55|Spikes\n|move|p2a: Kyurem|Ice Beam|p1a: Deoxys\n|-damage|p1a: Deoxys|0 fnt\n|faint|p1a: Deoxys\n|\n|upkeep\n|\n|t:|1783798251\n|switch|p1a: Gholdengo|Gholdengo|100/100\n|turn|3\n|\n|t:|1783798259\n|switch|p2a: Hitmonchan|Hitmonchan, M|100/100\n|-damage|p2a: Hitmonchan|95/100|[from] Stealth Rock\n|-damage|p2a: Hitmonchan|82/100|[from] Spikes\n|move|p1a: Gholdengo|Make It Rain|p2a: Hitmonchan\n|-damage|p2a: Hitmonchan|42/100\n|-unboost|p1a: Gholdengo|spa|1\n|\n|upkeep\n|turn|4\n|\n|t:|1783798270\n|switch|p1a: Great Tusk|Great Tusk|100/100\n|-enditem|p1a: Great Tusk|Booster Energy\n|-activate|p1a: Great Tusk|ability: Protosynthesis|[fromitem]\n|-start|p1a: Great Tusk|protosynthesisspe\n|move|p2a: Hitmonchan|Knock Off|p1a: Great Tusk\n|-resisted|p1a: Great Tusk\n|-crit|p1a: Great Tusk\n|-damage|p1a: Great Tusk|91/100\n|\n|upkeep\n|turn|5\n|\n|t:|1783798279\n|move|p1a: Great Tusk|Bulk Up|p1a: Great Tusk\n|-boost|p1a: Great Tusk|atk|1\n|-boost|p1a: Great Tusk|def|1\n|move|p2a: Hitmonchan|Drain Punch|p1a: Great Tusk\n|-damage|p1a: Great Tusk|72/100\n|-heal|p2a: Hitmonchan|56/100|[from] drain|[of] p1a: Great Tusk\n|\n|upkeep\n|turn|6\n|\n|t:|1783798309\n|move|p1a: Great Tusk|Headlong Rush|p2a: Hitmonchan\n|-damage|p2a: Hitmonchan|0 fnt\n|-unboost|p1a: Great Tusk|def|1\n|-unboost|p1a: Great Tusk|spd|1\n|faint|p2a: Hitmonchan\n|\n|upkeep\n|\n|t:|1783798316\n|switch|p2a: Gholdengo|Gholdengo|100/100\n|-damage|p2a: Gholdengo|94/100|[from] Stealth Rock\n|-item|p2a: Gholdengo|Air Balloon\n|turn|7\n|\n|t:|1783798335\n|-end|p1a: Great Tusk|Protosynthesis|[silent]\n|switch|p1a: Iron Valiant|Iron Valiant|100/100\n|-enditem|p1a: Iron Valiant|Booster Energy\n|-activate|p1a: Iron Valiant|ability: Quark Drive|[fromitem]\n|-start|p1a: Iron Valiant|quarkdrivespe\n|move|p2a: Gholdengo|Shadow Ball|p1a: Iron Valiant\n|-damage|p1a: Iron Valiant|22/100\n|\n|upkeep\n|turn|8\n|\n|t:|1783798348\n|move|p1a: Iron Valiant|Destiny Bond|p1a: Iron Valiant\n|-singlemove|p1a: Iron Valiant|Destiny Bond\n|move|p2a: Gholdengo|Shadow Ball|p1a: Iron Valiant\n|-damage|p1a: Iron Valiant|0 fnt\n|faint|p1a: Iron Valiant\n|-activate|p1a: Iron Valiant|move: Destiny Bond\n|-end|p1a: Iron Valiant|Quark Drive|[silent]\n|faint|p2a: Gholdengo\n|\n|upkeep\n|\n|t:|1783798364\n|switch|p1a: Gholdengo|Gholdengo|100/100\n|switch|p2a: Kyurem|Kyurem|100/100\n|-damage|p2a: Kyurem|76/100|[from] Stealth Rock\n|-damage|p2a: Kyurem|63/100|[from] Spikes\n|-ability|p2a: Kyurem|Pressure\n|turn|9\n|\n|t:|1783798373\n|move|p2a: Kyurem|Earth Power|p1a: Gholdengo\n|-supereffective|p1a: Gholdengo\n|-damage|p1a: Gholdengo|13/100\n|move|p1a: Gholdengo|Make It Rain|p2a: Kyurem\n|-supereffective|p2a: Kyurem\n|-damage|p2a: Kyurem|0 fnt\n|-unboost|p1a: Gholdengo|spa|1\n|faint|p2a: Kyurem\n|\n|upkeep\n|\n|t:|1783798382\n|switch|p2a: Darkrai|Darkrai|100/100\n|turn|10\n|-enditem|p1a: Gholdengo|Custap Berry|[eat]\n|-activate|p1a: Gholdengo|item: Custap Berry|[consumed]\n|\n|t:|1783798388\n|move|p1a: Gholdengo|Recover|p1a: Gholdengo\n|-heal|p1a: Gholdengo|63/100\n|move|p2a: Darkrai|Nasty Plot|p2a: Darkrai\n|-boost|p2a: Darkrai|spa|2\n|\n|upkeep\n|turn|11\n|\n|t:|1783798407\n|-terastallize|p1a: Gholdengo|Fairy\n|move|p2a: Darkrai|Nasty Plot|p2a: Darkrai\n|-boost|p2a: Darkrai|spa|2\n|move|p1a: Gholdengo|Make It Rain|p2a: Darkrai\n|-damage|p2a: Darkrai|51/100\n|-unboost|p1a: Gholdengo|spa|1\n|\n|upkeep\n|turn|12\n|\n|t:|1783798419\n|move|p2a: Darkrai|Sludge Bomb|p1a: Gholdengo\n|-supereffective|p1a: Gholdengo\n|-damage|p1a: Gholdengo|0 fnt\n|faint|p1a: Gholdengo\n|\n|upkeep\n|\n|t:|1783798424\n|switch|p1a: Dragonite|Dragonite, M|100/100\n|turn|13\n|\n|t:|1783798429\n|move|p1a: Dragonite|Extreme Speed|p2a: Darkrai\n|-damage|p2a: Darkrai|0 fnt\n|faint|p2a: Darkrai\n|-damage|p1a: Dragonite|91/100|[from] item: Life Orb\n|\n|upkeep\n|\n|t:|1783798435\n|switch|p2a: Iron Valiant|Iron Valiant|100/100\n|-damage|p2a: Iron Valiant|94/100|[from] Stealth Rock\n|-damage|p2a: Iron Valiant|82/100|[from] Spikes\n|-enditem|p2a: Iron Valiant|Booster Energy\n|-activate|p2a: Iron Valiant|ability: Quark Drive|[fromitem]\n|-start|p2a: Iron Valiant|quarkdrivespe\n|turn|14\n|\n|t:|1783798450\n|move|p1a: Dragonite|Extreme Speed|p2a: Iron Valiant\n|-damage|p2a: Iron Valiant|30/100\n|-damage|p1a: Dragonite|81/100|[from] item: Life Orb\n|move|p2a: Iron Valiant|Moonblast|p1a: Dragonite\n|-supereffective|p1a: Dragonite\n|-damage|p1a: Dragonite|0 fnt\n|faint|p1a: Dragonite\n|\n|upkeep\n|\n|t:|1783798453\n|switch|p1a: Zamazenta|Zamazenta|100/100\n|-ability|p1a: Zamazenta|Dauntless Shield|boost\n|-boost|p1a: Zamazenta|def|1\n|turn|15\n|\n|t:|1783798462\n|move|p2a: Iron Valiant|Moonblast|p1a: Zamazenta\n|-supereffective|p1a: Zamazenta\n|-crit|p1a: Zamazenta\n|-damage|p1a: Zamazenta|0 fnt\n|faint|p1a: Zamazenta\n|\n|upkeep\n|\n|t:|1783798464\n|switch|p1a: Great Tusk|Great Tusk|72/100\n|turn|16\n|\n|t:|1783798468\n|move|p2a: Iron Valiant|Moonblast|p1a: Great Tusk\n|-supereffective|p1a: Great Tusk\n|-damage|p1a: Great Tusk|0 fnt\n|faint|p1a: Great Tusk\n|-end|p1a: Great Tusk|Protosynthesis|[silent]\n|\n|win|Breezy55\n|raw|AngelPuppyBaby's rating: 1148 &rarr; <strong>1120</strong><br />(-28 for losing)\n|raw|Breezy55's rating: 1107 &rarr; <strong>1135</strong><br />(+28 for winning)\n|l|☆Breezy55\n|player|p2|\n|l|‽AngelPuppyBaby\n|player|p1|\n", "uploadtime": 1783798838, "views": 7, "formatid": "gen9ou", "rating": 1120, "private": 0, "password": null}