{"id": "gen9ou-2639249650", "format": "[Gen 9] OU", "players": ["wertnerve", "grgwrgwegwe"], "log": "|j|☆wertnerve\n|j|☆grgwrgwegwe\n|t:|1782440362\n|gametype|singles\n|player|p1|wertnerve|shauntal|1188\n|player|p2|grgwrgwegwe|nurse|1223\n|gen|9\n|tier|[Gen 9] OU\n|rated|\n|rule|HP Percentage Mod: HP is shown in percentages\n|rule|Endless Battle Clause: Forcing endless battles is banned\n|rule|Species Clause: Limit one of each Pokémon\n|rule|OHKO Clause: OHKO moves are banned\n|rule|Evasion Items Clause: Evasion items are banned\n|rule|Evasion Moves Clause: Evasion moves are banned\n|rule|Evasion Abilities Clause: Evasion abilities are banned\n|rule|Sleep Moves Clause: Sleep-inducing moves are banned\n|clearpoke\n|poke|p1|Glaceon, F|\n|poke|p1|Slowking-Galar, M|\n|poke|p1|Ninetales-Alola, M|\n|poke|p1|Glastrier|\n|poke|p1|Quaquaval, M|\n|poke|p1|Blaziken, M|\n|poke|p2|Typhlosion-Hisui, F|\n|poke|p2|Magnezone|\n|poke|p2|Squawkabilly-Yellow, M|\n|poke|p2|Sylveon, F|\n|poke|p2|Slaking, M|\n|poke|p2|Great Tusk|\n|teampreview\n|inactive|Battle timer is ON: inactive players will automatically lose when time's up. (requested by grgwrgwegwe)\n|\n|t:|1782440379\n|teamsize|p1|6\n|teamsize|p2|6\n|start\n|switch|p1a: Quaquaval|Quaquaval, M|100/100\n|switch|p2a: Squawkabilly|Squawkabilly-Yellow, M, shiny|100/100\n|turn|1\n|\n|t:|1782440385\n|switch|p1a: Ninetales|Ninetales-Alola, M|100/100\n|-weather|Snowscape|[from] ability: Snow Warning|[of] p1a: Ninetales\n|move|p2a: Squawkabilly|Brave Bird|p1a: Ninetales\n|-damage|p1a: Ninetales|42/100\n|-damage|p2a: Squawkabilly|86/100|[from] Recoil\n|\n|-weather|Snowscape|[upkeep]\n|upkeep\n|turn|2\n|\n|t:|1782440398\n|move|p2a: Squawkabilly|Brave Bird|p1a: Ninetales\n|-damage|p1a: Ninetales|0 fnt\n|faint|p1a: Ninetales\n|-damage|p2a: Squawkabilly|75/100|[from] Recoil\n|\n|-weather|Snowscape|[upkeep]\n|upkeep\n|\n|t:|1782440405\n|switch|p1a: Slowking|Slowking-Galar, M|100/100\n|turn|3\n|\n|t:|1782440409\n|switch|p2a: Zlurp|Magnezone|100/100\n|move|p1a: Slowking|Trick Room|p1a: Slowking\n|-fieldstart|move: Trick Room|[of] p1a: Slowking\n|\n|-weather|Snowscape|[upkeep]\n|upkeep\n|turn|4\n|\n|t:|1782440418\n|-prepare|p1a: Slowking|Chilly Reception|[premajor]\n|move|p1a: Slowking|Chilly Reception|p1a: Slowking\n|\n|t:|1782440419\n|switch|p1a: Glastrier|Glastrier|100/100|[from] Chilly Reception\n|move|p2a: Zlurp|Discharge|p1a: Glastrier\n|-damage|p1a: Glastrier|23/100\n|\n|-weather|Snowscape|[upkeep]\n|upkeep\n|turn|5\n|\n|t:|1782440431\n|switch|p2a: Squawkabilly|Squawkabilly-Yellow, M, shiny|75/100\n|move|p1a: Glastrier|High Horsepower|p2a: Squawkabilly\n|-immune|p2a: Squawkabilly\n|\n|-weather|none\n|upkeep\n|turn|6\n|\n|t:|1782440440\n|switch|p2a: Zlurp|Magnezone|100/100\n|move|p1a: Glastrier|Icicle Crash|p2a: Zlurp\n|-resisted|p2a: Zlurp\n|-damage|p2a: Zlurp|75/100\n|\n|upkeep\n|turn|7\n|\n|t:|1782440443\n|switch|p2a: Squawkabilly|Squawkabilly-Yellow, M, shiny|75/100\n|move|p1a: Glastrier|Close Combat|p2a: Squawkabilly\n|-damage|p2a: Squawkabilly|0 fnt\n|-unboost|p1a: Glastrier|def|1\n|-unboost|p1a: Glastrier|spd|1\n|faint|p2a: Squawkabilly\n|-ability|p1a: Glastrier|Chilling Neigh|boost\n|-boost|p1a: Glastrier|atk|1\n|\n|-fieldend|move: Trick Room\n|upkeep\n|\n|t:|1782440447\n|switch|p2a: Typhlosion|Typhlosion-Hisui, F, shiny|100/100\n|-item|p1a: Glastrier|Wide Lens|[from] ability: Frisk|[of] p2a: Typhlosion\n|turn|8\n|\n|t:|1782440463\n|switch|p1a: Quaquaval|Quaquaval, M|100/100\n|move|p2a: Typhlosion|Eruption|p1a: Quaquaval\n|-resisted|p1a: Quaquaval\n|-damage|p1a: Quaquaval|70/100\n|\n|upkeep\n|turn|9\n|\n|t:|1782440466\n|switch|p2a: >.*{|Slaking, M|100/100\n|move|p1a: Quaquaval|Aqua Step|p2a: >.*{\n|-damage|p2a: >.*{|68/100\n|-boost|p1a: Quaquaval|spe|1\n|\n|upkeep\n|turn|10\n|\n|t:|1782440485\n|-terastallize|p1a: Quaquaval|Dark\n|move|p1a: Quaquaval|Knock Off|p2a: >.*{\n|-damage|p2a: >.*{|25/100\n|-enditem|p2a: >.*{|Choice Band|[from] move: Knock Off|[of] p1a: Quaquaval\n|move|p2a: >.*{|Mega Kick|p1a: Quaquaval|[miss]\n|-miss|p2a: >.*{|p1a: Quaquaval\n|\n|upkeep\n|turn|11\n|\n|t:|1782440494\n|move|p1a: Quaquaval|Aqua Step|p2a: >.*{\n|-damage|p2a: >.*{|0 fnt\n|-boost|p1a: Quaquaval|spe|1\n|faint|p2a: >.*{\n|-ability|p1a: Quaquaval|Moxie|boost\n|-boost|p1a: Quaquaval|atk|1\n|\n|upkeep\n|\n|t:|1782440501\n|switch|p2a: Uno Reverse|Great Tusk|100/100\n|-enditem|p2a: Uno Reverse|Booster Energy\n|-activate|p2a: Uno Reverse|ability: Protosynthesis|[fromitem]\n|-start|p2a: Uno Reverse|protosynthesisspe\n|turn|12\n|\n|t:|1782440510\n|-terastallize|p2a: Uno Reverse|Dark\n|move|p1a: Quaquaval|Aqua Step|p2a: Uno Reverse\n|-damage|p2a: Uno Reverse|60/100\n|-boost|p1a: Quaquaval|spe|1\n|move|p2a: Uno Reverse|Body Press|p1a: Quaquaval\n|-supereffective|p1a: Quaquaval\n|-damage|p1a: Quaquaval|0 fnt\n|faint|p1a: Quaquaval\n|\n|upkeep\n|\n|t:|1782440522\n|switch|p1a: Slowking|Slowking-Galar, M|100/100\n|turn|13\n|\n|t:|1782440525\n|move|p2a: Uno Reverse|Knock Off|p1a: Slowking\n|-supereffective|p1a: Slowking\n|-damage|p1a: Slowking|24/100\n|-enditem|p1a: Slowking|Icy Rock|[from] move: Knock Off|[of] p2a: Uno Reverse\n|move|p1a: Slowking|Trick Room|p1a: Slowking\n|-fieldstart|move: Trick Room|[of] p1a: Slowking\n|\n|upkeep\n|turn|14\n|\n|t:|1782440539\n|-prepare|p1a: Slowking|Chilly Reception|[premajor]\n|move|p1a: Slowking|Chilly Reception|p1a: Slowking\n|-weather|Snowscape\n|\n|t:|1782440546\n|switch|p1a: Glastrier|Glastrier|23/100|[from] Chilly Reception\n|move|p2a: Uno Reverse|Bulk Up|p2a: Uno Reverse\n|-boost|p2a: Uno Reverse|atk|1\n|-boost|p2a: Uno Reverse|def|1\n|\n|-weather|Snowscape|[upkeep]\n|upkeep\n|turn|15\n|\n|t:|1782440551\n|move|p1a: Glastrier|Close Combat|p2a: Uno Reverse\n|-supereffective|p2a: Uno Reverse\n|-crit|p2a: Uno Reverse\n|-damage|p2a: Uno Reverse|0 fnt\n|-unboost|p1a: Glastrier|def|1\n|-unboost|p1a: Glastrier|spd|1\n|faint|p2a: Uno Reverse\n|-end|p2a: Uno Reverse|Protosynthesis|[silent]\n|-ability|p1a: Glastrier|Chilling Neigh|boost\n|-boost|p1a: Glastrier|atk|1\n|\n|-weather|Snowscape|[upkeep]\n|upkeep\n|\n|t:|1782440563\n|switch|p2a: Jbai|Sylveon, F|100/100\n|turn|16\n|\n|t:|1782440565\n|switch|p2a: Zlurp|Magnezone|75/100\n|move|p1a: Glastrier|Icicle Crash|p2a: Zlurp\n|-resisted|p2a: Zlurp\n|-damage|p2a: Zlurp|43/100\n|\n|-weather|Snowscape|[upkeep]\n|upkeep\n|turn|17\n|\n|t:|1782440576\n|move|p1a: Glastrier|High Horsepower|p2a: Zlurp\n|-supereffective|p2a: Zlurp\n|-damage|p2a: Zlurp|0 fnt\n|faint|p2a: Zlurp\n|-ability|p1a: Glastrier|Chilling Neigh|boost\n|-boost|p1a: Glastrier|atk|1\n|\n|-weather|Snowscape|[upkeep]\n|-fieldend|move: Trick Room\n|upkeep\n|\n|t:|1782440577\n|switch|p2a: Jbai|Sylveon, F|100/100\n|turn|18\n|\n|t:|1782440582\n|switch|p1a: Slowking|Slowking-Galar, M|57/100\n|move|p2a: Jbai|Shadow Ball|p1a: Slowking\n|-supereffective|p1a: Slowking\n|-damage|p1a: Slowking|0 fnt\n|faint|p1a: Slowking\n|\n|-weather|none\n|upkeep\n|\n|t:|1782440597\n|switch|p1a: Blaziken|Blaziken, M, shiny|100/100\n|turn|19\n|\n|t:|1782440599\n|switch|p2a: Typhlosion|Typhlosion-Hisui, F, shiny|100/100\n|-item|p1a: Blaziken|Scope Lens|[from] ability: Frisk|[of] p2a: Typhlosion\n|move|p1a: Blaziken|Focus Energy|p1a: Blaziken\n|-start|p1a: Blaziken|move: Focus Energy\n|\n|-ability|p1a: Blaziken|Speed Boost|boost\n|-boost|p1a: Blaziken|spe|1\n|upkeep\n|turn|20\n|\n|t:|1782440605\n|move|p2a: Typhlosion|Shadow Ball|p1a: Blaziken\n|-damage|p1a: Blaziken|48/100\n|move|p1a: Blaziken|Stone Edge|p2a: Typhlosion|[miss]\n|-miss|p1a: Blaziken|p2a: Typhlosion\n|\n|-ability|p1a: Blaziken|Speed Boost|boost\n|-boost|p1a: Blaziken|spe|1\n|upkeep\n|turn|21\n|\n|t:|1782440609\n|move|p2a: Typhlosion|Shadow Ball|p1a: Blaziken\n|-damage|p1a: Blaziken|0 fnt\n|faint|p1a: Blaziken\n|\n|upkeep\n|\n|t:|1782440623\n|switch|p1a: Glastrier|Glastrier|23/100\n|turn|22\n|\n|t:|1782440625\n|switch|p2a: Jbai|Sylveon, F|100/100\n|move|p1a: Glastrier|High Horsepower|p2a: Jbai\n|-damage|p2a: Jbai|61/100\n|\n|upkeep\n|turn|23\n|\n|t:|1782440628\n|move|p2a: Jbai|Hyper Voice|p1a: Glastrier\n|-damage|p1a: Glastrier|0 fnt\n|faint|p1a: Glastrier\n|\n|upkeep\n|\n|t:|1782440630\n|switch|p1a: Vaporeoñ|Glaceon, F, shiny|100/100\n|turn|24\n|\n|t:|1782440635\n|move|p2a: Jbai|Hyper Voice|p1a: Vaporeoñ\n|-damage|p1a: Vaporeoñ|0 fnt\n|faint|p1a: Vaporeoñ\n|\n|win|grgwrgwegwe\n|raw|wertnerve's rating: 1188 &rarr; <strong>1166</strong><br />(-22 for losing)\n|raw|grgwrgwegwe's rating: 1223 &rarr; <strong>1245</strong><br />(+22 for winning)\n|l|☆grgwrgwegwe\n|player|p2|\n|n|☆wertnerve@!|wertnerve\n|n|☆wertnerve|wertnerve\n", "uploadtime": 1782440987, "views": 7, "formatid": "gen9ou", "rating": 1166, "private": 0, "password": null}