{"id": "gen9ou-2540664047", "format": "[Gen 9] OU", "players": ["STYROFOAMS & MULAH", "oehtwashere"], "log": "|j|☆STYROFOAMS & MULAH\n|j|‽oehtwashere\n|t:|1771236507\n|gametype|singles\n|player|p1|STYROFOAMS & MULAH|pokemonbreederf-gen4|1734\n|player|p2|oehtwashere|ryuki|1788\n|gen|9\n|tier|[Gen 9] OU\n|rated|\n|rule|HP Percentage Mod: HP is shown in percentages\n|rule|Endless Battle Clause: Forcing endless battles is banned\n|rule|Species Clause: Limit one of each Pokémon\n|rule|OHKO Clause: OHKO moves are banned\n|rule|Evasion Items Clause: Evasion items are banned\n|rule|Evasion Moves Clause: Evasion moves are banned\n|rule|Evasion Abilities Clause: Evasion abilities are banned\n|rule|Sleep Moves Clause: Sleep-inducing moves are banned\n|clearpoke\n|poke|p1|Kyurem|\n|poke|p1|Corviknight, M|\n|poke|p1|Ting-Lu|\n|poke|p1|Dondozo, F|\n|poke|p1|Slowking-Galar, F|\n|poke|p1|Cinderace, F|\n|poke|p2|Zapdos-Galar|\n|poke|p2|Ninetales-Alola, M|\n|poke|p2|Hoopa-Unbound|\n|poke|p2|Raging Bolt|\n|poke|p2|Glimmora, F|\n|poke|p2|Iron Moth|\n|teampreview\n|inactive|Battle timer is ON: inactive players will automatically lose when time's up. (requested by oehtwashere)\n|\n|t:|1771236521\n|teamsize|p1|6\n|teamsize|p2|6\n|start\n|switch|p1a: Dondozo|Dondozo, F|100/100\n|switch|p2a: Glimmora|Glimmora, F|100/100\n|turn|1\n|\n|t:|1771236523\n|move|p2a: Glimmora|Stealth Rock|p1a: Dondozo\n|-sidestart|p1: STYROFOAMS & MULAH|move: Stealth Rock\n|move|p1a: Dondozo|Waterfall|p2a: Glimmora\n|-supereffective|p2a: Glimmora\n|-damage|p2a: Glimmora|39/100\n|-activate|p2a: Glimmora|ability: Toxic Debris\n|-sidestart|p1: STYROFOAMS & MULAH|move: Toxic Spikes\n|\n|upkeep\n|turn|2\n|\n|t:|1771236528\n|move|p2a: Glimmora|Meteor Beam||[still]\n|-prepare|p2a: Glimmora|Meteor Beam\n|-boost|p2a: Glimmora|spa|1\n|-enditem|p2a: Glimmora|Power Herb\n|-anim|p2a: Glimmora|Meteor Beam|p1a: Dondozo\n|-crit|p1a: Dondozo\n|-damage|p1a: Dondozo|37/100\n|move|p1a: Dondozo|Waterfall|p2a: Glimmora\n|-supereffective|p2a: Glimmora\n|-damage|p2a: Glimmora|0 fnt\n|-activate|p2a: Glimmora|ability: Toxic Debris\n|-sidestart|p1: STYROFOAMS & MULAH|move: Toxic Spikes\n|faint|p2a: Glimmora\n|\n|-heal|p1a: Dondozo|43/100|[from] item: Leftovers\n|upkeep\n|\n|t:|1771236534\n|switch|p2a: Hoopa|Hoopa-Unbound|100/100\n|turn|3\n|\n|t:|1771236540\n|move|p2a: Hoopa|Nasty Plot|p2a: Hoopa\n|-boost|p2a: Hoopa|spa|2\n|move|p1a: Dondozo|Waterfall|p2a: Hoopa\n|-damage|p2a: Hoopa|52/100\n|\n|-heal|p1a: Dondozo|50/100|[from] item: Leftovers\n|upkeep\n|turn|4\n|\n|t:|1771236543\n|move|p2a: Hoopa|Dark Pulse|p1a: Dondozo\n|-damage|p1a: Dondozo|18/100\n|move|p1a: Dondozo|Waterfall|p2a: Hoopa\n|-crit|p2a: Hoopa\n|-damage|p2a: Hoopa|0 fnt\n|faint|p2a: Hoopa\n|\n|-heal|p1a: Dondozo|25/100|[from] item: Leftovers\n|upkeep\n|\n|t:|1771236553\n|switch|p2a: Zapdos|Zapdos-Galar|100/100\n|turn|5\n|\n|t:|1771236556\n|move|p2a: Zapdos|Brave Bird|p1a: Dondozo\n|-damage|p1a: Dondozo|0 fnt\n|faint|p1a: Dondozo\n|-damage|p2a: Zapdos|90/100|[from] Recoil\n|\n|-heal|p2a: Zapdos|96/100|[from] item: Leftovers\n|upkeep\n|\n|t:|1771236561\n|switch|p1a: Cinderace|Cinderace, F|100/100\n|turn|6\n|\n|t:|1771236568\n|switch|p2a: Iron Moth|Iron Moth|100/100\n|-enditem|p2a: Iron Moth|Booster Energy\n|-activate|p2a: Iron Moth|ability: Quark Drive|[fromitem]\n|-start|p2a: Iron Moth|quarkdrivespe\n|move|p1a: Cinderace|Will-O-Wisp|p2a: Iron Moth\n|-immune|p2a: Iron Moth\n|\n|upkeep\n|turn|7\n|\n|t:|1771236570\n|move|p2a: Iron Moth|Sludge Wave|p1a: Cinderace\n|-damage|p1a: Cinderace|39/100\n|move|p1a: Cinderace|Court Change|p1a: Cinderace\n|-swapsideconditions\n|-activate|p1a: Cinderace|move: Court Change\n|\n|upkeep\n|turn|8\n|\n|t:|1771236574\n|switch|p1a: Ting-Lu|Ting-Lu|100/100\n|-ability|p1a: Ting-Lu|Vessel of Ruin\n|move|p2a: Iron Moth|Fiery Dance|p1a: Ting-Lu\n|-damage|p1a: Ting-Lu|84/100\n|-boost|p2a: Iron Moth|spa|1\n|\n|-heal|p1a: Ting-Lu|90/100|[from] item: Leftovers\n|upkeep\n|turn|9\n|\n|t:|1771236590\n|move|p2a: Iron Moth|Energy Ball|p1a: Ting-Lu\n|-supereffective|p1a: Ting-Lu\n|-damage|p1a: Ting-Lu|53/100\n|move|p1a: Ting-Lu|Earthquake|p2a: Iron Moth\n|-supereffective|p2a: Iron Moth\n|-damage|p2a: Iron Moth|0 fnt\n|faint|p2a: Iron Moth\n|-end|p2a: Iron Moth|Quark Drive|[silent]\n|\n|-heal|p1a: Ting-Lu|59/100|[from] item: Leftovers\n|upkeep\n|inactive|oehtwashere has 120 seconds left.\n|\n|t:|1771236611\n|switch|p2a: Ninetales|Ninetales-Alola, M|100/100\n|-damage|p2a: Ninetales|76/100|[from] Stealth Rock\n|-status|p2a: Ninetales|tox\n|-weather|Snowscape|[from] ability: Snow Warning|[of] p2a: Ninetales\n|turn|10\n|\n|t:|1771236615\n|move|p2a: Ninetales|Aurora Veil|p2a: Ninetales\n|-sidestart|p2: oehtwashere|move: Aurora Veil\n|move|p1a: Ting-Lu|Rest|p1a: Ting-Lu\n|-status|p1a: Ting-Lu|slp|[from] move: Rest\n|-heal|p1a: Ting-Lu|100/100 slp|[silent]\n|\n|-weather|Snowscape|[upkeep]\n|-damage|p2a: Ninetales|70/100 tox|[from] psn\n|upkeep\n|turn|11\n|\n|t:|1771236619\n|switch|p2a: Zapdos|Zapdos-Galar|96/100\n|-damage|p2a: Zapdos|84/100|[from] Stealth Rock\n|switch|p1a: Slowking|Slowking-Galar, F|100/100\n|\n|-weather|Snowscape|[upkeep]\n|-heal|p2a: Zapdos|90/100|[from] item: Leftovers\n|upkeep\n|turn|12\n|\n|t:|1771236622\n|move|p2a: Zapdos|Substitute|p2a: Zapdos\n|-start|p2a: Zapdos|Substitute\n|-damage|p2a: Zapdos|65/100\n|move|p1a: Slowking|Sludge Bomb|p2a: Zapdos\n|-activate|p2a: Zapdos|move: Substitute|[damage]\n|\n|-weather|Snowscape|[upkeep]\n|-heal|p2a: Zapdos|71/100|[from] item: Leftovers\n|upkeep\n|turn|13\n|\n|t:|1771236625\n|move|p2a: Zapdos|Bulk Up|p2a: Zapdos\n|-boost|p2a: Zapdos|atk|1\n|-boost|p2a: Zapdos|def|1\n|move|p1a: Slowking|Ice Beam|p2a: Zapdos\n|-supereffective|p2a: Zapdos\n|-end|p2a: Zapdos|Substitute\n|\n|-weather|Snowscape|[upkeep]\n|-heal|p2a: Zapdos|77/100|[from] item: Leftovers\n|upkeep\n|turn|14\n|\n|t:|1771236632\n|move|p2a: Zapdos|Substitute|p2a: Zapdos\n|-start|p2a: Zapdos|Substitute\n|-damage|p2a: Zapdos|52/100\n|move|p1a: Slowking|Ice Beam|p2a: Zapdos\n|-supereffective|p2a: Zapdos\n|-activate|p2a: Zapdos|move: Substitute|[damage]\n|\n|-weather|none\n|-heal|p2a: Zapdos|58/100|[from] item: Leftovers\n|upkeep\n|turn|15\n|\n|t:|1771236635\n|move|p2a: Zapdos|Thunderous Kick|p1a: Slowking\n|-resisted|p1a: Slowking\n|-crit|p1a: Slowking\n|-damage|p1a: Slowking|87/100\n|-unboost|p1a: Slowking|def|1\n|move|p1a: Slowking|Ice Beam|p2a: Zapdos\n|-supereffective|p2a: Zapdos\n|-end|p2a: Zapdos|Substitute\n|\n|-heal|p2a: Zapdos|64/100|[from] item: Leftovers\n|upkeep\n|turn|16\n|\n|t:|1771236639\n|move|p2a: Zapdos|Substitute|p2a: Zapdos\n|-start|p2a: Zapdos|Substitute\n|-damage|p2a: Zapdos|39/100\n|move|p1a: Slowking|Ice Beam|p2a: Zapdos\n|-supereffective|p2a: Zapdos\n|-activate|p2a: Zapdos|move: Substitute|[damage]\n|\n|-heal|p2a: Zapdos|45/100|[from] item: Leftovers\n|upkeep\n|turn|17\n|\n|t:|1771236642\n|move|p2a: Zapdos|Brave Bird|p1a: Slowking\n|-damage|p1a: Slowking|8/100\n|-damage|p2a: Zapdos|19/100|[from] Recoil\n|move|p1a: Slowking|Ice Beam|p2a: Zapdos\n|-supereffective|p2a: Zapdos\n|-end|p2a: Zapdos|Substitute\n|\n|-heal|p2a: Zapdos|25/100|[from] item: Leftovers\n|-sideend|p2: oehtwashere|move: Aurora Veil\n|upkeep\n|turn|18\n|\n|t:|1771236647\n|move|p2a: Zapdos|Thunderous Kick|p1a: Slowking\n|-resisted|p1a: Slowking\n|-damage|p1a: Slowking|0 fnt\n|faint|p1a: Slowking\n|\n|-heal|p2a: Zapdos|31/100|[from] item: Leftovers\n|upkeep\n|\n|t:|1771236649\n|switch|p1a: Corviknight|Corviknight, M|100/100\n|-ability|p1a: Corviknight|Pressure\n|turn|19\n|\n|t:|1771236657\n|move|p2a: Zapdos|Thunderous Kick|p1a: Corviknight\n|-damage|p1a: Corviknight|67/100\n|-unboost|p1a: Corviknight|def|1\n|-damage|p2a: Zapdos|14/100|[from] item: Rocky Helmet|[of] p1a: Corviknight\n|move|p1a: Corviknight|Brave Bird|p2a: Zapdos\n|-supereffective|p2a: Zapdos\n|-damage|p2a: Zapdos|0 fnt\n|faint|p2a: Zapdos\n|-damage|p1a: Corviknight|63/100|[from] Recoil\n|\n|upkeep\n|\n|t:|1771236664\n|switch|p2a: Ninetales|Ninetales-Alola, M|70/100 tox\n|-damage|p2a: Ninetales|45/100 tox|[from] Stealth Rock\n|-weather|Snowscape|[from] ability: Snow Warning|[of] p2a: Ninetales\n|turn|20\n|\n|t:|1771236667\n|move|p2a: Ninetales|Aurora Veil|p2a: Ninetales\n|-sidestart|p2: oehtwashere|move: Aurora Veil\n|move|p1a: Corviknight|Roost|p1a: Corviknight\n|-heal|p1a: Corviknight|100/100\n|-singleturn|p1a: Corviknight|move: Roost\n|\n|-weather|Snowscape|[upkeep]\n|-damage|p2a: Ninetales|39/100 tox|[from] psn\n|upkeep\n|turn|21\n|\n|t:|1771236669\n|move|p2a: Ninetales|Freeze-Dry|p1a: Corviknight\n|-damage|p1a: Corviknight|81/100\n|move|p1a: Corviknight|U-turn|p2a: Ninetales\n|-resisted|p2a: Ninetales\n|-damage|p2a: Ninetales|36/100 tox\n|\n|t:|1771236678\n|switch|p1a: Kyurem|Kyurem|100/100|[from] U-turn\n|-ability|p1a: Kyurem|Pressure\n|\n|-weather|Snowscape|[upkeep]\n|-damage|p2a: Ninetales|24/100 tox|[from] psn\n|upkeep\n|turn|22\n|\n|t:|1771236684\n|move|p1a: Kyurem|Protect|p1a: Kyurem\n|-singleturn|p1a: Kyurem|Protect\n|move|p2a: Ninetales|Freeze-Dry|p1a: Kyurem\n|-activate|p1a: Kyurem|move: Protect\n|\n|-weather|Snowscape|[upkeep]\n|-damage|p2a: Ninetales|6/100 tox|[from] psn\n|upkeep\n|turn|23\n|\n|t:|1771236686\n|move|p2a: Ninetales|Encore|p1a: Kyurem\n|-start|p1a: Kyurem|Encore\n|move|p1a: Kyurem|Protect||[still]\n|-fail|p1a: Kyurem\n|\n|-weather|Snowscape|[upkeep]\n|-damage|p2a: Ninetales|0 fnt|[from] psn\n|faint|p2a: Ninetales\n|upkeep\n|\n|t:|1771236687\n|switch|p2a: Raging Bolt|Raging Bolt|100/100\n|-damage|p2a: Raging Bolt|88/100|[from] Stealth Rock\n|-status|p2a: Raging Bolt|tox\n|-enditem|p2a: Raging Bolt|Booster Energy\n|-activate|p2a: Raging Bolt|ability: Protosynthesis|[fromitem]\n|-start|p2a: Raging Bolt|protosynthesisspa\n|turn|24\n|\n|t:|1771236690\n|switch|p1a: Ting-Lu|Ting-Lu|100/100 slp\n|-ability|p1a: Ting-Lu|Vessel of Ruin\n|move|p2a: Raging Bolt|Calm Mind|p2a: Raging Bolt\n|-boost|p2a: Raging Bolt|spa|1\n|-boost|p2a: Raging Bolt|spd|1\n|\n|-weather|none\n|-damage|p2a: Raging Bolt|82/100 tox|[from] psn\n|upkeep\n|turn|25\n|\n|t:|1771236696\n|move|p2a: Raging Bolt|Dragon Pulse|p1a: Ting-Lu\n|-damage|p1a: Ting-Lu|63/100 slp\n|cant|p1a: Ting-Lu|slp\n|move|p1a: Ting-Lu|Sleep Talk|p1a: Ting-Lu\n|move|p1a: Ting-Lu|Payback|p2a: Raging Bolt|[from] move: Sleep Talk\n|-damage|p2a: Raging Bolt|64/100 tox\n|\n|-heal|p1a: Ting-Lu|69/100 slp|[from] item: Leftovers\n|-damage|p2a: Raging Bolt|52/100 tox|[from] psn\n|upkeep\n|turn|26\n|\n|t:|1771236699\n|move|p2a: Raging Bolt|Dragon Pulse|p1a: Ting-Lu\n|-damage|p1a: Ting-Lu|28/100 slp\n|cant|p1a: Ting-Lu|slp\n|move|p1a: Ting-Lu|Sleep Talk|p1a: Ting-Lu\n|move|p1a: Ting-Lu|Earthquake|p2a: Raging Bolt|[from] move: Sleep Talk\n|-supereffective|p2a: Raging Bolt\n|-crit|p2a: Raging Bolt\n|-damage|p2a: Raging Bolt|0 fnt\n|faint|p2a: Raging Bolt\n|-end|p2a: Raging Bolt|Protosynthesis|[silent]\n|\n|win|STYROFOAMS & MULAH\n|raw|STYROFOAMS &amp; MULAH's rating: 1734 &rarr; <strong>1757</strong><br />(+23 for winning)\n|raw|oehtwashere's rating: 1788 &rarr; <strong>1765</strong><br />(-23 for losing)\n|l|‽oehtwashere\n|player|p2|\n|l|☆STYROFOAMS & MULAH\n|player|p1|\n", "uploadtime": 1771236904, "views": 9, "formatid": "gen9ou", "rating": 1757, "private": 0, "password": null}