{"id": "gen9ou-2639928219", "format": "[Gen 9] OU", "players": ["anamchara", "Blood soaked fangs"], "log": "|j|☆anamchara\n|j|‽Blood soaked fangs\n|t:|1782545492\n|gametype|singles\n|player|p1|anamchara|265|1598\n|player|p2|Blood soaked fangs|pokemonrangerf-gen4|1680\n|gen|9\n|tier|[Gen 9] OU\n|rated|\n|rule|HP Percentage Mod: HP is shown in percentages\n|rule|Endless Battle Clause: Forcing endless battles is banned\n|rule|Species Clause: Limit one of each Pokémon\n|rule|OHKO Clause: OHKO moves are banned\n|rule|Evasion Items Clause: Evasion items are banned\n|rule|Evasion Moves Clause: Evasion moves are banned\n|rule|Evasion Abilities Clause: Evasion abilities are banned\n|rule|Sleep Moves Clause: Sleep-inducing moves are banned\n|clearpoke\n|poke|p1|Slowking-Galar, F|\n|poke|p1|Meowscarada, F|\n|poke|p1|Iron Valiant|\n|poke|p1|Ogerpon-Wellspring, F|\n|poke|p1|Glimmora, F|\n|poke|p1|Dragapult, M|\n|poke|p2|Ninetales-Alola, F|\n|poke|p2|Klefki, F|\n|poke|p2|Maushold-Four|\n|poke|p2|Latias, F|\n|poke|p2|Okidogi, M|\n|poke|p2|Ogerpon-Wellspring, F|\n|teampreview\n|inactive|Battle timer is ON: inactive players will automatically lose when time's up. (requested by Blood soaked fangs)\n|\n|t:|1782545515\n|teamsize|p1|6\n|teamsize|p2|6\n|start\n|switch|p1a: Meowscarada|Meowscarada, F|100/100\n|switch|p2a: Klefki|Klefki, F|100/100\n|turn|1\n|\n|t:|1782545535\n|move|p2a: Klefki|Reflect|p2a: Klefki\n|-sidestart|p2: Blood soaked fangs|Reflect\n|move|p1a: Meowscarada|Knock Off|p2a: Klefki\n|-start|p1a: Meowscarada|typechange|Dark|[from] ability: Protean\n|-resisted|p2a: Klefki\n|-damage|p2a: Klefki|89/100\n|-enditem|p2a: Klefki|Light Clay|[from] move: Knock Off|[of] p1a: Meowscarada\n|\n|upkeep\n|turn|2\n|\n|t:|1782545538\n|switch|p1a: Glimmora|Glimmora, F|100/100\n|move|p2a: Klefki|Light Screen|p2a: Klefki\n|-sidestart|p2: Blood soaked fangs|move: Light Screen\n|\n|upkeep\n|turn|3\n|\n|t:|1782545544\n|move|p2a: Klefki|Thunder Wave|p1a: Glimmora\n|-status|p1a: Glimmora|par\n|move|p1a: Glimmora|Stealth Rock|p2a: Klefki\n|-sidestart|p2: Blood soaked fangs|move: Stealth Rock\n|\n|upkeep\n|turn|4\n|\n|t:|1782545549\n|switch|p2a: Ninetales|Ninetales-Alola, F|100/100\n|-damage|p2a: Ninetales|76/100|[from] Stealth Rock\n|-weather|Snowscape|[from] ability: Snow Warning|[of] p2a: Ninetales\n|move|p1a: Glimmora|Earth Power|p2a: Ninetales\n|-damage|p2a: Ninetales|53/100\n|-unboost|p2a: Ninetales|spd|1\n|-damage|p1a: Glimmora|91/100 par|[from] item: Life Orb\n|\n|-weather|Snowscape|[upkeep]\n|upkeep\n|turn|5\n|\n|t:|1782545560\n|move|p2a: Ninetales|Aurora Veil|p2a: Ninetales\n|-sidestart|p2: Blood soaked fangs|move: Aurora Veil\n|move|p1a: Glimmora|Power Gem|p2a: Ninetales\n|-supereffective|p2a: Ninetales\n|-damage|p2a: Ninetales|0 fnt\n|faint|p2a: Ninetales\n|-damage|p1a: Glimmora|81/100 par|[from] item: Life Orb\n|\n|-weather|Snowscape|[upkeep]\n|upkeep\n|\n|t:|1782545566\n|switch|p2a: Ogerpon|Ogerpon-Wellspring, F|100/100\n|-damage|p2a: Ogerpon|88/100|[from] Stealth Rock\n|turn|6\n|\n|t:|1782545571\n|-terastallize|p1a: Glimmora|Grass\n|move|p2a: Ogerpon|Swords Dance|p2a: Ogerpon\n|-boost|p2a: Ogerpon|atk|2\n|move|p1a: Glimmora|Energy Ball|p2a: Ogerpon\n|-damage|p2a: Ogerpon|56/100\n|-damage|p1a: Glimmora|71/100 par|[from] item: Life Orb\n|\n|-weather|Snowscape|[upkeep]\n|-sideend|p2: Blood soaked fangs|move: Light Screen\n|upkeep\n|turn|7\n|\n|t:|1782545578\n|move|p2a: Ogerpon|Trailblaze|p1a: Glimmora\n|-resisted|p1a: Glimmora\n|-damage|p1a: Glimmora|32/100 par\n|-boost|p2a: Ogerpon|spe|1\n|-activate|p1a: Glimmora|ability: Toxic Debris\n|-sidestart|p2: Blood soaked fangs|move: Toxic Spikes\n|move|p1a: Glimmora|Energy Ball|p2a: Ogerpon\n|-damage|p2a: Ogerpon|22/100\n|-damage|p1a: Glimmora|23/100 par|[from] item: Life Orb\n|\n|-weather|Snowscape|[upkeep]\n|upkeep\n|turn|8\n|\n|t:|1782545586\n|move|p2a: Ogerpon|Trailblaze|p1a: Glimmora\n|-resisted|p1a: Glimmora\n|-damage|p1a: Glimmora|0 fnt\n|-boost|p2a: Ogerpon|spe|1\n|-activate|p1a: Glimmora|ability: Toxic Debris\n|-sidestart|p2: Blood soaked fangs|move: Toxic Spikes\n|faint|p1a: Glimmora\n|\n|-weather|none\n|-sideend|p2: Blood soaked fangs|Reflect\n|upkeep\n|\n|t:|1782545592\n|switch|p1a: Slowking|Slowking-Galar, F|100/100\n|turn|9\n|\n|t:|1782545594\n|move|p2a: Ogerpon|Ivy Cudgel|p1a: Slowking|[anim] Ivy Cudgel Water\n|-damage|p1a: Slowking|0 fnt\n|faint|p1a: Slowking\n|\n|upkeep\n|\n|t:|1782545599\n|switch|p1a: Ogerpon|Ogerpon-Wellspring, F|100/100\n|turn|10\n|\n|t:|1782545601\n|move|p2a: Ogerpon|Trailblaze|p1a: Ogerpon\n|-damage|p1a: Ogerpon|17/100\n|-boost|p2a: Ogerpon|spe|1\n|move|p1a: Ogerpon|Horn Leech|p2a: Ogerpon\n|-damage|p2a: Ogerpon|0 fnt\n|-heal|p1a: Ogerpon|28/100|[from] drain|[of] p2a: Ogerpon\n|faint|p2a: Ogerpon\n|\n|upkeep\n|\n|t:|1782545610\n|switch|p2a: Okidogi|Okidogi, M|100/100\n|-damage|p2a: Okidogi|94/100|[from] Stealth Rock\n|-sideend|p2: Blood soaked fangs|move: Toxic Spikes|[of] p2a: Okidogi\n|turn|11\n|\n|t:|1782545614\n|switch|p1a: Dragapult|Dragapult, M|100/100\n|move|p2a: Okidogi|Knock Off|p1a: Dragapult\n|-supereffective|p1a: Dragapult\n|-damage|p1a: Dragapult|0 fnt\n|-enditem|p1a: Dragapult|Life Orb|[from] move: Knock Off|[of] p2a: Okidogi\n|faint|p1a: Dragapult\n|\n|-heal|p2a: Okidogi|100/100|[from] item: Leftovers\n|upkeep\n|\n|t:|1782545620\n|switch|p1a: Ogerpon|Ogerpon-Wellspring, F|28/100\n|turn|12\n|\n|t:|1782545622\n|move|p1a: Ogerpon|Ivy Cudgel|p2a: Okidogi|[anim] Ivy Cudgel Water\n|-damage|p2a: Okidogi|77/100\n|move|p2a: Okidogi|Drain Punch|p1a: Ogerpon\n|-damage|p1a: Ogerpon|0 fnt\n|-heal|p2a: Okidogi|87/100|[from] drain|[of] p1a: Ogerpon\n|faint|p1a: Ogerpon\n|\n|-heal|p2a: Okidogi|93/100|[from] item: Leftovers\n|-sideend|p2: Blood soaked fangs|move: Aurora Veil\n|upkeep\n|\n|t:|1782545631\n|switch|p1a: Iron Valiant|Iron Valiant|100/100\n|-enditem|p1a: Iron Valiant|Booster Energy\n|-activate|p1a: Iron Valiant|ability: Quark Drive|[fromitem]\n|-start|p1a: Iron Valiant|quarkdrivespe\n|turn|13\n|\n|t:|1782545633\n|switch|p2a: Klefki|Klefki, F|89/100\n|-damage|p2a: Klefki|83/100|[from] Stealth Rock\n|move|p1a: Iron Valiant|Swords Dance|p1a: Iron Valiant\n|-boost|p1a: Iron Valiant|atk|2\n|\n|upkeep\n|turn|14\n|\n|t:|1782545640\n|move|p2a: Klefki|Thunder Wave|p1a: Iron Valiant\n|-status|p1a: Iron Valiant|par\n|move|p1a: Iron Valiant|Close Combat|p2a: Klefki\n|-damage|p2a: Klefki|0 fnt\n|-unboost|p1a: Iron Valiant|def|1\n|-unboost|p1a: Iron Valiant|spd|1\n|faint|p2a: Klefki\n|\n|upkeep\n|\n|t:|1782545644\n|switch|p2a: Maushold|Maushold-Four|100/100\n|-damage|p2a: Maushold|88/100|[from] Stealth Rock\n|turn|15\n|\n|t:|1782545647\n|move|p2a: Maushold|Population Bomb|p1a: Iron Valiant\n|-damage|p1a: Iron Valiant|79/100 par\n|-damage|p1a: Iron Valiant|57/100 par\n|-damage|p1a: Iron Valiant|35/100 par\n|-damage|p1a: Iron Valiant|11/100 par\n|-damage|p1a: Iron Valiant|0 fnt\n|faint|p1a: Iron Valiant\n|-end|p1a: Iron Valiant|Quark Drive|[silent]\n|-hitcount|p1: Iron Valiant|5\n|\n|upkeep\n|\n|t:|1782545649\n|switch|p1a: Meowscarada|Meowscarada, F|100/100\n|turn|16\n|\n|t:|1782545651\n|move|p1a: Meowscarada|Triple Axel|p2a: Maushold\n|-start|p1a: Meowscarada|typechange|Ice|[from] ability: Protean\n|-damage|p2a: Maushold|75/100\n|-damage|p2a: Maushold|50/100\n|-damage|p2a: Maushold|9/100\n|-hitcount|p2a: Maushold|3\n|move|p2a: Maushold|Population Bomb|p1a: Meowscarada\n|-damage|p1a: Meowscarada|82/100\n|-damage|p1a: Meowscarada|64/100\n|-damage|p1a: Meowscarada|45/100\n|-damage|p1a: Meowscarada|25/100\n|-damage|p1a: Meowscarada|8/100\n|-damage|p1a: Meowscarada|0 fnt\n|faint|p1a: Meowscarada\n|-hitcount|p1: Meowscarada|6\n|\n|win|Blood soaked fangs\n|raw|anamchara's rating: 1617 &rarr; <strong>1601</strong><br />(-16 for losing)\n|raw|Blood soaked fangs's rating: 1680 &rarr; <strong>1696</strong><br />(+16 for winning)\n|l|☆anamchara\n|player|p1|\n|l|‽Blood soaked fangs\n|player|p2|\n", "uploadtime": 1782545905, "views": 16, "formatid": "gen9ou", "rating": 1601, "private": 0, "password": null}