{"id": "gen9ou-2540484541", "format": "[Gen 9] OU", "players": ["zxcvbh", "shixuan云中"], "log": "|j|☆zxcvbh\n|j|☆shixuan云中\n|t:|1771207811\n|gametype|singles\n|player|p1|zxcvbh|clair|1543\n|player|p2|shixuan云中|101|1616\n|gen|9\n|tier|[Gen 9] OU\n|rated|\n|rule|HP Percentage Mod: HP is shown in percentages\n|rule|Endless Battle Clause: Forcing endless battles is banned\n|rule|Species Clause: Limit one of each Pokémon\n|rule|OHKO Clause: OHKO moves are banned\n|rule|Evasion Items Clause: Evasion items are banned\n|rule|Evasion Moves Clause: Evasion moves are banned\n|rule|Evasion Abilities Clause: Evasion abilities are banned\n|rule|Sleep Moves Clause: Sleep-inducing moves are banned\n|clearpoke\n|poke|p1|Sandy Shocks|\n|poke|p1|Scizor, M|\n|poke|p1|Latios, M|\n|poke|p1|Ogerpon, F|\n|poke|p1|Iron Jugulis|\n|poke|p1|Primarina, F|\n|poke|p2|Raging Bolt|\n|poke|p2|Ogerpon-Wellspring, F|\n|poke|p2|Iron Crown|\n|poke|p2|Kyurem|\n|poke|p2|Zamazenta-*|\n|poke|p2|Landorus-Therian, M|\n|teampreview\n|\n|t:|1771207821\n|teamsize|p1|6\n|teamsize|p2|6\n|start\n|switch|p1a: Ogerpon|Ogerpon, F|100/100\n|switch|p2a: Kyurem|Kyurem|100/100\n|-ability|p2a: Kyurem|Pressure\n|turn|1\n|\n|t:|1771207829\n|move|p1a: Ogerpon|Rock Tomb|p2a: Kyurem\n|-supereffective|p2a: Kyurem\n|-damage|p2a: Kyurem|70/100\n|-unboost|p2a: Kyurem|spe|1\n|move|p2a: Kyurem|Earth Power|p1a: Ogerpon\n|-resisted|p1a: Ogerpon\n|-damage|p1a: Ogerpon|82/100\n|\n|-heal|p2a: Kyurem|76/100|[from] item: Leftovers\n|upkeep\n|turn|2\n|\n|t:|1771207839\n|move|p1a: Ogerpon|Encore|p2a: Kyurem\n|-start|p2a: Kyurem|Encore\n|move|p2a: Kyurem|Earth Power|p1a: Ogerpon\n|-resisted|p1a: Ogerpon\n|-damage|p1a: Ogerpon|62/100\n|\n|-heal|p2a: Kyurem|82/100|[from] item: Leftovers\n|upkeep\n|turn|3\n|\n|t:|1771207845\n|switch|p2a: Raging Bolt|Raging Bolt|100/100\n|move|p1a: Ogerpon|Rock Tomb|p2a: Raging Bolt\n|-damage|p2a: Raging Bolt|86/100\n|-unboost|p2a: Raging Bolt|spe|1\n|-enditem|p2a: Raging Bolt|White Herb\n|-clearnegativeboost|p2a: Raging Bolt|[silent]\n|\n|upkeep\n|turn|4\n|\n|t:|1771207888\n|move|p1a: Ogerpon|Rock Tomb|p2a: Raging Bolt\n|-damage|p2a: Raging Bolt|70/100\n|-unboost|p2a: Raging Bolt|spe|1\n|move|p2a: Raging Bolt|Draco Meteor|p1a: Ogerpon\n|-damage|p1a: Ogerpon|0 fnt\n|-unboost|p2a: Raging Bolt|spa|2\n|faint|p1a: Ogerpon\n|\n|upkeep\n|\n|t:|1771207897\n|switch|p1a: Scizor|Scizor, M|100/100\n|turn|5\n|\n|t:|1771207913\n|move|p1a: Scizor|Swords Dance|p1a: Scizor\n|-boost|p1a: Scizor|atk|2\n|move|p2a: Raging Bolt|Volt Switch|p1a: Scizor\n|-damage|p1a: Scizor|77/100\n|\n|t:|1771207916\n|-end|p2a: Raging Bolt|Protosynthesis|[silent]\n|switch|p2a: Landorus|Landorus-Therian, M|100/100|[from] Volt Switch\n|-ability|p2a: Landorus|Intimidate|boost\n|-unboost|p1a: Scizor|atk|1\n|\n|upkeep\n|turn|6\n|inactive|Battle timer is ON: inactive players will automatically lose when time's up. (requested by shixuan云中)\n|\n|t:|1771207923\n|move|p2a: Landorus|Earthquake|p1a: Scizor\n|-damage|p1a: Scizor|21/100\n|-enditem|p1a: Scizor|Sitrus Berry|[eat]\n|-heal|p1a: Scizor|46/100|[from] item: Sitrus Berry\n|move|p1a: Scizor|Knock Off|p2a: Landorus\n|-damage|p2a: Landorus|48/100\n|-damage|p1a: Scizor|29/100|[from] item: Rocky Helmet|[of] p2a: Landorus\n|-enditem|p2a: Landorus|Rocky Helmet|[from] move: Knock Off|[of] p1a: Scizor\n|\n|upkeep\n|turn|7\n|\n|t:|1771207938\n|move|p1a: Scizor|Bullet Punch|p2a: Landorus\n|-damage|p2a: Landorus|0 fnt\n|faint|p2a: Landorus\n|\n|upkeep\n|\n|t:|1771207943\n|switch|p2a: Raging Bolt|Raging Bolt|70/100\n|turn|8\n|\n|t:|1771207950\n|move|p1a: Scizor|Bullet Punch|p2a: Raging Bolt\n|-resisted|p2a: Raging Bolt\n|-damage|p2a: Raging Bolt|49/100\n|move|p2a: Raging Bolt|Volt Switch|p1a: Scizor\n|-damage|p1a: Scizor|0 fnt\n|faint|p1a: Scizor\n|\n|t:|1771207956\n|-end|p2a: Raging Bolt|Protosynthesis|[silent]\n|switch|p2a: Kyurem|Kyurem|82/100|[from] Volt Switch\n|-ability|p2a: Kyurem|Pressure\n|\n|-heal|p2a: Kyurem|88/100|[from] item: Leftovers\n|upkeep\n|\n|t:|1771207966\n|switch|p1a: Primarina|Primarina, F|100/100\n|turn|9\n|j| Zeraoracalledwatty\n|\n|t:|1771207972\n|move|p2a: Kyurem|Protect|p2a: Kyurem\n|-singleturn|p2a: Kyurem|Protect\n|move|p1a: Primarina|Moonblast|p2a: Kyurem\n|-activate|p2a: Kyurem|move: Protect\n|\n|-heal|p2a: Kyurem|94/100|[from] item: Leftovers\n|upkeep\n|turn|10\n|\n|t:|1771207977\n|move|p2a: Kyurem|Freeze-Dry|p1a: Primarina\n|-supereffective|p1a: Primarina\n|-damage|p1a: Primarina|30/100\n|-status|p1a: Primarina|frz\n|cant|p1a: Primarina|frz\n|\n|-heal|p2a: Kyurem|100/100|[from] item: Leftovers\n|upkeep\n|turn|11\n|\n|t:|1771207986\n|move|p2a: Kyurem|Freeze-Dry|p1a: Primarina\n|-supereffective|p1a: Primarina\n|-damage|p1a: Primarina|0 fnt\n|faint|p1a: Primarina\n|\n|upkeep\n|\n|t:|1771207989\n|switch|p1a: Latios|Latios, M|100/100\n|turn|12\n|l| Zeraoracalledwatty\n|\n|t:|1771207998\n|move|p1a: Latios|Agility|p1a: Latios\n|-boost|p1a: Latios|spe|2\n|move|p2a: Kyurem|Freeze-Dry|p1a: Latios\n|-supereffective|p1a: Latios\n|-damage|p1a: Latios|28/100\n|-enditem|p1a: Latios|Weakness Policy\n|-boost|p1a: Latios|atk|2|[from] item: Weakness Policy\n|-boost|p1a: Latios|spa|2|[from] item: Weakness Policy\n|\n|upkeep\n|turn|13\n|\n|t:|1771208012\n|move|p1a: Latios|Stored Power|p2a: Kyurem\n|-damage|p2a: Kyurem|0 fnt\n|faint|p2a: Kyurem\n|\n|upkeep\n|\n|t:|1771208015\n|switch|p2a: Zamazenta|Zamazenta, shiny|100/100\n|-ability|p2a: Zamazenta|Dauntless Shield|boost\n|-boost|p2a: Zamazenta|def|1\n|turn|14\n|\n|t:|1771208019\n|-terastallize|p2a: Zamazenta|Dark\n|move|p1a: Latios|Stored Power|p2a: Zamazenta\n|-immune|p2a: Zamazenta\n|move|p2a: Zamazenta|Crunch|p1a: Latios\n|-supereffective|p1a: Latios\n|-damage|p1a: Latios|0 fnt\n|faint|p1a: Latios\n|\n|upkeep\n|\n|t:|1771208026\n|switch|p1a: Sandy Shocks|Sandy Shocks|100/100\n|-enditem|p1a: Sandy Shocks|Booster Energy\n|-activate|p1a: Sandy Shocks|ability: Protosynthesis|[fromitem]\n|-start|p1a: Sandy Shocks|protosynthesisspe\n|turn|15\n|\n|t:|1771208035\n|move|p1a: Sandy Shocks|Earth Power|p2a: Zamazenta\n|-damage|p2a: Zamazenta|75/100\n|move|p2a: Zamazenta|Close Combat|p1a: Sandy Shocks\n|-damage|p1a: Sandy Shocks|34/100\n|-unboost|p2a: Zamazenta|def|1\n|-unboost|p2a: Zamazenta|spd|1\n|\n|upkeep\n|turn|16\n|\n|t:|1771208050\n|move|p1a: Sandy Shocks|Earth Power|p2a: Zamazenta\n|-damage|p2a: Zamazenta|33/100\n|move|p2a: Zamazenta|Close Combat|p1a: Sandy Shocks\n|-damage|p1a: Sandy Shocks|0 fnt\n|-unboost|p2a: Zamazenta|def|1\n|-unboost|p2a: Zamazenta|spd|1\n|faint|p1a: Sandy Shocks\n|-end|p1a: Sandy Shocks|Protosynthesis|[silent]\n|\n|upkeep\n|\n|t:|1771208055\n|switch|p1a: Iron Jugulis|Iron Jugulis|100/100\n|-enditem|p1a: Iron Jugulis|Booster Energy\n|-activate|p1a: Iron Jugulis|ability: Quark Drive|[fromitem]\n|-start|p1a: Iron Jugulis|quarkdrivespe\n|turn|17\n|\n|t:|1771208062\n|move|p1a: Iron Jugulis|Earth Power|p2a: Zamazenta\n|-damage|p2a: Zamazenta|0 fnt\n|faint|p2a: Zamazenta\n|\n|upkeep\n|\n|t:|1771208065\n|switch|p2a: Raging Bolt|Raging Bolt|49/100\n|turn|18\n|\n|t:|1771208069\n|-terastallize|p1a: Iron Jugulis|Ground\n|move|p2a: Raging Bolt|Thunderclap|p1a: Iron Jugulis\n|-immune|p1a: Iron Jugulis\n|move|p1a: Iron Jugulis|Earth Power|p2a: Raging Bolt\n|-supereffective|p2a: Raging Bolt\n|-damage|p2a: Raging Bolt|0 fnt\n|faint|p2a: Raging Bolt\n|-end|p2a: Raging Bolt|Protosynthesis|[silent]\n|\n|upkeep\n|\n|t:|1771208071\n|switch|p2a: Ogerpon|Ogerpon-Wellspring, F|100/100\n|turn|19\n|\n|t:|1771208079\n|move|p1a: Iron Jugulis|Hurricane|p2a: Ogerpon\n|-supereffective|p2a: Ogerpon\n|-damage|p2a: Ogerpon|0 fnt\n|faint|p2a: Ogerpon\n|\n|upkeep\n|\n|t:|1771208083\n|switch|p2a: Iron Crown|Iron Crown|100/100\n|-enditem|p2a: Iron Crown|Booster Energy\n|-activate|p2a: Iron Crown|ability: Quark Drive|[fromitem]\n|-start|p2a: Iron Crown|quarkdrivespe\n|turn|20\n|\n|t:|1771208090\n|move|p1a: Iron Jugulis|Earth Power|p2a: Iron Crown\n|-supereffective|p2a: Iron Crown\n|-damage|p2a: Iron Crown|12/100\n|move|p2a: Iron Crown|Tachyon Cutter|p1a: Iron Jugulis\n|-damage|p1a: Iron Jugulis|74/100\n|-damage|p1a: Iron Jugulis|42/100\n|-hitcount|p1a: Iron Jugulis|2\n|\n|upkeep\n|turn|21\n|\n|t:|1771208099\n|move|p1a: Iron Jugulis|Earth Power|p2a: Iron Crown\n|-supereffective|p2a: Iron Crown\n|-damage|p2a: Iron Crown|0 fnt\n|faint|p2a: Iron Crown\n|-end|p2a: Iron Crown|Quark Drive|[silent]\n|\n|win|zxcvbh\n|raw|zxcvbh's rating: 1543 &rarr; <strong>1567</strong><br />(+24 for winning)\n|raw|shixuan云中's rating: 1616 &rarr; <strong>1592</strong><br />(-24 for losing)\n|l|☆shixuan云中\n|player|p2|\n|l|☆zxcvbh\n|player|p1|\n", "uploadtime": 1771208346, "views": 9, "formatid": "gen9ou", "rating": 1567, "private": 0, "password": null}