{"id": "gen9ou-2647744471", "format": "[Gen 9] OU", "players": ["Halloworlditsme", "masked m"], "log": "|j|☆Halloworlditsme\n|j|☆masked m\n|t:|1783805283\n|gametype|singles\n|player|p1|Halloworlditsme|cheryl|1078\n|player|p2|masked m|will|1075\n|gen|9\n|tier|[Gen 9] OU\n|rated|\n|rule|HP Percentage Mod: HP is shown in percentages\n|rule|Endless Battle Clause: Forcing endless battles is banned\n|rule|Species Clause: Limit one of each Pokémon\n|rule|OHKO Clause: OHKO moves are banned\n|rule|Evasion Items Clause: Evasion items are banned\n|rule|Evasion Moves Clause: Evasion moves are banned\n|rule|Evasion Abilities Clause: Evasion abilities are banned\n|rule|Sleep Moves Clause: Sleep-inducing moves are banned\n|clearpoke\n|poke|p1|Decidueye-Hisui, F|\n|poke|p1|Weezing-Galar, F|\n|poke|p1|Zapdos|\n|poke|p1|Kyurem|\n|poke|p1|Ogerpon-Wellspring, F|\n|poke|p1|Persian-Alola, M|\n|poke|p2|Rotom-Wash|\n|poke|p2|Dragonite, M|\n|poke|p2|Iron Moth|\n|poke|p2|Ting-Lu|\n|poke|p2|Amoonguss, M|\n|poke|p2|Gholdengo|\n|teampreview\n|inactive|Battle timer is ON: inactive players will automatically lose when time's up. (requested by Halloworlditsme)\n|\n|t:|1783805289\n|teamsize|p1|6\n|teamsize|p2|6\n|start\n|switch|p1a: Persian|Persian-Alola, M|100/100\n|switch|p2a: Rotom|Rotom-Wash|100/100\n|turn|1\n|\n|t:|1783805296\n|move|p1a: Persian|Parting Shot|p2a: Rotom\n|-unboost|p2a: Rotom|atk|1\n|-unboost|p2a: Rotom|spa|1\n|\n|t:|1783805298\n|switch|p1a: Ogerpon|Ogerpon-Wellspring, F|100/100|[from] Parting Shot\n|move|p2a: Rotom|Trick||[still]\n|-fail|p2a: Rotom\n|\n|upkeep\n|turn|2\n|\n|t:|1783805317\n|switch|p2a: Amoonguss|Amoonguss, M|100/100\n|move|p1a: Ogerpon|Spiky Shield||[still]\n|-fail|p1a: Ogerpon\n|\n|upkeep\n|turn|3\n|\n|t:|1783805324\n|switch|p1a: Weezing|Weezing-Galar, F|100/100\n|-ability|p1a: Weezing|Neutralizing Gas\n|move|p2a: Amoonguss|Toxic|p1a: Weezing\n|-immune|p1a: Weezing\n|\n|upkeep\n|turn|4\n|\n|t:|1783805328\n|move|p1a: Weezing|Will-O-Wisp|p2a: Amoonguss\n|-status|p2a: Amoonguss|brn\n|move|p2a: Amoonguss|Stun Spore|p1a: Weezing\n|-status|p1a: Weezing|par\n|\n|-damage|p2a: Amoonguss|94/100 brn|[from] brn\n|upkeep\n|turn|5\n|\n|t:|1783805345\n|switch|p2a: Rotom|Rotom-Wash|100/100\n|move|p1a: Weezing|Strange Steam|p2a: Rotom\n|-damage|p2a: Rotom|72/100\n|\n|upkeep\n|turn|6\n|\n|t:|1783805354\n|move|p2a: Rotom|Hydro Pump|p1a: Weezing\n|-damage|p1a: Weezing|53/100 par\n|move|p1a: Weezing|Will-O-Wisp|p2a: Rotom\n|-status|p2a: Rotom|brn\n|\n|-heal|p1a: Weezing|59/100 par|[from] item: Leftovers\n|-damage|p2a: Rotom|66/100 brn|[from] brn\n|upkeep\n|turn|7\n|\n|t:|1783805359\n|-end|p1a: Weezing|ability: Neutralizing Gas\n|switch|p1a: Ogerpon|Ogerpon-Wellspring, F|100/100\n|move|p2a: Rotom|Hydro Pump|p1a: Ogerpon\n|-immune|p1a: Ogerpon|[from] ability: Water Absorb\n|\n|-damage|p2a: Rotom|59/100 brn|[from] brn\n|upkeep\n|turn|8\n|\n|t:|1783805364\n|switch|p2a: Amoonguss|Amoonguss, M|94/100 brn\n|move|p1a: Ogerpon|Horn Leech|p2a: Amoonguss\n|-resisted|p2a: Amoonguss\n|-damage|p2a: Amoonguss|82/100 brn\n|\n|-heal|p2a: Amoonguss|88/100 brn|[from] item: Black Sludge\n|-damage|p2a: Amoonguss|82/100 brn|[from] brn\n|upkeep\n|turn|9\n|\n|t:|1783805369\n|move|p1a: Ogerpon|Spiky Shield|p1a: Ogerpon\n|-singleturn|p1a: Ogerpon|move: Protect\n|move|p2a: Amoonguss|Sludge Bomb|p1a: Ogerpon\n|-activate|p1a: Ogerpon|move: Protect\n|\n|-heal|p2a: Amoonguss|88/100 brn|[from] item: Black Sludge\n|-damage|p2a: Amoonguss|82/100 brn|[from] brn\n|upkeep\n|turn|10\n|\n|t:|1783805379\n|switch|p1a: Persian|Persian-Alola, M|100/100\n|move|p2a: Amoonguss|Toxic|p1a: Persian\n|-status|p1a: Persian|tox\n|\n|-heal|p2a: Amoonguss|88/100 brn|[from] item: Black Sludge\n|-damage|p1a: Persian|94/100 tox|[from] psn\n|-damage|p2a: Amoonguss|82/100 brn|[from] brn\n|upkeep\n|turn|11\n|\n|t:|1783805383\n|move|p1a: Persian|Switcheroo|p2a: Amoonguss\n|-activate|p1a: Persian|move: Trick|[of] p2a: Amoonguss\n|-item|p2a: Amoonguss|Choice Scarf|[from] move: Switcheroo\n|-item|p1a: Persian|Black Sludge|[from] move: Switcheroo\n|move|p2a: Amoonguss|Giga Drain|p1a: Persian\n|-damage|p1a: Persian|57/100 tox\n|-heal|p2a: Amoonguss|95/100 brn|[from] drain|[of] p1a: Persian\n|\n|-damage|p1a: Persian|44/100 tox|[from] item: Black Sludge\n|-damage|p1a: Persian|32/100 tox|[from] psn\n|-damage|p2a: Amoonguss|88/100 brn|[from] brn\n|upkeep\n|turn|12\n|\n|t:|1783805395\n|move|p1a: Persian|Endeavor|p2a: Amoonguss\n|-damage|p2a: Amoonguss|22/100 brn\n|move|p2a: Amoonguss|Giga Drain|p1a: Persian\n|-damage|p1a: Persian|0 fnt\n|-heal|p2a: Amoonguss|33/100 brn|[from] drain|[of] p1a: Persian\n|faint|p1a: Persian\n|\n|-damage|p2a: Amoonguss|27/100 brn|[from] brn\n|upkeep\n|\n|t:|1783805399\n|switch|p1a: Kyurem|Kyurem|100/100\n|-ability|p1a: Kyurem|Pressure\n|turn|13\n|\n|t:|1783805402\n|move|p1a: Kyurem|Earth Power|p2a: Amoonguss\n|-damage|p2a: Amoonguss|7/100 brn\n|move|p2a: Amoonguss|Giga Drain|p1a: Kyurem\n|-resisted|p1a: Kyurem\n|-damage|p1a: Kyurem|90/100\n|-heal|p2a: Amoonguss|12/100 brn|[from] drain|[of] p1a: Kyurem\n|\n|-damage|p2a: Amoonguss|6/100 brn|[from] brn\n|upkeep\n|turn|14\n|\n|t:|1783805405\n|move|p1a: Kyurem|Earth Power|p2a: Amoonguss\n|-damage|p2a: Amoonguss|0 fnt\n|faint|p2a: Amoonguss\n|\n|upkeep\n|\n|t:|1783805408\n|switch|p2a: Gholdengo|Gholdengo|100/100\n|turn|15\n|\n|t:|1783805412\n|-terastallize|p1a: Kyurem|Ground\n|move|p2a: Gholdengo|Make It Rain|p1a: Kyurem\n|-damage|p1a: Kyurem|18/100\n|-unboost|p2a: Gholdengo|spa|1\n|move|p1a: Kyurem|Earth Power|p2a: Gholdengo\n|-supereffective|p2a: Gholdengo\n|-damage|p2a: Gholdengo|0 fnt\n|faint|p2a: Gholdengo\n|\n|upkeep\n|inactive|masked m has 120 seconds left.\n|\n|t:|1783805449\n|switch|p2a: Dragonite|Dragonite, M|100/100\n|turn|16\n|\n|t:|1783805458\n|move|p2a: Dragonite|Extreme Speed|p1a: Kyurem\n|-damage|p1a: Kyurem|0 fnt\n|faint|p1a: Kyurem\n|\n|upkeep\n|\n|t:|1783805464\n|switch|p1a: Zapdos|Zapdos|100/100\n|turn|17\n|l|☆masked m\n|inactive|masked m disconnected and has a minute to reconnect!\n|player|p2|\n|\n|t:|1783805467\n|switch|p2a: Ting-Lu|Ting-Lu|100/100\n|-ability|p2a: Ting-Lu|Vessel of Ruin\n|move|p1a: Zapdos|Thunderbolt|p2a: Ting-Lu\n|-immune|p2a: Ting-Lu\n|\n|upkeep\n|turn|18\n|j|☆masked m\n|inactive|masked m reconnected and has 145 seconds left.\n|player|p2|masked m|will|\n|\n|t:|1783805476\n|switch|p1a: Weezing|Weezing-Galar, F|59/100 par\n|-ability|p1a: Weezing|Neutralizing Gas\n|move|p2a: Ting-Lu|Stealth Rock|p1a: Weezing\n|-sidestart|p1: Halloworlditsme|move: Stealth Rock\n|\n|-heal|p1a: Weezing|65/100 par|[from] item: Leftovers\n|upkeep\n|turn|19\n|\n|t:|1783805484\n|move|p2a: Ting-Lu|Ruination|p1a: Weezing\n|-damage|p1a: Weezing|33/100 par\n|cant|p1a: Weezing|par\n|\n|-heal|p1a: Weezing|39/100 par|[from] item: Leftovers\n|upkeep\n|turn|20\n|\n|t:|1783805488\n|cant|p1a: Weezing|par\n|move|p2a: Ting-Lu|Whirlwind|p1a: Weezing\n|-end|p1a: Weezing|ability: Neutralizing Gas\n|-ability|p2a: Ting-Lu|Vessel of Ruin\n|drag|p1a: Decidueye|Decidueye-Hisui, F|100/100\n|-damage|p1a: Decidueye|95/100|[from] Stealth Rock\n|\n|upkeep\n|turn|21\n|\n|t:|1783805491\n|move|p1a: Decidueye|Triple Arrows|p2a: Ting-Lu\n|-supereffective|p2a: Ting-Lu\n|-damage|p2a: Ting-Lu|66/100\n|move|p2a: Ting-Lu|Ruination|p1a: Decidueye\n|-damage|p1a: Decidueye|48/100\n|\n|-heal|p2a: Ting-Lu|72/100|[from] item: Leftovers\n|upkeep\n|turn|22\n|\n|t:|1783805493\n|move|p1a: Decidueye|Triple Arrows|p2a: Ting-Lu\n|-supereffective|p2a: Ting-Lu\n|-damage|p2a: Ting-Lu|39/100\n|-unboost|p2a: Ting-Lu|def|1\n|move|p2a: Ting-Lu|Whirlwind|p1a: Decidueye\n|drag|p1a: Zapdos|Zapdos|100/100\n|\n|-heal|p2a: Ting-Lu|46/100|[from] item: Leftovers\n|upkeep\n|turn|23\n|\n|t:|1783805496\n|move|p1a: Zapdos|Hurricane|p2a: Ting-Lu\n|-damage|p2a: Ting-Lu|13/100\n|-start|p2a: Ting-Lu|confusion\n|-activate|p2a: Ting-Lu|confusion\n|move|p2a: Ting-Lu|Ruination|p1a: Zapdos\n|-damage|p1a: Zapdos|50/100\n|\n|-heal|p2a: Ting-Lu|19/100|[from] item: Leftovers\n|upkeep\n|turn|24\n|\n|t:|1783805499\n|move|p1a: Zapdos|Roost|p1a: Zapdos\n|-heal|p1a: Zapdos|100/100\n|-singleturn|p1a: Zapdos|move: Roost\n|-end|p2a: Ting-Lu|confusion\n|move|p2a: Ting-Lu|Ruination|p1a: Zapdos\n|-damage|p1a: Zapdos|50/100\n|\n|-heal|p2a: Ting-Lu|25/100|[from] item: Leftovers\n|upkeep\n|turn|25\n|\n|t:|1783805502\n|move|p1a: Zapdos|Hurricane|p2a: Ting-Lu\n|-damage|p2a: Ting-Lu|0 fnt\n|faint|p2a: Ting-Lu\n|\n|upkeep\n|\n|t:|1783805503\n|switch|p2a: Iron Moth|Iron Moth|100/100\n|-enditem|p2a: Iron Moth|Booster Energy\n|-activate|p2a: Iron Moth|ability: Quark Drive|[fromitem]\n|-start|p2a: Iron Moth|quarkdrivespa\n|turn|26\n|\n|t:|1783805509\n|move|p2a: Iron Moth|Agility|p2a: Iron Moth\n|-boost|p2a: Iron Moth|spe|2\n|move|p1a: Zapdos|Hurricane|p2a: Iron Moth\n|-damage|p2a: Iron Moth|44/100\n|-start|p2a: Iron Moth|confusion\n|\n|upkeep\n|turn|27\n|\n|t:|1783805511\n|-activate|p2a: Iron Moth|confusion\n|-damage|p2a: Iron Moth|34/100|[from] confusion\n|move|p1a: Zapdos|Hurricane|p2a: Iron Moth\n|-damage|p2a: Iron Moth|0 fnt\n|faint|p2a: Iron Moth\n|-end|p2a: Iron Moth|Quark Drive|[silent]\n|\n|upkeep\n|\n|t:|1783805519\n|switch|p2a: Dragonite|Dragonite, M|100/100\n|turn|28\n|\n|t:|1783805521\n|move|p2a: Dragonite|Dragon Dance|p2a: Dragonite\n|-boost|p2a: Dragonite|atk|1\n|-boost|p2a: Dragonite|spe|1\n|move|p1a: Zapdos|Roost|p1a: Zapdos\n|-heal|p1a: Zapdos|100/100\n|-singleturn|p1a: Zapdos|move: Roost\n|\n|upkeep\n|turn|29\n|\n|t:|1783805524\n|move|p2a: Dragonite|Dragon Dance|p2a: Dragonite\n|-boost|p2a: Dragonite|atk|1\n|-boost|p2a: Dragonite|spe|1\n|move|p1a: Zapdos|Thunderbolt|p2a: Dragonite\n|-damage|p2a: Dragonite|78/100\n|\n|upkeep\n|turn|30\n|\n|t:|1783805526\n|move|p2a: Dragonite|Dragon Dance|p2a: Dragonite\n|-boost|p2a: Dragonite|atk|1\n|-boost|p2a: Dragonite|spe|1\n|move|p1a: Zapdos|Thunderbolt|p2a: Dragonite\n|-damage|p2a: Dragonite|37/100\n|\n|upkeep\n|turn|31\n|\n|t:|1783805528\n|move|p2a: Dragonite|Ice Spinner|p1a: Zapdos\n|-supereffective|p1a: Zapdos\n|-damage|p1a: Zapdos|0 fnt\n|faint|p1a: Zapdos\n|\n|upkeep\n|l|☆masked m\n|inactive|masked m disconnected and has a minute to reconnect!\n|player|p2|\n|j|☆masked m\n|inactive|masked m reconnected.\n|player|p2|masked m|will|\n|\n|t:|1783805535\n|switch|p1a: Decidueye|Decidueye-Hisui, F|48/100\n|-damage|p1a: Decidueye|42/100|[from] Stealth Rock\n|turn|32\n|\n|t:|1783805540\n|move|p2a: Dragonite|Extreme Speed|p1a: Decidueye\n|-damage|p1a: Decidueye|0 fnt\n|faint|p1a: Decidueye\n|\n|upkeep\n|\n|t:|1783805543\n|switch|p1a: Ogerpon|Ogerpon-Wellspring, F|100/100\n|-damage|p1a: Ogerpon|88/100|[from] Stealth Rock\n|turn|33\n|\n|t:|1783805546\n|-terastallize|p2a: Dragonite|Normal\n|move|p1a: Ogerpon|Spiky Shield|p1a: Ogerpon\n|-singleturn|p1a: Ogerpon|move: Protect\n|move|p2a: Dragonite|Extreme Speed|p1a: Ogerpon\n|-activate|p1a: Ogerpon|move: Protect\n|-damage|p2a: Dragonite|25/100|[from] Spiky Shield|[of] p1a: Ogerpon\n|\n|upkeep\n|turn|34\n|\n|t:|1783805555\n|move|p2a: Dragonite|Extreme Speed|p1a: Ogerpon\n|-damage|p1a: Ogerpon|0 fnt\n|faint|p1a: Ogerpon\n|\n|upkeep\n|\n|t:|1783805557\n|switch|p1a: Weezing|Weezing-Galar, F|39/100 par\n|-ability|p1a: Weezing|Neutralizing Gas\n|-damage|p1a: Weezing|27/100 par|[from] Stealth Rock\n|turn|35\n|\n|t:|1783805558\n|move|p2a: Dragonite|Extreme Speed|p1a: Weezing\n|-damage|p1a: Weezing|0 fnt\n|faint|p1a: Weezing\n|-end|p1a: Weezing|ability: Neutralizing Gas\n|\n|win|masked m\n|raw|Halloworlditsme's rating: 1078 &rarr; <strong>1056</strong><br />(-22 for losing)\n|raw|masked m's rating: 1075 &rarr; <strong>1104</strong><br />(+29 for winning)\n|l|☆Halloworlditsme\n|player|p1|\n|l|☆masked m\n|player|p2|\n", "uploadtime": 1783805835, "views": 21, "formatid": "gen9ou", "rating": 1056, "private": 0, "password": null}