{"id": "gen9ou-2647724356", "format": "[Gen 9] OU", "players": ["DekuFoulerLab", "Antinn"], "log": "|j|☆DekuFoulerLab\n|j|☆Antinn\n|t:|1783802035\n|gametype|singles\n|player|p1|DekuFoulerLab|169|1378\n|player|p2|Antinn|shadowtriad|1314\n|gen|9\n|tier|[Gen 9] OU\n|rated|\n|rule|HP Percentage Mod: HP is shown in percentages\n|rule|Endless Battle Clause: Forcing endless battles is banned\n|rule|Species Clause: Limit one of each Pokémon\n|rule|OHKO Clause: OHKO moves are banned\n|rule|Evasion Items Clause: Evasion items are banned\n|rule|Evasion Moves Clause: Evasion moves are banned\n|rule|Evasion Abilities Clause: Evasion abilities are banned\n|rule|Sleep Moves Clause: Sleep-inducing moves are banned\n|clearpoke\n|poke|p1|Dondozo, F|\n|poke|p1|Clodsire, F|\n|poke|p1|Corviknight, M|\n|poke|p1|Slowking-Galar, F|\n|poke|p1|Gholdengo|\n|poke|p1|Garganacl, M|\n|poke|p2|Regidrago|\n|poke|p2|Regieleki|\n|poke|p2|Regigigas|\n|poke|p2|Regice|\n|poke|p2|Registeel|\n|poke|p2|Regirock|\n|teampreview\n|inactive|Battle timer is ON: inactive players will automatically lose when time's up. (requested by DekuFoulerLab)\n|c|☆Antinn|Everything but stall\n|\n|t:|1783802068\n|teamsize|p1|6\n|teamsize|p2|6\n|start\n|switch|p1a: Clodsire|Clodsire, F|100/100\n|switch|p2a: Finnal Flash|Regidrago|100/100\n|turn|1\n|\n|t:|1783802079\n|-terastallize|p2a: Finnal Flash|Dragon\n|move|p2a: Finnal Flash|Dragon Energy|p1a: Clodsire\n|-damage|p1a: Clodsire|35/100\n|move|p1a: Clodsire|Stealth Rock|p2a: Finnal Flash\n|-sidestart|p2: Antinn|move: Stealth Rock\n|\n|upkeep\n|turn|2\n|\n|t:|1783802086\n|switch|p1a: Gholdengo|Gholdengo|100/100\n|move|p2a: Finnal Flash|Dragon Energy|p1a: Gholdengo\n|-resisted|p1a: Gholdengo\n|-damage|p1a: Gholdengo|42/100\n|\n|upkeep\n|turn|3\n|\n|t:|1783802092\n|switch|p1a: Clodsire|Clodsire, F|35/100\n|move|p2a: Finnal Flash|Dragon Energy|p1a: Clodsire\n|-damage|p1a: Clodsire|0 fnt\n|faint|p1a: Clodsire\n|\n|upkeep\n|\n|t:|1783802098\n|switch|p1a: Slowking|Slowking-Galar, F|100/100\n|turn|4\n|\n|t:|1783802104\n|move|p2a: Finnal Flash|Dragon Energy|p1a: Slowking\n|-damage|p1a: Slowking|17/100\n|move|p1a: Slowking|Ice Beam|p2a: Finnal Flash\n|-supereffective|p2a: Finnal Flash\n|-damage|p2a: Finnal Flash|53/100\n|\n|upkeep\n|turn|5\n|\n|t:|1783802110\n|switch|p1a: Corviknight|Corviknight, M|100/100\n|-ability|p1a: Corviknight|Pressure\n|move|p2a: Finnal Flash|Dragon Energy|p1a: Corviknight\n|-resisted|p1a: Corviknight\n|-damage|p1a: Corviknight|68/100\n|\n|upkeep\n|turn|6\n|\n|t:|1783802116\n|switch|p2a: Bean Chilling|Regice|100/100\n|-damage|p2a: Bean Chilling|75/100|[from] Stealth Rock\n|move|p1a: Corviknight|Roost|p1a: Corviknight\n|-heal|p1a: Corviknight|100/100\n|-singleturn|p1a: Corviknight|move: Roost\n|\n|-heal|p2a: Bean Chilling|82/100|[from] item: Leftovers\n|upkeep\n|turn|7\n|\n|t:|1783802131\n|switch|p2a: Gurphy|Registeel|100/100\n|-damage|p2a: Gurphy|94/100|[from] Stealth Rock\n|move|p1a: Corviknight|U-turn|p2a: Gurphy\n|-resisted|p2a: Gurphy\n|-damage|p2a: Gurphy|90/100\n|\n|t:|1783802141\n|switch|p1a: Gholdengo|Gholdengo|42/100|[from] U-turn\n|\n|upkeep\n|turn|8\n|\n|t:|1783802147\n|move|p1a: Gholdengo|Recover|p1a: Gholdengo\n|-heal|p1a: Gholdengo|92/100\n|move|p2a: Gurphy|Meteor Beam||[still]\n|-prepare|p2a: Gurphy|Meteor Beam\n|-boost|p2a: Gurphy|spa|1\n|-enditem|p2a: Gurphy|Power Herb\n|-anim|p2a: Gurphy|Meteor Beam|p1a: Gholdengo\n|-resisted|p1a: Gholdengo\n|-damage|p1a: Gholdengo|69/100\n|\n|upkeep\n|turn|9\n|\n|t:|1783802153\n|move|p1a: Gholdengo|Nasty Plot|p1a: Gholdengo\n|-boost|p1a: Gholdengo|spa|2\n|move|p2a: Gurphy|Thunderbolt|p1a: Gholdengo\n|-damage|p1a: Gholdengo|36/100\n|-status|p1a: Gholdengo|par\n|\n|upkeep\n|turn|10\n|\n|t:|1783802161\n|move|p2a: Gurphy|Thunderbolt|p1a: Gholdengo\n|-damage|p1a: Gholdengo|0 fnt\n|faint|p1a: Gholdengo\n|\n|upkeep\n|\n|t:|1783802169\n|switch|p1a: Garganacl|Garganacl, M|100/100\n|turn|11\n|\n|t:|1783802175\n|move|p2a: Gurphy|Flash Cannon|p1a: Garganacl\n|-supereffective|p1a: Garganacl\n|-damage|p1a: Garganacl|20/100\n|move|p1a: Garganacl|Salt Cure|p2a: Gurphy\n|-resisted|p2a: Gurphy\n|-damage|p2a: Gurphy|85/100\n|-start|p2a: Gurphy|Salt Cure\n|\n|-heal|p1a: Garganacl|26/100|[from] item: Leftovers\n|-damage|p2a: Gurphy|60/100|[from] Salt Cure\n|upkeep\n|turn|12\n|\n|t:|1783802185\n|switch|p1a: Slowking|Slowking-Galar, F|50/100\n|move|p2a: Gurphy|Meteor Beam||[still]\n|-prepare|p2a: Gurphy|Meteor Beam\n|-boost|p2a: Gurphy|spa|1\n|\n|-damage|p2a: Gurphy|35/100|[from] Salt Cure\n|upkeep\n|turn|13\n|\n|t:|1783802190\n|move|p2a: Gurphy|Meteor Beam|p1a: Slowking|[from] lockedmove\n|-damage|p1a: Slowking|13/100\n|move|p1a: Slowking|Future Sight|p2a: Gurphy\n|-start|p1a: Slowking|move: Future Sight\n|\n|-damage|p2a: Gurphy|10/100|[from] Salt Cure\n|upkeep\n|turn|14\n|\n|t:|1783802204\n|switch|p1a: Garganacl|Garganacl, M|26/100\n|move|p2a: Gurphy|Thunderbolt|p1a: Garganacl\n|-damage|p1a: Garganacl|0 fnt\n|faint|p1a: Garganacl\n|\n|-damage|p2a: Gurphy|0 fnt|[from] Salt Cure\n|faint|p2a: Gurphy\n|upkeep\n|\n|t:|1783802212\n|switch|p2a: Zappy|Regieleki|100/100\n|switch|p1a: Slowking|Slowking-Galar, F|46/100\n|-damage|p2a: Zappy|88/100|[from] Stealth Rock\n|-item|p2a: Zappy|Air Balloon\n|turn|15\n|\n|t:|1783802218\n|switch|p1a: Dondozo|Dondozo, F|100/100\n|move|p2a: Zappy|Explosion|p1a: Dondozo\n|-damage|p1a: Dondozo|63/100\n|faint|p2a: Zappy\n|\n|-hint|Future Sight did not hit because the target is fainted.\n|upkeep\n|\n|t:|1783802222\n|switch|p2a: Finnal Flash|Regidrago, tera:Dragon|53/100\n|-damage|p2a: Finnal Flash|41/100|[from] Stealth Rock\n|turn|16\n|\n|t:|1783802228\n|switch|p1a: Corviknight|Corviknight, M|100/100\n|-ability|p1a: Corviknight|Pressure\n|move|p2a: Finnal Flash|Draco Meteor|p1a: Corviknight\n|-resisted|p1a: Corviknight\n|-damage|p1a: Corviknight|48/100\n|-unboost|p2a: Finnal Flash|spa|2\n|\n|upkeep\n|turn|17\n|\n|t:|1783802235\n|switch|p2a: Bean Chilling|Regice|82/100\n|-damage|p2a: Bean Chilling|57/100|[from] Stealth Rock\n|move|p1a: Corviknight|Roost|p1a: Corviknight\n|-heal|p1a: Corviknight|98/100\n|-singleturn|p1a: Corviknight|move: Roost\n|\n|-heal|p2a: Bean Chilling|63/100|[from] item: Leftovers\n|upkeep\n|turn|18\n|\n|t:|1783802241\n|move|p1a: Corviknight|Brave Bird|p2a: Bean Chilling\n|-damage|p2a: Bean Chilling|30/100\n|-damage|p1a: Corviknight|89/100|[from] Recoil\n|move|p2a: Bean Chilling|Charge Beam|p1a: Corviknight\n|-supereffective|p1a: Corviknight\n|-damage|p1a: Corviknight|60/100\n|-boost|p2a: Bean Chilling|spa|1\n|\n|-heal|p2a: Bean Chilling|36/100|[from] item: Leftovers\n|upkeep\n|turn|19\n|\n|t:|1783802250\n|move|p1a: Corviknight|U-turn|p2a: Bean Chilling\n|-damage|p2a: Bean Chilling|23/100\n|\n|t:|1783802257\n|switch|p1a: Slowking|Slowking-Galar, F|79/100|[from] U-turn\n|move|p2a: Bean Chilling|Thunderbolt|p1a: Slowking\n|-damage|p1a: Slowking|52/100\n|\n|-heal|p2a: Bean Chilling|29/100|[from] item: Leftovers\n|upkeep\n|turn|20\n|\n|t:|1783802269\n|move|p2a: Bean Chilling|Thunderbolt|p1a: Slowking\n|-damage|p1a: Slowking|25/100\n|-prepare|p1a: Slowking|Chilly Reception|[premajor]\n|move|p1a: Slowking|Chilly Reception|p1a: Slowking\n|-weather|Snowscape\n|\n|t:|1783802275\n|switch|p1a: Dondozo|Dondozo, F|63/100|[from] Chilly Reception\n|\n|-weather|Snowscape|[upkeep]\n|-heal|p2a: Bean Chilling|35/100|[from] item: Leftovers\n|upkeep\n|turn|21\n|\n|t:|1783802293\n|move|p2a: Bean Chilling|Thunderbolt|p1a: Dondozo\n|-supereffective|p1a: Dondozo\n|-damage|p1a: Dondozo|5/100\n|move|p1a: Dondozo|Body Press|p2a: Bean Chilling\n|-supereffective|p2a: Bean Chilling\n|-damage|p2a: Bean Chilling|0 fnt\n|faint|p2a: Bean Chilling\n|\n|-weather|Snowscape|[upkeep]\n|upkeep\n|\n|t:|1783802303\n|switch|p2a: Finnal Flash|Regidrago, tera:Dragon|41/100\n|-damage|p2a: Finnal Flash|29/100|[from] Stealth Rock\n|turn|22\n|\n|t:|1783802310\n|move|p2a: Finnal Flash|Draco Meteor|p1a: Dondozo\n|-damage|p1a: Dondozo|0 fnt\n|-unboost|p2a: Finnal Flash|spa|2\n|faint|p1a: Dondozo\n|\n|-weather|Snowscape|[upkeep]\n|upkeep\n|\n|t:|1783802316\n|switch|p1a: Slowking|Slowking-Galar, F|59/100\n|turn|23\n|\n|t:|1783802322\n|switch|p2a: Daddigigas|Regigigas|100/100\n|-damage|p2a: Daddigigas|88/100|[from] Stealth Rock\n|-start|p2a: Daddigigas|ability: Slow Start\n|switch|p1a: Corviknight|Corviknight, M|60/100\n|-ability|p1a: Corviknight|Pressure\n|\n|-weather|Snowscape|[upkeep]\n|-heal|p2a: Daddigigas|94/100|[from] item: Leftovers\n|upkeep\n|turn|24\n|\n|t:|1783802328\n|move|p1a: Corviknight|Roost|p1a: Corviknight\n|-heal|p1a: Corviknight|100/100\n|-singleturn|p1a: Corviknight|move: Roost\n|move|p2a: Daddigigas|Thunder Wave|p1a: Corviknight\n|-status|p1a: Corviknight|par\n|\n|-weather|none\n|-heal|p2a: Daddigigas|100/100|[from] item: Leftovers\n|upkeep\n|turn|25\n|\n|t:|1783802335\n|move|p2a: Daddigigas|Protect|p2a: Daddigigas\n|-singleturn|p2a: Daddigigas|Protect\n|move|p1a: Corviknight|Brave Bird|p2a: Daddigigas\n|-activate|p2a: Daddigigas|move: Protect\n|\n|upkeep\n|turn|26\n|\n|t:|1783802341\n|move|p2a: Daddigigas|Knock Off|p1a: Corviknight\n|-damage|p1a: Corviknight|86/100 par\n|-enditem|p1a: Corviknight|Heavy-Duty Boots|[from] move: Knock Off|[of] p2a: Daddigigas\n|move|p1a: Corviknight|Brave Bird|p2a: Daddigigas\n|-damage|p2a: Daddigigas|73/100\n|-damage|p1a: Corviknight|77/100 par|[from] Recoil\n|\n|-heal|p2a: Daddigigas|79/100|[from] item: Leftovers\n|upkeep\n|turn|27\n|\n|t:|1783802354\n|move|p2a: Daddigigas|Protect|p2a: Daddigigas\n|-singleturn|p2a: Daddigigas|Protect\n|move|p1a: Corviknight|Roost|p1a: Corviknight\n|-heal|p1a: Corviknight|100/100 par\n|-singleturn|p1a: Corviknight|move: Roost\n|\n|-heal|p2a: Daddigigas|86/100|[from] item: Leftovers\n|upkeep\n|turn|28\n|\n|t:|1783802360\n|move|p2a: Daddigigas|Knock Off|p1a: Corviknight\n|-damage|p1a: Corviknight|92/100 par\n|cant|p1a: Corviknight|par\n|\n|-heal|p2a: Daddigigas|92/100|[from] item: Leftovers\n|-end|p2a: Daddigigas|Slow Start\n|upkeep\n|turn|29\n|\n|t:|1783802366\n|move|p2a: Daddigigas|Double-Edge|p1a: Corviknight\n|-resisted|p1a: Corviknight\n|-damage|p1a: Corviknight|68/100 par\n|-damage|p2a: Daddigigas|84/100|[from] Recoil\n|move|p1a: Corviknight|Roost|p1a: Corviknight\n|-heal|p1a: Corviknight|100/100 par\n|-singleturn|p1a: Corviknight|move: Roost\n|\n|-heal|p2a: Daddigigas|91/100|[from] item: Leftovers\n|upkeep\n|turn|30\n|\n|t:|1783802373\n|move|p2a: Daddigigas|Double-Edge|p1a: Corviknight\n|-resisted|p1a: Corviknight\n|-damage|p1a: Corviknight|79/100 par\n|-damage|p2a: Daddigigas|84/100|[from] Recoil\n|move|p1a: Corviknight|Brave Bird|p2a: Daddigigas\n|-damage|p2a: Daddigigas|58/100\n|-damage|p1a: Corviknight|70/100 par|[from] Recoil\n|\n|-heal|p2a: Daddigigas|64/100|[from] item: Leftovers\n|upkeep\n|turn|31\n|\n|t:|1783802385\n|move|p2a: Daddigigas|Double-Edge|p1a: Corviknight\n|-resisted|p1a: Corviknight\n|-damage|p1a: Corviknight|47/100 par\n|-damage|p2a: Daddigigas|57/100|[from] Recoil\n|cant|p1a: Corviknight|par\n|\n|-heal|p2a: Daddigigas|63/100|[from] item: Leftovers\n|upkeep\n|turn|32\n|\n|t:|1783802392\n|move|p2a: Daddigigas|Double-Edge|p1a: Corviknight\n|-resisted|p1a: Corviknight\n|-damage|p1a: Corviknight|24/100 par\n|-damage|p2a: Daddigigas|56/100|[from] Recoil\n|cant|p1a: Corviknight|par\n|\n|-heal|p2a: Daddigigas|62/100|[from] item: Leftovers\n|upkeep\n|turn|33\n|\n|t:|1783802398\n|move|p2a: Daddigigas|Double-Edge|p1a: Corviknight\n|-resisted|p1a: Corviknight\n|-damage|p1a: Corviknight|0 fnt\n|faint|p1a: Corviknight\n|-damage|p2a: Daddigigas|55/100|[from] Recoil\n|\n|-heal|p2a: Daddigigas|61/100|[from] item: Leftovers\n|upkeep\n|\n|t:|1783802404\n|switch|p1a: Slowking|Slowking-Galar, F|92/100\n|turn|34\n|\n|t:|1783802410\n|move|p2a: Daddigigas|Double-Edge|p1a: Slowking\n|-damage|p1a: Slowking|14/100\n|-damage|p2a: Daddigigas|37/100|[from] Recoil\n|move|p1a: Slowking|Ice Beam|p2a: Daddigigas\n|-crit|p2a: Daddigigas\n|-damage|p2a: Daddigigas|10/100\n|\n|-heal|p2a: Daddigigas|17/100|[from] item: Leftovers\n|upkeep\n|turn|35\n|\n|t:|1783802418\n|move|p2a: Daddigigas|Double-Edge|p1a: Slowking\n|-damage|p1a: Slowking|0 fnt\n|faint|p1a: Slowking\n|-damage|p2a: Daddigigas|13/100|[from] Recoil\n|\n|win|Antinn\n|raw|DekuFoulerLab's rating: 1378 &rarr; <strong>1354</strong><br />(-24 for losing)\n|raw|Antinn's rating: 1314 &rarr; <strong>1338</strong><br />(+24 for winning)\n|l|☆DekuFoulerLab\n|player|p1|\n|c|☆Antinn|I was not expecting this\n|l|☆Antinn\n|player|p2|\n", "uploadtime": 1783802418, "views": 6, "formatid": "gen9ou", "rating": 1338, "private": 0, "password": null}