{"id": "gen9ou-2540662975", "format": "[Gen 9] OU", "players": ["rrbrru", "Pluto hendrixxx"], "log": "|j|☆rrbrru\n|j|☆Pluto hendrixxx\n|t:|1771236322\n|gametype|singles\n|player|p1|rrbrru|102|1635\n|player|p2|Pluto hendrixxx|morty-gen2|1625\n|gen|9\n|tier|[Gen 9] OU\n|rated|\n|rule|HP Percentage Mod: HP is shown in percentages\n|rule|Endless Battle Clause: Forcing endless battles is banned\n|rule|Species Clause: Limit one of each Pokémon\n|rule|OHKO Clause: OHKO moves are banned\n|rule|Evasion Items Clause: Evasion items are banned\n|rule|Evasion Moves Clause: Evasion moves are banned\n|rule|Evasion Abilities Clause: Evasion abilities are banned\n|rule|Sleep Moves Clause: Sleep-inducing moves are banned\n|clearpoke\n|poke|p1|Primarina, M|\n|poke|p1|Zapdos|\n|poke|p1|Iron Treads|\n|poke|p1|Zamazenta-*|\n|poke|p1|Dragonite, F|\n|poke|p1|Toucannon, F|\n|poke|p2|Ogerpon-Cornerstone, F|\n|poke|p2|Hatterene, F|\n|poke|p2|Zapdos|\n|poke|p2|Kingambit, M|\n|poke|p2|Iron Treads|\n|poke|p2|Okidogi, M|\n|teampreview\n|inactive|Battle timer is ON: inactive players will automatically lose when time's up. (requested by Pluto hendrixxx)\n|\n|t:|1771236336\n|teamsize|p1|6\n|teamsize|p2|6\n|start\n|switch|p1a: Shanks|Zamazenta|100/100\n|switch|p2a: Iron Treads|Iron Treads|100/100\n|-ability|p1a: Shanks|Dauntless Shield|boost\n|-boost|p1a: Shanks|def|1\n|-item|p2a: Iron Treads|Air Balloon\n|turn|1\n|\n|t:|1771236343\n|-end|p2a: Iron Treads|Quark Drive|[silent]\n|switch|p2a: Zapdos|Zapdos|100/100\n|move|p1a: Shanks|Stone Edge|p2a: Zapdos\n|-supereffective|p2a: Zapdos\n|-damage|p2a: Zapdos|34/100\n|\n|upkeep\n|turn|2\n|\n|t:|1771236349\n|switch|p2a: Hatterene|Hatterene, F|100/100\n|move|p1a: Shanks|Stone Edge|p2a: Hatterene\n|-crit|p2a: Hatterene\n|-damage|p2a: Hatterene|42/100\n|\n|upkeep\n|turn|3\n|\n|t:|1771236355\n|switch|p1a: Franky|Toucannon, F|100/100\n|move|p2a: Hatterene|Draining Kiss|p1a: Franky\n|-damage|p1a: Franky|81/100\n|-heal|p2a: Hatterene|58/100|[from] drain|[of] p1a: Franky\n|\n|upkeep\n|turn|4\n|\n|t:|1771236362\n|switch|p2a: Iron Treads|Iron Treads|100/100\n|-item|p2a: Iron Treads|Air Balloon\n|move|p1a: Franky|Knock Off|p2a: Iron Treads\n|-damage|p2a: Iron Treads|67/100\n|-enditem|p2a: Iron Treads|Air Balloon\n|\n|upkeep\n|turn|5\n|\n|t:|1771236366\n|move|p2a: Iron Treads|Stealth Rock|p1a: Franky\n|-sidestart|p1: rrbrru|move: Stealth Rock\n|move|p1a: Franky|Brick Break|p2a: Iron Treads\n|-supereffective|p2a: Iron Treads\n|-damage|p2a: Iron Treads|14/100\n|\n|upkeep\n|turn|6\n|\n|t:|1771236372\n|move|p2a: Iron Treads|Ice Spinner|p1a: Franky\n|-supereffective|p1a: Franky\n|-damage|p1a: Franky|22/100\n|move|p1a: Franky|Knock Off|p2a: Iron Treads\n|-damage|p2a: Iron Treads|0 fnt\n|faint|p2a: Iron Treads\n|-end|p2a: Iron Treads|Quark Drive|[silent]\n|\n|upkeep\n|\n|t:|1771236379\n|switch|p2a: Ogerpon|Ogerpon-Cornerstone, F|100/100\n|turn|7\n|\n|t:|1771236384\n|move|p2a: Ogerpon|Ivy Cudgel|p1a: Franky|[anim] Ivy Cudgel Rock\n|-supereffective|p1a: Franky\n|-damage|p1a: Franky|0 fnt\n|faint|p1a: Franky\n|\n|upkeep\n|\n|t:|1771236390\n|switch|p1a: Eustass Kid|Iron Treads|100/100\n|-damage|p1a: Eustass Kid|98/100|[from] Stealth Rock\n|-item|p1a: Eustass Kid|Air Balloon\n|turn|8\n|\n|t:|1771236399\n|move|p2a: Ogerpon|Superpower|p1a: Eustass Kid\n|-supereffective|p1a: Eustass Kid\n|-damage|p1a: Eustass Kid|13/100\n|-unboost|p2a: Ogerpon|atk|1\n|-unboost|p2a: Ogerpon|def|1\n|-enditem|p1a: Eustass Kid|Air Balloon\n|move|p1a: Eustass Kid|Rapid Spin|p2a: Ogerpon\n|-resisted|p2a: Ogerpon\n|-damage|p2a: Ogerpon|86/100\n|-boost|p1a: Eustass Kid|spe|1\n|-sideend|p1: rrbrru|Stealth Rock|[from] move: Rapid Spin|[of] p1a: Eustass Kid\n|\n|upkeep\n|turn|9\n|\n|t:|1771236405\n|switch|p2a: Zapdos|Zapdos|34/100\n|move|p1a: Eustass Kid|Ice Spinner|p2a: Zapdos\n|-supereffective|p2a: Zapdos\n|-damage|p2a: Zapdos|0 fnt\n|faint|p2a: Zapdos\n|\n|upkeep\n|\n|t:|1771236412\n|switch|p2a: Kingambit|Kingambit, M|100/100\n|-activate|p2a: Kingambit|ability: Supreme Overlord\n|-start|p2a: Kingambit|fallen2|[silent]\n|turn|10\n|\n|t:|1771236417\n|move|p1a: Eustass Kid|Earthquake|p2a: Kingambit\n|-supereffective|p2a: Kingambit\n|-damage|p2a: Kingambit|31/100\n|move|p2a: Kingambit|Kowtow Cleave|p1a: Eustass Kid\n|-damage|p1a: Eustass Kid|0 fnt\n|faint|p1a: Eustass Kid\n|-end|p1a: Eustass Kid|Quark Drive|[silent]\n|\n|-heal|p2a: Kingambit|37/100|[from] item: Leftovers\n|upkeep\n|\n|t:|1771236423\n|switch|p1a: Shirahoshi|Primarina, M|100/100\n|turn|11\n|\n|t:|1771236428\n|move|p1a: Shirahoshi|Moonblast|p2a: Kingambit\n|-damage|p2a: Kingambit|0 fnt\n|faint|p2a: Kingambit\n|-end|p2a: Kingambit|fallen2|[silent]\n|\n|upkeep\n|\n|t:|1771236432\n|switch|p2a: Ogerpon|Ogerpon-Cornerstone, F|86/100\n|turn|12\n|\n|t:|1771236437\n|move|p2a: Ogerpon|Swords Dance|p2a: Ogerpon\n|-boost|p2a: Ogerpon|atk|2\n|move|p1a: Shirahoshi|Flip Turn|p2a: Ogerpon\n|-damage|p2a: Ogerpon|68/100\n|\n|t:|1771236441\n|switch|p1a: Shanks|Zamazenta|100/100|[from] Flip Turn\n|\n|upkeep\n|turn|13\n|\n|t:|1771236445\n|-terastallize|p2a: Ogerpon|Rock\n|detailschange|p2a: Ogerpon|Ogerpon-Cornerstone-Tera, F, tera:Rock\n|-ability|p2a: Ogerpon|Embody Aspect (Cornerstone)|boost\n|-boost|p2a: Ogerpon|def|1\n|move|p1a: Shanks|Close Combat|p2a: Ogerpon\n|-supereffective|p2a: Ogerpon\n|-damage|p2a: Ogerpon|0 fnt\n|-unboost|p1a: Shanks|def|1\n|-unboost|p1a: Shanks|spd|1\n|faint|p2a: Ogerpon\n|detailschange|p2: Ogerpon|Ogerpon-Cornerstone, F|[silent]\n|\n|upkeep\n|\n|t:|1771236449\n|switch|p2a: Okidogi|Okidogi, M|100/100\n|turn|14\n|\n|t:|1771236455\n|move|p1a: Shanks|Close Combat|p2a: Okidogi\n|-resisted|p2a: Okidogi\n|-damage|p2a: Okidogi|67/100\n|-unboost|p1a: Shanks|def|1\n|-unboost|p1a: Shanks|spd|1\n|move|p2a: Okidogi|Gunk Shot|p1a: Shanks\n|-damage|p1a: Shanks|0 fnt\n|faint|p1a: Shanks\n|\n|upkeep\n|\n|t:|1771236460\n|switch|p1a: Enel|Zapdos|100/100\n|turn|15\n|\n|t:|1771236464\n|move|p1a: Enel|Thunderbolt|p2a: Okidogi\n|-damage|p2a: Okidogi|19/100\n|move|p2a: Okidogi|Gunk Shot|p1a: Enel\n|-damage|p1a: Enel|17/100\n|-status|p1a: Enel|psn\n|\n|-damage|p1a: Enel|5/100 psn|[from] psn\n|upkeep\n|turn|16\n|\n|t:|1771236470\n|move|p1a: Enel|Thunderbolt|p2a: Okidogi\n|-crit|p2a: Okidogi\n|-damage|p2a: Okidogi|0 fnt\n|faint|p2a: Okidogi\n|\n|-damage|p1a: Enel|0 fnt|[from] psn\n|faint|p1a: Enel\n|upkeep\n|\n|t:|1771236474\n|switch|p1a: Shirahoshi|Primarina, M|100/100\n|switch|p2a: Hatterene|Hatterene, F|58/100\n|turn|17\n|\n|t:|1771236479\n|move|p1a: Shirahoshi|Shadow Ball|p2a: Hatterene\n|-supereffective|p2a: Hatterene\n|-damage|p2a: Hatterene|0 fnt\n|faint|p2a: Hatterene\n|\n|win|rrbrru\n|raw|rrbrru's rating: 1635 &rarr; <strong>1654</strong><br />(+19 for winning)\n|raw|Pluto hendrixxx's rating: 1625 &rarr; <strong>1606</strong><br />(-19 for losing)\n|l|☆Pluto hendrixxx\n|player|p2|\n|l|☆rrbrru\n|player|p1|\n", "uploadtime": 1771236632, "views": 9, "formatid": "gen9ou", "rating": 1606, "private": 0, "password": null}