{"id": "gen9ou-2640021680", "format": "[Gen 9] OU", "players": ["iceisc0ld", "anislefrui"], "log": "|j|☆iceisc0ld\n|j|☆anislefrui\n|t:|1782565302\n|gametype|singles\n|player|p1|iceisc0ld|2|1493\n|player|p2|anislefrui|red|1599\n|gen|9\n|tier|[Gen 9] OU\n|rated|\n|rule|HP Percentage Mod: HP is shown in percentages\n|rule|Endless Battle Clause: Forcing endless battles is banned\n|rule|Species Clause: Limit one of each Pokémon\n|rule|OHKO Clause: OHKO moves are banned\n|rule|Evasion Items Clause: Evasion items are banned\n|rule|Evasion Moves Clause: Evasion moves are banned\n|rule|Evasion Abilities Clause: Evasion abilities are banned\n|rule|Sleep Moves Clause: Sleep-inducing moves are banned\n|clearpoke\n|poke|p1|Slither Wing|\n|poke|p1|Ninetales, F|\n|poke|p1|Ceruledge, F|\n|poke|p1|Walking Wake|\n|poke|p1|Great Tusk|\n|poke|p1|Venusaur, F|\n|poke|p2|Clodsire, M|\n|poke|p2|Sinistcha|\n|poke|p2|Skarmory, M|\n|poke|p2|Zapdos|\n|poke|p2|Ceruledge, M|\n|poke|p2|Conkeldurr, M|\n|teampreview\n|inactive|Battle timer is ON: inactive players will automatically lose when time's up. (requested by anislefrui)\n|inactive|iceisc0ld also wants the timer to be on.\n|\n|t:|1782565323\n|teamsize|p1|6\n|teamsize|p2|6\n|start\n|switch|p1a: Ninetales|Ninetales, F|100/100\n|switch|p2a: BLUE VELVET|Clodsire, M, shiny|100/100\n|-weather|SunnyDay|[from] ability: Drought|[of] p1a: Ninetales\n|turn|1\n|\n|t:|1782565329\n|switch|p1a: Great Tusk|Great Tusk|100/100\n|-activate|p1a: Great Tusk|ability: Protosynthesis\n|-start|p1a: Great Tusk|protosynthesisspe\n|move|p2a: BLUE VELVET|Toxic|p1a: Great Tusk\n|-status|p1a: Great Tusk|tox\n|\n|-weather|SunnyDay|[upkeep]\n|-damage|p1a: Great Tusk|94/100 tox|[from] psn\n|upkeep\n|turn|2\n|\n|t:|1782565353\n|switch|p2a: INLAND EMPIRE|Skarmory, M|100/100\n|move|p1a: Great Tusk|Stealth Rock|p2a: INLAND EMPIRE\n|-sidestart|p2: anislefrui|move: Stealth Rock\n|\n|-weather|SunnyDay|[upkeep]\n|-damage|p1a: Great Tusk|82/100 tox|[from] psn\n|upkeep\n|turn|3\n|\n|t:|1782565381\n|-end|p1a: Great Tusk|Protosynthesis|[silent]\n|switch|p1a: Slither Wing|Slither Wing|100/100\n|-activate|p1a: Slither Wing|ability: Protosynthesis\n|-start|p1a: Slither Wing|protosynthesisatk\n|move|p2a: INLAND EMPIRE|Whirlwind|p1a: Slither Wing\n|-end|p1a: Slither Wing|Protosynthesis|[silent]\n|drag|p1a: Great Tusk|Great Tusk|82/100 tox\n|-activate|p1a: Great Tusk|ability: Protosynthesis\n|-start|p1a: Great Tusk|protosynthesisspe\n|\n|-weather|SunnyDay|[upkeep]\n|-damage|p1a: Great Tusk|76/100 tox|[from] psn\n|upkeep\n|turn|4\n|\n|t:|1782565400\n|-end|p1a: Great Tusk|Protosynthesis|[silent]\n|switch|p1a: Ceruledge|Ceruledge, F|100/100\n|-item|p1a: Ceruledge|Air Balloon\n|move|p2a: INLAND EMPIRE|Whirlwind|p1a: Ceruledge\n|drag|p1a: Great Tusk|Great Tusk|76/100 tox\n|-activate|p1a: Great Tusk|ability: Protosynthesis\n|-start|p1a: Great Tusk|protosynthesisspe\n|\n|-weather|SunnyDay|[upkeep]\n|-damage|p1a: Great Tusk|69/100 tox|[from] psn\n|upkeep\n|turn|5\n|\n|t:|1782565409\n|move|p1a: Great Tusk|Ice Spinner|p2a: INLAND EMPIRE\n|-damage|p2a: INLAND EMPIRE|84/100\n|move|p2a: INLAND EMPIRE|Whirlwind|p1a: Great Tusk\n|-end|p1a: Great Tusk|Protosynthesis|[silent]\n|drag|p1a: Ceruledge|Ceruledge, F|100/100\n|-item|p1a: Ceruledge|Air Balloon\n|\n|-weather|SunnyDay|[upkeep]\n|-heal|p2a: INLAND EMPIRE|90/100|[from] item: Leftovers\n|upkeep\n|turn|6\n|\n|t:|1782565428\n|switch|p2a: FIRE WALK WITH ME|Ceruledge, M|100/100\n|move|p1a: Ceruledge|Bitter Blade|p2a: FIRE WALK WITH ME\n|-start|p2a: FIRE WALK WITH ME|ability: Flash Fire\n|\n|-weather|SunnyDay|[upkeep]\n|upkeep\n|turn|7\n|\n|t:|1782565442\n|switch|p1a: Great Tusk|Great Tusk|69/100 tox\n|-activate|p1a: Great Tusk|ability: Protosynthesis\n|-start|p1a: Great Tusk|protosynthesisspe\n|-terastallize|p2a: FIRE WALK WITH ME|Bug\n|move|p2a: FIRE WALK WITH ME|Poltergeist|p1a: Great Tusk|[miss]\n|-miss|p2a: FIRE WALK WITH ME|p1a: Great Tusk\n|\n|-weather|SunnyDay|[upkeep]\n|-damage|p1a: Great Tusk|63/100 tox|[from] psn\n|upkeep\n|turn|8\n|\n|t:|1782565457\n|move|p1a: Great Tusk|Stealth Rock||[still]\n|-fail|p1a: Great Tusk\n|move|p2a: FIRE WALK WITH ME|Bitter Blade|p1a: Great Tusk\n|-damage|p1a: Great Tusk|7/100 tox\n|-damage|p2a: FIRE WALK WITH ME|84/100|[from] item: Rocky Helmet|[of] p1a: Great Tusk\n|\n|-weather|none\n|-end|p1a: Great Tusk|Protosynthesis\n|-damage|p1a: Great Tusk|0 fnt|[from] psn\n|faint|p1a: Great Tusk\n|-end|p1a: Great Tusk|Protosynthesis|[silent]\n|upkeep\n|\n|t:|1782565462\n|switch|p1a: Walking Wake|Walking Wake|100/100\n|turn|9\n|\n|t:|1782565472\n|move|p1a: Walking Wake|Hydro Steam|p2a: FIRE WALK WITH ME\n|-damage|p2a: FIRE WALK WITH ME|49/100\n|move|p2a: FIRE WALK WITH ME|Poltergeist|p1a: Walking Wake|[miss]\n|-miss|p2a: FIRE WALK WITH ME|p1a: Walking Wake\n|\n|upkeep\n|turn|10\n|\n|t:|1782565484\n|-terastallize|p1a: Walking Wake|Water\n|move|p1a: Walking Wake|Hydro Steam|p2a: FIRE WALK WITH ME\n|-damage|p2a: FIRE WALK WITH ME|0 fnt\n|faint|p2a: FIRE WALK WITH ME\n|\n|upkeep\n|\n|t:|1782565497\n|switch|p2a: BLUE VELVET|Clodsire, M, shiny|100/100\n|-damage|p2a: BLUE VELVET|94/100|[from] Stealth Rock\n|turn|11\n|\n|t:|1782565505\n|move|p1a: Walking Wake|Flip Turn|p2a: BLUE VELVET\n|-heal|p2a: BLUE VELVET|100/100|[from] ability: Water Absorb|[of] p1a: Walking Wake\n|move|p2a: BLUE VELVET|Stealth Rock|p1a: Walking Wake\n|-sidestart|p1: iceisc0ld|move: Stealth Rock\n|\n|upkeep\n|turn|12\n|\n|t:|1782565528\n|-end|p1a: Walking Wake|Protosynthesis|[silent]\n|switch|p1a: Venusaur|Venusaur, F|100/100\n|-damage|p1a: Venusaur|88/100|[from] Stealth Rock\n|move|p2a: BLUE VELVET|Earthquake|p1a: Venusaur\n|-damage|p1a: Venusaur|52/100\n|\n|upkeep\n|turn|13\n|\n|t:|1782565536\n|switch|p2a: LOST HIGHWAY|Zapdos|100/100\n|-ability|p2a: LOST HIGHWAY|Pressure\n|move|p1a: Venusaur|Earthquake|p2a: LOST HIGHWAY\n|-immune|p2a: LOST HIGHWAY\n|\n|upkeep\n|turn|14\n|\n|t:|1782565550\n|move|p2a: LOST HIGHWAY|Hurricane|p1a: Venusaur\n|-supereffective|p1a: Venusaur\n|-damage|p1a: Venusaur|0 fnt\n|faint|p1a: Venusaur\n|\n|upkeep\n|\n|t:|1782565557\n|switch|p1a: Ninetales|Ninetales, F|100/100\n|-damage|p1a: Ninetales|76/100|[from] Stealth Rock\n|-weather|SunnyDay|[from] ability: Drought|[of] p1a: Ninetales\n|turn|15\n|\n|t:|1782565569\n|move|p1a: Ninetales|Overheat|p2a: LOST HIGHWAY\n|-damage|p2a: LOST HIGHWAY|17/100\n|-unboost|p1a: Ninetales|spa|2\n|move|p2a: LOST HIGHWAY|Volt Switch|p1a: Ninetales\n|-damage|p1a: Ninetales|34/100\n|\n|t:|1782565576\n|switch|p2a: ERASERHEAD|Conkeldurr, M|100/100|[from] Volt Switch\n|-damage|p2a: ERASERHEAD|94/100|[from] Stealth Rock\n|\n|-weather|SunnyDay|[upkeep]\n|-status|p2a: ERASERHEAD|brn|[from] item: Flame Orb\n|upkeep\n|turn|16\n|\n|t:|1782565592\n|move|p1a: Ninetales|Overheat|p2a: ERASERHEAD\n|-crit|p2a: ERASERHEAD\n|-damage|p2a: ERASERHEAD|0 fnt\n|-unboost|p1a: Ninetales|spa|2\n|faint|p2a: ERASERHEAD\n|\n|-weather|SunnyDay|[upkeep]\n|upkeep\n|\n|t:|1782565608\n|switch|p2a: BLUE VELVET|Clodsire, M, shiny|100/100\n|-damage|p2a: BLUE VELVET|94/100|[from] Stealth Rock\n|turn|17\n|\n|t:|1782565615\n|move|p1a: Ninetales|Healing Wish|p1a: Ninetales\n|faint|p1a: Ninetales\n|move|p2a: BLUE VELVET|Toxic|p1: Ninetales|[notarget]\n|-fail|p2a: BLUE VELVET\n|\n|-weather|SunnyDay|[upkeep]\n|-heal|p2a: BLUE VELVET|100/100|[from] item: Leftovers\n|upkeep\n|\n|t:|1782565621\n|switch|p1a: Slither Wing|Slither Wing|100/100\n|-damage|p1a: Slither Wing|88/100|[from] Stealth Rock\n|-activate|p1a: Slither Wing|ability: Protosynthesis\n|-start|p1a: Slither Wing|protosynthesisatk\n|turn|18\n|\n|t:|1782565637\n|move|p1a: Slither Wing|Close Combat|p2a: BLUE VELVET\n|-resisted|p2a: BLUE VELVET\n|-damage|p2a: BLUE VELVET|46/100\n|-unboost|p1a: Slither Wing|def|1\n|-unboost|p1a: Slither Wing|spd|1\n|move|p2a: BLUE VELVET|Toxic|p1a: Slither Wing\n|-status|p1a: Slither Wing|tox\n|\n|-weather|SunnyDay|[upkeep]\n|-heal|p2a: BLUE VELVET|52/100|[from] item: Leftovers\n|-damage|p1a: Slither Wing|82/100 tox|[from] psn\n|upkeep\n|turn|19\n|\n|t:|1782565646\n|switch|p2a: LOST HIGHWAY|Zapdos|17/100\n|-ability|p2a: LOST HIGHWAY|Pressure\n|move|p1a: Slither Wing|Close Combat|p2a: LOST HIGHWAY\n|-resisted|p2a: LOST HIGHWAY\n|-damage|p2a: LOST HIGHWAY|0 fnt\n|-unboost|p1a: Slither Wing|def|1\n|-unboost|p1a: Slither Wing|spd|1\n|faint|p2a: LOST HIGHWAY\n|\n|-weather|SunnyDay|[upkeep]\n|-damage|p1a: Slither Wing|70/100 tox|[from] psn\n|upkeep\n|\n|t:|1782565653\n|switch|p2a: INLAND EMPIRE|Skarmory, M|90/100\n|-damage|p2a: INLAND EMPIRE|78/100|[from] Stealth Rock\n|turn|20\n|\n|t:|1782565658\n|move|p1a: Slither Wing|Wild Charge|p2a: INLAND EMPIRE\n|-supereffective|p2a: INLAND EMPIRE\n|-damage|p2a: INLAND EMPIRE|16/100\n|-damage|p1a: Slither Wing|56/100 tox|[from] Recoil\n|move|p2a: INLAND EMPIRE|Roost|p2a: INLAND EMPIRE\n|-heal|p2a: INLAND EMPIRE|66/100\n|-singleturn|p2a: INLAND EMPIRE|move: Roost\n|\n|-weather|SunnyDay|[upkeep]\n|-heal|p2a: INLAND EMPIRE|72/100|[from] item: Leftovers\n|-damage|p1a: Slither Wing|37/100 tox|[from] psn\n|upkeep\n|turn|21\n|\n|t:|1782565664\n|switch|p2a: BLUE VELVET|Clodsire, M, shiny|52/100\n|-damage|p2a: BLUE VELVET|46/100|[from] Stealth Rock\n|move|p1a: Slither Wing|Wild Charge|p2a: BLUE VELVET\n|-immune|p2a: BLUE VELVET\n|\n|-weather|SunnyDay|[upkeep]\n|-heal|p2a: BLUE VELVET|52/100|[from] item: Leftovers\n|-damage|p1a: Slither Wing|13/100 tox|[from] psn\n|upkeep\n|turn|22\n|\n|t:|1782565668\n|switch|p2a: INLAND EMPIRE|Skarmory, M|72/100\n|-damage|p2a: INLAND EMPIRE|59/100|[from] Stealth Rock\n|move|p1a: Slither Wing|Close Combat|p2a: INLAND EMPIRE\n|-damage|p2a: INLAND EMPIRE|0 fnt\n|-unboost|p1a: Slither Wing|def|1\n|-unboost|p1a: Slither Wing|spd|1\n|faint|p2a: INLAND EMPIRE\n|\n|-weather|none\n|-end|p1a: Slither Wing|Protosynthesis\n|-damage|p1a: Slither Wing|0 fnt|[from] psn\n|faint|p1a: Slither Wing\n|-end|p1a: Slither Wing|Protosynthesis|[silent]\n|upkeep\n|\n|t:|1782565681\n|switch|p1a: Ceruledge|Ceruledge, F|100/100\n|switch|p2a: WILD AT HEART|Sinistcha|100/100\n|-damage|p1a: Ceruledge|76/100|[from] Stealth Rock\n|-item|p1a: Ceruledge|Air Balloon\n|turn|23\n|\n|t:|1782565688\n|move|p1a: Ceruledge|Poltergeist|p2a: WILD AT HEART\n|-activate|p2a: WILD AT HEART|move: Poltergeist|Heavy-Duty Boots\n|-supereffective|p2a: WILD AT HEART\n|-damage|p2a: WILD AT HEART|8/100\n|move|p2a: WILD AT HEART|Strength Sap|p1a: Ceruledge\n|-unboost|p1a: Ceruledge|atk|1\n|-heal|p2a: WILD AT HEART|100/100\n|\n|upkeep\n|turn|24\n|\n|t:|1782565694\n|switch|p1a: Walking Wake|Walking Wake, tera:Water|100/100\n|-damage|p1a: Walking Wake|88/100|[from] Stealth Rock\n|move|p2a: WILD AT HEART|Strength Sap|p1a: Walking Wake\n|-unboost|p1a: Walking Wake|atk|1\n|\n|upkeep\n|turn|25\n|\n|t:|1782565699\n|move|p1a: Walking Wake|Draco Meteor|p2a: WILD AT HEART\n|-damage|p2a: WILD AT HEART|28/100\n|-unboost|p1a: Walking Wake|spa|2\n|move|p2a: WILD AT HEART|Matcha Gotcha|p1a: Walking Wake\n|-supereffective|p1a: Walking Wake\n|-damage|p1a: Walking Wake|10/100\n|-heal|p2a: WILD AT HEART|66/100|[from] drain|[of] p1a: Walking Wake\n|\n|upkeep\n|turn|26\n|\n|t:|1782565706\n|move|p1a: Walking Wake|Draco Meteor|p2a: WILD AT HEART\n|-damage|p2a: WILD AT HEART|25/100\n|-unboost|p1a: Walking Wake|spa|2\n|move|p2a: WILD AT HEART|Strength Sap|p1a: Walking Wake\n|-unboost|p1a: Walking Wake|atk|1\n|-heal|p2a: WILD AT HEART|60/100\n|\n|upkeep\n|turn|27\n|\n|t:|1782565714\n|move|p1a: Walking Wake|Draco Meteor|p2a: WILD AT HEART|[miss]\n|-miss|p1a: Walking Wake|p2a: WILD AT HEART\n|move|p2a: WILD AT HEART|Matcha Gotcha|p1a: Walking Wake\n|-supereffective|p1a: Walking Wake\n|-damage|p1a: Walking Wake|0 fnt\n|-heal|p2a: WILD AT HEART|65/100|[from] drain|[of] p1a: Walking Wake\n|faint|p1a: Walking Wake\n|-end|p1a: Walking Wake|Protosynthesis|[silent]\n|\n|upkeep\n|\n|t:|1782565718\n|switch|p1a: Ceruledge|Ceruledge, F|76/100\n|-heal|p1a: Ceruledge|100/100|[from] move: Healing Wish\n|-damage|p1a: Ceruledge|76/100|[from] Stealth Rock\n|-item|p1a: Ceruledge|Air Balloon\n|turn|28\n|\n|t:|1782565721\n|move|p1a: Ceruledge|Poltergeist|p2a: WILD AT HEART\n|-activate|p2a: WILD AT HEART|move: Poltergeist|Heavy-Duty Boots\n|-supereffective|p2a: WILD AT HEART\n|-damage|p2a: WILD AT HEART|0 fnt\n|faint|p2a: WILD AT HEART\n|\n|upkeep\n|\n|t:|1782565725\n|switch|p2a: BLUE VELVET|Clodsire, M, shiny|52/100\n|-damage|p2a: BLUE VELVET|46/100|[from] Stealth Rock\n|turn|29\n|\n|t:|1782565730\n|move|p1a: Ceruledge|Bitter Blade|p2a: BLUE VELVET\n|-damage|p2a: BLUE VELVET|0 fnt\n|-heal|p1a: Ceruledge|100/100|[from] drain|[of] p2a: BLUE VELVET\n|faint|p2a: BLUE VELVET\n|\n|win|iceisc0ld\n|raw|iceisc0ld's rating: 1493 &rarr; <strong>1518</strong><br />(+25 for winning)\n|raw|anislefrui's rating: 1579 &rarr; <strong>1554</strong><br />(-25 for losing)\n|l|☆anislefrui\n|player|p2|\n|l|☆iceisc0ld\n|player|p1|\n", "uploadtime": 1782565947, "views": 4, "formatid": "gen9ou", "rating": 1518, "private": 0, "password": null}