{"id": "gen9ou-2647776146", "format": "[Gen 9] OU", "players": ["carciox", "whodidwhatwhy"], "log": "|j|‽carciox\n|j|☆whodidwhatwhy\n|t:|1783810623\n|gametype|singles\n|player|p1|carciox|102|1663\n|player|p2|whodidwhatwhy|2|1599\n|gen|9\n|tier|[Gen 9] OU\n|rated|\n|rule|HP Percentage Mod: HP is shown in percentages\n|rule|Endless Battle Clause: Forcing endless battles is banned\n|rule|Species Clause: Limit one of each Pokémon\n|rule|OHKO Clause: OHKO moves are banned\n|rule|Evasion Items Clause: Evasion items are banned\n|rule|Evasion Moves Clause: Evasion moves are banned\n|rule|Evasion Abilities Clause: Evasion abilities are banned\n|rule|Sleep Moves Clause: Sleep-inducing moves are banned\n|clearpoke\n|poke|p1|Kingambit, F|\n|poke|p1|Cinderace, F|\n|poke|p1|Landorus-Therian, M|\n|poke|p1|Iron Valiant|\n|poke|p1|Kyurem|\n|poke|p1|Slowking-Galar, M|\n|poke|p2|Scream Tail|\n|poke|p2|Samurott-Hisui, F|\n|poke|p2|Garganacl, M|\n|poke|p2|Jirachi|\n|poke|p2|Ursaluna, M|\n|poke|p2|Dudunsparce-*, F|\n|teampreview\n|inactive|Battle timer is ON: inactive players will automatically lose when time's up. (requested by carciox)\n|\n|t:|1783810649\n|teamsize|p1|6\n|teamsize|p2|6\n|start\n|switch|p1a: Cinderace|Cinderace, F, shiny|100/100\n|switch|p2a: Scream Tail|Scream Tail|100/100\n|turn|1\n|\n|t:|1783810660\n|move|p1a: Cinderace|U-turn|p2a: Scream Tail\n|-damage|p2a: Scream Tail|84/100\n|\n|t:|1783810663\n|switch|p1a: Slowking|Slowking-Galar, M, shiny|100/100|[from] U-turn\n|move|p2a: Scream Tail|Wish|p2a: Scream Tail\n|\n|-heal|p2a: Scream Tail|90/100|[from] item: Leftovers\n|upkeep\n|turn|2\n|inactive|whodidwhatwhy has 120 seconds left.\n|\n|t:|1783810710\n|-end|p2a: Scream Tail|Protosynthesis|[silent]\n|switch|p2a: Samurott|Samurott-Hisui, F|100/100\n|move|p1a: Slowking|Thunder Wave|p2a: Samurott\n|-status|p2a: Samurott|par\n|\n|upkeep\n|turn|3\n|\n|t:|1783810725\n|move|p2a: Samurott|Knock Off|p1a: Slowking\n|-supereffective|p1a: Slowking\n|-crit|p1a: Slowking\n|-damage|p1a: Slowking|0 fnt\n|-enditem|p1a: Slowking|Heavy-Duty Boots|[from] move: Knock Off|[of] p2a: Samurott\n|faint|p1a: Slowking\n|\n|upkeep\n|\n|t:|1783810731\n|switch|p1a: Kyurem|Kyurem, shiny|100/100\n|-ability|p1a: Kyurem|Pressure\n|turn|4\n|\n|t:|1783810741\n|switch|p2a: Jirachi|Jirachi|100/100\n|move|p1a: Kyurem|Substitute|p1a: Kyurem\n|-start|p1a: Kyurem|Substitute\n|-damage|p1a: Kyurem|76/100\n|\n|-heal|p1a: Kyurem|82/100|[from] item: Leftovers\n|upkeep\n|turn|5\n|\n|t:|1783810751\n|move|p2a: Jirachi|U-turn|p1a: Kyurem\n|-activate|p1a: Kyurem|move: Substitute|[damage]\n|\n|t:|1783810752\n|switch|p2a: Scream Tail|Scream Tail|90/100|[from] U-turn\n|move|p1a: Kyurem|Earth Power|p2a: Scream Tail\n|-damage|p2a: Scream Tail|72/100\n|\n|-heal|p2a: Scream Tail|78/100|[from] item: Leftovers\n|-heal|p1a: Kyurem|88/100|[from] item: Leftovers\n|upkeep\n|turn|6\n|\n|t:|1783810763\n|move|p2a: Scream Tail|Encore|p1a: Kyurem\n|-start|p1a: Kyurem|Encore\n|move|p1a: Kyurem|Earth Power|p2a: Scream Tail\n|-damage|p2a: Scream Tail|57/100\n|\n|-heal|p2a: Scream Tail|63/100|[from] item: Leftovers\n|-heal|p1a: Kyurem|94/100|[from] item: Leftovers\n|upkeep\n|turn|7\n|\n|t:|1783810771\n|move|p2a: Scream Tail|Wish|p2a: Scream Tail\n|move|p1a: Kyurem|Earth Power|p2a: Scream Tail\n|-damage|p2a: Scream Tail|42/100\n|\n|-heal|p2a: Scream Tail|48/100|[from] item: Leftovers\n|-heal|p1a: Kyurem|99/100|[from] item: Leftovers\n|upkeep\n|turn|8\n|\n|t:|1783810781\n|move|p2a: Scream Tail|Dazzling Gleam|p1a: Kyurem\n|-supereffective|p1a: Kyurem\n|-end|p1a: Kyurem|Substitute\n|move|p1a: Kyurem|Earth Power|p2a: Scream Tail\n|-damage|p2a: Scream Tail|27/100\n|\n|-heal|p2a: Scream Tail|77/100|[from] move: Wish|[wisher] Scream Tail\n|-heal|p2a: Scream Tail|84/100|[from] item: Leftovers\n|-heal|p1a: Kyurem|100/100|[from] item: Leftovers\n|-end|p1a: Kyurem|Encore\n|upkeep\n|turn|9\n|\n|t:|1783810798\n|move|p1a: Kyurem|Protect|p1a: Kyurem\n|-singleturn|p1a: Kyurem|Protect\n|move|p2a: Scream Tail|Dazzling Gleam|p1a: Kyurem\n|-activate|p1a: Kyurem|move: Protect\n|\n|-heal|p2a: Scream Tail|90/100|[from] item: Leftovers\n|upkeep\n|turn|10\n|\n|t:|1783810808\n|switch|p1a: Cinderace|Cinderace, F, shiny|100/100\n|move|p2a: Scream Tail|Encore||[still]\n|-fail|p2a: Scream Tail\n|\n|-heal|p2a: Scream Tail|96/100|[from] item: Leftovers\n|upkeep\n|turn|11\n|\n|t:|1783810818\n|-end|p2a: Scream Tail|Protosynthesis|[silent]\n|switch|p2a: Garganacl|Garganacl, M|100/100\n|move|p1a: Cinderace|Pyro Ball|p2a: Garganacl|[miss]\n|-miss|p1a: Cinderace|p2a: Garganacl\n|\n|upkeep\n|turn|12\n|\n|t:|1783810824\n|move|p2a: Garganacl|Protect|p2a: Garganacl\n|-singleturn|p2a: Garganacl|Protect\n|move|p1a: Cinderace|U-turn|p2a: Garganacl\n|-activate|p2a: Garganacl|move: Protect\n|\n|upkeep\n|turn|13\n|\n|t:|1783810832\n|move|p1a: Cinderace|U-turn|p2a: Garganacl\n|-damage|p2a: Garganacl|89/100\n|\n|t:|1783810837\n|switch|p1a: Landorus|Landorus-Therian, M, shiny|100/100|[from] U-turn\n|-ability|p1a: Landorus|Intimidate|boost\n|-unboost|p2a: Garganacl|atk|1\n|move|p2a: Garganacl|Stealth Rock|p1a: Landorus\n|-sidestart|p1: carciox|move: Stealth Rock\n|\n|-heal|p2a: Garganacl|95/100|[from] item: Leftovers\n|upkeep\n|turn|14\n|\n|t:|1783810851\n|-terastallize|p2a: Garganacl|Water\n|move|p1a: Landorus|Earthquake|p2a: Garganacl\n|-damage|p2a: Garganacl|66/100\n|move|p2a: Garganacl|Salt Cure|p1a: Landorus\n|-damage|p1a: Landorus|93/100\n|-start|p1a: Landorus|Salt Cure\n|\n|-heal|p2a: Garganacl|73/100|[from] item: Leftovers\n|-damage|p1a: Landorus|80/100|[from] Salt Cure\n|upkeep\n|turn|15\n|\n|t:|1783810862\n|move|p1a: Landorus|U-turn|p2a: Garganacl\n|-damage|p2a: Garganacl|58/100\n|\n|t:|1783810866\n|switch|p1a: Cinderace|Cinderace, F, shiny|100/100|[from] U-turn\n|move|p2a: Garganacl|Salt Cure|p1a: Cinderace\n|-supereffective|p1a: Cinderace\n|-damage|p1a: Cinderace|81/100\n|-start|p1a: Cinderace|Salt Cure\n|\n|-heal|p2a: Garganacl|64/100|[from] item: Leftovers\n|-damage|p1a: Cinderace|68/100|[from] Salt Cure\n|upkeep\n|turn|16\n|\n|t:|1783810879\n|move|p1a: Cinderace|Court Change|p1a: Cinderace\n|-swapsideconditions\n|-activate|p1a: Cinderace|move: Court Change\n|move|p2a: Garganacl|Stealth Rock|p1a: Cinderace\n|-sidestart|p1: carciox|move: Stealth Rock\n|\n|-heal|p2a: Garganacl|70/100|[from] item: Leftovers\n|-damage|p1a: Cinderace|56/100|[from] Salt Cure\n|upkeep\n|turn|17\n|j| just-jaype\n|\n|t:|1783810887\n|move|p1a: Cinderace|U-turn|p2a: Garganacl\n|-damage|p2a: Garganacl|58/100\n|\n|t:|1783810890\n|switch|p1a: Kyurem|Kyurem, shiny|100/100|[from] U-turn\n|-damage|p1a: Kyurem|76/100|[from] Stealth Rock\n|-ability|p1a: Kyurem|Pressure\n|move|p2a: Garganacl|Salt Cure|p1a: Kyurem\n|-supereffective|p1a: Kyurem\n|-damage|p1a: Kyurem|58/100\n|-start|p1a: Kyurem|Salt Cure\n|\n|-heal|p1a: Kyurem|64/100|[from] item: Leftovers\n|-heal|p2a: Garganacl|64/100|[from] item: Leftovers\n|-damage|p1a: Kyurem|52/100|[from] Salt Cure\n|upkeep\n|turn|18\n|l|‽carciox\n|inactive|carciox disconnected and has a minute to reconnect!\n|player|p1|\n|l| just-jaype\n|j| Eternity o2\n|inactive|carciox has 30 seconds to reconnect!\n|inactive|carciox has 20 seconds to reconnect!\n|inactive|carciox has 15 seconds to reconnect!\n|inactive|carciox has 10 seconds to reconnect!\n|inactive|carciox has 5 seconds to reconnect!\n|-message|carciox lost due to inactivity.\n|\n|win|whodidwhatwhy\n|raw|carciox's rating: 1663 &rarr; <strong>1639</strong><br />(-24 for losing)\n|raw|whodidwhatwhy's rating: 1599 &rarr; <strong>1623</strong><br />(+24 for winning)\n|l|☆whodidwhatwhy\n|player|p2|\n", "uploadtime": 1783811195, "views": 17, "formatid": "gen9ou", "rating": 1623, "private": 0, "password": null}