{"id": "gen9ou-2540533669", "format": "[Gen 9] OU", "players": ["ykykp", "vote4biden"], "log": "|j|☆ykykp\n|j|‽vote4biden\n|t:|1771214199\n|gametype|singles\n|player|p1|ykykp|102|1559\n|player|p2|vote4biden|hoopster|1516\n|gen|9\n|tier|[Gen 9] OU\n|rated|\n|rule|HP Percentage Mod: HP is shown in percentages\n|rule|Endless Battle Clause: Forcing endless battles is banned\n|rule|Species Clause: Limit one of each Pokémon\n|rule|OHKO Clause: OHKO moves are banned\n|rule|Evasion Items Clause: Evasion items are banned\n|rule|Evasion Moves Clause: Evasion moves are banned\n|rule|Evasion Abilities Clause: Evasion abilities are banned\n|rule|Sleep Moves Clause: Sleep-inducing moves are banned\n|clearpoke\n|poke|p1|Articuno-Galar|\n|poke|p1|Araquanid, M|\n|poke|p1|Cinderace, M|\n|poke|p1|Kingambit, M|\n|poke|p1|Serperior, M|\n|poke|p1|Dragapult, F|\n|poke|p2|Kingambit, M|\n|poke|p2|Alomomola, M|\n|poke|p2|Zamazenta-*|\n|poke|p2|Hawlucha, M|\n|poke|p2|Iron Valiant|\n|poke|p2|Dragapult, F|\n|teampreview\n|inactive|Battle timer is ON: inactive players will automatically lose when time's up. (requested by vote4biden)\n|\n|t:|1771214224\n|teamsize|p1|6\n|teamsize|p2|6\n|start\n|switch|p1a: Araquanid|Araquanid, M|100/100\n|switch|p2a: Dragapult|Dragapult, F|100/100\n|turn|1\n|\n|t:|1771214229\n|move|p2a: Dragapult|Dragon Darts|p1a: Araquanid\n|-damage|p1a: Araquanid|59/100\n|-anim|p2a: Dragapult|Dragon Darts|p1a: Araquanid\n|-damage|p1a: Araquanid|12/100\n|move|p1a: Araquanid|Sticky Web|p2a: Dragapult\n|-sidestart|p2: vote4biden|move: Sticky Web\n|\n|upkeep\n|turn|2\n|-enditem|p1a: Araquanid|Custap Berry|[eat]\n|-activate|p1a: Araquanid|item: Custap Berry|[consumed]\n|\n|t:|1771214234\n|move|p1a: Araquanid|Surf|p2a: Dragapult\n|-resisted|p2a: Dragapult\n|-damage|p2a: Dragapult|62/100\n|move|p2a: Dragapult|Dragon Darts|p1a: Araquanid\n|-damage|p1a: Araquanid|0 fnt\n|faint|p1a: Araquanid\n|\n|upkeep\n|\n|t:|1771214248\n|switch|p1a: Kingambit|Kingambit, M|100/100\n|turn|3\n|\n|t:|1771214253\n|switch|p2a: Hawlucha|Hawlucha, M|100/100\n|-ability|p2a: Hawlucha|Mold Breaker\n|move|p1a: Kingambit|Iron Head|p2a: Hawlucha\n|-damage|p2a: Hawlucha|53/100\n|\n|-heal|p2a: Hawlucha|59/100|[from] item: Leftovers\n|upkeep\n|turn|4\n|\n|t:|1771214262\n|switch|p1a: Dragapult|Dragapult, F|100/100\n|move|p2a: Hawlucha|Defog|p1a: Dragapult\n|-unboost|p1a: Dragapult|evasion|1\n|-sideend|p2: vote4biden|Sticky Web|[from] move: Defog|[of] p2a: Hawlucha\n|\n|-heal|p2a: Hawlucha|65/100|[from] item: Leftovers\n|upkeep\n|turn|5\n|\n|t:|1771214272\n|switch|p2a: Alomomola|Alomomola, M|100/100\n|move|p1a: Dragapult|Dragon Darts|p2a: Alomomola\n|-damage|p2a: Alomomola|71/100\n|-anim|p1a: Dragapult|Dragon Darts|p2a: Alomomola\n|-damage|p2a: Alomomola|40/100\n|\n|upkeep\n|turn|6\n|\n|t:|1771214276\n|switch|p2a: Kingambit|Kingambit, M|100/100\n|move|p1a: Dragapult|Dragon Darts|p2a: Kingambit\n|-resisted|p2a: Kingambit\n|-damage|p2a: Kingambit|87/100\n|-anim|p1a: Dragapult|Dragon Darts|p2a: Kingambit\n|-resisted|p2a: Kingambit\n|-damage|p2a: Kingambit|71/100\n|\n|-heal|p2a: Kingambit|77/100|[from] item: Leftovers\n|upkeep\n|turn|7\n|\n|t:|1771214286\n|switch|p1a: Cinderace|Cinderace, M|100/100\n|move|p2a: Kingambit|Low Kick|p1a: Cinderace\n|-damage|p1a: Cinderace|71/100\n|\n|-heal|p2a: Kingambit|84/100|[from] item: Leftovers\n|upkeep\n|turn|8\n|\n|t:|1771214302\n|switch|p2a: Alomomola|Alomomola, M|73/100\n|move|p1a: Cinderace|Will-O-Wisp|p2a: Alomomola\n|-status|p2a: Alomomola|brn\n|\n|-damage|p2a: Alomomola|67/100 brn|[from] brn\n|upkeep\n|turn|9\n|\n|t:|1771214305\n|move|p1a: Cinderace|U-turn|p2a: Alomomola\n|-damage|p2a: Alomomola|51/100 brn\n|\n|t:|1771214308\n|switch|p1a: Serperior|Serperior, M|100/100|[from] U-turn\n|move|p2a: Alomomola|Flip Turn|p1a: Serperior\n|-resisted|p1a: Serperior\n|-damage|p1a: Serperior|96/100\n|\n|t:|1771214314\n|switch|p2a: Dragapult|Dragapult, F|62/100|[from] Flip Turn\n|\n|upkeep\n|turn|10\n|\n|t:|1771214319\n|switch|p1a: Kingambit|Kingambit, M|100/100\n|-terastallize|p2a: Dragapult|Ghost\n|move|p2a: Dragapult|Tera Blast|p1a: Kingambit|[anim] Tera Blast Ghost\n|-resisted|p1a: Kingambit\n|-damage|p1a: Kingambit|72/100\n|\n|upkeep\n|turn|11\n|\n|t:|1771214336\n|switch|p2a: Zamazenta|Zamazenta|100/100\n|-ability|p2a: Zamazenta|Dauntless Shield|boost\n|-boost|p2a: Zamazenta|def|1\n|move|p1a: Kingambit|Iron Head|p2a: Zamazenta\n|-damage|p2a: Zamazenta|72/100\n|\n|upkeep\n|turn|12\n|\n|t:|1771214345\n|switch|p1a: Articuno|Articuno-Galar|100/100\n|move|p2a: Zamazenta|Crunch|p1a: Articuno\n|-supereffective|p1a: Articuno\n|-damage|p1a: Articuno|5/100\n|\n|upkeep\n|turn|13\n|\n|t:|1771214354\n|switch|p1a: Kingambit|Kingambit, M|72/100\n|move|p2a: Zamazenta|Crunch|p1a: Kingambit\n|-resisted|p1a: Kingambit\n|-damage|p1a: Kingambit|57/100\n|\n|upkeep\n|turn|14\n|\n|t:|1771214357\n|switch|p2a: Hawlucha|Hawlucha, M|65/100\n|-ability|p2a: Hawlucha|Mold Breaker\n|move|p1a: Kingambit|Iron Head|p2a: Hawlucha\n|-damage|p2a: Hawlucha|21/100\n|\n|-heal|p2a: Hawlucha|27/100|[from] item: Leftovers\n|upkeep\n|turn|15\n|\n|t:|1771214371\n|move|p2a: Hawlucha|Roost|p2a: Hawlucha\n|-heal|p2a: Hawlucha|78/100\n|-singleturn|p2a: Hawlucha|move: Roost\n|move|p1a: Kingambit|Iron Head|p2a: Hawlucha\n|-damage|p2a: Hawlucha|35/100\n|\n|-heal|p2a: Hawlucha|41/100|[from] item: Leftovers\n|upkeep\n|turn|16\n|\n|t:|1771214380\n|move|p2a: Hawlucha|U-turn|p1a: Kingambit\n|-damage|p1a: Kingambit|47/100\n|\n|t:|1771214384\n|switch|p2a: Alomomola|Alomomola, M|84/100 brn|[from] U-turn\n|move|p1a: Kingambit|Iron Head|p2a: Alomomola\n|-resisted|p2a: Alomomola\n|-damage|p2a: Alomomola|67/100 brn\n|\n|-damage|p2a: Alomomola|61/100 brn|[from] brn\n|upkeep\n|turn|17\n|\n|t:|1771214393\n|move|p2a: Alomomola|Flip Turn|p1a: Kingambit\n|-damage|p1a: Kingambit|41/100\n|\n|t:|1771214415\n|switch|p2a: Hawlucha|Hawlucha, M|41/100|[from] Flip Turn\n|-ability|p2a: Hawlucha|Mold Breaker\n|move|p1a: Kingambit|Kowtow Cleave|p2a: Hawlucha\n|-resisted|p2a: Hawlucha\n|-damage|p2a: Hawlucha|15/100\n|\n|-heal|p2a: Hawlucha|21/100|[from] item: Leftovers\n|upkeep\n|turn|18\n|\n|t:|1771214427\n|move|p2a: Hawlucha|U-turn|p1a: Kingambit\n|-damage|p1a: Kingambit|29/100\n|\n|t:|1771214430\n|switch|p2a: Alomomola|Alomomola, M|94/100 brn|[from] U-turn\n|move|p1a: Kingambit|Iron Head|p2a: Alomomola\n|-resisted|p2a: Alomomola\n|-damage|p2a: Alomomola|75/100 brn\n|\n|-damage|p2a: Alomomola|69/100 brn|[from] brn\n|upkeep\n|turn|19\n|\n|t:|1771214437\n|move|p2a: Alomomola|Flip Turn|p1a: Kingambit\n|-damage|p1a: Kingambit|24/100\n|\n|t:|1771214440\n|switch|p2a: Hawlucha|Hawlucha, M|21/100|[from] Flip Turn\n|-ability|p2a: Hawlucha|Mold Breaker\n|move|p1a: Kingambit|Kowtow Cleave|p2a: Hawlucha\n|-resisted|p2a: Hawlucha\n|-damage|p2a: Hawlucha|0 fnt\n|faint|p2a: Hawlucha\n|\n|upkeep\n|\n|t:|1771214446\n|switch|p2a: Iron Valiant|Iron Valiant|100/100\n|turn|20\n|\n|t:|1771214453\n|switch|p1a: Articuno|Articuno-Galar|5/100\n|move|p2a: Iron Valiant|Thunderbolt|p1a: Articuno\n|-supereffective|p1a: Articuno\n|-damage|p1a: Articuno|0 fnt\n|faint|p1a: Articuno\n|\n|upkeep\n|\n|t:|1771214456\n|switch|p1a: Dragapult|Dragapult, F|100/100\n|turn|21\n|\n|t:|1771214461\n|-end|p2a: Iron Valiant|Quark Drive|[silent]\n|switch|p2a: Kingambit|Kingambit, M|84/100\n|move|p1a: Dragapult|Psychic Fangs|p2a: Kingambit\n|-immune|p2a: Kingambit\n|\n|-heal|p2a: Kingambit|90/100|[from] item: Leftovers\n|upkeep\n|turn|22\n|\n|t:|1771214470\n|switch|p1a: Kingambit|Kingambit, M|24/100\n|move|p2a: Kingambit|Iron Head|p1a: Kingambit\n|-resisted|p1a: Kingambit\n|-damage|p1a: Kingambit|5/100\n|\n|-heal|p2a: Kingambit|96/100|[from] item: Leftovers\n|upkeep\n|turn|23\n|\n|t:|1771214474\n|switch|p2a: Alomomola|Alomomola, M|100/100 brn\n|move|p1a: Kingambit|Low Kick|p2a: Alomomola\n|-damage|p2a: Alomomola|82/100 brn\n|\n|-damage|p2a: Alomomola|76/100 brn|[from] brn\n|upkeep\n|turn|24\n|\n|t:|1771214478\n|move|p1a: Kingambit|Sucker Punch|p2a: Alomomola\n|-damage|p2a: Alomomola|46/100 brn\n|move|p2a: Alomomola|Flip Turn|p1a: Kingambit\n|-damage|p1a: Kingambit|0 fnt\n|faint|p1a: Kingambit\n|\n|t:|1771214493\n|switch|p2a: Dragapult|Dragapult, F, tera:Ghost|62/100|[from] Flip Turn\n|\n|upkeep\n|\n|t:|1771214498\n|switch|p1a: Dragapult|Dragapult, F|100/100\n|turn|25\n|\n|t:|1771214502\n|switch|p2a: Kingambit|Kingambit, M|96/100\n|move|p1a: Dragapult|Sucker Punch||[still]\n|-fail|p1a: Dragapult\n|\n|-heal|p2a: Kingambit|100/100|[from] item: Leftovers\n|upkeep\n|turn|26\n|\n|t:|1771214509\n|switch|p1a: Cinderace|Cinderace, M|71/100\n|move|p2a: Kingambit|Kowtow Cleave|p1a: Cinderace\n|-damage|p1a: Cinderace|14/100\n|\n|upkeep\n|turn|27\n|\n|t:|1771214517\n|switch|p2a: Alomomola|Alomomola, M|80/100 brn\n|move|p1a: Cinderace|U-turn|p2a: Alomomola\n|-damage|p2a: Alomomola|66/100 brn\n|\n|t:|1771214519\n|switch|p1a: Serperior|Serperior, M|96/100|[from] U-turn\n|\n|-damage|p2a: Alomomola|60/100 brn|[from] brn\n|upkeep\n|turn|28\n|\n|t:|1771214530\n|move|p1a: Serperior|Substitute|p1a: Serperior\n|-start|p1a: Serperior|Substitute\n|-damage|p1a: Serperior|71/100\n|move|p2a: Alomomola|Flip Turn|p1a: Serperior\n|-resisted|p1a: Serperior\n|-activate|p1a: Serperior|move: Substitute|[damage]\n|\n|t:|1771214544\n|switch|p2a: Dragapult|Dragapult, F, tera:Ghost|62/100|[from] Flip Turn\n|\n|upkeep\n|turn|29\n|\n|t:|1771214550\n|move|p2a: Dragapult|Dragon Darts|p1a: Serperior\n|-end|p1a: Serperior|Substitute\n|-anim|p2a: Dragapult|Dragon Darts|p1a: Serperior\n|-damage|p1a: Serperior|28/100\n|move|p1a: Serperior|Leaf Storm|p2a: Dragapult\n|-damage|p2a: Dragapult|0 fnt\n|-boost|p1a: Serperior|spa|2\n|faint|p2a: Dragapult\n|-damage|p1a: Serperior|18/100|[from] item: Life Orb\n|\n|upkeep\n|\n|t:|1771214561\n|switch|p2a: Iron Valiant|Iron Valiant|100/100\n|turn|30\n|\n|t:|1771214568\n|move|p2a: Iron Valiant|Moonblast|p1a: Serperior\n|-damage|p1a: Serperior|0 fnt\n|faint|p1a: Serperior\n|\n|upkeep\n|\n|t:|1771214570\n|switch|p1a: Dragapult|Dragapult, F|100/100\n|turn|31\n|\n|t:|1771214579\n|-terastallize|p1a: Dragapult|Dragon\n|move|p1a: Dragapult|Dragon Darts|p2a: Iron Valiant\n|-immune|p2a: Iron Valiant\n|move|p2a: Iron Valiant|Moonblast|p1a: Dragapult\n|-supereffective|p1a: Dragapult\n|-damage|p1a: Dragapult|0 fnt\n|faint|p1a: Dragapult\n|\n|upkeep\n|-message|ykykp forfeited.\n|\n|win|vote4biden\n|raw|ykykp's rating: 1559 &rarr; <strong>1537</strong><br />(-22 for losing)\n|raw|vote4biden's rating: 1516 &rarr; <strong>1538</strong><br />(+22 for winning)\n|l|☆ykykp\n|player|p1|\n|l|‽vote4biden\n|player|p2|\n", "uploadtime": 1771214833, "views": 6, "formatid": "gen9ou", "rating": 1537, "private": 0, "password": null}