{"id": "gen9ou-2647696080", "format": "[Gen 9] OU", "players": ["dbcool", "wondered72"], "log": "|j|☆dbcool\n|j|☆wondered72\n|t:|1783797739\n|gametype|singles\n|player|p1|dbcool|barry|1632\n|player|p2|wondered72|steven|1584\n|gen|9\n|tier|[Gen 9] OU\n|rated|\n|rule|HP Percentage Mod: HP is shown in percentages\n|rule|Endless Battle Clause: Forcing endless battles is banned\n|rule|Species Clause: Limit one of each Pokémon\n|rule|OHKO Clause: OHKO moves are banned\n|rule|Evasion Items Clause: Evasion items are banned\n|rule|Evasion Moves Clause: Evasion moves are banned\n|rule|Evasion Abilities Clause: Evasion abilities are banned\n|rule|Sleep Moves Clause: Sleep-inducing moves are banned\n|clearpoke\n|poke|p1|Magmortar, M|\n|poke|p1|Kingambit, F|\n|poke|p1|Great Tusk|\n|poke|p1|Ogerpon-Wellspring, F|\n|poke|p1|Dragonite, F|\n|poke|p1|Iron Valiant|\n|poke|p2|Kingambit, F|\n|poke|p2|Cinderace, F|\n|poke|p2|Landorus-Therian, M|\n|poke|p2|Iron Valiant|\n|poke|p2|Kyurem|\n|poke|p2|Slowking-Galar, M|\n|teampreview\n|inactive|Battle timer is ON: inactive players will automatically lose when time's up. (requested by wondered72)\n|c|☆wondered72|hf\n|\n|t:|1783797761\n|teamsize|p1|6\n|teamsize|p2|6\n|start\n|switch|p1a: Ogerpon|Ogerpon-Wellspring, F|100/100\n|switch|p2a: Cinderace|Cinderace, F, shiny|100/100\n|turn|1\n|\n|t:|1783797785\n|switch|p1a: Great Tusk|Great Tusk|100/100\n|move|p2a: Cinderace|Will-O-Wisp|p1a: Great Tusk\n|-status|p1a: Great Tusk|brn\n|\n|-damage|p1a: Great Tusk|94/100 brn|[from] brn\n|upkeep\n|turn|2\n|\n|t:|1783797792\n|move|p2a: Cinderace|U-turn|p1a: Great Tusk\n|-resisted|p1a: Great Tusk\n|-damage|p1a: Great Tusk|89/100 brn\n|-damage|p2a: Cinderace|84/100|[from] item: Rocky Helmet|[of] p1a: Great Tusk\n|\n|t:|1783797796\n|switch|p2a: Slowking|Slowking-Galar, M, shiny|100/100|[from] U-turn\n|move|p1a: Great Tusk|Stealth Rock|p2a: Slowking\n|-sidestart|p2: wondered72|move: Stealth Rock\n|\n|-damage|p1a: Great Tusk|83/100 brn|[from] brn\n|upkeep\n|turn|3\n|\n|t:|1783797807\n|move|p1a: Great Tusk|Headlong Rush|p2a: Slowking\n|-supereffective|p2a: Slowking\n|-damage|p2a: Slowking|48/100\n|-unboost|p1a: Great Tusk|def|1\n|-unboost|p1a: Great Tusk|spd|1\n|move|p2a: Slowking|Psychic Noise|p1a: Great Tusk\n|-supereffective|p1a: Great Tusk\n|-damage|p1a: Great Tusk|0 fnt\n|faint|p1a: Great Tusk\n|-end|p1a: Great Tusk|Protosynthesis|[silent]\n|\n|upkeep\n|\n|t:|1783797816\n|switch|p1a: Ogerpon|Ogerpon-Wellspring, F|100/100\n|turn|4\n|\n|t:|1783797822\n|switch|p2a: Kingambit|Kingambit, F|100/100\n|-damage|p2a: Kingambit|94/100|[from] Stealth Rock\n|move|p1a: Ogerpon|Ivy Cudgel|p2a: Kingambit|[anim] Ivy Cudgel Water\n|-damage|p2a: Kingambit|35/100\n|\n|-heal|p2a: Kingambit|41/100|[from] item: Leftovers\n|upkeep\n|turn|5\n|\n|t:|1783797828\n|move|p2a: Kingambit|Sucker Punch|p1a: Ogerpon\n|-damage|p1a: Ogerpon|48/100\n|move|p1a: Ogerpon|Ivy Cudgel|p2a: Kingambit|[anim] Ivy Cudgel Water\n|-damage|p2a: Kingambit|0 fnt\n|faint|p2a: Kingambit\n|-end|p2a: Kingambit|fallenundefined|[silent]\n|\n|upkeep\n|\n|t:|1783797840\n|switch|p2a: Cinderace|Cinderace, F, shiny|84/100\n|turn|6\n|\n|t:|1783797846\n|move|p2a: Cinderace|Pyro Ball|p1a: Ogerpon\n|-damage|p1a: Ogerpon|0 fnt\n|faint|p1a: Ogerpon\n|\n|upkeep\n|\n|t:|1783797851\n|switch|p1a: Dragonite|Dragonite, F, shiny|100/100\n|turn|7\n|\n|t:|1783797853\n|move|p2a: Cinderace|Will-O-Wisp|p1a: Dragonite\n|-status|p1a: Dragonite|brn\n|move|p1a: Dragonite|Dragon Dance|p1a: Dragonite\n|-boost|p1a: Dragonite|atk|1\n|-boost|p1a: Dragonite|spe|1\n|\n|-damage|p1a: Dragonite|94/100 brn|[from] brn\n|upkeep\n|turn|8\n|\n|t:|1783797858\n|move|p1a: Dragonite|Earthquake|p2a: Cinderace\n|-supereffective|p2a: Cinderace\n|-damage|p2a: Cinderace|18/100\n|move|p2a: Cinderace|Court Change|p2a: Cinderace\n|-swapsideconditions\n|-activate|p2a: Cinderace|move: Court Change\n|\n|-damage|p1a: Dragonite|88/100 brn|[from] brn\n|upkeep\n|turn|9\n|\n|t:|1783797864\n|switch|p2a: Landorus|Landorus-Therian, M, shiny|100/100\n|-ability|p2a: Landorus|Intimidate|boost\n|-unboost|p1a: Dragonite|atk|1\n|move|p1a: Dragonite|Dragon Dance|p1a: Dragonite\n|-boost|p1a: Dragonite|atk|1\n|-boost|p1a: Dragonite|spe|1\n|\n|-damage|p1a: Dragonite|82/100 brn|[from] brn\n|upkeep\n|turn|10\n|\n|t:|1783797871\n|move|p1a: Dragonite|Ice Spinner|p2a: Landorus\n|-supereffective|p2a: Landorus\n|-crit|p2a: Landorus\n|-damage|p2a: Landorus|0 fnt\n|-damage|p1a: Dragonite|66/100 brn|[from] item: Rocky Helmet|[of] p2a: Landorus\n|faint|p2a: Landorus\n|\n|-damage|p1a: Dragonite|59/100 brn|[from] brn\n|upkeep\n|\n|t:|1783797878\n|switch|p2a: Kyurem|Kyurem, shiny|100/100\n|-ability|p2a: Kyurem|Pressure\n|turn|11\n|\n|t:|1783797883\n|move|p1a: Dragonite|Earthquake|p2a: Kyurem\n|-damage|p2a: Kyurem|75/100\n|move|p2a: Kyurem|Freeze-Dry|p1a: Dragonite\n|-supereffective|p1a: Dragonite\n|-crit|p1a: Dragonite\n|-damage|p1a: Dragonite|0 fnt\n|faint|p1a: Dragonite\n|\n|-heal|p2a: Kyurem|81/100|[from] item: Leftovers\n|upkeep\n|\n|t:|1783797888\n|switch|p1a: Magmortar|Magmortar, M, shiny|100/100\n|-damage|p1a: Magmortar|76/100|[from] Stealth Rock\n|turn|12\n|\n|t:|1783797896\n|-terastallize|p2a: Kyurem|Ground\n|move|p2a: Kyurem|Earth Power|p1a: Magmortar\n|-supereffective|p1a: Magmortar\n|-damage|p1a: Magmortar|0 fnt\n|faint|p1a: Magmortar\n|\n|-heal|p2a: Kyurem|87/100|[from] item: Leftovers\n|upkeep\n|j| GhastlyPixie\n|l| GhastlyPixie\n|\n|t:|1783797913\n|switch|p1a: Iron Valiant|Iron Valiant|100/100\n|-damage|p1a: Iron Valiant|94/100|[from] Stealth Rock\n|-enditem|p1a: Iron Valiant|Booster Energy\n|-activate|p1a: Iron Valiant|ability: Quark Drive|[fromitem]\n|-start|p1a: Iron Valiant|quarkdrivespe\n|turn|13\n|\n|t:|1783797917\n|move|p1a: Iron Valiant|Moonblast|p2a: Kyurem\n|-damage|p2a: Kyurem|43/100\n|move|p2a: Kyurem|Earth Power|p1a: Iron Valiant\n|-damage|p1a: Iron Valiant|6/100\n|\n|-heal|p2a: Kyurem|49/100|[from] item: Leftovers\n|upkeep\n|turn|14\n|\n|t:|1783797943\n|move|p1a: Iron Valiant|Close Combat|p2a: Kyurem\n|-damage|p2a: Kyurem|0 fnt\n|-unboost|p1a: Iron Valiant|def|1\n|-unboost|p1a: Iron Valiant|spd|1\n|faint|p2a: Kyurem\n|\n|upkeep\n|\n|t:|1783797947\n|switch|p2a: Slowking|Slowking-Galar, M, shiny|81/100\n|turn|15\n|\n|t:|1783797951\n|move|p1a: Iron Valiant|Knock Off|p2a: Slowking\n|-supereffective|p2a: Slowking\n|-damage|p2a: Slowking|20/100\n|-enditem|p2a: Slowking|Heavy-Duty Boots|[from] move: Knock Off|[of] p1a: Iron Valiant\n|move|p2a: Slowking|Surf|p1a: Iron Valiant\n|-crit|p1a: Iron Valiant\n|-damage|p1a: Iron Valiant|0 fnt\n|faint|p1a: Iron Valiant\n|-end|p1a: Iron Valiant|Quark Drive|[silent]\n|\n|upkeep\n|\n|t:|1783797956\n|switch|p1a: Kingambit|Kingambit, F, shiny|100/100\n|-damage|p1a: Kingambit|94/100|[from] Stealth Rock\n|-activate|p1a: Kingambit|ability: Supreme Overlord\n|-start|p1a: Kingambit|fallen5|[silent]\n|turn|16\n|\n|t:|1783797959\n|move|p1a: Kingambit|Swords Dance|p1a: Kingambit\n|-boost|p1a: Kingambit|atk|2\n|-prepare|p2a: Slowking|Chilly Reception|[premajor]\n|move|p2a: Slowking|Chilly Reception|p2a: Slowking\n|-weather|Snowscape\n|\n|t:|1783797960\n|switch|p2a: Iron Valiant|Iron Valiant|100/100|[from] Chilly Reception\n|-enditem|p2a: Iron Valiant|Booster Energy\n|-activate|p2a: Iron Valiant|ability: Quark Drive|[fromitem]\n|-start|p2a: Iron Valiant|quarkdrivespe\n|\n|-weather|Snowscape|[upkeep]\n|upkeep\n|turn|17\n|\n|t:|1783797967\n|move|p2a: Iron Valiant|Encore|p1a: Kingambit\n|-start|p1a: Kingambit|Encore\n|move|p1a: Kingambit|Swords Dance|p1a: Kingambit\n|-boost|p1a: Kingambit|atk|2\n|\n|-weather|Snowscape|[upkeep]\n|upkeep\n|turn|18\n|\n|t:|1783797976\n|move|p2a: Iron Valiant|Calm Mind|p2a: Iron Valiant\n|-boost|p2a: Iron Valiant|spa|1\n|-boost|p2a: Iron Valiant|spd|1\n|move|p1a: Kingambit|Swords Dance|p1a: Kingambit\n|-boost|p1a: Kingambit|atk|2\n|\n|-weather|Snowscape|[upkeep]\n|upkeep\n|turn|19\n|\n|t:|1783797979\n|move|p2a: Iron Valiant|Moonblast|p1a: Kingambit\n|-damage|p1a: Kingambit|13/100\n|-unboost|p1a: Kingambit|spa|1\n|move|p1a: Kingambit|Swords Dance|p1a: Kingambit\n|-boost|p1a: Kingambit|atk|0\n|\n|-weather|Snowscape|[upkeep]\n|-end|p1a: Kingambit|Encore\n|upkeep\n|turn|20\n|\n|t:|1783797984\n|move|p1a: Kingambit|Sucker Punch||[still]\n|-fail|p1a: Kingambit\n|move|p2a: Iron Valiant|Encore|p1a: Kingambit\n|-start|p1a: Kingambit|Encore\n|\n|-weather|none\n|upkeep\n|turn|21\n|-message|dbcool forfeited.\n|\n|win|wondered72\n|raw|dbcool's rating: 1632 &rarr; <strong>1609</strong><br />(-23 for losing)\n|raw|wondered72's rating: 1584 &rarr; <strong>1607</strong><br />(+23 for winning)\n|l|☆dbcool\n|player|p1|\n|l|☆wondered72\n|player|p2|\n", "uploadtime": 1783798158, "views": 15, "formatid": "gen9ou", "rating": 1607, "private": 0, "password": null}