{"id": "gen9ou-2647751955", "format": "[Gen 9] OU", "players": ["mkap", "dark joe biden"], "log": "|j|☆mkap\n|j|☆dark joe biden\n|t:|1783806565\n|gametype|singles\n|player|p1|mkap|1|1612\n|player|p2|dark joe biden|artist|1704\n|gen|9\n|tier|[Gen 9] OU\n|rated|\n|rule|HP Percentage Mod: HP is shown in percentages\n|rule|Endless Battle Clause: Forcing endless battles is banned\n|rule|Species Clause: Limit one of each Pokémon\n|rule|OHKO Clause: OHKO moves are banned\n|rule|Evasion Items Clause: Evasion items are banned\n|rule|Evasion Moves Clause: Evasion moves are banned\n|rule|Evasion Abilities Clause: Evasion abilities are banned\n|rule|Sleep Moves Clause: Sleep-inducing moves are banned\n|clearpoke\n|poke|p1|Heatran, M|\n|poke|p1|Garchomp, M|\n|poke|p1|Ogerpon, F|\n|poke|p1|Walking Wake|\n|poke|p1|Pecharunt|\n|poke|p1|Great Tusk|\n|poke|p2|Charizard, M|\n|poke|p2|Ninetales, M|\n|poke|p2|Ceruledge, M|\n|poke|p2|Great Tusk|\n|poke|p2|Walking Wake|\n|poke|p2|Hatterene, F|\n|teampreview\n|inactive|Battle timer is ON: inactive players will automatically lose when time's up. (requested by dark joe biden)\n|\n|t:|1783806587\n|teamsize|p1|6\n|teamsize|p2|6\n|start\n|switch|p1a: Heatran|Heatran, M|100/100\n|switch|p2a: Ninetales|Ninetales, M|100/100\n|-weather|SunnyDay|[from] ability: Drought|[of] p2a: Ninetales\n|turn|1\n|\n|t:|1783806594\n|switch|p2a: Charizard|Charizard, M|100/100\n|move|p1a: Heatran|Earth Power|p2a: Charizard\n|-immune|p2a: Charizard\n|\n|-weather|SunnyDay|[upkeep]\n|-damage|p2a: Charizard|88/100|[from] ability: Solar Power|[of] p2a: Charizard\n|upkeep\n|turn|2\n|\n|t:|1783806598\n|switch|p1a: Walking Wake|Walking Wake|100/100\n|-activate|p1a: Walking Wake|ability: Protosynthesis\n|-start|p1a: Walking Wake|protosynthesisspa\n|move|p2a: Charizard|Scorching Sands|p1a: Walking Wake\n|-crit|p1a: Walking Wake\n|-damage|p1a: Walking Wake|43/100\n|\n|-weather|SunnyDay|[upkeep]\n|-damage|p2a: Charizard|76/100|[from] ability: Solar Power|[of] p2a: Charizard\n|upkeep\n|turn|3\n|\n|t:|1783806604\n|switch|p2a: Hatterene|Hatterene, F|100/100\n|move|p1a: Walking Wake|Hydro Pump|p2a: Hatterene\n|-damage|p2a: Hatterene|61/100\n|-enditem|p2a: Hatterene|Eject Button\n|\n|t:|1783806612\n|switch|p2a: Walking Wake|Walking Wake|100/100\n|-activate|p2a: Walking Wake|ability: Protosynthesis\n|-start|p2a: Walking Wake|protosynthesisspe\n|\n|-weather|SunnyDay|[upkeep]\n|upkeep\n|turn|4\n|\n|t:|1783806620\n|-end|p1a: Walking Wake|Protosynthesis|[silent]\n|switch|p1a: Ogerpon|Ogerpon, F|100/100\n|move|p2a: Walking Wake|Dragon Pulse|p1a: Ogerpon\n|-damage|p1a: Ogerpon|34/100\n|-damage|p2a: Walking Wake|91/100|[from] item: Life Orb\n|\n|-weather|SunnyDay|[upkeep]\n|upkeep\n|turn|5\n|\n|t:|1783806629\n|-end|p2a: Walking Wake|Protosynthesis|[silent]\n|switch|p2a: Hatterene|Hatterene, F|61/100\n|-terastallize|p1a: Ogerpon|Grass\n|detailschange|p1a: Ogerpon|Ogerpon-Teal-Tera, F, tera:Grass\n|-ability|p1a: Ogerpon|Embody Aspect (Teal)|boost\n|-boost|p1a: Ogerpon|spe|1\n|move|p1a: Ogerpon|Knock Off|p2a: Hatterene\n|-damage|p2a: Hatterene|45/100\n|\n|-weather|SunnyDay|[upkeep]\n|upkeep\n|turn|6\n|\n|t:|1783806639\n|move|p1a: Ogerpon|Ivy Cudgel|p2a: Hatterene\n|-damage|p2a: Hatterene|0 fnt\n|faint|p2a: Hatterene\n|\n|-weather|SunnyDay|[upkeep]\n|upkeep\n|inactive|dark joe biden has 120 seconds left.\n|inactive|dark joe biden has 90 seconds left.\n|\n|t:|1783806694\n|switch|p2a: Ceruledge|Ceruledge, M|100/100\n|turn|7\n|\n|t:|1783806697\n|move|p1a: Ogerpon|Knock Off|p2a: Ceruledge\n|-supereffective|p2a: Ceruledge\n|-damage|p2a: Ceruledge|4/100\n|-ability|p2a: Ceruledge|Weak Armor|boost\n|-unboost|p2a: Ceruledge|def|1\n|-boost|p2a: Ceruledge|spe|2\n|-enditem|p2a: Ceruledge|Focus Sash|[from] move: Knock Off|[of] p1a: Ogerpon\n|move|p2a: Ceruledge|Bitter Blade|p1a: Ogerpon\n|-supereffective|p1a: Ogerpon\n|-damage|p1a: Ogerpon|0 fnt\n|-heal|p2a: Ceruledge|22/100|[from] drain|[of] p1a: Ogerpon\n|faint|p1a: Ogerpon\n|detailschange|p1: Ogerpon|Ogerpon, F|[silent]\n|\n|-weather|SunnyDay|[upkeep]\n|upkeep\n|\n|t:|1783806703\n|switch|p1a: Garchomp|Garchomp, M|100/100\n|turn|8\n|\n|t:|1783806722\n|move|p2a: Ceruledge|Close Combat|p1a: Garchomp\n|-damage|p1a: Garchomp|66/100\n|-unboost|p2a: Ceruledge|def|1\n|-unboost|p2a: Ceruledge|spd|1\n|-damage|p2a: Ceruledge|9/100|[from] ability: Rough Skin|[of] p1a: Garchomp\n|-damage|p2a: Ceruledge|0 fnt|[from] item: Rocky Helmet|[of] p1a: Garchomp\n|faint|p2a: Ceruledge\n|move|p1a: Garchomp|Earth Power|p2: Ceruledge|[notarget]\n|-fail|p1a: Garchomp\n|\n|-weather|none\n|upkeep\n|\n|t:|1783806725\n|switch|p2a: Great Tusk|Great Tusk|100/100\n|turn|9\n|\n|t:|1783806736\n|move|p1a: Garchomp|Stealth Rock|p2a: Great Tusk\n|-sidestart|p2: dark joe biden|move: Stealth Rock\n|move|p2a: Great Tusk|Ice Spinner|p1a: Garchomp\n|-supereffective|p1a: Garchomp\n|-damage|p1a: Garchomp|0 fnt\n|-damage|p2a: Great Tusk|88/100|[from] ability: Rough Skin|[of] p1a: Garchomp\n|-damage|p2a: Great Tusk|72/100|[from] item: Rocky Helmet|[of] p1a: Garchomp\n|faint|p1a: Garchomp\n|\n|upkeep\n|\n|t:|1783806738\n|switch|p1a: Walking Wake|Walking Wake|43/100\n|turn|10\n|\n|t:|1783806747\n|-end|p2a: Great Tusk|Protosynthesis|[silent]\n|switch|p2a: Ninetales|Ninetales, M|100/100\n|-damage|p2a: Ninetales|76/100|[from] Stealth Rock\n|-weather|SunnyDay|[from] ability: Drought|[of] p2a: Ninetales\n|-activate|p1a: Walking Wake|ability: Protosynthesis\n|-start|p1a: Walking Wake|protosynthesisspa\n|move|p1a: Walking Wake|Hydro Pump|p2a: Ninetales|[miss]\n|-miss|p1a: Walking Wake|p2a: Ninetales\n|\n|-weather|SunnyDay|[upkeep]\n|upkeep\n|turn|11\n|\n|t:|1783806756\n|switch|p2a: Great Tusk|Great Tusk|72/100\n|-damage|p2a: Great Tusk|69/100|[from] Stealth Rock\n|-activate|p2a: Great Tusk|ability: Protosynthesis\n|-start|p2a: Great Tusk|protosynthesisatk\n|move|p1a: Walking Wake|Draco Meteor|p2a: Great Tusk\n|-damage|p2a: Great Tusk|0 fnt\n|-unboost|p1a: Walking Wake|spa|2\n|faint|p2a: Great Tusk\n|-end|p2a: Great Tusk|Protosynthesis|[silent]\n|\n|-weather|SunnyDay|[upkeep]\n|upkeep\n|\n|t:|1783806759\n|switch|p2a: Walking Wake|Walking Wake|91/100\n|-damage|p2a: Walking Wake|78/100|[from] Stealth Rock\n|-activate|p2a: Walking Wake|ability: Protosynthesis\n|-start|p2a: Walking Wake|protosynthesisspe\n|turn|12\n|\n|t:|1783806763\n|move|p2a: Walking Wake|Dragon Pulse|p1a: Walking Wake\n|-supereffective|p1a: Walking Wake\n|-damage|p1a: Walking Wake|0 fnt\n|faint|p1a: Walking Wake\n|-end|p1a: Walking Wake|Protosynthesis|[silent]\n|-damage|p2a: Walking Wake|68/100|[from] item: Life Orb\n|\n|-weather|SunnyDay|[upkeep]\n|upkeep\n|\n|t:|1783806766\n|switch|p1a: Heatran|Heatran, M|100/100\n|turn|13\n|\n|t:|1783806773\n|-terastallize|p2a: Walking Wake|Water\n|move|p2a: Walking Wake|Hydro Steam|p1a: Heatran\n|-supereffective|p1a: Heatran\n|-damage|p1a: Heatran|0 fnt\n|faint|p1a: Heatran\n|-damage|p2a: Walking Wake|58/100|[from] item: Life Orb\n|\n|-weather|SunnyDay|[upkeep]\n|upkeep\n|\n|t:|1783806777\n|switch|p1a: Pecharunt|Pecharunt|100/100\n|-item|p1a: Pecharunt|Air Balloon\n|turn|14\n|\n|t:|1783806779\n|move|p2a: Walking Wake|Hydro Steam|p1a: Pecharunt\n|-damage|p1a: Pecharunt|4/100\n|-enditem|p1a: Pecharunt|Air Balloon\n|-damage|p2a: Walking Wake|48/100|[from] item: Life Orb\n|move|p1a: Pecharunt|Malignant Chain|p2a: Walking Wake\n|-damage|p2a: Walking Wake|15/100\n|\n|-weather|SunnyDay|[upkeep]\n|upkeep\n|turn|15\n|-message|mkap forfeited.\n|\n|win|dark joe biden\n|raw|mkap's rating: 1612 &rarr; <strong>1597</strong><br />(-15 for losing)\n|raw|dark joe biden's rating: 1704 &rarr; <strong>1719</strong><br />(+15 for winning)\n|l|☆mkap\n|player|p1|\n|l|☆dark joe biden\n|player|p2|\n", "uploadtime": 1783807041, "views": 20, "formatid": "gen9ou", "rating": 1597, "private": 0, "password": null}