{"id": "gen9ou-2639264085", "format": "[Gen 9] OU", "players": ["firecharmander004", "flylover42"], "log": "|j|☆firecharmander004\n|j|☆flylover42\n|t:|1782442515\n|gametype|singles\n|player|p1|firecharmander004|265|1526\n|player|p2|flylover42|lady|1442\n|gen|9\n|tier|[Gen 9] OU\n|rated|\n|rule|HP Percentage Mod: HP is shown in percentages\n|rule|Endless Battle Clause: Forcing endless battles is banned\n|rule|Species Clause: Limit one of each Pokémon\n|rule|OHKO Clause: OHKO moves are banned\n|rule|Evasion Items Clause: Evasion items are banned\n|rule|Evasion Moves Clause: Evasion moves are banned\n|rule|Evasion Abilities Clause: Evasion abilities are banned\n|rule|Sleep Moves Clause: Sleep-inducing moves are banned\n|clearpoke\n|poke|p1|Raging Bolt|\n|poke|p1|Great Tusk|\n|poke|p1|Gholdengo|\n|poke|p1|Ogerpon-Wellspring, F|\n|poke|p1|Alomomola, F|\n|poke|p1|Darkrai|\n|poke|p2|Indeedee, M|\n|poke|p2|Armarouge, M|\n|poke|p2|Hatterene, F|\n|poke|p2|Polteageist|\n|poke|p2|Hawlucha, F|\n|poke|p2|Maushold|\n|teampreview\n|inactive|Battle timer is ON: inactive players will automatically lose when time's up. (requested by firecharmander004)\n|\n|t:|1782442543\n|teamsize|p1|6\n|teamsize|p2|6\n|start\n|switch|p1a: t-clap em cheeks|Raging Bolt|100/100\n|switch|p2a: Indeedee|Indeedee, M|100/100\n|-fieldstart|move: Psychic Terrain|[from] ability: Psychic Surge|[of] p2a: Indeedee\n|turn|1\n|\n|t:|1782442549\n|switch|p2a: Hatterene|Hatterene, F|100/100\n|move|p1a: t-clap em cheeks|Volt Switch|p2a: Hatterene\n|-damage|p2a: Hatterene|54/100\n|-enditem|p2a: Hatterene|Eject Button\n|\n|t:|1782442567\n|switch|p2a: Maushold|Maushold|100/100\n|\n|upkeep\n|turn|2\n|\n|t:|1782442579\n|move|p2a: Maushold|Population Bomb|p1a: t-clap em cheeks\n|-damage|p1a: t-clap em cheeks|91/100\n|-damage|p1a: t-clap em cheeks|82/100\n|-damage|p1a: t-clap em cheeks|71/100\n|-damage|p1a: t-clap em cheeks|62/100\n|-damage|p1a: t-clap em cheeks|52/100\n|-damage|p1a: t-clap em cheeks|41/100\n|-damage|p1a: t-clap em cheeks|30/100\n|-damage|p1a: t-clap em cheeks|21/100\n|-damage|p1a: t-clap em cheeks|12/100\n|-damage|p1a: t-clap em cheeks|1/100\n|-hitcount|p1a: t-clap em cheeks|10\n|move|p1a: t-clap em cheeks|Volt Switch|p2a: Maushold\n|-damage|p2a: Maushold|36/100\n|inactive|firecharmander004 has 120 seconds left.\n|\n|t:|1782442633\n|-end|p1a: t-clap em cheeks|Protosynthesis|[silent]\n|switch|p1a: my nightmares|Darkrai|100/100|[from] Volt Switch\n|\n|upkeep\n|turn|3\n|\n|t:|1782442646\n|move|p1a: my nightmares|Dark Pulse|p2a: Maushold\n|-damage|p2a: Maushold|0 fnt\n|faint|p2a: Maushold\n|\n|upkeep\n|\n|t:|1782442654\n|switch|p2a: Hawlucha|Hawlucha, F|100/100\n|-enditem|p2a: Hawlucha|Psychic Seed\n|-boost|p2a: Hawlucha|spd|1|[from] item: Psychic Seed\n|turn|4\n|\n|t:|1782442661\n|switch|p1a: i love hazards|Gholdengo|100/100\n|-item|p1a: i love hazards|Air Balloon\n|move|p2a: Hawlucha|Swords Dance|p2a: Hawlucha\n|-boost|p2a: Hawlucha|atk|2\n|\n|upkeep\n|turn|5\n|\n|t:|1782442679\n|move|p2a: Hawlucha|Acrobatics|p1a: i love hazards\n|-resisted|p1a: i love hazards\n|-damage|p1a: i love hazards|43/100\n|-enditem|p1a: i love hazards|Air Balloon\n|move|p1a: i love hazards|Make It Rain|p2a: Hawlucha\n|-damage|p2a: Hawlucha|38/100\n|-unboost|p1a: i love hazards|spa|1\n|\n|upkeep\n|turn|6\n|\n|t:|1782442700\n|move|p2a: Hawlucha|Acrobatics|p1a: i love hazards\n|-resisted|p1a: i love hazards\n|-damage|p1a: i love hazards|0 fnt\n|faint|p1a: i love hazards\n|\n|upkeep\n|inactive|firecharmander004 has 90 seconds left.\n|inactive|firecharmander004 has 60 seconds left.\n|\n|t:|1782442746\n|switch|p1a: elephantintheroom|Great Tusk|100/100\n|turn|7\n|\n|t:|1782442758\n|-terastallize|p1a: elephantintheroom|Steel\n|move|p2a: Hawlucha|Acrobatics|p1a: elephantintheroom\n|-resisted|p1a: elephantintheroom\n|-damage|p1a: elephantintheroom|63/100\n|move|p1a: elephantintheroom|Ice Spinner|p2a: Hawlucha\n|-supereffective|p2a: Hawlucha\n|-damage|p2a: Hawlucha|0 fnt\n|-fieldend|move: Psychic Terrain\n|faint|p2a: Hawlucha\n|\n|upkeep\n|\n|t:|1782442763\n|switch|p2a: Indeedee|Indeedee, M|100/100\n|-fieldstart|move: Psychic Terrain|[from] ability: Psychic Surge|[of] p2a: Indeedee\n|turn|8\n|\n|t:|1782442778\n|switch|p2a: Hatterene|Hatterene, F|54/100\n|-end|p1a: elephantintheroom|Protosynthesis|[silent]\n|switch|p1a: t-clap em cheeks|Raging Bolt|1/100\n|\n|upkeep\n|turn|9\n|\n|t:|1782442785\n|move|p1a: t-clap em cheeks|Thunderbolt|p2a: Hatterene\n|-damage|p2a: Hatterene|0 fnt\n|faint|p2a: Hatterene\n|\n|upkeep\n|\n|t:|1782442803\n|switch|p2a: Armarouge|Armarouge, M|100/100\n|turn|10\n|\n|t:|1782442809\n|move|p2a: Armarouge|Expanding Force|p1a: t-clap em cheeks\n|-damage|p1a: t-clap em cheeks|0 fnt\n|faint|p1a: t-clap em cheeks\n|-end|p1a: t-clap em cheeks|Protosynthesis|[silent]\n|\n|upkeep\n|\n|t:|1782442818\n|switch|p1a: my nightmares|Darkrai|100/100\n|turn|11\n|\n|t:|1782442822\n|move|p2a: Armarouge|Endure|p2a: Armarouge\n|-singleturn|p2a: Armarouge|move: Endure\n|move|p1a: my nightmares|Dark Pulse|p2a: Armarouge\n|-supereffective|p2a: Armarouge\n|-activate|p2a: Armarouge|move: Endure\n|-damage|p2a: Armarouge|1/100\n|-enditem|p2a: Armarouge|Weakness Policy\n|-boost|p2a: Armarouge|atk|2|[from] item: Weakness Policy\n|-boost|p2a: Armarouge|spa|2|[from] item: Weakness Policy\n|\n|upkeep\n|turn|12\n|\n|t:|1782442829\n|move|p1a: my nightmares|Dark Pulse|p2a: Armarouge\n|-supereffective|p2a: Armarouge\n|-crit|p2a: Armarouge\n|-damage|p2a: Armarouge|0 fnt\n|faint|p2a: Armarouge\n|\n|upkeep\n|\n|t:|1782442837\n|switch|p2a: Indeedee|Indeedee, M|100/100\n|turn|13\n|\n|t:|1782442841\n|move|p1a: my nightmares|Dark Pulse|p2a: Indeedee\n|-supereffective|p2a: Indeedee\n|-damage|p2a: Indeedee|1/100\n|move|p2a: Indeedee|Dazzling Gleam|p1a: my nightmares\n|-supereffective|p1a: my nightmares\n|-damage|p1a: my nightmares|53/100\n|\n|upkeep\n|turn|14\n|\n|t:|1782442845\n|move|p1a: my nightmares|Dark Pulse|p2a: Indeedee\n|-supereffective|p2a: Indeedee\n|-crit|p2a: Indeedee\n|-damage|p2a: Indeedee|0 fnt\n|faint|p2a: Indeedee\n|\n|upkeep\n|\n|t:|1782442847\n|switch|p2a: Polteageist|Polteageist|100/100\n|turn|15\n|\n|t:|1782442852\n|move|p1a: my nightmares|Dark Pulse|p2a: Polteageist\n|-supereffective|p2a: Polteageist\n|-damage|p2a: Polteageist|2/100\n|move|p2a: Polteageist|Shell Smash|p2a: Polteageist\n|-unboost|p2a: Polteageist|def|1\n|-unboost|p2a: Polteageist|spd|1\n|-boost|p2a: Polteageist|atk|2\n|-boost|p2a: Polteageist|spa|2\n|-boost|p2a: Polteageist|spe|2\n|\n|-fieldend|move: Psychic Terrain\n|upkeep\n|turn|16\n|\n|t:|1782442858\n|move|p1a: my nightmares|Dark Pulse|p2a: Polteageist\n|-supereffective|p2a: Polteageist\n|-damage|p2a: Polteageist|0 fnt\n|faint|p2a: Polteageist\n|\n|win|firecharmander004\n|raw|firecharmander004's rating: 1526 &rarr; <strong>1541</strong><br />(+15 for winning)\n|raw|flylover42's rating: 1442 &rarr; <strong>1427</strong><br />(-15 for losing)\n|l|☆flylover42\n|player|p2|\n", "uploadtime": 1782442869, "views": 8, "formatid": "gen9ou", "rating": 1427, "private": 0, "password": null}