{"id": "gen9ou-2639211279", "format": "[Gen 9] OU", "players": ["nanamigaming", "thepeakmons"], "log": "|j|☆nanamigaming\n|j|☆thepeakmons\n|t:|1782434727\n|gametype|singles\n|player|p1|nanamigaming|102|1219\n|player|p2|thepeakmons|101|1265\n|gen|9\n|tier|[Gen 9] OU\n|rated|\n|rule|HP Percentage Mod: HP is shown in percentages\n|rule|Endless Battle Clause: Forcing endless battles is banned\n|rule|Species Clause: Limit one of each Pokémon\n|rule|OHKO Clause: OHKO moves are banned\n|rule|Evasion Items Clause: Evasion items are banned\n|rule|Evasion Moves Clause: Evasion moves are banned\n|rule|Evasion Abilities Clause: Evasion abilities are banned\n|rule|Sleep Moves Clause: Sleep-inducing moves are banned\n|clearpoke\n|poke|p1|Dragonite, F|\n|poke|p1|Heatran, M|\n|poke|p1|Tinkaton, F|\n|poke|p1|Iron Treads|\n|poke|p1|Landorus-Therian, M|\n|poke|p1|Kyurem|\n|poke|p2|Corviknight, F|\n|poke|p2|Ting-Lu|\n|poke|p2|Kyurem|\n|poke|p2|Dondozo, M|\n|poke|p2|Slowking-Galar, M|\n|poke|p2|Cinderace, M|\n|teampreview\n|\n|t:|1782434736\n|teamsize|p1|6\n|teamsize|p2|6\n|start\n|switch|p1a: Kuregumo|Kyurem|100/100\n|switch|p2a: Cinderace|Cinderace, M|100/100\n|-ability|p1a: Kuregumo|Pressure\n|turn|1\n|inactive|Battle timer is ON: inactive players will automatically lose when time's up. (requested by thepeakmons)\n|\n|t:|1782434766\n|switch|p1a: cooler gliscor|Landorus-Therian, M|100/100\n|-ability|p1a: cooler gliscor|Intimidate|boost\n|-unboost|p2a: Cinderace|atk|1\n|move|p2a: Cinderace|Will-O-Wisp|p1a: cooler gliscor\n|-status|p1a: cooler gliscor|brn\n|\n|-damage|p1a: cooler gliscor|95/100 brn|[from] brn\n|upkeep\n|turn|2\n|\n|t:|1782434777\n|switch|p2a: Kyurem|Kyurem|100/100\n|-ability|p2a: Kyurem|Pressure\n|move|p1a: cooler gliscor|Taunt|p2a: Kyurem\n|-start|p2a: Kyurem|move: Taunt\n|\n|-damage|p1a: cooler gliscor|89/100 brn|[from] brn\n|upkeep\n|turn|3\n|\n|t:|1782434805\n|switch|p1a: Benkei|Tinkaton, F, shiny|100/100\n|-item|p1a: Benkei|Air Balloon\n|move|p2a: Kyurem|Freeze-Dry|p1a: Benkei\n|-resisted|p1a: Benkei\n|-damage|p1a: Benkei|84/100\n|-enditem|p1a: Benkei|Air Balloon\n|\n|upkeep\n|turn|4\n|\n|t:|1782434827\n|switch|p2a: Ting-Lu|Ting-Lu|100/100\n|-ability|p2a: Ting-Lu|Vessel of Ruin\n|move|p1a: Benkei|Thunder Wave|p2a: Ting-Lu\n|-immune|p2a: Ting-Lu\n|\n|upkeep\n|turn|5\n|\n|t:|1782434844\n|move|p1a: Benkei|Stealth Rock|p2a: Ting-Lu\n|-sidestart|p2: thepeakmons|move: Stealth Rock\n|move|p2a: Ting-Lu|Earthquake|p1a: Benkei\n|-supereffective|p1a: Benkei\n|-damage|p1a: Benkei|4/100\n|\n|upkeep\n|turn|6\n|\n|t:|1782434858\n|switch|p1a: learnosaurus|Dragonite, F|100/100\n|switch|p2a: Cinderace|Cinderace, M|100/100\n|\n|upkeep\n|turn|7\n|\n|t:|1782434870\n|move|p1a: learnosaurus|Extreme Speed|p2a: Cinderace\n|-damage|p2a: Cinderace|64/100\n|move|p2a: Cinderace|Will-O-Wisp|p1a: learnosaurus|[miss]\n|-miss|p2a: Cinderace|p1a: learnosaurus\n|\n|upkeep\n|turn|8\n|\n|t:|1782434881\n|switch|p1a: hotpocket|Heatran, M|100/100\n|move|p2a: Cinderace|Court Change|p2a: Cinderace\n|-swapsideconditions\n|-activate|p2a: Cinderace|move: Court Change\n|\n|upkeep\n|turn|9\n|\n|t:|1782434895\n|switch|p2a: Kyurem|Kyurem|100/100\n|-ability|p2a: Kyurem|Pressure\n|move|p1a: hotpocket|Will-O-Wisp|p2a: Kyurem\n|-status|p2a: Kyurem|brn\n|\n|-damage|p2a: Kyurem|94/100 brn|[from] brn\n|upkeep\n|turn|10\n|\n|t:|1782434911\n|switch|p1a: Benkei|Tinkaton, F, shiny|4/100\n|-damage|p1a: Benkei|0 fnt|[from] Stealth Rock\n|faint|p1a: Benkei\n|move|p2a: Kyurem|Earth Power|p1: Benkei|[notarget]\n|-fail|p2a: Kyurem\n|\n|-heal|p2a: Kyurem|100/100 brn|[from] item: Leftovers\n|-damage|p2a: Kyurem|94/100 brn|[from] brn\n|upkeep\n|\n|t:|1782434921\n|switch|p1a: cooler gliscor|Landorus-Therian, M|89/100 brn\n|-ability|p1a: cooler gliscor|Intimidate|boost\n|-unboost|p2a: Kyurem|atk|1\n|turn|11\n|\n|t:|1782434925\n|move|p2a: Kyurem|Freeze-Dry|p1a: cooler gliscor\n|-supereffective|p1a: cooler gliscor\n|-damage|p1a: cooler gliscor|0 fnt\n|faint|p1a: cooler gliscor\n|\n|-heal|p2a: Kyurem|100/100 brn|[from] item: Leftovers\n|-damage|p2a: Kyurem|94/100 brn|[from] brn\n|upkeep\n|inactive|nanamigaming has 120 seconds left.\n|\n|t:|1782434950\n|switch|p1a: Kuregumo|Kyurem|100/100\n|-damage|p1a: Kuregumo|75/100|[from] Stealth Rock\n|-ability|p1a: Kuregumo|Pressure\n|turn|12\n|\n|t:|1782434969\n|move|p2a: Kyurem|Freeze-Dry|p1a: Kuregumo\n|-damage|p1a: Kuregumo|45/100\n|move|p1a: Kuregumo|Draco Meteor|p2a: Kyurem\n|-supereffective|p2a: Kyurem\n|-damage|p2a: Kyurem|0 fnt\n|-unboost|p1a: Kuregumo|spa|2\n|faint|p2a: Kyurem\n|\n|upkeep\n|\n|t:|1782434983\n|switch|p2a: Ting-Lu|Ting-Lu|100/100\n|-ability|p2a: Ting-Lu|Vessel of Ruin\n|turn|13\n|\n|t:|1782434998\n|switch|p1a: learnosaurus|Dragonite, F|100/100\n|move|p2a: Ting-Lu|Payback|p1a: learnosaurus\n|-damage|p1a: learnosaurus|90/100\n|\n|upkeep\n|turn|14\n|\n|t:|1782435012\n|switch|p1a: skat pac|Iron Treads|100/100\n|-damage|p1a: skat pac|97/100|[from] Stealth Rock\n|move|p2a: Ting-Lu|Payback|p1a: skat pac\n|-damage|p1a: skat pac|81/100\n|\n|upkeep\n|turn|15\n|\n|t:|1782435032\n|move|p1a: skat pac|Rapid Spin|p2a: Ting-Lu\n|-damage|p2a: Ting-Lu|92/100\n|-boost|p1a: skat pac|spe|1\n|-sideend|p1: nanamigaming|Stealth Rock|[from] move: Rapid Spin|[of] p1a: skat pac\n|move|p2a: Ting-Lu|Payback|p1a: skat pac\n|-damage|p1a: skat pac|48/100\n|\n|-heal|p2a: Ting-Lu|98/100|[from] item: Leftovers\n|upkeep\n|turn|16\n|inactive|thepeakmons has 120 seconds left.\n|\n|t:|1782435050\n|-end|p1a: skat pac|Quark Drive|[silent]\n|switch|p1a: Kuregumo|Kyurem|45/100\n|-ability|p1a: Kuregumo|Pressure\n|move|p2a: Ting-Lu|Earthquake|p1a: Kuregumo\n|-damage|p1a: Kuregumo|6/100\n|\n|-heal|p2a: Ting-Lu|100/100|[from] item: Leftovers\n|upkeep\n|turn|17\n|inactive|thepeakmons has 120 seconds left.\n|inactive|nanamigaming has 120 seconds left.\n|\n|t:|1782435072\n|move|p1a: Kuregumo|Ice Beam|p2a: Ting-Lu\n|-supereffective|p2a: Ting-Lu\n|-damage|p2a: Ting-Lu|41/100\n|move|p2a: Ting-Lu|Earthquake|p1a: Kuregumo\n|-damage|p1a: Kuregumo|0 fnt\n|faint|p1a: Kuregumo\n|\n|-heal|p2a: Ting-Lu|47/100|[from] item: Leftovers\n|upkeep\n|inactive|nanamigaming has 120 seconds left.\n|\n|t:|1782435082\n|switch|p1a: learnosaurus|Dragonite, F|90/100\n|turn|18\n|\n|t:|1782435090\n|move|p1a: learnosaurus|Dragon Dance|p1a: learnosaurus\n|-boost|p1a: learnosaurus|atk|1\n|-boost|p1a: learnosaurus|spe|1\n|move|p2a: Ting-Lu|Rest|p2a: Ting-Lu\n|-status|p2a: Ting-Lu|slp|[from] move: Rest\n|-heal|p2a: Ting-Lu|100/100 slp|[silent]\n|\n|upkeep\n|turn|19\n|\n|t:|1782435097\n|switch|p2a: Corviknight|Corviknight, F|100/100\n|-ability|p2a: Corviknight|Pressure\n|move|p1a: learnosaurus|Dragon Dance|p1a: learnosaurus\n|-boost|p1a: learnosaurus|atk|1\n|-boost|p1a: learnosaurus|spe|1\n|\n|upkeep\n|turn|20\n|inactive|thepeakmons has 120 seconds left.\n|\n|t:|1782435126\n|switch|p2a: Slowking|Slowking-Galar, M|100/100\n|-terastallize|p1a: learnosaurus|Fire\n|move|p1a: learnosaurus|Fire Punch|p2a: Slowking\n|-damage|p2a: Slowking|36/100\n|\n|upkeep\n|turn|21\n|inactive|thepeakmons has 120 seconds left.\n|\n|t:|1782435141\n|switch|p2a: Dondozo|Dondozo, M|100/100\n|move|p1a: learnosaurus|Extreme Speed|p2a: Dondozo\n|-damage|p2a: Dondozo|81/100\n|\n|-heal|p2a: Dondozo|87/100|[from] item: Leftovers\n|upkeep\n|turn|22\n|inactive|thepeakmons has 120 seconds left.\n|\n|t:|1782435173\n|move|p1a: learnosaurus|Roost|p1a: learnosaurus\n|-heal|p1a: learnosaurus|100/100\n|move|p2a: Dondozo|Waterfall|p1a: learnosaurus\n|-supereffective|p1a: learnosaurus\n|-damage|p1a: learnosaurus|71/100\n|\n|-heal|p2a: Dondozo|93/100|[from] item: Leftovers\n|upkeep\n|turn|23\n|inactive|thepeakmons has 90 seconds left.\n|\n|t:|1782435213\n|switch|p1a: skat pac|Iron Treads|48/100\n|move|p2a: Dondozo|Waterfall|p1a: skat pac\n|-supereffective|p1a: skat pac\n|-crit|p1a: skat pac\n|-damage|p1a: skat pac|0 fnt\n|faint|p1a: skat pac\n|-end|p1a: skat pac|Quark Drive|[silent]\n|\n|-heal|p2a: Dondozo|99/100|[from] item: Leftovers\n|upkeep\n|\n|t:|1782435222\n|switch|p1a: hotpocket|Heatran, M|100/100\n|turn|24\n|\n|t:|1782435230\n|switch|p2a: Ting-Lu|Ting-Lu|100/100 slp\n|-ability|p2a: Ting-Lu|Vessel of Ruin\n|move|p1a: hotpocket|Will-O-Wisp||[still]\n|-fail|p1a: hotpocket\n|\n|upkeep\n|turn|25\n|-message|nanamigaming forfeited.\n|\n|win|thepeakmons\n|raw|nanamigaming's rating: 1219 &rarr; <strong>1196</strong><br />(-23 for losing)\n|raw|thepeakmons's rating: 1242 &rarr; <strong>1265</strong><br />(+23 for winning)\n|l|☆nanamigaming\n|player|p1|\n", "uploadtime": 1782435248, "views": 12, "formatid": "gen9ou", "rating": 1196, "private": 0, "password": null}