{"id": "gen9ou-2540620525", "format": "[Gen 9] OU", "players": ["ceo o wo chien", "mankindes"], "log": "|j|☆ceo o wo chien\n|j|☆mankindes\n|t:|1771228706\n|gametype|singles\n|player|p1|ceo o wo chien|1|1777\n|player|p2|mankindes|170|1667\n|gen|9\n|tier|[Gen 9] OU\n|rated|\n|rule|HP Percentage Mod: HP is shown in percentages\n|rule|Endless Battle Clause: Forcing endless battles is banned\n|rule|Species Clause: Limit one of each Pokémon\n|rule|OHKO Clause: OHKO moves are banned\n|rule|Evasion Items Clause: Evasion items are banned\n|rule|Evasion Moves Clause: Evasion moves are banned\n|rule|Evasion Abilities Clause: Evasion abilities are banned\n|rule|Sleep Moves Clause: Sleep-inducing moves are banned\n|clearpoke\n|poke|p1|Primarina, F|\n|poke|p1|Iron Crown|\n|poke|p1|Great Tusk|\n|poke|p1|Wo-Chien|\n|poke|p1|Moltres|\n|poke|p1|Dragapult, F|\n|poke|p2|Raging Bolt|\n|poke|p2|Gliscor, F|\n|poke|p2|Iron Valiant|\n|poke|p2|Corviknight, M|\n|poke|p2|Kingambit, F|\n|poke|p2|Iron Moth|\n|teampreview\n|inactive|Battle timer is ON: inactive players will automatically lose when time's up. (requested by ceo o wo chien)\n|j| Box Scammer\n|j| Romaxou\n|\n|t:|1771228723\n|teamsize|p1|6\n|teamsize|p2|6\n|start\n|switch|p1a: Primarina|Primarina, F|100/100\n|switch|p2a: Raging Bolt|Raging Bolt|100/100\n|turn|1\n|\n|t:|1771228728\n|switch|p1a: Wo-Chien|Wo-Chien|100/100\n|-ability|p1a: Wo-Chien|Tablets of Ruin\n|move|p2a: Raging Bolt|Volt Switch|p1a: Wo-Chien\n|-resisted|p1a: Wo-Chien\n|-damage|p1a: Wo-Chien|78/100\n|\n|t:|1771228733\n|-end|p2a: Raging Bolt|Protosynthesis|[silent]\n|switch|p2a: Corviknight|Corviknight, M|100/100|[from] Volt Switch\n|\n|-heal|p1a: Wo-Chien|84/100|[from] item: Leftovers\n|upkeep\n|turn|2\n|\n|t:|1771228736\n|switch|p1a: Moltres|Moltres|100/100\n|move|p2a: Corviknight|U-turn|p1a: Moltres\n|-resisted|p1a: Moltres\n|-damage|p1a: Moltres|97/100\n|-status|p2a: Corviknight|brn|[from] ability: Flame Body|[of] p1a: Moltres\n|\n|t:|1771228740\n|switch|p2a: Raging Bolt|Raging Bolt|100/100|[from] U-turn\n|\n|upkeep\n|turn|3\n|\n|t:|1771228745\n|switch|p1a: Wo-Chien|Wo-Chien|84/100\n|-ability|p1a: Wo-Chien|Tablets of Ruin\n|move|p2a: Raging Bolt|Volt Switch|p1a: Wo-Chien\n|-resisted|p1a: Wo-Chien\n|-damage|p1a: Wo-Chien|64/100\n|\n|t:|1771228749\n|-end|p2a: Raging Bolt|Protosynthesis|[silent]\n|switch|p2a: Corviknight|Corviknight, M|100/100 brn|[from] Volt Switch\n|\n|-heal|p1a: Wo-Chien|70/100|[from] item: Leftovers\n|-damage|p2a: Corviknight|94/100 brn|[from] brn\n|upkeep\n|turn|4\n|\n|t:|1771228751\n|switch|p1a: Dragapult|Dragapult, F|100/100\n|move|p2a: Corviknight|U-turn|p1a: Dragapult\n|-resisted|p1a: Dragapult\n|-damage|p1a: Dragapult|96/100\n|\n|t:|1771228755\n|switch|p2a: Kingambit|Kingambit, F, shiny|100/100|[from] U-turn\n|\n|upkeep\n|turn|5\n|\n|t:|1771228759\n|switch|p1a: Great Tusk|Great Tusk|100/100\n|move|p2a: Kingambit|Kowtow Cleave|p1a: Great Tusk\n|-resisted|p1a: Great Tusk\n|-damage|p1a: Great Tusk|84/100\n|\n|upkeep\n|turn|6\n|\n|t:|1771228763\n|-end|p2a: Kingambit|fallenundefined|[silent]\n|switch|p2a: Corviknight|Corviknight, M|94/100 brn\n|move|p1a: Great Tusk|Stealth Rock|p2a: Corviknight\n|-sidestart|p2: mankindes|move: Stealth Rock\n|\n|-damage|p2a: Corviknight|88/100 brn|[from] brn\n|upkeep\n|turn|7\n|\n|t:|1771228769\n|-end|p1a: Great Tusk|Protosynthesis|[silent]\n|switch|p1a: Iron Crown|Iron Crown|100/100\n|move|p2a: Corviknight|Defog|p1a: Iron Crown\n|-unboost|p1a: Iron Crown|evasion|1\n|-sideend|p2: mankindes|Stealth Rock|[from] move: Defog|[of] p2a: Corviknight\n|\n|-damage|p2a: Corviknight|82/100 brn|[from] brn\n|upkeep\n|turn|8\n|\n|t:|1771228772\n|move|p1a: Iron Crown|Tachyon Cutter|p2a: Corviknight\n|-resisted|p2a: Corviknight\n|-damage|p2a: Corviknight|68/100 brn\n|-resisted|p2a: Corviknight\n|-damage|p2a: Corviknight|55/100 brn\n|-hitcount|p2a: Corviknight|2\n|move|p2a: Corviknight|U-turn|p1a: Iron Crown\n|-crit|p1a: Iron Crown\n|-damage|p1a: Iron Crown|89/100\n|l| Box Scammer\n|\n|t:|1771228776\n|switch|p2a: Iron Moth|Iron Moth|100/100|[from] U-turn\n|\n|upkeep\n|turn|9\n|\n|t:|1771228781\n|-end|p1a: Iron Crown|Quark Drive|[silent]\n|switch|p1a: Moltres|Moltres|97/100\n|move|p2a: Iron Moth|Overheat|p1a: Moltres\n|-resisted|p1a: Moltres\n|-damage|p1a: Moltres|70/100\n|-unboost|p2a: Iron Moth|spa|2\n|\n|upkeep\n|turn|10\n|\n|t:|1771228791\n|-end|p2a: Iron Moth|Quark Drive|[silent]\n|switch|p2a: Raging Bolt|Raging Bolt|100/100\n|move|p1a: Moltres|U-turn|p2a: Raging Bolt\n|-damage|p2a: Raging Bolt|89/100\n|\n|t:|1771228793\n|switch|p1a: Dragapult|Dragapult, F|96/100|[from] U-turn\n|\n|upkeep\n|turn|11\n|\n|t:|1771228806\n|-end|p2a: Raging Bolt|Protosynthesis|[silent]\n|switch|p2a: Corviknight|Corviknight, M|55/100 brn\n|move|p1a: Dragapult|U-turn|p2a: Corviknight\n|-resisted|p2a: Corviknight\n|-damage|p2a: Corviknight|48/100 brn\n|-damage|p1a: Dragapult|79/100|[from] item: Rocky Helmet|[of] p2a: Corviknight\n|\n|t:|1771228808\n|switch|p1a: Iron Crown|Iron Crown|89/100|[from] U-turn\n|\n|-damage|p2a: Corviknight|42/100 brn|[from] brn\n|upkeep\n|turn|12\n|\n|t:|1771228815\n|move|p1a: Iron Crown|Volt Switch|p2a: Corviknight\n|-supereffective|p2a: Corviknight\n|-damage|p2a: Corviknight|0 fnt\n|faint|p2a: Corviknight\n|\n|t:|1771228818\n|-end|p1a: Iron Crown|Quark Drive|[silent]\n|switch|p1a: Dragapult|Dragapult, F|79/100|[from] Volt Switch\n|\n|upkeep\n|\n|t:|1771228824\n|switch|p2a: Kingambit|Kingambit, F, shiny|100/100\n|-activate|p2a: Kingambit|ability: Supreme Overlord\n|-start|p2a: Kingambit|fallen1|[silent]\n|turn|13\n|\n|t:|1771228827\n|move|p1a: Dragapult|Will-O-Wisp|p2a: Kingambit\n|-status|p2a: Kingambit|brn\n|move|p2a: Kingambit|Iron Head|p1a: Dragapult\n|-crit|p1a: Dragapult\n|-damage|p1a: Dragapult|24/100\n|\n|-damage|p2a: Kingambit|94/100 brn|[from] brn\n|upkeep\n|turn|14\n|\n|t:|1771228831\n|switch|p1a: Primarina|Primarina, F|100/100\n|move|p2a: Kingambit|Kowtow Cleave|p1a: Primarina\n|-resisted|p1a: Primarina\n|-damage|p1a: Primarina|82/100\n|\n|-heal|p2a: Kingambit|100/100 brn|[from] item: Leftovers\n|-damage|p2a: Kingambit|94/100 brn|[from] brn\n|upkeep\n|turn|15\n|\n|t:|1771228836\n|move|p1a: Primarina|Moonblast|p2a: Kingambit\n|-damage|p2a: Kingambit|41/100 brn\n|move|p2a: Kingambit|Swords Dance|p2a: Kingambit\n|-boost|p2a: Kingambit|atk|2\n|\n|-heal|p2a: Kingambit|47/100 brn|[from] item: Leftovers\n|-damage|p2a: Kingambit|41/100 brn|[from] brn\n|upkeep\n|turn|16\n|\n|t:|1771228839\n|move|p1a: Primarina|Moonblast|p2a: Kingambit\n|-damage|p2a: Kingambit|0 fnt\n|faint|p2a: Kingambit\n|-end|p2a: Kingambit|fallen1|[silent]\n|\n|upkeep\n|\n|t:|1771228843\n|switch|p2a: Raging Bolt|Raging Bolt|89/100\n|turn|17\n|\n|t:|1771228848\n|switch|p1a: Great Tusk|Great Tusk|84/100\n|move|p2a: Raging Bolt|Volt Switch|p1a: Great Tusk\n|-immune|p1a: Great Tusk\n|\n|upkeep\n|turn|18\n|\n|t:|1771228852\n|-end|p2a: Raging Bolt|Protosynthesis|[silent]\n|switch|p2a: Gliscor|Gliscor, F|100/100\n|move|p1a: Great Tusk|Stealth Rock|p2a: Gliscor\n|-sidestart|p2: mankindes|move: Stealth Rock\n|\n|-status|p2a: Gliscor|tox|[from] item: Toxic Orb\n|upkeep\n|turn|19\n|\n|t:|1771228857\n|move|p1a: Great Tusk|Ice Spinner|p2a: Gliscor\n|-supereffective|p2a: Gliscor\n|-damage|p2a: Gliscor|42/100 tox\n|move|p2a: Gliscor|Toxic|p1a: Great Tusk\n|-status|p1a: Great Tusk|tox\n|\n|-damage|p1a: Great Tusk|78/100 tox|[from] psn\n|-heal|p2a: Gliscor|54/100 tox|[from] ability: Poison Heal\n|upkeep\n|turn|20\n|\n|t:|1771228859\n|move|p2a: Gliscor|Protect|p2a: Gliscor\n|-singleturn|p2a: Gliscor|Protect\n|move|p1a: Great Tusk|Ice Spinner|p2a: Gliscor\n|-activate|p2a: Gliscor|move: Protect\n|\n|-damage|p1a: Great Tusk|65/100 tox|[from] psn\n|-heal|p2a: Gliscor|67/100 tox|[from] ability: Poison Heal\n|upkeep\n|turn|21\n|\n|t:|1771228867\n|move|p1a: Great Tusk|Ice Spinner|p2a: Gliscor\n|-supereffective|p2a: Gliscor\n|-crit|p2a: Gliscor\n|-damage|p2a: Gliscor|0 fnt\n|faint|p2a: Gliscor\n|\n|-damage|p1a: Great Tusk|47/100 tox|[from] psn\n|upkeep\n|c|☆ceo o wo chien|mb\n|\n|t:|1771228874\n|switch|p2a: Iron Valiant|Iron Valiant|100/100\n|-damage|p2a: Iron Valiant|94/100|[from] Stealth Rock\n|turn|22\n|\n|t:|1771228879\n|move|p2a: Iron Valiant|Knock Off|p1a: Great Tusk\n|-resisted|p1a: Great Tusk\n|-damage|p1a: Great Tusk|32/100 tox\n|-enditem|p1a: Great Tusk|Heavy-Duty Boots|[from] move: Knock Off|[of] p2a: Iron Valiant\n|-damage|p2a: Iron Valiant|85/100|[from] item: Life Orb\n|move|p1a: Great Tusk|Headlong Rush|p2a: Iron Valiant\n|-damage|p2a: Iron Valiant|22/100\n|-unboost|p1a: Great Tusk|def|1\n|-unboost|p1a: Great Tusk|spd|1\n|\n|-damage|p1a: Great Tusk|7/100 tox|[from] psn\n|upkeep\n|turn|23\n|\n|t:|1771228887\n|move|p2a: Iron Valiant|Knock Off|p1a: Great Tusk\n|-resisted|p1a: Great Tusk\n|-damage|p1a: Great Tusk|0 fnt\n|faint|p1a: Great Tusk\n|-end|p1a: Great Tusk|Protosynthesis|[silent]\n|-damage|p2a: Iron Valiant|12/100|[from] item: Life Orb\n|\n|upkeep\n|\n|t:|1771228891\n|switch|p1a: Dragapult|Dragapult, F|24/100\n|turn|24\n|\n|t:|1771228900\n|move|p1a: Dragapult|Tera Blast|p2a: Iron Valiant\n|-damage|p2a: Iron Valiant|0 fnt\n|faint|p2a: Iron Valiant\n|-end|p2a: Iron Valiant|Quark Drive|[silent]\n|\n|upkeep\n|\n|t:|1771228904\n|switch|p2a: Iron Moth|Iron Moth|100/100\n|-damage|p2a: Iron Moth|76/100|[from] Stealth Rock\n|turn|25\n|\n|t:|1771228917\n|-terastallize|p1a: Dragapult|Ghost\n|move|p2a: Iron Moth|Overheat|p1a: Dragapult\n|-damage|p1a: Dragapult|0 fnt\n|-unboost|p2a: Iron Moth|spa|2\n|faint|p1a: Dragapult\n|\n|upkeep\n|\n|t:|1771228921\n|switch|p1a: Primarina|Primarina, F|82/100\n|turn|26\n|\n|t:|1771228924\n|-end|p2a: Iron Moth|Quark Drive|[silent]\n|switch|p2a: Raging Bolt|Raging Bolt|89/100\n|-damage|p2a: Raging Bolt|76/100|[from] Stealth Rock\n|move|p1a: Primarina|Moonblast|p2a: Raging Bolt\n|-supereffective|p2a: Raging Bolt\n|-damage|p2a: Raging Bolt|0 fnt\n|faint|p2a: Raging Bolt\n|-end|p2a: Raging Bolt|Protosynthesis|[silent]\n|\n|upkeep\n|\n|t:|1771228926\n|switch|p2a: Iron Moth|Iron Moth|76/100\n|-damage|p2a: Iron Moth|51/100|[from] Stealth Rock\n|turn|27\n|-message|mankindes forfeited.\n|\n|win|ceo o wo chien\n|raw|ceo o wo chien's rating: 1777 &rarr; <strong>1791</strong><br />(+14 for winning)\n|raw|mankindes's rating: 1667 &rarr; <strong>1653</strong><br />(-14 for losing)\n|l|☆mankindes\n|player|p2|\n|l| Romaxou\n", "uploadtime": 1771229169, "views": 8, "formatid": "gen9ou", "rating": 1653, "private": 0, "password": null}