{"id": "gen9ou-2639289121", "format": "[Gen 9] OU", "players": ["Senpaicdub", "dondosaurio"], "log": "|j|☆Senpaicdub\n|j|☆dondosaurio\n|t:|1782446595\n|gametype|singles\n|player|p1|Senpaicdub|blackbelt-gen4dp|1345\n|player|p2|dondosaurio|101|1322\n|gen|9\n|tier|[Gen 9] OU\n|rated|\n|rule|HP Percentage Mod: HP is shown in percentages\n|rule|Endless Battle Clause: Forcing endless battles is banned\n|rule|Species Clause: Limit one of each Pokémon\n|rule|OHKO Clause: OHKO moves are banned\n|rule|Evasion Items Clause: Evasion items are banned\n|rule|Evasion Moves Clause: Evasion moves are banned\n|rule|Evasion Abilities Clause: Evasion abilities are banned\n|rule|Sleep Moves Clause: Sleep-inducing moves are banned\n|clearpoke\n|poke|p1|Ceruledge, M|\n|poke|p1|Glimmora, F|\n|poke|p1|Gholdengo|\n|poke|p1|Great Tusk|\n|poke|p1|Raging Bolt|\n|poke|p1|Dragonite, F|\n|poke|p2|Deoxys-Speed|\n|poke|p2|Darkrai|\n|poke|p2|Latios, M|\n|poke|p2|Kyurem|\n|poke|p2|Iron Valiant|\n|poke|p2|Ogerpon-Wellspring, F|\n|teampreview\n|inactive|Battle timer is ON: inactive players will automatically lose when time's up. (requested by Senpaicdub)\n|\n|t:|1782446602\n|teamsize|p1|6\n|teamsize|p2|6\n|start\n|switch|p1a: Glimmora|Glimmora, F|100/100\n|switch|p2a: Kyurem|Kyurem|100/100\n|-ability|p2a: Kyurem|Pressure\n|turn|1\n|\n|t:|1782446615\n|move|p2a: Kyurem|Earth Power|p1a: Glimmora\n|-supereffective|p1a: Glimmora\n|-enditem|p1a: Glimmora|Focus Sash\n|-damage|p1a: Glimmora|1/100\n|-unboost|p1a: Glimmora|spd|1\n|move|p1a: Glimmora|Stealth Rock|p2a: Kyurem\n|-sidestart|p2: dondosaurio|move: Stealth Rock\n|\n|upkeep\n|turn|2\n|\n|t:|1782446621\n|move|p2a: Kyurem|Ice Beam|p1a: Glimmora\n|-damage|p1a: Glimmora|0 fnt\n|faint|p1a: Glimmora\n|\n|upkeep\n|\n|t:|1782446632\n|switch|p1a: Gholdengo|Gholdengo|100/100\n|-item|p1a: Gholdengo|Air Balloon\n|turn|3\n|\n|t:|1782446638\n|move|p2a: Kyurem|Ice Beam|p1a: Gholdengo\n|-resisted|p1a: Gholdengo\n|-crit|p1a: Gholdengo\n|-damage|p1a: Gholdengo|54/100\n|-enditem|p1a: Gholdengo|Air Balloon\n|move|p1a: Gholdengo|Make It Rain|p2a: Kyurem\n|-supereffective|p2a: Kyurem\n|-damage|p2a: Kyurem|0 fnt\n|-unboost|p1a: Gholdengo|spa|1\n|faint|p2a: Kyurem\n|\n|upkeep\n|\n|t:|1782446643\n|switch|p2a: Deoxys|Deoxys-Speed|100/100\n|-damage|p2a: Deoxys|88/100|[from] Stealth Rock\n|-ability|p2a: Deoxys|Pressure\n|turn|4\n|\n|t:|1782446649\n|move|p2a: Deoxys|Stealth Rock|p1a: Gholdengo\n|-sidestart|p1: Senpaicdub|move: Stealth Rock\n|move|p1a: Gholdengo|Recover|p1a: Gholdengo\n|-heal|p1a: Gholdengo|100/100\n|\n|upkeep\n|turn|5\n|\n|t:|1782446653\n|switch|p1a: Great Tusk|Great Tusk|100/100\n|move|p2a: Deoxys|Spikes|p1a: Great Tusk\n|-sidestart|p1: Senpaicdub|Spikes\n|\n|upkeep\n|turn|6\n|\n|t:|1782446657\n|move|p2a: Deoxys|Psycho Boost|p1a: Great Tusk\n|-supereffective|p1a: Great Tusk\n|-damage|p1a: Great Tusk|0 fnt\n|-unboost|p2a: Deoxys|spa|2\n|faint|p1a: Great Tusk\n|-end|p1a: Great Tusk|Protosynthesis|[silent]\n|\n|upkeep\n|\n|t:|1782446666\n|switch|p1a: Dragonite|Dragonite, F|100/100\n|turn|7\n|\n|t:|1782446669\n|move|p2a: Deoxys|Taunt|p1a: Dragonite\n|-start|p1a: Dragonite|move: Taunt\n|cant|p1a: Dragonite|move: Taunt|Dragon Dance\n|\n|upkeep\n|turn|8\n|\n|t:|1782446682\n|switch|p1a: Raging Bolt|Raging Bolt|100/100\n|-damage|p1a: Raging Bolt|88/100|[from] Stealth Rock\n|-damage|p1a: Raging Bolt|76/100|[from] Spikes\n|move|p2a: Deoxys|Psycho Boost|p1a: Raging Bolt\n|-damage|p1a: Raging Bolt|57/100\n|-unboost|p2a: Deoxys|spa|2\n|\n|-heal|p1a: Raging Bolt|63/100|[from] item: Leftovers\n|upkeep\n|turn|9\n|\n|t:|1782446689\n|move|p2a: Deoxys|Taunt|p1a: Raging Bolt\n|-start|p1a: Raging Bolt|move: Taunt\n|cant|p1a: Raging Bolt|move: Taunt|Calm Mind\n|\n|-heal|p1a: Raging Bolt|70/100|[from] item: Leftovers\n|upkeep\n|turn|10\n|\n|t:|1782446692\n|move|p2a: Deoxys|Spikes|p1a: Raging Bolt\n|-sidestart|p1: Senpaicdub|Spikes\n|move|p1a: Raging Bolt|Thunderbolt|p2a: Deoxys\n|-damage|p2a: Deoxys|17/100\n|\n|-heal|p1a: Raging Bolt|76/100|[from] item: Leftovers\n|upkeep\n|turn|11\n|\n|t:|1782446696\n|move|p2a: Deoxys|Spikes|p1a: Raging Bolt\n|-sidestart|p1: Senpaicdub|Spikes\n|move|p1a: Raging Bolt|Thunderbolt|p2a: Deoxys\n|-damage|p2a: Deoxys|0 fnt\n|faint|p2a: Deoxys\n|\n|-heal|p1a: Raging Bolt|82/100|[from] item: Leftovers\n|-end|p1a: Raging Bolt|move: Taunt\n|upkeep\n|\n|t:|1782446707\n|switch|p2a: Latios|Latios, M, shiny|100/100\n|-damage|p2a: Latios|88/100|[from] Stealth Rock\n|turn|12\n|\n|t:|1782446716\n|-terastallize|p1a: Raging Bolt|Fairy\n|move|p2a: Latios|Substitute|p2a: Latios\n|-start|p2a: Latios|Substitute\n|-damage|p2a: Latios|64/100\n|move|p1a: Raging Bolt|Calm Mind|p1a: Raging Bolt\n|-boost|p1a: Raging Bolt|spa|1\n|-boost|p1a: Raging Bolt|spd|1\n|\n|-heal|p2a: Latios|69/100|[from] item: Leftovers\n|-heal|p1a: Raging Bolt|88/100|[from] item: Leftovers\n|upkeep\n|turn|13\n|\n|t:|1782446722\n|move|p2a: Latios|Psychic Noise|p1a: Raging Bolt\n|-crit|p1a: Raging Bolt\n|-damage|p1a: Raging Bolt|40/100\n|-start|p1a: Raging Bolt|move: Heal Block\n|move|p1a: Raging Bolt|Thunderbolt|p2a: Latios\n|-resisted|p2a: Latios\n|-end|p2a: Latios|Substitute\n|\n|-heal|p2a: Latios|75/100|[from] item: Leftovers\n|upkeep\n|turn|14\n|\n|t:|1782446729\n|move|p2a: Latios|Calm Mind|p2a: Latios\n|-boost|p2a: Latios|spa|1\n|-boost|p2a: Latios|spd|1\n|move|p1a: Raging Bolt|Draco Meteor|p2a: Latios\n|-supereffective|p2a: Latios\n|-damage|p2a: Latios|0 fnt\n|-unboost|p1a: Raging Bolt|spa|2\n|faint|p2a: Latios\n|\n|-end|p1a: Raging Bolt|move: Heal Block\n|upkeep\n|\n|t:|1782446738\n|switch|p2a: Darkrai|Darkrai|100/100\n|-damage|p2a: Darkrai|88/100|[from] Stealth Rock\n|turn|15\n|\n|t:|1782446745\n|move|p1a: Raging Bolt|Thunderclap||[still]\n|-fail|p1a: Raging Bolt\n|move|p2a: Darkrai|Nasty Plot|p2a: Darkrai\n|-boost|p2a: Darkrai|spa|2\n|\n|-heal|p1a: Raging Bolt|46/100|[from] item: Leftovers\n|upkeep\n|turn|16\n|\n|t:|1782446749\n|move|p2a: Darkrai|Sludge Bomb|p1a: Raging Bolt\n|-supereffective|p1a: Raging Bolt\n|-damage|p1a: Raging Bolt|0 fnt\n|faint|p1a: Raging Bolt\n|-end|p1a: Raging Bolt|Protosynthesis|[silent]\n|\n|upkeep\n|\n|t:|1782446754\n|switch|p1a: Dragonite|Dragonite, F|100/100\n|turn|17\n|\n|t:|1782446757\n|move|p2a: Darkrai|Ice Beam|p1a: Dragonite\n|-supereffective|p1a: Dragonite\n|-damage|p1a: Dragonite|0 fnt\n|faint|p1a: Dragonite\n|\n|upkeep\n|-message|Senpaicdub forfeited.\n|\n|win|dondosaurio\n|raw|Senpaicdub's rating: 1345 &rarr; <strong>1324</strong><br />(-21 for losing)\n|raw|dondosaurio's rating: 1322 &rarr; <strong>1343</strong><br />(+21 for winning)\n|l|☆Senpaicdub\n|player|p1|\n|l|☆dondosaurio\n|player|p2|\n", "uploadtime": 1782447088, "views": 3, "formatid": "gen9ou", "rating": 1324, "private": 0, "password": null}