{"id": "gen9ou-2647830180", "format": "[Gen 9] OU", "players": ["thebacchusbraviary", "looklookneed"], "log": "|j|☆thebacchusbraviary\n|j|☆looklookneed\n|t:|1783820123\n|gametype|singles\n|player|p1|thebacchusbraviary|winona|1251\n|player|p2|looklookneed|169|1297\n|gen|9\n|tier|[Gen 9] OU\n|rated|\n|rule|HP Percentage Mod: HP is shown in percentages\n|rule|Endless Battle Clause: Forcing endless battles is banned\n|rule|Species Clause: Limit one of each Pokémon\n|rule|OHKO Clause: OHKO moves are banned\n|rule|Evasion Items Clause: Evasion items are banned\n|rule|Evasion Moves Clause: Evasion moves are banned\n|rule|Evasion Abilities Clause: Evasion abilities are banned\n|rule|Sleep Moves Clause: Sleep-inducing moves are banned\n|clearpoke\n|poke|p1|Talonflame, F|\n|poke|p1|Tyranitar, M|\n|poke|p1|Regice|\n|poke|p1|Magnezone|\n|poke|p1|Tauros-Paldea-Aqua, M|\n|poke|p1|Sinistcha|\n|poke|p2|Torkoal, F|\n|poke|p2|Walking Wake|\n|poke|p2|Lilligant-Hisui, F|\n|poke|p2|Raging Bolt|\n|poke|p2|Landorus-Therian, M|\n|poke|p2|Scizor, F|\n|teampreview\n|inactive|Battle timer is ON: inactive players will automatically lose when time's up. (requested by thebacchusbraviary)\n|\n|t:|1783820139\n|teamsize|p1|6\n|teamsize|p2|6\n|start\n|switch|p1a: Magnezone|Magnezone|100/100\n|switch|p2a: Torkoal|Torkoal, F|100/100\n|-weather|SunnyDay|[from] ability: Drought|[of] p2a: Torkoal\n|turn|1\n|\n|t:|1783820148\n|switch|p1a: Tyranitar|Tyranitar, M|100/100\n|-weather|Sandstorm|[from] ability: Sand Stream|[of] p1a: Tyranitar\n|move|p2a: Torkoal|Overheat|p1a: Tyranitar\n|-resisted|p1a: Tyranitar\n|-damage|p1a: Tyranitar|91/100\n|-unboost|p2a: Torkoal|spa|2\n|\n|-weather|Sandstorm|[upkeep]\n|-damage|p2a: Torkoal|94/100|[from] Sandstorm\n|upkeep\n|turn|2\n|\n|t:|1783820164\n|switch|p2a: Scizor|Scizor, F|100/100\n|move|p1a: Tyranitar|Knock Off|p2a: Scizor\n|-damage|p2a: Scizor|46/100\n|-enditem|p2a: Scizor|Life Orb|[from] move: Knock Off|[of] p1a: Tyranitar\n|\n|-weather|Sandstorm|[upkeep]\n|upkeep\n|turn|3\n|\n|t:|1783820172\n|switch|p1a: Talonflame|Talonflame, F|100/100\n|move|p2a: Scizor|Close Combat|p1a: Talonflame\n|-resisted|p1a: Talonflame\n|-damage|p1a: Talonflame|63/100\n|-unboost|p2a: Scizor|def|1\n|-unboost|p2a: Scizor|spd|1\n|\n|-weather|Sandstorm|[upkeep]\n|-damage|p1a: Talonflame|57/100|[from] Sandstorm\n|upkeep\n|turn|4\n|\n|t:|1783820187\n|switch|p2a: Torkoal|Torkoal, F|94/100\n|-weather|SunnyDay|[from] ability: Drought|[of] p2a: Torkoal\n|move|p1a: Talonflame|Flare Blitz|p2a: Torkoal\n|-resisted|p2a: Torkoal\n|-damage|p2a: Torkoal|70/100\n|-damage|p1a: Talonflame|49/100|[from] Recoil\n|\n|-weather|SunnyDay|[upkeep]\n|upkeep\n|turn|5\n|\n|t:|1783820197\n|switch|p2a: Landorus|Landorus-Therian, M|100/100\n|-ability|p2a: Landorus|Intimidate|boost\n|-unboost|p1a: Talonflame|atk|1\n|move|p1a: Talonflame|U-turn|p2a: Landorus\n|-resisted|p2a: Landorus\n|-damage|p2a: Landorus|94/100\n|-damage|p1a: Talonflame|33/100|[from] item: Rocky Helmet|[of] p2a: Landorus\n|\n|t:|1783820200\n|switch|p1a: Tyranitar|Tyranitar, M|91/100|[from] U-turn\n|-weather|Sandstorm|[from] ability: Sand Stream|[of] p1a: Tyranitar\n|\n|-weather|Sandstorm|[upkeep]\n|upkeep\n|turn|6\n|\n|t:|1783820213\n|move|p2a: Landorus|Earthquake|p1a: Tyranitar\n|-supereffective|p1a: Tyranitar\n|-damage|p1a: Tyranitar|5/100\n|move|p1a: Tyranitar|Ice Beam|p2a: Landorus\n|-supereffective|p2a: Landorus\n|-damage|p2a: Landorus|0 fnt\n|faint|p2a: Landorus\n|\n|-weather|Sandstorm|[upkeep]\n|upkeep\n|\n|t:|1783820223\n|switch|p2a: Scizor|Scizor, F|46/100\n|turn|7\n|\n|t:|1783820227\n|switch|p1a: Talonflame|Talonflame, F|33/100\n|move|p2a: Scizor|U-turn|p1a: Talonflame\n|-resisted|p1a: Talonflame\n|-damage|p1a: Talonflame|18/100\n|-status|p2a: Scizor|brn|[from] ability: Flame Body|[of] p1a: Talonflame\n|\n|t:|1783820244\n|switch|p2a: Torkoal|Torkoal, F|70/100|[from] U-turn\n|-weather|SunnyDay|[from] ability: Drought|[of] p2a: Torkoal\n|\n|-weather|SunnyDay|[upkeep]\n|upkeep\n|turn|8\n|\n|t:|1783820251\n|switch|p1a: Tauros|Tauros-Paldea-Aqua, M|100/100\n|-ability|p1a: Tauros|Intimidate|boost\n|-unboost|p2a: Torkoal|atk|1\n|move|p2a: Torkoal|Overheat|p1a: Tauros\n|-resisted|p1a: Tauros\n|-damage|p1a: Tauros|44/100\n|-unboost|p2a: Torkoal|spa|2\n|\n|-weather|SunnyDay|[upkeep]\n|upkeep\n|turn|9\n|\n|t:|1783820264\n|switch|p2a: Walking Wake|Walking Wake|100/100\n|-activate|p2a: Walking Wake|ability: Protosynthesis\n|-start|p2a: Walking Wake|protosynthesisspe\n|move|p1a: Tauros|Close Combat|p2a: Walking Wake\n|-damage|p2a: Walking Wake|3/100\n|-unboost|p1a: Tauros|def|1\n|-unboost|p1a: Tauros|spd|1\n|\n|-weather|SunnyDay|[upkeep]\n|upkeep\n|turn|10\n|\n|t:|1783820278\n|switch|p1a: Tyranitar|Tyranitar, M|5/100\n|-weather|Sandstorm|[from] ability: Sand Stream|[of] p1a: Tyranitar\n|-end|p2a: Walking Wake|Protosynthesis\n|move|p2a: Walking Wake|Hydro Steam|p1a: Tyranitar\n|-supereffective|p1a: Tyranitar\n|-damage|p1a: Tyranitar|0 fnt\n|faint|p1a: Tyranitar\n|\n|-weather|Sandstorm|[upkeep]\n|-damage|p2a: Walking Wake|0 fnt|[from] Sandstorm\n|faint|p2a: Walking Wake\n|-end|p2a: Walking Wake|Protosynthesis|[silent]\n|upkeep\n|\n|t:|1783820292\n|switch|p2a: Torkoal|Torkoal, F|70/100\n|switch|p1a: Tauros|Tauros-Paldea-Aqua, M|44/100\n|-ability|p1a: Tauros|Intimidate|boost\n|-unboost|p2a: Torkoal|atk|1\n|-weather|SunnyDay|[from] ability: Drought|[of] p2a: Torkoal\n|turn|11\n|\n|t:|1783820301\n|switch|p2a: Raging Bolt|Raging Bolt|100/100\n|-activate|p2a: Raging Bolt|ability: Protosynthesis\n|-start|p2a: Raging Bolt|protosynthesisspa\n|move|p1a: Tauros|Earthquake|p2a: Raging Bolt\n|-supereffective|p2a: Raging Bolt\n|-damage|p2a: Raging Bolt|19/100\n|\n|-weather|SunnyDay|[upkeep]\n|upkeep\n|turn|12\n|\n|t:|1783820315\n|switch|p1a: Regice|Regice|100/100\n|move|p2a: Raging Bolt|Thunderbolt|p1a: Regice\n|-damage|p1a: Regice|63/100\n|\n|-weather|SunnyDay|[upkeep]\n|-heal|p1a: Regice|69/100|[from] item: Leftovers\n|upkeep\n|turn|13\n|\n|t:|1783820329\n|-terastallize|p2a: Raging Bolt|Steel\n|move|p2a: Raging Bolt|Weather Ball|p1a: Regice\n|-supereffective|p1a: Regice\n|-damage|p1a: Regice|0 fnt\n|faint|p1a: Regice\n|\n|-weather|SunnyDay|[upkeep]\n|upkeep\n|\n|t:|1783820336\n|switch|p1a: Magnezone|Magnezone|100/100\n|turn|14\n|\n|t:|1783820341\n|move|p1a: Magnezone|Volt Switch|p2a: Raging Bolt\n|-damage|p2a: Raging Bolt|0 fnt\n|faint|p2a: Raging Bolt\n|-end|p2a: Raging Bolt|Protosynthesis|[silent]\n|\n|t:|1783820351\n|switch|p1a: Talonflame|Talonflame, F|18/100|[from] Volt Switch\n|\n|-weather|SunnyDay|[upkeep]\n|upkeep\n|\n|t:|1783820356\n|switch|p2a: Lilligant|Lilligant-Hisui, F|100/100\n|turn|15\n|\n|t:|1783820362\n|switch|p1a: Tauros|Tauros-Paldea-Aqua, M|44/100\n|-ability|p1a: Tauros|Intimidate|boost\n|-unboost|p2a: Lilligant|atk|1\n|move|p2a: Lilligant|Triple Axel|p1a: Tauros\n|-resisted|p1a: Tauros\n|-damage|p1a: Tauros|41/100\n|-hitcount|p1a: Tauros|1\n|-damage|p2a: Lilligant|91/100|[from] item: Life Orb\n|\n|-weather|SunnyDay|[upkeep]\n|upkeep\n|turn|16\n|\n|t:|1783820374\n|switch|p1a: Talonflame|Talonflame, F|18/100\n|move|p2a: Lilligant|Solar Blade||[still]\n|-prepare|p2a: Lilligant|Solar Blade\n|-anim|p2a: Lilligant|Solar Blade|p1a: Talonflame\n|-resisted|p1a: Talonflame\n|-crit|p1a: Talonflame\n|-damage|p1a: Talonflame|0 fnt\n|faint|p1a: Talonflame\n|-damage|p2a: Lilligant|81/100|[from] item: Life Orb\n|\n|-weather|SunnyDay|[upkeep]\n|upkeep\n|\n|t:|1783820375\n|switch|p1a: Tauros|Tauros-Paldea-Aqua, M|41/100\n|-ability|p1a: Tauros|Intimidate|boost\n|-unboost|p2a: Lilligant|atk|1\n|turn|17\n|\n|t:|1783820396\n|switch|p2a: Scizor|Scizor, F|46/100 brn\n|move|p1a: Tauros|Close Combat|p2a: Scizor\n|-damage|p2a: Scizor|0 fnt\n|-unboost|p1a: Tauros|def|1\n|-unboost|p1a: Tauros|spd|1\n|faint|p2a: Scizor\n|\n|-weather|SunnyDay|[upkeep]\n|upkeep\n|\n|t:|1783820406\n|switch|p2a: Lilligant|Lilligant-Hisui, F|81/100\n|turn|18\n|\n|t:|1783820415\n|move|p2a: Lilligant|Triple Axel|p1a: Tauros|[miss]\n|-miss|p2a: Lilligant|p1a: Tauros\n|move|p1a: Tauros|Close Combat|p2a: Lilligant\n|-damage|p2a: Lilligant|0 fnt\n|-unboost|p1a: Tauros|def|1\n|-unboost|p1a: Tauros|spd|1\n|faint|p2a: Lilligant\n|\n|-weather|none\n|upkeep\n|-message|looklookneed forfeited.\n|\n|win|thebacchusbraviary\n|raw|thebacchusbraviary's rating: 1251 &rarr; <strong>1279</strong><br />(+28 for winning)\n|raw|looklookneed's rating: 1297 &rarr; <strong>1269</strong><br />(-28 for losing)\n|l|☆looklookneed\n|player|p2|\n|l|☆thebacchusbraviary\n|player|p1|\n", "uploadtime": 1783820711, "views": 10, "formatid": "gen9ou", "rating": 1269, "private": 0, "password": null}