{"id": "gen9ou-2647765524", "format": "[Gen 9] OU", "players": ["OUBotBeepBoop", "Slawman117"], "log": "|j|☆OUBotBeepBoop\n|j|☆Slawman117\n|t:|1783808749\n|gametype|singles\n|player|p1|OUBotBeepBoop|102|1238\n|player|p2|Slawman117|palmer|1297\n|gen|9\n|tier|[Gen 9] OU\n|rated|\n|rule|HP Percentage Mod: HP is shown in percentages\n|rule|Endless Battle Clause: Forcing endless battles is banned\n|rule|Species Clause: Limit one of each Pokémon\n|rule|OHKO Clause: OHKO moves are banned\n|rule|Evasion Items Clause: Evasion items are banned\n|rule|Evasion Moves Clause: Evasion moves are banned\n|rule|Evasion Abilities Clause: Evasion abilities are banned\n|rule|Sleep Moves Clause: Sleep-inducing moves are banned\n|clearpoke\n|poke|p1|Glimmora, M|\n|poke|p1|Great Tusk|\n|poke|p1|Kingambit, M|\n|poke|p1|Dragapult, M|\n|poke|p1|Clefable, F|\n|poke|p1|Corviknight, M|\n|poke|p2|Rillaboom, F|\n|poke|p2|Hawlucha, M|\n|poke|p2|Lycanroc-Dusk, F|\n|poke|p2|Goodra-Hisui, M|\n|poke|p2|Great Tusk|\n|poke|p2|Primarina, F|\n|teampreview\n|inactive|Battle timer is ON: inactive players will automatically lose when time's up. (requested by OUBotBeepBoop)\n|\n|t:|1783808760\n|teamsize|p1|6\n|teamsize|p2|6\n|start\n|switch|p1a: Glimmora|Glimmora, M|100/100\n|switch|p2a: Lycanroc|Lycanroc-Dusk, F|100/100\n|turn|1\n|\n|t:|1783808762\n|move|p2a: Lycanroc|Taunt|p1a: Glimmora\n|-start|p1a: Glimmora|move: Taunt\n|move|p1a: Glimmora|Earth Power|p2a: Lycanroc\n|-supereffective|p2a: Lycanroc\n|-enditem|p2a: Lycanroc|Focus Sash\n|-damage|p2a: Lycanroc|1/100\n|\n|upkeep\n|turn|2\n|\n|t:|1783808772\n|move|p2a: Lycanroc|Endeavor|p1a: Glimmora\n|-damage|p1a: Glimmora|1/100\n|-activate|p1a: Glimmora|ability: Toxic Debris\n|-sidestart|p2: Slawman117|move: Toxic Spikes\n|move|p1a: Glimmora|Power Gem|p2a: Lycanroc\n|-damage|p2a: Lycanroc|0 fnt\n|faint|p2a: Lycanroc\n|\n|upkeep\n|\n|t:|1783808775\n|switch|p2a: Rillaboom|Rillaboom, F|100/100\n|-status|p2a: Rillaboom|psn\n|-fieldstart|move: Grassy Terrain|[from] ability: Grassy Surge|[of] p2a: Rillaboom\n|turn|3\n|\n|t:|1783808776\n|switch|p1a: Kingambit|Kingambit, M|100/100\n|move|p2a: Rillaboom|U-turn|p1a: Kingambit\n|-damage|p1a: Kingambit|73/100\n|\n|t:|1783808782\n|switch|p2a: Hawlucha|Hawlucha, M|100/100|[from] U-turn\n|-enditem|p2a: Hawlucha|Grassy Seed\n|-boost|p2a: Hawlucha|def|1|[from] item: Grassy Seed\n|\n|-heal|p1a: Kingambit|79/100|[from] Grassy Terrain\n|upkeep\n|turn|4\n|\n|t:|1783808787\n|-end|p1a: Kingambit|fallenundefined|[silent]\n|switch|p1a: Dragapult|Dragapult, M|100/100\n|move|p2a: Hawlucha|Swords Dance|p2a: Hawlucha\n|-boost|p2a: Hawlucha|atk|2\n|\n|upkeep\n|turn|5\n|\n|t:|1783808794\n|move|p2a: Hawlucha|Acrobatics|p1a: Dragapult\n|-damage|p1a: Dragapult|0 fnt\n|faint|p1a: Dragapult\n|\n|upkeep\n|\n|t:|1783808794\n|switch|p1a: Clefable|Clefable, F|100/100\n|turn|6\n|\n|t:|1783808799\n|move|p2a: Hawlucha|Acrobatics|p1a: Clefable\n|-crit|p1a: Clefable\n|-damage|p1a: Clefable|43/100\n|move|p1a: Clefable|Moonblast|p2a: Hawlucha\n|-supereffective|p2a: Hawlucha\n|-damage|p2a: Hawlucha|0 fnt\n|faint|p2a: Hawlucha\n|\n|-heal|p1a: Clefable|49/100|[from] Grassy Terrain\n|-heal|p1a: Clefable|55/100|[from] item: Leftovers\n|upkeep\n|\n|t:|1783808805\n|switch|p2a: Goodra|Goodra-Hisui, M|100/100\n|turn|7\n|\n|t:|1783808809\n|switch|p1a: Great Tusk|Great Tusk|100/100\n|move|p2a: Goodra|Flash Cannon|p1a: Great Tusk\n|-damage|p1a: Great Tusk|41/100\n|\n|-heal|p1a: Great Tusk|47/100|[from] Grassy Terrain\n|-fieldend|move: Grassy Terrain\n|upkeep\n|turn|8\n|\n|t:|1783808822\n|move|p1a: Great Tusk|Headlong Rush|p2a: Goodra\n|-supereffective|p2a: Goodra\n|-damage|p2a: Goodra|0 fnt\n|-unboost|p1a: Great Tusk|def|1\n|-unboost|p1a: Great Tusk|spd|1\n|faint|p2a: Goodra\n|\n|upkeep\n|\n|t:|1783808826\n|switch|p2a: Rillaboom|Rillaboom, F|100/100 psn\n|-fieldstart|move: Grassy Terrain|[from] ability: Grassy Surge|[of] p2a: Rillaboom\n|turn|9\n|\n|t:|1783808829\n|-end|p1a: Great Tusk|Protosynthesis|[silent]\n|switch|p1a: Kingambit|Kingambit, M|79/100\n|-activate|p1a: Kingambit|ability: Supreme Overlord\n|-start|p1a: Kingambit|fallen1|[silent]\n|move|p2a: Rillaboom|U-turn|p1a: Kingambit\n|-crit|p1a: Kingambit\n|-damage|p1a: Kingambit|41/100\n|\n|t:|1783808833\n|switch|p2a: Great Tusk|Great Tusk|100/100|[from] U-turn\n|\n|-heal|p1a: Kingambit|47/100|[from] Grassy Terrain\n|upkeep\n|turn|10\n|\n|t:|1783808836\n|-end|p1a: Kingambit|fallen1|[silent]\n|switch|p1a: Clefable|Clefable, F|55/100\n|move|p2a: Great Tusk|Rapid Spin|p1a: Clefable\n|-damage|p1a: Clefable|41/100\n|-boost|p2a: Great Tusk|spe|1\n|-sideend|p2: Slawman117|Toxic Spikes|[from] move: Rapid Spin|[of] p2a: Great Tusk\n|\n|-heal|p1a: Clefable|47/100|[from] Grassy Terrain\n|-heal|p1a: Clefable|54/100|[from] item: Leftovers\n|upkeep\n|turn|11\n|\n|t:|1783808842\n|-terastallize|p2a: Great Tusk|Steel\n|move|p2a: Great Tusk|Headlong Rush|p1a: Clefable\n|-damage|p1a: Clefable|4/100\n|-unboost|p2a: Great Tusk|def|1\n|-unboost|p2a: Great Tusk|spd|1\n|move|p1a: Clefable|Moonblast|p2a: Great Tusk\n|-resisted|p2a: Great Tusk\n|-damage|p2a: Great Tusk|78/100\n|\n|-heal|p2a: Great Tusk|85/100|[from] Grassy Terrain\n|-heal|p1a: Clefable|10/100|[from] Grassy Terrain\n|-heal|p1a: Clefable|16/100|[from] item: Leftovers\n|upkeep\n|turn|12\n|\n|t:|1783808851\n|switch|p1a: Corviknight|Corviknight, M|100/100\n|-ability|p1a: Corviknight|Pressure\n|move|p2a: Great Tusk|Close Combat|p1a: Corviknight\n|-damage|p1a: Corviknight|65/100\n|-unboost|p2a: Great Tusk|def|1\n|-unboost|p2a: Great Tusk|spd|1\n|\n|-heal|p2a: Great Tusk|91/100|[from] Grassy Terrain\n|-heal|p1a: Corviknight|71/100|[from] item: Leftovers\n|upkeep\n|turn|13\n|-message|Slawman117 forfeited.\n|\n|win|OUBotBeepBoop\n|raw|OUBotBeepBoop's rating: 1214 &rarr; <strong>1245</strong><br />(+31 for winning)\n|raw|Slawman117's rating: 1297 &rarr; <strong>1266</strong><br />(-31 for losing)\n|l|☆OUBotBeepBoop\n|player|p1|\n|l|☆Slawman117\n|player|p2|\n", "uploadtime": 1783809185, "views": 7, "formatid": "gen9ou", "rating": 1245, "private": 0, "password": null}