{"id": "gen9ou-2540715110", "format": "[Gen 9] OU", "players": ["henrianiac", "Polgre VII"], "log": "|j|☆henrianiac\n|j|☆Polgre VII\n|t:|1771244773\n|gametype|singles\n|player|p1|henrianiac|miku-flying|1659\n|player|p2|Polgre VII|drayden|1660\n|gen|9\n|tier|[Gen 9] OU\n|rated|\n|rule|HP Percentage Mod: HP is shown in percentages\n|rule|Endless Battle Clause: Forcing endless battles is banned\n|rule|Species Clause: Limit one of each Pokémon\n|rule|OHKO Clause: OHKO moves are banned\n|rule|Evasion Items Clause: Evasion items are banned\n|rule|Evasion Moves Clause: Evasion moves are banned\n|rule|Evasion Abilities Clause: Evasion abilities are banned\n|rule|Sleep Moves Clause: Sleep-inducing moves are banned\n|clearpoke\n|poke|p1|Kyurem|\n|poke|p1|Great Tusk|\n|poke|p1|Kingambit, F|\n|poke|p1|Latias, F|\n|poke|p1|Pecharunt|\n|poke|p1|Heatran, M|\n|poke|p2|Iron Moth|\n|poke|p2|Kingambit, F|\n|poke|p2|Dragonite, F|\n|poke|p2|Ogerpon-Cornerstone, F|\n|poke|p2|Iron Valiant|\n|poke|p2|Raging Bolt|\n|teampreview\n|j| chronos556\n|\n|t:|1771244794\n|teamsize|p1|6\n|teamsize|p2|6\n|start\n|switch|p1a: Cosmogrand Zenith|Latias, F|100/100\n|switch|p2a: Ogerpon|Ogerpon-Cornerstone, F|100/100\n|turn|1\n|\n|t:|1771244800\n|move|p1a: Cosmogrand Zenith|Psyshock|p2a: Ogerpon\n|-damage|p2a: Ogerpon|55/100\n|move|p2a: Ogerpon|Knock Off|p1a: Cosmogrand Zenith\n|-supereffective|p1a: Cosmogrand Zenith\n|-damage|p1a: Cosmogrand Zenith|0 fnt\n|-enditem|p1a: Cosmogrand Zenith|Choice Scarf|[from] move: Knock Off|[of] p2a: Ogerpon\n|faint|p1a: Cosmogrand Zenith\n|\n|upkeep\n|\n|t:|1771244812\n|switch|p1a: Godless Shrine|Pecharunt|100/100\n|turn|2\n|\n|t:|1771244817\n|move|p2a: Ogerpon|Knock Off|p1a: Godless Shrine\n|-supereffective|p1a: Godless Shrine\n|-damage|p1a: Godless Shrine|64/100\n|-damage|p2a: Ogerpon|38/100|[from] item: Rocky Helmet|[of] p1a: Godless Shrine\n|-enditem|p1a: Godless Shrine|Rocky Helmet|[from] move: Knock Off|[of] p2a: Ogerpon\n|move|p1a: Godless Shrine|Malignant Chain|p2a: Ogerpon\n|-damage|p2a: Ogerpon|4/100\n|-status|p2a: Ogerpon|tox\n|-start|p2a: Ogerpon|confusion|[from] ability: Poison Puppeteer|[of] p1a: Godless Shrine\n|\n|-damage|p2a: Ogerpon|0 fnt|[from] psn\n|faint|p2a: Ogerpon\n|upkeep\n|\n|t:|1771244830\n|switch|p2a: Dragonite|Dragonite, F|100/100\n|turn|3\n|\n|t:|1771244835\n|move|p2a: Dragonite|Earthquake|p1a: Godless Shrine\n|-supereffective|p1a: Godless Shrine\n|-damage|p1a: Godless Shrine|26/100\n|move|p1a: Godless Shrine|Malignant Chain|p2a: Dragonite\n|-damage|p2a: Dragonite|84/100\n|\n|upkeep\n|turn|4\n|\n|t:|1771244839\n|switch|p1a: Momentum Breaker|Great Tusk|100/100\n|-enditem|p1a: Momentum Breaker|Booster Energy\n|-activate|p1a: Momentum Breaker|ability: Protosynthesis|[fromitem]\n|-start|p1a: Momentum Breaker|protosynthesisatk\n|move|p2a: Dragonite|Earthquake|p1a: Momentum Breaker\n|-crit|p1a: Momentum Breaker\n|-damage|p1a: Momentum Breaker|64/100\n|\n|upkeep\n|turn|5\n|\n|t:|1771244869\n|move|p2a: Dragonite|Earthquake|p1a: Momentum Breaker\n|-damage|p1a: Momentum Breaker|40/100\n|move|p1a: Momentum Breaker|Ice Spinner|p2a: Dragonite\n|-supereffective|p2a: Dragonite\n|-damage|p2a: Dragonite|0 fnt\n|faint|p2a: Dragonite\n|\n|upkeep\n|\n|t:|1771244875\n|switch|p2a: Iron Valiant|Iron Valiant|100/100\n|-enditem|p2a: Iron Valiant|Booster Energy\n|-activate|p2a: Iron Valiant|ability: Quark Drive|[fromitem]\n|-start|p2a: Iron Valiant|quarkdrivespe\n|turn|6\n|\n|t:|1771244914\n|-end|p1a: Momentum Breaker|Protosynthesis|[silent]\n|switch|p1a: Godless Shrine|Pecharunt|26/100\n|move|p2a: Iron Valiant|Swords Dance|p2a: Iron Valiant\n|-boost|p2a: Iron Valiant|atk|2\n|\n|upkeep\n|turn|7\n|\n|t:|1771244918\n|move|p2a: Iron Valiant|Knock Off|p1a: Godless Shrine\n|-supereffective|p1a: Godless Shrine\n|-damage|p1a: Godless Shrine|0 fnt\n|faint|p1a: Godless Shrine\n|\n|upkeep\n|\n|t:|1771244925\n|switch|p1a: Fear of Isolation|Heatran, M|100/100\n|turn|8\n|\n|t:|1771244928\n|-terastallize|p1a: Fear of Isolation|Ghost\n|move|p2a: Iron Valiant|Close Combat|p1a: Fear of Isolation\n|-immune|p1a: Fear of Isolation\n|move|p1a: Fear of Isolation|Magma Storm|p2a: Iron Valiant\n|-damage|p2a: Iron Valiant|25/100\n|-activate|p2a: Iron Valiant|move: Magma Storm|[of] p1a: Fear of Isolation\n|\n|-damage|p2a: Iron Valiant|13/100|[from] move: Magma Storm|[partiallytrapped]\n|upkeep\n|turn|9\n|\n|t:|1771244934\n|move|p2a: Iron Valiant|Destiny Bond|p2a: Iron Valiant\n|-singlemove|p2a: Iron Valiant|Destiny Bond\n|move|p1a: Fear of Isolation|Stealth Rock|p2a: Iron Valiant\n|-sidestart|p2: Polgre VII|move: Stealth Rock\n|\n|-damage|p2a: Iron Valiant|0 fnt|[from] move: Magma Storm|[partiallytrapped]\n|faint|p2a: Iron Valiant\n|-end|p2a: Iron Valiant|Quark Drive|[silent]\n|upkeep\n|\n|t:|1771244941\n|switch|p2a: Kingambit|Kingambit, F|100/100\n|-damage|p2a: Kingambit|94/100|[from] Stealth Rock\n|-activate|p2a: Kingambit|ability: Supreme Overlord\n|-start|p2a: Kingambit|fallen3|[silent]\n|turn|10\n|j| hbgzd\n|\n|t:|1771244950\n|move|p1a: Fear of Isolation|Earth Power|p2a: Kingambit\n|-supereffective|p2a: Kingambit\n|-damage|p2a: Kingambit|33/100\n|move|p2a: Kingambit|Kowtow Cleave|p1a: Fear of Isolation\n|-supereffective|p1a: Fear of Isolation\n|-damage|p1a: Fear of Isolation|0 fnt\n|-status|p2a: Kingambit|brn|[from] ability: Flame Body|[of] p1a: Fear of Isolation\n|-enditem|p2a: Kingambit|Lum Berry|[eat]\n|-curestatus|p2a: Kingambit|brn|[msg]\n|faint|p1a: Fear of Isolation\n|\n|upkeep\n|\n|t:|1771244953\n|switch|p1a: Momentum Breaker|Great Tusk|40/100\n|turn|11\n|inactive|Battle timer is ON: inactive players will automatically lose when time's up. (requested by henrianiac)\n|\n|t:|1771244960\n|move|p2a: Kingambit|Sucker Punch|p1a: Momentum Breaker\n|-resisted|p1a: Momentum Breaker\n|-damage|p1a: Momentum Breaker|22/100\n|move|p1a: Momentum Breaker|Headlong Rush|p2a: Kingambit\n|-supereffective|p2a: Kingambit\n|-damage|p2a: Kingambit|0 fnt\n|-unboost|p1a: Momentum Breaker|def|1\n|-unboost|p1a: Momentum Breaker|spd|1\n|faint|p2a: Kingambit\n|-end|p2a: Kingambit|fallen3|[silent]\n|\n|upkeep\n|\n|t:|1771244972\n|switch|p2a: Iron Moth|Iron Moth|100/100\n|-damage|p2a: Iron Moth|76/100|[from] Stealth Rock\n|-enditem|p2a: Iron Moth|Booster Energy\n|-activate|p2a: Iron Moth|ability: Quark Drive|[fromitem]\n|-start|p2a: Iron Moth|quarkdrivespe\n|turn|12\n|\n|t:|1771244974\n|-end|p1a: Momentum Breaker|Protosynthesis|[silent]\n|switch|p1a: Pinnacle Starcage|Kyurem|100/100\n|-ability|p1a: Pinnacle Starcage|Pressure\n|move|p2a: Iron Moth|Fiery Dance|p1a: Pinnacle Starcage\n|-damage|p1a: Pinnacle Starcage|80/100\n|\n|upkeep\n|turn|13\n|\n|t:|1771244978\n|move|p2a: Iron Moth|Dazzling Gleam|p1a: Pinnacle Starcage\n|-supereffective|p1a: Pinnacle Starcage\n|-damage|p1a: Pinnacle Starcage|53/100\n|move|p1a: Pinnacle Starcage|Earth Power|p2a: Iron Moth\n|-supereffective|p2a: Iron Moth\n|-damage|p2a: Iron Moth|0 fnt\n|faint|p2a: Iron Moth\n|-end|p2a: Iron Moth|Quark Drive|[silent]\n|\n|upkeep\n|\n|t:|1771244983\n|switch|p2a: Raging Bolt|Raging Bolt|100/100\n|-damage|p2a: Raging Bolt|88/100|[from] Stealth Rock\n|-enditem|p2a: Raging Bolt|Booster Energy\n|-activate|p2a: Raging Bolt|ability: Protosynthesis|[fromitem]\n|-start|p2a: Raging Bolt|protosynthesisspa\n|turn|14\n|\n|t:|1771244985\n|move|p1a: Pinnacle Starcage|Freeze-Dry|p2a: Raging Bolt\n|-supereffective|p2a: Raging Bolt\n|-damage|p2a: Raging Bolt|22/100\n|move|p2a: Raging Bolt|Dragon Pulse|p1a: Pinnacle Starcage\n|-supereffective|p1a: Pinnacle Starcage\n|-damage|p1a: Pinnacle Starcage|0 fnt\n|faint|p1a: Pinnacle Starcage\n|\n|upkeep\n|\n|t:|1771244988\n|switch|p1a: Momentum Breaker|Great Tusk|22/100\n|turn|15\n|\n|t:|1771244992\n|-terastallize|p2a: Raging Bolt|Ghost\n|move|p1a: Momentum Breaker|Ice Spinner|p2a: Raging Bolt\n|-damage|p2a: Raging Bolt|0 fnt\n|faint|p2a: Raging Bolt\n|-end|p2a: Raging Bolt|Protosynthesis|[silent]\n|\n|win|henrianiac\n|raw|henrianiac's rating: 1677 &rarr; <strong>1696</strong><br />(+19 for winning)\n|raw|Polgre VII's rating: 1660 &rarr; <strong>1641</strong><br />(-19 for losing)\n|c|☆henrianiac|gg\n|l| chronos556\n|l| hbgzd\n|c|☆Polgre VII|gg\n|l|☆Polgre VII\n|player|p2|\n|l| henrianiac\n|j|☆Henrianiac\n|j| sldjfjs\n|l| sldjfjs\n|j| heatraniac\n|j| ollierob1\n|l| ollierob1\n", "uploadtime": 1771244996, "views": 7, "formatid": "gen9ou", "rating": 1641, "private": 0, "password": null}