{"id": "gen9ou-2639307477", "format": "[Gen 9] OU", "players": ["tonyrayyy", "msean3"], "log": "|j|☆tonyrayyy\n|j|‽msean3\n|t:|1782450008\n|gametype|singles\n|player|p1|tonyrayyy|101|1717\n|player|p2|msean3|101|1596\n|gen|9\n|tier|[Gen 9] OU\n|rated|\n|rule|HP Percentage Mod: HP is shown in percentages\n|rule|Endless Battle Clause: Forcing endless battles is banned\n|rule|Species Clause: Limit one of each Pokémon\n|rule|OHKO Clause: OHKO moves are banned\n|rule|Evasion Items Clause: Evasion items are banned\n|rule|Evasion Moves Clause: Evasion moves are banned\n|rule|Evasion Abilities Clause: Evasion abilities are banned\n|rule|Sleep Moves Clause: Sleep-inducing moves are banned\n|clearpoke\n|poke|p1|Samurott-Hisui, F|\n|poke|p1|Zapdos|\n|poke|p1|Gholdengo|\n|poke|p1|Kingambit, F|\n|poke|p1|Slowking-Galar, F|\n|poke|p1|Great Tusk|\n|poke|p2|Darkrai|\n|poke|p2|Alomomola, M|\n|poke|p2|Corviknight, M|\n|poke|p2|Weezing-Galar, F|\n|poke|p2|Garchomp, F|\n|poke|p2|Ogerpon, F|\n|teampreview\n|j| TroubleWillFindMe\n|inactive|Battle timer is ON: inactive players will automatically lose when time's up. (requested by msean3)\n|l| TroubleWillFindMe\n|\n|t:|1782450041\n|teamsize|p1|6\n|teamsize|p2|6\n|start\n|switch|p1a: Great Tusk|Great Tusk|100/100\n|switch|p2a: Garchomp|Garchomp, F|100/100\n|turn|1\n|\n|t:|1782450049\n|switch|p2a: Corviknight|Corviknight, M|100/100\n|-ability|p2a: Corviknight|Pressure\n|move|p1a: Great Tusk|Stealth Rock|p2a: Corviknight\n|-sidestart|p2: msean3|move: Stealth Rock\n|\n|upkeep\n|turn|2\n|\n|t:|1782450056\n|-end|p1a: Great Tusk|Protosynthesis|[silent]\n|switch|p1a: Zapdos|Zapdos|100/100\n|move|p2a: Corviknight|U-turn|p1a: Zapdos\n|-resisted|p1a: Zapdos\n|-damage|p1a: Zapdos|96/100\n|\n|t:|1782450059\n|switch|p2a: Garchomp|Garchomp, F|100/100|[from] U-turn\n|-damage|p2a: Garchomp|94/100|[from] Stealth Rock\n|\n|upkeep\n|turn|3\n|\n|t:|1782450065\n|switch|p1a: Great Tusk|Great Tusk|100/100\n|move|p2a: Garchomp|Stealth Rock|p1a: Great Tusk\n|-sidestart|p1: tonyrayyy|move: Stealth Rock\n|\n|upkeep\n|turn|4\n|\n|t:|1782450071\n|move|p1a: Great Tusk|Rapid Spin|p2a: Garchomp\n|-damage|p2a: Garchomp|84/100\n|-boost|p1a: Great Tusk|spe|1\n|-damage|p1a: Great Tusk|88/100|[from] ability: Rough Skin|[of] p2a: Garchomp\n|-damage|p1a: Great Tusk|71/100|[from] item: Rocky Helmet|[of] p2a: Garchomp\n|-sideend|p1: tonyrayyy|Stealth Rock|[from] move: Rapid Spin|[of] p1a: Great Tusk\n|move|p2a: Garchomp|Dragon Tail|p1a: Great Tusk\n|-damage|p1a: Great Tusk|56/100\n|-end|p1a: Great Tusk|Protosynthesis|[silent]\n|drag|p1a: Gholdengo|Gholdengo|100/100\n|-item|p1a: Gholdengo|Air Balloon\n|\n|upkeep\n|turn|5\n|\n|t:|1782450083\n|move|p2a: Garchomp|Stealth Rock|p1a: Gholdengo\n|-sidestart|p1: tonyrayyy|move: Stealth Rock\n|move|p1a: Gholdengo|Make It Rain|p2a: Garchomp\n|-damage|p2a: Garchomp|23/100\n|-unboost|p1a: Gholdengo|spa|1\n|\n|upkeep\n|turn|6\n|\n|t:|1782450090\n|switch|p2a: Alomomola|Alomomola, M|100/100\n|-damage|p2a: Alomomola|88/100|[from] Stealth Rock\n|move|p1a: Gholdengo|Make It Rain|p2a: Alomomola\n|-resisted|p2a: Alomomola\n|-damage|p2a: Alomomola|78/100\n|-unboost|p1a: Gholdengo|spa|1\n|\n|upkeep\n|turn|7\n|\n|t:|1782450100\n|switch|p1a: Samurott|Samurott-Hisui, F|100/100\n|-damage|p1a: Samurott|88/100|[from] Stealth Rock\n|move|p2a: Alomomola|Flip Turn|p1a: Samurott\n|-resisted|p1a: Samurott\n|-damage|p1a: Samurott|77/100\n|\n|t:|1782450104\n|switch|p2a: Ogerpon|Ogerpon, F|100/100|[from] Flip Turn\n|\n|upkeep\n|turn|8\n|\n|t:|1782450109\n|switch|p1a: Zapdos|Zapdos|96/100\n|move|p2a: Ogerpon|Knock Off|p1a: Zapdos\n|-damage|p1a: Zapdos|72/100\n|-enditem|p1a: Zapdos|Heavy-Duty Boots|[from] move: Knock Off|[of] p2a: Ogerpon\n|\n|upkeep\n|turn|9\n|\n|t:|1782450115\n|switch|p2a: Alomomola|Alomomola, M|100/100\n|-damage|p2a: Alomomola|88/100|[from] Stealth Rock\n|move|p1a: Zapdos|Hurricane|p2a: Alomomola\n|-damage|p2a: Alomomola|65/100\n|-start|p2a: Alomomola|confusion\n|\n|upkeep\n|turn|10\n|\n|t:|1782450122\n|move|p1a: Zapdos|Volt Switch|p2a: Alomomola\n|-supereffective|p2a: Alomomola\n|-damage|p2a: Alomomola|35/100\n|\n|t:|1782450130\n|switch|p1a: Slowking|Slowking-Galar, F|100/100|[from] Volt Switch\n|-activate|p2a: Alomomola|confusion\n|move|p2a: Alomomola|Flip Turn|p1a: Slowking\n|-damage|p1a: Slowking|83/100\n|\n|t:|1782450133\n|switch|p2a: Darkrai|Darkrai|100/100|[from] Flip Turn\n|-damage|p2a: Darkrai|88/100|[from] Stealth Rock\n|\n|upkeep\n|turn|11\n|\n|t:|1782450139\n|switch|p1a: Samurott|Samurott-Hisui, F|77/100\n|-damage|p1a: Samurott|64/100|[from] Stealth Rock\n|move|p2a: Darkrai|Dark Pulse|p1a: Samurott\n|-resisted|p1a: Samurott\n|-damage|p1a: Samurott|14/100\n|\n|upkeep\n|turn|12\n|\n|t:|1782450146\n|move|p1a: Samurott|Sacred Sword|p2a: Darkrai\n|-supereffective|p2a: Darkrai\n|-damage|p2a: Darkrai|0 fnt\n|faint|p2a: Darkrai\n|\n|upkeep\n|\n|t:|1782450153\n|switch|p2a: Corviknight|Corviknight, M|100/100\n|-damage|p2a: Corviknight|88/100|[from] Stealth Rock\n|-ability|p2a: Corviknight|Pressure\n|turn|13\n|\n|t:|1782450159\n|switch|p1a: Zapdos|Zapdos|72/100\n|-damage|p1a: Zapdos|47/100|[from] Stealth Rock\n|move|p2a: Corviknight|U-turn|p1a: Zapdos\n|-resisted|p1a: Zapdos\n|-crit|p1a: Zapdos\n|-damage|p1a: Zapdos|40/100\n|-status|p2a: Corviknight|par|[from] ability: Static|[of] p1a: Zapdos\n|\n|t:|1782450164\n|switch|p2a: Weezing|Weezing-Galar, F|100/100|[from] U-turn\n|-ability|p2a: Weezing|Neutralizing Gas\n|-damage|p2a: Weezing|88/100|[from] Stealth Rock\n|\n|-heal|p2a: Weezing|94/100|[from] item: Leftovers\n|upkeep\n|turn|14\n|\n|t:|1782450173\n|move|p1a: Zapdos|Roost|p1a: Zapdos\n|-heal|p1a: Zapdos|90/100\n|-singleturn|p1a: Zapdos|move: Roost\n|move|p2a: Weezing|Sludge Bomb|p1a: Zapdos\n|-damage|p1a: Zapdos|64/100\n|\n|-heal|p2a: Weezing|99/100|[from] item: Leftovers\n|upkeep\n|turn|15\n|\n|t:|1782450180\n|move|p1a: Zapdos|Volt Switch|p2a: Weezing\n|-damage|p2a: Weezing|58/100\n|\n|t:|1782450184\n|switch|p1a: Slowking|Slowking-Galar, F|100/100|[from] Volt Switch\n|move|p2a: Weezing|Sludge Bomb|p1a: Slowking\n|-resisted|p1a: Slowking\n|-damage|p1a: Slowking|92/100\n|\n|-heal|p2a: Weezing|64/100|[from] item: Leftovers\n|upkeep\n|turn|16\n|\n|t:|1782450192\n|move|p2a: Weezing|Will-O-Wisp|p1a: Slowking\n|-status|p1a: Slowking|brn\n|move|p1a: Slowking|Psychic Noise|p2a: Weezing\n|-supereffective|p2a: Weezing\n|-damage|p2a: Weezing|0 fnt\n|faint|p2a: Weezing\n|-end|p2a: Weezing|ability: Neutralizing Gas\n|\n|-damage|p1a: Slowking|86/100 brn|[from] brn\n|upkeep\n|\n|t:|1782450198\n|switch|p2a: Garchomp|Garchomp, F|23/100\n|-damage|p2a: Garchomp|17/100|[from] Stealth Rock\n|turn|17\n|\n|t:|1782450204\n|switch|p1a: Great Tusk|Great Tusk|56/100\n|move|p2a: Garchomp|Earthquake|p1a: Great Tusk\n|-damage|p1a: Great Tusk|27/100\n|\n|upkeep\n|turn|18\n|\n|t:|1782450217\n|move|p1a: Great Tusk|Ice Spinner|p2a: Garchomp\n|-supereffective|p2a: Garchomp\n|-damage|p2a: Garchomp|0 fnt\n|-damage|p1a: Great Tusk|14/100|[from] ability: Rough Skin|[of] p2a: Garchomp\n|-damage|p1a: Great Tusk|0 fnt|[from] item: Rocky Helmet|[of] p2a: Garchomp\n|faint|p2a: Garchomp\n|faint|p1a: Great Tusk\n|-end|p1a: Great Tusk|Protosynthesis|[silent]\n|\n|upkeep\n|-message|msean3 forfeited.\n|\n|win|tonyrayyy\n|raw|tonyrayyy's rating: 1717 &rarr; <strong>1730</strong><br />(+13 for winning)\n|raw|msean3's rating: 1596 &rarr; <strong>1583</strong><br />(-13 for losing)\n|l|‽msean3\n|player|p2|\n|l|☆tonyrayyy\n|player|p1|\n", "uploadtime": 1782450451, "views": 3, "formatid": "gen9ou", "rating": 1583, "private": 0, "password": null}