{"id": "gen9ou-2647806585", "format": "[Gen 9] OU", "players": ["ilovecheese123", "mcguuuuuuuuu"], "log": "|j|☆ilovecheese123\n|j|☆mcguuuuuuuuu\n|t:|1783815937\n|gametype|singles\n|player|p1|ilovecheese123|265|1384\n|player|p2|mcguuuuuuuuu|266|1390\n|gen|9\n|tier|[Gen 9] OU\n|rated|\n|rule|HP Percentage Mod: HP is shown in percentages\n|rule|Endless Battle Clause: Forcing endless battles is banned\n|rule|Species Clause: Limit one of each Pokémon\n|rule|OHKO Clause: OHKO moves are banned\n|rule|Evasion Items Clause: Evasion items are banned\n|rule|Evasion Moves Clause: Evasion moves are banned\n|rule|Evasion Abilities Clause: Evasion abilities are banned\n|rule|Sleep Moves Clause: Sleep-inducing moves are banned\n|clearpoke\n|poke|p1|Hatterene, F|\n|poke|p1|Great Tusk|\n|poke|p1|Tornadus-Therian, M|\n|poke|p1|Kyurem|\n|poke|p1|Slowking-Galar, F|\n|poke|p1|Kingambit, F|\n|poke|p2|Dondozo, M|\n|poke|p2|Iron Treads|\n|poke|p2|Pelipper, F|\n|poke|p2|Overqwil, F|\n|poke|p2|Enamorus, F|\n|poke|p2|Raging Bolt|\n|teampreview\n|inactive|Battle timer is ON: inactive players will automatically lose when time's up. (requested by ilovecheese123)\n|\n|t:|1783815965\n|teamsize|p1|6\n|teamsize|p2|6\n|start\n|switch|p1a: Kyurem|Kyurem|100/100\n|switch|p2a: Enamorus|Enamorus, F|100/100\n|-ability|p1a: Kyurem|Pressure\n|turn|1\n|\n|t:|1783815979\n|switch|p1a: Slowking|Slowking-Galar, F|100/100\n|move|p2a: Enamorus|Moonblast|p1a: Slowking\n|-resisted|p1a: Slowking\n|-damage|p1a: Slowking|79/100\n|-unboost|p1a: Slowking|spa|1\n|\n|-heal|p1a: Slowking|85/100|[from] item: Black Sludge\n|upkeep\n|turn|2\n|\n|t:|1783815987\n|switch|p2a: Pelipper|Pelipper, F|100/100\n|-weather|RainDance|[from] ability: Drizzle|[of] p2a: Pelipper\n|move|p1a: Slowking|Future Sight|p2a: Pelipper\n|-start|p1a: Slowking|move: Future Sight\n|\n|-weather|RainDance|[upkeep]\n|-heal|p1a: Slowking|92/100|[from] item: Black Sludge\n|upkeep\n|turn|3\n|\n|t:|1783816004\n|move|p2a: Pelipper|Weather Ball|p1a: Slowking\n|-damage|p1a: Slowking|49/100\n|-prepare|p1a: Slowking|Chilly Reception|[premajor]\n|move|p1a: Slowking|Chilly Reception|p1a: Slowking\n|-weather|Snowscape\n|\n|t:|1783816027\n|switch|p1a: Kyurem|Kyurem|100/100|[from] Chilly Reception\n|-ability|p1a: Kyurem|Pressure\n|\n|-weather|Snowscape|[upkeep]\n|upkeep\n|turn|4\n|\n|t:|1783816034\n|switch|p2a: Iron Treads|Iron Treads|100/100\n|-enditem|p2a: Iron Treads|Booster Energy\n|-activate|p2a: Iron Treads|ability: Quark Drive|[fromitem]\n|-start|p2a: Iron Treads|quarkdrivespe\n|move|p1a: Kyurem|Freeze-Dry|p2a: Iron Treads\n|-damage|p2a: Iron Treads|39/100\n|\n|-weather|Snowscape|[upkeep]\n|-end|p2a: Iron Treads|move: Future Sight\n|-resisted|p2a: Iron Treads\n|-damage|p2a: Iron Treads|11/100\n|upkeep\n|turn|5\n|\n|t:|1783816046\n|move|p2a: Iron Treads|Stealth Rock|p1a: Kyurem\n|-sidestart|p1: ilovecheese123|move: Stealth Rock\n|move|p1a: Kyurem|Freeze-Dry|p2a: Iron Treads\n|-damage|p2a: Iron Treads|0 fnt\n|faint|p2a: Iron Treads\n|-end|p2a: Iron Treads|Quark Drive|[silent]\n|\n|-weather|Snowscape|[upkeep]\n|upkeep\n|\n|t:|1783816055\n|switch|p2a: Enamorus|Enamorus, F|100/100\n|turn|6\n|\n|t:|1783816061\n|switch|p1a: Slowking|Slowking-Galar, F|82/100\n|-damage|p1a: Slowking|70/100|[from] Stealth Rock\n|move|p2a: Enamorus|Moonblast|p1a: Slowking\n|-resisted|p1a: Slowking\n|-damage|p1a: Slowking|48/100\n|-unboost|p1a: Slowking|spa|1\n|\n|-weather|Snowscape|[upkeep]\n|-heal|p1a: Slowking|54/100|[from] item: Black Sludge\n|upkeep\n|turn|7\n|\n|t:|1783816075\n|move|p2a: Enamorus|Moonblast|p1a: Slowking\n|-resisted|p1a: Slowking\n|-damage|p1a: Slowking|33/100\n|-unboost|p1a: Slowking|spa|1\n|move|p1a: Slowking|Future Sight|p2a: Enamorus\n|-start|p1a: Slowking|move: Future Sight\n|\n|-weather|none\n|-heal|p1a: Slowking|39/100|[from] item: Black Sludge\n|upkeep\n|turn|8\n|\n|t:|1783816083\n|move|p2a: Enamorus|Moonblast|p1a: Slowking\n|-resisted|p1a: Slowking\n|-damage|p1a: Slowking|18/100\n|move|p1a: Slowking|Sludge Bomb|p2a: Enamorus\n|-supereffective|p2a: Enamorus\n|-damage|p2a: Enamorus|53/100\n|\n|-heal|p1a: Slowking|24/100|[from] item: Black Sludge\n|upkeep\n|turn|9\n|\n|t:|1783816095\n|switch|p1a: Hatterene|Hatterene, F|100/100\n|-damage|p1a: Hatterene|88/100|[from] Stealth Rock\n|move|p2a: Enamorus|Moonblast|p1a: Hatterene\n|-damage|p1a: Hatterene|26/100\n|\n|-end|p2a: Enamorus|move: Future Sight\n|-damage|p2a: Enamorus|0 fnt\n|faint|p2a: Enamorus\n|upkeep\n|\n|t:|1783816108\n|switch|p2a: Overqwil|Overqwil, F|100/100\n|turn|10\n|\n|t:|1783816118\n|switch|p1a: Great Tusk|Great Tusk|100/100\n|-damage|p1a: Great Tusk|98/100|[from] Stealth Rock\n|move|p2a: Overqwil|Gunk Shot|p1a: Great Tusk|[miss]\n|-miss|p2a: Overqwil|p1a: Great Tusk\n|\n|upkeep\n|turn|11\n|\n|t:|1783816127\n|switch|p2a: Pelipper|Pelipper, F|100/100\n|-weather|RainDance|[from] ability: Drizzle|[of] p2a: Pelipper\n|move|p1a: Great Tusk|Stealth Rock|p2a: Pelipper\n|-sidestart|p2: mcguuuuuuuuu|move: Stealth Rock\n|\n|-weather|RainDance|[upkeep]\n|upkeep\n|turn|12\n|\n|t:|1783816146\n|move|p1a: Great Tusk|Rapid Spin|p2a: Pelipper\n|-crit|p2a: Pelipper\n|-damage|p2a: Pelipper|81/100\n|-boost|p1a: Great Tusk|spe|1\n|-sideend|p1: ilovecheese123|Stealth Rock|[from] move: Rapid Spin|[of] p1a: Great Tusk\n|move|p2a: Pelipper|Weather Ball|p1a: Great Tusk\n|-supereffective|p1a: Great Tusk\n|-damage|p1a: Great Tusk|0 fnt\n|faint|p1a: Great Tusk\n|-end|p1a: Great Tusk|Protosynthesis|[silent]\n|\n|-weather|RainDance|[upkeep]\n|upkeep\n|\n|t:|1783816163\n|switch|p1a: Kyurem|Kyurem|100/100\n|-ability|p1a: Kyurem|Pressure\n|turn|13\n|inactive|ilovecheese123 has 120 seconds left.\n|\n|t:|1783816192\n|switch|p2a: Dondozo|Dondozo, M|100/100\n|-damage|p2a: Dondozo|88/100|[from] Stealth Rock\n|move|p1a: Kyurem|Ice Beam|p2a: Dondozo\n|-resisted|p2a: Dondozo\n|-damage|p2a: Dondozo|52/100\n|\n|-weather|RainDance|[upkeep]\n|-heal|p2a: Dondozo|58/100|[from] item: Leftovers\n|upkeep\n|turn|14\n|\n|t:|1783816202\n|switch|p1a: Slowking|Slowking-Galar, F|57/100\n|move|p2a: Dondozo|Waterfall|p1a: Slowking\n|-crit|p1a: Slowking\n|-damage|p1a: Slowking|12/100\n|\n|-weather|RainDance|[upkeep]\n|-heal|p2a: Dondozo|65/100|[from] item: Leftovers\n|-heal|p1a: Slowking|18/100|[from] item: Black Sludge\n|upkeep\n|turn|15\n|\n|t:|1783816217\n|switch|p1a: Hatterene|Hatterene, F|26/100\n|move|p2a: Dondozo|Waterfall|p1a: Hatterene\n|-damage|p1a: Hatterene|0 fnt\n|-damage|p2a: Dondozo|48/100|[from] item: Rocky Helmet|[of] p1a: Hatterene\n|faint|p1a: Hatterene\n|\n|-weather|RainDance|[upkeep]\n|-heal|p2a: Dondozo|54/100|[from] item: Leftovers\n|upkeep\n|\n|t:|1783816222\n|switch|p1a: Kyurem|Kyurem|100/100\n|-ability|p1a: Kyurem|Pressure\n|turn|16\n|\n|t:|1783816230\n|move|p1a: Kyurem|Freeze-Dry|p2a: Dondozo\n|-supereffective|p2a: Dondozo\n|-damage|p2a: Dondozo|0 fnt\n|faint|p2a: Dondozo\n|\n|-weather|RainDance|[upkeep]\n|upkeep\n|\n|t:|1783816238\n|switch|p2a: Raging Bolt|Raging Bolt|100/100\n|-damage|p2a: Raging Bolt|88/100|[from] Stealth Rock\n|-enditem|p2a: Raging Bolt|Booster Energy\n|-activate|p2a: Raging Bolt|ability: Protosynthesis|[fromitem]\n|-start|p2a: Raging Bolt|protosynthesisspa\n|turn|17\n|inactive|ilovecheese123 has 120 seconds left.\n|\n|t:|1783816266\n|-terastallize|p2a: Raging Bolt|Fairy\n|move|p1a: Kyurem|Freeze-Dry|p2a: Raging Bolt\n|-damage|p2a: Raging Bolt|35/100\n|move|p2a: Raging Bolt|Dragon Pulse|p1a: Kyurem\n|-supereffective|p1a: Kyurem\n|-damage|p1a: Kyurem|0 fnt\n|faint|p1a: Kyurem\n|\n|-weather|RainDance|[upkeep]\n|upkeep\n|\n|t:|1783816280\n|switch|p1a: Tornadus|Tornadus-Therian, M|100/100\n|turn|18\n|\n|t:|1783816283\n|move|p2a: Raging Bolt|Thunderclap|p1a: Tornadus\n|-supereffective|p1a: Tornadus\n|-damage|p1a: Tornadus|34/100\n|move|p1a: Tornadus|Bleakwind Storm|p2a: Raging Bolt\n|-damage|p2a: Raging Bolt|2/100\n|-unboost|p2a: Raging Bolt|spe|1\n|\n|-weather|none\n|upkeep\n|turn|19\n|\n|t:|1783816295\n|switch|p1a: Slowking|Slowking-Galar, F|52/100\n|move|p2a: Raging Bolt|Thunder|p1a: Slowking\n|-crit|p1a: Slowking\n|-damage|p1a: Slowking|0 fnt\n|faint|p1a: Slowking\n|\n|upkeep\n|\n|t:|1783816300\n|switch|p1a: Kingambit|Kingambit, F|100/100\n|-activate|p1a: Kingambit|ability: Supreme Overlord\n|-start|p1a: Kingambit|fallen4|[silent]\n|turn|20\n|inactive|ilovecheese123 has 120 seconds left.\n|\n|t:|1783816313\n|move|p2a: Raging Bolt|Thunderclap|p1a: Kingambit\n|-damage|p1a: Kingambit|45/100\n|move|p1a: Kingambit|Sucker Punch||[still]\n|-fail|p1a: Kingambit\n|\n|-heal|p1a: Kingambit|51/100|[from] item: Leftovers\n|upkeep\n|turn|21\n|\n|t:|1783816322\n|move|p2a: Raging Bolt|Thunder|p1a: Kingambit\n|-damage|p1a: Kingambit|0 fnt\n|faint|p1a: Kingambit\n|-end|p1a: Kingambit|fallen4|[silent]\n|\n|upkeep\n|\n|t:|1783816325\n|switch|p1a: Tornadus|Tornadus-Therian, M|67/100\n|turn|22\n|\n|t:|1783816329\n|move|p2a: Raging Bolt|Thunderclap|p1a: Tornadus\n|-supereffective|p1a: Tornadus\n|-damage|p1a: Tornadus|0 fnt\n|faint|p1a: Tornadus\n|\n|win|mcguuuuuuuuu\n|raw|ilovecheese123's rating: 1384 &rarr; <strong>1364</strong><br />(-20 for losing)\n|raw|mcguuuuuuuuu's rating: 1390 &rarr; <strong>1410</strong><br />(+20 for winning)\n|l|☆ilovecheese123\n|player|p1|\n|l|☆mcguuuuuuuuu\n|player|p2|\n", "uploadtime": 1783816630, "views": 7, "formatid": "gen9ou", "rating": 1364, "private": 0, "password": null}