{"id": "gen9ou-2639280674", "format": "[Gen 9] OU", "players": ["thepeakmons", "grgwrgwegwe"], "log": "|j|☆thepeakmons\n|j|☆grgwrgwegwe\n|t:|1782445135\n|gametype|singles\n|player|p1|thepeakmons|101|1298\n|player|p2|grgwrgwegwe|nurse|1321\n|gen|9\n|tier|[Gen 9] OU\n|rated|\n|rule|HP Percentage Mod: HP is shown in percentages\n|rule|Endless Battle Clause: Forcing endless battles is banned\n|rule|Species Clause: Limit one of each Pokémon\n|rule|OHKO Clause: OHKO moves are banned\n|rule|Evasion Items Clause: Evasion items are banned\n|rule|Evasion Moves Clause: Evasion moves are banned\n|rule|Evasion Abilities Clause: Evasion abilities are banned\n|rule|Sleep Moves Clause: Sleep-inducing moves are banned\n|clearpoke\n|poke|p1|Corviknight, F|\n|poke|p1|Ting-Lu|\n|poke|p1|Kyurem|\n|poke|p1|Dondozo, M|\n|poke|p1|Slowking-Galar, M|\n|poke|p1|Cinderace, F|\n|poke|p2|Rotom-Heat|\n|poke|p2|Iron Boulder|\n|poke|p2|Squawkabilly-Yellow, M|\n|poke|p2|Sylveon, M|\n|poke|p2|Slaking, F|\n|poke|p2|Granbull, M|\n|teampreview\n|inactive|Battle timer is ON: inactive players will automatically lose when time's up. (requested by thepeakmons)\n|\n|t:|1782445148\n|teamsize|p1|6\n|teamsize|p2|6\n|start\n|switch|p1a: Cinderace|Cinderace, F|100/100\n|switch|p2a: Gushroom|Granbull, M|100/100\n|-ability|p2a: Gushroom|Intimidate|boost\n|-unboost|p1a: Cinderace|atk|1\n|turn|1\n|\n|t:|1782445176\n|switch|p1a: Slowking|Slowking-Galar, M|100/100\n|switch|p2a: Rotom|Rotom-Heat|100/100\n|\n|upkeep\n|turn|2\n|inactive|grgwrgwegwe has 120 seconds left.\n|\n|t:|1782445223\n|move|p2a: Rotom|Dark Pulse|p1a: Slowking\n|-supereffective|p1a: Slowking\n|-damage|p1a: Slowking|42/100\n|cant|p1a: Slowking|flinch\n|\n|upkeep\n|turn|3\n|\n|t:|1782445246\n|switch|p2a: Squawkabilly|Squawkabilly-Yellow, M, shiny|100/100\n|switch|p1a: Ting-Lu|Ting-Lu|100/100\n|-ability|p1a: Ting-Lu|Vessel of Ruin\n|\n|upkeep\n|turn|4\n|\n|t:|1782445255\n|-terastallize|p2a: Squawkabilly|Flying\n|move|p2a: Squawkabilly|Brave Bird|p1a: Ting-Lu\n|-damage|p1a: Ting-Lu|51/100\n|-damage|p2a: Squawkabilly|78/100|[from] Recoil\n|move|p1a: Ting-Lu|Payback|p2a: Squawkabilly\n|-damage|p2a: Squawkabilly|17/100\n|\n|-heal|p1a: Ting-Lu|57/100|[from] item: Leftovers\n|upkeep\n|turn|5\n|\n|t:|1782445272\n|move|p2a: Squawkabilly|Brave Bird|p1a: Ting-Lu\n|-damage|p1a: Ting-Lu|0 fnt\n|faint|p1a: Ting-Lu\n|-damage|p2a: Squawkabilly|0 fnt|[from] Recoil\n|faint|p2a: Squawkabilly\n|\n|upkeep\n|inactive|thepeakmons has 120 seconds left.\n|\n|t:|1782445286\n|switch|p2a: Gushroom|Granbull, M|100/100\n|switch|p1a: Kyurem|Kyurem|100/100\n|-ability|p1a: Kyurem|Pressure\n|-ability|p2a: Gushroom|Intimidate|boost\n|-unboost|p1a: Kyurem|atk|1\n|turn|6\n|\n|t:|1782445295\n|move|p1a: Kyurem|Freeze-Dry|p2a: Gushroom\n|-damage|p2a: Gushroom|56/100\n|-status|p2a: Gushroom|frz\n|cant|p2a: Gushroom|frz\n|\n|upkeep\n|turn|7\n|\n|t:|1782445309\n|switch|p1a: Slowking|Slowking-Galar, M|75/100\n|-curestatus|p2a: Gushroom|frz|[msg]\n|move|p2a: Gushroom|Play Rough|p1a: Slowking\n|-resisted|p1a: Slowking\n|-damage|p1a: Slowking|55/100\n|\n|upkeep\n|turn|8\n|\n|t:|1782445319\n|switch|p2a: >.*{|Slaking, F|100/100\n|move|p1a: Slowking|Sludge Bomb|p2a: >.*{\n|-damage|p2a: >.*{|74/100\n|-status|p2a: >.*{|psn\n|\n|-damage|p2a: >.*{|62/100 psn|[from] psn\n|upkeep\n|turn|9\n|\n|t:|1782445326\n|move|p2a: >.*{|Knock Off|p1a: Slowking\n|-supereffective|p1a: Slowking\n|-damage|p1a: Slowking|0 fnt\n|-enditem|p1a: Slowking|Shuca Berry|[from] move: Knock Off|[of] p2a: >.*{\n|faint|p1a: Slowking\n|\n|-damage|p2a: >.*{|49/100 psn|[from] psn\n|upkeep\n|\n|t:|1782445334\n|switch|p1a: Cinderace|Cinderace, F|100/100\n|turn|10\n|\n|t:|1782445344\n|switch|p2a: Gushroom|Granbull, M|56/100\n|-ability|p2a: Gushroom|Intimidate|boost\n|-unboost|p1a: Cinderace|atk|1\n|move|p1a: Cinderace|Pyro Ball|p2a: Gushroom\n|-damage|p2a: Gushroom|33/100\n|-status|p2a: Gushroom|brn\n|\n|-damage|p2a: Gushroom|27/100 brn|[from] brn\n|upkeep\n|turn|11\n|\n|t:|1782445355\n|move|p1a: Cinderace|Pyro Ball|p2a: Gushroom\n|-damage|p2a: Gushroom|3/100 brn\n|move|p2a: Gushroom|Psychic Fangs|p1a: Cinderace\n|-damage|p1a: Cinderace|81/100\n|\n|-damage|p2a: Gushroom|0 fnt|[from] brn\n|faint|p2a: Gushroom\n|upkeep\n|\n|t:|1782445358\n|switch|p2a: Iron Boulder|Iron Boulder|100/100\n|turn|12\n|\n|t:|1782445375\n|move|p2a: Iron Boulder|Stone Edge|p1a: Cinderace\n|-supereffective|p1a: Cinderace\n|-damage|p1a: Cinderace|0 fnt\n|faint|p1a: Cinderace\n|\n|upkeep\n|\n|t:|1782445389\n|switch|p1a: Dondozo|Dondozo, M|100/100\n|turn|13\n|\n|t:|1782445400\n|-end|p2a: Iron Boulder|Quark Drive|[silent]\n|switch|p2a: >.*{|Slaking, F|49/100 psn\n|move|p1a: Dondozo|Waterfall|p2a: >.*{\n|-damage|p2a: >.*{|28/100 psn\n|\n|-damage|p2a: >.*{|16/100 psn|[from] psn\n|upkeep\n|turn|14\n|inactive|thepeakmons has 120 seconds left.\n|\n|t:|1782445421\n|move|p2a: >.*{|Mega Kick|p1a: Dondozo\n|-damage|p1a: Dondozo|25/100\n|move|p1a: Dondozo|Curse|p1a: Dondozo\n|-unboost|p1a: Dondozo|spe|1\n|-boost|p1a: Dondozo|atk|1\n|-boost|p1a: Dondozo|def|1\n|\n|-heal|p1a: Dondozo|31/100|[from] item: Leftovers\n|-damage|p2a: >.*{|3/100 psn|[from] psn\n|upkeep\n|turn|15\n|inactive|thepeakmons has 120 seconds left.\n|\n|t:|1782445443\n|switch|p2a: Jbai|Sylveon, M|100/100\n|move|p1a: Dondozo|Waterfall|p2a: Jbai\n|-damage|p2a: Jbai|59/100\n|\n|-heal|p1a: Dondozo|37/100|[from] item: Leftovers\n|upkeep\n|turn|16\n|inactive|thepeakmons has 120 seconds left.\n|\n|t:|1782445457\n|move|p2a: Jbai|Hyper Voice|p1a: Dondozo\n|-damage|p1a: Dondozo|0 fnt\n|faint|p1a: Dondozo\n|\n|upkeep\n|\n|t:|1782445470\n|switch|p1a: Corviknight|Corviknight, F|100/100\n|-ability|p1a: Corviknight|Pressure\n|turn|17\n|\n|t:|1782445479\n|switch|p2a: >.*{|Slaking, F|3/100 psn\n|move|p1a: Corviknight|Brave Bird|p2a: >.*{\n|-damage|p2a: >.*{|0 fnt\n|faint|p2a: >.*{\n|-damage|p1a: Corviknight|99/100|[from] Recoil\n|\n|upkeep\n|\n|t:|1782445483\n|switch|p2a: Rotom|Rotom-Heat|100/100\n|turn|18\n|\n|t:|1782445491\n|move|p2a: Rotom|Overheat|p1a: Corviknight\n|-supereffective|p1a: Corviknight\n|-crit|p1a: Corviknight\n|-damage|p1a: Corviknight|0 fnt\n|-unboost|p2a: Rotom|spa|2\n|faint|p1a: Corviknight\n|\n|upkeep\n|inactive|thepeakmons has 120 seconds left.\n|\n|t:|1782445507\n|switch|p1a: Kyurem|Kyurem|100/100\n|-ability|p1a: Kyurem|Pressure\n|turn|19\n|inactive|thepeakmons has 120 seconds left.\n|\n|t:|1782445519\n|switch|p2a: Jbai|Sylveon, M|59/100\n|move|p1a: Kyurem|Freeze-Dry|p2a: Jbai\n|-damage|p2a: Jbai|30/100\n|\n|upkeep\n|turn|20\n|inactive|thepeakmons has 120 seconds left.\n|\n|t:|1782445529\n|move|p1a: Kyurem|Freeze-Dry|p2a: Jbai\n|-damage|p2a: Jbai|0 fnt\n|faint|p2a: Jbai\n|\n|upkeep\n|\n|t:|1782445533\n|switch|p2a: Iron Boulder|Iron Boulder|100/100\n|turn|21\n|\n|t:|1782445541\n|move|p1a: Kyurem|Protect|p1a: Kyurem\n|-singleturn|p1a: Kyurem|Protect\n|move|p2a: Iron Boulder|Stone Edge|p1a: Kyurem\n|-activate|p1a: Kyurem|move: Protect\n|\n|upkeep\n|turn|22\n|\n|t:|1782445553\n|move|p1a: Kyurem|Protect||[still]\n|-fail|p1a: Kyurem\n|move|p2a: Iron Boulder|Stone Edge|p1a: Kyurem\n|-supereffective|p1a: Kyurem\n|-crit|p1a: Kyurem\n|-damage|p1a: Kyurem|0 fnt\n|faint|p1a: Kyurem\n|\n|win|grgwrgwegwe\n|raw|thepeakmons's rating: 1297 &rarr; <strong>1274</strong><br />(-23 for losing)\n|raw|grgwrgwegwe's rating: 1321 &rarr; <strong>1340</strong><br />(+19 for winning)\n|l|☆grgwrgwegwe\n|player|p2|\n", "uploadtime": 1782445554, "views": 23, "formatid": "gen9ou", "rating": 1274, "private": 0, "password": null}