{"id": "gen9ou-2647689974", "format": "[Gen 9] OU", "players": ["jotarokirby1", "feraligatrisbetter"], "log": "|j|☆jotarokirby1\n|j|☆feraligatrisbetter\n|t:|1783796769\n|gametype|singles\n|player|p1|jotarokirby1|265|\n|player|p2|feraligatrisbetter|linebacker|\n|gen|9\n|tier|[Gen 9] OU\n|rule|HP Percentage Mod: HP is shown in percentages\n|rule|Endless Battle Clause: Forcing endless battles is banned\n|rule|Species Clause: Limit one of each Pokémon\n|rule|OHKO Clause: OHKO moves are banned\n|rule|Evasion Items Clause: Evasion items are banned\n|rule|Evasion Moves Clause: Evasion moves are banned\n|rule|Evasion Abilities Clause: Evasion abilities are banned\n|rule|Sleep Moves Clause: Sleep-inducing moves are banned\n|clearpoke\n|poke|p1|Blaziken, M|\n|poke|p1|Ninetales, M|\n|poke|p1|Venusaur, M|\n|poke|p1|Hatterene, F|\n|poke|p1|Great Tusk|\n|poke|p1|Walking Wake|\n|poke|p2|Feraligatr, M|\n|poke|p2|Gholdengo|\n|poke|p2|Samurott-Hisui, F|\n|poke|p2|Rillaboom, M|\n|poke|p2|Toxapex, M|\n|poke|p2|Dragapult, F|\n|teampreview\n|c|☆jotarokirby1|glhf\n|l|☆feraligatrisbetter\n|player|p2|\n|c|☆jotarokirby1|huh\n|j|☆feraligatrisbetter\n|player|p2|feraligatrisbetter|linebacker|\n|\n|t:|1783796815\n|teamsize|p1|6\n|teamsize|p2|6\n|start\n|switch|p1a: Ninetales|Ninetales, M|100/100\n|switch|p2a: Toxic|Toxapex, M|100/100\n|-weather|SunnyDay|[from] ability: Drought|[of] p1a: Ninetales\n|turn|1\n|c|☆feraligatrisbetter|Glhf I’m on my phone rn pc is no more✌🏾\n|\n|t:|1783796835\n|move|p1a: Ninetales|Will-O-Wisp|p2a: Toxic\n|-status|p2a: Toxic|brn\n|move|p2a: Toxic|Toxic Spikes|p1a: Ninetales\n|-sidestart|p1: jotarokirby1|move: Toxic Spikes\n|\n|-weather|SunnyDay|[upkeep]\n|-damage|p2a: Toxic|94/100 brn|[from] brn\n|upkeep\n|turn|2\n|\n|t:|1783796842\n|move|p1a: Ninetales|Encore|p2a: Toxic\n|-start|p2a: Toxic|Encore\n|move|p2a: Toxic|Toxic Spikes|p1a: Ninetales\n|-sidestart|p1: jotarokirby1|move: Toxic Spikes\n|\n|-weather|SunnyDay|[upkeep]\n|-damage|p2a: Toxic|88/100 brn|[from] brn\n|upkeep\n|turn|3\n|\n|t:|1783796848\n|switch|p1a: Venusaur|Venusaur, M|100/100\n|-sideend|p1: jotarokirby1|move: Toxic Spikes|[of] p1a: Venusaur\n|switch|p2a: THE KING|Feraligatr, M, shiny|100/100\n|\n|-weather|SunnyDay|[upkeep]\n|upkeep\n|turn|4\n|\n|t:|1783796865\n|switch|p2a: Rillaboom|Rillaboom, M|100/100\n|-fieldstart|move: Grassy Terrain|[from] ability: Grassy Surge|[of] p2a: Rillaboom\n|move|p1a: Venusaur|Giga Drain|p2a: Rillaboom\n|-resisted|p2a: Rillaboom\n|-damage|p2a: Rillaboom|65/100\n|-damage|p1a: Venusaur|91/100|[from] item: Life Orb\n|\n|-weather|SunnyDay|[upkeep]\n|-heal|p1a: Venusaur|97/100|[from] Grassy Terrain\n|-heal|p2a: Rillaboom|71/100|[from] Grassy Terrain\n|upkeep\n|turn|5\n|\n|t:|1783796872\n|move|p1a: Venusaur|Sludge Bomb|p2a: Rillaboom\n|-supereffective|p2a: Rillaboom\n|-damage|p2a: Rillaboom|0 fnt\n|faint|p2a: Rillaboom\n|-damage|p1a: Venusaur|87/100|[from] item: Life Orb\n|\n|-weather|SunnyDay|[upkeep]\n|-heal|p1a: Venusaur|93/100|[from] Grassy Terrain\n|upkeep\n|\n|t:|1783796880\n|switch|p2a: Dragapult|Dragapult, F|100/100\n|turn|6\n|\n|t:|1783796892\n|switch|p1a: Hatterene|Hatterene, F|100/100\n|move|p2a: Dragapult|U-turn|p1a: Hatterene\n|-damage|p1a: Hatterene|86/100\n|-damage|p2a: Dragapult|84/100|[from] item: Rocky Helmet|[of] p1a: Hatterene\n|\n|t:|1783796898\n|switch|p2a: Samurott|Samurott-Hisui, F|100/100|[from] U-turn\n|\n|-weather|SunnyDay|[upkeep]\n|-heal|p1a: Hatterene|92/100|[from] Grassy Terrain\n|upkeep\n|turn|7\n|\n|t:|1783796903\n|move|p2a: Samurott|Ceaseless Edge|p1a: Hatterene\n|-damage|p1a: Hatterene|53/100\n|-damage|p2a: Samurott|84/100|[from] item: Rocky Helmet|[of] p1a: Hatterene\n|-sidestart|p1: jotarokirby1|Spikes\n|move|p1a: Hatterene|Nuzzle|p2a: Samurott\n|-supereffective|p2a: Samurott\n|-damage|p2a: Samurott|74/100\n|-status|p2a: Samurott|par\n|\n|-weather|SunnyDay|[upkeep]\n|-heal|p2a: Samurott|80/100 par|[from] Grassy Terrain\n|-heal|p1a: Hatterene|59/100|[from] Grassy Terrain\n|upkeep\n|turn|8\n|\n|t:|1783796920\n|switch|p1a: Venusaur|Venusaur, M|93/100\n|-damage|p1a: Venusaur|80/100|[from] Spikes\n|move|p2a: Samurott|Ceaseless Edge|p1a: Venusaur\n|-damage|p1a: Venusaur|20/100\n|-sidestart|p1: jotarokirby1|Spikes\n|\n|-weather|none\n|-heal|p1a: Venusaur|26/100|[from] Grassy Terrain\n|-heal|p2a: Samurott|86/100 par|[from] Grassy Terrain\n|-fieldend|move: Grassy Terrain\n|upkeep\n|turn|9\n|\n|t:|1783796936\n|-terastallize|p2a: Samurott|Ghost\n|move|p1a: Venusaur|Giga Drain|p2a: Samurott\n|-damage|p2a: Samurott|28/100 par\n|-heal|p1a: Venusaur|57/100|[from] drain|[of] p2a: Samurott\n|-damage|p1a: Venusaur|47/100|[from] item: Life Orb\n|move|p2a: Samurott|Ceaseless Edge|p1a: Venusaur\n|-damage|p1a: Venusaur|0 fnt\n|-sidestart|p1: jotarokirby1|Spikes\n|faint|p1a: Venusaur\n|\n|upkeep\n|\n|t:|1783796946\n|switch|p1a: Ninetales|Ninetales, M|100/100\n|-damage|p1a: Ninetales|76/100|[from] Spikes\n|-weather|SunnyDay|[from] ability: Drought|[of] p1a: Ninetales\n|turn|10\n|\n|t:|1783796950\n|move|p2a: Samurott|Aqua Jet|p1a: Ninetales\n|-supereffective|p1a: Ninetales\n|-damage|p1a: Ninetales|53/100\n|move|p1a: Ninetales|Flamethrower|p2a: Samurott\n|-damage|p2a: Samurott|0 fnt\n|faint|p2a: Samurott\n|\n|-weather|SunnyDay|[upkeep]\n|upkeep\n|\n|t:|1783796961\n|switch|p2a: Toxic|Toxapex, M|100/100 brn\n|turn|11\n|\n|t:|1783796971\n|move|p1a: Ninetales|Flamethrower|p2a: Toxic\n|-resisted|p2a: Toxic\n|-damage|p2a: Toxic|85/100 brn\n|move|p2a: Toxic|Toxic Spikes|p1a: Ninetales\n|-sidestart|p1: jotarokirby1|move: Toxic Spikes\n|\n|-weather|SunnyDay|[upkeep]\n|-damage|p2a: Toxic|78/100 brn|[from] brn\n|upkeep\n|turn|12\n|\n|t:|1783796983\n|move|p1a: Ninetales|Encore|p2a: Toxic\n|-start|p2a: Toxic|Encore\n|move|p2a: Toxic|Toxic Spikes|p1a: Ninetales\n|-sidestart|p1: jotarokirby1|move: Toxic Spikes\n|\n|-weather|SunnyDay|[upkeep]\n|-damage|p2a: Toxic|72/100 brn|[from] brn\n|upkeep\n|turn|13\n|\n|t:|1783796988\n|switch|p1a: Great Tusk|Great Tusk|100/100\n|-activate|p1a: Great Tusk|ability: Protosynthesis\n|-start|p1a: Great Tusk|protosynthesisatk\n|switch|p2a: THE KING|Feraligatr, M, shiny|100/100\n|\n|-weather|SunnyDay|[upkeep]\n|upkeep\n|turn|14\n|\n|t:|1783797012\n|switch|p2a: Gholdengo|Gholdengo|100/100\n|-item|p2a: Gholdengo|Air Balloon\n|move|p1a: Great Tusk|Rapid Spin|p2a: Gholdengo\n|-immune|p2a: Gholdengo\n|\n|-weather|SunnyDay|[upkeep]\n|upkeep\n|turn|15\n|\n|t:|1783797037\n|-end|p1a: Great Tusk|Protosynthesis|[silent]\n|switch|p1a: Hatterene|Hatterene, F|59/100\n|-damage|p1a: Hatterene|34/100|[from] Spikes\n|-status|p1a: Hatterene|tox\n|move|p2a: Gholdengo|Nasty Plot|p2a: Gholdengo\n|-boost|p2a: Gholdengo|spa|2\n|\n|-weather|SunnyDay|[upkeep]\n|-damage|p1a: Hatterene|28/100 tox|[from] psn\n|upkeep\n|turn|16\n|\n|t:|1783797051\n|move|p2a: Gholdengo|Shadow Ball|p1a: Hatterene\n|-supereffective|p1a: Hatterene\n|-damage|p1a: Hatterene|0 fnt\n|faint|p1a: Hatterene\n|\n|-weather|SunnyDay|[upkeep]\n|upkeep\n|\n|t:|1783797083\n|switch|p1a: Great Tusk|Great Tusk|100/100\n|-activate|p1a: Great Tusk|ability: Protosynthesis\n|-start|p1a: Great Tusk|protosynthesisatk\n|turn|17\n|\n|t:|1783797096\n|move|p1a: Great Tusk|Stealth Rock|p2a: Gholdengo\n|-sidestart|p2: feraligatrisbetter|move: Stealth Rock\n|move|p2a: Gholdengo|Make It Rain|p1a: Great Tusk\n|-damage|p1a: Great Tusk|0 fnt\n|-unboost|p2a: Gholdengo|spa|1\n|faint|p1a: Great Tusk\n|-end|p1a: Great Tusk|Protosynthesis|[silent]\n|\n|-weather|none\n|upkeep\n|c|☆jotarokirby1|wai\n|c|☆jotarokirby1|literally how\n|c|☆jotarokirby1|no\n|c|☆jotarokirby1|jk\n|c|☆jotarokirby1|i'm dumb\n|\n|t:|1783797123\n|switch|p1a: Ninetales|Ninetales, M|53/100\n|-damage|p1a: Ninetales|28/100|[from] Spikes\n|-status|p1a: Ninetales|tox\n|-weather|SunnyDay|[from] ability: Drought|[of] p1a: Ninetales\n|turn|18\n|\n|t:|1783797149\n|switch|p2a: Toxic|Toxapex, M|100/100 brn\n|move|p1a: Ninetales|Flamethrower|p2a: Toxic\n|-resisted|p2a: Toxic\n|-damage|p2a: Toxic|84/100 brn\n|\n|-weather|SunnyDay|[upkeep]\n|-damage|p1a: Ninetales|22/100 tox|[from] psn\n|-damage|p2a: Toxic|78/100 brn|[from] brn\n|upkeep\n|turn|19\n|\n|t:|1783797171\n|move|p1a: Ninetales|Memento|p2a: Toxic\n|-unboost|p2a: Toxic|atk|2\n|-unboost|p2a: Toxic|spa|2\n|faint|p1a: Ninetales\n|move|p2a: Toxic|Liquidation|p1: Ninetales|[notarget]\n|-fail|p2a: Toxic\n|\n|-weather|SunnyDay|[upkeep]\n|-damage|p2a: Toxic|72/100 brn|[from] brn\n|upkeep\n|\n|t:|1783797187\n|switch|p1a: Chicken|Blaziken, M|100/100\n|-damage|p1a: Chicken|76/100|[from] Spikes\n|-status|p1a: Chicken|tox\n|turn|20\n|\n|t:|1783797193\n|switch|p2a: THE KING|Feraligatr, M, shiny|100/100\n|-damage|p2a: THE KING|88/100|[from] Stealth Rock\n|move|p1a: Chicken|Focus Energy|p1a: Chicken\n|-start|p1a: Chicken|move: Focus Energy\n|\n|-weather|SunnyDay|[upkeep]\n|-damage|p1a: Chicken|70/100 tox|[from] psn\n|-ability|p1a: Chicken|Speed Boost|boost\n|-boost|p1a: Chicken|spe|1\n|upkeep\n|turn|21\n|\n|t:|1783797202\n|move|p1a: Chicken|Close Combat|p2a: THE KING\n|-crit|p2a: THE KING\n|-damage|p2a: THE KING|6/100\n|-unboost|p1a: Chicken|def|1\n|-unboost|p1a: Chicken|spd|1\n|move|p2a: THE KING|Liquidation|p1a: Chicken\n|-supereffective|p1a: Chicken\n|-damage|p1a: Chicken|0 fnt\n|faint|p1a: Chicken\n|\n|-weather|SunnyDay|[upkeep]\n|upkeep\n|inactive|Battle timer is ON: inactive players will automatically lose when time's up. (requested by feraligatrisbetter)\n|\n|t:|1783797206\n|switch|p1a: Walking Wake|Walking Wake|100/100\n|-damage|p1a: Walking Wake|76/100|[from] Spikes\n|-status|p1a: Walking Wake|tox\n|-activate|p1a: Walking Wake|ability: Protosynthesis\n|-start|p1a: Walking Wake|protosynthesisspe\n|turn|22\n|inactiveoff|Battle timer is now OFF.\n|\n|t:|1783797212\n|-terastallize|p1a: Walking Wake|Water\n|move|p1a: Walking Wake|Hydro Steam|p2a: THE KING\n|-resisted|p2a: THE KING\n|-damage|p2a: THE KING|0 fnt\n|faint|p2a: THE KING\n|\n|-weather|SunnyDay|[upkeep]\n|-damage|p1a: Walking Wake|70/100 tox|[from] psn\n|upkeep\n|\n|t:|1783797217\n|switch|p2a: Dragapult|Dragapult, F|84/100\n|-damage|p2a: Dragapult|72/100|[from] Stealth Rock\n|turn|23\n|\n|t:|1783797223\n|move|p1a: Walking Wake|Hydro Steam|p2a: Dragapult\n|-resisted|p2a: Dragapult\n|-damage|p2a: Dragapult|0 fnt\n|faint|p2a: Dragapult\n|\n|-weather|SunnyDay|[upkeep]\n|-damage|p1a: Walking Wake|57/100 tox|[from] psn\n|upkeep\n|\n|t:|1783797230\n|switch|p2a: Toxic|Toxapex, M|100/100 brn\n|turn|24\n|\n|t:|1783797236\n|move|p1a: Walking Wake|Hydro Steam|p2a: Toxic\n|-resisted|p2a: Toxic\n|-damage|p2a: Toxic|50/100 brn\n|move|p2a: Toxic|Recover|p2a: Toxic\n|-heal|p2a: Toxic|99/100 brn\n|\n|-weather|SunnyDay|[upkeep]\n|-damage|p1a: Walking Wake|39/100 tox|[from] psn\n|-damage|p2a: Toxic|93/100 brn|[from] brn\n|upkeep\n|turn|25\n|\n|t:|1783797244\n|move|p1a: Walking Wake|Hydro Steam|p2a: Toxic\n|-resisted|p2a: Toxic\n|-damage|p2a: Toxic|45/100 brn\n|move|p2a: Toxic|Recover|p2a: Toxic\n|-heal|p2a: Toxic|95/100 brn\n|\n|-weather|none\n|-end|p1a: Walking Wake|Protosynthesis\n|-damage|p1a: Walking Wake|14/100 tox|[from] psn\n|-damage|p2a: Toxic|88/100 brn|[from] brn\n|upkeep\n|turn|26\n|c|☆jotarokirby1|gg\n|c|☆feraligatrisbetter|Gg\n|\n|t:|1783797256\n|move|p1a: Walking Wake|Hydro Steam|p2a: Toxic\n|-resisted|p2a: Toxic\n|-damage|p2a: Toxic|54/100 brn\n|move|p2a: Toxic|Liquidation|p1a: Walking Wake\n|-resisted|p1a: Walking Wake\n|-damage|p1a: Walking Wake|9/100 tox\n|\n|-damage|p1a: Walking Wake|0 fnt|[from] psn\n|faint|p1a: Walking Wake\n|-end|p1a: Walking Wake|Protosynthesis|[silent]\n|\n|win|feraligatrisbetter\n", "uploadtime": 1783797265, "views": 7, "formatid": "gen9ou", "rating": null, "private": 0, "password": null}