{"id": "gen9ou-2647714785", "format": "[Gen 9] OU", "players": ["Breezy55", "OUBotBeepBoop"], "log": "|j|☆Breezy55\n|j|☆OUBotBeepBoop\n|t:|1783800580\n|gametype|singles\n|player|p1|Breezy55|266|1150\n|player|p2|OUBotBeepBoop|102|1199\n|gen|9\n|tier|[Gen 9] OU\n|rated|\n|rule|HP Percentage Mod: HP is shown in percentages\n|rule|Endless Battle Clause: Forcing endless battles is banned\n|rule|Species Clause: Limit one of each Pokémon\n|rule|OHKO Clause: OHKO moves are banned\n|rule|Evasion Items Clause: Evasion items are banned\n|rule|Evasion Moves Clause: Evasion moves are banned\n|rule|Evasion Abilities Clause: Evasion abilities are banned\n|rule|Sleep Moves Clause: Sleep-inducing moves are banned\n|clearpoke\n|poke|p1|Hitmonchan, M|\n|poke|p1|Kyurem|\n|poke|p1|Darkrai|\n|poke|p1|Gholdengo|\n|poke|p1|Landorus-Therian, M|\n|poke|p1|Iron Valiant|\n|poke|p2|Glimmora, M|\n|poke|p2|Great Tusk|\n|poke|p2|Kingambit, F|\n|poke|p2|Dragapult, M|\n|poke|p2|Clefable, M|\n|poke|p2|Corviknight, M|\n|teampreview\n|inactive|Battle timer is ON: inactive players will automatically lose when time's up. (requested by OUBotBeepBoop)\n|\n|t:|1783800592\n|teamsize|p1|6\n|teamsize|p2|6\n|start\n|switch|p1a: Hitmonchan|Hitmonchan, M|100/100\n|switch|p2a: Glimmora|Glimmora, M|100/100\n|turn|1\n|\n|t:|1783800597\n|move|p2a: Glimmora|Stealth Rock|p1a: Hitmonchan\n|-sidestart|p1: Breezy55|move: Stealth Rock\n|move|p1a: Hitmonchan|Drain Punch|p2a: Glimmora\n|-damage|p2a: Glimmora|43/100\n|-activate|p2a: Glimmora|ability: Toxic Debris\n|-sidestart|p1: Breezy55|move: Toxic Spikes\n|\n|upkeep\n|turn|2\n|\n|t:|1783800605\n|switch|p2a: Dragapult|Dragapult, M|100/100\n|move|p1a: Hitmonchan|Drain Punch|p2a: Dragapult\n|-immune|p2a: Dragapult\n|\n|upkeep\n|turn|3\n|\n|t:|1783800610\n|move|p2a: Dragapult|Shadow Ball|p1a: Hitmonchan\n|-damage|p1a: Hitmonchan|67/100\n|-unboost|p1a: Hitmonchan|spd|1\n|move|p1a: Hitmonchan|Knock Off|p2a: Dragapult\n|-supereffective|p2a: Dragapult\n|-damage|p2a: Dragapult|19/100\n|-enditem|p2a: Dragapult|Choice Specs|[from] move: Knock Off|[of] p1a: Hitmonchan\n|\n|upkeep\n|turn|4\n|\n|t:|1783800619\n|move|p2a: Dragapult|Draco Meteor|p1a: Hitmonchan\n|-damage|p1a: Hitmonchan|4/100\n|-unboost|p2a: Dragapult|spa|2\n|move|p1a: Hitmonchan|Drain Punch|p2a: Dragapult\n|-immune|p2a: Dragapult\n|\n|upkeep\n|turn|5\n|\n|t:|1783800627\n|move|p2a: Dragapult|Shadow Ball|p1a: Hitmonchan\n|-damage|p1a: Hitmonchan|0 fnt\n|faint|p1a: Hitmonchan\n|\n|upkeep\n|\n|t:|1783800632\n|switch|p1a: Darkrai|Darkrai|100/100\n|turn|6\n|\n|t:|1783800639\n|switch|p2a: Corviknight|Corviknight, M|100/100\n|-ability|p2a: Corviknight|Pressure\n|move|p1a: Darkrai|Dark Pulse|p2a: Corviknight\n|-damage|p2a: Corviknight|56/100\n|\n|-heal|p2a: Corviknight|62/100|[from] item: Leftovers\n|upkeep\n|turn|7\n|\n|t:|1783800646\n|move|p1a: Darkrai|Dark Pulse|p2a: Corviknight\n|-crit|p2a: Corviknight\n|-damage|p2a: Corviknight|0 fnt\n|faint|p2a: Corviknight\n|\n|upkeep\n|\n|t:|1783800646\n|switch|p2a: Clefable|Clefable, M|100/100\n|turn|8\n|\n|t:|1783800654\n|switch|p1a: Gholdengo|Gholdengo|100/100\n|-damage|p1a: Gholdengo|94/100|[from] Stealth Rock\n|-item|p1a: Gholdengo|Air Balloon\n|move|p2a: Clefable|Moonblast|p1a: Gholdengo\n|-resisted|p1a: Gholdengo\n|-damage|p1a: Gholdengo|78/100\n|-enditem|p1a: Gholdengo|Air Balloon\n|\n|upkeep\n|turn|9\n|\n|t:|1783800663\n|switch|p2a: Kingambit|Kingambit, F|100/100\n|-activate|p2a: Kingambit|ability: Supreme Overlord\n|-start|p2a: Kingambit|fallen1|[silent]\n|move|p1a: Gholdengo|Make It Rain|p2a: Kingambit\n|-resisted|p2a: Kingambit\n|-damage|p2a: Kingambit|70/100\n|-unboost|p1a: Gholdengo|spa|1\n|\n|upkeep\n|turn|10\n|\n|t:|1783800672\n|switch|p1a: Landorus|Landorus-Therian, M|100/100\n|-damage|p1a: Landorus|88/100|[from] Stealth Rock\n|-ability|p1a: Landorus|Intimidate|boost\n|-unboost|p2a: Kingambit|atk|1\n|move|p2a: Kingambit|Kowtow Cleave|p1a: Landorus\n|-damage|p1a: Landorus|58/100\n|-damage|p2a: Kingambit|53/100|[from] item: Rocky Helmet|[of] p1a: Landorus\n|\n|upkeep\n|turn|11\n|\n|t:|1783800682\n|-end|p2a: Kingambit|fallen1|[silent]\n|switch|p2a: Great Tusk|Great Tusk|100/100\n|move|p1a: Landorus|Earthquake|p2a: Great Tusk\n|-damage|p2a: Great Tusk|67/100\n|\n|upkeep\n|turn|12\n|\n|t:|1783800689\n|-terastallize|p1a: Landorus|Water\n|move|p2a: Great Tusk|Ice Spinner|p1a: Landorus\n|-resisted|p1a: Landorus\n|-damage|p1a: Landorus|47/100\n|-damage|p2a: Great Tusk|51/100|[from] item: Rocky Helmet|[of] p1a: Landorus\n|move|p1a: Landorus|Stealth Rock|p2a: Great Tusk\n|-sidestart|p2: OUBotBeepBoop|move: Stealth Rock\n|\n|upkeep\n|turn|13\n|\n|t:|1783800696\n|move|p2a: Great Tusk|Headlong Rush|p1a: Landorus\n|-damage|p1a: Landorus|2/100\n|-unboost|p2a: Great Tusk|def|1\n|-unboost|p2a: Great Tusk|spd|1\n|-damage|p2a: Great Tusk|34/100|[from] item: Rocky Helmet|[of] p1a: Landorus\n|move|p1a: Landorus|Earthquake|p2a: Great Tusk\n|-damage|p2a: Great Tusk|0 fnt\n|faint|p2a: Great Tusk\n|-end|p2a: Great Tusk|Protosynthesis|[silent]\n|\n|upkeep\n|\n|t:|1783800697\n|switch|p2a: Dragapult|Dragapult, M|19/100\n|-damage|p2a: Dragapult|7/100|[from] Stealth Rock\n|turn|14\n|\n|t:|1783800708\n|move|p2a: Dragapult|Shadow Ball|p1a: Landorus\n|-damage|p1a: Landorus|0 fnt\n|faint|p1a: Landorus\n|\n|upkeep\n|\n|t:|1783800714\n|switch|p1a: Iron Valiant|Iron Valiant|100/100\n|-damage|p1a: Iron Valiant|94/100|[from] Stealth Rock\n|-status|p1a: Iron Valiant|psn\n|-enditem|p1a: Iron Valiant|Booster Energy\n|-activate|p1a: Iron Valiant|ability: Quark Drive|[fromitem]\n|-start|p1a: Iron Valiant|quarkdrivespe\n|turn|15\n|\n|t:|1783800721\n|switch|p2a: Clefable|Clefable, M|100/100\n|-damage|p2a: Clefable|88/100|[from] Stealth Rock\n|move|p1a: Iron Valiant|Moonblast|p2a: Clefable\n|-damage|p2a: Clefable|43/100\n|\n|-heal|p2a: Clefable|49/100|[from] item: Leftovers\n|-damage|p1a: Iron Valiant|82/100 psn|[from] psn\n|upkeep\n|turn|16\n|\n|t:|1783800730\n|-terastallize|p2a: Clefable|Steel\n|move|p1a: Iron Valiant|Moonblast|p2a: Clefable\n|-resisted|p2a: Clefable\n|-damage|p2a: Clefable|25/100\n|move|p2a: Clefable|Moonblast|p1a: Iron Valiant\n|-supereffective|p1a: Iron Valiant\n|-damage|p1a: Iron Valiant|0 fnt\n|faint|p1a: Iron Valiant\n|-end|p1a: Iron Valiant|Quark Drive|[silent]\n|\n|-heal|p2a: Clefable|31/100|[from] item: Leftovers\n|upkeep\n|\n|t:|1783800740\n|switch|p1a: Darkrai|Darkrai|100/100\n|turn|17\n|\n|t:|1783800743\n|move|p1a: Darkrai|Dark Pulse|p2a: Clefable\n|-damage|p2a: Clefable|0 fnt\n|faint|p2a: Clefable\n|\n|upkeep\n|\n|t:|1783800744\n|switch|p2a: Dragapult|Dragapult, M|7/100\n|-damage|p2a: Dragapult|0 fnt|[from] Stealth Rock\n|faint|p2a: Dragapult\n|\n|t:|1783800744\n|switch|p2a: Glimmora|Glimmora, M|43/100\n|-damage|p2a: Glimmora|31/100|[from] Stealth Rock\n|turn|18\n|\n|t:|1783800753\n|move|p1a: Darkrai|Dark Pulse|p2a: Glimmora\n|-damage|p2a: Glimmora|0 fnt\n|faint|p2a: Glimmora\n|\n|upkeep\n|\n|t:|1783800754\n|switch|p2a: Kingambit|Kingambit, F|53/100\n|-damage|p2a: Kingambit|47/100|[from] Stealth Rock\n|-activate|p2a: Kingambit|ability: Supreme Overlord\n|-start|p2a: Kingambit|fallen5|[silent]\n|turn|19\n|\n|t:|1783800761\n|move|p2a: Kingambit|Sucker Punch|p1a: Darkrai\n|-resisted|p1a: Darkrai\n|-damage|p1a: Darkrai|53/100\n|move|p1a: Darkrai|Dark Pulse|p2a: Kingambit\n|-resisted|p2a: Kingambit\n|-damage|p2a: Kingambit|25/100\n|\n|upkeep\n|turn|20\n|\n|t:|1783800768\n|move|p2a: Kingambit|Sucker Punch|p1a: Darkrai\n|-resisted|p1a: Darkrai\n|-damage|p1a: Darkrai|5/100\n|move|p1a: Darkrai|Dark Pulse|p2a: Kingambit\n|-resisted|p2a: Kingambit\n|-damage|p2a: Kingambit|4/100\n|\n|upkeep\n|turn|21\n|\n|t:|1783800775\n|move|p2a: Kingambit|Sucker Punch||[still]\n|-fail|p2a: Kingambit\n|move|p1a: Darkrai|Nasty Plot|p1a: Darkrai\n|-boost|p1a: Darkrai|spa|2\n|\n|upkeep\n|turn|22\n|\n|t:|1783800780\n|move|p2a: Kingambit|Sucker Punch||[still]\n|-fail|p2a: Kingambit\n|move|p1a: Darkrai|Nasty Plot|p1a: Darkrai\n|-boost|p1a: Darkrai|spa|2\n|\n|upkeep\n|turn|23\n|\n|t:|1783800785\n|move|p2a: Kingambit|Sucker Punch|p1a: Darkrai\n|-resisted|p1a: Darkrai\n|-crit|p1a: Darkrai\n|-damage|p1a: Darkrai|0 fnt\n|faint|p1a: Darkrai\n|\n|upkeep\n|\n|t:|1783800789\n|switch|p1a: Gholdengo|Gholdengo|78/100\n|-damage|p1a: Gholdengo|72/100|[from] Stealth Rock\n|turn|24\n|\n|t:|1783800793\n|move|p2a: Kingambit|Sucker Punch||[still]\n|-fail|p2a: Kingambit\n|move|p1a: Gholdengo|Recover|p1a: Gholdengo\n|-heal|p1a: Gholdengo|100/100\n|\n|upkeep\n|turn|25\n|\n|t:|1783800797\n|move|p2a: Kingambit|Sucker Punch||[still]\n|-fail|p2a: Kingambit\n|move|p1a: Gholdengo|Recover||[still]\n|-fail|p1a: Gholdengo|heal\n|\n|upkeep\n|turn|26\n|\n|t:|1783800802\n|move|p2a: Kingambit|Sucker Punch||[still]\n|-fail|p2a: Kingambit\n|move|p1a: Gholdengo|Recover||[still]\n|-fail|p1a: Gholdengo|heal\n|\n|upkeep\n|turn|27\n|\n|t:|1783800806\n|move|p1a: Gholdengo|Shadow Ball|p2a: Kingambit\n|-resisted|p2a: Kingambit\n|-damage|p2a: Kingambit|0 fnt\n|faint|p2a: Kingambit\n|-end|p2a: Kingambit|fallen5|[silent]\n|\n|win|Breezy55\n|raw|Breezy55's rating: 1150 &rarr; <strong>1181</strong><br />(+31 for winning)\n|raw|OUBotBeepBoop's rating: 1242 &rarr; <strong>1211</strong><br />(-31 for losing)\n|l|☆OUBotBeepBoop\n|player|p2|\n|l|☆Breezy55\n|player|p1|\n", "uploadtime": 1783801147, "views": 7, "formatid": "gen9ou", "rating": 1181, "private": 0, "password": null}