{"id": "gen9ou-2640021890", "format": "[Gen 9] OU", "players": ["livelaughlando", "LowEL0God"], "log": "|j|☆livelaughlando\n|j|☆LowEL0God\n|t:|1782565340\n|gametype|singles\n|player|p1|livelaughlando|backersf|1555\n|player|p2|LowEL0God|2|1610\n|gen|9\n|tier|[Gen 9] OU\n|rated|\n|rule|HP Percentage Mod: HP is shown in percentages\n|rule|Endless Battle Clause: Forcing endless battles is banned\n|rule|Species Clause: Limit one of each Pokémon\n|rule|OHKO Clause: OHKO moves are banned\n|rule|Evasion Items Clause: Evasion items are banned\n|rule|Evasion Moves Clause: Evasion moves are banned\n|rule|Evasion Abilities Clause: Evasion abilities are banned\n|rule|Sleep Moves Clause: Sleep-inducing moves are banned\n|clearpoke\n|poke|p1|Pelipper, M|\n|poke|p1|Raging Bolt|\n|poke|p1|Overqwil, M|\n|poke|p1|Barraskewda, M|\n|poke|p1|Iron Treads|\n|poke|p1|Kingambit, F|\n|poke|p2|Pelipper, M|\n|poke|p2|Torkoal, M|\n|poke|p2|Walking Wake|\n|poke|p2|Tyranitar, F|\n|poke|p2|Excadrill, M|\n|poke|p2|Ogerpon-Wellspring, F|\n|teampreview\n|inactive|Battle timer is ON: inactive players will automatically lose when time's up. (requested by LowEL0God)\n|\n|t:|1782565354\n|teamsize|p1|6\n|teamsize|p2|6\n|start\n|switch|p1a: Iron Treads|Iron Treads|100/100\n|switch|p2a: Walking Wake|Walking Wake|100/100\n|-enditem|p1a: Iron Treads|Booster Energy\n|-activate|p1a: Iron Treads|ability: Quark Drive|[fromitem]\n|-start|p1a: Iron Treads|quarkdrivespe\n|turn|1\n|\n|t:|1782565362\n|move|p1a: Iron Treads|Stealth Rock|p2a: Walking Wake\n|-sidestart|p2: LowEL0God|move: Stealth Rock\n|move|p2a: Walking Wake|Hydro Steam|p1a: Iron Treads\n|-supereffective|p1a: Iron Treads\n|-damage|p1a: Iron Treads|0 fnt\n|faint|p1a: Iron Treads\n|-end|p1a: Iron Treads|Quark Drive|[silent]\n|\n|upkeep\n|\n|t:|1782565367\n|switch|p1a: Raging Bolt|Raging Bolt|100/100\n|-enditem|p1a: Raging Bolt|Booster Energy\n|-activate|p1a: Raging Bolt|ability: Protosynthesis|[fromitem]\n|-start|p1a: Raging Bolt|protosynthesisspa\n|turn|2\n|\n|t:|1782565369\n|-end|p2a: Walking Wake|Protosynthesis|[silent]\n|switch|p2a: No Hazards for You|Excadrill, M, shiny|100/100\n|-damage|p2a: No Hazards for You|97/100|[from] Stealth Rock\n|move|p1a: Raging Bolt|Draco Meteor|p2a: No Hazards for You|[miss]\n|-miss|p1a: Raging Bolt|p2a: No Hazards for You\n|\n|upkeep\n|turn|3\n|\n|t:|1782565376\n|-end|p1a: Raging Bolt|Protosynthesis|[silent]\n|switch|p1a: Pelipper|Pelipper, M|100/100\n|-weather|RainDance|[from] ability: Drizzle|[of] p1a: Pelipper\n|move|p2a: No Hazards for You|Rapid Spin|p1a: Pelipper\n|-damage|p1a: Pelipper|79/100\n|-boost|p2a: No Hazards for You|spe|1\n|-sideend|p2: LowEL0God|Stealth Rock|[from] move: Rapid Spin|[of] p2a: No Hazards for You\n|\n|-weather|RainDance|[upkeep]\n|upkeep\n|turn|4\n|\n|t:|1782565379\n|switch|p2a: Walking Wake|Walking Wake|100/100\n|move|p1a: Pelipper|U-turn|p2a: Walking Wake\n|-damage|p2a: Walking Wake|91/100\n|\n|t:|1782565384\n|switch|p1a: Overqwil|Overqwil, M|100/100|[from] U-turn\n|\n|-weather|RainDance|[upkeep]\n|upkeep\n|turn|5\n|\n|t:|1782565386\n|move|p1a: Overqwil|Gunk Shot|p2a: Walking Wake\n|-damage|p2a: Walking Wake|0 fnt\n|faint|p2a: Walking Wake\n|-end|p2a: Walking Wake|Protosynthesis|[silent]\n|-damage|p1a: Overqwil|91/100|[from] item: Life Orb\n|\n|-weather|RainDance|[upkeep]\n|upkeep\n|\n|t:|1782565389\n|switch|p2a: Hurricane Spam|Pelipper, M, shiny|100/100\n|turn|6\n|\n|t:|1782565393\n|move|p1a: Overqwil|Gunk Shot|p2a: Hurricane Spam\n|-crit|p2a: Hurricane Spam\n|-damage|p2a: Hurricane Spam|0 fnt\n|faint|p2a: Hurricane Spam\n|-damage|p1a: Overqwil|81/100|[from] item: Life Orb\n|\n|-weather|RainDance|[upkeep]\n|upkeep\n|\n|t:|1782565393\n|switch|p2a: Torkoal|Torkoal, M|100/100\n|-weather|SunnyDay|[from] ability: Drought|[of] p2a: Torkoal\n|turn|7\n|\n|t:|1782565397\n|switch|p1a: Pelipper|Pelipper, M|79/100\n|-weather|RainDance|[from] ability: Drizzle|[of] p1a: Pelipper\n|move|p2a: Torkoal|Lava Plume|p1a: Pelipper\n|-resisted|p1a: Pelipper\n|-damage|p1a: Pelipper|71/100\n|-status|p1a: Pelipper|brn\n|\n|-weather|RainDance|[upkeep]\n|-damage|p1a: Pelipper|65/100 brn|[from] brn\n|upkeep\n|turn|8\n|\n|t:|1782565400\n|switch|p2a: No Lando Plz|Tyranitar, F, shiny|100/100\n|-weather|Sandstorm|[from] ability: Sand Stream|[of] p2a: No Lando Plz\n|move|p1a: Pelipper|U-turn|p2a: No Lando Plz\n|-supereffective|p2a: No Lando Plz\n|-damage|p2a: No Lando Plz|93/100\n|\n|t:|1782565404\n|switch|p1a: Barraskewda|Barraskewda, M|100/100|[from] U-turn\n|\n|-weather|Sandstorm|[upkeep]\n|-damage|p1a: Barraskewda|94/100|[from] Sandstorm\n|upkeep\n|turn|9\n|\n|t:|1782565406\n|switch|p2a: Ogerpon|Ogerpon-Wellspring, F|100/100\n|move|p1a: Barraskewda|Flip Turn|p2a: Ogerpon\n|-immune|p2a: Ogerpon|[from] ability: Water Absorb\n|\n|-weather|Sandstorm|[upkeep]\n|-damage|p1a: Barraskewda|88/100|[from] Sandstorm\n|-damage|p2a: Ogerpon|95/100|[from] Sandstorm\n|upkeep\n|turn|10\n|\n|t:|1782565409\n|switch|p1a: Raging Bolt|Raging Bolt|100/100\n|move|p2a: Ogerpon|Horn Leech|p1a: Raging Bolt\n|-resisted|p1a: Raging Bolt\n|-damage|p1a: Raging Bolt|80/100\n|-heal|p2a: Ogerpon|100/100|[from] drain|[of] p1a: Raging Bolt\n|\n|-weather|Sandstorm|[upkeep]\n|-damage|p2a: Ogerpon|95/100|[from] Sandstorm\n|-damage|p1a: Raging Bolt|74/100|[from] Sandstorm\n|upkeep\n|turn|11\n|\n|t:|1782565413\n|switch|p2a: No Hazards for You|Excadrill, M, shiny|97/100\n|move|p1a: Raging Bolt|Draco Meteor|p2a: No Hazards for You\n|-resisted|p2a: No Hazards for You\n|-damage|p2a: No Hazards for You|44/100\n|-unboost|p1a: Raging Bolt|spa|2\n|\n|-weather|Sandstorm|[upkeep]\n|-damage|p1a: Raging Bolt|68/100|[from] Sandstorm\n|upkeep\n|turn|12\n|\n|t:|1782565415\n|-end|p1a: Raging Bolt|Protosynthesis|[silent]\n|switch|p1a: Pelipper|Pelipper, M|65/100 brn\n|-weather|RainDance|[from] ability: Drizzle|[of] p1a: Pelipper\n|move|p2a: No Hazards for You|Rock Slide|p1a: Pelipper\n|-supereffective|p1a: Pelipper\n|-damage|p1a: Pelipper|3/100 brn\n|\n|-weather|RainDance|[upkeep]\n|-damage|p1a: Pelipper|0 fnt|[from] brn\n|faint|p1a: Pelipper\n|upkeep\n|\n|t:|1782565419\n|switch|p1a: Barraskewda|Barraskewda, M|88/100\n|turn|13\n|\n|t:|1782565422\n|switch|p2a: Torkoal|Torkoal, M|100/100\n|-weather|SunnyDay|[from] ability: Drought|[of] p2a: Torkoal\n|move|p1a: Barraskewda|Close Combat|p2a: Torkoal\n|-damage|p2a: Torkoal|64/100\n|-unboost|p1a: Barraskewda|def|1\n|-unboost|p1a: Barraskewda|spd|1\n|\n|-weather|SunnyDay|[upkeep]\n|upkeep\n|turn|14\n|\n|t:|1782565429\n|switch|p1a: Raging Bolt|Raging Bolt|68/100\n|-activate|p1a: Raging Bolt|ability: Protosynthesis\n|-start|p1a: Raging Bolt|protosynthesisspa\n|move|p2a: Torkoal|Body Press|p1a: Raging Bolt\n|-crit|p1a: Raging Bolt\n|-damage|p1a: Raging Bolt|25/100\n|\n|-weather|SunnyDay|[upkeep]\n|upkeep\n|turn|15\n|\n|t:|1782565440\n|switch|p2a: No Hazards for You|Excadrill, M, shiny|44/100\n|move|p1a: Raging Bolt|Thunder|p2a: No Hazards for You\n|-immune|p2a: No Hazards for You\n|\n|-weather|SunnyDay|[upkeep]\n|upkeep\n|turn|16\n|\n|t:|1782565445\n|move|p2a: No Hazards for You|Earthquake|p1a: Raging Bolt\n|-supereffective|p1a: Raging Bolt\n|-damage|p1a: Raging Bolt|0 fnt\n|faint|p1a: Raging Bolt\n|-end|p1a: Raging Bolt|Protosynthesis|[silent]\n|\n|-weather|SunnyDay|[upkeep]\n|upkeep\n|\n|t:|1782565447\n|switch|p1a: Barraskewda|Barraskewda, M|88/100\n|turn|17\n|\n|t:|1782565450\n|switch|p2a: Torkoal|Torkoal, M|64/100\n|move|p1a: Barraskewda|Close Combat|p2a: Torkoal\n|-damage|p2a: Torkoal|26/100\n|-unboost|p1a: Barraskewda|def|1\n|-unboost|p1a: Barraskewda|spd|1\n|\n|-weather|SunnyDay|[upkeep]\n|upkeep\n|turn|18\n|\n|t:|1782565454\n|-terastallize|p2a: Torkoal|Flying\n|move|p1a: Barraskewda|Close Combat|p2a: Torkoal\n|-resisted|p2a: Torkoal\n|-damage|p2a: Torkoal|8/100\n|-unboost|p1a: Barraskewda|def|1\n|-unboost|p1a: Barraskewda|spd|1\n|move|p2a: Torkoal|Body Press|p1a: Barraskewda\n|-damage|p1a: Barraskewda|0 fnt\n|faint|p1a: Barraskewda\n|\n|-weather|SunnyDay|[upkeep]\n|upkeep\n|\n|t:|1782565461\n|switch|p1a: Overqwil|Overqwil, M|81/100\n|turn|19\n|\n|t:|1782565465\n|move|p1a: Overqwil|Crunch|p2a: Torkoal\n|-damage|p2a: Torkoal|0 fnt\n|faint|p2a: Torkoal\n|-damage|p1a: Overqwil|71/100|[from] item: Life Orb\n|\n|-weather|SunnyDay|[upkeep]\n|upkeep\n|\n|t:|1782565466\n|switch|p2a: No Lando Plz|Tyranitar, F, shiny|93/100\n|-weather|Sandstorm|[from] ability: Sand Stream|[of] p2a: No Lando Plz\n|turn|20\n|\n|t:|1782565475\n|-terastallize|p1a: Overqwil|Water\n|move|p1a: Overqwil|Liquidation|p2a: No Lando Plz\n|-supereffective|p2a: No Lando Plz\n|-damage|p2a: No Lando Plz|0 fnt\n|faint|p2a: No Lando Plz\n|-damage|p1a: Overqwil|62/100|[from] item: Life Orb\n|\n|-weather|Sandstorm|[upkeep]\n|-damage|p1a: Overqwil|56/100|[from] Sandstorm\n|upkeep\n|\n|t:|1782565476\n|switch|p2a: Ogerpon|Ogerpon-Wellspring, F|95/100\n|turn|21\n|\n|t:|1782565480\n|move|p2a: Ogerpon|Ivy Cudgel|p1a: Overqwil|[anim] Ivy Cudgel Water\n|-resisted|p1a: Overqwil\n|-damage|p1a: Overqwil|24/100\n|move|p1a: Overqwil|Gunk Shot|p2a: Ogerpon\n|-supereffective|p2a: Ogerpon\n|-damage|p2a: Ogerpon|0 fnt\n|faint|p2a: Ogerpon\n|-damage|p1a: Overqwil|14/100|[from] item: Life Orb\n|\n|-weather|Sandstorm|[upkeep]\n|-damage|p1a: Overqwil|8/100|[from] Sandstorm\n|upkeep\n|\n|t:|1782565481\n|switch|p2a: No Hazards for You|Excadrill, M, shiny|44/100\n|turn|22\n|\n|t:|1782565483\n|move|p2a: No Hazards for You|Rock Slide|p1a: Overqwil\n|-damage|p1a: Overqwil|0 fnt\n|faint|p1a: Overqwil\n|\n|-weather|Sandstorm|[upkeep]\n|upkeep\n|\n|t:|1782565484\n|switch|p1a: Kingambit|Kingambit, F|100/100\n|-activate|p1a: Kingambit|ability: Supreme Overlord\n|-start|p1a: Kingambit|fallen5|[silent]\n|turn|23\n|\n|t:|1782565486\n|move|p1a: Kingambit|Sucker Punch|p2a: No Hazards for You\n|-damage|p2a: No Hazards for You|0 fnt\n|faint|p2a: No Hazards for You\n|\n|win|livelaughlando\n|raw|livelaughlando's rating: 1555 &rarr; <strong>1578</strong><br />(+23 for winning)\n|raw|LowEL0God's rating: 1610 &rarr; <strong>1587</strong><br />(-23 for losing)\n|c|☆livelaughlando|gg\n|l|☆livelaughlando\n|player|p1|\n|l|☆LowEL0God\n|player|p2|\n", "uploadtime": 1782565676, "views": 3, "formatid": "gen9ou", "rating": 1578, "private": 0, "password": null}