{"id": "gen9ou-2647699971", "format": "[Gen 9] OU", "players": ["supaflyspy", "Stracciatella06"], "log": "|j|☆supaflyspy\n|j|☆Stracciatella06\n|t:|1783798344\n|gametype|singles\n|player|p1|supaflyspy|unknown|1073\n|player|p2|Stracciatella06|266|1024\n|gen|9\n|tier|[Gen 9] OU\n|rated|\n|rule|HP Percentage Mod: HP is shown in percentages\n|rule|Endless Battle Clause: Forcing endless battles is banned\n|rule|Species Clause: Limit one of each Pokémon\n|rule|OHKO Clause: OHKO moves are banned\n|rule|Evasion Items Clause: Evasion items are banned\n|rule|Evasion Moves Clause: Evasion moves are banned\n|rule|Evasion Abilities Clause: Evasion abilities are banned\n|rule|Sleep Moves Clause: Sleep-inducing moves are banned\n|clearpoke\n|poke|p1|Ogerpon-Wellspring, F|\n|poke|p1|Gholdengo|\n|poke|p1|Great Tusk|\n|poke|p1|Hoopa-Unbound|\n|poke|p1|Maushold-Four|\n|poke|p1|Kingambit, M|\n|poke|p2|Great Tusk|\n|poke|p2|Sandaconda, M|\n|poke|p2|Primarina, F|\n|poke|p2|Garchomp, F|\n|poke|p2|Heatran, M|\n|poke|p2|Clawitzer, M|\n|teampreview\n|inactive|Battle timer is ON: inactive players will automatically lose when time's up. (requested by Stracciatella06)\n|j| BarthoIomeo\n|\n|t:|1783798351\n|teamsize|p1|6\n|teamsize|p2|6\n|start\n|switch|p1a: toll troll|Ogerpon-Wellspring, F|100/100\n|switch|p2a: Kaa|Sandaconda, M, shiny|100/100\n|turn|1\n|\n|t:|1783798359\n|move|p1a: toll troll|Ivy Cudgel|p2a: Kaa|[anim] Ivy Cudgel Water\n|-supereffective|p2a: Kaa\n|-damage|p2a: Kaa|21/100\n|-weather|Sandstorm|[from] ability: Sand Spit|[of] p2a: Kaa\n|move|p2a: Kaa|Glare|p1a: toll troll\n|-status|p1a: toll troll|par\n|\n|-weather|Sandstorm|[upkeep]\n|-damage|p1a: toll troll|94/100 par|[from] Sandstorm\n|-heal|p2a: Kaa|27/100|[from] item: Leftovers\n|upkeep\n|turn|2\n|\n|t:|1783798380\n|move|p2a: Kaa|Rest|p2a: Kaa\n|-status|p2a: Kaa|slp|[from] move: Rest\n|-heal|p2a: Kaa|100/100 slp|[silent]\n|cant|p1a: toll troll|par\n|\n|-weather|Sandstorm|[upkeep]\n|-damage|p1a: toll troll|88/100 par|[from] Sandstorm\n|upkeep\n|turn|3\n|\n|t:|1783798393\n|switch|p2a: Sirenita|Primarina, F|100/100\n|move|p1a: toll troll|Ivy Cudgel|p2a: Sirenita|[anim] Ivy Cudgel Water\n|-resisted|p2a: Sirenita\n|-damage|p2a: Sirenita|65/100\n|\n|-weather|Sandstorm|[upkeep]\n|-damage|p2a: Sirenita|59/100|[from] Sandstorm\n|-damage|p1a: toll troll|82/100 par|[from] Sandstorm\n|upkeep\n|turn|4\n|\n|t:|1783798406\n|move|p2a: Sirenita|Alluring Voice|p1a: toll troll\n|-damage|p1a: toll troll|46/100 par\n|move|p1a: toll troll|Knock Off|p2a: Sirenita\n|-resisted|p2a: Sirenita\n|-damage|p2a: Sirenita|37/100\n|-enditem|p2a: Sirenita|Focus Sash|[from] move: Knock Off|[of] p1a: toll troll\n|\n|-weather|Sandstorm|[upkeep]\n|-damage|p2a: Sirenita|31/100|[from] Sandstorm\n|-damage|p1a: toll troll|40/100 par|[from] Sandstorm\n|upkeep\n|turn|5\n|\n|t:|1783798422\n|move|p2a: Sirenita|Alluring Voice|p1a: toll troll\n|-damage|p1a: toll troll|4/100 par\n|move|p1a: toll troll|U-turn|p2a: Sirenita\n|-resisted|p2a: Sirenita\n|-damage|p2a: Sirenita|16/100\n|\n|t:|1783798427\n|switch|p1a: mice in your walls|Maushold-Four, shiny|100/100|[from] U-turn\n|\n|-weather|none\n|upkeep\n|turn|6\n|inactive|Stracciatella06 has 120 seconds left.\n|\n|t:|1783798454\n|move|p1a: mice in your walls|Population Bomb|p2a: Sirenita\n|-damage|p2a: Sirenita|0 fnt\n|faint|p2a: Sirenita\n|-hitcount|p2: Sirenita|1\n|\n|upkeep\n|inactive|Stracciatella06 has 120 seconds left.\n|\n|t:|1783798464\n|switch|p2a: Dumbo|Great Tusk|100/100\n|turn|7\n|\n|t:|1783798469\n|switch|p1a: toll troll|Ogerpon-Wellspring, F|4/100 par\n|move|p2a: Dumbo|Close Combat|p1a: toll troll\n|-damage|p1a: toll troll|0 fnt\n|-unboost|p2a: Dumbo|def|1\n|-unboost|p2a: Dumbo|spd|1\n|faint|p1a: toll troll\n|\n|upkeep\n|l|☆supaflyspy\n|inactive|supaflyspy disconnected and has a minute to reconnect!\n|player|p1|\n|j|☆supaflyspy\n|inactive|supaflyspy reconnected and has 135 seconds left.\n|player|p1|supaflyspy|unknown|\n|\n|t:|1783798488\n|switch|p1a: manny|Great Tusk|100/100\n|turn|8\n|\n|t:|1783798494\n|-end|p2a: Dumbo|Protosynthesis|[silent]\n|switch|p2a: Cinthia|Garchomp, F|100/100\n|move|p1a: manny|Headlong Rush|p2a: Cinthia\n|-crit|p2a: Cinthia\n|-damage|p2a: Cinthia|1/100\n|-unboost|p1a: manny|def|1\n|-unboost|p1a: manny|spd|1\n|-damage|p1a: manny|88/100|[from] ability: Rough Skin|[of] p2a: Cinthia\n|-damage|p1a: manny|72/100|[from] item: Rocky Helmet|[of] p2a: Cinthia\n|\n|upkeep\n|turn|9\n|\n|t:|1783798509\n|move|p2a: Cinthia|Dragon Claw|p1a: manny\n|-damage|p1a: manny|30/100\n|-damage|p2a: Cinthia|0 fnt|[from] item: Rocky Helmet|[of] p1a: manny\n|faint|p2a: Cinthia\n|move|p1a: manny|Headlong Rush|p2: Cinthia|[notarget]\n|-fail|p1a: manny\n|\n|upkeep\n|\n|t:|1783798518\n|switch|p2a: 5océanos|Clawitzer, M|100/100\n|turn|10\n|\n|t:|1783798526\n|move|p1a: manny|Stealth Rock|p2a: 5océanos\n|-sidestart|p2: Stracciatella06|move: Stealth Rock\n|move|p2a: 5océanos|Water Pulse|p1a: manny\n|-supereffective|p1a: manny\n|-damage|p1a: manny|0 fnt\n|faint|p1a: manny\n|-end|p1a: manny|Protosynthesis|[silent]\n|\n|upkeep\n|\n|t:|1783798540\n|switch|p1a: boosted gold|Gholdengo|100/100\n|turn|11\n|\n|t:|1783798554\n|move|p1a: boosted gold|Nasty Plot|p1a: boosted gold\n|-boost|p1a: boosted gold|spa|2\n|move|p2a: 5océanos|Dark Pulse|p1a: boosted gold\n|-supereffective|p1a: boosted gold\n|-damage|p1a: boosted gold|22/100\n|\n|upkeep\n|turn|12\n|\n|t:|1783798562\n|move|p1a: boosted gold|Shadow Ball|p2a: 5océanos\n|-damage|p2a: 5océanos|0 fnt\n|faint|p2a: 5océanos\n|\n|upkeep\n|\n|t:|1783798567\n|switch|p2a: Kaa|Sandaconda, M, shiny|100/100 slp\n|-damage|p2a: Kaa|95/100 slp|[from] Stealth Rock\n|turn|13\n|\n|t:|1783798573\n|move|p1a: boosted gold|Nasty Plot|p1a: boosted gold\n|-boost|p1a: boosted gold|spa|2\n|cant|p2a: Kaa|slp\n|\n|-heal|p2a: Kaa|100/100 slp|[from] item: Leftovers\n|upkeep\n|turn|14\n|\n|t:|1783798581\n|move|p1a: boosted gold|Recover|p1a: boosted gold\n|-heal|p1a: boosted gold|72/100\n|cant|p2a: Kaa|slp\n|\n|upkeep\n|turn|15\n|\n|t:|1783798587\n|move|p1a: boosted gold|Shadow Ball|p2a: Kaa\n|-damage|p2a: Kaa|0 fnt\n|-weather|Sandstorm|[from] ability: Sand Spit|[of] p2a: Kaa\n|faint|p2a: Kaa\n|\n|-weather|Sandstorm|[upkeep]\n|upkeep\n|\n|t:|1783798594\n|switch|p2a: Dumbo|Great Tusk|100/100\n|turn|16\n|\n|t:|1783798600\n|move|p1a: boosted gold|Make It Rain|p2a: Dumbo\n|-damage|p2a: Dumbo|0 fnt\n|-unboost|p1a: boosted gold|spa|1\n|faint|p2a: Dumbo\n|-end|p2a: Dumbo|Protosynthesis|[silent]\n|\n|-weather|Sandstorm|[upkeep]\n|upkeep\n|\n|t:|1783798607\n|switch|p2a: Teide|Heatran, M|100/100\n|-damage|p2a: Teide|88/100|[from] Stealth Rock\n|turn|17\n|\n|t:|1783798613\n|move|p1a: boosted gold|Shadow Ball|p2a: Teide\n|-damage|p2a: Teide|5/100\n|move|p2a: Teide|Flamethrower|p1a: boosted gold\n|-supereffective|p1a: boosted gold\n|-damage|p1a: boosted gold|0 fnt\n|faint|p1a: boosted gold\n|\n|-weather|Sandstorm|[upkeep]\n|-heal|p2a: Teide|11/100|[from] item: Leftovers\n|upkeep\n|\n|t:|1783798623\n|switch|p1a: mice in your walls|Maushold-Four, shiny|100/100\n|turn|18\n|c|☆supaflyspy|gg\n|\n|t:|1783798630\n|-terastallize|p2a: Teide|Fire\n|move|p1a: mice in your walls|Population Bomb|p2a: Teide\n|-damage|p2a: Teide|2/100\n|-status|p1a: mice in your walls|brn|[from] ability: Flame Body|[of] p2a: Teide\n|-damage|p2a: Teide|0 fnt\n|faint|p2a: Teide\n|-hitcount|p2: Teide|2\n|\n|win|supaflyspy\n|raw|supaflyspy's rating: 1073 &rarr; <strong>1098</strong><br />(+25 for winning)\n|raw|Stracciatella06's rating: 1024 &rarr; <strong>1012</strong><br />(-12 for losing)\n|l| BarthoIomeo\n", "uploadtime": 1783798642, "views": 9, "formatid": "gen9ou", "rating": 1012, "private": 0, "password": null}