{"id": "gen9ou-2647758554", "format": "[Gen 9] OU", "players": ["dudemf33", "sloberto"], "log": "|j|☆dudemf33\n|j|☆sloberto\n|t:|1783807563\n|gametype|singles\n|player|p1|dudemf33|scientist-gen4dp|1256\n|player|p2|sloberto|crasherwake|1284\n|gen|9\n|tier|[Gen 9] OU\n|rated|\n|rule|HP Percentage Mod: HP is shown in percentages\n|rule|Endless Battle Clause: Forcing endless battles is banned\n|rule|Species Clause: Limit one of each Pokémon\n|rule|OHKO Clause: OHKO moves are banned\n|rule|Evasion Items Clause: Evasion items are banned\n|rule|Evasion Moves Clause: Evasion moves are banned\n|rule|Evasion Abilities Clause: Evasion abilities are banned\n|rule|Sleep Moves Clause: Sleep-inducing moves are banned\n|clearpoke\n|poke|p1|Goodra, F|\n|poke|p1|Electivire, F|\n|poke|p1|Dragapult, F|\n|poke|p1|Kingambit, F|\n|poke|p1|Great Tusk|\n|poke|p1|Moltres|\n|poke|p2|Ninetales, F|\n|poke|p2|Blaziken, M|\n|poke|p2|Walking Wake|\n|poke|p2|Whimsicott, M|\n|poke|p2|Great Tusk|\n|poke|p2|Iron Moth|\n|teampreview\n|\n|t:|1783807572\n|teamsize|p1|6\n|teamsize|p2|6\n|start\n|switch|p1a: Moltres|Moltres|100/100\n|switch|p2a: borutodad|Ninetales, F|100/100\n|-weather|SunnyDay|[from] ability: Drought|[of] p2a: borutodad\n|turn|1\n|\n|t:|1783807581\n|switch|p2a: Dubya|Walking Wake|100/100\n|-activate|p2a: Dubya|ability: Protosynthesis\n|-start|p2a: Dubya|protosynthesisspe\n|move|p1a: Moltres|Flamethrower|p2a: Dubya\n|-resisted|p2a: Dubya\n|-damage|p2a: Dubya|91/100\n|\n|-weather|SunnyDay|[upkeep]\n|upkeep\n|turn|2\n|\n|t:|1783807591\n|switch|p1a: Goodra|Goodra, F|100/100\n|move|p2a: Dubya|Hydro Steam|p1a: Goodra\n|-resisted|p1a: Goodra\n|-damage|p1a: Goodra|83/100\n|\n|-weather|SunnyDay|[upkeep]\n|-heal|p1a: Goodra|89/100|[from] item: Leftovers\n|upkeep\n|turn|3\n|\n|t:|1783807611\n|move|p2a: Dubya|Draco Meteor|p1a: Goodra|[miss]\n|-miss|p2a: Dubya|p1a: Goodra\n|move|p1a: Goodra|Acid Armor|p1a: Goodra\n|-boost|p1a: Goodra|def|2\n|\n|-weather|SunnyDay|[upkeep]\n|-heal|p1a: Goodra|95/100|[from] item: Leftovers\n|upkeep\n|turn|4\n|\n|t:|1783807617\n|move|p2a: Dubya|Draco Meteor|p1a: Goodra\n|-supereffective|p1a: Goodra\n|-damage|p1a: Goodra|24/100\n|-unboost|p2a: Dubya|spa|2\n|move|p1a: Goodra|Toxic|p2a: Dubya\n|-status|p2a: Dubya|tox\n|\n|-weather|SunnyDay|[upkeep]\n|-heal|p1a: Goodra|30/100|[from] item: Leftovers\n|-damage|p2a: Dubya|85/100 tox|[from] psn\n|upkeep\n|turn|5\n|\n|t:|1783807626\n|move|p2a: Dubya|Draco Meteor|p1a: Goodra\n|-supereffective|p1a: Goodra\n|-damage|p1a: Goodra|0 fnt\n|-unboost|p2a: Dubya|spa|2\n|faint|p1a: Goodra\n|\n|-weather|SunnyDay|[upkeep]\n|-damage|p2a: Dubya|72/100 tox|[from] psn\n|upkeep\n|\n|t:|1783807632\n|switch|p1a: Dragapult|Dragapult, F|100/100\n|turn|6\n|\n|t:|1783807641\n|-end|p2a: Dubya|Protosynthesis|[silent]\n|switch|p2a: Treevis Scott|Whimsicott, M|100/100\n|move|p1a: Dragapult|U-turn|p2a: Treevis Scott\n|-damage|p2a: Treevis Scott|51/100\n|\n|t:|1783807652\n|switch|p1a: Moltres|Moltres|100/100|[from] U-turn\n|\n|-weather|SunnyDay|[upkeep]\n|upkeep\n|turn|7\n|\n|t:|1783807664\n|switch|p2a: Dubya|Walking Wake|72/100 tox\n|-activate|p2a: Dubya|ability: Protosynthesis\n|-start|p2a: Dubya|protosynthesisspe\n|move|p1a: Moltres|Flamethrower|p2a: Dubya\n|-resisted|p2a: Dubya\n|-damage|p2a: Dubya|63/100 tox\n|\n|-weather|SunnyDay|[upkeep]\n|-damage|p2a: Dubya|57/100 tox|[from] psn\n|upkeep\n|turn|8\n|\n|t:|1783807675\n|switch|p1a: Electivire|Electivire, F|100/100\n|move|p2a: Dubya|Hydro Steam|p1a: Electivire\n|-damage|p1a: Electivire|24/100\n|\n|-weather|none\n|-end|p2a: Dubya|Protosynthesis\n|-damage|p2a: Dubya|45/100 tox|[from] psn\n|upkeep\n|turn|9\n|\n|t:|1783807685\n|-end|p2a: Dubya|Protosynthesis|[silent]\n|switch|p2a: borutodad|Ninetales, F|100/100\n|-weather|SunnyDay|[from] ability: Drought|[of] p2a: borutodad\n|move|p1a: Electivire|Thunder Punch|p2a: borutodad\n|-damage|p2a: borutodad|27/100\n|\n|-weather|SunnyDay|[upkeep]\n|upkeep\n|turn|10\n|\n|t:|1783807692\n|move|p2a: borutodad|Overheat|p1a: Electivire\n|-damage|p1a: Electivire|0 fnt\n|-unboost|p2a: borutodad|spa|2\n|faint|p1a: Electivire\n|\n|-weather|SunnyDay|[upkeep]\n|upkeep\n|\n|t:|1783807696\n|switch|p1a: Dragapult|Dragapult, F|100/100\n|turn|11\n|\n|t:|1783807706\n|move|p1a: Dragapult|U-turn|p2a: borutodad\n|-resisted|p2a: borutodad\n|-damage|p2a: borutodad|0 fnt\n|faint|p2a: borutodad\n|\n|t:|1783807712\n|switch|p1a: Great Tusk|Great Tusk|100/100|[from] U-turn\n|-activate|p1a: Great Tusk|ability: Protosynthesis\n|-start|p1a: Great Tusk|protosynthesisspe\n|\n|-weather|SunnyDay|[upkeep]\n|upkeep\n|\n|t:|1783807717\n|switch|p2a: Dubya|Walking Wake|45/100 tox\n|-activate|p2a: Dubya|ability: Protosynthesis\n|-start|p2a: Dubya|protosynthesisspe\n|turn|12\n|\n|t:|1783807742\n|move|p2a: Dubya|Hydro Steam|p1a: Great Tusk\n|-supereffective|p1a: Great Tusk\n|-damage|p1a: Great Tusk|0 fnt\n|faint|p1a: Great Tusk\n|-end|p1a: Great Tusk|Protosynthesis|[silent]\n|\n|-weather|SunnyDay|[upkeep]\n|-damage|p2a: Dubya|39/100 tox|[from] psn\n|upkeep\n|\n|t:|1783807744\n|switch|p1a: Kingambit|Kingambit, F|100/100\n|-activate|p1a: Kingambit|ability: Supreme Overlord\n|-start|p1a: Kingambit|fallen3|[silent]\n|turn|13\n|\n|t:|1783807753\n|move|p1a: Kingambit|Sucker Punch|p2a: Dubya\n|-damage|p2a: Dubya|0 fnt\n|faint|p2a: Dubya\n|-end|p2a: Dubya|Protosynthesis|[silent]\n|\n|-weather|SunnyDay|[upkeep]\n|upkeep\n|\n|t:|1783807756\n|switch|p2a: Address Me|Great Tusk|100/100\n|-activate|p2a: Address Me|ability: Protosynthesis\n|-start|p2a: Address Me|protosynthesisspe\n|turn|14\n|\n|t:|1783807762\n|-end|p1a: Kingambit|fallen3|[silent]\n|switch|p1a: Moltres|Moltres|100/100\n|move|p2a: Address Me|Headlong Rush|p1a: Moltres\n|-immune|p1a: Moltres\n|\n|-weather|SunnyDay|[upkeep]\n|upkeep\n|turn|15\n|\n|t:|1783807767\n|move|p2a: Address Me|Stealth Rock|p1a: Moltres\n|-sidestart|p1: dudemf33|move: Stealth Rock\n|move|p1a: Moltres|Flamethrower|p2a: Address Me\n|-damage|p2a: Address Me|25/100\n|\n|-weather|SunnyDay|[upkeep]\n|upkeep\n|turn|16\n|\n|t:|1783807778\n|move|p2a: Address Me|Ice Spinner|p1a: Moltres\n|-damage|p1a: Moltres|83/100\n|move|p1a: Moltres|Flamethrower|p2a: Address Me\n|-damage|p2a: Address Me|0 fnt\n|faint|p2a: Address Me\n|-end|p2a: Address Me|Protosynthesis|[silent]\n|\n|-weather|none\n|upkeep\n|\n|t:|1783807792\n|switch|p2a: Treevis Scott|Whimsicott, M|51/100\n|turn|17\n|\n|t:|1783807811\n|move|p2a: Treevis Scott|Shadow Ball|p1a: Moltres\n|-damage|p1a: Moltres|53/100\n|-damage|p2a: Treevis Scott|41/100|[from] item: Life Orb\n|move|p1a: Moltres|Flamethrower|p2a: Treevis Scott\n|-supereffective|p2a: Treevis Scott\n|-damage|p2a: Treevis Scott|0 fnt\n|faint|p2a: Treevis Scott\n|\n|upkeep\n|\n|t:|1783807820\n|switch|p2a: kenshiro|Blaziken, M|100/100\n|turn|18\n|\n|t:|1783807826\n|move|p2a: kenshiro|Flare Blitz|p1a: Moltres\n|-resisted|p1a: Moltres\n|-damage|p1a: Moltres|29/100\n|-damage|p2a: kenshiro|91/100|[from] Recoil\n|move|p1a: Moltres|Scorching Sands|p2a: kenshiro\n|-supereffective|p2a: kenshiro\n|-damage|p2a: kenshiro|31/100\n|\n|-heal|p2a: kenshiro|37/100|[from] item: Leftovers\n|-ability|p2a: kenshiro|Speed Boost|boost\n|-boost|p2a: kenshiro|spe|1\n|upkeep\n|turn|19\n|\n|t:|1783807833\n|move|p2a: kenshiro|Flare Blitz|p1a: Moltres\n|-resisted|p1a: Moltres\n|-damage|p1a: Moltres|7/100\n|-damage|p2a: kenshiro|28/100|[from] Recoil\n|move|p1a: Moltres|Roost|p1a: Moltres\n|-heal|p1a: Moltres|57/100\n|-singleturn|p1a: Moltres|move: Roost\n|\n|-heal|p2a: kenshiro|34/100|[from] item: Leftovers\n|-ability|p2a: kenshiro|Speed Boost|boost\n|-boost|p2a: kenshiro|spe|1\n|upkeep\n|turn|20\n|\n|t:|1783807840\n|move|p2a: kenshiro|Flare Blitz|p1a: Moltres\n|-resisted|p1a: Moltres\n|-damage|p1a: Moltres|35/100\n|-damage|p2a: kenshiro|24/100|[from] Recoil\n|move|p1a: Moltres|Roost|p1a: Moltres\n|-heal|p1a: Moltres|85/100\n|-singleturn|p1a: Moltres|move: Roost\n|\n|-heal|p2a: kenshiro|30/100|[from] item: Leftovers\n|-ability|p2a: kenshiro|Speed Boost|boost\n|-boost|p2a: kenshiro|spe|1\n|upkeep\n|turn|21\n|\n|t:|1783807846\n|move|p2a: kenshiro|Swords Dance|p2a: kenshiro\n|-boost|p2a: kenshiro|atk|2\n|move|p1a: Moltres|Scorching Sands|p2a: kenshiro\n|-supereffective|p2a: kenshiro\n|-damage|p2a: kenshiro|0 fnt\n|faint|p2a: kenshiro\n|\n|upkeep\n|\n|t:|1783807847\n|switch|p2a: Kokushibo|Iron Moth|100/100\n|-enditem|p2a: Kokushibo|Booster Energy\n|-activate|p2a: Kokushibo|ability: Quark Drive|[fromitem]\n|-start|p2a: Kokushibo|quarkdrivespe\n|turn|22\n|\n|t:|1783807852\n|move|p2a: Kokushibo|Sludge Wave|p1a: Moltres\n|-crit|p1a: Moltres\n|-damage|p1a: Moltres|17/100\n|move|p1a: Moltres|Scorching Sands|p2a: Kokushibo\n|-supereffective|p2a: Kokushibo\n|-damage|p2a: Kokushibo|22/100\n|\n|upkeep\n|turn|23\n|\n|t:|1783807858\n|-terastallize|p2a: Kokushibo|Ghost\n|move|p2a: Kokushibo|Sludge Wave|p1a: Moltres\n|-damage|p1a: Moltres|0 fnt\n|faint|p1a: Moltres\n|\n|upkeep\n|\n|t:|1783807861\n|switch|p1a: Dragapult|Dragapult, F|100/100\n|-damage|p1a: Dragapult|88/100|[from] Stealth Rock\n|turn|24\n|\n|t:|1783807866\n|move|p2a: Kokushibo|Overheat|p1a: Dragapult\n|-resisted|p1a: Dragapult\n|-damage|p1a: Dragapult|41/100\n|-unboost|p2a: Kokushibo|spa|2\n|move|p1a: Dragapult|Dragon Darts|p2a: Kokushibo\n|-damage|p2a: Kokushibo|0 fnt\n|faint|p2a: Kokushibo\n|-end|p2a: Kokushibo|Quark Drive|[silent]\n|\n|win|dudemf33\n|raw|dudemf33's rating: 1256 &rarr; <strong>1283</strong><br />(+27 for winning)\n|raw|sloberto's rating: 1284 &rarr; <strong>1257</strong><br />(-27 for losing)\n|l|☆sloberto\n|player|p2|\n|l|☆dudemf33\n|player|p1|\n", "uploadtime": 1783808247, "views": 16, "formatid": "gen9ou", "rating": 1257, "private": 0, "password": null}