{"id": "gen9ou-2647832401", "format": "[Gen 9] OU", "players": ["betudo da silva", "CranberryHabits"], "log": "|j|☆betudo da silva\n|j|☆CranberryHabits\n|t:|1783820525\n|gametype|singles\n|player|p1|betudo da silva|silver|1177\n|player|p2|CranberryHabits|nessa-masters|1199\n|gen|9\n|tier|[Gen 9] OU\n|rated|\n|rule|HP Percentage Mod: HP is shown in percentages\n|rule|Endless Battle Clause: Forcing endless battles is banned\n|rule|Species Clause: Limit one of each Pokémon\n|rule|OHKO Clause: OHKO moves are banned\n|rule|Evasion Items Clause: Evasion items are banned\n|rule|Evasion Moves Clause: Evasion moves are banned\n|rule|Evasion Abilities Clause: Evasion abilities are banned\n|rule|Sleep Moves Clause: Sleep-inducing moves are banned\n|clearpoke\n|poke|p1|Dragonite, F|\n|poke|p1|Great Tusk|\n|poke|p1|Iron Moth|\n|poke|p1|Gholdengo|\n|poke|p1|Iron Valiant|\n|poke|p1|Primarina, M|\n|poke|p2|Glimmora, M|\n|poke|p2|Clodsire, M|\n|poke|p2|Pecharunt|\n|poke|p2|Iron Moth|\n|poke|p2|Slowking-Galar, M|\n|poke|p2|Amoonguss, F|\n|teampreview\n|\n|t:|1783820570\n|teamsize|p1|6\n|teamsize|p2|6\n|start\n|switch|p1a: Great Tusk|Great Tusk|100/100\n|switch|p2a: Slowking|Slowking-Galar, M|100/100\n|turn|1\n|\n|t:|1783820579\n|-terastallize|p2a: Slowking|Water\n|move|p1a: Great Tusk|Stealth Rock|p2a: Slowking\n|-sidestart|p2: CranberryHabits|move: Stealth Rock\n|move|p2a: Slowking|Future Sight|p1a: Great Tusk\n|-start|p2a: Slowking|move: Future Sight\n|\n|-damage|p2a: Slowking|88/100|[from] item: Black Sludge\n|upkeep\n|turn|2\n|\n|t:|1783820587\n|move|p1a: Great Tusk|Knock Off|p2a: Slowking\n|-damage|p2a: Slowking|53/100\n|-enditem|p2a: Slowking|Black Sludge|[from] move: Knock Off|[of] p1a: Great Tusk\n|move|p2a: Slowking|Trick Room|p2a: Slowking\n|-fieldstart|move: Trick Room|[of] p2a: Slowking\n|\n|upkeep\n|turn|3\n|j| GruesomeLovelies\n|\n|t:|1783820610\n|-end|p1a: Great Tusk|Protosynthesis|[silent]\n|switch|p1a: Primarina|Primarina, M, shiny|100/100\n|move|p2a: Slowking|Nasty Plot|p2a: Slowking\n|-boost|p2a: Slowking|spa|2\n|\n|-end|p1a: Primarina|move: Future Sight\n|-damage|p1a: Primarina|20/100\n|upkeep\n|turn|4\n|\n|t:|1783820622\n|move|p2a: Slowking|Future Sight|p1a: Primarina\n|-start|p2a: Slowking|move: Future Sight\n|move|p1a: Primarina|Moonblast|p2a: Slowking\n|-damage|p2a: Slowking|9/100\n|\n|upkeep\n|turn|5\n|\n|t:|1783820630\n|move|p2a: Slowking|Surf|p1a: Primarina\n|-resisted|p1a: Primarina\n|-damage|p1a: Primarina|0 fnt\n|faint|p1a: Primarina\n|\n|upkeep\n|\n|t:|1783820657\n|switch|p1a: Dragonite|Dragonite, F, shiny|100/100\n|turn|6\n|\n|t:|1783820679\n|switch|p2a: Glimmora|Glimmora, M|100/100\n|-damage|p2a: Glimmora|88/100|[from] Stealth Rock\n|move|p1a: Dragonite|Extreme Speed|p2a: Glimmora\n|-resisted|p2a: Glimmora\n|-damage|p2a: Glimmora|59/100\n|-activate|p2a: Glimmora|ability: Toxic Debris\n|-sidestart|p1: betudo da silva|move: Toxic Spikes\n|\n|-end|p1a: Dragonite|move: Future Sight\n|-damage|p1a: Dragonite|66/100\n|-fieldend|move: Trick Room\n|upkeep\n|turn|7\n|\n|t:|1783820699\n|switch|p1a: Great Tusk|Great Tusk|100/100\n|-status|p1a: Great Tusk|psn\n|move|p2a: Glimmora|Power Gem|p1a: Great Tusk\n|-resisted|p1a: Great Tusk\n|-damage|p1a: Great Tusk|85/100 psn\n|\n|-damage|p1a: Great Tusk|73/100 psn|[from] psn\n|upkeep\n|turn|8\n|\n|t:|1783820713\n|switch|p2a: Pecharunt|Pecharunt|100/100\n|-damage|p2a: Pecharunt|88/100|[from] Stealth Rock\n|move|p1a: Great Tusk|Headlong Rush|p2a: Pecharunt\n|-supereffective|p2a: Pecharunt\n|-damage|p2a: Pecharunt|17/100\n|-unboost|p1a: Great Tusk|def|1\n|-unboost|p1a: Great Tusk|spd|1\n|\n|-heal|p2a: Pecharunt|23/100|[from] item: Leftovers\n|-damage|p1a: Great Tusk|61/100 psn|[from] psn\n|upkeep\n|turn|9\n|\n|t:|1783820728\n|switch|p2a: Glimmora|Glimmora, M|59/100\n|-damage|p2a: Glimmora|46/100|[from] Stealth Rock\n|move|p1a: Great Tusk|Headlong Rush|p2a: Glimmora\n|-supereffective|p2a: Glimmora\n|-damage|p2a: Glimmora|0 fnt\n|-unboost|p1a: Great Tusk|def|1\n|-unboost|p1a: Great Tusk|spd|1\n|-activate|p2a: Glimmora|ability: Toxic Debris\n|-sidestart|p1: betudo da silva|move: Toxic Spikes\n|faint|p2a: Glimmora\n|\n|-damage|p1a: Great Tusk|48/100 psn|[from] psn\n|upkeep\n|\n|t:|1783820749\n|switch|p2a: Iron Moth|Iron Moth|100/100\n|-damage|p2a: Iron Moth|76/100|[from] Stealth Rock\n|-enditem|p2a: Iron Moth|Booster Energy\n|-activate|p2a: Iron Moth|ability: Quark Drive|[fromitem]\n|-start|p2a: Iron Moth|quarkdrivespa\n|turn|10\n|\n|t:|1783820767\n|move|p2a: Iron Moth|Energy Ball|p1a: Great Tusk\n|-supereffective|p1a: Great Tusk\n|-damage|p1a: Great Tusk|0 fnt\n|faint|p1a: Great Tusk\n|-end|p1a: Great Tusk|Protosynthesis|[silent]\n|\n|upkeep\n|\n|t:|1783820780\n|switch|p1a: Iron Moth|Iron Moth|100/100\n|-sideend|p1: betudo da silva|move: Toxic Spikes|[of] p1a: Iron Moth\n|-enditem|p1a: Iron Moth|Booster Energy\n|-activate|p1a: Iron Moth|ability: Quark Drive|[fromitem]\n|-start|p1a: Iron Moth|quarkdrivespe\n|turn|11\n|\n|t:|1783820788\n|move|p1a: Iron Moth|Fiery Dance|p2a: Iron Moth\n|-resisted|p2a: Iron Moth\n|-damage|p2a: Iron Moth|55/100\n|-boost|p1a: Iron Moth|spa|1\n|move|p2a: Iron Moth|Agility|p2a: Iron Moth\n|-boost|p2a: Iron Moth|spe|2\n|\n|upkeep\n|turn|12\n|\n|t:|1783820816\n|move|p2a: Iron Moth|Fiery Dance|p1a: Iron Moth\n|-resisted|p1a: Iron Moth\n|-damage|p1a: Iron Moth|69/100\n|-boost|p2a: Iron Moth|spa|1\n|move|p1a: Iron Moth|Substitute|p1a: Iron Moth\n|-start|p1a: Iron Moth|Substitute\n|-damage|p1a: Iron Moth|44/100\n|\n|upkeep\n|turn|13\n|\n|t:|1783820830\n|move|p2a: Iron Moth|Fiery Dance|p1a: Iron Moth\n|-resisted|p1a: Iron Moth\n|-end|p1a: Iron Moth|Substitute\n|-boost|p2a: Iron Moth|spa|1\n|move|p1a: Iron Moth|Sludge Wave|p2a: Iron Moth\n|-resisted|p2a: Iron Moth\n|-damage|p2a: Iron Moth|18/100\n|\n|upkeep\n|turn|14\n|\n|t:|1783820848\n|move|p2a: Iron Moth|Sludge Wave|p1a: Iron Moth\n|-resisted|p1a: Iron Moth\n|-damage|p1a: Iron Moth|0 fnt\n|faint|p1a: Iron Moth\n|-end|p1a: Iron Moth|Quark Drive|[silent]\n|\n|upkeep\n|\n|t:|1783820856\n|switch|p1a: Dragonite|Dragonite, F, shiny|66/100\n|turn|15\n|\n|t:|1783820864\n|move|p1a: Dragonite|Extreme Speed|p2a: Iron Moth\n|-damage|p2a: Iron Moth|0 fnt\n|faint|p2a: Iron Moth\n|-end|p2a: Iron Moth|Quark Drive|[silent]\n|\n|upkeep\n|\n|t:|1783820875\n|switch|p2a: Clodsire|Clodsire, M|100/100\n|-damage|p2a: Clodsire|94/100|[from] Stealth Rock\n|turn|16\n|\n|t:|1783820897\n|switch|p1a: Gholdengo|Gholdengo|100/100\n|move|p2a: Clodsire|Toxic|p1a: Gholdengo\n|-immune|p1a: Gholdengo|[from] ability: Good as Gold\n|\n|-heal|p2a: Clodsire|100/100|[from] item: Leftovers\n|upkeep\n|turn|17\n|\n|t:|1783820909\n|switch|p1a: Dragonite|Dragonite, F, shiny|66/100\n|move|p2a: Clodsire|Earthquake|p1a: Dragonite\n|-immune|p1a: Dragonite\n|\n|upkeep\n|turn|18\n|\n|t:|1783820917\n|switch|p2a: Pecharunt|Pecharunt|23/100\n|-damage|p2a: Pecharunt|10/100|[from] Stealth Rock\n|move|p1a: Dragonite|Earthquake|p2a: Pecharunt\n|-supereffective|p2a: Pecharunt\n|-damage|p2a: Pecharunt|0 fnt\n|faint|p2a: Pecharunt\n|\n|upkeep\n|\n|t:|1783820925\n|switch|p2a: Amoonguss|Amoonguss, F|100/100\n|-damage|p2a: Amoonguss|88/100|[from] Stealth Rock\n|turn|19\n|\n|t:|1783820933\n|switch|p1a: Gholdengo|Gholdengo|100/100\n|move|p2a: Amoonguss|Foul Play|p1a: Gholdengo\n|-supereffective|p1a: Gholdengo\n|-damage|p1a: Gholdengo|78/100\n|\n|upkeep\n|turn|20\n|\n|t:|1783820941\n|switch|p2a: Clodsire|Clodsire, M|100/100\n|-damage|p2a: Clodsire|94/100|[from] Stealth Rock\n|move|p1a: Gholdengo|Nasty Plot|p1a: Gholdengo\n|-boost|p1a: Gholdengo|spa|2\n|\n|-heal|p2a: Clodsire|100/100|[from] item: Leftovers\n|upkeep\n|turn|21\n|\n|t:|1783820955\n|move|p1a: Gholdengo|Make It Rain|p2a: Clodsire\n|-damage|p2a: Clodsire|9/100\n|-unboost|p1a: Gholdengo|spa|1\n|-damage|p1a: Gholdengo|68/100|[from] item: Life Orb\n|move|p2a: Clodsire|Earthquake|p1a: Gholdengo\n|-supereffective|p1a: Gholdengo\n|-damage|p1a: Gholdengo|11/100\n|\n|-heal|p2a: Clodsire|15/100|[from] item: Leftovers\n|upkeep\n|turn|22\n|\n|t:|1783820975\n|move|p1a: Gholdengo|Make It Rain|p2a: Clodsire\n|-damage|p2a: Clodsire|0 fnt\n|-unboost|p1a: Gholdengo|spa|1\n|faint|p2a: Clodsire\n|-damage|p1a: Gholdengo|1/100|[from] item: Life Orb\n|\n|upkeep\n|\n|t:|1783820982\n|switch|p2a: Slowking|Slowking-Galar, M, tera:Water|42/100\n|-damage|p2a: Slowking|30/100|[from] Stealth Rock\n|turn|23\n|\n|t:|1783820999\n|move|p1a: Gholdengo|Shadow Ball|p2a: Slowking\n|-damage|p2a: Slowking|0 fnt\n|faint|p2a: Slowking\n|-damage|p1a: Gholdengo|0 fnt|[from] item: Life Orb\n|faint|p1a: Gholdengo\n|\n|upkeep\n|\n|t:|1783821008\n|switch|p1a: Dragonite|Dragonite, F, shiny|66/100\n|switch|p2a: Amoonguss|Amoonguss, F|88/100\n|-damage|p2a: Amoonguss|76/100|[from] Stealth Rock\n|turn|24\n|\n|t:|1783821020\n|move|p1a: Dragonite|Outrage|p2a: Amoonguss\n|-damage|p2a: Amoonguss|0 fnt\n|-damage|p1a: Dragonite|49/100|[from] item: Rocky Helmet|[of] p2a: Amoonguss\n|faint|p2a: Amoonguss\n|\n|win|betudo da silva\n|raw|betudo da silva's rating: 1177 &rarr; <strong>1204</strong><br />(+27 for winning)\n|raw|CranberryHabits's rating: 1199 &rarr; <strong>1172</strong><br />(-27 for losing)\n|c|☆CranberryHabits|gg\n", "uploadtime": 1783821026, "views": 12, "formatid": "gen9ou", "rating": 1172, "private": 0, "password": null}