{"id": "gen9ou-2647798138", "format": "[Gen 9] OU", "players": ["deanithinkk-?????", "Zephi-P"], "log": "|j|☆deanithinkk-?????\n|j|☆Zephi-P\n|t:|1783814490\n|gametype|singles\n|player|p1|deanithinkk-?????|waiter|\n|player|p2|Zephi-P|miku-ghost|\n|gen|9\n|tier|[Gen 9] OU\n|rule|HP Percentage Mod: HP is shown in percentages\n|rule|Endless Battle Clause: Forcing endless battles is banned\n|rule|Species Clause: Limit one of each Pokémon\n|rule|OHKO Clause: OHKO moves are banned\n|rule|Evasion Items Clause: Evasion items are banned\n|rule|Evasion Moves Clause: Evasion moves are banned\n|rule|Evasion Abilities Clause: Evasion abilities are banned\n|rule|Sleep Moves Clause: Sleep-inducing moves are banned\n|clearpoke\n|poke|p1|Blastoise, F|\n|poke|p1|Dragapult, F|\n|poke|p1|Enamorus, F|\n|poke|p1|Darkrai|\n|poke|p1|Tsareena, F|\n|poke|p1|Kyurem|\n|poke|p2|Samurott-Hisui, F|\n|poke|p2|Zapdos|\n|poke|p2|Iron Treads|\n|poke|p2|Ceruledge, M|\n|poke|p2|Gholdengo|\n|poke|p2|Kingambit, M|\n|teampreview\n|inactive|Battle timer is ON: inactive players will automatically lose when time's up. (requested by deanithinkk-?????)\n|\n|t:|1783814507\n|teamsize|p1|6\n|teamsize|p2|6\n|start\n|switch|p1a: Enamorus|Enamorus, F|100/100\n|switch|p2a: Drifting Blade|Samurott-Hisui, F|100/100\n|turn|1\n|\n|t:|1783814516\n|-terastallize|p2a: Drifting Blade|Poison\n|move|p1a: Enamorus|Superpower|p2a: Drifting Blade\n|-resisted|p2a: Drifting Blade\n|-damage|p2a: Drifting Blade|83/100\n|-boost|p1a: Enamorus|atk|1\n|-boost|p1a: Enamorus|def|1\n|move|p2a: Drifting Blade|Ceaseless Edge|p1a: Enamorus\n|-resisted|p1a: Enamorus\n|-damage|p1a: Enamorus|82/100\n|-sidestart|p1: deanithinkk-?????|Spikes\n|\n|upkeep\n|turn|2\n|\n|t:|1783814531\n|move|p1a: Enamorus|Zen Headbutt|p2a: Drifting Blade\n|-supereffective|p2a: Drifting Blade\n|-damage|p2a: Drifting Blade|16/100\n|move|p2a: Drifting Blade|Razor Shell|p1a: Enamorus\n|-damage|p1a: Enamorus|43/100\n|\n|upkeep\n|turn|3\n|\n|t:|1783814534\n|move|p2a: Drifting Blade|Sucker Punch|p1a: Enamorus\n|-resisted|p1a: Enamorus\n|-damage|p1a: Enamorus|30/100\n|move|p1a: Enamorus|Superpower|p2a: Drifting Blade\n|-resisted|p2a: Drifting Blade\n|-damage|p2a: Drifting Blade|0 fnt\n|-boost|p1a: Enamorus|atk|1\n|-boost|p1a: Enamorus|def|1\n|faint|p2a: Drifting Blade\n|\n|upkeep\n|\n|t:|1783814539\n|switch|p2a: Project Voltage|Zapdos|100/100\n|turn|4\n|\n|t:|1783814545\n|move|p1a: Enamorus|Play Rough|p2a: Project Voltage\n|-damage|p2a: Project Voltage|48/100\n|move|p2a: Project Voltage|Hurricane|p1a: Enamorus|[miss]\n|-miss|p2a: Project Voltage|p1a: Enamorus\n|\n|upkeep\n|turn|5\n|c|☆deanithinkk-?????|HAHAHAHAHA\n|c|☆Zephi-P|dear god\n|c|☆deanithinkk-?????|AHAHAHAHHAHAHAHAHAHHAHAHAHAAAA\n|\n|t:|1783814561\n|switch|p2a: Jack the Ripper|Ceruledge, M, shiny|100/100\n|move|p1a: Enamorus|Play Rough|p2a: Jack the Ripper\n|-resisted|p2a: Jack the Ripper\n|-damage|p2a: Jack the Ripper|62/100\n|-ability|p2a: Jack the Ripper|Weak Armor|boost\n|-unboost|p2a: Jack the Ripper|def|1\n|-boost|p2a: Jack the Ripper|spe|2\n|\n|upkeep\n|turn|6\n|c|☆Zephi-P|ratio\n|\n|t:|1783814575\n|move|p2a: Jack the Ripper|Bitter Blade|p1a: Enamorus\n|-damage|p1a: Enamorus|0 fnt\n|-heal|p2a: Jack the Ripper|77/100|[from] drain|[of] p1a: Enamorus\n|faint|p1a: Enamorus\n|\n|upkeep\n|c|☆deanithinkk-?????|do u know who invented ratio\n|c|☆deanithinkk-?????|there was thie guy named ray\n|inactive|deanithinkk-????? has 270 seconds left.\n|c|☆deanithinkk-?????|and he was a salaryman\n|c|☆deanithinkk-?????|and one day\n|c|☆deanithinkk-?????|he gained the superpower to make people show hearts\n|inactive|deanithinkk-????? has 240 seconds left.\n|c|☆deanithinkk-?????|and if he sees something he doesn't like\n|c|☆deanithinkk-?????|he shows them the heart\n|c|☆deanithinkk-?????|by saying show\n|c|☆Zephi-P|Eyo ray tio can make people show their hearts 10/10 representation of kindness\n|c|☆deanithinkk-?????|ray:show\n|c|☆deanithinkk-?????|them\n|c|☆deanithinkk-?????|it slowly turned into ratio\n|inactive|deanithinkk-????? has 210 seconds left.\n|c|☆deanithinkk-?????|that's hoe ratio was invented\n|c|☆Zephi-P|don't call me a hoe\n|c|☆deanithinkk-?????|HOW\n|c|☆deanithinkk-?????|HOWW\n|\n|t:|1783814681\n|switch|p1a: Darkrai|Darkrai|100/100\n|-damage|p1a: Darkrai|88/100|[from] Spikes\n|turn|7\n|inactive|deanithinkk-????? has 180 seconds left.\n|\n|t:|1783814702\n|move|p2a: Jack the Ripper|Bitter Blade|p1a: Darkrai\n|-damage|p1a: Darkrai|21/100\n|-heal|p2a: Jack the Ripper|100/100|[from] drain|[of] p1a: Darkrai\n|move|p1a: Darkrai|Shadow Ball|p2a: Jack the Ripper\n|-supereffective|p2a: Jack the Ripper\n|-damage|p2a: Jack the Ripper|17/100\n|-unboost|p2a: Jack the Ripper|spd|1\n|\n|upkeep\n|turn|8\n|inactive|deanithinkk-????? has 180 seconds left.\n|c|☆Zephi-P|holy hell bro\n|\n|t:|1783814717\n|move|p2a: Jack the Ripper|Bitter Blade|p1a: Darkrai\n|-damage|p1a: Darkrai|0 fnt\n|-heal|p2a: Jack the Ripper|25/100|[from] drain|[of] p1a: Darkrai\n|faint|p1a: Darkrai\n|\n|upkeep\n|c|☆Zephi-P|Bro's living on by a thread\n|\n|t:|1783814729\n|switch|p1a: Blastoise|Blastoise, F|100/100\n|-damage|p1a: Blastoise|88/100|[from] Spikes\n|turn|9\n|\n|t:|1783814734\n|move|p2a: Jack the Ripper|Poltergeist|p1a: Blastoise\n|-activate|p1a: Blastoise|move: Poltergeist|White Herb\n|-damage|p1a: Blastoise|43/100\n|move|p1a: Blastoise|Shell Smash|p1a: Blastoise\n|-unboost|p1a: Blastoise|def|1\n|-unboost|p1a: Blastoise|spd|1\n|-boost|p1a: Blastoise|atk|2\n|-boost|p1a: Blastoise|spa|2\n|-boost|p1a: Blastoise|spe|2\n|-enditem|p1a: Blastoise|White Herb\n|-clearnegativeboost|p1a: Blastoise|[silent]\n|\n|upkeep\n|turn|10\n|c|☆deanithinkk-?????|mate.\n|\n|t:|1783814746\n|move|p2a: Jack the Ripper|Poltergeist||[still]\n|-fail|p2a: Jack the Ripper\n|move|p1a: Blastoise|Aura Sphere|p2a: Jack the Ripper\n|-immune|p2a: Jack the Ripper\n|\n|upkeep\n|turn|11\n|c|☆deanithinkk-?????|MISSCLICK\n|c|☆deanithinkk-?????|ISTG\n|c|☆Zephi-P|..mmm\n|c|☆Zephi-P|..??**\n|c|☆deanithinkk-?????|..mmm incident\n|c|☆Zephi-P|son\n|inactive|deanithinkk-????? has 150 seconds left.\n|\n|t:|1783814778\n|move|p2a: Jack the Ripper|Shadow Sneak|p1a: Blastoise\n|-damage|p1a: Blastoise|26/100\n|move|p1a: Blastoise|Chilling Water|p2a: Jack the Ripper\n|-supereffective|p2a: Jack the Ripper\n|-damage|p2a: Jack the Ripper|0 fnt\n|faint|p2a: Jack the Ripper\n|\n|upkeep\n|c|☆Zephi-P|Itemless Poltergeist vs aura spehere on a ghost type\n|\n|t:|1783814785\n|switch|p2a: Magnus|Kingambit, M|100/100\n|-activate|p2a: Magnus|ability: Supreme Overlord\n|-start|p2a: Magnus|fallen2|[silent]\n|turn|12\n|\n|t:|1783814794\n|move|p1a: Blastoise|Aura Sphere|p2a: Magnus\n|-supereffective|p2a: Magnus\n|-damage|p2a: Magnus|0 fnt\n|faint|p2a: Magnus\n|-end|p2a: Magnus|fallen2|[silent]\n|\n|upkeep\n|\n|t:|1783814798\n|switch|p2a: Binah / Arbiter|Gholdengo|100/100\n|-item|p2a: Binah / Arbiter|Air Balloon\n|turn|13\n|c|☆deanithinkk-?????|eyo\n|\n|t:|1783814804\n|move|p1a: Blastoise|Chilling Water|p2a: Binah / Arbiter\n|-damage|p2a: Binah / Arbiter|58/100\n|-unboost|p2a: Binah / Arbiter|atk|1\n|-enditem|p2a: Binah / Arbiter|Air Balloon\n|move|p2a: Binah / Arbiter|Focus Blast|p1a: Blastoise\n|-crit|p1a: Blastoise\n|-damage|p1a: Blastoise|0 fnt\n|faint|p1a: Blastoise\n|\n|upkeep\n|\n|t:|1783814817\n|switch|p1a: Dragapult|Dragapult, F|100/100\n|-damage|p1a: Dragapult|88/100|[from] Spikes\n|turn|14\n|\n|t:|1783814823\n|switch|p2a: Project Voltage|Zapdos|48/100\n|move|p1a: Dragapult|Phantom Force||[still]\n|-prepare|p1a: Dragapult|Phantom Force\n|\n|upkeep\n|turn|15\n|\n|t:|1783814829\n|move|p1a: Dragapult|Phantom Force|p2a: Project Voltage|[from] lockedmove\n|-damage|p2a: Project Voltage|3/100\n|-damage|p1a: Dragapult|78/100|[from] item: Life Orb\n|move|p2a: Project Voltage|Roost|p2a: Project Voltage\n|-heal|p2a: Project Voltage|53/100\n|-singleturn|p2a: Project Voltage|move: Roost\n|\n|upkeep\n|turn|16\n|inactive|deanithinkk-????? has 180 seconds left.\n|\n|t:|1783814851\n|-terastallize|p1a: Dragapult|Dragon\n|move|p1a: Dragapult|Dragon Darts|p2a: Project Voltage\n|-damage|p2a: Project Voltage|17/100\n|-anim|p1a: Dragapult|Dragon Darts|p2a: Project Voltage\n|-damage|p2a: Project Voltage|0 fnt\n|faint|p2a: Project Voltage\n|-damage|p1a: Dragapult|69/100|[from] item: Life Orb\n|\n|upkeep\n|c|☆deanithinkk-?????|this ain't funny.\n|\n|t:|1783814853\n|switch|p2a: Neo|Iron Treads|100/100\n|turn|17\n|inactive|deanithinkk-????? has 180 seconds left.\n|\n|t:|1783814869\n|move|p1a: Dragapult|Phantom Force||[still]\n|-prepare|p1a: Dragapult|Phantom Force\n|move|p2a: Neo|Knock Off|p1a: Dragapult|[miss]\n|-miss|p2a: Neo|p1a: Dragapult\n|\n|upkeep\n|turn|18\n|c|☆deanithinkk-?????|nice aim bud\n|inactive|deanithinkk-????? has 180 seconds left.\n|\n|t:|1783814882\n|move|p1a: Dragapult|Phantom Force|p2a: Neo|[from] lockedmove\n|-damage|p2a: Neo|41/100\n|-damage|p1a: Dragapult|59/100|[from] item: Life Orb\n|move|p2a: Neo|Knock Off|p1a: Dragapult\n|-damage|p1a: Dragapult|15/100\n|-enditem|p1a: Dragapult|Life Orb|[from] move: Knock Off|[of] p2a: Neo\n|\n|-heal|p2a: Neo|47/100|[from] item: Leftovers\n|upkeep\n|turn|19\n|c|☆Zephi-P|luck.\n|inactive|deanithinkk-????? has 180 seconds left.\n|\n|t:|1783814900\n|move|p1a: Dragapult|Dragon Darts|p2a: Neo\n|-resisted|p2a: Neo\n|-damage|p2a: Neo|32/100\n|-anim|p1a: Dragapult|Dragon Darts|p2a: Neo\n|-resisted|p2a: Neo\n|-damage|p2a: Neo|14/100\n|move|p2a: Neo|Stealth Rock|p1a: Dragapult\n|-sidestart|p1: deanithinkk-?????|move: Stealth Rock\n|\n|-heal|p2a: Neo|20/100|[from] item: Leftovers\n|upkeep\n|turn|20\n|inactive|deanithinkk-????? has 180 seconds left.\n|\n|t:|1783814912\n|move|p1a: Dragapult|Phantom Force||[still]\n|-prepare|p1a: Dragapult|Phantom Force\n|move|p2a: Neo|Knock Off|p1a: Dragapult|[miss]\n|-miss|p2a: Neo|p1a: Dragapult\n|\n|-heal|p2a: Neo|26/100|[from] item: Leftovers\n|upkeep\n|turn|21\n|inactive|deanithinkk-????? has 180 seconds left.\n|\n|t:|1783814931\n|move|p1a: Dragapult|Phantom Force|p2a: Neo|[from] lockedmove\n|-damage|p2a: Neo|0 fnt\n|faint|p2a: Neo\n|-end|p2a: Neo|Quark Drive|[silent]\n|\n|upkeep\n|c|☆deanithinkk-?????|don't you realize\n|\n|t:|1783814933\n|switch|p2a: Binah / Arbiter|Gholdengo|58/100\n|turn|22\n|c|☆deanithinkk-?????|I've already won\n|-message|Zephi-P forfeited.\n|\n|win|deanithinkk-?????\n|l|☆Zephi-P\n|player|p2|\n", "uploadtime": 1783814942, "views": 21, "formatid": "gen9ou", "rating": null, "private": 0, "password": null}