{"id": "gen9ou-2647718427", "format": "[Gen 9] OU", "players": ["Waterfleas", "tibitiberio"], "log": "|j|☆Waterfleas\n|j|☆tibitiberio\n|t:|1783801129\n|gametype|singles\n|player|p1|Waterfleas|169|1155\n|player|p2|tibitiberio|bugcatcher-gen4dp|1135\n|gen|9\n|tier|[Gen 9] OU\n|rated|\n|rule|HP Percentage Mod: HP is shown in percentages\n|rule|Endless Battle Clause: Forcing endless battles is banned\n|rule|Species Clause: Limit one of each Pokémon\n|rule|OHKO Clause: OHKO moves are banned\n|rule|Evasion Items Clause: Evasion items are banned\n|rule|Evasion Moves Clause: Evasion moves are banned\n|rule|Evasion Abilities Clause: Evasion abilities are banned\n|rule|Sleep Moves Clause: Sleep-inducing moves are banned\n|clearpoke\n|poke|p1|Samurott-Hisui, M|\n|poke|p1|Pecharunt|\n|poke|p1|Scizor, M|\n|poke|p1|Iron Valiant|\n|poke|p1|Great Tusk|\n|poke|p1|Latios, M|\n|poke|p2|Bisharp, F|\n|poke|p2|Hitmonlee, M|\n|poke|p2|Kingambit, F|\n|poke|p2|Magikarp, F|\n|poke|p2|Salazzle, F|\n|poke|p2|Cryogonal|\n|teampreview\n|inactive|Battle timer is ON: inactive players will automatically lose when time's up. (requested by tibitiberio)\n|c|☆tibitiberio|Hi\n|\n|t:|1783801148\n|teamsize|p1|6\n|teamsize|p2|6\n|start\n|switch|p1a: Samurott|Samurott-Hisui, M|100/100\n|switch|p2a: Haha what is this|Magikarp, F|100/100\n|turn|1\n|\n|t:|1783801154\n|move|p2a: Haha what is this|Flail|p1a: Samurott\n|-damage|p1a: Samurott|97/100\n|move|p1a: Samurott|Ceaseless Edge|p2a: Haha what is this\n|-enditem|p2a: Haha what is this|Focus Sash\n|-damage|p2a: Haha what is this|1/100\n|-ability|p2a: Haha what is this|Rattled|boost\n|-boost|p2a: Haha what is this|spe|1\n|-sidestart|p2: tibitiberio|Spikes\n|\n|upkeep\n|turn|2\n|\n|t:|1783801159\n|move|p2a: Haha what is this|Flail|p1a: Samurott\n|-damage|p1a: Samurott|68/100\n|move|p1a: Samurott|Ceaseless Edge|p2a: Haha what is this\n|-damage|p2a: Haha what is this|0 fnt\n|-sidestart|p2: tibitiberio|Spikes\n|faint|p2a: Haha what is this\n|\n|upkeep\n|\n|t:|1783801166\n|switch|p2a: Im gonna pee|Cryogonal|100/100\n|turn|3\n|\n|t:|1783801171\n|move|p2a: Im gonna pee|Rapid Spin|p1a: Samurott\n|-damage|p1a: Samurott|62/100\n|-boost|p2a: Im gonna pee|spe|1\n|-sideend|p2: tibitiberio|Spikes|[from] move: Rapid Spin|[of] p2a: Im gonna pee\n|move|p1a: Samurott|Ceaseless Edge|p2a: Im gonna pee\n|-damage|p2a: Im gonna pee|24/100\n|-sidestart|p2: tibitiberio|Spikes\n|\n|upkeep\n|turn|4\n|\n|t:|1783801183\n|move|p1a: Samurott|Sucker Punch|p2a: Im gonna pee\n|-damage|p2a: Im gonna pee|0 fnt\n|faint|p2a: Im gonna pee\n|\n|upkeep\n|\n|t:|1783801188\n|switch|p2a: Bisharp|Bisharp, F|100/100\n|-damage|p2a: Bisharp|88/100|[from] Spikes\n|turn|5\n|\n|t:|1783801195\n|move|p1a: Samurott|Ceaseless Edge|p2a: Bisharp\n|-resisted|p2a: Bisharp\n|-damage|p2a: Bisharp|76/100\n|-sidestart|p2: tibitiberio|Spikes\n|move|p2a: Bisharp|Low Kick|p1a: Samurott\n|-supereffective|p1a: Samurott\n|-damage|p1a: Samurott|10/100\n|\n|upkeep\n|turn|6\n|\n|t:|1783801204\n|move|p2a: Bisharp|Sucker Punch|p1a: Samurott\n|-resisted|p1a: Samurott\n|-damage|p1a: Samurott|0 fnt\n|faint|p1a: Samurott\n|\n|upkeep\n|\n|t:|1783801206\n|switch|p1a: Great Tusk|Great Tusk|100/100\n|turn|7\n|\n|t:|1783801219\n|-terastallize|p2a: Bisharp|Ghost\n|move|p1a: Great Tusk|Stealth Rock|p2a: Bisharp\n|-sidestart|p2: tibitiberio|move: Stealth Rock\n|move|p2a: Bisharp|Swords Dance|p2a: Bisharp\n|-boost|p2a: Bisharp|atk|2\n|\n|upkeep\n|turn|8\n|\n|t:|1783801236\n|move|p1a: Great Tusk|Headlong Rush|p2a: Bisharp\n|-damage|p2a: Bisharp|40/100\n|-unboost|p1a: Great Tusk|def|1\n|-unboost|p1a: Great Tusk|spd|1\n|move|p2a: Bisharp|Low Kick|p1a: Great Tusk\n|-damage|p1a: Great Tusk|17/100\n|\n|upkeep\n|turn|9\n|\n|t:|1783801244\n|-end|p1a: Great Tusk|Protosynthesis|[silent]\n|switch|p1a: Pecharunt|Pecharunt|100/100\n|move|p2a: Bisharp|Sucker Punch||[still]\n|-fail|p2a: Bisharp\n|\n|upkeep\n|turn|10\n|\n|t:|1783801251\n|-terastallize|p1a: Pecharunt|Ghost\n|move|p2a: Bisharp|Sucker Punch|p1a: Pecharunt\n|-supereffective|p1a: Pecharunt\n|-damage|p1a: Pecharunt|40/100\n|move|p1a: Pecharunt|Shadow Ball|p2a: Bisharp\n|-supereffective|p2a: Bisharp\n|-damage|p2a: Bisharp|0 fnt\n|faint|p2a: Bisharp\n|\n|upkeep\n|\n|t:|1783801263\n|switch|p2a: Sp atk sure|Kingambit, F|100/100\n|-damage|p2a: Sp atk sure|84/100|[from] Spikes\n|-damage|p2a: Sp atk sure|78/100|[from] Stealth Rock\n|-activate|p2a: Sp atk sure|ability: Supreme Overlord\n|-start|p2a: Sp atk sure|fallen3|[silent]\n|turn|11\n|\n|t:|1783801271\n|move|p1a: Pecharunt|Parting Shot|p2a: Sp atk sure\n|-unboost|p2a: Sp atk sure|atk|1\n|-unboost|p2a: Sp atk sure|spa|1\n|\n|t:|1783801279\n|switch|p1a: Great Tusk|Great Tusk|17/100|[from] Parting Shot\n|move|p2a: Sp atk sure|Kowtow Cleave|p1a: Great Tusk\n|-resisted|p1a: Great Tusk\n|-damage|p1a: Great Tusk|0 fnt\n|faint|p1a: Great Tusk\n|-end|p1a: Great Tusk|Protosynthesis|[silent]\n|\n|upkeep\n|\n|t:|1783801283\n|switch|p1a: Scizor|Scizor, M|100/100\n|turn|12\n|\n|t:|1783801292\n|-end|p2a: Sp atk sure|fallen3|[silent]\n|switch|p2a: Salazzle|Salazzle, F|100/100\n|-damage|p2a: Salazzle|84/100|[from] Spikes\n|-damage|p2a: Salazzle|59/100|[from] Stealth Rock\n|move|p1a: Scizor|Close Combat|p2a: Salazzle\n|-resisted|p2a: Salazzle\n|-damage|p2a: Salazzle|0 fnt\n|-unboost|p1a: Scizor|def|1\n|-unboost|p1a: Scizor|spd|1\n|faint|p2a: Salazzle\n|\n|upkeep\n|\n|t:|1783801300\n|switch|p2a: Sp atk sure|Kingambit, F|78/100\n|-damage|p2a: Sp atk sure|61/100|[from] Spikes\n|-damage|p2a: Sp atk sure|55/100|[from] Stealth Rock\n|-activate|p2a: Sp atk sure|ability: Supreme Overlord\n|-start|p2a: Sp atk sure|fallen4|[silent]\n|turn|13\n|\n|t:|1783801309\n|move|p1a: Scizor|Close Combat|p2a: Sp atk sure\n|-supereffective|p2a: Sp atk sure\n|-damage|p2a: Sp atk sure|0 fnt\n|-unboost|p1a: Scizor|def|1\n|-unboost|p1a: Scizor|spd|1\n|faint|p2a: Sp atk sure\n|-end|p2a: Sp atk sure|fallen4|[silent]\n|\n|upkeep\n|c|☆tibitiberio|gg\n|-message|tibitiberio forfeited.\n|\n|win|Waterfleas\n|raw|Waterfleas's rating: 1155 &rarr; <strong>1179</strong><br />(+24 for winning)\n|raw|tibitiberio's rating: 1135 &rarr; <strong>1111</strong><br />(-24 for losing)\n|l|☆tibitiberio\n|player|p2|\n|l|☆Waterfleas\n|player|p1|\n", "uploadtime": 1783801683, "views": 15, "formatid": "gen9ou", "rating": 1111, "private": 0, "password": null}