{"id": "gen9ou-2540624736", "format": "[Gen 9] OU", "players": ["firecharmander004", "bobo08"], "log": "|j|☆firecharmander004\n|j|☆bobo08\n|t:|1771229524\n|gametype|singles\n|player|p1|firecharmander004|170|1628\n|player|p2|bobo08|li|1558\n|gen|9\n|tier|[Gen 9] OU\n|rated|\n|rule|HP Percentage Mod: HP is shown in percentages\n|rule|Endless Battle Clause: Forcing endless battles is banned\n|rule|Species Clause: Limit one of each Pokémon\n|rule|OHKO Clause: OHKO moves are banned\n|rule|Evasion Items Clause: Evasion items are banned\n|rule|Evasion Moves Clause: Evasion moves are banned\n|rule|Evasion Abilities Clause: Evasion abilities are banned\n|rule|Sleep Moves Clause: Sleep-inducing moves are banned\n|clearpoke\n|poke|p1|Deoxys-Speed|\n|poke|p1|Ceruledge, F|\n|poke|p1|Zamazenta-*|\n|poke|p1|Ogerpon-Wellspring, F|\n|poke|p1|Glimmora, M|\n|poke|p1|Moltres-Galar|\n|poke|p2|Sinistcha|\n|poke|p2|Samurott-Hisui, M|\n|poke|p2|Iron Valiant|\n|poke|p2|Ting-Lu|\n|poke|p2|Kyurem|\n|poke|p2|Dragapult, M|\n|teampreview\n|inactive|Battle timer is ON: inactive players will automatically lose when time's up. (requested by firecharmander004)\n|\n|t:|1771229541\n|teamsize|p1|6\n|teamsize|p2|6\n|start\n|switch|p1a: Ogerpon|Ogerpon-Wellspring, F|100/100\n|switch|p2a: Samurott|Samurott-Hisui, M|100/100\n|turn|1\n|\n|t:|1771229550\n|switch|p2a: Sinistcha|Sinistcha|100/100\n|move|p1a: Ogerpon|Horn Leech|p2a: Sinistcha\n|-resisted|p2a: Sinistcha\n|-damage|p2a: Sinistcha|85/100\n|\n|upkeep\n|turn|2\n|\n|t:|1771229562\n|switch|p1a: Moltres|Moltres-Galar|100/100\n|move|p2a: Sinistcha|Shadow Ball|p1a: Moltres\n|-resisted|p1a: Moltres\n|-damage|p1a: Moltres|86/100\n|-unboost|p1a: Moltres|spd|1\n|\n|upkeep\n|turn|3\n|\n|t:|1771229582\n|switch|p1a: Ogerpon|Ogerpon-Wellspring, F|100/100\n|switch|p2a: Ting-Lu|Ting-Lu|100/100\n|-ability|p2a: Ting-Lu|Vessel of Ruin\n|\n|upkeep\n|turn|4\n|\n|t:|1771229591\n|switch|p2a: Sinistcha|Sinistcha|85/100\n|move|p1a: Ogerpon|Ivy Cudgel|p2a: Sinistcha|[anim] Ivy Cudgel Water\n|-resisted|p2a: Sinistcha\n|-damage|p2a: Sinistcha|64/100\n|\n|upkeep\n|turn|5\n|\n|t:|1771229597\n|switch|p1a: Glimmora|Glimmora, M|100/100\n|move|p2a: Sinistcha|Strength Sap|p1a: Glimmora\n|-unboost|p1a: Glimmora|atk|1\n|-heal|p2a: Sinistcha|100/100\n|\n|upkeep\n|turn|6\n|\n|t:|1771229610\n|switch|p2a: Ting-Lu|Ting-Lu|100/100\n|-ability|p2a: Ting-Lu|Vessel of Ruin\n|move|p1a: Glimmora|Stealth Rock|p2a: Ting-Lu\n|-sidestart|p2: bobo08|move: Stealth Rock\n|\n|upkeep\n|turn|7\n|\n|t:|1771229627\n|switch|p1a: Ogerpon|Ogerpon-Wellspring, F|100/100\n|move|p2a: Ting-Lu|Earthquake|p1a: Ogerpon\n|-resisted|p1a: Ogerpon\n|-damage|p1a: Ogerpon|78/100\n|\n|upkeep\n|turn|8\n|\n|t:|1771229655\n|switch|p1a: Deoxys|Deoxys-Speed|100/100\n|-ability|p1a: Deoxys|Pressure\n|switch|p2a: Kyurem|Kyurem|100/100\n|-damage|p2a: Kyurem|76/100|[from] Stealth Rock\n|-ability|p2a: Kyurem|Pressure\n|\n|upkeep\n|turn|9\n|\n|t:|1771229665\n|move|p1a: Deoxys|Light Screen|p1a: Deoxys\n|-sidestart|p1: firecharmander004|move: Light Screen\n|move|p2a: Kyurem|Draco Meteor|p1a: Deoxys|[miss]\n|-miss|p2a: Kyurem|p1a: Deoxys\n|\n|upkeep\n|turn|10\n|\n|t:|1771229670\n|switch|p2a: Samurott|Samurott-Hisui, M|100/100\n|-damage|p2a: Samurott|88/100|[from] Stealth Rock\n|move|p1a: Deoxys|Reflect|p1a: Deoxys\n|-sidestart|p1: firecharmander004|Reflect\n|\n|upkeep\n|turn|11\n|\n|t:|1771229676\n|switch|p1a: Glimmora|Glimmora, M|100/100\n|move|p2a: Samurott|Knock Off|p1a: Glimmora\n|-damage|p1a: Glimmora|75/100\n|-activate|p1a: Glimmora|ability: Toxic Debris\n|-sidestart|p2: bobo08|move: Toxic Spikes\n|-enditem|p1a: Glimmora|Power Herb|[from] move: Knock Off|[of] p2a: Samurott\n|\n|upkeep\n|turn|12\n|\n|t:|1771229690\n|switch|p2a: Ting-Lu|Ting-Lu|100/100\n|-damage|p2a: Ting-Lu|94/100|[from] Stealth Rock\n|-status|p2a: Ting-Lu|psn\n|-ability|p2a: Ting-Lu|Vessel of Ruin\n|move|p1a: Glimmora|Mortal Spin|p2a: Ting-Lu\n|-resisted|p2a: Ting-Lu\n|-damage|p2a: Ting-Lu|93/100 psn\n|\n|-heal|p2a: Ting-Lu|99/100 psn|[from] item: Leftovers\n|-damage|p2a: Ting-Lu|86/100 psn|[from] psn\n|upkeep\n|turn|13\n|\n|t:|1771229695\n|switch|p1a: Ogerpon|Ogerpon-Wellspring, F|78/100\n|move|p2a: Ting-Lu|Ruination|p1a: Ogerpon|[miss]\n|-miss|p2a: Ting-Lu|p1a: Ogerpon\n|\n|-heal|p2a: Ting-Lu|93/100 psn|[from] item: Leftovers\n|-damage|p2a: Ting-Lu|80/100 psn|[from] psn\n|upkeep\n|turn|14\n|j| 3idk\n|\n|t:|1771229705\n|move|p1a: Ogerpon|Ivy Cudgel|p2a: Ting-Lu|[anim] Ivy Cudgel Water\n|-supereffective|p2a: Ting-Lu\n|-damage|p2a: Ting-Lu|5/100 psn\n|move|p2a: Ting-Lu|Ruination|p1a: Ogerpon\n|-damage|p1a: Ogerpon|39/100\n|\n|-heal|p2a: Ting-Lu|11/100 psn|[from] item: Leftovers\n|-damage|p2a: Ting-Lu|0 fnt|[from] psn\n|faint|p2a: Ting-Lu\n|upkeep\n|\n|t:|1771229710\n|switch|p2a: Sinistcha|Sinistcha|100/100\n|turn|15\n|\n|t:|1771229723\n|switch|p1a: Moltres|Moltres-Galar|86/100\n|move|p2a: Sinistcha|Matcha Gotcha|p1a: Moltres\n|-resisted|p1a: Moltres\n|-damage|p1a: Moltres|78/100\n|\n|upkeep\n|turn|16\n|\n|t:|1771229731\n|switch|p2a: Samurott|Samurott-Hisui, M|88/100\n|-damage|p2a: Samurott|76/100|[from] Stealth Rock\n|-status|p2a: Samurott|psn\n|move|p1a: Moltres|Agility|p1a: Moltres\n|-boost|p1a: Moltres|spe|2\n|\n|-damage|p2a: Samurott|63/100 psn|[from] psn\n|-sideend|p1: firecharmander004|move: Light Screen\n|upkeep\n|turn|17\n|\n|t:|1771229739\n|move|p1a: Moltres|Nasty Plot|p1a: Moltres\n|-boost|p1a: Moltres|spa|2\n|move|p2a: Samurott|Razor Shell|p1a: Moltres\n|-damage|p1a: Moltres|48/100\n|-unboost|p1a: Moltres|def|1\n|-ability|p1a: Moltres|Berserk|boost\n|-boost|p1a: Moltres|spa|1\n|-enditem|p1a: Moltres|Sitrus Berry|[eat]\n|-heal|p1a: Moltres|73/100|[from] item: Sitrus Berry\n|\n|-damage|p2a: Samurott|51/100 psn|[from] psn\n|-sideend|p1: firecharmander004|Reflect\n|upkeep\n|turn|18\n|-message|bobo08 forfeited.\n|\n|win|firecharmander004\n|raw|firecharmander004's rating: 1628 &rarr; <strong>1644</strong><br />(+16 for winning)\n|raw|bobo08's rating: 1558 &rarr; <strong>1542</strong><br />(-16 for losing)\n|l|☆bobo08\n|player|p2|\n", "uploadtime": 1771229996, "views": 9, "formatid": "gen9ou", "rating": 1542, "private": 0, "password": null}