{"id": "gen9ou-2647832871", "format": "[Gen 9] OU", "players": ["sandorivera22", "DaevEV"], "log": "|j|☆sandorivera22\n|j|☆DaevEV\n|t:|1783820613\n|gametype|singles\n|player|p1|sandorivera22|lucas|1324\n|player|p2|DaevEV|drayden|1360\n|gen|9\n|tier|[Gen 9] OU\n|rated|\n|rule|HP Percentage Mod: HP is shown in percentages\n|rule|Endless Battle Clause: Forcing endless battles is banned\n|rule|Species Clause: Limit one of each Pokémon\n|rule|OHKO Clause: OHKO moves are banned\n|rule|Evasion Items Clause: Evasion items are banned\n|rule|Evasion Moves Clause: Evasion moves are banned\n|rule|Evasion Abilities Clause: Evasion abilities are banned\n|rule|Sleep Moves Clause: Sleep-inducing moves are banned\n|clearpoke\n|poke|p1|Donphan, F|\n|poke|p1|Samurott-Hisui, M|\n|poke|p1|Hydrapple, M|\n|poke|p1|Heatran, F|\n|poke|p1|Dedenne, F|\n|poke|p1|Froslass, F|\n|poke|p2|Zapdos-Galar|\n|poke|p2|Weezing-Galar, M|\n|poke|p2|Thundurus-Therian, M|\n|poke|p2|Blastoise, M|\n|poke|p2|Grimmsnarl, M|\n|poke|p2|Great Tusk|\n|teampreview\n|\n|t:|1783820650\n|teamsize|p1|6\n|teamsize|p2|6\n|start\n|switch|p1a: Heatran|Heatran, F, shiny|100/100\n|switch|p2a: Feo pero mamado|Grimmsnarl, M, shiny|100/100\n|-item|p1a: Heatran|Air Balloon\n|turn|1\n|\n|t:|1783820656\n|move|p1a: Heatran|Flash Cannon|p2a: Feo pero mamado\n|-supereffective|p2a: Feo pero mamado\n|-damage|p2a: Feo pero mamado|24/100\n|-unboost|p2a: Feo pero mamado|spd|1\n|move|p2a: Feo pero mamado|Spirit Break|p1a: Heatran\n|-resisted|p1a: Heatran\n|-crit|p1a: Heatran\n|-damage|p1a: Heatran|88/100\n|-unboost|p1a: Heatran|spa|1\n|-enditem|p1a: Heatran|Air Balloon\n|\n|upkeep\n|turn|2\n|\n|t:|1783820663\n|move|p2a: Feo pero mamado|Parting Shot|p1a: Heatran\n|-unboost|p1a: Heatran|atk|1\n|-unboost|p1a: Heatran|spa|1\n|\n|t:|1783820666\n|switch|p2a: Pura Pierna Neni|Zapdos-Galar|100/100|[from] Parting Shot\n|move|p1a: Heatran|Flash Cannon|p2a: Pura Pierna Neni\n|-crit|p2a: Pura Pierna Neni\n|-damage|p2a: Pura Pierna Neni|36/100\n|\n|upkeep\n|turn|3\n|\n|t:|1783820678\n|switch|p1a: Donphan|Donphan, F|100/100\n|move|p2a: Pura Pierna Neni|U-turn|p1a: Donphan\n|-damage|p1a: Donphan|74/100\n|\n|t:|1783820683\n|switch|p2a: Vende \"Proteina\"|Weezing-Galar, M, shiny|100/100|[from] U-turn\n|\n|upkeep\n|turn|4\n|\n|t:|1783820702\n|switch|p1a: Heatran|Heatran, F, shiny|88/100\n|move|p2a: Vende \"Proteina\"|Toxic Spikes|p1a: Heatran\n|-sidestart|p1: sandorivera22|move: Toxic Spikes\n|\n|upkeep\n|turn|5\n|inactive|Battle timer is ON: inactive players will automatically lose when time's up. (requested by sandorivera22)\n|\n|t:|1783820740\n|switch|p2a: Estoy en volumen|Blastoise, M|100/100\n|move|p1a: Heatran|Flash Cannon|p2a: Estoy en volumen\n|-resisted|p2a: Estoy en volumen\n|-damage|p2a: Estoy en volumen|93/100\n|\n|upkeep\n|turn|6\n|inactive|sandorivera22 has 120 seconds left.\n|\n|t:|1783820796\n|switch|p1a: Donphan|Donphan, F|74/100\n|-status|p1a: Donphan|psn\n|move|p2a: Estoy en volumen|Chilling Water|p1a: Donphan\n|-supereffective|p1a: Donphan\n|-damage|p1a: Donphan|47/100 psn\n|-unboost|p1a: Donphan|atk|1\n|\n|-damage|p1a: Donphan|34/100 psn|[from] psn\n|upkeep\n|turn|7\n|\n|t:|1783820807\n|switch|p2a: Vende \"Proteina\"|Weezing-Galar, M, shiny|100/100\n|switch|p1a: Samurott|Samurott-Hisui, M, shiny|100/100\n|-status|p1a: Samurott|psn\n|\n|-damage|p1a: Samurott|88/100 psn|[from] psn\n|upkeep\n|turn|8\n|\n|t:|1783820812\n|move|p1a: Samurott|Taunt|p2a: Vende \"Proteina\"\n|-start|p2a: Vende \"Proteina\"|move: Taunt\n|move|p2a: Vende \"Proteina\"|Play Rough|p1a: Samurott\n|-supereffective|p1a: Samurott\n|-damage|p1a: Samurott|9/100 psn\n|\n|-damage|p1a: Samurott|0 fnt|[from] psn\n|faint|p1a: Samurott\n|upkeep\n|\n|t:|1783820822\n|switch|p1a: Froslass|Froslass, F|100/100\n|-status|p1a: Froslass|psn\n|turn|9\n|\n|t:|1783820829\n|switch|p2a: Feo pero mamado|Grimmsnarl, M, shiny|24/100\n|move|p1a: Froslass|Poltergeist|p2a: Feo pero mamado\n|-activate|p2a: Feo pero mamado|move: Poltergeist|Heavy-Duty Boots\n|-resisted|p2a: Feo pero mamado\n|-damage|p2a: Feo pero mamado|0 fnt\n|faint|p2a: Feo pero mamado\n|\n|-damage|p1a: Froslass|88/100 psn|[from] psn\n|upkeep\n|\n|t:|1783820832\n|switch|p2a: El Coach|Great Tusk|100/100\n|turn|10\n|inactive|sandorivera22 has 120 seconds left.\n|\n|t:|1783820852\n|move|p2a: El Coach|Knock Off|p1a: Froslass\n|-supereffective|p1a: Froslass\n|-damage|p1a: Froslass|0 fnt\n|-start|p2a: El Coach|Disable|Knock Off|[from] ability: Cursed Body|[of] p1a: Froslass\n|-enditem|p1a: Froslass|Focus Sash|[from] move: Knock Off|[of] p2a: El Coach\n|faint|p1a: Froslass\n|\n|upkeep\n|inactive|sandorivera22 has 90 seconds left.\n|\n|t:|1783820874\n|switch|p1a: Donphan|Donphan, F|34/100 psn\n|turn|11\n|\n|t:|1783820877\n|-end|p2a: El Coach|Protosynthesis|[silent]\n|switch|p2a: Vende \"Proteina\"|Weezing-Galar, M, shiny|100/100\n|move|p1a: Donphan|Knock Off|p2a: Vende \"Proteina\"\n|-resisted|p2a: Vende \"Proteina\"\n|-damage|p2a: Vende \"Proteina\"|90/100\n|-enditem|p2a: Vende \"Proteina\"|Leftovers|[from] move: Knock Off|[of] p1a: Donphan\n|\n|-damage|p1a: Donphan|22/100 psn|[from] psn\n|upkeep\n|turn|12\n|\n|t:|1783820884\n|-terastallize|p2a: Vende \"Proteina\"|Ghost\n|move|p2a: Vende \"Proteina\"|Toxic Spikes|p1a: Donphan\n|-sidestart|p1: sandorivera22|move: Toxic Spikes\n|move|p1a: Donphan|Earthquake|p2a: Vende \"Proteina\"\n|-immune|p2a: Vende \"Proteina\"|[from] ability: Levitate\n|\n|-damage|p1a: Donphan|10/100 psn|[from] psn\n|upkeep\n|turn|13\n|\n|t:|1783820891\n|move|p2a: Vende \"Proteina\"|Sludge Bomb|p1a: Donphan\n|-resisted|p1a: Donphan\n|-damage|p1a: Donphan|0 fnt\n|faint|p1a: Donphan\n|\n|upkeep\n|-message|sandorivera22 forfeited.\n|\n|win|DaevEV\n|raw|sandorivera22's rating: 1324 &rarr; <strong>1306</strong><br />(-18 for losing)\n|raw|DaevEV's rating: 1360 &rarr; <strong>1378</strong><br />(+18 for winning)\n|l|☆sandorivera22\n|player|p1|\n|l|☆DaevEV\n|player|p2|\n", "uploadtime": 1783821255, "views": 4, "formatid": "gen9ou", "rating": 1306, "private": 0, "password": null}