{"id": "gen9ou-2647725272", "format": "[Gen 9] OU", "players": ["temporarylight", "omari p"], "log": "|j|☆temporarylight\n|j|☆omari p\n|t:|1783802179\n|gametype|singles\n|player|p1|temporarylight|jogger|\n|player|p2|omari p|pokemonrangerf|\n|gen|9\n|tier|[Gen 9] OU\n|rule|HP Percentage Mod: HP is shown in percentages\n|rule|Endless Battle Clause: Forcing endless battles is banned\n|rule|Species Clause: Limit one of each Pokémon\n|rule|OHKO Clause: OHKO moves are banned\n|rule|Evasion Items Clause: Evasion items are banned\n|rule|Evasion Moves Clause: Evasion moves are banned\n|rule|Evasion Abilities Clause: Evasion abilities are banned\n|rule|Sleep Moves Clause: Sleep-inducing moves are banned\n|clearpoke\n|poke|p1|Kingambit, M|\n|poke|p1|Ogerpon-Cornerstone, F|\n|poke|p1|Ceruledge, M|\n|poke|p1|Kyurem|\n|poke|p1|Great Tusk|\n|poke|p1|Hatterene, F|\n|poke|p2|Thundurus-Therian, M|\n|poke|p2|Cinderace, M|\n|poke|p2|Deoxys-Speed|\n|poke|p2|Iron Moth|\n|poke|p2|Zamazenta-*|\n|poke|p2|Mandibuzz, F|\n|teampreview\n|inactive|Battle timer is ON: inactive players will automatically lose when time's up. (requested by temporarylight)\n|\n|t:|1783802199\n|teamsize|p1|6\n|teamsize|p2|6\n|start\n|switch|p1a: Great Tusk|Great Tusk|100/100\n|switch|p2a: Zamazenta|Zamazenta|100/100\n|-ability|p2a: Zamazenta|Dauntless Shield|boost\n|-boost|p2a: Zamazenta|def|1\n|turn|1\n|\n|t:|1783802208\n|move|p2a: Zamazenta|Close Combat|p1a: Great Tusk\n|-damage|p1a: Great Tusk|33/100\n|-unboost|p2a: Zamazenta|def|1\n|-unboost|p2a: Zamazenta|spd|1\n|move|p1a: Great Tusk|Rapid Spin|p2a: Zamazenta\n|-damage|p2a: Zamazenta|84/100\n|-boost|p1a: Great Tusk|spe|1\n|\n|upkeep\n|turn|2\n|\n|t:|1783802214\n|switch|p2a: Omari P Bird|Mandibuzz, F, shiny|100/100\n|move|p1a: Great Tusk|Headlong Rush|p2a: Omari P Bird\n|-immune|p2a: Omari P Bird\n|\n|upkeep\n|turn|3\n|\n|t:|1783802217\n|move|p1a: Great Tusk|Stealth Rock|p2a: Omari P Bird\n|-sidestart|p2: omari p|move: Stealth Rock\n|move|p2a: Omari P Bird|Foul Play|p1a: Great Tusk\n|-resisted|p1a: Great Tusk\n|-damage|p1a: Great Tusk|15/100\n|\n|upkeep\n|turn|4\n|\n|t:|1783802222\n|-end|p1a: Great Tusk|Protosynthesis|[silent]\n|switch|p1a: Hatterene|Hatterene, F|100/100\n|move|p2a: Omari P Bird|Roost||[still]\n|-fail|p2a: Omari P Bird|heal\n|\n|upkeep\n|turn|5\n|\n|t:|1783802230\n|switch|p2a: Cinderace|Cinderace, M|100/100\n|-damage|p2a: Cinderace|76/100|[from] Stealth Rock\n|move|p1a: Hatterene|Future Sight|p2a: Cinderace\n|-start|p1a: Hatterene|move: Future Sight\n|\n|upkeep\n|turn|6\n|\n|t:|1783802234\n|move|p2a: Cinderace|Court Change|p2a: Cinderace\n|-start|p2a: Cinderace|typechange|Normal|[from] ability: Libero\n|-swapsideconditions\n|-activate|p2a: Cinderace|move: Court Change\n|move|p1a: Hatterene|Psyshock|p2a: Cinderace\n|-damage|p2a: Cinderace|20/100\n|\n|upkeep\n|turn|7\n|\n|t:|1783802238\n|move|p2a: Cinderace|Pyro Ball|p1a: Hatterene\n|-damage|p1a: Hatterene|55/100\n|move|p1a: Hatterene|Draining Kiss|p2a: Cinderace\n|-damage|p2a: Cinderace|0 fnt\n|-heal|p1a: Hatterene|69/100|[from] drain|[of] p2a: Cinderace\n|faint|p2a: Cinderace\n|\n|-hint|Future Sight did not hit because the target is fainted.\n|-heal|p1a: Hatterene|75/100|[from] item: Leftovers\n|upkeep\n|\n|t:|1783802244\n|switch|p2a: Zamazenta|Zamazenta|84/100\n|turn|8\n|\n|t:|1783802251\n|switch|p1a: Kingambit|Kingambit, M|100/100\n|-damage|p1a: Kingambit|94/100|[from] Stealth Rock\n|move|p2a: Zamazenta|Heavy Slam|p1a: Kingambit\n|-resisted|p1a: Kingambit\n|-damage|p1a: Kingambit|87/100\n|\n|-heal|p1a: Kingambit|94/100|[from] item: Leftovers\n|upkeep\n|turn|9\n|\n|t:|1783802256\n|switch|p2a: Omari P Bird|Mandibuzz, F, shiny|100/100\n|-end|p1a: Kingambit|fallenundefined|[silent]\n|switch|p1a: Great Tusk|Great Tusk|15/100\n|\n|upkeep\n|turn|10\n|\n|t:|1783802260\n|move|p1a: Great Tusk|Stealth Rock|p2a: Omari P Bird\n|-sidestart|p2: omari p|move: Stealth Rock\n|move|p2a: Omari P Bird|Foul Play|p1a: Great Tusk\n|-resisted|p1a: Great Tusk\n|-damage|p1a: Great Tusk|0 fnt\n|faint|p1a: Great Tusk\n|-end|p1a: Great Tusk|Protosynthesis|[silent]\n|\n|upkeep\n|\n|t:|1783802266\n|switch|p1a: Kyurem|Kyurem|100/100\n|-damage|p1a: Kyurem|76/100|[from] Stealth Rock\n|-ability|p1a: Kyurem|Pressure\n|turn|11\n|\n|t:|1783802271\n|switch|p2a: Iron Moth|Iron Moth, shiny|100/100\n|-damage|p2a: Iron Moth|76/100|[from] Stealth Rock\n|move|p1a: Kyurem|Ice Beam|p2a: Iron Moth\n|-resisted|p2a: Iron Moth\n|-damage|p2a: Iron Moth|48/100\n|\n|upkeep\n|turn|12\n|\n|t:|1783802275\n|move|p2a: Iron Moth|Fiery Dance|p1a: Kyurem\n|-damage|p1a: Kyurem|51/100\n|move|p1a: Kyurem|Earth Power|p2a: Iron Moth\n|-supereffective|p2a: Iron Moth\n|-damage|p2a: Iron Moth|0 fnt\n|faint|p2a: Iron Moth\n|-end|p2a: Iron Moth|Quark Drive|[silent]\n|\n|upkeep\n|\n|t:|1783802279\n|switch|p2a: Zamazenta|Zamazenta|84/100\n|-damage|p2a: Zamazenta|77/100|[from] Stealth Rock\n|turn|13\n|\n|t:|1783802289\n|move|p2a: Zamazenta|Close Combat|p1a: Kyurem\n|-supereffective|p1a: Kyurem\n|-damage|p1a: Kyurem|0 fnt\n|-unboost|p2a: Zamazenta|def|1\n|-unboost|p2a: Zamazenta|spd|1\n|faint|p1a: Kyurem\n|\n|upkeep\n|\n|t:|1783802293\n|switch|p1a: Hatterene|Hatterene, F|75/100\n|-damage|p1a: Hatterene|62/100|[from] Stealth Rock\n|turn|14\n|\n|t:|1783802297\n|switch|p2a: Thundurus|Thundurus-Therian, M, shiny|100/100\n|-damage|p2a: Thundurus|76/100|[from] Stealth Rock\n|move|p1a: Hatterene|Draining Kiss|p2a: Thundurus\n|-damage|p2a: Thundurus|49/100\n|-heal|p1a: Hatterene|82/100|[from] drain|[of] p2a: Thundurus\n|\n|-heal|p2a: Thundurus|56/100|[from] item: Leftovers\n|-heal|p1a: Hatterene|88/100|[from] item: Leftovers\n|upkeep\n|turn|15\n|\n|t:|1783802315\n|switch|p1a: Ogerpon|Ogerpon-Cornerstone, F|100/100\n|-damage|p1a: Ogerpon|88/100|[from] Stealth Rock\n|move|p2a: Thundurus|Thunderbolt|p1a: Ogerpon\n|-resisted|p1a: Ogerpon\n|-damage|p1a: Ogerpon|59/100\n|\n|-heal|p2a: Thundurus|62/100|[from] item: Leftovers\n|upkeep\n|turn|16\n|inactive|omari p has 270 seconds left.\n|\n|t:|1783802359\n|move|p1a: Ogerpon|Ivy Cudgel|p2a: Thundurus|[anim] Ivy Cudgel Rock\n|-supereffective|p2a: Thundurus\n|-crit|p2a: Thundurus\n|-damage|p2a: Thundurus|0 fnt\n|faint|p2a: Thundurus\n|\n|upkeep\n|\n|t:|1783802361\n|switch|p2a: Deoxys|Deoxys-Speed|100/100\n|-damage|p2a: Deoxys|88/100|[from] Stealth Rock\n|-ability|p2a: Deoxys|Pressure\n|turn|17\n|\n|t:|1783802366\n|move|p2a: Deoxys|Ice Beam|p1a: Ogerpon\n|-supereffective|p1a: Ogerpon\n|-damage|p1a: Ogerpon|0 fnt\n|faint|p1a: Ogerpon\n|\n|upkeep\n|\n|t:|1783802378\n|switch|p1a: Kingambit|Kingambit, M|94/100\n|-damage|p1a: Kingambit|87/100|[from] Stealth Rock\n|-activate|p1a: Kingambit|ability: Supreme Overlord\n|-start|p1a: Kingambit|fallen3|[silent]\n|turn|18\n|inactive|omari p has 270 seconds left.\n|\n|t:|1783802410\n|switch|p2a: Omari P Bird|Mandibuzz, F, shiny|100/100\n|-damage|p2a: Omari P Bird|76/100|[from] Stealth Rock\n|move|p1a: Kingambit|Sucker Punch||[still]\n|-fail|p1a: Kingambit\n|\n|-heal|p1a: Kingambit|94/100|[from] item: Leftovers\n|upkeep\n|turn|19\n|\n|t:|1783802415\n|-end|p1a: Kingambit|fallen3|[silent]\n|switch|p1a: Hatterene|Hatterene, F|88/100\n|-damage|p1a: Hatterene|76/100|[from] Stealth Rock\n|move|p2a: Omari P Bird|Foul Play|p1a: Hatterene\n|-damage|p1a: Hatterene|56/100\n|\n|-heal|p1a: Hatterene|62/100|[from] item: Leftovers\n|upkeep\n|turn|20\n|\n|t:|1783802418\n|move|p2a: Omari P Bird|Defog|p1a: Hatterene\n|move|p1a: Hatterene|Defog|p2a: Omari P Bird|[from] ability: Magic Bounce\n|-unboost|p2a: Omari P Bird|evasion|1\n|-sideend|p2: omari p|Stealth Rock|[from] move: Defog|[of] p1a: Hatterene\n|-sideend|p1: temporarylight|Stealth Rock|[from] move: Defog|[of] p1a: Hatterene\n|move|p1a: Hatterene|Draining Kiss|p2a: Omari P Bird\n|-supereffective|p2a: Omari P Bird\n|-damage|p2a: Omari P Bird|37/100\n|-heal|p1a: Hatterene|99/100|[from] drain|[of] p2a: Omari P Bird\n|-damage|p1a: Hatterene|83/100|[from] item: Rocky Helmet|[of] p2a: Omari P Bird\n|\n|-heal|p1a: Hatterene|89/100|[from] item: Leftovers\n|upkeep\n|turn|21\n|\n|t:|1783802423\n|move|p2a: Omari P Bird|Roost|p2a: Omari P Bird\n|-heal|p2a: Omari P Bird|87/100\n|-singleturn|p2a: Omari P Bird|move: Roost\n|move|p1a: Hatterene|Draining Kiss|p2a: Omari P Bird\n|-supereffective|p2a: Omari P Bird\n|-crit|p2a: Omari P Bird\n|-damage|p2a: Omari P Bird|28/100\n|-heal|p1a: Hatterene|100/100|[from] drain|[of] p2a: Omari P Bird\n|-damage|p1a: Hatterene|84/100|[from] item: Rocky Helmet|[of] p2a: Omari P Bird\n|\n|-heal|p1a: Hatterene|90/100|[from] item: Leftovers\n|upkeep\n|turn|22\n|\n|t:|1783802427\n|-terastallize|p2a: Omari P Bird|Water\n|move|p2a: Omari P Bird|Roost|p2a: Omari P Bird\n|-heal|p2a: Omari P Bird|78/100\n|move|p1a: Hatterene|Draining Kiss|p2a: Omari P Bird\n|-damage|p2a: Omari P Bird|58/100\n|-heal|p1a: Hatterene|100/100|[from] drain|[of] p2a: Omari P Bird\n|-damage|p1a: Hatterene|84/100|[from] item: Rocky Helmet|[of] p2a: Omari P Bird\n|\n|-heal|p1a: Hatterene|90/100|[from] item: Leftovers\n|upkeep\n|turn|23\n|\n|t:|1783802430\n|move|p2a: Omari P Bird|Roost|p2a: Omari P Bird\n|-heal|p2a: Omari P Bird|100/100\n|move|p1a: Hatterene|Future Sight|p2a: Omari P Bird\n|-start|p1a: Hatterene|move: Future Sight\n|\n|-heal|p1a: Hatterene|96/100|[from] item: Leftovers\n|upkeep\n|turn|24\n|\n|t:|1783802435\n|switch|p2a: Deoxys|Deoxys-Speed|88/100\n|-ability|p2a: Deoxys|Pressure\n|move|p1a: Hatterene|Psyshock|p2a: Deoxys\n|-resisted|p2a: Deoxys\n|-damage|p2a: Deoxys|58/100\n|\n|-heal|p1a: Hatterene|100/100|[from] item: Leftovers\n|upkeep\n|turn|25\n|\n|t:|1783802440\n|move|p2a: Deoxys|Ice Beam|p1a: Hatterene\n|-damage|p1a: Hatterene|70/100\n|move|p1a: Hatterene|Draining Kiss|p2a: Deoxys\n|-damage|p2a: Deoxys|25/100\n|-heal|p1a: Hatterene|89/100|[from] drain|[of] p2a: Deoxys\n|\n|-end|p2a: Deoxys|move: Future Sight\n|-resisted|p2a: Deoxys\n|-damage|p2a: Deoxys|0 fnt\n|faint|p2a: Deoxys\n|-heal|p1a: Hatterene|95/100|[from] item: Leftovers\n|upkeep\n|\n|t:|1783802442\n|switch|p2a: Zamazenta|Zamazenta|77/100\n|turn|26\n|\n|t:|1783802449\n|move|p2a: Zamazenta|Close Combat|p1a: Hatterene\n|-resisted|p1a: Hatterene\n|-damage|p1a: Hatterene|77/100\n|-unboost|p2a: Zamazenta|def|1\n|-unboost|p2a: Zamazenta|spd|1\n|move|p1a: Hatterene|Draining Kiss|p2a: Zamazenta\n|-supereffective|p2a: Zamazenta\n|-damage|p2a: Zamazenta|18/100\n|-heal|p1a: Hatterene|100/100|[from] drain|[of] p2a: Zamazenta\n|\n|upkeep\n|turn|27\n|c|☆omari p|gg\n|\n|t:|1783802457\n|move|p2a: Zamazenta|Close Combat|p1a: Hatterene\n|-resisted|p1a: Hatterene\n|-damage|p1a: Hatterene|83/100\n|-unboost|p2a: Zamazenta|def|1\n|-unboost|p2a: Zamazenta|spd|1\n|move|p1a: Hatterene|Future Sight|p2a: Zamazenta\n|-start|p1a: Hatterene|move: Future Sight\n|\n|-heal|p1a: Hatterene|89/100|[from] item: Leftovers\n|upkeep\n|turn|28\n|\n|t:|1783802460\n|move|p2a: Zamazenta|Close Combat|p1a: Hatterene\n|-resisted|p1a: Hatterene\n|-damage|p1a: Hatterene|69/100\n|-unboost|p2a: Zamazenta|def|1\n|-unboost|p2a: Zamazenta|spd|1\n|move|p1a: Hatterene|Draining Kiss|p2a: Zamazenta\n|-supereffective|p2a: Zamazenta\n|-damage|p2a: Zamazenta|0 fnt\n|-heal|p1a: Hatterene|82/100|[from] drain|[of] p2a: Zamazenta\n|faint|p2a: Zamazenta\n|\n|-heal|p1a: Hatterene|88/100|[from] item: Leftovers\n|upkeep\n|\n|t:|1783802462\n|switch|p2a: Omari P Bird|Mandibuzz, F, shiny, tera:Water|100/100\n|turn|29\n|\n|t:|1783802464\n|move|p2a: Omari P Bird|Foul Play|p1a: Hatterene\n|-damage|p1a: Hatterene|67/100\n|move|p1a: Hatterene|Psyshock|p2a: Omari P Bird\n|-damage|p2a: Omari P Bird|80/100\n|\n|-end|p2a: Omari P Bird|move: Future Sight\n|-damage|p2a: Omari P Bird|36/100\n|-heal|p1a: Hatterene|73/100|[from] item: Leftovers\n|upkeep\n|turn|30\n|\n|t:|1783802468\n|move|p2a: Omari P Bird|Foul Play|p1a: Hatterene\n|-damage|p1a: Hatterene|55/100\n|move|p1a: Hatterene|Future Sight|p2a: Omari P Bird\n|-start|p1a: Hatterene|move: Future Sight\n|\n|-heal|p1a: Hatterene|61/100|[from] item: Leftovers\n|upkeep\n|turn|31\n|\n|t:|1783802471\n|move|p2a: Omari P Bird|Foul Play|p1a: Hatterene\n|-damage|p1a: Hatterene|41/100\n|move|p1a: Hatterene|Draining Kiss|p2a: Omari P Bird\n|-damage|p2a: Omari P Bird|18/100\n|-heal|p1a: Hatterene|59/100|[from] drain|[of] p2a: Omari P Bird\n|-damage|p1a: Hatterene|42/100|[from] item: Rocky Helmet|[of] p2a: Omari P Bird\n|\n|-heal|p1a: Hatterene|48/100|[from] item: Leftovers\n|upkeep\n|turn|32\n|\n|t:|1783802475\n|move|p2a: Omari P Bird|Foul Play|p1a: Hatterene\n|-damage|p1a: Hatterene|28/100\n|move|p1a: Hatterene|Draining Kiss|p2a: Omari P Bird\n|-damage|p2a: Omari P Bird|0 fnt\n|-heal|p1a: Hatterene|46/100|[from] drain|[of] p2a: Omari P Bird\n|-damage|p1a: Hatterene|29/100|[from] item: Rocky Helmet|[of] p2a: Omari P Bird\n|faint|p2a: Omari P Bird\n|\n|win|temporarylight\n|c|☆temporarylight|gg\n|c|☆omari p|nicr\n|c|☆omari p|ok gtg\n|l|☆omari p\n|player|p2|\n|c|☆temporarylight|cya\n|l|☆temporarylight\n|player|p1|\n|j|☆temporarylight\n|player|p1|temporarylight|jogger|\n", "uploadtime": 1783802524, "views": 10, "formatid": "gen9ou", "rating": null, "private": 0, "password": null}