{"id": "gen9ou-2540949053", "format": "[Gen 9] OU", "players": ["shrek5baby", "mickeyb2"], "log": "|j|☆shrek5baby\n|j|☆mickeyb2\n|t:|1771269996\n|gametype|singles\n|player|p1|shrek5baby|rood|1561\n|player|p2|mickeyb2|flint|1635\n|gen|9\n|tier|[Gen 9] OU\n|rated|\n|rule|HP Percentage Mod: HP is shown in percentages\n|rule|Endless Battle Clause: Forcing endless battles is banned\n|rule|Species Clause: Limit one of each Pokémon\n|rule|OHKO Clause: OHKO moves are banned\n|rule|Evasion Items Clause: Evasion items are banned\n|rule|Evasion Moves Clause: Evasion moves are banned\n|rule|Evasion Abilities Clause: Evasion abilities are banned\n|rule|Sleep Moves Clause: Sleep-inducing moves are banned\n|clearpoke\n|poke|p1|Slowbro, F|\n|poke|p1|Okidogi, M|\n|poke|p1|Great Tusk|\n|poke|p1|Tornadus-Therian, M|\n|poke|p1|Dragonite, F|\n|poke|p1|Scizor, M|\n|poke|p2|Kyurem|\n|poke|p2|Reuniclus, F|\n|poke|p2|Enamorus, F|\n|poke|p2|Lokix, M|\n|poke|p2|Cinderace, F|\n|poke|p2|Slowking, M|\n|teampreview\n|inactive|Battle timer is ON: inactive players will automatically lose when time's up. (requested by mickeyb2)\n|\n|t:|1771270008\n|teamsize|p1|6\n|teamsize|p2|6\n|start\n|switch|p1a: Scizor|Scizor, M|100/100\n|switch|p2a: Slowking|Slowking, M|100/100\n|turn|1\n|\n|t:|1771270029\n|move|p1a: Scizor|U-turn|p2a: Slowking\n|-supereffective|p2a: Slowking\n|-damage|p2a: Slowking|19/100\n|-damage|p1a: Scizor|84/100|[from] item: Rocky Helmet|[of] p2a: Slowking\n|\n|t:|1771270032\n|switch|p1a: Okidogi|Okidogi, M|100/100|[from] U-turn\n|move|p2a: Slowking|Scald|p1a: Okidogi\n|-damage|p1a: Okidogi|74/100\n|\n|upkeep\n|turn|2\n|\n|t:|1771270039\n|move|p1a: Okidogi|Knock Off|p2a: Slowking\n|-supereffective|p2a: Slowking\n|-damage|p2a: Slowking|0 fnt\n|-damage|p1a: Okidogi|57/100|[from] item: Rocky Helmet|[of] p2a: Slowking\n|-enditem|p2a: Slowking|Rocky Helmet|[from] move: Knock Off|[of] p1a: Okidogi\n|faint|p2a: Slowking\n|\n|upkeep\n|\n|t:|1771270041\n|switch|p2a: Cinderace|Cinderace, F|100/100\n|turn|3\n|\n|t:|1771270046\n|switch|p1a: Slowbro|Slowbro, F, shiny|100/100\n|move|p2a: Cinderace|Gunk Shot|p1a: Slowbro|[miss]\n|-start|p2a: Cinderace|typechange|Poison|[from] ability: Libero\n|-miss|p2a: Cinderace|p1a: Slowbro\n|\n|upkeep\n|turn|4\n|inactive|mickeyb2 has 120 seconds left.\n|\n|t:|1771270082\n|move|p2a: Cinderace|Will-O-Wisp|p1a: Slowbro\n|-status|p1a: Slowbro|brn\n|move|p1a: Slowbro|Thunder Wave|p2a: Cinderace\n|-status|p2a: Cinderace|par\n|\n|-damage|p1a: Slowbro|94/100 brn|[from] brn\n|upkeep\n|turn|5\n|\n|t:|1771270087\n|move|p2a: Cinderace|Gunk Shot|p1a: Slowbro\n|-damage|p1a: Slowbro|62/100 brn\n|move|p1a: Slowbro|Scald|p2a: Cinderace\n|-damage|p2a: Cinderace|73/100 par\n|\n|-damage|p1a: Slowbro|56/100 brn|[from] brn\n|upkeep\n|turn|6\n|\n|t:|1771270094\n|switch|p2a: Kyurem|Kyurem|100/100\n|-ability|p2a: Kyurem|Pressure\n|move|p1a: Slowbro|Slack Off|p1a: Slowbro\n|-heal|p1a: Slowbro|100/100 brn\n|\n|-damage|p1a: Slowbro|94/100 brn|[from] brn\n|upkeep\n|turn|7\n|\n|t:|1771270099\n|switch|p1a: Scizor|Scizor, M|84/100\n|move|p2a: Kyurem|Freeze-Dry|p1a: Scizor\n|-resisted|p1a: Scizor\n|-damage|p1a: Scizor|62/100\n|\n|upkeep\n|turn|8\n|\n|t:|1771270110\n|switch|p2a: Cinderace|Cinderace, F|73/100 par\n|move|p1a: Scizor|Bullet Punch|p2a: Cinderace\n|-resisted|p2a: Cinderace\n|-damage|p2a: Cinderace|51/100 par\n|\n|upkeep\n|turn|9\n|\n|t:|1771270116\n|switch|p1a: Slowbro|Slowbro, F, shiny|100/100 brn\n|switch|p2a: Kyurem|Kyurem|100/100\n|-ability|p2a: Kyurem|Pressure\n|\n|-damage|p1a: Slowbro|94/100 brn|[from] brn\n|upkeep\n|turn|10\n|\n|t:|1771270126\n|switch|p1a: Okidogi|Okidogi, M|57/100\n|move|p2a: Kyurem|Freeze-Dry|p1a: Okidogi\n|-damage|p1a: Okidogi|33/100\n|\n|upkeep\n|turn|11\n|\n|t:|1771270142\n|move|p2a: Kyurem|Earth Power|p1a: Okidogi\n|-supereffective|p1a: Okidogi\n|-damage|p1a: Okidogi|0 fnt\n|faint|p1a: Okidogi\n|\n|upkeep\n|\n|t:|1771270151\n|switch|p1a: Scizor|Scizor, M|62/100\n|turn|12\n|\n|t:|1771270162\n|switch|p2a: Enamorus|Enamorus, F|100/100\n|move|p1a: Scizor|Swords Dance|p1a: Scizor\n|-boost|p1a: Scizor|atk|2\n|\n|upkeep\n|turn|13\n|\n|t:|1771270172\n|-terastallize|p2a: Enamorus|Ground\n|move|p1a: Scizor|Bullet Punch|p2a: Enamorus\n|-damage|p2a: Enamorus|28/100\n|move|p2a: Enamorus|Superpower|p1a: Scizor\n|-damage|p1a: Scizor|26/100\n|-boost|p2a: Enamorus|atk|1\n|-boost|p2a: Enamorus|def|1\n|\n|-heal|p2a: Enamorus|34/100|[from] item: Leftovers\n|upkeep\n|turn|14\n|c|☆mickeyb2|damn\n|\n|t:|1771270187\n|move|p1a: Scizor|Bullet Punch|p2a: Enamorus\n|-damage|p2a: Enamorus|0 fnt\n|faint|p2a: Enamorus\n|\n|upkeep\n|\n|t:|1771270188\n|switch|p2a: Cinderace|Cinderace, F|51/100 par\n|turn|15\n|\n|t:|1771270192\n|-terastallize|p1a: Scizor|Steel\n|move|p1a: Scizor|Bullet Punch|p2a: Cinderace\n|-resisted|p2a: Cinderace\n|-damage|p2a: Cinderace|0 fnt\n|faint|p2a: Cinderace\n|\n|upkeep\n|inactive|mickeyb2 has 120 seconds left.\n|\n|t:|1771270249\n|switch|p2a: Lokix|Lokix, M|100/100\n|turn|16\n|\n|t:|1771270262\n|switch|p1a: Great Tusk|Great Tusk|100/100\n|-enditem|p1a: Great Tusk|Booster Energy\n|-activate|p1a: Great Tusk|ability: Protosynthesis|[fromitem]\n|-start|p1a: Great Tusk|protosynthesisatk\n|move|p2a: Lokix|Sucker Punch||[still]\n|-fail|p2a: Lokix\n|\n|upkeep\n|turn|17\n|\n|t:|1771270270\n|switch|p2a: Reuniclus|Reuniclus, F|100/100\n|move|p1a: Great Tusk|Headlong Rush|p2a: Reuniclus\n|-damage|p2a: Reuniclus|25/100\n|-unboost|p1a: Great Tusk|def|1\n|-unboost|p1a: Great Tusk|spd|1\n|\n|upkeep\n|turn|18\n|\n|t:|1771270286\n|move|p1a: Great Tusk|Headlong Rush|p2a: Reuniclus\n|-damage|p2a: Reuniclus|0 fnt\n|-unboost|p1a: Great Tusk|def|1\n|-unboost|p1a: Great Tusk|spd|1\n|faint|p2a: Reuniclus\n|\n|upkeep\n|\n|t:|1771270291\n|switch|p2a: Lokix|Lokix, M|100/100\n|turn|19\n|\n|t:|1771270299\n|-end|p1a: Great Tusk|Protosynthesis|[silent]\n|switch|p1a: Slowbro|Slowbro, F, shiny|100/100 brn\n|move|p2a: Lokix|Swords Dance|p2a: Lokix\n|-boost|p2a: Lokix|atk|2\n|\n|-damage|p1a: Slowbro|94/100 brn|[from] brn\n|upkeep\n|turn|20\n|\n|t:|1771270314\n|move|p2a: Lokix|Substitute|p2a: Lokix\n|-start|p2a: Lokix|Substitute\n|-damage|p2a: Lokix|76/100\n|move|p1a: Slowbro|Scald|p2a: Lokix\n|-end|p2a: Lokix|Substitute\n|\n|-heal|p2a: Lokix|82/100|[from] item: Leftovers\n|-damage|p1a: Slowbro|88/100 brn|[from] brn\n|upkeep\n|turn|21\n|\n|t:|1771270318\n|move|p2a: Lokix|Leech Life|p1a: Slowbro\n|-supereffective|p1a: Slowbro\n|-damage|p1a: Slowbro|0 fnt\n|-heal|p2a: Lokix|100/100|[from] drain|[of] p1a: Slowbro\n|-damage|p2a: Lokix|84/100|[from] item: Rocky Helmet|[of] p1a: Slowbro\n|faint|p1a: Slowbro\n|\n|-heal|p2a: Lokix|90/100|[from] item: Leftovers\n|upkeep\n|\n|t:|1771270340\n|switch|p1a: Dragonite|Dragonite, F|100/100\n|turn|22\n|\n|t:|1771270347\n|move|p1a: Dragonite|Dragon Dance|p1a: Dragonite\n|-boost|p1a: Dragonite|atk|1\n|-boost|p1a: Dragonite|spe|1\n|move|p2a: Lokix|Leech Life|p1a: Dragonite\n|-resisted|p1a: Dragonite\n|-damage|p1a: Dragonite|61/100\n|-heal|p2a: Lokix|100/100|[from] drain|[of] p1a: Dragonite\n|\n|upkeep\n|turn|23\n|\n|t:|1771270358\n|move|p1a: Dragonite|Extreme Speed|p2a: Lokix\n|-damage|p2a: Lokix|46/100\n|move|p2a: Lokix|Leech Life|p1a: Dragonite\n|-resisted|p1a: Dragonite\n|-damage|p1a: Dragonite|0 fnt\n|-heal|p2a: Lokix|81/100|[from] drain|[of] p1a: Dragonite\n|faint|p1a: Dragonite\n|\n|-heal|p2a: Lokix|87/100|[from] item: Leftovers\n|upkeep\n|\n|t:|1771270366\n|switch|p1a: Tornadus|Tornadus-Therian, M, shiny|100/100\n|turn|24\n|\n|t:|1771270379\n|move|p2a: Lokix|Sucker Punch|p1a: Tornadus\n|-damage|p1a: Tornadus|9/100\n|move|p1a: Tornadus|Bleakwind Storm|p2a: Lokix|[miss]\n|-miss|p1a: Tornadus|p2a: Lokix\n|\n|-heal|p2a: Lokix|93/100|[from] item: Leftovers\n|upkeep\n|turn|25\n|c|☆mickeyb2|damn\n|\n|t:|1771270391\n|move|p2a: Lokix|Sucker Punch|p1a: Tornadus\n|-damage|p1a: Tornadus|0 fnt\n|faint|p1a: Tornadus\n|\n|-heal|p2a: Lokix|99/100|[from] item: Leftovers\n|upkeep\n|\n|t:|1771270393\n|switch|p1a: Great Tusk|Great Tusk|100/100\n|turn|26\n|\n|t:|1771270396\n|move|p1a: Great Tusk|Close Combat|p2a: Lokix\n|-damage|p2a: Lokix|25/100\n|-unboost|p1a: Great Tusk|def|1\n|-unboost|p1a: Great Tusk|spd|1\n|move|p2a: Lokix|Leech Life|p1a: Great Tusk\n|-resisted|p1a: Great Tusk\n|-damage|p1a: Great Tusk|17/100\n|-heal|p2a: Lokix|80/100|[from] drain|[of] p1a: Great Tusk\n|\n|-heal|p2a: Lokix|86/100|[from] item: Leftovers\n|upkeep\n|turn|27\n|\n|t:|1771270402\n|move|p2a: Lokix|Sucker Punch|p1a: Great Tusk\n|-resisted|p1a: Great Tusk\n|-damage|p1a: Great Tusk|0 fnt\n|faint|p1a: Great Tusk\n|-end|p1a: Great Tusk|Protosynthesis|[silent]\n|\n|-heal|p2a: Lokix|92/100|[from] item: Leftovers\n|upkeep\n|\n|t:|1771270404\n|switch|p1a: Scizor|Scizor, M, tera:Steel|26/100\n|turn|28\n|\n|t:|1771270422\n|move|p2a: Lokix|Sucker Punch||[still]\n|-fail|p2a: Lokix\n|move|p1a: Scizor|Swords Dance|p1a: Scizor\n|-boost|p1a: Scizor|atk|2\n|\n|-heal|p2a: Lokix|98/100|[from] item: Leftovers\n|upkeep\n|turn|29\n|\n|t:|1771270435\n|move|p1a: Scizor|Bullet Punch|p2a: Lokix\n|-damage|p2a: Lokix|0 fnt\n|faint|p2a: Lokix\n|\n|upkeep\n|\n|t:|1771270437\n|switch|p2a: Kyurem|Kyurem|100/100\n|-ability|p2a: Kyurem|Pressure\n|turn|30\n|c|☆mickeyb2|damn\n|c|☆mickeyb2|someone wanted to lose lmao\n|\n|t:|1771270444\n|move|p1a: Scizor|Bullet Punch|p2a: Kyurem\n|-supereffective|p2a: Kyurem\n|-damage|p2a: Kyurem|0 fnt\n|faint|p2a: Kyurem\n|\n|win|shrek5baby\n|raw|shrek5baby's rating: 1561 &rarr; <strong>1583</strong><br />(+22 for winning)\n|raw|mickeyb2's rating: 1591 &rarr; <strong>1569</strong><br />(-22 for losing)\n|c|☆mickeyb2|congrats g\n|c|☆mickeyb2|great luck\n|l|☆mickeyb2\n|player|p2|\n|c|☆shrek5baby|Lol\n|l|☆shrek5baby\n|player|p1|\n", "uploadtime": 1771270710, "views": 2, "formatid": "gen9ou", "rating": 1569, "private": 0, "password": null}