{"id": "gen9ou-2540623184", "format": "[Gen 9] OU", "players": ["bh.babiri", "3idk"], "log": "|j|☆bh.babiri\n|j|☆3idk\n|t:|1771229219\n|gametype|singles\n|player|p1|bh.babiri|pokemonbreederf-gen4|1732\n|player|p2|3idk|cynthia-masters|1815\n|gen|9\n|tier|[Gen 9] OU\n|rated|\n|rule|HP Percentage Mod: HP is shown in percentages\n|rule|Endless Battle Clause: Forcing endless battles is banned\n|rule|Species Clause: Limit one of each Pokémon\n|rule|OHKO Clause: OHKO moves are banned\n|rule|Evasion Items Clause: Evasion items are banned\n|rule|Evasion Moves Clause: Evasion moves are banned\n|rule|Evasion Abilities Clause: Evasion abilities are banned\n|rule|Sleep Moves Clause: Sleep-inducing moves are banned\n|clearpoke\n|poke|p1|Slowking-Galar, F|\n|poke|p1|Rillaboom, F|\n|poke|p1|Primarina, M|\n|poke|p1|Regidrago|\n|poke|p1|Cinderace, F|\n|poke|p1|Glimmora, M|\n|poke|p2|Pelipper, F|\n|poke|p2|Hatterene, F|\n|poke|p2|Iron Treads|\n|poke|p2|Toxicroak, F|\n|poke|p2|Barraskewda, F|\n|poke|p2|Zapdos|\n|teampreview\n|inactive|Battle timer is ON: inactive players will automatically lose when time's up. (requested by bh.babiri)\n|inactive|3idk also wants the timer to be on.\n|\n|t:|1771229231\n|teamsize|p1|6\n|teamsize|p2|6\n|start\n|switch|p1a: Glimmora|Glimmora, M|100/100\n|switch|p2a: Pelipper|Pelipper, F|100/100\n|-weather|RainDance|[from] ability: Drizzle|[of] p2a: Pelipper\n|turn|1\n|\n|t:|1771229249\n|switch|p2a: Hatterene|Hatterene, F|100/100\n|move|p1a: Glimmora|Meteor Beam||[still]\n|-prepare|p1a: Glimmora|Meteor Beam\n|-boost|p1a: Glimmora|spa|1\n|-enditem|p1a: Glimmora|Power Herb\n|-anim|p1a: Glimmora|Meteor Beam|p2a: Hatterene\n|-damage|p2a: Hatterene|0 fnt\n|faint|p2a: Hatterene\n|\n|-weather|RainDance|[upkeep]\n|upkeep\n|\n|t:|1771229257\n|switch|p2a: Barraskewda|Barraskewda, F|100/100\n|turn|2\n|\n|t:|1771229262\n|switch|p1a: Rillaboom|Rillaboom, F|100/100\n|-fieldstart|move: Grassy Terrain|[from] ability: Grassy Surge|[of] p1a: Rillaboom\n|move|p2a: Barraskewda|Flip Turn|p1a: Rillaboom\n|-resisted|p1a: Rillaboom\n|-damage|p1a: Rillaboom|57/100\n|\n|t:|1771229267\n|switch|p2a: Zapdos|Zapdos|100/100|[from] Flip Turn\n|\n|-weather|RainDance|[upkeep]\n|-heal|p1a: Rillaboom|63/100|[from] Grassy Terrain\n|upkeep\n|turn|3\n|\n|t:|1771229270\n|switch|p1a: Slowking|Slowking-Galar, F|100/100\n|move|p2a: Zapdos|Volt Switch|p1a: Slowking\n|-crit|p1a: Slowking\n|-damage|p1a: Slowking|52/100\n|\n|t:|1771229273\n|switch|p2a: Barraskewda|Barraskewda, F|100/100|[from] Volt Switch\n|\n|-weather|RainDance|[upkeep]\n|-heal|p1a: Slowking|58/100|[from] Grassy Terrain\n|upkeep\n|turn|4\n|\n|t:|1771229284\n|-terastallize|p1a: Slowking|Grass\n|move|p2a: Barraskewda|Flip Turn|p1a: Slowking\n|-resisted|p1a: Slowking\n|-damage|p1a: Slowking|18/100\n|\n|t:|1771229291\n|switch|p2a: Zapdos|Zapdos|100/100|[from] Flip Turn\n|-prepare|p1a: Slowking|Chilly Reception|[premajor]\n|move|p1a: Slowking|Chilly Reception|p1a: Slowking\n|-weather|Snowscape\n|\n|t:|1771229300\n|switch|p1a: Regidrago|Regidrago|100/100|[from] Chilly Reception\n|\n|-weather|Snowscape|[upkeep]\n|upkeep\n|turn|5\n|\n|t:|1771229305\n|switch|p2a: Iron Treads|Iron Treads|100/100\n|move|p1a: Regidrago|Dragon Energy|p2a: Iron Treads\n|-resisted|p2a: Iron Treads\n|-damage|p2a: Iron Treads|63/100\n|\n|-weather|Snowscape|[upkeep]\n|-heal|p2a: Iron Treads|69/100|[from] Grassy Terrain\n|-heal|p2a: Iron Treads|75/100|[from] item: Leftovers\n|upkeep\n|turn|6\n|\n|t:|1771229312\n|switch|p1a: Rillaboom|Rillaboom, F|63/100\n|move|p2a: Iron Treads|Volt Switch|p1a: Rillaboom\n|-resisted|p1a: Rillaboom\n|-damage|p1a: Rillaboom|56/100\n|\n|t:|1771229316\n|-end|p2a: Iron Treads|Quark Drive|[silent]\n|switch|p2a: Zapdos|Zapdos|100/100|[from] Volt Switch\n|\n|-weather|Snowscape|[upkeep]\n|-heal|p1a: Rillaboom|62/100|[from] Grassy Terrain\n|-fieldend|move: Grassy Terrain\n|upkeep\n|turn|7\n|j| nonchalantbufalant\n|\n|t:|1771229321\n|switch|p1a: Glimmora|Glimmora, M|100/100\n|move|p2a: Zapdos|Volt Switch|p1a: Glimmora\n|-damage|p1a: Glimmora|35/100\n|\n|t:|1771229325\n|switch|p2a: Barraskewda|Barraskewda, F|100/100|[from] Volt Switch\n|\n|-weather|Snowscape|[upkeep]\n|upkeep\n|turn|8\n|\n|t:|1771229333\n|move|p2a: Barraskewda|Flip Turn|p1a: Glimmora\n|-supereffective|p1a: Glimmora\n|-damage|p1a: Glimmora|0 fnt\n|-activate|p1a: Glimmora|ability: Toxic Debris\n|-sidestart|p2: 3idk|move: Toxic Spikes\n|faint|p1a: Glimmora\n|\n|t:|1771229338\n|switch|p2a: Zapdos|Zapdos|100/100|[from] Flip Turn\n|\n|-weather|none\n|upkeep\n|\n|t:|1771229348\n|switch|p1a: Cinderace|Cinderace, F|100/100\n|turn|9\n|\n|t:|1771229354\n|move|p1a: Cinderace|Pyro Ball|p2a: Zapdos\n|-damage|p2a: Zapdos|31/100\n|move|p2a: Zapdos|Volt Switch|p1a: Cinderace\n|-damage|p1a: Cinderace|23/100\n|\n|t:|1771229360\n|switch|p2a: Pelipper|Pelipper, F|100/100|[from] Volt Switch\n|-weather|RainDance|[from] ability: Drizzle|[of] p2a: Pelipper\n|\n|-weather|RainDance|[upkeep]\n|upkeep\n|turn|10\n|\n|t:|1771229364\n|move|p1a: Cinderace|U-turn|p2a: Pelipper\n|-start|p1a: Cinderace|typechange|Bug|[from] ability: Libero\n|-resisted|p2a: Pelipper\n|-damage|p2a: Pelipper|84/100\n|\n|t:|1771229365\n|switch|p1a: Primarina|Primarina, M|100/100|[from] U-turn\n|move|p2a: Pelipper|U-turn|p1a: Primarina\n|-resisted|p1a: Primarina\n|-damage|p1a: Primarina|94/100\n|\n|t:|1771229370\n|switch|p2a: Zapdos|Zapdos|31/100|[from] U-turn\n|\n|-weather|RainDance|[upkeep]\n|-heal|p1a: Primarina|100/100|[from] item: Leftovers\n|upkeep\n|turn|11\n|\n|t:|1771229383\n|switch|p1a: Cinderace|Cinderace, F|23/100\n|move|p2a: Zapdos|Volt Switch|p1a: Cinderace\n|-damage|p1a: Cinderace|0 fnt\n|faint|p1a: Cinderace\n|\n|t:|1771229393\n|switch|p2a: Barraskewda|Barraskewda, F|100/100|[from] Volt Switch\n|-status|p2a: Barraskewda|psn\n|\n|-weather|RainDance|[upkeep]\n|-damage|p2a: Barraskewda|88/100 psn|[from] psn\n|upkeep\n|\n|t:|1771229397\n|switch|p1a: Rillaboom|Rillaboom, F|62/100\n|-fieldstart|move: Grassy Terrain|[from] ability: Grassy Surge|[of] p1a: Rillaboom\n|turn|12\n|\n|t:|1771229401\n|move|p2a: Barraskewda|Flip Turn|p1a: Rillaboom\n|-resisted|p1a: Rillaboom\n|-damage|p1a: Rillaboom|21/100\n|\n|t:|1771229405\n|switch|p2a: Toxicroak|Toxicroak, F|100/100|[from] Flip Turn\n|-sideend|p2: 3idk|move: Toxic Spikes|[of] p2a: Toxicroak\n|move|p1a: Rillaboom|Knock Off|p2a: Toxicroak\n|-resisted|p2a: Toxicroak\n|-damage|p2a: Toxicroak|76/100\n|-damage|p1a: Rillaboom|5/100|[from] item: Rocky Helmet|[of] p2a: Toxicroak\n|-enditem|p2a: Toxicroak|Rocky Helmet|[from] move: Knock Off|[of] p1a: Rillaboom\n|\n|-weather|RainDance|[upkeep]\n|-heal|p2a: Toxicroak|89/100|[from] ability: Dry Skin\n|-heal|p1a: Rillaboom|11/100|[from] Grassy Terrain\n|-heal|p2a: Toxicroak|95/100|[from] Grassy Terrain\n|upkeep\n|turn|13\n|\n|t:|1771229417\n|move|p1a: Rillaboom|Knock Off|p2a: Toxicroak\n|-resisted|p2a: Toxicroak\n|-damage|p2a: Toxicroak|80/100\n|move|p2a: Toxicroak|Toxic|p1a: Rillaboom\n|-status|p1a: Rillaboom|tox\n|\n|-weather|RainDance|[upkeep]\n|-heal|p2a: Toxicroak|92/100|[from] ability: Dry Skin\n|-heal|p1a: Rillaboom|17/100 tox|[from] Grassy Terrain\n|-heal|p2a: Toxicroak|98/100|[from] Grassy Terrain\n|-damage|p1a: Rillaboom|11/100 tox|[from] psn\n|upkeep\n|turn|14\n|\n|t:|1771229422\n|move|p1a: Rillaboom|Knock Off|p2a: Toxicroak\n|-resisted|p2a: Toxicroak\n|-damage|p2a: Toxicroak|83/100\n|move|p2a: Toxicroak|Toxic|p1a: Rillaboom\n|-fail|p1a: Rillaboom|tox\n|\n|-weather|RainDance|[upkeep]\n|-heal|p2a: Toxicroak|96/100|[from] ability: Dry Skin\n|-heal|p1a: Rillaboom|17/100 tox|[from] Grassy Terrain\n|-heal|p2a: Toxicroak|100/100|[from] Grassy Terrain\n|-damage|p1a: Rillaboom|5/100 tox|[from] psn\n|upkeep\n|turn|15\n|\n|t:|1771229427\n|move|p1a: Rillaboom|Knock Off|p2a: Toxicroak\n|-resisted|p2a: Toxicroak\n|-damage|p2a: Toxicroak|85/100\n|move|p2a: Toxicroak|Drain Punch|p1a: Rillaboom\n|-damage|p1a: Rillaboom|0 fnt\n|-heal|p2a: Toxicroak|86/100|[from] drain|[of] p1a: Rillaboom\n|faint|p1a: Rillaboom\n|\n|-weather|RainDance|[upkeep]\n|-heal|p2a: Toxicroak|99/100|[from] ability: Dry Skin\n|-heal|p2a: Toxicroak|100/100|[from] Grassy Terrain\n|upkeep\n|\n|t:|1771229433\n|switch|p1a: Primarina|Primarina, M|100/100\n|turn|16\n|\n|t:|1771229437\n|move|p2a: Toxicroak|Toxic|p1a: Primarina\n|-status|p1a: Primarina|tox\n|move|p1a: Primarina|Substitute|p1a: Primarina\n|-start|p1a: Primarina|Substitute\n|-damage|p1a: Primarina|76/100 tox\n|\n|-weather|none\n|-heal|p1a: Primarina|82/100 tox|[from] Grassy Terrain\n|-heal|p1a: Primarina|88/100 tox|[from] item: Leftovers\n|-damage|p1a: Primarina|82/100 tox|[from] psn\n|-fieldend|move: Grassy Terrain\n|upkeep\n|turn|17\n|\n|t:|1771229441\n|move|p2a: Toxicroak|Encore|p1a: Primarina\n|-start|p1a: Primarina|Encore\n|move|p1a: Primarina|Substitute|p1a: Primarina\n|-fail|p1a: Primarina|move: Substitute\n|\n|-heal|p1a: Primarina|88/100 tox|[from] item: Leftovers\n|-damage|p1a: Primarina|76/100 tox|[from] psn\n|upkeep\n|turn|18\n|\n|t:|1771229446\n|switch|p1a: Slowking|Slowking-Galar, F, tera:Grass|51/100\n|move|p2a: Toxicroak|Toxic|p1a: Slowking\n|-status|p1a: Slowking|tox\n|\n|-damage|p1a: Slowking|45/100 tox|[from] psn\n|upkeep\n|turn|19\n|\n|t:|1771229451\n|move|p2a: Toxicroak|Knock Off|p1a: Slowking\n|-crit|p1a: Slowking\n|-damage|p1a: Slowking|8/100 tox\n|-enditem|p1a: Slowking|Heavy-Duty Boots|[from] move: Knock Off|[of] p2a: Toxicroak\n|-prepare|p1a: Slowking|Chilly Reception|[premajor]\n|move|p1a: Slowking|Chilly Reception|p1a: Slowking\n|-weather|Snowscape\n|\n|t:|1771229453\n|switch|p1a: Regidrago|Regidrago|100/100|[from] Chilly Reception\n|\n|-weather|Snowscape|[upkeep]\n|upkeep\n|turn|20\n|\n|t:|1771229463\n|switch|p2a: Pelipper|Pelipper, F|84/100\n|-weather|RainDance|[from] ability: Drizzle|[of] p2a: Pelipper\n|move|p1a: Regidrago|Dragon Energy|p2a: Pelipper\n|-damage|p2a: Pelipper|0 fnt\n|faint|p2a: Pelipper\n|\n|-weather|RainDance|[upkeep]\n|upkeep\n|\n|t:|1771229466\n|switch|p2a: Barraskewda|Barraskewda, F|88/100 psn\n|turn|21\n|\n|t:|1771229472\n|switch|p1a: Slowking|Slowking-Galar, F, tera:Grass|42/100 tox\n|-terastallize|p2a: Barraskewda|Water\n|move|p2a: Barraskewda|Flip Turn|p1a: Slowking\n|-resisted|p1a: Slowking\n|-damage|p1a: Slowking|0 fnt\n|faint|p1a: Slowking\n|\n|t:|1771229481\n|switch|p2a: Iron Treads|Iron Treads|75/100|[from] Flip Turn\n|\n|-weather|RainDance|[upkeep]\n|-heal|p2a: Iron Treads|81/100|[from] item: Leftovers\n|upkeep\n|\n|t:|1771229483\n|switch|p1a: Primarina|Primarina, M|76/100 tox\n|turn|22\n|\n|t:|1771229491\n|move|p2a: Iron Treads|Earthquake|p1a: Primarina\n|-damage|p1a: Primarina|27/100 tox\n|move|p1a: Primarina|Moonblast|p2a: Iron Treads\n|-resisted|p2a: Iron Treads\n|-damage|p2a: Iron Treads|59/100\n|\n|-weather|RainDance|[upkeep]\n|-heal|p2a: Iron Treads|65/100|[from] item: Leftovers\n|-heal|p1a: Primarina|33/100 tox|[from] item: Leftovers\n|-damage|p1a: Primarina|27/100 tox|[from] psn\n|upkeep\n|turn|23\n|\n|t:|1771229498\n|move|p2a: Iron Treads|Volt Switch|p1a: Primarina\n|-supereffective|p1a: Primarina\n|-damage|p1a: Primarina|7/100 tox\n|\n|t:|1771229501\n|-end|p2a: Iron Treads|Quark Drive|[silent]\n|switch|p2a: Zapdos|Zapdos|31/100|[from] Volt Switch\n|move|p1a: Primarina|Moonblast|p2a: Zapdos\n|-damage|p2a: Zapdos|0 fnt\n|faint|p2a: Zapdos\n|\n|-weather|RainDance|[upkeep]\n|-heal|p1a: Primarina|13/100 tox|[from] item: Leftovers\n|-damage|p1a: Primarina|1/100 tox|[from] psn\n|upkeep\n|\n|t:|1771229505\n|switch|p2a: Barraskewda|Barraskewda, F, tera:Water|88/100 psn\n|turn|24\n|\n|t:|1771229513\n|move|p2a: Barraskewda|Flip Turn|p1a: Primarina\n|-resisted|p1a: Primarina\n|-damage|p1a: Primarina|0 fnt\n|faint|p1a: Primarina\n|\n|t:|1771229516\n|switch|p2a: Iron Treads|Iron Treads|65/100|[from] Flip Turn\n|\n|-weather|RainDance|[upkeep]\n|-heal|p2a: Iron Treads|71/100|[from] item: Leftovers\n|upkeep\n|\n|t:|1771229518\n|switch|p1a: Regidrago|Regidrago|100/100\n|turn|25\n|-message|bh.babiri forfeited.\n|\n|win|3idk\n|raw|bh.babiri's rating: 1732 &rarr; <strong>1717</strong><br />(-15 for losing)\n|raw|3idk's rating: 1815 &rarr; <strong>1830</strong><br />(+15 for winning)\n|l|☆bh.babiri\n|player|p1|\n|l| nonchalantbufalant\n|l|☆3idk\n|player|p2|\n|j|☆3idk\n|player|p2|3idk|cynthia-masters|\n|l|☆3idk\n|player|p2|\n", "uploadtime": 1771229649, "views": 8, "formatid": "gen9ou", "rating": 1717, "private": 0, "password": null}