{"id": "gen9ou-2647716557", "format": "[Gen 9] OU", "players": ["temporarylight", "omari p"], "log": "|j|☆temporarylight\n|j|☆omari p\n|t:|1783800844\n|gametype|singles\n|player|p1|temporarylight|jogger|\n|player|p2|omari p|pokemonrangerf|\n|gen|9\n|tier|[Gen 9] OU\n|rule|HP Percentage Mod: HP is shown in percentages\n|rule|Endless Battle Clause: Forcing endless battles is banned\n|rule|Species Clause: Limit one of each Pokémon\n|rule|OHKO Clause: OHKO moves are banned\n|rule|Evasion Items Clause: Evasion items are banned\n|rule|Evasion Moves Clause: Evasion moves are banned\n|rule|Evasion Abilities Clause: Evasion abilities are banned\n|rule|Sleep Moves Clause: Sleep-inducing moves are banned\n|clearpoke\n|poke|p1|Zamazenta-*|\n|poke|p1|Samurott-Hisui, F|\n|poke|p1|Landorus-Therian, M|\n|poke|p1|Gholdengo|\n|poke|p1|Glimmora, F|\n|poke|p1|Kyurem|\n|poke|p2|Deoxys-Speed|\n|poke|p2|Darkrai|\n|poke|p2|Iron Valiant|\n|poke|p2|Zamazenta-*|\n|poke|p2|Dragonite, F|\n|poke|p2|Dragapult, F|\n|teampreview\n|inactive|Battle timer is ON: inactive players will automatically lose when time's up. (requested by omari p)\n|\n|t:|1783800870\n|teamsize|p1|6\n|teamsize|p2|6\n|start\n|switch|p1a: Samurott|Samurott-Hisui, F|100/100\n|switch|p2a: Darkrai|Darkrai|100/100\n|turn|1\n|\n|t:|1783800884\n|switch|p1a: Glimmora|Glimmora, F|100/100\n|move|p2a: Darkrai|Focus Blast|p1a: Glimmora\n|-damage|p1a: Glimmora|52/100\n|-enditem|p1a: Glimmora|Red Card|[of] p2a: Darkrai\n|drag|p2a: Zamazenta|Zamazenta|100/100\n|-ability|p2a: Zamazenta|Dauntless Shield|boost\n|-boost|p2a: Zamazenta|def|1\n|\n|upkeep\n|turn|2\n|j| malama aina\n|c|☆omari p|!dt glimmora\n|c|☆omari p|/raw <div class=\"message\"><ul class=\"utilichart\"><li class=\"result\"><span class=\"col numcol\">OU</span> <span class=\"col iconcol\"><psicon pokemon=\"glimmora\"/></span> <span class=\"col pokemonnamecol\" style=\"white-space:nowrap\"><a href=\"https://dex.pokemonshowdown.com/pokemon/glimmora\" target=\"_blank\">Glimmora</a></span> <span class=\"col typecol\"><img src=\"https://play.pokemonshowdown.com/sprites/types/Rock.png\" alt=\"Rock\" height=\"14\" width=\"32\"><img src=\"https://play.pokemonshowdown.com/sprites/types/Poison.png\" alt=\"Poison\" height=\"14\" width=\"32\"></span> <span style=\"float:left;min-height:26px\"><span class=\"col abilitycol\">Toxic Debris</span><span class=\"col abilitycol\"><em>Corrosion</em></span></span><span style=\"float:left;min-height:26px\"><span class=\"col statcol\"><em>HP</em><br />83</span> <span class=\"col statcol\"><em>Atk</em><br />55</span> <span class=\"col statcol\"><em>Def</em><br />90</span> <span class=\"col statcol\"><em>SpA</em><br />130</span> <span class=\"col statcol\"><em>SpD</em><br />81</span> <span class=\"col statcol\"><em>Spe</em><br />86</span> <span class=\"col bstcol\"><em>BST<br />525</em></span> </span></li><li style=\"clear:both\"></li></ul></div>\n|c|☆omari p|/raw <font size=\"1\"><font color=\"#686868\">Dex#:</font> 970&nbsp;|&ThickSpace;<font color=\"#686868\">Gen:</font> 9&nbsp;|&ThickSpace;<font color=\"#686868\">Height:</font> 1.5 m&nbsp;|&ThickSpace;<font color=\"#686868\">Weight:</font> 45 kg <em>(60 BP)</em>&nbsp;|&ThickSpace;<font color=\"#686868\">Dex Colour:</font> Blue&nbsp;|&ThickSpace;<font color=\"#686868\">Egg Group(s):</font> Mineral&nbsp;|&ThickSpace;<font color=\"#686868\">Pre-Evolution:</font> Glimmet&nbsp;|&ThickSpace;<font color=\"#686868\">Does Not Evolve</font></font>\n\n|\n|t:|1783800910\n|move|p2a: Zamazenta|Body Press|p1a: Glimmora\n|-damage|p1a: Glimmora|4/100\n|-activate|p1a: Glimmora|ability: Toxic Debris\n|-sidestart|p2: omari p|move: Toxic Spikes\n|move|p1a: Glimmora|Spikes|p2a: Zamazenta\n|-sidestart|p2: omari p|Spikes\n|\n|upkeep\n|turn|3\n|\n|t:|1783800914\n|switch|p1a: Landorus|Landorus-Therian, M|100/100\n|-ability|p1a: Landorus|Intimidate|boost\n|-unboost|p2a: Zamazenta|atk|1\n|move|p2a: Zamazenta|Body Press|p1a: Landorus\n|-resisted|p1a: Landorus\n|-damage|p1a: Landorus|78/100\n|-damage|p2a: Zamazenta|84/100|[from] item: Rocky Helmet|[of] p1a: Landorus\n|\n|-heal|p2a: Zamazenta|90/100|[from] item: Leftovers\n|upkeep\n|turn|4\n|c|☆omari p|ya i wasnt sure\n|c|☆omari p|if that killed\n|\n|t:|1783800921\n|move|p2a: Zamazenta|Iron Defense|p2a: Zamazenta\n|-boost|p2a: Zamazenta|def|2\n|move|p1a: Landorus|Earth Power|p2a: Zamazenta\n|-damage|p2a: Zamazenta|63/100\n|\n|-heal|p2a: Zamazenta|70/100|[from] item: Leftovers\n|upkeep\n|turn|5\n|\n|t:|1783800927\n|move|p2a: Zamazenta|Body Press|p1a: Landorus\n|-resisted|p1a: Landorus\n|-damage|p1a: Landorus|40/100\n|-damage|p2a: Zamazenta|53/100|[from] item: Rocky Helmet|[of] p1a: Landorus\n|move|p1a: Landorus|Earth Power|p2a: Zamazenta\n|-damage|p2a: Zamazenta|29/100\n|\n|-heal|p2a: Zamazenta|35/100|[from] item: Leftovers\n|upkeep\n|turn|6\n|\n|t:|1783800931\n|switch|p1a: Glimmora|Glimmora, F|4/100\n|move|p2a: Zamazenta|Body Press|p1a: Glimmora\n|-damage|p1a: Glimmora|0 fnt\n|-activate|p1a: Glimmora|ability: Toxic Debris\n|-sidestart|p2: omari p|move: Toxic Spikes\n|faint|p1a: Glimmora\n|\n|-heal|p2a: Zamazenta|41/100|[from] item: Leftovers\n|upkeep\n|\n|t:|1783800933\n|switch|p1a: Gholdengo|Gholdengo|100/100\n|turn|7\n|\n|t:|1783800936\n|move|p1a: Gholdengo|Shadow Ball|p2a: Zamazenta\n|-damage|p2a: Zamazenta|6/100\n|move|p2a: Zamazenta|Heavy Slam|p1a: Gholdengo\n|-resisted|p1a: Gholdengo\n|-damage|p1a: Gholdengo|89/100\n|\n|-heal|p2a: Zamazenta|12/100|[from] item: Leftovers\n|upkeep\n|turn|8\n|\n|t:|1783800939\n|move|p1a: Gholdengo|Shadow Ball|p2a: Zamazenta\n|-damage|p2a: Zamazenta|0 fnt\n|faint|p2a: Zamazenta\n|\n|upkeep\n|\n|t:|1783800941\n|switch|p2a: Darkrai|Darkrai|100/100\n|-status|p2a: Darkrai|tox\n|-damage|p2a: Darkrai|88/100 tox|[from] Spikes\n|turn|9\n|\n|t:|1783800948\n|switch|p1a: Landorus|Landorus-Therian, M|40/100\n|-ability|p1a: Landorus|Intimidate|boost\n|-unboost|p2a: Darkrai|atk|1\n|-terastallize|p2a: Darkrai|Poison\n|move|p2a: Darkrai|Focus Blast|p1a: Landorus\n|-resisted|p1a: Landorus\n|-damage|p1a: Landorus|8/100\n|-damage|p2a: Darkrai|78/100 tox|[from] item: Life Orb\n|\n|-damage|p2a: Darkrai|72/100 tox|[from] psn\n|upkeep\n|turn|10\n|\n|t:|1783800952\n|move|p2a: Darkrai|Dark Pulse|p1a: Landorus\n|-damage|p1a: Landorus|0 fnt\n|faint|p1a: Landorus\n|-damage|p2a: Darkrai|62/100 tox|[from] item: Life Orb\n|\n|-damage|p2a: Darkrai|50/100 tox|[from] psn\n|upkeep\n|\n|t:|1783800955\n|switch|p1a: Samurott|Samurott-Hisui, F|100/100\n|turn|11\n|\n|t:|1783800958\n|switch|p2a: Dragonite|Dragonite, F|100/100\n|move|p1a: Samurott|Sucker Punch||[still]\n|-fail|p1a: Samurott\n|\n|upkeep\n|turn|12\n|\n|t:|1783800963\n|switch|p2a: Darkrai|Darkrai, tera:Poison|50/100 tox\n|-sideend|p2: omari p|move: Toxic Spikes|[of] p2a: Darkrai\n|-damage|p2a: Darkrai|38/100 tox|[from] Spikes\n|move|p1a: Samurott|Ceaseless Edge|p2a: Darkrai\n|-damage|p2a: Darkrai|0 fnt\n|-sidestart|p2: omari p|Spikes\n|faint|p2a: Darkrai\n|\n|upkeep\n|\n|t:|1783800967\n|switch|p2a: Iron Valiant|Iron Valiant|100/100\n|-damage|p2a: Iron Valiant|84/100|[from] Spikes\n|-enditem|p2a: Iron Valiant|Booster Energy\n|-activate|p2a: Iron Valiant|ability: Quark Drive|[fromitem]\n|-start|p2a: Iron Valiant|quarkdrivespe\n|turn|13\n|\n|t:|1783800979\n|switch|p1a: Gholdengo|Gholdengo|89/100\n|move|p2a: Iron Valiant|Encore|p1a: Gholdengo\n|-immune|p1a: Gholdengo|[from] ability: Good as Gold\n|\n|upkeep\n|turn|14\n|\n|t:|1783800983\n|move|p2a: Iron Valiant|Shadow Ball|p1a: Gholdengo\n|-supereffective|p1a: Gholdengo\n|-crit|p1a: Gholdengo\n|-damage|p1a: Gholdengo|3/100\n|move|p1a: Gholdengo|Make It Rain|p2a: Iron Valiant\n|-supereffective|p2a: Iron Valiant\n|-damage|p2a: Iron Valiant|0 fnt\n|-unboost|p1a: Gholdengo|spa|1\n|faint|p2a: Iron Valiant\n|-end|p2a: Iron Valiant|Quark Drive|[silent]\n|\n|upkeep\n|inactive|omari p has 270 seconds left.\n|c|☆omari p|hm\n|inactive|omari p has 240 seconds left.\n|\n|t:|1783801044\n|switch|p2a: Dragonite|Dragonite, F|100/100\n|turn|15\n|\n|t:|1783801058\n|switch|p1a: Zamazenta|Zamazenta|100/100\n|-ability|p1a: Zamazenta|Dauntless Shield|boost\n|-boost|p1a: Zamazenta|def|1\n|move|p2a: Dragonite|Dragon Dance|p2a: Dragonite\n|-boost|p2a: Dragonite|atk|1\n|-boost|p2a: Dragonite|spe|1\n|\n|upkeep\n|turn|16\n|inactive|omari p has 240 seconds left.\n|\n|t:|1783801103\n|switch|p2a: Deoxys|Deoxys-Speed|100/100\n|-damage|p2a: Deoxys|84/100|[from] Spikes\n|-ability|p2a: Deoxys|Pressure\n|move|p1a: Zamazenta|Crunch|p2a: Deoxys\n|-supereffective|p2a: Deoxys\n|-damage|p2a: Deoxys|0 fnt\n|faint|p2a: Deoxys\n|-damage|p1a: Zamazenta|91/100|[from] item: Life Orb\n|\n|upkeep\n|c|☆omari p|goddamn it\n|c|☆omari p|lmao\n|\n|t:|1783801113\n|switch|p2a: Dragapult|Dragapult, F|100/100\n|-damage|p2a: Dragapult|84/100|[from] Spikes\n|turn|17\n|c|☆temporarylight|ngl\n|c|☆temporarylight|i pathed thinking it was idef\n|c|☆temporarylight|but i forgot it was lorb\n|c|☆omari p|u brought it in\n|inactive|omari p has 210 seconds left.\n|c|☆omari p|like u were iron defense\n|\n|t:|1783801139\n|switch|p1a: Samurott|Samurott-Hisui, F|100/100\n|move|p2a: Dragapult|Draco Meteor|p1a: Samurott\n|-damage|p1a: Samurott|0 fnt\n|-unboost|p2a: Dragapult|spa|2\n|faint|p1a: Samurott\n|-damage|p2a: Dragapult|74/100|[from] item: Life Orb\n|\n|upkeep\n|c|☆temporarylight|yeah\n|\n|t:|1783801148\n|switch|p1a: Kyurem|Kyurem|100/100\n|-ability|p1a: Kyurem|Pressure\n|turn|18\n|\n|t:|1783801157\n|move|p2a: Dragapult|Dragon Darts|p1a: Kyurem\n|-supereffective|p1a: Kyurem\n|-damage|p1a: Kyurem|43/100\n|-anim|p2a: Dragapult|Dragon Darts|p1a: Kyurem\n|-supereffective|p1a: Kyurem\n|-damage|p1a: Kyurem|0 fnt\n|faint|p1a: Kyurem\n|-damage|p2a: Dragapult|65/100|[from] item: Life Orb\n|\n|upkeep\n|\n|t:|1783801160\n|switch|p1a: Gholdengo|Gholdengo|3/100\n|turn|19\n|c|☆omari p|rewarded\n|c|☆temporarylight|im dumb lol\n|inactive|omari p has 210 seconds left.\n|inactive|omari p has 180 seconds left.\n|\n|t:|1783801232\n|switch|p2a: Dragonite|Dragonite, F|100/100\n|move|p1a: Gholdengo|Make It Rain|p2a: Dragonite\n|-damage|p2a: Dragonite|69/100\n|-unboost|p1a: Gholdengo|spa|1\n|\n|upkeep\n|turn|20\n|\n|t:|1783801238\n|switch|p1a: Zamazenta|Zamazenta|91/100\n|move|p2a: Dragonite|Dragon Dance|p2a: Dragonite\n|-boost|p2a: Dragonite|atk|1\n|-boost|p2a: Dragonite|spe|1\n|\n|upkeep\n|turn|21\n|\n|t:|1783801245\n|move|p1a: Zamazenta|Stone Edge|p2a: Dragonite\n|-supereffective|p2a: Dragonite\n|-damage|p2a: Dragonite|0 fnt\n|faint|p2a: Dragonite\n|-damage|p1a: Zamazenta|81/100|[from] item: Life Orb\n|\n|upkeep\n|\n|t:|1783801247\n|switch|p2a: Dragapult|Dragapult, F|65/100\n|-damage|p2a: Dragapult|48/100|[from] Spikes\n|turn|22\n|\n|t:|1783801250\n|move|p2a: Dragapult|Draco Meteor|p1a: Zamazenta\n|-damage|p1a: Zamazenta|22/100\n|-unboost|p2a: Dragapult|spa|2\n|-damage|p2a: Dragapult|38/100|[from] item: Life Orb\n|move|p1a: Zamazenta|Crunch|p2a: Dragapult\n|-supereffective|p2a: Dragapult\n|-damage|p2a: Dragapult|0 fnt\n|faint|p2a: Dragapult\n|-damage|p1a: Zamazenta|12/100|[from] item: Life Orb\n|\n|win|temporarylight\n|c|☆omari p|gg\n|c|☆omari p|how much\n|c|☆temporarylight|why didnt u just save nite\n|c|☆omari p|does ghold hit 1.5\n|c|☆omari p|i watned to see i could get past\n|c|☆temporarylight|yeah u coulda if u just saved multiscale\n|c|☆temporarylight|and dd on choiced attack\n|c|☆temporarylight|439 speed\n|l|☆omari p\n|player|p2|\n", "uploadtime": 1783802514, "views": 4, "formatid": "gen9ou", "rating": null, "private": 0, "password": null}