{"id": "gen9ou-2540452197", "format": "[Gen 9] OU", "players": ["a grassy glide", "wattdog21"], "log": "|j|☆a grassy glide\n|j|☆wattdog21\n|t:|1771203771\n|gametype|singles\n|player|p1|a grassy glide|workerice|1531\n|player|p2|wattdog21|volkner|1610\n|gen|9\n|tier|[Gen 9] OU\n|rated|\n|rule|HP Percentage Mod: HP is shown in percentages\n|rule|Endless Battle Clause: Forcing endless battles is banned\n|rule|Species Clause: Limit one of each Pokémon\n|rule|OHKO Clause: OHKO moves are banned\n|rule|Evasion Items Clause: Evasion items are banned\n|rule|Evasion Moves Clause: Evasion moves are banned\n|rule|Evasion Abilities Clause: Evasion abilities are banned\n|rule|Sleep Moves Clause: Sleep-inducing moves are banned\n|clearpoke\n|poke|p1|Ogerpon-Wellspring, F|\n|poke|p1|Great Tusk|\n|poke|p1|Kingambit, M|\n|poke|p1|Iron Valiant|\n|poke|p1|Heatran, M|\n|poke|p1|Rillaboom, F|\n|poke|p2|Tyranitar, M|\n|poke|p2|Corviknight, F|\n|poke|p2|Clodsire, F|\n|poke|p2|Gliscor, M|\n|poke|p2|Scizor, M|\n|poke|p2|Heatran, M|\n|teampreview\n|inactive|Battle timer is ON: inactive players will automatically lose when time's up. (requested by wattdog21)\n|inactive|a grassy glide also wants the timer to be on.\n|\n|t:|1771203784\n|teamsize|p1|6\n|teamsize|p2|6\n|start\n|switch|p1a: Rillaboom|Rillaboom, F|100/100\n|switch|p2a: Scizor|Scizor, M|100/100\n|-fieldstart|move: Grassy Terrain|[from] ability: Grassy Surge|[of] p1a: Rillaboom\n|turn|1\n|\n|t:|1771203787\n|switch|p1a: Great Tusk|Great Tusk|100/100\n|move|p2a: Scizor|U-turn|p1a: Great Tusk\n|-resisted|p1a: Great Tusk\n|-damage|p1a: Great Tusk|87/100\n|-damage|p2a: Scizor|84/100|[from] item: Rocky Helmet|[of] p1a: Great Tusk\n|\n|t:|1771203795\n|switch|p2a: Corviknight|Corviknight, F|100/100|[from] U-turn\n|\n|-heal|p1a: Great Tusk|94/100|[from] Grassy Terrain\n|upkeep\n|turn|2\n|\n|t:|1771203800\n|-end|p1a: Great Tusk|Protosynthesis|[silent]\n|switch|p1a: Heatran|Heatran, M|100/100\n|move|p2a: Corviknight|Iron Defense|p2a: Corviknight\n|-boost|p2a: Corviknight|def|2\n|\n|upkeep\n|turn|3\n|\n|t:|1771203809\n|switch|p2a: Heatran|Heatran, M|100/100\n|-item|p2a: Heatran|Air Balloon\n|move|p1a: Heatran|Magma Storm|p2a: Heatran\n|-start|p2a: Heatran|ability: Flash Fire\n|\n|upkeep\n|turn|4\n|\n|t:|1771203814\n|move|p1a: Heatran|Stealth Rock|p2a: Heatran\n|-sidestart|p2: wattdog21|move: Stealth Rock\n|move|p2a: Heatran|Earth Power|p1a: Heatran\n|-supereffective|p1a: Heatran\n|-damage|p1a: Heatran|20/100\n|\n|-heal|p1a: Heatran|26/100|[from] Grassy Terrain\n|-heal|p1a: Heatran|32/100|[from] item: Leftovers\n|upkeep\n|turn|5\n|\n|t:|1771203819\n|switch|p1a: Ogerpon|Ogerpon-Wellspring, F|100/100\n|move|p2a: Heatran|Earth Power|p1a: Ogerpon\n|-resisted|p1a: Ogerpon\n|-damage|p1a: Ogerpon|81/100\n|-unboost|p1a: Ogerpon|spd|1\n|\n|-heal|p1a: Ogerpon|87/100|[from] Grassy Terrain\n|-fieldend|move: Grassy Terrain\n|upkeep\n|turn|6\n|\n|t:|1771203834\n|-terastallize|p2a: Heatran|Grass\n|move|p1a: Ogerpon|Ivy Cudgel|p2a: Heatran|[anim] Ivy Cudgel Water\n|-resisted|p2a: Heatran\n|-damage|p2a: Heatran|78/100\n|-enditem|p2a: Heatran|Air Balloon\n|move|p2a: Heatran|Flamethrower|p1a: Ogerpon\n|-damage|p1a: Ogerpon|0 fnt\n|faint|p1a: Ogerpon\n|\n|upkeep\n|\n|t:|1771203854\n|switch|p1a: Rillaboom|Rillaboom, F|100/100\n|-fieldstart|move: Grassy Terrain|[from] ability: Grassy Surge|[of] p1a: Rillaboom\n|turn|7\n|\n|t:|1771203857\n|move|p1a: Rillaboom|U-turn|p2a: Heatran\n|-supereffective|p2a: Heatran\n|-damage|p2a: Heatran|15/100\n|\n|t:|1771203859\n|switch|p1a: Heatran|Heatran, M|32/100|[from] U-turn\n|move|p2a: Heatran|Flamethrower|p1a: Heatran\n|-start|p1a: Heatran|ability: Flash Fire\n|\n|-heal|p1a: Heatran|38/100|[from] Grassy Terrain\n|-heal|p1a: Heatran|45/100|[from] item: Leftovers\n|-heal|p2a: Heatran|21/100|[from] Grassy Terrain\n|upkeep\n|turn|8\n|\n|t:|1771203877\n|-terastallize|p1a: Heatran|Grass\n|move|p1a: Heatran|Stealth Rock||[still]\n|-fail|p1a: Heatran\n|move|p2a: Heatran|Earth Power|p1a: Heatran\n|-resisted|p1a: Heatran\n|-damage|p1a: Heatran|33/100\n|\n|-heal|p1a: Heatran|39/100|[from] Grassy Terrain\n|-heal|p1a: Heatran|46/100|[from] item: Leftovers\n|-heal|p2a: Heatran|27/100|[from] Grassy Terrain\n|upkeep\n|turn|9\n|c|☆a grassy glide|whoops\n|\n|t:|1771203905\n|-end|p2a: Heatran|ability: Flash Fire|[silent]\n|switch|p2a: Gliscor|Gliscor, M|100/100\n|-damage|p2a: Gliscor|88/100|[from] Stealth Rock\n|move|p1a: Heatran|Earth Power|p2a: Gliscor\n|-immune|p2a: Gliscor\n|\n|-heal|p1a: Heatran|52/100|[from] Grassy Terrain\n|-heal|p1a: Heatran|58/100|[from] item: Leftovers\n|-status|p2a: Gliscor|tox|[from] item: Toxic Orb\n|upkeep\n|turn|10\n|\n|t:|1771203923\n|-end|p1a: Heatran|ability: Flash Fire|[silent]\n|switch|p1a: Kingambit|Kingambit, M|100/100\n|-activate|p1a: Kingambit|ability: Supreme Overlord\n|-start|p1a: Kingambit|fallen1|[silent]\n|move|p2a: Gliscor|Ice Fang|p1a: Kingambit\n|-resisted|p1a: Kingambit\n|-damage|p1a: Kingambit|94/100\n|\n|-heal|p1a: Kingambit|99/100|[from] Grassy Terrain\n|-heal|p1a: Kingambit|100/100|[from] item: Leftovers\n|-heal|p2a: Gliscor|100/100 tox|[from] ability: Poison Heal\n|upkeep\n|turn|11\n|\n|t:|1771203930\n|switch|p2a: Corviknight|Corviknight, F|100/100\n|-damage|p2a: Corviknight|88/100|[from] Stealth Rock\n|move|p1a: Kingambit|Swords Dance|p1a: Kingambit\n|-boost|p1a: Kingambit|atk|2\n|\n|-fieldend|move: Grassy Terrain\n|upkeep\n|turn|12\n|\n|t:|1771203937\n|-end|p1a: Kingambit|fallen1|[silent]\n|switch|p1a: Great Tusk|Great Tusk|94/100\n|move|p2a: Corviknight|Iron Defense|p2a: Corviknight\n|-boost|p2a: Corviknight|def|2\n|\n|upkeep\n|turn|13\n|\n|t:|1771203942\n|move|p1a: Great Tusk|Bulk Up|p1a: Great Tusk\n|-boost|p1a: Great Tusk|atk|1\n|-boost|p1a: Great Tusk|def|1\n|move|p2a: Corviknight|Defog|p1a: Great Tusk\n|-unboost|p1a: Great Tusk|evasion|1\n|-sideend|p2: wattdog21|Stealth Rock|[from] move: Defog|[of] p2a: Corviknight\n|\n|upkeep\n|turn|14\n|\n|t:|1771203947\n|-end|p1a: Great Tusk|Protosynthesis|[silent]\n|switch|p1a: Iron Valiant|Iron Valiant|100/100\n|-enditem|p1a: Iron Valiant|Booster Energy\n|-activate|p1a: Iron Valiant|ability: Quark Drive|[fromitem]\n|-start|p1a: Iron Valiant|quarkdrivespe\n|move|p2a: Corviknight|Iron Defense|p2a: Corviknight\n|-boost|p2a: Corviknight|def|2\n|\n|upkeep\n|turn|15\n|\n|t:|1771203952\n|move|p1a: Iron Valiant|Encore|p2a: Corviknight\n|-start|p2a: Corviknight|Encore\n|move|p2a: Corviknight|Iron Defense|p2a: Corviknight\n|-boost|p2a: Corviknight|def|2\n|\n|upkeep\n|turn|16\n|\n|t:|1771203955\n|switch|p2a: Clodsire|Clodsire, F|100/100\n|move|p1a: Iron Valiant|Shadow Ball|p2a: Clodsire\n|-damage|p2a: Clodsire|86/100\n|\n|-heal|p2a: Clodsire|93/100|[from] item: Black Sludge\n|upkeep\n|turn|17\n|\n|t:|1771203963\n|-end|p1a: Iron Valiant|Quark Drive|[silent]\n|switch|p1a: Rillaboom|Rillaboom, F|100/100\n|-fieldstart|move: Grassy Terrain|[from] ability: Grassy Surge|[of] p1a: Rillaboom\n|move|p2a: Clodsire|Toxic|p1a: Rillaboom\n|-status|p1a: Rillaboom|tox\n|\n|-heal|p2a: Clodsire|99/100|[from] Grassy Terrain\n|-heal|p2a: Clodsire|100/100|[from] item: Black Sludge\n|-damage|p1a: Rillaboom|94/100 tox|[from] psn\n|upkeep\n|turn|18\n|\n|t:|1771203970\n|switch|p1a: Heatran|Heatran, M, tera:Grass|58/100\n|switch|p2a: Corviknight|Corviknight, F|88/100\n|\n|-heal|p1a: Heatran|64/100|[from] Grassy Terrain\n|-heal|p1a: Heatran|70/100|[from] item: Leftovers\n|upkeep\n|turn|19\n|\n|t:|1771203987\n|switch|p2a: Heatran|Heatran, M, tera:Grass|27/100\n|move|p1a: Heatran|Stealth Rock|p2a: Heatran\n|-sidestart|p2: wattdog21|move: Stealth Rock\n|\n|-heal|p1a: Heatran|77/100|[from] Grassy Terrain\n|-heal|p1a: Heatran|83/100|[from] item: Leftovers\n|-heal|p2a: Heatran|34/100|[from] Grassy Terrain\n|upkeep\n|turn|20\n|\n|t:|1771203993\n|move|p1a: Heatran|Earth Power|p2a: Heatran\n|-resisted|p2a: Heatran\n|-damage|p2a: Heatran|24/100\n|move|p2a: Heatran|Flash Cannon|p1a: Heatran\n|-damage|p1a: Heatran|52/100\n|\n|-heal|p1a: Heatran|59/100|[from] Grassy Terrain\n|-heal|p1a: Heatran|65/100|[from] item: Leftovers\n|-heal|p2a: Heatran|30/100|[from] Grassy Terrain\n|upkeep\n|turn|21\n|\n|t:|1771204004\n|move|p1a: Heatran|Earth Power|p2a: Heatran\n|-resisted|p2a: Heatran\n|-damage|p2a: Heatran|19/100\n|move|p2a: Heatran|Flash Cannon|p1a: Heatran\n|-crit|p1a: Heatran\n|-damage|p1a: Heatran|23/100\n|\n|-heal|p1a: Heatran|30/100|[from] Grassy Terrain\n|-heal|p1a: Heatran|36/100|[from] item: Leftovers\n|-heal|p2a: Heatran|25/100|[from] Grassy Terrain\n|-fieldend|move: Grassy Terrain\n|upkeep\n|turn|22\n|j| Samurajen\n|\n|t:|1771204015\n|switch|p1a: Kingambit|Kingambit, M|100/100\n|-activate|p1a: Kingambit|ability: Supreme Overlord\n|-start|p1a: Kingambit|fallen1|[silent]\n|move|p2a: Heatran|Flash Cannon|p1a: Kingambit\n|-resisted|p1a: Kingambit\n|-damage|p1a: Kingambit|79/100\n|\n|-heal|p1a: Kingambit|85/100|[from] item: Leftovers\n|upkeep\n|turn|23\n|\n|t:|1771204021\n|move|p1a: Kingambit|Sucker Punch|p2a: Heatran\n|-crit|p2a: Heatran\n|-damage|p2a: Heatran|0 fnt\n|faint|p2a: Heatran\n|\n|-heal|p1a: Kingambit|92/100|[from] item: Leftovers\n|upkeep\n|\n|t:|1771204024\n|switch|p2a: Corviknight|Corviknight, F|88/100\n|-damage|p2a: Corviknight|75/100|[from] Stealth Rock\n|turn|24\n|j| Nikator98\n|\n|t:|1771204029\n|-end|p1a: Kingambit|fallen1|[silent]\n|switch|p1a: Iron Valiant|Iron Valiant|100/100\n|move|p2a: Corviknight|Body Press|p1a: Iron Valiant\n|-resisted|p1a: Iron Valiant\n|-damage|p1a: Iron Valiant|84/100\n|\n|upkeep\n|turn|25\n|l| Nikator98\n|\n|t:|1771204034\n|move|p1a: Iron Valiant|Shadow Ball|p2a: Corviknight\n|-damage|p2a: Corviknight|48/100\n|-ability|p2a: Corviknight|Mirror Armor\n|-unboost|p1a: Iron Valiant|spd|1\n|move|p2a: Corviknight|Defog|p1a: Iron Valiant\n|-unboost|p1a: Iron Valiant|evasion|1\n|-sideend|p2: wattdog21|Stealth Rock|[from] move: Defog|[of] p2a: Corviknight\n|\n|upkeep\n|turn|26\n|\n|t:|1771204043\n|-end|p1a: Iron Valiant|Quark Drive|[silent]\n|switch|p1a: Rillaboom|Rillaboom, F|94/100 tox\n|-fieldstart|move: Grassy Terrain|[from] ability: Grassy Surge|[of] p1a: Rillaboom\n|switch|p2a: Tyranitar|Tyranitar, M|100/100\n|-weather|Sandstorm|[from] ability: Sand Stream|[of] p2a: Tyranitar\n|\n|-weather|Sandstorm|[upkeep]\n|-damage|p1a: Rillaboom|88/100 tox|[from] Sandstorm\n|-heal|p1a: Rillaboom|94/100 tox|[from] Grassy Terrain\n|-damage|p1a: Rillaboom|88/100 tox|[from] psn\n|upkeep\n|turn|27\n|\n|t:|1771204047\n|switch|p2a: Corviknight|Corviknight, F|48/100\n|move|p1a: Rillaboom|U-turn|p2a: Corviknight\n|-resisted|p2a: Corviknight\n|-damage|p2a: Corviknight|42/100\n|-damage|p1a: Rillaboom|72/100 tox|[from] item: Rocky Helmet|[of] p2a: Corviknight\n|\n|t:|1771204054\n|switch|p1a: Heatran|Heatran, M, tera:Grass|36/100|[from] U-turn\n|\n|-weather|Sandstorm|[upkeep]\n|-damage|p1a: Heatran|30/100|[from] Sandstorm\n|-heal|p1a: Heatran|36/100|[from] Grassy Terrain\n|-heal|p1a: Heatran|42/100|[from] item: Leftovers\n|upkeep\n|turn|28\n|\n|t:|1771204056\n|switch|p2a: Clodsire|Clodsire, F|100/100\n|move|p1a: Heatran|Magma Storm|p2a: Clodsire|[miss]\n|-miss|p1a: Heatran|p2a: Clodsire\n|\n|-weather|Sandstorm|[upkeep]\n|-damage|p1a: Heatran|36/100|[from] Sandstorm\n|-heal|p1a: Heatran|42/100|[from] Grassy Terrain\n|-heal|p1a: Heatran|48/100|[from] item: Leftovers\n|upkeep\n|turn|29\n|\n|t:|1771204059\n|move|p1a: Heatran|Taunt|p2a: Clodsire\n|-start|p2a: Clodsire|move: Taunt\n|cant|p2a: Clodsire|move: Taunt|Toxic\n|\n|-weather|Sandstorm|[upkeep]\n|-damage|p1a: Heatran|42/100|[from] Sandstorm\n|-heal|p1a: Heatran|48/100|[from] Grassy Terrain\n|-heal|p1a: Heatran|54/100|[from] item: Leftovers\n|upkeep\n|turn|30\n|\n|t:|1771204070\n|switch|p2a: Tyranitar|Tyranitar, M|100/100\n|move|p1a: Heatran|Stealth Rock|p2a: Tyranitar\n|-sidestart|p2: wattdog21|move: Stealth Rock\n|\n|-weather|Sandstorm|[upkeep]\n|-damage|p1a: Heatran|48/100|[from] Sandstorm\n|-heal|p1a: Heatran|54/100|[from] Grassy Terrain\n|-heal|p1a: Heatran|61/100|[from] item: Leftovers\n|-fieldend|move: Grassy Terrain\n|upkeep\n|turn|31\n|\n|t:|1771204074\n|switch|p1a: Rillaboom|Rillaboom, F|72/100 tox\n|-fieldstart|move: Grassy Terrain|[from] ability: Grassy Surge|[of] p1a: Rillaboom\n|move|p2a: Tyranitar|Dragon Dance|p2a: Tyranitar\n|-boost|p2a: Tyranitar|atk|1\n|-boost|p2a: Tyranitar|spe|1\n|\n|-weather|Sandstorm|[upkeep]\n|-damage|p1a: Rillaboom|66/100 tox|[from] Sandstorm\n|-heal|p1a: Rillaboom|72/100 tox|[from] Grassy Terrain\n|-damage|p1a: Rillaboom|66/100 tox|[from] psn\n|upkeep\n|turn|32\n|\n|t:|1771204079\n|move|p1a: Rillaboom|Grassy Glide|p2a: Tyranitar\n|-supereffective|p2a: Tyranitar\n|-damage|p2a: Tyranitar|2/100\n|move|p2a: Tyranitar|Dragon Dance|p2a: Tyranitar\n|-boost|p2a: Tyranitar|atk|1\n|-boost|p2a: Tyranitar|spe|1\n|\n|-weather|Sandstorm|[upkeep]\n|-damage|p1a: Rillaboom|59/100 tox|[from] Sandstorm\n|-heal|p2a: Tyranitar|9/100|[from] Grassy Terrain\n|-heal|p1a: Rillaboom|66/100 tox|[from] Grassy Terrain\n|-damage|p1a: Rillaboom|53/100 tox|[from] psn\n|upkeep\n|turn|33\n|\n|t:|1771204086\n|switch|p2a: Corviknight|Corviknight, F|42/100\n|-damage|p2a: Corviknight|29/100|[from] Stealth Rock\n|move|p1a: Rillaboom|Grassy Glide|p2a: Corviknight\n|-resisted|p2a: Corviknight\n|-damage|p2a: Corviknight|21/100\n|-damage|p1a: Rillaboom|37/100 tox|[from] item: Rocky Helmet|[of] p2a: Corviknight\n|\n|-weather|none\n|-heal|p1a: Rillaboom|43/100 tox|[from] Grassy Terrain\n|-damage|p1a: Rillaboom|25/100 tox|[from] psn\n|upkeep\n|turn|34\n|\n|t:|1771204090\n|switch|p1a: Heatran|Heatran, M, tera:Grass|61/100\n|move|p2a: Corviknight|Roost|p2a: Corviknight\n|-heal|p2a: Corviknight|71/100\n|-singleturn|p2a: Corviknight|move: Roost\n|\n|-heal|p1a: Heatran|67/100|[from] Grassy Terrain\n|-heal|p1a: Heatran|73/100|[from] item: Leftovers\n|-heal|p2a: Corviknight|77/100|[from] Grassy Terrain\n|upkeep\n|turn|35\n|\n|t:|1771204099\n|switch|p2a: Clodsire|Clodsire, F|100/100\n|-damage|p2a: Clodsire|94/100|[from] Stealth Rock\n|move|p1a: Heatran|Magma Storm|p2a: Clodsire\n|-damage|p2a: Clodsire|71/100\n|-activate|p2a: Clodsire|move: Magma Storm|[of] p1a: Heatran\n|\n|-heal|p1a: Heatran|79/100|[from] Grassy Terrain\n|-heal|p1a: Heatran|85/100|[from] item: Leftovers\n|-heal|p2a: Clodsire|77/100|[from] Grassy Terrain\n|-heal|p2a: Clodsire|83/100|[from] item: Black Sludge\n|-damage|p2a: Clodsire|71/100|[from] move: Magma Storm|[partiallytrapped]\n|-fieldend|move: Grassy Terrain\n|upkeep\n|turn|36\n|\n|t:|1771204105\n|move|p1a: Heatran|Taunt|p2a: Clodsire\n|-start|p2a: Clodsire|move: Taunt\n|move|p2a: Clodsire|Earthquake|p1a: Heatran\n|-resisted|p1a: Heatran\n|-damage|p1a: Heatran|74/100\n|\n|-heal|p1a: Heatran|80/100|[from] item: Leftovers\n|-heal|p2a: Clodsire|77/100|[from] item: Black Sludge\n|-damage|p2a: Clodsire|65/100|[from] move: Magma Storm|[partiallytrapped]\n|upkeep\n|turn|37\n|\n|t:|1771204112\n|move|p1a: Heatran|Earth Power|p2a: Clodsire\n|-supereffective|p2a: Clodsire\n|-damage|p2a: Clodsire|39/100\n|move|p2a: Clodsire|Earthquake|p1a: Heatran\n|-resisted|p1a: Heatran\n|-damage|p1a: Heatran|69/100\n|\n|-heal|p1a: Heatran|75/100|[from] item: Leftovers\n|-heal|p2a: Clodsire|45/100|[from] item: Black Sludge\n|-damage|p2a: Clodsire|32/100|[from] move: Magma Storm|[partiallytrapped]\n|upkeep\n|turn|38\n|\n|t:|1771204118\n|move|p1a: Heatran|Earth Power|p2a: Clodsire\n|-supereffective|p2a: Clodsire\n|-damage|p2a: Clodsire|4/100\n|move|p2a: Clodsire|Earthquake|p1a: Heatran\n|-resisted|p1a: Heatran\n|-damage|p1a: Heatran|63/100\n|\n|-heal|p1a: Heatran|70/100|[from] item: Leftovers\n|-heal|p2a: Clodsire|11/100|[from] item: Black Sludge\n|-damage|p2a: Clodsire|0 fnt|[from] move: Magma Storm|[partiallytrapped]\n|faint|p2a: Clodsire\n|upkeep\n|\n|t:|1771204129\n|switch|p2a: Scizor|Scizor, M|84/100\n|-damage|p2a: Scizor|71/100|[from] Stealth Rock\n|turn|39\n|\n|t:|1771204134\n|switch|p1a: Great Tusk|Great Tusk|94/100\n|move|p2a: Scizor|U-turn|p1a: Great Tusk\n|-resisted|p1a: Great Tusk\n|-damage|p1a: Great Tusk|78/100\n|-damage|p2a: Scizor|55/100|[from] item: Rocky Helmet|[of] p1a: Great Tusk\n|j| Nikator98\n|l| Nikator98\n|\n|t:|1771204140\n|switch|p2a: Corviknight|Corviknight, F|77/100|[from] U-turn\n|-damage|p2a: Corviknight|64/100|[from] Stealth Rock\n|\n|upkeep\n|turn|40\n|\n|t:|1771204143\n|-end|p1a: Great Tusk|Protosynthesis|[silent]\n|switch|p1a: Heatran|Heatran, M, tera:Grass|70/100\n|move|p2a: Corviknight|Defog|p1a: Heatran\n|-unboost|p1a: Heatran|evasion|1\n|-sideend|p2: wattdog21|Stealth Rock|[from] move: Defog|[of] p2a: Corviknight\n|\n|-heal|p1a: Heatran|76/100|[from] item: Leftovers\n|upkeep\n|turn|41\n|\n|t:|1771204157\n|switch|p2a: Tyranitar|Tyranitar, M|9/100\n|-weather|Sandstorm|[from] ability: Sand Stream|[of] p2a: Tyranitar\n|move|p1a: Heatran|Stealth Rock|p2a: Tyranitar\n|-sidestart|p2: wattdog21|move: Stealth Rock\n|\n|-weather|Sandstorm|[upkeep]\n|-damage|p1a: Heatran|70/100|[from] Sandstorm\n|-heal|p1a: Heatran|76/100|[from] item: Leftovers\n|upkeep\n|turn|42\n|\n|t:|1771204165\n|switch|p1a: Great Tusk|Great Tusk|78/100\n|move|p2a: Tyranitar|Knock Off|p1a: Great Tusk\n|-resisted|p1a: Great Tusk\n|-damage|p1a: Great Tusk|66/100\n|-damage|p2a: Tyranitar|0 fnt|[from] item: Rocky Helmet|[of] p1a: Great Tusk\n|faint|p2a: Tyranitar\n|\n|-weather|Sandstorm|[upkeep]\n|upkeep\n|\n|t:|1771204171\n|switch|p2a: Scizor|Scizor, M|55/100\n|-damage|p2a: Scizor|42/100|[from] Stealth Rock\n|turn|43\n|\n|t:|1771204174\n|move|p1a: Great Tusk|Earthquake|p2a: Scizor\n|-damage|p2a: Scizor|0 fnt\n|faint|p2a: Scizor\n|\n|-weather|Sandstorm|[upkeep]\n|upkeep\n|\n|t:|1771204180\n|switch|p2a: Gliscor|Gliscor, M|100/100 tox\n|-damage|p2a: Gliscor|88/100 tox|[from] Stealth Rock\n|turn|44\n|\n|t:|1771204183\n|move|p2a: Gliscor|Swords Dance|p2a: Gliscor\n|-boost|p2a: Gliscor|atk|2\n|move|p1a: Great Tusk|Ice Spinner|p2a: Gliscor\n|-supereffective|p2a: Gliscor\n|-damage|p2a: Gliscor|0 fnt\n|faint|p2a: Gliscor\n|\n|-weather|Sandstorm|[upkeep]\n|upkeep\n|-message|wattdog21 forfeited.\n|\n|win|a grassy glide\n|raw|a grassy glide's rating: 1531 &rarr; <strong>1555</strong><br />(+24 for winning)\n|raw|wattdog21's rating: 1610 &rarr; <strong>1586</strong><br />(-24 for losing)\n|l|☆wattdog21\n|player|p2|\n|c|☆a grassy glide|gg\n", "uploadtime": 1771204281, "views": 10, "formatid": "gen9ou", "rating": 1555, "private": 0, "password": null}