{"id": "gen9ou-2639241072", "format": "[Gen 9] OU", "players": ["PiggLad", "GyaradosDragon"], "log": "|j|☆PiggLad\n|j|‽GyaradosDragon\n|t:|1782439107\n|gametype|singles\n|player|p1|PiggLad|grimsley-gen7|1733\n|player|p2|GyaradosDragon|pokemonrangerf-gen4|1715\n|gen|9\n|tier|[Gen 9] OU\n|rated|\n|rule|HP Percentage Mod: HP is shown in percentages\n|rule|Endless Battle Clause: Forcing endless battles is banned\n|rule|Species Clause: Limit one of each Pokémon\n|rule|OHKO Clause: OHKO moves are banned\n|rule|Evasion Items Clause: Evasion items are banned\n|rule|Evasion Moves Clause: Evasion moves are banned\n|rule|Evasion Abilities Clause: Evasion abilities are banned\n|rule|Sleep Moves Clause: Sleep-inducing moves are banned\n|clearpoke\n|poke|p1|Tyranitar, M|\n|poke|p1|Hydrapple, M|\n|poke|p1|Enamorus, F|\n|poke|p1|Garganacl, F|\n|poke|p1|Excadrill, M|\n|poke|p1|Alomomola, F|\n|poke|p2|Ninetales-Alola, M|\n|poke|p2|Klefki, M|\n|poke|p2|Maushold-Four|\n|poke|p2|Latias, F|\n|poke|p2|Okidogi, M|\n|poke|p2|Ogerpon-Wellspring, F|\n|teampreview\n|j| Floois\n|inactive|Battle timer is ON: inactive players will automatically lose when time's up. (requested by GyaradosDragon)\n|\n|t:|1782439118\n|teamsize|p1|6\n|teamsize|p2|6\n|start\n|switch|p1a: Jevils To This|Garganacl, F, shiny|100/100\n|switch|p2a: Klefki|Klefki, M|100/100\n|turn|1\n|\n|t:|1782439121\n|move|p2a: Klefki|Reflect|p2a: Klefki\n|-sidestart|p2: GyaradosDragon|Reflect\n|move|p1a: Jevils To This|Salt Cure|p2a: Klefki\n|-resisted|p2a: Klefki\n|-damage|p2a: Klefki|97/100\n|-start|p2a: Klefki|Salt Cure\n|\n|-damage|p2a: Klefki|72/100|[from] Salt Cure\n|upkeep\n|turn|2\n|\n|t:|1782439124\n|move|p2a: Klefki|Light Screen|p2a: Klefki\n|-sidestart|p2: GyaradosDragon|move: Light Screen\n|move|p1a: Jevils To This|Stealth Rock|p2a: Klefki\n|-sidestart|p2: GyaradosDragon|move: Stealth Rock\n|\n|-damage|p2a: Klefki|47/100|[from] Salt Cure\n|upkeep\n|turn|3\n|\n|t:|1782439128\n|move|p2a: Klefki|Spikes|p1a: Jevils To This\n|-sidestart|p1: PiggLad|Spikes\n|move|p1a: Jevils To This|Salt Cure|p2a: Klefki\n|-resisted|p2a: Klefki\n|-damage|p2a: Klefki|44/100\n|\n|-damage|p2a: Klefki|19/100|[from] Salt Cure\n|upkeep\n|turn|4\n|\n|t:|1782439130\n|move|p2a: Klefki|Spikes|p1a: Jevils To This\n|-sidestart|p1: PiggLad|Spikes\n|move|p1a: Jevils To This|Salt Cure|p2a: Klefki\n|-resisted|p2a: Klefki\n|-damage|p2a: Klefki|15/100\n|\n|-damage|p2a: Klefki|0 fnt|[from] Salt Cure\n|faint|p2a: Klefki\n|upkeep\n|\n|t:|1782439133\n|switch|p2a: Okidogi|Okidogi, M|100/100\n|-damage|p2a: Okidogi|94/100|[from] Stealth Rock\n|turn|5\n|\n|t:|1782439143\n|move|p2a: Okidogi|Bulk Up|p2a: Okidogi\n|-boost|p2a: Okidogi|atk|1\n|-boost|p2a: Okidogi|def|1\n|move|p1a: Jevils To This|Salt Cure|p2a: Okidogi\n|-resisted|p2a: Okidogi\n|-damage|p2a: Okidogi|93/100\n|-start|p2a: Okidogi|Salt Cure\n|\n|-heal|p2a: Okidogi|99/100|[from] item: Leftovers\n|-damage|p2a: Okidogi|86/100|[from] Salt Cure\n|upkeep\n|turn|6\n|l| Floois\n|j| St.Peewee\n|inactive|PiggLad has 120 seconds left.\n|\n|t:|1782439179\n|switch|p1a: Alo Cortisol|Alomomola, F|100/100\n|-damage|p1a: Alo Cortisol|84/100|[from] Spikes\n|move|p2a: Okidogi|Bulk Up|p2a: Okidogi\n|-boost|p2a: Okidogi|atk|1\n|-boost|p2a: Okidogi|def|1\n|\n|-heal|p2a: Okidogi|92/100|[from] item: Leftovers\n|-damage|p2a: Okidogi|80/100|[from] Salt Cure\n|upkeep\n|turn|7\n|\n|t:|1782439182\n|move|p2a: Okidogi|Bulk Up|p2a: Okidogi\n|-boost|p2a: Okidogi|atk|1\n|-boost|p2a: Okidogi|def|1\n|move|p1a: Alo Cortisol|Scald|p2a: Okidogi\n|-damage|p2a: Okidogi|73/100\n|\n|-heal|p2a: Okidogi|79/100|[from] item: Leftovers\n|-damage|p2a: Okidogi|67/100|[from] Salt Cure\n|upkeep\n|turn|8\n|\n|t:|1782439187\n|move|p2a: Okidogi|Drain Punch|p1a: Alo Cortisol\n|-damage|p1a: Alo Cortisol|16/100\n|-heal|p2a: Okidogi|100/100|[from] drain|[of] p1a: Alo Cortisol\n|move|p1a: Alo Cortisol|Scald|p2a: Okidogi\n|-damage|p2a: Okidogi|93/100\n|-status|p2a: Okidogi|brn\n|\n|-heal|p2a: Okidogi|99/100 brn|[from] item: Leftovers\n|-damage|p2a: Okidogi|93/100 brn|[from] brn\n|-damage|p2a: Okidogi|81/100 brn|[from] Salt Cure\n|-sideend|p2: GyaradosDragon|Reflect\n|upkeep\n|turn|9\n|\n|t:|1782439192\n|move|p2a: Okidogi|Bulk Up|p2a: Okidogi\n|-boost|p2a: Okidogi|atk|1\n|-boost|p2a: Okidogi|def|1\n|move|p1a: Alo Cortisol|Flip Turn|p2a: Okidogi\n|-crit|p2a: Okidogi\n|-damage|p2a: Okidogi|60/100 brn\n|\n|t:|1782439202\n|switch|p1a: Let The Goons Out|Hydrapple, M, shiny|100/100|[from] Flip Turn\n|-damage|p1a: Let The Goons Out|84/100|[from] Spikes\n|\n|-heal|p2a: Okidogi|67/100 brn|[from] item: Leftovers\n|-damage|p2a: Okidogi|60/100 brn|[from] brn\n|-damage|p2a: Okidogi|48/100 brn|[from] Salt Cure\n|-sideend|p2: GyaradosDragon|move: Light Screen\n|upkeep\n|turn|10\n|\n|t:|1782439210\n|-terastallize|p1a: Let The Goons Out|Poison\n|move|p2a: Okidogi|Facade|p1a: Let The Goons Out\n|-damage|p1a: Let The Goons Out|0 fnt\n|-damage|p2a: Okidogi|32/100 brn|[from] item: Rocky Helmet|[of] p1a: Let The Goons Out\n|faint|p1a: Let The Goons Out\n|\n|-heal|p2a: Okidogi|38/100 brn|[from] item: Leftovers\n|-damage|p2a: Okidogi|32/100 brn|[from] brn\n|-damage|p2a: Okidogi|19/100 brn|[from] Salt Cure\n|upkeep\n|j| Beauszl\n|\n|t:|1782439219\n|switch|p1a: ExGon'SpinIntoYa|Excadrill, M|100/100\n|-damage|p1a: ExGon'SpinIntoYa|84/100|[from] Spikes\n|turn|11\n|\n|t:|1782439223\n|-terastallize|p2a: Okidogi|Normal\n|move|p1a: ExGon'SpinIntoYa|Earthquake|p2a: Okidogi\n|-damage|p2a: Okidogi|5/100 brn\n|move|p2a: Okidogi|Drain Punch|p1a: ExGon'SpinIntoYa\n|-supereffective|p1a: ExGon'SpinIntoYa\n|-damage|p1a: ExGon'SpinIntoYa|0 fnt\n|-heal|p2a: Okidogi|45/100 brn|[from] drain|[of] p1a: ExGon'SpinIntoYa\n|faint|p1a: ExGon'SpinIntoYa\n|\n|-heal|p2a: Okidogi|51/100 brn|[from] item: Leftovers\n|-damage|p2a: Okidogi|45/100 brn|[from] brn\n|-damage|p2a: Okidogi|33/100 brn|[from] Salt Cure\n|upkeep\n|l| St.Peewee\n|\n|t:|1782439230\n|switch|p1a: Larpin Diddy Foid|Enamorus, F|100/100\n|turn|12\n|\n|t:|1782439236\n|move|p1a: Larpin Diddy Foid|Moonblast|p2a: Okidogi\n|-damage|p2a: Okidogi|0 fnt\n|faint|p2a: Okidogi\n|\n|upkeep\n|\n|t:|1782439246\n|switch|p2a: Maushold|Maushold-Four|100/100\n|-damage|p2a: Maushold|88/100|[from] Stealth Rock\n|turn|13\n|\n|t:|1782439253\n|move|p1a: Larpin Diddy Foid|Moonblast|p2a: Maushold\n|-damage|p2a: Maushold|14/100\n|move|p2a: Maushold|Population Bomb|p1a: Larpin Diddy Foid\n|-damage|p1a: Larpin Diddy Foid|83/100\n|-damage|p1a: Larpin Diddy Foid|62/100\n|-damage|p1a: Larpin Diddy Foid|41/100\n|-damage|p1a: Larpin Diddy Foid|22/100\n|-damage|p1a: Larpin Diddy Foid|4/100\n|-damage|p1a: Larpin Diddy Foid|0 fnt\n|faint|p1a: Larpin Diddy Foid\n|-hitcount|p1: Larpin Diddy Foid|6\n|\n|upkeep\n|\n|t:|1782439262\n|switch|p1a: Jevils To This|Garganacl, F, shiny|100/100\n|-damage|p1a: Jevils To This|84/100|[from] Spikes\n|turn|14\n|\n|t:|1782439267\n|move|p1a: Jevils To This|Protect|p1a: Jevils To This\n|-singleturn|p1a: Jevils To This|Protect\n|move|p2a: Maushold|Population Bomb|p1a: Jevils To This\n|-activate|p1a: Jevils To This|move: Protect\n|\n|-heal|p1a: Jevils To This|90/100|[from] item: Leftovers\n|upkeep\n|turn|15\n|\n|t:|1782439269\n|move|p2a: Maushold|Encore|p1a: Jevils To This\n|-start|p1a: Jevils To This|Encore\n|move|p1a: Jevils To This|Protect||[still]\n|-fail|p1a: Jevils To This\n|\n|-heal|p1a: Jevils To This|96/100|[from] item: Leftovers\n|upkeep\n|turn|16\n|\n|t:|1782439271\n|move|p1a: Jevils To This|Protect|p1a: Jevils To This\n|-singleturn|p1a: Jevils To This|Protect\n|move|p2a: Maushold|Tidy Up|p2a: Maushold\n|-sideend|p2: GyaradosDragon|Stealth Rock\n|-sideend|p1: PiggLad|Spikes\n|-activate|p2a: Maushold|move: Tidy Up\n|-boost|p2a: Maushold|atk|1\n|-boost|p2a: Maushold|spe|1\n|\n|-heal|p1a: Jevils To This|100/100|[from] item: Leftovers\n|upkeep\n|turn|17\n|\n|t:|1782439274\n|switch|p1a: WhoBEdginTheyStone|Tyranitar, M|100/100\n|-weather|Sandstorm|[from] ability: Sand Stream|[of] p1a: WhoBEdginTheyStone\n|move|p2a: Maushold|Tidy Up|p2a: Maushold\n|-boost|p2a: Maushold|atk|1\n|-boost|p2a: Maushold|spe|1\n|\n|-weather|Sandstorm|[upkeep]\n|-damage|p2a: Maushold|8/100|[from] Sandstorm\n|upkeep\n|turn|18\n|\n|t:|1782439281\n|switch|p1a: Alo Cortisol|Alomomola, F|49/100\n|move|p2a: Maushold|Population Bomb|p1a: Alo Cortisol\n|-damage|p1a: Alo Cortisol|33/100\n|-damage|p1a: Alo Cortisol|17/100\n|-damage|p1a: Alo Cortisol|2/100\n|-crit|p1a: Alo Cortisol\n|-damage|p1a: Alo Cortisol|0 fnt\n|faint|p1a: Alo Cortisol\n|-hitcount|p1: Alo Cortisol|4\n|\n|-weather|Sandstorm|[upkeep]\n|-damage|p2a: Maushold|2/100|[from] Sandstorm\n|upkeep\n|\n|t:|1782439283\n|switch|p1a: Jevils To This|Garganacl, F, shiny|100/100\n|turn|19\n|\n|t:|1782439286\n|switch|p2a: Ogerpon|Ogerpon-Wellspring, F|100/100\n|move|p1a: Jevils To This|Protect||[still]\n|-fail|p1a: Jevils To This\n|\n|-weather|Sandstorm|[upkeep]\n|-damage|p2a: Ogerpon|94/100|[from] Sandstorm\n|upkeep\n|turn|20\n|\n|t:|1782439290\n|move|p2a: Ogerpon|Encore|p1a: Jevils To This\n|-start|p1a: Jevils To This|Encore\n|move|p1a: Jevils To This|Protect||[still]\n|-fail|p1a: Jevils To This\n|\n|-weather|Sandstorm|[upkeep]\n|-damage|p2a: Ogerpon|88/100|[from] Sandstorm\n|upkeep\n|turn|21\n|\n|t:|1782439291\n|switch|p1a: WhoBEdginTheyStone|Tyranitar, M|100/100\n|move|p2a: Ogerpon|Swords Dance|p2a: Ogerpon\n|-boost|p2a: Ogerpon|atk|2\n|\n|-weather|none\n|upkeep\n|turn|22\n|\n|t:|1782439293\n|move|p2a: Ogerpon|Ivy Cudgel|p1a: WhoBEdginTheyStone|[anim] Ivy Cudgel Water\n|-supereffective|p1a: WhoBEdginTheyStone\n|-damage|p1a: WhoBEdginTheyStone|0 fnt\n|faint|p1a: WhoBEdginTheyStone\n|\n|upkeep\n|-message|PiggLad forfeited.\n|\n|win|GyaradosDragon\n|raw|PiggLad's rating: 1733 &rarr; <strong>1712</strong><br />(-21 for losing)\n|raw|GyaradosDragon's rating: 1715 &rarr; <strong>1736</strong><br />(+21 for winning)\n|l|☆PiggLad\n|player|p1|\n|l| Beauszl\n", "uploadtime": 1782439491, "views": 10, "formatid": "gen9ou", "rating": 1712, "private": 0, "password": null}