{"id": "gen9ou-2639298649", "format": "[Gen 9] OU", "players": ["Hulo777", "raynee403"], "log": "|j|☆Hulo777\n|j|☆raynee403\n|t:|1782448347\n|gametype|singles\n|player|p1|Hulo777|lucas-gen4pt|1107\n|player|p2|raynee403|n|1104\n|gen|9\n|tier|[Gen 9] OU\n|rated|\n|rule|HP Percentage Mod: HP is shown in percentages\n|rule|Endless Battle Clause: Forcing endless battles is banned\n|rule|Species Clause: Limit one of each Pokémon\n|rule|OHKO Clause: OHKO moves are banned\n|rule|Evasion Items Clause: Evasion items are banned\n|rule|Evasion Moves Clause: Evasion moves are banned\n|rule|Evasion Abilities Clause: Evasion abilities are banned\n|rule|Sleep Moves Clause: Sleep-inducing moves are banned\n|clearpoke\n|poke|p1|Iron Valiant|\n|poke|p1|Rillaboom, F|\n|poke|p1|Haxorus, M|\n|poke|p1|Greninja-*, M|\n|poke|p1|Gliscor, F|\n|poke|p1|Toxtricity, F|\n|poke|p2|Kingambit, M|\n|poke|p2|Toxapex, M|\n|poke|p2|Corviknight, M|\n|poke|p2|Ting-Lu|\n|poke|p2|Gholdengo|\n|poke|p2|Clodsire, F|\n|teampreview\n|inactive|Battle timer is ON: inactive players will automatically lose when time's up. (requested by raynee403)\n|\n|t:|1782448361\n|teamsize|p1|6\n|teamsize|p2|6\n|start\n|switch|p1a: GorillaZ|Rillaboom, F|100/100\n|switch|p2a: Toxapex|Toxapex, M|100/100\n|-fieldstart|move: Grassy Terrain|[from] ability: Grassy Surge|[of] p1a: GorillaZ\n|turn|1\n|\n|t:|1782448369\n|move|p1a: GorillaZ|Swords Dance|p1a: GorillaZ\n|-boost|p1a: GorillaZ|atk|2\n|move|p2a: Toxapex|Sludge Bomb|p1a: GorillaZ\n|-supereffective|p1a: GorillaZ\n|-damage|p1a: GorillaZ|53/100\n|\n|-heal|p1a: GorillaZ|59/100|[from] Grassy Terrain\n|upkeep\n|turn|2\n|\n|t:|1782448380\n|move|p1a: GorillaZ|Wood Hammer|p2a: Toxapex\n|-damage|p2a: Toxapex|0 fnt\n|faint|p2a: Toxapex\n|-damage|p1a: GorillaZ|29/100|[from] Recoil\n|-damage|p1a: GorillaZ|20/100|[from] item: Life Orb\n|\n|-heal|p1a: GorillaZ|26/100|[from] Grassy Terrain\n|upkeep\n|\n|t:|1782448385\n|switch|p2a: Clodsire|Clodsire, F|100/100\n|turn|3\n|\n|t:|1782448392\n|move|p1a: GorillaZ|Grassy Glide|p2a: Clodsire\n|-damage|p2a: Clodsire|52/100\n|-damage|p1a: GorillaZ|16/100|[from] item: Life Orb\n|move|p2a: Clodsire|Recover|p2a: Clodsire\n|-heal|p2a: Clodsire|100/100\n|\n|-heal|p1a: GorillaZ|22/100|[from] Grassy Terrain\n|upkeep\n|turn|4\n|\n|t:|1782448402\n|move|p1a: GorillaZ|Wood Hammer|p2a: Clodsire\n|-damage|p2a: Clodsire|0 fnt\n|faint|p2a: Clodsire\n|-damage|p1a: GorillaZ|0 fnt|[from] Recoil\n|faint|p1a: GorillaZ\n|\n|upkeep\n|\n|t:|1782448416\n|switch|p1a: PunkHazard|Toxtricity, F|100/100\n|switch|p2a: Ting-Lu|Ting-Lu|100/100\n|-ability|p2a: Ting-Lu|Vessel of Ruin\n|turn|5\n|\n|t:|1782448426\n|switch|p1a: Grimm|Gliscor, F|100/100\n|move|p2a: Ting-Lu|Earthquake|p1a: Grimm\n|-immune|p1a: Grimm\n|\n|-fieldend|move: Grassy Terrain\n|-status|p1a: Grimm|tox|[from] item: Toxic Orb\n|upkeep\n|turn|6\n|\n|t:|1782448437\n|move|p1a: Grimm|Swords Dance|p1a: Grimm\n|-boost|p1a: Grimm|atk|2\n|move|p2a: Ting-Lu|Whirlwind|p1a: Grimm\n|drag|p1a: PunkHazard|Toxtricity, F|100/100\n|\n|upkeep\n|turn|7\n|\n|t:|1782448448\n|switch|p1a: Assassino|Greninja, M|100/100\n|move|p2a: Ting-Lu|Whirlwind|p1a: Assassino\n|drag|p1a: PunkHazard|Toxtricity, F|100/100\n|\n|upkeep\n|turn|8\n|\n|t:|1782448456\n|switch|p1a: Sharp|Haxorus, M|100/100\n|-ability|p1a: Sharp|Mold Breaker\n|move|p2a: Ting-Lu|Earthquake|p1a: Sharp\n|-damage|p1a: Sharp|51/100\n|\n|upkeep\n|turn|9\n|\n|t:|1782448472\n|move|p1a: Sharp|Earthquake|p2a: Ting-Lu\n|-damage|p2a: Ting-Lu|69/100\n|move|p2a: Ting-Lu|Whirlwind|p1a: Sharp\n|drag|p1a: Assassino|Greninja, M|100/100\n|\n|-heal|p2a: Ting-Lu|76/100|[from] item: Leftovers\n|upkeep\n|turn|10\n|\n|t:|1782448482\n|move|p1a: Assassino|Surf|p2a: Ting-Lu\n|-start|p1a: Assassino|typechange|Water|[from] ability: Protean\n|-supereffective|p2a: Ting-Lu\n|-damage|p2a: Ting-Lu|30/100\n|move|p2a: Ting-Lu|Earthquake|p1a: Assassino\n|-damage|p1a: Assassino|43/100\n|\n|-heal|p2a: Ting-Lu|36/100|[from] item: Leftovers\n|upkeep\n|turn|11\n|\n|t:|1782448495\n|move|p1a: Assassino|Surf|p2a: Ting-Lu\n|-supereffective|p2a: Ting-Lu\n|-damage|p2a: Ting-Lu|0 fnt\n|faint|p2a: Ting-Lu\n|\n|upkeep\n|\n|t:|1782448505\n|switch|p2a: Gholdengo|Gholdengo|100/100\n|-item|p2a: Gholdengo|Air Balloon\n|turn|12\n|\n|t:|1782448512\n|move|p1a: Assassino|Surf|p2a: Gholdengo\n|-damage|p2a: Gholdengo|50/100\n|-enditem|p2a: Gholdengo|Air Balloon\n|move|p2a: Gholdengo|Shadow Ball|p1a: Assassino\n|-damage|p1a: Assassino|0 fnt\n|faint|p1a: Assassino\n|\n|upkeep\n|\n|t:|1782448523\n|switch|p1a: Grimm|Gliscor, F|100/100 tox\n|turn|13\n|\n|t:|1782448532\n|move|p1a: Grimm|Earthquake|p2a: Gholdengo\n|-supereffective|p2a: Gholdengo\n|-damage|p2a: Gholdengo|0 fnt\n|faint|p2a: Gholdengo\n|\n|upkeep\n|\n|t:|1782448535\n|switch|p2a: Corviknight|Corviknight, M|100/100\n|-ability|p2a: Corviknight|Pressure\n|turn|14\n|\n|t:|1782448544\n|move|p1a: Grimm|Swords Dance|p1a: Grimm\n|-boost|p1a: Grimm|atk|2\n|move|p2a: Corviknight|Defog|p1a: Grimm\n|-unboost|p1a: Grimm|evasion|1\n|\n|upkeep\n|turn|15\n|\n|t:|1782448553\n|move|p1a: Grimm|Swords Dance|p1a: Grimm\n|-boost|p1a: Grimm|atk|2\n|move|p2a: Corviknight|Body Press|p1a: Grimm\n|-resisted|p1a: Grimm\n|-damage|p1a: Grimm|88/100 tox\n|\n|-heal|p1a: Grimm|99/100 tox|[from] ability: Poison Heal\n|upkeep\n|turn|16\n|\n|t:|1782448563\n|move|p1a: Grimm|Facade|p2a: Corviknight\n|-resisted|p2a: Corviknight\n|-damage|p2a: Corviknight|66/100\n|-damage|p1a: Grimm|84/100 tox|[from] item: Rocky Helmet|[of] p2a: Corviknight\n|move|p2a: Corviknight|Body Press|p1a: Grimm\n|-resisted|p1a: Grimm\n|-damage|p1a: Grimm|71/100 tox\n|\n|-heal|p1a: Grimm|83/100 tox|[from] ability: Poison Heal\n|upkeep\n|turn|17\n|\n|t:|1782448574\n|move|p1a: Grimm|Swords Dance|p1a: Grimm\n|-boost|p1a: Grimm|atk|2\n|move|p2a: Corviknight|Body Press|p1a: Grimm\n|-resisted|p1a: Grimm\n|-damage|p1a: Grimm|71/100 tox\n|\n|-heal|p1a: Grimm|83/100 tox|[from] ability: Poison Heal\n|upkeep\n|turn|18\n|\n|t:|1782448584\n|move|p1a: Grimm|Dual Wingbeat|p2a: Corviknight\n|-resisted|p2a: Corviknight\n|-damage|p2a: Corviknight|46/100\n|-damage|p1a: Grimm|67/100 tox|[from] item: Rocky Helmet|[of] p2a: Corviknight\n|-resisted|p2a: Corviknight\n|-damage|p2a: Corviknight|25/100\n|-damage|p1a: Grimm|50/100 tox|[from] item: Rocky Helmet|[of] p2a: Corviknight\n|-hitcount|p2a: Corviknight|2\n|move|p2a: Corviknight|Body Press|p1a: Grimm\n|-resisted|p1a: Grimm\n|-damage|p1a: Grimm|40/100 tox\n|\n|-heal|p1a: Grimm|52/100 tox|[from] ability: Poison Heal\n|upkeep\n|turn|19\n|\n|t:|1782448601\n|move|p1a: Grimm|Swords Dance|p1a: Grimm\n|-boost|p1a: Grimm|atk|0\n|move|p2a: Corviknight|Roost|p2a: Corviknight\n|-heal|p2a: Corviknight|75/100\n|-singleturn|p2a: Corviknight|move: Roost\n|\n|-heal|p1a: Grimm|64/100 tox|[from] ability: Poison Heal\n|upkeep\n|turn|20\n|\n|t:|1782448610\n|move|p1a: Grimm|Facade|p2a: Corviknight\n|-resisted|p2a: Corviknight\n|-damage|p2a: Corviknight|27/100\n|-damage|p1a: Grimm|48/100 tox|[from] item: Rocky Helmet|[of] p2a: Corviknight\n|move|p2a: Corviknight|Roost|p2a: Corviknight\n|-heal|p2a: Corviknight|77/100\n|-singleturn|p2a: Corviknight|move: Roost\n|\n|-heal|p1a: Grimm|60/100 tox|[from] ability: Poison Heal\n|upkeep\n|turn|21\n|\n|t:|1782448623\n|move|p1a: Grimm|Swords Dance|p1a: Grimm\n|-boost|p1a: Grimm|atk|0\n|move|p2a: Corviknight|Roost|p2a: Corviknight\n|-heal|p2a: Corviknight|100/100\n|-singleturn|p2a: Corviknight|move: Roost\n|\n|-heal|p1a: Grimm|72/100 tox|[from] ability: Poison Heal\n|upkeep\n|turn|22\n|\n|t:|1782448634\n|move|p1a: Grimm|Earthquake|p2a: Corviknight\n|-immune|p2a: Corviknight\n|move|p2a: Corviknight|Body Press|p1a: Grimm\n|-resisted|p1a: Grimm\n|-damage|p1a: Grimm|61/100 tox\n|\n|-heal|p1a: Grimm|73/100 tox|[from] ability: Poison Heal\n|upkeep\n|turn|23\n|inactive|raynee403 has 120 seconds left.\n|\n|t:|1782448664\n|move|p1a: Grimm|Facade|p2a: Corviknight\n|-resisted|p2a: Corviknight\n|-damage|p2a: Corviknight|51/100\n|-damage|p1a: Grimm|57/100 tox|[from] item: Rocky Helmet|[of] p2a: Corviknight\n|move|p2a: Corviknight|Body Press|p1a: Grimm\n|-resisted|p1a: Grimm\n|-damage|p1a: Grimm|45/100 tox\n|\n|-heal|p1a: Grimm|58/100 tox|[from] ability: Poison Heal\n|upkeep\n|turn|24\n|inactive|raynee403 has 120 seconds left.\n|\n|t:|1782448675\n|move|p1a: Grimm|Dual Wingbeat|p2a: Corviknight\n|-resisted|p2a: Corviknight\n|-damage|p2a: Corviknight|29/100\n|-damage|p1a: Grimm|41/100 tox|[from] item: Rocky Helmet|[of] p2a: Corviknight\n|-resisted|p2a: Corviknight\n|-damage|p2a: Corviknight|8/100\n|-damage|p1a: Grimm|25/100 tox|[from] item: Rocky Helmet|[of] p2a: Corviknight\n|-hitcount|p2a: Corviknight|2\n|move|p2a: Corviknight|Roost|p2a: Corviknight\n|-heal|p2a: Corviknight|58/100\n|-singleturn|p2a: Corviknight|move: Roost\n|\n|-heal|p1a: Grimm|37/100 tox|[from] ability: Poison Heal\n|upkeep\n|turn|25\n|-message|Hulo777 forfeited.\n|\n|win|raynee403\n|raw|Hulo777's rating: 1107 &rarr; <strong>1082</strong><br />(-25 for losing)\n|raw|raynee403's rating: 1104 &rarr; <strong>1129</strong><br />(+25 for winning)\n|l|☆Hulo777\n|player|p1|\n|l|☆raynee403\n|player|p2|\n", "uploadtime": 1782448971, "views": 3, "formatid": "gen9ou", "rating": 1082, "private": 0, "password": null}