{"id": "gen9ou-2647807445", "format": "[Gen 9] OU", "players": ["Cdgyhyfe2.0", "gigasharkellie"], "log": "|j|☆Cdgyhyfe2.0\n|j|☆gigasharkellie\n|t:|1783816089\n|gametype|singles\n|player|p1|Cdgyhyfe2.0|n|1197\n|player|p2|gigasharkellie|iris-gen5bw2|1210\n|gen|9\n|tier|[Gen 9] OU\n|rated|\n|rule|HP Percentage Mod: HP is shown in percentages\n|rule|Endless Battle Clause: Forcing endless battles is banned\n|rule|Species Clause: Limit one of each Pokémon\n|rule|OHKO Clause: OHKO moves are banned\n|rule|Evasion Items Clause: Evasion items are banned\n|rule|Evasion Moves Clause: Evasion moves are banned\n|rule|Evasion Abilities Clause: Evasion abilities are banned\n|rule|Sleep Moves Clause: Sleep-inducing moves are banned\n|clearpoke\n|poke|p1|Greninja-*, M|\n|poke|p1|Skarmory, M|\n|poke|p1|Iron Valiant|\n|poke|p1|Garchomp, M|\n|poke|p1|Ogerpon-Wellspring, F|\n|poke|p1|Great Tusk|\n|poke|p2|Cyclizar, F|\n|poke|p2|Gholdengo|\n|poke|p2|Ting-Lu|\n|poke|p2|Clawitzer, F|\n|poke|p2|Dragonite, F|\n|poke|p2|Clefable, M|\n|teampreview\n|inactive|Battle timer is ON: inactive players will automatically lose when time's up. (requested by gigasharkellie)\n|inactive|gigasharkellie has 120 seconds left.\n|\n|t:|1783816120\n|teamsize|p1|6\n|teamsize|p2|6\n|start\n|switch|p1a: Renshu|Greninja, M|100/100\n|switch|p2a: Clefable|Clefable, M|100/100\n|turn|1\n|\n|t:|1783816127\n|move|p1a: Renshu|Sludge Wave|p2a: Clefable\n|-supereffective|p2a: Clefable\n|-damage|p2a: Clefable|19/100\n|-damage|p1a: Renshu|91/100|[from] item: Life Orb\n|move|p2a: Clefable|Stealth Rock|p1a: Renshu\n|-sidestart|p1: Cdgyhyfe2.0|move: Stealth Rock\n|\n|-heal|p2a: Clefable|25/100|[from] item: Leftovers\n|upkeep\n|turn|2\n|\n|t:|1783816137\n|switch|p2a: Ting-Lu|Ting-Lu|100/100\n|-ability|p2a: Ting-Lu|Vessel of Ruin\n|move|p1a: Renshu|Sludge Wave|p2a: Ting-Lu\n|-resisted|p2a: Ting-Lu\n|-damage|p2a: Ting-Lu|91/100\n|-damage|p1a: Renshu|81/100|[from] item: Life Orb\n|\n|-heal|p2a: Ting-Lu|98/100|[from] item: Leftovers\n|upkeep\n|turn|3\n|\n|t:|1783816160\n|move|p1a: Renshu|Hydro Pump|p2a: Ting-Lu\n|-supereffective|p2a: Ting-Lu\n|-damage|p2a: Ting-Lu|37/100\n|-damage|p1a: Renshu|71/100|[from] item: Life Orb\n|move|p2a: Ting-Lu|Spikes|p1a: Renshu\n|-sidestart|p1: Cdgyhyfe2.0|Spikes\n|\n|-heal|p2a: Ting-Lu|43/100|[from] item: Leftovers\n|upkeep\n|turn|4\n|inactive|gigasharkellie has 120 seconds left.\n|\n|t:|1783816189\n|switch|p2a: Dragonite|Dragonite, F|100/100\n|move|p1a: Renshu|Hydro Pump|p2a: Dragonite\n|-resisted|p2a: Dragonite\n|-damage|p2a: Dragonite|83/100\n|-damage|p1a: Renshu|61/100|[from] item: Life Orb\n|\n|upkeep\n|turn|5\n|inactive|gigasharkellie has 120 seconds left.\n|\n|t:|1783816201\n|move|p2a: Dragonite|Extreme Speed|p1a: Renshu\n|-damage|p1a: Renshu|0 fnt\n|faint|p1a: Renshu\n|\n|upkeep\n|\n|t:|1783816211\n|switch|p1a: Boom|Great Tusk, shiny|100/100\n|-damage|p1a: Boom|98/100|[from] Stealth Rock\n|-damage|p1a: Boom|85/100|[from] Spikes\n|-enditem|p1a: Boom|Booster Energy\n|-activate|p1a: Boom|ability: Protosynthesis|[fromitem]\n|-start|p1a: Boom|protosynthesisatk\n|turn|6\n|inactive|gigasharkellie has 120 seconds left.\n|\n|t:|1783816223\n|switch|p2a: Gholdengo|Gholdengo|100/100\n|-terastallize|p1a: Boom|Ice\n|move|p1a: Boom|Ice Spinner|p2a: Gholdengo\n|-resisted|p2a: Gholdengo\n|-damage|p2a: Gholdengo|71/100\n|\n|-heal|p2a: Gholdengo|77/100|[from] item: Leftovers\n|upkeep\n|turn|7\n|inactive|gigasharkellie has 120 seconds left.\n|inactive|gigasharkellie has 90 seconds left.\n|\n|t:|1783816278\n|move|p2a: Gholdengo|Make It Rain|p1a: Boom\n|-supereffective|p1a: Boom\n|-damage|p1a: Boom|0 fnt\n|-unboost|p2a: Gholdengo|spa|1\n|faint|p1a: Boom\n|-end|p1a: Boom|Protosynthesis|[silent]\n|\n|-heal|p2a: Gholdengo|83/100|[from] item: Leftovers\n|upkeep\n|\n|t:|1783816286\n|switch|p1a: Jet|Garchomp, M, shiny|100/100\n|-damage|p1a: Jet|94/100|[from] Stealth Rock\n|-damage|p1a: Jet|82/100|[from] Spikes\n|turn|8\n|\n|t:|1783816293\n|switch|p2a: Dragonite|Dragonite, F|83/100\n|move|p1a: Jet|Earthquake|p2a: Dragonite\n|-immune|p2a: Dragonite\n|\n|upkeep\n|turn|9\n|inactive|gigasharkellie has 90 seconds left.\n|\n|t:|1783816307\n|-terastallize|p2a: Dragonite|Normal\n|move|p1a: Jet|Dragon Claw|p2a: Dragonite\n|-damage|p2a: Dragonite|32/100\n|move|p2a: Dragonite|Ice Spinner|p1a: Jet\n|-supereffective|p1a: Jet\n|-damage|p1a: Jet|0 fnt\n|-damage|p2a: Dragonite|20/100|[from] ability: Rough Skin|[of] p1a: Jet\n|faint|p1a: Jet\n|\n|upkeep\n|\n|t:|1783816318\n|switch|p1a: Versling|Iron Valiant, shiny|100/100\n|-damage|p1a: Versling|94/100|[from] Stealth Rock\n|-damage|p1a: Versling|82/100|[from] Spikes\n|-enditem|p1a: Versling|Booster Energy\n|-activate|p1a: Versling|ability: Quark Drive|[fromitem]\n|-start|p1a: Versling|quarkdrivespe\n|turn|10\n|\n|t:|1783816328\n|switch|p2a: Gholdengo|Gholdengo|83/100\n|move|p1a: Versling|Swords Dance|p1a: Versling\n|-boost|p1a: Versling|atk|2\n|\n|-heal|p2a: Gholdengo|89/100|[from] item: Leftovers\n|upkeep\n|turn|11\n|\n|t:|1783816341\n|-end|p1a: Versling|Quark Drive|[silent]\n|switch|p1a: Met|Skarmory, M, shiny|100/100\n|-damage|p1a: Met|88/100|[from] Stealth Rock\n|move|p2a: Gholdengo|Make It Rain|p1a: Met\n|-resisted|p1a: Met\n|-damage|p1a: Met|61/100\n|-unboost|p2a: Gholdengo|spa|1\n|\n|-heal|p2a: Gholdengo|95/100|[from] item: Leftovers\n|upkeep\n|turn|12\n|\n|t:|1783816344\n|move|p2a: Gholdengo|Thunder Wave|p1a: Met\n|-status|p1a: Met|par\n|move|p1a: Met|Iron Defense|p1a: Met\n|-boost|p1a: Met|def|2\n|\n|-heal|p2a: Gholdengo|100/100|[from] item: Leftovers\n|upkeep\n|turn|13\n|\n|t:|1783816351\n|switch|p2a: Clawitzer|Clawitzer, F|100/100\n|move|p1a: Met|Body Press|p2a: Clawitzer\n|-damage|p2a: Clawitzer|38/100\n|\n|upkeep\n|turn|14\n|\n|t:|1783816356\n|move|p2a: Clawitzer|Water Pulse|p1a: Met\n|-damage|p1a: Met|0 fnt\n|faint|p1a: Met\n|-damage|p2a: Clawitzer|28/100|[from] item: Life Orb\n|\n|upkeep\n|\n|t:|1783816359\n|switch|p1a: Waterpon|Ogerpon-Wellspring, F|100/100\n|-damage|p1a: Waterpon|88/100|[from] Stealth Rock\n|-damage|p1a: Waterpon|76/100|[from] Spikes\n|turn|15\n|\n|t:|1783816370\n|switch|p2a: Cyclizar|Cyclizar, F|100/100\n|move|p1a: Waterpon|Swords Dance|p1a: Waterpon\n|-boost|p1a: Waterpon|atk|2\n|\n|upkeep\n|turn|16\n|\n|t:|1783816378\n|move|p2a: Cyclizar|U-turn|p1a: Waterpon\n|-supereffective|p1a: Waterpon\n|-damage|p1a: Waterpon|25/100\n|\n|t:|1783816384\n|switch|p2a: Clawitzer|Clawitzer, F|28/100|[from] U-turn\n|move|p1a: Waterpon|Play Rough|p2a: Clawitzer\n|-damage|p2a: Clawitzer|0 fnt\n|faint|p2a: Clawitzer\n|\n|upkeep\n|\n|t:|1783816388\n|switch|p2a: Cyclizar|Cyclizar, F|100/100\n|turn|17\n|\n|t:|1783816396\n|move|p2a: Cyclizar|U-turn|p1a: Waterpon\n|-supereffective|p1a: Waterpon\n|-damage|p1a: Waterpon|0 fnt\n|faint|p1a: Waterpon\n|\n|t:|1783816399\n|switch|p2a: Gholdengo|Gholdengo|100/100|[from] U-turn\n|\n|upkeep\n|\n|t:|1783816403\n|switch|p1a: Versling|Iron Valiant, shiny|82/100\n|-damage|p1a: Versling|76/100|[from] Stealth Rock\n|-damage|p1a: Versling|63/100|[from] Spikes\n|turn|18\n|\n|t:|1783816409\n|move|p1a: Versling|Spirit Break|p2a: Gholdengo\n|-resisted|p2a: Gholdengo\n|-damage|p2a: Gholdengo|81/100\n|-unboost|p2a: Gholdengo|spa|1\n|move|p2a: Gholdengo|Make It Rain|p1a: Versling\n|-supereffective|p1a: Versling\n|-damage|p1a: Versling|0 fnt\n|-unboost|p2a: Gholdengo|spa|1\n|faint|p1a: Versling\n|-end|p1a: Versling|Quark Drive|[silent]\n|\n|win|gigasharkellie\n|raw|Cdgyhyfe2.0's rating: 1197 &rarr; <strong>1173</strong><br />(-24 for losing)\n|raw|gigasharkellie's rating: 1210 &rarr; <strong>1234</strong><br />(+24 for winning)\n|l|☆gigasharkellie\n|player|p2|\n|l|☆Cdgyhyfe2.0\n|player|p1|\n", "uploadtime": 1783816766, "views": 3, "formatid": "gen9ou", "rating": 1173, "private": 0, "password": null}