{"id": "gen9ou-2639904318", "format": "[Gen 9] OU", "players": ["Ctannn", "GummyDeino"], "log": "|j|☆Ctannn\n|j|☆GummyDeino\n|t:|1782540090\n|gametype|singles\n|player|p1|Ctannn|266|1790\n|player|p2|GummyDeino|lady|1686\n|gen|9\n|tier|[Gen 9] OU\n|rated|\n|rule|HP Percentage Mod: HP is shown in percentages\n|rule|Endless Battle Clause: Forcing endless battles is banned\n|rule|Species Clause: Limit one of each Pokémon\n|rule|OHKO Clause: OHKO moves are banned\n|rule|Evasion Items Clause: Evasion items are banned\n|rule|Evasion Moves Clause: Evasion moves are banned\n|rule|Evasion Abilities Clause: Evasion abilities are banned\n|rule|Sleep Moves Clause: Sleep-inducing moves are banned\n|clearpoke\n|poke|p1|Rillaboom, M|\n|poke|p1|Garganacl, M|\n|poke|p1|Cinderace, F|\n|poke|p1|Raging Bolt|\n|poke|p1|Slowking-Galar, M|\n|poke|p1|Landorus-Therian, M|\n|poke|p2|Dragonite, F|\n|poke|p2|Gholdengo|\n|poke|p2|Kingambit, F|\n|poke|p2|Hatterene, F|\n|poke|p2|Great Tusk|\n|poke|p2|Samurott-Hisui, F|\n|teampreview\n|inactive|Battle timer is ON: inactive players will automatically lose when time's up. (requested by GummyDeino)\n|\n|t:|1782540099\n|teamsize|p1|6\n|teamsize|p2|6\n|start\n|switch|p1a: Landorus|Landorus-Therian, M|100/100\n|switch|p2a: Dismantle|Kingambit, F, shiny|100/100\n|-ability|p1a: Landorus|Intimidate|boost\n|-unboost|p2a: Dismantle|atk|1\n|-item|p2a: Dismantle|Air Balloon\n|turn|1\n|\n|t:|1782540103\n|-end|p2a: Dismantle|fallenundefined|[silent]\n|switch|p2a: Tengen|Hatterene, F, shiny|100/100\n|move|p1a: Landorus|U-turn|p2a: Tengen\n|-damage|p2a: Tengen|83/100\n|-damage|p1a: Landorus|84/100|[from] item: Rocky Helmet|[of] p2a: Tengen\n|\n|t:|1782540106\n|switch|p1a: Slowking|Slowking-Galar, M|100/100|[from] U-turn\n|\n|upkeep\n|turn|2\n|\n|t:|1782540110\n|switch|p2a: Cleave|Samurott-Hisui, F, shiny|100/100\n|move|p1a: Slowking|Future Sight|p2a: Cleave\n|-start|p1a: Slowking|move: Future Sight\n|\n|upkeep\n|turn|3\n|\n|t:|1782540112\n|move|p2a: Cleave|Knock Off|p1a: Slowking\n|-supereffective|p1a: Slowking\n|-damage|p1a: Slowking|33/100\n|-damage|p2a: Cleave|84/100|[from] item: Rocky Helmet|[of] p1a: Slowking\n|-enditem|p1a: Slowking|Rocky Helmet|[from] move: Knock Off|[of] p2a: Cleave\n|-prepare|p1a: Slowking|Chilly Reception|[premajor]\n|move|p1a: Slowking|Chilly Reception|p1a: Slowking\n|-weather|Snowscape\n|\n|t:|1782540117\n|switch|p1a: Raging Bolt|Raging Bolt|100/100|[from] Chilly Reception\n|\n|-weather|Snowscape|[upkeep]\n|upkeep\n|turn|4\n|\n|t:|1782540121\n|switch|p2a: Behemoth|Great Tusk, shiny|100/100\n|move|p1a: Raging Bolt|Thunderbolt|p2a: Behemoth\n|-immune|p2a: Behemoth\n|\n|-weather|Snowscape|[upkeep]\n|-end|p2a: Behemoth|move: Future Sight\n|-supereffective|p2a: Behemoth\n|-damage|p2a: Behemoth|0 fnt\n|faint|p2a: Behemoth\n|-end|p2a: Behemoth|Protosynthesis|[silent]\n|upkeep\n|\n|t:|1782540132\n|switch|p2a: Hollow Purple|Dragonite, F|100/100\n|turn|5\n|\n|t:|1782540137\n|move|p2a: Hollow Purple|Outrage|p1a: Raging Bolt\n|-supereffective|p1a: Raging Bolt\n|-damage|p1a: Raging Bolt|0 fnt\n|faint|p1a: Raging Bolt\n|-end|p1a: Raging Bolt|Protosynthesis|[silent]\n|-damage|p2a: Hollow Purple|91/100|[from] item: Life Orb\n|\n|-weather|Snowscape|[upkeep]\n|upkeep\n|\n|t:|1782540140\n|switch|p1a: Landorus|Landorus-Therian, M|84/100\n|-ability|p1a: Landorus|Intimidate|boost\n|-unboost|p2a: Hollow Purple|atk|1\n|turn|6\n|\n|t:|1782540143\n|move|p2a: Hollow Purple|Outrage|p1a: Landorus|[from] lockedmove\n|-damage|p1a: Landorus|44/100\n|-damage|p2a: Hollow Purple|74/100|[from] item: Rocky Helmet|[of] p1a: Landorus\n|-damage|p2a: Hollow Purple|64/100|[from] item: Life Orb\n|-start|p2a: Hollow Purple|confusion|[fatigue]\n|move|p1a: Landorus|Weather Ball|p2a: Hollow Purple\n|-supereffective|p2a: Hollow Purple\n|-damage|p2a: Hollow Purple|0 fnt\n|faint|p2a: Hollow Purple\n|\n|-weather|Snowscape|[upkeep]\n|upkeep\n|\n|t:|1782540149\n|switch|p2a: Satoru Gholdo|Gholdengo, shiny|100/100\n|turn|7\n|j| Disscratch\n|\n|t:|1782540155\n|move|p2a: Satoru Gholdo|Shadow Ball|p1a: Landorus\n|-damage|p1a: Landorus|0 fnt\n|faint|p1a: Landorus\n|\n|-weather|none\n|upkeep\n|\n|t:|1782540157\n|switch|p1a: Cinderace|Cinderace, F|100/100\n|turn|8\n|\n|t:|1782540159\n|switch|p2a: Tengen|Hatterene, F, shiny|83/100\n|move|p1a: Cinderace|Pyro Ball|p2a: Tengen\n|-damage|p2a: Tengen|35/100\n|\n|upkeep\n|turn|9\n|\n|t:|1782540163\n|move|p1a: Cinderace|Pyro Ball|p2a: Tengen\n|-damage|p2a: Tengen|0 fnt\n|faint|p2a: Tengen\n|\n|upkeep\n|\n|t:|1782540167\n|switch|p2a: Cleave|Samurott-Hisui, F, shiny|84/100\n|turn|10\n|\n|t:|1782540170\n|switch|p2a: Satoru Gholdo|Gholdengo, shiny|100/100\n|move|p1a: Cinderace|High Jump Kick|p2a: Satoru Gholdo\n|-start|p1a: Cinderace|typechange|Fighting|[from] ability: Libero\n|-immune|p2a: Satoru Gholdo\n|-damage|p1a: Cinderace|51/100|[from] highjumpkick\n|\n|upkeep\n|turn|11\n|\n|t:|1782540176\n|switch|p1a: Slowking|Slowking-Galar, M|67/100\n|move|p2a: Satoru Gholdo|Shadow Ball|p1a: Slowking\n|-supereffective|p1a: Slowking\n|-damage|p1a: Slowking|4/100\n|\n|upkeep\n|turn|12\n|\n|t:|1782540180\n|move|p2a: Satoru Gholdo|Shadow Ball|p1a: Slowking\n|-supereffective|p1a: Slowking\n|-damage|p1a: Slowking|0 fnt\n|faint|p1a: Slowking\n|\n|upkeep\n|\n|t:|1782540182\n|switch|p1a: Garganacl|Garganacl, M|100/100\n|turn|13\n|\n|t:|1782540184\n|switch|p2a: Cleave|Samurott-Hisui, F, shiny|84/100\n|move|p1a: Garganacl|Salt Cure|p2a: Cleave\n|-damage|p2a: Cleave|68/100\n|-start|p2a: Cleave|Salt Cure\n|\n|-damage|p2a: Cleave|44/100|[from] Salt Cure\n|upkeep\n|turn|14\n|\n|t:|1782540187\n|move|p1a: Garganacl|Protect|p1a: Garganacl\n|-singleturn|p1a: Garganacl|Protect\n|move|p2a: Cleave|Razor Shell|p1a: Garganacl\n|-activate|p1a: Garganacl|move: Protect\n|\n|-damage|p2a: Cleave|19/100|[from] Salt Cure\n|upkeep\n|turn|15\n|j| pls game\n|\n|t:|1782540193\n|-terastallize|p1a: Garganacl|Water\n|move|p2a: Cleave|Knock Off|p1a: Garganacl\n|-damage|p1a: Garganacl|72/100\n|-enditem|p1a: Garganacl|Leftovers|[from] move: Knock Off|[of] p2a: Cleave\n|move|p1a: Garganacl|Curse|p1a: Garganacl\n|-unboost|p1a: Garganacl|spe|1\n|-boost|p1a: Garganacl|atk|1\n|-boost|p1a: Garganacl|def|1\n|\n|-damage|p2a: Cleave|0 fnt|[from] Salt Cure\n|faint|p2a: Cleave\n|upkeep\n|\n|t:|1782540197\n|switch|p2a: Satoru Gholdo|Gholdengo, shiny|100/100\n|turn|16\n|\n|t:|1782540199\n|move|p1a: Garganacl|Protect|p1a: Garganacl\n|-singleturn|p1a: Garganacl|Protect\n|move|p2a: Satoru Gholdo|Trick|p1a: Garganacl\n|-activate|p1a: Garganacl|move: Protect\n|\n|upkeep\n|turn|17\n|\n|t:|1782540204\n|switch|p2a: Dismantle|Kingambit, F, shiny|100/100\n|-activate|p2a: Dismantle|ability: Supreme Overlord\n|-start|p2a: Dismantle|fallen4|[silent]\n|-item|p2a: Dismantle|Air Balloon\n|switch|p1a: Cinderace|Cinderace, F|51/100\n|\n|upkeep\n|turn|18\n|\n|t:|1782540211\n|switch|p1a: Garganacl|Garganacl, M, tera:Water|72/100\n|-terastallize|p2a: Dismantle|Fire\n|move|p2a: Dismantle|Sucker Punch||[still]\n|-fail|p2a: Dismantle\n|\n|upkeep\n|turn|19\n|\n|t:|1782540217\n|move|p2a: Dismantle|Swords Dance|p2a: Dismantle\n|-boost|p2a: Dismantle|atk|2\n|move|p1a: Garganacl|Salt Cure|p2a: Dismantle\n|-supereffective|p2a: Dismantle\n|-damage|p2a: Dismantle|81/100\n|-start|p2a: Dismantle|Salt Cure\n|-enditem|p2a: Dismantle|Air Balloon\n|\n|-damage|p2a: Dismantle|68/100|[from] Salt Cure\n|upkeep\n|turn|20\n|\n|t:|1782540219\n|move|p1a: Garganacl|Protect|p1a: Garganacl\n|-singleturn|p1a: Garganacl|Protect\n|move|p2a: Dismantle|Kowtow Cleave|p1a: Garganacl\n|-activate|p1a: Garganacl|move: Protect\n|\n|-damage|p2a: Dismantle|56/100|[from] Salt Cure\n|upkeep\n|turn|21\n|\n|t:|1782540240\n|move|p1a: Garganacl|Protect||[still]\n|-fail|p1a: Garganacl\n|move|p2a: Dismantle|Kowtow Cleave|p1a: Garganacl\n|-damage|p1a: Garganacl|0 fnt\n|faint|p1a: Garganacl\n|\n|-damage|p2a: Dismantle|44/100|[from] Salt Cure\n|upkeep\n|inactive|Ctannn has 120 seconds left.\n|\n|t:|1782540256\n|switch|p1a: Cinderace|Cinderace, F|51/100\n|turn|22\n|\n|t:|1782540260\n|move|p1a: Cinderace|Court Change||[still]\n|-start|p1a: Cinderace|typechange|Normal|[from] ability: Libero\n|-fail|p1a: Cinderace\n|move|p2a: Dismantle|Kowtow Cleave|p1a: Cinderace\n|-damage|p1a: Cinderace|0 fnt\n|faint|p1a: Cinderace\n|\n|-damage|p2a: Dismantle|31/100|[from] Salt Cure\n|upkeep\n|\n|t:|1782540262\n|switch|p1a: Rillaboom|Rillaboom, M|100/100\n|-fieldstart|move: Grassy Terrain|[from] ability: Grassy Surge|[of] p1a: Rillaboom\n|turn|23\n|\n|t:|1782540273\n|move|p2a: Dismantle|Sucker Punch||[still]\n|-fail|p2a: Dismantle\n|move|p1a: Rillaboom|Swords Dance|p1a: Rillaboom\n|-boost|p1a: Rillaboom|atk|2\n|\n|-heal|p2a: Dismantle|37/100|[from] Grassy Terrain\n|-damage|p2a: Dismantle|25/100|[from] Salt Cure\n|upkeep\n|turn|24\n|\n|t:|1782540279\n|move|p1a: Rillaboom|Grassy Glide|p2a: Dismantle\n|-resisted|p2a: Dismantle\n|-damage|p2a: Dismantle|0 fnt\n|faint|p2a: Dismantle\n|-end|p2a: Dismantle|fallen4|[silent]\n|\n|upkeep\n|\n|t:|1782540281\n|switch|p2a: Satoru Gholdo|Gholdengo, shiny|100/100\n|turn|25\n|\n|t:|1782540285\n|move|p2a: Satoru Gholdo|Make It Rain|p1a: Rillaboom\n|-damage|p1a: Rillaboom|14/100\n|-unboost|p2a: Satoru Gholdo|spa|1\n|move|p1a: Rillaboom|Knock Off|p2a: Satoru Gholdo\n|-supereffective|p2a: Satoru Gholdo\n|-damage|p2a: Satoru Gholdo|0 fnt\n|-enditem|p2a: Satoru Gholdo|Choice Scarf|[from] move: Knock Off|[of] p1a: Rillaboom\n|faint|p2a: Satoru Gholdo\n|\n|win|Ctannn\n|raw|Ctannn's rating: 1790 &rarr; <strong>1804</strong><br />(+14 for winning)\n|raw|GummyDeino's rating: 1686 &rarr; <strong>1672</strong><br />(-14 for losing)\n|l|☆Ctannn\n|player|p1|\n|l|☆GummyDeino\n|player|p2|\n|l| pls game\n|l| Disscratch\n", "uploadtime": 1782540505, "views": 11, "formatid": "gen9ou", "rating": 1672, "private": 0, "password": null}