{"id": "gen9ou-2647699102", "format": "[Gen 9] OU", "players": ["dooozdzdz", "dongfanbubai"], "log": "|badge|p2|bronze|gen9ou|100-10\n|uhtml|medal-msg|<div class=\"broadcast-blue\">Curious what those medals under the avatar are? PS now has Ladder Seasons! For more information, check out the <a href=\"https://www.smogon.com/forums/threads/3740067/\">thread on Smogon.</a></div>\n|j|☆dooozdzdz\n|j|☆dongfanbubai\n|t:|1783798212\n|gametype|singles\n|player|p1|dooozdzdz|thorton|1688\n|player|p2|dongfanbubai|giovanni|1816\n|gen|9\n|tier|[Gen 9] OU\n|rated|\n|rule|HP Percentage Mod: HP is shown in percentages\n|rule|Endless Battle Clause: Forcing endless battles is banned\n|rule|Species Clause: Limit one of each Pokémon\n|rule|OHKO Clause: OHKO moves are banned\n|rule|Evasion Items Clause: Evasion items are banned\n|rule|Evasion Moves Clause: Evasion moves are banned\n|rule|Evasion Abilities Clause: Evasion abilities are banned\n|rule|Sleep Moves Clause: Sleep-inducing moves are banned\n|clearpoke\n|poke|p1|Cinderace, M|\n|poke|p1|Dragonite, F|\n|poke|p1|Gholdengo|\n|poke|p1|Glimmora, F|\n|poke|p1|Iron Valiant|\n|poke|p1|Kingambit, M|\n|poke|p2|Clodsire, F|\n|poke|p2|Toxapex, F|\n|poke|p2|Corviknight, F|\n|poke|p2|Dondozo, F|\n|poke|p2|Clefable, M|\n|poke|p2|Gliscor, F|\n|teampreview\n|inactive|Battle timer is ON: inactive players will automatically lose when time's up. (requested by dongfanbubai)\n|\n|t:|1783798234\n|teamsize|p1|6\n|teamsize|p2|6\n|start\n|switch|p1a: Kingambit|Kingambit, M|100/100\n|switch|p2a: nothing new there|Gliscor, F|100/100\n|turn|1\n|\n|t:|1783798246\n|move|p2a: nothing new there|Knock Off|p1a: Kingambit\n|-resisted|p1a: Kingambit\n|-damage|p1a: Kingambit|91/100\n|-enditem|p1a: Kingambit|Salac Berry|[from] move: Knock Off|[of] p2a: nothing new there\n|move|p1a: Kingambit|Stealth Rock|p2a: nothing new there\n|-sidestart|p2: dongfanbubai|move: Stealth Rock\n|\n|-status|p2a: nothing new there|tox|[from] item: Toxic Orb\n|upkeep\n|turn|2\n|\n|t:|1783798258\n|move|p2a: nothing new there|Knock Off|p1a: Kingambit\n|-resisted|p1a: Kingambit\n|-damage|p1a: Kingambit|86/100\n|move|p1a: Kingambit|Kowtow Cleave|p2a: nothing new there\n|-damage|p2a: nothing new there|60/100 tox\n|\n|-heal|p2a: nothing new there|72/100 tox|[from] ability: Poison Heal\n|upkeep\n|turn|3\n|\n|t:|1783798267\n|move|p2a: nothing new there|Protect|p2a: nothing new there\n|-singleturn|p2a: nothing new there|Protect\n|move|p1a: Kingambit|Kowtow Cleave|p2a: nothing new there\n|-activate|p2a: nothing new there|move: Protect\n|\n|-heal|p2a: nothing new there|85/100 tox|[from] ability: Poison Heal\n|upkeep\n|turn|4\n|\n|t:|1783798275\n|switch|p2a: take your time|Toxapex, F|100/100\n|-damage|p2a: take your time|88/100|[from] Stealth Rock\n|move|p1a: Kingambit|Kowtow Cleave|p2a: take your time\n|-damage|p2a: take your time|59/100\n|\n|-heal|p2a: take your time|66/100|[from] item: Leftovers\n|upkeep\n|turn|5\n|\n|t:|1783798285\n|move|p1a: Kingambit|Kowtow Cleave|p2a: take your time\n|-damage|p2a: take your time|34/100\n|move|p2a: take your time|Infestation|p1a: Kingambit\n|-damage|p1a: Kingambit|83/100\n|-activate|p1a: Kingambit|move: Infestation|[of] p2a: take your time\n|\n|-heal|p2a: take your time|40/100|[from] item: Leftovers\n|-damage|p1a: Kingambit|70/100|[from] move: Infestation|[partiallytrapped]\n|upkeep\n|turn|6\n|\n|t:|1783798294\n|move|p2a: take your time|Baneful Bunker|p2a: take your time\n|-singleturn|p2a: take your time|move: Protect\n|move|p1a: Kingambit|Kowtow Cleave|p2a: take your time\n|-activate|p2a: take your time|move: Protect\n|\n|-heal|p2a: take your time|47/100|[from] item: Leftovers\n|-damage|p1a: Kingambit|58/100|[from] move: Infestation|[partiallytrapped]\n|upkeep\n|turn|7\n|\n|t:|1783798303\n|move|p1a: Kingambit|Kowtow Cleave|p2a: take your time\n|-damage|p2a: take your time|19/100\n|move|p2a: take your time|Recover|p2a: take your time\n|-heal|p2a: take your time|69/100\n|\n|-heal|p2a: take your time|75/100|[from] item: Leftovers\n|-damage|p1a: Kingambit|46/100|[from] move: Infestation|[partiallytrapped]\n|upkeep\n|turn|8\n|\n|t:|1783798313\n|move|p2a: take your time|Baneful Bunker|p2a: take your time\n|-singleturn|p2a: take your time|move: Protect\n|move|p1a: Kingambit|Kowtow Cleave|p2a: take your time\n|-activate|p2a: take your time|move: Protect\n|\n|-heal|p2a: take your time|81/100|[from] item: Leftovers\n|-damage|p1a: Kingambit|33/100|[from] move: Infestation|[partiallytrapped]\n|upkeep\n|turn|9\n|\n|t:|1783798322\n|move|p1a: Kingambit|Kowtow Cleave|p2a: take your time\n|-damage|p2a: take your time|50/100\n|move|p2a: take your time|Recover|p2a: take your time\n|-heal|p2a: take your time|99/100\n|\n|-heal|p2a: take your time|100/100|[from] item: Leftovers\n|-end|p1a: Kingambit|Infestation|[partiallytrapped]\n|upkeep\n|turn|10\n|\n|t:|1783798333\n|-end|p1a: Kingambit|fallenundefined|[silent]\n|switch|p1a: Gholdengo|Gholdengo|100/100\n|-item|p1a: Gholdengo|Air Balloon\n|move|p2a: take your time|Infestation|p1a: Gholdengo\n|-resisted|p1a: Gholdengo\n|-crit|p1a: Gholdengo\n|-damage|p1a: Gholdengo|99/100\n|-activate|p1a: Gholdengo|move: Infestation|[of] p2a: take your time\n|-enditem|p1a: Gholdengo|Air Balloon\n|\n|-damage|p1a: Gholdengo|87/100|[from] move: Infestation|[partiallytrapped]\n|upkeep\n|turn|11\n|j| homeperimento\n|\n|t:|1783798344\n|switch|p2a: did you calc that?|Clodsire, F|100/100\n|move|p1a: Gholdengo|Thunder Wave|p2a: did you calc that?\n|-immune|p2a: did you calc that?\n|\n|-end|p1a: Gholdengo|Infestation|[partiallytrapped]|[silent]\n|upkeep\n|turn|12\n|\n|t:|1783798351\n|move|p1a: Gholdengo|Psyshock|p2a: did you calc that?\n|-supereffective|p2a: did you calc that?\n|-damage|p2a: did you calc that?|47/100\n|move|p2a: did you calc that?|Spikes|p1a: Gholdengo\n|-sidestart|p1: dooozdzdz|Spikes\n|\n|upkeep\n|turn|13\n|\n|t:|1783798358\n|-terastallize|p2a: did you calc that?|Steel\n|move|p1a: Gholdengo|Psyshock|p2a: did you calc that?\n|-resisted|p2a: did you calc that?\n|-damage|p2a: did you calc that?|34/100\n|move|p2a: did you calc that?|Recover|p2a: did you calc that?\n|-heal|p2a: did you calc that?|84/100\n|\n|upkeep\n|turn|14\n|\n|t:|1783798366\n|move|p1a: Gholdengo|Thunder Wave|p2a: did you calc that?|[miss]\n|-miss|p1a: Gholdengo|p2a: did you calc that?\n|move|p2a: did you calc that?|Spikes|p1a: Gholdengo\n|-sidestart|p1: dooozdzdz|Spikes\n|\n|upkeep\n|turn|15\n|\n|t:|1783798372\n|move|p1a: Gholdengo|Thunder Wave|p2a: did you calc that?\n|-status|p2a: did you calc that?|par\n|move|p2a: did you calc that?|Earthquake|p1a: Gholdengo\n|-supereffective|p1a: Gholdengo\n|-damage|p1a: Gholdengo|27/100\n|\n|upkeep\n|turn|16\n|\n|t:|1783798387\n|switch|p1a: Dragonite|Dragonite, F|100/100\n|cant|p2a: did you calc that?|par\n|\n|upkeep\n|turn|17\n|\n|t:|1783798396\n|switch|p2a: take your time|Toxapex, F|100/100\n|-damage|p2a: take your time|88/100|[from] Stealth Rock\n|move|p1a: Dragonite|Earthquake|p2a: take your time\n|-supereffective|p2a: take your time\n|-damage|p2a: take your time|47/100\n|\n|-heal|p2a: take your time|53/100|[from] item: Leftovers\n|upkeep\n|turn|18\n|\n|t:|1783798406\n|switch|p1a: Glimmora|Glimmora, F|100/100\n|-damage|p1a: Glimmora|84/100|[from] Spikes\n|move|p2a: take your time|Baneful Bunker||[still]\n|-fail|p2a: take your time\n|\n|-heal|p2a: take your time|59/100|[from] item: Leftovers\n|upkeep\n|turn|19\n|\n|t:|1783798415\n|switch|p2a: per my last turn|Corviknight, F|100/100\n|-damage|p2a: per my last turn|88/100|[from] Stealth Rock\n|-ability|p2a: per my last turn|Pressure\n|move|p1a: Glimmora|Earth Power|p2a: per my last turn\n|-immune|p2a: per my last turn\n|\n|-heal|p2a: per my last turn|94/100|[from] item: Leftovers\n|upkeep\n|turn|20\n|\n|t:|1783798425\n|move|p1a: Glimmora|Power Gem|p2a: per my last turn\n|-damage|p2a: per my last turn|66/100\n|move|p2a: per my last turn|Brave Bird|p1a: Glimmora\n|-resisted|p1a: Glimmora\n|-damage|p1a: Glimmora|62/100\n|-activate|p1a: Glimmora|ability: Toxic Debris\n|-sidestart|p2: dongfanbubai|move: Toxic Spikes\n|-damage|p2a: per my last turn|61/100|[from] Recoil\n|\n|-heal|p2a: per my last turn|67/100|[from] item: Leftovers\n|upkeep\n|turn|21\n|j| FaronAan\n|\n|t:|1783798436\n|move|p2a: per my last turn|Protect|p2a: per my last turn\n|-singleturn|p2a: per my last turn|Protect\n|move|p1a: Glimmora|Power Gem|p2a: per my last turn\n|-activate|p2a: per my last turn|move: Protect\n|\n|-heal|p2a: per my last turn|73/100|[from] item: Leftovers\n|upkeep\n|turn|22\n|\n|t:|1783798445\n|move|p1a: Glimmora|Power Gem|p2a: per my last turn\n|-damage|p2a: per my last turn|47/100\n|move|p2a: per my last turn|Roost|p2a: per my last turn\n|-heal|p2a: per my last turn|97/100\n|-singleturn|p2a: per my last turn|move: Roost\n|\n|-heal|p2a: per my last turn|100/100|[from] item: Leftovers\n|upkeep\n|turn|23\n|\n|t:|1783798455\n|switch|p1a: Cinderace|Cinderace, M, shiny|100/100\n|move|p2a: per my last turn|Brave Bird|p1a: Cinderace\n|-damage|p1a: Cinderace|54/100\n|-damage|p2a: per my last turn|89/100|[from] Recoil\n|\n|-heal|p2a: per my last turn|95/100|[from] item: Leftovers\n|upkeep\n|turn|24\n|\n|t:|1783798465\n|move|p2a: per my last turn|Protect|p2a: per my last turn\n|-singleturn|p2a: per my last turn|Protect\n|move|p1a: Cinderace|Pyro Ball|p2a: per my last turn\n|-activate|p2a: per my last turn|move: Protect\n|\n|-heal|p2a: per my last turn|100/100|[from] item: Leftovers\n|upkeep\n|turn|25\n|\n|t:|1783798473\n|switch|p2a: take your time|Toxapex, F|92/100\n|-damage|p2a: take your time|80/100|[from] Stealth Rock\n|-sideend|p2: dongfanbubai|move: Toxic Spikes|[of] p2a: take your time\n|move|p1a: Cinderace|U-turn|p2a: take your time\n|-start|p1a: Cinderace|typechange|Bug|[from] ability: Libero\n|-resisted|p2a: take your time\n|-damage|p2a: take your time|69/100\n|\n|t:|1783798482\n|switch|p1a: Glimmora|Glimmora, F|62/100|[from] U-turn\n|-damage|p1a: Glimmora|46/100|[from] Spikes\n|\n|-heal|p2a: take your time|75/100|[from] item: Leftovers\n|upkeep\n|turn|26\n|\n|t:|1783798490\n|switch|p2a: per my last turn|Corviknight, F|100/100\n|-damage|p2a: per my last turn|88/100|[from] Stealth Rock\n|-ability|p2a: per my last turn|Pressure\n|move|p1a: Glimmora|Power Gem|p2a: per my last turn\n|-damage|p2a: per my last turn|61/100\n|\n|-heal|p2a: per my last turn|67/100|[from] item: Leftovers\n|upkeep\n|turn|27\n|\n|t:|1783798500\n|switch|p1a: Iron Valiant|Iron Valiant|100/100\n|-damage|p1a: Iron Valiant|84/100|[from] Spikes\n|-enditem|p1a: Iron Valiant|Booster Energy\n|-activate|p1a: Iron Valiant|ability: Quark Drive|[fromitem]\n|-start|p1a: Iron Valiant|quarkdrivespe\n|move|p2a: per my last turn|Roost|p2a: per my last turn\n|-heal|p2a: per my last turn|100/100\n|-singleturn|p2a: per my last turn|move: Roost\n|\n|upkeep\n|turn|28\n|\n|t:|1783798510\n|switch|p2a: take your time|Toxapex, F|100/100\n|-damage|p2a: take your time|88/100|[from] Stealth Rock\n|move|p1a: Iron Valiant|Encore||[still]\n|-fail|p1a: Iron Valiant\n|\n|-heal|p2a: take your time|94/100|[from] item: Leftovers\n|upkeep\n|turn|29\n|\n|t:|1783798519\n|-end|p1a: Iron Valiant|Quark Drive|[silent]\n|switch|p1a: Dragonite|Dragonite, F|100/100\n|move|p2a: take your time|Poison Jab|p1a: Dragonite\n|-damage|p1a: Dragonite|90/100\n|\n|-heal|p1a: Dragonite|96/100|[from] item: Leftovers\n|-heal|p2a: take your time|100/100|[from] item: Leftovers\n|upkeep\n|turn|30\n|\n|t:|1783798527\n|move|p1a: Dragonite|Earthquake|p2a: take your time\n|-supereffective|p2a: take your time\n|-damage|p2a: take your time|54/100\n|move|p2a: take your time|Poison Jab|p1a: Dragonite\n|-damage|p1a: Dragonite|74/100\n|\n|-heal|p1a: Dragonite|81/100|[from] item: Leftovers\n|-heal|p2a: take your time|61/100|[from] item: Leftovers\n|upkeep\n|turn|31\n|\n|t:|1783798536\n|switch|p2a: nothing new there|Gliscor, F|85/100 tox\n|-damage|p2a: nothing new there|72/100 tox|[from] Stealth Rock\n|move|p1a: Dragonite|Roost|p1a: Dragonite\n|-heal|p1a: Dragonite|100/100\n|-singleturn|p1a: Dragonite|move: Roost\n|\n|-heal|p2a: nothing new there|85/100 tox|[from] ability: Poison Heal\n|upkeep\n|turn|32\n|inactive|dooozdzdz has 120 seconds left.\n|\n|t:|1783798568\n|switch|p1a: Glimmora|Glimmora, F|46/100\n|-damage|p1a: Glimmora|29/100|[from] Spikes\n|move|p2a: nothing new there|Toxic|p1a: Glimmora\n|-immune|p1a: Glimmora\n|\n|-heal|p2a: nothing new there|97/100 tox|[from] ability: Poison Heal\n|upkeep\n|turn|33\n|\n|t:|1783798577\n|switch|p2a: per my last turn|Corviknight, F|100/100\n|-damage|p2a: per my last turn|88/100|[from] Stealth Rock\n|-ability|p2a: per my last turn|Pressure\n|move|p1a: Glimmora|Power Gem|p2a: per my last turn\n|-damage|p2a: per my last turn|59/100\n|\n|-heal|p2a: per my last turn|65/100|[from] item: Leftovers\n|upkeep\n|turn|34\n|\n|t:|1783798587\n|move|p1a: Glimmora|Power Gem|p2a: per my last turn\n|-damage|p2a: per my last turn|38/100\n|move|p2a: per my last turn|Roost|p2a: per my last turn\n|-heal|p2a: per my last turn|88/100\n|-singleturn|p2a: per my last turn|move: Roost\n|\n|-heal|p2a: per my last turn|94/100|[from] item: Leftovers\n|upkeep\n|turn|35\n|c|☆dooozdzdz|this team sucks ass\n|j| lowladderubersnoob\n|\n|t:|1783798597\n|move|p2a: per my last turn|Protect|p2a: per my last turn\n|-singleturn|p2a: per my last turn|Protect\n|move|p1a: Glimmora|Power Gem|p2a: per my last turn\n|-activate|p2a: per my last turn|move: Protect\n|\n|-heal|p2a: per my last turn|100/100|[from] item: Leftovers\n|upkeep\n|turn|36\n|\n|t:|1783798605\n|move|p1a: Glimmora|Power Gem|p2a: per my last turn\n|-damage|p2a: per my last turn|73/100\n|move|p2a: per my last turn|Brave Bird|p1a: Glimmora\n|-resisted|p1a: Glimmora\n|-damage|p1a: Glimmora|6/100\n|-activate|p1a: Glimmora|ability: Toxic Debris\n|-sidestart|p2: dongfanbubai|move: Toxic Spikes\n|-damage|p2a: per my last turn|67/100|[from] Recoil\n|\n|-heal|p2a: per my last turn|73/100|[from] item: Leftovers\n|upkeep\n|turn|37\n|\n|t:|1783798617\n|move|p2a: per my last turn|Protect|p2a: per my last turn\n|-singleturn|p2a: per my last turn|Protect\n|move|p1a: Glimmora|Power Gem|p2a: per my last turn\n|-activate|p2a: per my last turn|move: Protect\n|\n|-heal|p2a: per my last turn|80/100|[from] item: Leftovers\n|upkeep\n|turn|38\n|l| homeperimento\n|\n|t:|1783798625\n|move|p1a: Glimmora|Power Gem|p2a: per my last turn\n|-damage|p2a: per my last turn|50/100\n|move|p2a: per my last turn|Roost|p2a: per my last turn\n|-heal|p2a: per my last turn|99/100\n|-singleturn|p2a: per my last turn|move: Roost\n|\n|-heal|p2a: per my last turn|100/100|[from] item: Leftovers\n|upkeep\n|turn|39\n|l| FaronAan\n|\n|t:|1783798635\n|move|p1a: Glimmora|Power Gem|p2a: per my last turn\n|-damage|p2a: per my last turn|73/100\n|move|p2a: per my last turn|Brave Bird|p1a: Glimmora\n|-resisted|p1a: Glimmora\n|-damage|p1a: Glimmora|0 fnt\n|-activate|p1a: Glimmora|ability: Toxic Debris\n|-sidestart|p2: dongfanbubai|move: Toxic Spikes\n|faint|p1a: Glimmora\n|-damage|p2a: per my last turn|72/100|[from] Recoil\n|\n|-heal|p2a: per my last turn|78/100|[from] item: Leftovers\n|upkeep\n|\n|t:|1783798641\n|switch|p1a: Iron Valiant|Iron Valiant|84/100\n|-damage|p1a: Iron Valiant|67/100|[from] Spikes\n|turn|40\n|\n|t:|1783798650\n|switch|p2a: take your time|Toxapex, F|94/100\n|-damage|p2a: take your time|81/100|[from] Stealth Rock\n|-sideend|p2: dongfanbubai|move: Toxic Spikes|[of] p2a: take your time\n|move|p1a: Iron Valiant|Knock Off|p2a: take your time\n|-damage|p2a: take your time|62/100\n|-enditem|p2a: take your time|Leftovers|[from] move: Knock Off|[of] p1a: Iron Valiant\n|\n|upkeep\n|turn|41\n|\n|t:|1783798665\n|-end|p1a: Iron Valiant|Quark Drive|[silent]\n|switch|p1a: Gholdengo|Gholdengo|27/100\n|-damage|p1a: Gholdengo|11/100|[from] Spikes\n|move|p2a: take your time|Poison Jab|p1a: Gholdengo\n|-immune|p1a: Gholdengo\n|\n|upkeep\n|turn|42\n|\n|t:|1783798673\n|switch|p2a: did you calc that?|Clodsire, F, tera:Steel|84/100 par\n|move|p1a: Gholdengo|Hex|p2a: did you calc that?\n|-damage|p2a: did you calc that?|54/100 par\n|\n|upkeep\n|turn|43\n|\n|t:|1783798679\n|-terastallize|p1a: Gholdengo|Ghost\n|move|p1a: Gholdengo|Hex|p2a: did you calc that?\n|-damage|p2a: did you calc that?|16/100 par\n|cant|p2a: did you calc that?|par\n|\n|upkeep\n|turn|44\n|\n|t:|1783798688\n|switch|p2a: take your time|Toxapex, F|96/100\n|-damage|p2a: take your time|83/100|[from] Stealth Rock\n|move|p1a: Gholdengo|Hex|p2a: take your time\n|-damage|p2a: take your time|50/100\n|\n|upkeep\n|turn|45\n|\n|t:|1783798696\n|switch|p2a: did you calc that?|Clodsire, F, tera:Steel|16/100 par\n|move|p1a: Gholdengo|Psyshock|p2a: did you calc that?\n|-resisted|p2a: did you calc that?\n|-damage|p2a: did you calc that?|2/100 par\n|\n|upkeep\n|turn|46\n|\n|t:|1783798703\n|move|p1a: Gholdengo|Psyshock|p2a: did you calc that?\n|-resisted|p2a: did you calc that?\n|-crit|p2a: did you calc that?\n|-damage|p2a: did you calc that?|0 fnt\n|faint|p2a: did you calc that?\n|\n|upkeep\n|\n|t:|1783798709\n|switch|p2a: nothing new there|Gliscor, F|97/100 tox\n|-damage|p2a: nothing new there|85/100 tox|[from] Stealth Rock\n|turn|47\n|\n|t:|1783798715\n|switch|p1a: Iron Valiant|Iron Valiant|67/100\n|-damage|p1a: Iron Valiant|51/100|[from] Spikes\n|move|p2a: nothing new there|Knock Off|p1a: Iron Valiant\n|-resisted|p1a: Iron Valiant\n|-damage|p1a: Iron Valiant|46/100\n|\n|-heal|p2a: nothing new there|97/100 tox|[from] ability: Poison Heal\n|upkeep\n|turn|48\n|\n|t:|1783798725\n|switch|p2a: take your time|Toxapex, F|83/100\n|-damage|p2a: take your time|70/100|[from] Stealth Rock\n|move|p1a: Iron Valiant|Encore||[still]\n|-fail|p1a: Iron Valiant\n|\n|upkeep\n|turn|49\n|\n|t:|1783798740\n|-end|p1a: Iron Valiant|Quark Drive|[silent]\n|switch|p1a: Kingambit|Kingambit, M|33/100\n|-damage|p1a: Kingambit|17/100|[from] Spikes\n|-activate|p1a: Kingambit|ability: Supreme Overlord\n|-start|p1a: Kingambit|fallen1|[silent]\n|move|p2a: take your time|Poison Jab|p1a: Kingambit\n|-immune|p1a: Kingambit\n|\n|upkeep\n|turn|50\n|\n|t:|1783798748\n|move|p1a: Kingambit|Thunder Wave|p2a: take your time\n|-status|p2a: take your time|par\n|cant|p2a: take your time|par\n|\n|upkeep\n|turn|51\n|\n|t:|1783798754\n|move|p1a: Kingambit|Kowtow Cleave|p2a: take your time\n|-damage|p2a: take your time|36/100 par\n|move|p2a: take your time|Infestation|p1a: Kingambit\n|-damage|p1a: Kingambit|13/100\n|-activate|p1a: Kingambit|move: Infestation|[of] p2a: take your time\n|\n|-damage|p1a: Kingambit|1/100|[from] move: Infestation|[partiallytrapped]\n|upkeep\n|turn|52\n|\n|t:|1783798763\n|move|p2a: take your time|Baneful Bunker|p2a: take your time\n|-singleturn|p2a: take your time|move: Protect\n|move|p1a: Kingambit|Kowtow Cleave|p2a: take your time\n|-activate|p2a: take your time|move: Protect\n|\n|-damage|p1a: Kingambit|0 fnt|[from] move: Infestation|[partiallytrapped]\n|faint|p1a: Kingambit\n|-end|p1a: Kingambit|fallen1|[silent]\n|upkeep\n|\n|t:|1783798769\n|switch|p1a: Dragonite|Dragonite, F|100/100\n|turn|53\n|\n|t:|1783798781\n|switch|p2a: love this for you|Clefable, M|100/100\n|move|p1a: Dragonite|Earthquake|p2a: love this for you\n|-damage|p2a: love this for you|59/100\n|\n|-heal|p2a: love this for you|65/100|[from] item: Leftovers\n|upkeep\n|turn|54\n|\n|t:|1783798790\n|move|p1a: Dragonite|Earthquake|p2a: love this for you\n|-damage|p2a: love this for you|24/100\n|move|p2a: love this for you|Knock Off|p1a: Dragonite\n|-damage|p1a: Dragonite|92/100\n|-enditem|p1a: Dragonite|Leftovers|[from] move: Knock Off|[of] p2a: love this for you\n|\n|-heal|p2a: love this for you|30/100|[from] item: Leftovers\n|upkeep\n|turn|55\n|\n|t:|1783798799\n|switch|p2a: per my last turn|Corviknight, F|78/100\n|-damage|p2a: per my last turn|66/100|[from] Stealth Rock\n|-ability|p2a: per my last turn|Pressure\n|move|p1a: Dragonite|Fly||[still]\n|-prepare|p1a: Dragonite|Fly\n|\n|-heal|p2a: per my last turn|72/100|[from] item: Leftovers\n|upkeep\n|turn|56\n|j| simplegent\n|\n|t:|1783798809\n|move|p1a: Dragonite|Fly|p2a: per my last turn|[from] lockedmove\n|-resisted|p2a: per my last turn\n|-damage|p2a: per my last turn|52/100\n|move|p2a: per my last turn|Roost|p2a: per my last turn\n|-heal|p2a: per my last turn|100/100\n|-singleturn|p2a: per my last turn|move: Roost\n|\n|upkeep\n|turn|57\n|\n|t:|1783798818\n|move|p1a: Dragonite|Fly||[still]\n|-prepare|p1a: Dragonite|Fly\n|move|p2a: per my last turn|Brave Bird|p1a: Dragonite|[miss]\n|-miss|p2a: per my last turn|p1a: Dragonite\n|\n|upkeep\n|turn|58\n|\n|t:|1783798823\n|move|p1a: Dragonite|Fly|p2a: per my last turn|[from] lockedmove\n|-resisted|p2a: per my last turn\n|-damage|p2a: per my last turn|82/100\n|move|p2a: per my last turn|Brave Bird|p1a: Dragonite\n|-damage|p1a: Dragonite|55/100\n|-damage|p2a: per my last turn|72/100|[from] Recoil\n|\n|-heal|p2a: per my last turn|78/100|[from] item: Leftovers\n|upkeep\n|turn|59\n|l| lowladderubersnoob\n|\n|t:|1783798833\n|move|p1a: Dragonite|Dragon Claw|p2a: per my last turn\n|-resisted|p2a: per my last turn\n|-damage|p2a: per my last turn|61/100\n|move|p2a: per my last turn|Brave Bird|p1a: Dragonite\n|-crit|p1a: Dragonite\n|-damage|p1a: Dragonite|0 fnt\n|faint|p1a: Dragonite\n|-damage|p2a: per my last turn|47/100|[from] Recoil\n|\n|-heal|p2a: per my last turn|53/100|[from] item: Leftovers\n|upkeep\n|\n|t:|1783798843\n|switch|p1a: Cinderace|Cinderace, M, shiny|54/100\n|turn|60\n|\n|t:|1783798850\n|move|p2a: per my last turn|Protect|p2a: per my last turn\n|-singleturn|p2a: per my last turn|Protect\n|move|p1a: Cinderace|Pyro Ball|p2a: per my last turn\n|-activate|p2a: per my last turn|move: Protect\n|\n|-heal|p2a: per my last turn|59/100|[from] item: Leftovers\n|upkeep\n|turn|61\n|\n|t:|1783798858\n|switch|p2a: take your time|Toxapex, F|69/100 par\n|-damage|p2a: take your time|56/100 par|[from] Stealth Rock\n|move|p1a: Cinderace|Pyro Ball|p2a: take your time|[miss]\n|-miss|p1a: Cinderace|p2a: take your time\n|\n|upkeep\n|turn|62\n|\n|t:|1783798868\n|move|p1a: Cinderace|Sucker Punch||[still]\n|-fail|p1a: Cinderace\n|move|p2a: take your time|Recover|p2a: take your time\n|-heal|p2a: take your time|100/100 par\n|\n|upkeep\n|turn|63\n|\n|t:|1783798873\n|move|p1a: Cinderace|Sucker Punch|p2a: take your time\n|-start|p1a: Cinderace|typechange|Dark|[from] ability: Libero\n|-damage|p2a: take your time|79/100 par\n|move|p2a: take your time|Poison Jab|p1a: Cinderace\n|-damage|p1a: Cinderace|29/100\n|-status|p1a: Cinderace|psn\n|\n|-damage|p1a: Cinderace|17/100 psn|[from] psn\n|upkeep\n|turn|64\n|c|☆dooozdzdz|gg\n|-message|dooozdzdz forfeited.\n|\n|win|dongfanbubai\n", "uploadtime": 1783798590, "views": 5, "formatid": "gen9ou", "rating": null, "private": 0, "password": null}