{"id": "gen9ou-2639303585", "format": "[Gen 9] OU", "players": ["yuntiannuo", "saint chiko"], "log": "|j|☆yuntiannuo\n|j|☆saint chiko\n|t:|1782449274\n|gametype|singles\n|player|p1|yuntiannuo|266|1092\n|player|p2|saint chiko|bruno|1128\n|gen|9\n|tier|[Gen 9] OU\n|rated|\n|rule|HP Percentage Mod: HP is shown in percentages\n|rule|Endless Battle Clause: Forcing endless battles is banned\n|rule|Species Clause: Limit one of each Pokémon\n|rule|OHKO Clause: OHKO moves are banned\n|rule|Evasion Items Clause: Evasion items are banned\n|rule|Evasion Moves Clause: Evasion moves are banned\n|rule|Evasion Abilities Clause: Evasion abilities are banned\n|rule|Sleep Moves Clause: Sleep-inducing moves are banned\n|clearpoke\n|poke|p1|Garganacl, F|\n|poke|p1|Hatterene, F|\n|poke|p1|Clodsire, F|\n|poke|p1|Tornadus-Therian, M|\n|poke|p1|Alomomola, M|\n|poke|p1|Great Tusk|\n|poke|p2|Cinderace, F|\n|poke|p2|Iron Valiant|\n|poke|p2|Kingambit, F|\n|poke|p2|Pecharunt|\n|poke|p2|Abomasnow, M|\n|poke|p2|Garchomp, F|\n|teampreview\n|inactive|Battle timer is ON: inactive players will automatically lose when time's up. (requested by saint chiko)\n|\n|t:|1782449295\n|teamsize|p1|6\n|teamsize|p2|6\n|start\n|switch|p1a: Great Tusk|Great Tusk|100/100\n|switch|p2a: Pecharunt|Pecharunt|100/100\n|-enditem|p1a: Great Tusk|Booster Energy\n|-activate|p1a: Great Tusk|ability: Protosynthesis|[fromitem]\n|-start|p1a: Great Tusk|protosynthesisatk\n|turn|1\n|\n|t:|1782449310\n|move|p1a: Great Tusk|Stealth Rock|p2a: Pecharunt\n|-sidestart|p2: saint chiko|move: Stealth Rock\n|move|p2a: Pecharunt|Parting Shot|p1a: Great Tusk\n|-unboost|p1a: Great Tusk|atk|1\n|-unboost|p1a: Great Tusk|spa|1\n|\n|t:|1782449318\n|switch|p2a: Abomasnow|Abomasnow, M|100/100|[from] Parting Shot\n|-damage|p2a: Abomasnow|75/100|[from] Stealth Rock\n|-weather|Snowscape|[from] ability: Snow Warning|[of] p2a: Abomasnow\n|\n|-weather|Snowscape|[upkeep]\n|upkeep\n|turn|2\n|\n|t:|1782449327\n|-end|p1a: Great Tusk|Protosynthesis|[silent]\n|switch|p1a: Alomomola|Alomomola, M|100/100\n|move|p2a: Abomasnow|Aurora Veil|p2a: Abomasnow\n|-sidestart|p2: saint chiko|move: Aurora Veil\n|\n|-weather|Snowscape|[upkeep]\n|upkeep\n|turn|3\n|\n|t:|1782449335\n|move|p1a: Alomomola|Light Screen|p1a: Alomomola\n|-sidestart|p1: yuntiannuo|move: Light Screen\n|move|p2a: Abomasnow|Giga Drain|p1a: Alomomola\n|-supereffective|p1a: Alomomola\n|-damage|p1a: Alomomola|73/100\n|-heal|p2a: Abomasnow|93/100|[from] drain|[of] p1a: Alomomola\n|\n|-weather|Snowscape|[upkeep]\n|upkeep\n|turn|4\n|\n|t:|1782449348\n|switch|p2a: Cinderace|Cinderace, F|100/100\n|move|p1a: Alomomola|Flip Turn|p2a: Cinderace\n|-supereffective|p2a: Cinderace\n|-damage|p2a: Cinderace|82/100\n|\n|t:|1782449361\n|switch|p1a: Clodsire|Clodsire, F|100/100|[from] Flip Turn\n|\n|-weather|Snowscape|[upkeep]\n|upkeep\n|turn|5\n|\n|t:|1782449368\n|move|p2a: Cinderace|Scorching Sands|p1a: Clodsire\n|-start|p2a: Cinderace|typechange|Ground|[from] ability: Libero\n|-supereffective|p1a: Clodsire\n|-damage|p1a: Clodsire|92/100\n|-status|p1a: Clodsire|brn\n|move|p1a: Clodsire|Toxic|p2a: Cinderace\n|-status|p2a: Cinderace|tox\n|\n|-weather|none\n|-heal|p1a: Clodsire|98/100 brn|[from] item: Leftovers\n|-damage|p2a: Cinderace|75/100 tox|[from] psn\n|-damage|p1a: Clodsire|92/100 brn|[from] brn\n|upkeep\n|turn|6\n|\n|t:|1782449382\n|move|p1a: Clodsire|Protect|p1a: Clodsire\n|-singleturn|p1a: Clodsire|Protect\n|move|p2a: Cinderace|Scorching Sands|p1a: Clodsire\n|-activate|p1a: Clodsire|move: Protect\n|\n|-heal|p1a: Clodsire|98/100 brn|[from] item: Leftovers\n|-damage|p2a: Cinderace|63/100 tox|[from] psn\n|-damage|p1a: Clodsire|92/100 brn|[from] brn\n|-sideend|p2: saint chiko|move: Aurora Veil\n|upkeep\n|turn|7\n|\n|t:|1782449395\n|switch|p1a: Tornadus|Tornadus-Therian, M|100/100\n|move|p2a: Cinderace|Court Change|p2a: Cinderace\n|-swapsideconditions\n|-activate|p2a: Cinderace|move: Court Change\n|\n|-damage|p2a: Cinderace|44/100 tox|[from] psn\n|-sideend|p2: saint chiko|move: Light Screen\n|upkeep\n|turn|8\n|\n|t:|1782449416\n|switch|p1a: Great Tusk|Great Tusk|100/100\n|-damage|p1a: Great Tusk|98/100|[from] Stealth Rock\n|switch|p2a: Garchomp|Garchomp, F|100/100\n|\n|upkeep\n|turn|9\n|\n|t:|1782449428\n|move|p2a: Garchomp|Dragon Claw|p1a: Great Tusk\n|-damage|p1a: Great Tusk|67/100\n|move|p1a: Great Tusk|Ice Spinner|p2a: Garchomp\n|-supereffective|p2a: Garchomp\n|-damage|p2a: Garchomp|0 fnt\n|-damage|p1a: Great Tusk|55/100|[from] ability: Rough Skin|[of] p2a: Garchomp\n|-damage|p1a: Great Tusk|38/100|[from] item: Rocky Helmet|[of] p2a: Garchomp\n|faint|p2a: Garchomp\n|\n|upkeep\n|inactive|saint chiko has 120 seconds left.\n|\n|t:|1782449446\n|switch|p2a: Iron Valiant|Iron Valiant|100/100\n|-enditem|p2a: Iron Valiant|Booster Energy\n|-activate|p2a: Iron Valiant|ability: Quark Drive|[fromitem]\n|-start|p2a: Iron Valiant|quarkdrivespe\n|turn|10\n|inactive|saint chiko has 120 seconds left.\n|\n|t:|1782449460\n|-end|p1a: Great Tusk|Protosynthesis|[silent]\n|switch|p1a: Hatterene|Hatterene, F|100/100\n|-damage|p1a: Hatterene|88/100|[from] Stealth Rock\n|move|p2a: Iron Valiant|Spirit Break|p1a: Hatterene\n|-damage|p1a: Hatterene|45/100\n|-unboost|p1a: Hatterene|spa|1\n|\n|-heal|p1a: Hatterene|51/100|[from] item: Leftovers\n|upkeep\n|turn|11\n|inactive|saint chiko has 120 seconds left.\n|\n|t:|1782449473\n|move|p2a: Iron Valiant|Shadow Claw|p1a: Hatterene\n|-supereffective|p1a: Hatterene\n|-damage|p1a: Hatterene|2/100\n|move|p1a: Hatterene|Nuzzle|p2a: Iron Valiant\n|-damage|p2a: Iron Valiant|96/100\n|-status|p2a: Iron Valiant|par\n|\n|-heal|p1a: Hatterene|8/100|[from] item: Leftovers\n|upkeep\n|turn|12\n|inactive|saint chiko has 120 seconds left.\n|\n|t:|1782449485\n|switch|p1a: Alomomola|Alomomola, M|100/100\n|-damage|p1a: Alomomola|88/100|[from] Stealth Rock\n|cant|p2a: Iron Valiant|par\n|\n|upkeep\n|turn|13\n|\n|t:|1782449494\n|move|p2a: Iron Valiant|Spirit Break|p1a: Alomomola\n|-damage|p1a: Alomomola|62/100\n|-unboost|p1a: Alomomola|spa|1\n|-damage|p2a: Iron Valiant|79/100 par|[from] item: Rocky Helmet|[of] p1a: Alomomola\n|move|p1a: Alomomola|Wish|p1a: Alomomola\n|\n|upkeep\n|turn|14\n|\n|t:|1782449503\n|move|p2a: Iron Valiant|Spirit Break|p1a: Alomomola\n|-damage|p1a: Alomomola|36/100\n|-unboost|p1a: Alomomola|spa|1\n|-damage|p2a: Iron Valiant|63/100 par|[from] item: Rocky Helmet|[of] p1a: Alomomola\n|move|p1a: Alomomola|Light Screen|p1a: Alomomola\n|-sidestart|p1: yuntiannuo|move: Light Screen\n|\n|-heal|p1a: Alomomola|86/100|[from] move: Wish|[wisher] Alomomola\n|upkeep\n|turn|15\n|\n|t:|1782449514\n|cant|p2a: Iron Valiant|par\n|move|p1a: Alomomola|Wish|p1a: Alomomola\n|\n|upkeep\n|turn|16\n|\n|t:|1782449529\n|-end|p2a: Iron Valiant|Quark Drive|[silent]\n|switch|p2a: Abomasnow|Abomasnow, M|93/100\n|-weather|Snowscape|[from] ability: Snow Warning|[of] p2a: Abomasnow\n|move|p1a: Alomomola|Flip Turn|p2a: Abomasnow\n|-resisted|p2a: Abomasnow\n|-damage|p2a: Abomasnow|88/100\n|-damage|p1a: Alomomola|70/100|[from] item: Rocky Helmet|[of] p2a: Abomasnow\n|\n|t:|1782449539\n|switch|p1a: Garganacl|Garganacl, F|100/100|[from] Flip Turn\n|-damage|p1a: Garganacl|88/100|[from] Stealth Rock\n|\n|-weather|Snowscape|[upkeep]\n|-heal|p1a: Garganacl|100/100|[from] move: Wish|[wisher] Alomomola\n|upkeep\n|turn|17\n|\n|t:|1782449552\n|-terastallize|p1a: Garganacl|Flying\n|move|p2a: Abomasnow|Aurora Veil|p2a: Abomasnow\n|-sidestart|p2: saint chiko|move: Aurora Veil\n|move|p1a: Garganacl|Salt Cure|p2a: Abomasnow\n|-supereffective|p2a: Abomasnow\n|-damage|p2a: Abomasnow|79/100\n|-start|p2a: Abomasnow|Salt Cure\n|\n|-weather|Snowscape|[upkeep]\n|-damage|p2a: Abomasnow|67/100|[from] Salt Cure\n|upkeep\n|turn|18\n|\n|t:|1782449575\n|move|p1a: Garganacl|Protect|p1a: Garganacl\n|-singleturn|p1a: Garganacl|Protect\n|move|p2a: Abomasnow|Blizzard|p1a: Garganacl\n|-activate|p1a: Garganacl|move: Protect\n|\n|-weather|Snowscape|[upkeep]\n|-damage|p2a: Abomasnow|54/100|[from] Salt Cure\n|-sideend|p1: yuntiannuo|move: Light Screen\n|upkeep\n|turn|19\n|c|☆saint chiko|are you a fking virgin\n|\n|t:|1782449593\n|switch|p2a: Pecharunt|Pecharunt|100/100\n|switch|p1a: Alomomola|Alomomola, M|100/100\n|-damage|p1a: Alomomola|88/100|[from] Stealth Rock\n|\n|-weather|Snowscape|[upkeep]\n|upkeep\n|turn|20\n|\n|t:|1782449603\n|move|p2a: Pecharunt|Malignant Chain|p1a: Alomomola\n|-damage|p1a: Alomomola|64/100\n|-status|p1a: Alomomola|tox\n|-start|p1a: Alomomola|confusion|[from] ability: Poison Puppeteer|[of] p2a: Pecharunt\n|-activate|p1a: Alomomola|confusion\n|move|p1a: Alomomola|Wish|p1a: Alomomola\n|\n|-weather|none\n|-damage|p1a: Alomomola|58/100 tox|[from] psn\n|upkeep\n|turn|21\n|\n|t:|1782449614\n|move|p2a: Pecharunt|Malignant Chain|p1a: Alomomola\n|-damage|p1a: Alomomola|33/100 tox\n|-activate|p1a: Alomomola|confusion\n|-damage|p1a: Alomomola|28/100 tox|[from] confusion\n|\n|-heal|p1a: Alomomola|78/100 tox|[from] move: Wish|[wisher] Alomomola\n|-damage|p1a: Alomomola|66/100 tox|[from] psn\n|-sideend|p2: saint chiko|move: Aurora Veil\n|upkeep\n|turn|22\n|\n|t:|1782449631\n|switch|p1a: Garganacl|Garganacl, F, tera:Flying|100/100\n|-damage|p1a: Garganacl|75/100|[from] Stealth Rock\n|move|p2a: Pecharunt|Parting Shot|p1a: Garganacl\n|-unboost|p1a: Garganacl|atk|1\n|-unboost|p1a: Garganacl|spa|1\n|inactive|saint chiko has 120 seconds left.\n|\n|t:|1782449656\n|switch|p2a: Abomasnow|Abomasnow, M|54/100|[from] Parting Shot\n|-weather|Snowscape|[from] ability: Snow Warning|[of] p2a: Abomasnow\n|\n|-weather|Snowscape|[upkeep]\n|-heal|p1a: Garganacl|82/100|[from] item: Leftovers\n|upkeep\n|turn|23\n|inactive|saint chiko has 120 seconds left.\n|\n|t:|1782449676\n|move|p2a: Abomasnow|Blizzard|p1a: Garganacl\n|-supereffective|p1a: Garganacl\n|-damage|p1a: Garganacl|3/100\n|move|p1a: Garganacl|Salt Cure|p2a: Abomasnow\n|-supereffective|p2a: Abomasnow\n|-crit|p2a: Abomasnow\n|-damage|p2a: Abomasnow|25/100\n|-start|p2a: Abomasnow|Salt Cure\n|\n|-weather|Snowscape|[upkeep]\n|-heal|p1a: Garganacl|9/100|[from] item: Leftovers\n|-damage|p2a: Abomasnow|13/100|[from] Salt Cure\n|upkeep\n|turn|24\n|inactive|saint chiko has 120 seconds left.\n|\n|t:|1782449690\n|switch|p2a: Cinderace|Cinderace, F|44/100 tox\n|move|p1a: Garganacl|Protect||[still]\n|-fail|p1a: Garganacl\n|\n|-weather|Snowscape|[upkeep]\n|-heal|p1a: Garganacl|15/100|[from] item: Leftovers\n|-damage|p2a: Cinderace|38/100 tox|[from] psn\n|upkeep\n|turn|25\n|inactive|saint chiko has 120 seconds left.\n|\n|t:|1782449704\n|switch|p1a: Clodsire|Clodsire, F|92/100 brn\n|-damage|p1a: Clodsire|86/100 brn|[from] Stealth Rock\n|move|p2a: Cinderace|Pyro Ball|p1a: Clodsire\n|-crit|p1a: Clodsire\n|-damage|p1a: Clodsire|3/100 brn\n|\n|-weather|Snowscape|[upkeep]\n|-heal|p1a: Clodsire|9/100 brn|[from] item: Leftovers\n|-damage|p2a: Cinderace|26/100 tox|[from] psn\n|-damage|p1a: Clodsire|3/100 brn|[from] brn\n|upkeep\n|turn|26\n|inactive|saint chiko has 120 seconds left.\n|\n|t:|1782449716\n|move|p1a: Clodsire|Protect|p1a: Clodsire\n|-singleturn|p1a: Clodsire|Protect\n|move|p2a: Cinderace|Acrobatics|p1a: Clodsire\n|-start|p2a: Cinderace|typechange|Flying|[from] ability: Libero\n|-activate|p1a: Clodsire|move: Protect\n|\n|-weather|none\n|-heal|p1a: Clodsire|9/100 brn|[from] item: Leftovers\n|-damage|p2a: Cinderace|7/100 tox|[from] psn\n|-damage|p1a: Clodsire|3/100 brn|[from] brn\n|upkeep\n|turn|27\n|inactive|saint chiko has 120 seconds left.\n|\n|t:|1782449729\n|switch|p1a: Alomomola|Alomomola, M|99/100 tox\n|-damage|p1a: Alomomola|87/100 tox|[from] Stealth Rock\n|move|p2a: Cinderace|Acrobatics|p1a: Alomomola\n|-damage|p1a: Alomomola|73/100 tox\n|-damage|p2a: Cinderace|0 fnt|[from] item: Rocky Helmet|[of] p1a: Alomomola\n|faint|p2a: Cinderace\n|\n|-damage|p1a: Alomomola|67/100 tox|[from] psn\n|upkeep\n|inactive|saint chiko has 120 seconds left.\n|\n|t:|1782449745\n|switch|p2a: Iron Valiant|Iron Valiant|63/100 par\n|turn|28\n|\n|t:|1782449752\n|move|p2a: Iron Valiant|Brick Break|p1a: Alomomola\n|-crit|p1a: Alomomola\n|-damage|p1a: Alomomola|32/100 tox\n|-damage|p2a: Iron Valiant|46/100 par|[from] item: Rocky Helmet|[of] p1a: Alomomola\n|move|p1a: Alomomola|Light Screen|p1a: Alomomola\n|-sidestart|p1: yuntiannuo|move: Light Screen\n|\n|-damage|p1a: Alomomola|20/100 tox|[from] psn\n|upkeep\n|turn|29\n|inactive|saint chiko has 120 seconds left.\n|\n|t:|1782449761\n|switch|p1a: Tornadus|Tornadus-Therian, M|100/100\n|cant|p2a: Iron Valiant|par\n|\n|upkeep\n|turn|30\n|inactive|saint chiko has 120 seconds left.\n|\n|t:|1782449773\n|-end|p2a: Iron Valiant|Quark Drive|[silent]\n|switch|p2a: Kingambit|Kingambit, F|100/100\n|-activate|p2a: Kingambit|ability: Supreme Overlord\n|-start|p2a: Kingambit|fallen2|[silent]\n|move|p1a: Tornadus|Bleakwind Storm|p2a: Kingambit|[miss]\n|-miss|p1a: Tornadus|p2a: Kingambit\n|\n|upkeep\n|turn|31\n|inactive|saint chiko has 120 seconds left.\n|\n|t:|1782449791\n|move|p1a: Tornadus|Knock Off|p2a: Kingambit\n|-resisted|p2a: Kingambit\n|-damage|p2a: Kingambit|93/100\n|-enditem|p2a: Kingambit|Assault Vest|[from] move: Knock Off|[of] p1a: Tornadus\n|move|p2a: Kingambit|Brick Break|p1a: Tornadus\n|-sideend|p1: yuntiannuo|move: Light Screen\n|-resisted|p1a: Tornadus\n|-damage|p1a: Tornadus|76/100\n|\n|upkeep\n|turn|32\n|\n|t:|1782449800\n|move|p2a: Kingambit|Sucker Punch|p1a: Tornadus\n|-damage|p1a: Tornadus|15/100\n|move|p1a: Tornadus|U-turn|p2a: Kingambit\n|-damage|p2a: Kingambit|83/100\n|\n|t:|1782449805\n|switch|p1a: Alomomola|Alomomola, M|53/100 tox|[from] U-turn\n|-damage|p1a: Alomomola|41/100 tox|[from] Stealth Rock\n|\n|-damage|p1a: Alomomola|35/100 tox|[from] psn\n|upkeep\n|turn|33\n|\n|t:|1782449817\n|move|p1a: Alomomola|Wish|p1a: Alomomola\n|move|p2a: Kingambit|Brick Break|p1a: Alomomola\n|-damage|p1a: Alomomola|14/100 tox\n|-damage|p2a: Kingambit|66/100|[from] item: Rocky Helmet|[of] p1a: Alomomola\n|\n|-damage|p1a: Alomomola|1/100 tox|[from] psn\n|upkeep\n|turn|34\n|\n|t:|1782449831\n|switch|p1a: Great Tusk|Great Tusk|38/100\n|-damage|p1a: Great Tusk|35/100|[from] Stealth Rock\n|move|p2a: Kingambit|Kowtow Cleave|p1a: Great Tusk\n|-resisted|p1a: Great Tusk\n|-crit|p1a: Great Tusk\n|-damage|p1a: Great Tusk|1/100\n|\n|-heal|p1a: Great Tusk|64/100|[from] move: Wish|[wisher] Alomomola\n|upkeep\n|turn|35\n|\n|t:|1782449852\n|-end|p2a: Kingambit|fallen2|[silent]\n|switch|p2a: Abomasnow|Abomasnow, M|13/100\n|-weather|Snowscape|[from] ability: Snow Warning|[of] p2a: Abomasnow\n|move|p1a: Great Tusk|Rapid Spin|p2a: Abomasnow\n|-damage|p2a: Abomasnow|2/100\n|-boost|p1a: Great Tusk|spe|1\n|-damage|p1a: Great Tusk|48/100|[from] item: Rocky Helmet|[of] p2a: Abomasnow\n|-sideend|p1: yuntiannuo|Stealth Rock|[from] move: Rapid Spin|[of] p1a: Great Tusk\n|\n|-weather|Snowscape|[upkeep]\n|upkeep\n|turn|36\n|\n|t:|1782449866\n|move|p1a: Great Tusk|Rapid Spin|p2a: Abomasnow\n|-damage|p2a: Abomasnow|0 fnt\n|-boost|p1a: Great Tusk|spe|1\n|-damage|p1a: Great Tusk|31/100|[from] item: Rocky Helmet|[of] p2a: Abomasnow\n|faint|p2a: Abomasnow\n|\n|-weather|Snowscape|[upkeep]\n|upkeep\n|\n|t:|1782449880\n|switch|p2a: Kingambit|Kingambit, F|66/100\n|-activate|p2a: Kingambit|ability: Supreme Overlord\n|-start|p2a: Kingambit|fallen3|[silent]\n|turn|37\n|\n|t:|1782449891\n|-terastallize|p2a: Kingambit|Ghost\n|move|p1a: Great Tusk|Headlong Rush|p2a: Kingambit\n|-damage|p2a: Kingambit|21/100\n|-unboost|p1a: Great Tusk|def|1\n|-unboost|p1a: Great Tusk|spd|1\n|move|p2a: Kingambit|Iron Head|p1a: Great Tusk\n|-damage|p1a: Great Tusk|0 fnt\n|faint|p1a: Great Tusk\n|-end|p1a: Great Tusk|Protosynthesis|[silent]\n|\n|-weather|Snowscape|[upkeep]\n|upkeep\n|\n|t:|1782449909\n|switch|p1a: Tornadus|Tornadus-Therian, M|48/100\n|turn|38\n|\n|t:|1782449920\n|move|p2a: Kingambit|Sucker Punch|p1a: Tornadus\n|-damage|p1a: Tornadus|0 fnt\n|faint|p1a: Tornadus\n|\n|-weather|Snowscape|[upkeep]\n|upkeep\n|\n|t:|1782449928\n|switch|p1a: Clodsire|Clodsire, F|3/100 brn\n|turn|39\n|\n|t:|1782449935\n|-end|p2a: Kingambit|fallen3|[silent]\n|switch|p2a: Pecharunt|Pecharunt|100/100\n|move|p1a: Clodsire|Recover|p1a: Clodsire\n|-heal|p1a: Clodsire|53/100 brn\n|\n|-weather|none\n|-heal|p1a: Clodsire|59/100 brn|[from] item: Leftovers\n|-damage|p1a: Clodsire|53/100 brn|[from] brn\n|upkeep\n|turn|40\n|\n|t:|1782449945\n|move|p2a: Pecharunt|Malignant Chain|p1a: Clodsire\n|-resisted|p1a: Clodsire\n|-damage|p1a: Clodsire|49/100 brn\n|move|p1a: Clodsire|Recover|p1a: Clodsire\n|-heal|p1a: Clodsire|99/100 brn\n|\n|-heal|p1a: Clodsire|100/100 brn|[from] item: Leftovers\n|-damage|p1a: Clodsire|94/100 brn|[from] brn\n|upkeep\n|turn|41\n|\n|t:|1782449956\n|move|p2a: Pecharunt|Parting Shot|p1a: Clodsire\n|-unboost|p1a: Clodsire|atk|1\n|-unboost|p1a: Clodsire|spa|1\n|\n|t:|1782449959\n|switch|p2a: Iron Valiant|Iron Valiant|46/100 par|[from] Parting Shot\n|move|p1a: Clodsire|Earthquake|p2a: Iron Valiant\n|-damage|p2a: Iron Valiant|36/100 par\n|\n|-heal|p1a: Clodsire|100/100 brn|[from] item: Leftovers\n|-damage|p1a: Clodsire|94/100 brn|[from] brn\n|upkeep\n|turn|42\n|\n|t:|1782449980\n|switch|p1a: Alomomola|Alomomola, M|35/100 tox\n|move|p2a: Iron Valiant|Shadow Claw|p1a: Alomomola\n|-damage|p1a: Alomomola|20/100 tox\n|-damage|p2a: Iron Valiant|19/100 par|[from] item: Rocky Helmet|[of] p1a: Alomomola\n|\n|-damage|p1a: Alomomola|13/100 tox|[from] psn\n|upkeep\n|turn|43\n|\n|t:|1782449993\n|move|p2a: Iron Valiant|Brick Break|p1a: Alomomola\n|-damage|p1a: Alomomola|0 fnt\n|-damage|p2a: Iron Valiant|3/100 par|[from] item: Rocky Helmet|[of] p1a: Alomomola\n|faint|p1a: Alomomola\n|\n|upkeep\n|\n|t:|1782450000\n|switch|p1a: Garganacl|Garganacl, F, tera:Flying|15/100\n|turn|44\n|\n|t:|1782450006\n|move|p2a: Iron Valiant|Spirit Break|p1a: Garganacl\n|-damage|p1a: Garganacl|0 fnt\n|faint|p1a: Garganacl\n|\n|upkeep\n|\n|t:|1782450015\n|switch|p1a: Clodsire|Clodsire, F|94/100 brn\n|turn|45\n|\n|t:|1782450032\n|move|p2a: Iron Valiant|Shadow Claw|p1a: Clodsire\n|-damage|p1a: Clodsire|71/100 brn\n|move|p1a: Clodsire|Earthquake|p2a: Iron Valiant\n|-damage|p2a: Iron Valiant|0 fnt\n|faint|p2a: Iron Valiant\n|-end|p2a: Iron Valiant|Quark Drive|[silent]\n|\n|-heal|p1a: Clodsire|77/100 brn|[from] item: Leftovers\n|-damage|p1a: Clodsire|71/100 brn|[from] brn\n|upkeep\n|\n|t:|1782450042\n|switch|p2a: Kingambit|Kingambit, F, tera:Ghost|21/100\n|-activate|p2a: Kingambit|ability: Supreme Overlord\n|-start|p2a: Kingambit|fallen4|[silent]\n|turn|46\n|\n|t:|1782450056\n|move|p2a: Kingambit|Sucker Punch||[still]\n|-fail|p2a: Kingambit\n|move|p1a: Clodsire|Toxic|p2a: Kingambit\n|-status|p2a: Kingambit|tox\n|\n|-heal|p1a: Clodsire|77/100 brn|[from] item: Leftovers\n|-damage|p2a: Kingambit|15/100 tox|[from] psn\n|-damage|p1a: Clodsire|71/100 brn|[from] brn\n|upkeep\n|turn|47\n|\n|t:|1782450068\n|move|p2a: Kingambit|Iron Head|p1a: Clodsire\n|-damage|p1a: Clodsire|0 fnt\n|faint|p1a: Clodsire\n|\n|-damage|p2a: Kingambit|3/100 tox|[from] psn\n|upkeep\n|\n|t:|1782450074\n|switch|p1a: Hatterene|Hatterene, F|8/100\n|turn|48\n|\n|t:|1782450080\n|move|p2a: Kingambit|Sucker Punch|p1a: Hatterene\n|-damage|p1a: Hatterene|0 fnt\n|faint|p1a: Hatterene\n|\n|win|saint chiko\n|raw|yuntiannuo's rating: 1092 &rarr; <strong>1071</strong><br />(-21 for losing)\n|raw|saint chiko's rating: 1128 &rarr; <strong>1150</strong><br />(+22 for winning)\n|c|☆saint chiko|dog\n|l|☆yuntiannuo\n|player|p1|\n|c|☆saint chiko|actual dog\n|l|☆saint chiko\n|player|p2|\n|j|☆yuntiannuo\n|player|p1|yuntiannuo|266|\n", "uploadtime": 1782450451, "views": 3, "formatid": "gen9ou", "rating": 1071, "private": 0, "password": null}