{"id": "gen9ou-2639901577", "format": "[Gen 9] OU", "players": ["The real kurt tay", "temporarylight"], "log": "|j|☆The real kurt tay\n|j|☆temporarylight\n|t:|1782539483\n|gametype|singles\n|player|p1|The real kurt tay|2|1522\n|player|p2|temporarylight|jogger|1698\n|gen|9\n|tier|[Gen 9] OU\n|rated|\n|rule|HP Percentage Mod: HP is shown in percentages\n|rule|Endless Battle Clause: Forcing endless battles is banned\n|rule|Species Clause: Limit one of each Pokémon\n|rule|OHKO Clause: OHKO moves are banned\n|rule|Evasion Items Clause: Evasion items are banned\n|rule|Evasion Moves Clause: Evasion moves are banned\n|rule|Evasion Abilities Clause: Evasion abilities are banned\n|rule|Sleep Moves Clause: Sleep-inducing moves are banned\n|clearpoke\n|poke|p1|Slowking-Galar, M|\n|poke|p1|Corviknight, F|\n|poke|p1|Ting-Lu|\n|poke|p1|Cinderace, F|\n|poke|p1|Dondozo, F|\n|poke|p1|Raging Bolt|\n|poke|p2|Iron Treads|\n|poke|p2|Cresselia, F|\n|poke|p2|Glimmora, M|\n|poke|p2|Dragonite, M|\n|poke|p2|Zamazenta-*|\n|poke|p2|Gholdengo|\n|teampreview\n|\n|t:|1782539504\n|teamsize|p1|6\n|teamsize|p2|6\n|start\n|switch|p1a: Ting-Lu|Ting-Lu|100/100\n|switch|p2a: Cresselia|Cresselia, F|100/100\n|-ability|p1a: Ting-Lu|Vessel of Ruin\n|turn|1\n|\n|t:|1782539510\n|switch|p1a: Cinderace|Cinderace, F|100/100\n|move|p2a: Cresselia|Trick|p1a: Cinderace\n|-activate|p2a: Cresselia|move: Trick|[of] p1a: Cinderace\n|-item|p1a: Cinderace|Choice Scarf|[from] move: Trick\n|-item|p2a: Cresselia|Heavy-Duty Boots|[from] move: Trick\n|\n|upkeep\n|turn|2\n|\n|t:|1782539514\n|move|p1a: Cinderace|U-turn|p2a: Cresselia\n|-supereffective|p2a: Cresselia\n|-damage|p2a: Cresselia|74/100\n|\n|t:|1782539518\n|switch|p1a: Slowking|Slowking-Galar, M|100/100|[from] U-turn\n|move|p2a: Cresselia|Thunder Wave|p1a: Slowking\n|-status|p1a: Slowking|par\n|\n|upkeep\n|turn|3\n|inactive|Battle timer is ON: inactive players will automatically lose when time's up. (requested by temporarylight)\n|\n|t:|1782539526\n|move|p2a: Cresselia|Trick|p1a: Slowking\n|-activate|p2a: Cresselia|move: Trick|[of] p1a: Slowking\n|-item|p1a: Slowking|Heavy-Duty Boots|[from] move: Trick\n|-item|p2a: Cresselia|Shuca Berry|[from] move: Trick\n|move|p1a: Slowking|Future Sight|p2a: Cresselia\n|-start|p1a: Slowking|move: Future Sight\n|\n|upkeep\n|turn|4\n|\n|t:|1782539534\n|move|p2a: Cresselia|Ice Beam|p1a: Slowking\n|-damage|p1a: Slowking|88/100 par\n|-prepare|p1a: Slowking|Chilly Reception|[premajor]\n|move|p1a: Slowking|Chilly Reception|p1a: Slowking\n|-weather|Snowscape\n|\n|t:|1782539541\n|switch|p1a: Cinderace|Cinderace, F|100/100|[from] Chilly Reception\n|\n|-weather|Snowscape|[upkeep]\n|upkeep\n|turn|5\n|\n|t:|1782539553\n|move|p1a: Cinderace|Pyro Ball|p2a: Cresselia\n|-damage|p2a: Cresselia|40/100\n|move|p2a: Cresselia|Ice Beam|p1a: Cinderace\n|-resisted|p1a: Cinderace\n|-damage|p1a: Cinderace|91/100\n|\n|-weather|Snowscape|[upkeep]\n|-end|p2a: Cresselia|move: Future Sight\n|-resisted|p2a: Cresselia\n|-damage|p2a: Cresselia|24/100\n|upkeep\n|turn|6\n|\n|t:|1782539562\n|switch|p2a: Glimmora|Glimmora, M|100/100\n|move|p1a: Cinderace|Pyro Ball|p2a: Glimmora\n|-resisted|p2a: Glimmora\n|-damage|p2a: Glimmora|80/100\n|-activate|p2a: Glimmora|ability: Toxic Debris\n|-sidestart|p1: The real kurt tay|move: Toxic Spikes\n|-enditem|p2a: Glimmora|Red Card|[of] p1a: Cinderace\n|drag|p1a: Corviknight|Corviknight, F|100/100\n|-ability|p1a: Corviknight|Pressure\n|\n|-weather|Snowscape|[upkeep]\n|upkeep\n|turn|7\n|\n|t:|1782539569\n|switch|p1a: Slowking|Slowking-Galar, M|100/100 par\n|-sideend|p1: The real kurt tay|move: Toxic Spikes|[of] p1a: Slowking\n|move|p2a: Glimmora|Stealth Rock|p1a: Slowking\n|-sidestart|p1: The real kurt tay|move: Stealth Rock\n|\n|-weather|Snowscape|[upkeep]\n|upkeep\n|turn|8\n|\n|t:|1782539573\n|switch|p2a: Gholdengo|Gholdengo|100/100\n|-item|p2a: Gholdengo|Air Balloon\n|move|p1a: Slowking|Future Sight|p2a: Gholdengo\n|-start|p1a: Slowking|move: Future Sight\n|\n|-weather|none\n|upkeep\n|turn|9\n|\n|t:|1782539588\n|move|p2a: Gholdengo|Hex|p1a: Slowking\n|-supereffective|p1a: Slowking\n|-damage|p1a: Slowking|6/100 par\n|-prepare|p1a: Slowking|Chilly Reception|[premajor]\n|move|p1a: Slowking|Chilly Reception|p1a: Slowking\n|-weather|Snowscape\n|\n|t:|1782539599\n|switch|p1a: Cinderace|Cinderace, F|91/100|[from] Chilly Reception\n|-damage|p1a: Cinderace|66/100|[from] Stealth Rock\n|\n|-weather|Snowscape|[upkeep]\n|upkeep\n|turn|10\n|\n|t:|1782539603\n|switch|p2a: Cresselia|Cresselia, F|24/100\n|move|p1a: Cinderace|Court Change|p1a: Cinderace\n|-swapsideconditions\n|-activate|p1a: Cinderace|move: Court Change\n|\n|-weather|Snowscape|[upkeep]\n|-end|p2a: Cresselia|move: Future Sight\n|-resisted|p2a: Cresselia\n|-damage|p2a: Cresselia|9/100\n|upkeep\n|turn|11\n|\n|t:|1782539611\n|switch|p1a: Slowking|Slowking-Galar, M|39/100 par\n|switch|p2a: Glimmora|Glimmora, M|80/100\n|-damage|p2a: Glimmora|67/100|[from] Stealth Rock\n|\n|-weather|Snowscape|[upkeep]\n|upkeep\n|turn|12\n|\n|t:|1782539619\n|switch|p1a: Corviknight|Corviknight, F|100/100\n|-ability|p1a: Corviknight|Pressure\n|move|p2a: Glimmora|Stealth Rock|p1a: Corviknight\n|-sidestart|p1: The real kurt tay|move: Stealth Rock\n|\n|-weather|Snowscape|[upkeep]\n|upkeep\n|turn|13\n|\n|t:|1782539631\n|move|p2a: Glimmora|Power Gem|p1a: Corviknight\n|-damage|p1a: Corviknight|69/100\n|move|p1a: Corviknight|Defog|p2a: Glimmora\n|-unboost|p2a: Glimmora|evasion|1\n|-sideend|p2: temporarylight|Stealth Rock|[from] move: Defog|[of] p1a: Corviknight\n|-sideend|p1: The real kurt tay|Stealth Rock|[from] move: Defog|[of] p1a: Corviknight\n|\n|-weather|none\n|upkeep\n|turn|14\n|\n|t:|1782539638\n|move|p2a: Glimmora|Stealth Rock|p1a: Corviknight\n|-sidestart|p1: The real kurt tay|move: Stealth Rock\n|move|p1a: Corviknight|Body Press|p2a: Glimmora\n|-damage|p2a: Glimmora|43/100\n|-activate|p2a: Glimmora|ability: Toxic Debris\n|-sidestart|p1: The real kurt tay|move: Toxic Spikes\n|\n|upkeep\n|turn|15\n|\n|t:|1782539642\n|switch|p2a: Gholdengo|Gholdengo|100/100\n|-item|p2a: Gholdengo|Air Balloon\n|move|p1a: Corviknight|Roost|p1a: Corviknight\n|-heal|p1a: Corviknight|100/100\n|-singleturn|p1a: Corviknight|move: Roost\n|\n|upkeep\n|turn|16\n|\n|t:|1782539648\n|switch|p1a: Ting-Lu|Ting-Lu|100/100\n|-damage|p1a: Ting-Lu|94/100|[from] Stealth Rock\n|-status|p1a: Ting-Lu|psn\n|-ability|p1a: Ting-Lu|Vessel of Ruin\n|move|p2a: Gholdengo|Hex|p1a: Ting-Lu\n|-resisted|p1a: Ting-Lu\n|-damage|p1a: Ting-Lu|83/100 psn\n|\n|-heal|p1a: Ting-Lu|89/100 psn|[from] item: Leftovers\n|-damage|p1a: Ting-Lu|77/100 psn|[from] psn\n|upkeep\n|turn|17\n|\n|t:|1782539655\n|switch|p2a: Zamazenta|Zamazenta|100/100\n|-ability|p2a: Zamazenta|Dauntless Shield|boost\n|-boost|p2a: Zamazenta|def|1\n|move|p1a: Ting-Lu|Payback|p2a: Zamazenta\n|-resisted|p2a: Zamazenta\n|-damage|p2a: Zamazenta|94/100\n|\n|-heal|p1a: Ting-Lu|83/100 psn|[from] item: Leftovers\n|-damage|p1a: Ting-Lu|70/100 psn|[from] psn\n|upkeep\n|turn|18\n|\n|t:|1782539663\n|switch|p1a: Slowking|Slowking-Galar, M|73/100 par\n|-sideend|p1: The real kurt tay|move: Toxic Spikes|[of] p1a: Slowking\n|move|p2a: Zamazenta|Crunch|p1a: Slowking\n|-supereffective|p1a: Slowking\n|-damage|p1a: Slowking|20/100 par\n|-unboost|p1a: Slowking|def|1\n|-damage|p2a: Zamazenta|84/100|[from] item: Life Orb\n|\n|upkeep\n|turn|19\n|\n|t:|1782539674\n|move|p2a: Zamazenta|Stone Edge|p1a: Slowking\n|-damage|p1a: Slowking|0 fnt\n|faint|p1a: Slowking\n|-damage|p2a: Zamazenta|75/100|[from] item: Life Orb\n|\n|upkeep\n|\n|t:|1782539682\n|switch|p1a: Cinderace|Cinderace, F|66/100\n|-damage|p1a: Cinderace|41/100|[from] Stealth Rock\n|turn|20\n|\n|t:|1782539685\n|move|p1a: Cinderace|Will-O-Wisp|p2a: Zamazenta\n|-status|p2a: Zamazenta|brn\n|move|p2a: Zamazenta|Close Combat|p1a: Cinderace\n|-damage|p1a: Cinderace|0 fnt\n|-unboost|p2a: Zamazenta|def|1\n|-unboost|p2a: Zamazenta|spd|1\n|faint|p1a: Cinderace\n|-damage|p2a: Zamazenta|65/100 brn|[from] item: Life Orb\n|\n|-damage|p2a: Zamazenta|59/100 brn|[from] brn\n|upkeep\n|\n|t:|1782539698\n|switch|p1a: Dondozo|Dondozo, F|100/100\n|-damage|p1a: Dondozo|88/100|[from] Stealth Rock\n|turn|21\n|\n|t:|1782539702\n|switch|p2a: Gholdengo|Gholdengo|100/100\n|-item|p2a: Gholdengo|Air Balloon\n|move|p1a: Dondozo|Curse|p1a: Dondozo\n|-unboost|p1a: Dondozo|spe|1\n|-boost|p1a: Dondozo|atk|1\n|-boost|p1a: Dondozo|def|1\n|\n|-heal|p1a: Dondozo|94/100|[from] item: Leftovers\n|upkeep\n|turn|22\n|\n|t:|1782539710\n|move|p2a: Gholdengo|Thunder Wave|p1a: Dondozo\n|-status|p1a: Dondozo|par\n|move|p1a: Dondozo|Liquidation|p2a: Gholdengo\n|-damage|p2a: Gholdengo|68/100\n|-unboost|p2a: Gholdengo|def|1\n|-enditem|p2a: Gholdengo|Air Balloon\n|\n|-heal|p1a: Dondozo|100/100 par|[from] item: Leftovers\n|upkeep\n|turn|23\n|\n|t:|1782539721\n|move|p2a: Gholdengo|Hex|p1a: Dondozo\n|-damage|p1a: Dondozo|63/100 par\n|move|p1a: Dondozo|Curse|p1a: Dondozo\n|-unboost|p1a: Dondozo|spe|1\n|-boost|p1a: Dondozo|atk|1\n|-boost|p1a: Dondozo|def|1\n|\n|-heal|p1a: Dondozo|69/100 par|[from] item: Leftovers\n|upkeep\n|turn|24\n|\n|t:|1782539725\n|move|p2a: Gholdengo|Hex|p1a: Dondozo\n|-damage|p1a: Dondozo|31/100 par\n|move|p1a: Dondozo|Rest|p1a: Dondozo\n|-status|p1a: Dondozo|slp|[from] move: Rest\n|-heal|p1a: Dondozo|100/100 slp|[silent]\n|\n|upkeep\n|turn|25\n|\n|t:|1782539729\n|move|p2a: Gholdengo|Hex|p1a: Dondozo\n|-damage|p1a: Dondozo|63/100 slp\n|cant|p1a: Dondozo|slp\n|move|p1a: Dondozo|Sleep Talk|p1a: Dondozo\n|move|p1a: Dondozo|Liquidation|p2a: Gholdengo|[from] move: Sleep Talk\n|-damage|p2a: Gholdengo|30/100\n|\n|-heal|p1a: Dondozo|69/100 slp|[from] item: Leftovers\n|upkeep\n|turn|26\n|\n|t:|1782539738\n|-terastallize|p1a: Dondozo|Dark\n|move|p2a: Gholdengo|Recover|p2a: Gholdengo\n|-heal|p2a: Gholdengo|80/100\n|cant|p1a: Dondozo|slp\n|move|p1a: Dondozo|Sleep Talk|p1a: Dondozo\n|move|p1a: Dondozo|Rest||[from] move: Sleep Talk|[still]\n|-fail|p1a: Dondozo\n|\n|-heal|p1a: Dondozo|75/100 slp|[from] item: Leftovers\n|upkeep\n|turn|27\n|\n|t:|1782539747\n|move|p2a: Gholdengo|Focus Blast|p1a: Dondozo\n|-supereffective|p1a: Dondozo\n|-damage|p1a: Dondozo|28/100 slp\n|-curestatus|p1a: Dondozo|slp|[msg]\n|move|p1a: Dondozo|Curse|p1a: Dondozo\n|-unboost|p1a: Dondozo|spe|1\n|-boost|p1a: Dondozo|atk|1\n|-boost|p1a: Dondozo|def|1\n|\n|-heal|p1a: Dondozo|34/100|[from] item: Leftovers\n|upkeep\n|turn|28\n|\n|t:|1782539751\n|move|p2a: Gholdengo|Focus Blast|p1a: Dondozo\n|-supereffective|p1a: Dondozo\n|-damage|p1a: Dondozo|0 fnt\n|faint|p1a: Dondozo\n|\n|upkeep\n|\n|t:|1782539753\n|switch|p1a: Raging Bolt|Raging Bolt|100/100\n|-damage|p1a: Raging Bolt|88/100|[from] Stealth Rock\n|turn|29\n|\n|t:|1782539757\n|switch|p2a: Glimmora|Glimmora, M|43/100\n|move|p1a: Raging Bolt|Draco Meteor|p2a: Glimmora\n|-damage|p2a: Glimmora|0 fnt\n|-unboost|p1a: Raging Bolt|spa|2\n|faint|p2a: Glimmora\n|\n|upkeep\n|\n|t:|1782539760\n|switch|p2a: Cresselia|Cresselia, F|9/100\n|turn|30\n|-message|The real kurt tay forfeited.\n|\n|win|temporarylight\n|raw|The real kurt tay's rating: 1522 &rarr; <strong>1511</strong><br />(-11 for losing)\n|raw|temporarylight's rating: 1698 &rarr; <strong>1709</strong><br />(+11 for winning)\n|l|☆The real kurt tay\n|player|p1|\n", "uploadtime": 1782539965, "views": 8, "formatid": "gen9ou", "rating": 1511, "private": 0, "password": null}