{"id": "gen9ou-2647756747", "format": "[Gen 9] OU", "players": ["OUBotBeepBoop", "therealflannery_gg"], "log": "|j|☆OUBotBeepBoop\n|j|☆therealflannery_gg\n|t:|1783807290\n|gametype|singles\n|player|p1|OUBotBeepBoop|102|1214\n|player|p2|therealflannery_gg|flannery|1181\n|gen|9\n|tier|[Gen 9] OU\n|rated|\n|rule|HP Percentage Mod: HP is shown in percentages\n|rule|Endless Battle Clause: Forcing endless battles is banned\n|rule|Species Clause: Limit one of each Pokémon\n|rule|OHKO Clause: OHKO moves are banned\n|rule|Evasion Items Clause: Evasion items are banned\n|rule|Evasion Moves Clause: Evasion moves are banned\n|rule|Evasion Abilities Clause: Evasion abilities are banned\n|rule|Sleep Moves Clause: Sleep-inducing moves are banned\n|clearpoke\n|poke|p1|Glimmora, M|\n|poke|p1|Great Tusk|\n|poke|p1|Kingambit, F|\n|poke|p1|Dragapult, M|\n|poke|p1|Clefable, M|\n|poke|p1|Corviknight, F|\n|poke|p2|Ogerpon-Wellspring, F|\n|poke|p2|Darkrai|\n|poke|p2|Tornadus-Therian, M|\n|poke|p2|Pecharunt|\n|poke|p2|Bronzong|\n|poke|p2|Great Tusk|\n|teampreview\n|inactive|Battle timer is ON: inactive players will automatically lose when time's up. (requested by OUBotBeepBoop)\n|\n|t:|1783807296\n|teamsize|p1|6\n|teamsize|p2|6\n|start\n|switch|p1a: Glimmora|Glimmora, M|100/100\n|switch|p2a: Bronzong|Bronzong|100/100\n|turn|1\n|\n|t:|1783807299\n|move|p1a: Glimmora|Stealth Rock|p2a: Bronzong\n|-sidestart|p2: therealflannery_gg|move: Stealth Rock\n|move|p2a: Bronzong|Gyro Ball|p1a: Glimmora\n|-supereffective|p1a: Glimmora\n|-enditem|p1a: Glimmora|Focus Sash\n|-damage|p1a: Glimmora|1/100\n|-activate|p1a: Glimmora|ability: Toxic Debris\n|-sidestart|p2: therealflannery_gg|move: Toxic Spikes\n|\n|upkeep\n|turn|2\n|\n|t:|1783807301\n|switch|p1a: Kingambit|Kingambit, F|100/100\n|move|p2a: Bronzong|Stealth Rock|p1a: Kingambit\n|-sidestart|p1: OUBotBeepBoop|move: Stealth Rock\n|\n|upkeep\n|turn|3\n|\n|t:|1783807305\n|switch|p2a: Great Tusk|Great Tusk|100/100\n|-damage|p2a: Great Tusk|98/100|[from] Stealth Rock\n|-status|p2a: Great Tusk|psn\n|move|p1a: Kingambit|Kowtow Cleave|p2a: Great Tusk\n|-resisted|p2a: Great Tusk\n|-damage|p2a: Great Tusk|74/100 psn\n|-damage|p1a: Kingambit|84/100|[from] item: Rocky Helmet|[of] p2a: Great Tusk\n|\n|-damage|p2a: Great Tusk|62/100 psn|[from] psn\n|upkeep\n|turn|4\n|\n|t:|1783807310\n|-end|p1a: Kingambit|fallenundefined|[silent]\n|switch|p1a: Clefable|Clefable, M|100/100\n|-damage|p1a: Clefable|88/100|[from] Stealth Rock\n|move|p2a: Great Tusk|Earthquake|p1a: Clefable\n|-damage|p1a: Clefable|51/100\n|\n|-heal|p1a: Clefable|57/100|[from] item: Leftovers\n|-damage|p2a: Great Tusk|49/100 psn|[from] psn\n|upkeep\n|turn|5\n|\n|t:|1783807312\n|move|p2a: Great Tusk|Rapid Spin|p1a: Clefable\n|-damage|p1a: Clefable|43/100\n|-boost|p2a: Great Tusk|spe|1\n|-sideend|p2: therealflannery_gg|Toxic Spikes|[from] move: Rapid Spin|[of] p2a: Great Tusk\n|-sideend|p2: therealflannery_gg|Stealth Rock|[from] move: Rapid Spin|[of] p2a: Great Tusk\n|move|p1a: Clefable|Moonblast|p2a: Great Tusk\n|-supereffective|p2a: Great Tusk\n|-damage|p2a: Great Tusk|0 fnt\n|faint|p2a: Great Tusk\n|-end|p2a: Great Tusk|Protosynthesis|[silent]\n|\n|-heal|p1a: Clefable|49/100|[from] item: Leftovers\n|upkeep\n|\n|t:|1783807315\n|switch|p2a: Pecharunt|Pecharunt|100/100\n|turn|6\n|\n|t:|1783807320\n|move|p2a: Pecharunt|Malignant Chain|p1a: Clefable\n|-supereffective|p1a: Clefable\n|-damage|p1a: Clefable|0 fnt\n|faint|p1a: Clefable\n|\n|upkeep\n|\n|t:|1783807320\n|switch|p1a: Dragapult|Dragapult, M|100/100\n|-damage|p1a: Dragapult|88/100|[from] Stealth Rock\n|turn|7\n|\n|t:|1783807324\n|move|p1a: Dragapult|Shadow Ball|p2a: Pecharunt\n|-supereffective|p2a: Pecharunt\n|-damage|p2a: Pecharunt|0 fnt\n|faint|p2a: Pecharunt\n|\n|upkeep\n|\n|t:|1783807327\n|switch|p2a: Darkrai|Darkrai|100/100\n|turn|8\n|\n|t:|1783807329\n|switch|p1a: Corviknight|Corviknight, F|100/100\n|-damage|p1a: Corviknight|88/100|[from] Stealth Rock\n|-ability|p1a: Corviknight|Pressure\n|move|p2a: Darkrai|Focus Blast|p1a: Corviknight\n|-damage|p1a: Corviknight|22/100\n|\n|-heal|p1a: Corviknight|28/100|[from] item: Leftovers\n|upkeep\n|turn|9\n|\n|t:|1783807332\n|switch|p1a: Glimmora|Glimmora, M|1/100\n|-damage|p1a: Glimmora|0 fnt|[from] Stealth Rock\n|faint|p1a: Glimmora\n|move|p2a: Darkrai|Focus Blast|p1: Glimmora|[notarget]\n|-fail|p2a: Darkrai\n|\n|upkeep\n|\n|t:|1783807332\n|switch|p1a: Dragapult|Dragapult, M|88/100\n|-damage|p1a: Dragapult|76/100|[from] Stealth Rock\n|turn|10\n|\n|t:|1783807343\n|switch|p2a: Tornadus|Tornadus-Therian, M|100/100\n|move|p1a: Dragapult|Draco Meteor|p2a: Tornadus\n|-damage|p2a: Tornadus|0 fnt\n|-unboost|p1a: Dragapult|spa|2\n|faint|p2a: Tornadus\n|\n|upkeep\n|\n|t:|1783807345\n|switch|p2a: Ogerpon|Ogerpon-Wellspring, F|100/100\n|turn|11\n|\n|t:|1783807348\n|-terastallize|p2a: Ogerpon|Water\n|detailschange|p2a: Ogerpon|Ogerpon-Wellspring-Tera, F, tera:Water\n|-ability|p2a: Ogerpon|Embody Aspect (Wellspring)|boost\n|-boost|p2a: Ogerpon|spd|1\n|move|p1a: Dragapult|Draco Meteor|p2a: Ogerpon\n|-damage|p2a: Ogerpon|65/100\n|-unboost|p1a: Dragapult|spa|2\n|move|p2a: Ogerpon|Trailblaze|p1a: Dragapult\n|-resisted|p1a: Dragapult\n|-damage|p1a: Dragapult|54/100\n|-boost|p2a: Ogerpon|spe|1\n|\n|upkeep\n|turn|12\n|\n|t:|1783807349\n|switch|p1a: Kingambit|Kingambit, F|84/100\n|-damage|p1a: Kingambit|78/100|[from] Stealth Rock\n|-activate|p1a: Kingambit|ability: Supreme Overlord\n|-start|p1a: Kingambit|fallen2|[silent]\n|move|p2a: Ogerpon|Ivy Cudgel|p1a: Kingambit|[anim] Ivy Cudgel Water\n|-damage|p1a: Kingambit|24/100\n|\n|upkeep\n|turn|13\n|\n|t:|1783807357\n|-terastallize|p1a: Kingambit|Dark\n|move|p2a: Ogerpon|Swords Dance|p2a: Ogerpon\n|-boost|p2a: Ogerpon|atk|2\n|move|p1a: Kingambit|Kowtow Cleave|p2a: Ogerpon\n|-damage|p2a: Ogerpon|0 fnt\n|faint|p2a: Ogerpon\n|detailschange|p2: Ogerpon|Ogerpon-Wellspring, F|[silent]\n|\n|upkeep\n|\n|t:|1783807360\n|switch|p2a: Darkrai|Darkrai|100/100\n|turn|14\n|\n|t:|1783807362\n|-end|p1a: Kingambit|fallen2|[silent]\n|switch|p1a: Dragapult|Dragapult, M|54/100\n|-damage|p1a: Dragapult|42/100|[from] Stealth Rock\n|move|p2a: Darkrai|Dark Pulse|p1a: Dragapult\n|-supereffective|p1a: Dragapult\n|-damage|p1a: Dragapult|0 fnt\n|faint|p1a: Dragapult\n|\n|upkeep\n|\n|t:|1783807363\n|switch|p1a: Great Tusk|Great Tusk|100/100\n|turn|15\n|\n|t:|1783807365\n|switch|p2a: Bronzong|Bronzong|100/100\n|move|p1a: Great Tusk|Rapid Spin|p2a: Bronzong\n|-resisted|p2a: Bronzong\n|-damage|p2a: Bronzong|93/100\n|-boost|p1a: Great Tusk|spe|1\n|-sideend|p1: OUBotBeepBoop|Stealth Rock|[from] move: Rapid Spin|[of] p1a: Great Tusk\n|\n|upkeep\n|turn|16\n|\n|t:|1783807372\n|move|p1a: Great Tusk|Knock Off|p2a: Bronzong\n|-supereffective|p2a: Bronzong\n|-damage|p2a: Bronzong|32/100\n|-enditem|p2a: Bronzong|Covert Cloak|[from] move: Knock Off|[of] p1a: Great Tusk\n|move|p2a: Bronzong|Stealth Rock|p1a: Great Tusk\n|-sidestart|p1: OUBotBeepBoop|move: Stealth Rock\n|\n|upkeep\n|turn|17\n|\n|t:|1783807375\n|move|p1a: Great Tusk|Knock Off|p2a: Bronzong\n|-supereffective|p2a: Bronzong\n|-damage|p2a: Bronzong|0 fnt\n|faint|p2a: Bronzong\n|\n|upkeep\n|\n|t:|1783807377\n|switch|p2a: Darkrai|Darkrai|100/100\n|turn|18\n|\n|t:|1783807382\n|move|p1a: Great Tusk|Headlong Rush|p2a: Darkrai\n|-damage|p2a: Darkrai|23/100\n|-unboost|p1a: Great Tusk|def|1\n|-unboost|p1a: Great Tusk|spd|1\n|move|p2a: Darkrai|Ice Beam|p1a: Great Tusk\n|-supereffective|p1a: Great Tusk\n|-damage|p1a: Great Tusk|0 fnt\n|faint|p1a: Great Tusk\n|-end|p1a: Great Tusk|Protosynthesis|[silent]\n|\n|upkeep\n|\n|t:|1783807382\n|switch|p1a: Corviknight|Corviknight, F|28/100\n|-damage|p1a: Corviknight|16/100|[from] Stealth Rock\n|-ability|p1a: Corviknight|Pressure\n|turn|19\n|\n|t:|1783807384\n|move|p2a: Darkrai|Ice Beam|p1a: Corviknight\n|-damage|p1a: Corviknight|0 fnt\n|faint|p1a: Corviknight\n|\n|upkeep\n|\n|t:|1783807385\n|switch|p1a: Kingambit|Kingambit, F, tera:Dark|24/100\n|-damage|p1a: Kingambit|12/100|[from] Stealth Rock\n|-activate|p1a: Kingambit|ability: Supreme Overlord\n|-start|p1a: Kingambit|fallen5|[silent]\n|turn|20\n|\n|t:|1783807387\n|move|p1a: Kingambit|Sucker Punch|p2a: Darkrai\n|-resisted|p2a: Darkrai\n|-damage|p2a: Darkrai|0 fnt\n|faint|p2a: Darkrai\n|\n|win|OUBotBeepBoop\n|raw|OUBotBeepBoop's rating: 1171 &rarr; <strong>1197</strong><br />(+26 for winning)\n|raw|therealflannery_gg's rating: 1181 &rarr; <strong>1155</strong><br />(-26 for losing)\n|l|☆OUBotBeepBoop\n|player|p1|\n|l|☆therealflannery_gg\n|player|p2|\n", "uploadtime": 1783807711, "views": 9, "formatid": "gen9ou", "rating": 1155, "private": 0, "password": null}