{"id": "gen9ou-2640028716", "format": "[Gen 9] OU", "players": ["choispecs ironmoth", "Agency Member two"], "log": "|badge|p2|bronze|gen9ou|100-9\n|html|<div class=\"broadcast-red\"><strong>This battle is required to be public due to one or more player having a season medal.</strong><br />During the public phase, you can discuss the state of the ladder <a href=\"/seasondiscussion\">in a special chatroom.</a></div>\n|uhtml|medal-msg|<div class=\"broadcast-blue\">Curious what those medals under the avatar are? PS now has Ladder Seasons! For more information, check out the <a href=\"https://www.smogon.com/forums/threads/3740067/\">thread on Smogon.</a></div>\n|raw|<div class=\"broadcast-blue\"><strong>This battle is required to be public due to a player having a name starting with 'medal'.</div>\n|j|☆choispecs ironmoth\n|j|☆Agency Member two\n|t:|1782566471\n|gametype|singles\n|player|p1|choispecs ironmoth|steven|1773\n|player|p2|Agency Member two|scientist-gen4|1878\n|gen|9\n|tier|[Gen 9] OU\n|rated|\n|rule|HP Percentage Mod: HP is shown in percentages\n|rule|Endless Battle Clause: Forcing endless battles is banned\n|rule|Species Clause: Limit one of each Pokémon\n|rule|OHKO Clause: OHKO moves are banned\n|rule|Evasion Items Clause: Evasion items are banned\n|rule|Evasion Moves Clause: Evasion moves are banned\n|rule|Evasion Abilities Clause: Evasion abilities are banned\n|rule|Sleep Moves Clause: Sleep-inducing moves are banned\n|clearpoke\n|poke|p1|Zamazenta-*|\n|poke|p1|Volcanion|\n|poke|p1|Ting-Lu|\n|poke|p1|Corviknight, M|\n|poke|p1|Hatterene, F|\n|poke|p1|Slowking-Galar, M|\n|poke|p2|Great Tusk|\n|poke|p2|Deoxys-Speed|\n|poke|p2|Gholdengo|\n|poke|p2|Iron Valiant|\n|poke|p2|Dragonite, F|\n|poke|p2|Zamazenta-*|\n|teampreview\n|\n|t:|1782566482\n|teamsize|p1|6\n|teamsize|p2|6\n|start\n|switch|p1a: Hatterene|Hatterene, F|100/100\n|switch|p2a: Deoxys|Deoxys-Speed|100/100\n|-ability|p2a: Deoxys|Pressure\n|turn|1\n|inactive|Battle timer is ON: inactive players will automatically lose when time's up. (requested by Agency Member two)\n|\n|t:|1782566486\n|move|p2a: Deoxys|Skill Swap|p1a: Hatterene\n|-activate|p2a: Deoxys|Skill Swap|Magic Bounce|Pressure|[of] p1a: Hatterene\n|-ability|p1a: Hatterene|Pressure\n|move|p1a: Hatterene|Nuzzle|p2a: Deoxys\n|-damage|p2a: Deoxys|96/100\n|-status|p2a: Deoxys|par\n|\n|upkeep\n|turn|2\n|\n|t:|1782566495\n|switch|p1a: Corviknight|Corviknight, M|100/100\n|-ability|p1a: Corviknight|Pressure\n|move|p2a: Deoxys|Stealth Rock|p1a: Corviknight\n|-sidestart|p1: choispecs ironmoth|move: Stealth Rock\n|\n|upkeep\n|turn|3\n|\n|t:|1782566511\n|switch|p1a: Ting-Lu|Ting-Lu|100/100\n|-damage|p1a: Ting-Lu|94/100|[from] Stealth Rock\n|-ability|p1a: Ting-Lu|Vessel of Ruin\n|move|p2a: Deoxys|Taunt|p1a: Ting-Lu\n|-start|p1a: Ting-Lu|move: Taunt\n|\n|-heal|p1a: Ting-Lu|100/100|[from] item: Leftovers\n|upkeep\n|turn|4\n|\n|t:|1782566516\n|switch|p1a: Hatterene|Hatterene, F|100/100\n|-damage|p1a: Hatterene|88/100|[from] Stealth Rock\n|move|p2a: Deoxys|Spikes|p1a: Hatterene\n|move|p1a: Hatterene|Spikes|p2a: Deoxys|[from] ability: Magic Bounce\n|-sidestart|p2: Agency Member two|Spikes\n|\n|upkeep\n|turn|5\n|\n|t:|1782566527\n|move|p2a: Deoxys|Skill Swap|p1a: Hatterene\n|-activate|p2a: Deoxys|Skill Swap|Magic Bounce|Magic Bounce|[of] p1a: Hatterene\n|move|p1a: Hatterene|Nuzzle|p2a: Deoxys\n|-damage|p2a: Deoxys|91/100 par\n|\n|upkeep\n|turn|6\n|\n|t:|1782566540\n|move|p2a: Deoxys|Spikes|p1a: Hatterene\n|move|p1a: Hatterene|Spikes|p2a: Deoxys|[from] ability: Magic Bounce\n|-sidestart|p2: Agency Member two|Spikes\n|move|p1a: Hatterene|Nuzzle|p2a: Deoxys\n|-damage|p2a: Deoxys|86/100 par\n|\n|upkeep\n|turn|7\n|l|☆choispecs ironmoth\n|inactive|choispecs ironmoth disconnected and has a minute to reconnect!\n|player|p1|\n|\n|t:|1782566564\n|switch|p2a: Gholdengo|Gholdengo|100/100\n|-damage|p2a: Gholdengo|84/100|[from] Spikes\n|move|p1a: Hatterene|Draining Kiss|p2a: Gholdengo\n|-resisted|p2a: Gholdengo\n|-damage|p2a: Gholdengo|73/100\n|-heal|p1a: Hatterene|98/100|[from] drain|[of] p2a: Gholdengo\n|\n|upkeep\n|turn|8\n|j|☆choispecs ironmoth\n|inactive|choispecs ironmoth reconnected and has 145 seconds left.\n|player|p1|choispecs ironmoth|steven|\n|\n|t:|1782566577\n|switch|p1a: Slowking|Slowking-Galar, M|100/100\n|-damage|p1a: Slowking|88/100|[from] Stealth Rock\n|move|p2a: Gholdengo|Nasty Plot|p2a: Gholdengo\n|-boost|p2a: Gholdengo|spa|2\n|\n|-heal|p1a: Slowking|94/100|[from] item: Black Sludge\n|upkeep\n|turn|9\n|\n|t:|1782566584\n|switch|p1a: Ting-Lu|Ting-Lu|100/100\n|-damage|p1a: Ting-Lu|94/100|[from] Stealth Rock\n|-ability|p1a: Ting-Lu|Vessel of Ruin\n|move|p2a: Gholdengo|Shadow Ball|p1a: Ting-Lu\n|-resisted|p1a: Ting-Lu\n|-damage|p1a: Ting-Lu|78/100\n|\n|-heal|p1a: Ting-Lu|84/100|[from] item: Leftovers\n|upkeep\n|turn|10\n|\n|t:|1782566588\n|move|p2a: Gholdengo|Make It Rain|p1a: Ting-Lu\n|-damage|p1a: Ting-Lu|36/100\n|-unboost|p2a: Gholdengo|spa|1\n|move|p1a: Ting-Lu|Payback|p2a: Gholdengo\n|-supereffective|p2a: Gholdengo\n|-damage|p2a: Gholdengo|19/100\n|\n|-heal|p1a: Ting-Lu|42/100|[from] item: Leftovers\n|upkeep\n|turn|11\n|-enditem|p2a: Gholdengo|Custap Berry|[eat]\n|-activate|p2a: Gholdengo|item: Custap Berry|[consumed]\n|\n|t:|1782566599\n|move|p2a: Gholdengo|Make It Rain|p1a: Ting-Lu\n|-damage|p1a: Ting-Lu|4/100\n|-unboost|p2a: Gholdengo|spa|1\n|move|p1a: Ting-Lu|Rest|p1a: Ting-Lu\n|-status|p1a: Ting-Lu|slp|[from] move: Rest\n|-heal|p1a: Ting-Lu|100/100 slp|[silent]\n|\n|upkeep\n|turn|12\n|\n|t:|1782566629\n|move|p2a: Gholdengo|Nasty Plot|p2a: Gholdengo\n|-boost|p2a: Gholdengo|spa|2\n|cant|p1a: Ting-Lu|slp\n|move|p1a: Ting-Lu|Sleep Talk|p1a: Ting-Lu\n|move|p1a: Ting-Lu|Rest||[from] move: Sleep Talk|[still]\n|-fail|p1a: Ting-Lu\n|\n|upkeep\n|turn|13\n|\n|t:|1782566636\n|move|p2a: Gholdengo|Make It Rain|p1a: Ting-Lu\n|-damage|p1a: Ting-Lu|53/100 slp\n|-unboost|p2a: Gholdengo|spa|1\n|cant|p1a: Ting-Lu|slp\n|move|p1a: Ting-Lu|Sleep Talk|p1a: Ting-Lu\n|move|p1a: Ting-Lu|Rest||[from] move: Sleep Talk|[still]\n|-fail|p1a: Ting-Lu\n|\n|-heal|p1a: Ting-Lu|59/100 slp|[from] item: Leftovers\n|upkeep\n|turn|14\n|\n|t:|1782566645\n|move|p2a: Gholdengo|Nasty Plot|p2a: Gholdengo\n|-boost|p2a: Gholdengo|spa|2\n|-curestatus|p1a: Ting-Lu|slp|[msg]\n|move|p1a: Ting-Lu|Earthquake|p2a: Gholdengo\n|-supereffective|p2a: Gholdengo\n|-damage|p2a: Gholdengo|0 fnt\n|faint|p2a: Gholdengo\n|\n|-heal|p1a: Ting-Lu|66/100|[from] item: Leftovers\n|upkeep\n|\n|t:|1782566648\n|switch|p2a: Zamazenta|Zamazenta|100/100\n|-damage|p2a: Zamazenta|84/100|[from] Spikes\n|-ability|p2a: Zamazenta|Dauntless Shield|boost\n|-boost|p2a: Zamazenta|def|1\n|turn|15\n|\n|t:|1782566667\n|switch|p1a: Hatterene|Hatterene, F|98/100\n|-damage|p1a: Hatterene|85/100|[from] Stealth Rock\n|move|p2a: Zamazenta|Close Combat|p1a: Hatterene\n|-resisted|p1a: Hatterene\n|-damage|p1a: Hatterene|69/100\n|-unboost|p2a: Zamazenta|def|1\n|-unboost|p2a: Zamazenta|spd|1\n|-damage|p2a: Zamazenta|67/100|[from] item: Rocky Helmet|[of] p1a: Hatterene\n|-damage|p2a: Zamazenta|57/100|[from] item: Life Orb\n|\n|upkeep\n|turn|16\n|\n|t:|1782566677\n|switch|p1a: Corviknight|Corviknight, M|100/100\n|-damage|p1a: Corviknight|88/100|[from] Stealth Rock\n|-ability|p1a: Corviknight|Pressure\n|move|p2a: Zamazenta|Heavy Slam|p1a: Corviknight\n|-resisted|p1a: Corviknight\n|-damage|p1a: Corviknight|79/100\n|-damage|p2a: Zamazenta|41/100|[from] item: Rocky Helmet|[of] p1a: Corviknight\n|-damage|p2a: Zamazenta|31/100|[from] item: Life Orb\n|\n|upkeep\n|turn|17\n|\n|t:|1782566681\n|move|p2a: Zamazenta|Close Combat|p1a: Corviknight\n|-damage|p1a: Corviknight|27/100\n|-unboost|p2a: Zamazenta|def|1\n|-unboost|p2a: Zamazenta|spd|1\n|-damage|p2a: Zamazenta|14/100|[from] item: Rocky Helmet|[of] p1a: Corviknight\n|-damage|p2a: Zamazenta|4/100|[from] item: Life Orb\n|move|p1a: Corviknight|Defog|p2a: Zamazenta\n|-unboost|p2a: Zamazenta|evasion|1\n|-sideend|p2: Agency Member two|Spikes|[from] move: Defog|[of] p1a: Corviknight\n|-sideend|p1: choispecs ironmoth|Stealth Rock|[from] move: Defog|[of] p1a: Corviknight\n|\n|upkeep\n|turn|18\n|\n|t:|1782566698\n|switch|p1a: Slowking|Slowking-Galar, M|100/100\n|move|p2a: Zamazenta|Close Combat|p1a: Slowking\n|-resisted|p1a: Slowking\n|-damage|p1a: Slowking|78/100\n|-unboost|p2a: Zamazenta|def|1\n|-unboost|p2a: Zamazenta|spd|1\n|-damage|p2a: Zamazenta|0 fnt|[from] item: Life Orb\n|faint|p2a: Zamazenta\n|\n|-heal|p1a: Slowking|85/100|[from] item: Black Sludge\n|upkeep\n|\n|t:|1782566703\n|switch|p2a: Deoxys|Deoxys-Speed|86/100 par\n|-ability|p2a: Deoxys|Pressure\n|turn|19\n|j| Garden of Dreams\n|l| Garden of Dreams\n|\n|t:|1782566717\n|move|p2a: Deoxys|Skill Swap|p1a: Slowking\n|-activate|p2a: Deoxys|Skill Swap|Regenerator|Pressure|[of] p1a: Slowking\n|-ability|p1a: Slowking|Pressure\n|move|p1a: Slowking|Sludge Bomb|p2a: Deoxys\n|-damage|p2a: Deoxys|48/100 par\n|\n|-heal|p1a: Slowking|91/100|[from] item: Black Sludge\n|upkeep\n|turn|20\n|\n|t:|1782566728\n|switch|p1a: Hatterene|Hatterene, F|69/100\n|move|p2a: Deoxys|Skill Swap|p1a: Hatterene\n|-activate|p2a: Deoxys|Skill Swap|Magic Bounce|Regenerator|[of] p1a: Hatterene\n|\n|upkeep\n|turn|21\n|\n|t:|1782566736\n|switch|p1a: Corviknight|Corviknight, M|27/100\n|-ability|p1a: Corviknight|Pressure\n|move|p2a: Deoxys|Stealth Rock|p1a: Corviknight\n|-sidestart|p1: choispecs ironmoth|move: Stealth Rock\n|\n|upkeep\n|turn|22\n|\n|t:|1782566742\n|switch|p1a: Hatterene|Hatterene, F|100/100\n|-damage|p1a: Hatterene|88/100|[from] Stealth Rock\n|cant|p2a: Deoxys|par\n|\n|upkeep\n|turn|23\n|\n|t:|1782566756\n|move|p2a: Deoxys|Taunt|p1a: Hatterene\n|move|p1a: Hatterene|Taunt|p2a: Deoxys|[from] ability: Magic Bounce\n|-start|p2a: Deoxys|move: Taunt\n|move|p1a: Hatterene|Draining Kiss|p2a: Deoxys\n|-damage|p2a: Deoxys|20/100 par\n|-heal|p1a: Hatterene|100/100|[from] drain|[of] p2a: Deoxys\n|\n|upkeep\n|turn|24\n|\n|t:|1782566763\n|cant|p2a: Deoxys|par\n|move|p1a: Hatterene|Draining Kiss|p2a: Deoxys\n|-damage|p2a: Deoxys|0 fnt\n|faint|p2a: Deoxys\n|\n|upkeep\n|inactive|Agency Member two has 120 seconds left.\n|\n|t:|1782566799\n|switch|p2a: Dragonite|Dragonite, F|100/100\n|turn|25\n|\n|t:|1782566805\n|-terastallize|p2a: Dragonite|Fire\n|move|p2a: Dragonite|Dragon Dance|p2a: Dragonite\n|-boost|p2a: Dragonite|atk|1\n|-boost|p2a: Dragonite|spe|1\n|move|p1a: Hatterene|Nuzzle|p2a: Dragonite\n|-damage|p2a: Dragonite|98/100\n|-status|p2a: Dragonite|par\n|\n|upkeep\n|turn|26\n|\n|t:|1782566812\n|move|p2a: Dragonite|Dragon Dance|p2a: Dragonite\n|-boost|p2a: Dragonite|atk|1\n|-boost|p2a: Dragonite|spe|1\n|move|p1a: Hatterene|Psychic Noise|p2a: Dragonite\n|-damage|p2a: Dragonite|64/100 par\n|-start|p2a: Dragonite|move: Heal Block\n|\n|upkeep\n|turn|27\n|\n|t:|1782566818\n|cant|p2a: Dragonite|par\n|move|p1a: Hatterene|Psychic Noise|p2a: Dragonite\n|-damage|p2a: Dragonite|27/100 par\n|\n|-end|p2a: Dragonite|move: Heal Block\n|upkeep\n|turn|28\n|\n|t:|1782566821\n|move|p2a: Dragonite|Fire Punch|p1a: Hatterene\n|-damage|p1a: Hatterene|7/100\n|-status|p1a: Hatterene|brn\n|-damage|p2a: Dragonite|11/100 par|[from] item: Rocky Helmet|[of] p1a: Hatterene\n|-damage|p2a: Dragonite|1/100 par|[from] item: Life Orb\n|move|p1a: Hatterene|Psychic Noise|p2a: Dragonite\n|-damage|p2a: Dragonite|0 fnt\n|faint|p2a: Dragonite\n|\n|-damage|p1a: Hatterene|1/100 brn|[from] brn\n|upkeep\n|\n|t:|1782566835\n|switch|p2a: Iron Valiant|Iron Valiant|100/100\n|-enditem|p2a: Iron Valiant|Booster Energy\n|-activate|p2a: Iron Valiant|ability: Quark Drive|[fromitem]\n|-start|p2a: Iron Valiant|quarkdrivespe\n|turn|29\n|\n|t:|1782566846\n|move|p2a: Iron Valiant|Moonblast|p1a: Hatterene\n|-damage|p1a: Hatterene|0 fnt\n|faint|p1a: Hatterene\n|\n|upkeep\n|\n|t:|1782566849\n|switch|p1a: Slowking|Slowking-Galar, M|91/100\n|-damage|p1a: Slowking|78/100|[from] Stealth Rock\n|turn|30\n|\n|t:|1782566859\n|move|p2a: Iron Valiant|Knock Off|p1a: Slowking\n|-supereffective|p1a: Slowking\n|-damage|p1a: Slowking|24/100\n|-enditem|p1a: Slowking|Black Sludge|[from] move: Knock Off|[of] p2a: Iron Valiant\n|move|p1a: Slowking|Future Sight|p2a: Iron Valiant\n|-start|p1a: Slowking|move: Future Sight\n|\n|upkeep\n|turn|31\n|\n|t:|1782566870\n|switch|p1a: Corviknight|Corviknight, M|27/100\n|-damage|p1a: Corviknight|15/100|[from] Stealth Rock\n|-ability|p1a: Corviknight|Pressure\n|move|p2a: Iron Valiant|Knock Off|p1a: Corviknight\n|-damage|p1a: Corviknight|0 fnt\n|-damage|p2a: Iron Valiant|84/100|[from] item: Rocky Helmet|[of] p1a: Corviknight\n|-enditem|p1a: Corviknight|Rocky Helmet|[from] move: Knock Off|[of] p2a: Iron Valiant\n|faint|p1a: Corviknight\n|\n|upkeep\n|\n|t:|1782566874\n|switch|p1a: Slowking|Slowking-Galar, M|57/100\n|-damage|p1a: Slowking|45/100|[from] Stealth Rock\n|turn|32\n|\n|t:|1782566894\n|move|p2a: Iron Valiant|Taunt|p1a: Slowking\n|-start|p1a: Slowking|move: Taunt\n|-prepare|p1a: Slowking|Chilly Reception|[premajor]\n|cant|p1a: Slowking|move: Taunt|Chilly Reception\n|\n|-end|p2a: Iron Valiant|move: Future Sight\n|-supereffective|p2a: Iron Valiant\n|-damage|p2a: Iron Valiant|0 fnt\n|faint|p2a: Iron Valiant\n|-end|p2a: Iron Valiant|Quark Drive|[silent]\n|upkeep\n|\n|t:|1782566899\n|switch|p2a: Great Tusk|Great Tusk|100/100\n|-enditem|p2a: Great Tusk|Booster Energy\n|-activate|p2a: Great Tusk|ability: Protosynthesis|[fromitem]\n|-start|p2a: Great Tusk|protosynthesisspe\n|turn|33\n|\n|t:|1782566912\n|move|p2a: Great Tusk|Headlong Rush|p1a: Slowking\n|-supereffective|p1a: Slowking\n|-damage|p1a: Slowking|0 fnt\n|-unboost|p2a: Great Tusk|def|1\n|-unboost|p2a: Great Tusk|spd|1\n|faint|p1a: Slowking\n|\n|upkeep\n|\n|t:|1782566916\n|switch|p1a: Volcanion|Volcanion|100/100\n|-damage|p1a: Volcanion|76/100|[from] Stealth Rock\n|turn|34\n|\n|t:|1782566929\n|-terastallize|p1a: Volcanion|Ground\n|move|p2a: Great Tusk|Headlong Rush|p1a: Volcanion\n|-damage|p1a: Volcanion|31/100\n|-unboost|p2a: Great Tusk|def|1\n|-unboost|p2a: Great Tusk|spd|1\n|move|p1a: Volcanion|Flamethrower|p2a: Great Tusk\n|-damage|p2a: Great Tusk|0 fnt\n|faint|p2a: Great Tusk\n|-end|p2a: Great Tusk|Protosynthesis|[silent]\n|\n|win|choispecs ironmoth\n|raw|choispecs ironmoth's rating: 1773 &rarr; <strong>1799</strong><br />(+26 for winning)\n|raw|Agency Member two's rating: 1878 &rarr; <strong>1852</strong><br />(-26 for losing)\n|l|☆Agency Member two\n|player|p2|\n|l|☆choispecs ironmoth\n|player|p1|\n", "uploadtime": 1782567168, "views": 2, "formatid": "gen9ou", "rating": 1799, "private": 0, "password": null}