{"id": "gen9ou-2647717281", "format": "[Gen 9] OU", "players": ["JoPs_09", "grabmann"], "log": "|j|☆JoPs_09\n|j|☆grabmann\n|t:|1783800955\n|gametype|singles\n|player|p1|JoPs_09|n|1180\n|player|p2|grabmann|spenser-gen3|1173\n|gen|9\n|tier|[Gen 9] OU\n|rated|\n|rule|HP Percentage Mod: HP is shown in percentages\n|rule|Endless Battle Clause: Forcing endless battles is banned\n|rule|Species Clause: Limit one of each Pokémon\n|rule|OHKO Clause: OHKO moves are banned\n|rule|Evasion Items Clause: Evasion items are banned\n|rule|Evasion Moves Clause: Evasion moves are banned\n|rule|Evasion Abilities Clause: Evasion abilities are banned\n|rule|Sleep Moves Clause: Sleep-inducing moves are banned\n|clearpoke\n|poke|p1|Landorus-Therian, M|\n|poke|p1|Toxapex, F|\n|poke|p1|Gholdengo|\n|poke|p1|Zamazenta-*|\n|poke|p1|Kingambit, M|\n|poke|p1|Raging Bolt|\n|poke|p2|Excadrill, M|\n|poke|p2|Feraligatr, M|\n|poke|p2|Latios, M|\n|poke|p2|Scizor, M|\n|poke|p2|Iron Moth|\n|poke|p2|Zapdos|\n|teampreview\n|inactive|Battle timer is ON: inactive players will automatically lose when time's up. (requested by grabmann)\n|\n|t:|1783800966\n|teamsize|p1|6\n|teamsize|p2|6\n|start\n|switch|p1a: Landorus|Landorus-Therian, M|100/100\n|switch|p2a: Feraligatr|Feraligatr, M|100/100\n|-ability|p1a: Landorus|Intimidate|boost\n|-unboost|p2a: Feraligatr|atk|1\n|turn|1\n|\n|t:|1783800973\n|move|p1a: Landorus|Stealth Rock|p2a: Feraligatr\n|-sidestart|p2: grabmann|move: Stealth Rock\n|move|p2a: Feraligatr|Ice Punch|p1a: Landorus\n|-supereffective|p1a: Landorus\n|-damage|p1a: Landorus|0 fnt\n|-damage|p2a: Feraligatr|84/100|[from] item: Rocky Helmet|[of] p1a: Landorus\n|faint|p1a: Landorus\n|\n|upkeep\n|\n|t:|1783800983\n|switch|p1a: Raging Bolt|Raging Bolt|100/100\n|turn|2\n|\n|t:|1783801009\n|switch|p2a: Excadrill|Excadrill, M|100/100\n|-damage|p2a: Excadrill|97/100|[from] Stealth Rock\n|-ability|p2a: Excadrill|Mold Breaker\n|move|p1a: Raging Bolt|Thunderclap||[still]\n|-fail|p1a: Raging Bolt\n|\n|upkeep\n|turn|3\n|\n|t:|1783801018\n|-end|p1a: Raging Bolt|Protosynthesis|[silent]\n|switch|p1a: Toxapex|Toxapex, F|100/100\n|move|p2a: Excadrill|Rapid Spin|p1a: Toxapex\n|-damage|p1a: Toxapex|89/100\n|-boost|p2a: Excadrill|spe|1\n|-sideend|p2: grabmann|Stealth Rock|[from] move: Rapid Spin|[of] p2a: Excadrill\n|\n|-heal|p1a: Toxapex|95/100|[from] item: Black Sludge\n|upkeep\n|turn|4\n|\n|t:|1783801027\n|move|p2a: Excadrill|Earthquake|p1a: Toxapex\n|-supereffective|p1a: Toxapex\n|-damage|p1a: Toxapex|35/100\n|move|p1a: Toxapex|Infestation|p2a: Excadrill\n|-resisted|p2a: Excadrill\n|-damage|p2a: Excadrill|96/100\n|-activate|p2a: Excadrill|move: Infestation|[of] p1a: Toxapex\n|\n|-heal|p1a: Toxapex|42/100|[from] item: Black Sludge\n|-damage|p2a: Excadrill|83/100|[from] move: Infestation|[partiallytrapped]\n|upkeep\n|turn|5\n|\n|t:|1783801038\n|move|p1a: Toxapex|Baneful Bunker|p1a: Toxapex\n|-singleturn|p1a: Toxapex|move: Protect\n|move|p2a: Excadrill|Stealth Rock|p1a: Toxapex\n|-sidestart|p1: JoPs_09|move: Stealth Rock\n|\n|-heal|p1a: Toxapex|48/100|[from] item: Black Sludge\n|-damage|p2a: Excadrill|71/100|[from] move: Infestation|[partiallytrapped]\n|upkeep\n|turn|6\n|\n|t:|1783801066\n|switch|p1a: Gholdengo|Gholdengo|100/100\n|-damage|p1a: Gholdengo|94/100|[from] Stealth Rock\n|-item|p1a: Gholdengo|Air Balloon\n|move|p2a: Excadrill|Earthquake|p1a: Gholdengo\n|-immune|p1a: Gholdengo\n|\n|-end|p2a: Excadrill|Infestation|[partiallytrapped]|[silent]\n|upkeep\n|turn|7\n|l|☆grabmann\n|inactive|grabmann disconnected and has a minute to reconnect!\n|player|p2|\n|j|☆grabmann\n|inactive|grabmann reconnected and has 125 seconds left.\n|player|p2|grabmann|spenser-gen3|\n|inactive|grabmann has 120 seconds left.\n|\n|t:|1783801100\n|move|p2a: Excadrill|Rock Tomb|p1a: Gholdengo\n|-resisted|p1a: Gholdengo\n|-damage|p1a: Gholdengo|83/100\n|-unboost|p1a: Gholdengo|spe|1\n|-enditem|p1a: Gholdengo|Air Balloon\n|move|p1a: Gholdengo|Shadow Ball|p2a: Excadrill\n|-damage|p2a: Excadrill|13/100\n|\n|upkeep\n|turn|8\n|inactive|JoPs_09 has 120 seconds left.\n|\n|t:|1783801129\n|switch|p1a: Zamazenta|Zamazenta|100/100\n|-damage|p1a: Zamazenta|94/100|[from] Stealth Rock\n|-ability|p1a: Zamazenta|Dauntless Shield|boost\n|-boost|p1a: Zamazenta|def|1\n|move|p2a: Excadrill|Earthquake|p1a: Zamazenta\n|-damage|p1a: Zamazenta|67/100\n|\n|-heal|p1a: Zamazenta|73/100|[from] item: Leftovers\n|upkeep\n|turn|9\n|inactive|grabmann has 120 seconds left.\n|\n|t:|1783801150\n|move|p2a: Excadrill|Earthquake|p1a: Zamazenta\n|-damage|p1a: Zamazenta|49/100\n|move|p1a: Zamazenta|Body Press|p2a: Excadrill\n|-supereffective|p2a: Excadrill\n|-crit|p2a: Excadrill\n|-damage|p2a: Excadrill|0 fnt\n|faint|p2a: Excadrill\n|\n|-heal|p1a: Zamazenta|56/100|[from] item: Leftovers\n|upkeep\n|\n|t:|1783801158\n|switch|p2a: Iron Moth|Iron Moth|100/100\n|-enditem|p2a: Iron Moth|Booster Energy\n|-activate|p2a: Iron Moth|ability: Quark Drive|[fromitem]\n|-start|p2a: Iron Moth|quarkdrivespe\n|turn|10\n|inactive|JoPs_09 has 120 seconds left.\n|\n|t:|1783801165\n|move|p2a: Iron Moth|Dazzling Gleam|p1a: Zamazenta\n|-supereffective|p1a: Zamazenta\n|-damage|p1a: Zamazenta|9/100\n|move|p1a: Zamazenta|Roar|p2a: Iron Moth\n|-end|p2a: Iron Moth|Quark Drive|[silent]\n|drag|p2a: Zapdos|Zapdos|100/100\n|\n|-heal|p1a: Zamazenta|15/100|[from] item: Leftovers\n|upkeep\n|turn|11\n|inactive|JoPs_09 has 120 seconds left.\n|\n|t:|1783801178\n|switch|p1a: Raging Bolt|Raging Bolt|100/100\n|move|p2a: Zapdos|Volt Switch|p1a: Raging Bolt\n|-resisted|p1a: Raging Bolt\n|-damage|p1a: Raging Bolt|92/100\n|inactive|grabmann has 120 seconds left.\n|\n|t:|1783801201\n|switch|p2a: Latios|Latios, M|100/100|[from] Volt Switch\n|\n|upkeep\n|turn|12\n|\n|t:|1783801210\n|-terastallize|p1a: Raging Bolt|Electric\n|move|p2a: Latios|Calm Mind|p2a: Latios\n|-boost|p2a: Latios|spa|1\n|-boost|p2a: Latios|spd|1\n|move|p1a: Raging Bolt|Dragon Pulse|p2a: Latios\n|-supereffective|p2a: Latios\n|-damage|p2a: Latios|34/100\n|-enditem|p2a: Latios|Weakness Policy\n|-boost|p2a: Latios|atk|2|[from] item: Weakness Policy\n|-boost|p2a: Latios|spa|2|[from] item: Weakness Policy\n|\n|upkeep\n|turn|13\n|\n|t:|1783801219\n|move|p2a: Latios|Stored Power|p1a: Raging Bolt\n|-damage|p1a: Raging Bolt|0 fnt\n|faint|p1a: Raging Bolt\n|-end|p1a: Raging Bolt|Protosynthesis|[silent]\n|\n|upkeep\n|\n|t:|1783801228\n|switch|p1a: Zamazenta|Zamazenta|15/100\n|-damage|p1a: Zamazenta|9/100|[from] Stealth Rock\n|turn|14\n|\n|t:|1783801247\n|move|p1a: Zamazenta|Crunch|p2a: Latios\n|-supereffective|p2a: Latios\n|-damage|p2a: Latios|0 fnt\n|faint|p2a: Latios\n|\n|-heal|p1a: Zamazenta|15/100|[from] item: Leftovers\n|upkeep\n|\n|t:|1783801256\n|switch|p2a: Scizor|Scizor, M|100/100\n|turn|15\n|\n|t:|1783801276\n|switch|p1a: Toxapex|Toxapex, F|81/100\n|-damage|p1a: Toxapex|69/100|[from] Stealth Rock\n|move|p2a: Scizor|Bullet Punch|p1a: Toxapex\n|-resisted|p1a: Toxapex\n|-damage|p1a: Toxapex|55/100\n|-damage|p2a: Scizor|91/100|[from] item: Life Orb\n|\n|-heal|p1a: Toxapex|61/100|[from] item: Black Sludge\n|upkeep\n|turn|16\n|\n|t:|1783801288\n|move|p2a: Scizor|Knock Off|p1a: Toxapex\n|-damage|p1a: Toxapex|30/100\n|-enditem|p1a: Toxapex|Black Sludge|[from] move: Knock Off|[of] p2a: Scizor\n|-damage|p2a: Scizor|81/100|[from] item: Life Orb\n|move|p1a: Toxapex|Recover|p1a: Toxapex\n|-heal|p1a: Toxapex|80/100\n|\n|upkeep\n|turn|17\n|\n|t:|1783801296\n|switch|p2a: Zapdos|Zapdos|100/100\n|move|p1a: Toxapex|Infestation|p2a: Zapdos\n|-resisted|p2a: Zapdos\n|-damage|p2a: Zapdos|99/100\n|-activate|p2a: Zapdos|move: Infestation|[of] p1a: Toxapex\n|\n|-damage|p2a: Zapdos|87/100|[from] move: Infestation|[partiallytrapped]\n|upkeep\n|turn|18\n|\n|t:|1783801313\n|move|p1a: Toxapex|Baneful Bunker|p1a: Toxapex\n|-singleturn|p1a: Toxapex|move: Protect\n|move|p2a: Zapdos|Volt Switch|p1a: Toxapex\n|-activate|p1a: Toxapex|move: Protect\n|\n|-damage|p2a: Zapdos|74/100|[from] move: Infestation|[partiallytrapped]\n|upkeep\n|turn|19\n|\n|t:|1783801323\n|move|p2a: Zapdos|Volt Switch|p1a: Toxapex\n|-supereffective|p1a: Toxapex\n|-damage|p1a: Toxapex|16/100\n|\n|t:|1783801330\n|switch|p2a: Feraligatr|Feraligatr, M|84/100|[from] Volt Switch\n|move|p1a: Toxapex|Recover|p1a: Toxapex\n|-heal|p1a: Toxapex|66/100\n|\n|upkeep\n|turn|20\n|\n|t:|1783801335\n|move|p2a: Feraligatr|Dragon Dance|p2a: Feraligatr\n|-boost|p2a: Feraligatr|atk|1\n|-boost|p2a: Feraligatr|spe|1\n|move|p1a: Toxapex|Toxic Spikes|p2a: Feraligatr\n|-sidestart|p2: grabmann|move: Toxic Spikes\n|\n|upkeep\n|turn|21\n|\n|t:|1783801341\n|move|p2a: Feraligatr|Crunch|p1a: Toxapex\n|-damage|p1a: Toxapex|29/100\n|move|p1a: Toxapex|Infestation|p2a: Feraligatr\n|-damage|p2a: Feraligatr|80/100\n|-activate|p2a: Feraligatr|move: Infestation|[of] p1a: Toxapex\n|\n|-damage|p2a: Feraligatr|68/100|[from] move: Infestation|[partiallytrapped]\n|upkeep\n|turn|22\n|\n|t:|1783801348\n|move|p1a: Toxapex|Baneful Bunker|p1a: Toxapex\n|-singleturn|p1a: Toxapex|move: Protect\n|move|p2a: Feraligatr|Crunch|p1a: Toxapex\n|-activate|p1a: Toxapex|move: Protect\n|-status|p2a: Feraligatr|psn\n|\n|-damage|p2a: Feraligatr|56/100 psn|[from] psn\n|-damage|p2a: Feraligatr|43/100 psn|[from] move: Infestation|[partiallytrapped]\n|upkeep\n|turn|23\n|inactive|JoPs_09 has 120 seconds left.\n|\n|t:|1783801392\n|switch|p1a: Gholdengo|Gholdengo|83/100\n|-damage|p1a: Gholdengo|77/100|[from] Stealth Rock\n|move|p2a: Feraligatr|Crunch|p1a: Gholdengo\n|-supereffective|p1a: Gholdengo\n|-damage|p1a: Gholdengo|0 fnt\n|faint|p1a: Gholdengo\n|\n|-damage|p2a: Feraligatr|31/100 psn|[from] psn\n|-end|p2a: Feraligatr|Infestation|[partiallytrapped]|[silent]\n|upkeep\n|\n|t:|1783801404\n|switch|p1a: Toxapex|Toxapex, F|62/100\n|-damage|p1a: Toxapex|50/100|[from] Stealth Rock\n|turn|24\n|\n|t:|1783801421\n|move|p1a: Toxapex|Baneful Bunker|p1a: Toxapex\n|-singleturn|p1a: Toxapex|move: Protect\n|move|p2a: Feraligatr|Dragon Dance|p2a: Feraligatr\n|-boost|p2a: Feraligatr|atk|1\n|-boost|p2a: Feraligatr|spe|1\n|\n|-damage|p2a: Feraligatr|19/100 psn|[from] psn\n|upkeep\n|turn|25\n|\n|t:|1783801434\n|switch|p1a: Zamazenta|Zamazenta|15/100\n|-damage|p1a: Zamazenta|9/100|[from] Stealth Rock\n|-terastallize|p2a: Feraligatr|Dark\n|move|p2a: Feraligatr|Crunch|p1a: Zamazenta\n|-resisted|p1a: Zamazenta\n|-damage|p1a: Zamazenta|0 fnt\n|faint|p1a: Zamazenta\n|\n|-damage|p2a: Feraligatr|6/100 psn|[from] psn\n|upkeep\n|\n|t:|1783801444\n|switch|p1a: Toxapex|Toxapex, F|83/100\n|-damage|p1a: Toxapex|71/100|[from] Stealth Rock\n|turn|26\n|inactive|JoPs_09 has 120 seconds left.\n|\n|t:|1783801449\n|move|p1a: Toxapex|Baneful Bunker|p1a: Toxapex\n|-singleturn|p1a: Toxapex|move: Protect\n|move|p2a: Feraligatr|Crunch|p1a: Toxapex\n|-activate|p1a: Toxapex|move: Protect\n|\n|-damage|p2a: Feraligatr|0 fnt|[from] psn\n|faint|p2a: Feraligatr\n|upkeep\n|\n|t:|1783801456\n|switch|p2a: Zapdos|Zapdos|74/100\n|turn|27\n|inactive|JoPs_09 has 120 seconds left.\n|\n|t:|1783801475\n|switch|p1a: Kingambit|Kingambit, M|100/100\n|-damage|p1a: Kingambit|94/100|[from] Stealth Rock\n|-activate|p1a: Kingambit|ability: Supreme Overlord\n|-start|p1a: Kingambit|fallen4|[silent]\n|move|p2a: Zapdos|Hurricane|p1a: Kingambit|[miss]\n|-miss|p2a: Zapdos|p1a: Kingambit\n|\n|-heal|p1a: Kingambit|100/100|[from] item: Leftovers\n|upkeep\n|turn|28\n|inactive|JoPs_09 has 120 seconds left.\n|\n|t:|1783801486\n|move|p2a: Zapdos|Heat Wave|p1a: Kingambit\n|-supereffective|p1a: Kingambit\n|-damage|p1a: Kingambit|40/100\n|move|p1a: Kingambit|Swords Dance|p1a: Kingambit\n|-boost|p1a: Kingambit|atk|2\n|\n|-heal|p1a: Kingambit|46/100|[from] item: Leftovers\n|upkeep\n|turn|29\n|\n|t:|1783801493\n|move|p1a: Kingambit|Sucker Punch|p2a: Zapdos\n|-damage|p2a: Zapdos|0 fnt\n|faint|p2a: Zapdos\n|\n|-heal|p1a: Kingambit|52/100|[from] item: Leftovers\n|upkeep\n|\n|t:|1783801497\n|switch|p2a: Scizor|Scizor, M|81/100\n|turn|30\n|\n|t:|1783801506\n|move|p1a: Kingambit|Sucker Punch|p2a: Scizor\n|-damage|p2a: Scizor|0 fnt\n|faint|p2a: Scizor\n|\n|-heal|p1a: Kingambit|58/100|[from] item: Leftovers\n|upkeep\n|\n|t:|1783801509\n|switch|p2a: Iron Moth|Iron Moth|100/100\n|-sideend|p2: grabmann|move: Toxic Spikes|[of] p2a: Iron Moth\n|turn|31\n|\n|t:|1783801514\n|move|p1a: Kingambit|Sucker Punch||[still]\n|-fail|p1a: Kingambit\n|move|p2a: Iron Moth|Substitute|p2a: Iron Moth\n|-start|p2a: Iron Moth|Substitute\n|-damage|p2a: Iron Moth|76/100\n|\n|-heal|p1a: Kingambit|64/100|[from] item: Leftovers\n|upkeep\n|turn|32\n|\n|t:|1783801526\n|move|p1a: Kingambit|Sucker Punch|p2a: Iron Moth\n|-crit|p2a: Iron Moth\n|-end|p2a: Iron Moth|Substitute\n|move|p2a: Iron Moth|Fiery Dance|p1a: Kingambit\n|-supereffective|p1a: Kingambit\n|-damage|p1a: Kingambit|0 fnt\n|-boost|p2a: Iron Moth|spa|1\n|faint|p1a: Kingambit\n|-end|p1a: Kingambit|fallen4|[silent]\n|\n|upkeep\n|\n|t:|1783801534\n|switch|p1a: Toxapex|Toxapex, F|100/100\n|-damage|p1a: Toxapex|88/100|[from] Stealth Rock\n|turn|33\n|\n|t:|1783801539\n|move|p2a: Iron Moth|Substitute|p2a: Iron Moth\n|-start|p2a: Iron Moth|Substitute\n|-damage|p2a: Iron Moth|51/100\n|move|p1a: Toxapex|Infestation|p2a: Iron Moth\n|-resisted|p2a: Iron Moth\n|-activate|p2a: Iron Moth|move: Substitute|[damage]\n|\n|upkeep\n|turn|34\n|\n|t:|1783801545\n|move|p2a: Iron Moth|Fiery Dance|p1a: Toxapex\n|-resisted|p1a: Toxapex\n|-damage|p1a: Toxapex|64/100\n|-boost|p2a: Iron Moth|spa|1\n|move|p1a: Toxapex|Infestation|p2a: Iron Moth\n|-resisted|p2a: Iron Moth\n|-activate|p2a: Iron Moth|move: Substitute|[damage]\n|\n|upkeep\n|turn|35\n|\n|t:|1783801553\n|move|p2a: Iron Moth|Fiery Dance|p1a: Toxapex\n|-resisted|p1a: Toxapex\n|-damage|p1a: Toxapex|31/100\n|-boost|p2a: Iron Moth|spa|1\n|move|p1a: Toxapex|Infestation|p2a: Iron Moth\n|-resisted|p2a: Iron Moth\n|-activate|p2a: Iron Moth|move: Substitute|[damage]\n|\n|upkeep\n|turn|36\n|-message|JoPs_09 forfeited.\n|\n|win|grabmann\n|raw|JoPs_09's rating: 1180 &rarr; <strong>1154</strong><br />(-26 for losing)\n|raw|grabmann's rating: 1173 &rarr; <strong>1199</strong><br />(+26 for winning)\n|l|☆JoPs_09\n|player|p1|\n|l|☆grabmann\n|player|p2|\n", "uploadtime": 1783801951, "views": 8, "formatid": "gen9ou", "rating": 1154, "private": 0, "password": null}