{"id": "gen9ou-2647840800", "format": "[Gen 9] OU", "players": ["cannoli_eerr", "Desmoxytes"], "log": "|j|☆cannoli_eerr\n|j|☆Desmoxytes\n|t:|1783821984\n|gametype|singles\n|player|p1|cannoli_eerr|drayden|1535\n|player|p2|Desmoxytes|170|1650\n|gen|9\n|tier|[Gen 9] OU\n|rated|\n|rule|HP Percentage Mod: HP is shown in percentages\n|rule|Endless Battle Clause: Forcing endless battles is banned\n|rule|Species Clause: Limit one of each Pokémon\n|rule|OHKO Clause: OHKO moves are banned\n|rule|Evasion Items Clause: Evasion items are banned\n|rule|Evasion Moves Clause: Evasion moves are banned\n|rule|Evasion Abilities Clause: Evasion abilities are banned\n|rule|Sleep Moves Clause: Sleep-inducing moves are banned\n|clearpoke\n|poke|p1|Great Tusk|\n|poke|p1|Hatterene, F|\n|poke|p1|Dragonite, M|\n|poke|p1|Kyurem|\n|poke|p1|Kingambit, F|\n|poke|p1|Darkrai|\n|poke|p2|Glimmora, M|\n|poke|p2|Zamazenta-*|\n|poke|p2|Latias, F|\n|poke|p2|Gholdengo|\n|poke|p2|Dragonite, F|\n|poke|p2|Weavile, M|\n|teampreview\n|inactive|Battle timer is ON: inactive players will automatically lose when time's up. (requested by cannoli_eerr)\n|inactive|Desmoxytes has 120 seconds left.\n|\n|t:|1783822019\n|teamsize|p1|6\n|teamsize|p2|6\n|start\n|switch|p1a: Hatterene|Hatterene, F|100/100\n|switch|p2a: Weavile|Weavile, M|100/100\n|-item|p1a: Hatterene|Air Balloon\n|turn|1\n|\n|t:|1783822035\n|switch|p2a: Glimmora|Glimmora, M|100/100\n|move|p1a: Hatterene|Draining Kiss|p2a: Glimmora\n|-resisted|p2a: Glimmora\n|-damage|p2a: Glimmora|91/100\n|-enditem|p2a: Glimmora|Red Card|[of] p1a: Hatterene\n|drag|p1a: Kyurem|Kyurem|100/100\n|-ability|p1a: Kyurem|Pressure\n|\n|upkeep\n|turn|2\n|\n|t:|1783822047\n|switch|p2a: Weavile|Weavile, M|100/100\n|move|p1a: Kyurem|Earth Power|p2a: Weavile\n|-damage|p2a: Weavile|52/100\n|\n|upkeep\n|turn|3\n|\n|t:|1783822055\n|move|p2a: Weavile|Knock Off|p1a: Kyurem\n|-damage|p1a: Kyurem|57/100\n|-enditem|p1a: Kyurem|Assault Vest|[from] move: Knock Off|[of] p2a: Weavile\n|-damage|p2a: Weavile|42/100|[from] item: Life Orb\n|move|p1a: Kyurem|Body Press|p2a: Weavile\n|-supereffective|p2a: Weavile\n|-damage|p2a: Weavile|0 fnt\n|faint|p2a: Weavile\n|\n|upkeep\n|\n|t:|1783822071\n|switch|p2a: Gholdengo|Gholdengo|100/100\n|turn|4\n|\n|t:|1783822083\n|move|p2a: Gholdengo|Dazzling Gleam|p1a: Kyurem\n|-supereffective|p1a: Kyurem\n|-damage|p1a: Kyurem|6/100\n|move|p1a: Kyurem|Earth Power|p2a: Gholdengo\n|-supereffective|p2a: Gholdengo\n|-damage|p2a: Gholdengo|38/100\n|\n|upkeep\n|turn|5\n|\n|t:|1783822089\n|move|p2a: Gholdengo|Shadow Ball|p1a: Kyurem\n|-damage|p1a: Kyurem|0 fnt\n|faint|p1a: Kyurem\n|\n|upkeep\n|\n|t:|1783822092\n|switch|p1a: Darkrai|Darkrai|100/100\n|turn|6\n|\n|t:|1783822096\n|move|p1a: Darkrai|Dark Pulse|p2a: Gholdengo\n|-supereffective|p2a: Gholdengo\n|-damage|p2a: Gholdengo|0 fnt\n|faint|p2a: Gholdengo\n|\n|upkeep\n|\n|t:|1783822098\n|switch|p2a: Glimmora|Glimmora, M|91/100\n|turn|7\n|\n|t:|1783822100\n|move|p1a: Darkrai|Dark Pulse|p2a: Glimmora\n|-damage|p2a: Glimmora|55/100\n|cant|p2a: Glimmora|flinch\n|\n|upkeep\n|turn|8\n|\n|t:|1783822104\n|move|p1a: Darkrai|Dark Pulse|p2a: Glimmora\n|-damage|p2a: Glimmora|19/100\n|move|p2a: Glimmora|Stealth Rock|p1a: Darkrai\n|-sidestart|p1: cannoli_eerr|move: Stealth Rock\n|\n|upkeep\n|turn|9\n|\n|t:|1783822108\n|move|p1a: Darkrai|Dark Pulse|p2a: Glimmora\n|-damage|p2a: Glimmora|0 fnt\n|faint|p2a: Glimmora\n|\n|upkeep\n|\n|t:|1783822115\n|switch|p2a: Dragonite|Dragonite, F|100/100\n|turn|10\n|\n|t:|1783822119\n|switch|p1a: Hatterene|Hatterene, F|100/100\n|-damage|p1a: Hatterene|88/100|[from] Stealth Rock\n|-item|p1a: Hatterene|Air Balloon\n|move|p2a: Dragonite|Dragon Dance|p2a: Dragonite\n|-boost|p2a: Dragonite|atk|1\n|-boost|p2a: Dragonite|spe|1\n|\n|upkeep\n|turn|11\n|\n|t:|1783822123\n|move|p2a: Dragonite|Ice Spinner|p1a: Hatterene\n|-damage|p1a: Hatterene|49/100\n|-enditem|p1a: Hatterene|Air Balloon\n|move|p1a: Hatterene|Nuzzle|p2a: Dragonite\n|-damage|p2a: Dragonite|98/100\n|-status|p2a: Dragonite|par\n|\n|upkeep\n|turn|12\n|\n|t:|1783822129\n|move|p2a: Dragonite|Earthquake|p1a: Hatterene\n|-damage|p1a: Hatterene|3/100\n|move|p1a: Hatterene|Draining Kiss|p2a: Dragonite\n|-supereffective|p2a: Dragonite\n|-damage|p2a: Dragonite|48/100 par\n|-heal|p1a: Hatterene|41/100|[from] drain|[of] p2a: Dragonite\n|\n|upkeep\n|turn|13\n|\n|t:|1783822136\n|move|p2a: Dragonite|Earthquake|p1a: Hatterene\n|-damage|p1a: Hatterene|0 fnt\n|faint|p1a: Hatterene\n|\n|upkeep\n|\n|t:|1783822139\n|switch|p1a: Great Tusk|Great Tusk|100/100\n|-damage|p1a: Great Tusk|98/100|[from] Stealth Rock\n|turn|14\n|\n|t:|1783822143\n|move|p1a: Great Tusk|Ice Spinner|p2a: Dragonite\n|-supereffective|p2a: Dragonite\n|-damage|p2a: Dragonite|0 fnt\n|faint|p2a: Dragonite\n|\n|upkeep\n|\n|t:|1783822152\n|switch|p2a: Zamazenta|Zamazenta|100/100\n|-ability|p2a: Zamazenta|Dauntless Shield|boost\n|-boost|p2a: Zamazenta|def|1\n|turn|15\n|\n|t:|1783822155\n|move|p2a: Zamazenta|Iron Defense|p2a: Zamazenta\n|-boost|p2a: Zamazenta|def|2\n|move|p1a: Great Tusk|Rapid Spin|p2a: Zamazenta\n|-damage|p2a: Zamazenta|95/100\n|-boost|p1a: Great Tusk|spe|1\n|-sideend|p1: cannoli_eerr|Stealth Rock|[from] move: Rapid Spin|[of] p1a: Great Tusk\n|\n|-heal|p2a: Zamazenta|100/100|[from] item: Leftovers\n|upkeep\n|turn|16\n|\n|t:|1783822162\n|move|p1a: Great Tusk|Headlong Rush|p2a: Zamazenta\n|-damage|p2a: Zamazenta|81/100\n|-unboost|p1a: Great Tusk|def|1\n|-unboost|p1a: Great Tusk|spd|1\n|move|p2a: Zamazenta|Substitute|p2a: Zamazenta\n|-start|p2a: Zamazenta|Substitute\n|-damage|p2a: Zamazenta|56/100\n|\n|-heal|p2a: Zamazenta|62/100|[from] item: Leftovers\n|upkeep\n|turn|17\n|\n|t:|1783822176\n|move|p1a: Great Tusk|Headlong Rush|p2a: Zamazenta\n|-activate|p2a: Zamazenta|move: Substitute|[damage]\n|-unboost|p1a: Great Tusk|def|1\n|-unboost|p1a: Great Tusk|spd|1\n|move|p2a: Zamazenta|Iron Defense|p2a: Zamazenta\n|-boost|p2a: Zamazenta|def|2\n|\n|-heal|p2a: Zamazenta|68/100|[from] item: Leftovers\n|upkeep\n|turn|18\n|\n|t:|1783822182\n|move|p1a: Great Tusk|Headlong Rush|p2a: Zamazenta\n|-end|p2a: Zamazenta|Substitute\n|-unboost|p1a: Great Tusk|def|1\n|-unboost|p1a: Great Tusk|spd|1\n|move|p2a: Zamazenta|Substitute|p2a: Zamazenta\n|-start|p2a: Zamazenta|Substitute\n|-damage|p2a: Zamazenta|43/100\n|\n|-heal|p2a: Zamazenta|50/100|[from] item: Leftovers\n|upkeep\n|turn|19\n|\n|t:|1783822185\n|move|p1a: Great Tusk|Headlong Rush|p2a: Zamazenta\n|-activate|p2a: Zamazenta|move: Substitute|[damage]\n|-unboost|p1a: Great Tusk|def|1\n|-unboost|p1a: Great Tusk|spd|1\n|move|p2a: Zamazenta|Body Press|p1a: Great Tusk\n|-damage|p1a: Great Tusk|0 fnt\n|-damage|p2a: Zamazenta|33/100|[from] item: Rocky Helmet|[of] p1a: Great Tusk\n|faint|p1a: Great Tusk\n|-end|p1a: Great Tusk|Protosynthesis|[silent]\n|\n|-heal|p2a: Zamazenta|39/100|[from] item: Leftovers\n|upkeep\n|\n|t:|1783822192\n|switch|p1a: Darkrai|Darkrai|100/100\n|turn|20\n|\n|t:|1783822196\n|-terastallize|p1a: Darkrai|Poison\n|move|p1a: Darkrai|Sludge Bomb|p2a: Zamazenta\n|-end|p2a: Zamazenta|Substitute\n|move|p2a: Zamazenta|Body Press|p1a: Darkrai\n|-resisted|p1a: Darkrai\n|-damage|p1a: Darkrai|17/100\n|\n|-heal|p2a: Zamazenta|46/100|[from] item: Leftovers\n|upkeep\n|turn|21\n|\n|t:|1783822205\n|move|p1a: Darkrai|Sludge Bomb|p2a: Zamazenta\n|-damage|p2a: Zamazenta|7/100\n|move|p2a: Zamazenta|Body Press|p1a: Darkrai\n|-resisted|p1a: Darkrai\n|-damage|p1a: Darkrai|0 fnt\n|faint|p1a: Darkrai\n|\n|-heal|p2a: Zamazenta|14/100|[from] item: Leftovers\n|upkeep\n|\n|t:|1783822212\n|switch|p1a: Dragonite|Dragonite, M|100/100\n|turn|22\n|\n|t:|1783822216\n|move|p2a: Zamazenta|Body Press|p1a: Dragonite\n|-resisted|p1a: Dragonite\n|-damage|p1a: Dragonite|69/100\n|move|p1a: Dragonite|Scale Shot|p2a: Zamazenta\n|-damage|p2a: Zamazenta|10/100\n|-damage|p2a: Zamazenta|6/100\n|-damage|p2a: Zamazenta|3/100\n|-damage|p2a: Zamazenta|0 fnt\n|faint|p2a: Zamazenta\n|-hitcount|p2: Zamazenta|4\n|-unboost|p1a: Dragonite|def|1\n|-boost|p1a: Dragonite|spe|1\n|\n|upkeep\n|\n|t:|1783822225\n|switch|p2a: Latias|Latias, F|100/100\n|turn|23\n|\n|t:|1783822230\n|-terastallize|p2a: Latias|Fairy\n|move|p1a: Dragonite|Scale Shot|p2a: Latias\n|-immune|p2a: Latias\n|move|p2a: Latias|Calm Mind|p2a: Latias\n|-boost|p2a: Latias|spa|1\n|-boost|p2a: Latias|spd|1\n|\n|upkeep\n|turn|24\n|\n|t:|1783822235\n|move|p1a: Dragonite|Encore|p2a: Latias\n|-start|p2a: Latias|Encore\n|move|p2a: Latias|Calm Mind|p2a: Latias\n|-boost|p2a: Latias|spa|1\n|-boost|p2a: Latias|spd|1\n|\n|upkeep\n|turn|25\n|\n|t:|1783822237\n|switch|p1a: Kingambit|Kingambit, F|100/100\n|-activate|p1a: Kingambit|ability: Supreme Overlord\n|-start|p1a: Kingambit|fallen4|[silent]\n|move|p2a: Latias|Calm Mind|p2a: Latias\n|-boost|p2a: Latias|spa|1\n|-boost|p2a: Latias|spd|1\n|\n|upkeep\n|turn|26\n|\n|t:|1783822239\n|move|p2a: Latias|Calm Mind|p2a: Latias\n|-boost|p2a: Latias|spa|1\n|-boost|p2a: Latias|spd|1\n|move|p1a: Kingambit|Iron Head|p2a: Latias\n|-supereffective|p2a: Latias\n|-damage|p2a: Latias|0 fnt\n|faint|p2a: Latias\n|\n|win|cannoli_eerr\n|raw|cannoli_eerr's rating: 1535 &rarr; <strong>1561</strong><br />(+26 for winning)\n|raw|Desmoxytes's rating: 1650 &rarr; <strong>1624</strong><br />(-26 for losing)\n|l|☆Desmoxytes\n|player|p2|\n|l|☆cannoli_eerr\n|player|p1|\n", "uploadtime": 1783822480, "views": 5, "formatid": "gen9ou", "rating": 1561, "private": 0, "password": null}