{"id": "gen9ou-2540800807", "format": "[Gen 9] OU", "players": ["Caloogan", "rekka auto"], "log": "|j|☆Caloogan\n|j|☆rekka auto\n|t:|1771255407\n|gametype|singles\n|player|p1|Caloogan|101|1578\n|player|p2|rekka auto|drayden|1666\n|gen|9\n|tier|[Gen 9] OU\n|rated|\n|rule|HP Percentage Mod: HP is shown in percentages\n|rule|Endless Battle Clause: Forcing endless battles is banned\n|rule|Species Clause: Limit one of each Pokémon\n|rule|OHKO Clause: OHKO moves are banned\n|rule|Evasion Items Clause: Evasion items are banned\n|rule|Evasion Moves Clause: Evasion moves are banned\n|rule|Evasion Abilities Clause: Evasion abilities are banned\n|rule|Sleep Moves Clause: Sleep-inducing moves are banned\n|clearpoke\n|poke|p1|Swalot, F|\n|poke|p1|Dragonite, M|\n|poke|p1|Ogerpon-Wellspring, F|\n|poke|p1|Landorus-Therian, M|\n|poke|p1|Kingambit, M|\n|poke|p1|Cinderace, F|\n|poke|p2|Rotom-Wash|\n|poke|p2|Scizor, M|\n|poke|p2|Ting-Lu|\n|poke|p2|Dragapult, M|\n|poke|p2|Dragonite, M|\n|poke|p2|Great Tusk|\n|teampreview\n|inactive|Battle timer is ON: inactive players will automatically lose when time's up. (requested by rekka auto)\n|inactive|Caloogan also wants the timer to be on.\n|\n|t:|1771255414\n|teamsize|p1|6\n|teamsize|p2|6\n|start\n|switch|p1a: Joey|Ogerpon-Wellspring, F|100/100\n|switch|p2a: Rotom|Rotom-Wash|100/100\n|turn|1\n|\n|t:|1771255416\n|move|p2a: Rotom|Will-O-Wisp|p1a: Joey\n|-status|p1a: Joey|brn\n|move|p1a: Joey|Power Whip|p2a: Rotom\n|-supereffective|p2a: Rotom\n|-damage|p2a: Rotom|10/100\n|\n|-damage|p1a: Joey|95/100 brn|[from] brn\n|upkeep\n|turn|2\n|\n|t:|1771255428\n|switch|p2a: Scizor|Scizor, M|100/100\n|move|p1a: Joey|Play Rough|p2a: Scizor\n|-resisted|p2a: Scizor\n|-damage|p2a: Scizor|91/100\n|\n|-damage|p1a: Joey|89/100 brn|[from] brn\n|upkeep\n|turn|3\n|\n|t:|1771255433\n|move|p1a: Joey|Ivy Cudgel|p2a: Scizor|[anim] Ivy Cudgel Water\n|-damage|p2a: Scizor|56/100\n|move|p2a: Scizor|U-turn|p1a: Joey\n|-supereffective|p1a: Joey\n|-damage|p1a: Joey|0 fnt\n|faint|p1a: Joey\n|\n|t:|1771255438\n|switch|p2a: Rotom|Rotom-Wash|10/100|[from] U-turn\n|\n|upkeep\n|\n|t:|1771255439\n|switch|p1a: Homer|Dragonite, M|100/100\n|turn|4\n|\n|t:|1771255442\n|move|p1a: Homer|Extreme Speed|p2a: Rotom\n|-damage|p2a: Rotom|0 fnt\n|faint|p2a: Rotom\n|\n|upkeep\n|\n|t:|1771255453\n|switch|p2a: Dragapult|Dragapult, M|100/100\n|turn|5\n|\n|t:|1771255455\n|switch|p1a: ObÃ©lix|Kingambit, M|100/100\n|-activate|p1a: ObÃ©lix|ability: Supreme Overlord\n|-start|p1a: ObÃ©lix|fallen1|[silent]\n|move|p2a: Dragapult|Will-O-Wisp|p1a: ObÃ©lix\n|-status|p1a: ObÃ©lix|brn\n|-enditem|p1a: ObÃ©lix|Lum Berry|[eat]\n|-curestatus|p1a: ObÃ©lix|brn|[msg]\n|\n|upkeep\n|turn|6\n|\n|t:|1771255465\n|move|p2a: Dragapult|Will-O-Wisp|p1a: ObÃ©lix\n|-status|p1a: ObÃ©lix|brn\n|move|p1a: ObÃ©lix|Kowtow Cleave|p2a: Dragapult\n|-supereffective|p2a: Dragapult\n|-damage|p2a: Dragapult|23/100\n|\n|-damage|p1a: ObÃ©lix|94/100 brn|[from] brn\n|upkeep\n|turn|7\n|\n|t:|1771255493\n|switch|p2a: Great Tusk|Great Tusk|100/100\n|move|p1a: ObÃ©lix|Swords Dance|p1a: ObÃ©lix\n|-boost|p1a: ObÃ©lix|atk|2\n|\n|-damage|p1a: ObÃ©lix|88/100 brn|[from] brn\n|upkeep\n|turn|8\n|\n|t:|1771255500\n|-terastallize|p1a: ObÃ©lix|Ghost\n|move|p2a: Great Tusk|Headlong Rush|p1a: ObÃ©lix\n|-damage|p1a: ObÃ©lix|38/100 brn\n|-unboost|p2a: Great Tusk|def|1\n|-unboost|p2a: Great Tusk|spd|1\n|move|p1a: ObÃ©lix|Iron Head|p2a: Great Tusk\n|-damage|p2a: Great Tusk|42/100\n|\n|-damage|p1a: ObÃ©lix|32/100 brn|[from] brn\n|upkeep\n|turn|9\n|\n|t:|1771255509\n|move|p2a: Great Tusk|Knock Off|p1a: ObÃ©lix\n|-supereffective|p1a: ObÃ©lix\n|-damage|p1a: ObÃ©lix|0 fnt\n|faint|p1a: ObÃ©lix\n|-end|p1a: ObÃ©lix|fallen1|[silent]\n|\n|upkeep\n|\n|t:|1771255510\n|switch|p1a: Ronaldo|Cinderace, F|100/100\n|turn|10\n|\n|t:|1771255519\n|-end|p2a: Great Tusk|Protosynthesis|[silent]\n|switch|p2a: Dragapult|Dragapult, M|23/100\n|move|p1a: Ronaldo|Pyro Ball|p2a: Dragapult|[miss]\n|-miss|p1a: Ronaldo|p2a: Dragapult\n|\n|upkeep\n|turn|11\n|\n|t:|1771255527\n|move|p2a: Dragapult|Dragon Darts|p1a: Ronaldo\n|-damage|p1a: Ronaldo|75/100\n|-anim|p2a: Dragapult|Dragon Darts|p1a: Ronaldo\n|-damage|p1a: Ronaldo|49/100\n|move|p1a: Ronaldo|Pyro Ball|p2a: Dragapult\n|-resisted|p2a: Dragapult\n|-damage|p2a: Dragapult|0 fnt\n|faint|p2a: Dragapult\n|\n|upkeep\n|\n|t:|1771255537\n|switch|p2a: Ting-Lu|Ting-Lu|100/100\n|-ability|p2a: Ting-Lu|Vessel of Ruin\n|turn|12\n|\n|t:|1771255539\n|move|p1a: Ronaldo|Will-O-Wisp|p2a: Ting-Lu\n|-status|p2a: Ting-Lu|brn\n|move|p2a: Ting-Lu|Earthquake|p1a: Ronaldo\n|-supereffective|p1a: Ronaldo\n|-damage|p1a: Ronaldo|1/100\n|\n|-damage|p2a: Ting-Lu|94/100 brn|[from] brn\n|upkeep\n|turn|13\n|\n|t:|1771255545\n|move|p1a: Ronaldo|Pyro Ball|p2a: Ting-Lu\n|-damage|p2a: Ting-Lu|58/100 brn\n|move|p2a: Ting-Lu|Earthquake|p1a: Ronaldo\n|-supereffective|p1a: Ronaldo\n|-damage|p1a: Ronaldo|0 fnt\n|faint|p1a: Ronaldo\n|\n|-heal|p2a: Ting-Lu|64/100 brn|[from] item: Leftovers\n|-damage|p2a: Ting-Lu|58/100 brn|[from] brn\n|upkeep\n|\n|t:|1771255546\n|switch|p1a: Homer|Dragonite, M|100/100\n|turn|14\n|\n|t:|1771255555\n|move|p1a: Homer|Dragon Dance|p1a: Homer\n|-boost|p1a: Homer|atk|1\n|-boost|p1a: Homer|spe|1\n|move|p2a: Ting-Lu|Whirlwind|p1a: Homer\n|drag|p1a: Takeru|Swalot, F|100/100\n|\n|-heal|p2a: Ting-Lu|64/100 brn|[from] item: Leftovers\n|-damage|p2a: Ting-Lu|58/100 brn|[from] brn\n|upkeep\n|turn|15\n|\n|t:|1771255557\n|move|p1a: Takeru|Ice Beam|p2a: Ting-Lu\n|-supereffective|p2a: Ting-Lu\n|-damage|p2a: Ting-Lu|43/100 brn\n|move|p2a: Ting-Lu|Stealth Rock|p1a: Takeru\n|-sidestart|p1: Caloogan|move: Stealth Rock\n|\n|-heal|p2a: Ting-Lu|50/100 brn|[from] item: Leftovers\n|-damage|p2a: Ting-Lu|43/100 brn|[from] brn\n|upkeep\n|turn|16\n|\n|t:|1771255561\n|switch|p1a: Homer|Dragonite, M|100/100\n|move|p2a: Ting-Lu|Whirlwind|p1a: Homer\n|drag|p1a: Garfield|Landorus-Therian, M|100/100\n|-damage|p1a: Garfield|88/100|[from] Stealth Rock\n|-ability|p1a: Garfield|Intimidate|boost\n|-unboost|p2a: Ting-Lu|atk|1\n|\n|-heal|p2a: Ting-Lu|50/100 brn|[from] item: Leftovers\n|-damage|p2a: Ting-Lu|43/100 brn|[from] brn\n|upkeep\n|turn|17\n|\n|t:|1771255565\n|switch|p1a: Homer|Dragonite, M|100/100\n|move|p2a: Ting-Lu|Spikes|p1a: Homer\n|-sidestart|p1: Caloogan|Spikes\n|\n|-heal|p2a: Ting-Lu|50/100 brn|[from] item: Leftovers\n|-damage|p2a: Ting-Lu|43/100 brn|[from] brn\n|upkeep\n|turn|18\n|\n|t:|1771255584\n|move|p1a: Homer|Earthquake|p2a: Ting-Lu\n|-damage|p2a: Ting-Lu|22/100 brn\n|move|p2a: Ting-Lu|Whirlwind|p1a: Homer\n|drag|p1a: Garfield|Landorus-Therian, M|88/100\n|-damage|p1a: Garfield|76/100|[from] Stealth Rock\n|-ability|p1a: Garfield|Intimidate|boost\n|-unboost|p2a: Ting-Lu|atk|1\n|\n|-heal|p2a: Ting-Lu|29/100 brn|[from] item: Leftovers\n|-damage|p2a: Ting-Lu|22/100 brn|[from] brn\n|upkeep\n|turn|19\n|\n|t:|1771255599\n|move|p1a: Garfield|U-turn|p2a: Ting-Lu\n|-supereffective|p2a: Ting-Lu\n|-damage|p2a: Ting-Lu|0 fnt\n|faint|p2a: Ting-Lu\n|\n|t:|1771255599\n|switch|p1a: Homer|Dragonite, M|100/100|[from] U-turn\n|\n|upkeep\n|\n|t:|1771255603\n|switch|p2a: Great Tusk|Great Tusk|42/100\n|turn|20\n|\n|t:|1771255605\n|move|p2a: Great Tusk|Ice Spinner|p1a: Homer\n|-supereffective|p1a: Homer\n|-damage|p1a: Homer|40/100\n|move|p1a: Homer|Dragon Dance|p1a: Homer\n|-boost|p1a: Homer|atk|1\n|-boost|p1a: Homer|spe|1\n|\n|upkeep\n|turn|21\n|\n|t:|1771255630\n|move|p1a: Homer|Earthquake|p2a: Great Tusk\n|-damage|p2a: Great Tusk|2/100\n|move|p2a: Great Tusk|Ice Spinner|p1a: Homer\n|-supereffective|p1a: Homer\n|-damage|p1a: Homer|0 fnt\n|faint|p1a: Homer\n|\n|upkeep\n|\n|t:|1771255631\n|switch|p1a: Takeru|Swalot, F|100/100\n|-damage|p1a: Takeru|88/100|[from] Stealth Rock\n|-damage|p1a: Takeru|76/100|[from] Spikes\n|turn|22\n|\n|t:|1771255633\n|switch|p1a: Garfield|Landorus-Therian, M|76/100\n|-damage|p1a: Garfield|64/100|[from] Stealth Rock\n|-ability|p1a: Garfield|Intimidate|boost\n|-unboost|p2a: Great Tusk|atk|1\n|move|p2a: Great Tusk|Headlong Rush|p1a: Garfield\n|-immune|p1a: Garfield\n|\n|upkeep\n|turn|23\n|\n|t:|1771255636\n|move|p1a: Garfield|U-turn|p2a: Great Tusk\n|-resisted|p2a: Great Tusk\n|-damage|p2a: Great Tusk|0 fnt\n|faint|p2a: Great Tusk\n|-end|p2a: Great Tusk|Protosynthesis|[silent]\n|\n|t:|1771255637\n|switch|p1a: Takeru|Swalot, F|76/100|[from] U-turn\n|-damage|p1a: Takeru|63/100|[from] Stealth Rock\n|-damage|p1a: Takeru|51/100|[from] Spikes\n|\n|upkeep\n|\n|t:|1771255653\n|switch|p2a: Dragonite|Dragonite, M|100/100\n|turn|24\n|\n|t:|1771255657\n|move|p2a: Dragonite|Dragon Dance|p2a: Dragonite\n|-boost|p2a: Dragonite|atk|1\n|-boost|p2a: Dragonite|spe|1\n|move|p1a: Takeru|Ice Beam|p2a: Dragonite\n|-supereffective|p2a: Dragonite\n|-damage|p2a: Dragonite|64/100\n|-enditem|p2a: Dragonite|Weakness Policy\n|-boost|p2a: Dragonite|atk|2|[from] item: Weakness Policy\n|-boost|p2a: Dragonite|spa|2|[from] item: Weakness Policy\n|\n|upkeep\n|turn|25\n|\n|t:|1771255659\n|-terastallize|p2a: Dragonite|Normal\n|move|p2a: Dragonite|Extreme Speed|p1a: Takeru\n|-damage|p1a: Takeru|0 fnt\n|faint|p1a: Takeru\n|\n|upkeep\n|\n|t:|1771255660\n|switch|p1a: Garfield|Landorus-Therian, M|64/100\n|-damage|p1a: Garfield|51/100|[from] Stealth Rock\n|-ability|p1a: Garfield|Intimidate|boost\n|-unboost|p2a: Dragonite|atk|1\n|turn|26\n|\n|t:|1771255662\n|move|p2a: Dragonite|Extreme Speed|p1a: Garfield\n|-damage|p1a: Garfield|0 fnt\n|-damage|p2a: Dragonite|48/100|[from] item: Rocky Helmet|[of] p1a: Garfield\n|faint|p1a: Garfield\n|\n|win|rekka auto\n|raw|Caloogan's rating: 1578 &rarr; <strong>1563</strong><br />(-15 for losing)\n|raw|rekka auto's rating: 1666 &rarr; <strong>1681</strong><br />(+15 for winning)\n|l|☆rekka auto\n|player|p2|\n", "uploadtime": 1771255872, "views": 5, "formatid": "gen9ou", "rating": 1563, "private": 0, "password": null}