{"id": "gen9ou-2647739895", "format": "[Gen 9] OU", "players": ["Pr0fess0r T", "sharkguy8812"], "log": "|j|☆Pr0fess0r T\n|j|☆sharkguy8812\n|t:|1783804529\n|gametype|singles\n|player|p1|Pr0fess0r T|riley|1023\n|player|p2|sharkguy8812|2|1000\n|gen|9\n|tier|[Gen 9] OU\n|rated|\n|rule|HP Percentage Mod: HP is shown in percentages\n|rule|Endless Battle Clause: Forcing endless battles is banned\n|rule|Species Clause: Limit one of each Pokémon\n|rule|OHKO Clause: OHKO moves are banned\n|rule|Evasion Items Clause: Evasion items are banned\n|rule|Evasion Moves Clause: Evasion moves are banned\n|rule|Evasion Abilities Clause: Evasion abilities are banned\n|rule|Sleep Moves Clause: Sleep-inducing moves are banned\n|clearpoke\n|poke|p1|Seviper, F|\n|poke|p1|Corviknight, F|\n|poke|p1|Zangoose, F|\n|poke|p1|Tinkaton, F|\n|poke|p1|Tyranitar, M|\n|poke|p1|Sceptile, F|\n|poke|p2|Iron Hands|\n|poke|p2|Sandaconda, M|\n|poke|p2|Dragapult, F|\n|poke|p2|Garganacl, F|\n|poke|p2|Hippowdon, F|\n|poke|p2|Hatterene, F|\n|teampreview\n|\n|t:|1783804550\n|teamsize|p1|6\n|teamsize|p2|6\n|start\n|switch|p1a: Sceptile|Sceptile, F|100/100\n|switch|p2a: Hatterene|Hatterene, F|100/100\n|turn|1\n|\n|t:|1783804571\n|-terastallize|p1a: Sceptile|Grass\n|move|p1a: Sceptile|Dragon Dance|p1a: Sceptile\n|-boost|p1a: Sceptile|atk|1\n|-boost|p1a: Sceptile|spe|1\n|move|p2a: Hatterene|Trick Room|p2a: Hatterene\n|-fieldstart|move: Trick Room|[of] p2a: Hatterene\n|\n|upkeep\n|turn|2\n|\n|t:|1783804582\n|switch|p2a: Iron Hands|Iron Hands|100/100\n|-enditem|p2a: Iron Hands|Booster Energy\n|-activate|p2a: Iron Hands|ability: Quark Drive|[fromitem]\n|-start|p2a: Iron Hands|quarkdriveatk\n|move|p1a: Sceptile|Energy Ball|p2a: Iron Hands\n|-damage|p2a: Iron Hands|69/100\n|-unboost|p2a: Iron Hands|spd|1\n|\n|upkeep\n|turn|3\n|\n|t:|1783804597\n|move|p2a: Iron Hands|Drain Punch|p1a: Sceptile\n|-damage|p1a: Sceptile|3/100\n|-heal|p2a: Iron Hands|99/100|[from] drain|[of] p1a: Sceptile\n|-enditem|p1a: Sceptile|Sitrus Berry|[eat]\n|-heal|p1a: Sceptile|28/100|[from] item: Sitrus Berry\n|move|p1a: Sceptile|Energy Ball|p2a: Iron Hands\n|-damage|p2a: Iron Hands|55/100\n|\n|upkeep\n|turn|4\n|\n|t:|1783804609\n|move|p2a: Iron Hands|Drain Punch|p1a: Sceptile\n|-damage|p1a: Sceptile|0 fnt\n|-heal|p2a: Iron Hands|64/100|[from] drain|[of] p1a: Sceptile\n|faint|p1a: Sceptile\n|\n|upkeep\n|\n|t:|1783804626\n|switch|p1a: Tyranitar|Tyranitar, M|100/100\n|-ability|p1a: Tyranitar|Unnerve\n|turn|5\n|\n|t:|1783804632\n|move|p2a: Iron Hands|Drain Punch|p1a: Tyranitar\n|-supereffective|p1a: Tyranitar\n|-damage|p1a: Tyranitar|0 fnt\n|-heal|p2a: Iron Hands|100/100|[from] drain|[of] p1a: Tyranitar\n|faint|p1a: Tyranitar\n|\n|-fieldend|move: Trick Room\n|upkeep\n|\n|t:|1783804643\n|switch|p1a: Tinkaton|Tinkaton, F|100/100\n|-ability|p1a: Tinkaton|Mold Breaker\n|turn|6\n|\n|t:|1783804650\n|move|p1a: Tinkaton|Gigaton Hammer|p2a: Iron Hands\n|-resisted|p2a: Iron Hands\n|-damage|p2a: Iron Hands|80/100\n|move|p2a: Iron Hands|Drain Punch|p1a: Tinkaton\n|-damage|p1a: Tinkaton|28/100\n|-heal|p2a: Iron Hands|100/100|[from] drain|[of] p1a: Tinkaton\n|\n|-heal|p1a: Tinkaton|34/100|[from] item: Leftovers\n|upkeep\n|turn|7\n|\n|t:|1783804661\n|move|p1a: Tinkaton|Ice Hammer|p2a: Iron Hands\n|-damage|p2a: Iron Hands|84/100\n|-unboost|p1a: Tinkaton|spe|1\n|move|p2a: Iron Hands|Drain Punch|p1a: Tinkaton\n|-damage|p1a: Tinkaton|0 fnt\n|-heal|p2a: Iron Hands|96/100|[from] drain|[of] p1a: Tinkaton\n|faint|p1a: Tinkaton\n|\n|upkeep\n|\n|t:|1783804673\n|switch|p1a: Corviknight|Corviknight, F|100/100\n|turn|8\n|\n|t:|1783804680\n|move|p1a: Corviknight|Iron Head|p2a: Iron Hands\n|-resisted|p2a: Iron Hands\n|-damage|p2a: Iron Hands|87/100\n|move|p2a: Iron Hands|Drain Punch|p1a: Corviknight\n|-damage|p1a: Corviknight|66/100\n|-heal|p2a: Iron Hands|100/100|[from] drain|[of] p1a: Corviknight\n|\n|upkeep\n|turn|9\n|\n|t:|1783804690\n|move|p1a: Corviknight|Air Slash|p2a: Iron Hands\n|-damage|p2a: Iron Hands|84/100\n|move|p2a: Iron Hands|Drain Punch|p1a: Corviknight\n|-damage|p1a: Corviknight|31/100\n|-heal|p2a: Iron Hands|99/100|[from] drain|[of] p1a: Corviknight\n|\n|upkeep\n|turn|10\n|\n|t:|1783804700\n|move|p1a: Corviknight|Air Slash|p2a: Iron Hands\n|-damage|p2a: Iron Hands|84/100\n|move|p2a: Iron Hands|Drain Punch|p1a: Corviknight\n|-damage|p1a: Corviknight|0 fnt\n|-heal|p2a: Iron Hands|98/100|[from] drain|[of] p1a: Corviknight\n|faint|p1a: Corviknight\n|\n|upkeep\n|\n|t:|1783804715\n|switch|p1a: Zangoose|Zangoose, F|100/100\n|turn|11\n|\n|t:|1783804728\n|move|p1a: Zangoose|Zen Headbutt|p2a: Iron Hands\n|-supereffective|p2a: Iron Hands\n|-damage|p2a: Iron Hands|58/100\n|move|p2a: Iron Hands|Drain Punch|p1a: Zangoose\n|-supereffective|p1a: Zangoose\n|-damage|p1a: Zangoose|0 fnt\n|-heal|p2a: Iron Hands|90/100|[from] drain|[of] p1a: Zangoose\n|faint|p1a: Zangoose\n|\n|upkeep\n|\n|t:|1783804737\n|switch|p1a: Seviper|Seviper, F|100/100\n|turn|12\n|\n|t:|1783804746\n|-terastallize|p2a: Iron Hands|Fighting\n|move|p1a: Seviper|Glare|p2a: Iron Hands\n|-status|p2a: Iron Hands|par\n|cant|p2a: Iron Hands|par\n|\n|upkeep\n|turn|13\n|\n|t:|1783804754\n|move|p1a: Seviper|Sludge Bomb|p2a: Iron Hands\n|-damage|p2a: Iron Hands|58/100 par\n|cant|p2a: Iron Hands|par\n|\n|upkeep\n|turn|14\n|\n|t:|1783804761\n|move|p1a: Seviper|Sludge Bomb|p2a: Iron Hands\n|-damage|p2a: Iron Hands|26/100 par\n|move|p2a: Iron Hands|Drain Punch|p1a: Seviper\n|-resisted|p1a: Seviper\n|-damage|p1a: Seviper|45/100\n|-heal|p2a: Iron Hands|44/100 par|[from] drain|[of] p1a: Seviper\n|\n|-heal|p1a: Seviper|51/100|[from] item: Black Sludge\n|upkeep\n|turn|15\n|\n|t:|1783804772\n|move|p1a: Seviper|Sludge Bomb|p2a: Iron Hands\n|-damage|p2a: Iron Hands|11/100 par\n|move|p2a: Iron Hands|Drain Punch|p1a: Seviper\n|-resisted|p1a: Seviper\n|-damage|p1a: Seviper|0 fnt\n|-heal|p2a: Iron Hands|28/100 par|[from] drain|[of] p1a: Seviper\n|faint|p1a: Seviper\n|\n|win|sharkguy8812\n|raw|Pr0fess0r T's rating: 1023 &rarr; <strong>1009</strong><br />(-14 for losing)\n|raw|sharkguy8812's rating: 1000 &rarr; <strong>1043</strong><br />(+43 for winning)\n|l|☆Pr0fess0r T\n|player|p1|\n", "uploadtime": 1783804786, "views": 20, "formatid": "gen9ou", "rating": 1009, "private": 0, "password": null}