{"id": "gen9ou-2647776168", "format": "[Gen 9] OU", "players": ["Belike", "Moxie3317"], "log": "|j|☆Belike\n|j|☆Moxie3317\n|t:|1783810629\n|gametype|singles\n|player|p1|Belike|rocketgrunt|1370\n|player|p2|Moxie3317|falkner|1316\n|gen|9\n|tier|[Gen 9] OU\n|rated|\n|rule|HP Percentage Mod: HP is shown in percentages\n|rule|Endless Battle Clause: Forcing endless battles is banned\n|rule|Species Clause: Limit one of each Pokémon\n|rule|OHKO Clause: OHKO moves are banned\n|rule|Evasion Items Clause: Evasion items are banned\n|rule|Evasion Moves Clause: Evasion moves are banned\n|rule|Evasion Abilities Clause: Evasion abilities are banned\n|rule|Sleep Moves Clause: Sleep-inducing moves are banned\n|clearpoke\n|poke|p1|Cinderace, M|\n|poke|p1|Darkrai|\n|poke|p1|Hatterene, F|\n|poke|p1|Iron Treads|\n|poke|p1|Lucario, M|\n|poke|p1|Ribombee, M|\n|poke|p2|Zapdos|\n|poke|p2|Samurott-Hisui, F|\n|poke|p2|Gholdengo|\n|poke|p2|Great Tusk|\n|poke|p2|Ceruledge, F|\n|poke|p2|Hatterene, F|\n|teampreview\n|inactive|Battle timer is ON: inactive players will automatically lose when time's up. (requested by Moxie3317)\n|inactive|Belike also wants the timer to be on.\n|\n|t:|1783810648\n|teamsize|p1|6\n|teamsize|p2|6\n|start\n|switch|p1a: Cinderace|Cinderace, M|100/100\n|switch|p2a: Zapdos|Zapdos|100/100\n|turn|1\n|\n|t:|1783810659\n|move|p1a: Cinderace|Pyro Ball|p2a: Zapdos\n|-damage|p2a: Zapdos|0 fnt\n|faint|p2a: Zapdos\n|\n|upkeep\n|\n|t:|1783810665\n|switch|p2a: Great Tusk|Great Tusk|100/100\n|-enditem|p2a: Great Tusk|Booster Energy\n|-activate|p2a: Great Tusk|ability: Protosynthesis|[fromitem]\n|-start|p2a: Great Tusk|protosynthesisspe\n|turn|2\n|\n|t:|1783810676\n|switch|p1a: Ribombee|Ribombee, M|100/100\n|move|p2a: Great Tusk|Headlong Rush|p1a: Ribombee\n|-resisted|p1a: Ribombee\n|-damage|p1a: Ribombee|55/100\n|-unboost|p2a: Great Tusk|def|1\n|-unboost|p2a: Great Tusk|spd|1\n|\n|upkeep\n|turn|3\n|\n|t:|1783810683\n|-terastallize|p2a: Great Tusk|Ghost\n|move|p2a: Great Tusk|Rapid Spin|p1a: Ribombee\n|-damage|p1a: Ribombee|33/100\n|-boost|p2a: Great Tusk|spe|1\n|move|p1a: Ribombee|Tailwind|p1a: Ribombee\n|-sidestart|p1: Belike|move: Tailwind\n|\n|upkeep\n|turn|4\n|\n|t:|1783810693\n|move|p1a: Ribombee|Sticky Web|p2a: Great Tusk\n|-sidestart|p2: Moxie3317|move: Sticky Web\n|move|p2a: Great Tusk|Stealth Rock|p1a: Ribombee\n|-sidestart|p1: Belike|move: Stealth Rock\n|\n|upkeep\n|turn|5\n|\n|t:|1783810696\n|move|p1a: Ribombee|Moonblast|p2a: Great Tusk\n|-crit|p2a: Great Tusk\n|-damage|p2a: Great Tusk|2/100\n|move|p2a: Great Tusk|Rapid Spin|p1a: Ribombee\n|-damage|p1a: Ribombee|8/100\n|-boost|p2a: Great Tusk|spe|1\n|-sideend|p2: Moxie3317|Sticky Web|[from] move: Rapid Spin|[of] p2a: Great Tusk\n|\n|upkeep\n|turn|6\n|\n|t:|1783810702\n|move|p2a: Great Tusk|Rapid Spin|p1a: Ribombee\n|-damage|p1a: Ribombee|0 fnt\n|-boost|p2a: Great Tusk|spe|1\n|faint|p1a: Ribombee\n|\n|-sideend|p1: Belike|move: Tailwind\n|upkeep\n|\n|t:|1783810707\n|switch|p1a: Lucario|Lucario, M|100/100\n|-damage|p1a: Lucario|97/100|[from] Stealth Rock\n|turn|7\n|\n|t:|1783810709\n|move|p1a: Lucario|Bullet Punch|p2a: Great Tusk\n|-damage|p2a: Great Tusk|0 fnt\n|faint|p2a: Great Tusk\n|-end|p2a: Great Tusk|Protosynthesis|[silent]\n|\n|-heal|p1a: Lucario|100/100|[from] item: Leftovers\n|upkeep\n|\n|t:|1783810715\n|switch|p2a: Samurott|Samurott-Hisui, F|100/100\n|turn|8\n|\n|t:|1783810726\n|move|p2a: Samurott|Razor Shell|p1a: Lucario\n|-damage|p1a: Lucario|29/100\n|move|p1a: Lucario|Bulk Up|p1a: Lucario\n|-boost|p1a: Lucario|atk|1\n|-boost|p1a: Lucario|def|1\n|\n|-heal|p1a: Lucario|35/100|[from] item: Leftovers\n|upkeep\n|turn|9\n|\n|t:|1783810734\n|move|p2a: Samurott|Razor Shell|p1a: Lucario|[miss]\n|-miss|p2a: Samurott|p1a: Lucario\n|move|p1a: Lucario|Drain Punch|p2a: Samurott\n|-supereffective|p2a: Samurott\n|-enditem|p2a: Samurott|Focus Sash\n|-damage|p2a: Samurott|1/100\n|-heal|p1a: Lucario|85/100|[from] drain|[of] p2a: Samurott\n|\n|-heal|p1a: Lucario|92/100|[from] item: Leftovers\n|upkeep\n|turn|10\n|\n|t:|1783810738\n|move|p2a: Samurott|Sucker Punch|p1a: Lucario\n|-resisted|p1a: Lucario\n|-damage|p1a: Lucario|76/100\n|-ability|p1a: Lucario|Justified|boost\n|-boost|p1a: Lucario|atk|1\n|move|p1a: Lucario|Bullet Punch|p2a: Samurott\n|-resisted|p2a: Samurott\n|-damage|p2a: Samurott|0 fnt\n|faint|p2a: Samurott\n|\n|-heal|p1a: Lucario|82/100|[from] item: Leftovers\n|upkeep\n|\n|t:|1783810746\n|switch|p2a: Gholdengo|Gholdengo|100/100\n|-item|p2a: Gholdengo|Air Balloon\n|turn|11\n|\n|t:|1783810749\n|move|p1a: Lucario|Bullet Punch|p2a: Gholdengo\n|-resisted|p2a: Gholdengo\n|-damage|p2a: Gholdengo|85/100\n|-enditem|p2a: Gholdengo|Air Balloon\n|move|p2a: Gholdengo|Thunder Wave|p1a: Lucario\n|-status|p1a: Lucario|par\n|\n|-heal|p1a: Lucario|89/100 par|[from] item: Leftovers\n|upkeep\n|turn|12\n|\n|t:|1783810752\n|switch|p1a: Iron Treads|Iron Treads|100/100\n|move|p2a: Gholdengo|Shadow Ball|p1a: Iron Treads\n|-damage|p1a: Iron Treads|51/100\n|\n|upkeep\n|turn|13\n|\n|t:|1783810756\n|move|p1a: Iron Treads|Earthquake|p2a: Gholdengo\n|-supereffective|p2a: Gholdengo\n|-damage|p2a: Gholdengo|0 fnt\n|faint|p2a: Gholdengo\n|\n|upkeep\n|\n|t:|1783810764\n|switch|p2a: Ceruledge|Ceruledge, F|100/100\n|turn|14\n|\n|t:|1783810768\n|move|p1a: Iron Treads|Volt Switch|p2a: Ceruledge\n|-damage|p2a: Ceruledge|88/100\n|\n|t:|1783810770\n|-end|p1a: Iron Treads|Quark Drive|[silent]\n|switch|p1a: Darkrai|Darkrai|100/100|[from] Volt Switch\n|-damage|p1a: Darkrai|88/100|[from] Stealth Rock\n|move|p2a: Ceruledge|Swords Dance|p2a: Ceruledge\n|-boost|p2a: Ceruledge|atk|2\n|\n|upkeep\n|turn|15\n|\n|t:|1783810773\n|move|p1a: Darkrai|Dark Pulse|p2a: Ceruledge\n|-supereffective|p2a: Ceruledge\n|-damage|p2a: Ceruledge|0 fnt\n|faint|p2a: Ceruledge\n|\n|upkeep\n|\n|t:|1783810775\n|switch|p2a: Hatterene|Hatterene, F|100/100\n|turn|16\n|\n|t:|1783810777\n|move|p1a: Darkrai|Dark Pulse|p2a: Hatterene\n|-damage|p2a: Hatterene|58/100\n|move|p2a: Hatterene|Nuzzle|p1a: Darkrai\n|-damage|p1a: Darkrai|82/100\n|-status|p1a: Darkrai|par\n|\n|upkeep\n|turn|17\n|\n|t:|1783810780\n|move|p1a: Darkrai|Dark Pulse|p2a: Hatterene\n|-damage|p2a: Hatterene|15/100\n|cant|p2a: Hatterene|flinch\n|\n|upkeep\n|turn|18\n|\n|t:|1783810783\n|move|p1a: Darkrai|Dark Pulse|p2a: Hatterene\n|-damage|p2a: Hatterene|0 fnt\n|faint|p2a: Hatterene\n|\n|win|Belike\n|raw|Belike's rating: 1370 &rarr; <strong>1387</strong><br />(+17 for winning)\n|raw|Moxie3317's rating: 1316 &rarr; <strong>1299</strong><br />(-17 for losing)\n|l|☆Moxie3317\n|player|p2|\n|l|☆Belike\n|player|p1|\n|j|☆Belike\n|player|p1|Belike|rocketgrunt|\n|l|☆Belike\n|player|p1|\n", "uploadtime": 1783810790, "views": 4, "formatid": "gen9ou", "rating": 1299, "private": 0, "password": null}