{"id": "gen9ou-2647799140", "format": "[Gen 9] OU", "players": ["mr. mastadon farm", "icewizardlair☃"], "log": "|j|☆mr. mastadon farm\n|j|☆icewizardlair☃\n|t:|1783814661\n|gametype|singles\n|player|p1|mr. mastadon farm|blaine|1206\n|player|p2|icewizardlair☃|lorelei-lgpe|1169\n|gen|9\n|tier|[Gen 9] OU\n|rated|\n|rule|HP Percentage Mod: HP is shown in percentages\n|rule|Endless Battle Clause: Forcing endless battles is banned\n|rule|Species Clause: Limit one of each Pokémon\n|rule|OHKO Clause: OHKO moves are banned\n|rule|Evasion Items Clause: Evasion items are banned\n|rule|Evasion Moves Clause: Evasion moves are banned\n|rule|Evasion Abilities Clause: Evasion abilities are banned\n|rule|Sleep Moves Clause: Sleep-inducing moves are banned\n|clearpoke\n|poke|p1|Ditto|\n|poke|p1|Slaking, F|\n|poke|p1|Staraptor, M|\n|poke|p1|Blissey, F|\n|poke|p1|Maushold-Four|\n|poke|p1|Porygon2|\n|poke|p2|Froslass, F|\n|poke|p2|Arcanine-Hisui, M|\n|poke|p2|Yanmega, F|\n|poke|p2|Cetitan, M|\n|poke|p2|Azumarill, F|\n|poke|p2|Electrode-Hisui|\n|teampreview\n|inactive|Battle timer is ON: inactive players will automatically lose when time's up. (requested by icewizardlair☃)\n|\n|t:|1783814668\n|teamsize|p1|6\n|teamsize|p2|6\n|start\n|switch|p1a: Slaking|Slaking, F|100/100\n|switch|p2a: Magnavox|Electrode-Hisui, shiny|100/100\n|turn|1\n|\n|t:|1783814679\n|move|p2a: Magnavox|Thunder Wave|p1a: Slaking\n|-status|p1a: Slaking|par\n|cant|p1a: Slaking|par\n|\n|upkeep\n|turn|2\n|\n|t:|1783814684\n|move|p2a: Magnavox|Electro Ball|p1a: Slaking\n|-damage|p1a: Slaking|66/100 par\n|cant|p1a: Slaking|ability: Truant\n|\n|upkeep\n|turn|3\n|\n|t:|1783814691\n|move|p2a: Magnavox|Electro Ball|p1a: Slaking\n|-damage|p1a: Slaking|35/100 par\n|move|p1a: Slaking|Double-Edge|p2a: Magnavox\n|-damage|p2a: Magnavox|0 fnt\n|-damage|p1a: Slaking|10/100 par|[from] ability: Aftermath|[of] p2a: Magnavox\n|-damage|p1a: Slaking|0 fnt|[from] item: Rocky Helmet|[of] p2a: Magnavox\n|faint|p2a: Magnavox\n|faint|p1a: Slaking\n|\n|upkeep\n|\n|t:|1783814704\n|switch|p2a: BMO|Azumarill, F|100/100\n|switch|p1a: Maushold|Maushold-Four|100/100\n|turn|4\n|\n|t:|1783814709\n|move|p1a: Maushold|Population Bomb|p2a: BMO\n|-damage|p2a: BMO|90/100\n|-damage|p2a: BMO|80/100\n|-damage|p2a: BMO|69/100\n|-damage|p2a: BMO|58/100\n|-damage|p2a: BMO|46/100\n|-damage|p2a: BMO|34/100\n|-damage|p2a: BMO|24/100\n|-damage|p2a: BMO|12/100\n|-damage|p2a: BMO|0 fnt\n|faint|p2a: BMO\n|-hitcount|p2: BMO|9\n|\n|upkeep\n|\n|t:|1783814712\n|switch|p2a: Snowcrow|Froslass, F|100/100\n|turn|5\n|\n|t:|1783814721\n|switch|p1a: Blissey|Blissey, F|100/100\n|move|p2a: Snowcrow|Will-O-Wisp|p1a: Blissey\n|-status|p1a: Blissey|brn\n|\n|-damage|p1a: Blissey|94/100 brn|[from] brn\n|upkeep\n|turn|6\n|\n|t:|1783814725\n|switch|p2a: Kixxarth|Yanmega, F|100/100\n|move|p1a: Blissey|Stealth Rock|p2a: Kixxarth\n|-sidestart|p2: icewizardlair☃|move: Stealth Rock\n|\n|-damage|p1a: Blissey|88/100 brn|[from] brn\n|upkeep\n|turn|7\n|\n|t:|1783814730\n|move|p2a: Kixxarth|Air Slash|p1a: Blissey\n|-damage|p1a: Blissey|75/100 brn\n|move|p1a: Blissey|Thunder Wave|p2a: Kixxarth\n|-status|p2a: Kixxarth|par\n|\n|-damage|p1a: Blissey|69/100 brn|[from] brn\n|-ability|p2a: Kixxarth|Speed Boost|boost\n|-boost|p2a: Kixxarth|spe|1\n|upkeep\n|turn|8\n|\n|t:|1783814735\n|move|p2a: Kixxarth|Air Slash|p1a: Blissey\n|-damage|p1a: Blissey|56/100 brn\n|move|p1a: Blissey|Seismic Toss|p2a: Kixxarth\n|-damage|p2a: Kixxarth|69/100 par\n|\n|-damage|p1a: Blissey|50/100 brn|[from] brn\n|-ability|p2a: Kixxarth|Speed Boost|boost\n|-boost|p2a: Kixxarth|spe|1\n|upkeep\n|turn|9\n|\n|t:|1783814739\n|move|p2a: Kixxarth|Air Slash|p1a: Blissey\n|-damage|p1a: Blissey|37/100 brn\n|cant|p1a: Blissey|flinch\n|\n|-damage|p1a: Blissey|31/100 brn|[from] brn\n|-ability|p2a: Kixxarth|Speed Boost|boost\n|-boost|p2a: Kixxarth|spe|1\n|upkeep\n|turn|10\n|\n|t:|1783814742\n|move|p2a: Kixxarth|Air Slash|p1a: Blissey\n|-damage|p1a: Blissey|19/100 brn\n|move|p1a: Blissey|Soft-Boiled|p1a: Blissey\n|-heal|p1a: Blissey|69/100 brn\n|\n|-damage|p1a: Blissey|63/100 brn|[from] brn\n|-ability|p2a: Kixxarth|Speed Boost|boost\n|-boost|p2a: Kixxarth|spe|1\n|upkeep\n|turn|11\n|\n|t:|1783814745\n|move|p2a: Kixxarth|Air Slash|p1a: Blissey\n|-damage|p1a: Blissey|48/100 brn\n|cant|p1a: Blissey|flinch\n|\n|-damage|p1a: Blissey|42/100 brn|[from] brn\n|-ability|p2a: Kixxarth|Speed Boost|boost\n|-boost|p2a: Kixxarth|spe|1\n|upkeep\n|turn|12\n|\n|t:|1783814747\n|cant|p2a: Kixxarth|par\n|move|p1a: Blissey|Soft-Boiled|p1a: Blissey\n|-heal|p1a: Blissey|92/100 brn\n|\n|-damage|p1a: Blissey|86/100 brn|[from] brn\n|-ability|p2a: Kixxarth|Speed Boost|boost\n|-boost|p2a: Kixxarth|spe|1\n|upkeep\n|turn|13\n|\n|t:|1783814757\n|-curestatus|p1a: Blissey|brn|[from] ability: Natural Cure|[silent]\n|switch|p1a: Porygon2|Porygon2, shiny|100/100\n|-ability|p1a: Porygon2|Speed Boost|Trace|[from] ability: Trace|[of] p2a: Kixxarth\n|-terastallize|p2a: Kixxarth|Ghost\n|move|p2a: Kixxarth|U-turn|p1a: Porygon2\n|-damage|p1a: Porygon2|91/100\n|\n|t:|1783814761\n|switch|p2a: Arcannon|Arcanine-Hisui, M, shiny|100/100|[from] U-turn\n|-damage|p2a: Arcannon|76/100|[from] Stealth Rock\n|-item|p2a: Arcannon|Air Balloon\n|\n|upkeep\n|turn|14\n|\n|t:|1783814779\n|move|p2a: Arcannon|Close Combat|p1a: Porygon2\n|-supereffective|p1a: Porygon2\n|-damage|p1a: Porygon2|52/100\n|-unboost|p2a: Arcannon|def|1\n|-unboost|p2a: Arcannon|spd|1\n|move|p1a: Porygon2|Charge Beam|p2a: Arcannon\n|-damage|p2a: Arcannon|51/100\n|-boost|p1a: Porygon2|spa|1\n|-enditem|p2a: Arcannon|Air Balloon\n|\n|-ability|p1a: Porygon2|Speed Boost|boost\n|-boost|p1a: Porygon2|spe|1\n|upkeep\n|turn|15\n|\n|t:|1783814787\n|move|p2a: Arcannon|Extreme Speed|p1a: Porygon2\n|-damage|p1a: Porygon2|39/100\n|move|p1a: Porygon2|Recover|p1a: Porygon2\n|-heal|p1a: Porygon2|89/100\n|\n|-ability|p1a: Porygon2|Speed Boost|boost\n|-boost|p1a: Porygon2|spe|1\n|upkeep\n|turn|16\n|\n|t:|1783814790\n|move|p1a: Porygon2|Charge Beam|p2a: Arcannon\n|-damage|p2a: Arcannon|15/100\n|move|p2a: Arcannon|Head Smash|p1a: Porygon2\n|-damage|p1a: Porygon2|52/100\n|\n|-ability|p1a: Porygon2|Speed Boost|boost\n|-boost|p1a: Porygon2|spe|1\n|upkeep\n|turn|17\n|\n|t:|1783814795\n|move|p1a: Porygon2|Charge Beam|p2a: Arcannon\n|-crit|p2a: Arcannon\n|-damage|p2a: Arcannon|0 fnt\n|-boost|p1a: Porygon2|spa|1\n|faint|p2a: Arcannon\n|\n|-ability|p1a: Porygon2|Speed Boost|boost\n|-boost|p1a: Porygon2|spe|1\n|upkeep\n|\n|t:|1783814801\n|switch|p2a: Dr. Cool|Cetitan, M|100/100\n|-damage|p2a: Dr. Cool|76/100|[from] Stealth Rock\n|turn|18\n|\n|t:|1783814805\n|move|p1a: Porygon2|Tri Attack|p2a: Dr. Cool\n|-damage|p2a: Dr. Cool|12/100\n|move|p2a: Dr. Cool|Icicle Spear|p1a: Porygon2\n|-crit|p1a: Porygon2\n|-damage|p1a: Porygon2|41/100\n|-damage|p1a: Porygon2|34/100\n|-damage|p1a: Porygon2|26/100\n|-damage|p1a: Porygon2|20/100\n|-damage|p1a: Porygon2|13/100\n|-hitcount|p1a: Porygon2|5\n|\n|-ability|p1a: Porygon2|Speed Boost|boost\n|-boost|p1a: Porygon2|spe|1\n|upkeep\n|turn|19\n|\n|t:|1783814811\n|move|p2a: Dr. Cool|Ice Shard|p1a: Porygon2\n|-damage|p1a: Porygon2|2/100\n|move|p1a: Porygon2|Charge Beam|p2a: Dr. Cool|[miss]\n|-miss|p1a: Porygon2|p2a: Dr. Cool\n|\n|-ability|p1a: Porygon2|Speed Boost|boost\n|-boost|p1a: Porygon2|spe|1\n|upkeep\n|turn|20\n|\n|t:|1783814821\n|switch|p1a: Blissey|Blissey, F|86/100\n|move|p2a: Dr. Cool|Ice Shard|p1a: Blissey\n|-damage|p1a: Blissey|69/100\n|\n|upkeep\n|turn|21\n|\n|t:|1783814827\n|move|p2a: Dr. Cool|Icicle Spear|p1a: Blissey\n|-damage|p1a: Blissey|57/100\n|-damage|p1a: Blissey|45/100\n|-damage|p1a: Blissey|34/100\n|-damage|p1a: Blissey|23/100\n|-hitcount|p1a: Blissey|4\n|move|p1a: Blissey|Seismic Toss|p2a: Dr. Cool\n|-damage|p2a: Dr. Cool|0 fnt\n|faint|p2a: Dr. Cool\n|\n|upkeep\n|\n|t:|1783814832\n|switch|p2a: Snowcrow|Froslass, F|100/100\n|-damage|p2a: Snowcrow|76/100|[from] Stealth Rock\n|turn|22\n|\n|t:|1783814835\n|move|p2a: Snowcrow|Blizzard|p1a: Blissey|[miss]\n|-miss|p2a: Snowcrow|p1a: Blissey\n|-enditem|p2a: Snowcrow|Blunder Policy\n|-boost|p2a: Snowcrow|spe|2\n|move|p1a: Blissey|Thunder Wave|p2a: Snowcrow\n|-status|p2a: Snowcrow|par\n|\n|upkeep\n|turn|23\n|\n|t:|1783814839\n|move|p2a: Snowcrow|Destiny Bond|p2a: Snowcrow\n|-singlemove|p2a: Snowcrow|Destiny Bond\n|move|p1a: Blissey|Soft-Boiled|p1a: Blissey\n|-heal|p1a: Blissey|73/100\n|\n|upkeep\n|turn|24\n|-message|icewizardlair☃ forfeited.\n|\n|win|mr. mastadon farm\n|raw|mr. mastadon farm's rating: 1206 &rarr; <strong>1228</strong><br />(+22 for winning)\n|raw|icewizardlair☃'s rating: 1169 &rarr; <strong>1147</strong><br />(-22 for losing)\n|l|☆icewizardlair☃\n|player|p2|\n|l|☆mr. mastadon farm\n|player|p1|\n", "uploadtime": 1783815133, "views": 13, "formatid": "gen9ou", "rating": 1147, "private": 0, "password": null}