{"id": "gen9ou-2540900711", "format": "[Gen 9] OU", "players": ["yesterdaymister", "zarross"], "log": "|j|☆yesterdaymister\n|j|☆zarross\n|t:|1771265362\n|gametype|singles\n|player|p1|yesterdaymister|2|1729\n|player|p2|zarross|plumeria|1770\n|gen|9\n|tier|[Gen 9] OU\n|rated|\n|rule|HP Percentage Mod: HP is shown in percentages\n|rule|Endless Battle Clause: Forcing endless battles is banned\n|rule|Species Clause: Limit one of each Pokémon\n|rule|OHKO Clause: OHKO moves are banned\n|rule|Evasion Items Clause: Evasion items are banned\n|rule|Evasion Moves Clause: Evasion moves are banned\n|rule|Evasion Abilities Clause: Evasion abilities are banned\n|rule|Sleep Moves Clause: Sleep-inducing moves are banned\n|clearpoke\n|poke|p1|Ninetales, F|\n|poke|p1|Ceruledge, F|\n|poke|p1|Venusaur, M|\n|poke|p1|Hatterene, F|\n|poke|p1|Great Tusk|\n|poke|p1|Walking Wake|\n|poke|p2|Dondozo, F|\n|poke|p2|Gliscor, F|\n|poke|p2|Weezing-Galar, F|\n|poke|p2|Blissey, F|\n|poke|p2|Corviknight, F|\n|poke|p2|Amoonguss, F|\n|teampreview\n|inactive|Battle timer is ON: inactive players will automatically lose when time's up. (requested by yesterdaymister)\n|inactive|zarross also wants the timer to be on.\n|j| nonchalantbufalant\n|\n|t:|1771265371\n|teamsize|p1|6\n|teamsize|p2|6\n|start\n|switch|p1a: arda guler|Ninetales, F|100/100\n|switch|p2a: Gliscor|Gliscor, F|100/100\n|-weather|SunnyDay|[from] ability: Drought|[of] p1a: arda guler\n|turn|1\n|\n|t:|1771265400\n|switch|p1a: maccabi|Hatterene, F|100/100\n|move|p2a: Gliscor|Protect||[still]\n|-fail|p2a: Gliscor\n|\n|-weather|SunnyDay|[upkeep]\n|-status|p2a: Gliscor|tox|[from] item: Toxic Orb\n|upkeep\n|turn|2\n|\n|t:|1771265404\n|move|p2a: Gliscor|Knock Off|p1a: maccabi\n|-damage|p1a: maccabi|81/100\n|-enditem|p1a: maccabi|Eject Button|[from] move: Knock Off|[of] p2a: Gliscor\n|move|p1a: maccabi|Dazzling Gleam|p2a: Gliscor\n|-damage|p2a: Gliscor|54/100 tox\n|\n|-weather|SunnyDay|[upkeep]\n|-heal|p2a: Gliscor|67/100 tox|[from] ability: Poison Heal\n|upkeep\n|turn|3\n|\n|t:|1771265410\n|move|p2a: Gliscor|Protect|p2a: Gliscor\n|-singleturn|p2a: Gliscor|Protect\n|move|p1a: maccabi|Psychic Noise|p2a: Gliscor\n|-activate|p2a: Gliscor|move: Protect\n|\n|-weather|SunnyDay|[upkeep]\n|-heal|p2a: Gliscor|79/100 tox|[from] ability: Poison Heal\n|upkeep\n|turn|4\n|\n|t:|1771265413\n|switch|p2a: Flesh Tutu|Blissey, F, shiny|100/100\n|move|p1a: maccabi|Psychic Noise|p2a: Flesh Tutu\n|-damage|p2a: Flesh Tutu|90/100\n|-start|p2a: Flesh Tutu|move: Heal Block\n|\n|-weather|SunnyDay|[upkeep]\n|upkeep\n|turn|5\n|\n|t:|1771265420\n|switch|p1a: lebron|Ceruledge, F|100/100\n|move|p2a: Flesh Tutu|Seismic Toss|p1a: lebron\n|-immune|p1a: lebron\n|\n|-weather|SunnyDay|[upkeep]\n|-end|p2a: Flesh Tutu|move: Heal Block\n|upkeep\n|turn|6\n|\n|t:|1771265427\n|switch|p1a: chama|Walking Wake|100/100\n|-activate|p1a: chama|ability: Protosynthesis\n|-start|p1a: chama|protosynthesisspa\n|switch|p2a: Dondozo|Dondozo, F|100/100\n|\n|-weather|SunnyDay|[upkeep]\n|upkeep\n|turn|7\n|\n|t:|1771265433\n|switch|p2a: Flesh Tutu|Blissey, F, shiny|90/100\n|-terastallize|p1a: chama|Water\n|move|p1a: chama|Hydro Steam|p2a: Flesh Tutu\n|-damage|p2a: Flesh Tutu|40/100\n|\n|-weather|SunnyDay|[upkeep]\n|upkeep\n|turn|8\n|\n|t:|1771265439\n|switch|p2a: Amoonguss|Amoonguss, F, shiny|100/100\n|move|p1a: chama|Hydro Steam|p2a: Amoonguss\n|-resisted|p2a: Amoonguss\n|-damage|p2a: Amoonguss|62/100\n|\n|-weather|none\n|-end|p1a: chama|Protosynthesis\n|upkeep\n|turn|9\n|\n|t:|1771265450\n|-end|p1a: chama|Protosynthesis|[silent]\n|switch|p1a: maccabi|Hatterene, F|81/100\n|switch|p2a: Flesh Tutu|Blissey, F, shiny|40/100\n|\n|upkeep\n|turn|10\n|\n|t:|1771265453\n|move|p2a: Flesh Tutu|Soft-Boiled|p2a: Flesh Tutu\n|-heal|p2a: Flesh Tutu|90/100\n|move|p1a: maccabi|Nuzzle|p2a: Flesh Tutu\n|-damage|p2a: Flesh Tutu|85/100\n|-status|p2a: Flesh Tutu|par\n|\n|upkeep\n|turn|11\n|\n|t:|1771265455\n|switch|p1a: arda guler|Ninetales, F|100/100\n|-weather|SunnyDay|[from] ability: Drought|[of] p1a: arda guler\n|move|p2a: Flesh Tutu|Seismic Toss|p1a: arda guler\n|-damage|p1a: arda guler|72/100\n|\n|-weather|SunnyDay|[upkeep]\n|upkeep\n|turn|12\n|\n|t:|1771265459\n|switch|p1a: lebron|Ceruledge, F|100/100\n|move|p2a: Flesh Tutu|Seismic Toss|p1a: lebron\n|-immune|p1a: lebron\n|\n|-weather|SunnyDay|[upkeep]\n|upkeep\n|turn|13\n|\n|t:|1771265463\n|switch|p1a: chama|Walking Wake, tera:Water|100/100\n|-activate|p1a: chama|ability: Protosynthesis\n|-start|p1a: chama|protosynthesisspa\n|-curestatus|p2a: Flesh Tutu|par|[from] ability: Natural Cure\n|switch|p2a: Dondozo|Dondozo, F|100/100\n|\n|-weather|SunnyDay|[upkeep]\n|upkeep\n|turn|14\n|\n|t:|1771265469\n|switch|p2a: Amoonguss|Amoonguss, F, shiny|95/100\n|move|p1a: chama|Hydro Steam|p2a: Amoonguss\n|-resisted|p2a: Amoonguss\n|-damage|p2a: Amoonguss|55/100\n|\n|-weather|SunnyDay|[upkeep]\n|upkeep\n|turn|15\n|\n|t:|1771265474\n|-end|p1a: chama|Protosynthesis|[silent]\n|switch|p1a: maccabi|Hatterene, F|81/100\n|move|p2a: Amoonguss|Seed Bomb|p1a: maccabi\n|-damage|p1a: maccabi|60/100\n|\n|-weather|SunnyDay|[upkeep]\n|upkeep\n|turn|16\n|\n|t:|1771265481\n|switch|p2a: Corviknight|Corviknight, F, shiny|100/100\n|-ability|p2a: Corviknight|Pressure\n|move|p1a: maccabi|Psychic Noise|p2a: Corviknight\n|-resisted|p2a: Corviknight\n|-damage|p2a: Corviknight|89/100\n|-start|p2a: Corviknight|move: Heal Block\n|\n|-weather|SunnyDay|[upkeep]\n|upkeep\n|turn|17\n|\n|t:|1771265485\n|move|p2a: Corviknight|Protect|p2a: Corviknight\n|-singleturn|p2a: Corviknight|Protect\n|move|p1a: maccabi|Nuzzle|p2a: Corviknight\n|-activate|p2a: Corviknight|move: Protect\n|\n|-weather|SunnyDay|[upkeep]\n|-end|p2a: Corviknight|move: Heal Block\n|upkeep\n|turn|18\n|\n|t:|1771265488\n|switch|p2a: Flesh Tutu|Blissey, F, shiny|85/100\n|move|p1a: maccabi|Nuzzle|p2a: Flesh Tutu\n|-damage|p2a: Flesh Tutu|79/100\n|-status|p2a: Flesh Tutu|par\n|\n|-weather|none\n|upkeep\n|turn|19\n|\n|t:|1771265492\n|switch|p1a: lebron|Ceruledge, F|100/100\n|-curestatus|p2a: Flesh Tutu|par|[from] ability: Natural Cure\n|switch|p2a: Gliscor|Gliscor, F|79/100 tox\n|\n|-heal|p2a: Gliscor|92/100 tox|[from] ability: Poison Heal\n|upkeep\n|turn|20\n|\n|t:|1771265495\n|switch|p1a: maccabi|Hatterene, F|60/100\n|move|p2a: Gliscor|Knock Off|p1a: maccabi\n|-damage|p1a: maccabi|47/100\n|\n|-heal|p2a: Gliscor|100/100 tox|[from] ability: Poison Heal\n|upkeep\n|turn|21\n|\n|t:|1771265498\n|switch|p2a: Flesh Tutu|Blissey, F, shiny|79/100\n|move|p1a: maccabi|Psychic Noise|p2a: Flesh Tutu\n|-damage|p2a: Flesh Tutu|69/100\n|-start|p2a: Flesh Tutu|move: Heal Block\n|\n|upkeep\n|turn|22\n|\n|t:|1771265502\n|move|p2a: Flesh Tutu|Seismic Toss|p1a: maccabi\n|-damage|p1a: maccabi|16/100\n|move|p1a: maccabi|Nuzzle|p2a: Flesh Tutu\n|-damage|p2a: Flesh Tutu|64/100\n|-status|p2a: Flesh Tutu|par\n|\n|-end|p2a: Flesh Tutu|move: Heal Block\n|upkeep\n|turn|23\n|\n|t:|1771265505\n|switch|p1a: arda guler|Ninetales, F|72/100\n|-weather|SunnyDay|[from] ability: Drought|[of] p1a: arda guler\n|cant|p2a: Flesh Tutu|par\n|\n|-weather|SunnyDay|[upkeep]\n|upkeep\n|turn|24\n|\n|t:|1771265510\n|switch|p1a: chama|Walking Wake, tera:Water|100/100\n|-activate|p1a: chama|ability: Protosynthesis\n|-start|p1a: chama|protosynthesisspa\n|cant|p2a: Flesh Tutu|par\n|\n|-weather|SunnyDay|[upkeep]\n|upkeep\n|turn|25\n|\n|t:|1771265516\n|move|p1a: chama|Hydro Steam|p2a: Flesh Tutu\n|-crit|p2a: Flesh Tutu\n|-damage|p2a: Flesh Tutu|0 fnt\n|faint|p2a: Flesh Tutu\n|\n|-weather|SunnyDay|[upkeep]\n|upkeep\n|\n|t:|1771265521\n|switch|p2a: Amoonguss|Amoonguss, F, shiny|88/100\n|turn|26\n|\n|t:|1771265525\n|-end|p1a: chama|Protosynthesis|[silent]\n|switch|p1a: maccabi|Hatterene, F|16/100\n|move|p2a: Amoonguss|Seed Bomb|p1a: maccabi\n|-damage|p1a: maccabi|0 fnt\n|faint|p1a: maccabi\n|\n|-weather|SunnyDay|[upkeep]\n|upkeep\n|\n|t:|1771265528\n|switch|p1a: chama|Walking Wake, tera:Water|100/100\n|-activate|p1a: chama|ability: Protosynthesis\n|-start|p1a: chama|protosynthesisspa\n|turn|27\n|\n|t:|1771265532\n|switch|p2a: Dondozo|Dondozo, F|100/100\n|move|p1a: chama|Flamethrower|p2a: Dondozo\n|-resisted|p2a: Dondozo\n|-damage|p2a: Dondozo|54/100\n|-status|p2a: Dondozo|brn\n|\n|-weather|SunnyDay|[upkeep]\n|-heal|p2a: Dondozo|60/100 brn|[from] item: Leftovers\n|-damage|p2a: Dondozo|54/100 brn|[from] brn\n|upkeep\n|turn|28\n|\n|t:|1771265537\n|move|p1a: chama|Flamethrower|p2a: Dondozo\n|-resisted|p2a: Dondozo\n|-damage|p2a: Dondozo|7/100 brn\n|move|p2a: Dondozo|Rest|p2a: Dondozo\n|-status|p2a: Dondozo|slp|[from] move: Rest\n|-heal|p2a: Dondozo|100/100 slp|[silent]\n|\n|-weather|SunnyDay|[upkeep]\n|upkeep\n|turn|29\n|j| luv_sosa<3\n|\n|t:|1771265547\n|-end|p1a: chama|Protosynthesis|[silent]\n|switch|p1a: mignolet|Great Tusk|100/100\n|-activate|p1a: mignolet|ability: Protosynthesis\n|-start|p1a: mignolet|protosynthesisspe\n|cant|p2a: Dondozo|slp\n|move|p2a: Dondozo|Sleep Talk|p2a: Dondozo\n|move|p2a: Dondozo|Body Press|p1a: mignolet|[from] move: Sleep Talk\n|-damage|p1a: mignolet|84/100\n|-damage|p2a: Dondozo|84/100 slp|[from] item: Rocky Helmet|[of] p1a: mignolet\n|\n|-weather|SunnyDay|[upkeep]\n|-heal|p2a: Dondozo|90/100 slp|[from] item: Leftovers\n|upkeep\n|turn|30\n|\n|t:|1771265554\n|move|p1a: mignolet|Stealth Rock|p2a: Dondozo\n|-sidestart|p2: zarross|move: Stealth Rock\n|cant|p2a: Dondozo|slp\n|move|p2a: Dondozo|Sleep Talk|p2a: Dondozo\n|move|p2a: Dondozo|Body Press|p1a: mignolet|[from] move: Sleep Talk\n|-damage|p1a: mignolet|68/100\n|-damage|p2a: Dondozo|73/100 slp|[from] item: Rocky Helmet|[of] p1a: mignolet\n|\n|-weather|none\n|-end|p1a: mignolet|Protosynthesis\n|-heal|p2a: Dondozo|79/100 slp|[from] item: Leftovers\n|upkeep\n|turn|31\n|\n|t:|1771265561\n|-end|p1a: mignolet|Protosynthesis|[silent]\n|switch|p1a: arda guler|Ninetales, F|72/100\n|-weather|SunnyDay|[from] ability: Drought|[of] p1a: arda guler\n|-curestatus|p2a: Dondozo|slp|[msg]\n|move|p2a: Dondozo|Body Press|p1a: arda guler\n|-damage|p1a: arda guler|39/100\n|\n|-weather|SunnyDay|[upkeep]\n|-heal|p2a: Dondozo|86/100|[from] item: Leftovers\n|upkeep\n|turn|32\n|\n|t:|1771265569\n|switch|p1a: hans vanaken|Venusaur, M|100/100\n|move|p2a: Dondozo|Body Press|p1a: hans vanaken\n|-resisted|p1a: hans vanaken\n|-damage|p1a: hans vanaken|83/100\n|\n|-weather|SunnyDay|[upkeep]\n|-heal|p2a: Dondozo|92/100|[from] item: Leftovers\n|upkeep\n|turn|33\n|\n|t:|1771265579\n|switch|p2a: Weezing|Weezing-Galar, F|100/100\n|-ability|p2a: Weezing|Neutralizing Gas\n|move|p1a: hans vanaken|Growth|p1a: hans vanaken\n|-boost|p1a: hans vanaken|atk|2\n|-boost|p1a: hans vanaken|spa|2\n|\n|-weather|SunnyDay|[upkeep]\n|upkeep\n|turn|34\n|\n|t:|1771265586\n|move|p1a: hans vanaken|Weather Ball|p2a: Weezing\n|-damage|p2a: Weezing|0 fnt\n|faint|p2a: Weezing\n|-end|p2a: Weezing|ability: Neutralizing Gas\n|-damage|p1a: hans vanaken|73/100|[from] item: Life Orb\n|\n|-weather|SunnyDay|[upkeep]\n|upkeep\n|\n|t:|1771265591\n|switch|p2a: Amoonguss|Amoonguss, F, shiny|100/100\n|-damage|p2a: Amoonguss|88/100|[from] Stealth Rock\n|turn|35\n|\n|t:|1771265601\n|move|p1a: hans vanaken|Weather Ball|p2a: Amoonguss\n|-supereffective|p2a: Amoonguss\n|-damage|p2a: Amoonguss|0 fnt\n|faint|p2a: Amoonguss\n|-damage|p1a: hans vanaken|63/100|[from] item: Life Orb\n|\n|-weather|SunnyDay|[upkeep]\n|upkeep\n|-message|zarross forfeited.\n|\n|win|yesterdaymister\n|raw|yesterdaymister's rating: 1729 &rarr; <strong>1751</strong><br />(+22 for winning)\n|raw|zarross's rating: 1770 &rarr; <strong>1748</strong><br />(-22 for losing)\n|l|☆zarross\n|player|p2|\n|l|☆yesterdaymister\n|player|p1|\n|l| nonchalantbufalant\n", "uploadtime": 1771265606, "views": 5, "formatid": "gen9ou", "rating": 1748, "private": 0, "password": null}