{"id": "gen9ou-2639250801", "format": "[Gen 9] OU", "players": ["juaniie4star", "Lennox Dainsleif"], "log": "|j|☆juaniie4star\n|j|☆Lennox Dainsleif\n|t:|1782440532\n|gametype|singles\n|player|p1|juaniie4star|acetrainer-gen4|1079\n|player|p2|Lennox Dainsleif|ghetsis|1139\n|gen|9\n|tier|[Gen 9] OU\n|rated|\n|rule|HP Percentage Mod: HP is shown in percentages\n|rule|Endless Battle Clause: Forcing endless battles is banned\n|rule|Species Clause: Limit one of each Pokémon\n|rule|OHKO Clause: OHKO moves are banned\n|rule|Evasion Items Clause: Evasion items are banned\n|rule|Evasion Moves Clause: Evasion moves are banned\n|rule|Evasion Abilities Clause: Evasion abilities are banned\n|rule|Sleep Moves Clause: Sleep-inducing moves are banned\n|clearpoke\n|poke|p1|Gliscor, M|\n|poke|p1|Salamence, F|\n|poke|p1|Mightyena, M|\n|poke|p1|Garganacl, F|\n|poke|p1|Glimmora, F|\n|poke|p1|Gyarados, M|\n|poke|p2|Ceruledge, M|\n|poke|p2|Dondozo, M|\n|poke|p2|Deoxys-Speed|\n|poke|p2|Raging Bolt|\n|poke|p2|Kingambit, M|\n|poke|p2|Great Tusk|\n|teampreview\n|\n|t:|1782440541\n|teamsize|p1|6\n|teamsize|p2|6\n|start\n|switch|p1a: Mightyena|Mightyena, M|100/100\n|switch|p2a: Giant Setup Man|Great Tusk|100/100\n|turn|1\n|inactive|Battle timer is ON: inactive players will automatically lose when time's up. (requested by Lennox Dainsleif)\n|\n|t:|1782440553\n|move|p2a: Giant Setup Man|Stealth Rock|p1a: Mightyena\n|-sidestart|p1: juaniie4star|move: Stealth Rock\n|move|p1a: Mightyena|Trailblaze|p2a: Giant Setup Man\n|-supereffective|p2a: Giant Setup Man\n|-damage|p2a: Giant Setup Man|80/100\n|-boost|p1a: Mightyena|spe|1\n|\n|upkeep\n|turn|2\n|\n|t:|1782440565\n|-end|p2a: Giant Setup Man|Protosynthesis|[silent]\n|switch|p2a: Glass Cannon|Ceruledge, M, shiny|100/100\n|move|p1a: Mightyena|Trailblaze|p2a: Glass Cannon\n|-resisted|p2a: Glass Cannon\n|-damage|p2a: Glass Cannon|90/100\n|-boost|p1a: Mightyena|spe|1\n|-ability|p2a: Glass Cannon|Weak Armor|boost\n|-unboost|p2a: Glass Cannon|def|1\n|-boost|p2a: Glass Cannon|spe|2\n|\n|upkeep\n|turn|3\n|\n|t:|1782440579\n|move|p2a: Glass Cannon|Disable|p1a: Mightyena\n|-start|p1a: Mightyena|Disable|Trailblaze\n|move|p1a: Mightyena|Foul Play|p2a: Glass Cannon\n|-supereffective|p2a: Glass Cannon\n|-damage|p2a: Glass Cannon|0 fnt\n|faint|p2a: Glass Cannon\n|-ability|p1a: Mightyena|Moxie|boost\n|-boost|p1a: Mightyena|atk|1\n|\n|upkeep\n|\n|t:|1782440588\n|switch|p2a: Speedy mf|Deoxys-Speed|100/100\n|-ability|p2a: Speedy mf|Pressure\n|turn|4\n|\n|t:|1782440594\n|move|p2a: Speedy mf|Drain Punch|p1a: Mightyena\n|-supereffective|p1a: Mightyena\n|-damage|p1a: Mightyena|48/100\n|move|p1a: Mightyena|Foul Play|p2a: Speedy mf\n|-supereffective|p2a: Speedy mf\n|-damage|p2a: Speedy mf|0 fnt\n|faint|p2a: Speedy mf\n|-ability|p1a: Mightyena|Moxie|boost\n|-boost|p1a: Mightyena|atk|1\n|\n|-heal|p1a: Mightyena|54/100|[from] item: Leftovers\n|upkeep\n|\n|t:|1782440602\n|switch|p2a: Giant Man|Dondozo, M|100/100\n|turn|5\n|\n|t:|1782440607\n|move|p1a: Mightyena|Poison Fang|p2a: Giant Man\n|-damage|p2a: Giant Man|93/100\n|-status|p2a: Giant Man|tox\n|move|p2a: Giant Man|Body Press|p1a: Mightyena\n|-supereffective|p1a: Mightyena\n|-damage|p1a: Mightyena|0 fnt\n|faint|p1a: Mightyena\n|-damage|p2a: Giant Man|83/100 tox|[from] item: Life Orb\n|\n|-damage|p2a: Giant Man|76/100 tox|[from] psn\n|upkeep\n|\n|t:|1782440613\n|switch|p1a: Garganacl|Garganacl, F|100/100\n|-damage|p1a: Garganacl|88/100|[from] Stealth Rock\n|-item|p1a: Garganacl|Air Balloon\n|turn|6\n|\n|t:|1782440618\n|move|p1a: Garganacl|Salt Cure|p2a: Giant Man\n|-damage|p2a: Giant Man|66/100 tox\n|-start|p2a: Giant Man|Salt Cure\n|move|p2a: Giant Man|Rain Dance|p2a: Giant Man\n|-weather|RainDance\n|\n|-weather|RainDance|[upkeep]\n|-damage|p2a: Giant Man|53/100 tox|[from] psn\n|-damage|p2a: Giant Man|29/100 tox|[from] Salt Cure\n|upkeep\n|turn|7\n|\n|t:|1782440626\n|move|p1a: Garganacl|Stealth Rock|p2a: Giant Man\n|-sidestart|p2: Lennox Dainsleif|move: Stealth Rock\n|move|p2a: Giant Man|Aqua Tail|p1a: Garganacl\n|-supereffective|p1a: Garganacl\n|-damage|p1a: Garganacl|0 fnt\n|-enditem|p1a: Garganacl|Air Balloon\n|faint|p1a: Garganacl\n|-damage|p2a: Giant Man|19/100 tox|[from] item: Life Orb\n|\n|-weather|RainDance|[upkeep]\n|-damage|p2a: Giant Man|0 fnt|[from] psn\n|faint|p2a: Giant Man\n|upkeep\n|\n|t:|1782440643\n|switch|p1a: Glimmora|Glimmora, F|100/100\n|switch|p2a: Giant Setup Man|Great Tusk|80/100\n|-damage|p2a: Giant Setup Man|77/100|[from] Stealth Rock\n|-damage|p1a: Glimmora|88/100|[from] Stealth Rock\n|turn|8\n|\n|t:|1782440654\n|move|p2a: Giant Setup Man|Headlong Rush|p1a: Glimmora\n|-supereffective|p1a: Glimmora\n|-damage|p1a: Glimmora|0 fnt\n|-unboost|p2a: Giant Setup Man|def|1\n|-unboost|p2a: Giant Setup Man|spd|1\n|faint|p1a: Glimmora\n|\n|-weather|RainDance|[upkeep]\n|upkeep\n|\n|t:|1782440660\n|switch|p1a: Gyarados|Gyarados, M|100/100\n|-damage|p1a: Gyarados|75/100|[from] Stealth Rock\n|turn|9\n|\n|t:|1782440663\n|move|p2a: Giant Setup Man|Rapid Spin|p1a: Gyarados\n|-damage|p1a: Gyarados|53/100\n|-boost|p2a: Giant Setup Man|spe|1\n|-sideend|p2: Lennox Dainsleif|Stealth Rock|[from] move: Rapid Spin|[of] p2a: Giant Setup Man\n|move|p1a: Gyarados|Dragon Dance|p1a: Gyarados\n|-boost|p1a: Gyarados|atk|1\n|-boost|p1a: Gyarados|spe|1\n|\n|-weather|RainDance|[upkeep]\n|upkeep\n|turn|10\n|\n|t:|1782440671\n|move|p2a: Giant Setup Man|Knock Off|p1a: Gyarados\n|-damage|p1a: Gyarados|12/100\n|-enditem|p1a: Gyarados|Life Orb|[from] move: Knock Off|[of] p2a: Giant Setup Man\n|move|p1a: Gyarados|Waterfall|p2a: Giant Setup Man\n|-supereffective|p2a: Giant Setup Man\n|-damage|p2a: Giant Setup Man|0 fnt\n|faint|p2a: Giant Setup Man\n|-end|p2a: Giant Setup Man|Protosynthesis|[silent]\n|-ability|p1a: Gyarados|Moxie|boost\n|-boost|p1a: Gyarados|atk|1\n|\n|-weather|none\n|upkeep\n|\n|t:|1782440683\n|switch|p2a: Last Line|Kingambit, M|100/100\n|-activate|p2a: Last Line|ability: Supreme Overlord\n|-start|p2a: Last Line|fallen4|[silent]\n|turn|11\n|\n|t:|1782440689\n|move|p1a: Gyarados|Earthquake|p2a: Last Line\n|-supereffective|p2a: Last Line\n|-damage|p2a: Last Line|0 fnt\n|faint|p2a: Last Line\n|-end|p2a: Last Line|fallen4|[silent]\n|-ability|p1a: Gyarados|Moxie|boost\n|-boost|p1a: Gyarados|atk|1\n|\n|upkeep\n|\n|t:|1782440692\n|switch|p2a: Legit just raikou|Raging Bolt|100/100\n|turn|12\n|\n|t:|1782440696\n|-terastallize|p2a: Legit just raikou|Dragon\n|move|p1a: Gyarados|Earthquake|p2a: Legit just raikou\n|-damage|p2a: Legit just raikou|22/100\n|move|p2a: Legit just raikou|Discharge|p1a: Gyarados\n|-supereffective|p1a: Gyarados\n|-damage|p1a: Gyarados|0 fnt\n|faint|p1a: Gyarados\n|\n|upkeep\n|\n|t:|1782440704\n|switch|p1a: Salamence|Salamence, F|100/100\n|-damage|p1a: Salamence|76/100|[from] Stealth Rock\n|turn|13\n|\n|t:|1782440710\n|-terastallize|p1a: Salamence|Fairy\n|move|p1a: Salamence|Dragon Claw|p2a: Legit just raikou\n|-supereffective|p2a: Legit just raikou\n|-crit|p2a: Legit just raikou\n|-damage|p2a: Legit just raikou|0 fnt\n|faint|p2a: Legit just raikou\n|-end|p2a: Legit just raikou|Protosynthesis|[silent]\n|-damage|p1a: Salamence|66/100|[from] item: Life Orb\n|\n|win|juaniie4star\n|raw|juaniie4star's rating: 1079 &rarr; <strong>1112</strong><br />(+33 for winning)\n|raw|Lennox Dainsleif's rating: 1139 &rarr; <strong>1110</strong><br />(-29 for losing)\n|l|☆Lennox Dainsleif\n|player|p2|\n|l|☆juaniie4star\n|player|p1|\n", "uploadtime": 1782440987, "views": 5, "formatid": "gen9ou", "rating": 1110, "private": 0, "password": null}