{"id": "gen9ou-2647732920", "format": "[Gen 9] OU", "players": ["ONutest", "turpz"], "log": "|j|☆ONutest\n|j|☆turpz\n|t:|1783803353\n|gametype|singles\n|player|p1|ONutest|marlon|1343\n|player|p2|turpz|wally-masters|1392\n|gen|9\n|tier|[Gen 9] OU\n|rated|\n|rule|HP Percentage Mod: HP is shown in percentages\n|rule|Endless Battle Clause: Forcing endless battles is banned\n|rule|Species Clause: Limit one of each Pokémon\n|rule|OHKO Clause: OHKO moves are banned\n|rule|Evasion Items Clause: Evasion items are banned\n|rule|Evasion Moves Clause: Evasion moves are banned\n|rule|Evasion Abilities Clause: Evasion abilities are banned\n|rule|Sleep Moves Clause: Sleep-inducing moves are banned\n|clearpoke\n|poke|p1|Dragonite, F|\n|poke|p1|Clefable, M|\n|poke|p1|Darkrai|\n|poke|p1|Slowking-Galar, F|\n|poke|p1|Great Tusk|\n|poke|p1|Zapdos|\n|poke|p2|Ting-Lu|\n|poke|p2|Gliscor, M|\n|poke|p2|Sinistcha-Masterpiece|\n|poke|p2|Keldeo|\n|poke|p2|Tinkaton, F|\n|poke|p2|Dragonite, F|\n|teampreview\n|inactive|Battle timer is ON: inactive players will automatically lose when time's up. (requested by turpz)\n|\n|t:|1783803369\n|teamsize|p1|6\n|teamsize|p2|6\n|start\n|switch|p1a: Great Tusk|Great Tusk|100/100\n|switch|p2a: Jarhead|Ting-Lu|100/100\n|-ability|p2a: Jarhead|Vessel of Ruin\n|turn|1\n|\n|t:|1783803374\n|move|p1a: Great Tusk|Stealth Rock|p2a: Jarhead\n|-sidestart|p2: turpz|move: Stealth Rock\n|move|p2a: Jarhead|Ruination|p1a: Great Tusk\n|-damage|p1a: Great Tusk|50/100\n|\n|upkeep\n|turn|2\n|\n|t:|1783803381\n|-end|p1a: Great Tusk|Protosynthesis|[silent]\n|switch|p1a: Clefable|Clefable, M|100/100\n|move|p2a: Jarhead|Spikes|p1a: Clefable\n|-sidestart|p1: ONutest|Spikes\n|\n|upkeep\n|turn|3\n|\n|t:|1783803387\n|move|p1a: Clefable|Calm Mind|p1a: Clefable\n|-boost|p1a: Clefable|spa|1\n|-boost|p1a: Clefable|spd|1\n|move|p2a: Jarhead|Spikes|p1a: Clefable\n|-sidestart|p1: ONutest|Spikes\n|\n|upkeep\n|turn|4\n|\n|t:|1783803391\n|move|p1a: Clefable|Moonblast|p2a: Jarhead\n|-supereffective|p2a: Jarhead\n|-damage|p2a: Jarhead|62/100\n|move|p2a: Jarhead|Whirlwind|p1a: Clefable\n|drag|p1a: Slowking|Slowking-Galar, F|100/100\n|\n|-heal|p2a: Jarhead|68/100|[from] item: Leftovers\n|upkeep\n|turn|5\n|\n|t:|1783803399\n|switch|p1a: Clefable|Clefable, M|100/100\n|move|p2a: Jarhead|Earthquake|p1a: Clefable\n|-damage|p1a: Clefable|75/100\n|\n|-heal|p2a: Jarhead|74/100|[from] item: Leftovers\n|upkeep\n|turn|6\n|\n|t:|1783803405\n|move|p1a: Clefable|Moonblast|p2a: Jarhead\n|-supereffective|p2a: Jarhead\n|-damage|p2a: Jarhead|48/100\n|move|p2a: Jarhead|Whirlwind|p1a: Clefable\n|drag|p1a: Great Tusk|Great Tusk|50/100\n|\n|-heal|p2a: Jarhead|54/100|[from] item: Leftovers\n|upkeep\n|turn|7\n|\n|t:|1783803416\n|-end|p1a: Great Tusk|Protosynthesis|[silent]\n|switch|p1a: Clefable|Clefable, M|75/100\n|-terastallize|p2a: Jarhead|Ghost\n|move|p2a: Jarhead|Spikes|p1a: Clefable\n|-sidestart|p1: ONutest|Spikes\n|\n|-heal|p2a: Jarhead|60/100|[from] item: Leftovers\n|upkeep\n|turn|8\n|\n|t:|1783803423\n|move|p1a: Clefable|Thunder Wave|p2a: Jarhead\n|-status|p2a: Jarhead|par\n|move|p2a: Jarhead|Ruination|p1a: Clefable\n|-damage|p1a: Clefable|38/100\n|\n|-heal|p2a: Jarhead|66/100 par|[from] item: Leftovers\n|upkeep\n|turn|9\n|\n|t:|1783803429\n|move|p1a: Clefable|Moonlight|p1a: Clefable\n|-heal|p1a: Clefable|88/100\n|cant|p2a: Jarhead|par\n|\n|-heal|p2a: Jarhead|72/100 par|[from] item: Leftovers\n|upkeep\n|turn|10\n|\n|t:|1783803434\n|move|p1a: Clefable|Calm Mind|p1a: Clefable\n|-boost|p1a: Clefable|spa|1\n|-boost|p1a: Clefable|spd|1\n|move|p2a: Jarhead|Ruination|p1a: Clefable\n|-damage|p1a: Clefable|44/100\n|\n|-heal|p2a: Jarhead|79/100 par|[from] item: Leftovers\n|upkeep\n|turn|11\n|\n|t:|1783803436\n|move|p1a: Clefable|Moonlight|p1a: Clefable\n|-heal|p1a: Clefable|94/100\n|cant|p2a: Jarhead|par\n|\n|-heal|p2a: Jarhead|85/100 par|[from] item: Leftovers\n|upkeep\n|turn|12\n|\n|t:|1783803440\n|move|p1a: Clefable|Moonblast|p2a: Jarhead\n|-crit|p2a: Jarhead\n|-damage|p2a: Jarhead|55/100 par\n|move|p2a: Jarhead|Whirlwind|p1a: Clefable\n|drag|p1a: Great Tusk|Great Tusk|50/100\n|\n|-heal|p2a: Jarhead|61/100 par|[from] item: Leftovers\n|upkeep\n|turn|13\n|\n|t:|1783803447\n|-end|p1a: Great Tusk|Protosynthesis|[silent]\n|switch|p1a: Clefable|Clefable, M|94/100\n|move|p2a: Jarhead|Ruination|p1a: Clefable\n|-damage|p1a: Clefable|47/100\n|\n|-heal|p2a: Jarhead|67/100 par|[from] item: Leftovers\n|upkeep\n|turn|14\n|\n|t:|1783803453\n|move|p1a: Clefable|Moonlight|p1a: Clefable\n|-heal|p1a: Clefable|97/100\n|move|p2a: Jarhead|Whirlwind|p1a: Clefable\n|drag|p1a: Slowking|Slowking-Galar, F|100/100\n|\n|-heal|p2a: Jarhead|73/100 par|[from] item: Leftovers\n|upkeep\n|turn|15\n|\n|t:|1783803461\n|cant|p2a: Jarhead|par\n|-prepare|p1a: Slowking|Chilly Reception|[premajor]\n|move|p1a: Slowking|Chilly Reception|p1a: Slowking\n|-weather|Snowscape\n|\n|t:|1783803464\n|switch|p1a: Darkrai|Darkrai|100/100|[from] Chilly Reception\n|-damage|p1a: Darkrai|76/100|[from] Spikes\n|\n|-weather|Snowscape|[upkeep]\n|-heal|p2a: Jarhead|79/100 par|[from] item: Leftovers\n|upkeep\n|turn|16\n|\n|t:|1783803469\n|move|p1a: Darkrai|Dark Pulse|p2a: Jarhead\n|-supereffective|p2a: Jarhead\n|-damage|p2a: Jarhead|43/100 par\n|cant|p2a: Jarhead|par\n|\n|-weather|Snowscape|[upkeep]\n|-heal|p2a: Jarhead|49/100 par|[from] item: Leftovers\n|upkeep\n|turn|17\n|\n|t:|1783803476\n|move|p1a: Darkrai|Dark Pulse|p2a: Jarhead\n|-supereffective|p2a: Jarhead\n|-damage|p2a: Jarhead|14/100 par\n|cant|p2a: Jarhead|par\n|\n|-weather|Snowscape|[upkeep]\n|-heal|p2a: Jarhead|20/100 par|[from] item: Leftovers\n|upkeep\n|turn|18\n|\n|t:|1783803481\n|move|p1a: Darkrai|Dark Pulse|p2a: Jarhead\n|-supereffective|p2a: Jarhead\n|-damage|p2a: Jarhead|0 fnt\n|faint|p2a: Jarhead\n|\n|-weather|Snowscape|[upkeep]\n|upkeep\n|\n|t:|1783803488\n|switch|p2a: Tinkki Minaj|Tinkaton, F|100/100\n|-damage|p2a: Tinkki Minaj|94/100|[from] Stealth Rock\n|-ability|p2a: Tinkki Minaj|Mold Breaker\n|-item|p2a: Tinkki Minaj|Air Balloon\n|turn|19\n|\n|t:|1783803493\n|switch|p1a: Zapdos|Zapdos|100/100\n|move|p2a: Tinkki Minaj|Stealth Rock|p1a: Zapdos\n|-sidestart|p1: ONutest|move: Stealth Rock\n|\n|-weather|none\n|upkeep\n|turn|20\n|\n|t:|1783803508\n|switch|p2a: Dance Armstrong|Gliscor, M|100/100\n|-damage|p2a: Dance Armstrong|88/100|[from] Stealth Rock\n|move|p1a: Zapdos|Hurricane|p2a: Dance Armstrong\n|-damage|p2a: Dance Armstrong|32/100\n|-start|p2a: Dance Armstrong|confusion\n|\n|-status|p2a: Dance Armstrong|tox|[from] item: Toxic Orb\n|upkeep\n|turn|21\n|\n|t:|1783803517\n|-activate|p2a: Dance Armstrong|confusion\n|move|p2a: Dance Armstrong|Protect|p2a: Dance Armstrong\n|-singleturn|p2a: Dance Armstrong|Protect\n|move|p1a: Zapdos|Hurricane|p2a: Dance Armstrong\n|-activate|p2a: Dance Armstrong|move: Protect\n|\n|-heal|p2a: Dance Armstrong|45/100 tox|[from] ability: Poison Heal\n|upkeep\n|turn|22\n|\n|t:|1783803524\n|switch|p1a: Great Tusk|Great Tusk|50/100\n|-activate|p2a: Dance Armstrong|confusion\n|move|p2a: Dance Armstrong|Knock Off|p1a: Great Tusk\n|-resisted|p1a: Great Tusk\n|-damage|p1a: Great Tusk|45/100\n|-enditem|p1a: Great Tusk|Heavy-Duty Boots|[from] move: Knock Off|[of] p2a: Dance Armstrong\n|\n|-heal|p2a: Dance Armstrong|57/100 tox|[from] ability: Poison Heal\n|upkeep\n|turn|23\n|\n|t:|1783803533\n|switch|p2a: Tchavis Scott|Sinistcha-Masterpiece|100/100\n|move|p1a: Great Tusk|Ice Spinner|p2a: Tchavis Scott\n|-supereffective|p2a: Tchavis Scott\n|-damage|p2a: Tchavis Scott|67/100\n|\n|upkeep\n|turn|24\n|\n|t:|1783803541\n|-end|p1a: Great Tusk|Protosynthesis|[silent]\n|switch|p1a: Clefable|Clefable, M|97/100\n|move|p2a: Tchavis Scott|Calm Mind|p2a: Tchavis Scott\n|-boost|p2a: Tchavis Scott|spa|1\n|-boost|p2a: Tchavis Scott|spd|1\n|\n|upkeep\n|turn|25\n|\n|t:|1783803551\n|move|p2a: Tchavis Scott|Shadow Ball|p1a: Clefable\n|-damage|p1a: Clefable|68/100\n|move|p1a: Clefable|Thunder Wave|p2a: Tchavis Scott\n|-status|p2a: Tchavis Scott|par\n|\n|upkeep\n|turn|26\n|\n|t:|1783803556\n|move|p1a: Clefable|Calm Mind|p1a: Clefable\n|-boost|p1a: Clefable|spa|1\n|-boost|p1a: Clefable|spd|1\n|move|p2a: Tchavis Scott|Shadow Ball|p1a: Clefable\n|-damage|p1a: Clefable|49/100\n|\n|upkeep\n|turn|27\n|\n|t:|1783803560\n|move|p1a: Clefable|Calm Mind|p1a: Clefable\n|-boost|p1a: Clefable|spa|1\n|-boost|p1a: Clefable|spd|1\n|move|p2a: Tchavis Scott|Shadow Ball|p1a: Clefable\n|-damage|p1a: Clefable|35/100\n|\n|upkeep\n|turn|28\n|\n|t:|1783803565\n|switch|p2a: Tinkki Minaj|Tinkaton, F|94/100\n|-damage|p2a: Tinkki Minaj|88/100|[from] Stealth Rock\n|-ability|p2a: Tinkki Minaj|Mold Breaker\n|-item|p2a: Tinkki Minaj|Air Balloon\n|move|p1a: Clefable|Moonlight|p1a: Clefable\n|-heal|p1a: Clefable|85/100\n|\n|upkeep\n|turn|29\n|\n|t:|1783803573\n|switch|p1a: Zapdos|Zapdos|100/100\n|move|p2a: Tinkki Minaj|Encore||[still]\n|-fail|p2a: Tinkki Minaj\n|\n|upkeep\n|turn|30\n|\n|t:|1783803583\n|switch|p2a: Dance Armstrong|Gliscor, M|57/100 tox\n|-damage|p2a: Dance Armstrong|45/100 tox|[from] Stealth Rock\n|move|p1a: Zapdos|Hurricane|p2a: Dance Armstrong\n|-damage|p2a: Dance Armstrong|0 fnt\n|faint|p2a: Dance Armstrong\n|\n|upkeep\n|\n|t:|1783803589\n|switch|p2a: Secret Service|Dragonite, F|100/100\n|turn|31\n|\n|t:|1783803592\n|move|p1a: Zapdos|U-turn|p2a: Secret Service\n|-resisted|p2a: Secret Service\n|-damage|p2a: Secret Service|98/100\n|\n|t:|1783803597\n|switch|p1a: Great Tusk|Great Tusk|45/100|[from] U-turn\n|-damage|p1a: Great Tusk|20/100|[from] Spikes\n|-damage|p1a: Great Tusk|17/100|[from] Stealth Rock\n|move|p2a: Secret Service|Dragon Tail|p1a: Great Tusk\n|-damage|p1a: Great Tusk|0 fnt\n|faint|p1a: Great Tusk\n|-end|p1a: Great Tusk|Protosynthesis|[silent]\n|\n|upkeep\n|\n|t:|1783803600\n|switch|p1a: Clefable|Clefable, M|85/100\n|turn|32\n|\n|t:|1783803609\n|switch|p2a: Tinkki Minaj|Tinkaton, F|88/100\n|-damage|p2a: Tinkki Minaj|82/100|[from] Stealth Rock\n|-ability|p2a: Tinkki Minaj|Mold Breaker\n|-item|p2a: Tinkki Minaj|Air Balloon\n|move|p1a: Clefable|Moonblast|p2a: Tinkki Minaj\n|-resisted|p2a: Tinkki Minaj\n|-damage|p2a: Tinkki Minaj|68/100\n|-enditem|p2a: Tinkki Minaj|Air Balloon\n|\n|upkeep\n|turn|33\n|\n|t:|1783803618\n|switch|p1a: Zapdos|Zapdos|100/100\n|move|p2a: Tinkki Minaj|Encore||[still]\n|-fail|p2a: Tinkki Minaj\n|\n|upkeep\n|turn|34\n|\n|t:|1783803622\n|move|p2a: Tinkki Minaj|Gigaton Hammer|p1a: Zapdos\n|-resisted|p1a: Zapdos\n|-damage|p1a: Zapdos|85/100\n|move|p1a: Zapdos|Discharge|p2a: Tinkki Minaj\n|-damage|p2a: Tinkki Minaj|38/100\n|-status|p2a: Tinkki Minaj|par\n|\n|upkeep\n|turn|35\n|\n|t:|1783803629\n|move|p1a: Zapdos|Discharge|p2a: Tinkki Minaj\n|-damage|p2a: Tinkki Minaj|7/100 par\n|move|p2a: Tinkki Minaj|Encore|p1a: Zapdos\n|-start|p1a: Zapdos|Encore\n|\n|upkeep\n|turn|36\n|\n|t:|1783803634\n|move|p1a: Zapdos|Discharge|p2a: Tinkki Minaj\n|-damage|p2a: Tinkki Minaj|0 fnt\n|faint|p2a: Tinkki Minaj\n|\n|upkeep\n|\n|t:|1783803640\n|switch|p2a: Tchavis Scott|Sinistcha-Masterpiece|67/100 par\n|turn|37\n|\n|t:|1783803650\n|switch|p1a: Slowking|Slowking-Galar, F|100/100\n|cant|p2a: Tchavis Scott|par\n|\n|upkeep\n|turn|38\n|\n|t:|1783803655\n|move|p2a: Tchavis Scott|Calm Mind|p2a: Tchavis Scott\n|-boost|p2a: Tchavis Scott|spa|1\n|-boost|p2a: Tchavis Scott|spd|1\n|move|p1a: Slowking|Sludge Bomb|p2a: Tchavis Scott\n|-damage|p2a: Tchavis Scott|42/100 par\n|\n|upkeep\n|turn|39\n|\n|t:|1783803660\n|cant|p2a: Tchavis Scott|par\n|-prepare|p1a: Slowking|Chilly Reception|[premajor]\n|move|p1a: Slowking|Chilly Reception|p1a: Slowking\n|-weather|Snowscape\n|\n|t:|1783803663\n|switch|p1a: Clefable|Clefable, M|85/100|[from] Chilly Reception\n|\n|-weather|Snowscape|[upkeep]\n|upkeep\n|turn|40\n|\n|t:|1783803665\n|move|p1a: Clefable|Calm Mind|p1a: Clefable\n|-boost|p1a: Clefable|spa|1\n|-boost|p1a: Clefable|spd|1\n|cant|p2a: Tchavis Scott|par\n|\n|-weather|Snowscape|[upkeep]\n|upkeep\n|turn|41\n|n|!turpz|turpz\n|-message|turpz forfeited.\n|\n|win|ONutest\n", "uploadtime": 1783803669, "views": 5, "formatid": "gen9ou", "rating": null, "private": 0, "password": null}