{"id": "gen9ou-2647697711", "format": "[Gen 9] OU", "players": ["shadowwolf4324", "Xdarkes"], "log": "|j|☆shadowwolf4324\n|j|‽Xdarkes\n|t:|1783797994\n|gametype|singles\n|player|p1|shadowwolf4324|1|1245\n|player|p2|Xdarkes|unknown|1257\n|gen|9\n|tier|[Gen 9] OU\n|rated|\n|rule|HP Percentage Mod: HP is shown in percentages\n|rule|Endless Battle Clause: Forcing endless battles is banned\n|rule|Species Clause: Limit one of each Pokémon\n|rule|OHKO Clause: OHKO moves are banned\n|rule|Evasion Items Clause: Evasion items are banned\n|rule|Evasion Moves Clause: Evasion moves are banned\n|rule|Evasion Abilities Clause: Evasion abilities are banned\n|rule|Sleep Moves Clause: Sleep-inducing moves are banned\n|clearpoke\n|poke|p1|Toxtricity, M|\n|poke|p1|Samurott-Hisui, F|\n|poke|p1|Rillaboom, F|\n|poke|p1|Heatran, M|\n|poke|p1|Great Tusk|\n|poke|p1|Enamorus, F|\n|poke|p2|Gliscor, M|\n|poke|p2|Toxapex, M|\n|poke|p2|Muk-Alola, F|\n|poke|p2|Rotom|\n|poke|p2|Milotic, F|\n|poke|p2|Falinks|\n|teampreview\n|inactive|Battle timer is ON: inactive players will automatically lose when time's up. (requested by Xdarkes)\n|inactive|Xdarkes has 120 seconds left.\n|\n|t:|1783798029\n|teamsize|p1|6\n|teamsize|p2|6\n|start\n|switch|p1a: Samurott|Samurott-Hisui, F|100/100\n|switch|p2a: Gliscor|Gliscor, M|100/100\n|turn|1\n|\n|t:|1783798039\n|move|p2a: Gliscor|Protect|p2a: Gliscor\n|-singleturn|p2a: Gliscor|Protect\n|move|p1a: Samurott|Ceaseless Edge|p2a: Gliscor\n|-activate|p2a: Gliscor|move: Protect\n|\n|-status|p2a: Gliscor|tox|[from] item: Toxic Orb\n|upkeep\n|turn|2\n|inactive|Xdarkes has 120 seconds left.\n|\n|t:|1783798093\n|move|p1a: Samurott|Ceaseless Edge|p2a: Gliscor\n|-damage|p2a: Gliscor|76/100 tox\n|-sidestart|p2: Xdarkes|Spikes\n|move|p2a: Gliscor|Toxic|p1a: Samurott\n|-status|p1a: Samurott|tox\n|\n|-damage|p1a: Samurott|94/100 tox|[from] psn\n|-heal|p2a: Gliscor|88/100 tox|[from] ability: Poison Heal\n|upkeep\n|turn|3\n|\n|t:|1783798099\n|move|p2a: Gliscor|Protect|p2a: Gliscor\n|-singleturn|p2a: Gliscor|Protect\n|move|p1a: Samurott|Ceaseless Edge|p2a: Gliscor\n|-activate|p2a: Gliscor|move: Protect\n|\n|-damage|p1a: Samurott|82/100 tox|[from] psn\n|-heal|p2a: Gliscor|100/100 tox|[from] ability: Poison Heal\n|upkeep\n|turn|4\n|\n|t:|1783798103\n|move|p1a: Samurott|Ceaseless Edge|p2a: Gliscor|[miss]\n|-miss|p1a: Samurott|p2a: Gliscor\n|move|p2a: Gliscor|Earthquake|p1a: Samurott\n|-damage|p1a: Samurott|38/100 tox\n|\n|-damage|p1a: Samurott|19/100 tox|[from] psn\n|upkeep\n|turn|5\n|\n|t:|1783798112\n|move|p2a: Gliscor|Protect|p2a: Gliscor\n|-singleturn|p2a: Gliscor|Protect\n|move|p1a: Samurott|Ceaseless Edge|p2a: Gliscor\n|-activate|p2a: Gliscor|move: Protect\n|\n|-damage|p1a: Samurott|0 fnt|[from] psn\n|faint|p1a: Samurott\n|upkeep\n|inactive|shadowwolf4324 has 120 seconds left.\n|\n|t:|1783798147\n|switch|p1a: JBYCDMTYS|Toxtricity, M|100/100\n|turn|6\n|inactive|shadowwolf4324 has 120 seconds left.\n|\n|t:|1783798153\n|-terastallize|p1a: JBYCDMTYS|Normal\n|move|p1a: JBYCDMTYS|Shift Gear|p1a: JBYCDMTYS\n|-boost|p1a: JBYCDMTYS|spe|2\n|-boost|p1a: JBYCDMTYS|atk|1\n|move|p2a: Gliscor|Stealth Rock|p1a: JBYCDMTYS\n|-sidestart|p1: shadowwolf4324|move: Stealth Rock\n|\n|upkeep\n|turn|7\n|\n|t:|1783798162\n|move|p1a: JBYCDMTYS|Boomburst|p2a: Gliscor\n|-damage|p2a: Gliscor|0 fnt\n|faint|p2a: Gliscor\n|-enditem|p1a: JBYCDMTYS|Throat Spray\n|-boost|p1a: JBYCDMTYS|spa|1|[from] item: Throat Spray\n|\n|upkeep\n|\n|t:|1783798173\n|switch|p2a: Toxapex|Toxapex, M|100/100\n|-damage|p2a: Toxapex|88/100|[from] Spikes\n|turn|8\n|\n|t:|1783798179\n|move|p1a: JBYCDMTYS|Overdrive|p2a: Toxapex\n|-supereffective|p2a: Toxapex\n|-crit|p2a: Toxapex\n|-damage|p2a: Toxapex|0 fnt\n|faint|p2a: Toxapex\n|\n|upkeep\n|\n|t:|1783798184\n|switch|p2a: Muk|Muk-Alola, F|100/100\n|-damage|p2a: Muk|88/100|[from] Spikes\n|turn|9\n|\n|t:|1783798189\n|move|p1a: JBYCDMTYS|Boomburst|p2a: Muk\n|-crit|p2a: Muk\n|-damage|p2a: Muk|8/100\n|move|p2a: Muk|Knock Off|p1a: JBYCDMTYS\n|-damage|p1a: JBYCDMTYS|60/100\n|\n|upkeep\n|turn|10\n|inactive|Xdarkes has 120 seconds left.\n|\n|t:|1783798228\n|move|p1a: JBYCDMTYS|Boomburst|p2a: Muk\n|-damage|p2a: Muk|0 fnt\n|faint|p2a: Muk\n|\n|upkeep\n|\n|t:|1783798232\n|switch|p2a: Rotom|Rotom|100/100\n|turn|11\n|\n|t:|1783798238\n|move|p1a: JBYCDMTYS|Overdrive|p2a: Rotom\n|-resisted|p2a: Rotom\n|-damage|p2a: Rotom|25/100\n|move|p2a: Rotom|Volt Switch|p1a: JBYCDMTYS\n|-damage|p1a: JBYCDMTYS|15/100\n|\n|t:|1783798242\n|switch|p2a: Falinks|Falinks|100/100|[from] Volt Switch\n|-damage|p2a: Falinks|88/100|[from] Spikes\n|\n|upkeep\n|turn|12\n|\n|t:|1783798247\n|move|p1a: JBYCDMTYS|Boomburst|p2a: Falinks\n|-damage|p2a: Falinks|0 fnt\n|faint|p2a: Falinks\n|\n|upkeep\n|-message|Xdarkes forfeited.\n|\n|win|shadowwolf4324\n|raw|shadowwolf4324's rating: 1245 &rarr; <strong>1271</strong><br />(+26 for winning)\n|raw|Xdarkes's rating: 1257 &rarr; <strong>1231</strong><br />(-26 for losing)\n|l|‽Xdarkes\n|player|p2|\n|l|☆shadowwolf4324\n|player|p1|\n", "uploadtime": 1783798430, "views": 15, "formatid": "gen9ou", "rating": 1231, "private": 0, "password": null}