{"id": "gen9ou-2639903348", "format": "[Gen 9] OU", "players": ["rblt ryo", "why yukina>~<"], "log": "|j|☆rblt ryo\n|j|☆why yukina>~<\n|t:|1782539871\n|gametype|singles\n|player|p1|rblt ryo|grimsley-gen7|1656\n|player|p2|why yukina>~<|teammates|1779\n|gen|9\n|tier|[Gen 9] OU\n|rated|\n|rule|HP Percentage Mod: HP is shown in percentages\n|rule|Endless Battle Clause: Forcing endless battles is banned\n|rule|Species Clause: Limit one of each Pokémon\n|rule|OHKO Clause: OHKO moves are banned\n|rule|Evasion Items Clause: Evasion items are banned\n|rule|Evasion Moves Clause: Evasion moves are banned\n|rule|Evasion Abilities Clause: Evasion abilities are banned\n|rule|Sleep Moves Clause: Sleep-inducing moves are banned\n|clearpoke\n|poke|p1|Kyurem|\n|poke|p1|Corviknight, M|\n|poke|p1|Ting-Lu|\n|poke|p1|Dondozo, M|\n|poke|p1|Slowking-Galar, F|\n|poke|p1|Cinderace, F|\n|poke|p2|Kyurem|\n|poke|p2|Zamazenta-*|\n|poke|p2|Dragonite, M|\n|poke|p2|Pecharunt|\n|poke|p2|Iron Treads|\n|poke|p2|Samurott-Hisui, F|\n|teampreview\n|j| Disscratch\n|\n|t:|1782539888\n|teamsize|p1|6\n|teamsize|p2|6\n|start\n|switch|p1a: Cinderace|Cinderace, F|100/100\n|switch|p2a: mouth breather|Kyurem|100/100\n|-ability|p2a: mouth breather|Pressure\n|turn|1\n|\n|t:|1782539900\n|move|p2a: mouth breather|Draco Meteor|p1a: Cinderace|[miss]\n|-miss|p2a: mouth breather|p1a: Cinderace\n|move|p1a: Cinderace|U-turn|p2a: mouth breather\n|-damage|p2a: mouth breather|83/100\n|inactive|Battle timer is ON: inactive players will automatically lose when time's up. (requested by why yukina>~<)\n|c|☆rblt ryo|Mb bro\n|inactive|rblt ryo has 120 seconds left.\n|c|☆rblt ryo|Litterally said \"this probably scarf but man fuck it\" and didn't get punished\n|j| GoodraSweetheart76\n|c|☆why yukina>~<|😭\n|\n|t:|1782539960\n|switch|p1a: Corviknight|Corviknight, M|100/100|[from] U-turn\n|-ability|p1a: Corviknight|Pressure\n|\n|upkeep\n|turn|2\n|\n|t:|1782539966\n|switch|p2a: lambo|Iron Treads|100/100\n|move|p1a: Corviknight|U-turn|p2a: lambo\n|-resisted|p2a: lambo\n|-damage|p2a: lambo|95/100\n|\n|t:|1782539985\n|switch|p1a: Cinderace|Cinderace, F|100/100|[from] U-turn\n|\n|-heal|p2a: lambo|100/100|[from] item: Leftovers\n|upkeep\n|turn|3\n|\n|t:|1782539991\n|move|p1a: Cinderace|Will-O-Wisp|p2a: lambo\n|-status|p2a: lambo|brn\n|move|p2a: lambo|Earthquake|p1a: Cinderace\n|-supereffective|p1a: Cinderace\n|-damage|p1a: Cinderace|56/100\n|\n|-damage|p2a: lambo|94/100 brn|[from] brn\n|upkeep\n|turn|4\n|\n|t:|1782539997\n|move|p1a: Cinderace|Pyro Ball|p2a: lambo\n|-supereffective|p2a: lambo\n|-damage|p2a: lambo|17/100 brn\n|move|p2a: lambo|Knock Off|p1a: Cinderace\n|-damage|p1a: Cinderace|40/100\n|-enditem|p1a: Cinderace|Heavy-Duty Boots|[from] move: Knock Off|[of] p2a: lambo\n|\n|-heal|p2a: lambo|23/100 brn|[from] item: Leftovers\n|-damage|p2a: lambo|17/100 brn|[from] brn\n|upkeep\n|turn|5\n|\n|t:|1782540005\n|-end|p2a: lambo|Quark Drive|[silent]\n|switch|p2a: spider|Pecharunt|100/100\n|move|p1a: Cinderace|Pyro Ball|p2a: spider\n|-damage|p2a: spider|74/100\n|\n|upkeep\n|turn|6\n|inactive|why yukina>~< has 120 seconds left.\n|\n|t:|1782540038\n|move|p1a: Cinderace|U-turn|p2a: spider\n|-resisted|p2a: spider\n|-damage|p2a: spider|71/100\n|\n|t:|1782540040\n|switch|p1a: Slowking|Slowking-Galar, F|100/100|[from] U-turn\n|move|p2a: spider|Nasty Plot|p2a: spider\n|-boost|p2a: spider|spa|2\n|\n|upkeep\n|turn|7\n|\n|t:|1782540047\n|switch|p1a: Ting-Lu|Ting-Lu|100/100\n|-ability|p1a: Ting-Lu|Vessel of Ruin\n|move|p2a: spider|Shadow Ball|p1a: Ting-Lu\n|-resisted|p1a: Ting-Lu\n|-damage|p1a: Ting-Lu|90/100\n|\n|-heal|p1a: Ting-Lu|96/100|[from] item: Leftovers\n|upkeep\n|turn|8\n|\n|t:|1782540052\n|move|p2a: spider|Malignant Chain|p1a: Ting-Lu\n|-resisted|p1a: Ting-Lu\n|-damage|p1a: Ting-Lu|83/100\n|move|p1a: Ting-Lu|Earthquake|p2a: spider\n|-supereffective|p2a: spider\n|-damage|p2a: spider|28/100\n|\n|-heal|p1a: Ting-Lu|89/100|[from] item: Leftovers\n|upkeep\n|turn|9\n|\n|t:|1782540058\n|move|p2a: spider|Recover|p2a: spider\n|-heal|p2a: spider|78/100\n|move|p1a: Ting-Lu|Earthquake|p2a: spider\n|-supereffective|p2a: spider\n|-damage|p2a: spider|36/100\n|\n|-heal|p1a: Ting-Lu|96/100|[from] item: Leftovers\n|upkeep\n|turn|10\n|l| GoodraSweetheart76\n|\n|t:|1782540084\n|switch|p2a: screens offendor|Samurott-Hisui, F|100/100\n|move|p1a: Ting-Lu|Earthquake|p2a: screens offendor\n|-damage|p2a: screens offendor|56/100\n|\n|-heal|p1a: Ting-Lu|100/100|[from] item: Leftovers\n|upkeep\n|turn|11\n|\n|t:|1782540098\n|switch|p1a: Corviknight|Corviknight, M|100/100\n|-ability|p1a: Corviknight|Pressure\n|move|p2a: screens offendor|Ceaseless Edge|p1a: Corviknight\n|-damage|p1a: Corviknight|73/100\n|-damage|p2a: screens offendor|40/100|[from] item: Rocky Helmet|[of] p1a: Corviknight\n|-sidestart|p1: rblt ryo|Spikes\n|\n|upkeep\n|turn|12\n|\n|t:|1782540115\n|switch|p2a: spider|Pecharunt|36/100\n|move|p1a: Corviknight|Roost|p1a: Corviknight\n|-heal|p1a: Corviknight|100/100\n|-singleturn|p1a: Corviknight|move: Roost\n|\n|upkeep\n|turn|13\n|\n|t:|1782540128\n|move|p2a: spider|Recover|p2a: spider\n|-heal|p2a: spider|87/100\n|move|p1a: Corviknight|Defog|p2a: spider\n|-unboost|p2a: spider|evasion|1\n|-sideend|p1: rblt ryo|Spikes|[from] move: Defog|[of] p1a: Corviknight\n|\n|upkeep\n|turn|14\n|\n|t:|1782540132\n|switch|p1a: Ting-Lu|Ting-Lu|100/100\n|-ability|p1a: Ting-Lu|Vessel of Ruin\n|move|p2a: spider|Shadow Ball|p1a: Ting-Lu\n|-resisted|p1a: Ting-Lu\n|-damage|p1a: Ting-Lu|96/100\n|-unboost|p1a: Ting-Lu|spd|1\n|\n|-heal|p1a: Ting-Lu|100/100|[from] item: Leftovers\n|upkeep\n|turn|15\n|\n|t:|1782540141\n|switch|p1a: Corviknight|Corviknight, M|100/100\n|-ability|p1a: Corviknight|Pressure\n|move|p2a: spider|Malignant Chain|p1a: Corviknight\n|-immune|p1a: Corviknight\n|\n|upkeep\n|turn|16\n|\n|t:|1782540150\n|move|p2a: spider|Nasty Plot|p2a: spider\n|-boost|p2a: spider|spa|2\n|move|p1a: Corviknight|U-turn|p2a: spider\n|-resisted|p2a: spider\n|-damage|p2a: spider|84/100\n|\n|t:|1782540154\n|switch|p1a: Kyurem|Kyurem|100/100|[from] U-turn\n|-ability|p1a: Kyurem|Pressure\n|\n|upkeep\n|turn|17\n|\n|t:|1782540167\n|switch|p1a: Ting-Lu|Ting-Lu|100/100\n|-ability|p1a: Ting-Lu|Vessel of Ruin\n|-terastallize|p2a: spider|Ghost\n|move|p2a: spider|Shadow Ball|p1a: Ting-Lu\n|-resisted|p1a: Ting-Lu\n|-damage|p1a: Ting-Lu|87/100\n|\n|-heal|p1a: Ting-Lu|93/100|[from] item: Leftovers\n|upkeep\n|turn|18\n|\n|t:|1782540171\n|move|p2a: spider|Malignant Chain|p1a: Ting-Lu\n|-resisted|p1a: Ting-Lu\n|-damage|p1a: Ting-Lu|79/100\n|move|p1a: Ting-Lu|Throat Chop|p2a: spider\n|-supereffective|p2a: spider\n|-damage|p2a: spider|48/100\n|-start|p2a: spider|Throat Chop|[silent]\n|\n|-heal|p1a: Ting-Lu|86/100|[from] item: Leftovers\n|upkeep\n|turn|19\n|\n|t:|1782540178\n|move|p2a: spider|Recover|p2a: spider\n|-heal|p2a: spider|98/100\n|move|p1a: Ting-Lu|Throat Chop|p2a: spider\n|-supereffective|p2a: spider\n|-damage|p2a: spider|62/100\n|\n|-heal|p1a: Ting-Lu|92/100|[from] item: Leftovers\n|-end|p2a: spider|Throat Chop|[silent]\n|upkeep\n|turn|20\n|\n|t:|1782540180\n|move|p2a: spider|Malignant Chain|p1a: Ting-Lu\n|-resisted|p1a: Ting-Lu\n|-damage|p1a: Ting-Lu|80/100\n|move|p1a: Ting-Lu|Throat Chop|p2a: spider\n|-supereffective|p2a: spider\n|-damage|p2a: spider|25/100\n|-start|p2a: spider|Throat Chop|[silent]\n|\n|-heal|p1a: Ting-Lu|86/100|[from] item: Leftovers\n|upkeep\n|turn|21\n|\n|t:|1782540185\n|move|p2a: spider|Recover|p2a: spider\n|-heal|p2a: spider|75/100\n|move|p1a: Ting-Lu|Throat Chop|p2a: spider\n|-supereffective|p2a: spider\n|-damage|p2a: spider|38/100\n|\n|-heal|p1a: Ting-Lu|92/100|[from] item: Leftovers\n|-end|p2a: spider|Throat Chop|[silent]\n|upkeep\n|turn|22\n|\n|t:|1782540189\n|move|p2a: spider|Recover|p2a: spider\n|-heal|p2a: spider|89/100\n|move|p1a: Ting-Lu|Throat Chop|p2a: spider\n|-supereffective|p2a: spider\n|-damage|p2a: spider|51/100\n|-start|p2a: spider|Throat Chop|[silent]\n|\n|-heal|p1a: Ting-Lu|98/100|[from] item: Leftovers\n|upkeep\n|turn|23\n|\n|t:|1782540191\n|move|p2a: spider|Malignant Chain|p1a: Ting-Lu\n|-resisted|p1a: Ting-Lu\n|-damage|p1a: Ting-Lu|86/100\n|move|p1a: Ting-Lu|Throat Chop|p2a: spider\n|-supereffective|p2a: spider\n|-damage|p2a: spider|17/100\n|\n|-heal|p1a: Ting-Lu|92/100|[from] item: Leftovers\n|-end|p2a: spider|Throat Chop|[silent]\n|upkeep\n|turn|24\n|\n|t:|1782540196\n|move|p2a: spider|Recover|p2a: spider\n|-heal|p2a: spider|68/100\n|move|p1a: Ting-Lu|Throat Chop|p2a: spider\n|-supereffective|p2a: spider\n|-damage|p2a: spider|31/100\n|-start|p2a: spider|Throat Chop|[silent]\n|\n|-heal|p1a: Ting-Lu|98/100|[from] item: Leftovers\n|upkeep\n|turn|25\n|\n|t:|1782540216\n|move|p2a: spider|Malignant Chain|p1a: Ting-Lu\n|-resisted|p1a: Ting-Lu\n|-damage|p1a: Ting-Lu|84/100\n|move|p1a: Ting-Lu|Throat Chop|p2a: spider\n|-supereffective|p2a: spider\n|-damage|p2a: spider|0 fnt\n|faint|p2a: spider\n|\n|-heal|p1a: Ting-Lu|91/100|[from] item: Leftovers\n|upkeep\n|c|☆why yukina>~<|no poison\n|c|☆rblt ryo|Dont think i dont know that was some bs\n|inactive|why yukina>~< has 120 seconds left.\n|-message|why yukina>~< forfeited.\n|\n|win|rblt ryo\n|raw|rblt ryo's rating: 1656 &rarr; <strong>1683</strong><br />(+27 for winning)\n|raw|why yukina&gt;~&lt;'s rating: 1779 &rarr; <strong>1752</strong><br />(-27 for losing)\n|l|☆why yukina>~<\n|player|p2|\n|c|☆rblt ryo|Got haxed earlier by that set so i guess thats my late karma\n|l| Disscratch\n", "uploadtime": 1782540370, "views": 9, "formatid": "gen9ou", "rating": 1683, "private": 0, "password": null}