{"id": "gen9ou-2639228614", "format": "[Gen 9] OU", "players": ["daxulaoshi", "Clod the Clown"], "log": "|j|☆daxulaoshi\n|j|☆Clod the Clown\n|t:|1782437315\n|gametype|singles\n|player|p1|daxulaoshi|caitlin|1383\n|player|p2|Clod the Clown|harlequin|1487\n|gen|9\n|tier|[Gen 9] OU\n|rated|\n|rule|HP Percentage Mod: HP is shown in percentages\n|rule|Endless Battle Clause: Forcing endless battles is banned\n|rule|Species Clause: Limit one of each Pokémon\n|rule|OHKO Clause: OHKO moves are banned\n|rule|Evasion Items Clause: Evasion items are banned\n|rule|Evasion Moves Clause: Evasion moves are banned\n|rule|Evasion Abilities Clause: Evasion abilities are banned\n|rule|Sleep Moves Clause: Sleep-inducing moves are banned\n|clearpoke\n|poke|p1|Tyranitar, F|\n|poke|p1|Excadrill, M|\n|poke|p1|Keldeo-Resolute|\n|poke|p1|Tornadus-Therian, M|\n|poke|p1|Heatran, F|\n|poke|p1|Hydrapple, M|\n|poke|p2|Ceruledge, F|\n|poke|p2|Cyclizar, M|\n|poke|p2|Ting-Lu|\n|poke|p2|Ogerpon-Wellspring, F|\n|poke|p2|Moltres|\n|poke|p2|Iron Valiant|\n|teampreview\n|inactive|Battle timer is ON: inactive players will automatically lose when time's up. (requested by Clod the Clown)\n|\n|t:|1782437325\n|teamsize|p1|6\n|teamsize|p2|6\n|start\n|switch|p1a: Tyranitar|Tyranitar, F|100/100\n|switch|p2a: Revelation|Cyclizar, M|100/100\n|-weather|Sandstorm|[from] ability: Sand Stream|[of] p1a: Tyranitar\n|turn|1\n|\n|t:|1782437340\n|move|p2a: Revelation|U-turn|p1a: Tyranitar\n|-supereffective|p1a: Tyranitar\n|-damage|p1a: Tyranitar|68/100\n|-damage|p2a: Revelation|91/100|[from] item: Life Orb\n|\n|t:|1782437345\n|switch|p2a: Rodan|Moltres|100/100|[from] U-turn\n|move|p1a: Tyranitar|Ice Punch|p2a: Rodan\n|-damage|p2a: Rodan|72/100\n|\n|-weather|Sandstorm|[upkeep]\n|-damage|p2a: Rodan|66/100|[from] Sandstorm\n|upkeep\n|turn|2\n|\n|t:|1782437359\n|switch|p1a: Heatran|Heatran, F|100/100\n|move|p2a: Rodan|U-turn|p1a: Heatran\n|-resisted|p1a: Heatran\n|-damage|p1a: Heatran|97/100\n|\n|t:|1782437365\n|switch|p2a: Ting-Lu|Ting-Lu|100/100|[from] U-turn\n|-ability|p2a: Ting-Lu|Vessel of Ruin\n|\n|-weather|Sandstorm|[upkeep]\n|-heal|p1a: Heatran|100/100|[from] item: Leftovers\n|upkeep\n|turn|3\n|\n|t:|1782437371\n|move|p1a: Heatran|Taunt|p2a: Ting-Lu\n|-start|p2a: Ting-Lu|move: Taunt\n|cant|p2a: Ting-Lu|move: Taunt|Stealth Rock\n|\n|-weather|Sandstorm|[upkeep]\n|upkeep\n|turn|4\n|\n|t:|1782437376\n|move|p1a: Heatran|Stealth Rock|p2a: Ting-Lu\n|-sidestart|p2: Clod the Clown|move: Stealth Rock\n|move|p2a: Ting-Lu|Earthquake|p1a: Heatran\n|-supereffective|p1a: Heatran\n|-damage|p1a: Heatran|0 fnt\n|faint|p1a: Heatran\n|\n|-weather|Sandstorm|[upkeep]\n|upkeep\n|\n|t:|1782437382\n|switch|p1a: Keldeo|Keldeo-Resolute|100/100\n|turn|5\n|\n|t:|1782437388\n|move|p1a: Keldeo|Secret Sword|p2a: Ting-Lu\n|-supereffective|p2a: Ting-Lu\n|-damage|p2a: Ting-Lu|42/100\n|move|p2a: Ting-Lu|Earthquake|p1a: Keldeo\n|-damage|p1a: Keldeo|56/100\n|\n|-weather|none\n|-heal|p2a: Ting-Lu|48/100|[from] item: Leftovers\n|-end|p2a: Ting-Lu|move: Taunt\n|upkeep\n|turn|6\n|\n|t:|1782437408\n|switch|p1a: Hydrapple|Hydrapple, M|100/100\n|move|p2a: Ting-Lu|Earthquake|p1a: Hydrapple\n|-resisted|p1a: Hydrapple\n|-damage|p1a: Hydrapple|90/100\n|\n|-heal|p2a: Ting-Lu|54/100|[from] item: Leftovers\n|upkeep\n|turn|7\n|\n|t:|1782437417\n|move|p2a: Ting-Lu|Stealth Rock|p1a: Hydrapple\n|-sidestart|p1: daxulaoshi|move: Stealth Rock\n|move|p1a: Hydrapple|Nasty Plot|p1a: Hydrapple\n|-boost|p1a: Hydrapple|spa|2\n|\n|-heal|p2a: Ting-Lu|60/100|[from] item: Leftovers\n|upkeep\n|turn|8\n|\n|t:|1782437425\n|move|p1a: Hydrapple|Giga Drain|p2a: Ting-Lu\n|-supereffective|p2a: Ting-Lu\n|-damage|p2a: Ting-Lu|8/100\n|-heal|p1a: Hydrapple|100/100|[from] drain|[of] p2a: Ting-Lu\n|move|p2a: Ting-Lu|Whirlwind|p1a: Hydrapple\n|drag|p1a: Tyranitar|Tyranitar, F|68/100\n|-damage|p1a: Tyranitar|55/100|[from] Stealth Rock\n|-weather|Sandstorm|[from] ability: Sand Stream|[of] p1a: Tyranitar\n|\n|-weather|Sandstorm|[upkeep]\n|-heal|p2a: Ting-Lu|14/100|[from] item: Leftovers\n|upkeep\n|turn|9\n|\n|t:|1782437435\n|move|p1a: Tyranitar|Stone Edge|p2a: Ting-Lu|[miss]\n|-miss|p1a: Tyranitar|p2a: Ting-Lu\n|move|p2a: Ting-Lu|Earthquake|p1a: Tyranitar\n|-supereffective|p1a: Tyranitar\n|-damage|p1a: Tyranitar|0 fnt\n|faint|p1a: Tyranitar\n|\n|-weather|Sandstorm|[upkeep]\n|-heal|p2a: Ting-Lu|20/100|[from] item: Leftovers\n|upkeep\n|-message|daxulaoshi forfeited.\n|\n|win|Clod the Clown\n|raw|daxulaoshi's rating: 1383 &rarr; <strong>1369</strong><br />(-14 for losing)\n|raw|Clod the Clown's rating: 1487 &rarr; <strong>1501</strong><br />(+14 for winning)\n|l|☆daxulaoshi\n|player|p1|\n|l|☆Clod the Clown\n|player|p2|\n", "uploadtime": 1782437446, "views": 7, "formatid": "gen9ou", "rating": 1369, "private": 0, "password": null}