{"id": "gen9ou-2647770254", "format": "[Gen 9] OU", "players": ["Mathchamp", "arbok super yea"], "log": "|j|☆Mathchamp\n|j|☆arbok super yea\n|t:|1783809558\n|gametype|singles\n|player|p1|Mathchamp|backersf|1497\n|player|p2|arbok super yea|bugcatcher-gen4dp|1545\n|gen|9\n|tier|[Gen 9] OU\n|rated|\n|rule|HP Percentage Mod: HP is shown in percentages\n|rule|Endless Battle Clause: Forcing endless battles is banned\n|rule|Species Clause: Limit one of each Pokémon\n|rule|OHKO Clause: OHKO moves are banned\n|rule|Evasion Items Clause: Evasion items are banned\n|rule|Evasion Moves Clause: Evasion moves are banned\n|rule|Evasion Abilities Clause: Evasion abilities are banned\n|rule|Sleep Moves Clause: Sleep-inducing moves are banned\n|clearpoke\n|poke|p1|Ting-Lu|\n|poke|p1|Pecharunt|\n|poke|p1|Gholdengo|\n|poke|p1|Zamazenta-*|\n|poke|p1|Dragonite, F|\n|poke|p1|Zapdos-Galar|\n|poke|p2|Arbok, M|\n|poke|p2|Heatran, M|\n|poke|p2|Tornadus-Therian, M|\n|poke|p2|Great Tusk|\n|poke|p2|Darkrai|\n|poke|p2|Ogerpon-Wellspring, F|\n|teampreview\n|inactive|Battle timer is ON: inactive players will automatically lose when time's up. (requested by Mathchamp)\n|inactive|Mathchamp has 120 seconds left.\n|\n|t:|1783809598\n|teamsize|p1|6\n|teamsize|p2|6\n|start\n|switch|p1a: Ikki|Ting-Lu|100/100\n|switch|p2a: Tornadus|Tornadus-Therian, M|100/100\n|-ability|p1a: Ikki|Vessel of Ruin\n|turn|1\n|\n|t:|1783809602\n|move|p2a: Tornadus|Nasty Plot|p2a: Tornadus\n|-boost|p2a: Tornadus|spa|2\n|move|p1a: Ikki|Stealth Rock|p2a: Tornadus\n|-sidestart|p2: arbok super yea|move: Stealth Rock\n|\n|upkeep\n|turn|2\n|\n|t:|1783809608\n|move|p2a: Tornadus|Focus Blast|p1a: Ikki\n|-supereffective|p1a: Ikki\n|-damage|p1a: Ikki|41/100\n|move|p1a: Ikki|Whirlwind|p2a: Tornadus\n|drag|p2a: Ogerpon|Ogerpon-Wellspring, F|100/100\n|-damage|p2a: Ogerpon|88/100|[from] Stealth Rock\n|\n|-heal|p1a: Ikki|47/100|[from] item: Leftovers\n|upkeep\n|turn|3\n|\n|t:|1783809614\n|switch|p1a: Pots|Pecharunt|100/100\n|move|p2a: Ogerpon|Ivy Cudgel|p1a: Pots|[anim] Ivy Cudgel Water\n|-damage|p1a: Pots|66/100\n|\n|upkeep\n|turn|4\n|\n|t:|1783809617\n|move|p2a: Ogerpon|Ivy Cudgel|p1a: Pots|[anim] Ivy Cudgel Water\n|-damage|p1a: Pots|33/100\n|move|p1a: Pots|Recover|p1a: Pots\n|-heal|p1a: Pots|83/100\n|\n|upkeep\n|turn|5\n|\n|t:|1783809623\n|move|p2a: Ogerpon|Encore|p1a: Pots\n|-start|p1a: Pots|Encore\n|move|p1a: Pots|Recover|p1a: Pots\n|-heal|p1a: Pots|100/100\n|\n|upkeep\n|turn|6\n|\n|t:|1783809629\n|switch|p1a: Zapdos|Zapdos-Galar, shiny|100/100\n|move|p2a: Ogerpon|Ivy Cudgel|p1a: Zapdos|[anim] Ivy Cudgel Water\n|-crit|p1a: Zapdos\n|-damage|p1a: Zapdos|0 fnt\n|faint|p1a: Zapdos\n|\n|upkeep\n|\n|t:|1783809637\n|switch|p1a: Dang-O|Gholdengo|100/100\n|-item|p1a: Dang-O|Air Balloon\n|turn|7\n|\n|t:|1783809646\n|switch|p2a: Heatran|Heatran, M|100/100\n|-damage|p2a: Heatran|88/100|[from] Stealth Rock\n|move|p1a: Dang-O|Shadow Ball|p2a: Heatran\n|-damage|p2a: Heatran|66/100\n|\n|-heal|p2a: Heatran|73/100|[from] item: Leftovers\n|upkeep\n|turn|8\n|\n|t:|1783809653\n|switch|p1a: Ikki|Ting-Lu|47/100\n|-ability|p1a: Ikki|Vessel of Ruin\n|move|p2a: Heatran|Will-O-Wisp|p1a: Ikki\n|-status|p1a: Ikki|brn\n|\n|-heal|p2a: Heatran|79/100|[from] item: Leftovers\n|-heal|p1a: Ikki|53/100 brn|[from] item: Leftovers\n|-damage|p1a: Ikki|47/100 brn|[from] brn\n|upkeep\n|turn|9\n|\n|t:|1783809683\n|switch|p2a: Tornadus|Tornadus-Therian, M|100/100\n|move|p1a: Ikki|Spikes|p2a: Tornadus\n|-sidestart|p2: arbok super yea|Spikes\n|\n|-heal|p1a: Ikki|53/100 brn|[from] item: Leftovers\n|-damage|p1a: Ikki|47/100 brn|[from] brn\n|upkeep\n|turn|10\n|j| swily\n|\n|t:|1783809690\n|move|p2a: Tornadus|Focus Blast|p1a: Ikki\n|-supereffective|p1a: Ikki\n|-damage|p1a: Ikki|16/100 brn\n|move|p1a: Ikki|Whirlwind|p2a: Tornadus\n|drag|p2a: asoS evoL|Arbok, M|100/100\n|-damage|p2a: asoS evoL|88/100|[from] Stealth Rock\n|-damage|p2a: asoS evoL|76/100|[from] Spikes\n|-ability|p2a: asoS evoL|Intimidate|boost\n|-unboost|p1a: Ikki|atk|1\n|\n|-heal|p2a: asoS evoL|82/100|[from] item: Black Sludge\n|-heal|p1a: Ikki|23/100 brn|[from] item: Leftovers\n|-damage|p1a: Ikki|16/100 brn|[from] brn\n|upkeep\n|turn|11\n|\n|t:|1783809699\n|switch|p2a: Tornadus|Tornadus-Therian, M|100/100\n|move|p1a: Ikki|Ruination|p2a: Tornadus\n|-damage|p2a: Tornadus|51/100\n|\n|-heal|p1a: Ikki|23/100 brn|[from] item: Leftovers\n|-damage|p1a: Ikki|16/100 brn|[from] brn\n|upkeep\n|turn|12\n|\n|t:|1783809704\n|switch|p1a: Pots|Pecharunt|100/100\n|move|p2a: Tornadus|Bleakwind Storm|p1a: Pots\n|-damage|p1a: Pots|52/100\n|\n|upkeep\n|turn|13\n|\n|t:|1783809710\n|switch|p1a: Ikki|Ting-Lu|16/100 brn\n|-ability|p1a: Ikki|Vessel of Ruin\n|move|p2a: Tornadus|Bleakwind Storm|p1a: Ikki\n|-damage|p1a: Ikki|0 fnt\n|faint|p1a: Ikki\n|\n|upkeep\n|\n|t:|1783809714\n|switch|p1a: Dang-O|Gholdengo|100/100\n|-item|p1a: Dang-O|Air Balloon\n|turn|14\n|\n|t:|1783809725\n|move|p2a: Tornadus|Heat Wave|p1a: Dang-O\n|-supereffective|p1a: Dang-O\n|-damage|p1a: Dang-O|43/100\n|-enditem|p1a: Dang-O|Air Balloon\n|move|p1a: Dang-O|Make It Rain|p2a: Tornadus\n|-damage|p2a: Tornadus|0 fnt\n|-unboost|p1a: Dang-O|spa|1\n|faint|p2a: Tornadus\n|\n|upkeep\n|\n|t:|1783809738\n|switch|p2a: Darkrai|Darkrai|100/100\n|-damage|p2a: Darkrai|88/100|[from] Stealth Rock\n|-damage|p2a: Darkrai|76/100|[from] Spikes\n|turn|15\n|\n|t:|1783809743\n|switch|p1a: Nickel|Zamazenta|100/100\n|-ability|p1a: Nickel|Dauntless Shield|boost\n|-boost|p1a: Nickel|def|1\n|move|p2a: Darkrai|Sludge Bomb|p1a: Nickel\n|-damage|p1a: Nickel|72/100\n|-status|p1a: Nickel|psn\n|\n|-damage|p1a: Nickel|59/100 psn|[from] psn\n|upkeep\n|turn|16\n|\n|t:|1783809748\n|switch|p2a: asoS evoL|Arbok, M|82/100\n|-damage|p2a: asoS evoL|70/100|[from] Stealth Rock\n|-damage|p2a: asoS evoL|57/100|[from] Spikes\n|-ability|p2a: asoS evoL|Intimidate|boost\n|-unboost|p1a: Nickel|atk|1\n|move|p1a: Nickel|Close Combat|p2a: asoS evoL\n|-resisted|p2a: asoS evoL\n|-damage|p2a: asoS evoL|38/100\n|-unboost|p1a: Nickel|def|1\n|-unboost|p1a: Nickel|spd|1\n|\n|-heal|p2a: asoS evoL|44/100|[from] item: Black Sludge\n|-damage|p1a: Nickel|47/100 psn|[from] psn\n|upkeep\n|turn|17\n|\n|t:|1783809756\n|switch|p1a: Pots|Pecharunt|52/100\n|move|p2a: asoS evoL|Earthquake|p1a: Pots\n|-supereffective|p1a: Pots\n|-damage|p1a: Pots|29/100\n|\n|-heal|p2a: asoS evoL|50/100|[from] item: Black Sludge\n|upkeep\n|turn|18\n|\n|t:|1783809759\n|move|p1a: Pots|Recover|p1a: Pots\n|-heal|p1a: Pots|79/100\n|move|p2a: asoS evoL|Glare|p1a: Pots\n|-status|p1a: Pots|par\n|\n|-heal|p2a: asoS evoL|56/100|[from] item: Black Sludge\n|upkeep\n|turn|19\n|\n|t:|1783809764\n|switch|p2a: Heatran|Heatran, M|79/100\n|-damage|p2a: Heatran|66/100|[from] Stealth Rock\n|-damage|p2a: Heatran|54/100|[from] Spikes\n|move|p1a: Pots|Recover|p1a: Pots\n|-heal|p1a: Pots|100/100 par\n|\n|-heal|p2a: Heatran|60/100|[from] item: Leftovers\n|upkeep\n|turn|20\n|c| swily|arbok super\n|c| swily|yea\n|\n|t:|1783809772\n|move|p2a: Heatran|Magma Storm|p1a: Pots\n|-damage|p1a: Pots|56/100 par\n|-activate|p1a: Pots|move: Magma Storm|[of] p2a: Heatran\n|move|p1a: Pots|Parting Shot|p2a: Heatran\n|-unboost|p2a: Heatran|atk|1\n|-unboost|p2a: Heatran|spa|1\n|\n|t:|1783809775\n|switch|p1a: Nickel|Zamazenta|47/100 psn|[from] Parting Shot\n|\n|-heal|p2a: Heatran|66/100|[from] item: Leftovers\n|-damage|p1a: Nickel|35/100 psn|[from] psn\n|upkeep\n|turn|21\n|\n|t:|1783809782\n|switch|p2a: asoS evoL|Arbok, M|56/100\n|-damage|p2a: asoS evoL|44/100|[from] Stealth Rock\n|-damage|p2a: asoS evoL|31/100|[from] Spikes\n|-ability|p2a: asoS evoL|Intimidate|boost\n|-unboost|p1a: Nickel|atk|1\n|move|p1a: Nickel|Close Combat|p2a: asoS evoL\n|-resisted|p2a: asoS evoL\n|-damage|p2a: asoS evoL|13/100\n|-unboost|p1a: Nickel|def|1\n|-unboost|p1a: Nickel|spd|1\n|\n|-heal|p2a: asoS evoL|19/100|[from] item: Black Sludge\n|-damage|p1a: Nickel|23/100 psn|[from] psn\n|upkeep\n|turn|22\n|\n|t:|1783809807\n|move|p1a: Nickel|Close Combat|p2a: asoS evoL\n|-resisted|p2a: asoS evoL\n|-damage|p2a: asoS evoL|0 fnt\n|-unboost|p1a: Nickel|def|1\n|-unboost|p1a: Nickel|spd|1\n|faint|p2a: asoS evoL\n|\n|-damage|p1a: Nickel|10/100 psn|[from] psn\n|upkeep\n|\n|t:|1783809811\n|switch|p2a: Darkrai|Darkrai|76/100\n|-damage|p2a: Darkrai|63/100|[from] Stealth Rock\n|-damage|p2a: Darkrai|51/100|[from] Spikes\n|turn|23\n|\n|t:|1783809816\n|move|p2a: Darkrai|Sucker Punch|p1a: Nickel\n|-resisted|p1a: Nickel\n|-damage|p1a: Nickel|0 fnt\n|faint|p1a: Nickel\n|\n|upkeep\n|c| swily|holy\n|j| Azanerth\n|\n|t:|1783809822\n|switch|p1a: Dragonite|Dragonite, F|100/100\n|turn|24\n|\n|t:|1783809827\n|move|p2a: Darkrai|Dark Pulse|p1a: Dragonite\n|-damage|p1a: Dragonite|74/100\n|cant|p1a: Dragonite|flinch\n|\n|upkeep\n|turn|25\n|\n|t:|1783809833\n|move|p2a: Darkrai|Dark Pulse|p1a: Dragonite\n|-damage|p1a: Dragonite|20/100\n|move|p1a: Dragonite|Dragon Dance|p1a: Dragonite\n|-boost|p1a: Dragonite|atk|1\n|-boost|p1a: Dragonite|spe|1\n|\n|upkeep\n|turn|26\n|\n|t:|1783809836\n|move|p1a: Dragonite|Extreme Speed|p2a: Darkrai\n|-damage|p2a: Darkrai|0 fnt\n|faint|p2a: Darkrai\n|\n|upkeep\n|\n|t:|1783809840\n|switch|p2a: Great Tusk|Great Tusk|100/100\n|-damage|p2a: Great Tusk|98/100|[from] Stealth Rock\n|-damage|p2a: Great Tusk|85/100|[from] Spikes\n|turn|27\n|\n|t:|1783809851\n|move|p2a: Great Tusk|Rapid Spin|p1a: Dragonite\n|-damage|p1a: Dragonite|0 fnt\n|-boost|p2a: Great Tusk|spe|1\n|-sideend|p2: arbok super yea|Spikes|[from] move: Rapid Spin|[of] p2a: Great Tusk\n|-sideend|p2: arbok super yea|Stealth Rock|[from] move: Rapid Spin|[of] p2a: Great Tusk\n|faint|p1a: Dragonite\n|\n|upkeep\n|\n|t:|1783809854\n|switch|p1a: Dang-O|Gholdengo|43/100\n|turn|28\n|\n|t:|1783809862\n|-terastallize|p1a: Dang-O|Water\n|move|p2a: Great Tusk|Headlong Rush|p1a: Dang-O\n|-damage|p1a: Dang-O|0 fnt\n|-unboost|p2a: Great Tusk|def|1\n|-unboost|p2a: Great Tusk|spd|1\n|faint|p1a: Dang-O\n|\n|upkeep\n|-message|Mathchamp forfeited.\n|\n|win|arbok super yea\n|raw|Mathchamp's rating: 1497 &rarr; <strong>1480</strong><br />(-17 for losing)\n|raw|arbok super yea's rating: 1545 &rarr; <strong>1562</strong><br />(+17 for winning)\n|l|☆Mathchamp\n|player|p1|\n|l| Azanerth\n|c|☆arbok super yea|arbok\n|c|☆arbok super yea|super yea\n|c| swily|yeah this arbok super\n|c| swily|yea\n", "uploadtime": 1783809870, "views": 19, "formatid": "gen9ou", "rating": 1480, "private": 0, "password": null}