{"id": "gen9ou-2647679897", "format": "[Gen 9] OU", "players": ["sheakeegs", "homojeff"], "log": "|j|☆sheakeegs\n|j|☆homojeff\n|t:|1783795240\n|gametype|singles\n|player|p1|sheakeegs|volkner|1226\n|player|p2|homojeff|swimmer-gen4|1213\n|gen|9\n|tier|[Gen 9] OU\n|rated|\n|rule|HP Percentage Mod: HP is shown in percentages\n|rule|Endless Battle Clause: Forcing endless battles is banned\n|rule|Species Clause: Limit one of each Pokémon\n|rule|OHKO Clause: OHKO moves are banned\n|rule|Evasion Items Clause: Evasion items are banned\n|rule|Evasion Moves Clause: Evasion moves are banned\n|rule|Evasion Abilities Clause: Evasion abilities are banned\n|rule|Sleep Moves Clause: Sleep-inducing moves are banned\n|clearpoke\n|poke|p1|Raging Bolt|\n|poke|p1|Torkoal, F|\n|poke|p1|Walking Wake|\n|poke|p1|Corviknight, M|\n|poke|p1|Lilligant-Hisui, F|\n|poke|p1|Iron Treads|\n|poke|p2|Corviknight, F|\n|poke|p2|Gliscor, M|\n|poke|p2|Deoxys-Defense|\n|poke|p2|Arboliva, M|\n|poke|p2|Ditto|\n|poke|p2|Garganacl, M|\n|teampreview\n|inactive|Battle timer is ON: inactive players will automatically lose when time's up. (requested by homojeff)\n|\n|t:|1783795248\n|teamsize|p1|6\n|teamsize|p2|6\n|start\n|switch|p1a: Torkoal|Torkoal, F|100/100\n|switch|p2a: Gliscor|Gliscor, M, shiny|100/100\n|-weather|SunnyDay|[from] ability: Drought|[of] p1a: Torkoal\n|turn|1\n|\n|t:|1783795254\n|move|p2a: Gliscor|Toxic|p1a: Torkoal\n|-status|p1a: Torkoal|tox\n|move|p1a: Torkoal|Stealth Rock|p2a: Gliscor\n|-sidestart|p2: homojeff|move: Stealth Rock\n|\n|-weather|SunnyDay|[upkeep]\n|-damage|p1a: Torkoal|94/100 tox|[from] psn\n|-status|p2a: Gliscor|tox|[from] item: Toxic Orb\n|upkeep\n|turn|2\n|\n|t:|1783795269\n|switch|p1a: Walking Wake|Walking Wake|100/100\n|-activate|p1a: Walking Wake|ability: Protosynthesis\n|-start|p1a: Walking Wake|protosynthesisspe\n|move|p2a: Gliscor|Protect||[still]\n|-fail|p2a: Gliscor\n|\n|-weather|SunnyDay|[upkeep]\n|upkeep\n|turn|3\n|\n|t:|1783795277\n|move|p2a: Gliscor|Protect|p2a: Gliscor\n|-singleturn|p2a: Gliscor|Protect\n|move|p1a: Walking Wake|Hydro Steam|p2a: Gliscor\n|-activate|p2a: Gliscor|move: Protect\n|\n|-weather|SunnyDay|[upkeep]\n|upkeep\n|turn|4\n|\n|t:|1783795287\n|switch|p2a: Arboliva|Arboliva, M, shiny|100/100\n|-damage|p2a: Arboliva|88/100|[from] Stealth Rock\n|move|p1a: Walking Wake|Hydro Steam|p2a: Arboliva\n|-resisted|p2a: Arboliva\n|-damage|p2a: Arboliva|52/100\n|-fieldstart|move: Grassy Terrain|[from] ability: Seed Sower|[of] p2a: Arboliva\n|\n|-weather|SunnyDay|[upkeep]\n|-heal|p2a: Arboliva|58/100|[from] Grassy Terrain\n|upkeep\n|turn|5\n|\n|t:|1783795312\n|-end|p1a: Walking Wake|Protosynthesis|[silent]\n|switch|p1a: Corviknight|Corviknight, M|100/100\n|-ability|p1a: Corviknight|Pressure\n|move|p2a: Arboliva|Protect||[still]\n|-fail|p2a: Arboliva\n|\n|-weather|SunnyDay|[upkeep]\n|-heal|p2a: Arboliva|64/100|[from] Grassy Terrain\n|upkeep\n|turn|6\n|\n|t:|1783795322\n|move|p1a: Corviknight|U-turn|p2a: Arboliva\n|-supereffective|p2a: Arboliva\n|-damage|p2a: Arboliva|39/100\n|\n|t:|1783795324\n|switch|p1a: Iron Treads|Iron Treads|100/100|[from] U-turn\n|move|p2a: Arboliva|Strength Sap|p1a: Iron Treads\n|-unboost|p1a: Iron Treads|atk|1\n|-heal|p2a: Arboliva|100/100\n|\n|-weather|SunnyDay|[upkeep]\n|upkeep\n|turn|7\n|\n|t:|1783795339\n|move|p1a: Iron Treads|Ice Spinner|p2a: Arboliva\n|-supereffective|p2a: Arboliva\n|-damage|p2a: Arboliva|76/100\n|-fieldend|move: Grassy Terrain\n|move|p2a: Arboliva|Leech Seed|p1a: Iron Treads\n|-start|p1a: Iron Treads|move: Leech Seed\n|\n|-weather|SunnyDay|[upkeep]\n|-damage|p1a: Iron Treads|88/100|[from] Leech Seed|[of] p2a: Arboliva\n|-heal|p2a: Arboliva|93/100|[silent]\n|upkeep\n|turn|8\n|\n|t:|1783795354\n|move|p1a: Iron Treads|Ice Spinner|p2a: Arboliva\n|-supereffective|p2a: Arboliva\n|-damage|p2a: Arboliva|68/100\n|-fieldstart|move: Grassy Terrain|[from] ability: Seed Sower|[of] p2a: Arboliva\n|-fieldend|move: Grassy Terrain\n|move|p2a: Arboliva|Giga Drain|p1a: Iron Treads\n|-damage|p1a: Iron Treads|60/100\n|-heal|p2a: Arboliva|88/100|[from] drain|[of] p1a: Iron Treads\n|\n|-weather|none\n|-damage|p1a: Iron Treads|47/100|[from] Leech Seed|[of] p2a: Arboliva\n|-heal|p2a: Arboliva|100/100|[silent]\n|upkeep\n|turn|9\n|\n|t:|1783795369\n|move|p1a: Iron Treads|Ice Spinner|p2a: Arboliva\n|-supereffective|p2a: Arboliva\n|-damage|p2a: Arboliva|74/100\n|-fieldstart|move: Grassy Terrain|[from] ability: Seed Sower|[of] p2a: Arboliva\n|-fieldend|move: Grassy Terrain\n|move|p2a: Arboliva|Giga Drain|p1a: Iron Treads\n|-damage|p1a: Iron Treads|20/100\n|-heal|p2a: Arboliva|94/100|[from] drain|[of] p1a: Iron Treads\n|\n|-damage|p1a: Iron Treads|7/100|[from] Leech Seed|[of] p2a: Arboliva\n|-heal|p2a: Arboliva|100/100|[silent]\n|upkeep\n|turn|10\n|\n|t:|1783795381\n|move|p2a: Arboliva|Protect|p2a: Arboliva\n|-singleturn|p2a: Arboliva|Protect\n|move|p1a: Iron Treads|Ice Spinner|p2a: Arboliva\n|-activate|p2a: Arboliva|move: Protect\n|\n|-damage|p1a: Iron Treads|0 fnt|[from] Leech Seed|[of] p2a: Arboliva\n|faint|p1a: Iron Treads\n|-end|p1a: Iron Treads|Quark Drive|[silent]\n|upkeep\n|\n|t:|1783795393\n|switch|p1a: Torkoal|Torkoal, F|94/100 tox\n|-weather|SunnyDay|[from] ability: Drought|[of] p1a: Torkoal\n|turn|11\n|\n|t:|1783795399\n|switch|p2a: Garganacl|Garganacl, M, shiny|100/100\n|-damage|p2a: Garganacl|88/100|[from] Stealth Rock\n|switch|p1a: Walking Wake|Walking Wake|100/100\n|-activate|p1a: Walking Wake|ability: Protosynthesis\n|-start|p1a: Walking Wake|protosynthesisspe\n|\n|-weather|SunnyDay|[upkeep]\n|-heal|p2a: Garganacl|94/100|[from] item: Leftovers\n|upkeep\n|turn|12\n|\n|t:|1783795408\n|switch|p2a: Arboliva|Arboliva, M, shiny|100/100\n|-damage|p2a: Arboliva|88/100|[from] Stealth Rock\n|move|p1a: Walking Wake|Hydro Steam|p2a: Arboliva\n|-resisted|p2a: Arboliva\n|-damage|p2a: Arboliva|56/100\n|-fieldstart|move: Grassy Terrain|[from] ability: Seed Sower|[of] p2a: Arboliva\n|\n|-weather|SunnyDay|[upkeep]\n|-heal|p2a: Arboliva|62/100|[from] Grassy Terrain\n|upkeep\n|turn|13\n|\n|t:|1783795427\n|-end|p1a: Walking Wake|Protosynthesis|[silent]\n|switch|p1a: Raging Bolt|Raging Bolt|100/100\n|-activate|p1a: Raging Bolt|ability: Protosynthesis\n|-start|p1a: Raging Bolt|protosynthesisspa\n|move|p2a: Arboliva|Protect||[still]\n|-fail|p2a: Arboliva\n|\n|-weather|SunnyDay|[upkeep]\n|-heal|p2a: Arboliva|68/100|[from] Grassy Terrain\n|upkeep\n|turn|14\n|\n|t:|1783795435\n|move|p1a: Raging Bolt|Weather Ball|p2a: Arboliva\n|-supereffective|p2a: Arboliva\n|-damage|p2a: Arboliva|0 fnt\n|faint|p2a: Arboliva\n|\n|-weather|SunnyDay|[upkeep]\n|upkeep\n|\n|t:|1783795441\n|switch|p2a: Gliscor|Gliscor, M, shiny|100/100 tox\n|-damage|p2a: Gliscor|88/100 tox|[from] Stealth Rock\n|turn|15\n|\n|t:|1783795448\n|-terastallize|p1a: Raging Bolt|Fairy\n|move|p1a: Raging Bolt|Dragon Pulse|p2a: Gliscor\n|-damage|p2a: Gliscor|30/100 tox\n|move|p2a: Gliscor|Toxic|p1a: Raging Bolt\n|-status|p1a: Raging Bolt|tox\n|\n|-weather|SunnyDay|[upkeep]\n|-damage|p1a: Raging Bolt|94/100 tox|[from] psn\n|-heal|p2a: Gliscor|42/100 tox|[from] ability: Poison Heal\n|upkeep\n|turn|16\n|\n|t:|1783795460\n|move|p2a: Gliscor|Protect|p2a: Gliscor\n|-singleturn|p2a: Gliscor|Protect\n|move|p1a: Raging Bolt|Dragon Pulse|p2a: Gliscor\n|-activate|p2a: Gliscor|move: Protect\n|\n|-weather|SunnyDay|[upkeep]\n|-heal|p1a: Raging Bolt|100/100 tox|[from] Grassy Terrain\n|-damage|p1a: Raging Bolt|88/100 tox|[from] psn\n|-heal|p2a: Gliscor|55/100 tox|[from] ability: Poison Heal\n|-fieldend|move: Grassy Terrain\n|upkeep\n|turn|17\n|\n|t:|1783795471\n|switch|p2a: Garganacl|Garganacl, M, shiny|94/100\n|-damage|p2a: Garganacl|82/100|[from] Stealth Rock\n|move|p1a: Raging Bolt|Dragon Pulse|p2a: Garganacl\n|-damage|p2a: Garganacl|38/100\n|\n|-weather|SunnyDay|[upkeep]\n|-heal|p2a: Garganacl|44/100|[from] item: Leftovers\n|-damage|p1a: Raging Bolt|70/100 tox|[from] psn\n|upkeep\n|turn|18\n|\n|t:|1783795480\n|move|p1a: Raging Bolt|Dragon Pulse|p2a: Garganacl\n|-damage|p2a: Garganacl|2/100\n|move|p2a: Garganacl|Salt Cure|p1a: Raging Bolt\n|-damage|p1a: Raging Bolt|57/100 tox\n|-start|p1a: Raging Bolt|Salt Cure\n|\n|-weather|none\n|-end|p1a: Raging Bolt|Protosynthesis\n|-heal|p2a: Garganacl|8/100|[from] item: Leftovers\n|-damage|p1a: Raging Bolt|33/100 tox|[from] psn\n|-damage|p1a: Raging Bolt|20/100 tox|[from] Salt Cure\n|upkeep\n|turn|19\n|\n|t:|1783795491\n|move|p1a: Raging Bolt|Dragon Pulse|p2a: Garganacl\n|-damage|p2a: Garganacl|0 fnt\n|faint|p2a: Garganacl\n|\n|-damage|p1a: Raging Bolt|0 fnt|[from] psn\n|faint|p1a: Raging Bolt\n|-end|p1a: Raging Bolt|Protosynthesis|[silent]\n|upkeep\n|\n|t:|1783795498\n|switch|p1a: Torkoal|Torkoal, F|94/100 tox\n|switch|p2a: Gliscor|Gliscor, M, shiny|55/100 tox\n|-damage|p2a: Gliscor|42/100 tox|[from] Stealth Rock\n|-weather|SunnyDay|[from] ability: Drought|[of] p1a: Torkoal\n|turn|20\n|\n|t:|1783795508\n|switch|p1a: Walking Wake|Walking Wake|100/100\n|-activate|p1a: Walking Wake|ability: Protosynthesis\n|-start|p1a: Walking Wake|protosynthesisspe\n|move|p2a: Gliscor|Toxic|p1a: Walking Wake\n|-status|p1a: Walking Wake|tox\n|\n|-weather|SunnyDay|[upkeep]\n|-damage|p1a: Walking Wake|94/100 tox|[from] psn\n|-heal|p2a: Gliscor|55/100 tox|[from] ability: Poison Heal\n|upkeep\n|turn|21\n|\n|t:|1783795518\n|move|p2a: Gliscor|Protect|p2a: Gliscor\n|-singleturn|p2a: Gliscor|Protect\n|move|p1a: Walking Wake|Hydro Steam|p2a: Gliscor\n|-activate|p2a: Gliscor|move: Protect\n|\n|-weather|SunnyDay|[upkeep]\n|-damage|p1a: Walking Wake|82/100 tox|[from] psn\n|-heal|p2a: Gliscor|67/100 tox|[from] ability: Poison Heal\n|upkeep\n|turn|22\n|\n|t:|1783795526\n|move|p1a: Walking Wake|Hydro Steam|p2a: Gliscor\n|-supereffective|p2a: Gliscor\n|-damage|p2a: Gliscor|0 fnt\n|faint|p2a: Gliscor\n|\n|-weather|SunnyDay|[upkeep]\n|-damage|p1a: Walking Wake|64/100 tox|[from] psn\n|upkeep\n|\n|t:|1783795529\n|switch|p2a: Ditto|Ditto|100/100\n|-damage|p2a: Ditto|88/100|[from] Stealth Rock\n|-transform|p2a: Ditto|p1a: Walking Wake|[from] ability: Imposter\n|turn|23\n|\n|t:|1783795546\n|-end|p1a: Walking Wake|Protosynthesis|[silent]\n|switch|p1a: Lilligant|Lilligant-Hisui, F|100/100\n|move|p2a: Ditto|Draco Meteor|p1a: Lilligant\n|-damage|p1a: Lilligant|8/100\n|-unboost|p2a: Ditto|spa|2\n|\n|-weather|SunnyDay|[upkeep]\n|upkeep\n|turn|24\n|\n|t:|1783795553\n|move|p1a: Lilligant|Solar Blade||[still]\n|-prepare|p1a: Lilligant|Solar Blade\n|-anim|p1a: Lilligant|Solar Blade|p2a: Ditto\n|-damage|p2a: Ditto|0 fnt\n|faint|p2a: Ditto\n|-end|p2a: Ditto|Protosynthesis|[silent]\n|-damage|p1a: Lilligant|0 fnt|[from] item: Life Orb\n|faint|p1a: Lilligant\n|\n|-weather|SunnyDay|[upkeep]\n|upkeep\n|\n|t:|1783795566\n|switch|p1a: Walking Wake|Walking Wake|64/100 tox\n|switch|p2a: Deoxys|Deoxys-Defense, shiny|100/100\n|-damage|p2a: Deoxys|88/100|[from] Stealth Rock\n|-ability|p2a: Deoxys|Pressure\n|-activate|p1a: Walking Wake|ability: Protosynthesis\n|-start|p1a: Walking Wake|protosynthesisspe\n|turn|25\n|\n|t:|1783795587\n|move|p1a: Walking Wake|Hydro Steam|p2a: Deoxys\n|-damage|p2a: Deoxys|26/100\n|move|p2a: Deoxys|Cosmic Power|p2a: Deoxys\n|-boost|p2a: Deoxys|def|1\n|-boost|p2a: Deoxys|spd|1\n|\n|-weather|SunnyDay|[upkeep]\n|-heal|p2a: Deoxys|32/100|[from] item: Leftovers\n|-damage|p1a: Walking Wake|57/100 tox|[from] psn\n|upkeep\n|turn|26\n|\n|t:|1783795598\n|-terastallize|p2a: Deoxys|Steel\n|move|p1a: Walking Wake|Hydro Steam|p2a: Deoxys\n|-damage|p2a: Deoxys|0 fnt\n|faint|p2a: Deoxys\n|\n|-weather|SunnyDay|[upkeep]\n|-damage|p1a: Walking Wake|45/100 tox|[from] psn\n|upkeep\n|l|☆homojeff\n|inactive|homojeff disconnected and has a minute to reconnect!\n|player|p2|\n|inactive|homojeff has 30 seconds to reconnect!\n|inactive|homojeff has 20 seconds to reconnect!\n|inactive|homojeff has 15 seconds to reconnect!\n|inactive|homojeff has 10 seconds to reconnect!\n|inactive|homojeff has 5 seconds to reconnect!\n|-message|homojeff lost due to inactivity.\n|\n|win|sheakeegs\n|raw|sheakeegs's rating: 1226 &rarr; <strong>1250</strong><br />(+24 for winning)\n|raw|homojeff's rating: 1213 &rarr; <strong>1189</strong><br />(-24 for losing)\n", "uploadtime": 1783795980, "views": 12, "formatid": "gen9ou", "rating": 1189, "private": 0, "password": null}