{"id": "gen9ou-2647694600", "format": "[Gen 9] OU", "players": ["Yisso", "Ridora2901"], "log": "|j|☆Yisso\n|j|☆Ridora2901\n|t:|1783797503\n|gametype|singles\n|player|p1|Yisso|steven-masters|\n|player|p2|Ridora2901|102|\n|gen|9\n|tier|[Gen 9] OU\n|rule|HP Percentage Mod: HP is shown in percentages\n|rule|Endless Battle Clause: Forcing endless battles is banned\n|rule|Species Clause: Limit one of each Pokémon\n|rule|OHKO Clause: OHKO moves are banned\n|rule|Evasion Items Clause: Evasion items are banned\n|rule|Evasion Moves Clause: Evasion moves are banned\n|rule|Evasion Abilities Clause: Evasion abilities are banned\n|rule|Sleep Moves Clause: Sleep-inducing moves are banned\n|clearpoke\n|poke|p1|Cresselia, F|\n|poke|p1|Samurott-Hisui, F|\n|poke|p1|Garchomp, F|\n|poke|p1|Great Tusk|\n|poke|p1|Gholdengo|\n|poke|p1|Zamazenta-*|\n|poke|p2|Garchomp, M|\n|poke|p2|Gastrodon, M|\n|poke|p2|Serperior, F|\n|poke|p2|Lucario, F|\n|poke|p2|Milotic, M|\n|poke|p2|Spiritomb, F|\n|teampreview\n|inactive|Battle timer is ON: inactive players will automatically lose when time's up. (requested by Yisso)\n|c|☆Yisso|glhf\n|c|☆Yisso|pstd coming\n|inactive|Yisso has 270 seconds left.\n|inactive|Ridora2901 has 270 seconds left.\n|inactive|Ridora2901 has 240 seconds left.\n|\n|t:|1783797570\n|teamsize|p1|6\n|teamsize|p2|6\n|start\n|switch|p1a: Samurott|Samurott-Hisui, F, shiny|100/100\n|switch|p2a: Gastrodon|Gastrodon, M|100/100\n|turn|1\n|inactive|Ridora2901 has 270 seconds left.\n|\n|t:|1783797606\n|move|p1a: Samurott|Ceaseless Edge|p2a: Gastrodon\n|-damage|p2a: Gastrodon|66/100\n|-sidestart|p2: Ridora2901|Spikes\n|move|p2a: Gastrodon|Spikes|p1a: Samurott\n|-sidestart|p1: Yisso|Spikes\n|\n|-heal|p2a: Gastrodon|72/100|[from] item: Leftovers\n|upkeep\n|turn|2\n|inactive|Ridora2901 has 270 seconds left.\n|\n|t:|1783797626\n|move|p1a: Samurott|Ceaseless Edge|p2a: Gastrodon\n|-damage|p2a: Gastrodon|37/100\n|-sidestart|p2: Ridora2901|Spikes\n|move|p2a: Gastrodon|Spikes|p1a: Samurott\n|-sidestart|p1: Yisso|Spikes\n|\n|-heal|p2a: Gastrodon|43/100|[from] item: Leftovers\n|upkeep\n|turn|3\n|\n|t:|1783797647\n|switch|p2a: Spiritomb|Spiritomb, F|100/100\n|-ability|p2a: Spiritomb|Pressure\n|move|p1a: Samurott|Ceaseless Edge|p2a: Spiritomb\n|-damage|p2a: Spiritomb|66/100\n|-sidestart|p2: Ridora2901|Spikes\n|\n|upkeep\n|turn|4\n|\n|t:|1783797658\n|move|p1a: Samurott|Knock Off|p2a: Spiritomb\n|-damage|p2a: Spiritomb|29/100\n|-enditem|p2a: Spiritomb|Heavy-Duty Boots|[from] move: Knock Off|[of] p1a: Samurott\n|move|p2a: Spiritomb|Shadow Ball|p1a: Samurott\n|-resisted|p1a: Samurott\n|-damage|p1a: Samurott|91/100\n|\n|upkeep\n|turn|5\n|\n|t:|1783797667\n|move|p1a: Samurott|Ceaseless Edge|p2a: Spiritomb\n|-damage|p2a: Spiritomb|0 fnt\n|faint|p2a: Spiritomb\n|\n|upkeep\n|\n|t:|1783797678\n|switch|p2a: Serperior|Serperior, F|100/100\n|-damage|p2a: Serperior|76/100|[from] Spikes\n|turn|6\n|\n|t:|1783797697\n|-terastallize|p1a: Samurott|Poison\n|move|p2a: Serperior|Leaf Storm|p1a: Samurott\n|-resisted|p1a: Samurott\n|-damage|p1a: Samurott|76/100\n|-boost|p2a: Serperior|spa|2\n|move|p1a: Samurott|Knock Off|p2a: Serperior\n|-damage|p2a: Serperior|28/100\n|-enditem|p2a: Serperior|Assault Vest|[from] move: Knock Off|[of] p1a: Samurott\n|\n|upkeep\n|turn|7\n|\n|t:|1783797716\n|-terastallize|p2a: Serperior|Dragon\n|move|p1a: Samurott|Sucker Punch|p2a: Serperior\n|-damage|p2a: Serperior|0 fnt\n|faint|p2a: Serperior\n|\n|upkeep\n|c|☆Yisso|nuh uh\n|\n|t:|1783797723\n|switch|p2a: Lucario|Lucario, F|100/100\n|-damage|p2a: Lucario|76/100|[from] Spikes\n|turn|8\n|\n|t:|1783797731\n|switch|p1a: Gholdengo|Gholdengo|100/100\n|-damage|p1a: Gholdengo|84/100|[from] Spikes\n|move|p2a: Lucario|Extreme Speed|p1a: Gholdengo\n|-immune|p1a: Gholdengo\n|\n|upkeep\n|turn|9\n|\n|t:|1783797746\n|switch|p2a: Milotic|Milotic, M|100/100\n|-damage|p2a: Milotic|76/100|[from] Spikes\n|move|p1a: Gholdengo|Trick|p2a: Milotic\n|-activate|p1a: Gholdengo|move: Trick|[of] p2a: Milotic\n|-item|p2a: Milotic|Choice Scarf|[from] move: Trick\n|-item|p1a: Gholdengo|Sitrus Berry|[from] move: Trick\n|\n|upkeep\n|turn|10\n|\n|t:|1783797757\n|move|p2a: Milotic|Scald|p1a: Gholdengo\n|-damage|p1a: Gholdengo|38/100\n|-status|p1a: Gholdengo|brn\n|-enditem|p1a: Gholdengo|Sitrus Berry|[eat]\n|-heal|p1a: Gholdengo|63/100 brn|[from] item: Sitrus Berry\n|move|p1a: Gholdengo|Shadow Ball|p2a: Milotic\n|-damage|p2a: Milotic|38/100\n|-unboost|p2a: Milotic|spd|1\n|-ability|p2a: Milotic|Competitive|boost\n|-boost|p2a: Milotic|spa|2\n|\n|-damage|p1a: Gholdengo|57/100 brn|[from] brn\n|upkeep\n|turn|11\n|c|☆Yisso|oh shi\n|inactive|Ridora2901 has 240 seconds left.\n|\n|t:|1783797788\n|move|p2a: Milotic|Scald|p1a: Gholdengo\n|-damage|p1a: Gholdengo|0 fnt\n|faint|p1a: Gholdengo\n|\n|upkeep\n|\n|t:|1783797808\n|switch|p1a: Samurott|Samurott-Hisui, F, shiny, tera:Poison|76/100\n|-damage|p1a: Samurott|60/100|[from] Spikes\n|turn|12\n|\n|t:|1783797814\n|move|p1a: Samurott|Sucker Punch|p2a: Milotic\n|-damage|p2a: Milotic|10/100\n|move|p2a: Milotic|Scald|p1a: Samurott\n|-damage|p1a: Samurott|10/100\n|\n|upkeep\n|turn|13\n|\n|t:|1783797820\n|move|p1a: Samurott|Sucker Punch|p2a: Milotic\n|-damage|p2a: Milotic|0 fnt\n|faint|p2a: Milotic\n|\n|upkeep\n|\n|t:|1783797822\n|switch|p2a: Lucario|Lucario, F|76/100\n|-damage|p2a: Lucario|51/100|[from] Spikes\n|turn|14\n|\n|t:|1783797827\n|move|p2a: Lucario|Extreme Speed|p1a: Samurott\n|-damage|p1a: Samurott|0 fnt\n|faint|p1a: Samurott\n|-damage|p2a: Lucario|41/100|[from] item: Life Orb\n|\n|upkeep\n|\n|t:|1783797831\n|switch|p1a: Zamazenta|Zamazenta|100/100\n|-damage|p1a: Zamazenta|84/100|[from] Spikes\n|-ability|p1a: Zamazenta|Dauntless Shield|boost\n|-boost|p1a: Zamazenta|def|1\n|turn|15\n|inactive|Ridora2901 has 270 seconds left.\n|\n|t:|1783797846\n|move|p2a: Lucario|Extreme Speed|p1a: Zamazenta\n|-damage|p1a: Zamazenta|69/100\n|-damage|p2a: Lucario|31/100|[from] item: Life Orb\n|move|p1a: Zamazenta|Body Press|p2a: Lucario\n|-supereffective|p2a: Lucario\n|-damage|p2a: Lucario|0 fnt\n|faint|p2a: Lucario\n|\n|-heal|p1a: Zamazenta|75/100|[from] item: Leftovers\n|upkeep\n|inactive|Ridora2901 has 270 seconds left.\n|\n|t:|1783797857\n|switch|p2a: Garchomp|Garchomp, M|100/100\n|-damage|p2a: Garchomp|76/100|[from] Spikes\n|turn|16\n|\n|t:|1783797861\n|move|p1a: Zamazenta|Body Press|p2a: Garchomp\n|-damage|p2a: Garchomp|23/100\n|-damage|p1a: Zamazenta|63/100|[from] ability: Rough Skin|[of] p2a: Garchomp\n|move|p2a: Garchomp|Swords Dance|p2a: Garchomp\n|-boost|p2a: Garchomp|atk|2\n|\n|-heal|p1a: Zamazenta|69/100|[from] item: Leftovers\n|upkeep\n|turn|17\n|\n|t:|1783797871\n|move|p1a: Zamazenta|Body Press|p2a: Garchomp\n|-damage|p2a: Garchomp|0 fnt\n|-damage|p1a: Zamazenta|57/100|[from] ability: Rough Skin|[of] p2a: Garchomp\n|faint|p2a: Garchomp\n|\n|-heal|p1a: Zamazenta|63/100|[from] item: Leftovers\n|upkeep\n|c|☆Yisso|nuh uh\n|\n|t:|1783797874\n|switch|p2a: Gastrodon|Gastrodon, M|43/100\n|-damage|p2a: Gastrodon|19/100|[from] Spikes\n|turn|18\n|\n|t:|1783797878\n|move|p1a: Zamazenta|Body Press|p2a: Gastrodon\n|-damage|p2a: Gastrodon|0 fnt\n|faint|p2a: Gastrodon\n|\n|win|Yisso\n|c|☆Yisso|gg\n|c|☆Ridora2901|gg\n", "uploadtime": 1783797883, "views": 18, "formatid": "gen9ou", "rating": null, "private": 0, "password": null}