{"id": "gen9ou-2639308698", "format": "[Gen 9] OU", "players": ["ascended tusk 69", "tboc13"], "log": "|j|‽ascended tusk 69\n|j|☆tboc13\n|t:|1782450243\n|gametype|singles\n|player|p1|ascended tusk 69|biker|1639\n|player|p2|tboc13|dawn|1612\n|gen|9\n|tier|[Gen 9] OU\n|rated|\n|rule|HP Percentage Mod: HP is shown in percentages\n|rule|Endless Battle Clause: Forcing endless battles is banned\n|rule|Species Clause: Limit one of each Pokémon\n|rule|OHKO Clause: OHKO moves are banned\n|rule|Evasion Items Clause: Evasion items are banned\n|rule|Evasion Moves Clause: Evasion moves are banned\n|rule|Evasion Abilities Clause: Evasion abilities are banned\n|rule|Sleep Moves Clause: Sleep-inducing moves are banned\n|clearpoke\n|poke|p1|Ninetales-Alola, M|\n|poke|p1|Serperior, M|\n|poke|p1|Maushold|\n|poke|p1|Kingambit, M|\n|poke|p1|Latias, F|\n|poke|p1|Gliscor, F|\n|poke|p2|Blaziken, F|\n|poke|p2|Dragapult, F|\n|poke|p2|Samurott-Hisui, F|\n|poke|p2|Iron Treads|\n|poke|p2|Moltres|\n|poke|p2|Clefable, F|\n|teampreview\n|inactive|Battle timer is ON: inactive players will automatically lose when time's up. (requested by tboc13)\n|j| Clod the Clown\n|\n|t:|1782450259\n|teamsize|p1|6\n|teamsize|p2|6\n|start\n|switch|p1a: Ninetales|Ninetales-Alola, M|100/100\n|switch|p2a: Blaziken|Blaziken, F|100/100\n|-weather|Snowscape|[from] ability: Snow Warning|[of] p1a: Ninetales\n|turn|1\n|\n|t:|1782450266\n|move|p1a: Ninetales|Aurora Veil|p1a: Ninetales\n|-sidestart|p1: ascended tusk 69|move: Aurora Veil\n|move|p2a: Blaziken|Flare Blitz|p1a: Ninetales\n|-supereffective|p1a: Ninetales\n|-damage|p1a: Ninetales|28/100\n|-status|p1a: Ninetales|brn\n|-damage|p2a: Blaziken|73/100|[from] Recoil\n|\n|-weather|Snowscape|[upkeep]\n|-damage|p1a: Ninetales|22/100 brn|[from] brn\n|-ability|p2a: Blaziken|Speed Boost|boost\n|-boost|p2a: Blaziken|spe|1\n|upkeep\n|turn|2\n|\n|t:|1782450273\n|switch|p1a: Gliscor|Gliscor, F|100/100\n|move|p2a: Blaziken|Flare Blitz|p1a: Gliscor\n|-damage|p1a: Gliscor|57/100\n|-damage|p2a: Blaziken|58/100|[from] Recoil\n|\n|-weather|Snowscape|[upkeep]\n|-ability|p2a: Blaziken|Speed Boost|boost\n|-boost|p2a: Blaziken|spe|1\n|-status|p1a: Gliscor|tox|[from] item: Toxic Orb\n|upkeep\n|turn|3\n|\n|t:|1782450281\n|move|p2a: Blaziken|Flare Blitz|p1a: Gliscor\n|-damage|p1a: Gliscor|20/100 tox\n|-damage|p2a: Blaziken|45/100|[from] Recoil\n|move|p1a: Gliscor|Earthquake|p2a: Blaziken\n|-supereffective|p2a: Blaziken\n|-damage|p2a: Blaziken|0 fnt\n|faint|p2a: Blaziken\n|\n|-weather|Snowscape|[upkeep]\n|-heal|p1a: Gliscor|32/100 tox|[from] ability: Poison Heal\n|upkeep\n|\n|t:|1782450288\n|switch|p2a: Dragapult|Dragapult, F|100/100\n|turn|4\n|\n|t:|1782450293\n|switch|p1a: Ninetales|Ninetales-Alola, M|22/100 brn\n|move|p2a: Dragapult|Hex|p1a: Ninetales\n|-damage|p1a: Ninetales|0 fnt\n|faint|p1a: Ninetales\n|\n|-weather|Snowscape|[upkeep]\n|upkeep\n|\n|t:|1782450306\n|switch|p1a: Serperior|Serperior, M|100/100\n|turn|5\n|\n|t:|1782450309\n|move|p2a: Dragapult|U-turn|p1a: Serperior\n|-supereffective|p1a: Serperior\n|-damage|p1a: Serperior|63/100\n|\n|t:|1782450310\n|switch|p2a: Moltres|Moltres|100/100|[from] U-turn\n|move|p1a: Serperior|Glare|p2a: Moltres\n|-status|p2a: Moltres|par\n|\n|-weather|none\n|-heal|p1a: Serperior|69/100|[from] item: Leftovers\n|upkeep\n|turn|6\n|\n|t:|1782450319\n|move|p1a: Serperior|Leech Seed|p2a: Moltres\n|-start|p2a: Moltres|move: Leech Seed\n|move|p2a: Moltres|U-turn|p1a: Serperior\n|-supereffective|p1a: Serperior\n|-damage|p1a: Serperior|53/100\n|\n|t:|1782450325\n|switch|p2a: Samurott|Samurott-Hisui, F|100/100|[from] U-turn\n|\n|-heal|p1a: Serperior|59/100|[from] item: Leftovers\n|upkeep\n|turn|7\n|\n|t:|1782450327\n|move|p2a: Samurott|Ceaseless Edge|p1a: Serperior\n|-damage|p1a: Serperior|34/100\n|-sidestart|p1: ascended tusk 69|Spikes\n|move|p1a: Serperior|Leaf Storm|p2a: Samurott\n|-supereffective|p2a: Samurott\n|-damage|p2a: Samurott|0 fnt\n|-boost|p1a: Serperior|spa|2\n|faint|p2a: Samurott\n|\n|-heal|p1a: Serperior|39/100|[from] item: Leftovers\n|upkeep\n|\n|t:|1782450331\n|switch|p2a: Dragapult|Dragapult, F|100/100\n|turn|8\n|\n|t:|1782450338\n|move|p2a: Dragapult|Draco Meteor|p1a: Serperior\n|-damage|p1a: Serperior|0 fnt\n|-unboost|p2a: Dragapult|spa|2\n|faint|p1a: Serperior\n|\n|-sideend|p1: ascended tusk 69|move: Aurora Veil\n|upkeep\n|\n|t:|1782450342\n|switch|p1a: Maushold|Maushold|100/100\n|-damage|p1a: Maushold|88/100|[from] Spikes\n|turn|9\n|\n|t:|1782450344\n|move|p2a: Dragapult|Will-O-Wisp|p1a: Maushold\n|-status|p1a: Maushold|brn\n|move|p1a: Maushold|Tidy Up|p1a: Maushold\n|-sideend|p1: ascended tusk 69|Spikes\n|-activate|p1a: Maushold|move: Tidy Up\n|-boost|p1a: Maushold|atk|1\n|-boost|p1a: Maushold|spe|1\n|\n|-damage|p1a: Maushold|82/100 brn|[from] brn\n|upkeep\n|turn|10\n|\n|t:|1782450348\n|move|p1a: Maushold|Encore|p2a: Dragapult\n|-start|p2a: Dragapult|Encore\n|move|p2a: Dragapult|Will-O-Wisp|p1a: Maushold\n|-fail|p1a: Maushold|brn\n|\n|-damage|p1a: Maushold|76/100 brn|[from] brn\n|upkeep\n|turn|11\n|\n|t:|1782450350\n|switch|p2a: Iron Treads|Iron Treads|100/100\n|move|p1a: Maushold|Tidy Up|p1a: Maushold\n|-boost|p1a: Maushold|atk|1\n|-boost|p1a: Maushold|spe|1\n|\n|-damage|p1a: Maushold|69/100 brn|[from] brn\n|upkeep\n|turn|12\n|\n|t:|1782450353\n|move|p1a: Maushold|Population Bomb|p2a: Iron Treads\n|-resisted|p2a: Iron Treads\n|-damage|p2a: Iron Treads|96/100\n|-resisted|p2a: Iron Treads\n|-damage|p2a: Iron Treads|91/100\n|-resisted|p2a: Iron Treads\n|-damage|p2a: Iron Treads|86/100\n|-resisted|p2a: Iron Treads\n|-damage|p2a: Iron Treads|82/100\n|-resisted|p2a: Iron Treads\n|-damage|p2a: Iron Treads|77/100\n|-resisted|p2a: Iron Treads\n|-damage|p2a: Iron Treads|72/100\n|-resisted|p2a: Iron Treads\n|-damage|p2a: Iron Treads|67/100\n|-resisted|p2a: Iron Treads\n|-damage|p2a: Iron Treads|63/100\n|-resisted|p2a: Iron Treads\n|-damage|p2a: Iron Treads|58/100\n|-resisted|p2a: Iron Treads\n|-damage|p2a: Iron Treads|53/100\n|-hitcount|p2a: Iron Treads|10\n|move|p2a: Iron Treads|Knock Off|p1a: Maushold\n|-damage|p1a: Maushold|24/100 brn\n|-enditem|p1a: Maushold|Wide Lens|[from] move: Knock Off|[of] p2a: Iron Treads\n|\n|-damage|p1a: Maushold|18/100 brn|[from] brn\n|upkeep\n|turn|13\n|\n|t:|1782450358\n|move|p1a: Maushold|Population Bomb|p2a: Iron Treads\n|-resisted|p2a: Iron Treads\n|-damage|p2a: Iron Treads|48/100\n|-resisted|p2a: Iron Treads\n|-crit|p2a: Iron Treads\n|-damage|p2a: Iron Treads|41/100\n|-resisted|p2a: Iron Treads\n|-damage|p2a: Iron Treads|36/100\n|-resisted|p2a: Iron Treads\n|-damage|p2a: Iron Treads|31/100\n|-resisted|p2a: Iron Treads\n|-damage|p2a: Iron Treads|26/100\n|-resisted|p2a: Iron Treads\n|-damage|p2a: Iron Treads|21/100\n|-hitcount|p2a: Iron Treads|6\n|move|p2a: Iron Treads|Rapid Spin|p1a: Maushold\n|-damage|p1a: Maushold|0 fnt\n|-boost|p2a: Iron Treads|spe|1\n|faint|p1a: Maushold\n|\n|upkeep\n|\n|t:|1782450362\n|switch|p1a: Kingambit|Kingambit, M|100/100\n|-activate|p1a: Kingambit|ability: Supreme Overlord\n|-start|p1a: Kingambit|fallen3|[silent]\n|turn|14\n|\n|t:|1782450367\n|-end|p2a: Iron Treads|Quark Drive|[silent]\n|switch|p2a: Moltres|Moltres|100/100 par\n|move|p1a: Kingambit|Sucker Punch||[still]\n|-fail|p1a: Kingambit\n|\n|upkeep\n|turn|15\n|\n|t:|1782450379\n|-end|p1a: Kingambit|fallen3|[silent]\n|switch|p1a: Gliscor|Gliscor, F|32/100 tox\n|move|p2a: Moltres|Will-O-Wisp||[still]\n|-fail|p2a: Moltres\n|\n|-heal|p1a: Gliscor|45/100 tox|[from] ability: Poison Heal\n|upkeep\n|turn|16\n|\n|t:|1782450387\n|move|p1a: Gliscor|Agility|p1a: Gliscor\n|-boost|p1a: Gliscor|spe|2\n|move|p2a: Moltres|U-turn|p1a: Gliscor\n|-resisted|p1a: Gliscor\n|-damage|p1a: Gliscor|38/100 tox\n|\n|t:|1782450393\n|switch|p2a: Dragapult|Dragapult, F|100/100|[from] U-turn\n|\n|-heal|p1a: Gliscor|50/100 tox|[from] ability: Poison Heal\n|upkeep\n|turn|17\n|\n|t:|1782450399\n|-terastallize|p2a: Dragapult|Ghost\n|move|p1a: Gliscor|Knock Off|p2a: Dragapult\n|-supereffective|p2a: Dragapult\n|-damage|p2a: Dragapult|33/100\n|-enditem|p2a: Dragapult|Heavy-Duty Boots|[from] move: Knock Off|[of] p1a: Gliscor\n|move|p2a: Dragapult|Hex|p1a: Gliscor\n|-damage|p1a: Gliscor|0 fnt\n|faint|p1a: Gliscor\n|\n|upkeep\n|\n|t:|1782450410\n|switch|p1a: Latias|Latias, F|100/100\n|turn|18\n|\n|t:|1782450418\n|move|p2a: Dragapult|Will-O-Wisp|p1a: Latias|[miss]\n|-miss|p2a: Dragapult|p1a: Latias\n|move|p1a: Latias|Agility|p1a: Latias\n|-boost|p1a: Latias|spe|2\n|\n|upkeep\n|turn|19\n|\n|t:|1782450423\n|move|p1a: Latias|Calm Mind|p1a: Latias\n|-boost|p1a: Latias|spa|1\n|-boost|p1a: Latias|spd|1\n|move|p2a: Dragapult|Will-O-Wisp|p1a: Latias|[miss]\n|-miss|p2a: Dragapult|p1a: Latias\n|\n|upkeep\n|turn|20\n|\n|t:|1782450430\n|move|p1a: Latias|Calm Mind|p1a: Latias\n|-boost|p1a: Latias|spa|1\n|-boost|p1a: Latias|spd|1\n|move|p2a: Dragapult|Will-O-Wisp|p1a: Latias\n|-status|p1a: Latias|brn\n|\n|-damage|p1a: Latias|94/100 brn|[from] brn\n|upkeep\n|turn|21\n|\n|t:|1782450434\n|move|p1a: Latias|Stored Power|p2a: Dragapult\n|-damage|p2a: Dragapult|0 fnt\n|faint|p2a: Dragapult\n|\n|-heal|p1a: Latias|100/100 brn|[from] item: Leftovers\n|-damage|p1a: Latias|94/100 brn|[from] brn\n|upkeep\n|\n|t:|1782450438\n|switch|p2a: Clefable|Clefable, F|100/100\n|turn|22\n|\n|t:|1782450440\n|move|p1a: Latias|Stored Power|p2a: Clefable\n|-damage|p2a: Clefable|27/100\n|move|p2a: Clefable|Moonblast|p1a: Latias\n|-supereffective|p1a: Latias\n|-damage|p1a: Latias|71/100 brn\n|\n|-heal|p1a: Latias|77/100 brn|[from] item: Leftovers\n|-heal|p2a: Clefable|33/100|[from] item: Leftovers\n|-damage|p1a: Latias|71/100 brn|[from] brn\n|upkeep\n|turn|23\n|\n|t:|1782450443\n|move|p1a: Latias|Stored Power|p2a: Clefable\n|-damage|p2a: Clefable|0 fnt\n|faint|p2a: Clefable\n|\n|-heal|p1a: Latias|77/100 brn|[from] item: Leftovers\n|-damage|p1a: Latias|71/100 brn|[from] brn\n|upkeep\n|-message|tboc13 forfeited.\n|\n|win|ascended tusk 69\n|raw|ascended tusk 69's rating: 1639 &rarr; <strong>1657</strong><br />(+18 for winning)\n|raw|tboc13's rating: 1612 &rarr; <strong>1594</strong><br />(-18 for losing)\n|l|☆tboc13\n|player|p2|\n|l|‽ascended tusk 69\n|player|p1|\n|l| Clod the Clown\n", "uploadtime": 1782450585, "views": 3, "formatid": "gen9ou", "rating": 1594, "private": 0, "password": null}