{"id": "gen9ou-2640013234", "format": "[Gen 9] OU", "players": ["xiang413", "Contrarybelief"], "log": "|badge|p2|silver|gen9ou|30-9\n|html|<div class=\"broadcast-red\"><strong>This battle is required to be public due to one or more player having a season medal.</strong><br />During the public phase, you can discuss the state of the ladder <a href=\"/seasondiscussion\">in a special chatroom.</a></div>\n|uhtml|medal-msg|<div class=\"broadcast-blue\">Curious what those medals under the avatar are? PS now has Ladder Seasons! For more information, check out the <a href=\"https://www.smogon.com/forums/threads/3740067/\">thread on Smogon.</a></div>\n|raw|<div class=\"broadcast-blue\"><strong>This battle is required to be public due to a player having a name starting with 'medal'.</div>\n|j|☆xiang413\n|j|☆Contrarybelief\n|t:|1782563809\n|gametype|singles\n|player|p1|xiang413|169|1704\n|player|p2|Contrarybelief|101|1896\n|gen|9\n|tier|[Gen 9] OU\n|rated|\n|rule|HP Percentage Mod: HP is shown in percentages\n|rule|Endless Battle Clause: Forcing endless battles is banned\n|rule|Species Clause: Limit one of each Pokémon\n|rule|OHKO Clause: OHKO moves are banned\n|rule|Evasion Items Clause: Evasion items are banned\n|rule|Evasion Moves Clause: Evasion moves are banned\n|rule|Evasion Abilities Clause: Evasion abilities are banned\n|rule|Sleep Moves Clause: Sleep-inducing moves are banned\n|clearpoke\n|poke|p1|Toxapex, F|\n|poke|p1|Gliscor, M|\n|poke|p1|Mandibuzz, F|\n|poke|p1|Blissey, F|\n|poke|p1|Dondozo, M|\n|poke|p1|Talonflame, M|\n|poke|p2|Araquanid, F|\n|poke|p2|Great Tusk|\n|poke|p2|Gholdengo|\n|poke|p2|Iron Valiant|\n|poke|p2|Raging Bolt|\n|poke|p2|Kingambit, M|\n|teampreview\n|j| Wanawa8724\n|\n|t:|1782563845\n|teamsize|p1|6\n|teamsize|p2|6\n|start\n|switch|p1a: Toxapex|Toxapex, F|100/100\n|switch|p2a: Great Tusk|Great Tusk|100/100\n|turn|1\n|\n|t:|1782563855\n|-end|p2a: Great Tusk|Protosynthesis|[silent]\n|switch|p2a: Raging Bolt|Raging Bolt|100/100\n|-enditem|p2a: Raging Bolt|Booster Energy\n|-activate|p2a: Raging Bolt|ability: Protosynthesis|[fromitem]\n|-start|p2a: Raging Bolt|protosynthesisspa\n|switch|p1a: Talonflame|Talonflame, M|100/100\n|\n|upkeep\n|turn|2\n|\n|t:|1782563863\n|switch|p1a: Blissey|Blissey, F|100/100\n|move|p2a: Raging Bolt|Calm Mind|p2a: Raging Bolt\n|-boost|p2a: Raging Bolt|spa|1\n|-boost|p2a: Raging Bolt|spd|1\n|\n|upkeep\n|turn|3\n|\n|t:|1782563865\n|move|p2a: Raging Bolt|Calm Mind|p2a: Raging Bolt\n|-boost|p2a: Raging Bolt|spa|1\n|-boost|p2a: Raging Bolt|spd|1\n|move|p1a: Blissey|Calm Mind|p1a: Blissey\n|-boost|p1a: Blissey|spa|1\n|-boost|p1a: Blissey|spd|1\n|\n|upkeep\n|turn|4\n|\n|t:|1782563868\n|move|p2a: Raging Bolt|Calm Mind|p2a: Raging Bolt\n|-boost|p2a: Raging Bolt|spa|1\n|-boost|p2a: Raging Bolt|spd|1\n|move|p1a: Blissey|Seismic Toss|p2a: Raging Bolt\n|-damage|p2a: Raging Bolt|75/100\n|\n|upkeep\n|turn|5\n|\n|t:|1782563872\n|move|p2a: Raging Bolt|Calm Mind|p2a: Raging Bolt\n|-boost|p2a: Raging Bolt|spa|1\n|-boost|p2a: Raging Bolt|spd|1\n|move|p1a: Blissey|Seismic Toss|p2a: Raging Bolt\n|-damage|p2a: Raging Bolt|49/100\n|\n|upkeep\n|turn|6\n|\n|t:|1782563875\n|-terastallize|p2a: Raging Bolt|Ghost\n|move|p2a: Raging Bolt|Thunderbolt|p1a: Blissey\n|-damage|p1a: Blissey|62/100\n|move|p1a: Blissey|Seismic Toss|p2a: Raging Bolt\n|-immune|p2a: Raging Bolt\n|\n|-heal|p1a: Blissey|69/100|[from] item: Leftovers\n|upkeep\n|turn|7\n|\n|t:|1782563877\n|move|p2a: Raging Bolt|Thunderbolt|p1a: Blissey\n|-damage|p1a: Blissey|31/100\n|move|p1a: Blissey|Soft-Boiled|p1a: Blissey\n|-heal|p1a: Blissey|81/100\n|\n|-heal|p1a: Blissey|88/100|[from] item: Leftovers\n|upkeep\n|turn|8\n|\n|t:|1782563881\n|move|p2a: Raging Bolt|Thunderbolt|p1a: Blissey\n|-damage|p1a: Blissey|46/100\n|move|p1a: Blissey|Calm Mind|p1a: Blissey\n|-boost|p1a: Blissey|spa|1\n|-boost|p1a: Blissey|spd|1\n|\n|-heal|p1a: Blissey|52/100|[from] item: Leftovers\n|upkeep\n|turn|9\n|\n|t:|1782563883\n|move|p2a: Raging Bolt|Thunderbolt|p1a: Blissey\n|-damage|p1a: Blissey|23/100\n|move|p1a: Blissey|Soft-Boiled|p1a: Blissey\n|-heal|p1a: Blissey|73/100\n|\n|-heal|p1a: Blissey|79/100|[from] item: Leftovers\n|upkeep\n|turn|10\n|\n|t:|1782563885\n|move|p2a: Raging Bolt|Thunderbolt|p1a: Blissey\n|-damage|p1a: Blissey|51/100\n|move|p1a: Blissey|Stealth Rock|p2a: Raging Bolt\n|-sidestart|p2: Contrarybelief|move: Stealth Rock\n|\n|-heal|p1a: Blissey|57/100|[from] item: Leftovers\n|upkeep\n|turn|11\n|\n|t:|1782563889\n|move|p2a: Raging Bolt|Thunderbolt|p1a: Blissey\n|-damage|p1a: Blissey|30/100\n|-status|p1a: Blissey|par\n|move|p1a: Blissey|Calm Mind|p1a: Blissey\n|-boost|p1a: Blissey|spa|1\n|-boost|p1a: Blissey|spd|1\n|\n|-heal|p1a: Blissey|36/100 par|[from] item: Leftovers\n|upkeep\n|turn|12\n|\n|t:|1782563892\n|move|p2a: Raging Bolt|Calm Mind|p2a: Raging Bolt\n|-boost|p2a: Raging Bolt|spa|1\n|-boost|p2a: Raging Bolt|spd|1\n|move|p1a: Blissey|Soft-Boiled|p1a: Blissey\n|-heal|p1a: Blissey|86/100 par\n|\n|-heal|p1a: Blissey|92/100 par|[from] item: Leftovers\n|upkeep\n|turn|13\n|\n|t:|1782563895\n|move|p2a: Raging Bolt|Dragon Pulse|p1a: Blissey\n|-damage|p1a: Blissey|65/100 par\n|move|p1a: Blissey|Calm Mind|p1a: Blissey\n|-boost|p1a: Blissey|spa|1\n|-boost|p1a: Blissey|spd|1\n|\n|-heal|p1a: Blissey|71/100 par|[from] item: Leftovers\n|upkeep\n|turn|14\n|\n|t:|1782563898\n|move|p2a: Raging Bolt|Thunderbolt|p1a: Blissey\n|-damage|p1a: Blissey|48/100 par\n|move|p1a: Blissey|Calm Mind|p1a: Blissey\n|-boost|p1a: Blissey|spa|1\n|-boost|p1a: Blissey|spd|1\n|\n|-heal|p1a: Blissey|54/100 par|[from] item: Leftovers\n|upkeep\n|turn|15\n|\n|t:|1782563901\n|move|p2a: Raging Bolt|Calm Mind|p2a: Raging Bolt\n|-boost|p2a: Raging Bolt|spa|1\n|-boost|p2a: Raging Bolt|spd|1\n|cant|p1a: Blissey|par\n|\n|-heal|p1a: Blissey|60/100 par|[from] item: Leftovers\n|upkeep\n|turn|16\n|\n|t:|1782563904\n|move|p2a: Raging Bolt|Thunderbolt|p1a: Blissey\n|-damage|p1a: Blissey|39/100 par\n|cant|p1a: Blissey|par\n|\n|-heal|p1a: Blissey|45/100 par|[from] item: Leftovers\n|upkeep\n|turn|17\n|\n|t:|1782563907\n|move|p2a: Raging Bolt|Thunderbolt|p1a: Blissey\n|-damage|p1a: Blissey|21/100 par\n|move|p1a: Blissey|Soft-Boiled|p1a: Blissey\n|-heal|p1a: Blissey|71/100 par\n|\n|-heal|p1a: Blissey|78/100 par|[from] item: Leftovers\n|upkeep\n|turn|18\n|\n|t:|1782563911\n|move|p2a: Raging Bolt|Dragon Pulse|p1a: Blissey\n|-damage|p1a: Blissey|55/100 par\n|move|p1a: Blissey|Calm Mind|p1a: Blissey\n|-boost|p1a: Blissey|spa|1\n|-boost|p1a: Blissey|spd|1\n|\n|-heal|p1a: Blissey|61/100 par|[from] item: Leftovers\n|upkeep\n|turn|19\n|\n|t:|1782563915\n|move|p2a: Raging Bolt|Thunderbolt|p1a: Blissey\n|-damage|p1a: Blissey|41/100 par\n|move|p1a: Blissey|Stealth Rock||[still]\n|-fail|p1a: Blissey\n|\n|-heal|p1a: Blissey|47/100 par|[from] item: Leftovers\n|upkeep\n|turn|20\n|\n|t:|1782563918\n|move|p2a: Raging Bolt|Thunderbolt|p1a: Blissey\n|-damage|p1a: Blissey|28/100 par\n|move|p1a: Blissey|Soft-Boiled|p1a: Blissey\n|-heal|p1a: Blissey|78/100 par\n|\n|-heal|p1a: Blissey|84/100 par|[from] item: Leftovers\n|upkeep\n|turn|21\n|\n|t:|1782563920\n|move|p2a: Raging Bolt|Thunderbolt|p1a: Blissey\n|-damage|p1a: Blissey|65/100 par\n|move|p1a: Blissey|Seismic Toss|p2a: Raging Bolt\n|-immune|p2a: Raging Bolt\n|\n|-heal|p1a: Blissey|71/100 par|[from] item: Leftovers\n|upkeep\n|turn|22\n|\n|t:|1782563923\n|move|p2a: Raging Bolt|Thunderbolt|p1a: Blissey\n|-damage|p1a: Blissey|52/100 par\n|cant|p1a: Blissey|par\n|\n|-heal|p1a: Blissey|59/100 par|[from] item: Leftovers\n|upkeep\n|turn|23\n|\n|t:|1782563925\n|move|p2a: Raging Bolt|Thunderbolt|p1a: Blissey\n|-damage|p1a: Blissey|37/100 par\n|move|p1a: Blissey|Seismic Toss|p2a: Raging Bolt\n|-immune|p2a: Raging Bolt\n|\n|-heal|p1a: Blissey|43/100 par|[from] item: Leftovers\n|upkeep\n|turn|24\n|\n|t:|1782563928\n|move|p2a: Raging Bolt|Thunderbolt|p1a: Blissey\n|-damage|p1a: Blissey|22/100 par\n|move|p1a: Blissey|Seismic Toss|p2a: Raging Bolt\n|-immune|p2a: Raging Bolt\n|\n|-heal|p1a: Blissey|28/100 par|[from] item: Leftovers\n|upkeep\n|turn|25\n|\n|t:|1782563931\n|move|p2a: Raging Bolt|Dragon Pulse|p1a: Blissey\n|-damage|p1a: Blissey|10/100 par\n|move|p1a: Blissey|Soft-Boiled|p1a: Blissey\n|-heal|p1a: Blissey|60/100 par\n|\n|-heal|p1a: Blissey|66/100 par|[from] item: Leftovers\n|upkeep\n|turn|26\n|\n|t:|1782563936\n|move|p2a: Raging Bolt|Thunderbolt|p1a: Blissey\n|-damage|p1a: Blissey|47/100 par\n|move|p1a: Blissey|Seismic Toss|p2a: Raging Bolt\n|-immune|p2a: Raging Bolt\n|\n|-heal|p1a: Blissey|53/100 par|[from] item: Leftovers\n|upkeep\n|turn|27\n|\n|t:|1782563938\n|move|p2a: Raging Bolt|Dragon Pulse|p1a: Blissey\n|-damage|p1a: Blissey|33/100 par\n|move|p1a: Blissey|Seismic Toss|p2a: Raging Bolt\n|-immune|p2a: Raging Bolt\n|\n|-heal|p1a: Blissey|40/100 par|[from] item: Leftovers\n|upkeep\n|turn|28\n|\n|t:|1782563942\n|move|p2a: Raging Bolt|Thunderbolt|p1a: Blissey\n|-damage|p1a: Blissey|20/100 par\n|cant|p1a: Blissey|par\n|\n|-heal|p1a: Blissey|26/100 par|[from] item: Leftovers\n|upkeep\n|turn|29\n|\n|t:|1782563944\n|move|p2a: Raging Bolt|Dragon Pulse|p1a: Blissey\n|-damage|p1a: Blissey|7/100 par\n|move|p1a: Blissey|Soft-Boiled|p1a: Blissey\n|-heal|p1a: Blissey|57/100 par\n|\n|-heal|p1a: Blissey|63/100 par|[from] item: Leftovers\n|upkeep\n|turn|30\n|\n|t:|1782563947\n|move|p2a: Raging Bolt|Thunderbolt|p1a: Blissey\n|-damage|p1a: Blissey|43/100 par\n|move|p1a: Blissey|Seismic Toss|p2a: Raging Bolt\n|-immune|p2a: Raging Bolt\n|\n|-heal|p1a: Blissey|49/100 par|[from] item: Leftovers\n|upkeep\n|turn|31\n|\n|t:|1782563951\n|move|p2a: Raging Bolt|Dragon Pulse|p1a: Blissey\n|-damage|p1a: Blissey|29/100 par\n|move|p1a: Blissey|Seismic Toss|p2a: Raging Bolt\n|-immune|p2a: Raging Bolt\n|\n|-heal|p1a: Blissey|35/100 par|[from] item: Leftovers\n|upkeep\n|turn|32\n|\n|t:|1782563953\n|move|p2a: Raging Bolt|Dragon Pulse|p1a: Blissey\n|-damage|p1a: Blissey|15/100 par\n|cant|p1a: Blissey|par\n|\n|-heal|p1a: Blissey|21/100 par|[from] item: Leftovers\n|upkeep\n|turn|33\n|\n|t:|1782563956\n|move|p2a: Raging Bolt|Thunderbolt|p1a: Blissey\n|-damage|p1a: Blissey|2/100 par\n|move|p1a: Blissey|Soft-Boiled|p1a: Blissey\n|-heal|p1a: Blissey|52/100 par\n|\n|-heal|p1a: Blissey|58/100 par|[from] item: Leftovers\n|upkeep\n|turn|34\n|\n|t:|1782563959\n|move|p2a: Raging Bolt|Dragon Pulse|p1a: Blissey\n|-damage|p1a: Blissey|39/100 par\n|move|p1a: Blissey|Seismic Toss|p2a: Raging Bolt\n|-immune|p2a: Raging Bolt\n|\n|-heal|p1a: Blissey|45/100 par|[from] item: Leftovers\n|upkeep\n|turn|35\n|\n|t:|1782563963\n|move|p2a: Raging Bolt|Dragon Pulse|p1a: Blissey\n|-damage|p1a: Blissey|27/100 par\n|move|p1a: Blissey|Seismic Toss|p2a: Raging Bolt\n|-immune|p2a: Raging Bolt\n|\n|-heal|p1a: Blissey|33/100 par|[from] item: Leftovers\n|upkeep\n|turn|36\n|\n|t:|1782563966\n|move|p2a: Raging Bolt|Thunderbolt|p1a: Blissey\n|-damage|p1a: Blissey|12/100 par\n|move|p1a: Blissey|Seismic Toss|p2a: Raging Bolt\n|-immune|p2a: Raging Bolt\n|\n|-heal|p1a: Blissey|18/100 par|[from] item: Leftovers\n|upkeep\n|turn|37\n|\n|t:|1782563971\n|move|p2a: Raging Bolt|Dragon Pulse|p1a: Blissey\n|-damage|p1a: Blissey|0 fnt\n|faint|p1a: Blissey\n|\n|upkeep\n|\n|t:|1782563974\n|switch|p1a: Gliscor|Gliscor, M|100/100\n|turn|38\n|\n|t:|1782563976\n|move|p1a: Gliscor|Protect|p1a: Gliscor\n|-singleturn|p1a: Gliscor|Protect\n|move|p2a: Raging Bolt|Dragon Pulse|p1a: Gliscor\n|-activate|p1a: Gliscor|move: Protect\n|\n|-status|p1a: Gliscor|tox|[from] item: Toxic Orb\n|upkeep\n|turn|39\n|j| GoodraSweetheart76\n|j| Garden of Dreams\n|\n|t:|1782563999\n|switch|p1a: Dondozo|Dondozo, M|100/100\n|move|p2a: Raging Bolt|Dragon Pulse|p1a: Dondozo\n|-damage|p1a: Dondozo|38/100\n|\n|-heal|p1a: Dondozo|45/100|[from] item: Leftovers\n|upkeep\n|turn|40\n|\n|t:|1782564008\n|move|p2a: Raging Bolt|Dragon Pulse|p1a: Dondozo\n|-damage|p1a: Dondozo|0 fnt\n|faint|p1a: Dondozo\n|\n|upkeep\n|\n|t:|1782564010\n|switch|p1a: Gliscor|Gliscor, M|100/100 tox\n|turn|41\n|\n|t:|1782564014\n|move|p1a: Gliscor|Earthquake|p2a: Raging Bolt\n|-crit|p2a: Raging Bolt\n|-damage|p2a: Raging Bolt|12/100\n|move|p2a: Raging Bolt|Thunderbolt|p1a: Gliscor\n|-immune|p1a: Gliscor\n|\n|upkeep\n|turn|42\n|\n|t:|1782564016\n|move|p1a: Gliscor|Earthquake|p2a: Raging Bolt\n|-damage|p2a: Raging Bolt|0 fnt\n|faint|p2a: Raging Bolt\n|-end|p2a: Raging Bolt|Protosynthesis|[silent]\n|\n|upkeep\n|\n|t:|1782564025\n|switch|p2a: Araquanid|Araquanid, F|100/100\n|-damage|p2a: Araquanid|76/100|[from] Stealth Rock\n|turn|43\n|l| Garden of Dreams\n|\n|t:|1782564032\n|switch|p1a: Toxapex|Toxapex, F|100/100\n|move|p2a: Araquanid|Surf|p1a: Toxapex\n|-resisted|p1a: Toxapex\n|-damage|p1a: Toxapex|80/100\n|\n|-heal|p1a: Toxapex|87/100|[from] item: Black Sludge\n|upkeep\n|turn|44\n|\n|t:|1782564037\n|switch|p2a: Kingambit|Kingambit, M|100/100\n|-damage|p2a: Kingambit|94/100|[from] Stealth Rock\n|move|p1a: Toxapex|Toxic Spikes|p2a: Kingambit\n|-sidestart|p2: Contrarybelief|move: Toxic Spikes\n|\n|-heal|p1a: Toxapex|93/100|[from] item: Black Sludge\n|upkeep\n|turn|45\n|\n|t:|1782564059\n|switch|p2a: Araquanid|Araquanid, F|76/100\n|-damage|p2a: Araquanid|51/100|[from] Stealth Rock\n|-status|p2a: Araquanid|psn\n|switch|p1a: Talonflame|Talonflame, M|100/100\n|\n|-damage|p2a: Araquanid|39/100 psn|[from] psn\n|upkeep\n|turn|46\n|\n|t:|1782564065\n|switch|p1a: Toxapex|Toxapex, F|100/100\n|move|p2a: Araquanid|Endeavor|p1a: Toxapex\n|-damage|p1a: Toxapex|43/100\n|\n|-heal|p1a: Toxapex|49/100|[from] item: Black Sludge\n|-damage|p2a: Araquanid|26/100 psn|[from] psn\n|upkeep\n|turn|47\n|\n|t:|1782564077\n|move|p2a: Araquanid|Surf|p1a: Toxapex\n|-resisted|p1a: Toxapex\n|-damage|p1a: Toxapex|31/100\n|move|p1a: Toxapex|Recover|p1a: Toxapex\n|-heal|p1a: Toxapex|81/100\n|\n|-heal|p1a: Toxapex|87/100|[from] item: Black Sludge\n|-damage|p2a: Araquanid|14/100 psn|[from] psn\n|upkeep\n|turn|48\n|\n|t:|1782564084\n|move|p2a: Araquanid|Surf|p1a: Toxapex\n|-resisted|p1a: Toxapex\n|-damage|p1a: Toxapex|67/100\n|move|p1a: Toxapex|Recover|p1a: Toxapex\n|-heal|p1a: Toxapex|100/100\n|\n|-damage|p2a: Araquanid|1/100 psn|[from] psn\n|upkeep\n|turn|49\n|\n|t:|1782564087\n|move|p2a: Araquanid|Endeavor|p1a: Toxapex\n|-damage|p1a: Toxapex|1/100\n|move|p1a: Toxapex|Recover|p1a: Toxapex\n|-heal|p1a: Toxapex|51/100\n|\n|-heal|p1a: Toxapex|58/100|[from] item: Black Sludge\n|-damage|p2a: Araquanid|0 fnt|[from] psn\n|faint|p2a: Araquanid\n|upkeep\n|\n|t:|1782564091\n|switch|p2a: Great Tusk|Great Tusk|100/100\n|-damage|p2a: Great Tusk|97/100|[from] Stealth Rock\n|-status|p2a: Great Tusk|psn\n|turn|50\n|\n|t:|1782564101\n|switch|p1a: Mandibuzz|Mandibuzz, F|100/100\n|move|p2a: Great Tusk|Rapid Spin|p1a: Mandibuzz\n|-damage|p1a: Mandibuzz|86/100\n|-boost|p2a: Great Tusk|spe|1\n|-sideend|p2: Contrarybelief|Toxic Spikes|[from] move: Rapid Spin|[of] p2a: Great Tusk\n|-sideend|p2: Contrarybelief|Stealth Rock|[from] move: Rapid Spin|[of] p2a: Great Tusk\n|\n|-damage|p2a: Great Tusk|85/100 psn|[from] psn\n|upkeep\n|turn|51\n|\n|t:|1782564108\n|move|p2a: Great Tusk|Ice Spinner|p1a: Mandibuzz\n|-supereffective|p1a: Mandibuzz\n|-damage|p1a: Mandibuzz|41/100\n|move|p1a: Mandibuzz|Defog|p2a: Great Tusk\n|-unboost|p2a: Great Tusk|evasion|1\n|\n|-damage|p2a: Great Tusk|73/100 psn|[from] psn\n|upkeep\n|turn|52\n|\n|t:|1782564123\n|switch|p1a: Talonflame|Talonflame, M|100/100\n|move|p2a: Great Tusk|Ice Spinner|p1a: Talonflame\n|-damage|p1a: Talonflame|74/100\n|\n|-damage|p2a: Great Tusk|60/100 psn|[from] psn\n|upkeep\n|turn|53\n|\n|t:|1782564128\n|move|p2a: Great Tusk|Ice Spinner|p1a: Talonflame\n|-damage|p1a: Talonflame|45/100\n|move|p1a: Talonflame|Roost|p1a: Talonflame\n|-heal|p1a: Talonflame|95/100\n|-singleturn|p1a: Talonflame|move: Roost\n|\n|-damage|p2a: Great Tusk|48/100 psn|[from] psn\n|upkeep\n|turn|54\n|\n|t:|1782564133\n|move|p2a: Great Tusk|Ice Spinner|p1a: Talonflame\n|-damage|p1a: Talonflame|70/100\n|move|p1a: Talonflame|Will-O-Wisp||[still]\n|-fail|p1a: Talonflame\n|\n|-damage|p2a: Great Tusk|35/100 psn|[from] psn\n|upkeep\n|turn|55\n|\n|t:|1782564141\n|move|p2a: Great Tusk|Ice Spinner|p1a: Talonflame\n|-damage|p1a: Talonflame|42/100\n|move|p1a: Talonflame|Roost|p1a: Talonflame\n|-heal|p1a: Talonflame|92/100\n|-singleturn|p1a: Talonflame|move: Roost\n|\n|-damage|p2a: Great Tusk|23/100 psn|[from] psn\n|upkeep\n|turn|56\n|\n|t:|1782564144\n|move|p2a: Great Tusk|Ice Spinner|p1a: Talonflame\n|-damage|p1a: Talonflame|65/100\n|move|p1a: Talonflame|Will-O-Wisp||[still]\n|-fail|p1a: Talonflame\n|\n|-damage|p2a: Great Tusk|10/100 psn|[from] psn\n|upkeep\n|turn|57\n|\n|t:|1782564148\n|move|p2a: Great Tusk|Ice Spinner|p1a: Talonflame\n|-damage|p1a: Talonflame|40/100\n|move|p1a: Talonflame|Roost|p1a: Talonflame\n|-heal|p1a: Talonflame|90/100\n|-singleturn|p1a: Talonflame|move: Roost\n|\n|-damage|p2a: Great Tusk|0 fnt|[from] psn\n|faint|p2a: Great Tusk\n|-end|p2a: Great Tusk|Protosynthesis|[silent]\n|upkeep\n|\n|t:|1782564152\n|switch|p2a: Iron Valiant|Iron Valiant|100/100\n|turn|58\n|\n|t:|1782564156\n|switch|p1a: Toxapex|Toxapex, F|91/100\n|move|p2a: Iron Valiant|Psyshock|p1a: Toxapex\n|-supereffective|p1a: Toxapex\n|-damage|p1a: Toxapex|27/100\n|\n|-heal|p1a: Toxapex|33/100|[from] item: Black Sludge\n|upkeep\n|turn|59\n|\n|t:|1782564188\n|-end|p2a: Iron Valiant|Quark Drive|[silent]\n|switch|p2a: Kingambit|Kingambit, M|94/100\n|switch|p1a: Mandibuzz|Mandibuzz, F|41/100\n|\n|upkeep\n|turn|60\n|inactive|Battle timer is ON: inactive players will automatically lose when time's up. (requested by Contrarybelief)\n|\n|t:|1782564194\n|switch|p1a: Talonflame|Talonflame, M|90/100\n|move|p2a: Kingambit|Swords Dance|p2a: Kingambit\n|-boost|p2a: Kingambit|atk|2\n|\n|upkeep\n|turn|61\n|\n|t:|1782564196\n|move|p1a: Talonflame|Will-O-Wisp|p2a: Kingambit\n|-status|p2a: Kingambit|brn\n|move|p2a: Kingambit|Kowtow Cleave|p1a: Talonflame\n|-damage|p1a: Talonflame|44/100\n|\n|-damage|p2a: Kingambit|88/100 brn|[from] brn\n|upkeep\n|turn|62\n|\n|t:|1782564200\n|move|p1a: Talonflame|Roost|p1a: Talonflame\n|-heal|p1a: Talonflame|94/100\n|-singleturn|p1a: Talonflame|move: Roost\n|move|p2a: Kingambit|Kowtow Cleave|p1a: Talonflame\n|-damage|p1a: Talonflame|54/100\n|\n|-damage|p2a: Kingambit|82/100 brn|[from] brn\n|upkeep\n|turn|63\n|\n|t:|1782564203\n|move|p1a: Talonflame|Roost|p1a: Talonflame\n|-heal|p1a: Talonflame|100/100\n|-singleturn|p1a: Talonflame|move: Roost\n|move|p2a: Kingambit|Kowtow Cleave|p1a: Talonflame\n|-damage|p1a: Talonflame|58/100\n|\n|-damage|p2a: Kingambit|76/100 brn|[from] brn\n|upkeep\n|turn|64\n|\n|t:|1782564206\n|move|p1a: Talonflame|Overheat|p2a: Kingambit\n|-supereffective|p2a: Kingambit\n|-damage|p2a: Kingambit|7/100 brn\n|-unboost|p1a: Talonflame|spa|2\n|move|p2a: Kingambit|Kowtow Cleave|p1a: Talonflame\n|-damage|p1a: Talonflame|15/100\n|\n|-damage|p2a: Kingambit|0 fnt|[from] brn\n|faint|p2a: Kingambit\n|upkeep\n|\n|t:|1782564211\n|switch|p2a: Iron Valiant|Iron Valiant|100/100\n|turn|65\n|\n|t:|1782564218\n|switch|p1a: Mandibuzz|Mandibuzz, F|41/100\n|move|p2a: Iron Valiant|Moonblast|p1a: Mandibuzz\n|-supereffective|p1a: Mandibuzz\n|-damage|p1a: Mandibuzz|0 fnt\n|faint|p1a: Mandibuzz\n|\n|upkeep\n|\n|t:|1782564221\n|switch|p1a: Toxapex|Toxapex, F|67/100\n|turn|66\n|\n|t:|1782564232\n|-end|p2a: Iron Valiant|Quark Drive|[silent]\n|switch|p2a: Gholdengo|Gholdengo|100/100\n|-item|p2a: Gholdengo|Air Balloon\n|move|p1a: Toxapex|Surf|p2a: Gholdengo\n|-crit|p2a: Gholdengo\n|-damage|p2a: Gholdengo|72/100\n|-enditem|p2a: Gholdengo|Air Balloon\n|\n|-heal|p1a: Toxapex|73/100|[from] item: Black Sludge\n|upkeep\n|turn|67\n|\n|t:|1782564243\n|switch|p1a: Talonflame|Talonflame, M|15/100\n|move|p2a: Gholdengo|Nasty Plot|p2a: Gholdengo\n|-boost|p2a: Gholdengo|spa|2\n|\n|upkeep\n|turn|68\n|\n|t:|1782564245\n|move|p1a: Talonflame|Overheat|p2a: Gholdengo\n|-supereffective|p2a: Gholdengo\n|-damage|p2a: Gholdengo|0 fnt\n|-unboost|p1a: Talonflame|spa|2\n|faint|p2a: Gholdengo\n|\n|upkeep\n|\n|t:|1782564247\n|switch|p2a: Iron Valiant|Iron Valiant|100/100\n|turn|69\n|\n|t:|1782564251\n|move|p2a: Iron Valiant|Psyshock|p1a: Talonflame\n|-damage|p1a: Talonflame|0 fnt\n|faint|p1a: Talonflame\n|\n|upkeep\n|\n|t:|1782564255\n|switch|p1a: Toxapex|Toxapex, F|100/100\n|turn|70\n|\n|t:|1782564257\n|-terastallize|p1a: Toxapex|Ghost\n|move|p2a: Iron Valiant|Psyshock|p1a: Toxapex\n|-damage|p1a: Toxapex|71/100\n|move|p1a: Toxapex|Sludge Bomb|p2a: Iron Valiant\n|-supereffective|p2a: Iron Valiant\n|-damage|p2a: Iron Valiant|29/100\n|\n|-damage|p1a: Toxapex|59/100|[from] item: Black Sludge\n|upkeep\n|turn|71\n|-message|Contrarybelief forfeited.\n|\n|win|xiang413\n|raw|xiang413's rating: 1704 &rarr; <strong>1734</strong><br />(+30 for winning)\n|raw|Contrarybelief's rating: 1896 &rarr; <strong>1866</strong><br />(-30 for losing)\n|l|☆Contrarybelief\n|player|p2|\n|l|☆xiang413\n|player|p1|\n|l| GoodraSweetheart76\n", "uploadtime": 1782564457, "views": 12, "formatid": "gen9ou", "rating": 1734, "private": 0, "password": null}