{"id": "gen9ou-2639219320", "format": "[Gen 9] OU", "players": ["SuperMetalCharz", "me312"], "log": "|j|☆SuperMetalCharz\n|j|☆me312\n|t:|1782435957\n|gametype|singles\n|player|p1|SuperMetalCharz|2|1371\n|player|p2|me312|265|1300\n|gen|9\n|tier|[Gen 9] OU\n|rated|\n|rule|HP Percentage Mod: HP is shown in percentages\n|rule|Endless Battle Clause: Forcing endless battles is banned\n|rule|Species Clause: Limit one of each Pokémon\n|rule|OHKO Clause: OHKO moves are banned\n|rule|Evasion Items Clause: Evasion items are banned\n|rule|Evasion Moves Clause: Evasion moves are banned\n|rule|Evasion Abilities Clause: Evasion abilities are banned\n|rule|Sleep Moves Clause: Sleep-inducing moves are banned\n|clearpoke\n|poke|p1|Dragonite, M|\n|poke|p1|Garganacl, F|\n|poke|p1|Rotom-Wash|\n|poke|p1|Scizor, F|\n|poke|p1|Gardevoir, F|\n|poke|p1|Mamoswine, M|\n|poke|p2|Tornadus-Therian, M|\n|poke|p2|Alomomola, F|\n|poke|p2|Fezandipiti, M|\n|poke|p2|Great Tusk|\n|poke|p2|Samurott-Hisui, F|\n|poke|p2|Pecharunt|\n|teampreview\n|inactive|Battle timer is ON: inactive players will automatically lose when time's up. (requested by SuperMetalCharz)\n|\n|t:|1782435981\n|teamsize|p1|6\n|teamsize|p2|6\n|start\n|switch|p1a: Rotom|Rotom-Wash|100/100\n|switch|p2a: Samurott|Samurott-Hisui, F|100/100\n|turn|1\n|\n|t:|1782435994\n|move|p2a: Samurott|Ceaseless Edge|p1a: Rotom\n|-damage|p1a: Rotom|68/100\n|-sidestart|p1: SuperMetalCharz|Spikes\n|move|p1a: Rotom|Volt Switch|p2a: Samurott\n|-supereffective|p2a: Samurott\n|-damage|p2a: Samurott|23/100\n|\n|t:|1782436002\n|switch|p1a: Scizor|Scizor, F|100/100|[from] Volt Switch\n|-damage|p1a: Scizor|88/100|[from] Spikes\n|\n|-heal|p1a: Scizor|94/100|[from] item: Leftovers\n|upkeep\n|turn|2\n|\n|t:|1782436011\n|switch|p2a: Alomomola|Alomomola, F|100/100\n|move|p1a: Scizor|Bullet Punch|p2a: Alomomola\n|-resisted|p2a: Alomomola\n|-damage|p2a: Alomomola|87/100\n|\n|-heal|p1a: Scizor|100/100|[from] item: Leftovers\n|upkeep\n|turn|3\n|\n|t:|1782436019\n|move|p1a: Scizor|Knock Off|p2a: Alomomola\n|-damage|p2a: Alomomola|60/100\n|-enditem|p2a: Alomomola|Assault Vest|[from] move: Knock Off|[of] p1a: Scizor\n|move|p2a: Alomomola|Flip Turn|p1a: Scizor\n|-damage|p1a: Scizor|84/100\n|\n|t:|1782436026\n|switch|p2a: Tornadus|Tornadus-Therian, M|100/100|[from] Flip Turn\n|\n|-heal|p1a: Scizor|90/100|[from] item: Leftovers\n|upkeep\n|turn|4\n|\n|t:|1782436031\n|switch|p1a: Rotom|Rotom-Wash|68/100\n|move|p2a: Tornadus|Heat Wave|p1a: Rotom\n|-resisted|p1a: Rotom\n|-damage|p1a: Rotom|48/100\n|-damage|p2a: Tornadus|91/100|[from] item: Life Orb\n|\n|upkeep\n|turn|5\n|\n|t:|1782436038\n|move|p2a: Tornadus|U-turn|p1a: Rotom\n|-damage|p1a: Rotom|33/100\n|-damage|p2a: Tornadus|81/100|[from] item: Life Orb\n|\n|t:|1782436041\n|switch|p2a: Great Tusk|Great Tusk|100/100|[from] U-turn\n|move|p1a: Rotom|Volt Switch|p2a: Great Tusk\n|-immune|p2a: Great Tusk\n|\n|upkeep\n|turn|6\n|\n|t:|1782436053\n|-end|p2a: Great Tusk|Protosynthesis|[silent]\n|switch|p2a: Alomomola|Alomomola, F|93/100\n|move|p1a: Rotom|Hydro Pump|p2a: Alomomola\n|-resisted|p2a: Alomomola\n|-damage|p2a: Alomomola|79/100\n|\n|upkeep\n|turn|7\n|\n|t:|1782436059\n|move|p1a: Rotom|Thunder Wave|p2a: Alomomola\n|-status|p2a: Alomomola|par\n|move|p2a: Alomomola|Mirror Coat||[still]\n|-fail|p2a: Alomomola\n|\n|upkeep\n|turn|8\n|\n|t:|1782436062\n|move|p1a: Rotom|Volt Switch|p2a: Alomomola\n|-supereffective|p2a: Alomomola\n|-damage|p2a: Alomomola|41/100 par\n|\n|t:|1782436063\n|switch|p1a: Scizor|Scizor, F|90/100|[from] Volt Switch\n|-damage|p1a: Scizor|78/100|[from] Spikes\n|cant|p2a: Alomomola|par\n|\n|-heal|p1a: Scizor|84/100|[from] item: Leftovers\n|upkeep\n|turn|9\n|\n|t:|1782436067\n|move|p1a: Scizor|Knock Off|p2a: Alomomola\n|-damage|p2a: Alomomola|22/100 par\n|move|p2a: Alomomola|Flip Turn|p1a: Scizor\n|-damage|p1a: Scizor|66/100\n|\n|t:|1782436074\n|switch|p2a: Tornadus|Tornadus-Therian, M|100/100|[from] Flip Turn\n|\n|-heal|p1a: Scizor|72/100|[from] item: Leftovers\n|upkeep\n|turn|10\n|\n|t:|1782436079\n|move|p2a: Tornadus|Bleakwind Storm|p1a: Scizor\n|-damage|p1a: Scizor|4/100\n|-damage|p2a: Tornadus|91/100|[from] item: Life Orb\n|move|p1a: Scizor|Defog|p2a: Tornadus\n|-unboost|p2a: Tornadus|evasion|1\n|-sideend|p1: SuperMetalCharz|Spikes|[from] move: Defog|[of] p1a: Scizor\n|\n|-heal|p1a: Scizor|10/100|[from] item: Leftovers\n|upkeep\n|turn|11\n|\n|t:|1782436086\n|move|p1a: Scizor|Bullet Punch|p2a: Tornadus\n|-damage|p2a: Tornadus|47/100\n|move|p2a: Tornadus|U-turn|p1a: Scizor\n|-resisted|p1a: Scizor\n|-damage|p1a: Scizor|1/100\n|-damage|p2a: Tornadus|37/100|[from] item: Life Orb\n|\n|t:|1782436090\n|switch|p2a: Pecharunt|Pecharunt|100/100|[from] U-turn\n|\n|-heal|p1a: Scizor|7/100|[from] item: Leftovers\n|upkeep\n|turn|12\n|\n|t:|1782436094\n|move|p1a: Scizor|Bullet Punch|p2a: Pecharunt\n|-damage|p2a: Pecharunt|84/100\n|move|p2a: Pecharunt|Shadow Ball|p1a: Scizor\n|-damage|p1a: Scizor|0 fnt\n|faint|p1a: Scizor\n|\n|upkeep\n|\n|t:|1782436108\n|switch|p1a: Mamoswine|Mamoswine, M|100/100\n|turn|13\n|\n|t:|1782436117\n|move|p1a: Mamoswine|Earthquake|p2a: Pecharunt\n|-supereffective|p2a: Pecharunt\n|-damage|p2a: Pecharunt|34/100\n|move|p2a: Pecharunt|Shadow Ball|p1a: Mamoswine\n|-damage|p1a: Mamoswine|65/100\n|\n|upkeep\n|turn|14\n|\n|t:|1782436132\n|switch|p2a: Tornadus|Tornadus-Therian, M|70/100\n|move|p1a: Mamoswine|Icicle Spear|p2a: Tornadus\n|-supereffective|p2a: Tornadus\n|-damage|p2a: Tornadus|34/100\n|-supereffective|p2a: Tornadus\n|-damage|p2a: Tornadus|0 fnt\n|faint|p2a: Tornadus\n|-hitcount|p2: Tornadus|2\n|\n|upkeep\n|\n|t:|1782436140\n|switch|p2a: Samurott|Samurott-Hisui, F|23/100\n|turn|15\n|\n|t:|1782436155\n|switch|p1a: Rotom|Rotom-Wash|33/100\n|move|p2a: Samurott|Razor Shell|p1a: Rotom\n|-resisted|p1a: Rotom\n|-damage|p1a: Rotom|11/100\n|\n|upkeep\n|turn|16\n|\n|t:|1782436166\n|switch|p2a: Pecharunt|Pecharunt|34/100\n|move|p1a: Rotom|Volt Switch|p2a: Pecharunt\n|-damage|p2a: Pecharunt|10/100\n|\n|t:|1782436172\n|switch|p1a: Mamoswine|Mamoswine, M|65/100|[from] Volt Switch\n|\n|upkeep\n|turn|17\n|\n|t:|1782436179\n|move|p1a: Mamoswine|Ice Shard|p2a: Pecharunt\n|-damage|p2a: Pecharunt|0 fnt\n|faint|p2a: Pecharunt\n|\n|upkeep\n|\n|t:|1782436184\n|switch|p2a: Samurott|Samurott-Hisui, F|23/100\n|turn|18\n|\n|t:|1782436186\n|move|p1a: Mamoswine|Ice Shard|p2a: Samurott\n|-resisted|p2a: Samurott\n|-damage|p2a: Samurott|11/100\n|move|p2a: Samurott|Razor Shell|p1a: Mamoswine\n|-supereffective|p1a: Mamoswine\n|-damage|p1a: Mamoswine|0 fnt\n|faint|p1a: Mamoswine\n|\n|upkeep\n|\n|t:|1782436189\n|switch|p1a: Dragonite|Dragonite, M|100/100\n|turn|19\n|\n|t:|1782436197\n|move|p2a: Samurott|Knock Off|p1a: Dragonite\n|-damage|p1a: Dragonite|77/100\n|-enditem|p1a: Dragonite|Heavy-Duty Boots|[from] move: Knock Off|[of] p2a: Samurott\n|move|p1a: Dragonite|Dragon Dance|p1a: Dragonite\n|-boost|p1a: Dragonite|atk|1\n|-boost|p1a: Dragonite|spe|1\n|\n|upkeep\n|turn|20\n|\n|t:|1782436202\n|move|p1a: Dragonite|Dragon Dance|p1a: Dragonite\n|-boost|p1a: Dragonite|atk|1\n|-boost|p1a: Dragonite|spe|1\n|move|p2a: Samurott|Encore|p1a: Dragonite\n|-start|p1a: Dragonite|Encore\n|\n|upkeep\n|turn|21\n|\n|t:|1782436206\n|move|p1a: Dragonite|Dragon Dance|p1a: Dragonite\n|-boost|p1a: Dragonite|atk|1\n|-boost|p1a: Dragonite|spe|1\n|move|p2a: Samurott|Ceaseless Edge|p1a: Dragonite\n|-damage|p1a: Dragonite|30/100\n|-sidestart|p1: SuperMetalCharz|Spikes\n|\n|upkeep\n|turn|22\n|\n|t:|1782436211\n|move|p1a: Dragonite|Dragon Dance|p1a: Dragonite\n|-boost|p1a: Dragonite|atk|1\n|-boost|p1a: Dragonite|spe|1\n|move|p2a: Samurott|Ceaseless Edge|p1a: Dragonite\n|-damage|p1a: Dragonite|0 fnt\n|-sidestart|p1: SuperMetalCharz|Spikes\n|faint|p1a: Dragonite\n|\n|upkeep\n|\n|t:|1782436214\n|switch|p1a: Gardevoir|Gardevoir, F|100/100\n|-damage|p1a: Gardevoir|84/100|[from] Spikes\n|-ability|p1a: Gardevoir|Sharpness|Trace|[from] ability: Trace|[of] p2a: Samurott\n|turn|23\n|\n|t:|1782436222\n|switch|p2a: Alomomola|Alomomola, F|55/100 par\n|move|p1a: Gardevoir|Moonblast|p2a: Alomomola\n|-damage|p2a: Alomomola|17/100 par\n|\n|upkeep\n|turn|24\n|\n|t:|1782436228\n|switch|p2a: Fezandipiti|Fezandipiti, M|100/100\n|move|p1a: Gardevoir|Moonblast|p2a: Fezandipiti\n|-resisted|p2a: Fezandipiti\n|-damage|p2a: Fezandipiti|82/100\n|\n|upkeep\n|turn|25\n|\n|t:|1782436234\n|switch|p1a: Rotom|Rotom-Wash|11/100\n|move|p2a: Fezandipiti|Beat Up|p1a: Rotom\n|-damage|p1a: Rotom|9/100\n|-damage|p1a: Rotom|6/100\n|-status|p1a: Rotom|tox|[from] ability: Toxic Chain|[of] p2a: Fezandipiti\n|-damage|p1a: Rotom|3/100 tox\n|-hitcount|p1a: Rotom|3\n|\n|-damage|p1a: Rotom|0 fnt|[from] psn\n|faint|p1a: Rotom\n|upkeep\n|\n|t:|1782436235\n|switch|p1a: Garganacl|Garganacl, F|100/100\n|-damage|p1a: Garganacl|84/100|[from] Spikes\n|turn|26\n|\n|t:|1782436242\n|move|p2a: Fezandipiti|U-turn|p1a: Garganacl\n|-damage|p1a: Garganacl|74/100\n|-damage|p2a: Fezandipiti|66/100|[from] item: Rocky Helmet|[of] p1a: Garganacl\n|\n|t:|1782436244\n|switch|p2a: Alomomola|Alomomola, F|50/100 par|[from] U-turn\n|move|p1a: Garganacl|Iron Defense|p1a: Garganacl\n|-boost|p1a: Garganacl|def|2\n|\n|upkeep\n|turn|27\n|\n|t:|1782436251\n|move|p1a: Garganacl|Recover|p1a: Garganacl\n|-heal|p1a: Garganacl|100/100\n|cant|p2a: Alomomola|par\n|\n|upkeep\n|turn|28\n|\n|t:|1782436254\n|move|p1a: Garganacl|Iron Defense|p1a: Garganacl\n|-boost|p1a: Garganacl|def|2\n|cant|p2a: Alomomola|par\n|\n|upkeep\n|turn|29\n|\n|t:|1782436256\n|move|p1a: Garganacl|Iron Defense|p1a: Garganacl\n|-boost|p1a: Garganacl|def|2\n|cant|p2a: Alomomola|par\n|\n|upkeep\n|turn|30\n|\n|t:|1782436258\n|move|p1a: Garganacl|Salt Cure|p2a: Alomomola\n|-damage|p2a: Alomomola|39/100 par\n|-start|p2a: Alomomola|Salt Cure\n|cant|p2a: Alomomola|par\n|\n|-damage|p2a: Alomomola|15/100 par|[from] Salt Cure\n|upkeep\n|turn|31\n|\n|t:|1782436262\n|move|p1a: Garganacl|Body Press|p2a: Alomomola\n|-damage|p2a: Alomomola|0 fnt\n|faint|p2a: Alomomola\n|\n|upkeep\n|\n|t:|1782436270\n|switch|p2a: Samurott|Samurott-Hisui, F|11/100\n|turn|32\n|\n|t:|1782436278\n|move|p2a: Samurott|Razor Shell|p1a: Garganacl\n|-supereffective|p1a: Garganacl\n|-damage|p1a: Garganacl|81/100\n|-damage|p2a: Samurott|0 fnt|[from] item: Rocky Helmet|[of] p1a: Garganacl\n|faint|p2a: Samurott\n|move|p1a: Garganacl|Salt Cure|p2: Samurott|[notarget]\n|-fail|p1a: Garganacl\n|\n|upkeep\n|\n|t:|1782436281\n|switch|p2a: Great Tusk|Great Tusk|100/100\n|turn|33\n|\n|t:|1782436284\n|move|p2a: Great Tusk|Headlong Rush|p1a: Garganacl\n|-supereffective|p1a: Garganacl\n|-damage|p1a: Garganacl|61/100\n|-unboost|p2a: Great Tusk|def|1\n|-unboost|p2a: Great Tusk|spd|1\n|-damage|p2a: Great Tusk|84/100|[from] item: Rocky Helmet|[of] p1a: Garganacl\n|move|p1a: Garganacl|Body Press|p2a: Great Tusk\n|-damage|p2a: Great Tusk|0 fnt\n|faint|p2a: Great Tusk\n|-end|p2a: Great Tusk|Protosynthesis|[silent]\n|\n|upkeep\n|\n|t:|1782436291\n|switch|p2a: Fezandipiti|Fezandipiti, M|66/100\n|turn|34\n|\n|t:|1782436293\n|move|p2a: Fezandipiti|Play Rough|p1a: Garganacl\n|-crit|p1a: Garganacl\n|-damage|p1a: Garganacl|31/100\n|-unboost|p1a: Garganacl|atk|1\n|-damage|p2a: Fezandipiti|49/100|[from] item: Rocky Helmet|[of] p1a: Garganacl\n|move|p1a: Garganacl|Recover|p1a: Garganacl\n|-heal|p1a: Garganacl|81/100\n|\n|upkeep\n|turn|35\n|-message|me312 forfeited.\n|\n|win|SuperMetalCharz\n|raw|SuperMetalCharz's rating: 1371 &rarr; <strong>1388</strong><br />(+17 for winning)\n|raw|me312's rating: 1327 &rarr; <strong>1310</strong><br />(-17 for losing)\n|l|☆me312\n|player|p2|\n", "uploadtime": 1782436303, "views": 14, "formatid": "gen9ou", "rating": 1310, "private": 0, "password": null}