{"id": "gen9ou-2647697266", "format": "[Gen 9] OU", "players": ["kuzwa", "waterdrinker48"], "log": "|j|☆kuzwa\n|j|☆waterdrinker48\n|t:|1783797926\n|gametype|singles\n|player|p1|kuzwa|cilan|1444\n|player|p2|waterdrinker48|miku-ghost|1404\n|gen|9\n|tier|[Gen 9] OU\n|rated|\n|rule|HP Percentage Mod: HP is shown in percentages\n|rule|Endless Battle Clause: Forcing endless battles is banned\n|rule|Species Clause: Limit one of each Pokémon\n|rule|OHKO Clause: OHKO moves are banned\n|rule|Evasion Items Clause: Evasion items are banned\n|rule|Evasion Moves Clause: Evasion moves are banned\n|rule|Evasion Abilities Clause: Evasion abilities are banned\n|rule|Sleep Moves Clause: Sleep-inducing moves are banned\n|clearpoke\n|poke|p1|Zamazenta-*|\n|poke|p1|Darkrai|\n|poke|p1|Alomomola, M|\n|poke|p1|Pecharunt|\n|poke|p1|Iron Treads|\n|poke|p1|Iron Valiant|\n|poke|p2|Toxapex, F|\n|poke|p2|Salazzle, F|\n|poke|p2|Weezing-Galar, F|\n|poke|p2|Alomomola, F|\n|poke|p2|Gliscor, F|\n|poke|p2|Muk-Alola, F|\n|teampreview\n|inactive|Battle timer is ON: inactive players will automatically lose when time's up. (requested by waterdrinker48)\n|inactive|kuzwa also wants the timer to be on.\n|\n|t:|1783797935\n|teamsize|p1|6\n|teamsize|p2|6\n|start\n|switch|p1a: Live Debt Counter|Darkrai|100/100\n|switch|p2a: Salazzle|Salazzle, F|100/100\n|turn|1\n|\n|t:|1783797942\n|switch|p2a: Muk|Muk-Alola, F|100/100\n|move|p1a: Live Debt Counter|Trick|p2a: Muk\n|-activate|p1a: Live Debt Counter|move: Trick|[of] p2a: Muk\n|-item|p2a: Muk|Choice Scarf|[from] move: Trick\n|-item|p1a: Live Debt Counter|Assault Vest|[from] move: Trick\n|\n|upkeep\n|turn|2\n|\n|t:|1783797947\n|switch|p1a: IShowHazards|Iron Treads|100/100\n|move|p2a: Muk|Knock Off|p1a: IShowHazards\n|-damage|p1a: IShowHazards|59/100\n|-enditem|p1a: IShowHazards|Focus Sash|[from] move: Knock Off|[of] p2a: Muk\n|\n|upkeep\n|turn|3\n|\n|t:|1783797951\n|switch|p2a: Alomomola|Alomomola, F|100/100\n|move|p1a: IShowHazards|Stealth Rock|p2a: Alomomola\n|-sidestart|p2: waterdrinker48|move: Stealth Rock\n|\n|upkeep\n|turn|4\n|\n|t:|1783797957\n|-end|p1a: IShowHazards|Quark Drive|[silent]\n|switch|p1a: Rogged Out|Alomomola, M|100/100\n|move|p2a: Alomomola|Flip Turn|p1a: Rogged Out\n|-resisted|p1a: Rogged Out\n|-damage|p1a: Rogged Out|96/100\n|\n|t:|1783797959\n|switch|p2a: Weezing|Weezing-Galar, F|100/100|[from] Flip Turn\n|-ability|p2a: Weezing|Neutralizing Gas\n|-damage|p2a: Weezing|88/100|[from] Stealth Rock\n|\n|-heal|p2a: Weezing|94/100|[from] item: Leftovers\n|upkeep\n|turn|5\n|\n|t:|1783797963\n|move|p1a: Rogged Out|Protect|p1a: Rogged Out\n|-singleturn|p1a: Rogged Out|Protect\n|move|p2a: Weezing|Defog|p1a: Rogged Out\n|-activate|p1a: Rogged Out|move: Protect\n|\n|-heal|p2a: Weezing|99/100|[from] item: Leftovers\n|upkeep\n|turn|6\n|\n|t:|1783797968\n|move|p2a: Weezing|Defog|p1a: Rogged Out\n|-unboost|p1a: Rogged Out|evasion|1\n|-sideend|p2: waterdrinker48|Stealth Rock|[from] move: Defog|[of] p2a: Weezing\n|move|p1a: Rogged Out|Flip Turn|p2a: Weezing\n|-damage|p2a: Weezing|90/100\n|\n|t:|1783797971\n|switch|p1a: Iron Valiant|Iron Valiant|100/100|[from] Flip Turn\n|\n|-heal|p2a: Weezing|96/100|[from] item: Leftovers\n|upkeep\n|turn|7\n|\n|t:|1783797976\n|-end|p2a: Weezing|ability: Neutralizing Gas\n|switch|p2a: Muk|Muk-Alola, F|100/100\n|-enditem|p1a: Iron Valiant|Booster Energy\n|-activate|p1a: Iron Valiant|ability: Quark Drive|[fromitem]\n|-start|p1a: Iron Valiant|quarkdrivespe\n|move|p1a: Iron Valiant|Encore||[still]\n|-fail|p1a: Iron Valiant\n|\n|upkeep\n|turn|8\n|\n|t:|1783797989\n|-end|p1a: Iron Valiant|Quark Drive|[silent]\n|switch|p1a: IShowHazards|Iron Treads|59/100\n|move|p2a: Muk|Gunk Shot|p1a: IShowHazards\n|-immune|p1a: IShowHazards\n|\n|upkeep\n|turn|9\n|\n|t:|1783797994\n|switch|p2a: Alomomola|Alomomola, F|100/100\n|move|p1a: IShowHazards|Stealth Rock|p2a: Alomomola\n|-sidestart|p2: waterdrinker48|move: Stealth Rock\n|\n|upkeep\n|turn|10\n|\n|t:|1783798003\n|-end|p1a: IShowHazards|Quark Drive|[silent]\n|switch|p1a: Recovet|Pecharunt|100/100\n|move|p2a: Alomomola|Flip Turn|p1a: Recovet\n|-damage|p1a: Recovet|90/100\n|\n|t:|1783798006\n|switch|p2a: Salazzle|Salazzle, F|100/100|[from] Flip Turn\n|-damage|p2a: Salazzle|76/100|[from] Stealth Rock\n|\n|-heal|p2a: Salazzle|82/100|[from] item: Leftovers\n|upkeep\n|turn|11\n|\n|t:|1783798010\n|move|p2a: Salazzle|Toxic|p1a: Recovet\n|-status|p1a: Recovet|tox\n|move|p1a: Recovet|Parting Shot|p2a: Salazzle\n|-unboost|p2a: Salazzle|atk|1\n|-unboost|p2a: Salazzle|spa|1\n|\n|t:|1783798015\n|switch|p1a: Iron Valiant|Iron Valiant|100/100|[from] Parting Shot\n|\n|-heal|p2a: Salazzle|88/100|[from] item: Leftovers\n|upkeep\n|turn|12\n|j| SladeSalad\n|\n|t:|1783798021\n|move|p2a: Salazzle|Toxic|p1a: Iron Valiant\n|-status|p1a: Iron Valiant|tox\n|move|p1a: Iron Valiant|Calm Mind|p1a: Iron Valiant\n|-boost|p1a: Iron Valiant|spa|1\n|-boost|p1a: Iron Valiant|spd|1\n|\n|-heal|p2a: Salazzle|94/100|[from] item: Leftovers\n|-damage|p1a: Iron Valiant|94/100 tox|[from] psn\n|upkeep\n|turn|13\n|\n|t:|1783798031\n|move|p2a: Salazzle|Flamethrower|p1a: Iron Valiant\n|-damage|p1a: Iron Valiant|60/100 tox\n|move|p1a: Iron Valiant|Thunderbolt|p2a: Salazzle\n|-damage|p2a: Salazzle|5/100\n|\n|-heal|p2a: Salazzle|11/100|[from] item: Leftovers\n|-damage|p1a: Iron Valiant|47/100 tox|[from] psn\n|upkeep\n|turn|14\n|\n|t:|1783798036\n|move|p2a: Salazzle|Protect|p2a: Salazzle\n|-singleturn|p2a: Salazzle|Protect\n|move|p1a: Iron Valiant|Thunderbolt|p2a: Salazzle\n|-activate|p2a: Salazzle|move: Protect\n|\n|-heal|p2a: Salazzle|17/100|[from] item: Leftovers\n|-damage|p1a: Iron Valiant|29/100 tox|[from] psn\n|upkeep\n|turn|15\n|\n|t:|1783798044\n|switch|p2a: Muk|Muk-Alola, F|100/100\n|-damage|p2a: Muk|88/100|[from] Stealth Rock\n|move|p1a: Iron Valiant|Moonblast|p2a: Muk\n|-damage|p2a: Muk|29/100\n|\n|-damage|p1a: Iron Valiant|4/100 tox|[from] psn\n|upkeep\n|turn|16\n|\n|t:|1783798049\n|move|p2a: Muk|Shadow Sneak|p1a: Iron Valiant\n|-damage|p1a: Iron Valiant|0 fnt\n|faint|p1a: Iron Valiant\n|-end|p1a: Iron Valiant|Quark Drive|[silent]\n|\n|upkeep\n|\n|t:|1783798051\n|switch|p1a: htn|Zamazenta|100/100\n|-ability|p1a: htn|Dauntless Shield|boost\n|-boost|p1a: htn|def|1\n|turn|17\n|\n|t:|1783798060\n|switch|p2a: Weezing|Weezing-Galar, F|96/100\n|-ability|p2a: Weezing|Neutralizing Gas\n|-damage|p2a: Weezing|84/100|[from] Stealth Rock\n|move|p1a: htn|Substitute|p1a: htn\n|-start|p1a: htn|Substitute\n|-damage|p1a: htn|76/100\n|\n|-heal|p1a: htn|82/100|[from] item: Leftovers\n|-heal|p2a: Weezing|90/100|[from] item: Leftovers\n|upkeep\n|turn|18\n|\n|t:|1783798062\n|move|p1a: htn|Iron Defense|p1a: htn\n|-boost|p1a: htn|def|2\n|move|p2a: Weezing|Defog|p1a: htn\n|-sideend|p2: waterdrinker48|Stealth Rock|[from] move: Defog|[of] p2a: Weezing\n|\n|-heal|p1a: htn|88/100|[from] item: Leftovers\n|-heal|p2a: Weezing|96/100|[from] item: Leftovers\n|upkeep\n|turn|19\n|\n|t:|1783798066\n|-end|p2a: Weezing|ability: Neutralizing Gas\n|switch|p2a: Alomomola|Alomomola, F|100/100\n|move|p1a: htn|Iron Defense|p1a: htn\n|-boost|p1a: htn|def|2\n|\n|-heal|p1a: htn|94/100|[from] item: Leftovers\n|upkeep\n|turn|20\n|l|☆kuzwa\n|inactive|kuzwa disconnected and has a minute to reconnect!\n|player|p1|\n|l| SladeSalad\n|inactive|kuzwa has 30 seconds to reconnect!\n|inactive|kuzwa has 20 seconds to reconnect!\n|j|☆kuzwa\n|inactive|kuzwa reconnected and has 90 seconds left.\n|player|p1|kuzwa|cilan|\n|\n|t:|1783798130\n|move|p1a: htn|Body Press|p2a: Alomomola\n|-damage|p2a: Alomomola|32/100\n|move|p2a: Alomomola|Scald|p1a: htn\n|-activate|p1a: htn|move: Substitute|[damage]\n|\n|-heal|p1a: htn|100/100|[from] item: Leftovers\n|upkeep\n|turn|21\n|\n|t:|1783798133\n|move|p1a: htn|Body Press|p2a: Alomomola\n|-damage|p2a: Alomomola|0 fnt\n|faint|p2a: Alomomola\n|\n|upkeep\n|\n|t:|1783798137\n|switch|p2a: Gliscor|Gliscor, F|100/100\n|turn|22\n|\n|t:|1783798140\n|move|p1a: htn|Body Press|p2a: Gliscor\n|-resisted|p2a: Gliscor\n|-damage|p2a: Gliscor|58/100\n|move|p2a: Gliscor|Earthquake|p1a: htn\n|-activate|p1a: htn|move: Substitute|[damage]\n|\n|-status|p2a: Gliscor|tox|[from] item: Toxic Orb\n|upkeep\n|turn|23\n|l|☆waterdrinker48\n|inactive|waterdrinker48 disconnected and has a minute to reconnect!\n|player|p2|\n|c|☆kuzwa|H\n|inactive|waterdrinker48 has 30 seconds to reconnect!\n|inactive|waterdrinker48 has 20 seconds to reconnect!\n|inactive|waterdrinker48 has 15 seconds to reconnect!\n|inactive|waterdrinker48 has 10 seconds to reconnect!\n|inactive|waterdrinker48 has 5 seconds to reconnect!\n|-message|waterdrinker48 lost due to inactivity.\n|\n|win|kuzwa\n|raw|kuzwa's rating: 1444 &rarr; <strong>1462</strong><br />(+18 for winning)\n|raw|waterdrinker48's rating: 1404 &rarr; <strong>1386</strong><br />(-18 for losing)\n|l|☆kuzwa\n|player|p1|\n", "uploadtime": 1783798219, "views": 19, "formatid": "gen9ou", "rating": 1386, "private": 0, "password": null}