{"id": "gen9ou-2639308150", "format": "[Gen 9] OU", "players": ["rblt ryo", "tasty sardine 408"], "log": "|j|☆rblt ryo\n|j|‽tasty sardine 408\n|t:|1782450138\n|gametype|singles\n|player|p1|rblt ryo|grimsley-gen7|1663\n|player|p2|tasty sardine 408|harlequin|1610\n|gen|9\n|tier|[Gen 9] OU\n|rated|\n|rule|HP Percentage Mod: HP is shown in percentages\n|rule|Endless Battle Clause: Forcing endless battles is banned\n|rule|Species Clause: Limit one of each Pokémon\n|rule|OHKO Clause: OHKO moves are banned\n|rule|Evasion Items Clause: Evasion items are banned\n|rule|Evasion Moves Clause: Evasion moves are banned\n|rule|Evasion Abilities Clause: Evasion abilities are banned\n|rule|Sleep Moves Clause: Sleep-inducing moves are banned\n|clearpoke\n|poke|p1|Slowking-Galar, F|\n|poke|p1|Ogerpon-Wellspring, F|\n|poke|p1|Mandibuzz, F|\n|poke|p1|Great Tusk|\n|poke|p1|Kyurem|\n|poke|p1|Cinderace, M|\n|poke|p2|Umbreon, F|\n|poke|p2|Serperior, F|\n|poke|p2|Cresselia, F|\n|poke|p2|Revavroom, F|\n|poke|p2|Skeledirge, F|\n|poke|p2|Manaphy|\n|teampreview\n|\n|t:|1782450166\n|teamsize|p1|6\n|teamsize|p2|6\n|start\n|switch|p1a: Cinderace|Cinderace, M|100/100\n|switch|p2a: Serperior|Serperior, F, shiny|100/100\n|turn|1\n|inactive|Battle timer is ON: inactive players will automatically lose when time's up. (requested by tasty sardine 408)\n|\n|t:|1782450168\n|-terastallize|p2a: Serperior|Electric\n|move|p1a: Cinderace|U-turn|p2a: Serperior\n|-start|p1a: Cinderace|typechange|Bug|[from] ability: Libero\n|-damage|p2a: Serperior|68/100\n|\n|t:|1782450170\n|switch|p1a: Slowking|Slowking-Galar, F|100/100|[from] U-turn\n|move|p2a: Serperior|Glare|p1a: Slowking\n|-status|p1a: Slowking|par\n|\n|-heal|p2a: Serperior|74/100|[from] item: Leftovers\n|upkeep\n|turn|2\n|\n|t:|1782450173\n|move|p2a: Serperior|Leaf Storm|p1a: Slowking|[miss]\n|-miss|p2a: Serperior|p1a: Slowking\n|move|p1a: Slowking|Sludge Bomb|p2a: Serperior\n|-damage|p2a: Serperior|41/100\n|\n|-heal|p2a: Serperior|47/100|[from] item: Leftovers\n|upkeep\n|turn|3\n|\n|t:|1782450180\n|move|p2a: Serperior|Synthesis|p2a: Serperior\n|-heal|p2a: Serperior|97/100\n|move|p1a: Slowking|Sludge Bomb|p2a: Serperior\n|-damage|p2a: Serperior|62/100\n|\n|-heal|p2a: Serperior|69/100|[from] item: Leftovers\n|upkeep\n|turn|4\n|\n|t:|1782450185\n|switch|p2a: Skeledirge|Skeledirge, F, shiny|100/100\n|move|p1a: Slowking|Sludge Bomb|p2a: Skeledirge\n|-resisted|p2a: Skeledirge\n|-damage|p2a: Skeledirge|87/100\n|\n|upkeep\n|turn|5\n|\n|t:|1782450191\n|move|p2a: Skeledirge|Torch Song|p1a: Slowking\n|-damage|p1a: Slowking|76/100 par\n|-boost|p2a: Skeledirge|spa|1\n|-prepare|p1a: Slowking|Chilly Reception|[premajor]\n|move|p1a: Slowking|Chilly Reception|p1a: Slowking\n|-weather|Snowscape\n|\n|t:|1782450196\n|switch|p1a: Ogerpon|Ogerpon-Wellspring, F|100/100|[from] Chilly Reception\n|\n|-weather|Snowscape|[upkeep]\n|upkeep\n|turn|6\n|\n|t:|1782450200\n|-terastallize|p1a: Ogerpon|Water\n|detailschange|p1a: Ogerpon|Ogerpon-Wellspring-Tera, F, tera:Water\n|-ability|p1a: Ogerpon|Embody Aspect (Wellspring)|boost\n|-boost|p1a: Ogerpon|spd|1\n|move|p1a: Ogerpon|Ivy Cudgel|p2a: Skeledirge|[anim] Ivy Cudgel Water\n|-supereffective|p2a: Skeledirge\n|-crit|p2a: Skeledirge\n|-damage|p2a: Skeledirge|0 fnt\n|faint|p2a: Skeledirge\n|\n|-weather|Snowscape|[upkeep]\n|upkeep\n|\n|t:|1782450206\n|switch|p2a: Umbreon|Umbreon, F, shiny|100/100\n|turn|7\n|\n|t:|1782450212\n|switch|p1a: Slowking|Slowking-Galar, F|100/100 par\n|move|p2a: Umbreon|Foul Play|p1a: Slowking\n|-supereffective|p1a: Slowking\n|-crit|p1a: Slowking\n|-damage|p1a: Slowking|62/100 par\n|-damage|p2a: Umbreon|84/100|[from] item: Rocky Helmet|[of] p1a: Slowking\n|\n|-weather|Snowscape|[upkeep]\n|-heal|p2a: Umbreon|90/100|[from] item: Leftovers\n|upkeep\n|turn|8\n|\n|t:|1782450216\n|switch|p1a: Mandibuzz|Mandibuzz, F|100/100\n|move|p2a: Umbreon|Foul Play|p1a: Mandibuzz\n|-resisted|p1a: Mandibuzz\n|-damage|p1a: Mandibuzz|93/100\n|\n|-weather|Snowscape|[upkeep]\n|-heal|p2a: Umbreon|96/100|[from] item: Leftovers\n|upkeep\n|turn|9\n|\n|t:|1782450218\n|switch|p1a: Slowking|Slowking-Galar, F|95/100 par\n|move|p2a: Umbreon|Toxic||[still]\n|-fail|p2a: Umbreon\n|\n|-weather|none\n|-heal|p2a: Umbreon|100/100|[from] item: Leftovers\n|upkeep\n|turn|10\n|\n|t:|1782450221\n|move|p2a: Umbreon|Foul Play|p1a: Slowking\n|-supereffective|p1a: Slowking\n|-crit|p1a: Slowking\n|-damage|p1a: Slowking|58/100 par\n|-damage|p2a: Umbreon|84/100|[from] item: Rocky Helmet|[of] p1a: Slowking\n|move|p1a: Slowking|Sludge Bomb|p2a: Umbreon\n|-damage|p2a: Umbreon|64/100\n|\n|-heal|p2a: Umbreon|70/100|[from] item: Leftovers\n|upkeep\n|turn|11\n|\n|t:|1782450237\n|move|p2a: Umbreon|Foul Play|p1a: Slowking\n|-supereffective|p1a: Slowking\n|-damage|p1a: Slowking|33/100 par\n|-damage|p2a: Umbreon|54/100|[from] item: Rocky Helmet|[of] p1a: Slowking\n|move|p1a: Slowking|Sludge Bomb||[still]\n|-damage|p2a: Umbreon|34/100\n|-status|p2a: Umbreon|psn\n|-activate|p2a: Umbreon|ability: Synchronize\n|-fail|p2a: Umbreon\n|\n|-heal|p2a: Umbreon|40/100 psn|[from] item: Leftovers\n|-damage|p2a: Umbreon|28/100 psn|[from] psn\n|upkeep\n|turn|12\n|\n|t:|1782450255\n|switch|p1a: Great Tusk|Great Tusk|100/100\n|move|p2a: Umbreon|Foul Play|p1a: Great Tusk\n|-resisted|p1a: Great Tusk\n|-damage|p1a: Great Tusk|81/100\n|\n|-heal|p2a: Umbreon|34/100 psn|[from] item: Leftovers\n|-damage|p2a: Umbreon|22/100 psn|[from] psn\n|upkeep\n|turn|13\n|\n|t:|1782450263\n|move|p1a: Great Tusk|Close Combat|p2a: Umbreon\n|-supereffective|p2a: Umbreon\n|-damage|p2a: Umbreon|0 fnt\n|-unboost|p1a: Great Tusk|def|1\n|-unboost|p1a: Great Tusk|spd|1\n|faint|p2a: Umbreon\n|\n|upkeep\n|\n|t:|1782450269\n|switch|p2a: Cresselia|Cresselia, F, shiny|100/100\n|turn|14\n|\n|t:|1782450271\n|-end|p1a: Great Tusk|Protosynthesis|[silent]\n|switch|p1a: Ogerpon|Ogerpon-Wellspring-Tera, F, tera:Water|100/100\n|-ability|p1a: Ogerpon|Embody Aspect (Wellspring)|boost\n|-boost|p1a: Ogerpon|spd|1\n|move|p2a: Cresselia|Calm Mind|p2a: Cresselia\n|-boost|p2a: Cresselia|spa|1\n|-boost|p2a: Cresselia|spd|1\n|\n|upkeep\n|turn|15\n|\n|t:|1782450281\n|move|p1a: Ogerpon|Ivy Cudgel|p2a: Cresselia|[anim] Ivy Cudgel Water\n|-damage|p2a: Cresselia|59/100\n|move|p2a: Cresselia|Moonblast|p1a: Ogerpon\n|-damage|p1a: Ogerpon|79/100\n|\n|-heal|p2a: Cresselia|65/100|[from] item: Leftovers\n|upkeep\n|turn|16\n|\n|t:|1782450284\n|move|p1a: Ogerpon|Ivy Cudgel|p2a: Cresselia|[anim] Ivy Cudgel Water\n|-damage|p2a: Cresselia|27/100\n|move|p2a: Cresselia|Moonblast|p1a: Ogerpon\n|-damage|p1a: Ogerpon|59/100\n|\n|-heal|p2a: Cresselia|33/100|[from] item: Leftovers\n|upkeep\n|turn|17\n|\n|t:|1782450287\n|move|p1a: Ogerpon|Ivy Cudgel|p2a: Cresselia|[anim] Ivy Cudgel Water\n|-crit|p2a: Cresselia\n|-damage|p2a: Cresselia|0 fnt\n|faint|p2a: Cresselia\n|\n|upkeep\n|\n|t:|1782450289\n|switch|p2a: Serperior|Serperior, F, shiny, tera:Electric|69/100\n|turn|18\n|\n|t:|1782450297\n|switch|p1a: Slowking|Slowking-Galar, F|66/100 par\n|move|p2a: Serperior|Leaf Storm|p1a: Slowking\n|-resisted|p1a: Slowking\n|-damage|p1a: Slowking|52/100 par\n|-boost|p2a: Serperior|spa|2\n|\n|-heal|p2a: Serperior|75/100|[from] item: Leftovers\n|upkeep\n|turn|19\n|\n|t:|1782450302\n|move|p2a: Serperior|Leaf Storm|p1a: Slowking\n|-resisted|p1a: Slowking\n|-damage|p1a: Slowking|22/100 par\n|-boost|p2a: Serperior|spa|2\n|move|p1a: Slowking|Sludge Bomb|p2a: Serperior\n|-damage|p2a: Serperior|41/100\n|\n|-heal|p2a: Serperior|47/100|[from] item: Leftovers\n|upkeep\n|turn|20\n|\n|t:|1782450308\n|move|p2a: Serperior|Giga Drain|p1a: Slowking\n|-resisted|p1a: Slowking\n|-damage|p1a: Slowking|0 fnt\n|-heal|p2a: Serperior|59/100|[from] drain|[of] p1a: Slowking\n|faint|p1a: Slowking\n|\n|-heal|p2a: Serperior|65/100|[from] item: Leftovers\n|upkeep\n|\n|t:|1782450317\n|switch|p1a: Great Tusk|Great Tusk|81/100\n|turn|21\n|\n|t:|1782450324\n|move|p1a: Great Tusk|Close Combat|p2a: Serperior\n|-damage|p2a: Serperior|7/100\n|-unboost|p1a: Great Tusk|def|1\n|-unboost|p1a: Great Tusk|spd|1\n|move|p2a: Serperior|Leaf Storm|p1a: Great Tusk\n|-supereffective|p1a: Great Tusk\n|-damage|p1a: Great Tusk|0 fnt\n|-boost|p2a: Serperior|spa|2\n|faint|p1a: Great Tusk\n|-end|p1a: Great Tusk|Protosynthesis|[silent]\n|\n|-heal|p2a: Serperior|13/100|[from] item: Leftovers\n|upkeep\n|\n|t:|1782450328\n|switch|p1a: Cinderace|Cinderace, M|100/100\n|turn|22\n|\n|t:|1782450332\n|switch|p2a: Manaphy|Manaphy, shiny|100/100\n|move|p1a: Cinderace|U-turn|p2a: Manaphy\n|-start|p1a: Cinderace|typechange|Bug|[from] ability: Libero\n|-damage|p2a: Manaphy|75/100\n|\n|t:|1782450338\n|switch|p1a: Ogerpon|Ogerpon-Wellspring-Tera, F, tera:Water|59/100|[from] U-turn\n|-ability|p1a: Ogerpon|Embody Aspect (Wellspring)|boost\n|-boost|p1a: Ogerpon|spd|1\n|\n|-heal|p2a: Manaphy|81/100|[from] item: Leftovers\n|upkeep\n|turn|23\n|\n|t:|1782450343\n|move|p1a: Ogerpon|Power Whip|p2a: Manaphy\n|-supereffective|p2a: Manaphy\n|-damage|p2a: Manaphy|0 fnt\n|faint|p2a: Manaphy\n|\n|upkeep\n|\n|t:|1782450349\n|switch|p2a: Serperior|Serperior, F, shiny, tera:Electric|13/100\n|turn|24\n|\n|t:|1782450355\n|switch|p1a: Kyurem|Kyurem|100/100\n|-ability|p1a: Kyurem|Pressure\n|move|p2a: Serperior|Glare|p1a: Kyurem\n|-status|p1a: Kyurem|par\n|\n|-heal|p2a: Serperior|19/100|[from] item: Leftovers\n|upkeep\n|turn|25\n|\n|t:|1782450360\n|move|p2a: Serperior|Synthesis|p2a: Serperior\n|-heal|p2a: Serperior|69/100\n|move|p1a: Kyurem|Ice Beam|p2a: Serperior\n|-crit|p2a: Serperior\n|-damage|p2a: Serperior|0 fnt\n|faint|p2a: Serperior\n|\n|upkeep\n|\n|t:|1782450365\n|switch|p2a: Revavroom|Revavroom, F, shiny|100/100\n|-item|p2a: Revavroom|Air Balloon\n|turn|26\n|\n|t:|1782450376\n|switch|p1a: Mandibuzz|Mandibuzz, F|93/100\n|move|p2a: Revavroom|Shift Gear|p2a: Revavroom\n|-boost|p2a: Revavroom|spe|2\n|-boost|p2a: Revavroom|atk|1\n|\n|upkeep\n|turn|27\n|\n|t:|1782450381\n|move|p2a: Revavroom|Iron Head|p1a: Mandibuzz\n|-damage|p1a: Mandibuzz|57/100\n|cant|p1a: Mandibuzz|flinch\n|\n|upkeep\n|turn|28\n|\n|t:|1782450392\n|move|p2a: Revavroom|Iron Head|p1a: Mandibuzz\n|-damage|p1a: Mandibuzz|22/100\n|cant|p1a: Mandibuzz|flinch\n|\n|upkeep\n|turn|29\n|\n|t:|1782450397\n|move|p2a: Revavroom|Iron Head|p1a: Mandibuzz\n|-damage|p1a: Mandibuzz|0 fnt\n|faint|p1a: Mandibuzz\n|\n|upkeep\n|\n|t:|1782450405\n|switch|p1a: Cinderace|Cinderace, M|100/100\n|turn|30\n|\n|t:|1782450411\n|move|p2a: Revavroom|High Horsepower|p1a: Cinderace\n|-supereffective|p1a: Cinderace\n|-damage|p1a: Cinderace|0 fnt\n|faint|p1a: Cinderace\n|\n|upkeep\n|-message|rblt ryo forfeited.\n|\n|win|tasty sardine 408\n|raw|rblt ryo's rating: 1663 &rarr; <strong>1640</strong><br />(-23 for losing)\n|raw|tasty sardine 408's rating: 1610 &rarr; <strong>1633</strong><br />(+23 for winning)\n|l|‽tasty sardine 408\n|player|p2|\n", "uploadtime": 1782450585, "views": 3, "formatid": "gen9ou", "rating": 1633, "private": 0, "password": null}