{"id": "gen9ou-2639305689", "format": "[Gen 9] OU", "players": ["GooberGary", "golden Guard 70"], "log": "|j|☆GooberGary\n|j|☆golden Guard 70\n|t:|1782449669\n|gametype|singles\n|player|p1|GooberGary|169|1345\n|player|p2|golden Guard 70|rocketgrunt|1358\n|gen|9\n|tier|[Gen 9] OU\n|rated|\n|rule|HP Percentage Mod: HP is shown in percentages\n|rule|Endless Battle Clause: Forcing endless battles is banned\n|rule|Species Clause: Limit one of each Pokémon\n|rule|OHKO Clause: OHKO moves are banned\n|rule|Evasion Items Clause: Evasion items are banned\n|rule|Evasion Moves Clause: Evasion moves are banned\n|rule|Evasion Abilities Clause: Evasion abilities are banned\n|rule|Sleep Moves Clause: Sleep-inducing moves are banned\n|clearpoke\n|poke|p1|Corviknight, M|\n|poke|p1|Clefable, F|\n|poke|p1|Alomomola, F|\n|poke|p1|Clodsire, M|\n|poke|p1|Toxapex, M|\n|poke|p1|Quagsire, F|\n|poke|p2|Talonflame, F|\n|poke|p2|Alomomola, M|\n|poke|p2|Amoonguss, F|\n|poke|p2|Kyurem|\n|poke|p2|Blissey, F|\n|poke|p2|Ting-Lu|\n|teampreview\n|inactive|Battle timer is ON: inactive players will automatically lose when time's up. (requested by GooberGary)\n|\n|t:|1782449686\n|teamsize|p1|6\n|teamsize|p2|6\n|start\n|switch|p1a: Quagsire|Quagsire, F|100/100\n|switch|p2a: Kyurem|Kyurem|100/100\n|-ability|p2a: Kyurem|Pressure\n|turn|1\n|\n|t:|1782449694\n|move|p2a: Kyurem|Freeze-Dry|p1a: Quagsire\n|-supereffective|p1a: Quagsire\n|-damage|p1a: Quagsire|0 fnt\n|faint|p1a: Quagsire\n|\n|upkeep\n|\n|t:|1782449699\n|switch|p1a: Toxapex|Toxapex, M|100/100\n|turn|2\n|\n|t:|1782449705\n|switch|p2a: Blissey|Blissey, F|100/100\n|move|p1a: Toxapex|Toxic|p2a: Blissey\n|-status|p2a: Blissey|tox\n|\n|-damage|p2a: Blissey|94/100 tox|[from] psn\n|upkeep\n|turn|3\n|\n|t:|1782449711\n|move|p2a: Blissey|Thunder Wave|p1a: Toxapex\n|-status|p1a: Toxapex|par\n|cant|p1a: Toxapex|par\n|\n|-damage|p2a: Blissey|82/100 tox|[from] psn\n|upkeep\n|turn|4\n|\n|t:|1782449727\n|-curestatus|p2a: Blissey|tox|[from] ability: Natural Cure|[silent]\n|switch|p2a: Ting-Lu|Ting-Lu|100/100\n|-ability|p2a: Ting-Lu|Vessel of Ruin\n|move|p1a: Toxapex|Toxic|p2a: Ting-Lu\n|-status|p2a: Ting-Lu|tox\n|\n|-damage|p2a: Ting-Lu|94/100 tox|[from] psn\n|upkeep\n|turn|5\n|\n|t:|1782449737\n|switch|p1a: Corviknight|Corviknight, M|100/100\n|-ability|p1a: Corviknight|Pressure\n|move|p2a: Ting-Lu|Payback|p1a: Corviknight\n|-damage|p1a: Corviknight|88/100\n|\n|-heal|p2a: Ting-Lu|100/100 tox|[from] item: Leftovers\n|-damage|p2a: Ting-Lu|88/100 tox|[from] psn\n|upkeep\n|turn|6\n|\n|t:|1782449746\n|switch|p2a: Alomomola|Alomomola, M|100/100\n|move|p1a: Corviknight|Iron Defense|p1a: Corviknight\n|-boost|p1a: Corviknight|def|2\n|\n|upkeep\n|turn|7\n|\n|t:|1782449749\n|move|p1a: Corviknight|Body Press|p2a: Alomomola\n|-damage|p2a: Alomomola|75/100\n|-damage|p1a: Corviknight|71/100|[from] item: Rocky Helmet|[of] p2a: Alomomola\n|move|p2a: Alomomola|Scald|p1a: Corviknight\n|-damage|p1a: Corviknight|57/100\n|\n|upkeep\n|turn|8\n|\n|t:|1782449756\n|move|p1a: Corviknight|Roost|p1a: Corviknight\n|-heal|p1a: Corviknight|100/100\n|-singleturn|p1a: Corviknight|move: Roost\n|move|p2a: Alomomola|Scald|p1a: Corviknight\n|-damage|p1a: Corviknight|87/100\n|\n|upkeep\n|turn|9\n|\n|t:|1782449768\n|switch|p1a: Clodsire|Clodsire, M|100/100\n|move|p2a: Alomomola|Wish|p2a: Alomomola\n|\n|upkeep\n|turn|10\n|\n|t:|1782449781\n|switch|p2a: Talonflame|Talonflame, F|100/100\n|move|p1a: Clodsire|Spikes|p2a: Talonflame\n|-sidestart|p2: golden Guard 70|Spikes\n|\n|upkeep\n|turn|11\n|\n|t:|1782449788\n|move|p2a: Talonflame|Overheat|p1a: Clodsire\n|-crit|p1a: Clodsire\n|-damage|p1a: Clodsire|70/100\n|-unboost|p2a: Talonflame|spa|2\n|move|p1a: Clodsire|Toxic|p2a: Talonflame\n|-status|p2a: Talonflame|tox\n|\n|-damage|p2a: Talonflame|94/100 tox|[from] psn\n|upkeep\n|turn|12\n|\n|t:|1782449796\n|move|p2a: Talonflame|Defog|p1a: Clodsire\n|-unboost|p1a: Clodsire|evasion|1\n|-sideend|p2: golden Guard 70|Spikes|[from] move: Defog|[of] p2a: Talonflame\n|move|p1a: Clodsire|Spikes|p2a: Talonflame\n|-sidestart|p2: golden Guard 70|Spikes\n|\n|-damage|p2a: Talonflame|82/100 tox|[from] psn\n|upkeep\n|turn|13\n|\n|t:|1782449802\n|move|p2a: Talonflame|U-turn|p1a: Clodsire\n|-resisted|p1a: Clodsire\n|-damage|p1a: Clodsire|64/100\n|\n|t:|1782449805\n|switch|p2a: Blissey|Blissey, F|82/100|[from] U-turn\n|move|p1a: Clodsire|Spikes|p2a: Blissey\n|-sidestart|p2: golden Guard 70|Spikes\n|\n|upkeep\n|turn|14\n|\n|t:|1782449818\n|move|p2a: Blissey|Heal Bell|p2a: Blissey\n|-activate|p2a: Blissey|move: Heal Bell\n|-curestatus|p2: Ting-Lu|tox|[msg]\n|-curestatus|p2: Talonflame|tox|[msg]\n|move|p1a: Clodsire|Spikes|p2a: Blissey\n|-sidestart|p2: golden Guard 70|Spikes\n|\n|upkeep\n|turn|15\n|\n|t:|1782449826\n|switch|p2a: Talonflame|Talonflame, F|82/100\n|move|p1a: Clodsire|Recover|p1a: Clodsire\n|-heal|p1a: Clodsire|100/100\n|\n|upkeep\n|turn|16\n|\n|t:|1782449835\n|move|p2a: Talonflame|Defog|p1a: Clodsire\n|-unboost|p1a: Clodsire|evasion|1\n|-sideend|p2: golden Guard 70|Spikes|[from] move: Defog|[of] p2a: Talonflame\n|move|p1a: Clodsire|Toxic|p2a: Talonflame\n|-status|p2a: Talonflame|tox\n|\n|-damage|p2a: Talonflame|76/100 tox|[from] psn\n|upkeep\n|turn|17\n|\n|t:|1782449845\n|move|p2a: Talonflame|U-turn|p1a: Clodsire\n|-resisted|p1a: Clodsire\n|-damage|p1a: Clodsire|94/100\n|\n|t:|1782449851\n|switch|p2a: Ting-Lu|Ting-Lu|88/100|[from] U-turn\n|-ability|p2a: Ting-Lu|Vessel of Ruin\n|move|p1a: Clodsire|Spikes|p2a: Ting-Lu\n|-sidestart|p2: golden Guard 70|Spikes\n|\n|-heal|p2a: Ting-Lu|94/100|[from] item: Leftovers\n|upkeep\n|turn|18\n|\n|t:|1782449864\n|switch|p1a: Corviknight|Corviknight, M|87/100\n|-ability|p1a: Corviknight|Pressure\n|move|p2a: Ting-Lu|Payback|p1a: Corviknight\n|-damage|p1a: Corviknight|76/100\n|\n|-heal|p2a: Ting-Lu|100/100|[from] item: Leftovers\n|upkeep\n|turn|19\n|\n|t:|1782449868\n|switch|p2a: Alomomola|Alomomola, M|100/100\n|-damage|p2a: Alomomola|88/100|[from] Spikes\n|move|p1a: Corviknight|Body Press|p2a: Alomomola\n|-damage|p2a: Alomomola|75/100\n|-damage|p1a: Corviknight|59/100|[from] item: Rocky Helmet|[of] p2a: Alomomola\n|\n|upkeep\n|turn|20\n|\n|t:|1782449876\n|switch|p1a: Clodsire|Clodsire, M|94/100\n|move|p2a: Alomomola|Scald|p1a: Clodsire\n|-supereffective|p1a: Clodsire\n|-damage|p1a: Clodsire|80/100\n|-status|p1a: Clodsire|brn\n|\n|-damage|p1a: Clodsire|74/100 brn|[from] brn\n|upkeep\n|turn|21\n|\n|t:|1782449892\n|move|p2a: Alomomola|Flip Turn|p1a: Clodsire\n|-supereffective|p1a: Clodsire\n|-damage|p1a: Clodsire|37/100 brn\n|\n|t:|1782449902\n|switch|p2a: Blissey|Blissey, F|82/100|[from] Flip Turn\n|move|p1a: Clodsire|Spikes|p2a: Blissey\n|-sidestart|p2: golden Guard 70|Spikes\n|\n|-damage|p1a: Clodsire|31/100 brn|[from] brn\n|upkeep\n|turn|22\n|\n|t:|1782449907\n|move|p2a: Blissey|Seismic Toss|p1a: Clodsire\n|-damage|p1a: Clodsire|10/100 brn\n|move|p1a: Clodsire|Recover|p1a: Clodsire\n|-heal|p1a: Clodsire|60/100 brn\n|\n|-damage|p1a: Clodsire|54/100 brn|[from] brn\n|upkeep\n|turn|23\n|\n|t:|1782449912\n|move|p2a: Blissey|Seismic Toss|p1a: Clodsire\n|-damage|p1a: Clodsire|32/100 brn\n|move|p1a: Clodsire|Earthquake|p2a: Blissey\n|-damage|p2a: Blissey|71/100\n|\n|-damage|p1a: Clodsire|26/100 brn|[from] brn\n|upkeep\n|turn|24\n|\n|t:|1782449922\n|move|p2a: Blissey|Seismic Toss|p1a: Clodsire\n|-damage|p1a: Clodsire|5/100 brn\n|move|p1a: Clodsire|Recover|p1a: Clodsire\n|-heal|p1a: Clodsire|55/100 brn\n|\n|-damage|p1a: Clodsire|49/100 brn|[from] brn\n|upkeep\n|turn|25\n|\n|t:|1782449929\n|switch|p1a: Alomomola|Alomomola, F|100/100\n|move|p2a: Blissey|Seismic Toss|p1a: Alomomola\n|-damage|p1a: Alomomola|79/100\n|\n|upkeep\n|turn|26\n|\n|t:|1782449935\n|move|p2a: Blissey|Thunder Wave|p1a: Alomomola\n|-status|p1a: Alomomola|par\n|move|p1a: Alomomola|Wish|p1a: Alomomola\n|\n|upkeep\n|turn|27\n|\n|t:|1782449945\n|switch|p2a: Kyurem|Kyurem|100/100\n|-damage|p2a: Kyurem|84/100|[from] Spikes\n|-ability|p2a: Kyurem|Pressure\n|cant|p1a: Alomomola|par\n|\n|-heal|p1a: Alomomola|100/100 par|[from] move: Wish|[wisher] Alomomola\n|upkeep\n|turn|28\n|\n|t:|1782449956\n|switch|p1a: Clefable|Clefable, F|100/100\n|move|p2a: Kyurem|Freeze-Dry|p1a: Clefable\n|-damage|p1a: Clefable|59/100\n|\n|-heal|p1a: Clefable|65/100|[from] item: Leftovers\n|upkeep\n|turn|29\n|\n|t:|1782449968\n|switch|p2a: Amoonguss|Amoonguss, F|100/100\n|move|p1a: Clefable|Moonblast|p2a: Amoonguss\n|-resisted|p2a: Amoonguss\n|-damage|p2a: Amoonguss|85/100\n|\n|-heal|p1a: Clefable|72/100|[from] item: Leftovers\n|upkeep\n|turn|30\n|\n|t:|1782449974\n|move|p1a: Clefable|Ice Beam|p2a: Amoonguss\n|-supereffective|p2a: Amoonguss\n|-damage|p2a: Amoonguss|42/100\n|move|p2a: Amoonguss|Clear Smog|p1a: Clefable\n|-supereffective|p1a: Clefable\n|-damage|p1a: Clefable|49/100\n|-clearboost|p1a: Clefable\n|\n|-heal|p1a: Clefable|55/100|[from] item: Leftovers\n|upkeep\n|turn|31\n|\n|t:|1782449982\n|switch|p2a: Blissey|Blissey, F|71/100\n|move|p1a: Clefable|Knock Off|p2a: Blissey\n|-damage|p2a: Blissey|56/100\n|-enditem|p2a: Blissey|Heavy-Duty Boots|[from] move: Knock Off|[of] p1a: Clefable\n|\n|-heal|p1a: Clefable|61/100|[from] item: Leftovers\n|upkeep\n|turn|32\n|\n|t:|1782449991\n|switch|p1a: Alomomola|Alomomola, F|100/100 par\n|move|p2a: Blissey|Soft-Boiled|p2a: Blissey\n|-heal|p2a: Blissey|100/100\n|\n|upkeep\n|turn|33\n|\n|t:|1782450001\n|move|p2a: Blissey|Heal Bell|p2a: Blissey\n|-activate|p2a: Blissey|move: Heal Bell\n|-curestatus|p2: Talonflame|tox|[msg]\n|move|p1a: Alomomola|Wish|p1a: Alomomola\n|\n|upkeep\n|turn|34\n|\n|t:|1782450008\n|switch|p2a: Talonflame|Talonflame, F|76/100\n|move|p1a: Alomomola|Flip Turn|p2a: Talonflame\n|-supereffective|p2a: Talonflame\n|-damage|p2a: Talonflame|49/100\n|\n|t:|1782450015\n|switch|p1a: Clodsire|Clodsire, M|49/100 brn|[from] Flip Turn\n|\n|-heal|p1a: Clodsire|99/100 brn|[from] move: Wish|[wisher] Alomomola\n|-damage|p1a: Clodsire|94/100 brn|[from] brn\n|upkeep\n|turn|35\n|\n|t:|1782450026\n|move|p2a: Talonflame|U-turn|p1a: Clodsire\n|-resisted|p1a: Clodsire\n|-damage|p1a: Clodsire|88/100 brn\n|\n|t:|1782450029\n|switch|p2a: Ting-Lu|Ting-Lu|100/100|[from] U-turn\n|-damage|p2a: Ting-Lu|84/100|[from] Spikes\n|-ability|p2a: Ting-Lu|Vessel of Ruin\n|move|p1a: Clodsire|Toxic|p2a: Ting-Lu\n|-status|p2a: Ting-Lu|tox\n|\n|-heal|p2a: Ting-Lu|90/100 tox|[from] item: Leftovers\n|-damage|p2a: Ting-Lu|84/100 tox|[from] psn\n|-damage|p1a: Clodsire|81/100 brn|[from] brn\n|upkeep\n|turn|36\n|\n|t:|1782450035\n|move|p2a: Ting-Lu|Payback|p1a: Clodsire\n|-damage|p1a: Clodsire|62/100 brn\n|move|p1a: Clodsire|Spikes|p2a: Ting-Lu\n|-sidestart|p2: golden Guard 70|Spikes\n|\n|-heal|p2a: Ting-Lu|90/100 tox|[from] item: Leftovers\n|-damage|p2a: Ting-Lu|78/100 tox|[from] psn\n|-damage|p1a: Clodsire|56/100 brn|[from] brn\n|upkeep\n|turn|37\n|\n|t:|1782450043\n|switch|p1a: Clefable|Clefable, F|61/100\n|move|p2a: Ting-Lu|Earthquake|p1a: Clefable\n|-damage|p1a: Clefable|15/100\n|\n|-heal|p2a: Ting-Lu|84/100 tox|[from] item: Leftovers\n|-heal|p1a: Clefable|21/100|[from] item: Leftovers\n|-damage|p2a: Ting-Lu|65/100 tox|[from] psn\n|upkeep\n|turn|38\n|\n|t:|1782450058\n|switch|p1a: Alomomola|Alomomola, F|100/100 par\n|-terastallize|p2a: Ting-Lu|Water\n|move|p2a: Ting-Lu|Rest|p2a: Ting-Lu\n|-status|p2a: Ting-Lu|slp|[from] move: Rest\n|-heal|p2a: Ting-Lu|100/100 slp|[silent]\n|\n|upkeep\n|turn|39\n|\n|t:|1782450066\n|cant|p2a: Ting-Lu|slp\n|move|p2a: Ting-Lu|Sleep Talk|p2a: Ting-Lu\n|move|p2a: Ting-Lu|Rest||[from] move: Sleep Talk|[still]\n|-fail|p2a: Ting-Lu\n|move|p1a: Alomomola|Wish|p1a: Alomomola\n|\n|upkeep\n|turn|40\n|\n|t:|1782450072\n|cant|p2a: Ting-Lu|slp\n|move|p2a: Ting-Lu|Sleep Talk|p2a: Ting-Lu\n|move|p2a: Ting-Lu|Earthquake|p1a: Alomomola|[from] move: Sleep Talk\n|-damage|p1a: Alomomola|76/100 par\n|move|p1a: Alomomola|Flip Turn|p2a: Ting-Lu\n|-resisted|p2a: Ting-Lu\n|-damage|p2a: Ting-Lu|96/100 slp\n|\n|t:|1782450074\n|switch|p1a: Clefable|Clefable, F|21/100|[from] Flip Turn\n|\n|-heal|p1a: Clefable|81/100|[from] move: Wish|[wisher] Alomomola\n|-heal|p2a: Ting-Lu|100/100 slp|[from] item: Leftovers\n|-heal|p1a: Clefable|88/100|[from] item: Leftovers\n|upkeep\n|turn|41\n|\n|t:|1782450086\n|switch|p1a: Toxapex|Toxapex, M|100/100 par\n|-curestatus|p2a: Ting-Lu|slp|[msg]\n|move|p2a: Ting-Lu|Earthquake|p1a: Toxapex\n|-supereffective|p1a: Toxapex\n|-damage|p1a: Toxapex|57/100 par\n|\n|upkeep\n|turn|42\n|\n|t:|1782450095\n|switch|p1a: Alomomola|Alomomola, F|100/100 par\n|move|p2a: Ting-Lu|Earthquake|p1a: Alomomola\n|-damage|p1a: Alomomola|76/100 par\n|\n|upkeep\n|turn|43\n|\n|t:|1782450105\n|switch|p2a: Alomomola|Alomomola, M|100/100\n|-damage|p2a: Alomomola|76/100|[from] Spikes\n|switch|p1a: Toxapex|Toxapex, M|90/100 par\n|\n|upkeep\n|turn|44\n|\n|t:|1782450115\n|move|p2a: Alomomola|Protect|p2a: Alomomola\n|-singleturn|p2a: Alomomola|Protect\n|move|p1a: Toxapex|Toxic|p2a: Alomomola\n|-activate|p2a: Alomomola|move: Protect\n|\n|upkeep\n|turn|45\n|\n|t:|1782450121\n|switch|p2a: Blissey|Blissey, F|100/100\n|-damage|p2a: Blissey|76/100|[from] Spikes\n|move|p1a: Toxapex|Toxic|p2a: Blissey\n|-status|p2a: Blissey|tox\n|\n|-damage|p2a: Blissey|69/100 tox|[from] psn\n|upkeep\n|turn|46\n|\n|t:|1782450130\n|move|p2a: Blissey|Seismic Toss|p1a: Toxapex\n|-damage|p1a: Toxapex|57/100 par\n|cant|p1a: Toxapex|par\n|\n|-damage|p2a: Blissey|57/100 tox|[from] psn\n|upkeep\n|turn|47\n|\n|t:|1782450136\n|move|p2a: Blissey|Seismic Toss|p1a: Toxapex\n|-damage|p1a: Toxapex|24/100 par\n|move|p1a: Toxapex|Poison Jab|p2a: Blissey\n|-damage|p2a: Blissey|41/100 tox\n|\n|-damage|p2a: Blissey|23/100 tox|[from] psn\n|upkeep\n|turn|48\n|\n|t:|1782450148\n|move|p2a: Blissey|Soft-Boiled|p2a: Blissey\n|-heal|p2a: Blissey|73/100 tox\n|cant|p1a: Toxapex|par\n|\n|-damage|p2a: Blissey|48/100 tox|[from] psn\n|upkeep\n|turn|49\n|\n|t:|1782450162\n|-curestatus|p2a: Blissey|tox|[from] ability: Natural Cure|[silent]\n|switch|p2a: Talonflame|Talonflame, F|49/100\n|switch|p1a: Alomomola|Alomomola, F|100/100 par\n|\n|upkeep\n|turn|50\n|\n|t:|1782450171\n|move|p2a: Talonflame|Roost|p2a: Talonflame\n|-heal|p2a: Talonflame|99/100\n|-singleturn|p2a: Talonflame|move: Roost\n|move|p1a: Alomomola|Flip Turn|p2a: Talonflame\n|-supereffective|p2a: Talonflame\n|-damage|p2a: Talonflame|72/100\n|\n|t:|1782450192\n|switch|p1a: Clodsire|Clodsire, M|56/100 brn|[from] Flip Turn\n|\n|-damage|p1a: Clodsire|50/100 brn|[from] brn\n|upkeep\n|turn|51\n|\n|t:|1782450197\n|move|p2a: Talonflame|Defog|p1a: Clodsire\n|-unboost|p1a: Clodsire|evasion|1\n|-sideend|p2: golden Guard 70|Spikes|[from] move: Defog|[of] p2a: Talonflame\n|move|p1a: Clodsire|Recover|p1a: Clodsire\n|-heal|p1a: Clodsire|99/100 brn\n|\n|-damage|p1a: Clodsire|94/100 brn|[from] brn\n|upkeep\n|turn|52\n|\n|t:|1782450203\n|move|p2a: Talonflame|U-turn|p1a: Clodsire\n|-resisted|p1a: Clodsire\n|-damage|p1a: Clodsire|87/100 brn\n|\n|t:|1782450207\n|switch|p2a: Amoonguss|Amoonguss, F|75/100|[from] U-turn\n|move|p1a: Clodsire|Toxic|p2a: Amoonguss\n|-immune|p2a: Amoonguss\n|\n|-damage|p1a: Clodsire|81/100 brn|[from] brn\n|upkeep\n|turn|53\n|\n|t:|1782450212\n|move|p2a: Amoonguss|Foul Play|p1a: Clodsire\n|-damage|p1a: Clodsire|62/100 brn\n|move|p1a: Clodsire|Spikes|p2a: Amoonguss\n|-sidestart|p2: golden Guard 70|Spikes\n|\n|-damage|p1a: Clodsire|56/100 brn|[from] brn\n|upkeep\n|turn|54\n|\n|t:|1782450218\n|move|p2a: Amoonguss|Foul Play|p1a: Clodsire\n|-damage|p1a: Clodsire|36/100 brn\n|move|p1a: Clodsire|Spikes|p2a: Amoonguss\n|-sidestart|p2: golden Guard 70|Spikes\n|\n|-damage|p1a: Clodsire|30/100 brn|[from] brn\n|upkeep\n|turn|55\n|\n|t:|1782450227\n|switch|p1a: Clefable|Clefable, F|88/100\n|move|p2a: Amoonguss|Foul Play|p1a: Clefable\n|-resisted|p1a: Clefable\n|-crit|p1a: Clefable\n|-damage|p1a: Clefable|73/100\n|\n|-heal|p1a: Clefable|79/100|[from] item: Leftovers\n|upkeep\n|turn|56\n|\n|t:|1782450233\n|move|p1a: Clefable|Knock Off|p2a: Amoonguss\n|-damage|p2a: Amoonguss|62/100\n|-enditem|p2a: Amoonguss|Heavy-Duty Boots|[from] move: Knock Off|[of] p1a: Clefable\n|move|p2a: Amoonguss|Clear Smog|p1a: Clefable\n|-supereffective|p1a: Clefable\n|-damage|p1a: Clefable|59/100\n|-clearboost|p1a: Clefable\n|\n|-heal|p1a: Clefable|65/100|[from] item: Leftovers\n|upkeep\n|turn|57\n|\n|t:|1782450239\n|move|p1a: Clefable|Ice Beam|p2a: Amoonguss\n|-supereffective|p2a: Amoonguss\n|-damage|p2a: Amoonguss|23/100\n|move|p2a: Amoonguss|Clear Smog|p1a: Clefable\n|-supereffective|p1a: Clefable\n|-damage|p1a: Clefable|45/100\n|-clearboost|p1a: Clefable\n|\n|-heal|p1a: Clefable|51/100|[from] item: Leftovers\n|upkeep\n|turn|58\n|\n|t:|1782450247\n|switch|p2a: Alomomola|Alomomola, M|100/100\n|-damage|p2a: Alomomola|84/100|[from] Spikes\n|move|p1a: Clefable|Knock Off|p2a: Alomomola\n|-damage|p2a: Alomomola|75/100\n|-enditem|p2a: Alomomola|Rocky Helmet|[from] move: Knock Off|[of] p1a: Clefable\n|\n|-heal|p1a: Clefable|57/100|[from] item: Leftovers\n|upkeep\n|turn|59\n|\n|t:|1782450268\n|switch|p1a: Alomomola|Alomomola, F|100/100 par\n|move|p2a: Alomomola|Wish|p2a: Alomomola\n|\n|upkeep\n|turn|60\n|\n|t:|1782450274\n|switch|p2a: Blissey|Blissey, F|48/100\n|-damage|p2a: Blissey|32/100|[from] Spikes\n|cant|p1a: Alomomola|par\n|\n|-heal|p2a: Blissey|69/100|[from] move: Wish|[wisher] Alomomola\n|upkeep\n|turn|61\n|\n|t:|1782450281\n|move|p2a: Blissey|Seismic Toss|p1a: Alomomola\n|-damage|p1a: Alomomola|79/100 par\n|cant|p1a: Alomomola|par\n|\n|upkeep\n|turn|62\n|\n|t:|1782450287\n|move|p2a: Blissey|Seismic Toss|p1a: Alomomola\n|-damage|p1a: Alomomola|58/100 par\n|move|p1a: Alomomola|Wish|p1a: Alomomola\n|\n|upkeep\n|turn|63\n|\n|t:|1782450292\n|move|p2a: Blissey|Seismic Toss|p1a: Alomomola\n|-damage|p1a: Alomomola|37/100 par\n|move|p1a: Alomomola|Flip Turn|p2a: Blissey\n|-damage|p2a: Blissey|55/100\n|\n|t:|1782450298\n|switch|p1a: Clodsire|Clodsire, M|30/100 brn|[from] Flip Turn\n|\n|-heal|p1a: Clodsire|81/100 brn|[from] move: Wish|[wisher] Alomomola\n|-damage|p1a: Clodsire|75/100 brn|[from] brn\n|upkeep\n|turn|64\n|\n|t:|1782450305\n|switch|p2a: Amoonguss|Amoonguss, F|56/100\n|-damage|p2a: Amoonguss|40/100|[from] Spikes\n|move|p1a: Clodsire|Spikes|p2a: Amoonguss\n|-sidestart|p2: golden Guard 70|Spikes\n|\n|-damage|p1a: Clodsire|69/100 brn|[from] brn\n|upkeep\n|turn|65\n|\n|t:|1782450312\n|move|p2a: Amoonguss|Synthesis|p2a: Amoonguss\n|-heal|p2a: Amoonguss|90/100\n|move|p1a: Clodsire|Earthquake|p2a: Amoonguss\n|-damage|p2a: Amoonguss|80/100\n|\n|-damage|p1a: Clodsire|63/100 brn|[from] brn\n|upkeep\n|turn|66\n|\n|t:|1782450320\n|switch|p1a: Toxapex|Toxapex, M|58/100 par\n|move|p2a: Amoonguss|Foul Play|p1a: Toxapex\n|-damage|p1a: Toxapex|48/100 par\n|\n|upkeep\n|turn|67\n|\n|t:|1782450326\n|switch|p1a: Corviknight|Corviknight, M|59/100\n|-ability|p1a: Corviknight|Pressure\n|move|p2a: Amoonguss|Foul Play|p1a: Corviknight\n|-damage|p1a: Corviknight|50/100\n|\n|upkeep\n|turn|68\n|\n|t:|1782450334\n|switch|p2a: Talonflame|Talonflame, F|72/100\n|move|p1a: Corviknight|Roost|p1a: Corviknight\n|-heal|p1a: Corviknight|99/100\n|-singleturn|p1a: Corviknight|move: Roost\n|\n|upkeep\n|turn|69\n|\n|t:|1782450339\n|switch|p1a: Toxapex|Toxapex, M|81/100 par\n|move|p2a: Talonflame|Defog|p1a: Toxapex\n|-unboost|p1a: Toxapex|evasion|1\n|-sideend|p2: golden Guard 70|Spikes|[from] move: Defog|[of] p2a: Talonflame\n|\n|upkeep\n|turn|70\n|\n|t:|1782450346\n|switch|p1a: Alomomola|Alomomola, F|71/100 par\n|move|p2a: Talonflame|U-turn|p1a: Alomomola\n|-damage|p1a: Alomomola|62/100 par\n|\n|t:|1782450350\n|switch|p2a: Kyurem|Kyurem|84/100|[from] U-turn\n|-ability|p2a: Kyurem|Pressure\n|\n|upkeep\n|turn|71\n|\n|t:|1782450355\n|switch|p1a: Toxapex|Toxapex, M|100/100 par\n|move|p2a: Kyurem|Ice Beam|p1a: Toxapex\n|-resisted|p1a: Toxapex\n|-damage|p1a: Toxapex|70/100 par\n|\n|upkeep\n|turn|72\n|\n|t:|1782450370\n|switch|p2a: Blissey|Blissey, F|55/100\n|switch|p1a: Alomomola|Alomomola, F|96/100 par\n|\n|upkeep\n|turn|73\n|\n|t:|1782450381\n|switch|p2a: Alomomola|Alomomola, M|100/100\n|switch|p1a: Corviknight|Corviknight, M|99/100\n|-ability|p1a: Corviknight|Pressure\n|\n|upkeep\n|turn|74\n|\n|t:|1782450386\n|switch|p1a: Clefable|Clefable, F|57/100\n|move|p2a: Alomomola|Scald|p1a: Clefable\n|-damage|p1a: Clefable|47/100\n|\n|-heal|p1a: Clefable|54/100|[from] item: Leftovers\n|upkeep\n|turn|75\n|\n|t:|1782450400\n|move|p2a: Alomomola|Flip Turn|p1a: Clefable\n|-damage|p1a: Clefable|36/100\n|\n|t:|1782450406\n|switch|p2a: Ting-Lu|Ting-Lu, tera:Water|100/100|[from] Flip Turn\n|-ability|p2a: Ting-Lu|Vessel of Ruin\n|move|p1a: Clefable|Moonlight|p1a: Clefable\n|-heal|p1a: Clefable|86/100\n|\n|-heal|p1a: Clefable|92/100|[from] item: Leftovers\n|upkeep\n|turn|76\n|\n|t:|1782450415\n|move|p2a: Ting-Lu|Payback|p1a: Clefable\n|-resisted|p1a: Clefable\n|-damage|p1a: Clefable|82/100\n|move|p1a: Clefable|Knock Off|p2a: Ting-Lu\n|-damage|p2a: Ting-Lu|91/100\n|-enditem|p2a: Ting-Lu|Leftovers|[from] move: Knock Off|[of] p1a: Clefable\n|\n|-heal|p1a: Clefable|88/100|[from] item: Leftovers\n|upkeep\n|turn|77\n|\n|t:|1782450428\n|switch|p1a: Toxapex|Toxapex, M|100/100 par\n|move|p2a: Ting-Lu|Earthquake|p1a: Toxapex\n|-supereffective|p1a: Toxapex\n|-damage|p1a: Toxapex|55/100 par\n|\n|upkeep\n|turn|78\n|\n|t:|1782450434\n|switch|p1a: Alomomola|Alomomola, F|100/100 par\n|move|p2a: Ting-Lu|Earthquake|p1a: Alomomola\n|-damage|p1a: Alomomola|74/100 par\n|\n|upkeep\n|turn|79\n|\n|t:|1782450442\n|switch|p2a: Kyurem|Kyurem|84/100\n|-ability|p2a: Kyurem|Pressure\n|switch|p1a: Toxapex|Toxapex, M|88/100 par\n|\n|upkeep\n|turn|80\n|\n|t:|1782450452\n|move|p2a: Kyurem|Freeze-Dry|p1a: Toxapex\n|-supereffective|p1a: Toxapex\n|-damage|p1a: Toxapex|0 fnt\n|faint|p1a: Toxapex\n|\n|upkeep\n|\n|t:|1782450455\n|switch|p1a: Alomomola|Alomomola, F|100/100 par\n|turn|81\n|\n|t:|1782450458\n|move|p2a: Kyurem|Freeze-Dry|p1a: Alomomola\n|-supereffective|p1a: Alomomola\n|-damage|p1a: Alomomola|6/100 par\n|move|p1a: Alomomola|Mirror Coat|p2a: Kyurem\n|-damage|p2a: Kyurem|0 fnt\n|faint|p2a: Kyurem\n|\n|upkeep\n|l|☆golden Guard 70\n|inactive|golden Guard 70 disconnected and has a minute to reconnect!\n|player|p2|\n|inactive|golden Guard 70 has 30 seconds to reconnect!\n|j|☆golden Guard 70\n|inactive|golden Guard 70 reconnected and has 100 seconds left.\n|player|p2|golden Guard 70|rocketgrunt|\n|inactive|golden Guard 70 has 90 seconds left.\n|\n|t:|1782450523\n|switch|p2a: Talonflame|Talonflame, F|72/100\n|turn|82\n|\n|t:|1782450530\n|switch|p1a: Clefable|Clefable, F|88/100\n|move|p2a: Talonflame|Overheat|p1a: Clefable\n|-damage|p1a: Clefable|63/100\n|-unboost|p2a: Talonflame|spa|2\n|\n|-heal|p1a: Clefable|70/100|[from] item: Leftovers\n|upkeep\n|turn|83\n|\n|t:|1782450547\n|move|p2a: Talonflame|U-turn|p1a: Clefable\n|-resisted|p1a: Clefable\n|-damage|p1a: Clefable|63/100\n|\n|t:|1782450557\n|switch|p2a: Amoonguss|Amoonguss, F|100/100|[from] U-turn\n|move|p1a: Clefable|Knock Off|p2a: Amoonguss\n|-damage|p2a: Amoonguss|92/100\n|\n|-heal|p1a: Clefable|69/100|[from] item: Leftovers\n|upkeep\n|turn|84\n|\n|t:|1782450569\n|move|p1a: Clefable|Ice Beam|p2a: Amoonguss\n|-supereffective|p2a: Amoonguss\n|-damage|p2a: Amoonguss|53/100\n|move|p2a: Amoonguss|Clear Smog|p1a: Clefable\n|-supereffective|p1a: Clefable\n|-damage|p1a: Clefable|47/100\n|-clearboost|p1a: Clefable\n|\n|-heal|p1a: Clefable|54/100|[from] item: Leftovers\n|upkeep\n|turn|85\n|\n|t:|1782450577\n|move|p1a: Clefable|Ice Beam|p2a: Amoonguss\n|-supereffective|p2a: Amoonguss\n|-damage|p2a: Amoonguss|15/100\n|move|p2a: Amoonguss|Clear Smog|p1a: Clefable\n|-supereffective|p1a: Clefable\n|-crit|p1a: Clefable\n|-damage|p1a: Clefable|24/100\n|-clearboost|p1a: Clefable\n|\n|-heal|p1a: Clefable|30/100|[from] item: Leftovers\n|upkeep\n|turn|86\n|\n|t:|1782450591\n|switch|p2a: Ting-Lu|Ting-Lu, tera:Water|91/100\n|-ability|p2a: Ting-Lu|Vessel of Ruin\n|move|p1a: Clefable|Moonblast|p2a: Ting-Lu\n|-damage|p2a: Ting-Lu|77/100\n|\n|-heal|p1a: Clefable|36/100|[from] item: Leftovers\n|upkeep\n|turn|87\n|\n|t:|1782450606\n|switch|p1a: Alomomola|Alomomola, F|39/100 par\n|move|p2a: Ting-Lu|Earthquake|p1a: Alomomola\n|-damage|p1a: Alomomola|15/100 par\n|\n|upkeep\n|turn|88\n|\n|t:|1782450617\n|switch|p1a: Corviknight|Corviknight, M|99/100\n|-ability|p1a: Corviknight|Pressure\n|move|p2a: Ting-Lu|Payback|p1a: Corviknight\n|-damage|p1a: Corviknight|87/100\n|\n|upkeep\n|turn|89\n|\n|t:|1782450623\n|switch|p1a: Alomomola|Alomomola, F|49/100 par\n|switch|p2a: Talonflame|Talonflame, F|72/100\n|\n|upkeep\n|turn|90\n|\n|t:|1782450636\n|switch|p1a: Clefable|Clefable, F|36/100\n|move|p2a: Talonflame|U-turn|p1a: Clefable\n|-resisted|p1a: Clefable\n|-damage|p1a: Clefable|29/100\n|\n|t:|1782450642\n|switch|p2a: Ting-Lu|Ting-Lu, tera:Water|77/100|[from] U-turn\n|-ability|p2a: Ting-Lu|Vessel of Ruin\n|\n|-heal|p1a: Clefable|36/100|[from] item: Leftovers\n|upkeep\n|turn|91\n|\n|t:|1782450652\n|switch|p1a: Alomomola|Alomomola, F|82/100 par\n|move|p2a: Ting-Lu|Earthquake|p1a: Alomomola\n|-damage|p1a: Alomomola|59/100 par\n|\n|upkeep\n|turn|92\n|\n|t:|1782450658\n|switch|p2a: Amoonguss|Amoonguss, F|48/100\n|cant|p1a: Alomomola|par\n|\n|upkeep\n|turn|93\n|\n|t:|1782450665\n|switch|p1a: Clefable|Clefable, F|36/100\n|move|p2a: Amoonguss|Clear Smog|p1a: Clefable\n|-supereffective|p1a: Clefable\n|-damage|p1a: Clefable|16/100\n|-clearboost|p1a: Clefable\n|\n|-heal|p1a: Clefable|22/100|[from] item: Leftovers\n|upkeep\n|turn|94\n|\n|t:|1782450675\n|move|p1a: Clefable|Moonlight|p1a: Clefable\n|-heal|p1a: Clefable|72/100\n|move|p2a: Amoonguss|Clear Smog|p1a: Clefable\n|-supereffective|p1a: Clefable\n|-damage|p1a: Clefable|52/100\n|-clearboost|p1a: Clefable\n|\n|-heal|p1a: Clefable|58/100|[from] item: Leftovers\n|upkeep\n|turn|95\n|\n|t:|1782450681\n|switch|p2a: Blissey|Blissey, F|55/100\n|move|p1a: Clefable|Ice Beam|p2a: Blissey\n|-damage|p2a: Blissey|47/100\n|\n|-heal|p1a: Clefable|64/100|[from] item: Leftovers\n|upkeep\n|turn|96\n|\n|t:|1782450698\n|switch|p1a: Corviknight|Corviknight, M|87/100\n|-ability|p1a: Corviknight|Pressure\n|move|p2a: Blissey|Thunder Wave|p1a: Corviknight\n|-status|p1a: Corviknight|par\n|\n|upkeep\n|turn|97\n|\n|t:|1782450704\n|switch|p2a: Talonflame|Talonflame, F|72/100\n|switch|p1a: Clodsire|Clodsire, M|63/100 brn\n|\n|-damage|p1a: Clodsire|57/100 brn|[from] brn\n|upkeep\n|turn|98\n|\n|t:|1782450710\n|move|p2a: Talonflame|U-turn|p1a: Clodsire\n|-resisted|p1a: Clodsire\n|-damage|p1a: Clodsire|51/100 brn\n|\n|t:|1782450713\n|switch|p2a: Blissey|Blissey, F|47/100|[from] U-turn\n|move|p1a: Clodsire|Recover|p1a: Clodsire\n|-heal|p1a: Clodsire|100/100 brn\n|\n|-damage|p1a: Clodsire|94/100 brn|[from] brn\n|upkeep\n|turn|99\n|\n|t:|1782450717\n|move|p2a: Blissey|Soft-Boiled|p2a: Blissey\n|-heal|p2a: Blissey|97/100\n|move|p1a: Clodsire|Toxic|p2a: Blissey\n|-status|p2a: Blissey|tox\n|\n|-damage|p2a: Blissey|91/100 tox|[from] psn\n|-damage|p1a: Clodsire|88/100 brn|[from] brn\n|upkeep\n|turn|100\n|\n|t:|1782450725\n|-curestatus|p2a: Blissey|tox|[from] ability: Natural Cure|[silent]\n|switch|p2a: Amoonguss|Amoonguss, F|81/100\n|move|p1a: Clodsire|Toxic|p2a: Amoonguss\n|-immune|p2a: Amoonguss\n|\n|-damage|p1a: Clodsire|82/100 brn|[from] brn\n|upkeep\n|turn|101\n|\n|t:|1782450737\n|switch|p1a: Alomomola|Alomomola, F|92/100 par\n|move|p2a: Amoonguss|Foul Play|p1a: Alomomola\n|-damage|p1a: Alomomola|80/100 par\n|\n|upkeep\n|turn|102\n|\n|t:|1782450744\n|switch|p1a: Corviknight|Corviknight, M|87/100 par\n|-ability|p1a: Corviknight|Pressure\n|move|p2a: Amoonguss|Clear Smog|p1a: Corviknight\n|-immune|p1a: Corviknight\n|\n|upkeep\n|turn|103\n|\n|t:|1782450756\n|switch|p2a: Alomomola|Alomomola, M|100/100\n|move|p1a: Corviknight|Iron Defense|p1a: Corviknight\n|-boost|p1a: Corviknight|def|2\n|\n|upkeep\n|turn|104\n|\n|t:|1782450769\n|move|p2a: Alomomola|Scald|p1a: Corviknight\n|-damage|p1a: Corviknight|74/100 par\n|cant|p1a: Corviknight|par\n|\n|upkeep\n|turn|105\n|\n|t:|1782450774\n|move|p2a: Alomomola|Scald|p1a: Corviknight\n|-damage|p1a: Corviknight|59/100 par\n|move|p1a: Corviknight|Iron Defense|p1a: Corviknight\n|-boost|p1a: Corviknight|def|2\n|\n|upkeep\n|turn|106\n|\n|t:|1782450780\n|move|p2a: Alomomola|Flip Turn|p1a: Corviknight\n|-damage|p1a: Corviknight|55/100 par\n|\n|t:|1782450783\n|switch|p2a: Talonflame|Talonflame, F|72/100|[from] Flip Turn\n|move|p1a: Corviknight|Body Press|p2a: Talonflame\n|-resisted|p2a: Talonflame\n|-damage|p2a: Talonflame|41/100\n|\n|upkeep\n|turn|107\n|\n|t:|1782450792\n|switch|p1a: Clodsire|Clodsire, M|82/100 brn\n|move|p2a: Talonflame|Roost|p2a: Talonflame\n|-heal|p2a: Talonflame|92/100\n|-singleturn|p2a: Talonflame|move: Roost\n|\n|-damage|p1a: Clodsire|76/100 brn|[from] brn\n|upkeep\n|turn|108\n|\n|t:|1782450798\n|move|p2a: Talonflame|U-turn|p1a: Clodsire\n|-resisted|p1a: Clodsire\n|-damage|p1a: Clodsire|70/100 brn\n|\n|t:|1782450803\n|switch|p2a: Amoonguss|Amoonguss, F|100/100|[from] U-turn\n|move|p1a: Clodsire|Toxic|p2a: Amoonguss\n|-immune|p2a: Amoonguss\n|\n|-damage|p1a: Clodsire|64/100 brn|[from] brn\n|upkeep\n|turn|109\n|\n|t:|1782450817\n|move|p2a: Amoonguss|Foul Play|p1a: Clodsire\n|-damage|p1a: Clodsire|47/100 brn\n|move|p1a: Clodsire|Spikes|p2a: Amoonguss\n|-sidestart|p2: golden Guard 70|Spikes\n|\n|-damage|p1a: Clodsire|40/100 brn|[from] brn\n|upkeep\n|turn|110\n|\n|t:|1782450823\n|move|p2a: Amoonguss|Foul Play|p1a: Clodsire\n|-damage|p1a: Clodsire|21/100 brn\n|move|p1a: Clodsire|Recover|p1a: Clodsire\n|-heal|p1a: Clodsire|71/100 brn\n|\n|-damage|p1a: Clodsire|65/100 brn|[from] brn\n|upkeep\n|turn|111\n|\n|t:|1782450835\n|move|p2a: Amoonguss|Clear Smog|p1a: Clodsire\n|-resisted|p1a: Clodsire\n|-damage|p1a: Clodsire|63/100 brn\n|-clearboost|p1a: Clodsire\n|move|p1a: Clodsire|Spikes|p2a: Amoonguss\n|-sidestart|p2: golden Guard 70|Spikes\n|\n|-damage|p1a: Clodsire|57/100 brn|[from] brn\n|upkeep\n|turn|112\n|\n|t:|1782450843\n|switch|p1a: Alomomola|Alomomola, F|100/100 par\n|move|p2a: Amoonguss|Foul Play|p1a: Alomomola\n|-damage|p1a: Alomomola|90/100 par\n|\n|upkeep\n|turn|113\n|\n|t:|1782450850\n|switch|p2a: Talonflame|Talonflame, F|92/100\n|move|p1a: Alomomola|Flip Turn|p2a: Talonflame\n|-supereffective|p2a: Talonflame\n|-damage|p2a: Talonflame|65/100\n|\n|t:|1782450860\n|switch|p1a: Clodsire|Clodsire, M|57/100 brn|[from] Flip Turn\n|\n|-damage|p1a: Clodsire|51/100 brn|[from] brn\n|upkeep\n|turn|114\n|\n|t:|1782450865\n|move|p2a: Talonflame|U-turn|p1a: Clodsire\n|-resisted|p1a: Clodsire\n|-damage|p1a: Clodsire|44/100 brn\n|\n|t:|1782450873\n|switch|p2a: Amoonguss|Amoonguss, F|100/100|[from] U-turn\n|-damage|p2a: Amoonguss|84/100|[from] Spikes\n|move|p1a: Clodsire|Toxic|p2a: Amoonguss\n|-immune|p2a: Amoonguss\n|\n|-damage|p1a: Clodsire|38/100 brn|[from] brn\n|upkeep\n|turn|115\n|\n|t:|1782450880\n|move|p2a: Amoonguss|Foul Play|p1a: Clodsire\n|-crit|p1a: Clodsire\n|-damage|p1a: Clodsire|9/100 brn\n|move|p1a: Clodsire|Recover|p1a: Clodsire\n|-heal|p1a: Clodsire|59/100 brn\n|\n|-damage|p1a: Clodsire|53/100 brn|[from] brn\n|upkeep\n|turn|116\n|\n|t:|1782450899\n|switch|p1a: Corviknight|Corviknight, M|55/100 par\n|-ability|p1a: Corviknight|Pressure\n|move|p2a: Amoonguss|Clear Smog|p1a: Corviknight\n|-immune|p1a: Corviknight\n|\n|upkeep\n|turn|117\n|\n|t:|1782450911\n|switch|p2a: Talonflame|Talonflame, F|65/100\n|move|p1a: Corviknight|Roost|p1a: Corviknight\n|-heal|p1a: Corviknight|100/100 par\n|-singleturn|p1a: Corviknight|move: Roost\n|\n|upkeep\n|turn|118\n|\n|t:|1782450920\n|switch|p1a: Alomomola|Alomomola, F|100/100 par\n|move|p2a: Talonflame|Defog|p1a: Alomomola\n|-unboost|p1a: Alomomola|evasion|1\n|-sideend|p2: golden Guard 70|Spikes|[from] move: Defog|[of] p2a: Talonflame\n|\n|upkeep\n|turn|119\n|\n|t:|1782450931\n|move|p2a: Talonflame|U-turn|p1a: Alomomola\n|-damage|p1a: Alomomola|93/100 par\n|\n|t:|1782450938\n|switch|p2a: Alomomola|Alomomola, M|100/100|[from] U-turn\n|move|p1a: Alomomola|Flip Turn|p2a: Alomomola\n|-resisted|p2a: Alomomola\n|-damage|p2a: Alomomola|96/100\n|\n|t:|1782450946\n|switch|p1a: Corviknight|Corviknight, M|100/100 par|[from] Flip Turn\n|-ability|p1a: Corviknight|Pressure\n|\n|upkeep\n|turn|120\n|\n|t:|1782450952\n|move|p2a: Alomomola|Flip Turn|p1a: Corviknight\n|-damage|p1a: Corviknight|89/100 par\n|\n|t:|1782450956\n|switch|p2a: Talonflame|Talonflame, F|65/100|[from] Flip Turn\n|cant|p1a: Corviknight|par\n|\n|upkeep\n|turn|121\n|\n|t:|1782450963\n|switch|p1a: Clefable|Clefable, F|64/100\n|move|p2a: Talonflame|Overheat|p1a: Clefable\n|-damage|p1a: Clefable|38/100\n|-unboost|p2a: Talonflame|spa|2\n|\n|-heal|p1a: Clefable|44/100|[from] item: Leftovers\n|upkeep\n|turn|122\n|\n|t:|1782450975\n|move|p2a: Talonflame|U-turn|p1a: Clefable\n|-resisted|p1a: Clefable\n|-damage|p1a: Clefable|37/100\n|\n|t:|1782450986\n|switch|p2a: Ting-Lu|Ting-Lu, tera:Water|77/100|[from] U-turn\n|-ability|p2a: Ting-Lu|Vessel of Ruin\n|move|p1a: Clefable|Moonlight|p1a: Clefable\n|-heal|p1a: Clefable|87/100\n|\n|-heal|p1a: Clefable|93/100|[from] item: Leftovers\n|upkeep\n|turn|123\n|\n|t:|1782451006\n|switch|p2a: Alomomola|Alomomola, M|100/100\n|switch|p1a: Alomomola|Alomomola, F|100/100 par\n|\n|upkeep\n|turn|124\n|\n|t:|1782451014\n|switch|p1a: Corviknight|Corviknight, M|89/100 par\n|-ability|p1a: Corviknight|Pressure\n|move|p2a: Alomomola|Flip Turn|p1a: Corviknight\n|-damage|p1a: Corviknight|78/100 par\n|\n|t:|1782451017\n|switch|p2a: Talonflame|Talonflame, F|65/100|[from] Flip Turn\n|\n|upkeep\n|turn|125\n|\n|t:|1782451034\n|switch|p1a: Alomomola|Alomomola, F|100/100 par\n|move|p2a: Talonflame|U-turn|p1a: Alomomola\n|-damage|p1a: Alomomola|92/100 par\n|\n|t:|1782451038\n|switch|p2a: Blissey|Blissey, F|91/100|[from] U-turn\n|\n|upkeep\n|turn|126\n|\n|t:|1782451046\n|move|p2a: Blissey|Thunder Wave|p1a: Alomomola\n|-fail|p1a: Alomomola|par\n|move|p1a: Alomomola|Flip Turn|p2a: Blissey\n|-damage|p2a: Blissey|76/100\n|\n|t:|1782451053\n|switch|p1a: Clodsire|Clodsire, M|53/100 brn|[from] Flip Turn\n|\n|-damage|p1a: Clodsire|47/100 brn|[from] brn\n|upkeep\n|turn|127\n|\n|t:|1782451058\n|move|p2a: Blissey|Seismic Toss|p1a: Clodsire\n|-damage|p1a: Clodsire|25/100 brn\n|move|p1a: Clodsire|Recover|p1a: Clodsire\n|-heal|p1a: Clodsire|75/100 brn\n|\n|-damage|p1a: Clodsire|69/100 brn|[from] brn\n|upkeep\n|turn|128\n|\n|t:|1782451063\n|switch|p1a: Alomomola|Alomomola, F|100/100 par\n|move|p2a: Blissey|Seismic Toss|p1a: Alomomola\n|-damage|p1a: Alomomola|79/100 par\n|\n|upkeep\n|turn|129\n|\n|t:|1782451070\n|switch|p2a: Alomomola|Alomomola, M|100/100\n|cant|p1a: Alomomola|par\n|\n|upkeep\n|turn|130\n|\n|t:|1782451082\n|switch|p1a: Clefable|Clefable, F|93/100\n|move|p2a: Alomomola|Scald|p1a: Clefable\n|-damage|p1a: Clefable|84/100\n|\n|-heal|p1a: Clefable|90/100|[from] item: Leftovers\n|upkeep\n|turn|131\n|\n|t:|1782451088\n|switch|p1a: Alomomola|Alomomola, F|100/100 par\n|move|p2a: Alomomola|Flip Turn|p1a: Alomomola\n|-resisted|p1a: Alomomola\n|-damage|p1a: Alomomola|95/100 par\n|\n|t:|1782451094\n|switch|p2a: Talonflame|Talonflame, F|65/100|[from] Flip Turn\n|\n|upkeep\n|turn|132\n|\n|t:|1782451097\n|move|p2a: Talonflame|U-turn|p1a: Alomomola\n|-damage|p1a: Alomomola|87/100 par\n|\n|t:|1782451100\n|switch|p2a: Alomomola|Alomomola, M|100/100|[from] U-turn\n|move|p1a: Alomomola|Flip Turn|p2a: Alomomola\n|-resisted|p2a: Alomomola\n|-damage|p2a: Alomomola|96/100\n|\n|t:|1782451104\n|switch|p1a: Corviknight|Corviknight, M|78/100 par|[from] Flip Turn\n|-ability|p1a: Corviknight|Pressure\n|\n|upkeep\n|turn|133\n|\n|t:|1782451107\n|move|p2a: Alomomola|Flip Turn|p1a: Corviknight\n|-damage|p1a: Corviknight|67/100 par\n|\n|t:|1782451110\n|switch|p2a: Talonflame|Talonflame, F|65/100|[from] Flip Turn\n|move|p1a: Corviknight|Iron Defense|p1a: Corviknight\n|-boost|p1a: Corviknight|def|2\n|\n|upkeep\n|turn|134\n|\n|t:|1782451115\n|switch|p1a: Clefable|Clefable, F|90/100\n|move|p2a: Talonflame|Overheat|p1a: Clefable\n|-damage|p1a: Clefable|64/100\n|-unboost|p2a: Talonflame|spa|2\n|\n|-heal|p1a: Clefable|70/100|[from] item: Leftovers\n|upkeep\n|turn|135\n|\n|t:|1782451122\n|switch|p1a: Corviknight|Corviknight, M|67/100 par\n|-ability|p1a: Corviknight|Pressure\n|move|p2a: Talonflame|U-turn|p1a: Corviknight\n|-resisted|p1a: Corviknight\n|-damage|p1a: Corviknight|65/100 par\n|\n|t:|1782451129\n|switch|p2a: Alomomola|Alomomola, M|100/100|[from] U-turn\n|\n|upkeep\n|turn|136\n|\n|t:|1782451133\n|move|p2a: Alomomola|Flip Turn|p1a: Corviknight\n|-damage|p1a: Corviknight|53/100 par\n|\n|t:|1782451136\n|switch|p2a: Talonflame|Talonflame, F|65/100|[from] Flip Turn\n|cant|p1a: Corviknight|par\n|\n|upkeep\n|turn|137\n|\n|t:|1782451139\n|switch|p1a: Alomomola|Alomomola, F|100/100 par\n|move|p2a: Talonflame|U-turn|p1a: Alomomola\n|-damage|p1a: Alomomola|92/100 par\n|\n|t:|1782451143\n|switch|p2a: Blissey|Blissey, F|76/100|[from] U-turn\n|\n|upkeep\n|turn|138\n|\n|t:|1782451149\n|move|p2a: Blissey|Seismic Toss|p1a: Alomomola\n|-damage|p1a: Alomomola|71/100 par\n|cant|p1a: Alomomola|par\n|\n|upkeep\n|turn|139\n|\n|t:|1782451158\n|move|p2a: Blissey|Seismic Toss|p1a: Alomomola\n|-damage|p1a: Alomomola|50/100 par\n|move|p1a: Alomomola|Flip Turn|p2a: Blissey\n|-damage|p2a: Blissey|62/100\n|\n|t:|1782451167\n|switch|p1a: Clefable|Clefable, F|70/100|[from] Flip Turn\n|\n|-heal|p1a: Clefable|76/100|[from] item: Leftovers\n|upkeep\n|turn|140\n|\n|t:|1782451179\n|move|p2a: Blissey|Thunder Wave|p1a: Clefable\n|-status|p1a: Clefable|par\n|cant|p1a: Clefable|par\n|\n|-heal|p1a: Clefable|82/100 par|[from] item: Leftovers\n|upkeep\n|turn|141\n|c|☆golden Guard 70|Bro\n|\n|t:|1782451188\n|move|p2a: Blissey|Seismic Toss|p1a: Clefable\n|-damage|p1a: Clefable|57/100 par\n|move|p1a: Clefable|Moonblast|p2a: Blissey\n|-damage|p2a: Blissey|51/100\n|\n|-heal|p1a: Clefable|63/100 par|[from] item: Leftovers\n|upkeep\n|turn|142\n|c|☆golden Guard 70|Why are you doing this?\n|\n|t:|1782451202\n|switch|p1a: Alomomola|Alomomola, F|84/100 par\n|move|p2a: Blissey|Seismic Toss|p1a: Alomomola\n|-damage|p1a: Alomomola|63/100 par\n|\n|upkeep\n|turn|143\n|\n|t:|1782451210\n|switch|p2a: Alomomola|Alomomola, M|100/100\n|move|p1a: Alomomola|Wish|p1a: Alomomola\n|\n|upkeep\n|turn|144\n|\n|t:|1782451215\n|switch|p1a: Corviknight|Corviknight, M|53/100 par\n|-ability|p1a: Corviknight|Pressure\n|move|p2a: Alomomola|Flip Turn|p1a: Corviknight\n|-damage|p1a: Corviknight|42/100 par\n|\n|t:|1782451219\n|switch|p2a: Talonflame|Talonflame, F|65/100|[from] Flip Turn\n|\n|-heal|p1a: Corviknight|100/100 par|[from] move: Wish|[wisher] Alomomola\n|upkeep\n|turn|145\n|\n|t:|1782451228\n|move|p2a: Talonflame|U-turn|p1a: Corviknight\n|-resisted|p1a: Corviknight\n|-damage|p1a: Corviknight|98/100 par\n|\n|t:|1782451232\n|switch|p2a: Alomomola|Alomomola, M|100/100|[from] U-turn\n|move|p1a: Corviknight|Iron Defense|p1a: Corviknight\n|-boost|p1a: Corviknight|def|2\n|\n|upkeep\n|turn|146\n|\n|t:|1782451238\n|move|p2a: Alomomola|Flip Turn|p1a: Corviknight\n|-damage|p1a: Corviknight|92/100 par\n|\n|t:|1782451242\n|switch|p2a: Talonflame|Talonflame, F|65/100|[from] Flip Turn\n|move|p1a: Corviknight|Iron Defense|p1a: Corviknight\n|-boost|p1a: Corviknight|def|2\n|\n|upkeep\n|turn|147\n|\n|t:|1782451250\n|-terastallize|p1a: Corviknight|Fire\n|move|p2a: Talonflame|Overheat|p1a: Corviknight\n|-resisted|p1a: Corviknight\n|-damage|p1a: Corviknight|76/100 par\n|-unboost|p2a: Talonflame|spa|2\n|move|p1a: Corviknight|Iron Defense|p1a: Corviknight\n|-boost|p1a: Corviknight|def|2\n|\n|upkeep\n|turn|148\n|-message|golden Guard 70 forfeited.\n|\n|win|GooberGary\n|raw|GooberGary's rating: 1345 &rarr; <strong>1366</strong><br />(+21 for winning)\n|raw|golden Guard 70's rating: 1358 &rarr; <strong>1337</strong><br />(-21 for losing)\n|c|☆GooberGary|Wdym why am I doing this\n|c|☆GooberGary|Were you not doing it too?\n", "uploadtime": 1782451391, "views": 4, "formatid": "gen9ou", "rating": 1337, "private": 0, "password": null}