{"id": "gen9ou-2639232182", "format": "[Gen 9] OU", "players": ["daxulaoshi", "Kanto's Finest"], "log": "|j|☆daxulaoshi\n|j|☆Kanto's Finest\n|t:|1782437827\n|gametype|singles\n|player|p1|daxulaoshi|caitlin|1354\n|player|p2|Kanto's Finest|red-masters|1299\n|gen|9\n|tier|[Gen 9] OU\n|rated|\n|rule|HP Percentage Mod: HP is shown in percentages\n|rule|Endless Battle Clause: Forcing endless battles is banned\n|rule|Species Clause: Limit one of each Pokémon\n|rule|OHKO Clause: OHKO moves are banned\n|rule|Evasion Items Clause: Evasion items are banned\n|rule|Evasion Moves Clause: Evasion moves are banned\n|rule|Evasion Abilities Clause: Evasion abilities are banned\n|rule|Sleep Moves Clause: Sleep-inducing moves are banned\n|clearpoke\n|poke|p1|Tyranitar, F|\n|poke|p1|Excadrill, M|\n|poke|p1|Keldeo-Resolute|\n|poke|p1|Tornadus-Therian, M|\n|poke|p1|Heatran, M|\n|poke|p1|Hydrapple, M|\n|poke|p2|Dragonite, F|\n|poke|p2|Dugtrio, M|\n|poke|p2|Vaporeon, F|\n|poke|p2|Hitmonlee, M|\n|poke|p2|Clefable, F|\n|poke|p2|Weezing, F|\n|teampreview\n|inactive|Battle timer is ON: inactive players will automatically lose when time's up. (requested by Kanto's Finest)\n|\n|t:|1782437835\n|teamsize|p1|6\n|teamsize|p2|6\n|start\n|switch|p1a: Tyranitar|Tyranitar, F|100/100\n|switch|p2a: Celadon|Vaporeon, F|100/100\n|-weather|Sandstorm|[from] ability: Sand Stream|[of] p1a: Tyranitar\n|turn|1\n|\n|t:|1782437858\n|switch|p1a: Hydrapple|Hydrapple, M|100/100\n|move|p2a: Celadon|Whirlpool|p1a: Hydrapple|[miss]\n|-miss|p2a: Celadon|p1a: Hydrapple\n|\n|-weather|Sandstorm|[upkeep]\n|-damage|p2a: Celadon|94/100|[from] Sandstorm\n|-damage|p1a: Hydrapple|94/100|[from] Sandstorm\n|upkeep\n|turn|2\n|\n|t:|1782437868\n|switch|p2a: Weezing|Weezing, F|100/100\n|-ability|p2a: Weezing|Neutralizing Gas\n|switch|p1a: Heatran|Heatran, M|100/100\n|\n|-weather|Sandstorm|[upkeep]\n|-damage|p2a: Weezing|94/100|[from] Sandstorm\n|upkeep\n|turn|3\n|\n|t:|1782437878\n|move|p1a: Heatran|Stealth Rock|p2a: Weezing\n|-sidestart|p2: Kanto's Finest|move: Stealth Rock\n|move|p2a: Weezing|Toxic Spikes|p1a: Heatran\n|-sidestart|p1: daxulaoshi|move: Toxic Spikes\n|\n|-weather|Sandstorm|[upkeep]\n|-damage|p2a: Weezing|88/100|[from] Sandstorm\n|upkeep\n|turn|4\n|\n|t:|1782437895\n|-terastallize|p2a: Weezing|Flying\n|move|p1a: Heatran|Taunt|p2a: Weezing\n|-start|p2a: Weezing|move: Taunt\n|cant|p2a: Weezing|move: Taunt|Toxic Spikes\n|\n|-weather|Sandstorm|[upkeep]\n|-damage|p2a: Weezing|82/100|[from] Sandstorm\n|upkeep\n|turn|5\n|\n|t:|1782437905\n|switch|p1a: Excadrill|Excadrill, M|100/100\n|-item|p1a: Excadrill|Air Balloon\n|-end|p2a: Weezing|ability: Neutralizing Gas\n|switch|p2a: Celadon|Vaporeon, F|94/100\n|-damage|p2a: Celadon|82/100|[from] Stealth Rock\n|\n|-weather|none\n|upkeep\n|turn|6\n|\n|t:|1782437910\n|switch|p1a: Heatran|Heatran, M|100/100\n|move|p2a: Celadon|Whirlpool|p1a: Heatran\n|-supereffective|p1a: Heatran\n|-damage|p1a: Heatran|84/100\n|-activate|p1a: Heatran|move: Whirlpool|[of] p2a: Celadon\n|\n|-heal|p1a: Heatran|91/100|[from] item: Leftovers\n|-damage|p1a: Heatran|78/100|[from] move: Whirlpool|[partiallytrapped]\n|upkeep\n|turn|7\n|\n|t:|1782437918\n|move|p2a: Celadon|Protect|p2a: Celadon\n|-singleturn|p2a: Celadon|Protect\n|move|p1a: Heatran|Taunt|p2a: Celadon\n|-activate|p2a: Celadon|move: Protect\n|\n|-heal|p1a: Heatran|84/100|[from] item: Leftovers\n|-damage|p1a: Heatran|72/100|[from] move: Whirlpool|[partiallytrapped]\n|upkeep\n|turn|8\n|\n|t:|1782437922\n|move|p1a: Heatran|Magma Storm|p2a: Celadon\n|-resisted|p2a: Celadon\n|-damage|p2a: Celadon|67/100\n|-activate|p2a: Celadon|move: Magma Storm|[of] p1a: Heatran\n|move|p2a: Celadon|Wish|p2a: Celadon\n|\n|-heal|p1a: Heatran|78/100|[from] item: Leftovers\n|-damage|p1a: Heatran|66/100|[from] move: Whirlpool|[partiallytrapped]\n|-damage|p2a: Celadon|54/100|[from] move: Magma Storm|[partiallytrapped]\n|upkeep\n|turn|9\n|\n|t:|1782437928\n|move|p1a: Heatran|Taunt|p2a: Celadon\n|-start|p2a: Celadon|move: Taunt\n|move|p2a: Celadon|Whirlpool|p1a: Heatran\n|-supereffective|p1a: Heatran\n|-damage|p1a: Heatran|49/100\n|\n|-heal|p2a: Celadon|100/100|[from] move: Wish|[wisher] Celadon\n|-heal|p1a: Heatran|55/100|[from] item: Leftovers\n|-damage|p1a: Heatran|42/100|[from] move: Whirlpool|[partiallytrapped]\n|-damage|p2a: Celadon|88/100|[from] move: Magma Storm|[partiallytrapped]\n|upkeep\n|turn|10\n|\n|t:|1782437937\n|move|p1a: Heatran|Earth Power|p2a: Celadon\n|-damage|p2a: Celadon|68/100\n|move|p2a: Celadon|Whirlpool|p1a: Heatran\n|-supereffective|p1a: Heatran\n|-damage|p1a: Heatran|27/100\n|\n|-heal|p1a: Heatran|33/100|[from] item: Leftovers\n|-damage|p1a: Heatran|21/100|[from] move: Whirlpool|[partiallytrapped]\n|-damage|p2a: Celadon|55/100|[from] move: Magma Storm|[partiallytrapped]\n|upkeep\n|turn|11\n|\n|t:|1782437947\n|move|p1a: Heatran|Earth Power|p2a: Celadon\n|-damage|p2a: Celadon|35/100\n|move|p2a: Celadon|Whirlpool|p1a: Heatran\n|-supereffective|p1a: Heatran\n|-damage|p1a: Heatran|5/100\n|\n|-heal|p1a: Heatran|11/100|[from] item: Leftovers\n|-end|p1a: Heatran|Whirlpool|[partiallytrapped]\n|-damage|p2a: Celadon|23/100|[from] move: Magma Storm|[partiallytrapped]\n|-end|p2a: Celadon|move: Taunt\n|upkeep\n|turn|12\n|\n|t:|1782437958\n|switch|p1a: Hydrapple|Hydrapple, M|94/100\n|-status|p1a: Hydrapple|psn\n|move|p2a: Celadon|Whirlpool|p1a: Hydrapple\n|-resisted|p1a: Hydrapple\n|-damage|p1a: Hydrapple|92/100 psn\n|-activate|p1a: Hydrapple|move: Whirlpool|[of] p2a: Celadon\n|\n|-damage|p1a: Hydrapple|79/100 psn|[from] psn\n|-end|p2a: Celadon|Magma Storm|[partiallytrapped]|[silent]\n|-damage|p1a: Hydrapple|67/100 psn|[from] move: Whirlpool|[partiallytrapped]\n|upkeep\n|turn|13\n|\n|t:|1782437970\n|move|p2a: Celadon|Protect|p2a: Celadon\n|-singleturn|p2a: Celadon|Protect\n|move|p1a: Hydrapple|Nasty Plot|p1a: Hydrapple\n|-boost|p1a: Hydrapple|spa|2\n|\n|-damage|p1a: Hydrapple|55/100 psn|[from] psn\n|-damage|p1a: Hydrapple|42/100 psn|[from] move: Whirlpool|[partiallytrapped]\n|upkeep\n|turn|14\n|\n|t:|1782437975\n|move|p2a: Celadon|Wish|p2a: Celadon\n|move|p1a: Hydrapple|Giga Drain|p2a: Celadon\n|-supereffective|p2a: Celadon\n|-damage|p2a: Celadon|0 fnt\n|-heal|p1a: Hydrapple|55/100 psn|[from] drain|[of] p2a: Celadon\n|faint|p2a: Celadon\n|\n|-damage|p1a: Hydrapple|43/100 psn|[from] psn\n|-end|p1a: Hydrapple|Whirlpool|[partiallytrapped]|[silent]\n|upkeep\n|\n|t:|1782437988\n|switch|p2a: Safari Zone|Dragonite, F|100/100\n|-damage|p2a: Safari Zone|75/100|[from] Stealth Rock\n|turn|15\n|\n|t:|1782437999\n|move|p2a: Safari Zone|Scale Shot|p1a: Hydrapple\n|-supereffective|p1a: Hydrapple\n|-damage|p1a: Hydrapple|27/100 psn\n|-supereffective|p1a: Hydrapple\n|-damage|p1a: Hydrapple|8/100 psn\n|-supereffective|p1a: Hydrapple\n|-damage|p1a: Hydrapple|0 fnt\n|faint|p1a: Hydrapple\n|-hitcount|p1: Hydrapple|3\n|-unboost|p2a: Safari Zone|def|1\n|-boost|p2a: Safari Zone|spe|1\n|\n|-heal|p2a: Safari Zone|100/100|[from] move: Wish|[wisher] Celadon\n|upkeep\n|\n|t:|1782438007\n|switch|p1a: Tyranitar|Tyranitar, F|100/100\n|-status|p1a: Tyranitar|psn\n|-weather|Sandstorm|[from] ability: Sand Stream|[of] p1a: Tyranitar\n|turn|16\n|\n|t:|1782438014\n|switch|p2a: Weezing|Weezing, F, tera:Flying|82/100\n|-ability|p2a: Weezing|Neutralizing Gas\n|-damage|p2a: Weezing|58/100|[from] Stealth Rock\n|move|p1a: Tyranitar|Ice Punch|p2a: Weezing\n|-supereffective|p2a: Weezing\n|-damage|p2a: Weezing|4/100\n|\n|-weather|Sandstorm|[upkeep]\n|-damage|p2a: Weezing|0 fnt|[from] Sandstorm\n|faint|p2a: Weezing\n|-end|p2a: Weezing|ability: Neutralizing Gas\n|-damage|p1a: Tyranitar|88/100 psn|[from] psn\n|upkeep\n|\n|t:|1782438023\n|switch|p2a: Hitmonlee|Hitmonlee, M|100/100\n|-damage|p2a: Hitmonlee|94/100|[from] Stealth Rock\n|turn|17\n|\n|t:|1782438031\n|switch|p1a: Tornadus|Tornadus-Therian, M|100/100\n|move|p2a: Hitmonlee|Fake Out|p1a: Tornadus\n|-enditem|p2a: Hitmonlee|Normal Gem|[from] gem\n|-damage|p1a: Tornadus|81/100\n|\n|-weather|Sandstorm|[upkeep]\n|-damage|p2a: Hitmonlee|88/100|[from] Sandstorm\n|-damage|p1a: Tornadus|75/100|[from] Sandstorm\n|upkeep\n|turn|18\n|\n|t:|1782438036\n|move|p2a: Hitmonlee|Rapid Spin|p1a: Tornadus\n|-damage|p1a: Tornadus|55/100\n|-boost|p2a: Hitmonlee|spe|1\n|-sideend|p2: Kanto's Finest|Stealth Rock|[from] move: Rapid Spin|[of] p2a: Hitmonlee\n|move|p1a: Tornadus|Bleakwind Storm|p2a: Hitmonlee|[miss]\n|-miss|p1a: Tornadus|p2a: Hitmonlee\n|\n|-weather|Sandstorm|[upkeep]\n|-damage|p2a: Hitmonlee|82/100|[from] Sandstorm\n|-damage|p1a: Tornadus|48/100|[from] Sandstorm\n|upkeep\n|turn|19\n|\n|t:|1782438045\n|move|p2a: Hitmonlee|High Jump Kick|p1a: Tornadus\n|-resisted|p1a: Tornadus\n|-damage|p1a: Tornadus|11/100\n|move|p1a: Tornadus|Bleakwind Storm|p2a: Hitmonlee|[miss]\n|-miss|p1a: Tornadus|p2a: Hitmonlee\n|\n|-weather|Sandstorm|[upkeep]\n|-damage|p2a: Hitmonlee|75/100|[from] Sandstorm\n|-damage|p1a: Tornadus|5/100|[from] Sandstorm\n|upkeep\n|turn|20\n|\n|t:|1782438051\n|move|p2a: Hitmonlee|Knock Off|p1a: Tornadus\n|-damage|p1a: Tornadus|0 fnt\n|-enditem|p1a: Tornadus|Heavy-Duty Boots|[from] move: Knock Off|[of] p2a: Hitmonlee\n|faint|p1a: Tornadus\n|\n|-weather|none\n|upkeep\n|\n|t:|1782438060\n|switch|p1a: Excadrill|Excadrill, M|100/100\n|-item|p1a: Excadrill|Air Balloon\n|turn|21\n|\n|t:|1782438068\n|-terastallize|p1a: Excadrill|Ghost\n|move|p2a: Hitmonlee|High Jump Kick|p1a: Excadrill\n|-immune|p1a: Excadrill\n|-damage|p2a: Hitmonlee|25/100|[from] highjumpkick\n|move|p1a: Excadrill|Rapid Spin|p2a: Hitmonlee\n|-damage|p2a: Hitmonlee|0 fnt\n|-boost|p1a: Excadrill|spe|1\n|-sideend|p1: daxulaoshi|Toxic Spikes|[from] move: Rapid Spin|[of] p1a: Excadrill\n|faint|p2a: Hitmonlee\n|\n|upkeep\n|\n|t:|1782438076\n|switch|p2a: Safari Zone|Dragonite, F|100/100\n|turn|22\n|\n|t:|1782438084\n|move|p1a: Excadrill|Iron Head|p2a: Safari Zone\n|-damage|p2a: Safari Zone|75/100\n|cant|p2a: Safari Zone|flinch\n|\n|upkeep\n|turn|23\n|\n|t:|1782438088\n|move|p1a: Excadrill|Iron Head|p2a: Safari Zone\n|-damage|p2a: Safari Zone|18/100\n|move|p2a: Safari Zone|Dragon Dance|p2a: Safari Zone\n|-boost|p2a: Safari Zone|atk|1\n|-boost|p2a: Safari Zone|spe|1\n|\n|upkeep\n|turn|24\n|\n|t:|1782438091\n|move|p1a: Excadrill|Iron Head|p2a: Safari Zone\n|-damage|p2a: Safari Zone|0 fnt\n|faint|p2a: Safari Zone\n|\n|upkeep\n|\n|t:|1782438095\n|switch|p2a: Clefable|Clefable, F|100/100\n|turn|25\n|\n|t:|1782438117\n|move|p1a: Excadrill|Iron Head|p2a: Clefable\n|-supereffective|p2a: Clefable\n|-damage|p2a: Clefable|23/100\n|move|p2a: Clefable|Cosmic Power|p2a: Clefable\n|-boost|p2a: Clefable|def|1\n|-boost|p2a: Clefable|spd|1\n|\n|upkeep\n|turn|26\n|\n|t:|1782438123\n|move|p1a: Excadrill|Iron Head|p2a: Clefable\n|-supereffective|p2a: Clefable\n|-damage|p2a: Clefable|0 fnt\n|faint|p2a: Clefable\n|\n|upkeep\n|\n|t:|1782438124\n|switch|p2a: Diglett Cave|Dugtrio, M|100/100\n|turn|27\n|\n|t:|1782438128\n|move|p2a: Diglett Cave|Sucker Punch|p1a: Excadrill\n|-supereffective|p1a: Excadrill\n|-damage|p1a: Excadrill|44/100\n|-enditem|p1a: Excadrill|Air Balloon\n|move|p1a: Excadrill|Earthquake|p2a: Diglett Cave\n|-enditem|p2a: Diglett Cave|Focus Sash\n|-damage|p2a: Diglett Cave|1/100\n|\n|upkeep\n|turn|28\n|\n|t:|1782438137\n|move|p2a: Diglett Cave|Sucker Punch|p1a: Excadrill\n|-supereffective|p1a: Excadrill\n|-damage|p1a: Excadrill|0 fnt\n|faint|p1a: Excadrill\n|\n|upkeep\n|inactive|daxulaoshi has 120 seconds left.\n|\n|t:|1782438175\n|switch|p1a: Keldeo|Keldeo-Resolute|100/100\n|turn|29\n|\n|t:|1782438180\n|move|p2a: Diglett Cave|Endeavor|p1a: Keldeo\n|-damage|p1a: Keldeo|1/100\n|move|p1a: Keldeo|Surf|p2a: Diglett Cave\n|-supereffective|p2a: Diglett Cave\n|-damage|p2a: Diglett Cave|0 fnt\n|faint|p2a: Diglett Cave\n|\n|win|daxulaoshi\n|raw|daxulaoshi's rating: 1354 &rarr; <strong>1371</strong><br />(+17 for winning)\n|raw|Kanto&apos;s Finest's rating: 1299 &rarr; <strong>1278</strong><br />(-21 for losing)\n|l|☆Kanto's Finest\n|player|p2|\n|l|☆daxulaoshi\n|player|p1|\n", "uploadtime": 1782438539, "views": 6, "formatid": "gen9ou", "rating": 1278, "private": 0, "password": null}