{"id": "gen9ou-2540521279", "format": "[Gen 9] OU", "players": ["blip_exists", "minecraft pro 67"], "log": "|j|☆blip_exists\n|j|☆minecraft pro 67\n|t:|1771212533\n|gametype|singles\n|player|p1|blip_exists|colress|1561\n|player|p2|minecraft pro 67|cynthia-gen4|1634\n|gen|9\n|tier|[Gen 9] OU\n|rated|\n|rule|HP Percentage Mod: HP is shown in percentages\n|rule|Endless Battle Clause: Forcing endless battles is banned\n|rule|Species Clause: Limit one of each Pokémon\n|rule|OHKO Clause: OHKO moves are banned\n|rule|Evasion Items Clause: Evasion items are banned\n|rule|Evasion Moves Clause: Evasion moves are banned\n|rule|Evasion Abilities Clause: Evasion abilities are banned\n|rule|Sleep Moves Clause: Sleep-inducing moves are banned\n|clearpoke\n|poke|p1|Amoonguss, F|\n|poke|p1|Corviknight, M|\n|poke|p1|Blissey, F|\n|poke|p1|Dondozo, M|\n|poke|p1|Gliscor, F|\n|poke|p1|Clefable, M|\n|poke|p2|Heatran, M|\n|poke|p2|Rotom-Wash|\n|poke|p2|Sinistcha|\n|poke|p2|Darkrai|\n|poke|p2|Zamazenta-*|\n|poke|p2|Gliscor, F|\n|teampreview\n|inactive|Battle timer is ON: inactive players will automatically lose when time's up. (requested by blip_exists)\n|\n|t:|1771212543\n|teamsize|p1|6\n|teamsize|p2|6\n|start\n|switch|p1a: Great King Rat|Gliscor, F|100/100\n|switch|p2a: Gliscor|Gliscor, F|100/100\n|turn|1\n|\n|t:|1771212548\n|move|p2a: Gliscor|Protect|p2a: Gliscor\n|-singleturn|p2a: Gliscor|Protect\n|move|p1a: Great King Rat|Protect||[still]\n|-fail|p1a: Great King Rat\n|\n|-status|p2a: Gliscor|tox|[from] item: Toxic Orb\n|-status|p1a: Great King Rat|tox|[from] item: Toxic Orb\n|upkeep\n|turn|2\n|\n|t:|1771212552\n|move|p2a: Gliscor|Spikes|p1a: Great King Rat\n|-sidestart|p1: blip_exists|Spikes\n|move|p1a: Great King Rat|Knock Off|p2a: Gliscor\n|-damage|p2a: Gliscor|85/100 tox\n|-enditem|p2a: Gliscor|Toxic Orb|[from] move: Knock Off|[of] p1a: Great King Rat\n|\n|-heal|p2a: Gliscor|97/100 tox|[from] ability: Poison Heal\n|upkeep\n|turn|3\n|\n|t:|1771212555\n|move|p2a: Gliscor|Spikes|p1a: Great King Rat\n|-sidestart|p1: blip_exists|Spikes\n|move|p1a: Great King Rat|Spikes|p2a: Gliscor\n|-sidestart|p2: minecraft pro 67|Spikes\n|\n|-heal|p2a: Gliscor|100/100 tox|[from] ability: Poison Heal\n|upkeep\n|turn|4\n|\n|t:|1771212557\n|move|p2a: Gliscor|Spikes|p1a: Great King Rat\n|-sidestart|p1: blip_exists|Spikes\n|move|p1a: Great King Rat|Spikes|p2a: Gliscor\n|-sidestart|p2: minecraft pro 67|Spikes\n|\n|upkeep\n|turn|5\n|\n|t:|1771212561\n|move|p2a: Gliscor|Knock Off|p1a: Great King Rat\n|-damage|p1a: Great King Rat|88/100 tox\n|-enditem|p1a: Great King Rat|Toxic Orb|[from] move: Knock Off|[of] p2a: Gliscor\n|move|p1a: Great King Rat|Spikes|p2a: Gliscor\n|-sidestart|p2: minecraft pro 67|Spikes\n|\n|-heal|p1a: Great King Rat|99/100 tox|[from] ability: Poison Heal\n|upkeep\n|turn|6\n|\n|t:|1771212562\n|switch|p1a: Someone to Love|Clefable, M|100/100\n|move|p2a: Gliscor|Knock Off|p1a: Someone to Love\n|-resisted|p1a: Someone to Love\n|-damage|p1a: Someone to Love|92/100\n|\n|-damage|p2a: Gliscor|88/100 tox|[from] item: Sticky Barb\n|upkeep\n|turn|7\n|\n|t:|1771212573\n|switch|p2a: Rotom|Rotom-Wash|100/100\n|move|p1a: Someone to Love|Stealth Rock|p2a: Rotom\n|-sidestart|p2: minecraft pro 67|move: Stealth Rock\n|\n|upkeep\n|turn|8\n|\n|t:|1771212579\n|move|p2a: Rotom|Will-O-Wisp|p1a: Someone to Love\n|-status|p1a: Someone to Love|brn\n|move|p1a: Someone to Love|Knock Off|p2a: Rotom\n|-damage|p2a: Rotom|94/100\n|-enditem|p2a: Rotom|Leftovers|[from] move: Knock Off|[of] p1a: Someone to Love\n|\n|upkeep\n|turn|9\n|\n|t:|1771212585\n|move|p2a: Rotom|Volt Switch|p1a: Someone to Love\n|-damage|p1a: Someone to Love|70/100 brn\n|\n|t:|1771212593\n|switch|p2a: Heatran|Heatran, M|100/100|[from] Volt Switch\n|-damage|p2a: Heatran|76/100|[from] Spikes\n|-damage|p2a: Heatran|63/100|[from] Stealth Rock\n|move|p1a: Someone to Love|Ice Beam|p2a: Heatran\n|-resisted|p2a: Heatran\n|-damage|p2a: Heatran|60/100\n|\n|-heal|p2a: Heatran|66/100|[from] item: Leftovers\n|upkeep\n|turn|10\n|\n|t:|1771212609\n|switch|p2a: Gliscor|Gliscor, F|88/100 tox\n|-damage|p2a: Gliscor|75/100 tox|[from] Stealth Rock\n|switch|p1a: Killer Queen|Blissey, F|100/100\n|\n|-heal|p2a: Gliscor|88/100 tox|[from] ability: Poison Heal\n|-damage|p2a: Gliscor|75/100 tox|[from] item: Sticky Barb\n|upkeep\n|turn|11\n|\n|t:|1771212612\n|switch|p1a: Someone to Love|Clefable, M|70/100 brn\n|move|p2a: Gliscor|Knock Off|p1a: Someone to Love\n|-resisted|p1a: Someone to Love\n|-damage|p1a: Someone to Love|64/100 brn\n|\n|-heal|p2a: Gliscor|88/100 tox|[from] ability: Poison Heal\n|-damage|p2a: Gliscor|75/100 tox|[from] item: Sticky Barb\n|upkeep\n|turn|12\n|\n|t:|1771212625\n|switch|p2a: Rotom|Rotom-Wash|94/100\n|-damage|p2a: Rotom|81/100|[from] Stealth Rock\n|move|p1a: Someone to Love|Moonlight|p1a: Someone to Love\n|-heal|p1a: Someone to Love|100/100 brn\n|\n|upkeep\n|turn|13\n|\n|t:|1771212631\n|switch|p1a: Killer Queen|Blissey, F|100/100\n|move|p2a: Rotom|Hydro Pump|p1a: Killer Queen\n|-damage|p1a: Killer Queen|88/100\n|\n|upkeep\n|turn|14\n|\n|t:|1771212635\n|move|p2a: Rotom|Volt Switch|p1a: Killer Queen\n|-damage|p1a: Killer Queen|79/100\n|\n|t:|1771212637\n|switch|p2a: Sinistcha|Sinistcha|100/100|[from] Volt Switch\n|move|p1a: Killer Queen|Seismic Toss|p2a: Sinistcha\n|-immune|p2a: Sinistcha\n|\n|upkeep\n|turn|15\n|\n|t:|1771212641\n|switch|p1a: Party|Amoonguss, F|100/100\n|move|p2a: Sinistcha|Calm Mind|p2a: Sinistcha\n|-boost|p2a: Sinistcha|spa|1\n|-boost|p2a: Sinistcha|spd|1\n|\n|upkeep\n|turn|16\n|\n|t:|1771212664\n|-terastallize|p2a: Sinistcha|Poison\n|move|p2a: Sinistcha|Shadow Ball|p1a: Party\n|-damage|p1a: Party|58/100\n|-unboost|p1a: Party|spd|1\n|move|p1a: Party|Toxic|p2a: Sinistcha\n|-immune|p2a: Sinistcha\n|\n|upkeep\n|turn|17\n|\n|t:|1771212668\n|switch|p1a: Killer Queen|Blissey, F|79/100\n|move|p2a: Sinistcha|Shadow Ball|p1a: Killer Queen\n|-immune|p1a: Killer Queen\n|\n|upkeep\n|turn|18\n|\n|t:|1771212672\n|move|p2a: Sinistcha|Calm Mind|p2a: Sinistcha\n|-boost|p2a: Sinistcha|spa|1\n|-boost|p2a: Sinistcha|spd|1\n|move|p1a: Killer Queen|Calm Mind|p1a: Killer Queen\n|-boost|p1a: Killer Queen|spa|1\n|-boost|p1a: Killer Queen|spd|1\n|\n|upkeep\n|turn|19\n|\n|t:|1771212675\n|move|p2a: Sinistcha|Calm Mind|p2a: Sinistcha\n|-boost|p2a: Sinistcha|spa|1\n|-boost|p2a: Sinistcha|spd|1\n|move|p1a: Killer Queen|Calm Mind|p1a: Killer Queen\n|-boost|p1a: Killer Queen|spa|1\n|-boost|p1a: Killer Queen|spd|1\n|\n|upkeep\n|turn|20\n|\n|t:|1771212678\n|switch|p2a: Darkrai|Darkrai|100/100\n|move|p1a: Killer Queen|Calm Mind|p1a: Killer Queen\n|-boost|p1a: Killer Queen|spa|1\n|-boost|p1a: Killer Queen|spd|1\n|\n|upkeep\n|turn|21\n|\n|t:|1771212681\n|switch|p1a: Under Pressure|Corviknight, M|100/100\n|-ability|p1a: Under Pressure|Pressure\n|move|p2a: Darkrai|Knock Off|p1a: Under Pressure\n|-damage|p1a: Under Pressure|73/100\n|-enditem|p1a: Under Pressure|Leftovers|[from] move: Knock Off|[of] p2a: Darkrai\n|\n|upkeep\n|turn|22\n|\n|t:|1771212689\n|switch|p2a: Rotom|Rotom-Wash|81/100\n|-damage|p2a: Rotom|69/100|[from] Stealth Rock\n|move|p1a: Under Pressure|Roost|p1a: Under Pressure\n|-heal|p1a: Under Pressure|100/100\n|-singleturn|p1a: Under Pressure|move: Roost\n|\n|upkeep\n|turn|23\n|\n|t:|1771212692\n|move|p1a: Under Pressure|Protect|p1a: Under Pressure\n|-singleturn|p1a: Under Pressure|Protect\n|move|p2a: Rotom|Volt Switch|p1a: Under Pressure\n|-activate|p1a: Under Pressure|move: Protect\n|\n|upkeep\n|turn|24\n|\n|t:|1771212697\n|switch|p1a: Great King Rat|Gliscor, F|99/100 tox\n|move|p2a: Rotom|Volt Switch|p1a: Great King Rat\n|-immune|p1a: Great King Rat\n|\n|-heal|p1a: Great King Rat|100/100 tox|[from] ability: Poison Heal\n|upkeep\n|turn|25\n|\n|t:|1771212705\n|switch|p2a: Sinistcha|Sinistcha, tera:Poison|100/100\n|move|p1a: Great King Rat|Toxic|p2a: Sinistcha\n|-immune|p2a: Sinistcha\n|\n|upkeep\n|turn|26\n|\n|t:|1771212709\n|switch|p1a: Killer Queen|Blissey, F|79/100\n|switch|p2a: Gliscor|Gliscor, F|75/100 tox\n|-damage|p2a: Gliscor|63/100 tox|[from] Stealth Rock\n|\n|-heal|p2a: Gliscor|75/100 tox|[from] ability: Poison Heal\n|-damage|p2a: Gliscor|63/100 tox|[from] item: Sticky Barb\n|upkeep\n|turn|27\n|\n|t:|1771212716\n|switch|p2a: Darkrai|Darkrai|100/100\n|switch|p1a: Great King Rat|Gliscor, F|100/100 tox\n|\n|upkeep\n|turn|28\n|\n|t:|1771212723\n|switch|p1a: Under Pressure|Corviknight, M|100/100\n|-ability|p1a: Under Pressure|Pressure\n|move|p2a: Darkrai|Dark Pulse|p1a: Under Pressure\n|-damage|p1a: Under Pressure|71/100\n|\n|upkeep\n|turn|29\n|\n|t:|1771212731\n|switch|p2a: Sinistcha|Sinistcha, tera:Poison|100/100\n|move|p1a: Under Pressure|Protect||[still]\n|-fail|p1a: Under Pressure\n|\n|upkeep\n|turn|30\n|\n|t:|1771212735\n|switch|p2a: Darkrai|Darkrai|100/100\n|move|p1a: Under Pressure|Thief|p2a: Darkrai\n|-resisted|p2a: Darkrai\n|-damage|p2a: Darkrai|92/100\n|-enditem|p2a: Darkrai|Heavy-Duty Boots|[silent]|[from] move: Thief|[of] p1a: Under Pressure\n|-item|p1a: Under Pressure|Heavy-Duty Boots|[from] move: Thief|[of] p2a: Darkrai\n|\n|upkeep\n|turn|31\n|\n|t:|1771212747\n|switch|p2a: Zamazenta|Zamazenta|100/100\n|-ability|p2a: Zamazenta|Dauntless Shield|boost\n|-boost|p2a: Zamazenta|def|1\n|move|p1a: Under Pressure|Roost|p1a: Under Pressure\n|-heal|p1a: Under Pressure|100/100\n|-singleturn|p1a: Under Pressure|move: Roost\n|\n|upkeep\n|turn|32\n|\n|t:|1771212751\n|switch|p1a: Great King Rat|Gliscor, F|100/100 tox\n|move|p2a: Zamazenta|Roar|p1a: Great King Rat\n|drag|p1a: Killer Queen|Blissey, F|79/100\n|\n|upkeep\n|turn|33\n|\n|t:|1771212760\n|switch|p2a: Sinistcha|Sinistcha, tera:Poison|100/100\n|switch|p1a: Great King Rat|Gliscor, F|100/100 tox\n|\n|upkeep\n|turn|34\n|\n|t:|1771212765\n|switch|p1a: Killer Queen|Blissey, F|79/100\n|move|p2a: Sinistcha|Calm Mind|p2a: Sinistcha\n|-boost|p2a: Sinistcha|spa|1\n|-boost|p2a: Sinistcha|spd|1\n|\n|upkeep\n|turn|35\n|\n|t:|1771212770\n|switch|p2a: Rotom|Rotom-Wash|69/100\n|-damage|p2a: Rotom|56/100|[from] Stealth Rock\n|move|p1a: Killer Queen|Seismic Toss|p2a: Rotom\n|-damage|p2a: Rotom|24/100\n|\n|upkeep\n|turn|36\n|\n|t:|1771212772\n|move|p2a: Rotom|Pain Split|p1a: Killer Queen\n|-sethp|p1a: Killer Queen|45/100|[from] move: Pain Split|[silent]\n|-sethp|p2a: Rotom|97/100|[from] move: Pain Split\n|move|p1a: Killer Queen|Seismic Toss|p2a: Rotom\n|-damage|p2a: Rotom|64/100\n|\n|upkeep\n|turn|37\n|\n|t:|1771212774\n|move|p2a: Rotom|Will-O-Wisp|p1a: Killer Queen\n|-status|p1a: Killer Queen|brn\n|move|p1a: Killer Queen|Soft-Boiled|p1a: Killer Queen\n|-heal|p1a: Killer Queen|95/100 brn\n|\n|-damage|p1a: Killer Queen|89/100 brn|[from] brn\n|upkeep\n|turn|38\n|\n|t:|1771212781\n|-curestatus|p1a: Killer Queen|brn|[from] ability: Natural Cure\n|switch|p1a: Party|Amoonguss, F|91/100\n|move|p2a: Rotom|Pain Split|p1a: Party\n|-sethp|p1a: Party|68/100|[from] move: Pain Split|[silent]\n|-sethp|p2a: Rotom|96/100|[from] move: Pain Split\n|\n|upkeep\n|turn|39\n|\n|t:|1771212786\n|move|p2a: Rotom|Volt Switch|p1a: Party\n|-resisted|p1a: Party\n|-damage|p1a: Party|56/100\n|\n|t:|1771212789\n|switch|p2a: Sinistcha|Sinistcha, tera:Poison|100/100|[from] Volt Switch\n|move|p1a: Party|Toxic|p2a: Sinistcha\n|-immune|p2a: Sinistcha\n|\n|upkeep\n|turn|40\n|\n|t:|1771212794\n|switch|p2a: Zamazenta|Zamazenta|100/100\n|switch|p1a: Killer Queen|Blissey, F|89/100\n|\n|upkeep\n|turn|41\n|\n|t:|1771212804\n|switch|p2a: Heatran|Heatran, M|66/100\n|-damage|p2a: Heatran|41/100|[from] Spikes\n|-damage|p2a: Heatran|29/100|[from] Stealth Rock\n|switch|p1a: Party|Amoonguss, F|89/100\n|\n|-heal|p2a: Heatran|35/100|[from] item: Leftovers\n|upkeep\n|turn|42\n|\n|t:|1771212810\n|switch|p1a: Killer Queen|Blissey, F|89/100\n|move|p2a: Heatran|Stealth Rock|p1a: Killer Queen\n|-sidestart|p1: blip_exists|move: Stealth Rock\n|\n|-heal|p2a: Heatran|41/100|[from] item: Leftovers\n|upkeep\n|turn|43\n|\n|t:|1771212815\n|move|p2a: Heatran|Protect|p2a: Heatran\n|-singleturn|p2a: Heatran|Protect\n|move|p1a: Killer Queen|Seismic Toss|p2a: Heatran\n|-activate|p2a: Heatran|move: Protect\n|\n|-heal|p2a: Heatran|47/100|[from] item: Leftovers\n|upkeep\n|turn|44\n|\n|t:|1771212818\n|switch|p2a: Rotom|Rotom-Wash|96/100\n|-damage|p2a: Rotom|84/100|[from] Stealth Rock\n|move|p1a: Killer Queen|Seismic Toss|p2a: Rotom\n|-damage|p2a: Rotom|51/100\n|\n|upkeep\n|turn|45\n|\n|t:|1771212823\n|switch|p1a: Party|Amoonguss, F|100/100\n|move|p2a: Rotom|Pain Split|p1a: Party\n|-sethp|p1a: Party|68/100|[from] move: Pain Split|[silent]\n|-sethp|p2a: Rotom|97/100|[from] move: Pain Split\n|\n|upkeep\n|turn|46\n|\n|t:|1771212825\n|move|p2a: Rotom|Volt Switch|p1a: Party\n|-resisted|p1a: Party\n|-damage|p1a: Party|56/100\n|\n|t:|1771212827\n|switch|p2a: Sinistcha|Sinistcha, tera:Poison|100/100|[from] Volt Switch\n|move|p1a: Party|Toxic|p2a: Sinistcha\n|-immune|p2a: Sinistcha\n|\n|upkeep\n|turn|47\n|\n|t:|1771212833\n|switch|p1a: Killer Queen|Blissey, F|89/100\n|move|p2a: Sinistcha|Calm Mind|p2a: Sinistcha\n|-boost|p2a: Sinistcha|spa|1\n|-boost|p2a: Sinistcha|spd|1\n|\n|upkeep\n|turn|48\n|\n|t:|1771212835\n|move|p2a: Sinistcha|Matcha Gotcha|p1a: Killer Queen\n|-damage|p1a: Killer Queen|75/100\n|move|p1a: Killer Queen|Seismic Toss|p2a: Sinistcha\n|-damage|p2a: Sinistcha|72/100\n|\n|upkeep\n|turn|49\n|\n|t:|1771212838\n|switch|p2a: Rotom|Rotom-Wash|97/100\n|-damage|p2a: Rotom|84/100|[from] Stealth Rock\n|move|p1a: Killer Queen|Seismic Toss|p2a: Rotom\n|-damage|p2a: Rotom|51/100\n|\n|upkeep\n|turn|50\n|\n|t:|1771212841\n|switch|p1a: Great King Rat|Gliscor, F|100/100 tox\n|-damage|p1a: Great King Rat|88/100 tox|[from] Stealth Rock\n|move|p2a: Rotom|Pain Split|p1a: Great King Rat\n|-sethp|p1a: Great King Rat|66/100 tox|[from] move: Pain Split|[silent]\n|-sethp|p2a: Rotom|76/100|[from] move: Pain Split\n|\n|-heal|p1a: Great King Rat|79/100 tox|[from] ability: Poison Heal\n|upkeep\n|turn|51\n|\n|t:|1771212852\n|move|p1a: Great King Rat|Protect|p1a: Great King Rat\n|-singleturn|p1a: Great King Rat|Protect\n|move|p2a: Rotom|Hydro Pump|p1a: Great King Rat\n|-activate|p1a: Great King Rat|move: Protect\n|\n|-heal|p1a: Great King Rat|91/100 tox|[from] ability: Poison Heal\n|upkeep\n|turn|52\n|\n|t:|1771212855\n|switch|p1a: Party|Amoonguss, F|89/100\n|switch|p2a: Sinistcha|Sinistcha, tera:Poison|72/100\n|\n|upkeep\n|turn|53\n|\n|t:|1771212858\n|switch|p1a: Killer Queen|Blissey, F|75/100\n|move|p2a: Sinistcha|Matcha Gotcha|p1a: Killer Queen\n|-damage|p1a: Killer Queen|65/100\n|-heal|p2a: Sinistcha|81/100|[from] drain|[of] p1a: Killer Queen\n|-status|p1a: Killer Queen|brn\n|\n|-damage|p1a: Killer Queen|59/100 brn|[from] brn\n|upkeep\n|turn|54\n|\n|t:|1771212862\n|-curestatus|p1a: Killer Queen|brn|[from] ability: Natural Cure\n|switch|p1a: Someone to Love|Clefable, M|100/100 brn\n|move|p2a: Sinistcha|Calm Mind|p2a: Sinistcha\n|-boost|p2a: Sinistcha|spa|1\n|-boost|p2a: Sinistcha|spd|1\n|\n|upkeep\n|turn|55\n|\n|t:|1771212869\n|switch|p2a: Gliscor|Gliscor, F|63/100 tox\n|-damage|p2a: Gliscor|50/100 tox|[from] Stealth Rock\n|switch|p1a: Killer Queen|Blissey, F|59/100\n|\n|-heal|p2a: Gliscor|63/100 tox|[from] ability: Poison Heal\n|-damage|p2a: Gliscor|50/100 tox|[from] item: Sticky Barb\n|upkeep\n|turn|56\n|\n|t:|1771212882\n|switch|p2a: Rotom|Rotom-Wash|76/100\n|-damage|p2a: Rotom|64/100|[from] Stealth Rock\n|switch|p1a: Great King Rat|Gliscor, F|91/100 tox\n|-damage|p1a: Great King Rat|79/100 tox|[from] Stealth Rock\n|\n|-heal|p1a: Great King Rat|91/100 tox|[from] ability: Poison Heal\n|upkeep\n|turn|57\n|\n|t:|1771212887\n|switch|p1a: Killer Queen|Blissey, F|59/100\n|move|p2a: Rotom|Volt Switch|p1a: Killer Queen\n|-damage|p1a: Killer Queen|51/100\n|\n|t:|1771212897\n|switch|p2a: Darkrai|Darkrai|92/100|[from] Volt Switch\n|-damage|p2a: Darkrai|67/100|[from] Spikes\n|-damage|p2a: Darkrai|55/100|[from] Stealth Rock\n|\n|upkeep\n|turn|58\n|\n|t:|1771212903\n|switch|p1a: Under Pressure|Corviknight, M|100/100\n|-ability|p1a: Under Pressure|Pressure\n|move|p2a: Darkrai|Ice Beam|p1a: Under Pressure\n|-damage|p1a: Under Pressure|77/100\n|\n|upkeep\n|turn|59\n|\n|t:|1771212906\n|switch|p2a: Sinistcha|Sinistcha, tera:Poison|81/100\n|move|p1a: Under Pressure|Protect||[still]\n|-fail|p1a: Under Pressure\n|\n|upkeep\n|turn|60\n|\n|t:|1771212911\n|switch|p1a: Killer Queen|Blissey, F|51/100\n|move|p2a: Sinistcha|Matcha Gotcha|p1a: Killer Queen\n|-damage|p1a: Killer Queen|42/100\n|-heal|p2a: Sinistcha|90/100|[from] drain|[of] p1a: Killer Queen\n|-status|p1a: Killer Queen|brn\n|\n|-damage|p1a: Killer Queen|35/100 brn|[from] brn\n|upkeep\n|turn|61\n|\n|t:|1771212914\n|switch|p2a: Rotom|Rotom-Wash|64/100\n|-damage|p2a: Rotom|51/100|[from] Stealth Rock\n|move|p1a: Killer Queen|Soft-Boiled|p1a: Killer Queen\n|-heal|p1a: Killer Queen|85/100 brn\n|\n|-damage|p1a: Killer Queen|79/100 brn|[from] brn\n|upkeep\n|turn|62\n|\n|t:|1771212916\n|-curestatus|p1a: Killer Queen|brn|[from] ability: Natural Cure\n|switch|p1a: Party|Amoonguss, F|100/100\n|move|p2a: Rotom|Pain Split|p1a: Party\n|-sethp|p1a: Party|68/100|[from] move: Pain Split|[silent]\n|-sethp|p2a: Rotom|97/100|[from] move: Pain Split\n|\n|upkeep\n|turn|63\n|\n|t:|1771212918\n|move|p2a: Rotom|Volt Switch|p1a: Party\n|-resisted|p1a: Party\n|-damage|p1a: Party|56/100\n|\n|t:|1771212921\n|switch|p2a: Sinistcha|Sinistcha, tera:Poison|90/100|[from] Volt Switch\n|move|p1a: Party|Toxic|p2a: Sinistcha\n|-immune|p2a: Sinistcha\n|\n|upkeep\n|turn|64\n|\n|t:|1771212925\n|switch|p2a: Rotom|Rotom-Wash|97/100\n|-damage|p2a: Rotom|84/100|[from] Stealth Rock\n|switch|p1a: Killer Queen|Blissey, F|79/100\n|\n|upkeep\n|turn|65\n|\n|t:|1771212927\n|switch|p1a: Great King Rat|Gliscor, F|91/100 tox\n|-damage|p1a: Great King Rat|79/100 tox|[from] Stealth Rock\n|move|p2a: Rotom|Volt Switch|p1a: Great King Rat\n|-immune|p1a: Great King Rat\n|\n|-heal|p1a: Great King Rat|91/100 tox|[from] ability: Poison Heal\n|upkeep\n|turn|66\n|\n|t:|1771212941\n|switch|p1a: Party|Amoonguss, F|89/100\n|switch|p2a: Zamazenta|Zamazenta|100/100\n|\n|upkeep\n|turn|67\n|\n|t:|1771212945\n|switch|p2a: Sinistcha|Sinistcha, tera:Poison|90/100\n|move|p1a: Party|Seed Bomb|p2a: Sinistcha\n|-resisted|p2a: Sinistcha\n|-damage|p2a: Sinistcha|81/100\n|\n|upkeep\n|turn|68\n|\n|t:|1771212949\n|switch|p1a: Killer Queen|Blissey, F|79/100\n|move|p2a: Sinistcha|Matcha Gotcha|p1a: Killer Queen\n|-damage|p1a: Killer Queen|69/100\n|-heal|p2a: Sinistcha|91/100|[from] drain|[of] p1a: Killer Queen\n|\n|upkeep\n|turn|69\n|\n|t:|1771212952\n|move|p2a: Sinistcha|Matcha Gotcha|p1a: Killer Queen\n|-damage|p1a: Killer Queen|58/100\n|-heal|p2a: Sinistcha|100/100|[from] drain|[of] p1a: Killer Queen\n|move|p1a: Killer Queen|Seismic Toss|p2a: Sinistcha\n|-damage|p2a: Sinistcha|72/100\n|\n|upkeep\n|turn|70\n|\n|t:|1771212958\n|move|p2a: Sinistcha|Matcha Gotcha|p1a: Killer Queen\n|-damage|p1a: Killer Queen|48/100\n|-heal|p2a: Sinistcha|81/100|[from] drain|[of] p1a: Killer Queen\n|-status|p1a: Killer Queen|brn\n|move|p1a: Killer Queen|Soft-Boiled|p1a: Killer Queen\n|-heal|p1a: Killer Queen|98/100 brn\n|\n|-damage|p1a: Killer Queen|92/100 brn|[from] brn\n|upkeep\n|turn|71\n|\n|t:|1771212965\n|-curestatus|p1a: Killer Queen|brn|[from] ability: Natural Cure\n|switch|p1a: Great King Rat|Gliscor, F|91/100 tox\n|-damage|p1a: Great King Rat|79/100 tox|[from] Stealth Rock\n|move|p2a: Sinistcha|Calm Mind|p2a: Sinistcha\n|-boost|p2a: Sinistcha|spa|1\n|-boost|p2a: Sinistcha|spd|1\n|\n|-heal|p1a: Great King Rat|91/100 tox|[from] ability: Poison Heal\n|upkeep\n|turn|72\n|\n|t:|1771212968\n|switch|p1a: Killer Queen|Blissey, F|92/100\n|move|p2a: Sinistcha|Calm Mind|p2a: Sinistcha\n|-boost|p2a: Sinistcha|spa|1\n|-boost|p2a: Sinistcha|spd|1\n|\n|upkeep\n|turn|73\n|\n|t:|1771212971\n|move|p2a: Sinistcha|Matcha Gotcha|p1a: Killer Queen\n|-damage|p1a: Killer Queen|73/100\n|-heal|p2a: Sinistcha|99/100|[from] drain|[of] p1a: Killer Queen\n|move|p1a: Killer Queen|Calm Mind|p1a: Killer Queen\n|-boost|p1a: Killer Queen|spa|1\n|-boost|p1a: Killer Queen|spd|1\n|\n|upkeep\n|turn|74\n|\n|t:|1771212974\n|move|p2a: Sinistcha|Matcha Gotcha|p1a: Killer Queen\n|-damage|p1a: Killer Queen|61/100\n|-heal|p2a: Sinistcha|100/100|[from] drain|[of] p1a: Killer Queen\n|-status|p1a: Killer Queen|brn\n|move|p1a: Killer Queen|Seismic Toss|p2a: Sinistcha\n|-damage|p2a: Sinistcha|72/100\n|\n|-damage|p1a: Killer Queen|55/100 brn|[from] brn\n|upkeep\n|turn|75\n|\n|t:|1771212976\n|move|p2a: Sinistcha|Calm Mind|p2a: Sinistcha\n|-boost|p2a: Sinistcha|spa|1\n|-boost|p2a: Sinistcha|spd|1\n|move|p1a: Killer Queen|Calm Mind|p1a: Killer Queen\n|-boost|p1a: Killer Queen|spa|1\n|-boost|p1a: Killer Queen|spd|1\n|\n|-damage|p1a: Killer Queen|49/100 brn|[from] brn\n|upkeep\n|turn|76\n|\n|t:|1771212978\n|move|p2a: Sinistcha|Calm Mind|p2a: Sinistcha\n|-boost|p2a: Sinistcha|spa|1\n|-boost|p2a: Sinistcha|spd|1\n|move|p1a: Killer Queen|Calm Mind|p1a: Killer Queen\n|-boost|p1a: Killer Queen|spa|1\n|-boost|p1a: Killer Queen|spd|1\n|\n|-damage|p1a: Killer Queen|42/100 brn|[from] brn\n|upkeep\n|turn|77\n|\n|t:|1771212980\n|move|p2a: Sinistcha|Calm Mind|p2a: Sinistcha\n|-boost|p2a: Sinistcha|spa|1\n|-boost|p2a: Sinistcha|spd|1\n|move|p1a: Killer Queen|Soft-Boiled|p1a: Killer Queen\n|-heal|p1a: Killer Queen|92/100 brn\n|\n|-damage|p1a: Killer Queen|86/100 brn|[from] brn\n|upkeep\n|turn|78\n|\n|t:|1771212981\n|move|p2a: Sinistcha|Calm Mind|p2a: Sinistcha\n|-boost|p2a: Sinistcha|spa|1\n|-boost|p2a: Sinistcha|spd|1\n|move|p1a: Killer Queen|Calm Mind|p1a: Killer Queen\n|-boost|p1a: Killer Queen|spa|1\n|-boost|p1a: Killer Queen|spd|1\n|\n|-damage|p1a: Killer Queen|80/100 brn|[from] brn\n|upkeep\n|turn|79\n|\n|t:|1771212984\n|move|p2a: Sinistcha|Matcha Gotcha|p1a: Killer Queen\n|-damage|p1a: Killer Queen|66/100 brn\n|-heal|p2a: Sinistcha|85/100|[from] drain|[of] p1a: Killer Queen\n|move|p1a: Killer Queen|Calm Mind|p1a: Killer Queen\n|-boost|p1a: Killer Queen|spa|1\n|-boost|p1a: Killer Queen|spd|1\n|\n|-damage|p1a: Killer Queen|60/100 brn|[from] brn\n|upkeep\n|turn|80\n|\n|t:|1771212987\n|move|p2a: Sinistcha|Matcha Gotcha|p1a: Killer Queen\n|-damage|p1a: Killer Queen|48/100 brn\n|-heal|p2a: Sinistcha|97/100|[from] drain|[of] p1a: Killer Queen\n|move|p1a: Killer Queen|Calm Mind|p1a: Killer Queen\n|-boost|p1a: Killer Queen|spa|1\n|-boost|p1a: Killer Queen|spd|1\n|\n|-damage|p1a: Killer Queen|41/100 brn|[from] brn\n|upkeep\n|turn|81\n|\n|t:|1771212990\n|move|p2a: Sinistcha|Matcha Gotcha|p1a: Killer Queen\n|-damage|p1a: Killer Queen|31/100 brn\n|-heal|p2a: Sinistcha|100/100|[from] drain|[of] p1a: Killer Queen\n|move|p1a: Killer Queen|Soft-Boiled|p1a: Killer Queen\n|-heal|p1a: Killer Queen|81/100 brn\n|\n|-damage|p1a: Killer Queen|75/100 brn|[from] brn\n|upkeep\n|turn|82\n|\n|t:|1771212997\n|move|p2a: Sinistcha|Shadow Ball|p1a: Killer Queen\n|-immune|p1a: Killer Queen\n|move|p1a: Killer Queen|Seismic Toss|p2a: Sinistcha\n|-damage|p2a: Sinistcha|72/100\n|\n|-damage|p1a: Killer Queen|69/100 brn|[from] brn\n|upkeep\n|turn|83\n|\n|t:|1771212999\n|move|p2a: Sinistcha|Matcha Gotcha|p1a: Killer Queen\n|-damage|p1a: Killer Queen|58/100 brn\n|-heal|p2a: Sinistcha|82/100|[from] drain|[of] p1a: Killer Queen\n|move|p1a: Killer Queen|Seismic Toss|p2a: Sinistcha\n|-damage|p2a: Sinistcha|53/100\n|\n|-damage|p1a: Killer Queen|52/100 brn|[from] brn\n|upkeep\n|turn|84\n|\n|t:|1771213002\n|move|p2a: Sinistcha|Matcha Gotcha|p1a: Killer Queen\n|-damage|p1a: Killer Queen|42/100 brn\n|-heal|p2a: Sinistcha|62/100|[from] drain|[of] p1a: Killer Queen\n|move|p1a: Killer Queen|Seismic Toss|p2a: Sinistcha\n|-damage|p2a: Sinistcha|33/100\n|\n|-damage|p1a: Killer Queen|36/100 brn|[from] brn\n|upkeep\n|turn|85\n|\n|t:|1771213011\n|switch|p2a: Rotom|Rotom-Wash|84/100\n|-damage|p2a: Rotom|72/100|[from] Stealth Rock\n|move|p1a: Killer Queen|Soft-Boiled|p1a: Killer Queen\n|-heal|p1a: Killer Queen|86/100 brn\n|\n|-damage|p1a: Killer Queen|80/100 brn|[from] brn\n|upkeep\n|turn|86\n|\n|t:|1771213014\n|-curestatus|p1a: Killer Queen|brn|[from] ability: Natural Cure\n|switch|p1a: Party|Amoonguss, F|100/100\n|move|p2a: Rotom|Volt Switch|p1a: Party\n|-resisted|p1a: Party\n|-damage|p1a: Party|88/100\n|\n|t:|1771213016\n|switch|p2a: Sinistcha|Sinistcha, tera:Poison|33/100|[from] Volt Switch\n|\n|upkeep\n|turn|87\n|\n|t:|1771213023\n|switch|p1a: Killer Queen|Blissey, F|80/100\n|move|p2a: Sinistcha|Strength Sap|p1a: Killer Queen\n|-unboost|p1a: Killer Queen|atk|1\n|-heal|p2a: Sinistcha|40/100\n|\n|upkeep\n|turn|88\n|\n|t:|1771213027\n|switch|p2a: Rotom|Rotom-Wash|72/100\n|-damage|p2a: Rotom|59/100|[from] Stealth Rock\n|move|p1a: Killer Queen|Seismic Toss|p2a: Rotom\n|-damage|p2a: Rotom|26/100\n|\n|upkeep\n|turn|89\n|\n|t:|1771213029\n|switch|p1a: Party|Amoonguss, F|100/100\n|move|p2a: Rotom|Pain Split|p1a: Party\n|-sethp|p1a: Party|60/100|[from] move: Pain Split|[silent]\n|-sethp|p2a: Rotom|84/100|[from] move: Pain Split\n|\n|upkeep\n|turn|90\n|\n|t:|1771213032\n|move|p2a: Rotom|Volt Switch|p1a: Party\n|-resisted|p1a: Party\n|-damage|p1a: Party|48/100\n|\n|t:|1771213037\n|switch|p2a: Zamazenta|Zamazenta|100/100|[from] Volt Switch\n|move|p1a: Party|Seed Bomb|p2a: Zamazenta\n|-damage|p2a: Zamazenta|80/100\n|\n|upkeep\n|turn|91\n|\n|t:|1771213045\n|switch|p1a: Great King Rat|Gliscor, F|91/100 tox\n|-damage|p1a: Great King Rat|79/100 tox|[from] Stealth Rock\n|move|p2a: Zamazenta|Roar|p1a: Great King Rat\n|drag|p1a: Party|Amoonguss, F|81/100\n|\n|upkeep\n|turn|92\n|\n|t:|1771213056\n|switch|p2a: Sinistcha|Sinistcha, tera:Poison|40/100\n|move|p1a: Party|Toxic|p2a: Sinistcha\n|-immune|p2a: Sinistcha\n|\n|upkeep\n|turn|93\n|\n|t:|1771213063\n|switch|p1a: Under Pressure|Corviknight, M|77/100\n|-ability|p1a: Under Pressure|Pressure\n|move|p2a: Sinistcha|Strength Sap|p1a: Under Pressure\n|-unboost|p1a: Under Pressure|atk|1\n|-heal|p2a: Sinistcha|100/100\n|\n|upkeep\n|turn|94\n|\n|t:|1771213068\n|move|p1a: Under Pressure|Protect|p1a: Under Pressure\n|-singleturn|p1a: Under Pressure|Protect\n|move|p2a: Sinistcha|Calm Mind|p2a: Sinistcha\n|-boost|p2a: Sinistcha|spa|1\n|-boost|p2a: Sinistcha|spd|1\n|\n|upkeep\n|turn|95\n|\n|t:|1771213072\n|switch|p1a: Killer Queen|Blissey, F|80/100\n|move|p2a: Sinistcha|Matcha Gotcha|p1a: Killer Queen\n|-damage|p1a: Killer Queen|65/100\n|\n|upkeep\n|turn|96\n|\n|t:|1771213076\n|move|p2a: Sinistcha|Matcha Gotcha|p1a: Killer Queen\n|-damage|p1a: Killer Queen|50/100\n|move|p1a: Killer Queen|Seismic Toss|p2a: Sinistcha\n|-damage|p2a: Sinistcha|72/100\n|\n|upkeep\n|turn|97\n|\n|t:|1771213079\n|move|p2a: Sinistcha|Matcha Gotcha|p1a: Killer Queen\n|-damage|p1a: Killer Queen|35/100\n|-heal|p2a: Sinistcha|86/100|[from] drain|[of] p1a: Killer Queen\n|move|p1a: Killer Queen|Soft-Boiled|p1a: Killer Queen\n|-heal|p1a: Killer Queen|85/100\n|\n|upkeep\n|turn|98\n|\n|t:|1771213083\n|move|p2a: Sinistcha|Matcha Gotcha|p1a: Killer Queen\n|-damage|p1a: Killer Queen|68/100\n|-heal|p2a: Sinistcha|100/100|[from] drain|[of] p1a: Killer Queen\n|move|p1a: Killer Queen|Calm Mind|p1a: Killer Queen\n|-boost|p1a: Killer Queen|spa|1\n|-boost|p1a: Killer Queen|spd|1\n|\n|upkeep\n|turn|99\n|\n|t:|1771213088\n|switch|p2a: Rotom|Rotom-Wash|84/100\n|-damage|p2a: Rotom|72/100|[from] Stealth Rock\n|move|p1a: Killer Queen|Calm Mind|p1a: Killer Queen\n|-boost|p1a: Killer Queen|spa|1\n|-boost|p1a: Killer Queen|spd|1\n|\n|upkeep\n|turn|100\n|\n|t:|1771213090\n|switch|p1a: Party|Amoonguss, F|100/100\n|move|p2a: Rotom|Volt Switch|p1a: Party\n|-resisted|p1a: Party\n|-damage|p1a: Party|88/100\n|\n|t:|1771213093\n|switch|p2a: Sinistcha|Sinistcha, tera:Poison|100/100|[from] Volt Switch\n|\n|upkeep\n|turn|101\n|\n|t:|1771213097\n|switch|p1a: Killer Queen|Blissey, F|68/100\n|move|p2a: Sinistcha|Calm Mind|p2a: Sinistcha\n|-boost|p2a: Sinistcha|spa|1\n|-boost|p2a: Sinistcha|spd|1\n|\n|upkeep\n|turn|102\n|\n|t:|1771213099\n|move|p2a: Sinistcha|Matcha Gotcha|p1a: Killer Queen\n|-crit|p1a: Killer Queen\n|-damage|p1a: Killer Queen|47/100\n|move|p1a: Killer Queen|Calm Mind|p1a: Killer Queen\n|-boost|p1a: Killer Queen|spa|1\n|-boost|p1a: Killer Queen|spd|1\n|\n|upkeep\n|turn|103\n|\n|t:|1771213103\n|switch|p2a: Rotom|Rotom-Wash|72/100\n|-damage|p2a: Rotom|59/100|[from] Stealth Rock\n|move|p1a: Killer Queen|Calm Mind|p1a: Killer Queen\n|-boost|p1a: Killer Queen|spa|1\n|-boost|p1a: Killer Queen|spd|1\n|\n|upkeep\n|turn|104\n|\n|t:|1771213105\n|switch|p1a: Party|Amoonguss, F|100/100\n|move|p2a: Rotom|Volt Switch|p1a: Party\n|-resisted|p1a: Party\n|-damage|p1a: Party|89/100\n|\n|t:|1771213109\n|switch|p2a: Sinistcha|Sinistcha, tera:Poison|100/100|[from] Volt Switch\n|\n|upkeep\n|turn|105\n|\n|t:|1771213112\n|switch|p1a: Under Pressure|Corviknight, M|77/100\n|-ability|p1a: Under Pressure|Pressure\n|move|p2a: Sinistcha|Calm Mind|p2a: Sinistcha\n|-boost|p2a: Sinistcha|spa|1\n|-boost|p2a: Sinistcha|spd|1\n|\n|upkeep\n|turn|106\n|\n|t:|1771213115\n|switch|p1a: Dragon Attack|Dondozo, M|100/100\n|move|p2a: Sinistcha|Shadow Ball|p1a: Dragon Attack\n|-damage|p1a: Dragon Attack|69/100\n|\n|upkeep\n|turn|107\n|\n|t:|1771213119\n|-terastallize|p1a: Dragon Attack|Fighting\n|move|p2a: Sinistcha|Shadow Ball|p1a: Dragon Attack\n|-crit|p1a: Dragon Attack\n|-damage|p1a: Dragon Attack|23/100\n|move|p1a: Dragon Attack|Rest|p1a: Dragon Attack\n|-status|p1a: Dragon Attack|slp|[from] move: Rest\n|-heal|p1a: Dragon Attack|100/100 slp|[silent]\n|\n|upkeep\n|turn|108\n|\n|t:|1771213124\n|move|p2a: Sinistcha|Shadow Ball|p1a: Dragon Attack\n|-damage|p1a: Dragon Attack|70/100 slp\n|cant|p1a: Dragon Attack|slp\n|move|p1a: Dragon Attack|Sleep Talk|p1a: Dragon Attack\n|move|p1a: Dragon Attack|Rest||[from] move: Sleep Talk|[still]\n|-fail|p1a: Dragon Attack\n|\n|upkeep\n|turn|109\n|\n|t:|1771213130\n|switch|p2a: Zamazenta|Zamazenta|80/100\n|switch|p1a: Killer Queen|Blissey, F|47/100\n|\n|upkeep\n|turn|110\n|\n|t:|1771213138\n|switch|p1a: Party|Amoonguss, F|100/100\n|move|p2a: Zamazenta|Roar|p1a: Party\n|drag|p1a: Under Pressure|Corviknight, M|77/100\n|-ability|p1a: Under Pressure|Pressure\n|\n|upkeep\n|turn|111\n|\n|t:|1771213142\n|switch|p1a: Party|Amoonguss, F|100/100\n|move|p2a: Zamazenta|Close Combat|p1a: Party\n|-resisted|p1a: Party\n|-damage|p1a: Party|81/100\n|-unboost|p2a: Zamazenta|def|1\n|-unboost|p2a: Zamazenta|spd|1\n|\n|upkeep\n|turn|112\n|\n|t:|1771213146\n|switch|p2a: Sinistcha|Sinistcha, tera:Poison|100/100\n|move|p1a: Party|Seed Bomb|p2a: Sinistcha\n|-resisted|p2a: Sinistcha\n|-crit|p2a: Sinistcha\n|-damage|p2a: Sinistcha|87/100\n|\n|upkeep\n|turn|113\n|\n|t:|1771213154\n|switch|p2a: Rotom|Rotom-Wash|59/100\n|-damage|p2a: Rotom|47/100|[from] Stealth Rock\n|switch|p1a: Killer Queen|Blissey, F|47/100\n|\n|upkeep\n|turn|114\n|\n|t:|1771213157\n|switch|p1a: Party|Amoonguss, F|100/100\n|move|p2a: Rotom|Pain Split|p1a: Party\n|-sethp|p1a: Party|67/100|[from] move: Pain Split|[silent]\n|-sethp|p2a: Rotom|95/100|[from] move: Pain Split\n|\n|upkeep\n|turn|115\n|\n|t:|1771213161\n|move|p2a: Rotom|Volt Switch|p1a: Party\n|-resisted|p1a: Party\n|-damage|p1a: Party|55/100\n|\n|t:|1771213162\n|switch|p2a: Sinistcha|Sinistcha, tera:Poison|87/100|[from] Volt Switch\n|move|p1a: Party|Seed Bomb|p2a: Sinistcha\n|-resisted|p2a: Sinistcha\n|-damage|p2a: Sinistcha|79/100\n|\n|upkeep\n|turn|116\n|\n|t:|1771213171\n|switch|p2a: Gliscor|Gliscor, F|50/100 tox\n|-damage|p2a: Gliscor|38/100 tox|[from] Stealth Rock\n|switch|p1a: Great King Rat|Gliscor, F|79/100 tox\n|-damage|p1a: Great King Rat|66/100 tox|[from] Stealth Rock\n|\n|-heal|p2a: Gliscor|50/100 tox|[from] ability: Poison Heal\n|-heal|p1a: Great King Rat|79/100 tox|[from] ability: Poison Heal\n|-damage|p2a: Gliscor|38/100 tox|[from] item: Sticky Barb\n|upkeep\n|turn|117\n|\n|t:|1771213176\n|move|p2a: Gliscor|Earthquake|p1a: Great King Rat\n|-immune|p1a: Great King Rat\n|move|p1a: Great King Rat|Spikes||[still]\n|-fail|p1a: Great King Rat\n|\n|-heal|p2a: Gliscor|50/100 tox|[from] ability: Poison Heal\n|-heal|p1a: Great King Rat|91/100 tox|[from] ability: Poison Heal\n|-damage|p2a: Gliscor|38/100 tox|[from] item: Sticky Barb\n|upkeep\n|turn|118\n|\n|t:|1771213179\n|move|p2a: Gliscor|Earthquake|p1a: Great King Rat\n|-immune|p1a: Great King Rat\n|move|p1a: Great King Rat|Spikes||[still]\n|-fail|p1a: Great King Rat\n|\n|-heal|p2a: Gliscor|50/100 tox|[from] ability: Poison Heal\n|-heal|p1a: Great King Rat|100/100 tox|[from] ability: Poison Heal\n|-damage|p2a: Gliscor|38/100 tox|[from] item: Sticky Barb\n|upkeep\n|turn|119\n|\n|t:|1771213181\n|switch|p1a: Someone to Love|Clefable, M|100/100 brn\n|move|p2a: Gliscor|Earthquake|p1a: Someone to Love\n|-damage|p1a: Someone to Love|75/100 brn\n|\n|-heal|p2a: Gliscor|50/100 tox|[from] ability: Poison Heal\n|-damage|p2a: Gliscor|38/100 tox|[from] item: Sticky Barb\n|upkeep\n|turn|120\n|\n|t:|1771213187\n|switch|p2a: Rotom|Rotom-Wash|95/100\n|-damage|p2a: Rotom|82/100|[from] Stealth Rock\n|move|p1a: Someone to Love|Knock Off|p2a: Rotom\n|-damage|p2a: Rotom|78/100\n|\n|upkeep\n|turn|121\n|\n|t:|1771213192\n|move|p2a: Rotom|Will-O-Wisp|p1a: Someone to Love\n|-fail|p1a: Someone to Love|brn\n|move|p1a: Someone to Love|Moonlight|p1a: Someone to Love\n|-heal|p1a: Someone to Love|100/100 brn\n|\n|upkeep\n|turn|122\n|\n|t:|1771213194\n|switch|p1a: Party|Amoonguss, F|88/100\n|move|p2a: Rotom|Will-O-Wisp|p1a: Party\n|-status|p1a: Party|brn\n|\n|-damage|p1a: Party|82/100 brn|[from] brn\n|upkeep\n|turn|123\n|\n|t:|1771213197\n|move|p2a: Rotom|Volt Switch|p1a: Party\n|-resisted|p1a: Party\n|-damage|p1a: Party|70/100 brn\n|\n|t:|1771213198\n|switch|p2a: Sinistcha|Sinistcha, tera:Poison|79/100|[from] Volt Switch\n|move|p1a: Party|Seed Bomb|p2a: Sinistcha\n|-resisted|p2a: Sinistcha\n|-damage|p2a: Sinistcha|74/100\n|\n|-damage|p1a: Party|64/100 brn|[from] brn\n|upkeep\n|turn|124\n|\n|t:|1771213204\n|switch|p1a: Killer Queen|Blissey, F|47/100\n|move|p2a: Sinistcha|Calm Mind|p2a: Sinistcha\n|-boost|p2a: Sinistcha|spa|1\n|-boost|p2a: Sinistcha|spd|1\n|\n|upkeep\n|turn|125\n|\n|t:|1771213208\n|switch|p2a: Rotom|Rotom-Wash|78/100\n|-damage|p2a: Rotom|66/100|[from] Stealth Rock\n|move|p1a: Killer Queen|Soft-Boiled|p1a: Killer Queen\n|-heal|p1a: Killer Queen|97/100\n|\n|upkeep\n|turn|126\n|\n|t:|1771213212\n|switch|p1a: Party|Amoonguss, F|97/100 brn\n|move|p2a: Rotom|Volt Switch|p1a: Party\n|-resisted|p1a: Party\n|-damage|p1a: Party|84/100 brn\n|\n|t:|1771213221\n|switch|p2a: Heatran|Heatran, M|47/100|[from] Volt Switch\n|-damage|p2a: Heatran|23/100|[from] Spikes\n|-damage|p2a: Heatran|10/100|[from] Stealth Rock\n|\n|-heal|p2a: Heatran|16/100|[from] item: Leftovers\n|-damage|p1a: Party|78/100 brn|[from] brn\n|upkeep\n|turn|127\n|\n|t:|1771213231\n|switch|p1a: Someone to Love|Clefable, M|100/100 brn\n|move|p2a: Heatran|Lava Plume|p1a: Someone to Love\n|-damage|p1a: Someone to Love|70/100 brn\n|\n|-heal|p2a: Heatran|23/100|[from] item: Leftovers\n|upkeep\n|turn|128\n|\n|t:|1771213235\n|move|p2a: Heatran|Protect|p2a: Heatran\n|-singleturn|p2a: Heatran|Protect\n|move|p1a: Someone to Love|Knock Off|p2a: Heatran\n|-activate|p2a: Heatran|move: Protect\n|\n|-heal|p2a: Heatran|29/100|[from] item: Leftovers\n|upkeep\n|turn|129\n|\n|t:|1771213239\n|move|p2a: Heatran|Lava Plume|p1a: Someone to Love\n|-damage|p1a: Someone to Love|39/100 brn\n|move|p1a: Someone to Love|Ice Beam|p2a: Heatran\n|-resisted|p2a: Heatran\n|-damage|p2a: Heatran|26/100\n|-status|p2a: Heatran|frz\n|\n|-heal|p2a: Heatran|32/100 frz|[from] item: Leftovers\n|upkeep\n|turn|130\n|\n|t:|1771213247\n|switch|p2a: Gliscor|Gliscor, F|38/100 tox\n|-damage|p2a: Gliscor|25/100 tox|[from] Stealth Rock\n|move|p1a: Someone to Love|Moonlight|p1a: Someone to Love\n|-heal|p1a: Someone to Love|89/100 brn\n|\n|-heal|p2a: Gliscor|38/100 tox|[from] ability: Poison Heal\n|-damage|p2a: Gliscor|25/100 tox|[from] item: Sticky Barb\n|upkeep\n|turn|131\n|\n|t:|1771213255\n|move|p2a: Gliscor|Earthquake|p1a: Someone to Love\n|-crit|p1a: Someone to Love\n|-damage|p1a: Someone to Love|52/100 brn\n|move|p1a: Someone to Love|Ice Beam|p2a: Gliscor\n|-supereffective|p2a: Gliscor\n|-damage|p2a: Gliscor|0 fnt\n|faint|p2a: Gliscor\n|\n|upkeep\n|\n|t:|1771213260\n|switch|p2a: Zamazenta|Zamazenta|80/100\n|turn|132\n|\n|t:|1771213265\n|switch|p2a: Sinistcha|Sinistcha, tera:Poison|74/100\n|switch|p1a: Party|Amoonguss, F|100/100 brn\n|\n|-damage|p1a: Party|94/100 brn|[from] brn\n|upkeep\n|turn|133\n|\n|t:|1771213270\n|switch|p2a: Rotom|Rotom-Wash|66/100\n|-damage|p2a: Rotom|53/100|[from] Stealth Rock\n|switch|p1a: Great King Rat|Gliscor, F|100/100 tox\n|-damage|p1a: Great King Rat|88/100 tox|[from] Stealth Rock\n|\n|-heal|p1a: Great King Rat|100/100 tox|[from] ability: Poison Heal\n|upkeep\n|turn|134\n|\n|t:|1771213273\n|switch|p1a: Party|Amoonguss, F|100/100 brn\n|move|p2a: Rotom|Hydro Pump|p1a: Party\n|-resisted|p1a: Party\n|-damage|p1a: Party|83/100 brn\n|\n|-damage|p1a: Party|77/100 brn|[from] brn\n|upkeep\n|turn|135\n|\n|t:|1771213276\n|move|p2a: Rotom|Volt Switch|p1a: Party\n|-resisted|p1a: Party\n|-damage|p1a: Party|65/100 brn\n|\n|t:|1771213277\n|switch|p2a: Sinistcha|Sinistcha, tera:Poison|74/100|[from] Volt Switch\n|move|p1a: Party|Toxic|p2a: Sinistcha\n|-immune|p2a: Sinistcha\n|\n|-damage|p1a: Party|59/100 brn|[from] brn\n|upkeep\n|turn|136\n|\n|t:|1771213280\n|switch|p1a: Great King Rat|Gliscor, F|100/100 tox\n|-damage|p1a: Great King Rat|88/100 tox|[from] Stealth Rock\n|move|p2a: Sinistcha|Calm Mind|p2a: Sinistcha\n|-boost|p2a: Sinistcha|spa|1\n|-boost|p2a: Sinistcha|spd|1\n|\n|-heal|p1a: Great King Rat|100/100 tox|[from] ability: Poison Heal\n|upkeep\n|turn|137\n|\n|t:|1771213293\n|switch|p2a: Rotom|Rotom-Wash|53/100\n|-damage|p2a: Rotom|41/100|[from] Stealth Rock\n|move|p1a: Great King Rat|Knock Off|p2a: Rotom\n|-damage|p2a: Rotom|28/100\n|\n|upkeep\n|turn|138\n|\n|t:|1771213296\n|switch|p1a: Party|Amoonguss, F|92/100 brn\n|move|p2a: Rotom|Pain Split|p1a: Party\n|-sethp|p1a: Party|56/100 brn|[from] move: Pain Split|[silent]\n|-sethp|p2a: Rotom|79/100|[from] move: Pain Split\n|\n|-damage|p1a: Party|50/100 brn|[from] brn\n|upkeep\n|turn|139\n|\n|t:|1771213298\n|move|p2a: Rotom|Volt Switch|p1a: Party\n|-resisted|p1a: Party\n|-damage|p1a: Party|38/100 brn\n|\n|t:|1771213301\n|switch|p2a: Zamazenta|Zamazenta|80/100|[from] Volt Switch\n|move|p1a: Party|Synthesis|p1a: Party\n|-heal|p1a: Party|88/100 brn\n|\n|-damage|p1a: Party|81/100 brn|[from] brn\n|upkeep\n|turn|140\n|\n|t:|1771213312\n|switch|p2a: Sinistcha|Sinistcha, tera:Poison|74/100\n|move|p1a: Party|Toxic|p2a: Sinistcha\n|-immune|p2a: Sinistcha\n|\n|-damage|p1a: Party|75/100 brn|[from] brn\n|upkeep\n|turn|141\n|\n|t:|1771213317\n|switch|p2a: Rotom|Rotom-Wash|79/100\n|-damage|p2a: Rotom|67/100|[from] Stealth Rock\n|switch|p1a: Great King Rat|Gliscor, F|100/100 tox\n|-damage|p1a: Great King Rat|88/100 tox|[from] Stealth Rock\n|\n|-heal|p1a: Great King Rat|100/100 tox|[from] ability: Poison Heal\n|upkeep\n|turn|142\n|\n|t:|1771213322\n|switch|p1a: Party|Amoonguss, F|100/100 brn\n|move|p2a: Rotom|Volt Switch|p1a: Party\n|-resisted|p1a: Party\n|-damage|p1a: Party|88/100 brn\n|\n|t:|1771213326\n|switch|p2a: Darkrai|Darkrai|55/100|[from] Volt Switch\n|-damage|p2a: Darkrai|30/100|[from] Spikes\n|-damage|p2a: Darkrai|18/100|[from] Stealth Rock\n|\n|-damage|p1a: Party|82/100 brn|[from] brn\n|upkeep\n|turn|143\n|\n|t:|1771213333\n|switch|p1a: Under Pressure|Corviknight, M|77/100\n|-ability|p1a: Under Pressure|Pressure\n|move|p2a: Darkrai|Knock Off|p1a: Under Pressure\n|-damage|p1a: Under Pressure|50/100\n|-enditem|p1a: Under Pressure|Heavy-Duty Boots|[from] move: Knock Off|[of] p2a: Darkrai\n|\n|upkeep\n|turn|144\n|\n|t:|1771213337\n|move|p2a: Darkrai|Dark Pulse|p1a: Under Pressure\n|-damage|p1a: Under Pressure|21/100\n|move|p1a: Under Pressure|Roost|p1a: Under Pressure\n|-heal|p1a: Under Pressure|71/100\n|-singleturn|p1a: Under Pressure|move: Roost\n|\n|upkeep\n|turn|145\n|\n|t:|1771213340\n|move|p1a: Under Pressure|Protect|p1a: Under Pressure\n|-singleturn|p1a: Under Pressure|Protect\n|move|p2a: Darkrai|Dark Pulse|p1a: Under Pressure\n|-activate|p1a: Under Pressure|move: Protect\n|\n|upkeep\n|turn|146\n|\n|t:|1771213342\n|move|p2a: Darkrai|Dark Pulse|p1a: Under Pressure\n|-damage|p1a: Under Pressure|41/100\n|move|p1a: Under Pressure|Roost|p1a: Under Pressure\n|-heal|p1a: Under Pressure|91/100\n|-singleturn|p1a: Under Pressure|move: Roost\n|\n|upkeep\n|turn|147\n|\n|t:|1771213344\n|move|p1a: Under Pressure|Protect|p1a: Under Pressure\n|-singleturn|p1a: Under Pressure|Protect\n|move|p2a: Darkrai|Dark Pulse|p1a: Under Pressure\n|-activate|p1a: Under Pressure|move: Protect\n|\n|upkeep\n|turn|148\n|\n|t:|1771213347\n|move|p2a: Darkrai|Dark Pulse|p1a: Under Pressure\n|-damage|p1a: Under Pressure|63/100\n|move|p1a: Under Pressure|Thief|p2a: Darkrai\n|-resisted|p2a: Darkrai\n|-damage|p2a: Darkrai|9/100\n|\n|upkeep\n|turn|149\n|\n|t:|1771213350\n|move|p1a: Under Pressure|Protect|p1a: Under Pressure\n|-singleturn|p1a: Under Pressure|Protect\n|move|p2a: Darkrai|Ice Beam|p1a: Under Pressure\n|-activate|p1a: Under Pressure|move: Protect\n|\n|upkeep\n|turn|150\n|\n|t:|1771213352\n|move|p2a: Darkrai|Dark Pulse|p1a: Under Pressure\n|-damage|p1a: Under Pressure|34/100\n|move|p1a: Under Pressure|Roost|p1a: Under Pressure\n|-heal|p1a: Under Pressure|84/100\n|-singleturn|p1a: Under Pressure|move: Roost\n|\n|upkeep\n|turn|151\n|\n|t:|1771213353\n|move|p2a: Darkrai|Ice Beam|p1a: Under Pressure\n|-damage|p1a: Under Pressure|60/100\n|move|p1a: Under Pressure|Thief|p2a: Darkrai\n|-resisted|p2a: Darkrai\n|-damage|p2a: Darkrai|0 fnt\n|faint|p2a: Darkrai\n|\n|upkeep\n|-message|minecraft pro 67 forfeited.\n|\n|win|blip_exists\n|raw|blip_exists's rating: 1561 &rarr; <strong>1585</strong><br />(+24 for winning)\n|raw|minecraft pro 67's rating: 1634 &rarr; <strong>1610</strong><br />(-24 for losing)\n|l|☆minecraft pro 67\n|player|p2|\n", "uploadtime": 1771213362, "views": 25, "formatid": "gen9ou", "rating": 1585, "private": 0, "password": null}