{"id": "gen9ou-2639982035", "format": "[Gen 9] OU", "players": ["FiiFiFoFum", "pinkacordhater"], "log": "|j|☆FiiFiFoFum\n|j|‽pinkacordhater\n|t:|1782557687\n|gametype|singles\n|player|p1|FiiFiFoFum|erika-gen1rb|1645\n|player|p2|pinkacordhater|artistf-gen6|1616\n|gen|9\n|tier|[Gen 9] OU\n|rated|\n|rule|HP Percentage Mod: HP is shown in percentages\n|rule|Endless Battle Clause: Forcing endless battles is banned\n|rule|Species Clause: Limit one of each Pokémon\n|rule|OHKO Clause: OHKO moves are banned\n|rule|Evasion Items Clause: Evasion items are banned\n|rule|Evasion Moves Clause: Evasion moves are banned\n|rule|Evasion Abilities Clause: Evasion abilities are banned\n|rule|Sleep Moves Clause: Sleep-inducing moves are banned\n|clearpoke\n|poke|p1|Scizor, F|\n|poke|p1|Great Tusk|\n|poke|p1|Kyurem|\n|poke|p1|Slowking-Galar, M|\n|poke|p1|Enamorus, F|\n|poke|p1|Alomomola, M|\n|poke|p2|Rillaboom, M|\n|poke|p2|Garganacl, F|\n|poke|p2|Zapdos|\n|poke|p2|Gholdengo|\n|poke|p2|Great Tusk|\n|poke|p2|Slowking-Galar, F|\n|teampreview\n|inactive|Battle timer is ON: inactive players will automatically lose when time's up. (requested by pinkacordhater)\n|inactive|FiiFiFoFum also wants the timer to be on.\n|\n|t:|1782557698\n|teamsize|p1|6\n|teamsize|p2|6\n|start\n|switch|p1a: Kyurem|Kyurem|100/100\n|switch|p2a: Slowking|Slowking-Galar, F|100/100\n|-ability|p1a: Kyurem|Pressure\n|turn|1\n|\n|t:|1782557703\n|move|p1a: Kyurem|Earth Power|p2a: Slowking\n|-supereffective|p2a: Slowking\n|-damage|p2a: Slowking|53/100\n|move|p2a: Slowking|Sludge Bomb|p1a: Kyurem\n|-damage|p1a: Kyurem|61/100\n|\n|upkeep\n|turn|2\n|\n|t:|1782557713\n|switch|p1a: Scizor|Scizor, F|100/100\n|switch|p2a: Zapdos|Zapdos|100/100\n|\n|upkeep\n|turn|3\n|\n|t:|1782557723\n|switch|p1a: Slowking|Slowking-Galar, M|100/100\n|move|p2a: Zapdos|Volt Switch|p1a: Slowking\n|-damage|p1a: Slowking|76/100\n|\n|t:|1782557734\n|switch|p2a: Great Tusk|Great Tusk|100/100|[from] Volt Switch\n|\n|upkeep\n|turn|4\n|\n|t:|1782557738\n|move|p2a: Great Tusk|Headlong Rush|p1a: Slowking\n|-supereffective|p1a: Slowking\n|-damage|p1a: Slowking|0 fnt\n|-unboost|p2a: Great Tusk|def|1\n|-unboost|p2a: Great Tusk|spd|1\n|faint|p1a: Slowking\n|\n|upkeep\n|\n|t:|1782557742\n|switch|p1a: Kyurem|Kyurem|61/100\n|-ability|p1a: Kyurem|Pressure\n|turn|5\n|\n|t:|1782557747\n|-end|p2a: Great Tusk|Protosynthesis|[silent]\n|switch|p2a: Slowking|Slowking-Galar, F|86/100\n|move|p1a: Kyurem|Ice Beam|p2a: Slowking\n|-damage|p2a: Slowking|51/100\n|\n|upkeep\n|turn|6\n|\n|t:|1782557753\n|move|p1a: Kyurem|Ice Beam|p2a: Slowking\n|-damage|p2a: Slowking|17/100\n|-status|p2a: Slowking|frz\n|cant|p2a: Slowking|frz\n|\n|upkeep\n|turn|7\n|\n|t:|1782557758\n|switch|p2a: Gholdengo|Gholdengo|100/100\n|move|p1a: Kyurem|Ice Beam|p2a: Gholdengo\n|-resisted|p2a: Gholdengo\n|-damage|p2a: Gholdengo|60/100\n|\n|upkeep\n|turn|8\n|\n|t:|1782557762\n|switch|p1a: Alomomola|Alomomola, M|100/100\n|move|p2a: Gholdengo|Shadow Ball|p1a: Alomomola\n|-damage|p1a: Alomomola|81/100\n|-unboost|p1a: Alomomola|spd|1\n|\n|upkeep\n|turn|9\n|\n|t:|1782557766\n|switch|p2a: Slowking|Slowking-Galar, F|50/100 frz\n|move|p1a: Alomomola|Flip Turn|p2a: Slowking\n|-damage|p2a: Slowking|32/100 frz\n|\n|t:|1782557770\n|switch|p1a: Kyurem|Kyurem|61/100|[from] Flip Turn\n|-ability|p1a: Kyurem|Pressure\n|\n|upkeep\n|turn|10\n|\n|t:|1782557779\n|move|p1a: Kyurem|Ice Beam|p2a: Slowking\n|-damage|p2a: Slowking|0 fnt\n|faint|p2a: Slowking\n|\n|upkeep\n|\n|t:|1782557781\n|switch|p2a: Gholdengo|Gholdengo|60/100\n|turn|11\n|\n|t:|1782557792\n|move|p2a: Gholdengo|Trick|p1a: Kyurem\n|-activate|p2a: Gholdengo|move: Trick|[of] p1a: Kyurem\n|-item|p1a: Kyurem|Choice Scarf|[from] move: Trick\n|-item|p2a: Gholdengo|Choice Specs|[from] move: Trick\n|move|p1a: Kyurem|Ice Beam|p2a: Gholdengo\n|-resisted|p2a: Gholdengo\n|-damage|p2a: Gholdengo|32/100\n|\n|upkeep\n|turn|12\n|\n|t:|1782557798\n|switch|p1a: Alomomola|Alomomola, M|100/100\n|switch|p2a: Rillaboom|Rillaboom, M|100/100\n|-fieldstart|move: Grassy Terrain|[from] ability: Grassy Surge|[of] p2a: Rillaboom\n|\n|upkeep\n|turn|13\n|\n|t:|1782557801\n|move|p2a: Rillaboom|Knock Off|p1a: Alomomola\n|-damage|p1a: Alomomola|62/100\n|-enditem|p1a: Alomomola|Assault Vest|[from] move: Knock Off|[of] p2a: Rillaboom\n|move|p1a: Alomomola|Flip Turn|p2a: Rillaboom\n|-resisted|p2a: Rillaboom\n|-damage|p2a: Rillaboom|92/100\n|\n|t:|1782557805\n|switch|p1a: Kyurem|Kyurem|61/100|[from] Flip Turn\n|-ability|p1a: Kyurem|Pressure\n|\n|-heal|p1a: Kyurem|68/100|[from] Grassy Terrain\n|-heal|p2a: Rillaboom|98/100|[from] Grassy Terrain\n|upkeep\n|turn|14\n|\n|t:|1782557811\n|switch|p2a: Garganacl|Garganacl, F|100/100\n|move|p1a: Kyurem|Ice Beam|p2a: Garganacl\n|-damage|p2a: Garganacl|72/100\n|\n|-heal|p1a: Kyurem|74/100|[from] Grassy Terrain\n|-heal|p2a: Garganacl|78/100|[from] Grassy Terrain\n|-heal|p2a: Garganacl|85/100|[from] item: Leftovers\n|upkeep\n|turn|15\n|\n|t:|1782557817\n|move|p1a: Kyurem|Ice Beam|p2a: Garganacl\n|-damage|p2a: Garganacl|56/100\n|move|p2a: Garganacl|Salt Cure|p1a: Kyurem\n|-supereffective|p1a: Kyurem\n|-damage|p1a: Kyurem|49/100\n|-start|p1a: Kyurem|Salt Cure\n|\n|-heal|p1a: Kyurem|55/100|[from] Grassy Terrain\n|-heal|p2a: Garganacl|63/100|[from] Grassy Terrain\n|-heal|p2a: Garganacl|69/100|[from] item: Leftovers\n|-damage|p1a: Kyurem|43/100|[from] Salt Cure\n|upkeep\n|turn|16\n|\n|t:|1782557821\n|switch|p1a: Alomomola|Alomomola, M|96/100\n|move|p2a: Garganacl|Recover|p2a: Garganacl\n|-heal|p2a: Garganacl|100/100\n|\n|-heal|p1a: Alomomola|100/100|[from] Grassy Terrain\n|-fieldend|move: Grassy Terrain\n|upkeep\n|turn|17\n|\n|t:|1782557829\n|move|p1a: Alomomola|Scald|p2a: Garganacl\n|-supereffective|p2a: Garganacl\n|-damage|p2a: Garganacl|82/100\n|move|p2a: Garganacl|Curse|p2a: Garganacl\n|-unboost|p2a: Garganacl|spe|1\n|-boost|p2a: Garganacl|atk|1\n|-boost|p2a: Garganacl|def|1\n|\n|-heal|p2a: Garganacl|88/100|[from] item: Leftovers\n|upkeep\n|turn|18\n|\n|t:|1782557832\n|move|p1a: Alomomola|Flip Turn|p2a: Garganacl\n|-supereffective|p2a: Garganacl\n|-damage|p2a: Garganacl|75/100\n|\n|t:|1782557839\n|switch|p1a: Great Tusk|Great Tusk|100/100|[from] Flip Turn\n|move|p2a: Garganacl|Curse|p2a: Garganacl\n|-unboost|p2a: Garganacl|spe|1\n|-boost|p2a: Garganacl|atk|1\n|-boost|p2a: Garganacl|def|1\n|\n|-heal|p2a: Garganacl|81/100|[from] item: Leftovers\n|upkeep\n|turn|19\n|\n|t:|1782557842\n|move|p2a: Garganacl|Protect|p2a: Garganacl\n|-singleturn|p2a: Garganacl|Protect\n|move|p1a: Great Tusk|Stealth Rock|p2a: Garganacl\n|-sidestart|p2: pinkacordhater|move: Stealth Rock\n|\n|-heal|p2a: Garganacl|87/100|[from] item: Leftovers\n|upkeep\n|turn|20\n|\n|t:|1782557846\n|move|p1a: Great Tusk|Headlong Rush|p2a: Garganacl\n|-supereffective|p2a: Garganacl\n|-damage|p2a: Garganacl|51/100\n|-unboost|p1a: Great Tusk|def|1\n|-unboost|p1a: Great Tusk|spd|1\n|move|p2a: Garganacl|Curse|p2a: Garganacl\n|-unboost|p2a: Garganacl|spe|1\n|-boost|p2a: Garganacl|atk|1\n|-boost|p2a: Garganacl|def|1\n|\n|-heal|p2a: Garganacl|57/100|[from] item: Leftovers\n|upkeep\n|turn|21\n|\n|t:|1782557851\n|move|p2a: Garganacl|Protect|p2a: Garganacl\n|-singleturn|p2a: Garganacl|Protect\n|move|p1a: Great Tusk|Headlong Rush|p2a: Garganacl\n|-activate|p2a: Garganacl|move: Protect\n|\n|-heal|p2a: Garganacl|64/100|[from] item: Leftovers\n|upkeep\n|turn|22\n|\n|t:|1782557855\n|move|p1a: Great Tusk|Headlong Rush|p2a: Garganacl\n|-supereffective|p2a: Garganacl\n|-damage|p2a: Garganacl|32/100\n|-unboost|p1a: Great Tusk|def|1\n|-unboost|p1a: Great Tusk|spd|1\n|move|p2a: Garganacl|Recover|p2a: Garganacl\n|-heal|p2a: Garganacl|82/100\n|\n|-heal|p2a: Garganacl|89/100|[from] item: Leftovers\n|upkeep\n|turn|23\n|\n|t:|1782557859\n|move|p2a: Garganacl|Protect|p2a: Garganacl\n|-singleturn|p2a: Garganacl|Protect\n|move|p1a: Great Tusk|Headlong Rush|p2a: Garganacl\n|-activate|p2a: Garganacl|move: Protect\n|\n|-heal|p2a: Garganacl|95/100|[from] item: Leftovers\n|upkeep\n|turn|24\n|\n|t:|1782557861\n|move|p1a: Great Tusk|Headlong Rush|p2a: Garganacl\n|-supereffective|p2a: Garganacl\n|-damage|p2a: Garganacl|68/100\n|-unboost|p1a: Great Tusk|def|1\n|-unboost|p1a: Great Tusk|spd|1\n|move|p2a: Garganacl|Salt Cure|p1a: Great Tusk\n|-resisted|p1a: Great Tusk\n|-damage|p1a: Great Tusk|86/100\n|-start|p1a: Great Tusk|Salt Cure\n|\n|-heal|p2a: Garganacl|74/100|[from] item: Leftovers\n|-damage|p1a: Great Tusk|74/100|[from] Salt Cure\n|upkeep\n|turn|25\n|\n|t:|1782557866\n|move|p2a: Garganacl|Protect|p2a: Garganacl\n|-singleturn|p2a: Garganacl|Protect\n|move|p1a: Great Tusk|Headlong Rush|p2a: Garganacl\n|-activate|p2a: Garganacl|move: Protect\n|\n|-heal|p2a: Garganacl|80/100|[from] item: Leftovers\n|-damage|p1a: Great Tusk|62/100|[from] Salt Cure\n|upkeep\n|turn|26\n|\n|t:|1782557874\n|move|p1a: Great Tusk|Headlong Rush|p2a: Garganacl\n|-supereffective|p2a: Garganacl\n|-damage|p2a: Garganacl|55/100\n|-unboost|p1a: Great Tusk|def|1\n|-unboost|p1a: Great Tusk|spd|1\n|move|p2a: Garganacl|Curse|p2a: Garganacl\n|-unboost|p2a: Garganacl|spe|1\n|-boost|p2a: Garganacl|atk|1\n|-boost|p2a: Garganacl|def|1\n|\n|-heal|p2a: Garganacl|61/100|[from] item: Leftovers\n|-damage|p1a: Great Tusk|49/100|[from] Salt Cure\n|upkeep\n|turn|27\n|\n|t:|1782557878\n|-end|p1a: Great Tusk|Protosynthesis|[silent]\n|switch|p1a: Kyurem|Kyurem|43/100\n|-ability|p1a: Kyurem|Pressure\n|move|p2a: Garganacl|Protect||[still]\n|-fail|p2a: Garganacl\n|\n|-heal|p2a: Garganacl|67/100|[from] item: Leftovers\n|upkeep\n|turn|28\n|\n|t:|1782557881\n|move|p2a: Garganacl|Protect|p2a: Garganacl\n|-singleturn|p2a: Garganacl|Protect\n|move|p1a: Kyurem|Earth Power|p2a: Garganacl\n|-activate|p2a: Garganacl|move: Protect\n|\n|-heal|p2a: Garganacl|73/100|[from] item: Leftovers\n|upkeep\n|turn|29\n|\n|t:|1782557885\n|move|p1a: Kyurem|Earth Power|p2a: Garganacl\n|-supereffective|p2a: Garganacl\n|-damage|p2a: Garganacl|31/100\n|-unboost|p2a: Garganacl|spd|1\n|move|p2a: Garganacl|Recover|p2a: Garganacl\n|-heal|p2a: Garganacl|81/100\n|\n|-heal|p2a: Garganacl|87/100|[from] item: Leftovers\n|upkeep\n|turn|30\n|\n|t:|1782557897\n|move|p2a: Garganacl|Protect|p2a: Garganacl\n|-singleturn|p2a: Garganacl|Protect\n|move|p1a: Kyurem|Earth Power|p2a: Garganacl\n|-activate|p2a: Garganacl|move: Protect\n|\n|-heal|p2a: Garganacl|93/100|[from] item: Leftovers\n|upkeep\n|turn|31\n|\n|t:|1782557904\n|-terastallize|p2a: Garganacl|Water\n|move|p1a: Kyurem|Earth Power|p2a: Garganacl\n|-damage|p2a: Garganacl|60/100\n|move|p2a: Garganacl|Salt Cure|p1a: Kyurem\n|-supereffective|p1a: Kyurem\n|-damage|p1a: Kyurem|0 fnt\n|faint|p1a: Kyurem\n|\n|-heal|p2a: Garganacl|66/100|[from] item: Leftovers\n|upkeep\n|\n|t:|1782557911\n|switch|p1a: Scizor|Scizor, F|100/100\n|turn|32\n|\n|t:|1782557913\n|move|p2a: Garganacl|Protect|p2a: Garganacl\n|-singleturn|p2a: Garganacl|Protect\n|move|p1a: Scizor|Knock Off|p2a: Garganacl\n|-activate|p2a: Garganacl|move: Protect\n|\n|-heal|p2a: Garganacl|73/100|[from] item: Leftovers\n|upkeep\n|turn|33\n|\n|t:|1782557920\n|move|p1a: Scizor|Knock Off|p2a: Garganacl\n|-damage|p2a: Garganacl|65/100\n|-enditem|p2a: Garganacl|Leftovers|[from] move: Knock Off|[of] p1a: Scizor\n|move|p2a: Garganacl|Salt Cure|p1a: Scizor\n|-damage|p1a: Scizor|63/100\n|-start|p1a: Scizor|Salt Cure\n|\n|-damage|p1a: Scizor|38/100|[from] Salt Cure\n|upkeep\n|-enditem|p1a: Scizor|Sitrus Berry|[eat]\n|-heal|p1a: Scizor|63/100|[from] item: Sitrus Berry\n|turn|34\n|\n|t:|1782557927\n|switch|p1a: Great Tusk|Great Tusk|49/100\n|move|p2a: Garganacl|Recover|p2a: Garganacl\n|-heal|p2a: Garganacl|100/100\n|\n|upkeep\n|turn|35\n|\n|t:|1782557931\n|move|p2a: Garganacl|Protect|p2a: Garganacl\n|-singleturn|p2a: Garganacl|Protect\n|move|p1a: Great Tusk|Rapid Spin|p2a: Garganacl\n|-activate|p2a: Garganacl|move: Protect\n|\n|upkeep\n|turn|36\n|\n|t:|1782557933\n|move|p1a: Great Tusk|Rapid Spin|p2a: Garganacl\n|-damage|p2a: Garganacl|97/100\n|-boost|p1a: Great Tusk|spe|1\n|move|p2a: Garganacl|Salt Cure|p1a: Great Tusk\n|-resisted|p1a: Great Tusk\n|-damage|p1a: Great Tusk|43/100\n|-start|p1a: Great Tusk|Salt Cure\n|\n|-damage|p1a: Great Tusk|30/100|[from] Salt Cure\n|upkeep\n|turn|37\n|\n|t:|1782557937\n|move|p1a: Great Tusk|Rapid Spin|p2a: Garganacl\n|-damage|p2a: Garganacl|93/100\n|-boost|p1a: Great Tusk|spe|1\n|move|p2a: Garganacl|Curse|p2a: Garganacl\n|-unboost|p2a: Garganacl|spe|1\n|-boost|p2a: Garganacl|atk|1\n|-boost|p2a: Garganacl|def|1\n|\n|-damage|p1a: Great Tusk|18/100|[from] Salt Cure\n|upkeep\n|turn|38\n|\n|t:|1782557942\n|move|p1a: Great Tusk|Headlong Rush|p2a: Garganacl\n|-damage|p2a: Garganacl|84/100\n|-unboost|p1a: Great Tusk|def|1\n|-unboost|p1a: Great Tusk|spd|1\n|move|p2a: Garganacl|Salt Cure|p1a: Great Tusk\n|-resisted|p1a: Great Tusk\n|-damage|p1a: Great Tusk|7/100\n|\n|-damage|p1a: Great Tusk|0 fnt|[from] Salt Cure\n|faint|p1a: Great Tusk\n|-end|p1a: Great Tusk|Protosynthesis|[silent]\n|upkeep\n|\n|t:|1782557948\n|switch|p1a: Enamorus|Enamorus, F|100/100\n|turn|39\n|\n|t:|1782557952\n|-terastallize|p1a: Enamorus|Fairy\n|move|p1a: Enamorus|Moonblast|p2a: Garganacl\n|-damage|p2a: Garganacl|14/100\n|move|p2a: Garganacl|Salt Cure|p1a: Enamorus\n|-damage|p1a: Enamorus|26/100\n|-start|p1a: Enamorus|Salt Cure\n|\n|-damage|p1a: Enamorus|14/100|[from] Salt Cure\n|upkeep\n|turn|40\n|\n|t:|1782557962\n|switch|p1a: Alomomola|Alomomola, M|100/100\n|move|p2a: Garganacl|Protect||[still]\n|-fail|p2a: Garganacl\n|\n|upkeep\n|turn|41\n|\n|t:|1782557965\n|move|p1a: Alomomola|Play Rough|p2a: Garganacl|[miss]\n|-miss|p1a: Alomomola|p2a: Garganacl\n|move|p2a: Garganacl|Recover|p2a: Garganacl\n|-heal|p2a: Garganacl|64/100\n|\n|upkeep\n|turn|42\n|\n|t:|1782557969\n|move|p1a: Alomomola|Scald|p2a: Garganacl\n|-resisted|p2a: Garganacl\n|-damage|p2a: Garganacl|58/100\n|move|p2a: Garganacl|Recover|p2a: Garganacl\n|-heal|p2a: Garganacl|100/100\n|\n|upkeep\n|turn|43\n|\n|t:|1782557973\n|switch|p1a: Scizor|Scizor, F|63/100\n|move|p2a: Garganacl|Salt Cure|p1a: Scizor\n|-damage|p1a: Scizor|13/100\n|-start|p1a: Scizor|Salt Cure\n|\n|-damage|p1a: Scizor|0 fnt|[from] Salt Cure\n|faint|p1a: Scizor\n|upkeep\n|\n|t:|1782557975\n|switch|p1a: Enamorus|Enamorus, F, tera:Fairy|14/100\n|turn|44\n|\n|t:|1782557977\n|move|p1a: Enamorus|Moonblast|p2a: Garganacl\n|-damage|p2a: Garganacl|39/100\n|move|p2a: Garganacl|Salt Cure|p1a: Enamorus\n|-damage|p1a: Enamorus|0 fnt\n|faint|p1a: Enamorus\n|\n|upkeep\n|-message|FiiFiFoFum forfeited.\n|\n|win|pinkacordhater\n|raw|FiiFiFoFum's rating: 1645 &rarr; <strong>1623</strong><br />(-22 for losing)\n|raw|pinkacordhater's rating: 1616 &rarr; <strong>1638</strong><br />(+22 for winning)\n|l|☆FiiFiFoFum\n|player|p1|\n|l|‽pinkacordhater\n|player|p2|\n", "uploadtime": 1782558216, "views": 6, "formatid": "gen9ou", "rating": 1623, "private": 0, "password": null}