{"id": "gen9ou-2639969292", "format": "[Gen 9] OU", "players": ["der grosse z", "magikarp soup"], "log": "|j|☆der grosse z\n|j|☆magikarp soup\n|t:|1782554887\n|gametype|singles\n|player|p1|der grosse z|265|1646\n|player|p2|magikarp soup|medium|1723\n|gen|9\n|tier|[Gen 9] OU\n|rated|\n|rule|HP Percentage Mod: HP is shown in percentages\n|rule|Endless Battle Clause: Forcing endless battles is banned\n|rule|Species Clause: Limit one of each Pokémon\n|rule|OHKO Clause: OHKO moves are banned\n|rule|Evasion Items Clause: Evasion items are banned\n|rule|Evasion Moves Clause: Evasion moves are banned\n|rule|Evasion Abilities Clause: Evasion abilities are banned\n|rule|Sleep Moves Clause: Sleep-inducing moves are banned\n|clearpoke\n|poke|p1|Slowking-Galar, M|\n|poke|p1|Kyurem|\n|poke|p1|Great Tusk|\n|poke|p1|Hatterene, F|\n|poke|p1|Moltres|\n|poke|p1|Meowscarada, F|\n|poke|p2|Landorus-Therian, M|\n|poke|p2|Gholdengo|\n|poke|p2|Samurott-Hisui, M|\n|poke|p2|Deoxys-Speed|\n|poke|p2|Zamazenta-*|\n|poke|p2|Pecharunt|\n|teampreview\n|\n|t:|1782554899\n|teamsize|p1|6\n|teamsize|p2|6\n|start\n|switch|p1a: Meowscarada|Meowscarada, F|100/100\n|switch|p2a: Landorus|Landorus-Therian, M|100/100\n|-ability|p2a: Landorus|Intimidate|boost\n|-unboost|p1a: Meowscarada|atk|1\n|turn|1\n|\n|t:|1782554910\n|switch|p2a: Gholdengo|Gholdengo|100/100\n|move|p1a: Meowscarada|U-turn|p2a: Gholdengo\n|-start|p1a: Meowscarada|typechange|Bug|[from] ability: Protean\n|-resisted|p2a: Gholdengo\n|-damage|p2a: Gholdengo|97/100\n|\n|t:|1782554918\n|switch|p1a: Slowking|Slowking-Galar, M|100/100|[from] U-turn\n|\n|upkeep\n|turn|2\n|\n|t:|1782554922\n|move|p2a: Gholdengo|Nasty Plot|p2a: Gholdengo\n|-boost|p2a: Gholdengo|spa|2\n|-prepare|p1a: Slowking|Chilly Reception|[premajor]\n|move|p1a: Slowking|Chilly Reception|p1a: Slowking\n|-weather|Snowscape\n|\n|t:|1782554926\n|switch|p1a: Great Tusk|Great Tusk|100/100|[from] Chilly Reception\n|\n|-weather|Snowscape|[upkeep]\n|upkeep\n|turn|3\n|\n|t:|1782554929\n|move|p1a: Great Tusk|Headlong Rush|p2a: Gholdengo\n|-supereffective|p2a: Gholdengo\n|-damage|p2a: Gholdengo|17/100\n|-unboost|p1a: Great Tusk|def|1\n|-unboost|p1a: Great Tusk|spd|1\n|move|p2a: Gholdengo|Make It Rain|p1a: Great Tusk\n|-damage|p1a: Great Tusk|0 fnt\n|-unboost|p2a: Gholdengo|spa|1\n|faint|p1a: Great Tusk\n|-end|p1a: Great Tusk|Protosynthesis|[silent]\n|\n|-weather|Snowscape|[upkeep]\n|upkeep\n|\n|t:|1782554933\n|switch|p1a: Kyurem|Kyurem|100/100\n|-ability|p1a: Kyurem|Pressure\n|turn|4\n|-enditem|p2a: Gholdengo|Custap Berry|[eat]\n|-activate|p2a: Gholdengo|item: Custap Berry|[consumed]\n|\n|t:|1782554939\n|move|p2a: Gholdengo|Make It Rain|p1a: Kyurem\n|-supereffective|p1a: Kyurem\n|-damage|p1a: Kyurem|0 fnt\n|-unboost|p2a: Gholdengo|spa|1\n|faint|p1a: Kyurem\n|\n|-weather|Snowscape|[upkeep]\n|upkeep\n|\n|t:|1782554945\n|switch|p1a: Meowscarada|Meowscarada, F|100/100\n|turn|5\n|\n|t:|1782554948\n|move|p1a: Meowscarada|Knock Off|p2a: Gholdengo\n|-start|p1a: Meowscarada|typechange|Dark|[from] ability: Protean\n|-supereffective|p2a: Gholdengo\n|-damage|p2a: Gholdengo|0 fnt\n|faint|p2a: Gholdengo\n|\n|-weather|Snowscape|[upkeep]\n|upkeep\n|\n|t:|1782554951\n|switch|p2a: Landorus|Landorus-Therian, M|100/100\n|-ability|p2a: Landorus|Intimidate|boost\n|-unboost|p1a: Meowscarada|atk|1\n|turn|6\n|\n|t:|1782554955\n|switch|p1a: Hatterene|Hatterene, F|100/100\n|move|p2a: Landorus|Nasty Plot|p2a: Landorus\n|-boost|p2a: Landorus|spa|2\n|\n|-weather|none\n|upkeep\n|turn|7\n|\n|t:|1782554965\n|move|p2a: Landorus|Earth Power|p1a: Hatterene\n|-damage|p1a: Hatterene|0 fnt\n|faint|p1a: Hatterene\n|-damage|p2a: Landorus|91/100|[from] item: Life Orb\n|\n|upkeep\n|\n|t:|1782554968\n|switch|p1a: Meowscarada|Meowscarada, F|100/100\n|turn|8\n|\n|t:|1782554979\n|switch|p2a: Zamazenta|Zamazenta|100/100\n|-ability|p2a: Zamazenta|Dauntless Shield|boost\n|-boost|p2a: Zamazenta|def|1\n|move|p1a: Meowscarada|Triple Axel|p2a: Zamazenta\n|-start|p1a: Meowscarada|typechange|Ice|[from] ability: Protean\n|-damage|p2a: Zamazenta|94/100\n|-hitcount|p2a: Zamazenta|1\n|\n|upkeep\n|turn|9\n|\n|t:|1782554988\n|switch|p1a: Moltres|Moltres|100/100\n|move|p2a: Zamazenta|Howl|p2a: Zamazenta\n|-boost|p2a: Zamazenta|atk|1\n|\n|upkeep\n|turn|10\n|\n|t:|1782554996\n|-terastallize|p1a: Moltres|Grass\n|move|p2a: Zamazenta|Stone Edge|p1a: Moltres\n|-damage|p1a: Moltres|54/100\n|-damage|p2a: Zamazenta|84/100|[from] item: Life Orb\n|move|p1a: Moltres|Roar|p2a: Zamazenta\n|drag|p2a: Deoxys|Deoxys-Speed|100/100\n|-ability|p2a: Deoxys|Pressure\n|\n|upkeep\n|turn|11\n|\n|t:|1782555002\n|move|p2a: Deoxys|Psycho Boost|p1a: Moltres\n|-damage|p1a: Moltres|0 fnt\n|-unboost|p2a: Deoxys|spa|2\n|faint|p1a: Moltres\n|-damage|p2a: Deoxys|91/100|[from] item: Life Orb\n|\n|upkeep\n|\n|t:|1782555005\n|switch|p1a: Meowscarada|Meowscarada, F|100/100\n|turn|12\n|\n|t:|1782555008\n|-terastallize|p2a: Deoxys|Fighting\n|move|p1a: Meowscarada|U-turn|p2a: Deoxys\n|-start|p1a: Meowscarada|typechange|Bug|[from] ability: Protean\n|-resisted|p2a: Deoxys\n|-damage|p2a: Deoxys|67/100\n|\n|t:|1782555011\n|switch|p1a: Slowking|Slowking-Galar, M|100/100|[from] U-turn\n|move|p2a: Deoxys|Superpower|p1a: Slowking\n|-resisted|p1a: Slowking\n|-damage|p1a: Slowking|86/100\n|-unboost|p2a: Deoxys|atk|1\n|-unboost|p2a: Deoxys|def|1\n|-damage|p2a: Deoxys|57/100|[from] item: Life Orb\n|\n|upkeep\n|turn|13\n|\n|t:|1782555015\n|switch|p2a: Landorus|Landorus-Therian, M|91/100\n|-ability|p2a: Landorus|Intimidate|boost\n|-unboost|p1a: Slowking|atk|1\n|move|p1a: Slowking|Future Sight|p2a: Landorus\n|-start|p1a: Slowking|move: Future Sight\n|\n|upkeep\n|turn|14\n|\n|t:|1782555019\n|move|p2a: Landorus|Stealth Rock|p1a: Slowking\n|-sidestart|p1: der grosse z|move: Stealth Rock\n|-prepare|p1a: Slowking|Chilly Reception|[premajor]\n|move|p1a: Slowking|Chilly Reception|p1a: Slowking\n|-weather|Snowscape\n|\n|t:|1782555021\n|switch|p1a: Meowscarada|Meowscarada, F|100/100|[from] Chilly Reception\n|-damage|p1a: Meowscarada|88/100|[from] Stealth Rock\n|\n|-weather|Snowscape|[upkeep]\n|upkeep\n|turn|15\n|\n|t:|1782555029\n|move|p1a: Meowscarada|Flower Trick|p2a: Landorus\n|-start|p1a: Meowscarada|typechange|Grass|[from] ability: Protean\n|-crit|p2a: Landorus\n|-damage|p2a: Landorus|36/100\n|move|p2a: Landorus|Earth Power|p1a: Meowscarada\n|-resisted|p1a: Meowscarada\n|-damage|p1a: Meowscarada|46/100\n|-damage|p2a: Landorus|27/100|[from] item: Life Orb\n|\n|-weather|Snowscape|[upkeep]\n|-end|p2a: Landorus|move: Future Sight\n|-damage|p2a: Landorus|0 fnt\n|faint|p2a: Landorus\n|upkeep\n|\n|t:|1782555038\n|switch|p2a: Zamazenta|Zamazenta|84/100\n|turn|16\n|\n|t:|1782555041\n|switch|p1a: Slowking|Slowking-Galar, M|100/100\n|move|p2a: Zamazenta|Crunch|p1a: Slowking\n|-supereffective|p1a: Slowking\n|-damage|p1a: Slowking|25/100\n|-damage|p2a: Zamazenta|74/100|[from] item: Life Orb\n|\n|-weather|Snowscape|[upkeep]\n|upkeep\n|turn|17\n|\n|t:|1782555051\n|move|p2a: Zamazenta|Crunch|p1a: Slowking\n|-supereffective|p1a: Slowking\n|-damage|p1a: Slowking|0 fnt\n|faint|p1a: Slowking\n|-damage|p2a: Zamazenta|65/100|[from] item: Life Orb\n|\n|-weather|Snowscape|[upkeep]\n|upkeep\n|\n|t:|1782555052\n|switch|p1a: Meowscarada|Meowscarada, F|46/100\n|-damage|p1a: Meowscarada|33/100|[from] Stealth Rock\n|turn|18\n|\n|t:|1782555073\n|move|p1a: Meowscarada|Flower Trick|p2a: Zamazenta\n|-start|p1a: Meowscarada|typechange|Grass|[from] ability: Protean\n|-crit|p2a: Zamazenta\n|-damage|p2a: Zamazenta|21/100\n|move|p2a: Zamazenta|Close Combat|p1a: Meowscarada\n|-damage|p1a: Meowscarada|0 fnt\n|-unboost|p2a: Zamazenta|def|1\n|-unboost|p2a: Zamazenta|spd|1\n|faint|p1a: Meowscarada\n|-damage|p2a: Zamazenta|11/100|[from] item: Life Orb\n|\n|win|magikarp soup\n|raw|der grosse z's rating: 1646 &rarr; <strong>1630</strong><br />(-16 for losing)\n|raw|magikarp soup's rating: 1723 &rarr; <strong>1739</strong><br />(+16 for winning)\n|c|☆magikarp soup|gg\n|l|☆der grosse z\n|player|p1|\n|l|☆magikarp soup\n|player|p2|\n", "uploadtime": 1782555225, "views": 13, "formatid": "gen9ou", "rating": 1630, "private": 0, "password": null}