{"id": "gen9ou-2639948128", "format": "[Gen 9] OU", "players": ["karakel", "fachkus"], "log": "|j|‽karakel\n|j|☆fachkus\n|t:|1782550172\n|gametype|singles\n|player|p1|karakel|cowgirl|1645\n|player|p2|fachkus|1|1635\n|gen|9\n|tier|[Gen 9] OU\n|rated|\n|rule|HP Percentage Mod: HP is shown in percentages\n|rule|Endless Battle Clause: Forcing endless battles is banned\n|rule|Species Clause: Limit one of each Pokémon\n|rule|OHKO Clause: OHKO moves are banned\n|rule|Evasion Items Clause: Evasion items are banned\n|rule|Evasion Moves Clause: Evasion moves are banned\n|rule|Evasion Abilities Clause: Evasion abilities are banned\n|rule|Sleep Moves Clause: Sleep-inducing moves are banned\n|clearpoke\n|poke|p1|Lilligant-Hisui, F|\n|poke|p1|Ninetales, M|\n|poke|p1|Great Tusk|\n|poke|p1|Walking Wake|\n|poke|p1|Cresselia, F|\n|poke|p1|Cinderace, M|\n|poke|p2|Iron Moth|\n|poke|p2|Gliscor, M|\n|poke|p2|Hatterene, F|\n|poke|p2|Ogerpon-Wellspring, F|\n|poke|p2|Raging Bolt|\n|poke|p2|Zamazenta-*|\n|teampreview\n|inactive|Battle timer is ON: inactive players will automatically lose when time's up. (requested by karakel)\n|\n|t:|1782550183\n|teamsize|p1|6\n|teamsize|p2|6\n|start\n|switch|p1a: Ninetales|Ninetales, M|100/100\n|switch|p2a: Hatterene|Hatterene, F|100/100\n|-weather|SunnyDay|[from] ability: Drought|[of] p1a: Ninetales\n|turn|1\n|inactive|fachkus also wants the timer to be on.\n|\n|t:|1782550191\n|switch|p1a: Cresselia|Cresselia, F|100/100\n|move|p2a: Hatterene|Calm Mind|p2a: Hatterene\n|-boost|p2a: Hatterene|spa|1\n|-boost|p2a: Hatterene|spd|1\n|\n|-weather|SunnyDay|[upkeep]\n|upkeep\n|turn|2\n|\n|t:|1782550199\n|switch|p1a: Cinderace|Cinderace, M|100/100\n|move|p2a: Hatterene|Calm Mind|p2a: Hatterene\n|-boost|p2a: Hatterene|spa|1\n|-boost|p2a: Hatterene|spd|1\n|\n|-weather|SunnyDay|[upkeep]\n|upkeep\n|turn|3\n|\n|t:|1782550207\n|-terastallize|p1a: Cinderace|Fire\n|-terastallize|p2a: Hatterene|Water\n|move|p1a: Cinderace|Pyro Ball|p2a: Hatterene\n|-resisted|p2a: Hatterene\n|-damage|p2a: Hatterene|53/100\n|move|p2a: Hatterene|Draining Kiss|p1a: Cinderace\n|-resisted|p1a: Cinderace\n|-damage|p1a: Cinderace|66/100\n|-heal|p2a: Hatterene|77/100|[from] drain|[of] p1a: Cinderace\n|\n|-weather|SunnyDay|[upkeep]\n|-heal|p2a: Hatterene|83/100|[from] item: Leftovers\n|upkeep\n|turn|4\n|\n|t:|1782550218\n|move|p1a: Cinderace|Pyro Ball|p2a: Hatterene\n|-resisted|p2a: Hatterene\n|-damage|p2a: Hatterene|37/100\n|move|p2a: Hatterene|Stored Power|p1a: Cinderace\n|-damage|p1a: Cinderace|0 fnt\n|faint|p1a: Cinderace\n|\n|-weather|SunnyDay|[upkeep]\n|-heal|p2a: Hatterene|43/100|[from] item: Leftovers\n|upkeep\n|\n|t:|1782550221\n|switch|p1a: Lilligant|Lilligant-Hisui, F|100/100\n|turn|5\n|\n|t:|1782550229\n|switch|p2a: Zamazenta|Zamazenta|100/100\n|-ability|p2a: Zamazenta|Dauntless Shield|boost\n|-boost|p2a: Zamazenta|def|1\n|move|p1a: Lilligant|Leaf Blade|p2a: Zamazenta\n|-damage|p2a: Zamazenta|78/100\n|\n|-weather|SunnyDay|[upkeep]\n|upkeep\n|turn|6\n|\n|t:|1782550240\n|switch|p1a: Cresselia|Cresselia, F|100/100\n|move|p2a: Zamazenta|Reflect|p2a: Zamazenta\n|-sidestart|p2: fachkus|Reflect\n|\n|-weather|SunnyDay|[upkeep]\n|upkeep\n|turn|7\n|\n|t:|1782550248\n|move|p2a: Zamazenta|Light Screen|p2a: Zamazenta\n|-sidestart|p2: fachkus|move: Light Screen\n|move|p1a: Cresselia|Thunder Wave|p2a: Zamazenta\n|-status|p2a: Zamazenta|par\n|\n|-weather|SunnyDay|[upkeep]\n|upkeep\n|turn|8\n|\n|t:|1782550256\n|switch|p2a: Hatterene|Hatterene, F, tera:Water|43/100\n|move|p1a: Cresselia|Thunder Wave|p2a: Hatterene\n|move|p2a: Hatterene|Thunder Wave|p1a: Cresselia|[from] ability: Magic Bounce\n|-status|p1a: Cresselia|par\n|\n|-weather|none\n|-heal|p2a: Hatterene|49/100|[from] item: Leftovers\n|upkeep\n|turn|9\n|\n|t:|1782550264\n|switch|p1a: Ninetales|Ninetales, M|100/100\n|-weather|SunnyDay|[from] ability: Drought|[of] p1a: Ninetales\n|move|p2a: Hatterene|Calm Mind|p2a: Hatterene\n|-boost|p2a: Hatterene|spa|1\n|-boost|p2a: Hatterene|spd|1\n|\n|-weather|SunnyDay|[upkeep]\n|-heal|p2a: Hatterene|55/100|[from] item: Leftovers\n|upkeep\n|turn|10\n|\n|t:|1782550272\n|move|p2a: Hatterene|Calm Mind|p2a: Hatterene\n|-boost|p2a: Hatterene|spa|1\n|-boost|p2a: Hatterene|spd|1\n|move|p1a: Ninetales|Roar|p2a: Hatterene\n|move|p2a: Hatterene|Roar|p1a: Ninetales|[from] ability: Magic Bounce\n|drag|p1a: Walking Wake|Walking Wake|100/100\n|-activate|p1a: Walking Wake|ability: Protosynthesis\n|-start|p1a: Walking Wake|protosynthesisspa\n|\n|-weather|SunnyDay|[upkeep]\n|-heal|p2a: Hatterene|61/100|[from] item: Leftovers\n|upkeep\n|turn|11\n|\n|t:|1782550280\n|-end|p1a: Walking Wake|Protosynthesis|[silent]\n|switch|p1a: Cresselia|Cresselia, F|100/100 par\n|move|p2a: Hatterene|Draining Kiss|p1a: Cresselia\n|-damage|p1a: Cresselia|75/100 par\n|-heal|p2a: Hatterene|87/100|[from] drain|[of] p1a: Cresselia\n|-enditem|p1a: Cresselia|Eject Button\n|\n|t:|1782550284\n|switch|p1a: Lilligant|Lilligant-Hisui, F|100/100\n|\n|-weather|SunnyDay|[upkeep]\n|-heal|p2a: Hatterene|93/100|[from] item: Leftovers\n|upkeep\n|turn|12\n|\n|t:|1782550291\n|switch|p1a: Cresselia|Cresselia, F|75/100 par\n|move|p2a: Hatterene|Mystical Fire|p1a: Cresselia\n|-damage|p1a: Cresselia|37/100 par\n|-unboost|p1a: Cresselia|spa|1\n|\n|-weather|SunnyDay|[upkeep]\n|-heal|p2a: Hatterene|99/100|[from] item: Leftovers\n|upkeep\n|turn|13\n|\n|t:|1782550300\n|move|p1a: Cresselia|Lunar Dance|p1a: Cresselia\n|faint|p1a: Cresselia\n|move|p2a: Hatterene|Mystical Fire|p1: Cresselia|[notarget]\n|-fail|p2a: Hatterene\n|\n|-weather|SunnyDay|[upkeep]\n|-heal|p2a: Hatterene|100/100|[from] item: Leftovers\n|-sideend|p2: fachkus|Reflect\n|upkeep\n|\n|t:|1782550304\n|switch|p1a: Lilligant|Lilligant-Hisui, F|100/100\n|-heal|p1a: Lilligant|100/100|[from] move: Lunar Dance\n|turn|14\n|\n|t:|1782550311\n|move|p1a: Lilligant|Leaf Blade|p2a: Hatterene\n|-supereffective|p2a: Hatterene\n|-damage|p2a: Hatterene|29/100\n|move|p2a: Hatterene|Draining Kiss|p1a: Lilligant\n|-supereffective|p1a: Lilligant\n|-damage|p1a: Lilligant|0 fnt\n|-heal|p2a: Hatterene|100/100|[from] drain|[of] p1a: Lilligant\n|faint|p1a: Lilligant\n|\n|-weather|SunnyDay|[upkeep]\n|-sideend|p2: fachkus|move: Light Screen\n|upkeep\n|-message|karakel forfeited.\n|\n|win|fachkus\n|raw|karakel's rating: 1645 &rarr; <strong>1624</strong><br />(-21 for losing)\n|raw|fachkus's rating: 1635 &rarr; <strong>1656</strong><br />(+21 for winning)\n", "uploadtime": 1782550317, "views": 11, "formatid": "gen9ou", "rating": 1624, "private": 0, "password": null}