{"id": "gen9ou-2639250292", "format": "[Gen 9] OU", "players": ["popolapopo", "misterricflair"], "log": "|j|☆popolapopo\n|j|☆misterricflair\n|t:|1782440457\n|gametype|singles\n|player|p1|popolapopo|266|1189\n|player|p2|misterricflair|2|1201\n|gen|9\n|tier|[Gen 9] OU\n|rated|\n|rule|HP Percentage Mod: HP is shown in percentages\n|rule|Endless Battle Clause: Forcing endless battles is banned\n|rule|Species Clause: Limit one of each Pokémon\n|rule|OHKO Clause: OHKO moves are banned\n|rule|Evasion Items Clause: Evasion items are banned\n|rule|Evasion Moves Clause: Evasion moves are banned\n|rule|Evasion Abilities Clause: Evasion abilities are banned\n|rule|Sleep Moves Clause: Sleep-inducing moves are banned\n|clearpoke\n|poke|p1|Blissey, F|\n|poke|p1|Glimmora, M|\n|poke|p1|Iron Moth|\n|poke|p1|Vikavolt, M|\n|poke|p1|Metagross|\n|poke|p1|Hitmontop, M|\n|poke|p2|Weavile, F|\n|poke|p2|Raging Bolt|\n|poke|p2|Alomomola, F|\n|poke|p2|Gholdengo|\n|poke|p2|Gliscor, M|\n|poke|p2|Cinderace, F|\n|teampreview\n|inactive|Battle timer is ON: inactive players will automatically lose when time's up. (requested by popolapopo)\n|\n|t:|1782440482\n|teamsize|p1|6\n|teamsize|p2|6\n|start\n|switch|p1a: Glimmora|Glimmora, M|100/100\n|switch|p2a: Gliscor|Gliscor, M|100/100\n|turn|1\n|\n|t:|1782440493\n|move|p1a: Glimmora|Power Gem|p2a: Gliscor\n|-damage|p2a: Gliscor|65/100\n|move|p2a: Gliscor|Spikes|p1a: Glimmora\n|-sidestart|p1: popolapopo|Spikes\n|\n|-status|p2a: Gliscor|tox|[from] item: Toxic Orb\n|upkeep\n|turn|2\n|\n|t:|1782440504\n|move|p1a: Glimmora|Stealth Rock|p2a: Gliscor\n|-sidestart|p2: misterricflair|move: Stealth Rock\n|move|p2a: Gliscor|Spikes|p1a: Glimmora\n|-sidestart|p1: popolapopo|Spikes\n|\n|-heal|p2a: Gliscor|77/100 tox|[from] ability: Poison Heal\n|upkeep\n|turn|3\n|\n|t:|1782440509\n|move|p1a: Glimmora|Power Gem|p2a: Gliscor\n|-crit|p2a: Gliscor\n|-damage|p2a: Gliscor|24/100 tox\n|move|p2a: Gliscor|Spikes|p1a: Glimmora\n|-sidestart|p1: popolapopo|Spikes\n|\n|-heal|p2a: Gliscor|36/100 tox|[from] ability: Poison Heal\n|upkeep\n|turn|4\n|\n|t:|1782440517\n|move|p2a: Gliscor|Protect|p2a: Gliscor\n|-singleturn|p2a: Gliscor|Protect\n|move|p1a: Glimmora|Power Gem|p2a: Gliscor\n|-activate|p2a: Gliscor|move: Protect\n|\n|-heal|p2a: Gliscor|49/100 tox|[from] ability: Poison Heal\n|upkeep\n|turn|5\n|\n|t:|1782440531\n|switch|p2a: Gholdengo|Gholdengo|100/100\n|-damage|p2a: Gholdengo|94/100|[from] Stealth Rock\n|move|p1a: Glimmora|Power Gem|p2a: Gholdengo\n|-resisted|p2a: Gholdengo\n|-damage|p2a: Gholdengo|71/100\n|\n|upkeep\n|turn|6\n|\n|t:|1782440540\n|move|p2a: Gholdengo|Shadow Ball|p1a: Glimmora\n|-damage|p1a: Glimmora|48/100\n|move|p1a: Glimmora|Earth Power|p2a: Gholdengo\n|-supereffective|p2a: Gholdengo\n|-damage|p2a: Gholdengo|0 fnt\n|faint|p2a: Gholdengo\n|\n|upkeep\n|\n|t:|1782440553\n|switch|p2a: Raging Bolt|Raging Bolt|100/100\n|-damage|p2a: Raging Bolt|88/100|[from] Stealth Rock\n|turn|7\n|\n|t:|1782440559\n|move|p1a: Glimmora|Mortal Spin|p2a: Raging Bolt\n|-damage|p2a: Raging Bolt|83/100\n|-status|p2a: Raging Bolt|psn\n|-sideend|p1: popolapopo|Spikes|[from] move: Mortal Spin|[of] p1a: Glimmora\n|move|p2a: Raging Bolt|Volt Switch|p1a: Glimmora\n|-damage|p1a: Glimmora|0 fnt\n|faint|p1a: Glimmora\n|\n|t:|1782440567\n|-end|p2a: Raging Bolt|Protosynthesis|[silent]\n|switch|p2a: Cinderace|Cinderace, F|100/100|[from] Volt Switch\n|\n|upkeep\n|\n|t:|1782440594\n|switch|p1a: Hitmontop|Hitmontop, M|100/100\n|-ability|p1a: Hitmontop|Intimidate|boost\n|-unboost|p2a: Cinderace|atk|1\n|turn|8\n|\n|t:|1782440600\n|move|p2a: Cinderace|U-turn|p1a: Hitmontop\n|-start|p2a: Cinderace|typechange|Bug|[from] ability: Libero\n|-resisted|p1a: Hitmontop\n|-damage|p1a: Hitmontop|87/100\n|\n|t:|1782440605\n|switch|p2a: Gliscor|Gliscor, M|49/100 tox|[from] U-turn\n|-damage|p2a: Gliscor|36/100 tox|[from] Stealth Rock\n|move|p1a: Hitmontop|Rapid Spin|p2a: Gliscor\n|-damage|p2a: Gliscor|25/100 tox\n|-boost|p1a: Hitmontop|spe|1\n|\n|-heal|p2a: Gliscor|37/100 tox|[from] ability: Poison Heal\n|upkeep\n|turn|9\n|\n|t:|1782440617\n|move|p1a: Hitmontop|Rapid Spin|p2a: Gliscor\n|-damage|p2a: Gliscor|25/100 tox\n|-boost|p1a: Hitmontop|spe|1\n|move|p2a: Gliscor|U-turn|p1a: Hitmontop\n|-resisted|p1a: Hitmontop\n|-damage|p1a: Hitmontop|77/100\n|\n|t:|1782440628\n|switch|p2a: Alomomola|Alomomola, F|100/100|[from] U-turn\n|\n|upkeep\n|turn|10\n|\n|t:|1782440640\n|switch|p1a: Blissey|Blissey, F|100/100\n|move|p2a: Alomomola|Flip Turn|p1a: Blissey\n|-damage|p1a: Blissey|86/100\n|\n|t:|1782440646\n|switch|p2a: Weavile|Weavile, F|100/100|[from] Flip Turn\n|-damage|p2a: Weavile|76/100|[from] Stealth Rock\n|-ability|p2a: Weavile|Pressure\n|\n|-heal|p1a: Blissey|92/100|[from] item: Leftovers\n|upkeep\n|turn|11\n|\n|t:|1782440656\n|switch|p1a: Hitmontop|Hitmontop, M|77/100\n|-ability|p1a: Hitmontop|Intimidate|boost\n|-unboost|p2a: Weavile|atk|1\n|-terastallize|p2a: Weavile|Ice\n|move|p2a: Weavile|Triple Axel|p1a: Hitmontop\n|-damage|p1a: Hitmontop|62/100\n|-damage|p1a: Hitmontop|33/100\n|-damage|p1a: Hitmontop|0 fnt\n|faint|p1a: Hitmontop\n|-hitcount|p1: Hitmontop|3\n|\n|upkeep\n|\n|t:|1782440674\n|switch|p1a: Metagross|Metagross|100/100\n|turn|12\n|\n|t:|1782440678\n|switch|p2a: Alomomola|Alomomola, F|100/100\n|move|p1a: Metagross|Agility|p1a: Metagross\n|-boost|p1a: Metagross|spe|2\n|\n|upkeep\n|turn|13\n|\n|t:|1782440687\n|move|p1a: Metagross|Psychic Fangs|p2a: Alomomola\n|-damage|p2a: Alomomola|75/100\n|move|p2a: Alomomola|Flip Turn|p1a: Metagross\n|-crit|p1a: Metagross\n|-damage|p1a: Metagross|80/100\n|\n|t:|1782440695\n|switch|p2a: Gliscor|Gliscor, M|25/100 tox|[from] Flip Turn\n|-damage|p2a: Gliscor|13/100 tox|[from] Stealth Rock\n|\n|-heal|p2a: Gliscor|25/100 tox|[from] ability: Poison Heal\n|upkeep\n|turn|14\n|\n|t:|1782440706\n|move|p2a: Gliscor|Protect|p2a: Gliscor\n|-singleturn|p2a: Gliscor|Protect\n|move|p1a: Metagross|Psychic Fangs|p2a: Gliscor\n|-activate|p2a: Gliscor|move: Protect\n|\n|-heal|p2a: Gliscor|38/100 tox|[from] ability: Poison Heal\n|upkeep\n|turn|15\n|\n|t:|1782440713\n|switch|p2a: Weavile|Weavile, F, tera:Ice|76/100\n|-damage|p2a: Weavile|51/100|[from] Stealth Rock\n|-ability|p2a: Weavile|Pressure\n|move|p1a: Metagross|Psychic Fangs|p2a: Weavile\n|-damage|p2a: Weavile|0 fnt\n|faint|p2a: Weavile\n|\n|upkeep\n|-message|misterricflair forfeited.\n|\n|win|popolapopo\n|raw|popolapopo's rating: 1189 &rarr; <strong>1215</strong><br />(+26 for winning)\n|raw|misterricflair's rating: 1201 &rarr; <strong>1175</strong><br />(-26 for losing)\n|l|☆misterricflair\n|player|p2|\n|l|☆popolapopo\n|player|p1|\n", "uploadtime": 1782441123, "views": 7, "formatid": "gen9ou", "rating": 1175, "private": 0, "password": null}