{"id": "gen9ou-2640024959", "format": "[Gen 9] OU", "players": ["patatounette", "Pinkacross"], "log": "|badge|p2|silver|gen9ou|30-9\n|html|<div class=\"broadcast-red\"><strong>This battle is required to be public due to one or more player having a season medal.</strong><br />During the public phase, you can discuss the state of the ladder <a href=\"/seasondiscussion\">in a special chatroom.</a></div>\n|uhtml|medal-msg|<div class=\"broadcast-blue\">Curious what those medals under the avatar are? PS now has Ladder Seasons! For more information, check out the <a href=\"https://www.smogon.com/forums/threads/3740067/\">thread on Smogon.</a></div>\n|raw|<div class=\"broadcast-blue\"><strong>This battle is required to be public due to a player having a name starting with 'medal'.</div>\n|j|☆patatounette\n|j|☆Pinkacross\n|t:|1782565855\n|gametype|singles\n|player|p1|patatounette|morty|1735\n|player|p2|Pinkacross|artist|1898\n|gen|9\n|tier|[Gen 9] OU\n|rated|\n|rule|HP Percentage Mod: HP is shown in percentages\n|rule|Endless Battle Clause: Forcing endless battles is banned\n|rule|Species Clause: Limit one of each Pokémon\n|rule|OHKO Clause: OHKO moves are banned\n|rule|Evasion Items Clause: Evasion items are banned\n|rule|Evasion Moves Clause: Evasion moves are banned\n|rule|Evasion Abilities Clause: Evasion abilities are banned\n|rule|Sleep Moves Clause: Sleep-inducing moves are banned\n|clearpoke\n|poke|p1|Glimmora, F|\n|poke|p1|Gholdengo|\n|poke|p1|Primarina, F|\n|poke|p1|Houndstone, F|\n|poke|p1|Goodra-Hisui, M|\n|poke|p1|Samurott-Hisui, F|\n|poke|p2|Rillaboom, F|\n|poke|p2|Dondozo, F|\n|poke|p2|Clodsire, F|\n|poke|p2|Blissey, F|\n|poke|p2|Gholdengo|\n|poke|p2|Cinderace, M|\n|teampreview\n|c|☆Pinkacross|hf\n|inactive|Battle timer is ON: inactive players will automatically lose when time's up. (requested by patatounette)\n|\n|t:|1782565862\n|teamsize|p1|6\n|teamsize|p2|6\n|start\n|switch|p1a: Samurott|Samurott-Hisui, F|100/100\n|switch|p2a: Rillaboom|Rillaboom, F|100/100\n|-fieldstart|move: Grassy Terrain|[from] ability: Grassy Surge|[of] p2a: Rillaboom\n|turn|1\n|\n|t:|1782565867\n|switch|p1a: Glimmora|Glimmora, F|100/100\n|move|p2a: Rillaboom|Wood Hammer|p1a: Glimmora\n|-damage|p1a: Glimmora|41/100\n|-activate|p1a: Glimmora|ability: Toxic Debris\n|-sidestart|p2: Pinkacross|move: Toxic Spikes\n|-damage|p2a: Rillaboom|82/100|[from] Recoil\n|-enditem|p1a: Glimmora|Red Card|[of] p2a: Rillaboom\n|drag|p2a: Dondozo|Dondozo, F|100/100\n|-status|p2a: Dondozo|psn\n|\n|-heal|p1a: Glimmora|47/100|[from] Grassy Terrain\n|-damage|p2a: Dondozo|88/100 psn|[from] psn\n|upkeep\n|turn|2\n|\n|t:|1782565872\n|switch|p2a: Clodsire|Clodsire, F|100/100\n|-sideend|p2: Pinkacross|move: Toxic Spikes|[of] p2a: Clodsire\n|move|p1a: Glimmora|Spiky Shield||[still]\n|-fail|p1a: Glimmora\n|\n|-heal|p1a: Glimmora|53/100|[from] Grassy Terrain\n|upkeep\n|turn|3\n|\n|t:|1782565875\n|move|p1a: Glimmora|Earth Power|p2a: Clodsire\n|-supereffective|p2a: Clodsire\n|-damage|p2a: Clodsire|72/100\n|move|p2a: Clodsire|Curse|p2a: Clodsire\n|-unboost|p2a: Clodsire|spe|1\n|-boost|p2a: Clodsire|atk|1\n|-boost|p2a: Clodsire|def|1\n|\n|-heal|p1a: Glimmora|60/100|[from] Grassy Terrain\n|-heal|p2a: Clodsire|79/100|[from] Grassy Terrain\n|-heal|p2a: Clodsire|85/100|[from] item: Leftovers\n|upkeep\n|turn|4\n|\n|t:|1782565882\n|switch|p1a: Gholdengo|Gholdengo|100/100\n|-item|p1a: Gholdengo|Air Balloon\n|move|p2a: Clodsire|Earthquake|p1a: Gholdengo\n|-immune|p1a: Gholdengo\n|\n|-heal|p2a: Clodsire|91/100|[from] Grassy Terrain\n|-heal|p2a: Clodsire|97/100|[from] item: Leftovers\n|upkeep\n|turn|5\n|\n|t:|1782565889\n|move|p1a: Gholdengo|Nasty Plot|p1a: Gholdengo\n|-boost|p1a: Gholdengo|spa|2\n|move|p2a: Clodsire|Liquidation|p1a: Gholdengo\n|-damage|p1a: Gholdengo|85/100\n|-enditem|p1a: Gholdengo|Air Balloon\n|\n|-heal|p1a: Gholdengo|91/100|[from] Grassy Terrain\n|-heal|p2a: Clodsire|100/100|[from] Grassy Terrain\n|upkeep\n|turn|6\n|\n|t:|1782565893\n|move|p1a: Gholdengo|Shadow Ball|p2a: Clodsire\n|-damage|p2a: Clodsire|82/100\n|move|p2a: Clodsire|Curse|p2a: Clodsire\n|-unboost|p2a: Clodsire|spe|1\n|-boost|p2a: Clodsire|atk|1\n|-boost|p2a: Clodsire|def|1\n|\n|-heal|p1a: Gholdengo|97/100|[from] Grassy Terrain\n|-heal|p2a: Clodsire|88/100|[from] Grassy Terrain\n|-heal|p2a: Clodsire|95/100|[from] item: Leftovers\n|upkeep\n|turn|7\n|\n|t:|1782565902\n|switch|p1a: Houndstone|Houndstone, F|100/100\n|move|p2a: Clodsire|Curse|p2a: Clodsire\n|-unboost|p2a: Clodsire|spe|1\n|-boost|p2a: Clodsire|atk|1\n|-boost|p2a: Clodsire|def|1\n|\n|-heal|p2a: Clodsire|100/100|[from] Grassy Terrain\n|upkeep\n|turn|8\n|\n|t:|1782565909\n|switch|p2a: Gholdengo|Gholdengo|100/100\n|-enditem|p2a: Gholdengo|Grassy Seed\n|-boost|p2a: Gholdengo|def|1|[from] item: Grassy Seed\n|move|p1a: Houndstone|Will-O-Wisp|p2a: Gholdengo\n|-immune|p2a: Gholdengo|[from] ability: Good as Gold\n|\n|-fieldend|move: Grassy Terrain\n|upkeep\n|turn|9\n|\n|t:|1782565912\n|switch|p1a: Goodra|Goodra-Hisui, M|100/100\n|move|p2a: Gholdengo|Nasty Plot|p2a: Gholdengo\n|-boost|p2a: Gholdengo|spa|2\n|\n|upkeep\n|turn|10\n|\n|t:|1782565922\n|move|p2a: Gholdengo|Shadow Ball|p1a: Goodra\n|-damage|p1a: Goodra|69/100\n|move|p1a: Goodra|Dragon Tail|p2a: Gholdengo\n|-resisted|p2a: Gholdengo\n|-damage|p2a: Gholdengo|94/100\n|drag|p2a: Cinderace|Cinderace, M|100/100\n|\n|upkeep\n|turn|11\n|\n|t:|1782565927\n|switch|p1a: Glimmora|Glimmora, F|60/100\n|move|p2a: Cinderace|Will-O-Wisp|p1a: Glimmora\n|-status|p1a: Glimmora|brn\n|\n|-damage|p1a: Glimmora|53/100 brn|[from] brn\n|upkeep\n|turn|12\n|\n|t:|1782565932\n|move|p2a: Cinderace|U-turn|p1a: Glimmora\n|-start|p2a: Cinderace|typechange|Bug|[from] ability: Libero\n|-resisted|p1a: Glimmora\n|-damage|p1a: Glimmora|41/100 brn\n|-activate|p1a: Glimmora|ability: Toxic Debris\n|-sidestart|p2: Pinkacross|move: Toxic Spikes\n|\n|t:|1782565934\n|switch|p2a: Clodsire|Clodsire, F|100/100|[from] U-turn\n|-sideend|p2: Pinkacross|move: Toxic Spikes|[of] p2a: Clodsire\n|move|p1a: Glimmora|Earth Power|p2a: Clodsire\n|-supereffective|p2a: Clodsire\n|-damage|p2a: Clodsire|71/100\n|\n|-heal|p2a: Clodsire|77/100|[from] item: Leftovers\n|-damage|p1a: Glimmora|35/100 brn|[from] brn\n|upkeep\n|turn|13\n|\n|t:|1782565939\n|switch|p1a: Samurott|Samurott-Hisui, F|100/100\n|move|p2a: Clodsire|Earthquake|p1a: Samurott\n|-damage|p1a: Samurott|65/100\n|\n|-heal|p2a: Clodsire|83/100|[from] item: Leftovers\n|upkeep\n|turn|14\n|\n|t:|1782565953\n|switch|p2a: Rillaboom|Rillaboom, F|82/100\n|-fieldstart|move: Grassy Terrain|[from] ability: Grassy Surge|[of] p2a: Rillaboom\n|move|p1a: Samurott|Ceaseless Edge|p2a: Rillaboom\n|-damage|p2a: Rillaboom|40/100\n|-sidestart|p2: Pinkacross|Spikes\n|\n|-heal|p1a: Samurott|71/100|[from] Grassy Terrain\n|-heal|p2a: Rillaboom|46/100|[from] Grassy Terrain\n|upkeep\n|turn|15\n|\n|t:|1782565961\n|switch|p1a: Houndstone|Houndstone, F|100/100\n|move|p2a: Rillaboom|Low Kick|p1a: Houndstone\n|-immune|p1a: Houndstone\n|\n|-heal|p2a: Rillaboom|52/100|[from] Grassy Terrain\n|upkeep\n|turn|16\n|\n|t:|1782565964\n|move|p2a: Rillaboom|U-turn|p1a: Houndstone\n|-resisted|p1a: Houndstone\n|-damage|p1a: Houndstone|96/100\n|\n|t:|1782565966\n|switch|p2a: Cinderace|Cinderace, M|100/100|[from] U-turn\n|move|p1a: Houndstone|Body Press|p2a: Cinderace\n|-damage|p2a: Cinderace|66/100\n|\n|-heal|p2a: Cinderace|72/100|[from] Grassy Terrain\n|-heal|p1a: Houndstone|100/100|[from] Grassy Terrain\n|upkeep\n|turn|17\n|\n|t:|1782565973\n|switch|p1a: Samurott|Samurott-Hisui, F|71/100\n|move|p2a: Cinderace|Pyro Ball|p1a: Samurott\n|-resisted|p1a: Samurott\n|-damage|p1a: Samurott|33/100\n|\n|-heal|p1a: Samurott|39/100|[from] Grassy Terrain\n|-heal|p2a: Cinderace|78/100|[from] Grassy Terrain\n|upkeep\n|turn|18\n|\n|t:|1782565976\n|switch|p2a: Dondozo|Dondozo, F|88/100 psn\n|-damage|p2a: Dondozo|75/100 psn|[from] Spikes\n|move|p1a: Samurott|Razor Shell|p2a: Dondozo\n|-resisted|p2a: Dondozo\n|-damage|p2a: Dondozo|61/100 psn\n|\n|-heal|p1a: Samurott|46/100|[from] Grassy Terrain\n|-heal|p2a: Dondozo|67/100 psn|[from] Grassy Terrain\n|-heal|p2a: Dondozo|73/100 psn|[from] item: Leftovers\n|-damage|p2a: Dondozo|61/100 psn|[from] psn\n|upkeep\n|turn|19\n|\n|t:|1782565981\n|move|p1a: Samurott|Razor Shell|p2a: Dondozo\n|-resisted|p2a: Dondozo\n|-damage|p2a: Dondozo|44/100 psn\n|move|p2a: Dondozo|Crunch|p1a: Samurott\n|-resisted|p1a: Samurott\n|-damage|p1a: Samurott|34/100\n|\n|-heal|p1a: Samurott|41/100|[from] Grassy Terrain\n|-heal|p2a: Dondozo|50/100 psn|[from] Grassy Terrain\n|-heal|p2a: Dondozo|56/100 psn|[from] item: Leftovers\n|-damage|p2a: Dondozo|44/100 psn|[from] psn\n|upkeep\n|turn|20\n|\n|t:|1782565991\n|move|p1a: Samurott|Razor Shell|p2a: Dondozo\n|-resisted|p2a: Dondozo\n|-damage|p2a: Dondozo|27/100 psn\n|move|p2a: Dondozo|Crunch|p1a: Samurott\n|-resisted|p1a: Samurott\n|-damage|p1a: Samurott|30/100\n|\n|-heal|p1a: Samurott|36/100|[from] Grassy Terrain\n|-heal|p2a: Dondozo|33/100 psn|[from] Grassy Terrain\n|-heal|p2a: Dondozo|39/100 psn|[from] item: Leftovers\n|-damage|p2a: Dondozo|27/100 psn|[from] psn\n|upkeep\n|turn|21\n|\n|t:|1782565996\n|move|p1a: Samurott|Razor Shell|p2a: Dondozo\n|-resisted|p2a: Dondozo\n|-damage|p2a: Dondozo|10/100 psn\n|-unboost|p2a: Dondozo|def|1\n|move|p2a: Dondozo|Crunch|p1a: Samurott\n|-resisted|p1a: Samurott\n|-damage|p1a: Samurott|24/100\n|\n|-heal|p1a: Samurott|30/100|[from] Grassy Terrain\n|-heal|p2a: Dondozo|16/100 psn|[from] Grassy Terrain\n|-heal|p2a: Dondozo|23/100 psn|[from] item: Leftovers\n|-damage|p2a: Dondozo|10/100 psn|[from] psn\n|-fieldend|move: Grassy Terrain\n|upkeep\n|turn|22\n|\n|t:|1782565999\n|move|p1a: Samurott|Razor Shell|p2a: Dondozo\n|-resisted|p2a: Dondozo\n|-damage|p2a: Dondozo|0 fnt\n|faint|p2a: Dondozo\n|\n|upkeep\n|\n|t:|1782566013\n|switch|p2a: Rillaboom|Rillaboom, F|52/100\n|-damage|p2a: Rillaboom|40/100|[from] Spikes\n|-fieldstart|move: Grassy Terrain|[from] ability: Grassy Surge|[of] p2a: Rillaboom\n|turn|23\n|\n|t:|1782566017\n|switch|p1a: Houndstone|Houndstone, F|100/100\n|move|p2a: Rillaboom|U-turn|p1a: Houndstone\n|-resisted|p1a: Houndstone\n|-damage|p1a: Houndstone|96/100\n|\n|t:|1782566019\n|switch|p2a: Cinderace|Cinderace, M|78/100|[from] U-turn\n|\n|-heal|p2a: Cinderace|84/100|[from] Grassy Terrain\n|-heal|p1a: Houndstone|100/100|[from] Grassy Terrain\n|upkeep\n|turn|24\n|\n|t:|1782566022\n|switch|p1a: Glimmora|Glimmora, F|35/100 brn\n|move|p2a: Cinderace|Pyro Ball|p1a: Glimmora\n|-resisted|p1a: Glimmora\n|-damage|p1a: Glimmora|16/100 brn\n|-activate|p1a: Glimmora|ability: Toxic Debris\n|-sidestart|p2: Pinkacross|move: Toxic Spikes\n|\n|-heal|p2a: Cinderace|90/100|[from] Grassy Terrain\n|-heal|p1a: Glimmora|22/100 brn|[from] Grassy Terrain\n|-damage|p1a: Glimmora|16/100 brn|[from] brn\n|upkeep\n|turn|25\n|\n|t:|1782566025\n|move|p2a: Cinderace|Pyro Ball|p1a: Glimmora\n|-resisted|p1a: Glimmora\n|-damage|p1a: Glimmora|0 fnt\n|-activate|p1a: Glimmora|ability: Toxic Debris\n|-sidestart|p2: Pinkacross|move: Toxic Spikes\n|faint|p1a: Glimmora\n|\n|-heal|p2a: Cinderace|96/100|[from] Grassy Terrain\n|upkeep\n|\n|t:|1782566029\n|switch|p1a: Samurott|Samurott-Hisui, F|30/100\n|turn|26\n|\n|t:|1782566037\n|-terastallize|p2a: Cinderace|Ghost\n|move|p1a: Samurott|Razor Shell|p2a: Cinderace\n|-damage|p2a: Cinderace|16/100\n|-unboost|p2a: Cinderace|def|1\n|move|p2a: Cinderace|Pyro Ball|p1a: Samurott\n|-resisted|p1a: Samurott\n|-damage|p1a: Samurott|0 fnt\n|faint|p1a: Samurott\n|\n|-heal|p2a: Cinderace|22/100|[from] Grassy Terrain\n|upkeep\n|\n|t:|1782566043\n|switch|p1a: Houndstone|Houndstone, F|100/100\n|turn|27\n|\n|t:|1782566049\n|move|p1a: Houndstone|Shadow Sneak|p2a: Cinderace\n|-supereffective|p2a: Cinderace\n|-damage|p2a: Cinderace|0 fnt\n|faint|p2a: Cinderace\n|\n|upkeep\n|\n|t:|1782566056\n|switch|p2a: Gholdengo|Gholdengo|94/100\n|-damage|p2a: Gholdengo|81/100|[from] Spikes\n|turn|28\n|\n|t:|1782566059\n|switch|p1a: Goodra|Goodra-Hisui, M|69/100\n|move|p2a: Gholdengo|Nasty Plot|p2a: Gholdengo\n|-boost|p2a: Gholdengo|spa|2\n|\n|-heal|p2a: Gholdengo|88/100|[from] Grassy Terrain\n|-heal|p1a: Goodra|75/100|[from] Grassy Terrain\n|upkeep\n|turn|29\n|\n|t:|1782566062\n|move|p2a: Gholdengo|Shadow Ball|p1a: Goodra\n|-damage|p1a: Goodra|47/100\n|move|p1a: Goodra|Dragon Tail|p2a: Gholdengo\n|-resisted|p2a: Gholdengo\n|-damage|p2a: Gholdengo|78/100\n|drag|p2a: Clodsire|Clodsire, F|83/100\n|-damage|p2a: Clodsire|71/100|[from] Spikes\n|-sideend|p2: Pinkacross|move: Toxic Spikes|[of] p2a: Clodsire\n|\n|-heal|p1a: Goodra|53/100|[from] Grassy Terrain\n|-heal|p2a: Clodsire|77/100|[from] Grassy Terrain\n|-heal|p2a: Clodsire|83/100|[from] item: Leftovers\n|upkeep\n|turn|30\n|\n|t:|1782566067\n|move|p1a: Goodra|Knock Off|p2a: Clodsire\n|-damage|p2a: Clodsire|60/100\n|-enditem|p2a: Clodsire|Leftovers|[from] move: Knock Off|[of] p1a: Goodra\n|move|p2a: Clodsire|Earthquake|p1a: Goodra\n|-supereffective|p1a: Goodra\n|-damage|p1a: Goodra|29/100\n|\n|-heal|p1a: Goodra|35/100|[from] Grassy Terrain\n|-heal|p2a: Clodsire|66/100|[from] Grassy Terrain\n|-fieldend|move: Grassy Terrain\n|upkeep\n|turn|31\n|\n|t:|1782566071\n|move|p1a: Goodra|Ice Beam|p2a: Clodsire\n|-supereffective|p2a: Clodsire\n|-damage|p2a: Clodsire|43/100\n|move|p2a: Clodsire|Earthquake|p1a: Goodra\n|-supereffective|p1a: Goodra\n|-damage|p1a: Goodra|0 fnt\n|faint|p1a: Goodra\n|\n|upkeep\n|\n|t:|1782566076\n|switch|p1a: Primarina|Primarina, F|100/100\n|turn|32\n|\n|t:|1782566084\n|switch|p2a: Blissey|Blissey, F|100/100\n|-damage|p2a: Blissey|88/100|[from] Spikes\n|move|p1a: Primarina|Substitute|p1a: Primarina\n|-start|p1a: Primarina|Substitute\n|-damage|p1a: Primarina|75/100\n|\n|-heal|p2a: Blissey|94/100|[from] item: Leftovers\n|-heal|p1a: Primarina|82/100|[from] item: Leftovers\n|upkeep\n|turn|33\n|\n|t:|1782566087\n|move|p2a: Blissey|Calm Mind|p2a: Blissey\n|-boost|p2a: Blissey|spa|1\n|-boost|p2a: Blissey|spd|1\n|move|p1a: Primarina|Calm Mind|p1a: Primarina\n|-boost|p1a: Primarina|spa|1\n|-boost|p1a: Primarina|spd|1\n|\n|-heal|p2a: Blissey|100/100|[from] item: Leftovers\n|-heal|p1a: Primarina|88/100|[from] item: Leftovers\n|upkeep\n|turn|34\n|\n|t:|1782566089\n|switch|p1a: Gholdengo|Gholdengo|97/100\n|move|p2a: Blissey|Calm Mind|p2a: Blissey\n|-boost|p2a: Blissey|spa|1\n|-boost|p2a: Blissey|spd|1\n|\n|upkeep\n|turn|35\n|\n|t:|1782566091\n|switch|p1a: Houndstone|Houndstone, F|100/100\n|move|p2a: Blissey|Thunderbolt|p1a: Houndstone\n|-damage|p1a: Houndstone|70/100\n|\n|-heal|p1a: Houndstone|76/100|[from] item: Leftovers\n|upkeep\n|turn|36\n|\n|t:|1782566096\n|move|p1a: Houndstone|Shadow Sneak|p2a: Blissey\n|-immune|p2a: Blissey\n|move|p2a: Blissey|Ice Beam|p1a: Houndstone\n|-damage|p1a: Houndstone|40/100\n|\n|-heal|p1a: Houndstone|46/100|[from] item: Leftovers\n|upkeep\n|turn|37\n|\n|t:|1782566099\n|move|p2a: Blissey|Ice Beam|p1a: Houndstone\n|-damage|p1a: Houndstone|13/100\n|move|p1a: Houndstone|Body Press|p2a: Blissey\n|-supereffective|p2a: Blissey\n|-damage|p2a: Blissey|49/100\n|\n|-heal|p2a: Blissey|56/100|[from] item: Leftovers\n|-heal|p1a: Houndstone|19/100|[from] item: Leftovers\n|upkeep\n|turn|38\n|\n|t:|1782566104\n|switch|p1a: Gholdengo|Gholdengo|97/100\n|move|p2a: Blissey|Thunderbolt|p1a: Gholdengo\n|-damage|p1a: Gholdengo|67/100\n|-status|p1a: Gholdengo|par\n|\n|-heal|p2a: Blissey|62/100|[from] item: Leftovers\n|upkeep\n|turn|39\n|\n|t:|1782566107\n|move|p2a: Blissey|Calm Mind|p2a: Blissey\n|-boost|p2a: Blissey|spa|1\n|-boost|p2a: Blissey|spd|1\n|move|p1a: Gholdengo|Nasty Plot|p1a: Gholdengo\n|-boost|p1a: Gholdengo|spa|2\n|\n|-heal|p2a: Blissey|68/100|[from] item: Leftovers\n|upkeep\n|turn|40\n|\n|t:|1782566111\n|move|p2a: Blissey|Thunderbolt|p1a: Gholdengo\n|-damage|p1a: Gholdengo|28/100 par\n|move|p1a: Gholdengo|Nasty Plot|p1a: Gholdengo\n|-boost|p1a: Gholdengo|spa|2\n|\n|-heal|p2a: Blissey|74/100|[from] item: Leftovers\n|upkeep\n|turn|41\n|\n|t:|1782566113\n|move|p2a: Blissey|Thunderbolt|p1a: Gholdengo\n|-damage|p1a: Gholdengo|0 fnt\n|faint|p1a: Gholdengo\n|\n|-heal|p2a: Blissey|80/100|[from] item: Leftovers\n|upkeep\n|\n|t:|1782566117\n|switch|p1a: Primarina|Primarina, F|88/100\n|turn|42\n|\n|t:|1782566121\n|-terastallize|p1a: Primarina|Ground\n|move|p2a: Blissey|Thunderbolt|p1a: Primarina\n|-immune|p1a: Primarina\n|move|p1a: Primarina|Substitute|p1a: Primarina\n|-start|p1a: Primarina|Substitute\n|-damage|p1a: Primarina|63/100\n|\n|-heal|p2a: Blissey|87/100|[from] item: Leftovers\n|-heal|p1a: Primarina|69/100|[from] item: Leftovers\n|upkeep\n|turn|43\n|\n|t:|1782566125\n|move|p2a: Blissey|Ice Beam|p1a: Primarina\n|-supereffective|p1a: Primarina\n|-end|p1a: Primarina|Substitute\n|move|p1a: Primarina|Calm Mind|p1a: Primarina\n|-boost|p1a: Primarina|spa|1\n|-boost|p1a: Primarina|spd|1\n|\n|-heal|p2a: Blissey|93/100|[from] item: Leftovers\n|-heal|p1a: Primarina|75/100|[from] item: Leftovers\n|upkeep\n|turn|44\n|\n|t:|1782566129\n|move|p2a: Blissey|Ice Beam|p1a: Primarina\n|-supereffective|p1a: Primarina\n|-damage|p1a: Primarina|33/100\n|move|p1a: Primarina|Calm Mind|p1a: Primarina\n|-boost|p1a: Primarina|spa|1\n|-boost|p1a: Primarina|spd|1\n|\n|-heal|p2a: Blissey|99/100|[from] item: Leftovers\n|-heal|p1a: Primarina|40/100|[from] item: Leftovers\n|upkeep\n|turn|45\n|\n|t:|1782566132\n|move|p2a: Blissey|Ice Beam|p1a: Primarina\n|-supereffective|p1a: Primarina\n|-damage|p1a: Primarina|7/100\n|move|p1a: Primarina|Draining Kiss|p2a: Blissey\n|-damage|p2a: Blissey|92/100\n|-heal|p1a: Primarina|16/100|[from] drain|[of] p2a: Blissey\n|\n|-heal|p2a: Blissey|98/100|[from] item: Leftovers\n|-heal|p1a: Primarina|22/100|[from] item: Leftovers\n|upkeep\n|turn|46\n|-message|patatounette forfeited.\n|\n|win|Pinkacross\n|raw|patatounette's rating: 1735 &rarr; <strong>1722</strong><br />(-13 for losing)\n|raw|Pinkacross's rating: 1867 &rarr; <strong>1880</strong><br />(+13 for winning)\n|l|☆patatounette\n|player|p1|\n|c|☆Pinkacross|gg\n|j| Garden of Dreams\n|l|☆Pinkacross\n|player|p2|\n|l| Garden of Dreams\n", "uploadtime": 1782566139, "views": 7, "formatid": "gen9ou", "rating": 1722, "private": 0, "password": null}