{"id": "gen9ou-2647725319", "format": "[Gen 9] OU", "players": ["Nyrkry", "turpz"], "log": "|j|☆Nyrkry\n|j|☆turpz\n|inactive|Battle timer is ON: inactive players will automatically lose when time's up.\n|t:|1783802186\n|gametype|singles\n|player|p1|Nyrkry|allister|\n|player|p2|turpz|wally-masters|\n|gen|9\n|tier|[Gen 9] OU\n|rated|Tournament battle\n|rule|HP Percentage Mod: HP is shown in percentages\n|rule|Endless Battle Clause: Forcing endless battles is banned\n|rule|Species Clause: Limit one of each Pokémon\n|rule|OHKO Clause: OHKO moves are banned\n|rule|Evasion Items Clause: Evasion items are banned\n|rule|Evasion Moves Clause: Evasion moves are banned\n|rule|Evasion Abilities Clause: Evasion abilities are banned\n|rule|Sleep Moves Clause: Sleep-inducing moves are banned\n|clearpoke\n|poke|p1|Deoxys-Speed|\n|poke|p1|Ceruledge, F|\n|poke|p1|Zamazenta-*|\n|poke|p1|Ogerpon-Wellspring, F|\n|poke|p1|Glimmora, F|\n|poke|p1|Dragapult, F|\n|poke|p2|Ting-Lu|\n|poke|p2|Gliscor, F|\n|poke|p2|Sinistcha-Masterpiece|\n|poke|p2|Keldeo|\n|poke|p2|Tinkaton, F|\n|poke|p2|Dragonite, F|\n|teampreview\n|inactive|Nyrkry also wants the timer to be on.\n|inactive|turpz also wants the timer to be on.\n|c|☆turpz|hf\n|c|☆Nyrkry|hf\n|inactive|turpz has 120 seconds left.\n|\n|t:|1783802220\n|teamsize|p1|6\n|teamsize|p2|6\n|start\n|switch|p1a: Ogerpon|Ogerpon-Wellspring, F|100/100\n|switch|p2a: Tinkki Minaj|Tinkaton, F|100/100\n|-ability|p2a: Tinkki Minaj|Mold Breaker\n|-item|p2a: Tinkki Minaj|Air Balloon\n|turn|1\n|\n|t:|1783802226\n|-terastallize|p1a: Ogerpon|Water\n|detailschange|p1a: Ogerpon|Ogerpon-Wellspring-Tera, F, tera:Water\n|-ability|p1a: Ogerpon|Embody Aspect (Wellspring)|boost\n|-boost|p1a: Ogerpon|spd|1\n|move|p1a: Ogerpon|Ivy Cudgel|p2a: Tinkki Minaj|[anim] Ivy Cudgel Water\n|-damage|p2a: Tinkki Minaj|11/100\n|-enditem|p2a: Tinkki Minaj|Air Balloon\n|move|p2a: Tinkki Minaj|Thunder Wave|p1a: Ogerpon\n|-status|p1a: Ogerpon|par\n|\n|upkeep\n|turn|2\n|\n|t:|1783802247\n|move|p2a: Tinkki Minaj|Stealth Rock|p1a: Ogerpon\n|-sidestart|p1: Nyrkry|move: Stealth Rock\n|cant|p1a: Ogerpon|par\n|\n|upkeep\n|turn|3\n|\n|t:|1783802253\n|move|p2a: Tinkki Minaj|Gigaton Hammer|p1a: Ogerpon\n|-resisted|p1a: Ogerpon\n|-damage|p1a: Ogerpon|71/100 par\n|move|p1a: Ogerpon|Ivy Cudgel|p2a: Tinkki Minaj|[anim] Ivy Cudgel Water\n|-damage|p2a: Tinkki Minaj|0 fnt\n|faint|p2a: Tinkki Minaj\n|\n|upkeep\n|inactive|turpz has 120 seconds left.\n|\n|t:|1783802291\n|switch|p2a: Tchavis Scott|Sinistcha-Masterpiece|100/100\n|turn|4\n|\n|t:|1783802297\n|switch|p1a: Glimmora|Glimmora, F|100/100\n|-damage|p1a: Glimmora|88/100|[from] Stealth Rock\n|move|p2a: Tchavis Scott|Strength Sap|p1a: Glimmora\n|-unboost|p1a: Glimmora|atk|1\n|\n|upkeep\n|turn|5\n|\n|t:|1783802306\n|move|p1a: Glimmora|Mortal Spin|p2a: Tchavis Scott\n|-damage|p2a: Tchavis Scott|98/100\n|-status|p2a: Tchavis Scott|psn\n|-sideend|p1: Nyrkry|Stealth Rock|[from] move: Mortal Spin|[of] p1a: Glimmora\n|move|p2a: Tchavis Scott|Calm Mind|p2a: Tchavis Scott\n|-boost|p2a: Tchavis Scott|spa|1\n|-boost|p2a: Tchavis Scott|spd|1\n|\n|-damage|p2a: Tchavis Scott|85/100 psn|[from] psn\n|upkeep\n|turn|6\n|\n|t:|1783802310\n|move|p1a: Glimmora|Stealth Rock|p2a: Tchavis Scott\n|-sidestart|p2: turpz|move: Stealth Rock\n|move|p2a: Tchavis Scott|Calm Mind|p2a: Tchavis Scott\n|-boost|p2a: Tchavis Scott|spa|1\n|-boost|p2a: Tchavis Scott|spd|1\n|\n|-damage|p2a: Tchavis Scott|73/100 psn|[from] psn\n|upkeep\n|turn|7\n|\n|t:|1783802312\n|move|p1a: Glimmora|Meteor Beam||[still]\n|-prepare|p1a: Glimmora|Meteor Beam\n|-boost|p1a: Glimmora|spa|1\n|-enditem|p1a: Glimmora|Power Herb\n|-anim|p1a: Glimmora|Meteor Beam|p2a: Tchavis Scott|[miss]\n|-miss|p1a: Glimmora|p2a: Tchavis Scott\n|move|p2a: Tchavis Scott|Calm Mind|p2a: Tchavis Scott\n|-boost|p2a: Tchavis Scott|spa|1\n|-boost|p2a: Tchavis Scott|spd|1\n|\n|-damage|p2a: Tchavis Scott|60/100 psn|[from] psn\n|upkeep\n|turn|8\n|\n|t:|1783802317\n|move|p1a: Glimmora|Meteor Beam||[still]\n|-prepare|p1a: Glimmora|Meteor Beam\n|-boost|p1a: Glimmora|spa|1\n|move|p2a: Tchavis Scott|Matcha Gotcha|p1a: Glimmora|[miss]\n|-miss|p2a: Tchavis Scott|p1a: Glimmora\n|\n|-damage|p2a: Tchavis Scott|48/100 psn|[from] psn\n|upkeep\n|turn|9\n|\n|t:|1783802342\n|move|p1a: Glimmora|Meteor Beam|p2a: Tchavis Scott|[from] lockedmove\n|-damage|p2a: Tchavis Scott|0 fnt\n|faint|p2a: Tchavis Scott\n|\n|upkeep\n|\n|t:|1783802348\n|switch|p2a: Dance Armstrong|Gliscor, F|100/100\n|-damage|p2a: Dance Armstrong|88/100|[from] Stealth Rock\n|turn|10\n|\n|t:|1783802361\n|move|p2a: Dance Armstrong|Swords Dance|p2a: Dance Armstrong\n|-boost|p2a: Dance Armstrong|atk|2\n|move|p1a: Glimmora|Meteor Beam||[still]\n|-prepare|p1a: Glimmora|Meteor Beam\n|-boost|p1a: Glimmora|spa|1\n|\n|-status|p2a: Dance Armstrong|tox|[from] item: Toxic Orb\n|upkeep\n|turn|11\n|\n|t:|1783802366\n|move|p2a: Dance Armstrong|Facade|p1a: Glimmora\n|-resisted|p1a: Glimmora\n|-damage|p1a: Glimmora|53/100\n|-activate|p1a: Glimmora|ability: Toxic Debris\n|-sidestart|p2: turpz|move: Toxic Spikes\n|move|p1a: Glimmora|Meteor Beam|p2a: Dance Armstrong|[from] lockedmove\n|-damage|p2a: Dance Armstrong|0 fnt\n|faint|p2a: Dance Armstrong\n|\n|upkeep\n|\n|t:|1783802374\n|switch|p2a: My Little Pwny|Keldeo|100/100\n|turn|12\n|\n|t:|1783802376\n|move|p2a: My Little Pwny|Surf|p1a: Glimmora\n|-supereffective|p1a: Glimmora\n|-damage|p1a: Glimmora|0 fnt\n|faint|p1a: Glimmora\n|\n|upkeep\n|\n|t:|1783802382\n|switch|p1a: Deoxys|Deoxys-Speed|100/100\n|-ability|p1a: Deoxys|Pressure\n|turn|13\n|\n|t:|1783802403\n|-terastallize|p2a: My Little Pwny|Water\n|move|p1a: Deoxys|Light Screen|p1a: Deoxys\n|-sidestart|p1: Nyrkry|move: Light Screen\n|move|p2a: My Little Pwny|Surf|p1a: Deoxys\n|-damage|p1a: Deoxys|61/100\n|\n|upkeep\n|turn|14\n|\n|t:|1783802409\n|move|p1a: Deoxys|Taunt|p2a: My Little Pwny\n|-start|p2a: My Little Pwny|move: Taunt\n|move|p2a: My Little Pwny|Surf|p1a: Deoxys\n|-damage|p1a: Deoxys|25/100\n|\n|upkeep\n|turn|15\n|\n|t:|1783802412\n|move|p1a: Deoxys|Psycho Boost|p2a: My Little Pwny\n|-damage|p2a: My Little Pwny|44/100\n|-unboost|p1a: Deoxys|spa|2\n|move|p2a: My Little Pwny|Surf|p1a: Deoxys\n|-damage|p1a: Deoxys|0 fnt\n|faint|p1a: Deoxys\n|\n|upkeep\n|\n|t:|1783802415\n|switch|p1a: Dragapult|Dragapult, F|100/100\n|turn|16\n|\n|t:|1783802428\n|switch|p2a: Jarhead|Ting-Lu|100/100\n|-damage|p2a: Jarhead|94/100|[from] Stealth Rock\n|-status|p2a: Jarhead|psn\n|-ability|p2a: Jarhead|Vessel of Ruin\n|move|p1a: Dragapult|Draco Meteor|p2a: Jarhead\n|-damage|p2a: Jarhead|60/100 psn\n|-unboost|p1a: Dragapult|spa|2\n|\n|-heal|p2a: Jarhead|66/100 psn|[from] item: Leftovers\n|-damage|p2a: Jarhead|54/100 psn|[from] psn\n|upkeep\n|turn|17\n|\n|t:|1783802439\n|switch|p1a: Zamazenta|Zamazenta|100/100\n|-ability|p1a: Zamazenta|Dauntless Shield|boost\n|-boost|p1a: Zamazenta|def|1\n|move|p2a: Jarhead|Ruination|p1a: Zamazenta\n|-damage|p1a: Zamazenta|51/100\n|\n|-heal|p1a: Zamazenta|57/100|[from] item: Leftovers\n|-heal|p2a: Jarhead|60/100 psn|[from] item: Leftovers\n|-damage|p2a: Jarhead|48/100 psn|[from] psn\n|upkeep\n|turn|18\n|\n|t:|1783802447\n|move|p1a: Zamazenta|Body Press|p2a: Jarhead\n|-supereffective|p2a: Jarhead\n|-damage|p2a: Jarhead|0 fnt\n|faint|p2a: Jarhead\n|\n|-heal|p1a: Zamazenta|63/100|[from] item: Leftovers\n|upkeep\n|\n|t:|1783802450\n|switch|p2a: Secret Service|Dragonite, F|100/100\n|turn|19\n|\n|t:|1783802453\n|move|p1a: Zamazenta|Substitute|p1a: Zamazenta\n|-start|p1a: Zamazenta|Substitute\n|-damage|p1a: Zamazenta|38/100\n|move|p2a: Secret Service|Dragon Tail|p1a: Zamazenta\n|-activate|p1a: Zamazenta|move: Substitute|[damage]\n|\n|-heal|p1a: Zamazenta|44/100|[from] item: Leftovers\n|upkeep\n|turn|20\n|\n|t:|1783802457\n|move|p1a: Zamazenta|Iron Defense|p1a: Zamazenta\n|-boost|p1a: Zamazenta|def|2\n|move|p2a: Secret Service|Earthquake|p1a: Zamazenta\n|-end|p1a: Zamazenta|Substitute\n|\n|-heal|p1a: Zamazenta|50/100|[from] item: Leftovers\n|-sideend|p1: Nyrkry|move: Light Screen\n|upkeep\n|turn|21\n|\n|t:|1783802460\n|move|p1a: Zamazenta|Substitute|p1a: Zamazenta\n|-start|p1a: Zamazenta|Substitute\n|-damage|p1a: Zamazenta|25/100\n|move|p2a: Secret Service|Earthquake|p1a: Zamazenta\n|-activate|p1a: Zamazenta|move: Substitute|[damage]\n|\n|-heal|p1a: Zamazenta|32/100|[from] item: Leftovers\n|upkeep\n|turn|22\n|c|☆turpz|gg nice win off the matcha miss\n|-message|turpz forfeited.\n|\n|win|Nyrkry\n|n|☆Nyrkry|nyrkry\n|n|☆turpz|turpz\n|l|☆turpz\n|player|p2|\n|c|☆Nyrkry|GG\n", "uploadtime": 1783802477, "views": 6, "formatid": "gen9ou", "rating": null, "private": 0, "password": null}