{"id": "gen9ou-2647768813", "format": "[Gen 9] OU", "players": ["Kirbo_420", "zudin_sudin"], "log": "|j|☆Kirbo_420\n|j|☆zudin_sudin\n|t:|1783809300\n|gametype|singles\n|player|p1|Kirbo_420|pilot|1055\n|player|p2|zudin_sudin|cameraman|1108\n|gen|9\n|tier|[Gen 9] OU\n|rated|\n|rule|HP Percentage Mod: HP is shown in percentages\n|rule|Endless Battle Clause: Forcing endless battles is banned\n|rule|Species Clause: Limit one of each Pokémon\n|rule|OHKO Clause: OHKO moves are banned\n|rule|Evasion Items Clause: Evasion items are banned\n|rule|Evasion Moves Clause: Evasion moves are banned\n|rule|Evasion Abilities Clause: Evasion abilities are banned\n|rule|Sleep Moves Clause: Sleep-inducing moves are banned\n|clearpoke\n|poke|p1|Toucannon, F|\n|poke|p1|Greedent, M|\n|poke|p1|Sawsbuck-Autumn, F|\n|poke|p1|Pyroar, M|\n|poke|p1|Ditto|\n|poke|p1|Wyrdeer, M|\n|poke|p2|Tyranitar, M|\n|poke|p2|Excadrill, F|\n|poke|p2|Ambipom, M|\n|poke|p2|Hawlucha, M|\n|poke|p2|Talonflame, M|\n|poke|p2|Jolteon, M|\n|teampreview\n|\n|t:|1783809317\n|teamsize|p1|6\n|teamsize|p2|6\n|start\n|switch|p1a: Toucannon|Toucannon, F|100/100\n|switch|p2a: Handy man|Ambipom, M|100/100\n|turn|1\n|c|☆Kirbo_420|It's okay to be normal.\n|\n|t:|1783809336\n|move|p2a: Handy man|Triple Axel|p1a: Toucannon\n|-supereffective|p1a: Toucannon\n|-damage|p1a: Toucannon|80/100\n|-supereffective|p1a: Toucannon\n|-damage|p1a: Toucannon|37/100\n|-supereffective|p1a: Toucannon\n|-damage|p1a: Toucannon|0 fnt\n|faint|p1a: Toucannon\n|-hitcount|p1: Toucannon|3\n|-damage|p2a: Handy man|91/100|[from] item: Life Orb\n|\n|upkeep\n|\n|t:|1783809347\n|switch|p1a: Greedent|Greedent, M|100/100\n|turn|2\n|c|☆zudin_sudin|what the fuck does that mean kobe\n|c|☆Kirbo_420|Look at my team\n|c|☆zudin_sudin|aint nothing normal bout ditto\n|\n|t:|1783809380\n|switch|p2a: Confident man|Hawlucha, M, shiny|100/100\n|move|p1a: Greedent|Curse|p1a: Greedent\n|-unboost|p1a: Greedent|spe|1\n|-boost|p1a: Greedent|atk|1\n|-boost|p1a: Greedent|def|1\n|\n|upkeep\n|turn|3\n|c|☆Kirbo_420|He is normal.\n|\n|t:|1783809393\n|move|p2a: Confident man|Swords Dance|p2a: Confident man\n|-boost|p2a: Confident man|atk|2\n|move|p1a: Greedent|Curse|p1a: Greedent\n|-unboost|p1a: Greedent|spe|1\n|-boost|p1a: Greedent|atk|1\n|-boost|p1a: Greedent|def|1\n|\n|upkeep\n|turn|4\n|c|☆Kirbo_420|I will assume you're anti-normal for the rest of our meeting\n|\n|t:|1783809409\n|move|p1a: Greedent|Protect|p1a: Greedent\n|-singleturn|p1a: Greedent|Protect\n|move|p2a: Confident man|Close Combat|p1a: Greedent\n|-activate|p1a: Greedent|move: Protect\n|\n|upkeep\n|turn|5\n|c|☆zudin_sudin|guess typism is a thing now\n|\n|t:|1783809425\n|-terastallize|p1a: Greedent|Ground\n|move|p2a: Confident man|Close Combat|p1a: Greedent\n|-damage|p1a: Greedent|65/100\n|-unboost|p2a: Confident man|def|1\n|-unboost|p2a: Confident man|spd|1\n|-enditem|p2a: Confident man|White Herb\n|-clearnegativeboost|p2a: Confident man|[silent]\n|move|p1a: Greedent|Body Slam|p2a: Confident man\n|-damage|p2a: Confident man|24/100\n|\n|upkeep\n|turn|6\n|\n|t:|1783809448\n|move|p2a: Confident man|Close Combat|p1a: Greedent\n|-damage|p1a: Greedent|32/100\n|-unboost|p2a: Confident man|def|1\n|-unboost|p2a: Confident man|spd|1\n|-enditem|p1a: Greedent|Sitrus Berry|[eat]\n|-heal|p1a: Greedent|57/100|[from] item: Sitrus Berry\n|move|p1a: Greedent|Body Slam|p2a: Confident man\n|-damage|p2a: Confident man|0 fnt\n|faint|p2a: Confident man\n|\n|upkeep\n|\n|t:|1783809457\n|switch|p2a: Handy man|Ambipom, M|91/100\n|turn|7\n|\n|t:|1783809468\n|move|p2a: Handy man|Fake Out|p1a: Greedent\n|-damage|p1a: Greedent|46/100\n|-damage|p2a: Handy man|81/100|[from] item: Life Orb\n|cant|p1a: Greedent|flinch\n|\n|upkeep\n|turn|8\n|\n|t:|1783809475\n|move|p2a: Handy man|Triple Axel|p1a: Greedent\n|-supereffective|p1a: Greedent\n|-damage|p1a: Greedent|39/100\n|-hitcount|p1a: Greedent|1\n|-damage|p2a: Handy man|71/100|[from] item: Life Orb\n|move|p1a: Greedent|Earthquake|p2a: Handy man\n|-damage|p2a: Handy man|0 fnt\n|faint|p2a: Handy man\n|\n|upkeep\n|c|☆zudin_sudin|really\n|\n|t:|1783809488\n|switch|p2a: Nervous man|Jolteon, M|100/100\n|turn|9\n|c|☆Kirbo_420|Anything to sneak in a good earthquake\n|c|☆Kirbo_420|Y'know\n|\n|t:|1783809504\n|move|p2a: Nervous man|Alluring Voice|p1a: Greedent\n|-damage|p1a: Greedent|1/100\n|move|p1a: Greedent|Earthquake|p2a: Nervous man\n|-supereffective|p2a: Nervous man\n|-damage|p2a: Nervous man|0 fnt\n|faint|p2a: Nervous man\n|\n|upkeep\n|\n|t:|1783809511\n|switch|p2a: Docile man|Talonflame, M|100/100\n|turn|10\n|\n|t:|1783809517\n|move|p2a: Docile man|Flamethrower|p1a: Greedent\n|-damage|p1a: Greedent|0 fnt\n|faint|p1a: Greedent\n|\n|upkeep\n|\n|t:|1783809527\n|switch|p1a: Sawsbuck|Sawsbuck-Autumn, F|100/100\n|turn|11\n|\n|t:|1783809535\n|switch|p1a: Wyrdeer|Wyrdeer, M|100/100\n|-ability|p1a: Wyrdeer|Intimidate|boost\n|-unboost|p2a: Docile man|atk|1\n|move|p2a: Docile man|Will-O-Wisp|p1a: Wyrdeer|[miss]\n|-miss|p2a: Docile man|p1a: Wyrdeer\n|\n|upkeep\n|turn|12\n|\n|t:|1783809545\n|move|p2a: Docile man|Will-O-Wisp|p1a: Wyrdeer\n|-status|p1a: Wyrdeer|brn\n|move|p1a: Wyrdeer|Expanding Force|p2a: Docile man\n|-damage|p2a: Docile man|57/100\n|\n|-damage|p1a: Wyrdeer|94/100 brn|[from] brn\n|upkeep\n|turn|13\n|c|☆zudin_sudin|expanding force is lowk bunz without terrain\n|\n|t:|1783809564\n|switch|p2a: Angry man|Tyranitar, M|100/100\n|-weather|Sandstorm|[from] ability: Sand Stream|[of] p2a: Angry man\n|move|p1a: Wyrdeer|Expanding Force|p2a: Angry man\n|-immune|p2a: Angry man\n|\n|-weather|Sandstorm|[upkeep]\n|-damage|p1a: Wyrdeer|88/100 brn|[from] Sandstorm\n|-heal|p1a: Wyrdeer|94/100 brn|[from] item: Leftovers\n|-damage|p1a: Wyrdeer|88/100 brn|[from] brn\n|upkeep\n|turn|14\n|c|☆Kirbo_420|Are you infringing on my copyright?\n|\n|t:|1783809582\n|switch|p1a: Ditto|Ditto|100/100\n|-transform|p1a: Ditto|p2a: Angry man|[from] ability: Imposter\n|move|p2a: Angry man|Knock Off|p1a: Ditto\n|-resisted|p1a: Ditto\n|-damage|p1a: Ditto|77/100\n|-enditem|p1a: Ditto|Focus Sash|[from] move: Knock Off|[of] p2a: Angry man\n|\n|-weather|Sandstorm|[upkeep]\n|upkeep\n|turn|15\n|c|☆zudin_sudin|see\n|\n|t:|1783809600\n|switch|p2a: Hardworking man|Excadrill, F|100/100\n|move|p1a: Ditto|Thunder Wave|p2a: Hardworking man\n|-immune|p2a: Hardworking man\n|\n|-weather|Sandstorm|[upkeep]\n|upkeep\n|turn|16\n|c|☆zudin_sudin|aint nothing normal bout ditto\n|c|☆Kirbo_420|You are copying my tyranitar set\n|c|☆Kirbo_420|Bum\n|\n|t:|1783809623\n|move|p2a: Hardworking man|Swords Dance|p2a: Hardworking man\n|-boost|p2a: Hardworking man|atk|2\n|move|p1a: Ditto|Knock Off|p2a: Hardworking man\n|-damage|p2a: Hardworking man|40/100\n|-enditem|p2a: Hardworking man|Leftovers|[from] move: Knock Off|[of] p1a: Ditto\n|\n|-weather|Sandstorm|[upkeep]\n|upkeep\n|turn|17\n|c|☆zudin_sudin|yeah your ttar didnt run rock move\n|c|☆zudin_sudin|what a bum\n|\n|t:|1783809644\n|move|p2a: Hardworking man|Earthquake|p1a: Ditto\n|-supereffective|p1a: Ditto\n|-damage|p1a: Ditto|0 fnt\n|faint|p1a: Ditto\n|\n|-weather|Sandstorm|[upkeep]\n|upkeep\n|\n|t:|1783809652\n|switch|p1a: Wyrdeer|Wyrdeer, M|88/100 brn\n|-ability|p1a: Wyrdeer|Intimidate|boost\n|-unboost|p2a: Hardworking man|atk|1\n|turn|18\n|\n|t:|1783809663\n|switch|p1a: Pyroar|Pyroar, M|100/100\n|move|p2a: Hardworking man|Earthquake|p1a: Pyroar\n|-supereffective|p1a: Pyroar\n|-damage|p1a: Pyroar|0 fnt\n|faint|p1a: Pyroar\n|\n|-weather|Sandstorm|[upkeep]\n|upkeep\n|\n|t:|1783809672\n|switch|p1a: Sawsbuck|Sawsbuck-Autumn, F|100/100\n|turn|19\n|\n|t:|1783809677\n|move|p2a: Hardworking man|Iron Head|p1a: Sawsbuck\n|-damage|p1a: Sawsbuck|4/100\n|move|p1a: Sawsbuck|Horn Leech|p2a: Hardworking man\n|-damage|p2a: Hardworking man|0 fnt\n|-heal|p1a: Sawsbuck|26/100|[from] drain|[of] p2a: Hardworking man\n|faint|p2a: Hardworking man\n|-damage|p1a: Sawsbuck|17/100|[from] item: Life Orb\n|\n|-weather|Sandstorm|[upkeep]\n|-damage|p1a: Sawsbuck|11/100|[from] Sandstorm\n|upkeep\n|\n|t:|1783809688\n|switch|p2a: Docile man|Talonflame, M|57/100\n|turn|20\n|\n|t:|1783809695\n|move|p2a: Docile man|Flamethrower|p1a: Sawsbuck\n|-supereffective|p1a: Sawsbuck\n|-damage|p1a: Sawsbuck|0 fnt\n|faint|p1a: Sawsbuck\n|\n|-weather|none\n|upkeep\n|\n|t:|1783809702\n|switch|p1a: Wyrdeer|Wyrdeer, M|88/100 brn\n|-ability|p1a: Wyrdeer|Intimidate|boost\n|-unboost|p2a: Docile man|atk|1\n|turn|21\n|c|☆zudin_sudin|why would you run chlorophyll sawsbuck if the team cant set sun\n|c|☆zudin_sudin|go serene grace\n|\n|t:|1783809740\n|move|p2a: Docile man|Roost|p2a: Docile man\n|-heal|p2a: Docile man|100/100\n|-singleturn|p2a: Docile man|move: Roost\n|move|p1a: Wyrdeer|Calm Mind|p1a: Wyrdeer\n|-boost|p1a: Wyrdeer|spa|1\n|-boost|p1a: Wyrdeer|spd|1\n|\n|-heal|p1a: Wyrdeer|94/100 brn|[from] item: Leftovers\n|-damage|p1a: Wyrdeer|88/100 brn|[from] brn\n|upkeep\n|turn|22\n|c|☆Kirbo_420|I'm running sap sipper\n|\n|t:|1783809760\n|switch|p2a: Angry man|Tyranitar, M|100/100\n|-weather|Sandstorm|[from] ability: Sand Stream|[of] p2a: Angry man\n|move|p1a: Wyrdeer|Expanding Force|p2a: Angry man\n|-immune|p2a: Angry man\n|\n|-weather|Sandstorm|[upkeep]\n|-damage|p1a: Wyrdeer|82/100 brn|[from] Sandstorm\n|-heal|p1a: Wyrdeer|88/100 brn|[from] item: Leftovers\n|-damage|p1a: Wyrdeer|82/100 brn|[from] brn\n|upkeep\n|turn|23\n|c|☆Kirbo_420|Aaand wee fried\n|c|☆Kirbo_420|Gg\n|\n|t:|1783809781\n|-terastallize|p2a: Angry man|Ghost\n|move|p1a: Wyrdeer|Reflect|p1a: Wyrdeer\n|-sidestart|p1: Kirbo_420|Reflect\n|move|p2a: Angry man|Knock Off|p1a: Wyrdeer\n|-supereffective|p1a: Wyrdeer\n|-damage|p1a: Wyrdeer|37/100 brn\n|-enditem|p1a: Wyrdeer|Leftovers|[from] move: Knock Off|[of] p2a: Angry man\n|\n|-weather|Sandstorm|[upkeep]\n|-damage|p1a: Wyrdeer|31/100 brn|[from] Sandstorm\n|-damage|p2a: Angry man|94/100|[from] Sandstorm\n|-damage|p1a: Wyrdeer|25/100 brn|[from] brn\n|upkeep\n|turn|24\n|\n|t:|1783809793\n|switch|p2a: Docile man|Talonflame, M|100/100\n|move|p1a: Wyrdeer|Expanding Force|p2a: Docile man\n|-damage|p2a: Docile man|27/100\n|\n|-weather|Sandstorm|[upkeep]\n|-damage|p2a: Docile man|21/100|[from] Sandstorm\n|-damage|p1a: Wyrdeer|19/100 brn|[from] Sandstorm\n|-damage|p1a: Wyrdeer|12/100 brn|[from] brn\n|upkeep\n|turn|25\n|\n|t:|1783809817\n|move|p2a: Docile man|Flamethrower|p1a: Wyrdeer\n|-damage|p1a: Wyrdeer|0 fnt\n|faint|p1a: Wyrdeer\n|\n|win|zudin_sudin\n|raw|Kirbo_420's rating: 1055 &rarr; <strong>1040</strong><br />(-15 for losing)\n|raw|zudin_sudin's rating: 1108 &rarr; <strong>1129</strong><br />(+21 for winning)\n|c|☆Kirbo_420|Yg\n|c|☆zudin_sudin|ball\n|c|☆Kirbo_420|Gg\n|l|☆zudin_sudin\n|player|p2|\n|l|☆Kirbo_420\n|player|p1|\n", "uploadtime": 1783810123, "views": 4, "formatid": "gen9ou", "rating": 1040, "private": 0, "password": null}