{"id": "gen9ou-2647726450", "format": "[Gen 9] OU", "players": ["OUBotBeepBoop", "ImOuTtT"], "log": "|j|☆OUBotBeepBoop\n|j|☆ImOuTtT\n|t:|1783802356\n|gametype|singles\n|player|p1|OUBotBeepBoop|102|1158\n|player|p2|ImOuTtT|170|1150\n|gen|9\n|tier|[Gen 9] OU\n|rated|\n|rule|HP Percentage Mod: HP is shown in percentages\n|rule|Endless Battle Clause: Forcing endless battles is banned\n|rule|Species Clause: Limit one of each Pokémon\n|rule|OHKO Clause: OHKO moves are banned\n|rule|Evasion Items Clause: Evasion items are banned\n|rule|Evasion Moves Clause: Evasion moves are banned\n|rule|Evasion Abilities Clause: Evasion abilities are banned\n|rule|Sleep Moves Clause: Sleep-inducing moves are banned\n|clearpoke\n|poke|p1|Glimmora, M|\n|poke|p1|Great Tusk|\n|poke|p1|Kingambit, M|\n|poke|p1|Dragapult, F|\n|poke|p1|Clefable, F|\n|poke|p1|Corviknight, F|\n|poke|p2|Skeledirge, F|\n|poke|p2|Dragonite, M|\n|poke|p2|Iron Moth|\n|poke|p2|Iron Treads|\n|poke|p2|Walking Wake|\n|poke|p2|Eelektross, M|\n|teampreview\n|inactive|Battle timer is ON: inactive players will automatically lose when time's up. (requested by OUBotBeepBoop)\n|\n|t:|1783802376\n|teamsize|p1|6\n|teamsize|p2|6\n|start\n|switch|p1a: Glimmora|Glimmora, M|100/100\n|switch|p2a: Walking Wake|Walking Wake|100/100\n|-enditem|p2a: Walking Wake|Booster Energy\n|-activate|p2a: Walking Wake|ability: Protosynthesis|[fromitem]\n|-start|p2a: Walking Wake|protosynthesisspe\n|turn|1\n|\n|t:|1783802384\n|move|p2a: Walking Wake|Hydro Steam|p1a: Glimmora\n|-supereffective|p1a: Glimmora\n|-enditem|p1a: Glimmora|Focus Sash\n|-damage|p1a: Glimmora|1/100\n|move|p1a: Glimmora|Stealth Rock|p2a: Walking Wake\n|-sidestart|p2: ImOuTtT|move: Stealth Rock\n|\n|upkeep\n|turn|2\n|\n|t:|1783802392\n|switch|p1a: Clefable|Clefable, F|100/100\n|move|p2a: Walking Wake|Hydro Steam|p1a: Clefable\n|-damage|p1a: Clefable|60/100\n|\n|-heal|p1a: Clefable|66/100|[from] item: Leftovers\n|upkeep\n|turn|3\n|\n|t:|1783802401\n|-terastallize|p2a: Walking Wake|Water\n|move|p2a: Walking Wake|Hydro Steam|p1a: Clefable\n|-damage|p1a: Clefable|16/100\n|move|p1a: Clefable|Moonblast|p2a: Walking Wake\n|-damage|p2a: Walking Wake|62/100\n|\n|-heal|p1a: Clefable|22/100|[from] item: Leftovers\n|upkeep\n|turn|4\n|\n|t:|1783802413\n|switch|p1a: Glimmora|Glimmora, M|1/100\n|move|p2a: Walking Wake|Flamethrower|p1a: Glimmora\n|-resisted|p1a: Glimmora\n|-damage|p1a: Glimmora|0 fnt\n|faint|p1a: Glimmora\n|\n|upkeep\n|\n|t:|1783802413\n|switch|p1a: Dragapult|Dragapult, F|100/100\n|turn|5\n|\n|t:|1783802423\n|-terastallize|p1a: Dragapult|Ghost\n|move|p2a: Walking Wake|Dragon Pulse|p1a: Dragapult\n|-damage|p1a: Dragapult|39/100\n|move|p1a: Dragapult|Shadow Ball|p2a: Walking Wake\n|-damage|p2a: Walking Wake|0 fnt\n|faint|p2a: Walking Wake\n|-end|p2a: Walking Wake|Protosynthesis|[silent]\n|\n|upkeep\n|\n|t:|1783802433\n|switch|p2a: Eelektross|Eelektross, M|100/100\n|-damage|p2a: Eelektross|88/100|[from] Stealth Rock\n|turn|6\n|\n|t:|1783802441\n|move|p1a: Dragapult|Shadow Ball|p2a: Eelektross\n|-damage|p2a: Eelektross|30/100\n|move|p2a: Eelektross|Thunderbolt|p1a: Dragapult\n|-crit|p1a: Dragapult\n|-damage|p1a: Dragapult|0 fnt\n|faint|p1a: Dragapult\n|\n|upkeep\n|\n|t:|1783802441\n|switch|p1a: Great Tusk|Great Tusk|100/100\n|turn|7\n|\n|t:|1783802452\n|move|p1a: Great Tusk|Knock Off|p2a: Eelektross\n|-damage|p2a: Eelektross|0 fnt\n|-enditem|p2a: Eelektross|Assault Vest|[from] move: Knock Off|[of] p1a: Great Tusk\n|faint|p2a: Eelektross\n|\n|upkeep\n|\n|t:|1783802471\n|switch|p2a: Skeledirge|Skeledirge, F|100/100\n|-damage|p2a: Skeledirge|76/100|[from] Stealth Rock\n|turn|8\n|\n|t:|1783802476\n|move|p1a: Great Tusk|Headlong Rush|p2a: Skeledirge\n|-supereffective|p2a: Skeledirge\n|-damage|p2a: Skeledirge|0 fnt\n|-unboost|p1a: Great Tusk|def|1\n|-unboost|p1a: Great Tusk|spd|1\n|faint|p2a: Skeledirge\n|\n|upkeep\n|\n|t:|1783802484\n|switch|p2a: Iron Treads|Iron Treads|100/100\n|-damage|p2a: Iron Treads|97/100|[from] Stealth Rock\n|-enditem|p2a: Iron Treads|Booster Energy\n|-activate|p2a: Iron Treads|ability: Quark Drive|[fromitem]\n|-start|p2a: Iron Treads|quarkdriveatk\n|turn|9\n|\n|t:|1783802490\n|move|p2a: Iron Treads|Ice Spinner|p1a: Great Tusk\n|-supereffective|p1a: Great Tusk\n|-damage|p1a: Great Tusk|34/100\n|move|p1a: Great Tusk|Headlong Rush|p2a: Iron Treads\n|-supereffective|p2a: Iron Treads\n|-damage|p2a: Iron Treads|0 fnt\n|-unboost|p1a: Great Tusk|def|1\n|-unboost|p1a: Great Tusk|spd|1\n|faint|p2a: Iron Treads\n|-end|p2a: Iron Treads|Quark Drive|[silent]\n|\n|upkeep\n|\n|t:|1783802500\n|switch|p2a: Iron Moth|Iron Moth|100/100\n|-damage|p2a: Iron Moth|76/100|[from] Stealth Rock\n|-enditem|p2a: Iron Moth|Booster Energy\n|-activate|p2a: Iron Moth|ability: Quark Drive|[fromitem]\n|-start|p2a: Iron Moth|quarkdrivespe\n|turn|10\n|\n|t:|1783802507\n|move|p2a: Iron Moth|Fiery Dance|p1a: Great Tusk\n|-damage|p1a: Great Tusk|0 fnt\n|faint|p1a: Great Tusk\n|-end|p1a: Great Tusk|Protosynthesis|[silent]\n|\n|upkeep\n|\n|t:|1783802507\n|switch|p1a: Kingambit|Kingambit, M|100/100\n|-activate|p1a: Kingambit|ability: Supreme Overlord\n|-start|p1a: Kingambit|fallen3|[silent]\n|turn|11\n|\n|t:|1783802515\n|move|p2a: Iron Moth|Fiery Dance|p1a: Kingambit\n|-supereffective|p1a: Kingambit\n|-damage|p1a: Kingambit|19/100\n|-boost|p2a: Iron Moth|spa|1\n|move|p1a: Kingambit|Swords Dance|p1a: Kingambit\n|-boost|p1a: Kingambit|atk|2\n|\n|upkeep\n|turn|12\n|\n|t:|1783802523\n|-end|p2a: Iron Moth|Quark Drive|[silent]\n|switch|p2a: Dragonite|Dragonite, M|100/100\n|-damage|p2a: Dragonite|76/100|[from] Stealth Rock\n|move|p1a: Kingambit|Sucker Punch||[still]\n|-fail|p1a: Kingambit\n|\n|upkeep\n|turn|13\n|\n|t:|1783802530\n|move|p2a: Dragonite|Extreme Speed|p1a: Kingambit\n|-resisted|p1a: Kingambit\n|-damage|p1a: Kingambit|5/100\n|-damage|p2a: Dragonite|66/100|[from] item: Life Orb\n|move|p1a: Kingambit|Sucker Punch||[still]\n|-fail|p1a: Kingambit\n|\n|upkeep\n|turn|14\n|\n|t:|1783802539\n|move|p2a: Dragonite|Extreme Speed|p1a: Kingambit\n|-resisted|p1a: Kingambit\n|-crit|p1a: Kingambit\n|-damage|p1a: Kingambit|0 fnt\n|faint|p1a: Kingambit\n|-end|p1a: Kingambit|fallen3|[silent]\n|-damage|p2a: Dragonite|56/100|[from] item: Life Orb\n|\n|upkeep\n|\n|t:|1783802539\n|switch|p1a: Corviknight|Corviknight, F|100/100\n|-ability|p1a: Corviknight|Pressure\n|turn|15\n|\n|t:|1783802550\n|switch|p2a: Iron Moth|Iron Moth|76/100\n|-damage|p2a: Iron Moth|51/100|[from] Stealth Rock\n|move|p1a: Corviknight|U-turn|p2a: Iron Moth\n|-resisted|p2a: Iron Moth\n|-damage|p2a: Iron Moth|45/100\n|\n|t:|1783802550\n|switch|p1a: Clefable|Clefable, F|22/100|[from] U-turn\n|\n|-heal|p1a: Clefable|28/100|[from] item: Leftovers\n|upkeep\n|turn|16\n|\n|t:|1783802562\n|switch|p1a: Corviknight|Corviknight, F|100/100\n|-ability|p1a: Corviknight|Pressure\n|move|p2a: Iron Moth|Fiery Dance|p1a: Corviknight\n|-supereffective|p1a: Corviknight\n|-damage|p1a: Corviknight|17/100\n|\n|-heal|p1a: Corviknight|24/100|[from] item: Leftovers\n|upkeep\n|turn|17\n|\n|t:|1783802572\n|switch|p1a: Clefable|Clefable, F|28/100\n|move|p2a: Iron Moth|Fiery Dance|p1a: Clefable\n|-damage|p1a: Clefable|0 fnt\n|faint|p1a: Clefable\n|\n|upkeep\n|\n|t:|1783802572\n|switch|p1a: Corviknight|Corviknight, F|24/100\n|-ability|p1a: Corviknight|Pressure\n|turn|18\n|\n|t:|1783802583\n|move|p2a: Iron Moth|Fiery Dance|p1a: Corviknight\n|-supereffective|p1a: Corviknight\n|-damage|p1a: Corviknight|0 fnt\n|-boost|p2a: Iron Moth|spa|1\n|faint|p1a: Corviknight\n|\n|win|ImOuTtT\n|raw|OUBotBeepBoop's rating: 1064 &rarr; <strong>1049</strong><br />(-15 for losing)\n|raw|ImOuTtT's rating: 1150 &rarr; <strong>1169</strong><br />(+19 for winning)\n|l|☆OUBotBeepBoop\n|player|p1|\n|l|☆ImOuTtT\n|player|p2|\n", "uploadtime": 1783802889, "views": 12, "formatid": "gen9ou", "rating": 1049, "private": 0, "password": null}