{"id": "gen9ou-2647768624", "format": "[Gen 9] OU", "players": ["silame", "Ubl267"], "log": "|j|☆silame\n|j|☆Ubl267\n|t:|1783809266\n|gametype|singles\n|player|p1|silame|lady-gen4|\n|player|p2|Ubl267|veteranf|\n|gen|9\n|tier|[Gen 9] OU\n|rule|HP Percentage Mod: HP is shown in percentages\n|rule|Endless Battle Clause: Forcing endless battles is banned\n|rule|Species Clause: Limit one of each Pokémon\n|rule|OHKO Clause: OHKO moves are banned\n|rule|Evasion Items Clause: Evasion items are banned\n|rule|Evasion Moves Clause: Evasion moves are banned\n|rule|Evasion Abilities Clause: Evasion abilities are banned\n|rule|Sleep Moves Clause: Sleep-inducing moves are banned\n|clearpoke\n|poke|p1|Zoroark-Hisui, M|\n|poke|p1|Gholdengo|\n|poke|p1|Reuniclus, M|\n|poke|p1|Flygon, M|\n|poke|p1|Crawdaunt, M|\n|poke|p1|Zapdos|\n|poke|p2|Mamoswine, M|\n|poke|p2|Rillaboom, F|\n|poke|p2|Duraludon, F|\n|poke|p2|Thundurus, M|\n|poke|p2|Corviknight, F|\n|poke|p2|Entei|\n|teampreview\n|j| gymleader avery\n|j| roikeith\n|\n|t:|1783809307\n|teamsize|p1|6\n|teamsize|p2|6\n|start\n|switch|p1a: Zapdos|Zapdos|100/100\n|switch|p2a: Duraludon|Duraludon, F|100/100\n|turn|1\n|\n|t:|1783809324\n|move|p1a: Zapdos|U-turn|p2a: Duraludon\n|-resisted|p2a: Duraludon\n|-damage|p2a: Duraludon|96/100\n|\n|t:|1783809343\n|switch|p1a: Reuniclus|Reuniclus, M|100/100|[from] U-turn\n|move|p2a: Duraludon|Stealth Rock|p1a: Reuniclus\n|-sidestart|p1: silame|move: Stealth Rock\n|\n|upkeep\n|turn|2\n|\n|t:|1783809359\n|move|p2a: Duraludon|Draco Meteor|p1a: Reuniclus\n|-crit|p1a: Reuniclus\n|-damage|p1a: Reuniclus|17/100\n|-unboost|p2a: Duraludon|spa|2\n|move|p1a: Reuniclus|Thunder Wave|p2a: Duraludon\n|-status|p2a: Duraludon|par\n|\n|-heal|p1a: Reuniclus|23/100|[from] item: Leftovers\n|upkeep\n|turn|3\n|\n|t:|1783809402\n|switch|p2a: Rillaboom|Rillaboom, F|100/100\n|-fieldstart|move: Grassy Terrain|[from] ability: Grassy Surge|[of] p2a: Rillaboom\n|switch|p1a: Crawdaunt|Crawdaunt, M|100/100\n|-damage|p1a: Crawdaunt|88/100|[from] Stealth Rock\n|\n|-heal|p1a: Crawdaunt|94/100|[from] Grassy Terrain\n|upkeep\n|turn|4\n|\n|t:|1783809420\n|switch|p1a: Zapdos|Zapdos|100/100\n|move|p2a: Rillaboom|U-turn|p1a: Zapdos\n|-resisted|p1a: Zapdos\n|-damage|p1a: Zapdos|92/100\n|\n|t:|1783809434\n|switch|p2a: Thundurus|Thundurus, M|100/100|[from] U-turn\n|\n|upkeep\n|turn|5\n|\n|t:|1783809452\n|move|p2a: Thundurus|Volt Switch|p1a: Zapdos\n|-damage|p1a: Zapdos|59/100\n|\n|t:|1783809458\n|switch|p2a: Corviknight|Corviknight, F|100/100|[from] Volt Switch\n|-ability|p2a: Corviknight|Pressure\n|move|p1a: Zapdos|Discharge|p2a: Corviknight\n|-supereffective|p2a: Corviknight\n|-damage|p2a: Corviknight|30/100\n|\n|upkeep\n|turn|6\n|\n|t:|1783809469\n|move|p1a: Zapdos|Roost|p1a: Zapdos\n|-heal|p1a: Zapdos|100/100\n|-singleturn|p1a: Zapdos|move: Roost\n|move|p2a: Corviknight|Roost|p2a: Corviknight\n|-heal|p2a: Corviknight|80/100\n|-singleturn|p2a: Corviknight|move: Roost\n|\n|-heal|p2a: Corviknight|86/100|[from] Grassy Terrain\n|upkeep\n|turn|7\n|\n|t:|1783809501\n|move|p1a: Zapdos|Discharge|p2a: Corviknight\n|-supereffective|p2a: Corviknight\n|-damage|p2a: Corviknight|25/100\n|move|p2a: Corviknight|U-turn|p1a: Zapdos\n|-resisted|p1a: Zapdos\n|-damage|p1a: Zapdos|96/100\n|-status|p2a: Corviknight|par|[from] ability: Static|[of] p1a: Zapdos\n|\n|t:|1783809508\n|switch|p2a: Mamoswine|Mamoswine, M|100/100|[from] U-turn\n|\n|-fieldend|move: Grassy Terrain\n|upkeep\n|turn|8\n|\n|t:|1783809520\n|move|p2a: Mamoswine|Icicle Crash|p1a: Zapdos\n|-supereffective|p1a: Zapdos\n|-damage|p1a: Zapdos|33/100\n|move|p1a: Zapdos|U-turn|p2a: Mamoswine\n|-damage|p2a: Mamoswine|86/100\n|j| Ziiiiiii\n|\n|t:|1783809538\n|switch|p1a: Crawdaunt|Crawdaunt, M|100/100|[from] U-turn\n|-damage|p1a: Crawdaunt|88/100|[from] Stealth Rock\n|\n|upkeep\n|turn|9\n|\n|t:|1783809552\n|switch|p2a: Corviknight|Corviknight, F|25/100 par\n|-ability|p2a: Corviknight|Pressure\n|move|p1a: Crawdaunt|Shadow Ball|p2a: Corviknight\n|-damage|p2a: Corviknight|0 fnt\n|faint|p2a: Corviknight\n|\n|upkeep\n|\n|t:|1783809567\n|switch|p2a: Rillaboom|Rillaboom, F|100/100\n|-fieldstart|move: Grassy Terrain|[from] ability: Grassy Surge|[of] p2a: Rillaboom\n|turn|10\n|\n|t:|1783809579\n|move|p1a: Crawdaunt|Shadow Ball|p2a: Rillaboom\n|-damage|p2a: Rillaboom|48/100\n|move|p2a: Rillaboom|Knock Off|p1a: Crawdaunt\n|-supereffective|p1a: Crawdaunt\n|-damage|p1a: Crawdaunt|0 fnt\n|replace|p1a: Zoroark|Zoroark-Hisui, M\n|-end|p1a: Zoroark|Illusion\n|-enditem|p1a: Zoroark|Choice Specs|[from] move: Knock Off|[of] p2a: Rillaboom\n|faint|p1a: Zoroark\n|\n|-heal|p2a: Rillaboom|54/100|[from] Grassy Terrain\n|upkeep\n|\n|t:|1783809603\n|switch|p1a: Flygon|Flygon, M|100/100\n|-damage|p1a: Flygon|95/100|[from] Stealth Rock\n|turn|11\n|\n|t:|1783809608\n|switch|p2a: Duraludon|Duraludon, F|96/100 par\n|move|p1a: Flygon|U-turn|p2a: Duraludon\n|-resisted|p2a: Duraludon\n|-damage|p2a: Duraludon|87/100 par\n|-damage|p1a: Flygon|85/100|[from] item: Life Orb\n|\n|t:|1783809615\n|switch|p1a: Gholdengo|Gholdengo|100/100|[from] U-turn\n|-damage|p1a: Gholdengo|94/100|[from] Stealth Rock\n|\n|-heal|p1a: Gholdengo|100/100|[from] Grassy Terrain\n|-heal|p2a: Duraludon|93/100 par|[from] Grassy Terrain\n|upkeep\n|turn|12\n|\n|t:|1783809627\n|switch|p2a: Rillaboom|Rillaboom, F|54/100\n|move|p1a: Gholdengo|Substitute|p1a: Gholdengo\n|-start|p1a: Gholdengo|Substitute\n|-damage|p1a: Gholdengo|76/100\n|\n|-heal|p2a: Rillaboom|60/100|[from] Grassy Terrain\n|-heal|p1a: Gholdengo|82/100|[from] Grassy Terrain\n|-heal|p1a: Gholdengo|88/100|[from] item: Leftovers\n|upkeep\n|turn|13\n|\n|t:|1783809637\n|move|p2a: Rillaboom|Knock Off|p1a: Gholdengo\n|-supereffective|p1a: Gholdengo\n|-end|p1a: Gholdengo|Substitute\n|move|p1a: Gholdengo|Make It Rain|p2a: Rillaboom\n|-damage|p2a: Rillaboom|0 fnt\n|-unboost|p1a: Gholdengo|spa|1\n|faint|p2a: Rillaboom\n|\n|-heal|p1a: Gholdengo|94/100|[from] Grassy Terrain\n|-heal|p1a: Gholdengo|99/100|[from] item: Leftovers\n|upkeep\n|\n|t:|1783809659\n|switch|p2a: Thundurus|Thundurus, M|100/100\n|turn|14\n|\n|t:|1783809703\n|switch|p1a: Reuniclus|Reuniclus, M|56/100\n|-damage|p1a: Reuniclus|44/100|[from] Stealth Rock\n|move|p2a: Thundurus|Nasty Plot|p2a: Thundurus\n|-boost|p2a: Thundurus|spa|2\n|\n|-heal|p1a: Reuniclus|50/100|[from] Grassy Terrain\n|-heal|p1a: Reuniclus|56/100|[from] item: Leftovers\n|-fieldend|move: Grassy Terrain\n|upkeep\n|turn|15\n|\n|t:|1783809713\n|-terastallize|p1a: Reuniclus|Fairy\n|move|p2a: Thundurus|Dark Pulse|p1a: Reuniclus\n|-resisted|p1a: Reuniclus\n|-damage|p1a: Reuniclus|31/100\n|move|p1a: Reuniclus|Psychic|p2a: Thundurus\n|-damage|p2a: Thundurus|51/100\n|\n|-heal|p1a: Reuniclus|37/100|[from] item: Leftovers\n|upkeep\n|turn|16\n|\n|t:|1783809723\n|move|p2a: Thundurus|Volt Switch|p1a: Reuniclus\n|-damage|p1a: Reuniclus|0 fnt\n|faint|p1a: Reuniclus\n|\n|t:|1783809729\n|switch|p2a: Duraludon|Duraludon, F|93/100 par|[from] Volt Switch\n|\n|upkeep\n|\n|t:|1783809740\n|switch|p1a: Gholdengo|Gholdengo|99/100\n|-damage|p1a: Gholdengo|94/100|[from] Stealth Rock\n|turn|17\n|\n|t:|1783809750\n|move|p1a: Gholdengo|Substitute|p1a: Gholdengo\n|-start|p1a: Gholdengo|Substitute\n|-damage|p1a: Gholdengo|69/100\n|move|p2a: Duraludon|Draco Meteor|p1a: Gholdengo\n|-resisted|p1a: Gholdengo\n|-crit|p1a: Gholdengo\n|-end|p1a: Gholdengo|Substitute\n|-unboost|p2a: Duraludon|spa|2\n|\n|-heal|p1a: Gholdengo|75/100|[from] item: Leftovers\n|upkeep\n|turn|18\n|\n|t:|1783809763\n|switch|p2a: Entei|Entei|100/100\n|move|p1a: Gholdengo|Substitute|p1a: Gholdengo\n|-start|p1a: Gholdengo|Substitute\n|-damage|p1a: Gholdengo|50/100\n|\n|-heal|p1a: Gholdengo|56/100|[from] item: Leftovers\n|upkeep\n|turn|19\n|\n|t:|1783809776\n|move|p2a: Entei|Crunch|p1a: Gholdengo\n|-supereffective|p1a: Gholdengo\n|-end|p1a: Gholdengo|Substitute\n|move|p1a: Gholdengo|Make It Rain|p2a: Entei\n|-resisted|p2a: Entei\n|-damage|p2a: Entei|61/100\n|-unboost|p1a: Gholdengo|spa|1\n|\n|-heal|p2a: Entei|67/100|[from] item: Leftovers\n|-heal|p1a: Gholdengo|62/100|[from] item: Leftovers\n|upkeep\n|turn|20\n|\n|t:|1783809822\n|switch|p1a: Zapdos|Zapdos|33/100\n|move|p2a: Entei|Substitute|p2a: Entei\n|-start|p2a: Entei|Substitute\n|-damage|p2a: Entei|42/100\n|\n|-heal|p2a: Entei|48/100|[from] item: Leftovers\n|upkeep\n|turn|21\n|\n|t:|1783809853\n|move|p2a: Entei|Flare Blitz|p1a: Zapdos\n|-damage|p1a: Zapdos|0 fnt\n|faint|p1a: Zapdos\n|-damage|p2a: Entei|37/100|[from] Recoil\n|\n|-heal|p2a: Entei|43/100|[from] item: Leftovers\n|upkeep\n|\n|t:|1783809858\n|switch|p1a: Flygon|Flygon, M|85/100\n|-damage|p1a: Flygon|79/100|[from] Stealth Rock\n|turn|22\n|\n|t:|1783809871\n|-terastallize|p2a: Entei|Dark\n|move|p2a: Entei|Crunch|p1a: Flygon\n|-damage|p1a: Flygon|27/100\n|move|p1a: Flygon|Earthquake|p2a: Entei\n|-end|p2a: Entei|Substitute\n|-damage|p1a: Flygon|17/100|[from] item: Life Orb\n|\n|-heal|p2a: Entei|50/100|[from] item: Leftovers\n|upkeep\n|turn|23\n|\n|t:|1783809890\n|switch|p1a: Gholdengo|Gholdengo|62/100\n|-damage|p1a: Gholdengo|56/100|[from] Stealth Rock\n|move|p2a: Entei|Crunch|p1a: Gholdengo\n|-supereffective|p1a: Gholdengo\n|-damage|p1a: Gholdengo|0 fnt\n|faint|p1a: Gholdengo\n|\n|-heal|p2a: Entei|56/100|[from] item: Leftovers\n|upkeep\n|\n|t:|1783809892\n|switch|p1a: Flygon|Flygon, M|17/100\n|-damage|p1a: Flygon|11/100|[from] Stealth Rock\n|turn|24\n|\n|t:|1783809901\n|move|p2a: Entei|Extreme Speed|p1a: Flygon\n|-damage|p1a: Flygon|0 fnt\n|faint|p1a: Flygon\n|\n|-heal|p2a: Entei|62/100|[from] item: Leftovers\n|upkeep\n|\n|t:|1783809904\n|switch|p1a: Crawdaunt|Crawdaunt, M|94/100\n|-damage|p1a: Crawdaunt|82/100|[from] Stealth Rock\n|turn|25\n|\n|t:|1783809909\n|move|p2a: Entei|Extreme Speed|p1a: Crawdaunt\n|-damage|p1a: Crawdaunt|42/100\n|move|p1a: Crawdaunt|Close Combat|p2a: Entei\n|-supereffective|p2a: Entei\n|-damage|p2a: Entei|0 fnt\n|-unboost|p1a: Crawdaunt|def|1\n|-unboost|p1a: Crawdaunt|spd|1\n|faint|p2a: Entei\n|-damage|p1a: Crawdaunt|32/100|[from] item: Life Orb\n|\n|upkeep\n|l| Ziiiiiii\n|\n|t:|1783809919\n|switch|p2a: Thundurus|Thundurus, M|51/100\n|turn|26\n|\n|t:|1783809922\n|move|p1a: Crawdaunt|Aqua Jet|p2a: Thundurus\n|-damage|p2a: Thundurus|0 fnt\n|faint|p2a: Thundurus\n|-damage|p1a: Crawdaunt|23/100|[from] item: Life Orb\n|\n|upkeep\n|j| Ziiiiiii\n|\n|t:|1783809926\n|switch|p2a: Duraludon|Duraludon, F|93/100 par\n|turn|27\n|\n|t:|1783809933\n|move|p1a: Crawdaunt|Close Combat|p2a: Duraludon\n|-supereffective|p2a: Duraludon\n|-damage|p2a: Duraludon|28/100 par\n|-unboost|p1a: Crawdaunt|def|1\n|-unboost|p1a: Crawdaunt|spd|1\n|-damage|p1a: Crawdaunt|13/100|[from] item: Life Orb\n|move|p2a: Duraludon|Draco Meteor|p1a: Crawdaunt\n|-damage|p1a: Crawdaunt|0 fnt\n|-unboost|p2a: Duraludon|spa|2\n|faint|p1a: Crawdaunt\n|\n|win|Ubl267\n|c|☆silame|gg\n|c|☆Ubl267|no swaps\n|c|☆silame|kk\n|l| Ziiiiiii\n|c|☆Ubl267|send when you're ready\n", "uploadtime": 1783810036, "views": 21, "formatid": "gen9ou", "rating": null, "private": 0, "password": null}