{"id": "gen9ou-2647768873", "format": "[Gen 9] OU", "players": ["mido2503", "Dr.lisek_68+1"], "log": "|j|☆mido2503\n|j|☆Dr.lisek_68+1\n|t:|1783809309\n|gametype|singles\n|player|p1|mido2503|colress|1142\n|player|p2|Dr.lisek_68+1|ingo|1133\n|gen|9\n|tier|[Gen 9] OU\n|rated|\n|rule|HP Percentage Mod: HP is shown in percentages\n|rule|Endless Battle Clause: Forcing endless battles is banned\n|rule|Species Clause: Limit one of each Pokémon\n|rule|OHKO Clause: OHKO moves are banned\n|rule|Evasion Items Clause: Evasion items are banned\n|rule|Evasion Moves Clause: Evasion moves are banned\n|rule|Evasion Abilities Clause: Evasion abilities are banned\n|rule|Sleep Moves Clause: Sleep-inducing moves are banned\n|clearpoke\n|poke|p1|Toxapex, M|\n|poke|p1|Ting-Lu|\n|poke|p1|Gholdengo|\n|poke|p1|Infernape, F|\n|poke|p1|Raging Bolt|\n|poke|p1|Great Tusk|\n|poke|p2|Toxtricity, M|\n|poke|p2|Great Tusk|\n|poke|p2|Smeargle, M|\n|poke|p2|Dragapult, F|\n|poke|p2|Fezandipiti, M|\n|poke|p2|Corviknight, M|\n|teampreview\n|inactive|Battle timer is ON: inactive players will automatically lose when time's up. (requested by Dr.lisek_68+1)\n|inactive|mido2503 also wants the timer to be on.\n|\n|t:|1783809328\n|teamsize|p1|6\n|teamsize|p2|6\n|start\n|switch|p1a: Gholdengo|Gholdengo|100/100\n|switch|p2a: Smeargle|Smeargle, M|100/100\n|turn|1\n|\n|t:|1783809336\n|move|p1a: Gholdengo|Make It Rain|p2a: Smeargle\n|-enditem|p2a: Smeargle|Focus Sash\n|-damage|p2a: Smeargle|1/100\n|-unboost|p1a: Gholdengo|spa|1\n|move|p2a: Smeargle|Sticky Web|p1a: Gholdengo\n|-sidestart|p1: mido2503|move: Sticky Web\n|\n|upkeep\n|turn|2\n|\n|t:|1783809344\n|move|p1a: Gholdengo|Make It Rain|p2a: Smeargle\n|-damage|p2a: Smeargle|0 fnt\n|-unboost|p1a: Gholdengo|spa|1\n|faint|p2a: Smeargle\n|\n|upkeep\n|\n|t:|1783809350\n|switch|p2a: Toxtricity|Toxtricity, M|100/100\n|turn|3\n|\n|t:|1783809356\n|switch|p1a: Great Tusk|Great Tusk|100/100\n|-activate|p1a: Great Tusk|move: Sticky Web\n|-unboost|p1a: Great Tusk|spe|1\n|-enditem|p1a: Great Tusk|Booster Energy\n|-activate|p1a: Great Tusk|ability: Protosynthesis|[fromitem]\n|-start|p1a: Great Tusk|protosynthesisatk\n|move|p2a: Toxtricity|Shift Gear|p2a: Toxtricity\n|-boost|p2a: Toxtricity|spe|2\n|-boost|p2a: Toxtricity|atk|1\n|\n|upkeep\n|turn|4\n|\n|t:|1783809367\n|-terastallize|p2a: Toxtricity|Normal\n|move|p2a: Toxtricity|Boomburst|p1a: Great Tusk\n|-damage|p1a: Great Tusk|0 fnt\n|faint|p1a: Great Tusk\n|-end|p1a: Great Tusk|Protosynthesis|[silent]\n|-enditem|p2a: Toxtricity|Throat Spray\n|-boost|p2a: Toxtricity|spa|1|[from] item: Throat Spray\n|\n|upkeep\n|\n|t:|1783809372\n|switch|p1a: Infernape|Infernape, F|100/100\n|-activate|p1a: Infernape|move: Sticky Web\n|-unboost|p1a: Infernape|spe|1\n|turn|5\n|\n|t:|1783809378\n|move|p1a: Infernape|Vacuum Wave|p2a: Toxtricity\n|-supereffective|p2a: Toxtricity\n|-damage|p2a: Toxtricity|13/100\n|move|p2a: Toxtricity|Boomburst|p1a: Infernape\n|-damage|p1a: Infernape|0 fnt\n|faint|p1a: Infernape\n|\n|upkeep\n|\n|t:|1783809384\n|switch|p1a: Raging Bolt|Raging Bolt|100/100\n|-activate|p1a: Raging Bolt|move: Sticky Web\n|-unboost|p1a: Raging Bolt|spe|1\n|-enditem|p1a: Raging Bolt|Booster Energy\n|-activate|p1a: Raging Bolt|ability: Protosynthesis|[fromitem]\n|-start|p1a: Raging Bolt|protosynthesisspa\n|turn|6\n|-message|mido2503 forfeited.\n|\n|win|Dr.lisek_68+1\n|raw|mido2503's rating: 1142 &rarr; <strong>1116</strong><br />(-26 for losing)\n|raw|Dr.lisek_68+1's rating: 1133 &rarr; <strong>1159</strong><br />(+26 for winning)\n|l|☆mido2503\n|player|p1|\n", "uploadtime": 1783809395, "views": 8, "formatid": "gen9ou", "rating": 1116, "private": 0, "password": null}