{"id": "gen9ou-2639237833", "format": "[Gen 9] OU", "players": ["uxieslake", "grgwrgwegwe"], "log": "|j|☆uxieslake\n|j|☆grgwrgwegwe\n|t:|1782438641\n|gametype|singles\n|player|p1|uxieslake|dawn-gen4pt|1155\n|player|p2|grgwrgwegwe|nurse|1119\n|gen|9\n|tier|[Gen 9] OU\n|rated|\n|rule|HP Percentage Mod: HP is shown in percentages\n|rule|Endless Battle Clause: Forcing endless battles is banned\n|rule|Species Clause: Limit one of each Pokémon\n|rule|OHKO Clause: OHKO moves are banned\n|rule|Evasion Items Clause: Evasion items are banned\n|rule|Evasion Moves Clause: Evasion moves are banned\n|rule|Evasion Abilities Clause: Evasion abilities are banned\n|rule|Sleep Moves Clause: Sleep-inducing moves are banned\n|clearpoke\n|poke|p1|Ogerpon-Wellspring, F|\n|poke|p1|Gholdengo|\n|poke|p1|Landorus-Therian, M|\n|poke|p1|Glimmora, F|\n|poke|p1|Dragapult, M|\n|poke|p1|Iron Valiant|\n|poke|p2|Basculegion, M|\n|poke|p2|Magnezone|\n|poke|p2|Regidrago|\n|poke|p2|Sylveon, M|\n|poke|p2|Slaking, M|\n|poke|p2|Great Tusk|\n|teampreview\n|\n|t:|1782438653\n|teamsize|p1|6\n|teamsize|p2|6\n|start\n|switch|p1a: Ogerpon|Ogerpon-Wellspring, F|100/100\n|switch|p2a: Zlurp|Magnezone|100/100\n|turn|1\n|\n|t:|1782438664\n|move|p1a: Ogerpon|Swords Dance|p1a: Ogerpon\n|-boost|p1a: Ogerpon|atk|2\n|move|p2a: Zlurp|Discharge|p1a: Ogerpon\n|-damage|p1a: Ogerpon|0 fnt\n|faint|p1a: Ogerpon\n|\n|upkeep\n|\n|t:|1782438677\n|switch|p1a: Dragapult|Dragapult, M|100/100\n|turn|2\n|\n|t:|1782438686\n|switch|p2a: Jbai|Sylveon, M|100/100\n|move|p1a: Dragapult|Fire Blast|p2a: Jbai\n|-damage|p2a: Jbai|60/100\n|\n|upkeep\n|turn|3\n|\n|t:|1782438713\n|move|p1a: Dragapult|Fire Blast|p2a: Jbai\n|-damage|p2a: Jbai|20/100\n|move|p2a: Jbai|Shadow Ball|p1a: Dragapult\n|-supereffective|p1a: Dragapult\n|-damage|p1a: Dragapult|0 fnt\n|faint|p1a: Dragapult\n|\n|upkeep\n|\n|t:|1782438722\n|switch|p1a: Gholdengo|Gholdengo|100/100\n|turn|4\n|\n|t:|1782438727\n|move|p1a: Gholdengo|Shadow Ball|p2a: Jbai\n|-damage|p2a: Jbai|0 fnt\n|faint|p2a: Jbai\n|\n|upkeep\n|\n|t:|1782438736\n|switch|p2a: >.*{|Slaking, M|100/100\n|turn|5\n|\n|t:|1782438744\n|switch|p1a: Landorus|Landorus-Therian, M|100/100\n|-ability|p1a: Landorus|Intimidate|boost\n|-unboost|p2a: >.*{|atk|1\n|move|p2a: >.*{|Knock Off|p1a: Landorus\n|-damage|p1a: Landorus|52/100\n|-damage|p2a: >.*{|84/100|[from] item: Rocky Helmet|[of] p1a: Landorus\n|-enditem|p1a: Landorus|Rocky Helmet|[from] move: Knock Off|[of] p2a: >.*{\n|\n|upkeep\n|turn|6\n|\n|t:|1782438755\n|switch|p2a: The Dripper|Basculegion, M|100/100\n|move|p1a: Landorus|Brick Break|p2a: The Dripper\n|-immune|p2a: The Dripper\n|\n|upkeep\n|turn|7\n|\n|t:|1782438780\n|switch|p1a: Iron Valiant|Iron Valiant|100/100\n|-enditem|p1a: Iron Valiant|Booster Energy\n|-activate|p1a: Iron Valiant|ability: Quark Drive|[fromitem]\n|-start|p1a: Iron Valiant|quarkdrivespe\n|move|p2a: The Dripper|Wave Crash|p1a: Iron Valiant\n|-damage|p1a: Iron Valiant|0 fnt\n|faint|p1a: Iron Valiant\n|-end|p1a: Iron Valiant|Quark Drive|[silent]\n|-damage|p2a: The Dripper|76/100|[from] Recoil\n|\n|upkeep\n|\n|t:|1782438790\n|switch|p1a: Glimmora|Glimmora, F|100/100\n|turn|8\n|\n|t:|1782438796\n|move|p1a: Glimmora|Power Gem|p2a: The Dripper\n|-damage|p2a: The Dripper|32/100\n|move|p2a: The Dripper|Scale Shot|p1a: Glimmora|[miss]\n|-miss|p2a: The Dripper|p1a: Glimmora\n|\n|upkeep\n|turn|9\n|\n|t:|1782438801\n|switch|p2a: Uno Reverse|Great Tusk|100/100\n|-enditem|p2a: Uno Reverse|Booster Energy\n|-activate|p2a: Uno Reverse|ability: Protosynthesis|[fromitem]\n|-start|p2a: Uno Reverse|protosynthesisspe\n|move|p1a: Glimmora|Power Gem|p2a: Uno Reverse\n|-resisted|p2a: Uno Reverse\n|-damage|p2a: Uno Reverse|87/100\n|\n|upkeep\n|turn|10\n|\n|t:|1782438811\n|move|p2a: Uno Reverse|Bulk Up|p2a: Uno Reverse\n|-boost|p2a: Uno Reverse|atk|1\n|-boost|p2a: Uno Reverse|def|1\n|move|p1a: Glimmora|Earth Power|p2a: Uno Reverse\n|-damage|p2a: Uno Reverse|50/100\n|\n|upkeep\n|turn|11\n|\n|t:|1782438817\n|move|p2a: Uno Reverse|Knock Off|p1a: Glimmora\n|-damage|p1a: Glimmora|53/100\n|-activate|p1a: Glimmora|ability: Toxic Debris\n|-sidestart|p2: grgwrgwegwe|move: Toxic Spikes\n|-enditem|p1a: Glimmora|Focus Sash|[from] move: Knock Off|[of] p2a: Uno Reverse\n|move|p1a: Glimmora|Earth Power|p2a: Uno Reverse\n|-crit|p2a: Uno Reverse\n|-damage|p2a: Uno Reverse|0 fnt\n|faint|p2a: Uno Reverse\n|-end|p2a: Uno Reverse|Protosynthesis|[silent]\n|\n|upkeep\n|\n|t:|1782438822\n|switch|p2a: >.*{|Slaking, M|84/100\n|-status|p2a: >.*{|psn\n|turn|12\n|\n|t:|1782438841\n|-terastallize|p1a: Glimmora|Ghost\n|move|p1a: Glimmora|Earth Power|p2a: >.*{\n|-damage|p2a: >.*{|60/100 psn\n|move|p2a: >.*{|Earthquake|p1a: Glimmora\n|-damage|p1a: Glimmora|0 fnt\n|-activate|p1a: Glimmora|ability: Toxic Debris\n|-sidestart|p2: grgwrgwegwe|move: Toxic Spikes\n|faint|p1a: Glimmora\n|\n|-damage|p2a: >.*{|47/100 psn|[from] psn\n|upkeep\n|\n|t:|1782438851\n|switch|p1a: Landorus|Landorus-Therian, M|52/100\n|-ability|p1a: Landorus|Intimidate|boost\n|-unboost|p2a: >.*{|atk|1\n|turn|13\n|\n|t:|1782438868\n|move|p1a: Landorus|Swords Dance|p1a: Landorus\n|-boost|p1a: Landorus|atk|2\n|cant|p2a: >.*{|ability: Truant\n|\n|-damage|p2a: >.*{|35/100 psn|[from] psn\n|upkeep\n|turn|14\n|\n|t:|1782438879\n|switch|p2a: The Dripper|Basculegion, M|32/100\n|-status|p2a: The Dripper|tox\n|move|p1a: Landorus|Earthquake|p2a: The Dripper\n|-damage|p2a: The Dripper|0 fnt\n|faint|p2a: The Dripper\n|\n|upkeep\n|\n|t:|1782438884\n|switch|p2a: Zlurp|Magnezone|100/100\n|turn|15\n|\n|t:|1782438889\n|-terastallize|p2a: Zlurp|Flying\n|move|p1a: Landorus|Earthquake|p2a: Zlurp\n|-immune|p2a: Zlurp\n|move|p2a: Zlurp|Flash Cannon|p1a: Landorus\n|-damage|p1a: Landorus|0 fnt\n|faint|p1a: Landorus\n|\n|upkeep\n|\n|t:|1782438896\n|switch|p1a: Gholdengo|Gholdengo|100/100\n|turn|16\n|\n|t:|1782438901\n|switch|p2a: CBT|Regidrago|100/100\n|-status|p2a: CBT|tox\n|move|p1a: Gholdengo|Shadow Ball|p2a: CBT\n|-damage|p2a: CBT|58/100 tox\n|\n|-damage|p2a: CBT|52/100 tox|[from] psn\n|upkeep\n|turn|17\n|\n|t:|1782438911\n|move|p2a: CBT|Draco Meteor|p1a: Gholdengo\n|-resisted|p1a: Gholdengo\n|-damage|p1a: Gholdengo|58/100\n|-unboost|p2a: CBT|spa|2\n|move|p1a: Gholdengo|Shadow Ball|p2a: CBT\n|-damage|p2a: CBT|9/100 tox\n|\n|-heal|p1a: Gholdengo|64/100|[from] item: Leftovers\n|-damage|p2a: CBT|0 fnt|[from] psn\n|faint|p2a: CBT\n|upkeep\n|\n|t:|1782438913\n|switch|p2a: Zlurp|Magnezone, tera:Flying|100/100\n|turn|18\n|\n|t:|1782438928\n|move|p1a: Gholdengo|Shadow Ball|p2a: Zlurp\n|-damage|p2a: Zlurp|63/100\n|move|p2a: Zlurp|Discharge|p1a: Gholdengo\n|-damage|p1a: Gholdengo|0 fnt\n|faint|p1a: Gholdengo\n|\n|win|grgwrgwegwe\n|raw|uxieslake's rating: 1155 &rarr; <strong>1127</strong><br />(-28 for losing)\n|raw|grgwrgwegwe's rating: 1119 &rarr; <strong>1147</strong><br />(+28 for winning)\n|l|☆uxieslake\n|player|p1|\n|l|☆grgwrgwegwe\n|player|p2|\n", "uploadtime": 1782439219, "views": 8, "formatid": "gen9ou", "rating": 1127, "private": 0, "password": null}