{"id": "gen9ou-2647832812", "format": "[Gen 9] OU", "players": ["Joltinjoe18", "omari p"], "log": "|badge|p1|bronze|gen9ou|100-10\n|uhtml|medal-msg|<div class=\"broadcast-blue\">Curious what those medals under the avatar are? PS now has Ladder Seasons! For more information, check out the <a href=\"https://www.smogon.com/forums/threads/3740067/\">thread on Smogon.</a></div>\n|j|☆Joltinjoe18\n|j|☆omari p\n|t:|1783820604\n|gametype|singles\n|player|p1|Joltinjoe18|170|1828\n|player|p2|omari p|pokemonrangerf|1715\n|gen|9\n|tier|[Gen 9] OU\n|rated|\n|rule|HP Percentage Mod: HP is shown in percentages\n|rule|Endless Battle Clause: Forcing endless battles is banned\n|rule|Species Clause: Limit one of each Pokémon\n|rule|OHKO Clause: OHKO moves are banned\n|rule|Evasion Items Clause: Evasion items are banned\n|rule|Evasion Moves Clause: Evasion moves are banned\n|rule|Evasion Abilities Clause: Evasion abilities are banned\n|rule|Sleep Moves Clause: Sleep-inducing moves are banned\n|clearpoke\n|poke|p1|Enamorus, F|\n|poke|p1|Corviknight, M|\n|poke|p1|Ting-Lu|\n|poke|p1|Basculegion, M|\n|poke|p1|Raging Bolt|\n|poke|p1|Pelipper, M|\n|poke|p2|Deoxys-Speed|\n|poke|p2|Staraptor, F|\n|poke|p2|Oricorio-Pom-Pom, M|\n|poke|p2|Mandibuzz, F|\n|poke|p2|Cinderace, M|\n|poke|p2|Kyurem|\n|teampreview\n|c|☆Joltinjoe18|heat\n|inactive|Battle timer is ON: inactive players will automatically lose when time's up. (requested by Joltinjoe18)\n|j| Messifan1\n|c|☆omari p|it's a REALLY fun team to use\n|c|☆omari p|when it works\n|inactive|omari p has 120 seconds left.\n|\n|t:|1783820656\n|teamsize|p1|6\n|teamsize|p2|6\n|start\n|switch|p1a: Pelipper|Pelipper, M|100/100\n|switch|p2a: Deoxys|Deoxys-Speed|100/100\n|-ability|p2a: Deoxys|Pressure\n|-weather|RainDance|[from] ability: Drizzle|[of] p1a: Pelipper\n|turn|1\n|\n|t:|1783820661\n|switch|p1a: Ting-Lu|Ting-Lu|100/100\n|-ability|p1a: Ting-Lu|Vessel of Ruin\n|move|p2a: Deoxys|Stealth Rock|p1a: Ting-Lu\n|-sidestart|p1: Joltinjoe18|move: Stealth Rock\n|\n|-weather|RainDance|[upkeep]\n|upkeep\n|turn|2\n|\n|t:|1783820668\n|move|p2a: Deoxys|Nasty Plot|p2a: Deoxys\n|-boost|p2a: Deoxys|spa|2\n|move|p1a: Ting-Lu|Payback|p2a: Deoxys\n|-supereffective|p2a: Deoxys\n|-enditem|p2a: Deoxys|Focus Sash\n|-damage|p2a: Deoxys|1/100\n|\n|-weather|RainDance|[upkeep]\n|upkeep\n|turn|3\n|\n|t:|1783820678\n|move|p2a: Deoxys|Ice Beam|p1a: Ting-Lu\n|-supereffective|p1a: Ting-Lu\n|-damage|p1a: Ting-Lu|46/100\n|move|p1a: Ting-Lu|Stealth Rock|p2a: Deoxys\n|-sidestart|p2: omari p|move: Stealth Rock\n|\n|-weather|RainDance|[upkeep]\n|-heal|p1a: Ting-Lu|52/100|[from] item: Leftovers\n|upkeep\n|turn|4\n|\n|t:|1783820682\n|switch|p1a: Basculegion|Basculegion, M|100/100\n|-damage|p1a: Basculegion|88/100|[from] Stealth Rock\n|move|p2a: Deoxys|Ice Beam|p1a: Basculegion\n|-resisted|p1a: Basculegion\n|-damage|p1a: Basculegion|58/100\n|\n|-weather|RainDance|[upkeep]\n|upkeep\n|turn|5\n|j| cxaxrxlxoxs\n|j| little yuffie\n|\n|t:|1783820693\n|move|p1a: Basculegion|Wave Crash|p2a: Deoxys\n|-damage|p2a: Deoxys|0 fnt\n|faint|p2a: Deoxys\n|-damage|p1a: Basculegion|58/100|[from] Recoil\n|\n|-weather|RainDance|[upkeep]\n|upkeep\n|\n|t:|1783820696\n|switch|p2a: Cinderace|Cinderace, M|100/100\n|-damage|p2a: Cinderace|76/100|[from] Stealth Rock\n|turn|6\n|\n|t:|1783820702\n|move|p2a: Cinderace|Sucker Punch|p1a: Basculegion\n|-start|p2a: Cinderace|typechange|Dark|[from] ability: Libero\n|-supereffective|p1a: Basculegion\n|-damage|p1a: Basculegion|0 fnt\n|faint|p1a: Basculegion\n|\n|-weather|RainDance|[upkeep]\n|upkeep\n|\n|t:|1783820706\n|switch|p1a: Enamorus|Enamorus, F|100/100\n|-damage|p1a: Enamorus|76/100|[from] Stealth Rock\n|turn|7\n|\n|t:|1783820724\n|move|p1a: Enamorus|Weather Ball|p2a: Cinderace\n|-damage|p2a: Cinderace|0 fnt\n|faint|p2a: Cinderace\n|\n|-weather|RainDance|[upkeep]\n|upkeep\n|\n|t:|1783820728\n|switch|p2a: Kyurem|Kyurem|100/100\n|-damage|p2a: Kyurem|76/100|[from] Stealth Rock\n|-ability|p2a: Kyurem|Pressure\n|turn|8\n|\n|t:|1783820730\n|switch|p1a: Corviknight|Corviknight, M|100/100\n|-damage|p1a: Corviknight|88/100|[from] Stealth Rock\n|-ability|p1a: Corviknight|Pressure\n|move|p2a: Kyurem|Ice Beam|p1a: Corviknight\n|-damage|p1a: Corviknight|50/100\n|\n|-weather|none\n|-heal|p1a: Corviknight|56/100|[from] item: Leftovers\n|upkeep\n|turn|9\n|\n|t:|1783820732\n|move|p2a: Kyurem|Ice Beam|p1a: Corviknight\n|-damage|p1a: Corviknight|20/100\n|-status|p1a: Corviknight|frz\n|cant|p1a: Corviknight|frz\n|\n|-heal|p1a: Corviknight|26/100 frz|[from] item: Leftovers\n|upkeep\n|turn|10\n|c|☆Joltinjoe18|dang\n|\n|t:|1783820739\n|move|p2a: Kyurem|Ice Beam|p1a: Corviknight\n|-damage|p1a: Corviknight|0 fnt\n|faint|p1a: Corviknight\n|\n|upkeep\n|c|☆omari p|ngl\n|\n|t:|1783820742\n|switch|p1a: Enamorus|Enamorus, F|76/100\n|-damage|p1a: Enamorus|51/100|[from] Stealth Rock\n|turn|11\n|c|☆omari p|tu were playing with fire\n|\n|t:|1783820748\n|move|p1a: Enamorus|Moonblast|p2a: Kyurem\n|-supereffective|p2a: Kyurem\n|-damage|p2a: Kyurem|7/100\n|move|p2a: Kyurem|Ice Beam|p1a: Enamorus\n|-supereffective|p1a: Enamorus\n|-damage|p1a: Enamorus|0 fnt\n|faint|p1a: Enamorus\n|\n|upkeep\n|\n|t:|1783820752\n|switch|p1a: Pelipper|Pelipper, M|100/100\n|-damage|p1a: Pelipper|76/100|[from] Stealth Rock\n|-weather|RainDance|[from] ability: Drizzle|[of] p1a: Pelipper\n|turn|12\n|\n|t:|1783820757\n|move|p2a: Kyurem|Freeze-Dry|p1a: Pelipper\n|-supereffective|p1a: Pelipper\n|-damage|p1a: Pelipper|0 fnt\n|faint|p1a: Pelipper\n|\n|-weather|RainDance|[upkeep]\n|upkeep\n|\n|t:|1783820759\n|switch|p1a: Raging Bolt|Raging Bolt|100/100\n|-damage|p1a: Raging Bolt|88/100|[from] Stealth Rock\n|-enditem|p1a: Raging Bolt|Booster Energy\n|-activate|p1a: Raging Bolt|ability: Protosynthesis|[fromitem]\n|-start|p1a: Raging Bolt|protosynthesisspa\n|turn|13\n|\n|t:|1783820761\n|move|p1a: Raging Bolt|Thunderclap|p2a: Kyurem\n|-resisted|p2a: Kyurem\n|-damage|p2a: Kyurem|0 fnt\n|faint|p2a: Kyurem\n|\n|-weather|RainDance|[upkeep]\n|upkeep\n|\n|t:|1783820771\n|switch|p2a: Oricorio|Oricorio-Pom-Pom, M|100/100\n|-damage|p2a: Oricorio|76/100|[from] Stealth Rock\n|turn|14\n|\n|t:|1783820776\n|-terastallize|p2a: Oricorio|Ground\n|move|p2a: Oricorio|Revelation Dance|p1a: Raging Bolt\n|-supereffective|p1a: Raging Bolt\n|-damage|p1a: Raging Bolt|12/100\n|move|p1a: Raging Bolt|Weather Ball|p2a: Oricorio\n|-supereffective|p2a: Oricorio\n|-damage|p2a: Oricorio|0 fnt\n|faint|p2a: Oricorio\n|\n|-weather|RainDance|[upkeep]\n|upkeep\n|c|☆omari p|fuck\n|c|☆Joltinjoe18|had a feeling\n|c|☆omari p|it's more like u lived\n|c| Messifan1|Now ur playing the thunderclap game lol\n|inactive|omari p has 120 seconds left.\n|\n|t:|1783820817\n|switch|p2a: Mandibuzz|Mandibuzz, F, shiny|100/100\n|-damage|p2a: Mandibuzz|76/100|[from] Stealth Rock\n|turn|15\n|inactive|omari p has 120 seconds left.\n|c|☆omari p|i can get away it with\n|c|☆Joltinjoe18|u are not 250 speed\n|c|☆omari p|i am\n|c|☆omari p|not\n|j| dilf huntr\n|c|☆Joltinjoe18|ill risk the game on it\n|\n|t:|1783820843\n|move|p1a: Raging Bolt|Thunder|p2a: Mandibuzz\n|-supereffective|p2a: Mandibuzz\n|-damage|p2a: Mandibuzz|0 fnt\n|faint|p2a: Mandibuzz\n|\n|-weather|RainDance|[upkeep]\n|upkeep\n|\n|t:|1783820846\n|switch|p2a: Staraptor|Staraptor, F|100/100\n|-damage|p2a: Staraptor|76/100|[from] Stealth Rock\n|turn|16\n|\n|t:|1783820848\n|move|p1a: Raging Bolt|Thunderclap|p2a: Staraptor\n|-supereffective|p2a: Staraptor\n|-damage|p2a: Staraptor|0 fnt\n|faint|p2a: Staraptor\n|\n|win|Joltinjoe18\n|raw|Joltinjoe18's rating: 1828 &rarr; <strong>1842</strong><br />(+14 for winning)\n|raw|omari p's rating: 1715 &rarr; <strong>1701</strong><br />(-14 for losing)\n|c|☆omari p|gg\n|c| Messifan1|Balright\n|c|☆Joltinjoe18|gg\n|l|☆omari p\n|player|p2|\n|l| little yuffie\n|l| Messifan1\n|c|☆Joltinjoe18|spedef corv is a great kyurem check until it isnt\n|l| cxaxrxlxoxs\n", "uploadtime": 1783820983, "views": 12, "formatid": "gen9ou", "rating": 1701, "private": 0, "password": null}