{"id": "gen9ou-2647772605", "format": "[Gen 9] OU", "players": ["Slawman117", "grubbs 4 president"], "log": "|j|☆Slawman117\n|j|☆grubbs 4 president\n|t:|1783809983\n|gametype|singles\n|player|p1|Slawman117|palmer|1258\n|player|p2|grubbs 4 president|266|1357\n|gen|9\n|tier|[Gen 9] OU\n|rated|\n|rule|HP Percentage Mod: HP is shown in percentages\n|rule|Endless Battle Clause: Forcing endless battles is banned\n|rule|Species Clause: Limit one of each Pokémon\n|rule|OHKO Clause: OHKO moves are banned\n|rule|Evasion Items Clause: Evasion items are banned\n|rule|Evasion Moves Clause: Evasion moves are banned\n|rule|Evasion Abilities Clause: Evasion abilities are banned\n|rule|Sleep Moves Clause: Sleep-inducing moves are banned\n|clearpoke\n|poke|p1|Rillaboom, M|\n|poke|p1|Hawlucha, M|\n|poke|p1|Lycanroc-Dusk, M|\n|poke|p1|Goodra-Hisui, F|\n|poke|p1|Great Tusk|\n|poke|p1|Primarina, F|\n|poke|p2|Pelipper, M|\n|poke|p2|Manaphy|\n|poke|p2|Bruxish, F|\n|poke|p2|Overqwil, M|\n|poke|p2|Iron Treads|\n|poke|p2|Raging Bolt|\n|teampreview\n|inactive|Battle timer is ON: inactive players will automatically lose when time's up. (requested by grubbs 4 president)\n|\n|t:|1783810008\n|teamsize|p1|6\n|teamsize|p2|6\n|start\n|switch|p1a: Lycanroc|Lycanroc-Dusk, M|100/100\n|switch|p2a: Pelipper|Pelipper, M|100/100\n|-weather|RainDance|[from] ability: Drizzle|[of] p2a: Pelipper\n|turn|1\n|\n|t:|1783810014\n|move|p1a: Lycanroc|Stealth Rock|p2a: Pelipper\n|-sidestart|p2: grubbs 4 president|move: Stealth Rock\n|move|p2a: Pelipper|Weather Ball|p1a: Lycanroc\n|-supereffective|p1a: Lycanroc\n|-enditem|p1a: Lycanroc|Focus Sash\n|-damage|p1a: Lycanroc|1/100\n|\n|-weather|RainDance|[upkeep]\n|upkeep\n|turn|2\n|\n|t:|1783810020\n|move|p1a: Lycanroc|Endeavor|p2a: Pelipper\n|-damage|p2a: Pelipper|1/100\n|move|p2a: Pelipper|U-turn|p1a: Lycanroc\n|-damage|p1a: Lycanroc|0 fnt\n|faint|p1a: Lycanroc\n|\n|t:|1783810023\n|switch|p2a: Iron Treads|Iron Treads|100/100|[from] U-turn\n|-damage|p2a: Iron Treads|97/100|[from] Stealth Rock\n|-enditem|p2a: Iron Treads|Booster Energy\n|-activate|p2a: Iron Treads|ability: Quark Drive|[fromitem]\n|-start|p2a: Iron Treads|quarkdrivespe\n|\n|-weather|RainDance|[upkeep]\n|upkeep\n|\n|t:|1783810026\n|switch|p1a: Rillaboom|Rillaboom, M|100/100\n|-fieldstart|move: Grassy Terrain|[from] ability: Grassy Surge|[of] p1a: Rillaboom\n|turn|3\n|\n|t:|1783810030\n|move|p2a: Iron Treads|Rapid Spin|p1a: Rillaboom\n|-damage|p1a: Rillaboom|86/100\n|-boost|p2a: Iron Treads|spe|1\n|-sideend|p2: grubbs 4 president|Stealth Rock|[from] move: Rapid Spin|[of] p2a: Iron Treads\n|move|p1a: Rillaboom|U-turn|p2a: Iron Treads\n|-resisted|p2a: Iron Treads\n|-crit|p2a: Iron Treads\n|-damage|p2a: Iron Treads|77/100\n|\n|t:|1783810033\n|switch|p1a: Hawlucha|Hawlucha, M|100/100|[from] U-turn\n|-enditem|p1a: Hawlucha|Grassy Seed\n|-boost|p1a: Hawlucha|def|1|[from] item: Grassy Seed\n|\n|-weather|RainDance|[upkeep]\n|-heal|p2a: Iron Treads|83/100|[from] Grassy Terrain\n|upkeep\n|turn|4\n|\n|t:|1783810037\n|move|p2a: Iron Treads|Stealth Rock|p1a: Hawlucha\n|-sidestart|p1: Slawman117|move: Stealth Rock\n|move|p1a: Hawlucha|Swords Dance|p1a: Hawlucha\n|-boost|p1a: Hawlucha|atk|2\n|\n|-weather|RainDance|[upkeep]\n|-heal|p2a: Iron Treads|90/100|[from] Grassy Terrain\n|upkeep\n|turn|5\n|\n|t:|1783810041\n|move|p2a: Iron Treads|Knock Off|p1a: Hawlucha\n|-resisted|p1a: Hawlucha\n|-damage|p1a: Hawlucha|93/100\n|move|p1a: Hawlucha|Close Combat|p2a: Iron Treads\n|-supereffective|p2a: Iron Treads\n|-damage|p2a: Iron Treads|0 fnt\n|-unboost|p1a: Hawlucha|def|1\n|-unboost|p1a: Hawlucha|spd|1\n|faint|p2a: Iron Treads\n|-end|p2a: Iron Treads|Quark Drive|[silent]\n|\n|-weather|RainDance|[upkeep]\n|upkeep\n|\n|t:|1783810047\n|switch|p2a: Raging Bolt|Raging Bolt|100/100\n|-enditem|p2a: Raging Bolt|Booster Energy\n|-activate|p2a: Raging Bolt|ability: Protosynthesis|[fromitem]\n|-start|p2a: Raging Bolt|protosynthesisspa\n|turn|6\n|\n|t:|1783810052\n|-terastallize|p1a: Hawlucha|Fire\n|move|p2a: Raging Bolt|Thunderclap|p1a: Hawlucha\n|-damage|p1a: Hawlucha|0 fnt\n|faint|p1a: Hawlucha\n|\n|-weather|RainDance|[upkeep]\n|upkeep\n|\n|t:|1783810058\n|switch|p1a: Great Tusk|Great Tusk|100/100\n|turn|7\n|\n|t:|1783810061\n|-terastallize|p2a: Raging Bolt|Fairy\n|move|p1a: Great Tusk|Rapid Spin|p2a: Raging Bolt\n|-damage|p2a: Raging Bolt|84/100\n|-boost|p1a: Great Tusk|spe|1\n|-sideend|p1: Slawman117|Stealth Rock|[from] move: Rapid Spin|[of] p1a: Great Tusk\n|move|p2a: Raging Bolt|Weather Ball|p1a: Great Tusk\n|-supereffective|p1a: Great Tusk\n|-damage|p1a: Great Tusk|0 fnt\n|faint|p1a: Great Tusk\n|-end|p1a: Great Tusk|Protosynthesis|[silent]\n|\n|-weather|RainDance|[upkeep]\n|-heal|p2a: Raging Bolt|90/100|[from] Grassy Terrain\n|-fieldend|move: Grassy Terrain\n|upkeep\n|c|☆grubbs 4 president|soooo\n|c|☆grubbs 4 president|gg?\n|\n|t:|1783810074\n|switch|p1a: Goodra|Goodra-Hisui, F|100/100\n|turn|8\n|\n|t:|1783810085\n|-end|p2a: Raging Bolt|Protosynthesis|[silent]\n|switch|p2a: Overqwil|Overqwil, M|100/100\n|move|p1a: Goodra|Curse|p1a: Goodra\n|-unboost|p1a: Goodra|spe|1\n|-boost|p1a: Goodra|atk|1\n|-boost|p1a: Goodra|def|1\n|\n|-weather|none\n|upkeep\n|turn|9\n|\n|t:|1783810091\n|switch|p2a: Pelipper|Pelipper, M|1/100\n|-weather|RainDance|[from] ability: Drizzle|[of] p2a: Pelipper\n|move|p1a: Goodra|Curse|p1a: Goodra\n|-unboost|p1a: Goodra|spe|1\n|-boost|p1a: Goodra|atk|1\n|-boost|p1a: Goodra|def|1\n|\n|-weather|RainDance|[upkeep]\n|upkeep\n|turn|10\n|\n|t:|1783810095\n|move|p2a: Pelipper|Weather Ball|p1a: Goodra\n|-resisted|p1a: Goodra\n|-damage|p1a: Goodra|85/100\n|move|p1a: Goodra|Curse|p1a: Goodra\n|-unboost|p1a: Goodra|spe|1\n|-boost|p1a: Goodra|atk|1\n|-boost|p1a: Goodra|def|1\n|\n|-weather|RainDance|[upkeep]\n|upkeep\n|turn|11\n|\n|t:|1783810100\n|move|p2a: Pelipper|Weather Ball|p1a: Goodra\n|-resisted|p1a: Goodra\n|-damage|p1a: Goodra|70/100\n|move|p1a: Goodra|Gyro Ball|p2a: Pelipper\n|-resisted|p2a: Pelipper\n|-damage|p2a: Pelipper|0 fnt\n|faint|p2a: Pelipper\n|\n|-weather|RainDance|[upkeep]\n|upkeep\n|\n|t:|1783810102\n|switch|p2a: Manaphy|Manaphy|100/100\n|turn|12\n|\n|t:|1783810108\n|move|p2a: Manaphy|Ice Beam|p1a: Goodra\n|-damage|p1a: Goodra|53/100\n|move|p1a: Goodra|Body Press|p2a: Manaphy\n|-damage|p2a: Manaphy|37/100\n|\n|-weather|RainDance|[upkeep]\n|upkeep\n|turn|13\n|\n|t:|1783810113\n|move|p2a: Manaphy|Ice Beam|p1a: Goodra\n|-damage|p1a: Goodra|35/100\n|move|p1a: Goodra|Body Press|p2a: Manaphy\n|-damage|p2a: Manaphy|0 fnt\n|faint|p2a: Manaphy\n|\n|-weather|RainDance|[upkeep]\n|upkeep\n|\n|t:|1783810118\n|switch|p2a: Raging Bolt|Raging Bolt, tera:Fairy|90/100\n|turn|14\n|\n|t:|1783810122\n|move|p2a: Raging Bolt|Dragon Pulse|p1a: Goodra\n|-damage|p1a: Goodra|1/100\n|move|p1a: Goodra|Rest|p1a: Goodra\n|-status|p1a: Goodra|slp|[from] move: Rest\n|-heal|p1a: Goodra|100/100 slp|[silent]\n|-enditem|p1a: Goodra|Chesto Berry|[eat]\n|-curestatus|p1a: Goodra|slp|[msg]\n|\n|-weather|RainDance|[upkeep]\n|upkeep\n|turn|15\n|c|☆Slawman117|so gg?\n|\n|t:|1783810131\n|move|p2a: Raging Bolt|Dragon Pulse|p1a: Goodra\n|-damage|p1a: Goodra|69/100\n|move|p1a: Goodra|Gyro Ball|p2a: Raging Bolt\n|-supereffective|p2a: Raging Bolt\n|-damage|p2a: Raging Bolt|0 fnt\n|faint|p2a: Raging Bolt\n|-end|p2a: Raging Bolt|Protosynthesis|[silent]\n|\n|-weather|RainDance|[upkeep]\n|upkeep\n|\n|t:|1783810135\n|switch|p2a: Overqwil|Overqwil, M|100/100\n|turn|16\n|\n|t:|1783810140\n|move|p2a: Overqwil|Swords Dance|p2a: Overqwil\n|-boost|p2a: Overqwil|atk|2\n|move|p1a: Goodra|Body Press|p2a: Overqwil\n|-damage|p2a: Overqwil|32/100\n|\n|-weather|none\n|upkeep\n|turn|17\n|\n|t:|1783810146\n|move|p2a: Overqwil|Crunch|p1a: Goodra\n|-damage|p1a: Goodra|42/100\n|-damage|p2a: Overqwil|22/100|[from] item: Life Orb\n|move|p1a: Goodra|Body Press|p2a: Overqwil\n|-damage|p2a: Overqwil|0 fnt\n|faint|p2a: Overqwil\n|\n|upkeep\n|\n|t:|1783810148\n|switch|p2a: Bruxish|Bruxish, F|100/100\n|turn|18\n|c|☆Slawman117|gg?\n|-message|grubbs 4 president forfeited.\n|\n|win|Slawman117\n|raw|Slawman117's rating: 1258 &rarr; <strong>1290</strong><br />(+32 for winning)\n|raw|grubbs 4 president's rating: 1357 &rarr; <strong>1331</strong><br />(-26 for losing)\n|l|☆grubbs 4 president\n|player|p2|\n|c|☆Slawman117|eh bud?\n|l|☆Slawman117\n|player|p1|\n", "uploadtime": 1783810525, "views": 3, "formatid": "gen9ou", "rating": 1290, "private": 0, "password": null}