{"id": "gen9ou-2639313036", "format": "[Gen 9] OU", "players": ["msean3", "abhii.g"], "log": "|j|‽msean3\n|j|☆abhii.g\n|t:|1782451096\n|gametype|singles\n|player|p1|msean3|101|1537\n|player|p2|abhii.g|benga|1614\n|gen|9\n|tier|[Gen 9] OU\n|rated|\n|rule|HP Percentage Mod: HP is shown in percentages\n|rule|Endless Battle Clause: Forcing endless battles is banned\n|rule|Species Clause: Limit one of each Pokémon\n|rule|OHKO Clause: OHKO moves are banned\n|rule|Evasion Items Clause: Evasion items are banned\n|rule|Evasion Moves Clause: Evasion moves are banned\n|rule|Evasion Abilities Clause: Evasion abilities are banned\n|rule|Sleep Moves Clause: Sleep-inducing moves are banned\n|clearpoke\n|poke|p1|Iron Valiant|\n|poke|p1|Excadrill, M|\n|poke|p1|Tyranitar, F|\n|poke|p1|Tornadus-Therian, M|\n|poke|p1|Ogerpon-Cornerstone, F|\n|poke|p1|Toxapex, M|\n|poke|p2|Raging Bolt|\n|poke|p2|Alomomola, M|\n|poke|p2|Hatterene, F|\n|poke|p2|Lokix, M|\n|poke|p2|Great Tusk|\n|poke|p2|Heatran, M|\n|teampreview\n|inactive|Battle timer is ON: inactive players will automatically lose when time's up. (requested by abhii.g)\n|\n|t:|1782451129\n|teamsize|p1|6\n|teamsize|p2|6\n|start\n|switch|p1a: Iron Valiant|Iron Valiant|100/100\n|switch|p2a: Lokix|Lokix, M, shiny|100/100\n|turn|1\n|\n|t:|1782451134\n|switch|p2a: Gyatterene|Hatterene, F, shiny|100/100\n|move|p1a: Iron Valiant|Moonblast|p2a: Gyatterene\n|-damage|p2a: Gyatterene|65/100\n|\n|upkeep\n|turn|2\n|\n|t:|1782451139\n|-end|p1a: Iron Valiant|Quark Drive|[silent]\n|switch|p1a: Toxapex|Toxapex, M|100/100\n|move|p2a: Gyatterene|Future Sight|p1a: Toxapex\n|-start|p2a: Gyatterene|move: Future Sight\n|\n|upkeep\n|turn|3\n|\n|t:|1782451144\n|move|p2a: Gyatterene|Psychic Noise|p1a: Toxapex\n|-supereffective|p1a: Toxapex\n|-damage|p1a: Toxapex|51/100\n|-start|p1a: Toxapex|move: Heal Block\n|-enditem|p1a: Toxapex|Eject Button\n|\n|t:|1782451151\n|switch|p1a: Excadrill|Excadrill, M|100/100\n|\n|upkeep\n|turn|4\n|\n|t:|1782451156\n|switch|p2a: Luvdisk|Alomomola, M|100/100\n|move|p1a: Excadrill|Substitute|p1a: Excadrill\n|-start|p1a: Excadrill|Substitute\n|-damage|p1a: Excadrill|76/100\n|\n|-end|p1a: Excadrill|move: Future Sight\n|-resisted|p1a: Excadrill\n|-end|p1a: Excadrill|Substitute\n|-heal|p1a: Excadrill|82/100|[from] item: Leftovers\n|upkeep\n|turn|5\n|\n|t:|1782451162\n|switch|p1a: Tornadus|Tornadus-Therian, M|100/100\n|move|p2a: Luvdisk|Flip Turn|p1a: Tornadus\n|-damage|p1a: Tornadus|78/100\n|\n|t:|1782451167\n|switch|p2a: U dropping neck?|Raging Bolt|100/100|[from] Flip Turn\n|\n|upkeep\n|turn|6\n|\n|t:|1782451180\n|switch|p1a: Tyranitar|Tyranitar, F|100/100\n|-weather|Sandstorm|[from] ability: Sand Stream|[of] p1a: Tyranitar\n|move|p2a: U dropping neck?|Volt Switch|p1a: Tyranitar\n|-damage|p1a: Tyranitar|77/100\n|\n|t:|1782451187\n|-end|p2a: U dropping neck?|Protosynthesis|[silent]\n|switch|p2a: Lokix|Lokix, M, shiny|100/100|[from] Volt Switch\n|\n|-weather|Sandstorm|[upkeep]\n|-damage|p2a: Lokix|94/100|[from] Sandstorm\n|upkeep\n|turn|7\n|\n|t:|1782451197\n|switch|p1a: Toxapex|Toxapex, M|84/100\n|move|p2a: Lokix|U-turn|p1a: Toxapex\n|-resisted|p1a: Toxapex\n|-damage|p1a: Toxapex|45/100\n|\n|t:|1782451204\n|switch|p2a: U dropping neck?|Raging Bolt|100/100|[from] U-turn\n|\n|-weather|Sandstorm|[upkeep]\n|-damage|p2a: U dropping neck?|94/100|[from] Sandstorm\n|-damage|p1a: Toxapex|39/100|[from] Sandstorm\n|upkeep\n|turn|8\n|\n|t:|1782451218\n|switch|p1a: Excadrill|Excadrill, M|82/100\n|move|p2a: U dropping neck?|Draco Meteor|p1a: Excadrill\n|-resisted|p1a: Excadrill\n|-damage|p1a: Excadrill|31/100\n|-unboost|p2a: U dropping neck?|spa|2\n|\n|-weather|Sandstorm|[upkeep]\n|-damage|p2a: U dropping neck?|88/100|[from] Sandstorm\n|-heal|p1a: Excadrill|37/100|[from] item: Leftovers\n|upkeep\n|turn|9\n|\n|t:|1782451226\n|-end|p2a: U dropping neck?|Protosynthesis|[silent]\n|switch|p2a: Luvdisk|Alomomola, M|100/100\n|-terastallize|p1a: Excadrill|Ground\n|move|p1a: Excadrill|Earthquake|p2a: Luvdisk\n|-damage|p2a: Luvdisk|57/100\n|-enditem|p2a: Luvdisk|Eject Button\n|\n|t:|1782451234\n|switch|p2a: Lokix|Lokix, M, shiny|94/100\n|\n|-weather|Sandstorm|[upkeep]\n|-damage|p2a: Lokix|88/100|[from] Sandstorm\n|-heal|p1a: Excadrill|43/100|[from] item: Leftovers\n|upkeep\n|turn|10\n|\n|t:|1782451244\n|move|p2a: Lokix|First Impression|p1a: Excadrill\n|-damage|p1a: Excadrill|0 fnt\n|faint|p1a: Excadrill\n|\n|-weather|Sandstorm|[upkeep]\n|-damage|p2a: Lokix|82/100|[from] Sandstorm\n|upkeep\n|\n|t:|1782451249\n|switch|p1a: Ogerpon|Ogerpon-Cornerstone, F|100/100\n|turn|11\n|\n|t:|1782451256\n|switch|p2a: Heatran|Heatran, M|100/100\n|move|p1a: Ogerpon|Ivy Cudgel|p2a: Heatran|[anim] Ivy Cudgel Rock\n|-damage|p2a: Heatran|61/100\n|\n|-weather|Sandstorm|[upkeep]\n|-heal|p2a: Heatran|68/100|[from] item: Leftovers\n|upkeep\n|turn|12\n|\n|t:|1782451264\n|move|p1a: Ogerpon|Low Kick|p2a: Heatran\n|-supereffective|p2a: Heatran\n|-damage|p2a: Heatran|0 fnt\n|faint|p2a: Heatran\n|\n|-weather|Sandstorm|[upkeep]\n|upkeep\n|\n|t:|1782451269\n|switch|p2a: U dropping neck?|Raging Bolt|88/100\n|turn|13\n|\n|t:|1782451273\n|switch|p1a: Iron Valiant|Iron Valiant|100/100\n|move|p2a: U dropping neck?|Volt Switch|p1a: Iron Valiant\n|-damage|p1a: Iron Valiant|39/100\n|\n|t:|1782451279\n|-end|p2a: U dropping neck?|Protosynthesis|[silent]\n|switch|p2a: Gyatterene|Hatterene, F, shiny|65/100|[from] Volt Switch\n|\n|-weather|none\n|upkeep\n|turn|14\n|\n|t:|1782451283\n|-end|p1a: Iron Valiant|Quark Drive|[silent]\n|switch|p1a: Tyranitar|Tyranitar, F|77/100\n|-weather|Sandstorm|[from] ability: Sand Stream|[of] p1a: Tyranitar\n|move|p2a: Gyatterene|Future Sight|p1a: Tyranitar\n|-start|p2a: Gyatterene|move: Future Sight\n|\n|-weather|Sandstorm|[upkeep]\n|-damage|p2a: Gyatterene|59/100|[from] Sandstorm\n|upkeep\n|turn|15\n|\n|t:|1782451290\n|switch|p2a: Luvdisk|Alomomola, M|90/100\n|move|p1a: Tyranitar|Ice Punch|p2a: Luvdisk\n|-resisted|p2a: Luvdisk\n|-damage|p2a: Luvdisk|82/100\n|\n|-weather|Sandstorm|[upkeep]\n|-damage|p2a: Luvdisk|76/100|[from] Sandstorm\n|upkeep\n|turn|16\n|\n|t:|1782451298\n|move|p1a: Tyranitar|Stealth Rock|p2a: Luvdisk\n|-sidestart|p2: abhii.g|move: Stealth Rock\n|move|p2a: Luvdisk|Flip Turn|p1a: Tyranitar\n|-supereffective|p1a: Tyranitar\n|-damage|p1a: Tyranitar|45/100\n|\n|t:|1782451302\n|switch|p2a: Manfred|Great Tusk|100/100|[from] Flip Turn\n|-damage|p2a: Manfred|98/100|[from] Stealth Rock\n|\n|-weather|Sandstorm|[upkeep]\n|-end|p1a: Tyranitar|move: Future Sight\n|-immune|p1a: Tyranitar\n|upkeep\n|turn|17\n|\n|t:|1782451315\n|move|p2a: Manfred|Rapid Spin|p1a: Tyranitar\n|-resisted|p1a: Tyranitar\n|-damage|p1a: Tyranitar|38/100\n|-boost|p2a: Manfred|spe|1\n|-sideend|p2: abhii.g|Stealth Rock|[from] move: Rapid Spin|[of] p2a: Manfred\n|move|p1a: Tyranitar|Ice Punch|p2a: Manfred\n|-supereffective|p2a: Manfred\n|-damage|p2a: Manfred|54/100\n|\n|-weather|Sandstorm|[upkeep]\n|upkeep\n|turn|18\n|\n|t:|1782451321\n|move|p2a: Manfred|Close Combat|p1a: Tyranitar\n|-supereffective|p1a: Tyranitar\n|-damage|p1a: Tyranitar|0 fnt\n|-unboost|p2a: Manfred|def|1\n|-unboost|p2a: Manfred|spd|1\n|faint|p1a: Tyranitar\n|\n|-weather|Sandstorm|[upkeep]\n|upkeep\n|\n|t:|1782451323\n|switch|p1a: Iron Valiant|Iron Valiant|39/100\n|turn|19\n|\n|t:|1782451327\n|-end|p2a: Manfred|Protosynthesis|[silent]\n|switch|p2a: Gyatterene|Hatterene, F, shiny|59/100\n|move|p1a: Iron Valiant|Vacuum Wave|p2a: Gyatterene\n|-resisted|p2a: Gyatterene\n|-damage|p2a: Gyatterene|55/100\n|\n|-weather|Sandstorm|[upkeep]\n|-damage|p1a: Iron Valiant|33/100|[from] Sandstorm\n|-damage|p2a: Gyatterene|49/100|[from] Sandstorm\n|upkeep\n|turn|20\n|\n|t:|1782451352\n|-end|p1a: Iron Valiant|Quark Drive|[silent]\n|switch|p1a: Tornadus|Tornadus-Therian, M|100/100\n|move|p2a: Gyatterene|Future Sight|p1a: Tornadus\n|-start|p2a: Gyatterene|move: Future Sight\n|\n|-weather|Sandstorm|[upkeep]\n|-damage|p1a: Tornadus|94/100|[from] Sandstorm\n|-damage|p2a: Gyatterene|43/100|[from] Sandstorm\n|upkeep\n|turn|21\n|\n|t:|1782451356\n|move|p1a: Tornadus|Bleakwind Storm|p2a: Gyatterene\n|-damage|p2a: Gyatterene|6/100\n|move|p2a: Gyatterene|Nuzzle|p1a: Tornadus\n|-supereffective|p1a: Tornadus\n|-damage|p1a: Tornadus|83/100\n|-status|p1a: Tornadus|par\n|\n|-weather|none\n|upkeep\n|turn|22\n|\n|t:|1782451366\n|move|p1a: Tornadus|Bleakwind Storm|p2a: Gyatterene\n|-damage|p2a: Gyatterene|0 fnt\n|faint|p2a: Gyatterene\n|\n|-end|p1a: Tornadus|move: Future Sight\n|-damage|p1a: Tornadus|21/100 par\n|upkeep\n|\n|t:|1782451369\n|switch|p2a: U dropping neck?|Raging Bolt|88/100\n|turn|23\n|\n|t:|1782451376\n|move|p2a: U dropping neck?|Thunderbolt|p1a: Tornadus\n|-supereffective|p1a: Tornadus\n|-damage|p1a: Tornadus|0 fnt\n|faint|p1a: Tornadus\n|\n|upkeep\n|\n|t:|1782451383\n|switch|p1a: Iron Valiant|Iron Valiant|33/100\n|turn|24\n|\n|t:|1782451386\n|move|p1a: Iron Valiant|Vacuum Wave|p2a: U dropping neck?\n|-damage|p2a: U dropping neck?|61/100\n|move|p2a: U dropping neck?|Thunderbolt|p1a: Iron Valiant\n|-damage|p1a: Iron Valiant|0 fnt\n|faint|p1a: Iron Valiant\n|-end|p1a: Iron Valiant|Quark Drive|[silent]\n|\n|upkeep\n|\n|t:|1782451392\n|switch|p1a: Ogerpon|Ogerpon-Cornerstone, F|100/100\n|turn|25\n|\n|t:|1782451394\n|move|p2a: U dropping neck?|Thunderbolt|p1a: Ogerpon\n|-resisted|p1a: Ogerpon\n|-damage|p1a: Ogerpon|71/100\n|move|p1a: Ogerpon|Ivy Cudgel|p2a: U dropping neck?|[anim] Ivy Cudgel Rock\n|-damage|p2a: U dropping neck?|3/100\n|\n|upkeep\n|turn|26\n|\n|t:|1782451401\n|-end|p2a: U dropping neck?|Protosynthesis|[silent]\n|switch|p2a: Luvdisk|Alomomola, M|100/100\n|move|p1a: Ogerpon|Ivy Cudgel|p2a: Luvdisk|[anim] Ivy Cudgel Rock\n|-damage|p2a: Luvdisk|64/100\n|\n|upkeep\n|turn|27\n|\n|t:|1782451409\n|move|p1a: Ogerpon|Power Whip|p2a: Luvdisk\n|-supereffective|p2a: Luvdisk\n|-damage|p2a: Luvdisk|0 fnt\n|faint|p2a: Luvdisk\n|\n|upkeep\n|\n|t:|1782451412\n|switch|p2a: Lokix|Lokix, M, shiny|82/100\n|turn|28\n|\n|t:|1782451415\n|-terastallize|p2a: Lokix|Bug\n|move|p2a: Lokix|First Impression|p1a: Ogerpon\n|-supereffective|p1a: Ogerpon\n|-damage|p1a: Ogerpon|0 fnt\n|faint|p1a: Ogerpon\n|\n|upkeep\n|-message|msean3 forfeited.\n|\n|win|abhii.g\n|raw|msean3's rating: 1537 &rarr; <strong>1521</strong><br />(-16 for losing)\n|raw|abhii.g's rating: 1614 &rarr; <strong>1630</strong><br />(+16 for winning)\n|l|‽msean3\n|player|p1|\n|l|☆abhii.g\n|player|p2|\n", "uploadtime": 1782451422, "views": 10, "formatid": "gen9ou", "rating": 1521, "private": 0, "password": null}