{"id": "gen9ou-2639194675", "format": "[Gen 9] OU", "players": ["thepeakmons", "Throt"], "log": "|j|☆thepeakmons\n|j|☆Throt\n|t:|1782432267\n|gametype|singles\n|player|p1|thepeakmons|101|1153\n|player|p2|Throt|102|1184\n|gen|9\n|tier|[Gen 9] OU\n|rated|\n|rule|HP Percentage Mod: HP is shown in percentages\n|rule|Endless Battle Clause: Forcing endless battles is banned\n|rule|Species Clause: Limit one of each Pokémon\n|rule|OHKO Clause: OHKO moves are banned\n|rule|Evasion Items Clause: Evasion items are banned\n|rule|Evasion Moves Clause: Evasion moves are banned\n|rule|Evasion Abilities Clause: Evasion abilities are banned\n|rule|Sleep Moves Clause: Sleep-inducing moves are banned\n|clearpoke\n|poke|p1|Dondozo, M|\n|poke|p1|Clodsire, M|\n|poke|p1|Corviknight, F|\n|poke|p1|Slowking-Galar, M|\n|poke|p1|Gholdengo|\n|poke|p1|Garganacl, F|\n|poke|p2|Great Tusk|\n|poke|p2|Landorus-Therian, M|\n|poke|p2|Gholdengo|\n|poke|p2|Dragapult, M|\n|poke|p2|Ogerpon-Wellspring, F|\n|poke|p2|Iron Valiant|\n|teampreview\n|inactive|Battle timer is ON: inactive players will automatically lose when time's up. (requested by thepeakmons)\n|\n|t:|1782432286\n|teamsize|p1|6\n|teamsize|p2|6\n|start\n|switch|p1a: Clodsire|Clodsire, M|100/100\n|switch|p2a: Landorus|Landorus-Therian, M|100/100\n|-ability|p2a: Landorus|Intimidate|boost\n|-unboost|p1a: Clodsire|atk|1\n|turn|1\n|\n|t:|1782432312\n|switch|p1a: Corviknight|Corviknight, F|100/100\n|-ability|p1a: Corviknight|Pressure\n|move|p2a: Landorus|Taunt|p1a: Corviknight\n|-start|p1a: Corviknight|move: Taunt\n|\n|upkeep\n|turn|2\n|\n|t:|1782432323\n|move|p2a: Landorus|Stealth Rock|p1a: Corviknight\n|-sidestart|p1: thepeakmons|move: Stealth Rock\n|move|p1a: Corviknight|Brave Bird|p2a: Landorus\n|-damage|p2a: Landorus|65/100\n|-damage|p1a: Corviknight|84/100|[from] item: Rocky Helmet|[of] p2a: Landorus\n|-damage|p1a: Corviknight|73/100|[from] Recoil\n|\n|upkeep\n|turn|3\n|\n|t:|1782432333\n|move|p2a: Landorus|U-turn|p1a: Corviknight\n|-resisted|p1a: Corviknight\n|-damage|p1a: Corviknight|69/100\n|\n|t:|1782432344\n|switch|p2a: Great Tusk|Great Tusk|100/100|[from] U-turn\n|move|p1a: Corviknight|U-turn|p2a: Great Tusk\n|-resisted|p2a: Great Tusk\n|-damage|p2a: Great Tusk|95/100\n|\n|t:|1782432351\n|switch|p1a: Dondozo|Dondozo, M|100/100|[from] U-turn\n|\n|upkeep\n|turn|4\n|\n|t:|1782432372\n|-end|p2a: Great Tusk|Protosynthesis|[silent]\n|switch|p2a: Ogerpon|Ogerpon-Wellspring, F|100/100\n|move|p1a: Dondozo|Wave Crash|p2a: Ogerpon\n|-immune|p2a: Ogerpon|[from] ability: Water Absorb\n|\n|upkeep\n|turn|5\n|\n|t:|1782432390\n|move|p2a: Ogerpon|Knock Off|p1a: Dondozo\n|-damage|p1a: Dondozo|85/100\n|-enditem|p1a: Dondozo|Heavy-Duty Boots|[from] move: Knock Off|[of] p2a: Ogerpon\n|move|p1a: Dondozo|Body Press|p2a: Ogerpon\n|-damage|p2a: Ogerpon|66/100\n|\n|upkeep\n|turn|6\n|\n|t:|1782432402\n|move|p2a: Ogerpon|Power Whip|p1a: Dondozo\n|-supereffective|p1a: Dondozo\n|-damage|p1a: Dondozo|26/100\n|move|p1a: Dondozo|Curse|p1a: Dondozo\n|-unboost|p1a: Dondozo|spe|1\n|-boost|p1a: Dondozo|atk|1\n|-boost|p1a: Dondozo|def|1\n|\n|upkeep\n|turn|7\n|\n|t:|1782432418\n|move|p2a: Ogerpon|Power Whip|p1a: Dondozo\n|-supereffective|p1a: Dondozo\n|-damage|p1a: Dondozo|0 fnt\n|faint|p1a: Dondozo\n|\n|upkeep\n|\n|t:|1782432428\n|switch|p1a: Gholdengo|Gholdengo|100/100\n|turn|8\n|\n|t:|1782432445\n|move|p2a: Ogerpon|U-turn|p1a: Gholdengo\n|-resisted|p1a: Gholdengo\n|-damage|p1a: Gholdengo|96/100\n|\n|t:|1782432459\n|switch|p2a: Landorus|Landorus-Therian, M|65/100|[from] U-turn\n|-ability|p2a: Landorus|Intimidate|boost\n|-unboost|p1a: Gholdengo|atk|1\n|move|p1a: Gholdengo|Nasty Plot|p1a: Gholdengo\n|-boost|p1a: Gholdengo|spa|2\n|\n|upkeep\n|turn|9\n|\n|t:|1782432468\n|switch|p1a: Corviknight|Corviknight, F|69/100\n|-ability|p1a: Corviknight|Pressure\n|move|p2a: Landorus|Earthquake|p1a: Corviknight\n|-immune|p1a: Corviknight\n|\n|upkeep\n|turn|10\n|\n|t:|1782432478\n|move|p2a: Landorus|Taunt|p1a: Corviknight\n|-start|p1a: Corviknight|move: Taunt\n|move|p1a: Corviknight|U-turn|p2a: Landorus\n|-resisted|p2a: Landorus\n|-damage|p2a: Landorus|57/100\n|-damage|p1a: Corviknight|53/100|[from] item: Rocky Helmet|[of] p2a: Landorus\n|\n|t:|1782432484\n|switch|p1a: Gholdengo|Gholdengo|96/100|[from] U-turn\n|\n|upkeep\n|turn|11\n|\n|t:|1782432491\n|switch|p1a: Corviknight|Corviknight, F|53/100\n|-ability|p1a: Corviknight|Pressure\n|move|p2a: Landorus|Earthquake|p1a: Corviknight\n|-immune|p1a: Corviknight\n|\n|upkeep\n|turn|12\n|\n|t:|1782432502\n|move|p2a: Landorus|U-turn|p1a: Corviknight\n|-resisted|p1a: Corviknight\n|-damage|p1a: Corviknight|50/100\n|\n|t:|1782432522\n|switch|p2a: Ogerpon|Ogerpon-Wellspring, F|66/100|[from] U-turn\n|move|p1a: Corviknight|Roost|p1a: Corviknight\n|-heal|p1a: Corviknight|99/100\n|-singleturn|p1a: Corviknight|move: Roost\n|\n|upkeep\n|turn|13\n|\n|t:|1782432533\n|move|p2a: Ogerpon|Knock Off|p1a: Corviknight\n|-crit|p1a: Corviknight\n|-damage|p1a: Corviknight|66/100\n|-enditem|p1a: Corviknight|Heavy-Duty Boots|[from] move: Knock Off|[of] p2a: Ogerpon\n|move|p1a: Corviknight|Brave Bird|p2a: Ogerpon\n|-supereffective|p2a: Ogerpon\n|-damage|p2a: Ogerpon|0 fnt\n|faint|p2a: Ogerpon\n|-damage|p1a: Corviknight|50/100|[from] Recoil\n|\n|upkeep\n|inactive|Throt has 120 seconds left.\n|\n|t:|1782432552\n|switch|p2a: Dragapult|Dragapult, M|100/100\n|turn|14\n|inactive|Throt has 120 seconds left.\n|\n|t:|1782432562\n|move|p2a: Dragapult|Thunder Wave|p1a: Corviknight\n|-status|p1a: Corviknight|par\n|move|p1a: Corviknight|Roost|p1a: Corviknight\n|-heal|p1a: Corviknight|99/100 par\n|-singleturn|p1a: Corviknight|move: Roost\n|\n|upkeep\n|turn|15\n|\n|t:|1782432574\n|move|p2a: Dragapult|Hex|p1a: Corviknight\n|-damage|p1a: Corviknight|42/100 par\n|move|p1a: Corviknight|U-turn|p2a: Dragapult\n|-resisted|p2a: Dragapult\n|-damage|p2a: Dragapult|90/100\n|\n|t:|1782432595\n|switch|p1a: Gholdengo|Gholdengo|96/100|[from] U-turn\n|\n|upkeep\n|turn|16\n|inactive|thepeakmons has 120 seconds left.\n|\n|t:|1782432612\n|move|p2a: Dragapult|U-turn|p1a: Gholdengo\n|-resisted|p1a: Gholdengo\n|-damage|p1a: Gholdengo|93/100\n|\n|t:|1782432616\n|switch|p2a: Great Tusk|Great Tusk|95/100|[from] U-turn\n|move|p1a: Gholdengo|Make It Rain|p2a: Great Tusk\n|-damage|p2a: Great Tusk|14/100\n|-unboost|p1a: Gholdengo|spa|1\n|\n|upkeep\n|turn|17\n|inactive|thepeakmons has 120 seconds left.\n|\n|t:|1782432634\n|switch|p1a: Corviknight|Corviknight, F|42/100 par\n|-damage|p1a: Corviknight|30/100 par|[from] Stealth Rock\n|-ability|p1a: Corviknight|Pressure\n|move|p2a: Great Tusk|Knock Off|p1a: Corviknight\n|-damage|p1a: Corviknight|16/100 par\n|\n|upkeep\n|turn|18\n|inactive|thepeakmons has 120 seconds left.\n|\n|t:|1782432659\n|switch|p1a: Clodsire|Clodsire, M|100/100\n|move|p2a: Great Tusk|Ice Spinner|p1a: Clodsire\n|-supereffective|p1a: Clodsire\n|-damage|p1a: Clodsire|41/100\n|\n|upkeep\n|turn|19\n|\n|t:|1782432676\n|switch|p1a: Corviknight|Corviknight, F|16/100 par\n|-damage|p1a: Corviknight|4/100 par|[from] Stealth Rock\n|-ability|p1a: Corviknight|Pressure\n|move|p2a: Great Tusk|Ice Spinner|p1a: Corviknight\n|-damage|p1a: Corviknight|0 fnt\n|faint|p1a: Corviknight\n|\n|upkeep\n|inactive|thepeakmons has 90 seconds left.\n|\n|t:|1782432698\n|switch|p1a: Gholdengo|Gholdengo|93/100\n|turn|20\n|inactive|thepeakmons has 90 seconds left.\n|\n|t:|1782432716\n|move|p2a: Great Tusk|Headlong Rush|p1a: Gholdengo\n|-supereffective|p1a: Gholdengo\n|-damage|p1a: Gholdengo|0 fnt\n|-unboost|p2a: Great Tusk|def|1\n|-unboost|p2a: Great Tusk|spd|1\n|faint|p1a: Gholdengo\n|\n|upkeep\n|\n|t:|1782432728\n|switch|p1a: Garganacl|Garganacl, F|100/100\n|-damage|p1a: Garganacl|88/100|[from] Stealth Rock\n|turn|21\n|\n|t:|1782432736\n|move|p1a: Garganacl|Protect|p1a: Garganacl\n|-singleturn|p1a: Garganacl|Protect\n|move|p2a: Great Tusk|Headlong Rush|p1a: Garganacl\n|-activate|p1a: Garganacl|move: Protect\n|\n|-heal|p1a: Garganacl|94/100|[from] item: Leftovers\n|upkeep\n|turn|22\n|inactive|thepeakmons has 90 seconds left.\n|\n|t:|1782432747\n|move|p2a: Great Tusk|Headlong Rush|p1a: Garganacl\n|-supereffective|p1a: Garganacl\n|-damage|p1a: Garganacl|25/100\n|-unboost|p2a: Great Tusk|def|1\n|-unboost|p2a: Great Tusk|spd|1\n|move|p1a: Garganacl|Recover|p1a: Garganacl\n|-heal|p1a: Garganacl|75/100\n|\n|-heal|p1a: Garganacl|81/100|[from] item: Leftovers\n|upkeep\n|turn|23\n|inactive|thepeakmons has 90 seconds left.\n|\n|t:|1782432762\n|move|p1a: Garganacl|Protect|p1a: Garganacl\n|-singleturn|p1a: Garganacl|Protect\n|move|p2a: Great Tusk|Headlong Rush|p1a: Garganacl\n|-activate|p1a: Garganacl|move: Protect\n|\n|-heal|p1a: Garganacl|87/100|[from] item: Leftovers\n|upkeep\n|turn|24\n|inactive|thepeakmons has 90 seconds left.\n|\n|t:|1782432783\n|move|p2a: Great Tusk|Knock Off|p1a: Garganacl\n|-damage|p1a: Garganacl|69/100\n|-enditem|p1a: Garganacl|Leftovers|[from] move: Knock Off|[of] p2a: Great Tusk\n|move|p1a: Garganacl|Recover|p1a: Garganacl\n|-heal|p1a: Garganacl|100/100\n|\n|upkeep\n|turn|25\n|\n|t:|1782432797\n|-end|p2a: Great Tusk|Protosynthesis|[silent]\n|switch|p2a: Iron Valiant|Iron Valiant|100/100\n|-enditem|p2a: Iron Valiant|Booster Energy\n|-activate|p2a: Iron Valiant|ability: Quark Drive|[fromitem]\n|-start|p2a: Iron Valiant|quarkdrivespe\n|move|p1a: Garganacl|Salt Cure|p2a: Iron Valiant\n|-resisted|p2a: Iron Valiant\n|-damage|p2a: Iron Valiant|92/100\n|-start|p2a: Iron Valiant|Salt Cure\n|\n|-damage|p2a: Iron Valiant|80/100|[from] Salt Cure\n|upkeep\n|turn|26\n|\n|t:|1782432814\n|move|p2a: Iron Valiant|Close Combat|p1a: Garganacl\n|-supereffective|p1a: Garganacl\n|-damage|p1a: Garganacl|44/100\n|-unboost|p2a: Iron Valiant|def|1\n|-unboost|p2a: Iron Valiant|spd|1\n|move|p1a: Garganacl|Salt Cure|p2a: Iron Valiant\n|-resisted|p2a: Iron Valiant\n|-damage|p2a: Iron Valiant|66/100\n|\n|-damage|p2a: Iron Valiant|54/100|[from] Salt Cure\n|upkeep\n|turn|27\n|\n|t:|1782432828\n|move|p1a: Garganacl|Protect|p1a: Garganacl\n|-singleturn|p1a: Garganacl|Protect\n|move|p2a: Iron Valiant|Close Combat|p1a: Garganacl\n|-activate|p1a: Garganacl|move: Protect\n|\n|-damage|p2a: Iron Valiant|41/100|[from] Salt Cure\n|upkeep\n|turn|28\n|\n|t:|1782432841\n|switch|p1a: Slowking|Slowking-Galar, M|100/100\n|move|p2a: Iron Valiant|Close Combat|p1a: Slowking\n|-resisted|p1a: Slowking\n|-damage|p1a: Slowking|87/100\n|-unboost|p2a: Iron Valiant|def|1\n|-unboost|p2a: Iron Valiant|spd|1\n|\n|-damage|p2a: Iron Valiant|29/100|[from] Salt Cure\n|upkeep\n|turn|29\n|\n|t:|1782432856\n|-end|p2a: Iron Valiant|Quark Drive|[silent]\n|switch|p2a: Gholdengo|Gholdengo|100/100\n|-item|p2a: Gholdengo|Air Balloon\n|move|p1a: Slowking|Ice Beam|p2a: Gholdengo\n|-resisted|p2a: Gholdengo\n|-damage|p2a: Gholdengo|88/100\n|-status|p2a: Gholdengo|frz\n|-enditem|p2a: Gholdengo|Air Balloon\n|\n|upkeep\n|turn|30\n|\n|t:|1782432872\n|switch|p1a: Clodsire|Clodsire, M|41/100\n|-curestatus|p2a: Gholdengo|frz|[msg]\n|move|p2a: Gholdengo|Make It Rain|p1a: Clodsire\n|-damage|p1a: Clodsire|6/100\n|-unboost|p2a: Gholdengo|spa|1\n|\n|upkeep\n|turn|31\n|inactive|thepeakmons has 60 seconds left.\n|\n|t:|1782432889\n|switch|p1a: Garganacl|Garganacl, F|44/100\n|-damage|p1a: Garganacl|31/100|[from] Stealth Rock\n|move|p2a: Gholdengo|Make It Rain|p1a: Garganacl\n|-supereffective|p1a: Garganacl\n|-damage|p1a: Garganacl|0 fnt\n|-unboost|p2a: Gholdengo|spa|1\n|faint|p1a: Garganacl\n|\n|upkeep\n|inactive|thepeakmons has 60 seconds left.\n|\n|t:|1782432898\n|switch|p1a: Clodsire|Clodsire, M|6/100\n|turn|32\n|\n|t:|1782432919\n|switch|p2a: Landorus|Landorus-Therian, M|57/100\n|-ability|p2a: Landorus|Intimidate|boost\n|-unboost|p1a: Clodsire|atk|1\n|switch|p1a: Slowking|Slowking-Galar, M|100/100\n|\n|upkeep\n|turn|33\n|\n|t:|1782432935\n|switch|p1a: Clodsire|Clodsire, M|6/100\n|move|p2a: Landorus|Earthquake|p1a: Clodsire\n|-supereffective|p1a: Clodsire\n|-damage|p1a: Clodsire|0 fnt\n|faint|p1a: Clodsire\n|\n|upkeep\n|\n|t:|1782432941\n|switch|p1a: Slowking|Slowking-Galar, M|100/100\n|turn|34\n|\n|t:|1782432949\n|move|p2a: Landorus|Taunt|p1a: Slowking\n|-start|p1a: Slowking|move: Taunt\n|move|p1a: Slowking|Sludge Bomb|p2a: Landorus\n|-resisted|p2a: Landorus\n|-damage|p2a: Landorus|41/100\n|\n|upkeep\n|turn|35\n|\n|t:|1782432955\n|move|p2a: Landorus|Earthquake|p1a: Slowking\n|-supereffective|p1a: Slowking\n|-damage|p1a: Slowking|8/100\n|move|p1a: Slowking|Ice Beam|p2a: Landorus\n|-supereffective|p2a: Landorus\n|-damage|p2a: Landorus|0 fnt\n|faint|p2a: Landorus\n|\n|upkeep\n|\n|t:|1782432967\n|switch|p2a: Dragapult|Dragapult, M|90/100\n|turn|36\n|inactive|thepeakmons has 90 seconds left.\n|\n|t:|1782432975\n|move|p2a: Dragapult|Hex|p1a: Slowking\n|-supereffective|p1a: Slowking\n|-damage|p1a: Slowking|0 fnt\n|faint|p1a: Slowking\n|\n|win|Throt\n|raw|thepeakmons's rating: 1202 &rarr; <strong>1176</strong><br />(-26 for losing)\n|raw|Throt's rating: 1184 &rarr; <strong>1210</strong><br />(+26 for winning)\n|l|☆Throt\n|player|p2|\n", "uploadtime": 1782432976, "views": 19, "formatid": "gen9ou", "rating": 1176, "private": 0, "password": null}