{"id": "gen9ou-2639218651", "format": "[Gen 9] OU", "players": ["Kulrit", "Dripakuma"], "log": "|j|☆Kulrit\n|j|☆Dripakuma\n|t:|1782435853\n|gametype|singles\n|player|p1|Kulrit|170|1226\n|player|p2|Dripakuma|cynthia|1278\n|gen|9\n|tier|[Gen 9] OU\n|rated|\n|rule|HP Percentage Mod: HP is shown in percentages\n|rule|Endless Battle Clause: Forcing endless battles is banned\n|rule|Species Clause: Limit one of each Pokémon\n|rule|OHKO Clause: OHKO moves are banned\n|rule|Evasion Items Clause: Evasion items are banned\n|rule|Evasion Moves Clause: Evasion moves are banned\n|rule|Evasion Abilities Clause: Evasion abilities are banned\n|rule|Sleep Moves Clause: Sleep-inducing moves are banned\n|clearpoke\n|poke|p1|Samurott-Hisui, F|\n|poke|p1|Iron Valiant|\n|poke|p1|Pecharunt|\n|poke|p1|Dragonite, M|\n|poke|p1|Great Tusk|\n|poke|p1|Iron Crown|\n|poke|p2|Lokix, M|\n|poke|p2|Exeggutor-Alola, M|\n|poke|p2|Hydrapple, M|\n|poke|p2|Hoopa-Unbound|\n|poke|p2|Great Tusk|\n|poke|p2|Fezandipiti, M|\n|teampreview\n|inactive|Battle timer is ON: inactive players will automatically lose when time's up. (requested by Kulrit)\n|\n|t:|1782435865\n|teamsize|p1|6\n|teamsize|p2|6\n|start\n|switch|p1a: Pecharunt|Pecharunt|100/100\n|switch|p2a: Lokix|Lokix, M, shiny|100/100\n|turn|1\n|\n|t:|1782435869\n|move|p2a: Lokix|Knock Off|p1a: Pecharunt\n|-supereffective|p1a: Pecharunt\n|-damage|p1a: Pecharunt|58/100\n|-damage|p2a: Lokix|84/100|[from] item: Rocky Helmet|[of] p1a: Pecharunt\n|-enditem|p1a: Pecharunt|Rocky Helmet|[from] move: Knock Off|[of] p2a: Lokix\n|move|p1a: Pecharunt|Parting Shot|p2a: Lokix\n|-unboost|p2a: Lokix|atk|1\n|-unboost|p2a: Lokix|spa|1\n|\n|t:|1782435877\n|switch|p1a: Iron Valiant|Iron Valiant|100/100|[from] Parting Shot\n|-enditem|p1a: Iron Valiant|Booster Energy\n|-activate|p1a: Iron Valiant|ability: Quark Drive|[fromitem]\n|-start|p1a: Iron Valiant|quarkdrivespe\n|\n|upkeep\n|turn|2\n|\n|t:|1782435882\n|switch|p2a: Fezandipiti|Fezandipiti, M|100/100\n|move|p1a: Iron Valiant|Encore||[still]\n|-fail|p1a: Iron Valiant\n|\n|upkeep\n|turn|3\n|\n|t:|1782435889\n|-end|p1a: Iron Valiant|Quark Drive|[silent]\n|switch|p1a: Pecharunt|Pecharunt|58/100\n|move|p2a: Fezandipiti|Moonblast|p1a: Pecharunt\n|-resisted|p1a: Pecharunt\n|-damage|p1a: Pecharunt|44/100\n|\n|upkeep\n|turn|4\n|\n|t:|1782435896\n|move|p2a: Fezandipiti|U-turn|p1a: Pecharunt\n|-resisted|p1a: Pecharunt\n|-damage|p1a: Pecharunt|43/100\n|\n|t:|1782435905\n|switch|p2a: Lokix|Lokix, M, shiny|84/100|[from] U-turn\n|move|p1a: Pecharunt|Recover|p1a: Pecharunt\n|-heal|p1a: Pecharunt|93/100\n|\n|upkeep\n|turn|5\n|\n|t:|1782435911\n|move|p2a: Lokix|U-turn|p1a: Pecharunt\n|-resisted|p1a: Pecharunt\n|-damage|p1a: Pecharunt|85/100\n|\n|t:|1782435922\n|switch|p2a: Great Tusk|Great Tusk, shiny|100/100|[from] U-turn\n|move|p1a: Pecharunt|Parting Shot|p2a: Great Tusk\n|-unboost|p2a: Great Tusk|atk|1\n|-unboost|p2a: Great Tusk|spa|1\n|\n|t:|1782435929\n|switch|p1a: Iron Crown|Iron Crown|100/100|[from] Parting Shot\n|-enditem|p1a: Iron Crown|Booster Energy\n|-activate|p1a: Iron Crown|ability: Quark Drive|[fromitem]\n|-start|p1a: Iron Crown|quarkdrivespe\n|\n|upkeep\n|turn|6\n|\n|t:|1782435941\n|-end|p2a: Great Tusk|Protosynthesis|[silent]\n|switch|p2a: Hoopa|Hoopa-Unbound|100/100\n|move|p1a: Iron Crown|Psychic Noise|p2a: Hoopa\n|-immune|p2a: Hoopa\n|\n|upkeep\n|turn|7\n|\n|t:|1782435949\n|move|p1a: Iron Crown|Tachyon Cutter|p2a: Hoopa\n|-damage|p2a: Hoopa|78/100\n|-damage|p2a: Hoopa|55/100\n|-hitcount|p2a: Hoopa|2\n|move|p2a: Hoopa|Knock Off|p1a: Iron Crown\n|-supereffective|p1a: Iron Crown\n|-damage|p1a: Iron Crown|2/100\n|-damage|p2a: Hoopa|45/100|[from] item: Life Orb\n|\n|upkeep\n|turn|8\n|\n|t:|1782435971\n|move|p1a: Iron Crown|Tachyon Cutter|p2a: Hoopa\n|-damage|p2a: Hoopa|25/100\n|-damage|p2a: Hoopa|3/100\n|-hitcount|p2a: Hoopa|2\n|move|p2a: Hoopa|Hyperspace Fury|p1a: Iron Crown\n|-supereffective|p1a: Iron Crown\n|-damage|p1a: Iron Crown|0 fnt\n|-unboost|p2a: Hoopa|def|1\n|faint|p1a: Iron Crown\n|-end|p1a: Iron Crown|Quark Drive|[silent]\n|-damage|p2a: Hoopa|0 fnt|[from] item: Life Orb\n|faint|p2a: Hoopa\n|\n|upkeep\n|inactive|Dripakuma has 120 seconds left.\n|\n|t:|1782435992\n|switch|p1a: Pecharunt|Pecharunt|85/100\n|switch|p2a: Great Tusk|Great Tusk, shiny|100/100\n|turn|9\n|\n|t:|1782435996\n|move|p2a: Great Tusk|Stealth Rock|p1a: Pecharunt\n|-sidestart|p1: Kulrit|move: Stealth Rock\n|move|p1a: Pecharunt|Parting Shot|p2a: Great Tusk\n|-unboost|p2a: Great Tusk|atk|1\n|-unboost|p2a: Great Tusk|spa|1\n|\n|t:|1782436001\n|switch|p1a: Iron Valiant|Iron Valiant|100/100|[from] Parting Shot\n|-damage|p1a: Iron Valiant|94/100|[from] Stealth Rock\n|\n|upkeep\n|turn|10\n|\n|t:|1782436006\n|-end|p2a: Great Tusk|Protosynthesis|[silent]\n|switch|p2a: Fezandipiti|Fezandipiti, M|100/100\n|move|p1a: Iron Valiant|Swords Dance|p1a: Iron Valiant\n|-boost|p1a: Iron Valiant|atk|2\n|\n|upkeep\n|turn|11\n|-message|Kulrit forfeited.\n|\n|win|Dripakuma\n|raw|Kulrit's rating: 1226 &rarr; <strong>1205</strong><br />(-21 for losing)\n|raw|Dripakuma's rating: 1278 &rarr; <strong>1299</strong><br />(+21 for winning)\n|l|☆Kulrit\n|player|p1|\n", "uploadtime": 1782436020, "views": 17, "formatid": "gen9ou", "rating": 1205, "private": 0, "password": null}