{"id": "gen9ou-2647833277", "format": "[Gen 9] OU", "players": ["OUBotBeepBoop", "LEMONeD2679"], "log": "|j|☆OUBotBeepBoop\n|j|☆LEMONeD2679\n|t:|1783820681\n|gametype|singles\n|player|p1|OUBotBeepBoop|102|1219\n|player|p2|LEMONeD2679|fisherman-gen4|1188\n|gen|9\n|tier|[Gen 9] OU\n|rated|\n|rule|HP Percentage Mod: HP is shown in percentages\n|rule|Endless Battle Clause: Forcing endless battles is banned\n|rule|Species Clause: Limit one of each Pokémon\n|rule|OHKO Clause: OHKO moves are banned\n|rule|Evasion Items Clause: Evasion items are banned\n|rule|Evasion Moves Clause: Evasion moves are banned\n|rule|Evasion Abilities Clause: Evasion abilities are banned\n|rule|Sleep Moves Clause: Sleep-inducing moves are banned\n|clearpoke\n|poke|p1|Glimmora, F|\n|poke|p1|Great Tusk|\n|poke|p1|Kingambit, F|\n|poke|p1|Dragapult, F|\n|poke|p1|Clefable, F|\n|poke|p1|Corviknight, M|\n|poke|p2|Dragonite, F|\n|poke|p2|Lilligant, F|\n|poke|p2|Toxapex, F|\n|poke|p2|Cloyster, F|\n|poke|p2|Porygon2|\n|poke|p2|Torkoal, M|\n|teampreview\n|inactive|Battle timer is ON: inactive players will automatically lose when time's up. (requested by OUBotBeepBoop)\n|\n|t:|1783820685\n|teamsize|p1|6\n|teamsize|p2|6\n|start\n|switch|p1a: Glimmora|Glimmora, F|100/100\n|switch|p2a: Cloyster|Cloyster, F|100/100\n|turn|1\n|\n|t:|1783820686\n|move|p1a: Glimmora|Power Gem|p2a: Cloyster\n|-supereffective|p2a: Cloyster\n|-enditem|p2a: Cloyster|Focus Sash\n|-damage|p2a: Cloyster|1/100\n|move|p2a: Cloyster|Shell Smash|p2a: Cloyster\n|-unboost|p2a: Cloyster|def|1\n|-unboost|p2a: Cloyster|spd|1\n|-boost|p2a: Cloyster|atk|2\n|-boost|p2a: Cloyster|spa|2\n|-boost|p2a: Cloyster|spe|2\n|\n|upkeep\n|turn|2\n|\n|t:|1783820690\n|move|p2a: Cloyster|Icicle Spear|p1a: Glimmora\n|-damage|p1a: Glimmora|77/100\n|-activate|p1a: Glimmora|ability: Toxic Debris\n|-sidestart|p2: LEMONeD2679|move: Toxic Spikes\n|-damage|p1a: Glimmora|53/100\n|-activate|p1a: Glimmora|ability: Toxic Debris\n|-sidestart|p2: LEMONeD2679|move: Toxic Spikes\n|-damage|p1a: Glimmora|28/100\n|-damage|p1a: Glimmora|3/100\n|-damage|p1a: Glimmora|0 fnt\n|faint|p1a: Glimmora\n|-hitcount|p1: Glimmora|5\n|\n|upkeep\n|\n|t:|1783820690\n|switch|p1a: Kingambit|Kingambit, F|100/100\n|-activate|p1a: Kingambit|ability: Supreme Overlord\n|-start|p1a: Kingambit|fallen1|[silent]\n|turn|3\n|\n|t:|1783820698\n|move|p2a: Cloyster|Liquidation|p1a: Kingambit\n|-damage|p1a: Kingambit|51/100\n|move|p1a: Kingambit|Kowtow Cleave|p2a: Cloyster\n|-damage|p2a: Cloyster|0 fnt\n|faint|p2a: Cloyster\n|\n|upkeep\n|\n|t:|1783820703\n|switch|p2a: Toxapex|Toxapex, F|100/100\n|-sideend|p2: LEMONeD2679|move: Toxic Spikes|[of] p2a: Toxapex\n|turn|4\n|\n|t:|1783820705\n|move|p1a: Kingambit|Kowtow Cleave|p2a: Toxapex\n|-damage|p2a: Toxapex|48/100\n|move|p2a: Toxapex|Infestation|p1a: Kingambit\n|-damage|p1a: Kingambit|47/100\n|-activate|p1a: Kingambit|move: Infestation|[of] p2a: Toxapex\n|\n|-heal|p2a: Toxapex|54/100|[from] item: Black Sludge\n|-damage|p1a: Kingambit|34/100|[from] move: Infestation|[partiallytrapped]\n|upkeep\n|turn|5\n|\n|t:|1783820711\n|move|p2a: Toxapex|Baneful Bunker|p2a: Toxapex\n|-singleturn|p2a: Toxapex|move: Protect\n|move|p1a: Kingambit|Kowtow Cleave|p2a: Toxapex\n|-activate|p2a: Toxapex|move: Protect\n|\n|-heal|p2a: Toxapex|61/100|[from] item: Black Sludge\n|-damage|p1a: Kingambit|22/100|[from] move: Infestation|[partiallytrapped]\n|upkeep\n|turn|6\n|\n|t:|1783820719\n|move|p1a: Kingambit|Kowtow Cleave|p2a: Toxapex\n|-damage|p2a: Toxapex|10/100\n|move|p2a: Toxapex|Surf|p1a: Kingambit\n|-damage|p1a: Kingambit|0 fnt\n|faint|p1a: Kingambit\n|-end|p1a: Kingambit|fallen1|[silent]\n|\n|-heal|p2a: Toxapex|17/100|[from] item: Black Sludge\n|upkeep\n|\n|t:|1783820719\n|switch|p1a: Dragapult|Dragapult, F|100/100\n|turn|7\n|\n|t:|1783820724\n|switch|p2a: Torkoal|Torkoal, M|100/100\n|-weather|SunnyDay|[from] ability: Drought|[of] p2a: Torkoal\n|move|p1a: Dragapult|Shadow Ball|p2a: Torkoal\n|-damage|p2a: Torkoal|42/100\n|\n|-weather|SunnyDay|[upkeep]\n|upkeep\n|turn|8\n|\n|t:|1783820730\n|move|p1a: Dragapult|Shadow Ball|p2a: Torkoal\n|-damage|p2a: Torkoal|0 fnt\n|faint|p2a: Torkoal\n|\n|-weather|SunnyDay|[upkeep]\n|upkeep\n|\n|t:|1783820732\n|switch|p2a: Lilligant|Lilligant, F|100/100\n|turn|9\n|\n|t:|1783820735\n|-terastallize|p2a: Lilligant|Fairy\n|move|p2a: Lilligant|Alluring Voice|p1a: Dragapult\n|-supereffective|p1a: Dragapult\n|-damage|p1a: Dragapult|0 fnt\n|faint|p1a: Dragapult\n|\n|-weather|SunnyDay|[upkeep]\n|upkeep\n|\n|t:|1783820736\n|switch|p1a: Clefable|Clefable, F|100/100\n|turn|10\n|\n|t:|1783820746\n|move|p2a: Lilligant|Leech Seed|p1a: Clefable\n|-start|p1a: Clefable|move: Leech Seed\n|move|p1a: Clefable|Moonblast|p2a: Lilligant\n|-damage|p2a: Lilligant|54/100\n|\n|-weather|SunnyDay|[upkeep]\n|-heal|p2a: Lilligant|60/100|[from] item: Leftovers\n|-damage|p1a: Clefable|88/100|[from] Leech Seed|[of] p2a: Lilligant\n|-heal|p2a: Lilligant|78/100|[silent]\n|upkeep\n|turn|11\n|\n|t:|1783820755\n|switch|p2a: Toxapex|Toxapex, F|50/100\n|move|p1a: Clefable|Moonblast|p2a: Toxapex\n|-resisted|p2a: Toxapex\n|-damage|p2a: Toxapex|38/100\n|-unboost|p2a: Toxapex|spa|1\n|\n|-weather|none\n|-heal|p1a: Clefable|94/100|[from] item: Leftovers\n|-heal|p2a: Toxapex|44/100|[from] item: Black Sludge\n|-damage|p1a: Clefable|82/100|[from] Leech Seed|[of] p2a: Toxapex\n|-heal|p2a: Toxapex|60/100|[silent]\n|upkeep\n|turn|12\n|\n|t:|1783820760\n|move|p1a: Clefable|Calm Mind|p1a: Clefable\n|-boost|p1a: Clefable|spa|1\n|-boost|p1a: Clefable|spd|1\n|move|p2a: Toxapex|Infestation|p1a: Clefable\n|-resisted|p1a: Clefable\n|-damage|p1a: Clefable|80/100\n|-activate|p1a: Clefable|move: Infestation|[of] p2a: Toxapex\n|\n|-heal|p1a: Clefable|86/100|[from] item: Leftovers\n|-heal|p2a: Toxapex|67/100|[from] item: Black Sludge\n|-damage|p1a: Clefable|74/100|[from] Leech Seed|[of] p2a: Toxapex\n|-heal|p2a: Toxapex|83/100|[silent]\n|-damage|p1a: Clefable|61/100|[from] move: Infestation|[partiallytrapped]\n|upkeep\n|turn|13\n|\n|t:|1783820766\n|move|p1a: Clefable|Wish|p1a: Clefable\n|move|p2a: Toxapex|Haze|p2a: Toxapex\n|-clearallboost\n|\n|-heal|p1a: Clefable|68/100|[from] item: Leftovers\n|-heal|p2a: Toxapex|89/100|[from] item: Black Sludge\n|-damage|p1a: Clefable|55/100|[from] Leech Seed|[of] p2a: Toxapex\n|-heal|p2a: Toxapex|100/100|[silent]\n|-damage|p1a: Clefable|43/100|[from] move: Infestation|[partiallytrapped]\n|upkeep\n|turn|14\n|\n|t:|1783820775\n|move|p1a: Clefable|Wish||[still]\n|-fail|p1a: Clefable\n|move|p2a: Toxapex|Surf|p1a: Clefable\n|-damage|p1a: Clefable|13/100\n|\n|-heal|p1a: Clefable|63/100|[from] move: Wish|[wisher] Clefable\n|-heal|p1a: Clefable|69/100|[from] item: Leftovers\n|-damage|p1a: Clefable|56/100|[from] Leech Seed|[of] p2a: Toxapex\n|-damage|p1a: Clefable|44/100|[from] move: Infestation|[partiallytrapped]\n|upkeep\n|turn|15\n|\n|t:|1783820785\n|move|p1a: Clefable|Wish|p1a: Clefable\n|move|p2a: Toxapex|Surf|p1a: Clefable\n|-damage|p1a: Clefable|13/100\n|\n|-heal|p1a: Clefable|20/100|[from] item: Leftovers\n|-damage|p1a: Clefable|7/100|[from] Leech Seed|[of] p2a: Toxapex\n|-damage|p1a: Clefable|0 fnt|[from] move: Infestation|[partiallytrapped]\n|faint|p1a: Clefable\n|upkeep\n|\n|t:|1783820785\n|switch|p1a: Corviknight|Corviknight, M|100/100\n|-ability|p1a: Corviknight|Pressure\n|turn|16\n|\n|t:|1783820790\n|move|p1a: Corviknight|U-turn|p2a: Toxapex\n|-resisted|p2a: Toxapex\n|-damage|p2a: Toxapex|95/100\n|\n|t:|1783820791\n|switch|p1a: Great Tusk|Great Tusk|100/100|[from] U-turn\n|move|p2a: Toxapex|Infestation|p1a: Great Tusk\n|-resisted|p1a: Great Tusk\n|-damage|p1a: Great Tusk|97/100\n|-activate|p1a: Great Tusk|move: Infestation|[of] p2a: Toxapex\n|\n|-heal|p1a: Great Tusk|100/100|[from] move: Wish|[wisher] Clefable\n|-heal|p2a: Toxapex|100/100|[from] item: Black Sludge\n|-damage|p1a: Great Tusk|88/100|[from] move: Infestation|[partiallytrapped]\n|upkeep\n|turn|17\n|\n|t:|1783820802\n|switch|p2a: Dragonite|Dragonite, F|100/100\n|-terastallize|p1a: Great Tusk|Steel\n|move|p1a: Great Tusk|Headlong Rush|p2a: Dragonite\n|-immune|p2a: Dragonite\n|\n|-end|p1a: Great Tusk|Infestation|[partiallytrapped]|[silent]\n|upkeep\n|turn|18\n|\n|t:|1783820816\n|move|p1a: Great Tusk|Ice Spinner|p2a: Dragonite\n|-supereffective|p2a: Dragonite\n|-damage|p2a: Dragonite|38/100\n|move|p2a: Dragonite|Earthquake|p1a: Great Tusk\n|-supereffective|p1a: Great Tusk\n|-damage|p1a: Great Tusk|39/100\n|\n|upkeep\n|turn|19\n|\n|t:|1783820822\n|move|p2a: Dragonite|Extreme Speed|p1a: Great Tusk\n|-resisted|p1a: Great Tusk\n|-damage|p1a: Great Tusk|27/100\n|move|p1a: Great Tusk|Ice Spinner|p2a: Dragonite\n|-supereffective|p2a: Dragonite\n|-damage|p2a: Dragonite|0 fnt\n|faint|p2a: Dragonite\n|\n|upkeep\n|\n|t:|1783820830\n|switch|p2a: Toxapex|Toxapex, F|100/100\n|turn|20\n|\n|t:|1783820832\n|move|p1a: Great Tusk|Headlong Rush|p2a: Toxapex\n|-supereffective|p2a: Toxapex\n|-damage|p2a: Toxapex|8/100\n|-unboost|p1a: Great Tusk|def|1\n|-unboost|p1a: Great Tusk|spd|1\n|move|p2a: Toxapex|Surf|p1a: Great Tusk\n|-damage|p1a: Great Tusk|0 fnt\n|faint|p1a: Great Tusk\n|-end|p1a: Great Tusk|Protosynthesis|[silent]\n|\n|-heal|p2a: Toxapex|14/100|[from] item: Black Sludge\n|upkeep\n|\n|t:|1783820832\n|switch|p1a: Corviknight|Corviknight, M|100/100\n|-ability|p1a: Corviknight|Pressure\n|turn|21\n|\n|t:|1783820838\n|switch|p2a: Porygon2|Porygon2|100/100\n|-ability|p2a: Porygon2|Pressure|Trace|[from] ability: Trace|[of] p1a: Corviknight\n|-ability|p2a: Porygon2|Pressure\n|move|p1a: Corviknight|U-turn|p2a: Porygon2\n|-damage|p2a: Porygon2|90/100\n|\n|upkeep\n|turn|22\n|\n|t:|1783820847\n|move|p1a: Corviknight|Body Press|p2a: Porygon2\n|-supereffective|p2a: Porygon2\n|-damage|p2a: Porygon2|54/100\n|move|p2a: Porygon2|Discharge|p1a: Corviknight\n|-supereffective|p1a: Corviknight\n|-damage|p1a: Corviknight|46/100\n|\n|-heal|p1a: Corviknight|52/100|[from] item: Leftovers\n|upkeep\n|turn|23\n|\n|t:|1783820853\n|move|p1a: Corviknight|Body Press|p2a: Porygon2\n|-supereffective|p2a: Porygon2\n|-damage|p2a: Porygon2|20/100\n|move|p2a: Porygon2|Discharge|p1a: Corviknight\n|-supereffective|p1a: Corviknight\n|-damage|p1a: Corviknight|2/100\n|\n|-heal|p1a: Corviknight|8/100|[from] item: Leftovers\n|upkeep\n|turn|24\n|\n|t:|1783820858\n|move|p1a: Corviknight|U-turn|p2a: Porygon2\n|-damage|p2a: Porygon2|11/100\n|move|p2a: Porygon2|Discharge|p1a: Corviknight\n|-supereffective|p1a: Corviknight\n|-damage|p1a: Corviknight|0 fnt\n|faint|p1a: Corviknight\n|\n|win|LEMONeD2679\n|raw|OUBotBeepBoop's rating: 1224 &rarr; <strong>1196</strong><br />(-28 for losing)\n|raw|LEMONeD2679's rating: 1188 &rarr; <strong>1216</strong><br />(+28 for winning)\n|l|☆OUBotBeepBoop\n|player|p1|\n|l|☆LEMONeD2679\n|player|p2|\n", "uploadtime": 1783821255, "views": 4, "formatid": "gen9ou", "rating": 1196, "private": 0, "password": null}