{"id": "gen9ou-2639200785", "format": "[Gen 9] OU", "players": ["SaltyZyZ", "banned6times"], "log": "|j|☆SaltyZyZ\n|j|☆banned6times\n|t:|1782433158\n|gametype|singles\n|player|p1|SaltyZyZ|266|1215\n|player|p2|banned6times|roxie|1180\n|gen|9\n|tier|[Gen 9] OU\n|rated|\n|rule|HP Percentage Mod: HP is shown in percentages\n|rule|Endless Battle Clause: Forcing endless battles is banned\n|rule|Species Clause: Limit one of each Pokémon\n|rule|OHKO Clause: OHKO moves are banned\n|rule|Evasion Items Clause: Evasion items are banned\n|rule|Evasion Moves Clause: Evasion moves are banned\n|rule|Evasion Abilities Clause: Evasion abilities are banned\n|rule|Sleep Moves Clause: Sleep-inducing moves are banned\n|clearpoke\n|poke|p1|Iron Boulder|\n|poke|p1|Ninetales, F|\n|poke|p1|Walking Wake|\n|poke|p1|Grimmsnarl, M|\n|poke|p1|Zapdos|\n|poke|p1|Gliscor, M|\n|poke|p2|Honchkrow, F|\n|poke|p2|Weavile, M|\n|poke|p2|Slaking, F|\n|poke|p2|Regigigas|\n|poke|p2|Haxorus, F|\n|poke|p2|Hoopa-Unbound|\n|teampreview\n|inactive|Battle timer is ON: inactive players will automatically lose when time's up. (requested by banned6times)\n|inactive|SaltyZyZ also wants the timer to be on.\n|\n|t:|1782433163\n|teamsize|p1|6\n|teamsize|p2|6\n|start\n|switch|p1a: The cancer|Gliscor, M|100/100\n|switch|p2a: MalcolmX|Weavile, M|100/100\n|-ability|p2a: MalcolmX|Pressure\n|turn|1\n|\n|t:|1782433177\n|move|p1a: The cancer|Protect|p1a: The cancer\n|-singleturn|p1a: The cancer|Protect\n|move|p2a: MalcolmX|Ice Shard|p1a: The cancer\n|-activate|p1a: The cancer|move: Protect\n|\n|-status|p1a: The cancer|tox|[from] item: Toxic Orb\n|upkeep\n|turn|2\n|\n|t:|1782433184\n|switch|p1a: THE LARGEST|Ninetales, F, shiny|100/100\n|-weather|SunnyDay|[from] ability: Drought|[of] p1a: THE LARGEST\n|-terastallize|p2a: MalcolmX|Dark\n|move|p2a: MalcolmX|Beat Up|p1a: THE LARGEST\n|-crit|p1a: THE LARGEST\n|-damage|p1a: THE LARGEST|80/100\n|-damage|p1a: THE LARGEST|65/100\n|-damage|p1a: THE LARGEST|46/100\n|-damage|p1a: THE LARGEST|27/100\n|-damage|p1a: THE LARGEST|12/100\n|-damage|p1a: THE LARGEST|0 fnt\n|faint|p1a: THE LARGEST\n|-hitcount|p1: THE LARGEST|6\n|\n|-weather|SunnyDay|[upkeep]\n|upkeep\n|\n|t:|1782433208\n|switch|p1a: edgyteen|Walking Wake|100/100\n|-activate|p1a: edgyteen|ability: Protosynthesis\n|-start|p1a: edgyteen|protosynthesisspa\n|turn|3\n|\n|t:|1782433217\n|move|p2a: MalcolmX|Beat Up|p1a: edgyteen\n|-damage|p1a: edgyteen|84/100\n|-damage|p1a: edgyteen|68/100\n|-damage|p1a: edgyteen|48/100\n|-damage|p1a: edgyteen|27/100\n|-crit|p1a: edgyteen\n|-damage|p1a: edgyteen|0 fnt\n|faint|p1a: edgyteen\n|-end|p1a: edgyteen|Protosynthesis|[silent]\n|-hitcount|p1: edgyteen|5\n|\n|-weather|SunnyDay|[upkeep]\n|upkeep\n|\n|t:|1782433235\n|switch|p1a: The cancer|Gliscor, M|100/100 tox\n|turn|4\n|\n|t:|1782433244\n|move|p1a: The cancer|Protect|p1a: The cancer\n|-singleturn|p1a: The cancer|Protect\n|move|p2a: MalcolmX|Beat Up|p1a: The cancer\n|-activate|p1a: The cancer|move: Protect\n|\n|-weather|SunnyDay|[upkeep]\n|upkeep\n|turn|5\n|\n|t:|1782433253\n|move|p2a: MalcolmX|Beat Up|p1a: The cancer\n|-damage|p1a: The cancer|93/100 tox\n|-damage|p1a: The cancer|86/100 tox\n|-damage|p1a: The cancer|77/100 tox\n|-damage|p1a: The cancer|68/100 tox\n|-damage|p1a: The cancer|59/100 tox\n|-crit|p1a: The cancer\n|-damage|p1a: The cancer|45/100 tox\n|-hitcount|p1a: The cancer|6\n|move|p1a: The cancer|Poison Jab|p2a: MalcolmX\n|-damage|p2a: MalcolmX|70/100\n|-status|p2a: MalcolmX|psn\n|\n|-weather|SunnyDay|[upkeep]\n|-damage|p2a: MalcolmX|58/100 psn|[from] psn\n|-heal|p1a: The cancer|57/100 tox|[from] ability: Poison Heal\n|upkeep\n|turn|6\n|\n|t:|1782433268\n|move|p1a: The cancer|Protect|p1a: The cancer\n|-singleturn|p1a: The cancer|Protect\n|move|p2a: MalcolmX|Beat Up|p1a: The cancer\n|-activate|p1a: The cancer|move: Protect\n|\n|-weather|SunnyDay|[upkeep]\n|-damage|p2a: MalcolmX|45/100 psn|[from] psn\n|-heal|p1a: The cancer|69/100 tox|[from] ability: Poison Heal\n|upkeep\n|turn|7\n|\n|t:|1782433276\n|switch|p1a: Grinch|Grimmsnarl, M|100/100\n|move|p2a: MalcolmX|Beat Up|p1a: Grinch\n|-resisted|p1a: Grinch\n|-damage|p1a: Grinch|97/100\n|-resisted|p1a: Grinch\n|-damage|p1a: Grinch|93/100\n|-resisted|p1a: Grinch\n|-damage|p1a: Grinch|89/100\n|-resisted|p1a: Grinch\n|-damage|p1a: Grinch|85/100\n|-resisted|p1a: Grinch\n|-damage|p1a: Grinch|81/100\n|-resisted|p1a: Grinch\n|-damage|p1a: Grinch|77/100\n|-hitcount|p1a: Grinch|6\n|\n|-weather|SunnyDay|[upkeep]\n|-damage|p2a: MalcolmX|33/100 psn|[from] psn\n|upkeep\n|turn|8\n|\n|t:|1782433292\n|move|p1a: Grinch|Sucker Punch|p2a: MalcolmX\n|-resisted|p2a: MalcolmX\n|-damage|p2a: MalcolmX|0 fnt\n|faint|p2a: MalcolmX\n|\n|-weather|SunnyDay|[upkeep]\n|upkeep\n|\n|t:|1782433302\n|switch|p2a: Bigga|Regigigas, shiny|100/100\n|-start|p2a: Bigga|ability: Slow Start\n|turn|9\n|\n|t:|1782433307\n|move|p1a: Grinch|Parting Shot|p2a: Bigga\n|-unboost|p2a: Bigga|atk|1\n|-unboost|p2a: Bigga|spa|1\n|\n|t:|1782433311\n|switch|p1a: dabigman|Iron Boulder|100/100|[from] Parting Shot\n|-enditem|p1a: dabigman|Booster Energy\n|-activate|p1a: dabigman|ability: Quark Drive|[fromitem]\n|-start|p1a: dabigman|quarkdrivespe\n|move|p2a: Bigga|Knock Off|p1a: dabigman\n|-supereffective|p1a: dabigman\n|-damage|p1a: dabigman|82/100\n|\n|-weather|none\n|upkeep\n|turn|10\n|\n|t:|1782433326\n|switch|p2a: PantsOkay|Slaking, F|100/100\n|move|p1a: dabigman|Swords Dance|p1a: dabigman\n|-boost|p1a: dabigman|atk|2\n|\n|upkeep\n|turn|11\n|\n|t:|1782433340\n|move|p1a: dabigman|Close Combat|p2a: PantsOkay\n|-supereffective|p2a: PantsOkay\n|-damage|p2a: PantsOkay|0 fnt\n|-unboost|p1a: dabigman|def|1\n|-unboost|p1a: dabigman|spd|1\n|faint|p2a: PantsOkay\n|\n|upkeep\n|inactive|banned6times has 120 seconds left.\n|\n|t:|1782433375\n|switch|p2a: BigBlackDragon|Haxorus, F, shiny|100/100\n|-ability|p2a: BigBlackDragon|Mold Breaker\n|turn|12\n|\n|t:|1782433383\n|move|p1a: dabigman|Mighty Cleave|p2a: BigBlackDragon\n|-damage|p2a: BigBlackDragon|0 fnt\n|faint|p2a: BigBlackDragon\n|\n|upkeep\n|inactive|banned6times has 120 seconds left.\n|-message|banned6times forfeited.\n|\n|win|SaltyZyZ\n|raw|SaltyZyZ's rating: 1215 &rarr; <strong>1237</strong><br />(+22 for winning)\n|raw|banned6times's rating: 1180 &rarr; <strong>1158</strong><br />(-22 for losing)\n|l|☆banned6times\n|player|p2|\n|l|☆SaltyZyZ\n|player|p1|\n", "uploadtime": 1782433779, "views": 4, "formatid": "gen9ou", "rating": 1158, "private": 0, "password": null}