{"id": "gen9ou-2639289252", "format": "[Gen 9] OU", "players": ["znyz654321", "blythe<3"], "log": "|j|☆znyz654321\n|j|☆blythe<3\n|t:|1782446618\n|gametype|singles\n|player|p1|znyz654321|winona|1209\n|player|p2|blythe<3|lady-gen4|1256\n|gen|9\n|tier|[Gen 9] OU\n|rated|\n|rule|HP Percentage Mod: HP is shown in percentages\n|rule|Endless Battle Clause: Forcing endless battles is banned\n|rule|Species Clause: Limit one of each Pokémon\n|rule|OHKO Clause: OHKO moves are banned\n|rule|Evasion Items Clause: Evasion items are banned\n|rule|Evasion Moves Clause: Evasion moves are banned\n|rule|Evasion Abilities Clause: Evasion abilities are banned\n|rule|Sleep Moves Clause: Sleep-inducing moves are banned\n|clearpoke\n|poke|p1|Ting-Lu|\n|poke|p1|Gholdengo|\n|poke|p1|Ogerpon-Wellspring, F|\n|poke|p1|Corviknight, F|\n|poke|p1|Kingambit, M|\n|poke|p1|Enamorus, F|\n|poke|p2|Rillaboom, M|\n|poke|p2|Garganacl, F|\n|poke|p2|Primarina, M|\n|poke|p2|Corviknight, F|\n|poke|p2|Clefable, M|\n|poke|p2|Dondozo, M|\n|teampreview\n|inactive|Battle timer is ON: inactive players will automatically lose when time's up. (requested by znyz654321)\n|\n|t:|1782446628\n|teamsize|p1|6\n|teamsize|p2|6\n|start\n|switch|p1a: Enamorus|Enamorus, F|100/100\n|switch|p2a: Dondozo|Dondozo, M|100/100\n|turn|1\n|\n|t:|1782446635\n|move|p1a: Enamorus|Moonblast|p2a: Dondozo\n|-damage|p2a: Dondozo|52/100\n|move|p2a: Dondozo|Curse|p2a: Dondozo\n|-unboost|p2a: Dondozo|spe|1\n|-boost|p2a: Dondozo|atk|1\n|-boost|p2a: Dondozo|def|1\n|\n|-heal|p2a: Dondozo|58/100|[from] item: Leftovers\n|upkeep\n|turn|2\n|\n|t:|1782446647\n|switch|p2a: Corviknight|Corviknight, F|100/100\n|-terastallize|p1a: Enamorus|Fairy\n|move|p1a: Enamorus|Moonblast|p2a: Corviknight\n|-resisted|p2a: Corviknight\n|-damage|p2a: Corviknight|51/100\n|\n|-heal|p2a: Corviknight|57/100|[from] item: Leftovers\n|upkeep\n|turn|3\n|\n|t:|1782446653\n|switch|p1a: Corviknight|Corviknight, F|100/100\n|move|p2a: Corviknight|Iron Head|p1a: Corviknight\n|-resisted|p1a: Corviknight\n|-damage|p1a: Corviknight|92/100\n|-damage|p2a: Corviknight|40/100|[from] item: Rocky Helmet|[of] p1a: Corviknight\n|\n|-heal|p2a: Corviknight|47/100|[from] item: Leftovers\n|upkeep\n|turn|4\n|\n|t:|1782446659\n|switch|p2a: Garganacl|Garganacl, F|100/100\n|move|p1a: Corviknight|U-turn|p2a: Garganacl\n|-damage|p2a: Garganacl|92/100\n|\n|t:|1782446668\n|switch|p1a: Enamorus|Enamorus, F, tera:Fairy|100/100|[from] U-turn\n|\n|-heal|p2a: Garganacl|98/100|[from] item: Leftovers\n|upkeep\n|turn|5\n|\n|t:|1782446676\n|move|p1a: Enamorus|Moonblast|p2a: Garganacl\n|-damage|p2a: Garganacl|27/100\n|move|p2a: Garganacl|Salt Cure|p1a: Enamorus\n|-damage|p1a: Enamorus|78/100\n|-start|p1a: Enamorus|Salt Cure\n|\n|-heal|p2a: Garganacl|33/100|[from] item: Leftovers\n|-damage|p1a: Enamorus|66/100|[from] Salt Cure\n|upkeep\n|turn|6\n|\n|t:|1782446692\n|switch|p1a: Ogerpon|Ogerpon-Wellspring, F|100/100\n|switch|p2a: Primarina|Primarina, M|100/100\n|\n|upkeep\n|turn|7\n|\n|t:|1782446702\n|move|p1a: Ogerpon|Horn Leech|p2a: Primarina\n|-supereffective|p2a: Primarina\n|-damage|p2a: Primarina|14/100\n|move|p2a: Primarina|Light Screen|p2a: Primarina\n|-sidestart|p2: blythe<3|move: Light Screen\n|\n|upkeep\n|turn|8\n|\n|t:|1782446707\n|switch|p2a: Rillaboom|Rillaboom, M|100/100\n|-fieldstart|move: Grassy Terrain|[from] ability: Grassy Surge|[of] p2a: Rillaboom\n|move|p1a: Ogerpon|Ivy Cudgel|p2a: Rillaboom|[anim] Ivy Cudgel Water\n|-resisted|p2a: Rillaboom\n|-damage|p2a: Rillaboom|80/100\n|\n|-heal|p2a: Rillaboom|87/100|[from] Grassy Terrain\n|-heal|p2a: Rillaboom|93/100|[from] item: Leftovers\n|upkeep\n|turn|9\n|\n|t:|1782446712\n|switch|p1a: Corviknight|Corviknight, F|92/100\n|move|p2a: Rillaboom|U-turn|p1a: Corviknight\n|-resisted|p1a: Corviknight\n|-damage|p1a: Corviknight|89/100\n|-damage|p2a: Rillaboom|76/100|[from] item: Rocky Helmet|[of] p1a: Corviknight\n|\n|t:|1782446715\n|switch|p2a: Garganacl|Garganacl, F|33/100|[from] U-turn\n|\n|-heal|p2a: Garganacl|39/100|[from] Grassy Terrain\n|-heal|p2a: Garganacl|45/100|[from] item: Leftovers\n|upkeep\n|turn|10\n|\n|t:|1782446721\n|move|p1a: Corviknight|Body Press|p2a: Garganacl\n|-supereffective|p2a: Garganacl\n|-damage|p2a: Garganacl|15/100\n|move|p2a: Garganacl|Curse|p2a: Garganacl\n|-unboost|p2a: Garganacl|spe|1\n|-boost|p2a: Garganacl|atk|1\n|-boost|p2a: Garganacl|def|1\n|\n|-heal|p2a: Garganacl|21/100|[from] Grassy Terrain\n|-heal|p2a: Garganacl|27/100|[from] item: Leftovers\n|upkeep\n|turn|11\n|\n|t:|1782446726\n|move|p1a: Corviknight|Body Press|p2a: Garganacl\n|-supereffective|p2a: Garganacl\n|-damage|p2a: Garganacl|6/100\n|move|p2a: Garganacl|Recover|p2a: Garganacl\n|-heal|p2a: Garganacl|56/100\n|\n|-heal|p2a: Garganacl|62/100|[from] Grassy Terrain\n|-heal|p2a: Garganacl|69/100|[from] item: Leftovers\n|-sideend|p2: blythe<3|move: Light Screen\n|upkeep\n|turn|12\n|\n|t:|1782446732\n|move|p1a: Corviknight|U-turn|p2a: Garganacl\n|-damage|p2a: Garganacl|62/100\n|\n|t:|1782446735\n|switch|p1a: Enamorus|Enamorus, F, tera:Fairy|66/100|[from] U-turn\n|move|p2a: Garganacl|Salt Cure|p1a: Enamorus\n|-damage|p1a: Enamorus|30/100\n|-start|p1a: Enamorus|Salt Cure\n|\n|-heal|p1a: Enamorus|36/100|[from] Grassy Terrain\n|-heal|p2a: Garganacl|68/100|[from] Grassy Terrain\n|-heal|p2a: Garganacl|75/100|[from] item: Leftovers\n|-damage|p1a: Enamorus|24/100|[from] Salt Cure\n|-fieldend|move: Grassy Terrain\n|upkeep\n|turn|13\n|\n|t:|1782446741\n|switch|p1a: Ogerpon|Ogerpon-Wellspring, F|100/100\n|move|p2a: Garganacl|Curse|p2a: Garganacl\n|-unboost|p2a: Garganacl|spe|1\n|-boost|p2a: Garganacl|atk|1\n|-boost|p2a: Garganacl|def|1\n|\n|-heal|p2a: Garganacl|81/100|[from] item: Leftovers\n|upkeep\n|turn|14\n|\n|t:|1782446744\n|move|p1a: Ogerpon|Taunt|p2a: Garganacl\n|-start|p2a: Garganacl|move: Taunt\n|cant|p2a: Garganacl|move: Taunt|Recover\n|\n|-heal|p2a: Garganacl|87/100|[from] item: Leftovers\n|upkeep\n|turn|15\n|\n|t:|1782446750\n|move|p1a: Ogerpon|Ivy Cudgel|p2a: Garganacl|[anim] Ivy Cudgel Water\n|-supereffective|p2a: Garganacl\n|-damage|p2a: Garganacl|58/100\n|move|p2a: Garganacl|Salt Cure|p1a: Ogerpon\n|-damage|p1a: Ogerpon|71/100\n|-start|p1a: Ogerpon|Salt Cure\n|\n|-heal|p2a: Garganacl|64/100|[from] item: Leftovers\n|-damage|p1a: Ogerpon|46/100|[from] Salt Cure\n|upkeep\n|turn|16\n|\n|t:|1782446753\n|move|p1a: Ogerpon|Ivy Cudgel|p2a: Garganacl|[anim] Ivy Cudgel Water\n|-supereffective|p2a: Garganacl\n|-damage|p2a: Garganacl|37/100\n|move|p2a: Garganacl|Body Press|p1a: Ogerpon\n|-damage|p1a: Ogerpon|0 fnt\n|faint|p1a: Ogerpon\n|\n|-heal|p2a: Garganacl|43/100|[from] item: Leftovers\n|-end|p2a: Garganacl|move: Taunt\n|upkeep\n|\n|t:|1782446757\n|switch|p1a: Enamorus|Enamorus, F, tera:Fairy|24/100\n|turn|17\n|\n|t:|1782446761\n|move|p1a: Enamorus|Moonblast|p2a: Garganacl\n|-damage|p2a: Garganacl|0 fnt\n|faint|p2a: Garganacl\n|\n|upkeep\n|\n|t:|1782446766\n|switch|p2a: Rillaboom|Rillaboom, M|76/100\n|-fieldstart|move: Grassy Terrain|[from] ability: Grassy Surge|[of] p2a: Rillaboom\n|turn|18\n|\n|t:|1782446769\n|switch|p1a: Corviknight|Corviknight, F|89/100\n|move|p2a: Rillaboom|Grassy Glide|p1a: Corviknight\n|-resisted|p1a: Corviknight\n|-damage|p1a: Corviknight|83/100\n|-damage|p2a: Rillaboom|60/100|[from] item: Rocky Helmet|[of] p1a: Corviknight\n|\n|-heal|p2a: Rillaboom|66/100|[from] Grassy Terrain\n|-heal|p2a: Rillaboom|72/100|[from] item: Leftovers\n|upkeep\n|turn|19\n|\n|t:|1782446774\n|move|p2a: Rillaboom|Leech Seed|p1a: Corviknight\n|-start|p1a: Corviknight|move: Leech Seed\n|move|p1a: Corviknight|U-turn|p2a: Rillaboom\n|-supereffective|p2a: Rillaboom\n|-damage|p2a: Rillaboom|48/100\n|\n|t:|1782446777\n|switch|p1a: Enamorus|Enamorus, F, tera:Fairy|24/100|[from] U-turn\n|\n|-heal|p1a: Enamorus|30/100|[from] Grassy Terrain\n|-heal|p2a: Rillaboom|54/100|[from] Grassy Terrain\n|-heal|p2a: Rillaboom|60/100|[from] item: Leftovers\n|upkeep\n|turn|20\n|\n|t:|1782446780\n|switch|p1a: Corviknight|Corviknight, F|83/100\n|move|p2a: Rillaboom|Grassy Glide|p1a: Corviknight\n|-resisted|p1a: Corviknight\n|-damage|p1a: Corviknight|78/100\n|-damage|p2a: Rillaboom|44/100|[from] item: Rocky Helmet|[of] p1a: Corviknight\n|\n|-heal|p2a: Rillaboom|50/100|[from] Grassy Terrain\n|-heal|p2a: Rillaboom|56/100|[from] item: Leftovers\n|upkeep\n|turn|21\n|\n|t:|1782446788\n|switch|p2a: Clefable|Clefable, M|100/100\n|move|p1a: Corviknight|Body Press|p2a: Clefable\n|-resisted|p2a: Clefable\n|-damage|p2a: Clefable|90/100\n|\n|-heal|p2a: Clefable|96/100|[from] Grassy Terrain\n|-heal|p2a: Clefable|100/100|[from] item: Leftovers\n|upkeep\n|turn|22\n|\n|t:|1782446798\n|move|p1a: Corviknight|U-turn|p2a: Clefable\n|-resisted|p2a: Clefable\n|-damage|p2a: Clefable|95/100\n|\n|t:|1782446800\n|switch|p1a: Gholdengo|Gholdengo|100/100|[from] U-turn\n|move|p2a: Clefable|Calm Mind|p2a: Clefable\n|-boost|p2a: Clefable|spa|1\n|-boost|p2a: Clefable|spd|1\n|\n|-heal|p2a: Clefable|100/100|[from] Grassy Terrain\n|-fieldend|move: Grassy Terrain\n|upkeep\n|turn|23\n|\n|t:|1782446809\n|move|p1a: Gholdengo|Trick|p2a: Clefable\n|-activate|p1a: Gholdengo|move: Trick|[of] p2a: Clefable\n|-item|p2a: Clefable|Choice Scarf|[from] move: Trick\n|-item|p1a: Gholdengo|Leftovers|[from] move: Trick\n|move|p2a: Clefable|Encore|p1a: Gholdengo\n|-immune|p1a: Gholdengo|[from] ability: Good as Gold\n|\n|upkeep\n|turn|24\n|\n|t:|1782446818\n|move|p1a: Gholdengo|Shadow Ball|p2a: Clefable\n|-damage|p2a: Clefable|76/100\n|-unboost|p2a: Clefable|spd|1\n|move|p2a: Clefable|Encore|p1a: Gholdengo\n|-immune|p1a: Gholdengo|[from] ability: Good as Gold\n|\n|upkeep\n|turn|25\n|\n|t:|1782446836\n|switch|p2a: Rillaboom|Rillaboom, M|56/100\n|-fieldstart|move: Grassy Terrain|[from] ability: Grassy Surge|[of] p2a: Rillaboom\n|move|p1a: Gholdengo|Shadow Ball|p2a: Rillaboom\n|-damage|p2a: Rillaboom|4/100\n|\n|-heal|p2a: Rillaboom|11/100|[from] Grassy Terrain\n|-heal|p2a: Rillaboom|17/100|[from] item: Leftovers\n|upkeep\n|turn|26\n|\n|t:|1782446855\n|move|p1a: Gholdengo|Shadow Ball|p2a: Rillaboom\n|-damage|p2a: Rillaboom|0 fnt\n|faint|p2a: Rillaboom\n|\n|upkeep\n|\n|t:|1782446863\n|switch|p2a: Dondozo|Dondozo, M|58/100\n|turn|27\n|\n|t:|1782446881\n|move|p1a: Gholdengo|Shadow Ball|p2a: Dondozo\n|-damage|p2a: Dondozo|30/100\n|move|p2a: Dondozo|Curse|p2a: Dondozo\n|-unboost|p2a: Dondozo|spe|1\n|-boost|p2a: Dondozo|atk|1\n|-boost|p2a: Dondozo|def|1\n|\n|-heal|p2a: Dondozo|37/100|[from] Grassy Terrain\n|-heal|p2a: Dondozo|43/100|[from] item: Leftovers\n|upkeep\n|turn|28\n|\n|t:|1782446895\n|move|p1a: Gholdengo|Shadow Ball|p2a: Dondozo\n|-damage|p2a: Dondozo|15/100\n|move|p2a: Dondozo|Curse|p2a: Dondozo\n|-unboost|p2a: Dondozo|spe|1\n|-boost|p2a: Dondozo|atk|1\n|-boost|p2a: Dondozo|def|1\n|\n|-heal|p2a: Dondozo|22/100|[from] Grassy Terrain\n|-heal|p2a: Dondozo|28/100|[from] item: Leftovers\n|upkeep\n|turn|29\n|\n|t:|1782446901\n|move|p1a: Gholdengo|Shadow Ball|p2a: Dondozo\n|-damage|p2a: Dondozo|2/100\n|move|p2a: Dondozo|Liquidation|p1a: Gholdengo\n|-damage|p1a: Gholdengo|29/100\n|-unboost|p1a: Gholdengo|def|1\n|\n|-heal|p1a: Gholdengo|35/100|[from] Grassy Terrain\n|-heal|p1a: Gholdengo|41/100|[from] item: Leftovers\n|-heal|p2a: Dondozo|8/100|[from] Grassy Terrain\n|-heal|p2a: Dondozo|14/100|[from] item: Leftovers\n|-fieldend|move: Grassy Terrain\n|upkeep\n|turn|30\n|\n|t:|1782446911\n|move|p1a: Gholdengo|Shadow Ball|p2a: Dondozo\n|-damage|p2a: Dondozo|0 fnt\n|faint|p2a: Dondozo\n|\n|-heal|p1a: Gholdengo|47/100|[from] item: Leftovers\n|upkeep\n|\n|t:|1782446923\n|switch|p2a: Clefable|Clefable, M|76/100\n|turn|31\n|\n|t:|1782446930\n|switch|p1a: Corviknight|Corviknight, F|78/100\n|move|p2a: Clefable|Draining Kiss|p1a: Corviknight\n|-resisted|p1a: Corviknight\n|-damage|p1a: Corviknight|70/100\n|-heal|p2a: Clefable|82/100|[from] drain|[of] p1a: Corviknight\n|-damage|p2a: Clefable|65/100|[from] item: Rocky Helmet|[of] p1a: Corviknight\n|\n|upkeep\n|turn|32\n|\n|t:|1782446935\n|switch|p2a: Primarina|Primarina, M|14/100\n|move|p1a: Corviknight|U-turn|p2a: Primarina\n|-resisted|p2a: Primarina\n|-damage|p2a: Primarina|6/100\n|\n|t:|1782446939\n|switch|p1a: Enamorus|Enamorus, F, tera:Fairy|30/100|[from] U-turn\n|\n|upkeep\n|turn|33\n|inactive|blythe<3 has 120 seconds left.\n|inactive|blythe<3 has 90 seconds left.\n|c|☆znyz654321|？\n|inactive|blythe<3 has 60 seconds left.\n|inactive|blythe<3 has 30 seconds left.\n|inactive|blythe<3 has 20 seconds left.\n|inactive|blythe<3 has 15 seconds left.\n|inactive|blythe<3 has 10 seconds left.\n|inactive|blythe<3 has 5 seconds left.\n|c|☆znyz654321|Can't afford to lose\n|-message|blythe<3 lost due to inactivity.\n|\n|win|znyz654321\n|raw|znyz654321's rating: 1209 &rarr; <strong>1239</strong><br />(+30 for winning)\n|raw|blythe&lt;3's rating: 1284 &rarr; <strong>1254</strong><br />(-30 for losing)\n|l|☆znyz654321\n|player|p1|\n", "uploadtime": 1782447358, "views": 6, "formatid": "gen9ou", "rating": 1239, "private": 0, "password": null}