{"id": "gen9ou-2647841704", "format": "[Gen 9] OU", "players": ["LowEL0God", "eletrocity1"], "log": "|j|☆LowEL0God\n|j|☆eletrocity1\n|t:|1783822139\n|gametype|singles\n|player|p1|LowEL0God|266|1523\n|player|p2|eletrocity1|blackbelt-gen4dp|1584\n|gen|9\n|tier|[Gen 9] OU\n|rated|\n|rule|HP Percentage Mod: HP is shown in percentages\n|rule|Endless Battle Clause: Forcing endless battles is banned\n|rule|Species Clause: Limit one of each Pokémon\n|rule|OHKO Clause: OHKO moves are banned\n|rule|Evasion Items Clause: Evasion items are banned\n|rule|Evasion Moves Clause: Evasion moves are banned\n|rule|Evasion Abilities Clause: Evasion abilities are banned\n|rule|Sleep Moves Clause: Sleep-inducing moves are banned\n|clearpoke\n|poke|p1|Pelipper, F|\n|poke|p1|Torkoal, M|\n|poke|p1|Walking Wake|\n|poke|p1|Tyranitar, M|\n|poke|p1|Excadrill, M|\n|poke|p1|Ogerpon-Wellspring, F|\n|poke|p2|Hatterene, F|\n|poke|p2|Ursaluna, M|\n|poke|p2|Porygon2|\n|poke|p2|Cresselia, F|\n|poke|p2|Iron Hands|\n|poke|p2|Volcanion|\n|teampreview\n|inactive|Battle timer is ON: inactive players will automatically lose when time's up. (requested by LowEL0God)\n|\n|t:|1783822143\n|teamsize|p1|6\n|teamsize|p2|6\n|start\n|switch|p1a: Hurricane Spam|Pelipper, F, shiny|100/100\n|switch|p2a: TARS|Porygon2|100/100\n|-weather|RainDance|[from] ability: Drizzle|[of] p1a: Hurricane Spam\n|-ability|p2a: TARS|Download|boost\n|-boost|p2a: TARS|spa|1\n|turn|1\n|\n|t:|1783822146\n|switch|p1a: No Lando Plz|Tyranitar, M, shiny|100/100\n|-weather|Sandstorm|[from] ability: Sand Stream|[of] p1a: No Lando Plz\n|move|p2a: TARS|Trick Room|p2a: TARS\n|-fieldstart|move: Trick Room|[of] p2a: TARS\n|\n|-weather|Sandstorm|[upkeep]\n|-damage|p2a: TARS|94/100|[from] Sandstorm\n|upkeep\n|turn|2\n|\n|t:|1783822155\n|switch|p2a: CASE|Iron Hands|100/100\n|-enditem|p2a: CASE|Booster Energy\n|-activate|p2a: CASE|ability: Quark Drive|[fromitem]\n|-start|p2a: CASE|quarkdriveatk\n|move|p1a: No Lando Plz|Ice Beam|p2a: CASE\n|-damage|p2a: CASE|81/100\n|\n|-weather|Sandstorm|[upkeep]\n|-damage|p2a: CASE|75/100|[from] Sandstorm\n|upkeep\n|turn|3\n|\n|t:|1783822165\n|switch|p1a: Torkoal|Torkoal, M|100/100\n|-weather|SunnyDay|[from] ability: Drought|[of] p1a: Torkoal\n|move|p2a: CASE|Swords Dance|p2a: CASE\n|-boost|p2a: CASE|atk|2\n|\n|-weather|SunnyDay|[upkeep]\n|upkeep\n|turn|4\n|\n|t:|1783822171\n|move|p1a: Torkoal|Will-O-Wisp|p2a: CASE\n|-status|p2a: CASE|brn\n|move|p2a: CASE|Wild Charge|p1a: Torkoal\n|-damage|p1a: Torkoal|63/100\n|-damage|p2a: CASE|68/100 brn|[from] Recoil\n|\n|-weather|SunnyDay|[upkeep]\n|-damage|p2a: CASE|62/100 brn|[from] brn\n|upkeep\n|turn|5\n|\n|t:|1783822176\n|switch|p1a: Walking Wake|Walking Wake|100/100\n|-activate|p1a: Walking Wake|ability: Protosynthesis\n|-start|p1a: Walking Wake|protosynthesisspe\n|move|p2a: CASE|Drain Punch|p1a: Walking Wake\n|-damage|p1a: Walking Wake|41/100\n|-heal|p2a: CASE|82/100 brn|[from] drain|[of] p1a: Walking Wake\n|\n|-weather|SunnyDay|[upkeep]\n|-damage|p2a: CASE|76/100 brn|[from] brn\n|-fieldend|move: Trick Room\n|upkeep\n|turn|6\n|\n|t:|1783822190\n|-end|p2a: CASE|Quark Drive|[silent]\n|switch|p2a: Saturn|Volcanion|100/100\n|move|p1a: Walking Wake|Hydro Steam|p2a: Saturn\n|-immune|p2a: Saturn|[from] ability: Water Absorb\n|\n|-weather|SunnyDay|[upkeep]\n|upkeep\n|turn|7\n|\n|t:|1783822209\n|move|p1a: Walking Wake|Hydro Steam|p2a: Saturn\n|-immune|p2a: Saturn|[from] ability: Water Absorb\n|move|p2a: Saturn|Sludge Bomb|p1a: Walking Wake\n|-damage|p1a: Walking Wake|0 fnt\n|faint|p1a: Walking Wake\n|-end|p1a: Walking Wake|Protosynthesis|[silent]\n|\n|-weather|SunnyDay|[upkeep]\n|upkeep\n|\n|t:|1783822210\n|switch|p1a: Hurricane Spam|Pelipper, F, shiny|100/100\n|-weather|RainDance|[from] ability: Drizzle|[of] p1a: Hurricane Spam\n|turn|8\n|\n|t:|1783822216\n|move|p1a: Hurricane Spam|Hurricane|p2a: Saturn\n|-damage|p2a: Saturn|30/100\n|-start|p2a: Saturn|confusion\n|-activate|p2a: Saturn|confusion\n|-damage|p2a: Saturn|23/100|[from] confusion\n|\n|-weather|RainDance|[upkeep]\n|upkeep\n|turn|9\n|\n|t:|1783822236\n|switch|p2a: Miller|Cresselia, F, shiny|100/100\n|move|p1a: Hurricane Spam|Hurricane|p2a: Miller\n|-damage|p2a: Miller|56/100\n|\n|-weather|RainDance|[upkeep]\n|upkeep\n|turn|10\n|\n|t:|1783822238\n|move|p1a: Hurricane Spam|Hurricane|p2a: Miller\n|-damage|p2a: Miller|13/100\n|move|p2a: Miller|Trick Room|p2a: Miller\n|-fieldstart|move: Trick Room|[of] p2a: Miller\n|\n|-weather|RainDance|[upkeep]\n|upkeep\n|turn|11\n|\n|t:|1783822258\n|switch|p2a: Saturn|Volcanion|23/100\n|move|p1a: Hurricane Spam|Hurricane|p2a: Saturn\n|-damage|p2a: Saturn|0 fnt\n|faint|p2a: Saturn\n|\n|-weather|RainDance|[upkeep]\n|upkeep\n|\n|t:|1783822266\n|switch|p2a: TARS|Porygon2|94/100\n|-ability|p2a: TARS|Download|boost\n|-boost|p2a: TARS|spa|1\n|turn|12\n|\n|t:|1783822269\n|switch|p1a: No Lando Plz|Tyranitar, M, shiny|100/100\n|-weather|Sandstorm|[from] ability: Sand Stream|[of] p1a: No Lando Plz\n|move|p2a: TARS|Thunderbolt|p1a: No Lando Plz\n|-crit|p1a: No Lando Plz\n|-damage|p1a: No Lando Plz|75/100\n|\n|-weather|Sandstorm|[upkeep]\n|-damage|p2a: TARS|88/100|[from] Sandstorm\n|upkeep\n|turn|13\n|\n|t:|1783822287\n|switch|p2a: CASE|Iron Hands|76/100 brn\n|move|p1a: No Lando Plz|Stealth Rock|p2a: CASE\n|-sidestart|p2: eletrocity1|move: Stealth Rock\n|\n|-weather|Sandstorm|[upkeep]\n|-damage|p2a: CASE|70/100 brn|[from] Sandstorm\n|-damage|p2a: CASE|64/100 brn|[from] brn\n|upkeep\n|turn|14\n|\n|t:|1783822292\n|switch|p1a: No Hazards for You|Excadrill, M, shiny|100/100\n|move|p2a: CASE|Wild Charge|p1a: No Hazards for You\n|-immune|p1a: No Hazards for You\n|\n|-weather|Sandstorm|[upkeep]\n|-damage|p2a: CASE|58/100 brn|[from] Sandstorm\n|-damage|p2a: CASE|52/100 brn|[from] brn\n|-fieldend|move: Trick Room\n|upkeep\n|turn|15\n|\n|t:|1783822295\n|move|p1a: No Hazards for You|Earthquake|p2a: CASE\n|-supereffective|p2a: CASE\n|-damage|p2a: CASE|0 fnt\n|faint|p2a: CASE\n|-end|p2a: CASE|Quark Drive|[silent]\n|\n|-weather|Sandstorm|[upkeep]\n|upkeep\n|\n|t:|1783822298\n|switch|p2a: TARS|Porygon2|88/100\n|-damage|p2a: TARS|76/100|[from] Stealth Rock\n|-ability|p2a: TARS|Download|boost\n|-boost|p2a: TARS|atk|1\n|turn|16\n|\n|t:|1783822300\n|move|p1a: No Hazards for You|Earthquake|p2a: TARS\n|-crit|p2a: TARS\n|-damage|p2a: TARS|0 fnt\n|faint|p2a: TARS\n|\n|-weather|none\n|upkeep\n|-message|eletrocity1 forfeited.\n|\n|win|LowEL0God\n|raw|LowEL0God's rating: 1523 &rarr; <strong>1546</strong><br />(+23 for winning)\n|raw|eletrocity1's rating: 1584 &rarr; <strong>1561</strong><br />(-23 for losing)\n|l|☆eletrocity1\n|player|p2|\n|l|☆LowEL0God\n|player|p1|\n", "uploadtime": 1783822480, "views": 11, "formatid": "gen9ou", "rating": 1546, "private": 0, "password": null}