{"id": "gen9ou-2647681595", "format": "[Gen 9] OU", "players": ["Galarapio", "Franco2525"], "log": "|j|☆Galarapio\n|j|☆Franco2525\n|t:|1783795495\n|gametype|singles\n|player|p1|Galarapio|101|1146\n|player|p2|Franco2525|riley|1112\n|gen|9\n|tier|[Gen 9] OU\n|rated|\n|rule|HP Percentage Mod: HP is shown in percentages\n|rule|Endless Battle Clause: Forcing endless battles is banned\n|rule|Species Clause: Limit one of each Pokémon\n|rule|OHKO Clause: OHKO moves are banned\n|rule|Evasion Items Clause: Evasion items are banned\n|rule|Evasion Moves Clause: Evasion moves are banned\n|rule|Evasion Abilities Clause: Evasion abilities are banned\n|rule|Sleep Moves Clause: Sleep-inducing moves are banned\n|clearpoke\n|poke|p1|Torkoal, F|\n|poke|p1|Venusaur, M|\n|poke|p1|Charizard, F|\n|poke|p1|Rhyperior, M|\n|poke|p1|Clefable, M|\n|poke|p1|Quaquaval, F|\n|poke|p2|Gholdengo|\n|poke|p2|Lokix, M|\n|poke|p2|Heatran, F|\n|poke|p2|Deoxys-Speed|\n|poke|p2|Rillaboom, M|\n|poke|p2|Great Tusk|\n|teampreview\n|\n|t:|1783795508\n|teamsize|p1|6\n|teamsize|p2|6\n|start\n|switch|p1a: Torkoal|Torkoal, F|100/100\n|switch|p2a: Heatran|Heatran, F|100/100\n|-item|p2a: Heatran|Air Balloon\n|-weather|SunnyDay|[from] ability: Drought|[of] p1a: Torkoal\n|turn|1\n|\n|t:|1783795526\n|switch|p1a: Quaquaval|Quaquaval, F|100/100\n|move|p2a: Heatran|Taunt|p1a: Quaquaval\n|-start|p1a: Quaquaval|move: Taunt\n|\n|-weather|SunnyDay|[upkeep]\n|upkeep\n|turn|2\n|\n|t:|1783795540\n|switch|p2a: Rillaboom|Rillaboom, M|100/100\n|-fieldstart|move: Grassy Terrain|[from] ability: Grassy Surge|[of] p2a: Rillaboom\n|move|p1a: Quaquaval|Aqua Step|p2a: Rillaboom\n|-resisted|p2a: Rillaboom\n|-damage|p2a: Rillaboom|91/100\n|-boost|p1a: Quaquaval|spe|1\n|\n|-weather|SunnyDay|[upkeep]\n|-heal|p2a: Rillaboom|97/100|[from] Grassy Terrain\n|upkeep\n|turn|3\n|\n|t:|1783795555\n|switch|p1a: Charizard|Charizard, F|100/100\n|move|p2a: Rillaboom|Grassy Glide|p1a: Charizard\n|-resisted|p1a: Charizard\n|-damage|p1a: Charizard|86/100\n|\n|-weather|SunnyDay|[upkeep]\n|-damage|p1a: Charizard|74/100|[from] ability: Solar Power|[of] p1a: Charizard\n|-heal|p2a: Rillaboom|100/100|[from] Grassy Terrain\n|upkeep\n|turn|4\n|inactive|Battle timer is ON: inactive players will automatically lose when time's up. (requested by Galarapio)\n|\n|t:|1783795564\n|switch|p2a: Heatran|Heatran, F|100/100\n|-item|p2a: Heatran|Air Balloon\n|move|p1a: Charizard|Air Slash|p2a: Heatran\n|-resisted|p2a: Heatran\n|-damage|p2a: Heatran|71/100\n|-enditem|p2a: Heatran|Air Balloon\n|\n|-weather|SunnyDay|[upkeep]\n|-damage|p1a: Charizard|61/100|[from] ability: Solar Power|[of] p1a: Charizard\n|-heal|p2a: Heatran|77/100|[from] Grassy Terrain\n|upkeep\n|turn|5\n|\n|t:|1783795573\n|switch|p1a: Quaquaval|Quaquaval, F|100/100\n|move|p2a: Heatran|Magma Storm|p1a: Quaquaval\n|-resisted|p1a: Quaquaval\n|-damage|p1a: Quaquaval|50/100\n|-activate|p1a: Quaquaval|move: Magma Storm|[of] p2a: Heatran\n|\n|-weather|SunnyDay|[upkeep]\n|-heal|p1a: Quaquaval|56/100|[from] Grassy Terrain\n|-heal|p2a: Heatran|83/100|[from] Grassy Terrain\n|-damage|p1a: Quaquaval|44/100|[from] move: Magma Storm|[partiallytrapped]\n|upkeep\n|turn|6\n|\n|t:|1783795585\n|switch|p2a: Rillaboom|Rillaboom, M|100/100\n|move|p1a: Quaquaval|Close Combat|p2a: Rillaboom\n|-damage|p2a: Rillaboom|45/100\n|-unboost|p1a: Quaquaval|def|1\n|-unboost|p1a: Quaquaval|spd|1\n|\n|-weather|SunnyDay|[upkeep]\n|-heal|p1a: Quaquaval|50/100|[from] Grassy Terrain\n|-heal|p2a: Rillaboom|52/100|[from] Grassy Terrain\n|-end|p1a: Quaquaval|Magma Storm|[partiallytrapped]|[silent]\n|-fieldend|move: Grassy Terrain\n|upkeep\n|turn|7\n|\n|t:|1783795592\n|switch|p1a: Charizard|Charizard, F|61/100\n|move|p2a: Rillaboom|Knock Off|p1a: Charizard\n|-damage|p1a: Charizard|9/100\n|-enditem|p1a: Charizard|Choice Scarf|[from] move: Knock Off|[of] p2a: Rillaboom\n|\n|-weather|SunnyDay|[upkeep]\n|-damage|p1a: Charizard|0 fnt|[from] ability: Solar Power|[of] p1a: Charizard\n|faint|p1a: Charizard\n|upkeep\n|\n|t:|1783795613\n|switch|p1a: Quaquaval|Quaquaval, F|50/100\n|turn|8\n|\n|t:|1783795615\n|move|p1a: Quaquaval|Close Combat|p2a: Rillaboom\n|-damage|p2a: Rillaboom|0 fnt\n|-unboost|p1a: Quaquaval|def|1\n|-unboost|p1a: Quaquaval|spd|1\n|faint|p2a: Rillaboom\n|-ability|p1a: Quaquaval|Moxie|boost\n|-boost|p1a: Quaquaval|atk|1\n|\n|-weather|none\n|upkeep\n|\n|t:|1783795622\n|switch|p2a: Lokix|Lokix, M|100/100\n|turn|9\n|\n|t:|1783795625\n|switch|p1a: Rhyperior|Rhyperior, M|100/100\n|move|p2a: Lokix|First Impression|p1a: Rhyperior\n|-damage|p1a: Rhyperior|72/100\n|\n|-heal|p1a: Rhyperior|78/100|[from] item: Leftovers\n|upkeep\n|turn|10\n|\n|t:|1783795634\n|switch|p2a: Great Tusk|Great Tusk|100/100\n|move|p1a: Rhyperior|Stealth Rock|p2a: Great Tusk\n|-sidestart|p2: Franco2525|move: Stealth Rock\n|\n|-heal|p1a: Rhyperior|84/100|[from] item: Leftovers\n|upkeep\n|turn|11\n|\n|t:|1783795653\n|switch|p1a: Torkoal|Torkoal, F|100/100\n|-weather|SunnyDay|[from] ability: Drought|[of] p1a: Torkoal\n|-activate|p2a: Great Tusk|ability: Protosynthesis\n|-start|p2a: Great Tusk|protosynthesisatk\n|move|p2a: Great Tusk|Rapid Spin|p1a: Torkoal\n|-damage|p1a: Torkoal|87/100\n|-boost|p2a: Great Tusk|spe|1\n|-sideend|p2: Franco2525|Stealth Rock|[from] move: Rapid Spin|[of] p2a: Great Tusk\n|\n|-weather|SunnyDay|[upkeep]\n|upkeep\n|turn|12\n|\n|t:|1783795663\n|move|p2a: Great Tusk|Ice Spinner|p1a: Torkoal\n|-resisted|p1a: Torkoal\n|-damage|p1a: Torkoal|75/100\n|move|p1a: Torkoal|Clear Smog|p2a: Great Tusk\n|-resisted|p2a: Great Tusk\n|-damage|p2a: Great Tusk|93/100\n|-clearboost|p2a: Great Tusk\n|\n|-weather|SunnyDay|[upkeep]\n|upkeep\n|turn|13\n|\n|t:|1783795673\n|move|p2a: Great Tusk|Headlong Rush|p1a: Torkoal\n|-supereffective|p1a: Torkoal\n|-damage|p1a: Torkoal|0 fnt\n|-unboost|p2a: Great Tusk|def|1\n|-unboost|p2a: Great Tusk|spd|1\n|faint|p1a: Torkoal\n|\n|-weather|SunnyDay|[upkeep]\n|upkeep\n|\n|t:|1783795677\n|switch|p1a: Venusaur|Venusaur, M|100/100\n|turn|14\n|\n|t:|1783795681\n|move|p1a: Venusaur|Growth|p1a: Venusaur\n|-boost|p1a: Venusaur|atk|2\n|-boost|p1a: Venusaur|spa|2\n|move|p2a: Great Tusk|Ice Spinner|p1a: Venusaur\n|-supereffective|p1a: Venusaur\n|-damage|p1a: Venusaur|10/100\n|\n|-weather|SunnyDay|[upkeep]\n|upkeep\n|turn|15\n|\n|t:|1783795687\n|-terastallize|p2a: Great Tusk|Steel\n|move|p1a: Venusaur|Giga Drain|p2a: Great Tusk\n|-resisted|p2a: Great Tusk\n|-damage|p2a: Great Tusk|0 fnt\n|-heal|p1a: Venusaur|67/100|[from] drain|[of] p2a: Great Tusk\n|faint|p2a: Great Tusk\n|-end|p2a: Great Tusk|Protosynthesis|[silent]\n|-damage|p1a: Venusaur|57/100|[from] item: Life Orb\n|\n|-weather|SunnyDay|[upkeep]\n|upkeep\n|\n|t:|1783795696\n|switch|p2a: Lokix|Lokix, M|100/100\n|turn|16\n|\n|t:|1783795701\n|switch|p1a: Rhyperior|Rhyperior, M|84/100\n|move|p2a: Lokix|First Impression|p1a: Rhyperior\n|-damage|p1a: Rhyperior|53/100\n|\n|-weather|SunnyDay|[upkeep]\n|-heal|p1a: Rhyperior|59/100|[from] item: Leftovers\n|upkeep\n|turn|17\n|\n|t:|1783795710\n|switch|p2a: Gholdengo|Gholdengo|100/100\n|-item|p2a: Gholdengo|Air Balloon\n|move|p1a: Rhyperior|Stealth Rock|p2a: Gholdengo\n|-sidestart|p2: Franco2525|move: Stealth Rock\n|\n|-weather|SunnyDay|[upkeep]\n|-heal|p1a: Rhyperior|65/100|[from] item: Leftovers\n|upkeep\n|turn|18\n|\n|t:|1783795717\n|switch|p1a: Clefable|Clefable, M|100/100\n|move|p2a: Gholdengo|Shadow Ball|p1a: Clefable\n|-damage|p1a: Clefable|70/100\n|\n|-weather|none\n|-heal|p1a: Clefable|76/100|[from] item: Leftovers\n|upkeep\n|turn|19\n|\n|t:|1783795724\n|move|p2a: Gholdengo|Nasty Plot|p2a: Gholdengo\n|-boost|p2a: Gholdengo|spa|2\n|move|p1a: Clefable|Night Shade|p2a: Gholdengo\n|-damage|p2a: Gholdengo|69/100\n|-enditem|p2a: Gholdengo|Air Balloon\n|\n|-heal|p1a: Clefable|82/100|[from] item: Leftovers\n|upkeep\n|turn|20\n|\n|t:|1783795729\n|move|p2a: Gholdengo|Make It Rain|p1a: Clefable\n|-supereffective|p1a: Clefable\n|-damage|p1a: Clefable|1/100\n|-unboost|p2a: Gholdengo|spa|1\n|move|p1a: Clefable|Wish|p1a: Clefable\n|\n|-heal|p1a: Clefable|7/100|[from] item: Leftovers\n|upkeep\n|turn|21\n|\n|t:|1783795739\n|move|p1a: Clefable|Protect|p1a: Clefable\n|-singleturn|p1a: Clefable|Protect\n|move|p2a: Gholdengo|Shadow Ball|p1a: Clefable\n|-activate|p1a: Clefable|move: Protect\n|\n|-heal|p1a: Clefable|57/100|[from] move: Wish|[wisher] Clefable\n|-heal|p1a: Clefable|63/100|[from] item: Leftovers\n|upkeep\n|turn|22\n|\n|t:|1783795749\n|move|p2a: Gholdengo|Make It Rain|p1a: Clefable\n|-supereffective|p1a: Clefable\n|-damage|p1a: Clefable|0 fnt\n|-unboost|p2a: Gholdengo|spa|1\n|faint|p1a: Clefable\n|\n|upkeep\n|\n|t:|1783795760\n|switch|p1a: Quaquaval|Quaquaval, F|50/100\n|turn|23\n|\n|t:|1783795768\n|move|p1a: Quaquaval|Aqua Step|p2a: Gholdengo\n|-damage|p2a: Gholdengo|22/100\n|-boost|p1a: Quaquaval|spe|1\n|move|p2a: Gholdengo|Shadow Ball|p1a: Quaquaval\n|-damage|p1a: Quaquaval|0 fnt\n|faint|p1a: Quaquaval\n|\n|upkeep\n|\n|t:|1783795775\n|switch|p1a: Rhyperior|Rhyperior, M|65/100\n|turn|24\n|\n|t:|1783795779\n|move|p2a: Gholdengo|Make It Rain|p1a: Rhyperior\n|-supereffective|p1a: Rhyperior\n|-damage|p1a: Rhyperior|0 fnt\n|-unboost|p2a: Gholdengo|spa|1\n|faint|p1a: Rhyperior\n|\n|upkeep\n|-message|Galarapio forfeited.\n|\n|win|Franco2525\n|raw|Galarapio's rating: 1146 &rarr; <strong>1119</strong><br />(-27 for losing)\n|raw|Franco2525's rating: 1112 &rarr; <strong>1139</strong><br />(+27 for winning)\n|l|☆Galarapio\n|player|p1|\n|c|☆Franco2525|wp}\n|l|☆Franco2525\n|player|p2|\n", "uploadtime": 1783796116, "views": 14, "formatid": "gen9ou", "rating": 1119, "private": 0, "password": null}