{"id": "gen9ou-2639309946", "format": "[Gen 9] OU", "players": ["infopro play392", "XDSABERY"], "log": "|j|☆infopro play392\n|j|☆XDSABERY\n|t:|1782450482\n|gametype|singles\n|player|p1|infopro play392|gambler|1369\n|player|p2|XDSABERY|101|1492\n|gen|9\n|tier|[Gen 9] OU\n|rated|\n|rule|HP Percentage Mod: HP is shown in percentages\n|rule|Endless Battle Clause: Forcing endless battles is banned\n|rule|Species Clause: Limit one of each Pokémon\n|rule|OHKO Clause: OHKO moves are banned\n|rule|Evasion Items Clause: Evasion items are banned\n|rule|Evasion Moves Clause: Evasion moves are banned\n|rule|Evasion Abilities Clause: Evasion abilities are banned\n|rule|Sleep Moves Clause: Sleep-inducing moves are banned\n|clearpoke\n|poke|p1|Ogerpon, F|\n|poke|p1|Alomomola, M|\n|poke|p1|Infernape, M|\n|poke|p1|Iron Crown|\n|poke|p1|Landorus-Therian, M|\n|poke|p1|Great Tusk|\n|poke|p2|Gholdengo|\n|poke|p2|Garganacl, F|\n|poke|p2|Volcanion|\n|poke|p2|Great Tusk|\n|poke|p2|Zapdos|\n|poke|p2|Meowscarada, F|\n|teampreview\n|inactive|Battle timer is ON: inactive players will automatically lose when time's up. (requested by infopro play392)\n|\n|t:|1782450499\n|teamsize|p1|6\n|teamsize|p2|6\n|start\n|switch|p1a: Infernape|Infernape, M, shiny|100/100\n|switch|p2a: Meowscarada|Meowscarada, F|100/100\n|turn|1\n|\n|t:|1782450507\n|switch|p2a: Zapdos|Zapdos|100/100\n|switch|p1a: Alomomola|Alomomola, M, shiny|100/100\n|\n|upkeep\n|turn|2\n|\n|t:|1782450516\n|switch|p1a: Landorus|Landorus-Therian, M, shiny|100/100\n|-ability|p1a: Landorus|Intimidate|boost\n|-unboost|p2a: Zapdos|atk|1\n|move|p2a: Zapdos|Discharge|p1a: Landorus\n|-immune|p1a: Landorus\n|\n|upkeep\n|turn|3\n|\n|t:|1782450522\n|move|p1a: Landorus|Stealth Rock|p2a: Zapdos\n|-sidestart|p2: XDSABERY|move: Stealth Rock\n|move|p2a: Zapdos|Hurricane|p1a: Landorus\n|-damage|p1a: Landorus|49/100\n|\n|-heal|p1a: Landorus|55/100|[from] item: Leftovers\n|upkeep\n|turn|4\n|\n|t:|1782450527\n|move|p1a: Landorus|Stone Edge|p2a: Zapdos|[miss]\n|-miss|p1a: Landorus|p2a: Zapdos\n|move|p2a: Zapdos|U-turn|p1a: Landorus\n|-resisted|p1a: Landorus\n|-damage|p1a: Landorus|51/100\n|\n|t:|1782450531\n|switch|p2a: Great Tusk|Great Tusk|100/100|[from] U-turn\n|\n|-heal|p1a: Landorus|57/100|[from] item: Leftovers\n|upkeep\n|turn|5\n|\n|t:|1782450541\n|move|p1a: Landorus|U-turn|p2a: Great Tusk\n|-resisted|p2a: Great Tusk\n|-damage|p2a: Great Tusk|92/100\n|\n|t:|1782450544\n|switch|p1a: Alomomola|Alomomola, M, shiny|100/100|[from] U-turn\n|move|p2a: Great Tusk|Ice Spinner|p1a: Alomomola\n|-resisted|p1a: Alomomola\n|-damage|p1a: Alomomola|93/100\n|-damage|p2a: Great Tusk|75/100|[from] item: Rocky Helmet|[of] p1a: Alomomola\n|\n|upkeep\n|turn|6\n|\n|t:|1782450552\n|-end|p2a: Great Tusk|Protosynthesis|[silent]\n|switch|p2a: Zapdos|Zapdos|100/100\n|move|p1a: Alomomola|Flip Turn|p2a: Zapdos\n|-damage|p2a: Zapdos|89/100\n|-status|p1a: Alomomola|par|[from] ability: Static|[of] p2a: Zapdos\n|\n|t:|1782450560\n|switch|p1a: Landorus|Landorus-Therian, M, shiny|57/100|[from] Flip Turn\n|-ability|p1a: Landorus|Intimidate|boost\n|-unboost|p2a: Zapdos|atk|1\n|\n|-heal|p1a: Landorus|63/100|[from] item: Leftovers\n|upkeep\n|turn|7\n|\n|t:|1782450572\n|move|p1a: Landorus|Stone Edge|p2a: Zapdos\n|-supereffective|p2a: Zapdos\n|-damage|p2a: Zapdos|46/100\n|move|p2a: Zapdos|Hurricane|p1a: Landorus|[miss]\n|-miss|p2a: Zapdos|p1a: Landorus\n|\n|-heal|p1a: Landorus|69/100|[from] item: Leftovers\n|upkeep\n|turn|8\n|\n|t:|1782450578\n|move|p1a: Landorus|Stone Edge|p2a: Zapdos\n|-supereffective|p2a: Zapdos\n|-damage|p2a: Zapdos|0 fnt\n|faint|p2a: Zapdos\n|\n|-heal|p1a: Landorus|75/100|[from] item: Leftovers\n|upkeep\n|\n|t:|1782450581\n|switch|p2a: Great Tusk|Great Tusk|75/100\n|turn|9\n|\n|t:|1782450585\n|switch|p1a: Alomomola|Alomomola, M, shiny|100/100 par\n|move|p2a: Great Tusk|Rapid Spin|p1a: Alomomola\n|-damage|p1a: Alomomola|92/100 par\n|-boost|p2a: Great Tusk|spe|1\n|-damage|p2a: Great Tusk|59/100|[from] item: Rocky Helmet|[of] p1a: Alomomola\n|-sideend|p2: XDSABERY|Stealth Rock|[from] move: Rapid Spin|[of] p2a: Great Tusk\n|\n|upkeep\n|turn|10\n|\n|t:|1782450590\n|-end|p2a: Great Tusk|Protosynthesis|[silent]\n|switch|p2a: Volcanion|Volcanion|100/100\n|move|p1a: Alomomola|Flip Turn|p2a: Volcanion\n|-immune|p2a: Volcanion|[from] ability: Water Absorb\n|\n|upkeep\n|turn|11\n|\n|t:|1782450601\n|move|p1a: Alomomola|Protect|p1a: Alomomola\n|-singleturn|p1a: Alomomola|Protect\n|move|p2a: Volcanion|Steam Eruption|p1a: Alomomola\n|-activate|p1a: Alomomola|move: Protect\n|\n|upkeep\n|turn|12\n|\n|t:|1782450606\n|switch|p1a: Iron Crown|Iron Crown|100/100\n|move|p2a: Volcanion|Steam Eruption|p1a: Iron Crown\n|-crit|p1a: Iron Crown\n|-damage|p1a: Iron Crown|36/100\n|-status|p1a: Iron Crown|brn\n|\n|-damage|p1a: Iron Crown|29/100 brn|[from] brn\n|upkeep\n|turn|13\n|\n|t:|1782450613\n|switch|p2a: Gholdengo|Gholdengo|100/100\n|move|p1a: Iron Crown|Volt Switch|p2a: Gholdengo\n|-damage|p2a: Gholdengo|71/100\n|\n|t:|1782450619\n|-end|p1a: Iron Crown|Quark Drive|[silent]\n|switch|p1a: Infernape|Infernape, M, shiny|100/100|[from] Volt Switch\n|\n|upkeep\n|turn|14\n|\n|t:|1782450625\n|move|p2a: Gholdengo|Shadow Ball|p1a: Infernape\n|-damage|p1a: Infernape|33/100\n|move|p1a: Infernape|Fire Punch|p2a: Gholdengo\n|-supereffective|p2a: Gholdengo\n|-damage|p2a: Gholdengo|0 fnt\n|faint|p2a: Gholdengo\n|-damage|p1a: Infernape|23/100|[from] item: Life Orb\n|\n|upkeep\n|\n|t:|1782450635\n|switch|p2a: Meowscarada|Meowscarada, F|100/100\n|turn|15\n|\n|t:|1782450642\n|move|p1a: Infernape|Mach Punch|p2a: Meowscarada\n|-supereffective|p2a: Meowscarada\n|-crit|p2a: Meowscarada\n|-damage|p2a: Meowscarada|0 fnt\n|faint|p2a: Meowscarada\n|-damage|p1a: Infernape|13/100|[from] item: Life Orb\n|\n|upkeep\n|-message|XDSABERY forfeited.\n|\n|win|infopro play392\n|raw|infopro play392's rating: 1369 &rarr; <strong>1396</strong><br />(+27 for winning)\n|raw|XDSABERY's rating: 1492 &rarr; <strong>1465</strong><br />(-27 for losing)\n|l|☆XDSABERY\n|player|p2|\n|l|☆infopro play392\n|player|p1|\n", "uploadtime": 1782450854, "views": 3, "formatid": "gen9ou", "rating": 1396, "private": 0, "password": null}