{"id": "gen9ou-2647783843", "format": "[Gen 9] OU", "players": ["capitolg", "JoYuKneekYT"], "log": "|j|☆capitolg\n|j|☆JoYuKneekYT\n|t:|1783811981\n|gametype|singles\n|player|p1|capitolg|bellelba|1306\n|player|p2|JoYuKneekYT|cynthia|1335\n|gen|9\n|tier|[Gen 9] OU\n|rated|\n|rule|HP Percentage Mod: HP is shown in percentages\n|rule|Endless Battle Clause: Forcing endless battles is banned\n|rule|Species Clause: Limit one of each Pokémon\n|rule|OHKO Clause: OHKO moves are banned\n|rule|Evasion Items Clause: Evasion items are banned\n|rule|Evasion Moves Clause: Evasion moves are banned\n|rule|Evasion Abilities Clause: Evasion abilities are banned\n|rule|Sleep Moves Clause: Sleep-inducing moves are banned\n|clearpoke\n|poke|p1|Vikavolt, M|\n|poke|p1|Serperior, M|\n|poke|p1|Kingambit, M|\n|poke|p1|Milotic, M|\n|poke|p1|Cinderace, M|\n|poke|p1|Skeledirge, F|\n|poke|p2|Oricorio-Pom-Pom, F|\n|poke|p2|Ceruledge, M|\n|poke|p2|Grimmsnarl, M|\n|poke|p2|Decidueye-Hisui, F|\n|poke|p2|Cinderace, M|\n|poke|p2|Ogerpon-Wellspring, F|\n|teampreview\n|\n|t:|1783811998\n|teamsize|p1|6\n|teamsize|p2|6\n|start\n|switch|p1a: Vikavolt|Vikavolt, M, shiny|100/100\n|switch|p2a: Cinderace|Cinderace, M|100/100\n|turn|1\n|\n|t:|1783812001\n|move|p2a: Cinderace|Pyro Ball|p1a: Vikavolt\n|-supereffective|p1a: Vikavolt\n|-enditem|p1a: Vikavolt|Focus Sash\n|-damage|p1a: Vikavolt|1/100\n|move|p1a: Vikavolt|Sticky Web|p2a: Cinderace\n|-sidestart|p2: JoYuKneekYT|move: Sticky Web\n|\n|upkeep\n|turn|2\n|\n|t:|1783812019\n|move|p2a: Cinderace|Pyro Ball|p1a: Vikavolt\n|-supereffective|p1a: Vikavolt\n|-damage|p1a: Vikavolt|0 fnt\n|faint|p1a: Vikavolt\n|\n|upkeep\n|\n|t:|1783812021\n|switch|p1a: Cinderace|Cinderace, M|100/100\n|turn|3\n|\n|t:|1783812031\n|move|p2a: Cinderace|High Jump Kick|p1a: Cinderace\n|-start|p2a: Cinderace|typechange|Fighting|[from] ability: Libero\n|-damage|p1a: Cinderace|9/100\n|move|p1a: Cinderace|Super Fang|p2a: Cinderace\n|-start|p1a: Cinderace|typechange|Normal|[from] ability: Libero\n|-damage|p2a: Cinderace|51/100\n|\n|upkeep\n|turn|4\n|\n|t:|1783812040\n|move|p2a: Cinderace|Pyro Ball|p1a: Cinderace\n|-damage|p1a: Cinderace|0 fnt\n|faint|p1a: Cinderace\n|\n|upkeep\n|\n|t:|1783812053\n|switch|p1a: Skeledirge|Skeledirge, F|100/100\n|-item|p1a: Skeledirge|Air Balloon\n|turn|5\n|\n|t:|1783812055\n|move|p2a: Cinderace|Court Change|p2a: Cinderace\n|-swapsideconditions\n|-activate|p2a: Cinderace|move: Court Change\n|move|p1a: Skeledirge|Alluring Voice|p2a: Cinderace\n|-supereffective|p2a: Cinderace\n|-damage|p2a: Cinderace|0 fnt\n|faint|p2a: Cinderace\n|\n|upkeep\n|\n|t:|1783812063\n|switch|p2a: Grimmsnarl|Grimmsnarl, M|100/100\n|turn|6\n|\n|t:|1783812069\n|move|p2a: Grimmsnarl|Light Screen|p2a: Grimmsnarl\n|-sidestart|p2: JoYuKneekYT|move: Light Screen\n|move|p1a: Skeledirge|Torch Song|p2a: Grimmsnarl\n|-damage|p2a: Grimmsnarl|86/100\n|-boost|p1a: Skeledirge|spa|1\n|\n|upkeep\n|turn|7\n|\n|t:|1783812071\n|move|p1a: Skeledirge|Torch Song|p2a: Grimmsnarl\n|-damage|p2a: Grimmsnarl|64/100\n|-boost|p1a: Skeledirge|spa|1\n|move|p2a: Grimmsnarl|Spirit Break|p1a: Skeledirge\n|-resisted|p1a: Skeledirge\n|-damage|p1a: Skeledirge|89/100\n|-unboost|p1a: Skeledirge|spa|1\n|-enditem|p1a: Skeledirge|Air Balloon\n|\n|upkeep\n|turn|8\n|\n|t:|1783812076\n|switch|p1a: Kingambit|Kingambit, M|100/100\n|-activate|p1a: Kingambit|move: Sticky Web\n|-unboost|p1a: Kingambit|spe|1\n|-ability|p1a: Kingambit|Defiant|boost\n|-boost|p1a: Kingambit|atk|2\n|move|p2a: Grimmsnarl|Parting Shot|p1a: Kingambit\n|-hint|Since gen 7, Dark is immune to Prankster moves.\n|-immune|p1a: Kingambit\n|\n|upkeep\n|turn|9\n|\n|t:|1783812080\n|move|p2a: Grimmsnarl|Reflect|p2a: Grimmsnarl\n|-sidestart|p2: JoYuKneekYT|Reflect\n|move|p1a: Kingambit|Brick Break|p2a: Grimmsnarl\n|-sideend|p2: JoYuKneekYT|Reflect\n|-sideend|p2: JoYuKneekYT|move: Light Screen\n|-damage|p2a: Grimmsnarl|0 fnt\n|faint|p2a: Grimmsnarl\n|\n|upkeep\n|\n|t:|1783812085\n|switch|p2a: Decidueye|Decidueye-Hisui, F|100/100\n|turn|10\n|\n|t:|1783812088\n|switch|p1a: Skeledirge|Skeledirge, F|89/100\n|-activate|p1a: Skeledirge|move: Sticky Web\n|-unboost|p1a: Skeledirge|spe|1\n|move|p2a: Decidueye|Triple Arrows|p1a: Skeledirge\n|-damage|p1a: Skeledirge|54/100\n|\n|upkeep\n|turn|11\n|\n|t:|1783812094\n|-terastallize|p2a: Decidueye|Dark\n|move|p2a: Decidueye|Sucker Punch|p1a: Skeledirge\n|-supereffective|p1a: Skeledirge\n|-damage|p1a: Skeledirge|0 fnt\n|faint|p1a: Skeledirge\n|\n|upkeep\n|\n|t:|1783812097\n|switch|p1a: Milotic|Milotic, M|100/100\n|-activate|p1a: Milotic|move: Sticky Web\n|-unboost|p1a: Milotic|spe|1\n|-ability|p1a: Milotic|Competitive|boost\n|-boost|p1a: Milotic|spa|2\n|turn|12\n|\n|t:|1783812102\n|-terastallize|p1a: Milotic|Grass\n|move|p2a: Decidueye|Triple Arrows|p1a: Milotic\n|-damage|p1a: Milotic|46/100\n|-unboost|p1a: Milotic|def|1\n|-ability|p1a: Milotic|Competitive|boost\n|-boost|p1a: Milotic|spa|2\n|move|p1a: Milotic|Draining Kiss|p2a: Decidueye\n|-supereffective|p2a: Decidueye\n|-damage|p2a: Decidueye|14/100\n|-heal|p1a: Milotic|100/100|[from] drain|[of] p2a: Decidueye\n|\n|-heal|p2a: Decidueye|20/100|[from] item: Leftovers\n|upkeep\n|turn|13\n|\n|t:|1783812111\n|move|p2a: Decidueye|Triple Arrows|p1a: Milotic\n|-damage|p1a: Milotic|17/100\n|-unboost|p1a: Milotic|def|1\n|-ability|p1a: Milotic|Competitive|boost\n|-boost|p1a: Milotic|spa|2\n|move|p1a: Milotic|Dragon Breath|p2a: Decidueye\n|-damage|p2a: Decidueye|0 fnt\n|faint|p2a: Decidueye\n|\n|upkeep\n|\n|t:|1783812117\n|switch|p2a: Ogerpon|Ogerpon-Wellspring, F|100/100\n|turn|14\n|\n|t:|1783812121\n|move|p2a: Ogerpon|Trailblaze|p1a: Milotic\n|-resisted|p1a: Milotic\n|-damage|p1a: Milotic|0 fnt\n|-boost|p2a: Ogerpon|spe|1\n|faint|p1a: Milotic\n|\n|upkeep\n|\n|t:|1783812123\n|switch|p1a: Serperior|Serperior, M|100/100\n|-activate|p1a: Serperior|move: Sticky Web\n|-boost|p1a: Serperior|spe|1\n|turn|15\n|\n|t:|1783812135\n|move|p1a: Serperior|Leaf Storm|p2a: Ogerpon\n|-crit|p2a: Ogerpon\n|-damage|p2a: Ogerpon|24/100\n|-boost|p1a: Serperior|spa|2\n|move|p2a: Ogerpon|Ivy Cudgel|p1a: Serperior|[anim] Ivy Cudgel Water\n|-resisted|p1a: Serperior\n|-damage|p1a: Serperior|61/100\n|\n|-heal|p1a: Serperior|68/100|[from] item: Leftovers\n|upkeep\n|turn|16\n|\n|t:|1783812138\n|move|p1a: Serperior|Leaf Storm|p2a: Ogerpon\n|-damage|p2a: Ogerpon|0 fnt\n|-boost|p1a: Serperior|spa|2\n|faint|p2a: Ogerpon\n|\n|-heal|p1a: Serperior|74/100|[from] item: Leftovers\n|upkeep\n|\n|t:|1783812141\n|switch|p2a: Ceruledge|Ceruledge, M|100/100\n|turn|17\n|\n|t:|1783812146\n|move|p1a: Serperior|Leaf Storm|p2a: Ceruledge|[miss]\n|-miss|p1a: Serperior|p2a: Ceruledge\n|move|p2a: Ceruledge|Bitter Blade|p1a: Serperior\n|-supereffective|p1a: Serperior\n|-damage|p1a: Serperior|0 fnt\n|faint|p1a: Serperior\n|\n|upkeep\n|\n|t:|1783812148\n|switch|p1a: Kingambit|Kingambit, M|100/100\n|-activate|p1a: Kingambit|move: Sticky Web\n|-unboost|p1a: Kingambit|spe|1\n|-ability|p1a: Kingambit|Defiant|boost\n|-boost|p1a: Kingambit|atk|2\n|turn|18\n|\n|t:|1783812152\n|move|p1a: Kingambit|Sucker Punch|p2a: Ceruledge\n|-supereffective|p2a: Ceruledge\n|-enditem|p2a: Ceruledge|Focus Sash\n|-damage|p2a: Ceruledge|1/100\n|-ability|p2a: Ceruledge|Weak Armor|boost\n|-unboost|p2a: Ceruledge|def|1\n|-boost|p2a: Ceruledge|spe|2\n|move|p2a: Ceruledge|Close Combat|p1a: Kingambit\n|-supereffective|p1a: Kingambit\n|-damage|p1a: Kingambit|0 fnt\n|-unboost|p2a: Ceruledge|def|1\n|-unboost|p2a: Ceruledge|spd|1\n|faint|p1a: Kingambit\n|\n|win|JoYuKneekYT\n|raw|capitolg's rating: 1306 &rarr; <strong>1288</strong><br />(-18 for losing)\n|raw|JoYuKneekYT's rating: 1335 &rarr; <strong>1353</strong><br />(+18 for winning)\n|l|☆capitolg\n|player|p1|\n|l|☆JoYuKneekYT\n|player|p2|\n", "uploadtime": 1783812535, "views": 5, "formatid": "gen9ou", "rating": 1288, "private": 0, "password": null}