{"id": "gen9ou-2647761519", "format": "[Gen 9] OU", "players": ["MAGAboominGOOCH", "ATOYOION"], "log": "|j|☆MAGAboominGOOCH\n|j|☆ATOYOION\n|t:|1783808042\n|gametype|singles\n|player|p1|MAGAboominGOOCH|supernerd|1143\n|player|p2|ATOYOION|102|1082\n|gen|9\n|tier|[Gen 9] OU\n|rated|\n|rule|HP Percentage Mod: HP is shown in percentages\n|rule|Endless Battle Clause: Forcing endless battles is banned\n|rule|Species Clause: Limit one of each Pokémon\n|rule|OHKO Clause: OHKO moves are banned\n|rule|Evasion Items Clause: Evasion items are banned\n|rule|Evasion Moves Clause: Evasion moves are banned\n|rule|Evasion Abilities Clause: Evasion abilities are banned\n|rule|Sleep Moves Clause: Sleep-inducing moves are banned\n|clearpoke\n|poke|p1|Polteageist-Antique|\n|poke|p1|Blastoise, M|\n|poke|p1|Torterra, M|\n|poke|p1|Cloyster, M|\n|poke|p1|Drednaw, M|\n|poke|p1|Magcargo, F|\n|poke|p2|Garganacl, M|\n|poke|p2|Dondozo, F|\n|poke|p2|Clodsire, F|\n|poke|p2|Blissey, F|\n|poke|p2|Corviknight, F|\n|poke|p2|Gliscor, F|\n|teampreview\n|inactive|Battle timer is ON: inactive players will automatically lose when time's up. (requested by MAGAboominGOOCH)\n|inactive|ATOYOION has 120 seconds left.\n|inactive|ATOYOION has 90 seconds left.\n|\n|t:|1783808116\n|teamsize|p1|6\n|teamsize|p2|6\n|start\n|switch|p1a: Baewatxh|Blastoise, M|100/100\n|switch|p2a: Clodsire|Clodsire, F|100/100\n|turn|1\n|inactive|MAGAboominGOOCH has 120 seconds left.\n|\n|t:|1783808157\n|switch|p2a: Blissey|Blissey, F|100/100\n|move|p1a: Baewatxh|Shell Smash|p1a: Baewatxh\n|-unboost|p1a: Baewatxh|def|1\n|-unboost|p1a: Baewatxh|spd|1\n|-boost|p1a: Baewatxh|atk|2\n|-boost|p1a: Baewatxh|spa|2\n|-boost|p1a: Baewatxh|spe|2\n|\n|upkeep\n|turn|2\n|\n|t:|1783808173\n|switch|p2a: Dondozo|Dondozo, F|100/100\n|move|p1a: Baewatxh|Aura Sphere|p2a: Dondozo\n|-damage|p2a: Dondozo|79/100\n|\n|-heal|p2a: Dondozo|85/100|[from] item: Leftovers\n|upkeep\n|turn|3\n|\n|t:|1783808181\n|move|p1a: Baewatxh|Shell Smash|p1a: Baewatxh\n|-unboost|p1a: Baewatxh|def|1\n|-unboost|p1a: Baewatxh|spd|1\n|-boost|p1a: Baewatxh|atk|2\n|-boost|p1a: Baewatxh|spa|2\n|-boost|p1a: Baewatxh|spe|2\n|move|p2a: Dondozo|Curse|p2a: Dondozo\n|-unboost|p2a: Dondozo|spe|1\n|-boost|p2a: Dondozo|atk|1\n|-boost|p2a: Dondozo|def|1\n|\n|-heal|p2a: Dondozo|91/100|[from] item: Leftovers\n|upkeep\n|turn|4\n|\n|t:|1783808190\n|move|p1a: Baewatxh|Shell Smash|p1a: Baewatxh\n|-unboost|p1a: Baewatxh|def|1\n|-unboost|p1a: Baewatxh|spd|1\n|-boost|p1a: Baewatxh|atk|2\n|-boost|p1a: Baewatxh|spa|2\n|-boost|p1a: Baewatxh|spe|2\n|move|p2a: Dondozo|Body Press|p1a: Baewatxh\n|-damage|p1a: Baewatxh|53/100\n|\n|-heal|p2a: Dondozo|97/100|[from] item: Leftovers\n|upkeep\n|turn|5\n|inactive|MAGAboominGOOCH has 120 seconds left.\n|c|☆ATOYOION|Noob\n|\n|t:|1783808202\n|move|p1a: Baewatxh|Aura Sphere|p2a: Dondozo\n|-damage|p2a: Dondozo|79/100\n|move|p2a: Dondozo|Body Press|p1a: Baewatxh\n|-damage|p1a: Baewatxh|3/100\n|\n|-heal|p2a: Dondozo|85/100|[from] item: Leftovers\n|upkeep\n|turn|6\n|\n|t:|1783808209\n|move|p1a: Baewatxh|Aura Sphere|p2a: Dondozo\n|-damage|p2a: Dondozo|66/100\n|move|p2a: Dondozo|Body Press|p1a: Baewatxh\n|-damage|p1a: Baewatxh|0 fnt\n|faint|p1a: Baewatxh\n|\n|-heal|p2a: Dondozo|72/100|[from] item: Leftovers\n|upkeep\n|inactive|MAGAboominGOOCH has 120 seconds left.\n|\n|t:|1783808223\n|switch|p1a: FART|Torterra, M|100/100\n|turn|7\n|\n|t:|1783808246\n|-terastallize|p2a: Dondozo|Grass\n|move|p1a: FART|Shell Smash|p1a: FART\n|-unboost|p1a: FART|def|1\n|-unboost|p1a: FART|spd|1\n|-boost|p1a: FART|atk|2\n|-boost|p1a: FART|spa|2\n|-boost|p1a: FART|spe|2\n|move|p2a: Dondozo|Avalanche|p1a: FART\n|-supereffective|p1a: FART\n|-damage|p1a: FART|13/100\n|\n|-heal|p2a: Dondozo|78/100|[from] item: Leftovers\n|upkeep\n|turn|8\n|inactive|MAGAboominGOOCH has 120 seconds left.\n|\n|t:|1783808261\n|move|p1a: FART|Iron Head|p2a: Dondozo\n|-damage|p2a: Dondozo|70/100\n|move|p2a: Dondozo|Avalanche|p1a: FART\n|-supereffective|p1a: FART\n|-damage|p1a: FART|0 fnt\n|faint|p1a: FART\n|\n|-heal|p2a: Dondozo|77/100|[from] item: Leftovers\n|upkeep\n|inactive|MAGAboominGOOCH has 120 seconds left.\n|\n|t:|1783808266\n|switch|p1a: Chrysler|Cloyster, M|100/100\n|turn|9\n|\n|t:|1783808271\n|move|p1a: Chrysler|Shell Smash|p1a: Chrysler\n|-unboost|p1a: Chrysler|def|1\n|-unboost|p1a: Chrysler|spd|1\n|-boost|p1a: Chrysler|atk|2\n|-boost|p1a: Chrysler|spa|2\n|-boost|p1a: Chrysler|spe|2\n|move|p2a: Dondozo|Body Press|p1a: Chrysler\n|-supereffective|p1a: Chrysler\n|-damage|p1a: Chrysler|32/100\n|\n|-heal|p2a: Dondozo|83/100|[from] item: Leftovers\n|upkeep\n|turn|10\n|\n|t:|1783808280\n|move|p1a: Chrysler|Icicle Spear|p2a: Dondozo\n|-supereffective|p2a: Dondozo\n|-damage|p2a: Dondozo|75/100\n|-supereffective|p2a: Dondozo\n|-damage|p2a: Dondozo|68/100\n|-supereffective|p2a: Dondozo\n|-damage|p2a: Dondozo|62/100\n|-supereffective|p2a: Dondozo\n|-damage|p2a: Dondozo|55/100\n|-supereffective|p2a: Dondozo\n|-damage|p2a: Dondozo|48/100\n|-hitcount|p2a: Dondozo|5\n|move|p2a: Dondozo|Body Press|p1a: Chrysler\n|-supereffective|p1a: Chrysler\n|-damage|p1a: Chrysler|0 fnt\n|faint|p1a: Chrysler\n|\n|-heal|p2a: Dondozo|54/100|[from] item: Leftovers\n|upkeep\n|\n|t:|1783808290\n|switch|p1a: Ratatouille|Magcargo, F|100/100\n|turn|11\n|\n|t:|1783808296\n|move|p1a: Ratatouille|Shell Smash|p1a: Ratatouille\n|-unboost|p1a: Ratatouille|def|1\n|-unboost|p1a: Ratatouille|spd|1\n|-boost|p1a: Ratatouille|atk|2\n|-boost|p1a: Ratatouille|spa|2\n|-boost|p1a: Ratatouille|spe|2\n|move|p2a: Dondozo|Body Press|p1a: Ratatouille\n|-supereffective|p1a: Ratatouille\n|-crit|p1a: Ratatouille\n|-enditem|p1a: Ratatouille|Focus Sash\n|-damage|p1a: Ratatouille|1/100\n|-ability|p1a: Ratatouille|Weak Armor|boost\n|-unboost|p1a: Ratatouille|def|1\n|-boost|p1a: Ratatouille|spe|2\n|\n|-heal|p2a: Dondozo|61/100|[from] item: Leftovers\n|upkeep\n|turn|12\n|\n|t:|1783808302\n|move|p1a: Ratatouille|Flamethrower|p2a: Dondozo\n|-supereffective|p2a: Dondozo\n|-damage|p2a: Dondozo|0 fnt\n|faint|p2a: Dondozo\n|\n|upkeep\n|\n|t:|1783808308\n|switch|p2a: Clodsire|Clodsire, F|100/100\n|turn|13\n|\n|t:|1783808319\n|-terastallize|p1a: Ratatouille|Flying\n|move|p1a: Ratatouille|Earth Power|p2a: Clodsire\n|-supereffective|p2a: Clodsire\n|-damage|p2a: Clodsire|74/100\n|-unboost|p2a: Clodsire|spd|1\n|move|p2a: Clodsire|Earthquake|p1a: Ratatouille\n|-immune|p1a: Ratatouille\n|\n|upkeep\n|turn|14\n|\n|t:|1783808327\n|move|p1a: Ratatouille|Earth Power|p2a: Clodsire\n|-supereffective|p2a: Clodsire\n|-damage|p2a: Clodsire|38/100\n|move|p2a: Clodsire|Recover|p2a: Clodsire\n|-heal|p2a: Clodsire|88/100\n|\n|upkeep\n|turn|15\n|\n|t:|1783808336\n|move|p1a: Ratatouille|Flamethrower|p2a: Clodsire\n|-damage|p2a: Clodsire|58/100\n|move|p2a: Clodsire|Toxic|p1a: Ratatouille\n|-status|p1a: Ratatouille|tox\n|\n|-damage|p1a: Ratatouille|0 fnt|[from] psn\n|faint|p1a: Ratatouille\n|upkeep\n|\n|t:|1783808345\n|switch|p1a: Jawn|Drednaw, M, shiny|100/100\n|turn|16\n|\n|t:|1783808355\n|switch|p2a: Garganacl|Garganacl, M|100/100\n|move|p1a: Jawn|Liquidation|p2a: Garganacl\n|-supereffective|p2a: Garganacl\n|-damage|p2a: Garganacl|50/100\n|\n|-heal|p2a: Garganacl|56/100|[from] item: Leftovers\n|upkeep\n|turn|17\n|\n|t:|1783808368\n|move|p1a: Jawn|Shell Smash|p1a: Jawn\n|-unboost|p1a: Jawn|def|1\n|-unboost|p1a: Jawn|spd|1\n|-boost|p1a: Jawn|atk|2\n|-boost|p1a: Jawn|spa|2\n|-boost|p1a: Jawn|spe|2\n|move|p2a: Garganacl|Salt Cure|p1a: Jawn\n|-damage|p1a: Jawn|75/100\n|-start|p1a: Jawn|Salt Cure\n|\n|-heal|p2a: Garganacl|62/100|[from] item: Leftovers\n|-damage|p1a: Jawn|50/100|[from] Salt Cure\n|upkeep\n|turn|18\n|\n|t:|1783808371\n|switch|p2a: Blissey|Blissey, F|100/100\n|move|p1a: Jawn|Liquidation|p2a: Blissey\n|-damage|p2a: Blissey|20/100\n|\n|-heal|p2a: Blissey|26/100|[from] item: Leftovers\n|-damage|p1a: Jawn|25/100|[from] Salt Cure\n|upkeep\n|turn|19\n|\n|t:|1783808375\n|move|p1a: Jawn|Liquidation|p2a: Blissey\n|-damage|p2a: Blissey|0 fnt\n|faint|p2a: Blissey\n|\n|-damage|p1a: Jawn|0 fnt|[from] Salt Cure\n|faint|p1a: Jawn\n|upkeep\n|\n|t:|1783808379\n|switch|p1a: Polteageist|Polteageist-Antique|100/100\n|switch|p2a: Corviknight|Corviknight, F|100/100\n|-ability|p2a: Corviknight|Pressure\n|turn|20\n|\n|t:|1783808383\n|move|p1a: Polteageist|Shell Smash|p1a: Polteageist\n|-unboost|p1a: Polteageist|def|1\n|-unboost|p1a: Polteageist|spd|1\n|-boost|p1a: Polteageist|atk|2\n|-boost|p1a: Polteageist|spa|2\n|-boost|p1a: Polteageist|spe|2\n|move|p2a: Corviknight|Iron Head|p1a: Polteageist\n|-damage|p1a: Polteageist|29/100\n|-ability|p1a: Polteageist|Weak Armor|boost\n|-unboost|p1a: Polteageist|def|1\n|-boost|p1a: Polteageist|spe|2\n|\n|upkeep\n|turn|21\n|\n|t:|1783808390\n|move|p1a: Polteageist|Shadow Ball|p2a: Corviknight\n|-damage|p2a: Corviknight|24/100\n|move|p2a: Corviknight|Iron Head|p1a: Polteageist\n|-damage|p1a: Polteageist|0 fnt\n|faint|p1a: Polteageist\n|\n|win|ATOYOION\n|raw|MAGAboominGOOCH's rating: 1143 &rarr; <strong>1114</strong><br />(-29 for losing)\n|raw|ATOYOION's rating: 1082 &rarr; <strong>1115</strong><br />(+33 for winning)\n|l|☆ATOYOION\n|player|p2|\n|l|☆MAGAboominGOOCH\n|player|p1|\n", "uploadtime": 1783808783, "views": 3, "formatid": "gen9ou", "rating": 1114, "private": 0, "password": null}