{"id": "gen9ou-2639230566", "format": "[Gen 9] OU", "players": ["Reshirider", "ididntsayapple"], "log": "|j|☆Reshirider\n|j|☆ididntsayapple\n|t:|1782437598\n|gametype|singles\n|player|p1|Reshirider|red|1328\n|player|p2|ididntsayapple|wallace|1328\n|gen|9\n|tier|[Gen 9] OU\n|rated|\n|rule|HP Percentage Mod: HP is shown in percentages\n|rule|Endless Battle Clause: Forcing endless battles is banned\n|rule|Species Clause: Limit one of each Pokémon\n|rule|OHKO Clause: OHKO moves are banned\n|rule|Evasion Items Clause: Evasion items are banned\n|rule|Evasion Moves Clause: Evasion moves are banned\n|rule|Evasion Abilities Clause: Evasion abilities are banned\n|rule|Sleep Moves Clause: Sleep-inducing moves are banned\n|clearpoke\n|poke|p1|Pikachu, M|\n|poke|p1|Snorlax, M|\n|poke|p1|Charizard, M|\n|poke|p1|Venusaur, F|\n|poke|p1|Blastoise, F|\n|poke|p1|Lapras, F|\n|poke|p2|Regieleki|\n|poke|p2|Great Tusk|\n|poke|p2|Iron Valiant|\n|poke|p2|Lilligant-Hisui, F|\n|poke|p2|Hatterene, F|\n|poke|p2|Raging Bolt|\n|teampreview\n|inactive|Battle timer is ON: inactive players will automatically lose when time's up. (requested by ididntsayapple)\n|inactive|ididntsayapple has 120 seconds left.\n|\n|t:|1782437631\n|teamsize|p1|6\n|teamsize|p2|6\n|start\n|switch|p1a: Charizard|Charizard, M|100/100\n|switch|p2a: Regieleki|Regieleki, shiny|100/100\n|turn|1\n|\n|t:|1782437639\n|switch|p1a: Venusaur|Venusaur, F|100/100\n|move|p2a: Regieleki|Electric Terrain|p2a: Regieleki\n|-fieldstart|move: Electric Terrain\n|\n|upkeep\n|turn|2\n|\n|t:|1782437648\n|move|p2a: Regieleki|Volt Switch|p1a: Venusaur\n|-resisted|p1a: Venusaur\n|-damage|p1a: Venusaur|82/100\n|\n|t:|1782437661\n|switch|p2a: Hatterene|Hatterene, F, shiny|100/100|[from] Volt Switch\n|-enditem|p2a: Hatterene|Electric Seed\n|-boost|p2a: Hatterene|def|1|[from] item: Electric Seed\n|move|p1a: Venusaur|Sludge Bomb|p2a: Hatterene\n|-supereffective|p2a: Hatterene\n|-damage|p2a: Hatterene|4/100\n|\n|upkeep\n|turn|3\n|-activate|p1a: Venusaur|item: Quick Claw\n|\n|t:|1782437671\n|move|p1a: Venusaur|Sludge Bomb|p2a: Hatterene\n|-supereffective|p2a: Hatterene\n|-damage|p2a: Hatterene|0 fnt\n|faint|p2a: Hatterene\n|\n|upkeep\n|\n|t:|1782437685\n|switch|p2a: Lilligant|Lilligant-Hisui, F|100/100\n|-enditem|p2a: Lilligant|Electric Seed\n|-boost|p2a: Lilligant|def|1|[from] item: Electric Seed\n|turn|4\n|-activate|p1a: Venusaur|item: Quick Claw\n|\n|t:|1782437690\n|move|p1a: Venusaur|Sludge Bomb|p2a: Lilligant\n|-supereffective|p2a: Lilligant\n|-damage|p2a: Lilligant|0 fnt\n|faint|p2a: Lilligant\n|\n|upkeep\n|\n|t:|1782437707\n|switch|p2a: Raging Bolt|Raging Bolt|100/100\n|turn|5\n|\n|t:|1782437724\n|switch|p1a: Lapras|Lapras, F|100/100\n|move|p2a: Raging Bolt|Draco Meteor|p1a: Lapras\n|-damage|p1a: Lapras|50/100\n|-unboost|p2a: Raging Bolt|spa|2\n|\n|upkeep\n|turn|6\n|\n|t:|1782437746\n|-end|p2a: Raging Bolt|Protosynthesis|[silent]\n|switch|p2a: Regieleki|Regieleki, shiny|100/100\n|move|p1a: Lapras|Freeze-Dry|p2a: Regieleki\n|-damage|p2a: Regieleki|68/100\n|\n|upkeep\n|turn|7\n|\n|t:|1782437752\n|move|p1a: Lapras|Ice Shard|p2a: Regieleki\n|-crit|p2a: Regieleki\n|-damage|p2a: Regieleki|38/100\n|move|p2a: Regieleki|Volt Switch|p1a: Lapras\n|-supereffective|p1a: Lapras\n|-damage|p1a: Lapras|17/100\n|\n|t:|1782437761\n|switch|p2a: Iron Valiant|Iron Valiant|100/100|[from] Volt Switch\n|-activate|p2a: Iron Valiant|ability: Quark Drive\n|-start|p2a: Iron Valiant|quarkdrivespe\n|\n|upkeep\n|turn|8\n|\n|t:|1782437767\n|move|p2a: Iron Valiant|Shadow Ball|p1a: Lapras\n|-damage|p1a: Lapras|1/100\n|-damage|p2a: Iron Valiant|91/100|[from] item: Life Orb\n|move|p1a: Lapras|Freeze-Dry|p2a: Iron Valiant\n|-damage|p2a: Iron Valiant|56/100\n|\n|-fieldend|move: Electric Terrain\n|-end|p2a: Iron Valiant|Quark Drive\n|upkeep\n|turn|9\n|\n|t:|1782437775\n|move|p1a: Lapras|Ice Shard|p2a: Iron Valiant\n|-damage|p2a: Iron Valiant|40/100\n|move|p2a: Iron Valiant|Shadow Ball|p1a: Lapras\n|-damage|p1a: Lapras|0 fnt\n|faint|p1a: Lapras\n|-damage|p2a: Iron Valiant|30/100|[from] item: Life Orb\n|\n|upkeep\n|\n|t:|1782437785\n|switch|p1a: Pikachu|Pikachu, M|100/100\n|turn|10\n|\n|t:|1782437791\n|-end|p2a: Iron Valiant|Quark Drive|[silent]\n|switch|p2a: Great Tusk|Great Tusk|100/100\n|move|p1a: Pikachu|Fake Out|p2a: Great Tusk\n|-crit|p2a: Great Tusk\n|-damage|p2a: Great Tusk|86/100\n|\n|upkeep\n|turn|11\n|\n|t:|1782437798\n|move|p1a: Pikachu|Grass Knot|p2a: Great Tusk\n|-supereffective|p2a: Great Tusk\n|-damage|p2a: Great Tusk|0 fnt\n|faint|p2a: Great Tusk\n|-end|p2a: Great Tusk|Protosynthesis|[silent]\n|\n|upkeep\n|\n|t:|1782437819\n|switch|p2a: Regieleki|Regieleki, shiny|38/100\n|turn|12\n|\n|t:|1782437837\n|move|p2a: Regieleki|Electric Terrain|p2a: Regieleki\n|-fieldstart|move: Electric Terrain\n|move|p1a: Pikachu|Brick Break|p2a: Regieleki\n|-damage|p2a: Regieleki|0 fnt\n|faint|p2a: Regieleki\n|\n|upkeep\n|\n|t:|1782437842\n|switch|p2a: Raging Bolt|Raging Bolt|100/100\n|turn|13\n|\n|t:|1782437857\n|switch|p1a: Charizard|Charizard, M|100/100\n|move|p2a: Raging Bolt|Draco Meteor|p1a: Charizard\n|-damage|p1a: Charizard|0 fnt\n|-unboost|p2a: Raging Bolt|spa|2\n|faint|p1a: Charizard\n|\n|upkeep\n|inactive|Reshirider has 120 seconds left.\n|\n|t:|1782437888\n|switch|p1a: Snorlax|Snorlax, M|100/100\n|turn|14\n|\n|t:|1782437907\n|-end|p2a: Raging Bolt|Protosynthesis|[silent]\n|switch|p2a: Iron Valiant|Iron Valiant|30/100\n|-activate|p2a: Iron Valiant|ability: Quark Drive\n|-start|p2a: Iron Valiant|quarkdrivespe\n|move|p1a: Snorlax|Curse|p1a: Snorlax\n|-unboost|p1a: Snorlax|spe|1\n|-boost|p1a: Snorlax|atk|1\n|-boost|p1a: Snorlax|def|1\n|\n|upkeep\n|turn|15\n|inactive|Reshirider has 120 seconds left.\n|\n|t:|1782437924\n|-terastallize|p2a: Iron Valiant|Fairy\n|-terastallize|p1a: Snorlax|Ghost\n|move|p2a: Iron Valiant|Moonblast|p1a: Snorlax\n|-damage|p1a: Snorlax|59/100\n|-damage|p2a: Iron Valiant|20/100|[from] item: Life Orb\n|move|p1a: Snorlax|Body Slam|p2a: Iron Valiant\n|-damage|p2a: Iron Valiant|0 fnt\n|faint|p2a: Iron Valiant\n|-end|p2a: Iron Valiant|Quark Drive|[silent]\n|\n|-heal|p1a: Snorlax|65/100|[from] item: Leftovers\n|upkeep\n|\n|t:|1782437934\n|switch|p2a: Raging Bolt|Raging Bolt|100/100\n|turn|16\n|\n|t:|1782437936\n|move|p2a: Raging Bolt|Rising Voltage|p1a: Snorlax\n|-hint|Rising Voltage's BP doubled on grounded target.\n|-damage|p1a: Snorlax|0 fnt\n|faint|p1a: Snorlax\n|\n|upkeep\n|\n|t:|1782437945\n|switch|p1a: Pikachu|Pikachu, M|100/100\n|turn|17\n|\n|t:|1782437947\n|move|p1a: Pikachu|Fake Out|p2a: Raging Bolt\n|-damage|p2a: Raging Bolt|88/100\n|cant|p2a: Raging Bolt|flinch\n|\n|upkeep\n|turn|18\n|\n|t:|1782437953\n|switch|p1a: Blastoise|Blastoise, F|100/100\n|move|p2a: Raging Bolt|Rising Voltage|p1a: Blastoise\n|-hint|Rising Voltage's BP doubled on grounded target.\n|-supereffective|p1a: Blastoise\n|-damage|p1a: Blastoise|0 fnt\n|faint|p1a: Blastoise\n|\n|upkeep\n|\n|t:|1782437958\n|switch|p1a: Pikachu|Pikachu, M|100/100\n|turn|19\n|\n|t:|1782437960\n|move|p1a: Pikachu|Fake Out|p2a: Raging Bolt\n|-damage|p2a: Raging Bolt|74/100\n|cant|p2a: Raging Bolt|flinch\n|\n|-fieldend|move: Electric Terrain\n|upkeep\n|turn|20\n|\n|t:|1782437963\n|move|p1a: Pikachu|Brick Break|p2a: Raging Bolt\n|-damage|p2a: Raging Bolt|52/100\n|move|p2a: Raging Bolt|Rising Voltage|p1a: Pikachu\n|-resisted|p1a: Pikachu\n|-damage|p1a: Pikachu|20/100\n|\n|upkeep\n|turn|21\n|\n|t:|1782437969\n|move|p1a: Pikachu|Brick Break|p2a: Raging Bolt\n|-damage|p2a: Raging Bolt|28/100\n|move|p2a: Raging Bolt|Rising Voltage|p1a: Pikachu\n|-resisted|p1a: Pikachu\n|-damage|p1a: Pikachu|0 fnt\n|faint|p1a: Pikachu\n|\n|upkeep\n|\n|t:|1782437972\n|switch|p1a: Venusaur|Venusaur, F|82/100\n|turn|22\n|\n|t:|1782437974\n|move|p1a: Venusaur|Earth Power|p2a: Raging Bolt\n|-supereffective|p2a: Raging Bolt\n|-damage|p2a: Raging Bolt|0 fnt\n|faint|p2a: Raging Bolt\n|-end|p2a: Raging Bolt|Protosynthesis|[silent]\n|\n|win|Reshirider\n|raw|Reshirider's rating: 1328 &rarr; <strong>1348</strong><br />(+20 for winning)\n|raw|ididntsayapple's rating: 1328 &rarr; <strong>1308</strong><br />(-20 for losing)\n|l|☆ididntsayapple\n|player|p2|\n|l|☆Reshirider\n|player|p1|\n", "uploadtime": 1782438266, "views": 9, "formatid": "gen9ou", "rating": 1308, "private": 0, "password": null}