{"id": "gen9ou-2647747479", "format": "[Gen 9] OU", "players": ["LoscarGD", "tony4939312"], "log": "|j|☆LoscarGD\n|j|☆tony4939312\n|t:|1783805788\n|gametype|singles\n|player|p1|LoscarGD|benga|1171\n|player|p2|tony4939312|1|1246\n|gen|9\n|tier|[Gen 9] OU\n|rated|\n|rule|HP Percentage Mod: HP is shown in percentages\n|rule|Endless Battle Clause: Forcing endless battles is banned\n|rule|Species Clause: Limit one of each Pokémon\n|rule|OHKO Clause: OHKO moves are banned\n|rule|Evasion Items Clause: Evasion items are banned\n|rule|Evasion Moves Clause: Evasion moves are banned\n|rule|Evasion Abilities Clause: Evasion abilities are banned\n|rule|Sleep Moves Clause: Sleep-inducing moves are banned\n|clearpoke\n|poke|p1|Swampert, M|\n|poke|p1|Keldeo-Resolute|\n|poke|p1|Thundurus-Therian, M|\n|poke|p1|Lokix, M|\n|poke|p1|Tyranitar, F|\n|poke|p1|Metagross|\n|poke|p2|Ogerpon-Wellspring, F|\n|poke|p2|Ting-Lu|\n|poke|p2|Corviknight, F|\n|poke|p2|Blissey, F|\n|poke|p2|Pecharunt|\n|poke|p2|Volcanion|\n|teampreview\n|inactive|Battle timer is ON: inactive players will automatically lose when time's up. (requested by tony4939312)\n|\n|t:|1783805799\n|teamsize|p1|6\n|teamsize|p2|6\n|start\n|switch|p1a: Lokix|Lokix, M|100/100\n|switch|p2a: Ogerpon|Ogerpon-Wellspring, F|100/100\n|turn|1\n|\n|t:|1783805805\n|switch|p2a: Corviknight|Corviknight, F|100/100\n|-ability|p2a: Corviknight|Pressure\n|move|p1a: Lokix|First Impression|p2a: Corviknight\n|-resisted|p2a: Corviknight\n|-damage|p2a: Corviknight|86/100\n|-damage|p1a: Lokix|84/100|[from] item: Rocky Helmet|[of] p2a: Corviknight\n|-damage|p1a: Lokix|74/100|[from] item: Life Orb\n|\n|upkeep\n|turn|2\n|\n|t:|1783805811\n|move|p1a: Lokix|U-turn|p2a: Corviknight\n|-resisted|p2a: Corviknight\n|-damage|p2a: Corviknight|73/100\n|-damage|p1a: Lokix|58/100|[from] item: Rocky Helmet|[of] p2a: Corviknight\n|-damage|p1a: Lokix|48/100|[from] item: Life Orb\n|\n|t:|1783805818\n|switch|p1a: Thundurus|Thundurus-Therian, M|100/100|[from] U-turn\n|move|p2a: Corviknight|U-turn|p1a: Thundurus\n|-resisted|p1a: Thundurus\n|-damage|p1a: Thundurus|89/100\n|\n|t:|1783805824\n|switch|p2a: Ting-Lu|Ting-Lu|100/100|[from] U-turn\n|-ability|p2a: Ting-Lu|Vessel of Ruin\n|\n|upkeep\n|turn|3\n|\n|t:|1783805847\n|move|p1a: Thundurus|Flash Cannon|p2a: Ting-Lu\n|-damage|p2a: Ting-Lu|73/100\n|-unboost|p2a: Ting-Lu|spd|1\n|move|p2a: Ting-Lu|Stealth Rock|p1a: Thundurus\n|-sidestart|p1: LoscarGD|move: Stealth Rock\n|\n|-heal|p2a: Ting-Lu|79/100|[from] item: Leftovers\n|upkeep\n|turn|4\n|\n|t:|1783805859\n|switch|p2a: Blissey|Blissey, F|100/100\n|move|p1a: Thundurus|Flash Cannon|p2a: Blissey\n|-damage|p2a: Blissey|87/100\n|\n|upkeep\n|turn|5\n|\n|t:|1783805870\n|switch|p1a: Tyranitar|Tyranitar, F|100/100\n|-damage|p1a: Tyranitar|88/100|[from] Stealth Rock\n|-weather|Sandstorm|[from] ability: Sand Stream|[of] p1a: Tyranitar\n|-item|p1a: Tyranitar|Air Balloon\n|switch|p2a: Ting-Lu|Ting-Lu|79/100\n|-ability|p2a: Ting-Lu|Vessel of Ruin\n|\n|-weather|Sandstorm|[upkeep]\n|-heal|p2a: Ting-Lu|86/100|[from] item: Leftovers\n|upkeep\n|turn|6\n|\n|t:|1783805877\n|switch|p2a: Ogerpon|Ogerpon-Wellspring, F|100/100\n|move|p1a: Tyranitar|Avalanche|p2a: Ogerpon\n|-damage|p2a: Ogerpon|71/100\n|\n|-weather|Sandstorm|[upkeep]\n|-damage|p2a: Ogerpon|65/100|[from] Sandstorm\n|upkeep\n|turn|7\n|\n|t:|1783805896\n|switch|p1a: Metagross|Metagross|100/100\n|-damage|p1a: Metagross|94/100|[from] Stealth Rock\n|move|p2a: Ogerpon|Horn Leech|p1a: Metagross\n|-resisted|p1a: Metagross\n|-damage|p1a: Metagross|77/100\n|-heal|p2a: Ogerpon|75/100|[from] drain|[of] p1a: Metagross\n|\n|-weather|Sandstorm|[upkeep]\n|-damage|p2a: Ogerpon|69/100|[from] Sandstorm\n|-heal|p1a: Metagross|84/100|[from] item: Leftovers\n|upkeep\n|turn|8\n|\n|t:|1783805905\n|switch|p2a: Volcanion|Volcanion|100/100\n|move|p1a: Metagross|Meteor Mash|p2a: Volcanion\n|-resisted|p2a: Volcanion\n|-damage|p2a: Volcanion|89/100\n|\n|-weather|Sandstorm|[upkeep]\n|-damage|p2a: Volcanion|83/100|[from] Sandstorm\n|-heal|p1a: Metagross|90/100|[from] item: Leftovers\n|-heal|p2a: Volcanion|89/100|[from] item: Leftovers\n|upkeep\n|turn|9\n|\n|t:|1783805912\n|move|p2a: Volcanion|Fire Spin|p1a: Metagross\n|-supereffective|p1a: Metagross\n|-damage|p1a: Metagross|45/100\n|-activate|p1a: Metagross|move: Fire Spin|[of] p2a: Volcanion\n|move|p1a: Metagross|Earthquake|p2a: Volcanion\n|-supereffective|p2a: Volcanion\n|-damage|p2a: Volcanion|27/100\n|\n|-weather|none\n|-heal|p1a: Metagross|51/100|[from] item: Leftovers\n|-heal|p2a: Volcanion|33/100|[from] item: Leftovers\n|-damage|p1a: Metagross|39/100|[from] move: Fire Spin|[partiallytrapped]\n|upkeep\n|turn|10\n|\n|t:|1783805919\n|move|p1a: Metagross|Bullet Punch|p2a: Volcanion\n|-resisted|p2a: Volcanion\n|-damage|p2a: Volcanion|28/100\n|move|p2a: Volcanion|Earth Power|p1a: Metagross\n|-supereffective|p1a: Metagross\n|-damage|p1a: Metagross|0 fnt\n|faint|p1a: Metagross\n|\n|-heal|p2a: Volcanion|34/100|[from] item: Leftovers\n|upkeep\n|\n|t:|1783805931\n|switch|p1a: Swampert|Swampert, M|100/100\n|-damage|p1a: Swampert|94/100|[from] Stealth Rock\n|turn|11\n|\n|t:|1783805947\n|switch|p2a: Ogerpon|Ogerpon-Wellspring, F|69/100\n|move|p1a: Swampert|Earthquake|p2a: Ogerpon\n|-resisted|p2a: Ogerpon\n|-damage|p2a: Ogerpon|36/100\n|\n|upkeep\n|turn|12\n|\n|t:|1783805952\n|-terastallize|p1a: Swampert|Dragon\n|move|p2a: Ogerpon|Horn Leech|p1a: Swampert\n|-resisted|p1a: Swampert\n|-damage|p1a: Swampert|73/100\n|-heal|p2a: Ogerpon|51/100|[from] drain|[of] p1a: Swampert\n|move|p1a: Swampert|Outrage|p2a: Ogerpon\n|-damage|p2a: Ogerpon|0 fnt\n|faint|p2a: Ogerpon\n|\n|upkeep\n|\n|t:|1783805957\n|switch|p2a: Corviknight|Corviknight, F|73/100\n|-ability|p2a: Corviknight|Pressure\n|turn|13\n|\n|t:|1783805961\n|move|p2a: Corviknight|U-turn|p1a: Swampert\n|-crit|p1a: Swampert\n|-damage|p1a: Swampert|52/100\n|\n|t:|1783805965\n|switch|p2a: Ting-Lu|Ting-Lu|86/100|[from] U-turn\n|-ability|p2a: Ting-Lu|Vessel of Ruin\n|move|p1a: Swampert|Outrage|p2a: Ting-Lu|[from] lockedmove\n|-damage|p2a: Ting-Lu|58/100\n|\n|-heal|p2a: Ting-Lu|65/100|[from] item: Leftovers\n|upkeep\n|turn|14\n|\n|t:|1783805973\n|move|p1a: Swampert|Outrage|p2a: Ting-Lu|[from] lockedmove\n|-damage|p2a: Ting-Lu|40/100\n|-start|p1a: Swampert|confusion|[fatigue]\n|move|p2a: Ting-Lu|Whirlwind|p1a: Swampert\n|drag|p1a: Thundurus|Thundurus-Therian, M|89/100\n|-damage|p1a: Thundurus|64/100|[from] Stealth Rock\n|\n|-heal|p2a: Ting-Lu|46/100|[from] item: Leftovers\n|upkeep\n|turn|15\n|\n|t:|1783805983\n|switch|p1a: Swampert|Swampert, M, tera:Dragon|52/100\n|-damage|p1a: Swampert|40/100|[from] Stealth Rock\n|switch|p2a: Blissey|Blissey, F|87/100\n|\n|upkeep\n|turn|16\n|\n|t:|1783805995\n|switch|p2a: Corviknight|Corviknight, F|73/100\n|-ability|p2a: Corviknight|Pressure\n|move|p1a: Swampert|Liquidation|p2a: Corviknight\n|-damage|p2a: Corviknight|50/100\n|-unboost|p2a: Corviknight|def|1\n|-damage|p1a: Swampert|23/100|[from] item: Rocky Helmet|[of] p2a: Corviknight\n|\n|upkeep\n|turn|17\n|\n|t:|1783806000\n|move|p2a: Corviknight|U-turn|p1a: Swampert\n|-damage|p1a: Swampert|10/100\n|\n|t:|1783806002\n|switch|p2a: Volcanion|Volcanion|34/100|[from] U-turn\n|move|p1a: Swampert|Liquidation|p2a: Volcanion\n|-heal|p2a: Volcanion|59/100|[from] ability: Water Absorb|[of] p1a: Swampert\n|\n|-heal|p2a: Volcanion|65/100|[from] item: Leftovers\n|upkeep\n|turn|18\n|\n|t:|1783806011\n|move|p2a: Volcanion|Earth Power|p1a: Swampert\n|-damage|p1a: Swampert|0 fnt\n|faint|p1a: Swampert\n|\n|-heal|p2a: Volcanion|71/100|[from] item: Leftovers\n|upkeep\n|\n|t:|1783806016\n|switch|p1a: Thundurus|Thundurus-Therian, M|64/100\n|-damage|p1a: Thundurus|39/100|[from] Stealth Rock\n|turn|19\n|\n|t:|1783806028\n|switch|p1a: Lokix|Lokix, M|48/100\n|-damage|p1a: Lokix|23/100|[from] Stealth Rock\n|switch|p2a: Blissey|Blissey, F|87/100\n|\n|upkeep\n|turn|20\n|\n|t:|1783806038\n|switch|p2a: Pecharunt|Pecharunt|100/100\n|move|p1a: Lokix|First Impression|p2a: Pecharunt\n|-resisted|p2a: Pecharunt\n|-damage|p2a: Pecharunt|85/100\n|-damage|p1a: Lokix|13/100|[from] item: Life Orb\n|\n|upkeep\n|turn|21\n|\n|t:|1783806052\n|switch|p2a: Corviknight|Corviknight, F|50/100\n|-ability|p2a: Corviknight|Pressure\n|move|p1a: Lokix|Sucker Punch||[still]\n|-fail|p1a: Lokix\n|\n|upkeep\n|turn|22\n|\n|t:|1783806056\n|move|p1a: Lokix|Sucker Punch||[still]\n|-fail|p1a: Lokix\n|move|p2a: Corviknight|Roost|p2a: Corviknight\n|-heal|p2a: Corviknight|99/100\n|-singleturn|p2a: Corviknight|move: Roost\n|\n|upkeep\n|turn|23\n|\n|t:|1783806059\n|move|p1a: Lokix|Sucker Punch|p2a: Corviknight\n|-damage|p2a: Corviknight|75/100\n|-damage|p1a: Lokix|0 fnt|[from] item: Rocky Helmet|[of] p2a: Corviknight\n|faint|p1a: Lokix\n|move|p2a: Corviknight|U-turn|p1: Lokix|[notarget]\n|-fail|p2a: Corviknight\n|\n|upkeep\n|\n|t:|1783806062\n|switch|p1a: Tyranitar|Tyranitar, F|88/100\n|-damage|p1a: Tyranitar|76/100|[from] Stealth Rock\n|-weather|Sandstorm|[from] ability: Sand Stream|[of] p1a: Tyranitar\n|-item|p1a: Tyranitar|Air Balloon\n|turn|24\n|\n|t:|1783806067\n|move|p2a: Corviknight|Body Press|p1a: Tyranitar\n|-supereffective|p1a: Tyranitar\n|-damage|p1a: Tyranitar|0 fnt\n|-enditem|p1a: Tyranitar|Air Balloon\n|faint|p1a: Tyranitar\n|\n|-weather|Sandstorm|[upkeep]\n|upkeep\n|\n|t:|1783806070\n|switch|p1a: Keldeo|Keldeo-Resolute|100/100\n|-damage|p1a: Keldeo|94/100|[from] Stealth Rock\n|turn|25\n|\n|t:|1783806075\n|switch|p2a: Volcanion|Volcanion|71/100\n|move|p1a: Keldeo|Secret Sword|p2a: Volcanion\n|-damage|p2a: Volcanion|21/100\n|-damage|p1a: Keldeo|84/100|[from] item: Life Orb\n|\n|-weather|Sandstorm|[upkeep]\n|-damage|p1a: Keldeo|78/100|[from] Sandstorm\n|-damage|p2a: Volcanion|15/100|[from] Sandstorm\n|-heal|p2a: Volcanion|21/100|[from] item: Leftovers\n|upkeep\n|turn|26\n|\n|t:|1783806081\n|switch|p2a: Pecharunt|Pecharunt|85/100\n|move|p1a: Keldeo|Secret Sword|p2a: Pecharunt\n|-immune|p2a: Pecharunt\n|\n|-weather|Sandstorm|[upkeep]\n|-damage|p1a: Keldeo|72/100|[from] Sandstorm\n|-damage|p2a: Pecharunt|79/100|[from] Sandstorm\n|upkeep\n|turn|27\n|\n|t:|1783806087\n|switch|p2a: Volcanion|Volcanion|21/100\n|move|p1a: Keldeo|Calm Mind|p1a: Keldeo\n|-boost|p1a: Keldeo|spa|1\n|-boost|p1a: Keldeo|spd|1\n|\n|-weather|Sandstorm|[upkeep]\n|-damage|p1a: Keldeo|66/100|[from] Sandstorm\n|-damage|p2a: Volcanion|15/100|[from] Sandstorm\n|-heal|p2a: Volcanion|21/100|[from] item: Leftovers\n|upkeep\n|turn|28\n|\n|t:|1783806097\n|move|p1a: Keldeo|Air Slash|p2a: Volcanion\n|-crit|p2a: Volcanion\n|-damage|p2a: Volcanion|0 fnt\n|faint|p2a: Volcanion\n|-damage|p1a: Keldeo|56/100|[from] item: Life Orb\n|\n|-weather|none\n|upkeep\n|\n|t:|1783806099\n|switch|p2a: Ting-Lu|Ting-Lu|46/100\n|-ability|p2a: Ting-Lu|Vessel of Ruin\n|turn|29\n|\n|t:|1783806108\n|-terastallize|p2a: Ting-Lu|Fairy\n|move|p1a: Keldeo|Hydro Pump|p2a: Ting-Lu\n|-damage|p2a: Ting-Lu|0 fnt\n|faint|p2a: Ting-Lu\n|-damage|p1a: Keldeo|46/100|[from] item: Life Orb\n|\n|upkeep\n|inactive|tony4939312 has 120 seconds left.\n|-message|tony4939312 forfeited.\n|\n|win|LoscarGD\n|raw|LoscarGD's rating: 1171 &rarr; <strong>1201</strong><br />(+30 for winning)\n|raw|tony4939312's rating: 1246 &rarr; <strong>1216</strong><br />(-30 for losing)\n|l|☆tony4939312\n|player|p2|\n", "uploadtime": 1783806145, "views": 11, "formatid": "gen9ou", "rating": 1201, "private": 0, "password": null}