{"id": "gen9ou-2647834968", "format": "[Gen 9] OU", "players": ["fenixkarde", "hua226234"], "log": "|j|☆fenixkarde\n|j|☆hua226234\n|t:|1783820978\n|gametype|singles\n|player|p1|fenixkarde|hilbert|1156\n|player|p2|hua226234|169|1230\n|gen|9\n|tier|[Gen 9] OU\n|rated|\n|rule|HP Percentage Mod: HP is shown in percentages\n|rule|Endless Battle Clause: Forcing endless battles is banned\n|rule|Species Clause: Limit one of each Pokémon\n|rule|OHKO Clause: OHKO moves are banned\n|rule|Evasion Items Clause: Evasion items are banned\n|rule|Evasion Moves Clause: Evasion moves are banned\n|rule|Evasion Abilities Clause: Evasion abilities are banned\n|rule|Sleep Moves Clause: Sleep-inducing moves are banned\n|clearpoke\n|poke|p1|Pikachu-Sinnoh, M|\n|poke|p1|Charizard, M|\n|poke|p1|Sceptile, F|\n|poke|p1|Infernape, M|\n|poke|p1|Krookodile, M|\n|poke|p1|Greninja-*, M|\n|poke|p2|Grimmsnarl, M|\n|poke|p2|Dragonite, F|\n|poke|p2|Kingambit, F|\n|poke|p2|Iron Valiant|\n|poke|p2|Gholdengo|\n|poke|p2|Ogerpon, F|\n|teampreview\n|inactive|Battle timer is ON: inactive players will automatically lose when time's up. (requested by hua226234)\n|\n|t:|1783821003\n|teamsize|p1|6\n|teamsize|p2|6\n|start\n|switch|p1a: Charizard|Charizard, M, shiny|100/100\n|switch|p2a: Grimmsnarl|Grimmsnarl, M|100/100\n|turn|1\n|\n|t:|1783821029\n|switch|p1a: Pikachu|Pikachu-Sinnoh, M|100/100\n|move|p2a: Grimmsnarl|Light Screen|p2a: Grimmsnarl\n|-sidestart|p2: hua226234|move: Light Screen\n|\n|upkeep\n|turn|2\n|\n|t:|1783821036\n|move|p2a: Grimmsnarl|Reflect|p2a: Grimmsnarl\n|-sidestart|p2: hua226234|Reflect\n|move|p1a: Pikachu|Iron Tail|p2a: Grimmsnarl\n|-supereffective|p2a: Grimmsnarl\n|-damage|p2a: Grimmsnarl|69/100\n|\n|upkeep\n|turn|3\n|\n|t:|1783821053\n|move|p2a: Grimmsnarl|Parting Shot|p1a: Pikachu\n|-unboost|p1a: Pikachu|atk|1\n|-unboost|p1a: Pikachu|spa|1\n|\n|t:|1783821064\n|switch|p2a: Gholdengo|Gholdengo|100/100|[from] Parting Shot\n|move|p1a: Pikachu|Iron Tail|p2a: Gholdengo\n|-resisted|p2a: Gholdengo\n|-damage|p2a: Gholdengo|93/100\n|\n|upkeep\n|turn|4\n|\n|t:|1783821071\n|move|p1a: Pikachu|Knock Off|p2a: Gholdengo\n|-supereffective|p2a: Gholdengo\n|-damage|p2a: Gholdengo|67/100\n|-enditem|p2a: Gholdengo|Life Orb|[from] move: Knock Off|[of] p1a: Pikachu\n|move|p2a: Gholdengo|Nasty Plot|p2a: Gholdengo\n|-boost|p2a: Gholdengo|spa|2\n|\n|upkeep\n|turn|5\n|\n|t:|1783821089\n|move|p1a: Pikachu|Knock Off|p2a: Gholdengo\n|-supereffective|p2a: Gholdengo\n|-damage|p2a: Gholdengo|47/100\n|move|p2a: Gholdengo|Nasty Plot|p2a: Gholdengo\n|-boost|p2a: Gholdengo|spa|2\n|\n|upkeep\n|turn|6\n|\n|t:|1783821095\n|move|p1a: Pikachu|Wild Charge|p2a: Gholdengo\n|-damage|p2a: Gholdengo|28/100\n|-damage|p1a: Pikachu|94/100|[from] Recoil\n|move|p2a: Gholdengo|Shadow Ball|p1a: Pikachu\n|-crit|p1a: Pikachu\n|-damage|p1a: Pikachu|0 fnt\n|faint|p1a: Pikachu\n|\n|upkeep\n|\n|t:|1783821115\n|switch|p1a: Greninja|Greninja, M|100/100\n|turn|7\n|\n|t:|1783821120\n|move|p1a: Greninja|Dark Pulse|p2a: Gholdengo\n|-supereffective|p2a: Gholdengo\n|-damage|p2a: Gholdengo|0 fnt\n|faint|p2a: Gholdengo\n|-ability|p1a: Greninja|Battle Bond|boost\n|-boost|p1a: Greninja|atk|1\n|-boost|p1a: Greninja|spa|1\n|-boost|p1a: Greninja|spe|1\n|-activate|p1a: Greninja|ability: Battle Bond\n|-damage|p1a: Greninja|90/100|[from] item: Life Orb\n|\n|upkeep\n|\n|t:|1783821126\n|switch|p2a: Ogerpon|Ogerpon, F|100/100\n|turn|8\n|\n|t:|1783821132\n|-terastallize|p1a: Greninja|Ice\n|move|p1a: Greninja|Ice Beam|p2a: Ogerpon\n|-supereffective|p2a: Ogerpon\n|-damage|p2a: Ogerpon|0 fnt\n|faint|p2a: Ogerpon\n|-damage|p1a: Greninja|80/100|[from] item: Life Orb\n|\n|-sideend|p2: hua226234|move: Light Screen\n|upkeep\n|\n|t:|1783821139\n|switch|p2a: Grimmsnarl|Grimmsnarl, M|69/100\n|turn|9\n|\n|t:|1783821144\n|move|p2a: Grimmsnarl|Light Screen|p2a: Grimmsnarl\n|-sidestart|p2: hua226234|move: Light Screen\n|move|p1a: Greninja|Ice Beam|p2a: Grimmsnarl\n|-damage|p2a: Grimmsnarl|28/100\n|-damage|p1a: Greninja|70/100|[from] item: Life Orb\n|\n|-sideend|p2: hua226234|Reflect\n|upkeep\n|turn|10\n|\n|t:|1783821151\n|move|p2a: Grimmsnarl|Parting Shot|p1a: Greninja\n|-unboost|p1a: Greninja|atk|1\n|-unboost|p1a: Greninja|spa|1\n|\n|t:|1783821155\n|switch|p2a: Kingambit|Kingambit, F|100/100|[from] Parting Shot\n|-activate|p2a: Kingambit|ability: Supreme Overlord\n|-start|p2a: Kingambit|fallen2|[silent]\n|move|p1a: Greninja|Ice Beam|p2a: Kingambit\n|-resisted|p2a: Kingambit\n|-damage|p2a: Kingambit|87/100\n|-status|p2a: Kingambit|frz\n|-damage|p1a: Greninja|60/100|[from] item: Life Orb\n|\n|upkeep\n|turn|11\n|\n|t:|1783821183\n|switch|p1a: Krookodile|Krookodile, M, shiny|100/100\n|-ability|p1a: Krookodile|Intimidate|boost\n|-unboost|p2a: Kingambit|atk|1\n|cant|p2a: Kingambit|frz\n|\n|upkeep\n|turn|12\n|\n|t:|1783821200\n|-end|p2a: Kingambit|fallen2|[silent]\n|switch|p2a: Dragonite|Dragonite, F|100/100\n|move|p1a: Krookodile|Earthquake|p2a: Dragonite\n|-immune|p2a: Dragonite\n|\n|upkeep\n|turn|13\n|\n|t:|1783821211\n|switch|p1a: Greninja|Greninja, M, tera:Ice|60/100\n|move|p2a: Dragonite|Dragon Dance|p2a: Dragonite\n|-boost|p2a: Dragonite|atk|1\n|-boost|p2a: Dragonite|spe|1\n|\n|upkeep\n|turn|14\n|\n|t:|1783821217\n|-terastallize|p2a: Dragonite|Dragon\n|move|p2a: Dragonite|Dragon Dance|p2a: Dragonite\n|-boost|p2a: Dragonite|atk|1\n|-boost|p2a: Dragonite|spe|1\n|move|p1a: Greninja|Ice Beam|p2a: Dragonite\n|-supereffective|p2a: Dragonite\n|-damage|p2a: Dragonite|70/100\n|-damage|p1a: Greninja|50/100|[from] item: Life Orb\n|\n|upkeep\n|turn|15\n|\n|t:|1783821222\n|move|p2a: Dragonite|Dragon Claw|p1a: Greninja\n|-damage|p1a: Greninja|0 fnt\n|faint|p1a: Greninja\n|\n|upkeep\n|\n|t:|1783821225\n|switch|p1a: Infernape|Infernape, M, shiny|100/100\n|-item|p1a: Infernape|Air Balloon\n|turn|16\n|\n|t:|1783821229\n|move|p1a: Infernape|Fake Out|p2a: Dragonite\n|-damage|p2a: Dragonite|58/100\n|cant|p2a: Dragonite|flinch\n|\n|-sideend|p2: hua226234|move: Light Screen\n|upkeep\n|turn|17\n|\n|t:|1783821234\n|switch|p1a: Krookodile|Krookodile, M, shiny|100/100\n|-ability|p1a: Krookodile|Intimidate|boost\n|-unboost|p2a: Dragonite|atk|1\n|move|p2a: Dragonite|Dragon Claw|p1a: Krookodile\n|-damage|p1a: Krookodile|2/100\n|\n|upkeep\n|turn|18\n|\n|t:|1783821242\n|switch|p1a: Infernape|Infernape, M, shiny|100/100\n|-item|p1a: Infernape|Air Balloon\n|move|p2a: Dragonite|Extreme Speed|p1a: Infernape\n|-damage|p1a: Infernape|43/100\n|-enditem|p1a: Infernape|Air Balloon\n|\n|upkeep\n|turn|19\n|\n|t:|1783821250\n|move|p1a: Infernape|Fake Out|p2a: Dragonite\n|-damage|p2a: Dragonite|44/100\n|cant|p2a: Dragonite|flinch\n|\n|upkeep\n|turn|20\n|\n|t:|1783821256\n|switch|p1a: Krookodile|Krookodile, M, shiny|2/100\n|-ability|p1a: Krookodile|Intimidate|boost\n|-unboost|p2a: Dragonite|atk|1\n|move|p2a: Dragonite|Dragon Dance|p2a: Dragonite\n|-boost|p2a: Dragonite|atk|1\n|-boost|p2a: Dragonite|spe|1\n|\n|upkeep\n|turn|21\n|\n|t:|1783821267\n|move|p2a: Dragonite|Dragon Claw|p1a: Krookodile\n|-damage|p1a: Krookodile|0 fnt\n|faint|p1a: Krookodile\n|\n|upkeep\n|\n|t:|1783821269\n|switch|p1a: Infernape|Infernape, M, shiny|43/100\n|turn|22\n|\n|t:|1783821273\n|move|p1a: Infernape|Fake Out|p2a: Dragonite\n|-damage|p2a: Dragonite|32/100\n|cant|p2a: Dragonite|flinch\n|\n|upkeep\n|turn|23\n|\n|t:|1783821277\n|move|p2a: Dragonite|Dragon Claw|p1a: Infernape\n|-crit|p1a: Infernape\n|-damage|p1a: Infernape|0 fnt\n|faint|p1a: Infernape\n|\n|upkeep\n|\n|t:|1783821282\n|switch|p1a: Sceptile|Sceptile, F, shiny|100/100\n|turn|24\n|\n|t:|1783821288\n|move|p2a: Dragonite|Dragon Claw|p1a: Sceptile\n|-damage|p1a: Sceptile|0 fnt\n|faint|p1a: Sceptile\n|\n|upkeep\n|\n|t:|1783821296\n|switch|p1a: Charizard|Charizard, M, shiny|100/100\n|turn|25\n|\n|t:|1783821298\n|move|p2a: Dragonite|Dragon Claw|p1a: Charizard\n|-damage|p1a: Charizard|0 fnt\n|faint|p1a: Charizard\n|\n|win|hua226234\n|raw|fenixkarde's rating: 1156 &rarr; <strong>1136</strong><br />(-20 for losing)\n|raw|hua226234's rating: 1230 &rarr; <strong>1250</strong><br />(+20 for winning)\n|l|☆fenixkarde\n|player|p1|\n|l|☆hua226234\n|player|p2|\n", "uploadtime": 1783821663, "views": 11, "formatid": "gen9ou", "rating": 1136, "private": 0, "password": null}