{"id": "gen9ou-2647691714", "format": "[Gen 9] OU", "players": ["Caterpeace", "peixejoe"], "log": "|j|☆Caterpeace\n|j|‽peixejoe\n|t:|1783797050\n|gametype|singles\n|player|p1|Caterpeace|samsonoak|1401\n|player|p2|peixejoe|miku-ground|1396\n|gen|9\n|tier|[Gen 9] OU\n|rated|\n|rule|HP Percentage Mod: HP is shown in percentages\n|rule|Endless Battle Clause: Forcing endless battles is banned\n|rule|Species Clause: Limit one of each Pokémon\n|rule|OHKO Clause: OHKO moves are banned\n|rule|Evasion Items Clause: Evasion items are banned\n|rule|Evasion Moves Clause: Evasion moves are banned\n|rule|Evasion Abilities Clause: Evasion abilities are banned\n|rule|Sleep Moves Clause: Sleep-inducing moves are banned\n|clearpoke\n|poke|p1|Tornadus-Therian, M|\n|poke|p1|Politoed, M|\n|poke|p1|Iron Treads|\n|poke|p1|Dragapult, F|\n|poke|p1|Iron Hands|\n|poke|p1|Uxie|\n|poke|p2|Tyranitar, F|\n|poke|p2|Excadrill, M|\n|poke|p2|Iron Valiant|\n|poke|p2|Ogerpon-Wellspring, F|\n|poke|p2|Zapdos|\n|poke|p2|Hydrapple, M|\n|teampreview\n|inactive|Battle timer is ON: inactive players will automatically lose when time's up. (requested by Caterpeace)\n|\n|t:|1783797080\n|teamsize|p1|6\n|teamsize|p2|6\n|start\n|switch|p1a: Iron Hands|Iron Hands|100/100\n|switch|p2a: Iron Valiant|Iron Valiant|100/100\n|-enditem|p1a: Iron Hands|Booster Energy\n|-activate|p1a: Iron Hands|ability: Quark Drive|[fromitem]\n|-start|p1a: Iron Hands|quarkdriveatk\n|turn|1\n|\n|t:|1783797099\n|move|p1a: Iron Hands|Fake Out|p2a: Iron Valiant\n|-damage|p2a: Iron Valiant|75/100\n|cant|p2a: Iron Valiant|flinch\n|\n|upkeep\n|turn|2\n|\n|t:|1783797106\n|move|p2a: Iron Valiant|Moonblast|p1a: Iron Hands\n|-supereffective|p1a: Iron Hands\n|-damage|p1a: Iron Hands|0 fnt\n|faint|p1a: Iron Hands\n|-end|p1a: Iron Hands|Quark Drive|[silent]\n|\n|upkeep\n|\n|t:|1783797112\n|switch|p1a: Iron Treads|Iron Treads|100/100\n|turn|3\n|\n|t:|1783797120\n|-end|p2a: Iron Valiant|Quark Drive|[silent]\n|switch|p2a: Hydrapple|Hydrapple, M|100/100\n|move|p1a: Iron Treads|Earthquake|p2a: Hydrapple\n|-resisted|p2a: Hydrapple\n|-damage|p2a: Hydrapple|88/100\n|-enditem|p2a: Hydrapple|Eject Button\n|\n|t:|1783797124\n|switch|p2a: Ogerpon|Ogerpon-Wellspring, F|100/100\n|\n|upkeep\n|turn|4\n|\n|t:|1783797139\n|-end|p1a: Iron Treads|Quark Drive|[silent]\n|switch|p1a: Tornadus|Tornadus-Therian, M|100/100\n|move|p2a: Ogerpon|Ivy Cudgel|p1a: Tornadus|[anim] Ivy Cudgel Water\n|-damage|p1a: Tornadus|26/100\n|\n|upkeep\n|turn|5\n|\n|t:|1783797147\n|switch|p2a: Tyranitar|Tyranitar, F|100/100\n|-weather|Sandstorm|[from] ability: Sand Stream|[of] p2a: Tyranitar\n|move|p1a: Tornadus|U-turn|p2a: Tyranitar\n|-supereffective|p2a: Tyranitar\n|-crit|p2a: Tyranitar\n|-damage|p2a: Tyranitar|69/100\n|\n|t:|1783797151\n|switch|p1a: Politoed|Politoed, M|100/100|[from] U-turn\n|-weather|RainDance|[from] ability: Drizzle|[of] p1a: Politoed\n|\n|-weather|RainDance|[upkeep]\n|-heal|p2a: Tyranitar|75/100|[from] item: Leftovers\n|upkeep\n|turn|6\n|\n|t:|1783797160\n|switch|p1a: Tornadus|Tornadus-Therian, M|59/100\n|move|p2a: Tyranitar|Knock Off|p1a: Tornadus\n|-damage|p1a: Tornadus|0 fnt\n|-enditem|p1a: Tornadus|Choice Specs|[from] move: Knock Off|[of] p2a: Tyranitar\n|faint|p1a: Tornadus\n|\n|-weather|RainDance|[upkeep]\n|-heal|p2a: Tyranitar|81/100|[from] item: Leftovers\n|upkeep\n|\n|t:|1783797167\n|switch|p1a: Politoed|Politoed, M|100/100\n|turn|7\n|\n|t:|1783797171\n|move|p1a: Politoed|Earth Power|p2a: Tyranitar\n|-supereffective|p2a: Tyranitar\n|-damage|p2a: Tyranitar|59/100\n|move|p2a: Tyranitar|Knock Off|p1a: Politoed\n|-damage|p1a: Politoed|63/100\n|-enditem|p1a: Politoed|Damp Rock|[from] move: Knock Off|[of] p2a: Tyranitar\n|\n|-weather|RainDance|[upkeep]\n|-heal|p2a: Tyranitar|65/100|[from] item: Leftovers\n|upkeep\n|turn|8\n|\n|t:|1783797175\n|move|p1a: Politoed|Surf|p2a: Tyranitar\n|-supereffective|p2a: Tyranitar\n|-crit|p2a: Tyranitar\n|-damage|p2a: Tyranitar|0 fnt\n|faint|p2a: Tyranitar\n|\n|-weather|RainDance|[upkeep]\n|upkeep\n|\n|t:|1783797179\n|switch|p2a: Ogerpon|Ogerpon-Wellspring, F|100/100\n|turn|9\n|\n|t:|1783797186\n|move|p2a: Ogerpon|Power Whip|p1a: Politoed\n|-supereffective|p1a: Politoed\n|-damage|p1a: Politoed|0 fnt\n|faint|p1a: Politoed\n|\n|-weather|RainDance|[upkeep]\n|upkeep\n|\n|t:|1783797190\n|switch|p1a: Dragapult|Dragapult, F|100/100\n|turn|10\n|\n|t:|1783797198\n|-terastallize|p2a: Ogerpon|Water\n|detailschange|p2a: Ogerpon|Ogerpon-Wellspring-Tera, F, tera:Water\n|-ability|p2a: Ogerpon|Embody Aspect (Wellspring)|boost\n|-boost|p2a: Ogerpon|spd|1\n|move|p1a: Dragapult|Will-O-Wisp|p2a: Ogerpon\n|-status|p2a: Ogerpon|brn\n|move|p2a: Ogerpon|Ivy Cudgel|p1a: Dragapult|[anim] Ivy Cudgel Water\n|-resisted|p1a: Dragapult\n|-damage|p1a: Dragapult|63/100\n|\n|-weather|RainDance|[upkeep]\n|-damage|p2a: Ogerpon|95/100 brn|[from] brn\n|upkeep\n|turn|11\n|\n|t:|1783797210\n|switch|p1a: Uxie|Uxie|100/100\n|move|p2a: Ogerpon|Ivy Cudgel|p1a: Uxie|[anim] Ivy Cudgel Water\n|-damage|p1a: Uxie|43/100\n|\n|-weather|RainDance|[upkeep]\n|-heal|p1a: Uxie|50/100|[from] item: Leftovers\n|-damage|p2a: Ogerpon|89/100 brn|[from] brn\n|upkeep\n|turn|12\n|\n|t:|1783797219\n|move|p2a: Ogerpon|Ivy Cudgel|p1a: Uxie|[anim] Ivy Cudgel Water\n|-crit|p1a: Uxie\n|-damage|p1a: Uxie|0 fnt\n|faint|p1a: Uxie\n|\n|-weather|none\n|-damage|p2a: Ogerpon|83/100 brn|[from] brn\n|upkeep\n|\n|t:|1783797222\n|switch|p1a: Dragapult|Dragapult, F|63/100\n|turn|13\n|\n|t:|1783797229\n|move|p1a: Dragapult|Dragon Darts|p2a: Ogerpon\n|-damage|p2a: Ogerpon|46/100 brn\n|-anim|p1a: Dragapult|Dragon Darts|p2a: Ogerpon\n|-damage|p2a: Ogerpon|5/100 brn\n|move|p2a: Ogerpon|Ivy Cudgel|p1a: Dragapult|[anim] Ivy Cudgel Water\n|-resisted|p1a: Dragapult\n|-damage|p1a: Dragapult|38/100\n|\n|-damage|p2a: Ogerpon|0 fnt|[from] brn\n|faint|p2a: Ogerpon\n|detailschange|p2: Ogerpon|Ogerpon-Wellspring, F|[silent]\n|upkeep\n|\n|t:|1783797239\n|switch|p2a: Zapdos|Zapdos|100/100\n|turn|14\n|\n|t:|1783797245\n|switch|p1a: Iron Treads|Iron Treads|100/100\n|move|p2a: Zapdos|Thunder Wave|p1a: Iron Treads\n|-immune|p1a: Iron Treads\n|\n|upkeep\n|turn|15\n|\n|t:|1783797253\n|move|p2a: Zapdos|Hurricane|p1a: Iron Treads\n|-resisted|p1a: Iron Treads\n|-damage|p1a: Iron Treads|86/100\n|move|p1a: Iron Treads|Volt Switch|p2a: Zapdos\n|-damage|p2a: Zapdos|88/100\n|\n|t:|1783797255\n|-end|p1a: Iron Treads|Quark Drive|[silent]\n|switch|p1a: Dragapult|Dragapult, F|38/100|[from] Volt Switch\n|\n|upkeep\n|turn|16\n|\n|t:|1783797260\n|switch|p1a: Iron Treads|Iron Treads|86/100\n|move|p2a: Zapdos|Hurricane|p1a: Iron Treads|[miss]\n|-miss|p2a: Zapdos|p1a: Iron Treads\n|\n|upkeep\n|turn|17\n|\n|t:|1783797267\n|switch|p2a: Hydrapple|Hydrapple, M|100/100\n|move|p1a: Iron Treads|Rapid Spin|p2a: Hydrapple\n|-damage|p2a: Hydrapple|92/100\n|-boost|p1a: Iron Treads|spe|1\n|\n|upkeep\n|turn|18\n|\n|t:|1783797274\n|move|p1a: Iron Treads|Iron Head|p2a: Hydrapple\n|-damage|p2a: Hydrapple|72/100\n|move|p2a: Hydrapple|Earth Power|p1a: Iron Treads\n|-supereffective|p1a: Iron Treads\n|-damage|p1a: Iron Treads|53/100\n|\n|upkeep\n|turn|19\n|\n|t:|1783797279\n|move|p1a: Iron Treads|Volt Switch|p2a: Hydrapple\n|-resisted|p2a: Hydrapple\n|-damage|p2a: Hydrapple|69/100\n|\n|t:|1783797282\n|-end|p1a: Iron Treads|Quark Drive|[silent]\n|switch|p1a: Dragapult|Dragapult, F|38/100|[from] Volt Switch\n|move|p2a: Hydrapple|Earth Power|p1a: Dragapult\n|-damage|p1a: Dragapult|6/100\n|\n|upkeep\n|turn|20\n|\n|t:|1783797290\n|switch|p2a: Iron Valiant|Iron Valiant|75/100\n|move|p1a: Dragapult|Dragon Darts|p2a: Iron Valiant\n|-immune|p2a: Iron Valiant\n|\n|upkeep\n|turn|21\n|\n|t:|1783797295\n|-end|p2a: Iron Valiant|Quark Drive|[silent]\n|switch|p2a: Zapdos|Zapdos|88/100\n|move|p1a: Dragapult|Shadow Ball|p2a: Zapdos\n|-damage|p2a: Zapdos|64/100\n|\n|upkeep\n|turn|22\n|\n|t:|1783797300\n|move|p1a: Dragapult|Dragon Darts|p2a: Zapdos\n|-damage|p2a: Zapdos|42/100\n|-anim|p1a: Dragapult|Dragon Darts|p2a: Zapdos\n|-damage|p2a: Zapdos|22/100\n|move|p2a: Zapdos|Hurricane|p1a: Dragapult|[miss]\n|-miss|p2a: Zapdos|p1a: Dragapult\n|\n|upkeep\n|turn|23\n|\n|t:|1783797306\n|move|p1a: Dragapult|Shadow Ball|p2a: Zapdos\n|-damage|p2a: Zapdos|0 fnt\n|faint|p2a: Zapdos\n|\n|upkeep\n|\n|t:|1783797308\n|switch|p2a: Excadrill|Excadrill, M|100/100\n|-item|p2a: Excadrill|Air Balloon\n|turn|24\n|\n|t:|1783797316\n|move|p1a: Dragapult|Will-O-Wisp|p2a: Excadrill\n|-status|p2a: Excadrill|brn\n|move|p2a: Excadrill|Earthquake|p1a: Dragapult\n|-damage|p1a: Dragapult|0 fnt\n|faint|p1a: Dragapult\n|\n|-damage|p2a: Excadrill|94/100 brn|[from] brn\n|upkeep\n|\n|t:|1783797321\n|switch|p1a: Iron Treads|Iron Treads|53/100\n|turn|25\n|\n|t:|1783797323\n|move|p2a: Excadrill|Earthquake|p1a: Iron Treads\n|-supereffective|p1a: Iron Treads\n|-damage|p1a: Iron Treads|2/100\n|move|p1a: Iron Treads|Rapid Spin|p2a: Excadrill\n|-resisted|p2a: Excadrill\n|-damage|p2a: Excadrill|84/100 brn\n|-boost|p1a: Iron Treads|spe|1\n|-enditem|p2a: Excadrill|Air Balloon\n|\n|-damage|p2a: Excadrill|78/100 brn|[from] brn\n|upkeep\n|turn|26\n|\n|t:|1783797328\n|move|p1a: Iron Treads|Earthquake|p2a: Excadrill\n|-supereffective|p2a: Excadrill\n|-damage|p2a: Excadrill|0 fnt\n|faint|p2a: Excadrill\n|\n|upkeep\n|\n|t:|1783797330\n|switch|p2a: Hydrapple|Hydrapple, M|100/100\n|turn|27\n|\n|t:|1783797335\n|move|p1a: Iron Treads|Iron Head|p2a: Hydrapple\n|-damage|p2a: Hydrapple|81/100\n|move|p2a: Hydrapple|Giga Drain|p1a: Iron Treads\n|-damage|p1a: Iron Treads|0 fnt\n|-heal|p2a: Hydrapple|81/100|[from] drain|[of] p1a: Iron Treads\n|faint|p1a: Iron Treads\n|-end|p1a: Iron Treads|Quark Drive|[silent]\n|\n|win|peixejoe\n|raw|Caterpeace's rating: 1401 &rarr; <strong>1381</strong><br />(-20 for losing)\n|raw|peixejoe's rating: 1396 &rarr; <strong>1416</strong><br />(+20 for winning)\n|l|☆Caterpeace\n|player|p1|\n|l|‽peixejoe\n|player|p2|\n", "uploadtime": 1783797336, "views": 6, "formatid": "gen9ou", "rating": 1381, "private": 0, "password": null}