{"id": "gen9ou-2540509151", "format": "[Gen 9] OU", "players": ["GengarFangYuan", "team10thPlanet"], "log": "|j|☆GengarFangYuan\n|j|☆team10thPlanet\n|t:|1771210922\n|gametype|singles\n|player|p1|GengarFangYuan|lacey|1619\n|player|p2|team10thPlanet|alder|1669\n|gen|9\n|tier|[Gen 9] OU\n|rated|\n|rule|HP Percentage Mod: HP is shown in percentages\n|rule|Endless Battle Clause: Forcing endless battles is banned\n|rule|Species Clause: Limit one of each Pokémon\n|rule|OHKO Clause: OHKO moves are banned\n|rule|Evasion Items Clause: Evasion items are banned\n|rule|Evasion Moves Clause: Evasion moves are banned\n|rule|Evasion Abilities Clause: Evasion abilities are banned\n|rule|Sleep Moves Clause: Sleep-inducing moves are banned\n|clearpoke\n|poke|p1|Araquanid, M|\n|poke|p1|Raging Bolt|\n|poke|p1|Iron Moth|\n|poke|p1|Great Tusk|\n|poke|p1|Gholdengo|\n|poke|p1|Kingambit, F|\n|poke|p2|Dragonite, F|\n|poke|p2|Zamazenta-*|\n|poke|p2|Araquanid, F|\n|poke|p2|Iron Treads|\n|poke|p2|Zapdos|\n|poke|p2|Hoopa-Unbound|\n|teampreview\n|inactive|Battle timer is ON: inactive players will automatically lose when time's up. (requested by GengarFangYuan)\n|\n|t:|1771210941\n|teamsize|p1|6\n|teamsize|p2|6\n|start\n|switch|p1a: Araquanid|Araquanid, M|100/100\n|switch|p2a: Iron Treads|Iron Treads|100/100\n|-enditem|p2a: Iron Treads|Booster Energy\n|-activate|p2a: Iron Treads|ability: Quark Drive|[fromitem]\n|-start|p2a: Iron Treads|quarkdrivespe\n|turn|1\n|\n|t:|1771210949\n|-end|p2a: Iron Treads|Quark Drive|[silent]\n|switch|p2a: PlsNoHatt&Ace|Araquanid, F, shiny|100/100\n|move|p1a: Araquanid|Liquidation|p2a: PlsNoHatt&Ace\n|-resisted|p2a: PlsNoHatt&Ace\n|-damage|p2a: PlsNoHatt&Ace|77/100\n|\n|upkeep\n|turn|2\n|\n|t:|1771210957\n|move|p1a: Araquanid|Sticky Web|p2a: PlsNoHatt&Ace\n|-sidestart|p2: team10thPlanet|move: Sticky Web\n|move|p2a: PlsNoHatt&Ace|Sticky Web|p1a: Araquanid\n|-sidestart|p1: GengarFangYuan|move: Sticky Web\n|\n|upkeep\n|turn|3\n|\n|t:|1771210967\n|move|p1a: Araquanid|Liquidation|p2a: PlsNoHatt&Ace\n|-resisted|p2a: PlsNoHatt&Ace\n|-damage|p2a: PlsNoHatt&Ace|56/100\n|move|p2a: PlsNoHatt&Ace|Endeavor|p1a: Araquanid\n|-damage|p1a: Araquanid|56/100\n|\n|upkeep\n|turn|4\n|\n|t:|1771210986\n|move|p1a: Araquanid|Liquidation|p2a: PlsNoHatt&Ace\n|-resisted|p2a: PlsNoHatt&Ace\n|-damage|p2a: PlsNoHatt&Ace|34/100\n|-unboost|p2a: PlsNoHatt&Ace|def|1\n|move|p2a: PlsNoHatt&Ace|Endeavor|p1a: Araquanid\n|-damage|p1a: Araquanid|34/100\n|\n|upkeep\n|turn|5\n|\n|t:|1771210995\n|move|p2a: PlsNoHatt&Ace|Endure|p2a: PlsNoHatt&Ace\n|-singleturn|p2a: PlsNoHatt&Ace|move: Endure\n|move|p1a: Araquanid|Liquidation|p2a: PlsNoHatt&Ace\n|-resisted|p2a: PlsNoHatt&Ace\n|-activate|p2a: PlsNoHatt&Ace|move: Endure\n|-damage|p2a: PlsNoHatt&Ace|1/100\n|\n|upkeep\n|turn|6\n|-enditem|p2a: PlsNoHatt&Ace|Custap Berry|[eat]\n|-activate|p2a: PlsNoHatt&Ace|item: Custap Berry|[consumed]\n|\n|t:|1771211017\n|switch|p1a: Gholdengo|Gholdengo|100/100\n|-item|p1a: Gholdengo|Air Balloon\n|move|p2a: PlsNoHatt&Ace|Endeavor|p1a: Gholdengo\n|-immune|p1a: Gholdengo\n|\n|upkeep\n|turn|7\n|\n|t:|1771211026\n|move|p1a: Gholdengo|Shadow Ball|p2a: PlsNoHatt&Ace\n|-damage|p2a: PlsNoHatt&Ace|0 fnt\n|faint|p2a: PlsNoHatt&Ace\n|\n|upkeep\n|inactive|team10thPlanet has 120 seconds left.\n|\n|t:|1771211048\n|switch|p2a: Dragonite|Dragonite, F|100/100\n|turn|8\n|\n|t:|1771211054\n|-terastallize|p2a: Dragonite|Normal\n|move|p1a: Gholdengo|Dazzling Gleam|p2a: Dragonite\n|-damage|p2a: Dragonite|88/100\n|move|p2a: Dragonite|Fire Punch|p1a: Gholdengo\n|-supereffective|p1a: Gholdengo\n|-damage|p1a: Gholdengo|6/100\n|-enditem|p1a: Gholdengo|Air Balloon\n|\n|upkeep\n|turn|9\n|\n|t:|1771211064\n|move|p1a: Gholdengo|Psyshock|p2a: Dragonite\n|-damage|p2a: Dragonite|59/100\n|move|p2a: Dragonite|Fire Punch|p1a: Gholdengo\n|-supereffective|p1a: Gholdengo\n|-damage|p1a: Gholdengo|0 fnt\n|faint|p1a: Gholdengo\n|\n|upkeep\n|\n|t:|1771211070\n|switch|p1a: Great Tusk|Great Tusk|100/100\n|-activate|p1a: Great Tusk|move: Sticky Web\n|-unboost|p1a: Great Tusk|spe|1\n|-enditem|p1a: Great Tusk|Booster Energy\n|-activate|p1a: Great Tusk|ability: Protosynthesis|[fromitem]\n|-start|p1a: Great Tusk|protosynthesisatk\n|turn|10\n|inactive|team10thPlanet has 120 seconds left.\n|\n|t:|1771211104\n|switch|p2a: Zapdos|Zapdos|100/100\n|move|p1a: Great Tusk|Rapid Spin|p2a: Zapdos\n|-damage|p2a: Zapdos|84/100\n|-boost|p1a: Great Tusk|spe|1\n|-sideend|p1: GengarFangYuan|Sticky Web|[from] move: Rapid Spin|[of] p1a: Great Tusk\n|\n|upkeep\n|turn|11\n|inactive|team10thPlanet has 120 seconds left.\n|\n|t:|1771211114\n|move|p1a: Great Tusk|Head Smash|p2a: Zapdos\n|-supereffective|p2a: Zapdos\n|-damage|p2a: Zapdos|0 fnt\n|faint|p2a: Zapdos\n|-damage|p1a: Great Tusk|57/100|[from] Recoil\n|\n|upkeep\n|inactive|team10thPlanet has 120 seconds left.\n|\n|t:|1771211123\n|switch|p2a: Dragonite|Dragonite, F, tera:Normal|59/100\n|-activate|p2a: Dragonite|move: Sticky Web\n|-unboost|p2a: Dragonite|spe|1\n|turn|12\n|\n|t:|1771211129\n|move|p2a: Dragonite|Extreme Speed|p1a: Great Tusk\n|-damage|p1a: Great Tusk|8/100\n|move|p1a: Great Tusk|Headlong Rush|p2a: Dragonite\n|-damage|p2a: Dragonite|0 fnt\n|-unboost|p1a: Great Tusk|def|1\n|-unboost|p1a: Great Tusk|spd|1\n|faint|p2a: Dragonite\n|\n|upkeep\n|inactive|team10thPlanet has 120 seconds left.\n|\n|t:|1771211149\n|switch|p2a: Zamazenta|Zamazenta|100/100\n|-activate|p2a: Zamazenta|move: Sticky Web\n|-unboost|p2a: Zamazenta|spe|1\n|-ability|p2a: Zamazenta|Dauntless Shield|boost\n|-boost|p2a: Zamazenta|def|1\n|turn|13\n|inactive|team10thPlanet has 120 seconds left.\n|\n|t:|1771211156\n|move|p1a: Great Tusk|Headlong Rush|p2a: Zamazenta\n|-damage|p2a: Zamazenta|46/100\n|-unboost|p1a: Great Tusk|def|1\n|-unboost|p1a: Great Tusk|spd|1\n|move|p2a: Zamazenta|Crunch|p1a: Great Tusk\n|-resisted|p1a: Great Tusk\n|-damage|p1a: Great Tusk|0 fnt\n|faint|p1a: Great Tusk\n|-end|p1a: Great Tusk|Protosynthesis|[silent]\n|\n|upkeep\n|\n|t:|1771211164\n|switch|p1a: Iron Moth|Iron Moth|100/100\n|-enditem|p1a: Iron Moth|Booster Energy\n|-activate|p1a: Iron Moth|ability: Quark Drive|[fromitem]\n|-start|p1a: Iron Moth|quarkdrivespa\n|turn|14\n|\n|t:|1771211172\n|move|p1a: Iron Moth|Fiery Dance|p2a: Zamazenta\n|-crit|p2a: Zamazenta\n|-damage|p2a: Zamazenta|0 fnt\n|-boost|p1a: Iron Moth|spa|1\n|faint|p2a: Zamazenta\n|\n|upkeep\n|-message|team10thPlanet forfeited.\n|\n|win|GengarFangYuan\n|raw|GengarFangYuan's rating: 1619 &rarr; <strong>1642</strong><br />(+23 for winning)\n|raw|team10thPlanet's rating: 1669 &rarr; <strong>1646</strong><br />(-23 for losing)\n|l|☆team10thPlanet\n|player|p2|\n", "uploadtime": 1771211180, "views": 8, "formatid": "gen9ou", "rating": 1642, "private": 0, "password": null}