{"id": "gen9ou-2639900879", "format": "[Gen 9] OU", "players": ["StarDio", "Zuifeng"], "log": "|j|☆StarDio\n|j|☆Zuifeng\n|t:|1782539344\n|gametype|singles\n|player|p1|StarDio|workerice|1631\n|player|p2|Zuifeng|li|1647\n|gen|9\n|tier|[Gen 9] OU\n|rated|\n|rule|HP Percentage Mod: HP is shown in percentages\n|rule|Endless Battle Clause: Forcing endless battles is banned\n|rule|Species Clause: Limit one of each Pokémon\n|rule|OHKO Clause: OHKO moves are banned\n|rule|Evasion Items Clause: Evasion items are banned\n|rule|Evasion Moves Clause: Evasion moves are banned\n|rule|Evasion Abilities Clause: Evasion abilities are banned\n|rule|Sleep Moves Clause: Sleep-inducing moves are banned\n|clearpoke\n|poke|p1|Weavile, F|\n|poke|p1|Moltres|\n|poke|p1|Hoopa-Unbound|\n|poke|p1|Enamorus, F|\n|poke|p1|Iron Treads|\n|poke|p1|Ogerpon-Wellspring, F|\n|poke|p2|Iron Treads|\n|poke|p2|Cinderace, F|\n|poke|p2|Darkrai|\n|poke|p2|Iron Valiant|\n|poke|p2|Dragonite, M|\n|poke|p2|Alomomola, M|\n|teampreview\n|inactive|Battle timer is ON: inactive players will automatically lose when time's up. (requested by Zuifeng)\n|inactive|StarDio also wants the timer to be on.\n|\n|t:|1782539371\n|teamsize|p1|6\n|teamsize|p2|6\n|start\n|switch|p1a: Cheap Chud|Ogerpon-Wellspring, F|100/100\n|switch|p2a: Darkrai|Darkrai|100/100\n|turn|1\n|\n|t:|1782539381\n|switch|p1a: Number 1|Hoopa-Unbound|100/100\n|move|p2a: Darkrai|Will-O-Wisp|p1a: Number 1\n|-status|p1a: Number 1|brn\n|\n|-damage|p1a: Number 1|94/100 brn|[from] brn\n|upkeep\n|turn|2\n|\n|t:|1782539391\n|switch|p2a: Dragonite|Dragonite, M|100/100\n|move|p1a: Number 1|Focus Blast|p2a: Dragonite\n|-resisted|p2a: Dragonite\n|-damage|p2a: Dragonite|89/100\n|-unboost|p2a: Dragonite|spd|1\n|\n|-damage|p1a: Number 1|88/100 brn|[from] brn\n|upkeep\n|turn|3\n|\n|t:|1782539397\n|switch|p1a: Moltres|Moltres, shiny|100/100\n|move|p2a: Dragonite|Encore||[still]\n|-fail|p2a: Dragonite\n|\n|upkeep\n|turn|4\n|\n|t:|1782539402\n|move|p2a: Dragonite|Thunder Wave|p1a: Moltres\n|-status|p1a: Moltres|par\n|move|p1a: Moltres|U-turn|p2a: Dragonite\n|-resisted|p2a: Dragonite\n|-damage|p2a: Dragonite|84/100\n|-damage|p1a: Moltres|84/100 par|[from] item: Rocky Helmet|[of] p2a: Dragonite\n|\n|t:|1782539405\n|switch|p1a: Weavile|Weavile, F|100/100|[from] U-turn\n|-ability|p1a: Weavile|Pressure\n|\n|upkeep\n|turn|5\n|\n|t:|1782539422\n|switch|p2a: Alomomola|Alomomola, M|100/100\n|move|p1a: Weavile|Knock Off|p2a: Alomomola\n|-damage|p2a: Alomomola|47/100\n|-enditem|p2a: Alomomola|Assault Vest|[from] move: Knock Off|[of] p1a: Weavile\n|\n|upkeep\n|turn|6\n|\n|t:|1782539431\n|switch|p1a: Cheap Chud|Ogerpon-Wellspring, F|100/100\n|move|p2a: Alomomola|Flip Turn|p1a: Cheap Chud\n|-immune|p1a: Cheap Chud|[from] ability: Water Absorb\n|\n|upkeep\n|turn|7\n|\n|t:|1782539438\n|switch|p2a: Dragonite|Dragonite, M|84/100\n|move|p1a: Cheap Chud|Play Rough|p2a: Dragonite\n|-supereffective|p2a: Dragonite\n|-damage|p2a: Dragonite|32/100\n|-damage|p1a: Cheap Chud|84/100|[from] item: Rocky Helmet|[of] p2a: Dragonite\n|\n|upkeep\n|turn|8\n|\n|t:|1782539448\n|move|p1a: Cheap Chud|Play Rough|p2a: Dragonite\n|-supereffective|p2a: Dragonite\n|-damage|p2a: Dragonite|0 fnt\n|-damage|p1a: Cheap Chud|67/100|[from] item: Rocky Helmet|[of] p2a: Dragonite\n|faint|p2a: Dragonite\n|\n|upkeep\n|\n|t:|1782539451\n|switch|p2a: Cinderace|Cinderace, F|100/100\n|turn|9\n|\n|t:|1782539459\n|switch|p1a: Moltres|Moltres, shiny|84/100 par\n|move|p2a: Cinderace|U-turn|p1a: Moltres\n|-resisted|p1a: Moltres\n|-damage|p1a: Moltres|81/100 par\n|\n|t:|1782539469\n|switch|p2a: Darkrai|Darkrai|100/100|[from] U-turn\n|\n|upkeep\n|turn|10\n|\n|t:|1782539473\n|switch|p1a: Number 1|Hoopa-Unbound|88/100 brn\n|move|p2a: Darkrai|Dark Pulse|p1a: Number 1\n|-damage|p1a: Number 1|70/100 brn\n|\n|-damage|p1a: Number 1|64/100 brn|[from] brn\n|upkeep\n|turn|11\n|\n|t:|1782539483\n|switch|p2a: Alomomola|Alomomola, M|80/100\n|move|p1a: Number 1|Psychic Noise|p2a: Alomomola\n|-damage|p2a: Alomomola|48/100\n|-start|p2a: Alomomola|move: Heal Block\n|\n|-damage|p1a: Number 1|58/100 brn|[from] brn\n|upkeep\n|turn|12\n|\n|t:|1782539501\n|switch|p2a: Iron Treads|Iron Treads|100/100\n|move|p1a: Number 1|Thunderbolt|p2a: Iron Treads\n|-immune|p2a: Iron Treads\n|\n|-damage|p1a: Number 1|52/100 brn|[from] brn\n|upkeep\n|turn|13\n|\n|t:|1782539507\n|switch|p1a: Cheap Chud|Ogerpon-Wellspring, F|67/100\n|move|p2a: Iron Treads|Earthquake|p1a: Cheap Chud\n|-resisted|p1a: Cheap Chud\n|-damage|p1a: Cheap Chud|30/100\n|\n|upkeep\n|turn|14\n|\n|t:|1782539517\n|-end|p2a: Iron Treads|Quark Drive|[silent]\n|switch|p2a: Darkrai|Darkrai|100/100\n|move|p1a: Cheap Chud|Ivy Cudgel|p2a: Darkrai|[anim] Ivy Cudgel Water\n|-damage|p2a: Darkrai|31/100\n|\n|-heal|p2a: Darkrai|38/100|[from] item: Leftovers\n|upkeep\n|turn|15\n|\n|t:|1782539523\n|switch|p1a: Enamorus|Enamorus, F|100/100\n|move|p2a: Darkrai|Dark Pulse|p1a: Enamorus\n|-resisted|p1a: Enamorus\n|-damage|p1a: Enamorus|77/100\n|\n|-heal|p2a: Darkrai|44/100|[from] item: Leftovers\n|upkeep\n|turn|16\n|\n|t:|1782539531\n|switch|p2a: Cinderace|Cinderace, F|100/100\n|move|p1a: Enamorus|Earth Power|p2a: Cinderace\n|-supereffective|p2a: Cinderace\n|-crit|p2a: Cinderace\n|-damage|p2a: Cinderace|0 fnt\n|faint|p2a: Cinderace\n|\n|upkeep\n|\n|t:|1782539542\n|switch|p2a: Alomomola|Alomomola, M|81/100\n|turn|17\n|\n|t:|1782539547\n|switch|p1a: Cheap Chud|Ogerpon-Wellspring, F|30/100\n|move|p2a: Alomomola|Body Slam|p1a: Cheap Chud\n|-damage|p1a: Cheap Chud|9/100\n|\n|upkeep\n|turn|18\n|\n|t:|1782539557\n|move|p1a: Cheap Chud|Power Whip|p2a: Alomomola\n|-supereffective|p2a: Alomomola\n|-damage|p2a: Alomomola|0 fnt\n|faint|p2a: Alomomola\n|\n|upkeep\n|\n|t:|1782539570\n|switch|p2a: Darkrai|Darkrai|44/100\n|turn|19\n|\n|t:|1782539573\n|move|p2a: Darkrai|Dark Pulse|p1a: Cheap Chud\n|-damage|p1a: Cheap Chud|0 fnt\n|faint|p1a: Cheap Chud\n|\n|-heal|p2a: Darkrai|50/100|[from] item: Leftovers\n|upkeep\n|\n|t:|1782539576\n|switch|p1a: Enamorus|Enamorus, F|77/100\n|turn|20\n|\n|t:|1782539582\n|move|p1a: Enamorus|Moonblast|p2a: Darkrai\n|-supereffective|p2a: Darkrai\n|-damage|p2a: Darkrai|0 fnt\n|faint|p2a: Darkrai\n|\n|upkeep\n|\n|t:|1782539583\n|switch|p2a: Iron Treads|Iron Treads|100/100\n|turn|21\n|\n|t:|1782539592\n|switch|p1a: Iron Treads|Iron Treads|100/100\n|move|p2a: Iron Treads|Rapid Spin|p1a: Iron Treads\n|-resisted|p1a: Iron Treads\n|-damage|p1a: Iron Treads|93/100\n|-boost|p2a: Iron Treads|spe|1\n|\n|upkeep\n|turn|22\n|inactive|Zuifeng has 120 seconds left.\n|\n|t:|1782539625\n|move|p2a: Iron Treads|Earthquake|p1a: Iron Treads\n|-supereffective|p1a: Iron Treads\n|-damage|p1a: Iron Treads|0 fnt\n|faint|p1a: Iron Treads\n|-end|p1a: Iron Treads|Quark Drive|[silent]\n|\n|upkeep\n|\n|t:|1782539633\n|switch|p1a: Moltres|Moltres, shiny|81/100 par\n|turn|23\n|inactive|Zuifeng has 120 seconds left.\n|\n|t:|1782539672\n|move|p2a: Iron Treads|Stone Edge|p1a: Moltres\n|-supereffective|p1a: Moltres\n|-damage|p1a: Moltres|0 fnt\n|faint|p1a: Moltres\n|\n|upkeep\n|\n|t:|1782539681\n|switch|p1a: Weavile|Weavile, F|100/100\n|-ability|p1a: Weavile|Pressure\n|turn|24\n|\n|t:|1782539694\n|-terastallize|p1a: Weavile|Dark\n|move|p2a: Iron Treads|Earthquake|p1a: Weavile\n|-damage|p1a: Weavile|0 fnt\n|faint|p1a: Weavile\n|\n|upkeep\n|\n|t:|1782539701\n|switch|p1a: Enamorus|Enamorus, F|77/100\n|turn|25\n|\n|t:|1782539706\n|-terastallize|p2a: Iron Treads|Ground\n|move|p1a: Enamorus|Earth Power|p2a: Iron Treads\n|-damage|p2a: Iron Treads|56/100\n|-unboost|p2a: Iron Treads|spd|1\n|move|p2a: Iron Treads|Ice Spinner|p1a: Enamorus\n|-supereffective|p1a: Enamorus\n|-damage|p1a: Enamorus|0 fnt\n|faint|p1a: Enamorus\n|\n|upkeep\n|\n|t:|1782539711\n|switch|p1a: Number 1|Hoopa-Unbound|52/100 brn\n|turn|26\n|\n|t:|1782539714\n|move|p2a: Iron Treads|Earthquake|p1a: Number 1\n|-damage|p1a: Number 1|0 fnt\n|faint|p1a: Number 1\n|\n|win|Zuifeng\n|raw|StarDio's rating: 1631 &rarr; <strong>1612</strong><br />(-19 for losing)\n|raw|Zuifeng's rating: 1647 &rarr; <strong>1666</strong><br />(+19 for winning)\n|l|☆StarDio\n|player|p1|\n|l|☆Zuifeng\n|player|p2|\n", "uploadtime": 1782539965, "views": 5, "formatid": "gen9ou", "rating": 1612, "private": 0, "password": null}