{"id": "gen9ou-2647839532", "format": "[Gen 9] OU", "players": ["picture of 奇树", "DRAGON DIA"], "log": "|j|☆picture of 奇树\n|j|☆DRAGON DIA\n|t:|1783821758\n|gametype|singles\n|player|p1|picture of 奇树|iono|1442\n|player|p2|DRAGON DIA|lance|1483\n|gen|9\n|tier|[Gen 9] OU\n|rated|\n|rule|HP Percentage Mod: HP is shown in percentages\n|rule|Endless Battle Clause: Forcing endless battles is banned\n|rule|Species Clause: Limit one of each Pokémon\n|rule|OHKO Clause: OHKO moves are banned\n|rule|Evasion Items Clause: Evasion items are banned\n|rule|Evasion Moves Clause: Evasion moves are banned\n|rule|Evasion Abilities Clause: Evasion abilities are banned\n|rule|Sleep Moves Clause: Sleep-inducing moves are banned\n|clearpoke\n|poke|p1|Latios, M|\n|poke|p1|Zamazenta-*|\n|poke|p1|Samurott-Hisui, M|\n|poke|p1|Iron Treads|\n|poke|p1|Moltres|\n|poke|p1|Dragapult, F|\n|poke|p2|Dragonite, M|\n|poke|p2|Garchomp, M|\n|poke|p2|Kommo-o, M|\n|poke|p2|Kingdra, M|\n|poke|p2|Kyurem|\n|poke|p2|Goodra-Hisui, M|\n|teampreview\n|inactive|Battle timer is ON: inactive players will automatically lose when time's up. (requested by picture of 奇树)\n|\n|t:|1783821785\n|teamsize|p1|6\n|teamsize|p2|6\n|start\n|switch|p1a: Samurott|Samurott-Hisui, M|100/100\n|switch|p2a: JUDGEMENT|Kyurem, shiny|100/100\n|-ability|p2a: JUDGEMENT|Pressure\n|turn|1\n|\n|t:|1783821797\n|move|p1a: Samurott|Ceaseless Edge|p2a: JUDGEMENT\n|-damage|p2a: JUDGEMENT|46/100\n|-sidestart|p2: DRAGON DIA|Spikes\n|move|p2a: JUDGEMENT|Freeze-Dry|p1a: Samurott\n|-supereffective|p1a: Samurott\n|-damage|p1a: Samurott|0 fnt\n|faint|p1a: Samurott\n|\n|upkeep\n|\n|t:|1783821803\n|switch|p1a: Iron Treads|Iron Treads|100/100\n|turn|2\n|\n|t:|1783821812\n|move|p1a: Iron Treads|Stealth Rock|p2a: JUDGEMENT\n|-sidestart|p2: DRAGON DIA|move: Stealth Rock\n|move|p2a: JUDGEMENT|Focus Blast|p1a: Iron Treads\n|-supereffective|p1a: Iron Treads\n|-damage|p1a: Iron Treads|33/100\n|\n|-heal|p1a: Iron Treads|39/100|[from] item: Leftovers\n|upkeep\n|turn|3\n|\n|t:|1783821821\n|move|p1a: Iron Treads|Earthquake|p2a: JUDGEMENT\n|-damage|p2a: JUDGEMENT|20/100\n|move|p2a: JUDGEMENT|Earth Power|p1a: Iron Treads\n|-supereffective|p1a: Iron Treads\n|-damage|p1a: Iron Treads|0 fnt\n|faint|p1a: Iron Treads\n|-end|p1a: Iron Treads|Quark Drive|[silent]\n|\n|upkeep\n|\n|t:|1783821829\n|switch|p1a: Dragapult|Dragapult, F|100/100\n|turn|4\n|\n|t:|1783821832\n|move|p1a: Dragapult|U-turn|p2a: JUDGEMENT\n|-damage|p2a: JUDGEMENT|8/100\n|\n|t:|1783821835\n|switch|p1a: Moltres|Moltres|100/100|[from] U-turn\n|move|p2a: JUDGEMENT|Freeze-Dry|p1a: Moltres\n|-damage|p1a: Moltres|56/100\n|\n|upkeep\n|turn|5\n|\n|t:|1783821848\n|move|p2a: JUDGEMENT|Freeze-Dry|p1a: Moltres\n|-damage|p1a: Moltres|18/100\n|move|p1a: Moltres|U-turn|p2a: JUDGEMENT\n|-damage|p2a: JUDGEMENT|0 fnt\n|faint|p2a: JUDGEMENT\n|\n|t:|1783821854\n|switch|p1a: Dragapult|Dragapult, F|100/100|[from] U-turn\n|\n|upkeep\n|\n|t:|1783821864\n|switch|p2a: HERMIT|Goodra-Hisui, M|100/100\n|-damage|p2a: HERMIT|88/100|[from] Spikes\n|-damage|p2a: HERMIT|82/100|[from] Stealth Rock\n|turn|6\n|\n|t:|1783821873\n|move|p1a: Dragapult|U-turn|p2a: HERMIT\n|-resisted|p2a: HERMIT\n|-damage|p2a: HERMIT|75/100\n|-ability|p2a: HERMIT|Gooey\n|-fail|p1a: Dragapult|unboost|[from] ability: Clear Body|[of] p1a: Dragapult\n|\n|t:|1783821876\n|switch|p1a: Moltres|Moltres|18/100|[from] U-turn\n|move|p2a: HERMIT|Ice Beam|p1a: Moltres\n|-damage|p1a: Moltres|0 fnt\n|faint|p1a: Moltres\n|\n|upkeep\n|\n|t:|1783821883\n|switch|p1a: Latios|Latios, M|100/100\n|turn|7\n|-activate|p2a: HERMIT|item: Quick Claw\n|\n|t:|1783821889\n|move|p2a: HERMIT|Ice Beam|p1a: Latios\n|-supereffective|p1a: Latios\n|-damage|p1a: Latios|42/100\n|move|p1a: Latios|Trick|p2a: HERMIT\n|-activate|p1a: Latios|move: Trick|[of] p2a: HERMIT\n|-item|p2a: HERMIT|Choice Scarf|[from] move: Trick\n|-item|p1a: Latios|Quick Claw|[from] move: Trick\n|\n|upkeep\n|turn|8\n|\n|t:|1783821900\n|move|p1a: Latios|Draco Meteor|p2a: HERMIT\n|-damage|p2a: HERMIT|18/100\n|-unboost|p1a: Latios|spa|2\n|move|p2a: HERMIT|Ice Beam|p1a: Latios\n|-supereffective|p1a: Latios\n|-damage|p1a: Latios|0 fnt\n|faint|p1a: Latios\n|\n|upkeep\n|\n|t:|1783821908\n|switch|p1a: Zamazenta|Zamazenta|100/100\n|-ability|p1a: Zamazenta|Dauntless Shield|boost\n|-boost|p1a: Zamazenta|def|1\n|turn|9\n|\n|t:|1783821914\n|move|p1a: Zamazenta|Iron Defense|p1a: Zamazenta\n|-boost|p1a: Zamazenta|def|2\n|move|p2a: HERMIT|Ice Beam|p1a: Zamazenta\n|-damage|p1a: Zamazenta|70/100\n|\n|-heal|p1a: Zamazenta|76/100|[from] item: Leftovers\n|upkeep\n|turn|10\n|\n|t:|1783821923\n|move|p1a: Zamazenta|Iron Defense|p1a: Zamazenta\n|-boost|p1a: Zamazenta|def|2\n|move|p2a: HERMIT|Ice Beam|p1a: Zamazenta\n|-damage|p1a: Zamazenta|49/100\n|\n|-heal|p1a: Zamazenta|55/100|[from] item: Leftovers\n|upkeep\n|turn|11\n|\n|t:|1783821932\n|move|p1a: Zamazenta|Body Press|p2a: HERMIT\n|-supereffective|p2a: HERMIT\n|-damage|p2a: HERMIT|0 fnt\n|-ability|p2a: HERMIT|Gooey\n|-unboost|p1a: Zamazenta|spe|1\n|faint|p2a: HERMIT\n|\n|-heal|p1a: Zamazenta|61/100|[from] item: Leftovers\n|upkeep\n|c|☆picture of 奇树|ヾ(*Ő౪Ő*)\n|\n|t:|1783821958\n|switch|p2a: HANGED MON|Kommo-o, M|100/100\n|-damage|p2a: HANGED MON|88/100|[from] Spikes\n|-damage|p2a: HANGED MON|82/100|[from] Stealth Rock\n|turn|12\n|\n|t:|1783821965\n|move|p1a: Zamazenta|Body Press|p2a: HANGED MON\n|-damage|p2a: HANGED MON|0 fnt\n|faint|p2a: HANGED MON\n|\n|-heal|p1a: Zamazenta|68/100|[from] item: Leftovers\n|upkeep\n|\n|t:|1783821976\n|switch|p2a: STAR|Garchomp, M|100/100\n|-damage|p2a: STAR|88/100|[from] Spikes\n|-damage|p2a: STAR|82/100|[from] Stealth Rock\n|turn|13\n|\n|t:|1783821982\n|move|p2a: STAR|Scale Shot|p1a: Zamazenta\n|-damage|p1a: Zamazenta|64/100\n|-damage|p1a: Zamazenta|61/100\n|-damage|p1a: Zamazenta|58/100\n|-damage|p1a: Zamazenta|54/100\n|-damage|p1a: Zamazenta|51/100\n|-hitcount|p1a: Zamazenta|5\n|-unboost|p2a: STAR|def|1\n|-boost|p2a: STAR|spe|1\n|move|p1a: Zamazenta|Body Press|p2a: STAR\n|-crit|p2a: STAR\n|-damage|p2a: STAR|0 fnt\n|-damage|p1a: Zamazenta|39/100|[from] ability: Rough Skin|[of] p2a: STAR\n|faint|p2a: STAR\n|\n|-heal|p1a: Zamazenta|45/100|[from] item: Leftovers\n|upkeep\n|inactive|DRAGON DIA has 120 seconds left.\n|-message|DRAGON DIA forfeited.\n|\n|win|picture of 奇树\n|raw|picture of 奇树's rating: 1442 &rarr; <strong>1464</strong><br />(+22 for winning)\n|raw|DRAGON DIA's rating: 1483 &rarr; <strong>1461</strong><br />(-22 for losing)\n|l|☆DRAGON DIA\n|player|p2|\n", "uploadtime": 1783822004, "views": 6, "formatid": "gen9ou", "rating": 1461, "private": 0, "password": null}