{"id": "gen9ou-2647834702", "format": "[Gen 9] OU", "players": ["DomNeedsHelp", "cjfrozen"], "log": "|j|☆DomNeedsHelp\n|j|☆cjfrozen\n|t:|1783820932\n|gametype|singles\n|player|p1|DomNeedsHelp|plumeria|\n|player|p2|cjfrozen|cyrus-masters|\n|gen|9\n|tier|[Gen 9] OU\n|rule|HP Percentage Mod: HP is shown in percentages\n|rule|Endless Battle Clause: Forcing endless battles is banned\n|rule|Species Clause: Limit one of each Pokémon\n|rule|OHKO Clause: OHKO moves are banned\n|rule|Evasion Items Clause: Evasion items are banned\n|rule|Evasion Moves Clause: Evasion moves are banned\n|rule|Evasion Abilities Clause: Evasion abilities are banned\n|rule|Sleep Moves Clause: Sleep-inducing moves are banned\n|clearpoke\n|poke|p1|Slither Wing|\n|poke|p1|Gastrodon-East, F|\n|poke|p1|Dragonite, F|\n|poke|p1|Golurk|\n|poke|p1|Raikou|\n|poke|p1|Samurott-Hisui, F|\n|poke|p2|Raging Bolt|\n|poke|p2|Torterra, F|\n|poke|p2|Iron Jugulis|\n|poke|p2|Araquanid, F|\n|poke|p2|Skeledirge, F|\n|poke|p2|Tsareena, F|\n|teampreview\n|j| CTE World\n|j| SenketsuThreads\n|\n|t:|1783820969\n|teamsize|p1|6\n|teamsize|p2|6\n|start\n|switch|p1a: Vodka|Samurott-Hisui, F|100/100\n|switch|p2a: Araquanid|Araquanid, F, shiny|100/100\n|turn|1\n|\n|t:|1783820983\n|move|p1a: Vodka|Ceaseless Edge|p2a: Araquanid\n|-damage|p2a: Araquanid|57/100\n|-sidestart|p2: cjfrozen|Spikes\n|move|p2a: Araquanid|Lunge|p1a: Vodka\n|-supereffective|p1a: Vodka\n|-damage|p1a: Vodka|16/100\n|-unboost|p1a: Vodka|atk|1\n|\n|upkeep\n|turn|2\n|\n|t:|1783821011\n|switch|p1a: 30 Pivots or Less|Raikou|100/100\n|move|p2a: Araquanid|Sticky Web|p1a: 30 Pivots or Less\n|-sidestart|p1: DomNeedsHelp|move: Sticky Web\n|\n|upkeep\n|turn|3\n|\n|t:|1783821023\n|move|p1a: 30 Pivots or Less|Thunderbolt|p2a: Araquanid\n|-supereffective|p2a: Araquanid\n|-damage|p2a: Araquanid|0 fnt\n|faint|p2a: Araquanid\n|\n|upkeep\n|\n|t:|1783821049\n|switch|p2a: Tsareena|Tsareena, F, shiny|100/100\n|turn|4\n|j| roikeith\n|j| outties\n|\n|t:|1783821099\n|switch|p1a: Carpet|Golurk|100/100\n|-activate|p1a: Carpet|move: Sticky Web\n|-unboost|p1a: Carpet|spe|1\n|move|p2a: Tsareena|Power Whip|p1a: Carpet\n|-supereffective|p1a: Carpet\n|-damage|p1a: Carpet|0 fnt\n|faint|p1a: Carpet\n|\n|upkeep\n|\n|t:|1783821114\n|switch|p1a: Kanto Air|Dragonite, F|100/100\n|turn|5\n|\n|t:|1783821123\n|move|p1a: Kanto Air|Outrage|p2a: Tsareena\n|-damage|p2a: Tsareena|0 fnt\n|faint|p2a: Tsareena\n|\n|upkeep\n|\n|t:|1783821181\n|switch|p2a: Skeledirge|Skeledirge, F, shiny|100/100\n|-damage|p2a: Skeledirge|88/100|[from] Spikes\n|turn|6\n|\n|t:|1783821211\n|move|p1a: Kanto Air|Outrage|p2a: Skeledirge|[from] lockedmove\n|-damage|p2a: Skeledirge|15/100\n|move|p2a: Skeledirge|Curse|p1a: Kanto Air\n|-start|p1a: Kanto Air|Curse|[of] p2a: Skeledirge\n|-damage|p2a: Skeledirge|0 fnt\n|faint|p2a: Skeledirge\n|\n|-damage|p1a: Kanto Air|76/100|[from] Curse\n|upkeep\n|j| keggfm\n|\n|t:|1783821229\n|switch|p2a: Iron Jugulis|Iron Jugulis|100/100\n|-enditem|p2a: Iron Jugulis|Booster Energy\n|-activate|p2a: Iron Jugulis|ability: Quark Drive|[fromitem]\n|-start|p2a: Iron Jugulis|quarkdrivespe\n|turn|7\n|\n|t:|1783821236\n|move|p2a: Iron Jugulis|Dark Pulse|p1a: Kanto Air\n|-damage|p1a: Kanto Air|33/100\n|cant|p1a: Kanto Air|flinch\n|\n|-damage|p1a: Kanto Air|8/100|[from] Curse\n|-start|p1a: Kanto Air|confusion|[fatigue]\n|upkeep\n|turn|8\n|\n|t:|1783821249\n|switch|p1a: East Bay Funk|Gastrodon-East, F|100/100\n|-activate|p1a: East Bay Funk|move: Sticky Web\n|-unboost|p1a: East Bay Funk|spe|1\n|move|p2a: Iron Jugulis|Heat Wave|p1a: East Bay Funk|[miss]\n|-miss|p2a: Iron Jugulis|p1a: East Bay Funk\n|\n|upkeep\n|turn|9\n|l| keggfm\n|j| GODBODY STORM\n|\n|t:|1783821278\n|move|p2a: Iron Jugulis|Dark Pulse|p1a: East Bay Funk\n|-damage|p1a: East Bay Funk|76/100\n|move|p1a: East Bay Funk|Stealth Rock|p2a: Iron Jugulis\n|-sidestart|p2: cjfrozen|move: Stealth Rock\n|\n|upkeep\n|turn|10\n|\n|t:|1783821286\n|move|p2a: Iron Jugulis|Dark Pulse|p1a: East Bay Funk\n|-damage|p1a: East Bay Funk|49/100\n|move|p1a: East Bay Funk|Ice Beam|p2a: Iron Jugulis\n|-supereffective|p2a: Iron Jugulis\n|-damage|p2a: Iron Jugulis|48/100\n|\n|upkeep\n|turn|11\n|\n|t:|1783821291\n|move|p2a: Iron Jugulis|Dark Pulse|p1a: East Bay Funk\n|-damage|p1a: East Bay Funk|24/100\n|move|p1a: East Bay Funk|Recover|p1a: East Bay Funk\n|-heal|p1a: East Bay Funk|74/100\n|\n|upkeep\n|turn|12\n|j| BlackTux\n|\n|t:|1783821310\n|move|p2a: Iron Jugulis|Dark Pulse|p1a: East Bay Funk\n|-damage|p1a: East Bay Funk|50/100\n|move|p1a: East Bay Funk|Ice Beam|p2a: Iron Jugulis\n|-supereffective|p2a: Iron Jugulis\n|-damage|p2a: Iron Jugulis|0 fnt\n|faint|p2a: Iron Jugulis\n|-end|p2a: Iron Jugulis|Quark Drive|[silent]\n|\n|upkeep\n|c| GODBODY STORM|some damn jungilous\n|\n|t:|1783821326\n|switch|p2a: Torterra|Torterra, F|100/100\n|-damage|p2a: Torterra|88/100|[from] Spikes\n|-damage|p2a: Torterra|82/100|[from] Stealth Rock\n|turn|13\n|\n|t:|1783821363\n|switch|p1a: Bugnificent|Slither Wing|100/100\n|-activate|p1a: Bugnificent|move: Sticky Web\n|-unboost|p1a: Bugnificent|spe|1\n|move|p2a: Torterra|Shell Smash|p2a: Torterra\n|-unboost|p2a: Torterra|def|1\n|-unboost|p2a: Torterra|spd|1\n|-boost|p2a: Torterra|atk|2\n|-boost|p2a: Torterra|spa|2\n|-boost|p2a: Torterra|spe|2\n|\n|upkeep\n|turn|14\n|\n|t:|1783821386\n|-terastallize|p2a: Torterra|Fire\n|move|p1a: Bugnificent|First Impression|p2a: Torterra\n|-resisted|p2a: Torterra\n|-damage|p2a: Torterra|42/100\n|move|p2a: Torterra|Earthquake|p1a: Bugnificent\n|-resisted|p1a: Bugnificent\n|-damage|p1a: Bugnificent|55/100\n|\n|upkeep\n|turn|15\n|\n|t:|1783821449\n|move|p2a: Torterra|Stone Edge|p1a: Bugnificent|[miss]\n|-miss|p2a: Torterra|p1a: Bugnificent\n|move|p1a: Bugnificent|Close Combat|p2a: Torterra\n|-damage|p2a: Torterra|0 fnt\n|-unboost|p1a: Bugnificent|def|1\n|-unboost|p1a: Bugnificent|spd|1\n|faint|p2a: Torterra\n|\n|upkeep\n|\n|t:|1783821485\n|switch|p2a: Raging Bolt|Raging Bolt|100/100\n|-damage|p2a: Raging Bolt|88/100|[from] Spikes\n|-damage|p2a: Raging Bolt|75/100|[from] Stealth Rock\n|-enditem|p2a: Raging Bolt|Booster Energy\n|-activate|p2a: Raging Bolt|ability: Protosynthesis|[fromitem]\n|-start|p2a: Raging Bolt|protosynthesisspa\n|turn|16\n|c|☆cjfrozen|gg\n|\n|t:|1783821533\n|move|p2a: Raging Bolt|Thunderbolt|p1a: Bugnificent\n|-damage|p1a: Bugnificent|0 fnt\n|faint|p1a: Bugnificent\n|-end|p1a: Bugnificent|Protosynthesis|[silent]\n|\n|upkeep\n|\n|t:|1783821546\n|switch|p1a: East Bay Funk|Gastrodon-East, F|50/100\n|-activate|p1a: East Bay Funk|move: Sticky Web\n|-unboost|p1a: East Bay Funk|spe|1\n|turn|17\n|\n|t:|1783821568\n|-terastallize|p1a: East Bay Funk|Fairy\n|move|p2a: Raging Bolt|Draco Meteor|p1a: East Bay Funk\n|-immune|p1a: East Bay Funk\n|move|p1a: East Bay Funk|Recover|p1a: East Bay Funk\n|-heal|p1a: East Bay Funk|100/100\n|\n|upkeep\n|turn|18\n|\n|t:|1783821575\n|move|p2a: Raging Bolt|Thunderbolt|p1a: East Bay Funk\n|-damage|p1a: East Bay Funk|60/100\n|move|p1a: East Bay Funk|Ice Beam|p2a: Raging Bolt\n|-supereffective|p2a: Raging Bolt\n|-damage|p2a: Raging Bolt|36/100\n|\n|upkeep\n|turn|19\n|\n|t:|1783821580\n|move|p2a: Raging Bolt|Thunderbolt|p1a: East Bay Funk\n|-damage|p1a: East Bay Funk|17/100\n|move|p1a: East Bay Funk|Ice Beam|p2a: Raging Bolt\n|-supereffective|p2a: Raging Bolt\n|-damage|p2a: Raging Bolt|0 fnt\n|faint|p2a: Raging Bolt\n|-end|p2a: Raging Bolt|Protosynthesis|[silent]\n|\n|win|DomNeedsHelp\n|l|☆cjfrozen\n|player|p2|\n", "uploadtime": 1783821587, "views": 13, "formatid": "gen9ou", "rating": null, "private": 0, "password": null}