{"id": "gen9ou-2647766628", "format": "[Gen 9] OU", "players": ["gengar6969", "therealflannery_gg"], "log": "|j|☆gengar6969\n|j|☆therealflannery_gg\n|t:|1783808942\n|gametype|singles\n|player|p1|gengar6969|169|1311\n|player|p2|therealflannery_gg|flannery|1301\n|gen|9\n|tier|[Gen 9] OU\n|rated|\n|rule|HP Percentage Mod: HP is shown in percentages\n|rule|Endless Battle Clause: Forcing endless battles is banned\n|rule|Species Clause: Limit one of each Pokémon\n|rule|OHKO Clause: OHKO moves are banned\n|rule|Evasion Items Clause: Evasion items are banned\n|rule|Evasion Moves Clause: Evasion moves are banned\n|rule|Evasion Abilities Clause: Evasion abilities are banned\n|rule|Sleep Moves Clause: Sleep-inducing moves are banned\n|clearpoke\n|poke|p1|Landorus-Therian, M|\n|poke|p1|Ceruledge, F|\n|poke|p1|Enamorus, F|\n|poke|p1|Polteageist|\n|poke|p1|Iron Treads|\n|poke|p1|Corviknight, M|\n|poke|p2|Ogerpon-Wellspring, F|\n|poke|p2|Darkrai|\n|poke|p2|Tornadus-Therian, M|\n|poke|p2|Pecharunt|\n|poke|p2|Bronzong|\n|poke|p2|Great Tusk|\n|teampreview\n|\n|t:|1783808951\n|teamsize|p1|6\n|teamsize|p2|6\n|start\n|switch|p1a: Enamorus|Enamorus, F|100/100\n|switch|p2a: Tornadus|Tornadus-Therian, M|100/100\n|turn|1\n|\n|t:|1783808955\n|move|p2a: Tornadus|Bleakwind Storm|p1a: Enamorus\n|-damage|p1a: Enamorus|46/100\n|-boost|p1a: Enamorus|spe|1\n|move|p1a: Enamorus|Moonblast|p2a: Tornadus\n|-damage|p2a: Tornadus|6/100\n|-unboost|p2a: Tornadus|spa|1\n|\n|upkeep\n|turn|2\n|\n|t:|1783808961\n|switch|p2a: Bronzong|Bronzong|100/100\n|move|p1a: Enamorus|Moonblast|p2a: Bronzong\n|-resisted|p2a: Bronzong\n|-damage|p2a: Bronzong|64/100\n|\n|upkeep\n|turn|3\n|\n|t:|1783808969\n|switch|p1a: Ceruledge|Ceruledge, F, shiny|100/100\n|move|p2a: Bronzong|Gyro Ball|p1a: Ceruledge\n|-resisted|p1a: Ceruledge\n|-damage|p1a: Ceruledge|63/100\n|-ability|p1a: Ceruledge|Weak Armor|boost\n|-unboost|p1a: Ceruledge|def|1\n|-boost|p1a: Ceruledge|spe|2\n|\n|upkeep\n|turn|4\n|\n|t:|1783808980\n|move|p1a: Ceruledge|Swords Dance|p1a: Ceruledge\n|-boost|p1a: Ceruledge|atk|2\n|move|p2a: Bronzong|Earthquake|p1a: Ceruledge\n|-supereffective|p1a: Ceruledge\n|-damage|p1a: Ceruledge|0 fnt\n|faint|p1a: Ceruledge\n|\n|upkeep\n|\n|t:|1783808986\n|switch|p1a: Polteageist|Polteageist, shiny|100/100\n|turn|5\n|\n|t:|1783808995\n|move|p1a: Polteageist|Shell Smash|p1a: Polteageist\n|-unboost|p1a: Polteageist|def|1\n|-unboost|p1a: Polteageist|spd|1\n|-boost|p1a: Polteageist|atk|2\n|-boost|p1a: Polteageist|spa|2\n|-boost|p1a: Polteageist|spe|2\n|move|p2a: Bronzong|Gyro Ball|p1a: Polteageist\n|-enditem|p1a: Polteageist|Focus Sash\n|-damage|p1a: Polteageist|1/100\n|-ability|p1a: Polteageist|Weak Armor|boost\n|-unboost|p1a: Polteageist|def|1\n|-boost|p1a: Polteageist|spe|2\n|\n|upkeep\n|turn|6\n|\n|t:|1783809001\n|-terastallize|p2a: Bronzong|Steel\n|move|p1a: Polteageist|Shadow Ball|p2a: Bronzong\n|-damage|p2a: Bronzong|0 fnt\n|faint|p2a: Bronzong\n|\n|upkeep\n|\n|t:|1783809007\n|switch|p2a: Darkrai|Darkrai|100/100\n|turn|7\n|\n|t:|1783809009\n|move|p1a: Polteageist|Giga Drain|p2a: Darkrai\n|-damage|p2a: Darkrai|20/100\n|-heal|p1a: Polteageist|44/100|[from] drain|[of] p2a: Darkrai\n|move|p2a: Darkrai|Dark Pulse|p1a: Polteageist\n|-supereffective|p1a: Polteageist\n|-crit|p1a: Polteageist\n|-damage|p1a: Polteageist|0 fnt\n|faint|p1a: Polteageist\n|\n|upkeep\n|\n|t:|1783809012\n|switch|p1a: Landorus|Landorus-Therian, M, shiny|100/100\n|-ability|p1a: Landorus|Intimidate|boost\n|-unboost|p2a: Darkrai|atk|1\n|turn|8\n|\n|t:|1783809018\n|switch|p2a: Tornadus|Tornadus-Therian, M|39/100\n|move|p1a: Landorus|U-turn|p2a: Tornadus\n|-resisted|p2a: Tornadus\n|-damage|p2a: Tornadus|20/100\n|inactive|Battle timer is ON: inactive players will automatically lose when time's up. (requested by therealflannery_gg)\n|\n|t:|1783809022\n|switch|p1a: Iron Treads|Iron Treads, shiny|100/100|[from] U-turn\n|\n|upkeep\n|turn|9\n|\n|t:|1783809025\n|move|p2a: Tornadus|Taunt|p1a: Iron Treads\n|-start|p1a: Iron Treads|move: Taunt\n|cant|p1a: Iron Treads|move: Taunt|Stealth Rock\n|\n|upkeep\n|turn|10\n|\n|t:|1783809028\n|move|p2a: Tornadus|Knock Off|p1a: Iron Treads\n|-damage|p1a: Iron Treads|74/100\n|-enditem|p1a: Iron Treads|Leftovers|[from] move: Knock Off|[of] p2a: Tornadus\n|move|p1a: Iron Treads|Ice Spinner|p2a: Tornadus\n|-supereffective|p2a: Tornadus\n|-damage|p2a: Tornadus|0 fnt\n|faint|p2a: Tornadus\n|\n|upkeep\n|\n|t:|1783809036\n|switch|p2a: Ogerpon|Ogerpon-Wellspring, F|100/100\n|turn|11\n|\n|t:|1783809047\n|move|p2a: Ogerpon|Ivy Cudgel|p1a: Iron Treads|[anim] Ivy Cudgel Water\n|-supereffective|p1a: Iron Treads\n|-damage|p1a: Iron Treads|0 fnt\n|faint|p1a: Iron Treads\n|-end|p1a: Iron Treads|Quark Drive|[silent]\n|\n|upkeep\n|\n|t:|1783809050\n|switch|p1a: Corviknight|Corviknight, M, shiny|100/100\n|turn|12\n|\n|t:|1783809054\n|switch|p2a: Pecharunt|Pecharunt|100/100\n|move|p1a: Corviknight|Brave Bird|p2a: Pecharunt\n|-damage|p2a: Pecharunt|77/100\n|-damage|p1a: Corviknight|93/100|[from] Recoil\n|\n|-heal|p1a: Corviknight|99/100|[from] item: Leftovers\n|upkeep\n|turn|13\n|\n|t:|1783809060\n|switch|p1a: Enamorus|Enamorus, F|46/100\n|move|p2a: Pecharunt|Shadow Ball|p1a: Enamorus\n|-damage|p1a: Enamorus|0 fnt\n|faint|p1a: Enamorus\n|\n|upkeep\n|\n|t:|1783809061\n|switch|p1a: Landorus|Landorus-Therian, M, shiny|100/100\n|-ability|p1a: Landorus|Intimidate|boost\n|-unboost|p2a: Pecharunt|atk|1\n|turn|14\n|\n|t:|1783809068\n|move|p1a: Landorus|Earthquake|p2a: Pecharunt\n|-supereffective|p2a: Pecharunt\n|-damage|p2a: Pecharunt|12/100\n|move|p2a: Pecharunt|Parting Shot|p1a: Landorus\n|-unboost|p1a: Landorus|atk|1\n|-unboost|p1a: Landorus|spa|1\n|\n|t:|1783809072\n|switch|p2a: Ogerpon|Ogerpon-Wellspring, F|100/100|[from] Parting Shot\n|\n|upkeep\n|turn|15\n|\n|t:|1783809077\n|switch|p1a: Corviknight|Corviknight, M, shiny|99/100\n|move|p2a: Ogerpon|Ivy Cudgel|p1a: Corviknight|[anim] Ivy Cudgel Water\n|-damage|p1a: Corviknight|64/100\n|\n|-heal|p1a: Corviknight|70/100|[from] item: Leftovers\n|upkeep\n|turn|16\n|\n|t:|1783809107\n|switch|p1a: Landorus|Landorus-Therian, M, shiny|100/100\n|-ability|p1a: Landorus|Intimidate|boost\n|-unboost|p2a: Ogerpon|atk|1\n|move|p2a: Ogerpon|Ivy Cudgel|p1a: Landorus|[anim] Ivy Cudgel Water\n|-supereffective|p1a: Landorus\n|-damage|p1a: Landorus|2/100\n|\n|upkeep\n|turn|17\n|\n|t:|1783809114\n|move|p1a: Landorus|U-turn|p2a: Ogerpon\n|-supereffective|p2a: Ogerpon\n|-damage|p2a: Ogerpon|29/100\n|\n|t:|1783809116\n|switch|p1a: Corviknight|Corviknight, M, shiny|70/100|[from] U-turn\n|move|p2a: Ogerpon|Trailblaze|p1a: Corviknight\n|-resisted|p1a: Corviknight\n|-damage|p1a: Corviknight|67/100\n|-boost|p2a: Ogerpon|spe|1\n|\n|-heal|p1a: Corviknight|73/100|[from] item: Leftovers\n|upkeep\n|turn|18\n|\n|t:|1783809119\n|move|p2a: Ogerpon|Ivy Cudgel|p1a: Corviknight|[anim] Ivy Cudgel Water\n|-damage|p1a: Corviknight|49/100\n|move|p1a: Corviknight|Brave Bird|p2a: Ogerpon\n|-supereffective|p2a: Ogerpon\n|-damage|p2a: Ogerpon|0 fnt\n|faint|p2a: Ogerpon\n|-damage|p1a: Corviknight|42/100|[from] Recoil\n|\n|-heal|p1a: Corviknight|48/100|[from] item: Leftovers\n|upkeep\n|\n|t:|1783809133\n|switch|p2a: Pecharunt|Pecharunt|12/100\n|turn|19\n|\n|t:|1783809136\n|move|p2a: Pecharunt|Shadow Ball|p1a: Corviknight\n|-damage|p1a: Corviknight|15/100\n|move|p1a: Corviknight|Brave Bird|p2a: Pecharunt\n|-damage|p2a: Pecharunt|0 fnt\n|faint|p2a: Pecharunt\n|-damage|p1a: Corviknight|12/100|[from] Recoil\n|\n|-heal|p1a: Corviknight|18/100|[from] item: Leftovers\n|upkeep\n|\n|t:|1783809145\n|switch|p2a: Darkrai|Darkrai|20/100\n|turn|20\n|\n|t:|1783809147\n|move|p2a: Darkrai|Dark Pulse|p1a: Corviknight\n|-damage|p1a: Corviknight|0 fnt\n|faint|p1a: Corviknight\n|\n|upkeep\n|\n|t:|1783809149\n|switch|p1a: Landorus|Landorus-Therian, M, shiny|2/100\n|-ability|p1a: Landorus|Intimidate|boost\n|-unboost|p2a: Darkrai|atk|1\n|turn|21\n|\n|t:|1783809153\n|move|p1a: Landorus|Earthquake|p2a: Darkrai\n|-damage|p2a: Darkrai|0 fnt\n|faint|p2a: Darkrai\n|\n|upkeep\n|\n|t:|1783809155\n|switch|p2a: Great Tusk|Great Tusk|100/100\n|turn|22\n|\n|t:|1783809158\n|move|p1a: Landorus|Earthquake|p2a: Great Tusk\n|-damage|p2a: Great Tusk|57/100\n|move|p2a: Great Tusk|Rapid Spin|p1a: Landorus\n|-damage|p1a: Landorus|0 fnt\n|-boost|p2a: Great Tusk|spe|1\n|faint|p1a: Landorus\n|\n|win|therealflannery_gg\n|raw|gengar6969's rating: 1311 &rarr; <strong>1291</strong><br />(-20 for losing)\n|raw|therealflannery_gg's rating: 1319 &rarr; <strong>1339</strong><br />(+20 for winning)\n|l|☆therealflannery_gg\n|player|p2|\n|l|☆gengar6969\n|player|p1|\n", "uploadtime": 1783809453, "views": 5, "formatid": "gen9ou", "rating": 1291, "private": 0, "password": null}