{"id": "gen9ou-2639298028", "format": "[Gen 9] OU", "players": ["normalguy55", "thepeakmons"], "log": "|j|☆normalguy55\n|j|☆thepeakmons\n|t:|1782448232\n|gametype|singles\n|player|p1|normalguy55|101|1401\n|player|p2|thepeakmons|101|1403\n|gen|9\n|tier|[Gen 9] OU\n|rated|\n|rule|HP Percentage Mod: HP is shown in percentages\n|rule|Endless Battle Clause: Forcing endless battles is banned\n|rule|Species Clause: Limit one of each Pokémon\n|rule|OHKO Clause: OHKO moves are banned\n|rule|Evasion Items Clause: Evasion items are banned\n|rule|Evasion Moves Clause: Evasion moves are banned\n|rule|Evasion Abilities Clause: Evasion abilities are banned\n|rule|Sleep Moves Clause: Sleep-inducing moves are banned\n|clearpoke\n|poke|p1|Garchomp, M|\n|poke|p1|Samurott-Hisui, M|\n|poke|p1|Gholdengo|\n|poke|p1|Great Tusk|\n|poke|p1|Raging Bolt|\n|poke|p1|Kingambit, M|\n|poke|p2|Dondozo, F|\n|poke|p2|Clodsire, M|\n|poke|p2|Corviknight, F|\n|poke|p2|Slowking-Galar, M|\n|poke|p2|Gholdengo|\n|poke|p2|Garganacl, M|\n|teampreview\n|\n|t:|1782448243\n|teamsize|p1|6\n|teamsize|p2|6\n|start\n|switch|p1a: Samurott|Samurott-Hisui, M|100/100\n|switch|p2a: Clodsire|Clodsire, M|100/100\n|turn|1\n|inactive|Battle timer is ON: inactive players will automatically lose when time's up. (requested by thepeakmons)\n|inactive|thepeakmons has 120 seconds left.\n|\n|t:|1782448278\n|move|p1a: Samurott|Ceaseless Edge|p2a: Clodsire\n|-damage|p2a: Clodsire|51/100\n|-sidestart|p2: thepeakmons|Spikes\n|move|p2a: Clodsire|Stealth Rock|p1a: Samurott\n|-sidestart|p1: normalguy55|move: Stealth Rock\n|\n|upkeep\n|turn|2\n|\n|t:|1782448287\n|switch|p2a: Dondozo|Dondozo, F|100/100\n|move|p1a: Samurott|Ceaseless Edge|p2a: Dondozo|[miss]\n|-miss|p1a: Samurott|p2a: Dondozo\n|\n|upkeep\n|turn|3\n|\n|t:|1782448303\n|move|p1a: Samurott|Knock Off|p2a: Dondozo\n|-damage|p2a: Dondozo|82/100\n|-enditem|p2a: Dondozo|Heavy-Duty Boots|[from] move: Knock Off|[of] p1a: Samurott\n|move|p2a: Dondozo|Wave Crash|p1a: Samurott\n|-resisted|p1a: Samurott\n|-damage|p1a: Samurott|75/100\n|-damage|p2a: Dondozo|77/100|[from] Recoil\n|\n|upkeep\n|turn|4\n|\n|t:|1782448317\n|move|p1a: Samurott|Ceaseless Edge|p2a: Dondozo\n|-damage|p2a: Dondozo|56/100\n|-sidestart|p2: thepeakmons|Spikes\n|move|p2a: Dondozo|Body Press|p1a: Samurott\n|-supereffective|p1a: Samurott\n|-damage|p1a: Samurott|4/100\n|\n|upkeep\n|turn|5\n|\n|t:|1782448336\n|move|p1a: Samurott|Ceaseless Edge|p2a: Dondozo|[miss]\n|-miss|p1a: Samurott|p2a: Dondozo\n|move|p2a: Dondozo|Curse|p2a: Dondozo\n|-unboost|p2a: Dondozo|spe|1\n|-boost|p2a: Dondozo|atk|1\n|-boost|p2a: Dondozo|def|1\n|\n|upkeep\n|turn|6\n|\n|t:|1782448344\n|move|p1a: Samurott|Ceaseless Edge|p2a: Dondozo\n|-damage|p2a: Dondozo|42/100\n|-sidestart|p2: thepeakmons|Spikes\n|move|p2a: Dondozo|Wave Crash|p1a: Samurott\n|-resisted|p1a: Samurott\n|-damage|p1a: Samurott|0 fnt\n|faint|p1a: Samurott\n|-damage|p2a: Dondozo|41/100|[from] Recoil\n|\n|upkeep\n|\n|t:|1782448349\n|switch|p1a: Raging Bolt|Raging Bolt|100/100\n|-damage|p1a: Raging Bolt|88/100|[from] Stealth Rock\n|-enditem|p1a: Raging Bolt|Booster Energy\n|-activate|p1a: Raging Bolt|ability: Protosynthesis|[fromitem]\n|-start|p1a: Raging Bolt|protosynthesisspa\n|turn|7\n|\n|t:|1782448360\n|switch|p2a: Clodsire|Clodsire, M|51/100\n|move|p1a: Raging Bolt|Dragon Pulse|p2a: Clodsire\n|-damage|p2a: Clodsire|16/100\n|\n|upkeep\n|turn|8\n|\n|t:|1782448378\n|switch|p2a: Slowking|Slowking-Galar, M|100/100\n|move|p1a: Raging Bolt|Dragon Pulse|p2a: Slowking\n|-damage|p2a: Slowking|60/100\n|\n|upkeep\n|turn|9\n|\n|t:|1782448391\n|move|p1a: Raging Bolt|Thunderbolt|p2a: Slowking\n|-damage|p2a: Slowking|17/100\n|move|p2a: Slowking|Ice Beam|p1a: Raging Bolt\n|-supereffective|p1a: Raging Bolt\n|-damage|p1a: Raging Bolt|44/100\n|\n|upkeep\n|turn|10\n|\n|t:|1782448411\n|switch|p2a: Dondozo|Dondozo, F|41/100\n|-damage|p2a: Dondozo|17/100|[from] Spikes\n|move|p1a: Raging Bolt|Dragon Pulse|p2a: Dondozo\n|-damage|p2a: Dondozo|0 fnt\n|faint|p2a: Dondozo\n|\n|upkeep\n|\n|t:|1782448425\n|switch|p2a: Slowking|Slowking-Galar, M|50/100\n|turn|11\n|\n|t:|1782448433\n|move|p1a: Raging Bolt|Calm Mind|p1a: Raging Bolt\n|-boost|p1a: Raging Bolt|spa|1\n|-boost|p1a: Raging Bolt|spd|1\n|move|p2a: Slowking|Ice Beam|p1a: Raging Bolt\n|-supereffective|p1a: Raging Bolt\n|-damage|p1a: Raging Bolt|17/100\n|\n|upkeep\n|turn|12\n|\n|t:|1782448451\n|switch|p2a: Clodsire|Clodsire, M|16/100\n|move|p1a: Raging Bolt|Thunderbolt|p2a: Clodsire\n|-immune|p2a: Clodsire\n|\n|upkeep\n|turn|13\n|\n|t:|1782448458\n|move|p1a: Raging Bolt|Dragon Pulse|p2a: Clodsire\n|-damage|p2a: Clodsire|0 fnt\n|faint|p2a: Clodsire\n|\n|upkeep\n|\n|t:|1782448470\n|switch|p2a: Gholdengo|Gholdengo|100/100\n|turn|14\n|\n|t:|1782448477\n|move|p1a: Raging Bolt|Thunderclap|p2a: Gholdengo\n|-damage|p2a: Gholdengo|22/100\n|move|p2a: Gholdengo|Shadow Ball|p1a: Raging Bolt\n|-damage|p1a: Raging Bolt|0 fnt\n|faint|p1a: Raging Bolt\n|-end|p1a: Raging Bolt|Protosynthesis|[silent]\n|\n|upkeep\n|\n|t:|1782448489\n|switch|p1a: Great Tusk|Great Tusk|100/100\n|-damage|p1a: Great Tusk|98/100|[from] Stealth Rock\n|-enditem|p1a: Great Tusk|Booster Energy\n|-activate|p1a: Great Tusk|ability: Protosynthesis|[fromitem]\n|-start|p1a: Great Tusk|protosynthesisatk\n|turn|15\n|\n|t:|1782448500\n|switch|p2a: Corviknight|Corviknight, F|100/100\n|-ability|p2a: Corviknight|Pressure\n|move|p1a: Great Tusk|Ice Spinner|p2a: Corviknight\n|-damage|p2a: Corviknight|79/100\n|\n|upkeep\n|turn|16\n|\n|t:|1782448519\n|move|p1a: Great Tusk|Rapid Spin|p2a: Corviknight\n|-resisted|p2a: Corviknight\n|-damage|p2a: Corviknight|72/100\n|-boost|p1a: Great Tusk|spe|1\n|-sideend|p1: normalguy55|Stealth Rock|[from] move: Rapid Spin|[of] p1a: Great Tusk\n|move|p2a: Corviknight|U-turn|p1a: Great Tusk\n|-resisted|p1a: Great Tusk\n|-damage|p1a: Great Tusk|93/100\n|\n|t:|1782448534\n|switch|p2a: Slowking|Slowking-Galar, M|84/100|[from] U-turn\n|\n|upkeep\n|turn|17\n|\n|t:|1782448543\n|switch|p2a: Corviknight|Corviknight, F|72/100\n|-ability|p2a: Corviknight|Pressure\n|move|p1a: Great Tusk|Headlong Rush|p2a: Corviknight\n|-immune|p2a: Corviknight\n|\n|upkeep\n|turn|18\n|\n|t:|1782448555\n|move|p1a: Great Tusk|Ice Spinner|p2a: Corviknight\n|-damage|p2a: Corviknight|52/100\n|move|p2a: Corviknight|Roost|p2a: Corviknight\n|-heal|p2a: Corviknight|100/100\n|-singleturn|p2a: Corviknight|move: Roost\n|\n|upkeep\n|turn|19\n|\n|t:|1782448567\n|move|p1a: Great Tusk|Ice Spinner|p2a: Corviknight\n|-damage|p2a: Corviknight|78/100\n|move|p2a: Corviknight|U-turn|p1a: Great Tusk\n|-resisted|p1a: Great Tusk\n|-damage|p1a: Great Tusk|87/100\n|\n|t:|1782448582\n|switch|p2a: Gholdengo|Gholdengo|22/100|[from] U-turn\n|\n|upkeep\n|turn|20\n|\n|t:|1782448588\n|switch|p2a: Corviknight|Corviknight, F|78/100\n|-ability|p2a: Corviknight|Pressure\n|move|p1a: Great Tusk|Ice Spinner|p2a: Corviknight\n|-damage|p2a: Corviknight|56/100\n|\n|upkeep\n|turn|21\n|\n|t:|1782448600\n|-end|p1a: Great Tusk|Protosynthesis|[silent]\n|switch|p1a: Garchomp|Garchomp, M|100/100\n|move|p2a: Corviknight|U-turn|p1a: Garchomp\n|-damage|p1a: Garchomp|86/100\n|-damage|p2a: Corviknight|44/100|[from] ability: Rough Skin|[of] p1a: Garchomp\n|\n|t:|1782448615\n|switch|p2a: Gholdengo|Gholdengo|22/100|[from] U-turn\n|\n|upkeep\n|turn|22\n|\n|t:|1782448627\n|switch|p2a: Corviknight|Corviknight, F|44/100\n|-ability|p2a: Corviknight|Pressure\n|move|p1a: Garchomp|Fire Fang|p2a: Corviknight\n|-supereffective|p2a: Corviknight\n|-damage|p2a: Corviknight|16/100\n|\n|upkeep\n|turn|23\n|inactive|thepeakmons has 120 seconds left.\n|\n|t:|1782448645\n|switch|p2a: Garganacl|Garganacl, M|100/100\n|-damage|p2a: Garganacl|75/100|[from] Spikes\n|move|p1a: Garchomp|Swords Dance|p1a: Garchomp\n|-boost|p1a: Garchomp|atk|2\n|\n|-heal|p2a: Garganacl|82/100|[from] item: Leftovers\n|upkeep\n|turn|24\n|inactive|thepeakmons has 120 seconds left.\n|\n|t:|1782448658\n|move|p2a: Garganacl|Protect|p2a: Garganacl\n|-singleturn|p2a: Garganacl|Protect\n|move|p1a: Garchomp|Scale Shot|p2a: Garganacl\n|-activate|p2a: Garganacl|move: Protect\n|\n|-heal|p2a: Garganacl|88/100|[from] item: Leftovers\n|upkeep\n|turn|25\n|inactive|thepeakmons has 120 seconds left.\n|\n|t:|1782448671\n|switch|p2a: Corviknight|Corviknight, F|16/100\n|-ability|p2a: Corviknight|Pressure\n|move|p1a: Garchomp|Earthquake|p2a: Corviknight\n|-immune|p2a: Corviknight\n|\n|upkeep\n|turn|26\n|inactive|thepeakmons has 120 seconds left.\n|\n|t:|1782448682\n|switch|p2a: Garganacl|Garganacl, M|88/100\n|-damage|p2a: Garganacl|63/100|[from] Spikes\n|move|p1a: Garchomp|Fire Fang|p2a: Garganacl\n|-resisted|p2a: Garganacl\n|-damage|p2a: Garganacl|51/100\n|\n|-heal|p2a: Garganacl|57/100|[from] item: Leftovers\n|upkeep\n|turn|27\n|inactive|thepeakmons has 120 seconds left.\n|\n|t:|1782448695\n|move|p2a: Garganacl|Protect|p2a: Garganacl\n|-singleturn|p2a: Garganacl|Protect\n|move|p1a: Garchomp|Fire Fang|p2a: Garganacl\n|-activate|p2a: Garganacl|move: Protect\n|\n|-heal|p2a: Garganacl|63/100|[from] item: Leftovers\n|upkeep\n|turn|28\n|\n|t:|1782448701\n|switch|p2a: Gholdengo|Gholdengo|22/100\n|move|p1a: Garchomp|Earthquake|p2a: Gholdengo\n|-supereffective|p2a: Gholdengo\n|-damage|p2a: Gholdengo|0 fnt\n|faint|p2a: Gholdengo\n|\n|upkeep\n|inactive|thepeakmons has 120 seconds left.\n|\n|t:|1782448713\n|switch|p2a: Garganacl|Garganacl, M|63/100\n|-damage|p2a: Garganacl|38/100|[from] Spikes\n|turn|29\n|\n|t:|1782448720\n|move|p2a: Garganacl|Protect|p2a: Garganacl\n|-singleturn|p2a: Garganacl|Protect\n|move|p1a: Garchomp|Scale Shot|p2a: Garganacl\n|-activate|p2a: Garganacl|move: Protect\n|\n|-heal|p2a: Garganacl|44/100|[from] item: Leftovers\n|upkeep\n|turn|30\n|inactive|thepeakmons has 120 seconds left.\n|\n|t:|1782448735\n|move|p2a: Garganacl|Protect||[still]\n|-fail|p2a: Garganacl\n|move|p1a: Garchomp|Earthquake|p2a: Garganacl\n|-supereffective|p2a: Garganacl\n|-crit|p2a: Garganacl\n|-damage|p2a: Garganacl|0 fnt\n|faint|p2a: Garganacl\n|\n|upkeep\n|inactive|thepeakmons has 120 seconds left.\n|\n|t:|1782448750\n|switch|p2a: Slowking|Slowking-Galar, M|100/100\n|turn|31\n|\n|t:|1782448757\n|move|p1a: Garchomp|Earthquake|p2a: Slowking\n|-supereffective|p2a: Slowking\n|-damage|p2a: Slowking|0 fnt\n|faint|p2a: Slowking\n|\n|upkeep\n|\n|t:|1782448771\n|switch|p2a: Corviknight|Corviknight, F|16/100\n|-ability|p2a: Corviknight|Pressure\n|turn|32\n|\n|t:|1782448784\n|-terastallize|p1a: Garchomp|Fire\n|move|p1a: Garchomp|Fire Fang|p2a: Corviknight\n|-supereffective|p2a: Corviknight\n|-damage|p2a: Corviknight|0 fnt\n|faint|p2a: Corviknight\n|\n|win|normalguy55\n|raw|normalguy55's rating: 1401 &rarr; <strong>1421</strong><br />(+20 for winning)\n|raw|thepeakmons's rating: 1403 &rarr; <strong>1383</strong><br />(-20 for losing)\n|l|☆normalguy55\n|player|p1|\n", "uploadtime": 1782448786, "views": 10, "formatid": "gen9ou", "rating": 1383, "private": 0, "password": null}