{"id": "gen9ou-2647809182", "format": "[Gen 9] OU", "players": ["definitelyatschool", "SupaJello"], "log": "|j|☆definitelyatschool\n|j|☆SupaJello\n|inactive|Battle timer is ON: inactive players will automatically lose when time's up.\n|t:|1783816382\n|gametype|singles\n|player|p1|definitelyatschool|bugsy|\n|player|p2|SupaJello|hilbert|\n|gen|9\n|tier|[Gen 9] OU\n|rated|Tournament battle\n|rule|HP Percentage Mod: HP is shown in percentages\n|rule|Endless Battle Clause: Forcing endless battles is banned\n|rule|Species Clause: Limit one of each Pokémon\n|rule|OHKO Clause: OHKO moves are banned\n|rule|Evasion Items Clause: Evasion items are banned\n|rule|Evasion Moves Clause: Evasion moves are banned\n|rule|Evasion Abilities Clause: Evasion abilities are banned\n|rule|Sleep Moves Clause: Sleep-inducing moves are banned\n|raw|<div class=\"infobox\"><details class=\"readmore\" open><summary><strong>3 custom rules:</strong></summary> -blissey, -wailord, -wobbuffet</details></div>\n|clearpoke\n|poke|p1|Scovillain, F|\n|poke|p1|Moltres|\n|poke|p1|Gogoat, M|\n|poke|p1|Lilligant, F|\n|poke|p1|Alcremie-Rainbow-Swirl, F|\n|poke|p1|Hatterene, F|\n|poke|p2|Scovillain, M|\n|poke|p2|Moltres|\n|poke|p2|Gogoat, F|\n|poke|p2|Lilligant-Hisui, F|\n|poke|p2|Alcremie, F|\n|poke|p2|Hatterene, F|\n|teampreview\n|j|*Lady Monita \n|inactive|SupaJello also wants the timer to be on.\n|c|☆SupaJello|glhf\n|j| AeroBBlast\n|c|☆definitelyatschool|u2\n|\n|t:|1783816409\n|teamsize|p1|6\n|teamsize|p2|6\n|start\n|switch|p1a: Moltres|Moltres|100/100\n|switch|p2a: Hatterene|Hatterene, F|100/100\n|-ability|p1a: Moltres|Pressure\n|turn|1\n|\n|t:|1783816429\n|move|p1a: Moltres|U-turn|p2a: Hatterene\n|-damage|p2a: Hatterene|84/100\n|\n|t:|1783816431\n|switch|p1a: Hatterene|Hatterene, F|100/100|[from] U-turn\n|move|p2a: Hatterene|Nuzzle|p1a: Hatterene\n|-damage|p1a: Hatterene|96/100\n|-status|p1a: Hatterene|par\n|-enditem|p1a: Hatterene|Eject Button\n|\n|t:|1783816437\n|switch|p1a: Alcremie|Alcremie-Rainbow-Swirl, F|100/100\n|\n|upkeep\n|turn|2\n|\n|t:|1783816439\n|move|p1a: Alcremie|Calm Mind|p1a: Alcremie\n|-boost|p1a: Alcremie|spa|1\n|-boost|p1a: Alcremie|spd|1\n|move|p2a: Hatterene|Nuzzle|p1a: Alcremie\n|-damage|p1a: Alcremie|95/100\n|-status|p1a: Alcremie|par\n|\n|-heal|p1a: Alcremie|100/100 par|[from] item: Leftovers\n|upkeep\n|turn|3\n|\n|t:|1783816441\n|move|p2a: Hatterene|Psyshock|p1a: Alcremie\n|-damage|p1a: Alcremie|45/100 par\n|move|p1a: Alcremie|Calm Mind|p1a: Alcremie\n|-boost|p1a: Alcremie|spa|1\n|-boost|p1a: Alcremie|spd|1\n|\n|-heal|p1a: Alcremie|51/100 par|[from] item: Leftovers\n|upkeep\n|turn|4\n|\n|t:|1783816446\n|move|p2a: Hatterene|Psyshock|p1a: Alcremie\n|-damage|p1a: Alcremie|3/100 par\n|move|p1a: Alcremie|Acid Armor|p1a: Alcremie\n|-boost|p1a: Alcremie|def|2\n|\n|-heal|p1a: Alcremie|9/100 par|[from] item: Leftovers\n|upkeep\n|turn|5\n|\n|t:|1783816451\n|move|p2a: Hatterene|Psyshock|p1a: Alcremie\n|-damage|p1a: Alcremie|0 fnt\n|faint|p1a: Alcremie\n|\n|upkeep\n|\n|t:|1783816454\n|switch|p1a: Scovillain|Scovillain, F|100/100\n|turn|6\n|\n|t:|1783816457\n|move|p1a: Scovillain|Sunny Day|p1a: Scovillain\n|-weather|SunnyDay\n|move|p2a: Hatterene|Nuzzle|p1a: Scovillain\n|-resisted|p1a: Scovillain\n|-damage|p1a: Scovillain|98/100\n|-status|p1a: Scovillain|par\n|\n|-weather|SunnyDay|[upkeep]\n|upkeep\n|turn|7\n|\n|t:|1783816460\n|move|p1a: Scovillain|Flamethrower|p2a: Hatterene\n|-damage|p2a: Hatterene|54/100\n|move|p2a: Hatterene|Future Sight|p1a: Scovillain\n|-start|p2a: Hatterene|move: Future Sight\n|\n|-weather|SunnyDay|[upkeep]\n|upkeep\n|turn|8\n|\n|t:|1783816465\n|move|p1a: Scovillain|Flamethrower|p2a: Hatterene\n|-damage|p2a: Hatterene|28/100\n|-status|p2a: Hatterene|brn\n|move|p2a: Hatterene|Mystical Fire|p1a: Scovillain\n|-damage|p1a: Scovillain|40/100 par\n|-unboost|p1a: Scovillain|spa|1\n|\n|-weather|SunnyDay|[upkeep]\n|-damage|p2a: Hatterene|22/100 brn|[from] brn\n|upkeep\n|turn|9\n|\n|t:|1783816470\n|cant|p1a: Scovillain|par\n|move|p2a: Hatterene|Psyshock|p1a: Scovillain\n|-damage|p1a: Scovillain|0 fnt\n|faint|p1a: Scovillain\n|\n|-weather|SunnyDay|[upkeep]\n|-hint|Future Sight did not hit because the target is fainted.\n|-damage|p2a: Hatterene|16/100 brn|[from] brn\n|upkeep\n|\n|t:|1783816474\n|switch|p1a: Lilligant|Lilligant, F|100/100\n|turn|10\n|\n|t:|1783816478\n|move|p1a: Lilligant|Weather Ball|p2a: Hatterene\n|-damage|p2a: Hatterene|0 fnt\n|faint|p2a: Hatterene\n|\n|-weather|SunnyDay|[upkeep]\n|upkeep\n|\n|t:|1783816482\n|switch|p2a: Moltres|Moltres|100/100\n|turn|11\n|\n|t:|1783816485\n|-terastallize|p1a: Lilligant|Dragon\n|move|p1a: Lilligant|Quiver Dance|p1a: Lilligant\n|-boost|p1a: Lilligant|spa|1\n|-boost|p1a: Lilligant|spd|1\n|-boost|p1a: Lilligant|spe|1\n|move|p2a: Moltres|Flamethrower|p1a: Lilligant\n|-resisted|p1a: Lilligant\n|-damage|p1a: Lilligant|69/100\n|\n|-weather|SunnyDay|[upkeep]\n|upkeep\n|turn|12\n|\n|t:|1783816494\n|move|p1a: Lilligant|Quiver Dance|p1a: Lilligant\n|-boost|p1a: Lilligant|spa|1\n|-boost|p1a: Lilligant|spd|1\n|-boost|p1a: Lilligant|spe|1\n|move|p2a: Moltres|Brave Bird|p1a: Lilligant\n|-damage|p1a: Lilligant|0 fnt\n|faint|p1a: Lilligant\n|-damage|p2a: Moltres|84/100|[from] Recoil\n|\n|-weather|SunnyDay|[upkeep]\n|upkeep\n|\n|t:|1783816498\n|switch|p1a: Gogoat|Gogoat, M|100/100\n|turn|13\n|\n|t:|1783816500\n|move|p2a: Moltres|Flamethrower|p1a: Gogoat\n|-supereffective|p1a: Gogoat\n|-damage|p1a: Gogoat|26/100\n|move|p1a: Gogoat|Rock Slide|p2a: Moltres\n|-supereffective|p2a: Moltres\n|-damage|p2a: Moltres|11/100\n|\n|-weather|none\n|-heal|p1a: Gogoat|32/100|[from] item: Leftovers\n|upkeep\n|turn|14\n|\n|t:|1783816508\n|move|p2a: Moltres|Flamethrower|p1a: Gogoat\n|-supereffective|p1a: Gogoat\n|-damage|p1a: Gogoat|0 fnt\n|faint|p1a: Gogoat\n|\n|upkeep\n|\n|t:|1783816510\n|switch|p1a: Hatterene|Hatterene, F|96/100 par\n|turn|15\n|\n|t:|1783816512\n|move|p2a: Moltres|Roost|p2a: Moltres\n|-heal|p2a: Moltres|61/100\n|-singleturn|p2a: Moltres|move: Roost\n|move|p1a: Hatterene|Nuzzle|p2a: Moltres\n|-damage|p2a: Moltres|56/100\n|-status|p2a: Moltres|par\n|\n|upkeep\n|turn|16\n|\n|t:|1783816519\n|move|p2a: Moltres|Sunny Day|p2a: Moltres\n|-weather|SunnyDay\n|cant|p1a: Hatterene|par\n|\n|-weather|SunnyDay|[upkeep]\n|upkeep\n|turn|17\n|\n|t:|1783816533\n|move|p2a: Moltres|Flamethrower|p1a: Hatterene\n|-damage|p1a: Hatterene|23/100 par\n|move|p1a: Hatterene|Mystical Fire|p2a: Moltres\n|-resisted|p2a: Moltres\n|-damage|p2a: Moltres|35/100 par\n|-unboost|p2a: Moltres|spa|1\n|\n|-weather|SunnyDay|[upkeep]\n|upkeep\n|turn|18\n|j| Elrompeqlos\n|\n|t:|1783816547\n|move|p2a: Moltres|Flamethrower|p1a: Hatterene\n|-damage|p1a: Hatterene|0 fnt\n|faint|p1a: Hatterene\n|\n|-weather|SunnyDay|[upkeep]\n|upkeep\n|\n|t:|1783816555\n|switch|p1a: Moltres|Moltres|100/100\n|-ability|p1a: Moltres|Pressure\n|turn|19\n|\n|t:|1783816567\n|move|p1a: Moltres|Weather Ball|p2a: Moltres\n|-resisted|p2a: Moltres\n|-damage|p2a: Moltres|0 fnt\n|faint|p2a: Moltres\n|\n|-weather|SunnyDay|[upkeep]\n|upkeep\n|\n|t:|1783816569\n|switch|p2a: Scovillain|Scovillain, M|100/100\n|turn|20\n|\n|t:|1783816575\n|move|p2a: Scovillain|Crunch|p1a: Moltres\n|-damage|p1a: Moltres|61/100\n|move|p1a: Moltres|Weather Ball|p2a: Scovillain\n|-damage|p2a: Scovillain|0 fnt\n|faint|p2a: Scovillain\n|\n|-weather|SunnyDay|[upkeep]\n|upkeep\n|\n|t:|1783816579\n|switch|p2a: Lilligant|Lilligant-Hisui, F|100/100\n|turn|21\n|\n|t:|1783816582\n|move|p2a: Lilligant|Triple Axel|p1a: Moltres\n|-damage|p1a: Moltres|54/100\n|-damage|p1a: Moltres|39/100\n|-damage|p1a: Moltres|18/100\n|-hitcount|p1a: Moltres|3\n|move|p1a: Moltres|Weather Ball|p2a: Lilligant\n|-supereffective|p2a: Lilligant\n|-damage|p2a: Lilligant|0 fnt\n|faint|p2a: Lilligant\n|\n|-weather|SunnyDay|[upkeep]\n|upkeep\n|\n|t:|1783816586\n|switch|p2a: Alcremie|Alcremie, F|100/100\n|turn|22\n|\n|t:|1783816592\n|move|p1a: Moltres|Weather Ball|p2a: Alcremie\n|-damage|p2a: Alcremie|38/100\n|move|p2a: Alcremie|Calm Mind|p2a: Alcremie\n|-boost|p2a: Alcremie|spa|1\n|-boost|p2a: Alcremie|spd|1\n|\n|-weather|SunnyDay|[upkeep]\n|-heal|p2a: Alcremie|44/100|[from] item: Leftovers\n|upkeep\n|turn|23\n|\n|t:|1783816595\n|move|p1a: Moltres|Weather Ball|p2a: Alcremie\n|-damage|p2a: Alcremie|3/100\n|move|p2a: Alcremie|Recover|p2a: Alcremie\n|-heal|p2a: Alcremie|53/100\n|\n|-weather|none\n|-heal|p2a: Alcremie|59/100|[from] item: Leftovers\n|upkeep\n|turn|24\n|c|☆definitelyatschool|gg\n|\n|t:|1783816602\n|move|p1a: Moltres|Weather Ball|p2a: Alcremie\n|-damage|p2a: Alcremie|49/100\n|move|p2a: Alcremie|Calm Mind|p2a: Alcremie\n|-boost|p2a: Alcremie|spa|1\n|-boost|p2a: Alcremie|spd|1\n|\n|-heal|p2a: Alcremie|55/100|[from] item: Leftovers\n|upkeep\n|turn|25\n|c|☆SupaJello|gg\n|\n|t:|1783816605\n|move|p1a: Moltres|Weather Ball|p2a: Alcremie\n|-damage|p2a: Alcremie|48/100\n|move|p2a: Alcremie|Stored Power|p1a: Moltres\n|-crit|p1a: Moltres\n|-damage|p1a: Moltres|0 fnt\n|faint|p1a: Moltres\n|\n|win|SupaJello\n|n|☆definitelyatschool|definitelyatschool\n|n|☆SupaJello|supajello\n|n|*Lady Monita |ladymonita\n|n| AeroBBlast|aerobblast\n|n| Elrompeqlos|elrompeqlos\n", "uploadtime": 1783816605, "views": 11, "formatid": "gen9ou", "rating": null, "private": 0, "password": null}