{"id": "gen9ou-2540891498", "format": "[Gen 9] OU", "players": ["skywerk75002", "vinicio499"], "log": "|j|☆skywerk75002\n|j|☆vinicio499\n|t:|1771264472\n|gametype|singles\n|player|p1|skywerk75002|pokemaniac|1514\n|player|p2|vinicio499|miku-ghost|1534\n|gen|9\n|tier|[Gen 9] OU\n|rated|\n|rule|HP Percentage Mod: HP is shown in percentages\n|rule|Endless Battle Clause: Forcing endless battles is banned\n|rule|Species Clause: Limit one of each Pokémon\n|rule|OHKO Clause: OHKO moves are banned\n|rule|Evasion Items Clause: Evasion items are banned\n|rule|Evasion Moves Clause: Evasion moves are banned\n|rule|Evasion Abilities Clause: Evasion abilities are banned\n|rule|Sleep Moves Clause: Sleep-inducing moves are banned\n|clearpoke\n|poke|p1|Cobalion|\n|poke|p1|Samurott-Hisui, M|\n|poke|p1|Gholdengo|\n|poke|p1|Iron Moth|\n|poke|p1|Dragonite, M|\n|poke|p1|Meowscarada, F|\n|poke|p2|Torkoal, F|\n|poke|p2|Lilligant, F|\n|poke|p2|Walking Wake|\n|poke|p2|Deoxys-Defense|\n|poke|p2|Great Tusk|\n|poke|p2|Ceruledge, F|\n|teampreview\n|inactive|Battle timer is ON: inactive players will automatically lose when time's up. (requested by vinicio499)\n|\n|t:|1771264484\n|teamsize|p1|6\n|teamsize|p2|6\n|start\n|switch|p1a: Coba La D|Cobalion, shiny|100/100\n|switch|p2a: Ol Timer|Great Tusk|100/100\n|turn|1\n|\n|t:|1771264490\n|move|p1a: Coba La D|Taunt|p2a: Ol Timer\n|-start|p2a: Ol Timer|move: Taunt\n|move|p2a: Ol Timer|Ice Spinner|p1a: Coba La D\n|-resisted|p1a: Coba La D\n|-crit|p1a: Coba La D\n|-damage|p1a: Coba La D|82/100\n|\n|upkeep\n|turn|2\n|\n|t:|1771264494\n|move|p1a: Coba La D|Stealth Rock|p2a: Ol Timer\n|-sidestart|p2: vinicio499|move: Stealth Rock\n|move|p2a: Ol Timer|Headlong Rush|p1a: Coba La D\n|-supereffective|p1a: Coba La D\n|-damage|p1a: Coba La D|0 fnt\n|-unboost|p2a: Ol Timer|def|1\n|-unboost|p2a: Ol Timer|spd|1\n|faint|p1a: Coba La D\n|\n|upkeep\n|\n|t:|1771264503\n|switch|p1a: Aristochatte|Meowscarada, F|100/100\n|turn|3\n|\n|t:|1771264508\n|-terastallize|p2a: Ol Timer|Steel\n|move|p1a: Aristochatte|Flower Trick|p2a: Ol Timer\n|-start|p1a: Aristochatte|typechange|Grass|[from] ability: Protean\n|-resisted|p2a: Ol Timer\n|-crit|p2a: Ol Timer\n|-damage|p2a: Ol Timer|73/100\n|move|p2a: Ol Timer|Rapid Spin|p1a: Aristochatte\n|-damage|p1a: Aristochatte|71/100\n|-boost|p2a: Ol Timer|spe|1\n|-sideend|p2: vinicio499|Stealth Rock|[from] move: Rapid Spin|[of] p2a: Ol Timer\n|\n|-end|p2a: Ol Timer|move: Taunt\n|upkeep\n|turn|4\n|\n|t:|1771264522\n|switch|p1a: Barbe Grise|Samurott-Hisui, M|100/100\n|move|p2a: Ol Timer|Ice Spinner|p1a: Barbe Grise\n|-resisted|p1a: Barbe Grise\n|-damage|p1a: Barbe Grise|80/100\n|\n|upkeep\n|turn|5\n|\n|t:|1771264525\n|switch|p1a: Aristochatte|Meowscarada, F|71/100\n|move|p2a: Ol Timer|Headlong Rush|p1a: Aristochatte\n|-resisted|p1a: Aristochatte\n|-damage|p1a: Aristochatte|13/100\n|-unboost|p2a: Ol Timer|def|1\n|-unboost|p2a: Ol Timer|spd|1\n|\n|upkeep\n|turn|6\n|\n|t:|1771264532\n|move|p1a: Aristochatte|Knock Off|p2a: Ol Timer\n|-start|p1a: Aristochatte|typechange|Dark|[from] ability: Protean\n|-damage|p2a: Ol Timer|12/100\n|-damage|p1a: Aristochatte|0 fnt|[from] item: Rocky Helmet|[of] p2a: Ol Timer\n|faint|p1a: Aristochatte\n|move|p2a: Ol Timer|Ice Spinner|p1: Aristochatte|[notarget]\n|-fail|p2a: Ol Timer\n|\n|upkeep\n|\n|t:|1771264536\n|switch|p1a: Mitenbois|Iron Moth, shiny|100/100\n|-enditem|p1a: Mitenbois|Booster Energy\n|-activate|p1a: Mitenbois|ability: Quark Drive|[fromitem]\n|-start|p1a: Mitenbois|quarkdrivespe\n|turn|7\n|\n|t:|1771264541\n|-end|p2a: Ol Timer|Protosynthesis|[silent]\n|switch|p2a: Deoxys|Deoxys-Defense|100/100\n|-ability|p2a: Deoxys|Pressure\n|move|p1a: Mitenbois|Fiery Dance|p2a: Deoxys\n|-damage|p2a: Deoxys|71/100\n|-boost|p1a: Mitenbois|spa|1\n|-enditem|p2a: Deoxys|Eject Button\n|\n|t:|1771264547\n|switch|p2a: The boiler|Walking Wake|100/100\n|\n|upkeep\n|turn|8\n|\n|t:|1771264555\n|-terastallize|p1a: Mitenbois|Grass\n|move|p1a: Mitenbois|Dazzling Gleam|p2a: The boiler\n|-supereffective|p2a: The boiler\n|-damage|p2a: The boiler|0 fnt\n|faint|p2a: The boiler\n|-end|p2a: The boiler|Protosynthesis|[silent]\n|\n|upkeep\n|\n|t:|1771264559\n|switch|p2a: Mr.Koal|Torkoal, F|100/100\n|-weather|SunnyDay|[from] ability: Drought|[of] p2a: Mr.Koal\n|turn|9\n|\n|t:|1771264566\n|-end|p1a: Mitenbois|Quark Drive|[silent]\n|switch|p1a: Barbe Grise|Samurott-Hisui, M|80/100\n|move|p2a: Mr.Koal|Flamethrower|p1a: Barbe Grise\n|-resisted|p1a: Barbe Grise\n|-damage|p1a: Barbe Grise|38/100\n|\n|-weather|SunnyDay|[upkeep]\n|upkeep\n|turn|10\n|\n|t:|1771264571\n|switch|p2a: Ol Timer|Great Tusk, tera:Steel|12/100\n|-activate|p2a: Ol Timer|ability: Protosynthesis\n|-start|p2a: Ol Timer|protosynthesisatk\n|move|p1a: Barbe Grise|Ceaseless Edge|p2a: Ol Timer\n|-crit|p2a: Ol Timer\n|-damage|p2a: Ol Timer|0 fnt\n|-damage|p1a: Barbe Grise|21/100|[from] item: Rocky Helmet|[of] p2a: Ol Timer\n|-sidestart|p2: vinicio499|Spikes\n|faint|p2a: Ol Timer\n|-end|p2a: Ol Timer|Protosynthesis|[silent]\n|\n|-weather|SunnyDay|[upkeep]\n|upkeep\n|\n|t:|1771264573\n|switch|p2a: Mrs.Koal|Lilligant, F|100/100\n|-damage|p2a: Mrs.Koal|88/100|[from] Spikes\n|turn|11\n|\n|t:|1771264577\n|move|p1a: Barbe Grise|Sucker Punch|p2a: Mrs.Koal\n|-damage|p2a: Mrs.Koal|19/100\n|move|p2a: Mrs.Koal|Solar Beam||[still]\n|-prepare|p2a: Mrs.Koal|Solar Beam\n|-anim|p2a: Mrs.Koal|Solar Beam|p1a: Barbe Grise\n|-supereffective|p1a: Barbe Grise\n|-damage|p1a: Barbe Grise|0 fnt\n|faint|p1a: Barbe Grise\n|-damage|p2a: Mrs.Koal|9/100|[from] item: Life Orb\n|\n|-weather|SunnyDay|[upkeep]\n|upkeep\n|\n|t:|1771264579\n|switch|p1a: Kaki Santana|Dragonite, M, shiny|100/100\n|turn|12\n|\n|t:|1771264582\n|move|p1a: Kaki Santana|Extreme Speed|p2a: Mrs.Koal\n|-damage|p2a: Mrs.Koal|0 fnt\n|faint|p2a: Mrs.Koal\n|\n|-weather|SunnyDay|[upkeep]\n|upkeep\n|\n|t:|1771264586\n|switch|p2a: XxSkullSniperxX|Ceruledge, F|100/100\n|-damage|p2a: XxSkullSniperxX|88/100|[from] Spikes\n|turn|13\n|\n|t:|1771264588\n|move|p2a: XxSkullSniperxX|Bitter Blade|p1a: Kaki Santana\n|-resisted|p1a: Kaki Santana\n|-damage|p1a: Kaki Santana|79/100\n|-heal|p2a: XxSkullSniperxX|99/100|[from] drain|[of] p1a: Kaki Santana\n|move|p1a: Kaki Santana|Earthquake|p2a: XxSkullSniperxX\n|-supereffective|p2a: XxSkullSniperxX\n|-damage|p2a: XxSkullSniperxX|1/100\n|-ability|p2a: XxSkullSniperxX|Weak Armor|boost\n|-unboost|p2a: XxSkullSniperxX|def|1\n|-boost|p2a: XxSkullSniperxX|spe|2\n|\n|-weather|SunnyDay|[upkeep]\n|upkeep\n|turn|14\n|\n|t:|1771264594\n|move|p2a: XxSkullSniperxX|Bitter Blade|p1a: Kaki Santana\n|-resisted|p1a: Kaki Santana\n|-damage|p1a: Kaki Santana|38/100\n|-heal|p2a: XxSkullSniperxX|25/100|[from] drain|[of] p1a: Kaki Santana\n|move|p1a: Kaki Santana|Earthquake|p2a: XxSkullSniperxX\n|-supereffective|p2a: XxSkullSniperxX\n|-damage|p2a: XxSkullSniperxX|0 fnt\n|faint|p2a: XxSkullSniperxX\n|\n|-weather|SunnyDay|[upkeep]\n|upkeep\n|\n|t:|1771264599\n|switch|p2a: Deoxys|Deoxys-Defense|71/100\n|-damage|p2a: Deoxys|59/100|[from] Spikes\n|-ability|p2a: Deoxys|Pressure\n|turn|15\n|\n|t:|1771264601\n|move|p1a: Kaki Santana|Dragon Dance|p1a: Kaki Santana\n|-boost|p1a: Kaki Santana|atk|1\n|-boost|p1a: Kaki Santana|spe|1\n|move|p2a: Deoxys|Psycho Boost|p1a: Kaki Santana\n|-damage|p1a: Kaki Santana|0 fnt\n|-unboost|p2a: Deoxys|spa|2\n|faint|p1a: Kaki Santana\n|\n|-weather|SunnyDay|[upkeep]\n|upkeep\n|\n|t:|1771264608\n|switch|p1a: EuroMillions|Gholdengo|100/100\n|turn|16\n|\n|t:|1771264611\n|move|p1a: EuroMillions|Shadow Ball|p2a: Deoxys\n|-supereffective|p2a: Deoxys\n|-damage|p2a: Deoxys|0 fnt\n|faint|p2a: Deoxys\n|\n|-weather|none\n|upkeep\n|-message|vinicio499 forfeited.\n|\n|win|skywerk75002\n|raw|skywerk75002's rating: 1514 &rarr; <strong>1535</strong><br />(+21 for winning)\n|raw|vinicio499's rating: 1534 &rarr; <strong>1513</strong><br />(-21 for losing)\n|l|☆vinicio499\n|player|p2|\n|l|☆skywerk75002\n|player|p1|\n", "uploadtime": 1771264792, "views": 5, "formatid": "gen9ou", "rating": 1513, "private": 0, "password": null}