{"id": "gen9ou-2647790028", "format": "[Gen 9] OU", "players": ["I<3Pyukumuku", "trash dz"], "log": "|j|☆I<3Pyukumuku\n|j|☆trash dz\n|t:|1783813041\n|gametype|singles\n|player|p1|I<3Pyukumuku|miku-ghost|\n|player|p2|trash dz|265|\n|gen|9\n|tier|[Gen 9] OU\n|rule|HP Percentage Mod: HP is shown in percentages\n|rule|Endless Battle Clause: Forcing endless battles is banned\n|rule|Species Clause: Limit one of each Pokémon\n|rule|OHKO Clause: OHKO moves are banned\n|rule|Evasion Items Clause: Evasion items are banned\n|rule|Evasion Moves Clause: Evasion moves are banned\n|rule|Evasion Abilities Clause: Evasion abilities are banned\n|rule|Sleep Moves Clause: Sleep-inducing moves are banned\n|clearpoke\n|poke|p1|Lokix, F|\n|poke|p1|Slowking-Galar, M|\n|poke|p1|Great Tusk|\n|poke|p1|Raging Bolt|\n|poke|p1|Moltres|\n|poke|p1|Ogerpon-Wellspring, F|\n|poke|p2|Araquanid, F|\n|poke|p2|Raging Bolt|\n|poke|p2|Iron Moth|\n|poke|p2|Great Tusk|\n|poke|p2|Gholdengo|\n|poke|p2|Kingambit, M|\n|teampreview\n|j| small apex\n|\n|t:|1783813088\n|teamsize|p1|6\n|teamsize|p2|6\n|start\n|switch|p1a: Lokix|Lokix, F|100/100\n|switch|p2a: Araquanid|Araquanid, F|100/100\n|turn|1\n|\n|t:|1783813096\n|move|p1a: Lokix|U-turn|p2a: Araquanid\n|-damage|p2a: Araquanid|55/100\n|c| small apex|Dz esse time é MT 50% 50%\n|c| small apex|Toma mt para ground slk\n|\n|t:|1783813108\n|switch|p1a: Ogerpon|Ogerpon-Wellspring, F|100/100|[from] U-turn\n|move|p2a: Araquanid|Sticky Web|p1a: Ogerpon\n|-sidestart|p1: I<3Pyukumuku|move: Sticky Web\n|\n|upkeep\n|turn|2\n|\n|t:|1783813114\n|move|p1a: Ogerpon|Swords Dance|p1a: Ogerpon\n|-boost|p1a: Ogerpon|atk|2\n|move|p2a: Araquanid|Lunge|p1a: Ogerpon\n|-supereffective|p1a: Ogerpon\n|-damage|p1a: Ogerpon|47/100\n|-unboost|p1a: Ogerpon|atk|1\n|\n|upkeep\n|turn|3\n|\n|t:|1783813129\n|switch|p1a: Raging Bolt|Raging Bolt|100/100\n|-activate|p1a: Raging Bolt|move: Sticky Web\n|-unboost|p1a: Raging Bolt|spe|1\n|-enditem|p1a: Raging Bolt|Booster Energy\n|-activate|p1a: Raging Bolt|ability: Protosynthesis|[fromitem]\n|-start|p1a: Raging Bolt|protosynthesisspa\n|move|p2a: Araquanid|Lunge|p1a: Raging Bolt\n|-damage|p1a: Raging Bolt|81/100\n|-unboost|p1a: Raging Bolt|atk|1\n|\n|upkeep\n|turn|4\n|\n|t:|1783813139\n|move|p1a: Raging Bolt|Thunderbolt|p2a: Araquanid\n|-supereffective|p2a: Araquanid\n|-damage|p2a: Araquanid|0 fnt\n|faint|p2a: Araquanid\n|\n|upkeep\n|c|☆I<3Pyukumuku|eu sou mt little ameba\n|\n|t:|1783813150\n|switch|p2a: Raging Bolt|Raging Bolt|100/100\n|-enditem|p2a: Raging Bolt|Booster Energy\n|-activate|p2a: Raging Bolt|ability: Protosynthesis|[fromitem]\n|-start|p2a: Raging Bolt|protosynthesisspa\n|turn|5\n|\n|t:|1783813161\n|-terastallize|p1a: Raging Bolt|Fairy\n|move|p2a: Raging Bolt|Dragon Pulse|p1a: Raging Bolt\n|-immune|p1a: Raging Bolt\n|move|p1a: Raging Bolt|Dragon Pulse|p2a: Raging Bolt\n|-supereffective|p2a: Raging Bolt\n|-damage|p2a: Raging Bolt|0 fnt\n|faint|p2a: Raging Bolt\n|-end|p2a: Raging Bolt|Protosynthesis|[silent]\n|\n|upkeep\n|c| small apex|Predict izi\n|\n|t:|1783813172\n|switch|p2a: Iron Moth|Iron Moth|100/100\n|-enditem|p2a: Iron Moth|Booster Energy\n|-activate|p2a: Iron Moth|ability: Quark Drive|[fromitem]\n|-start|p2a: Iron Moth|quarkdrivespa\n|turn|6\n|\n|t:|1783813195\n|move|p1a: Raging Bolt|Thunderclap|p2a: Iron Moth\n|-damage|p2a: Iron Moth|43/100\n|move|p2a: Iron Moth|Sludge Wave|p1a: Raging Bolt\n|-supereffective|p1a: Raging Bolt\n|-damage|p1a: Raging Bolt|0 fnt\n|faint|p1a: Raging Bolt\n|-end|p1a: Raging Bolt|Protosynthesis|[silent]\n|\n|upkeep\n|\n|t:|1783813207\n|switch|p1a: Lokix|Lokix, F|100/100\n|-activate|p1a: Lokix|move: Sticky Web\n|-unboost|p1a: Lokix|spe|1\n|turn|7\n|\n|t:|1783813237\n|move|p1a: Lokix|First Impression|p2a: Iron Moth\n|-resisted|p2a: Iron Moth\n|-damage|p2a: Iron Moth|0 fnt\n|faint|p2a: Iron Moth\n|-end|p2a: Iron Moth|Quark Drive|[silent]\n|\n|upkeep\n|\n|t:|1783813246\n|switch|p2a: Gholdengo|Gholdengo|100/100\n|-item|p2a: Gholdengo|Air Balloon\n|turn|8\n|\n|t:|1783813255\n|switch|p1a: Moltres|Moltres|100/100\n|move|p2a: Gholdengo|Dazzling Gleam|p1a: Moltres\n|-resisted|p1a: Moltres\n|-damage|p1a: Moltres|85/100\n|\n|upkeep\n|turn|9\n|\n|t:|1783813263\n|-terastallize|p2a: Gholdengo|Fairy\n|move|p2a: Gholdengo|Nasty Plot|p2a: Gholdengo\n|-boost|p2a: Gholdengo|spa|2\n|move|p1a: Moltres|U-turn|p2a: Gholdengo\n|-resisted|p2a: Gholdengo\n|-damage|p2a: Gholdengo|92/100\n|-enditem|p2a: Gholdengo|Air Balloon\n|\n|t:|1783813283\n|switch|p1a: Slowking|Slowking-Galar, M|100/100|[from] U-turn\n|\n|upkeep\n|turn|10\n|\n|t:|1783813288\n|move|p2a: Gholdengo|Shadow Ball|p1a: Slowking\n|-supereffective|p1a: Slowking\n|-damage|p1a: Slowking|0 fnt\n|faint|p1a: Slowking\n|\n|upkeep\n|\n|t:|1783813301\n|switch|p1a: Moltres|Moltres|85/100\n|turn|11\n|\n|t:|1783813308\n|move|p2a: Gholdengo|Shadow Ball|p1a: Moltres\n|-damage|p1a: Moltres|1/100\n|-unboost|p1a: Moltres|spd|1\n|move|p1a: Moltres|Roar|p2a: Gholdengo\n|-immune|p2a: Gholdengo|[from] ability: Good as Gold\n|\n|upkeep\n|turn|12\n|\n|t:|1783813317\n|move|p2a: Gholdengo|Shadow Ball|p1a: Moltres\n|-damage|p1a: Moltres|0 fnt\n|faint|p1a: Moltres\n|\n|upkeep\n|c|☆trash dz|w\n|c| small apex|Kkkkkkkkkkkkk\n|\n|t:|1783813321\n|switch|p1a: Great Tusk|Great Tusk|100/100\n|turn|13\n|c|☆I<3Pyukumuku|sou genial pqp\n|\n|t:|1783813331\n|move|p1a: Great Tusk|Ice Spinner|p2a: Gholdengo\n|-damage|p2a: Gholdengo|60/100\n|move|p2a: Gholdengo|Dazzling Gleam|p1a: Great Tusk\n|-supereffective|p1a: Great Tusk\n|-crit|p1a: Great Tusk\n|-damage|p1a: Great Tusk|0 fnt\n|faint|p1a: Great Tusk\n|-end|p1a: Great Tusk|Protosynthesis|[silent]\n|\n|upkeep\n|\n|t:|1783813335\n|switch|p1a: Lokix|Lokix, F|100/100\n|-activate|p1a: Lokix|move: Sticky Web\n|-unboost|p1a: Lokix|spe|1\n|turn|14\n|c| small apex|Tu sacou tudo para entrar com isso no final\n|c| small apex|Pqp\n|\n|t:|1783813343\n|move|p1a: Lokix|First Impression|p2a: Gholdengo\n|-resisted|p2a: Gholdengo\n|-crit|p2a: Gholdengo\n|-damage|p2a: Gholdengo|0 fnt\n|faint|p2a: Gholdengo\n|\n|upkeep\n|c|☆I<3Pyukumuku|esqueci q eu era boots ;-;\n|\n|t:|1783813348\n|switch|p2a: Great Tusk|Great Tusk|100/100\n|-enditem|p2a: Great Tusk|Booster Energy\n|-activate|p2a: Great Tusk|ability: Protosynthesis|[fromitem]\n|-start|p2a: Great Tusk|protosynthesisatk\n|turn|15\n|\n|t:|1783813357\n|switch|p1a: Ogerpon|Ogerpon-Wellspring, F|47/100\n|-activate|p1a: Ogerpon|move: Sticky Web\n|-unboost|p1a: Ogerpon|spe|1\n|move|p2a: Great Tusk|Rapid Spin|p1a: Ogerpon\n|-damage|p1a: Ogerpon|16/100\n|-boost|p2a: Great Tusk|spe|1\n|\n|upkeep\n|turn|16\n|\n|t:|1783813366\n|move|p2a: Great Tusk|Rapid Spin|p1a: Ogerpon\n|-damage|p1a: Ogerpon|0 fnt\n|-boost|p2a: Great Tusk|spe|1\n|faint|p1a: Ogerpon\n|\n|upkeep\n|\n|t:|1783813369\n|switch|p1a: Lokix|Lokix, F|100/100\n|-activate|p1a: Lokix|move: Sticky Web\n|-unboost|p1a: Lokix|spe|1\n|turn|17\n|\n|t:|1783813376\n|move|p1a: Lokix|First Impression|p2a: Great Tusk\n|-resisted|p2a: Great Tusk\n|-damage|p2a: Great Tusk|56/100\n|move|p2a: Great Tusk|Head Smash|p1a: Lokix\n|-supereffective|p1a: Lokix\n|-damage|p1a: Lokix|0 fnt\n|faint|p1a: Lokix\n|-damage|p2a: Great Tusk|17/100|[from] Recoil\n|\n|win|trash dz\n|c| small apex|Brutal\n", "uploadtime": 1783813382, "views": 24, "formatid": "gen9ou", "rating": null, "private": 0, "password": null}