{"id": "gen9ou-2647797027", "format": "[Gen 9] OU", "players": ["mrporksin", "agent 3 of 2013"], "log": "|j|☆mrporksin\n|j|☆agent 3 of 2013\n|t:|1783814289\n|gametype|singles\n|player|p1|mrporksin|266|1506\n|player|p2|agent 3 of 2013|unknownf|1527\n|gen|9\n|tier|[Gen 9] OU\n|rated|\n|rule|HP Percentage Mod: HP is shown in percentages\n|rule|Endless Battle Clause: Forcing endless battles is banned\n|rule|Species Clause: Limit one of each Pokémon\n|rule|OHKO Clause: OHKO moves are banned\n|rule|Evasion Items Clause: Evasion items are banned\n|rule|Evasion Moves Clause: Evasion moves are banned\n|rule|Evasion Abilities Clause: Evasion abilities are banned\n|rule|Sleep Moves Clause: Sleep-inducing moves are banned\n|clearpoke\n|poke|p1|Ogerpon, F|\n|poke|p1|Deoxys-Speed|\n|poke|p1|Blaziken, M|\n|poke|p1|Scizor, M|\n|poke|p1|Raging Bolt|\n|poke|p1|Great Tusk|\n|poke|p2|Ogerpon-Wellspring, F|\n|poke|p2|Pecharunt|\n|poke|p2|Kingambit, F|\n|poke|p2|Great Tusk|\n|poke|p2|Slowking-Galar, M|\n|poke|p2|Flamigo, M|\n|teampreview\n|inactive|Battle timer is ON: inactive players will automatically lose when time's up. (requested by agent 3 of 2013)\n|inactive|agent 3 of 2013 has 120 seconds left.\n|inactive|agent 3 of 2013 has 90 seconds left.\n|\n|t:|1783814350\n|teamsize|p1|6\n|teamsize|p2|6\n|start\n|switch|p1a: Deoxys|Deoxys-Speed|100/100\n|switch|p2a: Pecharunt|Pecharunt|100/100\n|-ability|p1a: Deoxys|Pressure\n|turn|1\n|\n|t:|1783814359\n|switch|p2a: Slowking|Slowking-Galar, M|100/100\n|move|p1a: Deoxys|Psycho Boost|p2a: Slowking\n|-damage|p2a: Slowking|62/100\n|-unboost|p1a: Deoxys|spa|2\n|-damage|p1a: Deoxys|91/100|[from] item: Life Orb\n|\n|upkeep\n|turn|2\n|\n|t:|1783814365\n|move|p1a: Deoxys|Spikes|p2a: Slowking\n|-sidestart|p2: agent 3 of 2013|Spikes\n|move|p2a: Slowking|Sludge Bomb|p1a: Deoxys\n|-damage|p1a: Deoxys|22/100\n|\n|upkeep\n|turn|3\n|\n|t:|1783814382\n|move|p1a: Deoxys|Spikes|p2a: Slowking\n|-sidestart|p2: agent 3 of 2013|Spikes\n|move|p2a: Slowking|Flamethrower|p1a: Deoxys\n|-damage|p1a: Deoxys|0 fnt\n|faint|p1a: Deoxys\n|\n|upkeep\n|\n|t:|1783814386\n|switch|p1a: Great Tusk|Great Tusk|100/100\n|turn|4\n|\n|t:|1783814396\n|switch|p2a: Flamigo|Flamigo, M|100/100\n|move|p1a: Great Tusk|Headlong Rush|p2a: Flamigo\n|-immune|p2a: Flamigo\n|\n|upkeep\n|turn|5\n|\n|t:|1783814409\n|-end|p1a: Great Tusk|Protosynthesis|[silent]\n|switch|p1a: Raging Bolt|Raging Bolt|100/100\n|move|p2a: Flamigo|U-turn|p1a: Raging Bolt\n|-damage|p1a: Raging Bolt|85/100\n|\n|t:|1783814417\n|switch|p2a: Great Tusk|Great Tusk|100/100|[from] U-turn\n|-damage|p2a: Great Tusk|84/100|[from] Spikes\n|\n|-heal|p1a: Raging Bolt|91/100|[from] item: Leftovers\n|upkeep\n|turn|6\n|\n|t:|1783814425\n|move|p2a: Great Tusk|Rapid Spin|p1a: Raging Bolt\n|-damage|p1a: Raging Bolt|81/100\n|-boost|p2a: Great Tusk|spe|1\n|-sideend|p2: agent 3 of 2013|Spikes|[from] move: Rapid Spin|[of] p2a: Great Tusk\n|move|p1a: Raging Bolt|Dragon Pulse|p2a: Great Tusk\n|-damage|p2a: Great Tusk|33/100\n|\n|-heal|p1a: Raging Bolt|87/100|[from] item: Leftovers\n|upkeep\n|turn|7\n|\n|t:|1783814427\n|move|p2a: Great Tusk|Headlong Rush|p1a: Raging Bolt\n|-supereffective|p1a: Raging Bolt\n|-damage|p1a: Raging Bolt|26/100\n|-unboost|p2a: Great Tusk|def|1\n|-unboost|p2a: Great Tusk|spd|1\n|move|p1a: Raging Bolt|Dragon Pulse|p2a: Great Tusk\n|-damage|p2a: Great Tusk|0 fnt\n|faint|p2a: Great Tusk\n|-end|p2a: Great Tusk|Protosynthesis|[silent]\n|\n|-heal|p1a: Raging Bolt|32/100|[from] item: Leftovers\n|upkeep\n|\n|t:|1783814435\n|switch|p2a: Slowking|Slowking-Galar, M|95/100\n|turn|8\n|\n|t:|1783814447\n|-end|p1a: Raging Bolt|Protosynthesis|[silent]\n|switch|p1a: Scizor|Scizor, M|100/100\n|move|p2a: Slowking|Sludge Bomb|p1a: Scizor\n|-immune|p1a: Scizor\n|\n|upkeep\n|turn|9\n|\n|t:|1783814465\n|switch|p2a: Pecharunt|Pecharunt|100/100\n|move|p1a: Scizor|U-turn|p2a: Pecharunt\n|-resisted|p2a: Pecharunt\n|-damage|p2a: Pecharunt|94/100\n|\n|t:|1783814472\n|switch|p1a: Blaziken|Blaziken, M, shiny|100/100|[from] U-turn\n|\n|upkeep\n|turn|10\n|\n|t:|1783814476\n|move|p1a: Blaziken|Focus Energy|p1a: Blaziken\n|-start|p1a: Blaziken|move: Focus Energy\n|move|p2a: Pecharunt|Toxic|p1a: Blaziken\n|-status|p1a: Blaziken|tox\n|-start|p1a: Blaziken|confusion|[from] ability: Poison Puppeteer|[of] p2a: Pecharunt\n|\n|-damage|p1a: Blaziken|95/100 tox|[from] psn\n|-ability|p1a: Blaziken|Speed Boost|boost\n|-boost|p1a: Blaziken|spe|1\n|upkeep\n|turn|11\n|\n|t:|1783814491\n|switch|p2a: Slowking|Slowking-Galar, M|100/100\n|-activate|p1a: Blaziken|confusion\n|-damage|p1a: Blaziken|79/100 tox|[from] confusion\n|\n|-damage|p1a: Blaziken|67/100 tox|[from] psn\n|-ability|p1a: Blaziken|Speed Boost|boost\n|-boost|p1a: Blaziken|spe|1\n|upkeep\n|turn|12\n|\n|t:|1783814498\n|-end|p1a: Blaziken|confusion\n|move|p1a: Blaziken|Overheat|p2a: Slowking\n|-crit|p2a: Slowking\n|-damage|p2a: Slowking|56/100\n|-unboost|p1a: Blaziken|spa|2\n|move|p2a: Slowking|Psyshock|p1a: Blaziken\n|-supereffective|p1a: Blaziken\n|-damage|p1a: Blaziken|0 fnt\n|faint|p1a: Blaziken\n|\n|upkeep\n|\n|t:|1783814524\n|switch|p1a: Great Tusk|Great Tusk|100/100\n|turn|13\n|\n|t:|1783814534\n|switch|p2a: Ogerpon|Ogerpon-Wellspring, F|100/100\n|move|p1a: Great Tusk|Knock Off|p2a: Ogerpon\n|-damage|p2a: Ogerpon|71/100\n|\n|upkeep\n|turn|14\n|\n|t:|1783814542\n|move|p2a: Ogerpon|U-turn|p1a: Great Tusk\n|-resisted|p1a: Great Tusk\n|-damage|p1a: Great Tusk|91/100\n|\n|t:|1783814544\n|switch|p2a: Flamigo|Flamigo, M|100/100|[from] U-turn\n|move|p1a: Great Tusk|Close Combat|p2a: Flamigo\n|-resisted|p2a: Flamigo\n|-damage|p2a: Flamigo|56/100\n|-unboost|p1a: Great Tusk|def|1\n|-unboost|p1a: Great Tusk|spd|1\n|\n|upkeep\n|turn|15\n|\n|t:|1783814548\n|-end|p1a: Great Tusk|Protosynthesis|[silent]\n|switch|p1a: Raging Bolt|Raging Bolt|32/100\n|move|p2a: Flamigo|Brave Bird|p1a: Raging Bolt\n|-resisted|p1a: Raging Bolt\n|-damage|p1a: Raging Bolt|14/100\n|-damage|p2a: Flamigo|48/100|[from] Recoil\n|\n|-heal|p1a: Raging Bolt|20/100|[from] item: Leftovers\n|upkeep\n|turn|16\n|\n|t:|1783814562\n|switch|p2a: Slowking|Slowking-Galar, M|89/100\n|move|p1a: Raging Bolt|Calm Mind|p1a: Raging Bolt\n|-boost|p1a: Raging Bolt|spa|1\n|-boost|p1a: Raging Bolt|spd|1\n|\n|-heal|p1a: Raging Bolt|26/100|[from] item: Leftovers\n|upkeep\n|turn|17\n|\n|t:|1783814569\n|move|p1a: Raging Bolt|Thunderbolt|p2a: Slowking\n|-crit|p2a: Slowking\n|-damage|p2a: Slowking|42/100\n|move|p2a: Slowking|Ice Beam|p1a: Raging Bolt\n|-supereffective|p1a: Raging Bolt\n|-damage|p1a: Raging Bolt|0 fnt\n|faint|p1a: Raging Bolt\n|-end|p1a: Raging Bolt|Protosynthesis|[silent]\n|\n|upkeep\n|\n|t:|1783814584\n|switch|p1a: Great Tusk|Great Tusk|91/100\n|turn|18\n|\n|t:|1783814589\n|move|p1a: Great Tusk|Knock Off|p2a: Slowking\n|-supereffective|p2a: Slowking\n|-damage|p2a: Slowking|0 fnt\n|-enditem|p2a: Slowking|Assault Vest|[from] move: Knock Off|[of] p1a: Great Tusk\n|faint|p2a: Slowking\n|\n|upkeep\n|\n|t:|1783814596\n|switch|p2a: Flamigo|Flamigo, M|48/100\n|turn|19\n|\n|t:|1783814605\n|-end|p1a: Great Tusk|Protosynthesis|[silent]\n|switch|p1a: Scizor|Scizor, M|100/100\n|move|p2a: Flamigo|Brave Bird|p1a: Scizor\n|-damage|p1a: Scizor|37/100\n|-damage|p2a: Flamigo|24/100|[from] Recoil\n|\n|upkeep\n|turn|20\n|\n|t:|1783814609\n|switch|p2a: Pecharunt|Pecharunt|94/100\n|move|p1a: Scizor|Bullet Punch|p2a: Pecharunt\n|-crit|p2a: Pecharunt\n|-damage|p2a: Pecharunt|61/100\n|\n|upkeep\n|turn|21\n|\n|t:|1783814624\n|move|p1a: Scizor|Bullet Punch|p2a: Pecharunt\n|-damage|p2a: Pecharunt|35/100\n|move|p2a: Pecharunt|Recover|p2a: Pecharunt\n|-heal|p2a: Pecharunt|85/100\n|\n|upkeep\n|turn|22\n|\n|t:|1783814629\n|move|p1a: Scizor|Bullet Punch|p2a: Pecharunt\n|-damage|p2a: Pecharunt|62/100\n|move|p2a: Pecharunt|Recover|p2a: Pecharunt\n|-heal|p2a: Pecharunt|100/100\n|\n|upkeep\n|turn|23\n|\n|t:|1783814651\n|move|p1a: Scizor|Bullet Punch|p2a: Pecharunt\n|-damage|p2a: Pecharunt|76/100\n|move|p2a: Pecharunt|Parting Shot|p1a: Scizor\n|-unboost|p1a: Scizor|atk|1\n|-unboost|p1a: Scizor|spa|1\n|\n|t:|1783814653\n|switch|p2a: Kingambit|Kingambit, F|100/100|[from] Parting Shot\n|-activate|p2a: Kingambit|ability: Supreme Overlord\n|-start|p2a: Kingambit|fallen2|[silent]\n|\n|upkeep\n|turn|24\n|\n|t:|1783814667\n|switch|p1a: Great Tusk|Great Tusk|91/100\n|move|p2a: Kingambit|Swords Dance|p2a: Kingambit\n|-boost|p2a: Kingambit|atk|2\n|\n|upkeep\n|turn|25\n|\n|t:|1783814683\n|-end|p2a: Kingambit|fallen2|[silent]\n|switch|p2a: Ogerpon|Ogerpon-Wellspring, F|71/100\n|move|p1a: Great Tusk|Close Combat|p2a: Ogerpon\n|-damage|p2a: Ogerpon|0 fnt\n|-unboost|p1a: Great Tusk|def|1\n|-unboost|p1a: Great Tusk|spd|1\n|faint|p2a: Ogerpon\n|\n|upkeep\n|\n|t:|1783814689\n|switch|p2a: Flamigo|Flamigo, M|24/100\n|turn|26\n|\n|t:|1783814694\n|-end|p1a: Great Tusk|Protosynthesis|[silent]\n|switch|p1a: Ogerpon|Ogerpon, F|100/100\n|move|p2a: Flamigo|Brave Bird|p1a: Ogerpon\n|-supereffective|p1a: Ogerpon\n|-damage|p1a: Ogerpon|0 fnt\n|faint|p1a: Ogerpon\n|-damage|p2a: Flamigo|0 fnt|[from] Recoil\n|faint|p2a: Flamigo\n|\n|upkeep\n|\n|t:|1783814700\n|switch|p1a: Scizor|Scizor, M|37/100\n|switch|p2a: Pecharunt|Pecharunt|76/100\n|turn|27\n|\n|t:|1783814708\n|-terastallize|p2a: Pecharunt|Water\n|move|p2a: Pecharunt|Recover|p2a: Pecharunt\n|-heal|p2a: Pecharunt|100/100\n|move|p1a: Scizor|Dual Wingbeat|p2a: Pecharunt\n|-damage|p2a: Pecharunt|85/100\n|-damage|p2a: Pecharunt|68/100\n|-hitcount|p2a: Pecharunt|2\n|\n|upkeep\n|turn|28\n|\n|t:|1783814714\n|switch|p2a: Kingambit|Kingambit, F|100/100\n|-activate|p2a: Kingambit|ability: Supreme Overlord\n|-start|p2a: Kingambit|fallen4|[silent]\n|move|p1a: Scizor|Dual Wingbeat|p2a: Kingambit\n|-resisted|p2a: Kingambit\n|-damage|p2a: Kingambit|86/100\n|-resisted|p2a: Kingambit\n|-damage|p2a: Kingambit|72/100\n|-hitcount|p2a: Kingambit|2\n|\n|-heal|p2a: Kingambit|78/100|[from] item: Leftovers\n|upkeep\n|turn|29\n|\n|t:|1783814721\n|move|p2a: Kingambit|Iron Head|p1a: Scizor\n|-resisted|p1a: Scizor\n|-damage|p1a: Scizor|7/100\n|move|p1a: Scizor|Dual Wingbeat|p2a: Kingambit\n|-resisted|p2a: Kingambit\n|-damage|p2a: Kingambit|63/100\n|-resisted|p2a: Kingambit\n|-damage|p2a: Kingambit|49/100\n|-hitcount|p2a: Kingambit|2\n|\n|-heal|p2a: Kingambit|55/100|[from] item: Leftovers\n|upkeep\n|turn|30\n|\n|t:|1783814723\n|move|p2a: Kingambit|Iron Head|p1a: Scizor\n|-resisted|p1a: Scizor\n|-damage|p1a: Scizor|0 fnt\n|faint|p1a: Scizor\n|\n|-heal|p2a: Kingambit|61/100|[from] item: Leftovers\n|upkeep\n|\n|t:|1783814725\n|switch|p1a: Great Tusk|Great Tusk|91/100\n|turn|31\n|\n|t:|1783814729\n|move|p1a: Great Tusk|Rapid Spin|p2a: Kingambit\n|-resisted|p2a: Kingambit\n|-damage|p2a: Kingambit|54/100\n|-boost|p1a: Great Tusk|spe|1\n|move|p2a: Kingambit|Iron Head|p1a: Great Tusk\n|-damage|p1a: Great Tusk|44/100\n|\n|-heal|p2a: Kingambit|61/100|[from] item: Leftovers\n|upkeep\n|turn|32\n|\n|t:|1783814731\n|move|p1a: Great Tusk|Close Combat|p2a: Kingambit\n|-supereffective|p2a: Kingambit\n|-damage|p2a: Kingambit|0 fnt\n|-unboost|p1a: Great Tusk|def|1\n|-unboost|p1a: Great Tusk|spd|1\n|faint|p2a: Kingambit\n|-end|p2a: Kingambit|fallen4|[silent]\n|\n|upkeep\n|\n|t:|1783814733\n|switch|p2a: Pecharunt|Pecharunt, tera:Water|68/100\n|turn|33\n|\n|t:|1783814736\n|move|p1a: Great Tusk|Headlong Rush|p2a: Pecharunt\n|-damage|p2a: Pecharunt|38/100\n|-unboost|p1a: Great Tusk|def|1\n|-unboost|p1a: Great Tusk|spd|1\n|move|p2a: Pecharunt|Recover|p2a: Pecharunt\n|-heal|p2a: Pecharunt|88/100\n|\n|upkeep\n|turn|34\n|\n|t:|1783814738\n|move|p1a: Great Tusk|Headlong Rush|p2a: Pecharunt\n|-damage|p2a: Pecharunt|60/100\n|-unboost|p1a: Great Tusk|def|1\n|-unboost|p1a: Great Tusk|spd|1\n|move|p2a: Pecharunt|Toxic|p1a: Great Tusk\n|-status|p1a: Great Tusk|tox\n|-start|p1a: Great Tusk|confusion|[from] ability: Poison Puppeteer|[of] p2a: Pecharunt\n|\n|-damage|p1a: Great Tusk|38/100 tox|[from] psn\n|upkeep\n|turn|35\n|\n|t:|1783814741\n|-activate|p1a: Great Tusk|confusion\n|move|p1a: Great Tusk|Headlong Rush|p2a: Pecharunt\n|-damage|p2a: Pecharunt|32/100\n|-unboost|p1a: Great Tusk|def|1\n|-unboost|p1a: Great Tusk|spd|1\n|move|p2a: Pecharunt|Recover|p2a: Pecharunt\n|-heal|p2a: Pecharunt|82/100\n|\n|-damage|p1a: Great Tusk|25/100 tox|[from] psn\n|upkeep\n|turn|36\n|\n|t:|1783814746\n|-activate|p1a: Great Tusk|confusion\n|move|p1a: Great Tusk|Headlong Rush|p2a: Pecharunt\n|-damage|p2a: Pecharunt|51/100\n|-unboost|p1a: Great Tusk|def|1\n|-unboost|p1a: Great Tusk|spd|1\n|move|p2a: Pecharunt|Recover|p2a: Pecharunt\n|-heal|p2a: Pecharunt|100/100\n|\n|-damage|p1a: Great Tusk|7/100 tox|[from] psn\n|upkeep\n|turn|37\n|\n|t:|1783814749\n|-activate|p1a: Great Tusk|confusion\n|-damage|p1a: Great Tusk|0 fnt|[from] confusion\n|faint|p1a: Great Tusk\n|-end|p1a: Great Tusk|Protosynthesis|[silent]\n|\n|win|agent 3 of 2013\n|raw|mrporksin's rating: 1488 &rarr; <strong>1470</strong><br />(-18 for losing)\n|raw|agent 3 of 2013's rating: 1527 &rarr; <strong>1545</strong><br />(+18 for winning)\n|l|☆mrporksin\n|player|p1|\n", "uploadtime": 1783815133, "views": 9, "formatid": "gen9ou", "rating": 1470, "private": 0, "password": null}