{"id": "gen9ou-2639283495", "format": "[Gen 9] OU", "players": ["OUBotBeepBoop", "thepeakmons"], "log": "|j|☆OUBotBeepBoop\n|j|☆thepeakmons\n|t:|1782445610\n|gametype|singles\n|player|p1|OUBotBeepBoop|2|1272\n|player|p2|thepeakmons|101|1274\n|gen|9\n|tier|[Gen 9] OU\n|rated|\n|rule|HP Percentage Mod: HP is shown in percentages\n|rule|Endless Battle Clause: Forcing endless battles is banned\n|rule|Species Clause: Limit one of each Pokémon\n|rule|OHKO Clause: OHKO moves are banned\n|rule|Evasion Items Clause: Evasion items are banned\n|rule|Evasion Moves Clause: Evasion moves are banned\n|rule|Evasion Abilities Clause: Evasion abilities are banned\n|rule|Sleep Moves Clause: Sleep-inducing moves are banned\n|clearpoke\n|poke|p1|Glimmora, M|\n|poke|p1|Great Tusk|\n|poke|p1|Kingambit, F|\n|poke|p1|Dragapult, F|\n|poke|p1|Clefable, M|\n|poke|p1|Corviknight, F|\n|poke|p2|Gliscor, F|\n|poke|p2|Gholdengo|\n|poke|p2|Zamazenta-*|\n|poke|p2|Blissey, F|\n|poke|p2|Skarmory, M|\n|poke|p2|Pecharunt|\n|teampreview\n|\n|t:|1782445622\n|teamsize|p1|6\n|teamsize|p2|6\n|start\n|switch|p1a: Glimmora|Glimmora, M|100/100\n|switch|p2a: Skarmory|Skarmory, M|100/100\n|turn|1\n|inactive|Battle timer is ON: inactive players will automatically lose when time's up. (requested by thepeakmons)\n|inactive|thepeakmons has 120 seconds left.\n|\n|t:|1782445671\n|move|p1a: Glimmora|Stealth Rock|p2a: Skarmory\n|-sidestart|p2: thepeakmons|move: Stealth Rock\n|move|p2a: Skarmory|Spikes|p1a: Glimmora\n|-sidestart|p1: OUBotBeepBoop|Spikes\n|\n|upkeep\n|turn|2\n|\n|t:|1782445680\n|move|p1a: Glimmora|Power Gem|p2a: Skarmory\n|-damage|p2a: Skarmory|47/100\n|move|p2a: Skarmory|Spikes|p1a: Glimmora\n|-sidestart|p1: OUBotBeepBoop|Spikes\n|\n|upkeep\n|turn|3\n|\n|t:|1782445694\n|switch|p2a: Gliscor|Gliscor, F|100/100\n|-damage|p2a: Gliscor|88/100|[from] Stealth Rock\n|move|p1a: Glimmora|Power Gem|p2a: Gliscor\n|-damage|p2a: Gliscor|50/100\n|\n|-status|p2a: Gliscor|tox|[from] item: Toxic Orb\n|upkeep\n|turn|4\n|\n|t:|1782445709\n|switch|p1a: Great Tusk|Great Tusk|100/100\n|move|p2a: Gliscor|Earthquake|p1a: Great Tusk\n|-damage|p1a: Great Tusk|77/100\n|\n|-heal|p2a: Gliscor|63/100 tox|[from] ability: Poison Heal\n|upkeep\n|turn|5\n|\n|t:|1782445725\n|switch|p2a: Skarmory|Skarmory, M|47/100\n|move|p1a: Great Tusk|Ice Spinner|p2a: Skarmory\n|-damage|p2a: Skarmory|30/100\n|\n|upkeep\n|turn|6\n|inactive|thepeakmons has 120 seconds left.\n|\n|t:|1782445749\n|move|p1a: Great Tusk|Knock Off|p2a: Skarmory\n|-damage|p2a: Skarmory|11/100\n|-enditem|p2a: Skarmory|Heavy-Duty Boots|[from] move: Knock Off|[of] p1a: Great Tusk\n|move|p2a: Skarmory|Roost|p2a: Skarmory\n|-heal|p2a: Skarmory|61/100\n|-singleturn|p2a: Skarmory|move: Roost\n|\n|upkeep\n|turn|7\n|inactive|thepeakmons has 120 seconds left.\n|\n|t:|1782445762\n|-end|p1a: Great Tusk|Protosynthesis|[silent]\n|switch|p1a: Dragapult|Dragapult, F|100/100\n|-damage|p1a: Dragapult|84/100|[from] Spikes\n|move|p2a: Skarmory|Roost|p2a: Skarmory\n|-heal|p2a: Skarmory|100/100\n|-singleturn|p2a: Skarmory|move: Roost\n|\n|upkeep\n|turn|8\n|inactive|thepeakmons has 120 seconds left.\n|\n|t:|1782445775\n|move|p1a: Dragapult|Fire Blast|p2a: Skarmory\n|-supereffective|p2a: Skarmory\n|-ability|p2a: Skarmory|Sturdy\n|-damage|p2a: Skarmory|1/100\n|move|p2a: Skarmory|Spikes|p1a: Dragapult\n|-sidestart|p1: OUBotBeepBoop|Spikes\n|\n|upkeep\n|turn|9\n|inactive|thepeakmons has 120 seconds left.\n|\n|t:|1782445799\n|switch|p2a: Blissey|Blissey, F|100/100\n|move|p1a: Dragapult|Fire Blast|p2a: Blissey\n|-damage|p2a: Blissey|86/100\n|\n|upkeep\n|turn|10\n|\n|t:|1782445811\n|move|p1a: Dragapult|Fire Blast|p2a: Blissey\n|-crit|p2a: Blissey\n|-damage|p2a: Blissey|65/100\n|move|p2a: Blissey|Stealth Rock|p1a: Dragapult\n|-sidestart|p1: OUBotBeepBoop|move: Stealth Rock\n|\n|upkeep\n|turn|11\n|\n|t:|1782445825\n|move|p1a: Dragapult|Fire Blast|p2a: Blissey\n|-damage|p2a: Blissey|51/100\n|move|p2a: Blissey|Soft-Boiled|p2a: Blissey\n|-heal|p2a: Blissey|100/100\n|\n|upkeep\n|turn|12\n|\n|t:|1782445834\n|move|p1a: Dragapult|Fire Blast|p2a: Blissey\n|-damage|p2a: Blissey|85/100\n|move|p2a: Blissey|Shadow Ball|p1a: Dragapult\n|-supereffective|p1a: Dragapult\n|-damage|p1a: Dragapult|44/100\n|\n|upkeep\n|turn|13\n|inactive|thepeakmons has 120 seconds left.\n|\n|t:|1782445845\n|move|p1a: Dragapult|Fire Blast|p2a: Blissey|[miss]\n|-miss|p1a: Dragapult|p2a: Blissey\n|move|p2a: Blissey|Soft-Boiled|p2a: Blissey\n|-heal|p2a: Blissey|100/100\n|\n|upkeep\n|turn|14\n|inactive|thepeakmons has 120 seconds left.\n|\n|t:|1782445851\n|move|p1a: Dragapult|Fire Blast|p2a: Blissey\n|-damage|p2a: Blissey|87/100\n|-status|p2a: Blissey|brn\n|move|p2a: Blissey|Shadow Ball|p1a: Dragapult\n|-supereffective|p1a: Dragapult\n|-damage|p1a: Dragapult|3/100\n|\n|-damage|p2a: Blissey|81/100 brn|[from] brn\n|upkeep\n|turn|15\n|inactive|thepeakmons has 120 seconds left.\n|\n|t:|1782445863\n|switch|p1a: Great Tusk|Great Tusk|77/100\n|-curestatus|p2a: Blissey|brn|[from] ability: Natural Cure|[silent]\n|switch|p2a: Pecharunt|Pecharunt|100/100\n|\n|upkeep\n|turn|16\n|\n|t:|1782445871\n|move|p1a: Great Tusk|Headlong Rush|p2a: Pecharunt\n|-supereffective|p2a: Pecharunt\n|-damage|p2a: Pecharunt|39/100\n|-unboost|p1a: Great Tusk|def|1\n|-unboost|p1a: Great Tusk|spd|1\n|move|p2a: Pecharunt|Shadow Ball|p1a: Great Tusk\n|-crit|p1a: Great Tusk\n|-damage|p1a: Great Tusk|0 fnt\n|faint|p1a: Great Tusk\n|-end|p1a: Great Tusk|Protosynthesis|[silent]\n|\n|upkeep\n|\n|t:|1782445871\n|switch|p1a: Kingambit|Kingambit, F|100/100\n|-damage|p1a: Kingambit|75/100|[from] Spikes\n|-damage|p1a: Kingambit|69/100|[from] Stealth Rock\n|-activate|p1a: Kingambit|ability: Supreme Overlord\n|-start|p1a: Kingambit|fallen1|[silent]\n|turn|17\n|\n|t:|1782445884\n|move|p1a: Kingambit|Sucker Punch||[still]\n|-fail|p1a: Kingambit\n|move|p2a: Pecharunt|Parting Shot|p1a: Kingambit\n|-unboost|p1a: Kingambit|atk|1\n|-unboost|p1a: Kingambit|spa|1\n|\n|t:|1782445897\n|switch|p2a: Gliscor|Gliscor, F|63/100 tox|[from] Parting Shot\n|-damage|p2a: Gliscor|50/100 tox|[from] Stealth Rock\n|\n|-heal|p2a: Gliscor|63/100 tox|[from] ability: Poison Heal\n|upkeep\n|turn|18\n|\n|t:|1782445905\n|move|p2a: Gliscor|Earthquake|p1a: Kingambit\n|-supereffective|p1a: Kingambit\n|-damage|p1a: Kingambit|20/100\n|move|p1a: Kingambit|Kowtow Cleave|p2a: Gliscor\n|-damage|p2a: Gliscor|25/100 tox\n|\n|-heal|p2a: Gliscor|38/100 tox|[from] ability: Poison Heal\n|upkeep\n|turn|19\n|\n|t:|1782445919\n|-end|p1a: Kingambit|fallen1|[silent]\n|switch|p1a: Dragapult|Dragapult, F|3/100\n|-damage|p1a: Dragapult|0 fnt|[from] Spikes\n|faint|p1a: Dragapult\n|move|p2a: Gliscor|Protect||[still]\n|-fail|p2a: Gliscor\n|\n|-heal|p2a: Gliscor|50/100 tox|[from] ability: Poison Heal\n|upkeep\n|\n|t:|1782445919\n|switch|p1a: Corviknight|Corviknight, F|100/100\n|-damage|p1a: Corviknight|88/100|[from] Stealth Rock\n|-ability|p1a: Corviknight|Pressure\n|turn|20\n|\n|t:|1782445931\n|switch|p2a: Gholdengo|Gholdengo|100/100\n|-damage|p2a: Gholdengo|94/100|[from] Stealth Rock\n|move|p1a: Corviknight|Defog|p2a: Gholdengo\n|-immune|p2a: Gholdengo|[from] ability: Good as Gold\n|\n|-heal|p1a: Corviknight|94/100|[from] item: Leftovers\n|upkeep\n|turn|21\n|\n|t:|1782445943\n|move|p2a: Gholdengo|Nasty Plot|p2a: Gholdengo\n|-boost|p2a: Gholdengo|spa|2\n|move|p1a: Corviknight|Defog|p2a: Gholdengo\n|-immune|p2a: Gholdengo|[from] ability: Good as Gold\n|\n|-heal|p1a: Corviknight|100/100|[from] item: Leftovers\n|upkeep\n|turn|22\n|\n|t:|1782445956\n|move|p2a: Gholdengo|Thunder Wave|p1a: Corviknight\n|-status|p1a: Corviknight|par\n|move|p1a: Corviknight|Defog|p2a: Gholdengo\n|-immune|p2a: Gholdengo|[from] ability: Good as Gold\n|\n|upkeep\n|turn|23\n|\n|t:|1782445969\n|move|p2a: Gholdengo|Nasty Plot|p2a: Gholdengo\n|-boost|p2a: Gholdengo|spa|2\n|move|p1a: Corviknight|Defog|p2a: Gholdengo\n|-immune|p2a: Gholdengo|[from] ability: Good as Gold\n|\n|upkeep\n|turn|24\n|\n|t:|1782445980\n|move|p2a: Gholdengo|Hex|p1a: Corviknight\n|-damage|p1a: Corviknight|0 fnt\n|faint|p1a: Corviknight\n|\n|upkeep\n|\n|t:|1782445980\n|switch|p1a: Kingambit|Kingambit, F|20/100\n|-damage|p1a: Kingambit|0 fnt|[from] Spikes\n|faint|p1a: Kingambit\n|-end|p1a: Kingambit|fallenundefined|[silent]\n|\n|t:|1782445981\n|switch|p1a: Clefable|Clefable, M|100/100\n|-damage|p1a: Clefable|76/100|[from] Spikes\n|-damage|p1a: Clefable|63/100|[from] Stealth Rock\n|turn|25\n|\n|t:|1782445999\n|move|p2a: Gholdengo|Thunder Wave|p1a: Clefable|[miss]\n|-miss|p2a: Gholdengo|p1a: Clefable\n|move|p1a: Clefable|Flamethrower|p2a: Gholdengo\n|-supereffective|p2a: Gholdengo\n|-damage|p2a: Gholdengo|53/100\n|\n|-heal|p1a: Clefable|69/100|[from] item: Leftovers\n|upkeep\n|turn|26\n|\n|t:|1782446018\n|move|p2a: Gholdengo|Hex|p1a: Clefable\n|-damage|p1a: Clefable|43/100\n|move|p1a: Clefable|Flamethrower|p2a: Gholdengo\n|-supereffective|p2a: Gholdengo\n|-damage|p2a: Gholdengo|15/100\n|\n|-heal|p1a: Clefable|49/100|[from] item: Leftovers\n|upkeep\n|turn|27\n|inactive|thepeakmons has 120 seconds left.\n|\n|t:|1782446038\n|move|p2a: Gholdengo|Hex|p1a: Clefable\n|-damage|p1a: Clefable|23/100\n|move|p1a: Clefable|Flamethrower|p2a: Gholdengo\n|-supereffective|p2a: Gholdengo\n|-damage|p2a: Gholdengo|0 fnt\n|faint|p2a: Gholdengo\n|\n|-heal|p1a: Clefable|29/100|[from] item: Leftovers\n|upkeep\n|inactive|thepeakmons has 120 seconds left.\n|\n|t:|1782446063\n|switch|p2a: Zamazenta|Zamazenta|100/100\n|-ability|p2a: Zamazenta|Dauntless Shield|boost\n|-boost|p2a: Zamazenta|def|1\n|turn|28\n|\n|t:|1782446081\n|move|p2a: Zamazenta|Close Combat|p1a: Clefable\n|-resisted|p1a: Clefable\n|-damage|p1a: Clefable|7/100\n|-unboost|p2a: Zamazenta|def|1\n|-unboost|p2a: Zamazenta|spd|1\n|move|p1a: Clefable|Flamethrower|p2a: Zamazenta\n|-damage|p2a: Zamazenta|83/100\n|\n|-heal|p1a: Clefable|13/100|[from] item: Leftovers\n|upkeep\n|turn|29\n|\n|t:|1782446093\n|move|p2a: Zamazenta|Close Combat|p1a: Clefable\n|-resisted|p1a: Clefable\n|-damage|p1a: Clefable|0 fnt\n|-unboost|p2a: Zamazenta|def|1\n|-unboost|p2a: Zamazenta|spd|1\n|faint|p1a: Clefable\n|\n|upkeep\n|\n|t:|1782446093\n|switch|p1a: Glimmora|Glimmora, M|100/100\n|-damage|p1a: Glimmora|76/100|[from] Spikes\n|-damage|p1a: Glimmora|63/100|[from] Stealth Rock\n|turn|30\n|\n|t:|1782446100\n|move|p2a: Zamazenta|Close Combat|p1a: Glimmora\n|-damage|p1a: Glimmora|0 fnt\n|-unboost|p2a: Zamazenta|def|1\n|-unboost|p2a: Zamazenta|spd|1\n|-activate|p1a: Glimmora|ability: Toxic Debris\n|-sidestart|p2: thepeakmons|move: Toxic Spikes\n|faint|p1a: Glimmora\n|\n|win|thepeakmons\n|raw|OUBotBeepBoop's rating: 1249 &rarr; <strong>1224</strong><br />(-25 for losing)\n|raw|thepeakmons's rating: 1253 &rarr; <strong>1278</strong><br />(+25 for winning)\n|l|☆OUBotBeepBoop\n|player|p1|\n", "uploadtime": 1782446101, "views": 12, "formatid": "gen9ou", "rating": 1224, "private": 0, "password": null}