{"id": "gen9ou-2647692245", "format": "[Gen 9] OU", "players": ["Lukas21", "tmrrxw"], "log": "|j|☆Lukas21\n|j|☆tmrrxw\n|t:|1783797123\n|gametype|singles\n|player|p1|Lukas21|102|1188\n|player|p2|tmrrxw|iris-gen5bw2|1244\n|gen|9\n|tier|[Gen 9] OU\n|rated|\n|rule|HP Percentage Mod: HP is shown in percentages\n|rule|Endless Battle Clause: Forcing endless battles is banned\n|rule|Species Clause: Limit one of each Pokémon\n|rule|OHKO Clause: OHKO moves are banned\n|rule|Evasion Items Clause: Evasion items are banned\n|rule|Evasion Moves Clause: Evasion moves are banned\n|rule|Evasion Abilities Clause: Evasion abilities are banned\n|rule|Sleep Moves Clause: Sleep-inducing moves are banned\n|clearpoke\n|poke|p1|Corviknight, F|\n|poke|p1|Regice|\n|poke|p1|Arcanine-Hisui, M|\n|poke|p1|Great Tusk|\n|poke|p1|Florges, F|\n|poke|p1|Slowbro, M|\n|poke|p2|Darkrai|\n|poke|p2|Tinkaton, F|\n|poke|p2|Ting-Lu|\n|poke|p2|Great Tusk|\n|poke|p2|Primarina, F|\n|poke|p2|Zapdos|\n|teampreview\n|\n|t:|1783797143\n|teamsize|p1|6\n|teamsize|p2|6\n|start\n|switch|p1a: Regice|Regice|100/100\n|switch|p2a: Darkrai|Darkrai|100/100\n|turn|1\n|\n|t:|1783797154\n|move|p2a: Darkrai|Trick|p1a: Regice\n|-activate|p2a: Darkrai|move: Trick|[of] p1a: Regice\n|-item|p1a: Regice|Choice Scarf|[from] move: Trick\n|-enditem|p2a: Darkrai|Choice Scarf|[silent]|[from] move: Trick\n|move|p1a: Regice|Thunder Wave|p2a: Darkrai\n|-status|p2a: Darkrai|par\n|\n|upkeep\n|turn|2\n|\n|t:|1783797160\n|switch|p1a: Florges|Florges, F|100/100\n|switch|p2a: Great Tusk|Great Tusk|100/100\n|\n|upkeep\n|turn|3\n|inactive|Battle timer is ON: inactive players will automatically lose when time's up. (requested by tmrrxw)\n|\n|t:|1783797169\n|-end|p2a: Great Tusk|Protosynthesis|[silent]\n|switch|p2a: Tinkaton|Tinkaton, F|100/100\n|-ability|p2a: Tinkaton|Mold Breaker\n|-item|p2a: Tinkaton|Air Balloon\n|move|p1a: Florges|Moonblast|p2a: Tinkaton\n|-resisted|p2a: Tinkaton\n|-damage|p2a: Tinkaton|85/100\n|-enditem|p2a: Tinkaton|Air Balloon\n|\n|upkeep\n|turn|4\n|\n|t:|1783797178\n|switch|p1a: Slowbro|Slowbro, M|100/100\n|move|p2a: Tinkaton|Stealth Rock|p1a: Slowbro\n|-sidestart|p1: Lukas21|move: Stealth Rock\n|\n|upkeep\n|turn|5\n|\n|t:|1783797188\n|switch|p2a: Darkrai|Darkrai|100/100 par\n|move|p1a: Slowbro|Scald|p2a: Darkrai\n|-damage|p2a: Darkrai|47/100 par\n|\n|upkeep\n|turn|6\n|\n|t:|1783797197\n|switch|p2a: Primarina|Primarina, F|100/100\n|move|p1a: Slowbro|Scald|p2a: Primarina\n|-resisted|p2a: Primarina\n|-damage|p2a: Primarina|89/100\n|\n|upkeep\n|turn|7\n|\n|t:|1783797203\n|move|p2a: Primarina|Flip Turn|p1a: Slowbro\n|-resisted|p1a: Slowbro\n|-damage|p1a: Slowbro|95/100\n|-damage|p2a: Primarina|72/100|[from] item: Rocky Helmet|[of] p1a: Slowbro\n|\n|t:|1783797207\n|switch|p2a: Zapdos|Zapdos|100/100|[from] Flip Turn\n|move|p1a: Slowbro|Amnesia|p1a: Slowbro\n|-boost|p1a: Slowbro|spd|2\n|\n|upkeep\n|turn|8\n|\n|t:|1783797214\n|move|p2a: Zapdos|Volt Switch|p1a: Slowbro\n|-supereffective|p1a: Slowbro\n|-damage|p1a: Slowbro|56/100\n|\n|t:|1783797219\n|switch|p2a: Darkrai|Darkrai|47/100 par|[from] Volt Switch\n|move|p1a: Slowbro|Scald|p2a: Darkrai\n|-damage|p2a: Darkrai|0 fnt\n|faint|p2a: Darkrai\n|\n|upkeep\n|-message|tmrrxw forfeited.\n|\n|win|Lukas21\n|raw|Lukas21's rating: 1188 &rarr; <strong>1217</strong><br />(+29 for winning)\n|raw|tmrrxw's rating: 1244 &rarr; <strong>1215</strong><br />(-29 for losing)\n|l|☆tmrrxw\n|player|p2|\n|l|☆Lukas21\n|player|p1|\n", "uploadtime": 1783797614, "views": 8, "formatid": "gen9ou", "rating": 1215, "private": 0, "password": null}