{"id": "gen9ou-2647839302", "format": "[Gen 9] OU", "players": ["OverusedOddish", "The median voter"], "log": "|j|☆OverusedOddish\n|j|☆The median voter\n|t:|1783821719\n|gametype|singles\n|player|p1|OverusedOddish|1|1641\n|player|p2|The median voter|scientist-gen4dp|1721\n|gen|9\n|tier|[Gen 9] OU\n|rated|\n|rule|HP Percentage Mod: HP is shown in percentages\n|rule|Endless Battle Clause: Forcing endless battles is banned\n|rule|Species Clause: Limit one of each Pokémon\n|rule|OHKO Clause: OHKO moves are banned\n|rule|Evasion Items Clause: Evasion items are banned\n|rule|Evasion Moves Clause: Evasion moves are banned\n|rule|Evasion Abilities Clause: Evasion abilities are banned\n|rule|Sleep Moves Clause: Sleep-inducing moves are banned\n|clearpoke\n|poke|p1|Dragonite, F|\n|poke|p1|Iron Moth|\n|poke|p1|Ogerpon-Wellspring, F|\n|poke|p1|Ting-Lu|\n|poke|p1|Iron Valiant|\n|poke|p1|Raging Bolt|\n|poke|p2|Ribombee, F|\n|poke|p2|Raging Bolt|\n|poke|p2|Gholdengo|\n|poke|p2|Dragapult, M|\n|poke|p2|Zamazenta-*|\n|poke|p2|Kingambit, F|\n|teampreview\n|inactive|Battle timer is ON: inactive players will automatically lose when time's up. (requested by OverusedOddish)\n|\n|t:|1783821751\n|teamsize|p1|6\n|teamsize|p2|6\n|start\n|switch|p1a: Ting-Lu|Ting-Lu|100/100\n|switch|p2a: Raging Bolt|Raging Bolt|100/100\n|-ability|p1a: Ting-Lu|Vessel of Ruin\n|-enditem|p2a: Raging Bolt|Booster Energy\n|-activate|p2a: Raging Bolt|ability: Protosynthesis|[fromitem]\n|-start|p2a: Raging Bolt|protosynthesisspa\n|turn|1\n|\n|t:|1783821763\n|switch|p1a: Iron Moth|Iron Moth|100/100\n|-enditem|p1a: Iron Moth|Booster Energy\n|-activate|p1a: Iron Moth|ability: Quark Drive|[fromitem]\n|-start|p1a: Iron Moth|quarkdrivespe\n|move|p2a: Raging Bolt|Dragon Pulse|p1a: Iron Moth\n|-damage|p1a: Iron Moth|34/100\n|\n|upkeep\n|turn|2\n|\n|t:|1783821774\n|move|p1a: Iron Moth|Sludge Wave|p2a: Raging Bolt\n|-damage|p2a: Raging Bolt|55/100\n|move|p2a: Raging Bolt|Dragon Pulse|p1a: Iron Moth\n|-damage|p1a: Iron Moth|0 fnt\n|faint|p1a: Iron Moth\n|-end|p1a: Iron Moth|Quark Drive|[silent]\n|\n|upkeep\n|\n|t:|1783821786\n|switch|p1a: Ting-Lu|Ting-Lu|100/100\n|-ability|p1a: Ting-Lu|Vessel of Ruin\n|turn|3\n|j| dilf huntr\n|\n|t:|1783821798\n|move|p2a: Raging Bolt|Dragon Pulse|p1a: Ting-Lu\n|-damage|p1a: Ting-Lu|71/100\n|move|p1a: Ting-Lu|Stealth Rock|p2a: Raging Bolt\n|-sidestart|p2: The median voter|move: Stealth Rock\n|\n|-heal|p1a: Ting-Lu|77/100|[from] item: Leftovers\n|upkeep\n|turn|4\n|\n|t:|1783821809\n|-terastallize|p1a: Ting-Lu|Water\n|move|p2a: Raging Bolt|Dragon Pulse|p1a: Ting-Lu\n|-damage|p1a: Ting-Lu|49/100\n|move|p1a: Ting-Lu|Earthquake|p2a: Raging Bolt\n|-supereffective|p2a: Raging Bolt\n|-damage|p2a: Raging Bolt|0 fnt\n|faint|p2a: Raging Bolt\n|-end|p2a: Raging Bolt|Protosynthesis|[silent]\n|\n|-heal|p1a: Ting-Lu|55/100|[from] item: Leftovers\n|upkeep\n|\n|t:|1783821816\n|switch|p2a: Ribombee|Ribombee, F|100/100\n|-damage|p2a: Ribombee|76/100|[from] Stealth Rock\n|turn|5\n|\n|t:|1783821828\n|move|p2a: Ribombee|Sticky Web|p1a: Ting-Lu\n|-sidestart|p1: OverusedOddish|move: Sticky Web\n|move|p1a: Ting-Lu|Ruination|p2a: Ribombee\n|-damage|p2a: Ribombee|38/100\n|\n|-heal|p1a: Ting-Lu|61/100|[from] item: Leftovers\n|upkeep\n|turn|6\n|\n|t:|1783821840\n|move|p2a: Ribombee|Stun Spore|p1a: Ting-Lu\n|-status|p1a: Ting-Lu|par\n|move|p1a: Ting-Lu|Earthquake|p2a: Ribombee\n|-resisted|p2a: Ribombee\n|-damage|p2a: Ribombee|4/100\n|\n|-heal|p1a: Ting-Lu|68/100 par|[from] item: Leftovers\n|upkeep\n|turn|7\n|\n|t:|1783821852\n|move|p2a: Ribombee|Moonblast|p1a: Ting-Lu\n|-damage|p1a: Ting-Lu|51/100 par\n|-unboost|p1a: Ting-Lu|spa|1\n|move|p1a: Ting-Lu|Earthquake|p2a: Ribombee\n|-resisted|p2a: Ribombee\n|-damage|p2a: Ribombee|0 fnt\n|faint|p2a: Ribombee\n|\n|-heal|p1a: Ting-Lu|57/100 par|[from] item: Leftovers\n|upkeep\n|\n|t:|1783821868\n|switch|p2a: Zamazenta|Zamazenta|100/100\n|-damage|p2a: Zamazenta|94/100|[from] Stealth Rock\n|-ability|p2a: Zamazenta|Dauntless Shield|boost\n|-boost|p2a: Zamazenta|def|1\n|turn|8\n|\n|t:|1783821880\n|move|p2a: Zamazenta|Iron Defense|p2a: Zamazenta\n|-boost|p2a: Zamazenta|def|2\n|cant|p1a: Ting-Lu|par\n|\n|-heal|p2a: Zamazenta|100/100|[from] item: Leftovers\n|-heal|p1a: Ting-Lu|64/100 par|[from] item: Leftovers\n|upkeep\n|turn|9\n|\n|t:|1783821891\n|move|p2a: Zamazenta|Body Press|p1a: Ting-Lu\n|-damage|p1a: Ting-Lu|15/100 par\n|cant|p1a: Ting-Lu|par\n|\n|-heal|p1a: Ting-Lu|21/100 par|[from] item: Leftovers\n|upkeep\n|turn|10\n|\n|t:|1783821902\n|move|p2a: Zamazenta|Body Press|p1a: Ting-Lu\n|-damage|p1a: Ting-Lu|0 fnt\n|faint|p1a: Ting-Lu\n|\n|upkeep\n|\n|t:|1783821914\n|switch|p1a: Raging Bolt|Raging Bolt|100/100\n|-activate|p1a: Raging Bolt|move: Sticky Web\n|-unboost|p1a: Raging Bolt|spe|1\n|-enditem|p1a: Raging Bolt|Booster Energy\n|-activate|p1a: Raging Bolt|ability: Protosynthesis|[fromitem]\n|-start|p1a: Raging Bolt|protosynthesisspa\n|turn|11\n|\n|t:|1783821925\n|move|p2a: Zamazenta|Body Press|p1a: Raging Bolt\n|-damage|p1a: Raging Bolt|28/100\n|move|p1a: Raging Bolt|Thunderbolt|p2a: Zamazenta\n|-damage|p2a: Zamazenta|48/100\n|\n|-heal|p2a: Zamazenta|54/100|[from] item: Leftovers\n|upkeep\n|turn|12\n|\n|t:|1783821937\n|move|p1a: Raging Bolt|Thunderclap||[still]\n|-fail|p1a: Raging Bolt\n|move|p2a: Zamazenta|Substitute|p2a: Zamazenta\n|-start|p2a: Zamazenta|Substitute\n|-damage|p2a: Zamazenta|29/100\n|\n|-heal|p2a: Zamazenta|35/100|[from] item: Leftovers\n|upkeep\n|turn|13\n|\n|t:|1783821943\n|move|p1a: Raging Bolt|Thunderclap|p2a: Zamazenta\n|-end|p2a: Zamazenta|Substitute\n|move|p2a: Zamazenta|Body Press|p1a: Raging Bolt\n|-damage|p1a: Raging Bolt|0 fnt\n|faint|p1a: Raging Bolt\n|-end|p1a: Raging Bolt|Protosynthesis|[silent]\n|\n|-heal|p2a: Zamazenta|41/100|[from] item: Leftovers\n|upkeep\n|\n|t:|1783821949\n|switch|p1a: Iron Valiant|Iron Valiant|100/100\n|-activate|p1a: Iron Valiant|move: Sticky Web\n|-unboost|p1a: Iron Valiant|spe|1\n|-enditem|p1a: Iron Valiant|Booster Energy\n|-activate|p1a: Iron Valiant|ability: Quark Drive|[fromitem]\n|-start|p1a: Iron Valiant|quarkdrivespa\n|turn|14\n|\n|t:|1783821955\n|move|p2a: Zamazenta|Body Press|p1a: Iron Valiant\n|-resisted|p1a: Iron Valiant\n|-damage|p1a: Iron Valiant|47/100\n|move|p1a: Iron Valiant|Knock Off|p2a: Zamazenta\n|-resisted|p2a: Zamazenta\n|-damage|p2a: Zamazenta|38/100\n|-enditem|p2a: Zamazenta|Leftovers|[from] move: Knock Off|[of] p1a: Iron Valiant\n|\n|upkeep\n|turn|15\n|\n|t:|1783821961\n|move|p2a: Zamazenta|Body Press|p1a: Iron Valiant\n|-resisted|p1a: Iron Valiant\n|-damage|p1a: Iron Valiant|0 fnt\n|faint|p1a: Iron Valiant\n|-end|p1a: Iron Valiant|Quark Drive|[silent]\n|\n|upkeep\n|j| choispecs ironmoth\n|\n|t:|1783821967\n|switch|p1a: Dragonite|Dragonite, F|100/100\n|turn|16\n|\n|t:|1783821973\n|move|p1a: Dragonite|Extreme Speed|p2a: Zamazenta\n|-damage|p2a: Zamazenta|28/100\n|move|p2a: Zamazenta|Body Press|p1a: Dragonite\n|-resisted|p1a: Dragonite\n|-damage|p1a: Dragonite|78/100\n|\n|upkeep\n|turn|17\n|\n|t:|1783821979\n|move|p2a: Zamazenta|Body Press|p1a: Dragonite\n|-resisted|p1a: Dragonite\n|-damage|p1a: Dragonite|33/100\n|move|p1a: Dragonite|Roost|p1a: Dragonite\n|-heal|p1a: Dragonite|83/100\n|-singleturn|p1a: Dragonite|move: Roost\n|\n|upkeep\n|turn|18\n|\n|t:|1783821985\n|move|p2a: Zamazenta|Body Press|p1a: Dragonite\n|-resisted|p1a: Dragonite\n|-damage|p1a: Dragonite|34/100\n|move|p1a: Dragonite|Roost|p1a: Dragonite\n|-heal|p1a: Dragonite|84/100\n|-singleturn|p1a: Dragonite|move: Roost\n|\n|upkeep\n|turn|19\n|\n|t:|1783821991\n|switch|p1a: Ogerpon|Ogerpon-Wellspring, F|100/100\n|-activate|p1a: Ogerpon|move: Sticky Web\n|-unboost|p1a: Ogerpon|spe|1\n|move|p2a: Zamazenta|Body Press|p1a: Ogerpon\n|-damage|p1a: Ogerpon|0 fnt\n|faint|p1a: Ogerpon\n|\n|upkeep\n|\n|t:|1783821997\n|switch|p1a: Dragonite|Dragonite, F|84/100\n|turn|20\n|\n|t:|1783822002\n|move|p2a: Zamazenta|Body Press|p1a: Dragonite\n|-resisted|p1a: Dragonite\n|-damage|p1a: Dragonite|41/100\n|move|p1a: Dragonite|Dragon Dance|p1a: Dragonite\n|-boost|p1a: Dragonite|atk|1\n|-boost|p1a: Dragonite|spe|1\n|\n|upkeep\n|turn|21\n|\n|t:|1783822006\n|move|p2a: Zamazenta|Body Press|p1a: Dragonite\n|-resisted|p1a: Dragonite\n|-damage|p1a: Dragonite|0 fnt\n|faint|p1a: Dragonite\n|\n|win|The median voter\n|raw|OverusedOddish's rating: 1641 &rarr; <strong>1626</strong><br />(-15 for losing)\n|raw|The median voter's rating: 1721 &rarr; <strong>1736</strong><br />(+15 for winning)\n|l|☆OverusedOddish\n|player|p1|\n|l|☆The median voter\n|player|p2|\n|l| choispecs ironmoth\n", "uploadtime": 1783822208, "views": 9, "formatid": "gen9ou", "rating": 1626, "private": 0, "password": null}