{"id": "gen9ou-2647802273", "format": "[Gen 9] OU", "players": ["esta man oe", "kva972"], "log": "|j|☆esta man oe\n|j|☆kva972\n|t:|1783815211\n|gametype|singles\n|player|p1|esta man oe|preschooler|1346\n|player|p2|kva972|1|1395\n|gen|9\n|tier|[Gen 9] OU\n|rated|\n|rule|HP Percentage Mod: HP is shown in percentages\n|rule|Endless Battle Clause: Forcing endless battles is banned\n|rule|Species Clause: Limit one of each Pokémon\n|rule|OHKO Clause: OHKO moves are banned\n|rule|Evasion Items Clause: Evasion items are banned\n|rule|Evasion Moves Clause: Evasion moves are banned\n|rule|Evasion Abilities Clause: Evasion abilities are banned\n|rule|Sleep Moves Clause: Sleep-inducing moves are banned\n|clearpoke\n|poke|p1|Ogerpon-Wellspring, F|\n|poke|p1|Heatran, M|\n|poke|p1|Goodra-Hisui, F|\n|poke|p1|Thundurus-Therian, M|\n|poke|p1|Orthworm, M|\n|poke|p1|Grimmsnarl, M|\n|poke|p2|Rillaboom, M|\n|poke|p2|Torkoal, M|\n|poke|p2|Landorus-Therian, M|\n|poke|p2|Venusaur, F|\n|poke|p2|Serperior, M|\n|poke|p2|Walking Wake|\n|teampreview\n|inactive|Battle timer is ON: inactive players will automatically lose when time's up. (requested by esta man oe)\n|\n|t:|1783815218\n|teamsize|p1|6\n|teamsize|p2|6\n|start\n|switch|p1a: Grimmsnarl|Grimmsnarl, M|100/100\n|switch|p2a: Landorus|Landorus-Therian, M|100/100\n|-ability|p2a: Landorus|Intimidate|boost\n|-unboost|p1a: Grimmsnarl|atk|1\n|turn|1\n|\n|t:|1783815225\n|move|p1a: Grimmsnarl|Reflect|p1a: Grimmsnarl\n|-sidestart|p1: esta man oe|Reflect\n|move|p2a: Landorus|Stealth Rock|p1a: Grimmsnarl\n|-sidestart|p1: esta man oe|move: Stealth Rock\n|\n|upkeep\n|turn|2\n|\n|t:|1783815228\n|move|p1a: Grimmsnarl|Light Screen|p1a: Grimmsnarl\n|-sidestart|p1: esta man oe|move: Light Screen\n|move|p2a: Landorus|U-turn|p1a: Grimmsnarl\n|-damage|p1a: Grimmsnarl|92/100\n|\n|t:|1783815239\n|switch|p2a: Torkoal|Torkoal, M|100/100|[from] U-turn\n|-weather|SunnyDay|[from] ability: Drought|[of] p2a: Torkoal\n|\n|-weather|SunnyDay|[upkeep]\n|upkeep\n|turn|3\n|\n|t:|1783815250\n|move|p1a: Grimmsnarl|Thunder Wave|p2a: Torkoal\n|-status|p2a: Torkoal|par\n|move|p2a: Torkoal|Clear Smog|p1a: Grimmsnarl\n|-supereffective|p1a: Grimmsnarl\n|-damage|p1a: Grimmsnarl|76/100\n|-clearboost|p1a: Grimmsnarl\n|\n|-weather|SunnyDay|[upkeep]\n|upkeep\n|turn|4\n|\n|t:|1783815259\n|switch|p1a: Heatran|Heatran, M|100/100\n|-damage|p1a: Heatran|88/100|[from] Stealth Rock\n|cant|p2a: Torkoal|par\n|\n|-weather|SunnyDay|[upkeep]\n|-heal|p1a: Heatran|94/100|[from] item: Leftovers\n|upkeep\n|turn|5\n|\n|t:|1783815267\n|switch|p2a: Landorus|Landorus-Therian, M|100/100\n|-ability|p2a: Landorus|Intimidate|boost\n|-unboost|p1a: Heatran|atk|1\n|move|p1a: Heatran|Stealth Rock|p2a: Landorus\n|-sidestart|p2: kva972|move: Stealth Rock\n|\n|-weather|SunnyDay|[upkeep]\n|-heal|p1a: Heatran|100/100|[from] item: Leftovers\n|upkeep\n|turn|6\n|\n|t:|1783815276\n|switch|p1a: Orthworm|Orthworm, M|100/100\n|-damage|p1a: Orthworm|94/100|[from] Stealth Rock\n|move|p2a: Landorus|Weather Ball|p1a: Orthworm\n|-supereffective|p1a: Orthworm\n|-damage|p1a: Orthworm|50/100\n|\n|-weather|none\n|-heal|p1a: Orthworm|56/100|[from] item: Leftovers\n|upkeep\n|turn|7\n|\n|t:|1783815287\n|move|p2a: Landorus|U-turn|p1a: Orthworm\n|-resisted|p1a: Orthworm\n|-damage|p1a: Orthworm|52/100\n|\n|t:|1783815292\n|switch|p2a: Torkoal|Torkoal, M|100/100 par|[from] U-turn\n|-damage|p2a: Torkoal|76/100 par|[from] Stealth Rock\n|-weather|SunnyDay|[from] ability: Drought|[of] p2a: Torkoal\n|move|p1a: Orthworm|Spikes|p2a: Torkoal\n|-sidestart|p2: kva972|Spikes\n|\n|-weather|SunnyDay|[upkeep]\n|-heal|p1a: Orthworm|58/100|[from] item: Leftovers\n|upkeep\n|turn|8\n|\n|t:|1783815301\n|-terastallize|p1a: Orthworm|Ghost\n|move|p1a: Orthworm|Sand Tomb|p2a: Torkoal\n|-supereffective|p2a: Torkoal\n|-damage|p2a: Torkoal|64/100 par\n|-activate|p2a: Torkoal|move: Sand Tomb|[of] p1a: Orthworm\n|move|p2a: Torkoal|Rapid Spin|p1a: Orthworm\n|-immune|p1a: Orthworm\n|\n|-weather|SunnyDay|[upkeep]\n|-heal|p1a: Orthworm|64/100|[from] item: Leftovers\n|-damage|p2a: Torkoal|52/100 par|[from] move: Sand Tomb|[partiallytrapped]\n|-sideend|p1: esta man oe|Reflect\n|upkeep\n|turn|9\n|\n|t:|1783815313\n|move|p1a: Orthworm|Spikes|p2a: Torkoal\n|-sidestart|p2: kva972|Spikes\n|move|p2a: Torkoal|Overheat|p1a: Orthworm\n|-damage|p1a: Orthworm|23/100\n|-unboost|p2a: Torkoal|spa|2\n|\n|-weather|SunnyDay|[upkeep]\n|-heal|p1a: Orthworm|30/100|[from] item: Leftovers\n|-damage|p2a: Torkoal|40/100 par|[from] move: Sand Tomb|[partiallytrapped]\n|-sideend|p1: esta man oe|move: Light Screen\n|upkeep\n|turn|10\n|\n|t:|1783815322\n|move|p1a: Orthworm|Spikes|p2a: Torkoal\n|-sidestart|p2: kva972|Spikes\n|move|p2a: Torkoal|Overheat|p1a: Orthworm\n|-damage|p1a: Orthworm|0 fnt\n|-unboost|p2a: Torkoal|spa|2\n|faint|p1a: Orthworm\n|\n|-weather|SunnyDay|[upkeep]\n|-end|p2a: Torkoal|Sand Tomb|[partiallytrapped]|[silent]\n|upkeep\n|\n|t:|1783815338\n|switch|p1a: Heatran|Heatran, M|100/100\n|-damage|p1a: Heatran|88/100|[from] Stealth Rock\n|turn|11\n|\n|t:|1783815342\n|move|p1a: Heatran|Earth Power|p2a: Torkoal\n|-supereffective|p2a: Torkoal\n|-damage|p2a: Torkoal|0 fnt\n|faint|p2a: Torkoal\n|\n|-weather|none\n|-heal|p1a: Heatran|94/100|[from] item: Leftovers\n|upkeep\n|\n|t:|1783815350\n|switch|p2a: Walking Wake|Walking Wake|100/100\n|-damage|p2a: Walking Wake|88/100|[from] Stealth Rock\n|-damage|p2a: Walking Wake|63/100|[from] Spikes\n|turn|12\n|\n|t:|1783815355\n|move|p1a: Heatran|Protect|p1a: Heatran\n|-singleturn|p1a: Heatran|Protect\n|move|p2a: Walking Wake|Draco Meteor|p1a: Heatran\n|-activate|p1a: Heatran|move: Protect\n|\n|-heal|p1a: Heatran|100/100|[from] item: Leftovers\n|upkeep\n|turn|13\n|\n|t:|1783815362\n|switch|p1a: Grimmsnarl|Grimmsnarl, M|76/100\n|-damage|p1a: Grimmsnarl|64/100|[from] Stealth Rock\n|move|p2a: Walking Wake|Draco Meteor|p1a: Grimmsnarl\n|-immune|p1a: Grimmsnarl\n|\n|upkeep\n|turn|14\n|\n|t:|1783815378\n|-end|p2a: Walking Wake|Protosynthesis|[silent]\n|switch|p2a: Rillaboom|Rillaboom, M|100/100\n|-damage|p2a: Rillaboom|88/100|[from] Stealth Rock\n|-damage|p2a: Rillaboom|63/100|[from] Spikes\n|-fieldstart|move: Grassy Terrain|[from] ability: Grassy Surge|[of] p2a: Rillaboom\n|move|p1a: Grimmsnarl|Light Screen|p1a: Grimmsnarl\n|-sidestart|p1: esta man oe|move: Light Screen\n|\n|-heal|p2a: Rillaboom|70/100|[from] Grassy Terrain\n|-heal|p1a: Grimmsnarl|70/100|[from] Grassy Terrain\n|upkeep\n|turn|15\n|\n|t:|1783815389\n|move|p2a: Rillaboom|Grassy Glide|p1a: Grimmsnarl\n|-damage|p1a: Grimmsnarl|28/100\n|move|p1a: Grimmsnarl|Reflect|p1a: Grimmsnarl\n|-sidestart|p1: esta man oe|Reflect\n|\n|-heal|p2a: Rillaboom|76/100|[from] Grassy Terrain\n|-heal|p1a: Grimmsnarl|34/100|[from] Grassy Terrain\n|upkeep\n|turn|16\n|\n|t:|1783815397\n|switch|p2a: Landorus|Landorus-Therian, M|100/100\n|-damage|p2a: Landorus|88/100|[from] Stealth Rock\n|-ability|p2a: Landorus|Intimidate|boost\n|-unboost|p1a: Grimmsnarl|atk|1\n|switch|p1a: Goodra|Goodra-Hisui, F|100/100\n|-damage|p1a: Goodra|94/100|[from] Stealth Rock\n|\n|-heal|p1a: Goodra|100/100|[from] Grassy Terrain\n|upkeep\n|turn|17\n|\n|t:|1783815408\n|switch|p1a: Thundurus|Thundurus-Therian, M|100/100\n|move|p2a: Landorus|Earth Power|p1a: Thundurus\n|-immune|p1a: Thundurus\n|\n|upkeep\n|turn|18\n|\n|t:|1783815417\n|switch|p2a: Rillaboom|Rillaboom, M|76/100\n|-damage|p2a: Rillaboom|63/100|[from] Stealth Rock\n|-damage|p2a: Rillaboom|39/100|[from] Spikes\n|move|p1a: Thundurus|Nasty Plot|p1a: Thundurus\n|-boost|p1a: Thundurus|spa|2\n|\n|-heal|p2a: Rillaboom|45/100|[from] Grassy Terrain\n|-fieldend|move: Grassy Terrain\n|upkeep\n|turn|19\n|\n|t:|1783815427\n|move|p1a: Thundurus|Dark Pulse|p2a: Rillaboom\n|-damage|p2a: Rillaboom|0 fnt\n|faint|p2a: Rillaboom\n|\n|upkeep\n|\n|t:|1783815437\n|switch|p2a: Landorus|Landorus-Therian, M|88/100\n|-damage|p2a: Landorus|76/100|[from] Stealth Rock\n|-ability|p2a: Landorus|Intimidate|boost\n|-unboost|p1a: Thundurus|atk|1\n|turn|20\n|\n|t:|1783815446\n|move|p1a: Thundurus|Dark Pulse|p2a: Landorus\n|-damage|p2a: Landorus|10/100\n|move|p2a: Landorus|U-turn|p1a: Thundurus\n|-resisted|p1a: Thundurus\n|-damage|p1a: Thundurus|94/100\n|\n|t:|1783815452\n|switch|p2a: Serperior|Serperior, M|100/100|[from] U-turn\n|-damage|p2a: Serperior|88/100|[from] Stealth Rock\n|-damage|p2a: Serperior|63/100|[from] Spikes\n|\n|upkeep\n|turn|21\n|\n|t:|1783815458\n|move|p2a: Serperior|Sunny Day|p2a: Serperior\n|-weather|SunnyDay\n|move|p1a: Thundurus|Dark Pulse|p2a: Serperior\n|-damage|p2a: Serperior|0 fnt\n|faint|p2a: Serperior\n|\n|-weather|SunnyDay|[upkeep]\n|-sideend|p1: esta man oe|move: Light Screen\n|upkeep\n|\n|t:|1783815466\n|switch|p2a: Venusaur|Venusaur, F|100/100\n|-damage|p2a: Venusaur|88/100|[from] Stealth Rock\n|-damage|p2a: Venusaur|63/100|[from] Spikes\n|turn|22\n|\n|t:|1783815475\n|-terastallize|p2a: Venusaur|Fire\n|move|p2a: Venusaur|Weather Ball|p1a: Thundurus\n|-damage|p1a: Thundurus|0 fnt\n|faint|p1a: Thundurus\n|-damage|p2a: Venusaur|53/100|[from] item: Life Orb\n|\n|-weather|SunnyDay|[upkeep]\n|-sideend|p1: esta man oe|Reflect\n|upkeep\n|\n|t:|1783815485\n|switch|p1a: Grimmsnarl|Grimmsnarl, M|34/100\n|-damage|p1a: Grimmsnarl|22/100|[from] Stealth Rock\n|turn|23\n|\n|t:|1783815498\n|move|p1a: Grimmsnarl|Light Screen|p1a: Grimmsnarl\n|-sidestart|p1: esta man oe|move: Light Screen\n|move|p2a: Venusaur|Sludge Bomb|p1a: Grimmsnarl\n|-supereffective|p1a: Grimmsnarl\n|-damage|p1a: Grimmsnarl|0 fnt\n|faint|p1a: Grimmsnarl\n|-damage|p2a: Venusaur|44/100|[from] item: Life Orb\n|\n|-weather|SunnyDay|[upkeep]\n|upkeep\n|\n|t:|1783815504\n|switch|p1a: Goodra|Goodra-Hisui, F|100/100\n|-damage|p1a: Goodra|94/100|[from] Stealth Rock\n|turn|24\n|\n|t:|1783815509\n|move|p2a: Venusaur|Weather Ball|p1a: Goodra\n|-damage|p1a: Goodra|74/100\n|-damage|p2a: Venusaur|34/100|[from] item: Life Orb\n|move|p1a: Goodra|Earthquake|p2a: Venusaur\n|-supereffective|p2a: Venusaur\n|-damage|p2a: Venusaur|0 fnt\n|faint|p2a: Venusaur\n|\n|-weather|SunnyDay|[upkeep]\n|upkeep\n|\n|t:|1783815521\n|switch|p2a: Landorus|Landorus-Therian, M|10/100\n|-damage|p2a: Landorus|0 fnt|[from] Stealth Rock\n|faint|p2a: Landorus\n|\n|t:|1783815524\n|switch|p2a: Walking Wake|Walking Wake|63/100\n|-damage|p2a: Walking Wake|51/100|[from] Stealth Rock\n|-damage|p2a: Walking Wake|26/100|[from] Spikes\n|-activate|p2a: Walking Wake|ability: Protosynthesis\n|-start|p2a: Walking Wake|protosynthesisspa\n|turn|25\n|\n|t:|1783815534\n|move|p2a: Walking Wake|Flamethrower|p1a: Goodra\n|-damage|p1a: Goodra|60/100\n|move|p1a: Goodra|Dragon Pulse|p2a: Walking Wake\n|-supereffective|p2a: Walking Wake\n|-damage|p2a: Walking Wake|0 fnt\n|faint|p2a: Walking Wake\n|-end|p2a: Walking Wake|Protosynthesis|[silent]\n|\n|win|esta man oe\n|raw|esta man oe's rating: 1346 &rarr; <strong>1369</strong><br />(+23 for winning)\n|raw|kva972's rating: 1395 &rarr; <strong>1372</strong><br />(-23 for losing)\n", "uploadtime": 1783815535, "views": 5, "formatid": "gen9ou", "rating": 1369, "private": 0, "password": null}