{"id": "gen9ou-2647684338", "format": "[Gen 9] OU", "players": ["RoseTvT", "wannengqingnian"], "log": "|j|☆RoseTvT\n|j|☆wannengqingnian\n|t:|1783795914\n|gametype|singles\n|player|p1|RoseTvT|winona|1466\n|player|p2|wannengqingnian|2|1465\n|gen|9\n|tier|[Gen 9] OU\n|rated|\n|rule|HP Percentage Mod: HP is shown in percentages\n|rule|Endless Battle Clause: Forcing endless battles is banned\n|rule|Species Clause: Limit one of each Pokémon\n|rule|OHKO Clause: OHKO moves are banned\n|rule|Evasion Items Clause: Evasion items are banned\n|rule|Evasion Moves Clause: Evasion moves are banned\n|rule|Evasion Abilities Clause: Evasion abilities are banned\n|rule|Sleep Moves Clause: Sleep-inducing moves are banned\n|clearpoke\n|poke|p1|Glimmora, F|\n|poke|p1|Greninja-*, M|\n|poke|p1|Serperior, M|\n|poke|p1|Iron Moth|\n|poke|p1|Ceruledge, F|\n|poke|p1|Dragonite, M|\n|poke|p2|Armarouge, F|\n|poke|p2|Iron Crown|\n|poke|p2|Indeedee, M|\n|poke|p2|Espeon, F|\n|poke|p2|Hawlucha, F|\n|poke|p2|Azumarill, M|\n|teampreview\n|\n|t:|1783795923\n|teamsize|p1|6\n|teamsize|p2|6\n|start\n|switch|p1a: Glimmora|Glimmora, F|100/100\n|switch|p2a: Indeedee|Indeedee, M|100/100\n|-fieldstart|move: Psychic Terrain|[from] ability: Psychic Surge|[of] p2a: Indeedee\n|turn|1\n|inactive|Battle timer is ON: inactive players will automatically lose when time's up. (requested by RoseTvT)\n|\n|t:|1783795931\n|switch|p2a: Espeon|Espeon, F|100/100\n|move|p1a: Glimmora|Mortal Spin|p2a: Espeon\n|-damage|p2a: Espeon|89/100\n|-status|p2a: Espeon|psn\n|\n|-damage|p2a: Espeon|77/100 psn|[from] psn\n|upkeep\n|turn|2\n|\n|t:|1783795941\n|move|p2a: Espeon|Alluring Voice|p1a: Glimmora\n|-resisted|p1a: Glimmora\n|-damage|p1a: Glimmora|82/100\n|move|p1a: Glimmora|Sludge Bomb|p2a: Espeon\n|-damage|p2a: Espeon|16/100 psn\n|\n|-damage|p2a: Espeon|4/100 psn|[from] psn\n|upkeep\n|turn|3\n|\n|t:|1783795951\n|move|p2a: Espeon|Expanding Force|p1a: Glimmora\n|-supereffective|p1a: Glimmora\n|-crit|p1a: Glimmora\n|-damage|p1a: Glimmora|0 fnt\n|faint|p1a: Glimmora\n|\n|-damage|p2a: Espeon|0 fnt|[from] psn\n|faint|p2a: Espeon\n|upkeep\n|\n|t:|1783795968\n|switch|p2a: Armarouge|Armarouge, F|100/100\n|switch|p1a: Ceruledge|Ceruledge, F|100/100\n|turn|4\n|\n|t:|1783795987\n|move|p2a: Armarouge|Endure|p2a: Armarouge\n|-singleturn|p2a: Armarouge|move: Endure\n|move|p1a: Ceruledge|Bitter Blade|p2a: Armarouge\n|-resisted|p2a: Armarouge\n|-damage|p2a: Armarouge|76/100\n|-ability|p2a: Armarouge|Weak Armor|boost\n|-unboost|p2a: Armarouge|def|1\n|-boost|p2a: Armarouge|spe|2\n|\n|upkeep\n|turn|5\n|\n|t:|1783795997\n|move|p2a: Armarouge|Expanding Force|p1a: Ceruledge\n|-damage|p1a: Ceruledge|4/100\n|move|p1a: Ceruledge|Poltergeist|p2a: Armarouge\n|-activate|p2a: Armarouge|move: Poltergeist|Weakness Policy\n|-supereffective|p2a: Armarouge\n|-damage|p2a: Armarouge|0 fnt\n|faint|p2a: Armarouge\n|\n|upkeep\n|\n|t:|1783796009\n|switch|p2a: Iron Crown|Iron Crown|100/100\n|-enditem|p2a: Iron Crown|Booster Energy\n|-activate|p2a: Iron Crown|ability: Quark Drive|[fromitem]\n|-start|p2a: Iron Crown|quarkdrivespe\n|turn|6\n|\n|t:|1783796017\n|move|p2a: Iron Crown|Tachyon Cutter|p1a: Ceruledge\n|-resisted|p1a: Ceruledge\n|-damage|p1a: Ceruledge|0 fnt\n|faint|p1a: Ceruledge\n|-hitcount|p1: Ceruledge|1\n|\n|upkeep\n|\n|t:|1783796028\n|switch|p1a: Iron Moth|Iron Moth|100/100\n|-enditem|p1a: Iron Moth|Booster Energy\n|-activate|p1a: Iron Moth|ability: Quark Drive|[fromitem]\n|-start|p1a: Iron Moth|quarkdrivespe\n|turn|7\n|\n|t:|1783796035\n|-terastallize|p1a: Iron Moth|Grass\n|move|p1a: Iron Moth|Fiery Dance|p2a: Iron Crown\n|-supereffective|p2a: Iron Crown\n|-damage|p2a: Iron Crown|28/100\n|move|p2a: Iron Crown|Expanding Force|p1a: Iron Moth\n|-damage|p1a: Iron Moth|26/100\n|\n|upkeep\n|turn|8\n|l|☆RoseTvT\n|inactive|RoseTvT disconnected and has a minute to reconnect!\n|player|p1|\n|\n|t:|1783796059\n|-end|p2a: Iron Crown|Quark Drive|[silent]\n|switch|p2a: Azumarill|Azumarill, M|100/100\n|move|p1a: Iron Moth|Fiery Dance|p2a: Azumarill\n|-resisted|p2a: Azumarill\n|-damage|p2a: Azumarill|80/100\n|-boost|p1a: Iron Moth|spa|1\n|\n|-fieldend|move: Psychic Terrain\n|upkeep\n|turn|9\n|inactive|RoseTvT has 30 seconds to reconnect!\n|j|☆RoseTvT\n|inactive|RoseTvT reconnected and has 120 seconds left.\n|player|p1|RoseTvT|winona|\n|\n|t:|1783796095\n|switch|p2a: Indeedee|Indeedee, M|100/100\n|-fieldstart|move: Psychic Terrain|[from] ability: Psychic Surge|[of] p2a: Indeedee\n|move|p1a: Iron Moth|Sludge Wave|p2a: Indeedee\n|-damage|p2a: Indeedee|14/100\n|\n|upkeep\n|turn|10\n|inactive|RoseTvT has 120 seconds left.\n|\n|t:|1783796104\n|move|p1a: Iron Moth|Fiery Dance|p2a: Indeedee\n|-damage|p2a: Indeedee|0 fnt\n|faint|p2a: Indeedee\n|\n|upkeep\n|\n|t:|1783796113\n|switch|p2a: Hawlucha|Hawlucha, F|100/100\n|-enditem|p2a: Hawlucha|Psychic Seed\n|-boost|p2a: Hawlucha|spd|1|[from] item: Psychic Seed\n|turn|11\n|\n|t:|1783796123\n|move|p2a: Hawlucha|Acrobatics|p1a: Iron Moth\n|-supereffective|p1a: Iron Moth\n|-damage|p1a: Iron Moth|0 fnt\n|faint|p1a: Iron Moth\n|-end|p1a: Iron Moth|Quark Drive|[silent]\n|\n|upkeep\n|\n|t:|1783796126\n|switch|p1a: Dragonite|Dragonite, M|100/100\n|turn|12\n|\n|t:|1783796131\n|move|p2a: Hawlucha|Substitute|p2a: Hawlucha\n|-start|p2a: Hawlucha|Substitute\n|-damage|p2a: Hawlucha|76/100\n|move|p1a: Dragonite|Scale Shot|p2a: Hawlucha\n|-activate|p2a: Hawlucha|move: Substitute|[damage]\n|-end|p2a: Hawlucha|Substitute\n|-hitcount|p2a: Hawlucha|2\n|-unboost|p1a: Dragonite|def|1\n|-boost|p1a: Dragonite|spe|1\n|\n|upkeep\n|turn|13\n|\n|t:|1783796143\n|move|p2a: Hawlucha|Substitute|p2a: Hawlucha\n|-start|p2a: Hawlucha|Substitute\n|-damage|p2a: Hawlucha|51/100\n|move|p1a: Dragonite|Scale Shot|p2a: Hawlucha\n|-activate|p2a: Hawlucha|move: Substitute|[damage]\n|-end|p2a: Hawlucha|Substitute\n|-damage|p2a: Hawlucha|33/100\n|-damage|p2a: Hawlucha|16/100\n|-hitcount|p2a: Hawlucha|4\n|-unboost|p1a: Dragonite|def|1\n|-boost|p1a: Dragonite|spe|1\n|\n|upkeep\n|turn|14\n|\n|t:|1783796157\n|move|p2a: Hawlucha|Acrobatics|p1a: Dragonite\n|-crit|p1a: Dragonite\n|-damage|p1a: Dragonite|22/100\n|move|p1a: Dragonite|Scale Shot|p2a: Hawlucha\n|-damage|p2a: Hawlucha|0 fnt\n|faint|p2a: Hawlucha\n|-hitcount|p2: Hawlucha|1\n|-unboost|p1a: Dragonite|def|1\n|-boost|p1a: Dragonite|spe|1\n|\n|upkeep\n|\n|t:|1783796171\n|switch|p2a: Iron Crown|Iron Crown|28/100\n|turn|15\n|\n|t:|1783796175\n|move|p1a: Dragonite|Fire Punch|p2a: Iron Crown\n|-supereffective|p2a: Iron Crown\n|-damage|p2a: Iron Crown|0 fnt\n|faint|p2a: Iron Crown\n|-end|p2a: Iron Crown|Quark Drive|[silent]\n|\n|upkeep\n|-message|wannengqingnian forfeited.\n|\n|win|RoseTvT\n|raw|RoseTvT's rating: 1466 &rarr; <strong>1486</strong><br />(+20 for winning)\n|raw|wannengqingnian's rating: 1465 &rarr; <strong>1445</strong><br />(-20 for losing)\n|l|☆wannengqingnian\n|player|p2|\n|l|☆RoseTvT\n|player|p1|\n", "uploadtime": 1783796388, "views": 14, "formatid": "gen9ou", "rating": 1445, "private": 0, "password": null}