{"id": "gen9ou-2647762745", "format": "[Gen 9] OU", "players": ["Gimmicksquad", "bengalsfan1"], "log": "|j|☆Gimmicksquad\n|j|☆bengalsfan1\n|t:|1783808256\n|gametype|singles\n|player|p1|Gimmicksquad|266|1334\n|player|p2|bengalsfan1|2|1379\n|gen|9\n|tier|[Gen 9] OU\n|rated|\n|rule|HP Percentage Mod: HP is shown in percentages\n|rule|Endless Battle Clause: Forcing endless battles is banned\n|rule|Species Clause: Limit one of each Pokémon\n|rule|OHKO Clause: OHKO moves are banned\n|rule|Evasion Items Clause: Evasion items are banned\n|rule|Evasion Moves Clause: Evasion moves are banned\n|rule|Evasion Abilities Clause: Evasion abilities are banned\n|rule|Sleep Moves Clause: Sleep-inducing moves are banned\n|clearpoke\n|poke|p1|Mew|\n|poke|p1|Deoxys-Defense|\n|poke|p1|Whimsicott, F|\n|poke|p1|Zoroark-Hisui, F|\n|poke|p1|Donphan, L6, F|\n|poke|p1|Hatterene, F|\n|poke|p2|Arcanine, M|\n|poke|p2|Sandslash, M|\n|poke|p2|Venomoth, F|\n|poke|p2|Raichu, M|\n|poke|p2|Articuno|\n|poke|p2|Dragonite, M|\n|teampreview\n|\n|t:|1783808281\n|teamsize|p1|6\n|teamsize|p2|6\n|start\n|switch|p1a: Donphan|Donphan, L6, F|100/100\n|switch|p2a: Venomoth|Venomoth, F|100/100\n|turn|1\n|inactive|Battle timer is ON: inactive players will automatically lose when time's up. (requested by Gimmicksquad)\n|\n|t:|1783808307\n|switch|p2a: Arcanine|Arcanine, M|100/100\n|-ability|p2a: Arcanine|Intimidate|boost\n|-unboost|p1a: Donphan|atk|1\n|move|p1a: Donphan|Endeavor|p2a: Arcanine\n|-damage|p2a: Arcanine|8/100\n|\n|-heal|p2a: Arcanine|14/100|[from] item: Leftovers\n|upkeep\n|turn|2\n|\n|t:|1783808319\n|switch|p1a: Mew|Mew|100/100\n|move|p2a: Arcanine|Will-O-Wisp|p1a: Mew\n|-status|p1a: Mew|brn\n|-activate|p1a: Mew|ability: Synchronize\n|-immune|p2a: Arcanine\n|\n|-heal|p2a: Arcanine|20/100|[from] item: Leftovers\n|-damage|p1a: Mew|94/100 brn|[from] brn\n|upkeep\n|turn|3\n|\n|t:|1783808331\n|move|p1a: Mew|Whirlpool|p2a: Arcanine\n|-supereffective|p2a: Arcanine\n|-damage|p2a: Arcanine|4/100\n|-activate|p2a: Arcanine|move: Whirlpool|[of] p1a: Mew\n|move|p2a: Arcanine|Morning Sun|p2a: Arcanine\n|-heal|p2a: Arcanine|54/100\n|\n|-heal|p1a: Mew|100/100 brn|[from] item: Leftovers\n|-heal|p2a: Arcanine|60/100|[from] item: Leftovers\n|-damage|p1a: Mew|94/100 brn|[from] brn\n|-damage|p2a: Arcanine|47/100|[from] move: Whirlpool|[partiallytrapped]\n|upkeep\n|turn|4\n|\n|t:|1783808346\n|move|p1a: Mew|Imprison|p1a: Mew\n|-start|p1a: Mew|move: Imprison\n|move|p2a: Arcanine|Morning Sun|p2a: Arcanine\n|-heal|p2a: Arcanine|97/100\n|\n|-heal|p1a: Mew|100/100 brn|[from] item: Leftovers\n|-heal|p2a: Arcanine|100/100|[from] item: Leftovers\n|-damage|p1a: Mew|94/100 brn|[from] brn\n|-damage|p2a: Arcanine|88/100|[from] move: Whirlpool|[partiallytrapped]\n|upkeep\n|turn|5\n|\n|t:|1783808359\n|move|p2a: Arcanine|Extreme Speed|p1a: Mew\n|-damage|p1a: Mew|84/100 brn\n|move|p1a: Mew|Transform|p2a: Arcanine\n|-transform|p1a: Mew|p2a: Arcanine\n|-ability|p1a: Mew|Intimidate|boost\n|-unboost|p2a: Arcanine|atk|1\n|\n|-heal|p1a: Mew|90/100 brn|[from] item: Leftovers\n|-heal|p2a: Arcanine|94/100|[from] item: Leftovers\n|-damage|p1a: Mew|84/100 brn|[from] brn\n|-damage|p2a: Arcanine|82/100|[from] move: Whirlpool|[partiallytrapped]\n|upkeep\n|turn|6\n|\n|t:|1783808374\n|move|p1a: Mew|Flamethrower|p2a: Arcanine\n|-resisted|p2a: Arcanine\n|-crit|p2a: Arcanine\n|-damage|p2a: Arcanine|55/100\n|-activate|p2a: Arcanine|move: Struggle\n|move|p2a: Arcanine|Struggle|p1a: Mew\n|-damage|p1a: Mew|78/100 brn\n|-damage|p2a: Arcanine|30/100|[from] recoil\n|\n|-heal|p1a: Mew|85/100 brn|[from] item: Leftovers\n|-heal|p2a: Arcanine|36/100|[from] item: Leftovers\n|-damage|p1a: Mew|78/100 brn|[from] brn\n|-damage|p2a: Arcanine|24/100|[from] move: Whirlpool|[partiallytrapped]\n|upkeep\n|turn|7\n|\n|t:|1783808397\n|move|p1a: Mew|Morning Sun|p1a: Mew\n|-heal|p1a: Mew|100/100 brn\n|-activate|p2a: Arcanine|move: Struggle\n|move|p2a: Arcanine|Struggle|p1a: Mew\n|-damage|p1a: Mew|95/100 brn\n|-damage|p2a: Arcanine|0 fnt|[from] recoil\n|faint|p2a: Arcanine\n|\n|-heal|p1a: Mew|100/100 brn|[from] item: Leftovers\n|-damage|p1a: Mew|94/100 brn|[from] brn\n|upkeep\n|inactive|bengalsfan1 has 120 seconds left.\n|\n|t:|1783808414\n|switch|p2a: Venomoth|Venomoth, F|100/100\n|turn|8\n|\n|t:|1783808435\n|switch|p1a: Whimsicott|Whimsicott, F|100/100\n|move|p2a: Venomoth|Quiver Dance|p2a: Venomoth\n|-boost|p2a: Venomoth|spa|1\n|-boost|p2a: Venomoth|spd|1\n|-boost|p2a: Venomoth|spe|1\n|\n|upkeep\n|turn|9\n|\n|t:|1783808443\n|move|p2a: Venomoth|Sludge Bomb|p1a: Whimsicott\n|-supereffective|p1a: Whimsicott\n|-enditem|p1a: Whimsicott|Focus Sash\n|-damage|p1a: Whimsicott|1/100\n|move|p1a: Whimsicott|Stun Spore|p2a: Venomoth|[miss]\n|-miss|p1a: Whimsicott|p2a: Venomoth\n|\n|upkeep\n|turn|10\n|\n|t:|1783808452\n|move|p2a: Venomoth|Sludge Bomb|p1a: Whimsicott\n|-supereffective|p1a: Whimsicott\n|-damage|p1a: Whimsicott|0 fnt\n|faint|p1a: Whimsicott\n|\n|upkeep\n|\n|t:|1783808463\n|switch|p1a: Hatterene|Hatterene, F|100/100\n|turn|11\n|\n|t:|1783808468\n|-terastallize|p2a: Venomoth|Grass\n|move|p1a: Hatterene|Trick|p2a: Venomoth\n|-activate|p1a: Hatterene|move: Trick|[of] p2a: Venomoth\n|-item|p2a: Venomoth|Choice Scarf|[from] move: Trick\n|-item|p1a: Hatterene|Heavy-Duty Boots|[from] move: Trick\n|move|p2a: Venomoth|Sludge Bomb|p1a: Hatterene\n|-resisted|p1a: Hatterene\n|-damage|p1a: Hatterene|0 fnt\n|replace|p1a: Zoroark|Zoroark-Hisui, F\n|-end|p1a: Zoroark|Illusion\n|faint|p1a: Zoroark\n|\n|upkeep\n|\n|t:|1783808479\n|switch|p1a: Donphan|Donphan, L6, F|100/100\n|turn|12\n|\n|t:|1783808482\n|move|p2a: Venomoth|Sludge Bomb|p1a: Donphan\n|-resisted|p1a: Donphan\n|-ability|p1a: Donphan|Sturdy\n|-damage|p1a: Donphan|4/100\n|-status|p1a: Donphan|psn\n|move|p1a: Donphan|Endeavor|p2a: Venomoth\n|-damage|p2a: Venomoth|1/100\n|-heal|p1a: Donphan|100/100 psn|[from] item: Shell Bell|[of] p2a: Venomoth\n|\n|-damage|p1a: Donphan|90/100 psn|[from] psn\n|upkeep\n|turn|13\n|\n|t:|1783808498\n|move|p2a: Venomoth|Sludge Bomb|p1a: Donphan\n|-resisted|p1a: Donphan\n|-damage|p1a: Donphan|0 fnt\n|faint|p1a: Donphan\n|\n|upkeep\n|\n|t:|1783808514\n|switch|p1a: Mew|Mew|94/100 brn\n|turn|14\n|\n|t:|1783808518\n|move|p2a: Venomoth|Sludge Bomb|p1a: Mew\n|-damage|p1a: Mew|47/100 brn\n|move|p1a: Mew|Transform|p2a: Venomoth\n|-transform|p1a: Mew|p2a: Venomoth\n|\n|-heal|p1a: Mew|53/100 brn|[from] item: Leftovers\n|-damage|p1a: Mew|47/100 brn|[from] brn\n|upkeep\n|-start|p1a: Mew|typechange|Bug/Poison|[silent]\n|turn|15\n|\n|t:|1783808528\n|move|p2a: Venomoth|Sludge Bomb|p1a: Mew\n|-resisted|p1a: Mew\n|-damage|p1a: Mew|9/100 brn\n|move|p1a: Mew|Quiver Dance|p1a: Mew\n|-boost|p1a: Mew|spa|1\n|-boost|p1a: Mew|spd|1\n|-boost|p1a: Mew|spe|1\n|\n|-heal|p1a: Mew|16/100 brn|[from] item: Leftovers\n|-damage|p1a: Mew|9/100 brn|[from] brn\n|upkeep\n|turn|16\n|inactive|Gimmicksquad has 120 seconds left.\n|\n|t:|1783808574\n|switch|p2a: Articuno|Articuno|100/100\n|-ability|p2a: Articuno|Pressure\n|move|p1a: Mew|Quiver Dance|p1a: Mew\n|-boost|p1a: Mew|spa|1\n|-boost|p1a: Mew|spd|1\n|-boost|p1a: Mew|spe|1\n|\n|-heal|p1a: Mew|16/100 brn|[from] item: Leftovers\n|-damage|p1a: Mew|9/100 brn|[from] brn\n|upkeep\n|turn|17\n|\n|t:|1783808587\n|move|p2a: Articuno|Ice Shard|p1a: Mew\n|-damage|p1a: Mew|0 fnt\n|faint|p1a: Mew\n|\n|upkeep\n|\n|t:|1783808591\n|switch|p1a: Hatterene|Hatterene, F|100/100\n|turn|18\n|inactive|Gimmicksquad has 120 seconds left.\n|\n|t:|1783808597\n|move|p2a: Articuno|U-turn|p1a: Hatterene\n|-damage|p1a: Hatterene|83/100\n|\n|t:|1783808599\n|switch|p2a: Venomoth|Venomoth, F, tera:Grass|1/100|[from] U-turn\n|move|p1a: Hatterene|Nuzzle|p2a: Venomoth\n|-resisted|p2a: Venomoth\n|-damage|p2a: Venomoth|0 fnt\n|faint|p2a: Venomoth\n|\n|upkeep\n|\n|t:|1783808615\n|switch|p2a: Articuno|Articuno|100/100\n|-ability|p2a: Articuno|Pressure\n|turn|19\n|\n|t:|1783808621\n|move|p2a: Articuno|U-turn|p1a: Hatterene\n|-damage|p1a: Hatterene|65/100\n|\n|t:|1783808623\n|switch|p2a: Raichu|Raichu, M|100/100|[from] U-turn\n|move|p1a: Hatterene|Mystical Fire|p2a: Raichu\n|-damage|p2a: Raichu|57/100\n|-unboost|p2a: Raichu|spa|1\n|\n|upkeep\n|turn|20\n|\n|t:|1783808632\n|move|p2a: Raichu|Volt Switch|p1a: Hatterene\n|-damage|p1a: Hatterene|33/100\n|\n|t:|1783808637\n|switch|p2a: Articuno|Articuno|100/100|[from] Volt Switch\n|-ability|p2a: Articuno|Pressure\n|move|p1a: Hatterene|Mystical Fire|p2a: Articuno\n|-supereffective|p2a: Articuno\n|-damage|p2a: Articuno|67/100\n|-unboost|p2a: Articuno|spa|1\n|\n|upkeep\n|turn|21\n|\n|t:|1783808650\n|move|p2a: Articuno|U-turn|p1a: Hatterene\n|-damage|p1a: Hatterene|14/100\n|\n|t:|1783808655\n|switch|p2a: Dragonite|Dragonite, M|100/100|[from] U-turn\n|move|p1a: Hatterene|Nuzzle|p2a: Dragonite\n|-damage|p2a: Dragonite|98/100\n|-status|p2a: Dragonite|par\n|\n|upkeep\n|turn|22\n|\n|t:|1783808665\n|move|p2a: Dragonite|Extreme Speed|p1a: Hatterene\n|-damage|p1a: Hatterene|0 fnt\n|faint|p1a: Hatterene\n|\n|upkeep\n|\n|t:|1783808667\n|switch|p1a: Deoxys|Deoxys-Defense, shiny|100/100\n|-ability|p1a: Deoxys|Pressure\n|turn|23\n|\n|t:|1783808674\n|switch|p2a: Raichu|Raichu, M|57/100\n|move|p1a: Deoxys|Cosmic Power|p1a: Deoxys\n|-boost|p1a: Deoxys|def|1\n|-boost|p1a: Deoxys|spd|1\n|\n|upkeep\n|turn|24\n|\n|t:|1783808681\n|move|p2a: Raichu|Alluring Voice|p1a: Deoxys\n|-damage|p1a: Deoxys|84/100\n|move|p1a: Deoxys|Cosmic Power|p1a: Deoxys\n|-boost|p1a: Deoxys|def|1\n|-boost|p1a: Deoxys|spd|1\n|\n|-heal|p1a: Deoxys|91/100|[from] item: Leftovers\n|upkeep\n|turn|25\n|\n|t:|1783808690\n|switch|p2a: Sandslash|Sandslash, M|100/100\n|move|p1a: Deoxys|Cosmic Power|p1a: Deoxys\n|-boost|p1a: Deoxys|def|1\n|-boost|p1a: Deoxys|spd|1\n|\n|-heal|p1a: Deoxys|97/100|[from] item: Leftovers\n|upkeep\n|turn|26\n|-message|bengalsfan1 forfeited.\n|\n|win|Gimmicksquad\n|raw|Gimmicksquad's rating: 1334 &rarr; <strong>1357</strong><br />(+23 for winning)\n|raw|bengalsfan1's rating: 1379 &rarr; <strong>1356</strong><br />(-23 for losing)\n|l|☆bengalsfan1\n|player|p2|\n|l|☆Gimmicksquad\n|player|p1|\n", "uploadtime": 1783809051, "views": 3, "formatid": "gen9ou", "rating": 1356, "private": 0, "password": null}