{"id": "gen9ou-2647756799", "format": "[Gen 9] OU", "players": ["cozyprincemshroom", "vanillite153"], "log": "|j|☆cozyprincemshroom\n|j|☆vanillite153\n|t:|1783807300\n|gametype|singles\n|player|p1|cozyprincemshroom|waiter|1148\n|player|p2|vanillite153|2|1147\n|gen|9\n|tier|[Gen 9] OU\n|rated|\n|rule|HP Percentage Mod: HP is shown in percentages\n|rule|Endless Battle Clause: Forcing endless battles is banned\n|rule|Species Clause: Limit one of each Pokémon\n|rule|OHKO Clause: OHKO moves are banned\n|rule|Evasion Items Clause: Evasion items are banned\n|rule|Evasion Moves Clause: Evasion moves are banned\n|rule|Evasion Abilities Clause: Evasion abilities are banned\n|rule|Sleep Moves Clause: Sleep-inducing moves are banned\n|clearpoke\n|poke|p1|Meganium, M|\n|poke|p1|Pawmot, F|\n|poke|p1|Munkidori, M|\n|poke|p1|Inteleon, F|\n|poke|p1|Torkoal, F|\n|poke|p1|Lycanroc-Dusk, F|\n|poke|p2|Cinderace, F|\n|poke|p2|Meowscarada, M|\n|poke|p2|Pecharunt|\n|poke|p2|Primarina, F|\n|poke|p2|Gliscor, M|\n|poke|p2|Raging Bolt|\n|teampreview\n|inactive|Battle timer is ON: inactive players will automatically lose when time's up. (requested by cozyprincemshroom)\n|\n|t:|1783807308\n|teamsize|p1|6\n|teamsize|p2|6\n|start\n|switch|p1a: Torkoal|Torkoal, F|100/100\n|switch|p2a: Gliscor|Gliscor, M|100/100\n|-weather|SunnyDay|[from] ability: Drought|[of] p1a: Torkoal\n|turn|1\n|\n|t:|1783807316\n|move|p2a: Gliscor|Taunt|p1a: Torkoal\n|-start|p1a: Torkoal|move: Taunt\n|cant|p1a: Torkoal|move: Taunt|Will-O-Wisp\n|\n|-weather|SunnyDay|[upkeep]\n|-status|p2a: Gliscor|tox|[from] item: Toxic Orb\n|upkeep\n|turn|2\n|\n|t:|1783807327\n|switch|p1a: Meganium|Meganium, M|100/100\n|move|p2a: Gliscor|Earthquake|p1a: Meganium\n|-resisted|p1a: Meganium\n|-damage|p1a: Meganium|86/100\n|\n|-weather|SunnyDay|[upkeep]\n|-heal|p1a: Meganium|92/100|[from] item: Leftovers\n|upkeep\n|turn|3\n|\n|t:|1783807337\n|move|p2a: Gliscor|Stealth Rock|p1a: Meganium\n|-sidestart|p1: cozyprincemshroom|move: Stealth Rock\n|move|p1a: Meganium|Light Screen|p1a: Meganium\n|-sidestart|p1: cozyprincemshroom|move: Light Screen\n|\n|-weather|SunnyDay|[upkeep]\n|-heal|p1a: Meganium|98/100|[from] item: Leftovers\n|upkeep\n|turn|4\n|\n|t:|1783807345\n|move|p2a: Gliscor|U-turn|p1a: Meganium\n|-supereffective|p1a: Meganium\n|-damage|p1a: Meganium|69/100\n|\n|t:|1783807355\n|switch|p2a: Pecharunt|Pecharunt|100/100|[from] U-turn\n|move|p1a: Meganium|Bullet Seed|p2a: Pecharunt\n|-resisted|p2a: Pecharunt\n|-damage|p2a: Pecharunt|98/100\n|-resisted|p2a: Pecharunt\n|-damage|p2a: Pecharunt|96/100\n|-resisted|p2a: Pecharunt\n|-damage|p2a: Pecharunt|94/100\n|-hitcount|p2a: Pecharunt|3\n|\n|-weather|SunnyDay|[upkeep]\n|-heal|p1a: Meganium|75/100|[from] item: Leftovers\n|upkeep\n|turn|5\n|\n|t:|1783807369\n|switch|p1a: Munkidori|Munkidori, M|100/100\n|-damage|p1a: Munkidori|88/100|[from] Stealth Rock\n|move|p2a: Pecharunt|Malignant Chain|p1a: Munkidori\n|-resisted|p1a: Munkidori\n|-damage|p1a: Munkidori|79/100\n|\n|-weather|none\n|upkeep\n|turn|6\n|\n|t:|1783807379\n|move|p1a: Munkidori|Trick|p2a: Pecharunt\n|-activate|p1a: Munkidori|move: Trick|[of] p2a: Pecharunt\n|-item|p2a: Pecharunt|Choice Scarf|[from] move: Trick\n|-item|p1a: Munkidori|Heavy-Duty Boots|[from] move: Trick\n|move|p2a: Pecharunt|Shadow Ball|p1a: Munkidori\n|-supereffective|p1a: Munkidori\n|-damage|p1a: Munkidori|52/100\n|\n|upkeep\n|turn|7\n|\n|t:|1783807388\n|move|p1a: Munkidori|Psychic|p2a: Pecharunt\n|-supereffective|p2a: Pecharunt\n|-damage|p2a: Pecharunt|22/100\n|move|p2a: Pecharunt|Shadow Ball|p1a: Munkidori\n|-supereffective|p1a: Munkidori\n|-damage|p1a: Munkidori|22/100\n|\n|-sideend|p1: cozyprincemshroom|move: Light Screen\n|upkeep\n|turn|8\n|\n|t:|1783807406\n|switch|p2a: Cinderace|Cinderace, F|100/100\n|move|p1a: Munkidori|Sludge Bomb|p2a: Cinderace\n|-damage|p2a: Cinderace|39/100\n|-status|p2a: Cinderace|tox|[from] ability: Toxic Chain|[of] p1a: Munkidori\n|\n|-damage|p2a: Cinderace|33/100 tox|[from] psn\n|upkeep\n|turn|9\n|\n|t:|1783807418\n|switch|p1a: Torkoal|Torkoal, F|100/100\n|-weather|SunnyDay|[from] ability: Drought|[of] p1a: Torkoal\n|move|p2a: Cinderace|U-turn|p1a: Torkoal\n|-start|p2a: Cinderace|typechange|Bug|[from] ability: Libero\n|-resisted|p1a: Torkoal\n|-damage|p1a: Torkoal|88/100\n|\n|t:|1783807426\n|switch|p2a: Gliscor|Gliscor, M|100/100 tox|[from] U-turn\n|\n|-weather|SunnyDay|[upkeep]\n|upkeep\n|turn|10\n|\n|t:|1783807435\n|move|p2a: Gliscor|Taunt|p1a: Torkoal\n|-start|p1a: Torkoal|move: Taunt\n|move|p1a: Torkoal|Rapid Spin|p2a: Gliscor\n|-damage|p2a: Gliscor|93/100 tox\n|-boost|p1a: Torkoal|spe|1\n|-sideend|p1: cozyprincemshroom|Stealth Rock|[from] move: Rapid Spin|[of] p1a: Torkoal\n|\n|-weather|SunnyDay|[upkeep]\n|-heal|p2a: Gliscor|100/100 tox|[from] ability: Poison Heal\n|upkeep\n|turn|11\n|\n|t:|1783807447\n|move|p2a: Gliscor|Earthquake|p1a: Torkoal\n|-supereffective|p1a: Torkoal\n|-crit|p1a: Torkoal\n|-damage|p1a: Torkoal|7/100\n|move|p1a: Torkoal|Solar Beam||[still]\n|-prepare|p1a: Torkoal|Solar Beam\n|-anim|p1a: Torkoal|Solar Beam|p2a: Gliscor\n|-damage|p2a: Gliscor|81/100 tox\n|\n|-weather|SunnyDay|[upkeep]\n|-heal|p2a: Gliscor|94/100 tox|[from] ability: Poison Heal\n|upkeep\n|turn|12\n|\n|t:|1783807458\n|move|p2a: Gliscor|Earthquake|p1a: Torkoal\n|-supereffective|p1a: Torkoal\n|-damage|p1a: Torkoal|0 fnt\n|faint|p1a: Torkoal\n|\n|-weather|SunnyDay|[upkeep]\n|-heal|p2a: Gliscor|100/100 tox|[from] ability: Poison Heal\n|upkeep\n|\n|t:|1783807466\n|switch|p1a: Inteleon|Inteleon, F|100/100\n|turn|13\n|\n|t:|1783807472\n|move|p1a: Inteleon|Ice Beam|p2a: Gliscor\n|-supereffective|p2a: Gliscor\n|-damage|p2a: Gliscor|0 fnt\n|faint|p2a: Gliscor\n|\n|-weather|none\n|upkeep\n|\n|t:|1783807479\n|switch|p2a: Meowscarada|Meowscarada, M|100/100\n|turn|14\n|\n|t:|1783807484\n|switch|p1a: Munkidori|Munkidori, M|22/100\n|move|p2a: Meowscarada|U-turn|p1a: Munkidori\n|-start|p2a: Meowscarada|typechange|Bug|[from] ability: Protean\n|-damage|p1a: Munkidori|0 fnt\n|faint|p1a: Munkidori\n|\n|t:|1783807492\n|switch|p2a: Primarina|Primarina, F|100/100|[from] U-turn\n|\n|upkeep\n|\n|t:|1783807497\n|switch|p1a: Meganium|Meganium, M|75/100\n|turn|15\n|\n|t:|1783807514\n|switch|p2a: Raging Bolt|Raging Bolt|100/100\n|move|p1a: Meganium|Light Screen|p1a: Meganium\n|-sidestart|p1: cozyprincemshroom|move: Light Screen\n|\n|-heal|p1a: Meganium|81/100|[from] item: Leftovers\n|upkeep\n|turn|16\n|\n|t:|1783807528\n|switch|p1a: Lycanroc|Lycanroc-Dusk, F|100/100\n|move|p2a: Raging Bolt|Volt Switch|p1a: Lycanroc\n|-crit|p1a: Lycanroc\n|-damage|p1a: Lycanroc|0 fnt\n|faint|p1a: Lycanroc\n|\n|t:|1783807537\n|-end|p2a: Raging Bolt|Protosynthesis|[silent]\n|switch|p2a: Meowscarada|Meowscarada, M|100/100|[from] Volt Switch\n|\n|upkeep\n|\n|t:|1783807541\n|switch|p1a: Pawmot|Pawmot, F|100/100\n|turn|17\n|\n|t:|1783807548\n|move|p2a: Meowscarada|U-turn|p1a: Pawmot\n|-start|p2a: Meowscarada|typechange|Bug|[from] ability: Protean\n|-resisted|p1a: Pawmot\n|-damage|p1a: Pawmot|60/100\n|\n|t:|1783807557\n|switch|p2a: Raging Bolt|Raging Bolt|100/100|[from] U-turn\n|move|p1a: Pawmot|Nuzzle|p2a: Raging Bolt\n|-resisted|p2a: Raging Bolt\n|-damage|p2a: Raging Bolt|99/100\n|\n|-heal|p2a: Raging Bolt|100/100|[from] item: Leftovers\n|upkeep\n|turn|18\n|\n|t:|1783807568\n|move|p1a: Pawmot|Ice Punch|p2a: Raging Bolt\n|-supereffective|p2a: Raging Bolt\n|-damage|p2a: Raging Bolt|46/100\n|move|p2a: Raging Bolt|Draco Meteor|p1a: Pawmot\n|-damage|p1a: Pawmot|0 fnt\n|-unboost|p2a: Raging Bolt|spa|2\n|faint|p1a: Pawmot\n|\n|-heal|p2a: Raging Bolt|52/100|[from] item: Leftovers\n|upkeep\n|\n|t:|1783807579\n|switch|p1a: Inteleon|Inteleon, F|100/100\n|turn|19\n|\n|t:|1783807583\n|move|p1a: Inteleon|Ice Beam|p2a: Raging Bolt\n|-supereffective|p2a: Raging Bolt\n|-damage|p2a: Raging Bolt|0 fnt\n|faint|p2a: Raging Bolt\n|-end|p2a: Raging Bolt|Protosynthesis|[silent]\n|\n|-sideend|p1: cozyprincemshroom|move: Light Screen\n|upkeep\n|\n|t:|1783807592\n|switch|p2a: Meowscarada|Meowscarada, M|100/100\n|turn|20\n|\n|t:|1783807598\n|move|p1a: Inteleon|Vacuum Wave|p2a: Meowscarada\n|-supereffective|p2a: Meowscarada\n|-damage|p2a: Meowscarada|56/100\n|move|p2a: Meowscarada|Flower Trick|p1a: Inteleon\n|-start|p2a: Meowscarada|typechange|Grass|[from] ability: Protean\n|-supereffective|p1a: Inteleon\n|-crit|p1a: Inteleon\n|-damage|p1a: Inteleon|0 fnt\n|faint|p1a: Inteleon\n|\n|upkeep\n|\n|t:|1783807608\n|switch|p1a: Meganium|Meganium, M|81/100\n|turn|21\n|\n|t:|1783807613\n|move|p2a: Meowscarada|Flower Trick|p1a: Meganium\n|-resisted|p1a: Meganium\n|-crit|p1a: Meganium\n|-damage|p1a: Meganium|49/100\n|move|p1a: Meganium|Synthesis|p1a: Meganium\n|-heal|p1a: Meganium|99/100\n|\n|-heal|p1a: Meganium|100/100|[from] item: Leftovers\n|upkeep\n|turn|22\n|\n|t:|1783807623\n|move|p2a: Meowscarada|Flower Trick|p1a: Meganium\n|-resisted|p1a: Meganium\n|-crit|p1a: Meganium\n|-damage|p1a: Meganium|65/100\n|move|p1a: Meganium|Bullet Seed|p2a: Meowscarada\n|-resisted|p2a: Meowscarada\n|-damage|p2a: Meowscarada|49/100\n|-resisted|p2a: Meowscarada\n|-damage|p2a: Meowscarada|44/100\n|-resisted|p2a: Meowscarada\n|-damage|p2a: Meowscarada|38/100\n|-resisted|p2a: Meowscarada\n|-damage|p2a: Meowscarada|32/100\n|-hitcount|p2a: Meowscarada|4\n|\n|-heal|p1a: Meganium|71/100|[from] item: Leftovers\n|upkeep\n|turn|23\n|\n|t:|1783807637\n|move|p2a: Meowscarada|Flower Trick|p1a: Meganium\n|-resisted|p1a: Meganium\n|-crit|p1a: Meganium\n|-damage|p1a: Meganium|36/100\n|move|p1a: Meganium|Bullet Seed|p2a: Meowscarada\n|-resisted|p2a: Meowscarada\n|-damage|p2a: Meowscarada|26/100\n|-resisted|p2a: Meowscarada\n|-damage|p2a: Meowscarada|20/100\n|-hitcount|p2a: Meowscarada|2\n|\n|-heal|p1a: Meganium|42/100|[from] item: Leftovers\n|upkeep\n|turn|24\n|\n|t:|1783807649\n|move|p2a: Meowscarada|Flower Trick|p1a: Meganium\n|-resisted|p1a: Meganium\n|-crit|p1a: Meganium\n|-damage|p1a: Meganium|10/100\n|move|p1a: Meganium|Synthesis|p1a: Meganium\n|-heal|p1a: Meganium|60/100\n|\n|-heal|p1a: Meganium|66/100|[from] item: Leftovers\n|upkeep\n|turn|25\n|\n|t:|1783807659\n|move|p2a: Meowscarada|Flower Trick|p1a: Meganium\n|-resisted|p1a: Meganium\n|-crit|p1a: Meganium\n|-damage|p1a: Meganium|32/100\n|move|p1a: Meganium|Synthesis|p1a: Meganium\n|-heal|p1a: Meganium|82/100\n|\n|-heal|p1a: Meganium|88/100|[from] item: Leftovers\n|upkeep\n|turn|26\n|\n|t:|1783807669\n|move|p2a: Meowscarada|Flower Trick|p1a: Meganium\n|-resisted|p1a: Meganium\n|-crit|p1a: Meganium\n|-damage|p1a: Meganium|55/100\n|move|p1a: Meganium|Bullet Seed|p2a: Meowscarada\n|-resisted|p2a: Meowscarada\n|-damage|p2a: Meowscarada|15/100\n|-resisted|p2a: Meowscarada\n|-damage|p2a: Meowscarada|9/100\n|-resisted|p2a: Meowscarada\n|-damage|p2a: Meowscarada|3/100\n|-hitcount|p2a: Meowscarada|3\n|\n|-heal|p1a: Meganium|61/100|[from] item: Leftovers\n|upkeep\n|turn|27\n|\n|t:|1783807682\n|move|p2a: Meowscarada|Flower Trick|p1a: Meganium\n|-resisted|p1a: Meganium\n|-crit|p1a: Meganium\n|-damage|p1a: Meganium|27/100\n|move|p1a: Meganium|Synthesis|p1a: Meganium\n|-heal|p1a: Meganium|77/100\n|\n|-heal|p1a: Meganium|83/100|[from] item: Leftovers\n|upkeep\n|turn|28\n|\n|t:|1783807691\n|move|p2a: Meowscarada|Flower Trick|p1a: Meganium\n|-resisted|p1a: Meganium\n|-crit|p1a: Meganium\n|-damage|p1a: Meganium|47/100\n|move|p1a: Meganium|Bullet Seed|p2a: Meowscarada\n|-resisted|p2a: Meowscarada\n|-damage|p2a: Meowscarada|0 fnt\n|faint|p2a: Meowscarada\n|-hitcount|p2: Meowscarada|1\n|\n|-heal|p1a: Meganium|53/100|[from] item: Leftovers\n|upkeep\n|\n|t:|1783807703\n|switch|p2a: Pecharunt|Pecharunt|22/100\n|turn|29\n|\n|t:|1783807707\n|-terastallize|p1a: Meganium|Poison\n|move|p2a: Pecharunt|Recover|p2a: Pecharunt\n|-heal|p2a: Pecharunt|72/100\n|move|p1a: Meganium|Synthesis|p1a: Meganium\n|-heal|p1a: Meganium|100/100\n|\n|upkeep\n|turn|30\n|\n|t:|1783807723\n|switch|p2a: Primarina|Primarina, F|100/100\n|move|p1a: Meganium|Bullet Seed|p2a: Primarina\n|-supereffective|p2a: Primarina\n|-damage|p2a: Primarina|84/100\n|-supereffective|p2a: Primarina\n|-damage|p2a: Primarina|65/100\n|-supereffective|p2a: Primarina\n|-damage|p2a: Primarina|47/100\n|-supereffective|p2a: Primarina\n|-damage|p2a: Primarina|30/100\n|-supereffective|p2a: Primarina\n|-damage|p2a: Primarina|14/100\n|-hitcount|p2a: Primarina|5\n|\n|upkeep\n|turn|31\n|\n|t:|1783807738\n|move|p1a: Meganium|Bullet Seed|p2a: Primarina\n|-supereffective|p2a: Primarina\n|-damage|p2a: Primarina|0 fnt\n|faint|p2a: Primarina\n|-hitcount|p2: Primarina|1\n|\n|upkeep\n|\n|t:|1783807745\n|switch|p2a: Pecharunt|Pecharunt|72/100\n|turn|32\n|\n|t:|1783807751\n|move|p2a: Pecharunt|Shadow Ball|p1a: Meganium\n|-damage|p1a: Meganium|85/100\n|move|p1a: Meganium|Light Screen|p1a: Meganium\n|-sidestart|p1: cozyprincemshroom|move: Light Screen\n|\n|-heal|p1a: Meganium|91/100|[from] item: Leftovers\n|upkeep\n|turn|33\n|\n|t:|1783807758\n|move|p2a: Pecharunt|Shadow Ball|p1a: Meganium\n|-damage|p1a: Meganium|82/100\n|move|p1a: Meganium|Bullet Seed|p2a: Pecharunt\n|-resisted|p2a: Pecharunt\n|-damage|p2a: Pecharunt|70/100\n|-resisted|p2a: Pecharunt\n|-damage|p2a: Pecharunt|68/100\n|-hitcount|p2a: Pecharunt|2\n|\n|-heal|p1a: Meganium|88/100|[from] item: Leftovers\n|upkeep\n|turn|34\n|\n|t:|1783807769\n|move|p2a: Pecharunt|Shadow Ball|p1a: Meganium\n|-damage|p1a: Meganium|79/100\n|move|p1a: Meganium|Bullet Seed|p2a: Pecharunt\n|-resisted|p2a: Pecharunt\n|-damage|p2a: Pecharunt|66/100\n|-resisted|p2a: Pecharunt\n|-crit|p2a: Pecharunt\n|-damage|p2a: Pecharunt|62/100\n|-resisted|p2a: Pecharunt\n|-damage|p2a: Pecharunt|60/100\n|-hitcount|p2a: Pecharunt|3\n|\n|-heal|p1a: Meganium|85/100|[from] item: Leftovers\n|upkeep\n|turn|35\n|\n|t:|1783807781\n|move|p2a: Pecharunt|Shadow Ball|p1a: Meganium\n|-damage|p1a: Meganium|76/100\n|-unboost|p1a: Meganium|spd|1\n|move|p1a: Meganium|Bullet Seed|p2a: Pecharunt\n|-resisted|p2a: Pecharunt\n|-damage|p2a: Pecharunt|58/100\n|-resisted|p2a: Pecharunt\n|-damage|p2a: Pecharunt|56/100\n|-hitcount|p2a: Pecharunt|2\n|\n|-heal|p1a: Meganium|82/100|[from] item: Leftovers\n|upkeep\n|turn|36\n|\n|t:|1783807793\n|move|p2a: Pecharunt|Shadow Ball|p1a: Meganium\n|-damage|p1a: Meganium|69/100\n|-unboost|p1a: Meganium|spd|1\n|move|p1a: Meganium|Bullet Seed|p2a: Pecharunt\n|-resisted|p2a: Pecharunt\n|-damage|p2a: Pecharunt|54/100\n|-resisted|p2a: Pecharunt\n|-damage|p2a: Pecharunt|52/100\n|-hitcount|p2a: Pecharunt|2\n|\n|-heal|p1a: Meganium|75/100|[from] item: Leftovers\n|-sideend|p1: cozyprincemshroom|move: Light Screen\n|upkeep\n|turn|37\n|\n|t:|1783807805\n|move|p2a: Pecharunt|Shadow Ball|p1a: Meganium\n|-damage|p1a: Meganium|45/100\n|move|p1a: Meganium|Light Screen|p1a: Meganium\n|-sidestart|p1: cozyprincemshroom|move: Light Screen\n|\n|-heal|p1a: Meganium|51/100|[from] item: Leftovers\n|upkeep\n|turn|38\n|\n|t:|1783807816\n|move|p2a: Pecharunt|Shadow Ball|p1a: Meganium\n|-damage|p1a: Meganium|34/100\n|move|p1a: Meganium|Bullet Seed|p2a: Pecharunt\n|-resisted|p2a: Pecharunt\n|-damage|p2a: Pecharunt|49/100\n|-resisted|p2a: Pecharunt\n|-damage|p2a: Pecharunt|47/100\n|-resisted|p2a: Pecharunt\n|-damage|p2a: Pecharunt|45/100\n|-hitcount|p2a: Pecharunt|3\n|\n|-heal|p1a: Meganium|40/100|[from] item: Leftovers\n|upkeep\n|turn|39\n|\n|t:|1783807828\n|move|p2a: Pecharunt|Shadow Ball|p1a: Meganium\n|-damage|p1a: Meganium|25/100\n|move|p1a: Meganium|Synthesis|p1a: Meganium\n|-heal|p1a: Meganium|75/100\n|\n|-heal|p1a: Meganium|81/100|[from] item: Leftovers\n|upkeep\n|turn|40\n|\n|t:|1783807837\n|move|p2a: Pecharunt|Shadow Ball|p1a: Meganium\n|-damage|p1a: Meganium|66/100\n|move|p1a: Meganium|Bullet Seed|p2a: Pecharunt\n|-resisted|p2a: Pecharunt\n|-damage|p2a: Pecharunt|42/100\n|-resisted|p2a: Pecharunt\n|-damage|p2a: Pecharunt|40/100\n|-resisted|p2a: Pecharunt\n|-damage|p2a: Pecharunt|38/100\n|-hitcount|p2a: Pecharunt|3\n|\n|-heal|p1a: Meganium|72/100|[from] item: Leftovers\n|upkeep\n|turn|41\n|\n|t:|1783807849\n|move|p2a: Pecharunt|Shadow Ball|p1a: Meganium\n|-damage|p1a: Meganium|54/100\n|-unboost|p1a: Meganium|spd|1\n|move|p1a: Meganium|Bullet Seed|p2a: Pecharunt\n|-resisted|p2a: Pecharunt\n|-damage|p2a: Pecharunt|36/100\n|-resisted|p2a: Pecharunt\n|-damage|p2a: Pecharunt|34/100\n|-hitcount|p2a: Pecharunt|2\n|\n|-heal|p1a: Meganium|60/100|[from] item: Leftovers\n|-sideend|p1: cozyprincemshroom|move: Light Screen\n|upkeep\n|turn|42\n|\n|t:|1783807861\n|move|p2a: Pecharunt|Shadow Ball|p1a: Meganium\n|-damage|p1a: Meganium|20/100\n|move|p1a: Meganium|Light Screen|p1a: Meganium\n|-sidestart|p1: cozyprincemshroom|move: Light Screen\n|\n|-heal|p1a: Meganium|26/100|[from] item: Leftovers\n|upkeep\n|turn|43\n|\n|t:|1783807870\n|move|p2a: Pecharunt|Shadow Ball|p1a: Meganium\n|-damage|p1a: Meganium|7/100\n|move|p1a: Meganium|Synthesis|p1a: Meganium\n|-heal|p1a: Meganium|57/100\n|\n|-heal|p1a: Meganium|63/100|[from] item: Leftovers\n|upkeep\n|turn|44\n|\n|t:|1783807881\n|move|p2a: Pecharunt|Shadow Ball|p1a: Meganium\n|-damage|p1a: Meganium|41/100\n|move|p1a: Meganium|Bullet Seed|p2a: Pecharunt\n|-resisted|p2a: Pecharunt\n|-crit|p2a: Pecharunt\n|-damage|p2a: Pecharunt|30/100\n|-resisted|p2a: Pecharunt\n|-damage|p2a: Pecharunt|28/100\n|-hitcount|p2a: Pecharunt|2\n|\n|-heal|p1a: Meganium|47/100|[from] item: Leftovers\n|upkeep\n|turn|45\n|\n|t:|1783807891\n|move|p2a: Pecharunt|Shadow Ball|p1a: Meganium\n|-damage|p1a: Meganium|25/100\n|move|p1a: Meganium|Bullet Seed|p2a: Pecharunt\n|-resisted|p2a: Pecharunt\n|-damage|p2a: Pecharunt|26/100\n|-resisted|p2a: Pecharunt\n|-damage|p2a: Pecharunt|24/100\n|-resisted|p2a: Pecharunt\n|-damage|p2a: Pecharunt|21/100\n|-hitcount|p2a: Pecharunt|3\n|\n|-heal|p1a: Meganium|31/100|[from] item: Leftovers\n|upkeep\n|turn|46\n|\n|t:|1783807906\n|move|p2a: Pecharunt|Shadow Ball|p1a: Meganium\n|-damage|p1a: Meganium|12/100\n|move|p1a: Meganium|Synthesis|p1a: Meganium\n|-heal|p1a: Meganium|62/100\n|\n|-heal|p1a: Meganium|68/100|[from] item: Leftovers\n|-sideend|p1: cozyprincemshroom|move: Light Screen\n|upkeep\n|turn|47\n|\n|t:|1783807915\n|move|p2a: Pecharunt|Shadow Ball|p1a: Meganium\n|-damage|p1a: Meganium|29/100\n|move|p1a: Meganium|Light Screen|p1a: Meganium\n|-sidestart|p1: cozyprincemshroom|move: Light Screen\n|\n|-heal|p1a: Meganium|35/100|[from] item: Leftovers\n|upkeep\n|turn|48\n|\n|t:|1783807926\n|move|p2a: Pecharunt|Shadow Ball|p1a: Meganium\n|-damage|p1a: Meganium|16/100\n|move|p1a: Meganium|Bullet Seed|p2a: Pecharunt\n|-resisted|p2a: Pecharunt\n|-damage|p2a: Pecharunt|19/100\n|-resisted|p2a: Pecharunt\n|-damage|p2a: Pecharunt|17/100\n|-hitcount|p2a: Pecharunt|2\n|\n|-heal|p1a: Meganium|22/100|[from] item: Leftovers\n|upkeep\n|turn|49\n|\n|t:|1783807942\n|move|p2a: Pecharunt|Shadow Ball|p1a: Meganium\n|-damage|p1a: Meganium|0 fnt\n|faint|p1a: Meganium\n|\n|win|vanillite153\n|raw|cozyprincemshroom's rating: 1148 &rarr; <strong>1123</strong><br />(-25 for losing)\n|raw|vanillite153's rating: 1147 &rarr; <strong>1172</strong><br />(+25 for winning)\n|l|☆vanillite153\n|player|p2|\n|l|☆cozyprincemshroom\n|player|p1|\n", "uploadtime": 1783808247, "views": 3, "formatid": "gen9ou", "rating": 1123, "private": 0, "password": null}