{"id": "gen9ou-2647777891", "format": "[Gen 9] OU", "players": ["imsocooltbh", "Maximus027"], "log": "|j|☆imsocooltbh\n|j|☆Maximus027\n|inactive|Battle timer is ON: inactive players will automatically lose when time's up.\n|t:|1783810942\n|gametype|singles\n|player|p1|imsocooltbh|lady|\n|player|p2|Maximus027|red|\n|gen|9\n|tier|[Gen 9] OU\n|rated|Tournament battle\n|rule|HP Percentage Mod: HP is shown in percentages\n|rule|Endless Battle Clause: Forcing endless battles is banned\n|rule|Species Clause: Limit one of each Pokémon\n|rule|OHKO Clause: OHKO moves are banned\n|rule|Evasion Items Clause: Evasion items are banned\n|rule|Evasion Moves Clause: Evasion moves are banned\n|rule|Evasion Abilities Clause: Evasion abilities are banned\n|rule|Sleep Moves Clause: Sleep-inducing moves are banned\n|raw|<div class=\"infobox\"><details class=\"readmore\"><summary><strong>15 custom rules:</strong></summary> -burmy, -caterpie, -combee, -kricketot, -magikarp, -scatterbug, -sunkern, -tynamo, -typenull, -weedle, -wurmple, -cosmog, -blipbug, -snom, -wynaut</details></div>\n|clearpoke\n|poke|p1|Magnemite|\n|poke|p1|Serperior, F|\n|poke|p1|Excadrill, M|\n|poke|p2|Ursaring, M|\n|poke|p2|Dartrix, M|\n|poke|p2|Mudsdale, F|\n|teampreview\n|j|*Lady Monita \n|c|☆imsocooltbh|glhf\n|j| SnowAimee\n|\n|t:|1783810962\n|teamsize|p1|3\n|teamsize|p2|3\n|start\n|switch|p1a: Serperior|Serperior, F|100/100\n|switch|p2a: Mudsdale|Mudsdale, F, shiny|100/100\n|turn|1\n|\n|t:|1783810979\n|move|p1a: Serperior|Leaf Storm|p2a: Mudsdale\n|-supereffective|p2a: Mudsdale\n|-damage|p2a: Mudsdale|42/100\n|-boost|p1a: Serperior|spa|2\n|-ability|p2a: Mudsdale|Stamina|boost\n|-boost|p2a: Mudsdale|def|1\n|move|p2a: Mudsdale|Close Combat|p1a: Serperior\n|-damage|p1a: Serperior|41/100\n|-unboost|p2a: Mudsdale|def|1\n|-unboost|p2a: Mudsdale|spd|1\n|\n|-heal|p1a: Serperior|48/100|[from] item: Leftovers\n|upkeep\n|turn|2\n|\n|t:|1783810983\n|move|p1a: Serperior|Leaf Storm|p2a: Mudsdale\n|-supereffective|p2a: Mudsdale\n|-damage|p2a: Mudsdale|0 fnt\n|-boost|p1a: Serperior|spa|2\n|faint|p2a: Mudsdale\n|\n|-heal|p1a: Serperior|54/100|[from] item: Leftovers\n|upkeep\n|\n|t:|1783810986\n|switch|p2a: Dartrix|Dartrix, M, shiny|100/100\n|turn|3\n|\n|t:|1783810990\n|move|p1a: Serperior|Dragon Pulse|p2a: Dartrix\n|-damage|p2a: Dartrix|45/100\n|move|p2a: Dartrix|Dual Wingbeat|p1a: Serperior\n|-supereffective|p1a: Serperior\n|-damage|p1a: Serperior|15/100\n|-supereffective|p1a: Serperior\n|-damage|p1a: Serperior|0 fnt\n|faint|p1a: Serperior\n|-hitcount|p1: Serperior|2\n|\n|upkeep\n|j| Totodile07\n|\n|t:|1783811010\n|switch|p1a: Excadrill|Excadrill, M|100/100\n|-ability|p1a: Excadrill|Mold Breaker\n|turn|4\n|\n|t:|1783811015\n|move|p1a: Excadrill|Rock Slide|p2a: Dartrix\n|-supereffective|p2a: Dartrix\n|-damage|p2a: Dartrix|0 fnt\n|faint|p2a: Dartrix\n|-damage|p1a: Excadrill|91/100|[from] item: Life Orb\n|\n|upkeep\n|\n|t:|1783811017\n|switch|p2a: Ursaring|Ursaring, M|100/100\n|turn|5\n|\n|t:|1783811037\n|-terastallize|p1a: Excadrill|Grass\n|move|p1a: Excadrill|Earthquake|p2a: Ursaring\n|-damage|p2a: Ursaring|25/100\n|-damage|p1a: Excadrill|81/100|[from] item: Life Orb\n|move|p2a: Ursaring|Earthquake|p1a: Excadrill\n|-resisted|p1a: Excadrill\n|-damage|p1a: Excadrill|54/100\n|\n|-status|p2a: Ursaring|brn|[from] item: Flame Orb\n|upkeep\n|turn|6\n|n|%ShadowTree87|totodile07\n|\n|t:|1783811044\n|move|p1a: Excadrill|Earthquake|p2a: Ursaring\n|-damage|p2a: Ursaring|0 fnt\n|faint|p2a: Ursaring\n|-damage|p1a: Excadrill|44/100|[from] item: Life Orb\n|\n|win|imsocooltbh\n|n|☆imsocooltbh|imsocooltbh\n|n|☆Maximus027|maximus027\n|n|*Lady Monita |ladymonita\n|n| SnowAimee|snowaimee\n|n| ShadowTree87|shadowtree87\n", "uploadtime": 1783811044, "views": 5, "formatid": "gen9ou", "rating": null, "private": 0, "password": null}