{"id": "gen9ou-2639289933", "format": "[Gen 9] OU", "players": ["RuchinRoxx", "PokeBlaze17"], "log": "|j|☆RuchinRoxx\n|j|☆PokeBlaze17\n|t:|1782446745\n|gametype|singles\n|player|p1|RuchinRoxx|102|1230\n|player|p2|PokeBlaze17|cheren-gen5bw2|1301\n|gen|9\n|tier|[Gen 9] OU\n|rated|\n|rule|HP Percentage Mod: HP is shown in percentages\n|rule|Endless Battle Clause: Forcing endless battles is banned\n|rule|Species Clause: Limit one of each Pokémon\n|rule|OHKO Clause: OHKO moves are banned\n|rule|Evasion Items Clause: Evasion items are banned\n|rule|Evasion Moves Clause: Evasion moves are banned\n|rule|Evasion Abilities Clause: Evasion abilities are banned\n|rule|Sleep Moves Clause: Sleep-inducing moves are banned\n|clearpoke\n|poke|p1|Greninja-*, M|\n|poke|p1|Cinderace, M|\n|poke|p1|Sceptile, M|\n|poke|p1|Corviknight, F|\n|poke|p1|Garchomp, M|\n|poke|p1|Weavile, F|\n|poke|p2|Suicune|\n|poke|p2|Brambleghast, M|\n|poke|p2|Delphox, F|\n|poke|p2|Sableye, M|\n|poke|p2|Zapdos|\n|poke|p2|Haxorus, M|\n|teampreview\n|inactive|Battle timer is ON: inactive players will automatically lose when time's up. (requested by PokeBlaze17)\n|\n|t:|1782446757\n|teamsize|p1|6\n|teamsize|p2|6\n|start\n|switch|p1a: Weavile|Weavile, F|100/100\n|switch|p2a: Zapdos|Zapdos|100/100\n|-ability|p1a: Weavile|Pressure\n|turn|1\n|\n|t:|1782446766\n|move|p1a: Weavile|Triple Axel|p2a: Zapdos\n|-supereffective|p2a: Zapdos\n|-damage|p2a: Zapdos|61/100\n|-supereffective|p2a: Zapdos\n|-damage|p2a: Zapdos|0 fnt\n|-status|p1a: Weavile|par|[from] ability: Static|[of] p2a: Zapdos\n|faint|p2a: Zapdos\n|-hitcount|p2: Zapdos|2\n|\n|upkeep\n|\n|t:|1782446775\n|switch|p2a: Sableye|Sableye, M, shiny|100/100\n|turn|2\n|l|☆RuchinRoxx\n|inactive|RuchinRoxx disconnected and has a minute to reconnect!\n|player|p1|\n|j|☆RuchinRoxx\n|inactive|RuchinRoxx reconnected and has 130 seconds left.\n|player|p1|RuchinRoxx|102|\n|\n|t:|1782446800\n|move|p2a: Sableye|Reflect|p2a: Sableye\n|-sidestart|p2: PokeBlaze17|Reflect\n|move|p1a: Weavile|Triple Axel|p2a: Sableye\n|-damage|p2a: Sableye|94/100\n|-damage|p2a: Sableye|78/100\n|-damage|p2a: Sableye|58/100\n|-hitcount|p2a: Sableye|3\n|\n|upkeep\n|turn|3\n|\n|t:|1782446808\n|move|p2a: Sableye|Light Screen|p2a: Sableye\n|-sidestart|p2: PokeBlaze17|move: Light Screen\n|cant|p1a: Weavile|par\n|\n|upkeep\n|turn|4\n|\n|t:|1782446814\n|switch|p2a: Suicune|Suicune|100/100\n|-ability|p2a: Suicune|Pressure\n|move|p1a: Weavile|Triple Axel|p2a: Suicune\n|-resisted|p2a: Suicune\n|-damage|p2a: Suicune|99/100\n|-resisted|p2a: Suicune\n|-damage|p2a: Suicune|95/100\n|-resisted|p2a: Suicune\n|-crit|p2a: Suicune\n|-damage|p2a: Suicune|75/100\n|-hitcount|p2a: Suicune|3\n|\n|upkeep\n|turn|5\n|\n|t:|1782446825\n|switch|p1a: Cinderace|Cinderace, M|100/100\n|move|p2a: Suicune|Calm Mind|p2a: Suicune\n|-boost|p2a: Suicune|spa|1\n|-boost|p2a: Suicune|spd|1\n|\n|upkeep\n|turn|6\n|\n|t:|1782446832\n|move|p1a: Cinderace|Court Change|p1a: Cinderace\n|-start|p1a: Cinderace|typechange|Normal|[from] ability: Libero\n|-swapsideconditions\n|-activate|p1a: Cinderace|move: Court Change\n|move|p2a: Suicune|Calm Mind|p2a: Suicune\n|-boost|p2a: Suicune|spa|1\n|-boost|p2a: Suicune|spd|1\n|\n|upkeep\n|turn|7\n|\n|t:|1782446840\n|move|p1a: Cinderace|High Jump Kick|p2a: Suicune\n|-damage|p2a: Suicune|51/100\n|move|p2a: Suicune|Scald|p1a: Cinderace\n|-damage|p1a: Cinderace|64/100\n|\n|upkeep\n|turn|8\n|\n|t:|1782446848\n|switch|p1a: Sceptile|Sceptile, M|100/100\n|move|p2a: Suicune|Scald|p1a: Sceptile\n|-resisted|p1a: Sceptile\n|-damage|p1a: Sceptile|82/100\n|-status|p1a: Sceptile|brn\n|\n|-damage|p1a: Sceptile|76/100 brn|[from] brn\n|upkeep\n|turn|9\n|\n|t:|1782446859\n|switch|p2a: Sableye|Sableye, M, shiny|58/100\n|move|p1a: Sceptile|Leaf Storm|p2a: Sableye\n|-damage|p2a: Sableye|0 fnt\n|-unboost|p1a: Sceptile|spa|2\n|faint|p2a: Sableye\n|\n|-damage|p1a: Sceptile|70/100 brn|[from] brn\n|-sideend|p1: RuchinRoxx|Reflect\n|upkeep\n|\n|t:|1782446872\n|switch|p2a: Brambleghast|Brambleghast, M|100/100\n|turn|10\n|\n|t:|1782446876\n|switch|p1a: Weavile|Weavile, F|100/100 par\n|-ability|p1a: Weavile|Pressure\n|move|p2a: Brambleghast|Rapid Spin|p1a: Weavile\n|-damage|p1a: Weavile|75/100 par\n|-boost|p2a: Brambleghast|spe|1\n|\n|-sideend|p1: RuchinRoxx|move: Light Screen\n|upkeep\n|turn|11\n|\n|t:|1782446887\n|switch|p2a: Suicune|Suicune|51/100\n|-ability|p2a: Suicune|Pressure\n|move|p1a: Weavile|Ice Shard|p2a: Suicune\n|-resisted|p2a: Suicune\n|-crit|p2a: Suicune\n|-damage|p2a: Suicune|37/100\n|\n|upkeep\n|turn|12\n|\n|t:|1782446897\n|switch|p1a: Sceptile|Sceptile, M|70/100 brn\n|move|p2a: Suicune|Rest|p2a: Suicune\n|-status|p2a: Suicune|slp|[from] move: Rest\n|-heal|p2a: Suicune|100/100 slp|[silent]\n|-enditem|p2a: Suicune|Chesto Berry|[eat]\n|-curestatus|p2a: Suicune|slp|[msg]\n|\n|-damage|p1a: Sceptile|64/100 brn|[from] brn\n|upkeep\n|turn|13\n|\n|t:|1782446909\n|-terastallize|p2a: Suicune|Dark\n|move|p1a: Sceptile|Leaf Storm|p2a: Suicune\n|-damage|p2a: Suicune|56/100\n|-unboost|p1a: Sceptile|spa|2\n|move|p2a: Suicune|Calm Mind|p2a: Suicune\n|-boost|p2a: Suicune|spa|1\n|-boost|p2a: Suicune|spd|1\n|\n|-damage|p1a: Sceptile|58/100 brn|[from] brn\n|upkeep\n|turn|14\n|\n|t:|1782446921\n|move|p1a: Sceptile|Focus Blast|p2a: Suicune\n|-supereffective|p2a: Suicune\n|-damage|p2a: Suicune|37/100\n|move|p2a: Suicune|Snarl|p1a: Sceptile\n|-damage|p1a: Sceptile|22/100 brn\n|-unboost|p1a: Sceptile|spa|1\n|\n|-damage|p1a: Sceptile|16/100 brn|[from] brn\n|upkeep\n|turn|15\n|\n|t:|1782446932\n|move|p1a: Sceptile|Giga Drain|p2a: Suicune\n|-damage|p2a: Suicune|29/100\n|-heal|p1a: Sceptile|22/100 brn|[from] drain|[of] p2a: Suicune\n|move|p2a: Suicune|Calm Mind|p2a: Suicune\n|-boost|p2a: Suicune|spa|1\n|-boost|p2a: Suicune|spd|1\n|\n|-damage|p1a: Sceptile|16/100 brn|[from] brn\n|upkeep\n|turn|16\n|\n|t:|1782446941\n|switch|p1a: Cinderace|Cinderace, M|64/100\n|move|p2a: Suicune|Rest|p2a: Suicune\n|-status|p2a: Suicune|slp|[from] move: Rest\n|-heal|p2a: Suicune|100/100 slp|[silent]\n|\n|upkeep\n|turn|17\n|\n|t:|1782446949\n|switch|p2a: Brambleghast|Brambleghast, M|100/100\n|move|p1a: Cinderace|High Jump Kick|p2a: Brambleghast\n|-start|p1a: Cinderace|typechange|Fighting|[from] ability: Libero\n|-immune|p2a: Brambleghast\n|-damage|p1a: Cinderace|14/100|[from] highjumpkick\n|\n|upkeep\n|turn|18\n|\n|t:|1782446958\n|switch|p2a: Suicune|Suicune, tera:Dark|100/100 slp\n|-ability|p2a: Suicune|Pressure\n|move|p1a: Cinderace|Pyro Ball|p2a: Suicune\n|-damage|p2a: Suicune|78/100 slp\n|\n|upkeep\n|turn|19\n|\n|t:|1782446966\n|move|p1a: Cinderace|Pyro Ball|p2a: Suicune\n|-damage|p2a: Suicune|56/100 slp\n|cant|p2a: Suicune|slp\n|\n|upkeep\n|turn|20\n|\n|t:|1782446973\n|move|p1a: Cinderace|High Jump Kick|p2a: Suicune\n|-supereffective|p2a: Suicune\n|-damage|p2a: Suicune|0 fnt\n|faint|p2a: Suicune\n|\n|upkeep\n|\n|t:|1782446978\n|switch|p2a: Delphox|Delphox, F, shiny|100/100\n|turn|21\n|\n|t:|1782446985\n|move|p1a: Cinderace|Sucker Punch|p2a: Delphox\n|-supereffective|p2a: Delphox\n|-damage|p2a: Delphox|32/100\n|move|p2a: Delphox|Psyshock|p1a: Cinderace\n|-supereffective|p1a: Cinderace\n|-damage|p1a: Cinderace|0 fnt\n|faint|p1a: Cinderace\n|\n|upkeep\n|\n|t:|1782446994\n|switch|p1a: Greninja|Greninja, M|100/100\n|turn|22\n|\n|t:|1782446999\n|switch|p2a: Brambleghast|Brambleghast, M|100/100\n|move|p1a: Greninja|Dark Pulse|p2a: Brambleghast\n|-supereffective|p2a: Brambleghast\n|-damage|p2a: Brambleghast|0 fnt\n|faint|p2a: Brambleghast\n|-ability|p1a: Greninja|Battle Bond|boost\n|-boost|p1a: Greninja|atk|1\n|-boost|p1a: Greninja|spa|1\n|-boost|p1a: Greninja|spe|1\n|-activate|p1a: Greninja|ability: Battle Bond\n|\n|upkeep\n|\n|t:|1782447010\n|switch|p2a: Haxorus|Haxorus, M, shiny|100/100\n|-ability|p2a: Haxorus|Mold Breaker\n|turn|23\n|\n|t:|1782447016\n|move|p1a: Greninja|Ice Beam|p2a: Haxorus\n|-supereffective|p2a: Haxorus\n|-damage|p2a: Haxorus|0 fnt\n|faint|p2a: Haxorus\n|\n|upkeep\n|-message|PokeBlaze17 forfeited.\n|\n|win|RuchinRoxx\n|raw|RuchinRoxx's rating: 1230 &rarr; <strong>1260</strong><br />(+30 for winning)\n|raw|PokeBlaze17's rating: 1301 &rarr; <strong>1277</strong><br />(-24 for losing)\n|l|☆PokeBlaze17\n|player|p2|\n|l|☆RuchinRoxx\n|player|p1|\n", "uploadtime": 1782447357, "views": 7, "formatid": "gen9ou", "rating": 1260, "private": 0, "password": null}