{"id": "gen9ou-2647717573", "format": "[Gen 9] OU", "players": ["Bingbong4450", "Toni Boi"], "log": "|j|☆Bingbong4450\n|j|☆Toni Boi\n|t:|1783800999\n|gametype|singles\n|player|p1|Bingbong4450|red|1156\n|player|p2|Toni Boi|striker|1196\n|gen|9\n|tier|[Gen 9] OU\n|rated|\n|rule|HP Percentage Mod: HP is shown in percentages\n|rule|Endless Battle Clause: Forcing endless battles is banned\n|rule|Species Clause: Limit one of each Pokémon\n|rule|OHKO Clause: OHKO moves are banned\n|rule|Evasion Items Clause: Evasion items are banned\n|rule|Evasion Moves Clause: Evasion moves are banned\n|rule|Evasion Abilities Clause: Evasion abilities are banned\n|rule|Sleep Moves Clause: Sleep-inducing moves are banned\n|clearpoke\n|poke|p1|Samurott-Hisui, F|\n|poke|p1|Braviary-Hisui, M|\n|poke|p1|Ursaluna, F|\n|poke|p1|Arcanine-Hisui, M|\n|poke|p1|Decidueye-Hisui, M|\n|poke|p1|Zoroark-Hisui, F|\n|poke|p2|Garchomp, F|\n|poke|p2|Alomomola, F|\n|poke|p2|Qwilfish, M|\n|poke|p2|Meowscarada, M|\n|poke|p2|Scizor, F|\n|poke|p2|Glimmora, F|\n|teampreview\n|inactive|Battle timer is ON: inactive players will automatically lose when time's up. (requested by Bingbong4450)\n|\n|t:|1783801004\n|teamsize|p1|6\n|teamsize|p2|6\n|start\n|switch|p1a: Ronin|Samurott-Hisui, F|100/100\n|switch|p2a: Swagfish|Qwilfish, M, shiny|100/100\n|-ability|p2a: Swagfish|Intimidate|boost\n|-unboost|p1a: Ronin|atk|1\n|turn|1\n|\n|t:|1783801007\n|move|p2a: Swagfish|Flip Turn|p1a: Ronin\n|-resisted|p1a: Ronin\n|-damage|p1a: Ronin|85/100\n|\n|t:|1783801010\n|switch|p2a: Garchomp|Garchomp, F|100/100|[from] Flip Turn\n|move|p1a: Ronin|Swords Dance|p1a: Ronin\n|-boost|p1a: Ronin|atk|2\n|\n|upkeep\n|turn|2\n|\n|t:|1783801014\n|move|p1a: Ronin|Swords Dance|p1a: Ronin\n|-boost|p1a: Ronin|atk|2\n|move|p2a: Garchomp|Dragon Tail|p1a: Ronin\n|-damage|p1a: Ronin|49/100\n|drag|p1a: Aguila|Braviary-Hisui, M, shiny|100/100\n|\n|upkeep\n|turn|3\n|\n|t:|1783801016\n|move|p2a: Garchomp|Stealth Rock|p1a: Aguila\n|-sidestart|p1: Bingbong4450|move: Stealth Rock\n|move|p1a: Aguila|Esper Wing|p2a: Garchomp\n|-damage|p2a: Garchomp|72/100\n|-boost|p1a: Aguila|spe|1\n|\n|upkeep\n|turn|4\n|\n|t:|1783801021\n|move|p1a: Aguila|Dazzling Gleam|p2a: Garchomp\n|-supereffective|p2a: Garchomp\n|-damage|p2a: Garchomp|35/100\n|move|p2a: Garchomp|Dragon Tail|p1a: Aguila\n|-damage|p1a: Aguila|83/100\n|drag|p1a: Ronin|Samurott-Hisui, F|49/100\n|-damage|p1a: Ronin|37/100|[from] Stealth Rock\n|\n|upkeep\n|turn|5\n|\n|t:|1783801042\n|move|p1a: Ronin|Ceaseless Edge|p2a: Garchomp\n|-damage|p2a: Garchomp|10/100\n|-damage|p1a: Ronin|24/100|[from] ability: Rough Skin|[of] p2a: Garchomp\n|-damage|p1a: Ronin|8/100|[from] item: Rocky Helmet|[of] p2a: Garchomp\n|-sidestart|p2: Toni Boi|Spikes\n|move|p2a: Garchomp|Spikes|p1a: Ronin\n|-sidestart|p1: Bingbong4450|Spikes\n|\n|upkeep\n|turn|6\n|\n|t:|1783801061\n|move|p1a: Ronin|Aqua Jet|p2a: Garchomp\n|-damage|p2a: Garchomp|0 fnt\n|-damage|p1a: Ronin|0 fnt|[from] ability: Rough Skin|[of] p2a: Garchomp\n|faint|p2a: Garchomp\n|faint|p1a: Ronin\n|\n|upkeep\n|\n|t:|1783801068\n|switch|p1a: Talon|Decidueye-Hisui, M, shiny|100/100\n|switch|p2a: Swagfish|Qwilfish, M, shiny|100/100\n|-damage|p2a: Swagfish|88/100|[from] Spikes\n|-ability|p2a: Swagfish|Intimidate|boost\n|-fail|p1a: Talon|unboost|Attack|[from] ability: Scrappy|[of] p1a: Talon\n|-damage|p1a: Talon|94/100|[from] Stealth Rock\n|-damage|p1a: Talon|82/100|[from] Spikes\n|turn|7\n|\n|t:|1783801076\n|move|p2a: Swagfish|Flip Turn|p1a: Talon\n|-resisted|p1a: Talon\n|-damage|p1a: Talon|69/100\n|\n|t:|1783801078\n|switch|p2a: Scizor|Scizor, F|100/100|[from] Flip Turn\n|-damage|p2a: Scizor|88/100|[from] Spikes\n|move|p1a: Talon|Leaf Blade|p2a: Scizor\n|-resisted|p2a: Scizor\n|-crit|p2a: Scizor\n|-damage|p2a: Scizor|70/100\n|\n|upkeep\n|turn|8\n|\n|t:|1783801086\n|move|p2a: Scizor|Swords Dance|p2a: Scizor\n|-boost|p2a: Scizor|atk|2\n|move|p1a: Talon|Triple Arrows|p2a: Scizor\n|-crit|p2a: Scizor\n|-damage|p2a: Scizor|0 fnt\n|faint|p2a: Scizor\n|\n|upkeep\n|\n|t:|1783801095\n|switch|p2a: Glimmora|Glimmora, F, shiny|100/100\n|-item|p2a: Glimmora|Air Balloon\n|turn|9\n|\n|t:|1783801099\n|move|p2a: Glimmora|Sludge Wave|p1a: Talon\n|-supereffective|p1a: Talon\n|-damage|p1a: Talon|0 fnt\n|faint|p1a: Talon\n|\n|upkeep\n|\n|t:|1783801103\n|switch|p1a: Aguila|Braviary-Hisui, M, shiny|83/100\n|turn|10\n|\n|t:|1783801105\n|move|p2a: Glimmora|Power Gem|p1a: Aguila\n|-supereffective|p1a: Aguila\n|-damage|p1a: Aguila|0 fnt\n|faint|p1a: Aguila\n|\n|upkeep\n|\n|t:|1783801115\n|switch|p1a: King Caesar|Arcanine-Hisui, M, shiny|100/100\n|-damage|p1a: King Caesar|88/100|[from] Stealth Rock\n|-damage|p1a: King Caesar|76/100|[from] Spikes\n|turn|11\n|\n|t:|1783801124\n|move|p1a: King Caesar|Shadow Ball|p2a: Glimmora\n|-damage|p2a: Glimmora|10/100\n|-enditem|p2a: Glimmora|Air Balloon\n|move|p2a: Glimmora|Earth Power|p1a: King Caesar\n|-damage|p1a: King Caesar|17/100\n|replace|p1a: Dopplegänger|Zoroark-Hisui, F\n|-end|p1a: Dopplegänger|Illusion\n|\n|upkeep\n|turn|12\n|\n|t:|1783801131\n|move|p1a: Dopplegänger|Shadow Ball|p2a: Glimmora\n|-damage|p2a: Glimmora|0 fnt\n|faint|p2a: Glimmora\n|\n|upkeep\n|\n|t:|1783801133\n|switch|p2a: Swagfish|Qwilfish, M, shiny|88/100\n|-damage|p2a: Swagfish|76/100|[from] Spikes\n|-ability|p2a: Swagfish|Intimidate|boost\n|-unboost|p1a: Dopplegänger|atk|1\n|turn|13\n|\n|t:|1783801135\n|move|p2a: Swagfish|Flip Turn|p1a: Dopplegänger\n|-crit|p1a: Dopplegänger\n|-damage|p1a: Dopplegänger|0 fnt\n|faint|p1a: Dopplegänger\n|\n|t:|1783801137\n|switch|p2a: Meowscarada|Meowscarada, M|100/100|[from] Flip Turn\n|-damage|p2a: Meowscarada|88/100|[from] Spikes\n|\n|upkeep\n|\n|t:|1783801140\n|switch|p1a: Kuma|Ursaluna, F|100/100\n|-damage|p1a: Kuma|94/100|[from] Stealth Rock\n|-damage|p1a: Kuma|82/100|[from] Spikes\n|turn|14\n|\n|t:|1783801147\n|-terastallize|p1a: Kuma|Grass\n|move|p2a: Meowscarada|Flower Trick|p1a: Kuma\n|-start|p2a: Meowscarada|typechange|Grass|[from] ability: Protean\n|-resisted|p1a: Kuma\n|-crit|p1a: Kuma\n|-damage|p1a: Kuma|56/100\n|move|p1a: Kuma|Facade|p2a: Meowscarada\n|-damage|p2a: Meowscarada|20/100\n|\n|-heal|p1a: Kuma|62/100|[from] item: Leftovers\n|upkeep\n|turn|15\n|\n|t:|1783801159\n|switch|p2a: Alomomola|Alomomola, F, shiny|100/100\n|-damage|p2a: Alomomola|88/100|[from] Spikes\n|move|p1a: Kuma|Trailblaze|p2a: Alomomola\n|-supereffective|p2a: Alomomola\n|-damage|p2a: Alomomola|29/100\n|-boost|p1a: Kuma|spe|1\n|\n|-heal|p1a: Kuma|68/100|[from] item: Leftovers\n|upkeep\n|turn|16\n|\n|t:|1783801164\n|move|p1a: Kuma|Trailblaze|p2a: Alomomola\n|-supereffective|p2a: Alomomola\n|-damage|p2a: Alomomola|0 fnt\n|-boost|p1a: Kuma|spe|1\n|faint|p2a: Alomomola\n|\n|-heal|p1a: Kuma|75/100|[from] item: Leftovers\n|upkeep\n|\n|t:|1783801167\n|switch|p2a: Swagfish|Qwilfish, M, shiny|76/100\n|-damage|p2a: Swagfish|64/100|[from] Spikes\n|-ability|p2a: Swagfish|Intimidate|boost\n|-unboost|p1a: Kuma|atk|1\n|turn|17\n|\n|t:|1783801172\n|move|p2a: Swagfish|Gunk Shot|p1a: Kuma\n|-supereffective|p1a: Kuma\n|-damage|p1a: Kuma|5/100\n|move|p1a: Kuma|Trailblaze|p2a: Swagfish\n|-damage|p2a: Swagfish|29/100\n|-boost|p1a: Kuma|spe|1\n|\n|-heal|p1a: Kuma|11/100|[from] item: Leftovers\n|upkeep\n|turn|18\n|\n|t:|1783801180\n|move|p2a: Swagfish|Gunk Shot|p1a: Kuma\n|-supereffective|p1a: Kuma\n|-damage|p1a: Kuma|0 fnt\n|faint|p1a: Kuma\n|\n|upkeep\n|\n|t:|1783801191\n|switch|p1a: King Caesar|Arcanine-Hisui, M, shiny|100/100\n|-damage|p1a: King Caesar|76/100|[from] Stealth Rock\n|-damage|p1a: King Caesar|63/100|[from] Spikes\n|turn|19\n|\n|t:|1783801193\n|switch|p2a: Meowscarada|Meowscarada, M|20/100\n|-damage|p2a: Meowscarada|7/100|[from] Spikes\n|move|p1a: King Caesar|Extreme Speed|p2a: Meowscarada\n|-damage|p2a: Meowscarada|0 fnt\n|faint|p2a: Meowscarada\n|\n|upkeep\n|\n|t:|1783801194\n|switch|p2a: Swagfish|Qwilfish, M, shiny|29/100\n|-damage|p2a: Swagfish|16/100|[from] Spikes\n|-ability|p2a: Swagfish|Intimidate|boost\n|-unboost|p1a: King Caesar|atk|1\n|turn|20\n|\n|t:|1783801197\n|move|p1a: King Caesar|Extreme Speed|p2a: Swagfish\n|-damage|p2a: Swagfish|0 fnt\n|faint|p2a: Swagfish\n|\n|win|Bingbong4450\n|raw|Bingbong4450's rating: 1156 &rarr; <strong>1184</strong><br />(+28 for winning)\n|raw|Toni Boi's rating: 1196 &rarr; <strong>1168</strong><br />(-28 for losing)\n|l|☆Bingbong4450\n|player|p1|\n|c|☆Toni Boi|ggs <3\n|l|☆Toni Boi\n|player|p2|\n", "uploadtime": 1783801549, "views": 11, "formatid": "gen9ou", "rating": 1168, "private": 0, "password": null}