{"id": "gen9ou-2647736098", "format": "[Gen 9] OU", "players": ["turpz", "DekuFoulerLab"], "log": "|j|☆turpz\n|j|☆DekuFoulerLab\n|t:|1783803888\n|gametype|singles\n|player|p1|turpz|wally-masters|1348\n|player|p2|DekuFoulerLab|169|1397\n|gen|9\n|tier|[Gen 9] OU\n|rated|\n|rule|HP Percentage Mod: HP is shown in percentages\n|rule|Endless Battle Clause: Forcing endless battles is banned\n|rule|Species Clause: Limit one of each Pokémon\n|rule|OHKO Clause: OHKO moves are banned\n|rule|Evasion Items Clause: Evasion items are banned\n|rule|Evasion Moves Clause: Evasion moves are banned\n|rule|Evasion Abilities Clause: Evasion abilities are banned\n|rule|Sleep Moves Clause: Sleep-inducing moves are banned\n|clearpoke\n|poke|p1|Latias, F|\n|poke|p1|Mimikyu, M|\n|poke|p1|Glimmora, F|\n|poke|p1|Kingambit, M|\n|poke|p1|Iron Boulder|\n|poke|p1|Iron Moth|\n|poke|p2|Dondozo, F|\n|poke|p2|Clodsire, F|\n|poke|p2|Corviknight, F|\n|poke|p2|Slowking-Galar, M|\n|poke|p2|Gholdengo|\n|poke|p2|Garganacl, F|\n|teampreview\n|inactive|Battle timer is ON: inactive players will automatically lose when time's up. (requested by turpz)\n|inactive|DekuFoulerLab also wants the timer to be on.\n|\n|t:|1783803892\n|teamsize|p1|6\n|teamsize|p2|6\n|start\n|switch|p1a: Senbonzakura|Glimmora, F|100/100\n|switch|p2a: Clodsire|Clodsire, F|100/100\n|turn|1\n|\n|t:|1783803898\n|move|p1a: Senbonzakura|Stealth Rock|p2a: Clodsire\n|-sidestart|p2: DekuFoulerLab|move: Stealth Rock\n|move|p2a: Clodsire|Stealth Rock|p1a: Senbonzakura\n|-sidestart|p1: turpz|move: Stealth Rock\n|\n|upkeep\n|turn|2\n|\n|t:|1783803904\n|move|p1a: Senbonzakura|Earth Power|p2a: Clodsire\n|-supereffective|p2a: Clodsire\n|-damage|p2a: Clodsire|64/100\n|move|p2a: Clodsire|Earthquake|p1a: Senbonzakura\n|-supereffective|p1a: Senbonzakura\n|-enditem|p1a: Senbonzakura|Focus Sash\n|-damage|p1a: Senbonzakura|1/100\n|-activate|p1a: Senbonzakura|ability: Toxic Debris\n|-sidestart|p2: DekuFoulerLab|move: Toxic Spikes\n|\n|upkeep\n|turn|3\n|\n|t:|1783803912\n|move|p1a: Senbonzakura|Earth Power|p2a: Clodsire\n|-supereffective|p2a: Clodsire\n|-damage|p2a: Clodsire|30/100\n|move|p2a: Clodsire|Recover|p2a: Clodsire\n|-heal|p2a: Clodsire|80/100\n|\n|upkeep\n|turn|4\n|\n|t:|1783803919\n|switch|p2a: Corviknight|Corviknight, F|100/100\n|-ability|p2a: Corviknight|Pressure\n|move|p1a: Senbonzakura|Earth Power|p2a: Corviknight\n|-immune|p2a: Corviknight\n|\n|upkeep\n|turn|5\n|\n|t:|1783803925\n|move|p1a: Senbonzakura|Power Gem|p2a: Corviknight\n|-damage|p2a: Corviknight|58/100\n|move|p2a: Corviknight|U-turn|p1a: Senbonzakura\n|-resisted|p1a: Senbonzakura\n|-damage|p1a: Senbonzakura|0 fnt\n|-activate|p1a: Senbonzakura|ability: Toxic Debris\n|-sidestart|p2: DekuFoulerLab|move: Toxic Spikes\n|faint|p1a: Senbonzakura\n|\n|t:|1783803931\n|switch|p2a: Garganacl|Garganacl, F|100/100|[from] U-turn\n|-damage|p2a: Garganacl|88/100|[from] Stealth Rock\n|\n|-heal|p2a: Garganacl|94/100|[from] item: Leftovers\n|upkeep\n|\n|t:|1783803942\n|switch|p1a: Smithy|Iron Boulder|100/100\n|-damage|p1a: Smithy|88/100|[from] Stealth Rock\n|-enditem|p1a: Smithy|Booster Energy\n|-activate|p1a: Smithy|ability: Quark Drive|[fromitem]\n|-start|p1a: Smithy|quarkdrivespe\n|turn|6\n|\n|t:|1783803951\n|-terastallize|p1a: Smithy|Fighting\n|move|p1a: Smithy|Close Combat|p2a: Garganacl\n|-supereffective|p2a: Garganacl\n|-damage|p2a: Garganacl|29/100\n|-unboost|p1a: Smithy|def|1\n|-unboost|p1a: Smithy|spd|1\n|move|p2a: Garganacl|Salt Cure|p1a: Smithy\n|-resisted|p1a: Smithy\n|-damage|p1a: Smithy|74/100\n|-start|p1a: Smithy|Salt Cure\n|\n|-heal|p2a: Garganacl|35/100|[from] item: Leftovers\n|-damage|p1a: Smithy|62/100|[from] Salt Cure\n|upkeep\n|turn|7\n|\n|t:|1783803959\n|switch|p2a: Gholdengo|Gholdengo|100/100\n|move|p1a: Smithy|Swords Dance|p1a: Smithy\n|-boost|p1a: Smithy|atk|2\n|\n|-damage|p1a: Smithy|49/100|[from] Salt Cure\n|upkeep\n|turn|8\n|\n|t:|1783803965\n|switch|p2a: Dondozo|Dondozo, F|100/100\n|move|p1a: Smithy|Mighty Cleave|p2a: Dondozo\n|-damage|p2a: Dondozo|80/100\n|\n|-damage|p1a: Smithy|37/100|[from] Salt Cure\n|upkeep\n|turn|9\n|\n|t:|1783803971\n|move|p1a: Smithy|Zen Headbutt|p2a: Dondozo\n|-damage|p2a: Dondozo|62/100\n|move|p2a: Dondozo|Curse|p2a: Dondozo\n|-unboost|p2a: Dondozo|spe|1\n|-boost|p2a: Dondozo|atk|1\n|-boost|p2a: Dondozo|def|1\n|\n|-damage|p1a: Smithy|24/100|[from] Salt Cure\n|upkeep\n|turn|10\n|\n|t:|1783803978\n|move|p1a: Smithy|Close Combat|p2a: Dondozo\n|-damage|p2a: Dondozo|43/100\n|-unboost|p1a: Smithy|def|1\n|-unboost|p1a: Smithy|spd|1\n|move|p2a: Dondozo|Curse|p2a: Dondozo\n|-unboost|p2a: Dondozo|spe|1\n|-boost|p2a: Dondozo|atk|1\n|-boost|p2a: Dondozo|def|1\n|\n|-damage|p1a: Smithy|12/100|[from] Salt Cure\n|upkeep\n|turn|11\n|\n|t:|1783803984\n|move|p1a: Smithy|Close Combat|p2a: Dondozo\n|-damage|p2a: Dondozo|29/100\n|-unboost|p1a: Smithy|def|1\n|-unboost|p1a: Smithy|spd|1\n|move|p2a: Dondozo|Rest|p2a: Dondozo\n|-status|p2a: Dondozo|slp|[from] move: Rest\n|-heal|p2a: Dondozo|100/100 slp|[silent]\n|\n|-damage|p1a: Smithy|0 fnt|[from] Salt Cure\n|faint|p1a: Smithy\n|-end|p1a: Smithy|Quark Drive|[silent]\n|upkeep\n|\n|t:|1783803992\n|switch|p1a: Latinas|Latias, F|100/100\n|-damage|p1a: Latinas|88/100|[from] Stealth Rock\n|turn|12\n|\n|t:|1783803998\n|switch|p2a: Gholdengo|Gholdengo|100/100\n|move|p1a: Latinas|Calm Mind|p1a: Latinas\n|-boost|p1a: Latinas|spa|1\n|-boost|p1a: Latinas|spd|1\n|\n|upkeep\n|turn|13\n|\n|t:|1783804004\n|move|p1a: Latinas|Calm Mind|p1a: Latinas\n|-boost|p1a: Latinas|spa|1\n|-boost|p1a: Latinas|spd|1\n|move|p2a: Gholdengo|Shadow Ball|p1a: Latinas\n|-supereffective|p1a: Latinas\n|-damage|p1a: Latinas|60/100\n|\n|upkeep\n|turn|14\n|\n|t:|1783804010\n|move|p1a: Latinas|Calm Mind|p1a: Latinas\n|-boost|p1a: Latinas|spa|1\n|-boost|p1a: Latinas|spd|1\n|move|p2a: Gholdengo|Shadow Ball|p1a: Latinas\n|-supereffective|p1a: Latinas\n|-damage|p1a: Latinas|37/100\n|\n|upkeep\n|turn|15\n|\n|t:|1783804017\n|switch|p2a: Garganacl|Garganacl, F|35/100\n|-damage|p2a: Garganacl|23/100|[from] Stealth Rock\n|move|p1a: Latinas|Recover|p1a: Latinas\n|-heal|p1a: Latinas|87/100\n|\n|-heal|p2a: Garganacl|29/100|[from] item: Leftovers\n|upkeep\n|turn|16\n|\n|t:|1783804023\n|move|p2a: Garganacl|Protect|p2a: Garganacl\n|-singleturn|p2a: Garganacl|Protect\n|move|p1a: Latinas|Aura Sphere|p2a: Garganacl\n|-activate|p2a: Garganacl|move: Protect\n|\n|-heal|p2a: Garganacl|35/100|[from] item: Leftovers\n|upkeep\n|turn|17\n|\n|t:|1783804030\n|move|p2a: Garganacl|Protect||[still]\n|-fail|p2a: Garganacl\n|move|p1a: Latinas|Stored Power|p2a: Garganacl\n|-damage|p2a: Garganacl|0 fnt\n|faint|p2a: Garganacl\n|\n|upkeep\n|\n|t:|1783804036\n|switch|p2a: Dondozo|Dondozo, F|100/100 slp\n|turn|18\n|\n|t:|1783804043\n|move|p1a: Latinas|Calm Mind|p1a: Latinas\n|-boost|p1a: Latinas|spa|1\n|-boost|p1a: Latinas|spd|1\n|cant|p2a: Dondozo|slp\n|\n|upkeep\n|turn|19\n|\n|t:|1783804049\n|move|p1a: Latinas|Aura Sphere|p2a: Dondozo\n|-crit|p2a: Dondozo\n|-damage|p2a: Dondozo|74/100 slp\n|cant|p2a: Dondozo|slp\n|\n|upkeep\n|turn|20\n|\n|t:|1783804056\n|move|p1a: Latinas|Calm Mind|p1a: Latinas\n|-boost|p1a: Latinas|spa|1\n|-boost|p1a: Latinas|spd|1\n|-curestatus|p2a: Dondozo|slp|[msg]\n|move|p2a: Dondozo|Rest|p2a: Dondozo\n|-status|p2a: Dondozo|slp|[from] move: Rest\n|-heal|p2a: Dondozo|100/100 slp|[silent]\n|\n|upkeep\n|turn|21\n|\n|t:|1783804062\n|move|p1a: Latinas|Calm Mind|p1a: Latinas\n|-boost|p1a: Latinas|spa|1\n|-boost|p1a: Latinas|spd|1\n|cant|p2a: Dondozo|slp\n|\n|upkeep\n|turn|22\n|\n|t:|1783804068\n|move|p1a: Latinas|Stored Power|p2a: Dondozo\n|-damage|p2a: Dondozo|10/100 slp\n|cant|p2a: Dondozo|slp\n|\n|upkeep\n|turn|23\n|\n|t:|1783804074\n|move|p1a: Latinas|Stored Power|p2a: Dondozo\n|-damage|p2a: Dondozo|0 fnt\n|faint|p2a: Dondozo\n|\n|upkeep\n|\n|t:|1783804080\n|switch|p2a: Corviknight|Corviknight, F|58/100\n|-ability|p2a: Corviknight|Pressure\n|turn|24\n|\n|t:|1783804086\n|switch|p2a: Slowking|Slowking-Galar, M|100/100\n|-sideend|p2: DekuFoulerLab|move: Toxic Spikes|[of] p2a: Slowking\n|move|p1a: Latinas|Stored Power|p2a: Slowking\n|-damage|p2a: Slowking|0 fnt\n|faint|p2a: Slowking\n|\n|upkeep\n|\n|t:|1783804092\n|switch|p2a: Corviknight|Corviknight, F|58/100\n|-ability|p2a: Corviknight|Pressure\n|turn|25\n|\n|t:|1783804098\n|switch|p2a: Gholdengo|Gholdengo|100/100\n|move|p1a: Latinas|Stored Power|p2a: Gholdengo\n|-resisted|p2a: Gholdengo\n|-damage|p2a: Gholdengo|0 fnt\n|faint|p2a: Gholdengo\n|\n|upkeep\n|\n|t:|1783804104\n|switch|p2a: Corviknight|Corviknight, F|58/100\n|-ability|p2a: Corviknight|Pressure\n|turn|26\n|c|☆turpz|gg stall player\n|\n|t:|1783804110\n|switch|p2a: Clodsire|Clodsire, F|80/100\n|move|p1a: Latinas|Stored Power|p2a: Clodsire\n|-supereffective|p2a: Clodsire\n|-damage|p2a: Clodsire|0 fnt\n|faint|p2a: Clodsire\n|\n|upkeep\n|\n|t:|1783804116\n|switch|p2a: Corviknight|Corviknight, F|58/100\n|-ability|p2a: Corviknight|Pressure\n|turn|27\n|c|☆turpz|not how pressure works btw\n|\n|t:|1783804122\n|move|p1a: Latinas|Stored Power|p2a: Corviknight\n|-resisted|p2a: Corviknight\n|-damage|p2a: Corviknight|0 fnt\n|faint|p2a: Corviknight\n|\n|win|turpz\n|raw|turpz's rating: 1348 &rarr; <strong>1371</strong><br />(+23 for winning)\n|raw|DekuFoulerLab's rating: 1397 &rarr; <strong>1374</strong><br />(-23 for losing)\n|l|☆turpz\n|player|p1|\n|l|☆DekuFoulerLab\n|player|p2|\n", "uploadtime": 1783804122, "views": 31, "formatid": "gen9ou", "rating": 1371, "private": 0, "password": null}