{"id": "gen9ou-2540728402", "format": "[Gen 9] OU", "players": ["barronmaster", "tuanquewang"], "log": "|j|☆barronmaster\n|j|☆tuanquewang\n|t:|1771246694\n|gametype|singles\n|player|p1|barronmaster|2|1613\n|player|p2|tuanquewang|backersf|1673\n|gen|9\n|tier|[Gen 9] OU\n|rated|\n|rule|HP Percentage Mod: HP is shown in percentages\n|rule|Endless Battle Clause: Forcing endless battles is banned\n|rule|Species Clause: Limit one of each Pokémon\n|rule|OHKO Clause: OHKO moves are banned\n|rule|Evasion Items Clause: Evasion items are banned\n|rule|Evasion Moves Clause: Evasion moves are banned\n|rule|Evasion Abilities Clause: Evasion abilities are banned\n|rule|Sleep Moves Clause: Sleep-inducing moves are banned\n|clearpoke\n|poke|p1|Hoopa-Unbound|\n|poke|p1|Ninetales-Alola, M|\n|poke|p1|Slowking-Galar, M|\n|poke|p1|Cloyster, M|\n|poke|p1|Zoroark, F|\n|poke|p1|Indeedee, M|\n|poke|p2|Slowking-Galar, M|\n|poke|p2|Alomomola, F|\n|poke|p2|Scizor, M|\n|poke|p2|Hydrapple, F|\n|poke|p2|Cinderace, M|\n|poke|p2|Sandy Shocks|\n|teampreview\n|inactive|Battle timer is ON: inactive players will automatically lose when time's up. (requested by tuanquewang)\n|\n|t:|1771246707\n|teamsize|p1|6\n|teamsize|p2|6\n|start\n|switch|p1a: Hoopa|Hoopa-Unbound|100/100\n|switch|p2a: Scizor|Scizor, M|100/100\n|turn|1\n|\n|t:|1771246715\n|move|p1a: Hoopa|Flamethrower|p2a: Scizor\n|-supereffective|p2a: Scizor\n|-damage|p2a: Scizor|0 fnt\n|faint|p2a: Scizor\n|-damage|p1a: Hoopa|91/100|[from] item: Life Orb\n|\n|upkeep\n|\n|t:|1771246718\n|switch|p2a: Cinderace|Cinderace, M|100/100\n|turn|2\n|\n|t:|1771246736\n|-terastallize|p1a: Hoopa|Fire\n|move|p2a: Cinderace|U-turn|p1a: Hoopa\n|-start|p2a: Cinderace|typechange|Bug|[from] ability: Libero\n|-resisted|p1a: Hoopa\n|-damage|p1a: Hoopa|56/100\n|replace|p1a: Zoroark|Zoroark, F, shiny\n|-end|p1a: Zoroark|Illusion\n|\n|t:|1771246739\n|switch|p2a: Alomomola|Alomomola, F|100/100|[from] U-turn\n|move|p1a: Zoroark|Knock Off|p2a: Alomomola\n|-damage|p2a: Alomomola|65/100\n|-enditem|p2a: Alomomola|Leftovers|[from] move: Knock Off|[of] p1a: Zoroark\n|-damage|p1a: Zoroark|46/100|[from] item: Life Orb\n|\n|upkeep\n|turn|3\n|\n|t:|1771246753\n|move|p1a: Zoroark|U-turn|p2a: Alomomola\n|-damage|p2a: Alomomola|49/100\n|-damage|p1a: Zoroark|36/100|[from] item: Life Orb\n|\n|t:|1771246759\n|switch|p1a: Slowking|Slowking-Galar, M|100/100|[from] U-turn\n|move|p2a: Alomomola|Flip Turn|p1a: Slowking\n|-crit|p1a: Slowking\n|-damage|p1a: Slowking|72/100\n|\n|t:|1771246763\n|switch|p2a: Cinderace|Cinderace, M|100/100|[from] Flip Turn\n|\n|-heal|p1a: Slowking|78/100|[from] item: Leftovers\n|upkeep\n|turn|4\n|\n|t:|1771246771\n|move|p2a: Cinderace|Pyro Ball|p1a: Slowking\n|-damage|p1a: Slowking|7/100\n|move|p1a: Slowking|Trick Room|p1a: Slowking\n|-fieldstart|move: Trick Room|[of] p1a: Slowking\n|\n|-heal|p1a: Slowking|13/100|[from] item: Leftovers\n|upkeep\n|turn|5\n|\n|t:|1771246781\n|switch|p1a: Cloyster|Cloyster, M|100/100\n|move|p2a: Cinderace|U-turn|p1a: Cloyster\n|-start|p2a: Cinderace|typechange|Bug|[from] ability: Libero\n|-damage|p1a: Cloyster|74/100\n|\n|t:|1771246788\n|switch|p2a: Hydrapple|Hydrapple, F, shiny|100/100|[from] U-turn\n|\n|upkeep\n|turn|6\n|\n|t:|1771246806\n|switch|p1a: Hoopa|Hoopa-Unbound|100/100\n|move|p2a: Hydrapple|Draco Meteor|p1a: Hoopa\n|-damage|p1a: Hoopa|46/100\n|-unboost|p2a: Hydrapple|spa|2\n|\n|upkeep\n|turn|7\n|\n|t:|1771246815\n|switch|p2a: Alomomola|Alomomola, F|82/100\n|move|p1a: Hoopa|Drain Punch|p2a: Alomomola\n|-damage|p2a: Alomomola|67/100\n|-heal|p1a: Hoopa|60/100|[from] drain|[of] p2a: Alomomola\n|\n|upkeep\n|turn|8\n|\n|t:|1771246830\n|move|p2a: Alomomola|Flip Turn|p1a: Hoopa\n|-damage|p1a: Hoopa|33/100\n|\n|t:|1771246832\n|switch|p2a: Slowking|Slowking-Galar, M|100/100|[from] Flip Turn\n|move|p1a: Hoopa|Psychic Noise|p2a: Slowking\n|-damage|p2a: Slowking|68/100\n|-start|p2a: Slowking|move: Heal Block\n|\n|-fieldend|move: Trick Room\n|upkeep\n|turn|9\n|\n|t:|1771246837\n|switch|p2a: Alomomola|Alomomola, F|99/100\n|move|p1a: Hoopa|Knock Off|p2a: Alomomola\n|-damage|p2a: Alomomola|80/100\n|\n|upkeep\n|turn|10\n|inactive|tuanquewang has 120 seconds left.\n|\n|t:|1771246875\n|move|p1a: Hoopa|Thunderbolt|p2a: Alomomola\n|-supereffective|p2a: Alomomola\n|-damage|p2a: Alomomola|0 fnt\n|faint|p2a: Alomomola\n|\n|upkeep\n|\n|t:|1771246881\n|switch|p2a: Sandy Shocks|Sandy Shocks, shiny|100/100\n|turn|11\n|inactive|tuanquewang has 120 seconds left.\n|\n|t:|1771246893\n|move|p2a: Sandy Shocks|Earth Power|p1a: Hoopa\n|-damage|p1a: Hoopa|4/100\n|move|p1a: Hoopa|Knock Off|p2a: Sandy Shocks\n|-damage|p2a: Sandy Shocks|37/100\n|-enditem|p2a: Sandy Shocks|Choice Scarf|[from] move: Knock Off|[of] p1a: Hoopa\n|\n|upkeep\n|turn|12\n|inactive|tuanquewang has 120 seconds left.\n|\n|t:|1771246912\n|move|p2a: Sandy Shocks|Volt Switch|p1a: Hoopa\n|-damage|p1a: Hoopa|0 fnt\n|faint|p1a: Hoopa\n|inactive|tuanquewang has 120 seconds left.\n|\n|t:|1771246917\n|-end|p2a: Sandy Shocks|Protosynthesis|[silent]\n|switch|p2a: Cinderace|Cinderace, M|100/100|[from] Volt Switch\n|\n|upkeep\n|\n|t:|1771246937\n|switch|p1a: Cloyster|Cloyster, M, tera:Fire|36/100\n|turn|13\n|\n|t:|1771246949\n|move|p1a: Cloyster|Sucker Punch|p2a: Cinderace\n|-damage|p2a: Cinderace|34/100\n|-damage|p1a: Cloyster|26/100|[from] item: Life Orb\n|move|p2a: Cinderace|High Jump Kick|p1a: Cloyster\n|-start|p2a: Cinderace|typechange|Fighting|[from] ability: Libero\n|-crit|p1a: Cloyster\n|-damage|p1a: Cloyster|0 fnt\n|replace|p1a: Zoroark|Zoroark, F, shiny\n|-end|p1a: Zoroark|Illusion\n|faint|p1a: Zoroark\n|\n|upkeep\n|\n|t:|1771246970\n|switch|p1a: Ninetales|Ninetales-Alola, M|100/100\n|-weather|Snowscape|[from] ability: Snow Warning|[of] p1a: Ninetales\n|turn|14\n|\n|t:|1771246977\n|move|p2a: Cinderace|U-turn|p1a: Ninetales\n|-resisted|p1a: Ninetales\n|-damage|p1a: Ninetales|92/100\n|\n|t:|1771246979\n|switch|p2a: Slowking|Slowking-Galar, M|100/100|[from] U-turn\n|move|p1a: Ninetales|Moonblast|p2a: Slowking\n|-resisted|p2a: Slowking\n|-crit|p2a: Slowking\n|-damage|p2a: Slowking|87/100\n|\n|-weather|Snowscape|[upkeep]\n|-heal|p2a: Slowking|93/100|[from] item: Black Sludge\n|upkeep\n|turn|15\n|\n|t:|1771246984\n|move|p1a: Ninetales|Aurora Veil|p1a: Ninetales\n|-sidestart|p1: barronmaster|move: Aurora Veil\n|move|p2a: Slowking|Toxic|p1a: Ninetales\n|-status|p1a: Ninetales|tox\n|\n|-weather|Snowscape|[upkeep]\n|-heal|p2a: Slowking|99/100|[from] item: Black Sludge\n|-damage|p1a: Ninetales|86/100 tox|[from] psn\n|upkeep\n|turn|16\n|\n|t:|1771246988\n|switch|p1a: Slowking|Slowking-Galar, M|47/100\n|-prepare|p2a: Slowking|Chilly Reception|[premajor]\n|move|p2a: Slowking|Chilly Reception|p2a: Slowking\n|\n|t:|1771246991\n|switch|p2a: Cinderace|Cinderace, M|34/100|[from] Chilly Reception\n|\n|-weather|Snowscape|[upkeep]\n|-heal|p1a: Slowking|53/100|[from] item: Leftovers\n|upkeep\n|turn|17\n|j| iamfrhaan007\n|\n|t:|1771247003\n|move|p2a: Cinderace|Court Change|p2a: Cinderace\n|-start|p2a: Cinderace|typechange|Normal|[from] ability: Libero\n|-swapsideconditions\n|-activate|p2a: Cinderace|move: Court Change\n|move|p1a: Slowking|Psychic Noise|p2a: Cinderace\n|-damage|p2a: Cinderace|6/100\n|-start|p2a: Cinderace|move: Heal Block\n|\n|-weather|Snowscape|[upkeep]\n|-heal|p1a: Slowking|59/100|[from] item: Leftovers\n|upkeep\n|turn|18\n|\n|t:|1771247020\n|move|p2a: Cinderace|U-turn|p1a: Slowking\n|-damage|p1a: Slowking|34/100\n|\n|t:|1771247023\n|switch|p2a: Slowking|Slowking-Galar, M|100/100|[from] U-turn\n|move|p1a: Slowking|Trick Room|p1a: Slowking\n|-fieldstart|move: Trick Room|[of] p1a: Slowking\n|\n|-weather|none\n|-heal|p1a: Slowking|40/100|[from] item: Leftovers\n|upkeep\n|turn|19\n|\n|t:|1771247042\n|switch|p1a: Indeedee|Indeedee, M|100/100\n|-fieldstart|move: Psychic Terrain|[from] ability: Psychic Surge|[of] p1a: Indeedee\n|move|p2a: Slowking|Future Sight|p1a: Indeedee\n|-start|p2a: Slowking|move: Future Sight\n|\n|upkeep\n|turn|20\n|\n|t:|1771247050\n|move|p2a: Slowking|Trick|p1a: Indeedee\n|-activate|p2a: Slowking|move: Trick|[of] p1a: Indeedee\n|-item|p1a: Indeedee|Black Sludge|[from] move: Trick\n|-item|p2a: Slowking|Life Orb|[from] move: Trick\n|move|p1a: Indeedee|Expanding Force|p2a: Slowking\n|-damage|p2a: Slowking|78/100\n|\n|-damage|p1a: Indeedee|88/100|[from] item: Black Sludge\n|upkeep\n|turn|21\n|inactive|barronmaster has 120 seconds left.\n|\n|t:|1771247086\n|move|p2a: Slowking|Toxic|p1a: Indeedee\n|-status|p1a: Indeedee|tox\n|move|p1a: Indeedee|Expanding Force|p2a: Slowking\n|-damage|p2a: Slowking|57/100\n|\n|-end|p1a: Indeedee|move: Future Sight\n|-resisted|p1a: Indeedee\n|-damage|p1a: Indeedee|50/100 tox\n|-damage|p2a: Slowking|47/100|[from] item: Life Orb\n|-damage|p1a: Indeedee|38/100 tox|[from] item: Black Sludge\n|-damage|p1a: Indeedee|32/100 tox|[from] psn\n|upkeep\n|turn|22\n|inactive|barronmaster has 120 seconds left.\n|\n|t:|1771247104\n|move|p2a: Slowking|Future Sight|p1a: Indeedee\n|-start|p2a: Slowking|move: Future Sight\n|move|p1a: Indeedee|Expanding Force|p2a: Slowking\n|-damage|p2a: Slowking|26/100\n|\n|-damage|p1a: Indeedee|20/100 tox|[from] item: Black Sludge\n|-damage|p1a: Indeedee|8/100 tox|[from] psn\n|-sideend|p2: tuanquewang|move: Aurora Veil\n|-fieldend|move: Trick Room\n|upkeep\n|turn|23\n|inactive|barronmaster has 120 seconds left.\n|\n|t:|1771247125\n|switch|p2a: Hydrapple|Hydrapple, F, shiny|100/100\n|move|p1a: Indeedee|Healing Wish|p1a: Indeedee\n|faint|p1a: Indeedee\n|\n|-fieldend|move: Psychic Terrain\n|upkeep\n|\n|t:|1771247139\n|switch|p1a: Ninetales|Ninetales-Alola, M|86/100 tox\n|-heal|p1a: Ninetales|100/100|[from] move: Healing Wish\n|-weather|Snowscape|[from] ability: Snow Warning|[of] p1a: Ninetales\n|turn|24\n|\n|t:|1771247147\n|switch|p2a: Slowking|Slowking-Galar, M|59/100\n|move|p1a: Ninetales|Aurora Veil|p1a: Ninetales\n|-sidestart|p1: barronmaster|move: Aurora Veil\n|\n|-weather|Snowscape|[upkeep]\n|-end|p1a: Ninetales|move: Future Sight\n|-damage|p1a: Ninetales|68/100\n|-damage|p2a: Slowking|49/100|[from] item: Life Orb\n|upkeep\n|turn|25\n|\n|t:|1771247167\n|switch|p1a: Slowking|Slowking-Galar, M|74/100\n|-prepare|p2a: Slowking|Chilly Reception|[premajor]\n|move|p2a: Slowking|Chilly Reception|p2a: Slowking\n|\n|t:|1771247170\n|switch|p2a: Cinderace|Cinderace, M|6/100|[from] Chilly Reception\n|\n|-weather|Snowscape|[upkeep]\n|-heal|p1a: Slowking|80/100|[from] item: Leftovers\n|upkeep\n|turn|26\n|\n|t:|1771247175\n|move|p2a: Cinderace|Court Change|p2a: Cinderace\n|-start|p2a: Cinderace|typechange|Normal|[from] ability: Libero\n|-swapsideconditions\n|-activate|p2a: Cinderace|move: Court Change\n|move|p1a: Slowking|Psychic Noise|p2a: Cinderace\n|-damage|p2a: Cinderace|0 fnt\n|faint|p2a: Cinderace\n|\n|-weather|Snowscape|[upkeep]\n|-heal|p1a: Slowking|86/100|[from] item: Leftovers\n|upkeep\n|\n|t:|1771247185\n|switch|p2a: Hydrapple|Hydrapple, F, shiny|100/100\n|turn|27\n|inactive|barronmaster has 120 seconds left.\n|\n|t:|1771247208\n|switch|p1a: Ninetales|Ninetales-Alola, M|68/100\n|move|p2a: Hydrapple|Earth Power|p1a: Ninetales\n|-damage|p1a: Ninetales|16/100\n|\n|-weather|Snowscape|[upkeep]\n|upkeep\n|turn|28\n|\n|t:|1771247224\n|-terastallize|p2a: Hydrapple|Water\n|move|p1a: Ninetales|Aurora Veil|p1a: Ninetales\n|-sidestart|p1: barronmaster|move: Aurora Veil\n|move|p2a: Hydrapple|Earth Power|p1a: Ninetales\n|-damage|p1a: Ninetales|0 fnt\n|faint|p1a: Ninetales\n|\n|-weather|none\n|upkeep\n|inactive|barronmaster has 120 seconds left.\n|\n|t:|1771247236\n|switch|p1a: Slowking|Slowking-Galar, M|100/100\n|turn|29\n|inactive|barronmaster has 120 seconds left.\n|\n|t:|1771247245\n|switch|p2a: Slowking|Slowking-Galar, M|82/100\n|move|p1a: Slowking|Nasty Plot|p1a: Slowking\n|-boost|p1a: Slowking|spa|2\n|\n|upkeep\n|turn|30\n|\n|t:|1771247253\n|move|p1a: Slowking|Nasty Plot|p1a: Slowking\n|-boost|p1a: Slowking|spa|2\n|move|p2a: Slowking|Future Sight|p1a: Slowking\n|-start|p2a: Slowking|move: Future Sight\n|\n|upkeep\n|turn|31\n|\n|t:|1771247265\n|move|p1a: Slowking|Nasty Plot|p1a: Slowking\n|-boost|p1a: Slowking|spa|2\n|-prepare|p2a: Slowking|Chilly Reception|[premajor]\n|move|p2a: Slowking|Chilly Reception|p2a: Slowking\n|-weather|Snowscape\n|\n|t:|1771247269\n|switch|p2a: Sandy Shocks|Sandy Shocks, shiny|37/100|[from] Chilly Reception\n|\n|-weather|Snowscape|[upkeep]\n|-sideend|p2: tuanquewang|move: Aurora Veil\n|upkeep\n|turn|32\n|\n|t:|1771247278\n|move|p2a: Sandy Shocks|Volt Switch|p1a: Slowking\n|-damage|p1a: Slowking|86/100\n|\n|t:|1771247281\n|-end|p2a: Sandy Shocks|Protosynthesis|[silent]\n|switch|p2a: Slowking|Slowking-Galar, M|100/100|[from] Volt Switch\n|move|p1a: Slowking|Trick Room|p1a: Slowking\n|-fieldstart|move: Trick Room|[of] p1a: Slowking\n|\n|-weather|Snowscape|[upkeep]\n|-end|p1a: Slowking|move: Future Sight\n|-damage|p1a: Slowking|63/100\n|-damage|p2a: Slowking|91/100|[from] item: Life Orb\n|-heal|p1a: Slowking|69/100|[from] item: Leftovers\n|upkeep\n|turn|33\n|c|☆barronmaster|Gg\n|j| ProWriter64\n|inactive|barronmaster has 120 seconds left.\n|\n|t:|1771247314\n|move|p2a: Slowking|Future Sight|p1a: Slowking\n|-start|p2a: Slowking|move: Future Sight\n|move|p1a: Slowking|Psychic Noise|p2a: Slowking\n|-damage|p2a: Slowking|3/100\n|-start|p2a: Slowking|move: Heal Block\n|\n|-weather|Snowscape|[upkeep]\n|-heal|p1a: Slowking|75/100|[from] item: Leftovers\n|upkeep\n|turn|34\n|inactive|barronmaster has 120 seconds left.\n|\n|t:|1771247329\n|move|p2a: Slowking|Trick|p1a: Slowking\n|-activate|p2a: Slowking|move: Trick|[of] p1a: Slowking\n|-item|p1a: Slowking|Life Orb|[from] move: Trick\n|-item|p2a: Slowking|Leftovers|[from] move: Trick\n|move|p1a: Slowking|Psychic Noise|p2a: Slowking\n|-damage|p2a: Slowking|0 fnt\n|faint|p2a: Slowking\n|-damage|p1a: Slowking|65/100|[from] item: Life Orb\n|\n|-weather|Snowscape|[upkeep]\n|upkeep\n|\n|t:|1771247339\n|switch|p2a: Sandy Shocks|Sandy Shocks, shiny|37/100\n|turn|35\n|inactive|barronmaster has 120 seconds left.\n|\n|t:|1771247361\n|move|p1a: Slowking|Psychic Noise|p2a: Sandy Shocks\n|-damage|p2a: Sandy Shocks|0 fnt\n|faint|p2a: Sandy Shocks\n|-end|p2a: Sandy Shocks|Protosynthesis|[silent]\n|-damage|p1a: Slowking|55/100|[from] item: Life Orb\n|\n|-weather|none\n|-end|p1a: Slowking|move: Future Sight\n|-damage|p1a: Slowking|37/100\n|-sideend|p1: barronmaster|move: Aurora Veil\n|upkeep\n|\n|t:|1771247364\n|switch|p2a: Hydrapple|Hydrapple, F, shiny, tera:Water|100/100\n|turn|36\n|inactive|barronmaster has 120 seconds left.\n|j| gdsegtrhyer\n|\n|t:|1771247381\n|move|p1a: Slowking|Psychic Noise|p2a: Hydrapple\n|-damage|p2a: Hydrapple|0 fnt\n|faint|p2a: Hydrapple\n|-damage|p1a: Slowking|28/100|[from] item: Life Orb\n|\n|win|barronmaster\n|raw|barronmaster's rating: 1613 &rarr; <strong>1636</strong><br />(+23 for winning)\n|raw|tuanquewang's rating: 1673 &rarr; <strong>1650</strong><br />(-23 for losing)\n|l|☆tuanquewang\n|player|p2|\n|l| gdsegtrhyer\n|l| iamfrhaan007\n", "uploadtime": 1771247634, "views": 6, "formatid": "gen9ou", "rating": 1636, "private": 0, "password": null}