{"id": "gen9ou-2639296788", "format": "[Gen 9] OU", "players": ["OUBotBeepBoop", "imgonnalosefs"], "log": "|j|☆OUBotBeepBoop\n|j|☆imgonnalosefs\n|t:|1782448005\n|gametype|singles\n|player|p1|OUBotBeepBoop|2|1098\n|player|p2|imgonnalosefs|2|1088\n|gen|9\n|tier|[Gen 9] OU\n|rated|\n|rule|HP Percentage Mod: HP is shown in percentages\n|rule|Endless Battle Clause: Forcing endless battles is banned\n|rule|Species Clause: Limit one of each Pokémon\n|rule|OHKO Clause: OHKO moves are banned\n|rule|Evasion Items Clause: Evasion items are banned\n|rule|Evasion Moves Clause: Evasion moves are banned\n|rule|Evasion Abilities Clause: Evasion abilities are banned\n|rule|Sleep Moves Clause: Sleep-inducing moves are banned\n|clearpoke\n|poke|p1|Glimmora, M|\n|poke|p1|Great Tusk|\n|poke|p1|Kingambit, F|\n|poke|p1|Dragapult, M|\n|poke|p1|Clefable, M|\n|poke|p1|Corviknight, M|\n|poke|p2|Indeedee, M|\n|poke|p2|Hatterene, F|\n|poke|p2|Ursaluna, F|\n|poke|p2|Iron Hands|\n|poke|p2|Hoopa-Unbound|\n|poke|p2|Mimikyu, M|\n|teampreview\n|\n|t:|1782448012\n|teamsize|p1|6\n|teamsize|p2|6\n|start\n|switch|p1a: Glimmora|Glimmora, M|100/100\n|switch|p2a: Indeedee|Indeedee, M, shiny|100/100\n|-fieldstart|move: Psychic Terrain|[from] ability: Psychic Surge|[of] p2a: Indeedee\n|turn|1\n|\n|t:|1782448030\n|switch|p1a: Kingambit|Kingambit, F|100/100\n|move|p2a: Indeedee|Trick Room|p2a: Indeedee\n|-fieldstart|move: Trick Room|[of] p2a: Indeedee\n|\n|upkeep\n|turn|2\n|\n|t:|1782448037\n|switch|p2a: Iron Hands|Iron Hands|100/100\n|-enditem|p2a: Iron Hands|Booster Energy\n|-activate|p2a: Iron Hands|ability: Quark Drive|[fromitem]\n|-start|p2a: Iron Hands|quarkdriveatk\n|move|p1a: Kingambit|Kowtow Cleave|p2a: Iron Hands\n|-resisted|p2a: Iron Hands\n|-damage|p2a: Iron Hands|82/100\n|\n|upkeep\n|turn|3\n|\n|t:|1782448052\n|-end|p1a: Kingambit|fallenundefined|[silent]\n|switch|p1a: Great Tusk|Great Tusk|100/100\n|move|p2a: Iron Hands|Ice Punch|p1a: Great Tusk\n|-supereffective|p1a: Great Tusk\n|-damage|p1a: Great Tusk|46/100\n|\n|upkeep\n|turn|4\n|\n|t:|1782448059\n|move|p2a: Iron Hands|Drain Punch|p1a: Great Tusk\n|-damage|p1a: Great Tusk|1/100\n|-heal|p2a: Iron Hands|98/100|[from] drain|[of] p1a: Great Tusk\n|move|p1a: Great Tusk|Rapid Spin|p2a: Iron Hands\n|-damage|p2a: Iron Hands|86/100\n|-boost|p1a: Great Tusk|spe|1\n|\n|upkeep\n|turn|5\n|\n|t:|1782448068\n|move|p2a: Iron Hands|Iron Head|p1a: Great Tusk\n|-damage|p1a: Great Tusk|0 fnt\n|faint|p1a: Great Tusk\n|-end|p1a: Great Tusk|Protosynthesis|[silent]\n|\n|-fieldend|move: Trick Room\n|upkeep\n|\n|t:|1782448068\n|switch|p1a: Dragapult|Dragapult, M|100/100\n|turn|6\n|\n|t:|1782448075\n|move|p1a: Dragapult|Shadow Ball|p2a: Iron Hands\n|-damage|p2a: Iron Hands|35/100\n|move|p2a: Iron Hands|Ice Punch|p1a: Dragapult\n|-supereffective|p1a: Dragapult\n|-damage|p1a: Dragapult|0 fnt\n|faint|p1a: Dragapult\n|\n|upkeep\n|\n|t:|1782448075\n|switch|p1a: Clefable|Clefable, M|100/100\n|turn|7\n|\n|t:|1782448085\n|move|p1a: Clefable|Moonblast|p2a: Iron Hands\n|-supereffective|p2a: Iron Hands\n|-damage|p2a: Iron Hands|0 fnt\n|faint|p2a: Iron Hands\n|-end|p2a: Iron Hands|Quark Drive|[silent]\n|\n|upkeep\n|\n|t:|1782448114\n|switch|p2a: Hatterene|Hatterene, F, shiny|100/100\n|turn|8\n|\n|t:|1782448120\n|move|p1a: Clefable|Moonblast|p2a: Hatterene\n|-damage|p2a: Hatterene|70/100\n|move|p2a: Hatterene|Expanding Force|p1a: Clefable\n|-damage|p1a: Clefable|0 fnt\n|faint|p1a: Clefable\n|-damage|p2a: Hatterene|60/100|[from] item: Life Orb\n|\n|-fieldend|move: Psychic Terrain\n|upkeep\n|\n|t:|1782448120\n|switch|p1a: Kingambit|Kingambit, F|100/100\n|-activate|p1a: Kingambit|ability: Supreme Overlord\n|-start|p1a: Kingambit|fallen3|[silent]\n|turn|9\n|\n|t:|1782448134\n|-terastallize|p2a: Hatterene|Fire\n|move|p1a: Kingambit|Kowtow Cleave|p2a: Hatterene\n|-damage|p2a: Hatterene|0 fnt\n|faint|p2a: Hatterene\n|\n|upkeep\n|c|☆imgonnalosefs|im such a loser\n|\n|t:|1782448144\n|switch|p2a: Mimikyu|Mimikyu, M|100/100\n|turn|10\n|\n|t:|1782448147\n|move|p1a: Kingambit|Kowtow Cleave|p2a: Mimikyu\n|-activate|p2a: Mimikyu|ability: Disguise\n|-damage|p2a: Mimikyu|100/100\n|detailschange|p2a: Mimikyu|Mimikyu-Busted, M\n|-damage|p2a: Mimikyu|88/100|[from] pokemon: Mimikyu-Busted\n|-enditem|p2a: Mimikyu|Red Card|[of] p1a: Kingambit\n|-end|p1a: Kingambit|fallen3|[silent]\n|drag|p1a: Corviknight|Corviknight, M|100/100\n|-ability|p1a: Corviknight|Pressure\n|move|p2a: Mimikyu|Trick Room|p2a: Mimikyu\n|-fieldstart|move: Trick Room|[of] p2a: Mimikyu\n|\n|upkeep\n|turn|11\n|\n|t:|1782448250\n|move|p1a: Corviknight|U-turn|p2a: Mimikyu\n|-resisted|p2a: Mimikyu\n|-damage|p2a: Mimikyu|83/100\n|\n|t:|1782448250\n|switch|p1a: Kingambit|Kingambit, F|100/100|[from] U-turn\n|-activate|p1a: Kingambit|ability: Supreme Overlord\n|-start|p1a: Kingambit|fallen3|[silent]\n|move|p2a: Mimikyu|Curse|p1a: Kingambit\n|-start|p1a: Kingambit|Curse|[of] p2a: Mimikyu\n|-damage|p2a: Mimikyu|34/100\n|\n|-damage|p1a: Kingambit|75/100|[from] Curse\n|upkeep\n|turn|12\n|\n|t:|1782448264\n|move|p1a: Kingambit|Kowtow Cleave|p2a: Mimikyu\n|-damage|p2a: Mimikyu|0 fnt\n|faint|p2a: Mimikyu\n|\n|-damage|p1a: Kingambit|50/100|[from] Curse\n|upkeep\n|\n|t:|1782448273\n|switch|p2a: Ursaluna|Ursaluna, F, shiny|100/100\n|turn|13\n|\n|t:|1782448282\n|-end|p1a: Kingambit|fallen3|[silent]\n|switch|p1a: Corviknight|Corviknight, M|100/100\n|-ability|p1a: Corviknight|Pressure\n|move|p2a: Ursaluna|Thunder Punch|p1a: Corviknight\n|-supereffective|p1a: Corviknight\n|-damage|p1a: Corviknight|63/100\n|\n|-heal|p1a: Corviknight|70/100|[from] item: Leftovers\n|-status|p2a: Ursaluna|brn|[from] item: Flame Orb\n|upkeep\n|turn|14\n|\n|t:|1782448292\n|move|p2a: Ursaluna|Thunder Punch|p1a: Corviknight\n|-supereffective|p1a: Corviknight\n|-damage|p1a: Corviknight|14/100\n|move|p1a: Corviknight|Body Press|p2a: Ursaluna\n|-supereffective|p2a: Ursaluna\n|-damage|p2a: Ursaluna|63/100 brn\n|\n|-heal|p1a: Corviknight|20/100|[from] item: Leftovers\n|-damage|p2a: Ursaluna|57/100 brn|[from] brn\n|-fieldend|move: Trick Room\n|upkeep\n|turn|15\n|\n|t:|1782448304\n|switch|p2a: Indeedee|Indeedee, M, shiny|100/100\n|-fieldstart|move: Psychic Terrain|[from] ability: Psychic Surge|[of] p2a: Indeedee\n|move|p1a: Corviknight|U-turn|p2a: Indeedee\n|-supereffective|p2a: Indeedee\n|-damage|p2a: Indeedee|66/100\n|\n|t:|1782448304\n|switch|p1a: Kingambit|Kingambit, F|50/100|[from] U-turn\n|-activate|p1a: Kingambit|ability: Supreme Overlord\n|-start|p1a: Kingambit|fallen3|[silent]\n|\n|upkeep\n|turn|16\n|\n|t:|1782448316\n|move|p1a: Kingambit|Kowtow Cleave|p2a: Indeedee\n|-supereffective|p2a: Indeedee\n|-damage|p2a: Indeedee|0 fnt\n|faint|p2a: Indeedee\n|\n|upkeep\n|\n|t:|1782448324\n|switch|p2a: Hoopa|Hoopa-Unbound|100/100\n|-enditem|p2a: Hoopa|Psychic Seed\n|-boost|p2a: Hoopa|spd|1|[from] item: Psychic Seed\n|turn|17\n|\n|t:|1782448330\n|-terastallize|p1a: Kingambit|Dark\n|move|p1a: Kingambit|Kowtow Cleave|p2a: Hoopa\n|-damage|p2a: Hoopa|0 fnt\n|faint|p2a: Hoopa\n|\n|upkeep\n|\n|t:|1782448336\n|switch|p2a: Ursaluna|Ursaluna, F, shiny|57/100 brn\n|turn|18\n|\n|t:|1782448341\n|move|p1a: Kingambit|Kowtow Cleave|p2a: Ursaluna\n|-damage|p2a: Ursaluna|0 fnt\n|faint|p2a: Ursaluna\n|\n|win|OUBotBeepBoop\n|raw|OUBotBeepBoop's rating: 1098 &rarr; <strong>1123</strong><br />(+25 for winning)\n|raw|imgonnalosefs's rating: 1088 &rarr; <strong>1065</strong><br />(-23 for losing)\n|l|☆OUBotBeepBoop\n|player|p1|\n|l|☆imgonnalosefs\n|player|p2|\n", "uploadtime": 1782448701, "views": 4, "formatid": "gen9ou", "rating": 1065, "private": 0, "password": null}