{"id": "gen9ou-2639959198", "format": "[Gen 9] OU", "players": ["LowEL0God", "merlin sword"], "log": "|j|☆LowEL0God\n|j|☆merlin sword\n|t:|1782552657\n|gametype|singles\n|player|p1|LowEL0God|2|1545\n|player|p2|merlin sword|hiker-gen4|1576\n|gen|9\n|tier|[Gen 9] OU\n|rated|\n|rule|HP Percentage Mod: HP is shown in percentages\n|rule|Endless Battle Clause: Forcing endless battles is banned\n|rule|Species Clause: Limit one of each Pokémon\n|rule|OHKO Clause: OHKO moves are banned\n|rule|Evasion Items Clause: Evasion items are banned\n|rule|Evasion Moves Clause: Evasion moves are banned\n|rule|Evasion Abilities Clause: Evasion abilities are banned\n|rule|Sleep Moves Clause: Sleep-inducing moves are banned\n|clearpoke\n|poke|p1|Pelipper, F|\n|poke|p1|Torkoal, F|\n|poke|p1|Walking Wake|\n|poke|p1|Tyranitar, M|\n|poke|p1|Excadrill, M|\n|poke|p1|Ogerpon-Wellspring, F|\n|poke|p2|Dragonite, F|\n|poke|p2|Hatterene, F|\n|poke|p2|Weavile, M|\n|poke|p2|Ogerpon-Wellspring, F|\n|poke|p2|Kingambit, F|\n|poke|p2|Great Tusk|\n|teampreview\n|inactive|Battle timer is ON: inactive players will automatically lose when time's up. (requested by LowEL0God)\n|\n|t:|1782552666\n|teamsize|p1|6\n|teamsize|p2|6\n|start\n|switch|p1a: Torkoal|Torkoal, F|100/100\n|switch|p2a: Weavile|Weavile, M|100/100\n|-weather|SunnyDay|[from] ability: Drought|[of] p1a: Torkoal\n|turn|1\n|\n|t:|1782552669\n|move|p2a: Weavile|Swords Dance|p2a: Weavile\n|-boost|p2a: Weavile|atk|2\n|move|p1a: Torkoal|Lava Plume|p2a: Weavile\n|-supereffective|p2a: Weavile\n|-damage|p2a: Weavile|2/100\n|\n|-weather|SunnyDay|[upkeep]\n|upkeep\n|turn|2\n|\n|t:|1782552670\n|move|p2a: Weavile|Beat Up|p1a: Torkoal\n|-damage|p1a: Torkoal|91/100\n|-damage|p1a: Torkoal|83/100\n|-damage|p1a: Torkoal|72/100\n|-damage|p1a: Torkoal|61/100\n|-damage|p1a: Torkoal|51/100\n|-damage|p1a: Torkoal|40/100\n|-hitcount|p1a: Torkoal|6\n|move|p1a: Torkoal|Rapid Spin|p2a: Weavile\n|-damage|p2a: Weavile|0 fnt\n|-boost|p1a: Torkoal|spe|1\n|faint|p2a: Weavile\n|\n|-weather|SunnyDay|[upkeep]\n|upkeep\n|\n|t:|1782552683\n|switch|p2a: Great Tusk|Great Tusk|100/100\n|-activate|p2a: Great Tusk|ability: Protosynthesis\n|-start|p2a: Great Tusk|protosynthesisatk\n|turn|3\n|\n|t:|1782552685\n|switch|p1a: Hurricane Spam|Pelipper, F, shiny|100/100\n|-weather|RainDance|[from] ability: Drizzle|[of] p1a: Hurricane Spam\n|-end|p2a: Great Tusk|Protosynthesis\n|move|p2a: Great Tusk|Headlong Rush|p1a: Hurricane Spam\n|-immune|p1a: Hurricane Spam\n|\n|-weather|RainDance|[upkeep]\n|upkeep\n|turn|4\n|\n|t:|1782552689\n|-end|p2a: Great Tusk|Protosynthesis|[silent]\n|switch|p2a: Hatterene|Hatterene, F|100/100\n|move|p1a: Hurricane Spam|Hurricane|p2a: Hatterene\n|-damage|p2a: Hatterene|25/100\n|-start|p2a: Hatterene|confusion\n|\n|-weather|RainDance|[upkeep]\n|upkeep\n|turn|5\n|\n|t:|1782552692\n|move|p1a: Hurricane Spam|Hurricane|p2a: Hatterene\n|-damage|p2a: Hatterene|0 fnt\n|faint|p2a: Hatterene\n|\n|-weather|RainDance|[upkeep]\n|upkeep\n|\n|t:|1782552694\n|switch|p2a: Kingambit|Kingambit, F|100/100\n|-activate|p2a: Kingambit|ability: Supreme Overlord\n|-start|p2a: Kingambit|fallen2|[silent]\n|turn|6\n|\n|t:|1782552699\n|move|p2a: Kingambit|Kowtow Cleave|p1a: Hurricane Spam\n|-damage|p1a: Hurricane Spam|38/100\n|move|p1a: Hurricane Spam|Hurricane|p2a: Kingambit\n|-resisted|p2a: Kingambit\n|-damage|p2a: Kingambit|60/100\n|\n|-weather|RainDance|[upkeep]\n|upkeep\n|turn|7\n|\n|t:|1782552710\n|move|p2a: Kingambit|Iron Head|p1a: Hurricane Spam\n|-resisted|p1a: Hurricane Spam\n|-damage|p1a: Hurricane Spam|9/100\n|cant|p1a: Hurricane Spam|flinch\n|\n|-weather|none\n|upkeep\n|turn|8\n|\n|t:|1782552715\n|move|p2a: Kingambit|Iron Head|p1a: Hurricane Spam\n|-resisted|p1a: Hurricane Spam\n|-damage|p1a: Hurricane Spam|0 fnt\n|faint|p1a: Hurricane Spam\n|\n|upkeep\n|\n|t:|1782552716\n|switch|p1a: Walking Wake|Walking Wake|100/100\n|turn|9\n|\n|t:|1782552727\n|move|p2a: Kingambit|Sucker Punch|p1a: Walking Wake\n|-damage|p1a: Walking Wake|47/100\n|move|p1a: Walking Wake|Flamethrower|p2a: Kingambit\n|-supereffective|p2a: Kingambit\n|-damage|p2a: Kingambit|0 fnt\n|faint|p2a: Kingambit\n|-end|p2a: Kingambit|fallen2|[silent]\n|\n|upkeep\n|\n|t:|1782552735\n|switch|p2a: Ogerpon|Ogerpon-Wellspring, F|100/100\n|turn|10\n|\n|t:|1782552738\n|-end|p1a: Walking Wake|Protosynthesis|[silent]\n|switch|p1a: Torkoal|Torkoal, F|40/100\n|-weather|SunnyDay|[from] ability: Drought|[of] p1a: Torkoal\n|move|p2a: Ogerpon|Play Rough|p1a: Torkoal\n|-resisted|p1a: Torkoal\n|-damage|p1a: Torkoal|29/100\n|\n|-weather|SunnyDay|[upkeep]\n|upkeep\n|turn|11\n|\n|t:|1782552740\n|move|p2a: Ogerpon|Ivy Cudgel|p1a: Torkoal|[anim] Ivy Cudgel Water\n|-supereffective|p1a: Torkoal\n|-damage|p1a: Torkoal|0 fnt\n|faint|p1a: Torkoal\n|\n|-weather|SunnyDay|[upkeep]\n|upkeep\n|\n|t:|1782552741\n|switch|p1a: Walking Wake|Walking Wake|47/100\n|-activate|p1a: Walking Wake|ability: Protosynthesis\n|-start|p1a: Walking Wake|protosynthesisspe\n|turn|12\n|\n|t:|1782552744\n|move|p1a: Walking Wake|Draco Meteor|p2a: Ogerpon\n|-damage|p2a: Ogerpon|0 fnt\n|-unboost|p1a: Walking Wake|spa|2\n|faint|p2a: Ogerpon\n|\n|-weather|SunnyDay|[upkeep]\n|upkeep\n|\n|t:|1782552748\n|switch|p2a: Dragonite|Dragonite, F|100/100\n|turn|13\n|\n|t:|1782552760\n|-terastallize|p2a: Dragonite|Ghost\n|move|p1a: Walking Wake|Draco Meteor|p2a: Dragonite\n|-damage|p2a: Dragonite|75/100\n|-unboost|p1a: Walking Wake|spa|2\n|move|p2a: Dragonite|Dragon Dance|p2a: Dragonite\n|-boost|p2a: Dragonite|atk|1\n|-boost|p2a: Dragonite|spe|1\n|\n|-weather|SunnyDay|[upkeep]\n|-heal|p2a: Dragonite|81/100|[from] item: Leftovers\n|upkeep\n|turn|14\n|\n|t:|1782552767\n|move|p1a: Walking Wake|Draco Meteor|p2a: Dragonite\n|-damage|p2a: Dragonite|48/100\n|-unboost|p1a: Walking Wake|spa|2\n|move|p2a: Dragonite|Dragon Dance|p2a: Dragonite\n|-boost|p2a: Dragonite|atk|1\n|-boost|p2a: Dragonite|spe|1\n|\n|-weather|SunnyDay|[upkeep]\n|-heal|p2a: Dragonite|55/100|[from] item: Leftovers\n|upkeep\n|turn|15\n|\n|t:|1782552772\n|-terastallize|p1a: Walking Wake|Water\n|move|p2a: Dragonite|Earthquake|p1a: Walking Wake\n|-damage|p1a: Walking Wake|0 fnt\n|faint|p1a: Walking Wake\n|-end|p1a: Walking Wake|Protosynthesis|[silent]\n|\n|-weather|SunnyDay|[upkeep]\n|-heal|p2a: Dragonite|61/100|[from] item: Leftovers\n|upkeep\n|\n|t:|1782552773\n|switch|p1a: No Lando Plz|Tyranitar, M, shiny|100/100\n|-weather|Sandstorm|[from] ability: Sand Stream|[of] p1a: No Lando Plz\n|turn|16\n|\n|t:|1782552782\n|move|p2a: Dragonite|Earthquake|p1a: No Lando Plz\n|-supereffective|p1a: No Lando Plz\n|-damage|p1a: No Lando Plz|0 fnt\n|faint|p1a: No Lando Plz\n|\n|-weather|Sandstorm|[upkeep]\n|-damage|p2a: Dragonite|55/100|[from] Sandstorm\n|-heal|p2a: Dragonite|61/100|[from] item: Leftovers\n|upkeep\n|\n|t:|1782552783\n|switch|p1a: No Hazards for You|Excadrill, M, shiny|100/100\n|turn|17\n|\n|t:|1782552785\n|move|p2a: Dragonite|Earthquake|p1a: No Hazards for You\n|-supereffective|p1a: No Hazards for You\n|-damage|p1a: No Hazards for You|0 fnt\n|faint|p1a: No Hazards for You\n|\n|-weather|Sandstorm|[upkeep]\n|-damage|p2a: Dragonite|55/100|[from] Sandstorm\n|-heal|p2a: Dragonite|61/100|[from] item: Leftovers\n|upkeep\n|\n|t:|1782552786\n|switch|p1a: Ogerpon|Ogerpon-Wellspring, F|100/100\n|turn|18\n|\n|t:|1782552788\n|move|p2a: Dragonite|Ice Spinner|p1a: Ogerpon\n|-damage|p1a: Ogerpon|23/100\n|move|p1a: Ogerpon|Horn Leech|p2a: Dragonite\n|-damage|p2a: Dragonite|12/100\n|-heal|p1a: Ogerpon|50/100|[from] drain|[of] p2a: Dragonite\n|\n|-weather|Sandstorm|[upkeep]\n|-damage|p2a: Dragonite|5/100|[from] Sandstorm\n|-damage|p1a: Ogerpon|44/100|[from] Sandstorm\n|-heal|p2a: Dragonite|12/100|[from] item: Leftovers\n|upkeep\n|turn|19\n|\n|t:|1782552794\n|move|p2a: Dragonite|Ice Spinner|p1a: Ogerpon\n|-damage|p1a: Ogerpon|0 fnt\n|faint|p1a: Ogerpon\n|\n|win|merlin sword\n|raw|LowEL0God's rating: 1545 &rarr; <strong>1527</strong><br />(-18 for losing)\n|raw|merlin sword's rating: 1576 &rarr; <strong>1594</strong><br />(+18 for winning)\n|l|☆merlin sword\n|player|p2|\n|l|☆LowEL0God\n|player|p1|\n", "uploadtime": 1782553051, "views": 8, "formatid": "gen9ou", "rating": 1527, "private": 0, "password": null}