{"id": "gen9ou-2639195329", "format": "[Gen 9] OU", "players": ["jogonzal101", "Radence"], "log": "|j|☆jogonzal101\n|j|☆Radence\n|t:|1782432367\n|gametype|singles\n|player|p1|jogonzal101|hilbert|1280\n|player|p2|Radence|chili|1238\n|gen|9\n|tier|[Gen 9] OU\n|rated|\n|rule|HP Percentage Mod: HP is shown in percentages\n|rule|Endless Battle Clause: Forcing endless battles is banned\n|rule|Species Clause: Limit one of each Pokémon\n|rule|OHKO Clause: OHKO moves are banned\n|rule|Evasion Items Clause: Evasion items are banned\n|rule|Evasion Moves Clause: Evasion moves are banned\n|rule|Evasion Abilities Clause: Evasion abilities are banned\n|rule|Sleep Moves Clause: Sleep-inducing moves are banned\n|clearpoke\n|poke|p1|Umbreon, F|\n|poke|p1|Gholdengo|\n|poke|p1|Garchomp, M|\n|poke|p1|Iron Treads|\n|poke|p1|Dragonite, F|\n|poke|p1|Iron Valiant|\n|poke|p2|Tyranitar, M|\n|poke|p2|Excadrill, F|\n|poke|p2|Alomomola, F|\n|poke|p2|Skarmory, M|\n|poke|p2|Ogerpon-Wellspring, F|\n|poke|p2|Hatterene, F|\n|teampreview\n|c|☆jogonzal101|hf\n|c|☆Radence|u2\n|\n|t:|1782432426\n|teamsize|p1|6\n|teamsize|p2|6\n|start\n|switch|p1a: Iron Treads|Iron Treads|100/100\n|switch|p2a: fatty fish face|Alomomola, F|100/100\n|-item|p1a: Iron Treads|Air Balloon\n|turn|1\n|\n|t:|1782432435\n|move|p1a: Iron Treads|Knock Off|p2a: fatty fish face\n|-damage|p2a: fatty fish face|81/100\n|-enditem|p2a: fatty fish face|Assault Vest|[from] move: Knock Off|[of] p1a: Iron Treads\n|move|p2a: fatty fish face|Flip Turn|p1a: Iron Treads\n|-supereffective|p1a: Iron Treads\n|-damage|p1a: Iron Treads|75/100\n|-enditem|p1a: Iron Treads|Air Balloon\n|\n|t:|1782432444\n|switch|p2a: the oger (plz ban)|Ogerpon-Wellspring, F|100/100|[from] Flip Turn\n|\n|upkeep\n|turn|2\n|\n|t:|1782432453\n|-end|p1a: Iron Treads|Quark Drive|[silent]\n|switch|p1a: Jaymey|Umbreon, F, shiny|100/100\n|move|p2a: the oger (plz ban)|Knock Off|p1a: Jaymey\n|-resisted|p1a: Jaymey\n|-damage|p1a: Jaymey|88/100\n|-enditem|p1a: Jaymey|Leftovers|[from] move: Knock Off|[of] p2a: the oger (plz ban)\n|\n|upkeep\n|turn|3\n|\n|t:|1782432460\n|switch|p2a: fatty fish face|Alomomola, F|100/100\n|move|p1a: Jaymey|Foul Play|p2a: fatty fish face\n|-damage|p2a: fatty fish face|81/100\n|\n|upkeep\n|turn|4\n|\n|t:|1782432470\n|switch|p1a: Iron Treads|Iron Treads|75/100\n|move|p2a: fatty fish face|Flip Turn|p1a: Iron Treads\n|-supereffective|p1a: Iron Treads\n|-damage|p1a: Iron Treads|51/100\n|\n|t:|1782432476\n|switch|p2a: the oger (plz ban)|Ogerpon-Wellspring, F|100/100|[from] Flip Turn\n|\n|upkeep\n|turn|5\n|\n|t:|1782432479\n|-end|p1a: Iron Treads|Quark Drive|[silent]\n|switch|p1a: Jaymey|Umbreon, F, shiny|88/100\n|move|p2a: the oger (plz ban)|Ivy Cudgel|p1a: Jaymey|[anim] Ivy Cudgel Water\n|-damage|p1a: Jaymey|55/100\n|\n|upkeep\n|turn|6\n|\n|t:|1782432485\n|switch|p2a: pink potion|Hatterene, F|100/100\n|move|p1a: Jaymey|Foul Play|p2a: pink potion\n|-crit|p2a: pink potion\n|-damage|p2a: pink potion|67/100\n|-damage|p1a: Jaymey|38/100|[from] item: Rocky Helmet|[of] p2a: pink potion\n|\n|upkeep\n|turn|7\n|\n|t:|1782432495\n|switch|p1a: Gholdengo|Gholdengo|100/100\n|move|p2a: pink potion|Draining Kiss|p1a: Gholdengo\n|-resisted|p1a: Gholdengo\n|-damage|p1a: Gholdengo|88/100\n|-heal|p2a: pink potion|77/100|[from] drain|[of] p1a: Gholdengo\n|\n|upkeep\n|turn|8\n|\n|t:|1782432502\n|switch|p2a: fatty fish face|Alomomola, F|100/100\n|move|p1a: Gholdengo|Make It Rain|p2a: fatty fish face\n|-resisted|p2a: fatty fish face\n|-damage|p2a: fatty fish face|78/100\n|-unboost|p1a: Gholdengo|spa|1\n|\n|upkeep\n|turn|9\n|\n|t:|1782432509\n|switch|p1a: Jaymey|Umbreon, F, shiny|38/100\n|move|p2a: fatty fish face|Flip Turn|p1a: Jaymey\n|-damage|p1a: Jaymey|29/100\n|\n|t:|1782432519\n|switch|p2a: cif|Tyranitar, M|100/100|[from] Flip Turn\n|-weather|Sandstorm|[from] ability: Sand Stream|[of] p2a: cif\n|\n|-weather|Sandstorm|[upkeep]\n|-damage|p1a: Jaymey|23/100|[from] Sandstorm\n|upkeep\n|turn|10\n|c|☆jogonzal101|o.0\n|c|☆jogonzal101|cif my goat\n|c|☆Radence|fr fr\n|\n|t:|1782432535\n|switch|p1a: Iron Treads|Iron Treads|51/100\n|move|p2a: cif|Stone Edge|p1a: Iron Treads\n|-resisted|p1a: Iron Treads\n|-crit|p1a: Iron Treads\n|-damage|p1a: Iron Treads|28/100\n|\n|-weather|Sandstorm|[upkeep]\n|upkeep\n|turn|11\n|\n|t:|1782432543\n|switch|p2a: clanker|Skarmory, M|100/100\n|move|p1a: Iron Treads|Earthquake|p2a: clanker\n|-immune|p2a: clanker\n|\n|-weather|Sandstorm|[upkeep]\n|upkeep\n|turn|12\n|\n|t:|1782432551\n|-end|p1a: Iron Treads|Quark Drive|[silent]\n|switch|p1a: Garchomp|Garchomp, M|100/100\n|move|p2a: clanker|Stealth Rock|p1a: Garchomp\n|-sidestart|p1: jogonzal101|move: Stealth Rock\n|\n|-weather|Sandstorm|[upkeep]\n|upkeep\n|turn|13\n|\n|t:|1782432556\n|move|p1a: Garchomp|Stealth Rock|p2a: clanker\n|-sidestart|p2: Radence|move: Stealth Rock\n|move|p2a: clanker|Iron Defense|p2a: clanker\n|-boost|p2a: clanker|def|2\n|\n|-weather|none\n|upkeep\n|turn|14\n|\n|t:|1782432560\n|move|p2a: clanker|Body Press|p1a: Garchomp\n|-damage|p1a: Garchomp|63/100\n|-damage|p2a: clanker|88/100|[from] ability: Rough Skin|[of] p1a: Garchomp\n|-damage|p2a: clanker|72/100|[from] item: Rocky Helmet|[of] p1a: Garchomp\n|move|p1a: Garchomp|Dragon Tail|p2a: clanker\n|-resisted|p2a: clanker\n|-damage|p2a: clanker|68/100\n|-damage|p1a: Garchomp|47/100|[from] item: Rocky Helmet|[of] p2a: clanker\n|drag|p2a: cif|Tyranitar, M|100/100\n|-damage|p2a: cif|88/100|[from] Stealth Rock\n|-weather|Sandstorm|[from] ability: Sand Stream|[of] p2a: cif\n|\n|-weather|Sandstorm|[upkeep]\n|upkeep\n|turn|15\n|\n|t:|1782432572\n|move|p1a: Garchomp|Earthquake|p2a: cif\n|-supereffective|p2a: cif\n|-damage|p2a: cif|2/100\n|move|p2a: cif|Knock Off|p1a: Garchomp\n|-damage|p1a: Garchomp|0 fnt\n|-damage|p2a: cif|0 fnt|[from] ability: Rough Skin|[of] p1a: Garchomp\n|faint|p1a: Garchomp\n|faint|p2a: cif\n|\n|-weather|Sandstorm|[upkeep]\n|upkeep\n|\n|t:|1782432608\n|switch|p1a: Iron Treads|Iron Treads|28/100\n|switch|p2a: Mole man|Excadrill, F|100/100\n|-damage|p2a: Mole man|97/100|[from] Stealth Rock\n|-item|p2a: Mole man|Air Balloon\n|-damage|p1a: Iron Treads|25/100|[from] Stealth Rock\n|turn|16\n|\n|t:|1782432625\n|move|p2a: Mole man|Swords Dance|p2a: Mole man\n|-boost|p2a: Mole man|atk|2\n|move|p1a: Iron Treads|Rapid Spin|p2a: Mole man\n|-resisted|p2a: Mole man\n|-damage|p2a: Mole man|89/100\n|-boost|p1a: Iron Treads|spe|1\n|-enditem|p2a: Mole man|Air Balloon\n|-sideend|p1: jogonzal101|Stealth Rock|[from] move: Rapid Spin|[of] p1a: Iron Treads\n|\n|-weather|Sandstorm|[upkeep]\n|upkeep\n|turn|17\n|inactive|Battle timer is ON: inactive players will automatically lose when time's up. (requested by Radence)\n|\n|t:|1782432658\n|move|p2a: Mole man|Earthquake|p1a: Iron Treads\n|-supereffective|p1a: Iron Treads\n|-damage|p1a: Iron Treads|0 fnt\n|faint|p1a: Iron Treads\n|-end|p1a: Iron Treads|Quark Drive|[silent]\n|\n|-weather|Sandstorm|[upkeep]\n|upkeep\n|\n|t:|1782432664\n|switch|p1a: Dragonite|Dragonite, F|100/100\n|turn|18\n|\n|t:|1782432668\n|-terastallize|p2a: Mole man|Ghost\n|move|p2a: Mole man|Rapid Spin|p1a: Dragonite\n|-damage|p1a: Dragonite|82/100\n|-boost|p2a: Mole man|spe|1\n|-sideend|p2: Radence|Stealth Rock|[from] move: Rapid Spin|[of] p2a: Mole man\n|move|p1a: Dragonite|Earthquake|p2a: Mole man\n|-damage|p2a: Mole man|36/100\n|\n|-weather|none\n|upkeep\n|turn|19\n|\n|t:|1782432676\n|move|p2a: Mole man|Rock Slide|p1a: Dragonite\n|-supereffective|p1a: Dragonite\n|-damage|p1a: Dragonite|0 fnt\n|faint|p1a: Dragonite\n|\n|upkeep\n|\n|t:|1782432679\n|switch|p1a: Gholdengo|Gholdengo|88/100\n|turn|20\n|\n|t:|1782432681\n|move|p2a: Mole man|Earthquake|p1a: Gholdengo\n|-supereffective|p1a: Gholdengo\n|-damage|p1a: Gholdengo|0 fnt\n|faint|p1a: Gholdengo\n|\n|upkeep\n|\n|t:|1782432685\n|switch|p1a: Iron Valiant|Iron Valiant|100/100\n|turn|21\n|\n|t:|1782432688\n|move|p2a: Mole man|Earthquake|p1a: Iron Valiant\n|-damage|p1a: Iron Valiant|0 fnt\n|faint|p1a: Iron Valiant\n|-end|p1a: Iron Valiant|Quark Drive|[silent]\n|\n|upkeep\n|-message|jogonzal101 forfeited.\n|\n|win|Radence\n|raw|jogonzal101's rating: 1306 &rarr; <strong>1282</strong><br />(-24 for losing)\n|raw|Radence's rating: 1238 &rarr; <strong>1268</strong><br />(+30 for winning)\n|l|☆jogonzal101\n|player|p1|\n|c|☆Radence|gg wp\n|l|☆Radence\n|player|p2|\n|j|☆Radence\n|player|p2|Radence|chili|\n", "uploadtime": 1782432743, "views": 11, "formatid": "gen9ou", "rating": 1268, "private": 0, "password": null}