{"id": "gen9ou-2639296795", "format": "[Gen 9] OU", "players": ["TheKirkinator", "shano1994"], "log": "|j|☆TheKirkinator\n|j|☆shano1994\n|t:|1782448006\n|gametype|singles\n|player|p1|TheKirkinator|2|1172\n|player|p2|shano1994|265|1200\n|gen|9\n|tier|[Gen 9] OU\n|rated|\n|rule|HP Percentage Mod: HP is shown in percentages\n|rule|Endless Battle Clause: Forcing endless battles is banned\n|rule|Species Clause: Limit one of each Pokémon\n|rule|OHKO Clause: OHKO moves are banned\n|rule|Evasion Items Clause: Evasion items are banned\n|rule|Evasion Moves Clause: Evasion moves are banned\n|rule|Evasion Abilities Clause: Evasion abilities are banned\n|rule|Sleep Moves Clause: Sleep-inducing moves are banned\n|clearpoke\n|poke|p1|Great Tusk|\n|poke|p1|Dragonite, M|\n|poke|p1|Tyranitar, M|\n|poke|p1|Sylveon, F|\n|poke|p1|Jirachi|\n|poke|p1|Corviknight, M|\n|poke|p2|Dragapult, F|\n|poke|p2|Heatran, M|\n|poke|p2|Great Tusk|\n|poke|p2|Ogerpon-Wellspring, F|\n|poke|p2|Tornadus-Therian, M|\n|poke|p2|Iron Valiant|\n|teampreview\n|\n|t:|1782448011\n|teamsize|p1|6\n|teamsize|p2|6\n|start\n|switch|p1a: Jirachi|Jirachi|100/100\n|switch|p2a: Tornadus|Tornadus-Therian, M|100/100\n|turn|1\n|inactive|Battle timer is ON: inactive players will automatically lose when time's up. (requested by shano1994)\n|\n|t:|1782448018\n|move|p1a: Jirachi|Iron Head|p2a: Tornadus\n|-damage|p2a: Tornadus|59/100\n|cant|p2a: Tornadus|flinch\n|\n|upkeep\n|turn|2\n|\n|t:|1782448026\n|move|p1a: Jirachi|Iron Head|p2a: Tornadus\n|-damage|p2a: Tornadus|18/100\n|move|p2a: Tornadus|Knock Off|p1a: Jirachi\n|-supereffective|p1a: Jirachi\n|-damage|p1a: Jirachi|61/100\n|-enditem|p1a: Jirachi|Choice Scarf|[from] move: Knock Off|[of] p2a: Tornadus\n|\n|upkeep\n|turn|3\n|\n|t:|1782448034\n|move|p2a: Tornadus|U-turn|p1a: Jirachi\n|-damage|p1a: Jirachi|45/100\n|\n|t:|1782448043\n|switch|p2a: Ogerpon|Ogerpon-Wellspring, F|100/100|[from] U-turn\n|move|p1a: Jirachi|Meteor Mash|p2a: Ogerpon\n|-resisted|p2a: Ogerpon\n|-damage|p2a: Ogerpon|75/100\n|\n|upkeep\n|turn|4\n|\n|t:|1782448055\n|move|p2a: Ogerpon|Ivy Cudgel|p1a: Jirachi|[anim] Ivy Cudgel Water\n|-damage|p1a: Jirachi|0 fnt\n|faint|p1a: Jirachi\n|\n|upkeep\n|\n|t:|1782448061\n|switch|p1a: Dragonite|Dragonite, M|100/100\n|turn|5\n|\n|t:|1782448068\n|move|p2a: Ogerpon|Ivy Cudgel|p1a: Dragonite|[anim] Ivy Cudgel Water\n|-resisted|p1a: Dragonite\n|-damage|p1a: Dragonite|84/100\n|move|p1a: Dragonite|Dragon Dance|p1a: Dragonite\n|-boost|p1a: Dragonite|atk|1\n|-boost|p1a: Dragonite|spe|1\n|\n|upkeep\n|turn|6\n|\n|t:|1782448076\n|move|p1a: Dragonite|Dragon Claw|p2a: Ogerpon\n|-damage|p2a: Ogerpon|0 fnt\n|faint|p2a: Ogerpon\n|\n|upkeep\n|\n|t:|1782448093\n|switch|p2a: Iron Valiant|Iron Valiant|100/100\n|-enditem|p2a: Iron Valiant|Booster Energy\n|-activate|p2a: Iron Valiant|ability: Quark Drive|[fromitem]\n|-start|p2a: Iron Valiant|quarkdrivespe\n|turn|7\n|\n|t:|1782448101\n|move|p1a: Dragonite|Extreme Speed|p2a: Iron Valiant\n|-damage|p2a: Iron Valiant|35/100\n|move|p2a: Iron Valiant|Moonblast|p1a: Dragonite\n|-supereffective|p1a: Dragonite\n|-damage|p1a: Dragonite|0 fnt\n|faint|p1a: Dragonite\n|\n|upkeep\n|-message|TheKirkinator forfeited.\n|\n|win|shano1994\n|raw|TheKirkinator's rating: 1172 &rarr; <strong>1149</strong><br />(-23 for losing)\n|raw|shano1994's rating: 1200 &rarr; <strong>1223</strong><br />(+23 for winning)\n|l|☆TheKirkinator\n|player|p1|\n|l|☆shano1994\n|player|p2|\n", "uploadtime": 1782448432, "views": 9, "formatid": "gen9ou", "rating": 1149, "private": 0, "password": null}