{"id": "gen9ou-2647821967", "format": "[Gen 9] OU", "players": ["ZRC7", "hydreig0nnnn"], "log": "|j|☆ZRC7\n|j|☆hydreig0nnnn\n|t:|1783818621\n|gametype|singles\n|player|p1|ZRC7|boarder|1275\n|player|p2|hydreig0nnnn|102|1315\n|gen|9\n|tier|[Gen 9] OU\n|rated|\n|rule|HP Percentage Mod: HP is shown in percentages\n|rule|Endless Battle Clause: Forcing endless battles is banned\n|rule|Species Clause: Limit one of each Pokémon\n|rule|OHKO Clause: OHKO moves are banned\n|rule|Evasion Items Clause: Evasion items are banned\n|rule|Evasion Moves Clause: Evasion moves are banned\n|rule|Evasion Abilities Clause: Evasion abilities are banned\n|rule|Sleep Moves Clause: Sleep-inducing moves are banned\n|clearpoke\n|poke|p1|Scizor, M|\n|poke|p1|Mamoswine, M|\n|poke|p1|Ogerpon, F|\n|poke|p1|Dragalge, F|\n|poke|p1|Rotom-Wash|\n|poke|p1|Great Tusk|\n|poke|p2|Alomomola, F|\n|poke|p2|Munkidori, M|\n|poke|p2|Dragapult, F|\n|poke|p2|Gliscor, F|\n|poke|p2|Great Tusk|\n|poke|p2|Pecharunt|\n|teampreview\n|inactive|Battle timer is ON: inactive players will automatically lose when time's up. (requested by ZRC7)\n|\n|t:|1783818638\n|teamsize|p1|6\n|teamsize|p2|6\n|start\n|switch|p1a: Ogerpon|Ogerpon, F|100/100\n|switch|p2a: Munkidori|Munkidori, M|100/100\n|turn|1\n|\n|t:|1783818645\n|move|p2a: Munkidori|Fake Out|p1a: Ogerpon\n|-damage|p1a: Ogerpon|88/100\n|-status|p1a: Ogerpon|tox|[from] ability: Toxic Chain|[of] p2a: Munkidori\n|cant|p1a: Ogerpon|flinch\n|\n|-damage|p1a: Ogerpon|82/100 tox|[from] psn\n|upkeep\n|turn|2\n|\n|t:|1783818654\n|move|p1a: Ogerpon|Encore|p2a: Munkidori\n|-start|p2a: Munkidori|Encore\n|move|p2a: Munkidori|Fake Out||[still]\n|-hint|Fake Out only works on your first turn out.\n|-fail|p2a: Munkidori\n|\n|-damage|p1a: Ogerpon|70/100 tox|[from] psn\n|upkeep\n|turn|3\n|\n|t:|1783818660\n|switch|p2a: Gliscor|Gliscor, F|100/100\n|move|p1a: Ogerpon|Knock Off|p2a: Gliscor\n|-damage|p2a: Gliscor|78/100\n|-enditem|p2a: Gliscor|Toxic Orb|[from] move: Knock Off|[of] p1a: Ogerpon\n|\n|-damage|p1a: Ogerpon|52/100 tox|[from] psn\n|upkeep\n|turn|4\n|\n|t:|1783818664\n|switch|p1a: Mamoswine|Mamoswine, M|100/100\n|move|p2a: Gliscor|Spikes|p1a: Mamoswine\n|-sidestart|p1: ZRC7|Spikes\n|\n|upkeep\n|turn|5\n|\n|t:|1783818678\n|switch|p2a: Alomomola|Alomomola, F|100/100\n|move|p1a: Mamoswine|Trailblaze|p2a: Alomomola\n|-supereffective|p2a: Alomomola\n|-damage|p2a: Alomomola|80/100\n|-boost|p1a: Mamoswine|spe|1\n|\n|upkeep\n|turn|6\n|\n|t:|1783818686\n|move|p1a: Mamoswine|Earthquake|p2a: Alomomola\n|-damage|p2a: Alomomola|51/100\n|move|p2a: Alomomola|Flip Turn|p1a: Mamoswine\n|-supereffective|p1a: Mamoswine\n|-damage|p1a: Mamoswine|62/100\n|\n|t:|1783818699\n|switch|p2a: Munkidori|Munkidori, M|100/100|[from] Flip Turn\n|\n|upkeep\n|turn|7\n|\n|t:|1783818712\n|switch|p1a: Dragalge|Dragalge, F|100/100\n|-damage|p1a: Dragalge|88/100|[from] Spikes\n|move|p2a: Munkidori|Fake Out|p1a: Dragalge\n|-damage|p1a: Dragalge|77/100\n|\n|upkeep\n|turn|8\n|\n|t:|1783818720\n|switch|p1a: Great Tusk|Great Tusk|100/100\n|move|p2a: Munkidori|U-turn|p1a: Great Tusk\n|-resisted|p1a: Great Tusk\n|-damage|p1a: Great Tusk|95/100\n|\n|t:|1783818729\n|switch|p2a: Pecharunt|Pecharunt|100/100|[from] U-turn\n|\n|upkeep\n|turn|9\n|\n|t:|1783818739\n|-terastallize|p2a: Pecharunt|Ghost\n|move|p2a: Pecharunt|Toxic|p1a: Great Tusk\n|-status|p1a: Great Tusk|tox\n|-start|p1a: Great Tusk|confusion|[from] ability: Poison Puppeteer|[of] p2a: Pecharunt\n|-activate|p1a: Great Tusk|confusion\n|move|p1a: Great Tusk|Stealth Rock|p2a: Pecharunt\n|-sidestart|p2: hydreig0nnnn|move: Stealth Rock\n|\n|-damage|p1a: Great Tusk|88/100 tox|[from] psn\n|upkeep\n|turn|10\n|\n|t:|1783818758\n|-end|p1a: Great Tusk|Protosynthesis|[silent]\n|switch|p1a: Dragalge|Dragalge, F|77/100\n|-damage|p1a: Dragalge|65/100|[from] Spikes\n|move|p2a: Pecharunt|Foul Play|p1a: Dragalge\n|-damage|p1a: Dragalge|50/100\n|\n|upkeep\n|turn|11\n|\n|t:|1783818769\n|move|p2a: Pecharunt|Parting Shot|p1a: Dragalge\n|-unboost|p1a: Dragalge|atk|1\n|-unboost|p1a: Dragalge|spa|1\n|\n|t:|1783818775\n|switch|p2a: Great Tusk|Great Tusk|100/100|[from] Parting Shot\n|move|p1a: Dragalge|Shadow Ball|p2a: Great Tusk\n|-damage|p2a: Great Tusk|75/100\n|\n|upkeep\n|turn|12\n|\n|t:|1783818782\n|switch|p1a: Great Tusk|Great Tusk|88/100 tox\n|move|p2a: Great Tusk|Stealth Rock|p1a: Great Tusk\n|-sidestart|p1: ZRC7|move: Stealth Rock\n|\n|-damage|p1a: Great Tusk|82/100 tox|[from] psn\n|upkeep\n|turn|13\n|\n|t:|1783818790\n|-end|p2a: Great Tusk|Protosynthesis|[silent]\n|switch|p2a: Pecharunt|Pecharunt, tera:Ghost|100/100\n|move|p1a: Great Tusk|Headlong Rush|p2a: Pecharunt\n|-damage|p2a: Pecharunt|62/100\n|-unboost|p1a: Great Tusk|def|1\n|-unboost|p1a: Great Tusk|spd|1\n|\n|-damage|p1a: Great Tusk|70/100 tox|[from] psn\n|upkeep\n|turn|14\n|\n|t:|1783818801\n|-end|p1a: Great Tusk|Protosynthesis|[silent]\n|switch|p1a: Scizor|Scizor, M|100/100\n|-damage|p1a: Scizor|88/100|[from] Spikes\n|-damage|p1a: Scizor|76/100|[from] Stealth Rock\n|move|p2a: Pecharunt|Recover|p2a: Pecharunt\n|-heal|p2a: Pecharunt|100/100\n|\n|upkeep\n|turn|15\n|\n|t:|1783818808\n|move|p2a: Pecharunt|Parting Shot|p1a: Scizor\n|-unboost|p1a: Scizor|atk|1\n|-unboost|p1a: Scizor|spa|1\n|\n|t:|1783818812\n|switch|p2a: Alomomola|Alomomola, F|85/100|[from] Parting Shot\n|move|p1a: Scizor|Knock Off|p2a: Alomomola\n|-damage|p2a: Alomomola|67/100\n|-enditem|p2a: Alomomola|Heavy-Duty Boots|[from] move: Knock Off|[of] p1a: Scizor\n|-damage|p1a: Scizor|66/100|[from] item: Life Orb\n|\n|upkeep\n|turn|16\n|\n|t:|1783818820\n|move|p1a: Scizor|Swords Dance|p1a: Scizor\n|-boost|p1a: Scizor|atk|2\n|move|p2a: Alomomola|Flip Turn|p1a: Scizor\n|-damage|p1a: Scizor|47/100\n|\n|t:|1783818841\n|switch|p2a: Great Tusk|Great Tusk|75/100|[from] Flip Turn\n|\n|upkeep\n|turn|17\n|\n|t:|1783818849\n|switch|p1a: Rotom|Rotom-Wash|100/100\n|-damage|p1a: Rotom|88/100|[from] Stealth Rock\n|move|p2a: Great Tusk|Headlong Rush|p1a: Rotom\n|-immune|p1a: Rotom|[from] ability: Levitate\n|\n|-heal|p1a: Rotom|94/100|[from] item: Leftovers\n|upkeep\n|turn|18\n|\n|t:|1783818861\n|-end|p2a: Great Tusk|Protosynthesis|[silent]\n|switch|p2a: Alomomola|Alomomola, F|100/100\n|-damage|p2a: Alomomola|88/100|[from] Stealth Rock\n|move|p1a: Rotom|Hydro Pump|p2a: Alomomola\n|-resisted|p2a: Alomomola\n|-damage|p2a: Alomomola|64/100\n|\n|-heal|p1a: Rotom|100/100|[from] item: Leftovers\n|upkeep\n|turn|19\n|\n|t:|1783818868\n|move|p1a: Rotom|Volt Switch|p2a: Alomomola\n|-supereffective|p2a: Alomomola\n|-damage|p2a: Alomomola|2/100\n|\n|t:|1783818873\n|switch|p1a: Ogerpon|Ogerpon, F|52/100 tox|[from] Volt Switch\n|move|p2a: Alomomola|Flip Turn|p1a: Ogerpon\n|-resisted|p1a: Ogerpon\n|-damage|p1a: Ogerpon|41/100 tox\n|\n|t:|1783818894\n|switch|p2a: Gliscor|Gliscor, F|78/100|[from] Flip Turn\n|-damage|p2a: Gliscor|65/100|[from] Stealth Rock\n|\n|-damage|p1a: Ogerpon|35/100 tox|[from] psn\n|upkeep\n|turn|20\n|\n|t:|1783818903\n|move|p1a: Ogerpon|Ivy Cudgel|p2a: Gliscor\n|-crit|p2a: Gliscor\n|-damage|p2a: Gliscor|4/100\n|move|p2a: Gliscor|Spikes|p1a: Ogerpon\n|-sidestart|p1: ZRC7|Spikes\n|\n|-damage|p1a: Ogerpon|23/100 tox|[from] psn\n|upkeep\n|turn|21\n|\n|t:|1783818909\n|move|p2a: Gliscor|Protect|p2a: Gliscor\n|-singleturn|p2a: Gliscor|Protect\n|move|p1a: Ogerpon|Ivy Cudgel|p2a: Gliscor\n|-activate|p2a: Gliscor|move: Protect\n|\n|-damage|p1a: Ogerpon|5/100 tox|[from] psn\n|upkeep\n|turn|22\n|\n|t:|1783818912\n|move|p1a: Ogerpon|U-turn|p2a: Gliscor\n|-resisted|p2a: Gliscor\n|-damage|p2a: Gliscor|0 fnt\n|faint|p2a: Gliscor\n|\n|t:|1783818915\n|switch|p1a: Great Tusk|Great Tusk|70/100 tox|[from] U-turn\n|\n|-damage|p1a: Great Tusk|64/100 tox|[from] psn\n|upkeep\n|\n|t:|1783818919\n|switch|p2a: Pecharunt|Pecharunt, tera:Ghost|100/100\n|turn|23\n|\n|t:|1783818923\n|-end|p1a: Great Tusk|Protosynthesis|[silent]\n|switch|p1a: Ogerpon|Ogerpon, F|5/100 tox\n|move|p2a: Pecharunt|Foul Play|p1a: Ogerpon\n|-damage|p1a: Ogerpon|0 fnt\n|faint|p1a: Ogerpon\n|\n|upkeep\n|\n|t:|1783818929\n|switch|p1a: Dragalge|Dragalge, F|50/100\n|-damage|p1a: Dragalge|34/100|[from] Spikes\n|-damage|p1a: Dragalge|22/100|[from] Stealth Rock\n|turn|24\n|\n|t:|1783818941\n|move|p2a: Pecharunt|Foul Play|p1a: Dragalge\n|-damage|p1a: Dragalge|6/100\n|move|p1a: Dragalge|Shadow Ball|p2a: Pecharunt\n|-supereffective|p2a: Pecharunt\n|-damage|p2a: Pecharunt|46/100\n|\n|upkeep\n|turn|25\n|\n|t:|1783818947\n|move|p2a: Pecharunt|Foul Play|p1a: Dragalge\n|-damage|p1a: Dragalge|0 fnt\n|faint|p1a: Dragalge\n|\n|upkeep\n|-message|ZRC7 forfeited.\n|\n|win|hydreig0nnnn\n|raw|ZRC7's rating: 1275 &rarr; <strong>1253</strong><br />(-22 for losing)\n|raw|hydreig0nnnn's rating: 1315 &rarr; <strong>1333</strong><br />(+18 for winning)\n|l|☆ZRC7\n|player|p1|\n|l|☆hydreig0nnnn\n|player|p2|\n", "uploadtime": 1783819351, "views": 13, "formatid": "gen9ou", "rating": 1253, "private": 0, "password": null}