{"id": "gen9ou-2639212138", "format": "[Gen 9] OU", "players": ["nepturee", "P1Arcers"], "log": "|j|☆nepturee\n|j|☆P1Arcers\n|t:|1782434855\n|gametype|singles\n|player|p1|nepturee|bugcatcher|1356\n|player|p2|P1Arcers|101|1350\n|gen|9\n|tier|[Gen 9] OU\n|rated|\n|rule|HP Percentage Mod: HP is shown in percentages\n|rule|Endless Battle Clause: Forcing endless battles is banned\n|rule|Species Clause: Limit one of each Pokémon\n|rule|OHKO Clause: OHKO moves are banned\n|rule|Evasion Items Clause: Evasion items are banned\n|rule|Evasion Moves Clause: Evasion moves are banned\n|rule|Evasion Abilities Clause: Evasion abilities are banned\n|rule|Sleep Moves Clause: Sleep-inducing moves are banned\n|clearpoke\n|poke|p1|Araquanid, F|\n|poke|p1|Great Tusk|\n|poke|p1|Iron Crown|\n|poke|p1|Enamorus, F|\n|poke|p1|Manaphy|\n|poke|p1|Gholdengo|\n|poke|p2|Yanmega, F|\n|poke|p2|Alomomola, M|\n|poke|p2|Scizor, F|\n|poke|p2|Tyranitar, M|\n|poke|p2|Skeledirge, M|\n|poke|p2|Great Tusk|\n|teampreview\n|inactive|Battle timer is ON: inactive players will automatically lose when time's up. (requested by nepturee)\n|\n|t:|1782434893\n|teamsize|p1|6\n|teamsize|p2|6\n|start\n|switch|p1a: Araquanid|Araquanid, F|100/100\n|switch|p2a: Alomomola|Alomomola, M|100/100\n|turn|1\n|\n|t:|1782434898\n|move|p2a: Alomomola|Flip Turn|p1a: Araquanid\n|-resisted|p1a: Araquanid\n|-damage|p1a: Araquanid|92/100\n|-enditem|p1a: Araquanid|Red Card|[of] p2a: Alomomola\n|drag|p2a: Yanmega|Yanmega, F|100/100\n|move|p1a: Araquanid|Sticky Web|p2a: Yanmega\n|-sidestart|p2: P1Arcers|move: Sticky Web\n|\n|upkeep\n|turn|2\n|\n|t:|1782434906\n|move|p2a: Yanmega|Air Slash|p1a: Araquanid\n|-supereffective|p1a: Araquanid\n|-damage|p1a: Araquanid|26/100\n|move|p1a: Araquanid|Surf|p2a: Yanmega\n|-damage|p2a: Yanmega|2/100\n|\n|upkeep\n|turn|3\n|\n|t:|1782434927\n|move|p2a: Yanmega|Air Slash|p1a: Araquanid\n|-supereffective|p1a: Araquanid\n|-damage|p1a: Araquanid|0 fnt\n|faint|p1a: Araquanid\n|\n|upkeep\n|inactive|nepturee has 120 seconds left.\n|\n|t:|1782434943\n|switch|p1a: Manaphy|Manaphy|100/100\n|turn|4\n|\n|t:|1782434965\n|switch|p2a: Tyranitar|Tyranitar, M|100/100\n|-activate|p2a: Tyranitar|move: Sticky Web\n|-unboost|p2a: Tyranitar|spe|1\n|-weather|Sandstorm|[from] ability: Sand Stream|[of] p2a: Tyranitar\n|move|p1a: Manaphy|Scald|p2a: Tyranitar\n|-supereffective|p2a: Tyranitar\n|-damage|p2a: Tyranitar|78/100\n|\n|-weather|Sandstorm|[upkeep]\n|-damage|p1a: Manaphy|94/100|[from] Sandstorm\n|-heal|p1a: Manaphy|100/100|[from] item: Leftovers\n|upkeep\n|turn|5\n|\n|t:|1782434983\n|switch|p1a: Great Tusk|Great Tusk|100/100\n|-enditem|p1a: Great Tusk|Booster Energy\n|-activate|p1a: Great Tusk|ability: Protosynthesis|[fromitem]\n|-start|p1a: Great Tusk|protosynthesisatk\n|move|p2a: Tyranitar|Knock Off|p1a: Great Tusk\n|-resisted|p1a: Great Tusk\n|-damage|p1a: Great Tusk|86/100\n|\n|-weather|Sandstorm|[upkeep]\n|upkeep\n|turn|6\n|inactive|nepturee has 120 seconds left.\n|\n|t:|1782435001\n|switch|p2a: Alomomola|Alomomola, M|100/100\n|-activate|p2a: Alomomola|move: Sticky Web\n|-unboost|p2a: Alomomola|spe|1\n|move|p1a: Great Tusk|Rapid Spin|p2a: Alomomola\n|-damage|p2a: Alomomola|88/100\n|-boost|p1a: Great Tusk|spe|1\n|-damage|p1a: Great Tusk|70/100|[from] item: Rocky Helmet|[of] p2a: Alomomola\n|\n|-weather|Sandstorm|[upkeep]\n|-damage|p2a: Alomomola|82/100|[from] Sandstorm\n|upkeep\n|turn|7\n|\n|t:|1782435008\n|move|p1a: Great Tusk|Close Combat|p2a: Alomomola\n|-damage|p2a: Alomomola|41/100\n|-unboost|p1a: Great Tusk|def|1\n|-unboost|p1a: Great Tusk|spd|1\n|-damage|p1a: Great Tusk|54/100|[from] item: Rocky Helmet|[of] p2a: Alomomola\n|move|p2a: Alomomola|Scald|p1a: Great Tusk\n|-supereffective|p1a: Great Tusk\n|-damage|p1a: Great Tusk|0 fnt\n|faint|p1a: Great Tusk\n|-end|p1a: Great Tusk|Protosynthesis|[silent]\n|\n|-weather|Sandstorm|[upkeep]\n|-damage|p2a: Alomomola|35/100|[from] Sandstorm\n|upkeep\n|inactive|nepturee has 120 seconds left.\n|\n|t:|1782435023\n|switch|p1a: Iron Crown|Iron Crown|100/100\n|-enditem|p1a: Iron Crown|Booster Energy\n|-activate|p1a: Iron Crown|ability: Quark Drive|[fromitem]\n|-start|p1a: Iron Crown|quarkdrivespa\n|turn|8\n|\n|t:|1782435031\n|switch|p2a: Yanmega|Yanmega, F|2/100\n|move|p1a: Iron Crown|Tachyon Cutter|p2a: Yanmega\n|-damage|p2a: Yanmega|0 fnt\n|faint|p2a: Yanmega\n|-hitcount|p2: Yanmega|1\n|\n|-weather|none\n|upkeep\n|\n|t:|1782435036\n|switch|p2a: Tyranitar|Tyranitar, M|78/100\n|-activate|p2a: Tyranitar|move: Sticky Web\n|-unboost|p2a: Tyranitar|spe|1\n|-weather|Sandstorm|[from] ability: Sand Stream|[of] p2a: Tyranitar\n|turn|9\n|\n|t:|1782435041\n|move|p1a: Iron Crown|Tachyon Cutter|p2a: Tyranitar\n|-supereffective|p2a: Tyranitar\n|-damage|p2a: Tyranitar|55/100\n|-supereffective|p2a: Tyranitar\n|-damage|p2a: Tyranitar|32/100\n|-hitcount|p2a: Tyranitar|2\n|move|p2a: Tyranitar|Knock Off|p1a: Iron Crown\n|-supereffective|p1a: Iron Crown\n|-damage|p1a: Iron Crown|26/100\n|\n|-weather|Sandstorm|[upkeep]\n|upkeep\n|turn|10\n|\n|t:|1782435055\n|switch|p2a: Alomomola|Alomomola, M|68/100\n|-activate|p2a: Alomomola|move: Sticky Web\n|-unboost|p2a: Alomomola|spe|1\n|move|p1a: Iron Crown|Tachyon Cutter|p2a: Alomomola\n|-resisted|p2a: Alomomola\n|-damage|p2a: Alomomola|48/100\n|-resisted|p2a: Alomomola\n|-damage|p2a: Alomomola|30/100\n|-hitcount|p2a: Alomomola|2\n|\n|-weather|Sandstorm|[upkeep]\n|-damage|p2a: Alomomola|24/100|[from] Sandstorm\n|upkeep\n|turn|11\n|inactive|P1Arcers has 120 seconds left.\n|\n|t:|1782435094\n|switch|p2a: Great Tusk|Great Tusk|100/100\n|move|p1a: Iron Crown|Tachyon Cutter|p2a: Great Tusk\n|-crit|p2a: Great Tusk\n|-damage|p2a: Great Tusk|37/100\n|-damage|p2a: Great Tusk|0 fnt\n|faint|p2a: Great Tusk\n|-end|p2a: Great Tusk|Protosynthesis|[silent]\n|-hitcount|p2: Great Tusk|2\n|\n|-weather|Sandstorm|[upkeep]\n|upkeep\n|\n|t:|1782435108\n|switch|p2a: Scizor|Scizor, F|100/100\n|-activate|p2a: Scizor|move: Sticky Web\n|-unboost|p2a: Scizor|spe|1\n|turn|12\n|\n|t:|1782435135\n|-terastallize|p2a: Scizor|Steel\n|move|p2a: Scizor|Bullet Punch|p1a: Iron Crown\n|-resisted|p1a: Iron Crown\n|-damage|p1a: Iron Crown|0 fnt\n|faint|p1a: Iron Crown\n|-end|p1a: Iron Crown|Quark Drive|[silent]\n|\n|-weather|Sandstorm|[upkeep]\n|upkeep\n|inactive|nepturee has 120 seconds left.\n|\n|t:|1782435148\n|switch|p1a: Satoru Gholdo|Gholdengo|100/100\n|-item|p1a: Satoru Gholdo|Air Balloon\n|turn|13\n|inactive|P1Arcers has 120 seconds left.\n|\n|t:|1782435164\n|move|p2a: Scizor|Bullet Punch|p1a: Satoru Gholdo\n|-resisted|p1a: Satoru Gholdo\n|-damage|p1a: Satoru Gholdo|63/100\n|-enditem|p1a: Satoru Gholdo|Air Balloon\n|move|p1a: Satoru Gholdo|Thunderbolt|p2a: Scizor\n|-crit|p2a: Scizor\n|-damage|p2a: Scizor|39/100\n|\n|-weather|none\n|upkeep\n|turn|14\n|inactive|P1Arcers has 120 seconds left.\n|\n|t:|1782435179\n|switch|p2a: Tyranitar|Tyranitar, M|32/100\n|-activate|p2a: Tyranitar|move: Sticky Web\n|-unboost|p2a: Tyranitar|spe|1\n|-weather|Sandstorm|[from] ability: Sand Stream|[of] p2a: Tyranitar\n|move|p1a: Satoru Gholdo|Thunderbolt|p2a: Tyranitar\n|-damage|p2a: Tyranitar|19/100\n|\n|-weather|Sandstorm|[upkeep]\n|upkeep\n|turn|15\n|inactive|P1Arcers has 120 seconds left.\n|inactive|nepturee has 120 seconds left.\n|\n|t:|1782435202\n|move|p1a: Satoru Gholdo|Thunderbolt|p2a: Tyranitar\n|-damage|p2a: Tyranitar|7/100\n|move|p2a: Tyranitar|Earthquake|p1a: Satoru Gholdo\n|-supereffective|p1a: Satoru Gholdo\n|-damage|p1a: Satoru Gholdo|0 fnt\n|faint|p1a: Satoru Gholdo\n|\n|-weather|Sandstorm|[upkeep]\n|upkeep\n|inactive|nepturee has 120 seconds left.\n|c|☆nepturee|is that AV??\n|c|☆P1Arcers|Yes\n|\n|t:|1782435228\n|switch|p1a: Manaphy|Manaphy|100/100\n|turn|16\n|\n|t:|1782435234\n|move|p1a: Manaphy|Scald|p2a: Tyranitar\n|-supereffective|p2a: Tyranitar\n|-damage|p2a: Tyranitar|0 fnt\n|faint|p2a: Tyranitar\n|\n|-weather|Sandstorm|[upkeep]\n|-damage|p1a: Manaphy|94/100|[from] Sandstorm\n|-heal|p1a: Manaphy|100/100|[from] item: Leftovers\n|upkeep\n|inactive|P1Arcers has 120 seconds left.\n|\n|t:|1782435254\n|switch|p2a: Skeledirge|Skeledirge, M|100/100\n|turn|17\n|inactive|nepturee has 120 seconds left.\n|inactive|P1Arcers has 120 seconds left.\n|\n|t:|1782435261\n|move|p1a: Manaphy|Take Heart|p1a: Manaphy\n|-boost|p1a: Manaphy|spa|1\n|-boost|p1a: Manaphy|spd|1\n|move|p2a: Skeledirge|Will-O-Wisp|p1a: Manaphy\n|-status|p1a: Manaphy|brn\n|\n|-weather|Sandstorm|[upkeep]\n|-damage|p1a: Manaphy|94/100 brn|[from] Sandstorm\n|-damage|p2a: Skeledirge|94/100|[from] Sandstorm\n|-heal|p1a: Manaphy|100/100 brn|[from] item: Leftovers\n|-damage|p1a: Manaphy|94/100 brn|[from] brn\n|upkeep\n|turn|18\n|\n|t:|1782435268\n|move|p1a: Manaphy|Take Heart|p1a: Manaphy\n|-boost|p1a: Manaphy|spa|1\n|-boost|p1a: Manaphy|spd|1\n|-curestatus|p1a: Manaphy|brn|[msg]\n|move|p2a: Skeledirge|Hex|p1a: Manaphy\n|-damage|p1a: Manaphy|75/100\n|\n|-weather|none\n|-heal|p1a: Manaphy|81/100|[from] item: Leftovers\n|upkeep\n|turn|19\n|inactive|P1Arcers has 120 seconds left.\n|\n|t:|1782435289\n|move|p1a: Manaphy|Scald|p2a: Skeledirge\n|-supereffective|p2a: Skeledirge\n|-damage|p2a: Skeledirge|55/100\n|move|p2a: Skeledirge|Torch Song|p1a: Manaphy\n|-resisted|p1a: Manaphy\n|-damage|p1a: Manaphy|69/100\n|-boost|p2a: Skeledirge|spa|1\n|\n|-heal|p1a: Manaphy|76/100|[from] item: Leftovers\n|upkeep\n|turn|20\n|inactive|P1Arcers has 120 seconds left.\n|\n|t:|1782435301\n|move|p1a: Manaphy|Scald|p2a: Skeledirge\n|-supereffective|p2a: Skeledirge\n|-damage|p2a: Skeledirge|11/100\n|move|p2a: Skeledirge|Torch Song|p1a: Manaphy\n|-resisted|p1a: Manaphy\n|-damage|p1a: Manaphy|58/100\n|-boost|p2a: Skeledirge|spa|1\n|\n|-heal|p1a: Manaphy|64/100|[from] item: Leftovers\n|upkeep\n|turn|21\n|inactive|P1Arcers has 120 seconds left.\n|\n|t:|1782435311\n|move|p1a: Manaphy|Scald|p2a: Skeledirge\n|-supereffective|p2a: Skeledirge\n|-damage|p2a: Skeledirge|0 fnt\n|faint|p2a: Skeledirge\n|\n|-heal|p1a: Manaphy|70/100|[from] item: Leftovers\n|upkeep\n|\n|t:|1782435313\n|switch|p2a: Scizor|Scizor, F, tera:Steel|39/100\n|-activate|p2a: Scizor|move: Sticky Web\n|-unboost|p2a: Scizor|spe|1\n|turn|22\n|\n|t:|1782435316\n|move|p2a: Scizor|Bullet Punch|p1a: Manaphy\n|-resisted|p1a: Manaphy\n|-damage|p1a: Manaphy|41/100\n|move|p1a: Manaphy|Scald|p2a: Scizor\n|-damage|p2a: Scizor|0 fnt\n|faint|p2a: Scizor\n|\n|-heal|p1a: Manaphy|47/100|[from] item: Leftovers\n|upkeep\n|\n|t:|1782435318\n|switch|p2a: Alomomola|Alomomola, M|57/100\n|-activate|p2a: Alomomola|move: Sticky Web\n|-unboost|p2a: Alomomola|spe|1\n|turn|23\n|\n|t:|1782435322\n|move|p1a: Manaphy|Acid Armor|p1a: Manaphy\n|-boost|p1a: Manaphy|def|2\n|move|p2a: Alomomola|Wish|p2a: Alomomola\n|\n|-heal|p1a: Manaphy|53/100|[from] item: Leftovers\n|upkeep\n|turn|24\n|c|☆nepturee|gg\n|\n|t:|1782435325\n|move|p1a: Manaphy|Stored Power|p2a: Alomomola\n|-damage|p2a: Alomomola|0 fnt\n|faint|p2a: Alomomola\n|\n|win|nepturee\n|raw|nepturee's rating: 1356 &rarr; <strong>1376</strong><br />(+20 for winning)\n|raw|P1Arcers's rating: 1350 &rarr; <strong>1330</strong><br />(-20 for losing)\n|l|☆nepturee\n|player|p1|\n|l|☆P1Arcers\n|player|p2|\n", "uploadtime": 1782435683, "views": 13, "formatid": "gen9ou", "rating": 1330, "private": 0, "password": null}