{"id": "gen9ou-2647765966", "format": "[Gen 9] OU", "players": ["askkw", "ArielPukLacra"], "log": "|j|☆askkw\n|j|☆ArielPukLacra\n|t:|1783808826\n|gametype|singles\n|player|p1|askkw|265|1177\n|player|p2|ArielPukLacra|169|1152\n|gen|9\n|tier|[Gen 9] OU\n|rated|\n|rule|HP Percentage Mod: HP is shown in percentages\n|rule|Endless Battle Clause: Forcing endless battles is banned\n|rule|Species Clause: Limit one of each Pokémon\n|rule|OHKO Clause: OHKO moves are banned\n|rule|Evasion Items Clause: Evasion items are banned\n|rule|Evasion Moves Clause: Evasion moves are banned\n|rule|Evasion Abilities Clause: Evasion abilities are banned\n|rule|Sleep Moves Clause: Sleep-inducing moves are banned\n|clearpoke\n|poke|p1|Minior-Violet|\n|poke|p1|Indeedee-F, F|\n|poke|p1|Armarouge, M|\n|poke|p1|Pecharunt|\n|poke|p1|Great Tusk|\n|poke|p1|Gallade, M|\n|poke|p2|Dunsparce, M|\n|poke|p2|Dipplin, M|\n|poke|p2|Sneasel-Hisui, M|\n|poke|p2|Porygon2|\n|poke|p2|Croconaw, M|\n|poke|p2|Scyther, F|\n|teampreview\n|\n|t:|1783808834\n|teamsize|p1|6\n|teamsize|p2|6\n|start\n|switch|p1a: Indeedee|Indeedee-F, F|100/100\n|switch|p2a: Dunsparce|Dunsparce, M, shiny|100/100\n|-fieldstart|move: Psychic Terrain|[from] ability: Psychic Surge|[of] p1a: Indeedee\n|turn|1\n|\n|t:|1783808845\n|switch|p1a: Minior|Minior-Violet, shiny|100/100\n|-formechange|p1a: Minior|Minior-Meteor||[from] ability: Shields Down\n|move|p2a: Dunsparce|Glare|p1a: Minior\n|-immune|p1a: Minior|[from] ability: Shields Down\n|\n|upkeep\n|turn|2\n|\n|t:|1783808853\n|move|p1a: Minior|Shell Smash|p1a: Minior\n|-unboost|p1a: Minior|def|1\n|-unboost|p1a: Minior|spd|1\n|-boost|p1a: Minior|atk|2\n|-boost|p1a: Minior|spa|2\n|-boost|p1a: Minior|spe|2\n|-enditem|p1a: Minior|White Herb\n|-clearnegativeboost|p1a: Minior|[silent]\n|move|p2a: Dunsparce|Coil|p2a: Dunsparce\n|-boost|p2a: Dunsparce|atk|1\n|-boost|p2a: Dunsparce|def|1\n|-boost|p2a: Dunsparce|accuracy|1\n|\n|upkeep\n|turn|3\n|\n|t:|1783808866\n|move|p1a: Minior|Acrobatics|p2a: Dunsparce\n|-damage|p2a: Dunsparce|65/100\n|move|p2a: Dunsparce|Stealth Rock|p1a: Minior\n|-sidestart|p1: askkw|move: Stealth Rock\n|\n|upkeep\n|turn|4\n|\n|t:|1783808873\n|move|p1a: Minior|Substitute|p1a: Minior\n|-start|p1a: Minior|Substitute\n|-damage|p1a: Minior|76/100\n|move|p2a: Dunsparce|Headbutt|p1a: Minior\n|-resisted|p1a: Minior\n|-activate|p1a: Minior|move: Substitute|[damage]\n|\n|upkeep\n|turn|5\n|\n|t:|1783808881\n|move|p1a: Minior|Shell Smash|p1a: Minior\n|-unboost|p1a: Minior|def|1\n|-unboost|p1a: Minior|spd|1\n|-boost|p1a: Minior|atk|2\n|-boost|p1a: Minior|spa|2\n|-boost|p1a: Minior|spe|2\n|move|p2a: Dunsparce|Headbutt|p1a: Minior\n|-resisted|p1a: Minior\n|-end|p1a: Minior|Substitute\n|\n|upkeep\n|turn|6\n|\n|t:|1783808888\n|move|p1a: Minior|Substitute|p1a: Minior\n|-start|p1a: Minior|Substitute\n|-damage|p1a: Minior|51/100\n|move|p2a: Dunsparce|Headbutt|p1a: Minior\n|-resisted|p1a: Minior\n|-end|p1a: Minior|Substitute\n|\n|upkeep\n|turn|7\n|\n|t:|1783808899\n|move|p1a: Minior|Substitute|p1a: Minior\n|-start|p1a: Minior|Substitute\n|-damage|p1a: Minior|26/100\n|move|p2a: Dunsparce|Headbutt|p1a: Minior\n|-resisted|p1a: Minior\n|-activate|p1a: Minior|move: Substitute|[damage]\n|\n|-formechange|p1a: Minior|Minior-Violet||[from] ability: Shields Down\n|upkeep\n|turn|8\n|\n|t:|1783808904\n|move|p1a: Minior|Acrobatics|p2a: Dunsparce\n|-damage|p2a: Dunsparce|0 fnt\n|faint|p2a: Dunsparce\n|\n|-fieldend|move: Psychic Terrain\n|upkeep\n|\n|t:|1783808909\n|switch|p2a: Porygon2|Porygon2, shiny|100/100\n|turn|9\n|\n|t:|1783808913\n|move|p1a: Minior|Acrobatics|p2a: Porygon2\n|-damage|p2a: Porygon2|26/100\n|move|p2a: Porygon2|Discharge|p1a: Minior\n|-supereffective|p1a: Minior\n|-end|p1a: Minior|Substitute\n|\n|upkeep\n|turn|10\n|\n|t:|1783808920\n|move|p1a: Minior|Acrobatics|p2a: Porygon2\n|-damage|p2a: Porygon2|0 fnt\n|faint|p2a: Porygon2\n|\n|upkeep\n|\n|t:|1783808921\n|switch|p2a: Sneasel|Sneasel-Hisui, M, shiny|100/100\n|turn|11\n|\n|t:|1783808932\n|move|p2a: Sneasel|Fake Out|p1a: Minior\n|-resisted|p1a: Minior\n|-damage|p1a: Minior|8/100\n|cant|p1a: Minior|flinch\n|\n|upkeep\n|turn|12\n|\n|t:|1783808938\n|switch|p2a: Scyther|Scyther, F, shiny|100/100\n|move|p1a: Minior|Acrobatics|p2a: Scyther\n|-supereffective|p2a: Scyther\n|-damage|p2a: Scyther|0 fnt\n|faint|p2a: Scyther\n|\n|upkeep\n|\n|t:|1783808944\n|switch|p2a: Sneasel|Sneasel-Hisui, M, shiny|100/100\n|turn|13\n|\n|t:|1783808948\n|switch|p1a: Indeedee|Indeedee-F, F|100/100\n|-damage|p1a: Indeedee|88/100|[from] Stealth Rock\n|-fieldstart|move: Psychic Terrain|[from] ability: Psychic Surge|[of] p1a: Indeedee\n|move|p2a: Sneasel|Fake Out|p1a: Indeedee\n|-activate|p1a: Indeedee|move: Psychic Terrain\n|\n|upkeep\n|turn|14\n|\n|t:|1783808958\n|-terastallize|p2a: Sneasel|Dark\n|move|p2a: Sneasel|Throat Chop|p1a: Indeedee\n|-supereffective|p1a: Indeedee\n|-damage|p1a: Indeedee|0 fnt\n|faint|p1a: Indeedee\n|\n|upkeep\n|\n|t:|1783808964\n|switch|p1a: Gallade|Gallade, M|100/100\n|-damage|p1a: Gallade|94/100|[from] Stealth Rock\n|turn|15\n|inactive|Battle timer is ON: inactive players will automatically lose when time's up. (requested by askkw)\n|inactive|ArielPukLacra has 120 seconds left.\n|inactive|ArielPukLacra has 90 seconds left.\n|inactive|ArielPukLacra has 60 seconds left.\n|inactive|ArielPukLacra has 30 seconds left.\n|inactive|ArielPukLacra has 20 seconds left.\n|inactive|ArielPukLacra has 15 seconds left.\n|inactive|ArielPukLacra has 10 seconds left.\n|inactive|ArielPukLacra has 5 seconds left.\n|-message|ArielPukLacra lost due to inactivity.\n|\n|win|askkw\n|raw|askkw's rating: 1177 &rarr; <strong>1200</strong><br />(+23 for winning)\n|raw|ArielPukLacra's rating: 1152 &rarr; <strong>1129</strong><br />(-23 for losing)\n|l|☆ArielPukLacra\n|player|p2|\n|l|☆askkw\n|player|p1|\n", "uploadtime": 1783809453, "views": 3, "formatid": "gen9ou", "rating": 1129, "private": 0, "password": null}