{"id": "gen9ou-2639313479", "format": "[Gen 9] OU", "players": ["Ahigh", "thepeakmons"], "log": "|j|☆Ahigh\n|j|☆thepeakmons\n|t:|1782451186\n|gametype|singles\n|player|p1|Ahigh|265|1325\n|player|p2|thepeakmons|101|1341\n|gen|9\n|tier|[Gen 9] OU\n|rated|\n|rule|HP Percentage Mod: HP is shown in percentages\n|rule|Endless Battle Clause: Forcing endless battles is banned\n|rule|Species Clause: Limit one of each Pokémon\n|rule|OHKO Clause: OHKO moves are banned\n|rule|Evasion Items Clause: Evasion items are banned\n|rule|Evasion Moves Clause: Evasion moves are banned\n|rule|Evasion Abilities Clause: Evasion abilities are banned\n|rule|Sleep Moves Clause: Sleep-inducing moves are banned\n|clearpoke\n|poke|p1|Great Tusk|\n|poke|p1|Walking Wake|\n|poke|p1|Alomomola, M|\n|poke|p1|Cinderace, M|\n|poke|p1|Dragapult, M|\n|poke|p1|Pecharunt|\n|poke|p2|Corviknight, F|\n|poke|p2|Ting-Lu|\n|poke|p2|Kyurem|\n|poke|p2|Dondozo, M|\n|poke|p2|Slowking-Galar, F|\n|poke|p2|Cinderace, M|\n|teampreview\n|\n|t:|1782451200\n|teamsize|p1|6\n|teamsize|p2|6\n|start\n|switch|p1a: Cinderace|Cinderace, M|100/100\n|switch|p2a: Cinderace|Cinderace, M|100/100\n|turn|1\n|inactive|Battle timer is ON: inactive players will automatically lose when time's up. (requested by thepeakmons)\n|inactive|thepeakmons has 120 seconds left.\n|\n|t:|1782451241\n|switch|p1a: Alomomola|Alomomola, M|100/100\n|switch|p2a: Ting-Lu|Ting-Lu|100/100\n|-ability|p2a: Ting-Lu|Vessel of Ruin\n|\n|upkeep\n|turn|2\n|\n|t:|1782451248\n|switch|p2a: Kyurem|Kyurem|100/100\n|-ability|p2a: Kyurem|Pressure\n|move|p1a: Alomomola|Flip Turn|p2a: Kyurem\n|-resisted|p2a: Kyurem\n|-damage|p2a: Kyurem|94/100\n|\n|t:|1782451255\n|switch|p1a: Walking Wake|Walking Wake|100/100|[from] Flip Turn\n|\n|-heal|p2a: Kyurem|99/100|[from] item: Leftovers\n|upkeep\n|turn|3\n|\n|t:|1782451264\n|move|p2a: Kyurem|Protect|p2a: Kyurem\n|-singleturn|p2a: Kyurem|Protect\n|move|p1a: Walking Wake|Flip Turn|p2a: Kyurem\n|-activate|p2a: Kyurem|move: Protect\n|\n|-heal|p2a: Kyurem|100/100|[from] item: Leftovers\n|upkeep\n|turn|4\n|\n|t:|1782451270\n|move|p1a: Walking Wake|Flip Turn|p2a: Kyurem\n|-resisted|p2a: Kyurem\n|-damage|p2a: Kyurem|93/100\n|\n|t:|1782451274\n|-end|p1a: Walking Wake|Protosynthesis|[silent]\n|switch|p1a: Pecharunt|Pecharunt|100/100|[from] Flip Turn\n|move|p2a: Kyurem|Freeze-Dry|p1a: Pecharunt\n|-damage|p1a: Pecharunt|76/100\n|\n|-heal|p2a: Kyurem|99/100|[from] item: Leftovers\n|-heal|p1a: Pecharunt|82/100|[from] item: Black Sludge\n|upkeep\n|turn|5\n|\n|t:|1782451282\n|move|p2a: Kyurem|Earth Power|p1a: Pecharunt\n|-supereffective|p1a: Pecharunt\n|-damage|p1a: Pecharunt|37/100\n|move|p1a: Pecharunt|Toxic|p2a: Kyurem\n|-status|p2a: Kyurem|tox\n|-start|p2a: Kyurem|confusion|[from] ability: Poison Puppeteer|[of] p1a: Pecharunt\n|\n|-heal|p2a: Kyurem|100/100 tox|[from] item: Leftovers\n|-heal|p1a: Pecharunt|43/100|[from] item: Black Sludge\n|-damage|p2a: Kyurem|94/100 tox|[from] psn\n|upkeep\n|turn|6\n|\n|t:|1782451293\n|-activate|p2a: Kyurem|confusion\n|move|p2a: Kyurem|Earth Power|p1a: Pecharunt\n|-supereffective|p1a: Pecharunt\n|-damage|p1a: Pecharunt|2/100\n|move|p1a: Pecharunt|Recover|p1a: Pecharunt\n|-heal|p1a: Pecharunt|52/100\n|\n|-heal|p2a: Kyurem|100/100 tox|[from] item: Leftovers\n|-heal|p1a: Pecharunt|58/100|[from] item: Black Sludge\n|-damage|p2a: Kyurem|88/100 tox|[from] psn\n|upkeep\n|turn|7\n|\n|t:|1782451304\n|switch|p2a: Slowking|Slowking-Galar, F|100/100\n|move|p1a: Pecharunt|Parting Shot|p2a: Slowking\n|-unboost|p2a: Slowking|atk|1\n|-unboost|p2a: Slowking|spa|1\n|\n|t:|1782451315\n|switch|p1a: Great Tusk|Great Tusk|100/100|[from] Parting Shot\n|\n|upkeep\n|turn|8\n|\n|t:|1782451325\n|-end|p1a: Great Tusk|Protosynthesis|[silent]\n|switch|p1a: Walking Wake|Walking Wake|100/100\n|switch|p2a: Kyurem|Kyurem|88/100 tox\n|-ability|p2a: Kyurem|Pressure\n|\n|-heal|p2a: Kyurem|94/100 tox|[from] item: Leftovers\n|-damage|p2a: Kyurem|88/100 tox|[from] psn\n|upkeep\n|turn|9\n|\n|t:|1782451337\n|move|p1a: Walking Wake|Draco Meteor|p2a: Kyurem\n|-supereffective|p2a: Kyurem\n|-damage|p2a: Kyurem|0 fnt\n|-unboost|p1a: Walking Wake|spa|2\n|faint|p2a: Kyurem\n|\n|upkeep\n|\n|t:|1782451344\n|switch|p2a: Slowking|Slowking-Galar, F|100/100\n|turn|10\n|\n|t:|1782451354\n|-end|p1a: Walking Wake|Protosynthesis|[silent]\n|switch|p1a: Alomomola|Alomomola, M|100/100\n|move|p2a: Slowking|Future Sight|p1a: Alomomola\n|-start|p2a: Slowking|move: Future Sight\n|\n|upkeep\n|turn|11\n|\n|t:|1782451376\n|move|p1a: Alomomola|Wish|p1a: Alomomola\n|move|p2a: Slowking|Sludge Bomb|p1a: Alomomola\n|-damage|p1a: Alomomola|58/100\n|-status|p1a: Alomomola|psn\n|\n|-damage|p1a: Alomomola|45/100 psn|[from] psn\n|upkeep\n|turn|12\n|\n|t:|1782451396\n|move|p1a: Alomomola|Protect|p1a: Alomomola\n|-singleturn|p1a: Alomomola|Protect\n|move|p2a: Slowking|Sludge Bomb|p1a: Alomomola\n|-activate|p1a: Alomomola|move: Protect\n|\n|-end|p1a: Alomomola|move: Future Sight\n|-damage|p1a: Alomomola|0 fnt\n|faint|p1a: Alomomola\n|upkeep\n|inactive|Ahigh has 120 seconds left.\n|\n|t:|1782451413\n|switch|p1a: Great Tusk|Great Tusk|100/100\n|turn|13\n|inactive|Ahigh has 120 seconds left.\n|\n|t:|1782451434\n|-end|p1a: Great Tusk|Protosynthesis|[silent]\n|switch|p1a: Pecharunt|Pecharunt|58/100\n|move|p2a: Slowking|Future Sight|p1a: Pecharunt\n|-start|p2a: Slowking|move: Future Sight\n|\n|-heal|p1a: Pecharunt|64/100|[from] item: Black Sludge\n|upkeep\n|turn|14\n|\n|t:|1782451449\n|move|p1a: Pecharunt|Parting Shot|p2a: Slowking\n|-unboost|p2a: Slowking|atk|1\n|-unboost|p2a: Slowking|spa|1\n|\n|t:|1782451457\n|switch|p1a: Walking Wake|Walking Wake|100/100|[from] Parting Shot\n|move|p2a: Slowking|Ice Beam|p1a: Walking Wake\n|-damage|p1a: Walking Wake|81/100\n|\n|upkeep\n|turn|15\n|inactive|Ahigh has 120 seconds left.\n|\n|t:|1782451472\n|move|p1a: Walking Wake|Flip Turn|p2a: Slowking\n|-damage|p2a: Slowking|90/100\n|\n|t:|1782451477\n|-end|p1a: Walking Wake|Protosynthesis|[silent]\n|switch|p1a: Pecharunt|Pecharunt|64/100|[from] Flip Turn\n|move|p2a: Slowking|Sludge Bomb|p1a: Pecharunt\n|-resisted|p1a: Pecharunt\n|-damage|p1a: Pecharunt|60/100\n|\n|-end|p1a: Pecharunt|move: Future Sight\n|-supereffective|p1a: Pecharunt\n|-damage|p1a: Pecharunt|16/100\n|-heal|p1a: Pecharunt|22/100|[from] item: Black Sludge\n|upkeep\n|turn|16\n|\n|t:|1782451487\n|move|p1a: Pecharunt|Parting Shot|p2a: Slowking\n|-unboost|p2a: Slowking|atk|1\n|-unboost|p2a: Slowking|spa|1\n|\n|t:|1782451491\n|switch|p1a: Great Tusk|Great Tusk|100/100|[from] Parting Shot\n|move|p2a: Slowking|Future Sight|p1a: Great Tusk\n|-start|p2a: Slowking|move: Future Sight\n|\n|upkeep\n|turn|17\n|\n|t:|1782451500\n|switch|p2a: Corviknight|Corviknight, F|100/100\n|-ability|p2a: Corviknight|Pressure\n|move|p1a: Great Tusk|Earthquake|p2a: Corviknight\n|-immune|p2a: Corviknight\n|\n|upkeep\n|turn|18\n|-message|Ahigh forfeited.\n|\n|win|thepeakmons\n|raw|Ahigh's rating: 1325 &rarr; <strong>1308</strong><br />(-17 for losing)\n|raw|thepeakmons's rating: 1374 &rarr; <strong>1391</strong><br />(+17 for winning)\n|l|☆Ahigh\n|player|p1|\n", "uploadtime": 1782451509, "views": 7, "formatid": "gen9ou", "rating": 1308, "private": 0, "password": null}