{"id": "gen9ou-2639914888", "format": "[Gen 9] OU", "players": ["vartholomeus", "hyp4roffender"], "log": "|j|☆vartholomeus\n|j|☆hyp4roffender\n|t:|1782542436\n|gametype|singles\n|player|p1|vartholomeus|gambler|1486\n|player|p2|hyp4roffender|1|1570\n|gen|9\n|tier|[Gen 9] OU\n|rated|\n|rule|HP Percentage Mod: HP is shown in percentages\n|rule|Endless Battle Clause: Forcing endless battles is banned\n|rule|Species Clause: Limit one of each Pokémon\n|rule|OHKO Clause: OHKO moves are banned\n|rule|Evasion Items Clause: Evasion items are banned\n|rule|Evasion Moves Clause: Evasion moves are banned\n|rule|Evasion Abilities Clause: Evasion abilities are banned\n|rule|Sleep Moves Clause: Sleep-inducing moves are banned\n|clearpoke\n|poke|p1|Moltres|\n|poke|p1|Kleavor, F|\n|poke|p1|Greninja-*, M|\n|poke|p1|Ogerpon, F|\n|poke|p1|Iron Valiant|\n|poke|p1|Gholdengo|\n|poke|p2|Kingambit, F|\n|poke|p2|Kommo-o, F|\n|poke|p2|Iron Valiant|\n|poke|p2|Kyurem|\n|poke|p2|Iron Crown|\n|poke|p2|Forretress, F|\n|teampreview\n|inactive|Battle timer is ON: inactive players will automatically lose when time's up. (requested by vartholomeus)\n|\n|t:|1782542441\n|teamsize|p1|6\n|teamsize|p2|6\n|start\n|switch|p1a: Mantequillo|Gholdengo|100/100\n|switch|p2a: Forretress|Forretress, F|100/100\n|turn|1\n|\n|t:|1782542445\n|move|p1a: Mantequillo|Trick|p2a: Forretress\n|-activate|p1a: Mantequillo|move: Trick|[of] p2a: Forretress\n|-item|p2a: Forretress|Choice Scarf|[from] move: Trick\n|-item|p1a: Mantequillo|Mental Herb|[from] move: Trick\n|move|p2a: Forretress|Stealth Rock|p1a: Mantequillo\n|-sidestart|p1: vartholomeus|move: Stealth Rock\n|\n|upkeep\n|turn|2\n|\n|t:|1782542452\n|switch|p2a: Kingambit|Kingambit, F|100/100\n|move|p1a: Mantequillo|Shadow Ball|p2a: Kingambit\n|-resisted|p2a: Kingambit\n|-damage|p2a: Kingambit|76/100\n|\n|-heal|p2a: Kingambit|82/100|[from] item: Leftovers\n|upkeep\n|turn|3\n|\n|t:|1782542458\n|-end|p2a: Kingambit|fallenundefined|[silent]\n|switch|p2a: Forretress|Forretress, F|100/100\n|move|p1a: Mantequillo|Focus Blast|p2a: Forretress|[miss]\n|-miss|p1a: Mantequillo|p2a: Forretress\n|\n|upkeep\n|turn|4\n|\n|t:|1782542463\n|switch|p1a: Maltro|Moltres|100/100\n|move|p2a: Forretress|Explosion|p1a: Maltro\n|-damage|p1a: Maltro|64/100\n|faint|p2a: Forretress\n|\n|upkeep\n|\n|t:|1782542469\n|switch|p2a: Kommo-o|Kommo-o, F|100/100\n|turn|5\n|\n|t:|1782542471\n|move|p2a: Kommo-o|Substitute|p2a: Kommo-o\n|-start|p2a: Kommo-o|Substitute\n|-damage|p2a: Kommo-o|75/100\n|move|p1a: Maltro|Roar|p2a: Kommo-o\n|-immune|p2a: Kommo-o|[from] ability: Soundproof\n|\n|-heal|p2a: Kommo-o|82/100|[from] item: Leftovers\n|upkeep\n|turn|6\n|\n|t:|1782542476\n|move|p2a: Kommo-o|Clangorous Soul|p2a: Kommo-o\n|-boost|p2a: Kommo-o|atk|1\n|-boost|p2a: Kommo-o|def|1\n|-boost|p2a: Kommo-o|spa|1\n|-boost|p2a: Kommo-o|spd|1\n|-boost|p2a: Kommo-o|spe|1\n|-damage|p2a: Kommo-o|49/100\n|move|p1a: Maltro|U-turn|p2a: Kommo-o\n|-resisted|p2a: Kommo-o\n|-activate|p2a: Kommo-o|move: Substitute|[damage]\n|\n|t:|1782542479\n|switch|p1a: Irohak|Iron Valiant|100/100|[from] U-turn\n|-damage|p1a: Irohak|94/100|[from] Stealth Rock\n|-enditem|p1a: Irohak|Booster Energy\n|-activate|p1a: Irohak|ability: Quark Drive|[fromitem]\n|-start|p1a: Irohak|quarkdrivespe\n|\n|-heal|p2a: Kommo-o|55/100|[from] item: Leftovers\n|upkeep\n|turn|7\n|\n|t:|1782542489\n|move|p1a: Irohak|Encore|p2a: Kommo-o\n|-start|p2a: Kommo-o|Encore\n|move|p2a: Kommo-o|Clangorous Soul|p2a: Kommo-o\n|-boost|p2a: Kommo-o|atk|1\n|-boost|p2a: Kommo-o|def|1\n|-boost|p2a: Kommo-o|spa|1\n|-boost|p2a: Kommo-o|spd|1\n|-boost|p2a: Kommo-o|spe|1\n|-damage|p2a: Kommo-o|22/100\n|\n|-heal|p2a: Kommo-o|28/100|[from] item: Leftovers\n|upkeep\n|turn|8\n|\n|t:|1782542492\n|move|p2a: Kommo-o|Clangorous Soul||[still]\n|-fail|p2a: Kommo-o\n|move|p1a: Irohak|Calm Mind|p1a: Irohak\n|-boost|p1a: Irohak|spa|1\n|-boost|p1a: Irohak|spd|1\n|\n|-heal|p2a: Kommo-o|35/100|[from] item: Leftovers\n|upkeep\n|turn|9\n|\n|t:|1782542498\n|move|p2a: Kommo-o|Clangorous Soul|p2a: Kommo-o\n|-boost|p2a: Kommo-o|atk|1\n|-boost|p2a: Kommo-o|def|1\n|-boost|p2a: Kommo-o|spa|1\n|-boost|p2a: Kommo-o|spd|1\n|-boost|p2a: Kommo-o|spe|1\n|-damage|p2a: Kommo-o|2/100\n|move|p1a: Irohak|Moonblast|p2a: Kommo-o\n|-supereffective|p2a: Kommo-o\n|-crit|p2a: Kommo-o\n|-end|p2a: Kommo-o|Substitute\n|\n|-heal|p2a: Kommo-o|8/100|[from] item: Leftovers\n|-end|p2a: Kommo-o|Encore\n|upkeep\n|turn|10\n|\n|t:|1782542505\n|-terastallize|p2a: Kommo-o|Ghost\n|move|p2a: Kommo-o|Shadow Claw|p1a: Irohak\n|-damage|p1a: Irohak|15/100\n|move|p1a: Irohak|Moonblast|p2a: Kommo-o\n|-damage|p2a: Kommo-o|0 fnt\n|faint|p2a: Kommo-o\n|\n|upkeep\n|\n|t:|1782542509\n|switch|p2a: Iron Valiant|Iron Valiant|100/100\n|-enditem|p2a: Iron Valiant|Booster Energy\n|-activate|p2a: Iron Valiant|ability: Quark Drive|[fromitem]\n|-start|p2a: Iron Valiant|quarkdrivespe\n|turn|11\n|\n|t:|1782542512\n|move|p1a: Irohak|Moonblast|p2a: Iron Valiant\n|-supereffective|p2a: Iron Valiant\n|-damage|p2a: Iron Valiant|0 fnt\n|faint|p2a: Iron Valiant\n|-end|p2a: Iron Valiant|Quark Drive|[silent]\n|\n|upkeep\n|\n|t:|1782542516\n|switch|p2a: Iron Crown|Iron Crown|100/100\n|-enditem|p2a: Iron Crown|Booster Energy\n|-activate|p2a: Iron Crown|ability: Quark Drive|[fromitem]\n|-start|p2a: Iron Crown|quarkdrivespe\n|turn|12\n|\n|t:|1782542518\n|move|p1a: Irohak|Shadow Ball|p2a: Iron Crown\n|-supereffective|p2a: Iron Crown\n|-damage|p2a: Iron Crown|24/100\n|move|p2a: Iron Crown|Tachyon Cutter|p1a: Irohak\n|-supereffective|p1a: Irohak\n|-damage|p1a: Irohak|0 fnt\n|faint|p1a: Irohak\n|-end|p1a: Irohak|Quark Drive|[silent]\n|-hitcount|p1: Irohak|1\n|\n|upkeep\n|\n|t:|1782542523\n|switch|p1a: Suke|Greninja, M|100/100\n|-damage|p1a: Suke|88/100|[from] Stealth Rock\n|turn|13\n|\n|t:|1782542527\n|move|p1a: Suke|Water Shuriken|p2a: Iron Crown\n|-damage|p2a: Iron Crown|16/100\n|-damage|p2a: Iron Crown|8/100\n|-damage|p2a: Iron Crown|0 fnt\n|faint|p2a: Iron Crown\n|-end|p2a: Iron Crown|Quark Drive|[silent]\n|-ability|p1a: Suke|Battle Bond|boost\n|-boost|p1a: Suke|atk|1\n|-boost|p1a: Suke|spa|1\n|-boost|p1a: Suke|spe|1\n|-activate|p1a: Suke|ability: Battle Bond\n|-hitcount|p2: Iron Crown|3\n|-damage|p1a: Suke|78/100|[from] item: Life Orb\n|\n|upkeep\n|\n|t:|1782542535\n|switch|p2a: Kyurem|Kyurem|100/100\n|-ability|p2a: Kyurem|Pressure\n|turn|14\n|\n|t:|1782542539\n|move|p1a: Suke|Dark Pulse|p2a: Kyurem\n|-damage|p2a: Kyurem|22/100\n|-damage|p1a: Suke|69/100|[from] item: Life Orb\n|move|p2a: Kyurem|Scale Shot|p1a: Suke\n|-damage|p1a: Suke|48/100\n|-damage|p1a: Suke|26/100\n|-damage|p1a: Suke|3/100\n|-damage|p1a: Suke|0 fnt\n|faint|p1a: Suke\n|-hitcount|p1: Suke|4\n|-unboost|p2a: Kyurem|def|1\n|-boost|p2a: Kyurem|spe|1\n|\n|upkeep\n|\n|t:|1782542545\n|switch|p1a: Mantequillo|Gholdengo|100/100\n|-damage|p1a: Mantequillo|94/100|[from] Stealth Rock\n|turn|15\n|\n|t:|1782542550\n|move|p2a: Kyurem|Earth Power|p1a: Mantequillo\n|-supereffective|p1a: Mantequillo\n|-crit|p1a: Mantequillo\n|-damage|p1a: Mantequillo|0 fnt\n|faint|p1a: Mantequillo\n|\n|upkeep\n|\n|t:|1782542559\n|switch|p1a: Ogerpon|Ogerpon, F|100/100\n|-damage|p1a: Ogerpon|88/100|[from] Stealth Rock\n|turn|16\n|\n|t:|1782542563\n|switch|p2a: Kingambit|Kingambit, F|82/100\n|-activate|p2a: Kingambit|ability: Supreme Overlord\n|-start|p2a: Kingambit|fallen4|[silent]\n|-terastallize|p1a: Ogerpon|Grass\n|detailschange|p1a: Ogerpon|Ogerpon-Teal-Tera, F, tera:Grass\n|-ability|p1a: Ogerpon|Embody Aspect (Teal)|boost\n|-boost|p1a: Ogerpon|spe|1\n|move|p1a: Ogerpon|Low Kick|p2a: Kingambit\n|-supereffective|p2a: Kingambit\n|-damage|p2a: Kingambit|0 fnt\n|faint|p2a: Kingambit\n|-end|p2a: Kingambit|fallen4|[silent]\n|\n|upkeep\n|-message|hyp4roffender forfeited.\n|\n|win|vartholomeus\n|raw|vartholomeus's rating: 1486 &rarr; <strong>1511</strong><br />(+25 for winning)\n|raw|hyp4roffender's rating: 1570 &rarr; <strong>1545</strong><br />(-25 for losing)\n|l|☆hyp4roffender\n|player|p2|\n|l|☆vartholomeus\n|player|p1|\n", "uploadtime": 1782542937, "views": 5, "formatid": "gen9ou", "rating": 1511, "private": 0, "password": null}