{"id": "gen9ou-2639952349", "format": "[Gen 9] OU", "players": ["LowEL0God", "lt124yh xebec"], "log": "|badge|p2|bronze|gen9ou|100-9\n|html|<div class=\"broadcast-red\"><strong>This battle is required to be public due to one or more player having a season medal.</strong><br />During the public phase, you can discuss the state of the ladder <a href=\"/seasondiscussion\">in a special chatroom.</a></div>\n|uhtml|medal-msg|<div class=\"broadcast-blue\">Curious what those medals under the avatar are? PS now has Ladder Seasons! For more information, check out the <a href=\"https://www.smogon.com/forums/threads/3740067/\">thread on Smogon.</a></div>\n|raw|<div class=\"broadcast-blue\"><strong>This battle is required to be public due to a player having a name starting with 'medal'.</div>\n|j|☆LowEL0God\n|j|☆lt124yh xebec\n|t:|1782551127\n|gametype|singles\n|player|p1|LowEL0God|2|1563\n|player|p2|lt124yh xebec|102|1861\n|gen|9\n|tier|[Gen 9] OU\n|rated|\n|rule|HP Percentage Mod: HP is shown in percentages\n|rule|Endless Battle Clause: Forcing endless battles is banned\n|rule|Species Clause: Limit one of each Pokémon\n|rule|OHKO Clause: OHKO moves are banned\n|rule|Evasion Items Clause: Evasion items are banned\n|rule|Evasion Moves Clause: Evasion moves are banned\n|rule|Evasion Abilities Clause: Evasion abilities are banned\n|rule|Sleep Moves Clause: Sleep-inducing moves are banned\n|clearpoke\n|poke|p1|Pelipper, M|\n|poke|p1|Torkoal, M|\n|poke|p1|Walking Wake|\n|poke|p1|Tyranitar, F|\n|poke|p1|Excadrill, M|\n|poke|p1|Ogerpon-Wellspring, F|\n|poke|p2|Zamazenta-*|\n|poke|p2|Gliscor, M|\n|poke|p2|Dragapult, F|\n|poke|p2|Blissey, F|\n|poke|p2|Clefable, M|\n|poke|p2|Hydreigon, F|\n|teampreview\n|inactive|Battle timer is ON: inactive players will automatically lose when time's up. (requested by LowEL0God)\n|\n|t:|1782551141\n|teamsize|p1|6\n|teamsize|p2|6\n|start\n|switch|p1a: Ogerpon|Ogerpon-Wellspring, F|100/100\n|switch|p2a: Gliscor|Gliscor, M|100/100\n|turn|1\n|\n|t:|1782551145\n|switch|p2a: Zamazenta|Zamazenta|100/100\n|-ability|p2a: Zamazenta|Dauntless Shield|boost\n|-boost|p2a: Zamazenta|def|1\n|move|p1a: Ogerpon|Ivy Cudgel|p2a: Zamazenta|[anim] Ivy Cudgel Water\n|-damage|p2a: Zamazenta|73/100\n|\n|-heal|p2a: Zamazenta|79/100|[from] item: Leftovers\n|upkeep\n|turn|2\n|\n|t:|1782551147\n|switch|p1a: Hurricane Spam|Pelipper, M, shiny|100/100\n|-weather|RainDance|[from] ability: Drizzle|[of] p1a: Hurricane Spam\n|move|p2a: Zamazenta|Body Press|p1a: Hurricane Spam\n|-resisted|p1a: Hurricane Spam\n|-damage|p1a: Hurricane Spam|68/100\n|\n|-weather|RainDance|[upkeep]\n|-heal|p2a: Zamazenta|85/100|[from] item: Leftovers\n|upkeep\n|turn|3\n|\n|t:|1782551149\n|switch|p2a: Blissey|Blissey, F|100/100\n|move|p1a: Hurricane Spam|Weather Ball|p2a: Blissey\n|-damage|p2a: Blissey|66/100\n|\n|-weather|RainDance|[upkeep]\n|upkeep\n|turn|4\n|\n|t:|1782551154\n|move|p1a: Hurricane Spam|Weather Ball|p2a: Blissey\n|-damage|p2a: Blissey|30/100\n|move|p2a: Blissey|Stealth Rock|p1a: Hurricane Spam\n|-sidestart|p1: LowEL0God|move: Stealth Rock\n|\n|-weather|RainDance|[upkeep]\n|upkeep\n|turn|5\n|\n|t:|1782551165\n|switch|p2a: Hydreigon|Hydreigon, F|100/100\n|move|p1a: Hurricane Spam|Weather Ball|p2a: Hydreigon\n|-resisted|p2a: Hydreigon\n|-damage|p2a: Hydreigon|47/100\n|\n|-weather|RainDance|[upkeep]\n|-heal|p2a: Hydreigon|53/100|[from] item: Leftovers\n|upkeep\n|turn|6\n|\n|t:|1782551173\n|move|p2a: Hydreigon|Dark Pulse|p1a: Hurricane Spam\n|-damage|p1a: Hurricane Spam|13/100\n|cant|p1a: Hurricane Spam|flinch\n|\n|-weather|none\n|-heal|p2a: Hydreigon|59/100|[from] item: Leftovers\n|upkeep\n|turn|7\n|\n|t:|1782551189\n|switch|p1a: No Lando Plz|Tyranitar, F, shiny|100/100\n|-weather|Sandstorm|[from] ability: Sand Stream|[of] p1a: No Lando Plz\n|move|p2a: Hydreigon|Nasty Plot|p2a: Hydreigon\n|-boost|p2a: Hydreigon|spa|2\n|\n|-weather|Sandstorm|[upkeep]\n|-damage|p2a: Hydreigon|53/100|[from] Sandstorm\n|-heal|p2a: Hydreigon|59/100|[from] item: Leftovers\n|upkeep\n|turn|8\n|\n|t:|1782551191\n|move|p2a: Hydreigon|Earth Power|p1a: No Lando Plz\n|-supereffective|p1a: No Lando Plz\n|-damage|p1a: No Lando Plz|52/100\n|-unboost|p1a: No Lando Plz|spd|1\n|move|p1a: No Lando Plz|Ice Beam|p2a: Hydreigon\n|-supereffective|p2a: Hydreigon\n|-damage|p2a: Hydreigon|13/100\n|\n|-weather|Sandstorm|[upkeep]\n|-damage|p2a: Hydreigon|7/100|[from] Sandstorm\n|-heal|p2a: Hydreigon|13/100|[from] item: Leftovers\n|upkeep\n|turn|9\n|\n|t:|1782551196\n|move|p2a: Hydreigon|Earth Power|p1a: No Lando Plz\n|-supereffective|p1a: No Lando Plz\n|-damage|p1a: No Lando Plz|0 fnt\n|faint|p1a: No Lando Plz\n|\n|-weather|Sandstorm|[upkeep]\n|-damage|p2a: Hydreigon|7/100|[from] Sandstorm\n|-heal|p2a: Hydreigon|13/100|[from] item: Leftovers\n|upkeep\n|\n|t:|1782551197\n|switch|p1a: No Hazards for You|Excadrill, M, shiny|100/100\n|-damage|p1a: No Hazards for You|97/100|[from] Stealth Rock\n|turn|10\n|\n|t:|1782551203\n|move|p1a: No Hazards for You|Rapid Spin|p2a: Hydreigon\n|-damage|p2a: Hydreigon|0 fnt\n|-boost|p1a: No Hazards for You|spe|1\n|-sideend|p1: LowEL0God|Stealth Rock|[from] move: Rapid Spin|[of] p1a: No Hazards for You\n|faint|p2a: Hydreigon\n|\n|-weather|Sandstorm|[upkeep]\n|upkeep\n|\n|t:|1782551206\n|switch|p2a: Gliscor|Gliscor, M|100/100\n|turn|11\n|j| Garden of Dreams\n|\n|t:|1782551207\n|switch|p1a: Walking Wake|Walking Wake|100/100\n|move|p2a: Gliscor|Earthquake|p1a: Walking Wake\n|-damage|p1a: Walking Wake|64/100\n|\n|-weather|none\n|-status|p2a: Gliscor|tox|[from] item: Toxic Orb\n|upkeep\n|turn|12\n|\n|t:|1782551211\n|move|p2a: Gliscor|Protect|p2a: Gliscor\n|-singleturn|p2a: Gliscor|Protect\n|move|p1a: Walking Wake|Draco Meteor|p2a: Gliscor\n|-activate|p2a: Gliscor|move: Protect\n|\n|upkeep\n|turn|13\n|\n|t:|1782551213\n|switch|p2a: Clefable|Clefable, M|100/100\n|move|p1a: Walking Wake|Draco Meteor|p2a: Clefable\n|-immune|p2a: Clefable\n|\n|upkeep\n|turn|14\n|\n|t:|1782551223\n|-end|p1a: Walking Wake|Protosynthesis|[silent]\n|switch|p1a: No Hazards for You|Excadrill, M, shiny|97/100\n|switch|p2a: Dragapult|Dragapult, F|100/100\n|\n|upkeep\n|turn|15\n|\n|t:|1782551226\n|move|p2a: Dragapult|Will-O-Wisp|p1a: No Hazards for You\n|-status|p1a: No Hazards for You|brn\n|move|p1a: No Hazards for You|Earthquake|p2a: Dragapult\n|-damage|p2a: Dragapult|45/100\n|\n|-damage|p1a: No Hazards for You|91/100 brn|[from] brn\n|upkeep\n|turn|16\n|\n|t:|1782551229\n|switch|p2a: Gliscor|Gliscor, M|100/100 tox\n|move|p1a: No Hazards for You|Earthquake|p2a: Gliscor\n|-immune|p2a: Gliscor\n|\n|-damage|p1a: No Hazards for You|85/100 brn|[from] brn\n|upkeep\n|turn|17\n|\n|t:|1782551232\n|move|p1a: No Hazards for You|Earthquake|p2a: Gliscor\n|-immune|p2a: Gliscor\n|move|p2a: Gliscor|Toxic|p1a: No Hazards for You|[miss]\n|-miss|p2a: Gliscor|p1a: No Hazards for You\n|\n|-damage|p1a: No Hazards for You|79/100 brn|[from] brn\n|upkeep\n|turn|18\n|\n|t:|1782551234\n|move|p1a: No Hazards for You|Earthquake|p2a: Gliscor\n|-immune|p2a: Gliscor\n|move|p2a: Gliscor|Toxic||[still]\n|-fail|p2a: Gliscor\n|\n|-damage|p1a: No Hazards for You|73/100 brn|[from] brn\n|upkeep\n|turn|19\n|\n|t:|1782551236\n|move|p1a: No Hazards for You|Earthquake|p2a: Gliscor\n|-immune|p2a: Gliscor\n|move|p2a: Gliscor|Toxic||[still]\n|-fail|p2a: Gliscor\n|\n|-damage|p1a: No Hazards for You|67/100 brn|[from] brn\n|upkeep\n|turn|20\n|\n|t:|1782551238\n|move|p1a: No Hazards for You|Earthquake|p2a: Gliscor\n|-immune|p2a: Gliscor\n|move|p2a: Gliscor|Earthquake|p1a: No Hazards for You\n|-supereffective|p1a: No Hazards for You\n|-damage|p1a: No Hazards for You|0 fnt\n|faint|p1a: No Hazards for You\n|\n|upkeep\n|\n|t:|1782551239\n|switch|p1a: Hurricane Spam|Pelipper, M, shiny|13/100\n|-weather|RainDance|[from] ability: Drizzle|[of] p1a: Hurricane Spam\n|turn|21\n|\n|t:|1782551241\n|move|p2a: Gliscor|Knock Off|p1a: Hurricane Spam\n|-damage|p1a: Hurricane Spam|0 fnt\n|-enditem|p1a: Hurricane Spam|Choice Specs|[from] move: Knock Off|[of] p2a: Gliscor\n|faint|p1a: Hurricane Spam\n|\n|-weather|RainDance|[upkeep]\n|upkeep\n|\n|t:|1782551243\n|switch|p1a: Walking Wake|Walking Wake|64/100\n|turn|22\n|\n|t:|1782551244\n|move|p2a: Gliscor|Protect|p2a: Gliscor\n|-singleturn|p2a: Gliscor|Protect\n|move|p1a: Walking Wake|Hydro Steam|p2a: Gliscor\n|-activate|p2a: Gliscor|move: Protect\n|\n|-weather|RainDance|[upkeep]\n|upkeep\n|turn|23\n|\n|t:|1782551247\n|-terastallize|p2a: Gliscor|Water\n|move|p1a: Walking Wake|Hydro Steam|p2a: Gliscor\n|-resisted|p2a: Gliscor\n|-crit|p2a: Gliscor\n|-damage|p2a: Gliscor|41/100 tox\n|move|p2a: Gliscor|Toxic|p1a: Walking Wake\n|-status|p1a: Walking Wake|tox\n|\n|-weather|RainDance|[upkeep]\n|-damage|p1a: Walking Wake|58/100 tox|[from] psn\n|-heal|p2a: Gliscor|53/100 tox|[from] ability: Poison Heal\n|upkeep\n|turn|24\n|\n|t:|1782551252\n|-end|p1a: Walking Wake|Protosynthesis|[silent]\n|switch|p1a: Ogerpon|Ogerpon-Wellspring, F|100/100\n|move|p2a: Gliscor|Protect||[still]\n|-fail|p2a: Gliscor\n|\n|-weather|RainDance|[upkeep]\n|-heal|p2a: Gliscor|66/100 tox|[from] ability: Poison Heal\n|upkeep\n|turn|25\n|j| Kathryne Keyron\n|\n|t:|1782551265\n|move|p1a: Ogerpon|Swords Dance|p1a: Ogerpon\n|-boost|p1a: Ogerpon|atk|2\n|move|p2a: Gliscor|Toxic|p1a: Ogerpon\n|-status|p1a: Ogerpon|tox\n|\n|-weather|none\n|-damage|p1a: Ogerpon|95/100 tox|[from] psn\n|-heal|p2a: Gliscor|78/100 tox|[from] ability: Poison Heal\n|upkeep\n|turn|26\n|\n|t:|1782551268\n|move|p2a: Gliscor|Protect|p2a: Gliscor\n|-singleturn|p2a: Gliscor|Protect\n|move|p1a: Ogerpon|Horn Leech|p2a: Gliscor\n|-activate|p2a: Gliscor|move: Protect\n|\n|-damage|p1a: Ogerpon|83/100 tox|[from] psn\n|-heal|p2a: Gliscor|91/100 tox|[from] ability: Poison Heal\n|upkeep\n|turn|27\n|\n|t:|1782551275\n|switch|p2a: Blissey|Blissey, F|30/100\n|move|p1a: Ogerpon|Horn Leech|p2a: Blissey\n|-damage|p2a: Blissey|0 fnt\n|-heal|p1a: Ogerpon|100/100 tox|[from] drain|[of] p2a: Blissey\n|faint|p2a: Blissey\n|\n|-damage|p1a: Ogerpon|83/100 tox|[from] psn\n|upkeep\n|\n|t:|1782551276\n|switch|p2a: Dragapult|Dragapult, F|45/100\n|turn|28\n|\n|t:|1782551280\n|move|p2a: Dragapult|Hex|p1a: Ogerpon\n|-damage|p1a: Ogerpon|17/100 tox\n|move|p1a: Ogerpon|Horn Leech|p2a: Dragapult\n|-resisted|p2a: Dragapult\n|-damage|p2a: Dragapult|0 fnt\n|-heal|p1a: Ogerpon|41/100 tox|[from] drain|[of] p2a: Dragapult\n|faint|p2a: Dragapult\n|\n|-damage|p1a: Ogerpon|17/100 tox|[from] psn\n|upkeep\n|\n|t:|1782551286\n|switch|p2a: Zamazenta|Zamazenta|85/100\n|turn|29\n|\n|t:|1782551289\n|move|p2a: Zamazenta|Body Press|p1a: Ogerpon\n|-damage|p1a: Ogerpon|0 fnt\n|faint|p1a: Ogerpon\n|\n|-heal|p2a: Zamazenta|91/100|[from] item: Leftovers\n|upkeep\n|\n|t:|1782551289\n|switch|p1a: Walking Wake|Walking Wake|58/100 tox\n|turn|30\n|\n|t:|1782551291\n|move|p2a: Zamazenta|Body Press|p1a: Walking Wake\n|-damage|p1a: Walking Wake|9/100 tox\n|move|p1a: Walking Wake|Draco Meteor|p2a: Zamazenta\n|-damage|p2a: Zamazenta|0 fnt\n|-unboost|p1a: Walking Wake|spa|2\n|faint|p2a: Zamazenta\n|\n|-damage|p1a: Walking Wake|3/100 tox|[from] psn\n|upkeep\n|\n|t:|1782551294\n|switch|p2a: Gliscor|Gliscor, M, tera:Water|91/100 tox\n|turn|31\n|\n|t:|1782551296\n|-end|p1a: Walking Wake|Protosynthesis|[silent]\n|switch|p1a: Torkoal|Torkoal, M|100/100\n|-weather|SunnyDay|[from] ability: Drought|[of] p1a: Torkoal\n|move|p2a: Gliscor|Earthquake|p1a: Torkoal\n|-supereffective|p1a: Torkoal\n|-damage|p1a: Torkoal|60/100\n|\n|-weather|SunnyDay|[upkeep]\n|-heal|p2a: Gliscor|100/100 tox|[from] ability: Poison Heal\n|upkeep\n|turn|32\n|\n|t:|1782551299\n|move|p2a: Gliscor|Earthquake|p1a: Torkoal\n|-supereffective|p1a: Torkoal\n|-damage|p1a: Torkoal|21/100\n|move|p1a: Torkoal|Body Press|p2a: Gliscor\n|-damage|p2a: Gliscor|73/100 tox\n|\n|-weather|SunnyDay|[upkeep]\n|-heal|p2a: Gliscor|86/100 tox|[from] ability: Poison Heal\n|upkeep\n|turn|33\n|\n|t:|1782551301\n|switch|p1a: Walking Wake|Walking Wake|3/100 tox\n|-activate|p1a: Walking Wake|ability: Protosynthesis\n|-start|p1a: Walking Wake|protosynthesisspe\n|move|p2a: Gliscor|Earthquake|p1a: Walking Wake\n|-damage|p1a: Walking Wake|0 fnt\n|faint|p1a: Walking Wake\n|-end|p1a: Walking Wake|Protosynthesis|[silent]\n|\n|-weather|SunnyDay|[upkeep]\n|-heal|p2a: Gliscor|98/100 tox|[from] ability: Poison Heal\n|upkeep\n|\n|t:|1782551302\n|switch|p1a: Torkoal|Torkoal, M|21/100\n|turn|34\n|\n|t:|1782551303\n|-terastallize|p1a: Torkoal|Flying\n|move|p2a: Gliscor|Earthquake|p1a: Torkoal\n|-immune|p1a: Torkoal\n|move|p1a: Torkoal|Body Press|p2a: Gliscor\n|-damage|p2a: Gliscor|74/100 tox\n|\n|-weather|SunnyDay|[upkeep]\n|-heal|p2a: Gliscor|86/100 tox|[from] ability: Poison Heal\n|upkeep\n|turn|35\n|\n|t:|1782551309\n|move|p2a: Gliscor|Knock Off|p1a: Torkoal\n|-damage|p1a: Torkoal|8/100\n|-enditem|p1a: Torkoal|Heat Rock|[from] move: Knock Off|[of] p2a: Gliscor\n|move|p1a: Torkoal|Will-O-Wisp||[still]\n|-fail|p1a: Torkoal\n|\n|-weather|SunnyDay|[upkeep]\n|-heal|p2a: Gliscor|99/100 tox|[from] ability: Poison Heal\n|upkeep\n|turn|36\n|j| NihilisticWish\n|\n|t:|1782551323\n|move|p2a: Gliscor|Toxic|p1a: Torkoal\n|-status|p1a: Torkoal|tox\n|move|p1a: Torkoal|Lava Plume|p2a: Gliscor\n|-resisted|p2a: Gliscor\n|-crit|p2a: Gliscor\n|-damage|p2a: Gliscor|77/100 tox\n|\n|-weather|SunnyDay|[upkeep]\n|-heal|p2a: Gliscor|89/100 tox|[from] ability: Poison Heal\n|-damage|p1a: Torkoal|2/100 tox|[from] psn\n|upkeep\n|turn|37\n|\n|t:|1782551325\n|move|p2a: Gliscor|Toxic|p1a: Torkoal\n|-fail|p1a: Torkoal|tox\n|move|p1a: Torkoal|Rapid Spin|p2a: Gliscor\n|-damage|p2a: Gliscor|82/100 tox\n|-boost|p1a: Torkoal|spe|1\n|\n|-weather|SunnyDay|[upkeep]\n|-heal|p2a: Gliscor|94/100 tox|[from] ability: Poison Heal\n|-damage|p1a: Torkoal|0 fnt|[from] psn\n|faint|p1a: Torkoal\n|\n|win|lt124yh xebec\n|raw|LowEL0God's rating: 1563 &rarr; <strong>1557</strong><br />(-6 for losing)\n|raw|lt124yh xebec's rating: 1861 &rarr; <strong>1867</strong><br />(+6 for winning)\n", "uploadtime": 1782551331, "views": 13, "formatid": "gen9ou", "rating": 1557, "private": 0, "password": null}