{"id": "gen9ou-2647680085", "format": "[Gen 9] OU", "players": ["Capidaxter", "idealist"], "log": "|j|☆Capidaxter\n|j|☆idealist\n|t:|1783795266\n|gametype|singles\n|player|p1|Capidaxter|baker|1600\n|player|p2|idealist|2|1601\n|gen|9\n|tier|[Gen 9] OU\n|rated|\n|rule|HP Percentage Mod: HP is shown in percentages\n|rule|Endless Battle Clause: Forcing endless battles is banned\n|rule|Species Clause: Limit one of each Pokémon\n|rule|OHKO Clause: OHKO moves are banned\n|rule|Evasion Items Clause: Evasion items are banned\n|rule|Evasion Moves Clause: Evasion moves are banned\n|rule|Evasion Abilities Clause: Evasion abilities are banned\n|rule|Sleep Moves Clause: Sleep-inducing moves are banned\n|clearpoke\n|poke|p1|Dragonite, F|\n|poke|p1|Landorus-Therian, M|\n|poke|p1|Hatterene, F|\n|poke|p1|Volcanion|\n|poke|p1|Kingambit, F|\n|poke|p1|Zamazenta-*|\n|poke|p2|Hydrapple, M|\n|poke|p2|Tyranitar, F|\n|poke|p2|Moltres|\n|poke|p2|Zamazenta-*|\n|poke|p2|Slowking-Galar, M|\n|poke|p2|Excadrill, F|\n|teampreview\n|inactive|Battle timer is ON: inactive players will automatically lose when time's up. (requested by Capidaxter)\n|\n|t:|1783795287\n|teamsize|p1|6\n|teamsize|p2|6\n|start\n|switch|p1a: Landorus|Landorus-Therian, M|100/100\n|switch|p2a: Excadrill|Excadrill, F|100/100\n|-ability|p1a: Landorus|Intimidate|boost\n|-unboost|p2a: Excadrill|atk|1\n|-item|p2a: Excadrill|Air Balloon\n|turn|1\n|j| just-jaype\n|\n|t:|1783795297\n|switch|p2a: Moltres|Moltres|100/100\n|move|p1a: Landorus|U-turn|p2a: Moltres\n|-resisted|p2a: Moltres\n|-damage|p2a: Moltres|97/100\n|\n|t:|1783795299\n|switch|p1a: Volcanion|Volcanion|100/100|[from] U-turn\n|\n|upkeep\n|turn|2\n|\n|t:|1783795308\n|move|p2a: Moltres|U-turn|p1a: Volcanion\n|-resisted|p1a: Volcanion\n|-damage|p1a: Volcanion|95/100\n|\n|t:|1783795311\n|switch|p2a: Slowking|Slowking-Galar, M|100/100|[from] U-turn\n|move|p1a: Volcanion|Flamethrower|p2a: Slowking\n|-damage|p2a: Slowking|70/100\n|\n|upkeep\n|turn|3\n|\n|t:|1783795320\n|move|p1a: Volcanion|Earth Power|p2a: Slowking\n|-supereffective|p2a: Slowking\n|-damage|p2a: Slowking|31/100\n|-unboost|p2a: Slowking|spd|1\n|move|p2a: Slowking|Sludge Bomb|p1a: Volcanion\n|-damage|p1a: Volcanion|54/100\n|\n|upkeep\n|turn|4\n|j| brother iggins\n|\n|t:|1783795332\n|switch|p2a: Hydrapple|Hydrapple, M|100/100\n|move|p1a: Volcanion|Steam Eruption|p2a: Hydrapple\n|-resisted|p2a: Hydrapple\n|-damage|p2a: Hydrapple|84/100\n|\n|upkeep\n|turn|5\n|\n|t:|1783795342\n|move|p1a: Volcanion|Sludge Bomb|p2a: Hydrapple\n|-supereffective|p2a: Hydrapple\n|-damage|p2a: Hydrapple|16/100\n|move|p2a: Hydrapple|Earth Power|p1a: Volcanion\n|-supereffective|p1a: Volcanion\n|-enditem|p1a: Volcanion|Shuca Berry|[eat]\n|-enditem|p1a: Volcanion|Shuca Berry|[weaken]\n|-damage|p1a: Volcanion|24/100\n|\n|upkeep\n|turn|6\n|\n|t:|1783795351\n|switch|p2a: Slowking|Slowking-Galar, M|65/100\n|move|p1a: Volcanion|Steam Eruption|p2a: Slowking\n|-crit|p2a: Slowking\n|-damage|p2a: Slowking|12/100\n|-status|p2a: Slowking|brn\n|\n|-damage|p2a: Slowking|6/100 brn|[from] brn\n|upkeep\n|turn|7\n|\n|t:|1783795360\n|move|p1a: Volcanion|Steam Eruption|p2a: Slowking\n|-damage|p2a: Slowking|0 fnt\n|faint|p2a: Slowking\n|\n|upkeep\n|\n|t:|1783795379\n|switch|p2a: Hydrapple|Hydrapple, M|50/100\n|turn|8\n|\n|t:|1783795390\n|switch|p2a: Tyranitar|Tyranitar, F|100/100\n|-weather|Sandstorm|[from] ability: Sand Stream|[of] p2a: Tyranitar\n|move|p1a: Volcanion|Steam Eruption|p2a: Tyranitar\n|-supereffective|p2a: Tyranitar\n|-damage|p2a: Tyranitar|44/100\n|\n|-weather|Sandstorm|[upkeep]\n|-damage|p1a: Volcanion|18/100|[from] Sandstorm\n|upkeep\n|turn|9\n|\n|t:|1783795412\n|switch|p1a: Landorus|Landorus-Therian, M|100/100\n|-ability|p1a: Landorus|Intimidate|boost\n|-unboost|p2a: Tyranitar|atk|1\n|move|p2a: Tyranitar|Stealth Rock|p1a: Landorus\n|-sidestart|p1: Capidaxter|move: Stealth Rock\n|\n|-weather|Sandstorm|[upkeep]\n|upkeep\n|turn|10\n|\n|t:|1783795420\n|move|p1a: Landorus|Stealth Rock|p2a: Tyranitar\n|-sidestart|p2: idealist|move: Stealth Rock\n|move|p2a: Tyranitar|Ice Beam|p1a: Landorus\n|-supereffective|p1a: Landorus\n|-damage|p1a: Landorus|17/100\n|\n|-weather|Sandstorm|[upkeep]\n|upkeep\n|turn|11\n|\n|t:|1783795427\n|switch|p2a: Moltres|Moltres|97/100\n|move|p1a: Landorus|Earth Power|p2a: Moltres\n|-immune|p2a: Moltres\n|\n|-weather|Sandstorm|[upkeep]\n|-damage|p2a: Moltres|91/100|[from] Sandstorm\n|upkeep\n|turn|12\n|inactive|Capidaxter has 120 seconds left.\n|\n|t:|1783795479\n|switch|p1a: Volcanion|Volcanion|18/100\n|-damage|p1a: Volcanion|0 fnt|[from] Stealth Rock\n|faint|p1a: Volcanion\n|move|p2a: Moltres|Flamethrower|p1: Volcanion|[notarget]\n|-fail|p2a: Moltres\n|\n|-weather|Sandstorm|[upkeep]\n|-damage|p2a: Moltres|85/100|[from] Sandstorm\n|upkeep\n|\n|t:|1783795483\n|switch|p1a: Hatterene|Hatterene, F|100/100\n|-damage|p1a: Hatterene|88/100|[from] Stealth Rock\n|turn|13\n|\n|t:|1783795496\n|move|p2a: Moltres|Flamethrower|p1a: Hatterene\n|-damage|p1a: Hatterene|49/100\n|move|p1a: Hatterene|Calm Mind|p1a: Hatterene\n|-boost|p1a: Hatterene|spa|1\n|-boost|p1a: Hatterene|spd|1\n|\n|-weather|Sandstorm|[upkeep]\n|-damage|p2a: Moltres|79/100|[from] Sandstorm\n|-damage|p1a: Hatterene|43/100|[from] Sandstorm\n|-heal|p1a: Hatterene|49/100|[from] item: Leftovers\n|upkeep\n|turn|14\n|\n|t:|1783795504\n|move|p2a: Moltres|Flamethrower|p1a: Hatterene\n|-damage|p1a: Hatterene|21/100\n|move|p1a: Hatterene|Psychic Noise|p2a: Moltres\n|-damage|p2a: Moltres|25/100\n|-start|p2a: Moltres|move: Heal Block\n|\n|-weather|Sandstorm|[upkeep]\n|-damage|p2a: Moltres|19/100|[from] Sandstorm\n|-damage|p1a: Hatterene|15/100|[from] Sandstorm\n|-heal|p1a: Hatterene|21/100|[from] item: Leftovers\n|upkeep\n|turn|15\n|inactive|Capidaxter has 120 seconds left.\n|\n|t:|1783795527\n|move|p2a: Moltres|Flamethrower|p1a: Hatterene\n|-damage|p1a: Hatterene|0 fnt\n|faint|p1a: Hatterene\n|\n|-weather|none\n|-end|p2a: Moltres|move: Heal Block\n|upkeep\n|\n|t:|1783795529\n|switch|p1a: Dragonite|Dragonite, F|100/100\n|-damage|p1a: Dragonite|76/100|[from] Stealth Rock\n|turn|16\n|\n|t:|1783795538\n|-terastallize|p1a: Dragonite|Fire\n|move|p1a: Dragonite|Dragon Dance|p1a: Dragonite\n|-boost|p1a: Dragonite|atk|1\n|-boost|p1a: Dragonite|spe|1\n|move|p2a: Moltres|Roar|p1a: Dragonite\n|drag|p1a: Kingambit|Kingambit, F|100/100\n|-damage|p1a: Kingambit|94/100|[from] Stealth Rock\n|-activate|p1a: Kingambit|ability: Supreme Overlord\n|-start|p1a: Kingambit|fallen2|[silent]\n|\n|-heal|p1a: Kingambit|100/100|[from] item: Leftovers\n|upkeep\n|turn|17\n|inactive|Capidaxter has 120 seconds left.\n|-message|Capidaxter forfeited.\n|\n|win|idealist\n|raw|Capidaxter's rating: 1600 &rarr; <strong>1580</strong><br />(-20 for losing)\n|raw|idealist's rating: 1601 &rarr; <strong>1621</strong><br />(+20 for winning)\n|l|☆Capidaxter\n|player|p1|\n|l| brother iggins\n", "uploadtime": 1783795562, "views": 6, "formatid": "gen9ou", "rating": 1580, "private": 0, "password": null}