{"id": "gen9ou-2639314005", "format": "[Gen 9] OU", "players": ["theaterr", "thepeakmons"], "log": "|j|☆theaterr\n|j|☆thepeakmons\n|t:|1782451294\n|gametype|singles\n|player|p1|theaterr|striker|1409\n|player|p2|thepeakmons|101|1374\n|gen|9\n|tier|[Gen 9] OU\n|rated|\n|rule|HP Percentage Mod: HP is shown in percentages\n|rule|Endless Battle Clause: Forcing endless battles is banned\n|rule|Species Clause: Limit one of each Pokémon\n|rule|OHKO Clause: OHKO moves are banned\n|rule|Evasion Items Clause: Evasion items are banned\n|rule|Evasion Moves Clause: Evasion moves are banned\n|rule|Evasion Abilities Clause: Evasion abilities are banned\n|rule|Sleep Moves Clause: Sleep-inducing moves are banned\n|clearpoke\n|poke|p1|Corviknight, F|\n|poke|p1|Slowking-Galar, F|\n|poke|p1|Hoopa-Unbound|\n|poke|p1|Ogerpon-Wellspring, F|\n|poke|p1|Great Tusk|\n|poke|p1|Kyurem|\n|poke|p2|Dondozo, M|\n|poke|p2|Clodsire, F|\n|poke|p2|Corviknight, M|\n|poke|p2|Slowking-Galar, F|\n|poke|p2|Gholdengo|\n|poke|p2|Garganacl, M|\n|teampreview\n|inactive|Battle timer is ON: inactive players will automatically lose when time's up. (requested by theaterr)\n|inactive|thepeakmons also wants the timer to be on.\n|inactive|theaterr has 120 seconds left.\n|\n|t:|1782451328\n|teamsize|p1|6\n|teamsize|p2|6\n|start\n|switch|p1a: Ogerpon|Ogerpon-Wellspring, F|100/100\n|switch|p2a: Corviknight|Corviknight, M|100/100\n|-ability|p2a: Corviknight|Pressure\n|turn|1\n|\n|t:|1782451346\n|switch|p1a: Slowking|Slowking-Galar, F|100/100\n|move|p2a: Corviknight|Brave Bird|p1a: Slowking\n|-damage|p1a: Slowking|62/100\n|-damage|p2a: Corviknight|88/100|[from] Recoil\n|\n|upkeep\n|turn|2\n|\n|t:|1782451362\n|move|p2a: Corviknight|Brave Bird|p1a: Slowking\n|-damage|p1a: Slowking|24/100\n|-damage|p2a: Corviknight|75/100|[from] Recoil\n|move|p1a: Slowking|Future Sight|p2a: Corviknight\n|-start|p1a: Slowking|move: Future Sight\n|\n|upkeep\n|turn|3\n|inactive|theaterr has 120 seconds left.\n|\n|t:|1782451400\n|switch|p1a: Corviknight|Corviknight, F|100/100\n|-ability|p1a: Corviknight|Pressure\n|move|p2a: Corviknight|Brave Bird|p1a: Corviknight\n|-resisted|p1a: Corviknight\n|-damage|p1a: Corviknight|89/100\n|-damage|p2a: Corviknight|59/100|[from] item: Rocky Helmet|[of] p1a: Corviknight\n|-damage|p2a: Corviknight|55/100|[from] Recoil\n|\n|upkeep\n|turn|4\n|\n|t:|1782451412\n|move|p2a: Corviknight|Roost|p2a: Corviknight\n|-heal|p2a: Corviknight|100/100\n|-singleturn|p2a: Corviknight|move: Roost\n|move|p1a: Corviknight|U-turn|p2a: Corviknight\n|-resisted|p2a: Corviknight\n|-crit|p2a: Corviknight\n|-damage|p2a: Corviknight|94/100\n|inactive|theaterr has 120 seconds left.\n|\n|t:|1782451433\n|switch|p1a: Kyurem|Kyurem|100/100|[from] U-turn\n|-ability|p1a: Kyurem|Pressure\n|\n|-end|p2a: Corviknight|move: Future Sight\n|-resisted|p2a: Corviknight\n|-damage|p2a: Corviknight|73/100\n|upkeep\n|turn|5\n|\n|t:|1782451443\n|move|p1a: Kyurem|Ice Beam|p2a: Corviknight\n|-damage|p2a: Corviknight|13/100\n|move|p2a: Corviknight|U-turn|p1a: Kyurem\n|-damage|p1a: Kyurem|85/100\n|\n|t:|1782451458\n|switch|p2a: Gholdengo|Gholdengo|100/100|[from] U-turn\n|\n|upkeep\n|turn|6\n|inactive|theaterr has 120 seconds left.\n|\n|t:|1782451484\n|switch|p1a: Corviknight|Corviknight, F|89/100\n|-ability|p1a: Corviknight|Pressure\n|move|p2a: Gholdengo|Nasty Plot|p2a: Gholdengo\n|-boost|p2a: Gholdengo|spa|2\n|\n|upkeep\n|turn|7\n|\n|t:|1782451493\n|move|p2a: Gholdengo|Shadow Ball|p1a: Corviknight\n|-damage|p1a: Corviknight|17/100\n|move|p1a: Corviknight|U-turn|p2a: Gholdengo\n|-resisted|p2a: Gholdengo\n|-damage|p2a: Gholdengo|98/100\n|inactive|theaterr has 120 seconds left.\n|\n|t:|1782451514\n|switch|p1a: Hoopa|Hoopa-Unbound|100/100|[from] U-turn\n|\n|upkeep\n|turn|8\n|\n|t:|1782451520\n|move|p1a: Hoopa|Hyperspace Fury|p2a: Gholdengo\n|-supereffective|p2a: Gholdengo\n|-damage|p2a: Gholdengo|0 fnt\n|-unboost|p1a: Hoopa|def|1\n|faint|p2a: Gholdengo\n|\n|upkeep\n|\n|t:|1782451533\n|switch|p2a: Garganacl|Garganacl, M|100/100\n|turn|9\n|inactive|theaterr has 120 seconds left.\n|\n|t:|1782451552\n|switch|p1a: Great Tusk|Great Tusk|100/100\n|move|p2a: Garganacl|Salt Cure|p1a: Great Tusk\n|-resisted|p1a: Great Tusk\n|-damage|p1a: Great Tusk|98/100\n|-start|p1a: Great Tusk|Salt Cure\n|\n|-damage|p1a: Great Tusk|86/100|[from] Salt Cure\n|upkeep\n|turn|10\n|inactive|theaterr has 120 seconds left.\n|\n|t:|1782451567\n|move|p2a: Garganacl|Protect|p2a: Garganacl\n|-singleturn|p2a: Garganacl|Protect\n|move|p1a: Great Tusk|Stealth Rock|p2a: Garganacl\n|-sidestart|p2: thepeakmons|move: Stealth Rock\n|\n|-damage|p1a: Great Tusk|73/100|[from] Salt Cure\n|upkeep\n|turn|11\n|inactive|theaterr has 120 seconds left.\n|\n|t:|1782451579\n|move|p1a: Great Tusk|Headlong Rush|p2a: Garganacl\n|-supereffective|p2a: Garganacl\n|-damage|p2a: Garganacl|47/100\n|-unboost|p1a: Great Tusk|def|1\n|-unboost|p1a: Great Tusk|spd|1\n|move|p2a: Garganacl|Salt Cure|p1a: Great Tusk\n|-resisted|p1a: Great Tusk\n|-damage|p1a: Great Tusk|70/100\n|\n|-heal|p2a: Garganacl|53/100|[from] item: Leftovers\n|-damage|p1a: Great Tusk|57/100|[from] Salt Cure\n|upkeep\n|turn|12\n|\n|t:|1782451597\n|-end|p1a: Great Tusk|Protosynthesis|[silent]\n|switch|p1a: Hoopa|Hoopa-Unbound|100/100\n|move|p2a: Garganacl|Protect||[still]\n|-fail|p2a: Garganacl\n|\n|-heal|p2a: Garganacl|59/100|[from] item: Leftovers\n|upkeep\n|turn|13\n|\n|t:|1782451609\n|switch|p2a: Corviknight|Corviknight, M|13/100\n|-ability|p2a: Corviknight|Pressure\n|move|p1a: Hoopa|Hyperspace Fury|p2a: Corviknight\n|-damage|p2a: Corviknight|0 fnt\n|-unboost|p1a: Hoopa|def|1\n|faint|p2a: Corviknight\n|\n|upkeep\n|\n|t:|1782451621\n|switch|p2a: Garganacl|Garganacl, M|59/100\n|-damage|p2a: Garganacl|47/100|[from] Stealth Rock\n|turn|14\n|\n|t:|1782451629\n|move|p1a: Hoopa|Hyperspace Fury|p2a: Garganacl\n|-damage|p2a: Garganacl|0 fnt\n|-unboost|p1a: Hoopa|def|1\n|faint|p2a: Garganacl\n|\n|upkeep\n|inactive|thepeakmons has 120 seconds left.\n|\n|t:|1782451646\n|switch|p2a: Dondozo|Dondozo, M|100/100\n|turn|15\n|inactive|thepeakmons has 120 seconds left.\n|\n|t:|1782451659\n|switch|p1a: Kyurem|Kyurem|85/100\n|-ability|p1a: Kyurem|Pressure\n|move|p2a: Dondozo|Body Press|p1a: Kyurem\n|-supereffective|p1a: Kyurem\n|-damage|p1a: Kyurem|23/100\n|\n|upkeep\n|turn|16\n|inactive|thepeakmons has 120 seconds left.\n|\n|t:|1782451674\n|switch|p2a: Slowking|Slowking-Galar, F|100/100\n|move|p1a: Kyurem|Freeze-Dry|p2a: Slowking\n|-damage|p2a: Slowking|72/100\n|-status|p2a: Slowking|frz\n|\n|upkeep\n|turn|17\n|c|☆theaterr|mb\n|inactive|thepeakmons has 120 seconds left.\n|inactive|thepeakmons has 90 seconds left.\n|\n|t:|1782451718\n|switch|p1a: Hoopa|Hoopa-Unbound|100/100\n|cant|p2a: Slowking|frz\n|\n|upkeep\n|turn|18\n|inactive|thepeakmons has 90 seconds left.\n|\n|t:|1782451731\n|switch|p2a: Dondozo|Dondozo, M|100/100\n|move|p1a: Hoopa|Hyperspace Fury|p2a: Dondozo\n|-damage|p2a: Dondozo|57/100\n|-unboost|p1a: Hoopa|def|1\n|\n|upkeep\n|turn|19\n|inactive|thepeakmons has 90 seconds left.\n|\n|t:|1782451746\n|-terastallize|p1a: Hoopa|Ghost\n|move|p1a: Hoopa|Hyperspace Fury|p2a: Dondozo\n|-damage|p2a: Dondozo|14/100\n|-unboost|p1a: Hoopa|def|1\n|move|p2a: Dondozo|Rest|p2a: Dondozo\n|-status|p2a: Dondozo|slp|[from] move: Rest\n|-heal|p2a: Dondozo|100/100 slp|[silent]\n|\n|upkeep\n|turn|20\n|inactive|thepeakmons has 90 seconds left.\n|\n|t:|1782451758\n|move|p1a: Hoopa|Hyperspace Fury|p2a: Dondozo\n|-damage|p2a: Dondozo|55/100 slp\n|-unboost|p1a: Hoopa|def|1\n|cant|p2a: Dondozo|slp\n|\n|upkeep\n|turn|21\n|inactive|thepeakmons has 90 seconds left.\n|\n|t:|1782451766\n|switch|p2a: Slowking|Slowking-Galar, F|100/100 frz\n|move|p1a: Hoopa|Hyperspace Fury|p2a: Slowking\n|-supereffective|p2a: Slowking\n|-damage|p2a: Slowking|0 fnt\n|-unboost|p1a: Hoopa|def|1\n|faint|p2a: Slowking\n|\n|upkeep\n|inactive|thepeakmons has 90 seconds left.\n|\n|t:|1782451778\n|switch|p2a: Dondozo|Dondozo, M|55/100 slp\n|turn|22\n|inactive|thepeakmons has 90 seconds left.\n|\n|t:|1782451789\n|switch|p1a: Kyurem|Kyurem|23/100\n|-ability|p1a: Kyurem|Pressure\n|cant|p2a: Dondozo|slp\n|\n|upkeep\n|turn|23\n|\n|t:|1782451797\n|switch|p2a: Clodsire|Clodsire, F|100/100\n|move|p1a: Kyurem|Freeze-Dry|p2a: Clodsire\n|-supereffective|p2a: Clodsire\n|-damage|p2a: Clodsire|46/100\n|-status|p2a: Clodsire|frz\n|\n|upkeep\n|turn|24\n|c|☆theaterr|mb\n|c|☆theaterr|😭\n|\n|t:|1782451806\n|switch|p2a: Dondozo|Dondozo, M|55/100 slp\n|move|p1a: Kyurem|Freeze-Dry|p2a: Dondozo\n|-supereffective|p2a: Dondozo\n|-damage|p2a: Dondozo|0 fnt\n|faint|p2a: Dondozo\n|\n|upkeep\n|\n|t:|1782451814\n|switch|p2a: Clodsire|Clodsire, F|46/100 frz\n|turn|25\n|\n|t:|1782451825\n|move|p1a: Kyurem|Freeze-Dry|p2a: Clodsire\n|-supereffective|p2a: Clodsire\n|-damage|p2a: Clodsire|0 fnt\n|faint|p2a: Clodsire\n|\n|win|theaterr\n|raw|theaterr's rating: 1409 &rarr; <strong>1427</strong><br />(+18 for winning)\n|raw|thepeakmons's rating: 1372 &rarr; <strong>1354</strong><br />(-18 for losing)\n|l|☆theaterr\n|player|p1|\n", "uploadtime": 1782451826, "views": 11, "formatid": "gen9ou", "rating": 1354, "private": 0, "password": null}