{"id": "gen9ou-2647840982", "format": "[Gen 9] OU", "players": ["jessies boyfriend", "2wicky12"], "log": "|j|☆jessies boyfriend\n|j|☆2wicky12\n|t:|1783822014\n|gametype|singles\n|player|p1|jessies boyfriend|brock|1288\n|player|p2|2wicky12|burglar|1213\n|gen|9\n|tier|[Gen 9] OU\n|rated|\n|rule|HP Percentage Mod: HP is shown in percentages\n|rule|Endless Battle Clause: Forcing endless battles is banned\n|rule|Species Clause: Limit one of each Pokémon\n|rule|OHKO Clause: OHKO moves are banned\n|rule|Evasion Items Clause: Evasion items are banned\n|rule|Evasion Moves Clause: Evasion moves are banned\n|rule|Evasion Abilities Clause: Evasion abilities are banned\n|rule|Sleep Moves Clause: Sleep-inducing moves are banned\n|clearpoke\n|poke|p1|Tatsugiri-Stretchy, F|\n|poke|p1|Tentacruel, M|\n|poke|p1|Cyclizar, M|\n|poke|p1|Forretress, M|\n|poke|p1|Great Tusk|\n|poke|p1|Kyurem|\n|poke|p2|Dragonite, M|\n|poke|p2|Gholdengo|\n|poke|p2|Magnezone|\n|poke|p2|Great Tusk|\n|poke|p2|Moltres|\n|poke|p2|Walking Wake|\n|teampreview\n|inactive|Battle timer is ON: inactive players will automatically lose when time's up. (requested by 2wicky12)\n|\n|t:|1783822026\n|teamsize|p1|6\n|teamsize|p2|6\n|start\n|switch|p1a: Kyurem|Kyurem|100/100\n|switch|p2a: Moltres|Moltres, shiny|100/100\n|-ability|p1a: Kyurem|Pressure\n|turn|1\n|\n|t:|1783822029\n|move|p1a: Kyurem|Draco Meteor|p2a: Moltres\n|-damage|p2a: Moltres|23/100\n|-unboost|p1a: Kyurem|spa|2\n|move|p2a: Moltres|U-turn|p1a: Kyurem\n|-damage|p1a: Kyurem|87/100\n|\n|t:|1783822041\n|switch|p2a: Dragonite|Dragonite, M, shiny|100/100|[from] U-turn\n|\n|upkeep\n|turn|2\n|\n|t:|1783822047\n|switch|p1a: Forretress|Forretress, M|100/100\n|move|p2a: Dragonite|Dragon Dance|p2a: Dragonite\n|-boost|p2a: Dragonite|atk|1\n|-boost|p2a: Dragonite|spe|1\n|\n|upkeep\n|turn|3\n|\n|t:|1783822052\n|switch|p2a: Moltres|Moltres, shiny|23/100\n|move|p1a: Forretress|Rapid Spin|p2a: Moltres\n|-damage|p2a: Moltres|16/100\n|-boost|p1a: Forretress|spe|1\n|\n|upkeep\n|turn|4\n|\n|t:|1783822054\n|move|p2a: Moltres|Overheat|p1a: Forretress\n|-supereffective|p1a: Forretress\n|-damage|p1a: Forretress|0 fnt\n|-unboost|p2a: Moltres|spa|2\n|faint|p1a: Forretress\n|\n|upkeep\n|\n|t:|1783822077\n|switch|p1a: Tatsugiri|Tatsugiri-Stretchy, F, shiny|100/100\n|turn|5\n|\n|t:|1783822084\n|switch|p2a: Gholdengo|Gholdengo, shiny|100/100\n|move|p1a: Tatsugiri|Rapid Spin|p2a: Gholdengo\n|-immune|p2a: Gholdengo\n|\n|upkeep\n|turn|6\n|\n|t:|1783822089\n|move|p2a: Gholdengo|Trick|p1a: Tatsugiri\n|-activate|p2a: Gholdengo|move: Trick|[of] p1a: Tatsugiri\n|-item|p1a: Tatsugiri|Choice Scarf|[from] move: Trick\n|-item|p2a: Gholdengo|Eject Pack|[from] move: Trick\n|move|p1a: Tatsugiri|Hydro Pump|p2a: Gholdengo\n|-damage|p2a: Gholdengo|33/100\n|\n|upkeep\n|turn|7\n|\n|t:|1783822095\n|switch|p2a: Walking Wake|Walking Wake|100/100\n|-enditem|p2a: Walking Wake|Booster Energy\n|-activate|p2a: Walking Wake|ability: Protosynthesis|[fromitem]\n|-start|p2a: Walking Wake|protosynthesisspa\n|move|p1a: Tatsugiri|Hydro Pump|p2a: Walking Wake\n|-resisted|p2a: Walking Wake\n|-damage|p2a: Walking Wake|85/100\n|\n|upkeep\n|turn|8\n|\n|t:|1783822108\n|switch|p1a: Tentacruel|Tentacruel, M|100/100\n|move|p2a: Walking Wake|Agility|p2a: Walking Wake\n|-boost|p2a: Walking Wake|spe|2\n|\n|upkeep\n|turn|9\n|\n|t:|1783822113\n|-terastallize|p2a: Walking Wake|Steel\n|move|p2a: Walking Wake|Dragon Pulse|p1a: Tentacruel\n|-damage|p1a: Tentacruel|70/100\n|move|p1a: Tentacruel|Sludge Wave|p2a: Walking Wake\n|-immune|p2a: Walking Wake\n|\n|upkeep\n|turn|10\n|\n|t:|1783822119\n|move|p2a: Walking Wake|Dragon Pulse|p1a: Tentacruel\n|-damage|p1a: Tentacruel|35/100\n|move|p1a: Tentacruel|Surf|p2a: Walking Wake\n|-damage|p2a: Walking Wake|47/100\n|\n|upkeep\n|turn|11\n|\n|t:|1783822125\n|move|p2a: Walking Wake|Dragon Pulse|p1a: Tentacruel\n|-damage|p1a: Tentacruel|5/100\n|move|p1a: Tentacruel|Surf|p2a: Walking Wake\n|-damage|p2a: Walking Wake|5/100\n|\n|upkeep\n|turn|12\n|\n|t:|1783822133\n|move|p2a: Walking Wake|Dragon Pulse|p1a: Tentacruel\n|-damage|p1a: Tentacruel|0 fnt\n|faint|p1a: Tentacruel\n|\n|upkeep\n|\n|t:|1783822138\n|switch|p1a: Tatsugiri|Tatsugiri-Stretchy, F, shiny|100/100\n|turn|13\n|\n|t:|1783822144\n|-terastallize|p1a: Tatsugiri|Fairy\n|move|p2a: Walking Wake|Dragon Pulse|p1a: Tatsugiri\n|-immune|p1a: Tatsugiri\n|move|p1a: Tatsugiri|Hydro Pump|p2a: Walking Wake\n|-damage|p2a: Walking Wake|0 fnt\n|faint|p2a: Walking Wake\n|-end|p2a: Walking Wake|Protosynthesis|[silent]\n|\n|upkeep\n|\n|t:|1783822148\n|switch|p2a: Magnezone|Magnezone|100/100\n|-item|p2a: Magnezone|Air Balloon\n|turn|14\n|\n|t:|1783822152\n|switch|p1a: Great Tusk|Great Tusk|100/100\n|-enditem|p1a: Great Tusk|Booster Energy\n|-activate|p1a: Great Tusk|ability: Protosynthesis|[fromitem]\n|-start|p1a: Great Tusk|protosynthesisatk\n|move|p2a: Magnezone|Steel Beam|p1a: Great Tusk\n|-damage|p1a: Great Tusk|6/100\n|-damage|p2a: Magnezone|50/100|[from] steelbeam\n|\n|upkeep\n|turn|15\n|\n|t:|1783822157\n|switch|p2a: Moltres|Moltres, shiny|16/100\n|move|p1a: Great Tusk|Temper Flare|p2a: Moltres\n|-resisted|p2a: Moltres\n|-damage|p2a: Moltres|4/100\n|\n|upkeep\n|turn|16\n|\n|t:|1783822164\n|move|p1a: Great Tusk|Rapid Spin|p2a: Moltres\n|-crit|p2a: Moltres\n|-damage|p2a: Moltres|0 fnt\n|-boost|p1a: Great Tusk|spe|1\n|faint|p2a: Moltres\n|\n|upkeep\n|\n|t:|1783822170\n|switch|p2a: Dragonite|Dragonite, M, shiny|100/100\n|turn|17\n|\n|t:|1783822174\n|move|p2a: Dragonite|Extreme Speed|p1a: Great Tusk\n|-damage|p1a: Great Tusk|0 fnt\n|faint|p1a: Great Tusk\n|-end|p1a: Great Tusk|Protosynthesis|[silent]\n|\n|upkeep\n|\n|t:|1783822178\n|switch|p1a: Kyurem|Kyurem|87/100\n|-ability|p1a: Kyurem|Pressure\n|turn|18\n|\n|t:|1783822183\n|switch|p2a: Magnezone|Magnezone|50/100\n|-item|p2a: Magnezone|Air Balloon\n|move|p1a: Kyurem|Ice Beam|p2a: Magnezone\n|-resisted|p2a: Magnezone\n|-damage|p2a: Magnezone|19/100\n|-enditem|p2a: Magnezone|Air Balloon\n|\n|upkeep\n|turn|19\n|\n|t:|1783822186\n|move|p1a: Kyurem|Ice Beam|p2a: Magnezone\n|-resisted|p2a: Magnezone\n|-damage|p2a: Magnezone|0 fnt\n|faint|p2a: Magnezone\n|\n|upkeep\n|inactive|2wicky12 has 120 seconds left.\n|inactive|2wicky12 has 90 seconds left.\n|l|☆jessies boyfriend\n|inactive|jessies boyfriend disconnected and has a minute to reconnect!\n|player|p1|\n|j|☆jessies boyfriend\n|inactive|jessies boyfriend reconnected.\n|player|p1|jessies boyfriend|brock|\n|inactive|2wicky12 has 60 seconds left.\n|c|☆jessies boyfriend|gg\n|inactive|2wicky12 has 30 seconds left.\n|inactive|2wicky12 has 20 seconds left.\n|inactive|2wicky12 has 15 seconds left.\n|inactive|2wicky12 has 10 seconds left.\n|inactive|2wicky12 has 5 seconds left.\n|-message|2wicky12 lost due to inactivity.\n|\n|win|jessies boyfriend\n|raw|jessies boyfriend's rating: 1288 &rarr; <strong>1308</strong><br />(+20 for winning)\n|raw|2wicky12's rating: 1213 &rarr; <strong>1193</strong><br />(-20 for losing)\n|l|☆jessies boyfriend\n|player|p1|\n|l|☆2wicky12\n|player|p2|\n", "uploadtime": 1783822616, "views": 3, "formatid": "gen9ou", "rating": 1193, "private": 0, "password": null}