{"id": "gen9ou-2647717721", "format": "[Gen 9] OU", "players": ["Yfdx1", "CocoLocoBro"], "log": "|j|☆Yfdx1\n|j|☆CocoLocoBro\n|t:|1783801020\n|gametype|singles\n|player|p1|Yfdx1|2|1152\n|player|p2|CocoLocoBro|fisherman|1172\n|gen|9\n|tier|[Gen 9] OU\n|rated|\n|rule|HP Percentage Mod: HP is shown in percentages\n|rule|Endless Battle Clause: Forcing endless battles is banned\n|rule|Species Clause: Limit one of each Pokémon\n|rule|OHKO Clause: OHKO moves are banned\n|rule|Evasion Items Clause: Evasion items are banned\n|rule|Evasion Moves Clause: Evasion moves are banned\n|rule|Evasion Abilities Clause: Evasion abilities are banned\n|rule|Sleep Moves Clause: Sleep-inducing moves are banned\n|clearpoke\n|poke|p1|Gliscor, M|\n|poke|p1|Slowking-Galar, M|\n|poke|p1|Iron Moth|\n|poke|p1|Zapdos|\n|poke|p1|Ting-Lu|\n|poke|p1|Corviknight, F|\n|poke|p2|Spidops, M|\n|poke|p2|Orthworm, M|\n|poke|p2|Glimmora, M|\n|poke|p2|Mandibuzz, F|\n|poke|p2|Mienshao, M|\n|poke|p2|Staraptor, M|\n|teampreview\n|\n|t:|1783801031\n|teamsize|p1|6\n|teamsize|p2|6\n|start\n|switch|p1a: Gliscor|Gliscor, M|100/100\n|switch|p2a: Spidops|Spidops, M|100/100\n|turn|1\n|\n|t:|1783801040\n|move|p1a: Gliscor|Stealth Rock|p2a: Spidops\n|-sidestart|p2: CocoLocoBro|move: Stealth Rock\n|move|p2a: Spidops|Knock Off|p1a: Gliscor\n|-crit|p1a: Gliscor\n|-damage|p1a: Gliscor|79/100\n|-enditem|p1a: Gliscor|Toxic Orb|[from] move: Knock Off|[of] p2a: Spidops\n|\n|upkeep\n|turn|2\n|\n|t:|1783801049\n|move|p1a: Gliscor|Toxic|p2a: Spidops\n|-status|p2a: Spidops|tox\n|move|p2a: Spidops|Sticky Web|p1a: Gliscor\n|-sidestart|p1: Yfdx1|move: Sticky Web\n|\n|-damage|p2a: Spidops|94/100 tox|[from] psn\n|upkeep\n|turn|3\n|\n|t:|1783801056\n|move|p1a: Gliscor|Earthquake|p2a: Spidops\n|-resisted|p2a: Spidops\n|-damage|p2a: Spidops|77/100 tox\n|move|p2a: Spidops|Circle Throw|p1a: Gliscor\n|-resisted|p1a: Gliscor\n|-damage|p1a: Gliscor|74/100\n|drag|p1a: Iron Moth|Iron Moth|100/100\n|-activate|p1a: Iron Moth|move: Sticky Web\n|-unboost|p1a: Iron Moth|spe|1\n|\n|-damage|p2a: Spidops|65/100 tox|[from] psn\n|upkeep\n|turn|4\n|\n|t:|1783801069\n|-end|p1a: Iron Moth|Quark Drive|[silent]\n|switch|p1a: Corviknight|Corviknight, F|100/100\n|move|p2a: Spidops|Silk Trap||[still]\n|-fail|p2a: Spidops\n|\n|-damage|p2a: Spidops|47/100 tox|[from] psn\n|upkeep\n|turn|5\n|\n|t:|1783801077\n|move|p1a: Corviknight|Defog|p2a: Spidops\n|-unboost|p2a: Spidops|evasion|1\n|-sideend|p2: CocoLocoBro|Stealth Rock|[from] move: Defog|[of] p1a: Corviknight\n|-sideend|p1: Yfdx1|Sticky Web|[from] move: Defog|[of] p1a: Corviknight\n|move|p2a: Spidops|Sticky Web|p1a: Corviknight\n|-sidestart|p1: Yfdx1|move: Sticky Web\n|\n|-damage|p2a: Spidops|22/100 tox|[from] psn\n|upkeep\n|turn|6\n|\n|t:|1783801091\n|switch|p2a: Mandibuzz|Mandibuzz, F|100/100\n|move|p1a: Corviknight|Defog|p2a: Mandibuzz\n|-unboost|p2a: Mandibuzz|evasion|1\n|-sideend|p1: Yfdx1|Sticky Web|[from] move: Defog|[of] p1a: Corviknight\n|\n|upkeep\n|turn|7\n|\n|t:|1783801098\n|move|p2a: Mandibuzz|Nasty Plot|p2a: Mandibuzz\n|-boost|p2a: Mandibuzz|spa|2\n|move|p1a: Corviknight|Iron Head|p2a: Mandibuzz\n|-damage|p2a: Mandibuzz|78/100\n|-ability|p2a: Mandibuzz|Weak Armor|boost\n|-unboost|p2a: Mandibuzz|def|1\n|-boost|p2a: Mandibuzz|spe|2\n|\n|upkeep\n|turn|8\n|\n|t:|1783801112\n|-terastallize|p2a: Mandibuzz|Dark\n|move|p2a: Mandibuzz|Dark Pulse|p1a: Corviknight\n|-damage|p1a: Corviknight|17/100\n|-enditem|p1a: Corviknight|Sitrus Berry|[eat]\n|-heal|p1a: Corviknight|42/100|[from] item: Sitrus Berry\n|-damage|p2a: Mandibuzz|68/100|[from] item: Life Orb\n|cant|p1a: Corviknight|flinch\n|\n|upkeep\n|turn|9\n|\n|t:|1783801123\n|move|p2a: Mandibuzz|Dark Pulse|p1a: Corviknight\n|-damage|p1a: Corviknight|0 fnt\n|faint|p1a: Corviknight\n|-damage|p2a: Mandibuzz|58/100|[from] item: Life Orb\n|\n|upkeep\n|\n|t:|1783801134\n|switch|p1a: Slowking|Slowking-Galar, M|100/100\n|turn|10\n|l|☆CocoLocoBro\n|player|p2|\n|inactive|Battle timer is ON: inactive players will automatically lose when time's up. (requested by Yfdx1)\n|j|☆CocoLocoBro\n|inactive|CocoLocoBro reconnected and has 145 seconds left.\n|player|p2|CocoLocoBro|fisherman|\n|\n|t:|1783801186\n|-terastallize|p1a: Slowking|Flying\n|move|p2a: Mandibuzz|Dark Pulse|p1a: Slowking\n|-damage|p1a: Slowking|29/100\n|-damage|p2a: Mandibuzz|48/100|[from] item: Life Orb\n|move|p1a: Slowking|Ice Beam|p2a: Mandibuzz\n|-damage|p2a: Mandibuzz|25/100\n|\n|upkeep\n|turn|11\n|\n|t:|1783801199\n|switch|p1a: Ting-Lu|Ting-Lu|100/100\n|-ability|p1a: Ting-Lu|Vessel of Ruin\n|move|p2a: Mandibuzz|Air Slash|p1a: Ting-Lu\n|-damage|p1a: Ting-Lu|68/100\n|-damage|p2a: Mandibuzz|15/100|[from] item: Life Orb\n|\n|upkeep\n|turn|12\n|\n|t:|1783801213\n|move|p2a: Mandibuzz|Air Slash|p1a: Ting-Lu\n|-damage|p1a: Ting-Lu|33/100\n|-damage|p2a: Mandibuzz|5/100|[from] item: Life Orb\n|cant|p1a: Ting-Lu|flinch\n|\n|upkeep\n|turn|13\n|\n|t:|1783801222\n|switch|p1a: Slowking|Slowking-Galar, M, tera:Flying|62/100\n|move|p2a: Mandibuzz|Air Slash|p1a: Slowking\n|-damage|p1a: Slowking|12/100\n|-damage|p2a: Mandibuzz|0 fnt|[from] item: Life Orb\n|faint|p2a: Mandibuzz\n|\n|upkeep\n|\n|t:|1783801230\n|switch|p2a: Staraptor|Staraptor, M|100/100\n|turn|14\n|\n|t:|1783801236\n|switch|p1a: Gliscor|Gliscor, M|74/100\n|move|p2a: Staraptor|Double-Edge|p1a: Gliscor\n|-damage|p1a: Gliscor|10/100\n|-damage|p2a: Staraptor|80/100|[from] Recoil\n|\n|upkeep\n|turn|15\n|\n|t:|1783801250\n|move|p1a: Gliscor|Protect|p1a: Gliscor\n|-singleturn|p1a: Gliscor|Protect\n|move|p2a: Staraptor|Double-Edge|p1a: Gliscor\n|-activate|p1a: Gliscor|move: Protect\n|\n|upkeep\n|turn|16\n|\n|t:|1783801258\n|move|p2a: Staraptor|Double-Edge|p1a: Gliscor\n|-damage|p1a: Gliscor|0 fnt\n|faint|p1a: Gliscor\n|-damage|p2a: Staraptor|77/100|[from] Recoil\n|\n|upkeep\n|\n|t:|1783801264\n|switch|p1a: Iron Moth|Iron Moth|100/100\n|turn|17\n|\n|t:|1783801268\n|move|p2a: Staraptor|Double-Edge|p1a: Iron Moth\n|-damage|p1a: Iron Moth|0 fnt\n|faint|p1a: Iron Moth\n|-end|p1a: Iron Moth|Quark Drive|[silent]\n|-damage|p2a: Staraptor|45/100|[from] Recoil\n|\n|upkeep\n|\n|t:|1783801275\n|switch|p1a: Zapdos|Zapdos|100/100\n|turn|18\n|\n|t:|1783801278\n|move|p2a: Staraptor|Double-Edge|p1a: Zapdos\n|-damage|p1a: Zapdos|12/100\n|-damage|p2a: Staraptor|14/100|[from] Recoil\n|move|p1a: Zapdos|Thunderbolt|p2a: Staraptor\n|-supereffective|p2a: Staraptor\n|-damage|p2a: Staraptor|0 fnt\n|faint|p2a: Staraptor\n|\n|upkeep\n|\n|t:|1783801284\n|switch|p2a: Mienshao|Mienshao, M|100/100\n|turn|19\n|\n|t:|1783801290\n|switch|p1a: Slowking|Slowking-Galar, M, tera:Flying|45/100\n|move|p2a: Mienshao|Triple Axel|p1a: Slowking\n|-supereffective|p1a: Slowking\n|-damage|p1a: Slowking|30/100\n|-supereffective|p1a: Slowking\n|-damage|p1a: Slowking|3/100\n|-supereffective|p1a: Slowking\n|-damage|p1a: Slowking|0 fnt\n|faint|p1a: Slowking\n|-hitcount|p1: Slowking|3\n|\n|upkeep\n|\n|t:|1783801301\n|switch|p1a: Zapdos|Zapdos|12/100\n|turn|20\n|\n|t:|1783801304\n|move|p1a: Zapdos|Hurricane|p2a: Mienshao\n|-supereffective|p2a: Mienshao\n|-damage|p2a: Mienshao|0 fnt\n|faint|p2a: Mienshao\n|\n|upkeep\n|\n|t:|1783801317\n|switch|p2a: Glimmora|Glimmora, M|100/100\n|turn|21\n|\n|t:|1783801329\n|switch|p1a: Ting-Lu|Ting-Lu|33/100\n|-ability|p1a: Ting-Lu|Vessel of Ruin\n|move|p2a: Glimmora|Sludge Wave|p1a: Ting-Lu\n|-resisted|p1a: Ting-Lu\n|-damage|p1a: Ting-Lu|20/100\n|\n|upkeep\n|turn|22\n|\n|t:|1783801338\n|move|p2a: Glimmora|Mortal Spin|p1a: Ting-Lu\n|-resisted|p1a: Ting-Lu\n|-damage|p1a: Ting-Lu|18/100\n|-status|p1a: Ting-Lu|psn\n|-damage|p2a: Glimmora|84/100|[from] item: Rocky Helmet|[of] p1a: Ting-Lu\n|move|p1a: Ting-Lu|Earthquake|p2a: Glimmora\n|-supereffective|p2a: Glimmora\n|-damage|p2a: Glimmora|0 fnt\n|-activate|p2a: Glimmora|ability: Toxic Debris\n|-sidestart|p1: Yfdx1|move: Toxic Spikes\n|faint|p2a: Glimmora\n|\n|-damage|p1a: Ting-Lu|6/100 psn|[from] psn\n|upkeep\n|\n|t:|1783801346\n|switch|p2a: Spidops|Spidops, M|22/100 tox\n|turn|23\n|\n|t:|1783801355\n|move|p1a: Ting-Lu|Rock Slide|p2a: Spidops\n|-supereffective|p2a: Spidops\n|-damage|p2a: Spidops|0 fnt\n|faint|p2a: Spidops\n|\n|-damage|p1a: Ting-Lu|0 fnt|[from] psn\n|faint|p1a: Ting-Lu\n|upkeep\n|\n|t:|1783801363\n|switch|p1a: Zapdos|Zapdos|12/100\n|switch|p2a: Orthworm|Orthworm, M|100/100\n|turn|24\n|\n|t:|1783801372\n|move|p1a: Zapdos|Heat Wave|p2a: Orthworm\n|-supereffective|p2a: Orthworm\n|-damage|p2a: Orthworm|0 fnt\n|faint|p2a: Orthworm\n|\n|win|Yfdx1\n|raw|Yfdx1's rating: 1152 &rarr; <strong>1178</strong><br />(+26 for winning)\n|raw|CocoLocoBro's rating: 1172 &rarr; <strong>1146</strong><br />(-26 for losing)\n|l|☆CocoLocoBro\n|player|p2|\n", "uploadtime": 1783801683, "views": 7, "formatid": "gen9ou", "rating": 1146, "private": 0, "password": null}