{"id": "gen9ou-2647831422", "format": "[Gen 9] OU", "players": ["vithsos", "PringerY"], "log": "|j|☆vithsos\n|j|☆PringerY\n|t:|1783820346\n|gametype|singles\n|player|p1|vithsos|lass-gen4|1074\n|player|p2|PringerY|265|1048\n|gen|9\n|tier|[Gen 9] OU\n|rated|\n|rule|HP Percentage Mod: HP is shown in percentages\n|rule|Endless Battle Clause: Forcing endless battles is banned\n|rule|Species Clause: Limit one of each Pokémon\n|rule|OHKO Clause: OHKO moves are banned\n|rule|Evasion Items Clause: Evasion items are banned\n|rule|Evasion Moves Clause: Evasion moves are banned\n|rule|Evasion Abilities Clause: Evasion abilities are banned\n|rule|Sleep Moves Clause: Sleep-inducing moves are banned\n|clearpoke\n|poke|p1|Numel, M|\n|poke|p1|Gastrodon, M|\n|poke|p1|Dudunsparce-*, M|\n|poke|p1|Dragonite, M|\n|poke|p1|Bisharp, M|\n|poke|p1|Ting-Lu|\n|poke|p2|Gholdengo|\n|poke|p2|Hitmonlee, M|\n|poke|p2|Iron Valiant|\n|poke|p2|Raging Bolt|\n|poke|p2|Deoxys-Speed|\n|poke|p2|Dragapult, M|\n|teampreview\n|c|☆PringerY|Good luck have fun!\n|\n|t:|1783820385\n|teamsize|p1|6\n|teamsize|p2|6\n|start\n|switch|p1a: Numel|Numel, M|100/100\n|switch|p2a: Deoxys|Deoxys-Speed|100/100\n|-ability|p2a: Deoxys|Pressure\n|turn|1\n|\n|t:|1783820399\n|move|p2a: Deoxys|Trick|p1a: Numel\n|-activate|p2a: Deoxys|move: Trick|[of] p1a: Numel\n|-item|p1a: Numel|Toxic Orb|[from] move: Trick\n|-item|p2a: Deoxys|Eviolite|[from] move: Trick\n|move|p1a: Numel|Curse|p1a: Numel\n|-unboost|p1a: Numel|spe|2\n|-boost|p1a: Numel|atk|2\n|-boost|p1a: Numel|def|2\n|\n|-status|p1a: Numel|tox|[from] item: Toxic Orb\n|upkeep\n|turn|2\n|\n|t:|1783820412\n|move|p2a: Deoxys|Skill Swap|p1a: Numel\n|-activate|p2a: Deoxys|Skill Swap|Simple|Pressure|[of] p1a: Numel\n|-ability|p1a: Numel|Pressure\n|move|p1a: Numel|Flame Charge|p2a: Deoxys\n|-damage|p2a: Deoxys|60/100\n|-boost|p1a: Numel|spe|1\n|\n|-damage|p1a: Numel|94/100 tox|[from] psn\n|upkeep\n|turn|3\n|l|☆vithsos\n|player|p1|\n|j|☆vithsos\n|player|p1|vithsos|lass-gen4|\n|\n|t:|1783820465\n|move|p2a: Deoxys|Stealth Rock|p1a: Numel\n|-sidestart|p1: vithsos|move: Stealth Rock\n|move|p1a: Numel|Flame Charge|p2a: Deoxys\n|-damage|p2a: Deoxys|18/100\n|-boost|p1a: Numel|spe|1\n|\n|-damage|p1a: Numel|82/100 tox|[from] psn\n|upkeep\n|turn|4\n|\n|t:|1783820482\n|move|p2a: Deoxys|Spikes|p1a: Numel\n|-sidestart|p1: vithsos|Spikes\n|move|p1a: Numel|Flame Charge|p2a: Deoxys\n|-damage|p2a: Deoxys|0 fnt\n|-boost|p1a: Numel|spe|1\n|faint|p2a: Deoxys\n|\n|-damage|p1a: Numel|64/100 tox|[from] psn\n|upkeep\n|inactive|Battle timer is ON: inactive players will automatically lose when time's up. (requested by vithsos)\n|inactive|PringerY has 120 seconds left.\n|inactive|PringerY has 90 seconds left.\n|\n|t:|1783820546\n|switch|p2a: Iron Valiant|Iron Valiant|100/100\n|-enditem|p2a: Iron Valiant|Booster Energy\n|-activate|p2a: Iron Valiant|ability: Quark Drive|[fromitem]\n|-start|p2a: Iron Valiant|quarkdrivespe\n|turn|5\n|\n|t:|1783820557\n|move|p2a: Iron Valiant|Calm Mind|p2a: Iron Valiant\n|-boost|p2a: Iron Valiant|spa|1\n|-boost|p2a: Iron Valiant|spd|1\n|move|p1a: Numel|Earthquake|p2a: Iron Valiant\n|-damage|p2a: Iron Valiant|15/100\n|\n|-damage|p1a: Numel|39/100 tox|[from] psn\n|upkeep\n|turn|6\n|\n|t:|1783820572\n|move|p2a: Iron Valiant|Moonblast|p1a: Numel\n|-resisted|p1a: Numel\n|-damage|p1a: Numel|0 fnt\n|faint|p1a: Numel\n|\n|upkeep\n|\n|t:|1783820579\n|switch|p1a: Bisharp|Bisharp, M|100/100\n|-damage|p1a: Bisharp|95/100|[from] Stealth Rock\n|-damage|p1a: Bisharp|82/100|[from] Spikes\n|turn|7\n|\n|t:|1783820595\n|move|p1a: Bisharp|Sucker Punch|p2a: Iron Valiant\n|-resisted|p2a: Iron Valiant\n|-damage|p2a: Iron Valiant|2/100\n|move|p2a: Iron Valiant|Shadow Ball|p1a: Bisharp\n|-resisted|p1a: Bisharp\n|-damage|p1a: Bisharp|65/100\n|\n|upkeep\n|turn|8\n|\n|t:|1783820603\n|move|p1a: Bisharp|Sucker Punch||[still]\n|-fail|p1a: Bisharp\n|move|p2a: Iron Valiant|Encore|p1a: Bisharp\n|-start|p1a: Bisharp|Encore\n|\n|upkeep\n|turn|9\n|\n|t:|1783820611\n|move|p1a: Bisharp|Sucker Punch|p2a: Iron Valiant\n|-resisted|p2a: Iron Valiant\n|-damage|p2a: Iron Valiant|0 fnt\n|faint|p2a: Iron Valiant\n|-end|p2a: Iron Valiant|Quark Drive|[silent]\n|\n|upkeep\n|\n|t:|1783820616\n|switch|p2a: Hitmonlee|Hitmonlee, M|100/100\n|turn|10\n|\n|t:|1783820619\n|move|p1a: Bisharp|Sucker Punch|p2a: Hitmonlee\n|-resisted|p2a: Hitmonlee\n|-damage|p2a: Hitmonlee|60/100\n|move|p2a: Hitmonlee|Rapid Spin|p1a: Bisharp\n|-resisted|p1a: Bisharp\n|-damage|p1a: Bisharp|59/100\n|-boost|p2a: Hitmonlee|spe|1\n|\n|upkeep\n|turn|11\n|\n|t:|1783820627\n|move|p2a: Hitmonlee|Mach Punch|p1a: Bisharp\n|-supereffective|p1a: Bisharp\n|-damage|p1a: Bisharp|0 fnt\n|faint|p1a: Bisharp\n|\n|upkeep\n|\n|t:|1783820632\n|switch|p1a: Dragonite|Dragonite, M|100/100\n|-damage|p1a: Dragonite|76/100|[from] Stealth Rock\n|turn|12\n|\n|t:|1783820638\n|move|p2a: Hitmonlee|Stone Edge|p1a: Dragonite\n|-supereffective|p1a: Dragonite\n|-damage|p1a: Dragonite|0 fnt\n|faint|p1a: Dragonite\n|\n|upkeep\n|\n|t:|1783820642\n|switch|p1a: Gastrodon|Gastrodon, M|100/100\n|-damage|p1a: Gastrodon|94/100|[from] Stealth Rock\n|-damage|p1a: Gastrodon|82/100|[from] Spikes\n|turn|13\n|\n|t:|1783820647\n|move|p2a: Hitmonlee|High Jump Kick|p1a: Gastrodon\n|-damage|p1a: Gastrodon|0 fnt\n|-damage|p2a: Hitmonlee|43/100|[from] item: Rocky Helmet|[of] p1a: Gastrodon\n|faint|p1a: Gastrodon\n|\n|upkeep\n|l|☆vithsos\n|inactive|vithsos disconnected and has a minute to reconnect!\n|player|p1|\n|inactive|vithsos has 30 seconds to reconnect!\n|inactive|vithsos has 20 seconds to reconnect!\n|inactive|vithsos has 15 seconds to reconnect!\n|inactive|vithsos has 10 seconds to reconnect!\n|inactive|vithsos has 5 seconds to reconnect!\n|-message|vithsos lost due to inactivity.\n|\n|win|PringerY\n|raw|vithsos's rating: 1074 &rarr; <strong>1051</strong><br />(-23 for losing)\n|raw|PringerY's rating: 1048 &rarr; <strong>1083</strong><br />(+35 for winning)\n", "uploadtime": 1783820830, "views": 16, "formatid": "gen9ou", "rating": 1051, "private": 0, "password": null}