{"id": "gen9ou-2647691516", "format": "[Gen 9] OU", "players": ["GreninjaMyFav", "DekuFoulerLab"], "log": "|j|☆GreninjaMyFav\n|j|☆DekuFoulerLab\n|t:|1783797018\n|gametype|singles\n|player|p1|GreninjaMyFav|skyla|1345\n|player|p2|DekuFoulerLab|169|1265\n|gen|9\n|tier|[Gen 9] OU\n|rated|\n|rule|HP Percentage Mod: HP is shown in percentages\n|rule|Endless Battle Clause: Forcing endless battles is banned\n|rule|Species Clause: Limit one of each Pokémon\n|rule|OHKO Clause: OHKO moves are banned\n|rule|Evasion Items Clause: Evasion items are banned\n|rule|Evasion Moves Clause: Evasion moves are banned\n|rule|Evasion Abilities Clause: Evasion abilities are banned\n|rule|Sleep Moves Clause: Sleep-inducing moves are banned\n|clearpoke\n|poke|p1|Greninja-*, F|\n|poke|p1|Darkrai|\n|poke|p1|Pecharunt|\n|poke|p1|Primarina, M|\n|poke|p1|Great Tusk|\n|poke|p1|Moltres|\n|poke|p2|Dondozo, F|\n|poke|p2|Clodsire, M|\n|poke|p2|Corviknight, M|\n|poke|p2|Slowking-Galar, M|\n|poke|p2|Gholdengo|\n|poke|p2|Garganacl, M|\n|teampreview\n|inactive|Battle timer is ON: inactive players will automatically lose when time's up. (requested by GreninjaMyFav)\n|\n|t:|1783797029\n|teamsize|p1|6\n|teamsize|p2|6\n|start\n|switch|p1a: Greninja|Greninja, F|100/100\n|switch|p2a: Clodsire|Clodsire, M|100/100\n|turn|1\n|inactive|DekuFoulerLab also wants the timer to be on.\n|\n|t:|1783797036\n|move|p1a: Greninja|Ice Beam|p2a: Clodsire\n|-start|p1a: Greninja|typechange|Ice|[from] ability: Protean\n|-supereffective|p2a: Clodsire\n|-damage|p2a: Clodsire|41/100\n|move|p2a: Clodsire|Toxic|p1a: Greninja\n|-status|p1a: Greninja|tox\n|\n|-damage|p1a: Greninja|95/100 tox|[from] psn\n|upkeep\n|turn|2\n|\n|t:|1783797048\n|switch|p1a: Darkrai|Darkrai|100/100\n|move|p2a: Clodsire|Recover|p2a: Clodsire\n|-heal|p2a: Clodsire|91/100\n|\n|upkeep\n|turn|3\n|\n|t:|1783797056\n|move|p1a: Darkrai|Psyshock|p2a: Clodsire\n|-supereffective|p2a: Clodsire\n|-damage|p2a: Clodsire|0 fnt\n|faint|p2a: Clodsire\n|\n|upkeep\n|\n|t:|1783797063\n|switch|p2a: Gholdengo|Gholdengo|100/100\n|turn|4\n|\n|t:|1783797069\n|switch|p1a: Moltres|Moltres|100/100\n|move|p2a: Gholdengo|Shadow Ball|p1a: Moltres\n|-damage|p1a: Moltres|73/100\n|\n|upkeep\n|turn|5\n|\n|t:|1783797077\n|switch|p2a: Garganacl|Garganacl, M|100/100\n|move|p1a: Moltres|U-turn|p2a: Garganacl\n|-damage|p2a: Garganacl|93/100\n|\n|t:|1783797081\n|switch|p1a: Great Tusk|Great Tusk|100/100|[from] U-turn\n|\n|-heal|p2a: Garganacl|99/100|[from] item: Leftovers\n|upkeep\n|turn|6\n|\n|t:|1783797087\n|move|p2a: Garganacl|Protect|p2a: Garganacl\n|-singleturn|p2a: Garganacl|Protect\n|move|p1a: Great Tusk|Stealth Rock|p2a: Garganacl\n|-sidestart|p2: DekuFoulerLab|move: Stealth Rock\n|\n|-heal|p2a: Garganacl|100/100|[from] item: Leftovers\n|upkeep\n|turn|7\n|\n|t:|1783797092\n|switch|p2a: Corviknight|Corviknight, M|100/100\n|-ability|p2a: Corviknight|Pressure\n|move|p1a: Great Tusk|Headlong Rush|p2a: Corviknight\n|-immune|p2a: Corviknight\n|\n|upkeep\n|turn|8\n|\n|t:|1783797098\n|-end|p1a: Great Tusk|Protosynthesis|[silent]\n|switch|p1a: Darkrai|Darkrai|100/100\n|move|p2a: Corviknight|Brave Bird|p1a: Darkrai\n|-damage|p1a: Darkrai|50/100\n|-damage|p2a: Corviknight|89/100|[from] Recoil\n|\n|upkeep\n|turn|9\n|\n|t:|1783797105\n|switch|p1a: Moltres|Moltres|73/100\n|move|p2a: Corviknight|U-turn|p1a: Moltres\n|-resisted|p1a: Moltres\n|-damage|p1a: Moltres|70/100\n|-status|p2a: Corviknight|brn|[from] ability: Flame Body|[of] p1a: Moltres\n|\n|t:|1783797112\n|switch|p2a: Garganacl|Garganacl, M|100/100|[from] U-turn\n|-damage|p2a: Garganacl|88/100|[from] Stealth Rock\n|\n|-heal|p2a: Garganacl|94/100|[from] item: Leftovers\n|upkeep\n|turn|10\n|\n|t:|1783797118\n|switch|p1a: Great Tusk|Great Tusk|100/100\n|move|p2a: Garganacl|Salt Cure|p1a: Great Tusk\n|-resisted|p1a: Great Tusk\n|-crit|p1a: Great Tusk\n|-damage|p1a: Great Tusk|97/100\n|-start|p1a: Great Tusk|Salt Cure\n|\n|-heal|p2a: Garganacl|100/100|[from] item: Leftovers\n|-damage|p1a: Great Tusk|85/100|[from] Salt Cure\n|upkeep\n|turn|11\n|inactive|GreninjaMyFav has 120 seconds left.\n|\n|t:|1783797151\n|move|p2a: Garganacl|Protect|p2a: Garganacl\n|-singleturn|p2a: Garganacl|Protect\n|move|p1a: Great Tusk|Headlong Rush|p2a: Garganacl\n|-activate|p2a: Garganacl|move: Protect\n|\n|-damage|p1a: Great Tusk|72/100|[from] Salt Cure\n|upkeep\n|turn|12\n|\n|t:|1783797159\n|-end|p1a: Great Tusk|Protosynthesis|[silent]\n|switch|p1a: Primarina|Primarina, M|100/100\n|move|p2a: Garganacl|Curse|p2a: Garganacl\n|-unboost|p2a: Garganacl|spe|1\n|-boost|p2a: Garganacl|atk|1\n|-boost|p2a: Garganacl|def|1\n|\n|upkeep\n|turn|13\n|\n|t:|1783797165\n|move|p1a: Primarina|Surf|p2a: Garganacl\n|-supereffective|p2a: Garganacl\n|-damage|p2a: Garganacl|35/100\n|move|p2a: Garganacl|Salt Cure|p1a: Primarina\n|-damage|p1a: Primarina|74/100\n|-start|p1a: Primarina|Salt Cure\n|\n|-heal|p2a: Garganacl|41/100|[from] item: Leftovers\n|-damage|p1a: Primarina|49/100|[from] Salt Cure\n|upkeep\n|turn|14\n|\n|t:|1783797175\n|move|p2a: Garganacl|Protect|p2a: Garganacl\n|-singleturn|p2a: Garganacl|Protect\n|move|p1a: Primarina|Psychic Noise|p2a: Garganacl\n|-activate|p2a: Garganacl|move: Protect\n|\n|-heal|p2a: Garganacl|48/100|[from] item: Leftovers\n|-damage|p1a: Primarina|24/100|[from] Salt Cure\n|upkeep\n|turn|15\n|\n|t:|1783797181\n|switch|p2a: Dondozo|Dondozo, F|100/100\n|move|p1a: Primarina|Surf|p2a: Dondozo\n|-resisted|p2a: Dondozo\n|-damage|p2a: Dondozo|75/100\n|\n|-damage|p1a: Primarina|0 fnt|[from] Salt Cure\n|faint|p1a: Primarina\n|upkeep\n|\n|t:|1783797185\n|switch|p1a: Greninja|Greninja, F|95/100 tox\n|turn|16\n|\n|t:|1783797191\n|switch|p1a: Darkrai|Darkrai|50/100\n|move|p2a: Dondozo|Body Press|p1a: Darkrai\n|-supereffective|p1a: Darkrai\n|-damage|p1a: Darkrai|0 fnt\n|faint|p1a: Darkrai\n|\n|upkeep\n|-message|GreninjaMyFav forfeited.\n|\n|win|DekuFoulerLab\n|raw|GreninjaMyFav's rating: 1366 &rarr; <strong>1340</strong><br />(-26 for losing)\n|raw|DekuFoulerLab's rating: 1265 &rarr; <strong>1297</strong><br />(+32 for winning)\n|l|☆GreninjaMyFav\n|player|p1|\n", "uploadtime": 1783797196, "views": 12, "formatid": "gen9ou", "rating": 1297, "private": 0, "password": null}