{"id": "gen9ou-2647772634", "format": "[Gen 9] OU", "players": ["askkw", "cozyprincemshroom"], "log": "|j|☆askkw\n|j|☆cozyprincemshroom\n|t:|1783809989\n|gametype|singles\n|player|p1|askkw|265|1175\n|player|p2|cozyprincemshroom|waiter|1125\n|gen|9\n|tier|[Gen 9] OU\n|rated|\n|rule|HP Percentage Mod: HP is shown in percentages\n|rule|Endless Battle Clause: Forcing endless battles is banned\n|rule|Species Clause: Limit one of each Pokémon\n|rule|OHKO Clause: OHKO moves are banned\n|rule|Evasion Items Clause: Evasion items are banned\n|rule|Evasion Moves Clause: Evasion moves are banned\n|rule|Evasion Abilities Clause: Evasion abilities are banned\n|rule|Sleep Moves Clause: Sleep-inducing moves are banned\n|clearpoke\n|poke|p1|Minior-Violet|\n|poke|p1|Indeedee-F, F|\n|poke|p1|Armarouge, M|\n|poke|p1|Pecharunt|\n|poke|p1|Great Tusk|\n|poke|p1|Iron Valiant|\n|poke|p2|Meganium, F|\n|poke|p2|Pawmot, M|\n|poke|p2|Munkidori, M|\n|poke|p2|Inteleon, F|\n|poke|p2|Lycanroc-Dusk, M|\n|poke|p2|Donphan, M|\n|teampreview\n|inactive|Battle timer is ON: inactive players will automatically lose when time's up. (requested by cozyprincemshroom)\n|\n|t:|1783809995\n|teamsize|p1|6\n|teamsize|p2|6\n|start\n|switch|p1a: Great Tusk|Great Tusk|100/100\n|switch|p2a: Munkidori|Munkidori, M|100/100\n|-enditem|p1a: Great Tusk|Booster Energy\n|-activate|p1a: Great Tusk|ability: Protosynthesis|[fromitem]\n|-start|p1a: Great Tusk|protosynthesisspe\n|turn|1\n|\n|t:|1783810006\n|-end|p1a: Great Tusk|Protosynthesis|[silent]\n|switch|p1a: Indeedee|Indeedee-F, F|100/100\n|-fieldstart|move: Psychic Terrain|[from] ability: Psychic Surge|[of] p1a: Indeedee\n|move|p2a: Munkidori|Psychic|p1a: Indeedee\n|-resisted|p1a: Indeedee\n|-damage|p1a: Indeedee|70/100\n|\n|upkeep\n|turn|2\n|\n|t:|1783810018\n|switch|p2a: Meganium|Meganium, F|100/100\n|move|p1a: Indeedee|Psychic|p2a: Meganium\n|-damage|p2a: Meganium|73/100\n|\n|upkeep\n|turn|3\n|\n|t:|1783810027\n|switch|p1a: Armarouge|Armarouge, M|100/100\n|move|p2a: Meganium|Leech Seed|p1a: Armarouge\n|-start|p1a: Armarouge|move: Leech Seed\n|\n|-damage|p1a: Armarouge|88/100|[from] Leech Seed|[of] p2a: Meganium\n|-heal|p2a: Meganium|84/100|[silent]\n|upkeep\n|turn|4\n|\n|t:|1783810041\n|switch|p2a: Lycanroc|Lycanroc-Dusk, M|100/100\n|move|p1a: Armarouge|Armor Cannon|p2a: Lycanroc\n|-resisted|p2a: Lycanroc\n|-damage|p2a: Lycanroc|50/100\n|-unboost|p1a: Armarouge|def|1\n|-unboost|p1a: Armarouge|spd|1\n|\n|-damage|p1a: Armarouge|76/100|[from] Leech Seed|[of] p2a: Lycanroc\n|-heal|p2a: Lycanroc|63/100|[silent]\n|upkeep\n|turn|5\n|\n|t:|1783810052\n|switch|p1a: Great Tusk|Great Tusk|100/100\n|move|p2a: Lycanroc|Swords Dance|p2a: Lycanroc\n|-boost|p2a: Lycanroc|atk|2\n|\n|upkeep\n|turn|6\n|\n|t:|1783810062\n|move|p2a: Lycanroc|Play Rough|p1a: Great Tusk\n|-supereffective|p1a: Great Tusk\n|-damage|p1a: Great Tusk|0 fnt\n|faint|p1a: Great Tusk\n|-end|p1a: Great Tusk|Protosynthesis|[silent]\n|-damage|p2a: Lycanroc|53/100|[from] item: Life Orb\n|\n|upkeep\n|\n|t:|1783810066\n|switch|p1a: Pecharunt|Pecharunt|100/100\n|-enditem|p1a: Pecharunt|Psychic Seed\n|-boost|p1a: Pecharunt|spd|1|[from] item: Psychic Seed\n|turn|7\n|\n|t:|1783810074\n|move|p2a: Lycanroc|Drill Run|p1a: Pecharunt\n|-supereffective|p1a: Pecharunt\n|-damage|p1a: Pecharunt|9/100\n|-damage|p2a: Lycanroc|43/100|[from] item: Life Orb\n|move|p1a: Pecharunt|Shadow Ball|p2a: Lycanroc\n|-damage|p2a: Lycanroc|0 fnt\n|faint|p2a: Lycanroc\n|\n|upkeep\n|\n|t:|1783810087\n|switch|p2a: Munkidori|Munkidori, M|100/100\n|turn|8\n|\n|t:|1783810097\n|switch|p1a: Armarouge|Armarouge, M|76/100\n|move|p2a: Munkidori|Psychic|p1a: Armarouge\n|-resisted|p1a: Armarouge\n|-damage|p1a: Armarouge|34/100\n|\n|-fieldend|move: Psychic Terrain\n|upkeep\n|turn|9\n|\n|t:|1783810106\n|switch|p1a: Indeedee|Indeedee-F, F|70/100\n|-fieldstart|move: Psychic Terrain|[from] ability: Psychic Surge|[of] p1a: Indeedee\n|move|p2a: Munkidori|Psychic|p1a: Indeedee\n|-resisted|p1a: Indeedee\n|-damage|p1a: Indeedee|43/100\n|\n|upkeep\n|turn|10\n|\n|t:|1783810117\n|move|p2a: Munkidori|Psychic|p1a: Indeedee\n|-resisted|p1a: Indeedee\n|-damage|p1a: Indeedee|13/100\n|-status|p1a: Indeedee|tox|[from] ability: Toxic Chain|[of] p2a: Munkidori\n|move|p1a: Indeedee|Healing Wish|p1a: Indeedee\n|faint|p1a: Indeedee\n|\n|upkeep\n|\n|t:|1783810129\n|switch|p1a: Minior|Minior-Violet, shiny|100/100\n|-formechange|p1a: Minior|Minior-Meteor||[from] ability: Shields Down\n|turn|11\n|\n|t:|1783810134\n|move|p2a: Munkidori|Psychic|p1a: Minior\n|-damage|p1a: Minior|17/100\n|move|p1a: Minior|Shell Smash|p1a: Minior\n|-unboost|p1a: Minior|def|1\n|-unboost|p1a: Minior|spd|1\n|-boost|p1a: Minior|atk|2\n|-boost|p1a: Minior|spa|2\n|-boost|p1a: Minior|spe|2\n|-enditem|p1a: Minior|White Herb\n|-clearnegativeboost|p1a: Minior|[silent]\n|\n|-formechange|p1a: Minior|Minior-Violet||[from] ability: Shields Down\n|upkeep\n|turn|12\n|\n|t:|1783810148\n|switch|p2a: Meganium|Meganium, F|84/100\n|-terastallize|p1a: Minior|Ground\n|move|p1a: Minior|Earthquake|p2a: Meganium\n|-resisted|p2a: Meganium\n|-damage|p2a: Meganium|38/100\n|\n|upkeep\n|turn|13\n|\n|t:|1783810157\n|move|p1a: Minior|Acrobatics|p2a: Meganium\n|-supereffective|p2a: Meganium\n|-damage|p2a: Meganium|0 fnt\n|-damage|p1a: Minior|0 fnt|[from] item: Rocky Helmet|[of] p2a: Meganium\n|faint|p2a: Meganium\n|faint|p1a: Minior\n|\n|upkeep\n|\n|t:|1783810166\n|switch|p1a: Iron Valiant|Iron Valiant|100/100\n|switch|p2a: Munkidori|Munkidori, M|100/100\n|-enditem|p1a: Iron Valiant|Booster Energy\n|-activate|p1a: Iron Valiant|ability: Quark Drive|[fromitem]\n|-start|p1a: Iron Valiant|quarkdrivespe\n|turn|14\n|\n|t:|1783810179\n|-end|p1a: Iron Valiant|Quark Drive|[silent]\n|switch|p1a: Armarouge|Armarouge, M|34/100\n|-heal|p1a: Armarouge|100/100|[from] move: Healing Wish\n|move|p2a: Munkidori|Psychic|p1a: Armarouge\n|-resisted|p1a: Armarouge\n|-damage|p1a: Armarouge|58/100\n|\n|upkeep\n|turn|15\n|\n|t:|1783810190\n|move|p2a: Munkidori|Psychic|p1a: Armarouge\n|-resisted|p1a: Armarouge\n|-damage|p1a: Armarouge|15/100\n|-unboost|p1a: Armarouge|spd|1\n|move|p1a: Armarouge|Expanding Force|p2a: Munkidori\n|-damage|p2a: Munkidori|7/100\n|\n|upkeep\n|turn|16\n|\n|t:|1783810201\n|move|p2a: Munkidori|Psychic|p1a: Armarouge\n|-resisted|p1a: Armarouge\n|-damage|p1a: Armarouge|0 fnt\n|faint|p1a: Armarouge\n|\n|-fieldend|move: Psychic Terrain\n|upkeep\n|\n|t:|1783810208\n|switch|p1a: Iron Valiant|Iron Valiant|100/100\n|turn|17\n|\n|t:|1783810212\n|move|p2a: Munkidori|Psychic|p1a: Iron Valiant\n|-supereffective|p1a: Iron Valiant\n|-crit|p1a: Iron Valiant\n|-damage|p1a: Iron Valiant|0 fnt\n|faint|p1a: Iron Valiant\n|-end|p1a: Iron Valiant|Quark Drive|[silent]\n|\n|upkeep\n|inactive|askkw has 120 seconds left.\n|-message|askkw forfeited.\n|\n|win|cozyprincemshroom\n|raw|askkw's rating: 1175 &rarr; <strong>1146</strong><br />(-29 for losing)\n|raw|cozyprincemshroom's rating: 1125 &rarr; <strong>1154</strong><br />(+29 for winning)\n|l|☆askkw\n|player|p1|\n|l|☆cozyprincemshroom\n|player|p2|\n", "uploadtime": 1783810525, "views": 10, "formatid": "gen9ou", "rating": 1146, "private": 0, "password": null}