{"id": "gen9ou-2639309840", "format": "[Gen 9] OU", "players": ["efvef", "back2backbongrips"], "log": "|j|☆efvef\n|j|☆back2backbongrips\n|t:|1782450463\n|gametype|singles\n|player|p1|efvef|170|1107\n|player|p2|back2backbongrips|2|1109\n|gen|9\n|tier|[Gen 9] OU\n|rated|\n|rule|HP Percentage Mod: HP is shown in percentages\n|rule|Endless Battle Clause: Forcing endless battles is banned\n|rule|Species Clause: Limit one of each Pokémon\n|rule|OHKO Clause: OHKO moves are banned\n|rule|Evasion Items Clause: Evasion items are banned\n|rule|Evasion Moves Clause: Evasion moves are banned\n|rule|Evasion Abilities Clause: Evasion abilities are banned\n|rule|Sleep Moves Clause: Sleep-inducing moves are banned\n|clearpoke\n|poke|p1|Moltres|\n|poke|p1|Alomomola, F|\n|poke|p1|Dragapult, M|\n|poke|p1|Bisharp, F|\n|poke|p1|Kingambit, M|\n|poke|p1|Gliscor, F|\n|poke|p2|Galvantula, M|\n|poke|p2|Lokix, F|\n|poke|p2|Vileplume, M|\n|poke|p2|Frosmoth, M|\n|poke|p2|Araquanid, F|\n|poke|p2|Yanmega, F|\n|teampreview\n|\n|t:|1782450477\n|teamsize|p1|6\n|teamsize|p2|6\n|start\n|switch|p1a: Gliscor|Gliscor, F, shiny|100/100\n|switch|p2a: Galvantula|Galvantula, M|100/100\n|turn|1\n|\n|t:|1782450492\n|switch|p2a: Vileplume|Vileplume, M|100/100\n|move|p1a: Gliscor|Spikes|p2a: Vileplume\n|-sidestart|p2: back2backbongrips|Spikes\n|\n|-status|p1a: Gliscor|tox|[from] item: Toxic Orb\n|upkeep\n|turn|2\n|\n|t:|1782450501\n|move|p1a: Gliscor|Spikes|p2a: Vileplume\n|-sidestart|p2: back2backbongrips|Spikes\n|move|p2a: Vileplume|Leech Seed|p1a: Gliscor\n|-start|p1a: Gliscor|move: Leech Seed\n|\n|-damage|p1a: Gliscor|88/100 tox|[from] Leech Seed|[of] p2a: Vileplume\n|-heal|p1a: Gliscor|100/100 tox|[from] ability: Poison Heal\n|upkeep\n|turn|3\n|\n|t:|1782450508\n|move|p1a: Gliscor|Spikes|p2a: Vileplume\n|-sidestart|p2: back2backbongrips|Spikes\n|move|p2a: Vileplume|Acid Spray|p1a: Gliscor\n|-resisted|p1a: Gliscor\n|-damage|p1a: Gliscor|94/100 tox\n|-unboost|p1a: Gliscor|spd|2\n|\n|-damage|p1a: Gliscor|81/100 tox|[from] Leech Seed|[of] p2a: Vileplume\n|-heal|p1a: Gliscor|94/100 tox|[from] ability: Poison Heal\n|upkeep\n|turn|4\n|\n|t:|1782450517\n|move|p1a: Gliscor|Knock Off|p2a: Vileplume\n|-crit|p2a: Vileplume\n|-damage|p2a: Vileplume|68/100\n|-enditem|p2a: Vileplume|Leftovers|[from] move: Knock Off|[of] p1a: Gliscor\n|move|p2a: Vileplume|Acid Spray|p1a: Gliscor\n|-resisted|p1a: Gliscor\n|-damage|p1a: Gliscor|82/100 tox\n|-unboost|p1a: Gliscor|spd|2\n|\n|-damage|p1a: Gliscor|69/100 tox|[from] Leech Seed|[of] p2a: Vileplume\n|-heal|p2a: Vileplume|82/100|[silent]\n|-heal|p1a: Gliscor|82/100 tox|[from] ability: Poison Heal\n|upkeep\n|turn|5\n|\n|t:|1782450546\n|switch|p1a: Moltres|Moltres, shiny|100/100\n|move|p2a: Vileplume|Acid Spray|p1a: Moltres\n|-damage|p1a: Moltres|85/100\n|-unboost|p1a: Moltres|spd|2\n|\n|upkeep\n|turn|6\n|\n|t:|1782450556\n|move|p1a: Moltres|U-turn|p2a: Vileplume\n|-damage|p2a: Vileplume|68/100\n|\n|t:|1782450567\n|switch|p1a: Gliscor|Gliscor, F, shiny|82/100 tox|[from] U-turn\n|move|p2a: Vileplume|Strength Sap|p1a: Gliscor\n|-unboost|p1a: Gliscor|atk|1\n|-heal|p2a: Vileplume|100/100\n|\n|-heal|p1a: Gliscor|94/100 tox|[from] ability: Poison Heal\n|upkeep\n|turn|7\n|\n|t:|1782450586\n|move|p1a: Gliscor|Protect|p1a: Gliscor\n|-singleturn|p1a: Gliscor|Protect\n|move|p2a: Vileplume|Leech Seed|p1a: Gliscor\n|-activate|p1a: Gliscor|move: Protect\n|\n|-heal|p1a: Gliscor|100/100 tox|[from] ability: Poison Heal\n|upkeep\n|turn|8\n|\n|t:|1782450593\n|switch|p1a: Moltres|Moltres, shiny|85/100\n|move|p2a: Vileplume|Leech Seed|p1a: Moltres\n|-start|p1a: Moltres|move: Leech Seed\n|\n|-damage|p1a: Moltres|73/100|[from] Leech Seed|[of] p2a: Vileplume\n|upkeep\n|turn|9\n|\n|t:|1782450600\n|move|p1a: Moltres|Will-O-Wisp|p2a: Vileplume\n|-status|p2a: Vileplume|brn\n|move|p2a: Vileplume|Strength Sap|p1a: Moltres\n|-unboost|p1a: Moltres|atk|1\n|\n|-damage|p1a: Moltres|60/100|[from] Leech Seed|[of] p2a: Vileplume\n|-damage|p2a: Vileplume|94/100 brn|[from] brn\n|upkeep\n|turn|10\n|\n|t:|1782450609\n|move|p1a: Moltres|Roost|p1a: Moltres\n|-heal|p1a: Moltres|100/100\n|-singleturn|p1a: Moltres|move: Roost\n|move|p2a: Vileplume|Acid Spray|p1a: Moltres\n|-damage|p1a: Moltres|86/100\n|-unboost|p1a: Moltres|spd|2\n|\n|-damage|p1a: Moltres|74/100|[from] Leech Seed|[of] p2a: Vileplume\n|-heal|p2a: Vileplume|100/100 brn|[silent]\n|-damage|p2a: Vileplume|94/100 brn|[from] brn\n|upkeep\n|turn|11\n|\n|t:|1782450620\n|move|p1a: Moltres|U-turn|p2a: Vileplume\n|-damage|p2a: Vileplume|85/100 brn\n|-status|p1a: Moltres|slp|[from] ability: Effect Spore|[of] p2a: Vileplume\n|inactive|Battle timer is ON: inactive players will automatically lose when time's up. (requested by back2backbongrips)\n|\n|t:|1782450670\n|switch|p1a: Bisharp|Bisharp, F, shiny|100/100|[from] U-turn\n|move|p2a: Vileplume|Acid Spray|p1a: Bisharp\n|-immune|p1a: Bisharp\n|\n|-damage|p2a: Vileplume|79/100 brn|[from] brn\n|upkeep\n|turn|12\n|\n|t:|1782450677\n|move|p1a: Bisharp|Swords Dance|p1a: Bisharp\n|-boost|p1a: Bisharp|atk|2\n|move|p2a: Vileplume|Strength Sap|p1a: Bisharp\n|-unboost|p1a: Bisharp|atk|1\n|-ability|p1a: Bisharp|Defiant|boost\n|-boost|p1a: Bisharp|atk|2\n|-heal|p2a: Vileplume|100/100 brn\n|\n|-damage|p2a: Vileplume|94/100 brn|[from] brn\n|upkeep\n|turn|13\n|\n|t:|1782450687\n|move|p1a: Bisharp|Swords Dance|p1a: Bisharp\n|-boost|p1a: Bisharp|atk|2\n|move|p2a: Vileplume|Leech Seed|p1a: Bisharp\n|-start|p1a: Bisharp|move: Leech Seed\n|\n|-damage|p1a: Bisharp|88/100|[from] Leech Seed|[of] p2a: Vileplume\n|-heal|p2a: Vileplume|100/100 brn|[silent]\n|-damage|p2a: Vileplume|94/100 brn|[from] brn\n|upkeep\n|turn|14\n|\n|t:|1782450696\n|move|p2a: Vileplume|Protect|p2a: Vileplume\n|-singleturn|p2a: Vileplume|Protect\n|move|p1a: Bisharp|Iron Head|p2a: Vileplume\n|-activate|p2a: Vileplume|move: Protect\n|\n|-damage|p1a: Bisharp|76/100|[from] Leech Seed|[of] p2a: Vileplume\n|-heal|p2a: Vileplume|100/100 brn|[silent]\n|-damage|p2a: Vileplume|94/100 brn|[from] brn\n|upkeep\n|turn|15\n|\n|t:|1782450704\n|move|p2a: Vileplume|Protect|p2a: Vileplume\n|-singleturn|p2a: Vileplume|Protect\n|move|p1a: Bisharp|Iron Head|p2a: Vileplume\n|-activate|p2a: Vileplume|move: Protect\n|\n|-damage|p1a: Bisharp|64/100|[from] Leech Seed|[of] p2a: Vileplume\n|-heal|p2a: Vileplume|100/100 brn|[silent]\n|-damage|p2a: Vileplume|94/100 brn|[from] brn\n|upkeep\n|turn|16\n|\n|t:|1782450713\n|move|p2a: Vileplume|Protect||[still]\n|-fail|p2a: Vileplume\n|move|p1a: Bisharp|Iron Head|p2a: Vileplume\n|-crit|p2a: Vileplume\n|-damage|p2a: Vileplume|0 fnt\n|faint|p2a: Vileplume\n|\n|upkeep\n|\n|t:|1782450720\n|switch|p2a: Lokix|Lokix, F|100/100\n|-damage|p2a: Lokix|76/100|[from] Spikes\n|turn|17\n|\n|t:|1782450729\n|move|p2a: Lokix|First Impression|p1a: Bisharp\n|-damage|p1a: Bisharp|20/100\n|-damage|p2a: Lokix|66/100|[from] item: Life Orb\n|move|p1a: Bisharp|Sucker Punch||[still]\n|-fail|p1a: Bisharp\n|\n|-damage|p1a: Bisharp|7/100|[from] Leech Seed|[of] p2a: Lokix\n|-heal|p2a: Lokix|79/100|[silent]\n|upkeep\n|turn|18\n|\n|t:|1782450742\n|move|p2a: Lokix|Sucker Punch|p1a: Bisharp\n|-resisted|p1a: Bisharp\n|-damage|p1a: Bisharp|0 fnt\n|faint|p1a: Bisharp\n|-damage|p2a: Lokix|69/100|[from] item: Life Orb\n|\n|upkeep\n|\n|t:|1782450761\n|switch|p1a: Gliscor|Gliscor, F, shiny|100/100 tox\n|turn|19\n|\n|t:|1782450766\n|switch|p2a: Araquanid|Araquanid, F|100/100\n|-damage|p2a: Araquanid|76/100|[from] Spikes\n|move|p1a: Gliscor|Knock Off|p2a: Araquanid\n|-damage|p2a: Araquanid|55/100\n|-enditem|p2a: Araquanid|Chesto Berry|[from] move: Knock Off|[of] p1a: Gliscor\n|\n|upkeep\n|turn|20\n|\n|t:|1782450777\n|move|p1a: Gliscor|Toxic|p2a: Araquanid\n|-status|p2a: Araquanid|tox\n|move|p2a: Araquanid|Stockpile|p2a: Araquanid\n|-start|p2a: Araquanid|stockpile1\n|-boost|p2a: Araquanid|def|1\n|-boost|p2a: Araquanid|spd|1\n|\n|-damage|p2a: Araquanid|49/100 tox|[from] psn\n|upkeep\n|turn|21\n|\n|t:|1782450796\n|move|p1a: Gliscor|Knock Off|p2a: Araquanid\n|-damage|p2a: Araquanid|40/100 tox\n|move|p2a: Araquanid|Stockpile|p2a: Araquanid\n|-start|p2a: Araquanid|stockpile2\n|-boost|p2a: Araquanid|def|1\n|-boost|p2a: Araquanid|spd|1\n|\n|-damage|p2a: Araquanid|28/100 tox|[from] psn\n|upkeep\n|turn|22\n|\n|t:|1782450805\n|move|p1a: Gliscor|Protect|p1a: Gliscor\n|-singleturn|p1a: Gliscor|Protect\n|move|p2a: Araquanid|Rest|p2a: Araquanid\n|-status|p2a: Araquanid|slp|[from] move: Rest\n|-heal|p2a: Araquanid|100/100 slp|[silent]\n|\n|upkeep\n|turn|23\n|inactive|efvef has 120 seconds left.\n|inactive|efvef has 90 seconds left.\n|\n|t:|1782450868\n|switch|p1a: Moltres|Moltres, shiny|74/100 slp\n|cant|p2a: Araquanid|slp\n|\n|upkeep\n|turn|24\n|\n|t:|1782450877\n|cant|p1a: Moltres|slp\n|cant|p2a: Araquanid|slp\n|\n|upkeep\n|turn|25\n|\n|t:|1782450882\n|cant|p1a: Moltres|slp\n|-curestatus|p2a: Araquanid|slp|[msg]\n|move|p2a: Araquanid|Liquidation|p1a: Moltres\n|-supereffective|p1a: Moltres\n|-damage|p1a: Moltres|0 fnt\n|faint|p1a: Moltres\n|\n|upkeep\n|inactive|efvef has 90 seconds left.\n|inactive|efvef has 60 seconds left.\n|\n|t:|1782450945\n|switch|p1a: Gliscor|Gliscor, F, shiny|100/100 tox\n|turn|26\n|\n|t:|1782450971\n|-terastallize|p1a: Gliscor|Water\n|move|p1a: Gliscor|Toxic|p2a: Araquanid\n|-status|p2a: Araquanid|tox\n|move|p2a: Araquanid|Liquidation|p1a: Gliscor\n|-resisted|p1a: Gliscor\n|-damage|p1a: Gliscor|81/100 tox\n|\n|-heal|p1a: Gliscor|93/100 tox|[from] ability: Poison Heal\n|-damage|p2a: Araquanid|94/100 tox|[from] psn\n|upkeep\n|turn|27\n|inactive|efvef has 60 seconds left.\n|\n|t:|1782450985\n|switch|p1a: Alomomola|Alomomola, F, shiny|100/100\n|move|p2a: Araquanid|Leech Life|p1a: Alomomola\n|-damage|p1a: Alomomola|89/100\n|-heal|p2a: Araquanid|100/100 tox|[from] drain|[of] p1a: Alomomola\n|\n|-damage|p2a: Araquanid|88/100 tox|[from] psn\n|upkeep\n|turn|28\n|\n|t:|1782450994\n|move|p1a: Alomomola|Flip Turn|p2a: Araquanid\n|-resisted|p2a: Araquanid\n|-damage|p2a: Araquanid|84/100 tox\n|\n|t:|1782450998\n|switch|p1a: Gliscor|Gliscor, F, shiny, tera:Water|93/100 tox|[from] Flip Turn\n|move|p2a: Araquanid|Rest|p2a: Araquanid\n|-status|p2a: Araquanid|slp|[from] move: Rest\n|-heal|p2a: Araquanid|100/100 slp|[silent]\n|\n|-heal|p1a: Gliscor|100/100 tox|[from] ability: Poison Heal\n|upkeep\n|turn|29\n|\n|t:|1782451016\n|move|p1a: Gliscor|Spikes||[still]\n|-fail|p1a: Gliscor\n|cant|p2a: Araquanid|slp\n|\n|upkeep\n|turn|30\n|\n|t:|1782451022\n|move|p1a: Gliscor|Spikes||[still]\n|-fail|p1a: Gliscor\n|cant|p2a: Araquanid|slp\n|\n|upkeep\n|turn|31\n|\n|t:|1782451033\n|switch|p2a: Frosmoth|Frosmoth, M|100/100\n|-damage|p2a: Frosmoth|76/100|[from] Spikes\n|move|p1a: Gliscor|Toxic|p2a: Frosmoth\n|-status|p2a: Frosmoth|tox\n|\n|-heal|p2a: Frosmoth|82/100 tox|[from] item: Leftovers\n|-damage|p2a: Frosmoth|76/100 tox|[from] psn\n|upkeep\n|turn|32\n|\n|t:|1782451048\n|move|p1a: Gliscor|Knock Off|p2a: Frosmoth\n|-damage|p2a: Frosmoth|36/100 tox\n|-enditem|p2a: Frosmoth|Leftovers|[from] move: Knock Off|[of] p1a: Gliscor\n|move|p2a: Frosmoth|Quiver Dance|p2a: Frosmoth\n|-boost|p2a: Frosmoth|spa|1\n|-boost|p2a: Frosmoth|spd|1\n|-boost|p2a: Frosmoth|spe|1\n|\n|-damage|p2a: Frosmoth|24/100 tox|[from] psn\n|upkeep\n|turn|33\n|\n|t:|1782451057\n|move|p1a: Gliscor|Protect|p1a: Gliscor\n|-singleturn|p1a: Gliscor|Protect\n|move|p2a: Frosmoth|Giga Drain|p1a: Gliscor\n|-activate|p1a: Gliscor|move: Protect\n|\n|-damage|p2a: Frosmoth|6/100 tox|[from] psn\n|upkeep\n|turn|34\n|\n|t:|1782451066\n|switch|p1a: Kingambit|Kingambit, M, shiny|100/100\n|-activate|p1a: Kingambit|ability: Supreme Overlord\n|-start|p1a: Kingambit|fallen2|[silent]\n|move|p2a: Frosmoth|Giga Drain|p1a: Kingambit\n|-resisted|p1a: Kingambit\n|-damage|p1a: Kingambit|83/100\n|-heal|p2a: Frosmoth|16/100 tox|[from] drain|[of] p1a: Kingambit\n|\n|-heal|p1a: Kingambit|89/100|[from] item: Leftovers\n|-damage|p2a: Frosmoth|0 fnt|[from] psn\n|faint|p2a: Frosmoth\n|upkeep\n|l|☆back2backbongrips\n|inactive|back2backbongrips disconnected and has a minute to reconnect!\n|player|p2|\n|inactive|back2backbongrips has 30 seconds to reconnect!\n|inactive|back2backbongrips has 20 seconds to reconnect!\n|inactive|back2backbongrips has 15 seconds to reconnect!\n|inactive|back2backbongrips has 10 seconds to reconnect!\n|inactive|back2backbongrips has 5 seconds to reconnect!\n|-message|back2backbongrips lost due to inactivity.\n|\n|win|efvef\n|raw|efvef's rating: 1107 &rarr; <strong>1132</strong><br />(+25 for winning)\n|raw|back2backbongrips's rating: 1109 &rarr; <strong>1084</strong><br />(-25 for losing)\n", "uploadtime": 1782451525, "views": 4, "formatid": "gen9ou", "rating": 1084, "private": 0, "password": null}