{"id": "gen9ou-2639306974", "format": "[Gen 9] OU", "players": ["LowEL0God", "tasty sardine 408"], "log": "|j|☆LowEL0God\n|j|‽tasty sardine 408\n|t:|1782449914\n|gametype|singles\n|player|p1|LowEL0God|2|1602\n|player|p2|tasty sardine 408|harlequin|1617\n|gen|9\n|tier|[Gen 9] OU\n|rated|\n|rule|HP Percentage Mod: HP is shown in percentages\n|rule|Endless Battle Clause: Forcing endless battles is banned\n|rule|Species Clause: Limit one of each Pokémon\n|rule|OHKO Clause: OHKO moves are banned\n|rule|Evasion Items Clause: Evasion items are banned\n|rule|Evasion Moves Clause: Evasion moves are banned\n|rule|Evasion Abilities Clause: Evasion abilities are banned\n|rule|Sleep Moves Clause: Sleep-inducing moves are banned\n|clearpoke\n|poke|p1|Pelipper, F|\n|poke|p1|Torkoal, F|\n|poke|p1|Walking Wake|\n|poke|p1|Tyranitar, F|\n|poke|p1|Excadrill, F|\n|poke|p1|Ogerpon-Wellspring, F|\n|poke|p2|Umbreon, M|\n|poke|p2|Serperior, M|\n|poke|p2|Cresselia, F|\n|poke|p2|Revavroom, F|\n|poke|p2|Skeledirge, F|\n|poke|p2|Manaphy|\n|teampreview\n|inactive|Battle timer is ON: inactive players will automatically lose when time's up. (requested by LowEL0God)\n|\n|t:|1782449929\n|teamsize|p1|6\n|teamsize|p2|6\n|start\n|switch|p1a: No Lando Plz|Tyranitar, F, shiny|100/100\n|switch|p2a: Serperior|Serperior, M, shiny|100/100\n|-weather|Sandstorm|[from] ability: Sand Stream|[of] p1a: No Lando Plz\n|turn|1\n|\n|t:|1782449951\n|move|p2a: Serperior|Leaf Storm|p1a: No Lando Plz\n|-supereffective|p1a: No Lando Plz\n|-damage|p1a: No Lando Plz|72/100\n|-boost|p2a: Serperior|spa|2\n|move|p1a: No Lando Plz|Stone Edge|p2a: Serperior|[miss]\n|-miss|p1a: No Lando Plz|p2a: Serperior\n|\n|-weather|Sandstorm|[upkeep]\n|-damage|p2a: Serperior|94/100|[from] Sandstorm\n|-heal|p2a: Serperior|100/100|[from] item: Leftovers\n|upkeep\n|turn|2\n|\n|t:|1782449955\n|move|p2a: Serperior|Leaf Storm|p1a: No Lando Plz\n|-supereffective|p1a: No Lando Plz\n|-damage|p1a: No Lando Plz|11/100\n|-boost|p2a: Serperior|spa|2\n|move|p1a: No Lando Plz|Ice Beam|p2a: Serperior\n|-supereffective|p2a: Serperior\n|-damage|p2a: Serperior|59/100\n|-status|p2a: Serperior|frz\n|\n|-weather|Sandstorm|[upkeep]\n|-damage|p2a: Serperior|52/100 frz|[from] Sandstorm\n|-heal|p2a: Serperior|59/100 frz|[from] item: Leftovers\n|upkeep\n|turn|3\n|\n|t:|1782449962\n|switch|p1a: No Hazards for You|Excadrill, F, shiny|100/100\n|cant|p2a: Serperior|frz\n|\n|-weather|Sandstorm|[upkeep]\n|-damage|p2a: Serperior|52/100 frz|[from] Sandstorm\n|-heal|p2a: Serperior|59/100 frz|[from] item: Leftovers\n|upkeep\n|turn|4\n|\n|t:|1782449964\n|move|p1a: No Hazards for You|Iron Head|p2a: Serperior\n|-crit|p2a: Serperior\n|-damage|p2a: Serperior|0 fnt\n|faint|p2a: Serperior\n|\n|-weather|Sandstorm|[upkeep]\n|upkeep\n|\n|t:|1782449967\n|switch|p2a: Umbreon|Umbreon, M, shiny|100/100\n|turn|5\n|\n|t:|1782449968\n|move|p1a: No Hazards for You|Iron Head|p2a: Umbreon\n|-damage|p2a: Umbreon|55/100\n|move|p2a: Umbreon|Foul Play|p1a: No Hazards for You\n|-damage|p1a: No Hazards for You|22/100\n|\n|-weather|none\n|-heal|p2a: Umbreon|61/100|[from] item: Leftovers\n|upkeep\n|turn|6\n|\n|t:|1782449972\n|move|p1a: No Hazards for You|Iron Head|p2a: Umbreon\n|-damage|p2a: Umbreon|16/100\n|move|p2a: Umbreon|Foul Play|p1a: No Hazards for You\n|-damage|p1a: No Hazards for You|0 fnt\n|faint|p1a: No Hazards for You\n|\n|-heal|p2a: Umbreon|22/100|[from] item: Leftovers\n|upkeep\n|\n|t:|1782449973\n|switch|p1a: Hurricane Spam|Pelipper, F, shiny|100/100\n|-weather|RainDance|[from] ability: Drizzle|[of] p1a: Hurricane Spam\n|turn|7\n|\n|t:|1782449975\n|move|p2a: Umbreon|Toxic|p1a: Hurricane Spam\n|-status|p1a: Hurricane Spam|tox\n|move|p1a: Hurricane Spam|Weather Ball|p2a: Umbreon\n|-damage|p2a: Umbreon|0 fnt\n|faint|p2a: Umbreon\n|\n|-weather|RainDance|[upkeep]\n|-damage|p1a: Hurricane Spam|94/100 tox|[from] psn\n|upkeep\n|\n|t:|1782449981\n|switch|p2a: Revavroom|Revavroom, F, shiny|100/100\n|-item|p2a: Revavroom|Air Balloon\n|turn|8\n|\n|t:|1782449982\n|move|p2a: Revavroom|Shift Gear|p2a: Revavroom\n|-boost|p2a: Revavroom|spe|2\n|-boost|p2a: Revavroom|atk|1\n|move|p1a: Hurricane Spam|Weather Ball|p2a: Revavroom\n|-damage|p2a: Revavroom|0 fnt\n|-enditem|p2a: Revavroom|Air Balloon\n|faint|p2a: Revavroom\n|\n|-weather|RainDance|[upkeep]\n|-damage|p1a: Hurricane Spam|82/100 tox|[from] psn\n|upkeep\n|\n|t:|1782449989\n|switch|p2a: Manaphy|Manaphy, shiny|100/100\n|turn|9\n|\n|t:|1782449991\n|switch|p1a: Ogerpon|Ogerpon-Wellspring, F|100/100\n|move|p2a: Manaphy|Acid Armor|p2a: Manaphy\n|-boost|p2a: Manaphy|def|2\n|\n|-weather|RainDance|[upkeep]\n|upkeep\n|turn|10\n|\n|t:|1782449997\n|move|p1a: Ogerpon|Swords Dance|p1a: Ogerpon\n|-boost|p1a: Ogerpon|atk|2\n|move|p2a: Manaphy|Acid Armor|p2a: Manaphy\n|-boost|p2a: Manaphy|def|2\n|\n|-weather|RainDance|[upkeep]\n|upkeep\n|turn|11\n|\n|t:|1782449999\n|move|p1a: Ogerpon|Horn Leech|p2a: Manaphy\n|-supereffective|p2a: Manaphy\n|-damage|p2a: Manaphy|54/100\n|move|p2a: Manaphy|Take Heart|p2a: Manaphy\n|-boost|p2a: Manaphy|spa|1\n|-boost|p2a: Manaphy|spd|1\n|\n|-weather|none\n|-heal|p2a: Manaphy|61/100|[from] item: Leftovers\n|upkeep\n|turn|12\n|\n|t:|1782450002\n|-terastallize|p2a: Manaphy|Dragon\n|move|p1a: Ogerpon|Horn Leech|p2a: Manaphy\n|-resisted|p2a: Manaphy\n|-damage|p2a: Manaphy|48/100\n|move|p2a: Manaphy|Take Heart|p2a: Manaphy\n|-boost|p2a: Manaphy|spa|1\n|-boost|p2a: Manaphy|spd|1\n|\n|-heal|p2a: Manaphy|54/100|[from] item: Leftovers\n|upkeep\n|turn|13\n|\n|t:|1782450005\n|-terastallize|p1a: Ogerpon|Water\n|detailschange|p1a: Ogerpon|Ogerpon-Wellspring-Tera, F, tera:Water\n|-ability|p1a: Ogerpon|Embody Aspect (Wellspring)|boost\n|-boost|p1a: Ogerpon|spd|1\n|move|p1a: Ogerpon|Play Rough|p2a: Manaphy\n|-supereffective|p2a: Manaphy\n|-damage|p2a: Manaphy|18/100\n|move|p2a: Manaphy|Stored Power|p1a: Ogerpon\n|-damage|p1a: Ogerpon|39/100\n|\n|-heal|p2a: Manaphy|24/100|[from] item: Leftovers\n|upkeep\n|turn|14\n|\n|t:|1782450011\n|move|p1a: Ogerpon|Play Rough|p2a: Manaphy|[miss]\n|-miss|p1a: Ogerpon|p2a: Manaphy\n|move|p2a: Manaphy|Stored Power|p1a: Ogerpon\n|-damage|p1a: Ogerpon|0 fnt\n|faint|p1a: Ogerpon\n|detailschange|p1: Ogerpon|Ogerpon-Wellspring, F|[silent]\n|\n|-heal|p2a: Manaphy|30/100|[from] item: Leftovers\n|upkeep\n|\n|t:|1782450011\n|switch|p1a: Walking Wake|Walking Wake|100/100\n|turn|15\n|\n|t:|1782450013\n|move|p1a: Walking Wake|Dragon Pulse|p2a: Manaphy\n|-supereffective|p2a: Manaphy\n|-damage|p2a: Manaphy|0 fnt\n|faint|p2a: Manaphy\n|\n|upkeep\n|\n|t:|1782450016\n|switch|p2a: Cresselia|Cresselia, F, shiny|100/100\n|turn|16\n|\n|t:|1782450017\n|-end|p1a: Walking Wake|Protosynthesis|[silent]\n|switch|p1a: No Lando Plz|Tyranitar, F, shiny|11/100\n|-weather|Sandstorm|[from] ability: Sand Stream|[of] p1a: No Lando Plz\n|move|p2a: Cresselia|Calm Mind|p2a: Cresselia\n|-boost|p2a: Cresselia|spa|1\n|-boost|p2a: Cresselia|spd|1\n|\n|-weather|Sandstorm|[upkeep]\n|-damage|p2a: Cresselia|94/100|[from] Sandstorm\n|-heal|p2a: Cresselia|100/100|[from] item: Leftovers\n|upkeep\n|turn|17\n|\n|t:|1782450019\n|switch|p1a: Torkoal|Torkoal, F|100/100\n|-weather|SunnyDay|[from] ability: Drought|[of] p1a: Torkoal\n|move|p2a: Cresselia|Moonblast|p1a: Torkoal\n|-resisted|p1a: Torkoal\n|-damage|p1a: Torkoal|83/100\n|-unboost|p1a: Torkoal|spa|1\n|\n|-weather|SunnyDay|[upkeep]\n|upkeep\n|turn|18\n|\n|t:|1782450021\n|move|p2a: Cresselia|Calm Mind|p2a: Cresselia\n|-boost|p2a: Cresselia|spa|1\n|-boost|p2a: Cresselia|spd|1\n|move|p1a: Torkoal|Lava Plume|p2a: Cresselia\n|-damage|p2a: Cresselia|93/100\n|\n|-weather|SunnyDay|[upkeep]\n|-heal|p2a: Cresselia|99/100|[from] item: Leftovers\n|upkeep\n|turn|19\n|\n|t:|1782450024\n|switch|p1a: No Lando Plz|Tyranitar, F, shiny|11/100\n|-weather|Sandstorm|[from] ability: Sand Stream|[of] p1a: No Lando Plz\n|move|p2a: Cresselia|Calm Mind|p2a: Cresselia\n|-boost|p2a: Cresselia|spa|1\n|-boost|p2a: Cresselia|spd|1\n|\n|-weather|Sandstorm|[upkeep]\n|-damage|p2a: Cresselia|93/100|[from] Sandstorm\n|-heal|p2a: Cresselia|99/100|[from] item: Leftovers\n|upkeep\n|turn|20\n|\n|t:|1782450025\n|switch|p1a: Torkoal|Torkoal, F|83/100\n|-weather|SunnyDay|[from] ability: Drought|[of] p1a: Torkoal\n|move|p2a: Cresselia|Moonblast|p1a: Torkoal\n|-resisted|p1a: Torkoal\n|-damage|p1a: Torkoal|56/100\n|\n|-weather|SunnyDay|[upkeep]\n|-heal|p2a: Cresselia|100/100|[from] item: Leftovers\n|upkeep\n|turn|21\n|\n|t:|1782450030\n|switch|p1a: No Lando Plz|Tyranitar, F, shiny|11/100\n|-weather|Sandstorm|[from] ability: Sand Stream|[of] p1a: No Lando Plz\n|move|p2a: Cresselia|Moonblast|p1a: No Lando Plz\n|-supereffective|p1a: No Lando Plz\n|-damage|p1a: No Lando Plz|0 fnt\n|faint|p1a: No Lando Plz\n|\n|-weather|Sandstorm|[upkeep]\n|-damage|p2a: Cresselia|94/100|[from] Sandstorm\n|-heal|p2a: Cresselia|100/100|[from] item: Leftovers\n|upkeep\n|\n|t:|1782450031\n|switch|p1a: Walking Wake|Walking Wake|100/100\n|turn|22\n|\n|t:|1782450033\n|move|p1a: Walking Wake|Draco Meteor|p2a: Cresselia\n|-damage|p2a: Cresselia|74/100\n|-unboost|p1a: Walking Wake|spa|2\n|move|p2a: Cresselia|Stored Power|p1a: Walking Wake\n|-damage|p1a: Walking Wake|0 fnt\n|faint|p1a: Walking Wake\n|-end|p1a: Walking Wake|Protosynthesis|[silent]\n|\n|-weather|Sandstorm|[upkeep]\n|-damage|p2a: Cresselia|68/100|[from] Sandstorm\n|-heal|p2a: Cresselia|74/100|[from] item: Leftovers\n|upkeep\n|\n|t:|1782450034\n|switch|p1a: Torkoal|Torkoal, F|56/100\n|-weather|SunnyDay|[from] ability: Drought|[of] p1a: Torkoal\n|turn|23\n|\n|t:|1782450036\n|switch|p1a: Hurricane Spam|Pelipper, F, shiny|82/100 tox\n|-weather|RainDance|[from] ability: Drizzle|[of] p1a: Hurricane Spam\n|move|p2a: Cresselia|Stored Power|p1a: Hurricane Spam\n|-damage|p1a: Hurricane Spam|0 fnt\n|faint|p1a: Hurricane Spam\n|\n|-weather|RainDance|[upkeep]\n|-heal|p2a: Cresselia|80/100|[from] item: Leftovers\n|upkeep\n|\n|t:|1782450037\n|switch|p1a: Torkoal|Torkoal, F|56/100\n|-weather|SunnyDay|[from] ability: Drought|[of] p1a: Torkoal\n|turn|24\n|\n|t:|1782450038\n|move|p2a: Cresselia|Stored Power|p1a: Torkoal\n|-damage|p1a: Torkoal|0 fnt\n|faint|p1a: Torkoal\n|\n|win|tasty sardine 408\n|raw|LowEL0God's rating: 1602 &rarr; <strong>1583</strong><br />(-19 for losing)\n|raw|tasty sardine 408's rating: 1617 &rarr; <strong>1636</strong><br />(+19 for winning)\n|l|‽tasty sardine 408\n|player|p2|\n|l|☆LowEL0God\n|player|p1|\n", "uploadtime": 1782450182, "views": 5, "formatid": "gen9ou", "rating": 1583, "private": 0, "password": null}