{"id": "gen9ou-2647733818", "format": "[Gen 9] OU", "players": ["supersquidthingy", "Oddsin"], "log": "|j|☆supersquidthingy\n|j|☆Oddsin\n|t:|1783803503\n|gametype|singles\n|player|p1|supersquidthingy|1|1281\n|player|p2|Oddsin|gambler|1281\n|gen|9\n|tier|[Gen 9] OU\n|rated|\n|rule|HP Percentage Mod: HP is shown in percentages\n|rule|Endless Battle Clause: Forcing endless battles is banned\n|rule|Species Clause: Limit one of each Pokémon\n|rule|OHKO Clause: OHKO moves are banned\n|rule|Evasion Items Clause: Evasion items are banned\n|rule|Evasion Moves Clause: Evasion moves are banned\n|rule|Evasion Abilities Clause: Evasion abilities are banned\n|rule|Sleep Moves Clause: Sleep-inducing moves are banned\n|clearpoke\n|poke|p1|Dragapult, M|\n|poke|p1|Great Tusk|\n|poke|p1|Iron Valiant|\n|poke|p1|Slowking-Galar, F|\n|poke|p1|Darkrai|\n|poke|p1|Moltres|\n|poke|p2|Tatsugiri-Stretchy, M|\n|poke|p2|Landorus-Therian, M|\n|poke|p2|Lokix, M|\n|poke|p2|Kingambit, F|\n|poke|p2|Enamorus, F|\n|poke|p2|Skeledirge, M|\n|teampreview\n|inactive|Battle timer is ON: inactive players will automatically lose when time's up. (requested by supersquidthingy)\n|\n|t:|1783803562\n|teamsize|p1|6\n|teamsize|p2|6\n|start\n|switch|p1a: Great Tusk|Great Tusk|100/100\n|switch|p2a: Landorus|Landorus-Therian, M|100/100\n|-ability|p2a: Landorus|Intimidate|boost\n|-unboost|p1a: Great Tusk|atk|1\n|turn|1\n|\n|t:|1783803566\n|move|p2a: Landorus|Stealth Rock|p1a: Great Tusk\n|-sidestart|p1: supersquidthingy|move: Stealth Rock\n|move|p1a: Great Tusk|Ice Spinner|p2a: Landorus\n|-supereffective|p2a: Landorus\n|-damage|p2a: Landorus|14/100\n|\n|upkeep\n|turn|2\n|\n|t:|1783803571\n|move|p2a: Landorus|U-turn|p1a: Great Tusk\n|-resisted|p1a: Great Tusk\n|-damage|p1a: Great Tusk|88/100\n|-damage|p2a: Landorus|4/100|[from] item: Life Orb\n|\n|t:|1783803579\n|switch|p2a: Tatsugiri|Tatsugiri-Stretchy, M|100/100|[from] U-turn\n|move|p1a: Great Tusk|Rapid Spin|p2a: Tatsugiri\n|-damage|p2a: Tatsugiri|83/100\n|-boost|p1a: Great Tusk|spe|1\n|-sideend|p1: supersquidthingy|Stealth Rock|[from] move: Rapid Spin|[of] p1a: Great Tusk\n|\n|upkeep\n|turn|3\n|\n|t:|1783803591\n|-end|p1a: Great Tusk|Protosynthesis|[silent]\n|switch|p1a: Slowking|Slowking-Galar, F|100/100\n|move|p2a: Tatsugiri|Surf|p1a: Slowking\n|-crit|p1a: Slowking\n|-damage|p1a: Slowking|64/100\n|\n|upkeep\n|turn|4\n|\n|t:|1783803597\n|move|p2a: Tatsugiri|Hydro Pump|p1a: Slowking\n|-damage|p1a: Slowking|32/100\n|move|p1a: Slowking|Ice Beam|p2a: Tatsugiri\n|-damage|p2a: Tatsugiri|63/100\n|\n|upkeep\n|turn|5\n|\n|t:|1783803615\n|switch|p2a: Skeledirge|Skeledirge, M|100/100\n|switch|p1a: Iron Valiant|Iron Valiant|100/100\n|\n|upkeep\n|turn|6\n|inactive|Oddsin has 120 seconds left.\n|inactive|supersquidthingy has 120 seconds left.\n|\n|t:|1783803655\n|move|p1a: Iron Valiant|Shadow Ball|p2a: Skeledirge\n|-supereffective|p2a: Skeledirge\n|-damage|p2a: Skeledirge|29/100\n|-enditem|p2a: Skeledirge|Red Card|[of] p1a: Iron Valiant\n|-end|p1a: Iron Valiant|Quark Drive|[silent]\n|drag|p1a: Darkrai|Darkrai|100/100\n|move|p2a: Skeledirge|Torch Song|p1a: Darkrai\n|-damage|p1a: Darkrai|48/100\n|-boost|p2a: Skeledirge|spa|1\n|\n|upkeep\n|turn|7\n|inactive|supersquidthingy has 120 seconds left.\n|\n|t:|1783803664\n|-terastallize|p2a: Skeledirge|Fairy\n|move|p1a: Darkrai|Dark Pulse|p2a: Skeledirge\n|-resisted|p2a: Skeledirge\n|-damage|p2a: Skeledirge|5/100\n|-damage|p1a: Darkrai|38/100|[from] item: Life Orb\n|move|p2a: Skeledirge|Slack Off|p2a: Skeledirge\n|-heal|p2a: Skeledirge|55/100\n|\n|upkeep\n|turn|8\n|\n|t:|1783803671\n|-terastallize|p1a: Darkrai|Poison\n|move|p1a: Darkrai|Sludge Bomb|p2a: Skeledirge\n|-supereffective|p2a: Skeledirge\n|-damage|p2a: Skeledirge|0 fnt\n|faint|p2a: Skeledirge\n|-damage|p1a: Darkrai|29/100|[from] item: Life Orb\n|\n|upkeep\n|inactive|Oddsin has 120 seconds left.\n|\n|t:|1783803697\n|switch|p2a: Enamorus|Enamorus, F|100/100\n|turn|9\n|inactive|supersquidthingy has 120 seconds left.\n|\n|t:|1783803725\n|switch|p1a: Moltres|Moltres|100/100\n|move|p2a: Enamorus|Mystical Fire|p1a: Moltres\n|-resisted|p1a: Moltres\n|-damage|p1a: Moltres|85/100\n|-unboost|p1a: Moltres|spa|1\n|\n|upkeep\n|turn|10\n|inactive|supersquidthingy has 120 seconds left.\n|inactive|Oddsin has 120 seconds left.\n|\n|t:|1783803763\n|switch|p2a: Landorus|Landorus-Therian, M|4/100\n|-ability|p2a: Landorus|Intimidate|boost\n|-unboost|p1a: Moltres|atk|1\n|move|p1a: Moltres|Will-O-Wisp|p2a: Landorus\n|-status|p2a: Landorus|brn\n|\n|-damage|p2a: Landorus|0 fnt|[from] brn\n|faint|p2a: Landorus\n|upkeep\n|\n|t:|1783803773\n|switch|p2a: Tatsugiri|Tatsugiri-Stretchy, M|63/100\n|turn|11\n|inactive|supersquidthingy has 120 seconds left.\n|\n|t:|1783803786\n|switch|p1a: Dragapult|Dragapult, M|100/100\n|move|p2a: Tatsugiri|Surf|p1a: Dragapult\n|-resisted|p1a: Dragapult\n|-damage|p1a: Dragapult|66/100\n|\n|upkeep\n|turn|12\n|inactive|supersquidthingy has 120 seconds left.\n|\n|t:|1783803796\n|switch|p2a: Enamorus|Enamorus, F|100/100\n|move|p1a: Dragapult|U-turn|p2a: Enamorus\n|-resisted|p2a: Enamorus\n|-damage|p2a: Enamorus|90/100\n|-damage|p1a: Dragapult|56/100|[from] item: Life Orb\n|\n|t:|1783803799\n|switch|p1a: Moltres|Moltres|85/100|[from] U-turn\n|\n|upkeep\n|turn|13\n|\n|t:|1783803808\n|move|p2a: Enamorus|Moonblast|p1a: Moltres\n|-resisted|p1a: Moltres\n|-damage|p1a: Moltres|56/100\n|-unboost|p1a: Moltres|spa|1\n|move|p1a: Moltres|U-turn|p2a: Enamorus\n|-resisted|p2a: Enamorus\n|-damage|p2a: Enamorus|84/100\n|\n|t:|1783803816\n|switch|p1a: Slowking|Slowking-Galar, F|65/100|[from] U-turn\n|\n|upkeep\n|turn|14\n|\n|t:|1783803829\n|switch|p2a: Kingambit|Kingambit, F|100/100\n|-activate|p2a: Kingambit|ability: Supreme Overlord\n|-start|p2a: Kingambit|fallen2|[silent]\n|move|p1a: Slowking|Flamethrower|p2a: Kingambit\n|-supereffective|p2a: Kingambit\n|-damage|p2a: Kingambit|45/100\n|\n|upkeep\n|turn|15\n|inactive|supersquidthingy has 120 seconds left.\n|\n|t:|1783803856\n|switch|p1a: Moltres|Moltres|56/100\n|move|p2a: Kingambit|Kowtow Cleave|p1a: Moltres\n|-damage|p1a: Moltres|17/100\n|\n|upkeep\n|turn|16\n|\n|t:|1783803865\n|move|p1a: Moltres|Flamethrower|p2a: Kingambit\n|-supereffective|p2a: Kingambit\n|-damage|p2a: Kingambit|0 fnt\n|faint|p2a: Kingambit\n|-end|p2a: Kingambit|fallen2|[silent]\n|\n|upkeep\n|\n|t:|1783803877\n|switch|p2a: Enamorus|Enamorus, F|84/100\n|turn|17\n|\n|t:|1783803887\n|move|p2a: Enamorus|Moonblast|p1a: Moltres\n|-resisted|p1a: Moltres\n|-damage|p1a: Moltres|0 fnt\n|faint|p1a: Moltres\n|\n|upkeep\n|\n|t:|1783803895\n|switch|p1a: Slowking|Slowking-Galar, F|99/100\n|turn|18\n|\n|t:|1783803916\n|switch|p2a: Tatsugiri|Tatsugiri-Stretchy, M|63/100\n|move|p1a: Slowking|Sludge Bomb|p2a: Tatsugiri\n|-damage|p2a: Tatsugiri|34/100\n|-status|p2a: Tatsugiri|psn\n|\n|-damage|p2a: Tatsugiri|21/100 psn|[from] psn\n|upkeep\n|turn|19\n|\n|t:|1783803925\n|move|p2a: Tatsugiri|Draco Meteor|p1a: Slowking\n|-damage|p1a: Slowking|66/100\n|-unboost|p2a: Tatsugiri|spa|2\n|move|p1a: Slowking|Ice Beam|p2a: Tatsugiri\n|-damage|p2a: Tatsugiri|3/100 psn\n|\n|-damage|p2a: Tatsugiri|0 fnt|[from] psn\n|faint|p2a: Tatsugiri\n|upkeep\n|\n|t:|1783803940\n|switch|p2a: Lokix|Lokix, M|100/100\n|turn|20\n|inactive|supersquidthingy has 120 seconds left.\n|\n|t:|1783803983\n|move|p2a: Lokix|Knock Off|p1a: Slowking\n|-supereffective|p1a: Slowking\n|-damage|p1a: Slowking|0 fnt\n|-enditem|p1a: Slowking|Assault Vest|[from] move: Knock Off|[of] p2a: Lokix\n|faint|p1a: Slowking\n|\n|upkeep\n|\n|t:|1783803988\n|switch|p1a: Iron Valiant|Iron Valiant|100/100\n|turn|21\n|\n|t:|1783803993\n|move|p1a: Iron Valiant|Thunderbolt|p2a: Lokix\n|-damage|p2a: Lokix|9/100\n|move|p2a: Lokix|Knock Off|p1a: Iron Valiant\n|-resisted|p1a: Iron Valiant\n|-damage|p1a: Iron Valiant|53/100\n|-enditem|p1a: Iron Valiant|Choice Specs|[from] move: Knock Off|[of] p2a: Lokix\n|\n|upkeep\n|turn|22\n|\n|t:|1783803995\n|move|p1a: Iron Valiant|Thunderbolt|p2a: Lokix\n|-damage|p2a: Lokix|0 fnt\n|faint|p2a: Lokix\n|\n|upkeep\n|\n|t:|1783803997\n|switch|p2a: Enamorus|Enamorus, F|84/100\n|turn|23\n|inactive|supersquidthingy has 120 seconds left.\n|\n|t:|1783804033\n|move|p2a: Enamorus|Moonblast|p1a: Iron Valiant\n|-supereffective|p1a: Iron Valiant\n|-damage|p1a: Iron Valiant|0 fnt\n|faint|p1a: Iron Valiant\n|-end|p1a: Iron Valiant|Quark Drive|[silent]\n|\n|upkeep\n|\n|t:|1783804035\n|switch|p1a: Dragapult|Dragapult, M|56/100\n|turn|24\n|\n|t:|1783804038\n|move|p1a: Dragapult|U-turn|p2a: Enamorus\n|-resisted|p2a: Enamorus\n|-damage|p2a: Enamorus|73/100\n|-damage|p1a: Dragapult|46/100|[from] item: Life Orb\n|\n|t:|1783804043\n|switch|p1a: Darkrai|Darkrai, tera:Poison|29/100|[from] U-turn\n|move|p2a: Enamorus|Moonblast|p1a: Darkrai\n|-resisted|p1a: Darkrai\n|-damage|p1a: Darkrai|0 fnt\n|faint|p1a: Darkrai\n|\n|upkeep\n|\n|t:|1783804050\n|switch|p1a: Great Tusk|Great Tusk|88/100\n|turn|25\n|\n|t:|1783804052\n|move|p2a: Enamorus|Moonblast|p1a: Great Tusk\n|-supereffective|p1a: Great Tusk\n|-damage|p1a: Great Tusk|0 fnt\n|faint|p1a: Great Tusk\n|-end|p1a: Great Tusk|Protosynthesis|[silent]\n|\n|upkeep\n|\n|t:|1783804053\n|switch|p1a: Dragapult|Dragapult, M|46/100\n|turn|26\n|\n|t:|1783804055\n|move|p1a: Dragapult|Shadow Ball|p2a: Enamorus\n|-damage|p2a: Enamorus|10/100\n|-damage|p1a: Dragapult|36/100|[from] item: Life Orb\n|move|p2a: Enamorus|Moonblast|p1a: Dragapult\n|-supereffective|p1a: Dragapult\n|-damage|p1a: Dragapult|0 fnt\n|faint|p1a: Dragapult\n|\n|win|Oddsin\n|raw|supersquidthingy's rating: 1281 &rarr; <strong>1256</strong><br />(-25 for losing)\n|raw|Oddsin's rating: 1281 &rarr; <strong>1306</strong><br />(+25 for winning)\n|l|☆supersquidthingy\n|player|p1|\n", "uploadtime": 1783804074, "views": 7, "formatid": "gen9ou", "rating": 1256, "private": 0, "password": null}