{"id": "gen9ou-2647762818", "format": "[Gen 9] OU", "players": ["gengar6969", "Lethroatt555"], "log": "|j|☆gengar6969\n|j|☆Lethroatt555\n|t:|1783808270\n|gametype|singles\n|player|p1|gengar6969|169|1276\n|player|p2|Lethroatt555|266|1334\n|gen|9\n|tier|[Gen 9] OU\n|rated|\n|rule|HP Percentage Mod: HP is shown in percentages\n|rule|Endless Battle Clause: Forcing endless battles is banned\n|rule|Species Clause: Limit one of each Pokémon\n|rule|OHKO Clause: OHKO moves are banned\n|rule|Evasion Items Clause: Evasion items are banned\n|rule|Evasion Moves Clause: Evasion moves are banned\n|rule|Evasion Abilities Clause: Evasion abilities are banned\n|rule|Sleep Moves Clause: Sleep-inducing moves are banned\n|clearpoke\n|poke|p1|Landorus-Therian, M|\n|poke|p1|Ceruledge, F|\n|poke|p1|Enamorus, F|\n|poke|p1|Polteageist|\n|poke|p1|Iron Treads|\n|poke|p1|Corviknight, M|\n|poke|p2|Enamorus, F|\n|poke|p2|Dragapult, M|\n|poke|p2|Deoxys-Speed|\n|poke|p2|Garchomp, M|\n|poke|p2|Zamazenta-*|\n|poke|p2|Iron Valiant|\n|teampreview\n|inactive|Battle timer is ON: inactive players will automatically lose when time's up. (requested by Lethroatt555)\n|\n|t:|1783808279\n|teamsize|p1|6\n|teamsize|p2|6\n|start\n|switch|p1a: Enamorus|Enamorus, F|100/100\n|switch|p2a: Deoxys|Deoxys-Speed|100/100\n|-ability|p2a: Deoxys|Pressure\n|turn|1\n|\n|t:|1783808286\n|move|p2a: Deoxys|Stealth Rock|p1a: Enamorus\n|-sidestart|p1: gengar6969|move: Stealth Rock\n|move|p1a: Enamorus|Moonblast|p2a: Deoxys\n|-enditem|p2a: Deoxys|Focus Sash\n|-damage|p2a: Deoxys|1/100\n|-unboost|p2a: Deoxys|spa|1\n|\n|upkeep\n|turn|2\n|\n|t:|1783808291\n|move|p2a: Deoxys|Knock Off|p1a: Enamorus\n|-resisted|p1a: Enamorus\n|-damage|p1a: Enamorus|83/100\n|-enditem|p1a: Enamorus|Choice Specs|[from] move: Knock Off|[of] p2a: Deoxys\n|move|p1a: Enamorus|Moonblast|p2a: Deoxys\n|-damage|p2a: Deoxys|0 fnt\n|faint|p2a: Deoxys\n|\n|upkeep\n|\n|t:|1783808310\n|switch|p2a: Enamorus|Enamorus, F|100/100\n|turn|3\n|\n|t:|1783808319\n|-terastallize|p1a: Enamorus|Flying\n|move|p2a: Enamorus|Play Rough|p1a: Enamorus\n|-damage|p1a: Enamorus|13/100\n|move|p1a: Enamorus|Sludge Bomb|p2a: Enamorus\n|-supereffective|p2a: Enamorus\n|-damage|p2a: Enamorus|10/100\n|\n|upkeep\n|turn|4\n|\n|t:|1783808327\n|move|p2a: Enamorus|Play Rough|p1a: Enamorus\n|-damage|p1a: Enamorus|0 fnt\n|faint|p1a: Enamorus\n|\n|upkeep\n|\n|t:|1783808330\n|switch|p1a: Iron Treads|Iron Treads, shiny|100/100\n|-damage|p1a: Iron Treads|97/100|[from] Stealth Rock\n|turn|5\n|\n|t:|1783808339\n|switch|p2a: Zamazenta|Zamazenta, shiny|100/100\n|-ability|p2a: Zamazenta|Dauntless Shield|boost\n|-boost|p2a: Zamazenta|def|1\n|move|p1a: Iron Treads|Ice Spinner|p2a: Zamazenta\n|-damage|p2a: Zamazenta|89/100\n|\n|-heal|p1a: Iron Treads|100/100|[from] item: Leftovers\n|upkeep\n|turn|6\n|\n|t:|1783808346\n|move|p2a: Zamazenta|Iron Defense|p2a: Zamazenta\n|-boost|p2a: Zamazenta|def|2\n|move|p1a: Iron Treads|Rapid Spin|p2a: Zamazenta\n|-damage|p2a: Zamazenta|84/100\n|-boost|p1a: Iron Treads|spe|1\n|-sideend|p1: gengar6969|Stealth Rock|[from] move: Rapid Spin|[of] p1a: Iron Treads\n|\n|upkeep\n|turn|7\n|\n|t:|1783808359\n|move|p1a: Iron Treads|Earthquake|p2a: Zamazenta\n|-damage|p2a: Zamazenta|68/100\n|move|p2a: Zamazenta|Body Press|p1a: Iron Treads\n|-supereffective|p1a: Iron Treads\n|-damage|p1a: Iron Treads|0 fnt\n|faint|p1a: Iron Treads\n|-end|p1a: Iron Treads|Quark Drive|[silent]\n|\n|upkeep\n|\n|t:|1783808362\n|switch|p1a: Ceruledge|Ceruledge, F, shiny|100/100\n|turn|8\n|\n|t:|1783808365\n|move|p2a: Zamazenta|Crunch|p1a: Ceruledge\n|-supereffective|p1a: Ceruledge\n|-damage|p1a: Ceruledge|45/100\n|-ability|p1a: Ceruledge|Weak Armor|boost\n|-unboost|p1a: Ceruledge|def|1\n|-boost|p1a: Ceruledge|spe|2\n|move|p1a: Ceruledge|Swords Dance|p1a: Ceruledge\n|-boost|p1a: Ceruledge|atk|2\n|\n|upkeep\n|turn|9\n|\n|t:|1783808378\n|move|p1a: Ceruledge|Bitter Blade|p2a: Zamazenta\n|-damage|p2a: Zamazenta|39/100\n|-heal|p1a: Ceruledge|61/100|[from] drain|[of] p2a: Zamazenta\n|move|p2a: Zamazenta|Crunch|p1a: Ceruledge\n|-supereffective|p1a: Ceruledge\n|-damage|p1a: Ceruledge|0 fnt\n|faint|p1a: Ceruledge\n|\n|upkeep\n|\n|t:|1783808382\n|switch|p1a: Polteageist|Polteageist, shiny|100/100\n|turn|10\n|\n|t:|1783808401\n|move|p2a: Zamazenta|Crunch|p1a: Polteageist\n|-supereffective|p1a: Polteageist\n|-damage|p1a: Polteageist|22/100\n|-ability|p1a: Polteageist|Weak Armor|boost\n|-unboost|p1a: Polteageist|def|1\n|-boost|p1a: Polteageist|spe|2\n|move|p1a: Polteageist|Shell Smash|p1a: Polteageist\n|-unboost|p1a: Polteageist|def|1\n|-unboost|p1a: Polteageist|spd|1\n|-boost|p1a: Polteageist|atk|2\n|-boost|p1a: Polteageist|spa|2\n|-boost|p1a: Polteageist|spe|2\n|\n|upkeep\n|turn|11\n|\n|t:|1783808407\n|move|p1a: Polteageist|Giga Drain|p2a: Zamazenta\n|-damage|p2a: Zamazenta|0 fnt\n|-heal|p1a: Polteageist|46/100|[from] drain|[of] p2a: Zamazenta\n|faint|p2a: Zamazenta\n|\n|upkeep\n|\n|t:|1783808413\n|switch|p2a: Iron Valiant|Iron Valiant, shiny|100/100\n|-enditem|p2a: Iron Valiant|Booster Energy\n|-activate|p2a: Iron Valiant|ability: Quark Drive|[fromitem]\n|-start|p2a: Iron Valiant|quarkdrivespe\n|turn|12\n|\n|t:|1783808420\n|move|p1a: Polteageist|Stored Power|p2a: Iron Valiant\n|-supereffective|p2a: Iron Valiant\n|-damage|p2a: Iron Valiant|0 fnt\n|faint|p2a: Iron Valiant\n|-end|p2a: Iron Valiant|Quark Drive|[silent]\n|\n|upkeep\n|\n|t:|1783808423\n|switch|p2a: Garchomp|Garchomp, M|100/100\n|turn|13\n|\n|t:|1783808427\n|move|p1a: Polteageist|Stored Power|p2a: Garchomp\n|-damage|p2a: Garchomp|0 fnt\n|faint|p2a: Garchomp\n|\n|upkeep\n|\n|t:|1783808431\n|switch|p2a: Enamorus|Enamorus, F|10/100\n|turn|14\n|\n|t:|1783808436\n|move|p1a: Polteageist|Stored Power|p2a: Enamorus\n|-damage|p2a: Enamorus|0 fnt\n|faint|p2a: Enamorus\n|\n|upkeep\n|\n|t:|1783808439\n|switch|p2a: Dragapult|Dragapult, M, shiny|100/100\n|turn|15\n|\n|t:|1783808446\n|-terastallize|p2a: Dragapult|Dragon\n|move|p2a: Dragapult|Sucker Punch|p1a: Polteageist\n|-supereffective|p1a: Polteageist\n|-damage|p1a: Polteageist|0 fnt\n|faint|p1a: Polteageist\n|\n|upkeep\n|\n|t:|1783808451\n|switch|p1a: Landorus|Landorus-Therian, M, shiny|100/100\n|-ability|p1a: Landorus|Intimidate|boost\n|-fail|p2a: Dragapult|unboost|[from] ability: Clear Body|[of] p2a: Dragapult\n|turn|16\n|\n|t:|1783808462\n|move|p2a: Dragapult|Sucker Punch|p1a: Landorus\n|-damage|p1a: Landorus|59/100\n|move|p1a: Landorus|Earthquake|p2a: Dragapult\n|-damage|p2a: Dragapult|22/100\n|\n|upkeep\n|turn|17\n|\n|t:|1783808469\n|move|p2a: Dragapult|Sucker Punch|p1a: Landorus\n|-damage|p1a: Landorus|16/100\n|move|p1a: Landorus|Earthquake|p2a: Dragapult\n|-damage|p2a: Dragapult|0 fnt\n|faint|p2a: Dragapult\n|\n|win|gengar6969\n|raw|gengar6969's rating: 1276 &rarr; <strong>1305</strong><br />(+29 for winning)\n|raw|Lethroatt555's rating: 1334 &rarr; <strong>1311</strong><br />(-23 for losing)\n|l|☆Lethroatt555\n|player|p2|\n|l|☆gengar6969\n|player|p1|\n", "uploadtime": 1783808783, "views": 3, "formatid": "gen9ou", "rating": 1305, "private": 0, "password": null}