{"id": "gen9ou-2639927348", "format": "[Gen 9] OU", "players": ["why yukina>~<", "PiggLad"], "log": "|j|☆why yukina>~<\n|j|☆PiggLad\n|t:|1782545279\n|gametype|singles\n|player|p1|why yukina>~<|teammates|1760\n|player|p2|PiggLad|grimsley-gen7|1740\n|gen|9\n|tier|[Gen 9] OU\n|rated|\n|rule|HP Percentage Mod: HP is shown in percentages\n|rule|Endless Battle Clause: Forcing endless battles is banned\n|rule|Species Clause: Limit one of each Pokémon\n|rule|OHKO Clause: OHKO moves are banned\n|rule|Evasion Items Clause: Evasion items are banned\n|rule|Evasion Moves Clause: Evasion moves are banned\n|rule|Evasion Abilities Clause: Evasion abilities are banned\n|rule|Sleep Moves Clause: Sleep-inducing moves are banned\n|clearpoke\n|poke|p1|Kyurem|\n|poke|p1|Zamazenta-*|\n|poke|p1|Dragonite, F|\n|poke|p1|Pecharunt|\n|poke|p1|Iron Treads|\n|poke|p1|Samurott-Hisui, F|\n|poke|p2|Tyranitar, M|\n|poke|p2|Hydrapple, M|\n|poke|p2|Enamorus, F|\n|poke|p2|Garganacl, F|\n|poke|p2|Excadrill, M|\n|poke|p2|Alomomola, F|\n|teampreview\n|\n|t:|1782545287\n|teamsize|p1|6\n|teamsize|p2|6\n|start\n|switch|p1a: Kyurem|Kyurem, shiny|100/100\n|switch|p2a: Let The Goons Out|Hydrapple, M, shiny|100/100\n|-ability|p1a: Kyurem|Pressure\n|turn|1\n|inactive|Battle timer is ON: inactive players will automatically lose when time's up. (requested by PiggLad)\n|\n|t:|1782545292\n|switch|p1a: Iron Treads|Iron Treads|100/100\n|switch|p2a: Alo Cortisol|Alomomola, F|100/100\n|\n|upkeep\n|turn|2\n|\n|t:|1782545296\n|move|p1a: Iron Treads|Stealth Rock|p2a: Alo Cortisol\n|-sidestart|p2: PiggLad|move: Stealth Rock\n|move|p2a: Alo Cortisol|Flip Turn|p1a: Iron Treads\n|-supereffective|p1a: Iron Treads\n|-damage|p1a: Iron Treads|77/100\n|\n|t:|1782545317\n|switch|p2a: WhoBEdginTheyStone|Tyranitar, M|100/100|[from] Flip Turn\n|-damage|p2a: WhoBEdginTheyStone|88/100|[from] Stealth Rock\n|-weather|Sandstorm|[from] ability: Sand Stream|[of] p2a: WhoBEdginTheyStone\n|\n|-weather|Sandstorm|[upkeep]\n|-heal|p1a: Iron Treads|83/100|[from] item: Leftovers\n|upkeep\n|turn|3\n|\n|t:|1782545324\n|switch|p2a: Alo Cortisol|Alomomola, F|100/100\n|-damage|p2a: Alo Cortisol|88/100|[from] Stealth Rock\n|move|p1a: Iron Treads|Earthquake|p2a: Alo Cortisol\n|-damage|p2a: Alo Cortisol|65/100\n|\n|-weather|Sandstorm|[upkeep]\n|-damage|p2a: Alo Cortisol|58/100|[from] Sandstorm\n|-heal|p1a: Iron Treads|90/100|[from] item: Leftovers\n|upkeep\n|turn|4\n|\n|t:|1782545327\n|move|p1a: Iron Treads|Knock Off|p2a: Alo Cortisol\n|-damage|p2a: Alo Cortisol|42/100\n|-enditem|p2a: Alo Cortisol|Assault Vest|[from] move: Knock Off|[of] p1a: Iron Treads\n|move|p2a: Alo Cortisol|Flip Turn|p1a: Iron Treads\n|-supereffective|p1a: Iron Treads\n|-crit|p1a: Iron Treads\n|-damage|p1a: Iron Treads|50/100\n|\n|t:|1782545330\n|switch|p2a: ExGon'SpinIntoYa|Excadrill, M|100/100|[from] Flip Turn\n|-damage|p2a: ExGon'SpinIntoYa|97/100|[from] Stealth Rock\n|\n|-weather|Sandstorm|[upkeep]\n|-heal|p2a: ExGon'SpinIntoYa|100/100|[from] item: Leftovers\n|-heal|p1a: Iron Treads|56/100|[from] item: Leftovers\n|upkeep\n|turn|5\n|\n|t:|1782545339\n|move|p2a: ExGon'SpinIntoYa|Substitute|p2a: ExGon'SpinIntoYa\n|-start|p2a: ExGon'SpinIntoYa|Substitute\n|-damage|p2a: ExGon'SpinIntoYa|76/100\n|move|p1a: Iron Treads|Earthquake|p2a: ExGon'SpinIntoYa\n|-supereffective|p2a: ExGon'SpinIntoYa\n|-end|p2a: ExGon'SpinIntoYa|Substitute\n|\n|-weather|Sandstorm|[upkeep]\n|-heal|p2a: ExGon'SpinIntoYa|82/100|[from] item: Leftovers\n|-heal|p1a: Iron Treads|62/100|[from] item: Leftovers\n|upkeep\n|turn|6\n|\n|t:|1782545349\n|-end|p1a: Iron Treads|Quark Drive|[silent]\n|switch|p1a: Zamazenta|Zamazenta, shiny|100/100\n|-ability|p1a: Zamazenta|Dauntless Shield|boost\n|-boost|p1a: Zamazenta|def|1\n|move|p2a: ExGon'SpinIntoYa|Earthquake|p1a: Zamazenta\n|-damage|p1a: Zamazenta|70/100\n|\n|-weather|none\n|-heal|p2a: ExGon'SpinIntoYa|88/100|[from] item: Leftovers\n|-heal|p1a: Zamazenta|76/100|[from] item: Leftovers\n|upkeep\n|turn|7\n|\n|t:|1782545358\n|switch|p2a: Let The Goons Out|Hydrapple, M, shiny|100/100\n|-damage|p2a: Let The Goons Out|88/100|[from] Stealth Rock\n|move|p1a: Zamazenta|Heavy Slam|p2a: Let The Goons Out\n|-crit|p2a: Let The Goons Out\n|-damage|p2a: Let The Goons Out|75/100\n|-damage|p1a: Zamazenta|59/100|[from] item: Rocky Helmet|[of] p2a: Let The Goons Out\n|\n|-heal|p1a: Zamazenta|65/100|[from] item: Leftovers\n|upkeep\n|turn|8\n|\n|t:|1782545370\n|switch|p1a: Pecharunt|Pecharunt|100/100\n|move|p2a: Let The Goons Out|Fickle Beam|p1a: Pecharunt|[anim] Fickle Beam All Out\n|-activate|p2a: Let The Goons Out|move: Fickle Beam\n|-damage|p1a: Pecharunt|41/100\n|\n|upkeep\n|turn|9\n|\n|t:|1782545380\n|switch|p2a: Jevils To This|Garganacl, F, shiny|100/100\n|-damage|p2a: Jevils To This|88/100|[from] Stealth Rock\n|move|p1a: Pecharunt|Recover|p1a: Pecharunt\n|-heal|p1a: Pecharunt|91/100\n|\n|-heal|p2a: Jevils To This|94/100|[from] item: Leftovers\n|upkeep\n|turn|10\n|\n|t:|1782545382\n|switch|p1a: Samurott|Samurott-Hisui, F|100/100\n|move|p2a: Jevils To This|Stealth Rock|p1a: Samurott\n|-sidestart|p1: why yukina>~<|move: Stealth Rock\n|\n|-heal|p2a: Jevils To This|100/100|[from] item: Leftovers\n|upkeep\n|turn|11\n|\n|t:|1782545387\n|move|p1a: Samurott|Razor Shell|p2a: Jevils To This\n|-supereffective|p2a: Jevils To This\n|-damage|p2a: Jevils To This|36/100\n|move|p2a: Jevils To This|Salt Cure|p1a: Samurott\n|-damage|p1a: Samurott|85/100\n|-start|p1a: Samurott|Salt Cure\n|\n|-heal|p2a: Jevils To This|43/100|[from] item: Leftovers\n|-damage|p1a: Samurott|60/100|[from] Salt Cure\n|upkeep\n|turn|12\n|\n|t:|1782545392\n|move|p2a: Jevils To This|Protect|p2a: Jevils To This\n|-singleturn|p2a: Jevils To This|Protect\n|move|p1a: Samurott|Ceaseless Edge|p2a: Jevils To This\n|-activate|p2a: Jevils To This|move: Protect\n|\n|-heal|p2a: Jevils To This|49/100|[from] item: Leftovers\n|-damage|p1a: Samurott|36/100|[from] Salt Cure\n|upkeep\n|turn|13\n|\n|t:|1782545395\n|switch|p2a: Let The Goons Out|Hydrapple, M, shiny|100/100\n|-damage|p2a: Let The Goons Out|88/100|[from] Stealth Rock\n|move|p1a: Samurott|Razor Shell|p2a: Let The Goons Out\n|-resisted|p2a: Let The Goons Out\n|-damage|p2a: Let The Goons Out|82/100\n|-damage|p1a: Samurott|19/100|[from] item: Rocky Helmet|[of] p2a: Let The Goons Out\n|\n|-damage|p1a: Samurott|0 fnt|[from] Salt Cure\n|faint|p1a: Samurott\n|upkeep\n|\n|t:|1782545401\n|switch|p1a: Iron Treads|Iron Treads|62/100\n|-damage|p1a: Iron Treads|59/100|[from] Stealth Rock\n|turn|14\n|\n|t:|1782545405\n|move|p1a: Iron Treads|Rapid Spin|p2a: Let The Goons Out\n|-damage|p2a: Let The Goons Out|74/100\n|-boost|p1a: Iron Treads|spe|1\n|-damage|p1a: Iron Treads|43/100|[from] item: Rocky Helmet|[of] p2a: Let The Goons Out\n|-sideend|p1: why yukina>~<|Stealth Rock|[from] move: Rapid Spin|[of] p1a: Iron Treads\n|move|p2a: Let The Goons Out|Earth Power|p1a: Iron Treads\n|-supereffective|p1a: Iron Treads\n|-damage|p1a: Iron Treads|3/100\n|\n|-heal|p1a: Iron Treads|9/100|[from] item: Leftovers\n|upkeep\n|turn|15\n|\n|t:|1782545416\n|-end|p1a: Iron Treads|Quark Drive|[silent]\n|switch|p1a: Dragonite|Dragonite, F|100/100\n|move|p2a: Let The Goons Out|Giga Drain|p1a: Dragonite\n|-resisted|p1a: Dragonite\n|-damage|p1a: Dragonite|97/100\n|-heal|p2a: Let The Goons Out|76/100|[from] drain|[of] p1a: Dragonite\n|\n|upkeep\n|turn|16\n|\n|t:|1782545431\n|move|p1a: Dragonite|Encore|p2a: Let The Goons Out\n|-start|p2a: Let The Goons Out|Encore\n|move|p2a: Let The Goons Out|Giga Drain|p1a: Dragonite\n|-resisted|p1a: Dragonite\n|-damage|p1a: Dragonite|89/100\n|-heal|p2a: Let The Goons Out|79/100|[from] drain|[of] p1a: Dragonite\n|\n|upkeep\n|turn|17\n|\n|t:|1782545434\n|switch|p2a: WhoBEdginTheyStone|Tyranitar, M|88/100\n|-damage|p2a: WhoBEdginTheyStone|76/100|[from] Stealth Rock\n|-weather|Sandstorm|[from] ability: Sand Stream|[of] p2a: WhoBEdginTheyStone\n|move|p1a: Dragonite|Dragon Dance|p1a: Dragonite\n|-boost|p1a: Dragonite|atk|1\n|-boost|p1a: Dragonite|spe|1\n|\n|-weather|Sandstorm|[upkeep]\n|-damage|p1a: Dragonite|83/100|[from] Sandstorm\n|upkeep\n|turn|18\n|\n|t:|1782545443\n|-terastallize|p1a: Dragonite|Ground\n|move|p1a: Dragonite|Dragon Dance|p1a: Dragonite\n|-boost|p1a: Dragonite|atk|1\n|-boost|p1a: Dragonite|spe|1\n|move|p2a: WhoBEdginTheyStone|Knock Off|p1a: Dragonite\n|-damage|p1a: Dragonite|0 fnt\n|-enditem|p1a: Dragonite|Heavy-Duty Boots|[from] move: Knock Off|[of] p2a: WhoBEdginTheyStone\n|faint|p1a: Dragonite\n|\n|-weather|Sandstorm|[upkeep]\n|upkeep\n|\n|t:|1782545454\n|switch|p1a: Zamazenta|Zamazenta, shiny|65/100\n|turn|19\n|\n|t:|1782545460\n|switch|p2a: Let The Goons Out|Hydrapple, M, shiny|100/100\n|-damage|p2a: Let The Goons Out|88/100|[from] Stealth Rock\n|move|p1a: Zamazenta|Iron Defense|p1a: Zamazenta\n|-boost|p1a: Zamazenta|def|2\n|\n|-weather|Sandstorm|[upkeep]\n|-damage|p1a: Zamazenta|59/100|[from] Sandstorm\n|-damage|p2a: Let The Goons Out|82/100|[from] Sandstorm\n|-heal|p1a: Zamazenta|65/100|[from] item: Leftovers\n|upkeep\n|turn|20\n|\n|t:|1782545468\n|move|p1a: Zamazenta|Iron Defense|p1a: Zamazenta\n|-boost|p1a: Zamazenta|def|2\n|move|p2a: Let The Goons Out|Giga Drain|p1a: Zamazenta\n|-damage|p1a: Zamazenta|41/100\n|-heal|p2a: Let The Goons Out|93/100|[from] drain|[of] p1a: Zamazenta\n|\n|-weather|Sandstorm|[upkeep]\n|-damage|p1a: Zamazenta|35/100|[from] Sandstorm\n|-damage|p2a: Let The Goons Out|87/100|[from] Sandstorm\n|-heal|p1a: Zamazenta|41/100|[from] item: Leftovers\n|upkeep\n|turn|21\n|\n|t:|1782545473\n|move|p1a: Zamazenta|Body Press|p2a: Let The Goons Out\n|-damage|p2a: Let The Goons Out|35/100\n|-damage|p1a: Zamazenta|24/100|[from] item: Rocky Helmet|[of] p2a: Let The Goons Out\n|move|p2a: Let The Goons Out|Fickle Beam|p1a: Zamazenta|[anim] Fickle Beam All Out\n|-activate|p2a: Let The Goons Out|move: Fickle Beam\n|-damage|p1a: Zamazenta|0 fnt\n|faint|p1a: Zamazenta\n|\n|-weather|none\n|upkeep\n|\n|t:|1782545481\n|switch|p1a: Kyurem|Kyurem, shiny|100/100\n|-ability|p1a: Kyurem|Pressure\n|turn|22\n|\n|t:|1782545490\n|switch|p2a: WhoBEdginTheyStone|Tyranitar, M|76/100\n|-damage|p2a: WhoBEdginTheyStone|64/100|[from] Stealth Rock\n|-weather|Sandstorm|[from] ability: Sand Stream|[of] p2a: WhoBEdginTheyStone\n|move|p1a: Kyurem|Freeze-Dry|p2a: WhoBEdginTheyStone\n|-damage|p2a: WhoBEdginTheyStone|35/100\n|\n|-weather|Sandstorm|[upkeep]\n|-damage|p1a: Kyurem|94/100|[from] Sandstorm\n|upkeep\n|turn|23\n|\n|t:|1782545495\n|switch|p1a: Iron Treads|Iron Treads|9/100\n|move|p2a: WhoBEdginTheyStone|Low Kick|p1a: Iron Treads\n|-supereffective|p1a: Iron Treads\n|-damage|p1a: Iron Treads|0 fnt\n|faint|p1a: Iron Treads\n|-end|p1a: Iron Treads|Quark Drive|[silent]\n|\n|-weather|Sandstorm|[upkeep]\n|upkeep\n|\n|t:|1782545500\n|switch|p1a: Kyurem|Kyurem, shiny|94/100\n|-ability|p1a: Kyurem|Pressure\n|turn|24\n|\n|t:|1782545502\n|move|p1a: Kyurem|Draco Meteor|p2a: WhoBEdginTheyStone\n|-damage|p2a: WhoBEdginTheyStone|0 fnt\n|-unboost|p1a: Kyurem|spa|2\n|faint|p2a: WhoBEdginTheyStone\n|\n|-weather|Sandstorm|[upkeep]\n|-damage|p1a: Kyurem|88/100|[from] Sandstorm\n|upkeep\n|\n|t:|1782545505\n|switch|p2a: ExGon'SpinIntoYa|Excadrill, M|88/100\n|-damage|p2a: ExGon'SpinIntoYa|85/100|[from] Stealth Rock\n|turn|25\n|\n|t:|1782545510\n|switch|p1a: Pecharunt|Pecharunt|91/100\n|move|p2a: ExGon'SpinIntoYa|Rapid Spin|p1a: Pecharunt\n|-immune|p1a: Pecharunt\n|\n|-weather|Sandstorm|[upkeep]\n|-damage|p1a: Pecharunt|85/100|[from] Sandstorm\n|-heal|p2a: ExGon'SpinIntoYa|91/100|[from] item: Leftovers\n|upkeep\n|turn|26\n|\n|t:|1782545531\n|switch|p1a: Kyurem|Kyurem, shiny|88/100\n|-ability|p1a: Kyurem|Pressure\n|move|p2a: ExGon'SpinIntoYa|Earthquake|p1a: Kyurem\n|-damage|p1a: Kyurem|33/100\n|\n|-weather|none\n|-heal|p2a: ExGon'SpinIntoYa|97/100|[from] item: Leftovers\n|upkeep\n|turn|27\n|\n|t:|1782545541\n|switch|p2a: Alo Cortisol|Alomomola, F|75/100\n|-damage|p2a: Alo Cortisol|63/100|[from] Stealth Rock\n|move|p1a: Kyurem|Earth Power|p2a: Alo Cortisol\n|-damage|p2a: Alo Cortisol|37/100\n|\n|upkeep\n|turn|28\n|\n|t:|1782545546\n|switch|p1a: Pecharunt|Pecharunt|85/100\n|move|p2a: Alo Cortisol|Flip Turn|p1a: Pecharunt\n|-damage|p1a: Pecharunt|74/100\n|\n|t:|1782545547\n|switch|p2a: Jevils To This|Garganacl, F, shiny|49/100|[from] Flip Turn\n|-damage|p2a: Jevils To This|36/100|[from] Stealth Rock\n|\n|-heal|p2a: Jevils To This|43/100|[from] item: Leftovers\n|upkeep\n|turn|29\n|\n|t:|1782545550\n|switch|p1a: Kyurem|Kyurem, shiny|33/100\n|-ability|p1a: Kyurem|Pressure\n|move|p2a: Jevils To This|Recover|p2a: Jevils To This\n|-heal|p2a: Jevils To This|93/100\n|\n|-heal|p2a: Jevils To This|99/100|[from] item: Leftovers\n|upkeep\n|turn|30\n|\n|t:|1782545555\n|move|p1a: Kyurem|Ice Beam|p2a: Jevils To This\n|-damage|p2a: Jevils To This|66/100\n|move|p2a: Jevils To This|Salt Cure|p1a: Kyurem\n|-supereffective|p1a: Kyurem\n|-damage|p1a: Kyurem|7/100\n|-start|p1a: Kyurem|Salt Cure\n|\n|-heal|p2a: Jevils To This|72/100|[from] item: Leftovers\n|-damage|p1a: Kyurem|0 fnt|[from] Salt Cure\n|faint|p1a: Kyurem\n|upkeep\n|\n|t:|1782545558\n|switch|p1a: Pecharunt|Pecharunt|74/100\n|turn|31\n|-message|why yukina>~< forfeited.\n|\n|win|PiggLad\n|raw|why yukina&gt;~&lt;'s rating: 1760 &rarr; <strong>1739</strong><br />(-21 for losing)\n|raw|PiggLad's rating: 1740 &rarr; <strong>1761</strong><br />(+21 for winning)\n|l|☆PiggLad\n|player|p2|\n|l|☆why yukina>~<\n|player|p1|\n", "uploadtime": 1782545770, "views": 22, "formatid": "gen9ou", "rating": 1739, "private": 0, "password": null}