{"id": "gen9ou-2647680796", "format": "[Gen 9] OU", "players": ["deasonator", "XdTheplaguedoctor"], "log": "|j|☆deasonator\n|j|☆XdTheplaguedoctor\n|t:|1783795370\n|gametype|singles\n|player|p1|deasonator|169|1527\n|player|p2|XdTheplaguedoctor|fisherman-gen4|1558\n|gen|9\n|tier|[Gen 9] OU\n|rated|\n|rule|HP Percentage Mod: HP is shown in percentages\n|rule|Endless Battle Clause: Forcing endless battles is banned\n|rule|Species Clause: Limit one of each Pokémon\n|rule|OHKO Clause: OHKO moves are banned\n|rule|Evasion Items Clause: Evasion items are banned\n|rule|Evasion Moves Clause: Evasion moves are banned\n|rule|Evasion Abilities Clause: Evasion abilities are banned\n|rule|Sleep Moves Clause: Sleep-inducing moves are banned\n|clearpoke\n|poke|p1|Rillaboom, F|\n|poke|p1|Hitmonlee, M|\n|poke|p1|Samurott-Hisui, M|\n|poke|p1|Slowking-Galar, F|\n|poke|p1|Zamazenta-*|\n|poke|p1|Heatran, F|\n|poke|p2|Scizor, M|\n|poke|p2|Raging Bolt|\n|poke|p2|Enamorus, F|\n|poke|p2|Heatran, F|\n|poke|p2|Great Tusk|\n|poke|p2|Kingambit, F|\n|teampreview\n|inactive|Battle timer is ON: inactive players will automatically lose when time's up. (requested by XdTheplaguedoctor)\n|inactive|XdTheplaguedoctor has 120 seconds left.\n|\n|t:|1783795404\n|teamsize|p1|6\n|teamsize|p2|6\n|start\n|switch|p1a: Samurott|Samurott-Hisui, M|100/100\n|switch|p2a: Scizor|Scizor, M, shiny|100/100\n|turn|1\n|\n|t:|1783795411\n|move|p1a: Samurott|Ceaseless Edge|p2a: Scizor\n|-damage|p2a: Scizor|50/100\n|-sidestart|p2: XdTheplaguedoctor|Spikes\n|move|p2a: Scizor|U-turn|p1a: Samurott\n|-supereffective|p1a: Samurott\n|-enditem|p1a: Samurott|Focus Sash\n|-damage|p1a: Samurott|1/100\n|\n|t:|1783795419\n|switch|p2a: Great Tusk|Great Tusk|100/100|[from] U-turn\n|\n|upkeep\n|turn|2\n|\n|t:|1783795424\n|move|p2a: Great Tusk|Rapid Spin|p1a: Samurott\n|-damage|p1a: Samurott|0 fnt\n|-boost|p2a: Great Tusk|spe|1\n|-sideend|p2: XdTheplaguedoctor|Spikes|[from] move: Rapid Spin|[of] p2a: Great Tusk\n|faint|p1a: Samurott\n|\n|upkeep\n|\n|t:|1783795430\n|switch|p1a: Rillaboom|Rillaboom, F|100/100\n|-fieldstart|move: Grassy Terrain|[from] ability: Grassy Surge|[of] p1a: Rillaboom\n|turn|3\n|\n|t:|1783795456\n|move|p2a: Great Tusk|Rapid Spin|p1a: Rillaboom\n|-damage|p1a: Rillaboom|83/100\n|-boost|p2a: Great Tusk|spe|1\n|move|p1a: Rillaboom|U-turn|p2a: Great Tusk\n|-resisted|p2a: Great Tusk\n|-damage|p2a: Great Tusk|91/100\n|\n|t:|1783795464\n|switch|p1a: Zamazenta|Zamazenta|100/100|[from] U-turn\n|-ability|p1a: Zamazenta|Dauntless Shield|boost\n|-boost|p1a: Zamazenta|def|1\n|-enditem|p1a: Zamazenta|Grassy Seed\n|-boost|p1a: Zamazenta|def|1|[from] item: Grassy Seed\n|\n|-heal|p2a: Great Tusk|98/100|[from] Grassy Terrain\n|upkeep\n|turn|4\n|\n|t:|1783795477\n|-end|p2a: Great Tusk|Protosynthesis|[silent]\n|switch|p2a: Raging Bolt|Raging Bolt|100/100\n|move|p1a: Zamazenta|Iron Defense|p1a: Zamazenta\n|-boost|p1a: Zamazenta|def|2\n|\n|upkeep\n|turn|5\n|\n|t:|1783795483\n|-terastallize|p2a: Raging Bolt|Fairy\n|move|p1a: Zamazenta|Body Press|p2a: Raging Bolt\n|-resisted|p2a: Raging Bolt\n|-damage|p2a: Raging Bolt|42/100\n|move|p2a: Raging Bolt|Thunderbolt|p1a: Zamazenta\n|-damage|p1a: Zamazenta|29/100\n|\n|-heal|p1a: Zamazenta|36/100|[from] Grassy Terrain\n|-heal|p2a: Raging Bolt|48/100|[from] Grassy Terrain\n|upkeep\n|turn|6\n|\n|t:|1783795492\n|-end|p2a: Raging Bolt|Protosynthesis|[silent]\n|switch|p2a: Enamorus|Enamorus, F|100/100\n|move|p1a: Zamazenta|Body Press|p2a: Enamorus\n|-resisted|p2a: Enamorus\n|-damage|p2a: Enamorus|59/100\n|\n|-heal|p1a: Zamazenta|42/100|[from] Grassy Terrain\n|upkeep\n|turn|7\n|\n|t:|1783795500\n|switch|p1a: Heatran|Heatran, F|100/100\n|move|p2a: Enamorus|Moonblast|p1a: Heatran\n|-resisted|p1a: Heatran\n|-damage|p1a: Heatran|88/100\n|-unboost|p1a: Heatran|spa|1\n|\n|-heal|p1a: Heatran|94/100|[from] Grassy Terrain\n|upkeep\n|turn|8\n|\n|t:|1783795509\n|switch|p2a: Heatran|Heatran, F|100/100\n|move|p1a: Heatran|Overheat|p2a: Heatran\n|-start|p2a: Heatran|ability: Flash Fire\n|\n|-heal|p1a: Heatran|99/100|[from] Grassy Terrain\n|upkeep\n|turn|9\n|\n|t:|1783795518\n|switch|p1a: Slowking|Slowking-Galar, F|100/100\n|move|p2a: Heatran|Earth Power|p1a: Slowking\n|-supereffective|p1a: Slowking\n|-damage|p1a: Slowking|66/100\n|\n|-heal|p1a: Slowking|72/100|[from] Grassy Terrain\n|upkeep\n|turn|10\n|\n|t:|1783795526\n|move|p2a: Heatran|Magma Storm|p1a: Slowking\n|-damage|p1a: Slowking|23/100\n|-activate|p1a: Slowking|move: Magma Storm|[of] p2a: Heatran\n|-prepare|p1a: Slowking|Chilly Reception|[premajor]\n|move|p1a: Slowking|Chilly Reception|p1a: Slowking\n|-weather|Snowscape\n|\n|t:|1783795534\n|switch|p1a: Hitmonlee|Hitmonlee, M|100/100|[from] Chilly Reception\n|-enditem|p1a: Hitmonlee|Grassy Seed\n|-boost|p1a: Hitmonlee|def|1|[from] item: Grassy Seed\n|\n|-weather|Snowscape|[upkeep]\n|-fieldend|move: Grassy Terrain\n|upkeep\n|turn|11\n|\n|t:|1783795548\n|-end|p2a: Heatran|ability: Flash Fire|[silent]\n|switch|p2a: Raging Bolt|Raging Bolt, tera:Fairy|48/100\n|move|p1a: Hitmonlee|Swords Dance|p1a: Hitmonlee\n|-boost|p1a: Hitmonlee|atk|2\n|\n|-weather|Snowscape|[upkeep]\n|upkeep\n|turn|12\n|\n|t:|1783795565\n|move|p1a: Hitmonlee|Close Combat|p2a: Raging Bolt\n|-resisted|p2a: Raging Bolt\n|-damage|p2a: Raging Bolt|0 fnt\n|-unboost|p1a: Hitmonlee|def|1\n|-unboost|p1a: Hitmonlee|spd|1\n|faint|p2a: Raging Bolt\n|-end|p2a: Raging Bolt|Protosynthesis|[silent]\n|\n|-weather|Snowscape|[upkeep]\n|upkeep\n|\n|t:|1783795585\n|switch|p2a: Scizor|Scizor, M, shiny|50/100\n|turn|13\n|\n|t:|1783795595\n|move|p2a: Scizor|Bullet Punch|p1a: Hitmonlee\n|-damage|p1a: Hitmonlee|0 fnt\n|faint|p1a: Hitmonlee\n|\n|-weather|Snowscape|[upkeep]\n|upkeep\n|\n|t:|1783795601\n|switch|p1a: Heatran|Heatran, F|99/100\n|turn|14\n|\n|t:|1783795607\n|switch|p2a: Enamorus|Enamorus, F|59/100\n|move|p1a: Heatran|Earth Power|p2a: Enamorus\n|-immune|p2a: Enamorus\n|\n|-weather|none\n|upkeep\n|turn|15\n|\n|t:|1783795616\n|switch|p1a: Slowking|Slowking-Galar, F|56/100\n|move|p2a: Enamorus|Earth Power|p1a: Slowking\n|-supereffective|p1a: Slowking\n|-damage|p1a: Slowking|14/100\n|\n|upkeep\n|turn|16\n|\n|t:|1783795623\n|switch|p1a: Rillaboom|Rillaboom, F|83/100\n|-fieldstart|move: Grassy Terrain|[from] ability: Grassy Surge|[of] p1a: Rillaboom\n|move|p2a: Enamorus|Earth Power|p1a: Rillaboom\n|-resisted|p1a: Rillaboom\n|-damage|p1a: Rillaboom|58/100\n|\n|-heal|p1a: Rillaboom|64/100|[from] Grassy Terrain\n|upkeep\n|turn|17\n|\n|t:|1783795636\n|switch|p2a: Heatran|Heatran, F|100/100\n|move|p1a: Rillaboom|U-turn|p2a: Heatran\n|-resisted|p2a: Heatran\n|-damage|p2a: Heatran|95/100\n|\n|t:|1783795641\n|switch|p1a: Zamazenta|Zamazenta|42/100|[from] U-turn\n|\n|-heal|p1a: Zamazenta|48/100|[from] Grassy Terrain\n|-heal|p2a: Heatran|100/100|[from] Grassy Terrain\n|upkeep\n|turn|18\n|\n|t:|1783795648\n|move|p1a: Zamazenta|Body Press|p2a: Heatran\n|-supereffective|p2a: Heatran\n|-damage|p2a: Heatran|28/100\n|move|p2a: Heatran|Magma Storm|p1a: Zamazenta\n|-damage|p1a: Zamazenta|1/100\n|-activate|p1a: Zamazenta|move: Magma Storm|[of] p2a: Heatran\n|\n|-heal|p1a: Zamazenta|7/100|[from] Grassy Terrain\n|-heal|p2a: Heatran|34/100|[from] Grassy Terrain\n|-heal|p2a: Heatran|40/100|[from] item: Leftovers\n|-damage|p1a: Zamazenta|0 fnt|[from] move: Magma Storm|[partiallytrapped]\n|faint|p1a: Zamazenta\n|upkeep\n|\n|t:|1783795660\n|switch|p1a: Heatran|Heatran, F|99/100\n|turn|19\n|\n|t:|1783795671\n|switch|p2a: Enamorus|Enamorus, F|59/100\n|move|p1a: Heatran|Flash Cannon|p2a: Enamorus\n|-supereffective|p2a: Enamorus\n|-damage|p2a: Enamorus|0 fnt\n|faint|p2a: Enamorus\n|\n|-heal|p1a: Heatran|100/100|[from] Grassy Terrain\n|upkeep\n|\n|t:|1783795678\n|switch|p2a: Heatran|Heatran, F|40/100\n|turn|20\n|\n|t:|1783795687\n|switch|p1a: Slowking|Slowking-Galar, F|47/100\n|move|p2a: Heatran|Earth Power|p1a: Slowking\n|-supereffective|p1a: Slowking\n|-damage|p1a: Slowking|11/100\n|\n|-heal|p2a: Heatran|47/100|[from] Grassy Terrain\n|-heal|p2a: Heatran|53/100|[from] item: Leftovers\n|-heal|p1a: Slowking|18/100|[from] Grassy Terrain\n|upkeep\n|turn|21\n|\n|t:|1783795698\n|switch|p1a: Heatran|Heatran, F|100/100\n|move|p2a: Heatran|Earth Power|p1a: Heatran\n|-supereffective|p1a: Heatran\n|-damage|p1a: Heatran|0 fnt\n|faint|p1a: Heatran\n|\n|-heal|p2a: Heatran|59/100|[from] Grassy Terrain\n|-heal|p2a: Heatran|65/100|[from] item: Leftovers\n|upkeep\n|-message|deasonator forfeited.\n|\n|win|XdTheplaguedoctor\n|raw|deasonator's rating: 1527 &rarr; <strong>1509</strong><br />(-18 for losing)\n|raw|XdTheplaguedoctor's rating: 1558 &rarr; <strong>1576</strong><br />(+18 for winning)\n|l|☆deasonator\n|player|p1|\n|l|☆XdTheplaguedoctor\n|player|p2|\n", "uploadtime": 1783795843, "views": 5, "formatid": "gen9ou", "rating": 1509, "private": 0, "password": null}