{"id": "gen9ou-2647681334", "format": "[Gen 9] OU", "players": ["bam2222", "Toddson"], "log": "|j|☆bam2222\n|j|☆Toddson\n|t:|1783795456\n|gametype|singles\n|player|p1|bam2222|acetrainersnowf|1173\n|player|p2|Toddson|265|1171\n|gen|9\n|tier|[Gen 9] OU\n|rated|\n|rule|HP Percentage Mod: HP is shown in percentages\n|rule|Endless Battle Clause: Forcing endless battles is banned\n|rule|Species Clause: Limit one of each Pokémon\n|rule|OHKO Clause: OHKO moves are banned\n|rule|Evasion Items Clause: Evasion items are banned\n|rule|Evasion Moves Clause: Evasion moves are banned\n|rule|Evasion Abilities Clause: Evasion abilities are banned\n|rule|Sleep Moves Clause: Sleep-inducing moves are banned\n|clearpoke\n|poke|p1|Spiritomb, M|\n|poke|p1|Slowking, M|\n|poke|p1|Reuniclus, F|\n|poke|p1|Crawdaunt, M|\n|poke|p1|Ursaluna, F|\n|poke|p1|Mew|\n|poke|p2|Gliscor, M|\n|poke|p2|Primarina, F|\n|poke|p2|Corviknight, M|\n|poke|p2|Dragapult, M|\n|poke|p2|Zamazenta-*|\n|poke|p2|Iron Valiant|\n|teampreview\n|l|☆Toddson\n|player|p2|\n|j|☆Toddson\n|player|p2|Toddson|265|\n|\n|t:|1783795484\n|teamsize|p1|6\n|teamsize|p2|6\n|start\n|switch|p1a: Spiritomb|Spiritomb, M, shiny|100/100\n|switch|p2a: Gliscor|Gliscor, M|100/100\n|turn|1\n|\n|t:|1783795495\n|move|p2a: Gliscor|Protect|p2a: Gliscor\n|-singleturn|p2a: Gliscor|Protect\n|move|p1a: Spiritomb|Protect||[still]\n|-fail|p1a: Spiritomb\n|\n|-status|p2a: Gliscor|tox|[from] item: Toxic Orb\n|upkeep\n|turn|2\n|\n|t:|1783795504\n|move|p2a: Gliscor|Knock Off|p1a: Spiritomb\n|-damage|p1a: Spiritomb|77/100\n|-enditem|p1a: Spiritomb|Heavy-Duty Boots|[from] move: Knock Off|[of] p2a: Gliscor\n|move|p1a: Spiritomb|Trick Room|p1a: Spiritomb\n|-fieldstart|move: Trick Room|[of] p1a: Spiritomb\n|\n|upkeep\n|turn|3\n|\n|t:|1783795524\n|switch|p1a: Crawdaunt|Crawdaunt, M|100/100\n|move|p2a: Gliscor|Toxic|p1a: Crawdaunt\n|-status|p1a: Crawdaunt|tox\n|\n|-damage|p1a: Crawdaunt|95/100 tox|[from] psn\n|upkeep\n|turn|4\n|\n|t:|1783795535\n|move|p2a: Gliscor|Protect|p2a: Gliscor\n|-singleturn|p2a: Gliscor|Protect\n|move|p1a: Crawdaunt|Swords Dance|p1a: Crawdaunt\n|-boost|p1a: Crawdaunt|atk|2\n|\n|-damage|p1a: Crawdaunt|83/100 tox|[from] psn\n|upkeep\n|turn|5\n|\n|t:|1783795545\n|switch|p2a: Corviknight|Corviknight, M|100/100\n|-ability|p2a: Corviknight|Pressure\n|move|p1a: Crawdaunt|Aqua Jet|p2a: Corviknight\n|-damage|p2a: Corviknight|68/100\n|\n|-heal|p2a: Corviknight|74/100|[from] item: Leftovers\n|-damage|p1a: Crawdaunt|65/100 tox|[from] psn\n|upkeep\n|turn|6\n|\n|t:|1783795557\n|move|p1a: Crawdaunt|Knock Off|p2a: Corviknight\n|-damage|p2a: Corviknight|0 fnt\n|-enditem|p2a: Corviknight|Leftovers|[from] move: Knock Off|[of] p1a: Crawdaunt\n|faint|p2a: Corviknight\n|\n|-damage|p1a: Crawdaunt|41/100 tox|[from] psn\n|-fieldend|move: Trick Room\n|upkeep\n|\n|t:|1783795575\n|switch|p2a: Primarina|Primarina, F|100/100\n|turn|7\n|\n|t:|1783795585\n|move|p2a: Primarina|Moonblast|p1a: Crawdaunt\n|-supereffective|p1a: Crawdaunt\n|-damage|p1a: Crawdaunt|0 fnt\n|faint|p1a: Crawdaunt\n|\n|upkeep\n|\n|t:|1783795593\n|switch|p1a: Reuniclus|Reuniclus, F|100/100\n|turn|8\n|\n|t:|1783795603\n|move|p2a: Primarina|Surf|p1a: Reuniclus\n|-damage|p1a: Reuniclus|56/100\n|move|p1a: Reuniclus|Calm Mind|p1a: Reuniclus\n|-boost|p1a: Reuniclus|spa|1\n|-boost|p1a: Reuniclus|spd|1\n|\n|-heal|p1a: Reuniclus|62/100|[from] item: Leftovers\n|upkeep\n|turn|9\n|\n|t:|1783795618\n|move|p2a: Primarina|Surf|p1a: Reuniclus\n|-damage|p1a: Reuniclus|31/100\n|move|p1a: Reuniclus|Expanding Force|p2a: Primarina\n|-damage|p2a: Primarina|63/100\n|\n|-heal|p1a: Reuniclus|38/100|[from] item: Leftovers\n|upkeep\n|turn|10\n|\n|t:|1783795632\n|move|p2a: Primarina|Moonblast|p1a: Reuniclus\n|-damage|p1a: Reuniclus|6/100\n|-unboost|p1a: Reuniclus|spa|1\n|move|p1a: Reuniclus|Calm Mind|p1a: Reuniclus\n|-boost|p1a: Reuniclus|spa|1\n|-boost|p1a: Reuniclus|spd|1\n|\n|-heal|p1a: Reuniclus|13/100|[from] item: Leftovers\n|upkeep\n|turn|11\n|\n|t:|1783795646\n|switch|p1a: Slowking|Slowking, M|100/100\n|move|p2a: Primarina|Surf|p1a: Slowking\n|-resisted|p1a: Slowking\n|-crit|p1a: Slowking\n|-damage|p1a: Slowking|71/100\n|\n|-heal|p1a: Slowking|77/100|[from] item: Leftovers\n|upkeep\n|turn|12\n|\n|t:|1783795666\n|move|p2a: Primarina|Moonblast|p1a: Slowking\n|-damage|p1a: Slowking|36/100\n|-unboost|p1a: Slowking|spa|1\n|move|p1a: Slowking|Thunder Wave|p2a: Primarina\n|-status|p2a: Primarina|par\n|\n|-heal|p1a: Slowking|42/100|[from] item: Leftovers\n|upkeep\n|turn|13\n|\n|t:|1783795681\n|switch|p1a: Mew|Mew|100/100\n|cant|p2a: Primarina|par\n|\n|upkeep\n|turn|14\n|\n|t:|1783795695\n|move|p1a: Mew|Light Screen|p1a: Mew\n|-sidestart|p1: bam2222|move: Light Screen\n|move|p2a: Primarina|Moonblast|p1a: Mew\n|-damage|p1a: Mew|81/100\n|-unboost|p1a: Mew|spa|1\n|\n|-heal|p1a: Mew|87/100|[from] item: Leftovers\n|upkeep\n|turn|15\n|\n|t:|1783795703\n|move|p1a: Mew|Reflect|p1a: Mew\n|-sidestart|p1: bam2222|Reflect\n|move|p2a: Primarina|Moonblast|p1a: Mew\n|-damage|p1a: Mew|65/100\n|\n|-heal|p1a: Mew|71/100|[from] item: Leftovers\n|upkeep\n|turn|16\n|\n|t:|1783795713\n|switch|p1a: Ursaluna|Ursaluna, F|100/100\n|move|p2a: Primarina|Moonblast|p1a: Ursaluna\n|-damage|p1a: Ursaluna|77/100\n|\n|-status|p1a: Ursaluna|brn|[from] item: Flame Orb\n|upkeep\n|turn|17\n|\n|t:|1783795727\n|switch|p2a: Gliscor|Gliscor, M|100/100 tox\n|move|p1a: Ursaluna|Close Combat|p2a: Gliscor\n|-resisted|p2a: Gliscor\n|-damage|p2a: Gliscor|79/100 tox\n|-unboost|p1a: Ursaluna|def|1\n|-unboost|p1a: Ursaluna|spd|1\n|\n|-heal|p2a: Gliscor|92/100 tox|[from] ability: Poison Heal\n|-damage|p1a: Ursaluna|71/100 brn|[from] brn\n|upkeep\n|turn|18\n|\n|t:|1783795739\n|move|p2a: Gliscor|Knock Off|p1a: Ursaluna\n|-damage|p1a: Ursaluna|61/100 brn\n|-enditem|p1a: Ursaluna|Flame Orb|[from] move: Knock Off|[of] p2a: Gliscor\n|move|p1a: Ursaluna|Avalanche|p2a: Gliscor\n|-supereffective|p2a: Gliscor\n|-damage|p2a: Gliscor|0 fnt\n|faint|p2a: Gliscor\n|\n|-damage|p1a: Ursaluna|54/100 brn|[from] brn\n|-sideend|p1: bam2222|move: Light Screen\n|upkeep\n|\n|t:|1783795757\n|switch|p2a: Zamazenta|Zamazenta|100/100\n|-ability|p2a: Zamazenta|Dauntless Shield|boost\n|-boost|p2a: Zamazenta|def|1\n|turn|19\n|\n|t:|1783795764\n|switch|p1a: Spiritomb|Spiritomb, M, shiny|77/100\n|move|p2a: Zamazenta|Iron Defense|p2a: Zamazenta\n|-boost|p2a: Zamazenta|def|2\n|\n|-sideend|p1: bam2222|Reflect\n|upkeep\n|turn|20\n|\n|t:|1783795777\n|-terastallize|p2a: Zamazenta|Steel\n|move|p2a: Zamazenta|Iron Head|p1a: Spiritomb\n|-damage|p1a: Spiritomb|45/100\n|move|p1a: Spiritomb|Trick Room|p1a: Spiritomb\n|-fieldstart|move: Trick Room|[of] p1a: Spiritomb\n|\n|upkeep\n|turn|21\n|\n|t:|1783795785\n|move|p1a: Spiritomb|Pain Split|p2a: Zamazenta\n|-sethp|p2a: Zamazenta|64/100|[from] move: Pain Split|[silent]\n|-sethp|p1a: Spiritomb|100/100|[from] move: Pain Split\n|move|p2a: Zamazenta|Iron Head|p1a: Spiritomb\n|-damage|p1a: Spiritomb|64/100\n|\n|-heal|p2a: Zamazenta|71/100|[from] item: Leftovers\n|upkeep\n|turn|22\n|\n|t:|1783795796\n|switch|p1a: Ursaluna|Ursaluna, F|54/100 brn\n|move|p2a: Zamazenta|Iron Head|p1a: Ursaluna\n|-damage|p1a: Ursaluna|33/100 brn\n|\n|-heal|p2a: Zamazenta|77/100|[from] item: Leftovers\n|-damage|p1a: Ursaluna|27/100 brn|[from] brn\n|upkeep\n|turn|23\n|\n|t:|1783795814\n|move|p1a: Ursaluna|Earthquake|p2a: Zamazenta\n|-supereffective|p2a: Zamazenta\n|-damage|p2a: Zamazenta|37/100\n|move|p2a: Zamazenta|Body Press|p1a: Ursaluna\n|-supereffective|p1a: Ursaluna\n|-damage|p1a: Ursaluna|0 fnt\n|faint|p1a: Ursaluna\n|\n|-heal|p2a: Zamazenta|43/100|[from] item: Leftovers\n|upkeep\n|\n|t:|1783795825\n|switch|p1a: Mew|Mew|71/100\n|turn|24\n|\n|t:|1783795843\n|switch|p2a: Primarina|Primarina, F|63/100 par\n|move|p1a: Mew|Reflect|p1a: Mew\n|-sidestart|p1: bam2222|Reflect\n|\n|-heal|p1a: Mew|77/100|[from] item: Leftovers\n|-fieldend|move: Trick Room\n|upkeep\n|turn|25\n|\n|t:|1783795855\n|move|p1a: Mew|Light Screen|p1a: Mew\n|-sidestart|p1: bam2222|move: Light Screen\n|move|p2a: Primarina|Flip Turn|p1a: Mew\n|-damage|p1a: Mew|72/100\n|\n|t:|1783795859\n|switch|p2a: Dragapult|Dragapult, M|100/100|[from] Flip Turn\n|\n|-heal|p1a: Mew|78/100|[from] item: Leftovers\n|upkeep\n|turn|26\n|\n|t:|1783795872\n|move|p2a: Dragapult|Shadow Ball|p1a: Mew\n|-supereffective|p1a: Mew\n|-damage|p1a: Mew|0 fnt\n|faint|p1a: Mew\n|\n|upkeep\n|\n|t:|1783795881\n|switch|p1a: Reuniclus|Reuniclus, F|46/100\n|turn|27\n|\n|t:|1783795888\n|move|p2a: Dragapult|Shadow Ball|p1a: Reuniclus\n|-supereffective|p1a: Reuniclus\n|-damage|p1a: Reuniclus|0 fnt\n|faint|p1a: Reuniclus\n|\n|upkeep\n|\n|t:|1783795897\n|switch|p1a: Slowking|Slowking, M|75/100\n|turn|28\n|\n|t:|1783795901\n|move|p2a: Dragapult|Shadow Ball|p1a: Slowking\n|-supereffective|p1a: Slowking\n|-damage|p1a: Slowking|1/100\n|move|p1a: Slowking|Calm Mind|p1a: Slowking\n|-boost|p1a: Slowking|spa|1\n|-boost|p1a: Slowking|spd|1\n|\n|-heal|p1a: Slowking|7/100|[from] item: Leftovers\n|-sideend|p1: bam2222|Reflect\n|upkeep\n|turn|29\n|-message|bam2222 forfeited.\n|\n|win|Toddson\n|raw|bam2222's rating: 1173 &rarr; <strong>1148</strong><br />(-25 for losing)\n|raw|Toddson's rating: 1171 &rarr; <strong>1196</strong><br />(+25 for winning)\n|l|☆bam2222\n|player|p1|\n|l|☆Toddson\n|player|p2|\n", "uploadtime": 1783796252, "views": 5, "formatid": "gen9ou", "rating": 1148, "private": 0, "password": null}