{"id": "gen9ou-2639885400", "format": "[Gen 9] OU", "players": ["temporarylight", "Pinkacross Alt"], "log": "|badge|p1|bronze|gen9ou|100-9\n|html|<div class=\"broadcast-red\"><strong>This battle is required to be public due to one or more player having a season medal.</strong><br />During the public phase, you can discuss the state of the ladder <a href=\"/seasondiscussion\">in a special chatroom.</a></div>\n|uhtml|medal-msg|<div class=\"broadcast-blue\">Curious what those medals under the avatar are? PS now has Ladder Seasons! For more information, check out the <a href=\"https://www.smogon.com/forums/threads/3740067/\">thread on Smogon.</a></div>\n|raw|<div class=\"broadcast-blue\"><strong>This battle is required to be public due to a player having a name starting with 'medal'.</div>\n|j|☆temporarylight\n|j|☆Pinkacross Alt\n|t:|1782536194\n|gametype|singles\n|player|p1|temporarylight|jogger|1784\n|player|p2|Pinkacross Alt|artist|1758\n|gen|9\n|tier|[Gen 9] OU\n|rated|\n|rule|HP Percentage Mod: HP is shown in percentages\n|rule|Endless Battle Clause: Forcing endless battles is banned\n|rule|Species Clause: Limit one of each Pokémon\n|rule|OHKO Clause: OHKO moves are banned\n|rule|Evasion Items Clause: Evasion items are banned\n|rule|Evasion Moves Clause: Evasion moves are banned\n|rule|Evasion Abilities Clause: Evasion abilities are banned\n|rule|Sleep Moves Clause: Sleep-inducing moves are banned\n|clearpoke\n|poke|p1|Garchomp, M|\n|poke|p1|Darkrai|\n|poke|p1|Gholdengo|\n|poke|p1|Ogerpon-Wellspring, F|\n|poke|p1|Iron Valiant|\n|poke|p1|Iron Treads|\n|poke|p2|Kingdra, F|\n|poke|p2|Araquanid, M|\n|poke|p2|Zamazenta-*|\n|poke|p2|Gholdengo|\n|poke|p2|Enamorus, F|\n|poke|p2|Iron Treads|\n|teampreview\n|c|☆Pinkacross Alt|hf\n|c|☆temporarylight|hf\n|inactive|Battle timer is ON: inactive players will automatically lose when time's up. (requested by temporarylight)\n|\n|t:|1782536209\n|teamsize|p1|6\n|teamsize|p2|6\n|start\n|switch|p1a: Ogerpon|Ogerpon-Wellspring, F|100/100\n|switch|p2a: Araquanid|Araquanid, M|100/100\n|turn|1\n|\n|t:|1782536213\n|move|p1a: Ogerpon|Swords Dance|p1a: Ogerpon\n|-boost|p1a: Ogerpon|atk|2\n|move|p2a: Araquanid|Lunge|p1a: Ogerpon\n|-supereffective|p1a: Ogerpon\n|-damage|p1a: Ogerpon|52/100\n|-unboost|p1a: Ogerpon|atk|1\n|\n|upkeep\n|turn|2\n|inactive|Pinkacross Alt has 120 seconds left.\n|\n|t:|1782536245\n|switch|p1a: Garchomp|Garchomp, M|100/100\n|move|p2a: Araquanid|Sticky Web|p1a: Garchomp\n|-sidestart|p1: temporarylight|move: Sticky Web\n|\n|upkeep\n|turn|3\n|inactive|Pinkacross Alt has 120 seconds left.\n|\n|t:|1782536263\n|switch|p2a: Enamorus|Enamorus, F|100/100\n|move|p1a: Garchomp|Stealth Rock|p2a: Enamorus\n|-sidestart|p2: Pinkacross Alt|move: Stealth Rock\n|\n|upkeep\n|turn|4\n|\n|t:|1782536269\n|switch|p1a: Gholdengo|Gholdengo|100/100\n|-item|p1a: Gholdengo|Air Balloon\n|move|p2a: Enamorus|Substitute|p2a: Enamorus\n|-start|p2a: Enamorus|Substitute\n|-damage|p2a: Enamorus|76/100\n|\n|upkeep\n|turn|5\n|\n|t:|1782536274\n|move|p2a: Enamorus|Draining Kiss|p1a: Gholdengo\n|-resisted|p1a: Gholdengo\n|-damage|p1a: Gholdengo|82/100\n|-heal|p2a: Enamorus|94/100|[from] drain|[of] p1a: Gholdengo\n|-enditem|p1a: Gholdengo|Air Balloon\n|-damage|p2a: Enamorus|84/100|[from] item: Life Orb\n|move|p1a: Gholdengo|Hex|p2a: Enamorus\n|-end|p2a: Enamorus|Substitute\n|\n|upkeep\n|turn|6\n|\n|t:|1782536279\n|switch|p1a: Darkrai|Darkrai|100/100\n|move|p2a: Enamorus|Earth Power|p1a: Darkrai\n|-damage|p1a: Darkrai|29/100\n|-damage|p2a: Enamorus|74/100|[from] item: Life Orb\n|\n|upkeep\n|turn|7\n|\n|t:|1782536287\n|switch|p2a: Zamazenta|Zamazenta|100/100\n|-damage|p2a: Zamazenta|94/100|[from] Stealth Rock\n|-ability|p2a: Zamazenta|Dauntless Shield|boost\n|-boost|p2a: Zamazenta|def|1\n|move|p1a: Darkrai|Ice Beam|p2a: Zamazenta\n|-damage|p2a: Zamazenta|69/100\n|\n|upkeep\n|turn|8\n|\n|t:|1782536292\n|switch|p1a: Garchomp|Garchomp, M|100/100\n|-activate|p1a: Garchomp|move: Sticky Web\n|-unboost|p1a: Garchomp|spe|1\n|move|p2a: Zamazenta|Light Screen|p2a: Zamazenta\n|-sidestart|p2: Pinkacross Alt|move: Light Screen\n|\n|upkeep\n|turn|9\n|\n|t:|1782536297\n|move|p2a: Zamazenta|Reflect|p2a: Zamazenta\n|-sidestart|p2: Pinkacross Alt|Reflect\n|move|p1a: Garchomp|Spikes|p2a: Zamazenta\n|-sidestart|p2: Pinkacross Alt|Spikes\n|\n|upkeep\n|turn|10\n|\n|t:|1782536301\n|switch|p2a: Enamorus|Enamorus, F|74/100\n|-damage|p2a: Enamorus|49/100|[from] Stealth Rock\n|switch|p1a: Darkrai|Darkrai|29/100\n|\n|upkeep\n|turn|11\n|\n|t:|1782536307\n|move|p1a: Darkrai|Ice Beam|p2a: Enamorus\n|-supereffective|p2a: Enamorus\n|-damage|p2a: Enamorus|1/100\n|move|p2a: Enamorus|Draining Kiss|p1a: Darkrai\n|-supereffective|p1a: Darkrai\n|-damage|p1a: Darkrai|0 fnt\n|-heal|p2a: Enamorus|22/100|[from] drain|[of] p1a: Darkrai\n|faint|p1a: Darkrai\n|-damage|p2a: Enamorus|12/100|[from] item: Life Orb\n|\n|upkeep\n|\n|t:|1782536314\n|switch|p1a: Iron Treads|Iron Treads|100/100\n|-activate|p1a: Iron Treads|move: Sticky Web\n|-unboost|p1a: Iron Treads|spe|1\n|turn|12\n|\n|t:|1782536336\n|move|p2a: Enamorus|Earth Power|p1a: Iron Treads\n|-supereffective|p1a: Iron Treads\n|-damage|p1a: Iron Treads|3/100\n|-damage|p2a: Enamorus|2/100|[from] item: Life Orb\n|move|p1a: Iron Treads|Knock Off|p2a: Enamorus\n|-resisted|p2a: Enamorus\n|-damage|p2a: Enamorus|0 fnt\n|-enditem|p2a: Enamorus|Life Orb|[from] move: Knock Off|[of] p1a: Iron Treads\n|faint|p2a: Enamorus\n|\n|-heal|p1a: Iron Treads|9/100|[from] item: Leftovers\n|upkeep\n|inactive|Pinkacross Alt has 120 seconds left.\n|inactive|Pinkacross Alt has 90 seconds left.\n|\n|t:|1782536399\n|switch|p2a: Iron Treads|Iron Treads|100/100\n|-damage|p2a: Iron Treads|97/100|[from] Stealth Rock\n|-damage|p2a: Iron Treads|85/100|[from] Spikes\n|-enditem|p2a: Iron Treads|Booster Energy\n|-activate|p2a: Iron Treads|ability: Quark Drive|[fromitem]\n|-start|p2a: Iron Treads|quarkdriveatk\n|turn|13\n|\n|t:|1782536408\n|move|p2a: Iron Treads|Earthquake|p1a: Iron Treads\n|-supereffective|p1a: Iron Treads\n|-damage|p1a: Iron Treads|0 fnt\n|faint|p1a: Iron Treads\n|-end|p1a: Iron Treads|Quark Drive|[silent]\n|\n|upkeep\n|\n|t:|1782536416\n|switch|p1a: Ogerpon|Ogerpon-Wellspring, F|52/100\n|-activate|p1a: Ogerpon|move: Sticky Web\n|-unboost|p1a: Ogerpon|spe|1\n|turn|14\n|\n|t:|1782536420\n|move|p2a: Iron Treads|Rapid Spin|p1a: Ogerpon\n|-damage|p1a: Ogerpon|25/100\n|-boost|p2a: Iron Treads|spe|1\n|-sideend|p2: Pinkacross Alt|Spikes|[from] move: Rapid Spin|[of] p2a: Iron Treads\n|-sideend|p2: Pinkacross Alt|Stealth Rock|[from] move: Rapid Spin|[of] p2a: Iron Treads\n|move|p1a: Ogerpon|Synthesis|p1a: Ogerpon\n|-heal|p1a: Ogerpon|75/100\n|\n|upkeep\n|turn|15\n|j| brother iggins\n|j| 10ths\n|\n|t:|1782536433\n|-end|p2a: Iron Treads|Quark Drive|[silent]\n|switch|p2a: Kingdra|Kingdra, F|100/100\n|move|p1a: Ogerpon|Trailblaze|p2a: Kingdra\n|-damage|p2a: Kingdra|85/100\n|-boost|p1a: Ogerpon|spe|1\n|\n|-sideend|p2: Pinkacross Alt|move: Light Screen\n|upkeep\n|turn|16\n|\n|t:|1782536442\n|move|p1a: Ogerpon|Trailblaze|p2a: Kingdra\n|-damage|p2a: Kingdra|69/100\n|-boost|p1a: Ogerpon|spe|1\n|move|p2a: Kingdra|Focus Energy|p2a: Kingdra\n|-start|p2a: Kingdra|move: Focus Energy\n|\n|-sideend|p2: Pinkacross Alt|Reflect\n|upkeep\n|turn|17\n|\n|t:|1782536461\n|move|p1a: Ogerpon|Trailblaze|p2a: Kingdra\n|-damage|p2a: Kingdra|33/100\n|-boost|p1a: Ogerpon|spe|1\n|move|p2a: Kingdra|Draco Meteor|p1a: Ogerpon|[miss]\n|-miss|p2a: Kingdra|p1a: Ogerpon\n|\n|upkeep\n|turn|18\n|\n|t:|1782536470\n|-terastallize|p2a: Kingdra|Dragon\n|move|p1a: Ogerpon|Trailblaze|p2a: Kingdra\n|-resisted|p2a: Kingdra\n|-damage|p2a: Kingdra|16/100\n|-boost|p1a: Ogerpon|spe|1\n|move|p2a: Kingdra|Draco Meteor|p1a: Ogerpon\n|-crit|p1a: Ogerpon\n|-damage|p1a: Ogerpon|0 fnt\n|-unboost|p2a: Kingdra|spa|2\n|faint|p1a: Ogerpon\n|\n|upkeep\n|-message|temporarylight forfeited.\n|\n|win|Pinkacross Alt\n|raw|temporarylight's rating: 1784 &rarr; <strong>1763</strong><br />(-21 for losing)\n|raw|Pinkacross Alt's rating: 1758 &rarr; <strong>1779</strong><br />(+21 for winning)\n|l|☆Pinkacross Alt\n|player|p2|\n|l| brother iggins\n|j| arturohdez\n|l| arturohdez\n|j| Garden of Dreams\n", "uploadtime": 1782536501, "views": 24, "formatid": "gen9ou", "rating": 1763, "private": 0, "password": null}