{"id": "gen9ou-2639926786", "format": "[Gen 9] OU", "players": ["gojo du m", "bacchunysus"], "log": "|j|☆gojo du m\n|j|☆bacchunysus\n|t:|1782545151\n|gametype|singles\n|player|p1|gojo du m|brawly|1700\n|player|p2|bacchunysus|baker|1638\n|gen|9\n|tier|[Gen 9] OU\n|rated|\n|rule|HP Percentage Mod: HP is shown in percentages\n|rule|Endless Battle Clause: Forcing endless battles is banned\n|rule|Species Clause: Limit one of each Pokémon\n|rule|OHKO Clause: OHKO moves are banned\n|rule|Evasion Items Clause: Evasion items are banned\n|rule|Evasion Moves Clause: Evasion moves are banned\n|rule|Evasion Abilities Clause: Evasion abilities are banned\n|rule|Sleep Moves Clause: Sleep-inducing moves are banned\n|clearpoke\n|poke|p1|Great Tusk|\n|poke|p1|Primarina, M|\n|poke|p1|Ting-Lu|\n|poke|p1|Slowking-Galar, M|\n|poke|p1|Dragonite, F|\n|poke|p1|Raging Bolt|\n|poke|p2|Zamazenta-*|\n|poke|p2|Hoopa-Unbound|\n|poke|p2|Okidogi, M|\n|poke|p2|Chesnaught, M|\n|poke|p2|Garchomp, F|\n|poke|p2|Scizor, M|\n|teampreview\n|inactive|Battle timer is ON: inactive players will automatically lose when time's up. (requested by bacchunysus)\n|\n|t:|1782545158\n|teamsize|p1|6\n|teamsize|p2|6\n|start\n|switch|p1a: Slowking|Slowking-Galar, M|100/100\n|switch|p2a: Hoopa|Hoopa-Unbound|100/100\n|turn|1\n|\n|t:|1782545165\n|switch|p1a: Ting-Lu|Ting-Lu|100/100\n|-ability|p1a: Ting-Lu|Vessel of Ruin\n|move|p2a: Hoopa|Knock Off|p1a: Ting-Lu\n|-resisted|p1a: Ting-Lu\n|-damage|p1a: Ting-Lu|85/100\n|-enditem|p1a: Ting-Lu|Leftovers|[from] move: Knock Off|[of] p2a: Hoopa\n|\n|upkeep\n|turn|2\n|\n|t:|1782545175\n|switch|p2a: Scizor|Scizor, M|100/100\n|move|p1a: Ting-Lu|Stealth Rock|p2a: Scizor\n|-sidestart|p2: bacchunysus|move: Stealth Rock\n|\n|upkeep\n|turn|3\n|\n|t:|1782545181\n|switch|p1a: Great Tusk|Great Tusk|100/100\n|move|p2a: Scizor|Defog|p1a: Great Tusk\n|-unboost|p1a: Great Tusk|evasion|1\n|-sideend|p2: bacchunysus|Stealth Rock|[from] move: Defog|[of] p2a: Scizor\n|\n|upkeep\n|turn|4\n|\n|t:|1782545195\n|switch|p2a: Chesnaught|Chesnaught, M, shiny|100/100\n|move|p1a: Great Tusk|Earthquake|p2a: Chesnaught\n|-resisted|p2a: Chesnaught\n|-damage|p2a: Chesnaught|88/100\n|\n|upkeep\n|turn|5\n|\n|t:|1782545205\n|-end|p1a: Great Tusk|Protosynthesis|[silent]\n|switch|p1a: Slowking|Slowking-Galar, M|100/100\n|move|p2a: Chesnaught|Leech Seed|p1a: Slowking|[miss]\n|-miss|p2a: Chesnaught|p1a: Slowking\n|\n|upkeep\n|turn|6\n|\n|t:|1782545217\n|switch|p2a: Scizor|Scizor, M|100/100\n|move|p1a: Slowking|Psychic|p2a: Scizor\n|-resisted|p2a: Scizor\n|-damage|p2a: Scizor|71/100\n|\n|upkeep\n|turn|7\n|\n|t:|1782545224\n|move|p2a: Scizor|U-turn|p1a: Slowking\n|-damage|p1a: Slowking|39/100\n|\n|t:|1782545227\n|switch|p2a: Hoopa|Hoopa-Unbound|100/100|[from] U-turn\n|move|p1a: Slowking|Flamethrower|p2a: Hoopa\n|-damage|p2a: Hoopa|82/100\n|\n|upkeep\n|turn|8\n|\n|t:|1782545236\n|switch|p1a: Ting-Lu|Ting-Lu|85/100\n|-ability|p1a: Ting-Lu|Vessel of Ruin\n|move|p2a: Hoopa|Knock Off|p1a: Ting-Lu\n|-resisted|p1a: Ting-Lu\n|-damage|p1a: Ting-Lu|74/100\n|\n|upkeep\n|turn|9\n|\n|t:|1782545246\n|switch|p2a: Scizor|Scizor, M|71/100\n|move|p1a: Ting-Lu|Ruination|p2a: Scizor\n|-damage|p2a: Scizor|36/100\n|\n|upkeep\n|turn|10\n|\n|t:|1782545255\n|switch|p1a: Great Tusk|Great Tusk|100/100\n|move|p2a: Scizor|U-turn|p1a: Great Tusk\n|-resisted|p1a: Great Tusk\n|-damage|p1a: Great Tusk|86/100\n|-damage|p2a: Scizor|19/100|[from] item: Rocky Helmet|[of] p1a: Great Tusk\n|\n|t:|1782545261\n|switch|p2a: Chesnaught|Chesnaught, M, shiny|88/100|[from] U-turn\n|\n|upkeep\n|turn|11\n|\n|t:|1782545267\n|-end|p1a: Great Tusk|Protosynthesis|[silent]\n|switch|p1a: Slowking|Slowking-Galar, M|73/100\n|switch|p2a: Hoopa|Hoopa-Unbound|82/100\n|\n|upkeep\n|turn|12\n|\n|t:|1782545274\n|switch|p1a: Ting-Lu|Ting-Lu|74/100\n|-ability|p1a: Ting-Lu|Vessel of Ruin\n|move|p2a: Hoopa|Drain Punch|p1a: Ting-Lu\n|-supereffective|p1a: Ting-Lu\n|-damage|p1a: Ting-Lu|40/100\n|-heal|p2a: Hoopa|100/100|[from] drain|[of] p1a: Ting-Lu\n|\n|upkeep\n|turn|13\n|\n|t:|1782545285\n|switch|p2a: Chesnaught|Chesnaught, M, shiny|88/100\n|move|p1a: Ting-Lu|Stealth Rock|p2a: Chesnaught\n|-sidestart|p2: bacchunysus|move: Stealth Rock\n|\n|upkeep\n|turn|14\n|\n|t:|1782545292\n|switch|p1a: Slowking|Slowking-Galar, M|100/100\n|move|p2a: Chesnaught|Leech Seed|p1a: Slowking\n|-start|p1a: Slowking|move: Leech Seed\n|\n|-damage|p1a: Slowking|88/100|[from] Leech Seed|[of] p2a: Chesnaught\n|-heal|p2a: Chesnaught|100/100|[silent]\n|upkeep\n|turn|15\n|\n|t:|1782545304\n|switch|p2a: Scizor|Scizor, M|19/100\n|-damage|p2a: Scizor|7/100|[from] Stealth Rock\n|move|p1a: Slowking|Ice Beam|p2a: Scizor\n|-resisted|p2a: Scizor\n|-damage|p2a: Scizor|0 fnt\n|faint|p2a: Scizor\n|\n|upkeep\n|\n|t:|1782545307\n|switch|p2a: Hoopa|Hoopa-Unbound|100/100\n|-damage|p2a: Hoopa|88/100|[from] Stealth Rock\n|turn|16\n|\n|t:|1782545320\n|switch|p1a: Primarina|Primarina, M|100/100\n|move|p2a: Hoopa|Drain Punch|p1a: Primarina\n|-resisted|p1a: Primarina\n|-damage|p1a: Primarina|84/100\n|-heal|p2a: Hoopa|98/100|[from] drain|[of] p1a: Primarina\n|\n|upkeep\n|turn|17\n|\n|t:|1782545332\n|move|p2a: Hoopa|Knock Off|p1a: Primarina\n|-resisted|p1a: Primarina\n|-damage|p1a: Primarina|49/100\n|-enditem|p1a: Primarina|Choice Specs|[from] move: Knock Off|[of] p2a: Hoopa\n|move|p1a: Primarina|Moonblast|p2a: Hoopa\n|-supereffective|p2a: Hoopa\n|-damage|p2a: Hoopa|38/100\n|\n|upkeep\n|turn|18\n|\n|t:|1782545342\n|move|p2a: Hoopa|Thunderbolt|p1a: Primarina\n|-supereffective|p1a: Primarina\n|-damage|p1a: Primarina|0 fnt\n|faint|p1a: Primarina\n|\n|upkeep\n|\n|t:|1782545367\n|switch|p1a: Great Tusk|Great Tusk|86/100\n|turn|19\n|\n|t:|1782545376\n|move|p2a: Hoopa|Psychic|p1a: Great Tusk\n|-supereffective|p1a: Great Tusk\n|-damage|p1a: Great Tusk|0 fnt\n|faint|p1a: Great Tusk\n|-end|p1a: Great Tusk|Protosynthesis|[silent]\n|\n|upkeep\n|\n|t:|1782545386\n|switch|p1a: Dragonite|Dragonite, F|100/100\n|turn|20\n|\n|t:|1782545392\n|switch|p2a: Chesnaught|Chesnaught, M, shiny|100/100\n|-damage|p2a: Chesnaught|94/100|[from] Stealth Rock\n|move|p1a: Dragonite|Extreme Speed|p2a: Chesnaught\n|-damage|p2a: Chesnaught|78/100\n|-damage|p1a: Dragonite|84/100|[from] item: Rocky Helmet|[of] p2a: Chesnaught\n|\n|upkeep\n|turn|21\n|\n|t:|1782545402\n|switch|p1a: Slowking|Slowking-Galar, M|100/100\n|move|p2a: Chesnaught|Leech Seed|p1a: Slowking\n|-start|p1a: Slowking|move: Leech Seed\n|\n|-damage|p1a: Slowking|88/100|[from] Leech Seed|[of] p2a: Chesnaught\n|-heal|p2a: Chesnaught|91/100|[silent]\n|upkeep\n|turn|22\n|\n|t:|1782545412\n|move|p2a: Chesnaught|Spiky Shield|p2a: Chesnaught\n|-singleturn|p2a: Chesnaught|move: Protect\n|move|p1a: Slowking|Ice Beam|p2a: Chesnaught\n|-activate|p2a: Chesnaught|move: Protect\n|\n|-damage|p1a: Slowking|76/100|[from] Leech Seed|[of] p2a: Chesnaught\n|-heal|p2a: Chesnaught|100/100|[silent]\n|upkeep\n|turn|23\n|\n|t:|1782545423\n|switch|p2a: Hoopa|Hoopa-Unbound|38/100\n|-damage|p2a: Hoopa|26/100|[from] Stealth Rock\n|move|p1a: Slowking|Ice Beam|p2a: Hoopa\n|-damage|p2a: Hoopa|6/100\n|\n|-damage|p1a: Slowking|63/100|[from] Leech Seed|[of] p2a: Hoopa\n|-heal|p2a: Hoopa|22/100|[silent]\n|upkeep\n|turn|24\n|\n|t:|1782545435\n|switch|p1a: Dragonite|Dragonite, F|84/100\n|move|p2a: Hoopa|Drain Punch|p1a: Dragonite\n|-resisted|p1a: Dragonite\n|-damage|p1a: Dragonite|69/100\n|-heal|p2a: Hoopa|31/100|[from] drain|[of] p1a: Dragonite\n|\n|upkeep\n|turn|25\n|\n|t:|1782545444\n|switch|p2a: Chesnaught|Chesnaught, M, shiny|100/100\n|-damage|p2a: Chesnaught|94/100|[from] Stealth Rock\n|move|p1a: Dragonite|Ice Spinner|p2a: Chesnaught\n|-supereffective|p2a: Chesnaught\n|-damage|p2a: Chesnaught|60/100\n|-damage|p1a: Dragonite|52/100|[from] item: Rocky Helmet|[of] p2a: Chesnaught\n|\n|upkeep\n|turn|26\n|\n|t:|1782545454\n|switch|p1a: Slowking|Slowking-Galar, M|96/100\n|move|p2a: Chesnaught|Leech Seed|p1a: Slowking\n|-start|p1a: Slowking|move: Leech Seed\n|\n|-damage|p1a: Slowking|84/100|[from] Leech Seed|[of] p2a: Chesnaught\n|-heal|p2a: Chesnaught|73/100|[silent]\n|upkeep\n|turn|27\n|\n|t:|1782545473\n|move|p2a: Chesnaught|Spiky Shield|p2a: Chesnaught\n|-singleturn|p2a: Chesnaught|move: Protect\n|move|p1a: Slowking|Psychic|p2a: Chesnaught\n|-activate|p2a: Chesnaught|move: Protect\n|\n|-damage|p1a: Slowking|72/100|[from] Leech Seed|[of] p2a: Chesnaught\n|-heal|p2a: Chesnaught|86/100|[silent]\n|upkeep\n|turn|28\n|\n|t:|1782545484\n|move|p2a: Chesnaught|Body Press|p1a: Slowking\n|-resisted|p1a: Slowking\n|-damage|p1a: Slowking|61/100\n|move|p1a: Slowking|Ice Beam|p2a: Chesnaught\n|-supereffective|p2a: Chesnaught\n|-damage|p2a: Chesnaught|14/100\n|\n|-damage|p1a: Slowking|48/100|[from] Leech Seed|[of] p2a: Chesnaught\n|-heal|p2a: Chesnaught|27/100|[silent]\n|upkeep\n|turn|29\n|\n|t:|1782545497\n|move|p2a: Chesnaught|Body Press|p1a: Slowking\n|-resisted|p1a: Slowking\n|-damage|p1a: Slowking|37/100\n|move|p1a: Slowking|Ice Beam|p2a: Chesnaught\n|-supereffective|p2a: Chesnaught\n|-damage|p2a: Chesnaught|0 fnt\n|faint|p2a: Chesnaught\n|\n|upkeep\n|\n|t:|1782545509\n|switch|p2a: Hoopa|Hoopa-Unbound|31/100\n|-damage|p2a: Hoopa|18/100|[from] Stealth Rock\n|turn|30\n|\n|t:|1782545515\n|switch|p1a: Ting-Lu|Ting-Lu|40/100\n|-ability|p1a: Ting-Lu|Vessel of Ruin\n|move|p2a: Hoopa|Knock Off|p1a: Ting-Lu\n|-resisted|p1a: Ting-Lu\n|-damage|p1a: Ting-Lu|29/100\n|\n|upkeep\n|turn|31\n|\n|t:|1782545525\n|move|p2a: Hoopa|Drain Punch|p1a: Ting-Lu\n|-supereffective|p1a: Ting-Lu\n|-damage|p1a: Ting-Lu|0 fnt\n|-heal|p2a: Hoopa|42/100|[from] drain|[of] p1a: Ting-Lu\n|faint|p1a: Ting-Lu\n|\n|upkeep\n|\n|t:|1782545534\n|switch|p1a: Dragonite|Dragonite, F|52/100\n|turn|32\n|\n|t:|1782545540\n|move|p1a: Dragonite|Earthquake|p2a: Hoopa\n|-damage|p2a: Hoopa|0 fnt\n|faint|p2a: Hoopa\n|\n|upkeep\n|\n|t:|1782545542\n|switch|p2a: Garchomp|Garchomp, F, shiny|100/100\n|-damage|p2a: Garchomp|94/100|[from] Stealth Rock\n|turn|33\n|\n|t:|1782545551\n|move|p2a: Garchomp|Scale Shot|p1a: Dragonite\n|-supereffective|p1a: Dragonite\n|-damage|p1a: Dragonite|18/100\n|-supereffective|p1a: Dragonite\n|-damage|p1a: Dragonite|0 fnt\n|faint|p1a: Dragonite\n|-hitcount|p1: Dragonite|2\n|-unboost|p2a: Garchomp|def|1\n|-boost|p2a: Garchomp|spe|1\n|\n|upkeep\n|\n|t:|1782545562\n|switch|p1a: Raging Bolt|Raging Bolt|100/100\n|turn|34\n|\n|t:|1782545566\n|-terastallize|p1a: Raging Bolt|Bug\n|move|p2a: Garchomp|Substitute|p2a: Garchomp\n|-start|p2a: Garchomp|Substitute\n|-damage|p2a: Garchomp|69/100\n|move|p1a: Raging Bolt|Calm Mind|p1a: Raging Bolt\n|-boost|p1a: Raging Bolt|spa|1\n|-boost|p1a: Raging Bolt|spd|1\n|\n|upkeep\n|turn|35\n|\n|t:|1782545576\n|move|p2a: Garchomp|Scale Shot|p1a: Raging Bolt\n|-damage|p1a: Raging Bolt|93/100\n|-damage|p1a: Raging Bolt|85/100\n|-damage|p1a: Raging Bolt|76/100\n|-damage|p1a: Raging Bolt|68/100\n|-hitcount|p1a: Raging Bolt|4\n|-unboost|p2a: Garchomp|def|1\n|-boost|p2a: Garchomp|spe|1\n|move|p1a: Raging Bolt|Dragon Pulse|p2a: Garchomp\n|-supereffective|p2a: Garchomp\n|-end|p2a: Garchomp|Substitute\n|\n|-heal|p1a: Raging Bolt|74/100|[from] item: Leftovers\n|upkeep\n|turn|36\n|\n|t:|1782545595\n|move|p2a: Garchomp|Scale Shot|p1a: Raging Bolt\n|-damage|p1a: Raging Bolt|66/100\n|-damage|p1a: Raging Bolt|57/100\n|-damage|p1a: Raging Bolt|49/100\n|-damage|p1a: Raging Bolt|40/100\n|-damage|p1a: Raging Bolt|31/100\n|-hitcount|p1a: Raging Bolt|5\n|-unboost|p2a: Garchomp|def|1\n|-boost|p2a: Garchomp|spe|1\n|move|p1a: Raging Bolt|Dragon Pulse|p2a: Garchomp\n|-supereffective|p2a: Garchomp\n|-damage|p2a: Garchomp|0 fnt\n|faint|p2a: Garchomp\n|\n|-heal|p1a: Raging Bolt|37/100|[from] item: Leftovers\n|upkeep\n|\n|t:|1782545598\n|switch|p2a: Zamazenta|Zamazenta|100/100\n|-damage|p2a: Zamazenta|94/100|[from] Stealth Rock\n|-ability|p2a: Zamazenta|Dauntless Shield|boost\n|-boost|p2a: Zamazenta|def|1\n|turn|37\n|\n|t:|1782545622\n|move|p2a: Zamazenta|Body Press|p1a: Raging Bolt\n|-resisted|p1a: Raging Bolt\n|-damage|p1a: Raging Bolt|21/100\n|move|p1a: Raging Bolt|Thunderbolt|p2a: Zamazenta\n|-damage|p2a: Zamazenta|41/100\n|\n|-heal|p2a: Zamazenta|47/100|[from] item: Leftovers\n|-heal|p1a: Raging Bolt|27/100|[from] item: Leftovers\n|upkeep\n|turn|38\n|\n|t:|1782545633\n|move|p1a: Raging Bolt|Thunderclap|p2a: Zamazenta\n|-damage|p2a: Zamazenta|0 fnt\n|faint|p2a: Zamazenta\n|\n|-heal|p1a: Raging Bolt|33/100|[from] item: Leftovers\n|upkeep\n|\n|t:|1782545635\n|switch|p2a: Okidogi|Okidogi, M|100/100\n|-damage|p2a: Okidogi|95/100|[from] Stealth Rock\n|turn|39\n|\n|t:|1782545647\n|-terastallize|p2a: Okidogi|Ground\n|move|p2a: Okidogi|Knock Off|p1a: Raging Bolt\n|-damage|p1a: Raging Bolt|12/100\n|-enditem|p1a: Raging Bolt|Leftovers|[from] move: Knock Off|[of] p2a: Okidogi\n|move|p1a: Raging Bolt|Thunderbolt|p2a: Okidogi\n|-immune|p2a: Okidogi\n|\n|-heal|p2a: Okidogi|100/100|[from] item: Leftovers\n|upkeep\n|turn|40\n|\n|t:|1782545660\n|move|p2a: Okidogi|Ice Punch|p1a: Raging Bolt\n|-damage|p1a: Raging Bolt|0 fnt\n|faint|p1a: Raging Bolt\n|-end|p1a: Raging Bolt|Protosynthesis|[silent]\n|\n|upkeep\n|\n|t:|1782545668\n|switch|p1a: Slowking|Slowking-Galar, M|70/100\n|turn|41\n|c|☆bacchunysus|gg\n|\n|t:|1782545672\n|move|p2a: Okidogi|Knock Off|p1a: Slowking\n|-supereffective|p1a: Slowking\n|-damage|p1a: Slowking|0 fnt\n|-enditem|p1a: Slowking|Assault Vest|[from] move: Knock Off|[of] p2a: Okidogi\n|faint|p1a: Slowking\n|\n|win|bacchunysus\n|raw|gojo du m's rating: 1700 &rarr; <strong>1676</strong><br />(-24 for losing)\n|raw|bacchunysus's rating: 1638 &rarr; <strong>1662</strong><br />(+24 for winning)\n|l|☆gojo du m\n|player|p1|\n|l|☆bacchunysus\n|player|p2|\n", "uploadtime": 1782545905, "views": 10, "formatid": "gen9ou", "rating": 1662, "private": 0, "password": null}