{"id": "gen9ou-2639258407", "format": "[Gen 9] OU", "players": ["678913a", "BobDaBidoof"], "log": "|j|☆678913a\n|j|☆BobDaBidoof\n|t:|1782441662\n|gametype|singles\n|player|p1|678913a|lass-gen4dp|1089\n|player|p2|BobDaBidoof|gambler|1085\n|gen|9\n|tier|[Gen 9] OU\n|rated|\n|rule|HP Percentage Mod: HP is shown in percentages\n|rule|Endless Battle Clause: Forcing endless battles is banned\n|rule|Species Clause: Limit one of each Pokémon\n|rule|OHKO Clause: OHKO moves are banned\n|rule|Evasion Items Clause: Evasion items are banned\n|rule|Evasion Moves Clause: Evasion moves are banned\n|rule|Evasion Abilities Clause: Evasion abilities are banned\n|rule|Sleep Moves Clause: Sleep-inducing moves are banned\n|clearpoke\n|poke|p1|Hydreigon, M|\n|poke|p1|Gholdengo|\n|poke|p1|Hatterene, F|\n|poke|p1|Iron Jugulis|\n|poke|p1|Great Tusk|\n|poke|p1|Alomomola, F|\n|poke|p2|Kleavor, M|\n|poke|p2|Tornadus, M|\n|poke|p2|Ogerpon-Wellspring, F|\n|poke|p2|Clodsire, F|\n|poke|p2|Gholdengo|\n|poke|p2|Malamar, F|\n|teampreview\n|inactive|Battle timer is ON: inactive players will automatically lose when time's up. (requested by 678913a)\n|\n|t:|1782441684\n|teamsize|p1|6\n|teamsize|p2|6\n|start\n|switch|p1a: Iron Jugulis|Iron Jugulis|100/100\n|switch|p2a: Kleavor|Kleavor, M|100/100\n|turn|1\n|\n|t:|1782441694\n|move|p1a: Iron Jugulis|U-turn|p2a: Kleavor\n|-damage|p2a: Kleavor|86/100\n|\n|t:|1782441698\n|-end|p1a: Iron Jugulis|Quark Drive|[silent]\n|switch|p1a: Great Tusk|Great Tusk|100/100|[from] U-turn\n|move|p2a: Kleavor|Swords Dance|p2a: Kleavor\n|-boost|p2a: Kleavor|atk|2\n|\n|upkeep\n|turn|2\n|\n|t:|1782441709\n|move|p1a: Great Tusk|Earthquake|p2a: Kleavor\n|-damage|p2a: Kleavor|32/100\n|move|p2a: Kleavor|Focus Energy|p2a: Kleavor\n|-start|p2a: Kleavor|move: Focus Energy\n|\n|upkeep\n|turn|3\n|\n|t:|1782441715\n|move|p1a: Great Tusk|Earthquake|p2a: Kleavor\n|-damage|p2a: Kleavor|0 fnt\n|faint|p2a: Kleavor\n|\n|upkeep\n|\n|t:|1782441724\n|switch|p2a: Malamar|Malamar, F|100/100\n|turn|4\n|\n|t:|1782441732\n|-end|p1a: Great Tusk|Protosynthesis|[silent]\n|switch|p1a: Alomomola|Alomomola, F|100/100\n|move|p2a: Malamar|Psycho Cut|p1a: Alomomola\n|-damage|p1a: Alomomola|69/100\n|-damage|p2a: Malamar|91/100|[from] item: Life Orb\n|\n|upkeep\n|turn|5\n|\n|t:|1782441741\n|move|p2a: Malamar|Superpower|p1a: Alomomola\n|-damage|p1a: Alomomola|32/100\n|-boost|p2a: Malamar|atk|1\n|-boost|p2a: Malamar|def|1\n|-damage|p2a: Malamar|81/100|[from] item: Life Orb\n|move|p1a: Alomomola|Flip Turn|p2a: Malamar\n|-damage|p2a: Malamar|69/100\n|\n|t:|1782441753\n|switch|p1a: Hatterene|Hatterene, F|100/100|[from] Flip Turn\n|\n|upkeep\n|turn|6\n|\n|t:|1782441764\n|move|p2a: Malamar|Knock Off|p1a: Hatterene\n|-damage|p1a: Hatterene|35/100\n|-enditem|p1a: Hatterene|Leftovers|[from] move: Knock Off|[of] p2a: Malamar\n|-damage|p2a: Malamar|59/100|[from] item: Life Orb\n|move|p1a: Hatterene|Draining Kiss|p2a: Malamar\n|-supereffective|p2a: Malamar\n|-damage|p2a: Malamar|13/100\n|-heal|p1a: Hatterene|70/100|[from] drain|[of] p2a: Malamar\n|\n|upkeep\n|turn|7\n|\n|t:|1782441780\n|switch|p1a: Iron Jugulis|Iron Jugulis|100/100\n|move|p2a: Malamar|Knock Off|p1a: Iron Jugulis\n|-resisted|p1a: Iron Jugulis\n|-damage|p1a: Iron Jugulis|51/100\n|-enditem|p1a: Iron Jugulis|Heavy-Duty Boots|[from] move: Knock Off|[of] p2a: Malamar\n|-damage|p2a: Malamar|3/100|[from] item: Life Orb\n|\n|upkeep\n|turn|8\n|\n|t:|1782441792\n|move|p1a: Iron Jugulis|U-turn|p2a: Malamar\n|-supereffective|p2a: Malamar\n|-damage|p2a: Malamar|0 fnt\n|faint|p2a: Malamar\n|\n|t:|1782441797\n|-end|p1a: Iron Jugulis|Quark Drive|[silent]\n|switch|p1a: Alomomola|Alomomola, F|65/100|[from] U-turn\n|\n|upkeep\n|\n|t:|1782441802\n|switch|p2a: Ogerpon|Ogerpon-Wellspring, F|100/100\n|turn|9\n|\n|t:|1782441816\n|move|p2a: Ogerpon|Play Rough|p1a: Alomomola\n|-damage|p1a: Alomomola|36/100\n|-unboost|p1a: Alomomola|atk|1\n|move|p1a: Alomomola|Wish|p1a: Alomomola\n|\n|upkeep\n|turn|10\n|\n|t:|1782441826\n|switch|p1a: Hatterene|Hatterene, F|70/100\n|move|p2a: Ogerpon|Play Rough|p1a: Hatterene\n|-damage|p1a: Hatterene|43/100\n|-unboost|p1a: Hatterene|atk|1\n|\n|-heal|p1a: Hatterene|100/100|[from] move: Wish|[wisher] Alomomola\n|upkeep\n|turn|11\n|\n|t:|1782441842\n|move|p2a: Ogerpon|Power Whip|p1a: Hatterene\n|-damage|p1a: Hatterene|43/100\n|move|p1a: Hatterene|Nuzzle|p2a: Ogerpon\n|-damage|p2a: Ogerpon|97/100\n|-status|p2a: Ogerpon|par\n|\n|upkeep\n|turn|12\n|\n|t:|1782441857\n|cant|p2a: Ogerpon|par\n|move|p1a: Hatterene|Draining Kiss|p2a: Ogerpon\n|-damage|p2a: Ogerpon|69/100 par\n|-heal|p1a: Hatterene|62/100|[from] drain|[of] p2a: Ogerpon\n|\n|upkeep\n|turn|13\n|\n|t:|1782441864\n|move|p2a: Ogerpon|Power Whip|p1a: Hatterene\n|-damage|p1a: Hatterene|10/100\n|move|p1a: Hatterene|Draining Kiss|p2a: Ogerpon\n|-damage|p2a: Ogerpon|42/100 par\n|-heal|p1a: Hatterene|29/100|[from] drain|[of] p2a: Ogerpon\n|\n|upkeep\n|turn|14\n|\n|t:|1782441876\n|move|p2a: Ogerpon|Power Whip|p1a: Hatterene\n|-damage|p1a: Hatterene|0 fnt\n|faint|p1a: Hatterene\n|\n|upkeep\n|\n|t:|1782441883\n|switch|p1a: Iron Jugulis|Iron Jugulis|51/100\n|turn|15\n|\n|t:|1782441888\n|move|p1a: Iron Jugulis|Air Slash|p2a: Ogerpon\n|-supereffective|p2a: Ogerpon\n|-damage|p2a: Ogerpon|0 fnt\n|faint|p2a: Ogerpon\n|\n|upkeep\n|\n|t:|1782441900\n|switch|p2a: Tornadus|Tornadus, M|100/100\n|turn|16\n|\n|t:|1782441909\n|move|p2a: Tornadus|Tailwind|p2a: Tornadus\n|-sidestart|p2: BobDaBidoof|move: Tailwind\n|move|p1a: Iron Jugulis|Dark Pulse|p2a: Tornadus\n|-damage|p2a: Tornadus|45/100\n|\n|upkeep\n|turn|17\n|\n|t:|1782441929\n|move|p2a: Tornadus|Bleakwind Storm|p1a: Iron Jugulis\n|-damage|p1a: Iron Jugulis|0 fnt\n|faint|p1a: Iron Jugulis\n|-end|p1a: Iron Jugulis|Quark Drive|[silent]\n|\n|upkeep\n|\n|t:|1782441937\n|switch|p1a: Gholdengo|Gholdengo|100/100\n|turn|18\n|\n|t:|1782441947\n|move|p2a: Tornadus|Heat Wave|p1a: Gholdengo\n|-supereffective|p1a: Gholdengo\n|-damage|p1a: Gholdengo|29/100\n|move|p1a: Gholdengo|Nasty Plot|p1a: Gholdengo\n|-boost|p1a: Gholdengo|spa|2\n|\n|upkeep\n|turn|19\n|\n|t:|1782441954\n|-terastallize|p1a: Gholdengo|Water\n|move|p2a: Tornadus|Heat Wave|p1a: Gholdengo\n|-resisted|p1a: Gholdengo\n|-damage|p1a: Gholdengo|10/100\n|move|p1a: Gholdengo|Recover|p1a: Gholdengo\n|-heal|p1a: Gholdengo|60/100\n|\n|-sideend|p2: BobDaBidoof|move: Tailwind\n|upkeep\n|turn|20\n|\n|t:|1782441964\n|move|p2a: Tornadus|Tailwind|p2a: Tornadus\n|-sidestart|p2: BobDaBidoof|move: Tailwind\n|move|p1a: Gholdengo|Recover|p1a: Gholdengo\n|-heal|p1a: Gholdengo|100/100\n|\n|upkeep\n|turn|21\n|\n|t:|1782441970\n|move|p2a: Tornadus|U-turn|p1a: Gholdengo\n|-damage|p1a: Gholdengo|82/100\n|\n|t:|1782441972\n|switch|p2a: Gholdengo|Gholdengo|100/100|[from] U-turn\n|move|p1a: Gholdengo|Shadow Ball|p2a: Gholdengo\n|-supereffective|p2a: Gholdengo\n|-damage|p2a: Gholdengo|0 fnt\n|faint|p2a: Gholdengo\n|\n|upkeep\n|\n|t:|1782441980\n|switch|p2a: Clodsire|Clodsire, F|100/100\n|turn|22\n|\n|t:|1782441987\n|move|p1a: Gholdengo|Make It Rain|p2a: Clodsire\n|-damage|p2a: Clodsire|31/100\n|-unboost|p1a: Gholdengo|spa|1\n|move|p2a: Clodsire|Amnesia|p2a: Clodsire\n|-boost|p2a: Clodsire|spd|2\n|\n|-heal|p2a: Clodsire|37/100|[from] item: Leftovers\n|upkeep\n|turn|23\n|\n|t:|1782441997\n|move|p1a: Gholdengo|Nasty Plot|p1a: Gholdengo\n|-boost|p1a: Gholdengo|spa|2\n|move|p2a: Clodsire|Recover|p2a: Clodsire\n|-heal|p2a: Clodsire|87/100\n|\n|-heal|p2a: Clodsire|93/100|[from] item: Leftovers\n|-sideend|p2: BobDaBidoof|move: Tailwind\n|upkeep\n|turn|24\n|\n|t:|1782442010\n|move|p1a: Gholdengo|Make It Rain|p2a: Clodsire\n|-damage|p2a: Clodsire|50/100\n|-unboost|p1a: Gholdengo|spa|1\n|move|p2a: Clodsire|Amnesia|p2a: Clodsire\n|-boost|p2a: Clodsire|spd|2\n|\n|-heal|p2a: Clodsire|57/100|[from] item: Leftovers\n|upkeep\n|turn|25\n|\n|t:|1782442022\n|switch|p1a: Great Tusk|Great Tusk|100/100\n|move|p2a: Clodsire|Recover|p2a: Clodsire\n|-heal|p2a: Clodsire|100/100\n|\n|upkeep\n|turn|26\n|\n|t:|1782442031\n|move|p1a: Great Tusk|Earthquake|p2a: Clodsire\n|-supereffective|p2a: Clodsire\n|-damage|p2a: Clodsire|0 fnt\n|faint|p2a: Clodsire\n|\n|upkeep\n|\n|t:|1782442035\n|switch|p2a: Tornadus|Tornadus, M|45/100\n|turn|27\n|\n|t:|1782442046\n|-end|p1a: Great Tusk|Protosynthesis|[silent]\n|switch|p1a: Gholdengo|Gholdengo, tera:Water|82/100\n|move|p2a: Tornadus|Bleakwind Storm|p1a: Gholdengo|[miss]\n|-miss|p2a: Tornadus|p1a: Gholdengo\n|\n|upkeep\n|turn|28\n|\n|t:|1782442055\n|move|p2a: Tornadus|Tailwind|p2a: Tornadus\n|-sidestart|p2: BobDaBidoof|move: Tailwind\n|move|p1a: Gholdengo|Make It Rain|p2a: Tornadus\n|-damage|p2a: Tornadus|0 fnt\n|-unboost|p1a: Gholdengo|spa|1\n|faint|p2a: Tornadus\n|\n|win|678913a\n|raw|678913a's rating: 1089 &rarr; <strong>1115</strong><br />(+26 for winning)\n|raw|BobDaBidoof's rating: 1085 &rarr; <strong>1063</strong><br />(-22 for losing)\n|l|☆678913a\n|player|p1|\n", "uploadtime": 1782442347, "views": 9, "formatid": "gen9ou", "rating": 1063, "private": 0, "password": null}