{"id": "gen9ou-2647821533", "format": "[Gen 9] OU", "players": ["ChessDennis", "luciuslemon"], "log": "|j|☆ChessDennis\n|j|☆luciuslemon\n|t:|1783818540\n|gametype|singles\n|player|p1|ChessDennis|2|1287\n|player|p2|luciuslemon|2|1303\n|gen|9\n|tier|[Gen 9] OU\n|rated|\n|rule|HP Percentage Mod: HP is shown in percentages\n|rule|Endless Battle Clause: Forcing endless battles is banned\n|rule|Species Clause: Limit one of each Pokémon\n|rule|OHKO Clause: OHKO moves are banned\n|rule|Evasion Items Clause: Evasion items are banned\n|rule|Evasion Moves Clause: Evasion moves are banned\n|rule|Evasion Abilities Clause: Evasion abilities are banned\n|rule|Sleep Moves Clause: Sleep-inducing moves are banned\n|clearpoke\n|poke|p1|Kingambit, F|\n|poke|p1|Gholdengo|\n|poke|p1|Ninetales-Alola, F|\n|poke|p1|Ting-Lu|\n|poke|p1|Amoonguss, M|\n|poke|p1|Tentacruel, M|\n|poke|p2|Torkoal, M|\n|poke|p2|Walking Wake|\n|poke|p2|Raging Bolt|\n|poke|p2|Leavanny, F|\n|poke|p2|Typhlosion-Hisui, F|\n|poke|p2|Lilligant-Hisui, F|\n|teampreview\n|\n|t:|1783818554\n|teamsize|p1|6\n|teamsize|p2|6\n|start\n|switch|p1a: Tentacruel|Tentacruel, M|100/100\n|switch|p2a: Torkoal|Torkoal, M|100/100\n|-weather|SunnyDay|[from] ability: Drought|[of] p2a: Torkoal\n|turn|1\n|\n|t:|1783818561\n|switch|p2a: Walking Wake|Walking Wake|100/100\n|-activate|p2a: Walking Wake|ability: Protosynthesis\n|-start|p2a: Walking Wake|protosynthesisspe\n|move|p1a: Tentacruel|Rain Dance|p1a: Tentacruel\n|-weather|RainDance\n|-end|p2a: Walking Wake|Protosynthesis\n|\n|-weather|RainDance|[upkeep]\n|upkeep\n|turn|2\n|\n|t:|1783818571\n|move|p2a: Walking Wake|Flip Turn|p1a: Tentacruel\n|-resisted|p1a: Tentacruel\n|-damage|p1a: Tentacruel|83/100\n|-damage|p2a: Walking Wake|91/100|[from] item: Life Orb\n|\n|t:|1783818576\n|-end|p2a: Walking Wake|Protosynthesis|[silent]\n|switch|p2a: Torkoal|Torkoal, M|100/100|[from] Flip Turn\n|-weather|SunnyDay|[from] ability: Drought|[of] p2a: Torkoal\n|move|p1a: Tentacruel|Sludge Wave|p2a: Torkoal\n|-damage|p2a: Torkoal|56/100\n|\n|-weather|SunnyDay|[upkeep]\n|-heal|p1a: Tentacruel|89/100|[from] item: Leftovers\n|upkeep\n|turn|3\n|\n|t:|1783818583\n|move|p1a: Tentacruel|Rain Dance|p1a: Tentacruel\n|-weather|RainDance\n|move|p2a: Torkoal|Stealth Rock|p1a: Tentacruel\n|-sidestart|p1: ChessDennis|move: Stealth Rock\n|\n|-weather|RainDance|[upkeep]\n|-heal|p1a: Tentacruel|95/100|[from] ability: Rain Dish\n|-heal|p1a: Tentacruel|100/100|[from] item: Leftovers\n|upkeep\n|turn|4\n|\n|t:|1783818587\n|switch|p2a: Walking Wake|Walking Wake|91/100\n|move|p1a: Tentacruel|Rapid Spin|p2a: Walking Wake\n|-damage|p2a: Walking Wake|83/100\n|-boost|p1a: Tentacruel|spe|1\n|-sideend|p1: ChessDennis|Stealth Rock|[from] move: Rapid Spin|[of] p1a: Tentacruel\n|\n|-weather|RainDance|[upkeep]\n|upkeep\n|turn|5\n|\n|t:|1783818594\n|move|p1a: Tentacruel|Sludge Wave|p2a: Walking Wake\n|-damage|p2a: Walking Wake|40/100\n|move|p2a: Walking Wake|Draco Meteor|p1a: Tentacruel\n|-damage|p1a: Tentacruel|30/100\n|-unboost|p2a: Walking Wake|spa|2\n|-damage|p2a: Walking Wake|30/100|[from] item: Life Orb\n|\n|-weather|RainDance|[upkeep]\n|-heal|p1a: Tentacruel|36/100|[from] ability: Rain Dish\n|-heal|p1a: Tentacruel|42/100|[from] item: Leftovers\n|upkeep\n|turn|6\n|\n|t:|1783818600\n|move|p1a: Tentacruel|Sludge Wave|p2a: Walking Wake\n|-damage|p2a: Walking Wake|0 fnt\n|faint|p2a: Walking Wake\n|-end|p2a: Walking Wake|Protosynthesis|[silent]\n|\n|-weather|RainDance|[upkeep]\n|-heal|p1a: Tentacruel|48/100|[from] ability: Rain Dish\n|-heal|p1a: Tentacruel|54/100|[from] item: Leftovers\n|upkeep\n|\n|t:|1783818609\n|switch|p2a: Raging Bolt|Raging Bolt|100/100\n|turn|7\n|\n|t:|1783818613\n|switch|p1a: Ninetales|Ninetales-Alola, F|100/100\n|-weather|Snowscape|[from] ability: Snow Warning|[of] p1a: Ninetales\n|move|p2a: Raging Bolt|Calm Mind|p2a: Raging Bolt\n|-boost|p2a: Raging Bolt|spa|1\n|-boost|p2a: Raging Bolt|spd|1\n|\n|-weather|Snowscape|[upkeep]\n|upkeep\n|turn|8\n|\n|t:|1783818623\n|-terastallize|p2a: Raging Bolt|Electric\n|move|p1a: Ninetales|Aurora Veil|p1a: Ninetales\n|-sidestart|p1: ChessDennis|move: Aurora Veil\n|move|p2a: Raging Bolt|Calm Mind|p2a: Raging Bolt\n|-boost|p2a: Raging Bolt|spa|1\n|-boost|p2a: Raging Bolt|spd|1\n|\n|-weather|Snowscape|[upkeep]\n|upkeep\n|turn|9\n|\n|t:|1783818632\n|switch|p1a: Ting-Lu|Ting-Lu|100/100\n|-ability|p1a: Ting-Lu|Vessel of Ruin\n|move|p2a: Raging Bolt|Calm Mind|p2a: Raging Bolt\n|-boost|p2a: Raging Bolt|spa|1\n|-boost|p2a: Raging Bolt|spd|1\n|\n|-weather|Snowscape|[upkeep]\n|upkeep\n|turn|10\n|\n|t:|1783818643\n|move|p2a: Raging Bolt|Weather Ball|p1a: Ting-Lu\n|-supereffective|p1a: Ting-Lu\n|-damage|p1a: Ting-Lu|44/100\n|move|p1a: Ting-Lu|Whirlwind|p2a: Raging Bolt\n|-end|p2a: Raging Bolt|Protosynthesis|[silent]\n|drag|p2a: Torkoal|Torkoal, M|56/100\n|-weather|SunnyDay|[from] ability: Drought|[of] p2a: Torkoal\n|\n|-weather|SunnyDay|[upkeep]\n|-heal|p1a: Ting-Lu|50/100|[from] item: Leftovers\n|upkeep\n|turn|11\n|\n|t:|1783818660\n|move|p1a: Ting-Lu|Spikes|p2a: Torkoal\n|-sidestart|p2: luciuslemon|Spikes\n|move|p2a: Torkoal|Stealth Rock|p1a: Ting-Lu\n|-sidestart|p1: ChessDennis|move: Stealth Rock\n|\n|-weather|SunnyDay|[upkeep]\n|-heal|p1a: Ting-Lu|56/100|[from] item: Leftovers\n|upkeep\n|turn|12\n|\n|t:|1783818687\n|switch|p2a: Lilligant|Lilligant-Hisui, F|100/100\n|-damage|p2a: Lilligant|88/100|[from] Spikes\n|-terastallize|p1a: Ting-Lu|Ghost\n|move|p1a: Ting-Lu|Spikes|p2a: Lilligant\n|-sidestart|p2: luciuslemon|Spikes\n|\n|-weather|SunnyDay|[upkeep]\n|-heal|p1a: Ting-Lu|62/100|[from] item: Leftovers\n|-sideend|p1: ChessDennis|move: Aurora Veil\n|upkeep\n|turn|13\n|\n|t:|1783818716\n|move|p2a: Lilligant|Solar Blade||[still]\n|-prepare|p2a: Lilligant|Solar Blade\n|-anim|p2a: Lilligant|Solar Blade|p1a: Ting-Lu\n|-damage|p1a: Ting-Lu|20/100\n|-damage|p2a: Lilligant|78/100|[from] item: Life Orb\n|move|p1a: Ting-Lu|Spikes|p2a: Lilligant\n|-sidestart|p2: luciuslemon|Spikes\n|\n|-weather|SunnyDay|[upkeep]\n|-heal|p1a: Ting-Lu|26/100|[from] item: Leftovers\n|upkeep\n|turn|14\n|\n|t:|1783818724\n|move|p2a: Lilligant|Solar Blade||[still]\n|-prepare|p2a: Lilligant|Solar Blade\n|-anim|p2a: Lilligant|Solar Blade|p1a: Ting-Lu\n|-damage|p1a: Ting-Lu|0 fnt\n|faint|p1a: Ting-Lu\n|-damage|p2a: Lilligant|68/100|[from] item: Life Orb\n|\n|-weather|SunnyDay|[upkeep]\n|upkeep\n|\n|t:|1783818727\n|switch|p1a: Ninetales|Ninetales-Alola, F|100/100\n|-damage|p1a: Ninetales|76/100|[from] Stealth Rock\n|-weather|Snowscape|[from] ability: Snow Warning|[of] p1a: Ninetales\n|turn|15\n|\n|t:|1783818732\n|move|p1a: Ninetales|Moonblast|p2a: Lilligant\n|-supereffective|p2a: Lilligant\n|-damage|p2a: Lilligant|0 fnt\n|faint|p2a: Lilligant\n|\n|-weather|Snowscape|[upkeep]\n|upkeep\n|\n|t:|1783818736\n|switch|p2a: Torkoal|Torkoal, M|56/100\n|-damage|p2a: Torkoal|31/100|[from] Spikes\n|-weather|SunnyDay|[from] ability: Drought|[of] p2a: Torkoal\n|turn|16\n|\n|t:|1783818742\n|switch|p1a: Kingambit|Kingambit, F|100/100\n|-damage|p1a: Kingambit|94/100|[from] Stealth Rock\n|move|p2a: Torkoal|Rapid Spin|p1a: Kingambit\n|-resisted|p1a: Kingambit\n|-damage|p1a: Kingambit|91/100\n|-boost|p2a: Torkoal|spe|1\n|-sideend|p2: luciuslemon|Spikes|[from] move: Rapid Spin|[of] p2a: Torkoal\n|\n|-weather|SunnyDay|[upkeep]\n|upkeep\n|turn|17\n|\n|t:|1783818763\n|move|p1a: Kingambit|Sucker Punch|p2a: Torkoal\n|-damage|p2a: Torkoal|6/100\n|move|p2a: Torkoal|Overheat|p1a: Kingambit\n|-supereffective|p1a: Kingambit\n|-damage|p1a: Kingambit|0 fnt\n|-unboost|p2a: Torkoal|spa|2\n|faint|p1a: Kingambit\n|\n|-weather|SunnyDay|[upkeep]\n|upkeep\n|\n|t:|1783818768\n|switch|p1a: Ninetales|Ninetales-Alola, F|76/100\n|-damage|p1a: Ninetales|51/100|[from] Stealth Rock\n|-weather|Snowscape|[from] ability: Snow Warning|[of] p1a: Ninetales\n|turn|18\n|\n|t:|1783818776\n|switch|p2a: Raging Bolt|Raging Bolt, tera:Electric|100/100\n|move|p1a: Ninetales|Blizzard|p2a: Raging Bolt\n|-crit|p2a: Raging Bolt\n|-damage|p2a: Raging Bolt|48/100\n|\n|-weather|Snowscape|[upkeep]\n|-heal|p2a: Raging Bolt|54/100|[from] item: Leftovers\n|upkeep\n|turn|19\n|\n|t:|1783818784\n|move|p1a: Ninetales|Blizzard|p2a: Raging Bolt\n|-damage|p2a: Raging Bolt|17/100\n|move|p2a: Raging Bolt|Calm Mind|p2a: Raging Bolt\n|-boost|p2a: Raging Bolt|spa|1\n|-boost|p2a: Raging Bolt|spd|1\n|\n|-weather|Snowscape|[upkeep]\n|-heal|p2a: Raging Bolt|23/100|[from] item: Leftovers\n|upkeep\n|turn|20\n|\n|t:|1783818788\n|move|p2a: Raging Bolt|Thunderclap|p1a: Ninetales\n|-damage|p1a: Ninetales|0 fnt\n|faint|p1a: Ninetales\n|\n|-weather|Snowscape|[upkeep]\n|-heal|p2a: Raging Bolt|30/100|[from] item: Leftovers\n|upkeep\n|\n|t:|1783818791\n|switch|p1a: Amoonguss|Amoonguss, M|100/100\n|-damage|p1a: Amoonguss|88/100|[from] Stealth Rock\n|turn|21\n|\n|t:|1783818794\n|move|p2a: Raging Bolt|Weather Ball|p1a: Amoonguss\n|-supereffective|p1a: Amoonguss\n|-damage|p1a: Amoonguss|9/100\n|move|p1a: Amoonguss|Stomping Tantrum|p2a: Raging Bolt\n|-supereffective|p2a: Raging Bolt\n|-damage|p2a: Raging Bolt|0 fnt\n|faint|p2a: Raging Bolt\n|-end|p2a: Raging Bolt|Protosynthesis|[silent]\n|\n|-weather|Snowscape|[upkeep]\n|upkeep\n|\n|t:|1783818801\n|switch|p2a: Torkoal|Torkoal, M|6/100\n|-weather|SunnyDay|[from] ability: Drought|[of] p2a: Torkoal\n|turn|22\n|\n|t:|1783818807\n|move|p1a: Amoonguss|Leaf Storm|p2a: Torkoal\n|-resisted|p2a: Torkoal\n|-damage|p2a: Torkoal|0 fnt\n|-unboost|p1a: Amoonguss|spa|2\n|faint|p2a: Torkoal\n|\n|-weather|SunnyDay|[upkeep]\n|upkeep\n|\n|t:|1783818816\n|switch|p2a: Leavanny|Leavanny, F|100/100\n|turn|23\n|\n|t:|1783818819\n|move|p2a: Leavanny|Sticky Web|p1a: Amoonguss\n|-sidestart|p1: ChessDennis|move: Sticky Web\n|move|p1a: Amoonguss|Clear Smog|p2a: Leavanny\n|-supereffective|p2a: Leavanny\n|-damage|p2a: Leavanny|81/100\n|-clearboost|p2a: Leavanny\n|\n|-weather|SunnyDay|[upkeep]\n|upkeep\n|turn|24\n|\n|t:|1783818824\n|move|p2a: Leavanny|Triple Axel|p1a: Amoonguss\n|-supereffective|p1a: Amoonguss\n|-damage|p1a: Amoonguss|0 fnt\n|faint|p1a: Amoonguss\n|-hitcount|p1: Amoonguss|1\n|\n|-weather|SunnyDay|[upkeep]\n|upkeep\n|\n|t:|1783818826\n|switch|p1a: Tentacruel|Tentacruel, M|54/100\n|-damage|p1a: Tentacruel|41/100|[from] Stealth Rock\n|-activate|p1a: Tentacruel|move: Sticky Web\n|-unboost|p1a: Tentacruel|spe|1\n|turn|25\n|\n|t:|1783818830\n|move|p2a: Leavanny|Seed Bomb|p1a: Tentacruel\n|-damage|p1a: Tentacruel|0 fnt\n|faint|p1a: Tentacruel\n|\n|-weather|SunnyDay|[upkeep]\n|upkeep\n|\n|t:|1783818833\n|switch|p1a: Gholdengo|Gholdengo|100/100\n|-damage|p1a: Gholdengo|94/100|[from] Stealth Rock\n|-activate|p1a: Gholdengo|move: Sticky Web\n|-unboost|p1a: Gholdengo|spe|1\n|turn|26\n|\n|t:|1783818838\n|move|p2a: Leavanny|Triple Axel|p1a: Gholdengo\n|-resisted|p1a: Gholdengo\n|-crit|p1a: Gholdengo\n|-damage|p1a: Gholdengo|89/100\n|-resisted|p1a: Gholdengo\n|-damage|p1a: Gholdengo|82/100\n|-resisted|p1a: Gholdengo\n|-damage|p1a: Gholdengo|72/100\n|-hitcount|p1a: Gholdengo|3\n|move|p1a: Gholdengo|Shadow Ball|p2a: Leavanny\n|-crit|p2a: Leavanny\n|-damage|p2a: Leavanny|0 fnt\n|faint|p2a: Leavanny\n|\n|-weather|SunnyDay|[upkeep]\n|upkeep\n|\n|t:|1783818845\n|switch|p2a: Typhlosion|Typhlosion-Hisui, F|100/100\n|turn|27\n|\n|t:|1783818848\n|move|p2a: Typhlosion|Eruption|p1a: Gholdengo\n|-supereffective|p1a: Gholdengo\n|-damage|p1a: Gholdengo|0 fnt\n|faint|p1a: Gholdengo\n|\n|win|luciuslemon\n|raw|ChessDennis's rating: 1287 &rarr; <strong>1263</strong><br />(-24 for losing)\n|raw|luciuslemon's rating: 1303 &rarr; <strong>1322</strong><br />(+19 for winning)\n|l|☆luciuslemon\n|player|p2|\n|c|☆ChessDennis|Gg\n|l|☆ChessDennis\n|player|p1|\n", "uploadtime": 1783819215, "views": 5, "formatid": "gen9ou", "rating": 1263, "private": 0, "password": null}