{"id": "gen9ou-2540835216", "format": "[Gen 9] OU", "players": ["Caloogan", "lolimdabeast"], "log": "|j|☆Caloogan\n|j|☆lolimdabeast\n|t:|1771258953\n|gametype|singles\n|player|p1|Caloogan|101|1531\n|player|p2|lolimdabeast|richboy|1496\n|gen|9\n|tier|[Gen 9] OU\n|rated|\n|rule|HP Percentage Mod: HP is shown in percentages\n|rule|Endless Battle Clause: Forcing endless battles is banned\n|rule|Species Clause: Limit one of each Pokémon\n|rule|OHKO Clause: OHKO moves are banned\n|rule|Evasion Items Clause: Evasion items are banned\n|rule|Evasion Moves Clause: Evasion moves are banned\n|rule|Evasion Abilities Clause: Evasion abilities are banned\n|rule|Sleep Moves Clause: Sleep-inducing moves are banned\n|clearpoke\n|poke|p1|Hatterene, F|\n|poke|p1|Frosmoth, M|\n|poke|p1|Slowking, M|\n|poke|p1|Landorus-Therian, M|\n|poke|p1|Magnezone|\n|poke|p1|Zapdos-Galar|\n|poke|p2|Excadrill, F|\n|poke|p2|Dragapult, F|\n|poke|p2|Blaziken, F|\n|poke|p2|Samurott-Hisui, F|\n|poke|p2|Dragonite, F|\n|poke|p2|Hatterene, F|\n|teampreview\n|inactive|Battle timer is ON: inactive players will automatically lose when time's up. (requested by lolimdabeast)\n|inactive|Caloogan also wants the timer to be on.\n|\n|t:|1771258969\n|teamsize|p1|6\n|teamsize|p2|6\n|start\n|switch|p1a: Hatterene|Hatterene, F|100/100\n|switch|p2a: Samurott|Samurott-Hisui, F|100/100\n|turn|1\n|\n|t:|1771258973\n|move|p2a: Samurott|Ceaseless Edge|p1a: Hatterene\n|-damage|p1a: Hatterene|50/100\n|-sidestart|p1: Caloogan|Spikes\n|move|p1a: Hatterene|Dazzling Gleam|p2a: Samurott\n|-supereffective|p2a: Samurott\n|-enditem|p2a: Samurott|Focus Sash\n|-damage|p2a: Samurott|1/100\n|\n|upkeep\n|turn|2\n|\n|t:|1771258977\n|switch|p1a: Zapdos|Zapdos-Galar|100/100\n|move|p2a: Samurott|Ceaseless Edge|p1a: Zapdos\n|-resisted|p1a: Zapdos\n|-damage|p1a: Zapdos|74/100\n|-sidestart|p1: Caloogan|Spikes\n|\n|upkeep\n|turn|3\n|\n|t:|1771258982\n|move|p2a: Samurott|Aqua Jet|p1a: Zapdos\n|-damage|p1a: Zapdos|53/100\n|move|p1a: Zapdos|Brave Bird|p2a: Samurott\n|-damage|p2a: Samurott|0 fnt\n|faint|p2a: Samurott\n|-damage|p1a: Zapdos|53/100|[from] Recoil\n|\n|upkeep\n|\n|t:|1771259007\n|switch|p2a: Dragonite|Dragonite, F|100/100\n|turn|4\n|\n|t:|1771259010\n|move|p2a: Dragonite|Extreme Speed|p1a: Zapdos\n|-damage|p1a: Zapdos|0 fnt\n|faint|p1a: Zapdos\n|\n|upkeep\n|\n|t:|1771259012\n|switch|p1a: Magnezone|Magnezone|100/100\n|-damage|p1a: Magnezone|84/100|[from] Spikes\n|turn|5\n|\n|t:|1771259018\n|switch|p2a: Dragapult|Dragapult, F|100/100\n|move|p1a: Magnezone|Volt Switch|p2a: Dragapult\n|-resisted|p2a: Dragapult\n|-damage|p2a: Dragapult|78/100\n|\n|t:|1771259019\n|switch|p1a: Landorus|Landorus-Therian, M|100/100|[from] Volt Switch\n|-ability|p1a: Landorus|Intimidate|boost\n|-unboost|p2a: Dragapult|atk|1\n|\n|upkeep\n|turn|6\n|\n|t:|1771259026\n|move|p2a: Dragapult|U-turn|p1a: Landorus\n|-resisted|p1a: Landorus\n|-damage|p1a: Landorus|94/100\n|\n|t:|1771259028\n|switch|p2a: Hatterene|Hatterene, F|100/100|[from] U-turn\n|move|p1a: Landorus|Earthquake|p2a: Hatterene\n|-damage|p2a: Hatterene|49/100\n|\n|-heal|p2a: Hatterene|55/100|[from] item: Leftovers\n|upkeep\n|turn|7\n|\n|t:|1771259037\n|switch|p1a: Slowking|Slowking, M|100/100\n|-damage|p1a: Slowking|84/100|[from] Spikes\n|switch|p2a: Dragonite|Dragonite, F|100/100\n|\n|-heal|p1a: Slowking|90/100|[from] item: Leftovers\n|upkeep\n|turn|8\n|\n|t:|1771259047\n|move|p2a: Dragonite|Outrage|p1a: Slowking\n|-damage|p1a: Slowking|0 fnt\n|faint|p1a: Slowking\n|\n|upkeep\n|\n|t:|1771259048\n|switch|p1a: Hatterene|Hatterene, F|50/100\n|-damage|p1a: Hatterene|33/100|[from] Spikes\n|turn|9\n|\n|t:|1771259050\n|move|p2a: Dragonite|Outrage|p1a: Hatterene|[from] lockedmove\n|-immune|p1a: Hatterene\n|move|p1a: Hatterene|Dazzling Gleam|p2a: Dragonite\n|-supereffective|p2a: Dragonite\n|-damage|p2a: Dragonite|54/100\n|\n|upkeep\n|turn|10\n|\n|t:|1771259053\n|switch|p2a: Hatterene|Hatterene, F|55/100\n|move|p1a: Hatterene|Psychic|p2a: Hatterene\n|-resisted|p2a: Hatterene\n|-damage|p2a: Hatterene|28/100\n|\n|-heal|p2a: Hatterene|34/100|[from] item: Leftovers\n|upkeep\n|turn|11\n|\n|t:|1771259058\n|move|p2a: Hatterene|Mystical Fire|p1a: Hatterene\n|-damage|p1a: Hatterene|8/100\n|-unboost|p1a: Hatterene|spa|1\n|move|p1a: Hatterene|Dazzling Gleam|p2a: Hatterene\n|-damage|p2a: Hatterene|3/100\n|\n|-heal|p2a: Hatterene|9/100|[from] item: Leftovers\n|upkeep\n|turn|12\n|\n|t:|1771259062\n|move|p2a: Hatterene|Draining Kiss|p1a: Hatterene\n|-damage|p1a: Hatterene|0 fnt\n|-heal|p2a: Hatterene|15/100|[from] drain|[of] p1a: Hatterene\n|faint|p1a: Hatterene\n|\n|-heal|p2a: Hatterene|21/100|[from] item: Leftovers\n|upkeep\n|\n|t:|1771259063\n|switch|p1a: Landorus|Landorus-Therian, M|94/100\n|-ability|p1a: Landorus|Intimidate|boost\n|-unboost|p2a: Hatterene|atk|1\n|turn|13\n|\n|t:|1771259065\n|move|p1a: Landorus|Stone Edge|p2a: Hatterene\n|-crit|p2a: Hatterene\n|-damage|p2a: Hatterene|0 fnt\n|faint|p2a: Hatterene\n|\n|upkeep\n|\n|t:|1771259069\n|switch|p2a: Excadrill|Excadrill, F|100/100\n|-ability|p2a: Excadrill|Mold Breaker\n|turn|14\n|\n|t:|1771259073\n|move|p1a: Landorus|Stone Edge|p2a: Excadrill\n|-resisted|p2a: Excadrill\n|-crit|p2a: Excadrill\n|-damage|p2a: Excadrill|80/100\n|move|p2a: Excadrill|Swords Dance|p2a: Excadrill\n|-boost|p2a: Excadrill|atk|2\n|\n|upkeep\n|turn|15\n|\n|t:|1771259076\n|switch|p1a: Magnezone|Magnezone|84/100\n|-damage|p1a: Magnezone|67/100|[from] Spikes\n|move|p2a: Excadrill|Rapid Spin|p1a: Magnezone\n|-resisted|p1a: Magnezone\n|-damage|p1a: Magnezone|55/100\n|-boost|p2a: Excadrill|spe|1\n|-damage|p2a: Excadrill|64/100|[from] item: Rocky Helmet|[of] p1a: Magnezone\n|\n|upkeep\n|turn|16\n|\n|t:|1771259080\n|switch|p1a: Landorus|Landorus-Therian, M|94/100\n|-ability|p1a: Landorus|Intimidate|boost\n|-fail|p2a: Excadrill|unboost|[from] item: Clear Amulet|[of] p2a: Excadrill\n|move|p2a: Excadrill|Earthquake|p1a: Landorus\n|-immune|p1a: Landorus\n|\n|upkeep\n|turn|17\n|\n|t:|1771259088\n|switch|p1a: Magnezone|Magnezone|55/100\n|-damage|p1a: Magnezone|39/100|[from] Spikes\n|move|p2a: Excadrill|Rock Slide|p1a: Magnezone\n|-resisted|p1a: Magnezone\n|-damage|p1a: Magnezone|20/100\n|\n|upkeep\n|turn|18\n|\n|t:|1771259094\n|move|p2a: Excadrill|Swords Dance|p2a: Excadrill\n|-boost|p2a: Excadrill|atk|2\n|move|p1a: Magnezone|Body Press|p2a: Excadrill\n|-supereffective|p2a: Excadrill\n|-damage|p2a: Excadrill|0 fnt\n|faint|p2a: Excadrill\n|\n|upkeep\n|\n|t:|1771259099\n|switch|p2a: Dragapult|Dragapult, F|78/100\n|turn|19\n|\n|t:|1771259109\n|-terastallize|p1a: Magnezone|Fairy\n|move|p2a: Dragapult|Flamethrower|p1a: Magnezone\n|-damage|p1a: Magnezone|0 fnt\n|faint|p1a: Magnezone\n|\n|upkeep\n|\n|t:|1771259110\n|switch|p1a: Landorus|Landorus-Therian, M|94/100\n|-ability|p1a: Landorus|Intimidate|boost\n|-unboost|p2a: Dragapult|atk|1\n|turn|20\n|\n|t:|1771259120\n|switch|p2a: Dragonite|Dragonite, F|54/100\n|move|p1a: Landorus|Stone Edge|p2a: Dragonite\n|-supereffective|p2a: Dragonite\n|-damage|p2a: Dragonite|0 fnt\n|faint|p2a: Dragonite\n|\n|upkeep\n|\n|t:|1771259123\n|switch|p2a: Blaziken|Blaziken, F|100/100\n|turn|21\n|\n|t:|1771259126\n|move|p1a: Landorus|Stone Edge|p2a: Blaziken\n|-damage|p2a: Blaziken|40/100\n|move|p2a: Blaziken|Flare Blitz|p1a: Landorus\n|-damage|p1a: Landorus|6/100\n|-damage|p2a: Blaziken|8/100|[from] Recoil\n|-damage|p2a: Blaziken|0 fnt|[from] item: Life Orb\n|faint|p2a: Blaziken\n|\n|upkeep\n|\n|t:|1771259129\n|switch|p2a: Dragapult|Dragapult, F|78/100\n|turn|22\n|\n|t:|1771259130\n|switch|p1a: Frosmoth|Frosmoth, M|100/100\n|move|p2a: Dragapult|Flamethrower|p1a: Frosmoth\n|-supereffective|p1a: Frosmoth\n|-damage|p1a: Frosmoth|0 fnt\n|faint|p1a: Frosmoth\n|\n|upkeep\n|\n|t:|1771259131\n|switch|p1a: Landorus|Landorus-Therian, M|6/100\n|-ability|p1a: Landorus|Intimidate|boost\n|-unboost|p2a: Dragapult|atk|1\n|turn|23\n|\n|t:|1771259133\n|move|p2a: Dragapult|Flamethrower|p1a: Landorus\n|-crit|p1a: Landorus\n|-damage|p1a: Landorus|0 fnt\n|faint|p1a: Landorus\n|\n|win|lolimdabeast\n|raw|Caloogan's rating: 1531 &rarr; <strong>1509</strong><br />(-22 for losing)\n|raw|lolimdabeast's rating: 1496 &rarr; <strong>1518</strong><br />(+22 for winning)\n|l|☆lolimdabeast\n|player|p2|\n|l|☆Caloogan\n|player|p1|\n", "uploadtime": 1771259306, "views": 5, "formatid": "gen9ou", "rating": 1509, "private": 0, "password": null}