{"id": "gen9ou-2647817392", "format": "[Gen 9] OU", "players": ["Poemsilent", "acidosis"], "log": "|j|☆Poemsilent\n|j|☆acidosis\n|t:|1783817803\n|gametype|singles\n|player|p1|Poemsilent|byron|1513\n|player|p2|acidosis|1|1519\n|gen|9\n|tier|[Gen 9] OU\n|rated|\n|rule|HP Percentage Mod: HP is shown in percentages\n|rule|Endless Battle Clause: Forcing endless battles is banned\n|rule|Species Clause: Limit one of each Pokémon\n|rule|OHKO Clause: OHKO moves are banned\n|rule|Evasion Items Clause: Evasion items are banned\n|rule|Evasion Moves Clause: Evasion moves are banned\n|rule|Evasion Abilities Clause: Evasion abilities are banned\n|rule|Sleep Moves Clause: Sleep-inducing moves are banned\n|clearpoke\n|poke|p1|Great Tusk|\n|poke|p1|Pecharunt|\n|poke|p1|Iron Valiant|\n|poke|p1|Iron Crown|\n|poke|p1|Samurott-Hisui, F|\n|poke|p1|Dragonite, F|\n|poke|p2|Arcanine-Hisui, M|\n|poke|p2|Ting-Lu|\n|poke|p2|Zapdos|\n|poke|p2|Slowking-Galar, M|\n|poke|p2|Dragapult, F|\n|poke|p2|Ogerpon-Wellspring, F|\n|teampreview\n|inactive|Battle timer is ON: inactive players will automatically lose when time's up. (requested by Poemsilent)\n|c|☆Poemsilent|glhf\n|\n|t:|1783817813\n|teamsize|p1|6\n|teamsize|p2|6\n|start\n|switch|p1a: Samurott|Samurott-Hisui, F|100/100\n|switch|p2a: Ogerpon|Ogerpon-Wellspring, F|100/100\n|turn|1\n|c|☆acidosis|hf\n|\n|t:|1783817818\n|move|p2a: Ogerpon|Swords Dance|p2a: Ogerpon\n|-boost|p2a: Ogerpon|atk|2\n|move|p1a: Samurott|Ceaseless Edge|p2a: Ogerpon\n|-damage|p2a: Ogerpon|17/100\n|-sidestart|p2: acidosis|Spikes\n|\n|upkeep\n|turn|2\n|\n|t:|1783817820\n|move|p1a: Samurott|Sucker Punch|p2a: Ogerpon\n|-damage|p2a: Ogerpon|0 fnt\n|faint|p2a: Ogerpon\n|\n|upkeep\n|\n|t:|1783817822\n|switch|p2a: Zapdos|Zapdos, shiny|100/100\n|turn|3\n|\n|t:|1783817827\n|move|p1a: Samurott|Ceaseless Edge|p2a: Zapdos|[miss]\n|-miss|p1a: Samurott|p2a: Zapdos\n|move|p2a: Zapdos|Hurricane|p1a: Samurott\n|-damage|p1a: Samurott|27/100\n|-start|p1a: Samurott|confusion\n|\n|upkeep\n|turn|4\n|\n|t:|1783817833\n|switch|p1a: Iron Crown|Iron Crown|100/100\n|move|p2a: Zapdos|Volt Switch|p1a: Iron Crown\n|-damage|p1a: Iron Crown|81/100\n|\n|t:|1783817838\n|switch|p2a: Arcanine|Arcanine-Hisui, M, shiny|100/100|[from] Volt Switch\n|-damage|p2a: Arcanine|88/100|[from] Spikes\n|\n|upkeep\n|turn|5\n|\n|t:|1783817846\n|move|p1a: Iron Crown|Volt Switch|p2a: Arcanine\n|-damage|p2a: Arcanine|61/100\n|\n|t:|1783817858\n|-end|p1a: Iron Crown|Quark Drive|[silent]\n|switch|p1a: Pecharunt|Pecharunt|100/100|[from] Volt Switch\n|move|p2a: Arcanine|Flare Blitz|p1a: Pecharunt\n|-damage|p1a: Pecharunt|54/100\n|-damage|p2a: Arcanine|44/100|[from] item: Rocky Helmet|[of] p1a: Pecharunt\n|\n|upkeep\n|turn|6\n|\n|t:|1783817865\n|switch|p2a: Dragapult|Dragapult, F|100/100\n|-damage|p2a: Dragapult|88/100|[from] Spikes\n|move|p1a: Pecharunt|Recover|p1a: Pecharunt\n|-heal|p1a: Pecharunt|100/100\n|\n|upkeep\n|turn|7\n|\n|t:|1783817870\n|switch|p1a: Samurott|Samurott-Hisui, F|27/100\n|-terastallize|p2a: Dragapult|Ghost\n|move|p2a: Dragapult|Shadow Ball|p1a: Samurott\n|-resisted|p1a: Samurott\n|-damage|p1a: Samurott|0 fnt\n|faint|p1a: Samurott\n|\n|upkeep\n|\n|t:|1783817898\n|switch|p1a: Iron Crown|Iron Crown|81/100\n|turn|8\n|\n|t:|1783817915\n|switch|p2a: Slowking|Slowking-Galar, M, shiny|100/100\n|-terastallize|p1a: Iron Crown|Steel\n|move|p1a: Iron Crown|Tachyon Cutter|p2a: Slowking\n|-crit|p2a: Slowking\n|-damage|p2a: Slowking|72/100\n|-damage|p2a: Slowking|50/100\n|-hitcount|p2a: Slowking|2\n|\n|upkeep\n|turn|9\n|\n|t:|1783817924\n|move|p1a: Iron Crown|Volt Switch|p2a: Slowking\n|-damage|p2a: Slowking|37/100\n|\n|t:|1783817927\n|-end|p1a: Iron Crown|Quark Drive|[silent]\n|switch|p1a: Great Tusk|Great Tusk|100/100|[from] Volt Switch\n|move|p2a: Slowking|Thunder Wave|p1a: Great Tusk\n|-immune|p1a: Great Tusk\n|\n|upkeep\n|turn|10\n|\n|t:|1783817931\n|switch|p2a: Zapdos|Zapdos, shiny|100/100\n|move|p1a: Great Tusk|Stealth Rock|p2a: Zapdos\n|-sidestart|p2: acidosis|move: Stealth Rock\n|\n|upkeep\n|turn|11\n|\n|t:|1783817939\n|-end|p1a: Great Tusk|Protosynthesis|[silent]\n|switch|p1a: Iron Crown|Iron Crown, tera:Steel|81/100\n|move|p2a: Zapdos|Hurricane|p1a: Iron Crown|[miss]\n|-miss|p2a: Zapdos|p1a: Iron Crown\n|\n|upkeep\n|turn|12\n|\n|t:|1783817943\n|move|p1a: Iron Crown|Future Sight|p2a: Zapdos\n|-start|p1a: Iron Crown|move: Future Sight\n|move|p2a: Zapdos|Thunder Wave|p1a: Iron Crown\n|-status|p1a: Iron Crown|par\n|\n|upkeep\n|turn|13\n|\n|t:|1783817947\n|move|p2a: Zapdos|Volt Switch|p1a: Iron Crown\n|-damage|p1a: Iron Crown|63/100 par\n|\n|t:|1783817949\n|switch|p2a: Slowking|Slowking-Galar, M, shiny|71/100|[from] Volt Switch\n|move|p1a: Iron Crown|Tachyon Cutter|p2a: Slowking\n|-damage|p2a: Slowking|50/100\n|-damage|p2a: Slowking|31/100\n|-hitcount|p2a: Slowking|2\n|\n|upkeep\n|turn|14\n|\n|t:|1783817956\n|-end|p1a: Iron Crown|Quark Drive|[silent]\n|switch|p1a: Great Tusk|Great Tusk|100/100\n|-prepare|p2a: Slowking|Chilly Reception|[premajor]\n|move|p2a: Slowking|Chilly Reception|p2a: Slowking\n|-weather|Snowscape\n|\n|t:|1783817962\n|switch|p2a: Zapdos|Zapdos, shiny|100/100|[from] Chilly Reception\n|\n|-weather|Snowscape|[upkeep]\n|-end|p2a: Zapdos|move: Future Sight\n|-damage|p2a: Zapdos|44/100\n|upkeep\n|turn|15\n|\n|t:|1783817967\n|move|p1a: Great Tusk|Ice Spinner|p2a: Zapdos\n|-supereffective|p2a: Zapdos\n|-damage|p2a: Zapdos|2/100\n|move|p2a: Zapdos|Roost|p2a: Zapdos\n|-heal|p2a: Zapdos|52/100\n|-singleturn|p2a: Zapdos|move: Roost\n|\n|-weather|Snowscape|[upkeep]\n|upkeep\n|turn|16\n|\n|t:|1783817975\n|-end|p1a: Great Tusk|Protosynthesis|[silent]\n|switch|p1a: Iron Valiant|Iron Valiant|100/100\n|move|p2a: Zapdos|Roost|p2a: Zapdos\n|-heal|p2a: Zapdos|100/100\n|-singleturn|p2a: Zapdos|move: Roost\n|\n|-weather|Snowscape|[upkeep]\n|upkeep\n|turn|17\n|\n|t:|1783817979\n|switch|p2a: Slowking|Slowking-Galar, M, shiny|65/100\n|move|p1a: Iron Valiant|Moonblast|p2a: Slowking\n|-resisted|p2a: Slowking\n|-damage|p2a: Slowking|46/100\n|\n|-weather|Snowscape|[upkeep]\n|upkeep\n|turn|18\n|\n|t:|1783817984\n|-end|p1a: Iron Valiant|Quark Drive|[silent]\n|switch|p1a: Pecharunt|Pecharunt|100/100\n|move|p2a: Slowking|Future Sight|p1a: Pecharunt\n|-start|p2a: Slowking|move: Future Sight\n|\n|-weather|none\n|upkeep\n|turn|19\n|\n|t:|1783817989\n|move|p1a: Pecharunt|Parting Shot|p2a: Slowking\n|-unboost|p2a: Slowking|atk|1\n|-unboost|p2a: Slowking|spa|1\n|\n|t:|1783817995\n|switch|p1a: Iron Crown|Iron Crown, tera:Steel|63/100 par|[from] Parting Shot\n|-prepare|p2a: Slowking|Chilly Reception|[premajor]\n|move|p2a: Slowking|Chilly Reception|p2a: Slowking\n|-weather|Snowscape\n|\n|t:|1783818007\n|switch|p2a: Ting-Lu|Ting-Lu|100/100|[from] Chilly Reception\n|-damage|p2a: Ting-Lu|88/100|[from] Spikes\n|-damage|p2a: Ting-Lu|82/100|[from] Stealth Rock\n|-ability|p2a: Ting-Lu|Vessel of Ruin\n|\n|-weather|Snowscape|[upkeep]\n|-heal|p2a: Ting-Lu|88/100|[from] item: Leftovers\n|upkeep\n|turn|20\n|\n|t:|1783818012\n|move|p1a: Iron Crown|Tachyon Cutter|p2a: Ting-Lu\n|-damage|p2a: Ting-Lu|73/100\n|-damage|p2a: Ting-Lu|59/100\n|-hitcount|p2a: Ting-Lu|2\n|move|p2a: Ting-Lu|Spikes|p1a: Iron Crown\n|-sidestart|p1: Poemsilent|Spikes\n|\n|-weather|Snowscape|[upkeep]\n|-end|p1a: Iron Crown|move: Future Sight\n|-resisted|p1a: Iron Crown\n|-damage|p1a: Iron Crown|53/100 par\n|-heal|p2a: Ting-Lu|65/100|[from] item: Leftovers\n|upkeep\n|turn|21\n|\n|t:|1783818018\n|-end|p1a: Iron Crown|Quark Drive|[silent]\n|switch|p1a: Great Tusk|Great Tusk|100/100\n|move|p2a: Ting-Lu|Earthquake|p1a: Great Tusk\n|-damage|p1a: Great Tusk|75/100\n|\n|-weather|Snowscape|[upkeep]\n|-heal|p2a: Ting-Lu|72/100|[from] item: Leftovers\n|upkeep\n|turn|22\n|\n|t:|1783818023\n|switch|p2a: Zapdos|Zapdos, shiny|100/100\n|move|p1a: Great Tusk|Ice Spinner|p2a: Zapdos\n|-supereffective|p2a: Zapdos\n|-damage|p2a: Zapdos|62/100\n|-status|p1a: Great Tusk|par|[from] ability: Static|[of] p2a: Zapdos\n|\n|-weather|Snowscape|[upkeep]\n|upkeep\n|turn|23\n|\n|t:|1783818027\n|move|p2a: Zapdos|Hurricane|p1a: Great Tusk\n|-supereffective|p1a: Great Tusk\n|-crit|p1a: Great Tusk\n|-damage|p1a: Great Tusk|0 fnt\n|faint|p1a: Great Tusk\n|-end|p1a: Great Tusk|Protosynthesis|[silent]\n|\n|-weather|none\n|upkeep\n|\n|t:|1783818029\n|switch|p1a: Dragonite|Dragonite, F|100/100\n|turn|24\n|\n|t:|1783818033\n|move|p1a: Dragonite|Dragon Dance|p1a: Dragonite\n|-boost|p1a: Dragonite|atk|1\n|-boost|p1a: Dragonite|spe|1\n|move|p2a: Zapdos|Volt Switch|p1a: Dragonite\n|-damage|p1a: Dragonite|85/100\n|\n|t:|1783818036\n|switch|p2a: Ting-Lu|Ting-Lu|72/100|[from] Volt Switch\n|-damage|p2a: Ting-Lu|59/100|[from] Spikes\n|-damage|p2a: Ting-Lu|53/100|[from] Stealth Rock\n|-ability|p2a: Ting-Lu|Vessel of Ruin\n|\n|-heal|p2a: Ting-Lu|59/100|[from] item: Leftovers\n|upkeep\n|turn|25\n|\n|t:|1783818039\n|move|p1a: Dragonite|Ice Spinner|p2a: Ting-Lu\n|-supereffective|p2a: Ting-Lu\n|-damage|p2a: Ting-Lu|13/100\n|move|p2a: Ting-Lu|Whirlwind|p1a: Dragonite\n|drag|p1a: Iron Crown|Iron Crown, tera:Steel|53/100 par\n|-damage|p1a: Iron Crown|40/100 par|[from] Spikes\n|\n|-heal|p2a: Ting-Lu|19/100|[from] item: Leftovers\n|upkeep\n|turn|26\n|\n|t:|1783818044\n|move|p1a: Iron Crown|Tachyon Cutter|p2a: Ting-Lu\n|-damage|p2a: Ting-Lu|6/100\n|-damage|p2a: Ting-Lu|0 fnt\n|faint|p2a: Ting-Lu\n|-hitcount|p2: Ting-Lu|2\n|\n|upkeep\n|\n|t:|1783818054\n|switch|p2a: Dragapult|Dragapult, F, tera:Ghost|88/100\n|-damage|p2a: Dragapult|76/100|[from] Spikes\n|-damage|p2a: Dragapult|64/100|[from] Stealth Rock\n|turn|27\n|\n|t:|1783818061\n|move|p2a: Dragapult|Shadow Ball|p1a: Iron Crown\n|-damage|p1a: Iron Crown|0 fnt\n|faint|p1a: Iron Crown\n|-end|p1a: Iron Crown|Quark Drive|[silent]\n|\n|upkeep\n|\n|t:|1783818063\n|switch|p1a: Dragonite|Dragonite, F|85/100\n|turn|28\n|\n|t:|1783818067\n|switch|p2a: Zapdos|Zapdos, shiny|62/100\n|move|p1a: Dragonite|Ice Spinner|p2a: Zapdos\n|-supereffective|p2a: Zapdos\n|-damage|p2a: Zapdos|24/100\n|\n|upkeep\n|turn|29\n|\n|t:|1783818070\n|move|p1a: Dragonite|Ice Spinner|p2a: Zapdos\n|-supereffective|p2a: Zapdos\n|-damage|p2a: Zapdos|0 fnt\n|-status|p1a: Dragonite|par|[from] ability: Static|[of] p2a: Zapdos\n|faint|p2a: Zapdos\n|\n|upkeep\n|\n|t:|1783818074\n|switch|p2a: Dragapult|Dragapult, F, tera:Ghost|64/100\n|-damage|p2a: Dragapult|51/100|[from] Spikes\n|-damage|p2a: Dragapult|39/100|[from] Stealth Rock\n|turn|30\n|\n|t:|1783818078\n|move|p2a: Dragapult|Draco Meteor|p1a: Dragonite\n|-supereffective|p1a: Dragonite\n|-damage|p1a: Dragonite|0 fnt\n|-unboost|p2a: Dragapult|spa|2\n|faint|p1a: Dragonite\n|\n|upkeep\n|\n|t:|1783818081\n|switch|p1a: Iron Valiant|Iron Valiant|100/100\n|-damage|p1a: Iron Valiant|88/100|[from] Spikes\n|turn|31\n|\n|t:|1783818084\n|switch|p2a: Arcanine|Arcanine-Hisui, M, shiny|44/100\n|-damage|p2a: Arcanine|32/100|[from] Spikes\n|-damage|p2a: Arcanine|7/100|[from] Stealth Rock\n|move|p1a: Iron Valiant|Shadow Ball|p2a: Arcanine\n|-damage|p2a: Arcanine|0 fnt\n|faint|p2a: Arcanine\n|\n|upkeep\n|\n|t:|1783818087\n|switch|p2a: Slowking|Slowking-Galar, M, shiny|79/100\n|turn|32\n|\n|t:|1783818090\n|-end|p1a: Iron Valiant|Quark Drive|[silent]\n|switch|p1a: Pecharunt|Pecharunt|100/100\n|-damage|p1a: Pecharunt|88/100|[from] Spikes\n|move|p2a: Slowking|Thunder Wave|p1a: Pecharunt\n|-status|p1a: Pecharunt|par\n|\n|upkeep\n|turn|33\n|\n|t:|1783818096\n|cant|p1a: Pecharunt|par\n|move|p2a: Slowking|Future Sight|p1a: Pecharunt\n|-start|p2a: Slowking|move: Future Sight\n|\n|upkeep\n|turn|34\n|\n|t:|1783818100\n|move|p1a: Pecharunt|Shadow Ball|p2a: Slowking\n|-supereffective|p2a: Slowking\n|-damage|p2a: Slowking|49/100\n|-unboost|p2a: Slowking|spd|1\n|move|p2a: Slowking|Sludge Bomb|p1a: Pecharunt\n|-resisted|p1a: Pecharunt\n|-damage|p1a: Pecharunt|80/100 par\n|\n|upkeep\n|turn|35\n|\n|t:|1783818103\n|move|p1a: Pecharunt|Shadow Ball|p2a: Slowking\n|-supereffective|p2a: Slowking\n|-damage|p2a: Slowking|4/100\n|-prepare|p2a: Slowking|Chilly Reception|[premajor]\n|move|p2a: Slowking|Chilly Reception|p2a: Slowking\n|-weather|Snowscape\n|\n|t:|1783818109\n|switch|p2a: Dragapult|Dragapult, F, tera:Ghost|39/100|[from] Chilly Reception\n|-damage|p2a: Dragapult|27/100|[from] Spikes\n|-damage|p2a: Dragapult|14/100|[from] Stealth Rock\n|\n|-weather|Snowscape|[upkeep]\n|-end|p1a: Pecharunt|move: Future Sight\n|-supereffective|p1a: Pecharunt\n|-damage|p1a: Pecharunt|0 fnt\n|faint|p1a: Pecharunt\n|upkeep\n|\n|t:|1783818114\n|switch|p1a: Iron Valiant|Iron Valiant|88/100\n|-damage|p1a: Iron Valiant|76/100|[from] Spikes\n|turn|36\n|\n|t:|1783818118\n|move|p2a: Dragapult|Shadow Ball|p1a: Iron Valiant\n|-damage|p1a: Iron Valiant|0 fnt\n|faint|p1a: Iron Valiant\n|-end|p1a: Iron Valiant|Quark Drive|[silent]\n|\n|win|acidosis\n|raw|Poemsilent's rating: 1513 &rarr; <strong>1493</strong><br />(-20 for losing)\n|raw|acidosis's rating: 1519 &rarr; <strong>1539</strong><br />(+20 for winning)\n|c|☆Poemsilent|gg\n|l|☆Poemsilent\n|player|p1|\n|c|☆acidosis|gg\n", "uploadtime": 1783818126, "views": 24, "formatid": "gen9ou", "rating": 1493, "private": 0, "password": null}