{"id": "gen9ou-2647726187", "format": "[Gen 9] OU", "players": ["icewizardlair☃", "Breezy55"], "log": "|j|☆icewizardlair☃\n|j|☆Breezy55\n|t:|1783802314\n|gametype|singles\n|player|p1|icewizardlair☃|lorelei-lgpe|1190\n|player|p2|Breezy55|266|1183\n|gen|9\n|tier|[Gen 9] OU\n|rated|\n|rule|HP Percentage Mod: HP is shown in percentages\n|rule|Endless Battle Clause: Forcing endless battles is banned\n|rule|Species Clause: Limit one of each Pokémon\n|rule|OHKO Clause: OHKO moves are banned\n|rule|Evasion Items Clause: Evasion items are banned\n|rule|Evasion Moves Clause: Evasion moves are banned\n|rule|Evasion Abilities Clause: Evasion abilities are banned\n|rule|Sleep Moves Clause: Sleep-inducing moves are banned\n|clearpoke\n|poke|p1|Froslass, F|\n|poke|p1|Arcanine-Hisui, M|\n|poke|p1|Yanmega, F|\n|poke|p1|Cetitan, M|\n|poke|p1|Azumarill, F|\n|poke|p1|Electrode-Hisui|\n|poke|p2|Hitmonchan, M|\n|poke|p2|Kyurem|\n|poke|p2|Darkrai|\n|poke|p2|Gholdengo|\n|poke|p2|Landorus-Therian, M|\n|poke|p2|Iron Valiant|\n|teampreview\n|inactive|Battle timer is ON: inactive players will automatically lose when time's up. (requested by icewizardlair☃)\n|\n|t:|1783802317\n|teamsize|p1|6\n|teamsize|p2|6\n|start\n|switch|p1a: Dr. Cool|Cetitan, M|100/100\n|switch|p2a: Gholdengo|Gholdengo|100/100\n|-item|p2a: Gholdengo|Air Balloon\n|turn|1\n|\n|t:|1783802327\n|switch|p1a: Kixxarth|Yanmega, F|100/100\n|move|p2a: Gholdengo|Make It Rain|p1a: Kixxarth\n|-damage|p1a: Kixxarth|15/100\n|-unboost|p2a: Gholdengo|spa|1\n|\n|upkeep\n|turn|2\n|\n|t:|1783802334\n|move|p1a: Kixxarth|Detect|p1a: Kixxarth\n|-singleturn|p1a: Kixxarth|Protect\n|move|p2a: Gholdengo|Shadow Ball|p1a: Kixxarth\n|-activate|p1a: Kixxarth|move: Protect\n|\n|-ability|p1a: Kixxarth|Speed Boost|boost\n|-boost|p1a: Kixxarth|spe|1\n|upkeep\n|turn|3\n|\n|t:|1783802341\n|move|p1a: Kixxarth|Shadow Ball|p2a: Gholdengo\n|-supereffective|p2a: Gholdengo\n|-damage|p2a: Gholdengo|36/100\n|-unboost|p2a: Gholdengo|spd|1\n|-enditem|p2a: Gholdengo|Air Balloon\n|move|p2a: Gholdengo|Shadow Ball|p1a: Kixxarth\n|-damage|p1a: Kixxarth|0 fnt\n|faint|p1a: Kixxarth\n|\n|upkeep\n|\n|t:|1783802346\n|switch|p1a: Arcannon|Arcanine-Hisui, M, shiny|100/100\n|-item|p1a: Arcannon|Air Balloon\n|turn|4\n|\n|t:|1783802353\n|move|p1a: Arcannon|Flare Blitz|p2a: Gholdengo\n|-supereffective|p2a: Gholdengo\n|-damage|p2a: Gholdengo|0 fnt\n|faint|p2a: Gholdengo\n|\n|upkeep\n|\n|t:|1783802357\n|switch|p2a: Landorus|Landorus-Therian, M|100/100\n|-ability|p2a: Landorus|Intimidate|boost\n|-unboost|p1a: Arcannon|atk|1\n|turn|5\n|\n|t:|1783802361\n|move|p1a: Arcannon|Head Smash|p2a: Landorus\n|-damage|p2a: Landorus|65/100\n|-damage|p1a: Arcannon|84/100|[from] item: Rocky Helmet|[of] p2a: Landorus\n|move|p2a: Landorus|Earthquake|p1a: Arcannon\n|-immune|p1a: Arcannon\n|\n|upkeep\n|turn|6\n|\n|t:|1783802368\n|switch|p1a: BMO|Azumarill, F|100/100\n|move|p2a: Landorus|U-turn|p1a: BMO\n|-resisted|p1a: BMO\n|-damage|p1a: BMO|90/100\n|\n|t:|1783802373\n|switch|p2a: Kyurem|Kyurem|100/100|[from] U-turn\n|-ability|p2a: Kyurem|Pressure\n|\n|upkeep\n|turn|7\n|\n|t:|1783802378\n|move|p2a: Kyurem|Freeze-Dry|p1a: BMO\n|-supereffective|p1a: BMO\n|-damage|p1a: BMO|19/100\n|move|p1a: BMO|Play Rough|p2a: Kyurem\n|-supereffective|p2a: Kyurem\n|-damage|p2a: Kyurem|0 fnt\n|faint|p2a: Kyurem\n|\n|upkeep\n|\n|t:|1783802389\n|switch|p2a: Landorus|Landorus-Therian, M|65/100\n|-ability|p2a: Landorus|Intimidate|boost\n|-unboost|p1a: BMO|atk|1\n|turn|8\n|\n|t:|1783802393\n|move|p1a: BMO|Aqua Jet|p2a: Landorus\n|-supereffective|p2a: Landorus\n|-damage|p2a: Landorus|41/100\n|-damage|p1a: BMO|3/100|[from] item: Rocky Helmet|[of] p2a: Landorus\n|move|p2a: Landorus|Stealth Rock|p1a: BMO\n|-sidestart|p1: icewizardlair☃|move: Stealth Rock\n|\n|upkeep\n|turn|9\n|\n|t:|1783802400\n|move|p1a: BMO|Aqua Jet|p2a: Landorus\n|-supereffective|p2a: Landorus\n|-crit|p2a: Landorus\n|-damage|p2a: Landorus|0 fnt\n|-damage|p1a: BMO|0 fnt|[from] item: Rocky Helmet|[of] p2a: Landorus\n|faint|p2a: Landorus\n|faint|p1a: BMO\n|\n|upkeep\n|\n|t:|1783802410\n|switch|p2a: Darkrai|Darkrai|100/100\n|switch|p1a: Magnavox|Electrode-Hisui, shiny|100/100\n|-damage|p1a: Magnavox|88/100|[from] Stealth Rock\n|turn|10\n|\n|t:|1783802418\n|move|p1a: Magnavox|Thunder Wave|p2a: Darkrai\n|-status|p2a: Darkrai|par\n|move|p2a: Darkrai|Sludge Bomb|p1a: Magnavox\n|-supereffective|p1a: Magnavox\n|-damage|p1a: Magnavox|0 fnt\n|faint|p1a: Magnavox\n|\n|upkeep\n|\n|t:|1783802424\n|switch|p1a: Arcannon|Arcanine-Hisui, M, shiny|84/100\n|-damage|p1a: Arcannon|59/100|[from] Stealth Rock\n|-item|p1a: Arcannon|Air Balloon\n|turn|11\n|\n|t:|1783802429\n|move|p1a: Arcannon|Flare Blitz|p2a: Darkrai\n|-damage|p2a: Darkrai|25/100 par\n|move|p2a: Darkrai|Dark Pulse|p1a: Arcannon\n|-damage|p1a: Arcannon|9/100\n|-enditem|p1a: Arcannon|Air Balloon\n|\n|upkeep\n|turn|12\n|\n|t:|1783802439\n|move|p1a: Arcannon|Flare Blitz|p2a: Darkrai\n|-damage|p2a: Darkrai|0 fnt\n|faint|p2a: Darkrai\n|\n|upkeep\n|\n|t:|1783802443\n|switch|p2a: Hitmonchan|Hitmonchan, M|100/100\n|turn|13\n|\n|t:|1783802448\n|move|p2a: Hitmonchan|Mach Punch|p1a: Arcannon\n|-supereffective|p1a: Arcannon\n|-damage|p1a: Arcannon|0 fnt\n|faint|p1a: Arcannon\n|\n|upkeep\n|\n|t:|1783802452\n|switch|p1a: Snowcrow|Froslass, F|100/100\n|-damage|p1a: Snowcrow|76/100|[from] Stealth Rock\n|turn|14\n|\n|t:|1783802455\n|move|p1a: Snowcrow|Will-O-Wisp|p2a: Hitmonchan|[miss]\n|-miss|p1a: Snowcrow|p2a: Hitmonchan\n|-enditem|p1a: Snowcrow|Blunder Policy\n|-boost|p1a: Snowcrow|spe|2\n|move|p2a: Hitmonchan|Knock Off|p1a: Snowcrow\n|-supereffective|p1a: Snowcrow\n|-damage|p1a: Snowcrow|2/100\n|-start|p2a: Hitmonchan|Disable|Knock Off|[from] ability: Cursed Body|[of] p1a: Snowcrow\n|\n|upkeep\n|turn|15\n|\n|t:|1783802469\n|move|p1a: Snowcrow|Destiny Bond|p1a: Snowcrow\n|-singlemove|p1a: Snowcrow|Destiny Bond\n|move|p2a: Hitmonchan|Rapid Spin|p1a: Snowcrow\n|-immune|p1a: Snowcrow\n|\n|upkeep\n|turn|16\n|\n|t:|1783802476\n|move|p1a: Snowcrow|Will-O-Wisp|p2a: Hitmonchan\n|-status|p2a: Hitmonchan|brn\n|move|p2a: Hitmonchan|Rapid Spin|p1a: Snowcrow\n|-immune|p1a: Snowcrow\n|\n|-damage|p2a: Hitmonchan|95/100 brn|[from] brn\n|upkeep\n|turn|17\n|\n|t:|1783802482\n|move|p1a: Snowcrow|Hex|p2a: Hitmonchan\n|-damage|p2a: Hitmonchan|64/100 brn\n|move|p2a: Hitmonchan|Rapid Spin|p1a: Snowcrow\n|-immune|p1a: Snowcrow\n|\n|-damage|p2a: Hitmonchan|58/100 brn|[from] brn\n|-end|p2a: Hitmonchan|Disable\n|upkeep\n|turn|18\n|\n|t:|1783802489\n|move|p1a: Snowcrow|Destiny Bond|p1a: Snowcrow\n|-singlemove|p1a: Snowcrow|Destiny Bond\n|move|p2a: Hitmonchan|Knock Off|p1a: Snowcrow\n|-supereffective|p1a: Snowcrow\n|-damage|p1a: Snowcrow|0 fnt\n|faint|p1a: Snowcrow\n|-activate|p1a: Snowcrow|move: Destiny Bond\n|faint|p2a: Hitmonchan\n|\n|upkeep\n|\n|t:|1783802497\n|switch|p1a: Dr. Cool|Cetitan, M|100/100\n|switch|p2a: Iron Valiant|Iron Valiant|100/100\n|-damage|p1a: Dr. Cool|76/100|[from] Stealth Rock\n|-enditem|p2a: Iron Valiant|Booster Energy\n|-activate|p2a: Iron Valiant|ability: Quark Drive|[fromitem]\n|-start|p2a: Iron Valiant|quarkdrivespe\n|turn|19\n|\n|t:|1783802504\n|-terastallize|p1a: Dr. Cool|Fairy\n|move|p2a: Iron Valiant|Close Combat|p1a: Dr. Cool\n|-resisted|p1a: Dr. Cool\n|-damage|p1a: Dr. Cool|54/100\n|-unboost|p2a: Iron Valiant|def|1\n|-unboost|p2a: Iron Valiant|spd|1\n|move|p1a: Dr. Cool|Play Rough|p2a: Iron Valiant\n|-supereffective|p2a: Iron Valiant\n|-damage|p2a: Iron Valiant|0 fnt\n|faint|p2a: Iron Valiant\n|-end|p2a: Iron Valiant|Quark Drive|[silent]\n|\n|win|icewizardlair☃\n|raw|icewizardlair☃'s rating: 1190 &rarr; <strong>1214</strong><br />(+24 for winning)\n|raw|Breezy55's rating: 1183 &rarr; <strong>1159</strong><br />(-24 for losing)\n|l|☆Breezy55\n|player|p2|\n|c|☆icewizardlair☃|Gg\n|l|☆icewizardlair☃\n|player|p1|\n", "uploadtime": 1783802889, "views": 6, "formatid": "gen9ou", "rating": 1159, "private": 0, "password": null}