{"id": "gen9ou-2647697164", "format": "[Gen 9] OU", "players": ["Aight8755", "teating76"], "log": "|j|☆Aight8755\n|j|☆teating76\n|t:|1783797906\n|gametype|singles\n|player|p1|Aight8755|youngcouple-gen4dp|1205\n|player|p2|teating76|rocketgrunt|1216\n|gen|9\n|tier|[Gen 9] OU\n|rated|\n|rule|HP Percentage Mod: HP is shown in percentages\n|rule|Endless Battle Clause: Forcing endless battles is banned\n|rule|Species Clause: Limit one of each Pokémon\n|rule|OHKO Clause: OHKO moves are banned\n|rule|Evasion Items Clause: Evasion items are banned\n|rule|Evasion Moves Clause: Evasion moves are banned\n|rule|Evasion Abilities Clause: Evasion abilities are banned\n|rule|Sleep Moves Clause: Sleep-inducing moves are banned\n|clearpoke\n|poke|p1|Darkrai|\n|poke|p1|Iron Valiant|\n|poke|p1|Heatran, F|\n|poke|p1|Dragapult, F|\n|poke|p1|Glastrier|\n|poke|p1|Corviknight, M|\n|poke|p2|Iron Crown|\n|poke|p2|Great Tusk|\n|poke|p2|Ceruledge, F|\n|poke|p2|Walking Wake|\n|poke|p2|Keldeo-Resolute|\n|poke|p2|Cinderace, M|\n|teampreview\n|inactive|Battle timer is ON: inactive players will automatically lose when time's up. (requested by teating76)\n|inactive|Aight8755 also wants the timer to be on.\n|inactive|Aight8755 has 120 seconds left.\n|\n|t:|1783797951\n|teamsize|p1|6\n|teamsize|p2|6\n|start\n|switch|p1a: Darkrai|Darkrai|100/100\n|switch|p2a: Ceruledge|Ceruledge, F|100/100\n|turn|1\n|\n|t:|1783797953\n|move|p1a: Darkrai|Dark Pulse|p2a: Ceruledge\n|-supereffective|p2a: Ceruledge\n|-enditem|p2a: Ceruledge|Focus Sash\n|-damage|p2a: Ceruledge|1/100\n|move|p2a: Ceruledge|Close Combat|p1a: Darkrai\n|-supereffective|p1a: Darkrai\n|-damage|p1a: Darkrai|0 fnt\n|-unboost|p2a: Ceruledge|def|1\n|-unboost|p2a: Ceruledge|spd|1\n|faint|p1a: Darkrai\n|\n|upkeep\n|\n|t:|1783797976\n|switch|p1a: Corviknight|Corviknight, M|100/100\n|-ability|p1a: Corviknight|Pressure\n|turn|2\n|\n|t:|1783797980\n|move|p1a: Corviknight|U-turn|p2a: Ceruledge\n|-resisted|p2a: Ceruledge\n|-crit|p2a: Ceruledge\n|-damage|p2a: Ceruledge|0 fnt\n|faint|p2a: Ceruledge\n|inactive|Aight8755 has 120 seconds left.\n|\n|t:|1783798038\n|switch|p1a: Dragapult|Dragapult, F|100/100|[from] U-turn\n|\n|upkeep\n|\n|t:|1783798043\n|switch|p2a: Keldeo|Keldeo-Resolute|100/100\n|turn|3\n|\n|t:|1783798053\n|move|p1a: Dragapult|Dragon Darts|p2a: Keldeo\n|-damage|p2a: Keldeo|66/100\n|-anim|p1a: Dragapult|Dragon Darts|p2a: Keldeo\n|-damage|p2a: Keldeo|33/100\n|move|p2a: Keldeo|Icy Wind|p1a: Dragapult\n|-supereffective|p1a: Dragapult\n|-damage|p1a: Dragapult|46/100\n|\n|-heal|p1a: Dragapult|52/100|[from] item: Leftovers\n|upkeep\n|turn|4\n|\n|t:|1783798071\n|move|p1a: Dragapult|Dragon Darts|p2a: Keldeo\n|-damage|p2a: Keldeo|2/100\n|-anim|p1a: Dragapult|Dragon Darts|p2a: Keldeo\n|-damage|p2a: Keldeo|0 fnt\n|faint|p2a: Keldeo\n|\n|-heal|p1a: Dragapult|58/100|[from] item: Leftovers\n|upkeep\n|\n|t:|1783798081\n|switch|p2a: Great Tusk|Great Tusk|100/100\n|-enditem|p2a: Great Tusk|Booster Energy\n|-activate|p2a: Great Tusk|ability: Protosynthesis|[fromitem]\n|-start|p2a: Great Tusk|protosynthesisspe\n|turn|5\n|\n|t:|1783798090\n|switch|p1a: Heatran|Heatran, F|100/100\n|-terastallize|p2a: Great Tusk|Fire\n|move|p2a: Great Tusk|Bulk Up|p2a: Great Tusk\n|-boost|p2a: Great Tusk|atk|1\n|-boost|p2a: Great Tusk|def|1\n|\n|upkeep\n|turn|6\n|\n|t:|1783798102\n|-terastallize|p1a: Heatran|Ghost\n|move|p2a: Great Tusk|Rapid Spin|p1a: Heatran\n|-immune|p1a: Heatran\n|move|p1a: Heatran|Earth Power|p2a: Great Tusk\n|-supereffective|p2a: Great Tusk\n|-damage|p2a: Great Tusk|29/100\n|\n|upkeep\n|turn|7\n|\n|t:|1783798105\n|move|p2a: Great Tusk|Headlong Rush|p1a: Heatran\n|-damage|p1a: Heatran|48/100\n|-unboost|p2a: Great Tusk|def|1\n|-unboost|p2a: Great Tusk|spd|1\n|move|p1a: Heatran|Earth Power|p2a: Great Tusk\n|-supereffective|p2a: Great Tusk\n|-damage|p2a: Great Tusk|0 fnt\n|faint|p2a: Great Tusk\n|-end|p2a: Great Tusk|Protosynthesis|[silent]\n|\n|-heal|p1a: Heatran|54/100|[from] item: Leftovers\n|upkeep\n|\n|t:|1783798110\n|switch|p2a: Walking Wake|Walking Wake|100/100\n|-enditem|p2a: Walking Wake|Booster Energy\n|-activate|p2a: Walking Wake|ability: Protosynthesis|[fromitem]\n|-start|p2a: Walking Wake|protosynthesisspa\n|turn|8\n|\n|t:|1783798120\n|move|p2a: Walking Wake|Agility|p2a: Walking Wake\n|-boost|p2a: Walking Wake|spe|2\n|move|p1a: Heatran|Stealth Rock|p2a: Walking Wake\n|-sidestart|p2: teating76|move: Stealth Rock\n|\n|-heal|p1a: Heatran|60/100|[from] item: Leftovers\n|upkeep\n|turn|9\n|\n|t:|1783798128\n|move|p2a: Walking Wake|Surf|p1a: Heatran\n|-damage|p1a: Heatran|3/100\n|move|p1a: Heatran|Earth Power|p2a: Walking Wake\n|-damage|p2a: Walking Wake|71/100\n|-unboost|p2a: Walking Wake|spd|1\n|\n|-heal|p1a: Heatran|9/100|[from] item: Leftovers\n|upkeep\n|turn|10\n|\n|t:|1783798134\n|move|p2a: Walking Wake|Surf|p1a: Heatran\n|-damage|p1a: Heatran|0 fnt\n|faint|p1a: Heatran\n|\n|upkeep\n|\n|t:|1783798135\n|switch|p1a: Glastrier|Glastrier|100/100\n|turn|11\n|\n|t:|1783798146\n|move|p2a: Walking Wake|Surf|p1a: Glastrier\n|-damage|p1a: Glastrier|58/100\n|move|p1a: Glastrier|Avalanche|p2a: Walking Wake\n|-damage|p2a: Walking Wake|5/100\n|\n|-heal|p1a: Glastrier|64/100|[from] item: Leftovers\n|upkeep\n|turn|12\n|\n|t:|1783798153\n|move|p2a: Walking Wake|Draco Meteor|p1a: Glastrier\n|-damage|p1a: Glastrier|0 fnt\n|-unboost|p2a: Walking Wake|spa|2\n|faint|p1a: Glastrier\n|\n|upkeep\n|\n|t:|1783798161\n|switch|p1a: Dragapult|Dragapult, F|58/100\n|turn|13\n|\n|t:|1783798164\n|switch|p1a: Corviknight|Corviknight, M|100/100\n|-ability|p1a: Corviknight|Pressure\n|move|p2a: Walking Wake|Dragon Pulse|p1a: Corviknight\n|-resisted|p1a: Corviknight\n|-damage|p1a: Corviknight|83/100\n|\n|upkeep\n|turn|14\n|\n|t:|1783798174\n|move|p2a: Walking Wake|Surf|p1a: Corviknight\n|-damage|p1a: Corviknight|43/100\n|move|p1a: Corviknight|U-turn|p2a: Walking Wake\n|-damage|p2a: Walking Wake|0 fnt\n|faint|p2a: Walking Wake\n|-end|p2a: Walking Wake|Protosynthesis|[silent]\n|\n|t:|1783798178\n|switch|p1a: Dragapult|Dragapult, F|58/100|[from] U-turn\n|\n|-heal|p1a: Dragapult|64/100|[from] item: Leftovers\n|upkeep\n|\n|t:|1783798193\n|switch|p2a: Iron Crown|Iron Crown|100/100\n|-damage|p2a: Iron Crown|94/100|[from] Stealth Rock\n|-enditem|p2a: Iron Crown|Booster Energy\n|-activate|p2a: Iron Crown|ability: Quark Drive|[fromitem]\n|-start|p2a: Iron Crown|quarkdrivespe\n|turn|15\n|\n|t:|1783798203\n|move|p2a: Iron Crown|Calm Mind|p2a: Iron Crown\n|-boost|p2a: Iron Crown|spa|1\n|-boost|p2a: Iron Crown|spd|1\n|move|p1a: Dragapult|Phantom Force||[still]\n|-prepare|p1a: Dragapult|Phantom Force\n|\n|-heal|p1a: Dragapult|70/100|[from] item: Leftovers\n|upkeep\n|turn|16\n|\n|t:|1783798207\n|move|p2a: Iron Crown|Tachyon Cutter|p1a: Dragapult|[miss]\n|-miss|p2a: Iron Crown|p1a: Dragapult\n|move|p1a: Dragapult|Phantom Force|p2a: Iron Crown|[from] lockedmove\n|-supereffective|p2a: Iron Crown\n|-damage|p2a: Iron Crown|0 fnt\n|faint|p2a: Iron Crown\n|-end|p2a: Iron Crown|Quark Drive|[silent]\n|\n|-heal|p1a: Dragapult|76/100|[from] item: Leftovers\n|upkeep\n|\n|t:|1783798209\n|switch|p2a: Cinderace|Cinderace, M|100/100\n|turn|17\n|\n|t:|1783798215\n|move|p1a: Dragapult|Substitute|p1a: Dragapult\n|-start|p1a: Dragapult|Substitute\n|-damage|p1a: Dragapult|51/100\n|move|p2a: Cinderace|Swords Dance|p2a: Cinderace\n|-boost|p2a: Cinderace|atk|2\n|\n|-heal|p1a: Dragapult|57/100|[from] item: Leftovers\n|upkeep\n|turn|18\n|-message|teating76 forfeited.\n|\n|win|Aight8755\n|raw|Aight8755's rating: 1205 &rarr; <strong>1231</strong><br />(+26 for winning)\n|raw|teating76's rating: 1216 &rarr; <strong>1190</strong><br />(-26 for losing)\n|l|☆teating76\n|player|p2|\n|l|☆Aight8755\n|player|p1|\n", "uploadtime": 1783798566, "views": 5, "formatid": "gen9ou", "rating": 1190, "private": 0, "password": null}