{"id": "gen9ou-2647762863", "format": "[Gen 9] OU", "players": ["Squalliam", "dogmal8"], "log": "|j|☆Squalliam\n|j|☆dogmal8\n|t:|1783808278\n|gametype|singles\n|player|p1|Squalliam|brycenman|1200\n|player|p2|dogmal8|169|1174\n|gen|9\n|tier|[Gen 9] OU\n|rated|\n|rule|HP Percentage Mod: HP is shown in percentages\n|rule|Endless Battle Clause: Forcing endless battles is banned\n|rule|Species Clause: Limit one of each Pokémon\n|rule|OHKO Clause: OHKO moves are banned\n|rule|Evasion Items Clause: Evasion items are banned\n|rule|Evasion Moves Clause: Evasion moves are banned\n|rule|Evasion Abilities Clause: Evasion abilities are banned\n|rule|Sleep Moves Clause: Sleep-inducing moves are banned\n|clearpoke\n|poke|p1|Gliscor, F|\n|poke|p1|Gholdengo|\n|poke|p1|Dragonite, F|\n|poke|p1|Ting-Lu|\n|poke|p1|Darkrai|\n|poke|p1|Zamazenta-*|\n|poke|p2|Conkeldurr, F|\n|poke|p2|Ditto|\n|poke|p2|Tauros-Paldea-Blaze, M|\n|poke|p2|Pikachu-World, M|\n|poke|p2|Cloyster, M|\n|poke|p2|Hitmonlee, M|\n|teampreview\n|\n|t:|1783808296\n|teamsize|p1|6\n|teamsize|p2|6\n|start\n|switch|p1a: Ting-Lu|Ting-Lu|100/100\n|switch|p2a: Cloyster|Cloyster, M|100/100\n|-ability|p1a: Ting-Lu|Vessel of Ruin\n|turn|1\n|\n|t:|1783808307\n|-terastallize|p2a: Cloyster|Water\n|move|p2a: Cloyster|Shell Smash|p2a: Cloyster\n|-unboost|p2a: Cloyster|def|1\n|-unboost|p2a: Cloyster|spd|1\n|-boost|p2a: Cloyster|atk|2\n|-boost|p2a: Cloyster|spa|2\n|-boost|p2a: Cloyster|spe|2\n|-enditem|p2a: Cloyster|White Herb\n|-clearnegativeboost|p2a: Cloyster|[silent]\n|move|p1a: Ting-Lu|Whirlwind|p2a: Cloyster\n|drag|p2a: Ditto|Ditto|100/100\n|-transform|p2a: Ditto|p1a: Ting-Lu|[from] ability: Imposter\n|-ability|p2a: Ditto|Vessel of Ruin\n|\n|upkeep\n|turn|2\n|\n|t:|1783808325\n|move|p2a: Ditto|Stealth Rock|p1a: Ting-Lu\n|-sidestart|p1: Squalliam|move: Stealth Rock\n|move|p1a: Ting-Lu|Stealth Rock|p2a: Ditto\n|-sidestart|p2: dogmal8|move: Stealth Rock\n|\n|upkeep\n|turn|3\n|\n|t:|1783808337\n|switch|p2a: Conkeldurr|Conkeldurr, F|100/100\n|-damage|p2a: Conkeldurr|94/100|[from] Stealth Rock\n|move|p1a: Ting-Lu|Ruination|p2a: Conkeldurr|[miss]\n|-miss|p1a: Ting-Lu|p2a: Conkeldurr\n|\n|-status|p2a: Conkeldurr|brn|[from] item: Flame Orb\n|upkeep\n|turn|4\n|\n|t:|1783808347\n|switch|p1a: Zamazenta|Zamazenta|100/100\n|-ability|p1a: Zamazenta|Dauntless Shield|boost\n|-boost|p1a: Zamazenta|def|1\n|move|p2a: Conkeldurr|Mach Punch|p1a: Zamazenta\n|-damage|p1a: Zamazenta|76/100\n|\n|-damage|p2a: Conkeldurr|88/100 brn|[from] brn\n|upkeep\n|turn|5\n|\n|t:|1783808358\n|move|p1a: Zamazenta|Heavy Slam|p2a: Conkeldurr\n|-damage|p2a: Conkeldurr|71/100 brn\n|move|p2a: Conkeldurr|Knock Off|p1a: Zamazenta\n|-resisted|p1a: Zamazenta\n|-damage|p1a: Zamazenta|59/100\n|-enditem|p1a: Zamazenta|Heavy-Duty Boots|[from] move: Knock Off|[of] p2a: Conkeldurr\n|\n|-damage|p2a: Conkeldurr|65/100 brn|[from] brn\n|upkeep\n|turn|6\n|\n|t:|1783808369\n|move|p1a: Zamazenta|Stone Edge|p2a: Conkeldurr\n|-resisted|p2a: Conkeldurr\n|-damage|p2a: Conkeldurr|50/100 brn\n|move|p2a: Conkeldurr|Earthquake|p1a: Zamazenta\n|-damage|p1a: Zamazenta|21/100\n|\n|-damage|p2a: Conkeldurr|44/100 brn|[from] brn\n|upkeep\n|turn|7\n|\n|t:|1783808376\n|move|p2a: Conkeldurr|Mach Punch|p1a: Zamazenta\n|-damage|p1a: Zamazenta|0 fnt\n|faint|p1a: Zamazenta\n|\n|-damage|p2a: Conkeldurr|38/100 brn|[from] brn\n|upkeep\n|\n|t:|1783808381\n|switch|p1a: Gliscor|Gliscor, F|100/100\n|-damage|p1a: Gliscor|88/100|[from] Stealth Rock\n|turn|8\n|\n|t:|1783808388\n|move|p1a: Gliscor|Protect|p1a: Gliscor\n|-singleturn|p1a: Gliscor|Protect\n|move|p2a: Conkeldurr|Knock Off|p1a: Gliscor\n|-activate|p1a: Gliscor|move: Protect\n|\n|-damage|p2a: Conkeldurr|32/100 brn|[from] brn\n|-status|p1a: Gliscor|tox|[from] item: Toxic Orb\n|upkeep\n|turn|9\n|\n|t:|1783808395\n|move|p2a: Conkeldurr|Mach Punch|p1a: Gliscor\n|-resisted|p1a: Gliscor\n|-damage|p1a: Gliscor|78/100 tox\n|move|p1a: Gliscor|Spikes|p2a: Conkeldurr\n|-sidestart|p2: dogmal8|Spikes\n|\n|-heal|p1a: Gliscor|90/100 tox|[from] ability: Poison Heal\n|-damage|p2a: Conkeldurr|26/100 brn|[from] brn\n|upkeep\n|turn|10\n|\n|t:|1783808408\n|move|p2a: Conkeldurr|Mach Punch|p1a: Gliscor\n|-resisted|p1a: Gliscor\n|-damage|p1a: Gliscor|79/100 tox\n|move|p1a: Gliscor|Spikes|p2a: Conkeldurr\n|-sidestart|p2: dogmal8|Spikes\n|\n|-heal|p1a: Gliscor|91/100 tox|[from] ability: Poison Heal\n|-damage|p2a: Conkeldurr|20/100 brn|[from] brn\n|upkeep\n|turn|11\n|\n|t:|1783808410\n|move|p1a: Gliscor|Spikes|p2a: Conkeldurr\n|-sidestart|p2: dogmal8|Spikes\n|move|p2a: Conkeldurr|Knock Off|p1a: Gliscor\n|-damage|p1a: Gliscor|53/100 tox\n|-enditem|p1a: Gliscor|Toxic Orb|[from] move: Knock Off|[of] p2a: Conkeldurr\n|\n|-heal|p1a: Gliscor|65/100 tox|[from] ability: Poison Heal\n|-damage|p2a: Conkeldurr|14/100 brn|[from] brn\n|upkeep\n|turn|12\n|\n|t:|1783808416\n|move|p2a: Conkeldurr|Mach Punch|p1a: Gliscor\n|-resisted|p1a: Gliscor\n|-damage|p1a: Gliscor|54/100 tox\n|move|p1a: Gliscor|Earthquake|p2a: Conkeldurr\n|-damage|p2a: Conkeldurr|0 fnt\n|faint|p2a: Conkeldurr\n|\n|-heal|p1a: Gliscor|66/100 tox|[from] ability: Poison Heal\n|upkeep\n|inactive|Battle timer is ON: inactive players will automatically lose when time's up. (requested by Squalliam)\n|\n|t:|1783808426\n|switch|p2a: Hitmonlee|Hitmonlee, M|100/100\n|-damage|p2a: Hitmonlee|94/100|[from] Stealth Rock\n|-damage|p2a: Hitmonlee|70/100|[from] Spikes\n|turn|13\n|\n|t:|1783808431\n|move|p2a: Hitmonlee|Endure|p2a: Hitmonlee\n|-singleturn|p2a: Hitmonlee|move: Endure\n|move|p1a: Gliscor|Toxic|p2a: Hitmonlee\n|-status|p2a: Hitmonlee|tox\n|\n|-damage|p2a: Hitmonlee|63/100 tox|[from] psn\n|-heal|p1a: Gliscor|79/100 tox|[from] ability: Poison Heal\n|upkeep\n|turn|14\n|\n|t:|1783808437\n|move|p2a: Hitmonlee|Knock Off|p1a: Gliscor\n|-damage|p1a: Gliscor|64/100 tox\n|move|p1a: Gliscor|Earthquake|p2a: Hitmonlee\n|-damage|p2a: Hitmonlee|0 fnt\n|faint|p2a: Hitmonlee\n|\n|-heal|p1a: Gliscor|76/100 tox|[from] ability: Poison Heal\n|upkeep\n|\n|t:|1783808439\n|switch|p2a: Ditto|Ditto|100/100\n|-damage|p2a: Ditto|88/100|[from] Stealth Rock\n|-damage|p2a: Ditto|63/100|[from] Spikes\n|-transform|p2a: Ditto|p1a: Gliscor|[from] ability: Imposter\n|turn|15\n|\n|t:|1783808457\n|move|p1a: Gliscor|Protect|p1a: Gliscor\n|-singleturn|p1a: Gliscor|Protect\n|move|p2a: Ditto|Spikes|p1a: Gliscor\n|-sidestart|p1: Squalliam|Spikes\n|\n|-heal|p1a: Gliscor|89/100 tox|[from] ability: Poison Heal\n|upkeep\n|turn|16\n|\n|t:|1783808462\n|switch|p1a: Dragonite|Dragonite, F|100/100\n|move|p2a: Ditto|Spikes|p1a: Dragonite\n|-sidestart|p1: Squalliam|Spikes\n|\n|upkeep\n|turn|17\n|\n|t:|1783808467\n|move|p2a: Ditto|Spikes|p1a: Dragonite\n|-sidestart|p1: Squalliam|Spikes\n|move|p1a: Dragonite|Dragon Dance|p1a: Dragonite\n|-boost|p1a: Dragonite|atk|1\n|-boost|p1a: Dragonite|spe|1\n|\n|upkeep\n|turn|18\n|\n|t:|1783808472\n|switch|p2a: Cloyster|Cloyster, M, tera:Water|100/100\n|-damage|p2a: Cloyster|88/100|[from] Stealth Rock\n|-damage|p2a: Cloyster|63/100|[from] Spikes\n|move|p1a: Dragonite|Dragon Dance|p1a: Dragonite\n|-boost|p1a: Dragonite|atk|1\n|-boost|p1a: Dragonite|spe|1\n|\n|upkeep\n|turn|19\n|\n|t:|1783808483\n|move|p1a: Dragonite|Dragon Dance|p1a: Dragonite\n|-boost|p1a: Dragonite|atk|1\n|-boost|p1a: Dragonite|spe|1\n|move|p2a: Cloyster|Icicle Spear|p1a: Dragonite\n|-supereffective|p1a: Dragonite\n|-damage|p1a: Dragonite|78/100\n|-supereffective|p1a: Dragonite\n|-damage|p1a: Dragonite|36/100\n|-supereffective|p1a: Dragonite\n|-damage|p1a: Dragonite|0 fnt\n|faint|p1a: Dragonite\n|-hitcount|p1: Dragonite|3\n|\n|upkeep\n|\n|t:|1783808491\n|switch|p1a: Darkrai|Darkrai|100/100\n|turn|20\n|\n|t:|1783808498\n|move|p1a: Darkrai|Dark Pulse|p2a: Cloyster\n|-damage|p2a: Cloyster|0 fnt\n|faint|p2a: Cloyster\n|\n|upkeep\n|\n|t:|1783808503\n|switch|p2a: Tauros|Tauros-Paldea-Blaze, M|100/100\n|-damage|p2a: Tauros|88/100|[from] Stealth Rock\n|-damage|p2a: Tauros|63/100|[from] Spikes\n|turn|21\n|\n|t:|1783808527\n|move|p1a: Darkrai|Knock Off|p2a: Tauros\n|-resisted|p2a: Tauros\n|-damage|p2a: Tauros|48/100\n|-enditem|p2a: Tauros|Life Orb|[from] move: Knock Off|[of] p1a: Darkrai\n|move|p2a: Tauros|Close Combat|p1a: Darkrai\n|-supereffective|p1a: Darkrai\n|-damage|p1a: Darkrai|0 fnt\n|-unboost|p2a: Tauros|def|1\n|-unboost|p2a: Tauros|spd|1\n|faint|p1a: Darkrai\n|\n|upkeep\n|\n|t:|1783808537\n|switch|p1a: Gliscor|Gliscor, F|89/100 tox\n|-damage|p1a: Gliscor|76/100 tox|[from] Stealth Rock\n|turn|22\n|\n|t:|1783808542\n|move|p2a: Tauros|Flare Blitz|p1a: Gliscor\n|-damage|p1a: Gliscor|41/100 tox\n|-damage|p2a: Tauros|34/100|[from] Recoil\n|move|p1a: Gliscor|Toxic|p2a: Tauros\n|-status|p2a: Tauros|tox\n|\n|-damage|p2a: Tauros|28/100 tox|[from] psn\n|-heal|p1a: Gliscor|54/100 tox|[from] ability: Poison Heal\n|upkeep\n|turn|23\n|\n|t:|1783808552\n|move|p1a: Gliscor|Protect|p1a: Gliscor\n|-singleturn|p1a: Gliscor|Protect\n|move|p2a: Tauros|Flare Blitz|p1a: Gliscor\n|-activate|p1a: Gliscor|move: Protect\n|\n|-damage|p2a: Tauros|16/100 tox|[from] psn\n|-heal|p1a: Gliscor|66/100 tox|[from] ability: Poison Heal\n|upkeep\n|turn|24\n|inactive|Squalliam has 120 seconds left.\n|\n|t:|1783808583\n|move|p1a: Gliscor|Protect||[still]\n|-fail|p1a: Gliscor\n|move|p2a: Tauros|Flare Blitz|p1a: Gliscor\n|-damage|p1a: Gliscor|34/100 tox\n|-damage|p2a: Tauros|3/100 tox|[from] Recoil\n|\n|-damage|p2a: Tauros|0 fnt|[from] psn\n|faint|p2a: Tauros\n|-heal|p1a: Gliscor|46/100 tox|[from] ability: Poison Heal\n|upkeep\n|\n|t:|1783808590\n|switch|p2a: Ditto|Ditto|63/100\n|-damage|p2a: Ditto|51/100|[from] Stealth Rock\n|-damage|p2a: Ditto|26/100|[from] Spikes\n|-transform|p2a: Ditto|p1a: Gliscor|[from] ability: Imposter\n|turn|25\n|\n|t:|1783808604\n|move|p2a: Ditto|Protect|p2a: Ditto\n|-singleturn|p2a: Ditto|Protect\n|move|p1a: Gliscor|Protect||[still]\n|-fail|p1a: Gliscor\n|\n|-heal|p1a: Gliscor|59/100 tox|[from] ability: Poison Heal\n|upkeep\n|turn|26\n|\n|t:|1783808616\n|switch|p2a: Pikachu|Pikachu-World, M|100/100\n|-damage|p2a: Pikachu|88/100|[from] Stealth Rock\n|-damage|p2a: Pikachu|64/100|[from] Spikes\n|switch|p1a: Gholdengo|Gholdengo|100/100\n|-damage|p1a: Gholdengo|94/100|[from] Stealth Rock\n|-damage|p1a: Gholdengo|70/100|[from] Spikes\n|\n|upkeep\n|turn|27\n|inactive|Squalliam has 120 seconds left.\n|\n|t:|1783808642\n|move|p1a: Gholdengo|Shadow Ball|p2a: Pikachu\n|-damage|p2a: Pikachu|0 fnt\n|faint|p2a: Pikachu\n|\n|upkeep\n|-message|dogmal8 forfeited.\n|\n|win|Squalliam\n|raw|Squalliam's rating: 1200 &rarr; <strong>1223</strong><br />(+23 for winning)\n|raw|dogmal8's rating: 1174 &rarr; <strong>1151</strong><br />(-23 for losing)\n|l|☆dogmal8\n|player|p2|\n", "uploadtime": 1783808917, "views": 11, "formatid": "gen9ou", "rating": 1151, "private": 0, "password": null}