{"id": "gen9ou-2647758166", "format": "[Gen 9] OU", "players": ["OUBotBeepBoop", "msmithnnn"], "log": "|j|☆OUBotBeepBoop\n|j|☆msmithnnn\n|t:|1783807506\n|gametype|singles\n|player|p1|OUBotBeepBoop|102|1193\n|player|p2|msmithnnn|linebacker|1184\n|gen|9\n|tier|[Gen 9] OU\n|rated|\n|rule|HP Percentage Mod: HP is shown in percentages\n|rule|Endless Battle Clause: Forcing endless battles is banned\n|rule|Species Clause: Limit one of each Pokémon\n|rule|OHKO Clause: OHKO moves are banned\n|rule|Evasion Items Clause: Evasion items are banned\n|rule|Evasion Moves Clause: Evasion moves are banned\n|rule|Evasion Abilities Clause: Evasion abilities are banned\n|rule|Sleep Moves Clause: Sleep-inducing moves are banned\n|clearpoke\n|poke|p1|Glimmora, M|\n|poke|p1|Great Tusk|\n|poke|p1|Kingambit, F|\n|poke|p1|Dragapult, F|\n|poke|p1|Clefable, M|\n|poke|p1|Corviknight, F|\n|poke|p2|Kyurem|\n|poke|p2|Alomomola, F|\n|poke|p2|Gholdengo|\n|poke|p2|Great Tusk|\n|poke|p2|Slowking-Galar, M|\n|poke|p2|Glimmora, F|\n|teampreview\n|inactive|Battle timer is ON: inactive players will automatically lose when time's up. (requested by OUBotBeepBoop)\n|\n|t:|1783807515\n|teamsize|p1|6\n|teamsize|p2|6\n|start\n|switch|p1a: Glimmora|Glimmora, M|100/100\n|switch|p2a: Kyurem|Kyurem|100/100\n|-ability|p2a: Kyurem|Pressure\n|turn|1\n|\n|t:|1783807521\n|move|p2a: Kyurem|Earth Power|p1a: Glimmora\n|-supereffective|p1a: Glimmora\n|-enditem|p1a: Glimmora|Focus Sash\n|-damage|p1a: Glimmora|1/100\n|move|p1a: Glimmora|Power Gem|p2a: Kyurem\n|-supereffective|p2a: Kyurem\n|-damage|p2a: Kyurem|22/100\n|\n|upkeep\n|turn|2\n|\n|t:|1783807528\n|move|p2a: Kyurem|Earth Power|p1a: Glimmora\n|-supereffective|p1a: Glimmora\n|-damage|p1a: Glimmora|0 fnt\n|faint|p1a: Glimmora\n|\n|upkeep\n|\n|t:|1783807528\n|switch|p1a: Corviknight|Corviknight, F|100/100\n|-ability|p1a: Corviknight|Pressure\n|turn|3\n|\n|t:|1783807535\n|switch|p2a: Glimmora|Glimmora, F|100/100\n|move|p1a: Corviknight|Body Press|p2a: Glimmora\n|-damage|p2a: Glimmora|76/100\n|-activate|p2a: Glimmora|ability: Toxic Debris\n|-sidestart|p1: OUBotBeepBoop|move: Toxic Spikes\n|\n|upkeep\n|turn|4\n|\n|t:|1783807544\n|switch|p1a: Great Tusk|Great Tusk|100/100\n|move|p2a: Glimmora|Stealth Rock|p1a: Great Tusk\n|-sidestart|p1: OUBotBeepBoop|move: Stealth Rock\n|\n|upkeep\n|turn|5\n|\n|t:|1783807553\n|move|p1a: Great Tusk|Headlong Rush|p2a: Glimmora\n|-supereffective|p2a: Glimmora\n|-damage|p2a: Glimmora|0 fnt\n|-unboost|p1a: Great Tusk|def|1\n|-unboost|p1a: Great Tusk|spd|1\n|-activate|p2a: Glimmora|ability: Toxic Debris\n|-sidestart|p1: OUBotBeepBoop|move: Toxic Spikes\n|faint|p2a: Glimmora\n|\n|upkeep\n|\n|t:|1783807563\n|switch|p2a: Alomomola|Alomomola, F|100/100\n|turn|6\n|\n|t:|1783807566\n|move|p1a: Great Tusk|Rapid Spin|p2a: Alomomola\n|-damage|p2a: Alomomola|91/100\n|-boost|p1a: Great Tusk|spe|1\n|-sideend|p1: OUBotBeepBoop|Toxic Spikes|[from] move: Rapid Spin|[of] p1a: Great Tusk\n|-sideend|p1: OUBotBeepBoop|Stealth Rock|[from] move: Rapid Spin|[of] p1a: Great Tusk\n|move|p2a: Alomomola|Wish|p2a: Alomomola\n|\n|upkeep\n|turn|7\n|\n|t:|1783807573\n|-end|p1a: Great Tusk|Protosynthesis|[silent]\n|switch|p1a: Dragapult|Dragapult, F|100/100\n|move|p2a: Alomomola|Flip Turn|p1a: Dragapult\n|-resisted|p1a: Dragapult\n|-damage|p1a: Dragapult|91/100\n|\n|t:|1783807579\n|switch|p2a: Kyurem|Kyurem|22/100|[from] Flip Turn\n|-ability|p2a: Kyurem|Pressure\n|\n|-heal|p2a: Kyurem|90/100|[from] move: Wish|[wisher] Alomomola\n|upkeep\n|turn|8\n|\n|t:|1783807585\n|move|p2a: Kyurem|Freeze-Dry|p1a: Dragapult\n|-supereffective|p1a: Dragapult\n|-damage|p1a: Dragapult|0 fnt\n|faint|p1a: Dragapult\n|\n|upkeep\n|\n|t:|1783807586\n|switch|p1a: Clefable|Clefable, M|100/100\n|turn|9\n|\n|t:|1783807593\n|switch|p2a: Slowking|Slowking-Galar, M|100/100\n|move|p1a: Clefable|Moonblast|p2a: Slowking\n|-resisted|p2a: Slowking\n|-damage|p2a: Slowking|91/100\n|\n|upkeep\n|turn|10\n|\n|t:|1783807600\n|switch|p1a: Kingambit|Kingambit, F|100/100\n|-activate|p1a: Kingambit|ability: Supreme Overlord\n|-start|p1a: Kingambit|fallen2|[silent]\n|move|p2a: Slowking|Future Sight|p1a: Kingambit\n|-start|p2a: Slowking|move: Future Sight\n|\n|upkeep\n|turn|11\n|\n|t:|1783807606\n|switch|p2a: Great Tusk|Great Tusk|100/100\n|move|p1a: Kingambit|Kowtow Cleave|p2a: Great Tusk\n|-resisted|p2a: Great Tusk\n|-damage|p2a: Great Tusk|77/100\n|\n|-heal|p2a: Great Tusk|83/100|[from] item: Leftovers\n|upkeep\n|turn|12\n|\n|t:|1783807614\n|-end|p1a: Kingambit|fallen2|[silent]\n|switch|p1a: Clefable|Clefable, M|100/100\n|move|p2a: Great Tusk|Close Combat|p1a: Clefable\n|-resisted|p1a: Clefable\n|-damage|p1a: Clefable|74/100\n|-unboost|p2a: Great Tusk|def|1\n|-unboost|p2a: Great Tusk|spd|1\n|\n|-end|p1a: Clefable|move: Future Sight\n|-damage|p1a: Clefable|32/100\n|-heal|p2a: Great Tusk|89/100|[from] item: Leftovers\n|-heal|p1a: Clefable|39/100|[from] item: Leftovers\n|upkeep\n|turn|13\n|\n|t:|1783807626\n|-end|p2a: Great Tusk|Protosynthesis|[silent]\n|switch|p2a: Slowking|Slowking-Galar, M|100/100\n|move|p1a: Clefable|Moonblast|p2a: Slowking\n|-resisted|p2a: Slowking\n|-damage|p2a: Slowking|92/100\n|-unboost|p2a: Slowking|spa|1\n|\n|-heal|p1a: Clefable|45/100|[from] item: Leftovers\n|upkeep\n|turn|14\n|\n|t:|1783807635\n|switch|p1a: Kingambit|Kingambit, F|100/100\n|-activate|p1a: Kingambit|ability: Supreme Overlord\n|-start|p1a: Kingambit|fallen2|[silent]\n|-prepare|p2a: Slowking|Chilly Reception|[premajor]\n|move|p2a: Slowking|Chilly Reception|p2a: Slowking\n|-weather|Snowscape\n|\n|t:|1783807642\n|switch|p2a: Alomomola|Alomomola, F|100/100|[from] Chilly Reception\n|\n|-weather|Snowscape|[upkeep]\n|upkeep\n|turn|15\n|\n|t:|1783807646\n|move|p2a: Alomomola|Scald|p1a: Kingambit\n|-damage|p1a: Kingambit|87/100\n|move|p1a: Kingambit|Swords Dance|p1a: Kingambit\n|-boost|p1a: Kingambit|atk|2\n|\n|-weather|Snowscape|[upkeep]\n|upkeep\n|turn|16\n|\n|t:|1783807652\n|move|p2a: Alomomola|Scald|p1a: Kingambit\n|-damage|p1a: Kingambit|73/100\n|-status|p1a: Kingambit|brn\n|move|p1a: Kingambit|Kowtow Cleave|p2a: Alomomola\n|-damage|p2a: Alomomola|65/100\n|\n|-weather|Snowscape|[upkeep]\n|-damage|p1a: Kingambit|67/100 brn|[from] brn\n|upkeep\n|turn|17\n|\n|t:|1783807661\n|move|p2a: Alomomola|Flip Turn|p1a: Kingambit\n|-damage|p1a: Kingambit|56/100 brn\n|\n|t:|1783807664\n|switch|p2a: Great Tusk|Great Tusk|89/100|[from] Flip Turn\n|move|p1a: Kingambit|Kowtow Cleave|p2a: Great Tusk\n|-resisted|p2a: Great Tusk\n|-damage|p2a: Great Tusk|69/100\n|\n|-weather|Snowscape|[upkeep]\n|-heal|p2a: Great Tusk|75/100|[from] item: Leftovers\n|-damage|p1a: Kingambit|50/100 brn|[from] brn\n|upkeep\n|turn|18\n|\n|t:|1783807675\n|-end|p1a: Kingambit|fallen2|[silent]\n|switch|p1a: Clefable|Clefable, M|45/100\n|move|p2a: Great Tusk|Headlong Rush|p1a: Clefable\n|-damage|p1a: Clefable|0 fnt\n|-unboost|p2a: Great Tusk|def|1\n|-unboost|p2a: Great Tusk|spd|1\n|faint|p1a: Clefable\n|\n|-weather|none\n|-heal|p2a: Great Tusk|81/100|[from] item: Leftovers\n|upkeep\n|\n|t:|1783807675\n|switch|p1a: Great Tusk|Great Tusk|100/100\n|turn|19\n|\n|t:|1783807686\n|-end|p2a: Great Tusk|Protosynthesis|[silent]\n|switch|p2a: Alomomola|Alomomola, F|98/100\n|move|p1a: Great Tusk|Ice Spinner|p2a: Alomomola\n|-resisted|p2a: Alomomola\n|-damage|p2a: Alomomola|91/100\n|\n|upkeep\n|turn|20\n|\n|t:|1783807694\n|move|p1a: Great Tusk|Headlong Rush|p2a: Alomomola\n|-damage|p2a: Alomomola|55/100\n|-unboost|p1a: Great Tusk|def|1\n|-unboost|p1a: Great Tusk|spd|1\n|move|p2a: Alomomola|Flip Turn|p1a: Great Tusk\n|-supereffective|p1a: Great Tusk\n|-damage|p1a: Great Tusk|69/100\n|\n|t:|1783807702\n|switch|p2a: Kyurem|Kyurem|90/100|[from] Flip Turn\n|-ability|p2a: Kyurem|Pressure\n|\n|upkeep\n|turn|21\n|\n|t:|1783807710\n|-end|p1a: Great Tusk|Protosynthesis|[silent]\n|switch|p1a: Corviknight|Corviknight, F|100/100\n|-ability|p1a: Corviknight|Pressure\n|move|p2a: Kyurem|Freeze-Dry|p1a: Corviknight\n|-damage|p1a: Corviknight|65/100\n|\n|-heal|p1a: Corviknight|71/100|[from] item: Leftovers\n|upkeep\n|turn|22\n|\n|t:|1783807720\n|switch|p2a: Alomomola|Alomomola, F|88/100\n|move|p1a: Corviknight|Body Press|p2a: Alomomola\n|-damage|p2a: Alomomola|75/100\n|\n|-heal|p1a: Corviknight|77/100|[from] item: Leftovers\n|upkeep\n|turn|23\n|\n|t:|1783807727\n|move|p1a: Corviknight|U-turn|p2a: Alomomola\n|-damage|p2a: Alomomola|67/100\n|\n|t:|1783807727\n|switch|p1a: Great Tusk|Great Tusk|69/100|[from] U-turn\n|move|p2a: Alomomola|Scald|p1a: Great Tusk\n|-supereffective|p1a: Great Tusk\n|-damage|p1a: Great Tusk|29/100\n|\n|upkeep\n|turn|24\n|\n|t:|1783807735\n|-end|p1a: Great Tusk|Protosynthesis|[silent]\n|switch|p1a: Corviknight|Corviknight, F|77/100\n|-ability|p1a: Corviknight|Pressure\n|move|p2a: Alomomola|Scald|p1a: Corviknight\n|-damage|p1a: Corviknight|63/100\n|\n|-heal|p1a: Corviknight|69/100|[from] item: Leftovers\n|upkeep\n|turn|25\n|c|☆msmithnnn|crucial wall\n|\n|t:|1783807744\n|move|p1a: Corviknight|Roost|p1a: Corviknight\n|-heal|p1a: Corviknight|100/100\n|-singleturn|p1a: Corviknight|move: Roost\n|move|p2a: Alomomola|Scald|p1a: Corviknight\n|-damage|p1a: Corviknight|88/100\n|\n|-heal|p1a: Corviknight|94/100|[from] item: Leftovers\n|upkeep\n|turn|26\n|\n|t:|1783807752\n|move|p1a: Corviknight|U-turn|p2a: Alomomola\n|-damage|p2a: Alomomola|59/100\n|\n|t:|1783807752\n|switch|p1a: Kingambit|Kingambit, F|50/100 brn|[from] U-turn\n|-activate|p1a: Kingambit|ability: Supreme Overlord\n|-start|p1a: Kingambit|fallen3|[silent]\n|move|p2a: Alomomola|Scald|p1a: Kingambit\n|-damage|p1a: Kingambit|37/100 brn\n|\n|-damage|p1a: Kingambit|30/100 brn|[from] brn\n|upkeep\n|turn|27\n|\n|t:|1783807762\n|move|p2a: Alomomola|Wish|p2a: Alomomola\n|move|p1a: Kingambit|Swords Dance|p1a: Kingambit\n|-boost|p1a: Kingambit|atk|2\n|\n|-damage|p1a: Kingambit|24/100 brn|[from] brn\n|upkeep\n|turn|28\n|\n|t:|1783807768\n|move|p2a: Alomomola|Protect|p2a: Alomomola\n|-singleturn|p2a: Alomomola|Protect\n|move|p1a: Kingambit|Kowtow Cleave|p2a: Alomomola\n|-activate|p2a: Alomomola|move: Protect\n|\n|-heal|p2a: Alomomola|100/100|[from] move: Wish|[wisher] Alomomola\n|-damage|p1a: Kingambit|18/100 brn|[from] brn\n|upkeep\n|turn|29\n|\n|t:|1783807777\n|move|p2a: Alomomola|Wish|p2a: Alomomola\n|move|p1a: Kingambit|Kowtow Cleave|p2a: Alomomola\n|-damage|p2a: Alomomola|61/100\n|\n|-damage|p1a: Kingambit|12/100 brn|[from] brn\n|upkeep\n|turn|30\n|\n|t:|1783807783\n|move|p2a: Alomomola|Protect|p2a: Alomomola\n|-singleturn|p2a: Alomomola|Protect\n|move|p1a: Kingambit|Kowtow Cleave|p2a: Alomomola\n|-activate|p2a: Alomomola|move: Protect\n|\n|-heal|p2a: Alomomola|100/100|[from] move: Wish|[wisher] Alomomola\n|-damage|p1a: Kingambit|6/100 brn|[from] brn\n|upkeep\n|turn|31\n|\n|t:|1783807791\n|-end|p1a: Kingambit|fallen3|[silent]\n|switch|p1a: Corviknight|Corviknight, F|94/100\n|-ability|p1a: Corviknight|Pressure\n|move|p2a: Alomomola|Protect||[still]\n|-fail|p2a: Alomomola\n|\n|-heal|p1a: Corviknight|100/100|[from] item: Leftovers\n|upkeep\n|turn|32\n|\n|t:|1783807799\n|move|p1a: Corviknight|U-turn|p2a: Alomomola\n|-damage|p2a: Alomomola|92/100\n|\n|t:|1783807799\n|switch|p1a: Great Tusk|Great Tusk|29/100|[from] U-turn\n|move|p2a: Alomomola|Scald|p1a: Great Tusk\n|-supereffective|p1a: Great Tusk\n|-damage|p1a: Great Tusk|0 fnt\n|faint|p1a: Great Tusk\n|-end|p1a: Great Tusk|Protosynthesis|[silent]\n|\n|upkeep\n|\n|t:|1783807800\n|switch|p1a: Corviknight|Corviknight, F|100/100\n|-ability|p1a: Corviknight|Pressure\n|turn|33\n|\n|t:|1783807810\n|move|p1a: Corviknight|U-turn|p2a: Alomomola\n|-damage|p2a: Alomomola|85/100\n|\n|t:|1783807810\n|switch|p1a: Kingambit|Kingambit, F|6/100 brn|[from] U-turn\n|-activate|p1a: Kingambit|ability: Supreme Overlord\n|-start|p1a: Kingambit|fallen4|[silent]\n|move|p2a: Alomomola|Scald|p1a: Kingambit\n|-damage|p1a: Kingambit|0 fnt\n|faint|p1a: Kingambit\n|-end|p1a: Kingambit|fallen4|[silent]\n|\n|upkeep\n|\n|t:|1783807811\n|switch|p1a: Corviknight|Corviknight, F|100/100\n|-ability|p1a: Corviknight|Pressure\n|turn|34\n|\n|t:|1783807822\n|move|p1a: Corviknight|U-turn|p2a: Alomomola\n|-damage|p2a: Alomomola|77/100\n|move|p2a: Alomomola|Scald|p1a: Corviknight\n|-damage|p1a: Corviknight|88/100\n|\n|-heal|p1a: Corviknight|94/100|[from] item: Leftovers\n|upkeep\n|turn|35\n|\n|t:|1783807828\n|move|p1a: Corviknight|Body Press|p2a: Alomomola\n|-damage|p2a: Alomomola|63/100\n|move|p2a: Alomomola|Scald|p1a: Corviknight\n|-damage|p1a: Corviknight|80/100\n|\n|-heal|p1a: Corviknight|87/100|[from] item: Leftovers\n|upkeep\n|turn|36\n|\n|t:|1783807835\n|move|p1a: Corviknight|Body Press|p2a: Alomomola\n|-damage|p2a: Alomomola|50/100\n|move|p2a: Alomomola|Scald|p1a: Corviknight\n|-damage|p1a: Corviknight|73/100\n|\n|-heal|p1a: Corviknight|79/100|[from] item: Leftovers\n|upkeep\n|turn|37\n|\n|t:|1783807842\n|move|p1a: Corviknight|Body Press|p2a: Alomomola\n|-damage|p2a: Alomomola|36/100\n|move|p2a: Alomomola|Wish|p2a: Alomomola\n|\n|-heal|p1a: Corviknight|86/100|[from] item: Leftovers\n|upkeep\n|turn|38\n|\n|t:|1783807847\n|move|p1a: Corviknight|Body Press|p2a: Alomomola\n|-damage|p2a: Alomomola|22/100\n|move|p2a: Alomomola|Scald|p1a: Corviknight\n|-damage|p1a: Corviknight|73/100\n|\n|-heal|p2a: Alomomola|72/100|[from] move: Wish|[wisher] Alomomola\n|-heal|p1a: Corviknight|80/100|[from] item: Leftovers\n|upkeep\n|turn|39\n|\n|t:|1783807856\n|move|p1a: Corviknight|U-turn|p2a: Alomomola\n|-damage|p2a: Alomomola|64/100\n|move|p2a: Alomomola|Scald|p1a: Corviknight\n|-damage|p1a: Corviknight|66/100\n|\n|-heal|p1a: Corviknight|72/100|[from] item: Leftovers\n|upkeep\n|turn|40\n|\n|t:|1783807863\n|move|p1a: Corviknight|Roost|p1a: Corviknight\n|-heal|p1a: Corviknight|100/100\n|-singleturn|p1a: Corviknight|move: Roost\n|move|p2a: Alomomola|Scald|p1a: Corviknight\n|-damage|p1a: Corviknight|87/100\n|\n|-heal|p1a: Corviknight|93/100|[from] item: Leftovers\n|upkeep\n|turn|41\n|\n|t:|1783807872\n|move|p1a: Corviknight|Body Press|p2a: Alomomola\n|-damage|p2a: Alomomola|51/100\n|move|p2a: Alomomola|Scald|p1a: Corviknight\n|-damage|p1a: Corviknight|79/100\n|-status|p1a: Corviknight|brn\n|\n|-heal|p1a: Corviknight|85/100 brn|[from] item: Leftovers\n|-damage|p1a: Corviknight|79/100 brn|[from] brn\n|upkeep\n|turn|42\n|\n|t:|1783807881\n|move|p1a: Corviknight|Body Press|p2a: Alomomola\n|-damage|p2a: Alomomola|45/100\n|move|p2a: Alomomola|Flip Turn|p1a: Corviknight\n|-damage|p1a: Corviknight|69/100 brn\n|\n|t:|1783807886\n|switch|p2a: Great Tusk|Great Tusk|81/100|[from] Flip Turn\n|\n|-heal|p2a: Great Tusk|87/100|[from] item: Leftovers\n|-heal|p1a: Corviknight|75/100 brn|[from] item: Leftovers\n|-damage|p1a: Corviknight|69/100 brn|[from] brn\n|upkeep\n|turn|43\n|\n|t:|1783807893\n|move|p2a: Great Tusk|Close Combat|p1a: Corviknight\n|-damage|p1a: Corviknight|27/100 brn\n|-unboost|p2a: Great Tusk|def|1\n|-unboost|p2a: Great Tusk|spd|1\n|move|p1a: Corviknight|Roost|p1a: Corviknight\n|-heal|p1a: Corviknight|77/100 brn\n|-singleturn|p1a: Corviknight|move: Roost\n|\n|-heal|p2a: Great Tusk|94/100|[from] item: Leftovers\n|-heal|p1a: Corviknight|84/100 brn|[from] item: Leftovers\n|-damage|p1a: Corviknight|77/100 brn|[from] brn\n|upkeep\n|turn|44\n|\n|t:|1783807905\n|move|p2a: Great Tusk|Close Combat|p1a: Corviknight\n|-damage|p1a: Corviknight|34/100 brn\n|-unboost|p2a: Great Tusk|def|1\n|-unboost|p2a: Great Tusk|spd|1\n|move|p1a: Corviknight|Roost|p1a: Corviknight\n|-heal|p1a: Corviknight|84/100 brn\n|-singleturn|p1a: Corviknight|move: Roost\n|\n|-heal|p2a: Great Tusk|99/100|[from] item: Leftovers\n|-heal|p1a: Corviknight|91/100 brn|[from] item: Leftovers\n|-damage|p1a: Corviknight|84/100 brn|[from] brn\n|upkeep\n|turn|45\n|\n|t:|1783807919\n|-end|p2a: Great Tusk|Protosynthesis|[silent]\n|switch|p2a: Gholdengo|Gholdengo|100/100\n|-terastallize|p1a: Corviknight|Fighting\n|move|p1a: Corviknight|Body Press|p2a: Gholdengo\n|-immune|p2a: Gholdengo\n|\n|-heal|p1a: Corviknight|91/100 brn|[from] item: Leftovers\n|-damage|p1a: Corviknight|84/100 brn|[from] brn\n|upkeep\n|turn|46\n|\n|t:|1783807929\n|-terastallize|p2a: Gholdengo|Fairy\n|move|p2a: Gholdengo|Dazzling Gleam|p1a: Corviknight\n|-supereffective|p1a: Corviknight\n|-damage|p1a: Corviknight|0 fnt\n|faint|p1a: Corviknight\n|\n|win|msmithnnn\n|raw|OUBotBeepBoop's rating: 1184 &rarr; <strong>1159</strong><br />(-25 for losing)\n|raw|msmithnnn's rating: 1184 &rarr; <strong>1209</strong><br />(+25 for winning)\n|l|☆OUBotBeepBoop\n|player|p1|\n|c|☆msmithnnn|ggs\n", "uploadtime": 1783807939, "views": 9, "formatid": "gen9ou", "rating": 1159, "private": 0, "password": null}