{"id": "gen9ou-2647767485", "format": "[Gen 9] OU", "players": ["acidosis", "lilligantlover4"], "log": "|j|☆acidosis\n|j|☆lilligantlover4\n|t:|1783809088\n|gametype|singles\n|player|p1|acidosis|1|1463\n|player|p2|lilligantlover4|170|1455\n|gen|9\n|tier|[Gen 9] OU\n|rated|\n|rule|HP Percentage Mod: HP is shown in percentages\n|rule|Endless Battle Clause: Forcing endless battles is banned\n|rule|Species Clause: Limit one of each Pokémon\n|rule|OHKO Clause: OHKO moves are banned\n|rule|Evasion Items Clause: Evasion items are banned\n|rule|Evasion Moves Clause: Evasion moves are banned\n|rule|Evasion Abilities Clause: Evasion abilities are banned\n|rule|Sleep Moves Clause: Sleep-inducing moves are banned\n|clearpoke\n|poke|p1|Arcanine-Hisui, M|\n|poke|p1|Ting-Lu|\n|poke|p1|Zapdos|\n|poke|p1|Slowking-Galar, M|\n|poke|p1|Dragapult, F|\n|poke|p1|Ogerpon-Wellspring, F|\n|poke|p2|Ceruledge, M|\n|poke|p2|Iron Treads|\n|poke|p2|Dragonite, F|\n|poke|p2|Zamazenta-*|\n|poke|p2|Iron Valiant|\n|poke|p2|Samurott-Hisui, F|\n|teampreview\n|inactive|Battle timer is ON: inactive players will automatically lose when time's up. (requested by lilligantlover4)\n|\n|t:|1783809092\n|teamsize|p1|6\n|teamsize|p2|6\n|start\n|switch|p1a: Zapdos|Zapdos, shiny|100/100\n|switch|p2a: Samurott|Samurott-Hisui, F|100/100\n|turn|1\n|\n|t:|1783809095\n|move|p2a: Samurott|Ceaseless Edge|p1a: Zapdos\n|-damage|p1a: Zapdos|69/100\n|-sidestart|p1: acidosis|Spikes\n|move|p1a: Zapdos|Volt Switch|p2a: Samurott\n|-supereffective|p2a: Samurott\n|-damage|p2a: Samurott|14/100\n|\n|t:|1783809099\n|switch|p1a: Ogerpon|Ogerpon-Wellspring, F|100/100|[from] Volt Switch\n|-damage|p1a: Ogerpon|88/100|[from] Spikes\n|\n|upkeep\n|turn|2\n|\n|t:|1783809102\n|move|p1a: Ogerpon|Trailblaze|p2a: Samurott\n|-supereffective|p2a: Samurott\n|-damage|p2a: Samurott|0 fnt\n|-boost|p1a: Ogerpon|spe|1\n|faint|p2a: Samurott\n|\n|upkeep\n|\n|t:|1783809105\n|switch|p2a: Dragonite|Dragonite, F|100/100\n|turn|3\n|\n|t:|1783809113\n|move|p1a: Ogerpon|Play Rough|p2a: Dragonite\n|-supereffective|p2a: Dragonite\n|-crit|p2a: Dragonite\n|-damage|p2a: Dragonite|40/100\n|move|p2a: Dragonite|Dragon Dance|p2a: Dragonite\n|-boost|p2a: Dragonite|atk|1\n|-boost|p2a: Dragonite|spe|1\n|\n|upkeep\n|turn|4\n|\n|t:|1783809117\n|move|p2a: Dragonite|Extreme Speed|p1a: Ogerpon\n|-damage|p1a: Ogerpon|22/100\n|move|p1a: Ogerpon|Play Rough|p2a: Dragonite|[miss]\n|-miss|p1a: Ogerpon|p2a: Dragonite\n|\n|upkeep\n|turn|5\n|\n|t:|1783809123\n|switch|p1a: Dragapult|Dragapult, F|100/100\n|-damage|p1a: Dragapult|88/100|[from] Spikes\n|move|p2a: Dragonite|Extreme Speed|p1a: Dragapult\n|-immune|p1a: Dragapult\n|\n|upkeep\n|turn|6\n|\n|t:|1783809131\n|switch|p1a: Arcanine|Arcanine-Hisui, M, shiny|100/100\n|-damage|p1a: Arcanine|88/100|[from] Spikes\n|move|p2a: Dragonite|Ice Spinner|p1a: Arcanine\n|-resisted|p1a: Arcanine\n|-damage|p1a: Arcanine|61/100\n|\n|upkeep\n|turn|7\n|\n|t:|1783809135\n|move|p1a: Arcanine|Extreme Speed|p2a: Dragonite\n|-damage|p2a: Dragonite|0 fnt\n|faint|p2a: Dragonite\n|\n|upkeep\n|\n|t:|1783809138\n|switch|p2a: Zamazenta|Zamazenta|100/100\n|-ability|p2a: Zamazenta|Dauntless Shield|boost\n|-boost|p2a: Zamazenta|def|1\n|turn|8\n|\n|t:|1783809142\n|switch|p1a: Slowking|Slowking-Galar, M, shiny|100/100\n|move|p2a: Zamazenta|Iron Defense|p2a: Zamazenta\n|-boost|p2a: Zamazenta|def|2\n|\n|upkeep\n|turn|9\n|\n|t:|1783809145\n|move|p2a: Zamazenta|Crunch|p1a: Slowking\n|-supereffective|p1a: Slowking\n|-damage|p1a: Slowking|52/100\n|move|p1a: Slowking|Thunder Wave|p2a: Zamazenta\n|-status|p2a: Zamazenta|par\n|\n|upkeep\n|turn|10\n|\n|t:|1783809154\n|move|p2a: Zamazenta|Crunch|p1a: Slowking\n|-supereffective|p1a: Slowking\n|-damage|p1a: Slowking|6/100\n|move|p1a: Slowking|Future Sight|p2a: Zamazenta\n|-start|p1a: Slowking|move: Future Sight\n|\n|upkeep\n|turn|11\n|\n|t:|1783809160\n|switch|p1a: Zapdos|Zapdos, shiny|69/100\n|move|p2a: Zamazenta|Body Press|p1a: Zapdos\n|-resisted|p1a: Zapdos\n|-damage|p1a: Zapdos|40/100\n|\n|upkeep\n|turn|12\n|\n|t:|1783809167\n|switch|p2a: Iron Treads|Iron Treads|100/100\n|-enditem|p2a: Iron Treads|Booster Energy\n|-activate|p2a: Iron Treads|ability: Quark Drive|[fromitem]\n|-start|p2a: Iron Treads|quarkdrivespe\n|move|p1a: Zapdos|Roost|p1a: Zapdos\n|-heal|p1a: Zapdos|91/100\n|-singleturn|p1a: Zapdos|move: Roost\n|\n|-end|p2a: Iron Treads|move: Future Sight\n|-resisted|p2a: Iron Treads\n|-damage|p2a: Iron Treads|71/100\n|upkeep\n|turn|13\n|\n|t:|1783809171\n|switch|p1a: Ting-Lu|Ting-Lu|100/100\n|-damage|p1a: Ting-Lu|88/100|[from] Spikes\n|-ability|p1a: Ting-Lu|Vessel of Ruin\n|move|p2a: Iron Treads|Stealth Rock|p1a: Ting-Lu\n|-sidestart|p1: acidosis|move: Stealth Rock\n|\n|-heal|p1a: Ting-Lu|94/100|[from] item: Leftovers\n|upkeep\n|turn|14\n|\n|t:|1783809176\n|-end|p2a: Iron Treads|Quark Drive|[silent]\n|switch|p2a: Zamazenta|Zamazenta|100/100 par\n|move|p1a: Ting-Lu|Spikes|p2a: Zamazenta\n|-sidestart|p2: lilligantlover4|Spikes\n|\n|-heal|p1a: Ting-Lu|100/100|[from] item: Leftovers\n|upkeep\n|turn|15\n|\n|t:|1783809187\n|switch|p1a: Zapdos|Zapdos, shiny|91/100\n|move|p2a: Zamazenta|Body Press|p1a: Zapdos\n|-resisted|p1a: Zapdos\n|-damage|p1a: Zapdos|79/100\n|\n|upkeep\n|turn|16\n|\n|t:|1783809191\n|move|p1a: Zapdos|Hurricane|p2a: Zamazenta\n|-supereffective|p2a: Zamazenta\n|-damage|p2a: Zamazenta|29/100 par\n|move|p2a: Zamazenta|Iron Defense|p2a: Zamazenta\n|-boost|p2a: Zamazenta|def|2\n|\n|-heal|p2a: Zamazenta|36/100 par|[from] item: Leftovers\n|upkeep\n|turn|17\n|\n|t:|1783809197\n|move|p1a: Zapdos|Hurricane|p2a: Zamazenta\n|-supereffective|p2a: Zamazenta\n|-damage|p2a: Zamazenta|0 fnt\n|faint|p2a: Zamazenta\n|\n|upkeep\n|\n|t:|1783809201\n|switch|p2a: Ceruledge|Ceruledge, M|100/100\n|-damage|p2a: Ceruledge|88/100|[from] Spikes\n|turn|18\n|\n|t:|1783809204\n|move|p2a: Ceruledge|Poltergeist|p1a: Zapdos|[miss]\n|-miss|p2a: Ceruledge|p1a: Zapdos\n|move|p1a: Zapdos|Thunder Wave|p2a: Ceruledge\n|-status|p2a: Ceruledge|par\n|\n|upkeep\n|turn|19\n|\n|t:|1783809208\n|move|p1a: Zapdos|Volt Switch|p2a: Ceruledge\n|-damage|p2a: Ceruledge|56/100 par\n|\n|t:|1783809212\n|switch|p1a: Ogerpon|Ogerpon-Wellspring, F|22/100|[from] Volt Switch\n|-damage|p1a: Ogerpon|10/100|[from] Spikes\n|-damage|p1a: Ogerpon|0 fnt|[from] Stealth Rock\n|faint|p1a: Ogerpon\n|move|p2a: Ceruledge|Poltergeist|p1: Ogerpon|[notarget]\n|-fail|p2a: Ceruledge\n|\n|upkeep\n|\n|t:|1783809232\n|switch|p1a: Ting-Lu|Ting-Lu|100/100\n|-damage|p1a: Ting-Lu|88/100|[from] Spikes\n|-damage|p1a: Ting-Lu|82/100|[from] Stealth Rock\n|-ability|p1a: Ting-Lu|Vessel of Ruin\n|turn|20\n|\n|t:|1783809236\n|move|p2a: Ceruledge|Bitter Blade|p1a: Ting-Lu\n|-damage|p1a: Ting-Lu|54/100\n|-heal|p2a: Ceruledge|81/100 par|[from] drain|[of] p1a: Ting-Lu\n|move|p1a: Ting-Lu|Earthquake|p2a: Ceruledge\n|-supereffective|p2a: Ceruledge\n|-damage|p2a: Ceruledge|0 fnt\n|faint|p2a: Ceruledge\n|\n|-heal|p1a: Ting-Lu|60/100|[from] item: Leftovers\n|upkeep\n|\n|t:|1783809239\n|switch|p2a: Iron Valiant|Iron Valiant|100/100\n|-damage|p2a: Iron Valiant|88/100|[from] Spikes\n|-enditem|p2a: Iron Valiant|Booster Energy\n|-activate|p2a: Iron Valiant|ability: Quark Drive|[fromitem]\n|-start|p2a: Iron Valiant|quarkdrivespe\n|turn|21\n|\n|t:|1783809259\n|-terastallize|p1a: Ting-Lu|Water\n|move|p2a: Iron Valiant|Moonblast|p1a: Ting-Lu\n|-crit|p1a: Ting-Lu\n|-damage|p1a: Ting-Lu|33/100\n|move|p1a: Ting-Lu|Whirlwind|p2a: Iron Valiant\n|-end|p2a: Iron Valiant|Quark Drive|[silent]\n|drag|p2a: Iron Treads|Iron Treads|71/100\n|-damage|p2a: Iron Treads|58/100|[from] Spikes\n|\n|-heal|p1a: Ting-Lu|39/100|[from] item: Leftovers\n|upkeep\n|turn|22\n|\n|t:|1783809264\n|move|p2a: Iron Treads|Earth Power|p1a: Ting-Lu\n|-damage|p1a: Ting-Lu|25/100\n|move|p1a: Ting-Lu|Earthquake|p2a: Iron Treads\n|-supereffective|p2a: Iron Treads\n|-damage|p2a: Iron Treads|0 fnt\n|faint|p2a: Iron Treads\n|-end|p2a: Iron Treads|Quark Drive|[silent]\n|\n|-heal|p1a: Ting-Lu|31/100|[from] item: Leftovers\n|upkeep\n|\n|t:|1783809265\n|switch|p2a: Iron Valiant|Iron Valiant|88/100\n|-damage|p2a: Iron Valiant|76/100|[from] Spikes\n|turn|23\n|\n|t:|1783809269\n|move|p2a: Iron Valiant|Moonblast|p1a: Ting-Lu\n|-damage|p1a: Ting-Lu|13/100\n|-unboost|p1a: Ting-Lu|spa|1\n|move|p1a: Ting-Lu|Earthquake|p2a: Iron Valiant\n|-damage|p2a: Iron Valiant|30/100\n|\n|-heal|p1a: Ting-Lu|19/100|[from] item: Leftovers\n|upkeep\n|turn|24\n|\n|t:|1783809275\n|move|p2a: Iron Valiant|Moonblast|p1a: Ting-Lu\n|-damage|p1a: Ting-Lu|1/100\n|move|p1a: Ting-Lu|Earthquake|p2a: Iron Valiant\n|-crit|p2a: Iron Valiant\n|-damage|p2a: Iron Valiant|0 fnt\n|faint|p2a: Iron Valiant\n|-end|p2a: Iron Valiant|Quark Drive|[silent]\n|\n|win|acidosis\n|raw|acidosis's rating: 1463 &rarr; <strong>1483</strong><br />(+20 for winning)\n|raw|lilligantlover4's rating: 1455 &rarr; <strong>1435</strong><br />(-20 for losing)\n|l|☆lilligantlover4\n|player|p2|\n", "uploadtime": 1783809285, "views": 7, "formatid": "gen9ou", "rating": 1435, "private": 0, "password": null}