{"id": "gen9ou-2540491959", "format": "[Gen 9] OU", "players": ["h2test", "vccgt"], "log": "|j|☆h2test\n|j|☆vccgt\n|t:|1771208733\n|gametype|singles\n|player|p1|h2test|hiker-gen4|1538\n|player|p2|vccgt|gambler|1534\n|gen|9\n|tier|[Gen 9] OU\n|rated|\n|rule|HP Percentage Mod: HP is shown in percentages\n|rule|Endless Battle Clause: Forcing endless battles is banned\n|rule|Species Clause: Limit one of each Pokémon\n|rule|OHKO Clause: OHKO moves are banned\n|rule|Evasion Items Clause: Evasion items are banned\n|rule|Evasion Moves Clause: Evasion moves are banned\n|rule|Evasion Abilities Clause: Evasion abilities are banned\n|rule|Sleep Moves Clause: Sleep-inducing moves are banned\n|clearpoke\n|poke|p1|Abomasnow, F|\n|poke|p1|Pecharunt|\n|poke|p1|Samurott-Hisui, M|\n|poke|p1|Gholdengo|\n|poke|p1|Ting-Lu|\n|poke|p1|Hatterene, F|\n|poke|p2|Primarina, F|\n|poke|p2|Pecharunt|\n|poke|p2|Ting-Lu|\n|poke|p2|Zapdos|\n|poke|p2|Kyurem|\n|poke|p2|Iron Crown|\n|teampreview\n|l|☆vccgt\n|player|p2|\n|j|☆vccgt\n|player|p2|vccgt|gambler|\n|inactive|Battle timer is ON: inactive players will automatically lose when time's up. (requested by h2test)\n|\n|t:|1771208779\n|teamsize|p1|6\n|teamsize|p2|6\n|start\n|switch|p1a: Ting-Lu|Ting-Lu|100/100\n|switch|p2a: Kyurem|Kyurem|100/100\n|-ability|p2a: Kyurem|Pressure\n|-ability|p1a: Ting-Lu|Vessel of Ruin\n|turn|1\n|\n|t:|1771208784\n|move|p2a: Kyurem|Substitute|p2a: Kyurem\n|-start|p2a: Kyurem|Substitute\n|-damage|p2a: Kyurem|76/100\n|move|p1a: Ting-Lu|Stealth Rock|p2a: Kyurem\n|-sidestart|p2: vccgt|move: Stealth Rock\n|\n|-heal|p2a: Kyurem|82/100|[from] item: Leftovers\n|upkeep\n|turn|2\n|\n|t:|1771208788\n|move|p2a: Kyurem|Ice Beam|p1a: Ting-Lu\n|-supereffective|p1a: Ting-Lu\n|-damage|p1a: Ting-Lu|58/100\n|move|p1a: Ting-Lu|Whirlwind|p2a: Kyurem\n|drag|p2a: Ting-Lu|Ting-Lu|100/100\n|-damage|p2a: Ting-Lu|94/100|[from] Stealth Rock\n|-ability|p2a: Ting-Lu|Vessel of Ruin\n|\n|-heal|p2a: Ting-Lu|100/100|[from] item: Leftovers\n|-heal|p1a: Ting-Lu|65/100|[from] item: Leftovers\n|upkeep\n|turn|3\n|\n|t:|1771208795\n|switch|p1a: Hatterene|Hatterene, F|100/100\n|move|p2a: Ting-Lu|Spikes|p1a: Hatterene\n|move|p1a: Hatterene|Spikes|p2a: Ting-Lu|[from] ability: Magic Bounce\n|-sidestart|p2: vccgt|Spikes\n|\n|upkeep\n|turn|4\n|\n|t:|1771208801\n|move|p2a: Ting-Lu|Ruination|p1a: Hatterene\n|-damage|p1a: Hatterene|50/100\n|move|p1a: Hatterene|Draining Kiss|p2a: Ting-Lu\n|-supereffective|p2a: Ting-Lu\n|-damage|p2a: Ting-Lu|83/100\n|-heal|p1a: Hatterene|72/100|[from] drain|[of] p2a: Ting-Lu\n|\n|-heal|p2a: Ting-Lu|89/100|[from] item: Leftovers\n|upkeep\n|turn|5\n|\n|t:|1771208807\n|switch|p2a: Pecharunt|Pecharunt|100/100\n|-damage|p2a: Pecharunt|88/100|[from] Stealth Rock\n|-damage|p2a: Pecharunt|76/100|[from] Spikes\n|move|p1a: Hatterene|Pain Split|p2a: Pecharunt\n|-sethp|p2a: Pecharunt|68/100|[from] move: Pain Split|[silent]\n|-sethp|p1a: Hatterene|81/100|[from] move: Pain Split\n|\n|-heal|p2a: Pecharunt|74/100|[from] item: Black Sludge\n|upkeep\n|turn|6\n|j| Samurajen\n|\n|t:|1771208822\n|switch|p1a: Samurott|Samurott-Hisui, M|100/100\n|move|p2a: Pecharunt|Hex|p1a: Samurott\n|-resisted|p1a: Samurott\n|-damage|p1a: Samurott|91/100\n|\n|-heal|p2a: Pecharunt|80/100|[from] item: Black Sludge\n|upkeep\n|turn|7\n|\n|t:|1771208828\n|switch|p2a: Zapdos|Zapdos|100/100\n|-damage|p2a: Zapdos|76/100|[from] Stealth Rock\n|move|p1a: Samurott|Ceaseless Edge|p2a: Zapdos\n|-damage|p2a: Zapdos|47/100\n|-damage|p1a: Samurott|75/100|[from] item: Rocky Helmet|[of] p2a: Zapdos\n|-sidestart|p2: vccgt|Spikes\n|\n|upkeep\n|turn|8\n|\n|t:|1771208838\n|switch|p1a: Ting-Lu|Ting-Lu|65/100\n|-ability|p1a: Ting-Lu|Vessel of Ruin\n|move|p2a: Zapdos|Roost|p2a: Zapdos\n|-heal|p2a: Zapdos|97/100\n|-singleturn|p2a: Zapdos|move: Roost\n|\n|-heal|p1a: Ting-Lu|71/100|[from] item: Leftovers\n|upkeep\n|turn|9\n|\n|t:|1771208842\n|move|p2a: Zapdos|U-turn|p1a: Ting-Lu\n|-supereffective|p1a: Ting-Lu\n|-damage|p1a: Ting-Lu|57/100\n|\n|t:|1771208845\n|switch|p2a: Iron Crown|Iron Crown|100/100|[from] U-turn\n|-damage|p2a: Iron Crown|94/100|[from] Stealth Rock\n|-damage|p2a: Iron Crown|78/100|[from] Spikes\n|-enditem|p2a: Iron Crown|Booster Energy\n|-activate|p2a: Iron Crown|ability: Quark Drive|[fromitem]\n|-start|p2a: Iron Crown|quarkdrivespa\n|move|p1a: Ting-Lu|Ruination|p2a: Iron Crown\n|-damage|p2a: Iron Crown|39/100\n|\n|-heal|p1a: Ting-Lu|63/100|[from] item: Leftovers\n|upkeep\n|turn|10\n|\n|t:|1771208855\n|move|p2a: Iron Crown|Tachyon Cutter|p1a: Ting-Lu\n|-damage|p1a: Ting-Lu|50/100\n|-damage|p1a: Ting-Lu|35/100\n|-hitcount|p1a: Ting-Lu|2\n|move|p1a: Ting-Lu|Earthquake|p2a: Iron Crown\n|-supereffective|p2a: Iron Crown\n|-damage|p2a: Iron Crown|0 fnt\n|faint|p2a: Iron Crown\n|-end|p2a: Iron Crown|Quark Drive|[silent]\n|\n|-heal|p1a: Ting-Lu|42/100|[from] item: Leftovers\n|upkeep\n|\n|t:|1771208869\n|switch|p2a: Primarina|Primarina, F|100/100\n|-damage|p2a: Primarina|88/100|[from] Stealth Rock\n|-damage|p2a: Primarina|72/100|[from] Spikes\n|turn|11\n|\n|t:|1771208880\n|move|p2a: Primarina|Moonblast|p1a: Ting-Lu\n|-supereffective|p1a: Ting-Lu\n|-damage|p1a: Ting-Lu|0 fnt\n|faint|p1a: Ting-Lu\n|\n|upkeep\n|\n|t:|1771208882\n|switch|p1a: Abomasnow|Abomasnow, F|100/100\n|-weather|Snowscape|[from] ability: Snow Warning|[of] p1a: Abomasnow\n|turn|12\n|\n|t:|1771208892\n|move|p1a: Abomasnow|Leech Seed|p2a: Primarina\n|-start|p2a: Primarina|move: Leech Seed\n|move|p2a: Primarina|Moonblast|p1a: Abomasnow\n|-damage|p1a: Abomasnow|4/100\n|\n|-weather|Snowscape|[upkeep]\n|-damage|p2a: Primarina|59/100|[from] Leech Seed|[of] p1a: Abomasnow\n|-heal|p1a: Abomasnow|18/100|[silent]\n|upkeep\n|turn|13\n|j| vianney 10\n|\n|t:|1771208905\n|switch|p2a: Pecharunt|Pecharunt|80/100\n|-damage|p2a: Pecharunt|68/100|[from] Stealth Rock\n|-damage|p2a: Pecharunt|51/100|[from] Spikes\n|move|p1a: Abomasnow|Wood Hammer|p2a: Pecharunt\n|-resisted|p2a: Pecharunt\n|-damage|p2a: Pecharunt|36/100\n|-damage|p1a: Abomasnow|12/100|[from] Recoil\n|\n|-weather|Snowscape|[upkeep]\n|-heal|p2a: Pecharunt|42/100|[from] item: Black Sludge\n|upkeep\n|turn|14\n|\n|t:|1771208910\n|move|p1a: Abomasnow|Leech Seed|p2a: Pecharunt\n|-start|p2a: Pecharunt|move: Leech Seed\n|move|p2a: Pecharunt|Recover|p2a: Pecharunt\n|-heal|p2a: Pecharunt|92/100\n|\n|-weather|Snowscape|[upkeep]\n|-heal|p2a: Pecharunt|98/100|[from] item: Black Sludge\n|-damage|p2a: Pecharunt|86/100|[from] Leech Seed|[of] p1a: Abomasnow\n|-heal|p1a: Abomasnow|27/100|[silent]\n|upkeep\n|turn|15\n|\n|t:|1771208916\n|switch|p1a: Samurott|Samurott-Hisui, M|75/100\n|move|p2a: Pecharunt|Malignant Chain|p1a: Samurott\n|-damage|p1a: Samurott|45/100\n|-status|p1a: Samurott|tox\n|-start|p1a: Samurott|confusion|[from] ability: Poison Puppeteer|[of] p2a: Pecharunt\n|\n|-weather|Snowscape|[upkeep]\n|-heal|p2a: Pecharunt|92/100|[from] item: Black Sludge\n|-damage|p2a: Pecharunt|79/100|[from] Leech Seed|[of] p1a: Samurott\n|-heal|p1a: Samurott|58/100 tox|[silent]\n|-damage|p1a: Samurott|52/100 tox|[from] psn\n|upkeep\n|turn|16\n|\n|t:|1771208924\n|-activate|p1a: Samurott|confusion\n|move|p1a: Samurott|Ceaseless Edge|p2a: Pecharunt\n|-supereffective|p2a: Pecharunt\n|-damage|p2a: Pecharunt|32/100\n|-sidestart|p2: vccgt|Spikes\n|move|p2a: Pecharunt|Parting Shot|p1a: Samurott\n|-unboost|p1a: Samurott|atk|1\n|-unboost|p1a: Samurott|spa|1\n|\n|t:|1771208932\n|switch|p2a: Zapdos|Zapdos|97/100|[from] Parting Shot\n|-damage|p2a: Zapdos|73/100|[from] Stealth Rock\n|\n|-weather|none\n|-damage|p1a: Samurott|40/100 tox|[from] psn\n|upkeep\n|turn|17\n|l| vianney 10\n|\n|t:|1771208942\n|switch|p1a: Abomasnow|Abomasnow, F|27/100\n|-weather|Snowscape|[from] ability: Snow Warning|[of] p1a: Abomasnow\n|move|p2a: Zapdos|Roost|p2a: Zapdos\n|-heal|p2a: Zapdos|100/100\n|-singleturn|p2a: Zapdos|move: Roost\n|\n|-weather|Snowscape|[upkeep]\n|upkeep\n|turn|18\n|\n|t:|1771208948\n|move|p1a: Abomasnow|Ice Shard|p2a: Zapdos\n|-supereffective|p2a: Zapdos\n|-damage|p2a: Zapdos|74/100\n|move|p2a: Zapdos|Hurricane|p1a: Abomasnow\n|-supereffective|p1a: Abomasnow\n|-damage|p1a: Abomasnow|0 fnt\n|faint|p1a: Abomasnow\n|\n|-weather|Snowscape|[upkeep]\n|upkeep\n|j| vianney 10\n|\n|t:|1771208953\n|switch|p1a: Gholdengo|Gholdengo|100/100\n|turn|19\n|l| vianney 10\n|\n|t:|1771208968\n|move|p1a: Gholdengo|Shadow Ball|p2a: Zapdos\n|-damage|p2a: Zapdos|30/100\n|move|p2a: Zapdos|Discharge|p1a: Gholdengo\n|-damage|p1a: Gholdengo|64/100\n|\n|-weather|Snowscape|[upkeep]\n|upkeep\n|turn|20\n|\n|t:|1771208973\n|switch|p2a: Ting-Lu|Ting-Lu|89/100\n|-damage|p2a: Ting-Lu|83/100|[from] Stealth Rock\n|-damage|p2a: Ting-Lu|58/100|[from] Spikes\n|-ability|p2a: Ting-Lu|Vessel of Ruin\n|move|p1a: Gholdengo|Shadow Ball|p2a: Ting-Lu\n|-resisted|p2a: Ting-Lu\n|-damage|p2a: Ting-Lu|50/100\n|\n|-weather|Snowscape|[upkeep]\n|-heal|p2a: Ting-Lu|56/100|[from] item: Leftovers\n|upkeep\n|turn|21\n|\n|t:|1771208978\n|switch|p1a: Hatterene|Hatterene, F|81/100\n|move|p2a: Ting-Lu|Stomping Tantrum|p1a: Hatterene\n|-damage|p1a: Hatterene|56/100\n|-damage|p2a: Ting-Lu|39/100|[from] item: Rocky Helmet|[of] p1a: Hatterene\n|\n|-weather|none\n|-heal|p2a: Ting-Lu|45/100|[from] item: Leftovers\n|upkeep\n|turn|22\n|\n|t:|1771208995\n|move|p2a: Ting-Lu|Ruination|p1a: Hatterene\n|-damage|p1a: Hatterene|28/100\n|move|p1a: Hatterene|Draining Kiss|p2a: Ting-Lu\n|-supereffective|p2a: Ting-Lu\n|-damage|p2a: Ting-Lu|27/100\n|-heal|p1a: Hatterene|51/100|[from] drain|[of] p2a: Ting-Lu\n|\n|-heal|p2a: Ting-Lu|33/100|[from] item: Leftovers\n|upkeep\n|turn|23\n|\n|t:|1771209006\n|switch|p2a: Pecharunt|Pecharunt|32/100\n|-damage|p2a: Pecharunt|20/100|[from] Stealth Rock\n|-damage|p2a: Pecharunt|0 fnt|[from] Spikes\n|faint|p2a: Pecharunt\n|move|p1a: Hatterene|Draining Kiss|p2: Pecharunt|[notarget]\n|-fail|p1a: Hatterene\n|\n|upkeep\n|\n|t:|1771209010\n|switch|p2a: Primarina|Primarina, F|59/100\n|-damage|p2a: Primarina|47/100|[from] Stealth Rock\n|-damage|p2a: Primarina|22/100|[from] Spikes\n|turn|24\n|\n|t:|1771209014\n|switch|p1a: Pecharunt|Pecharunt|100/100\n|-item|p1a: Pecharunt|Air Balloon\n|move|p2a: Primarina|Sparkling Aria|p1a: Pecharunt\n|-damage|p1a: Pecharunt|0 fnt\n|-enditem|p1a: Pecharunt|Air Balloon\n|faint|p1a: Pecharunt\n|\n|upkeep\n|\n|t:|1771209017\n|switch|p1a: Gholdengo|Gholdengo|64/100\n|turn|25\n|\n|t:|1771209020\n|move|p1a: Gholdengo|Shadow Ball|p2a: Primarina\n|-damage|p2a: Primarina|0 fnt\n|faint|p2a: Primarina\n|\n|upkeep\n|\n|t:|1771209022\n|switch|p2a: Ting-Lu|Ting-Lu|33/100\n|-damage|p2a: Ting-Lu|27/100|[from] Stealth Rock\n|-damage|p2a: Ting-Lu|2/100|[from] Spikes\n|-ability|p2a: Ting-Lu|Vessel of Ruin\n|turn|26\n|\n|t:|1771209026\n|move|p1a: Gholdengo|Shadow Ball|p2a: Ting-Lu\n|-resisted|p2a: Ting-Lu\n|-damage|p2a: Ting-Lu|0 fnt\n|faint|p2a: Ting-Lu\n|\n|upkeep\n|\n|t:|1771209029\n|switch|p2a: Kyurem|Kyurem|82/100\n|-damage|p2a: Kyurem|57/100|[from] Stealth Rock\n|-damage|p2a: Kyurem|32/100|[from] Spikes\n|-ability|p2a: Kyurem|Pressure\n|turn|27\n|\n|t:|1771209040\n|move|p1a: Gholdengo|Shadow Ball|p2a: Kyurem\n|-damage|p2a: Kyurem|0 fnt\n|faint|p2a: Kyurem\n|\n|upkeep\n|-message|vccgt forfeited.\n|\n|win|h2test\n|raw|h2test's rating: 1538 &rarr; <strong>1558</strong><br />(+20 for winning)\n|raw|vccgt's rating: 1534 &rarr; <strong>1514</strong><br />(-20 for losing)\n|l|☆vccgt\n|player|p2|\n|l|☆h2test\n|player|p1|\n", "uploadtime": 1771209292, "views": 9, "formatid": "gen9ou", "rating": 1514, "private": 0, "password": null}