{"id": "gen9ou-2647710874", "format": "[Gen 9] OU", "players": ["bvcnmkor85471", "pusherGOD700"], "log": "|j|☆bvcnmkor85471\n|j|☆pusherGOD700\n|t:|1783799987\n|gametype|singles\n|player|p1|bvcnmkor85471|265|1313\n|player|p2|pusherGOD700|boarder|1363\n|gen|9\n|tier|[Gen 9] OU\n|rated|\n|rule|HP Percentage Mod: HP is shown in percentages\n|rule|Endless Battle Clause: Forcing endless battles is banned\n|rule|Species Clause: Limit one of each Pokémon\n|rule|OHKO Clause: OHKO moves are banned\n|rule|Evasion Items Clause: Evasion items are banned\n|rule|Evasion Moves Clause: Evasion moves are banned\n|rule|Evasion Abilities Clause: Evasion abilities are banned\n|rule|Sleep Moves Clause: Sleep-inducing moves are banned\n|clearpoke\n|poke|p1|Greedent, M|\n|poke|p1|Deoxys-Speed|\n|poke|p1|Iron Treads|\n|poke|p1|Primarina, M|\n|poke|p1|Kyurem|\n|poke|p1|Gliscor, M|\n|poke|p2|Iron Crown|\n|poke|p2|Landorus-Therian, M|\n|poke|p2|Samurott-Hisui, F|\n|poke|p2|Dragapult, F|\n|poke|p2|Zamazenta-*|\n|poke|p2|Clefable, F|\n|teampreview\n|inactive|Battle timer is ON: inactive players will automatically lose when time's up. (requested by pusherGOD700)\n|\n|t:|1783799997\n|teamsize|p1|6\n|teamsize|p2|6\n|start\n|switch|p1a: Kyurem|Kyurem|100/100\n|switch|p2a: Landorus|Landorus-Therian, M|100/100\n|-ability|p1a: Kyurem|Pressure\n|-ability|p2a: Landorus|Intimidate|boost\n|-unboost|p1a: Kyurem|atk|1\n|turn|1\n|c|☆pusherGOD700|glhf\n|l|☆pusherGOD700\n|inactive|pusherGOD700 disconnected and has a minute to reconnect!\n|player|p2|\n|inactive|pusherGOD700 has 30 seconds to reconnect!\n|inactive|pusherGOD700 has 20 seconds to reconnect!\n|inactive|pusherGOD700 has 15 seconds to reconnect!\n|j|☆pusherGOD700\n|inactive|pusherGOD700 reconnected and has 85 seconds left.\n|player|p2|pusherGOD700|boarder|\n|\n|t:|1783800074\n|switch|p1a: Iron Treads|Iron Treads|100/100\n|switch|p2a: Clefable|Clefable, F|100/100\n|\n|upkeep\n|turn|2\n|\n|t:|1783800089\n|move|p1a: Iron Treads|Heavy Slam|p2a: Clefable\n|-supereffective|p2a: Clefable\n|-damage|p2a: Clefable|10/100\n|move|p2a: Clefable|Knock Off|p1a: Iron Treads\n|-damage|p1a: Iron Treads|86/100\n|-enditem|p1a: Iron Treads|Assault Vest|[from] move: Knock Off|[of] p2a: Clefable\n|\n|-heal|p2a: Clefable|16/100|[from] item: Leftovers\n|upkeep\n|turn|3\n|\n|t:|1783800109\n|switch|p2a: Landorus|Landorus-Therian, M|100/100\n|-ability|p2a: Landorus|Intimidate|boost\n|-unboost|p1a: Iron Treads|atk|1\n|move|p1a: Iron Treads|Heavy Slam|p2a: Landorus\n|-damage|p2a: Landorus|82/100\n|-damage|p1a: Iron Treads|70/100|[from] item: Rocky Helmet|[of] p2a: Landorus\n|\n|upkeep\n|turn|4\n|\n|t:|1783800119\n|-end|p1a: Iron Treads|Quark Drive|[silent]\n|switch|p1a: Gliscor|Gliscor, M|100/100\n|move|p2a: Landorus|Stealth Rock|p1a: Gliscor\n|-sidestart|p1: bvcnmkor85471|move: Stealth Rock\n|\n|-status|p1a: Gliscor|tox|[from] item: Toxic Orb\n|upkeep\n|turn|5\n|\n|t:|1783800129\n|move|p1a: Gliscor|Spikes|p2a: Landorus\n|-sidestart|p2: pusherGOD700|Spikes\n|move|p2a: Landorus|U-turn|p1a: Gliscor\n|-resisted|p1a: Gliscor\n|-damage|p1a: Gliscor|95/100 tox\n|\n|t:|1783800148\n|switch|p2a: Samurott|Samurott-Hisui, F, shiny|100/100|[from] U-turn\n|-damage|p2a: Samurott|88/100|[from] Spikes\n|\n|-heal|p1a: Gliscor|100/100 tox|[from] ability: Poison Heal\n|upkeep\n|turn|6\n|\n|t:|1783800162\n|switch|p1a: Primarina|Primarina, M|100/100\n|-damage|p1a: Primarina|88/100|[from] Stealth Rock\n|move|p2a: Samurott|Flip Turn|p1a: Primarina\n|-resisted|p1a: Primarina\n|-damage|p1a: Primarina|63/100\n|inactive|pusherGOD700 has 60 seconds left.\n|\n|t:|1783800179\n|switch|p2a: Iron Crown|Iron Crown|100/100|[from] Flip Turn\n|-damage|p2a: Iron Crown|88/100|[from] Spikes\n|\n|-heal|p1a: Primarina|69/100|[from] item: Leftovers\n|upkeep\n|turn|7\n|inactive|pusherGOD700 has 60 seconds left.\n|\n|t:|1783800202\n|switch|p1a: Gliscor|Gliscor, M|100/100 tox\n|-damage|p1a: Gliscor|88/100 tox|[from] Stealth Rock\n|move|p2a: Iron Crown|Tachyon Cutter|p1a: Gliscor\n|-damage|p1a: Gliscor|52/100 tox\n|-damage|p1a: Gliscor|21/100 tox\n|-hitcount|p1a: Gliscor|2\n|\n|-heal|p1a: Gliscor|33/100 tox|[from] ability: Poison Heal\n|upkeep\n|turn|8\n|\n|t:|1783800217\n|move|p1a: Gliscor|Protect|p1a: Gliscor\n|-singleturn|p1a: Gliscor|Protect\n|move|p2a: Iron Crown|Tachyon Cutter|p1a: Gliscor\n|-activate|p1a: Gliscor|move: Protect\n|\n|-heal|p1a: Gliscor|45/100 tox|[from] ability: Poison Heal\n|upkeep\n|turn|9\n|\n|t:|1783800221\n|move|p2a: Iron Crown|Future Sight|p1a: Gliscor\n|-start|p2a: Iron Crown|move: Future Sight\n|move|p1a: Gliscor|Knock Off|p2a: Iron Crown\n|-supereffective|p2a: Iron Crown\n|-damage|p2a: Iron Crown|46/100\n|-enditem|p2a: Iron Crown|Assault Vest|[from] move: Knock Off|[of] p1a: Gliscor\n|\n|-heal|p1a: Gliscor|58/100 tox|[from] ability: Poison Heal\n|upkeep\n|turn|10\n|inactive|pusherGOD700 has 60 seconds left.\n|\n|t:|1783800233\n|-end|p2a: Iron Crown|Quark Drive|[silent]\n|switch|p2a: Landorus|Landorus-Therian, M|82/100\n|-ability|p2a: Landorus|Intimidate|boost\n|-unboost|p1a: Gliscor|atk|1\n|move|p1a: Gliscor|Spikes|p2a: Landorus\n|-sidestart|p2: pusherGOD700|Spikes\n|\n|-heal|p1a: Gliscor|70/100 tox|[from] ability: Poison Heal\n|upkeep\n|turn|11\n|\n|t:|1783800240\n|move|p1a: Gliscor|Protect|p1a: Gliscor\n|-singleturn|p1a: Gliscor|Protect\n|move|p2a: Landorus|U-turn|p1a: Gliscor\n|-activate|p1a: Gliscor|move: Protect\n|\n|-end|p1a: Gliscor|move: Future Sight\n|-damage|p1a: Gliscor|0 fnt\n|faint|p1a: Gliscor\n|upkeep\n|\n|t:|1783800247\n|switch|p1a: Kyurem|Kyurem|100/100\n|-ability|p1a: Kyurem|Pressure\n|turn|12\n|\n|t:|1783800254\n|switch|p2a: Clefable|Clefable, F|16/100\n|move|p1a: Kyurem|Freeze-Dry|p2a: Clefable\n|-damage|p2a: Clefable|0 fnt\n|faint|p2a: Clefable\n|\n|upkeep\n|inactive|pusherGOD700 has 60 seconds left.\n|\n|t:|1783800288\n|switch|p2a: Zamazenta|Zamazenta|100/100\n|-ability|p2a: Zamazenta|Dauntless Shield|boost\n|-boost|p2a: Zamazenta|def|1\n|turn|13\n|\n|t:|1783800302\n|switch|p1a: Primarina|Primarina, M|69/100\n|-damage|p1a: Primarina|57/100|[from] Stealth Rock\n|move|p2a: Zamazenta|Close Combat|p1a: Primarina\n|-resisted|p1a: Primarina\n|-damage|p1a: Primarina|24/100\n|-unboost|p2a: Zamazenta|def|1\n|-unboost|p2a: Zamazenta|spd|1\n|\n|-heal|p1a: Primarina|30/100|[from] item: Leftovers\n|upkeep\n|turn|14\n|inactive|pusherGOD700 has 60 seconds left.\n|inactive|pusherGOD700 has 30 seconds left.\n|inactive|pusherGOD700 has 20 seconds left.\n|inactive|pusherGOD700 has 15 seconds left.\n|inactive|pusherGOD700 has 10 seconds left.\n|inactive|pusherGOD700 has 5 seconds left.\n|\n|t:|1783800370\n|move|p2a: Zamazenta|Close Combat|p1a: Primarina\n|-resisted|p1a: Primarina\n|-damage|p1a: Primarina|0 fnt\n|-unboost|p2a: Zamazenta|def|1\n|-unboost|p2a: Zamazenta|spd|1\n|faint|p1a: Primarina\n|\n|upkeep\n|\n|t:|1783800375\n|switch|p1a: Deoxys|Deoxys-Speed|100/100\n|-damage|p1a: Deoxys|88/100|[from] Stealth Rock\n|-ability|p1a: Deoxys|Pressure\n|turn|15\n|inactive|pusherGOD700 has 20 seconds left this turn.\n|c|☆pusherGOD700|had to go pee\n|inactive|pusherGOD700 has 15 seconds left.\n|inactive|pusherGOD700 has 10 seconds left.\n|\n|t:|1783800389\n|-terastallize|p2a: Zamazenta|Dark\n|move|p1a: Deoxys|Psycho Boost|p2a: Zamazenta\n|-immune|p2a: Zamazenta\n|move|p2a: Zamazenta|Crunch|p1a: Deoxys\n|-supereffective|p1a: Deoxys\n|-damage|p1a: Deoxys|0 fnt\n|faint|p1a: Deoxys\n|\n|upkeep\n|\n|t:|1783800394\n|switch|p1a: Greedent|Greedent, M|100/100\n|-damage|p1a: Greedent|88/100|[from] Stealth Rock\n|turn|16\n|inactive|pusherGOD700 has 25 seconds left this turn.\n|\n|t:|1783800400\n|-terastallize|p1a: Greedent|Psychic\n|move|p2a: Zamazenta|Close Combat|p1a: Greedent\n|-resisted|p1a: Greedent\n|-damage|p1a: Greedent|68/100\n|-unboost|p2a: Zamazenta|def|1\n|-unboost|p2a: Zamazenta|spd|1\n|move|p1a: Greedent|Stuff Cheeks|p1a: Greedent\n|-boost|p1a: Greedent|def|2\n|-enditem|p1a: Greedent|Ganlon Berry|[eat]\n|-boost|p1a: Greedent|def|1|[from] item: Ganlon Berry\n|-heal|p1a: Greedent|100/100|[from] ability: Cheek Pouch\n|\n|upkeep\n|turn|17\n|inactive|pusherGOD700 has 30 seconds left.\n|\n|t:|1783800413\n|move|p2a: Zamazenta|Crunch|p1a: Greedent\n|-supereffective|p1a: Greedent\n|-damage|p1a: Greedent|76/100\n|-unboost|p1a: Greedent|def|1\n|move|p1a: Greedent|Body Press|p2a: Zamazenta\n|-supereffective|p2a: Zamazenta\n|-damage|p2a: Zamazenta|0 fnt\n|faint|p2a: Zamazenta\n|\n|upkeep\n|inactive|pusherGOD700 has 30 seconds left this turn.\n|\n|t:|1783800422\n|switch|p2a: Dragapult|Dragapult, F, shiny|100/100\n|-damage|p2a: Dragapult|84/100|[from] Spikes\n|turn|18\n|inactive|pusherGOD700 has 30 seconds left.\n|\n|t:|1783800428\n|move|p2a: Dragapult|Shadow Ball|p1a: Greedent\n|-supereffective|p1a: Greedent\n|-damage|p1a: Greedent|0 fnt\n|faint|p1a: Greedent\n|\n|upkeep\n|\n|t:|1783800437\n|switch|p1a: Iron Treads|Iron Treads|70/100\n|-damage|p1a: Iron Treads|67/100|[from] Stealth Rock\n|turn|19\n|\n|t:|1783800448\n|-end|p1a: Iron Treads|Quark Drive|[silent]\n|switch|p1a: Kyurem|Kyurem|100/100\n|-ability|p1a: Kyurem|Pressure\n|move|p2a: Dragapult|Shadow Ball|p1a: Kyurem\n|-damage|p1a: Kyurem|48/100\n|\n|upkeep\n|turn|20\n|c|☆pusherGOD700|gg\n|inactive|pusherGOD700 has 30 seconds left.\n|\n|t:|1783800472\n|move|p2a: Dragapult|Shadow Ball|p1a: Kyurem\n|-damage|p1a: Kyurem|0 fnt\n|faint|p1a: Kyurem\n|\n|upkeep\n|\n|t:|1783800476\n|switch|p1a: Iron Treads|Iron Treads|67/100\n|-damage|p1a: Iron Treads|64/100|[from] Stealth Rock\n|turn|21\n|\n|t:|1783800478\n|move|p2a: Dragapult|Shadow Ball|p1a: Iron Treads\n|-damage|p1a: Iron Treads|0 fnt\n|faint|p1a: Iron Treads\n|-end|p1a: Iron Treads|Quark Drive|[silent]\n|\n|win|pusherGOD700\n|raw|bvcnmkor85471's rating: 1313 &rarr; <strong>1296</strong><br />(-17 for losing)\n|raw|pusherGOD700's rating: 1363 &rarr; <strong>1380</strong><br />(+17 for winning)\n|l|☆bvcnmkor85471\n|player|p1|\n", "uploadtime": 1783800489, "views": 14, "formatid": "gen9ou", "rating": 1296, "private": 0, "password": null}