{"id": "gen9ou-2639292072", "format": "[Gen 9] OU", "players": ["mevietnam", "rcchard"], "log": "|j|☆mevietnam\n|j|‽rcchard\n|t:|1782447129\n|gametype|singles\n|player|p1|mevietnam|gentleman|1066\n|player|p2|rcchard|steven|1083\n|gen|9\n|tier|[Gen 9] OU\n|rated|\n|rule|HP Percentage Mod: HP is shown in percentages\n|rule|Endless Battle Clause: Forcing endless battles is banned\n|rule|Species Clause: Limit one of each Pokémon\n|rule|OHKO Clause: OHKO moves are banned\n|rule|Evasion Items Clause: Evasion items are banned\n|rule|Evasion Moves Clause: Evasion moves are banned\n|rule|Evasion Abilities Clause: Evasion abilities are banned\n|rule|Sleep Moves Clause: Sleep-inducing moves are banned\n|clearpoke\n|poke|p1|Rotom-Wash|\n|poke|p1|Gholdengo|\n|poke|p1|Clefable, M|\n|poke|p1|Hydreigon, M|\n|poke|p1|Great Tusk|\n|poke|p1|Deoxys-Speed|\n|poke|p2|Garchomp, M|\n|poke|p2|Milotic, F|\n|poke|p2|Scizor, M|\n|poke|p2|Gallade, M|\n|poke|p2|Gastrodon, F|\n|poke|p2|Arbok, F|\n|teampreview\n|\n|t:|1782447147\n|teamsize|p1|6\n|teamsize|p2|6\n|start\n|switch|p1a: Deoxys|Deoxys-Speed, shiny|100/100\n|switch|p2a: Gastrodon|Gastrodon, F|100/100\n|-ability|p1a: Deoxys|Pressure\n|turn|1\n|\n|t:|1782447158\n|move|p1a: Deoxys|Psycho Boost|p2a: Gastrodon|[miss]\n|-miss|p1a: Deoxys|p2a: Gastrodon\n|move|p2a: Gastrodon|Acid Armor|p2a: Gastrodon\n|-boost|p2a: Gastrodon|def|2\n|\n|upkeep\n|turn|2\n|\n|t:|1782447169\n|switch|p2a: Scizor|Scizor, M|100/100\n|move|p1a: Deoxys|Psycho Boost|p2a: Scizor\n|-resisted|p2a: Scizor\n|-damage|p2a: Scizor|61/100\n|-unboost|p1a: Deoxys|spa|2\n|\n|upkeep\n|turn|3\n|\n|t:|1782447178\n|move|p1a: Deoxys|Stealth Rock|p2a: Scizor\n|-sidestart|p2: rcchard|move: Stealth Rock\n|move|p2a: Scizor|X-Scissor|p1a: Deoxys\n|-supereffective|p1a: Deoxys\n|-enditem|p1a: Deoxys|Focus Sash\n|-damage|p1a: Deoxys|1/100\n|-damage|p2a: Scizor|51/100|[from] item: Life Orb\n|\n|upkeep\n|turn|4\n|\n|t:|1782447190\n|switch|p1a: Hydreigon|Hydreigon, M, shiny|100/100\n|move|p2a: Scizor|Bullet Punch|p1a: Hydreigon\n|-damage|p1a: Hydreigon|48/100\n|-damage|p2a: Scizor|41/100|[from] item: Life Orb\n|\n|upkeep\n|turn|5\n|\n|t:|1782447213\n|move|p2a: Scizor|Bullet Punch|p1a: Hydreigon\n|-damage|p1a: Hydreigon|0 fnt\n|faint|p1a: Hydreigon\n|-damage|p2a: Scizor|31/100|[from] item: Life Orb\n|\n|upkeep\n|\n|t:|1782447234\n|switch|p1a: Rotom|Rotom-Wash, shiny|100/100\n|turn|6\n|\n|t:|1782447242\n|move|p1a: Rotom|Will-O-Wisp|p2a: Scizor\n|-status|p2a: Scizor|brn\n|move|p2a: Scizor|X-Scissor|p1a: Rotom\n|-damage|p1a: Rotom|77/100\n|-damage|p2a: Scizor|21/100 brn|[from] item: Life Orb\n|\n|-heal|p1a: Rotom|83/100|[from] item: Leftovers\n|-damage|p2a: Scizor|15/100 brn|[from] brn\n|upkeep\n|turn|7\n|\n|t:|1782447257\n|move|p1a: Rotom|Hydro Pump|p2a: Scizor\n|-damage|p2a: Scizor|0 fnt\n|faint|p2a: Scizor\n|\n|-heal|p1a: Rotom|90/100|[from] item: Leftovers\n|upkeep\n|\n|t:|1782447269\n|switch|p2a: Gastrodon|Gastrodon, F|100/100\n|-damage|p2a: Gastrodon|94/100|[from] Stealth Rock\n|turn|8\n|\n|t:|1782447285\n|move|p1a: Rotom|Will-O-Wisp|p2a: Gastrodon|[miss]\n|-miss|p1a: Rotom|p2a: Gastrodon\n|move|p2a: Gastrodon|Earth Power|p1a: Rotom\n|-immune|p1a: Rotom|[from] ability: Levitate\n|\n|-heal|p1a: Rotom|96/100|[from] item: Leftovers\n|upkeep\n|turn|9\n|\n|t:|1782447298\n|switch|p1a: Clefable|Clefable, M, shiny|100/100\n|move|p2a: Gastrodon|Surf|p1a: Clefable\n|-damage|p1a: Clefable|53/100\n|\n|-heal|p1a: Clefable|59/100|[from] item: Leftovers\n|upkeep\n|turn|10\n|\n|t:|1782447316\n|move|p1a: Clefable|Protect|p1a: Clefable\n|-singleturn|p1a: Clefable|Protect\n|move|p2a: Gastrodon|Surf|p1a: Clefable\n|-activate|p1a: Clefable|move: Protect\n|\n|-heal|p1a: Clefable|65/100|[from] item: Leftovers\n|upkeep\n|turn|11\n|\n|t:|1782447325\n|move|p1a: Clefable|Wish|p1a: Clefable\n|move|p2a: Gastrodon|Surf|p1a: Clefable\n|-damage|p1a: Clefable|16/100\n|\n|-heal|p1a: Clefable|23/100|[from] item: Leftovers\n|upkeep\n|turn|12\n|\n|t:|1782447332\n|move|p1a: Clefable|Protect|p1a: Clefable\n|-singleturn|p1a: Clefable|Protect\n|move|p2a: Gastrodon|Surf|p1a: Clefable\n|-activate|p1a: Clefable|move: Protect\n|\n|-heal|p1a: Clefable|73/100|[from] move: Wish|[wisher] Clefable\n|-heal|p1a: Clefable|79/100|[from] item: Leftovers\n|upkeep\n|turn|13\n|\n|t:|1782447352\n|move|p1a: Clefable|Wish|p1a: Clefable\n|move|p2a: Gastrodon|Surf|p1a: Clefable\n|-damage|p1a: Clefable|34/100\n|\n|-heal|p1a: Clefable|40/100|[from] item: Leftovers\n|upkeep\n|turn|14\n|\n|t:|1782447359\n|move|p1a: Clefable|Protect|p1a: Clefable\n|-singleturn|p1a: Clefable|Protect\n|move|p2a: Gastrodon|Acid Armor|p2a: Gastrodon\n|-boost|p2a: Gastrodon|def|2\n|\n|-heal|p1a: Clefable|90/100|[from] move: Wish|[wisher] Clefable\n|-heal|p1a: Clefable|96/100|[from] item: Leftovers\n|upkeep\n|turn|15\n|\n|t:|1782447375\n|move|p1a: Clefable|Wish|p1a: Clefable\n|move|p2a: Gastrodon|Acid Armor|p2a: Gastrodon\n|-boost|p2a: Gastrodon|def|2\n|\n|-heal|p1a: Clefable|100/100|[from] item: Leftovers\n|upkeep\n|turn|16\n|\n|t:|1782447382\n|move|p1a: Clefable|Moonblast|p2a: Gastrodon\n|-damage|p2a: Gastrodon|66/100\n|move|p2a: Gastrodon|Surf|p1a: Clefable\n|-damage|p1a: Clefable|52/100\n|\n|-heal|p1a: Clefable|100/100|[from] move: Wish|[wisher] Clefable\n|upkeep\n|turn|17\n|\n|t:|1782447392\n|move|p1a: Clefable|Wish|p1a: Clefable\n|move|p2a: Gastrodon|Surf|p1a: Clefable\n|-crit|p1a: Clefable\n|-damage|p1a: Clefable|35/100\n|\n|-heal|p1a: Clefable|41/100|[from] item: Leftovers\n|upkeep\n|turn|18\n|\n|t:|1782447401\n|move|p1a: Clefable|Protect|p1a: Clefable\n|-singleturn|p1a: Clefable|Protect\n|move|p2a: Gastrodon|Surf|p1a: Clefable\n|-activate|p1a: Clefable|move: Protect\n|\n|-heal|p1a: Clefable|91/100|[from] move: Wish|[wisher] Clefable\n|-heal|p1a: Clefable|97/100|[from] item: Leftovers\n|upkeep\n|turn|19\n|\n|t:|1782447411\n|move|p1a: Clefable|Wish|p1a: Clefable\n|move|p2a: Gastrodon|Ice Beam|p1a: Clefable\n|-damage|p1a: Clefable|73/100\n|\n|-heal|p1a: Clefable|79/100|[from] item: Leftovers\n|upkeep\n|turn|20\n|\n|t:|1782447420\n|move|p1a: Clefable|Moonblast|p2a: Gastrodon\n|-damage|p2a: Gastrodon|36/100\n|-unboost|p2a: Gastrodon|spa|1\n|move|p2a: Gastrodon|Ice Beam|p1a: Clefable\n|-damage|p1a: Clefable|54/100\n|\n|-heal|p1a: Clefable|100/100|[from] move: Wish|[wisher] Clefable\n|upkeep\n|turn|21\n|\n|t:|1782447431\n|move|p1a: Clefable|Moonblast|p2a: Gastrodon\n|-damage|p2a: Gastrodon|5/100\n|move|p2a: Gastrodon|Surf|p1a: Clefable\n|-damage|p1a: Clefable|53/100\n|\n|-heal|p1a: Clefable|59/100|[from] item: Leftovers\n|upkeep\n|turn|22\n|\n|t:|1782447440\n|move|p1a: Clefable|Protect|p1a: Clefable\n|-singleturn|p1a: Clefable|Protect\n|move|p2a: Gastrodon|Surf|p1a: Clefable\n|-activate|p1a: Clefable|move: Protect\n|\n|-heal|p1a: Clefable|65/100|[from] item: Leftovers\n|upkeep\n|turn|23\n|\n|t:|1782447448\n|move|p1a: Clefable|Wish|p1a: Clefable\n|move|p2a: Gastrodon|Earth Power|p1a: Clefable\n|-damage|p1a: Clefable|26/100\n|\n|-heal|p1a: Clefable|32/100|[from] item: Leftovers\n|upkeep\n|turn|24\n|\n|t:|1782447456\n|move|p1a: Clefable|Protect|p1a: Clefable\n|-singleturn|p1a: Clefable|Protect\n|move|p2a: Gastrodon|Surf|p1a: Clefable\n|-activate|p1a: Clefable|move: Protect\n|\n|-heal|p1a: Clefable|82/100|[from] move: Wish|[wisher] Clefable\n|-heal|p1a: Clefable|88/100|[from] item: Leftovers\n|upkeep\n|turn|25\n|\n|t:|1782447468\n|switch|p2a: Arbok|Arbok, F|100/100\n|-damage|p2a: Arbok|88/100|[from] Stealth Rock\n|-ability|p2a: Arbok|Intimidate|boost\n|-unboost|p1a: Clefable|atk|1\n|move|p1a: Clefable|Wish|p1a: Clefable\n|\n|-heal|p1a: Clefable|94/100|[from] item: Leftovers\n|upkeep\n|turn|26\n|\n|t:|1782447502\n|switch|p1a: Great Tusk|Great Tusk, shiny|100/100\n|move|p2a: Arbok|Poison Jab|p1a: Great Tusk\n|-resisted|p1a: Great Tusk\n|-damage|p1a: Great Tusk|88/100\n|\n|-heal|p1a: Great Tusk|100/100|[from] move: Wish|[wisher] Clefable\n|upkeep\n|turn|27\n|-activate|p2a: Arbok|item: Quick Claw\n|\n|t:|1782447525\n|-terastallize|p2a: Arbok|Dark\n|move|p2a: Arbok|Scale Shot|p1a: Great Tusk|[miss]\n|-miss|p2a: Arbok|p1a: Great Tusk\n|move|p1a: Great Tusk|Headlong Rush|p2a: Arbok\n|-damage|p2a: Arbok|0 fnt\n|-unboost|p1a: Great Tusk|def|1\n|-unboost|p1a: Great Tusk|spd|1\n|faint|p2a: Arbok\n|\n|upkeep\n|\n|t:|1782447537\n|switch|p2a: Gallade|Gallade, M|100/100\n|-damage|p2a: Gallade|94/100|[from] Stealth Rock\n|turn|28\n|\n|t:|1782447545\n|-end|p1a: Great Tusk|Protosynthesis|[silent]\n|switch|p1a: Gholdengo|Gholdengo, shiny|100/100\n|move|p2a: Gallade|Psycho Cut|p1a: Gholdengo\n|-resisted|p1a: Gholdengo\n|-damage|p1a: Gholdengo|69/100\n|\n|upkeep\n|turn|29\n|\n|t:|1782447555\n|move|p2a: Gallade|Shadow Sneak|p1a: Gholdengo\n|-supereffective|p1a: Gholdengo\n|-damage|p1a: Gholdengo|41/100\n|move|p1a: Gholdengo|Shadow Ball|p2a: Gallade\n|-supereffective|p2a: Gallade\n|-damage|p2a: Gallade|0 fnt\n|faint|p2a: Gallade\n|\n|upkeep\n|\n|t:|1782447564\n|switch|p2a: Garchomp|Garchomp, M|100/100\n|-damage|p2a: Garchomp|94/100|[from] Stealth Rock\n|turn|30\n|\n|t:|1782447573\n|switch|p1a: Rotom|Rotom-Wash, shiny|96/100\n|move|p2a: Garchomp|Earthquake|p1a: Rotom\n|-immune|p1a: Rotom|[from] ability: Levitate\n|\n|-heal|p1a: Rotom|100/100|[from] item: Leftovers\n|upkeep\n|turn|31\n|\n|t:|1782447582\n|move|p2a: Garchomp|Dragon Rush|p1a: Rotom|[miss]\n|-miss|p2a: Garchomp|p1a: Rotom\n|move|p1a: Rotom|Will-O-Wisp|p2a: Garchomp\n|-status|p2a: Garchomp|brn\n|\n|-damage|p2a: Garchomp|88/100 brn|[from] brn\n|upkeep\n|turn|32\n|-message|rcchard forfeited.\n|\n|win|mevietnam\n|raw|mevietnam's rating: 1066 &rarr; <strong>1098</strong><br />(+32 for winning)\n|raw|rcchard's rating: 1083 &rarr; <strong>1059</strong><br />(-24 for losing)\n|l|‽rcchard\n|player|p2|\n|l|☆mevietnam\n|player|p1|\n", "uploadtime": 1782447895, "views": 4, "formatid": "gen9ou", "rating": 1059, "private": 0, "password": null}