{"id": "gen9ou-2647817338", "format": "[Gen 9] OU", "players": ["TonySopranosWife", "pritesh2011"], "log": "|j|☆TonySopranosWife\n|j|☆pritesh2011\n|t:|1783817794\n|gametype|singles\n|player|p1|TonySopranosWife|battlegirl-gen4|1241\n|player|p2|pritesh2011|alder|1245\n|gen|9\n|tier|[Gen 9] OU\n|rated|\n|rule|HP Percentage Mod: HP is shown in percentages\n|rule|Endless Battle Clause: Forcing endless battles is banned\n|rule|Species Clause: Limit one of each Pokémon\n|rule|OHKO Clause: OHKO moves are banned\n|rule|Evasion Items Clause: Evasion items are banned\n|rule|Evasion Moves Clause: Evasion moves are banned\n|rule|Evasion Abilities Clause: Evasion abilities are banned\n|rule|Sleep Moves Clause: Sleep-inducing moves are banned\n|clearpoke\n|poke|p1|Ting-Lu|\n|poke|p1|Registeel|\n|poke|p1|Alomomola, M|\n|poke|p1|Garganacl, M|\n|poke|p1|Pecharunt|\n|poke|p1|Tsareena, F|\n|poke|p2|Kingambit, M|\n|poke|p2|Zamazenta-*|\n|poke|p2|Dragonite, M|\n|poke|p2|Gholdengo|\n|poke|p2|Great Tusk|\n|poke|p2|Glimmora, M|\n|teampreview\n|inactive|Battle timer is ON: inactive players will automatically lose when time's up. (requested by pritesh2011)\n|\n|t:|1783817810\n|teamsize|p1|6\n|teamsize|p2|6\n|start\n|switch|p1a: TING GOES BRRR|Ting-Lu|100/100\n|switch|p2a: Jayrila Kira|Glimmora, M, shiny|100/100\n|-ability|p1a: TING GOES BRRR|Vessel of Ruin\n|turn|1\n|\n|t:|1783817812\n|move|p2a: Jayrila Kira|Stealth Rock|p1a: TING GOES BRRR\n|-sidestart|p1: TonySopranosWife|move: Stealth Rock\n|move|p1a: TING GOES BRRR|Earthquake|p2a: Jayrila Kira\n|-supereffective|p2a: Jayrila Kira\n|-enditem|p2a: Jayrila Kira|Focus Sash\n|-damage|p2a: Jayrila Kira|1/100\n|-activate|p2a: Jayrila Kira|ability: Toxic Debris\n|-sidestart|p1: TonySopranosWife|move: Toxic Spikes\n|\n|upkeep\n|turn|2\n|\n|t:|1783817820\n|move|p2a: Jayrila Kira|Mortal Spin|p1a: TING GOES BRRR\n|-resisted|p1a: TING GOES BRRR\n|-damage|p1a: TING GOES BRRR|99/100\n|-status|p1a: TING GOES BRRR|psn\n|move|p1a: TING GOES BRRR|Earthquake|p2a: Jayrila Kira\n|-supereffective|p2a: Jayrila Kira\n|-damage|p2a: Jayrila Kira|0 fnt\n|-activate|p2a: Jayrila Kira|ability: Toxic Debris\n|-sidestart|p1: TonySopranosWife|move: Toxic Spikes\n|faint|p2a: Jayrila Kira\n|\n|-damage|p1a: TING GOES BRRR|86/100 psn|[from] psn\n|upkeep\n|\n|t:|1783817829\n|switch|p2a: Massum|Dragonite, M, shiny|100/100\n|turn|3\n|\n|t:|1783817833\n|move|p2a: Massum|Dragon Dance|p2a: Massum\n|-boost|p2a: Massum|atk|1\n|-boost|p2a: Massum|spe|1\n|move|p1a: TING GOES BRRR|Payback|p2a: Massum\n|-damage|p2a: Massum|81/100\n|\n|-damage|p1a: TING GOES BRRR|74/100 psn|[from] psn\n|upkeep\n|turn|4\n|\n|t:|1783817836\n|move|p2a: Massum|Dragon Dance|p2a: Massum\n|-boost|p2a: Massum|atk|1\n|-boost|p2a: Massum|spe|1\n|move|p1a: TING GOES BRRR|Payback|p2a: Massum\n|-damage|p2a: Massum|44/100\n|\n|-damage|p1a: TING GOES BRRR|61/100 psn|[from] psn\n|upkeep\n|turn|5\n|\n|t:|1783817840\n|move|p2a: Massum|Extreme Speed|p1a: TING GOES BRRR\n|-damage|p1a: TING GOES BRRR|36/100 psn\n|move|p1a: TING GOES BRRR|Payback|p2a: Massum\n|-damage|p2a: Massum|6/100\n|\n|-damage|p1a: TING GOES BRRR|23/100 psn|[from] psn\n|upkeep\n|turn|6\n|\n|t:|1783817843\n|move|p2a: Massum|Earthquake|p1a: TING GOES BRRR\n|-damage|p1a: TING GOES BRRR|0 fnt\n|faint|p1a: TING GOES BRRR\n|\n|upkeep\n|\n|t:|1783817848\n|switch|p1a: Pecharunt|Pecharunt|100/100\n|-sideend|p1: TonySopranosWife|move: Toxic Spikes|[of] p1a: Pecharunt\n|turn|7\n|\n|t:|1783817855\n|move|p2a: Massum|Roost|p2a: Massum\n|-heal|p2a: Massum|56/100\n|-singleturn|p2a: Massum|move: Roost\n|move|p1a: Pecharunt|Shadow Ball|p2a: Massum\n|-damage|p2a: Massum|33/100\n|\n|upkeep\n|turn|8\n|\n|t:|1783817858\n|move|p2a: Massum|Earthquake|p1a: Pecharunt\n|-supereffective|p1a: Pecharunt\n|-damage|p1a: Pecharunt|21/100\n|move|p1a: Pecharunt|Malignant Chain|p2a: Massum\n|-damage|p2a: Massum|3/100\n|-status|p2a: Massum|tox\n|-start|p2a: Massum|confusion|[from] ability: Poison Puppeteer|[of] p1a: Pecharunt\n|\n|-damage|p2a: Massum|0 fnt|[from] psn\n|faint|p2a: Massum\n|upkeep\n|\n|t:|1783817865\n|switch|p2a: Paisa|Gholdengo, shiny|100/100\n|-item|p2a: Paisa|Air Balloon\n|turn|9\n|\n|t:|1783817871\n|switch|p1a: Garganacl|Garganacl, M|100/100\n|-damage|p1a: Garganacl|88/100|[from] Stealth Rock\n|move|p2a: Paisa|Shadow Ball|p1a: Garganacl\n|-damage|p1a: Garganacl|74/100\n|\n|-heal|p1a: Garganacl|80/100|[from] item: Leftovers\n|upkeep\n|turn|10\n|\n|t:|1783817880\n|-terastallize|p1a: Garganacl|Water\n|move|p2a: Paisa|Nasty Plot|p2a: Paisa\n|-boost|p2a: Paisa|spa|2\n|move|p1a: Garganacl|Salt Cure|p2a: Paisa\n|-resisted|p2a: Paisa\n|-damage|p2a: Paisa|94/100\n|-start|p2a: Paisa|Salt Cure\n|-enditem|p2a: Paisa|Air Balloon\n|\n|-heal|p1a: Garganacl|86/100|[from] item: Leftovers\n|-damage|p2a: Paisa|70/100|[from] Salt Cure\n|upkeep\n|turn|11\n|\n|t:|1783817887\n|move|p2a: Paisa|Focus Blast|p1a: Garganacl\n|-damage|p1a: Garganacl|31/100\n|move|p1a: Garganacl|Recover|p1a: Garganacl\n|-heal|p1a: Garganacl|81/100\n|\n|-heal|p1a: Garganacl|87/100|[from] item: Leftovers\n|-damage|p2a: Paisa|45/100|[from] Salt Cure\n|upkeep\n|turn|12\n|\n|t:|1783817890\n|move|p2a: Paisa|Shadow Ball|p1a: Garganacl\n|-damage|p1a: Garganacl|60/100\n|-unboost|p1a: Garganacl|spd|1\n|move|p1a: Garganacl|Recover|p1a: Garganacl\n|-heal|p1a: Garganacl|100/100\n|\n|-damage|p2a: Paisa|20/100|[from] Salt Cure\n|upkeep\n|turn|13\n|\n|t:|1783817895\n|move|p2a: Paisa|Shadow Ball|p1a: Garganacl\n|-damage|p1a: Garganacl|53/100\n|-unboost|p1a: Garganacl|spd|1\n|move|p1a: Garganacl|Recover|p1a: Garganacl\n|-heal|p1a: Garganacl|100/100\n|\n|-damage|p2a: Paisa|0 fnt|[from] Salt Cure\n|faint|p2a: Paisa\n|upkeep\n|\n|t:|1783817899\n|switch|p2a: Kutta|Zamazenta, shiny|100/100\n|-ability|p2a: Kutta|Dauntless Shield|boost\n|-boost|p2a: Kutta|def|1\n|turn|14\n|\n|t:|1783817916\n|switch|p1a: Sloppy Toppy|Alomomola, M|100/100\n|move|p2a: Kutta|Iron Defense|p2a: Kutta\n|-boost|p2a: Kutta|def|2\n|\n|upkeep\n|turn|15\n|\n|t:|1783817921\n|move|p2a: Kutta|Iron Defense|p2a: Kutta\n|-boost|p2a: Kutta|def|2\n|move|p1a: Sloppy Toppy|Scald|p2a: Kutta\n|-damage|p2a: Kutta|90/100\n|\n|-heal|p2a: Kutta|96/100|[from] item: Leftovers\n|upkeep\n|turn|16\n|\n|t:|1783817924\n|move|p2a: Kutta|Iron Defense|p2a: Kutta\n|-boost|p2a: Kutta|def|1\n|move|p1a: Sloppy Toppy|Scald|p2a: Kutta\n|-damage|p2a: Kutta|85/100\n|-status|p2a: Kutta|brn\n|\n|-heal|p2a: Kutta|91/100 brn|[from] item: Leftovers\n|-damage|p2a: Kutta|85/100 brn|[from] brn\n|upkeep\n|turn|17\n|\n|t:|1783817927\n|move|p2a: Kutta|Body Press|p1a: Sloppy Toppy\n|-damage|p1a: Sloppy Toppy|68/100\n|move|p1a: Sloppy Toppy|Wish|p1a: Sloppy Toppy\n|\n|-heal|p2a: Kutta|91/100 brn|[from] item: Leftovers\n|-damage|p2a: Kutta|85/100 brn|[from] brn\n|upkeep\n|turn|18\n|\n|t:|1783817931\n|move|p2a: Kutta|Crunch|p1a: Sloppy Toppy\n|-damage|p1a: Sloppy Toppy|62/100\n|move|p1a: Sloppy Toppy|Scald|p2a: Kutta\n|-damage|p2a: Kutta|74/100 brn\n|\n|-heal|p1a: Sloppy Toppy|100/100|[from] move: Wish|[wisher] Sloppy Toppy\n|-heal|p2a: Kutta|80/100 brn|[from] item: Leftovers\n|-damage|p2a: Kutta|74/100 brn|[from] brn\n|upkeep\n|turn|19\n|\n|t:|1783817933\n|move|p2a: Kutta|Body Press|p1a: Sloppy Toppy\n|-damage|p1a: Sloppy Toppy|68/100\n|move|p1a: Sloppy Toppy|Wish|p1a: Sloppy Toppy\n|\n|-heal|p2a: Kutta|80/100 brn|[from] item: Leftovers\n|-damage|p2a: Kutta|74/100 brn|[from] brn\n|upkeep\n|turn|20\n|\n|t:|1783817936\n|move|p2a: Kutta|Body Press|p1a: Sloppy Toppy\n|-crit|p1a: Sloppy Toppy\n|-damage|p1a: Sloppy Toppy|16/100\n|move|p1a: Sloppy Toppy|Flip Turn|p2a: Kutta\n|-damage|p2a: Kutta|71/100 brn\n|\n|t:|1783817939\n|switch|p1a: Pecharunt|Pecharunt|21/100|[from] Flip Turn\n|\n|-heal|p1a: Pecharunt|91/100|[from] move: Wish|[wisher] Sloppy Toppy\n|-heal|p2a: Kutta|77/100 brn|[from] item: Leftovers\n|-damage|p2a: Kutta|71/100 brn|[from] brn\n|upkeep\n|turn|21\n|\n|t:|1783817944\n|move|p2a: Kutta|Crunch|p1a: Pecharunt\n|-supereffective|p1a: Pecharunt\n|-damage|p1a: Pecharunt|79/100\n|move|p1a: Pecharunt|Shadow Ball|p2a: Kutta\n|-damage|p2a: Kutta|53/100 brn\n|\n|-heal|p2a: Kutta|59/100 brn|[from] item: Leftovers\n|-damage|p2a: Kutta|53/100 brn|[from] brn\n|upkeep\n|turn|22\n|\n|t:|1783817947\n|move|p2a: Kutta|Crunch|p1a: Pecharunt\n|-supereffective|p1a: Pecharunt\n|-damage|p1a: Pecharunt|66/100\n|move|p1a: Pecharunt|Nasty Plot|p1a: Pecharunt\n|-boost|p1a: Pecharunt|spa|2\n|\n|-heal|p2a: Kutta|59/100 brn|[from] item: Leftovers\n|-damage|p2a: Kutta|53/100 brn|[from] brn\n|upkeep\n|turn|23\n|\n|t:|1783817950\n|move|p2a: Kutta|Crunch|p1a: Pecharunt\n|-supereffective|p1a: Pecharunt\n|-crit|p1a: Pecharunt\n|-damage|p1a: Pecharunt|48/100\n|move|p1a: Pecharunt|Shadow Ball|p2a: Kutta\n|-damage|p2a: Kutta|13/100 brn\n|-unboost|p2a: Kutta|spd|1\n|\n|-heal|p2a: Kutta|19/100 brn|[from] item: Leftovers\n|-damage|p2a: Kutta|13/100 brn|[from] brn\n|upkeep\n|turn|24\n|\n|t:|1783817952\n|move|p2a: Kutta|Crunch|p1a: Pecharunt\n|-supereffective|p1a: Pecharunt\n|-damage|p1a: Pecharunt|35/100\n|move|p1a: Pecharunt|Shadow Ball|p2a: Kutta\n|-damage|p2a: Kutta|0 fnt\n|faint|p2a: Kutta\n|\n|upkeep\n|\n|t:|1783817955\n|switch|p2a: Hathi|Great Tusk, shiny|100/100\n|turn|25\n|\n|t:|1783817959\n|move|p1a: Pecharunt|Shadow Ball|p2a: Hathi\n|-damage|p2a: Hathi|41/100\n|move|p2a: Hathi|Earthquake|p1a: Pecharunt\n|-supereffective|p1a: Pecharunt\n|-damage|p1a: Pecharunt|0 fnt\n|faint|p1a: Pecharunt\n|\n|-heal|p2a: Hathi|47/100|[from] item: Leftovers\n|upkeep\n|\n|t:|1783817964\n|switch|p1a: Queen|Tsareena, F|100/100\n|turn|26\n|\n|t:|1783817970\n|move|p2a: Hathi|Ice Spinner|p1a: Queen\n|-supereffective|p1a: Queen\n|-damage|p1a: Queen|58/100\n|move|p1a: Queen|Rapid Spin|p2a: Hathi\n|-damage|p2a: Hathi|39/100\n|-boost|p1a: Queen|spe|1\n|-sideend|p1: TonySopranosWife|Stealth Rock|[from] move: Rapid Spin|[of] p1a: Queen\n|\n|-heal|p2a: Hathi|45/100|[from] item: Leftovers\n|upkeep\n|turn|27\n|\n|t:|1783817973\n|move|p1a: Queen|Triple Axel|p2a: Hathi\n|-supereffective|p2a: Hathi\n|-damage|p2a: Hathi|38/100\n|-supereffective|p2a: Hathi\n|-damage|p2a: Hathi|24/100\n|-supereffective|p2a: Hathi\n|-damage|p2a: Hathi|3/100\n|-hitcount|p2a: Hathi|3\n|move|p2a: Hathi|Ice Spinner|p1a: Queen\n|-supereffective|p1a: Queen\n|-damage|p1a: Queen|12/100\n|\n|-heal|p2a: Hathi|9/100|[from] item: Leftovers\n|upkeep\n|turn|28\n|\n|t:|1783817976\n|move|p1a: Queen|Trop Kick|p2a: Hathi\n|-supereffective|p2a: Hathi\n|-damage|p2a: Hathi|0 fnt\n|faint|p2a: Hathi\n|-end|p2a: Hathi|Protosynthesis|[silent]\n|\n|upkeep\n|\n|t:|1783817979\n|switch|p2a: Over Lord|Kingambit, M, shiny|100/100\n|-activate|p2a: Over Lord|ability: Supreme Overlord\n|-start|p2a: Over Lord|fallen5|[silent]\n|turn|29\n|\n|t:|1783817988\n|move|p1a: Queen|Trop Kick|p2a: Over Lord\n|-resisted|p2a: Over Lord\n|-damage|p2a: Over Lord|86/100\n|-unboost|p2a: Over Lord|atk|1\n|move|p2a: Over Lord|Iron Head|p1a: Queen\n|-damage|p1a: Queen|0 fnt\n|faint|p1a: Queen\n|\n|upkeep\n|\n|t:|1783817994\n|switch|p1a: ⠙⠑⠍⠕⠝|Registeel|100/100\n|turn|30\n|\n|t:|1783817997\n|move|p2a: Over Lord|Swords Dance|p2a: Over Lord\n|-boost|p2a: Over Lord|atk|2\n|move|p1a: ⠙⠑⠍⠕⠝|Iron Defense|p1a: ⠙⠑⠍⠕⠝\n|-boost|p1a: ⠙⠑⠍⠕⠝|def|2\n|\n|upkeep\n|turn|31\n|\n|t:|1783818004\n|move|p2a: Over Lord|Kowtow Cleave|p1a: ⠙⠑⠍⠕⠝\n|-damage|p1a: ⠙⠑⠍⠕⠝|65/100\n|move|p1a: ⠙⠑⠍⠕⠝|Body Press|p2a: Over Lord\n|-supereffective|p2a: Over Lord\n|-damage|p2a: Over Lord|0 fnt\n|faint|p2a: Over Lord\n|-end|p2a: Over Lord|fallen5|[silent]\n|\n|win|TonySopranosWife\n|raw|TonySopranosWife's rating: 1241 &rarr; <strong>1266</strong><br />(+25 for winning)\n|raw|pritesh2011's rating: 1245 &rarr; <strong>1220</strong><br />(-25 for losing)\n|l|☆pritesh2011\n|player|p2|\n|l|☆TonySopranosWife\n|player|p1|\n", "uploadtime": 1783818398, "views": 3, "formatid": "gen9ou", "rating": 1220, "private": 0, "password": null}