{"id": "gen9ou-2639287597", "format": "[Gen 9] OU", "players": ["machopped unc", "rblt ryo"], "log": "|badge|p2|silver|gen9ou|30-9\n|uhtml|medal-msg|<div class=\"broadcast-blue\">Curious what those medals under the avatar are? PS now has Ladder Seasons! For more information, check out the <a href=\"https://www.smogon.com/forums/threads/3740067/\">thread on Smogon.</a></div>\n|j|‽machopped unc\n|j|☆rblt ryo\n|t:|1782446315\n|gametype|singles\n|player|p1|machopped unc|clown|1772\n|player|p2|rblt ryo|grimsley-gen7|1768\n|gen|9\n|tier|[Gen 9] OU\n|rated|\n|rule|HP Percentage Mod: HP is shown in percentages\n|rule|Endless Battle Clause: Forcing endless battles is banned\n|rule|Species Clause: Limit one of each Pokémon\n|rule|OHKO Clause: OHKO moves are banned\n|rule|Evasion Items Clause: Evasion items are banned\n|rule|Evasion Moves Clause: Evasion moves are banned\n|rule|Evasion Abilities Clause: Evasion abilities are banned\n|rule|Sleep Moves Clause: Sleep-inducing moves are banned\n|clearpoke\n|poke|p1|Kingambit, M|\n|poke|p1|Great Tusk|\n|poke|p1|Slowking-Galar, M|\n|poke|p1|Dragapult, M|\n|poke|p1|Ogerpon-Wellspring, F|\n|poke|p1|Zapdos|\n|poke|p2|Slowking-Galar, F|\n|poke|p2|Ogerpon-Wellspring, F|\n|poke|p2|Mandibuzz, F|\n|poke|p2|Great Tusk|\n|poke|p2|Kyurem|\n|poke|p2|Cinderace, M|\n|teampreview\n|\n|t:|1782446345\n|teamsize|p1|6\n|teamsize|p2|6\n|start\n|switch|p1a: Slowking|Slowking-Galar, M|100/100\n|switch|p2a: Great Tusk|Great Tusk|100/100\n|turn|1\n|j| julie uwu 3\n|inactive|Battle timer is ON: inactive players will automatically lose when time's up. (requested by machopped unc)\n|j| dsekop\n|\n|t:|1782446385\n|-end|p2a: Great Tusk|Protosynthesis|[silent]\n|switch|p2a: Kyurem|Kyurem|100/100\n|-ability|p2a: Kyurem|Pressure\n|switch|p1a: Zapdos|Zapdos|100/100\n|\n|upkeep\n|turn|2\n|\n|t:|1782446392\n|switch|p1a: Slowking|Slowking-Galar, M|100/100\n|move|p2a: Kyurem|Earth Power|p1a: Slowking\n|-supereffective|p1a: Slowking\n|-damage|p1a: Slowking|50/100\n|\n|upkeep\n|turn|3\n|\n|t:|1782446399\n|switch|p2a: Slowking|Slowking-Galar, F|100/100\n|switch|p1a: Zapdos|Zapdos|100/100\n|\n|upkeep\n|turn|4\n|\n|t:|1782446404\n|move|p1a: Zapdos|Thunder Wave|p2a: Slowking\n|-status|p2a: Slowking|par\n|-prepare|p2a: Slowking|Chilly Reception|[premajor]\n|move|p2a: Slowking|Chilly Reception|p2a: Slowking\n|-weather|Snowscape\n|\n|t:|1782446408\n|switch|p2a: Kyurem|Kyurem|100/100|[from] Chilly Reception\n|-ability|p2a: Kyurem|Pressure\n|\n|-weather|Snowscape|[upkeep]\n|upkeep\n|turn|5\n|\n|t:|1782446415\n|switch|p1a: Slowking|Slowking-Galar, M|83/100\n|-terastallize|p2a: Kyurem|Ice\n|move|p2a: Kyurem|Blizzard|p1a: Slowking\n|-damage|p1a: Slowking|25/100\n|\n|-weather|Snowscape|[upkeep]\n|upkeep\n|turn|6\n|\n|t:|1782446425\n|move|p2a: Kyurem|Blizzard|p1a: Slowking\n|-damage|p1a: Slowking|0 fnt\n|faint|p1a: Slowking\n|\n|-weather|Snowscape|[upkeep]\n|upkeep\n|\n|t:|1782446431\n|switch|p1a: Kingambit|Kingambit, M|100/100\n|-activate|p1a: Kingambit|ability: Supreme Overlord\n|-start|p1a: Kingambit|fallen1|[silent]\n|turn|7\n|\n|t:|1782446439\n|switch|p2a: Slowking|Slowking-Galar, F|100/100 par\n|move|p1a: Kingambit|Low Kick|p2a: Slowking\n|-resisted|p2a: Slowking\n|-damage|p2a: Slowking|94/100 par\n|-damage|p1a: Kingambit|84/100|[from] item: Rocky Helmet|[of] p2a: Slowking\n|\n|-weather|Snowscape|[upkeep]\n|-heal|p1a: Kingambit|90/100|[from] item: Leftovers\n|upkeep\n|turn|8\n|\n|t:|1782446451\n|switch|p2a: Great Tusk|Great Tusk|100/100\n|move|p1a: Kingambit|Kowtow Cleave|p2a: Great Tusk\n|-resisted|p2a: Great Tusk\n|-damage|p2a: Great Tusk|81/100\n|\n|-weather|none\n|-heal|p1a: Kingambit|96/100|[from] item: Leftovers\n|upkeep\n|turn|9\n|\n|t:|1782446456\n|-end|p1a: Kingambit|fallen1|[silent]\n|switch|p1a: Ogerpon|Ogerpon-Wellspring, F|100/100\n|move|p2a: Great Tusk|Headlong Rush|p1a: Ogerpon\n|-resisted|p1a: Ogerpon\n|-damage|p1a: Ogerpon|57/100\n|-unboost|p2a: Great Tusk|def|1\n|-unboost|p2a: Great Tusk|spd|1\n|\n|upkeep\n|turn|10\n|\n|t:|1782446464\n|-end|p2a: Great Tusk|Protosynthesis|[silent]\n|switch|p2a: Ogerpon|Ogerpon-Wellspring, F|100/100\n|move|p1a: Ogerpon|Spikes|p2a: Ogerpon\n|-sidestart|p2: rblt ryo|Spikes\n|\n|upkeep\n|turn|11\n|\n|t:|1782446474\n|move|p1a: Ogerpon|U-turn|p2a: Ogerpon\n|-supereffective|p2a: Ogerpon\n|-damage|p2a: Ogerpon|31/100\n|\n|t:|1782446478\n|switch|p1a: Zapdos|Zapdos|100/100|[from] U-turn\n|move|p2a: Ogerpon|Power Whip|p1a: Zapdos\n|-resisted|p1a: Zapdos\n|-damage|p1a: Zapdos|75/100\n|-status|p2a: Ogerpon|par|[from] ability: Static|[of] p1a: Zapdos\n|\n|upkeep\n|turn|12\n|\n|t:|1782446482\n|move|p1a: Zapdos|Volt Switch|p2a: Ogerpon\n|-damage|p2a: Ogerpon|0 fnt\n|faint|p2a: Ogerpon\n|\n|t:|1782446487\n|switch|p1a: Dragapult|Dragapult, M|100/100|[from] Volt Switch\n|\n|upkeep\n|\n|t:|1782446497\n|switch|p2a: Cinderace|Cinderace, M|100/100\n|turn|13\n|\n|t:|1782446501\n|switch|p1a: Great Tusk|Great Tusk|100/100\n|move|p2a: Cinderace|Sucker Punch||[still]\n|-fail|p2a: Cinderace\n|\n|upkeep\n|turn|14\n|\n|t:|1782446509\n|switch|p2a: Mandibuzz|Mandibuzz, F|100/100\n|move|p1a: Great Tusk|Rapid Spin|p2a: Mandibuzz\n|-damage|p2a: Mandibuzz|91/100\n|-boost|p1a: Great Tusk|spe|1\n|\n|upkeep\n|turn|15\n|\n|t:|1782446514\n|move|p1a: Great Tusk|Ice Spinner|p2a: Mandibuzz\n|-supereffective|p2a: Mandibuzz\n|-damage|p2a: Mandibuzz|60/100\n|move|p2a: Mandibuzz|Defog|p1a: Great Tusk\n|-unboost|p1a: Great Tusk|evasion|1\n|-sideend|p2: rblt ryo|Spikes|[from] move: Defog|[of] p2a: Mandibuzz\n|\n|upkeep\n|turn|16\n|\n|t:|1782446518\n|move|p1a: Great Tusk|Stealth Rock|p2a: Mandibuzz\n|-sidestart|p2: rblt ryo|move: Stealth Rock\n|move|p2a: Mandibuzz|Roost|p2a: Mandibuzz\n|-heal|p2a: Mandibuzz|100/100\n|-singleturn|p2a: Mandibuzz|move: Roost\n|\n|upkeep\n|turn|17\n|\n|t:|1782446522\n|move|p1a: Great Tusk|Ice Spinner|p2a: Mandibuzz\n|-supereffective|p2a: Mandibuzz\n|-damage|p2a: Mandibuzz|71/100\n|move|p2a: Mandibuzz|Defog|p1a: Great Tusk\n|-unboost|p1a: Great Tusk|evasion|1\n|-sideend|p2: rblt ryo|Stealth Rock|[from] move: Defog|[of] p2a: Mandibuzz\n|\n|upkeep\n|turn|18\n|\n|t:|1782446527\n|switch|p2a: Kyurem|Kyurem, tera:Ice|100/100\n|-ability|p2a: Kyurem|Pressure\n|move|p1a: Great Tusk|Stealth Rock|p2a: Kyurem\n|-sidestart|p2: rblt ryo|move: Stealth Rock\n|\n|upkeep\n|turn|19\n|\n|t:|1782446537\n|move|p1a: Great Tusk|Headlong Rush|p2a: Kyurem\n|-damage|p2a: Kyurem|45/100\n|-unboost|p1a: Great Tusk|def|1\n|-unboost|p1a: Great Tusk|spd|1\n|move|p2a: Kyurem|Ice Beam|p1a: Great Tusk\n|-supereffective|p1a: Great Tusk\n|-damage|p1a: Great Tusk|0 fnt\n|faint|p1a: Great Tusk\n|-end|p1a: Great Tusk|Protosynthesis|[silent]\n|\n|upkeep\n|\n|t:|1782446542\n|switch|p1a: Ogerpon|Ogerpon-Wellspring, F|57/100\n|turn|20\n|\n|t:|1782446549\n|switch|p2a: Slowking|Slowking-Galar, F|100/100 par\n|-damage|p2a: Slowking|88/100 par|[from] Stealth Rock\n|move|p1a: Ogerpon|Ivy Cudgel|p2a: Slowking|[anim] Ivy Cudgel Water\n|-damage|p2a: Slowking|45/100 par\n|\n|upkeep\n|turn|21\n|\n|t:|1782446554\n|move|p1a: Ogerpon|Knock Off|p2a: Slowking\n|-supereffective|p2a: Slowking\n|-damage|p2a: Slowking|0 fnt\n|-damage|p1a: Ogerpon|41/100|[from] item: Rocky Helmet|[of] p2a: Slowking\n|-enditem|p2a: Slowking|Rocky Helmet|[from] move: Knock Off|[of] p1a: Ogerpon\n|faint|p2a: Slowking\n|\n|upkeep\n|\n|t:|1782446557\n|switch|p2a: Mandibuzz|Mandibuzz, F|71/100\n|turn|22\n|\n|t:|1782446563\n|move|p1a: Ogerpon|Ivy Cudgel|p2a: Mandibuzz|[anim] Ivy Cudgel Water\n|-damage|p2a: Mandibuzz|36/100\n|move|p2a: Mandibuzz|Defog|p1a: Ogerpon\n|-unboost|p1a: Ogerpon|evasion|1\n|-sideend|p2: rblt ryo|Stealth Rock|[from] move: Defog|[of] p2a: Mandibuzz\n|\n|upkeep\n|turn|23\n|\n|t:|1782446579\n|move|p1a: Ogerpon|Ivy Cudgel|p2a: Mandibuzz|[anim] Ivy Cudgel Water\n|-damage|p2a: Mandibuzz|1/100\n|move|p2a: Mandibuzz|Roost|p2a: Mandibuzz\n|-heal|p2a: Mandibuzz|51/100\n|-singleturn|p2a: Mandibuzz|move: Roost\n|\n|upkeep\n|turn|24\n|\n|t:|1782446583\n|move|p1a: Ogerpon|Ivy Cudgel|p2a: Mandibuzz|[anim] Ivy Cudgel Water\n|-crit|p2a: Mandibuzz\n|-damage|p2a: Mandibuzz|0 fnt\n|faint|p2a: Mandibuzz\n|\n|upkeep\n|\n|t:|1782446590\n|switch|p2a: Cinderace|Cinderace, M|100/100\n|turn|25\n|\n|t:|1782446594\n|move|p2a: Cinderace|Pyro Ball|p1a: Ogerpon\n|-damage|p1a: Ogerpon|0 fnt\n|faint|p1a: Ogerpon\n|\n|upkeep\n|\n|t:|1782446599\n|switch|p1a: Zapdos|Zapdos|75/100\n|turn|26\n|\n|t:|1782446604\n|move|p2a: Cinderace|Pyro Ball|p1a: Zapdos\n|-damage|p1a: Zapdos|32/100\n|move|p1a: Zapdos|Hurricane|p2a: Cinderace|[miss]\n|-miss|p1a: Zapdos|p2a: Cinderace\n|\n|upkeep\n|turn|27\n|\n|t:|1782446608\n|move|p2a: Cinderace|Pyro Ball|p1a: Zapdos|[miss]\n|-miss|p2a: Cinderace|p1a: Zapdos\n|move|p1a: Zapdos|Thunder Wave|p2a: Cinderace\n|-status|p2a: Cinderace|par\n|\n|upkeep\n|turn|28\n|\n|t:|1782446612\n|switch|p2a: Kyurem|Kyurem, tera:Ice|45/100\n|-ability|p2a: Kyurem|Pressure\n|move|p1a: Zapdos|Roost|p1a: Zapdos\n|-heal|p1a: Zapdos|82/100\n|-singleturn|p1a: Zapdos|move: Roost\n|\n|upkeep\n|turn|29\n|\n|t:|1782446618\n|move|p2a: Kyurem|Earth Power|p1a: Zapdos\n|-immune|p1a: Zapdos\n|move|p1a: Zapdos|Volt Switch|p2a: Kyurem\n|-damage|p2a: Kyurem|17/100\n|\n|t:|1782446621\n|switch|p1a: Dragapult|Dragapult, M|100/100|[from] Volt Switch\n|\n|upkeep\n|turn|30\n|j| pls game\n|-message|rblt ryo forfeited.\n|\n|win|machopped unc\n|raw|machopped unc's rating: 1772 &rarr; <strong>1792</strong><br />(+20 for winning)\n|raw|rblt ryo's rating: 1768 &rarr; <strong>1748</strong><br />(-20 for losing)\n|l| pls game\n|l| dsekop\n|l|‽machopped unc\n|player|p1|\n|j| dsekop\n|l| dsekop\n", "uploadtime": 1782446649, "views": 34, "formatid": "gen9ou", "rating": 1748, "private": 0, "password": null}