{"id": "gen9ou-2639229698", "format": "[Gen 9] OU", "players": ["fortnite fizz", "Azcrease"], "log": "|j|☆fortnite fizz\n|j|☆Azcrease\n|t:|1782437474\n|gametype|singles\n|player|p1|fortnite fizz|266|1378\n|player|p2|Azcrease|169|1408\n|gen|9\n|tier|[Gen 9] OU\n|rated|\n|rule|HP Percentage Mod: HP is shown in percentages\n|rule|Endless Battle Clause: Forcing endless battles is banned\n|rule|Species Clause: Limit one of each Pokémon\n|rule|OHKO Clause: OHKO moves are banned\n|rule|Evasion Items Clause: Evasion items are banned\n|rule|Evasion Moves Clause: Evasion moves are banned\n|rule|Evasion Abilities Clause: Evasion abilities are banned\n|rule|Sleep Moves Clause: Sleep-inducing moves are banned\n|clearpoke\n|poke|p1|Blaziken, F|\n|poke|p1|Regieleki|\n|poke|p1|Alomomola, F|\n|poke|p1|Dragalge, F|\n|poke|p1|Landorus-Therian, M|\n|poke|p1|Hoopa-Unbound|\n|poke|p2|Hoopa-Unbound|\n|poke|p2|Alomomola, F|\n|poke|p2|Gliscor, F|\n|poke|p2|Dragapult, F|\n|poke|p2|Garganacl, F|\n|poke|p2|Cinderace, M|\n|teampreview\n|inactive|Battle timer is ON: inactive players will automatically lose when time's up. (requested by fortnite fizz)\n|\n|t:|1782437498\n|teamsize|p1|6\n|teamsize|p2|6\n|start\n|switch|p1a: Landorus|Landorus-Therian, M|100/100\n|switch|p2a: Garganacl|Garganacl, F|100/100\n|-ability|p1a: Landorus|Intimidate|boost\n|-unboost|p2a: Garganacl|atk|1\n|turn|1\n|\n|t:|1782437506\n|move|p1a: Landorus|Taunt|p2a: Garganacl\n|-start|p2a: Garganacl|move: Taunt\n|cant|p2a: Garganacl|move: Taunt|Stealth Rock\n|\n|upkeep\n|turn|2\n|\n|t:|1782437512\n|switch|p2a: Gliscor|Gliscor, F|100/100\n|move|p1a: Landorus|Stealth Rock|p2a: Gliscor\n|-sidestart|p2: Azcrease|move: Stealth Rock\n|\n|-status|p2a: Gliscor|tox|[from] item: Toxic Orb\n|upkeep\n|turn|3\n|\n|t:|1782437520\n|move|p2a: Gliscor|Knock Off|p1a: Landorus\n|-damage|p1a: Landorus|79/100\n|-enditem|p1a: Landorus|Leftovers|[from] move: Knock Off|[of] p2a: Gliscor\n|move|p1a: Landorus|Taunt|p2a: Gliscor\n|-start|p2a: Gliscor|move: Taunt\n|\n|upkeep\n|turn|4\n|\n|t:|1782437529\n|move|p2a: Gliscor|Knock Off|p1a: Landorus\n|-damage|p1a: Landorus|65/100\n|move|p1a: Landorus|U-turn|p2a: Gliscor\n|-resisted|p2a: Gliscor\n|-damage|p2a: Gliscor|91/100 tox\n|\n|t:|1782437542\n|switch|p1a: Dragalge|Dragalge, F|100/100|[from] U-turn\n|\n|-heal|p2a: Gliscor|100/100 tox|[from] ability: Poison Heal\n|upkeep\n|turn|5\n|\n|t:|1782437549\n|-terastallize|p1a: Dragalge|Water\n|move|p2a: Gliscor|Earthquake|p1a: Dragalge\n|-damage|p1a: Dragalge|74/100\n|move|p1a: Dragalge|Scald|p2a: Gliscor\n|-supereffective|p2a: Gliscor\n|-damage|p2a: Gliscor|34/100 tox\n|\n|-heal|p2a: Gliscor|46/100 tox|[from] ability: Poison Heal\n|upkeep\n|turn|6\n|\n|t:|1782437563\n|switch|p2a: Alomomola|Alomomola, F|100/100\n|move|p1a: Dragalge|Flip Turn|p2a: Alomomola\n|-resisted|p2a: Alomomola\n|-damage|p2a: Alomomola|95/100\n|inactive|fortnite fizz has 120 seconds left.\n|l|☆fortnite fizz\n|inactive|fortnite fizz disconnected and has a minute to reconnect!\n|player|p1|\n|j|☆fortnite fizz\n|inactive|fortnite fizz reconnected and has 85 seconds left.\n|player|p1|fortnite fizz|266|\n|\n|t:|1782437634\n|switch|p1a: Hoopa|Hoopa-Unbound|100/100|[from] Flip Turn\n|\n|upkeep\n|turn|7\n|\n|t:|1782437640\n|move|p1a: Hoopa|Knock Off|p2a: Alomomola\n|-damage|p2a: Alomomola|56/100\n|-enditem|p2a: Alomomola|Heavy-Duty Boots|[from] move: Knock Off|[of] p1a: Hoopa\n|move|p2a: Alomomola|Flip Turn|p1a: Hoopa\n|-damage|p1a: Hoopa|70/100\n|\n|t:|1782437647\n|switch|p2a: Cinderace|Cinderace, M|100/100|[from] Flip Turn\n|\n|upkeep\n|turn|8\n|inactive|fortnite fizz has 90 seconds left.\n|\n|t:|1782437684\n|switch|p1a: Landorus|Landorus-Therian, M|65/100\n|-ability|p1a: Landorus|Intimidate|boost\n|-unboost|p2a: Cinderace|atk|1\n|move|p2a: Cinderace|Court Change|p2a: Cinderace\n|-start|p2a: Cinderace|typechange|Normal|[from] ability: Libero\n|-swapsideconditions\n|-activate|p2a: Cinderace|move: Court Change\n|\n|upkeep\n|turn|9\n|\n|t:|1782437693\n|switch|p2a: Gliscor|Gliscor, F|46/100 tox\n|move|p1a: Landorus|Stealth Rock|p2a: Gliscor\n|-sidestart|p2: Azcrease|move: Stealth Rock\n|\n|-heal|p2a: Gliscor|58/100 tox|[from] ability: Poison Heal\n|upkeep\n|turn|10\n|\n|t:|1782437706\n|move|p2a: Gliscor|Acrobatics|p1a: Landorus\n|-damage|p1a: Landorus|47/100\n|move|p1a: Landorus|U-turn|p2a: Gliscor\n|-resisted|p2a: Gliscor\n|-damage|p2a: Gliscor|49/100 tox\n|\n|t:|1782437719\n|switch|p1a: Alomomola|Alomomola, F|100/100|[from] U-turn\n|\n|-heal|p2a: Gliscor|61/100 tox|[from] ability: Poison Heal\n|upkeep\n|turn|11\n|\n|t:|1782437731\n|move|p2a: Gliscor|Toxic|p1a: Alomomola\n|-status|p1a: Alomomola|tox\n|move|p1a: Alomomola|Wish|p1a: Alomomola\n|\n|-heal|p2a: Gliscor|74/100 tox|[from] ability: Poison Heal\n|-damage|p1a: Alomomola|94/100 tox|[from] psn\n|upkeep\n|turn|12\n|inactive|fortnite fizz has 90 seconds left.\n|\n|t:|1782437742\n|move|p2a: Gliscor|Knock Off|p1a: Alomomola\n|-damage|p1a: Alomomola|79/100 tox\n|-enditem|p1a: Alomomola|Heavy-Duty Boots|[from] move: Knock Off|[of] p2a: Gliscor\n|move|p1a: Alomomola|Flip Turn|p2a: Gliscor\n|-supereffective|p2a: Gliscor\n|-damage|p2a: Gliscor|47/100 tox\n|inactive|fortnite fizz has 90 seconds left.\n|\n|t:|1782437747\n|switch|p1a: Dragalge|Dragalge, F, tera:Water|74/100|[from] Flip Turn\n|-damage|p1a: Dragalge|62/100|[from] Stealth Rock\n|\n|-heal|p1a: Dragalge|100/100|[from] move: Wish|[wisher] Alomomola\n|-heal|p2a: Gliscor|60/100 tox|[from] ability: Poison Heal\n|upkeep\n|turn|13\n|\n|t:|1782437765\n|-terastallize|p2a: Gliscor|Water\n|move|p2a: Gliscor|Toxic|p1a: Dragalge\n|-status|p1a: Dragalge|tox\n|move|p1a: Dragalge|Scald|p2a: Gliscor\n|-resisted|p2a: Gliscor\n|-damage|p2a: Gliscor|45/100 tox\n|\n|-heal|p2a: Gliscor|57/100 tox|[from] ability: Poison Heal\n|-damage|p1a: Dragalge|95/100 tox|[from] psn\n|upkeep\n|turn|14\n|\n|t:|1782437779\n|switch|p2a: Garganacl|Garganacl, F|100/100\n|-damage|p2a: Garganacl|88/100|[from] Stealth Rock\n|move|p1a: Dragalge|Flip Turn|p2a: Garganacl\n|-supereffective|p2a: Garganacl\n|-damage|p2a: Garganacl|61/100\n|\n|t:|1782437794\n|switch|p1a: Blaziken|Blaziken, F|100/100|[from] Flip Turn\n|-damage|p1a: Blaziken|88/100|[from] Stealth Rock\n|\n|-heal|p1a: Blaziken|94/100|[from] item: Leftovers\n|-heal|p2a: Garganacl|68/100|[from] item: Leftovers\n|upkeep\n|turn|15\n|\n|t:|1782437804\n|move|p1a: Blaziken|Close Combat|p2a: Garganacl\n|-supereffective|p2a: Garganacl\n|-damage|p2a: Garganacl|0 fnt\n|-unboost|p1a: Blaziken|def|1\n|-unboost|p1a: Blaziken|spd|1\n|faint|p2a: Garganacl\n|\n|-heal|p1a: Blaziken|99/100|[from] item: Leftovers\n|upkeep\n|\n|t:|1782437813\n|switch|p2a: Dragapult|Dragapult, F|100/100\n|turn|16\n|\n|t:|1782437820\n|move|p1a: Blaziken|Protect|p1a: Blaziken\n|-singleturn|p1a: Blaziken|Protect\n|move|p2a: Dragapult|Draco Meteor|p1a: Blaziken\n|-activate|p1a: Blaziken|move: Protect\n|\n|-heal|p1a: Blaziken|100/100|[from] item: Leftovers\n|upkeep\n|turn|17\n|inactive|fortnite fizz has 120 seconds left.\n|\n|t:|1782437834\n|switch|p1a: Alomomola|Alomomola, F|100/100 tox\n|-damage|p1a: Alomomola|88/100 tox|[from] Stealth Rock\n|move|p2a: Dragapult|Draco Meteor|p1a: Alomomola\n|-damage|p1a: Alomomola|49/100 tox\n|-unboost|p2a: Dragapult|spa|2\n|\n|-damage|p1a: Alomomola|42/100 tox|[from] psn\n|upkeep\n|turn|18\n|\n|t:|1782437845\n|move|p2a: Dragapult|Shadow Ball|p1a: Alomomola\n|-damage|p1a: Alomomola|28/100 tox\n|move|p1a: Alomomola|Flip Turn|p2a: Dragapult\n|-resisted|p2a: Dragapult\n|-damage|p2a: Dragapult|89/100\n|\n|t:|1782437850\n|switch|p1a: Blaziken|Blaziken, F|100/100|[from] Flip Turn\n|-damage|p1a: Blaziken|88/100|[from] Stealth Rock\n|\n|-heal|p1a: Blaziken|94/100|[from] item: Leftovers\n|upkeep\n|turn|19\n|\n|t:|1782437860\n|switch|p2a: Alomomola|Alomomola, F|89/100\n|-damage|p2a: Alomomola|77/100|[from] Stealth Rock\n|move|p1a: Blaziken|Swords Dance|p1a: Blaziken\n|-boost|p1a: Blaziken|atk|2\n|\n|-heal|p1a: Blaziken|99/100|[from] item: Leftovers\n|upkeep\n|turn|20\n|\n|t:|1782437870\n|move|p1a: Blaziken|Swords Dance|p1a: Blaziken\n|-boost|p1a: Blaziken|atk|2\n|move|p2a: Alomomola|Flip Turn|p1a: Blaziken\n|-supereffective|p1a: Blaziken\n|-damage|p1a: Blaziken|50/100\n|\n|t:|1782437877\n|switch|p2a: Dragapult|Dragapult, F|89/100|[from] Flip Turn\n|\n|-heal|p1a: Blaziken|56/100|[from] item: Leftovers\n|upkeep\n|turn|21\n|\n|t:|1782437886\n|move|p1a: Blaziken|Protect|p1a: Blaziken\n|-singleturn|p1a: Blaziken|Protect\n|move|p2a: Dragapult|Shadow Ball|p1a: Blaziken\n|-activate|p1a: Blaziken|move: Protect\n|\n|-heal|p1a: Blaziken|62/100|[from] item: Leftovers\n|upkeep\n|turn|22\n|\n|t:|1782437895\n|move|p2a: Dragapult|Draco Meteor|p1a: Blaziken\n|-damage|p1a: Blaziken|0 fnt\n|-unboost|p2a: Dragapult|spa|2\n|faint|p1a: Blaziken\n|\n|upkeep\n|-message|fortnite fizz forfeited.\n|\n|win|Azcrease\n|raw|fortnite fizz's rating: 1378 &rarr; <strong>1360</strong><br />(-18 for losing)\n|raw|Azcrease's rating: 1408 &rarr; <strong>1426</strong><br />(+18 for winning)\n|l|☆fortnite fizz\n|player|p1|\n|l|☆Azcrease\n|player|p2|\n", "uploadtime": 1782438267, "views": 8, "formatid": "gen9ou", "rating": 1360, "private": 0, "password": null}