{"id": "gen9ou-2647809501", "format": "[Gen 9] OU", "players": ["OUBotBeepBoop", "gigasharkellie"], "log": "|j|☆OUBotBeepBoop\n|j|☆gigasharkellie\n|t:|1783816437\n|gametype|singles\n|player|p1|OUBotBeepBoop|102|1288\n|player|p2|gigasharkellie|iris-gen5bw2|1234\n|gen|9\n|tier|[Gen 9] OU\n|rated|\n|rule|HP Percentage Mod: HP is shown in percentages\n|rule|Endless Battle Clause: Forcing endless battles is banned\n|rule|Species Clause: Limit one of each Pokémon\n|rule|OHKO Clause: OHKO moves are banned\n|rule|Evasion Items Clause: Evasion items are banned\n|rule|Evasion Moves Clause: Evasion moves are banned\n|rule|Evasion Abilities Clause: Evasion abilities are banned\n|rule|Sleep Moves Clause: Sleep-inducing moves are banned\n|clearpoke\n|poke|p1|Glimmora, M|\n|poke|p1|Great Tusk|\n|poke|p1|Kingambit, F|\n|poke|p1|Dragapult, F|\n|poke|p1|Clefable, F|\n|poke|p1|Corviknight, M|\n|poke|p2|Cyclizar, F|\n|poke|p2|Gholdengo|\n|poke|p2|Ting-Lu|\n|poke|p2|Clawitzer, F|\n|poke|p2|Dragonite, F|\n|poke|p2|Clefable, M|\n|teampreview\n|inactive|Battle timer is ON: inactive players will automatically lose when time's up. (requested by gigasharkellie)\n|inactive|OUBotBeepBoop also wants the timer to be on.\n|\n|t:|1783816463\n|teamsize|p1|6\n|teamsize|p2|6\n|start\n|switch|p1a: Glimmora|Glimmora, M|100/100\n|switch|p2a: Ting-Lu|Ting-Lu|100/100\n|-ability|p2a: Ting-Lu|Vessel of Ruin\n|turn|1\n|\n|t:|1783816467\n|move|p1a: Glimmora|Stealth Rock|p2a: Ting-Lu\n|-sidestart|p2: gigasharkellie|move: Stealth Rock\n|move|p2a: Ting-Lu|Spikes|p1a: Glimmora\n|-sidestart|p1: OUBotBeepBoop|Spikes\n|\n|upkeep\n|turn|2\n|\n|t:|1783816472\n|move|p1a: Glimmora|Mortal Spin|p2a: Ting-Lu\n|-resisted|p2a: Ting-Lu\n|-damage|p2a: Ting-Lu|99/100\n|-status|p2a: Ting-Lu|psn\n|-sideend|p1: OUBotBeepBoop|Spikes|[from] move: Mortal Spin|[of] p1a: Glimmora\n|move|p2a: Ting-Lu|Earthquake|p1a: Glimmora\n|-supereffective|p1a: Glimmora\n|-enditem|p1a: Glimmora|Focus Sash\n|-damage|p1a: Glimmora|1/100\n|-activate|p1a: Glimmora|ability: Toxic Debris\n|-sidestart|p2: gigasharkellie|move: Toxic Spikes\n|\n|-heal|p2a: Ting-Lu|100/100 psn|[from] item: Leftovers\n|-damage|p2a: Ting-Lu|88/100 psn|[from] psn\n|upkeep\n|turn|3\n|\n|t:|1783816479\n|switch|p1a: Clefable|Clefable, F|100/100\n|move|p2a: Ting-Lu|Earthquake|p1a: Clefable\n|-damage|p1a: Clefable|73/100\n|\n|-heal|p1a: Clefable|79/100|[from] item: Leftovers\n|-heal|p2a: Ting-Lu|94/100 psn|[from] item: Leftovers\n|-damage|p2a: Ting-Lu|82/100 psn|[from] psn\n|upkeep\n|turn|4\n|\n|t:|1783816485\n|switch|p2a: Cyclizar|Cyclizar, F|100/100\n|move|p1a: Clefable|Moonblast|p2a: Cyclizar\n|-supereffective|p2a: Cyclizar\n|-damage|p2a: Cyclizar|0 fnt\n|faint|p2a: Cyclizar\n|\n|-heal|p1a: Clefable|85/100|[from] item: Leftovers\n|upkeep\n|\n|t:|1783816494\n|switch|p2a: Gholdengo|Gholdengo|100/100\n|-damage|p2a: Gholdengo|94/100|[from] Stealth Rock\n|turn|5\n|\n|t:|1783816496\n|switch|p1a: Glimmora|Glimmora, M|1/100\n|move|p2a: Gholdengo|Make It Rain|p1a: Glimmora\n|-supereffective|p1a: Glimmora\n|-damage|p1a: Glimmora|0 fnt\n|-unboost|p2a: Gholdengo|spa|1\n|faint|p1a: Glimmora\n|\n|-heal|p2a: Gholdengo|100/100|[from] item: Leftovers\n|upkeep\n|\n|t:|1783816496\n|switch|p1a: Dragapult|Dragapult, F|100/100\n|turn|6\n|\n|t:|1783816505\n|switch|p2a: Ting-Lu|Ting-Lu|82/100 psn\n|-damage|p2a: Ting-Lu|76/100 psn|[from] Stealth Rock\n|-ability|p2a: Ting-Lu|Vessel of Ruin\n|move|p1a: Dragapult|Fire Blast|p2a: Ting-Lu\n|-damage|p2a: Ting-Lu|54/100 psn\n|\n|-heal|p2a: Ting-Lu|60/100 psn|[from] item: Leftovers\n|-damage|p2a: Ting-Lu|48/100 psn|[from] psn\n|upkeep\n|turn|7\n|\n|t:|1783816513\n|move|p1a: Dragapult|Fire Blast|p2a: Ting-Lu|[miss]\n|-miss|p1a: Dragapult|p2a: Ting-Lu\n|move|p2a: Ting-Lu|Spikes|p1a: Dragapult\n|-sidestart|p1: OUBotBeepBoop|Spikes\n|\n|-heal|p2a: Ting-Lu|54/100 psn|[from] item: Leftovers\n|-damage|p2a: Ting-Lu|42/100 psn|[from] psn\n|upkeep\n|turn|8\n|\n|t:|1783816517\n|move|p1a: Dragapult|Fire Blast|p2a: Ting-Lu\n|-damage|p2a: Ting-Lu|22/100 psn\n|move|p2a: Ting-Lu|Spikes|p1a: Dragapult\n|-sidestart|p1: OUBotBeepBoop|Spikes\n|\n|-heal|p2a: Ting-Lu|28/100 psn|[from] item: Leftovers\n|-damage|p2a: Ting-Lu|15/100 psn|[from] psn\n|upkeep\n|turn|9\n|\n|t:|1783816528\n|move|p1a: Dragapult|Fire Blast|p2a: Ting-Lu\n|-damage|p2a: Ting-Lu|0 fnt\n|faint|p2a: Ting-Lu\n|\n|upkeep\n|\n|t:|1783816545\n|switch|p2a: Clefable|Clefable, M|100/100\n|-status|p2a: Clefable|psn\n|turn|10\n|\n|t:|1783816552\n|move|p1a: Dragapult|Fire Blast|p2a: Clefable\n|-damage|p2a: Clefable|55/100 psn\n|move|p2a: Clefable|Stealth Rock|p1a: Dragapult\n|-sidestart|p1: OUBotBeepBoop|move: Stealth Rock\n|\n|-heal|p2a: Clefable|61/100 psn|[from] item: Leftovers\n|upkeep\n|turn|11\n|\n|t:|1783816555\n|move|p1a: Dragapult|Fire Blast|p2a: Clefable\n|-damage|p2a: Clefable|18/100 psn\n|move|p2a: Clefable|Moonlight|p2a: Clefable\n|-heal|p2a: Clefable|68/100 psn\n|\n|-heal|p2a: Clefable|74/100 psn|[from] item: Leftovers\n|upkeep\n|turn|12\n|\n|t:|1783816559\n|move|p1a: Dragapult|Fire Blast|p2a: Clefable\n|-damage|p2a: Clefable|28/100 psn\n|move|p2a: Clefable|Moonblast|p1a: Dragapult\n|-supereffective|p1a: Dragapult\n|-damage|p1a: Dragapult|8/100\n|\n|-heal|p2a: Clefable|34/100 psn|[from] item: Leftovers\n|upkeep\n|turn|13\n|\n|t:|1783816568\n|move|p1a: Dragapult|Fire Blast|p2a: Clefable\n|-damage|p2a: Clefable|0 fnt\n|faint|p2a: Clefable\n|\n|upkeep\n|\n|t:|1783816582\n|switch|p2a: Gholdengo|Gholdengo|100/100\n|-damage|p2a: Gholdengo|94/100|[from] Stealth Rock\n|turn|14\n|\n|t:|1783816585\n|switch|p1a: Kingambit|Kingambit, F|100/100\n|-damage|p1a: Kingambit|84/100|[from] Spikes\n|-damage|p1a: Kingambit|78/100|[from] Stealth Rock\n|-activate|p1a: Kingambit|ability: Supreme Overlord\n|-start|p1a: Kingambit|fallen1|[silent]\n|move|p2a: Gholdengo|Thunder Wave|p1a: Kingambit|[miss]\n|-miss|p2a: Gholdengo|p1a: Kingambit\n|\n|-heal|p2a: Gholdengo|100/100|[from] item: Leftovers\n|upkeep\n|turn|15\n|\n|t:|1783816592\n|switch|p2a: Clawitzer|Clawitzer, F|100/100\n|-damage|p2a: Clawitzer|88/100|[from] Stealth Rock\n|-status|p2a: Clawitzer|psn\n|move|p1a: Kingambit|Kowtow Cleave|p2a: Clawitzer\n|-damage|p2a: Clawitzer|8/100 psn\n|\n|-damage|p2a: Clawitzer|0 fnt|[from] psn\n|faint|p2a: Clawitzer\n|upkeep\n|-message|gigasharkellie forfeited.\n|\n|win|OUBotBeepBoop\n|raw|OUBotBeepBoop's rating: 1262 &rarr; <strong>1285</strong><br />(+23 for winning)\n|raw|gigasharkellie's rating: 1234 &rarr; <strong>1211</strong><br />(-23 for losing)\n|l|☆OUBotBeepBoop\n|player|p1|\n|l|☆gigasharkellie\n|player|p2|\n", "uploadtime": 1783816902, "views": 21, "formatid": "gen9ou", "rating": 1211, "private": 0, "password": null}