{"id": "gen9ou-2647776263", "format": "[Gen 9] OU", "players": ["nwndp", "Icezangoose"], "log": "|j|☆nwndp\n|j|☆Icezangoose\n|t:|1783810649\n|gametype|singles\n|player|p1|nwndp|cilan|1085\n|player|p2|Icezangoose|1|1102\n|gen|9\n|tier|[Gen 9] OU\n|rated|\n|rule|HP Percentage Mod: HP is shown in percentages\n|rule|Endless Battle Clause: Forcing endless battles is banned\n|rule|Species Clause: Limit one of each Pokémon\n|rule|OHKO Clause: OHKO moves are banned\n|rule|Evasion Items Clause: Evasion items are banned\n|rule|Evasion Moves Clause: Evasion moves are banned\n|rule|Evasion Abilities Clause: Evasion abilities are banned\n|rule|Sleep Moves Clause: Sleep-inducing moves are banned\n|clearpoke\n|poke|p1|Drifblim, M|\n|poke|p1|Cinderace, M|\n|poke|p1|Hydrapple, M|\n|poke|p1|Tinkaton, F|\n|poke|p1|Gallade, M|\n|poke|p1|Ursaluna, M|\n|poke|p2|Great Tusk|\n|poke|p2|Chesnaught, M|\n|poke|p2|Ogerpon-Wellspring, F|\n|poke|p2|Dragapult, F|\n|poke|p2|Zamazenta-*|\n|poke|p2|Glimmora, F|\n|teampreview\n|inactive|Battle timer is ON: inactive players will automatically lose when time's up. (requested by Icezangoose)\n|inactive|nwndp has 120 seconds left.\n|\n|t:|1783810685\n|teamsize|p1|6\n|teamsize|p2|6\n|start\n|switch|p1a: Hydrapple|Hydrapple, M|100/100\n|switch|p2a: Dragapult|Dragapult, F|100/100\n|turn|1\n|\n|t:|1783810696\n|-terastallize|p1a: Hydrapple|Fairy\n|move|p2a: Dragapult|Flamethrower|p1a: Hydrapple\n|-damage|p1a: Hydrapple|61/100\n|move|p1a: Hydrapple|Nasty Plot|p1a: Hydrapple\n|-boost|p1a: Hydrapple|spa|2\n|\n|-heal|p1a: Hydrapple|67/100|[from] item: Leftovers\n|upkeep\n|turn|2\n|inactive|Icezangoose has 120 seconds left.\n|\n|t:|1783810737\n|switch|p2a: Zamazenta|Zamazenta|100/100\n|-ability|p2a: Zamazenta|Dauntless Shield|boost\n|-boost|p2a: Zamazenta|def|1\n|move|p1a: Hydrapple|Draco Meteor|p2a: Zamazenta\n|-damage|p2a: Zamazenta|0 fnt\n|-unboost|p1a: Hydrapple|spa|2\n|faint|p2a: Zamazenta\n|\n|-heal|p1a: Hydrapple|73/100|[from] item: Leftovers\n|upkeep\n|inactive|Icezangoose has 90 seconds left.\n|\n|t:|1783810787\n|switch|p2a: Ogerpon|Ogerpon-Wellspring, F|100/100\n|turn|3\n|\n|t:|1783810804\n|-terastallize|p2a: Ogerpon|Water\n|detailschange|p2a: Ogerpon|Ogerpon-Wellspring-Tera, F, tera:Water\n|-ability|p2a: Ogerpon|Embody Aspect (Wellspring)|boost\n|-boost|p2a: Ogerpon|spd|1\n|move|p2a: Ogerpon|Ivy Cudgel|p1a: Hydrapple|[anim] Ivy Cudgel Water\n|-damage|p1a: Hydrapple|20/100\n|move|p1a: Hydrapple|Giga Drain|p2a: Ogerpon\n|-supereffective|p2a: Ogerpon\n|-damage|p2a: Ogerpon|46/100\n|-heal|p1a: Hydrapple|41/100|[from] drain|[of] p2a: Ogerpon\n|\n|-heal|p1a: Hydrapple|47/100|[from] item: Leftovers\n|upkeep\n|turn|4\n|\n|t:|1783810814\n|move|p2a: Ogerpon|Ivy Cudgel|p1a: Hydrapple|[anim] Ivy Cudgel Water\n|-damage|p1a: Hydrapple|0 fnt\n|faint|p1a: Hydrapple\n|\n|upkeep\n|\n|t:|1783810826\n|switch|p1a: Gallade|Gallade, M|100/100\n|turn|5\n|inactive|Icezangoose has 90 seconds left.\n|\n|t:|1783810842\n|switch|p2a: Chesnaught|Chesnaught, M|100/100\n|move|p1a: Gallade|Sacred Sword|p2a: Chesnaught\n|-damage|p2a: Chesnaught|55/100\n|-damage|p1a: Gallade|84/100|[from] item: Rocky Helmet|[of] p2a: Chesnaught\n|\n|upkeep\n|turn|6\n|\n|t:|1783810852\n|switch|p1a: Cinderace|Cinderace, M|100/100\n|move|p2a: Chesnaught|Synthesis|p2a: Chesnaught\n|-heal|p2a: Chesnaught|100/100\n|\n|upkeep\n|turn|7\n|\n|t:|1783810862\n|move|p1a: Cinderace|Pyro Ball|p2a: Chesnaught\n|-immune|p2a: Chesnaught|[from] ability: Bulletproof\n|move|p2a: Chesnaught|Knock Off|p1a: Cinderace\n|-damage|p1a: Cinderace|65/100\n|-enditem|p1a: Cinderace|Heavy-Duty Boots|[from] move: Knock Off|[of] p2a: Chesnaught\n|\n|upkeep\n|turn|8\n|\n|t:|1783810876\n|move|p1a: Cinderace|Pyro Ball|p2a: Chesnaught\n|-immune|p2a: Chesnaught|[from] ability: Bulletproof\n|move|p2a: Chesnaught|Knock Off|p1a: Cinderace\n|-damage|p1a: Cinderace|41/100\n|\n|upkeep\n|turn|9\n|\n|t:|1783810881\n|move|p1a: Cinderace|U-turn|p2a: Chesnaught\n|-damage|p2a: Chesnaught|88/100\n|-damage|p1a: Cinderace|24/100|[from] item: Rocky Helmet|[of] p2a: Chesnaught\n|\n|t:|1783810886\n|switch|p1a: Drifblim|Drifblim, M|100/100|[from] U-turn\n|move|p2a: Chesnaught|Body Press|p1a: Drifblim\n|-immune|p1a: Drifblim\n|\n|-status|p1a: Drifblim|brn|[from] item: Flame Orb\n|upkeep\n|turn|10\n|inactive|Icezangoose has 120 seconds left.\n|\n|t:|1783810902\n|move|p1a: Drifblim|Air Slash|p2a: Chesnaught\n|-supereffective|p2a: Chesnaught\n|-damage|p2a: Chesnaught|0 fnt\n|faint|p2a: Chesnaught\n|\n|-damage|p1a: Drifblim|94/100 brn|[from] brn\n|upkeep\n|\n|t:|1783810906\n|switch|p2a: Ogerpon|Ogerpon-Wellspring-Tera, F, tera:Water|46/100\n|-ability|p2a: Ogerpon|Embody Aspect (Wellspring)|boost\n|-boost|p2a: Ogerpon|spd|1\n|turn|11\n|inactive|nwndp has 120 seconds left.\n|\n|t:|1783810952\n|move|p2a: Ogerpon|Ivy Cudgel|p1a: Drifblim|[anim] Ivy Cudgel Water\n|-damage|p1a: Drifblim|0 fnt\n|faint|p1a: Drifblim\n|\n|upkeep\n|\n|t:|1783810957\n|switch|p1a: Gallade|Gallade, M|84/100\n|turn|12\n|\n|t:|1783810964\n|move|p1a: Gallade|Psycho Cut|p2a: Ogerpon\n|-damage|p2a: Ogerpon|0 fnt\n|faint|p2a: Ogerpon\n|detailschange|p2: Ogerpon|Ogerpon-Wellspring, F|[silent]\n|\n|upkeep\n|\n|t:|1783810969\n|switch|p2a: Dragapult|Dragapult, F|100/100\n|turn|13\n|\n|t:|1783810976\n|move|p2a: Dragapult|Draco Meteor|p1a: Gallade\n|-damage|p1a: Gallade|0 fnt\n|-unboost|p2a: Dragapult|spa|2\n|faint|p1a: Gallade\n|\n|upkeep\n|\n|t:|1783810981\n|switch|p1a: Ursaluna|Ursaluna, M|100/100\n|turn|14\n|\n|t:|1783810986\n|switch|p2a: Great Tusk|Great Tusk|100/100\n|move|p1a: Ursaluna|Swords Dance|p1a: Ursaluna\n|-boost|p1a: Ursaluna|atk|2\n|\n|-status|p1a: Ursaluna|brn|[from] item: Flame Orb\n|upkeep\n|turn|15\n|\n|t:|1783810994\n|move|p2a: Great Tusk|Ice Spinner|p1a: Ursaluna\n|-supereffective|p1a: Ursaluna\n|-damage|p1a: Ursaluna|59/100 brn\n|move|p1a: Ursaluna|Ice Punch|p2a: Great Tusk\n|-supereffective|p2a: Great Tusk\n|-damage|p2a: Great Tusk|0 fnt\n|faint|p2a: Great Tusk\n|-end|p2a: Great Tusk|Protosynthesis|[silent]\n|\n|-damage|p1a: Ursaluna|53/100 brn|[from] brn\n|upkeep\n|\n|t:|1783810999\n|switch|p2a: Dragapult|Dragapult, F|100/100\n|turn|16\n|\n|t:|1783811020\n|move|p2a: Dragapult|U-turn|p1a: Ursaluna\n|-damage|p1a: Ursaluna|40/100 brn\n|\n|t:|1783811023\n|switch|p2a: Glimmora|Glimmora, F|100/100|[from] U-turn\n|move|p1a: Ursaluna|Ice Punch|p2a: Glimmora\n|-damage|p2a: Glimmora|0 fnt\n|-activate|p2a: Glimmora|ability: Toxic Debris\n|-sidestart|p1: nwndp|move: Toxic Spikes\n|faint|p2a: Glimmora\n|\n|-damage|p1a: Ursaluna|34/100 brn|[from] brn\n|upkeep\n|\n|t:|1783811026\n|switch|p2a: Dragapult|Dragapult, F|100/100\n|turn|17\n|\n|t:|1783811031\n|move|p2a: Dragapult|Flamethrower|p1a: Ursaluna\n|-damage|p1a: Ursaluna|0 fnt\n|faint|p1a: Ursaluna\n|\n|upkeep\n|\n|t:|1783811035\n|switch|p1a: Tinkaton|Tinkaton, F, shiny|100/100\n|-ability|p1a: Tinkaton|Mold Breaker\n|turn|18\n|\n|t:|1783811044\n|move|p2a: Dragapult|Flamethrower|p1a: Tinkaton\n|-supereffective|p1a: Tinkaton\n|-damage|p1a: Tinkaton|37/100\n|move|p1a: Tinkaton|Knock Off|p2a: Dragapult\n|-supereffective|p2a: Dragapult\n|-damage|p2a: Dragapult|49/100\n|-enditem|p2a: Dragapult|Choice Specs|[from] move: Knock Off|[of] p1a: Tinkaton\n|\n|-heal|p1a: Tinkaton|43/100|[from] item: Leftovers\n|upkeep\n|turn|19\n|\n|t:|1783811053\n|move|p2a: Dragapult|Flamethrower|p1a: Tinkaton\n|-supereffective|p1a: Tinkaton\n|-crit|p1a: Tinkaton\n|-damage|p1a: Tinkaton|0 fnt\n|faint|p1a: Tinkaton\n|\n|upkeep\n|\n|t:|1783811055\n|switch|p1a: Cinderace|Cinderace, M|24/100\n|-status|p1a: Cinderace|psn\n|turn|20\n|\n|t:|1783811061\n|move|p2a: Dragapult|Shadow Ball|p1a: Cinderace\n|-damage|p1a: Cinderace|0 fnt\n|faint|p1a: Cinderace\n|\n|win|Icezangoose\n|raw|nwndp's rating: 1085 &rarr; <strong>1063</strong><br />(-22 for losing)\n|raw|Icezangoose's rating: 1102 &rarr; <strong>1126</strong><br />(+24 for winning)\n", "uploadtime": 1783811062, "views": 6, "formatid": "gen9ou", "rating": 1063, "private": 0, "password": null}