{"id": "gen9ou-2639214203", "format": "[Gen 9] OU", "players": ["omari p", "LukewarmBiscuit"], "log": "|j|☆omari p\n|j|☆LukewarmBiscuit\n|t:|1782435163\n|gametype|singles\n|player|p1|omari p|pokemonrangerf|1350\n|player|p2|LukewarmBiscuit|265|1359\n|gen|9\n|tier|[Gen 9] OU\n|rated|\n|rule|HP Percentage Mod: HP is shown in percentages\n|rule|Endless Battle Clause: Forcing endless battles is banned\n|rule|Species Clause: Limit one of each Pokémon\n|rule|OHKO Clause: OHKO moves are banned\n|rule|Evasion Items Clause: Evasion items are banned\n|rule|Evasion Moves Clause: Evasion moves are banned\n|rule|Evasion Abilities Clause: Evasion abilities are banned\n|rule|Sleep Moves Clause: Sleep-inducing moves are banned\n|clearpoke\n|poke|p1|Pelipper, F|\n|poke|p1|Barraskewda, F|\n|poke|p1|Bruxish, F|\n|poke|p1|Raging Bolt|\n|poke|p1|Iron Treads|\n|poke|p1|Enamorus, F|\n|poke|p2|Great Tusk|\n|poke|p2|Walking Wake|\n|poke|p2|Zapdos|\n|poke|p2|Slowking-Galar, F|\n|poke|p2|Meowscarada, F|\n|poke|p2|Iron Boulder|\n|teampreview\n|inactive|Battle timer is ON: inactive players will automatically lose when time's up. (requested by omari p)\n|\n|t:|1782435210\n|teamsize|p1|6\n|teamsize|p2|6\n|start\n|switch|p1a: Pelipper|Pelipper, F|100/100\n|switch|p2a: Walking Wake|Walking Wake|100/100\n|-weather|RainDance|[from] ability: Drizzle|[of] p1a: Pelipper\n|turn|1\n|\n|t:|1782435224\n|move|p2a: Walking Wake|Hydro Steam|p1a: Pelipper\n|-resisted|p1a: Pelipper\n|-damage|p1a: Pelipper|44/100\n|-damage|p2a: Walking Wake|90/100|[from] item: Life Orb\n|move|p1a: Pelipper|U-turn|p2a: Walking Wake\n|-damage|p2a: Walking Wake|80/100\n|\n|t:|1782435231\n|switch|p1a: Raging Bolt|Raging Bolt|100/100|[from] U-turn\n|\n|-weather|RainDance|[upkeep]\n|upkeep\n|turn|2\n|\n|t:|1782435234\n|move|p2a: Walking Wake|Draco Meteor|p1a: Raging Bolt\n|-supereffective|p1a: Raging Bolt\n|-damage|p1a: Raging Bolt|0 fnt\n|-unboost|p2a: Walking Wake|spa|2\n|faint|p1a: Raging Bolt\n|-end|p1a: Raging Bolt|Protosynthesis|[silent]\n|-damage|p2a: Walking Wake|70/100|[from] item: Life Orb\n|\n|-weather|RainDance|[upkeep]\n|upkeep\n|\n|t:|1782435238\n|switch|p1a: Enamorus|Enamorus, F|100/100\n|turn|3\n|\n|t:|1782435246\n|switch|p1a: Iron Treads|Iron Treads|100/100\n|-end|p2a: Walking Wake|Protosynthesis|[silent]\n|switch|p2a: Zapdos-Hisui|Zapdos, shiny|100/100\n|\n|-weather|RainDance|[upkeep]\n|upkeep\n|turn|4\n|\n|t:|1782435250\n|move|p2a: Zapdos-Hisui|Weather Ball|p1a: Iron Treads\n|-supereffective|p1a: Iron Treads\n|-damage|p1a: Iron Treads|1/100\n|move|p1a: Iron Treads|Stealth Rock|p2a: Zapdos-Hisui\n|-sidestart|p2: LukewarmBiscuit|move: Stealth Rock\n|\n|-weather|RainDance|[upkeep]\n|-heal|p1a: Iron Treads|7/100|[from] item: Leftovers\n|upkeep\n|turn|5\n|\n|t:|1782435257\n|move|p2a: Zapdos-Hisui|Hurricane|p1a: Iron Treads\n|-resisted|p1a: Iron Treads\n|-damage|p1a: Iron Treads|0 fnt\n|faint|p1a: Iron Treads\n|-end|p1a: Iron Treads|Quark Drive|[silent]\n|\n|-weather|RainDance|[upkeep]\n|upkeep\n|\n|t:|1782435261\n|switch|p1a: Hello' Govna|Bruxish, F|100/100\n|turn|6\n|\n|t:|1782435264\n|move|p2a: Zapdos-Hisui|Volt Switch|p1a: Hello' Govna\n|-supereffective|p1a: Hello' Govna\n|-damage|p1a: Hello' Govna|6/100\n|\n|t:|1782435277\n|switch|p2a: Walking Wake|Walking Wake|70/100|[from] Volt Switch\n|-damage|p2a: Walking Wake|58/100|[from] Stealth Rock\n|move|p1a: Hello' Govna|Wave Crash|p2a: Walking Wake\n|-resisted|p2a: Walking Wake\n|-damage|p2a: Walking Wake|25/100\n|-damage|p1a: Hello' Govna|0 fnt|[from] Recoil\n|faint|p1a: Hello' Govna\n|\n|-weather|RainDance|[upkeep]\n|upkeep\n|\n|t:|1782435284\n|switch|p1a: Barraskewda|Barraskewda, F|100/100\n|turn|7\n|\n|t:|1782435290\n|move|p1a: Barraskewda|Liquidation|p2a: Walking Wake\n|-resisted|p2a: Walking Wake\n|-crit|p2a: Walking Wake\n|-damage|p2a: Walking Wake|0 fnt\n|faint|p2a: Walking Wake\n|-end|p2a: Walking Wake|Protosynthesis|[silent]\n|-damage|p1a: Barraskewda|91/100|[from] item: Life Orb\n|\n|-weather|RainDance|[upkeep]\n|upkeep\n|\n|t:|1782435312\n|switch|p2a: Zapdos-Hisui|Zapdos, shiny|100/100\n|turn|8\n|inactive|omari p has 120 seconds left.\n|inactive|omari p has 90 seconds left.\n|inactive|omari p has 60 seconds left.\n|inactive|omari p has 30 seconds left.\n|inactive|omari p has 20 seconds left.\n|inactive|omari p has 15 seconds left.\n|inactive|omari p has 10 seconds left.\n|inactive|omari p has 5 seconds left.\n|-message|omari p lost due to inactivity.\n|\n|win|LukewarmBiscuit\n|raw|omari p's rating: 1350 &rarr; <strong>1331</strong><br />(-19 for losing)\n|raw|LukewarmBiscuit's rating: 1359 &rarr; <strong>1378</strong><br />(+19 for winning)\n", "uploadtime": 1782435819, "views": 4, "formatid": "gen9ou", "rating": 1331, "private": 0, "password": null}