{"id": "gen9ou-2639962465", "format": "[Gen 9] OU", "players": ["my2002", "soccer fan 123"], "log": "|badge|p2|gold|gen9ou|3-9\n|html|<div class=\"broadcast-red\"><strong>This battle is required to be public due to one or more player having a season medal.</strong><br />During the public phase, you can discuss the state of the ladder <a href=\"/seasondiscussion\">in a special chatroom.</a></div>\n|uhtml|medal-msg|<div class=\"broadcast-blue\">Curious what those medals under the avatar are? PS now has Ladder Seasons! For more information, check out the <a href=\"https://www.smogon.com/forums/threads/3740067/\">thread on Smogon.</a></div>\n|raw|<div class=\"broadcast-blue\"><strong>This battle is required to be public due to a player having a name starting with 'medal'.</div>\n|j|☆my2002\n|j|☆soccer fan 123\n|t:|1782553387\n|gametype|singles\n|player|p1|my2002|265|1718\n|player|p2|soccer fan 123|lucas|2030\n|gen|9\n|tier|[Gen 9] OU\n|rated|\n|rule|HP Percentage Mod: HP is shown in percentages\n|rule|Endless Battle Clause: Forcing endless battles is banned\n|rule|Species Clause: Limit one of each Pokémon\n|rule|OHKO Clause: OHKO moves are banned\n|rule|Evasion Items Clause: Evasion items are banned\n|rule|Evasion Moves Clause: Evasion moves are banned\n|rule|Evasion Abilities Clause: Evasion abilities are banned\n|rule|Sleep Moves Clause: Sleep-inducing moves are banned\n|clearpoke\n|poke|p1|Slowking-Galar, F|\n|poke|p1|Whimsicott, M|\n|poke|p1|Kyurem|\n|poke|p1|Cinderace, F|\n|poke|p1|Alomomola, M|\n|poke|p1|Gliscor, M|\n|poke|p2|Gliscor, F|\n|poke|p2|Corviknight, F|\n|poke|p2|Dondozo, F|\n|poke|p2|Blissey, F|\n|poke|p2|Toxapex, F|\n|poke|p2|Clodsire, F|\n|teampreview\n|inactive|Battle timer is ON: inactive players will automatically lose when time's up. (requested by soccer fan 123)\n|inactive|soccer fan 123 has 120 seconds left.\n|\n|t:|1782553430\n|teamsize|p1|6\n|teamsize|p2|6\n|start\n|switch|p1a: Slowking|Slowking-Galar, F|100/100\n|switch|p2a: Gliscor|Gliscor, F|100/100\n|turn|1\n|\n|t:|1782553442\n|move|p2a: Gliscor|Protect|p2a: Gliscor\n|-singleturn|p2a: Gliscor|Protect\n|move|p1a: Slowking|Psychic Noise|p2a: Gliscor\n|-activate|p2a: Gliscor|move: Protect\n|\n|-status|p2a: Gliscor|tox|[from] item: Toxic Orb\n|upkeep\n|turn|2\n|\n|t:|1782553447\n|switch|p2a: Toxapex|Toxapex, F|100/100\n|switch|p1a: Alomomola|Alomomola, M|100/100\n|\n|upkeep\n|turn|3\n|\n|t:|1782553451\n|move|p1a: Alomomola|Flip Turn|p2a: Toxapex\n|-resisted|p2a: Toxapex\n|-damage|p2a: Toxapex|96/100\n|\n|t:|1782553454\n|switch|p1a: Slowking|Slowking-Galar, F|100/100|[from] Flip Turn\n|move|p2a: Toxapex|Toxic|p1a: Slowking\n|-immune|p1a: Slowking\n|\n|upkeep\n|turn|4\n|\n|t:|1782553459\n|move|p2a: Toxapex|Toxic Spikes|p1a: Slowking\n|-sidestart|p1: my2002|move: Toxic Spikes\n|move|p1a: Slowking|Psychic Noise|p2a: Toxapex\n|-supereffective|p2a: Toxapex\n|-damage|p2a: Toxapex|36/100\n|-start|p2a: Toxapex|move: Heal Block\n|\n|upkeep\n|turn|5\n|j| dasasfafas\n|\n|t:|1782553465\n|switch|p2a: Blissey|Blissey, F|100/100\n|move|p1a: Slowking|Psychic Noise|p2a: Blissey\n|-damage|p2a: Blissey|89/100\n|-start|p2a: Blissey|move: Heal Block\n|\n|upkeep\n|turn|6\n|\n|t:|1782553470\n|switch|p1a: Gliscor|Gliscor, M|100/100\n|move|p2a: Blissey|Stealth Rock|p1a: Gliscor\n|-sidestart|p1: my2002|move: Stealth Rock\n|\n|-end|p2a: Blissey|move: Heal Block\n|-status|p1a: Gliscor|tox|[from] item: Toxic Orb\n|upkeep\n|turn|7\n|\n|t:|1782553477\n|switch|p2a: Toxapex|Toxapex, F|69/100\n|move|p1a: Gliscor|Earthquake|p2a: Toxapex\n|-supereffective|p2a: Toxapex\n|-damage|p2a: Toxapex|12/100\n|\n|upkeep\n|turn|8\n|\n|t:|1782553484\n|switch|p1a: Slowking|Slowking-Galar, F|100/100\n|-sideend|p1: my2002|move: Toxic Spikes|[of] p1a: Slowking\n|-damage|p1a: Slowking|88/100|[from] Stealth Rock\n|switch|p2a: Corviknight|Corviknight, F|100/100\n|-ability|p2a: Corviknight|Pressure\n|\n|upkeep\n|turn|9\n|j| Garden of Dreams\n|\n|t:|1782553490\n|switch|p2a: Blissey|Blissey, F|89/100\n|move|p1a: Slowking|Psychic Noise|p2a: Blissey\n|-damage|p2a: Blissey|77/100\n|-start|p2a: Blissey|move: Heal Block\n|\n|upkeep\n|turn|10\n|\n|t:|1782553496\n|-terastallize|p2a: Blissey|Dark\n|move|p2a: Blissey|Seismic Toss|p1a: Slowking\n|-damage|p1a: Slowking|62/100\n|move|p1a: Slowking|Sludge Wave|p2a: Blissey\n|-damage|p2a: Blissey|64/100\n|\n|-end|p2a: Blissey|move: Heal Block\n|upkeep\n|turn|11\n|\n|t:|1782553503\n|switch|p1a: Gliscor|Gliscor, M|100/100 tox\n|-damage|p1a: Gliscor|88/100 tox|[from] Stealth Rock\n|move|p2a: Blissey|Seismic Toss|p1a: Gliscor\n|-damage|p1a: Gliscor|59/100 tox\n|\n|-heal|p1a: Gliscor|71/100 tox|[from] ability: Poison Heal\n|upkeep\n|turn|12\n|\n|t:|1782553512\n|switch|p1a: Slowking|Slowking-Galar, F|95/100\n|-damage|p1a: Slowking|83/100|[from] Stealth Rock\n|switch|p2a: Gliscor|Gliscor, F|100/100 tox\n|\n|upkeep\n|turn|13\n|\n|t:|1782553521\n|move|p2a: Gliscor|Protect|p2a: Gliscor\n|-singleturn|p2a: Gliscor|Protect\n|move|p1a: Slowking|Psychic Noise|p2a: Gliscor\n|-activate|p2a: Gliscor|move: Protect\n|\n|upkeep\n|turn|14\n|\n|t:|1782553525\n|switch|p2a: Blissey|Blissey, F, tera:Dark|64/100\n|switch|p1a: Alomomola|Alomomola, M|100/100\n|-damage|p1a: Alomomola|88/100|[from] Stealth Rock\n|\n|upkeep\n|turn|15\n|\n|t:|1782553527\n|switch|p2a: Toxapex|Toxapex, F|45/100\n|move|p1a: Alomomola|Flip Turn|p2a: Toxapex\n|-resisted|p2a: Toxapex\n|-damage|p2a: Toxapex|40/100\n|\n|t:|1782553530\n|switch|p1a: Slowking|Slowking-Galar, F|100/100|[from] Flip Turn\n|-damage|p1a: Slowking|88/100|[from] Stealth Rock\n|\n|upkeep\n|turn|16\n|\n|t:|1782553535\n|switch|p2a: Corviknight|Corviknight, F|100/100\n|-ability|p2a: Corviknight|Pressure\n|move|p1a: Slowking|Psychic Noise|p2a: Corviknight\n|-resisted|p2a: Corviknight\n|-damage|p2a: Corviknight|79/100\n|-start|p2a: Corviknight|move: Heal Block\n|\n|upkeep\n|turn|17\n|\n|t:|1782553542\n|switch|p2a: Toxapex|Toxapex, F|73/100\n|move|p1a: Slowking|Flamethrower|p2a: Toxapex\n|-resisted|p2a: Toxapex\n|-damage|p2a: Toxapex|61/100\n|\n|upkeep\n|turn|18\n|\n|t:|1782553545\n|switch|p2a: Blissey|Blissey, F, tera:Dark|64/100\n|move|p1a: Slowking|Psychic Noise|p2a: Blissey\n|-immune|p2a: Blissey\n|\n|upkeep\n|turn|19\n|\n|t:|1782553548\n|move|p2a: Blissey|Seismic Toss|p1a: Slowking\n|-damage|p1a: Slowking|62/100\n|move|p1a: Slowking|Sludge Wave|p2a: Blissey\n|-damage|p2a: Blissey|50/100\n|-status|p2a: Blissey|psn\n|\n|-damage|p2a: Blissey|37/100 psn|[from] psn\n|upkeep\n|turn|20\n|\n|t:|1782553553\n|-curestatus|p2a: Blissey|psn|[from] ability: Natural Cure|[silent]\n|switch|p2a: Toxapex|Toxapex, F|95/100\n|move|p1a: Slowking|Psychic Noise|p2a: Toxapex\n|-supereffective|p2a: Toxapex\n|-damage|p2a: Toxapex|29/100\n|-start|p2a: Toxapex|move: Heal Block\n|\n|upkeep\n|turn|21\n|\n|t:|1782553560\n|switch|p2a: Blissey|Blissey, F, tera:Dark|37/100\n|move|p1a: Slowking|Sludge Wave|p2a: Blissey\n|-damage|p2a: Blissey|24/100\n|\n|upkeep\n|turn|22\n|\n|t:|1782553566\n|move|p2a: Blissey|Soft-Boiled|p2a: Blissey\n|-heal|p2a: Blissey|74/100\n|move|p1a: Slowking|Sludge Wave|p2a: Blissey\n|-damage|p2a: Blissey|60/100\n|\n|upkeep\n|turn|23\n|\n|t:|1782553571\n|switch|p1a: Alomomola|Alomomola, M|100/100\n|-damage|p1a: Alomomola|88/100|[from] Stealth Rock\n|move|p2a: Blissey|Protect||[still]\n|-fail|p2a: Blissey\n|\n|upkeep\n|turn|24\n|\n|t:|1782553574\n|switch|p2a: Toxapex|Toxapex, F|63/100\n|move|p1a: Alomomola|Flip Turn|p2a: Toxapex\n|-resisted|p2a: Toxapex\n|-damage|p2a: Toxapex|57/100\n|\n|t:|1782553581\n|switch|p1a: Gliscor|Gliscor, M|71/100 tox|[from] Flip Turn\n|-damage|p1a: Gliscor|59/100 tox|[from] Stealth Rock\n|\n|-heal|p1a: Gliscor|71/100 tox|[from] ability: Poison Heal\n|upkeep\n|turn|25\n|\n|t:|1782553589\n|switch|p2a: Corviknight|Corviknight, F|79/100\n|-ability|p2a: Corviknight|Pressure\n|move|p1a: Gliscor|Swords Dance|p1a: Gliscor\n|-boost|p1a: Gliscor|atk|2\n|\n|-heal|p1a: Gliscor|84/100 tox|[from] ability: Poison Heal\n|upkeep\n|turn|26\n|\n|t:|1782553593\n|move|p1a: Gliscor|Facade|p2a: Corviknight\n|-resisted|p2a: Corviknight\n|-damage|p2a: Corviknight|48/100\n|-damage|p1a: Gliscor|67/100 tox|[from] item: Rocky Helmet|[of] p2a: Corviknight\n|move|p2a: Corviknight|Iron Defense|p2a: Corviknight\n|-boost|p2a: Corviknight|def|2\n|\n|-heal|p1a: Gliscor|79/100 tox|[from] ability: Poison Heal\n|upkeep\n|turn|27\n|\n|t:|1782553597\n|switch|p1a: Slowking|Slowking-Galar, F|95/100\n|-damage|p1a: Slowking|83/100|[from] Stealth Rock\n|move|p2a: Corviknight|Roost|p2a: Corviknight\n|-heal|p2a: Corviknight|98/100\n|-singleturn|p2a: Corviknight|move: Roost\n|\n|upkeep\n|turn|28\n|\n|t:|1782553602\n|switch|p2a: Toxapex|Toxapex, F|91/100\n|switch|p1a: Cinderace|Cinderace, F|100/100\n|\n|upkeep\n|turn|29\n|\n|t:|1782553608\n|switch|p1a: Gliscor|Gliscor, M|79/100 tox\n|-damage|p1a: Gliscor|67/100 tox|[from] Stealth Rock\n|move|p2a: Toxapex|Toxic|p1a: Gliscor\n|-fail|p1a: Gliscor|tox\n|\n|-heal|p1a: Gliscor|79/100 tox|[from] ability: Poison Heal\n|upkeep\n|turn|30\n|\n|t:|1782553616\n|move|p1a: Gliscor|Swords Dance|p1a: Gliscor\n|-boost|p1a: Gliscor|atk|2\n|move|p2a: Toxapex|Toxic|p1a: Gliscor\n|-fail|p1a: Gliscor|tox\n|\n|-heal|p1a: Gliscor|91/100 tox|[from] ability: Poison Heal\n|upkeep\n|turn|31\n|\n|t:|1782553620\n|switch|p2a: Dondozo|Dondozo, F|100/100\n|move|p1a: Gliscor|Facade|p2a: Dondozo\n|-crit|p2a: Dondozo\n|-damage|p2a: Dondozo|71/100\n|\n|-heal|p1a: Gliscor|100/100 tox|[from] ability: Poison Heal\n|upkeep\n|turn|32\n|\n|t:|1782553623\n|move|p1a: Gliscor|Facade|p2a: Dondozo\n|-damage|p2a: Dondozo|52/100\n|move|p2a: Dondozo|Curse|p2a: Dondozo\n|-unboost|p2a: Dondozo|spe|1\n|-boost|p2a: Dondozo|atk|1\n|-boost|p2a: Dondozo|def|1\n|\n|upkeep\n|turn|33\n|\n|t:|1782553628\n|switch|p1a: Alomomola|Alomomola, M|100/100\n|-damage|p1a: Alomomola|88/100|[from] Stealth Rock\n|move|p2a: Dondozo|Waterfall|p1a: Alomomola\n|-resisted|p1a: Alomomola\n|-damage|p1a: Alomomola|77/100\n|-damage|p2a: Dondozo|36/100|[from] item: Rocky Helmet|[of] p1a: Alomomola\n|\n|upkeep\n|turn|34\n|\n|t:|1782553631\n|move|p1a: Alomomola|Flip Turn|p2a: Dondozo\n|-resisted|p2a: Dondozo\n|-damage|p2a: Dondozo|33/100\n|\n|t:|1782553635\n|switch|p1a: Slowking|Slowking-Galar, F|100/100|[from] Flip Turn\n|-damage|p1a: Slowking|88/100|[from] Stealth Rock\n|move|p2a: Dondozo|Rest|p2a: Dondozo\n|-status|p2a: Dondozo|slp|[from] move: Rest\n|-heal|p2a: Dondozo|100/100 slp|[silent]\n|\n|upkeep\n|turn|35\n|\n|t:|1782553639\n|switch|p2a: Toxapex|Toxapex, F|100/100\n|switch|p1a: Cinderace|Cinderace, F|100/100\n|\n|upkeep\n|turn|36\n|\n|t:|1782553644\n|switch|p1a: Gliscor|Gliscor, M|100/100 tox\n|-damage|p1a: Gliscor|88/100 tox|[from] Stealth Rock\n|move|p2a: Toxapex|Toxic|p1a: Gliscor\n|-fail|p1a: Gliscor|tox\n|\n|-heal|p1a: Gliscor|100/100 tox|[from] ability: Poison Heal\n|upkeep\n|turn|37\n|\n|t:|1782553647\n|switch|p2a: Corviknight|Corviknight, F|98/100\n|-ability|p2a: Corviknight|Pressure\n|move|p1a: Gliscor|Swords Dance|p1a: Gliscor\n|-boost|p1a: Gliscor|atk|2\n|\n|upkeep\n|turn|38\n|\n|t:|1782553649\n|move|p1a: Gliscor|Facade|p2a: Corviknight\n|-resisted|p2a: Corviknight\n|-damage|p2a: Corviknight|69/100\n|-damage|p1a: Gliscor|84/100 tox|[from] item: Rocky Helmet|[of] p2a: Corviknight\n|move|p2a: Corviknight|Iron Defense|p2a: Corviknight\n|-boost|p2a: Corviknight|def|2\n|\n|-heal|p1a: Gliscor|96/100 tox|[from] ability: Poison Heal\n|upkeep\n|turn|39\n|\n|t:|1782553656\n|switch|p1a: Slowking|Slowking-Galar, F|100/100\n|-damage|p1a: Slowking|88/100|[from] Stealth Rock\n|move|p2a: Corviknight|Body Press|p1a: Slowking\n|-resisted|p1a: Slowking\n|-damage|p1a: Slowking|75/100\n|\n|upkeep\n|turn|40\n|\n|t:|1782553665\n|switch|p2a: Toxapex|Toxapex, F|100/100\n|move|p1a: Slowking|Psychic Noise|p2a: Toxapex\n|-supereffective|p2a: Toxapex\n|-damage|p2a: Toxapex|38/100\n|-start|p2a: Toxapex|move: Heal Block\n|\n|upkeep\n|turn|41\n|\n|t:|1782553671\n|switch|p2a: Gliscor|Gliscor, F|100/100 tox\n|move|p1a: Slowking|Sludge Wave|p2a: Gliscor\n|-resisted|p2a: Gliscor\n|-damage|p2a: Gliscor|77/100 tox\n|\n|-heal|p2a: Gliscor|90/100 tox|[from] ability: Poison Heal\n|upkeep\n|turn|42\n|\n|t:|1782553676\n|switch|p2a: Blissey|Blissey, F, tera:Dark|60/100\n|switch|p1a: Alomomola|Alomomola, M|100/100\n|-damage|p1a: Alomomola|88/100|[from] Stealth Rock\n|\n|upkeep\n|turn|43\n|\n|t:|1782553680\n|switch|p2a: Toxapex|Toxapex, F|72/100\n|move|p1a: Alomomola|Flip Turn|p2a: Toxapex\n|-resisted|p2a: Toxapex\n|-damage|p2a: Toxapex|67/100\n|\n|t:|1782553684\n|switch|p1a: Gliscor|Gliscor, M|96/100 tox|[from] Flip Turn\n|-damage|p1a: Gliscor|84/100 tox|[from] Stealth Rock\n|\n|-heal|p1a: Gliscor|96/100 tox|[from] ability: Poison Heal\n|upkeep\n|turn|44\n|\n|t:|1782553686\n|switch|p2a: Corviknight|Corviknight, F|69/100\n|-ability|p2a: Corviknight|Pressure\n|move|p1a: Gliscor|Swords Dance|p1a: Gliscor\n|-boost|p1a: Gliscor|atk|2\n|\n|-heal|p1a: Gliscor|100/100 tox|[from] ability: Poison Heal\n|upkeep\n|turn|45\n|\n|t:|1782553688\n|move|p1a: Gliscor|Facade|p2a: Corviknight\n|-resisted|p2a: Corviknight\n|-damage|p2a: Corviknight|39/100\n|-damage|p1a: Gliscor|84/100 tox|[from] item: Rocky Helmet|[of] p2a: Corviknight\n|move|p2a: Corviknight|Iron Defense|p2a: Corviknight\n|-boost|p2a: Corviknight|def|2\n|\n|-heal|p1a: Gliscor|96/100 tox|[from] ability: Poison Heal\n|upkeep\n|turn|46\n|\n|t:|1782553692\n|switch|p1a: Alomomola|Alomomola, M|100/100\n|-damage|p1a: Alomomola|88/100|[from] Stealth Rock\n|move|p2a: Corviknight|Roost|p2a: Corviknight\n|-heal|p2a: Corviknight|89/100\n|-singleturn|p2a: Corviknight|move: Roost\n|\n|upkeep\n|turn|47\n|\n|t:|1782553697\n|switch|p2a: Toxapex|Toxapex, F|99/100\n|move|p1a: Alomomola|Flip Turn|p2a: Toxapex\n|-resisted|p2a: Toxapex\n|-damage|p2a: Toxapex|95/100\n|\n|t:|1782553699\n|switch|p1a: Gliscor|Gliscor, M|96/100 tox|[from] Flip Turn\n|-damage|p1a: Gliscor|84/100 tox|[from] Stealth Rock\n|\n|-heal|p1a: Gliscor|96/100 tox|[from] ability: Poison Heal\n|upkeep\n|turn|48\n|\n|t:|1782553704\n|move|p1a: Gliscor|Swords Dance|p1a: Gliscor\n|-boost|p1a: Gliscor|atk|2\n|move|p2a: Toxapex|Haze|p2a: Toxapex\n|-clearallboost\n|\n|-heal|p1a: Gliscor|100/100 tox|[from] ability: Poison Heal\n|upkeep\n|turn|49\n|\n|t:|1782553707\n|move|p1a: Gliscor|Earthquake|p2a: Toxapex\n|-supereffective|p2a: Toxapex\n|-damage|p2a: Toxapex|41/100\n|move|p2a: Toxapex|Haze|p2a: Toxapex\n|-clearallboost\n|\n|upkeep\n|turn|50\n|\n|t:|1782553710\n|switch|p2a: Corviknight|Corviknight, F|89/100\n|-ability|p2a: Corviknight|Pressure\n|move|p1a: Gliscor|Swords Dance|p1a: Gliscor\n|-boost|p1a: Gliscor|atk|2\n|\n|upkeep\n|turn|51\n|\n|t:|1782553712\n|move|p1a: Gliscor|Facade|p2a: Corviknight\n|-resisted|p2a: Corviknight\n|-damage|p2a: Corviknight|58/100\n|-damage|p1a: Gliscor|84/100 tox|[from] item: Rocky Helmet|[of] p2a: Corviknight\n|move|p2a: Corviknight|Iron Defense|p2a: Corviknight\n|-boost|p2a: Corviknight|def|2\n|\n|-heal|p1a: Gliscor|96/100 tox|[from] ability: Poison Heal\n|upkeep\n|turn|52\n|\n|t:|1782553715\n|switch|p1a: Alomomola|Alomomola, M|100/100\n|-damage|p1a: Alomomola|88/100|[from] Stealth Rock\n|move|p2a: Corviknight|Body Press|p1a: Alomomola\n|-damage|p1a: Alomomola|60/100\n|-damage|p2a: Corviknight|42/100|[from] item: Rocky Helmet|[of] p1a: Alomomola\n|\n|upkeep\n|turn|53\n|\n|t:|1782553718\n|move|p2a: Corviknight|Roost|p2a: Corviknight\n|-heal|p2a: Corviknight|92/100\n|-singleturn|p2a: Corviknight|move: Roost\n|move|p1a: Alomomola|Flip Turn|p2a: Corviknight\n|-damage|p2a: Corviknight|86/100\n|-damage|p1a: Alomomola|43/100|[from] item: Rocky Helmet|[of] p2a: Corviknight\n|\n|t:|1782553723\n|switch|p1a: Slowking|Slowking-Galar, F|100/100|[from] Flip Turn\n|-damage|p1a: Slowking|88/100|[from] Stealth Rock\n|\n|upkeep\n|turn|54\n|\n|t:|1782553727\n|switch|p2a: Toxapex|Toxapex, F|75/100\n|move|p1a: Slowking|Flamethrower|p2a: Toxapex\n|-resisted|p2a: Toxapex\n|-damage|p2a: Toxapex|63/100\n|-status|p2a: Toxapex|brn\n|\n|-damage|p2a: Toxapex|57/100 brn|[from] brn\n|upkeep\n|turn|55\n|\n|t:|1782553730\n|switch|p2a: Blissey|Blissey, F, tera:Dark|60/100\n|switch|p1a: Gliscor|Gliscor, M|96/100 tox\n|-damage|p1a: Gliscor|84/100 tox|[from] Stealth Rock\n|\n|-heal|p1a: Gliscor|96/100 tox|[from] ability: Poison Heal\n|upkeep\n|turn|56\n|\n|t:|1782553736\n|switch|p2a: Corviknight|Corviknight, F|86/100\n|-ability|p2a: Corviknight|Pressure\n|move|p1a: Gliscor|Swords Dance|p1a: Gliscor\n|-boost|p1a: Gliscor|atk|2\n|\n|-heal|p1a: Gliscor|100/100 tox|[from] ability: Poison Heal\n|upkeep\n|turn|57\n|\n|t:|1782553738\n|move|p1a: Gliscor|Facade|p2a: Corviknight\n|-resisted|p2a: Corviknight\n|-damage|p2a: Corviknight|57/100\n|-damage|p1a: Gliscor|84/100 tox|[from] item: Rocky Helmet|[of] p2a: Corviknight\n|move|p2a: Corviknight|Iron Defense|p2a: Corviknight\n|-boost|p2a: Corviknight|def|2\n|\n|-heal|p1a: Gliscor|96/100 tox|[from] ability: Poison Heal\n|upkeep\n|turn|58\n|\n|t:|1782553743\n|switch|p1a: Slowking|Slowking-Galar, F|100/100\n|-damage|p1a: Slowking|88/100|[from] Stealth Rock\n|move|p2a: Corviknight|Roost|p2a: Corviknight\n|-heal|p2a: Corviknight|100/100\n|-singleturn|p2a: Corviknight|move: Roost\n|\n|upkeep\n|turn|59\n|\n|t:|1782553746\n|switch|p2a: Toxapex|Toxapex, F|90/100 brn\n|move|p1a: Slowking|Flamethrower|p2a: Toxapex\n|-resisted|p2a: Toxapex\n|-damage|p2a: Toxapex|77/100 brn\n|\n|-damage|p2a: Toxapex|71/100 brn|[from] brn\n|upkeep\n|turn|60\n|\n|t:|1782553749\n|switch|p2a: Blissey|Blissey, F, tera:Dark|60/100\n|switch|p1a: Gliscor|Gliscor, M|96/100 tox\n|-damage|p1a: Gliscor|84/100 tox|[from] Stealth Rock\n|\n|-heal|p1a: Gliscor|96/100 tox|[from] ability: Poison Heal\n|upkeep\n|turn|61\n|\n|t:|1782553755\n|switch|p2a: Dondozo|Dondozo, F|100/100 slp\n|move|p1a: Gliscor|Swords Dance|p1a: Gliscor\n|-boost|p1a: Gliscor|atk|2\n|\n|-heal|p1a: Gliscor|100/100 tox|[from] ability: Poison Heal\n|upkeep\n|turn|62\n|\n|t:|1782553759\n|move|p1a: Gliscor|Facade|p2a: Dondozo\n|-damage|p2a: Dondozo|81/100 slp\n|cant|p2a: Dondozo|slp\n|move|p2a: Dondozo|Sleep Talk|p2a: Dondozo\n|move|p2a: Dondozo|Waterfall|p1a: Gliscor|[from] move: Sleep Talk\n|-supereffective|p1a: Gliscor\n|-damage|p1a: Gliscor|51/100 tox\n|\n|-heal|p1a: Gliscor|63/100 tox|[from] ability: Poison Heal\n|upkeep\n|turn|63\n|\n|t:|1782553767\n|move|p1a: Gliscor|Earthquake|p2a: Dondozo\n|-damage|p2a: Dondozo|60/100 slp\n|cant|p2a: Dondozo|slp\n|move|p2a: Dondozo|Sleep Talk|p2a: Dondozo\n|move|p2a: Dondozo|Curse|p2a: Dondozo|[from] move: Sleep Talk\n|-unboost|p2a: Dondozo|spe|1\n|-boost|p2a: Dondozo|atk|1\n|-boost|p2a: Dondozo|def|1\n|\n|-heal|p1a: Gliscor|75/100 tox|[from] ability: Poison Heal\n|upkeep\n|turn|64\n|\n|t:|1782553773\n|switch|p1a: Slowking|Slowking-Galar, F|100/100\n|-damage|p1a: Slowking|88/100|[from] Stealth Rock\n|switch|p2a: Gliscor|Gliscor, F|90/100 tox\n|\n|-heal|p2a: Gliscor|100/100 tox|[from] ability: Poison Heal\n|upkeep\n|turn|65\n|\n|t:|1782553781\n|switch|p1a: Alomomola|Alomomola, M|77/100\n|-damage|p1a: Alomomola|64/100|[from] Stealth Rock\n|move|p2a: Gliscor|Swords Dance|p2a: Gliscor\n|-boost|p2a: Gliscor|atk|2\n|\n|upkeep\n|turn|66\n|\n|t:|1782553783\n|move|p2a: Gliscor|Knock Off|p1a: Alomomola\n|-damage|p1a: Alomomola|43/100\n|-damage|p2a: Gliscor|84/100 tox|[from] item: Rocky Helmet|[of] p1a: Alomomola\n|-enditem|p1a: Alomomola|Rocky Helmet|[from] move: Knock Off|[of] p2a: Gliscor\n|move|p1a: Alomomola|Flip Turn|p2a: Gliscor\n|-supereffective|p2a: Gliscor\n|-damage|p2a: Gliscor|60/100 tox\n|\n|t:|1782553793\n|switch|p1a: Kyurem|Kyurem|100/100|[from] Flip Turn\n|-damage|p1a: Kyurem|76/100|[from] Stealth Rock\n|-ability|p1a: Kyurem|Pressure\n|\n|-heal|p1a: Kyurem|82/100|[from] item: Leftovers\n|-heal|p2a: Gliscor|72/100 tox|[from] ability: Poison Heal\n|upkeep\n|turn|67\n|\n|t:|1782553799\n|move|p2a: Gliscor|Protect|p2a: Gliscor\n|-singleturn|p2a: Gliscor|Protect\n|move|p1a: Kyurem|Freeze-Dry|p2a: Gliscor\n|-activate|p2a: Gliscor|move: Protect\n|\n|-heal|p1a: Kyurem|88/100|[from] item: Leftovers\n|-heal|p2a: Gliscor|85/100 tox|[from] ability: Poison Heal\n|upkeep\n|turn|68\n|\n|t:|1782553808\n|switch|p2a: Blissey|Blissey, F, tera:Dark|60/100\n|move|p1a: Kyurem|Freeze-Dry|p2a: Blissey\n|-damage|p2a: Blissey|49/100\n|\n|-heal|p1a: Kyurem|94/100|[from] item: Leftovers\n|upkeep\n|turn|69\n|\n|t:|1782553816\n|move|p1a: Kyurem|Freeze-Dry|p2a: Blissey\n|-damage|p2a: Blissey|38/100\n|-status|p2a: Blissey|frz\n|cant|p2a: Blissey|frz\n|\n|-heal|p1a: Kyurem|99/100|[from] item: Leftovers\n|upkeep\n|turn|70\n|\n|t:|1782553820\n|-curestatus|p2a: Blissey|frz|[from] ability: Natural Cure|[silent]\n|switch|p2a: Corviknight|Corviknight, F|100/100\n|-ability|p2a: Corviknight|Pressure\n|move|p1a: Kyurem|Freeze-Dry|p2a: Corviknight\n|-crit|p2a: Corviknight\n|-damage|p2a: Corviknight|44/100\n|\n|-heal|p1a: Kyurem|100/100|[from] item: Leftovers\n|upkeep\n|turn|71\n|\n|t:|1782553825\n|switch|p2a: Blissey|Blissey, F, tera:Dark|38/100\n|move|p1a: Kyurem|Freeze-Dry|p2a: Blissey\n|-damage|p2a: Blissey|26/100\n|\n|upkeep\n|turn|72\n|\n|t:|1782553828\n|move|p1a: Kyurem|Freeze-Dry|p2a: Blissey\n|-damage|p2a: Blissey|15/100\n|move|p2a: Blissey|Soft-Boiled|p2a: Blissey\n|-heal|p2a: Blissey|65/100\n|\n|upkeep\n|turn|73\n|\n|t:|1782553832\n|move|p1a: Kyurem|Freeze-Dry|p2a: Blissey\n|-damage|p2a: Blissey|54/100\n|move|p2a: Blissey|Seismic Toss|p1a: Kyurem\n|-damage|p1a: Kyurem|75/100\n|\n|-heal|p1a: Kyurem|81/100|[from] item: Leftovers\n|upkeep\n|turn|74\n|\n|t:|1782553833\n|move|p1a: Kyurem|Freeze-Dry|p2a: Blissey\n|-damage|p2a: Blissey|43/100\n|-status|p2a: Blissey|frz\n|cant|p2a: Blissey|frz\n|\n|-heal|p1a: Kyurem|87/100|[from] item: Leftovers\n|upkeep\n|turn|75\n|\n|t:|1782553836\n|-curestatus|p2a: Blissey|frz|[from] ability: Natural Cure|[silent]\n|switch|p2a: Clodsire|Clodsire, F|100/100\n|move|p1a: Kyurem|Freeze-Dry|p2a: Clodsire\n|-supereffective|p2a: Clodsire\n|-damage|p2a: Clodsire|61/100\n|\n|-heal|p1a: Kyurem|93/100|[from] item: Leftovers\n|upkeep\n|turn|76\n|\n|t:|1782553840\n|switch|p2a: Blissey|Blissey, F, tera:Dark|43/100\n|move|p1a: Kyurem|Substitute|p1a: Kyurem\n|-start|p1a: Kyurem|Substitute\n|-damage|p1a: Kyurem|69/100\n|\n|-heal|p1a: Kyurem|75/100|[from] item: Leftovers\n|upkeep\n|turn|77\n|\n|t:|1782553843\n|move|p2a: Blissey|Protect|p2a: Blissey\n|-singleturn|p2a: Blissey|Protect\n|move|p1a: Kyurem|Freeze-Dry|p2a: Blissey\n|-activate|p2a: Blissey|move: Protect\n|\n|-heal|p1a: Kyurem|81/100|[from] item: Leftovers\n|upkeep\n|turn|78\n|\n|t:|1782553846\n|move|p1a: Kyurem|Freeze-Dry|p2a: Blissey\n|-damage|p2a: Blissey|31/100\n|move|p2a: Blissey|Soft-Boiled|p2a: Blissey\n|-heal|p2a: Blissey|81/100\n|\n|-heal|p1a: Kyurem|87/100|[from] item: Leftovers\n|upkeep\n|turn|79\n|\n|t:|1782553848\n|move|p2a: Blissey|Protect|p2a: Blissey\n|-singleturn|p2a: Blissey|Protect\n|move|p1a: Kyurem|Freeze-Dry|p2a: Blissey\n|-activate|p2a: Blissey|move: Protect\n|\n|-heal|p1a: Kyurem|93/100|[from] item: Leftovers\n|upkeep\n|turn|80\n|\n|t:|1782553852\n|move|p1a: Kyurem|Freeze-Dry|p2a: Blissey\n|-damage|p2a: Blissey|70/100\n|move|p2a: Blissey|Seismic Toss|p1a: Kyurem\n|-end|p1a: Kyurem|Substitute\n|\n|-heal|p1a: Kyurem|99/100|[from] item: Leftovers\n|upkeep\n|turn|81\n|\n|t:|1782553857\n|move|p1a: Kyurem|Substitute|p1a: Kyurem\n|-start|p1a: Kyurem|Substitute\n|-damage|p1a: Kyurem|74/100\n|move|p2a: Blissey|Seismic Toss|p1a: Kyurem\n|-end|p1a: Kyurem|Substitute\n|\n|-heal|p1a: Kyurem|80/100|[from] item: Leftovers\n|upkeep\n|turn|82\n|\n|t:|1782553863\n|move|p1a: Kyurem|Freeze-Dry|p2a: Blissey\n|-damage|p2a: Blissey|59/100\n|move|p2a: Blissey|Seismic Toss|p1a: Kyurem\n|-damage|p1a: Kyurem|55/100\n|\n|-heal|p1a: Kyurem|61/100|[from] item: Leftovers\n|upkeep\n|turn|83\n|\n|t:|1782553867\n|move|p1a: Kyurem|Protect|p1a: Kyurem\n|-singleturn|p1a: Kyurem|Protect\n|move|p2a: Blissey|Seismic Toss|p1a: Kyurem\n|-activate|p1a: Kyurem|move: Protect\n|\n|-heal|p1a: Kyurem|67/100|[from] item: Leftovers\n|upkeep\n|turn|84\n|\n|t:|1782553870\n|move|p1a: Kyurem|Freeze-Dry|p2a: Blissey\n|-damage|p2a: Blissey|46/100\n|move|p2a: Blissey|Seismic Toss|p1a: Kyurem\n|-damage|p1a: Kyurem|42/100\n|\n|-heal|p1a: Kyurem|48/100|[from] item: Leftovers\n|upkeep\n|turn|85\n|\n|t:|1782553874\n|move|p1a: Kyurem|Protect|p1a: Kyurem\n|-singleturn|p1a: Kyurem|Protect\n|move|p2a: Blissey|Soft-Boiled|p2a: Blissey\n|-heal|p2a: Blissey|96/100\n|\n|-heal|p1a: Kyurem|54/100|[from] item: Leftovers\n|upkeep\n|turn|86\n|\n|t:|1782553880\n|switch|p1a: Alomomola|Alomomola, M|76/100\n|-damage|p1a: Alomomola|64/100|[from] Stealth Rock\n|move|p2a: Blissey|Seismic Toss|p1a: Alomomola\n|-damage|p1a: Alomomola|45/100\n|\n|upkeep\n|turn|87\n|\n|t:|1782553885\n|switch|p2a: Gliscor|Gliscor, F|85/100 tox\n|move|p1a: Alomomola|Wish|p1a: Alomomola\n|\n|-heal|p2a: Gliscor|97/100 tox|[from] ability: Poison Heal\n|upkeep\n|turn|88\n|\n|t:|1782553890\n|move|p2a: Gliscor|Protect|p2a: Gliscor\n|-singleturn|p2a: Gliscor|Protect\n|move|p1a: Alomomola|Flip Turn|p2a: Gliscor\n|-activate|p2a: Gliscor|move: Protect\n|\n|-heal|p1a: Alomomola|95/100|[from] move: Wish|[wisher] Alomomola\n|-heal|p2a: Gliscor|100/100 tox|[from] ability: Poison Heal\n|upkeep\n|turn|89\n|\n|t:|1782553893\n|switch|p2a: Toxapex|Toxapex, F|100/100 brn\n|move|p1a: Alomomola|Flip Turn|p2a: Toxapex\n|-resisted|p2a: Toxapex\n|-damage|p2a: Toxapex|95/100 brn\n|\n|t:|1782553903\n|switch|p1a: Gliscor|Gliscor, M|75/100 tox|[from] Flip Turn\n|-damage|p1a: Gliscor|63/100 tox|[from] Stealth Rock\n|\n|-heal|p1a: Gliscor|75/100 tox|[from] ability: Poison Heal\n|-damage|p2a: Toxapex|89/100 brn|[from] brn\n|upkeep\n|turn|90\n|\n|t:|1782553910\n|move|p1a: Gliscor|Swords Dance|p1a: Gliscor\n|-boost|p1a: Gliscor|atk|2\n|move|p2a: Toxapex|Haze|p2a: Toxapex\n|-clearallboost\n|\n|-heal|p1a: Gliscor|88/100 tox|[from] ability: Poison Heal\n|-damage|p2a: Toxapex|83/100 brn|[from] brn\n|upkeep\n|turn|91\n|\n|t:|1782553914\n|switch|p2a: Dondozo|Dondozo, F|60/100 slp\n|move|p1a: Gliscor|Swords Dance|p1a: Gliscor\n|-boost|p1a: Gliscor|atk|2\n|\n|-heal|p1a: Gliscor|99/100 tox|[from] ability: Poison Heal\n|upkeep\n|turn|92\n|\n|t:|1782553917\n|move|p1a: Gliscor|Earthquake|p2a: Dondozo\n|-damage|p2a: Dondozo|41/100 slp\n|-curestatus|p2a: Dondozo|slp|[msg]\n|move|p2a: Dondozo|Curse|p2a: Dondozo\n|-unboost|p2a: Dondozo|spe|1\n|-boost|p2a: Dondozo|atk|1\n|-boost|p2a: Dondozo|def|1\n|\n|-heal|p1a: Gliscor|100/100 tox|[from] ability: Poison Heal\n|upkeep\n|turn|93\n|\n|t:|1782553923\n|switch|p1a: Slowking|Slowking-Galar, F|100/100\n|-damage|p1a: Slowking|88/100|[from] Stealth Rock\n|move|p2a: Dondozo|Rest|p2a: Dondozo\n|-status|p2a: Dondozo|slp|[from] move: Rest\n|-heal|p2a: Dondozo|100/100 slp|[silent]\n|\n|upkeep\n|turn|94\n|\n|t:|1782553935\n|switch|p2a: Toxapex|Toxapex, F|100/100 brn\n|move|p1a: Slowking|Sludge Wave|p2a: Toxapex\n|-resisted|p2a: Toxapex\n|-damage|p2a: Toxapex|81/100 brn\n|\n|-damage|p2a: Toxapex|75/100 brn|[from] brn\n|upkeep\n|turn|95\n|\n|t:|1782553939\n|switch|p2a: Blissey|Blissey, F, tera:Dark|96/100\n|switch|p1a: Gliscor|Gliscor, M|100/100 tox\n|-damage|p1a: Gliscor|88/100 tox|[from] Stealth Rock\n|\n|-heal|p1a: Gliscor|100/100 tox|[from] ability: Poison Heal\n|upkeep\n|turn|96\n|\n|t:|1782553944\n|switch|p2a: Dondozo|Dondozo, F|100/100 slp\n|move|p1a: Gliscor|Swords Dance|p1a: Gliscor\n|-boost|p1a: Gliscor|atk|2\n|\n|upkeep\n|turn|97\n|\n|t:|1782553946\n|move|p1a: Gliscor|Earthquake|p2a: Dondozo\n|-damage|p2a: Dondozo|79/100 slp\n|cant|p2a: Dondozo|slp\n|move|p2a: Dondozo|Sleep Talk|p2a: Dondozo\n|move|p2a: Dondozo|Waterfall|p1a: Gliscor|[from] move: Sleep Talk\n|-supereffective|p1a: Gliscor\n|-damage|p1a: Gliscor|53/100 tox\n|\n|-heal|p1a: Gliscor|65/100 tox|[from] ability: Poison Heal\n|upkeep\n|turn|98\n|\n|t:|1782553955\n|switch|p1a: Alomomola|Alomomola, M|100/100\n|-damage|p1a: Alomomola|88/100|[from] Stealth Rock\n|cant|p2a: Dondozo|slp\n|move|p2a: Dondozo|Sleep Talk|p2a: Dondozo\n|move|p2a: Dondozo|Rest||[from] move: Sleep Talk|[still]\n|-fail|p2a: Dondozo\n|\n|upkeep\n|turn|99\n|\n|t:|1782553959\n|switch|p2a: Toxapex|Toxapex, F|100/100 brn\n|move|p1a: Alomomola|Wish|p1a: Alomomola\n|\n|-damage|p2a: Toxapex|95/100 brn|[from] brn\n|upkeep\n|turn|100\n|\n|t:|1782553963\n|move|p1a: Alomomola|Flip Turn|p2a: Toxapex\n|-resisted|p2a: Toxapex\n|-damage|p2a: Toxapex|89/100 brn\n|\n|t:|1782553966\n|switch|p1a: Gliscor|Gliscor, M|65/100 tox|[from] Flip Turn\n|-damage|p1a: Gliscor|53/100 tox|[from] Stealth Rock\n|move|p2a: Toxapex|Toxic|p1a: Gliscor\n|-fail|p1a: Gliscor|tox\n|\n|-heal|p1a: Gliscor|100/100 tox|[from] move: Wish|[wisher] Alomomola\n|-damage|p2a: Toxapex|83/100 brn|[from] brn\n|upkeep\n|turn|101\n|\n|t:|1782553972\n|switch|p2a: Gliscor|Gliscor, F|100/100 tox\n|move|p1a: Gliscor|Earthquake|p2a: Gliscor\n|-immune|p2a: Gliscor\n|\n|upkeep\n|turn|102\n|\n|t:|1782553975\n|move|p2a: Gliscor|Swords Dance|p2a: Gliscor\n|-boost|p2a: Gliscor|atk|2\n|move|p1a: Gliscor|Swords Dance|p1a: Gliscor\n|-boost|p1a: Gliscor|atk|2\n|\n|upkeep\n|turn|103\n|\n|t:|1782553984\n|-terastallize|p1a: Gliscor|Normal\n|move|p2a: Gliscor|Swords Dance|p2a: Gliscor\n|-boost|p2a: Gliscor|atk|2\n|move|p1a: Gliscor|Facade|p2a: Gliscor\n|-damage|p2a: Gliscor|0 fnt\n|faint|p2a: Gliscor\n|\n|upkeep\n|j| MissBeckett\n|\n|t:|1782553991\n|switch|p2a: Dondozo|Dondozo, F|79/100 slp\n|turn|104\n|\n|t:|1782553993\n|move|p1a: Gliscor|Facade|p2a: Dondozo\n|-damage|p2a: Dondozo|50/100 slp\n|-curestatus|p2a: Dondozo|slp|[msg]\n|move|p2a: Dondozo|Curse|p2a: Dondozo\n|-unboost|p2a: Dondozo|spe|1\n|-boost|p2a: Dondozo|atk|1\n|-boost|p2a: Dondozo|def|1\n|\n|upkeep\n|turn|105\n|\n|t:|1782553999\n|switch|p1a: Slowking|Slowking-Galar, F|100/100\n|-damage|p1a: Slowking|88/100|[from] Stealth Rock\n|move|p2a: Dondozo|Rest|p2a: Dondozo\n|-status|p2a: Dondozo|slp|[from] move: Rest\n|-heal|p2a: Dondozo|100/100 slp|[silent]\n|\n|upkeep\n|turn|106\n|\n|t:|1782554004\n|switch|p2a: Toxapex|Toxapex, F|100/100 brn\n|move|p1a: Slowking|Sludge Wave|p2a: Toxapex\n|-resisted|p2a: Toxapex\n|-crit|p2a: Toxapex\n|-damage|p2a: Toxapex|71/100 brn\n|\n|-damage|p2a: Toxapex|65/100 brn|[from] brn\n|upkeep\n|turn|107\n|\n|t:|1782554007\n|switch|p2a: Blissey|Blissey, F, tera:Dark|96/100\n|switch|p1a: Gliscor|Gliscor, M, tera:Normal|100/100 tox\n|-damage|p1a: Gliscor|88/100 tox|[from] Stealth Rock\n|\n|-heal|p1a: Gliscor|100/100 tox|[from] ability: Poison Heal\n|upkeep\n|turn|108\n|inactive|soccer fan 123 has 120 seconds left.\n|\n|t:|1782554043\n|switch|p2a: Corviknight|Corviknight, F|44/100\n|-ability|p2a: Corviknight|Pressure\n|move|p1a: Gliscor|Swords Dance|p1a: Gliscor\n|-boost|p1a: Gliscor|atk|2\n|\n|upkeep\n|turn|109\n|\n|t:|1782554047\n|move|p1a: Gliscor|Facade|p2a: Corviknight\n|-resisted|p2a: Corviknight\n|-damage|p2a: Corviknight|3/100\n|-damage|p1a: Gliscor|84/100 tox|[from] item: Rocky Helmet|[of] p2a: Corviknight\n|move|p2a: Corviknight|Roost|p2a: Corviknight\n|-heal|p2a: Corviknight|53/100\n|-singleturn|p2a: Corviknight|move: Roost\n|\n|-heal|p1a: Gliscor|96/100 tox|[from] ability: Poison Heal\n|upkeep\n|turn|110\n|\n|t:|1782554052\n|move|p1a: Gliscor|Facade|p2a: Corviknight\n|-resisted|p2a: Corviknight\n|-damage|p2a: Corviknight|7/100\n|-damage|p1a: Gliscor|80/100 tox|[from] item: Rocky Helmet|[of] p2a: Corviknight\n|move|p2a: Corviknight|Roost|p2a: Corviknight\n|-heal|p2a: Corviknight|57/100\n|-singleturn|p2a: Corviknight|move: Roost\n|\n|-heal|p1a: Gliscor|92/100 tox|[from] ability: Poison Heal\n|upkeep\n|turn|111\n|inactive|soccer fan 123 has 120 seconds left.\n|\n|t:|1782554065\n|move|p1a: Gliscor|Facade|p2a: Corviknight\n|-resisted|p2a: Corviknight\n|-damage|p2a: Corviknight|17/100\n|-damage|p1a: Gliscor|75/100 tox|[from] item: Rocky Helmet|[of] p2a: Corviknight\n|move|p2a: Corviknight|Roost|p2a: Corviknight\n|-heal|p2a: Corviknight|67/100\n|-singleturn|p2a: Corviknight|move: Roost\n|\n|-heal|p1a: Gliscor|87/100 tox|[from] ability: Poison Heal\n|upkeep\n|turn|112\n|inactive|soccer fan 123 has 120 seconds left.\n|\n|t:|1782554073\n|move|p1a: Gliscor|Facade|p2a: Corviknight\n|-resisted|p2a: Corviknight\n|-crit|p2a: Corviknight\n|-damage|p2a: Corviknight|0 fnt\n|-damage|p1a: Gliscor|71/100 tox|[from] item: Rocky Helmet|[of] p2a: Corviknight\n|faint|p2a: Corviknight\n|\n|-heal|p1a: Gliscor|83/100 tox|[from] ability: Poison Heal\n|upkeep\n|\n|t:|1782554075\n|switch|p2a: Dondozo|Dondozo, F|100/100 slp\n|turn|113\n|\n|t:|1782554079\n|move|p1a: Gliscor|Earthquake|p2a: Dondozo\n|-damage|p2a: Dondozo|80/100 slp\n|cant|p2a: Dondozo|slp\n|move|p2a: Dondozo|Sleep Talk|p2a: Dondozo\n|move|p2a: Dondozo|Rest||[from] move: Sleep Talk|[still]\n|-fail|p2a: Dondozo\n|\n|-heal|p1a: Gliscor|95/100 tox|[from] ability: Poison Heal\n|upkeep\n|turn|114\n|\n|t:|1782554085\n|switch|p1a: Slowking|Slowking-Galar, F|100/100\n|-damage|p1a: Slowking|88/100|[from] Stealth Rock\n|cant|p2a: Dondozo|slp\n|move|p2a: Dondozo|Sleep Talk|p2a: Dondozo\n|move|p2a: Dondozo|Waterfall|p1a: Slowking|[from] move: Sleep Talk\n|-damage|p1a: Slowking|61/100\n|\n|upkeep\n|turn|115\n|\n|t:|1782554088\n|switch|p2a: Blissey|Blissey, F, tera:Dark|96/100\n|move|p1a: Slowking|Sludge Wave|p2a: Blissey\n|-damage|p2a: Blissey|81/100\n|\n|upkeep\n|turn|116\n|\n|t:|1782554092\n|switch|p1a: Alomomola|Alomomola, M|100/100\n|-damage|p1a: Alomomola|88/100|[from] Stealth Rock\n|move|p2a: Blissey|Seismic Toss|p1a: Alomomola\n|-damage|p1a: Alomomola|69/100\n|\n|upkeep\n|turn|117\n|\n|t:|1782554096\n|switch|p2a: Toxapex|Toxapex, F|98/100 brn\n|move|p1a: Alomomola|Flip Turn|p2a: Toxapex\n|-resisted|p2a: Toxapex\n|-damage|p2a: Toxapex|93/100 brn\n|\n|t:|1782554101\n|switch|p1a: Gliscor|Gliscor, M, tera:Normal|95/100 tox|[from] Flip Turn\n|-damage|p1a: Gliscor|83/100 tox|[from] Stealth Rock\n|\n|-heal|p1a: Gliscor|95/100 tox|[from] ability: Poison Heal\n|-damage|p2a: Toxapex|87/100 brn|[from] brn\n|upkeep\n|turn|118\n|\n|t:|1782554105\n|move|p1a: Gliscor|Earthquake|p2a: Toxapex\n|-supereffective|p2a: Toxapex\n|-damage|p2a: Toxapex|33/100 brn\n|move|p2a: Toxapex|Haze|p2a: Toxapex\n|-clearallboost\n|\n|-heal|p1a: Gliscor|100/100 tox|[from] ability: Poison Heal\n|-damage|p2a: Toxapex|27/100 brn|[from] brn\n|upkeep\n|turn|119\n|\n|t:|1782554110\n|switch|p2a: Dondozo|Dondozo, F|80/100 slp\n|move|p1a: Gliscor|Earthquake|p2a: Dondozo\n|-damage|p2a: Dondozo|60/100 slp\n|\n|upkeep\n|turn|120\n|\n|t:|1782554127\n|switch|p1a: Slowking|Slowking-Galar, F|94/100\n|-damage|p1a: Slowking|81/100|[from] Stealth Rock\n|-curestatus|p2a: Dondozo|slp|[msg]\n|move|p2a: Dondozo|Curse|p2a: Dondozo\n|-unboost|p2a: Dondozo|spe|1\n|-boost|p2a: Dondozo|atk|1\n|-boost|p2a: Dondozo|def|1\n|\n|upkeep\n|turn|121\n|\n|t:|1782554133\n|switch|p2a: Blissey|Blissey, F, tera:Dark|81/100\n|move|p1a: Slowking|Sludge Wave|p2a: Blissey\n|-damage|p2a: Blissey|66/100\n|\n|upkeep\n|turn|122\n|\n|t:|1782554137\n|move|p2a: Blissey|Seismic Toss|p1a: Slowking\n|-damage|p1a: Slowking|55/100\n|move|p1a: Slowking|Sludge Wave|p2a: Blissey\n|-damage|p2a: Blissey|51/100\n|\n|upkeep\n|turn|123\n|\n|t:|1782554144\n|move|p2a: Blissey|Seismic Toss|p1a: Slowking\n|-damage|p1a: Slowking|29/100\n|move|p1a: Slowking|Sludge Wave|p2a: Blissey\n|-damage|p2a: Blissey|37/100\n|\n|upkeep\n|turn|124\n|\n|t:|1782554150\n|switch|p1a: Alomomola|Alomomola, M|100/100\n|-damage|p1a: Alomomola|88/100|[from] Stealth Rock\n|move|p2a: Blissey|Soft-Boiled|p2a: Blissey\n|-heal|p2a: Blissey|87/100\n|\n|upkeep\n|turn|125\n|\n|t:|1782554153\n|switch|p2a: Toxapex|Toxapex, F|60/100 brn\n|move|p1a: Alomomola|Flip Turn|p2a: Toxapex\n|-resisted|p2a: Toxapex\n|-damage|p2a: Toxapex|55/100 brn\n|\n|t:|1782554156\n|switch|p1a: Gliscor|Gliscor, M, tera:Normal|100/100 tox|[from] Flip Turn\n|-damage|p1a: Gliscor|88/100 tox|[from] Stealth Rock\n|\n|-heal|p1a: Gliscor|100/100 tox|[from] ability: Poison Heal\n|-damage|p2a: Toxapex|49/100 brn|[from] brn\n|upkeep\n|turn|126\n|\n|t:|1782554161\n|switch|p2a: Dondozo|Dondozo, F|60/100\n|move|p1a: Gliscor|Facade|p2a: Dondozo\n|-damage|p2a: Dondozo|33/100\n|\n|upkeep\n|turn|127\n|\n|t:|1782554169\n|switch|p1a: Cinderace|Cinderace, F|100/100\n|move|p2a: Dondozo|Rest|p2a: Dondozo\n|-status|p2a: Dondozo|slp|[from] move: Rest\n|-heal|p2a: Dondozo|100/100 slp|[silent]\n|\n|upkeep\n|turn|128\n|\n|t:|1782554173\n|move|p1a: Cinderace|Court Change|p1a: Cinderace\n|-start|p1a: Cinderace|typechange|Normal|[from] ability: Libero\n|-swapsideconditions\n|-activate|p1a: Cinderace|move: Court Change\n|cant|p2a: Dondozo|slp\n|move|p2a: Dondozo|Sleep Talk|p2a: Dondozo\n|move|p2a: Dondozo|Curse|p2a: Dondozo|[from] move: Sleep Talk\n|-unboost|p2a: Dondozo|spe|1\n|-boost|p2a: Dondozo|atk|1\n|-boost|p2a: Dondozo|def|1\n|\n|upkeep\n|turn|129\n|\n|t:|1782554181\n|switch|p1a: Slowking|Slowking-Galar, F|63/100\n|cant|p2a: Dondozo|slp\n|move|p2a: Dondozo|Sleep Talk|p2a: Dondozo\n|move|p2a: Dondozo|Waterfall|p1a: Slowking|[from] move: Sleep Talk\n|-damage|p1a: Slowking|20/100\n|\n|upkeep\n|turn|130\n|\n|t:|1782554184\n|switch|p2a: Blissey|Blissey, F, tera:Dark|87/100\n|switch|p1a: Alomomola|Alomomola, M|100/100\n|\n|upkeep\n|turn|131\n|\n|t:|1782554188\n|move|p2a: Blissey|Stealth Rock|p1a: Alomomola\n|-sidestart|p1: my2002|move: Stealth Rock\n|move|p1a: Alomomola|Wish|p1a: Alomomola\n|\n|upkeep\n|turn|132\n|\n|t:|1782554191\n|move|p2a: Blissey|Protect|p2a: Blissey\n|-singleturn|p2a: Blissey|Protect\n|move|p1a: Alomomola|Flip Turn|p2a: Blissey\n|-activate|p2a: Blissey|move: Protect\n|\n|upkeep\n|turn|133\n|\n|t:|1782554195\n|switch|p2a: Toxapex|Toxapex, F|83/100 brn\n|move|p1a: Alomomola|Wish|p1a: Alomomola\n|\n|-damage|p2a: Toxapex|77/100 brn|[from] brn\n|upkeep\n|turn|134\n|\n|t:|1782554197\n|move|p1a: Alomomola|Flip Turn|p2a: Toxapex\n|-resisted|p2a: Toxapex\n|-damage|p2a: Toxapex|72/100 brn\n|\n|t:|1782554199\n|switch|p1a: Slowking|Slowking-Galar, F|53/100|[from] Flip Turn\n|-damage|p1a: Slowking|41/100|[from] Stealth Rock\n|move|p2a: Toxapex|Toxic|p1a: Slowking\n|-immune|p1a: Slowking\n|\n|-heal|p1a: Slowking|100/100|[from] move: Wish|[wisher] Alomomola\n|-damage|p2a: Toxapex|66/100 brn|[from] brn\n|upkeep\n|turn|135\n|\n|t:|1782554211\n|move|p2a: Toxapex|Recover|p2a: Toxapex\n|-heal|p2a: Toxapex|100/100 brn\n|move|p1a: Slowking|Flamethrower|p2a: Toxapex\n|-resisted|p2a: Toxapex\n|-damage|p2a: Toxapex|89/100 brn\n|\n|-damage|p2a: Toxapex|83/100 brn|[from] brn\n|upkeep\n|turn|136\n|\n|t:|1782554217\n|move|p2a: Toxapex|Toxic Spikes|p1a: Slowking\n|-sidestart|p1: my2002|move: Toxic Spikes\n|move|p1a: Slowking|Flamethrower|p2a: Toxapex\n|-resisted|p2a: Toxapex\n|-damage|p2a: Toxapex|70/100 brn\n|\n|-damage|p2a: Toxapex|64/100 brn|[from] brn\n|upkeep\n|turn|137\n|\n|t:|1782554224\n|move|p2a: Toxapex|Recover|p2a: Toxapex\n|-heal|p2a: Toxapex|100/100 brn\n|move|p1a: Slowking|Sludge Wave|p2a: Toxapex\n|-resisted|p2a: Toxapex\n|-damage|p2a: Toxapex|82/100 brn\n|\n|-damage|p2a: Toxapex|76/100 brn|[from] brn\n|upkeep\n|turn|138\n|\n|t:|1782554228\n|switch|p2a: Blissey|Blissey, F, tera:Dark|87/100\n|move|p1a: Slowking|Flamethrower|p2a: Blissey\n|-damage|p2a: Blissey|78/100\n|-status|p2a: Blissey|brn\n|\n|-damage|p2a: Blissey|72/100 brn|[from] brn\n|upkeep\n|turn|139\n|\n|t:|1782554233\n|-curestatus|p2a: Blissey|brn|[from] ability: Natural Cure|[silent]\n|switch|p2a: Toxapex|Toxapex, F|100/100 brn\n|move|p1a: Slowking|Sludge Wave|p2a: Toxapex\n|-resisted|p2a: Toxapex\n|-damage|p2a: Toxapex|81/100 brn\n|\n|-damage|p2a: Toxapex|75/100 brn|[from] brn\n|upkeep\n|turn|140\n|\n|t:|1782554238\n|switch|p1a: Gliscor|Gliscor, M, tera:Normal|100/100 tox\n|-damage|p1a: Gliscor|88/100 tox|[from] Stealth Rock\n|move|p2a: Toxapex|Haze|p2a: Toxapex\n|-clearallboost\n|\n|-heal|p1a: Gliscor|100/100 tox|[from] ability: Poison Heal\n|-damage|p2a: Toxapex|69/100 brn|[from] brn\n|upkeep\n|turn|141\n|\n|t:|1782554243\n|switch|p2a: Dondozo|Dondozo, F|100/100 slp\n|move|p1a: Gliscor|Facade|p2a: Dondozo\n|-damage|p2a: Dondozo|70/100 slp\n|\n|upkeep\n|turn|142\n|\n|t:|1782554252\n|switch|p1a: Slowking|Slowking-Galar, F|100/100\n|-damage|p1a: Slowking|88/100|[from] Stealth Rock\n|-sideend|p1: my2002|move: Toxic Spikes|[of] p1a: Slowking\n|-curestatus|p2a: Dondozo|slp|[msg]\n|move|p2a: Dondozo|Curse|p2a: Dondozo\n|-unboost|p2a: Dondozo|spe|1\n|-boost|p2a: Dondozo|atk|1\n|-boost|p2a: Dondozo|def|1\n|\n|upkeep\n|turn|143\n|\n|t:|1782554259\n|switch|p2a: Toxapex|Toxapex, F|100/100 brn\n|move|p1a: Slowking|Psychic Noise|p2a: Toxapex\n|-supereffective|p2a: Toxapex\n|-damage|p2a: Toxapex|35/100 brn\n|-start|p2a: Toxapex|move: Heal Block\n|\n|-damage|p2a: Toxapex|29/100 brn|[from] brn\n|upkeep\n|turn|144\n|\n|t:|1782554270\n|switch|p2a: Blissey|Blissey, F, tera:Dark|72/100\n|move|p1a: Slowking|Flamethrower|p2a: Blissey\n|-damage|p2a: Blissey|63/100\n|\n|upkeep\n|turn|145\n|l| dasasfafas\n|\n|t:|1782554280\n|switch|p1a: Gliscor|Gliscor, M, tera:Normal|100/100 tox\n|-damage|p1a: Gliscor|88/100 tox|[from] Stealth Rock\n|move|p2a: Blissey|Protect||[still]\n|-fail|p2a: Blissey\n|\n|-heal|p1a: Gliscor|100/100 tox|[from] ability: Poison Heal\n|upkeep\n|turn|146\n|\n|t:|1782554287\n|move|p2a: Blissey|Protect|p2a: Blissey\n|-singleturn|p2a: Blissey|Protect\n|move|p1a: Gliscor|Facade|p2a: Blissey\n|-activate|p2a: Blissey|move: Protect\n|\n|upkeep\n|turn|147\n|\n|t:|1782554295\n|switch|p1a: Alomomola|Alomomola, M|100/100\n|-damage|p1a: Alomomola|88/100|[from] Stealth Rock\n|switch|p2a: Dondozo|Dondozo, F|70/100\n|\n|upkeep\n|turn|148\n|\n|t:|1782554297\n|switch|p2a: Toxapex|Toxapex, F|63/100 brn\n|move|p1a: Alomomola|Wish|p1a: Alomomola\n|\n|-damage|p2a: Toxapex|57/100 brn|[from] brn\n|upkeep\n|turn|149\n|\n|t:|1782554302\n|move|p1a: Alomomola|Flip Turn|p2a: Toxapex\n|-resisted|p2a: Toxapex\n|-damage|p2a: Toxapex|52/100 brn\n|\n|t:|1782554308\n|switch|p1a: Slowking|Slowking-Galar, F|100/100|[from] Flip Turn\n|-damage|p1a: Slowking|88/100|[from] Stealth Rock\n|move|p2a: Toxapex|Toxic|p1a: Slowking\n|-immune|p1a: Slowking\n|\n|-heal|p1a: Slowking|100/100|[from] move: Wish|[wisher] Alomomola\n|-damage|p2a: Toxapex|46/100 brn|[from] brn\n|upkeep\n|turn|150\n|\n|t:|1782554314\n|switch|p1a: Gliscor|Gliscor, M, tera:Normal|100/100 tox\n|-damage|p1a: Gliscor|88/100 tox|[from] Stealth Rock\n|move|p2a: Toxapex|Recover|p2a: Toxapex\n|-heal|p2a: Toxapex|96/100 brn\n|\n|-heal|p1a: Gliscor|100/100 tox|[from] ability: Poison Heal\n|-damage|p2a: Toxapex|90/100 brn|[from] brn\n|upkeep\n|turn|151\n|\n|t:|1782554318\n|switch|p1a: Slowking|Slowking-Galar, F|100/100\n|-damage|p1a: Slowking|88/100|[from] Stealth Rock\n|move|p2a: Toxapex|Haze|p2a: Toxapex\n|-clearallboost\n|\n|-damage|p2a: Toxapex|84/100 brn|[from] brn\n|upkeep\n|turn|152\n|\n|t:|1782554320\n|switch|p1a: Gliscor|Gliscor, M, tera:Normal|100/100 tox\n|-damage|p1a: Gliscor|88/100 tox|[from] Stealth Rock\n|move|p2a: Toxapex|Haze|p2a: Toxapex\n|-clearallboost\n|\n|-heal|p1a: Gliscor|100/100 tox|[from] ability: Poison Heal\n|-damage|p2a: Toxapex|78/100 brn|[from] brn\n|upkeep\n|turn|153\n|\n|t:|1782554326\n|switch|p1a: Slowking|Slowking-Galar, F|100/100\n|-damage|p1a: Slowking|88/100|[from] Stealth Rock\n|move|p2a: Toxapex|Haze|p2a: Toxapex\n|-clearallboost\n|\n|-damage|p2a: Toxapex|72/100 brn|[from] brn\n|upkeep\n|turn|154\n|\n|t:|1782554330\n|switch|p2a: Blissey|Blissey, F, tera:Dark|63/100\n|switch|p1a: Gliscor|Gliscor, M, tera:Normal|100/100 tox\n|-damage|p1a: Gliscor|88/100 tox|[from] Stealth Rock\n|\n|-heal|p1a: Gliscor|100/100 tox|[from] ability: Poison Heal\n|upkeep\n|turn|155\n|j| Kathryne Keyron\n|\n|t:|1782554335\n|switch|p1a: Slowking|Slowking-Galar, F|100/100\n|-damage|p1a: Slowking|88/100|[from] Stealth Rock\n|switch|p2a: Toxapex|Toxapex, F|100/100 brn\n|\n|-damage|p2a: Toxapex|95/100 brn|[from] brn\n|upkeep\n|turn|156\n|\n|t:|1782554344\n|switch|p2a: Blissey|Blissey, F, tera:Dark|63/100\n|switch|p1a: Gliscor|Gliscor, M, tera:Normal|100/100 tox\n|-damage|p1a: Gliscor|88/100 tox|[from] Stealth Rock\n|\n|-heal|p1a: Gliscor|100/100 tox|[from] ability: Poison Heal\n|upkeep\n|turn|157\n|\n|t:|1782554349\n|switch|p1a: Alomomola|Alomomola, M|100/100\n|-damage|p1a: Alomomola|88/100|[from] Stealth Rock\n|switch|p2a: Toxapex|Toxapex, F|100/100 brn\n|\n|-damage|p2a: Toxapex|95/100 brn|[from] brn\n|upkeep\n|turn|158\n|\n|t:|1782554354\n|switch|p1a: Slowking|Slowking-Galar, F|100/100\n|-damage|p1a: Slowking|88/100|[from] Stealth Rock\n|move|p2a: Toxapex|Toxic Spikes|p1a: Slowking\n|-sidestart|p1: my2002|move: Toxic Spikes\n|\n|-damage|p2a: Toxapex|89/100 brn|[from] brn\n|upkeep\n|turn|159\n|\n|t:|1782554359\n|switch|p2a: Blissey|Blissey, F, tera:Dark|63/100\n|switch|p1a: Gliscor|Gliscor, M, tera:Normal|100/100 tox\n|-damage|p1a: Gliscor|88/100 tox|[from] Stealth Rock\n|\n|-heal|p1a: Gliscor|100/100 tox|[from] ability: Poison Heal\n|upkeep\n|turn|160\n|\n|t:|1782554366\n|switch|p1a: Slowking|Slowking-Galar, F|100/100\n|-damage|p1a: Slowking|88/100|[from] Stealth Rock\n|-sideend|p1: my2002|move: Toxic Spikes|[of] p1a: Slowking\n|switch|p2a: Toxapex|Toxapex, F|100/100 brn\n|\n|-damage|p2a: Toxapex|95/100 brn|[from] brn\n|upkeep\n|turn|161\n|\n|t:|1782554373\n|switch|p2a: Clodsire|Clodsire, F|61/100\n|move|p1a: Slowking|Flamethrower|p2a: Clodsire\n|-damage|p2a: Clodsire|44/100\n|\n|upkeep\n|turn|162\n|\n|t:|1782554379\n|switch|p2a: Toxapex|Toxapex, F|100/100 brn\n|move|p1a: Slowking|Sludge Wave|p2a: Toxapex\n|-resisted|p2a: Toxapex\n|-damage|p2a: Toxapex|81/100 brn\n|\n|-damage|p2a: Toxapex|75/100 brn|[from] brn\n|upkeep\n|turn|163\n|\n|t:|1782554388\n|move|p2a: Toxapex|Haze|p2a: Toxapex\n|-clearallboost\n|move|p1a: Slowking|Flamethrower|p2a: Toxapex\n|-resisted|p2a: Toxapex\n|-damage|p2a: Toxapex|63/100 brn\n|\n|-damage|p2a: Toxapex|57/100 brn|[from] brn\n|upkeep\n|turn|164\n|\n|t:|1782554395\n|switch|p2a: Blissey|Blissey, F, tera:Dark|63/100\n|move|p1a: Slowking|Flamethrower|p2a: Blissey\n|-damage|p2a: Blissey|54/100\n|\n|upkeep\n|turn|165\n|\n|t:|1782554398\n|switch|p2a: Toxapex|Toxapex, F|91/100 brn\n|move|p1a: Slowking|Flamethrower|p2a: Toxapex\n|-resisted|p2a: Toxapex\n|-damage|p2a: Toxapex|78/100 brn\n|\n|-damage|p2a: Toxapex|72/100 brn|[from] brn\n|upkeep\n|turn|166\n|\n|t:|1782554405\n|move|p2a: Toxapex|Haze|p2a: Toxapex\n|-clearallboost\n|move|p1a: Slowking|Ice Beam|p2a: Toxapex\n|-resisted|p2a: Toxapex\n|-damage|p2a: Toxapex|60/100 brn\n|\n|-damage|p2a: Toxapex|54/100 brn|[from] brn\n|upkeep\n|turn|167\n|\n|t:|1782554408\n|move|p2a: Toxapex|Recover|p2a: Toxapex\n|-heal|p2a: Toxapex|100/100 brn\n|move|p1a: Slowking|Ice Beam|p2a: Toxapex\n|-resisted|p2a: Toxapex\n|-damage|p2a: Toxapex|87/100 brn\n|\n|-damage|p2a: Toxapex|81/100 brn|[from] brn\n|upkeep\n|turn|168\n|\n|t:|1782554409\n|move|p2a: Toxapex|Haze|p2a: Toxapex\n|-clearallboost\n|move|p1a: Slowking|Ice Beam|p2a: Toxapex\n|-resisted|p2a: Toxapex\n|-damage|p2a: Toxapex|69/100 brn\n|\n|-damage|p2a: Toxapex|63/100 brn|[from] brn\n|upkeep\n|turn|169\n|\n|t:|1782554414\n|switch|p2a: Blissey|Blissey, F, tera:Dark|54/100\n|move|p1a: Slowking|Ice Beam|p2a: Blissey\n|-damage|p2a: Blissey|45/100\n|\n|upkeep\n|turn|170\n|\n|t:|1782554420\n|move|p2a: Blissey|Protect|p2a: Blissey\n|-singleturn|p2a: Blissey|Protect\n|move|p1a: Slowking|Flamethrower|p2a: Blissey\n|-activate|p2a: Blissey|move: Protect\n|\n|upkeep\n|turn|171\n|\n|t:|1782554423\n|move|p2a: Blissey|Soft-Boiled|p2a: Blissey\n|-heal|p2a: Blissey|95/100\n|move|p1a: Slowking|Flamethrower|p2a: Blissey\n|-damage|p2a: Blissey|86/100\n|\n|upkeep\n|turn|172\n|\n|t:|1782554430\n|move|p2a: Blissey|Protect|p2a: Blissey\n|-singleturn|p2a: Blissey|Protect\n|move|p1a: Slowking|Psychic Noise|p2a: Blissey\n|-activate|p2a: Blissey|move: Protect\n|\n|upkeep\n|turn|173\n|\n|t:|1782554432\n|switch|p2a: Toxapex|Toxapex, F|96/100 brn\n|move|p1a: Slowking|Flamethrower|p2a: Toxapex\n|-resisted|p2a: Toxapex\n|-damage|p2a: Toxapex|83/100 brn\n|\n|-damage|p2a: Toxapex|77/100 brn|[from] brn\n|upkeep\n|turn|174\n|\n|t:|1782554435\n|move|p2a: Toxapex|Toxic Spikes|p1a: Slowking\n|-sidestart|p1: my2002|move: Toxic Spikes\n|move|p1a: Slowking|Ice Beam|p2a: Toxapex\n|-resisted|p2a: Toxapex\n|-damage|p2a: Toxapex|65/100 brn\n|\n|-damage|p2a: Toxapex|59/100 brn|[from] brn\n|upkeep\n|turn|175\n|\n|t:|1782554440\n|move|p2a: Toxapex|Recover|p2a: Toxapex\n|-heal|p2a: Toxapex|100/100 brn\n|move|p1a: Slowking|Psychic Noise|p2a: Toxapex\n|-supereffective|p2a: Toxapex\n|-damage|p2a: Toxapex|39/100 brn\n|-start|p2a: Toxapex|move: Heal Block\n|\n|-damage|p2a: Toxapex|33/100 brn|[from] brn\n|upkeep\n|turn|176\n|\n|t:|1782554443\n|switch|p2a: Blissey|Blissey, F, tera:Dark|86/100\n|move|p1a: Slowking|Ice Beam|p2a: Blissey\n|-damage|p2a: Blissey|77/100\n|\n|upkeep\n|turn|177\n|\n|t:|1782554447\n|move|p2a: Blissey|Protect|p2a: Blissey\n|-singleturn|p2a: Blissey|Protect\n|move|p1a: Slowking|Flamethrower|p2a: Blissey\n|-activate|p2a: Blissey|move: Protect\n|\n|upkeep\n|turn|178\n|\n|t:|1782554452\n|move|p2a: Blissey|Seismic Toss|p1a: Slowking\n|-damage|p1a: Slowking|62/100\n|move|p1a: Slowking|Ice Beam|p2a: Blissey\n|-damage|p2a: Blissey|68/100\n|\n|upkeep\n|turn|179\n|\n|t:|1782554456\n|switch|p2a: Toxapex|Toxapex, F|67/100 brn\n|move|p1a: Slowking|Flamethrower|p2a: Toxapex\n|-resisted|p2a: Toxapex\n|-damage|p2a: Toxapex|54/100 brn\n|\n|-damage|p2a: Toxapex|48/100 brn|[from] brn\n|upkeep\n|turn|180\n|\n|t:|1782554459\n|move|p2a: Toxapex|Recover|p2a: Toxapex\n|-heal|p2a: Toxapex|98/100 brn\n|move|p1a: Slowking|Ice Beam|p2a: Toxapex\n|-resisted|p2a: Toxapex\n|-damage|p2a: Toxapex|85/100 brn\n|\n|-damage|p2a: Toxapex|79/100 brn|[from] brn\n|upkeep\n|turn|181\n|j| dasasfafas\n|\n|t:|1782554466\n|switch|p1a: Gliscor|Gliscor, M, tera:Normal|100/100 tox\n|-damage|p1a: Gliscor|88/100 tox|[from] Stealth Rock\n|move|p2a: Toxapex|Haze|p2a: Toxapex\n|-clearallboost\n|\n|-heal|p1a: Gliscor|100/100 tox|[from] ability: Poison Heal\n|-damage|p2a: Toxapex|73/100 brn|[from] brn\n|upkeep\n|turn|182\n|\n|t:|1782554473\n|switch|p2a: Dondozo|Dondozo, F|70/100\n|move|p1a: Gliscor|Swords Dance|p1a: Gliscor\n|-boost|p1a: Gliscor|atk|2\n|\n|upkeep\n|turn|183\n|\n|t:|1782554478\n|move|p1a: Gliscor|Facade|p2a: Dondozo\n|-damage|p2a: Dondozo|41/100\n|move|p2a: Dondozo|Curse|p2a: Dondozo\n|-unboost|p2a: Dondozo|spe|1\n|-boost|p2a: Dondozo|atk|1\n|-boost|p2a: Dondozo|def|1\n|\n|upkeep\n|turn|184\n|\n|t:|1782554482\n|switch|p1a: Slowking|Slowking-Galar, F|95/100\n|-damage|p1a: Slowking|83/100|[from] Stealth Rock\n|-sideend|p1: my2002|move: Toxic Spikes|[of] p1a: Slowking\n|move|p2a: Dondozo|Rest|p2a: Dondozo\n|-status|p2a: Dondozo|slp|[from] move: Rest\n|-heal|p2a: Dondozo|100/100 slp|[silent]\n|\n|upkeep\n|turn|185\n|\n|t:|1782554489\n|switch|p1a: Alomomola|Alomomola, M|100/100\n|-damage|p1a: Alomomola|88/100|[from] Stealth Rock\n|cant|p2a: Dondozo|slp\n|move|p2a: Dondozo|Sleep Talk|p2a: Dondozo\n|move|p2a: Dondozo|Curse|p2a: Dondozo|[from] move: Sleep Talk\n|-unboost|p2a: Dondozo|spe|1\n|-boost|p2a: Dondozo|atk|1\n|-boost|p2a: Dondozo|def|1\n|\n|upkeep\n|turn|186\n|\n|t:|1782554496\n|switch|p2a: Toxapex|Toxapex, F|100/100 brn\n|move|p1a: Alomomola|Wish|p1a: Alomomola\n|\n|-damage|p2a: Toxapex|95/100 brn|[from] brn\n|upkeep\n|turn|187\n|\n|t:|1782554501\n|move|p1a: Alomomola|Flip Turn|p2a: Toxapex\n|-resisted|p2a: Toxapex\n|-crit|p2a: Toxapex\n|-damage|p2a: Toxapex|86/100 brn\n|\n|t:|1782554504\n|switch|p1a: Gliscor|Gliscor, M, tera:Normal|100/100 tox|[from] Flip Turn\n|-damage|p1a: Gliscor|88/100 tox|[from] Stealth Rock\n|move|p2a: Toxapex|Toxic|p1a: Gliscor\n|-fail|p1a: Gliscor|tox\n|\n|-heal|p1a: Gliscor|100/100 tox|[from] move: Wish|[wisher] Alomomola\n|-damage|p2a: Toxapex|80/100 brn|[from] brn\n|upkeep\n|turn|188\n|\n|t:|1782554515\n|move|p1a: Gliscor|Earthquake|p2a: Toxapex\n|-supereffective|p2a: Toxapex\n|-damage|p2a: Toxapex|24/100 brn\n|move|p2a: Toxapex|Haze|p2a: Toxapex\n|-clearallboost\n|\n|-damage|p2a: Toxapex|18/100 brn|[from] brn\n|upkeep\n|turn|189\n|\n|t:|1782554521\n|switch|p2a: Dondozo|Dondozo, F|100/100 slp\n|move|p1a: Gliscor|Earthquake|p2a: Dondozo\n|-damage|p2a: Dondozo|79/100 slp\n|\n|upkeep\n|turn|190\n|\n|t:|1782554526\n|switch|p1a: Slowking|Slowking-Galar, F|100/100\n|-damage|p1a: Slowking|88/100|[from] Stealth Rock\n|cant|p2a: Dondozo|slp\n|move|p2a: Dondozo|Sleep Talk|p2a: Dondozo\n|move|p2a: Dondozo|Rest||[from] move: Sleep Talk|[still]\n|-fail|p2a: Dondozo\n|\n|upkeep\n|turn|191\n|\n|t:|1782554531\n|switch|p2a: Blissey|Blissey, F, tera:Dark|68/100\n|switch|p1a: Alomomola|Alomomola, M|100/100\n|-damage|p1a: Alomomola|88/100|[from] Stealth Rock\n|\n|upkeep\n|turn|192\n|\n|t:|1782554537\n|switch|p2a: Toxapex|Toxapex, F|52/100 brn\n|move|p1a: Alomomola|Flip Turn|p2a: Toxapex\n|-resisted|p2a: Toxapex\n|-damage|p2a: Toxapex|47/100 brn\n|\n|t:|1782554539\n|switch|p1a: Gliscor|Gliscor, M, tera:Normal|100/100 tox|[from] Flip Turn\n|-damage|p1a: Gliscor|88/100 tox|[from] Stealth Rock\n|\n|-heal|p1a: Gliscor|100/100 tox|[from] ability: Poison Heal\n|-damage|p2a: Toxapex|41/100 brn|[from] brn\n|upkeep\n|turn|193\n|\n|t:|1782554546\n|switch|p2a: Dondozo|Dondozo, F|79/100 slp\n|move|p1a: Gliscor|Earthquake|p2a: Dondozo\n|-damage|p2a: Dondozo|59/100 slp\n|\n|upkeep\n|turn|194\n|\n|t:|1782554554\n|switch|p1a: Alomomola|Alomomola, M|100/100\n|-damage|p1a: Alomomola|88/100|[from] Stealth Rock\n|-curestatus|p2a: Dondozo|slp|[msg]\n|move|p2a: Dondozo|Rest|p2a: Dondozo\n|-status|p2a: Dondozo|slp|[from] move: Rest\n|-heal|p2a: Dondozo|100/100 slp|[silent]\n|\n|upkeep\n|turn|195\n|\n|t:|1782554572\n|move|p1a: Alomomola|Body Slam|p2a: Dondozo\n|-damage|p2a: Dondozo|94/100 slp\n|cant|p2a: Dondozo|slp\n|move|p2a: Dondozo|Sleep Talk|p2a: Dondozo\n|move|p2a: Dondozo|Rest||[from] move: Sleep Talk|[still]\n|-fail|p2a: Dondozo\n|\n|upkeep\n|turn|196\n|\n|t:|1782554575\n|switch|p2a: Toxapex|Toxapex, F|74/100 brn\n|move|p1a: Alomomola|Wish|p1a: Alomomola\n|\n|-damage|p2a: Toxapex|68/100 brn|[from] brn\n|upkeep\n|turn|197\n|\n|t:|1782554580\n|move|p1a: Alomomola|Flip Turn|p2a: Toxapex\n|-resisted|p2a: Toxapex\n|-damage|p2a: Toxapex|63/100 brn\n|l| MissBeckett\n|\n|t:|1782554585\n|switch|p1a: Gliscor|Gliscor, M, tera:Normal|100/100 tox|[from] Flip Turn\n|-damage|p1a: Gliscor|88/100 tox|[from] Stealth Rock\n|move|p2a: Toxapex|Toxic Spikes|p1a: Gliscor\n|-sidestart|p1: my2002|move: Toxic Spikes\n|\n|-heal|p1a: Gliscor|100/100 tox|[from] move: Wish|[wisher] Alomomola\n|-damage|p2a: Toxapex|57/100 brn|[from] brn\n|upkeep\n|turn|198\n|\n|t:|1782554588\n|switch|p1a: Slowking|Slowking-Galar, F|100/100\n|-damage|p1a: Slowking|88/100|[from] Stealth Rock\n|-sideend|p1: my2002|move: Toxic Spikes|[of] p1a: Slowking\n|switch|p2a: Dondozo|Dondozo, F|94/100 slp\n|\n|upkeep\n|turn|199\n|\n|t:|1782554596\n|switch|p2a: Toxapex|Toxapex, F|90/100 brn\n|move|p1a: Slowking|Flamethrower|p2a: Toxapex\n|-resisted|p2a: Toxapex\n|-damage|p2a: Toxapex|78/100 brn\n|\n|-damage|p2a: Toxapex|72/100 brn|[from] brn\n|upkeep\n|turn|200\n|\n|t:|1782554600\n|switch|p1a: Gliscor|Gliscor, M, tera:Normal|100/100 tox\n|-damage|p1a: Gliscor|88/100 tox|[from] Stealth Rock\n|move|p2a: Toxapex|Toxic Spikes|p1a: Gliscor\n|-sidestart|p1: my2002|move: Toxic Spikes\n|\n|-heal|p1a: Gliscor|100/100 tox|[from] ability: Poison Heal\n|-damage|p2a: Toxapex|67/100 brn|[from] brn\n|upkeep\n|turn|201\n|\n|t:|1782554604\n|switch|p1a: Slowking|Slowking-Galar, F|100/100\n|-damage|p1a: Slowking|88/100|[from] Stealth Rock\n|-sideend|p1: my2002|move: Toxic Spikes|[of] p1a: Slowking\n|switch|p2a: Dondozo|Dondozo, F|94/100 slp\n|\n|upkeep\n|turn|202\n|\n|t:|1782554609\n|switch|p2a: Toxapex|Toxapex, F|99/100 brn\n|switch|p1a: Alomomola|Alomomola, M|100/100\n|-damage|p1a: Alomomola|88/100|[from] Stealth Rock\n|\n|-damage|p2a: Toxapex|94/100 brn|[from] brn\n|upkeep\n|turn|203\n|\n|t:|1782554613\n|switch|p1a: Gliscor|Gliscor, M, tera:Normal|100/100 tox\n|-damage|p1a: Gliscor|88/100 tox|[from] Stealth Rock\n|move|p2a: Toxapex|Toxic Spikes|p1a: Gliscor\n|-sidestart|p1: my2002|move: Toxic Spikes\n|\n|-heal|p1a: Gliscor|100/100 tox|[from] ability: Poison Heal\n|-damage|p2a: Toxapex|88/100 brn|[from] brn\n|upkeep\n|turn|204\n|\n|t:|1782554619\n|move|p1a: Gliscor|Facade|p2a: Toxapex\n|-damage|p2a: Toxapex|49/100 brn\n|move|p2a: Toxapex|Haze|p2a: Toxapex\n|-clearallboost\n|\n|-damage|p2a: Toxapex|43/100 brn|[from] brn\n|upkeep\n|turn|205\n|\n|t:|1782554625\n|switch|p2a: Dondozo|Dondozo, F|94/100 slp\n|move|p1a: Gliscor|Facade|p2a: Dondozo\n|-damage|p2a: Dondozo|65/100 slp\n|\n|upkeep\n|turn|206\n|\n|t:|1782554631\n|switch|p1a: Slowking|Slowking-Galar, F|100/100\n|-damage|p1a: Slowking|88/100|[from] Stealth Rock\n|-sideend|p1: my2002|move: Toxic Spikes|[of] p1a: Slowking\n|cant|p2a: Dondozo|slp\n|move|p2a: Dondozo|Sleep Talk|p2a: Dondozo\n|move|p2a: Dondozo|Curse|p2a: Dondozo|[from] move: Sleep Talk\n|-unboost|p2a: Dondozo|spe|1\n|-boost|p2a: Dondozo|atk|1\n|-boost|p2a: Dondozo|def|1\n|\n|upkeep\n|turn|207\n|\n|t:|1782554639\n|switch|p2a: Toxapex|Toxapex, F|77/100 brn\n|switch|p1a: Alomomola|Alomomola, M|100/100\n|-damage|p1a: Alomomola|88/100|[from] Stealth Rock\n|\n|-damage|p2a: Toxapex|71/100 brn|[from] brn\n|upkeep\n|turn|208\n|\n|t:|1782554647\n|move|p1a: Alomomola|Protect|p1a: Alomomola\n|-singleturn|p1a: Alomomola|Protect\n|move|p2a: Toxapex|Toxic Spikes|p1a: Alomomola\n|-sidestart|p1: my2002|move: Toxic Spikes\n|\n|-damage|p2a: Toxapex|65/100 brn|[from] brn\n|upkeep\n|turn|209\n|\n|t:|1782554655\n|switch|p1a: Slowking|Slowking-Galar, F|100/100\n|-damage|p1a: Slowking|88/100|[from] Stealth Rock\n|-sideend|p1: my2002|move: Toxic Spikes|[of] p1a: Slowking\n|move|p2a: Toxapex|Haze|p2a: Toxapex\n|-clearallboost\n|\n|-damage|p2a: Toxapex|59/100 brn|[from] brn\n|upkeep\n|turn|210\n|\n|t:|1782554661\n|switch|p2a: Blissey|Blissey, F, tera:Dark|68/100\n|switch|p1a: Gliscor|Gliscor, M, tera:Normal|100/100 tox\n|-damage|p1a: Gliscor|88/100 tox|[from] Stealth Rock\n|\n|-heal|p1a: Gliscor|100/100 tox|[from] ability: Poison Heal\n|upkeep\n|turn|211\n|\n|t:|1782554666\n|switch|p1a: Alomomola|Alomomola, M|100/100\n|-damage|p1a: Alomomola|88/100|[from] Stealth Rock\n|move|p2a: Blissey|Protect||[still]\n|-fail|p2a: Blissey\n|\n|upkeep\n|turn|212\n|\n|t:|1782554679\n|switch|p2a: Toxapex|Toxapex, F|92/100 brn\n|move|p1a: Alomomola|Flip Turn|p2a: Toxapex\n|-resisted|p2a: Toxapex\n|-damage|p2a: Toxapex|87/100 brn\n|\n|t:|1782554681\n|switch|p1a: Kyurem|Kyurem|54/100|[from] Flip Turn\n|-damage|p1a: Kyurem|29/100|[from] Stealth Rock\n|-ability|p1a: Kyurem|Pressure\n|\n|-heal|p1a: Kyurem|35/100|[from] item: Leftovers\n|-damage|p2a: Toxapex|81/100 brn|[from] brn\n|upkeep\n|turn|213\n|\n|t:|1782554686\n|switch|p2a: Blissey|Blissey, F, tera:Dark|68/100\n|move|p1a: Kyurem|Protect||[still]\n|-fail|p1a: Kyurem\n|\n|-heal|p1a: Kyurem|41/100|[from] item: Leftovers\n|upkeep\n|turn|214\n|\n|t:|1782554690\n|move|p1a: Kyurem|Protect|p1a: Kyurem\n|-singleturn|p1a: Kyurem|Protect\n|move|p2a: Blissey|Stealth Rock||[still]\n|-fail|p2a: Blissey\n|\n|-heal|p1a: Kyurem|47/100|[from] item: Leftovers\n|upkeep\n|turn|215\n|\n|t:|1782554695\n|move|p1a: Kyurem|Substitute|p1a: Kyurem\n|-start|p1a: Kyurem|Substitute\n|-damage|p1a: Kyurem|22/100\n|move|p2a: Blissey|Seismic Toss|p1a: Kyurem\n|-end|p1a: Kyurem|Substitute\n|\n|-heal|p1a: Kyurem|28/100|[from] item: Leftovers\n|upkeep\n|turn|216\n|\n|t:|1782554699\n|move|p1a: Kyurem|Protect|p1a: Kyurem\n|-singleturn|p1a: Kyurem|Protect\n|move|p2a: Blissey|Seismic Toss|p1a: Kyurem\n|-activate|p1a: Kyurem|move: Protect\n|\n|-heal|p1a: Kyurem|34/100|[from] item: Leftovers\n|upkeep\n|turn|217\n|\n|t:|1782554703\n|switch|p1a: Slowking|Slowking-Galar, F|100/100\n|-damage|p1a: Slowking|88/100|[from] Stealth Rock\n|move|p2a: Blissey|Seismic Toss|p1a: Slowking\n|-damage|p1a: Slowking|62/100\n|\n|upkeep\n|turn|218\n|\n|t:|1782554707\n|switch|p2a: Toxapex|Toxapex, F|100/100 brn\n|switch|p1a: Alomomola|Alomomola, M|100/100\n|-damage|p1a: Alomomola|88/100|[from] Stealth Rock\n|\n|-damage|p2a: Toxapex|95/100 brn|[from] brn\n|upkeep\n|turn|219\n|\n|t:|1782554710\n|switch|p1a: Slowking|Slowking-Galar, F|95/100\n|-damage|p1a: Slowking|83/100|[from] Stealth Rock\n|move|p2a: Toxapex|Toxic Spikes|p1a: Slowking\n|-sidestart|p1: my2002|move: Toxic Spikes\n|\n|-damage|p2a: Toxapex|89/100 brn|[from] brn\n|upkeep\n|turn|220\n|j| infopro play392\n|\n|t:|1782554713\n|switch|p1a: Gliscor|Gliscor, M, tera:Normal|100/100 tox\n|-damage|p1a: Gliscor|88/100 tox|[from] Stealth Rock\n|move|p2a: Toxapex|Haze|p2a: Toxapex\n|-clearallboost\n|\n|-heal|p1a: Gliscor|100/100 tox|[from] ability: Poison Heal\n|-damage|p2a: Toxapex|83/100 brn|[from] brn\n|upkeep\n|turn|221\n|\n|t:|1782554719\n|switch|p1a: Slowking|Slowking-Galar, F|100/100\n|-damage|p1a: Slowking|88/100|[from] Stealth Rock\n|-sideend|p1: my2002|move: Toxic Spikes|[of] p1a: Slowking\n|move|p2a: Toxapex|Haze|p2a: Toxapex\n|-clearallboost\n|\n|-damage|p2a: Toxapex|77/100 brn|[from] brn\n|upkeep\n|turn|222\n|\n|t:|1782554721\n|switch|p1a: Gliscor|Gliscor, M, tera:Normal|100/100 tox\n|-damage|p1a: Gliscor|88/100 tox|[from] Stealth Rock\n|move|p2a: Toxapex|Haze|p2a: Toxapex\n|-clearallboost\n|\n|-heal|p1a: Gliscor|100/100 tox|[from] ability: Poison Heal\n|-damage|p2a: Toxapex|71/100 brn|[from] brn\n|upkeep\n|turn|223\n|\n|t:|1782554727\n|switch|p1a: Slowking|Slowking-Galar, F|100/100\n|-damage|p1a: Slowking|88/100|[from] Stealth Rock\n|switch|p2a: Dondozo|Dondozo, F|65/100 slp\n|\n|upkeep\n|turn|224\n|\n|t:|1782554732\n|switch|p2a: Toxapex|Toxapex, F|100/100 brn\n|switch|p1a: Alomomola|Alomomola, M|100/100\n|-damage|p1a: Alomomola|88/100|[from] Stealth Rock\n|\n|-damage|p2a: Toxapex|95/100 brn|[from] brn\n|upkeep\n|turn|225\n|\n|t:|1782554735\n|switch|p1a: Gliscor|Gliscor, M, tera:Normal|100/100 tox\n|-damage|p1a: Gliscor|88/100 tox|[from] Stealth Rock\n|move|p2a: Toxapex|Toxic Spikes|p1a: Gliscor\n|-sidestart|p1: my2002|move: Toxic Spikes\n|\n|-heal|p1a: Gliscor|100/100 tox|[from] ability: Poison Heal\n|-damage|p2a: Toxapex|89/100 brn|[from] brn\n|upkeep\n|turn|226\n|\n|t:|1782554738\n|switch|p1a: Slowking|Slowking-Galar, F|100/100\n|-damage|p1a: Slowking|88/100|[from] Stealth Rock\n|-sideend|p1: my2002|move: Toxic Spikes|[of] p1a: Slowking\n|move|p2a: Toxapex|Haze|p2a: Toxapex\n|-clearallboost\n|\n|-damage|p2a: Toxapex|83/100 brn|[from] brn\n|upkeep\n|turn|227\n|\n|t:|1782554742\n|switch|p2a: Blissey|Blissey, F, tera:Dark|68/100\n|switch|p1a: Gliscor|Gliscor, M, tera:Normal|100/100 tox\n|-damage|p1a: Gliscor|88/100 tox|[from] Stealth Rock\n|\n|-heal|p1a: Gliscor|100/100 tox|[from] ability: Poison Heal\n|upkeep\n|turn|228\n|\n|t:|1782554745\n|switch|p1a: Alomomola|Alomomola, M|100/100\n|-damage|p1a: Alomomola|88/100|[from] Stealth Rock\n|switch|p2a: Toxapex|Toxapex, F|100/100 brn\n|\n|-damage|p2a: Toxapex|95/100 brn|[from] brn\n|upkeep\n|turn|229\n|\n|t:|1782554749\n|switch|p1a: Slowking|Slowking-Galar, F|100/100\n|-damage|p1a: Slowking|88/100|[from] Stealth Rock\n|switch|p2a: Blissey|Blissey, F, tera:Dark|68/100\n|\n|upkeep\n|turn|230\n|\n|t:|1782554753\n|switch|p2a: Toxapex|Toxapex, F|100/100 brn\n|move|p1a: Slowking|Ice Beam|p2a: Toxapex\n|-resisted|p2a: Toxapex\n|-damage|p2a: Toxapex|89/100 brn\n|\n|-damage|p2a: Toxapex|83/100 brn|[from] brn\n|upkeep\n|turn|231\n|\n|t:|1782554758\n|switch|p1a: Gliscor|Gliscor, M, tera:Normal|100/100 tox\n|-damage|p1a: Gliscor|88/100 tox|[from] Stealth Rock\n|move|p2a: Toxapex|Haze|p2a: Toxapex\n|-clearallboost\n|\n|-heal|p1a: Gliscor|100/100 tox|[from] ability: Poison Heal\n|-damage|p2a: Toxapex|77/100 brn|[from] brn\n|upkeep\n|turn|232\n|\n|t:|1782554765\n|switch|p2a: Clodsire|Clodsire, F|44/100\n|move|p1a: Gliscor|Swords Dance|p1a: Gliscor\n|-boost|p1a: Gliscor|atk|2\n|\n|upkeep\n|turn|233\n|\n|t:|1782554771\n|switch|p2a: Dondozo|Dondozo, F|65/100 slp\n|move|p1a: Gliscor|Facade|p2a: Dondozo\n|-damage|p2a: Dondozo|36/100 slp\n|\n|upkeep\n|turn|234\n|\n|t:|1782554779\n|switch|p1a: Alomomola|Alomomola, M|100/100\n|-damage|p1a: Alomomola|88/100|[from] Stealth Rock\n|-curestatus|p2a: Dondozo|slp|[msg]\n|move|p2a: Dondozo|Rest|p2a: Dondozo\n|-status|p2a: Dondozo|slp|[from] move: Rest\n|-heal|p2a: Dondozo|100/100 slp|[silent]\n|\n|upkeep\n|turn|235\n|\n|t:|1782554788\n|switch|p2a: Toxapex|Toxapex, F|100/100 brn\n|move|p1a: Alomomola|Flip Turn|p2a: Toxapex\n|-resisted|p2a: Toxapex\n|-damage|p2a: Toxapex|95/100 brn\n|j| Wanawa8724\n|\n|t:|1782554803\n|switch|p1a: Kyurem|Kyurem|34/100|[from] Flip Turn\n|-damage|p1a: Kyurem|10/100|[from] Stealth Rock\n|-ability|p1a: Kyurem|Pressure\n|\n|-heal|p1a: Kyurem|16/100|[from] item: Leftovers\n|-damage|p2a: Toxapex|89/100 brn|[from] brn\n|upkeep\n|turn|236\n|\n|t:|1782554807\n|switch|p2a: Blissey|Blissey, F, tera:Dark|68/100\n|move|p1a: Kyurem|Protect||[still]\n|-fail|p1a: Kyurem\n|\n|-heal|p1a: Kyurem|22/100|[from] item: Leftovers\n|upkeep\n|turn|237\n|\n|t:|1782554816\n|move|p1a: Kyurem|Protect|p1a: Kyurem\n|-singleturn|p1a: Kyurem|Protect\n|move|p2a: Blissey|Seismic Toss|p1a: Kyurem\n|-activate|p1a: Kyurem|move: Protect\n|\n|-heal|p1a: Kyurem|28/100|[from] item: Leftovers\n|upkeep\n|turn|238\n|\n|t:|1782554823\n|switch|p1a: Alomomola|Alomomola, M|100/100\n|-damage|p1a: Alomomola|88/100|[from] Stealth Rock\n|move|p2a: Blissey|Seismic Toss|p1a: Alomomola\n|-damage|p1a: Alomomola|69/100\n|\n|upkeep\n|turn|239\n|\n|t:|1782554826\n|switch|p2a: Toxapex|Toxapex, F|100/100 brn\n|move|p1a: Alomomola|Flip Turn|p2a: Toxapex\n|-resisted|p2a: Toxapex\n|-damage|p2a: Toxapex|96/100 brn\n|\n|t:|1782554838\n|switch|p1a: Cinderace|Cinderace, F|100/100|[from] Flip Turn\n|\n|-damage|p2a: Toxapex|90/100 brn|[from] brn\n|upkeep\n|turn|240\n|\n|t:|1782554841\n|move|p1a: Cinderace|U-turn|p2a: Toxapex\n|-start|p1a: Cinderace|typechange|Bug|[from] ability: Libero\n|-resisted|p2a: Toxapex\n|-damage|p2a: Toxapex|80/100 brn\n|j| drdisconnect2\n|\n|t:|1782554845\n|switch|p1a: Slowking|Slowking-Galar, F|100/100|[from] U-turn\n|-damage|p1a: Slowking|88/100|[from] Stealth Rock\n|move|p2a: Toxapex|Toxic Spikes|p1a: Slowking\n|-sidestart|p1: my2002|move: Toxic Spikes\n|\n|-damage|p2a: Toxapex|74/100 brn|[from] brn\n|upkeep\n|turn|241\n|\n|t:|1782554852\n|switch|p1a: Gliscor|Gliscor, M, tera:Normal|100/100 tox\n|-damage|p1a: Gliscor|88/100 tox|[from] Stealth Rock\n|move|p2a: Toxapex|Haze|p2a: Toxapex\n|-clearallboost\n|\n|-heal|p1a: Gliscor|100/100 tox|[from] ability: Poison Heal\n|-damage|p2a: Toxapex|68/100 brn|[from] brn\n|upkeep\n|turn|242\n|\n|t:|1782554855\n|switch|p2a: Dondozo|Dondozo, F|100/100 slp\n|move|p1a: Gliscor|Swords Dance|p1a: Gliscor\n|-boost|p1a: Gliscor|atk|2\n|\n|upkeep\n|turn|243\n|\n|t:|1782554861\n|move|p1a: Gliscor|Earthquake|p2a: Dondozo\n|-damage|p2a: Dondozo|79/100 slp\n|cant|p2a: Dondozo|slp\n|move|p2a: Dondozo|Sleep Talk|p2a: Dondozo\n|move|p2a: Dondozo|Rest||[from] move: Sleep Talk|[still]\n|-fail|p2a: Dondozo\n|\n|upkeep\n|turn|244\n|\n|t:|1782554869\n|switch|p1a: Alomomola|Alomomola, M|100/100\n|-damage|p1a: Alomomola|88/100|[from] Stealth Rock\n|-status|p1a: Alomomola|psn\n|cant|p2a: Dondozo|slp\n|move|p2a: Dondozo|Sleep Talk|p2a: Dondozo\n|move|p2a: Dondozo|Curse|p2a: Dondozo|[from] move: Sleep Talk\n|-unboost|p2a: Dondozo|spe|1\n|-boost|p2a: Dondozo|atk|1\n|-boost|p2a: Dondozo|def|1\n|\n|-damage|p1a: Alomomola|76/100 psn|[from] psn\n|upkeep\n|turn|245\n|\n|t:|1782554874\n|switch|p1a: Slowking|Slowking-Galar, F|100/100\n|-damage|p1a: Slowking|88/100|[from] Stealth Rock\n|-sideend|p1: my2002|move: Toxic Spikes|[of] p1a: Slowking\n|switch|p2a: Toxapex|Toxapex, F|100/100 brn\n|\n|-damage|p2a: Toxapex|95/100 brn|[from] brn\n|upkeep\n|turn|246\n|\n|t:|1782554879\n|switch|p2a: Blissey|Blissey, F, tera:Dark|68/100\n|switch|p1a: Gliscor|Gliscor, M, tera:Normal|100/100 tox\n|-damage|p1a: Gliscor|88/100 tox|[from] Stealth Rock\n|\n|-heal|p1a: Gliscor|100/100 tox|[from] ability: Poison Heal\n|upkeep\n|turn|247\n|\n|t:|1782554882\n|switch|p2a: Toxapex|Toxapex, F|100/100 brn\n|move|p1a: Gliscor|Swords Dance|p1a: Gliscor\n|-boost|p1a: Gliscor|atk|2\n|\n|-damage|p2a: Toxapex|95/100 brn|[from] brn\n|upkeep\n|turn|248\n|\n|t:|1782554886\n|switch|p2a: Dondozo|Dondozo, F|79/100 slp\n|move|p1a: Gliscor|Swords Dance|p1a: Gliscor\n|-boost|p1a: Gliscor|atk|2\n|\n|upkeep\n|turn|249\n|\n|t:|1782554893\n|move|p1a: Gliscor|Earthquake|p2a: Dondozo\n|-damage|p2a: Dondozo|57/100 slp\n|-curestatus|p2a: Dondozo|slp|[msg]\n|move|p2a: Dondozo|Curse|p2a: Dondozo\n|-unboost|p2a: Dondozo|spe|1\n|-boost|p2a: Dondozo|atk|1\n|-boost|p2a: Dondozo|def|1\n|\n|upkeep\n|turn|250\n|\n|t:|1782554902\n|switch|p1a: Slowking|Slowking-Galar, F|100/100\n|-damage|p1a: Slowking|88/100|[from] Stealth Rock\n|move|p2a: Dondozo|Rest|p2a: Dondozo\n|-status|p2a: Dondozo|slp|[from] move: Rest\n|-heal|p2a: Dondozo|100/100 slp|[silent]\n|\n|upkeep\n|turn|251\n|\n|t:|1782554911\n|switch|p2a: Toxapex|Toxapex, F|100/100 brn\n|move|p1a: Slowking|Flamethrower|p2a: Toxapex\n|-resisted|p2a: Toxapex\n|-crit|p2a: Toxapex\n|-damage|p2a: Toxapex|81/100 brn\n|\n|-damage|p2a: Toxapex|75/100 brn|[from] brn\n|upkeep\n|turn|252\n|\n|t:|1782554916\n|switch|p2a: Blissey|Blissey, F, tera:Dark|68/100\n|move|p1a: Slowking|Flamethrower|p2a: Blissey\n|-damage|p2a: Blissey|58/100\n|\n|upkeep\n|turn|253\n|\n|t:|1782554920\n|switch|p2a: Toxapex|Toxapex, F|100/100 brn\n|move|p1a: Slowking|Ice Beam|p2a: Toxapex\n|-resisted|p2a: Toxapex\n|-damage|p2a: Toxapex|89/100 brn\n|\n|-damage|p2a: Toxapex|83/100 brn|[from] brn\n|upkeep\n|turn|254\n|\n|t:|1782554925\n|move|p2a: Toxapex|Haze|p2a: Toxapex\n|-clearallboost\n|move|p1a: Slowking|Ice Beam|p2a: Toxapex\n|-resisted|p2a: Toxapex\n|-damage|p2a: Toxapex|71/100 brn\n|\n|-damage|p2a: Toxapex|65/100 brn|[from] brn\n|upkeep\n|turn|255\n|\n|t:|1782554929\n|switch|p2a: Blissey|Blissey, F, tera:Dark|58/100\n|move|p1a: Slowking|Ice Beam|p2a: Blissey\n|-damage|p2a: Blissey|50/100\n|-status|p2a: Blissey|frz\n|\n|upkeep\n|turn|256\n|\n|t:|1782554935\n|-curestatus|p2a: Blissey|frz|[from] ability: Natural Cure|[silent]\n|switch|p2a: Toxapex|Toxapex, F|98/100 brn\n|move|p1a: Slowking|Flamethrower|p2a: Toxapex\n|-resisted|p2a: Toxapex\n|-damage|p2a: Toxapex|87/100 brn\n|\n|-damage|p2a: Toxapex|81/100 brn|[from] brn\n|upkeep\n|turn|257\n|inactive|my2002 has 120 seconds left.\n|\n|t:|1782554946\n|switch|p1a: Alomomola|Alomomola, M|100/100 psn\n|-damage|p1a: Alomomola|88/100 psn|[from] Stealth Rock\n|move|p2a: Toxapex|Toxic Spikes|p1a: Alomomola\n|-sidestart|p1: my2002|move: Toxic Spikes\n|\n|-damage|p1a: Alomomola|76/100 psn|[from] psn\n|-damage|p2a: Toxapex|75/100 brn|[from] brn\n|upkeep\n|turn|258\n|\n|t:|1782554954\n|switch|p2a: Dondozo|Dondozo, F|100/100 slp\n|move|p1a: Alomomola|Body Slam|p2a: Dondozo\n|-damage|p2a: Dondozo|94/100 slp\n|\n|-damage|p1a: Alomomola|63/100 psn|[from] psn\n|upkeep\n|turn|259\n|\n|t:|1782554957\n|move|p1a: Alomomola|Flip Turn|p2a: Dondozo\n|-resisted|p2a: Dondozo\n|-crit|p2a: Dondozo\n|-damage|p2a: Dondozo|88/100 slp\n|\n|t:|1782554960\n|switch|p1a: Slowking|Slowking-Galar, F|100/100|[from] Flip Turn\n|-damage|p1a: Slowking|88/100|[from] Stealth Rock\n|-sideend|p1: my2002|move: Toxic Spikes|[of] p1a: Slowking\n|cant|p2a: Dondozo|slp\n|move|p2a: Dondozo|Sleep Talk|p2a: Dondozo\n|move|p2a: Dondozo|Rest||[from] move: Sleep Talk|[still]\n|-fail|p2a: Dondozo\n|\n|upkeep\n|turn|260\n|\n|t:|1782554964\n|switch|p2a: Toxapex|Toxapex, F|100/100 brn\n|switch|p1a: Alomomola|Alomomola, M|97/100 psn\n|-damage|p1a: Alomomola|84/100 psn|[from] Stealth Rock\n|\n|-damage|p1a: Alomomola|72/100 psn|[from] psn\n|-damage|p2a: Toxapex|95/100 brn|[from] brn\n|upkeep\n|turn|261\n|\n|t:|1782554969\n|move|p1a: Alomomola|Flip Turn|p2a: Toxapex\n|-resisted|p2a: Toxapex\n|-damage|p2a: Toxapex|90/100 brn\n|j| firecharmander004\n|\n|t:|1782554974\n|switch|p1a: Gliscor|Gliscor, M, tera:Normal|100/100 tox|[from] Flip Turn\n|-damage|p1a: Gliscor|88/100 tox|[from] Stealth Rock\n|move|p2a: Toxapex|Haze|p2a: Toxapex\n|-clearallboost\n|\n|-heal|p1a: Gliscor|100/100 tox|[from] ability: Poison Heal\n|-damage|p2a: Toxapex|84/100 brn|[from] brn\n|upkeep\n|turn|262\n|\n|t:|1782554979\n|move|p1a: Gliscor|Swords Dance|p1a: Gliscor\n|-boost|p1a: Gliscor|atk|2\n|move|p2a: Toxapex|Haze|p2a: Toxapex\n|-clearallboost\n|\n|-damage|p2a: Toxapex|78/100 brn|[from] brn\n|upkeep\n|turn|263\n|\n|t:|1782554983\n|switch|p2a: Dondozo|Dondozo, F|88/100 slp\n|move|p1a: Gliscor|Swords Dance|p1a: Gliscor\n|-boost|p1a: Gliscor|atk|2\n|\n|upkeep\n|turn|264\n|\n|t:|1782554988\n|move|p1a: Gliscor|Facade|p2a: Dondozo\n|-damage|p2a: Dondozo|59/100 slp\n|cant|p2a: Dondozo|slp\n|move|p2a: Dondozo|Sleep Talk|p2a: Dondozo\n|move|p2a: Dondozo|Waterfall|p1a: Gliscor|[from] move: Sleep Talk\n|-damage|p1a: Gliscor|76/100 tox\n|\n|-heal|p1a: Gliscor|88/100 tox|[from] ability: Poison Heal\n|upkeep\n|turn|265\n|\n|t:|1782554996\n|move|p1a: Gliscor|Facade|p2a: Dondozo\n|-damage|p2a: Dondozo|29/100 slp\n|-curestatus|p2a: Dondozo|slp|[msg]\n|move|p2a: Dondozo|Waterfall|p1a: Gliscor\n|-damage|p1a: Gliscor|66/100 tox\n|\n|-heal|p1a: Gliscor|78/100 tox|[from] ability: Poison Heal\n|upkeep\n|turn|266\n|l| drdisconnect2\n|\n|t:|1782555003\n|switch|p1a: Alomomola|Alomomola, M|100/100 psn\n|-damage|p1a: Alomomola|88/100 psn|[from] Stealth Rock\n|move|p2a: Dondozo|Curse|p2a: Dondozo\n|-unboost|p2a: Dondozo|spe|1\n|-boost|p2a: Dondozo|atk|1\n|-boost|p2a: Dondozo|def|1\n|\n|-damage|p1a: Alomomola|76/100 psn|[from] psn\n|upkeep\n|turn|267\n|\n|t:|1782555007\n|switch|p2a: Toxapex|Toxapex, F|100/100 brn\n|move|p1a: Alomomola|Flip Turn|p2a: Toxapex\n|-resisted|p2a: Toxapex\n|-damage|p2a: Toxapex|95/100 brn\n|\n|t:|1782555017\n|switch|p1a: Slowking|Slowking-Galar, F|100/100|[from] Flip Turn\n|-damage|p1a: Slowking|88/100|[from] Stealth Rock\n|\n|-damage|p2a: Toxapex|89/100 brn|[from] brn\n|upkeep\n|turn|268\n|\n|t:|1782555028\n|switch|p1a: Alomomola|Alomomola, M|100/100 psn\n|-damage|p1a: Alomomola|88/100 psn|[from] Stealth Rock\n|move|p2a: Toxapex|Toxic Spikes|p1a: Alomomola\n|-sidestart|p1: my2002|move: Toxic Spikes\n|\n|-damage|p1a: Alomomola|76/100 psn|[from] psn\n|-damage|p2a: Toxapex|83/100 brn|[from] brn\n|upkeep\n|turn|269\n|\n|t:|1782555036\n|switch|p1a: Slowking|Slowking-Galar, F|100/100\n|-damage|p1a: Slowking|88/100|[from] Stealth Rock\n|-sideend|p1: my2002|move: Toxic Spikes|[of] p1a: Slowking\n|move|p2a: Toxapex|Haze|p2a: Toxapex\n|-clearallboost\n|\n|-damage|p2a: Toxapex|77/100 brn|[from] brn\n|upkeep\n|turn|270\n|inactive|soccer fan 123 has 120 seconds left.\n|c| Kathryne Keyron|the timers are still that high?\n|\n|t:|1782555078\n|switch|p2a: Blissey|Blissey, F, tera:Dark|50/100\n|switch|p1a: Alomomola|Alomomola, M|100/100 psn\n|-damage|p1a: Alomomola|88/100 psn|[from] Stealth Rock\n|\n|-damage|p1a: Alomomola|76/100 psn|[from] psn\n|upkeep\n|turn|271\n|\n|t:|1782555085\n|switch|p2a: Toxapex|Toxapex, F|100/100 brn\n|move|p1a: Alomomola|Body Slam|p2a: Toxapex\n|-damage|p2a: Toxapex|91/100 brn\n|\n|-damage|p1a: Alomomola|63/100 psn|[from] psn\n|-damage|p2a: Toxapex|85/100 brn|[from] brn\n|upkeep\n|turn|272\n|inactive|soccer fan 123 has 90 seconds left.\n|\n|t:|1782555108\n|switch|p1a: Slowking|Slowking-Galar, F|100/100\n|-damage|p1a: Slowking|88/100|[from] Stealth Rock\n|move|p2a: Toxapex|Toxic Spikes|p1a: Slowking\n|-sidestart|p1: my2002|move: Toxic Spikes\n|\n|-damage|p2a: Toxapex|79/100 brn|[from] brn\n|upkeep\n|turn|273\n|\n|t:|1782555117\n|switch|p1a: Gliscor|Gliscor, M, tera:Normal|78/100 tox\n|-damage|p1a: Gliscor|66/100 tox|[from] Stealth Rock\n|move|p2a: Toxapex|Haze|p2a: Toxapex\n|-clearallboost\n|\n|-heal|p1a: Gliscor|78/100 tox|[from] ability: Poison Heal\n|-damage|p2a: Toxapex|73/100 brn|[from] brn\n|upkeep\n|turn|274\n|\n|t:|1782555122\n|move|p1a: Gliscor|Swords Dance|p1a: Gliscor\n|-boost|p1a: Gliscor|atk|2\n|move|p2a: Toxapex|Haze|p2a: Toxapex\n|-clearallboost\n|\n|-heal|p1a: Gliscor|91/100 tox|[from] ability: Poison Heal\n|-damage|p2a: Toxapex|67/100 brn|[from] brn\n|upkeep\n|turn|275\n|\n|t:|1782555125\n|switch|p2a: Dondozo|Dondozo, F|29/100\n|move|p1a: Gliscor|Swords Dance|p1a: Gliscor\n|-boost|p1a: Gliscor|atk|2\n|\n|-heal|p1a: Gliscor|100/100 tox|[from] ability: Poison Heal\n|upkeep\n|turn|276\n|\n|t:|1782555130\n|switch|p1a: Alomomola|Alomomola, M|97/100 psn\n|-damage|p1a: Alomomola|84/100 psn|[from] Stealth Rock\n|move|p2a: Dondozo|Curse|p2a: Dondozo\n|-unboost|p2a: Dondozo|spe|1\n|-boost|p2a: Dondozo|atk|1\n|-boost|p2a: Dondozo|def|1\n|\n|-damage|p1a: Alomomola|72/100 psn|[from] psn\n|upkeep\n|turn|277\n|\n|t:|1782555134\n|switch|p2a: Toxapex|Toxapex, F|99/100 brn\n|move|p1a: Alomomola|Flip Turn|p2a: Toxapex\n|-resisted|p2a: Toxapex\n|-damage|p2a: Toxapex|95/100 brn\n|\n|t:|1782555138\n|switch|p1a: Slowking|Slowking-Galar, F|100/100|[from] Flip Turn\n|-damage|p1a: Slowking|88/100|[from] Stealth Rock\n|-sideend|p1: my2002|move: Toxic Spikes|[of] p1a: Slowking\n|\n|-damage|p2a: Toxapex|89/100 brn|[from] brn\n|upkeep\n|turn|278\n|inactive|soccer fan 123 has 90 seconds left.\n|\n|t:|1782555150\n|switch|p2a: Blissey|Blissey, F, tera:Dark|50/100\n|switch|p1a: Gliscor|Gliscor, M, tera:Normal|100/100 tox\n|-damage|p1a: Gliscor|88/100 tox|[from] Stealth Rock\n|\n|-heal|p1a: Gliscor|100/100 tox|[from] ability: Poison Heal\n|upkeep\n|turn|279\n|\n|t:|1782555155\n|switch|p1a: Alomomola|Alomomola, M|100/100 psn\n|-damage|p1a: Alomomola|88/100 psn|[from] Stealth Rock\n|switch|p2a: Toxapex|Toxapex, F|100/100 brn\n|\n|-damage|p1a: Alomomola|76/100 psn|[from] psn\n|-damage|p2a: Toxapex|95/100 brn|[from] brn\n|upkeep\n|turn|280\n|\n|t:|1782555162\n|switch|p1a: Slowking|Slowking-Galar, F|100/100\n|-damage|p1a: Slowking|88/100|[from] Stealth Rock\n|move|p2a: Toxapex|Toxic Spikes|p1a: Slowking\n|-sidestart|p1: my2002|move: Toxic Spikes\n|\n|-damage|p2a: Toxapex|89/100 brn|[from] brn\n|upkeep\n|turn|281\n|j| MissBeckett\n|inactive|soccer fan 123 has 60 seconds left.\n|\n|t:|1782555205\n|switch|p2a: Blissey|Blissey, F, tera:Dark|50/100\n|switch|p1a: Gliscor|Gliscor, M, tera:Normal|100/100 tox\n|-damage|p1a: Gliscor|88/100 tox|[from] Stealth Rock\n|\n|-heal|p1a: Gliscor|100/100 tox|[from] ability: Poison Heal\n|upkeep\n|turn|282\n|\n|t:|1782555213\n|switch|p2a: Toxapex|Toxapex, F|100/100 brn\n|move|p1a: Gliscor|Swords Dance|p1a: Gliscor\n|-boost|p1a: Gliscor|atk|2\n|\n|-damage|p2a: Toxapex|95/100 brn|[from] brn\n|upkeep\n|turn|283\n|\n|t:|1782555230\n|switch|p1a: Cinderace|Cinderace, F|100/100\n|switch|p2a: Dondozo|Dondozo, F|29/100\n|\n|upkeep\n|turn|284\n|j| latespring14\n|inactive|my2002 has 120 seconds left.\n|\n|t:|1782555237\n|switch|p2a: Toxapex|Toxapex, F|100/100 brn\n|move|p1a: Cinderace|U-turn|p2a: Toxapex\n|-start|p1a: Cinderace|typechange|Bug|[from] ability: Libero\n|-resisted|p2a: Toxapex\n|-damage|p2a: Toxapex|90/100 brn\n|inactive|my2002 has 120 seconds left.\n|\n|t:|1782555245\n|switch|p1a: Slowking|Slowking-Galar, F|100/100|[from] U-turn\n|-damage|p1a: Slowking|88/100|[from] Stealth Rock\n|-sideend|p1: my2002|move: Toxic Spikes|[of] p1a: Slowking\n|\n|-damage|p2a: Toxapex|84/100 brn|[from] brn\n|upkeep\n|turn|285\n|\n|t:|1782555251\n|switch|p2a: Blissey|Blissey, F, tera:Dark|50/100\n|switch|p1a: Alomomola|Alomomola, M|100/100 psn\n|-damage|p1a: Alomomola|88/100 psn|[from] Stealth Rock\n|\n|-damage|p1a: Alomomola|76/100 psn|[from] psn\n|upkeep\n|turn|286\n|\n|t:|1782555271\n|switch|p2a: Toxapex|Toxapex, F|100/100 brn\n|switch|p1a: Whimsicott|Whimsicott, M|100/100\n|-damage|p1a: Whimsicott|88/100|[from] Stealth Rock\n|\n|-heal|p1a: Whimsicott|94/100|[from] item: Leftovers\n|-damage|p2a: Toxapex|95/100 brn|[from] brn\n|upkeep\n|turn|287\n|\n|t:|1782555285\n|switch|p2a: Clodsire|Clodsire, F|44/100\n|move|p1a: Whimsicott|Substitute|p1a: Whimsicott\n|-start|p1a: Whimsicott|Substitute\n|-damage|p1a: Whimsicott|70/100\n|\n|-heal|p1a: Whimsicott|76/100|[from] item: Leftovers\n|upkeep\n|turn|288\n|inactive|soccer fan 123 has 30 seconds left.\n|\n|t:|1782555300\n|move|p1a: Whimsicott|Leech Seed|p2a: Clodsire\n|-start|p2a: Clodsire|move: Leech Seed\n|move|p2a: Clodsire|Recover|p2a: Clodsire\n|-heal|p2a: Clodsire|94/100\n|\n|-heal|p1a: Whimsicott|82/100|[from] item: Leftovers\n|-damage|p2a: Clodsire|82/100|[from] Leech Seed|[of] p1a: Whimsicott\n|-heal|p1a: Whimsicott|98/100|[silent]\n|upkeep\n|turn|289\n|inactive|soccer fan 123 has 30 seconds left this turn.\n|\n|t:|1782555305\n|switch|p2a: Toxapex|Toxapex, F|100/100 brn\n|move|p1a: Whimsicott|Leech Seed|p2a: Toxapex\n|-start|p2a: Toxapex|move: Leech Seed\n|\n|-heal|p1a: Whimsicott|100/100|[from] item: Leftovers\n|-damage|p2a: Toxapex|88/100 brn|[from] Leech Seed|[of] p1a: Whimsicott\n|-damage|p2a: Toxapex|82/100 brn|[from] brn\n|upkeep\n|turn|290\n|\n|t:|1782555308\n|switch|p2a: Clodsire|Clodsire, F|82/100\n|move|p1a: Whimsicott|Leech Seed|p2a: Clodsire|[miss]\n|-miss|p1a: Whimsicott|p2a: Clodsire\n|\n|upkeep\n|turn|291\n|\n|t:|1782555314\n|move|p1a: Whimsicott|Leech Seed|p2a: Clodsire\n|-start|p2a: Clodsire|move: Leech Seed\n|move|p2a: Clodsire|Spikes|p1a: Whimsicott\n|-sidestart|p1: my2002|Spikes\n|\n|-damage|p2a: Clodsire|70/100|[from] Leech Seed|[of] p1a: Whimsicott\n|upkeep\n|turn|292\n|l| latespring14\n|inactive|my2002 has 90 seconds left.\n|\n|t:|1782555336\n|switch|p1a: Alomomola|Alomomola, M|100/100 psn\n|-damage|p1a: Alomomola|88/100 psn|[from] Stealth Rock\n|-damage|p1a: Alomomola|76/100 psn|[from] Spikes\n|move|p2a: Clodsire|Spikes|p1a: Alomomola\n|-sidestart|p1: my2002|Spikes\n|\n|-damage|p2a: Clodsire|57/100|[from] Leech Seed|[of] p1a: Alomomola\n|-heal|p1a: Alomomola|86/100 psn|[silent]\n|-damage|p1a: Alomomola|73/100 psn|[from] psn\n|upkeep\n|turn|293\n|inactive|soccer fan 123 has 30 seconds left.\n|\n|t:|1782555348\n|switch|p2a: Toxapex|Toxapex, F|100/100 brn\n|move|p1a: Alomomola|Wish|p1a: Alomomola\n|\n|-damage|p1a: Alomomola|61/100 psn|[from] psn\n|-damage|p2a: Toxapex|95/100 brn|[from] brn\n|upkeep\n|turn|294\n|inactive|soccer fan 123 has 30 seconds left.\n|\n|t:|1782555355\n|switch|p1a: Gliscor|Gliscor, M, tera:Normal|100/100 tox\n|-damage|p1a: Gliscor|88/100 tox|[from] Stealth Rock\n|-damage|p1a: Gliscor|72/100 tox|[from] Spikes\n|move|p2a: Toxapex|Toxic|p1a: Gliscor\n|-fail|p1a: Gliscor|tox\n|\n|-heal|p1a: Gliscor|100/100 tox|[from] move: Wish|[wisher] Alomomola\n|-damage|p2a: Toxapex|89/100 brn|[from] brn\n|upkeep\n|turn|295\n|inactive|soccer fan 123 has 30 seconds left this turn.\n|inactive|my2002 has 90 seconds left.\n|\n|t:|1782555360\n|switch|p1a: Slowking|Slowking-Galar, F|100/100\n|-damage|p1a: Slowking|88/100|[from] Stealth Rock\n|-damage|p1a: Slowking|71/100|[from] Spikes\n|switch|p2a: Dondozo|Dondozo, F|29/100\n|\n|upkeep\n|turn|296\n|inactive|my2002 has 90 seconds left.\n|\n|t:|1782555379\n|switch|p2a: Toxapex|Toxapex, F|100/100 brn\n|move|p1a: Slowking|Psychic Noise|p2a: Toxapex\n|-supereffective|p2a: Toxapex\n|-damage|p2a: Toxapex|45/100 brn\n|-start|p2a: Toxapex|move: Heal Block\n|\n|-damage|p2a: Toxapex|39/100 brn|[from] brn\n|upkeep\n|turn|297\n|inactive|soccer fan 123 has 30 seconds left.\n|\n|t:|1782555388\n|switch|p2a: Blissey|Blissey, F, tera:Dark|50/100\n|move|p1a: Slowking|Sludge Wave|p2a: Blissey\n|-damage|p2a: Blissey|35/100\n|\n|upkeep\n|turn|298\n|\n|t:|1782555393\n|move|p2a: Blissey|Soft-Boiled|p2a: Blissey\n|-heal|p2a: Blissey|85/100\n|move|p1a: Slowking|Flamethrower|p2a: Blissey\n|-damage|p2a: Blissey|76/100\n|\n|upkeep\n|turn|299\n|\n|t:|1782555401\n|switch|p2a: Toxapex|Toxapex, F|72/100 brn\n|move|p1a: Slowking|Ice Beam|p2a: Toxapex\n|-resisted|p2a: Toxapex\n|-damage|p2a: Toxapex|60/100 brn\n|\n|-damage|p2a: Toxapex|54/100 brn|[from] brn\n|upkeep\n|turn|300\n|\n|t:|1782555407\n|switch|p2a: Blissey|Blissey, F, tera:Dark|76/100\n|move|p1a: Slowking|Flamethrower|p2a: Blissey\n|-damage|p2a: Blissey|67/100\n|\n|upkeep\n|turn|301\n|\n|t:|1782555414\n|switch|p2a: Toxapex|Toxapex, F|87/100 brn\n|move|p1a: Slowking|Ice Beam|p2a: Toxapex\n|-resisted|p2a: Toxapex\n|-damage|p2a: Toxapex|76/100 brn\n|\n|-damage|p2a: Toxapex|70/100 brn|[from] brn\n|upkeep\n|turn|302\n|\n|t:|1782555418\n|move|p2a: Toxapex|Recover|p2a: Toxapex\n|-heal|p2a: Toxapex|100/100 brn\n|move|p1a: Slowking|Flamethrower|p2a: Toxapex\n|-resisted|p2a: Toxapex\n|-damage|p2a: Toxapex|88/100 brn\n|\n|-damage|p2a: Toxapex|82/100 brn|[from] brn\n|upkeep\n|turn|303\n|\n|t:|1782555431\n|switch|p1a: Cinderace|Cinderace, F|100/100\n|move|p2a: Toxapex|Toxic Spikes|p1a: Cinderace\n|-sidestart|p1: my2002|move: Toxic Spikes\n|\n|-damage|p2a: Toxapex|76/100 brn|[from] brn\n|upkeep\n|turn|304\n|\n|t:|1782555438\n|move|p1a: Cinderace|U-turn|p2a: Toxapex\n|-start|p1a: Cinderace|typechange|Bug|[from] ability: Libero\n|-resisted|p2a: Toxapex\n|-damage|p2a: Toxapex|66/100 brn\n|\n|t:|1782555441\n|switch|p1a: Slowking|Slowking-Galar, F|100/100|[from] U-turn\n|-damage|p1a: Slowking|88/100|[from] Stealth Rock\n|-damage|p1a: Slowking|71/100|[from] Spikes\n|-sideend|p1: my2002|move: Toxic Spikes|[of] p1a: Slowking\n|move|p2a: Toxapex|Toxic|p1a: Slowking\n|-immune|p1a: Slowking\n|\n|-damage|p2a: Toxapex|60/100 brn|[from] brn\n|upkeep\n|turn|305\n|\n|t:|1782555450\n|switch|p2a: Blissey|Blissey, F, tera:Dark|67/100\n|move|p1a: Slowking|Ice Beam|p2a: Blissey\n|-damage|p2a: Blissey|59/100\n|\n|upkeep\n|turn|306\n|\n|t:|1782555455\n|switch|p2a: Toxapex|Toxapex, F|94/100 brn\n|switch|p1a: Cinderace|Cinderace, F|100/100\n|\n|-damage|p2a: Toxapex|88/100 brn|[from] brn\n|upkeep\n|turn|307\n|\n|t:|1782555462\n|switch|p1a: Slowking|Slowking-Galar, F|100/100\n|-damage|p1a: Slowking|88/100|[from] Stealth Rock\n|-damage|p1a: Slowking|71/100|[from] Spikes\n|move|p2a: Toxapex|Toxic|p1a: Slowking\n|-immune|p1a: Slowking\n|\n|-damage|p2a: Toxapex|82/100 brn|[from] brn\n|upkeep\n|turn|308\n|\n|t:|1782555469\n|switch|p1a: Gliscor|Gliscor, M, tera:Normal|100/100 tox\n|-damage|p1a: Gliscor|88/100 tox|[from] Stealth Rock\n|-damage|p1a: Gliscor|72/100 tox|[from] Spikes\n|move|p2a: Toxapex|Toxic Spikes|p1a: Gliscor\n|-sidestart|p1: my2002|move: Toxic Spikes\n|\n|-heal|p1a: Gliscor|84/100 tox|[from] ability: Poison Heal\n|-damage|p2a: Toxapex|76/100 brn|[from] brn\n|upkeep\n|turn|309\n|\n|t:|1782555471\n|switch|p1a: Slowking|Slowking-Galar, F|100/100\n|-damage|p1a: Slowking|88/100|[from] Stealth Rock\n|-damage|p1a: Slowking|71/100|[from] Spikes\n|-sideend|p1: my2002|move: Toxic Spikes|[of] p1a: Slowking\n|switch|p2a: Dondozo|Dondozo, F|29/100\n|\n|upkeep\n|turn|310\n|\n|t:|1782555476\n|switch|p2a: Toxapex|Toxapex, F|100/100 brn\n|switch|p1a: Cinderace|Cinderace, F|100/100\n|\n|-damage|p2a: Toxapex|95/100 brn|[from] brn\n|upkeep\n|turn|311\n|\n|t:|1782555480\n|move|p1a: Cinderace|U-turn|p2a: Toxapex\n|-start|p1a: Cinderace|typechange|Bug|[from] ability: Libero\n|-resisted|p2a: Toxapex\n|-damage|p2a: Toxapex|84/100 brn\n|\n|t:|1782555486\n|switch|p1a: Gliscor|Gliscor, M, tera:Normal|84/100 tox|[from] U-turn\n|-damage|p1a: Gliscor|72/100 tox|[from] Stealth Rock\n|-damage|p1a: Gliscor|55/100 tox|[from] Spikes\n|move|p2a: Toxapex|Toxic Spikes|p1a: Gliscor\n|-sidestart|p1: my2002|move: Toxic Spikes\n|\n|-heal|p1a: Gliscor|67/100 tox|[from] ability: Poison Heal\n|-damage|p2a: Toxapex|78/100 brn|[from] brn\n|upkeep\n|turn|312\n|\n|t:|1782555501\n|move|p1a: Gliscor|Agility|p1a: Gliscor\n|-boost|p1a: Gliscor|spe|2\n|move|p2a: Toxapex|Toxic|p1a: Gliscor\n|-fail|p1a: Gliscor|tox\n|\n|-heal|p1a: Gliscor|80/100 tox|[from] ability: Poison Heal\n|-damage|p2a: Toxapex|72/100 brn|[from] brn\n|upkeep\n|turn|313\n|\n|t:|1782555509\n|switch|p2a: Dondozo|Dondozo, F|29/100\n|move|p1a: Gliscor|Swords Dance|p1a: Gliscor\n|-boost|p1a: Gliscor|atk|2\n|\n|-heal|p1a: Gliscor|92/100 tox|[from] ability: Poison Heal\n|upkeep\n|turn|314\n|\n|t:|1782555514\n|move|p1a: Gliscor|Agility|p1a: Gliscor\n|-boost|p1a: Gliscor|spe|2\n|move|p2a: Dondozo|Curse|p2a: Dondozo\n|-unboost|p2a: Dondozo|spe|1\n|-boost|p2a: Dondozo|atk|1\n|-boost|p2a: Dondozo|def|1\n|\n|-heal|p1a: Gliscor|100/100 tox|[from] ability: Poison Heal\n|upkeep\n|turn|315\n|l| infopro play392\n|\n|t:|1782555519\n|switch|p1a: Slowking|Slowking-Galar, F|100/100\n|-damage|p1a: Slowking|88/100|[from] Stealth Rock\n|-damage|p1a: Slowking|71/100|[from] Spikes\n|-sideend|p1: my2002|move: Toxic Spikes|[of] p1a: Slowking\n|move|p2a: Dondozo|Waterfall|p1a: Slowking\n|-damage|p1a: Slowking|28/100\n|\n|upkeep\n|turn|316\n|\n|t:|1782555525\n|switch|p2a: Toxapex|Toxapex, F|100/100 brn\n|switch|p1a: Alomomola|Alomomola, M|94/100 psn\n|-damage|p1a: Alomomola|82/100 psn|[from] Stealth Rock\n|-damage|p1a: Alomomola|65/100 psn|[from] Spikes\n|\n|-damage|p1a: Alomomola|53/100 psn|[from] psn\n|-damage|p2a: Toxapex|95/100 brn|[from] brn\n|upkeep\n|turn|317\n|\n|t:|1782555530\n|move|p1a: Alomomola|Wish|p1a: Alomomola\n|move|p2a: Toxapex|Toxic Spikes|p1a: Alomomola\n|-sidestart|p1: my2002|move: Toxic Spikes\n|\n|-damage|p1a: Alomomola|41/100 psn|[from] psn\n|-damage|p2a: Toxapex|89/100 brn|[from] brn\n|upkeep\n|turn|318\n|\n|t:|1782555534\n|move|p1a: Alomomola|Flip Turn|p2a: Toxapex\n|-resisted|p2a: Toxapex\n|-damage|p2a: Toxapex|84/100 brn\n|\n|t:|1782555537\n|switch|p1a: Slowking|Slowking-Galar, F|61/100|[from] Flip Turn\n|-damage|p1a: Slowking|49/100|[from] Stealth Rock\n|-damage|p1a: Slowking|32/100|[from] Spikes\n|-sideend|p1: my2002|move: Toxic Spikes|[of] p1a: Slowking\n|move|p2a: Toxapex|Toxic|p1a: Slowking\n|-immune|p1a: Slowking\n|\n|-heal|p1a: Slowking|100/100|[from] move: Wish|[wisher] Alomomola\n|-damage|p2a: Toxapex|78/100 brn|[from] brn\n|upkeep\n|turn|319\n|\n|t:|1782555561\n|switch|p1a: Cinderace|Cinderace, F|100/100\n|move|p2a: Toxapex|Toxic Spikes|p1a: Cinderace\n|-sidestart|p1: my2002|move: Toxic Spikes\n|\n|-damage|p2a: Toxapex|72/100 brn|[from] brn\n|upkeep\n|turn|320\n|\n|t:|1782555563\n|switch|p1a: Slowking|Slowking-Galar, F|100/100\n|-damage|p1a: Slowking|88/100|[from] Stealth Rock\n|-damage|p1a: Slowking|71/100|[from] Spikes\n|-sideend|p1: my2002|move: Toxic Spikes|[of] p1a: Slowking\n|move|p2a: Toxapex|Toxic|p1a: Slowking\n|-immune|p1a: Slowking\n|\n|-damage|p2a: Toxapex|66/100 brn|[from] brn\n|upkeep\n|turn|321\n|\n|t:|1782555573\n|switch|p2a: Blissey|Blissey, F, tera:Dark|59/100\n|switch|p1a: Cinderace|Cinderace, F|100/100\n|\n|upkeep\n|turn|322\n|\n|t:|1782555577\n|switch|p2a: Toxapex|Toxapex, F|99/100 brn\n|move|p1a: Cinderace|Court Change|p1a: Cinderace\n|-start|p1a: Cinderace|typechange|Normal|[from] ability: Libero\n|-swapsideconditions\n|-activate|p1a: Cinderace|move: Court Change\n|\n|-damage|p2a: Toxapex|93/100 brn|[from] brn\n|upkeep\n|turn|323\n|\n|t:|1782555589\n|move|p1a: Cinderace|U-turn|p2a: Toxapex\n|-resisted|p2a: Toxapex\n|-damage|p2a: Toxapex|87/100 brn\n|\n|t:|1782555602\n|switch|p1a: Slowking|Slowking-Galar, F|100/100|[from] U-turn\n|-damage|p1a: Slowking|88/100|[from] Stealth Rock\n|move|p2a: Toxapex|Toxic Spikes|p1a: Slowking\n|-sidestart|p1: my2002|move: Toxic Spikes\n|\n|-damage|p2a: Toxapex|81/100 brn|[from] brn\n|upkeep\n|turn|324\n|\n|t:|1782555609\n|switch|p2a: Clodsire|Clodsire, F|57/100\n|switch|p1a: Gliscor|Gliscor, M, tera:Normal|100/100 tox\n|-damage|p1a: Gliscor|88/100 tox|[from] Stealth Rock\n|\n|-heal|p1a: Gliscor|100/100 tox|[from] ability: Poison Heal\n|upkeep\n|turn|325\n|\n|t:|1782555615\n|switch|p2a: Toxapex|Toxapex, F|100/100 brn\n|move|p1a: Gliscor|Swords Dance|p1a: Gliscor\n|-boost|p1a: Gliscor|atk|2\n|\n|-damage|p2a: Toxapex|95/100 brn|[from] brn\n|upkeep\n|turn|326\n|\n|t:|1782555625\n|switch|p2a: Dondozo|Dondozo, F|29/100\n|move|p1a: Gliscor|Swords Dance|p1a: Gliscor\n|-boost|p1a: Gliscor|atk|2\n|\n|upkeep\n|turn|327\n|inactive|my2002 has 60 seconds left.\n|\n|t:|1782555632\n|switch|p2a: Clodsire|Clodsire, F|57/100\n|move|p1a: Gliscor|Agility|p1a: Gliscor\n|-boost|p1a: Gliscor|spe|2\n|\n|upkeep\n|turn|328\n|\n|t:|1782555635\n|switch|p2a: Dondozo|Dondozo, F|29/100\n|move|p1a: Gliscor|Agility|p1a: Gliscor\n|-boost|p1a: Gliscor|spe|2\n|\n|upkeep\n|turn|329\n|\n|t:|1782555639\n|move|p1a: Gliscor|Agility|p1a: Gliscor\n|-boost|p1a: Gliscor|spe|2\n|move|p2a: Dondozo|Curse|p2a: Dondozo\n|-unboost|p2a: Dondozo|spe|1\n|-boost|p2a: Dondozo|atk|1\n|-boost|p2a: Dondozo|def|1\n|\n|upkeep\n|turn|330\n|inactive|my2002 has 60 seconds left.\n|\n|t:|1782555653\n|switch|p1a: Slowking|Slowking-Galar, F|100/100\n|-damage|p1a: Slowking|88/100|[from] Stealth Rock\n|-sideend|p1: my2002|move: Toxic Spikes|[of] p1a: Slowking\n|move|p2a: Dondozo|Waterfall|p1a: Slowking\n|-damage|p1a: Slowking|42/100\n|\n|upkeep\n|turn|331\n|\n|t:|1782555665\n|switch|p2a: Toxapex|Toxapex, F|100/100 brn\n|switch|p1a: Gliscor|Gliscor, M, tera:Normal|100/100 tox\n|-damage|p1a: Gliscor|88/100 tox|[from] Stealth Rock\n|\n|-heal|p1a: Gliscor|100/100 tox|[from] ability: Poison Heal\n|-damage|p2a: Toxapex|95/100 brn|[from] brn\n|upkeep\n|turn|332\n|\n|t:|1782555672\n|switch|p2a: Dondozo|Dondozo, F|29/100\n|move|p1a: Gliscor|Swords Dance|p1a: Gliscor\n|-boost|p1a: Gliscor|atk|2\n|\n|upkeep\n|turn|333\n|\n|t:|1782555677\n|move|p1a: Gliscor|Agility|p1a: Gliscor\n|-boost|p1a: Gliscor|spe|2\n|move|p2a: Dondozo|Curse|p2a: Dondozo\n|-unboost|p2a: Dondozo|spe|1\n|-boost|p2a: Dondozo|atk|1\n|-boost|p2a: Dondozo|def|1\n|\n|upkeep\n|turn|334\n|\n|t:|1782555686\n|switch|p1a: Alomomola|Alomomola, M|74/100 psn\n|-damage|p1a: Alomomola|62/100 psn|[from] Stealth Rock\n|move|p2a: Dondozo|Waterfall|p1a: Alomomola\n|-resisted|p1a: Alomomola\n|-damage|p1a: Alomomola|50/100 psn\n|\n|-damage|p1a: Alomomola|38/100 psn|[from] psn\n|upkeep\n|turn|335\n|\n|t:|1782555690\n|switch|p2a: Toxapex|Toxapex, F|100/100 brn\n|move|p1a: Alomomola|Flip Turn|p2a: Toxapex\n|-resisted|p2a: Toxapex\n|-damage|p2a: Toxapex|95/100 brn\n|\n|t:|1782555700\n|switch|p1a: Kyurem|Kyurem|28/100|[from] Flip Turn\n|-damage|p1a: Kyurem|3/100|[from] Stealth Rock\n|-ability|p1a: Kyurem|Pressure\n|\n|-heal|p1a: Kyurem|9/100|[from] item: Leftovers\n|-damage|p2a: Toxapex|89/100 brn|[from] brn\n|upkeep\n|turn|336\n|\n|t:|1782555708\n|move|p1a: Kyurem|Protect|p1a: Kyurem\n|-singleturn|p1a: Kyurem|Protect\n|move|p2a: Toxapex|Toxic Spikes|p1a: Kyurem\n|-sidestart|p1: my2002|move: Toxic Spikes\n|\n|-heal|p1a: Kyurem|15/100|[from] item: Leftovers\n|-damage|p2a: Toxapex|83/100 brn|[from] brn\n|upkeep\n|turn|337\n|\n|t:|1782555712\n|move|p1a: Kyurem|Freeze-Dry|p2a: Toxapex\n|-supereffective|p2a: Toxapex\n|-damage|p2a: Toxapex|21/100 brn\n|move|p2a: Toxapex|Toxic|p1a: Kyurem\n|-status|p1a: Kyurem|tox\n|\n|-heal|p1a: Kyurem|21/100 tox|[from] item: Leftovers\n|-damage|p1a: Kyurem|15/100 tox|[from] psn\n|-damage|p2a: Toxapex|15/100 brn|[from] brn\n|upkeep\n|turn|338\n|\n|t:|1782555720\n|switch|p2a: Blissey|Blissey, F, tera:Dark|59/100\n|move|p1a: Kyurem|Freeze-Dry|p2a: Blissey\n|-damage|p2a: Blissey|47/100\n|\n|-heal|p1a: Kyurem|21/100 tox|[from] item: Leftovers\n|-damage|p1a: Kyurem|9/100 tox|[from] psn\n|upkeep\n|turn|339\n|\n|t:|1782555726\n|switch|p1a: Slowking|Slowking-Galar, F|75/100\n|-damage|p1a: Slowking|63/100|[from] Stealth Rock\n|-sideend|p1: my2002|move: Toxic Spikes|[of] p1a: Slowking\n|move|p2a: Blissey|Protect||[still]\n|-fail|p2a: Blissey\n|\n|upkeep\n|turn|340\n|\n|t:|1782555754\n|switch|p1a: Cinderace|Cinderace, F|100/100\n|move|p2a: Blissey|Stealth Rock||[still]\n|-fail|p2a: Blissey\n|\n|upkeep\n|turn|341\n|\n|t:|1782555759\n|switch|p2a: Toxapex|Toxapex, F|49/100 brn\n|move|p1a: Cinderace|U-turn|p2a: Toxapex\n|-start|p1a: Cinderace|typechange|Bug|[from] ability: Libero\n|-resisted|p2a: Toxapex\n|-crit|p2a: Toxapex\n|-damage|p2a: Toxapex|34/100 brn\n|\n|t:|1782555770\n|switch|p1a: Slowking|Slowking-Galar, F|96/100|[from] U-turn\n|-damage|p1a: Slowking|84/100|[from] Stealth Rock\n|\n|-damage|p2a: Toxapex|28/100 brn|[from] brn\n|upkeep\n|turn|342\n|\n|t:|1782555776\n|switch|p2a: Blissey|Blissey, F, tera:Dark|47/100\n|move|p1a: Slowking|Sludge Wave|p2a: Blissey\n|-crit|p2a: Blissey\n|-damage|p2a: Blissey|24/100\n|\n|upkeep\n|turn|343\n|inactive|my2002 has 30 seconds left.\n|\n|t:|1782555786\n|move|p2a: Blissey|Soft-Boiled|p2a: Blissey\n|-heal|p2a: Blissey|74/100\n|move|p1a: Slowking|Flamethrower|p2a: Blissey\n|-damage|p2a: Blissey|65/100\n|\n|upkeep\n|turn|344\n|inactive|my2002 has 30 seconds left this turn.\n|\n|t:|1782555791\n|move|p2a: Blissey|Protect|p2a: Blissey\n|-singleturn|p2a: Blissey|Protect\n|move|p1a: Slowking|Ice Beam|p2a: Blissey\n|-activate|p2a: Blissey|move: Protect\n|\n|upkeep\n|turn|345\n|inactive|my2002 has 30 seconds left this turn.\n|\n|t:|1782555797\n|switch|p1a: Cinderace|Cinderace, F|100/100\n|move|p2a: Blissey|Seismic Toss|p1a: Cinderace\n|-damage|p1a: Cinderace|67/100\n|\n|upkeep\n|turn|346\n|inactive|my2002 has 30 seconds left this turn.\n|\n|t:|1782555801\n|switch|p2a: Toxapex|Toxapex, F|61/100 brn\n|move|p1a: Cinderace|U-turn|p2a: Toxapex\n|-start|p1a: Cinderace|typechange|Bug|[from] ability: Libero\n|-resisted|p2a: Toxapex\n|-damage|p2a: Toxapex|50/100 brn\n|inactive|my2002 has 30 seconds left.\n|inactive|my2002 has 20 seconds left.\n|\n|t:|1782555818\n|switch|p1a: Gliscor|Gliscor, M, tera:Normal|100/100 tox|[from] U-turn\n|-damage|p1a: Gliscor|88/100 tox|[from] Stealth Rock\n|\n|-heal|p1a: Gliscor|100/100 tox|[from] ability: Poison Heal\n|-damage|p2a: Toxapex|44/100 brn|[from] brn\n|upkeep\n|turn|347\n|inactive|my2002 has 25 seconds left this turn.\n|inactive|my2002 has 20 seconds left.\n|inactive|soccer fan 123 has 60 seconds left.\n|\n|t:|1782555825\n|switch|p2a: Dondozo|Dondozo, F|29/100\n|move|p1a: Gliscor|Swords Dance|p1a: Gliscor\n|-boost|p1a: Gliscor|atk|2\n|\n|upkeep\n|turn|348\n|inactive|my2002 has 20 seconds left this turn.\n|\n|t:|1782555832\n|move|p1a: Gliscor|Earthquake|p2a: Dondozo\n|-damage|p2a: Dondozo|10/100\n|move|p2a: Dondozo|Curse|p2a: Dondozo\n|-unboost|p2a: Dondozo|spe|1\n|-boost|p2a: Dondozo|atk|1\n|-boost|p2a: Dondozo|def|1\n|\n|upkeep\n|turn|349\n|inactive|my2002 has 25 seconds left this turn.\n|\n|t:|1782555836\n|switch|p1a: Whimsicott|Whimsicott, M|100/100\n|-damage|p1a: Whimsicott|88/100|[from] Stealth Rock\n|move|p2a: Dondozo|Waterfall|p1a: Whimsicott\n|-resisted|p1a: Whimsicott\n|-damage|p1a: Whimsicott|70/100\n|\n|-heal|p1a: Whimsicott|76/100|[from] item: Leftovers\n|upkeep\n|turn|350\n|inactive|my2002 has 25 seconds left this turn.\n|\n|t:|1782555841\n|switch|p2a: Clodsire|Clodsire, F|57/100\n|move|p1a: Whimsicott|U-turn|p2a: Clodsire\n|-resisted|p2a: Clodsire\n|-damage|p2a: Clodsire|52/100\n|inactive|my2002 has 30 seconds left this turn.\n|\n|t:|1782555846\n|switch|p1a: Slowking|Slowking-Galar, F|100/100|[from] U-turn\n|-damage|p1a: Slowking|88/100|[from] Stealth Rock\n|\n|upkeep\n|turn|351\n|inactive|my2002 has 25 seconds left this turn.\n|inactive|soccer fan 123 has 60 seconds left.\n|\n|t:|1782555853\n|switch|p1a: Gliscor|Gliscor, M, tera:Normal|100/100 tox\n|-damage|p1a: Gliscor|88/100 tox|[from] Stealth Rock\n|move|p2a: Clodsire|Spikes|p1a: Gliscor\n|-sidestart|p1: my2002|Spikes\n|\n|-heal|p1a: Gliscor|100/100 tox|[from] ability: Poison Heal\n|upkeep\n|turn|352\n|inactive|my2002 has 30 seconds left this turn.\n|\n|t:|1782555860\n|switch|p2a: Toxapex|Toxapex, F|78/100 brn\n|move|p1a: Gliscor|Swords Dance|p1a: Gliscor\n|-boost|p1a: Gliscor|atk|2\n|\n|-damage|p2a: Toxapex|72/100 brn|[from] brn\n|upkeep\n|turn|353\n|inactive|my2002 has 25 seconds left this turn.\n|inactive|my2002 has 20 seconds left.\n|\n|t:|1782555866\n|switch|p2a: Dondozo|Dondozo, F|10/100\n|move|p1a: Gliscor|Earthquake|p2a: Dondozo\n|-damage|p2a: Dondozo|0 fnt\n|faint|p2a: Dondozo\n|\n|upkeep\n|\n|t:|1782555871\n|switch|p2a: Clodsire|Clodsire, F|52/100\n|turn|354\n|inactive|my2002 has 25 seconds left this turn.\n|inactive|my2002 has 20 seconds left.\n|\n|t:|1782555879\n|switch|p1a: Cinderace|Cinderace, F|67/100\n|move|p2a: Clodsire|Spikes|p1a: Cinderace\n|-sidestart|p1: my2002|Spikes\n|\n|upkeep\n|turn|355\n|inactive|my2002 has 25 seconds left this turn.\n|inactive|my2002 has 20 seconds left.\n|\n|t:|1782555885\n|switch|p2a: Toxapex|Toxapex, F|100/100 brn\n|move|p1a: Cinderace|Pyro Ball|p2a: Toxapex\n|-resisted|p2a: Toxapex\n|-damage|p2a: Toxapex|83/100 brn\n|\n|-damage|p2a: Toxapex|77/100 brn|[from] brn\n|upkeep\n|turn|356\n|inactive|my2002 has 20 seconds left this turn.\n|inactive|my2002 has 15 seconds left.\n|inactive|soccer fan 123 has 60 seconds left.\n|\n|t:|1782555896\n|move|p1a: Cinderace|U-turn|p2a: Toxapex\n|-start|p1a: Cinderace|typechange|Bug|[from] ability: Libero\n|-resisted|p2a: Toxapex\n|-damage|p2a: Toxapex|67/100 brn\n|inactive|my2002 has 20 seconds left this turn.\n|inactive|my2002 has 15 seconds left.\n|inactive|my2002 has 10 seconds left.\n|\n|t:|1782555907\n|switch|p1a: Whimsicott|Whimsicott, M|76/100|[from] U-turn\n|-damage|p1a: Whimsicott|63/100|[from] Stealth Rock\n|-damage|p1a: Whimsicott|47/100|[from] Spikes\n|move|p2a: Toxapex|Haze|p2a: Toxapex\n|-clearallboost\n|\n|-heal|p1a: Whimsicott|53/100|[from] item: Leftovers\n|-damage|p2a: Toxapex|61/100 brn|[from] brn\n|upkeep\n|turn|357\n|inactive|my2002 has 10 seconds left this turn.\n|inactive|soccer fan 123 has 60 seconds left.\n|\n|t:|1782555913\n|switch|p2a: Clodsire|Clodsire, F|52/100\n|move|p1a: Whimsicott|Leech Seed|p2a: Clodsire\n|-start|p2a: Clodsire|move: Leech Seed\n|\n|-heal|p1a: Whimsicott|59/100|[from] item: Leftovers\n|-damage|p2a: Clodsire|40/100|[from] Leech Seed|[of] p1a: Whimsicott\n|-heal|p1a: Whimsicott|76/100|[silent]\n|upkeep\n|turn|358\n|inactive|my2002 has 15 seconds left this turn.\n|inactive|soccer fan 123 has 60 seconds left.\n|\n|t:|1782555923\n|move|p1a: Whimsicott|U-turn|p2a: Clodsire\n|-resisted|p2a: Clodsire\n|-damage|p2a: Clodsire|34/100\n|inactive|my2002 has 20 seconds left this turn.\n|inactive|my2002 has 15 seconds left.\n|\n|t:|1782555929\n|switch|p1a: Slowking|Slowking-Galar, F|100/100|[from] U-turn\n|-damage|p1a: Slowking|88/100|[from] Stealth Rock\n|-damage|p1a: Slowking|71/100|[from] Spikes\n|move|p2a: Clodsire|Recover|p2a: Clodsire\n|-heal|p2a: Clodsire|84/100\n|\n|-damage|p2a: Clodsire|72/100|[from] Leech Seed|[of] p1a: Slowking\n|-heal|p1a: Slowking|85/100|[silent]\n|upkeep\n|turn|359\n|inactive|my2002 has 20 seconds left this turn.\n|inactive|my2002 has 15 seconds left.\n|\n|t:|1782555936\n|switch|p1a: Alomomola|Alomomola, M|71/100 psn\n|-damage|p1a: Alomomola|59/100 psn|[from] Stealth Rock\n|-damage|p1a: Alomomola|42/100 psn|[from] Spikes\n|move|p2a: Clodsire|Poison Jab|p1a: Alomomola\n|-damage|p1a: Alomomola|31/100 psn\n|\n|-damage|p2a: Clodsire|60/100|[from] Leech Seed|[of] p1a: Alomomola\n|-heal|p1a: Alomomola|41/100 psn|[silent]\n|-damage|p1a: Alomomola|28/100 psn|[from] psn\n|upkeep\n|turn|360\n|inactive|my2002 has 15 seconds left this turn.\n|inactive|my2002 has 10 seconds left.\n|\n|t:|1782555942\n|switch|p2a: Toxapex|Toxapex, F|94/100 brn\n|move|p1a: Alomomola|Flip Turn|p2a: Toxapex\n|-resisted|p2a: Toxapex\n|-damage|p2a: Toxapex|89/100 brn\n|inactive|my2002 has 15 seconds left this turn.\n|\n|t:|1782555946\n|switch|p1a: Slowking|Slowking-Galar, F|100/100|[from] Flip Turn\n|-damage|p1a: Slowking|88/100|[from] Stealth Rock\n|-damage|p1a: Slowking|71/100|[from] Spikes\n|\n|-damage|p2a: Toxapex|83/100 brn|[from] brn\n|upkeep\n|turn|361\n|inactive|my2002 has 15 seconds left this turn.\n|\n|t:|1782555950\n|switch|p2a: Blissey|Blissey, F, tera:Dark|65/100\n|switch|p1a: Alomomola|Alomomola, M|62/100 psn\n|-damage|p1a: Alomomola|49/100 psn|[from] Stealth Rock\n|-damage|p1a: Alomomola|33/100 psn|[from] Spikes\n|\n|-damage|p1a: Alomomola|20/100 psn|[from] psn\n|upkeep\n|turn|362\n|inactive|my2002 has 20 seconds left this turn.\n|\n|t:|1782555960\n|switch|p1a: Slowking|Slowking-Galar, F|100/100\n|-damage|p1a: Slowking|88/100|[from] Stealth Rock\n|-damage|p1a: Slowking|71/100|[from] Spikes\n|move|p2a: Blissey|Seismic Toss|p1a: Slowking\n|-damage|p1a: Slowking|45/100\n|\n|upkeep\n|turn|363\n|inactive|my2002 has 20 seconds left this turn.\n|j| dante1310\n|inactive|my2002 has 15 seconds left.\n|\n|t:|1782555969\n|switch|p2a: Clodsire|Clodsire, F|60/100\n|switch|p1a: Whimsicott|Whimsicott, M|76/100\n|-damage|p1a: Whimsicott|63/100|[from] Stealth Rock\n|-damage|p1a: Whimsicott|47/100|[from] Spikes\n|\n|-heal|p1a: Whimsicott|53/100|[from] item: Leftovers\n|upkeep\n|turn|364\n|inactive|my2002 has 20 seconds left this turn.\n|inactive|my2002 has 15 seconds left.\n|inactive|my2002 has 10 seconds left.\n|\n|t:|1782555980\n|move|p1a: Whimsicott|U-turn|p2a: Clodsire\n|-resisted|p2a: Clodsire\n|-damage|p2a: Clodsire|54/100\n|inactive|my2002 has 15 seconds left this turn.\n|\n|t:|1782555985\n|switch|p1a: Gliscor|Gliscor, M, tera:Normal|100/100 tox|[from] U-turn\n|-damage|p1a: Gliscor|88/100 tox|[from] Stealth Rock\n|-damage|p1a: Gliscor|72/100 tox|[from] Spikes\n|move|p2a: Clodsire|Spikes|p1a: Gliscor\n|-sidestart|p1: my2002|Spikes\n|\n|-heal|p1a: Gliscor|84/100 tox|[from] ability: Poison Heal\n|upkeep\n|turn|365\n|inactive|my2002 has 20 seconds left this turn.\n|\n|t:|1782555989\n|switch|p2a: Blissey|Blissey, F, tera:Dark|65/100\n|move|p1a: Gliscor|Agility|p1a: Gliscor\n|-boost|p1a: Gliscor|spe|2\n|\n|-heal|p1a: Gliscor|96/100 tox|[from] ability: Poison Heal\n|upkeep\n|turn|366\n|inactive|my2002 has 20 seconds left this turn.\n|\n|t:|1782555993\n|switch|p2a: Clodsire|Clodsire, F|54/100\n|move|p1a: Gliscor|Agility|p1a: Gliscor\n|-boost|p1a: Gliscor|spe|2\n|\n|-heal|p1a: Gliscor|100/100 tox|[from] ability: Poison Heal\n|upkeep\n|turn|367\n|inactive|my2002 has 25 seconds left this turn.\n|inactive|my2002 has 20 seconds left.\n|\n|t:|1782556003\n|switch|p1a: Slowking|Slowking-Galar, F|79/100\n|-damage|p1a: Slowking|66/100|[from] Stealth Rock\n|-damage|p1a: Slowking|41/100|[from] Spikes\n|move|p2a: Clodsire|Recover|p2a: Clodsire\n|-heal|p2a: Clodsire|100/100\n|\n|upkeep\n|turn|368\n|inactive|my2002 has 20 seconds left this turn.\n|inactive|my2002 has 15 seconds left.\n|inactive|my2002 has 10 seconds left.\n|\n|t:|1782556015\n|switch|p1a: Gliscor|Gliscor, M, tera:Normal|100/100 tox\n|-damage|p1a: Gliscor|88/100 tox|[from] Stealth Rock\n|-damage|p1a: Gliscor|63/100 tox|[from] Spikes\n|move|p2a: Clodsire|Poison Jab|p1a: Gliscor\n|-crit|p1a: Gliscor\n|-damage|p1a: Gliscor|37/100 tox\n|\n|-heal|p1a: Gliscor|49/100 tox|[from] ability: Poison Heal\n|upkeep\n|turn|369\n|inactive|my2002 has 15 seconds left this turn.\n|inactive|my2002 has 10 seconds left.\n|\n|t:|1782556021\n|move|p1a: Gliscor|Agility|p1a: Gliscor\n|-boost|p1a: Gliscor|spe|2\n|move|p2a: Clodsire|Poison Jab|p1a: Gliscor\n|-damage|p1a: Gliscor|32/100 tox\n|\n|-heal|p1a: Gliscor|44/100 tox|[from] ability: Poison Heal\n|upkeep\n|turn|370\n|inactive|my2002 has 10 seconds left this turn.\n|\n|t:|1782556026\n|move|p1a: Gliscor|Agility|p1a: Gliscor\n|-boost|p1a: Gliscor|spe|2\n|move|p2a: Clodsire|Poison Jab|p1a: Gliscor\n|-damage|p1a: Gliscor|27/100 tox\n|\n|-heal|p1a: Gliscor|40/100 tox|[from] ability: Poison Heal\n|upkeep\n|turn|371\n|inactive|my2002 has 15 seconds left this turn.\n|\n|t:|1782556031\n|move|p1a: Gliscor|Agility|p1a: Gliscor\n|-boost|p1a: Gliscor|spe|2\n|move|p2a: Clodsire|Poison Jab|p1a: Gliscor\n|-damage|p1a: Gliscor|22/100 tox\n|\n|-heal|p1a: Gliscor|34/100 tox|[from] ability: Poison Heal\n|upkeep\n|turn|372\n|inactive|my2002 has 15 seconds left this turn.\n|\n|t:|1782556034\n|move|p1a: Gliscor|Agility|p1a: Gliscor\n|-boost|p1a: Gliscor|spe|0\n|move|p2a: Clodsire|Poison Jab|p1a: Gliscor\n|-damage|p1a: Gliscor|15/100 tox\n|\n|-heal|p1a: Gliscor|27/100 tox|[from] ability: Poison Heal\n|upkeep\n|turn|373\n|inactive|my2002 has 20 seconds left this turn.\n|inactive|my2002 has 15 seconds left.\n|\n|t:|1782556039\n|move|p1a: Gliscor|Agility|p1a: Gliscor\n|-boost|p1a: Gliscor|spe|0\n|move|p2a: Clodsire|Poison Jab|p1a: Gliscor\n|-damage|p1a: Gliscor|11/100 tox\n|\n|-heal|p1a: Gliscor|23/100 tox|[from] ability: Poison Heal\n|upkeep\n|turn|374\n|inactive|my2002 has 15 seconds left this turn.\n|\n|t:|1782556046\n|switch|p1a: Slowking|Slowking-Galar, F|74/100\n|-damage|p1a: Slowking|62/100|[from] Stealth Rock\n|-damage|p1a: Slowking|37/100|[from] Spikes\n|move|p2a: Clodsire|Poison Jab|p1a: Slowking\n|-resisted|p1a: Slowking\n|-damage|p1a: Slowking|26/100\n|\n|upkeep\n|turn|375\n|inactive|my2002 has 20 seconds left this turn.\n|inactive|my2002 has 15 seconds left.\n|\n|t:|1782556054\n|switch|p1a: Alomomola|Alomomola, M|53/100 psn\n|-damage|p1a: Alomomola|41/100 psn|[from] Stealth Rock\n|-damage|p1a: Alomomola|16/100 psn|[from] Spikes\n|move|p2a: Clodsire|Poison Jab|p1a: Alomomola\n|-damage|p1a: Alomomola|5/100 psn\n|\n|-damage|p1a: Alomomola|0 fnt|[from] psn\n|faint|p1a: Alomomola\n|upkeep\n|inactive|my2002 has 20 seconds left this turn.\n|\n|t:|1782556059\n|switch|p1a: Cinderace|Cinderace, F|67/100\n|turn|376\n|inactive|my2002 has 25 seconds left this turn.\n|\n|t:|1782556065\n|move|p1a: Cinderace|Pyro Ball|p2a: Clodsire\n|-damage|p2a: Clodsire|47/100\n|move|p2a: Clodsire|Poison Jab|p1a: Cinderace\n|-damage|p1a: Cinderace|36/100\n|\n|upkeep\n|turn|377\n|inactive|my2002 has 25 seconds left this turn.\n|\n|t:|1782556069\n|switch|p2a: Toxapex|Toxapex, F|100/100 brn\n|move|p1a: Cinderace|Pyro Ball|p2a: Toxapex\n|-resisted|p2a: Toxapex\n|-damage|p2a: Toxapex|83/100 brn\n|\n|-damage|p2a: Toxapex|77/100 brn|[from] brn\n|upkeep\n|turn|378\n|inactive|my2002 has 30 seconds left this turn.\n|\n|t:|1782556073\n|move|p1a: Cinderace|Court Change|p1a: Cinderace\n|-start|p1a: Cinderace|typechange|Normal|[from] ability: Libero\n|-swapsideconditions\n|-activate|p1a: Cinderace|move: Court Change\n|move|p2a: Toxapex|Haze|p2a: Toxapex\n|-clearallboost\n|\n|-damage|p2a: Toxapex|71/100 brn|[from] brn\n|upkeep\n|turn|379\n|inactive|my2002 has 30 seconds left this turn.\n|\n|t:|1782556081\n|switch|p1a: Slowking|Slowking-Galar, F|59/100\n|-damage|p1a: Slowking|47/100|[from] Stealth Rock\n|-damage|p1a: Slowking|30/100|[from] Spikes\n|move|p2a: Toxapex|Haze|p2a: Toxapex\n|-clearallboost\n|\n|-damage|p2a: Toxapex|65/100 brn|[from] brn\n|upkeep\n|turn|380\n|inactive|my2002 has 30 seconds left this turn.\n|\n|t:|1782556090\n|switch|p2a: Blissey|Blissey, F, tera:Dark|65/100\n|switch|p1a: Cinderace|Cinderace, F|36/100\n|\n|upkeep\n|turn|381\n|inactive|my2002 has 25 seconds left this turn.\n|inactive|my2002 has 20 seconds left.\n|\n|t:|1782556096\n|switch|p2a: Toxapex|Toxapex, F|98/100 brn\n|move|p1a: Cinderace|Pyro Ball|p2a: Toxapex\n|-resisted|p2a: Toxapex\n|-damage|p2a: Toxapex|80/100 brn\n|\n|-damage|p2a: Toxapex|74/100 brn|[from] brn\n|upkeep\n|turn|382\n|inactive|my2002 has 25 seconds left this turn.\n|inactive|my2002 has 20 seconds left.\n|\n|t:|1782556104\n|move|p1a: Cinderace|Pyro Ball|p2a: Toxapex\n|-resisted|p2a: Toxapex\n|-damage|p2a: Toxapex|57/100 brn\n|move|p2a: Toxapex|Haze|p2a: Toxapex\n|-clearallboost\n|\n|-damage|p2a: Toxapex|51/100 brn|[from] brn\n|upkeep\n|turn|383\n|inactive|my2002 has 20 seconds left this turn.\n|inactive|my2002 has 15 seconds left.\n|\n|t:|1782556111\n|move|p1a: Cinderace|Pyro Ball|p2a: Toxapex\n|-resisted|p2a: Toxapex\n|-damage|p2a: Toxapex|33/100 brn\n|move|p2a: Toxapex|Haze|p2a: Toxapex\n|-clearallboost\n|\n|-damage|p2a: Toxapex|27/100 brn|[from] brn\n|upkeep\n|turn|384\n|inactive|my2002 has 20 seconds left this turn.\n|\n|t:|1782556115\n|move|p1a: Cinderace|Pyro Ball|p2a: Toxapex\n|-resisted|p2a: Toxapex\n|-damage|p2a: Toxapex|11/100 brn\n|move|p2a: Toxapex|Recover|p2a: Toxapex\n|-heal|p2a: Toxapex|61/100 brn\n|\n|-damage|p2a: Toxapex|55/100 brn|[from] brn\n|upkeep\n|turn|385\n|inactive|my2002 has 20 seconds left this turn.\n|\n|t:|1782556119\n|move|p1a: Cinderace|Pyro Ball|p2a: Toxapex\n|-resisted|p2a: Toxapex\n|-damage|p2a: Toxapex|38/100 brn\n|move|p2a: Toxapex|Haze|p2a: Toxapex\n|-clearallboost\n|\n|-damage|p2a: Toxapex|32/100 brn|[from] brn\n|upkeep\n|turn|386\n|inactive|my2002 has 25 seconds left this turn.\n|\n|t:|1782556123\n|move|p1a: Cinderace|U-turn|p2a: Toxapex\n|-start|p1a: Cinderace|typechange|Bug|[from] ability: Libero\n|-resisted|p2a: Toxapex\n|-damage|p2a: Toxapex|21/100 brn\n|inactive|my2002 has 30 seconds left this turn.\n|\n|t:|1782556128\n|switch|p1a: Slowking|Slowking-Galar, F|63/100|[from] U-turn\n|-damage|p1a: Slowking|51/100|[from] Stealth Rock\n|-damage|p1a: Slowking|34/100|[from] Spikes\n|move|p2a: Toxapex|Toxic Spikes|p1a: Slowking\n|-sidestart|p1: my2002|move: Toxic Spikes\n|\n|-damage|p2a: Toxapex|15/100 brn|[from] brn\n|upkeep\n|turn|387\n|\n|t:|1782556130\n|switch|p2a: Blissey|Blissey, F, tera:Dark|65/100\n|switch|p1a: Cinderace|Cinderace, F|36/100\n|\n|upkeep\n|turn|388\n|inactive|soccer fan 123 has 120 seconds left.\n|\n|t:|1782556139\n|switch|p2a: Toxapex|Toxapex, F|48/100 brn\n|move|p1a: Cinderace|U-turn|p2a: Toxapex\n|-start|p1a: Cinderace|typechange|Bug|[from] ability: Libero\n|-resisted|p2a: Toxapex\n|-damage|p2a: Toxapex|39/100 brn\n|\n|t:|1782556147\n|switch|p1a: Whimsicott|Whimsicott, M|53/100|[from] U-turn\n|-damage|p1a: Whimsicott|41/100|[from] Stealth Rock\n|-damage|p1a: Whimsicott|24/100|[from] Spikes\n|-status|p1a: Whimsicott|psn\n|\n|-heal|p1a: Whimsicott|31/100 psn|[from] item: Leftovers\n|-damage|p1a: Whimsicott|18/100 psn|[from] psn\n|-damage|p2a: Toxapex|33/100 brn|[from] brn\n|upkeep\n|turn|389\n|inactive|my2002 has 30 seconds left.\n|\n|t:|1782556152\n|switch|p2a: Clodsire|Clodsire, F|47/100\n|move|p1a: Whimsicott|Leech Seed|p2a: Clodsire|[miss]\n|-miss|p1a: Whimsicott|p2a: Clodsire\n|\n|-heal|p1a: Whimsicott|24/100 psn|[from] item: Leftovers\n|-damage|p1a: Whimsicott|12/100 psn|[from] psn\n|upkeep\n|turn|390\n|inactive|my2002 has 30 seconds left.\n|-message|my2002 forfeited.\n|\n|win|soccer fan 123\n|raw|my2002's rating: 1718 &rarr; <strong>1712</strong><br />(-6 for losing)\n|raw|soccer fan 123's rating: 2030 &rarr; <strong>2036</strong><br />(+6 for winning)\n|l|☆soccer fan 123\n|player|p2|\n|l| Garden of Dreams\n|l| dante1310\n|c| Kathryne Keyron|insane\n|c| MissBeckett|wow!\n|l| MissBeckett\n", "uploadtime": 1782556270, "views": 17, "formatid": "gen9ou", "rating": 1712, "private": 0, "password": null}