{"id": "gen9ou-2647829965", "format": "[Gen 9] OU", "players": ["greysay", "PringerY"], "log": "|j|☆greysay\n|j|☆PringerY\n|t:|1783820080\n|gametype|singles\n|player|p1|greysay|bianca|1068\n|player|p2|PringerY|265|1000\n|gen|9\n|tier|[Gen 9] OU\n|rated|\n|rule|HP Percentage Mod: HP is shown in percentages\n|rule|Endless Battle Clause: Forcing endless battles is banned\n|rule|Species Clause: Limit one of each Pokémon\n|rule|OHKO Clause: OHKO moves are banned\n|rule|Evasion Items Clause: Evasion items are banned\n|rule|Evasion Moves Clause: Evasion moves are banned\n|rule|Evasion Abilities Clause: Evasion abilities are banned\n|rule|Sleep Moves Clause: Sleep-inducing moves are banned\n|clearpoke\n|poke|p1|Florges-Orange, F|\n|poke|p1|Torkoal, F|\n|poke|p1|Braviary-Hisui, M|\n|poke|p1|Emboar, M|\n|poke|p1|Milotic, M|\n|poke|p1|Leavanny, F|\n|poke|p2|Gholdengo|\n|poke|p2|Hitmonlee, M|\n|poke|p2|Iron Valiant|\n|poke|p2|Raging Bolt|\n|poke|p2|Deoxys-Speed|\n|poke|p2|Dragapult, F|\n|teampreview\n|\n|t:|1783820094\n|teamsize|p1|6\n|teamsize|p2|6\n|start\n|switch|p1a: Torkoal|Torkoal, F|100/100\n|switch|p2a: Deoxys|Deoxys-Speed|100/100\n|-ability|p2a: Deoxys|Pressure\n|-weather|SunnyDay|[from] ability: Drought|[of] p1a: Torkoal\n|turn|1\n|\n|t:|1783820108\n|move|p2a: Deoxys|Trick|p1a: Torkoal\n|-activate|p2a: Deoxys|move: Trick|[of] p1a: Torkoal\n|-item|p1a: Torkoal|Toxic Orb|[from] move: Trick\n|-item|p2a: Deoxys|Heavy-Duty Boots|[from] move: Trick\n|move|p1a: Torkoal|Burning Jealousy|p2a: Deoxys\n|-damage|p2a: Deoxys|42/100\n|\n|-weather|SunnyDay|[upkeep]\n|-status|p1a: Torkoal|tox|[from] item: Toxic Orb\n|upkeep\n|turn|2\n|\n|t:|1783820121\n|move|p2a: Deoxys|Skill Swap|p1a: Torkoal\n|-activate|p2a: Deoxys|Skill Swap|Drought|Pressure|[of] p1a: Torkoal\n|-ability|p1a: Torkoal|Pressure\n|move|p1a: Torkoal|Burning Jealousy|p2a: Deoxys\n|-damage|p2a: Deoxys|0 fnt\n|faint|p2a: Deoxys\n|\n|-weather|SunnyDay|[upkeep]\n|-damage|p1a: Torkoal|94/100 tox|[from] psn\n|upkeep\n|\n|t:|1783820142\n|switch|p2a: Hitmonlee|Hitmonlee, M|100/100\n|turn|3\n|\n|t:|1783820158\n|switch|p1a: Braviary|Braviary-Hisui, M|100/100\n|move|p2a: Hitmonlee|Rapid Spin|p1a: Braviary\n|-damage|p1a: Braviary|83/100\n|-boost|p2a: Hitmonlee|spe|1\n|\n|-weather|SunnyDay|[upkeep]\n|-heal|p1a: Braviary|89/100|[from] item: Leftovers\n|upkeep\n|turn|4\n|\n|t:|1783820171\n|move|p2a: Hitmonlee|Stone Edge|p1a: Braviary\n|-supereffective|p1a: Braviary\n|-damage|p1a: Braviary|6/100\n|move|p1a: Braviary|Esper Wing|p2a: Hitmonlee\n|-supereffective|p2a: Hitmonlee\n|-damage|p2a: Hitmonlee|50/100\n|-boost|p1a: Braviary|spe|1\n|\n|-weather|SunnyDay|[upkeep]\n|-heal|p1a: Braviary|12/100|[from] item: Leftovers\n|upkeep\n|turn|5\n|\n|t:|1783820188\n|switch|p1a: Milotic|Milotic, M|100/100\n|move|p2a: Hitmonlee|Rapid Spin|p1a: Milotic\n|-damage|p1a: Milotic|87/100\n|-boost|p2a: Hitmonlee|spe|1\n|\n|-weather|none\n|-status|p1a: Milotic|brn|[from] item: Flame Orb\n|upkeep\n|turn|6\n|\n|t:|1783820201\n|move|p2a: Hitmonlee|High Jump Kick|p1a: Milotic\n|-damage|p1a: Milotic|43/100 brn\n|move|p1a: Milotic|Dragon Tail|p2a: Hitmonlee\n|-damage|p2a: Hitmonlee|40/100\n|drag|p2a: Gholdengo|Gholdengo|100/100\n|-item|p2a: Gholdengo|Air Balloon\n|\n|-damage|p1a: Milotic|37/100 brn|[from] brn\n|upkeep\n|turn|7\n|\n|t:|1783820216\n|move|p2a: Gholdengo|Nasty Plot|p2a: Gholdengo\n|-boost|p2a: Gholdengo|spa|2\n|move|p1a: Milotic|Recover|p1a: Milotic\n|-heal|p1a: Milotic|87/100 brn\n|\n|-damage|p1a: Milotic|80/100 brn|[from] brn\n|upkeep\n|turn|8\n|\n|t:|1783820238\n|move|p2a: Gholdengo|Shadow Ball|p1a: Milotic\n|-damage|p1a: Milotic|32/100 brn\n|-unboost|p1a: Milotic|spd|1\n|move|p1a: Milotic|Scald|p2a: Gholdengo\n|-damage|p2a: Gholdengo|77/100\n|-enditem|p2a: Gholdengo|Air Balloon\n|\n|-damage|p1a: Milotic|26/100 brn|[from] brn\n|upkeep\n|turn|9\n|\n|t:|1783820253\n|switch|p1a: Florges|Florges-Orange, F, shiny|100/100\n|move|p2a: Gholdengo|Nasty Plot|p2a: Gholdengo\n|-boost|p2a: Gholdengo|spa|2\n|\n|upkeep\n|turn|10\n|-message|greysay forfeited.\n|\n|win|PringerY\n|raw|greysay's rating: 1068 &rarr; <strong>1044</strong><br />(-24 for losing)\n|raw|PringerY's rating: 1000 &rarr; <strong>1048</strong><br />(+48 for winning)\n|l|☆greysay\n|player|p1|\n", "uploadtime": 1783820275, "views": 12, "formatid": "gen9ou", "rating": 1044, "private": 0, "password": null}