{"id": "gen9ou-2647687141", "format": "[Gen 9] OU", "players": ["Allyson Burgers", "DekuFoulerLab"], "log": "|j|☆Allyson Burgers\n|j|☆DekuFoulerLab\n|t:|1783796338\n|gametype|singles\n|player|p1|Allyson Burgers|winona|1294\n|player|p2|DekuFoulerLab|169|1290\n|gen|9\n|tier|[Gen 9] OU\n|rated|\n|rule|HP Percentage Mod: HP is shown in percentages\n|rule|Endless Battle Clause: Forcing endless battles is banned\n|rule|Species Clause: Limit one of each Pokémon\n|rule|OHKO Clause: OHKO moves are banned\n|rule|Evasion Items Clause: Evasion items are banned\n|rule|Evasion Moves Clause: Evasion moves are banned\n|rule|Evasion Abilities Clause: Evasion abilities are banned\n|rule|Sleep Moves Clause: Sleep-inducing moves are banned\n|clearpoke\n|poke|p1|Iron Valiant|\n|poke|p1|Raging Bolt|\n|poke|p1|Ogerpon-Wellspring, F|\n|poke|p1|Slowking-Galar, M|\n|poke|p1|Iron Treads|\n|poke|p1|Samurott-Hisui, M|\n|poke|p2|Gliscor, M|\n|poke|p2|Gholdengo|\n|poke|p2|Zamazenta-*|\n|poke|p2|Blissey, F|\n|poke|p2|Skarmory, F|\n|poke|p2|Pecharunt|\n|teampreview\n|inactive|Battle timer is ON: inactive players will automatically lose when time's up. (requested by DekuFoulerLab)\n|\n|t:|1783796347\n|teamsize|p1|6\n|teamsize|p2|6\n|start\n|switch|p1a: Samurott|Samurott-Hisui, M, shiny|100/100\n|switch|p2a: Skarmory|Skarmory, F|100/100\n|turn|1\n|inactive|Allyson Burgers has 120 seconds left.\n|inactive|Allyson Burgers has 90 seconds left.\n|\n|t:|1783796414\n|switch|p1a: Slowking|Slowking-Galar, M, shiny|100/100\n|move|p2a: Skarmory|Spikes|p1a: Slowking\n|-sidestart|p1: Allyson Burgers|Spikes\n|\n|upkeep\n|turn|2\n|inactive|Allyson Burgers has 90 seconds left.\n|\n|t:|1783796428\n|move|p2a: Skarmory|Spikes|p1a: Slowking\n|-sidestart|p1: Allyson Burgers|Spikes\n|move|p1a: Slowking|Thunder Wave|p2a: Skarmory\n|-status|p2a: Skarmory|par\n|\n|upkeep\n|turn|3\n|\n|t:|1783796434\n|move|p2a: Skarmory|Spikes|p1a: Slowking\n|-sidestart|p1: Allyson Burgers|Spikes\n|-prepare|p1a: Slowking|Chilly Reception|[premajor]\n|move|p1a: Slowking|Chilly Reception|p1a: Slowking\n|-weather|Snowscape\n|inactive|Allyson Burgers has 90 seconds left.\n|\n|t:|1783796453\n|switch|p1a: Iron Treads|Iron Treads|100/100|[from] Chilly Reception\n|-damage|p1a: Iron Treads|76/100|[from] Spikes\n|\n|-weather|Snowscape|[upkeep]\n|-heal|p1a: Iron Treads|82/100|[from] item: Leftovers\n|upkeep\n|turn|4\n|inactive|Allyson Burgers has 90 seconds left.\n|\n|t:|1783796461\n|switch|p2a: Pecharunt|Pecharunt|100/100\n|move|p1a: Iron Treads|Knock Off|p2a: Pecharunt\n|-supereffective|p2a: Pecharunt\n|-damage|p2a: Pecharunt|73/100\n|-enditem|p2a: Pecharunt|Heavy-Duty Boots|[from] move: Knock Off|[of] p1a: Iron Treads\n|\n|-weather|Snowscape|[upkeep]\n|-heal|p1a: Iron Treads|88/100|[from] item: Leftovers\n|upkeep\n|turn|5\n|inactive|Allyson Burgers has 90 seconds left.\n|\n|t:|1783796497\n|move|p1a: Iron Treads|Stealth Rock|p2a: Pecharunt\n|-sidestart|p2: DekuFoulerLab|move: Stealth Rock\n|move|p2a: Pecharunt|Parting Shot|p1a: Iron Treads\n|-unboost|p1a: Iron Treads|atk|1\n|-unboost|p1a: Iron Treads|spa|1\n|\n|t:|1783796503\n|switch|p2a: Gliscor|Gliscor, M|100/100|[from] Parting Shot\n|-damage|p2a: Gliscor|88/100|[from] Stealth Rock\n|\n|-weather|Snowscape|[upkeep]\n|-heal|p1a: Iron Treads|94/100|[from] item: Leftovers\n|-status|p2a: Gliscor|tox|[from] item: Toxic Orb\n|upkeep\n|turn|6\n|\n|t:|1783796521\n|switch|p2a: Pecharunt|Pecharunt|73/100\n|-damage|p2a: Pecharunt|61/100|[from] Stealth Rock\n|move|p1a: Iron Treads|Rapid Spin|p2a: Pecharunt\n|-immune|p2a: Pecharunt\n|\n|-weather|Snowscape|[upkeep]\n|-heal|p1a: Iron Treads|100/100|[from] item: Leftovers\n|upkeep\n|turn|7\n|inactive|Allyson Burgers has 60 seconds left.\n|\n|t:|1783796551\n|-end|p1a: Iron Treads|Quark Drive|[silent]\n|switch|p1a: Samurott|Samurott-Hisui, M, shiny|100/100\n|-damage|p1a: Samurott|76/100|[from] Spikes\n|move|p2a: Pecharunt|Recover|p2a: Pecharunt\n|-heal|p2a: Pecharunt|100/100\n|\n|-weather|none\n|upkeep\n|turn|8\n|\n|t:|1783796556\n|move|p1a: Samurott|Ceaseless Edge|p2a: Pecharunt\n|-supereffective|p2a: Pecharunt\n|-damage|p2a: Pecharunt|59/100\n|-sidestart|p2: DekuFoulerLab|Spikes\n|move|p2a: Pecharunt|Toxic|p1a: Samurott\n|-status|p1a: Samurott|tox\n|-start|p1a: Samurott|confusion|[from] ability: Poison Puppeteer|[of] p2a: Pecharunt\n|\n|-damage|p1a: Samurott|69/100 tox|[from] psn\n|upkeep\n|turn|9\n|\n|t:|1783796564\n|-activate|p1a: Samurott|confusion\n|move|p1a: Samurott|Ceaseless Edge|p2a: Pecharunt\n|-supereffective|p2a: Pecharunt\n|-damage|p2a: Pecharunt|18/100\n|-sidestart|p2: DekuFoulerLab|Spikes\n|move|p2a: Pecharunt|Recover|p2a: Pecharunt\n|-heal|p2a: Pecharunt|68/100\n|\n|-damage|p1a: Samurott|57/100 tox|[from] psn\n|upkeep\n|turn|10\n|\n|t:|1783796571\n|-activate|p1a: Samurott|confusion\n|move|p1a: Samurott|Ceaseless Edge|p2a: Pecharunt|[miss]\n|-miss|p1a: Samurott|p2a: Pecharunt\n|move|p2a: Pecharunt|Recover|p2a: Pecharunt\n|-heal|p2a: Pecharunt|100/100\n|\n|-damage|p1a: Samurott|38/100 tox|[from] psn\n|upkeep\n|turn|11\n|\n|t:|1783796589\n|switch|p2a: Zamazenta|Zamazenta|100/100\n|-ability|p2a: Zamazenta|Dauntless Shield|boost\n|-boost|p2a: Zamazenta|def|1\n|-activate|p1a: Samurott|confusion\n|-damage|p1a: Samurott|24/100 tox|[from] confusion\n|\n|-damage|p1a: Samurott|0 fnt|[from] psn\n|faint|p1a: Samurott\n|upkeep\n|inactive|Allyson Burgers has 60 seconds left.\n|\n|t:|1783796622\n|switch|p1a: Iron Valiant|Iron Valiant|100/100\n|-damage|p1a: Iron Valiant|76/100|[from] Spikes\n|-enditem|p1a: Iron Valiant|Booster Energy\n|-activate|p1a: Iron Valiant|ability: Quark Drive|[fromitem]\n|-start|p1a: Iron Valiant|quarkdrivespe\n|turn|12\n|\n|t:|1783796627\n|move|p1a: Iron Valiant|Moonblast|p2a: Zamazenta\n|-supereffective|p2a: Zamazenta\n|-damage|p2a: Zamazenta|11/100\n|move|p2a: Zamazenta|Heavy Slam|p1a: Iron Valiant\n|-supereffective|p1a: Iron Valiant\n|-damage|p1a: Iron Valiant|0 fnt\n|faint|p1a: Iron Valiant\n|-end|p1a: Iron Valiant|Quark Drive|[silent]\n|\n|upkeep\n|inactive|Allyson Burgers has 30 seconds left.\n|\n|t:|1783796656\n|switch|p1a: Raging Bolt|Raging Bolt|100/100\n|-damage|p1a: Raging Bolt|75/100|[from] Spikes\n|-enditem|p1a: Raging Bolt|Booster Energy\n|-activate|p1a: Raging Bolt|ability: Protosynthesis|[fromitem]\n|-start|p1a: Raging Bolt|protosynthesisspa\n|turn|13\n|\n|t:|1783796661\n|switch|p2a: Blissey|Blissey, F|100/100\n|move|p1a: Raging Bolt|Dragon Pulse|p2a: Blissey\n|-damage|p2a: Blissey|80/100\n|\n|upkeep\n|turn|14\n|\n|t:|1783796674\n|move|p1a: Raging Bolt|Calm Mind|p1a: Raging Bolt\n|-boost|p1a: Raging Bolt|spa|1\n|-boost|p1a: Raging Bolt|spd|1\n|move|p2a: Blissey|Stealth Rock|p1a: Raging Bolt\n|-sidestart|p1: Allyson Burgers|move: Stealth Rock\n|\n|upkeep\n|turn|15\n|\n|t:|1783796683\n|move|p1a: Raging Bolt|Dragon Pulse|p2a: Blissey\n|-damage|p2a: Blissey|52/100\n|move|p2a: Blissey|Calm Mind|p2a: Blissey\n|-boost|p2a: Blissey|spa|1\n|-boost|p2a: Blissey|spd|1\n|\n|upkeep\n|turn|16\n|\n|t:|1783796690\n|move|p1a: Raging Bolt|Calm Mind|p1a: Raging Bolt\n|-boost|p1a: Raging Bolt|spa|1\n|-boost|p1a: Raging Bolt|spd|1\n|move|p2a: Blissey|Soft-Boiled|p2a: Blissey\n|-heal|p2a: Blissey|100/100\n|\n|upkeep\n|turn|17\n|\n|t:|1783796696\n|move|p1a: Raging Bolt|Calm Mind|p1a: Raging Bolt\n|-boost|p1a: Raging Bolt|spa|1\n|-boost|p1a: Raging Bolt|spd|1\n|move|p2a: Blissey|Calm Mind|p2a: Blissey\n|-boost|p2a: Blissey|spa|1\n|-boost|p2a: Blissey|spd|1\n|\n|upkeep\n|turn|18\n|\n|t:|1783796702\n|move|p1a: Raging Bolt|Calm Mind|p1a: Raging Bolt\n|-boost|p1a: Raging Bolt|spa|1\n|-boost|p1a: Raging Bolt|spd|1\n|move|p2a: Blissey|Calm Mind|p2a: Blissey\n|-boost|p2a: Blissey|spa|1\n|-boost|p2a: Blissey|spd|1\n|\n|upkeep\n|turn|19\n|\n|t:|1783796708\n|move|p1a: Raging Bolt|Calm Mind|p1a: Raging Bolt\n|-boost|p1a: Raging Bolt|spa|1\n|-boost|p1a: Raging Bolt|spd|1\n|move|p2a: Blissey|Calm Mind|p2a: Blissey\n|-boost|p2a: Blissey|spa|1\n|-boost|p2a: Blissey|spd|1\n|\n|upkeep\n|turn|20\n|\n|t:|1783796719\n|move|p1a: Raging Bolt|Calm Mind|p1a: Raging Bolt\n|-boost|p1a: Raging Bolt|spa|1\n|-boost|p1a: Raging Bolt|spd|1\n|move|p2a: Blissey|Shadow Ball|p1a: Raging Bolt\n|-damage|p1a: Raging Bolt|66/100\n|\n|upkeep\n|turn|21\n|inactive|Allyson Burgers has 90 seconds left.\n|\n|t:|1783796726\n|move|p1a: Raging Bolt|Dragon Pulse|p2a: Blissey\n|-damage|p2a: Blissey|76/100\n|move|p2a: Blissey|Shadow Ball|p1a: Raging Bolt\n|-damage|p1a: Raging Bolt|56/100\n|\n|upkeep\n|turn|22\n|\n|t:|1783796733\n|move|p1a: Raging Bolt|Thunderbolt|p2a: Blissey\n|-damage|p2a: Blissey|45/100\n|-status|p2a: Blissey|par\n|move|p2a: Blissey|Soft-Boiled|p2a: Blissey\n|-heal|p2a: Blissey|95/100 par\n|\n|upkeep\n|turn|23\n|inactive|Allyson Burgers has 90 seconds left.\n|\n|t:|1783796751\n|-curestatus|p2a: Blissey|par|[from] ability: Natural Cure|[silent]\n|switch|p2a: Zamazenta|Zamazenta|11/100\n|move|p1a: Raging Bolt|Dragon Pulse|p2a: Zamazenta\n|-damage|p2a: Zamazenta|0 fnt\n|faint|p2a: Zamazenta\n|\n|upkeep\n|\n|t:|1783796757\n|switch|p2a: Gliscor|Gliscor, M|88/100 tox\n|-damage|p2a: Gliscor|75/100 tox|[from] Stealth Rock\n|turn|24\n|\n|t:|1783796763\n|-terastallize|p1a: Raging Bolt|Fairy\n|move|p2a: Gliscor|Protect|p2a: Gliscor\n|-singleturn|p2a: Gliscor|Protect\n|move|p1a: Raging Bolt|Dragon Pulse|p2a: Gliscor\n|-activate|p2a: Gliscor|move: Protect\n|\n|-heal|p2a: Gliscor|88/100 tox|[from] ability: Poison Heal\n|upkeep\n|turn|25\n|\n|t:|1783796768\n|switch|p2a: Pecharunt|Pecharunt|100/100\n|-damage|p2a: Pecharunt|88/100|[from] Stealth Rock\n|-damage|p2a: Pecharunt|72/100|[from] Spikes\n|move|p1a: Raging Bolt|Dragon Pulse|p2a: Pecharunt\n|-damage|p2a: Pecharunt|0 fnt\n|faint|p2a: Pecharunt\n|\n|upkeep\n|\n|t:|1783796775\n|switch|p2a: Skarmory|Skarmory, F|100/100 par\n|turn|26\n|\n|t:|1783796796\n|move|p1a: Raging Bolt|Thunderbolt|p2a: Skarmory\n|-supereffective|p2a: Skarmory\n|-ability|p2a: Skarmory|Sturdy\n|-damage|p2a: Skarmory|1/100 par\n|move|p2a: Skarmory|Whirlwind|p1a: Raging Bolt\n|-end|p1a: Raging Bolt|Protosynthesis|[silent]\n|drag|p1a: Slowking|Slowking-Galar, M, shiny|100/100\n|-damage|p1a: Slowking|76/100|[from] Spikes\n|-damage|p1a: Slowking|63/100|[from] Stealth Rock\n|\n|upkeep\n|turn|27\n|\n|t:|1783796813\n|move|p1a: Slowking|Future Sight|p2a: Skarmory\n|-start|p1a: Slowking|move: Future Sight\n|move|p2a: Skarmory|Whirlwind|p1a: Slowking\n|drag|p1a: Iron Treads|Iron Treads|100/100\n|-damage|p1a: Iron Treads|76/100|[from] Spikes\n|-damage|p1a: Iron Treads|72/100|[from] Stealth Rock\n|\n|-heal|p1a: Iron Treads|79/100|[from] item: Leftovers\n|upkeep\n|turn|28\n|\n|t:|1783796826\n|switch|p2a: Gholdengo|Gholdengo|100/100\n|-damage|p2a: Gholdengo|94/100|[from] Stealth Rock\n|-damage|p2a: Gholdengo|78/100|[from] Spikes\n|move|p1a: Iron Treads|Rapid Spin|p2a: Gholdengo\n|-immune|p2a: Gholdengo\n|\n|-heal|p1a: Iron Treads|85/100|[from] item: Leftovers\n|upkeep\n|turn|29\n|\n|t:|1783796840\n|move|p1a: Iron Treads|Earthquake|p2a: Gholdengo\n|-supereffective|p2a: Gholdengo\n|-damage|p2a: Gholdengo|5/100\n|move|p2a: Gholdengo|Recover|p2a: Gholdengo\n|-heal|p2a: Gholdengo|55/100\n|\n|-end|p2a: Gholdengo|move: Future Sight\n|-resisted|p2a: Gholdengo\n|-damage|p2a: Gholdengo|33/100\n|-heal|p1a: Iron Treads|91/100|[from] item: Leftovers\n|upkeep\n|turn|30\n|\n|t:|1783796847\n|switch|p2a: Gliscor|Gliscor, M|88/100 tox\n|-damage|p2a: Gliscor|75/100 tox|[from] Stealth Rock\n|move|p1a: Iron Treads|Knock Off|p2a: Gliscor\n|-damage|p2a: Gliscor|52/100 tox\n|-enditem|p2a: Gliscor|Toxic Orb|[from] move: Knock Off|[of] p1a: Iron Treads\n|\n|-heal|p1a: Iron Treads|97/100|[from] item: Leftovers\n|-heal|p2a: Gliscor|64/100 tox|[from] ability: Poison Heal\n|upkeep\n|turn|31\n|\n|t:|1783796854\n|move|p1a: Iron Treads|Rapid Spin|p2a: Gliscor\n|-damage|p2a: Gliscor|51/100 tox\n|-boost|p1a: Iron Treads|spe|1\n|-sideend|p1: Allyson Burgers|Spikes|[from] move: Rapid Spin|[of] p1a: Iron Treads\n|-sideend|p1: Allyson Burgers|Stealth Rock|[from] move: Rapid Spin|[of] p1a: Iron Treads\n|move|p2a: Gliscor|Earthquake|p1a: Iron Treads\n|-supereffective|p1a: Iron Treads\n|-damage|p1a: Iron Treads|39/100\n|\n|-heal|p1a: Iron Treads|46/100|[from] item: Leftovers\n|-heal|p2a: Gliscor|64/100 tox|[from] ability: Poison Heal\n|upkeep\n|turn|32\n|\n|t:|1783796869\n|-end|p1a: Iron Treads|Quark Drive|[silent]\n|switch|p1a: Ogerpon|Ogerpon-Wellspring, F|100/100\n|move|p2a: Gliscor|Earthquake|p1a: Ogerpon\n|-resisted|p1a: Ogerpon\n|-damage|p1a: Ogerpon|77/100\n|\n|-heal|p2a: Gliscor|76/100 tox|[from] ability: Poison Heal\n|upkeep\n|turn|33\n|inactive|Allyson Burgers has 90 seconds left.\n|\n|t:|1783796895\n|move|p2a: Gliscor|Protect|p2a: Gliscor\n|-singleturn|p2a: Gliscor|Protect\n|move|p1a: Ogerpon|Power Whip|p2a: Gliscor\n|-activate|p2a: Gliscor|move: Protect\n|\n|-heal|p2a: Gliscor|89/100 tox|[from] ability: Poison Heal\n|upkeep\n|turn|34\n|inactive|Allyson Burgers has 90 seconds left.\n|\n|t:|1783796901\n|switch|p2a: Skarmory|Skarmory, F|1/100 par\n|move|p1a: Ogerpon|Ivy Cudgel|p2a: Skarmory|[anim] Ivy Cudgel Water\n|-damage|p2a: Skarmory|0 fnt\n|faint|p2a: Skarmory\n|\n|upkeep\n|\n|t:|1783796907\n|switch|p2a: Gholdengo|Gholdengo|33/100\n|-damage|p2a: Gholdengo|27/100|[from] Stealth Rock\n|-damage|p2a: Gholdengo|10/100|[from] Spikes\n|turn|35\n|\n|t:|1783796914\n|move|p1a: Ogerpon|Ivy Cudgel|p2a: Gholdengo|[anim] Ivy Cudgel Water\n|-damage|p2a: Gholdengo|0 fnt\n|faint|p2a: Gholdengo\n|\n|upkeep\n|\n|t:|1783796920\n|switch|p2a: Gliscor|Gliscor, M|89/100 tox\n|-damage|p2a: Gliscor|76/100 tox|[from] Stealth Rock\n|turn|36\n|\n|t:|1783796928\n|move|p2a: Gliscor|Protect|p2a: Gliscor\n|-singleturn|p2a: Gliscor|Protect\n|move|p1a: Ogerpon|Power Whip|p2a: Gliscor\n|-activate|p2a: Gliscor|move: Protect\n|\n|-heal|p2a: Gliscor|89/100 tox|[from] ability: Poison Heal\n|upkeep\n|turn|37\n|\n|t:|1783796943\n|move|p2a: Gliscor|Protect||[still]\n|-fail|p2a: Gliscor\n|move|p1a: Ogerpon|Power Whip|p2a: Gliscor|[miss]\n|-miss|p1a: Ogerpon|p2a: Gliscor\n|\n|-heal|p2a: Gliscor|100/100 tox|[from] ability: Poison Heal\n|upkeep\n|turn|38\n|\n|t:|1783796950\n|move|p2a: Gliscor|Protect|p2a: Gliscor\n|-singleturn|p2a: Gliscor|Protect\n|move|p1a: Ogerpon|Ivy Cudgel|p2a: Gliscor|[anim] Ivy Cudgel Water\n|-activate|p2a: Gliscor|move: Protect\n|\n|upkeep\n|turn|39\n|\n|t:|1783796956\n|move|p2a: Gliscor|Protect||[still]\n|-fail|p2a: Gliscor\n|move|p1a: Ogerpon|Ivy Cudgel|p2a: Gliscor|[anim] Ivy Cudgel Water\n|-supereffective|p2a: Gliscor\n|-crit|p2a: Gliscor\n|-damage|p2a: Gliscor|0 fnt\n|faint|p2a: Gliscor\n|\n|upkeep\n|\n|t:|1783796962\n|switch|p2a: Blissey|Blissey, F|95/100\n|turn|40\n|\n|t:|1783796968\n|move|p1a: Ogerpon|Ivy Cudgel|p2a: Blissey|[anim] Ivy Cudgel Water\n|-damage|p2a: Blissey|33/100\n|move|p2a: Blissey|Soft-Boiled|p2a: Blissey\n|-heal|p2a: Blissey|83/100\n|\n|upkeep\n|turn|41\n|c|☆Allyson Burgers|ez\n|c|☆Allyson Burgers|gg\n|\n|t:|1783796980\n|move|p1a: Ogerpon|Ivy Cudgel|p2a: Blissey|[anim] Ivy Cudgel Water\n|-damage|p2a: Blissey|16/100\n|move|p2a: Blissey|Shadow Ball|p1a: Ogerpon\n|-damage|p1a: Ogerpon|61/100\n|\n|upkeep\n|turn|42\n|c|☆Allyson Burgers|stall ur mom\n|\n|t:|1783796987\n|move|p1a: Ogerpon|Ivy Cudgel|p2a: Blissey|[anim] Ivy Cudgel Water\n|-damage|p2a: Blissey|0 fnt\n|faint|p2a: Blissey\n|\n|win|Allyson Burgers\n|raw|Allyson Burgers's rating: 1294 &rarr; <strong>1319</strong><br />(+25 for winning)\n|raw|DekuFoulerLab's rating: 1290 &rarr; <strong>1265</strong><br />(-25 for losing)\n", "uploadtime": 1783796987, "views": 12, "formatid": "gen9ou", "rating": 1265, "private": 0, "password": null}