{"id": "gen9ou-2639310574", "format": "[Gen 9] OU", "players": ["fearow sniper", "LowEL0God"], "log": "|j|☆fearow sniper\n|j|☆LowEL0God\n|t:|1782450605\n|gametype|singles\n|player|p1|fearow sniper|backersf|1562\n|player|p2|LowEL0God|2|1599\n|gen|9\n|tier|[Gen 9] OU\n|rated|\n|rule|HP Percentage Mod: HP is shown in percentages\n|rule|Endless Battle Clause: Forcing endless battles is banned\n|rule|Species Clause: Limit one of each Pokémon\n|rule|OHKO Clause: OHKO moves are banned\n|rule|Evasion Items Clause: Evasion items are banned\n|rule|Evasion Moves Clause: Evasion moves are banned\n|rule|Evasion Abilities Clause: Evasion abilities are banned\n|rule|Sleep Moves Clause: Sleep-inducing moves are banned\n|clearpoke\n|poke|p1|Kingambit, M|\n|poke|p1|Dragonite, F|\n|poke|p1|Darkrai|\n|poke|p1|Kyurem|\n|poke|p1|Great Tusk|\n|poke|p1|Hatterene, F|\n|poke|p2|Pelipper, M|\n|poke|p2|Torkoal, M|\n|poke|p2|Walking Wake|\n|poke|p2|Tyranitar, M|\n|poke|p2|Excadrill, F|\n|poke|p2|Ogerpon-Wellspring, F|\n|teampreview\n|j| peeekapeee\n|inactive|Battle timer is ON: inactive players will automatically lose when time's up. (requested by LowEL0God)\n|c|☆fearow sniper|cool team hf hf\n|\n|t:|1782450622\n|teamsize|p1|6\n|teamsize|p2|6\n|start\n|switch|p1a: Kyurem|Kyurem|100/100\n|switch|p2a: Walking Wake|Walking Wake|100/100\n|-ability|p1a: Kyurem|Pressure\n|turn|1\n|\n|t:|1782450628\n|move|p2a: Walking Wake|Draco Meteor|p1a: Kyurem\n|-supereffective|p1a: Kyurem\n|-damage|p1a: Kyurem|0 fnt\n|-unboost|p2a: Walking Wake|spa|2\n|faint|p1a: Kyurem\n|\n|upkeep\n|\n|t:|1782450632\n|switch|p1a: Hatterene|Hatterene, F|100/100\n|-item|p1a: Hatterene|Air Balloon\n|turn|2\n|\n|t:|1782450637\n|-end|p2a: Walking Wake|Protosynthesis|[silent]\n|switch|p2a: No Hazards for You|Excadrill, F, shiny|100/100\n|move|p1a: Hatterene|Nuzzle|p2a: No Hazards for You\n|-immune|p2a: No Hazards for You\n|\n|upkeep\n|turn|3\n|\n|t:|1782450641\n|switch|p1a: Great Tusk|Great Tusk|100/100\n|move|p2a: No Hazards for You|Iron Head|p1a: Great Tusk\n|-damage|p1a: Great Tusk|55/100\n|\n|-heal|p1a: Great Tusk|61/100|[from] item: Leftovers\n|upkeep\n|turn|4\n|\n|t:|1782450650\n|switch|p2a: Hurricane Spam|Pelipper, M, shiny|100/100\n|-weather|RainDance|[from] ability: Drizzle|[of] p2a: Hurricane Spam\n|move|p1a: Great Tusk|Stealth Rock|p2a: Hurricane Spam\n|-sidestart|p2: LowEL0God|move: Stealth Rock\n|\n|-weather|RainDance|[upkeep]\n|-heal|p1a: Great Tusk|67/100|[from] item: Leftovers\n|upkeep\n|turn|5\n|\n|t:|1782450656\n|-end|p1a: Great Tusk|Protosynthesis|[silent]\n|switch|p1a: Hatterene|Hatterene, F|100/100\n|-item|p1a: Hatterene|Air Balloon\n|move|p2a: Hurricane Spam|Hurricane|p1a: Hatterene\n|-damage|p1a: Hatterene|31/100\n|-start|p1a: Hatterene|confusion\n|-enditem|p1a: Hatterene|Air Balloon\n|\n|-weather|RainDance|[upkeep]\n|upkeep\n|turn|6\n|\n|t:|1782450662\n|move|p2a: Hurricane Spam|Hurricane|p1a: Hatterene\n|-damage|p1a: Hatterene|0 fnt\n|faint|p1a: Hatterene\n|\n|-weather|RainDance|[upkeep]\n|upkeep\n|\n|t:|1782450667\n|switch|p1a: Dragonite|Dragonite, F, shiny|100/100\n|turn|7\n|\n|t:|1782450670\n|move|p1a: Dragonite|Dragon Dance|p1a: Dragonite\n|-boost|p1a: Dragonite|atk|1\n|-boost|p1a: Dragonite|spe|1\n|move|p2a: Hurricane Spam|Hurricane|p1a: Dragonite\n|-damage|p1a: Dragonite|63/100\n|\n|-weather|RainDance|[upkeep]\n|upkeep\n|turn|8\n|\n|t:|1782450673\n|move|p1a: Dragonite|Scale Shot|p2a: Hurricane Spam\n|-damage|p2a: Hurricane Spam|77/100\n|-damage|p2a: Hurricane Spam|53/100\n|-damage|p2a: Hurricane Spam|30/100\n|-damage|p2a: Hurricane Spam|8/100\n|-hitcount|p2a: Hurricane Spam|4\n|-unboost|p1a: Dragonite|def|1\n|-boost|p1a: Dragonite|spe|1\n|move|p2a: Hurricane Spam|Hurricane|p1a: Dragonite\n|-crit|p1a: Dragonite\n|-damage|p1a: Dragonite|0 fnt\n|faint|p1a: Dragonite\n|\n|-weather|none\n|upkeep\n|\n|t:|1782450684\n|switch|p1a: Great Tusk|Great Tusk|67/100\n|turn|9\n|\n|t:|1782450687\n|move|p1a: Great Tusk|Rapid Spin|p2a: Hurricane Spam\n|-damage|p2a: Hurricane Spam|0 fnt\n|-boost|p1a: Great Tusk|spe|1\n|faint|p2a: Hurricane Spam\n|\n|-heal|p1a: Great Tusk|73/100|[from] item: Leftovers\n|upkeep\n|\n|t:|1782450688\n|switch|p2a: Walking Wake|Walking Wake|100/100\n|-damage|p2a: Walking Wake|88/100|[from] Stealth Rock\n|turn|10\n|\n|t:|1782450697\n|move|p1a: Great Tusk|Headlong Rush|p2a: Walking Wake\n|-damage|p2a: Walking Wake|20/100\n|-unboost|p1a: Great Tusk|def|1\n|-unboost|p1a: Great Tusk|spd|1\n|move|p2a: Walking Wake|Hydro Steam|p1a: Great Tusk\n|-supereffective|p1a: Great Tusk\n|-damage|p1a: Great Tusk|0 fnt\n|faint|p1a: Great Tusk\n|-end|p1a: Great Tusk|Protosynthesis|[silent]\n|\n|upkeep\n|\n|t:|1782450700\n|switch|p1a: Darkrai|Darkrai|100/100\n|turn|11\n|\n|t:|1782450715\n|-end|p2a: Walking Wake|Protosynthesis|[silent]\n|switch|p2a: No Lando Plz|Tyranitar, M, shiny|100/100\n|-weather|Sandstorm|[from] ability: Sand Stream|[of] p2a: No Lando Plz\n|move|p1a: Darkrai|Dark Pulse|p2a: No Lando Plz\n|-resisted|p2a: No Lando Plz\n|-crit|p2a: No Lando Plz\n|-damage|p2a: No Lando Plz|87/100\n|\n|-weather|Sandstorm|[upkeep]\n|-damage|p1a: Darkrai|94/100|[from] Sandstorm\n|upkeep\n|turn|12\n|\n|t:|1782450719\n|switch|p2a: No Hazards for You|Excadrill, F, shiny|100/100\n|-damage|p2a: No Hazards for You|97/100|[from] Stealth Rock\n|move|p1a: Darkrai|Dark Pulse|p2a: No Hazards for You\n|-damage|p2a: No Hazards for You|39/100\n|\n|-weather|Sandstorm|[upkeep]\n|-damage|p1a: Darkrai|88/100|[from] Sandstorm\n|upkeep\n|turn|13\n|\n|t:|1782450722\n|move|p1a: Darkrai|Dark Pulse|p2a: No Hazards for You\n|-damage|p2a: No Hazards for You|0 fnt\n|faint|p2a: No Hazards for You\n|\n|-weather|Sandstorm|[upkeep]\n|-damage|p1a: Darkrai|82/100|[from] Sandstorm\n|upkeep\n|\n|t:|1782450723\n|switch|p2a: Ogerpon|Ogerpon-Wellspring, F|100/100\n|-damage|p2a: Ogerpon|88/100|[from] Stealth Rock\n|turn|14\n|\n|t:|1782450733\n|move|p1a: Darkrai|Dark Pulse|p2a: Ogerpon\n|-damage|p2a: Ogerpon|39/100\n|move|p2a: Ogerpon|Ivy Cudgel|p1a: Darkrai|[anim] Ivy Cudgel Water\n|-damage|p1a: Darkrai|2/100\n|\n|-weather|Sandstorm|[upkeep]\n|-damage|p1a: Darkrai|0 fnt|[from] Sandstorm\n|-damage|p2a: Ogerpon|33/100|[from] Sandstorm\n|faint|p1a: Darkrai\n|upkeep\n|\n|t:|1782450738\n|switch|p1a: Kingambit|Kingambit, M, shiny|100/100\n|-activate|p1a: Kingambit|ability: Supreme Overlord\n|-start|p1a: Kingambit|fallen5|[silent]\n|turn|15\n|\n|t:|1782450742\n|move|p2a: Ogerpon|Ivy Cudgel|p1a: Kingambit|[anim] Ivy Cudgel Water\n|-damage|p1a: Kingambit|54/100\n|move|p1a: Kingambit|Swords Dance|p1a: Kingambit\n|-boost|p1a: Kingambit|atk|2\n|\n|-weather|none\n|upkeep\n|turn|16\n|\n|t:|1782450746\n|move|p1a: Kingambit|Sucker Punch||[still]\n|-fail|p1a: Kingambit\n|move|p2a: Ogerpon|Swords Dance|p2a: Ogerpon\n|-boost|p2a: Ogerpon|atk|2\n|\n|upkeep\n|turn|17\n|\n|t:|1782450748\n|move|p1a: Kingambit|Sucker Punch||[still]\n|-fail|p1a: Kingambit\n|move|p2a: Ogerpon|Swords Dance|p2a: Ogerpon\n|-boost|p2a: Ogerpon|atk|2\n|\n|upkeep\n|turn|18\n|\n|t:|1782450750\n|move|p2a: Ogerpon|Swords Dance|p2a: Ogerpon\n|-boost|p2a: Ogerpon|atk|2\n|move|p1a: Kingambit|Kowtow Cleave|p2a: Ogerpon\n|-damage|p2a: Ogerpon|0 fnt\n|faint|p2a: Ogerpon\n|\n|upkeep\n|\n|t:|1782450752\n|switch|p2a: Torkoal|Torkoal, M|100/100\n|-damage|p2a: Torkoal|76/100|[from] Stealth Rock\n|-weather|SunnyDay|[from] ability: Drought|[of] p2a: Torkoal\n|turn|19\n|\n|t:|1782450760\n|switch|p2a: No Lando Plz|Tyranitar, M, shiny|87/100\n|-weather|Sandstorm|[from] ability: Sand Stream|[of] p2a: No Lando Plz\n|move|p1a: Kingambit|Kowtow Cleave|p2a: No Lando Plz\n|-resisted|p2a: No Lando Plz\n|-damage|p2a: No Lando Plz|29/100\n|\n|-weather|Sandstorm|[upkeep]\n|upkeep\n|turn|20\n|\n|t:|1782450763\n|move|p1a: Kingambit|Sucker Punch||[still]\n|-fail|p1a: Kingambit\n|move|p2a: No Lando Plz|Thunder Wave|p1a: Kingambit\n|-status|p1a: Kingambit|par\n|-enditem|p1a: Kingambit|Lum Berry|[eat]\n|-curestatus|p1a: Kingambit|par|[msg]\n|\n|-weather|Sandstorm|[upkeep]\n|upkeep\n|turn|21\n|\n|t:|1782450767\n|switch|p2a: Torkoal|Torkoal, M|76/100\n|-damage|p2a: Torkoal|51/100|[from] Stealth Rock\n|-weather|SunnyDay|[from] ability: Drought|[of] p2a: Torkoal\n|move|p1a: Kingambit|Kowtow Cleave|p2a: Torkoal\n|-damage|p2a: Torkoal|0 fnt\n|faint|p2a: Torkoal\n|\n|-weather|SunnyDay|[upkeep]\n|upkeep\n|\n|t:|1782450769\n|switch|p2a: Walking Wake|Walking Wake|20/100\n|-damage|p2a: Walking Wake|8/100|[from] Stealth Rock\n|-activate|p2a: Walking Wake|ability: Protosynthesis\n|-start|p2a: Walking Wake|protosynthesisspe\n|turn|22\n|\n|t:|1782450774\n|-terastallize|p2a: Walking Wake|Water\n|move|p1a: Kingambit|Sucker Punch|p2a: Walking Wake\n|-damage|p2a: Walking Wake|0 fnt\n|faint|p2a: Walking Wake\n|-end|p2a: Walking Wake|Protosynthesis|[silent]\n|\n|-weather|SunnyDay|[upkeep]\n|upkeep\n|\n|t:|1782450776\n|switch|p2a: No Lando Plz|Tyranitar, M, shiny|29/100\n|-weather|Sandstorm|[from] ability: Sand Stream|[of] p2a: No Lando Plz\n|turn|23\n|\n|t:|1782450783\n|-terastallize|p1a: Kingambit|Fighting\n|move|p1a: Kingambit|Kowtow Cleave|p2a: No Lando Plz\n|-resisted|p2a: No Lando Plz\n|-damage|p2a: No Lando Plz|0 fnt\n|faint|p2a: No Lando Plz\n|\n|win|fearow sniper\n|raw|fearow sniper's rating: 1562 &rarr; <strong>1584</strong><br />(+22 for winning)\n|raw|LowEL0God's rating: 1599 &rarr; <strong>1577</strong><br />(-22 for losing)\n|l|☆LowEL0God\n|player|p2|\n|l|☆fearow sniper\n|player|p1|\n|l| peeekapeee\n", "uploadtime": 1782450988, "views": 7, "formatid": "gen9ou", "rating": 1577, "private": 0, "password": null}