{"id": "gen9ou-2540922716", "format": "[Gen 9] OU", "players": ["waha8", "cuerodeolancho"], "log": "|j|☆waha8\n|j|☆cuerodeolancho\n|t:|1771267473\n|gametype|singles\n|player|p1|waha8|101|1573\n|player|p2|cuerodeolancho|iris-gen5bw2|1657\n|gen|9\n|tier|[Gen 9] OU\n|rated|\n|rule|HP Percentage Mod: HP is shown in percentages\n|rule|Endless Battle Clause: Forcing endless battles is banned\n|rule|Species Clause: Limit one of each Pokémon\n|rule|OHKO Clause: OHKO moves are banned\n|rule|Evasion Items Clause: Evasion items are banned\n|rule|Evasion Moves Clause: Evasion moves are banned\n|rule|Evasion Abilities Clause: Evasion abilities are banned\n|rule|Sleep Moves Clause: Sleep-inducing moves are banned\n|clearpoke\n|poke|p1|Tsareena, F|\n|poke|p1|Vikavolt, M|\n|poke|p1|Ribombee, F|\n|poke|p1|Dragonite, F|\n|poke|p1|Hoopa-Unbound|\n|poke|p1|Indeedee, M|\n|poke|p2|Dragonite, M|\n|poke|p2|Ting-Lu|\n|poke|p2|Raging Bolt|\n|poke|p2|Gholdengo|\n|poke|p2|Iron Valiant|\n|poke|p2|Great Tusk|\n|teampreview\n|inactive|Battle timer is ON: inactive players will automatically lose when time's up. (requested by cuerodeolancho)\n|\n|t:|1771267491\n|teamsize|p1|6\n|teamsize|p2|6\n|start\n|switch|p1a: Mavis|Ribombee, F|100/100\n|switch|p2a: Great Neck|Raging Bolt|100/100\n|turn|1\n|\n|t:|1771267497\n|move|p1a: Mavis|Moonblast|p2a: Great Neck\n|-supereffective|p2a: Great Neck\n|-damage|p2a: Great Neck|36/100\n|-unboost|p2a: Great Neck|spa|1\n|move|p2a: Great Neck|Volt Switch|p1a: Mavis\n|-crit|p1a: Mavis\n|-damage|p1a: Mavis|0 fnt\n|faint|p1a: Mavis\n|\n|t:|1771267514\n|-end|p2a: Great Neck|Protosynthesis|[silent]\n|switch|p2a: Ting-Lu|Ting-Lu|100/100|[from] Volt Switch\n|-ability|p2a: Ting-Lu|Vessel of Ruin\n|\n|upkeep\n|\n|t:|1771267519\n|switch|p1a: MotherTeresa|Tsareena, F|100/100\n|turn|2\n|j| chase598\n|\n|t:|1771267528\n|switch|p2a: Great Neck|Raging Bolt|36/100\n|move|p1a: MotherTeresa|Knock Off|p2a: Great Neck\n|-damage|p2a: Great Neck|7/100\n|-enditem|p2a: Great Neck|Choice Specs|[from] move: Knock Off|[of] p1a: MotherTeresa\n|\n|upkeep\n|turn|3\n|\n|t:|1771267534\n|move|p2a: Great Neck|Thunderclap||[still]\n|cant|p1a: MotherTeresa|ability: Queenly Majesty|Thunderclap|[of] p2a: Great Neck\n|move|p1a: MotherTeresa|Knock Off|p2a: Great Neck\n|-damage|p2a: Great Neck|0 fnt\n|faint|p2a: Great Neck\n|-end|p2a: Great Neck|Protosynthesis|[silent]\n|\n|upkeep\n|\n|t:|1771267540\n|switch|p2a: Iron Valiant|Iron Valiant|100/100\n|-enditem|p2a: Iron Valiant|Booster Energy\n|-activate|p2a: Iron Valiant|ability: Quark Drive|[fromitem]\n|-start|p2a: Iron Valiant|quarkdrivespe\n|turn|4\n|\n|t:|1771267547\n|switch|p1a: DeeDee|Indeedee, M|100/100\n|-fieldstart|move: Psychic Terrain|[from] ability: Psychic Surge|[of] p1a: DeeDee\n|move|p2a: Iron Valiant|Moonblast|p1a: DeeDee\n|-damage|p1a: DeeDee|37/100\n|\n|upkeep\n|turn|5\n|\n|t:|1771267559\n|move|p2a: Iron Valiant|Moonblast|p1a: DeeDee\n|-damage|p1a: DeeDee|0 fnt\n|faint|p1a: DeeDee\n|\n|upkeep\n|\n|t:|1771267566\n|switch|p1a: F1|Vikavolt, M|100/100\n|turn|6\n|\n|t:|1771267571\n|-end|p2a: Iron Valiant|Quark Drive|[silent]\n|switch|p2a: Great Tusk|Great Tusk|100/100\n|move|p1a: F1|Bug Buzz|p2a: Great Tusk\n|-resisted|p2a: Great Tusk\n|-damage|p2a: Great Tusk|74/100\n|-enditem|p1a: F1|Throat Spray\n|-boost|p1a: F1|spa|1|[from] item: Throat Spray\n|\n|upkeep\n|turn|7\n|\n|t:|1771267581\n|move|p2a: Great Tusk|Ice Spinner|p1a: F1\n|-damage|p1a: F1|62/100\n|-fieldend|move: Psychic Terrain\n|move|p1a: F1|Agility|p1a: F1\n|-boost|p1a: F1|spe|2\n|\n|upkeep\n|turn|8\n|l| chase598\n|\n|t:|1771267593\n|move|p1a: F1|Energy Ball|p2a: Great Tusk\n|-supereffective|p2a: Great Tusk\n|-damage|p2a: Great Tusk|0 fnt\n|faint|p2a: Great Tusk\n|-end|p2a: Great Tusk|Protosynthesis|[silent]\n|\n|upkeep\n|\n|t:|1771267606\n|switch|p2a: greed|Dragonite, M, shiny|100/100\n|turn|9\n|\n|t:|1771267610\n|move|p1a: F1|Thunderbolt|p2a: greed\n|-damage|p2a: greed|58/100\n|-status|p2a: greed|par\n|move|p2a: greed|Dragon Dance|p2a: greed\n|-boost|p2a: greed|atk|1\n|-boost|p2a: greed|spe|1\n|\n|upkeep\n|turn|10\n|\n|t:|1771267617\n|switch|p1a: MotherTeresa|Tsareena, F|100/100\n|move|p2a: greed|Extreme Speed||[still]\n|cant|p1a: MotherTeresa|ability: Queenly Majesty|Extreme Speed|[of] p2a: greed\n|\n|upkeep\n|turn|11\n|c|☆cuerodeolancho|shi paras\n|\n|t:|1771267623\n|move|p1a: MotherTeresa|Triple Axel|p2a: greed\n|-supereffective|p2a: greed\n|-damage|p2a: greed|24/100 par\n|-supereffective|p2a: greed\n|-damage|p2a: greed|0 fnt\n|faint|p2a: greed\n|-hitcount|p2: greed|2\n|\n|upkeep\n|\n|t:|1771267628\n|switch|p2a: Gholdengo|Gholdengo|100/100\n|turn|12\n|\n|t:|1771267632\n|move|p2a: Gholdengo|Shadow Ball|p1a: MotherTeresa\n|-damage|p1a: MotherTeresa|18/100\n|-unboost|p1a: MotherTeresa|spd|1\n|move|p1a: MotherTeresa|Knock Off|p2a: Gholdengo\n|-supereffective|p2a: Gholdengo\n|-damage|p2a: Gholdengo|26/100\n|-enditem|p2a: Gholdengo|Choice Specs|[from] move: Knock Off|[of] p1a: MotherTeresa\n|\n|upkeep\n|turn|13\n|\n|t:|1771267640\n|move|p2a: Gholdengo|Shadow Ball|p1a: MotherTeresa\n|-damage|p1a: MotherTeresa|0 fnt\n|faint|p1a: MotherTeresa\n|\n|upkeep\n|\n|t:|1771267646\n|switch|p1a: DKnight|Dragonite, F|100/100\n|turn|14\n|\n|t:|1771267649\n|-terastallize|p1a: DKnight|Normal\n|move|p2a: Gholdengo|Shadow Ball|p1a: DKnight\n|-immune|p1a: DKnight\n|move|p1a: DKnight|Dragon Dance|p1a: DKnight\n|-boost|p1a: DKnight|atk|1\n|-boost|p1a: DKnight|spe|1\n|\n|upkeep\n|turn|15\n|\n|t:|1771267656\n|move|p1a: DKnight|Dragon Dance|p1a: DKnight\n|-boost|p1a: DKnight|atk|1\n|-boost|p1a: DKnight|spe|1\n|move|p2a: Gholdengo|Make It Rain|p1a: DKnight\n|-damage|p1a: DKnight|68/100\n|-unboost|p2a: Gholdengo|spa|1\n|\n|upkeep\n|turn|16\n|\n|t:|1771267664\n|move|p1a: DKnight|Dragon Dance|p1a: DKnight\n|-boost|p1a: DKnight|atk|1\n|-boost|p1a: DKnight|spe|1\n|move|p2a: Gholdengo|Make It Rain|p1a: DKnight\n|-damage|p1a: DKnight|29/100\n|-unboost|p2a: Gholdengo|spa|1\n|\n|upkeep\n|turn|17\n|\n|t:|1771267672\n|move|p1a: DKnight|Earthquake|p2a: Gholdengo\n|-supereffective|p2a: Gholdengo\n|-damage|p2a: Gholdengo|0 fnt\n|faint|p2a: Gholdengo\n|\n|upkeep\n|\n|t:|1771267674\n|switch|p2a: Ting-Lu|Ting-Lu|100/100\n|-ability|p2a: Ting-Lu|Vessel of Ruin\n|turn|18\n|\n|t:|1771267679\n|move|p1a: DKnight|Ice Spinner|p2a: Ting-Lu\n|-supereffective|p2a: Ting-Lu\n|-damage|p2a: Ting-Lu|22/100\n|move|p2a: Ting-Lu|Whirlwind|p1a: DKnight\n|drag|p1a: F1|Vikavolt, M|62/100\n|\n|-heal|p2a: Ting-Lu|29/100|[from] item: Leftovers\n|upkeep\n|turn|19\n|\n|t:|1771267687\n|move|p1a: F1|Agility|p1a: F1\n|-boost|p1a: F1|spe|2\n|move|p2a: Ting-Lu|Ruination|p1a: F1\n|-damage|p1a: F1|31/100\n|\n|-heal|p2a: Ting-Lu|35/100|[from] item: Leftovers\n|upkeep\n|turn|20\n|\n|t:|1771267695\n|move|p1a: F1|Bug Buzz|p2a: Ting-Lu\n|-supereffective|p2a: Ting-Lu\n|-damage|p2a: Ting-Lu|0 fnt\n|faint|p2a: Ting-Lu\n|\n|upkeep\n|\n|t:|1771267697\n|switch|p2a: Iron Valiant|Iron Valiant|100/100\n|turn|21\n|\n|t:|1771267703\n|-terastallize|p2a: Iron Valiant|Steel\n|move|p1a: F1|Thunderbolt|p2a: Iron Valiant\n|-damage|p2a: Iron Valiant|0 fnt\n|faint|p2a: Iron Valiant\n|-end|p2a: Iron Valiant|Quark Drive|[silent]\n|\n|win|waha8\n|raw|waha8's rating: 1573 &rarr; <strong>1598</strong><br />(+25 for winning)\n|raw|cuerodeolancho's rating: 1657 &rarr; <strong>1632</strong><br />(-25 for losing)\n|l|☆waha8\n|player|p1|\n|l|☆cuerodeolancho\n|player|p2|\n", "uploadtime": 1771267958, "views": 3, "formatid": "gen9ou", "rating": 1598, "private": 0, "password": null}