{"id": "gen9ou-2540694724", "format": "[Gen 9] OU", "players": ["dimitry5000", "tuanquewang"], "log": "|j|☆dimitry5000\n|j|☆tuanquewang\n|t:|1771241550\n|gametype|singles\n|player|p1|dimitry5000|102|1791\n|player|p2|tuanquewang|backersf|1747\n|gen|9\n|tier|[Gen 9] OU\n|rated|\n|rule|HP Percentage Mod: HP is shown in percentages\n|rule|Endless Battle Clause: Forcing endless battles is banned\n|rule|Species Clause: Limit one of each Pokémon\n|rule|OHKO Clause: OHKO moves are banned\n|rule|Evasion Items Clause: Evasion items are banned\n|rule|Evasion Moves Clause: Evasion moves are banned\n|rule|Evasion Abilities Clause: Evasion abilities are banned\n|rule|Sleep Moves Clause: Sleep-inducing moves are banned\n|clearpoke\n|poke|p1|Alomomola, M|\n|poke|p1|Dondozo, F|\n|poke|p1|Slowking-Galar, M|\n|poke|p1|Gliscor, F|\n|poke|p1|Blissey, F|\n|poke|p1|Corviknight, F|\n|poke|p2|Slowking-Galar, M|\n|poke|p2|Alomomola, F|\n|poke|p2|Scizor, M|\n|poke|p2|Hydrapple, F|\n|poke|p2|Cinderace, M|\n|poke|p2|Sandy Shocks|\n|teampreview\n|inactive|Battle timer is ON: inactive players will automatically lose when time's up. (requested by dimitry5000)\n|inactive|tuanquewang also wants the timer to be on.\n|j| Despote\n|\n|t:|1771241559\n|teamsize|p1|6\n|teamsize|p2|6\n|start\n|switch|p1a: Gliscor|Gliscor, F|100/100\n|switch|p2a: Hydrapple|Hydrapple, F, shiny|100/100\n|turn|1\n|\n|t:|1771241565\n|move|p1a: Gliscor|Protect|p1a: Gliscor\n|-singleturn|p1a: Gliscor|Protect\n|move|p2a: Hydrapple|Hydro Pump|p1a: Gliscor\n|-activate|p1a: Gliscor|move: Protect\n|\n|-status|p1a: Gliscor|tox|[from] item: Toxic Orb\n|upkeep\n|turn|2\n|\n|t:|1771241568\n|switch|p1a: Slowking|Slowking-Galar, M|100/100\n|switch|p2a: Slowking|Slowking-Galar, M|100/100\n|\n|upkeep\n|turn|3\n|\n|t:|1771241572\n|switch|p1a: Gliscor|Gliscor, F|100/100 tox\n|move|p2a: Slowking|Trick|p1a: Gliscor\n|-activate|p2a: Slowking|move: Trick|[of] p1a: Gliscor\n|-item|p1a: Gliscor|Black Sludge|[from] move: Trick\n|-item|p2a: Slowking|Toxic Orb|[from] move: Trick\n|\n|-damage|p1a: Gliscor|88/100 tox|[from] item: Black Sludge\n|-heal|p1a: Gliscor|100/100 tox|[from] ability: Poison Heal\n|upkeep\n|turn|4\n|j| isaac_pruebas\n|\n|t:|1771241582\n|switch|p2a: Sandy Shocks|Sandy Shocks, shiny|100/100\n|move|p1a: Gliscor|Stealth Rock|p2a: Sandy Shocks\n|-sidestart|p2: tuanquewang|move: Stealth Rock\n|\n|-damage|p1a: Gliscor|88/100 tox|[from] item: Black Sludge\n|-heal|p1a: Gliscor|100/100 tox|[from] ability: Poison Heal\n|upkeep\n|turn|5\n|\n|t:|1771241591\n|move|p2a: Sandy Shocks|Tera Blast|p1a: Gliscor\n|-crit|p1a: Gliscor\n|-damage|p1a: Gliscor|63/100 tox\n|move|p1a: Gliscor|Toxic|p2a: Sandy Shocks\n|-status|p2a: Sandy Shocks|tox\n|\n|-damage|p1a: Gliscor|50/100 tox|[from] item: Black Sludge\n|-damage|p2a: Sandy Shocks|94/100 tox|[from] psn\n|-heal|p1a: Gliscor|63/100 tox|[from] ability: Poison Heal\n|upkeep\n|turn|6\n|\n|t:|1771241599\n|-end|p2a: Sandy Shocks|Protosynthesis|[silent]\n|switch|p2a: Alomomola|Alomomola, F|100/100\n|-damage|p2a: Alomomola|88/100|[from] Stealth Rock\n|switch|p1a: Slowking|Slowking-Galar, M|100/100\n|\n|-heal|p2a: Alomomola|94/100|[from] item: Leftovers\n|upkeep\n|turn|7\n|j| GavilarKholin\n|\n|t:|1771241604\n|move|p2a: Alomomola|Flip Turn|p1a: Slowking\n|-damage|p1a: Slowking|82/100\n|\n|t:|1771241606\n|switch|p2a: Slowking|Slowking-Galar, M|100/100|[from] Flip Turn\n|-damage|p2a: Slowking|88/100|[from] Stealth Rock\n|move|p1a: Slowking|Future Sight|p2a: Slowking\n|-start|p1a: Slowking|move: Future Sight\n|\n|upkeep\n|turn|8\n|\n|t:|1771241610\n|switch|p1a: Gliscor|Gliscor, F|63/100 tox\n|move|p2a: Slowking|Future Sight|p1a: Gliscor\n|-start|p2a: Slowking|move: Future Sight\n|\n|-damage|p1a: Gliscor|50/100 tox|[from] item: Black Sludge\n|-heal|p1a: Gliscor|63/100 tox|[from] ability: Poison Heal\n|upkeep\n|turn|9\n|\n|t:|1771241616\n|switch|p2a: Sandy Shocks|Sandy Shocks, shiny|94/100 tox\n|-damage|p2a: Sandy Shocks|88/100 tox|[from] Stealth Rock\n|move|p1a: Gliscor|Knock Off|p2a: Sandy Shocks\n|-damage|p2a: Sandy Shocks|63/100 tox\n|-enditem|p2a: Sandy Shocks|Choice Scarf|[from] move: Knock Off|[of] p1a: Gliscor\n|\n|-end|p2a: Sandy Shocks|move: Future Sight\n|-damage|p2a: Sandy Shocks|5/100 tox\n|-damage|p1a: Gliscor|50/100 tox|[from] item: Black Sludge\n|-damage|p2a: Sandy Shocks|0 fnt|[from] psn\n|faint|p2a: Sandy Shocks\n|-end|p2a: Sandy Shocks|Protosynthesis|[silent]\n|-heal|p1a: Gliscor|63/100 tox|[from] ability: Poison Heal\n|upkeep\n|\n|t:|1771241623\n|switch|p2a: Alomomola|Alomomola, F|100/100\n|-damage|p2a: Alomomola|88/100|[from] Stealth Rock\n|turn|10\n|\n|t:|1771241628\n|switch|p1a: Slowking|Slowking-Galar, M|100/100\n|move|p2a: Alomomola|Flip Turn|p1a: Slowking\n|-damage|p1a: Slowking|82/100\n|\n|t:|1771241631\n|switch|p2a: Cinderace|Cinderace, M|100/100|[from] Flip Turn\n|\n|-end|p1a: Slowking|move: Future Sight\n|-damage|p1a: Slowking|56/100\n|upkeep\n|turn|11\n|l| isaac_pruebas\n|\n|t:|1771241638\n|switch|p1a: Alomomola|Alomomola, M|100/100\n|move|p2a: Cinderace|Pyro Ball|p1a: Alomomola\n|-resisted|p1a: Alomomola\n|-damage|p1a: Alomomola|84/100\n|\n|upkeep\n|turn|12\n|\n|t:|1771241641\n|move|p2a: Cinderace|Court Change|p2a: Cinderace\n|-start|p2a: Cinderace|typechange|Normal|[from] ability: Libero\n|-swapsideconditions\n|-activate|p2a: Cinderace|move: Court Change\n|move|p1a: Alomomola|Flip Turn|p2a: Cinderace\n|-damage|p2a: Cinderace|79/100\n|\n|t:|1771241650\n|switch|p1a: Slowking|Slowking-Galar, M|90/100|[from] Flip Turn\n|\n|upkeep\n|turn|13\n|\n|t:|1771241655\n|move|p2a: Cinderace|U-turn|p1a: Slowking\n|-damage|p1a: Slowking|67/100\n|\n|t:|1771241657\n|switch|p2a: Slowking|Slowking-Galar, M|100/100|[from] U-turn\n|-prepare|p1a: Slowking|Chilly Reception|[premajor]\n|move|p1a: Slowking|Chilly Reception|p1a: Slowking\n|-weather|Snowscape\n|\n|t:|1771241660\n|switch|p1a: Gliscor|Gliscor, F|63/100 tox|[from] Chilly Reception\n|-damage|p1a: Gliscor|50/100 tox|[from] Stealth Rock\n|\n|-weather|Snowscape|[upkeep]\n|-damage|p1a: Gliscor|38/100 tox|[from] item: Black Sludge\n|-heal|p1a: Gliscor|50/100 tox|[from] ability: Poison Heal\n|upkeep\n|turn|14\n|\n|t:|1771241663\n|switch|p2a: Alomomola|Alomomola, F|100/100\n|move|p1a: Gliscor|Stealth Rock|p2a: Alomomola\n|-sidestart|p2: tuanquewang|move: Stealth Rock\n|\n|-weather|Snowscape|[upkeep]\n|-damage|p1a: Gliscor|38/100 tox|[from] item: Black Sludge\n|-heal|p1a: Gliscor|50/100 tox|[from] ability: Poison Heal\n|upkeep\n|turn|15\n|\n|t:|1771241667\n|switch|p1a: Alomomola|Alomomola, M|100/100\n|-damage|p1a: Alomomola|88/100|[from] Stealth Rock\n|move|p2a: Alomomola|Flip Turn|p1a: Alomomola\n|-resisted|p1a: Alomomola\n|-damage|p1a: Alomomola|84/100\n|-damage|p2a: Alomomola|84/100|[from] item: Rocky Helmet|[of] p1a: Alomomola\n|\n|t:|1771241672\n|switch|p2a: Hydrapple|Hydrapple, F, shiny|100/100|[from] Flip Turn\n|-damage|p2a: Hydrapple|88/100|[from] Stealth Rock\n|\n|-weather|Snowscape|[upkeep]\n|upkeep\n|turn|16\n|\n|t:|1771241675\n|move|p1a: Alomomola|Protect|p1a: Alomomola\n|-singleturn|p1a: Alomomola|Protect\n|move|p2a: Hydrapple|Leaf Storm|p1a: Alomomola\n|-activate|p1a: Alomomola|move: Protect\n|\n|-weather|Snowscape|[upkeep]\n|upkeep\n|turn|17\n|\n|t:|1771241681\n|switch|p1a: Corviknight|Corviknight, F|100/100\n|-damage|p1a: Corviknight|88/100|[from] Stealth Rock\n|-ability|p1a: Corviknight|Pressure\n|switch|p2a: Cinderace|Cinderace, M|79/100\n|\n|-weather|none\n|-heal|p1a: Corviknight|94/100|[from] item: Leftovers\n|upkeep\n|turn|18\n|\n|t:|1771241688\n|switch|p1a: Alomomola|Alomomola, M|100/100\n|-damage|p1a: Alomomola|88/100|[from] Stealth Rock\n|move|p2a: Cinderace|Pyro Ball|p1a: Alomomola\n|-resisted|p1a: Alomomola\n|-damage|p1a: Alomomola|71/100\n|\n|upkeep\n|turn|19\n|\n|t:|1771241694\n|switch|p2a: Hydrapple|Hydrapple, F, shiny|100/100\n|-damage|p2a: Hydrapple|88/100|[from] Stealth Rock\n|move|p1a: Alomomola|Flip Turn|p2a: Hydrapple\n|-resisted|p2a: Hydrapple\n|-damage|p2a: Hydrapple|85/100\n|\n|t:|1771241696\n|switch|p1a: Slowking|Slowking-Galar, M|99/100|[from] Flip Turn\n|\n|upkeep\n|turn|20\n|\n|t:|1771241701\n|move|p2a: Hydrapple|Earth Power|p1a: Slowking\n|-supereffective|p1a: Slowking\n|-damage|p1a: Slowking|47/100\n|move|p1a: Slowking|Future Sight|p2a: Hydrapple\n|-start|p1a: Slowking|move: Future Sight\n|\n|upkeep\n|turn|21\n|\n|t:|1771241711\n|switch|p1a: Corviknight|Corviknight, F|94/100\n|-damage|p1a: Corviknight|82/100|[from] Stealth Rock\n|-ability|p1a: Corviknight|Pressure\n|move|p2a: Hydrapple|Earth Power|p1a: Corviknight\n|-immune|p1a: Corviknight\n|\n|-heal|p1a: Corviknight|88/100|[from] item: Leftovers\n|upkeep\n|turn|22\n|\n|t:|1771241715\n|switch|p1a: Slowking|Slowking-Galar, M|80/100\n|switch|p2a: Slowking|Slowking-Galar, M|100/100\n|-damage|p2a: Slowking|88/100|[from] Stealth Rock\n|\n|-end|p2a: Slowking|move: Future Sight\n|-damage|p2a: Slowking|60/100\n|upkeep\n|turn|23\n|\n|t:|1771241726\n|switch|p1a: Gliscor|Gliscor, F|50/100 tox\n|-damage|p1a: Gliscor|38/100 tox|[from] Stealth Rock\n|move|p2a: Slowking|Future Sight|p1a: Gliscor\n|-start|p2a: Slowking|move: Future Sight\n|\n|-damage|p1a: Gliscor|26/100 tox|[from] item: Black Sludge\n|-heal|p1a: Gliscor|38/100 tox|[from] ability: Poison Heal\n|upkeep\n|turn|24\n|\n|t:|1771241734\n|switch|p2a: Alomomola|Alomomola, F|100/100\n|-damage|p2a: Alomomola|88/100|[from] Stealth Rock\n|move|p1a: Gliscor|Knock Off|p2a: Alomomola\n|-damage|p2a: Alomomola|77/100\n|-enditem|p2a: Alomomola|Leftovers|[from] move: Knock Off|[of] p1a: Gliscor\n|\n|-damage|p1a: Gliscor|26/100 tox|[from] item: Black Sludge\n|-heal|p1a: Gliscor|38/100 tox|[from] ability: Poison Heal\n|upkeep\n|turn|25\n|\n|t:|1771241739\n|switch|p1a: Slowking|Slowking-Galar, M|100/100\n|move|p2a: Alomomola|Flip Turn|p1a: Slowking\n|-damage|p1a: Slowking|85/100\n|\n|t:|1771241742\n|switch|p2a: Cinderace|Cinderace, M|79/100|[from] Flip Turn\n|\n|-end|p1a: Slowking|move: Future Sight\n|-damage|p1a: Slowking|59/100\n|upkeep\n|turn|26\n|\n|t:|1771241748\n|switch|p1a: Alomomola|Alomomola, M|100/100\n|-damage|p1a: Alomomola|88/100|[from] Stealth Rock\n|move|p2a: Cinderace|U-turn|p1a: Alomomola\n|-start|p2a: Cinderace|typechange|Bug|[from] ability: Libero\n|-damage|p1a: Alomomola|68/100\n|-damage|p2a: Cinderace|62/100|[from] item: Rocky Helmet|[of] p1a: Alomomola\n|\n|t:|1771241753\n|switch|p2a: Slowking|Slowking-Galar, M|94/100|[from] U-turn\n|-damage|p2a: Slowking|81/100|[from] Stealth Rock\n|\n|upkeep\n|turn|27\n|\n|t:|1771241759\n|move|p1a: Alomomola|Flip Turn|p2a: Slowking\n|-damage|p2a: Slowking|64/100\n|\n|t:|1771241763\n|switch|p1a: Corviknight|Corviknight, F|88/100|[from] Flip Turn\n|-damage|p1a: Corviknight|75/100|[from] Stealth Rock\n|-ability|p1a: Corviknight|Pressure\n|move|p2a: Slowking|Future Sight|p1a: Corviknight\n|-start|p2a: Slowking|move: Future Sight\n|\n|-heal|p1a: Corviknight|82/100|[from] item: Leftovers\n|upkeep\n|turn|28\n|\n|t:|1771241770\n|switch|p1a: Alomomola|Alomomola, M|100/100\n|-damage|p1a: Alomomola|88/100|[from] Stealth Rock\n|-prepare|p2a: Slowking|Chilly Reception|[premajor]\n|move|p2a: Slowking|Chilly Reception|p2a: Slowking\n|-weather|Snowscape\n|\n|t:|1771241774\n|switch|p2a: Alomomola|Alomomola, F|100/100|[from] Chilly Reception\n|-damage|p2a: Alomomola|88/100|[from] Stealth Rock\n|\n|-weather|Snowscape|[upkeep]\n|upkeep\n|turn|29\n|\n|t:|1771241778\n|switch|p1a: Slowking|Slowking-Galar, M|93/100\n|move|p2a: Alomomola|Flip Turn|p1a: Slowking\n|-damage|p1a: Slowking|77/100\n|\n|t:|1771241780\n|switch|p2a: Cinderace|Cinderace, M|62/100|[from] Flip Turn\n|\n|-weather|Snowscape|[upkeep]\n|-end|p1a: Slowking|move: Future Sight\n|-damage|p1a: Slowking|53/100\n|upkeep\n|turn|30\n|\n|t:|1771241784\n|switch|p1a: Alomomola|Alomomola, M|100/100\n|-damage|p1a: Alomomola|88/100|[from] Stealth Rock\n|move|p2a: Cinderace|U-turn|p1a: Alomomola\n|-start|p2a: Cinderace|typechange|Bug|[from] ability: Libero\n|-damage|p1a: Alomomola|67/100\n|-damage|p2a: Cinderace|45/100|[from] item: Rocky Helmet|[of] p1a: Alomomola\n|\n|t:|1771241786\n|switch|p2a: Alomomola|Alomomola, F|100/100|[from] U-turn\n|-damage|p2a: Alomomola|88/100|[from] Stealth Rock\n|\n|-weather|Snowscape|[upkeep]\n|upkeep\n|turn|31\n|\n|t:|1771241792\n|switch|p1a: Slowking|Slowking-Galar, M|86/100\n|move|p2a: Alomomola|Flip Turn|p1a: Slowking\n|-damage|p1a: Slowking|70/100\n|l|☆tuanquewang\n|inactive|tuanquewang disconnected and has a minute to reconnect!\n|player|p2|\n|l| Despote\n|inactive|tuanquewang has 30 seconds to reconnect!\n|inactive|tuanquewang has 20 seconds to reconnect!\n|inactive|tuanquewang has 15 seconds to reconnect!\n|inactive|tuanquewang has 10 seconds to reconnect!\n|j|☆tuanquewang\n|inactive|tuanquewang reconnected and has 90 seconds left.\n|player|p2|tuanquewang|backersf|\n|\n|t:|1771241858\n|switch|p2a: Scizor|Scizor, M|100/100|[from] Flip Turn\n|-damage|p2a: Scizor|88/100|[from] Stealth Rock\n|\n|-weather|Snowscape|[upkeep]\n|upkeep\n|turn|32\n|inactive|tuanquewang has 90 seconds left.\n|\n|t:|1771241865\n|switch|p1a: Alomomola|Alomomola, M|100/100\n|-damage|p1a: Alomomola|88/100|[from] Stealth Rock\n|move|p2a: Scizor|U-turn|p1a: Alomomola\n|-damage|p1a: Alomomola|53/100\n|-damage|p2a: Scizor|72/100|[from] item: Rocky Helmet|[of] p1a: Alomomola\n|inactive|tuanquewang has 90 seconds left.\n|j| Samurajen\n|inactive|tuanquewang has 60 seconds left.\n|inactive|tuanquewang has 30 seconds left.\n|l|☆tuanquewang\n|inactive|tuanquewang disconnected and has a minute to reconnect!\n|player|p2|\n|l| GavilarKholin\n|inactive|tuanquewang has 20 seconds left.\n|inactive|tuanquewang has 15 seconds left.\n|inactive|tuanquewang has 10 seconds left.\n|inactive|tuanquewang has 5 seconds left.\n|-message|tuanquewang lost due to inactivity.\n|\n|win|dimitry5000\n|raw|dimitry5000's rating: 1791 &rarr; <strong>1808</strong><br />(+17 for winning)\n|raw|tuanquewang's rating: 1747 &rarr; <strong>1730</strong><br />(-17 for losing)\n|l|☆dimitry5000\n|player|p1|\n", "uploadtime": 1771242214, "views": 14, "formatid": "gen9ou", "rating": 1730, "private": 0, "password": null}