{"id": "gen9ou-2540675410", "format": "[Gen 9] OU", "players": ["oehtwashere", "theonReekGreyjoy93"], "log": "|j|‽oehtwashere\n|j|☆theonReekGreyjoy93\n|t:|1771238392\n|gametype|singles\n|player|p1|oehtwashere|ryuki|1738\n|player|p2|theonReekGreyjoy93|102|1618\n|gen|9\n|tier|[Gen 9] OU\n|rated|\n|rule|HP Percentage Mod: HP is shown in percentages\n|rule|Endless Battle Clause: Forcing endless battles is banned\n|rule|Species Clause: Limit one of each Pokémon\n|rule|OHKO Clause: OHKO moves are banned\n|rule|Evasion Items Clause: Evasion items are banned\n|rule|Evasion Moves Clause: Evasion moves are banned\n|rule|Evasion Abilities Clause: Evasion abilities are banned\n|rule|Sleep Moves Clause: Sleep-inducing moves are banned\n|clearpoke\n|poke|p1|Volcanion|\n|poke|p1|Rotom-Heat|\n|poke|p1|Cinderace, F|\n|poke|p1|Moltres|\n|poke|p1|Heatran, M|\n|poke|p1|Incineroar, F|\n|poke|p2|Walking Wake|\n|poke|p2|Great Tusk|\n|poke|p2|Ninetales, M|\n|poke|p2|Heatran, M|\n|poke|p2|Fezandipiti, M|\n|poke|p2|Zarude|\n|teampreview\n|inactive|Battle timer is ON: inactive players will automatically lose when time's up. (requested by oehtwashere)\n|inactive|theonReekGreyjoy93 has 120 seconds left.\n|\n|t:|1771238447\n|teamsize|p1|6\n|teamsize|p2|6\n|start\n|switch|p1a: Cinderace|Cinderace, F|100/100\n|switch|p2a: Fezandipiti|Fezandipiti, M|100/100\n|turn|1\n|\n|t:|1771238453\n|move|p1a: Cinderace|Gunk Shot|p2a: Fezandipiti\n|-start|p1a: Cinderace|typechange|Poison|[from] ability: Libero\n|-damage|p2a: Fezandipiti|52/100\n|move|p2a: Fezandipiti|Beat Up|p1a: Cinderace\n|-damage|p1a: Cinderace|96/100\n|-damage|p1a: Cinderace|91/100\n|-damage|p1a: Cinderace|87/100\n|-damage|p1a: Cinderace|82/100\n|-damage|p1a: Cinderace|78/100\n|-damage|p1a: Cinderace|73/100\n|-hitcount|p1a: Cinderace|6\n|\n|upkeep\n|turn|2\n|\n|t:|1771238461\n|move|p1a: Cinderace|U-turn|p2a: Fezandipiti\n|-resisted|p2a: Fezandipiti\n|-damage|p2a: Fezandipiti|47/100\n|-damage|p1a: Cinderace|57/100|[from] item: Rocky Helmet|[of] p2a: Fezandipiti\n|\n|t:|1771238463\n|switch|p1a: Heatran|Heatran, M|100/100|[from] U-turn\n|move|p2a: Fezandipiti|Roost|p2a: Fezandipiti\n|-heal|p2a: Fezandipiti|97/100\n|-singleturn|p2a: Fezandipiti|move: Roost\n|\n|upkeep\n|turn|3\n|\n|t:|1771238470\n|move|p2a: Fezandipiti|U-turn|p1a: Heatran\n|-resisted|p1a: Heatran\n|-crit|p1a: Heatran\n|-damage|p1a: Heatran|96/100\n|\n|t:|1771238474\n|switch|p2a: Walking Wake|Walking Wake|100/100|[from] U-turn\n|move|p1a: Heatran|Stealth Rock|p2a: Walking Wake\n|-sidestart|p2: theonReekGreyjoy93|move: Stealth Rock\n|\n|-heal|p1a: Heatran|100/100|[from] item: Leftovers\n|upkeep\n|turn|4\n|\n|t:|1771238481\n|switch|p1a: Volcanion|Volcanion|100/100\n|move|p2a: Walking Wake|Hydro Steam|p1a: Volcanion\n|-immune|p1a: Volcanion|[from] ability: Water Absorb\n|\n|upkeep\n|turn|5\n|\n|t:|1771238485\n|move|p2a: Walking Wake|Draco Meteor|p1a: Volcanion\n|-damage|p1a: Volcanion|38/100\n|-unboost|p2a: Walking Wake|spa|2\n|move|p1a: Volcanion|Earth Power|p2a: Walking Wake\n|-damage|p2a: Walking Wake|84/100\n|\n|upkeep\n|turn|6\n|\n|t:|1771238505\n|move|p2a: Walking Wake|Draco Meteor|p1a: Volcanion|[miss]\n|-miss|p2a: Walking Wake|p1a: Volcanion\n|move|p1a: Volcanion|Steam Eruption|p2a: Walking Wake\n|-resisted|p2a: Walking Wake\n|-damage|p2a: Walking Wake|76/100\n|\n|upkeep\n|turn|7\n|\n|t:|1771238510\n|switch|p1a: Heatran|Heatran, M|100/100\n|move|p2a: Walking Wake|Draco Meteor|p1a: Heatran\n|-resisted|p1a: Heatran\n|-damage|p1a: Heatran|91/100\n|-unboost|p2a: Walking Wake|spa|2\n|\n|-heal|p1a: Heatran|98/100|[from] item: Leftovers\n|upkeep\n|turn|8\n|\n|t:|1771238523\n|-end|p2a: Walking Wake|Protosynthesis|[silent]\n|switch|p2a: Heatran|Heatran, M|100/100\n|-damage|p2a: Heatran|88/100|[from] Stealth Rock\n|-item|p2a: Heatran|Air Balloon\n|move|p1a: Heatran|Earth Power|p2a: Heatran\n|-immune|p2a: Heatran\n|\n|-heal|p1a: Heatran|100/100|[from] item: Leftovers\n|upkeep\n|turn|9\n|\n|t:|1771238529\n|switch|p1a: Moltres|Moltres|100/100\n|move|p2a: Heatran|Stealth Rock|p1a: Moltres\n|-sidestart|p1: oehtwashere|move: Stealth Rock\n|\n|upkeep\n|turn|10\n|\n|t:|1771238543\n|switch|p2a: Ninetales|Ninetales, M|100/100\n|-damage|p2a: Ninetales|76/100|[from] Stealth Rock\n|-weather|SunnyDay|[from] ability: Drought|[of] p2a: Ninetales\n|move|p1a: Moltres|U-turn|p2a: Ninetales\n|-resisted|p2a: Ninetales\n|-damage|p2a: Ninetales|66/100\n|\n|t:|1771238555\n|switch|p1a: Cinderace|Cinderace, F|57/100|[from] U-turn\n|\n|-weather|SunnyDay|[upkeep]\n|upkeep\n|turn|11\n|\n|t:|1771238565\n|switch|p2a: Great Tusk|Great Tusk|100/100\n|-damage|p2a: Great Tusk|97/100|[from] Stealth Rock\n|-activate|p2a: Great Tusk|ability: Protosynthesis\n|-start|p2a: Great Tusk|protosynthesisspe\n|move|p1a: Cinderace|High Jump Kick|p2a: Great Tusk\n|-start|p1a: Cinderace|typechange|Fighting|[from] ability: Libero\n|-damage|p2a: Great Tusk|60/100\n|\n|-weather|SunnyDay|[upkeep]\n|-heal|p2a: Great Tusk|66/100|[from] item: Leftovers\n|upkeep\n|turn|12\n|\n|t:|1771238577\n|switch|p1a: Rotom|Rotom-Heat|100/100\n|move|p2a: Great Tusk|Ice Spinner|p1a: Rotom\n|-resisted|p1a: Rotom\n|-crit|p1a: Rotom\n|-damage|p1a: Rotom|79/100\n|\n|-weather|SunnyDay|[upkeep]\n|-heal|p2a: Great Tusk|73/100|[from] item: Leftovers\n|upkeep\n|turn|13\n|\n|t:|1771238598\n|-end|p2a: Great Tusk|Protosynthesis|[silent]\n|switch|p2a: Fezandipiti|Fezandipiti, M|97/100\n|-damage|p2a: Fezandipiti|85/100|[from] Stealth Rock\n|move|p1a: Rotom|Shadow Ball|p2a: Fezandipiti\n|-damage|p2a: Fezandipiti|70/100\n|-unboost|p2a: Fezandipiti|spd|1\n|\n|-weather|SunnyDay|[upkeep]\n|upkeep\n|turn|14\n|\n|t:|1771238609\n|switch|p1a: Heatran|Heatran, M|100/100\n|-damage|p1a: Heatran|88/100|[from] Stealth Rock\n|move|p2a: Fezandipiti|Beat Up|p1a: Heatran\n|-damage|p1a: Heatran|85/100\n|-damage|p1a: Heatran|83/100\n|-damage|p1a: Heatran|80/100\n|-damage|p1a: Heatran|77/100\n|-damage|p1a: Heatran|74/100\n|-crit|p1a: Heatran\n|-damage|p1a: Heatran|69/100\n|-hitcount|p1a: Heatran|6\n|\n|-weather|SunnyDay|[upkeep]\n|-heal|p1a: Heatran|75/100|[from] item: Leftovers\n|upkeep\n|turn|15\n|\n|t:|1771238614\n|move|p2a: Fezandipiti|U-turn|p1a: Heatran\n|-resisted|p1a: Heatran\n|-damage|p1a: Heatran|72/100\n|\n|t:|1771238617\n|switch|p2a: Heatran|Heatran, M|88/100|[from] U-turn\n|-damage|p2a: Heatran|76/100|[from] Stealth Rock\n|-item|p2a: Heatran|Air Balloon\n|move|p1a: Heatran|Earth Power|p2a: Heatran\n|-immune|p2a: Heatran\n|\n|-weather|SunnyDay|[upkeep]\n|-heal|p1a: Heatran|78/100|[from] item: Leftovers\n|upkeep\n|turn|16\n|\n|t:|1771238628\n|switch|p1a: Rotom|Rotom-Heat|79/100\n|move|p2a: Heatran|Earth Power|p1a: Rotom\n|-immune|p1a: Rotom|[from] ability: Levitate\n|\n|-weather|SunnyDay|[upkeep]\n|upkeep\n|turn|17\n|\n|t:|1771238652\n|switch|p2a: Great Tusk|Great Tusk|73/100\n|-damage|p2a: Great Tusk|70/100|[from] Stealth Rock\n|-activate|p2a: Great Tusk|ability: Protosynthesis\n|-start|p2a: Great Tusk|protosynthesisspe\n|move|p1a: Rotom|Volt Switch|p2a: Great Tusk\n|-immune|p2a: Great Tusk\n|\n|-weather|none\n|-end|p2a: Great Tusk|Protosynthesis\n|-heal|p2a: Great Tusk|76/100|[from] item: Leftovers\n|upkeep\n|turn|18\n|\n|t:|1771238664\n|-end|p2a: Great Tusk|Protosynthesis|[silent]\n|switch|p2a: Walking Wake|Walking Wake|76/100\n|-damage|p2a: Walking Wake|64/100|[from] Stealth Rock\n|switch|p1a: Incineroar|Incineroar, F|100/100\n|-ability|p1a: Incineroar|Intimidate|boost\n|-unboost|p2a: Walking Wake|atk|1\n|\n|upkeep\n|turn|19\n|\n|t:|1771238670\n|switch|p1a: Volcanion|Volcanion|38/100\n|-damage|p1a: Volcanion|13/100|[from] Stealth Rock\n|move|p2a: Walking Wake|Flip Turn|p1a: Volcanion\n|-heal|p1a: Volcanion|38/100|[from] ability: Water Absorb|[of] p2a: Walking Wake\n|\n|upkeep\n|turn|20\n|\n|t:|1771238677\n|move|p2a: Walking Wake|Draco Meteor|p1a: Volcanion\n|-damage|p1a: Volcanion|0 fnt\n|-unboost|p2a: Walking Wake|spa|2\n|faint|p1a: Volcanion\n|\n|upkeep\n|\n|t:|1771238679\n|switch|p1a: Cinderace|Cinderace, F|57/100\n|turn|21\n|\n|t:|1771238689\n|-end|p2a: Walking Wake|Protosynthesis|[silent]\n|switch|p2a: Ninetales|Ninetales, M|66/100\n|-damage|p2a: Ninetales|41/100|[from] Stealth Rock\n|-weather|SunnyDay|[from] ability: Drought|[of] p2a: Ninetales\n|move|p1a: Cinderace|Gunk Shot|p2a: Ninetales\n|-start|p1a: Cinderace|typechange|Poison|[from] ability: Libero\n|-damage|p2a: Ninetales|0 fnt\n|faint|p2a: Ninetales\n|\n|-weather|SunnyDay|[upkeep]\n|upkeep\n|\n|t:|1771238697\n|switch|p2a: Walking Wake|Walking Wake|64/100\n|-damage|p2a: Walking Wake|51/100|[from] Stealth Rock\n|-activate|p2a: Walking Wake|ability: Protosynthesis\n|-start|p2a: Walking Wake|protosynthesisspe\n|turn|22\n|\n|t:|1771238710\n|switch|p1a: Incineroar|Incineroar, F|100/100\n|-ability|p1a: Incineroar|Intimidate|boost\n|-unboost|p2a: Walking Wake|atk|1\n|move|p2a: Walking Wake|Hydro Steam|p1a: Incineroar\n|-supereffective|p1a: Incineroar\n|-damage|p1a: Incineroar|0 fnt\n|faint|p1a: Incineroar\n|\n|-weather|SunnyDay|[upkeep]\n|upkeep\n|\n|t:|1771238714\n|switch|p1a: Heatran|Heatran, M|78/100\n|-damage|p1a: Heatran|66/100|[from] Stealth Rock\n|turn|23\n|\n|t:|1771238722\n|-terastallize|p1a: Heatran|Grass\n|move|p2a: Walking Wake|Hydro Steam|p1a: Heatran\n|-resisted|p1a: Heatran\n|-damage|p1a: Heatran|50/100\n|move|p1a: Heatran|Earth Power|p2a: Walking Wake\n|-damage|p2a: Walking Wake|34/100\n|\n|-weather|SunnyDay|[upkeep]\n|-heal|p1a: Heatran|57/100|[from] item: Leftovers\n|upkeep\n|turn|24\n|\n|t:|1771238732\n|move|p2a: Walking Wake|Draco Meteor|p1a: Heatran\n|-damage|p1a: Heatran|24/100\n|-unboost|p2a: Walking Wake|spa|2\n|move|p1a: Heatran|Flash Cannon|p2a: Walking Wake\n|-resisted|p2a: Walking Wake\n|-damage|p2a: Walking Wake|23/100\n|\n|-weather|SunnyDay|[upkeep]\n|-heal|p1a: Heatran|30/100|[from] item: Leftovers\n|upkeep\n|turn|25\n|\n|t:|1771238747\n|move|p2a: Walking Wake|Flip Turn|p1a: Heatran\n|-resisted|p1a: Heatran\n|-damage|p1a: Heatran|28/100\n|-status|p2a: Walking Wake|brn|[from] ability: Flame Body|[of] p1a: Heatran\n|\n|t:|1771238752\n|-end|p2a: Walking Wake|Protosynthesis|[silent]\n|switch|p2a: Heatran|Heatran, M|76/100|[from] Flip Turn\n|-damage|p2a: Heatran|63/100|[from] Stealth Rock\n|-item|p2a: Heatran|Air Balloon\n|move|p1a: Heatran|Flash Cannon|p2a: Heatran\n|-resisted|p2a: Heatran\n|-damage|p2a: Heatran|55/100\n|-enditem|p2a: Heatran|Air Balloon\n|\n|-weather|SunnyDay|[upkeep]\n|-heal|p1a: Heatran|34/100|[from] item: Leftovers\n|upkeep\n|turn|26\n|\n|t:|1771238756\n|move|p2a: Heatran|Magma Storm|p1a: Heatran\n|-supereffective|p1a: Heatran\n|-damage|p1a: Heatran|0 fnt\n|faint|p1a: Heatran\n|\n|-weather|SunnyDay|[upkeep]\n|upkeep\n|\n|t:|1771238764\n|switch|p1a: Cinderace|Cinderace, F|57/100\n|turn|27\n|\n|t:|1771238768\n|switch|p1a: Rotom|Rotom-Heat|79/100\n|move|p2a: Heatran|Earth Power|p1a: Rotom\n|-immune|p1a: Rotom|[from] ability: Levitate\n|\n|-weather|SunnyDay|[upkeep]\n|upkeep\n|turn|28\n|j| dilf huntr\n|\n|t:|1771238774\n|move|p1a: Rotom|Nasty Plot|p1a: Rotom\n|-boost|p1a: Rotom|spa|2\n|move|p2a: Heatran|Magma Storm|p1a: Rotom\n|-resisted|p1a: Rotom\n|-damage|p1a: Rotom|30/100\n|-activate|p1a: Rotom|move: Magma Storm|[of] p2a: Heatran\n|\n|-weather|none\n|-damage|p1a: Rotom|18/100|[from] move: Magma Storm|[partiallytrapped]\n|upkeep\n|turn|29\n|\n|t:|1771238783\n|move|p1a: Rotom|Thunder|p2a: Heatran|[miss]\n|-miss|p1a: Rotom|p2a: Heatran\n|move|p2a: Heatran|Magma Storm|p1a: Rotom\n|-resisted|p1a: Rotom\n|-damage|p1a: Rotom|0 fnt\n|faint|p1a: Rotom\n|\n|upkeep\n|\n|t:|1771238788\n|switch|p1a: Cinderace|Cinderace, F|57/100\n|turn|30\n|\n|t:|1771238794\n|move|p1a: Cinderace|High Jump Kick|p2a: Heatran\n|-start|p1a: Cinderace|typechange|Fighting|[from] ability: Libero\n|-supereffective|p2a: Heatran\n|-damage|p2a: Heatran|0 fnt\n|faint|p2a: Heatran\n|\n|upkeep\n|l| dilf huntr\n|inactive|theonReekGreyjoy93 has 120 seconds left.\n|\n|t:|1771238829\n|switch|p2a: Great Tusk|Great Tusk|76/100\n|-damage|p2a: Great Tusk|73/100|[from] Stealth Rock\n|turn|31\n|\n|t:|1771238834\n|switch|p1a: Moltres|Moltres|100/100\n|-damage|p1a: Moltres|51/100|[from] Stealth Rock\n|move|p2a: Great Tusk|Rapid Spin|p1a: Moltres\n|-damage|p1a: Moltres|34/100\n|-boost|p2a: Great Tusk|spe|1\n|-status|p2a: Great Tusk|brn|[from] ability: Flame Body|[of] p1a: Moltres\n|-sideend|p2: theonReekGreyjoy93|Stealth Rock|[from] move: Rapid Spin|[of] p2a: Great Tusk\n|\n|-heal|p2a: Great Tusk|79/100 brn|[from] item: Leftovers\n|-damage|p2a: Great Tusk|73/100 brn|[from] brn\n|upkeep\n|turn|32\n|\n|t:|1771238839\n|-end|p2a: Great Tusk|Protosynthesis|[silent]\n|switch|p2a: Fezandipiti|Fezandipiti, M|70/100\n|move|p1a: Moltres|Hurricane|p2a: Fezandipiti\n|-damage|p2a: Fezandipiti|13/100\n|\n|upkeep\n|turn|33\n|\n|t:|1771238846\n|move|p1a: Moltres|Hurricane|p2a: Fezandipiti\n|-damage|p2a: Fezandipiti|0 fnt\n|faint|p2a: Fezandipiti\n|\n|upkeep\n|\n|t:|1771238861\n|switch|p2a: Zarude|Zarude|100/100\n|turn|34\n|\n|t:|1771238863\n|move|p2a: Zarude|Knock Off|p1a: Moltres\n|-damage|p1a: Moltres|0 fnt\n|-enditem|p1a: Moltres|Choice Specs|[from] move: Knock Off|[of] p2a: Zarude\n|faint|p1a: Moltres\n|-damage|p2a: Zarude|91/100|[from] item: Life Orb\n|\n|upkeep\n|\n|t:|1771238866\n|switch|p1a: Cinderace|Cinderace, F|57/100\n|turn|35\n|\n|t:|1771238876\n|-terastallize|p2a: Zarude|Fairy\n|move|p1a: Cinderace|High Jump Kick|p2a: Zarude\n|-start|p1a: Cinderace|typechange|Fighting|[from] ability: Libero\n|-resisted|p2a: Zarude\n|-damage|p2a: Zarude|63/100\n|move|p2a: Zarude|Knock Off|p1a: Cinderace\n|-resisted|p1a: Cinderace\n|-damage|p1a: Cinderace|12/100\n|-enditem|p1a: Cinderace|Heavy-Duty Boots|[from] move: Knock Off|[of] p2a: Zarude\n|-damage|p2a: Zarude|53/100|[from] item: Life Orb\n|\n|upkeep\n|turn|36\n|\n|t:|1771238888\n|move|p1a: Cinderace|Gunk Shot|p2a: Zarude\n|-supereffective|p2a: Zarude\n|-damage|p2a: Zarude|0 fnt\n|faint|p2a: Zarude\n|\n|upkeep\n|\n|t:|1771238892\n|switch|p2a: Walking Wake|Walking Wake|23/100 brn\n|turn|37\n|\n|t:|1771238897\n|move|p1a: Cinderace|High Jump Kick|p2a: Walking Wake\n|-damage|p2a: Walking Wake|0 fnt\n|faint|p2a: Walking Wake\n|-end|p2a: Walking Wake|Protosynthesis|[silent]\n|\n|upkeep\n|\n|t:|1771238901\n|switch|p2a: Great Tusk|Great Tusk|73/100 brn\n|turn|38\n|\n|t:|1771238903\n|move|p1a: Cinderace|High Jump Kick|p2a: Great Tusk\n|-damage|p2a: Great Tusk|34/100 brn\n|move|p2a: Great Tusk|Headlong Rush|p1a: Cinderace\n|-damage|p1a: Cinderace|0 fnt\n|-unboost|p2a: Great Tusk|def|1\n|-unboost|p2a: Great Tusk|spd|1\n|faint|p1a: Cinderace\n|\n|win|theonReekGreyjoy93\n|raw|oehtwashere's rating: 1738 &rarr; <strong>1711</strong><br />(-27 for losing)\n|raw|theonReekGreyjoy93's rating: 1618 &rarr; <strong>1645</strong><br />(+27 for winning)\n|l|‽oehtwashere\n|player|p1|\n", "uploadtime": 1771239082, "views": 9, "formatid": "gen9ou", "rating": 1645, "private": 0, "password": null}