{"id": "gen9ou-2639203253", "format": "[Gen 9] OU", "players": ["LionInTheShadow", "fantasmatica"], "log": "|j|☆LionInTheShadow\n|j|☆fantasmatica\n|t:|1782433527\n|gametype|singles\n|player|p1|LionInTheShadow|unknown|1149\n|player|p2|fantasmatica|kris|1071\n|gen|9\n|tier|[Gen 9] OU\n|rated|\n|rule|HP Percentage Mod: HP is shown in percentages\n|rule|Endless Battle Clause: Forcing endless battles is banned\n|rule|Species Clause: Limit one of each Pokémon\n|rule|OHKO Clause: OHKO moves are banned\n|rule|Evasion Items Clause: Evasion items are banned\n|rule|Evasion Moves Clause: Evasion moves are banned\n|rule|Evasion Abilities Clause: Evasion abilities are banned\n|rule|Sleep Moves Clause: Sleep-inducing moves are banned\n|clearpoke\n|poke|p1|Zamazenta-*|\n|poke|p1|Ogerpon-Wellspring, F|\n|poke|p1|Great Tusk|\n|poke|p1|Gholdengo|\n|poke|p1|Ting-Lu|\n|poke|p1|Hatterene, F|\n|poke|p2|Meganium, F|\n|poke|p2|Typhlosion, F|\n|poke|p2|Feraligatr, M|\n|poke|p2|Tyranitar, M|\n|poke|p2|Scizor, M|\n|poke|p2|Umbreon, F|\n|teampreview\n|\n|t:|1782433538\n|teamsize|p1|6\n|teamsize|p2|6\n|start\n|switch|p1a: Ogerpon|Ogerpon-Wellspring, F|100/100\n|switch|p2a: Scizor|Scizor, M|100/100\n|turn|1\n|\n|t:|1782433546\n|switch|p1a: Zamazenta|Zamazenta|100/100\n|-ability|p1a: Zamazenta|Dauntless Shield|boost\n|-boost|p1a: Zamazenta|def|1\n|move|p2a: Scizor|U-turn|p1a: Zamazenta\n|-resisted|p1a: Zamazenta\n|-damage|p1a: Zamazenta|86/100\n|inactive|Battle timer is ON: inactive players will automatically lose when time's up. (requested by LionInTheShadow)\n|\n|t:|1782433560\n|switch|p2a: Meganium|Meganium, F|100/100|[from] U-turn\n|\n|-heal|p1a: Zamazenta|92/100|[from] item: Leftovers\n|upkeep\n|turn|2\n|\n|t:|1782433571\n|move|p1a: Zamazenta|Iron Defense|p1a: Zamazenta\n|-boost|p1a: Zamazenta|def|2\n|move|p2a: Meganium|Leech Seed|p1a: Zamazenta\n|-start|p1a: Zamazenta|move: Leech Seed\n|\n|-heal|p1a: Zamazenta|98/100|[from] item: Leftovers\n|-damage|p1a: Zamazenta|86/100|[from] Leech Seed|[of] p2a: Meganium\n|upkeep\n|turn|3\n|\n|t:|1782433577\n|move|p1a: Zamazenta|Body Press|p2a: Meganium\n|-damage|p2a: Meganium|18/100\n|move|p2a: Meganium|Giga Drain|p1a: Zamazenta\n|-damage|p1a: Zamazenta|58/100\n|-heal|p2a: Meganium|33/100|[from] drain|[of] p1a: Zamazenta\n|\n|-heal|p1a: Zamazenta|64/100|[from] item: Leftovers\n|-heal|p2a: Meganium|39/100|[from] item: Leftovers\n|-damage|p1a: Zamazenta|52/100|[from] Leech Seed|[of] p2a: Meganium\n|-heal|p2a: Meganium|52/100|[silent]\n|upkeep\n|turn|4\n|\n|t:|1782433583\n|move|p2a: Meganium|Protect|p2a: Meganium\n|-singleturn|p2a: Meganium|Protect\n|move|p1a: Zamazenta|Body Press|p2a: Meganium\n|-activate|p2a: Meganium|move: Protect\n|\n|-heal|p1a: Zamazenta|58/100|[from] item: Leftovers\n|-heal|p2a: Meganium|58/100|[from] item: Leftovers\n|-damage|p1a: Zamazenta|46/100|[from] Leech Seed|[of] p2a: Meganium\n|-heal|p2a: Meganium|71/100|[silent]\n|upkeep\n|turn|5\n|\n|t:|1782433592\n|move|p1a: Zamazenta|Body Press|p2a: Meganium\n|-damage|p2a: Meganium|0 fnt\n|faint|p2a: Meganium\n|\n|-heal|p1a: Zamazenta|52/100|[from] item: Leftovers\n|upkeep\n|\n|t:|1782433602\n|switch|p2a: Scizor|Scizor, M|100/100\n|turn|6\n|\n|t:|1782433609\n|-terastallize|p1a: Zamazenta|Fire\n|move|p1a: Zamazenta|Body Press|p2a: Scizor\n|-damage|p2a: Scizor|4/100\n|move|p2a: Scizor|Dual Wingbeat|p1a: Zamazenta\n|-damage|p1a: Zamazenta|41/100\n|-damage|p1a: Zamazenta|30/100\n|-hitcount|p1a: Zamazenta|2\n|\n|-heal|p1a: Zamazenta|36/100|[from] item: Leftovers\n|-damage|p1a: Zamazenta|24/100|[from] Leech Seed|[of] p2a: Scizor\n|-heal|p2a: Scizor|21/100|[silent]\n|upkeep\n|turn|7\n|\n|t:|1782433622\n|move|p1a: Zamazenta|Body Press|p2a: Scizor\n|-damage|p2a: Scizor|0 fnt\n|faint|p2a: Scizor\n|\n|-heal|p1a: Zamazenta|30/100|[from] item: Leftovers\n|upkeep\n|\n|t:|1782433627\n|switch|p2a: Typhlosion|Typhlosion, F|100/100\n|turn|8\n|\n|t:|1782433630\n|move|p1a: Zamazenta|Body Press|p2a: Typhlosion\n|-damage|p2a: Typhlosion|0 fnt\n|faint|p2a: Typhlosion\n|\n|-heal|p1a: Zamazenta|36/100|[from] item: Leftovers\n|upkeep\n|\n|t:|1782433636\n|switch|p2a: Sorry|Umbreon, F|100/100\n|turn|9\n|\n|t:|1782433642\n|-terastallize|p2a: Sorry|Fairy\n|move|p2a: Sorry|Toxic|p1a: Zamazenta\n|-status|p1a: Zamazenta|tox\n|move|p1a: Zamazenta|Roar|p2a: Sorry\n|drag|p2a: Tyranitar|Tyranitar, M|100/100\n|-weather|Sandstorm|[from] ability: Sand Stream|[of] p2a: Tyranitar\n|\n|-weather|Sandstorm|[upkeep]\n|-damage|p1a: Zamazenta|30/100 tox|[from] Sandstorm\n|-heal|p1a: Zamazenta|36/100 tox|[from] item: Leftovers\n|-damage|p1a: Zamazenta|24/100 tox|[from] Leech Seed|[of] p2a: Tyranitar\n|-damage|p1a: Zamazenta|18/100 tox|[from] psn\n|upkeep\n|turn|10\n|-message|fantasmatica forfeited.\n|\n|win|LionInTheShadow\n|raw|LionInTheShadow's rating: 1149 &rarr; <strong>1168</strong><br />(+19 for winning)\n|raw|fantasmatica's rating: 1071 &rarr; <strong>1055</strong><br />(-16 for losing)\n|l|☆fantasmatica\n|player|p2|\n|l|☆LionInTheShadow\n|player|p1|\n", "uploadtime": 1782434051, "views": 12, "formatid": "gen9ou", "rating": 1055, "private": 0, "password": null}