{"id": "gen9ou-2639215312", "format": "[Gen 9] OU", "players": ["thepeakmons", "dwiqs"], "log": "|j|☆thepeakmons\n|j|☆dwiqs\n|t:|1782435336\n|gametype|singles\n|player|p1|thepeakmons|101|1265\n|player|p2|dwiqs|hilda|1217\n|gen|9\n|tier|[Gen 9] OU\n|rated|\n|rule|HP Percentage Mod: HP is shown in percentages\n|rule|Endless Battle Clause: Forcing endless battles is banned\n|rule|Species Clause: Limit one of each Pokémon\n|rule|OHKO Clause: OHKO moves are banned\n|rule|Evasion Items Clause: Evasion items are banned\n|rule|Evasion Moves Clause: Evasion moves are banned\n|rule|Evasion Abilities Clause: Evasion abilities are banned\n|rule|Sleep Moves Clause: Sleep-inducing moves are banned\n|clearpoke\n|poke|p1|Corviknight, F|\n|poke|p1|Ting-Lu|\n|poke|p1|Kyurem|\n|poke|p1|Dondozo, M|\n|poke|p1|Slowking-Galar, M|\n|poke|p1|Cinderace, M|\n|poke|p2|Ninetales-Alola, F|\n|poke|p2|Great Tusk|\n|poke|p2|Gholdengo|\n|poke|p2|Dragonite, M|\n|poke|p2|Ogerpon-Wellspring, F|\n|poke|p2|Iron Valiant|\n|teampreview\n|inactive|Battle timer is ON: inactive players will automatically lose when time's up. (requested by dwiqs)\n|\n|t:|1782435355\n|teamsize|p1|6\n|teamsize|p2|6\n|start\n|switch|p1a: Corviknight|Corviknight, F|100/100\n|switch|p2a: Barnes|Great Tusk|100/100\n|-ability|p1a: Corviknight|Pressure\n|turn|1\n|inactive|thepeakmons also wants the timer to be on.\n|inactive|thepeakmons has 120 seconds left.\n|inactive|dwiqs has 120 seconds left.\n|\n|t:|1782435408\n|-end|p2a: Barnes|Protosynthesis|[silent]\n|switch|p2a: Fox|Ninetales-Alola, F|100/100\n|-weather|Snowscape|[from] ability: Snow Warning|[of] p2a: Fox\n|move|p1a: Corviknight|Brave Bird|p2a: Fox\n|-damage|p2a: Fox|70/100\n|-damage|p1a: Corviknight|91/100|[from] Recoil\n|\n|-weather|Snowscape|[upkeep]\n|upkeep\n|turn|2\n|inactive|thepeakmons has 120 seconds left.\n|\n|t:|1782435417\n|switch|p1a: Cinderace|Cinderace, M|100/100\n|move|p2a: Fox|Aurora Veil|p2a: Fox\n|-sidestart|p2: dwiqs|move: Aurora Veil\n|\n|-weather|Snowscape|[upkeep]\n|upkeep\n|turn|3\n|inactive|thepeakmons has 120 seconds left.\n|\n|t:|1782435428\n|move|p1a: Cinderace|Court Change|p1a: Cinderace\n|-swapsideconditions\n|-activate|p1a: Cinderace|move: Court Change\n|move|p2a: Fox|Encore|p1a: Cinderace\n|-start|p1a: Cinderace|Encore\n|\n|-weather|Snowscape|[upkeep]\n|upkeep\n|turn|4\n|inactive|thepeakmons has 120 seconds left.\n|\n|t:|1782435446\n|move|p1a: Cinderace|Court Change|p1a: Cinderace\n|-swapsideconditions\n|-activate|p1a: Cinderace|move: Court Change\n|move|p2a: Fox|Aurora Veil||[still]\n|-fail|p2a: Fox\n|\n|-weather|Snowscape|[upkeep]\n|upkeep\n|turn|5\n|inactive|thepeakmons has 120 seconds left.\n|\n|t:|1782435455\n|switch|p1a: Kyurem|Kyurem|100/100\n|-ability|p1a: Kyurem|Pressure\n|move|p2a: Fox|Freeze-Dry|p1a: Kyurem\n|-damage|p1a: Kyurem|81/100\n|\n|-weather|none\n|-heal|p1a: Kyurem|87/100|[from] item: Leftovers\n|upkeep\n|turn|6\n|inactive|thepeakmons has 120 seconds left.\n|\n|t:|1782435469\n|move|p2a: Fox|Moonblast|p1a: Kyurem\n|-supereffective|p1a: Kyurem\n|-damage|p1a: Kyurem|32/100\n|-unboost|p1a: Kyurem|spa|1\n|move|p1a: Kyurem|Freeze-Dry|p2a: Fox\n|-resisted|p2a: Fox\n|-damage|p2a: Fox|64/100\n|\n|-heal|p1a: Kyurem|38/100|[from] item: Leftovers\n|upkeep\n|turn|7\n|\n|t:|1782435479\n|switch|p2a: Barnes|Great Tusk|100/100\n|switch|p1a: Slowking|Slowking-Galar, M|100/100\n|\n|upkeep\n|turn|8\n|inactive|thepeakmons has 120 seconds left.\n|\n|t:|1782435497\n|-end|p2a: Barnes|Protosynthesis|[silent]\n|switch|p2a: Castel|Gholdengo|100/100\n|switch|p1a: Cinderace|Cinderace, M|100/100\n|\n|upkeep\n|turn|9\n|inactive|thepeakmons has 120 seconds left.\n|\n|t:|1782435507\n|move|p1a: Cinderace|Pyro Ball|p2a: Castel\n|-supereffective|p2a: Castel\n|-crit|p2a: Castel\n|-damage|p2a: Castel|0 fnt\n|faint|p2a: Castel\n|\n|-sideend|p2: dwiqs|move: Aurora Veil\n|upkeep\n|\n|t:|1782435517\n|switch|p2a: Vassell|Dragonite, M|100/100\n|turn|10\n|\n|t:|1782435528\n|move|p1a: Cinderace|Will-O-Wisp|p2a: Vassell\n|-status|p2a: Vassell|brn\n|move|p2a: Vassell|Dragon Dance|p2a: Vassell\n|-boost|p2a: Vassell|atk|1\n|-boost|p2a: Vassell|spe|1\n|\n|-damage|p2a: Vassell|94/100 brn|[from] brn\n|upkeep\n|turn|11\n|-message|dwiqs forfeited.\n|\n|win|thepeakmons\n|raw|thepeakmons's rating: 1215 &rarr; <strong>1240</strong><br />(+25 for winning)\n|raw|dwiqs's rating: 1217 &rarr; <strong>1192</strong><br />(-25 for losing)\n|l|☆dwiqs\n|player|p2|\n", "uploadtime": 1782435535, "views": 20, "formatid": "gen9ou", "rating": 1192, "private": 0, "password": null}