{"id": "gen9ou-2647842590", "format": "[Gen 9] OU", "players": ["daysolid", "picture of 奇树"], "log": "|j|☆daysolid\n|j|☆picture of 奇树\n|t:|1783822303\n|gametype|singles\n|player|p1|daysolid|lance|1503\n|player|p2|picture of 奇树|iono|1481\n|gen|9\n|tier|[Gen 9] OU\n|rated|\n|rule|HP Percentage Mod: HP is shown in percentages\n|rule|Endless Battle Clause: Forcing endless battles is banned\n|rule|Species Clause: Limit one of each Pokémon\n|rule|OHKO Clause: OHKO moves are banned\n|rule|Evasion Items Clause: Evasion items are banned\n|rule|Evasion Moves Clause: Evasion moves are banned\n|rule|Evasion Abilities Clause: Evasion abilities are banned\n|rule|Sleep Moves Clause: Sleep-inducing moves are banned\n|clearpoke\n|poke|p1|Landorus-Therian, M|\n|poke|p1|Samurott-Hisui, M|\n|poke|p1|Pecharunt|\n|poke|p1|Scizor, M|\n|poke|p1|Latios, M|\n|poke|p1|Zamazenta-*|\n|poke|p2|Latios, M|\n|poke|p2|Zamazenta-*|\n|poke|p2|Samurott-Hisui, F|\n|poke|p2|Iron Treads|\n|poke|p2|Moltres|\n|poke|p2|Dragapult, F|\n|teampreview\n|inactive|Battle timer is ON: inactive players will automatically lose when time's up. (requested by picture of 奇树)\n|\n|t:|1783822314\n|teamsize|p1|6\n|teamsize|p2|6\n|start\n|switch|p1a: Landorus|Landorus-Therian, M|100/100\n|switch|p2a: Dragapult|Dragapult, F|100/100\n|-ability|p1a: Landorus|Intimidate|boost\n|-fail|p2a: Dragapult|unboost|[from] ability: Clear Body|[of] p2a: Dragapult\n|turn|1\n|\n|t:|1783822336\n|switch|p1a: Samurott|Samurott-Hisui, M|100/100\n|move|p2a: Dragapult|Draco Meteor|p1a: Samurott\n|-damage|p1a: Samurott|24/100\n|-unboost|p2a: Dragapult|spa|2\n|\n|upkeep\n|turn|2\n|\n|t:|1783822357\n|switch|p2a: Samurott|Samurott-Hisui, F|100/100\n|switch|p1a: Scizor|Scizor, M|100/100\n|\n|upkeep\n|turn|3\n|\n|t:|1783822363\n|move|p2a: Samurott|Ceaseless Edge|p1a: Scizor\n|-crit|p1a: Scizor\n|-damage|p1a: Scizor|0 fnt\n|-sidestart|p1: daysolid|Spikes\n|faint|p1a: Scizor\n|\n|upkeep\n|inactive|daysolid has 120 seconds left.\n|c|☆picture of 奇树|̋(๑˃́ꇴ˂̀๑)\n|inactive|daysolid has 90 seconds left.\n|\n|t:|1783822409\n|switch|p1a: Zamazenta|Zamazenta|100/100\n|-damage|p1a: Zamazenta|88/100|[from] Spikes\n|-ability|p1a: Zamazenta|Dauntless Shield|boost\n|-boost|p1a: Zamazenta|def|1\n|turn|4\n|\n|t:|1783822415\n|switch|p2a: Moltres|Moltres|100/100\n|move|p1a: Zamazenta|Iron Defense|p1a: Zamazenta\n|-boost|p1a: Zamazenta|def|2\n|\n|-heal|p1a: Zamazenta|94/100|[from] item: Leftovers\n|upkeep\n|turn|5\n|\n|t:|1783822420\n|-terastallize|p1a: Zamazenta|Fire\n|move|p1a: Zamazenta|Iron Defense|p1a: Zamazenta\n|-boost|p1a: Zamazenta|def|2\n|move|p2a: Moltres|Flamethrower|p1a: Zamazenta\n|-resisted|p1a: Zamazenta\n|-damage|p1a: Zamazenta|77/100\n|\n|-heal|p1a: Zamazenta|83/100|[from] item: Leftovers\n|upkeep\n|turn|6\n|\n|t:|1783822428\n|switch|p2a: Dragapult|Dragapult, F|100/100\n|move|p1a: Zamazenta|Body Press|p2a: Dragapult\n|-immune|p2a: Dragapult\n|\n|-heal|p1a: Zamazenta|89/100|[from] item: Leftovers\n|upkeep\n|turn|7\n|\n|t:|1783822431\n|move|p2a: Dragapult|Draco Meteor|p1a: Zamazenta\n|-damage|p1a: Zamazenta|16/100\n|-unboost|p2a: Dragapult|spa|2\n|move|p1a: Zamazenta|Crunch|p2a: Dragapult\n|-supereffective|p2a: Dragapult\n|-damage|p2a: Dragapult|42/100\n|\n|-heal|p1a: Zamazenta|22/100|[from] item: Leftovers\n|upkeep\n|turn|8\n|inactive|daysolid has 120 seconds left.\n|\n|t:|1783822446\n|switch|p1a: Samurott|Samurott-Hisui, M|24/100\n|-damage|p1a: Samurott|12/100|[from] Spikes\n|move|p2a: Dragapult|Draco Meteor|p1a: Samurott|[miss]\n|-miss|p2a: Dragapult|p1a: Samurott\n|\n|upkeep\n|turn|9\n|inactive|daysolid has 120 seconds left.\n|\n|t:|1783822455\n|switch|p2a: Samurott|Samurott-Hisui, F|100/100\n|move|p1a: Samurott|Ceaseless Edge|p2a: Samurott\n|-resisted|p2a: Samurott\n|-damage|p2a: Samurott|71/100\n|-sidestart|p2: picture of 奇树|Spikes\n|\n|upkeep\n|turn|10\n|\n|t:|1783822466\n|move|p2a: Samurott|Ceaseless Edge|p1a: Samurott\n|-resisted|p1a: Samurott\n|-damage|p1a: Samurott|0 fnt\n|-sidestart|p1: daysolid|Spikes\n|faint|p1a: Samurott\n|\n|upkeep\n|\n|t:|1783822476\n|switch|p1a: Pecharunt|Pecharunt|100/100\n|turn|11\n|\n|t:|1783822478\n|move|p1a: Pecharunt|Parting Shot|p2a: Samurott\n|-unboost|p2a: Samurott|atk|1\n|-unboost|p2a: Samurott|spa|1\n|\n|t:|1783822480\n|switch|p1a: Landorus|Landorus-Therian, M|100/100|[from] Parting Shot\n|-ability|p1a: Landorus|Intimidate|boost\n|-unboost|p2a: Samurott|atk|1\n|move|p2a: Samurott|Ceaseless Edge|p1a: Landorus\n|-damage|p1a: Landorus|64/100\n|-damage|p2a: Samurott|54/100|[from] item: Rocky Helmet|[of] p1a: Landorus\n|-sidestart|p1: daysolid|Spikes\n|\n|upkeep\n|turn|12\n|\n|t:|1783822484\n|switch|p2a: Moltres|Moltres|100/100\n|move|p1a: Landorus|Stealth Rock|p2a: Moltres\n|-sidestart|p2: picture of 奇树|move: Stealth Rock\n|\n|upkeep\n|turn|13\n|\n|t:|1783822488\n|move|p1a: Landorus|Smack Down|p2a: Moltres\n|-supereffective|p2a: Moltres\n|-damage|p2a: Moltres|54/100\n|-start|p2a: Moltres|Smack Down\n|move|p2a: Moltres|U-turn|p1a: Landorus\n|-resisted|p1a: Landorus\n|-damage|p1a: Landorus|56/100\n|-damage|p2a: Moltres|37/100|[from] item: Rocky Helmet|[of] p1a: Landorus\n|\n|t:|1783822491\n|switch|p2a: Iron Treads|Iron Treads|100/100|[from] U-turn\n|-damage|p2a: Iron Treads|88/100|[from] Spikes\n|-damage|p2a: Iron Treads|85/100|[from] Stealth Rock\n|\n|-heal|p2a: Iron Treads|91/100|[from] item: Leftovers\n|upkeep\n|turn|14\n|\n|t:|1783822494\n|move|p1a: Landorus|Earthquake|p2a: Iron Treads\n|-supereffective|p2a: Iron Treads\n|-damage|p2a: Iron Treads|20/100\n|move|p2a: Iron Treads|Rapid Spin|p1a: Landorus\n|-damage|p1a: Landorus|43/100\n|-boost|p2a: Iron Treads|spe|1\n|-damage|p2a: Iron Treads|4/100|[from] item: Rocky Helmet|[of] p1a: Landorus\n|-sideend|p2: picture of 奇树|Spikes|[from] move: Rapid Spin|[of] p2a: Iron Treads\n|-sideend|p2: picture of 奇树|Stealth Rock|[from] move: Rapid Spin|[of] p2a: Iron Treads\n|\n|-heal|p2a: Iron Treads|10/100|[from] item: Leftovers\n|upkeep\n|turn|15\n|\n|t:|1783822499\n|move|p2a: Iron Treads|Knock Off|p1a: Landorus\n|-damage|p1a: Landorus|18/100\n|-damage|p2a: Iron Treads|0 fnt|[from] item: Rocky Helmet|[of] p1a: Landorus\n|faint|p2a: Iron Treads\n|-end|p2a: Iron Treads|Quark Drive|[silent]\n|move|p1a: Landorus|U-turn|p2: Iron Treads|[notarget]\n|-fail|p1a: Landorus\n|\n|upkeep\n|\n|t:|1783822506\n|switch|p2a: Dragapult|Dragapult, F|42/100\n|turn|16\n|\n|t:|1783822518\n|move|p2a: Dragapult|Shadow Ball|p1a: Landorus\n|-damage|p1a: Landorus|0 fnt\n|faint|p1a: Landorus\n|\n|upkeep\n|\n|t:|1783822529\n|switch|p1a: Pecharunt|Pecharunt|100/100\n|turn|17\n|\n|t:|1783822532\n|-terastallize|p2a: Dragapult|Ghost\n|move|p2a: Dragapult|Shadow Ball|p1a: Pecharunt\n|-supereffective|p1a: Pecharunt\n|-damage|p1a: Pecharunt|0 fnt\n|faint|p1a: Pecharunt\n|\n|upkeep\n|-message|daysolid forfeited.\n|\n|win|picture of 奇树\n|raw|daysolid's rating: 1503 &rarr; <strong>1482</strong><br />(-21 for losing)\n|raw|picture of 奇树's rating: 1481 &rarr; <strong>1502</strong><br />(+21 for winning)\n|l|☆daysolid\n|player|p1|\n", "uploadtime": 1783822545, "views": 13, "formatid": "gen9ou", "rating": 1482, "private": 0, "password": null}