{"id": "gen9ou-2647805455", "format": "[Gen 9] OU", "players": ["ChilledGrease", "sir.doff"], "log": "|j|☆ChilledGrease\n|j|☆sir.doff\n|t:|1783815748\n|gametype|singles\n|player|p1|ChilledGrease|boarder|1241\n|player|p2|sir.doff|gentleman-gen4|1212\n|gen|9\n|tier|[Gen 9] OU\n|rated|\n|rule|HP Percentage Mod: HP is shown in percentages\n|rule|Endless Battle Clause: Forcing endless battles is banned\n|rule|Species Clause: Limit one of each Pokémon\n|rule|OHKO Clause: OHKO moves are banned\n|rule|Evasion Items Clause: Evasion items are banned\n|rule|Evasion Moves Clause: Evasion moves are banned\n|rule|Evasion Abilities Clause: Evasion abilities are banned\n|rule|Sleep Moves Clause: Sleep-inducing moves are banned\n|clearpoke\n|poke|p1|Volcanion|\n|poke|p1|Hoopa-Unbound|\n|poke|p1|Corviknight, M|\n|poke|p1|Pecharunt|\n|poke|p1|Hydreigon, M|\n|poke|p1|Great Tusk|\n|poke|p2|Pelipper, F|\n|poke|p2|Ludicolo, M|\n|poke|p2|Barraskewda, M|\n|poke|p2|Raging Bolt|\n|poke|p2|Iron Treads|\n|poke|p2|Overqwil, M|\n|teampreview\n|inactive|Battle timer is ON: inactive players will automatically lose when time's up. (requested by sir.doff)\n|\n|t:|1783815793\n|teamsize|p1|6\n|teamsize|p2|6\n|start\n|switch|p1a: Volcanion|Volcanion|100/100\n|switch|p2a: Bocona|Pelipper, F|100/100\n|-weather|RainDance|[from] ability: Drizzle|[of] p2a: Bocona\n|turn|1\n|\n|t:|1783815800\n|move|p1a: Volcanion|Steam Eruption|p2a: Bocona\n|-resisted|p2a: Bocona\n|-damage|p2a: Bocona|39/100\n|move|p2a: Bocona|Hurricane|p1a: Volcanion\n|-damage|p1a: Volcanion|73/100\n|\n|-weather|RainDance|[upkeep]\n|upkeep\n|turn|2\n|\n|t:|1783815811\n|switch|p2a: Go Drinking|Ludicolo, M|100/100\n|move|p1a: Volcanion|Sludge Bomb|p2a: Go Drinking\n|-supereffective|p2a: Go Drinking\n|-damage|p2a: Go Drinking|21/100\n|\n|-weather|RainDance|[upkeep]\n|upkeep\n|turn|3\n|\n|t:|1783815827\n|move|p2a: Go Drinking|Leaf Storm|p1a: Volcanion\n|-damage|p1a: Volcanion|24/100\n|-unboost|p2a: Go Drinking|spa|2\n|-damage|p2a: Go Drinking|11/100|[from] item: Life Orb\n|move|p1a: Volcanion|Sludge Bomb|p2a: Go Drinking\n|-supereffective|p2a: Go Drinking\n|-damage|p2a: Go Drinking|0 fnt\n|faint|p2a: Go Drinking\n|\n|-weather|RainDance|[upkeep]\n|upkeep\n|\n|t:|1783815832\n|switch|p2a: Overqwil|Overqwil, M|100/100\n|turn|4\n|\n|t:|1783815841\n|switch|p1a: Corviknight|Corviknight, M|100/100\n|move|p2a: Overqwil|Swords Dance|p2a: Overqwil\n|-boost|p2a: Overqwil|atk|2\n|\n|-weather|RainDance|[upkeep]\n|upkeep\n|turn|5\n|\n|t:|1783815848\n|move|p2a: Overqwil|Swords Dance|p2a: Overqwil\n|-boost|p2a: Overqwil|atk|2\n|move|p1a: Corviknight|Body Press|p2a: Overqwil\n|-damage|p2a: Overqwil|72/100\n|\n|-weather|RainDance|[upkeep]\n|upkeep\n|turn|6\n|\n|t:|1783815858\n|move|p2a: Overqwil|Liquidation|p1a: Corviknight\n|-damage|p1a: Corviknight|16/100\n|-damage|p2a: Overqwil|55/100|[from] item: Rocky Helmet|[of] p1a: Corviknight\n|move|p1a: Corviknight|Body Press|p2a: Overqwil\n|-damage|p2a: Overqwil|25/100\n|\n|-weather|RainDance|[upkeep]\n|upkeep\n|turn|7\n|\n|t:|1783815868\n|move|p2a: Overqwil|Liquidation|p1a: Corviknight\n|-damage|p1a: Corviknight|0 fnt\n|-damage|p2a: Overqwil|9/100|[from] item: Rocky Helmet|[of] p1a: Corviknight\n|faint|p1a: Corviknight\n|\n|-weather|RainDance|[upkeep]\n|upkeep\n|\n|t:|1783815875\n|switch|p1a: Hydreigon|Hydreigon, M|100/100\n|turn|8\n|\n|t:|1783815879\n|move|p2a: Overqwil|Gunk Shot|p1a: Hydreigon\n|-damage|p1a: Hydreigon|0 fnt\n|faint|p1a: Hydreigon\n|\n|-weather|none\n|upkeep\n|-message|ChilledGrease forfeited.\n|\n|win|sir.doff\n|raw|ChilledGrease's rating: 1241 &rarr; <strong>1214</strong><br />(-27 for losing)\n|raw|sir.doff's rating: 1212 &rarr; <strong>1239</strong><br />(+27 for winning)\n|l|☆ChilledGrease\n|player|p1|\n|l|☆sir.doff\n|player|p2|\n", "uploadtime": 1783816222, "views": 15, "formatid": "gen9ou", "rating": 1214, "private": 0, "password": null}