{"id": "gen9ou-2647761954", "format": "[Gen 9] OU", "players": ["lemurd", "shantsbrs"], "log": "|j|☆lemurd\n|j|☆shantsbrs\n|t:|1783808114\n|gametype|singles\n|player|p1|lemurd|1|1138\n|player|p2|shantsbrs|steven|1159\n|gen|9\n|tier|[Gen 9] OU\n|rated|\n|rule|HP Percentage Mod: HP is shown in percentages\n|rule|Endless Battle Clause: Forcing endless battles is banned\n|rule|Species Clause: Limit one of each Pokémon\n|rule|OHKO Clause: OHKO moves are banned\n|rule|Evasion Items Clause: Evasion items are banned\n|rule|Evasion Moves Clause: Evasion moves are banned\n|rule|Evasion Abilities Clause: Evasion abilities are banned\n|rule|Sleep Moves Clause: Sleep-inducing moves are banned\n|clearpoke\n|poke|p1|Iron Treads|\n|poke|p1|Glimmora, F|\n|poke|p1|Pecharunt|\n|poke|p1|Rillaboom, M|\n|poke|p1|Hitmontop, M|\n|poke|p1|Clefable, F|\n|poke|p2|Ogerpon-Wellspring, F|\n|poke|p2|Iron Treads|\n|poke|p2|Tornadus-Therian, M|\n|poke|p2|Dondozo, M|\n|poke|p2|Weezing-Galar, M|\n|poke|p2|Kyurem|\n|teampreview\n|inactive|Battle timer is ON: inactive players will automatically lose when time's up. (requested by lemurd)\n|\n|t:|1783808143\n|teamsize|p1|6\n|teamsize|p2|6\n|start\n|switch|p1a: Glimmora|Glimmora, F, shiny|100/100\n|switch|p2a: Tornadus|Tornadus-Therian, M, shiny|100/100\n|turn|1\n|\n|t:|1783808151\n|move|p1a: Glimmora|Stealth Rock|p2a: Tornadus\n|-sidestart|p2: shantsbrs|move: Stealth Rock\n|move|p2a: Tornadus|Knock Off|p1a: Glimmora\n|-damage|p1a: Glimmora|83/100\n|-damage|p2a: Tornadus|84/100|[from] item: Rocky Helmet|[of] p1a: Glimmora\n|-activate|p1a: Glimmora|ability: Toxic Debris\n|-sidestart|p2: shantsbrs|move: Toxic Spikes\n|-enditem|p1a: Glimmora|Rocky Helmet|[from] move: Knock Off|[of] p2a: Tornadus\n|\n|upkeep\n|turn|2\n|\n|t:|1783808159\n|move|p1a: Glimmora|Spiky Shield|p1a: Glimmora\n|-singleturn|p1a: Glimmora|move: Protect\n|move|p2a: Tornadus|U-turn|p1a: Glimmora\n|-activate|p1a: Glimmora|move: Protect\n|-damage|p2a: Tornadus|71/100|[from] Spiky Shield|[of] p1a: Glimmora\n|\n|upkeep\n|turn|3\n|\n|t:|1783808167\n|switch|p1a: Pecharunt|Pecharunt|100/100\n|move|p2a: Tornadus|Bleakwind Storm|p1a: Pecharunt\n|-damage|p1a: Pecharunt|56/100\n|\n|upkeep\n|turn|4\n|\n|t:|1783808175\n|move|p1a: Pecharunt|Malignant Chain|p2a: Tornadus\n|-damage|p2a: Tornadus|55/100\n|move|p2a: Tornadus|U-turn|p1a: Pecharunt\n|-resisted|p1a: Pecharunt\n|-damage|p1a: Pecharunt|54/100\n|-damage|p2a: Tornadus|38/100|[from] item: Rocky Helmet|[of] p1a: Pecharunt\n|\n|t:|1783808186\n|switch|p2a: Weezing|Weezing-Galar, M|100/100|[from] U-turn\n|-ability|p2a: Weezing|Neutralizing Gas\n|-damage|p2a: Weezing|88/100|[from] Stealth Rock\n|-sideend|p2: shantsbrs|move: Toxic Spikes|[of] p2a: Weezing\n|\n|-heal|p2a: Weezing|94/100|[from] item: Leftovers\n|upkeep\n|turn|5\n|\n|t:|1783808195\n|move|p1a: Pecharunt|Malignant Chain|p2a: Weezing\n|-damage|p2a: Weezing|54/100\n|move|p2a: Weezing|Will-O-Wisp|p1a: Pecharunt\n|-status|p1a: Pecharunt|brn\n|\n|-heal|p2a: Weezing|60/100|[from] item: Leftovers\n|-damage|p1a: Pecharunt|48/100 brn|[from] brn\n|upkeep\n|turn|6\n|\n|t:|1783808212\n|move|p1a: Pecharunt|Parting Shot|p2a: Weezing\n|-unboost|p2a: Weezing|atk|1\n|-unboost|p2a: Weezing|spa|1\n|\n|t:|1783808225\n|switch|p1a: Hitmontop|Hitmontop, M|100/100|[from] Parting Shot\n|move|p2a: Weezing|Pain Split|p1a: Hitmontop\n|-sethp|p1a: Hitmontop|92/100|[from] move: Pain Split|[silent]\n|-sethp|p2a: Weezing|67/100|[from] move: Pain Split\n|\n|-heal|p2a: Weezing|73/100|[from] item: Leftovers\n|upkeep\n|turn|7\n|\n|t:|1783808234\n|move|p1a: Hitmontop|Rapid Spin|p2a: Weezing\n|-damage|p2a: Weezing|65/100\n|-boost|p1a: Hitmontop|spe|1\n|move|p2a: Weezing|Will-O-Wisp|p1a: Hitmontop\n|-status|p1a: Hitmontop|brn\n|\n|-heal|p2a: Weezing|71/100|[from] item: Leftovers\n|-damage|p1a: Hitmontop|86/100 brn|[from] brn\n|upkeep\n|turn|8\n|\n|t:|1783808262\n|move|p1a: Hitmontop|Bullet Punch|p2a: Weezing\n|-supereffective|p2a: Weezing\n|-damage|p2a: Weezing|65/100\n|move|p2a: Weezing|Defog|p1a: Hitmontop\n|-unboost|p1a: Hitmontop|evasion|1\n|-sideend|p2: shantsbrs|Stealth Rock|[from] move: Defog|[of] p2a: Weezing\n|\n|-heal|p2a: Weezing|71/100|[from] item: Leftovers\n|-damage|p1a: Hitmontop|79/100 brn|[from] brn\n|upkeep\n|turn|9\n|\n|t:|1783808268\n|switch|p1a: Pecharunt|Pecharunt|48/100 brn\n|move|p2a: Weezing|Strange Steam|p1a: Pecharunt\n|-resisted|p1a: Pecharunt\n|-damage|p1a: Pecharunt|36/100 brn\n|\n|-heal|p2a: Weezing|77/100|[from] item: Leftovers\n|-damage|p1a: Pecharunt|30/100 brn|[from] brn\n|upkeep\n|turn|10\n|inactive|shantsbrs has 120 seconds left.\n|inactive|shantsbrs has 90 seconds left.\n|inactive|shantsbrs has 60 seconds left.\n|inactive|shantsbrs has 30 seconds left.\n|inactive|shantsbrs has 20 seconds left.\n|inactive|shantsbrs has 15 seconds left.\n|inactive|shantsbrs has 10 seconds left.\n|inactive|shantsbrs has 5 seconds left.\n|-message|shantsbrs lost due to inactivity.\n|\n|win|lemurd\n|raw|lemurd's rating: 1138 &rarr; <strong>1165</strong><br />(+27 for winning)\n|raw|shantsbrs's rating: 1159 &rarr; <strong>1132</strong><br />(-27 for losing)\n", "uploadtime": 1783808783, "views": 3, "formatid": "gen9ou", "rating": 1132, "private": 0, "password": null}