{"id": "gen9ou-2647784423", "format": "[Gen 9] OU", "players": ["cjfrozen", "Ziiiiiii"], "log": "|j|☆cjfrozen\n|j|☆Ziiiiiii\n|t:|1783812086\n|gametype|singles\n|player|p1|cjfrozen|cyrus-masters|\n|player|p2|Ziiiiiii|roxie|\n|gen|9\n|tier|[Gen 9] OU\n|rule|HP Percentage Mod: HP is shown in percentages\n|rule|Endless Battle Clause: Forcing endless battles is banned\n|rule|Species Clause: Limit one of each Pokémon\n|rule|OHKO Clause: OHKO moves are banned\n|rule|Evasion Items Clause: Evasion items are banned\n|rule|Evasion Moves Clause: Evasion moves are banned\n|rule|Evasion Abilities Clause: Evasion abilities are banned\n|rule|Sleep Moves Clause: Sleep-inducing moves are banned\n|clearpoke\n|poke|p1|Raging Bolt|\n|poke|p1|Deoxys-Defense|\n|poke|p1|Alomomola, F|\n|poke|p1|Ninetales, F|\n|poke|p1|Scovillain, M|\n|poke|p1|Torterra, F|\n|poke|p2|Mudsdale, M|\n|poke|p2|Cinderace, F|\n|poke|p2|Meloetta|\n|poke|p2|Uxie|\n|poke|p2|Breloom, M|\n|poke|p2|Mandibuzz, F|\n|teampreview\n|j| cherrymancake\n|j| SWSFlare\n|c|☆cjfrozen|i forgot to say ggs last game\n|c|☆cjfrozen|ggs for last game lolll\n|c|☆Ziiiiiii|all good lol\n|j| RivalAngel\n|inactive|Battle timer is ON: inactive players will automatically lose when time's up. (requested by Ziiiiiii)\n|\n|t:|1783812171\n|teamsize|p1|6\n|teamsize|p2|6\n|start\n|switch|p1a: Deoxys|Deoxys-Defense|100/100\n|switch|p2a: Mandibuzz|Mandibuzz, F|100/100\n|-ability|p1a: Deoxys|Pressure\n|turn|1\n|\n|t:|1783812175\n|move|p1a: Deoxys|Reflect|p1a: Deoxys\n|-sidestart|p1: cjfrozen|Reflect\n|move|p2a: Mandibuzz|Toxic|p1a: Deoxys\n|-status|p1a: Deoxys|tox\n|\n|-damage|p1a: Deoxys|94/100 tox|[from] psn\n|upkeep\n|turn|2\n|\n|t:|1783812179\n|move|p1a: Deoxys|Light Screen|p1a: Deoxys\n|-sidestart|p1: cjfrozen|move: Light Screen\n|move|p2a: Mandibuzz|Defog|p1a: Deoxys\n|-unboost|p1a: Deoxys|evasion|1\n|-sideend|p1: cjfrozen|Reflect\n|-sideend|p1: cjfrozen|move: Light Screen\n|\n|-damage|p1a: Deoxys|82/100 tox|[from] psn\n|upkeep\n|turn|3\n|\n|t:|1783812188\n|switch|p2a: Cinderace|Cinderace, F|100/100\n|move|p1a: Deoxys|Reflect|p1a: Deoxys\n|-sidestart|p1: cjfrozen|Reflect\n|\n|-damage|p1a: Deoxys|64/100 tox|[from] psn\n|upkeep\n|turn|4\n|\n|t:|1783812195\n|switch|p1a: Alomomola|Alomomola, F|100/100\n|move|p2a: Cinderace|Court Change|p2a: Cinderace\n|-start|p2a: Cinderace|typechange|Normal|[from] ability: Libero\n|-swapsideconditions\n|-activate|p2a: Cinderace|move: Court Change\n|\n|upkeep\n|turn|5\n|j| Take Some Damage\n|\n|t:|1783812215\n|move|p2a: Cinderace|U-turn|p1a: Alomomola\n|-damage|p1a: Alomomola|88/100\n|-enditem|p1a: Alomomola|Eject Button\n|\n|t:|1783812224\n|switch|p1a: Scovillain|Scovillain, M|100/100\n|\n|upkeep\n|turn|6\n|j| roikeith\n|inactive|cjfrozen has 270 seconds left.\n|\n|t:|1783812254\n|-terastallize|p1a: Scovillain|Water\n|move|p2a: Cinderace|U-turn|p1a: Scovillain\n|-damage|p1a: Scovillain|61/100\n|\n|t:|1783812267\n|switch|p2a: Uxie|Uxie|100/100|[from] U-turn\n|move|p1a: Scovillain|Will-O-Wisp|p2a: Uxie\n|-status|p2a: Uxie|brn\n|\n|-damage|p2a: Uxie|94/100 brn|[from] brn\n|upkeep\n|turn|7\n|inactive|cjfrozen has 270 seconds left.\n|\n|t:|1783812280\n|move|p1a: Scovillain|Leech Seed|p2a: Uxie\n|-start|p2a: Uxie|move: Leech Seed\n|move|p2a: Uxie|Stealth Rock|p1a: Scovillain\n|-sidestart|p1: cjfrozen|move: Stealth Rock\n|\n|-damage|p2a: Uxie|82/100 brn|[from] Leech Seed|[of] p1a: Scovillain\n|-heal|p1a: Scovillain|77/100|[silent]\n|-damage|p2a: Uxie|76/100 brn|[from] brn\n|upkeep\n|turn|8\n|inactive|cjfrozen has 270 seconds left.\n|\n|t:|1783812293\n|move|p1a: Scovillain|Flamethrower|p2a: Uxie\n|-damage|p2a: Uxie|43/100 brn\n|move|p2a: Uxie|U-turn|p1a: Scovillain\n|-damage|p1a: Scovillain|66/100\n|inactive|Ziiiiiii has 270 seconds left.\n|inactive|Ziiiiiii has 240 seconds left.\n|\n|t:|1783812355\n|switch|p2a: Cinderace|Cinderace, F|100/100|[from] U-turn\n|\n|upkeep\n|turn|9\n|inactive|cjfrozen has 270 seconds left.\n|\n|t:|1783812390\n|switch|p1a: Deoxys|Deoxys-Defense|64/100 tox\n|-damage|p1a: Deoxys|52/100 tox|[from] Stealth Rock\n|-ability|p1a: Deoxys|Pressure\n|move|p2a: Cinderace|U-turn|p1a: Deoxys\n|-start|p2a: Cinderace|typechange|Bug|[from] ability: Libero\n|-supereffective|p1a: Deoxys\n|-damage|p1a: Deoxys|4/100 tox\n|\n|t:|1783812403\n|switch|p2a: Meloetta|Meloetta|100/100|[from] U-turn\n|\n|-damage|p1a: Deoxys|0 fnt|[from] psn\n|faint|p1a: Deoxys\n|upkeep\n|inactive|cjfrozen has 240 seconds left.\n|\n|t:|1783812440\n|switch|p1a: Scovillain|Scovillain, M, tera:Water|66/100\n|turn|10\n|\n|t:|1783812445\n|move|p2a: Meloetta|Psyshock|p1a: Scovillain\n|-damage|p1a: Scovillain|0 fnt\n|faint|p1a: Scovillain\n|\n|-sideend|p2: Ziiiiiii|Reflect\n|upkeep\n|inactive|cjfrozen has 210 seconds left.\n|\n|t:|1783812487\n|switch|p1a: Torterra|Torterra, F|100/100\n|-damage|p1a: Torterra|94/100|[from] Stealth Rock\n|turn|11\n|inactive|Ziiiiiii has 270 seconds left.\n|\n|t:|1783812506\n|move|p2a: Meloetta|U-turn|p1a: Torterra\n|-supereffective|p1a: Torterra\n|-damage|p1a: Torterra|72/100\n|\n|t:|1783812513\n|switch|p2a: Mandibuzz|Mandibuzz, F|100/100|[from] U-turn\n|move|p1a: Torterra|Shell Smash|p1a: Torterra\n|-unboost|p1a: Torterra|def|1\n|-unboost|p1a: Torterra|spd|1\n|-boost|p1a: Torterra|atk|2\n|-boost|p1a: Torterra|spa|2\n|-boost|p1a: Torterra|spe|2\n|\n|upkeep\n|turn|12\n|inactive|cjfrozen has 210 seconds left.\n|\n|t:|1783812530\n|move|p1a: Torterra|Rock Blast|p2a: Mandibuzz\n|-supereffective|p2a: Mandibuzz\n|-damage|p2a: Mandibuzz|80/100\n|-supereffective|p2a: Mandibuzz\n|-crit|p2a: Mandibuzz\n|-damage|p2a: Mandibuzz|52/100\n|-supereffective|p2a: Mandibuzz\n|-damage|p2a: Mandibuzz|33/100\n|-supereffective|p2a: Mandibuzz\n|-damage|p2a: Mandibuzz|14/100\n|-supereffective|p2a: Mandibuzz\n|-damage|p2a: Mandibuzz|0 fnt\n|faint|p2a: Mandibuzz\n|-hitcount|p2: Mandibuzz|5\n|\n|upkeep\n|inactive|Ziiiiiii has 270 seconds left.\n|\n|t:|1783812546\n|switch|p2a: Uxie|Uxie|43/100 brn\n|turn|13\n|inactive|cjfrozen has 210 seconds left.\n|\n|t:|1783812557\n|-terastallize|p2a: Uxie|Steel\n|move|p1a: Torterra|Rock Blast|p2a: Uxie\n|-resisted|p2a: Uxie\n|-damage|p2a: Uxie|37/100 brn\n|-resisted|p2a: Uxie\n|-damage|p2a: Uxie|32/100 brn\n|-resisted|p2a: Uxie\n|-damage|p2a: Uxie|27/100 brn\n|-resisted|p2a: Uxie\n|-damage|p2a: Uxie|22/100 brn\n|-resisted|p2a: Uxie\n|-damage|p2a: Uxie|17/100 brn\n|-hitcount|p2a: Uxie|5\n|move|p2a: Uxie|Psychic Noise|p1a: Torterra\n|-damage|p1a: Torterra|35/100\n|-start|p1a: Torterra|move: Heal Block\n|\n|-damage|p2a: Uxie|11/100 brn|[from] brn\n|upkeep\n|turn|14\n|inactive|cjfrozen has 210 seconds left.\n|\n|t:|1783812574\n|move|p1a: Torterra|Rock Blast|p2a: Uxie\n|-resisted|p2a: Uxie\n|-damage|p2a: Uxie|6/100 brn\n|-resisted|p2a: Uxie\n|-damage|p2a: Uxie|1/100 brn\n|-resisted|p2a: Uxie\n|-damage|p2a: Uxie|0 fnt\n|faint|p2a: Uxie\n|-hitcount|p2: Uxie|3\n|\n|-end|p1a: Torterra|move: Heal Block\n|upkeep\n|\n|t:|1783812578\n|switch|p2a: Breloom|Breloom, M|100/100\n|turn|15\n|inactive|cjfrozen has 210 seconds left.\n|\n|t:|1783812591\n|move|p2a: Breloom|Mach Punch|p1a: Torterra\n|-damage|p1a: Torterra|0 fnt\n|faint|p1a: Torterra\n|\n|upkeep\n|\n|t:|1783812601\n|switch|p1a: Ninetales|Ninetales, F|100/100\n|-damage|p1a: Ninetales|75/100|[from] Stealth Rock\n|-weather|SunnyDay|[from] ability: Drought|[of] p1a: Ninetales\n|turn|16\n|inactive|Ziiiiiii has 270 seconds left.\n|inactive|cjfrozen has 180 seconds left.\n|\n|t:|1783812666\n|switch|p2a: Cinderace|Cinderace, F|100/100\n|move|p1a: Ninetales|Weather Ball|p2a: Cinderace\n|-resisted|p2a: Cinderace\n|-damage|p2a: Cinderace|61/100\n|\n|-weather|SunnyDay|[upkeep]\n|upkeep\n|turn|17\n|inactive|cjfrozen has 150 seconds left.\n|\n|t:|1783812687\n|move|p2a: Cinderace|Gunk Shot|p1a: Ninetales\n|-start|p2a: Cinderace|typechange|Poison|[from] ability: Libero\n|-damage|p1a: Ninetales|0 fnt\n|faint|p1a: Ninetales\n|\n|-weather|SunnyDay|[upkeep]\n|upkeep\n|\n|t:|1783812693\n|switch|p1a: Raging Bolt|Raging Bolt|100/100\n|-damage|p1a: Raging Bolt|88/100|[from] Stealth Rock\n|-activate|p1a: Raging Bolt|ability: Protosynthesis\n|-start|p1a: Raging Bolt|protosynthesisspa\n|turn|18\n|inactive|cjfrozen has 150 seconds left.\n|\n|t:|1783812724\n|move|p2a: Cinderace|Gunk Shot|p1a: Raging Bolt\n|-damage|p1a: Raging Bolt|38/100\n|move|p1a: Raging Bolt|Weather Ball|p2a: Cinderace\n|-damage|p2a: Cinderace|0 fnt\n|faint|p2a: Cinderace\n|\n|-weather|SunnyDay|[upkeep]\n|upkeep\n|inactive|Ziiiiiii has 270 seconds left.\n|\n|t:|1783812731\n|switch|p2a: Mudsdale|Mudsdale, M|100/100\n|turn|19\n|\n|t:|1783812735\n|move|p1a: Raging Bolt|Weather Ball|p2a: Mudsdale\n|-damage|p2a: Mudsdale|68/100\n|-ability|p2a: Mudsdale|Stamina|boost\n|-boost|p2a: Mudsdale|def|1\n|move|p2a: Mudsdale|Earthquake|p1a: Raging Bolt\n|-supereffective|p1a: Raging Bolt\n|-damage|p1a: Raging Bolt|0 fnt\n|faint|p1a: Raging Bolt\n|-end|p1a: Raging Bolt|Protosynthesis|[silent]\n|\n|-weather|SunnyDay|[upkeep]\n|upkeep\n|\n|t:|1783812741\n|switch|p1a: Alomomola|Alomomola, F|100/100\n|-damage|p1a: Alomomola|88/100|[from] Stealth Rock\n|turn|20\n|\n|t:|1783812753\n|switch|p2a: Meloetta|Meloetta|100/100\n|move|p1a: Alomomola|Surf|p2a: Meloetta\n|-crit|p2a: Meloetta\n|-damage|p2a: Meloetta|95/100\n|\n|-weather|SunnyDay|[upkeep]\n|upkeep\n|turn|21\n|\n|t:|1783812758\n|move|p2a: Meloetta|Knock Off|p1a: Alomomola\n|-damage|p1a: Alomomola|82/100\n|move|p1a: Alomomola|Acrobatics|p2a: Meloetta\n|-damage|p2a: Meloetta|69/100\n|\n|-weather|SunnyDay|[upkeep]\n|upkeep\n|turn|22\n|\n|t:|1783812764\n|move|p2a: Meloetta|Psyshock|p1a: Alomomola\n|-damage|p1a: Alomomola|60/100\n|move|p1a: Alomomola|Acrobatics|p2a: Meloetta\n|-damage|p2a: Meloetta|47/100\n|\n|-weather|SunnyDay|[upkeep]\n|upkeep\n|turn|23\n|\n|t:|1783812770\n|move|p2a: Meloetta|Psyshock|p1a: Alomomola\n|-damage|p1a: Alomomola|39/100\n|move|p1a: Alomomola|Acrobatics|p2a: Meloetta\n|-damage|p2a: Meloetta|22/100\n|\n|-weather|none\n|upkeep\n|turn|24\n|\n|t:|1783812773\n|move|p2a: Meloetta|Psyshock|p1a: Alomomola\n|-crit|p1a: Alomomola\n|-damage|p1a: Alomomola|5/100\n|move|p1a: Alomomola|Acrobatics|p2a: Meloetta\n|-damage|p2a: Meloetta|0 fnt\n|faint|p2a: Meloetta\n|\n|upkeep\n|\n|t:|1783812777\n|switch|p2a: Breloom|Breloom, M|100/100\n|turn|25\n|c|☆cjfrozen|gg\n|c|☆Ziiiiiii|gg\n|\n|t:|1783812782\n|move|p2a: Breloom|Mach Punch|p1a: Alomomola\n|-damage|p1a: Alomomola|0 fnt\n|faint|p1a: Alomomola\n|\n|win|Ziiiiiii\n|l| RivalAngel\n|l| SWSFlare\n|l|☆cjfrozen\n|player|p1|\n|l|☆Ziiiiiii\n|player|p2|\n|l| roikeith\n|j|☆Ziiiiiii\n|player|p2|Ziiiiiii|roxie|\n", "uploadtime": 1783812786, "views": 35, "formatid": "gen9ou", "rating": null, "private": 0, "password": null}