{"id": "gen9ou-2640015612", "format": "[Gen 9] OU", "players": ["Walvis Timmy", "kshuaib734"], "log": "|j|☆Walvis Timmy\n|j|☆kshuaib734\n|t:|1782564240\n|gametype|singles\n|player|p1|Walvis Timmy|266|1631\n|player|p2|kshuaib734|steven|1634\n|gen|9\n|tier|[Gen 9] OU\n|rated|\n|rule|HP Percentage Mod: HP is shown in percentages\n|rule|Endless Battle Clause: Forcing endless battles is banned\n|rule|Species Clause: Limit one of each Pokémon\n|rule|OHKO Clause: OHKO moves are banned\n|rule|Evasion Items Clause: Evasion items are banned\n|rule|Evasion Moves Clause: Evasion moves are banned\n|rule|Evasion Abilities Clause: Evasion abilities are banned\n|rule|Sleep Moves Clause: Sleep-inducing moves are banned\n|clearpoke\n|poke|p1|Pelipper, M|\n|poke|p1|Talonflame, F|\n|poke|p1|Hatterene, F|\n|poke|p1|Landorus-Therian, M|\n|poke|p1|Cinderace, F|\n|poke|p1|Zamazenta-*|\n|poke|p2|Tyranitar, M|\n|poke|p2|Dragapult, M|\n|poke|p2|Pelipper, F|\n|poke|p2|Quaquaval, F|\n|poke|p2|Kingdra, M|\n|poke|p2|Excadrill, F|\n|teampreview\n|inactive|Battle timer is ON: inactive players will automatically lose when time's up. (requested by kshuaib734)\n|\n|t:|1782564258\n|teamsize|p1|6\n|teamsize|p2|6\n|start\n|switch|p1a: Hatterene|Hatterene, F|100/100\n|switch|p2a: Tyrant's Enforcer|Dragapult, M|100/100\n|turn|1\n|\n|t:|1782564271\n|switch|p2a: Tyrant's Downpour|Pelipper, F|100/100\n|-weather|RainDance|[from] ability: Drizzle|[of] p2a: Tyrant's Downpour\n|move|p1a: Hatterene|Draining Kiss|p2a: Tyrant's Downpour\n|-damage|p2a: Tyrant's Downpour|56/100\n|\n|-weather|RainDance|[upkeep]\n|upkeep\n|turn|2\n|\n|t:|1782564278\n|move|p2a: Tyrant's Downpour|U-turn|p1a: Hatterene\n|-damage|p1a: Hatterene|90/100\n|\n|t:|1782564281\n|switch|p2a: Tyrant's Legacy|Excadrill, F|100/100|[from] U-turn\n|move|p1a: Hatterene|Psychic Noise|p2a: Tyrant's Legacy\n|-resisted|p2a: Tyrant's Legacy\n|-damage|p2a: Tyrant's Legacy|69/100\n|-start|p2a: Tyrant's Legacy|move: Heal Block\n|\n|-weather|RainDance|[upkeep]\n|upkeep\n|turn|3\n|\n|t:|1782564295\n|switch|p1a: Landorus|Landorus-Therian, M|100/100\n|-ability|p1a: Landorus|Intimidate|boost\n|-unboost|p2a: Tyrant's Legacy|atk|1\n|move|p2a: Tyrant's Legacy|Iron Head|p1a: Landorus\n|-damage|p1a: Landorus|56/100\n|-damage|p2a: Tyrant's Legacy|53/100|[from] item: Rocky Helmet|[of] p1a: Landorus\n|-damage|p2a: Tyrant's Legacy|43/100|[from] item: Life Orb\n|\n|-weather|RainDance|[upkeep]\n|-end|p2a: Tyrant's Legacy|move: Heal Block\n|upkeep\n|turn|4\n|\n|t:|1782564306\n|move|p1a: Landorus|U-turn|p2a: Tyrant's Legacy\n|-resisted|p2a: Tyrant's Legacy\n|-damage|p2a: Tyrant's Legacy|26/100\n|\n|t:|1782564309\n|switch|p1a: Zamazenta|Zamazenta|100/100|[from] U-turn\n|-ability|p1a: Zamazenta|Dauntless Shield|boost\n|-boost|p1a: Zamazenta|def|1\n|move|p2a: Tyrant's Legacy|Iron Head|p1a: Zamazenta\n|-damage|p1a: Zamazenta|80/100\n|-damage|p2a: Tyrant's Legacy|16/100|[from] item: Life Orb\n|\n|-weather|RainDance|[upkeep]\n|-heal|p1a: Zamazenta|86/100|[from] item: Leftovers\n|upkeep\n|turn|5\n|\n|t:|1782564318\n|move|p1a: Zamazenta|Substitute|p1a: Zamazenta\n|-start|p1a: Zamazenta|Substitute\n|-damage|p1a: Zamazenta|61/100\n|move|p2a: Tyrant's Legacy|Earthquake|p1a: Zamazenta\n|-end|p1a: Zamazenta|Substitute\n|-damage|p2a: Tyrant's Legacy|6/100|[from] item: Life Orb\n|\n|-weather|RainDance|[upkeep]\n|-heal|p1a: Zamazenta|68/100|[from] item: Leftovers\n|upkeep\n|turn|6\n|\n|t:|1782564327\n|move|p1a: Zamazenta|Body Press|p2a: Tyrant's Legacy\n|-supereffective|p2a: Tyrant's Legacy\n|-damage|p2a: Tyrant's Legacy|0 fnt\n|faint|p2a: Tyrant's Legacy\n|\n|-weather|RainDance|[upkeep]\n|-heal|p1a: Zamazenta|74/100|[from] item: Leftovers\n|upkeep\n|\n|t:|1782564333\n|switch|p2a: Tyrant's Vengeance|Kingdra, M|100/100\n|turn|7\n|\n|t:|1782564340\n|switch|p1a: Landorus|Landorus-Therian, M|56/100\n|-ability|p1a: Landorus|Intimidate|boost\n|-unboost|p2a: Tyrant's Vengeance|atk|1\n|-terastallize|p2a: Tyrant's Vengeance|Water\n|move|p2a: Tyrant's Vengeance|Weather Ball|p1a: Landorus\n|-supereffective|p1a: Landorus\n|-damage|p1a: Landorus|0 fnt\n|faint|p1a: Landorus\n|\n|-weather|RainDance|[upkeep]\n|upkeep\n|\n|t:|1782564344\n|switch|p1a: Talonflame|Talonflame, F|100/100\n|turn|8\n|\n|t:|1782564352\n|-terastallize|p1a: Talonflame|Flying\n|move|p1a: Talonflame|Hurricane|p2a: Tyrant's Vengeance\n|-damage|p2a: Tyrant's Vengeance|0 fnt\n|faint|p2a: Tyrant's Vengeance\n|\n|-weather|none\n|upkeep\n|\n|t:|1782564359\n|switch|p2a: King Tyrant|Tyranitar, M|100/100\n|-weather|Sandstorm|[from] ability: Sand Stream|[of] p2a: King Tyrant\n|turn|9\n|\n|t:|1782564364\n|switch|p1a: Zamazenta|Zamazenta|74/100\n|move|p2a: King Tyrant|Thunderbolt|p1a: Zamazenta\n|-damage|p1a: Zamazenta|56/100\n|-status|p1a: Zamazenta|par\n|\n|-weather|Sandstorm|[upkeep]\n|-damage|p1a: Zamazenta|50/100 par|[from] Sandstorm\n|-heal|p1a: Zamazenta|56/100 par|[from] item: Leftovers\n|upkeep\n|turn|10\n|\n|t:|1782564374\n|switch|p2a: Tyrant's Downpour|Pelipper, F|56/100\n|-weather|RainDance|[from] ability: Drizzle|[of] p2a: Tyrant's Downpour\n|move|p1a: Zamazenta|Crunch|p2a: Tyrant's Downpour\n|-damage|p2a: Tyrant's Downpour|39/100\n|\n|-weather|RainDance|[upkeep]\n|-heal|p1a: Zamazenta|62/100 par|[from] item: Leftovers\n|upkeep\n|turn|11\n|\n|t:|1782564382\n|switch|p1a: Hatterene|Hatterene, F|90/100\n|move|p2a: Tyrant's Downpour|Hurricane|p1a: Hatterene\n|-damage|p1a: Hatterene|67/100\n|-start|p1a: Hatterene|confusion\n|\n|-weather|RainDance|[upkeep]\n|upkeep\n|turn|12\n|\n|t:|1782564389\n|move|p2a: Tyrant's Downpour|Knock Off|p1a: Hatterene\n|-damage|p1a: Hatterene|52/100\n|-enditem|p1a: Hatterene|Assault Vest|[from] move: Knock Off|[of] p2a: Tyrant's Downpour\n|-activate|p1a: Hatterene|confusion\n|move|p1a: Hatterene|Nuzzle|p2a: Tyrant's Downpour\n|-supereffective|p2a: Tyrant's Downpour\n|-damage|p2a: Tyrant's Downpour|25/100\n|-status|p2a: Tyrant's Downpour|par\n|\n|-weather|RainDance|[upkeep]\n|upkeep\n|turn|13\n|\n|t:|1782564398\n|-activate|p1a: Hatterene|confusion\n|-damage|p1a: Hatterene|42/100|[from] confusion\n|move|p2a: Tyrant's Downpour|U-turn|p1a: Hatterene\n|-damage|p1a: Hatterene|31/100\n|\n|t:|1782564404\n|switch|p2a: Tyrant's Endgame|Quaquaval, F|100/100|[from] U-turn\n|\n|-weather|RainDance|[upkeep]\n|upkeep\n|turn|14\n|\n|t:|1782564411\n|move|p2a: Tyrant's Endgame|U-turn|p1a: Hatterene\n|-damage|p1a: Hatterene|0 fnt\n|faint|p1a: Hatterene\n|\n|t:|1782564418\n|switch|p2a: Tyrant's Enforcer|Dragapult, M|100/100|[from] U-turn\n|\n|-weather|RainDance|[upkeep]\n|upkeep\n|\n|t:|1782564422\n|switch|p1a: Talonflame|Talonflame, F, tera:Flying|100/100\n|turn|15\n|\n|t:|1782564425\n|switch|p2a: King Tyrant|Tyranitar, M|100/100\n|-weather|Sandstorm|[from] ability: Sand Stream|[of] p2a: King Tyrant\n|move|p1a: Talonflame|U-turn|p2a: King Tyrant\n|-supereffective|p2a: King Tyrant\n|-damage|p2a: King Tyrant|85/100\n|-enditem|p2a: King Tyrant|Weakness Policy\n|-boost|p2a: King Tyrant|atk|2|[from] item: Weakness Policy\n|-boost|p2a: King Tyrant|spa|2|[from] item: Weakness Policy\n|\n|t:|1782564435\n|switch|p1a: Cinderace|Cinderace, F|100/100|[from] U-turn\n|\n|-weather|Sandstorm|[upkeep]\n|-damage|p1a: Cinderace|95/100|[from] Sandstorm\n|upkeep\n|turn|16\n|\n|t:|1782564441\n|move|p1a: Cinderace|U-turn|p2a: King Tyrant\n|-start|p1a: Cinderace|typechange|Bug|[from] ability: Libero\n|-supereffective|p2a: King Tyrant\n|-damage|p2a: King Tyrant|42/100\n|\n|t:|1782564443\n|switch|p1a: Pelipper|Pelipper, M|100/100|[from] U-turn\n|-weather|RainDance|[from] ability: Drizzle|[of] p1a: Pelipper\n|move|p2a: King Tyrant|Knock Off|p1a: Pelipper\n|-damage|p1a: Pelipper|0 fnt\n|-enditem|p1a: Pelipper|Choice Specs|[from] move: Knock Off|[of] p2a: King Tyrant\n|faint|p1a: Pelipper\n|\n|-weather|RainDance|[upkeep]\n|upkeep\n|\n|t:|1782564447\n|switch|p1a: Talonflame|Talonflame, F, tera:Flying|100/100\n|turn|17\n|\n|t:|1782564456\n|switch|p2a: Tyrant's Downpour|Pelipper, F|25/100 par\n|move|p1a: Talonflame|Hurricane|p2a: Tyrant's Downpour\n|-damage|p2a: Tyrant's Downpour|0 fnt\n|faint|p2a: Tyrant's Downpour\n|\n|-weather|RainDance|[upkeep]\n|upkeep\n|\n|t:|1782564474\n|switch|p2a: Tyrant's Endgame|Quaquaval, F|100/100\n|turn|18\n|\n|t:|1782564478\n|switch|p2a: King Tyrant|Tyranitar, M|42/100\n|-weather|Sandstorm|[from] ability: Sand Stream|[of] p2a: King Tyrant\n|move|p1a: Talonflame|Hurricane|p2a: King Tyrant\n|-resisted|p2a: King Tyrant\n|-crit|p2a: King Tyrant\n|-damage|p2a: King Tyrant|6/100\n|\n|-weather|Sandstorm|[upkeep]\n|-damage|p1a: Talonflame|94/100|[from] Sandstorm\n|upkeep\n|turn|19\n|\n|t:|1782564487\n|move|p1a: Talonflame|Hurricane|p2a: King Tyrant\n|-resisted|p2a: King Tyrant\n|-damage|p2a: King Tyrant|0 fnt\n|faint|p2a: King Tyrant\n|\n|-weather|Sandstorm|[upkeep]\n|-damage|p1a: Talonflame|88/100|[from] Sandstorm\n|upkeep\n|\n|t:|1782564501\n|switch|p2a: Tyrant's Enforcer|Dragapult, M|100/100\n|turn|20\n|\n|t:|1782564504\n|move|p2a: Tyrant's Enforcer|Thunderbolt|p1a: Talonflame\n|-supereffective|p1a: Talonflame\n|-damage|p1a: Talonflame|0 fnt\n|faint|p1a: Talonflame\n|-damage|p2a: Tyrant's Enforcer|91/100|[from] item: Life Orb\n|\n|-weather|Sandstorm|[upkeep]\n|-damage|p2a: Tyrant's Enforcer|85/100|[from] Sandstorm\n|upkeep\n|\n|t:|1782564507\n|switch|p1a: Cinderace|Cinderace, F|95/100\n|turn|21\n|\n|t:|1782564517\n|move|p2a: Tyrant's Enforcer|Surf|p1a: Cinderace\n|-supereffective|p1a: Cinderace\n|-damage|p1a: Cinderace|0 fnt\n|faint|p1a: Cinderace\n|-damage|p2a: Tyrant's Enforcer|75/100|[from] item: Life Orb\n|\n|-weather|Sandstorm|[upkeep]\n|-damage|p2a: Tyrant's Enforcer|69/100|[from] Sandstorm\n|upkeep\n|\n|t:|1782564519\n|switch|p1a: Zamazenta|Zamazenta|62/100 par\n|turn|22\n|\n|t:|1782564526\n|move|p2a: Tyrant's Enforcer|Curse|p1a: Zamazenta\n|-start|p1a: Zamazenta|Curse|[of] p2a: Tyrant's Enforcer\n|-damage|p2a: Tyrant's Enforcer|19/100\n|move|p1a: Zamazenta|Crunch|p2a: Tyrant's Enforcer\n|-supereffective|p2a: Tyrant's Enforcer\n|-damage|p2a: Tyrant's Enforcer|0 fnt\n|faint|p2a: Tyrant's Enforcer\n|\n|-weather|none\n|-heal|p1a: Zamazenta|68/100 par|[from] item: Leftovers\n|-damage|p1a: Zamazenta|43/100 par|[from] Curse\n|upkeep\n|\n|t:|1782564536\n|switch|p2a: Tyrant's Endgame|Quaquaval, F|100/100\n|turn|23\n|\n|t:|1782564540\n|move|p2a: Tyrant's Endgame|Close Combat|p1a: Zamazenta\n|-damage|p1a: Zamazenta|0 fnt\n|-unboost|p2a: Tyrant's Endgame|def|1\n|-unboost|p2a: Tyrant's Endgame|spd|1\n|faint|p1a: Zamazenta\n|\n|win|kshuaib734\n|raw|Walvis Timmy's rating: 1631 &rarr; <strong>1611</strong><br />(-20 for losing)\n|raw|kshuaib734's rating: 1634 &rarr; <strong>1654</strong><br />(+20 for winning)\n|l|☆Walvis Timmy\n|player|p1|\n|l|☆kshuaib734\n|player|p2|\n", "uploadtime": 1782564728, "views": 11, "formatid": "gen9ou", "rating": 1611, "private": 0, "password": null}