{"id": "gen9ou-2647812116", "format": "[Gen 9] OU", "players": ["bigtestsofbig", "erjtsers"], "log": "|j|☆bigtestsofbig\n|j|☆erjtsers\n|t:|1783816885\n|gametype|singles\n|player|p1|bigtestsofbig|266|1517\n|player|p2|erjtsers|birdkeeper|1522\n|gen|9\n|tier|[Gen 9] OU\n|rated|\n|rule|HP Percentage Mod: HP is shown in percentages\n|rule|Endless Battle Clause: Forcing endless battles is banned\n|rule|Species Clause: Limit one of each Pokémon\n|rule|OHKO Clause: OHKO moves are banned\n|rule|Evasion Items Clause: Evasion items are banned\n|rule|Evasion Moves Clause: Evasion moves are banned\n|rule|Evasion Abilities Clause: Evasion abilities are banned\n|rule|Sleep Moves Clause: Sleep-inducing moves are banned\n|clearpoke\n|poke|p1|Zamazenta-*|\n|poke|p1|Gholdengo|\n|poke|p1|Samurott-Hisui, M|\n|poke|p1|Corviknight, F|\n|poke|p1|Latios, M|\n|poke|p1|Glimmora, F|\n|poke|p2|Clodsire, M|\n|poke|p2|Toxapex, M|\n|poke|p2|Corviknight, F|\n|poke|p2|Dondozo, M|\n|poke|p2|Clefable, M|\n|poke|p2|Gliscor, F|\n|teampreview\n|\n|t:|1783816912\n|teamsize|p1|6\n|teamsize|p2|6\n|start\n|switch|p1a: Corviknight|Corviknight, F|100/100\n|switch|p2a: Gliscor|Gliscor, F|100/100\n|-ability|p1a: Corviknight|Pressure\n|turn|1\n|inactive|Battle timer is ON: inactive players will automatically lose when time's up. (requested by bigtestsofbig)\n|\n|t:|1783816916\n|move|p2a: Gliscor|Protect|p2a: Gliscor\n|-singleturn|p2a: Gliscor|Protect\n|move|p1a: Corviknight|Bulk Up|p1a: Corviknight\n|-boost|p1a: Corviknight|atk|1\n|-boost|p1a: Corviknight|def|1\n|\n|-status|p2a: Gliscor|tox|[from] item: Toxic Orb\n|upkeep\n|turn|2\n|\n|t:|1783816919\n|move|p2a: Gliscor|Knock Off|p1a: Corviknight\n|-damage|p1a: Corviknight|90/100\n|-damage|p2a: Gliscor|84/100 tox|[from] item: Rocky Helmet|[of] p1a: Corviknight\n|-enditem|p1a: Corviknight|Rocky Helmet|[from] move: Knock Off|[of] p2a: Gliscor\n|move|p1a: Corviknight|Brave Bird|p2a: Gliscor\n|-damage|p2a: Gliscor|39/100 tox\n|-damage|p1a: Corviknight|77/100|[from] Recoil\n|\n|-heal|p2a: Gliscor|51/100 tox|[from] ability: Poison Heal\n|upkeep\n|turn|3\n|\n|t:|1783816925\n|move|p2a: Gliscor|Protect|p2a: Gliscor\n|-singleturn|p2a: Gliscor|Protect\n|move|p1a: Corviknight|Bulk Up|p1a: Corviknight\n|-boost|p1a: Corviknight|atk|1\n|-boost|p1a: Corviknight|def|1\n|\n|-heal|p2a: Gliscor|64/100 tox|[from] ability: Poison Heal\n|upkeep\n|turn|4\n|\n|t:|1783816930\n|switch|p2a: Clefable|Clefable, M|100/100\n|move|p1a: Corviknight|Brave Bird|p2a: Clefable\n|-damage|p2a: Clefable|42/100\n|-damage|p1a: Corviknight|58/100|[from] Recoil\n|\n|-damage|p1a: Corviknight|46/100|[from] item: Sticky Barb\n|upkeep\n|turn|5\n|\n|t:|1783816939\n|switch|p2a: Dondozo|Dondozo, M|100/100\n|move|p1a: Corviknight|Brave Bird|p2a: Dondozo\n|-damage|p2a: Dondozo|85/100\n|-damage|p1a: Corviknight|39/100|[from] Recoil\n|\n|-heal|p2a: Dondozo|91/100|[from] item: Leftovers\n|-damage|p1a: Corviknight|27/100|[from] item: Sticky Barb\n|upkeep\n|turn|6\n|\n|t:|1783816942\n|move|p1a: Corviknight|Roost|p1a: Corviknight\n|-heal|p1a: Corviknight|77/100\n|-singleturn|p1a: Corviknight|move: Roost\n|move|p2a: Dondozo|Curse|p2a: Dondozo\n|-unboost|p2a: Dondozo|spe|1\n|-boost|p2a: Dondozo|atk|1\n|-boost|p2a: Dondozo|def|1\n|\n|-heal|p2a: Dondozo|97/100|[from] item: Leftovers\n|-damage|p1a: Corviknight|64/100|[from] item: Sticky Barb\n|upkeep\n|turn|7\n|\n|t:|1783816949\n|switch|p1a: Latios|Latios, M|100/100\n|move|p2a: Dondozo|Curse|p2a: Dondozo\n|-unboost|p2a: Dondozo|spe|1\n|-boost|p2a: Dondozo|atk|1\n|-boost|p2a: Dondozo|def|1\n|\n|-heal|p2a: Dondozo|100/100|[from] item: Leftovers\n|upkeep\n|turn|8\n|\n|t:|1783816963\n|-terastallize|p2a: Dondozo|Dark\n|move|p1a: Latios|Surf|p2a: Dondozo\n|-damage|p2a: Dondozo|59/100\n|move|p2a: Dondozo|Crunch|p1a: Latios\n|-supereffective|p1a: Latios\n|-damage|p1a: Latios|0 fnt\n|faint|p1a: Latios\n|\n|-heal|p2a: Dondozo|66/100|[from] item: Leftovers\n|upkeep\n|\n|t:|1783816972\n|switch|p1a: Zamazenta|Zamazenta|100/100\n|-ability|p1a: Zamazenta|Dauntless Shield|boost\n|-boost|p1a: Zamazenta|def|1\n|turn|9\n|\n|t:|1783816976\n|move|p1a: Zamazenta|Close Combat|p2a: Dondozo\n|-supereffective|p2a: Dondozo\n|-damage|p2a: Dondozo|31/100\n|-unboost|p1a: Zamazenta|def|1\n|-unboost|p1a: Zamazenta|spd|1\n|-damage|p1a: Zamazenta|91/100|[from] item: Life Orb\n|move|p2a: Dondozo|Curse|p2a: Dondozo\n|-unboost|p2a: Dondozo|spe|1\n|-boost|p2a: Dondozo|atk|1\n|-boost|p2a: Dondozo|def|1\n|\n|-heal|p2a: Dondozo|37/100|[from] item: Leftovers\n|upkeep\n|turn|10\n|\n|t:|1783816983\n|move|p1a: Zamazenta|Close Combat|p2a: Dondozo\n|-supereffective|p2a: Dondozo\n|-damage|p2a: Dondozo|7/100\n|-unboost|p1a: Zamazenta|def|1\n|-unboost|p1a: Zamazenta|spd|1\n|-damage|p1a: Zamazenta|81/100|[from] item: Life Orb\n|move|p2a: Dondozo|Rest|p2a: Dondozo\n|-status|p2a: Dondozo|slp|[from] move: Rest\n|-heal|p2a: Dondozo|100/100 slp|[silent]\n|\n|upkeep\n|turn|11\n|\n|t:|1783816988\n|move|p1a: Zamazenta|Close Combat|p2a: Dondozo\n|-supereffective|p2a: Dondozo\n|-damage|p2a: Dondozo|69/100 slp\n|-unboost|p1a: Zamazenta|def|1\n|-unboost|p1a: Zamazenta|spd|1\n|-damage|p1a: Zamazenta|71/100|[from] item: Life Orb\n|cant|p2a: Dondozo|slp\n|move|p2a: Dondozo|Sleep Talk|p2a: Dondozo\n|move|p2a: Dondozo|Crunch|p1a: Zamazenta|[from] move: Sleep Talk\n|-resisted|p1a: Zamazenta\n|-damage|p1a: Zamazenta|40/100\n|\n|-heal|p2a: Dondozo|76/100 slp|[from] item: Leftovers\n|upkeep\n|turn|12\n|\n|t:|1783816993\n|move|p1a: Zamazenta|Close Combat|p2a: Dondozo\n|-supereffective|p2a: Dondozo\n|-damage|p2a: Dondozo|45/100 slp\n|-unboost|p1a: Zamazenta|def|1\n|-unboost|p1a: Zamazenta|spd|1\n|-damage|p1a: Zamazenta|31/100|[from] item: Life Orb\n|cant|p2a: Dondozo|slp\n|move|p2a: Dondozo|Sleep Talk|p2a: Dondozo\n|move|p2a: Dondozo|Crunch|p1a: Zamazenta|[from] move: Sleep Talk\n|-resisted|p1a: Zamazenta\n|-damage|p1a: Zamazenta|0 fnt\n|faint|p1a: Zamazenta\n|\n|-heal|p2a: Dondozo|51/100 slp|[from] item: Leftovers\n|upkeep\n|\n|t:|1783816997\n|switch|p1a: Glimmora|Glimmora, F|100/100\n|turn|13\n|\n|t:|1783817001\n|move|p1a: Glimmora|Sludge Wave|p2a: Dondozo\n|-damage|p2a: Dondozo|0 fnt\n|faint|p2a: Dondozo\n|\n|upkeep\n|\n|t:|1783817008\n|switch|p2a: Clodsire|Clodsire, M|100/100\n|turn|14\n|\n|t:|1783817012\n|switch|p1a: Corviknight|Corviknight, F|64/100\n|-ability|p1a: Corviknight|Pressure\n|move|p2a: Clodsire|Earthquake|p1a: Corviknight\n|-immune|p1a: Corviknight\n|\n|-damage|p1a: Corviknight|52/100|[from] item: Sticky Barb\n|upkeep\n|turn|15\n|\n|t:|1783817019\n|switch|p1a: Samurott|Samurott-Hisui, M|100/100\n|move|p2a: Clodsire|Spikes|p1a: Samurott\n|-sidestart|p1: bigtestsofbig|Spikes\n|\n|upkeep\n|turn|16\n|\n|t:|1783817025\n|switch|p2a: Toxapex|Toxapex, M|100/100\n|move|p1a: Samurott|Razor Shell|p2a: Toxapex\n|-resisted|p2a: Toxapex\n|-damage|p2a: Toxapex|82/100\n|-unboost|p2a: Toxapex|def|1\n|\n|-heal|p2a: Toxapex|88/100|[from] item: Leftovers\n|upkeep\n|turn|17\n|\n|t:|1783817041\n|-terastallize|p1a: Samurott|Poison\n|move|p1a: Samurott|Ceaseless Edge|p2a: Toxapex\n|-damage|p2a: Toxapex|48/100\n|-sidestart|p2: erjtsers|Spikes\n|move|p2a: Toxapex|Infestation|p1a: Samurott\n|-resisted|p1a: Samurott\n|-damage|p1a: Samurott|99/100\n|-activate|p1a: Samurott|move: Infestation|[of] p2a: Toxapex\n|\n|-heal|p2a: Toxapex|54/100|[from] item: Leftovers\n|-damage|p1a: Samurott|87/100|[from] move: Infestation|[partiallytrapped]\n|upkeep\n|turn|18\n|\n|t:|1783817049\n|move|p2a: Toxapex|Baneful Bunker|p2a: Toxapex\n|-singleturn|p2a: Toxapex|move: Protect\n|move|p1a: Samurott|Razor Shell|p2a: Toxapex\n|-activate|p2a: Toxapex|move: Protect\n|\n|-heal|p2a: Toxapex|60/100|[from] item: Leftovers\n|-damage|p1a: Samurott|74/100|[from] move: Infestation|[partiallytrapped]\n|upkeep\n|turn|19\n|\n|t:|1783817056\n|switch|p2a: Corviknight|Corviknight, F|100/100\n|-ability|p2a: Corviknight|Pressure\n|move|p1a: Samurott|Ceaseless Edge|p2a: Corviknight\n|-damage|p2a: Corviknight|60/100\n|-sidestart|p2: erjtsers|Spikes\n|\n|-heal|p2a: Corviknight|67/100|[from] item: Leftovers\n|-end|p1a: Samurott|Infestation|[partiallytrapped]|[silent]\n|upkeep\n|turn|20\n|\n|t:|1783817060\n|move|p2a: Corviknight|Protect|p2a: Corviknight\n|-singleturn|p2a: Corviknight|Protect\n|move|p1a: Samurott|Razor Shell|p2a: Corviknight\n|-activate|p2a: Corviknight|move: Protect\n|\n|-heal|p2a: Corviknight|73/100|[from] item: Leftovers\n|upkeep\n|turn|21\n|\n|t:|1783817064\n|move|p1a: Samurott|Razor Shell|p2a: Corviknight\n|-damage|p2a: Corviknight|26/100\n|-unboost|p2a: Corviknight|def|1\n|move|p2a: Corviknight|Roost|p2a: Corviknight\n|-heal|p2a: Corviknight|76/100\n|-singleturn|p2a: Corviknight|move: Roost\n|\n|-heal|p2a: Corviknight|82/100|[from] item: Leftovers\n|upkeep\n|turn|22\n|\n|t:|1783817070\n|move|p2a: Corviknight|Protect|p2a: Corviknight\n|-singleturn|p2a: Corviknight|Protect\n|move|p1a: Samurott|Ceaseless Edge|p2a: Corviknight\n|-activate|p2a: Corviknight|move: Protect\n|\n|-heal|p2a: Corviknight|88/100|[from] item: Leftovers\n|upkeep\n|turn|23\n|\n|t:|1783817083\n|switch|p2a: Toxapex|Toxapex, M|94/100\n|-damage|p2a: Toxapex|77/100|[from] Spikes\n|move|p1a: Samurott|Ceaseless Edge|p2a: Toxapex\n|-damage|p2a: Toxapex|47/100\n|-sidestart|p2: erjtsers|Spikes\n|\n|-heal|p2a: Toxapex|53/100|[from] item: Leftovers\n|upkeep\n|turn|24\n|\n|t:|1783817099\n|move|p2a: Toxapex|Baneful Bunker|p2a: Toxapex\n|-singleturn|p2a: Toxapex|move: Protect\n|move|p1a: Samurott|Razor Shell|p2a: Toxapex\n|-activate|p2a: Toxapex|move: Protect\n|\n|-heal|p2a: Toxapex|60/100|[from] item: Leftovers\n|upkeep\n|turn|25\n|\n|t:|1783817104\n|switch|p2a: Corviknight|Corviknight, F|88/100\n|-ability|p2a: Corviknight|Pressure\n|move|p1a: Samurott|Razor Shell|p2a: Corviknight\n|-damage|p2a: Corviknight|38/100\n|\n|-heal|p2a: Corviknight|45/100|[from] item: Leftovers\n|upkeep\n|turn|26\n|\n|t:|1783817116\n|move|p2a: Corviknight|Protect|p2a: Corviknight\n|-singleturn|p2a: Corviknight|Protect\n|move|p1a: Samurott|Ceaseless Edge|p2a: Corviknight\n|-activate|p2a: Corviknight|move: Protect\n|\n|-heal|p2a: Corviknight|51/100|[from] item: Leftovers\n|upkeep\n|turn|27\n|\n|t:|1783817121\n|move|p1a: Samurott|Razor Shell|p2a: Corviknight\n|-damage|p2a: Corviknight|1/100\n|move|p2a: Corviknight|Roost|p2a: Corviknight\n|-heal|p2a: Corviknight|51/100\n|-singleturn|p2a: Corviknight|move: Roost\n|\n|-heal|p2a: Corviknight|57/100|[from] item: Leftovers\n|upkeep\n|turn|28\n|\n|t:|1783817126\n|move|p2a: Corviknight|Protect|p2a: Corviknight\n|-singleturn|p2a: Corviknight|Protect\n|move|p1a: Samurott|Ceaseless Edge|p2a: Corviknight\n|-activate|p2a: Corviknight|move: Protect\n|\n|-heal|p2a: Corviknight|64/100|[from] item: Leftovers\n|upkeep\n|turn|29\n|\n|t:|1783817129\n|move|p1a: Samurott|Razor Shell|p2a: Corviknight\n|-damage|p2a: Corviknight|18/100\n|move|p2a: Corviknight|Roost|p2a: Corviknight\n|-heal|p2a: Corviknight|68/100\n|-singleturn|p2a: Corviknight|move: Roost\n|\n|-heal|p2a: Corviknight|75/100|[from] item: Leftovers\n|upkeep\n|turn|30\n|\n|t:|1783817136\n|switch|p1a: Glimmora|Glimmora, F|100/100\n|-damage|p1a: Glimmora|88/100|[from] Spikes\n|move|p2a: Corviknight|Protect||[still]\n|-fail|p2a: Corviknight\n|\n|-heal|p2a: Corviknight|81/100|[from] item: Leftovers\n|upkeep\n|turn|31\n|\n|t:|1783817139\n|move|p1a: Glimmora|Power Gem|p2a: Corviknight\n|-damage|p2a: Corviknight|54/100\n|move|p2a: Corviknight|Defog|p1a: Glimmora\n|-unboost|p1a: Glimmora|evasion|1\n|-sideend|p1: bigtestsofbig|Spikes|[from] move: Defog|[of] p2a: Corviknight\n|-sideend|p2: erjtsers|Spikes|[from] move: Defog|[of] p2a: Corviknight\n|\n|-heal|p2a: Corviknight|60/100|[from] item: Leftovers\n|upkeep\n|turn|32\n|\n|t:|1783817145\n|move|p2a: Corviknight|Protect|p2a: Corviknight\n|-singleturn|p2a: Corviknight|Protect\n|move|p1a: Glimmora|Power Gem|p2a: Corviknight\n|-activate|p2a: Corviknight|move: Protect\n|\n|-heal|p2a: Corviknight|66/100|[from] item: Leftovers\n|upkeep\n|turn|33\n|\n|t:|1783817148\n|switch|p2a: Clodsire|Clodsire, M|100/100\n|move|p1a: Glimmora|Power Gem|p2a: Clodsire\n|-resisted|p2a: Clodsire\n|-damage|p2a: Clodsire|88/100\n|\n|upkeep\n|turn|34\n|\n|t:|1783817155\n|switch|p1a: Corviknight|Corviknight, F|52/100\n|-ability|p1a: Corviknight|Pressure\n|move|p2a: Clodsire|Spikes|p1a: Corviknight\n|-sidestart|p1: bigtestsofbig|Spikes\n|\n|-damage|p1a: Corviknight|39/100|[from] item: Sticky Barb\n|upkeep\n|turn|35\n|\n|t:|1783817159\n|move|p1a: Corviknight|Bulk Up|p1a: Corviknight\n|-boost|p1a: Corviknight|atk|1\n|-boost|p1a: Corviknight|def|1\n|move|p2a: Clodsire|Spikes|p1a: Corviknight\n|-sidestart|p1: bigtestsofbig|Spikes\n|\n|-damage|p1a: Corviknight|27/100|[from] item: Sticky Barb\n|upkeep\n|turn|36\n|\n|t:|1783817162\n|move|p1a: Corviknight|Bulk Up|p1a: Corviknight\n|-boost|p1a: Corviknight|atk|1\n|-boost|p1a: Corviknight|def|1\n|move|p2a: Clodsire|Spikes|p1a: Corviknight\n|-sidestart|p1: bigtestsofbig|Spikes\n|\n|-damage|p1a: Corviknight|14/100|[from] item: Sticky Barb\n|upkeep\n|turn|37\n|\n|t:|1783817165\n|move|p1a: Corviknight|Roost|p1a: Corviknight\n|-heal|p1a: Corviknight|64/100\n|-singleturn|p1a: Corviknight|move: Roost\n|move|p2a: Clodsire|Spikes||[still]\n|-fail|p2a: Clodsire\n|\n|-damage|p1a: Corviknight|52/100|[from] item: Sticky Barb\n|upkeep\n|turn|38\n|\n|t:|1783817169\n|move|p1a: Corviknight|Defog|p2a: Clodsire\n|-unboost|p2a: Clodsire|evasion|1\n|-sideend|p1: bigtestsofbig|Spikes|[from] move: Defog|[of] p1a: Corviknight\n|move|p2a: Clodsire|Spikes|p1a: Corviknight\n|-sidestart|p1: bigtestsofbig|Spikes\n|\n|-damage|p1a: Corviknight|39/100|[from] item: Sticky Barb\n|upkeep\n|turn|39\n|\n|t:|1783817172\n|move|p1a: Corviknight|Bulk Up|p1a: Corviknight\n|-boost|p1a: Corviknight|atk|1\n|-boost|p1a: Corviknight|def|1\n|move|p2a: Clodsire|Spikes|p1a: Corviknight\n|-sidestart|p1: bigtestsofbig|Spikes\n|\n|-damage|p1a: Corviknight|27/100|[from] item: Sticky Barb\n|upkeep\n|turn|40\n|\n|t:|1783817174\n|move|p1a: Corviknight|Roost|p1a: Corviknight\n|-heal|p1a: Corviknight|77/100\n|-singleturn|p1a: Corviknight|move: Roost\n|move|p2a: Clodsire|Spikes|p1a: Corviknight\n|-sidestart|p1: bigtestsofbig|Spikes\n|\n|-damage|p1a: Corviknight|64/100|[from] item: Sticky Barb\n|upkeep\n|turn|41\n|\n|t:|1783817177\n|move|p1a: Corviknight|Brave Bird|p2a: Clodsire\n|-damage|p2a: Clodsire|49/100\n|-damage|p1a: Corviknight|49/100|[from] Recoil\n|move|p2a: Clodsire|Spikes||[still]\n|-fail|p2a: Clodsire\n|\n|-damage|p1a: Corviknight|37/100|[from] item: Sticky Barb\n|upkeep\n|turn|42\n|\n|t:|1783817181\n|move|p1a: Corviknight|Defog|p2a: Clodsire\n|-unboost|p2a: Clodsire|evasion|1\n|-sideend|p1: bigtestsofbig|Spikes|[from] move: Defog|[of] p1a: Corviknight\n|move|p2a: Clodsire|Recover|p2a: Clodsire\n|-heal|p2a: Clodsire|99/100\n|\n|-damage|p1a: Corviknight|24/100|[from] item: Sticky Barb\n|upkeep\n|turn|43\n|\n|t:|1783817188\n|switch|p2a: Gliscor|Gliscor, F|64/100 tox\n|move|p1a: Corviknight|Bulk Up|p1a: Corviknight\n|-boost|p1a: Corviknight|atk|1\n|-boost|p1a: Corviknight|def|1\n|\n|-heal|p2a: Gliscor|76/100 tox|[from] ability: Poison Heal\n|-damage|p1a: Corviknight|12/100|[from] item: Sticky Barb\n|upkeep\n|turn|44\n|\n|t:|1783817191\n|move|p2a: Gliscor|Protect|p2a: Gliscor\n|-singleturn|p2a: Gliscor|Protect\n|move|p1a: Corviknight|Roost|p1a: Corviknight\n|-heal|p1a: Corviknight|62/100\n|-singleturn|p1a: Corviknight|move: Roost\n|\n|-heal|p2a: Gliscor|89/100 tox|[from] ability: Poison Heal\n|-damage|p1a: Corviknight|49/100|[from] item: Sticky Barb\n|upkeep\n|turn|45\n|\n|t:|1783817195\n|switch|p2a: Toxapex|Toxapex, M|93/100\n|move|p1a: Corviknight|Brave Bird|p2a: Toxapex\n|-damage|p2a: Toxapex|28/100\n|-damage|p1a: Corviknight|33/100|[from] Recoil\n|\n|-heal|p2a: Toxapex|34/100|[from] item: Leftovers\n|-damage|p1a: Corviknight|20/100|[from] item: Sticky Barb\n|upkeep\n|turn|46\n|\n|t:|1783817197\n|move|p2a: Toxapex|Baneful Bunker|p2a: Toxapex\n|-singleturn|p2a: Toxapex|move: Protect\n|move|p1a: Corviknight|Roost|p1a: Corviknight\n|-heal|p1a: Corviknight|70/100\n|-singleturn|p1a: Corviknight|move: Roost\n|\n|-heal|p2a: Toxapex|40/100|[from] item: Leftovers\n|-damage|p1a: Corviknight|58/100|[from] item: Sticky Barb\n|upkeep\n|turn|47\n|\n|t:|1783817205\n|switch|p2a: Corviknight|Corviknight, F|66/100\n|-ability|p2a: Corviknight|Pressure\n|move|p1a: Corviknight|Brave Bird|p2a: Corviknight\n|-resisted|p2a: Corviknight\n|-damage|p2a: Corviknight|20/100\n|-damage|p1a: Corviknight|43/100|[from] Recoil\n|\n|-heal|p2a: Corviknight|26/100|[from] item: Leftovers\n|-damage|p1a: Corviknight|30/100|[from] item: Sticky Barb\n|upkeep\n|turn|48\n|\n|t:|1783817211\n|move|p2a: Corviknight|Protect|p2a: Corviknight\n|-singleturn|p2a: Corviknight|Protect\n|move|p1a: Corviknight|Brave Bird|p2a: Corviknight\n|-activate|p2a: Corviknight|move: Protect\n|\n|-heal|p2a: Corviknight|32/100|[from] item: Leftovers\n|-damage|p1a: Corviknight|18/100|[from] item: Sticky Barb\n|upkeep\n|turn|49\n|\n|t:|1783817239\n|switch|p2a: Toxapex|Toxapex, M|74/100\n|move|p1a: Corviknight|Bulk Up|p1a: Corviknight\n|-boost|p1a: Corviknight|atk|1\n|-boost|p1a: Corviknight|def|1\n|\n|-heal|p2a: Toxapex|80/100|[from] item: Leftovers\n|-damage|p1a: Corviknight|5/100|[from] item: Sticky Barb\n|upkeep\n|turn|50\n|\n|t:|1783817247\n|move|p2a: Toxapex|Baneful Bunker|p2a: Toxapex\n|-singleturn|p2a: Toxapex|move: Protect\n|move|p1a: Corviknight|Roost|p1a: Corviknight\n|-heal|p1a: Corviknight|55/100\n|-singleturn|p1a: Corviknight|move: Roost\n|\n|-heal|p2a: Toxapex|86/100|[from] item: Leftovers\n|-damage|p1a: Corviknight|43/100|[from] item: Sticky Barb\n|upkeep\n|turn|51\n|\n|t:|1783817253\n|move|p1a: Corviknight|Bulk Up|p1a: Corviknight\n|-boost|p1a: Corviknight|atk|1\n|-boost|p1a: Corviknight|def|1\n|move|p2a: Toxapex|Recover|p2a: Toxapex\n|-heal|p2a: Toxapex|100/100\n|\n|-damage|p1a: Corviknight|30/100|[from] item: Sticky Barb\n|upkeep\n|turn|52\n|\n|t:|1783817256\n|move|p2a: Toxapex|Baneful Bunker|p2a: Toxapex\n|-singleturn|p2a: Toxapex|move: Protect\n|move|p1a: Corviknight|Roost|p1a: Corviknight\n|-heal|p1a: Corviknight|80/100\n|-singleturn|p1a: Corviknight|move: Roost\n|\n|-damage|p1a: Corviknight|68/100|[from] item: Sticky Barb\n|upkeep\n|turn|53\n|\n|t:|1783817262\n|move|p1a: Corviknight|Brave Bird|p2a: Toxapex\n|-damage|p2a: Toxapex|13/100\n|-damage|p1a: Corviknight|46/100|[from] Recoil\n|move|p2a: Toxapex|Recover|p2a: Toxapex\n|-heal|p2a: Toxapex|63/100\n|\n|-heal|p2a: Toxapex|69/100|[from] item: Leftovers\n|-damage|p1a: Corviknight|33/100|[from] item: Sticky Barb\n|upkeep\n|turn|54\n|\n|t:|1783817272\n|move|p2a: Toxapex|Baneful Bunker|p2a: Toxapex\n|-singleturn|p2a: Toxapex|move: Protect\n|move|p1a: Corviknight|Roost|p1a: Corviknight\n|-heal|p1a: Corviknight|83/100\n|-singleturn|p1a: Corviknight|move: Roost\n|\n|-heal|p2a: Toxapex|75/100|[from] item: Leftovers\n|-damage|p1a: Corviknight|71/100|[from] item: Sticky Barb\n|upkeep\n|turn|55\n|\n|t:|1783817302\n|switch|p2a: Clefable|Clefable, M|42/100\n|move|p1a: Corviknight|Brave Bird|p2a: Clefable\n|-damage|p2a: Clefable|0 fnt\n|faint|p2a: Clefable\n|-damage|p1a: Corviknight|57/100|[from] Recoil\n|\n|-damage|p1a: Corviknight|45/100|[from] item: Sticky Barb\n|upkeep\n|\n|t:|1783817308\n|switch|p2a: Clodsire|Clodsire, M|99/100\n|turn|56\n|\n|t:|1783817312\n|move|p1a: Corviknight|Brave Bird|p2a: Clodsire\n|-damage|p2a: Clodsire|61/100\n|-damage|p1a: Corviknight|30/100|[from] Recoil\n|move|p2a: Clodsire|Recover|p2a: Clodsire\n|-heal|p2a: Clodsire|100/100\n|\n|-damage|p1a: Corviknight|18/100|[from] item: Sticky Barb\n|upkeep\n|turn|57\n|\n|t:|1783817317\n|move|p1a: Corviknight|Brave Bird|p2a: Clodsire\n|-damage|p2a: Clodsire|58/100\n|-damage|p1a: Corviknight|2/100|[from] Recoil\n|move|p2a: Clodsire|Recover|p2a: Clodsire\n|-heal|p2a: Clodsire|100/100\n|\n|-damage|p1a: Corviknight|0 fnt|[from] item: Sticky Barb\n|faint|p1a: Corviknight\n|upkeep\n|\n|t:|1783817326\n|switch|p1a: Gholdengo|Gholdengo|100/100\n|-item|p1a: Gholdengo|Air Balloon\n|turn|58\n|\n|t:|1783817332\n|move|p1a: Gholdengo|Thunder Wave|p2a: Clodsire\n|-immune|p2a: Clodsire\n|move|p2a: Clodsire|Spikes|p1a: Gholdengo\n|-sidestart|p1: bigtestsofbig|Spikes\n|\n|upkeep\n|turn|59\n|\n|t:|1783817335\n|move|p1a: Gholdengo|Thunder Wave|p2a: Clodsire\n|-immune|p2a: Clodsire\n|move|p2a: Clodsire|Spikes|p1a: Gholdengo\n|-sidestart|p1: bigtestsofbig|Spikes\n|\n|upkeep\n|turn|60\n|\n|t:|1783817338\n|move|p1a: Gholdengo|Thunder Wave|p2a: Clodsire\n|-immune|p2a: Clodsire\n|move|p2a: Clodsire|Spikes|p1a: Gholdengo\n|-sidestart|p1: bigtestsofbig|Spikes\n|\n|upkeep\n|turn|61\n|\n|t:|1783817342\n|switch|p2a: Gliscor|Gliscor, F|89/100 tox\n|move|p1a: Gholdengo|Thunder Wave|p2a: Gliscor\n|-immune|p2a: Gliscor\n|\n|-heal|p2a: Gliscor|100/100 tox|[from] ability: Poison Heal\n|upkeep\n|turn|62\n|\n|t:|1783817346\n|switch|p1a: Glimmora|Glimmora, F|88/100\n|-damage|p1a: Glimmora|63/100|[from] Spikes\n|move|p2a: Gliscor|Protect||[still]\n|-fail|p2a: Gliscor\n|\n|upkeep\n|turn|63\n|\n|t:|1783817350\n|move|p1a: Glimmora|Power Gem|p2a: Gliscor\n|-damage|p2a: Gliscor|53/100 tox\n|move|p2a: Gliscor|Substitute|p2a: Gliscor\n|-start|p2a: Gliscor|Substitute\n|-damage|p2a: Gliscor|28/100 tox\n|\n|-heal|p2a: Gliscor|41/100 tox|[from] ability: Poison Heal\n|upkeep\n|turn|64\n|\n|t:|1783817354\n|move|p2a: Gliscor|Protect|p2a: Gliscor\n|-singleturn|p2a: Gliscor|Protect\n|move|p1a: Glimmora|Power Gem|p2a: Gliscor\n|-activate|p2a: Gliscor|move: Protect\n|\n|-heal|p2a: Gliscor|53/100 tox|[from] ability: Poison Heal\n|upkeep\n|turn|65\n|\n|t:|1783817364\n|move|p1a: Glimmora|Power Gem|p2a: Gliscor\n|-end|p2a: Gliscor|Substitute\n|move|p2a: Gliscor|Knock Off|p1a: Glimmora\n|-damage|p1a: Glimmora|36/100\n|-activate|p1a: Glimmora|ability: Toxic Debris\n|-sidestart|p2: erjtsers|move: Toxic Spikes\n|-enditem|p1a: Glimmora|Choice Scarf|[from] move: Knock Off|[of] p2a: Gliscor\n|\n|-heal|p2a: Gliscor|66/100 tox|[from] ability: Poison Heal\n|upkeep\n|turn|66\n|\n|t:|1783817372\n|move|p2a: Gliscor|Protect|p2a: Gliscor\n|-singleturn|p2a: Gliscor|Protect\n|move|p1a: Glimmora|Power Gem|p2a: Gliscor\n|-activate|p2a: Gliscor|move: Protect\n|\n|-heal|p2a: Gliscor|78/100 tox|[from] ability: Poison Heal\n|upkeep\n|turn|67\n|\n|t:|1783817379\n|switch|p2a: Toxapex|Toxapex, M|100/100\n|-sideend|p2: erjtsers|move: Toxic Spikes|[of] p2a: Toxapex\n|move|p1a: Glimmora|Mortal Spin|p2a: Toxapex\n|-resisted|p2a: Toxapex\n|-damage|p2a: Toxapex|99/100\n|-sideend|p1: bigtestsofbig|Spikes|[from] move: Mortal Spin|[of] p1a: Glimmora\n|\n|-heal|p2a: Toxapex|100/100|[from] item: Leftovers\n|upkeep\n|turn|68\n|\n|t:|1783817386\n|move|p1a: Glimmora|Earth Power|p2a: Toxapex\n|-supereffective|p2a: Toxapex\n|-damage|p2a: Toxapex|47/100\n|move|p2a: Toxapex|Infestation|p1a: Glimmora\n|-resisted|p1a: Glimmora\n|-damage|p1a: Glimmora|34/100\n|-activate|p1a: Glimmora|move: Infestation|[of] p2a: Toxapex\n|\n|-heal|p2a: Toxapex|53/100|[from] item: Leftovers\n|-damage|p1a: Glimmora|22/100|[from] move: Infestation|[partiallytrapped]\n|upkeep\n|turn|69\n|\n|t:|1783817395\n|move|p2a: Toxapex|Baneful Bunker|p2a: Toxapex\n|-singleturn|p2a: Toxapex|move: Protect\n|move|p1a: Glimmora|Mortal Spin|p2a: Toxapex\n|-activate|p2a: Toxapex|move: Protect\n|\n|-heal|p2a: Toxapex|59/100|[from] item: Leftovers\n|-damage|p1a: Glimmora|9/100|[from] move: Infestation|[partiallytrapped]\n|upkeep\n|turn|70\n|\n|t:|1783817406\n|switch|p2a: Gliscor|Gliscor, F|78/100 tox\n|move|p1a: Glimmora|Power Gem|p2a: Gliscor\n|-damage|p2a: Gliscor|25/100 tox\n|\n|-heal|p2a: Gliscor|38/100 tox|[from] ability: Poison Heal\n|-end|p1a: Glimmora|Infestation|[partiallytrapped]|[silent]\n|upkeep\n|turn|71\n|\n|t:|1783817413\n|move|p2a: Gliscor|Protect|p2a: Gliscor\n|-singleturn|p2a: Gliscor|Protect\n|move|p1a: Glimmora|Power Gem|p2a: Gliscor\n|-activate|p2a: Gliscor|move: Protect\n|\n|-heal|p2a: Gliscor|50/100 tox|[from] ability: Poison Heal\n|upkeep\n|turn|72\n|\n|t:|1783817416\n|move|p2a: Gliscor|Knock Off|p1a: Glimmora\n|-damage|p1a: Glimmora|0 fnt\n|-activate|p1a: Glimmora|ability: Toxic Debris\n|-sidestart|p2: erjtsers|move: Toxic Spikes\n|faint|p1a: Glimmora\n|\n|-heal|p2a: Gliscor|63/100 tox|[from] ability: Poison Heal\n|upkeep\n|\n|t:|1783817422\n|switch|p1a: Samurott|Samurott-Hisui, M, tera:Poison|74/100\n|turn|73\n|\n|t:|1783817425\n|move|p2a: Gliscor|Protect|p2a: Gliscor\n|-singleturn|p2a: Gliscor|Protect\n|move|p1a: Samurott|Razor Shell|p2a: Gliscor\n|-activate|p2a: Gliscor|move: Protect\n|\n|-heal|p2a: Gliscor|75/100 tox|[from] ability: Poison Heal\n|upkeep\n|turn|74\n|\n|t:|1783817434\n|move|p2a: Gliscor|Substitute|p2a: Gliscor\n|-start|p2a: Gliscor|Substitute\n|-damage|p2a: Gliscor|50/100 tox\n|move|p1a: Samurott|Ceaseless Edge|p2a: Gliscor\n|-crit|p2a: Gliscor\n|-end|p2a: Gliscor|Substitute\n|-sidestart|p2: erjtsers|Spikes\n|\n|-heal|p2a: Gliscor|63/100 tox|[from] ability: Poison Heal\n|upkeep\n|turn|75\n|\n|t:|1783817442\n|move|p2a: Gliscor|Protect|p2a: Gliscor\n|-singleturn|p2a: Gliscor|Protect\n|move|p1a: Samurott|Ceaseless Edge|p2a: Gliscor\n|-activate|p2a: Gliscor|move: Protect\n|\n|-heal|p2a: Gliscor|75/100 tox|[from] ability: Poison Heal\n|upkeep\n|turn|76\n|\n|t:|1783817449\n|move|p2a: Gliscor|Substitute|p2a: Gliscor\n|-start|p2a: Gliscor|Substitute\n|-damage|p2a: Gliscor|50/100 tox\n|move|p1a: Samurott|Ceaseless Edge|p2a: Gliscor\n|-end|p2a: Gliscor|Substitute\n|-sidestart|p2: erjtsers|Spikes\n|\n|-heal|p2a: Gliscor|63/100 tox|[from] ability: Poison Heal\n|upkeep\n|turn|77\n|\n|t:|1783817456\n|move|p2a: Gliscor|Protect|p2a: Gliscor\n|-singleturn|p2a: Gliscor|Protect\n|move|p1a: Samurott|Ceaseless Edge|p2a: Gliscor\n|-activate|p2a: Gliscor|move: Protect\n|\n|-heal|p2a: Gliscor|75/100 tox|[from] ability: Poison Heal\n|upkeep\n|turn|78\n|\n|t:|1783817459\n|move|p2a: Gliscor|Substitute|p2a: Gliscor\n|-start|p2a: Gliscor|Substitute\n|-damage|p2a: Gliscor|50/100 tox\n|move|p1a: Samurott|Ceaseless Edge|p2a: Gliscor\n|-end|p2a: Gliscor|Substitute\n|-sidestart|p2: erjtsers|Spikes\n|\n|-heal|p2a: Gliscor|63/100 tox|[from] ability: Poison Heal\n|upkeep\n|turn|79\n|\n|t:|1783817466\n|move|p2a: Gliscor|Protect|p2a: Gliscor\n|-singleturn|p2a: Gliscor|Protect\n|move|p1a: Samurott|Ceaseless Edge|p2a: Gliscor\n|-activate|p2a: Gliscor|move: Protect\n|\n|-heal|p2a: Gliscor|75/100 tox|[from] ability: Poison Heal\n|upkeep\n|turn|80\n|\n|t:|1783817470\n|move|p2a: Gliscor|Substitute|p2a: Gliscor\n|-start|p2a: Gliscor|Substitute\n|-damage|p2a: Gliscor|50/100 tox\n|move|p1a: Samurott|Ceaseless Edge|p2a: Gliscor\n|-end|p2a: Gliscor|Substitute\n|\n|-heal|p2a: Gliscor|63/100 tox|[from] ability: Poison Heal\n|upkeep\n|turn|81\n|\n|t:|1783817479\n|move|p2a: Gliscor|Protect|p2a: Gliscor\n|-singleturn|p2a: Gliscor|Protect\n|move|p1a: Samurott|Flip Turn|p2a: Gliscor\n|-activate|p2a: Gliscor|move: Protect\n|\n|-heal|p2a: Gliscor|75/100 tox|[from] ability: Poison Heal\n|upkeep\n|turn|82\n|\n|t:|1783817483\n|move|p2a: Gliscor|Substitute|p2a: Gliscor\n|-start|p2a: Gliscor|Substitute\n|-damage|p2a: Gliscor|50/100 tox\n|move|p1a: Samurott|Razor Shell|p2a: Gliscor\n|-supereffective|p2a: Gliscor\n|-end|p2a: Gliscor|Substitute\n|\n|-heal|p2a: Gliscor|63/100 tox|[from] ability: Poison Heal\n|upkeep\n|turn|83\n|\n|t:|1783817490\n|move|p2a: Gliscor|Protect|p2a: Gliscor\n|-singleturn|p2a: Gliscor|Protect\n|move|p1a: Samurott|Ceaseless Edge|p2a: Gliscor\n|-activate|p2a: Gliscor|move: Protect\n|\n|-heal|p2a: Gliscor|75/100 tox|[from] ability: Poison Heal\n|upkeep\n|turn|84\n|\n|t:|1783817496\n|move|p2a: Gliscor|Substitute|p2a: Gliscor\n|-start|p2a: Gliscor|Substitute\n|-damage|p2a: Gliscor|50/100 tox\n|move|p1a: Samurott|Flip Turn|p2a: Gliscor\n|-supereffective|p2a: Gliscor\n|-end|p2a: Gliscor|Substitute\n|\n|t:|1783817499\n|switch|p1a: Gholdengo|Gholdengo|100/100|[from] Flip Turn\n|-item|p1a: Gholdengo|Air Balloon\n|\n|-heal|p2a: Gliscor|63/100 tox|[from] ability: Poison Heal\n|upkeep\n|turn|85\n|\n|t:|1783817503\n|move|p2a: Gliscor|Protect|p2a: Gliscor\n|-singleturn|p2a: Gliscor|Protect\n|move|p1a: Gholdengo|Hex|p2a: Gliscor\n|-activate|p2a: Gliscor|move: Protect\n|\n|-heal|p2a: Gliscor|75/100 tox|[from] ability: Poison Heal\n|upkeep\n|turn|86\n|\n|t:|1783817512\n|switch|p1a: Samurott|Samurott-Hisui, M, tera:Poison|74/100\n|move|p2a: Gliscor|Knock Off|p1a: Samurott\n|-damage|p1a: Samurott|47/100\n|-enditem|p1a: Samurott|Assault Vest|[from] move: Knock Off|[of] p2a: Gliscor\n|\n|-heal|p2a: Gliscor|88/100 tox|[from] ability: Poison Heal\n|upkeep\n|turn|87\n|\n|t:|1783817518\n|move|p2a: Gliscor|Substitute|p2a: Gliscor\n|-start|p2a: Gliscor|Substitute\n|-damage|p2a: Gliscor|63/100 tox\n|move|p1a: Samurott|Ceaseless Edge|p2a: Gliscor\n|-end|p2a: Gliscor|Substitute\n|\n|-heal|p2a: Gliscor|75/100 tox|[from] ability: Poison Heal\n|upkeep\n|turn|88\n|\n|t:|1783817525\n|move|p2a: Gliscor|Protect|p2a: Gliscor\n|-singleturn|p2a: Gliscor|Protect\n|move|p1a: Samurott|Ceaseless Edge|p2a: Gliscor\n|-activate|p2a: Gliscor|move: Protect\n|\n|-heal|p2a: Gliscor|88/100 tox|[from] ability: Poison Heal\n|upkeep\n|turn|89\n|\n|t:|1783817534\n|move|p2a: Gliscor|Substitute|p2a: Gliscor\n|-start|p2a: Gliscor|Substitute\n|-damage|p2a: Gliscor|63/100 tox\n|move|p1a: Samurott|Razor Shell|p2a: Gliscor\n|-supereffective|p2a: Gliscor\n|-end|p2a: Gliscor|Substitute\n|\n|-heal|p2a: Gliscor|75/100 tox|[from] ability: Poison Heal\n|upkeep\n|turn|90\n|\n|t:|1783817541\n|move|p2a: Gliscor|Substitute|p2a: Gliscor\n|-start|p2a: Gliscor|Substitute\n|-damage|p2a: Gliscor|50/100 tox\n|move|p1a: Samurott|Ceaseless Edge|p2a: Gliscor\n|-end|p2a: Gliscor|Substitute\n|\n|-heal|p2a: Gliscor|63/100 tox|[from] ability: Poison Heal\n|upkeep\n|turn|91\n|\n|t:|1783817545\n|move|p2a: Gliscor|Protect|p2a: Gliscor\n|-singleturn|p2a: Gliscor|Protect\n|move|p1a: Samurott|Ceaseless Edge|p2a: Gliscor\n|-activate|p2a: Gliscor|move: Protect\n|\n|-heal|p2a: Gliscor|75/100 tox|[from] ability: Poison Heal\n|upkeep\n|turn|92\n|\n|t:|1783817547\n|move|p2a: Gliscor|Substitute|p2a: Gliscor\n|-start|p2a: Gliscor|Substitute\n|-damage|p2a: Gliscor|50/100 tox\n|move|p1a: Samurott|Ceaseless Edge|p2a: Gliscor\n|-end|p2a: Gliscor|Substitute\n|\n|-heal|p2a: Gliscor|63/100 tox|[from] ability: Poison Heal\n|upkeep\n|turn|93\n|\n|t:|1783817557\n|move|p2a: Gliscor|Knock Off|p1a: Samurott\n|-damage|p1a: Samurott|30/100\n|move|p1a: Samurott|Flip Turn|p2a: Gliscor\n|-supereffective|p2a: Gliscor\n|-damage|p2a: Gliscor|14/100 tox\n|\n|t:|1783817561\n|switch|p1a: Gholdengo|Gholdengo|100/100|[from] Flip Turn\n|-item|p1a: Gholdengo|Air Balloon\n|\n|-heal|p2a: Gliscor|27/100 tox|[from] ability: Poison Heal\n|upkeep\n|turn|94\n|\n|t:|1783817568\n|switch|p1a: Samurott|Samurott-Hisui, M, tera:Poison|30/100\n|move|p2a: Gliscor|Knock Off|p1a: Samurott\n|-damage|p1a: Samurott|13/100\n|\n|-heal|p2a: Gliscor|39/100 tox|[from] ability: Poison Heal\n|upkeep\n|turn|95\n|\n|t:|1783817574\n|move|p2a: Gliscor|Substitute|p2a: Gliscor\n|-start|p2a: Gliscor|Substitute\n|-damage|p2a: Gliscor|14/100 tox\n|move|p1a: Samurott|Ceaseless Edge|p2a: Gliscor\n|-end|p2a: Gliscor|Substitute\n|\n|-heal|p2a: Gliscor|27/100 tox|[from] ability: Poison Heal\n|upkeep\n|turn|96\n|\n|t:|1783817580\n|move|p1a: Samurott|Sucker Punch|p2a: Gliscor\n|-damage|p2a: Gliscor|0 fnt\n|faint|p2a: Gliscor\n|\n|upkeep\n|\n|t:|1783817585\n|switch|p2a: Corviknight|Corviknight, F|32/100\n|-ability|p2a: Corviknight|Pressure\n|turn|97\n|\n|t:|1783817589\n|move|p2a: Corviknight|Protect|p2a: Corviknight\n|-singleturn|p2a: Corviknight|Protect\n|move|p1a: Samurott|Flip Turn|p2a: Corviknight\n|-activate|p2a: Corviknight|move: Protect\n|\n|-heal|p2a: Corviknight|38/100|[from] item: Leftovers\n|upkeep\n|turn|98\n|\n|t:|1783817594\n|move|p1a: Samurott|Flip Turn|p2a: Corviknight\n|-damage|p2a: Corviknight|13/100\n|\n|t:|1783817597\n|switch|p1a: Gholdengo|Gholdengo|100/100|[from] Flip Turn\n|-item|p1a: Gholdengo|Air Balloon\n|move|p2a: Corviknight|Roost|p2a: Corviknight\n|-heal|p2a: Corviknight|63/100\n|-singleturn|p2a: Corviknight|move: Roost\n|\n|-heal|p2a: Corviknight|69/100|[from] item: Leftovers\n|upkeep\n|turn|99\n|\n|t:|1783817600\n|move|p1a: Gholdengo|Thunder Wave|p2a: Corviknight\n|-status|p2a: Corviknight|par\n|cant|p2a: Corviknight|par\n|\n|-heal|p2a: Corviknight|75/100 par|[from] item: Leftovers\n|upkeep\n|turn|100\n|\n|t:|1783817604\n|move|p2a: Corviknight|Protect|p2a: Corviknight\n|-singleturn|p2a: Corviknight|Protect\n|move|p1a: Gholdengo|Hex|p2a: Corviknight\n|-activate|p2a: Corviknight|move: Protect\n|\n|-heal|p2a: Corviknight|81/100 par|[from] item: Leftovers\n|upkeep\n|turn|101\n|\n|t:|1783817609\n|move|p1a: Gholdengo|Hex|p2a: Corviknight\n|-damage|p2a: Corviknight|39/100 par\n|move|p2a: Corviknight|Brave Bird|p1a: Gholdengo\n|-resisted|p1a: Gholdengo\n|-damage|p1a: Gholdengo|85/100\n|-enditem|p1a: Gholdengo|Air Balloon\n|-damage|p2a: Corviknight|34/100 par|[from] Recoil\n|\n|-heal|p2a: Corviknight|40/100 par|[from] item: Leftovers\n|upkeep\n|turn|102\n|\n|t:|1783817614\n|move|p2a: Corviknight|Protect|p2a: Corviknight\n|-singleturn|p2a: Corviknight|Protect\n|move|p1a: Gholdengo|Hex|p2a: Corviknight\n|-activate|p2a: Corviknight|move: Protect\n|\n|-heal|p2a: Corviknight|46/100 par|[from] item: Leftovers\n|upkeep\n|turn|103\n|\n|t:|1783817625\n|move|p1a: Gholdengo|Hex|p2a: Corviknight\n|-damage|p2a: Corviknight|4/100 par\n|move|p2a: Corviknight|Roost|p2a: Corviknight\n|-heal|p2a: Corviknight|54/100 par\n|-singleturn|p2a: Corviknight|move: Roost\n|\n|-heal|p2a: Corviknight|60/100 par|[from] item: Leftovers\n|upkeep\n|turn|104\n|\n|t:|1783817633\n|cant|p2a: Corviknight|par\n|move|p1a: Gholdengo|Focus Blast|p2a: Corviknight\n|-damage|p2a: Corviknight|34/100 par\n|\n|-heal|p2a: Corviknight|41/100 par|[from] item: Leftovers\n|upkeep\n|turn|105\n|\n|t:|1783817638\n|move|p2a: Corviknight|Protect|p2a: Corviknight\n|-singleturn|p2a: Corviknight|Protect\n|move|p1a: Gholdengo|Hex|p2a: Corviknight\n|-activate|p2a: Corviknight|move: Protect\n|\n|-heal|p2a: Corviknight|47/100 par|[from] item: Leftovers\n|upkeep\n|turn|106\n|\n|t:|1783817649\n|move|p1a: Gholdengo|Hex|p2a: Corviknight\n|-crit|p2a: Corviknight\n|-damage|p2a: Corviknight|0 fnt\n|faint|p2a: Corviknight\n|\n|upkeep\n|\n|t:|1783817653\n|switch|p2a: Clodsire|Clodsire, M|100/100\n|-sideend|p2: erjtsers|move: Toxic Spikes|[of] p2a: Clodsire\n|turn|107\n|\n|t:|1783817659\n|move|p1a: Gholdengo|Hex|p2a: Clodsire\n|-damage|p2a: Clodsire|82/100\n|move|p2a: Clodsire|Spikes|p1a: Gholdengo\n|-sidestart|p1: bigtestsofbig|Spikes\n|\n|upkeep\n|turn|108\n|\n|t:|1783817662\n|move|p1a: Gholdengo|Hex|p2a: Clodsire\n|-damage|p2a: Clodsire|63/100\n|move|p2a: Clodsire|Spikes|p1a: Gholdengo\n|-sidestart|p1: bigtestsofbig|Spikes\n|\n|upkeep\n|turn|109\n|\n|t:|1783817665\n|move|p1a: Gholdengo|Hex|p2a: Clodsire\n|-crit|p2a: Clodsire\n|-damage|p2a: Clodsire|39/100\n|move|p2a: Clodsire|Spikes|p1a: Gholdengo\n|-sidestart|p1: bigtestsofbig|Spikes\n|\n|upkeep\n|turn|110\n|\n|t:|1783817667\n|switch|p1a: Samurott|Samurott-Hisui, M, tera:Poison|13/100\n|-damage|p1a: Samurott|0 fnt|[from] Spikes\n|faint|p1a: Samurott\n|move|p2a: Clodsire|Recover|p2a: Clodsire\n|-heal|p2a: Clodsire|89/100\n|\n|upkeep\n|\n|t:|1783817668\n|switch|p1a: Gholdengo|Gholdengo|85/100\n|-damage|p1a: Gholdengo|61/100|[from] Spikes\n|turn|111\n|\n|t:|1783817671\n|move|p1a: Gholdengo|Recover|p1a: Gholdengo\n|-heal|p1a: Gholdengo|100/100\n|move|p2a: Clodsire|Earthquake|p1a: Gholdengo\n|-supereffective|p1a: Gholdengo\n|-damage|p1a: Gholdengo|60/100\n|\n|upkeep\n|turn|112\n|\n|t:|1783817674\n|move|p1a: Gholdengo|Recover|p1a: Gholdengo\n|-heal|p1a: Gholdengo|100/100\n|move|p2a: Clodsire|Earthquake|p1a: Gholdengo\n|-supereffective|p1a: Gholdengo\n|-damage|p1a: Gholdengo|58/100\n|\n|upkeep\n|turn|113\n|\n|t:|1783817677\n|move|p1a: Gholdengo|Recover|p1a: Gholdengo\n|-heal|p1a: Gholdengo|100/100\n|move|p2a: Clodsire|Earthquake|p1a: Gholdengo\n|-supereffective|p1a: Gholdengo\n|-damage|p1a: Gholdengo|59/100\n|\n|upkeep\n|turn|114\n|\n|t:|1783817681\n|move|p1a: Gholdengo|Recover|p1a: Gholdengo\n|-heal|p1a: Gholdengo|100/100\n|move|p2a: Clodsire|Poison Jab|p1a: Gholdengo\n|-immune|p1a: Gholdengo\n|\n|upkeep\n|turn|115\n|\n|t:|1783817684\n|move|p1a: Gholdengo|Recover||[still]\n|-fail|p1a: Gholdengo|heal\n|move|p2a: Clodsire|Poison Jab|p1a: Gholdengo\n|-immune|p1a: Gholdengo\n|\n|upkeep\n|turn|116\n|\n|t:|1783817686\n|move|p1a: Gholdengo|Recover||[still]\n|-fail|p1a: Gholdengo|heal\n|move|p2a: Clodsire|Poison Jab|p1a: Gholdengo\n|-immune|p1a: Gholdengo\n|\n|upkeep\n|turn|117\n|\n|t:|1783817689\n|move|p1a: Gholdengo|Recover||[still]\n|-fail|p1a: Gholdengo|heal\n|move|p2a: Clodsire|Poison Jab|p1a: Gholdengo\n|-immune|p1a: Gholdengo\n|\n|upkeep\n|turn|118\n|\n|t:|1783817691\n|move|p1a: Gholdengo|Recover||[still]\n|-fail|p1a: Gholdengo|heal\n|move|p2a: Clodsire|Poison Jab|p1a: Gholdengo\n|-immune|p1a: Gholdengo\n|\n|upkeep\n|turn|119\n|\n|t:|1783817693\n|move|p1a: Gholdengo|Focus Blast|p2a: Clodsire\n|-resisted|p2a: Clodsire\n|-damage|p2a: Clodsire|78/100\n|move|p2a: Clodsire|Poison Jab|p1a: Gholdengo\n|-immune|p1a: Gholdengo\n|\n|upkeep\n|turn|120\n|\n|t:|1783817695\n|move|p1a: Gholdengo|Focus Blast|p2a: Clodsire|[miss]\n|-miss|p1a: Gholdengo|p2a: Clodsire\n|move|p2a: Clodsire|Earthquake|p1a: Gholdengo\n|-supereffective|p1a: Gholdengo\n|-damage|p1a: Gholdengo|59/100\n|\n|upkeep\n|turn|121\n|\n|t:|1783817698\n|move|p1a: Gholdengo|Focus Blast|p2a: Clodsire|[miss]\n|-miss|p1a: Gholdengo|p2a: Clodsire\n|move|p2a: Clodsire|Earthquake|p1a: Gholdengo\n|-supereffective|p1a: Gholdengo\n|-damage|p1a: Gholdengo|18/100\n|\n|upkeep\n|turn|122\n|c|☆erjtsers|gg\n|\n|t:|1783817704\n|move|p1a: Gholdengo|Focus Blast|p2a: Clodsire|[miss]\n|-miss|p1a: Gholdengo|p2a: Clodsire\n|move|p2a: Clodsire|Earthquake|p1a: Gholdengo\n|-supereffective|p1a: Gholdengo\n|-damage|p1a: Gholdengo|0 fnt\n|faint|p1a: Gholdengo\n|\n|win|erjtsers\n|raw|bigtestsofbig's rating: 1517 &rarr; <strong>1497</strong><br />(-20 for losing)\n|raw|erjtsers's rating: 1522 &rarr; <strong>1542</strong><br />(+20 for winning)\n", "uploadtime": 1783818111, "views": 7, "formatid": "gen9ou", "rating": 1497, "private": 0, "password": null}