{"id": "gen9ou-2647804542", "format": "[Gen 9] OU", "players": ["Yeahimgoinghome", "johnjogger"], "log": "|j|☆Yeahimgoinghome\n|j|☆johnjogger\n|t:|1783815598\n|gametype|singles\n|player|p1|Yeahimgoinghome|riley|1369\n|player|p2|johnjogger|2|1252\n|gen|9\n|tier|[Gen 9] OU\n|rated|\n|rule|HP Percentage Mod: HP is shown in percentages\n|rule|Endless Battle Clause: Forcing endless battles is banned\n|rule|Species Clause: Limit one of each Pokémon\n|rule|OHKO Clause: OHKO moves are banned\n|rule|Evasion Items Clause: Evasion items are banned\n|rule|Evasion Moves Clause: Evasion moves are banned\n|rule|Evasion Abilities Clause: Evasion abilities are banned\n|rule|Sleep Moves Clause: Sleep-inducing moves are banned\n|clearpoke\n|poke|p1|Rhyperior, F|\n|poke|p1|Articuno|\n|poke|p1|Suicune|\n|poke|p1|Heatran, M|\n|poke|p1|Decidueye-Hisui, M|\n|poke|p1|Latios, M|\n|poke|p2|Great Tusk|\n|poke|p2|Kingambit, F|\n|poke|p2|Gholdengo|\n|poke|p2|Dragapult, F|\n|poke|p2|Raging Bolt|\n|poke|p2|Iron Valiant|\n|teampreview\n|inactive|Battle timer is ON: inactive players will automatically lose when time's up. (requested by johnjogger)\n|inactive|Yeahimgoinghome also wants the timer to be on.\n|inactive|Yeahimgoinghome has 120 seconds left.\n|\n|t:|1783815648\n|teamsize|p1|6\n|teamsize|p2|6\n|start\n|switch|p1a: Articuno|Articuno, shiny|100/100\n|switch|p2a: Great Tusk|Great Tusk|100/100\n|-ability|p1a: Articuno|Pressure\n|turn|1\n|\n|t:|1783815662\n|move|p1a: Articuno|Freeze-Dry|p2a: Great Tusk\n|-supereffective|p2a: Great Tusk\n|-damage|p2a: Great Tusk|19/100\n|move|p2a: Great Tusk|Stealth Rock|p1a: Articuno\n|-sidestart|p1: Yeahimgoinghome|move: Stealth Rock\n|\n|-heal|p2a: Great Tusk|25/100|[from] item: Leftovers\n|upkeep\n|turn|2\n|\n|t:|1783815671\n|-end|p2a: Great Tusk|Protosynthesis|[silent]\n|switch|p2a: Gholdengo|Gholdengo|100/100\n|-item|p2a: Gholdengo|Air Balloon\n|move|p1a: Articuno|Freeze-Dry|p2a: Gholdengo\n|-resisted|p2a: Gholdengo\n|-damage|p2a: Gholdengo|80/100\n|-enditem|p2a: Gholdengo|Air Balloon\n|\n|upkeep\n|turn|3\n|\n|t:|1783815686\n|switch|p1a: Heatran|Heatran, M|100/100\n|-damage|p1a: Heatran|88/100|[from] Stealth Rock\n|move|p2a: Gholdengo|Thunderbolt|p1a: Heatran\n|-damage|p1a: Heatran|66/100\n|\n|-heal|p1a: Heatran|73/100|[from] item: Leftovers\n|upkeep\n|turn|4\n|\n|t:|1783815699\n|switch|p2a: Dragapult|Dragapult, F|100/100\n|move|p1a: Heatran|Magma Storm|p2a: Dragapult\n|-resisted|p2a: Dragapult\n|-damage|p2a: Dragapult|71/100\n|-activate|p2a: Dragapult|move: Magma Storm|[of] p1a: Heatran\n|\n|-heal|p1a: Heatran|79/100|[from] item: Leftovers\n|-damage|p2a: Dragapult|59/100|[from] move: Magma Storm|[partiallytrapped]\n|upkeep\n|turn|5\n|\n|t:|1783815712\n|move|p2a: Dragapult|Hydro Pump|p1a: Heatran\n|-supereffective|p1a: Heatran\n|-damage|p1a: Heatran|12/100\n|move|p1a: Heatran|Earth Power|p2a: Dragapult\n|-damage|p2a: Dragapult|21/100\n|\n|-heal|p1a: Heatran|18/100|[from] item: Leftovers\n|-damage|p2a: Dragapult|8/100|[from] move: Magma Storm|[partiallytrapped]\n|upkeep\n|turn|6\n|\n|t:|1783815721\n|move|p2a: Dragapult|Hydro Pump|p1a: Heatran\n|-supereffective|p1a: Heatran\n|-damage|p1a: Heatran|0 fnt\n|faint|p1a: Heatran\n|\n|-end|p2a: Dragapult|Magma Storm|[partiallytrapped]|[silent]\n|upkeep\n|\n|t:|1783815725\n|switch|p1a: Latios|Latios, M, shiny|100/100\n|-damage|p1a: Latios|88/100|[from] Stealth Rock\n|turn|7\n|\n|t:|1783815734\n|switch|p2a: Iron Valiant|Iron Valiant|100/100\n|-enditem|p2a: Iron Valiant|Booster Energy\n|-activate|p2a: Iron Valiant|ability: Quark Drive|[fromitem]\n|-start|p2a: Iron Valiant|quarkdrivespe\n|move|p1a: Latios|Luster Purge|p2a: Iron Valiant\n|-supereffective|p2a: Iron Valiant\n|-damage|p2a: Iron Valiant|0 fnt\n|faint|p2a: Iron Valiant\n|-end|p2a: Iron Valiant|Quark Drive|[silent]\n|\n|upkeep\n|inactive|johnjogger has 120 seconds left.\n|\n|t:|1783815775\n|switch|p2a: Raging Bolt|Raging Bolt|100/100\n|turn|8\n|\n|t:|1783815782\n|switch|p1a: Rhyperior|Rhyperior, F|100/100\n|-damage|p1a: Rhyperior|94/100|[from] Stealth Rock\n|-terastallize|p2a: Raging Bolt|Fairy\n|move|p2a: Raging Bolt|Draco Meteor|p1a: Rhyperior\n|-damage|p1a: Rhyperior|30/100\n|-unboost|p2a: Raging Bolt|spa|2\n|\n|upkeep\n|turn|9\n|inactive|johnjogger has 120 seconds left.\n|\n|t:|1783815797\n|-end|p2a: Raging Bolt|Protosynthesis|[silent]\n|switch|p2a: Great Tusk|Great Tusk|25/100\n|move|p1a: Rhyperior|Earthquake|p2a: Great Tusk\n|-damage|p2a: Great Tusk|0 fnt\n|faint|p2a: Great Tusk\n|-end|p2a: Great Tusk|Protosynthesis|[silent]\n|\n|upkeep\n|\n|t:|1783815805\n|switch|p2a: Dragapult|Dragapult, F|8/100\n|turn|10\n|\n|t:|1783815816\n|move|p2a: Dragapult|Shadow Ball|p1a: Rhyperior\n|-damage|p1a: Rhyperior|0 fnt\n|faint|p1a: Rhyperior\n|\n|upkeep\n|\n|t:|1783815818\n|switch|p1a: Latios|Latios, M, shiny|88/100\n|-damage|p1a: Latios|76/100|[from] Stealth Rock\n|turn|11\n|inactive|johnjogger has 120 seconds left.\n|\n|t:|1783815830\n|move|p1a: Latios|Luster Purge|p2a: Dragapult\n|-damage|p2a: Dragapult|0 fnt\n|faint|p2a: Dragapult\n|\n|upkeep\n|inactive|johnjogger has 120 seconds left.\n|\n|t:|1783815841\n|switch|p2a: Raging Bolt|Raging Bolt, tera:Fairy|100/100\n|turn|12\n|inactive|johnjogger has 120 seconds left.\n|\n|t:|1783815849\n|switch|p1a: Articuno|Articuno, shiny|100/100\n|-ability|p1a: Articuno|Pressure\n|move|p2a: Raging Bolt|Thunderbolt|p1a: Articuno\n|-supereffective|p1a: Articuno\n|-damage|p1a: Articuno|3/100\n|\n|upkeep\n|turn|13\n|\n|t:|1783815856\n|move|p2a: Raging Bolt|Thunderclap||[still]\n|-fail|p2a: Raging Bolt\n|move|p1a: Articuno|Roost|p1a: Articuno\n|-heal|p1a: Articuno|53/100\n|-singleturn|p1a: Articuno|move: Roost\n|\n|upkeep\n|turn|14\n|\n|t:|1783815868\n|move|p1a: Articuno|Freeze-Dry|p2a: Raging Bolt\n|-damage|p2a: Raging Bolt|75/100\n|move|p2a: Raging Bolt|Thunderbolt|p1a: Articuno\n|-supereffective|p1a: Articuno\n|-damage|p1a: Articuno|0 fnt\n|faint|p1a: Articuno\n|\n|upkeep\n|\n|t:|1783815873\n|switch|p1a: Latios|Latios, M, shiny|76/100\n|-damage|p1a: Latios|64/100|[from] Stealth Rock\n|turn|15\n|\n|t:|1783815877\n|move|p1a: Latios|Luster Purge|p2a: Raging Bolt\n|-damage|p2a: Raging Bolt|35/100\n|-unboost|p2a: Raging Bolt|spd|1\n|move|p2a: Raging Bolt|Draco Meteor|p1a: Latios\n|-supereffective|p1a: Latios\n|-damage|p1a: Latios|0 fnt\n|-unboost|p2a: Raging Bolt|spa|2\n|faint|p1a: Latios\n|\n|upkeep\n|\n|t:|1783815889\n|switch|p1a: Suicune|Suicune, shiny|100/100\n|-damage|p1a: Suicune|88/100|[from] Stealth Rock\n|-ability|p1a: Suicune|Pressure\n|turn|16\n|\n|t:|1783815897\n|-terastallize|p1a: Suicune|Poison\n|move|p2a: Raging Bolt|Thunderclap||[still]\n|-fail|p2a: Raging Bolt\n|move|p1a: Suicune|Calm Mind|p1a: Suicune\n|-boost|p1a: Suicune|spa|1\n|-boost|p1a: Suicune|spd|1\n|\n|-heal|p1a: Suicune|94/100|[from] item: Leftovers\n|upkeep\n|turn|17\n|\n|t:|1783815916\n|move|p1a: Suicune|Scald|p2a: Raging Bolt\n|-damage|p2a: Raging Bolt|0 fnt\n|faint|p2a: Raging Bolt\n|-end|p2a: Raging Bolt|Protosynthesis|[silent]\n|\n|-heal|p1a: Suicune|100/100|[from] item: Leftovers\n|upkeep\n|\n|t:|1783815928\n|switch|p2a: Gholdengo|Gholdengo|80/100\n|turn|18\n|\n|t:|1783815935\n|move|p2a: Gholdengo|Make It Rain|p1a: Suicune\n|-damage|p1a: Suicune|66/100\n|-unboost|p2a: Gholdengo|spa|1\n|move|p1a: Suicune|Scald|p2a: Gholdengo\n|-damage|p2a: Gholdengo|34/100\n|-status|p2a: Gholdengo|brn\n|\n|-heal|p1a: Suicune|73/100|[from] item: Leftovers\n|-damage|p2a: Gholdengo|28/100 brn|[from] brn\n|upkeep\n|turn|19\n|\n|t:|1783815958\n|move|p2a: Gholdengo|Make It Rain|p1a: Suicune\n|-damage|p1a: Suicune|51/100\n|-unboost|p2a: Gholdengo|spa|1\n|move|p1a: Suicune|Scald|p2a: Gholdengo\n|-crit|p2a: Gholdengo\n|-damage|p2a: Gholdengo|0 fnt\n|faint|p2a: Gholdengo\n|\n|-heal|p1a: Suicune|57/100|[from] item: Leftovers\n|upkeep\n|c|☆Yeahimgoinghome|gg\n|\n|t:|1783815968\n|switch|p2a: Kingambit|Kingambit, F|100/100\n|-activate|p2a: Kingambit|ability: Supreme Overlord\n|-start|p2a: Kingambit|fallen5|[silent]\n|turn|20\n|\n|t:|1783815977\n|move|p1a: Suicune|Scald|p2a: Kingambit\n|-damage|p2a: Kingambit|63/100\n|-status|p2a: Kingambit|brn\n|move|p2a: Kingambit|Kowtow Cleave|p1a: Suicune\n|-damage|p1a: Suicune|30/100\n|\n|-heal|p1a: Suicune|37/100|[from] item: Leftovers\n|-damage|p2a: Kingambit|57/100 brn|[from] brn\n|upkeep\n|turn|21\n|\n|t:|1783816002\n|move|p1a: Suicune|Scald|p2a: Kingambit\n|-damage|p2a: Kingambit|20/100 brn\n|move|p2a: Kingambit|Swords Dance|p2a: Kingambit\n|-boost|p2a: Kingambit|atk|2\n|\n|-heal|p1a: Suicune|43/100|[from] item: Leftovers\n|-damage|p2a: Kingambit|14/100 brn|[from] brn\n|upkeep\n|turn|22\n|\n|t:|1783816010\n|move|p2a: Kingambit|Sucker Punch|p1a: Suicune\n|-damage|p1a: Suicune|3/100\n|move|p1a: Suicune|Scald|p2a: Kingambit\n|-crit|p2a: Kingambit\n|-damage|p2a: Kingambit|0 fnt\n|faint|p2a: Kingambit\n|-end|p2a: Kingambit|fallen5|[silent]\n|\n|win|Yeahimgoinghome\n|raw|Yeahimgoinghome's rating: 1369 &rarr; <strong>1383</strong><br />(+14 for winning)\n|raw|johnjogger's rating: 1252 &rarr; <strong>1235</strong><br />(-17 for losing)\n|l|☆johnjogger\n|player|p2|\n|l|☆Yeahimgoinghome\n|player|p1|\n", "uploadtime": 1783816358, "views": 5, "formatid": "gen9ou", "rating": 1235, "private": 0, "password": null}