{"id": "gen9ou-2647762336", "format": "[Gen 9] OU", "players": ["Breezy55", "ssj_95"], "log": "|j|☆Breezy55\n|j|☆ssj_95\n|t:|1783808183\n|gametype|singles\n|player|p1|Breezy55|169|1197\n|player|p2|ssj_95|rosa|1242\n|gen|9\n|tier|[Gen 9] OU\n|rated|\n|rule|HP Percentage Mod: HP is shown in percentages\n|rule|Endless Battle Clause: Forcing endless battles is banned\n|rule|Species Clause: Limit one of each Pokémon\n|rule|OHKO Clause: OHKO moves are banned\n|rule|Evasion Items Clause: Evasion items are banned\n|rule|Evasion Moves Clause: Evasion moves are banned\n|rule|Evasion Abilities Clause: Evasion abilities are banned\n|rule|Sleep Moves Clause: Sleep-inducing moves are banned\n|clearpoke\n|poke|p1|Hitmonchan, M|\n|poke|p1|Kyurem|\n|poke|p1|Darkrai|\n|poke|p1|Gholdengo|\n|poke|p1|Landorus-Therian, M|\n|poke|p1|Iron Valiant|\n|poke|p2|Dragonite, M|\n|poke|p2|Blastoise, M|\n|poke|p2|Electrode-Hisui|\n|poke|p2|Gengar, M|\n|poke|p2|Conkeldurr, M|\n|poke|p2|Krookodile, M|\n|teampreview\n|inactive|Battle timer is ON: inactive players will automatically lose when time's up. (requested by ssj_95)\n|\n|t:|1783808202\n|teamsize|p1|6\n|teamsize|p2|6\n|start\n|switch|p1a: Landorus|Landorus-Therian, M|100/100\n|switch|p2a: Blastoise|Blastoise, M|100/100\n|-ability|p1a: Landorus|Intimidate|boost\n|-unboost|p2a: Blastoise|atk|1\n|-enditem|p2a: Blastoise|White Herb\n|-clearnegativeboost|p2a: Blastoise|[silent]\n|turn|1\n|\n|t:|1783808210\n|move|p2a: Blastoise|Shell Smash|p2a: Blastoise\n|-unboost|p2a: Blastoise|def|1\n|-unboost|p2a: Blastoise|spd|1\n|-boost|p2a: Blastoise|atk|2\n|-boost|p2a: Blastoise|spa|2\n|-boost|p2a: Blastoise|spe|2\n|move|p1a: Landorus|Taunt|p2a: Blastoise\n|-start|p2a: Blastoise|move: Taunt\n|\n|upkeep\n|turn|2\n|\n|t:|1783808218\n|-terastallize|p1a: Landorus|Water\n|move|p2a: Blastoise|Ice Beam|p1a: Landorus\n|-resisted|p1a: Landorus\n|-damage|p1a: Landorus|76/100\n|move|p1a: Landorus|Earthquake|p2a: Blastoise\n|-damage|p2a: Blastoise|26/100\n|\n|upkeep\n|turn|3\n|\n|t:|1783808226\n|move|p2a: Blastoise|Surf|p1a: Landorus\n|-resisted|p1a: Landorus\n|-damage|p1a: Landorus|34/100\n|move|p1a: Landorus|Earthquake|p2a: Blastoise\n|-damage|p2a: Blastoise|0 fnt\n|faint|p2a: Blastoise\n|\n|upkeep\n|\n|t:|1783808245\n|switch|p2a: Dragonite|Dragonite, M|100/100\n|turn|4\n|\n|t:|1783808250\n|move|p1a: Landorus|Taunt|p2a: Dragonite\n|-start|p2a: Dragonite|move: Taunt\n|cant|p2a: Dragonite|move: Taunt|Dragon Dance\n|\n|upkeep\n|turn|5\n|\n|t:|1783808260\n|move|p1a: Landorus|Stealth Rock|p2a: Dragonite\n|-sidestart|p2: ssj_95|move: Stealth Rock\n|move|p2a: Dragonite|Dragon Claw|p1a: Landorus\n|-damage|p1a: Landorus|3/100\n|-damage|p2a: Dragonite|84/100|[from] item: Rocky Helmet|[of] p1a: Landorus\n|\n|upkeep\n|turn|6\n|\n|t:|1783808266\n|move|p2a: Dragonite|Extreme Speed|p1a: Landorus\n|-damage|p1a: Landorus|0 fnt\n|-damage|p2a: Dragonite|68/100|[from] item: Rocky Helmet|[of] p1a: Landorus\n|faint|p1a: Landorus\n|\n|-end|p2a: Dragonite|move: Taunt\n|upkeep\n|\n|t:|1783808274\n|switch|p1a: Iron Valiant|Iron Valiant|100/100\n|-enditem|p1a: Iron Valiant|Booster Energy\n|-activate|p1a: Iron Valiant|ability: Quark Drive|[fromitem]\n|-start|p1a: Iron Valiant|quarkdrivespe\n|turn|7\n|\n|t:|1783808290\n|-terastallize|p2a: Dragonite|Normal\n|move|p2a: Dragonite|Extreme Speed|p1a: Iron Valiant\n|-damage|p1a: Iron Valiant|41/100\n|move|p1a: Iron Valiant|Moonblast|p2a: Dragonite\n|-damage|p2a: Dragonite|22/100\n|\n|upkeep\n|turn|8\n|\n|t:|1783808299\n|-end|p1a: Iron Valiant|Quark Drive|[silent]\n|switch|p1a: Gholdengo|Gholdengo|100/100\n|-item|p1a: Gholdengo|Air Balloon\n|move|p2a: Dragonite|Extreme Speed|p1a: Gholdengo\n|-immune|p1a: Gholdengo\n|\n|upkeep\n|turn|9\n|\n|t:|1783808306\n|move|p1a: Gholdengo|Make It Rain|p2a: Dragonite\n|-damage|p2a: Dragonite|0 fnt\n|-unboost|p1a: Gholdengo|spa|1\n|faint|p2a: Dragonite\n|\n|upkeep\n|\n|t:|1783808311\n|switch|p2a: Krookodile|Krookodile, M, shiny|100/100\n|-damage|p2a: Krookodile|94/100|[from] Stealth Rock\n|turn|10\n|\n|t:|1783808316\n|move|p2a: Krookodile|Knock Off|p1a: Gholdengo\n|-supereffective|p1a: Gholdengo\n|-damage|p1a: Gholdengo|2/100\n|-enditem|p1a: Gholdengo|Air Balloon\n|move|p1a: Gholdengo|Nasty Plot|p1a: Gholdengo\n|-boost|p1a: Gholdengo|spa|2\n|\n|upkeep\n|turn|11\n|\n|t:|1783808324\n|move|p2a: Krookodile|Knock Off|p1a: Gholdengo\n|-supereffective|p1a: Gholdengo\n|-damage|p1a: Gholdengo|0 fnt\n|faint|p1a: Gholdengo\n|-ability|p2a: Krookodile|Moxie|boost\n|-boost|p2a: Krookodile|atk|1\n|\n|upkeep\n|\n|t:|1783808329\n|switch|p1a: Iron Valiant|Iron Valiant|41/100\n|turn|12\n|\n|t:|1783808333\n|move|p2a: Krookodile|Knock Off|p1a: Iron Valiant\n|-resisted|p1a: Iron Valiant\n|-damage|p1a: Iron Valiant|27/100\n|move|p1a: Iron Valiant|Close Combat|p2a: Krookodile\n|-supereffective|p2a: Krookodile\n|-damage|p2a: Krookodile|0 fnt\n|-unboost|p1a: Iron Valiant|def|1\n|-unboost|p1a: Iron Valiant|spd|1\n|faint|p2a: Krookodile\n|\n|upkeep\n|\n|t:|1783808343\n|switch|p2a: Electrode|Electrode-Hisui|100/100\n|-damage|p2a: Electrode|88/100|[from] Stealth Rock\n|turn|13\n|\n|t:|1783808352\n|move|p2a: Electrode|Volt Switch|p1a: Iron Valiant\n|-damage|p1a: Iron Valiant|0 fnt\n|faint|p1a: Iron Valiant\n|-end|p1a: Iron Valiant|Quark Drive|[silent]\n|l|☆ssj_95\n|inactive|ssj_95 disconnected and has a minute to reconnect!\n|player|p2|\n|j|☆ssj_95\n|inactive|ssj_95 reconnected and has 130 seconds left.\n|player|p2|ssj_95|rosa|\n|inactive|ssj_95 has 120 seconds left.\n|\n|t:|1783808383\n|switch|p2a: Conkeldurr|Conkeldurr, M|100/100|[from] Volt Switch\n|-damage|p2a: Conkeldurr|94/100|[from] Stealth Rock\n|\n|upkeep\n|\n|t:|1783808393\n|switch|p1a: Kyurem|Kyurem|100/100\n|-ability|p1a: Kyurem|Pressure\n|turn|14\n|\n|t:|1783808397\n|move|p1a: Kyurem|Ice Beam|p2a: Conkeldurr\n|-damage|p2a: Conkeldurr|38/100\n|move|p2a: Conkeldurr|Drain Punch|p1a: Kyurem\n|-supereffective|p1a: Kyurem\n|-damage|p1a: Kyurem|16/100\n|-heal|p2a: Conkeldurr|79/100|[from] drain|[of] p1a: Kyurem\n|\n|upkeep\n|turn|15\n|\n|t:|1783808405\n|move|p2a: Conkeldurr|Mach Punch|p1a: Kyurem\n|-supereffective|p1a: Kyurem\n|-damage|p1a: Kyurem|0 fnt\n|faint|p1a: Kyurem\n|\n|upkeep\n|\n|t:|1783808409\n|switch|p1a: Hitmonchan|Hitmonchan, M|100/100\n|turn|16\n|\n|t:|1783808412\n|move|p1a: Hitmonchan|Knock Off|p2a: Conkeldurr\n|-resisted|p2a: Conkeldurr\n|-damage|p2a: Conkeldurr|66/100\n|-enditem|p2a: Conkeldurr|Assault Vest|[from] move: Knock Off|[of] p1a: Hitmonchan\n|move|p2a: Conkeldurr|Drain Punch|p1a: Hitmonchan\n|-damage|p1a: Hitmonchan|40/100\n|-heal|p2a: Conkeldurr|88/100|[from] drain|[of] p1a: Hitmonchan\n|\n|upkeep\n|turn|17\n|\n|t:|1783808420\n|move|p1a: Hitmonchan|Drain Punch|p2a: Conkeldurr\n|-damage|p2a: Conkeldurr|48/100\n|-heal|p1a: Hitmonchan|67/100|[from] drain|[of] p2a: Conkeldurr\n|move|p2a: Conkeldurr|Drain Punch|p1a: Hitmonchan\n|-crit|p1a: Hitmonchan\n|-damage|p1a: Hitmonchan|0 fnt\n|-heal|p2a: Conkeldurr|72/100|[from] drain|[of] p1a: Hitmonchan\n|faint|p1a: Hitmonchan\n|\n|upkeep\n|-message|Breezy55 forfeited.\n|\n|win|ssj_95\n|raw|Breezy55's rating: 1197 &rarr; <strong>1175</strong><br />(-22 for losing)\n|raw|ssj_95's rating: 1242 &rarr; <strong>1264</strong><br />(+22 for winning)\n|l|☆Breezy55\n|player|p1|\n|l|☆ssj_95\n|player|p2|\n", "uploadtime": 1783808783, "views": 3, "formatid": "gen9ou", "rating": 1175, "private": 0, "password": null}