{"id": "gen9ou-2639217295", "format": "[Gen 9] OU", "players": ["dreamteachervr", "Kanto's Finest"], "log": "|j|☆dreamteachervr\n|j|☆Kanto's Finest\n|t:|1782435641\n|gametype|singles\n|player|p1|dreamteachervr|iris|1263\n|player|p2|Kanto's Finest|red-masters|1262\n|gen|9\n|tier|[Gen 9] OU\n|rated|\n|rule|HP Percentage Mod: HP is shown in percentages\n|rule|Endless Battle Clause: Forcing endless battles is banned\n|rule|Species Clause: Limit one of each Pokémon\n|rule|OHKO Clause: OHKO moves are banned\n|rule|Evasion Items Clause: Evasion items are banned\n|rule|Evasion Moves Clause: Evasion moves are banned\n|rule|Evasion Abilities Clause: Evasion abilities are banned\n|rule|Sleep Moves Clause: Sleep-inducing moves are banned\n|clearpoke\n|poke|p1|Gliscor, F|\n|poke|p1|Raging Bolt|\n|poke|p1|Rillaboom, M|\n|poke|p1|Gholdengo|\n|poke|p1|Ting-Lu|\n|poke|p1|Alomomola, F|\n|poke|p2|Dragonite, M|\n|poke|p2|Dugtrio, M|\n|poke|p2|Vaporeon, M|\n|poke|p2|Hitmonlee, M|\n|poke|p2|Clefable, M|\n|poke|p2|Weezing, F|\n|teampreview\n|inactive|Battle timer is ON: inactive players will automatically lose when time's up. (requested by dreamteachervr)\n|\n|t:|1782435656\n|teamsize|p1|6\n|teamsize|p2|6\n|start\n|switch|p1a: Gliscor|Gliscor, F|100/100\n|switch|p2a: Celadon|Vaporeon, M|100/100\n|turn|1\n|\n|t:|1782435673\n|switch|p1a: Rillaboom|Rillaboom, M|100/100\n|-fieldstart|move: Grassy Terrain|[from] ability: Grassy Surge|[of] p1a: Rillaboom\n|move|p2a: Celadon|Whirlpool|p1a: Rillaboom\n|-resisted|p1a: Rillaboom\n|-damage|p1a: Rillaboom|92/100\n|-activate|p1a: Rillaboom|move: Whirlpool|[of] p2a: Celadon\n|\n|-heal|p1a: Rillaboom|98/100|[from] Grassy Terrain\n|-damage|p1a: Rillaboom|86/100|[from] move: Whirlpool|[partiallytrapped]\n|upkeep\n|turn|2\n|\n|t:|1782435683\n|move|p2a: Celadon|Protect|p2a: Celadon\n|-singleturn|p2a: Celadon|Protect\n|move|p1a: Rillaboom|Grassy Glide|p2a: Celadon\n|-activate|p2a: Celadon|move: Protect\n|\n|-heal|p1a: Rillaboom|92/100|[from] Grassy Terrain\n|-damage|p1a: Rillaboom|79/100|[from] move: Whirlpool|[partiallytrapped]\n|upkeep\n|turn|3\n|\n|t:|1782435690\n|switch|p2a: Weezing|Weezing, F|100/100\n|-ability|p2a: Weezing|Neutralizing Gas\n|move|p1a: Rillaboom|Grassy Glide|p2a: Weezing\n|-resisted|p2a: Weezing\n|-damage|p2a: Weezing|84/100\n|\n|-heal|p1a: Rillaboom|86/100|[from] Grassy Terrain\n|-heal|p2a: Weezing|90/100|[from] Grassy Terrain\n|-end|p1a: Rillaboom|Whirlpool|[partiallytrapped]|[silent]\n|upkeep\n|turn|4\n|\n|t:|1782435698\n|switch|p1a: Gliscor|Gliscor, F|100/100\n|move|p2a: Weezing|Will-O-Wisp|p1a: Gliscor\n|-status|p1a: Gliscor|brn\n|\n|-heal|p2a: Weezing|96/100|[from] Grassy Terrain\n|-damage|p1a: Gliscor|94/100 brn|[from] brn\n|upkeep\n|turn|5\n|\n|t:|1782435706\n|move|p1a: Gliscor|Stealth Rock|p2a: Weezing\n|-sidestart|p2: Kanto's Finest|move: Stealth Rock\n|move|p2a: Weezing|Taunt|p1a: Gliscor\n|-start|p1a: Gliscor|move: Taunt\n|\n|-heal|p2a: Weezing|100/100|[from] Grassy Terrain\n|-damage|p1a: Gliscor|88/100 brn|[from] brn\n|-fieldend|move: Grassy Terrain\n|upkeep\n|turn|6\n|c|☆dreamteachervr|Wow\n|c|☆dreamteachervr|Well played\n|c|☆dreamteachervr|Screw you\n|c|☆dreamteachervr|But well played\n|inactive|dreamteachervr has 120 seconds left.\n|\n|t:|1782435737\n|-end|p2a: Weezing|ability: Neutralizing Gas\n|switch|p2a: Hitmonlee|Hitmonlee, M|100/100\n|-damage|p2a: Hitmonlee|94/100|[from] Stealth Rock\n|move|p1a: Gliscor|Knock Off|p2a: Hitmonlee\n|-resisted|p2a: Hitmonlee\n|-damage|p2a: Hitmonlee|84/100\n|-enditem|p2a: Hitmonlee|Normal Gem|[from] move: Knock Off|[of] p1a: Gliscor\n|\n|-damage|p1a: Gliscor|82/100 brn|[from] brn\n|upkeep\n|turn|7\n|inactive|dreamteachervr has 120 seconds left.\n|\n|t:|1782435752\n|switch|p1a: Alomomola|Alomomola, F|100/100\n|move|p2a: Hitmonlee|Rapid Spin|p1a: Alomomola\n|-damage|p1a: Alomomola|92/100\n|-boost|p2a: Hitmonlee|spe|1\n|-sideend|p2: Kanto's Finest|Stealth Rock|[from] move: Rapid Spin|[of] p2a: Hitmonlee\n|\n|upkeep\n|turn|8\n|\n|t:|1782435758\n|move|p2a: Hitmonlee|Knock Off|p1a: Alomomola\n|-damage|p1a: Alomomola|72/100\n|-enditem|p1a: Alomomola|Heavy-Duty Boots|[from] move: Knock Off|[of] p2a: Hitmonlee\n|move|p1a: Alomomola|Scald|p2a: Hitmonlee\n|-damage|p2a: Hitmonlee|69/100\n|\n|upkeep\n|turn|9\n|\n|t:|1782435765\n|switch|p2a: Celadon|Vaporeon, M|100/100\n|move|p1a: Alomomola|Wish|p1a: Alomomola\n|\n|upkeep\n|turn|10\n|\n|t:|1782435769\n|move|p2a: Celadon|Whirlpool|p1a: Alomomola|[miss]\n|-miss|p2a: Celadon|p1a: Alomomola\n|move|p1a: Alomomola|Flip Turn|p2a: Celadon\n|-immune|p2a: Celadon|[from] ability: Water Absorb\n|\n|-heal|p1a: Alomomola|100/100|[from] move: Wish|[wisher] Alomomola\n|upkeep\n|turn|11\n|\n|t:|1782435782\n|switch|p1a: Rillaboom|Rillaboom, M|86/100\n|-fieldstart|move: Grassy Terrain|[from] ability: Grassy Surge|[of] p1a: Rillaboom\n|move|p2a: Celadon|Copycat|p2a: Celadon\n|move|p2a: Celadon|Flip Turn|p1a: Rillaboom|[from] move: Copycat\n|-resisted|p1a: Rillaboom\n|-damage|p1a: Rillaboom|78/100\n|\n|t:|1782435791\n|switch|p2a: Weezing|Weezing, F|100/100|[from] Flip Turn\n|-ability|p2a: Weezing|Neutralizing Gas\n|\n|-heal|p1a: Rillaboom|84/100|[from] Grassy Terrain\n|upkeep\n|turn|12\n|\n|t:|1782435798\n|move|p1a: Rillaboom|U-turn|p2a: Weezing\n|-resisted|p2a: Weezing\n|-damage|p2a: Weezing|89/100\n|\n|t:|1782435802\n|switch|p1a: Ting-Lu|Ting-Lu|100/100|[from] U-turn\n|move|p2a: Weezing|Flamethrower|p1a: Ting-Lu\n|-damage|p1a: Ting-Lu|87/100\n|\n|-heal|p2a: Weezing|95/100|[from] Grassy Terrain\n|-heal|p1a: Ting-Lu|93/100|[from] Grassy Terrain\n|-heal|p1a: Ting-Lu|99/100|[from] item: Leftovers\n|upkeep\n|turn|13\n|\n|t:|1782435809\n|move|p2a: Weezing|Will-O-Wisp|p1a: Ting-Lu\n|-status|p1a: Ting-Lu|brn\n|move|p1a: Ting-Lu|Spikes|p2a: Weezing\n|-sidestart|p2: Kanto's Finest|Spikes\n|\n|-heal|p2a: Weezing|100/100|[from] Grassy Terrain\n|-heal|p1a: Ting-Lu|100/100 brn|[from] Grassy Terrain\n|-damage|p1a: Ting-Lu|94/100 brn|[from] brn\n|upkeep\n|turn|14\n|\n|t:|1782435815\n|move|p2a: Weezing|Taunt|p1a: Ting-Lu\n|-start|p1a: Ting-Lu|move: Taunt\n|cant|p1a: Ting-Lu|move: Taunt|Spikes\n|\n|-heal|p1a: Ting-Lu|100/100 brn|[from] Grassy Terrain\n|-damage|p1a: Ting-Lu|94/100 brn|[from] brn\n|upkeep\n|turn|15\n|\n|t:|1782435823\n|-end|p2a: Weezing|ability: Neutralizing Gas\n|-ability|p1a: Ting-Lu|Vessel of Ruin\n|switch|p2a: Hitmonlee|Hitmonlee, M|69/100\n|-damage|p2a: Hitmonlee|56/100|[from] Spikes\n|move|p1a: Ting-Lu|Ruination|p2a: Hitmonlee\n|-damage|p2a: Hitmonlee|28/100\n|\n|-heal|p2a: Hitmonlee|35/100|[from] Grassy Terrain\n|-heal|p1a: Ting-Lu|100/100 brn|[from] Grassy Terrain\n|-damage|p1a: Ting-Lu|94/100 brn|[from] brn\n|-fieldend|move: Grassy Terrain\n|upkeep\n|turn|16\n|\n|t:|1782435833\n|switch|p1a: Gholdengo|Gholdengo|100/100\n|-item|p1a: Gholdengo|Air Balloon\n|move|p2a: Hitmonlee|Rapid Spin|p1a: Gholdengo\n|-immune|p1a: Gholdengo\n|\n|upkeep\n|turn|17\n|\n|t:|1782435847\n|switch|p1a: Alomomola|Alomomola, F|100/100\n|move|p2a: Hitmonlee|Knock Off|p1a: Alomomola\n|-damage|p1a: Alomomola|87/100\n|\n|upkeep\n|turn|18\n|\n|t:|1782435857\n|move|p1a: Alomomola|Protect|p1a: Alomomola\n|-singleturn|p1a: Alomomola|Protect\n|move|p2a: Hitmonlee|Rapid Spin|p1a: Alomomola\n|-activate|p1a: Alomomola|move: Protect\n|\n|upkeep\n|turn|19\n|\n|t:|1782435865\n|move|p2a: Hitmonlee|Rapid Spin|p1a: Alomomola\n|-damage|p1a: Alomomola|77/100\n|-boost|p2a: Hitmonlee|spe|1\n|-sideend|p2: Kanto's Finest|Spikes|[from] move: Rapid Spin|[of] p2a: Hitmonlee\n|move|p1a: Alomomola|Scald|p2a: Hitmonlee\n|-damage|p2a: Hitmonlee|20/100\n|\n|upkeep\n|turn|20\n|\n|t:|1782435873\n|switch|p2a: Celadon|Vaporeon, M|100/100\n|move|p1a: Alomomola|Wish|p1a: Alomomola\n|\n|upkeep\n|turn|21\n|\n|t:|1782435879\n|switch|p1a: Gliscor|Gliscor, F|82/100 brn\n|move|p2a: Celadon|Wish|p2a: Celadon\n|\n|-heal|p1a: Gliscor|100/100 brn|[from] move: Wish|[wisher] Alomomola\n|-damage|p1a: Gliscor|94/100 brn|[from] brn\n|upkeep\n|turn|22\n|\n|t:|1782435888\n|switch|p2a: Hitmonlee|Hitmonlee, M|20/100\n|move|p1a: Gliscor|Stealth Rock|p2a: Hitmonlee\n|-sidestart|p2: Kanto's Finest|move: Stealth Rock\n|\n|-heal|p2a: Hitmonlee|95/100|[from] move: Wish|[wisher] Celadon\n|-damage|p1a: Gliscor|88/100 brn|[from] brn\n|upkeep\n|turn|23\n|\n|t:|1782435895\n|move|p1a: Gliscor|Protect|p1a: Gliscor\n|-singleturn|p1a: Gliscor|Protect\n|move|p2a: Hitmonlee|Rapid Spin|p1a: Gliscor\n|-activate|p1a: Gliscor|move: Protect\n|\n|-damage|p1a: Gliscor|82/100 brn|[from] brn\n|upkeep\n|turn|24\n|\n|t:|1782435908\n|switch|p1a: Alomomola|Alomomola, F|100/100\n|move|p2a: Hitmonlee|Rapid Spin|p1a: Alomomola\n|-damage|p1a: Alomomola|90/100\n|-boost|p2a: Hitmonlee|spe|1\n|-sideend|p2: Kanto's Finest|Stealth Rock|[from] move: Rapid Spin|[of] p2a: Hitmonlee\n|\n|upkeep\n|turn|25\n|\n|t:|1782435913\n|switch|p2a: Diglett Cave|Dugtrio, M|100/100\n|switch|p1a: Rillaboom|Rillaboom, M|84/100\n|-fieldstart|move: Grassy Terrain|[from] ability: Grassy Surge|[of] p1a: Rillaboom\n|\n|-heal|p1a: Rillaboom|91/100|[from] Grassy Terrain\n|upkeep\n|turn|26\n|\n|t:|1782435918\n|move|p1a: Rillaboom|Grassy Glide|p2a: Diglett Cave\n|-supereffective|p2a: Diglett Cave\n|-enditem|p2a: Diglett Cave|Focus Sash\n|-damage|p2a: Diglett Cave|1/100\n|move|p2a: Diglett Cave|Stealth Rock|p1a: Rillaboom\n|-sidestart|p1: dreamteachervr|move: Stealth Rock\n|\n|-heal|p2a: Diglett Cave|7/100|[from] Grassy Terrain\n|-heal|p1a: Rillaboom|97/100|[from] Grassy Terrain\n|upkeep\n|turn|27\n|\n|t:|1782435928\n|switch|p2a: Weezing|Weezing, F|100/100\n|-ability|p2a: Weezing|Neutralizing Gas\n|move|p1a: Rillaboom|Grassy Glide|p2a: Weezing\n|-resisted|p2a: Weezing\n|-damage|p2a: Weezing|83/100\n|\n|-heal|p1a: Rillaboom|100/100|[from] Grassy Terrain\n|-heal|p2a: Weezing|89/100|[from] Grassy Terrain\n|upkeep\n|turn|28\n|\n|t:|1782435936\n|switch|p1a: Ting-Lu|Ting-Lu|94/100 brn\n|-damage|p1a: Ting-Lu|88/100 brn|[from] Stealth Rock\n|move|p2a: Weezing|Taunt|p1a: Ting-Lu\n|-start|p1a: Ting-Lu|move: Taunt\n|\n|-heal|p2a: Weezing|95/100|[from] Grassy Terrain\n|-heal|p1a: Ting-Lu|94/100 brn|[from] Grassy Terrain\n|-heal|p1a: Ting-Lu|100/100 brn|[from] item: Leftovers\n|-damage|p1a: Ting-Lu|94/100 brn|[from] brn\n|upkeep\n|turn|29\n|\n|t:|1782435942\n|-end|p2a: Weezing|ability: Neutralizing Gas\n|-ability|p1a: Ting-Lu|Vessel of Ruin\n|switch|p2a: Celadon|Vaporeon, M|100/100\n|move|p1a: Ting-Lu|Ruination|p2a: Celadon\n|-damage|p2a: Celadon|51/100\n|\n|-heal|p2a: Celadon|57/100|[from] Grassy Terrain\n|-heal|p1a: Ting-Lu|100/100 brn|[from] Grassy Terrain\n|-damage|p1a: Ting-Lu|94/100 brn|[from] brn\n|-fieldend|move: Grassy Terrain\n|upkeep\n|turn|30\n|\n|t:|1782435957\n|move|p2a: Celadon|Whirlpool|p1a: Ting-Lu\n|-supereffective|p1a: Ting-Lu\n|-damage|p1a: Ting-Lu|79/100 brn\n|-activate|p1a: Ting-Lu|move: Whirlpool|[of] p2a: Celadon\n|move|p1a: Ting-Lu|Ruination|p2a: Celadon\n|-damage|p2a: Celadon|29/100\n|\n|-heal|p1a: Ting-Lu|85/100 brn|[from] item: Leftovers\n|-damage|p1a: Ting-Lu|79/100 brn|[from] brn\n|-damage|p1a: Ting-Lu|66/100 brn|[from] move: Whirlpool|[partiallytrapped]\n|-end|p1a: Ting-Lu|move: Taunt\n|upkeep\n|turn|31\n|\n|t:|1782435969\n|move|p2a: Celadon|Protect|p2a: Celadon\n|-singleturn|p2a: Celadon|Protect\n|move|p1a: Ting-Lu|Spikes|p2a: Celadon\n|-sidestart|p2: Kanto's Finest|Spikes\n|\n|-heal|p1a: Ting-Lu|72/100 brn|[from] item: Leftovers\n|-damage|p1a: Ting-Lu|66/100 brn|[from] brn\n|-damage|p1a: Ting-Lu|54/100 brn|[from] move: Whirlpool|[partiallytrapped]\n|upkeep\n|turn|32\n|\n|t:|1782435980\n|move|p2a: Celadon|Copycat|p2a: Celadon\n|move|p2a: Celadon|Spikes|p1a: Ting-Lu|[from] move: Copycat\n|-sidestart|p1: dreamteachervr|Spikes\n|move|p1a: Ting-Lu|Whirlwind|p2a: Celadon\n|drag|p2a: Weezing|Weezing, F|95/100\n|-ability|p2a: Weezing|Neutralizing Gas\n|-damage|p2a: Weezing|83/100|[from] Spikes\n|\n|-heal|p1a: Ting-Lu|60/100 brn|[from] item: Leftovers\n|-damage|p1a: Ting-Lu|54/100 brn|[from] brn\n|-end|p1a: Ting-Lu|Whirlpool|[partiallytrapped]|[silent]\n|upkeep\n|turn|33\n|\n|t:|1782435995\n|move|p2a: Weezing|Taunt|p1a: Ting-Lu\n|-start|p1a: Ting-Lu|move: Taunt\n|move|p1a: Ting-Lu|Ruination|p2a: Weezing\n|-damage|p2a: Weezing|42/100\n|\n|-heal|p1a: Ting-Lu|60/100 brn|[from] item: Leftovers\n|-damage|p1a: Ting-Lu|54/100 brn|[from] brn\n|upkeep\n|turn|34\n|\n|t:|1782436010\n|move|p2a: Weezing|Flamethrower|p1a: Ting-Lu\n|-damage|p1a: Ting-Lu|39/100 brn\n|move|p1a: Ting-Lu|Body Press|p2a: Weezing\n|-resisted|p2a: Weezing\n|-damage|p2a: Weezing|37/100\n|\n|-heal|p1a: Ting-Lu|45/100 brn|[from] item: Leftovers\n|-damage|p1a: Ting-Lu|39/100 brn|[from] brn\n|upkeep\n|turn|35\n|\n|t:|1782436018\n|switch|p1a: Gliscor|Gliscor, F|82/100 brn\n|-damage|p1a: Gliscor|69/100 brn|[from] Stealth Rock\n|move|p2a: Weezing|Flamethrower|p1a: Gliscor\n|-damage|p1a: Gliscor|47/100 brn\n|\n|-damage|p1a: Gliscor|40/100 brn|[from] brn\n|upkeep\n|turn|36\n|\n|t:|1782436032\n|-end|p2a: Weezing|ability: Neutralizing Gas\n|switch|p2a: Hitmonlee|Hitmonlee, M|95/100\n|-damage|p2a: Hitmonlee|83/100|[from] Spikes\n|move|p1a: Gliscor|Stealth Rock|p2a: Hitmonlee\n|-sidestart|p2: Kanto's Finest|move: Stealth Rock\n|\n|-damage|p1a: Gliscor|34/100 brn|[from] brn\n|upkeep\n|turn|37\n|\n|t:|1782436040\n|switch|p1a: Gholdengo|Gholdengo|100/100\n|-damage|p1a: Gholdengo|94/100|[from] Stealth Rock\n|-item|p1a: Gholdengo|Air Balloon\n|move|p2a: Hitmonlee|Rapid Spin|p1a: Gholdengo\n|-immune|p1a: Gholdengo\n|\n|upkeep\n|turn|38\n|\n|t:|1782436050\n|-terastallize|p2a: Hitmonlee|Dark\n|move|p1a: Gholdengo|Make It Rain|p2a: Hitmonlee\n|-damage|p2a: Hitmonlee|29/100\n|-unboost|p1a: Gholdengo|spa|1\n|move|p2a: Hitmonlee|Knock Off|p1a: Gholdengo\n|-supereffective|p1a: Gholdengo\n|-damage|p1a: Gholdengo|0 fnt\n|-enditem|p1a: Gholdengo|Air Balloon\n|faint|p1a: Gholdengo\n|\n|upkeep\n|\n|t:|1782436067\n|switch|p1a: Raging Bolt|Raging Bolt|100/100\n|-damage|p1a: Raging Bolt|88/100|[from] Stealth Rock\n|-damage|p1a: Raging Bolt|76/100|[from] Spikes\n|turn|39\n|\n|t:|1782436071\n|move|p1a: Raging Bolt|Thunderclap|p2a: Hitmonlee\n|-damage|p2a: Hitmonlee|0 fnt\n|faint|p2a: Hitmonlee\n|\n|upkeep\n|\n|t:|1782436078\n|switch|p2a: Safari Zone|Dragonite, M|100/100\n|-damage|p2a: Safari Zone|75/100|[from] Stealth Rock\n|turn|40\n|\n|t:|1782436094\n|-end|p1a: Raging Bolt|Protosynthesis|[silent]\n|switch|p1a: Gliscor|Gliscor, F|34/100 brn\n|-damage|p1a: Gliscor|22/100 brn|[from] Stealth Rock\n|move|p2a: Safari Zone|Encore||[still]\n|-fail|p2a: Safari Zone\n|\n|-damage|p1a: Gliscor|15/100 brn|[from] brn\n|upkeep\n|turn|41\n|\n|t:|1782436108\n|move|p1a: Gliscor|Knock Off|p2a: Safari Zone\n|-damage|p2a: Safari Zone|65/100\n|-enditem|p2a: Safari Zone|Loaded Dice|[from] move: Knock Off|[of] p1a: Gliscor\n|move|p2a: Safari Zone|Scale Shot|p1a: Gliscor\n|-damage|p1a: Gliscor|3/100 brn\n|-damage|p1a: Gliscor|0 fnt\n|faint|p1a: Gliscor\n|-hitcount|p1: Gliscor|2\n|-unboost|p2a: Safari Zone|def|1\n|-boost|p2a: Safari Zone|spe|1\n|\n|upkeep\n|inactive|dreamteachervr has 120 seconds left.\n|\n|t:|1782436143\n|switch|p1a: Ting-Lu|Ting-Lu|39/100 brn\n|-damage|p1a: Ting-Lu|33/100 brn|[from] Stealth Rock\n|-damage|p1a: Ting-Lu|20/100 brn|[from] Spikes\n|-ability|p1a: Ting-Lu|Vessel of Ruin\n|turn|42\n|\n|t:|1782436147\n|move|p2a: Safari Zone|Scale Shot|p1a: Ting-Lu\n|-damage|p1a: Ting-Lu|14/100 brn\n|-damage|p1a: Ting-Lu|8/100 brn\n|-damage|p1a: Ting-Lu|1/100 brn\n|-hitcount|p1a: Ting-Lu|3\n|-unboost|p2a: Safari Zone|def|1\n|-boost|p2a: Safari Zone|spe|1\n|move|p1a: Ting-Lu|Whirlwind|p2a: Safari Zone\n|drag|p2a: Weezing|Weezing, F|37/100\n|-ability|p2a: Weezing|Neutralizing Gas\n|-damage|p2a: Weezing|25/100|[from] Spikes\n|-damage|p2a: Weezing|13/100|[from] Stealth Rock\n|\n|-heal|p1a: Ting-Lu|7/100 brn|[from] item: Leftovers\n|-damage|p1a: Ting-Lu|1/100 brn|[from] brn\n|upkeep\n|turn|43\n|-enditem|p2a: Weezing|Custap Berry|[eat]\n|-activate|p2a: Weezing|item: Custap Berry|[consumed]\n|\n|t:|1782436160\n|move|p2a: Weezing|Flamethrower|p1a: Ting-Lu\n|-damage|p1a: Ting-Lu|0 fnt\n|faint|p1a: Ting-Lu\n|\n|upkeep\n|inactive|dreamteachervr has 120 seconds left.\n|\n|t:|1782436177\n|switch|p1a: Alomomola|Alomomola, F|100/100\n|-damage|p1a: Alomomola|88/100|[from] Stealth Rock\n|-damage|p1a: Alomomola|76/100|[from] Spikes\n|turn|44\n|inactive|dreamteachervr has 120 seconds left.\n|\n|t:|1782436187\n|move|p1a: Alomomola|Wish|p1a: Alomomola\n|move|p2a: Weezing|Destiny Bond|p2a: Weezing\n|-singlemove|p2a: Weezing|Destiny Bond\n|\n|upkeep\n|turn|45\n|\n|t:|1782436193\n|switch|p1a: Raging Bolt|Raging Bolt|76/100\n|-damage|p1a: Raging Bolt|63/100|[from] Stealth Rock\n|-damage|p1a: Raging Bolt|51/100|[from] Spikes\n|move|p2a: Weezing|Will-O-Wisp|p1a: Raging Bolt\n|-status|p1a: Raging Bolt|brn\n|\n|-heal|p1a: Raging Bolt|100/100 brn|[from] move: Wish|[wisher] Alomomola\n|-damage|p1a: Raging Bolt|94/100 brn|[from] brn\n|upkeep\n|turn|46\n|inactive|dreamteachervr has 120 seconds left.\n|\n|t:|1782436217\n|move|p1a: Raging Bolt|Volt Switch|p2a: Weezing\n|-damage|p2a: Weezing|0 fnt\n|faint|p2a: Weezing\n|-end|p2a: Weezing|ability: Neutralizing Gas\n|\n|t:|1782436236\n|-end|p1a: Raging Bolt|Protosynthesis|[silent]\n|switch|p1a: Rillaboom|Rillaboom, M|100/100|[from] Volt Switch\n|-damage|p1a: Rillaboom|88/100|[from] Stealth Rock\n|-damage|p1a: Rillaboom|76/100|[from] Spikes\n|-fieldstart|move: Grassy Terrain|[from] ability: Grassy Surge|[of] p1a: Rillaboom\n|\n|-heal|p1a: Rillaboom|82/100|[from] Grassy Terrain\n|upkeep\n|\n|t:|1782436262\n|switch|p2a: Diglett Cave|Dugtrio, M|7/100\n|-damage|p2a: Diglett Cave|0 fnt|[from] Spikes\n|faint|p2a: Diglett Cave\n|\n|t:|1782436265\n|switch|p2a: Clefable|Clefable, M|100/100\n|-damage|p2a: Clefable|88/100|[from] Spikes\n|-damage|p2a: Clefable|76/100|[from] Stealth Rock\n|turn|47\n|\n|t:|1782436268\n|move|p1a: Rillaboom|Grassy Glide|p2a: Clefable\n|-damage|p2a: Clefable|24/100\n|move|p2a: Clefable|Moonlight|p2a: Clefable\n|-heal|p2a: Clefable|74/100\n|\n|-heal|p1a: Rillaboom|88/100|[from] Grassy Terrain\n|-heal|p2a: Clefable|80/100|[from] Grassy Terrain\n|upkeep\n|turn|48\n|\n|t:|1782436281\n|move|p1a: Rillaboom|Grassy Glide|p2a: Clefable\n|-damage|p2a: Clefable|33/100\n|move|p2a: Clefable|Cosmic Power|p2a: Clefable\n|-boost|p2a: Clefable|def|1\n|-boost|p2a: Clefable|spd|1\n|\n|-heal|p1a: Rillaboom|94/100|[from] Grassy Terrain\n|-heal|p2a: Clefable|39/100|[from] Grassy Terrain\n|upkeep\n|turn|49\n|\n|t:|1782436287\n|move|p1a: Rillaboom|Grassy Glide|p2a: Clefable\n|-damage|p2a: Clefable|5/100\n|move|p2a: Clefable|Moonlight|p2a: Clefable\n|-heal|p2a: Clefable|55/100\n|\n|-heal|p1a: Rillaboom|100/100|[from] Grassy Terrain\n|-heal|p2a: Clefable|61/100|[from] Grassy Terrain\n|upkeep\n|turn|50\n|\n|t:|1782436293\n|move|p1a: Rillaboom|Grassy Glide|p2a: Clefable\n|-damage|p2a: Clefable|28/100\n|move|p2a: Clefable|Moonlight|p2a: Clefable\n|-heal|p2a: Clefable|78/100\n|\n|-heal|p2a: Clefable|84/100|[from] Grassy Terrain\n|-fieldend|move: Grassy Terrain\n|upkeep\n|turn|51\n|\n|t:|1782436305\n|switch|p1a: Alomomola|Alomomola, F|76/100\n|-damage|p1a: Alomomola|63/100|[from] Stealth Rock\n|-damage|p1a: Alomomola|51/100|[from] Spikes\n|move|p2a: Clefable|Cosmic Power|p2a: Clefable\n|-boost|p2a: Clefable|def|1\n|-boost|p2a: Clefable|spd|1\n|\n|upkeep\n|turn|52\n|\n|t:|1782436309\n|move|p1a: Alomomola|Flip Turn|p2a: Clefable\n|-damage|p2a: Clefable|78/100\n|\n|t:|1782436312\n|switch|p1a: Rillaboom|Rillaboom, M|100/100|[from] Flip Turn\n|-damage|p1a: Rillaboom|88/100|[from] Stealth Rock\n|-damage|p1a: Rillaboom|76/100|[from] Spikes\n|-fieldstart|move: Grassy Terrain|[from] ability: Grassy Surge|[of] p1a: Rillaboom\n|move|p2a: Clefable|Cosmic Power|p2a: Clefable\n|-boost|p2a: Clefable|def|1\n|-boost|p2a: Clefable|spd|1\n|\n|-heal|p1a: Rillaboom|82/100|[from] Grassy Terrain\n|-heal|p2a: Clefable|84/100|[from] Grassy Terrain\n|upkeep\n|turn|53\n|\n|t:|1782436319\n|move|p1a: Rillaboom|Wood Hammer|p2a: Clefable\n|-damage|p2a: Clefable|41/100\n|-damage|p1a: Rillaboom|66/100|[from] Recoil\n|move|p2a: Clefable|Moonlight|p2a: Clefable\n|-heal|p2a: Clefable|91/100\n|\n|-heal|p1a: Rillaboom|72/100|[from] Grassy Terrain\n|-heal|p2a: Clefable|97/100|[from] Grassy Terrain\n|upkeep\n|turn|54\n|\n|t:|1782436327\n|move|p1a: Rillaboom|Wood Hammer|p2a: Clefable\n|-damage|p2a: Clefable|58/100\n|-damage|p1a: Rillaboom|57/100|[from] Recoil\n|move|p2a: Clefable|Cosmic Power|p2a: Clefable\n|-boost|p2a: Clefable|def|1\n|-boost|p2a: Clefable|spd|1\n|\n|-heal|p1a: Rillaboom|63/100|[from] Grassy Terrain\n|-heal|p2a: Clefable|64/100|[from] Grassy Terrain\n|upkeep\n|turn|55\n|\n|t:|1782436333\n|move|p1a: Rillaboom|Wood Hammer|p2a: Clefable\n|-damage|p2a: Clefable|30/100\n|-damage|p1a: Rillaboom|50/100|[from] Recoil\n|move|p2a: Clefable|Moonlight|p2a: Clefable\n|-heal|p2a: Clefable|80/100\n|\n|-heal|p1a: Rillaboom|56/100|[from] Grassy Terrain\n|-heal|p2a: Clefable|86/100|[from] Grassy Terrain\n|upkeep\n|turn|56\n|\n|t:|1782436337\n|move|p1a: Rillaboom|Wood Hammer|p2a: Clefable\n|-damage|p2a: Clefable|53/100\n|-damage|p1a: Rillaboom|43/100|[from] Recoil\n|move|p2a: Clefable|Cosmic Power|p2a: Clefable\n|-boost|p2a: Clefable|def|1\n|-boost|p2a: Clefable|spd|1\n|\n|-heal|p1a: Rillaboom|50/100|[from] Grassy Terrain\n|-heal|p2a: Clefable|59/100|[from] Grassy Terrain\n|-fieldend|move: Grassy Terrain\n|upkeep\n|turn|57\n|\n|t:|1782436340\n|move|p1a: Rillaboom|Wood Hammer|p2a: Clefable\n|-damage|p2a: Clefable|36/100\n|-damage|p1a: Rillaboom|41/100|[from] Recoil\n|move|p2a: Clefable|Moonlight|p2a: Clefable\n|-heal|p2a: Clefable|86/100\n|\n|upkeep\n|turn|58\n|\n|t:|1782436352\n|switch|p1a: Alomomola|Alomomola, F|84/100\n|-damage|p1a: Alomomola|72/100|[from] Stealth Rock\n|-damage|p1a: Alomomola|60/100|[from] Spikes\n|move|p2a: Clefable|Cosmic Power|p2a: Clefable\n|-boost|p2a: Clefable|def|1\n|-boost|p2a: Clefable|spd|1\n|\n|upkeep\n|turn|59\n|\n|t:|1782436359\n|move|p1a: Alomomola|Wish|p1a: Alomomola\n|move|p2a: Clefable|Stored Power|p1a: Alomomola\n|-damage|p1a: Alomomola|0 fnt\n|faint|p1a: Alomomola\n|\n|upkeep\n|\n|t:|1782436363\n|switch|p1a: Rillaboom|Rillaboom, M|41/100\n|-damage|p1a: Rillaboom|29/100|[from] Stealth Rock\n|-damage|p1a: Rillaboom|16/100|[from] Spikes\n|-fieldstart|move: Grassy Terrain|[from] ability: Grassy Surge|[of] p1a: Rillaboom\n|turn|60\n|\n|t:|1782436369\n|move|p1a: Rillaboom|Wood Hammer|p2a: Clefable\n|-damage|p2a: Clefable|60/100\n|-damage|p1a: Rillaboom|6/100|[from] Recoil\n|move|p2a: Clefable|Stored Power|p1a: Rillaboom\n|-damage|p1a: Rillaboom|0 fnt\n|faint|p1a: Rillaboom\n|\n|-heal|p2a: Clefable|66/100|[from] Grassy Terrain\n|upkeep\n|\n|t:|1782436373\n|switch|p1a: Raging Bolt|Raging Bolt|94/100 brn\n|-damage|p1a: Raging Bolt|82/100 brn|[from] Stealth Rock\n|-damage|p1a: Raging Bolt|70/100 brn|[from] Spikes\n|turn|61\n|\n|t:|1782436383\n|move|p1a: Raging Bolt|Volt Switch|p2a: Clefable\n|-damage|p2a: Clefable|57/100\n|move|p2a: Clefable|Stored Power|p1a: Raging Bolt\n|-damage|p1a: Raging Bolt|40/100 brn\n|\n|-heal|p1a: Raging Bolt|46/100 brn|[from] Grassy Terrain\n|-heal|p2a: Clefable|63/100|[from] Grassy Terrain\n|-damage|p1a: Raging Bolt|40/100 brn|[from] brn\n|upkeep\n|turn|62\n|\n|t:|1782436390\n|move|p1a: Raging Bolt|Volt Switch|p2a: Clefable\n|-damage|p2a: Clefable|55/100\n|move|p2a: Clefable|Stored Power|p1a: Raging Bolt\n|-damage|p1a: Raging Bolt|7/100 brn\n|\n|-heal|p1a: Raging Bolt|13/100 brn|[from] Grassy Terrain\n|-heal|p2a: Clefable|61/100|[from] Grassy Terrain\n|-damage|p1a: Raging Bolt|7/100 brn|[from] brn\n|upkeep\n|turn|63\n|\n|t:|1782436393\n|move|p1a: Raging Bolt|Volt Switch|p2a: Clefable\n|-damage|p2a: Clefable|52/100\n|move|p2a: Clefable|Stored Power|p1a: Raging Bolt\n|-damage|p1a: Raging Bolt|0 fnt\n|faint|p1a: Raging Bolt\n|-end|p1a: Raging Bolt|Protosynthesis|[silent]\n|\n|win|Kanto's Finest\n|raw|dreamteachervr's rating: 1263 &rarr; <strong>1238</strong><br />(-25 for losing)\n|raw|Kanto&apos;s Finest's rating: 1262 &rarr; <strong>1287</strong><br />(+25 for winning)\n|l|☆dreamteachervr\n|player|p1|\n|l|☆Kanto's Finest\n|player|p2|\n", "uploadtime": 1782436771, "views": 6, "formatid": "gen9ou", "rating": 1238, "private": 0, "password": null}