{"id": "gen9ou-2540841524", "format": "[Gen 9] OU", "players": ["3idk", "Shockmoth"], "log": "|badge|p2|bronze|gen9ou|100-8\n|uhtml|medal-msg|<div class=\"broadcast-blue\">Curious what those medals under the avatar are? PS now has Ladder Seasons! For more information, check out the <a href=\"https://www.smogon.com/forums/threads/3740067/\">thread on Smogon.</a></div>\n|j|☆3idk\n|j|☆Shockmoth\n|t:|1771259585\n|gametype|singles\n|player|p1|3idk|cynthia-masters|1809\n|player|p2|Shockmoth|wattson|1919\n|gen|9\n|tier|[Gen 9] OU\n|rated|\n|rule|HP Percentage Mod: HP is shown in percentages\n|rule|Endless Battle Clause: Forcing endless battles is banned\n|rule|Species Clause: Limit one of each Pokémon\n|rule|OHKO Clause: OHKO moves are banned\n|rule|Evasion Items Clause: Evasion items are banned\n|rule|Evasion Moves Clause: Evasion moves are banned\n|rule|Evasion Abilities Clause: Evasion abilities are banned\n|rule|Sleep Moves Clause: Sleep-inducing moves are banned\n|clearpoke\n|poke|p1|Pelipper, F|\n|poke|p1|Hatterene, F|\n|poke|p1|Iron Treads|\n|poke|p1|Toxicroak, F|\n|poke|p1|Barraskewda, F|\n|poke|p1|Zapdos|\n|poke|p2|Frosmoth, F|\n|poke|p2|Pincurchin, M|\n|poke|p2|Raichu-Alola, F|\n|poke|p2|Iron Hands|\n|poke|p2|Rotom-Wash|\n|poke|p2|Pawmot, M|\n|teampreview\n|inactive|Battle timer is ON: inactive players will automatically lose when time's up. (requested by Shockmoth)\n|inactive|3idk also wants the timer to be on.\n|c|☆3idk|glhf\n|\n|t:|1771259598\n|teamsize|p1|6\n|teamsize|p2|6\n|start\n|switch|p1a: Pelipper|Pelipper, F|100/100\n|switch|p2a: Surf's Up (2007)|Raichu-Alola, F|100/100\n|-weather|RainDance|[from] ability: Drizzle|[of] p1a: Pelipper\n|turn|1\n|\n|t:|1771259605\n|switch|p1a: Hatterene|Hatterene, F|100/100\n|move|p2a: Surf's Up (2007)|Focus Blast|p1a: Hatterene|[miss]\n|-miss|p2a: Surf's Up (2007)|p1a: Hatterene\n|\n|-weather|RainDance|[upkeep]\n|upkeep\n|turn|2\n|\n|t:|1771259613\n|switch|p2a: William O' Wisp|Rotom-Wash|100/100\n|move|p1a: Hatterene|Psychic Noise|p2a: William O' Wisp\n|-damage|p2a: William O' Wisp|64/100\n|-start|p2a: William O' Wisp|move: Heal Block\n|\n|-weather|RainDance|[upkeep]\n|upkeep\n|turn|3\n|c|☆Shockmoth|U2\n|\n|t:|1771259622\n|move|p2a: William O' Wisp|Light Screen|p2a: William O' Wisp\n|-sidestart|p2: Shockmoth|move: Light Screen\n|move|p1a: Hatterene|Psychic Noise|p2a: William O' Wisp\n|-damage|p2a: William O' Wisp|47/100\n|\n|-weather|RainDance|[upkeep]\n|-end|p2a: William O' Wisp|move: Heal Block\n|upkeep\n|turn|4\n|\n|t:|1771259626\n|move|p2a: William O' Wisp|Reflect|p2a: William O' Wisp\n|-sidestart|p2: Shockmoth|Reflect\n|move|p1a: Hatterene|Psychic Noise|p2a: William O' Wisp\n|-damage|p2a: William O' Wisp|28/100\n|-start|p2a: William O' Wisp|move: Heal Block\n|\n|-weather|RainDance|[upkeep]\n|upkeep\n|turn|5\n|\n|t:|1771259631\n|move|p2a: William O' Wisp|Hydro Pump|p1a: Hatterene|[miss]\n|-miss|p2a: William O' Wisp|p1a: Hatterene\n|move|p1a: Hatterene|Psychic Noise|p2a: William O' Wisp\n|-damage|p2a: William O' Wisp|11/100\n|\n|-weather|RainDance|[upkeep]\n|-end|p2a: William O' Wisp|move: Heal Block\n|upkeep\n|turn|6\n|\n|t:|1771259635\n|move|p2a: William O' Wisp|Hydro Pump|p1a: Hatterene\n|-damage|p1a: Hatterene|18/100\n|-enditem|p1a: Hatterene|Eject Button\n|\n|t:|1771259638\n|switch|p1a: Barraskewda|Barraskewda, F|100/100\n|\n|-weather|RainDance|[upkeep]\n|upkeep\n|turn|7\n|\n|t:|1771259643\n|move|p1a: Barraskewda|Liquidation|p2a: William O' Wisp\n|-resisted|p2a: William O' Wisp\n|-damage|p2a: William O' Wisp|0 fnt\n|faint|p2a: William O' Wisp\n|\n|-weather|RainDance|[upkeep]\n|upkeep\n|\n|t:|1771259644\n|switch|p2a: Iron Deficiency|Iron Hands|100/100\n|turn|8\n|\n|t:|1771259648\n|switch|p1a: Toxicroak|Toxicroak, F|100/100\n|move|p2a: Iron Deficiency|Swords Dance|p2a: Iron Deficiency\n|-boost|p2a: Iron Deficiency|atk|2\n|\n|-weather|none\n|upkeep\n|turn|9\n|\n|t:|1771259657\n|move|p1a: Toxicroak|Encore|p2a: Iron Deficiency\n|-start|p2a: Iron Deficiency|Encore\n|move|p2a: Iron Deficiency|Swords Dance|p2a: Iron Deficiency\n|-boost|p2a: Iron Deficiency|atk|2\n|\n|upkeep\n|turn|10\n|\n|t:|1771259661\n|move|p1a: Toxicroak|Toxic|p2a: Iron Deficiency\n|-status|p2a: Iron Deficiency|tox\n|move|p2a: Iron Deficiency|Swords Dance|p2a: Iron Deficiency\n|-boost|p2a: Iron Deficiency|atk|2\n|\n|-damage|p2a: Iron Deficiency|94/100 tox|[from] psn\n|-sideend|p2: Shockmoth|move: Light Screen\n|upkeep\n|turn|11\n|\n|t:|1771259666\n|switch|p1a: Pelipper|Pelipper, F|100/100\n|-weather|RainDance|[from] ability: Drizzle|[of] p1a: Pelipper\n|move|p2a: Iron Deficiency|Swords Dance|p2a: Iron Deficiency\n|-boost|p2a: Iron Deficiency|atk|0\n|\n|-weather|RainDance|[upkeep]\n|-damage|p2a: Iron Deficiency|82/100 tox|[from] psn\n|-end|p2a: Iron Deficiency|Encore\n|-sideend|p2: Shockmoth|Reflect\n|upkeep\n|turn|12\n|-activate|p2a: Iron Deficiency|item: Quick Claw\n|\n|t:|1771259679\n|switch|p1a: Hatterene|Hatterene, F|18/100\n|move|p2a: Iron Deficiency|Drain Punch|p1a: Hatterene\n|-resisted|p1a: Hatterene\n|-damage|p1a: Hatterene|0 fnt\n|-heal|p2a: Iron Deficiency|88/100 tox|[from] drain|[of] p1a: Hatterene\n|faint|p1a: Hatterene\n|\n|-weather|RainDance|[upkeep]\n|-damage|p2a: Iron Deficiency|70/100 tox|[from] psn\n|upkeep\n|\n|t:|1771259686\n|switch|p1a: Toxicroak|Toxicroak, F|100/100\n|turn|13\n|\n|t:|1771259692\n|-terastallize|p1a: Toxicroak|Ghost\n|move|p1a: Toxicroak|Encore|p2a: Iron Deficiency\n|-start|p2a: Iron Deficiency|Encore\n|move|p2a: Iron Deficiency|Drain Punch|p1a: Toxicroak\n|-immune|p1a: Toxicroak\n|\n|-weather|RainDance|[upkeep]\n|-damage|p2a: Iron Deficiency|46/100 tox|[from] psn\n|upkeep\n|turn|14\n|\n|t:|1771259698\n|-end|p2a: Iron Deficiency|Quark Drive|[silent]\n|switch|p2a: OH YEAH!!! YEAH!!|Pincurchin, M|100/100\n|-fieldstart|move: Electric Terrain|[from] ability: Electric Surge|[of] p2a: OH YEAH!!! YEAH!!\n|move|p1a: Toxicroak|Drain Punch|p2a: OH YEAH!!! YEAH!!\n|-damage|p2a: OH YEAH!!! YEAH!!|69/100\n|\n|-weather|RainDance|[upkeep]\n|upkeep\n|turn|15\n|\n|t:|1771259702\n|switch|p1a: Iron Treads|Iron Treads|100/100\n|-activate|p1a: Iron Treads|ability: Quark Drive\n|-start|p1a: Iron Treads|quarkdrivedef\n|switch|p2a: Surf's Up (2007)|Raichu-Alola, F|100/100\n|\n|-weather|RainDance|[upkeep]\n|upkeep\n|turn|16\n|\n|t:|1771259712\n|-end|p1a: Iron Treads|Quark Drive|[silent]\n|switch|p1a: Zapdos|Zapdos|100/100\n|move|p2a: Surf's Up (2007)|Focus Blast|p1a: Zapdos|[miss]\n|-miss|p2a: Surf's Up (2007)|p1a: Zapdos\n|\n|-weather|RainDance|[upkeep]\n|upkeep\n|turn|17\n|\n|t:|1771259720\n|switch|p2a: Evanescence|Pawmot, M|100/100\n|move|p1a: Zapdos|Weather Ball|p2a: Evanescence\n|-damage|p2a: Evanescence|0 fnt\n|faint|p2a: Evanescence\n|\n|-weather|RainDance|[upkeep]\n|upkeep\n|\n|t:|1771259726\n|switch|p2a: Surf's Up (2007)|Raichu-Alola, F|100/100\n|turn|18\n|\n|t:|1771259729\n|move|p2a: Surf's Up (2007)|Focus Blast|p1a: Zapdos\n|-resisted|p1a: Zapdos\n|-damage|p1a: Zapdos|66/100\n|move|p1a: Zapdos|Weather Ball|p2a: Surf's Up (2007)\n|-damage|p2a: Surf's Up (2007)|0 fnt\n|faint|p2a: Surf's Up (2007)\n|\n|-weather|none\n|upkeep\n|\n|t:|1771259731\n|switch|p2a: Finger Eleven|Frosmoth, F, shiny|100/100\n|turn|19\n|\n|t:|1771259741\n|switch|p1a: Toxicroak|Toxicroak, F, tera:Ghost|100/100\n|-terastallize|p2a: Finger Eleven|Electric\n|move|p2a: Finger Eleven|Tera Blast|p1a: Toxicroak|[anim] Tera Blast Electric\n|-damage|p1a: Toxicroak|33/100\n|\n|upkeep\n|turn|20\n|\n|t:|1771259745\n|move|p2a: Finger Eleven|Tera Blast|p1a: Toxicroak|[anim] Tera Blast Electric\n|-damage|p1a: Toxicroak|0 fnt\n|faint|p1a: Toxicroak\n|\n|upkeep\n|\n|t:|1771259750\n|switch|p1a: Barraskewda|Barraskewda, F|100/100\n|turn|21\n|\n|t:|1771259754\n|switch|p2a: OH YEAH!!! YEAH!!|Pincurchin, M|69/100\n|move|p1a: Barraskewda|Flip Turn|p2a: OH YEAH!!! YEAH!!\n|-damage|p2a: OH YEAH!!! YEAH!!|11/100\n|\n|t:|1771259758\n|switch|p1a: Pelipper|Pelipper, F|100/100|[from] Flip Turn\n|-weather|RainDance|[from] ability: Drizzle|[of] p1a: Pelipper\n|\n|-weather|RainDance|[upkeep]\n|-fieldend|move: Electric Terrain\n|upkeep\n|turn|22\n|inactive|Shockmoth has 120 seconds left.\n|c|☆Shockmoth|Ggwp\n|\n|t:|1771259797\n|switch|p2a: Iron Deficiency|Iron Hands|46/100 tox\n|move|p1a: Pelipper|U-turn|p2a: Iron Deficiency\n|-resisted|p2a: Iron Deficiency\n|-damage|p2a: Iron Deficiency|43/100 tox\n|inactive|3idk has 120 seconds left.\n|\n|t:|1771259828\n|switch|p1a: Barraskewda|Barraskewda, F|100/100|[from] U-turn\n|\n|-weather|RainDance|[upkeep]\n|-damage|p2a: Iron Deficiency|37/100 tox|[from] psn\n|upkeep\n|turn|23\n|\n|t:|1771259837\n|switch|p1a: Iron Treads|Iron Treads|100/100\n|-end|p2a: Iron Deficiency|Quark Drive|[silent]\n|switch|p2a: OH YEAH!!! YEAH!!|Pincurchin, M|11/100\n|-fieldstart|move: Electric Terrain|[from] ability: Electric Surge|[of] p2a: OH YEAH!!! YEAH!!\n|-activate|p1a: Iron Treads|ability: Quark Drive\n|-start|p1a: Iron Treads|quarkdrivedef\n|\n|-weather|RainDance|[upkeep]\n|upkeep\n|turn|24\n|\n|t:|1771259856\n|move|p1a: Iron Treads|Earthquake|p2a: OH YEAH!!! YEAH!!\n|-supereffective|p2a: OH YEAH!!! YEAH!!\n|-damage|p2a: OH YEAH!!! YEAH!!|0 fnt\n|faint|p2a: OH YEAH!!! YEAH!!\n|\n|-weather|RainDance|[upkeep]\n|upkeep\n|\n|t:|1771259858\n|switch|p2a: Iron Deficiency|Iron Hands|37/100 tox\n|-activate|p2a: Iron Deficiency|ability: Quark Drive\n|-start|p2a: Iron Deficiency|quarkdriveatk\n|turn|25\n|\n|t:|1771259861\n|move|p1a: Iron Treads|Earthquake|p2a: Iron Deficiency\n|-supereffective|p2a: Iron Deficiency\n|-damage|p2a: Iron Deficiency|0 fnt\n|faint|p2a: Iron Deficiency\n|-end|p2a: Iron Deficiency|Quark Drive|[silent]\n|\n|-weather|RainDance|[upkeep]\n|upkeep\n|\n|t:|1771259862\n|switch|p2a: Finger Eleven|Frosmoth, F, shiny, tera:Electric|100/100\n|turn|26\n|\n|t:|1771259866\n|move|p2a: Finger Eleven|Ice Beam|p1a: Iron Treads\n|-damage|p1a: Iron Treads|69/100\n|move|p1a: Iron Treads|Earthquake|p2a: Finger Eleven\n|-supereffective|p2a: Finger Eleven\n|-damage|p2a: Finger Eleven|0 fnt\n|faint|p2a: Finger Eleven\n|\n|win|3idk\n|raw|3idk's rating: 1809 &rarr; <strong>1835</strong><br />(+26 for winning)\n|raw|Shockmoth's rating: 1919 &rarr; <strong>1893</strong><br />(-26 for losing)\n|l|☆Shockmoth\n|player|p2|\n|l|☆3idk\n|player|p1|\n", "uploadtime": 1771259878, "views": 5, "formatid": "gen9ou", "rating": 1835, "private": 0, "password": null}