{"id": "gen9ou-2647790772", "format": "[Gen 9] OU", "players": ["Mandandu", "mechamakachino"], "log": "|j|☆Mandandu\n|j|☆mechamakachino\n|t:|1783813175\n|gametype|singles\n|player|p1|Mandandu|2|1567\n|player|p2|mechamakachino|2|1630\n|gen|9\n|tier|[Gen 9] OU\n|rated|\n|rule|HP Percentage Mod: HP is shown in percentages\n|rule|Endless Battle Clause: Forcing endless battles is banned\n|rule|Species Clause: Limit one of each Pokémon\n|rule|OHKO Clause: OHKO moves are banned\n|rule|Evasion Items Clause: Evasion items are banned\n|rule|Evasion Moves Clause: Evasion moves are banned\n|rule|Evasion Abilities Clause: Evasion abilities are banned\n|rule|Sleep Moves Clause: Sleep-inducing moves are banned\n|clearpoke\n|poke|p1|Walking Wake|\n|poke|p1|Great Tusk|\n|poke|p1|Ninetales, F|\n|poke|p1|Cresselia, F|\n|poke|p1|Zarude|\n|poke|p1|Ceruledge, M|\n|poke|p2|Darkrai|\n|poke|p2|Garchomp, M|\n|poke|p2|Alomomola, M|\n|poke|p2|Corviknight, M|\n|poke|p2|Weezing-Galar, F|\n|poke|p2|Ogerpon, F|\n|teampreview\n|inactive|Battle timer is ON: inactive players will automatically lose when time's up. (requested by Mandandu)\n|\n|t:|1783813202\n|teamsize|p1|6\n|teamsize|p2|6\n|start\n|switch|p1a: Ninetales|Ninetales, F|100/100\n|switch|p2a: Weezing|Weezing-Galar, F|100/100\n|-ability|p2a: Weezing|Neutralizing Gas\n|turn|1\n|\n|t:|1783813209\n|move|p1a: Ninetales|Will-O-Wisp|p2a: Weezing\n|-status|p2a: Weezing|brn\n|move|p2a: Weezing|Pain Split|p1a: Ninetales\n|-sethp|p1a: Ninetales|99/100|[from] move: Pain Split|[silent]\n|-sethp|p2a: Weezing|100/100 brn|[from] move: Pain Split\n|\n|-damage|p2a: Weezing|94/100 brn|[from] brn\n|upkeep\n|turn|2\n|\n|t:|1783813220\n|move|p1a: Ninetales|Encore|p2a: Weezing\n|-start|p2a: Weezing|Encore\n|move|p2a: Weezing|Pain Split|p1a: Ninetales\n|-sethp|p1a: Ninetales|97/100|[from] move: Pain Split|[silent]\n|-sethp|p2a: Weezing|97/100 brn|[from] move: Pain Split\n|\n|-heal|p2a: Weezing|100/100 brn|[from] item: Leftovers\n|-damage|p2a: Weezing|94/100 brn|[from] brn\n|upkeep\n|turn|3\n|\n|t:|1783813233\n|move|p1a: Ninetales|Will-O-Wisp|p2a: Weezing\n|-fail|p2a: Weezing|brn\n|move|p2a: Weezing|Pain Split|p1a: Ninetales\n|-sethp|p1a: Ninetales|95/100|[from] move: Pain Split|[silent]\n|-sethp|p2a: Weezing|96/100 brn|[from] move: Pain Split\n|\n|-heal|p2a: Weezing|100/100 brn|[from] item: Leftovers\n|-damage|p2a: Weezing|94/100 brn|[from] brn\n|upkeep\n|turn|4\n|c|☆Mandandu|k\n|\n|t:|1783813244\n|move|p1a: Ninetales|Will-O-Wisp|p2a: Weezing\n|-fail|p2a: Weezing|brn\n|move|p2a: Weezing|Pain Split|p1a: Ninetales\n|-sethp|p1a: Ninetales|95/100|[from] move: Pain Split|[silent]\n|-sethp|p2a: Weezing|95/100 brn|[from] move: Pain Split\n|\n|-heal|p2a: Weezing|100/100 brn|[from] item: Leftovers\n|-damage|p2a: Weezing|94/100 brn|[from] brn\n|-end|p2a: Weezing|Encore\n|upkeep\n|turn|5\n|c|☆mechamakachino|I mean\n|c|☆mechamakachino|you're overheat\n|\n|t:|1783813257\n|move|p1a: Ninetales|Encore|p2a: Weezing\n|-start|p2a: Weezing|Encore\n|move|p2a: Weezing|Pain Split|p1a: Ninetales\n|-sethp|p1a: Ninetales|94/100|[from] move: Pain Split|[silent]\n|-sethp|p2a: Weezing|95/100 brn|[from] move: Pain Split\n|\n|-heal|p2a: Weezing|100/100 brn|[from] item: Leftovers\n|-damage|p2a: Weezing|94/100 brn|[from] brn\n|upkeep\n|turn|6\n|\n|t:|1783813267\n|move|p1a: Ninetales|Will-O-Wisp|p2a: Weezing|[miss]\n|-miss|p1a: Ninetales|p2a: Weezing\n|move|p2a: Weezing|Pain Split|p1a: Ninetales\n|-sethp|p1a: Ninetales|94/100|[from] move: Pain Split|[silent]\n|-sethp|p2a: Weezing|94/100 brn|[from] move: Pain Split\n|\n|-heal|p2a: Weezing|100/100 brn|[from] item: Leftovers\n|-damage|p2a: Weezing|94/100 brn|[from] brn\n|upkeep\n|turn|7\n|\n|t:|1783813292\n|switch|p1a: Cresselia|Cresselia, F|100/100\n|move|p2a: Weezing|Pain Split|p1a: Cresselia\n|-sethp|p1a: Cresselia|86/100|[from] move: Pain Split|[silent]\n|-sethp|p2a: Weezing|100/100 brn|[from] move: Pain Split\n|\n|-damage|p2a: Weezing|94/100 brn|[from] brn\n|-end|p2a: Weezing|Encore\n|upkeep\n|turn|8\n|\n|t:|1783813296\n|move|p1a: Cresselia|Thunder Wave||[still]\n|-fail|p1a: Cresselia\n|move|p2a: Weezing|Sludge Bomb|p1a: Cresselia\n|-damage|p1a: Cresselia|71/100\n|-status|p1a: Cresselia|psn\n|-enditem|p1a: Cresselia|Eject Button\n|\n|t:|1783813315\n|switch|p1a: Great Tusk|Great Tusk|100/100\n|\n|-heal|p2a: Weezing|100/100 brn|[from] item: Leftovers\n|-damage|p2a: Weezing|94/100 brn|[from] brn\n|upkeep\n|turn|9\n|\n|t:|1783813328\n|move|p1a: Great Tusk|Headlong Rush|p2a: Weezing\n|-supereffective|p2a: Weezing\n|-damage|p2a: Weezing|6/100 brn\n|-unboost|p1a: Great Tusk|def|1\n|-unboost|p1a: Great Tusk|spd|1\n|move|p2a: Weezing|Will-O-Wisp|p1a: Great Tusk\n|-status|p1a: Great Tusk|brn\n|\n|-heal|p2a: Weezing|12/100 brn|[from] item: Leftovers\n|-damage|p1a: Great Tusk|94/100 brn|[from] brn\n|-damage|p2a: Weezing|6/100 brn|[from] brn\n|upkeep\n|turn|10\n|\n|t:|1783813342\n|move|p1a: Great Tusk|Close Combat|p2a: Weezing\n|-resisted|p2a: Weezing\n|-damage|p2a: Weezing|0 fnt\n|-unboost|p1a: Great Tusk|def|1\n|-unboost|p1a: Great Tusk|spd|1\n|faint|p2a: Weezing\n|-end|p2a: Weezing|ability: Neutralizing Gas\n|\n|-damage|p1a: Great Tusk|88/100 brn|[from] brn\n|upkeep\n|\n|t:|1783813348\n|switch|p2a: Ogerpon|Ogerpon, F|100/100\n|turn|11\n|\n|t:|1783813356\n|-end|p1a: Great Tusk|Protosynthesis|[silent]\n|switch|p1a: Ninetales|Ninetales, F|94/100\n|-weather|SunnyDay|[from] ability: Drought|[of] p1a: Ninetales\n|move|p2a: Ogerpon|Swords Dance|p2a: Ogerpon\n|-boost|p2a: Ogerpon|atk|2\n|\n|-weather|SunnyDay|[upkeep]\n|upkeep\n|turn|12\n|j| nesnot\n|\n|t:|1783813362\n|move|p2a: Ogerpon|Knock Off|p1a: Ninetales\n|-damage|p1a: Ninetales|7/100\n|-enditem|p1a: Ninetales|Heat Rock|[from] move: Knock Off|[of] p2a: Ogerpon\n|move|p1a: Ninetales|Overheat|p2a: Ogerpon\n|-supereffective|p2a: Ogerpon\n|-damage|p2a: Ogerpon|0 fnt\n|-unboost|p1a: Ninetales|spa|2\n|faint|p2a: Ogerpon\n|\n|-weather|SunnyDay|[upkeep]\n|upkeep\n|\n|t:|1783813370\n|switch|p2a: Alomomola|Alomomola, M|100/100\n|turn|13\n|\n|t:|1783813379\n|move|p1a: Ninetales|Healing Wish|p1a: Ninetales\n|faint|p1a: Ninetales\n|move|p2a: Alomomola|Flip Turn|p1: Ninetales|[notarget]\n|-fail|p2a: Alomomola\n|\n|-weather|SunnyDay|[upkeep]\n|upkeep\n|l| nesnot\n|\n|t:|1783813396\n|switch|p1a: Zarude|Zarude|100/100\n|turn|14\n|\n|t:|1783813401\n|switch|p2a: Corviknight|Corviknight, M|100/100\n|-ability|p2a: Corviknight|Pressure\n|move|p1a: Zarude|Swords Dance|p1a: Zarude\n|-boost|p1a: Zarude|atk|2\n|\n|-weather|SunnyDay|[upkeep]\n|upkeep\n|turn|15\n|\n|t:|1783813414\n|switch|p1a: Walking Wake|Walking Wake|100/100\n|-activate|p1a: Walking Wake|ability: Protosynthesis\n|-start|p1a: Walking Wake|protosynthesisspe\n|move|p2a: Corviknight|Brave Bird|p1a: Walking Wake\n|-damage|p1a: Walking Wake|64/100\n|-damage|p2a: Corviknight|90/100|[from] Recoil\n|\n|-weather|SunnyDay|[upkeep]\n|-heal|p2a: Corviknight|96/100|[from] item: Leftovers\n|upkeep\n|turn|16\n|j| nesnot\n|\n|t:|1783813421\n|move|p1a: Walking Wake|Flip Turn|p2a: Corviknight\n|-damage|p2a: Corviknight|89/100\n|\n|t:|1783813432\n|-end|p1a: Walking Wake|Protosynthesis|[silent]\n|switch|p1a: Ceruledge|Ceruledge, M|100/100|[from] Flip Turn\n|move|p2a: Corviknight|Roost|p2a: Corviknight\n|-heal|p2a: Corviknight|100/100\n|-singleturn|p2a: Corviknight|move: Roost\n|\n|-weather|SunnyDay|[upkeep]\n|upkeep\n|turn|17\n|\n|t:|1783813438\n|switch|p2a: Garchomp|Garchomp, M|100/100\n|move|p1a: Ceruledge|Swords Dance|p1a: Ceruledge\n|-boost|p1a: Ceruledge|atk|2\n|\n|-weather|SunnyDay|[upkeep]\n|upkeep\n|turn|18\n|\n|t:|1783813458\n|move|p1a: Ceruledge|Swords Dance|p1a: Ceruledge\n|-boost|p1a: Ceruledge|atk|2\n|move|p2a: Garchomp|Dragon Tail|p1a: Ceruledge\n|-damage|p1a: Ceruledge|64/100\n|-ability|p1a: Ceruledge|Weak Armor|boost\n|-unboost|p1a: Ceruledge|def|1\n|-boost|p1a: Ceruledge|spe|2\n|drag|p1a: Walking Wake|Walking Wake|64/100\n|-heal|p1a: Walking Wake|100/100|[from] move: Healing Wish\n|-activate|p1a: Walking Wake|ability: Protosynthesis\n|-start|p1a: Walking Wake|protosynthesisspe\n|\n|-weather|none\n|-end|p1a: Walking Wake|Protosynthesis\n|upkeep\n|turn|19\n|\n|t:|1783813467\n|switch|p2a: Alomomola|Alomomola, M|100/100\n|move|p1a: Walking Wake|Draco Meteor|p2a: Alomomola\n|-damage|p2a: Alomomola|51/100\n|-unboost|p1a: Walking Wake|spa|2\n|\n|upkeep\n|turn|20\n|l| nesnot\n|\n|t:|1783813475\n|-end|p1a: Walking Wake|Protosynthesis|[silent]\n|switch|p1a: Cresselia|Cresselia, F|71/100 psn\n|move|p2a: Alomomola|Flip Turn|p1a: Cresselia\n|-damage|p1a: Cresselia|61/100 psn\n|\n|t:|1783813479\n|switch|p2a: Garchomp|Garchomp, M|100/100|[from] Flip Turn\n|\n|-damage|p1a: Cresselia|48/100 psn|[from] psn\n|upkeep\n|turn|21\n|\n|t:|1783813504\n|switch|p1a: Great Tusk|Great Tusk|88/100 brn\n|move|p2a: Garchomp|Stealth Rock|p1a: Great Tusk\n|-sidestart|p1: Mandandu|move: Stealth Rock\n|\n|-damage|p1a: Great Tusk|82/100 brn|[from] brn\n|upkeep\n|turn|22\n|\n|t:|1783813519\n|move|p1a: Great Tusk|Rapid Spin|p2a: Garchomp\n|-damage|p2a: Garchomp|95/100\n|-boost|p1a: Great Tusk|spe|1\n|-damage|p1a: Great Tusk|69/100 brn|[from] ability: Rough Skin|[of] p2a: Garchomp\n|-damage|p1a: Great Tusk|53/100 brn|[from] item: Rocky Helmet|[of] p2a: Garchomp\n|-sideend|p1: Mandandu|Stealth Rock|[from] move: Rapid Spin|[of] p1a: Great Tusk\n|move|p2a: Garchomp|Earthquake|p1a: Great Tusk\n|-damage|p1a: Great Tusk|21/100 brn\n|\n|-damage|p1a: Great Tusk|14/100 brn|[from] brn\n|upkeep\n|turn|23\n|\n|t:|1783813525\n|-end|p1a: Great Tusk|Protosynthesis|[silent]\n|switch|p1a: Cresselia|Cresselia, F|48/100 psn\n|move|p2a: Garchomp|Stealth Rock|p1a: Cresselia\n|-sidestart|p1: Mandandu|move: Stealth Rock\n|\n|-damage|p1a: Cresselia|36/100 psn|[from] psn\n|upkeep\n|turn|24\n|\n|t:|1783813528\n|move|p2a: Garchomp|Spikes|p1a: Cresselia\n|-sidestart|p1: Mandandu|Spikes\n|move|p1a: Cresselia|Lunar Dance|p1a: Cresselia\n|faint|p1a: Cresselia\n|\n|upkeep\n|\n|t:|1783813535\n|switch|p1a: Great Tusk|Great Tusk|14/100 brn\n|-heal|p1a: Great Tusk|100/100|[from] move: Lunar Dance\n|-damage|p1a: Great Tusk|97/100|[from] Stealth Rock\n|-damage|p1a: Great Tusk|85/100|[from] Spikes\n|turn|25\n|\n|t:|1783813547\n|move|p1a: Great Tusk|Ice Spinner|p2a: Garchomp\n|-supereffective|p2a: Garchomp\n|-damage|p2a: Garchomp|19/100\n|-damage|p1a: Great Tusk|72/100|[from] ability: Rough Skin|[of] p2a: Garchomp\n|-damage|p1a: Great Tusk|56/100|[from] item: Rocky Helmet|[of] p2a: Garchomp\n|move|p2a: Garchomp|Spikes|p1a: Great Tusk\n|-sidestart|p1: Mandandu|Spikes\n|\n|upkeep\n|turn|26\n|\n|t:|1783813558\n|move|p1a: Great Tusk|Rapid Spin|p2a: Garchomp\n|-damage|p2a: Garchomp|6/100\n|-boost|p1a: Great Tusk|spe|1\n|-damage|p1a: Great Tusk|43/100|[from] ability: Rough Skin|[of] p2a: Garchomp\n|-damage|p1a: Great Tusk|27/100|[from] item: Rocky Helmet|[of] p2a: Garchomp\n|-sideend|p1: Mandandu|Spikes|[from] move: Rapid Spin|[of] p1a: Great Tusk\n|-sideend|p1: Mandandu|Stealth Rock|[from] move: Rapid Spin|[of] p1a: Great Tusk\n|move|p2a: Garchomp|Spikes|p1a: Great Tusk\n|-sidestart|p1: Mandandu|Spikes\n|\n|upkeep\n|turn|27\n|\n|t:|1783813574\n|-terastallize|p2a: Garchomp|Ghost\n|move|p1a: Great Tusk|Rapid Spin|p2a: Garchomp\n|-immune|p2a: Garchomp\n|move|p2a: Garchomp|Stealth Rock|p1a: Great Tusk\n|-sidestart|p1: Mandandu|move: Stealth Rock\n|\n|upkeep\n|turn|28\n|\n|t:|1783813583\n|move|p1a: Great Tusk|Ice Spinner|p2a: Garchomp\n|-crit|p2a: Garchomp\n|-damage|p2a: Garchomp|0 fnt\n|-damage|p1a: Great Tusk|14/100|[from] ability: Rough Skin|[of] p2a: Garchomp\n|-damage|p1a: Great Tusk|0 fnt|[from] item: Rocky Helmet|[of] p2a: Garchomp\n|faint|p2a: Garchomp\n|faint|p1a: Great Tusk\n|-end|p1a: Great Tusk|Protosynthesis|[silent]\n|\n|upkeep\n|c|☆mechamakachino|oh wait\n|c|☆mechamakachino|i ddin't need to tera\n|c|☆Mandandu|I love fucking tera\n|c|☆Mandandu|-/s\n|c|☆mechamakachino|well it didn't matter ther\n|inactive|Mandandu has 120 seconds left.\n|c|☆mechamakachino|cuz rocky helm plus rough skin\n|\n|t:|1783813623\n|switch|p1a: Walking Wake|Walking Wake|100/100\n|switch|p2a: Darkrai|Darkrai|100/100\n|-damage|p1a: Walking Wake|88/100|[from] Spikes\n|-damage|p1a: Walking Wake|76/100|[from] Stealth Rock\n|turn|29\n|\n|t:|1783813630\n|switch|p2a: Alomomola|Alomomola, M|84/100\n|move|p1a: Walking Wake|Draco Meteor|p2a: Alomomola\n|-damage|p2a: Alomomola|34/100\n|-unboost|p1a: Walking Wake|spa|2\n|\n|upkeep\n|turn|30\n|inactive|Mandandu has 120 seconds left.\n|\n|t:|1783813639\n|move|p1a: Walking Wake|Draco Meteor|p2a: Alomomola\n|-damage|p2a: Alomomola|10/100\n|-unboost|p1a: Walking Wake|spa|2\n|move|p2a: Alomomola|Flip Turn|p1a: Walking Wake\n|-resisted|p1a: Walking Wake\n|-damage|p1a: Walking Wake|72/100\n|\n|t:|1783813642\n|switch|p2a: Corviknight|Corviknight, M|100/100|[from] Flip Turn\n|-ability|p2a: Corviknight|Pressure\n|\n|upkeep\n|turn|31\n|\n|t:|1783813648\n|-end|p1a: Walking Wake|Protosynthesis|[silent]\n|switch|p1a: Ceruledge|Ceruledge, M|64/100\n|-damage|p1a: Ceruledge|52/100|[from] Spikes\n|-damage|p1a: Ceruledge|27/100|[from] Stealth Rock\n|switch|p2a: Alomomola|Alomomola, M|44/100\n|\n|upkeep\n|turn|32\n|\n|t:|1783813667\n|switch|p2a: Darkrai|Darkrai|100/100\n|-terastallize|p1a: Ceruledge|Fairy\n|move|p1a: Ceruledge|Swords Dance|p1a: Ceruledge\n|-boost|p1a: Ceruledge|atk|2\n|\n|upkeep\n|turn|33\n|\n|t:|1783813674\n|switch|p1a: Zarude|Zarude|100/100\n|-damage|p1a: Zarude|88/100|[from] Spikes\n|-damage|p1a: Zarude|76/100|[from] Stealth Rock\n|move|p2a: Darkrai|Ice Beam|p1a: Zarude\n|-supereffective|p1a: Zarude\n|-damage|p1a: Zarude|0 fnt\n|faint|p1a: Zarude\n|\n|upkeep\n|c|☆Mandandu|whatever\n|c|☆mechamakachino|?\n|-message|Mandandu forfeited.\n|\n|win|mechamakachino\n", "uploadtime": 1783813597, "views": 9, "formatid": "gen9ou", "rating": null, "private": 0, "password": null}