{"id": "gen9ou-2639285179", "format": "[Gen 9] OU", "players": ["thepeakmons", "castillo919"], "log": "|j|☆thepeakmons\n|j|☆castillo919\n|t:|1782445892\n|gametype|singles\n|player|p1|thepeakmons|101|1253\n|player|p2|castillo919|169|1279\n|gen|9\n|tier|[Gen 9] OU\n|rated|\n|rule|HP Percentage Mod: HP is shown in percentages\n|rule|Endless Battle Clause: Forcing endless battles is banned\n|rule|Species Clause: Limit one of each Pokémon\n|rule|OHKO Clause: OHKO moves are banned\n|rule|Evasion Items Clause: Evasion items are banned\n|rule|Evasion Moves Clause: Evasion moves are banned\n|rule|Evasion Abilities Clause: Evasion abilities are banned\n|rule|Sleep Moves Clause: Sleep-inducing moves are banned\n|clearpoke\n|poke|p1|Dondozo, F|\n|poke|p1|Clodsire, F|\n|poke|p1|Corviknight, M|\n|poke|p1|Slowking-Galar, M|\n|poke|p1|Gholdengo|\n|poke|p1|Garganacl, F|\n|poke|p2|Ting-Lu|\n|poke|p2|Weezing-Galar, F|\n|poke|p2|Alomomola, L99, M|\n|poke|p2|Slowbro-Galar, F|\n|poke|p2|Blaziken, F|\n|poke|p2|Deoxys-Speed|\n|teampreview\n|\n|t:|1782445906\n|teamsize|p1|6\n|teamsize|p2|6\n|start\n|switch|p1a: Clodsire|Clodsire, F|100/100\n|switch|p2a: Alomomola|Alomomola, L99, M|100/100\n|turn|1\n|inactive|Battle timer is ON: inactive players will automatically lose when time's up. (requested by thepeakmons)\n|inactive|thepeakmons has 120 seconds left.\n|\n|t:|1782445969\n|switch|p2a: Weezing|Weezing-Galar, F|100/100\n|move|p1a: Clodsire|Stealth Rock|p2a: Weezing\n|-sidestart|p2: castillo919|move: Stealth Rock\n|\n|upkeep\n|turn|2\n|\n|t:|1782445988\n|switch|p1a: Gholdengo|Gholdengo|100/100\n|move|p2a: Weezing|Defog|p1a: Gholdengo\n|-immune|p1a: Gholdengo|[from] ability: Good as Gold\n|\n|upkeep\n|turn|3\n|\n|t:|1782446011\n|switch|p2a: Ting-Lu|Ting-Lu|100/100\n|-damage|p2a: Ting-Lu|94/100|[from] Stealth Rock\n|-ability|p2a: Ting-Lu|Vessel of Ruin\n|move|p1a: Gholdengo|Make It Rain|p2a: Ting-Lu\n|-damage|p2a: Ting-Lu|72/100\n|-unboost|p1a: Gholdengo|spa|1\n|\n|-heal|p2a: Ting-Lu|78/100|[from] item: Leftovers\n|upkeep\n|turn|4\n|inactive|thepeakmons has 120 seconds left.\n|\n|t:|1782446038\n|switch|p1a: Garganacl|Garganacl, F|100/100\n|move|p2a: Ting-Lu|Spikes|p1a: Garganacl\n|-sidestart|p1: thepeakmons|Spikes\n|\n|-heal|p2a: Ting-Lu|84/100|[from] item: Leftovers\n|upkeep\n|turn|5\n|\n|t:|1782446053\n|switch|p2a: Alomomola|Alomomola, L99, M|100/100\n|-damage|p2a: Alomomola|88/100|[from] Stealth Rock\n|move|p1a: Garganacl|Salt Cure|p2a: Alomomola\n|-damage|p2a: Alomomola|76/100\n|\n|upkeep\n|turn|6\n|\n|t:|1782446069\n|move|p2a: Alomomola|Light Screen|p2a: Alomomola\n|-sidestart|p2: castillo919|move: Light Screen\n|move|p1a: Garganacl|Salt Cure|p2a: Alomomola\n|-damage|p2a: Alomomola|65/100\n|\n|upkeep\n|turn|7\n|inactive|thepeakmons has 90 seconds left.\n|\n|t:|1782446091\n|move|p2a: Alomomola|Wish|p2a: Alomomola\n|move|p1a: Garganacl|Salt Cure|p2a: Alomomola\n|-damage|p2a: Alomomola|55/100\n|\n|upkeep\n|turn|8\n|\n|t:|1782446113\n|switch|p2a: Slowbro|Slowbro-Galar, F|100/100\n|-damage|p2a: Slowbro|88/100|[from] Stealth Rock\n|move|p1a: Garganacl|Curse|p1a: Garganacl\n|-unboost|p1a: Garganacl|spe|1\n|-boost|p1a: Garganacl|atk|1\n|-boost|p1a: Garganacl|def|1\n|\n|-heal|p2a: Slowbro|100/100|[from] move: Wish|[wisher] Alomomola\n|upkeep\n|turn|9\n|\n|t:|1782446127\n|move|p2a: Slowbro|Grass Knot|p1a: Garganacl\n|-supereffective|p1a: Garganacl\n|-damage|p1a: Garganacl|42/100\n|move|p1a: Garganacl|Curse|p1a: Garganacl\n|-unboost|p1a: Garganacl|spe|1\n|-boost|p1a: Garganacl|atk|1\n|-boost|p1a: Garganacl|def|1\n|\n|-heal|p1a: Garganacl|48/100|[from] item: Leftovers\n|upkeep\n|turn|10\n|\n|t:|1782446144\n|move|p1a: Garganacl|Protect|p1a: Garganacl\n|-singleturn|p1a: Garganacl|Protect\n|move|p2a: Slowbro|Grass Knot|p1a: Garganacl\n|-activate|p1a: Garganacl|move: Protect\n|\n|-heal|p1a: Garganacl|54/100|[from] item: Leftovers\n|-sideend|p2: castillo919|move: Light Screen\n|upkeep\n|turn|11\n|\n|t:|1782446155\n|switch|p1a: Gholdengo|Gholdengo|100/100\n|move|p2a: Slowbro|Grass Knot|p1a: Gholdengo\n|-resisted|p1a: Gholdengo\n|-damage|p1a: Gholdengo|93/100\n|\n|upkeep\n|turn|12\n|\n|t:|1782446167\n|switch|p2a: Ting-Lu|Ting-Lu|84/100\n|-damage|p2a: Ting-Lu|78/100|[from] Stealth Rock\n|-ability|p2a: Ting-Lu|Vessel of Ruin\n|move|p1a: Gholdengo|Shadow Ball|p2a: Ting-Lu\n|-resisted|p2a: Ting-Lu\n|-damage|p2a: Ting-Lu|71/100\n|\n|-heal|p2a: Ting-Lu|77/100|[from] item: Leftovers\n|upkeep\n|turn|13\n|\n|t:|1782446187\n|move|p1a: Gholdengo|Nasty Plot|p1a: Gholdengo\n|-boost|p1a: Gholdengo|spa|2\n|move|p2a: Ting-Lu|Spikes|p1a: Gholdengo\n|-sidestart|p1: thepeakmons|Spikes\n|\n|-heal|p2a: Ting-Lu|83/100|[from] item: Leftovers\n|upkeep\n|turn|14\n|inactive|thepeakmons has 90 seconds left.\n|\n|t:|1782446213\n|move|p1a: Gholdengo|Nasty Plot|p1a: Gholdengo\n|-boost|p1a: Gholdengo|spa|2\n|move|p2a: Ting-Lu|Payback|p1a: Gholdengo\n|-supereffective|p1a: Gholdengo\n|-damage|p1a: Gholdengo|34/100\n|\n|-heal|p2a: Ting-Lu|89/100|[from] item: Leftovers\n|upkeep\n|turn|15\n|inactive|thepeakmons has 90 seconds left.\n|\n|t:|1782446234\n|move|p1a: Gholdengo|Make It Rain|p2a: Ting-Lu\n|-damage|p2a: Ting-Lu|23/100\n|-unboost|p1a: Gholdengo|spa|1\n|move|p2a: Ting-Lu|Payback|p1a: Gholdengo\n|-supereffective|p1a: Gholdengo\n|-damage|p1a: Gholdengo|0 fnt\n|faint|p1a: Gholdengo\n|\n|-heal|p2a: Ting-Lu|29/100|[from] item: Leftovers\n|upkeep\n|\n|t:|1782446252\n|switch|p1a: Dondozo|Dondozo, F|100/100\n|turn|16\n|inactive|thepeakmons has 60 seconds left.\n|\n|t:|1782446270\n|switch|p2a: Alomomola|Alomomola, L99, M|89/100\n|-damage|p2a: Alomomola|76/100|[from] Stealth Rock\n|move|p1a: Dondozo|Wave Crash|p2a: Alomomola\n|-resisted|p2a: Alomomola\n|-damage|p2a: Alomomola|60/100\n|-damage|p1a: Dondozo|95/100|[from] Recoil\n|\n|upkeep\n|turn|17\n|inactive|thepeakmons has 60 seconds left.\n|\n|t:|1782446285\n|move|p2a: Alomomola|Wish|p2a: Alomomola\n|move|p1a: Dondozo|Wave Crash|p2a: Alomomola\n|-resisted|p2a: Alomomola\n|-damage|p2a: Alomomola|43/100\n|-damage|p1a: Dondozo|89/100|[from] Recoil\n|\n|upkeep\n|turn|18\n|inactive|thepeakmons has 60 seconds left.\n|\n|t:|1782446299\n|switch|p2a: Slowbro|Slowbro-Galar, F|100/100\n|-damage|p2a: Slowbro|88/100|[from] Stealth Rock\n|move|p1a: Dondozo|Curse|p1a: Dondozo\n|-unboost|p1a: Dondozo|spe|1\n|-boost|p1a: Dondozo|atk|1\n|-boost|p1a: Dondozo|def|1\n|\n|-heal|p2a: Slowbro|100/100|[from] move: Wish|[wisher] Alomomola\n|upkeep\n|turn|19\n|\n|t:|1782446312\n|switch|p1a: Slowking|Slowking-Galar, M|100/100\n|move|p2a: Slowbro|Grass Knot|p1a: Slowking\n|-resisted|p1a: Slowking\n|-damage|p1a: Slowking|94/100\n|\n|upkeep\n|turn|20\n|inactive|castillo919 has 120 seconds left.\n|\n|t:|1782446348\n|switch|p2a: Alomomola|Alomomola, L99, M|77/100\n|-damage|p2a: Alomomola|64/100|[from] Stealth Rock\n|move|p1a: Slowking|Sludge Bomb|p2a: Alomomola\n|-crit|p2a: Alomomola\n|-damage|p2a: Alomomola|24/100\n|\n|upkeep\n|turn|21\n|inactive|castillo919 has 120 seconds left.\n|\n|t:|1782446366\n|-terastallize|p2a: Alomomola|Steel\n|move|p2a: Alomomola|Light Screen|p2a: Alomomola\n|-sidestart|p2: castillo919|move: Light Screen\n|move|p1a: Slowking|Sludge Bomb|p2a: Alomomola\n|-immune|p2a: Alomomola\n|\n|upkeep\n|turn|22\n|\n|t:|1782446381\n|switch|p1a: Dondozo|Dondozo, F|89/100\n|move|p2a: Alomomola|Flip Turn|p1a: Dondozo\n|-resisted|p1a: Dondozo\n|-damage|p1a: Dondozo|86/100\n|\n|t:|1782446390\n|switch|p2a: Slowbro|Slowbro-Galar, F|100/100|[from] Flip Turn\n|-damage|p2a: Slowbro|88/100|[from] Stealth Rock\n|\n|-heal|p2a: Slowbro|94/100|[from] item: Leftovers\n|upkeep\n|turn|23\n|\n|t:|1782446410\n|switch|p1a: Slowking|Slowking-Galar, M|100/100\n|move|p2a: Slowbro|Ice Beam|p1a: Slowking\n|-damage|p1a: Slowking|87/100\n|-status|p1a: Slowking|frz\n|\n|-heal|p2a: Slowbro|99/100|[from] item: Leftovers\n|upkeep\n|turn|24\n|\n|t:|1782446425\n|switch|p2a: Alomomola|Alomomola, L99, M, tera:Steel|58/100\n|-damage|p2a: Alomomola|51/100|[from] Stealth Rock\n|cant|p1a: Slowking|frz\n|\n|upkeep\n|turn|25\n|\n|t:|1782446432\n|move|p2a: Alomomola|Wish|p2a: Alomomola\n|cant|p1a: Slowking|frz\n|\n|-sideend|p2: castillo919|move: Light Screen\n|upkeep\n|turn|26\n|inactive|thepeakmons has 90 seconds left.\n|\n|t:|1782446438\n|switch|p2a: Ting-Lu|Ting-Lu|29/100\n|-damage|p2a: Ting-Lu|23/100|[from] Stealth Rock\n|-ability|p2a: Ting-Lu|Vessel of Ruin\n|-curestatus|p1a: Slowking|frz|[msg]\n|move|p1a: Slowking|Ice Beam|p2a: Ting-Lu\n|-supereffective|p2a: Ting-Lu\n|-damage|p2a: Ting-Lu|5/100\n|\n|-heal|p2a: Ting-Lu|57/100|[from] move: Wish|[wisher] Alomomola\n|-heal|p2a: Ting-Lu|63/100|[from] item: Leftovers\n|upkeep\n|turn|27\n|\n|t:|1782446455\n|switch|p1a: Dondozo|Dondozo, F|86/100\n|move|p2a: Ting-Lu|Payback|p1a: Dondozo\n|-damage|p1a: Dondozo|77/100\n|\n|-heal|p2a: Ting-Lu|69/100|[from] item: Leftovers\n|upkeep\n|turn|28\n|\n|t:|1782446470\n|switch|p2a: Alomomola|Alomomola, L99, M, tera:Steel|85/100\n|-damage|p2a: Alomomola|78/100|[from] Stealth Rock\n|move|p1a: Dondozo|Wave Crash|p2a: Alomomola\n|-damage|p2a: Alomomola|45/100\n|-damage|p1a: Dondozo|66/100|[from] Recoil\n|\n|upkeep\n|turn|29\n|inactive|thepeakmons has 90 seconds left.\n|\n|t:|1782446493\n|switch|p2a: Slowbro|Slowbro-Galar, F|100/100\n|-damage|p2a: Slowbro|88/100|[from] Stealth Rock\n|move|p1a: Dondozo|Wave Crash|p2a: Slowbro\n|-damage|p2a: Slowbro|54/100\n|-damage|p1a: Dondozo|57/100|[from] Recoil\n|\n|-heal|p2a: Slowbro|60/100|[from] item: Leftovers\n|upkeep\n|turn|30\n|inactive|thepeakmons has 90 seconds left.\n|\n|t:|1782446504\n|switch|p1a: Slowking|Slowking-Galar, M|100/100\n|move|p2a: Slowbro|Toxic|p1a: Slowking\n|-immune|p1a: Slowking\n|\n|-heal|p2a: Slowbro|66/100|[from] item: Leftovers\n|upkeep\n|turn|31\n|\n|t:|1782446513\n|switch|p2a: Alomomola|Alomomola, L99, M, tera:Steel|78/100\n|-damage|p2a: Alomomola|72/100|[from] Stealth Rock\n|move|p1a: Slowking|Ice Beam|p2a: Alomomola\n|-resisted|p2a: Alomomola\n|-damage|p2a: Alomomola|64/100\n|\n|upkeep\n|turn|32\n|\n|t:|1782446525\n|move|p2a: Alomomola|Wish|p2a: Alomomola\n|move|p1a: Slowking|Ice Beam|p2a: Alomomola\n|-resisted|p2a: Alomomola\n|-damage|p2a: Alomomola|55/100\n|\n|upkeep\n|turn|33\n|inactive|castillo919 has 120 seconds left.\n|\n|t:|1782446536\n|switch|p1a: Dondozo|Dondozo, F|57/100\n|move|p2a: Alomomola|Flip Turn|p1a: Dondozo\n|-resisted|p1a: Dondozo\n|-damage|p1a: Dondozo|53/100\n|inactive|castillo919 has 120 seconds left.\n|\n|t:|1782446546\n|switch|p2a: Ting-Lu|Ting-Lu|69/100|[from] Flip Turn\n|-damage|p2a: Ting-Lu|63/100|[from] Stealth Rock\n|-ability|p2a: Ting-Lu|Vessel of Ruin\n|\n|-heal|p2a: Ting-Lu|100/100|[from] move: Wish|[wisher] Alomomola\n|upkeep\n|turn|34\n|inactive|castillo919 has 120 seconds left.\n|\n|t:|1782446565\n|switch|p2a: Alomomola|Alomomola, L99, M, tera:Steel|89/100\n|-damage|p2a: Alomomola|83/100|[from] Stealth Rock\n|move|p1a: Dondozo|Rest|p1a: Dondozo\n|-status|p1a: Dondozo|slp|[from] move: Rest\n|-heal|p1a: Dondozo|100/100 slp|[silent]\n|\n|upkeep\n|turn|35\n|inactive|castillo919 has 120 seconds left.\n|\n|t:|1782446575\n|switch|p1a: Clodsire|Clodsire, F|100/100\n|move|p2a: Alomomola|Light Screen|p2a: Alomomola\n|-sidestart|p2: castillo919|move: Light Screen\n|\n|upkeep\n|turn|36\n|inactive|castillo919 has 120 seconds left.\n|\n|t:|1782446588\n|switch|p2a: Weezing|Weezing-Galar, F|100/100\n|-damage|p2a: Weezing|88/100|[from] Stealth Rock\n|move|p1a: Clodsire|Toxic|p2a: Weezing\n|-immune|p2a: Weezing\n|\n|-heal|p2a: Weezing|94/100|[from] item: Leftovers\n|upkeep\n|turn|37\n|inactive|castillo919 has 120 seconds left.\n|\n|t:|1782446601\n|switch|p1a: Garganacl|Garganacl, F|54/100\n|-damage|p1a: Garganacl|37/100|[from] Spikes\n|move|p2a: Weezing|Defog|p1a: Garganacl\n|-unboost|p1a: Garganacl|evasion|1\n|-sideend|p1: thepeakmons|Spikes|[from] move: Defog|[of] p2a: Weezing\n|-sideend|p2: castillo919|Stealth Rock|[from] move: Defog|[of] p2a: Weezing\n|\n|-heal|p2a: Weezing|99/100|[from] item: Leftovers\n|-heal|p1a: Garganacl|44/100|[from] item: Leftovers\n|upkeep\n|turn|38\n|inactive|castillo919 has 120 seconds left.\n|\n|t:|1782446616\n|switch|p2a: Slowbro|Slowbro-Galar, F|99/100\n|move|p1a: Garganacl|Recover|p1a: Garganacl\n|-heal|p1a: Garganacl|94/100\n|\n|-heal|p1a: Garganacl|99/100|[from] item: Leftovers\n|-heal|p2a: Slowbro|100/100|[from] item: Leftovers\n|upkeep\n|turn|39\n|inactive|thepeakmons has 120 seconds left.\n|inactive|castillo919 has 120 seconds left.\n|\n|t:|1782446627\n|switch|p1a: Clodsire|Clodsire, F|100/100\n|move|p2a: Slowbro|Grass Knot|p1a: Clodsire\n|-damage|p1a: Clodsire|83/100\n|\n|-sideend|p2: castillo919|move: Light Screen\n|upkeep\n|turn|40\n|inactive|thepeakmons has 120 seconds left.\n|inactive|castillo919 has 120 seconds left.\n|\n|t:|1782446653\n|switch|p2a: Alomomola|Alomomola, L99, M, tera:Steel|100/100\n|move|p1a: Clodsire|Stealth Rock|p2a: Alomomola\n|-sidestart|p2: castillo919|move: Stealth Rock\n|\n|upkeep\n|turn|41\n|inactive|thepeakmons has 120 seconds left.\n|\n|t:|1782446676\n|switch|p1a: Slowking|Slowking-Galar, M|100/100\n|move|p2a: Alomomola|Flip Turn|p1a: Slowking\n|-damage|p1a: Slowking|83/100\n|inactive|castillo919 has 90 seconds left.\n|\n|t:|1782446696\n|switch|p2a: Ting-Lu|Ting-Lu|100/100|[from] Flip Turn\n|-damage|p2a: Ting-Lu|94/100|[from] Stealth Rock\n|-ability|p2a: Ting-Lu|Vessel of Ruin\n|\n|-heal|p2a: Ting-Lu|100/100|[from] item: Leftovers\n|upkeep\n|turn|42\n|inactive|castillo919 has 90 seconds left.\n|\n|t:|1782446709\n|switch|p1a: Garganacl|Garganacl, F|99/100\n|move|p2a: Ting-Lu|Payback|p1a: Garganacl\n|-damage|p1a: Garganacl|89/100\n|\n|-heal|p1a: Garganacl|96/100|[from] item: Leftovers\n|upkeep\n|turn|43\n|inactive|castillo919 has 90 seconds left.\n|\n|t:|1782446734\n|switch|p2a: Slowbro|Slowbro-Galar, F|100/100\n|-damage|p2a: Slowbro|88/100|[from] Stealth Rock\n|move|p1a: Garganacl|Salt Cure|p2a: Slowbro\n|-damage|p2a: Slowbro|78/100\n|-start|p2a: Slowbro|Salt Cure\n|\n|-heal|p1a: Garganacl|100/100|[from] item: Leftovers\n|-heal|p2a: Slowbro|84/100|[from] item: Leftovers\n|-damage|p2a: Slowbro|72/100|[from] Salt Cure\n|upkeep\n|turn|44\n|inactive|thepeakmons has 120 seconds left.\n|\n|t:|1782446748\n|switch|p2a: Deoxys|Deoxys-Speed|100/100\n|-damage|p2a: Deoxys|88/100|[from] Stealth Rock\n|-ability|p2a: Deoxys|Pressure\n|move|p1a: Garganacl|Salt Cure|p2a: Deoxys\n|-damage|p2a: Deoxys|71/100\n|-start|p2a: Deoxys|Salt Cure\n|\n|-damage|p2a: Deoxys|59/100|[from] Salt Cure\n|upkeep\n|turn|45\n|inactive|thepeakmons has 120 seconds left.\n|\n|t:|1782446771\n|move|p2a: Deoxys|Nasty Plot|p2a: Deoxys\n|-boost|p2a: Deoxys|spa|2\n|move|p1a: Garganacl|Salt Cure|p2a: Deoxys\n|-crit|p2a: Deoxys\n|-damage|p2a: Deoxys|32/100\n|\n|-damage|p2a: Deoxys|20/100|[from] Salt Cure\n|upkeep\n|turn|46\n|\n|t:|1782446785\n|switch|p2a: Weezing|Weezing-Galar, F|99/100\n|-damage|p2a: Weezing|88/100|[from] Stealth Rock\n|move|p1a: Garganacl|Protect||[still]\n|-fail|p1a: Garganacl\n|\n|-heal|p2a: Weezing|94/100|[from] item: Leftovers\n|upkeep\n|turn|47\n|\n|t:|1782446800\n|move|p2a: Weezing|Defog|p1a: Garganacl\n|-unboost|p1a: Garganacl|evasion|1\n|-sideend|p2: castillo919|Stealth Rock|[from] move: Defog|[of] p2a: Weezing\n|move|p1a: Garganacl|Curse|p1a: Garganacl\n|-unboost|p1a: Garganacl|spe|1\n|-boost|p1a: Garganacl|atk|1\n|-boost|p1a: Garganacl|def|1\n|\n|-heal|p2a: Weezing|99/100|[from] item: Leftovers\n|upkeep\n|turn|48\n|\n|t:|1782446815\n|switch|p2a: Alomomola|Alomomola, L99, M, tera:Steel|100/100\n|move|p1a: Garganacl|Curse|p1a: Garganacl\n|-unboost|p1a: Garganacl|spe|1\n|-boost|p1a: Garganacl|atk|1\n|-boost|p1a: Garganacl|def|1\n|\n|upkeep\n|turn|49\n|\n|t:|1782446827\n|switch|p1a: Clodsire|Clodsire, F|83/100\n|move|p2a: Alomomola|Wish|p2a: Alomomola\n|\n|upkeep\n|turn|50\n|\n|t:|1782446839\n|switch|p2a: Deoxys|Deoxys-Speed|20/100\n|-ability|p2a: Deoxys|Pressure\n|move|p1a: Clodsire|Stealth Rock|p2a: Deoxys\n|-sidestart|p2: castillo919|move: Stealth Rock\n|\n|-heal|p2a: Deoxys|100/100|[from] move: Wish|[wisher] Alomomola\n|upkeep\n|turn|51\n|inactive|castillo919 has 90 seconds left.\n|\n|t:|1782446861\n|move|p2a: Deoxys|Psycho Boost|p1a: Clodsire\n|-supereffective|p1a: Clodsire\n|-damage|p1a: Clodsire|10/100\n|-unboost|p2a: Deoxys|spa|2\n|move|p1a: Clodsire|Toxic|p2a: Deoxys\n|-status|p2a: Deoxys|tox\n|\n|-damage|p2a: Deoxys|94/100 tox|[from] psn\n|upkeep\n|turn|52\n|inactive|castillo919 has 90 seconds left.\n|\n|t:|1782446889\n|switch|p2a: Weezing|Weezing-Galar, F|99/100\n|-damage|p2a: Weezing|88/100|[from] Stealth Rock\n|move|p1a: Clodsire|Recover|p1a: Clodsire\n|-heal|p1a: Clodsire|60/100\n|\n|-heal|p2a: Weezing|94/100|[from] item: Leftovers\n|upkeep\n|turn|53\n|\n|t:|1782446902\n|move|p2a: Weezing|Defog|p1a: Clodsire\n|-unboost|p1a: Clodsire|evasion|1\n|-sideend|p2: castillo919|Stealth Rock|[from] move: Defog|[of] p2a: Weezing\n|move|p1a: Clodsire|Recover|p1a: Clodsire\n|-heal|p1a: Clodsire|100/100\n|\n|-heal|p2a: Weezing|99/100|[from] item: Leftovers\n|upkeep\n|turn|54\n|\n|t:|1782446923\n|switch|p2a: Alomomola|Alomomola, L99, M, tera:Steel|100/100\n|move|p1a: Clodsire|Stealth Rock|p2a: Alomomola\n|-sidestart|p2: castillo919|move: Stealth Rock\n|\n|upkeep\n|turn|55\n|\n|t:|1782446931\n|move|p2a: Alomomola|Wish|p2a: Alomomola\n|move|p1a: Clodsire|Toxic|p2a: Alomomola\n|-immune|p2a: Alomomola\n|\n|upkeep\n|turn|56\n|\n|t:|1782446942\n|switch|p1a: Slowking|Slowking-Galar, M|100/100\n|move|p2a: Alomomola|Flip Turn|p1a: Slowking\n|-damage|p1a: Slowking|85/100\n|\n|t:|1782446962\n|switch|p2a: Ting-Lu|Ting-Lu|100/100|[from] Flip Turn\n|-damage|p2a: Ting-Lu|94/100|[from] Stealth Rock\n|-ability|p2a: Ting-Lu|Vessel of Ruin\n|\n|-heal|p2a: Ting-Lu|100/100|[from] move: Wish|[wisher] Alomomola\n|upkeep\n|turn|57\n|inactive|thepeakmons has 120 seconds left.\n|inactive|castillo919 has 60 seconds left.\n|\n|t:|1782446977\n|switch|p1a: Corviknight|Corviknight, M|100/100\n|-ability|p1a: Corviknight|Pressure\n|move|p2a: Ting-Lu|Payback|p1a: Corviknight\n|-damage|p1a: Corviknight|90/100\n|\n|upkeep\n|turn|58\n|inactive|thepeakmons has 120 seconds left.\n|inactive|castillo919 has 60 seconds left.\n|\n|t:|1782446990\n|switch|p2a: Weezing|Weezing-Galar, F|99/100\n|-damage|p2a: Weezing|87/100|[from] Stealth Rock\n|move|p1a: Corviknight|Brave Bird|p2a: Weezing\n|-damage|p2a: Weezing|64/100\n|-damage|p1a: Corviknight|83/100|[from] Recoil\n|\n|-heal|p2a: Weezing|70/100|[from] item: Leftovers\n|upkeep\n|turn|59\n|inactive|thepeakmons has 120 seconds left.\n|inactive|castillo919 has 60 seconds left.\n|\n|t:|1782447010\n|switch|p1a: Slowking|Slowking-Galar, M|100/100\n|move|p2a: Weezing|Will-O-Wisp|p1a: Slowking\n|-status|p1a: Slowking|brn\n|\n|-heal|p2a: Weezing|76/100|[from] item: Leftovers\n|-damage|p1a: Slowking|94/100 brn|[from] brn\n|upkeep\n|turn|60\n|inactive|castillo919 has 60 seconds left.\n|\n|t:|1782447020\n|move|p2a: Weezing|Defog|p1a: Slowking\n|-unboost|p1a: Slowking|evasion|1\n|-sideend|p2: castillo919|Stealth Rock|[from] move: Defog|[of] p2a: Weezing\n|move|p1a: Slowking|Sludge Bomb|p2a: Weezing\n|-damage|p2a: Weezing|27/100\n|\n|-heal|p2a: Weezing|33/100|[from] item: Leftovers\n|-damage|p1a: Slowking|88/100 brn|[from] brn\n|upkeep\n|turn|61\n|inactive|thepeakmons has 120 seconds left.\n|inactive|castillo919 has 60 seconds left.\n|\n|t:|1782447032\n|switch|p2a: Alomomola|Alomomola, L99, M, tera:Steel|100/100\n|move|p1a: Slowking|Sludge Bomb|p2a: Alomomola\n|-immune|p2a: Alomomola\n|\n|-damage|p1a: Slowking|82/100 brn|[from] brn\n|upkeep\n|turn|62\n|inactive|thepeakmons has 120 seconds left.\n|inactive|castillo919 has 60 seconds left.\n|\n|t:|1782447044\n|move|p2a: Alomomola|Wish|p2a: Alomomola\n|move|p1a: Slowking|Future Sight|p2a: Alomomola\n|-start|p1a: Slowking|move: Future Sight\n|\n|-damage|p1a: Slowking|76/100 brn|[from] brn\n|upkeep\n|turn|63\n|inactive|thepeakmons has 120 seconds left.\n|inactive|castillo919 has 60 seconds left.\n|\n|t:|1782447065\n|switch|p1a: Clodsire|Clodsire, F|100/100\n|move|p2a: Alomomola|Light Screen|p2a: Alomomola\n|-sidestart|p2: castillo919|move: Light Screen\n|\n|upkeep\n|turn|64\n|\n|t:|1782447076\n|move|p2a: Alomomola|Flip Turn|p1a: Clodsire\n|-immune|p1a: Clodsire|[from] ability: Water Absorb\n|move|p1a: Clodsire|Stealth Rock|p2a: Alomomola\n|-sidestart|p2: castillo919|move: Stealth Rock\n|\n|-end|p2a: Alomomola|move: Future Sight\n|-resisted|p2a: Alomomola\n|-damage|p2a: Alomomola|92/100\n|upkeep\n|turn|65\n|inactive|castillo919 has 60 seconds left.\n|\n|t:|1782447099\n|switch|p1a: Slowking|Slowking-Galar, M|100/100 brn\n|move|p2a: Alomomola|Wish|p2a: Alomomola\n|\n|-damage|p1a: Slowking|94/100 brn|[from] brn\n|upkeep\n|turn|66\n|inactive|castillo919 has 60 seconds left.\n|\n|t:|1782447114\n|move|p2a: Alomomola|Flip Turn|p1a: Slowking\n|-damage|p1a: Slowking|78/100 brn\n|\n|t:|1782447119\n|switch|p2a: Weezing|Weezing-Galar, F|33/100|[from] Flip Turn\n|-damage|p2a: Weezing|21/100|[from] Stealth Rock\n|move|p1a: Slowking|Sludge Bomb|p2a: Weezing\n|-damage|p2a: Weezing|0 fnt\n|faint|p2a: Weezing\n|\n|-damage|p1a: Slowking|72/100 brn|[from] brn\n|upkeep\n|l|☆castillo919\n|inactive|castillo919 disconnected and has a minute to reconnect!\n|player|p2|\n|j|☆castillo919\n|inactive|castillo919 reconnected and has 40 seconds left.\n|player|p2|castillo919|169|\n|inactive|castillo919 has 30 seconds left.\n|inactive|castillo919 has 20 seconds left.\n|inactive|castillo919 has 15 seconds left.\n|inactive|castillo919 has 10 seconds left.\n|inactive|castillo919 has 5 seconds left.\n|-message|castillo919 lost due to inactivity.\n|\n|win|thepeakmons\n|raw|thepeakmons's rating: 1345 &rarr; <strong>1361</strong><br />(+16 for winning)\n|raw|castillo919's rating: 1279 &rarr; <strong>1259</strong><br />(-20 for losing)\n", "uploadtime": 1782447179, "views": 10, "formatid": "gen9ou", "rating": 1259, "private": 0, "password": null}