{"id": "gen9ou-2639961196", "format": "[Gen 9] OU", "players": ["choispecs ironmoth", "hawkins0"], "log": "|j|☆choispecs ironmoth\n|j|☆hawkins0\n|t:|1782553104\n|gametype|singles\n|player|p1|choispecs ironmoth|steven|1728\n|player|p2|hawkins0|102|1735\n|gen|9\n|tier|[Gen 9] OU\n|rated|\n|rule|HP Percentage Mod: HP is shown in percentages\n|rule|Endless Battle Clause: Forcing endless battles is banned\n|rule|Species Clause: Limit one of each Pokémon\n|rule|OHKO Clause: OHKO moves are banned\n|rule|Evasion Items Clause: Evasion items are banned\n|rule|Evasion Moves Clause: Evasion moves are banned\n|rule|Evasion Abilities Clause: Evasion abilities are banned\n|rule|Sleep Moves Clause: Sleep-inducing moves are banned\n|clearpoke\n|poke|p1|Zamazenta-*|\n|poke|p1|Volcanion|\n|poke|p1|Ting-Lu|\n|poke|p1|Corviknight, M|\n|poke|p1|Hatterene, F|\n|poke|p1|Slowking-Galar, F|\n|poke|p2|Hoopa-Unbound|\n|poke|p2|Pecharunt|\n|poke|p2|Landorus-Therian, M|\n|poke|p2|Cinderace, M|\n|poke|p2|Alomomola, M|\n|poke|p2|Iron Valiant|\n|teampreview\n|inactive|Battle timer is ON: inactive players will automatically lose when time's up. (requested by hawkins0)\n|\n|t:|1782553118\n|teamsize|p1|6\n|teamsize|p2|6\n|start\n|switch|p1a: Zamazenta|Zamazenta|100/100\n|switch|p2a: Pisces|Alomomola, M, shiny|100/100\n|-ability|p1a: Zamazenta|Dauntless Shield|boost\n|-boost|p1a: Zamazenta|def|1\n|turn|1\n|\n|t:|1782553123\n|move|p1a: Zamazenta|Close Combat|p2a: Pisces\n|-damage|p2a: Pisces|37/100\n|-unboost|p1a: Zamazenta|def|1\n|-unboost|p1a: Zamazenta|spd|1\n|move|p2a: Pisces|Body Slam|p1a: Zamazenta\n|-damage|p1a: Zamazenta|85/100\n|\n|upkeep\n|turn|2\n|\n|t:|1782553132\n|switch|p1a: Volcanion|Volcanion|100/100\n|switch|p2a: Overseer|Pecharunt|100/100\n|\n|upkeep\n|turn|3\n|\n|t:|1782553139\n|switch|p2a: Pisces|Alomomola, M, shiny|71/100\n|move|p1a: Volcanion|Steam Eruption|p2a: Pisces|[miss]\n|-miss|p1a: Volcanion|p2a: Pisces\n|\n|upkeep\n|turn|4\n|\n|t:|1782553144\n|switch|p1a: Slowking|Slowking-Galar, F|100/100\n|move|p2a: Pisces|Body Slam|p1a: Slowking\n|-damage|p1a: Slowking|85/100\n|-status|p1a: Slowking|par\n|\n|-heal|p1a: Slowking|91/100 par|[from] item: Black Sludge\n|upkeep\n|turn|5\n|\n|t:|1782553149\n|move|p2a: Pisces|Flip Turn|p1a: Slowking\n|-damage|p1a: Slowking|74/100 par\n|\n|t:|1782553151\n|switch|p2a: Enten|Landorus-Therian, M, shiny|100/100|[from] Flip Turn\n|-ability|p2a: Enten|Intimidate|boost\n|-unboost|p1a: Slowking|atk|1\n|move|p1a: Slowking|Trick|p2a: Enten\n|-activate|p1a: Slowking|move: Trick|[of] p2a: Enten\n|-item|p2a: Enten|Black Sludge|[from] move: Trick\n|-item|p1a: Slowking|Choice Scarf|[from] move: Trick\n|\n|-damage|p2a: Enten|88/100|[from] item: Black Sludge\n|upkeep\n|turn|6\n|\n|t:|1782553162\n|switch|p1a: Corviknight|Corviknight, M|100/100\n|-ability|p1a: Corviknight|Pressure\n|move|p2a: Enten|U-turn|p1a: Corviknight\n|-resisted|p1a: Corviknight\n|-damage|p1a: Corviknight|97/100\n|-damage|p2a: Enten|72/100|[from] item: Rocky Helmet|[of] p1a: Corviknight\n|\n|t:|1782553165\n|switch|p2a: Calamity|Iron Valiant, shiny|100/100|[from] U-turn\n|\n|upkeep\n|turn|7\n|\n|t:|1782553169\n|switch|p1a: Slowking|Slowking-Galar, F|100/100 par\n|move|p2a: Calamity|Thunderbolt|p1a: Slowking\n|-damage|p1a: Slowking|74/100 par\n|\n|upkeep\n|turn|8\n|\n|t:|1782553174\n|move|p2a: Calamity|Thunderbolt|p1a: Slowking\n|-crit|p1a: Slowking\n|-damage|p1a: Slowking|36/100 par\n|move|p1a: Slowking|Sludge Bomb|p2a: Calamity\n|-supereffective|p2a: Calamity\n|-damage|p2a: Calamity|0 fnt\n|faint|p2a: Calamity\n|-end|p2a: Calamity|Quark Drive|[silent]\n|\n|upkeep\n|\n|t:|1782553176\n|switch|p2a: Khaos|Hoopa-Unbound|100/100\n|turn|9\n|\n|t:|1782553181\n|switch|p1a: Corviknight|Corviknight, M|97/100\n|-ability|p1a: Corviknight|Pressure\n|move|p2a: Khaos|Drain Punch|p1a: Corviknight\n|-damage|p1a: Corviknight|68/100\n|-damage|p2a: Khaos|84/100|[from] item: Rocky Helmet|[of] p1a: Corviknight\n|\n|upkeep\n|turn|10\n|\n|t:|1782553188\n|switch|p2a: Liberacy|Cinderace, M, shiny|100/100\n|move|p1a: Corviknight|Roost|p1a: Corviknight\n|-heal|p1a: Corviknight|100/100\n|-singleturn|p1a: Corviknight|move: Roost\n|\n|upkeep\n|turn|11\n|j| MissBeckett\n|\n|t:|1782553193\n|switch|p1a: Slowking|Slowking-Galar, F|70/100 par\n|move|p2a: Liberacy|U-turn|p1a: Slowking\n|-start|p2a: Liberacy|typechange|Bug|[from] ability: Libero\n|-damage|p1a: Slowking|37/100 par\n|\n|t:|1782553195\n|switch|p2a: Khaos|Hoopa-Unbound|84/100|[from] U-turn\n|\n|upkeep\n|turn|12\n|\n|t:|1782553199\n|switch|p1a: Ting-Lu|Ting-Lu|100/100\n|-ability|p1a: Ting-Lu|Vessel of Ruin\n|move|p2a: Khaos|Drain Punch|p1a: Ting-Lu\n|-supereffective|p1a: Ting-Lu\n|-damage|p1a: Ting-Lu|45/100\n|-heal|p2a: Khaos|100/100|[from] drain|[of] p1a: Ting-Lu\n|\n|-heal|p1a: Ting-Lu|51/100|[from] item: Leftovers\n|upkeep\n|turn|13\n|\n|t:|1782553206\n|switch|p2a: Liberacy|Cinderace, M, shiny|100/100\n|switch|p1a: Slowking|Slowking-Galar, F|70/100 par\n|\n|upkeep\n|turn|14\n|\n|t:|1782553210\n|-terastallize|p2a: Liberacy|Fire\n|move|p2a: Liberacy|Pyro Ball|p1a: Slowking\n|-damage|p1a: Slowking|0 fnt\n|faint|p1a: Slowking\n|\n|upkeep\n|\n|t:|1782553215\n|switch|p1a: Volcanion|Volcanion|100/100\n|turn|15\n|\n|t:|1782553219\n|move|p2a: Liberacy|U-turn|p1a: Volcanion\n|-resisted|p1a: Volcanion\n|-damage|p1a: Volcanion|91/100\n|\n|t:|1782553225\n|switch|p2a: Pisces|Alomomola, M, shiny|100/100|[from] U-turn\n|move|p1a: Volcanion|Steam Eruption|p2a: Pisces\n|-resisted|p2a: Pisces\n|-damage|p2a: Pisces|76/100\n|-status|p2a: Pisces|brn\n|\n|-damage|p2a: Pisces|70/100 brn|[from] brn\n|upkeep\n|turn|16\n|\n|t:|1782553234\n|switch|p1a: Hatterene|Hatterene, F|100/100\n|move|p2a: Pisces|Body Slam|p1a: Hatterene\n|-damage|p1a: Hatterene|94/100\n|-status|p1a: Hatterene|par\n|-damage|p2a: Pisces|53/100 brn|[from] item: Rocky Helmet|[of] p1a: Hatterene\n|\n|-damage|p2a: Pisces|47/100 brn|[from] brn\n|upkeep\n|turn|17\n|\n|t:|1782553240\n|move|p2a: Pisces|Flip Turn|p1a: Hatterene\n|-damage|p1a: Hatterene|87/100 par\n|-damage|p2a: Pisces|30/100 brn|[from] item: Rocky Helmet|[of] p1a: Hatterene\n|\n|t:|1782553243\n|switch|p2a: Khaos|Hoopa-Unbound|100/100|[from] Flip Turn\n|move|p1a: Hatterene|Nuzzle|p2a: Khaos\n|-damage|p2a: Khaos|94/100\n|-status|p2a: Khaos|par\n|\n|upkeep\n|turn|18\n|\n|t:|1782553250\n|switch|p1a: Corviknight|Corviknight, M|100/100\n|-ability|p1a: Corviknight|Pressure\n|move|p2a: Khaos|Hyperspace Fury|p1a: Corviknight\n|-damage|p1a: Corviknight|39/100\n|-unboost|p2a: Khaos|def|1\n|\n|upkeep\n|turn|19\n|\n|t:|1782553257\n|switch|p1a: Ting-Lu|Ting-Lu|51/100\n|-ability|p1a: Ting-Lu|Vessel of Ruin\n|move|p2a: Khaos|Hyperspace Fury|p1a: Ting-Lu\n|-resisted|p1a: Ting-Lu\n|-damage|p1a: Ting-Lu|23/100\n|-unboost|p2a: Khaos|def|1\n|\n|-heal|p1a: Ting-Lu|30/100|[from] item: Leftovers\n|upkeep\n|turn|20\n|\n|t:|1782553264\n|switch|p2a: Enten|Landorus-Therian, M, shiny|72/100\n|-ability|p2a: Enten|Intimidate|boost\n|-unboost|p1a: Ting-Lu|atk|1\n|move|p1a: Ting-Lu|Earthquake|p2a: Enten\n|-immune|p2a: Enten\n|\n|-damage|p2a: Enten|59/100|[from] item: Black Sludge\n|-heal|p1a: Ting-Lu|36/100|[from] item: Leftovers\n|upkeep\n|turn|21\n|\n|t:|1782553267\n|switch|p1a: Corviknight|Corviknight, M|39/100\n|-ability|p1a: Corviknight|Pressure\n|move|p2a: Enten|U-turn|p1a: Corviknight\n|-resisted|p1a: Corviknight\n|-damage|p1a: Corviknight|35/100\n|-damage|p2a: Enten|43/100|[from] item: Rocky Helmet|[of] p1a: Corviknight\n|\n|t:|1782553271\n|switch|p2a: Liberacy|Cinderace, M, shiny, tera:Fire|100/100|[from] U-turn\n|\n|upkeep\n|turn|22\n|\n|t:|1782553275\n|switch|p1a: Volcanion|Volcanion|91/100\n|move|p2a: Liberacy|Pyro Ball|p1a: Volcanion\n|-resisted|p1a: Volcanion\n|-damage|p1a: Volcanion|77/100\n|\n|upkeep\n|turn|23\n|\n|t:|1782553283\n|move|p2a: Liberacy|U-turn|p1a: Volcanion\n|-resisted|p1a: Volcanion\n|-damage|p1a: Volcanion|68/100\n|\n|t:|1782553285\n|switch|p2a: Pisces|Alomomola, M, shiny|64/100 brn|[from] U-turn\n|move|p1a: Volcanion|Sludge Wave|p2a: Pisces\n|-damage|p2a: Pisces|36/100 brn\n|\n|-damage|p2a: Pisces|30/100 brn|[from] brn\n|upkeep\n|turn|24\n|\n|t:|1782553292\n|move|p1a: Volcanion|Sludge Wave|p2a: Pisces\n|-damage|p2a: Pisces|1/100 brn\n|move|p2a: Pisces|Mirror Coat|p1a: Volcanion\n|-damage|p1a: Volcanion|0 fnt\n|faint|p1a: Volcanion\n|\n|-damage|p2a: Pisces|0 fnt|[from] brn\n|faint|p2a: Pisces\n|upkeep\n|\n|t:|1782553303\n|switch|p1a: Hatterene|Hatterene, F|87/100 par\n|switch|p2a: Liberacy|Cinderace, M, shiny, tera:Fire|100/100\n|turn|25\n|\n|t:|1782553308\n|move|p2a: Liberacy|Pyro Ball|p1a: Hatterene\n|-damage|p1a: Hatterene|20/100 par\n|move|p1a: Hatterene|Pain Split|p2a: Liberacy\n|-sethp|p2a: Liberacy|61/100|[from] move: Pain Split|[silent]\n|-sethp|p1a: Hatterene|57/100 par|[from] move: Pain Split\n|\n|upkeep\n|turn|26\n|\n|t:|1782553314\n|switch|p1a: Corviknight|Corviknight, M|35/100\n|-ability|p1a: Corviknight|Pressure\n|move|p2a: Liberacy|Pyro Ball|p1a: Corviknight\n|-supereffective|p1a: Corviknight\n|-damage|p1a: Corviknight|0 fnt\n|faint|p1a: Corviknight\n|\n|upkeep\n|\n|t:|1782553321\n|switch|p1a: Zamazenta|Zamazenta|85/100\n|turn|27\n|\n|t:|1782553322\n|switch|p2a: Overseer|Pecharunt|100/100\n|-terastallize|p1a: Zamazenta|Dark\n|move|p1a: Zamazenta|Crunch|p2a: Overseer\n|-supereffective|p2a: Overseer\n|-damage|p2a: Overseer|35/100\n|-unboost|p2a: Overseer|def|1\n|\n|upkeep\n|turn|28\n|\n|t:|1782553328\n|switch|p2a: Enten|Landorus-Therian, M, shiny|43/100\n|-ability|p2a: Enten|Intimidate|boost\n|-unboost|p1a: Zamazenta|atk|1\n|move|p1a: Zamazenta|Crunch|p2a: Enten\n|-damage|p2a: Enten|0 fnt\n|faint|p2a: Enten\n|\n|upkeep\n|\n|t:|1782553334\n|switch|p2a: Liberacy|Cinderace, M, shiny, tera:Fire|61/100\n|turn|29\n|\n|t:|1782553337\n|switch|p1a: Ting-Lu|Ting-Lu|36/100\n|-ability|p1a: Ting-Lu|Vessel of Ruin\n|move|p2a: Liberacy|Pyro Ball|p1a: Ting-Lu\n|-damage|p1a: Ting-Lu|0 fnt\n|faint|p1a: Ting-Lu\n|\n|upkeep\n|\n|t:|1782553343\n|switch|p1a: Zamazenta|Zamazenta, tera:Dark|85/100\n|turn|30\n|\n|t:|1782553345\n|switch|p2a: Khaos|Hoopa-Unbound|94/100 par\n|move|p1a: Zamazenta|Crunch|p2a: Khaos\n|-damage|p2a: Khaos|0 fnt\n|faint|p2a: Khaos\n|\n|upkeep\n|\n|t:|1782553352\n|switch|p2a: Liberacy|Cinderace, M, shiny, tera:Fire|61/100\n|turn|31\n|\n|t:|1782553354\n|move|p1a: Zamazenta|Crunch|p2a: Liberacy\n|-damage|p2a: Liberacy|0 fnt\n|faint|p2a: Liberacy\n|\n|upkeep\n|\n|t:|1782553372\n|switch|p2a: Overseer|Pecharunt|35/100\n|turn|32\n|\n|t:|1782553377\n|move|p1a: Zamazenta|Crunch|p2a: Overseer\n|-supereffective|p2a: Overseer\n|-damage|p2a: Overseer|0 fnt\n|faint|p2a: Overseer\n|\n|win|choispecs ironmoth\n|raw|choispecs ironmoth's rating: 1728 &rarr; <strong>1748</strong><br />(+20 for winning)\n|raw|hawkins0's rating: 1735 &rarr; <strong>1715</strong><br />(-20 for losing)\n|l|☆hawkins0\n|player|p2|\n|l| MissBeckett\n", "uploadtime": 1782553594, "views": 14, "formatid": "gen9ou", "rating": 1715, "private": 0, "password": null}