{"id": "gen9ou-2647802342", "format": "[Gen 9] OU", "players": ["JoYuKneekYT", "picture of 奇树"], "log": "|j|☆JoYuKneekYT\n|j|☆picture of 奇树\n|t:|1783815222\n|gametype|singles\n|player|p1|JoYuKneekYT|cynthia|1344\n|player|p2|picture of 奇树|iono|1385\n|gen|9\n|tier|[Gen 9] OU\n|rated|\n|rule|HP Percentage Mod: HP is shown in percentages\n|rule|Endless Battle Clause: Forcing endless battles is banned\n|rule|Species Clause: Limit one of each Pokémon\n|rule|OHKO Clause: OHKO moves are banned\n|rule|Evasion Items Clause: Evasion items are banned\n|rule|Evasion Moves Clause: Evasion moves are banned\n|rule|Evasion Abilities Clause: Evasion abilities are banned\n|rule|Sleep Moves Clause: Sleep-inducing moves are banned\n|clearpoke\n|poke|p1|Oricorio-Pom-Pom, M|\n|poke|p1|Ceruledge, M|\n|poke|p1|Grimmsnarl, M|\n|poke|p1|Decidueye-Hisui, M|\n|poke|p1|Cinderace, M|\n|poke|p1|Ogerpon-Wellspring, F|\n|poke|p2|Latios, M|\n|poke|p2|Zamazenta-*|\n|poke|p2|Samurott-Hisui, M|\n|poke|p2|Iron Treads|\n|poke|p2|Moltres|\n|poke|p2|Dragapult, M|\n|teampreview\n|inactive|Battle timer is ON: inactive players will automatically lose when time's up. (requested by picture of 奇树)\n|\n|t:|1783815243\n|teamsize|p1|6\n|teamsize|p2|6\n|start\n|switch|p1a: Cinderace|Cinderace, M|100/100\n|switch|p2a: Samurott|Samurott-Hisui, M|100/100\n|turn|1\n|\n|t:|1783815252\n|move|p2a: Samurott|Aqua Jet|p1a: Cinderace\n|-supereffective|p1a: Cinderace\n|-crit|p1a: Cinderace\n|-damage|p1a: Cinderace|0 fnt\n|faint|p1a: Cinderace\n|\n|upkeep\n|\n|t:|1783815257\n|switch|p1a: Decidueye|Decidueye-Hisui, M|100/100\n|turn|2\n|\n|t:|1783815263\n|switch|p2a: Latios|Latios, M|100/100\n|move|p1a: Decidueye|Triple Arrows|p2a: Latios\n|-resisted|p2a: Latios\n|-damage|p2a: Latios|69/100\n|\n|upkeep\n|turn|3\n|\n|t:|1783815270\n|-terastallize|p1a: Decidueye|Dark\n|move|p1a: Decidueye|Sucker Punch||[still]\n|-fail|p1a: Decidueye\n|move|p2a: Latios|Trick|p1a: Decidueye\n|-activate|p2a: Latios|move: Trick|[of] p1a: Decidueye\n|-item|p1a: Decidueye|Choice Scarf|[from] move: Trick\n|-item|p2a: Latios|Leftovers|[from] move: Trick\n|\n|-heal|p2a: Latios|75/100|[from] item: Leftovers\n|upkeep\n|turn|4\n|\n|t:|1783815280\n|move|p2a: Latios|Flip Turn|p1a: Decidueye\n|-damage|p1a: Decidueye|87/100\n|\n|t:|1783815285\n|switch|p2a: Samurott|Samurott-Hisui, M|100/100|[from] Flip Turn\n|move|p1a: Decidueye|Triple Arrows|p2a: Samurott\n|-supereffective|p2a: Samurott\n|-damage|p2a: Samurott|0 fnt\n|faint|p2a: Samurott\n|\n|upkeep\n|\n|t:|1783815292\n|switch|p2a: Dragapult|Dragapult, M|100/100\n|turn|5\n|\n|t:|1783815296\n|move|p2a: Dragapult|Fire Blast|p1a: Decidueye|[miss]\n|-miss|p2a: Dragapult|p1a: Decidueye\n|move|p1a: Decidueye|Triple Arrows|p2a: Dragapult\n|-damage|p2a: Dragapult|38/100\n|\n|upkeep\n|turn|6\n|\n|t:|1783815302\n|switch|p1a: Grimmsnarl|Grimmsnarl, M|100/100\n|move|p2a: Dragapult|Fire Blast|p1a: Grimmsnarl\n|-damage|p1a: Grimmsnarl|66/100\n|-status|p1a: Grimmsnarl|brn\n|\n|-damage|p1a: Grimmsnarl|60/100 brn|[from] brn\n|upkeep\n|turn|7\n|\n|t:|1783815310\n|switch|p2a: Moltres|Moltres|100/100\n|move|p1a: Grimmsnarl|Light Screen|p1a: Grimmsnarl\n|-sidestart|p1: JoYuKneekYT|move: Light Screen\n|\n|-damage|p1a: Grimmsnarl|54/100 brn|[from] brn\n|upkeep\n|turn|8\n|\n|t:|1783815317\n|move|p1a: Grimmsnarl|Reflect|p1a: Grimmsnarl\n|-sidestart|p1: JoYuKneekYT|Reflect\n|move|p2a: Moltres|Brave Bird|p1a: Grimmsnarl\n|-damage|p1a: Grimmsnarl|30/100 brn\n|-damage|p2a: Moltres|93/100|[from] Recoil\n|\n|-damage|p1a: Grimmsnarl|24/100 brn|[from] brn\n|upkeep\n|turn|9\n|\n|t:|1783815322\n|move|p1a: Grimmsnarl|Parting Shot|p2a: Moltres\n|-unboost|p2a: Moltres|atk|1\n|-unboost|p2a: Moltres|spa|1\n|\n|t:|1783815325\n|switch|p1a: Oricorio|Oricorio-Pom-Pom, M|100/100|[from] Parting Shot\n|move|p2a: Moltres|U-turn|p1a: Oricorio\n|-resisted|p1a: Oricorio\n|-damage|p1a: Oricorio|97/100\n|-enditem|p1a: Oricorio|Kee Berry|[eat]\n|-boost|p1a: Oricorio|def|1|[from] item: Kee Berry\n|\n|t:|1783815331\n|switch|p2a: Latios|Latios, M|75/100|[from] U-turn\n|\n|-heal|p2a: Latios|81/100|[from] item: Leftovers\n|upkeep\n|turn|10\n|\n|t:|1783815338\n|move|p2a: Latios|Luster Purge|p1a: Oricorio\n|-damage|p1a: Oricorio|65/100\n|-unboost|p1a: Oricorio|spd|1\n|move|p1a: Oricorio|Quiver Dance|p1a: Oricorio\n|-boost|p1a: Oricorio|spa|1\n|-boost|p1a: Oricorio|spd|1\n|-boost|p1a: Oricorio|spe|1\n|\n|-heal|p2a: Latios|87/100|[from] item: Leftovers\n|upkeep\n|turn|11\n|\n|t:|1783815346\n|move|p1a: Oricorio|Air Slash|p2a: Latios\n|-damage|p2a: Latios|45/100\n|move|p2a: Latios|Draco Meteor|p1a: Oricorio\n|-crit|p1a: Oricorio\n|-damage|p1a: Oricorio|0 fnt\n|-unboost|p2a: Latios|spa|2\n|faint|p1a: Oricorio\n|\n|-heal|p2a: Latios|51/100|[from] item: Leftovers\n|upkeep\n|\n|t:|1783815354\n|switch|p1a: Ceruledge|Ceruledge, M|100/100\n|turn|12\n|\n|t:|1783815363\n|switch|p2a: Dragapult|Dragapult, M|38/100\n|move|p1a: Ceruledge|Swords Dance|p1a: Ceruledge\n|-boost|p1a: Ceruledge|atk|2\n|\n|upkeep\n|turn|13\n|\n|t:|1783815366\n|move|p1a: Ceruledge|Shadow Sneak|p2a: Dragapult\n|-supereffective|p2a: Dragapult\n|-damage|p2a: Dragapult|0 fnt\n|faint|p2a: Dragapult\n|\n|upkeep\n|\n|t:|1783815370\n|switch|p2a: Iron Treads|Iron Treads|100/100\n|turn|14\n|\n|t:|1783815375\n|move|p1a: Ceruledge|Bitter Blade|p2a: Iron Treads\n|-supereffective|p2a: Iron Treads\n|-damage|p2a: Iron Treads|0 fnt\n|faint|p2a: Iron Treads\n|-end|p2a: Iron Treads|Quark Drive|[silent]\n|\n|-sideend|p1: JoYuKneekYT|move: Light Screen\n|upkeep\n|\n|t:|1783815381\n|switch|p2a: Latios|Latios, M|51/100\n|turn|15\n|\n|t:|1783815384\n|move|p1a: Ceruledge|Shadow Sneak|p2a: Latios\n|-supereffective|p2a: Latios\n|-crit|p2a: Latios\n|-damage|p2a: Latios|0 fnt\n|faint|p2a: Latios\n|\n|-sideend|p1: JoYuKneekYT|Reflect\n|upkeep\n|\n|t:|1783815386\n|switch|p2a: Zamazenta|Zamazenta|100/100\n|-ability|p2a: Zamazenta|Dauntless Shield|boost\n|-boost|p2a: Zamazenta|def|1\n|turn|16\n|\n|t:|1783815390\n|move|p2a: Zamazenta|Iron Defense|p2a: Zamazenta\n|-boost|p2a: Zamazenta|def|2\n|move|p1a: Ceruledge|Bitter Blade|p2a: Zamazenta\n|-damage|p2a: Zamazenta|71/100\n|\n|-heal|p2a: Zamazenta|77/100|[from] item: Leftovers\n|upkeep\n|turn|17\n|\n|t:|1783815392\n|move|p1a: Ceruledge|Swords Dance|p1a: Ceruledge\n|-boost|p1a: Ceruledge|atk|2\n|move|p2a: Zamazenta|Roar|p1a: Ceruledge\n|drag|p1a: Ogerpon|Ogerpon-Wellspring, F|100/100\n|\n|-heal|p2a: Zamazenta|83/100|[from] item: Leftovers\n|upkeep\n|turn|18\n|\n|t:|1783815398\n|move|p2a: Zamazenta|Iron Defense|p2a: Zamazenta\n|-boost|p2a: Zamazenta|def|2\n|move|p1a: Ogerpon|Swords Dance|p1a: Ogerpon\n|-boost|p1a: Ogerpon|atk|2\n|\n|-heal|p2a: Zamazenta|89/100|[from] item: Leftovers\n|upkeep\n|turn|19\n|\n|t:|1783815402\n|move|p2a: Zamazenta|Body Press|p1a: Ogerpon\n|-damage|p1a: Ogerpon|0 fnt\n|faint|p1a: Ogerpon\n|\n|-heal|p2a: Zamazenta|95/100|[from] item: Leftovers\n|upkeep\n|\n|t:|1783815413\n|switch|p1a: Decidueye|Decidueye-Hisui, M, tera:Dark|87/100\n|turn|20\n|\n|t:|1783815415\n|move|p1a: Decidueye|Sucker Punch|p2a: Zamazenta\n|-resisted|p2a: Zamazenta\n|-damage|p2a: Zamazenta|91/100\n|move|p2a: Zamazenta|Body Press|p1a: Decidueye\n|-supereffective|p1a: Decidueye\n|-damage|p1a: Decidueye|0 fnt\n|faint|p1a: Decidueye\n|\n|-heal|p2a: Zamazenta|97/100|[from] item: Leftovers\n|upkeep\n|\n|t:|1783815418\n|switch|p1a: Grimmsnarl|Grimmsnarl, M|24/100 brn\n|turn|21\n|\n|t:|1783815424\n|move|p1a: Grimmsnarl|Reflect|p1a: Grimmsnarl\n|-sidestart|p1: JoYuKneekYT|Reflect\n|move|p2a: Zamazenta|Body Press|p1a: Grimmsnarl\n|-crit|p1a: Grimmsnarl\n|-damage|p1a: Grimmsnarl|0 fnt\n|faint|p1a: Grimmsnarl\n|\n|-heal|p2a: Zamazenta|100/100|[from] item: Leftovers\n|upkeep\n|\n|t:|1783815425\n|switch|p1a: Ceruledge|Ceruledge, M|100/100\n|turn|22\n|\n|t:|1783815430\n|move|p2a: Zamazenta|Heavy Slam|p1a: Ceruledge\n|-resisted|p1a: Ceruledge\n|-damage|p1a: Ceruledge|93/100\n|-ability|p1a: Ceruledge|Weak Armor|boost\n|-unboost|p1a: Ceruledge|def|1\n|-boost|p1a: Ceruledge|spe|2\n|move|p1a: Ceruledge|Swords Dance|p1a: Ceruledge\n|-boost|p1a: Ceruledge|atk|2\n|\n|upkeep\n|turn|23\n|\n|t:|1783815435\n|move|p1a: Ceruledge|Swords Dance|p1a: Ceruledge\n|-boost|p1a: Ceruledge|atk|2\n|move|p2a: Zamazenta|Iron Defense|p2a: Zamazenta\n|-boost|p2a: Zamazenta|def|1\n|\n|upkeep\n|turn|24\n|\n|t:|1783815438\n|move|p1a: Ceruledge|Swords Dance|p1a: Ceruledge\n|-boost|p1a: Ceruledge|atk|2\n|move|p2a: Zamazenta|Heavy Slam|p1a: Ceruledge\n|-resisted|p1a: Ceruledge\n|-damage|p1a: Ceruledge|82/100\n|-ability|p1a: Ceruledge|Weak Armor|boost\n|-unboost|p1a: Ceruledge|def|1\n|-boost|p1a: Ceruledge|spe|2\n|\n|upkeep\n|turn|25\n|\n|t:|1783815444\n|move|p1a: Ceruledge|Bitter Blade|p2a: Zamazenta\n|-damage|p2a: Zamazenta|65/100\n|-heal|p1a: Ceruledge|100/100|[from] drain|[of] p2a: Zamazenta\n|move|p2a: Zamazenta|Heavy Slam|p1a: Ceruledge\n|-resisted|p1a: Ceruledge\n|-damage|p1a: Ceruledge|85/100\n|-ability|p1a: Ceruledge|Weak Armor|boost\n|-unboost|p1a: Ceruledge|def|1\n|-boost|p1a: Ceruledge|spe|2\n|\n|-heal|p2a: Zamazenta|72/100|[from] item: Leftovers\n|upkeep\n|turn|26\n|\n|t:|1783815451\n|move|p1a: Ceruledge|Bitter Blade|p2a: Zamazenta\n|-damage|p2a: Zamazenta|36/100\n|-heal|p1a: Ceruledge|100/100|[from] drain|[of] p2a: Zamazenta\n|move|p2a: Zamazenta|Heavy Slam|p1a: Ceruledge\n|-resisted|p1a: Ceruledge\n|-damage|p1a: Ceruledge|81/100\n|-ability|p1a: Ceruledge|Weak Armor|boost\n|-unboost|p1a: Ceruledge|def|1\n|\n|-heal|p2a: Zamazenta|42/100|[from] item: Leftovers\n|upkeep\n|turn|27\n|\n|t:|1783815459\n|move|p1a: Ceruledge|Bitter Blade|p2a: Zamazenta\n|-damage|p2a: Zamazenta|6/100\n|-heal|p1a: Ceruledge|100/100|[from] drain|[of] p2a: Zamazenta\n|move|p2a: Zamazenta|Heavy Slam|p1a: Ceruledge\n|-resisted|p1a: Ceruledge\n|-damage|p1a: Ceruledge|79/100\n|-ability|p1a: Ceruledge|Weak Armor|boost\n|-unboost|p1a: Ceruledge|def|1\n|\n|-heal|p2a: Zamazenta|12/100|[from] item: Leftovers\n|upkeep\n|turn|28\n|\n|t:|1783815466\n|move|p1a: Ceruledge|Bitter Blade|p2a: Zamazenta\n|-damage|p2a: Zamazenta|0 fnt\n|-heal|p1a: Ceruledge|85/100|[from] drain|[of] p2a: Zamazenta\n|faint|p2a: Zamazenta\n|\n|-sideend|p1: JoYuKneekYT|Reflect\n|upkeep\n|\n|t:|1783815468\n|switch|p2a: Moltres|Moltres|93/100\n|turn|29\n|\n|t:|1783815471\n|move|p1a: Ceruledge|Shadow Sneak|p2a: Moltres\n|-damage|p2a: Moltres|41/100\n|move|p2a: Moltres|Brave Bird|p1a: Ceruledge\n|-damage|p1a: Ceruledge|0 fnt\n|faint|p1a: Ceruledge\n|-damage|p2a: Moltres|20/100|[from] Recoil\n|\n|win|picture of 奇树\n|raw|JoYuKneekYT's rating: 1344 &rarr; <strong>1326</strong><br />(-18 for losing)\n|raw|picture of 奇树's rating: 1385 &rarr; <strong>1403</strong><br />(+18 for winning)\n|l|☆JoYuKneekYT\n|player|p1|\n", "uploadtime": 1783815477, "views": 7, "formatid": "gen9ou", "rating": 1326, "private": 0, "password": null}