{"id": "gen9ou-2647807878", "format": "[Gen 9] OU", "players": ["erjtsers", "iraniantech"], "log": "|j|☆erjtsers\n|j|☆iraniantech\n|t:|1783816163\n|gametype|singles\n|player|p1|erjtsers|birdkeeper|1501\n|player|p2|iraniantech|fisherman|1526\n|gen|9\n|tier|[Gen 9] OU\n|rated|\n|rule|HP Percentage Mod: HP is shown in percentages\n|rule|Endless Battle Clause: Forcing endless battles is banned\n|rule|Species Clause: Limit one of each Pokémon\n|rule|OHKO Clause: OHKO moves are banned\n|rule|Evasion Items Clause: Evasion items are banned\n|rule|Evasion Moves Clause: Evasion moves are banned\n|rule|Evasion Abilities Clause: Evasion abilities are banned\n|rule|Sleep Moves Clause: Sleep-inducing moves are banned\n|clearpoke\n|poke|p1|Clodsire, M|\n|poke|p1|Toxapex, F|\n|poke|p1|Corviknight, F|\n|poke|p1|Dondozo, F|\n|poke|p1|Clefable, M|\n|poke|p1|Gliscor, M|\n|poke|p2|Garganacl, F|\n|poke|p2|Toxapex, F|\n|poke|p2|Gliscor, M|\n|poke|p2|Meowscarada, M|\n|poke|p2|Dragapult, F|\n|poke|p2|Hatterene, F|\n|teampreview\n|\n|t:|1783816172\n|teamsize|p1|6\n|teamsize|p2|6\n|start\n|switch|p1a: Gliscor|Gliscor, M|100/100\n|switch|p2a: Meowscarada|Meowscarada, M|100/100\n|turn|1\n|inactive|Battle timer is ON: inactive players will automatically lose when time's up. (requested by iraniantech)\n|\n|t:|1783816176\n|move|p1a: Gliscor|Protect|p1a: Gliscor\n|-singleturn|p1a: Gliscor|Protect\n|move|p2a: Meowscarada|Triple Axel|p1a: Gliscor\n|-start|p2a: Meowscarada|typechange|Ice|[from] ability: Protean\n|-activate|p1a: Gliscor|move: Protect\n|\n|-status|p1a: Gliscor|tox|[from] item: Toxic Orb\n|upkeep\n|turn|2\n|\n|t:|1783816191\n|switch|p2a: Evil Gliscor|Gliscor, M|100/100\n|switch|p1a: Clefable|Clefable, M|100/100\n|\n|-status|p2a: Evil Gliscor|tox|[from] item: Toxic Orb\n|upkeep\n|turn|3\n|\n|t:|1783816194\n|switch|p2a: Hatterene|Hatterene, F|100/100\n|move|p1a: Clefable|Stealth Rock|p2a: Hatterene\n|move|p2a: Hatterene|Stealth Rock|p1a: Clefable|[from] ability: Magic Bounce\n|-sidestart|p1: erjtsers|move: Stealth Rock\n|\n|upkeep\n|turn|4\n|\n|t:|1783816198\n|move|p1a: Clefable|Knock Off|p2a: Hatterene\n|-damage|p2a: Hatterene|88/100\n|-enditem|p2a: Hatterene|Leftovers|[from] move: Knock Off|[of] p1a: Clefable\n|move|p2a: Hatterene|Nuzzle|p1a: Clefable\n|-damage|p1a: Clefable|97/100\n|-status|p1a: Clefable|par\n|\n|-damage|p2a: Hatterene|76/100|[from] item: Sticky Barb\n|upkeep\n|turn|5\n|\n|t:|1783816206\n|move|p2a: Hatterene|Psychic Noise|p1a: Clefable\n|-damage|p1a: Clefable|68/100 par\n|-start|p1a: Clefable|move: Heal Block\n|cant|p1a: Clefable|par\n|\n|-damage|p2a: Hatterene|64/100|[from] item: Sticky Barb\n|upkeep\n|turn|6\n|\n|t:|1783816212\n|move|p2a: Hatterene|Draining Kiss|p1a: Clefable\n|-damage|p1a: Clefable|47/100 par\n|-heal|p2a: Hatterene|84/100|[from] drain|[of] p1a: Clefable\n|move|p1a: Clefable|Moonblast|p2a: Hatterene\n|-damage|p2a: Hatterene|52/100\n|\n|-end|p1a: Clefable|move: Heal Block\n|-damage|p2a: Hatterene|40/100|[from] item: Sticky Barb\n|upkeep\n|turn|7\n|\n|t:|1783816221\n|switch|p1a: Corviknight|Corviknight, F|100/100\n|-damage|p1a: Corviknight|88/100|[from] Stealth Rock\n|-ability|p1a: Corviknight|Pressure\n|move|p2a: Hatterene|Pain Split|p1a: Corviknight\n|-sethp|p1a: Corviknight|59/100|[from] move: Pain Split|[silent]\n|-sethp|p2a: Hatterene|76/100|[from] move: Pain Split\n|\n|-heal|p1a: Corviknight|65/100|[from] item: Leftovers\n|-damage|p2a: Hatterene|64/100|[from] item: Sticky Barb\n|upkeep\n|turn|8\n|\n|t:|1783816225\n|switch|p1a: Clodsire|Clodsire, M|100/100\n|move|p2a: Hatterene|Nuzzle|p1a: Clodsire\n|-immune|p1a: Clodsire\n|\n|-damage|p2a: Hatterene|52/100|[from] item: Sticky Barb\n|upkeep\n|turn|9\n|\n|t:|1783816232\n|switch|p1a: Corviknight|Corviknight, F|65/100\n|-damage|p1a: Corviknight|53/100|[from] Stealth Rock\n|-ability|p1a: Corviknight|Pressure\n|move|p2a: Hatterene|Psychic Noise|p1a: Corviknight\n|-resisted|p1a: Corviknight\n|-damage|p1a: Corviknight|42/100\n|-start|p1a: Corviknight|move: Heal Block\n|\n|-damage|p2a: Hatterene|40/100|[from] item: Sticky Barb\n|upkeep\n|turn|10\n|\n|t:|1783816238\n|switch|p2a: Dragapult|Dragapult, F|100/100\n|move|p1a: Corviknight|Protect||[still]\n|-fail|p1a: Corviknight\n|\n|-end|p1a: Corviknight|move: Heal Block\n|upkeep\n|turn|11\n|\n|t:|1783816244\n|move|p2a: Dragapult|Will-O-Wisp|p1a: Corviknight\n|-status|p1a: Corviknight|brn\n|move|p1a: Corviknight|Roost|p1a: Corviknight\n|-heal|p1a: Corviknight|92/100 brn\n|-singleturn|p1a: Corviknight|move: Roost\n|\n|-heal|p1a: Corviknight|99/100 brn|[from] item: Leftovers\n|-damage|p1a: Corviknight|92/100 brn|[from] brn\n|upkeep\n|turn|12\n|\n|t:|1783816248\n|move|p2a: Dragapult|Hex|p1a: Corviknight\n|-damage|p1a: Corviknight|52/100 brn\n|move|p1a: Corviknight|Defog|p2a: Dragapult\n|-unboost|p2a: Dragapult|evasion|1\n|-sideend|p1: erjtsers|Stealth Rock|[from] move: Defog|[of] p1a: Corviknight\n|\n|-heal|p1a: Corviknight|58/100 brn|[from] item: Leftovers\n|-damage|p1a: Corviknight|52/100 brn|[from] brn\n|upkeep\n|turn|13\n|\n|t:|1783816252\n|move|p1a: Corviknight|Protect|p1a: Corviknight\n|-singleturn|p1a: Corviknight|Protect\n|move|p2a: Dragapult|Hex|p1a: Corviknight\n|-activate|p1a: Corviknight|move: Protect\n|\n|-heal|p1a: Corviknight|58/100 brn|[from] item: Leftovers\n|-damage|p1a: Corviknight|52/100 brn|[from] brn\n|upkeep\n|turn|14\n|\n|t:|1783816256\n|move|p2a: Dragapult|Hex|p1a: Corviknight\n|-damage|p1a: Corviknight|13/100 brn\n|move|p1a: Corviknight|Roost|p1a: Corviknight\n|-heal|p1a: Corviknight|63/100 brn\n|-singleturn|p1a: Corviknight|move: Roost\n|\n|-heal|p1a: Corviknight|69/100 brn|[from] item: Leftovers\n|-damage|p1a: Corviknight|63/100 brn|[from] brn\n|upkeep\n|turn|15\n|\n|t:|1783816263\n|switch|p2a: Hatterene|Hatterene, F|40/100\n|move|p1a: Corviknight|Roost|p1a: Corviknight\n|-heal|p1a: Corviknight|100/100 brn\n|-singleturn|p1a: Corviknight|move: Roost\n|\n|-damage|p1a: Corviknight|94/100 brn|[from] brn\n|-damage|p2a: Hatterene|27/100|[from] item: Sticky Barb\n|upkeep\n|turn|16\n|\n|t:|1783816281\n|switch|p1a: Gliscor|Gliscor, M|100/100 tox\n|move|p2a: Hatterene|Pain Split|p1a: Gliscor\n|-sethp|p1a: Gliscor|62/100 tox|[from] move: Pain Split|[silent]\n|-sethp|p2a: Hatterene|70/100|[from] move: Pain Split\n|\n|-heal|p1a: Gliscor|75/100 tox|[from] ability: Poison Heal\n|-damage|p2a: Hatterene|58/100|[from] item: Sticky Barb\n|upkeep\n|turn|17\n|\n|t:|1783816288\n|switch|p2a: Evil Gliscor|Gliscor, M|100/100 tox\n|move|p1a: Gliscor|Toxic|p2a: Evil Gliscor|[miss]\n|-miss|p1a: Gliscor|p2a: Evil Gliscor\n|\n|-heal|p1a: Gliscor|87/100 tox|[from] ability: Poison Heal\n|upkeep\n|turn|18\n|\n|t:|1783816293\n|move|p1a: Gliscor|Protect|p1a: Gliscor\n|-singleturn|p1a: Gliscor|Protect\n|move|p2a: Evil Gliscor|Stealth Rock|p1a: Gliscor\n|-sidestart|p1: erjtsers|move: Stealth Rock\n|\n|-heal|p1a: Gliscor|99/100 tox|[from] ability: Poison Heal\n|upkeep\n|turn|19\n|\n|t:|1783816296\n|switch|p1a: Clefable|Clefable, M|47/100 par\n|move|p2a: Evil Gliscor|Knock Off|p1a: Clefable\n|-resisted|p1a: Clefable\n|-damage|p1a: Clefable|42/100 par\n|\n|upkeep\n|turn|20\n|\n|t:|1783816300\n|move|p2a: Evil Gliscor|Earthquake|p1a: Clefable\n|-damage|p1a: Clefable|15/100 par\n|move|p1a: Clefable|Moonlight|p1a: Clefable\n|-heal|p1a: Clefable|65/100 par\n|\n|upkeep\n|turn|21\n|\n|t:|1783816305\n|switch|p2a: Hatterene|Hatterene, F|58/100\n|move|p1a: Clefable|Moonlight|p1a: Clefable\n|-heal|p1a: Clefable|100/100 par\n|\n|-damage|p2a: Hatterene|46/100|[from] item: Sticky Barb\n|upkeep\n|turn|22\n|\n|t:|1783816311\n|move|p2a: Hatterene|Pain Split|p1a: Clefable\n|-sethp|p1a: Clefable|68/100 par|[from] move: Pain Split|[silent]\n|-sethp|p2a: Hatterene|87/100|[from] move: Pain Split\n|move|p1a: Clefable|Moonblast|p2a: Hatterene\n|-damage|p2a: Hatterene|55/100\n|-unboost|p2a: Hatterene|spa|1\n|\n|-damage|p2a: Hatterene|42/100|[from] item: Sticky Barb\n|upkeep\n|turn|23\n|\n|t:|1783816316\n|move|p2a: Hatterene|Pain Split|p1a: Clefable\n|-sethp|p1a: Clefable|51/100 par|[from] move: Pain Split|[silent]\n|-sethp|p2a: Hatterene|64/100|[from] move: Pain Split\n|move|p1a: Clefable|Moonblast|p2a: Hatterene\n|-damage|p2a: Hatterene|28/100\n|\n|-damage|p2a: Hatterene|16/100|[from] item: Sticky Barb\n|upkeep\n|turn|24\n|\n|t:|1783816322\n|switch|p2a: Toxapex|Toxapex, F|100/100\n|move|p1a: Clefable|Moonblast|p2a: Toxapex\n|-resisted|p2a: Toxapex\n|-crit|p2a: Toxapex\n|-damage|p2a: Toxapex|83/100\n|-unboost|p2a: Toxapex|spa|1\n|\n|upkeep\n|turn|25\n|\n|t:|1783816325\n|move|p2a: Toxapex|Toxic Spikes|p1a: Clefable\n|-sidestart|p1: erjtsers|move: Toxic Spikes\n|move|p1a: Clefable|Knock Off|p2a: Toxapex\n|-damage|p2a: Toxapex|72/100\n|-enditem|p2a: Toxapex|Rocky Helmet|[from] move: Knock Off|[of] p1a: Clefable\n|\n|upkeep\n|turn|26\n|\n|t:|1783816332\n|switch|p2a: Meowscarada|Meowscarada, M|100/100\n|cant|p1a: Clefable|par\n|\n|upkeep\n|turn|27\n|\n|t:|1783816336\n|switch|p2a: Hatterene|Hatterene, F|16/100\n|move|p1a: Clefable|Moonlight|p1a: Clefable\n|-heal|p1a: Clefable|100/100 par\n|\n|-damage|p2a: Hatterene|4/100|[from] item: Sticky Barb\n|upkeep\n|turn|28\n|\n|t:|1783816343\n|switch|p1a: Corviknight|Corviknight, F|94/100 brn\n|-damage|p1a: Corviknight|82/100 brn|[from] Stealth Rock\n|-ability|p1a: Corviknight|Pressure\n|move|p2a: Hatterene|Pain Split|p1a: Corviknight\n|-sethp|p1a: Corviknight|42/100 brn|[from] move: Pain Split|[silent]\n|-sethp|p2a: Hatterene|54/100|[from] move: Pain Split\n|\n|-heal|p1a: Corviknight|48/100 brn|[from] item: Leftovers\n|-damage|p1a: Corviknight|42/100 brn|[from] brn\n|-damage|p2a: Hatterene|42/100|[from] item: Sticky Barb\n|upkeep\n|turn|29\n|\n|t:|1783816350\n|switch|p2a: Dragapult|Dragapult, F|100/100\n|move|p1a: Corviknight|Defog|p2a: Dragapult\n|-unboost|p2a: Dragapult|evasion|1\n|-sideend|p1: erjtsers|Toxic Spikes|[from] move: Defog|[of] p1a: Corviknight\n|-sideend|p1: erjtsers|Stealth Rock|[from] move: Defog|[of] p1a: Corviknight\n|\n|-heal|p1a: Corviknight|48/100 brn|[from] item: Leftovers\n|-damage|p1a: Corviknight|42/100 brn|[from] brn\n|upkeep\n|turn|30\n|\n|t:|1783816359\n|switch|p2a: Meowscarada|Meowscarada, M|100/100\n|move|p1a: Corviknight|Protect||[still]\n|-fail|p1a: Corviknight\n|\n|-heal|p1a: Corviknight|48/100 brn|[from] item: Leftovers\n|-damage|p1a: Corviknight|42/100 brn|[from] brn\n|upkeep\n|turn|31\n|\n|t:|1783816366\n|switch|p1a: Toxapex|Toxapex, F|100/100\n|move|p2a: Meowscarada|U-turn|p1a: Toxapex\n|-start|p2a: Meowscarada|typechange|Bug|[from] ability: Protean\n|-resisted|p1a: Toxapex\n|-damage|p1a: Toxapex|90/100\n|\n|t:|1783816372\n|switch|p2a: Garganacl|Garganacl, F|100/100|[from] U-turn\n|\n|-heal|p1a: Toxapex|96/100|[from] item: Leftovers\n|upkeep\n|turn|32\n|\n|t:|1783816378\n|switch|p1a: Clefable|Clefable, M|100/100 par\n|move|p2a: Garganacl|Salt Cure|p1a: Clefable\n|-damage|p1a: Clefable|89/100 par\n|-start|p1a: Clefable|Salt Cure\n|\n|upkeep\n|turn|33\n|\n|t:|1783816381\n|switch|p2a: Hatterene|Hatterene, F|42/100\n|move|p1a: Clefable|Moonblast|p2a: Hatterene\n|-damage|p2a: Hatterene|10/100\n|\n|-damage|p2a: Hatterene|0 fnt|[from] item: Sticky Barb\n|faint|p2a: Hatterene\n|upkeep\n|\n|t:|1783816385\n|switch|p2a: Dragapult|Dragapult, F|100/100\n|turn|34\n|\n|t:|1783816389\n|move|p2a: Dragapult|U-turn|p1a: Clefable\n|-resisted|p1a: Clefable\n|-damage|p1a: Clefable|82/100 par\n|\n|t:|1783816392\n|switch|p2a: Toxapex|Toxapex, F|100/100|[from] U-turn\n|move|p1a: Clefable|Moonblast|p2a: Toxapex\n|-resisted|p2a: Toxapex\n|-damage|p2a: Toxapex|90/100\n|\n|upkeep\n|turn|35\n|\n|t:|1783816396\n|switch|p1a: Corviknight|Corviknight, F|42/100 brn\n|-ability|p1a: Corviknight|Pressure\n|move|p2a: Toxapex|Toxic Spikes|p1a: Corviknight\n|-sidestart|p1: erjtsers|move: Toxic Spikes\n|\n|-heal|p1a: Corviknight|48/100 brn|[from] item: Leftovers\n|-damage|p1a: Corviknight|42/100 brn|[from] brn\n|upkeep\n|turn|36\n|j| murkakuna\n|\n|t:|1783816402\n|switch|p2a: Garganacl|Garganacl, F|100/100\n|move|p1a: Corviknight|Roost|p1a: Corviknight\n|-heal|p1a: Corviknight|92/100 brn\n|-singleturn|p1a: Corviknight|move: Roost\n|\n|-heal|p1a: Corviknight|98/100 brn|[from] item: Leftovers\n|-damage|p1a: Corviknight|92/100 brn|[from] brn\n|upkeep\n|turn|37\n|\n|t:|1783816410\n|switch|p1a: Clodsire|Clodsire, M|100/100\n|-sideend|p1: erjtsers|move: Toxic Spikes|[of] p1a: Clodsire\n|move|p2a: Garganacl|Curse|p2a: Garganacl\n|-unboost|p2a: Garganacl|spe|1\n|-boost|p2a: Garganacl|atk|1\n|-boost|p2a: Garganacl|def|1\n|\n|upkeep\n|turn|38\n|l| murkakuna\n|\n|t:|1783816421\n|move|p1a: Clodsire|Spikes|p2a: Garganacl\n|-sidestart|p2: iraniantech|Spikes\n|move|p2a: Garganacl|Curse|p2a: Garganacl\n|-unboost|p2a: Garganacl|spe|1\n|-boost|p2a: Garganacl|atk|1\n|-boost|p2a: Garganacl|def|1\n|\n|upkeep\n|turn|39\n|j| murkakuna\n|l| murkakuna\n|\n|t:|1783816429\n|switch|p1a: Gliscor|Gliscor, M|99/100 tox\n|move|p2a: Garganacl|Curse|p2a: Garganacl\n|-unboost|p2a: Garganacl|spe|1\n|-boost|p2a: Garganacl|atk|1\n|-boost|p2a: Garganacl|def|1\n|\n|-heal|p1a: Gliscor|100/100 tox|[from] ability: Poison Heal\n|upkeep\n|turn|40\n|\n|t:|1783816432\n|move|p1a: Gliscor|Substitute|p1a: Gliscor\n|-start|p1a: Gliscor|Substitute\n|-damage|p1a: Gliscor|75/100 tox\n|move|p2a: Garganacl|Curse|p2a: Garganacl\n|-unboost|p2a: Garganacl|spe|1\n|-boost|p2a: Garganacl|atk|1\n|-boost|p2a: Garganacl|def|1\n|\n|-heal|p1a: Gliscor|88/100 tox|[from] ability: Poison Heal\n|upkeep\n|turn|41\n|\n|t:|1783816435\n|move|p1a: Gliscor|Knock Off|p2a: Garganacl\n|-damage|p2a: Garganacl|96/100\n|-enditem|p2a: Garganacl|Leftovers|[from] move: Knock Off|[of] p1a: Gliscor\n|move|p2a: Garganacl|Curse|p2a: Garganacl\n|-unboost|p2a: Garganacl|spe|1\n|-boost|p2a: Garganacl|atk|1\n|-boost|p2a: Garganacl|def|1\n|\n|-heal|p1a: Gliscor|100/100 tox|[from] ability: Poison Heal\n|upkeep\n|turn|42\n|\n|t:|1783816441\n|move|p1a: Gliscor|Knock Off|p2a: Garganacl\n|-damage|p2a: Garganacl|93/100\n|move|p2a: Garganacl|Curse|p2a: Garganacl\n|-unboost|p2a: Garganacl|spe|1\n|-boost|p2a: Garganacl|atk|1\n|-boost|p2a: Garganacl|def|1\n|\n|upkeep\n|turn|43\n|\n|t:|1783816458\n|switch|p2a: Toxapex|Toxapex, F|100/100\n|-damage|p2a: Toxapex|88/100|[from] Spikes\n|move|p1a: Gliscor|Knock Off|p2a: Toxapex\n|-damage|p2a: Toxapex|77/100\n|\n|upkeep\n|turn|44\n|\n|t:|1783816463\n|switch|p1a: Clodsire|Clodsire, M|100/100\n|move|p2a: Toxapex|Toxic Spikes|p1a: Clodsire\n|-sidestart|p1: erjtsers|move: Toxic Spikes\n|\n|upkeep\n|turn|45\n|\n|t:|1783816467\n|switch|p2a: Meowscarada|Meowscarada, M|100/100\n|-damage|p2a: Meowscarada|88/100|[from] Spikes\n|move|p1a: Clodsire|Spikes|p2a: Meowscarada\n|-sidestart|p2: iraniantech|Spikes\n|\n|upkeep\n|turn|46\n|\n|t:|1783816473\n|switch|p1a: Toxapex|Toxapex, F|100/100\n|-sideend|p1: erjtsers|move: Toxic Spikes|[of] p1a: Toxapex\n|move|p2a: Meowscarada|Trick|p1a: Toxapex\n|-start|p2a: Meowscarada|typechange|Psychic|[from] ability: Protean\n|-activate|p2a: Meowscarada|move: Trick|[of] p1a: Toxapex\n|-item|p1a: Toxapex|Choice Scarf|[from] move: Trick\n|-item|p2a: Meowscarada|Leftovers|[from] move: Trick\n|\n|-heal|p2a: Meowscarada|94/100|[from] item: Leftovers\n|upkeep\n|turn|47\n|\n|t:|1783816482\n|move|p2a: Meowscarada|U-turn|p1a: Toxapex\n|-resisted|p1a: Toxapex\n|-damage|p1a: Toxapex|94/100\n|\n|t:|1783816486\n|switch|p2a: Evil Gliscor|Gliscor, M|100/100 tox|[from] U-turn\n|move|p1a: Toxapex|Poison Jab|p2a: Evil Gliscor\n|-resisted|p2a: Evil Gliscor\n|-damage|p2a: Evil Gliscor|93/100 tox\n|\n|-heal|p2a: Evil Gliscor|100/100 tox|[from] ability: Poison Heal\n|upkeep\n|turn|48\n|\n|t:|1783816492\n|switch|p1a: Clefable|Clefable, M|82/100 par\n|move|p2a: Evil Gliscor|Stealth Rock|p1a: Clefable\n|-sidestart|p1: erjtsers|move: Stealth Rock\n|\n|upkeep\n|turn|49\n|\n|t:|1783816494\n|move|p2a: Evil Gliscor|Earthquake|p1a: Clefable\n|-crit|p1a: Clefable\n|-damage|p1a: Clefable|43/100 par\n|move|p1a: Clefable|Stealth Rock|p2a: Evil Gliscor\n|-sidestart|p2: iraniantech|move: Stealth Rock\n|\n|upkeep\n|turn|50\n|\n|t:|1783816499\n|move|p2a: Evil Gliscor|Earthquake|p1a: Clefable\n|-damage|p1a: Clefable|19/100 par\n|move|p1a: Clefable|Moonlight|p1a: Clefable\n|-heal|p1a: Clefable|69/100 par\n|\n|upkeep\n|turn|51\n|\n|t:|1783816506\n|switch|p2a: Dragapult|Dragapult, F|100/100\n|cant|p1a: Clefable|par\n|\n|upkeep\n|turn|52\n|\n|t:|1783816510\n|move|p2a: Dragapult|Hex|p1a: Clefable\n|-damage|p1a: Clefable|15/100 par\n|cant|p1a: Clefable|par\n|\n|upkeep\n|turn|53\n|\n|t:|1783816518\n|move|p2a: Dragapult|Hex|p1a: Clefable\n|-damage|p1a: Clefable|0 fnt\n|faint|p1a: Clefable\n|\n|upkeep\n|\n|t:|1783816520\n|switch|p1a: Gliscor|Gliscor, M|100/100 tox\n|-damage|p1a: Gliscor|88/100 tox|[from] Stealth Rock\n|turn|54\n|\n|t:|1783816526\n|switch|p2a: Evil Gliscor|Gliscor, M|100/100 tox\n|-damage|p2a: Evil Gliscor|88/100 tox|[from] Stealth Rock\n|move|p1a: Gliscor|Knock Off|p2a: Evil Gliscor\n|-damage|p2a: Evil Gliscor|70/100 tox\n|-enditem|p2a: Evil Gliscor|Toxic Orb|[from] move: Knock Off|[of] p1a: Gliscor\n|\n|-heal|p1a: Gliscor|100/100 tox|[from] ability: Poison Heal\n|-heal|p2a: Evil Gliscor|83/100 tox|[from] ability: Poison Heal\n|upkeep\n|turn|55\n|\n|t:|1783816533\n|move|p1a: Gliscor|Substitute|p1a: Gliscor\n|-start|p1a: Gliscor|Substitute\n|-damage|p1a: Gliscor|75/100 tox\n|move|p2a: Evil Gliscor|Knock Off|p1a: Gliscor\n|-activate|p1a: Gliscor|move: Substitute|[damage]\n|\n|-heal|p1a: Gliscor|88/100 tox|[from] ability: Poison Heal\n|-heal|p2a: Evil Gliscor|95/100 tox|[from] ability: Poison Heal\n|upkeep\n|turn|56\n|\n|t:|1783816537\n|move|p1a: Gliscor|Knock Off|p2a: Evil Gliscor\n|-damage|p2a: Evil Gliscor|84/100 tox\n|move|p2a: Evil Gliscor|Stealth Rock||[still]\n|-fail|p2a: Evil Gliscor\n|\n|-heal|p1a: Gliscor|100/100 tox|[from] ability: Poison Heal\n|-heal|p2a: Evil Gliscor|96/100 tox|[from] ability: Poison Heal\n|upkeep\n|turn|57\n|\n|t:|1783816539\n|move|p1a: Gliscor|Knock Off|p2a: Evil Gliscor\n|-damage|p2a: Evil Gliscor|84/100 tox\n|move|p2a: Evil Gliscor|Stealth Rock||[still]\n|-fail|p2a: Evil Gliscor\n|\n|-heal|p2a: Evil Gliscor|96/100 tox|[from] ability: Poison Heal\n|upkeep\n|turn|58\n|\n|t:|1783816543\n|move|p2a: Evil Gliscor|Protect|p2a: Evil Gliscor\n|-singleturn|p2a: Evil Gliscor|Protect\n|move|p1a: Gliscor|Knock Off|p2a: Evil Gliscor\n|-activate|p2a: Evil Gliscor|move: Protect\n|\n|-heal|p2a: Evil Gliscor|100/100 tox|[from] ability: Poison Heal\n|upkeep\n|turn|59\n|\n|t:|1783816547\n|switch|p1a: Dondozo|Dondozo, F|100/100\n|-damage|p1a: Dondozo|88/100|[from] Stealth Rock\n|move|p2a: Evil Gliscor|Stealth Rock||[still]\n|-fail|p2a: Evil Gliscor\n|\n|-heal|p1a: Dondozo|94/100|[from] item: Leftovers\n|upkeep\n|turn|60\n|\n|t:|1783816557\n|switch|p2a: Garganacl|Garganacl, F|93/100\n|-damage|p2a: Garganacl|77/100|[from] Spikes\n|-damage|p2a: Garganacl|64/100|[from] Stealth Rock\n|-terastallize|p1a: Dondozo|Dark\n|move|p1a: Dondozo|Crunch|p2a: Garganacl\n|-damage|p2a: Garganacl|44/100\n|\n|-heal|p1a: Dondozo|100/100|[from] item: Leftovers\n|upkeep\n|turn|61\n|\n|t:|1783816566\n|move|p1a: Dondozo|Curse|p1a: Dondozo\n|-unboost|p1a: Dondozo|spe|1\n|-boost|p1a: Dondozo|atk|1\n|-boost|p1a: Dondozo|def|1\n|move|p2a: Garganacl|Salt Cure|p1a: Dondozo\n|-damage|p1a: Dondozo|96/100\n|-start|p1a: Dondozo|Salt Cure\n|\n|-heal|p1a: Dondozo|100/100|[from] item: Leftovers\n|-damage|p1a: Dondozo|88/100|[from] Salt Cure\n|upkeep\n|turn|62\n|\n|t:|1783816576\n|switch|p2a: Toxapex|Toxapex, F|100/100\n|-damage|p2a: Toxapex|84/100|[from] Spikes\n|-damage|p2a: Toxapex|72/100|[from] Stealth Rock\n|move|p1a: Dondozo|Crunch|p2a: Toxapex\n|-damage|p2a: Toxapex|41/100\n|\n|-heal|p1a: Dondozo|94/100|[from] item: Leftovers\n|-damage|p1a: Dondozo|82/100|[from] Salt Cure\n|upkeep\n|turn|63\n|\n|t:|1783816581\n|move|p2a: Toxapex|Recover|p2a: Toxapex\n|-heal|p2a: Toxapex|91/100\n|move|p1a: Dondozo|Curse|p1a: Dondozo\n|-unboost|p1a: Dondozo|spe|1\n|-boost|p1a: Dondozo|atk|1\n|-boost|p1a: Dondozo|def|1\n|\n|-heal|p1a: Dondozo|88/100|[from] item: Leftovers\n|-damage|p1a: Dondozo|76/100|[from] Salt Cure\n|upkeep\n|turn|64\n|\n|t:|1783816584\n|move|p2a: Toxapex|Haze|p2a: Toxapex\n|-clearallboost\n|move|p1a: Dondozo|Crunch|p2a: Toxapex\n|-damage|p2a: Toxapex|73/100\n|-unboost|p2a: Toxapex|def|1\n|\n|-heal|p1a: Dondozo|82/100|[from] item: Leftovers\n|-damage|p1a: Dondozo|70/100|[from] Salt Cure\n|upkeep\n|turn|65\n|\n|t:|1783816590\n|move|p1a: Dondozo|Crunch|p2a: Toxapex\n|-damage|p2a: Toxapex|54/100\n|move|p2a: Toxapex|Haze|p2a: Toxapex\n|-clearallboost\n|\n|-heal|p1a: Dondozo|76/100|[from] item: Leftovers\n|-damage|p1a: Dondozo|64/100|[from] Salt Cure\n|upkeep\n|turn|66\n|\n|t:|1783816593\n|move|p2a: Toxapex|Baneful Bunker|p2a: Toxapex\n|-singleturn|p2a: Toxapex|move: Protect\n|move|p1a: Dondozo|Crunch|p2a: Toxapex\n|-activate|p2a: Toxapex|move: Protect\n|-status|p1a: Dondozo|psn\n|\n|-heal|p1a: Dondozo|70/100 psn|[from] item: Leftovers\n|-damage|p1a: Dondozo|57/100 psn|[from] psn\n|-damage|p1a: Dondozo|45/100 psn|[from] Salt Cure\n|upkeep\n|turn|67\n|\n|t:|1783816598\n|move|p1a: Dondozo|Rest|p1a: Dondozo\n|-status|p1a: Dondozo|slp|[from] move: Rest\n|-heal|p1a: Dondozo|100/100 slp|[silent]\n|move|p2a: Toxapex|Toxic Spikes|p1a: Dondozo\n|-sidestart|p1: erjtsers|move: Toxic Spikes\n|\n|-damage|p1a: Dondozo|88/100 slp|[from] Salt Cure\n|upkeep\n|turn|68\n|\n|t:|1783816601\n|switch|p2a: Meowscarada|Meowscarada, M|94/100\n|-damage|p2a: Meowscarada|78/100|[from] Spikes\n|-damage|p2a: Meowscarada|66/100|[from] Stealth Rock\n|cant|p1a: Dondozo|slp\n|move|p1a: Dondozo|Sleep Talk|p1a: Dondozo\n|move|p1a: Dondozo|Curse|p1a: Dondozo|[from] move: Sleep Talk\n|-unboost|p1a: Dondozo|spe|1\n|-boost|p1a: Dondozo|atk|1\n|-boost|p1a: Dondozo|def|1\n|\n|-heal|p2a: Meowscarada|72/100|[from] item: Leftovers\n|-heal|p1a: Dondozo|94/100 slp|[from] item: Leftovers\n|-damage|p1a: Dondozo|82/100 slp|[from] Salt Cure\n|upkeep\n|turn|69\n|\n|t:|1783816614\n|move|p2a: Meowscarada|U-turn|p1a: Dondozo\n|-start|p2a: Meowscarada|typechange|Bug|[from] ability: Protean\n|-supereffective|p1a: Dondozo\n|-damage|p1a: Dondozo|62/100 slp\n|\n|t:|1783816619\n|switch|p2a: Evil Gliscor|Gliscor, M|100/100 tox|[from] U-turn\n|-damage|p2a: Evil Gliscor|88/100 tox|[from] Stealth Rock\n|cant|p1a: Dondozo|slp\n|move|p1a: Dondozo|Sleep Talk|p1a: Dondozo\n|move|p1a: Dondozo|Crunch|p2a: Evil Gliscor|[from] move: Sleep Talk\n|-damage|p2a: Evil Gliscor|53/100 tox\n|\n|-heal|p1a: Dondozo|68/100 slp|[from] item: Leftovers\n|-heal|p2a: Evil Gliscor|65/100 tox|[from] ability: Poison Heal\n|-damage|p1a: Dondozo|56/100 slp|[from] Salt Cure\n|upkeep\n|turn|70\n|\n|t:|1783816629\n|move|p2a: Evil Gliscor|Earthquake|p1a: Dondozo\n|-crit|p1a: Dondozo\n|-damage|p1a: Dondozo|34/100 slp\n|-curestatus|p1a: Dondozo|slp|[msg]\n|move|p1a: Dondozo|Crunch|p2a: Evil Gliscor\n|-damage|p2a: Evil Gliscor|32/100 tox\n|-unboost|p2a: Evil Gliscor|def|1\n|\n|-heal|p1a: Dondozo|40/100|[from] item: Leftovers\n|-heal|p2a: Evil Gliscor|44/100 tox|[from] ability: Poison Heal\n|-damage|p1a: Dondozo|28/100|[from] Salt Cure\n|upkeep\n|turn|71\n|\n|t:|1783816635\n|switch|p2a: Toxapex|Toxapex, F|87/100\n|-damage|p2a: Toxapex|70/100|[from] Spikes\n|-damage|p2a: Toxapex|58/100|[from] Stealth Rock\n|move|p1a: Dondozo|Rest|p1a: Dondozo\n|-status|p1a: Dondozo|slp|[from] move: Rest\n|-heal|p1a: Dondozo|100/100 slp|[silent]\n|\n|-damage|p1a: Dondozo|88/100 slp|[from] Salt Cure\n|upkeep\n|turn|72\n|\n|t:|1783816638\n|move|p2a: Toxapex|Haze|p2a: Toxapex\n|-clearallboost\n|cant|p1a: Dondozo|slp\n|move|p1a: Dondozo|Sleep Talk|p1a: Dondozo\n|move|p1a: Dondozo|Curse|p1a: Dondozo|[from] move: Sleep Talk\n|-unboost|p1a: Dondozo|spe|1\n|-boost|p1a: Dondozo|atk|1\n|-boost|p1a: Dondozo|def|1\n|\n|-heal|p1a: Dondozo|94/100 slp|[from] item: Leftovers\n|-damage|p1a: Dondozo|82/100 slp|[from] Salt Cure\n|upkeep\n|turn|73\n|\n|t:|1783816641\n|move|p2a: Toxapex|Haze|p2a: Toxapex\n|-clearallboost\n|cant|p1a: Dondozo|slp\n|move|p1a: Dondozo|Sleep Talk|p1a: Dondozo\n|move|p1a: Dondozo|Crunch|p2a: Toxapex|[from] move: Sleep Talk\n|-damage|p2a: Toxapex|37/100\n|\n|-heal|p1a: Dondozo|88/100 slp|[from] item: Leftovers\n|-damage|p1a: Dondozo|76/100 slp|[from] Salt Cure\n|upkeep\n|turn|74\n|\n|t:|1783816645\n|-curestatus|p1a: Dondozo|slp|[msg]\n|move|p1a: Dondozo|Sleep Talk||[still]\n|-fail|p1a: Dondozo\n|move|p2a: Toxapex|Recover|p2a: Toxapex\n|-heal|p2a: Toxapex|88/100\n|\n|-heal|p1a: Dondozo|82/100|[from] item: Leftovers\n|-damage|p1a: Dondozo|70/100|[from] Salt Cure\n|upkeep\n|turn|75\n|\n|t:|1783816650\n|switch|p1a: Toxapex|Toxapex, F|100/100\n|-damage|p1a: Toxapex|88/100|[from] Stealth Rock\n|-sideend|p1: erjtsers|move: Toxic Spikes|[of] p1a: Toxapex\n|move|p2a: Toxapex|Toxic Spikes|p1a: Toxapex\n|-sidestart|p1: erjtsers|move: Toxic Spikes\n|\n|upkeep\n|turn|76\n|\n|t:|1783816655\n|switch|p1a: Clodsire|Clodsire, M|100/100\n|-sideend|p1: erjtsers|move: Toxic Spikes|[of] p1a: Clodsire\n|move|p2a: Toxapex|Toxic Spikes|p1a: Clodsire\n|-sidestart|p1: erjtsers|move: Toxic Spikes\n|\n|upkeep\n|turn|77\n|\n|t:|1783816662\n|switch|p2a: Meowscarada|Meowscarada, M|72/100\n|-damage|p2a: Meowscarada|55/100|[from] Spikes\n|-damage|p2a: Meowscarada|43/100|[from] Stealth Rock\n|move|p1a: Clodsire|Poison Jab|p2a: Meowscarada\n|-supereffective|p2a: Meowscarada\n|-damage|p2a: Meowscarada|0 fnt\n|faint|p2a: Meowscarada\n|\n|upkeep\n|\n|t:|1783816668\n|switch|p2a: Evil Gliscor|Gliscor, M|44/100 tox\n|-damage|p2a: Evil Gliscor|32/100 tox|[from] Stealth Rock\n|turn|78\n|\n|t:|1783816675\n|switch|p1a: Toxapex|Toxapex, F|100/100\n|-damage|p1a: Toxapex|88/100|[from] Stealth Rock\n|-sideend|p1: erjtsers|move: Toxic Spikes|[of] p1a: Toxapex\n|move|p2a: Evil Gliscor|Knock Off|p1a: Toxapex\n|-damage|p1a: Toxapex|76/100\n|-enditem|p1a: Toxapex|Choice Scarf|[from] move: Knock Off|[of] p2a: Evil Gliscor\n|\n|-heal|p2a: Evil Gliscor|44/100 tox|[from] ability: Poison Heal\n|upkeep\n|turn|79\n|\n|t:|1783816682\n|move|p2a: Evil Gliscor|Earthquake|p1a: Toxapex\n|-supereffective|p1a: Toxapex\n|-damage|p1a: Toxapex|36/100\n|move|p1a: Toxapex|Infestation|p2a: Evil Gliscor\n|-resisted|p2a: Evil Gliscor\n|-damage|p2a: Evil Gliscor|43/100 tox\n|-activate|p2a: Evil Gliscor|move: Infestation|[of] p1a: Toxapex\n|\n|-heal|p2a: Evil Gliscor|55/100 tox|[from] ability: Poison Heal\n|-damage|p2a: Evil Gliscor|43/100 tox|[from] move: Infestation|[partiallytrapped]\n|upkeep\n|turn|80\n|\n|t:|1783816687\n|move|p1a: Toxapex|Baneful Bunker|p1a: Toxapex\n|-singleturn|p1a: Toxapex|move: Protect\n|move|p2a: Evil Gliscor|Earthquake|p1a: Toxapex\n|-activate|p1a: Toxapex|move: Protect\n|\n|-heal|p2a: Evil Gliscor|55/100 tox|[from] ability: Poison Heal\n|-damage|p2a: Evil Gliscor|43/100 tox|[from] move: Infestation|[partiallytrapped]\n|upkeep\n|turn|81\n|\n|t:|1783816696\n|switch|p1a: Corviknight|Corviknight, F|92/100 brn\n|-damage|p1a: Corviknight|80/100 brn|[from] Stealth Rock\n|-ability|p1a: Corviknight|Pressure\n|move|p2a: Evil Gliscor|Earthquake|p1a: Corviknight\n|-immune|p1a: Corviknight\n|\n|-heal|p1a: Corviknight|86/100 brn|[from] item: Leftovers\n|-heal|p2a: Evil Gliscor|55/100 tox|[from] ability: Poison Heal\n|-damage|p1a: Corviknight|80/100 brn|[from] brn\n|-end|p2a: Evil Gliscor|Infestation|[partiallytrapped]|[silent]\n|upkeep\n|turn|82\n|\n|t:|1783816699\n|switch|p2a: Garganacl|Garganacl, F|44/100\n|-damage|p2a: Garganacl|28/100|[from] Spikes\n|-damage|p2a: Garganacl|15/100|[from] Stealth Rock\n|move|p1a: Corviknight|Protect||[still]\n|-fail|p1a: Corviknight\n|\n|-heal|p1a: Corviknight|86/100 brn|[from] item: Leftovers\n|-damage|p1a: Corviknight|80/100 brn|[from] brn\n|upkeep\n|turn|83\n|\n|t:|1783816708\n|switch|p1a: Clodsire|Clodsire, M|100/100\n|-terastallize|p2a: Garganacl|Water\n|move|p2a: Garganacl|Recover|p2a: Garganacl\n|-heal|p2a: Garganacl|66/100\n|\n|upkeep\n|turn|84\n|\n|t:|1783816714\n|move|p2a: Garganacl|Salt Cure|p1a: Clodsire\n|-resisted|p1a: Clodsire\n|-damage|p1a: Clodsire|93/100\n|-start|p1a: Clodsire|Salt Cure\n|move|p1a: Clodsire|Spikes|p2a: Garganacl\n|-sidestart|p2: iraniantech|Spikes\n|\n|-damage|p1a: Clodsire|80/100|[from] Salt Cure\n|upkeep\n|turn|85\n|\n|t:|1783816729\n|switch|p2a: Evil Gliscor|Gliscor, M|55/100 tox\n|-damage|p2a: Evil Gliscor|43/100 tox|[from] Stealth Rock\n|switch|p1a: Toxapex|Toxapex, F|69/100\n|-damage|p1a: Toxapex|56/100|[from] Stealth Rock\n|\n|-heal|p2a: Evil Gliscor|55/100 tox|[from] ability: Poison Heal\n|upkeep\n|turn|86\n|\n|t:|1783816733\n|switch|p2a: Dragapult|Dragapult, F|100/100\n|switch|p1a: Corviknight|Corviknight, F|80/100 brn\n|-damage|p1a: Corviknight|67/100 brn|[from] Stealth Rock\n|-ability|p1a: Corviknight|Pressure\n|\n|-heal|p1a: Corviknight|73/100 brn|[from] item: Leftovers\n|-damage|p1a: Corviknight|67/100 brn|[from] brn\n|upkeep\n|turn|87\n|\n|t:|1783816735\n|move|p1a: Corviknight|Protect|p1a: Corviknight\n|-singleturn|p1a: Corviknight|Protect\n|move|p2a: Dragapult|Hex|p1a: Corviknight\n|-activate|p1a: Corviknight|move: Protect\n|\n|-heal|p1a: Corviknight|73/100 brn|[from] item: Leftovers\n|-damage|p1a: Corviknight|67/100 brn|[from] brn\n|upkeep\n|turn|88\n|\n|t:|1783816741\n|move|p2a: Dragapult|Hex|p1a: Corviknight\n|-damage|p1a: Corviknight|25/100 brn\n|move|p1a: Corviknight|Roost|p1a: Corviknight\n|-heal|p1a: Corviknight|75/100 brn\n|-singleturn|p1a: Corviknight|move: Roost\n|\n|-heal|p1a: Corviknight|81/100 brn|[from] item: Leftovers\n|-damage|p1a: Corviknight|75/100 brn|[from] brn\n|upkeep\n|turn|89\n|\n|t:|1783816747\n|move|p1a: Corviknight|Protect|p1a: Corviknight\n|-singleturn|p1a: Corviknight|Protect\n|move|p2a: Dragapult|U-turn|p1a: Corviknight\n|-activate|p1a: Corviknight|move: Protect\n|\n|-heal|p1a: Corviknight|81/100 brn|[from] item: Leftovers\n|-damage|p1a: Corviknight|75/100 brn|[from] brn\n|upkeep\n|turn|90\n|\n|t:|1783816753\n|move|p2a: Dragapult|Draco Meteor|p1a: Corviknight\n|-resisted|p1a: Corviknight\n|-damage|p1a: Corviknight|57/100 brn\n|-unboost|p2a: Dragapult|spa|2\n|move|p1a: Corviknight|Brave Bird|p2a: Dragapult\n|-damage|p2a: Dragapult|76/100\n|-damage|p1a: Corviknight|51/100 brn|[from] Recoil\n|\n|-heal|p1a: Corviknight|57/100 brn|[from] item: Leftovers\n|-damage|p1a: Corviknight|51/100 brn|[from] brn\n|upkeep\n|turn|91\n|\n|t:|1783816759\n|move|p1a: Corviknight|Protect|p1a: Corviknight\n|-singleturn|p1a: Corviknight|Protect\n|move|p2a: Dragapult|U-turn|p1a: Corviknight\n|-activate|p1a: Corviknight|move: Protect\n|\n|-heal|p1a: Corviknight|57/100 brn|[from] item: Leftovers\n|-damage|p1a: Corviknight|51/100 brn|[from] brn\n|upkeep\n|turn|92\n|\n|t:|1783816762\n|move|p2a: Dragapult|U-turn|p1a: Corviknight\n|-resisted|p1a: Corviknight\n|-damage|p1a: Corviknight|47/100 brn\n|\n|t:|1783816765\n|switch|p2a: Garganacl|Garganacl, F, tera:Water|66/100|[from] U-turn\n|-damage|p2a: Garganacl|41/100|[from] Spikes\n|-damage|p2a: Garganacl|28/100|[from] Stealth Rock\n|move|p1a: Corviknight|Roost|p1a: Corviknight\n|-heal|p1a: Corviknight|97/100 brn\n|-singleturn|p1a: Corviknight|move: Roost\n|\n|-heal|p1a: Corviknight|100/100 brn|[from] item: Leftovers\n|-damage|p1a: Corviknight|94/100 brn|[from] brn\n|upkeep\n|turn|93\n|\n|t:|1783816772\n|move|p1a: Corviknight|Protect|p1a: Corviknight\n|-singleturn|p1a: Corviknight|Protect\n|move|p2a: Garganacl|Salt Cure|p1a: Corviknight\n|-activate|p1a: Corviknight|move: Protect\n|\n|-heal|p1a: Corviknight|100/100 brn|[from] item: Leftovers\n|-damage|p1a: Corviknight|94/100 brn|[from] brn\n|upkeep\n|turn|94\n|\n|t:|1783816779\n|switch|p1a: Toxapex|Toxapex, F|90/100\n|-damage|p1a: Toxapex|77/100|[from] Stealth Rock\n|move|p2a: Garganacl|Salt Cure|p1a: Toxapex\n|-damage|p1a: Toxapex|68/100\n|-start|p1a: Toxapex|Salt Cure\n|\n|-damage|p1a: Toxapex|43/100|[from] Salt Cure\n|upkeep\n|turn|95\n|\n|t:|1783816792\n|switch|p1a: Clodsire|Clodsire, M|80/100\n|move|p2a: Garganacl|Salt Cure|p1a: Clodsire\n|-resisted|p1a: Clodsire\n|-damage|p1a: Clodsire|73/100\n|-start|p1a: Clodsire|Salt Cure\n|\n|-damage|p1a: Clodsire|60/100|[from] Salt Cure\n|upkeep\n|turn|96\n|\n|t:|1783816797\n|switch|p2a: Dragapult|Dragapult, F|76/100\n|move|p1a: Clodsire|Earthquake|p2a: Dragapult\n|-damage|p2a: Dragapult|40/100\n|\n|-damage|p1a: Clodsire|48/100|[from] Salt Cure\n|upkeep\n|turn|97\n|\n|t:|1783816803\n|switch|p1a: Toxapex|Toxapex, F|76/100\n|-damage|p1a: Toxapex|64/100|[from] Stealth Rock\n|move|p2a: Dragapult|Hex|p1a: Toxapex\n|-damage|p1a: Toxapex|40/100\n|\n|upkeep\n|turn|98\n|\n|t:|1783816806\n|move|p1a: Toxapex|Baneful Bunker|p1a: Toxapex\n|-singleturn|p1a: Toxapex|move: Protect\n|move|p2a: Dragapult|Draco Meteor|p1a: Toxapex\n|-activate|p1a: Toxapex|move: Protect\n|\n|upkeep\n|turn|99\n|\n|t:|1783816811\n|switch|p1a: Corviknight|Corviknight, F|94/100 brn\n|-damage|p1a: Corviknight|82/100 brn|[from] Stealth Rock\n|-ability|p1a: Corviknight|Pressure\n|move|p2a: Dragapult|Will-O-Wisp|p1a: Corviknight\n|-fail|p1a: Corviknight|brn\n|\n|-heal|p1a: Corviknight|88/100 brn|[from] item: Leftovers\n|-damage|p1a: Corviknight|82/100 brn|[from] brn\n|upkeep\n|turn|100\n|\n|t:|1783816815\n|switch|p2a: Evil Gliscor|Gliscor, M|55/100 tox\n|-damage|p2a: Evil Gliscor|43/100 tox|[from] Stealth Rock\n|move|p1a: Corviknight|Protect||[still]\n|-fail|p1a: Corviknight\n|\n|-heal|p1a: Corviknight|88/100 brn|[from] item: Leftovers\n|-heal|p2a: Evil Gliscor|55/100 tox|[from] ability: Poison Heal\n|-damage|p1a: Corviknight|82/100 brn|[from] brn\n|upkeep\n|turn|101\n|\n|t:|1783816823\n|switch|p1a: Gliscor|Gliscor, M|100/100 tox\n|-damage|p1a: Gliscor|88/100 tox|[from] Stealth Rock\n|move|p2a: Evil Gliscor|Knock Off|p1a: Gliscor\n|-damage|p1a: Gliscor|71/100 tox\n|-enditem|p1a: Gliscor|Toxic Orb|[from] move: Knock Off|[of] p2a: Evil Gliscor\n|\n|-heal|p1a: Gliscor|84/100 tox|[from] ability: Poison Heal\n|-heal|p2a: Evil Gliscor|68/100 tox|[from] ability: Poison Heal\n|upkeep\n|turn|102\n|\n|t:|1783816831\n|switch|p1a: Toxapex|Toxapex, F|73/100\n|-damage|p1a: Toxapex|61/100|[from] Stealth Rock\n|move|p2a: Evil Gliscor|Stealth Rock||[still]\n|-fail|p2a: Evil Gliscor\n|\n|-heal|p2a: Evil Gliscor|80/100 tox|[from] ability: Poison Heal\n|upkeep\n|turn|103\n|\n|t:|1783816838\n|switch|p1a: Gliscor|Gliscor, M|84/100 tox\n|-damage|p1a: Gliscor|71/100 tox|[from] Stealth Rock\n|move|p2a: Evil Gliscor|Knock Off|p1a: Gliscor\n|-damage|p1a: Gliscor|60/100 tox\n|\n|-heal|p1a: Gliscor|72/100 tox|[from] ability: Poison Heal\n|-heal|p2a: Evil Gliscor|92/100 tox|[from] ability: Poison Heal\n|upkeep\n|turn|104\n|\n|t:|1783816844\n|switch|p1a: Toxapex|Toxapex, F|94/100\n|-damage|p1a: Toxapex|81/100|[from] Stealth Rock\n|move|p2a: Evil Gliscor|Knock Off|p1a: Toxapex\n|-damage|p1a: Toxapex|73/100\n|\n|-heal|p2a: Evil Gliscor|100/100 tox|[from] ability: Poison Heal\n|upkeep\n|turn|105\n|\n|t:|1783816848\n|switch|p2a: Dragapult|Dragapult, F|40/100\n|switch|p1a: Corviknight|Corviknight, F|82/100 brn\n|-damage|p1a: Corviknight|69/100 brn|[from] Stealth Rock\n|-ability|p1a: Corviknight|Pressure\n|\n|-heal|p1a: Corviknight|75/100 brn|[from] item: Leftovers\n|-damage|p1a: Corviknight|69/100 brn|[from] brn\n|upkeep\n|turn|106\n|\n|t:|1783816853\n|switch|p2a: Toxapex|Toxapex, F|100/100\n|-damage|p2a: Toxapex|76/100|[from] Spikes\n|-damage|p2a: Toxapex|64/100|[from] Stealth Rock\n|move|p1a: Corviknight|Protect||[still]\n|-fail|p1a: Corviknight\n|\n|-heal|p1a: Corviknight|75/100 brn|[from] item: Leftovers\n|-damage|p1a: Corviknight|69/100 brn|[from] brn\n|upkeep\n|turn|107\n|\n|t:|1783816858\n|switch|p1a: Gliscor|Gliscor, M|72/100 tox\n|-damage|p1a: Gliscor|60/100 tox|[from] Stealth Rock\n|move|p2a: Toxapex|Toxic Spikes|p1a: Gliscor\n|-sidestart|p1: erjtsers|move: Toxic Spikes\n|\n|-heal|p1a: Gliscor|72/100 tox|[from] ability: Poison Heal\n|upkeep\n|turn|108\n|\n|t:|1783816863\n|switch|p2a: Dragapult|Dragapult, F|40/100\n|move|p1a: Gliscor|Knock Off|p2a: Dragapult\n|-supereffective|p2a: Dragapult\n|-damage|p2a: Dragapult|0 fnt\n|-enditem|p2a: Dragapult|Heavy-Duty Boots|[from] move: Knock Off|[of] p1a: Gliscor\n|faint|p2a: Dragapult\n|\n|-heal|p1a: Gliscor|85/100 tox|[from] ability: Poison Heal\n|upkeep\n|-message|iraniantech forfeited.\n|\n|win|erjtsers\n|raw|erjtsers's rating: 1501 &rarr; <strong>1522</strong><br />(+21 for winning)\n|raw|iraniantech's rating: 1526 &rarr; <strong>1505</strong><br />(-21 for losing)\n|l|☆iraniantech\n|player|p2|\n", "uploadtime": 1783816873, "views": 8, "formatid": "gen9ou", "rating": 1505, "private": 0, "password": null}