{"id": "gen9ou-2639278980", "format": "[Gen 9] OU", "players": ["thepeakmons", "MustardFeb"], "log": "|j|☆thepeakmons\n|j|☆MustardFeb\n|t:|1782444868\n|gametype|singles\n|player|p1|thepeakmons|101|1308\n|player|p2|MustardFeb|pokemonbreeder-gen4|1325\n|gen|9\n|tier|[Gen 9] OU\n|rated|\n|rule|HP Percentage Mod: HP is shown in percentages\n|rule|Endless Battle Clause: Forcing endless battles is banned\n|rule|Species Clause: Limit one of each Pokémon\n|rule|OHKO Clause: OHKO moves are banned\n|rule|Evasion Items Clause: Evasion items are banned\n|rule|Evasion Moves Clause: Evasion moves are banned\n|rule|Evasion Abilities Clause: Evasion abilities are banned\n|rule|Sleep Moves Clause: Sleep-inducing moves are banned\n|clearpoke\n|poke|p1|Corviknight, F|\n|poke|p1|Ting-Lu|\n|poke|p1|Kyurem|\n|poke|p1|Dondozo, F|\n|poke|p1|Slowking-Galar, F|\n|poke|p1|Cinderace, F|\n|poke|p2|Slowking-Galar, M|\n|poke|p2|Samurott-Hisui, F|\n|poke|p2|Zamazenta-*|\n|poke|p2|Kyurem|\n|poke|p2|Cinderace, M|\n|poke|p2|Hatterene, F|\n|teampreview\n|inactive|Battle timer is ON: inactive players will automatically lose when time's up. (requested by thepeakmons)\n|\n|t:|1782444874\n|teamsize|p1|6\n|teamsize|p2|6\n|start\n|switch|p1a: Cinderace|Cinderace, F|100/100\n|switch|p2a: Samurott|Samurott-Hisui, F|100/100\n|turn|1\n|j| tsugia\n|inactive|thepeakmons has 120 seconds left.\n|\n|t:|1782444911\n|move|p1a: Cinderace|Will-O-Wisp|p2a: Samurott\n|-status|p2a: Samurott|brn\n|move|p2a: Samurott|Ceaseless Edge|p1a: Cinderace\n|-damage|p1a: Cinderace|74/100\n|-sidestart|p1: thepeakmons|Spikes\n|\n|-damage|p2a: Samurott|94/100 brn|[from] brn\n|upkeep\n|turn|2\n|inactive|thepeakmons has 120 seconds left.\n|\n|t:|1782444930\n|move|p1a: Cinderace|Court Change|p1a: Cinderace\n|-swapsideconditions\n|-activate|p1a: Cinderace|move: Court Change\n|move|p2a: Samurott|Ceaseless Edge|p1a: Cinderace|[miss]\n|-miss|p2a: Samurott|p1a: Cinderace\n|\n|-damage|p2a: Samurott|88/100 brn|[from] brn\n|upkeep\n|turn|3\n|\n|t:|1782444946\n|move|p1a: Cinderace|U-turn|p2a: Samurott\n|-supereffective|p2a: Samurott\n|-damage|p2a: Samurott|38/100 brn\n|\n|t:|1782444958\n|switch|p1a: Kyurem|Kyurem|100/100|[from] U-turn\n|-ability|p1a: Kyurem|Pressure\n|move|p2a: Samurott|Razor Shell|p1a: Kyurem\n|-resisted|p1a: Kyurem\n|-damage|p1a: Kyurem|90/100\n|\n|-heal|p1a: Kyurem|96/100|[from] item: Leftovers\n|-damage|p2a: Samurott|31/100 brn|[from] brn\n|upkeep\n|turn|4\n|l| tsugia\n|\n|t:|1782444966\n|move|p1a: Kyurem|Freeze-Dry|p2a: Samurott\n|-supereffective|p2a: Samurott\n|-damage|p2a: Samurott|0 fnt\n|faint|p2a: Samurott\n|\n|-heal|p1a: Kyurem|100/100|[from] item: Leftovers\n|upkeep\n|\n|t:|1782444972\n|switch|p2a: Zamazenta|Zamazenta|100/100\n|-damage|p2a: Zamazenta|88/100|[from] Spikes\n|-ability|p2a: Zamazenta|Dauntless Shield|boost\n|-boost|p2a: Zamazenta|def|1\n|turn|5\n|\n|t:|1782444979\n|switch|p1a: Slowking|Slowking-Galar, F|100/100\n|move|p2a: Zamazenta|Iron Defense|p2a: Zamazenta\n|-boost|p2a: Zamazenta|def|2\n|\n|-heal|p2a: Zamazenta|94/100|[from] item: Leftovers\n|upkeep\n|turn|6\n|\n|t:|1782444991\n|move|p2a: Zamazenta|Crunch|p1a: Slowking\n|-supereffective|p1a: Slowking\n|-damage|p1a: Slowking|66/100\n|move|p1a: Slowking|Sludge Bomb|p2a: Zamazenta\n|-damage|p2a: Zamazenta|68/100\n|-status|p2a: Zamazenta|psn\n|\n|-heal|p2a: Zamazenta|74/100 psn|[from] item: Leftovers\n|-damage|p2a: Zamazenta|62/100 psn|[from] psn\n|upkeep\n|turn|7\n|\n|t:|1782445004\n|move|p2a: Zamazenta|Crunch|p1a: Slowking\n|-supereffective|p1a: Slowking\n|-damage|p1a: Slowking|34/100\n|move|p1a: Slowking|Sludge Bomb|p2a: Zamazenta\n|-damage|p2a: Zamazenta|35/100 psn\n|\n|-heal|p2a: Zamazenta|41/100 psn|[from] item: Leftovers\n|-damage|p2a: Zamazenta|29/100 psn|[from] psn\n|upkeep\n|turn|8\n|\n|t:|1782445012\n|switch|p1a: Dondozo|Dondozo, F|100/100\n|move|p2a: Zamazenta|Crunch|p1a: Dondozo\n|-damage|p1a: Dondozo|88/100\n|\n|-heal|p2a: Zamazenta|35/100 psn|[from] item: Leftovers\n|-heal|p1a: Dondozo|94/100|[from] item: Leftovers\n|-damage|p2a: Zamazenta|23/100 psn|[from] psn\n|upkeep\n|turn|9\n|\n|t:|1782445018\n|move|p2a: Zamazenta|Body Press|p1a: Dondozo\n|-damage|p1a: Dondozo|76/100\n|move|p1a: Dondozo|Waterfall|p2a: Zamazenta\n|-damage|p2a: Zamazenta|2/100 psn\n|\n|-heal|p2a: Zamazenta|8/100 psn|[from] item: Leftovers\n|-heal|p1a: Dondozo|82/100|[from] item: Leftovers\n|-damage|p2a: Zamazenta|0 fnt|[from] psn\n|faint|p2a: Zamazenta\n|upkeep\n|\n|t:|1782445024\n|switch|p2a: Kyurem|Kyurem|100/100\n|-damage|p2a: Kyurem|88/100|[from] Spikes\n|-ability|p2a: Kyurem|Pressure\n|turn|10\n|\n|t:|1782445035\n|switch|p1a: Cinderace|Cinderace, F|74/100\n|move|p2a: Kyurem|Freeze-Dry|p1a: Cinderace\n|-resisted|p1a: Cinderace\n|-damage|p1a: Cinderace|51/100\n|\n|upkeep\n|turn|11\n|\n|t:|1782445046\n|move|p1a: Cinderace|U-turn|p2a: Kyurem\n|-damage|p2a: Kyurem|69/100\n|-message|MustardFeb forfeited.\n|\n|win|thepeakmons\n|raw|thepeakmons's rating: 1269 &rarr; <strong>1298</strong><br />(+29 for winning)\n|raw|MustardFeb's rating: 1325 &rarr; <strong>1302</strong><br />(-23 for losing)\n|l|☆MustardFeb\n|player|p2|\n", "uploadtime": 1782445063, "views": 8, "formatid": "gen9ou", "rating": 1298, "private": 0, "password": null}