{"id": "gen9ou-2540671290", "format": "[Gen 9] OU", "players": ["zarross", "St4rfl1tT 2"], "log": "|j|☆zarross\n|j|☆St4rfl1tT 2\n|t:|1771237709\n|gametype|singles\n|player|p1|zarross|plumeria|1762\n|player|p2|St4rfl1tT 2|acetrainer|1625\n|gen|9\n|tier|[Gen 9] OU\n|rated|\n|rule|HP Percentage Mod: HP is shown in percentages\n|rule|Endless Battle Clause: Forcing endless battles is banned\n|rule|Species Clause: Limit one of each Pokémon\n|rule|OHKO Clause: OHKO moves are banned\n|rule|Evasion Items Clause: Evasion items are banned\n|rule|Evasion Moves Clause: Evasion moves are banned\n|rule|Evasion Abilities Clause: Evasion abilities are banned\n|rule|Sleep Moves Clause: Sleep-inducing moves are banned\n|clearpoke\n|poke|p1|Dondozo, F|\n|poke|p1|Gliscor, F|\n|poke|p1|Weezing-Galar, F|\n|poke|p1|Blissey, F|\n|poke|p1|Corviknight, F|\n|poke|p1|Amoonguss, F|\n|poke|p2|Garchomp, M|\n|poke|p2|Darkrai|\n|poke|p2|Zapdos|\n|poke|p2|Zamazenta-*|\n|poke|p2|Heatran, M|\n|poke|p2|Ogerpon-Wellspring, F|\n|teampreview\n|inactive|Battle timer is ON: inactive players will automatically lose when time's up. (requested by zarross)\n|c|☆St4rfl1tT 2|nice\n|\n|t:|1771237724\n|teamsize|p1|6\n|teamsize|p2|6\n|start\n|switch|p1a: Gliscor|Gliscor, F|100/100\n|switch|p2a: Darkrai|Darkrai|100/100\n|turn|1\n|\n|t:|1771237729\n|move|p1a: Gliscor|Protect|p1a: Gliscor\n|-singleturn|p1a: Gliscor|Protect\n|move|p2a: Darkrai|Ice Beam|p1a: Gliscor\n|-activate|p1a: Gliscor|move: Protect\n|\n|-status|p1a: Gliscor|tox|[from] item: Toxic Orb\n|upkeep\n|turn|2\n|\n|t:|1771237736\n|switch|p2a: Ogerpon|Ogerpon-Wellspring, F|100/100\n|switch|p1a: Corviknight|Corviknight, F, shiny|100/100\n|-ability|p1a: Corviknight|Pressure\n|\n|upkeep\n|turn|3\n|\n|t:|1771237743\n|switch|p2a: Heatran|Heatran, M|100/100\n|switch|p1a: Weezing|Weezing-Galar, F|100/100\n|-ability|p1a: Weezing|Neutralizing Gas\n|\n|upkeep\n|turn|4\n|\n|t:|1771237749\n|-end|p1a: Weezing|ability: Neutralizing Gas\n|switch|p1a: Flesh Tutu|Blissey, F, shiny|100/100\n|move|p2a: Heatran|Stealth Rock|p1a: Flesh Tutu\n|-sidestart|p1: zarross|move: Stealth Rock\n|\n|upkeep\n|turn|5\n|\n|t:|1771237755\n|move|p2a: Heatran|Taunt|p1a: Flesh Tutu\n|-start|p1a: Flesh Tutu|move: Taunt\n|move|p1a: Flesh Tutu|Seismic Toss|p2a: Heatran\n|-damage|p2a: Heatran|75/100\n|\n|-heal|p2a: Heatran|81/100|[from] item: Leftovers\n|upkeep\n|turn|6\n|j| heatraniac\n|\n|t:|1771237762\n|switch|p2a: Garchomp|Garchomp, M|100/100\n|move|p1a: Flesh Tutu|Seismic Toss|p2a: Garchomp\n|-damage|p2a: Garchomp|73/100\n|-damage|p1a: Flesh Tutu|88/100|[from] ability: Rough Skin|[of] p2a: Garchomp\n|\n|upkeep\n|turn|7\n|\n|t:|1771237768\n|switch|p1a: Gliscor|Gliscor, F|100/100 tox\n|-damage|p1a: Gliscor|88/100 tox|[from] Stealth Rock\n|move|p2a: Garchomp|Swords Dance|p2a: Garchomp\n|-boost|p2a: Garchomp|atk|2\n|\n|-heal|p1a: Gliscor|100/100 tox|[from] ability: Poison Heal\n|upkeep\n|turn|8\n|\n|t:|1771237776\n|move|p2a: Garchomp|Scale Shot|p1a: Gliscor\n|-damage|p1a: Gliscor|85/100 tox\n|-damage|p1a: Gliscor|70/100 tox\n|-damage|p1a: Gliscor|53/100 tox\n|-damage|p1a: Gliscor|36/100 tox\n|-hitcount|p1a: Gliscor|4\n|-unboost|p2a: Garchomp|def|1\n|-boost|p2a: Garchomp|spe|1\n|move|p1a: Gliscor|Toxic|p2a: Garchomp\n|-status|p2a: Garchomp|tox\n|\n|-damage|p2a: Garchomp|66/100 tox|[from] psn\n|-heal|p1a: Gliscor|49/100 tox|[from] ability: Poison Heal\n|upkeep\n|turn|9\n|\n|t:|1771237789\n|switch|p2a: Ogerpon|Ogerpon-Wellspring, F|100/100\n|move|p1a: Gliscor|Protect||[still]\n|-fail|p1a: Gliscor\n|\n|-heal|p1a: Gliscor|61/100 tox|[from] ability: Poison Heal\n|upkeep\n|turn|10\n|\n|t:|1771237802\n|-terastallize|p1a: Gliscor|Dragon\n|move|p2a: Ogerpon|Swords Dance|p2a: Ogerpon\n|-boost|p2a: Ogerpon|atk|2\n|move|p1a: Gliscor|Toxic|p2a: Ogerpon\n|-status|p2a: Ogerpon|tox\n|\n|-damage|p2a: Ogerpon|95/100 tox|[from] psn\n|-heal|p1a: Gliscor|74/100 tox|[from] ability: Poison Heal\n|upkeep\n|turn|11\n|\n|t:|1771237818\n|move|p2a: Ogerpon|Swords Dance|p2a: Ogerpon\n|-boost|p2a: Ogerpon|atk|2\n|move|p1a: Gliscor|Stealth Rock|p2a: Ogerpon\n|-sidestart|p2: St4rfl1tT 2|move: Stealth Rock\n|\n|-damage|p2a: Ogerpon|83/100 tox|[from] psn\n|-heal|p1a: Gliscor|86/100 tox|[from] ability: Poison Heal\n|upkeep\n|turn|12\n|l| heatraniac\n|\n|t:|1771237827\n|move|p1a: Gliscor|Protect|p1a: Gliscor\n|-singleturn|p1a: Gliscor|Protect\n|move|p2a: Ogerpon|Ivy Cudgel|p1a: Gliscor|[anim] Ivy Cudgel Water\n|-activate|p1a: Gliscor|move: Protect\n|\n|-damage|p2a: Ogerpon|65/100 tox|[from] psn\n|-heal|p1a: Gliscor|99/100 tox|[from] ability: Poison Heal\n|upkeep\n|turn|13\n|\n|t:|1771237839\n|switch|p1a: Dondozo|Dondozo, F|100/100\n|-damage|p1a: Dondozo|88/100|[from] Stealth Rock\n|move|p2a: Ogerpon|Horn Leech|p1a: Dondozo\n|-supereffective|p1a: Dondozo\n|-damage|p1a: Dondozo|46/100\n|-heal|p2a: Ogerpon|99/100 tox|[from] drain|[of] p1a: Dondozo\n|\n|-heal|p1a: Dondozo|52/100|[from] item: Leftovers\n|-damage|p2a: Ogerpon|76/100 tox|[from] psn\n|upkeep\n|turn|14\n|-message|St4rfl1tT 2 forfeited.\n|\n|win|zarross\n|raw|zarross's rating: 1762 &rarr; <strong>1774</strong><br />(+12 for winning)\n|raw|St4rfl1tT 2's rating: 1625 &rarr; <strong>1613</strong><br />(-12 for losing)\n|l|☆St4rfl1tT 2\n|player|p2|\n|l|☆zarross\n|player|p1|\n", "uploadtime": 1771237994, "views": 11, "formatid": "gen9ou", "rating": 1613, "private": 0, "password": null}