{"id": "gen9ou-2639299363", "format": "[Gen 9] OU", "players": ["Stingrei", "dummydraedon"], "log": "|j|☆Stingrei\n|j|☆dummydraedon\n|t:|1782448483\n|gametype|singles\n|player|p1|Stingrei|2|1246\n|player|p2|dummydraedon|169|1250\n|gen|9\n|tier|[Gen 9] OU\n|rated|\n|rule|HP Percentage Mod: HP is shown in percentages\n|rule|Endless Battle Clause: Forcing endless battles is banned\n|rule|Species Clause: Limit one of each Pokémon\n|rule|OHKO Clause: OHKO moves are banned\n|rule|Evasion Items Clause: Evasion items are banned\n|rule|Evasion Moves Clause: Evasion moves are banned\n|rule|Evasion Abilities Clause: Evasion abilities are banned\n|rule|Sleep Moves Clause: Sleep-inducing moves are banned\n|clearpoke\n|poke|p1|Regieleki|\n|poke|p1|Raging Bolt|\n|poke|p1|Overqwil, M|\n|poke|p1|Greninja-*, M|\n|poke|p1|Pelipper, M|\n|poke|p1|Iron Treads|\n|poke|p2|Vaporeon, F|\n|poke|p2|Tinkaton, F|\n|poke|p2|Pelipper, M|\n|poke|p2|Excadrill, M|\n|poke|p2|Barraskewda, M|\n|poke|p2|Zoroark-Hisui, M|\n|teampreview\n|\n|t:|1782448525\n|teamsize|p1|6\n|teamsize|p2|6\n|start\n|switch|p1a: Regieleki|Regieleki, shiny|100/100\n|switch|p2a: I smash vap|Tinkaton, F, shiny|100/100\n|-ability|p2a: I smash vap|Mold Breaker\n|turn|1\n|\n|t:|1782448543\n|move|p1a: Regieleki|Volt Switch|p2a: I smash vap\n|-damage|p2a: I smash vap|60/100\n|\n|t:|1782448562\n|switch|p1a: Iron Treads|Iron Treads, shiny|100/100|[from] Volt Switch\n|-enditem|p1a: Iron Treads|Booster Energy\n|-activate|p1a: Iron Treads|ability: Quark Drive|[fromitem]\n|-start|p1a: Iron Treads|quarkdrivespe\n|move|p2a: I smash vap|Knock Off|p1a: Iron Treads\n|-damage|p1a: Iron Treads|90/100\n|\n|-heal|p2a: I smash vap|66/100|[from] item: Leftovers\n|upkeep\n|turn|2\n|\n|t:|1782448595\n|switch|p2a: making vap wet|Pelipper, M|100/100\n|-weather|RainDance|[from] ability: Drizzle|[of] p2a: making vap wet\n|move|p1a: Iron Treads|Stealth Rock|p2a: making vap wet\n|-sidestart|p2: dummydraedon|move: Stealth Rock\n|\n|-weather|RainDance|[upkeep]\n|upkeep\n|turn|3\n|\n|t:|1782448629\n|-end|p1a: Iron Treads|Quark Drive|[silent]\n|switch|p1a: Raging Bolt|Raging Bolt|100/100\n|-enditem|p1a: Raging Bolt|Booster Energy\n|-activate|p1a: Raging Bolt|ability: Protosynthesis|[fromitem]\n|-start|p1a: Raging Bolt|protosynthesisspa\n|move|p2a: making vap wet|Weather Ball|p1a: Raging Bolt\n|-resisted|p1a: Raging Bolt\n|-damage|p1a: Raging Bolt|75/100\n|\n|-weather|RainDance|[upkeep]\n|upkeep\n|turn|4\n|\n|t:|1782448643\n|switch|p2a: I smash vap|Tinkaton, F, shiny|66/100\n|-damage|p2a: I smash vap|60/100|[from] Stealth Rock\n|-ability|p2a: I smash vap|Mold Breaker\n|move|p1a: Raging Bolt|Thunderclap||[still]\n|-fail|p1a: Raging Bolt\n|\n|-weather|RainDance|[upkeep]\n|-heal|p2a: I smash vap|66/100|[from] item: Leftovers\n|upkeep\n|turn|5\n|\n|t:|1782448671\n|move|p2a: I smash vap|Encore|p1a: Raging Bolt\n|-start|p1a: Raging Bolt|Encore\n|move|p1a: Raging Bolt|Thunderclap||[still]\n|-fail|p1a: Raging Bolt\n|\n|-weather|RainDance|[upkeep]\n|-heal|p2a: I smash vap|72/100|[from] item: Leftovers\n|upkeep\n|turn|6\n|\n|t:|1782448685\n|-end|p1a: Raging Bolt|Protosynthesis|[silent]\n|switch|p1a: Regieleki|Regieleki, shiny|100/100\n|move|p2a: I smash vap|Stealth Rock|p1a: Regieleki\n|-sidestart|p1: Stingrei|move: Stealth Rock\n|\n|-weather|none\n|-heal|p2a: I smash vap|79/100|[from] item: Leftovers\n|upkeep\n|turn|7\n|\n|t:|1782448697\n|move|p1a: Regieleki|Thunder|p2a: I smash vap\n|-damage|p2a: I smash vap|21/100\n|move|p2a: I smash vap|Knock Off|p1a: Regieleki\n|-damage|p1a: Regieleki|65/100\n|-enditem|p1a: Regieleki|Choice Specs|[from] move: Knock Off|[of] p2a: I smash vap\n|\n|-heal|p2a: I smash vap|28/100|[from] item: Leftovers\n|upkeep\n|turn|8\n|\n|t:|1782448705\n|switch|p2a: dig deep in vap|Excadrill, M, shiny|100/100\n|-damage|p2a: dig deep in vap|97/100|[from] Stealth Rock\n|-ability|p2a: dig deep in vap|Mold Breaker\n|-item|p2a: dig deep in vap|Air Balloon\n|move|p1a: Regieleki|Thunder|p2a: dig deep in vap\n|-immune|p2a: dig deep in vap\n|\n|upkeep\n|turn|9\n|\n|t:|1782448710\n|move|p1a: Regieleki|Volt Switch|p2a: dig deep in vap\n|-immune|p2a: dig deep in vap\n|move|p2a: dig deep in vap|Rapid Spin|p1a: Regieleki\n|-damage|p1a: Regieleki|28/100\n|-boost|p2a: dig deep in vap|spe|1\n|-sideend|p2: dummydraedon|Stealth Rock|[from] move: Rapid Spin|[of] p2a: dig deep in vap\n|\n|upkeep\n|turn|10\n|\n|t:|1782448735\n|switch|p1a: Iron Treads|Iron Treads, shiny|90/100\n|-damage|p1a: Iron Treads|87/100|[from] Stealth Rock\n|switch|p2a: dig deep in vap|Excadrill, M, shiny|100/100\n|\n|upkeep\n|turn|11\n|\n|t:|1782448753\n|move|p2a: dig deep in vap|Will-O-Wisp|p1a: Iron Treads\n|-status|p1a: Iron Treads|brn\n|move|p1a: Iron Treads|Earth Power|p2a: dig deep in vap\n|-damage|p2a: dig deep in vap|31/100\n|replace|p2a: i think im vap|Zoroark-Hisui, M\n|-end|p2a: i think im vap|Illusion\n|\n|-damage|p1a: Iron Treads|81/100 brn|[from] brn\n|upkeep\n|turn|12\n|\n|t:|1782448765\n|switch|p2a: making vap wet|Pelipper, M|100/100\n|-weather|RainDance|[from] ability: Drizzle|[of] p2a: making vap wet\n|move|p1a: Iron Treads|Stealth Rock|p2a: making vap wet\n|-sidestart|p2: dummydraedon|move: Stealth Rock\n|\n|-weather|RainDance|[upkeep]\n|-damage|p1a: Iron Treads|75/100 brn|[from] brn\n|upkeep\n|turn|13\n|\n|t:|1782448770\n|move|p2a: making vap wet|Weather Ball|p1a: Iron Treads\n|-supereffective|p1a: Iron Treads\n|-damage|p1a: Iron Treads|0 fnt\n|faint|p1a: Iron Treads\n|-end|p1a: Iron Treads|Quark Drive|[silent]\n|\n|-weather|RainDance|[upkeep]\n|upkeep\n|\n|t:|1782448780\n|switch|p1a: Regieleki|Regieleki, shiny|28/100\n|-damage|p1a: Regieleki|16/100|[from] Stealth Rock\n|turn|14\n|\n|t:|1782448802\n|switch|p1a: Greninja|Greninja, M|100/100\n|-damage|p1a: Greninja|88/100|[from] Stealth Rock\n|switch|p2a: dig deep in vap|Excadrill, M, shiny|31/100\n|-damage|p2a: dig deep in vap|19/100|[from] Stealth Rock\n|\n|-weather|RainDance|[upkeep]\n|upkeep\n|turn|15\n|\n|t:|1782448808\n|move|p1a: Greninja|Water Shuriken|p2a: dig deep in vap\n|-damage|p2a: dig deep in vap|0 fnt\n|replace|p2a: i think im vap|Zoroark-Hisui, M\n|-end|p2a: i think im vap|Illusion\n|faint|p2a: i think im vap\n|-ability|p1a: Greninja|Battle Bond|boost\n|-boost|p1a: Greninja|atk|1\n|-boost|p1a: Greninja|spa|1\n|-boost|p1a: Greninja|spe|1\n|-activate|p1a: Greninja|ability: Battle Bond\n|-hitcount|p2: i think im vap|1\n|-damage|p1a: Greninja|78/100|[from] item: Life Orb\n|\n|-weather|RainDance|[upkeep]\n|upkeep\n|\n|t:|1782448813\n|switch|p2a: vap|Vaporeon, F|100/100\n|-damage|p2a: vap|88/100|[from] Stealth Rock\n|turn|16\n|\n|t:|1782448821\n|move|p1a: Greninja|Dark Pulse|p2a: vap\n|-damage|p2a: vap|26/100\n|-damage|p1a: Greninja|69/100|[from] item: Life Orb\n|cant|p2a: vap|flinch\n|\n|-weather|none\n|-heal|p2a: vap|32/100|[from] item: Leftovers\n|upkeep\n|turn|17\n|\n|t:|1782448830\n|move|p2a: vap|Protect|p2a: vap\n|-singleturn|p2a: vap|Protect\n|move|p1a: Greninja|Dark Pulse|p2a: vap\n|-activate|p2a: vap|move: Protect\n|\n|-heal|p2a: vap|38/100|[from] item: Leftovers\n|upkeep\n|turn|18\n|\n|t:|1782448843\n|move|p1a: Greninja|Dark Pulse|p2a: vap\n|-damage|p2a: vap|0 fnt\n|faint|p2a: vap\n|-damage|p1a: Greninja|59/100|[from] item: Life Orb\n|\n|upkeep\n|\n|t:|1782448846\n|switch|p2a: making vap wet|Pelipper, M|100/100\n|-damage|p2a: making vap wet|76/100|[from] Stealth Rock\n|-weather|RainDance|[from] ability: Drizzle|[of] p2a: making vap wet\n|turn|19\n|\n|t:|1782448854\n|move|p1a: Greninja|Surf|p2a: making vap wet\n|-resisted|p2a: making vap wet\n|-damage|p2a: making vap wet|0 fnt\n|faint|p2a: making vap wet\n|-damage|p1a: Greninja|49/100|[from] item: Life Orb\n|\n|-weather|RainDance|[upkeep]\n|upkeep\n|\n|t:|1782448858\n|switch|p2a: swimming in vap|Barraskewda, M|100/100\n|-damage|p2a: swimming in vap|88/100|[from] Stealth Rock\n|turn|20\n|\n|t:|1782448877\n|switch|p1a: Regieleki|Regieleki, shiny|16/100\n|-damage|p1a: Regieleki|4/100|[from] Stealth Rock\n|move|p2a: swimming in vap|Close Combat|p1a: Regieleki\n|-damage|p1a: Regieleki|0 fnt\n|-unboost|p2a: swimming in vap|def|1\n|-unboost|p2a: swimming in vap|spd|1\n|faint|p1a: Regieleki\n|-damage|p2a: swimming in vap|78/100|[from] item: Life Orb\n|\n|-weather|RainDance|[upkeep]\n|upkeep\n|\n|t:|1782448882\n|switch|p1a: Raging Bolt|Raging Bolt|75/100\n|-damage|p1a: Raging Bolt|63/100|[from] Stealth Rock\n|turn|21\n|\n|t:|1782448887\n|move|p2a: swimming in vap|Aqua Jet|p1a: Raging Bolt\n|-resisted|p1a: Raging Bolt\n|-damage|p1a: Raging Bolt|46/100\n|-damage|p2a: swimming in vap|69/100|[from] item: Life Orb\n|move|p1a: Raging Bolt|Calm Mind|p1a: Raging Bolt\n|-boost|p1a: Raging Bolt|spa|1\n|-boost|p1a: Raging Bolt|spd|1\n|\n|-weather|RainDance|[upkeep]\n|upkeep\n|turn|22\n|\n|t:|1782448893\n|-terastallize|p2a: swimming in vap|Fighting\n|move|p2a: swimming in vap|Close Combat|p1a: Raging Bolt\n|-damage|p1a: Raging Bolt|0 fnt\n|-unboost|p2a: swimming in vap|def|1\n|-unboost|p2a: swimming in vap|spd|1\n|faint|p1a: Raging Bolt\n|-end|p1a: Raging Bolt|Protosynthesis|[silent]\n|-damage|p2a: swimming in vap|59/100|[from] item: Life Orb\n|\n|-weather|RainDance|[upkeep]\n|upkeep\n|\n|t:|1782448910\n|switch|p1a: Pelipper|Pelipper, M, shiny|100/100\n|-damage|p1a: Pelipper|76/100|[from] Stealth Rock\n|turn|23\n|\n|t:|1782448916\n|switch|p2a: I smash vap|Tinkaton, F, shiny|28/100\n|-damage|p2a: I smash vap|21/100|[from] Stealth Rock\n|-ability|p2a: I smash vap|Mold Breaker\n|move|p1a: Pelipper|Weather Ball|p2a: I smash vap\n|-crit|p2a: I smash vap\n|-damage|p2a: I smash vap|0 fnt\n|faint|p2a: I smash vap\n|\n|-weather|none\n|upkeep\n|c|☆dummydraedon|yooo\n|c|☆dummydraedon|is it scarf or specs?\n|c|☆dummydraedon|mine is scarf :3\n|-message|dummydraedon forfeited.\n|\n|win|Stingrei\n|raw|Stingrei's rating: 1246 &rarr; <strong>1271</strong><br />(+25 for winning)\n|raw|dummydraedon's rating: 1250 &rarr; <strong>1225</strong><br />(-25 for losing)\n|c|☆Stingrei|oopsgg\n|c|☆Stingrei|oh\n|c|☆Stingrei|not scrafed\n|c|☆Stingrei|but who did you mean?\n|c|☆Stingrei|i dont have any scarfs\n|l|☆Stingrei\n|player|p1|\n|l|☆dummydraedon\n|player|p2|\n", "uploadtime": 1782449240, "views": 4, "formatid": "gen9ou", "rating": 1225, "private": 0, "password": null}