{"id": "gen9ou-2647833388", "format": "[Gen 9] OU", "players": ["yesterdaymister", "portobellomushroom"], "log": "|badge|p2|bronze|gen9randombattle|100-10\n|uhtml|medal-msg|<div class=\"broadcast-blue\">Curious what those medals under the avatar are? PS now has Ladder Seasons! For more information, check out the <a href=\"https://www.smogon.com/forums/threads/3740067/\">thread on Smogon.</a></div>\n|j|☆yesterdaymister\n|j|☆portobellomushroom\n|t:|1783820700\n|gametype|singles\n|player|p1|yesterdaymister|striker|1705\n|player|p2|portobellomushroom|turo-ai|1721\n|gen|9\n|tier|[Gen 9] OU\n|rated|\n|rule|HP Percentage Mod: HP is shown in percentages\n|rule|Endless Battle Clause: Forcing endless battles is banned\n|rule|Species Clause: Limit one of each Pokémon\n|rule|OHKO Clause: OHKO moves are banned\n|rule|Evasion Items Clause: Evasion items are banned\n|rule|Evasion Moves Clause: Evasion moves are banned\n|rule|Evasion Abilities Clause: Evasion abilities are banned\n|rule|Sleep Moves Clause: Sleep-inducing moves are banned\n|clearpoke\n|poke|p1|Ninetales, M|\n|poke|p1|Ceruledge, F|\n|poke|p1|Venusaur, M|\n|poke|p1|Hatterene, F|\n|poke|p1|Great Tusk|\n|poke|p1|Walking Wake|\n|poke|p2|Glimmora, F|\n|poke|p2|Polteageist|\n|poke|p2|Deoxys-Speed|\n|poke|p2|Great Tusk|\n|poke|p2|Dragonite, M|\n|poke|p2|Iron Valiant|\n|teampreview\n|inactive|Battle timer is ON: inactive players will automatically lose when time's up. (requested by portobellomushroom)\n|inactive|yesterdaymister also wants the timer to be on.\n|\n|t:|1783820706\n|teamsize|p1|6\n|teamsize|p2|6\n|start\n|switch|p1a: arda guler|Ninetales, M|100/100\n|switch|p2a: glim glam|Glimmora, F|100/100\n|-weather|SunnyDay|[from] ability: Drought|[of] p1a: arda guler\n|turn|1\n|\n|t:|1783820718\n|switch|p1a: mignolet|Great Tusk|100/100\n|-activate|p1a: mignolet|ability: Protosynthesis\n|-start|p1a: mignolet|protosynthesisspe\n|move|p2a: glim glam|Stealth Rock|p1a: mignolet\n|-sidestart|p1: yesterdaymister|move: Stealth Rock\n|\n|-weather|SunnyDay|[upkeep]\n|upkeep\n|turn|2\n|\n|t:|1783820723\n|switch|p2a: drank|Polteageist|100/100\n|move|p1a: mignolet|Rapid Spin|p2a: drank\n|-immune|p2a: drank\n|\n|-weather|SunnyDay|[upkeep]\n|upkeep\n|turn|3\n|\n|t:|1783820727\n|move|p1a: mignolet|Headlong Rush|p2a: drank\n|-enditem|p2a: drank|Focus Sash\n|-damage|p2a: drank|1/100\n|-unboost|p1a: mignolet|def|1\n|-unboost|p1a: mignolet|spd|1\n|-ability|p2a: drank|Weak Armor|boost\n|-unboost|p2a: drank|def|1\n|-boost|p2a: drank|spe|2\n|move|p2a: drank|Shell Smash|p2a: drank\n|-unboost|p2a: drank|def|1\n|-unboost|p2a: drank|spd|1\n|-boost|p2a: drank|atk|2\n|-boost|p2a: drank|spa|2\n|-boost|p2a: drank|spe|2\n|\n|-weather|SunnyDay|[upkeep]\n|upkeep\n|turn|4\n|\n|t:|1783820731\n|-end|p1a: mignolet|Protosynthesis|[silent]\n|switch|p1a: maccabi|Hatterene, F|100/100\n|-damage|p1a: maccabi|88/100|[from] Stealth Rock\n|move|p2a: drank|Shadow Ball|p1a: maccabi\n|-supereffective|p1a: maccabi\n|-damage|p1a: maccabi|0 fnt\n|faint|p1a: maccabi\n|\n|-weather|SunnyDay|[upkeep]\n|upkeep\n|\n|t:|1783820735\n|switch|p1a: lebron|Ceruledge, F|100/100\n|-damage|p1a: lebron|76/100|[from] Stealth Rock\n|turn|5\n|\n|t:|1783820741\n|switch|p2a: glim glam|Glimmora, F|100/100\n|move|p1a: lebron|Shadow Sneak|p2a: glim glam\n|-damage|p2a: glim glam|75/100\n|-activate|p2a: glim glam|ability: Toxic Debris\n|-sidestart|p1: yesterdaymister|move: Toxic Spikes\n|\n|-weather|SunnyDay|[upkeep]\n|upkeep\n|turn|6\n|\n|t:|1783820747\n|move|p2a: glim glam|Power Gem|p1a: lebron\n|-supereffective|p1a: lebron\n|-damage|p1a: lebron|0 fnt\n|faint|p1a: lebron\n|\n|-weather|SunnyDay|[upkeep]\n|upkeep\n|\n|t:|1783820753\n|switch|p1a: hans vanaken|Venusaur, M|100/100\n|-damage|p1a: hans vanaken|88/100|[from] Stealth Rock\n|-sideend|p1: yesterdaymister|move: Toxic Spikes|[of] p1a: hans vanaken\n|turn|7\n|\n|t:|1783820758\n|move|p1a: hans vanaken|Giga Drain|p2a: glim glam\n|-damage|p2a: glim glam|11/100\n|-heal|p1a: hans vanaken|100/100|[from] drain|[of] p2a: glim glam\n|-damage|p1a: hans vanaken|91/100|[from] item: Life Orb\n|move|p2a: glim glam|Power Gem|p1a: hans vanaken\n|-damage|p1a: hans vanaken|43/100\n|\n|-weather|SunnyDay|[upkeep]\n|upkeep\n|turn|8\n|\n|t:|1783820763\n|move|p1a: hans vanaken|Giga Drain|p2a: glim glam\n|-damage|p2a: glim glam|0 fnt\n|-heal|p1a: hans vanaken|49/100|[from] drain|[of] p2a: glim glam\n|faint|p2a: glim glam\n|-damage|p1a: hans vanaken|39/100|[from] item: Life Orb\n|\n|-weather|none\n|upkeep\n|\n|t:|1783820770\n|switch|p2a: great donphan|Great Tusk|100/100\n|-enditem|p2a: great donphan|Booster Energy\n|-activate|p2a: great donphan|ability: Protosynthesis|[fromitem]\n|-start|p2a: great donphan|protosynthesisspe\n|turn|9\n|\n|t:|1783820773\n|switch|p1a: mignolet|Great Tusk|100/100\n|-damage|p1a: mignolet|98/100|[from] Stealth Rock\n|move|p2a: great donphan|Headlong Rush|p1a: mignolet\n|-damage|p1a: mignolet|63/100\n|-unboost|p2a: great donphan|def|1\n|-unboost|p2a: great donphan|spd|1\n|-damage|p2a: great donphan|84/100|[from] item: Rocky Helmet|[of] p1a: mignolet\n|\n|upkeep\n|turn|10\n|\n|t:|1783820777\n|-end|p2a: great donphan|Protosynthesis|[silent]\n|switch|p2a: drank|Polteageist|1/100\n|move|p1a: mignolet|Rapid Spin|p2a: drank\n|-immune|p2a: drank\n|\n|upkeep\n|turn|11\n|\n|t:|1783820780\n|move|p1a: mignolet|Ice Spinner|p2a: drank\n|-damage|p2a: drank|0 fnt\n|faint|p2a: drank\n|\n|upkeep\n|\n|t:|1783820782\n|switch|p2a: liting mcgoo|Deoxys-Speed|100/100\n|-ability|p2a: liting mcgoo|Pressure\n|turn|12\n|\n|t:|1783820789\n|-end|p1a: mignolet|Protosynthesis|[silent]\n|switch|p1a: arda guler|Ninetales, M|100/100\n|-damage|p1a: arda guler|76/100|[from] Stealth Rock\n|-weather|SunnyDay|[from] ability: Drought|[of] p1a: arda guler\n|move|p2a: liting mcgoo|Psycho Boost|p1a: arda guler\n|-damage|p1a: arda guler|0 fnt\n|-unboost|p2a: liting mcgoo|spa|2\n|faint|p1a: arda guler\n|-damage|p2a: liting mcgoo|91/100|[from] item: Life Orb\n|\n|-weather|SunnyDay|[upkeep]\n|upkeep\n|\n|t:|1783820798\n|switch|p1a: hans vanaken|Venusaur, M|39/100\n|-damage|p1a: hans vanaken|26/100|[from] Stealth Rock\n|turn|13\n|\n|t:|1783820808\n|switch|p2a: great donphan|Great Tusk|84/100\n|-activate|p2a: great donphan|ability: Protosynthesis\n|-start|p2a: great donphan|protosynthesisspe\n|move|p1a: hans vanaken|Weather Ball|p2a: great donphan\n|-damage|p2a: great donphan|7/100\n|-damage|p1a: hans vanaken|16/100|[from] item: Life Orb\n|\n|-weather|SunnyDay|[upkeep]\n|upkeep\n|turn|14\n|\n|t:|1783820813\n|move|p1a: hans vanaken|Giga Drain|p2a: great donphan\n|-supereffective|p2a: great donphan\n|-damage|p2a: great donphan|0 fnt\n|-heal|p1a: hans vanaken|21/100|[from] drain|[of] p2a: great donphan\n|faint|p2a: great donphan\n|-end|p2a: great donphan|Protosynthesis|[silent]\n|-damage|p1a: hans vanaken|11/100|[from] item: Life Orb\n|\n|-weather|SunnyDay|[upkeep]\n|upkeep\n|\n|t:|1783820817\n|switch|p2a: Dnite|Dragonite, M|100/100\n|turn|15\n|\n|t:|1783820824\n|switch|p1a: mignolet|Great Tusk|63/100\n|-damage|p1a: mignolet|60/100|[from] Stealth Rock\n|-activate|p1a: mignolet|ability: Protosynthesis\n|-start|p1a: mignolet|protosynthesisspe\n|move|p2a: Dnite|Dragon Dance|p2a: Dnite\n|-boost|p2a: Dnite|atk|1\n|-boost|p2a: Dnite|spe|1\n|\n|-weather|SunnyDay|[upkeep]\n|upkeep\n|turn|16\n|\n|t:|1783820833\n|-terastallize|p2a: Dnite|Normal\n|move|p1a: mignolet|Rapid Spin|p2a: Dnite\n|-damage|p2a: Dnite|93/100\n|-boost|p1a: mignolet|spe|1\n|-sideend|p1: yesterdaymister|Stealth Rock|[from] move: Rapid Spin|[of] p1a: mignolet\n|move|p2a: Dnite|Earthquake|p1a: mignolet\n|-damage|p1a: mignolet|22/100\n|\n|-weather|SunnyDay|[upkeep]\n|upkeep\n|turn|17\n|\n|t:|1783820839\n|move|p2a: Dnite|Extreme Speed|p1a: mignolet\n|-damage|p1a: mignolet|0 fnt\n|-damage|p2a: Dnite|77/100|[from] item: Rocky Helmet|[of] p1a: mignolet\n|faint|p1a: mignolet\n|-end|p1a: mignolet|Protosynthesis|[silent]\n|\n|-weather|SunnyDay|[upkeep]\n|upkeep\n|\n|t:|1783820842\n|switch|p1a: chama|Walking Wake|100/100\n|-activate|p1a: chama|ability: Protosynthesis\n|-start|p1a: chama|protosynthesisspa\n|turn|18\n|\n|t:|1783820844\n|move|p2a: Dnite|Extreme Speed|p1a: chama\n|-damage|p1a: chama|24/100\n|move|p1a: chama|Hydro Steam|p2a: Dnite\n|-crit|p2a: Dnite\n|-damage|p2a: Dnite|0 fnt\n|faint|p2a: Dnite\n|\n|-weather|SunnyDay|[upkeep]\n|upkeep\n|\n|t:|1783820848\n|switch|p2a: liting mcgoo|Deoxys-Speed|91/100\n|-ability|p2a: liting mcgoo|Pressure\n|turn|19\n|\n|t:|1783820851\n|move|p2a: liting mcgoo|Shadow Ball|p1a: chama\n|-crit|p1a: chama\n|-damage|p1a: chama|0 fnt\n|faint|p1a: chama\n|-end|p1a: chama|Protosynthesis|[silent]\n|-damage|p2a: liting mcgoo|81/100|[from] item: Life Orb\n|\n|-weather|none\n|upkeep\n|\n|t:|1783820853\n|switch|p1a: hans vanaken|Venusaur, M|11/100\n|turn|20\n|\n|t:|1783820856\n|move|p2a: liting mcgoo|Shadow Ball|p1a: hans vanaken\n|-damage|p1a: hans vanaken|0 fnt\n|faint|p1a: hans vanaken\n|-damage|p2a: liting mcgoo|72/100|[from] item: Life Orb\n|\n|win|portobellomushroom\n|raw|yesterdaymister's rating: 1705 &rarr; <strong>1686</strong><br />(-19 for losing)\n|raw|portobellomushroom's rating: 1721 &rarr; <strong>1740</strong><br />(+19 for winning)\n|c|☆portobellomushroom|gg\n|l|☆portobellomushroom\n|player|p2|\n|c|☆yesterdaymister|fgg\n|l|☆yesterdaymister\n|player|p1|\n", "uploadtime": 1783821119, "views": 17, "formatid": "gen9ou", "rating": 1686, "private": 0, "password": null}