{"id": "gen9ou-2647804202", "format": "[Gen 9] OU", "players": ["Hyrake", "JoYuKneekYT"], "log": "|j|☆Hyrake\n|j|☆JoYuKneekYT\n|t:|1783815537\n|gametype|singles\n|player|p1|Hyrake|265|1282\n|player|p2|JoYuKneekYT|cynthia|1342\n|gen|9\n|tier|[Gen 9] OU\n|rated|\n|rule|HP Percentage Mod: HP is shown in percentages\n|rule|Endless Battle Clause: Forcing endless battles is banned\n|rule|Species Clause: Limit one of each Pokémon\n|rule|OHKO Clause: OHKO moves are banned\n|rule|Evasion Items Clause: Evasion items are banned\n|rule|Evasion Moves Clause: Evasion moves are banned\n|rule|Evasion Abilities Clause: Evasion abilities are banned\n|rule|Sleep Moves Clause: Sleep-inducing moves are banned\n|clearpoke\n|poke|p1|Zapdos|\n|poke|p1|Gliscor, M|\n|poke|p1|Zamazenta-*|\n|poke|p1|Gholdengo|\n|poke|p1|Iron Valiant|\n|poke|p1|Ogerpon-Wellspring, F|\n|poke|p2|Oricorio-Pom-Pom, M|\n|poke|p2|Ceruledge, M|\n|poke|p2|Grimmsnarl, M|\n|poke|p2|Decidueye-Hisui, F|\n|poke|p2|Cinderace, F|\n|poke|p2|Ogerpon-Wellspring, F|\n|teampreview\n|inactive|Battle timer is ON: inactive players will automatically lose when time's up. (requested by JoYuKneekYT)\n|inactive|Hyrake has 120 seconds left.\n|\n|t:|1783815583\n|teamsize|p1|6\n|teamsize|p2|6\n|start\n|switch|p1a: Gliscor|Gliscor, M|100/100\n|switch|p2a: Cinderace|Cinderace, F|100/100\n|turn|1\n|\n|t:|1783815587\n|move|p2a: Cinderace|Pyro Ball|p1a: Gliscor\n|-damage|p1a: Gliscor|55/100\n|move|p1a: Gliscor|Toxic|p2a: Cinderace\n|-status|p2a: Cinderace|tox\n|\n|-damage|p2a: Cinderace|95/100 tox|[from] psn\n|-status|p1a: Gliscor|tox|[from] item: Toxic Orb\n|upkeep\n|turn|2\n|\n|t:|1783815592\n|move|p1a: Gliscor|Protect|p1a: Gliscor\n|-singleturn|p1a: Gliscor|Protect\n|move|p2a: Cinderace|Pyro Ball|p1a: Gliscor\n|-activate|p1a: Gliscor|move: Protect\n|\n|-damage|p2a: Cinderace|83/100 tox|[from] psn\n|-heal|p1a: Gliscor|67/100 tox|[from] ability: Poison Heal\n|upkeep\n|turn|3\n|\n|t:|1783815595\n|move|p2a: Cinderace|Pyro Ball|p1a: Gliscor\n|-damage|p1a: Gliscor|22/100 tox\n|move|p1a: Gliscor|Earthquake|p2a: Cinderace\n|-supereffective|p2a: Cinderace\n|-damage|p2a: Cinderace|0 fnt\n|faint|p2a: Cinderace\n|\n|-heal|p1a: Gliscor|34/100 tox|[from] ability: Poison Heal\n|upkeep\n|\n|t:|1783815598\n|switch|p2a: Ogerpon|Ogerpon-Wellspring, F|100/100\n|turn|4\n|\n|t:|1783815609\n|switch|p1a: Ogerpon|Ogerpon-Wellspring, F|100/100\n|move|p2a: Ogerpon|Trailblaze|p1a: Ogerpon\n|-damage|p1a: Ogerpon|58/100\n|-boost|p2a: Ogerpon|spe|1\n|\n|upkeep\n|turn|5\n|\n|t:|1783815637\n|move|p2a: Ogerpon|Power Whip|p1a: Ogerpon\n|-damage|p1a: Ogerpon|0 fnt\n|faint|p1a: Ogerpon\n|\n|upkeep\n|\n|t:|1783815641\n|switch|p1a: Zamazenta|Zamazenta|100/100\n|-ability|p1a: Zamazenta|Dauntless Shield|boost\n|-boost|p1a: Zamazenta|def|1\n|turn|6\n|\n|t:|1783815650\n|move|p2a: Ogerpon|Swords Dance|p2a: Ogerpon\n|-boost|p2a: Ogerpon|atk|2\n|move|p1a: Zamazenta|Close Combat|p2a: Ogerpon\n|-damage|p2a: Ogerpon|18/100\n|-unboost|p1a: Zamazenta|def|1\n|-unboost|p1a: Zamazenta|spd|1\n|\n|upkeep\n|turn|7\n|\n|t:|1783815656\n|move|p2a: Ogerpon|Ivy Cudgel|p1a: Zamazenta|[anim] Ivy Cudgel Water\n|-damage|p1a: Zamazenta|0 fnt\n|faint|p1a: Zamazenta\n|\n|upkeep\n|\n|t:|1783815659\n|switch|p1a: Zapdos|Zapdos|100/100\n|turn|8\n|\n|t:|1783815662\n|move|p2a: Ogerpon|Ivy Cudgel|p1a: Zapdos|[anim] Ivy Cudgel Water\n|-damage|p1a: Zapdos|10/100\n|move|p1a: Zapdos|Hurricane|p2a: Ogerpon\n|-supereffective|p2a: Ogerpon\n|-damage|p2a: Ogerpon|0 fnt\n|faint|p2a: Ogerpon\n|\n|upkeep\n|\n|t:|1783815673\n|switch|p2a: Oricorio|Oricorio-Pom-Pom, M|100/100\n|turn|9\n|\n|t:|1783815697\n|move|p2a: Oricorio|Quiver Dance|p2a: Oricorio\n|-boost|p2a: Oricorio|spa|1\n|-boost|p2a: Oricorio|spd|1\n|-boost|p2a: Oricorio|spe|1\n|move|p1a: Zapdos|Volt Switch|p2a: Oricorio\n|-damage|p2a: Oricorio|76/100\n|\n|t:|1783815707\n|switch|p1a: Gliscor|Gliscor, M|34/100 tox|[from] Volt Switch\n|\n|-heal|p1a: Gliscor|47/100 tox|[from] ability: Poison Heal\n|upkeep\n|turn|10\n|\n|t:|1783815710\n|move|p2a: Oricorio|Air Slash|p1a: Gliscor\n|-damage|p1a: Gliscor|0 fnt\n|faint|p1a: Gliscor\n|\n|upkeep\n|\n|t:|1783815712\n|switch|p1a: Iron Valiant|Iron Valiant|100/100\n|-enditem|p1a: Iron Valiant|Booster Energy\n|-activate|p1a: Iron Valiant|ability: Quark Drive|[fromitem]\n|-start|p1a: Iron Valiant|quarkdrivespe\n|turn|11\n|\n|t:|1783815719\n|move|p1a: Iron Valiant|Moonblast|p2a: Oricorio\n|-damage|p2a: Oricorio|35/100\n|move|p2a: Oricorio|Air Slash|p1a: Iron Valiant|[miss]\n|-miss|p2a: Oricorio|p1a: Iron Valiant\n|\n|upkeep\n|turn|12\n|\n|t:|1783815724\n|move|p1a: Iron Valiant|Knock Off|p2a: Oricorio\n|-damage|p2a: Oricorio|0 fnt\n|-enditem|p2a: Oricorio|Kee Berry|[from] move: Knock Off|[of] p1a: Iron Valiant\n|faint|p2a: Oricorio\n|\n|upkeep\n|\n|t:|1783815728\n|switch|p2a: Grimmsnarl|Grimmsnarl, M|100/100\n|turn|13\n|\n|t:|1783815732\n|move|p2a: Grimmsnarl|Light Screen|p2a: Grimmsnarl\n|-sidestart|p2: JoYuKneekYT|move: Light Screen\n|move|p1a: Iron Valiant|Moonblast|p2a: Grimmsnarl\n|-supereffective|p2a: Grimmsnarl\n|-damage|p2a: Grimmsnarl|67/100\n|\n|upkeep\n|turn|14\n|\n|t:|1783815735\n|move|p2a: Grimmsnarl|Reflect|p2a: Grimmsnarl\n|-sidestart|p2: JoYuKneekYT|Reflect\n|move|p1a: Iron Valiant|Encore|p2a: Grimmsnarl\n|-start|p2a: Grimmsnarl|Encore\n|\n|upkeep\n|turn|15\n|\n|t:|1783815746\n|move|p2a: Grimmsnarl|Reflect||[still]\n|-fail|p2a: Grimmsnarl\n|move|p1a: Iron Valiant|Knock Off|p2a: Grimmsnarl\n|-resisted|p2a: Grimmsnarl\n|-damage|p2a: Grimmsnarl|62/100\n|-enditem|p2a: Grimmsnarl|Light Clay|[from] move: Knock Off|[of] p1a: Iron Valiant\n|\n|upkeep\n|turn|16\n|\n|t:|1783815751\n|move|p2a: Grimmsnarl|Reflect||[still]\n|-fail|p2a: Grimmsnarl\n|move|p1a: Iron Valiant|Moonblast|p2a: Grimmsnarl\n|-supereffective|p2a: Grimmsnarl\n|-damage|p2a: Grimmsnarl|27/100\n|\n|upkeep\n|turn|17\n|\n|t:|1783815757\n|move|p2a: Grimmsnarl|Reflect||[still]\n|-fail|p2a: Grimmsnarl\n|move|p1a: Iron Valiant|Moonblast|p2a: Grimmsnarl\n|-supereffective|p2a: Grimmsnarl\n|-damage|p2a: Grimmsnarl|0 fnt\n|faint|p2a: Grimmsnarl\n|\n|upkeep\n|\n|t:|1783815759\n|switch|p2a: Ceruledge|Ceruledge, M|100/100\n|turn|18\n|\n|t:|1783815763\n|move|p1a: Iron Valiant|Knock Off|p2a: Ceruledge\n|-supereffective|p2a: Ceruledge\n|-damage|p2a: Ceruledge|58/100\n|-ability|p2a: Ceruledge|Weak Armor|boost\n|-unboost|p2a: Ceruledge|def|1\n|-boost|p2a: Ceruledge|spe|2\n|-enditem|p2a: Ceruledge|Focus Sash|[from] move: Knock Off|[of] p1a: Iron Valiant\n|move|p2a: Ceruledge|Swords Dance|p2a: Ceruledge\n|-boost|p2a: Ceruledge|atk|2\n|\n|upkeep\n|turn|19\n|\n|t:|1783815770\n|move|p2a: Ceruledge|Bitter Blade|p1a: Iron Valiant\n|-damage|p1a: Iron Valiant|0 fnt\n|-heal|p2a: Ceruledge|100/100|[from] drain|[of] p1a: Iron Valiant\n|faint|p1a: Iron Valiant\n|-end|p1a: Iron Valiant|Quark Drive|[silent]\n|\n|upkeep\n|\n|t:|1783815775\n|switch|p1a: Zapdos|Zapdos|10/100\n|turn|20\n|\n|t:|1783815778\n|move|p2a: Ceruledge|Shadow Sneak|p1a: Zapdos\n|-damage|p1a: Zapdos|0 fnt\n|-status|p2a: Ceruledge|par|[from] ability: Static|[of] p1a: Zapdos\n|faint|p1a: Zapdos\n|\n|-sideend|p2: JoYuKneekYT|move: Light Screen\n|upkeep\n|\n|t:|1783815780\n|switch|p1a: Gholdengo|Gholdengo|100/100\n|-item|p1a: Gholdengo|Air Balloon\n|turn|21\n|\n|t:|1783815786\n|move|p2a: Ceruledge|Bitter Blade|p1a: Gholdengo\n|-supereffective|p1a: Gholdengo\n|-damage|p1a: Gholdengo|0 fnt\n|-enditem|p1a: Gholdengo|Air Balloon\n|faint|p1a: Gholdengo\n|\n|win|JoYuKneekYT\n|raw|Hyrake's rating: 1282 &rarr; <strong>1261</strong><br />(-21 for losing)\n|raw|JoYuKneekYT's rating: 1342 &rarr; <strong>1359</strong><br />(+17 for winning)\n|l|☆Hyrake\n|player|p1|\n|l|☆JoYuKneekYT\n|player|p2|\n", "uploadtime": 1783816085, "views": 7, "formatid": "gen9ou", "rating": 1261, "private": 0, "password": null}