{"id": "gen9ou-2639313441", "format": "[Gen 9] OU", "players": ["maple_syrup689hoe", "Roseofrosarade"], "log": "|j|☆maple_syrup689hoe\n|j|☆Roseofrosarade\n|t:|1782451177\n|gametype|singles\n|player|p1|maple_syrup689hoe|lyra|1470\n|player|p2|Roseofrosarade|101|1765\n|gen|9\n|tier|[Gen 9] OU\n|rated|\n|rule|HP Percentage Mod: HP is shown in percentages\n|rule|Endless Battle Clause: Forcing endless battles is banned\n|rule|Species Clause: Limit one of each Pokémon\n|rule|OHKO Clause: OHKO moves are banned\n|rule|Evasion Items Clause: Evasion items are banned\n|rule|Evasion Moves Clause: Evasion moves are banned\n|rule|Evasion Abilities Clause: Evasion abilities are banned\n|rule|Sleep Moves Clause: Sleep-inducing moves are banned\n|clearpoke\n|poke|p1|Glimmora, F|\n|poke|p1|Great Tusk|\n|poke|p1|Ogerpon-Wellspring, F|\n|poke|p1|Gholdengo|\n|poke|p1|Kingambit, F|\n|poke|p1|Enamorus, F|\n|poke|p2|Serperior, F|\n|poke|p2|Tinkaton, F|\n|poke|p2|Moltres|\n|poke|p2|Samurott-Hisui, M|\n|poke|p2|Great Tusk|\n|poke|p2|Dragapult, F|\n|teampreview\n|\n|t:|1782451199\n|teamsize|p1|6\n|teamsize|p2|6\n|start\n|switch|p1a: Glimmora|Glimmora, F|100/100\n|switch|p2a: Samurott|Samurott-Hisui, M|100/100\n|turn|1\n|\n|t:|1782451213\n|move|p1a: Glimmora|Stealth Rock|p2a: Samurott\n|-sidestart|p2: Roseofrosarade|move: Stealth Rock\n|move|p2a: Samurott|Ceaseless Edge|p1a: Glimmora|[miss]\n|-miss|p2a: Samurott|p1a: Glimmora\n|\n|upkeep\n|turn|2\n|\n|t:|1782451218\n|move|p1a: Glimmora|Power Gem|p2a: Samurott\n|-damage|p2a: Samurott|73/100\n|move|p2a: Samurott|Ceaseless Edge|p1a: Glimmora\n|-damage|p1a: Glimmora|51/100\n|-activate|p1a: Glimmora|ability: Toxic Debris\n|-sidestart|p2: Roseofrosarade|move: Toxic Spikes\n|-sidestart|p1: maple_syrup689hoe|Spikes\n|\n|upkeep\n|turn|3\n|inactive|Battle timer is ON: inactive players will automatically lose when time's up. (requested by maple_syrup689hoe)\n|\n|t:|1782451223\n|move|p1a: Glimmora|Mortal Spin|p2a: Samurott\n|-damage|p2a: Samurott|67/100\n|-status|p2a: Samurott|psn\n|-sideend|p1: maple_syrup689hoe|Spikes|[from] move: Mortal Spin|[of] p1a: Glimmora\n|move|p2a: Samurott|Razor Shell|p1a: Glimmora\n|-supereffective|p1a: Glimmora\n|-damage|p1a: Glimmora|0 fnt\n|-activate|p1a: Glimmora|ability: Toxic Debris\n|-sidestart|p2: Roseofrosarade|move: Toxic Spikes\n|faint|p1a: Glimmora\n|\n|-damage|p2a: Samurott|55/100 psn|[from] psn\n|upkeep\n|\n|t:|1782451228\n|switch|p1a: Enamorus|Enamorus, F|100/100\n|turn|4\n|\n|t:|1782451236\n|-terastallize|p2a: Samurott|Poison\n|move|p1a: Enamorus|Substitute|p1a: Enamorus\n|-start|p1a: Enamorus|Substitute\n|-damage|p1a: Enamorus|76/100\n|move|p2a: Samurott|Razor Shell|p1a: Enamorus\n|-end|p1a: Enamorus|Substitute\n|\n|-heal|p1a: Enamorus|82/100|[from] item: Leftovers\n|-damage|p2a: Samurott|42/100 psn|[from] psn\n|upkeep\n|turn|5\n|\n|t:|1782451251\n|switch|p2a: Tinkaton|Tinkaton, F|100/100\n|-damage|p2a: Tinkaton|94/100|[from] Stealth Rock\n|-item|p2a: Tinkaton|Air Balloon\n|move|p1a: Enamorus|Earth Power|p2a: Tinkaton\n|-immune|p2a: Tinkaton\n|\n|-heal|p1a: Enamorus|88/100|[from] item: Leftovers\n|upkeep\n|turn|6\n|\n|t:|1782451256\n|switch|p1a: Great Tusk|Great Tusk|100/100\n|-enditem|p1a: Great Tusk|Booster Energy\n|-activate|p1a: Great Tusk|ability: Protosynthesis|[fromitem]\n|-start|p1a: Great Tusk|protosynthesisspe\n|move|p2a: Tinkaton|Stealth Rock|p1a: Great Tusk\n|-sidestart|p1: maple_syrup689hoe|move: Stealth Rock\n|\n|upkeep\n|turn|7\n|\n|t:|1782451261\n|switch|p2a: Moltres|Moltres|100/100\n|move|p1a: Great Tusk|Bulk Up|p1a: Great Tusk\n|-boost|p1a: Great Tusk|atk|1\n|-boost|p1a: Great Tusk|def|1\n|\n|upkeep\n|turn|8\n|\n|t:|1782451263\n|move|p1a: Great Tusk|Head Smash|p2a: Moltres\n|-supereffective|p2a: Moltres\n|-damage|p2a: Moltres|0 fnt\n|faint|p2a: Moltres\n|-damage|p1a: Great Tusk|56/100|[from] Recoil\n|\n|upkeep\n|\n|t:|1782451268\n|switch|p2a: Serperior|Serperior, F|100/100\n|-damage|p2a: Serperior|88/100|[from] Stealth Rock\n|-status|p2a: Serperior|tox\n|turn|9\n|\n|t:|1782451271\n|move|p2a: Serperior|Leaf Storm|p1a: Great Tusk\n|-supereffective|p1a: Great Tusk\n|-damage|p1a: Great Tusk|0 fnt\n|-boost|p2a: Serperior|spa|2\n|faint|p1a: Great Tusk\n|-end|p1a: Great Tusk|Protosynthesis|[silent]\n|\n|-damage|p2a: Serperior|82/100 tox|[from] psn\n|upkeep\n|\n|t:|1782451276\n|switch|p1a: Gholdengo|Gholdengo|100/100\n|-damage|p1a: Gholdengo|94/100|[from] Stealth Rock\n|-item|p1a: Gholdengo|Air Balloon\n|turn|10\n|\n|t:|1782451281\n|move|p2a: Serperior|Leaf Storm|p1a: Gholdengo\n|-resisted|p1a: Gholdengo\n|-damage|p1a: Gholdengo|34/100\n|-boost|p2a: Serperior|spa|2\n|-enditem|p1a: Gholdengo|Air Balloon\n|move|p1a: Gholdengo|Shadow Ball|p2a: Serperior\n|-damage|p2a: Serperior|27/100 tox\n|\n|-damage|p2a: Serperior|15/100 tox|[from] psn\n|upkeep\n|turn|11\n|\n|t:|1782451284\n|move|p2a: Serperior|Leaf Storm|p1a: Gholdengo\n|-resisted|p1a: Gholdengo\n|-damage|p1a: Gholdengo|0 fnt\n|-boost|p2a: Serperior|spa|2\n|faint|p1a: Gholdengo\n|\n|-damage|p2a: Serperior|0 fnt|[from] psn\n|faint|p2a: Serperior\n|upkeep\n|\n|t:|1782451288\n|switch|p2a: Samurott|Samurott-Hisui, M, tera:Poison|42/100 psn\n|switch|p1a: Ogerpon|Ogerpon-Wellspring, F|100/100\n|-damage|p1a: Ogerpon|88/100|[from] Stealth Rock\n|-damage|p2a: Samurott|30/100 psn|[from] Stealth Rock\n|-sideend|p2: Roseofrosarade|move: Toxic Spikes|[of] p2a: Samurott\n|turn|12\n|\n|t:|1782451292\n|move|p2a: Samurott|Sucker Punch|p1a: Ogerpon\n|-damage|p1a: Ogerpon|48/100\n|move|p1a: Ogerpon|Ivy Cudgel|p2a: Samurott|[anim] Ivy Cudgel Water\n|-crit|p2a: Samurott\n|-damage|p2a: Samurott|0 fnt\n|faint|p2a: Samurott\n|\n|upkeep\n|\n|t:|1782451299\n|switch|p2a: Dragapult|Dragapult, F|100/100\n|-damage|p2a: Dragapult|88/100|[from] Stealth Rock\n|turn|13\n|\n|t:|1782451303\n|move|p2a: Dragapult|U-turn|p1a: Ogerpon\n|-supereffective|p1a: Ogerpon\n|-damage|p1a: Ogerpon|0 fnt\n|faint|p1a: Ogerpon\n|\n|t:|1782451307\n|switch|p2a: Tinkaton|Tinkaton, F|94/100|[from] U-turn\n|-damage|p2a: Tinkaton|88/100|[from] Stealth Rock\n|-item|p2a: Tinkaton|Air Balloon\n|\n|upkeep\n|\n|t:|1782451309\n|switch|p1a: Kingambit|Kingambit, F|100/100\n|-damage|p1a: Kingambit|94/100|[from] Stealth Rock\n|-activate|p1a: Kingambit|ability: Supreme Overlord\n|-start|p1a: Kingambit|fallen4|[silent]\n|turn|14\n|\n|t:|1782451312\n|switch|p2a: Great Tusk|Great Tusk|100/100\n|move|p1a: Kingambit|Iron Head|p2a: Great Tusk\n|-crit|p2a: Great Tusk\n|-damage|p2a: Great Tusk|25/100\n|\n|-heal|p1a: Kingambit|100/100|[from] item: Leftovers\n|upkeep\n|turn|15\n|\n|t:|1782451331\n|-terastallize|p1a: Kingambit|Ghost\n|move|p2a: Great Tusk|Close Combat|p1a: Kingambit\n|-immune|p1a: Kingambit\n|move|p1a: Kingambit|Iron Head|p2a: Great Tusk\n|-damage|p2a: Great Tusk|0 fnt\n|faint|p2a: Great Tusk\n|-end|p2a: Great Tusk|Protosynthesis|[silent]\n|\n|upkeep\n|\n|t:|1782451338\n|switch|p2a: Tinkaton|Tinkaton, F|88/100\n|-damage|p2a: Tinkaton|82/100|[from] Stealth Rock\n|-item|p2a: Tinkaton|Air Balloon\n|turn|16\n|\n|t:|1782451341\n|move|p2a: Tinkaton|Thunder Wave|p1a: Kingambit\n|-status|p1a: Kingambit|par\n|cant|p1a: Kingambit|par\n|\n|upkeep\n|turn|17\n|\n|t:|1782451345\n|move|p2a: Tinkaton|Gigaton Hammer|p1a: Kingambit\n|-crit|p1a: Kingambit\n|-damage|p1a: Kingambit|44/100 par\n|move|p1a: Kingambit|Iron Head|p2a: Tinkaton\n|-damage|p2a: Tinkaton|12/100\n|-enditem|p2a: Tinkaton|Air Balloon\n|-enditem|p1a: Kingambit|Leftovers|[silent]|[from] ability: Pickpocket|[of] p1a: Kingambit\n|-item|p2a: Tinkaton|Leftovers|[from] ability: Pickpocket|[of] p1a: Kingambit\n|\n|-heal|p2a: Tinkaton|18/100|[from] item: Leftovers\n|upkeep\n|turn|18\n|\n|t:|1782451356\n|move|p1a: Kingambit|Sucker Punch||[still]\n|-fail|p1a: Kingambit\n|move|p2a: Tinkaton|Encore|p1a: Kingambit\n|-start|p1a: Kingambit|Encore\n|\n|-heal|p2a: Tinkaton|24/100|[from] item: Leftovers\n|upkeep\n|turn|19\n|\n|t:|1782451360\n|move|p1a: Kingambit|Sucker Punch||[still]\n|-fail|p1a: Kingambit\n|move|p2a: Tinkaton|Thunder Wave|p1a: Kingambit\n|-fail|p1a: Kingambit|par\n|\n|-heal|p2a: Tinkaton|30/100|[from] item: Leftovers\n|upkeep\n|turn|20\n|\n|t:|1782451364\n|move|p1a: Kingambit|Sucker Punch||[still]\n|-fail|p1a: Kingambit\n|move|p2a: Tinkaton|Thunder Wave|p1a: Kingambit\n|-fail|p1a: Kingambit|par\n|\n|-heal|p2a: Tinkaton|37/100|[from] item: Leftovers\n|upkeep\n|turn|21\n|\n|t:|1782451383\n|move|p1a: Kingambit|Sucker Punch||[still]\n|-fail|p1a: Kingambit\n|move|p2a: Tinkaton|Thunder Wave|p1a: Kingambit\n|-fail|p1a: Kingambit|par\n|\n|-heal|p2a: Tinkaton|43/100|[from] item: Leftovers\n|-end|p1a: Kingambit|Encore\n|upkeep\n|turn|22\n|\n|t:|1782451386\n|-end|p1a: Kingambit|fallen4|[silent]\n|switch|p1a: Enamorus|Enamorus, F|88/100\n|-damage|p1a: Enamorus|63/100|[from] Stealth Rock\n|move|p2a: Tinkaton|Gigaton Hammer|p1a: Enamorus\n|-supereffective|p1a: Enamorus\n|-damage|p1a: Enamorus|0 fnt\n|faint|p1a: Enamorus\n|\n|-heal|p2a: Tinkaton|49/100|[from] item: Leftovers\n|upkeep\n|\n|t:|1782451391\n|switch|p1a: Kingambit|Kingambit, F, tera:Ghost|44/100 par\n|-damage|p1a: Kingambit|32/100 par|[from] Stealth Rock\n|-activate|p1a: Kingambit|ability: Supreme Overlord\n|-start|p1a: Kingambit|fallen5|[silent]\n|turn|23\n|\n|t:|1782451394\n|move|p2a: Tinkaton|Stealth Rock||[still]\n|-fail|p2a: Tinkaton\n|move|p1a: Kingambit|Iron Head|p2a: Tinkaton\n|-damage|p2a: Tinkaton|0 fnt\n|faint|p2a: Tinkaton\n|\n|upkeep\n|\n|t:|1782451395\n|switch|p2a: Dragapult|Dragapult, F|88/100\n|-damage|p2a: Dragapult|76/100|[from] Stealth Rock\n|turn|24\n|\n|t:|1782451398\n|move|p2a: Dragapult|Shadow Ball|p1a: Kingambit\n|-supereffective|p1a: Kingambit\n|-damage|p1a: Kingambit|0 fnt\n|faint|p1a: Kingambit\n|-end|p1a: Kingambit|fallen5|[silent]\n|\n|win|Roseofrosarade\n|raw|maple_syrup689hoe's rating: 1470 &rarr; <strong>1464</strong><br />(-6 for losing)\n|raw|Roseofrosarade's rating: 1765 &rarr; <strong>1771</strong><br />(+6 for winning)\n|l|☆maple_syrup689hoe\n|player|p1|\n|l|☆Roseofrosarade\n|player|p2|\n", "uploadtime": 1782451659, "views": 13, "formatid": "gen9ou", "rating": 1464, "private": 0, "password": null}