{"id": "gen9ou-2647697005", "format": "[Gen 9] OU", "players": ["OUBotBeepBoop", "Hoshidad"], "log": "|j|☆OUBotBeepBoop\n|j|☆Hoshidad\n|t:|1783797883\n|gametype|singles\n|player|p1|OUBotBeepBoop|102|1193\n|player|p2|Hoshidad|101|1167\n|gen|9\n|tier|[Gen 9] OU\n|rated|\n|rule|HP Percentage Mod: HP is shown in percentages\n|rule|Endless Battle Clause: Forcing endless battles is banned\n|rule|Species Clause: Limit one of each Pokémon\n|rule|OHKO Clause: OHKO moves are banned\n|rule|Evasion Items Clause: Evasion items are banned\n|rule|Evasion Moves Clause: Evasion moves are banned\n|rule|Evasion Abilities Clause: Evasion abilities are banned\n|rule|Sleep Moves Clause: Sleep-inducing moves are banned\n|clearpoke\n|poke|p1|Glimmora, M|\n|poke|p1|Great Tusk|\n|poke|p1|Kingambit, M|\n|poke|p1|Dragapult, F|\n|poke|p1|Clefable, M|\n|poke|p1|Corviknight, F|\n|poke|p2|Trevenant, M|\n|poke|p2|Dondozo, M|\n|poke|p2|Gliscor, M|\n|poke|p2|Garchomp, M|\n|poke|p2|Clefable, M|\n|poke|p2|Moltres|\n|teampreview\n|inactive|Battle timer is ON: inactive players will automatically lose when time's up. (requested by OUBotBeepBoop)\n|\n|t:|1783797891\n|teamsize|p1|6\n|teamsize|p2|6\n|start\n|switch|p1a: Glimmora|Glimmora, M|100/100\n|switch|p2a: Garchomp|Garchomp, M|100/100\n|turn|1\n|\n|t:|1783797902\n|switch|p1a: Great Tusk|Great Tusk|100/100\n|move|p2a: Garchomp|Earthquake|p1a: Great Tusk\n|-damage|p1a: Great Tusk|60/100\n|\n|upkeep\n|turn|2\n|\n|t:|1783797915\n|move|p1a: Great Tusk|Ice Spinner|p2a: Garchomp\n|-supereffective|p2a: Garchomp\n|-damage|p2a: Garchomp|0 fnt\n|-damage|p1a: Great Tusk|48/100|[from] ability: Rough Skin|[of] p2a: Garchomp\n|-damage|p1a: Great Tusk|31/100|[from] item: Rocky Helmet|[of] p2a: Garchomp\n|faint|p2a: Garchomp\n|\n|upkeep\n|\n|t:|1783797925\n|switch|p2a: Trevenant|Trevenant, M|100/100\n|turn|3\n|\n|t:|1783797938\n|-terastallize|p2a: Trevenant|Water\n|move|p1a: Great Tusk|Knock Off|p2a: Trevenant\n|-damage|p2a: Trevenant|61/100\n|-enditem|p2a: Trevenant|Sitrus Berry|[from] move: Knock Off|[of] p1a: Great Tusk\n|move|p2a: Trevenant|Horn Leech|p1a: Great Tusk\n|-supereffective|p1a: Great Tusk\n|-damage|p1a: Great Tusk|0 fnt\n|-heal|p2a: Trevenant|76/100|[from] drain|[of] p1a: Great Tusk\n|faint|p1a: Great Tusk\n|-end|p1a: Great Tusk|Protosynthesis|[silent]\n|\n|upkeep\n|\n|t:|1783797938\n|switch|p1a: Dragapult|Dragapult, F|100/100\n|turn|4\n|\n|t:|1783797954\n|move|p1a: Dragapult|U-turn|p2a: Trevenant\n|-crit|p2a: Trevenant\n|-damage|p2a: Trevenant|48/100\n|\n|t:|1783797954\n|switch|p1a: Kingambit|Kingambit, M|100/100|[from] U-turn\n|-activate|p1a: Kingambit|ability: Supreme Overlord\n|-start|p1a: Kingambit|fallen1|[silent]\n|move|p2a: Trevenant|Leech Seed|p1a: Kingambit|[miss]\n|-miss|p2a: Trevenant|p1a: Kingambit\n|\n|upkeep\n|turn|5\n|\n|t:|1783797965\n|move|p2a: Trevenant|Leech Seed|p1a: Kingambit\n|-start|p1a: Kingambit|move: Leech Seed\n|move|p1a: Kingambit|Kowtow Cleave|p2a: Trevenant\n|-damage|p2a: Trevenant|0 fnt\n|faint|p2a: Trevenant\n|\n|upkeep\n|\n|t:|1783797975\n|switch|p2a: Gliscor|Gliscor, M, shiny|100/100\n|turn|6\n|\n|t:|1783797980\n|move|p2a: Gliscor|Stealth Rock|p1a: Kingambit\n|-sidestart|p1: OUBotBeepBoop|move: Stealth Rock\n|move|p1a: Kingambit|Kowtow Cleave|p2a: Gliscor\n|-damage|p2a: Gliscor|59/100\n|\n|-damage|p1a: Kingambit|88/100|[from] Leech Seed|[of] p2a: Gliscor\n|-heal|p2a: Gliscor|73/100|[silent]\n|-status|p2a: Gliscor|tox|[from] item: Toxic Orb\n|upkeep\n|turn|7\n|\n|t:|1783797991\n|move|p2a: Gliscor|Knock Off|p1a: Kingambit\n|-resisted|p1a: Kingambit\n|-damage|p1a: Kingambit|80/100\n|-enditem|p1a: Kingambit|Black Glasses|[from] move: Knock Off|[of] p2a: Gliscor\n|move|p1a: Kingambit|Kowtow Cleave|p2a: Gliscor\n|-damage|p2a: Gliscor|39/100 tox\n|\n|-damage|p1a: Kingambit|68/100|[from] Leech Seed|[of] p2a: Gliscor\n|-heal|p2a: Gliscor|53/100 tox|[silent]\n|-heal|p2a: Gliscor|65/100 tox|[from] ability: Poison Heal\n|upkeep\n|turn|8\n|\n|t:|1783798002\n|move|p2a: Gliscor|Knock Off|p1a: Kingambit\n|-resisted|p1a: Kingambit\n|-damage|p1a: Kingambit|63/100\n|move|p1a: Kingambit|Kowtow Cleave|p2a: Gliscor\n|-damage|p2a: Gliscor|29/100 tox\n|\n|-damage|p1a: Kingambit|50/100|[from] Leech Seed|[of] p2a: Gliscor\n|-heal|p2a: Gliscor|43/100 tox|[silent]\n|-heal|p2a: Gliscor|55/100 tox|[from] ability: Poison Heal\n|upkeep\n|turn|9\n|\n|t:|1783798013\n|move|p2a: Gliscor|Knock Off|p1a: Kingambit\n|-resisted|p1a: Kingambit\n|-damage|p1a: Kingambit|45/100\n|move|p1a: Kingambit|Kowtow Cleave|p2a: Gliscor\n|-damage|p2a: Gliscor|19/100 tox\n|\n|-damage|p1a: Kingambit|33/100|[from] Leech Seed|[of] p2a: Gliscor\n|-heal|p2a: Gliscor|33/100 tox|[silent]\n|-heal|p2a: Gliscor|45/100 tox|[from] ability: Poison Heal\n|upkeep\n|turn|10\n|\n|t:|1783798023\n|-end|p1a: Kingambit|fallen1|[silent]\n|switch|p1a: Clefable|Clefable, M|100/100\n|-damage|p1a: Clefable|88/100|[from] Stealth Rock\n|move|p2a: Gliscor|Protect||[still]\n|-fail|p2a: Gliscor\n|\n|-heal|p1a: Clefable|94/100|[from] item: Leftovers\n|-heal|p2a: Gliscor|58/100 tox|[from] ability: Poison Heal\n|upkeep\n|turn|11\n|\n|t:|1783798034\n|move|p2a: Gliscor|Toxic|p1a: Clefable\n|-status|p1a: Clefable|tox\n|move|p1a: Clefable|Moonblast|p2a: Gliscor\n|-damage|p2a: Gliscor|17/100 tox\n|\n|-heal|p1a: Clefable|99/100 tox|[from] item: Leftovers\n|-heal|p2a: Gliscor|30/100 tox|[from] ability: Poison Heal\n|-damage|p1a: Clefable|94/100 tox|[from] psn\n|upkeep\n|turn|12\n|\n|t:|1783798045\n|move|p2a: Gliscor|Protect|p2a: Gliscor\n|-singleturn|p2a: Gliscor|Protect\n|move|p1a: Clefable|Moonblast|p2a: Gliscor\n|-activate|p2a: Gliscor|move: Protect\n|\n|-heal|p1a: Clefable|99/100 tox|[from] item: Leftovers\n|-heal|p2a: Gliscor|42/100 tox|[from] ability: Poison Heal\n|-damage|p1a: Clefable|88/100 tox|[from] psn\n|upkeep\n|turn|13\n|\n|t:|1783798057\n|move|p2a: Gliscor|Knock Off|p1a: Clefable\n|-resisted|p1a: Clefable\n|-damage|p1a: Clefable|80/100 tox\n|-enditem|p1a: Clefable|Leftovers|[from] move: Knock Off|[of] p2a: Gliscor\n|move|p1a: Clefable|Moonblast|p2a: Gliscor\n|-crit|p2a: Gliscor\n|-damage|p2a: Gliscor|0 fnt\n|faint|p2a: Gliscor\n|\n|-damage|p1a: Clefable|62/100 tox|[from] psn\n|upkeep\n|\n|t:|1783798073\n|switch|p2a: Clefable|Clefable, M|100/100\n|turn|14\n|\n|t:|1783798079\n|move|p2a: Clefable|Cosmic Power|p2a: Clefable\n|-boost|p2a: Clefable|def|1\n|-boost|p2a: Clefable|spd|1\n|move|p1a: Clefable|Wish|p1a: Clefable\n|\n|-damage|p1a: Clefable|37/100 tox|[from] psn\n|upkeep\n|turn|15\n|\n|t:|1783798093\n|move|p1a: Clefable|Wish||[still]\n|-fail|p1a: Clefable\n|move|p2a: Clefable|Cosmic Power|p2a: Clefable\n|-boost|p2a: Clefable|def|1\n|-boost|p2a: Clefable|spd|1\n|\n|-heal|p1a: Clefable|87/100 tox|[from] move: Wish|[wisher] Clefable\n|-damage|p1a: Clefable|57/100 tox|[from] psn\n|upkeep\n|turn|16\n|\n|t:|1783798107\n|move|p1a: Clefable|Wish|p1a: Clefable\n|move|p2a: Clefable|Cosmic Power|p2a: Clefable\n|-boost|p2a: Clefable|def|1\n|-boost|p2a: Clefable|spd|1\n|\n|-damage|p1a: Clefable|20/100 tox|[from] psn\n|upkeep\n|turn|17\n|\n|t:|1783798115\n|switch|p1a: Corviknight|Corviknight, F|100/100\n|-damage|p1a: Corviknight|88/100|[from] Stealth Rock\n|-ability|p1a: Corviknight|Pressure\n|move|p2a: Clefable|Cosmic Power|p2a: Clefable\n|-boost|p2a: Clefable|def|1\n|-boost|p2a: Clefable|spd|1\n|\n|-heal|p1a: Corviknight|100/100|[from] move: Wish|[wisher] Clefable\n|upkeep\n|turn|18\n|\n|t:|1783798131\n|move|p1a: Corviknight|Defog|p2a: Clefable\n|-unboost|p2a: Clefable|evasion|1\n|-sideend|p1: OUBotBeepBoop|Stealth Rock|[from] move: Defog|[of] p1a: Corviknight\n|move|p2a: Clefable|Cosmic Power|p2a: Clefable\n|-boost|p2a: Clefable|def|1\n|-boost|p2a: Clefable|spd|1\n|\n|upkeep\n|turn|19\n|\n|t:|1783798139\n|move|p1a: Corviknight|U-turn|p2a: Clefable\n|-resisted|p2a: Clefable\n|-damage|p2a: Clefable|98/100\n|\n|t:|1783798139\n|switch|p1a: Glimmora|Glimmora, M|100/100|[from] U-turn\n|move|p2a: Clefable|Cosmic Power|p2a: Clefable\n|-boost|p2a: Clefable|def|1\n|-boost|p2a: Clefable|spd|1\n|\n|-heal|p2a: Clefable|100/100|[from] item: Leftovers\n|upkeep\n|turn|20\n|\n|t:|1783798151\n|move|p1a: Glimmora|Power Gem|p2a: Clefable\n|-damage|p2a: Clefable|91/100\n|move|p2a: Clefable|Stored Power|p1a: Glimmora\n|-supereffective|p1a: Glimmora\n|-enditem|p1a: Glimmora|Focus Sash\n|-damage|p1a: Glimmora|1/100\n|\n|-heal|p2a: Clefable|97/100|[from] item: Leftovers\n|upkeep\n|turn|21\n|\n|t:|1783798161\n|move|p1a: Glimmora|Power Gem|p2a: Clefable\n|-damage|p2a: Clefable|87/100\n|move|p2a: Clefable|Stored Power|p1a: Glimmora\n|-supereffective|p1a: Glimmora\n|-damage|p1a: Glimmora|0 fnt\n|faint|p1a: Glimmora\n|\n|-heal|p2a: Clefable|93/100|[from] item: Leftovers\n|upkeep\n|\n|t:|1783798161\n|switch|p1a: Kingambit|Kingambit, M|33/100\n|-activate|p1a: Kingambit|ability: Supreme Overlord\n|-start|p1a: Kingambit|fallen2|[silent]\n|turn|22\n|\n|t:|1783798175\n|move|p2a: Clefable|Moonblast|p1a: Kingambit\n|-damage|p1a: Kingambit|0 fnt\n|faint|p1a: Kingambit\n|-end|p1a: Kingambit|fallen2|[silent]\n|\n|-heal|p2a: Clefable|99/100|[from] item: Leftovers\n|upkeep\n|\n|t:|1783798176\n|switch|p1a: Corviknight|Corviknight, F|100/100\n|-ability|p1a: Corviknight|Pressure\n|turn|23\n|\n|t:|1783798193\n|move|p1a: Corviknight|U-turn|p2a: Clefable\n|-resisted|p2a: Clefable\n|-crit|p2a: Clefable\n|-damage|p2a: Clefable|86/100\n|\n|t:|1783798195\n|switch|p1a: Dragapult|Dragapult, F|100/100|[from] U-turn\n|move|p2a: Clefable|Stored Power|p1a: Dragapult\n|-damage|p1a: Dragapult|0 fnt\n|faint|p1a: Dragapult\n|\n|-heal|p2a: Clefable|92/100|[from] item: Leftovers\n|upkeep\n|\n|t:|1783798196\n|switch|p1a: Corviknight|Corviknight, F|100/100\n|-ability|p1a: Corviknight|Pressure\n|turn|24\n|\n|t:|1783798212\n|move|p1a: Corviknight|U-turn|p2a: Clefable\n|-resisted|p2a: Clefable\n|-damage|p2a: Clefable|90/100\n|\n|t:|1783798212\n|switch|p1a: Clefable|Clefable, M|20/100 tox|[from] U-turn\n|move|p2a: Clefable|Stored Power|p1a: Clefable\n|-damage|p1a: Clefable|0 fnt\n|faint|p1a: Clefable\n|\n|-heal|p2a: Clefable|96/100|[from] item: Leftovers\n|upkeep\n|\n|t:|1783798213\n|switch|p1a: Corviknight|Corviknight, F|100/100\n|-ability|p1a: Corviknight|Pressure\n|turn|25\n|\n|t:|1783798229\n|move|p1a: Corviknight|U-turn|p2a: Clefable\n|-resisted|p2a: Clefable\n|-damage|p2a: Clefable|94/100\n|move|p2a: Clefable|Stored Power|p1a: Corviknight\n|-resisted|p1a: Corviknight\n|-damage|p1a: Corviknight|59/100\n|\n|-heal|p1a: Corviknight|65/100|[from] item: Leftovers\n|-heal|p2a: Clefable|99/100|[from] item: Leftovers\n|upkeep\n|turn|26\n|\n|t:|1783798238\n|move|p1a: Corviknight|Roost|p1a: Corviknight\n|-heal|p1a: Corviknight|100/100\n|-singleturn|p1a: Corviknight|move: Roost\n|move|p2a: Clefable|Stored Power|p1a: Corviknight\n|-resisted|p1a: Corviknight\n|-damage|p1a: Corviknight|63/100\n|\n|-heal|p1a: Corviknight|69/100|[from] item: Leftovers\n|-heal|p2a: Clefable|100/100|[from] item: Leftovers\n|upkeep\n|turn|27\n|\n|t:|1783798248\n|move|p1a: Corviknight|Roost|p1a: Corviknight\n|-heal|p1a: Corviknight|100/100\n|-singleturn|p1a: Corviknight|move: Roost\n|move|p2a: Clefable|Stored Power|p1a: Corviknight\n|-resisted|p1a: Corviknight\n|-damage|p1a: Corviknight|62/100\n|\n|-heal|p1a: Corviknight|68/100|[from] item: Leftovers\n|upkeep\n|turn|28\n|\n|t:|1783798260\n|move|p1a: Corviknight|Roost|p1a: Corviknight\n|-heal|p1a: Corviknight|100/100\n|-singleturn|p1a: Corviknight|move: Roost\n|move|p2a: Clefable|Stored Power|p1a: Corviknight\n|-resisted|p1a: Corviknight\n|-damage|p1a: Corviknight|62/100\n|\n|-heal|p1a: Corviknight|69/100|[from] item: Leftovers\n|upkeep\n|turn|29\n|j| ruan3108\n|\n|t:|1783798272\n|move|p1a: Corviknight|Roost|p1a: Corviknight\n|-heal|p1a: Corviknight|100/100\n|-singleturn|p1a: Corviknight|move: Roost\n|move|p2a: Clefable|Moonblast|p1a: Corviknight\n|-resisted|p1a: Corviknight\n|-damage|p1a: Corviknight|77/100\n|-unboost|p1a: Corviknight|spa|1\n|\n|-heal|p1a: Corviknight|83/100|[from] item: Leftovers\n|upkeep\n|turn|30\n|\n|t:|1783798284\n|move|p1a: Corviknight|U-turn|p2a: Clefable\n|-resisted|p2a: Clefable\n|-damage|p2a: Clefable|98/100\n|move|p2a: Clefable|Moonblast|p1a: Corviknight\n|-resisted|p1a: Corviknight\n|-damage|p1a: Corviknight|62/100\n|-unboost|p1a: Corviknight|spa|1\n|\n|-heal|p1a: Corviknight|69/100|[from] item: Leftovers\n|-heal|p2a: Clefable|100/100|[from] item: Leftovers\n|upkeep\n|turn|31\n|\n|t:|1783798297\n|move|p1a: Corviknight|Roost|p1a: Corviknight\n|-heal|p1a: Corviknight|100/100\n|-singleturn|p1a: Corviknight|move: Roost\n|move|p2a: Clefable|Moonblast|p1a: Corviknight\n|-resisted|p1a: Corviknight\n|-damage|p1a: Corviknight|80/100\n|\n|-heal|p1a: Corviknight|87/100|[from] item: Leftovers\n|upkeep\n|turn|32\n|\n|t:|1783798314\n|move|p1a: Corviknight|U-turn|p2a: Clefable\n|-resisted|p2a: Clefable\n|-damage|p2a: Clefable|98/100\n|move|p2a: Clefable|Moonblast|p1a: Corviknight\n|-resisted|p1a: Corviknight\n|-damage|p1a: Corviknight|64/100\n|\n|-heal|p1a: Corviknight|71/100|[from] item: Leftovers\n|-heal|p2a: Clefable|100/100|[from] item: Leftovers\n|upkeep\n|turn|33\n|\n|t:|1783798335\n|move|p1a: Corviknight|Roost|p1a: Corviknight\n|-heal|p1a: Corviknight|100/100\n|-singleturn|p1a: Corviknight|move: Roost\n|move|p2a: Clefable|Moonblast|p1a: Corviknight\n|-resisted|p1a: Corviknight\n|-damage|p1a: Corviknight|79/100\n|\n|-heal|p1a: Corviknight|85/100|[from] item: Leftovers\n|upkeep\n|turn|34\n|inactive|Hoshidad has 120 seconds left.\n|\n|t:|1783798352\n|move|p1a: Corviknight|U-turn|p2a: Clefable\n|-resisted|p2a: Clefable\n|-damage|p2a: Clefable|98/100\n|move|p2a: Clefable|Moonblast|p1a: Corviknight\n|-resisted|p1a: Corviknight\n|-damage|p1a: Corviknight|62/100\n|\n|-heal|p1a: Corviknight|69/100|[from] item: Leftovers\n|-heal|p2a: Clefable|100/100|[from] item: Leftovers\n|upkeep\n|turn|35\n|\n|t:|1783798362\n|move|p1a: Corviknight|Roost|p1a: Corviknight\n|-heal|p1a: Corviknight|100/100\n|-singleturn|p1a: Corviknight|move: Roost\n|move|p2a: Clefable|Moonblast|p1a: Corviknight\n|-resisted|p1a: Corviknight\n|-damage|p1a: Corviknight|79/100\n|-unboost|p1a: Corviknight|spa|1\n|\n|-heal|p1a: Corviknight|85/100|[from] item: Leftovers\n|upkeep\n|turn|36\n|inactive|Hoshidad has 120 seconds left.\n|\n|t:|1783798378\n|move|p1a: Corviknight|U-turn|p2a: Clefable\n|-resisted|p2a: Clefable\n|-damage|p2a: Clefable|98/100\n|move|p2a: Clefable|Moonblast|p1a: Corviknight\n|-resisted|p1a: Corviknight\n|-damage|p1a: Corviknight|64/100\n|\n|-heal|p1a: Corviknight|70/100|[from] item: Leftovers\n|-heal|p2a: Clefable|100/100|[from] item: Leftovers\n|upkeep\n|turn|37\n|inactive|Hoshidad has 120 seconds left.\n|\n|t:|1783798389\n|switch|p2a: Moltres|Moltres|100/100\n|move|p1a: Corviknight|Roost|p1a: Corviknight\n|-heal|p1a: Corviknight|100/100\n|-singleturn|p1a: Corviknight|move: Roost\n|\n|upkeep\n|turn|38\n|\n|t:|1783798397\n|-terastallize|p1a: Corviknight|Fighting\n|move|p2a: Moltres|Flamethrower|p1a: Corviknight\n|-damage|p1a: Corviknight|58/100\n|move|p1a: Corviknight|U-turn|p2a: Moltres\n|-resisted|p2a: Moltres\n|-damage|p2a: Moltres|97/100\n|\n|-heal|p1a: Corviknight|64/100|[from] item: Leftovers\n|upkeep\n|turn|39\n|\n|t:|1783798407\n|move|p2a: Moltres|Flamethrower|p1a: Corviknight\n|-damage|p1a: Corviknight|17/100\n|move|p1a: Corviknight|U-turn|p2a: Moltres\n|-resisted|p2a: Moltres\n|-damage|p2a: Moltres|93/100\n|\n|-heal|p1a: Corviknight|23/100|[from] item: Leftovers\n|upkeep\n|turn|40\n|\n|t:|1783798416\n|move|p2a: Moltres|Flamethrower|p1a: Corviknight\n|-damage|p1a: Corviknight|0 fnt\n|faint|p1a: Corviknight\n|\n|win|Hoshidad\n|raw|OUBotBeepBoop's rating: 1230 &rarr; <strong>1201</strong><br />(-29 for losing)\n|raw|Hoshidad's rating: 1167 &rarr; <strong>1196</strong><br />(+29 for winning)\n|l|☆OUBotBeepBoop\n|player|p1|\n|l|☆Hoshidad\n|player|p2|\n|l| ruan3108\n|j| ruan3108\n|l| ruan3108\n", "uploadtime": 1783798702, "views": 6, "formatid": "gen9ou", "rating": 1196, "private": 0, "password": null}