{"id": "gen9ou-2647827202", "format": "[Gen 9] OU", "players": ["cebollindnefer", "catsaus"], "log": "|j|☆cebollindnefer\n|j|☆catsaus\n|t:|1783819573\n|gametype|singles\n|player|p1|cebollindnefer|shadowtriad|1355\n|player|p2|catsaus|1|1318\n|gen|9\n|tier|[Gen 9] OU\n|rated|\n|rule|HP Percentage Mod: HP is shown in percentages\n|rule|Endless Battle Clause: Forcing endless battles is banned\n|rule|Species Clause: Limit one of each Pokémon\n|rule|OHKO Clause: OHKO moves are banned\n|rule|Evasion Items Clause: Evasion items are banned\n|rule|Evasion Moves Clause: Evasion moves are banned\n|rule|Evasion Abilities Clause: Evasion abilities are banned\n|rule|Sleep Moves Clause: Sleep-inducing moves are banned\n|clearpoke\n|poke|p1|Great Tusk|\n|poke|p1|Iron Valiant|\n|poke|p1|Moltres|\n|poke|p1|Kyurem|\n|poke|p1|Kingambit, M|\n|poke|p1|Dragapult, M|\n|poke|p2|Smeargle, M|\n|poke|p2|Great Tusk|\n|poke|p2|Raging Bolt|\n|poke|p2|Gholdengo|\n|poke|p2|Enamorus, F|\n|poke|p2|Kingambit, F|\n|teampreview\n|inactive|Battle timer is ON: inactive players will automatically lose when time's up. (requested by catsaus)\n|inactive|cebollindnefer also wants the timer to be on.\n|\n|t:|1783819580\n|teamsize|p1|6\n|teamsize|p2|6\n|start\n|switch|p1a: Great Tusk|Great Tusk|100/100\n|switch|p2a: Great Tusk|Great Tusk|100/100\n|-enditem|p2a: Great Tusk|Booster Energy\n|-activate|p2a: Great Tusk|ability: Protosynthesis|[fromitem]\n|-start|p2a: Great Tusk|protosynthesisatk\n|turn|1\n|\n|t:|1783819585\n|move|p2a: Great Tusk|Rapid Spin|p1a: Great Tusk\n|-damage|p1a: Great Tusk|84/100\n|-boost|p2a: Great Tusk|spe|1\n|move|p1a: Great Tusk|Stealth Rock|p2a: Great Tusk\n|-sidestart|p2: catsaus|move: Stealth Rock\n|\n|upkeep\n|turn|2\n|\n|t:|1783819591\n|-end|p1a: Great Tusk|Protosynthesis|[silent]\n|switch|p1a: Moltres|Moltres|100/100\n|move|p2a: Great Tusk|Stealth Rock|p1a: Moltres\n|-sidestart|p1: cebollindnefer|move: Stealth Rock\n|\n|upkeep\n|turn|3\n|\n|t:|1783819596\n|move|p2a: Great Tusk|Head Smash|p1a: Moltres\n|-supereffective|p1a: Moltres\n|-damage|p1a: Moltres|0 fnt\n|-status|p2a: Great Tusk|brn|[from] ability: Flame Body|[of] p1a: Moltres\n|faint|p1a: Moltres\n|-damage|p2a: Great Tusk|49/100 brn|[from] Recoil\n|\n|-damage|p2a: Great Tusk|43/100 brn|[from] brn\n|upkeep\n|\n|t:|1783819602\n|switch|p1a: The drink|Iron Valiant|100/100\n|-damage|p1a: The drink|94/100|[from] Stealth Rock\n|-enditem|p1a: The drink|Booster Energy\n|-activate|p1a: The drink|ability: Quark Drive|[fromitem]\n|-start|p1a: The drink|quarkdrivespe\n|turn|4\n|\n|t:|1783819607\n|move|p1a: The drink|Moonblast|p2a: Great Tusk\n|-supereffective|p2a: Great Tusk\n|-crit|p2a: Great Tusk\n|-damage|p2a: Great Tusk|0 fnt\n|faint|p2a: Great Tusk\n|-end|p2a: Great Tusk|Protosynthesis|[silent]\n|\n|upkeep\n|\n|t:|1783819614\n|switch|p2a: Gholdengo|Gholdengo|100/100\n|-damage|p2a: Gholdengo|94/100|[from] Stealth Rock\n|turn|5\n|\n|t:|1783819617\n|move|p1a: The drink|Shadow Ball|p2a: Gholdengo\n|-supereffective|p2a: Gholdengo\n|-damage|p2a: Gholdengo|31/100\n|-unboost|p2a: Gholdengo|spd|1\n|move|p2a: Gholdengo|Make It Rain|p1a: The drink\n|-supereffective|p1a: The drink\n|-damage|p1a: The drink|0 fnt\n|-unboost|p2a: Gholdengo|spa|1\n|faint|p1a: The drink\n|-end|p1a: The drink|Quark Drive|[silent]\n|\n|upkeep\n|\n|t:|1783819627\n|switch|p1a: Dragapult|Dragapult, M|100/100\n|turn|6\n|\n|t:|1783819634\n|switch|p2a: Smeargle|Smeargle, M|100/100\n|-damage|p2a: Smeargle|88/100|[from] Stealth Rock\n|move|p1a: Dragapult|Hex|p2a: Smeargle\n|-immune|p2a: Smeargle\n|\n|-heal|p2a: Smeargle|94/100|[from] item: Leftovers\n|upkeep\n|turn|7\n|\n|t:|1783819639\n|move|p1a: Dragapult|Dragon Darts|p2a: Smeargle\n|-damage|p2a: Smeargle|36/100\n|-anim|p1a: Dragapult|Dragon Darts|p2a: Smeargle\n|-damage|p2a: Smeargle|0 fnt\n|faint|p2a: Smeargle\n|\n|upkeep\n|\n|t:|1783819645\n|switch|p2a: Gholdengo|Gholdengo|31/100\n|-damage|p2a: Gholdengo|25/100|[from] Stealth Rock\n|turn|8\n|\n|t:|1783819649\n|move|p2a: Gholdengo|Shadow Ball|p1a: Dragapult\n|-supereffective|p1a: Dragapult\n|-damage|p1a: Dragapult|0 fnt\n|faint|p1a: Dragapult\n|\n|upkeep\n|\n|t:|1783819653\n|switch|p1a: Kingambling|Kingambit, M, shiny|100/100\n|-damage|p1a: Kingambling|94/100|[from] Stealth Rock\n|-activate|p1a: Kingambling|ability: Supreme Overlord\n|-start|p1a: Kingambling|fallen3|[silent]\n|turn|9\n|\n|t:|1783819659\n|switch|p2a: Raging Bolt|Raging Bolt|100/100\n|-damage|p2a: Raging Bolt|88/100|[from] Stealth Rock\n|-enditem|p2a: Raging Bolt|Booster Energy\n|-activate|p2a: Raging Bolt|ability: Protosynthesis|[fromitem]\n|-start|p2a: Raging Bolt|protosynthesisspa\n|move|p1a: Kingambling|Swords Dance|p1a: Kingambling\n|-boost|p1a: Kingambling|atk|2\n|\n|-heal|p1a: Kingambling|100/100|[from] item: Leftovers\n|upkeep\n|turn|10\n|\n|t:|1783819663\n|move|p2a: Raging Bolt|Thunderbolt|p1a: Kingambling\n|-damage|p1a: Kingambling|25/100\n|move|p1a: Kingambling|Low Kick|p2a: Raging Bolt\n|-damage|p2a: Raging Bolt|0 fnt\n|faint|p2a: Raging Bolt\n|-end|p2a: Raging Bolt|Protosynthesis|[silent]\n|\n|-heal|p1a: Kingambling|31/100|[from] item: Leftovers\n|upkeep\n|\n|t:|1783819671\n|switch|p2a: Enamorus|Enamorus, F|100/100\n|-damage|p2a: Enamorus|76/100|[from] Stealth Rock\n|turn|11\n|\n|t:|1783819676\n|move|p1a: Kingambling|Sucker Punch|p2a: Enamorus\n|-resisted|p2a: Enamorus\n|-damage|p2a: Enamorus|0 fnt\n|faint|p2a: Enamorus\n|\n|-heal|p1a: Kingambling|37/100|[from] item: Leftovers\n|upkeep\n|\n|t:|1783819680\n|switch|p2a: Gholdengo|Gholdengo|25/100\n|-damage|p2a: Gholdengo|19/100|[from] Stealth Rock\n|turn|12\n|\n|t:|1783819687\n|move|p1a: Kingambling|Sucker Punch|p2a: Gholdengo\n|-supereffective|p2a: Gholdengo\n|-damage|p2a: Gholdengo|0 fnt\n|faint|p2a: Gholdengo\n|\n|-heal|p1a: Kingambling|43/100|[from] item: Leftovers\n|upkeep\n|\n|t:|1783819689\n|switch|p2a: Kingambit|Kingambit, F|100/100\n|-damage|p2a: Kingambit|94/100|[from] Stealth Rock\n|-activate|p2a: Kingambit|ability: Supreme Overlord\n|-start|p2a: Kingambit|fallen5|[silent]\n|turn|13\n|\n|t:|1783819692\n|move|p2a: Kingambit|Sucker Punch|p1a: Kingambling\n|-resisted|p1a: Kingambling\n|-crit|p1a: Kingambling\n|-damage|p1a: Kingambling|0 fnt\n|faint|p1a: Kingambling\n|-end|p1a: Kingambling|fallen3|[silent]\n|\n|upkeep\n|\n|t:|1783819695\n|switch|p1a: Great Tusk|Great Tusk|84/100\n|-damage|p1a: Great Tusk|81/100|[from] Stealth Rock\n|turn|14\n|\n|t:|1783819702\n|-terastallize|p2a: Kingambit|Dark\n|move|p1a: Great Tusk|Headlong Rush|p2a: Kingambit\n|-damage|p2a: Kingambit|45/100\n|-unboost|p1a: Great Tusk|def|1\n|-unboost|p1a: Great Tusk|spd|1\n|move|p2a: Kingambit|Iron Head|p1a: Great Tusk\n|-damage|p1a: Great Tusk|7/100\n|\n|upkeep\n|turn|15\n|\n|t:|1783819708\n|move|p2a: Kingambit|Sucker Punch|p1a: Great Tusk\n|-resisted|p1a: Great Tusk\n|-damage|p1a: Great Tusk|0 fnt\n|faint|p1a: Great Tusk\n|-end|p1a: Great Tusk|Protosynthesis|[silent]\n|\n|upkeep\n|\n|t:|1783819710\n|switch|p1a: Kyurem|Kyurem|100/100\n|-damage|p1a: Kyurem|75/100|[from] Stealth Rock\n|-ability|p1a: Kyurem|Pressure\n|turn|16\n|\n|t:|1783819713\n|move|p1a: Kyurem|Protect|p1a: Kyurem\n|-singleturn|p1a: Kyurem|Protect\n|move|p2a: Kingambit|Sucker Punch||[still]\n|-fail|p2a: Kingambit\n|\n|-heal|p1a: Kyurem|82/100|[from] item: Leftovers\n|upkeep\n|turn|17\n|\n|t:|1783819726\n|-terastallize|p1a: Kyurem|Ground\n|move|p2a: Kingambit|Sucker Punch|p1a: Kyurem\n|-damage|p1a: Kyurem|0 fnt\n|faint|p1a: Kyurem\n|\n|win|catsaus\n|raw|cebollindnefer's rating: 1355 &rarr; <strong>1333</strong><br />(-22 for losing)\n|raw|catsaus's rating: 1318 &rarr; <strong>1340</strong><br />(+22 for winning)\n|l|☆cebollindnefer\n|player|p1|\n", "uploadtime": 1783820031, "views": 19, "formatid": "gen9ou", "rating": 1333, "private": 0, "password": null}