{"id": "gen9ou-2639988853", "format": "[Gen 9] OU", "players": ["FiiFiFoFum", "LowEL0God"], "log": "|j|☆FiiFiFoFum\n|j|☆LowEL0God\n|t:|1782559110\n|gametype|singles\n|player|p1|FiiFiFoFum|erika-gen1rb|1612\n|player|p2|LowEL0God|2|1622\n|gen|9\n|tier|[Gen 9] OU\n|rated|\n|rule|HP Percentage Mod: HP is shown in percentages\n|rule|Endless Battle Clause: Forcing endless battles is banned\n|rule|Species Clause: Limit one of each Pokémon\n|rule|OHKO Clause: OHKO moves are banned\n|rule|Evasion Items Clause: Evasion items are banned\n|rule|Evasion Moves Clause: Evasion moves are banned\n|rule|Evasion Abilities Clause: Evasion abilities are banned\n|rule|Sleep Moves Clause: Sleep-inducing moves are banned\n|clearpoke\n|poke|p1|Scizor, F|\n|poke|p1|Great Tusk|\n|poke|p1|Kyurem|\n|poke|p1|Slowking-Galar, F|\n|poke|p1|Enamorus, F|\n|poke|p1|Keldeo|\n|poke|p2|Pelipper, M|\n|poke|p2|Torkoal, M|\n|poke|p2|Walking Wake|\n|poke|p2|Tyranitar, F|\n|poke|p2|Excadrill, F|\n|poke|p2|Ogerpon-Wellspring, F|\n|teampreview\n|inactive|Battle timer is ON: inactive players will automatically lose when time's up. (requested by FiiFiFoFum)\n|inactive|LowEL0God also wants the timer to be on.\n|\n|t:|1782559119\n|teamsize|p1|6\n|teamsize|p2|6\n|start\n|switch|p1a: Kyurem|Kyurem|100/100\n|switch|p2a: Walking Wake|Walking Wake|100/100\n|-ability|p1a: Kyurem|Pressure\n|turn|1\n|\n|t:|1782559123\n|switch|p1a: Enamorus|Enamorus, F|100/100\n|move|p2a: Walking Wake|Dragon Pulse|p1a: Enamorus\n|-immune|p1a: Enamorus\n|\n|upkeep\n|turn|2\n|\n|t:|1782559125\n|-end|p2a: Walking Wake|Protosynthesis|[silent]\n|switch|p2a: Ogerpon|Ogerpon-Wellspring, F|100/100\n|move|p1a: Enamorus|Moonblast|p2a: Ogerpon\n|-damage|p2a: Ogerpon|45/100\n|\n|upkeep\n|turn|3\n|\n|t:|1782559127\n|-terastallize|p2a: Ogerpon|Water\n|detailschange|p2a: Ogerpon|Ogerpon-Wellspring-Tera, F, tera:Water\n|-ability|p2a: Ogerpon|Embody Aspect (Wellspring)|boost\n|-boost|p2a: Ogerpon|spd|1\n|move|p1a: Enamorus|Moonblast|p2a: Ogerpon\n|-damage|p2a: Ogerpon|2/100\n|move|p2a: Ogerpon|Ivy Cudgel|p1a: Enamorus|[anim] Ivy Cudgel Water\n|-damage|p1a: Enamorus|0 fnt\n|faint|p1a: Enamorus\n|\n|upkeep\n|\n|t:|1782559132\n|switch|p1a: Scizor|Scizor, F|100/100\n|turn|4\n|\n|t:|1782559133\n|move|p1a: Scizor|Bullet Punch|p2a: Ogerpon\n|-resisted|p2a: Ogerpon\n|-damage|p2a: Ogerpon|0 fnt\n|faint|p2a: Ogerpon\n|detailschange|p2: Ogerpon|Ogerpon-Wellspring, F|[silent]\n|\n|upkeep\n|\n|t:|1782559135\n|switch|p2a: Hurricane Spam|Pelipper, M, shiny|100/100\n|-weather|RainDance|[from] ability: Drizzle|[of] p2a: Hurricane Spam\n|turn|5\n|\n|t:|1782559142\n|switch|p1a: Slowking|Slowking-Galar, F|100/100\n|move|p2a: Hurricane Spam|Hurricane|p1a: Slowking\n|-damage|p1a: Slowking|58/100\n|\n|-weather|RainDance|[upkeep]\n|upkeep\n|turn|6\n|\n|t:|1782559145\n|move|p2a: Hurricane Spam|Hurricane|p1a: Slowking\n|-damage|p1a: Slowking|18/100\n|-prepare|p1a: Slowking|Chilly Reception|[premajor]\n|move|p1a: Slowking|Chilly Reception|p1a: Slowking\n|-weather|Snowscape\n|\n|t:|1782559148\n|switch|p1a: Kyurem|Kyurem|100/100|[from] Chilly Reception\n|-ability|p1a: Kyurem|Pressure\n|\n|-weather|Snowscape|[upkeep]\n|upkeep\n|turn|7\n|\n|t:|1782559152\n|switch|p2a: No Lando Plz|Tyranitar, F, shiny|100/100\n|-weather|Sandstorm|[from] ability: Sand Stream|[of] p2a: No Lando Plz\n|move|p1a: Kyurem|Freeze-Dry|p2a: No Lando Plz\n|-damage|p2a: No Lando Plz|77/100\n|\n|-weather|Sandstorm|[upkeep]\n|-damage|p1a: Kyurem|94/100|[from] Sandstorm\n|upkeep\n|turn|8\n|\n|t:|1782559155\n|switch|p1a: Great Tusk|Great Tusk|100/100\n|move|p2a: No Lando Plz|Stone Edge|p1a: Great Tusk|[miss]\n|-miss|p2a: No Lando Plz|p1a: Great Tusk\n|\n|-weather|Sandstorm|[upkeep]\n|upkeep\n|turn|9\n|\n|t:|1782559157\n|switch|p2a: Hurricane Spam|Pelipper, M, shiny|100/100\n|-weather|RainDance|[from] ability: Drizzle|[of] p2a: Hurricane Spam\n|move|p1a: Great Tusk|Stealth Rock|p2a: Hurricane Spam\n|-sidestart|p2: LowEL0God|move: Stealth Rock\n|\n|-weather|RainDance|[upkeep]\n|upkeep\n|turn|10\n|\n|t:|1782559163\n|-end|p1a: Great Tusk|Protosynthesis|[silent]\n|switch|p1a: Slowking|Slowking-Galar, F|51/100\n|move|p2a: Hurricane Spam|Hurricane|p1a: Slowking\n|-damage|p1a: Slowking|7/100\n|\n|-weather|RainDance|[upkeep]\n|upkeep\n|turn|11\n|\n|t:|1782559165\n|move|p2a: Hurricane Spam|Hurricane|p1a: Slowking\n|-damage|p1a: Slowking|0 fnt\n|faint|p1a: Slowking\n|\n|-weather|RainDance|[upkeep]\n|upkeep\n|\n|t:|1782559167\n|switch|p1a: Kyurem|Kyurem|94/100\n|-ability|p1a: Kyurem|Pressure\n|turn|12\n|\n|t:|1782559170\n|switch|p2a: No Lando Plz|Tyranitar, F, shiny|77/100\n|-weather|Sandstorm|[from] ability: Sand Stream|[of] p2a: No Lando Plz\n|move|p1a: Kyurem|Freeze-Dry|p2a: No Lando Plz\n|-damage|p2a: No Lando Plz|56/100\n|\n|-weather|Sandstorm|[upkeep]\n|-damage|p1a: Kyurem|88/100|[from] Sandstorm\n|upkeep\n|turn|13\n|j| Kathryne Keyron\n|\n|t:|1782559177\n|switch|p1a: Keldeo|Keldeo|100/100\n|move|p2a: No Lando Plz|Stone Edge|p1a: Keldeo|[miss]\n|-miss|p2a: No Lando Plz|p1a: Keldeo\n|\n|-weather|Sandstorm|[upkeep]\n|-damage|p1a: Keldeo|94/100|[from] Sandstorm\n|-heal|p1a: Keldeo|100/100|[from] item: Leftovers\n|upkeep\n|turn|14\n|\n|t:|1782559182\n|switch|p2a: Walking Wake|Walking Wake|100/100\n|-damage|p2a: Walking Wake|88/100|[from] Stealth Rock\n|move|p1a: Keldeo|Substitute|p1a: Keldeo\n|-start|p1a: Keldeo|Substitute\n|-damage|p1a: Keldeo|76/100\n|\n|-weather|Sandstorm|[upkeep]\n|-damage|p2a: Walking Wake|82/100|[from] Sandstorm\n|-damage|p1a: Keldeo|69/100|[from] Sandstorm\n|-heal|p1a: Keldeo|76/100|[from] item: Leftovers\n|upkeep\n|turn|15\n|\n|t:|1782559184\n|move|p2a: Walking Wake|Dragon Pulse|p1a: Keldeo\n|-end|p1a: Keldeo|Substitute\n|move|p1a: Keldeo|Calm Mind|p1a: Keldeo\n|-boost|p1a: Keldeo|spa|1\n|-boost|p1a: Keldeo|spd|1\n|\n|-weather|Sandstorm|[upkeep]\n|-damage|p2a: Walking Wake|76/100|[from] Sandstorm\n|-damage|p1a: Keldeo|69/100|[from] Sandstorm\n|-heal|p1a: Keldeo|76/100|[from] item: Leftovers\n|upkeep\n|turn|16\n|\n|t:|1782559187\n|move|p2a: Walking Wake|Dragon Pulse|p1a: Keldeo\n|-damage|p1a: Keldeo|37/100\n|move|p1a: Keldeo|Aura Sphere|p2a: Walking Wake\n|-damage|p2a: Walking Wake|11/100\n|\n|-weather|none\n|-heal|p1a: Keldeo|44/100|[from] item: Leftovers\n|upkeep\n|turn|17\n|\n|t:|1782559194\n|move|p2a: Walking Wake|Dragon Pulse|p1a: Keldeo\n|-damage|p1a: Keldeo|0 fnt\n|faint|p1a: Keldeo\n|\n|upkeep\n|\n|t:|1782559201\n|switch|p1a: Scizor|Scizor, F|100/100\n|turn|18\n|\n|t:|1782559202\n|move|p1a: Scizor|Bullet Punch|p2a: Walking Wake\n|-resisted|p2a: Walking Wake\n|-damage|p2a: Walking Wake|0 fnt\n|faint|p2a: Walking Wake\n|-end|p2a: Walking Wake|Protosynthesis|[silent]\n|\n|upkeep\n|\n|t:|1782559205\n|switch|p2a: No Hazards for You|Excadrill, F, shiny|100/100\n|-damage|p2a: No Hazards for You|97/100|[from] Stealth Rock\n|turn|19\n|\n|t:|1782559210\n|move|p2a: No Hazards for You|Earthquake|p1a: Scizor\n|-damage|p1a: Scizor|18/100\n|-enditem|p1a: Scizor|Sitrus Berry|[eat]\n|-heal|p1a: Scizor|43/100|[from] item: Sitrus Berry\n|move|p1a: Scizor|U-turn|p2a: No Hazards for You\n|-resisted|p2a: No Hazards for You\n|-damage|p2a: No Hazards for You|67/100\n|\n|t:|1782559215\n|switch|p1a: Great Tusk|Great Tusk|100/100|[from] U-turn\n|\n|upkeep\n|turn|20\n|\n|t:|1782559221\n|move|p1a: Great Tusk|Ice Spinner|p2a: No Hazards for You\n|-damage|p2a: No Hazards for You|33/100\n|move|p2a: No Hazards for You|Earthquake|p1a: Great Tusk\n|-damage|p1a: Great Tusk|42/100\n|\n|upkeep\n|turn|21\n|\n|t:|1782559223\n|switch|p2a: Hurricane Spam|Pelipper, M, shiny|100/100\n|-damage|p2a: Hurricane Spam|76/100|[from] Stealth Rock\n|-weather|RainDance|[from] ability: Drizzle|[of] p2a: Hurricane Spam\n|move|p1a: Great Tusk|Ice Spinner|p2a: Hurricane Spam\n|-damage|p2a: Hurricane Spam|52/100\n|\n|-weather|RainDance|[upkeep]\n|upkeep\n|turn|22\n|\n|t:|1782559233\n|-end|p1a: Great Tusk|Protosynthesis|[silent]\n|switch|p1a: Kyurem|Kyurem|88/100\n|-ability|p1a: Kyurem|Pressure\n|move|p2a: Hurricane Spam|Hurricane|p1a: Kyurem\n|-damage|p1a: Kyurem|21/100\n|\n|-weather|RainDance|[upkeep]\n|upkeep\n|turn|23\n|\n|t:|1782559246\n|switch|p2a: No Lando Plz|Tyranitar, F, shiny|56/100\n|-weather|Sandstorm|[from] ability: Sand Stream|[of] p2a: No Lando Plz\n|move|p1a: Kyurem|Earth Power|p2a: No Lando Plz\n|-supereffective|p2a: No Lando Plz\n|-damage|p2a: No Lando Plz|15/100\n|\n|-weather|Sandstorm|[upkeep]\n|-damage|p1a: Kyurem|15/100|[from] Sandstorm\n|upkeep\n|turn|24\n|\n|t:|1782559248\n|move|p1a: Kyurem|Earth Power|p2a: No Lando Plz\n|-supereffective|p2a: No Lando Plz\n|-damage|p2a: No Lando Plz|0 fnt\n|faint|p2a: No Lando Plz\n|\n|-weather|Sandstorm|[upkeep]\n|-damage|p1a: Kyurem|8/100|[from] Sandstorm\n|upkeep\n|\n|t:|1782559248\n|switch|p2a: No Hazards for You|Excadrill, F, shiny|33/100\n|-damage|p2a: No Hazards for You|30/100|[from] Stealth Rock\n|turn|25\n|\n|t:|1782559261\n|move|p2a: No Hazards for You|Earthquake|p1a: Kyurem\n|-damage|p1a: Kyurem|0 fnt\n|faint|p1a: Kyurem\n|\n|-weather|Sandstorm|[upkeep]\n|upkeep\n|\n|t:|1782559268\n|switch|p1a: Scizor|Scizor, F|43/100\n|turn|26\n|\n|t:|1782559277\n|-terastallize|p1a: Scizor|Steel\n|move|p1a: Scizor|Bullet Punch|p2a: No Hazards for You\n|-resisted|p2a: No Hazards for You\n|-damage|p2a: No Hazards for You|0 fnt\n|faint|p2a: No Hazards for You\n|\n|-weather|Sandstorm|[upkeep]\n|upkeep\n|\n|t:|1782559279\n|switch|p2a: Torkoal|Torkoal, M|100/100\n|-damage|p2a: Torkoal|76/100|[from] Stealth Rock\n|-weather|SunnyDay|[from] ability: Drought|[of] p2a: Torkoal\n|turn|27\n|\n|t:|1782559289\n|move|p1a: Scizor|Knock Off|p2a: Torkoal\n|-damage|p2a: Torkoal|56/100\n|-enditem|p2a: Torkoal|Heat Rock|[from] move: Knock Off|[of] p1a: Scizor\n|move|p2a: Torkoal|Lava Plume|p1a: Scizor\n|-supereffective|p1a: Scizor\n|-damage|p1a: Scizor|0 fnt\n|faint|p1a: Scizor\n|\n|-weather|SunnyDay|[upkeep]\n|upkeep\n|\n|t:|1782559294\n|switch|p1a: Great Tusk|Great Tusk|42/100\n|-activate|p1a: Great Tusk|ability: Protosynthesis\n|-start|p1a: Great Tusk|protosynthesisspe\n|turn|28\n|\n|t:|1782559296\n|move|p1a: Great Tusk|Headlong Rush|p2a: Torkoal\n|-supereffective|p2a: Torkoal\n|-damage|p2a: Torkoal|0 fnt\n|-unboost|p1a: Great Tusk|def|1\n|-unboost|p1a: Great Tusk|spd|1\n|faint|p2a: Torkoal\n|\n|-weather|SunnyDay|[upkeep]\n|upkeep\n|\n|t:|1782559297\n|switch|p2a: Hurricane Spam|Pelipper, M, shiny|52/100\n|-damage|p2a: Hurricane Spam|27/100|[from] Stealth Rock\n|-weather|RainDance|[from] ability: Drizzle|[of] p2a: Hurricane Spam\n|-end|p1a: Great Tusk|Protosynthesis\n|turn|29\n|\n|t:|1782559300\n|move|p1a: Great Tusk|Ice Spinner|p2a: Hurricane Spam\n|-damage|p2a: Hurricane Spam|6/100\n|move|p2a: Hurricane Spam|Weather Ball|p1a: Great Tusk\n|-supereffective|p1a: Great Tusk\n|-damage|p1a: Great Tusk|0 fnt\n|faint|p1a: Great Tusk\n|-end|p1a: Great Tusk|Protosynthesis|[silent]\n|\n|win|LowEL0God\n|raw|FiiFiFoFum's rating: 1612 &rarr; <strong>1593</strong><br />(-19 for losing)\n|raw|LowEL0God's rating: 1622 &rarr; <strong>1641</strong><br />(+19 for winning)\n|l|☆FiiFiFoFum\n|player|p1|\n|l|☆LowEL0God\n|player|p2|\n", "uploadtime": 1782559440, "views": 15, "formatid": "gen9ou", "rating": 1593, "private": 0, "password": null}