{"id": "gen9ou-2639294467", "format": "[Gen 9] OU", "players": ["Nellymac", "Sceana"], "log": "|j|☆Nellymac\n|j|☆Sceana\n|t:|1782447570\n|gametype|singles\n|player|p1|Nellymac|169|1054\n|player|p2|Sceana|swimmerf|1096\n|gen|9\n|tier|[Gen 9] OU\n|rated|\n|rule|HP Percentage Mod: HP is shown in percentages\n|rule|Endless Battle Clause: Forcing endless battles is banned\n|rule|Species Clause: Limit one of each Pokémon\n|rule|OHKO Clause: OHKO moves are banned\n|rule|Evasion Items Clause: Evasion items are banned\n|rule|Evasion Moves Clause: Evasion moves are banned\n|rule|Evasion Abilities Clause: Evasion abilities are banned\n|rule|Sleep Moves Clause: Sleep-inducing moves are banned\n|clearpoke\n|poke|p1|Gliscor, M|\n|poke|p1|Ribombee, F|\n|poke|p1|Alomomola, M|\n|poke|p1|Umbreon, F|\n|poke|p1|Scizor, F|\n|poke|p1|Reuniclus, F|\n|poke|p2|Charizard, M|\n|poke|p2|Garchomp, F|\n|poke|p2|Tyranitar, M|\n|poke|p2|Scizor, M|\n|poke|p2|Dragonite, M|\n|poke|p2|Espeon, M|\n|teampreview\n|inactive|Battle timer is ON: inactive players will automatically lose when time's up. (requested by Sceana)\n|\n|t:|1782447584\n|teamsize|p1|6\n|teamsize|p2|6\n|start\n|switch|p1a: Scizor|Scizor, F|100/100\n|switch|p2a: Charizard|Charizard, M|100/100\n|turn|1\n|\n|t:|1782447593\n|-terastallize|p1a: Scizor|Fire\n|move|p2a: Charizard|Overheat|p1a: Scizor\n|-resisted|p1a: Scizor\n|-damage|p1a: Scizor|65/100\n|-unboost|p2a: Charizard|spa|2\n|move|p1a: Scizor|Swords Dance|p1a: Scizor\n|-boost|p1a: Scizor|atk|2\n|\n|upkeep\n|turn|2\n|\n|t:|1782447610\n|move|p1a: Scizor|Knock Off|p2a: Charizard\n|-crit|p2a: Charizard\n|-enditem|p2a: Charizard|Focus Sash\n|-damage|p2a: Charizard|1/100\n|move|p2a: Charizard|Counter|p1a: Scizor\n|-damage|p1a: Scizor|0 fnt\n|faint|p1a: Scizor\n|\n|upkeep\n|\n|t:|1782447621\n|switch|p1a: Umbreon|Umbreon, F|100/100\n|turn|3\n|inactive|Sceana has 120 seconds left.\n|\n|t:|1782447652\n|switch|p2a: Espeon|Espeon, M|100/100\n|move|p1a: Umbreon|Foul Play|p2a: Espeon\n|-supereffective|p2a: Espeon\n|-damage|p2a: Espeon|65/100\n|\n|-heal|p2a: Espeon|71/100|[from] item: Leftovers\n|upkeep\n|turn|4\n|inactive|Nellymac has 120 seconds left.\n|\n|t:|1782447683\n|switch|p1a: Reuniclus|Reuniclus, F|100/100\n|move|p2a: Espeon|Wish|p2a: Espeon\n|\n|-heal|p2a: Espeon|77/100|[from] item: Leftovers\n|upkeep\n|turn|5\n|inactive|Nellymac has 120 seconds left.\n|\n|t:|1782447717\n|move|p2a: Espeon|Alluring Voice|p1a: Reuniclus\n|-damage|p1a: Reuniclus|78/100\n|move|p1a: Reuniclus|Knock Off|p2a: Espeon\n|-supereffective|p2a: Espeon\n|-damage|p2a: Espeon|42/100\n|-enditem|p2a: Espeon|Leftovers|[from] move: Knock Off|[of] p1a: Reuniclus\n|\n|-heal|p2a: Espeon|92/100|[from] move: Wish|[wisher] Espeon\n|upkeep\n|turn|6\n|inactive|Nellymac has 90 seconds left.\n|\n|t:|1782447762\n|move|p2a: Espeon|Wish|p2a: Espeon\n|move|p1a: Reuniclus|Knock Off|p2a: Espeon\n|-supereffective|p2a: Espeon\n|-damage|p2a: Espeon|65/100\n|\n|upkeep\n|turn|7\n|\n|t:|1782447770\n|move|p2a: Espeon|Alluring Voice|p1a: Reuniclus\n|-damage|p1a: Reuniclus|56/100\n|move|p1a: Reuniclus|Knock Off|p2a: Espeon\n|-supereffective|p2a: Espeon\n|-damage|p2a: Espeon|39/100\n|\n|-heal|p2a: Espeon|89/100|[from] move: Wish|[wisher] Espeon\n|upkeep\n|turn|8\n|\n|t:|1782447778\n|move|p2a: Espeon|Wish|p2a: Espeon\n|move|p1a: Reuniclus|Recover|p1a: Reuniclus\n|-heal|p1a: Reuniclus|100/100\n|\n|upkeep\n|turn|9\n|\n|t:|1782447786\n|move|p2a: Espeon|Alluring Voice|p1a: Reuniclus\n|-damage|p1a: Reuniclus|80/100\n|move|p1a: Reuniclus|Knock Off|p2a: Espeon\n|-supereffective|p2a: Espeon\n|-damage|p2a: Espeon|66/100\n|\n|-heal|p2a: Espeon|100/100|[from] move: Wish|[wisher] Espeon\n|upkeep\n|turn|10\n|\n|t:|1782447795\n|move|p2a: Espeon|Alluring Voice|p1a: Reuniclus\n|-damage|p1a: Reuniclus|59/100\n|move|p1a: Reuniclus|Knock Off|p2a: Espeon\n|-supereffective|p2a: Espeon\n|-damage|p2a: Espeon|74/100\n|\n|upkeep\n|turn|11\n|inactive|Nellymac has 90 seconds left.\n|\n|t:|1782447802\n|move|p2a: Espeon|Wish|p2a: Espeon\n|move|p1a: Reuniclus|Recover|p1a: Reuniclus\n|-heal|p1a: Reuniclus|100/100\n|\n|upkeep\n|turn|12\n|\n|t:|1782447809\n|move|p2a: Espeon|Alluring Voice|p1a: Reuniclus\n|-damage|p1a: Reuniclus|80/100\n|move|p1a: Reuniclus|Knock Off|p2a: Espeon\n|-supereffective|p2a: Espeon\n|-damage|p2a: Espeon|52/100\n|\n|-heal|p2a: Espeon|100/100|[from] move: Wish|[wisher] Espeon\n|upkeep\n|turn|13\n|\n|t:|1782447818\n|move|p2a: Espeon|Alluring Voice|p1a: Reuniclus\n|-damage|p1a: Reuniclus|59/100\n|move|p1a: Reuniclus|Knock Off|p2a: Espeon\n|-supereffective|p2a: Espeon\n|-damage|p2a: Espeon|75/100\n|\n|upkeep\n|turn|14\n|\n|t:|1782447831\n|move|p2a: Espeon|Wish|p2a: Espeon\n|move|p1a: Reuniclus|Knock Off|p2a: Espeon\n|-supereffective|p2a: Espeon\n|-damage|p2a: Espeon|49/100\n|\n|upkeep\n|turn|15\n|\n|t:|1782447838\n|switch|p2a: Charizard|Charizard, M|1/100\n|move|p1a: Reuniclus|Recover|p1a: Reuniclus\n|-heal|p1a: Reuniclus|100/100\n|\n|-heal|p2a: Charizard|57/100|[from] move: Wish|[wisher] Espeon\n|upkeep\n|turn|16\n|\n|t:|1782447851\n|switch|p2a: Espeon|Espeon, M|49/100\n|move|p1a: Reuniclus|Psychic Noise|p2a: Espeon\n|-resisted|p2a: Espeon\n|-damage|p2a: Espeon|22/100\n|-start|p2a: Espeon|move: Heal Block\n|\n|upkeep\n|turn|17\n|\n|t:|1782447862\n|move|p2a: Espeon|Protect|p2a: Espeon\n|-singleturn|p2a: Espeon|Protect\n|move|p1a: Reuniclus|Knock Off|p2a: Espeon\n|-activate|p2a: Espeon|move: Protect\n|\n|-end|p2a: Espeon|move: Heal Block\n|upkeep\n|turn|18\n|inactive|Nellymac has 120 seconds left.\n|\n|t:|1782447870\n|move|p2a: Espeon|Wish|p2a: Espeon\n|move|p1a: Reuniclus|Knock Off|p2a: Espeon\n|-supereffective|p2a: Espeon\n|-damage|p2a: Espeon|0 fnt\n|faint|p2a: Espeon\n|\n|upkeep\n|\n|t:|1782447876\n|switch|p2a: Charizard|Charizard, M|57/100\n|turn|19\n|\n|t:|1782447886\n|move|p1a: Reuniclus|Psychic Noise|p2a: Charizard\n|-damage|p2a: Charizard|0 fnt\n|faint|p2a: Charizard\n|\n|upkeep\n|\n|t:|1782447894\n|switch|p2a: Dragonite|Dragonite, M|100/100\n|turn|20\n|\n|t:|1782447899\n|move|p2a: Dragonite|Dragon Dance|p2a: Dragonite\n|-boost|p2a: Dragonite|atk|1\n|-boost|p2a: Dragonite|spe|1\n|move|p1a: Reuniclus|Knock Off|p2a: Dragonite\n|-damage|p2a: Dragonite|90/100\n|-enditem|p2a: Dragonite|Lum Berry|[from] move: Knock Off|[of] p1a: Reuniclus\n|\n|upkeep\n|turn|21\n|\n|t:|1782447909\n|move|p2a: Dragonite|Dragon Dance|p2a: Dragonite\n|-boost|p2a: Dragonite|atk|1\n|-boost|p2a: Dragonite|spe|1\n|move|p1a: Reuniclus|Psychic Noise|p2a: Dragonite\n|-damage|p2a: Dragonite|31/100\n|-start|p2a: Dragonite|move: Heal Block\n|\n|upkeep\n|turn|22\n|\n|t:|1782447924\n|move|p2a: Dragonite|Outrage|p1a: Reuniclus\n|-damage|p1a: Reuniclus|0 fnt\n|faint|p1a: Reuniclus\n|\n|-end|p2a: Dragonite|move: Heal Block\n|upkeep\n|\n|t:|1782447932\n|switch|p1a: Ribombee|Ribombee, F|100/100\n|turn|23\n|\n|t:|1782447935\n|move|p2a: Dragonite|Outrage|p1a: Ribombee|[from] lockedmove\n|-immune|p1a: Ribombee\n|move|p1a: Ribombee|Quiver Dance|p1a: Ribombee\n|-boost|p1a: Ribombee|spa|1\n|-boost|p1a: Ribombee|spd|1\n|-boost|p1a: Ribombee|spe|1\n|\n|upkeep\n|turn|24\n|\n|t:|1782447946\n|move|p2a: Dragonite|Extreme Speed|p1a: Ribombee\n|-enditem|p1a: Ribombee|Focus Sash\n|-damage|p1a: Ribombee|1/100\n|move|p1a: Ribombee|Quiver Dance|p1a: Ribombee\n|-boost|p1a: Ribombee|spa|1\n|-boost|p1a: Ribombee|spd|1\n|-boost|p1a: Ribombee|spe|1\n|\n|upkeep\n|turn|25\n|\n|t:|1782447962\n|move|p2a: Dragonite|Extreme Speed|p1a: Ribombee\n|-damage|p1a: Ribombee|0 fnt\n|faint|p1a: Ribombee\n|\n|upkeep\n|\n|t:|1782447967\n|switch|p1a: Umbreon|Umbreon, F|100/100\n|turn|26\n|\n|t:|1782447974\n|move|p2a: Dragonite|Outrage|p1a: Umbreon\n|-damage|p1a: Umbreon|0 fnt\n|faint|p1a: Umbreon\n|\n|upkeep\n|\n|t:|1782447979\n|switch|p1a: Alomomola|Alomomola, M|100/100\n|turn|27\n|\n|t:|1782447986\n|move|p1a: Alomomola|Protect|p1a: Alomomola\n|-singleturn|p1a: Alomomola|Protect\n|move|p2a: Dragonite|Outrage|p1a: Alomomola|[from] lockedmove\n|-activate|p1a: Alomomola|move: Protect\n|\n|upkeep\n|turn|28\n|\n|t:|1782447993\n|move|p2a: Dragonite|Outrage|p1a: Alomomola\n|-crit|p1a: Alomomola\n|-damage|p1a: Alomomola|0 fnt\n|-damage|p2a: Dragonite|14/100|[from] item: Rocky Helmet|[of] p1a: Alomomola\n|faint|p1a: Alomomola\n|\n|upkeep\n|\n|t:|1782448000\n|switch|p1a: Gliscor|Gliscor, M|100/100\n|turn|29\n|\n|t:|1782448012\n|move|p2a: Dragonite|Outrage|p1a: Gliscor|[from] lockedmove\n|-damage|p1a: Gliscor|0 fnt\n|faint|p1a: Gliscor\n|-start|p2a: Dragonite|confusion|[fatigue]\n|\n|win|Sceana\n|raw|Nellymac's rating: 1054 &rarr; <strong>1038</strong><br />(-16 for losing)\n|raw|Sceana's rating: 1096 &rarr; <strong>1119</strong><br />(+23 for winning)\n|l|☆Sceana\n|player|p2|\n|l|☆Nellymac\n|player|p1|\n", "uploadtime": 1782448298, "views": 3, "formatid": "gen9ou", "rating": 1038, "private": 0, "password": null}