{"id": "gen9ou-2639228735", "format": "[Gen 9] OU", "players": ["UnexpectdSets", "quagsirian_68"], "log": "|j|☆UnexpectdSets\n|j|☆quagsirian_68\n|t:|1782437335\n|gametype|singles\n|player|p1|UnexpectdSets|flint|1250\n|player|p2|quagsirian_68|2|1161\n|gen|9\n|tier|[Gen 9] OU\n|rated|\n|rule|HP Percentage Mod: HP is shown in percentages\n|rule|Endless Battle Clause: Forcing endless battles is banned\n|rule|Species Clause: Limit one of each Pokémon\n|rule|OHKO Clause: OHKO moves are banned\n|rule|Evasion Items Clause: Evasion items are banned\n|rule|Evasion Moves Clause: Evasion moves are banned\n|rule|Evasion Abilities Clause: Evasion abilities are banned\n|rule|Sleep Moves Clause: Sleep-inducing moves are banned\n|clearpoke\n|poke|p1|Garganacl, F|\n|poke|p1|Uxie|\n|poke|p1|Primarina, F|\n|poke|p1|Houndoom, F|\n|poke|p1|Tsareena, F|\n|poke|p1|Hawlucha, F|\n|poke|p2|Great Tusk|\n|poke|p2|Slowking-Galar, M|\n|poke|p2|Kingambit, F|\n|poke|p2|Dragapult, M|\n|poke|p2|Clefable, F|\n|poke|p2|Gholdengo|\n|teampreview\n|\n|t:|1782437368\n|teamsize|p1|6\n|teamsize|p2|6\n|start\n|switch|p1a: Uxie|Uxie|100/100\n|switch|p2a: Gholdengo|Gholdengo|100/100\n|-item|p2a: Gholdengo|Air Balloon\n|turn|1\n|\n|t:|1782437377\n|switch|p1a: Houndoom|Houndoom, F|100/100\n|move|p2a: Gholdengo|Nasty Plot|p2a: Gholdengo\n|-boost|p2a: Gholdengo|spa|2\n|\n|upkeep\n|turn|2\n|\n|t:|1782437382\n|move|p1a: Houndoom|Flamethrower|p2a: Gholdengo\n|-supereffective|p2a: Gholdengo\n|-damage|p2a: Gholdengo|10/100\n|-enditem|p2a: Gholdengo|Air Balloon\n|move|p2a: Gholdengo|Focus Blast|p1a: Houndoom\n|-supereffective|p1a: Houndoom\n|-enditem|p1a: Houndoom|Focus Sash\n|-damage|p1a: Houndoom|1/100\n|\n|upkeep\n|turn|3\n|\n|t:|1782437396\n|switch|p2a: Clefable|Clefable, F|100/100\n|move|p1a: Houndoom|Flamethrower|p2a: Clefable\n|-damage|p2a: Clefable|74/100\n|\n|-heal|p2a: Clefable|80/100|[from] item: Leftovers\n|upkeep\n|turn|4\n|\n|t:|1782437406\n|move|p1a: Houndoom|Sludge Bomb|p2a: Clefable\n|-supereffective|p2a: Clefable\n|-damage|p2a: Clefable|42/100\n|move|p2a: Clefable|Knock Off|p1a: Houndoom\n|-resisted|p1a: Houndoom\n|-damage|p1a: Houndoom|0 fnt\n|faint|p1a: Houndoom\n|\n|-heal|p2a: Clefable|48/100|[from] item: Leftovers\n|upkeep\n|\n|t:|1782437413\n|switch|p1a: Uxie|Uxie|100/100\n|turn|5\n|\n|t:|1782437415\n|move|p1a: Uxie|Mystical Power|p2a: Clefable\n|-damage|p2a: Clefable|30/100\n|-boost|p1a: Uxie|spa|1\n|move|p2a: Clefable|Knock Off|p1a: Uxie\n|-supereffective|p1a: Uxie\n|-damage|p1a: Uxie|77/100\n|-enditem|p1a: Uxie|Weakness Policy\n|-boost|p1a: Uxie|atk|2|[from] item: Weakness Policy\n|-boost|p1a: Uxie|spa|2|[from] item: Weakness Policy\n|\n|-heal|p2a: Clefable|36/100|[from] item: Leftovers\n|upkeep\n|turn|6\n|\n|t:|1782437430\n|move|p1a: Uxie|Thunderbolt|p2a: Clefable\n|-damage|p2a: Clefable|20/100\n|move|p2a: Clefable|Knock Off|p1a: Uxie\n|-supereffective|p1a: Uxie\n|-damage|p1a: Uxie|60/100\n|\n|-heal|p2a: Clefable|26/100|[from] item: Leftovers\n|upkeep\n|turn|7\n|\n|t:|1782437434\n|move|p1a: Uxie|Psyshock|p2a: Clefable\n|-damage|p2a: Clefable|0 fnt\n|faint|p2a: Clefable\n|\n|upkeep\n|\n|t:|1782437440\n|switch|p2a: Dragapult|Dragapult, M|100/100\n|turn|8\n|\n|t:|1782437444\n|-terastallize|p1a: Uxie|Electric\n|move|p2a: Dragapult|Shadow Ball|p1a: Uxie\n|-damage|p1a: Uxie|24/100\n|-unboost|p1a: Uxie|spd|1\n|move|p1a: Uxie|Draining Kiss|p2a: Dragapult\n|-supereffective|p2a: Dragapult\n|-damage|p2a: Dragapult|11/100\n|-heal|p1a: Uxie|84/100|[from] drain|[of] p2a: Dragapult\n|\n|upkeep\n|turn|9\n|\n|t:|1782437456\n|move|p2a: Dragapult|Shadow Ball|p1a: Uxie\n|-damage|p1a: Uxie|28/100\n|-unboost|p1a: Uxie|spd|1\n|move|p1a: Uxie|Draining Kiss|p2a: Dragapult\n|-supereffective|p2a: Dragapult\n|-damage|p2a: Dragapult|0 fnt\n|-heal|p1a: Uxie|35/100|[from] drain|[of] p2a: Dragapult\n|faint|p2a: Dragapult\n|\n|upkeep\n|\n|t:|1782437460\n|switch|p2a: Gholdengo|Gholdengo|10/100\n|turn|10\n|\n|t:|1782437466\n|move|p2a: Gholdengo|Shadow Ball|p1a: Uxie\n|-damage|p1a: Uxie|0 fnt\n|faint|p1a: Uxie\n|\n|upkeep\n|\n|t:|1782437470\n|switch|p1a: Hawlucha|Hawlucha, F, shiny|100/100\n|turn|11\n|\n|t:|1782437482\n|switch|p2a: Slowking|Slowking-Galar, M|100/100\n|move|p1a: Hawlucha|Swords Dance|p1a: Hawlucha\n|-boost|p1a: Hawlucha|atk|2\n|\n|upkeep\n|turn|12\n|\n|t:|1782437487\n|switch|p1a: Garganacl|Garganacl, F|100/100\n|move|p2a: Slowking|Future Sight|p1a: Garganacl\n|-start|p2a: Slowking|move: Future Sight\n|\n|upkeep\n|turn|13\n|\n|t:|1782437491\n|move|p1a: Garganacl|Curse|p1a: Garganacl\n|-unboost|p1a: Garganacl|spe|1\n|-boost|p1a: Garganacl|atk|1\n|-boost|p1a: Garganacl|def|1\n|-prepare|p2a: Slowking|Chilly Reception|[premajor]\n|move|p2a: Slowking|Chilly Reception|p2a: Slowking\n|-weather|Snowscape\n|\n|t:|1782437497\n|switch|p2a: Gholdengo|Gholdengo|10/100|[from] Chilly Reception\n|\n|-weather|Snowscape|[upkeep]\n|upkeep\n|turn|14\n|\n|t:|1782437510\n|switch|p1a: Hawlucha|Hawlucha, F, shiny|100/100\n|move|p2a: Gholdengo|Make It Rain|p1a: Hawlucha\n|-damage|p1a: Hawlucha|2/100\n|-unboost|p2a: Gholdengo|spa|1\n|-enditem|p1a: Hawlucha|Sitrus Berry|[eat]\n|-heal|p1a: Hawlucha|27/100|[from] item: Sitrus Berry\n|\n|-weather|Snowscape|[upkeep]\n|-end|p1a: Hawlucha|move: Future Sight\n|-supereffective|p1a: Hawlucha\n|-damage|p1a: Hawlucha|0 fnt\n|faint|p1a: Hawlucha\n|upkeep\n|\n|t:|1782437517\n|switch|p1a: Primarina|Primarina, F|100/100\n|turn|15\n|\n|t:|1782437522\n|switch|p2a: Slowking|Slowking-Galar, M|100/100\n|move|p1a: Primarina|Moonblast|p2a: Slowking\n|-resisted|p2a: Slowking\n|-damage|p2a: Slowking|84/100\n|\n|-weather|Snowscape|[upkeep]\n|upkeep\n|turn|16\n|\n|t:|1782437529\n|switch|p1a: Garganacl|Garganacl, F|100/100\n|move|p2a: Slowking|Sludge Bomb|p1a: Garganacl\n|-resisted|p1a: Garganacl\n|-damage|p1a: Garganacl|88/100\n|\n|-weather|Snowscape|[upkeep]\n|-heal|p1a: Garganacl|94/100|[from] item: Leftovers\n|upkeep\n|turn|17\n|\n|t:|1782437533\n|move|p1a: Garganacl|Salt Cure|p2a: Slowking\n|-damage|p2a: Slowking|68/100\n|-start|p2a: Slowking|Salt Cure\n|-prepare|p2a: Slowking|Chilly Reception|[premajor]\n|move|p2a: Slowking|Chilly Reception|p2a: Slowking\n|\n|t:|1782437537\n|switch|p2a: Great Tusk|Great Tusk|100/100|[from] Chilly Reception\n|\n|-weather|none\n|-heal|p1a: Garganacl|99/100|[from] item: Leftovers\n|upkeep\n|turn|18\n|\n|t:|1782437549\n|move|p2a: Great Tusk|Earthquake|p1a: Garganacl\n|-supereffective|p1a: Garganacl\n|-damage|p1a: Garganacl|37/100\n|move|p1a: Garganacl|Curse|p1a: Garganacl\n|-unboost|p1a: Garganacl|spe|1\n|-boost|p1a: Garganacl|atk|1\n|-boost|p1a: Garganacl|def|1\n|\n|-heal|p1a: Garganacl|44/100|[from] item: Leftovers\n|upkeep\n|turn|19\n|c|☆quagsirian_68|this match is \"quite unexpected\"\n|\n|t:|1782437554\n|move|p2a: Great Tusk|Earthquake|p1a: Garganacl\n|-supereffective|p1a: Garganacl\n|-damage|p1a: Garganacl|5/100\n|move|p1a: Garganacl|Avalanche|p2a: Great Tusk\n|-supereffective|p2a: Great Tusk\n|-damage|p2a: Great Tusk|53/100\n|\n|-heal|p2a: Great Tusk|60/100|[from] item: Leftovers\n|-heal|p1a: Garganacl|11/100|[from] item: Leftovers\n|upkeep\n|turn|20\n|\n|t:|1782437558\n|move|p2a: Great Tusk|Earthquake|p1a: Garganacl\n|-supereffective|p1a: Garganacl\n|-damage|p1a: Garganacl|0 fnt\n|faint|p1a: Garganacl\n|\n|-heal|p2a: Great Tusk|66/100|[from] item: Leftovers\n|upkeep\n|\n|t:|1782437561\n|switch|p1a: Primarina|Primarina, F|100/100\n|turn|21\n|\n|t:|1782437566\n|-end|p2a: Great Tusk|Protosynthesis|[silent]\n|switch|p2a: Slowking|Slowking-Galar, M|100/100\n|move|p1a: Primarina|Moonblast|p2a: Slowking\n|-resisted|p2a: Slowking\n|-damage|p2a: Slowking|84/100\n|\n|upkeep\n|turn|22\n|\n|t:|1782437570\n|move|p1a: Primarina|Calm Mind|p1a: Primarina\n|-boost|p1a: Primarina|spa|1\n|-boost|p1a: Primarina|spd|1\n|move|p2a: Slowking|Sludge Bomb|p1a: Primarina\n|-supereffective|p1a: Primarina\n|-crit|p1a: Primarina\n|-damage|p1a: Primarina|18/100\n|\n|-heal|p1a: Primarina|24/100|[from] item: Leftovers\n|upkeep\n|turn|23\n|\n|t:|1782437577\n|move|p1a: Primarina|Moonblast|p2a: Slowking\n|-resisted|p2a: Slowking\n|-damage|p2a: Slowking|61/100\n|-unboost|p2a: Slowking|spa|1\n|move|p2a: Slowking|Sludge Bomb|p1a: Primarina\n|-supereffective|p1a: Primarina\n|-damage|p1a: Primarina|0 fnt\n|faint|p1a: Primarina\n|\n|upkeep\n|\n|t:|1782437580\n|switch|p1a: Tsareena|Tsareena, F|100/100\n|turn|24\n|\n|t:|1782437584\n|move|p1a: Tsareena|Knock Off|p2a: Slowking\n|-supereffective|p2a: Slowking\n|-damage|p2a: Slowking|0 fnt\n|-enditem|p2a: Slowking|Heavy-Duty Boots|[from] move: Knock Off|[of] p1a: Tsareena\n|faint|p2a: Slowking\n|\n|upkeep\n|inactive|Battle timer is ON: inactive players will automatically lose when time's up. (requested by UnexpectdSets)\n|\n|t:|1782437592\n|switch|p2a: Gholdengo|Gholdengo|10/100\n|turn|25\n|\n|t:|1782437595\n|move|p2a: Gholdengo|Make It Rain|p1a: Tsareena\n|-damage|p1a: Tsareena|37/100\n|-unboost|p2a: Gholdengo|spa|1\n|move|p1a: Tsareena|Knock Off|p2a: Gholdengo\n|-supereffective|p2a: Gholdengo\n|-damage|p2a: Gholdengo|0 fnt\n|faint|p2a: Gholdengo\n|\n|upkeep\n|\n|t:|1782437598\n|switch|p2a: Great Tusk|Great Tusk|66/100\n|turn|26\n|\n|t:|1782437602\n|move|p2a: Great Tusk|Knock Off|p1a: Tsareena\n|-damage|p1a: Tsareena|8/100\n|-enditem|p1a: Tsareena|Loaded Dice|[from] move: Knock Off|[of] p2a: Great Tusk\n|move|p1a: Tsareena|Triple Axel|p2a: Great Tusk\n|-supereffective|p2a: Great Tusk\n|-damage|p2a: Great Tusk|59/100\n|-hitcount|p2a: Great Tusk|1\n|\n|-heal|p2a: Great Tusk|65/100|[from] item: Leftovers\n|upkeep\n|turn|27\n|\n|t:|1782437605\n|move|p2a: Great Tusk|Knock Off|p1a: Tsareena\n|-damage|p1a: Tsareena|0 fnt\n|faint|p1a: Tsareena\n|\n|win|quagsirian_68\n|raw|UnexpectdSets's rating: 1250 &rarr; <strong>1219</strong><br />(-31 for losing)\n|raw|quagsirian_68's rating: 1161 &rarr; <strong>1192</strong><br />(+31 for winning)\n|l|☆UnexpectdSets\n|player|p1|\n", "uploadtime": 1782437995, "views": 4, "formatid": "gen9ou", "rating": 1192, "private": 0, "password": null}