{"id": "gen9ou-2647719790", "format": "[Gen 9] OU", "players": ["OverusedOddish", "LeTroubadourDu31"], "log": "|j|☆OverusedOddish\n|j|☆LeTroubadourDu31\n|t:|1783801341\n|gametype|singles\n|player|p1|OverusedOddish|1|1465\n|player|p2|LeTroubadourDu31|gambler|1449\n|gen|9\n|tier|[Gen 9] OU\n|rated|\n|rule|HP Percentage Mod: HP is shown in percentages\n|rule|Endless Battle Clause: Forcing endless battles is banned\n|rule|Species Clause: Limit one of each Pokémon\n|rule|OHKO Clause: OHKO moves are banned\n|rule|Evasion Items Clause: Evasion items are banned\n|rule|Evasion Moves Clause: Evasion moves are banned\n|rule|Evasion Abilities Clause: Evasion abilities are banned\n|rule|Sleep Moves Clause: Sleep-inducing moves are banned\n|clearpoke\n|poke|p1|Dragonite, M|\n|poke|p1|Iron Moth|\n|poke|p1|Ogerpon-Wellspring, F|\n|poke|p1|Ting-Lu|\n|poke|p1|Iron Valiant|\n|poke|p1|Raging Bolt|\n|poke|p2|Ribombee, F|\n|poke|p2|Ceruledge, M|\n|poke|p2|Glimmora, F|\n|poke|p2|Great Tusk|\n|poke|p2|Iron Valiant|\n|poke|p2|Kyurem|\n|teampreview\n|inactive|Battle timer is ON: inactive players will automatically lose when time's up. (requested by LeTroubadourDu31)\n|\n|t:|1783801353\n|teamsize|p1|6\n|teamsize|p2|6\n|start\n|switch|p1a: Iron Moth|Iron Moth|100/100\n|switch|p2a: Ribombee|Ribombee, F|100/100\n|-enditem|p1a: Iron Moth|Booster Energy\n|-activate|p1a: Iron Moth|ability: Quark Drive|[fromitem]\n|-start|p1a: Iron Moth|quarkdrivespe\n|turn|1\n|inactive|OverusedOddish also wants the timer to be on.\n|\n|t:|1783801365\n|move|p1a: Iron Moth|Fiery Dance|p2a: Ribombee\n|-supereffective|p2a: Ribombee\n|-crit|p2a: Ribombee\n|-enditem|p2a: Ribombee|Focus Sash\n|-damage|p2a: Ribombee|1/100\n|-boost|p1a: Iron Moth|spa|1\n|move|p2a: Ribombee|Stun Spore|p1a: Iron Moth\n|-status|p1a: Iron Moth|par\n|\n|upkeep\n|turn|2\n|\n|t:|1783801377\n|move|p2a: Ribombee|Sticky Web|p1a: Iron Moth\n|-sidestart|p1: OverusedOddish|move: Sticky Web\n|cant|p1a: Iron Moth|par\n|\n|upkeep\n|turn|3\n|\n|t:|1783801388\n|move|p2a: Ribombee|Moonblast|p1a: Iron Moth\n|-resisted|p1a: Iron Moth\n|-damage|p1a: Iron Moth|90/100 par\n|move|p1a: Iron Moth|Sludge Wave|p2a: Ribombee\n|-supereffective|p2a: Ribombee\n|-damage|p2a: Ribombee|0 fnt\n|faint|p2a: Ribombee\n|\n|upkeep\n|\n|t:|1783801396\n|switch|p2a: Glimmora|Glimmora, F|100/100\n|turn|4\n|\n|t:|1783801407\n|-end|p1a: Iron Moth|Quark Drive|[silent]\n|switch|p1a: Ting-Lu|Ting-Lu|100/100\n|-activate|p1a: Ting-Lu|move: Sticky Web\n|-unboost|p1a: Ting-Lu|spe|1\n|-ability|p1a: Ting-Lu|Vessel of Ruin\n|move|p2a: Glimmora|Earth Power|p1a: Ting-Lu\n|-damage|p1a: Ting-Lu|87/100\n|\n|-heal|p1a: Ting-Lu|94/100|[from] item: Leftovers\n|upkeep\n|turn|5\n|\n|t:|1783801423\n|switch|p2a: Great Tusk|Great Tusk|100/100\n|-enditem|p2a: Great Tusk|Booster Energy\n|-activate|p2a: Great Tusk|ability: Protosynthesis|[fromitem]\n|-start|p2a: Great Tusk|protosynthesisspe\n|move|p1a: Ting-Lu|Ruination|p2a: Great Tusk\n|-damage|p2a: Great Tusk|50/100\n|\n|-heal|p1a: Ting-Lu|99/100|[from] item: Leftovers\n|upkeep\n|turn|6\n|\n|t:|1783801434\n|move|p2a: Great Tusk|Bulk Up|p2a: Great Tusk\n|-boost|p2a: Great Tusk|atk|1\n|-boost|p2a: Great Tusk|def|1\n|move|p1a: Ting-Lu|Stealth Rock|p2a: Great Tusk\n|-sidestart|p2: LeTroubadourDu31|move: Stealth Rock\n|\n|-heal|p1a: Ting-Lu|100/100|[from] item: Leftovers\n|upkeep\n|turn|7\n|\n|t:|1783801446\n|move|p2a: Great Tusk|Rapid Spin|p1a: Ting-Lu\n|-damage|p1a: Ting-Lu|88/100\n|-boost|p2a: Great Tusk|spe|1\n|-sideend|p2: LeTroubadourDu31|Stealth Rock|[from] move: Rapid Spin|[of] p2a: Great Tusk\n|move|p1a: Ting-Lu|Whirlwind|p2a: Great Tusk\n|-end|p2a: Great Tusk|Protosynthesis|[silent]\n|drag|p2a: Glimmora|Glimmora, F|100/100\n|\n|-heal|p1a: Ting-Lu|95/100|[from] item: Leftovers\n|upkeep\n|turn|8\n|\n|t:|1783801459\n|move|p2a: Glimmora|Mortal Spin|p1a: Ting-Lu\n|-resisted|p1a: Ting-Lu\n|-damage|p1a: Ting-Lu|93/100\n|-status|p1a: Ting-Lu|psn\n|move|p1a: Ting-Lu|Ruination|p2a: Glimmora\n|-damage|p2a: Glimmora|51/100\n|\n|-heal|p1a: Ting-Lu|99/100 psn|[from] item: Leftovers\n|-damage|p1a: Ting-Lu|87/100 psn|[from] psn\n|upkeep\n|turn|9\n|\n|t:|1783801473\n|switch|p2a: Great Tusk|Great Tusk|50/100\n|move|p1a: Ting-Lu|Earthquake|p2a: Great Tusk\n|-damage|p2a: Great Tusk|28/100\n|\n|-heal|p1a: Ting-Lu|93/100 psn|[from] item: Leftovers\n|-damage|p1a: Ting-Lu|81/100 psn|[from] psn\n|upkeep\n|turn|10\n|\n|t:|1783801484\n|move|p2a: Great Tusk|Headlong Rush|p1a: Ting-Lu\n|-damage|p1a: Ting-Lu|53/100 psn\n|-unboost|p2a: Great Tusk|def|1\n|-unboost|p2a: Great Tusk|spd|1\n|move|p1a: Ting-Lu|Earthquake|p2a: Great Tusk\n|-damage|p2a: Great Tusk|0 fnt\n|faint|p2a: Great Tusk\n|-end|p2a: Great Tusk|Protosynthesis|[silent]\n|\n|-heal|p1a: Ting-Lu|59/100 psn|[from] item: Leftovers\n|-damage|p1a: Ting-Lu|47/100 psn|[from] psn\n|upkeep\n|\n|t:|1783801489\n|switch|p2a: Iron Valiant|Iron Valiant|100/100\n|-enditem|p2a: Iron Valiant|Booster Energy\n|-activate|p2a: Iron Valiant|ability: Quark Drive|[fromitem]\n|-start|p2a: Iron Valiant|quarkdrivespa\n|turn|11\n|\n|t:|1783801501\n|switch|p1a: Iron Moth|Iron Moth|90/100 par\n|-activate|p1a: Iron Moth|move: Sticky Web\n|-unboost|p1a: Iron Moth|spe|1\n|move|p2a: Iron Valiant|Moonblast|p1a: Iron Moth\n|-resisted|p1a: Iron Moth\n|-damage|p1a: Iron Moth|72/100 par\n|\n|upkeep\n|turn|12\n|\n|t:|1783801517\n|-terastallize|p2a: Iron Valiant|Electric\n|move|p2a: Iron Valiant|Thunderbolt|p1a: Iron Moth\n|-damage|p1a: Iron Moth|9/100 par\n|move|p1a: Iron Moth|Fiery Dance|p2a: Iron Valiant\n|-damage|p2a: Iron Valiant|25/100\n|-boost|p1a: Iron Moth|spa|1\n|\n|upkeep\n|turn|13\n|\n|t:|1783801529\n|move|p2a: Iron Valiant|Thunderbolt|p1a: Iron Moth\n|-damage|p1a: Iron Moth|0 fnt\n|faint|p1a: Iron Moth\n|-end|p1a: Iron Moth|Quark Drive|[silent]\n|\n|upkeep\n|\n|t:|1783801540\n|switch|p1a: Dragonite|Dragonite, M|100/100\n|turn|14\n|\n|t:|1783801552\n|move|p1a: Dragonite|Extreme Speed|p2a: Iron Valiant\n|-damage|p2a: Iron Valiant|0 fnt\n|faint|p2a: Iron Valiant\n|-end|p2a: Iron Valiant|Quark Drive|[silent]\n|\n|upkeep\n|\n|t:|1783801555\n|switch|p2a: Glimmora|Glimmora, F|51/100\n|turn|15\n|\n|t:|1783801566\n|move|p2a: Glimmora|Meteor Beam||[still]\n|-prepare|p2a: Glimmora|Meteor Beam\n|-boost|p2a: Glimmora|spa|1\n|-enditem|p2a: Glimmora|Power Herb\n|-anim|p2a: Glimmora|Meteor Beam|p1a: Dragonite\n|-supereffective|p1a: Dragonite\n|-damage|p1a: Dragonite|0 fnt\n|faint|p1a: Dragonite\n|\n|upkeep\n|\n|t:|1783801572\n|switch|p1a: Raging Bolt|Raging Bolt|100/100\n|-activate|p1a: Raging Bolt|move: Sticky Web\n|-unboost|p1a: Raging Bolt|spe|1\n|-enditem|p1a: Raging Bolt|Booster Energy\n|-activate|p1a: Raging Bolt|ability: Protosynthesis|[fromitem]\n|-start|p1a: Raging Bolt|protosynthesisspa\n|turn|16\n|\n|t:|1783801578\n|-terastallize|p1a: Raging Bolt|Fairy\n|move|p2a: Glimmora|Stealth Rock|p1a: Raging Bolt\n|-sidestart|p1: OverusedOddish|move: Stealth Rock\n|move|p1a: Raging Bolt|Calm Mind|p1a: Raging Bolt\n|-boost|p1a: Raging Bolt|spa|1\n|-boost|p1a: Raging Bolt|spd|1\n|\n|upkeep\n|turn|17\n|\n|t:|1783801585\n|move|p1a: Raging Bolt|Thunderclap||[still]\n|-fail|p1a: Raging Bolt\n|move|p2a: Glimmora|Stealth Rock||[still]\n|-fail|p2a: Glimmora\n|\n|upkeep\n|turn|18\n|\n|t:|1783801591\n|move|p2a: Glimmora|Mortal Spin|p1a: Raging Bolt\n|-supereffective|p1a: Raging Bolt\n|-damage|p1a: Raging Bolt|90/100\n|-status|p1a: Raging Bolt|psn\n|move|p1a: Raging Bolt|Thunderbolt|p2a: Glimmora\n|-damage|p2a: Glimmora|0 fnt\n|faint|p2a: Glimmora\n|\n|-damage|p1a: Raging Bolt|78/100 psn|[from] psn\n|upkeep\n|\n|t:|1783801599\n|switch|p2a: Ceruledge|Ceruledge, M|100/100\n|turn|19\n|\n|t:|1783801610\n|move|p2a: Ceruledge|Poltergeist||[still]\n|-fail|p2a: Ceruledge\n|move|p1a: Raging Bolt|Draco Meteor|p2a: Ceruledge\n|-enditem|p2a: Ceruledge|Focus Sash\n|-damage|p2a: Ceruledge|1/100\n|-unboost|p1a: Raging Bolt|spa|2\n|\n|-damage|p1a: Raging Bolt|65/100 psn|[from] psn\n|upkeep\n|turn|20\n|\n|t:|1783801621\n|move|p2a: Ceruledge|Swords Dance|p2a: Ceruledge\n|-boost|p2a: Ceruledge|atk|2\n|move|p1a: Raging Bolt|Thunderbolt|p2a: Ceruledge\n|-damage|p2a: Ceruledge|0 fnt\n|faint|p2a: Ceruledge\n|\n|-damage|p1a: Raging Bolt|53/100 psn|[from] psn\n|upkeep\n|\n|t:|1783801627\n|switch|p2a: Kyurem|Kyurem|100/100\n|-ability|p2a: Kyurem|Pressure\n|turn|21\n|\n|t:|1783801638\n|move|p2a: Kyurem|Freeze-Dry|p1a: Raging Bolt\n|-damage|p1a: Raging Bolt|32/100 psn\n|move|p1a: Raging Bolt|Draco Meteor|p2a: Kyurem\n|-supereffective|p2a: Kyurem\n|-damage|p2a: Kyurem|0 fnt\n|-unboost|p1a: Raging Bolt|spa|2\n|faint|p2a: Kyurem\n|\n|win|OverusedOddish\n|raw|OverusedOddish's rating: 1465 &rarr; <strong>1484</strong><br />(+19 for winning)\n|raw|LeTroubadourDu31's rating: 1449 &rarr; <strong>1430</strong><br />(-19 for losing)\n", "uploadtime": 1783801638, "views": 15, "formatid": "gen9ou", "rating": 1430, "private": 0, "password": null}