{"id": "gen9ou-2647764204", "format": "[Gen 9] OU", "players": ["BubbleNebula", "Foeskii"], "log": "|j|☆BubbleNebula\n|j|☆Foeskii\n|t:|1783808517\n|gametype|singles\n|player|p1|BubbleNebula|blackbelt-gen4dp|1088\n|player|p2|Foeskii|waiter|1074\n|gen|9\n|tier|[Gen 9] OU\n|rated|\n|rule|HP Percentage Mod: HP is shown in percentages\n|rule|Endless Battle Clause: Forcing endless battles is banned\n|rule|Species Clause: Limit one of each Pokémon\n|rule|OHKO Clause: OHKO moves are banned\n|rule|Evasion Items Clause: Evasion items are banned\n|rule|Evasion Moves Clause: Evasion moves are banned\n|rule|Evasion Abilities Clause: Evasion abilities are banned\n|rule|Sleep Moves Clause: Sleep-inducing moves are banned\n|clearpoke\n|poke|p1|Blaziken, M|\n|poke|p1|Weavile, M|\n|poke|p1|Clodsire, M|\n|poke|p1|Okidogi, M|\n|poke|p1|Primarina, M|\n|poke|p1|Raging Bolt|\n|poke|p2|Metagross|\n|poke|p2|Thundurus-Therian, M|\n|poke|p2|Iron Leaves|\n|poke|p2|Cinderace, M|\n|poke|p2|Deoxys-Speed|\n|poke|p2|Manaphy|\n|teampreview\n|\n|t:|1783808547\n|teamsize|p1|6\n|teamsize|p2|6\n|start\n|switch|p1a: Okidogi|Okidogi, M|100/100\n|switch|p2a: Manaphy|Manaphy|100/100\n|turn|1\n|\n|t:|1783808564\n|move|p2a: Manaphy|Tail Glow|p2a: Manaphy\n|-boost|p2a: Manaphy|spa|3\n|move|p1a: Okidogi|Outrage|p2a: Manaphy\n|-damage|p2a: Manaphy|60/100\n|-status|p2a: Manaphy|tox|[from] ability: Toxic Chain|[of] p1a: Okidogi\n|\n|-heal|p2a: Manaphy|66/100 tox|[from] item: Leftovers\n|-damage|p2a: Manaphy|60/100 tox|[from] psn\n|upkeep\n|turn|2\n|\n|t:|1783808576\n|move|p2a: Manaphy|Surf|p1a: Okidogi\n|-damage|p1a: Okidogi|48/100\n|move|p1a: Okidogi|Outrage|p2a: Manaphy|[from] lockedmove\n|-damage|p2a: Manaphy|23/100 tox\n|\n|-heal|p2a: Manaphy|30/100 tox|[from] item: Leftovers\n|-damage|p2a: Manaphy|17/100 tox|[from] psn\n|upkeep\n|turn|3\n|\n|t:|1783808589\n|move|p2a: Manaphy|Ice Beam|p1a: Okidogi\n|-damage|p1a: Okidogi|12/100\n|move|p1a: Okidogi|Outrage|p2a: Manaphy|[from] lockedmove\n|-damage|p2a: Manaphy|0 fnt\n|faint|p2a: Manaphy\n|-start|p1a: Okidogi|confusion|[fatigue]\n|\n|upkeep\n|\n|t:|1783808599\n|switch|p2a: Cinderace|Cinderace, M|100/100\n|turn|4\n|\n|t:|1783808612\n|switch|p1a: Raging Bolt|Raging Bolt|100/100\n|-enditem|p1a: Raging Bolt|Booster Energy\n|-activate|p1a: Raging Bolt|ability: Protosynthesis|[fromitem]\n|-start|p1a: Raging Bolt|protosynthesisspa\n|move|p2a: Cinderace|Sucker Punch||[still]\n|-fail|p2a: Cinderace\n|\n|upkeep\n|turn|5\n|\n|t:|1783808627\n|switch|p2a: Thundurus|Thundurus-Therian, M|100/100\n|move|p1a: Raging Bolt|Ancient Power|p2a: Thundurus\n|-supereffective|p2a: Thundurus\n|-damage|p2a: Thundurus|25/100\n|\n|upkeep\n|turn|6\n|\n|t:|1783808637\n|move|p2a: Thundurus|Sludge Bomb|p1a: Raging Bolt\n|-damage|p1a: Raging Bolt|69/100\n|move|p1a: Raging Bolt|Ancient Power|p2a: Thundurus\n|-supereffective|p2a: Thundurus\n|-damage|p2a: Thundurus|0 fnt\n|faint|p2a: Thundurus\n|\n|upkeep\n|\n|t:|1783808646\n|switch|p2a: Metagross|Metagross|100/100\n|turn|7\n|\n|t:|1783808653\n|-terastallize|p2a: Metagross|Ground\n|move|p1a: Raging Bolt|Volt Switch|p2a: Metagross\n|-immune|p2a: Metagross\n|move|p2a: Metagross|Ice Punch|p1a: Raging Bolt\n|-supereffective|p1a: Raging Bolt\n|-damage|p1a: Raging Bolt|15/100\n|\n|upkeep\n|turn|8\n|\n|t:|1783808667\n|move|p1a: Raging Bolt|Draco Meteor|p2a: Metagross\n|-damage|p2a: Metagross|9/100\n|-unboost|p1a: Raging Bolt|spa|2\n|move|p2a: Metagross|Ice Punch|p1a: Raging Bolt\n|-supereffective|p1a: Raging Bolt\n|-damage|p1a: Raging Bolt|0 fnt\n|faint|p1a: Raging Bolt\n|-end|p1a: Raging Bolt|Protosynthesis|[silent]\n|\n|-heal|p2a: Metagross|15/100|[from] item: Leftovers\n|upkeep\n|\n|t:|1783808682\n|switch|p1a: Weavile|Weavile, M|100/100\n|-ability|p1a: Weavile|Pressure\n|turn|9\n|\n|t:|1783808691\n|move|p2a: Metagross|Protect|p2a: Metagross\n|-singleturn|p2a: Metagross|Protect\n|move|p1a: Weavile|Knock Off|p2a: Metagross\n|-activate|p2a: Metagross|move: Protect\n|\n|-heal|p2a: Metagross|21/100|[from] item: Leftovers\n|upkeep\n|turn|10\n|\n|t:|1783808702\n|move|p1a: Weavile|Ice Shard|p2a: Metagross\n|-supereffective|p2a: Metagross\n|-crit|p2a: Metagross\n|-damage|p2a: Metagross|0 fnt\n|faint|p2a: Metagross\n|\n|upkeep\n|\n|t:|1783808709\n|switch|p2a: Cinderace|Cinderace, M|100/100\n|turn|11\n|\n|t:|1783808718\n|switch|p1a: Primarina|Primarina, M|100/100\n|move|p2a: Cinderace|Flare Blitz|p1a: Primarina\n|-resisted|p1a: Primarina\n|-damage|p1a: Primarina|68/100\n|-status|p1a: Primarina|brn\n|-damage|p2a: Cinderace|89/100|[from] Recoil\n|\n|-heal|p1a: Primarina|74/100 brn|[from] item: Leftovers\n|-damage|p1a: Primarina|68/100 brn|[from] brn\n|upkeep\n|turn|12\n|\n|t:|1783808741\n|switch|p2a: Deoxys|Deoxys-Speed, shiny|100/100\n|-ability|p2a: Deoxys|Pressure\n|move|p1a: Primarina|Reflect|p1a: Primarina\n|-sidestart|p1: BubbleNebula|Reflect\n|\n|-heal|p1a: Primarina|74/100 brn|[from] item: Leftovers\n|-damage|p1a: Primarina|68/100 brn|[from] brn\n|upkeep\n|turn|13\n|\n|t:|1783808753\n|move|p2a: Deoxys|Psycho Boost|p1a: Primarina\n|-damage|p1a: Primarina|23/100 brn\n|-unboost|p2a: Deoxys|spa|2\n|-enditem|p2a: Deoxys|Eject Pack\n|\n|t:|1783808761\n|switch|p2a: Cinderace|Cinderace, M|89/100\n|move|p1a: Primarina|Draining Kiss|p2a: Cinderace\n|-resisted|p2a: Cinderace\n|-damage|p2a: Cinderace|72/100\n|-heal|p1a: Primarina|35/100 brn|[from] drain|[of] p2a: Cinderace\n|\n|-heal|p1a: Primarina|41/100 brn|[from] item: Leftovers\n|-damage|p1a: Primarina|35/100 brn|[from] brn\n|upkeep\n|turn|14\n|\n|t:|1783808776\n|move|p2a: Cinderace|Flare Blitz|p1a: Primarina\n|-resisted|p1a: Primarina\n|-damage|p1a: Primarina|18/100 brn\n|-damage|p2a: Cinderace|66/100|[from] Recoil\n|move|p1a: Primarina|Alluring Voice|p2a: Cinderace\n|-supereffective|p2a: Cinderace\n|-damage|p2a: Cinderace|0 fnt\n|faint|p2a: Cinderace\n|\n|-heal|p1a: Primarina|24/100 brn|[from] item: Leftovers\n|-damage|p1a: Primarina|18/100 brn|[from] brn\n|upkeep\n|\n|t:|1783808789\n|switch|p2a: Deoxys|Deoxys-Speed, shiny|100/100\n|-ability|p2a: Deoxys|Pressure\n|turn|15\n|\n|t:|1783808799\n|switch|p1a: Weavile|Weavile, M|100/100\n|-ability|p1a: Weavile|Pressure\n|move|p2a: Deoxys|Psycho Boost|p1a: Weavile\n|-immune|p1a: Weavile\n|\n|upkeep\n|turn|16\n|\n|t:|1783808810\n|move|p2a: Deoxys|Superpower|p1a: Weavile\n|-supereffective|p1a: Weavile\n|-damage|p1a: Weavile|0 fnt\n|-unboost|p2a: Deoxys|atk|1\n|-unboost|p2a: Deoxys|def|1\n|faint|p1a: Weavile\n|\n|-sideend|p1: BubbleNebula|Reflect\n|upkeep\n|\n|t:|1783808821\n|switch|p1a: Clodsire|Clodsire, M|100/100\n|turn|17\n|\n|t:|1783808826\n|move|p2a: Deoxys|Psycho Boost|p1a: Clodsire\n|-supereffective|p1a: Clodsire\n|-damage|p1a: Clodsire|35/100\n|-unboost|p2a: Deoxys|spa|2\n|move|p1a: Clodsire|Toxic|p2a: Deoxys\n|-status|p2a: Deoxys|tox\n|\n|-heal|p1a: Clodsire|41/100|[from] item: Leftovers\n|-damage|p2a: Deoxys|94/100 tox|[from] psn\n|upkeep\n|turn|18\n|\n|t:|1783808844\n|move|p2a: Deoxys|Psycho Boost|p1a: Clodsire\n|-supereffective|p1a: Clodsire\n|-damage|p1a: Clodsire|0 fnt\n|-unboost|p2a: Deoxys|spa|2\n|faint|p1a: Clodsire\n|\n|-damage|p2a: Deoxys|82/100 tox|[from] psn\n|upkeep\n|\n|t:|1783808854\n|switch|p1a: Blaziken|Blaziken, M|100/100\n|turn|19\n|\n|t:|1783808863\n|move|p1a: Blaziken|Protect|p1a: Blaziken\n|-singleturn|p1a: Blaziken|Protect\n|move|p2a: Deoxys|Psycho Boost|p1a: Blaziken\n|-activate|p1a: Blaziken|move: Protect\n|\n|-damage|p2a: Deoxys|63/100 tox|[from] psn\n|-ability|p1a: Blaziken|Speed Boost|boost\n|-boost|p1a: Blaziken|spe|1\n|upkeep\n|turn|20\n|\n|t:|1783808877\n|-terastallize|p1a: Blaziken|Electric\n|move|p2a: Deoxys|Extreme Speed|p1a: Blaziken\n|-damage|p1a: Blaziken|82/100\n|move|p1a: Blaziken|Thunder Punch|p2a: Deoxys\n|-damage|p2a: Deoxys|0 fnt\n|faint|p2a: Deoxys\n|\n|-heal|p1a: Blaziken|88/100|[from] item: Leftovers\n|-ability|p1a: Blaziken|Speed Boost|boost\n|-boost|p1a: Blaziken|spe|1\n|upkeep\n|\n|t:|1783808888\n|switch|p2a: Iron Leaves|Iron Leaves|100/100\n|-enditem|p2a: Iron Leaves|Booster Energy\n|-activate|p2a: Iron Leaves|ability: Quark Drive|[fromitem]\n|-start|p2a: Iron Leaves|quarkdrivespe\n|turn|21\n|\n|t:|1783808897\n|move|p2a: Iron Leaves|Leaf Blade|p1a: Blaziken\n|-damage|p1a: Blaziken|25/100\n|move|p1a: Blaziken|Flare Blitz|p2a: Iron Leaves\n|-supereffective|p2a: Iron Leaves\n|-crit|p2a: Iron Leaves\n|-damage|p2a: Iron Leaves|0 fnt\n|faint|p2a: Iron Leaves\n|-end|p2a: Iron Leaves|Quark Drive|[silent]\n|-damage|p1a: Blaziken|0 fnt|[from] Recoil\n|faint|p1a: Blaziken\n|\n|win|BubbleNebula\n|raw|BubbleNebula's rating: 1088 &rarr; <strong>1114</strong><br />(+26 for winning)\n|raw|Foeskii's rating: 1074 &rarr; <strong>1054</strong><br />(-20 for losing)\n|l|☆Foeskii\n|player|p2|\n", "uploadtime": 1783808910, "views": 4, "formatid": "gen9ou", "rating": 1054, "private": 0, "password": null}