{"id": "gen9ou-2639307083", "format": "[Gen 9] OU", "players": ["thepeakmons", "pjmamatas"], "log": "|j|☆thepeakmons\n|j|☆pjmamatas\n|t:|1782449933\n|gametype|singles\n|player|p1|thepeakmons|101|1313\n|player|p2|pjmamatas|bugcatcher-gen4dp|1320\n|gen|9\n|tier|[Gen 9] OU\n|rated|\n|rule|HP Percentage Mod: HP is shown in percentages\n|rule|Endless Battle Clause: Forcing endless battles is banned\n|rule|Species Clause: Limit one of each Pokémon\n|rule|OHKO Clause: OHKO moves are banned\n|rule|Evasion Items Clause: Evasion items are banned\n|rule|Evasion Moves Clause: Evasion moves are banned\n|rule|Evasion Abilities Clause: Evasion abilities are banned\n|rule|Sleep Moves Clause: Sleep-inducing moves are banned\n|clearpoke\n|poke|p1|Corviknight, F|\n|poke|p1|Ting-Lu|\n|poke|p1|Kyurem|\n|poke|p1|Dondozo, F|\n|poke|p1|Slowking-Galar, M|\n|poke|p1|Cinderace, F|\n|poke|p2|Cinderace, F|\n|poke|p2|Landorus-Therian, M|\n|poke|p2|Corviknight, F|\n|poke|p2|Rotom-Wash|\n|poke|p2|Clefable, F|\n|poke|p2|Latias, F|\n|teampreview\n|inactive|Battle timer is ON: inactive players will automatically lose when time's up. (requested by pjmamatas)\n|inactive|thepeakmons also wants the timer to be on.\n|\n|t:|1782449950\n|teamsize|p1|6\n|teamsize|p2|6\n|start\n|switch|p1a: Cinderace|Cinderace, F|100/100\n|switch|p2a: Rotom|Rotom-Wash|100/100\n|turn|1\n|inactive|thepeakmons has 120 seconds left.\n|\n|t:|1782449990\n|move|p1a: Cinderace|U-turn|p2a: Rotom\n|-damage|p2a: Rotom|86/100\n|-damage|p1a: Cinderace|84/100|[from] item: Rocky Helmet|[of] p2a: Rotom\n|\n|t:|1782450007\n|switch|p1a: Kyurem|Kyurem|100/100|[from] U-turn\n|-ability|p1a: Kyurem|Pressure\n|move|p2a: Rotom|Hydro Pump|p1a: Kyurem|[miss]\n|-miss|p2a: Rotom|p1a: Kyurem\n|\n|upkeep\n|turn|2\n|\n|t:|1782450026\n|move|p1a: Kyurem|Freeze-Dry|p2a: Rotom\n|-supereffective|p2a: Rotom\n|-damage|p2a: Rotom|15/100\n|move|p2a: Rotom|Will-O-Wisp|p1a: Kyurem\n|-status|p1a: Kyurem|brn\n|\n|-damage|p1a: Kyurem|94/100 brn|[from] brn\n|upkeep\n|turn|3\n|\n|t:|1782450045\n|move|p1a: Kyurem|Freeze-Dry|p2a: Rotom\n|-supereffective|p2a: Rotom\n|-damage|p2a: Rotom|0 fnt\n|faint|p2a: Rotom\n|\n|-heal|p1a: Kyurem|100/100 brn|[from] item: Leftovers\n|-damage|p1a: Kyurem|94/100 brn|[from] brn\n|upkeep\n|\n|t:|1782450054\n|switch|p2a: Clefable|Clefable, F|100/100\n|turn|4\n|\n|t:|1782450069\n|switch|p1a: Slowking|Slowking-Galar, M|100/100\n|move|p2a: Clefable|Cosmic Power|p2a: Clefable\n|-boost|p2a: Clefable|def|1\n|-boost|p2a: Clefable|spd|1\n|\n|upkeep\n|turn|5\n|\n|t:|1782450089\n|move|p2a: Clefable|Cosmic Power|p2a: Clefable\n|-boost|p2a: Clefable|def|1\n|-boost|p2a: Clefable|spd|1\n|move|p1a: Slowking|Sludge Bomb|p2a: Clefable\n|-supereffective|p2a: Clefable\n|-damage|p2a: Clefable|69/100\n|-status|p2a: Clefable|psn\n|\n|-heal|p2a: Clefable|75/100 psn|[from] item: Leftovers\n|upkeep\n|turn|6\n|\n|t:|1782450103\n|move|p2a: Clefable|Cosmic Power|p2a: Clefable\n|-boost|p2a: Clefable|def|1\n|-boost|p2a: Clefable|spd|1\n|move|p1a: Slowking|Future Sight|p2a: Clefable\n|-start|p1a: Slowking|move: Future Sight\n|\n|-heal|p2a: Clefable|81/100 psn|[from] item: Leftovers\n|upkeep\n|turn|7\n|\n|t:|1782450109\n|move|p2a: Clefable|Cosmic Power|p2a: Clefable\n|-boost|p2a: Clefable|def|1\n|-boost|p2a: Clefable|spd|1\n|move|p1a: Slowking|Sludge Bomb|p2a: Clefable\n|-supereffective|p2a: Clefable\n|-damage|p2a: Clefable|62/100 psn\n|\n|-heal|p2a: Clefable|68/100 psn|[from] item: Leftovers\n|upkeep\n|turn|8\n|\n|t:|1782450119\n|move|p2a: Clefable|Cosmic Power|p2a: Clefable\n|-boost|p2a: Clefable|def|1\n|-boost|p2a: Clefable|spd|1\n|move|p1a: Slowking|Sludge Bomb|p2a: Clefable\n|-supereffective|p2a: Clefable\n|-damage|p2a: Clefable|50/100 psn\n|\n|-end|p2a: Clefable|move: Future Sight\n|-damage|p2a: Clefable|38/100 psn\n|-heal|p2a: Clefable|44/100 psn|[from] item: Leftovers\n|upkeep\n|turn|9\n|\n|t:|1782450126\n|move|p2a: Clefable|Moonlight|p2a: Clefable\n|-heal|p2a: Clefable|94/100 psn\n|move|p1a: Slowking|Future Sight|p2a: Clefable\n|-start|p1a: Slowking|move: Future Sight\n|\n|-heal|p2a: Clefable|99/100 psn|[from] item: Leftovers\n|upkeep\n|turn|10\n|inactive|thepeakmons has 120 seconds left.\n|\n|t:|1782450132\n|switch|p1a: Ting-Lu|Ting-Lu|100/100\n|-ability|p1a: Ting-Lu|Vessel of Ruin\n|move|p2a: Clefable|Cosmic Power|p2a: Clefable\n|-boost|p2a: Clefable|def|1\n|-boost|p2a: Clefable|spd|1\n|\n|-heal|p2a: Clefable|100/100 psn|[from] item: Leftovers\n|upkeep\n|turn|11\n|\n|t:|1782450138\n|move|p2a: Clefable|Flamethrower|p1a: Ting-Lu\n|-damage|p1a: Ting-Lu|92/100\n|-status|p1a: Ting-Lu|brn\n|move|p1a: Ting-Lu|Earthquake|p2a: Clefable\n|-damage|p2a: Clefable|97/100 psn\n|\n|-end|p2a: Clefable|move: Future Sight\n|-damage|p2a: Clefable|90/100 psn\n|-heal|p2a: Clefable|96/100 psn|[from] item: Leftovers\n|-heal|p1a: Ting-Lu|98/100 brn|[from] item: Leftovers\n|-damage|p1a: Ting-Lu|92/100 brn|[from] brn\n|upkeep\n|turn|12\n|inactive|thepeakmons has 120 seconds left.\n|\n|t:|1782450159\n|move|p2a: Clefable|Flamethrower|p1a: Ting-Lu\n|-damage|p1a: Ting-Lu|84/100 brn\n|move|p1a: Ting-Lu|Rest|p1a: Ting-Lu\n|-status|p1a: Ting-Lu|slp|[from] move: Rest\n|-heal|p1a: Ting-Lu|100/100 slp|[silent]\n|\n|-heal|p2a: Clefable|100/100 psn|[from] item: Leftovers\n|upkeep\n|turn|13\n|inactive|thepeakmons has 120 seconds left.\n|\n|t:|1782450168\n|switch|p1a: Slowking|Slowking-Galar, M|100/100\n|move|p2a: Clefable|Flamethrower|p1a: Slowking\n|-damage|p1a: Slowking|85/100\n|\n|upkeep\n|turn|14\n|inactive|thepeakmons has 120 seconds left.\n|\n|t:|1782450185\n|move|p2a: Clefable|Stored Power|p1a: Slowking\n|-damage|p1a: Slowking|40/100\n|move|p1a: Slowking|Future Sight|p2a: Clefable\n|-start|p1a: Slowking|move: Future Sight\n|\n|upkeep\n|turn|15\n|inactive|thepeakmons has 120 seconds left.\n|\n|t:|1782450201\n|switch|p1a: Ting-Lu|Ting-Lu|100/100 slp\n|-ability|p1a: Ting-Lu|Vessel of Ruin\n|move|p2a: Clefable|Flamethrower|p1a: Ting-Lu\n|-damage|p1a: Ting-Lu|93/100 slp\n|\n|-heal|p1a: Ting-Lu|99/100 slp|[from] item: Leftovers\n|upkeep\n|turn|16\n|\n|t:|1782450217\n|move|p2a: Clefable|Flamethrower|p1a: Ting-Lu\n|-damage|p1a: Ting-Lu|91/100 slp\n|cant|p1a: Ting-Lu|slp\n|\n|-end|p2a: Clefable|move: Future Sight\n|-damage|p2a: Clefable|93/100 psn\n|-heal|p2a: Clefable|99/100 psn|[from] item: Leftovers\n|-heal|p1a: Ting-Lu|98/100 slp|[from] item: Leftovers\n|upkeep\n|turn|17\n|\n|t:|1782450231\n|move|p2a: Clefable|Flamethrower|p1a: Ting-Lu\n|-crit|p1a: Ting-Lu\n|-damage|p1a: Ting-Lu|85/100 slp\n|cant|p1a: Ting-Lu|slp\n|\n|-heal|p2a: Clefable|100/100 psn|[from] item: Leftovers\n|-heal|p1a: Ting-Lu|91/100 slp|[from] item: Leftovers\n|upkeep\n|turn|18\n|\n|t:|1782450248\n|move|p2a: Clefable|Flamethrower|p1a: Ting-Lu\n|-damage|p1a: Ting-Lu|83/100 slp\n|-curestatus|p1a: Ting-Lu|slp|[msg]\n|move|p1a: Ting-Lu|Earthquake|p2a: Clefable\n|-damage|p2a: Clefable|93/100 psn\n|\n|-heal|p2a: Clefable|99/100 psn|[from] item: Leftovers\n|-heal|p1a: Ting-Lu|89/100|[from] item: Leftovers\n|upkeep\n|turn|19\n|\n|t:|1782450262\n|move|p2a: Clefable|Flamethrower|p1a: Ting-Lu\n|-damage|p1a: Ting-Lu|81/100\n|move|p1a: Ting-Lu|Earthquake|p2a: Clefable\n|-damage|p2a: Clefable|92/100 psn\n|\n|-heal|p2a: Clefable|98/100 psn|[from] item: Leftovers\n|-heal|p1a: Ting-Lu|87/100|[from] item: Leftovers\n|upkeep\n|turn|20\n|inactive|thepeakmons has 90 seconds left.\n|\n|t:|1782450286\n|move|p2a: Clefable|Flamethrower|p1a: Ting-Lu\n|-damage|p1a: Ting-Lu|78/100\n|move|p1a: Ting-Lu|Payback|p2a: Clefable\n|-resisted|p2a: Clefable\n|-damage|p2a: Clefable|94/100 psn\n|\n|-heal|p2a: Clefable|99/100 psn|[from] item: Leftovers\n|-heal|p1a: Ting-Lu|85/100|[from] item: Leftovers\n|upkeep\n|turn|21\n|inactive|thepeakmons has 90 seconds left.\n|\n|t:|1782450304\n|move|p2a: Clefable|Flamethrower|p1a: Ting-Lu\n|-damage|p1a: Ting-Lu|77/100\n|-status|p1a: Ting-Lu|brn\n|move|p1a: Ting-Lu|Payback|p2a: Clefable\n|-resisted|p2a: Clefable\n|-damage|p2a: Clefable|98/100 psn\n|\n|-heal|p2a: Clefable|100/100 psn|[from] item: Leftovers\n|-heal|p1a: Ting-Lu|83/100 brn|[from] item: Leftovers\n|-damage|p1a: Ting-Lu|77/100 brn|[from] brn\n|upkeep\n|turn|22\n|inactive|thepeakmons has 90 seconds left.\n|\n|t:|1782450321\n|move|p2a: Clefable|Flamethrower|p1a: Ting-Lu\n|-damage|p1a: Ting-Lu|68/100 brn\n|move|p1a: Ting-Lu|Rest|p1a: Ting-Lu\n|-status|p1a: Ting-Lu|slp|[from] move: Rest\n|-heal|p1a: Ting-Lu|100/100 slp|[silent]\n|\n|upkeep\n|turn|23\n|\n|t:|1782450336\n|move|p2a: Clefable|Flamethrower|p1a: Ting-Lu\n|-damage|p1a: Ting-Lu|92/100 slp\n|cant|p1a: Ting-Lu|slp\n|\n|-heal|p1a: Ting-Lu|98/100 slp|[from] item: Leftovers\n|upkeep\n|turn|24\n|inactive|thepeakmons has 60 seconds left.\n|\n|t:|1782450364\n|-terastallize|p2a: Clefable|Fire\n|move|p2a: Clefable|Flamethrower|p1a: Ting-Lu\n|-damage|p1a: Ting-Lu|85/100 slp\n|cant|p1a: Ting-Lu|slp\n|\n|-heal|p1a: Ting-Lu|91/100 slp|[from] item: Leftovers\n|upkeep\n|turn|25\n|inactive|thepeakmons has 60 seconds left.\n|\n|t:|1782450377\n|move|p2a: Clefable|Flamethrower|p1a: Ting-Lu\n|-damage|p1a: Ting-Lu|79/100 slp\n|-curestatus|p1a: Ting-Lu|slp|[msg]\n|move|p1a: Ting-Lu|Earthquake|p2a: Clefable\n|-supereffective|p2a: Clefable\n|-damage|p2a: Clefable|85/100 psn\n|\n|-heal|p2a: Clefable|91/100 psn|[from] item: Leftovers\n|-heal|p1a: Ting-Lu|86/100|[from] item: Leftovers\n|upkeep\n|turn|26\n|inactive|thepeakmons has 60 seconds left.\n|\n|t:|1782450391\n|move|p2a: Clefable|Flamethrower|p1a: Ting-Lu\n|-damage|p1a: Ting-Lu|73/100\n|move|p1a: Ting-Lu|Earthquake|p2a: Clefable\n|-supereffective|p2a: Clefable\n|-damage|p2a: Clefable|76/100 psn\n|\n|-heal|p2a: Clefable|82/100 psn|[from] item: Leftovers\n|-heal|p1a: Ting-Lu|80/100|[from] item: Leftovers\n|upkeep\n|turn|27\n|inactive|thepeakmons has 60 seconds left.\n|\n|t:|1782450406\n|switch|p1a: Dondozo|Dondozo, F|100/100\n|move|p2a: Clefable|Flamethrower|p1a: Dondozo\n|-resisted|p1a: Dondozo\n|-damage|p1a: Dondozo|92/100\n|\n|-heal|p2a: Clefable|88/100 psn|[from] item: Leftovers\n|-heal|p1a: Dondozo|98/100|[from] item: Leftovers\n|upkeep\n|turn|28\n|inactive|thepeakmons has 60 seconds left.\n|\n|t:|1782450418\n|move|p2a: Clefable|Stored Power|p1a: Dondozo\n|-damage|p1a: Dondozo|60/100\n|move|p1a: Dondozo|Waterfall|p2a: Clefable\n|-supereffective|p2a: Clefable\n|-damage|p2a: Clefable|39/100 psn\n|\n|-heal|p2a: Clefable|45/100 psn|[from] item: Leftovers\n|-heal|p1a: Dondozo|66/100|[from] item: Leftovers\n|upkeep\n|turn|29\n|inactive|thepeakmons has 60 seconds left.\n|\n|t:|1782450431\n|move|p2a: Clefable|Cosmic Power|p2a: Clefable\n|-boost|p2a: Clefable|def|0\n|-boost|p2a: Clefable|spd|0\n|move|p1a: Dondozo|Waterfall|p2a: Clefable\n|-supereffective|p2a: Clefable\n|-damage|p2a: Clefable|0 fnt\n|faint|p2a: Clefable\n|\n|-heal|p1a: Dondozo|72/100|[from] item: Leftovers\n|upkeep\n|\n|t:|1782450455\n|switch|p2a: Latias|Latias, F|100/100\n|turn|30\n|inactive|thepeakmons has 60 seconds left.\n|\n|t:|1782450468\n|switch|p1a: Ting-Lu|Ting-Lu|80/100\n|-ability|p1a: Ting-Lu|Vessel of Ruin\n|move|p2a: Latias|Aura Sphere|p1a: Ting-Lu\n|-supereffective|p1a: Ting-Lu\n|-damage|p1a: Ting-Lu|51/100\n|\n|-heal|p1a: Ting-Lu|58/100|[from] item: Leftovers\n|upkeep\n|turn|31\n|inactive|thepeakmons has 60 seconds left.\n|\n|t:|1782450483\n|switch|p2a: Corviknight|Corviknight, F|100/100\n|-ability|p2a: Corviknight|Pressure\n|move|p1a: Ting-Lu|Payback|p2a: Corviknight\n|-damage|p2a: Corviknight|86/100\n|\n|-heal|p2a: Corviknight|92/100|[from] item: Leftovers\n|-heal|p1a: Ting-Lu|64/100|[from] item: Leftovers\n|upkeep\n|turn|32\n|inactive|thepeakmons has 60 seconds left.\n|\n|t:|1782450497\n|switch|p1a: Slowking|Slowking-Galar, M|73/100\n|move|p2a: Corviknight|Body Press|p1a: Slowking\n|-resisted|p1a: Slowking\n|-crit|p1a: Slowking\n|-damage|p1a: Slowking|67/100\n|\n|-heal|p2a: Corviknight|98/100|[from] item: Leftovers\n|upkeep\n|turn|33\n|inactive|thepeakmons has 60 seconds left.\n|\n|t:|1782450514\n|move|p2a: Corviknight|Brave Bird|p1a: Slowking\n|-damage|p1a: Slowking|39/100\n|-damage|p2a: Corviknight|89/100|[from] Recoil\n|move|p1a: Slowking|Ice Beam|p2a: Corviknight\n|-damage|p2a: Corviknight|73/100\n|\n|-heal|p2a: Corviknight|79/100|[from] item: Leftovers\n|upkeep\n|turn|34\n|inactive|thepeakmons has 60 seconds left.\n|\n|t:|1782450527\n|switch|p1a: Corviknight|Corviknight, F|100/100\n|-ability|p1a: Corviknight|Pressure\n|move|p2a: Corviknight|Iron Defense|p2a: Corviknight\n|-boost|p2a: Corviknight|def|2\n|\n|-heal|p2a: Corviknight|86/100|[from] item: Leftovers\n|upkeep\n|turn|35\n|inactive|thepeakmons has 60 seconds left.\n|\n|t:|1782450542\n|switch|p1a: Slowking|Slowking-Galar, M|72/100\n|move|p2a: Corviknight|Iron Defense|p2a: Corviknight\n|-boost|p2a: Corviknight|def|2\n|\n|-heal|p2a: Corviknight|92/100|[from] item: Leftovers\n|upkeep\n|turn|36\n|inactive|thepeakmons has 60 seconds left.\n|\n|t:|1782450554\n|switch|p1a: Dondozo|Dondozo, F|72/100\n|move|p2a: Corviknight|Iron Defense|p2a: Corviknight\n|-boost|p2a: Corviknight|def|2\n|\n|-heal|p2a: Corviknight|98/100|[from] item: Leftovers\n|-heal|p1a: Dondozo|78/100|[from] item: Leftovers\n|upkeep\n|turn|37\n|inactive|thepeakmons has 60 seconds left.\n|\n|t:|1782450565\n|move|p2a: Corviknight|Brave Bird|p1a: Dondozo\n|-damage|p1a: Dondozo|57/100\n|-damage|p2a: Corviknight|89/100|[from] Recoil\n|move|p1a: Dondozo|Waterfall|p2a: Corviknight\n|-damage|p2a: Corviknight|70/100\n|\n|-heal|p2a: Corviknight|76/100|[from] item: Leftovers\n|-heal|p1a: Dondozo|63/100|[from] item: Leftovers\n|upkeep\n|turn|38\n|inactive|thepeakmons has 60 seconds left.\n|\n|t:|1782450576\n|move|p2a: Corviknight|Body Press|p1a: Dondozo\n|-damage|p1a: Dondozo|51/100\n|move|p1a: Dondozo|Curse|p1a: Dondozo\n|-unboost|p1a: Dondozo|spe|1\n|-boost|p1a: Dondozo|atk|1\n|-boost|p1a: Dondozo|def|1\n|\n|-heal|p2a: Corviknight|83/100|[from] item: Leftovers\n|-heal|p1a: Dondozo|57/100|[from] item: Leftovers\n|upkeep\n|turn|39\n|\n|t:|1782450585\n|switch|p2a: Latias|Latias, F|100/100\n|move|p1a: Dondozo|Curse|p1a: Dondozo\n|-unboost|p1a: Dondozo|spe|1\n|-boost|p1a: Dondozo|atk|1\n|-boost|p1a: Dondozo|def|1\n|\n|-heal|p1a: Dondozo|64/100|[from] item: Leftovers\n|upkeep\n|turn|40\n|\n|t:|1782450592\n|move|p2a: Latias|Draco Meteor|p1a: Dondozo\n|-damage|p1a: Dondozo|6/100\n|-unboost|p2a: Latias|spa|2\n|move|p1a: Dondozo|Waterfall|p2a: Latias\n|-resisted|p2a: Latias\n|-damage|p2a: Latias|67/100\n|\n|-heal|p1a: Dondozo|12/100|[from] item: Leftovers\n|upkeep\n|turn|41\n|\n|t:|1782450598\n|switch|p1a: Slowking|Slowking-Galar, M|100/100\n|move|p2a: Latias|Draco Meteor|p1a: Slowking|[miss]\n|-miss|p2a: Latias|p1a: Slowking\n|\n|upkeep\n|turn|42\n|\n|t:|1782450611\n|switch|p2a: Corviknight|Corviknight, F|83/100\n|-ability|p2a: Corviknight|Pressure\n|move|p1a: Slowking|Ice Beam|p2a: Corviknight\n|-damage|p2a: Corviknight|65/100\n|\n|-heal|p2a: Corviknight|71/100|[from] item: Leftovers\n|upkeep\n|turn|43\n|\n|t:|1782450619\n|switch|p1a: Cinderace|Cinderace, F|84/100\n|move|p2a: Corviknight|Iron Defense|p2a: Corviknight\n|-boost|p2a: Corviknight|def|2\n|\n|-heal|p2a: Corviknight|78/100|[from] item: Leftovers\n|upkeep\n|turn|44\n|inactive|thepeakmons has 90 seconds left.\n|\n|t:|1782450629\n|move|p1a: Cinderace|Will-O-Wisp|p2a: Corviknight\n|-status|p2a: Corviknight|brn\n|move|p2a: Corviknight|Body Press|p1a: Cinderace\n|-damage|p1a: Cinderace|57/100\n|\n|-heal|p2a: Corviknight|84/100 brn|[from] item: Leftovers\n|-damage|p2a: Corviknight|78/100 brn|[from] brn\n|upkeep\n|turn|45\n|inactive|thepeakmons has 90 seconds left.\n|\n|t:|1782450650\n|move|p1a: Cinderace|Pyro Ball|p2a: Corviknight|[miss]\n|-miss|p1a: Cinderace|p2a: Corviknight\n|move|p2a: Corviknight|Body Press|p1a: Cinderace\n|-damage|p1a: Cinderace|31/100\n|\n|-heal|p2a: Corviknight|84/100 brn|[from] item: Leftovers\n|-damage|p2a: Corviknight|78/100 brn|[from] brn\n|upkeep\n|turn|46\n|\n|t:|1782450664\n|move|p1a: Cinderace|Pyro Ball|p2a: Corviknight\n|-supereffective|p2a: Corviknight\n|-damage|p2a: Corviknight|26/100 brn\n|move|p2a: Corviknight|Roost|p2a: Corviknight\n|-heal|p2a: Corviknight|76/100 brn\n|-singleturn|p2a: Corviknight|move: Roost\n|\n|-heal|p2a: Corviknight|82/100 brn|[from] item: Leftovers\n|-damage|p2a: Corviknight|76/100 brn|[from] brn\n|upkeep\n|turn|47\n|inactive|thepeakmons has 90 seconds left.\n|\n|t:|1782450678\n|move|p1a: Cinderace|Pyro Ball|p2a: Corviknight\n|-supereffective|p2a: Corviknight\n|-damage|p2a: Corviknight|25/100 brn\n|move|p2a: Corviknight|Roost|p2a: Corviknight\n|-heal|p2a: Corviknight|75/100 brn\n|-singleturn|p2a: Corviknight|move: Roost\n|\n|-heal|p2a: Corviknight|81/100 brn|[from] item: Leftovers\n|-damage|p2a: Corviknight|75/100 brn|[from] brn\n|upkeep\n|turn|48\n|inactive|thepeakmons has 90 seconds left.\n|\n|t:|1782450691\n|switch|p1a: Dondozo|Dondozo, F|12/100\n|move|p2a: Corviknight|Roost|p2a: Corviknight\n|-heal|p2a: Corviknight|100/100 brn\n|-singleturn|p2a: Corviknight|move: Roost\n|\n|-heal|p1a: Dondozo|18/100|[from] item: Leftovers\n|-damage|p2a: Corviknight|94/100 brn|[from] brn\n|upkeep\n|turn|49\n|inactive|thepeakmons has 90 seconds left.\n|\n|t:|1782450697\n|move|p2a: Corviknight|Brave Bird|p1a: Dondozo\n|-damage|p1a: Dondozo|8/100\n|-damage|p2a: Corviknight|90/100 brn|[from] Recoil\n|move|p1a: Dondozo|Rest|p1a: Dondozo\n|-status|p1a: Dondozo|slp|[from] move: Rest\n|-heal|p1a: Dondozo|100/100 slp|[silent]\n|\n|-heal|p2a: Corviknight|96/100 brn|[from] item: Leftovers\n|-damage|p2a: Corviknight|90/100 brn|[from] brn\n|upkeep\n|turn|50\n|inactive|thepeakmons has 90 seconds left.\n|-message|pjmamatas forfeited.\n|\n|win|thepeakmons\n|raw|thepeakmons's rating: 1297 &rarr; <strong>1324</strong><br />(+27 for winning)\n|raw|pjmamatas's rating: 1320 &rarr; <strong>1299</strong><br />(-21 for losing)\n|l|☆pjmamatas\n|player|p2|\n", "uploadtime": 1782450711, "views": 6, "formatid": "gen9ou", "rating": 1299, "private": 0, "password": null}