{"id": "gen9ou-2540654700", "format": "[Gen 9] OU", "players": ["Laughable", "Catalyxx"], "log": "|j|☆Laughable\n|j|☆Catalyxx\n|t:|1771234907\n|gametype|singles\n|player|p1|Laughable|tuber|1570\n|player|p2|Catalyxx|roxie-masters|1622\n|gen|9\n|tier|[Gen 9] OU\n|rated|\n|rule|HP Percentage Mod: HP is shown in percentages\n|rule|Endless Battle Clause: Forcing endless battles is banned\n|rule|Species Clause: Limit one of each Pokémon\n|rule|OHKO Clause: OHKO moves are banned\n|rule|Evasion Items Clause: Evasion items are banned\n|rule|Evasion Moves Clause: Evasion moves are banned\n|rule|Evasion Abilities Clause: Evasion abilities are banned\n|rule|Sleep Moves Clause: Sleep-inducing moves are banned\n|clearpoke\n|poke|p1|Dragapult, M|\n|poke|p1|Gliscor, F|\n|poke|p1|Milotic, M|\n|poke|p1|Skeledirge, F|\n|poke|p1|Weezing-Galar, F|\n|poke|p1|Mandibuzz, F|\n|poke|p2|Hatterene, F|\n|poke|p2|Scovillain, F|\n|poke|p2|Raging Bolt|\n|poke|p2|Great Tusk|\n|poke|p2|Walking Wake|\n|poke|p2|Torkoal, F|\n|teampreview\n|\n|t:|1771234913\n|teamsize|p1|6\n|teamsize|p2|6\n|start\n|switch|p1a: Weezing|Weezing-Galar, F|100/100\n|switch|p2a: Torkoal|Torkoal, F|100/100\n|-ability|p1a: Weezing|Neutralizing Gas\n|turn|1\n|\n|t:|1771234919\n|move|p1a: Weezing|Sludge Bomb|p2a: Torkoal\n|-damage|p2a: Torkoal|66/100\n|move|p2a: Torkoal|Stealth Rock|p1a: Weezing\n|-sidestart|p1: Laughable|move: Stealth Rock\n|\n|upkeep\n|turn|2\n|inactive|Battle timer is ON: inactive players will automatically lose when time's up. (requested by Laughable)\n|\n|t:|1771234924\n|move|p1a: Weezing|Sludge Bomb|p2a: Torkoal\n|-damage|p2a: Torkoal|35/100\n|move|p2a: Torkoal|Overheat|p1a: Weezing\n|-damage|p1a: Weezing|30/100\n|-unboost|p2a: Torkoal|spa|2\n|\n|-heal|p1a: Weezing|36/100|[from] item: Leftovers\n|upkeep\n|turn|3\n|\n|t:|1771234934\n|switch|p2a: Scovillain|Scovillain, F|100/100\n|move|p1a: Weezing|Sludge Bomb|p2a: Scovillain\n|-supereffective|p2a: Scovillain\n|-damage|p2a: Scovillain|12/100\n|-status|p2a: Scovillain|psn\n|\n|-heal|p1a: Weezing|42/100|[from] item: Leftovers\n|-damage|p2a: Scovillain|0 fnt|[from] psn\n|faint|p2a: Scovillain\n|upkeep\n|\n|t:|1771234941\n|switch|p2a: Walking Wake|Walking Wake|100/100\n|turn|4\n|\n|t:|1771234944\n|-end|p1a: Weezing|ability: Neutralizing Gas\n|switch|p1a: Milotic|Milotic, M, shiny|100/100\n|move|p2a: Walking Wake|Flip Turn|p1a: Milotic\n|-resisted|p1a: Milotic\n|-damage|p1a: Milotic|92/100\n|\n|t:|1771234947\n|-end|p2a: Walking Wake|Protosynthesis|[silent]\n|switch|p2a: Torkoal|Torkoal, F|35/100|[from] Flip Turn\n|-weather|SunnyDay|[from] ability: Drought|[of] p2a: Torkoal\n|\n|-weather|SunnyDay|[upkeep]\n|upkeep\n|turn|5\n|\n|t:|1771234949\n|switch|p2a: Raging Bolt|Raging Bolt|100/100\n|-activate|p2a: Raging Bolt|ability: Protosynthesis\n|-start|p2a: Raging Bolt|protosynthesisspa\n|move|p1a: Milotic|Scald|p2a: Raging Bolt\n|-resisted|p2a: Raging Bolt\n|-damage|p2a: Raging Bolt|94/100\n|\n|-weather|SunnyDay|[upkeep]\n|upkeep\n|turn|6\n|\n|t:|1771234959\n|move|p2a: Raging Bolt|Calm Mind|p2a: Raging Bolt\n|-boost|p2a: Raging Bolt|spa|1\n|-boost|p2a: Raging Bolt|spd|1\n|move|p1a: Milotic|Mirror Coat||[still]\n|-fail|p1a: Milotic\n|\n|-weather|SunnyDay|[upkeep]\n|upkeep\n|turn|7\n|\n|t:|1771234965\n|move|p2a: Raging Bolt|Thunderbolt|p1a: Milotic\n|-supereffective|p1a: Milotic\n|-damage|p1a: Milotic|0 fnt\n|faint|p1a: Milotic\n|\n|-weather|SunnyDay|[upkeep]\n|upkeep\n|\n|t:|1771234970\n|switch|p1a: Gliscor|Gliscor, F|100/100\n|-damage|p1a: Gliscor|88/100|[from] Stealth Rock\n|turn|8\n|\n|t:|1771234973\n|move|p2a: Raging Bolt|Dragon Pulse|p1a: Gliscor\n|-damage|p1a: Gliscor|8/100\n|move|p1a: Gliscor|Toxic|p2a: Raging Bolt\n|-status|p2a: Raging Bolt|tox\n|\n|-weather|SunnyDay|[upkeep]\n|-damage|p2a: Raging Bolt|87/100 tox|[from] psn\n|-status|p1a: Gliscor|tox|[from] item: Toxic Orb\n|upkeep\n|turn|9\n|\n|t:|1771234979\n|move|p1a: Gliscor|Protect|p1a: Gliscor\n|-singleturn|p1a: Gliscor|Protect\n|move|p2a: Raging Bolt|Dragon Pulse|p1a: Gliscor\n|-activate|p1a: Gliscor|move: Protect\n|\n|-weather|SunnyDay|[upkeep]\n|-damage|p2a: Raging Bolt|75/100 tox|[from] psn\n|-heal|p1a: Gliscor|21/100 tox|[from] ability: Poison Heal\n|upkeep\n|turn|10\n|\n|t:|1771234981\n|switch|p1a: Weezing|Weezing-Galar, F|42/100\n|-ability|p1a: Weezing|Neutralizing Gas\n|-damage|p1a: Weezing|30/100|[from] Stealth Rock\n|move|p2a: Raging Bolt|Thunderbolt|p1a: Weezing\n|-damage|p1a: Weezing|0 fnt\n|faint|p1a: Weezing\n|-end|p1a: Weezing|ability: Neutralizing Gas\n|\n|-weather|SunnyDay|[upkeep]\n|-damage|p2a: Raging Bolt|57/100 tox|[from] psn\n|upkeep\n|\n|t:|1771234986\n|switch|p1a: Dragapult|Dragapult, M|100/100\n|-damage|p1a: Dragapult|88/100|[from] Stealth Rock\n|turn|11\n|\n|t:|1771234990\n|move|p2a: Raging Bolt|Thunderclap|p1a: Dragapult\n|-resisted|p1a: Dragapult\n|-damage|p1a: Dragapult|37/100\n|move|p1a: Dragapult|Shadow Ball|p2a: Raging Bolt\n|-damage|p2a: Raging Bolt|18/100 tox\n|\n|-weather|none\n|-end|p2a: Raging Bolt|Protosynthesis\n|-damage|p2a: Raging Bolt|0 fnt|[from] psn\n|faint|p2a: Raging Bolt\n|-end|p2a: Raging Bolt|Protosynthesis|[silent]\n|upkeep\n|j| fifodrummer\n|\n|t:|1771234999\n|switch|p2a: Torkoal|Torkoal, F|35/100\n|-weather|SunnyDay|[from] ability: Drought|[of] p2a: Torkoal\n|turn|12\n|\n|t:|1771235010\n|move|p1a: Dragapult|Shadow Ball|p2a: Torkoal\n|-damage|p2a: Torkoal|0 fnt\n|faint|p2a: Torkoal\n|\n|-weather|SunnyDay|[upkeep]\n|upkeep\n|\n|t:|1771235012\n|switch|p2a: Walking Wake|Walking Wake|100/100\n|-activate|p2a: Walking Wake|ability: Protosynthesis\n|-start|p2a: Walking Wake|protosynthesisspa\n|turn|13\n|\n|t:|1771235018\n|move|p1a: Dragapult|Shadow Ball|p2a: Walking Wake\n|-damage|p2a: Walking Wake|33/100\n|move|p2a: Walking Wake|Hydro Steam|p1a: Dragapult\n|-resisted|p1a: Dragapult\n|-damage|p1a: Dragapult|0 fnt\n|faint|p1a: Dragapult\n|\n|-weather|SunnyDay|[upkeep]\n|upkeep\n|\n|t:|1771235023\n|switch|p1a: Skeledirge|Skeledirge, F|100/100\n|turn|14\n|\n|t:|1771235028\n|-terastallize|p1a: Skeledirge|Water\n|move|p2a: Walking Wake|Hydro Steam|p1a: Skeledirge\n|-resisted|p1a: Skeledirge\n|-damage|p1a: Skeledirge|50/100\n|move|p1a: Skeledirge|Torch Song|p2a: Walking Wake\n|-resisted|p2a: Walking Wake\n|-damage|p2a: Walking Wake|20/100\n|-boost|p1a: Skeledirge|spa|1\n|\n|-weather|SunnyDay|[upkeep]\n|upkeep\n|turn|15\n|\n|t:|1771235039\n|-terastallize|p2a: Walking Wake|Water\n|move|p2a: Walking Wake|Hydro Steam|p1a: Skeledirge\n|-resisted|p1a: Skeledirge\n|-damage|p1a: Skeledirge|0 fnt\n|faint|p1a: Skeledirge\n|\n|-weather|SunnyDay|[upkeep]\n|upkeep\n|-message|Laughable forfeited.\n|\n|win|Catalyxx\n|raw|Laughable's rating: 1570 &rarr; <strong>1553</strong><br />(-17 for losing)\n|raw|Catalyxx's rating: 1622 &rarr; <strong>1639</strong><br />(+17 for winning)\n|l|☆Laughable\n|player|p1|\n|l|☆Catalyxx\n|player|p2|\n|l| fifodrummer\n", "uploadtime": 1771235271, "views": 10, "formatid": "gen9ou", "rating": 1553, "private": 0, "password": null}