{"id": "gen9ou-2647821707", "format": "[Gen 9] OU", "players": ["Huijjsaewr", "infinite75"], "log": "|j|☆Huijjsaewr\n|j|☆infinite75\n|t:|1783818572\n|gametype|singles\n|player|p1|Huijjsaewr|265|1043\n|player|p2|infinite75|miku-ghost|1022\n|gen|9\n|tier|[Gen 9] OU\n|rated|\n|rule|HP Percentage Mod: HP is shown in percentages\n|rule|Endless Battle Clause: Forcing endless battles is banned\n|rule|Species Clause: Limit one of each Pokémon\n|rule|OHKO Clause: OHKO moves are banned\n|rule|Evasion Items Clause: Evasion items are banned\n|rule|Evasion Moves Clause: Evasion moves are banned\n|rule|Evasion Abilities Clause: Evasion abilities are banned\n|rule|Sleep Moves Clause: Sleep-inducing moves are banned\n|clearpoke\n|poke|p1|Ceruledge, M|\n|poke|p1|Kilowattrel, M|\n|poke|p1|Garganacl, M|\n|poke|p1|Sceptile, M|\n|poke|p1|Clawitzer, F|\n|poke|p1|Duraludon, F|\n|poke|p2|Dragapult, M|\n|poke|p2|Enamorus, F|\n|poke|p2|Dragonite, M|\n|poke|p2|Garchomp, M|\n|poke|p2|Hydreigon, M|\n|poke|p2|Staraptor, M|\n|teampreview\n|\n|t:|1783818588\n|teamsize|p1|6\n|teamsize|p2|6\n|start\n|switch|p1a: Garganacl|Garganacl, M|100/100\n|switch|p2a: Hydreigon|Hydreigon, M, shiny|100/100\n|turn|1\n|\n|t:|1783818595\n|move|p2a: Hydreigon|Flash Cannon|p1a: Garganacl\n|-supereffective|p1a: Garganacl\n|-damage|p1a: Garganacl|16/100\n|move|p1a: Garganacl|Avalanche|p2a: Hydreigon\n|-supereffective|p2a: Hydreigon\n|-damage|p2a: Hydreigon|14/100\n|\n|upkeep\n|turn|2\n|\n|t:|1783818602\n|move|p2a: Hydreigon|Flash Cannon|p1a: Garganacl\n|-supereffective|p1a: Garganacl\n|-damage|p1a: Garganacl|0 fnt\n|faint|p1a: Garganacl\n|\n|upkeep\n|\n|t:|1783818616\n|switch|p1a: Sceptile|Sceptile, M|100/100\n|turn|3\n|\n|t:|1783818624\n|switch|p2a: Staraptor|Staraptor, M, shiny|100/100\n|move|p1a: Sceptile|Dragon Claw|p2a: Staraptor\n|-damage|p2a: Staraptor|75/100\n|\n|upkeep\n|turn|4\n|\n|t:|1783818634\n|switch|p1a: Kilowattrel|Kilowattrel, M|100/100\n|move|p2a: Staraptor|Brave Bird|p1a: Kilowattrel\n|-resisted|p1a: Kilowattrel\n|-damage|p1a: Kilowattrel|0 fnt\n|faint|p1a: Kilowattrel\n|-damage|p2a: Staraptor|45/100|[from] Recoil\n|-damage|p2a: Staraptor|35/100|[from] item: Life Orb\n|\n|upkeep\n|\n|t:|1783818653\n|switch|p1a: Duraludon|Duraludon, F|100/100\n|-item|p1a: Duraludon|Air Balloon\n|turn|5\n|\n|t:|1783818658\n|move|p2a: Staraptor|Close Combat|p1a: Duraludon\n|-supereffective|p1a: Duraludon\n|-damage|p1a: Duraludon|0 fnt\n|-unboost|p2a: Staraptor|def|1\n|-unboost|p2a: Staraptor|spd|1\n|-enditem|p1a: Duraludon|Air Balloon\n|faint|p1a: Duraludon\n|-damage|p2a: Staraptor|25/100|[from] item: Life Orb\n|\n|upkeep\n|\n|t:|1783818668\n|switch|p1a: Sceptile|Sceptile, M|100/100\n|turn|6\n|\n|t:|1783818672\n|move|p1a: Sceptile|Dragon Claw|p2a: Staraptor\n|-damage|p2a: Staraptor|0 fnt\n|faint|p2a: Staraptor\n|\n|upkeep\n|\n|t:|1783818690\n|switch|p2a: Garchomp|Garchomp, M, shiny|100/100\n|turn|7\n|\n|t:|1783818697\n|move|p2a: Garchomp|Poison Jab|p1a: Sceptile\n|-supereffective|p1a: Sceptile\n|-damage|p1a: Sceptile|0 fnt\n|faint|p1a: Sceptile\n|\n|upkeep\n|\n|t:|1783818710\n|switch|p1a: Ceruledge|Ceruledge, M|100/100\n|-item|p1a: Ceruledge|Air Balloon\n|turn|8\n|\n|t:|1783818723\n|-terastallize|p1a: Ceruledge|Ghost\n|move|p2a: Garchomp|Poison Jab|p1a: Ceruledge\n|-resisted|p1a: Ceruledge\n|-damage|p1a: Ceruledge|79/100\n|-enditem|p1a: Ceruledge|Air Balloon\n|move|p1a: Ceruledge|Phantom Force||[still]\n|-prepare|p1a: Ceruledge|Phantom Force\n|\n|upkeep\n|turn|9\n|\n|t:|1783818735\n|move|p2a: Garchomp|Poison Jab|p1a: Ceruledge|[miss]\n|-miss|p2a: Garchomp|p1a: Ceruledge\n|move|p1a: Ceruledge|Phantom Force|p2a: Garchomp|[from] lockedmove\n|-damage|p2a: Garchomp|45/100\n|-damage|p1a: Ceruledge|66/100|[from] ability: Rough Skin|[of] p2a: Garchomp\n|\n|upkeep\n|turn|10\n|\n|t:|1783818748\n|switch|p2a: Hydreigon|Hydreigon, M, shiny|14/100\n|move|p1a: Ceruledge|Phantom Force||[still]\n|-prepare|p1a: Ceruledge|Phantom Force\n|\n|upkeep\n|turn|11\n|\n|t:|1783818753\n|move|p1a: Ceruledge|Phantom Force|p2a: Hydreigon|[from] lockedmove\n|-resisted|p2a: Hydreigon\n|-damage|p2a: Hydreigon|0 fnt\n|faint|p2a: Hydreigon\n|\n|upkeep\n|\n|t:|1783818756\n|switch|p2a: Garchomp|Garchomp, M, shiny|45/100\n|turn|12\n|\n|t:|1783818768\n|move|p2a: Garchomp|Outrage|p1a: Ceruledge\n|-damage|p1a: Ceruledge|0 fnt\n|faint|p1a: Ceruledge\n|\n|upkeep\n|\n|t:|1783818776\n|switch|p1a: Clawitzer|Clawitzer, F|100/100\n|turn|13\n|\n|t:|1783818782\n|move|p2a: Garchomp|Outrage|p1a: Clawitzer|[from] lockedmove\n|-damage|p1a: Clawitzer|22/100\n|-start|p2a: Garchomp|confusion|[fatigue]\n|move|p1a: Clawitzer|Ice Beam|p2a: Garchomp\n|-supereffective|p2a: Garchomp\n|-damage|p2a: Garchomp|0 fnt\n|faint|p2a: Garchomp\n|\n|-heal|p1a: Clawitzer|28/100|[from] item: Leftovers\n|upkeep\n|\n|t:|1783818787\n|switch|p2a: Dragapult|Dragapult, M, shiny|100/100\n|turn|14\n|\n|t:|1783818795\n|move|p2a: Dragapult|Dragon Darts|p1a: Clawitzer\n|-damage|p1a: Clawitzer|0 fnt\n|faint|p1a: Clawitzer\n|-damage|p2a: Dragapult|91/100|[from] item: Life Orb\n|\n|win|infinite75\n|raw|Huijjsaewr's rating: 1043 &rarr; <strong>1026</strong><br />(-17 for losing)\n|raw|infinite75's rating: 1022 &rarr; <strong>1061</strong><br />(+39 for winning)\n|l|☆Huijjsaewr\n|player|p1|\n", "uploadtime": 1783818833, "views": 16, "formatid": "gen9ou", "rating": 1026, "private": 0, "password": null}