{"id": "gen9ou-2639227679", "format": "[Gen 9] OU", "players": ["friendslop", "iron quark"], "log": "|j|☆friendslop\n|j|☆iron quark\n|inactive|Battle timer is ON: inactive players will automatically lose when time's up.\n|t:|1782437178\n|gametype|singles\n|player|p1|friendslop|ansha-cook|\n|player|p2|iron quark|lucas|\n|gen|9\n|tier|[Gen 9] OU\n|rated|Tournament battle\n|rule|HP Percentage Mod: HP is shown in percentages\n|rule|Endless Battle Clause: Forcing endless battles is banned\n|rule|Species Clause: Limit one of each Pokémon\n|rule|OHKO Clause: OHKO moves are banned\n|rule|Evasion Items Clause: Evasion items are banned\n|rule|Evasion Moves Clause: Evasion moves are banned\n|rule|Evasion Abilities Clause: Evasion abilities are banned\n|rule|Sleep Moves Clause: Sleep-inducing moves are banned\n|clearpoke\n|poke|p1|Tyranitar, F|\n|poke|p1|Excadrill, F|\n|poke|p1|Zamazenta-*|\n|poke|p1|Moltres|\n|poke|p1|Garganacl, M|\n|poke|p1|Hydrapple, M|\n|poke|p2|Hatterene, F|\n|poke|p2|Diancie|\n|poke|p2|Hydrapple, M|\n|poke|p2|Cresselia, F|\n|poke|p2|Volcanion|\n|poke|p2|Ursaluna, M|\n|teampreview\n|inactive|friendslop also wants the timer to be on.\n|c|☆friendslop|hf\n|j| SunsetofSevenSuns\n|c|☆iron quark|U2\n|inactive|friendslop has 120 seconds left.\n|inactive|iron quark has 120 seconds left.\n|\n|t:|1782437230\n|teamsize|p1|6\n|teamsize|p2|6\n|start\n|switch|p1a: Tyranitar|Tyranitar, F|100/100\n|switch|p2a: Ursaluna|Ursaluna, M|100/100\n|-weather|Sandstorm|[from] ability: Sand Stream|[of] p1a: Tyranitar\n|turn|1\n|\n|t:|1782437236\n|move|p2a: Ursaluna|Protect|p2a: Ursaluna\n|-singleturn|p2a: Ursaluna|Protect\n|move|p1a: Tyranitar|Knock Off|p2a: Ursaluna\n|-activate|p2a: Ursaluna|move: Protect\n|\n|-weather|Sandstorm|[upkeep]\n|-status|p2a: Ursaluna|brn|[from] item: Flame Orb\n|upkeep\n|turn|2\n|\n|t:|1782437245\n|move|p1a: Tyranitar|Knock Off|p2a: Ursaluna\n|-damage|p2a: Ursaluna|42/100 brn\n|-enditem|p2a: Ursaluna|Flame Orb|[from] move: Knock Off|[of] p1a: Tyranitar\n|move|p2a: Ursaluna|Headlong Rush|p1a: Tyranitar\n|-supereffective|p1a: Tyranitar\n|-damage|p1a: Tyranitar|0 fnt\n|-unboost|p2a: Ursaluna|def|1\n|-unboost|p2a: Ursaluna|spd|1\n|faint|p1a: Tyranitar\n|\n|-weather|Sandstorm|[upkeep]\n|-damage|p2a: Ursaluna|36/100 brn|[from] brn\n|upkeep\n|\n|t:|1782437271\n|switch|p1a: Excadrill|Excadrill, F|100/100\n|turn|3\n|\n|t:|1782437279\n|switch|p2a: Hydrapple|Hydrapple, M|100/100\n|move|p1a: Excadrill|Substitute|p1a: Excadrill\n|-start|p1a: Excadrill|Substitute\n|-damage|p1a: Excadrill|76/100\n|\n|-weather|Sandstorm|[upkeep]\n|-damage|p2a: Hydrapple|94/100|[from] Sandstorm\n|-heal|p1a: Excadrill|82/100|[from] item: Leftovers\n|upkeep\n|turn|4\n|\n|t:|1782437288\n|switch|p1a: Moltres|Moltres|100/100\n|move|p2a: Hydrapple|Giga Drain|p1a: Moltres\n|-resisted|p1a: Moltres\n|-damage|p1a: Moltres|88/100\n|-heal|p2a: Hydrapple|100/100|[from] drain|[of] p1a: Moltres\n|-damage|p2a: Hydrapple|91/100|[from] item: Life Orb\n|\n|-weather|Sandstorm|[upkeep]\n|-damage|p1a: Moltres|82/100|[from] Sandstorm\n|-damage|p2a: Hydrapple|85/100|[from] Sandstorm\n|upkeep\n|turn|5\n|\n|t:|1782437312\n|move|p1a: Moltres|U-turn|p2a: Hydrapple\n|-supereffective|p2a: Hydrapple\n|-damage|p2a: Hydrapple|61/100\n|\n|t:|1782437326\n|switch|p1a: Excadrill|Excadrill, F|82/100|[from] U-turn\n|move|p2a: Hydrapple|Fickle Beam|p1a: Excadrill\n|-resisted|p1a: Excadrill\n|-damage|p1a: Excadrill|43/100\n|-damage|p2a: Hydrapple|52/100|[from] item: Life Orb\n|\n|-weather|none\n|-heal|p1a: Excadrill|50/100|[from] item: Leftovers\n|upkeep\n|turn|6\n|j| splat__t3r\n|\n|t:|1782437339\n|switch|p1a: Moltres|Moltres|82/100\n|move|p2a: Hydrapple|Giga Drain|p1a: Moltres\n|-resisted|p1a: Moltres\n|-damage|p1a: Moltres|68/100\n|-heal|p2a: Hydrapple|58/100|[from] drain|[of] p1a: Moltres\n|-damage|p2a: Hydrapple|48/100|[from] item: Life Orb\n|\n|upkeep\n|turn|7\n|\n|t:|1782437346\n|switch|p2a: Diancie|Diancie|100/100\n|move|p1a: Moltres|Roost|p1a: Moltres\n|-heal|p1a: Moltres|100/100\n|-singleturn|p1a: Moltres|move: Roost\n|\n|upkeep\n|turn|8\n|\n|t:|1782437352\n|move|p1a: Moltres|U-turn|p2a: Diancie\n|-resisted|p2a: Diancie\n|-damage|p2a: Diancie|95/100\n|\n|t:|1782437353\n|switch|p1a: Garganacl|Garganacl, M|100/100|[from] U-turn\n|move|p2a: Diancie|Trick Room|p2a: Diancie\n|-fieldstart|move: Trick Room|[of] p2a: Diancie\n|\n|upkeep\n|turn|9\n|\n|t:|1782437361\n|move|p1a: Garganacl|Protect|p1a: Garganacl\n|-singleturn|p1a: Garganacl|Protect\n|move|p2a: Diancie|Meteor Beam||[still]\n|-prepare|p2a: Diancie|Meteor Beam\n|-boost|p2a: Diancie|spa|1\n|-enditem|p2a: Diancie|Power Herb\n|-anim|p2a: Diancie|Meteor Beam|p1a: Garganacl\n|-activate|p1a: Garganacl|move: Protect\n|\n|upkeep\n|turn|10\n|\n|t:|1782437365\n|switch|p1a: Moltres|Moltres|100/100\n|move|p2a: Diancie|Earth Power|p1a: Moltres\n|-immune|p1a: Moltres\n|\n|upkeep\n|turn|11\n|\n|t:|1782437372\n|move|p2a: Diancie|Moonblast|p1a: Moltres\n|-resisted|p1a: Moltres\n|-damage|p1a: Moltres|67/100\n|-unboost|p1a: Moltres|spa|1\n|move|p1a: Moltres|Roar|p2a: Diancie\n|drag|p2a: Hydrapple|Hydrapple, M|81/100\n|\n|upkeep\n|turn|12\n|\n|t:|1782437379\n|move|p2a: Hydrapple|Fickle Beam|p1a: Moltres|[anim] Fickle Beam All Out\n|-activate|p2a: Hydrapple|move: Fickle Beam\n|-damage|p1a: Moltres|0 fnt\n|faint|p1a: Moltres\n|-damage|p2a: Hydrapple|71/100|[from] item: Life Orb\n|\n|-fieldend|move: Trick Room\n|upkeep\n|\n|t:|1782437390\n|switch|p1a: Zamazenta|Zamazenta|100/100\n|-ability|p1a: Zamazenta|Dauntless Shield|boost\n|-boost|p1a: Zamazenta|def|1\n|turn|13\n|j| Orange Stork\n|\n|t:|1782437408\n|switch|p2a: Diancie|Diancie|95/100\n|move|p1a: Zamazenta|Crunch|p2a: Diancie\n|-resisted|p2a: Diancie\n|-damage|p2a: Diancie|85/100\n|\n|upkeep\n|turn|14\n|\n|t:|1782437419\n|move|p1a: Zamazenta|Heavy Slam|p2a: Diancie\n|-supereffective|p2a: Diancie\n|-damage|p2a: Diancie|0 fnt\n|faint|p2a: Diancie\n|\n|upkeep\n|\n|t:|1782437425\n|switch|p2a: Cresselia|Cresselia, F, shiny|100/100\n|turn|15\n|\n|t:|1782437430\n|move|p1a: Zamazenta|Crunch|p2a: Cresselia\n|-supereffective|p2a: Cresselia\n|-damage|p2a: Cresselia|70/100\n|move|p2a: Cresselia|Reflect|p2a: Cresselia\n|-sidestart|p2: iron quark|Reflect\n|\n|upkeep\n|turn|16\n|\n|t:|1782437437\n|switch|p1a: Garganacl|Garganacl, M|100/100\n|move|p2a: Cresselia|Light Screen|p2a: Cresselia\n|-sidestart|p2: iron quark|move: Light Screen\n|\n|upkeep\n|turn|17\n|\n|t:|1782437445\n|switch|p2a: Hydrapple|Hydrapple, M|100/100\n|move|p1a: Garganacl|Stealth Rock|p2a: Hydrapple\n|-sidestart|p2: iron quark|move: Stealth Rock\n|\n|upkeep\n|turn|18\n|\n|t:|1782437452\n|-terastallize|p1a: Garganacl|Fairy\n|move|p1a: Garganacl|Salt Cure|p2a: Hydrapple\n|-damage|p2a: Hydrapple|95/100\n|-start|p2a: Hydrapple|Salt Cure\n|move|p2a: Hydrapple|Nasty Plot|p2a: Hydrapple\n|-boost|p2a: Hydrapple|spa|2\n|\n|-damage|p2a: Hydrapple|83/100|[from] Salt Cure\n|upkeep\n|turn|19\n|\n|t:|1782437468\n|switch|p1a: Hydrapple|Hydrapple, M|100/100\n|move|p2a: Hydrapple|Giga Drain|p1a: Hydrapple\n|-resisted|p1a: Hydrapple\n|-damage|p1a: Hydrapple|74/100\n|-heal|p2a: Hydrapple|97/100|[from] drain|[of] p1a: Hydrapple\n|-damage|p2a: Hydrapple|87/100|[from] item: Life Orb\n|\n|-damage|p2a: Hydrapple|74/100|[from] Salt Cure\n|upkeep\n|turn|20\n|j|#Setsu\n|\n|t:|1782437484\n|switch|p2a: Volcanion|Volcanion|100/100\n|-damage|p2a: Volcanion|76/100|[from] Stealth Rock\n|move|p1a: Hydrapple|Draco Meteor|p2a: Volcanion|[miss]\n|-miss|p1a: Hydrapple|p2a: Volcanion\n|\n|upkeep\n|turn|21\n|\n|t:|1782437496\n|switch|p1a: Excadrill|Excadrill, F|50/100\n|move|p2a: Volcanion|Flamethrower|p1a: Excadrill\n|-supereffective|p1a: Excadrill\n|-damage|p1a: Excadrill|0 fnt\n|faint|p1a: Excadrill\n|\n|upkeep\n|\n|t:|1782437502\n|switch|p1a: Garganacl|Garganacl, M, tera:Fairy|100/100\n|turn|22\n|\n|t:|1782437519\n|move|p2a: Volcanion|Flamethrower|p1a: Garganacl\n|-damage|p1a: Garganacl|48/100\n|move|p1a: Garganacl|Salt Cure|p2a: Volcanion\n|-supereffective|p2a: Volcanion\n|-damage|p2a: Volcanion|63/100\n|-start|p2a: Volcanion|Salt Cure\n|\n|-heal|p1a: Garganacl|54/100|[from] item: Leftovers\n|-damage|p2a: Volcanion|39/100|[from] Salt Cure\n|-sideend|p2: iron quark|Reflect\n|upkeep\n|turn|23\n|\n|t:|1782437536\n|move|p1a: Garganacl|Protect|p1a: Garganacl\n|-singleturn|p1a: Garganacl|Protect\n|move|p2a: Volcanion|Flamethrower|p1a: Garganacl\n|-activate|p1a: Garganacl|move: Protect\n|\n|-heal|p1a: Garganacl|61/100|[from] item: Leftovers\n|-damage|p2a: Volcanion|14/100|[from] Salt Cure\n|-sideend|p2: iron quark|move: Light Screen\n|upkeep\n|turn|24\n|j| darkman64\n|\n|t:|1782437551\n|move|p2a: Volcanion|Flamethrower|p1a: Garganacl\n|-damage|p1a: Garganacl|14/100\n|move|p1a: Garganacl|Recover|p1a: Garganacl\n|-heal|p1a: Garganacl|64/100\n|\n|-heal|p1a: Garganacl|70/100|[from] item: Leftovers\n|-damage|p2a: Volcanion|0 fnt|[from] Salt Cure\n|faint|p2a: Volcanion\n|upkeep\n|\n|t:|1782437556\n|switch|p2a: Ursaluna|Ursaluna, M|36/100 brn\n|-damage|p2a: Ursaluna|30/100 brn|[from] Stealth Rock\n|turn|25\n|\n|t:|1782437567\n|switch|p1a: Hydrapple|Hydrapple, M|100/100\n|move|p2a: Ursaluna|Facade|p1a: Hydrapple\n|-damage|p1a: Hydrapple|35/100\n|-damage|p2a: Ursaluna|13/100 brn|[from] item: Rocky Helmet|[of] p1a: Hydrapple\n|\n|-damage|p2a: Ursaluna|7/100 brn|[from] brn\n|upkeep\n|turn|26\n|\n|t:|1782437575\n|move|p2a: Ursaluna|Facade|p1a: Hydrapple\n|-damage|p1a: Hydrapple|0 fnt\n|-damage|p2a: Ursaluna|0 fnt|[from] item: Rocky Helmet|[of] p1a: Hydrapple\n|faint|p1a: Hydrapple\n|faint|p2a: Ursaluna\n|\n|upkeep\n|j| wembanyahu\n|\n|t:|1782437583\n|switch|p2a: Cresselia|Cresselia, F, shiny|70/100\n|switch|p1a: Garganacl|Garganacl, M, tera:Fairy|70/100\n|-damage|p2a: Cresselia|58/100|[from] Stealth Rock\n|turn|27\n|j| arturohdez\n|\n|t:|1782437597\n|move|p2a: Cresselia|Reflect|p2a: Cresselia\n|-sidestart|p2: iron quark|Reflect\n|move|p1a: Garganacl|Salt Cure|p2a: Cresselia\n|-damage|p2a: Cresselia|54/100\n|-start|p2a: Cresselia|Salt Cure\n|\n|-heal|p1a: Garganacl|76/100|[from] item: Leftovers\n|-damage|p2a: Cresselia|42/100|[from] Salt Cure\n|upkeep\n|turn|28\n|inactive|iron quark has 120 seconds left.\n|\n|t:|1782437628\n|move|p1a: Garganacl|Salt Cure|p2a: Cresselia\n|-damage|p2a: Cresselia|38/100\n|move|p2a: Cresselia|Trick Room|p2a: Cresselia\n|-fieldstart|move: Trick Room|[of] p2a: Cresselia\n|\n|-heal|p1a: Garganacl|82/100|[from] item: Leftovers\n|-damage|p2a: Cresselia|26/100|[from] Salt Cure\n|upkeep\n|turn|29\n|\n|t:|1782437635\n|move|p1a: Garganacl|Salt Cure|p2a: Cresselia\n|-damage|p2a: Cresselia|21/100\n|move|p2a: Cresselia|Lunar Dance|p2a: Cresselia\n|faint|p2a: Cresselia\n|\n|-heal|p1a: Garganacl|89/100|[from] item: Leftovers\n|upkeep\n|\n|t:|1782437638\n|switch|p2a: Hydrapple|Hydrapple, M|100/100\n|-heal|p2a: Hydrapple|100/100|[from] move: Lunar Dance\n|-damage|p2a: Hydrapple|88/100|[from] Stealth Rock\n|turn|30\n|\n|t:|1782437641\n|move|p2a: Hydrapple|Nasty Plot|p2a: Hydrapple\n|-boost|p2a: Hydrapple|spa|2\n|move|p1a: Garganacl|Salt Cure|p2a: Hydrapple\n|-damage|p2a: Hydrapple|83/100\n|-start|p2a: Hydrapple|Salt Cure\n|\n|-heal|p1a: Garganacl|95/100|[from] item: Leftovers\n|-damage|p2a: Hydrapple|71/100|[from] Salt Cure\n|upkeep\n|turn|31\n|\n|t:|1782437646\n|move|p1a: Garganacl|Protect|p1a: Garganacl\n|-singleturn|p1a: Garganacl|Protect\n|move|p2a: Hydrapple|Nasty Plot|p2a: Hydrapple\n|-boost|p2a: Hydrapple|spa|2\n|\n|-heal|p1a: Garganacl|100/100|[from] item: Leftovers\n|-damage|p2a: Hydrapple|59/100|[from] Salt Cure\n|upkeep\n|turn|32\n|\n|t:|1782437652\n|move|p1a: Garganacl|Protect||[still]\n|-fail|p1a: Garganacl\n|move|p2a: Hydrapple|Giga Drain|p1a: Garganacl\n|-damage|p1a: Garganacl|0 fnt\n|-heal|p2a: Hydrapple|100/100|[from] drain|[of] p1a: Garganacl\n|faint|p1a: Garganacl\n|-damage|p2a: Hydrapple|91/100|[from] item: Life Orb\n|\n|-damage|p2a: Hydrapple|78/100|[from] Salt Cure\n|-fieldend|move: Trick Room\n|upkeep\n|\n|t:|1782437654\n|switch|p1a: Zamazenta|Zamazenta|100/100\n|turn|33\n|j| British stones\n|\n|t:|1782437658\n|-terastallize|p2a: Hydrapple|Fairy\n|move|p1a: Zamazenta|Ice Fang|p2a: Hydrapple\n|-damage|p2a: Hydrapple|71/100\n|move|p2a: Hydrapple|Fickle Beam|p1a: Zamazenta\n|-damage|p1a: Zamazenta|0 fnt\n|faint|p1a: Zamazenta\n|-damage|p2a: Hydrapple|61/100|[from] item: Life Orb\n|\n|win|iron quark\n|n|☆friendslop|friendslop\n|n|☆iron quark|ironquark\n|n| SunsetofSevenSuns|sunsetofsevensuns\n|n| splat__t3r|splatt3r\n|n| Orange Stork|orangestork\n|n|~Setsu|setsu\n|n| darkman64|darkman64\n|n| wembanyahu|wembanyahu\n|n| arturohdez|arturohdez\n|n| British stones|britishstones\n|c|☆iron quark|gg\n|l| wembanyahu\n", "uploadtime": 1782437668, "views": 26, "formatid": "gen9ou", "rating": null, "private": 0, "password": null}