{"id": "gen9ou-2639228161", "format": "[Gen 9] OU", "players": ["AnonymousJon", "crck like alakazam"], "log": "|j|☆AnonymousJon\n|j|☆crck like alakazam\n|t:|1782437251\n|gametype|singles\n|player|p1|AnonymousJon|workerice|1766\n|player|p2|crck like alakazam|psychicf-gen4|1767\n|gen|9\n|tier|[Gen 9] OU\n|rated|\n|rule|HP Percentage Mod: HP is shown in percentages\n|rule|Endless Battle Clause: Forcing endless battles is banned\n|rule|Species Clause: Limit one of each Pokémon\n|rule|OHKO Clause: OHKO moves are banned\n|rule|Evasion Items Clause: Evasion items are banned\n|rule|Evasion Moves Clause: Evasion moves are banned\n|rule|Evasion Abilities Clause: Evasion abilities are banned\n|rule|Sleep Moves Clause: Sleep-inducing moves are banned\n|clearpoke\n|poke|p1|Great Tusk|\n|poke|p1|Ogerpon-Cornerstone, F|\n|poke|p1|Rillaboom, M|\n|poke|p1|Tyranitar, M|\n|poke|p1|Corviknight, M|\n|poke|p1|Dragapult, M|\n|poke|p2|Kingambit, F|\n|poke|p2|Zapdos|\n|poke|p2|Primarina, M|\n|poke|p2|Clodsire, F|\n|poke|p2|Cinderace, F|\n|poke|p2|Deoxys-Speed|\n|teampreview\n|inactive|Battle timer is ON: inactive players will automatically lose when time's up. (requested by crck like alakazam)\n|inactive|AnonymousJon also wants the timer to be on.\n|\n|t:|1782437281\n|teamsize|p1|6\n|teamsize|p2|6\n|start\n|switch|p1a: Dragapult|Dragapult, M|100/100\n|switch|p2a: DosSta.D.I.X|Zapdos|100/100\n|turn|1\n|\n|t:|1782437284\n|move|p1a: Dragapult|Substitute|p1a: Dragapult\n|-start|p1a: Dragapult|Substitute\n|-damage|p1a: Dragapult|76/100\n|move|p2a: DosSta.D.I.X|Discharge|p1a: Dragapult\n|-resisted|p1a: Dragapult\n|-activate|p1a: Dragapult|move: Substitute|[damage]\n|\n|-heal|p1a: Dragapult|82/100|[from] item: Leftovers\n|upkeep\n|turn|2\n|\n|t:|1782437289\n|move|p1a: Dragapult|Will-O-Wisp|p2a: DosSta.D.I.X\n|-status|p2a: DosSta.D.I.X|brn\n|move|p2a: DosSta.D.I.X|U-turn|p1a: Dragapult\n|-resisted|p1a: Dragapult\n|-end|p1a: Dragapult|Substitute\n|\n|t:|1782437293\n|switch|p2a: LaurynChill|Primarina, M|100/100|[from] U-turn\n|\n|-heal|p1a: Dragapult|88/100|[from] item: Leftovers\n|upkeep\n|turn|3\n|\n|t:|1782437298\n|switch|p1a: Corviknight|Corviknight, M|100/100\n|-ability|p1a: Corviknight|Pressure\n|move|p2a: LaurynChill|Surf|p1a: Corviknight\n|-damage|p1a: Corviknight|49/100\n|\n|upkeep\n|turn|4\n|\n|t:|1782437302\n|switch|p1a: Rillaboom|Rillaboom, M|100/100\n|-fieldstart|move: Grassy Terrain|[from] ability: Grassy Surge|[of] p1a: Rillaboom\n|move|p2a: LaurynChill|Moonblast|p1a: Rillaboom\n|-damage|p1a: Rillaboom|25/100\n|\n|-heal|p1a: Rillaboom|31/100|[from] Grassy Terrain\n|upkeep\n|turn|5\n|\n|t:|1782437307\n|switch|p2a: DosSta.D.I.X|Zapdos|100/100 brn\n|move|p1a: Rillaboom|U-turn|p2a: DosSta.D.I.X\n|-resisted|p2a: DosSta.D.I.X\n|-damage|p2a: DosSta.D.I.X|87/100 brn\n|-status|p1a: Rillaboom|par|[from] ability: Static|[of] p2a: DosSta.D.I.X\n|\n|t:|1782437310\n|switch|p1a: Dragapult|Dragapult, M|88/100|[from] U-turn\n|\n|-heal|p1a: Dragapult|94/100|[from] Grassy Terrain\n|-heal|p1a: Dragapult|100/100|[from] item: Leftovers\n|-damage|p2a: DosSta.D.I.X|81/100 brn|[from] brn\n|upkeep\n|turn|6\n|\n|t:|1782437319\n|switch|p2a: LaurynChill|Primarina, M|100/100\n|move|p1a: Dragapult|Substitute|p1a: Dragapult\n|-start|p1a: Dragapult|Substitute\n|-damage|p1a: Dragapult|76/100\n|\n|-heal|p1a: Dragapult|82/100|[from] Grassy Terrain\n|-heal|p1a: Dragapult|88/100|[from] item: Leftovers\n|upkeep\n|turn|7\n|\n|t:|1782437323\n|move|p1a: Dragapult|Will-O-Wisp|p2a: LaurynChill|[miss]\n|-miss|p1a: Dragapult|p2a: LaurynChill\n|move|p2a: LaurynChill|Moonblast|p1a: Dragapult\n|-supereffective|p1a: Dragapult\n|-end|p1a: Dragapult|Substitute\n|\n|-heal|p1a: Dragapult|94/100|[from] Grassy Terrain\n|-heal|p1a: Dragapult|100/100|[from] item: Leftovers\n|upkeep\n|turn|8\n|\n|t:|1782437331\n|switch|p1a: Tyranitar|Tyranitar, M|100/100\n|-weather|Sandstorm|[from] ability: Sand Stream|[of] p1a: Tyranitar\n|move|p2a: LaurynChill|Moonblast|p1a: Tyranitar\n|-supereffective|p1a: Tyranitar\n|-crit|p1a: Tyranitar\n|-damage|p1a: Tyranitar|33/100\n|\n|-weather|Sandstorm|[upkeep]\n|-damage|p2a: LaurynChill|94/100|[from] Sandstorm\n|-heal|p2a: LaurynChill|100/100|[from] Grassy Terrain\n|-heal|p1a: Tyranitar|39/100|[from] Grassy Terrain\n|-heal|p1a: Tyranitar|45/100|[from] item: Leftovers\n|-fieldend|move: Grassy Terrain\n|upkeep\n|turn|9\n|\n|t:|1782437341\n|move|p2a: LaurynChill|Moonblast|p1a: Tyranitar\n|-supereffective|p1a: Tyranitar\n|-damage|p1a: Tyranitar|0 fnt\n|faint|p1a: Tyranitar\n|\n|-weather|Sandstorm|[upkeep]\n|-damage|p2a: LaurynChill|94/100|[from] Sandstorm\n|upkeep\n|\n|t:|1782437344\n|switch|p1a: Ogerpon|Ogerpon-Cornerstone, F|100/100\n|turn|10\n|\n|t:|1782437353\n|move|p1a: Ogerpon|Swords Dance|p1a: Ogerpon\n|-boost|p1a: Ogerpon|atk|2\n|move|p2a: LaurynChill|Flip Turn|p1a: Ogerpon\n|-damage|p1a: Ogerpon|81/100\n|\n|t:|1782437363\n|switch|p2a: DonnieCourtman|Cinderace, F|100/100|[from] Flip Turn\n|\n|-weather|Sandstorm|[upkeep]\n|-damage|p2a: DonnieCourtman|94/100|[from] Sandstorm\n|upkeep\n|turn|11\n|\n|t:|1782437366\n|-terastallize|p1a: Ogerpon|Rock\n|detailschange|p1a: Ogerpon|Ogerpon-Cornerstone-Tera, F, tera:Rock\n|-ability|p1a: Ogerpon|Embody Aspect (Cornerstone)|boost\n|-boost|p1a: Ogerpon|def|1\n|move|p2a: DonnieCourtman|Will-O-Wisp|p1a: Ogerpon\n|-status|p1a: Ogerpon|brn\n|move|p1a: Ogerpon|Horn Leech|p2a: DonnieCourtman\n|-resisted|p2a: DonnieCourtman\n|-damage|p2a: DonnieCourtman|65/100\n|-heal|p1a: Ogerpon|98/100 brn|[from] drain|[of] p2a: DonnieCourtman\n|\n|-weather|Sandstorm|[upkeep]\n|-damage|p2a: DonnieCourtman|59/100|[from] Sandstorm\n|-damage|p1a: Ogerpon|92/100 brn|[from] brn\n|upkeep\n|turn|12\n|\n|t:|1782437379\n|move|p2a: DonnieCourtman|U-turn|p1a: Ogerpon\n|-damage|p1a: Ogerpon|76/100 brn\n|\n|t:|1782437382\n|switch|p2a: SwitchinStature|Clodsire, F|100/100|[from] U-turn\n|move|p1a: Ogerpon|Swords Dance|p1a: Ogerpon\n|-boost|p1a: Ogerpon|atk|2\n|\n|-weather|none\n|-damage|p1a: Ogerpon|70/100 brn|[from] brn\n|upkeep\n|turn|13\n|\n|t:|1782437389\n|move|p1a: Ogerpon|Horn Leech|p2a: SwitchinStature\n|-damage|p2a: SwitchinStature|86/100\n|-heal|p1a: Ogerpon|81/100 brn|[from] drain|[of] p2a: SwitchinStature\n|move|p2a: SwitchinStature|Earthquake|p1a: Ogerpon\n|-supereffective|p1a: Ogerpon\n|-damage|p1a: Ogerpon|7/100 brn\n|\n|-damage|p1a: Ogerpon|1/100 brn|[from] brn\n|upkeep\n|turn|14\n|-message|AnonymousJon forfeited.\n|\n|win|crck like alakazam\n|raw|AnonymousJon's rating: 1766 &rarr; <strong>1746</strong><br />(-20 for losing)\n|raw|crck like alakazam's rating: 1767 &rarr; <strong>1787</strong><br />(+20 for winning)\n|l|☆AnonymousJon\n|player|p1|\n", "uploadtime": 1782437398, "views": 10, "formatid": "gen9ou", "rating": 1746, "private": 0, "password": null}