{"id": "gen9ou-2639292412", "format": "[Gen 9] OU", "players": ["Sceana", "Saroz alam"], "log": "|j|☆Sceana\n|j|☆Saroz alam\n|t:|1782447191\n|gametype|singles\n|player|p1|Sceana|swimmerf|1119\n|player|p2|Saroz alam|266|1146\n|gen|9\n|tier|[Gen 9] OU\n|rated|\n|rule|HP Percentage Mod: HP is shown in percentages\n|rule|Endless Battle Clause: Forcing endless battles is banned\n|rule|Species Clause: Limit one of each Pokémon\n|rule|OHKO Clause: OHKO moves are banned\n|rule|Evasion Items Clause: Evasion items are banned\n|rule|Evasion Moves Clause: Evasion moves are banned\n|rule|Evasion Abilities Clause: Evasion abilities are banned\n|rule|Sleep Moves Clause: Sleep-inducing moves are banned\n|clearpoke\n|poke|p1|Charizard, F|\n|poke|p1|Garchomp, M|\n|poke|p1|Tyranitar, M|\n|poke|p1|Scizor, F|\n|poke|p1|Dragonite, F|\n|poke|p1|Espeon, M|\n|poke|p2|Torkoal, F|\n|poke|p2|Garchomp, M|\n|poke|p2|Venusaur, M|\n|poke|p2|Typhlosion-Hisui, F|\n|poke|p2|Ogerpon-Wellspring, F|\n|poke|p2|Iron Valiant|\n|teampreview\n|inactive|Battle timer is ON: inactive players will automatically lose when time's up. (requested by Sceana)\n|\n|t:|1782447206\n|teamsize|p1|6\n|teamsize|p2|6\n|start\n|switch|p1a: Espeon|Espeon, M|100/100\n|switch|p2a: Iron Valiant|Iron Valiant|100/100\n|-enditem|p2a: Iron Valiant|Booster Energy\n|-activate|p2a: Iron Valiant|ability: Quark Drive|[fromitem]\n|-start|p2a: Iron Valiant|quarkdrivespe\n|turn|1\n|\n|t:|1782447217\n|-end|p2a: Iron Valiant|Quark Drive|[silent]\n|switch|p2a: Ogerpon|Ogerpon-Wellspring, F|100/100\n|move|p1a: Espeon|Psychic|p2a: Ogerpon\n|-crit|p2a: Ogerpon\n|-damage|p2a: Ogerpon|30/100\n|\n|upkeep\n|turn|2\n|\n|t:|1782447231\n|move|p2a: Ogerpon|Knock Off|p1a: Espeon\n|-supereffective|p1a: Espeon\n|-damage|p1a: Espeon|24/100\n|-enditem|p1a: Espeon|Leftovers|[from] move: Knock Off|[of] p2a: Ogerpon\n|move|p1a: Espeon|Psychic|p2a: Ogerpon\n|-damage|p2a: Ogerpon|0 fnt\n|faint|p2a: Ogerpon\n|\n|upkeep\n|\n|t:|1782447243\n|switch|p2a: Iron Valiant|Iron Valiant|100/100\n|turn|3\n|\n|t:|1782447249\n|move|p1a: Espeon|Protect|p1a: Espeon\n|-singleturn|p1a: Espeon|Protect\n|move|p2a: Iron Valiant|Moonblast|p1a: Espeon\n|-activate|p1a: Espeon|move: Protect\n|\n|upkeep\n|turn|4\n|\n|t:|1782447261\n|switch|p1a: Tyranitar|Tyranitar, M|100/100\n|-weather|Sandstorm|[from] ability: Sand Stream|[of] p1a: Tyranitar\n|move|p2a: Iron Valiant|Moonblast|p1a: Tyranitar\n|-supereffective|p1a: Tyranitar\n|-damage|p1a: Tyranitar|40/100\n|\n|-weather|Sandstorm|[upkeep]\n|-damage|p2a: Iron Valiant|94/100|[from] Sandstorm\n|upkeep\n|turn|5\n|\n|t:|1782447272\n|move|p2a: Iron Valiant|Aura Sphere|p1a: Tyranitar\n|-supereffective|p1a: Tyranitar\n|-damage|p1a: Tyranitar|0 fnt\n|faint|p1a: Tyranitar\n|\n|-weather|Sandstorm|[upkeep]\n|-damage|p2a: Iron Valiant|88/100|[from] Sandstorm\n|upkeep\n|\n|t:|1782447289\n|switch|p1a: Scizor|Scizor, F|100/100\n|turn|6\n|\n|t:|1782447298\n|-end|p2a: Iron Valiant|Quark Drive|[silent]\n|switch|p2a: Torkoal|Torkoal, F|100/100\n|-weather|SunnyDay|[from] ability: Drought|[of] p2a: Torkoal\n|move|p1a: Scizor|Swords Dance|p1a: Scizor\n|-boost|p1a: Scizor|atk|2\n|\n|-weather|SunnyDay|[upkeep]\n|upkeep\n|turn|7\n|\n|t:|1782447311\n|move|p1a: Scizor|Close Combat|p2a: Torkoal\n|-damage|p2a: Torkoal|34/100\n|-unboost|p1a: Scizor|def|1\n|-unboost|p1a: Scizor|spd|1\n|move|p2a: Torkoal|Lava Plume|p1a: Scizor\n|-supereffective|p1a: Scizor\n|-crit|p1a: Scizor\n|-damage|p1a: Scizor|0 fnt\n|faint|p1a: Scizor\n|\n|-weather|SunnyDay|[upkeep]\n|upkeep\n|\n|t:|1782447327\n|switch|p1a: Charizard|Charizard, F|100/100\n|turn|8\n|inactive|Saroz alam has 120 seconds left.\n|\n|t:|1782447361\n|move|p1a: Charizard|Scorching Sands|p2a: Torkoal\n|-supereffective|p2a: Torkoal\n|-damage|p2a: Torkoal|0 fnt\n|faint|p2a: Torkoal\n|\n|-weather|SunnyDay|[upkeep]\n|upkeep\n|\n|t:|1782447365\n|switch|p2a: Venusaur|Venusaur, M|100/100\n|turn|9\n|\n|t:|1782447375\n|move|p2a: Venusaur|Growth|p2a: Venusaur\n|-boost|p2a: Venusaur|atk|2\n|-boost|p2a: Venusaur|spa|2\n|move|p1a: Charizard|Overheat|p2a: Venusaur\n|-supereffective|p2a: Venusaur\n|-damage|p2a: Venusaur|0 fnt\n|-unboost|p1a: Charizard|spa|2\n|faint|p2a: Venusaur\n|\n|-weather|SunnyDay|[upkeep]\n|upkeep\n|\n|t:|1782447383\n|switch|p2a: Iron Valiant|Iron Valiant|88/100\n|turn|10\n|\n|t:|1782447393\n|-end|p2a: Iron Valiant|Quark Drive|[silent]\n|switch|p2a: Garchomp|Garchomp, M|100/100\n|move|p1a: Charizard|Overheat|p2a: Garchomp|[miss]\n|-miss|p1a: Charizard|p2a: Garchomp\n|\n|-weather|SunnyDay|[upkeep]\n|upkeep\n|turn|11\n|\n|t:|1782447403\n|move|p2a: Garchomp|Draco Meteor|p1a: Charizard\n|-damage|p1a: Charizard|54/100\n|-unboost|p2a: Garchomp|spa|2\n|move|p1a: Charizard|Overheat|p2a: Garchomp|[miss]\n|-miss|p1a: Charizard|p2a: Garchomp\n|\n|-weather|SunnyDay|[upkeep]\n|upkeep\n|turn|12\n|\n|t:|1782447415\n|move|p2a: Garchomp|Draco Meteor|p1a: Charizard\n|-damage|p1a: Charizard|28/100\n|-unboost|p2a: Garchomp|spa|2\n|move|p1a: Charizard|Scorching Sands|p2a: Garchomp\n|-damage|p2a: Garchomp|85/100\n|-status|p2a: Garchomp|brn\n|\n|-weather|SunnyDay|[upkeep]\n|-damage|p2a: Garchomp|79/100 brn|[from] brn\n|upkeep\n|turn|13\n|\n|t:|1782447431\n|switch|p1a: Dragonite|Dragonite, F|100/100\n|move|p2a: Garchomp|Draco Meteor|p1a: Dragonite\n|-supereffective|p1a: Dragonite\n|-damage|p1a: Dragonite|86/100\n|-unboost|p2a: Garchomp|spa|2\n|\n|-weather|none\n|-damage|p2a: Garchomp|72/100 brn|[from] brn\n|upkeep\n|turn|14\n|\n|t:|1782447441\n|switch|p2a: Iron Valiant|Iron Valiant|88/100\n|move|p1a: Dragonite|Dragon Dance|p1a: Dragonite\n|-boost|p1a: Dragonite|atk|1\n|-boost|p1a: Dragonite|spe|1\n|\n|upkeep\n|turn|15\n|\n|t:|1782447453\n|move|p1a: Dragonite|Earthquake|p2a: Iron Valiant\n|-damage|p2a: Iron Valiant|6/100\n|move|p2a: Iron Valiant|Moonblast|p1a: Dragonite\n|-supereffective|p1a: Dragonite\n|-damage|p1a: Dragonite|0 fnt\n|faint|p1a: Dragonite\n|\n|upkeep\n|\n|t:|1782447470\n|switch|p1a: Garchomp|Garchomp, M|100/100\n|turn|16\n|\n|t:|1782447476\n|move|p2a: Iron Valiant|Moonblast|p1a: Garchomp\n|-supereffective|p1a: Garchomp\n|-damage|p1a: Garchomp|14/100\n|-enditem|p1a: Garchomp|Sitrus Berry|[eat]\n|-heal|p1a: Garchomp|39/100|[from] item: Sitrus Berry\n|move|p1a: Garchomp|Earthquake|p2a: Iron Valiant\n|-damage|p2a: Iron Valiant|0 fnt\n|faint|p2a: Iron Valiant\n|-end|p2a: Iron Valiant|Quark Drive|[silent]\n|\n|upkeep\n|\n|t:|1782447482\n|switch|p2a: Garchomp|Garchomp, M|72/100 brn\n|turn|17\n|\n|t:|1782447489\n|move|p1a: Garchomp|Dragon Claw|p2a: Garchomp\n|-supereffective|p2a: Garchomp\n|-damage|p2a: Garchomp|5/100 brn\n|-damage|p1a: Garchomp|27/100|[from] ability: Rough Skin|[of] p2a: Garchomp\n|-damage|p1a: Garchomp|10/100|[from] item: Rocky Helmet|[of] p2a: Garchomp\n|move|p2a: Garchomp|Draco Meteor|p1a: Garchomp\n|-supereffective|p1a: Garchomp\n|-damage|p1a: Garchomp|0 fnt\n|-unboost|p2a: Garchomp|spa|2\n|faint|p1a: Garchomp\n|\n|-damage|p2a: Garchomp|0 fnt|[from] brn\n|faint|p2a: Garchomp\n|upkeep\n|inactive|Saroz alam has 120 seconds left.\n|\n|t:|1782447537\n|switch|p1a: Espeon|Espeon, M|24/100\n|switch|p2a: Typhlosion|Typhlosion-Hisui, F|100/100\n|turn|18\n|\n|t:|1782447548\n|-terastallize|p2a: Typhlosion|Fire\n|move|p2a: Typhlosion|Eruption|p1a: Espeon\n|-damage|p1a: Espeon|0 fnt\n|faint|p1a: Espeon\n|\n|upkeep\n|\n|t:|1782447555\n|switch|p1a: Charizard|Charizard, F|28/100\n|turn|19\n|inactive|Saroz alam has 120 seconds left.\n|\n|t:|1782447563\n|move|p2a: Typhlosion|Eruption|p1a: Charizard\n|-resisted|p1a: Charizard\n|-damage|p1a: Charizard|0 fnt\n|faint|p1a: Charizard\n|\n|win|Saroz alam\n|raw|Sceana's rating: 1119 &rarr; <strong>1096</strong><br />(-23 for losing)\n|raw|Saroz alam's rating: 1146 &rarr; <strong>1169</strong><br />(+23 for winning)\n|l|☆Sceana\n|player|p1|\n|l|☆Saroz alam\n|player|p2|\n", "uploadtime": 1782447895, "views": 4, "formatid": "gen9ou", "rating": 1096, "private": 0, "password": null}