{"id": "gen9ou-2647764355", "format": "[Gen 9] OU", "players": ["el whacko", "OUBotBeepBoop"], "log": "|j|☆el whacko\n|j|☆OUBotBeepBoop\n|t:|1783808544\n|gametype|singles\n|player|p1|el whacko|preschooler|1269\n|player|p2|OUBotBeepBoop|102|1241\n|gen|9\n|tier|[Gen 9] OU\n|rated|\n|rule|HP Percentage Mod: HP is shown in percentages\n|rule|Endless Battle Clause: Forcing endless battles is banned\n|rule|Species Clause: Limit one of each Pokémon\n|rule|OHKO Clause: OHKO moves are banned\n|rule|Evasion Items Clause: Evasion items are banned\n|rule|Evasion Moves Clause: Evasion moves are banned\n|rule|Evasion Abilities Clause: Evasion abilities are banned\n|rule|Sleep Moves Clause: Sleep-inducing moves are banned\n|clearpoke\n|poke|p1|Regieleki|\n|poke|p1|Alomomola, M|\n|poke|p1|Tornadus-Therian, M|\n|poke|p1|Iron Valiant|\n|poke|p1|Mienshao, M|\n|poke|p1|Corviknight, F|\n|poke|p2|Glimmora, M|\n|poke|p2|Great Tusk|\n|poke|p2|Kingambit, F|\n|poke|p2|Dragapult, F|\n|poke|p2|Clefable, F|\n|poke|p2|Corviknight, F|\n|teampreview\n|inactive|Battle timer is ON: inactive players will automatically lose when time's up. (requested by OUBotBeepBoop)\n|\n|t:|1783808555\n|teamsize|p1|6\n|teamsize|p2|6\n|start\n|switch|p1a: Regieleki|Regieleki|100/100\n|switch|p2a: Glimmora|Glimmora, M|100/100\n|turn|1\n|\n|t:|1783808557\n|move|p1a: Regieleki|Volt Switch|p2a: Glimmora\n|-damage|p2a: Glimmora|11/100\n|\n|t:|1783808561\n|switch|p1a: Corviknight|Corviknight, F|100/100|[from] Volt Switch\n|move|p2a: Glimmora|Earth Power|p1a: Corviknight\n|-immune|p1a: Corviknight\n|\n|upkeep\n|turn|2\n|\n|t:|1783808563\n|switch|p2a: Dragapult|Dragapult, F|100/100\n|move|p1a: Corviknight|Brave Bird|p2a: Dragapult\n|-damage|p2a: Dragapult|50/100\n|-damage|p1a: Corviknight|87/100|[from] Recoil\n|\n|upkeep\n|turn|3\n|\n|t:|1783808566\n|move|p2a: Dragapult|Fire Blast|p1a: Corviknight\n|-supereffective|p1a: Corviknight\n|-damage|p1a: Corviknight|0 fnt\n|faint|p1a: Corviknight\n|\n|upkeep\n|\n|t:|1783808570\n|switch|p1a: Tornadus|Tornadus-Therian, M|100/100\n|turn|4\n|\n|t:|1783808572\n|move|p2a: Dragapult|Fire Blast|p1a: Tornadus\n|-damage|p1a: Tornadus|70/100\n|move|p1a: Tornadus|Bleakwind Storm|p2a: Dragapult\n|-damage|p2a: Dragapult|0 fnt\n|faint|p2a: Dragapult\n|\n|upkeep\n|\n|t:|1783808572\n|switch|p2a: Kingambit|Kingambit, F|100/100\n|-activate|p2a: Kingambit|ability: Supreme Overlord\n|-start|p2a: Kingambit|fallen1|[silent]\n|turn|5\n|\n|t:|1783808576\n|move|p1a: Tornadus|U-turn|p2a: Kingambit\n|-damage|p2a: Kingambit|89/100\n|\n|t:|1783808580\n|switch|p1a: Alomomola|Alomomola, M|100/100|[from] U-turn\n|move|p2a: Kingambit|Kowtow Cleave|p1a: Alomomola\n|-damage|p1a: Alomomola|65/100\n|\n|upkeep\n|turn|6\n|\n|t:|1783808581\n|move|p2a: Kingambit|Kowtow Cleave|p1a: Alomomola\n|-damage|p1a: Alomomola|31/100\n|move|p1a: Alomomola|Scald|p2a: Kingambit\n|-damage|p2a: Kingambit|76/100\n|-status|p2a: Kingambit|brn\n|\n|-damage|p2a: Kingambit|70/100 brn|[from] brn\n|upkeep\n|turn|7\n|\n|t:|1783808585\n|move|p2a: Kingambit|Swords Dance|p2a: Kingambit\n|-boost|p2a: Kingambit|atk|2\n|move|p1a: Alomomola|Flip Turn|p2a: Kingambit\n|-damage|p2a: Kingambit|58/100 brn\n|\n|t:|1783808587\n|switch|p1a: Mienshao|Mienshao, M|100/100|[from] Flip Turn\n|\n|-damage|p2a: Kingambit|52/100 brn|[from] brn\n|upkeep\n|turn|8\n|\n|t:|1783808589\n|-end|p2a: Kingambit|fallen1|[silent]\n|switch|p2a: Clefable|Clefable, F|100/100\n|move|p1a: Mienshao|Fake Out|p2a: Clefable\n|-damage|p2a: Clefable|90/100\n|\n|-heal|p2a: Clefable|96/100|[from] item: Leftovers\n|upkeep\n|turn|9\n|\n|t:|1783808591\n|move|p1a: Mienshao|U-turn|p2a: Clefable\n|-resisted|p2a: Clefable\n|-damage|p2a: Clefable|87/100\n|\n|t:|1783808594\n|switch|p1a: Tornadus|Tornadus-Therian, M|100/100|[from] U-turn\n|move|p2a: Clefable|Moonblast|p1a: Tornadus\n|-damage|p1a: Tornadus|80/100\n|-unboost|p1a: Tornadus|spa|1\n|\n|-heal|p2a: Clefable|93/100|[from] item: Leftovers\n|upkeep\n|turn|10\n|\n|t:|1783808598\n|move|p1a: Tornadus|Knock Off|p2a: Clefable\n|-resisted|p2a: Clefable\n|-damage|p2a: Clefable|85/100\n|-enditem|p2a: Clefable|Leftovers|[from] move: Knock Off|[of] p1a: Tornadus\n|move|p2a: Clefable|Moonblast|p1a: Tornadus\n|-damage|p1a: Tornadus|60/100\n|\n|upkeep\n|turn|11\n|\n|t:|1783808604\n|move|p1a: Tornadus|U-turn|p2a: Clefable\n|-resisted|p2a: Clefable\n|-damage|p2a: Clefable|78/100\n|\n|t:|1783808607\n|switch|p1a: Alomomola|Alomomola, M|64/100|[from] U-turn\n|move|p2a: Clefable|Moonblast|p1a: Alomomola\n|-damage|p1a: Alomomola|30/100\n|\n|upkeep\n|turn|12\n|\n|t:|1783808612\n|switch|p1a: Tornadus|Tornadus-Therian, M|93/100\n|move|p2a: Clefable|Moonblast|p1a: Tornadus\n|-damage|p1a: Tornadus|73/100\n|-unboost|p1a: Tornadus|spa|1\n|\n|upkeep\n|turn|13\n|\n|t:|1783808617\n|move|p1a: Tornadus|Bleakwind Storm|p2a: Clefable\n|-damage|p2a: Clefable|46/100\n|move|p2a: Clefable|Moonblast|p1a: Tornadus\n|-damage|p1a: Tornadus|52/100\n|\n|upkeep\n|turn|14\n|\n|t:|1783808626\n|move|p1a: Tornadus|Bleakwind Storm|p2a: Clefable\n|-damage|p2a: Clefable|11/100\n|-unboost|p2a: Clefable|spe|1\n|move|p2a: Clefable|Wish|p2a: Clefable\n|\n|upkeep\n|turn|15\n|\n|t:|1783808629\n|move|p1a: Tornadus|Bleakwind Storm|p2a: Clefable|[miss]\n|-miss|p1a: Tornadus|p2a: Clefable\n|move|p2a: Clefable|Wish||[still]\n|-fail|p2a: Clefable\n|\n|-heal|p2a: Clefable|61/100|[from] move: Wish|[wisher] Clefable\n|upkeep\n|turn|16\n|\n|t:|1783808630\n|move|p1a: Tornadus|Bleakwind Storm|p2a: Clefable\n|-damage|p2a: Clefable|26/100\n|move|p2a: Clefable|Wish|p2a: Clefable\n|\n|upkeep\n|turn|17\n|\n|t:|1783808633\n|move|p1a: Tornadus|Bleakwind Storm|p2a: Clefable\n|-damage|p2a: Clefable|0 fnt\n|faint|p2a: Clefable\n|\n|upkeep\n|\n|t:|1783808633\n|switch|p2a: Great Tusk|Great Tusk|100/100\n|turn|18\n|\n|t:|1783808637\n|-terastallize|p2a: Great Tusk|Steel\n|move|p1a: Tornadus|U-turn|p2a: Great Tusk\n|-resisted|p2a: Great Tusk\n|-damage|p2a: Great Tusk|95/100\n|\n|t:|1783808641\n|switch|p1a: Alomomola|Alomomola, M|63/100|[from] U-turn\n|move|p2a: Great Tusk|Ice Spinner|p1a: Alomomola\n|-resisted|p1a: Alomomola\n|-damage|p1a: Alomomola|56/100\n|\n|upkeep\n|turn|19\n|\n|t:|1783808645\n|move|p2a: Great Tusk|Knock Off|p1a: Alomomola\n|-damage|p1a: Alomomola|39/100\n|-enditem|p1a: Alomomola|Heavy-Duty Boots|[from] move: Knock Off|[of] p2a: Great Tusk\n|move|p1a: Alomomola|Wish|p1a: Alomomola\n|\n|upkeep\n|turn|20\n|\n|t:|1783808649\n|move|p2a: Great Tusk|Headlong Rush|p1a: Alomomola\n|-damage|p1a: Alomomola|7/100\n|-unboost|p2a: Great Tusk|def|1\n|-unboost|p2a: Great Tusk|spd|1\n|move|p1a: Alomomola|Scald|p2a: Great Tusk\n|-damage|p2a: Great Tusk|63/100\n|\n|-heal|p1a: Alomomola|57/100|[from] move: Wish|[wisher] Alomomola\n|upkeep\n|turn|21\n|\n|t:|1783808654\n|move|p2a: Great Tusk|Headlong Rush|p1a: Alomomola\n|-damage|p1a: Alomomola|26/100\n|-unboost|p2a: Great Tusk|def|1\n|-unboost|p2a: Great Tusk|spd|1\n|move|p1a: Alomomola|Wish|p1a: Alomomola\n|\n|upkeep\n|turn|22\n|\n|t:|1783808655\n|move|p1a: Alomomola|Protect|p1a: Alomomola\n|-singleturn|p1a: Alomomola|Protect\n|move|p2a: Great Tusk|Headlong Rush|p1a: Alomomola\n|-activate|p1a: Alomomola|move: Protect\n|\n|-heal|p1a: Alomomola|76/100|[from] move: Wish|[wisher] Alomomola\n|upkeep\n|turn|23\n|\n|t:|1783808657\n|move|p2a: Great Tusk|Headlong Rush|p1a: Alomomola\n|-damage|p1a: Alomomola|43/100\n|-unboost|p2a: Great Tusk|def|1\n|-unboost|p2a: Great Tusk|spd|1\n|move|p1a: Alomomola|Scald|p2a: Great Tusk\n|-damage|p2a: Great Tusk|10/100\n|\n|upkeep\n|turn|24\n|\n|t:|1783808662\n|-end|p2a: Great Tusk|Protosynthesis|[silent]\n|switch|p2a: Corviknight|Corviknight, F|100/100\n|-ability|p2a: Corviknight|Pressure\n|switch|p1a: Tornadus|Tornadus-Therian, M|85/100\n|\n|upkeep\n|turn|25\n|\n|t:|1783808664\n|move|p1a: Tornadus|Knock Off|p2a: Corviknight\n|-damage|p2a: Corviknight|89/100\n|-enditem|p2a: Corviknight|Leftovers|[from] move: Knock Off|[of] p1a: Tornadus\n|move|p2a: Corviknight|U-turn|p1a: Tornadus\n|-resisted|p1a: Tornadus\n|-damage|p1a: Tornadus|76/100\n|\n|t:|1783808664\n|switch|p2a: Kingambit|Kingambit, F|52/100 brn|[from] U-turn\n|-activate|p2a: Kingambit|ability: Supreme Overlord\n|-start|p2a: Kingambit|fallen2|[silent]\n|\n|-damage|p2a: Kingambit|46/100 brn|[from] brn\n|upkeep\n|turn|26\n|\n|t:|1783808673\n|move|p2a: Kingambit|Sucker Punch|p1a: Tornadus\n|-damage|p1a: Tornadus|41/100\n|move|p1a: Tornadus|Heat Wave|p2a: Kingambit\n|-supereffective|p2a: Kingambit\n|-damage|p2a: Kingambit|2/100 brn\n|\n|-damage|p2a: Kingambit|0 fnt|[from] brn\n|faint|p2a: Kingambit\n|-end|p2a: Kingambit|fallen2|[silent]\n|upkeep\n|\n|t:|1783808673\n|switch|p2a: Glimmora|Glimmora, M|11/100\n|turn|27\n|\n|t:|1783808678\n|move|p1a: Tornadus|Heat Wave|p2a: Glimmora\n|-resisted|p2a: Glimmora\n|-damage|p2a: Glimmora|0 fnt\n|faint|p2a: Glimmora\n|\n|upkeep\n|\n|t:|1783808678\n|switch|p2a: Corviknight|Corviknight, F|89/100\n|-ability|p2a: Corviknight|Pressure\n|turn|28\n|\n|t:|1783808683\n|move|p1a: Tornadus|U-turn|p2a: Corviknight\n|-resisted|p2a: Corviknight\n|-crit|p2a: Corviknight\n|-damage|p2a: Corviknight|86/100\n|\n|t:|1783808685\n|switch|p1a: Regieleki|Regieleki|100/100|[from] U-turn\n|move|p2a: Corviknight|Body Press|p1a: Regieleki\n|-damage|p1a: Regieleki|61/100\n|\n|upkeep\n|turn|29\n|\n|t:|1783808687\n|switch|p2a: Great Tusk|Great Tusk, tera:Steel|10/100\n|move|p1a: Regieleki|Volt Switch|p2a: Great Tusk\n|-damage|p2a: Great Tusk|0 fnt\n|faint|p2a: Great Tusk\n|-end|p2a: Great Tusk|Protosynthesis|[silent]\n|\n|t:|1783808693\n|switch|p1a: Mienshao|Mienshao, M|100/100|[from] Volt Switch\n|\n|upkeep\n|\n|t:|1783808693\n|switch|p2a: Corviknight|Corviknight, F|86/100\n|-ability|p2a: Corviknight|Pressure\n|turn|30\n|\n|t:|1783808694\n|move|p1a: Mienshao|Fake Out|p2a: Corviknight\n|-resisted|p2a: Corviknight\n|-damage|p2a: Corviknight|83/100\n|cant|p2a: Corviknight|flinch\n|\n|upkeep\n|turn|31\n|\n|t:|1783808696\n|move|p1a: Mienshao|Close Combat|p2a: Corviknight\n|-damage|p2a: Corviknight|47/100\n|-unboost|p1a: Mienshao|def|1\n|-unboost|p1a: Mienshao|spd|1\n|move|p2a: Corviknight|Body Press|p1a: Mienshao\n|-damage|p1a: Mienshao|22/100\n|\n|upkeep\n|turn|32\n|\n|t:|1783808698\n|move|p1a: Mienshao|U-turn|p2a: Corviknight\n|-resisted|p2a: Corviknight\n|-damage|p2a: Corviknight|43/100\n|\n|t:|1783808702\n|switch|p1a: Tornadus|Tornadus-Therian, M|74/100|[from] U-turn\n|move|p2a: Corviknight|Body Press|p1a: Tornadus\n|-resisted|p1a: Tornadus\n|-damage|p1a: Tornadus|59/100\n|\n|upkeep\n|turn|33\n|\n|t:|1783808703\n|move|p1a: Tornadus|Heat Wave|p2a: Corviknight\n|-supereffective|p2a: Corviknight\n|-damage|p2a: Corviknight|0 fnt\n|faint|p2a: Corviknight\n|\n|win|el whacko\n|raw|el whacko's rating: 1269 &rarr; <strong>1290</strong><br />(+21 for winning)\n|raw|OUBotBeepBoop's rating: 1211 &rarr; <strong>1190</strong><br />(-21 for losing)\n|l|☆OUBotBeepBoop\n|player|p2|\n|l|☆el whacko\n|player|p1|\n", "uploadtime": 1783809051, "views": 13, "formatid": "gen9ou", "rating": 1190, "private": 0, "password": null}