{"id": "gen9ou-2639906174", "format": "[Gen 9] OU", "players": ["suprya", "Draw Your Sword"], "log": "|badge|p1|bronze|gen9ou|100-9\n|html|<div class=\"broadcast-red\"><strong>This battle is required to be public due to one or more player having a season medal.</strong><br />During the public phase, you can discuss the state of the ladder <a href=\"/seasondiscussion\">in a special chatroom.</a></div>\n|uhtml|medal-msg|<div class=\"broadcast-blue\">Curious what those medals under the avatar are? PS now has Ladder Seasons! For more information, check out the <a href=\"https://www.smogon.com/forums/threads/3740067/\">thread on Smogon.</a></div>\n|badge|p2|bronze|gen9ou|100-9\n|uhtml|medal-msg|<div class=\"broadcast-blue\">Curious what those medals under the avatar are? PS now has Ladder Seasons! For more information, check out the <a href=\"https://www.smogon.com/forums/threads/3740067/\">thread on Smogon.</a></div>\n|raw|<div class=\"broadcast-blue\"><strong>This battle is required to be public due to a player having a name starting with 'medal'.</div>\n|j|☆suprya\n|j|☆Draw Your Sword\n|t:|1782540495\n|gametype|singles\n|player|p1|suprya|clown|1820\n|player|p2|Draw Your Sword|psychic-gen4|1819\n|gen|9\n|tier|[Gen 9] OU\n|rated|\n|rule|HP Percentage Mod: HP is shown in percentages\n|rule|Endless Battle Clause: Forcing endless battles is banned\n|rule|Species Clause: Limit one of each Pokémon\n|rule|OHKO Clause: OHKO moves are banned\n|rule|Evasion Items Clause: Evasion items are banned\n|rule|Evasion Moves Clause: Evasion moves are banned\n|rule|Evasion Abilities Clause: Evasion abilities are banned\n|rule|Sleep Moves Clause: Sleep-inducing moves are banned\n|clearpoke\n|poke|p1|Pelipper, F|\n|poke|p1|Hydrapple, M|\n|poke|p1|Iron Treads|\n|poke|p1|Gholdengo|\n|poke|p1|Greninja-*, M|\n|poke|p1|Iron Hands|\n|poke|p2|Darkrai|\n|poke|p2|Tinkaton, F|\n|poke|p2|Moltres|\n|poke|p2|Pecharunt|\n|poke|p2|Rillaboom, M|\n|poke|p2|Gliscor, F|\n|teampreview\n|inactive|Battle timer is ON: inactive players will automatically lose when time's up. (requested by suprya)\n|\n|t:|1782540516\n|teamsize|p1|6\n|teamsize|p2|6\n|start\n|switch|p1a: Iron Treads|Iron Treads|100/100\n|switch|p2a: Tinkaton|Tinkaton, F|100/100\n|-ability|p2a: Tinkaton|Mold Breaker\n|turn|1\n|\n|t:|1782540521\n|move|p2a: Tinkaton|Stealth Rock|p1a: Iron Treads\n|-sidestart|p1: suprya|move: Stealth Rock\n|move|p1a: Iron Treads|Stealth Rock|p2a: Tinkaton\n|-sidestart|p2: Draw Your Sword|move: Stealth Rock\n|\n|upkeep\n|turn|2\n|j| Disscratch\n|\n|t:|1782540540\n|move|p2a: Tinkaton|Encore|p1a: Iron Treads\n|-start|p1a: Iron Treads|Encore\n|move|p1a: Iron Treads|Stealth Rock||[still]\n|-fail|p1a: Iron Treads\n|\n|upkeep\n|turn|3\n|\n|t:|1782540545\n|-end|p1a: Iron Treads|Quark Drive|[silent]\n|switch|p1a: Iron Hands|Iron Hands|100/100\n|-damage|p1a: Iron Hands|94/100|[from] Stealth Rock\n|move|p2a: Tinkaton|Knock Off|p1a: Iron Hands\n|-resisted|p1a: Iron Hands\n|-damage|p1a: Iron Hands|89/100\n|-enditem|p1a: Iron Hands|Assault Vest|[from] move: Knock Off|[of] p2a: Tinkaton\n|\n|upkeep\n|turn|4\n|\n|t:|1782540551\n|switch|p2a: Moltres|Moltres, shiny|100/100\n|move|p1a: Iron Hands|Ice Punch|p2a: Moltres\n|-damage|p2a: Moltres|78/100\n|\n|upkeep\n|turn|5\n|j| pls game\n|\n|t:|1782540563\n|-end|p1a: Iron Hands|Quark Drive|[silent]\n|switch|p1a: Pelipper|Pelipper, F|100/100\n|-weather|RainDance|[from] ability: Drizzle|[of] p1a: Pelipper\n|move|p2a: Moltres|Will-O-Wisp|p1a: Pelipper\n|-status|p1a: Pelipper|brn\n|\n|-weather|RainDance|[upkeep]\n|-damage|p1a: Pelipper|94/100 brn|[from] brn\n|upkeep\n|turn|6\n|\n|t:|1782540569\n|switch|p2a: Tinkaton|Tinkaton, F|100/100\n|-damage|p2a: Tinkaton|94/100|[from] Stealth Rock\n|-ability|p2a: Tinkaton|Mold Breaker\n|move|p1a: Pelipper|Surf|p2a: Tinkaton\n|-damage|p2a: Tinkaton|54/100\n|\n|-weather|RainDance|[upkeep]\n|-heal|p2a: Tinkaton|60/100|[from] item: Leftovers\n|-damage|p1a: Pelipper|88/100 brn|[from] brn\n|upkeep\n|turn|7\n|\n|t:|1782540573\n|move|p2a: Tinkaton|Knock Off|p1a: Pelipper\n|-damage|p1a: Pelipper|74/100 brn\n|-enditem|p1a: Pelipper|Heavy-Duty Boots|[from] move: Knock Off|[of] p2a: Tinkaton\n|move|p1a: Pelipper|Surf|p2a: Tinkaton\n|-damage|p2a: Tinkaton|24/100\n|\n|-weather|RainDance|[upkeep]\n|-heal|p2a: Tinkaton|30/100|[from] item: Leftovers\n|-damage|p1a: Pelipper|67/100 brn|[from] brn\n|upkeep\n|turn|8\n|\n|t:|1782540576\n|switch|p2a: Rillaboom|Rillaboom, M, shiny|100/100\n|-fieldstart|move: Grassy Terrain|[from] ability: Grassy Surge|[of] p2a: Rillaboom\n|move|p1a: Pelipper|Surf|p2a: Rillaboom\n|-resisted|p2a: Rillaboom\n|-damage|p2a: Rillaboom|71/100\n|\n|-weather|RainDance|[upkeep]\n|-heal|p2a: Rillaboom|77/100|[from] Grassy Terrain\n|-damage|p1a: Pelipper|61/100 brn|[from] brn\n|upkeep\n|turn|9\n|\n|t:|1782540580\n|switch|p1a: Hydrapple|Hydrapple, M|100/100\n|-damage|p1a: Hydrapple|88/100|[from] Stealth Rock\n|move|p2a: Rillaboom|U-turn|p1a: Hydrapple\n|-supereffective|p1a: Hydrapple\n|-damage|p1a: Hydrapple|59/100\n|-damage|p2a: Rillaboom|61/100|[from] item: Rocky Helmet|[of] p1a: Hydrapple\n|\n|t:|1782540582\n|switch|p2a: Gliscor|Gliscor, F, shiny|100/100|[from] U-turn\n|-damage|p2a: Gliscor|88/100|[from] Stealth Rock\n|\n|-weather|none\n|-heal|p1a: Hydrapple|65/100|[from] Grassy Terrain\n|-status|p2a: Gliscor|tox|[from] item: Toxic Orb\n|upkeep\n|turn|10\n|j| weezurd\n|\n|t:|1782540589\n|-terastallize|p1a: Hydrapple|Poison\n|move|p2a: Gliscor|Spikes|p1a: Hydrapple\n|-sidestart|p1: suprya|Spikes\n|move|p1a: Hydrapple|Nasty Plot|p1a: Hydrapple\n|-boost|p1a: Hydrapple|spa|2\n|\n|-heal|p1a: Hydrapple|71/100|[from] Grassy Terrain\n|-heal|p2a: Gliscor|100/100 tox|[from] ability: Poison Heal\n|upkeep\n|turn|11\n|\n|t:|1782540598\n|move|p2a: Gliscor|Spikes|p1a: Hydrapple\n|-sidestart|p1: suprya|Spikes\n|move|p1a: Hydrapple|Fickle Beam|p2a: Gliscor\n|-damage|p2a: Gliscor|41/100 tox\n|\n|-heal|p1a: Hydrapple|77/100|[from] Grassy Terrain\n|-heal|p2a: Gliscor|53/100 tox|[from] ability: Poison Heal\n|upkeep\n|turn|12\n|\n|t:|1782540604\n|switch|p2a: Tinkaton|Tinkaton, F|30/100\n|-damage|p2a: Tinkaton|24/100|[from] Stealth Rock\n|-ability|p2a: Tinkaton|Mold Breaker\n|move|p1a: Hydrapple|Giga Drain|p2a: Tinkaton\n|-resisted|p2a: Tinkaton\n|-damage|p2a: Tinkaton|0 fnt\n|-heal|p1a: Hydrapple|87/100|[from] drain|[of] p2a: Tinkaton\n|faint|p2a: Tinkaton\n|\n|-heal|p1a: Hydrapple|94/100|[from] Grassy Terrain\n|-fieldend|move: Grassy Terrain\n|upkeep\n|j| Ctannn\n|\n|t:|1782540608\n|switch|p2a: Moltres|Moltres, shiny|78/100\n|turn|13\n|\n|t:|1782540611\n|move|p1a: Hydrapple|Fickle Beam|p2a: Moltres\n|-damage|p2a: Moltres|20/100\n|move|p2a: Moltres|Roar|p1a: Hydrapple\n|drag|p1a: Gholdengo|Gholdengo|100/100\n|-damage|p1a: Gholdengo|94/100|[from] Stealth Rock\n|-damage|p1a: Gholdengo|78/100|[from] Spikes\n|\n|upkeep\n|turn|14\n|\n|t:|1782540619\n|move|p1a: Gholdengo|Make It Rain|p2a: Moltres\n|-resisted|p2a: Moltres\n|-damage|p2a: Moltres|0 fnt\n|-unboost|p1a: Gholdengo|spa|1\n|faint|p2a: Moltres\n|\n|upkeep\n|\n|t:|1782540622\n|switch|p2a: Gliscor|Gliscor, F, shiny|53/100 tox\n|-damage|p2a: Gliscor|41/100 tox|[from] Stealth Rock\n|turn|15\n|\n|t:|1782540639\n|switch|p1a: Iron Hands|Iron Hands|89/100\n|-damage|p1a: Iron Hands|83/100|[from] Stealth Rock\n|-damage|p1a: Iron Hands|66/100|[from] Spikes\n|move|p2a: Gliscor|Spikes|p1a: Iron Hands\n|-sidestart|p1: suprya|Spikes\n|\n|-heal|p2a: Gliscor|53/100 tox|[from] ability: Poison Heal\n|upkeep\n|turn|16\n|\n|t:|1782540642\n|move|p2a: Gliscor|Protect|p2a: Gliscor\n|-singleturn|p2a: Gliscor|Protect\n|move|p1a: Iron Hands|Ice Punch|p2a: Gliscor\n|-activate|p2a: Gliscor|move: Protect\n|\n|-heal|p2a: Gliscor|66/100 tox|[from] ability: Poison Heal\n|upkeep\n|turn|17\n|\n|t:|1782540645\n|switch|p2a: Pecharunt|Pecharunt|100/100\n|move|p1a: Iron Hands|Ice Punch|p2a: Pecharunt\n|-damage|p2a: Pecharunt|88/100\n|\n|upkeep\n|turn|18\n|\n|t:|1782540650\n|move|p2a: Pecharunt|Nasty Plot|p2a: Pecharunt\n|-boost|p2a: Pecharunt|spa|2\n|move|p1a: Iron Hands|Ice Punch|p2a: Pecharunt\n|-damage|p2a: Pecharunt|75/100\n|\n|upkeep\n|turn|19\n|\n|t:|1782540655\n|-end|p1a: Iron Hands|Quark Drive|[silent]\n|switch|p1a: Greninja|Greninja, M|100/100\n|-damage|p1a: Greninja|88/100|[from] Stealth Rock\n|-damage|p1a: Greninja|64/100|[from] Spikes\n|move|p2a: Pecharunt|Shadow Ball|p1a: Greninja\n|-resisted|p1a: Greninja\n|-damage|p1a: Greninja|27/100\n|-unboost|p1a: Greninja|spd|1\n|\n|upkeep\n|turn|20\n|\n|t:|1782540659\n|switch|p2a: Rillaboom|Rillaboom, M, shiny|61/100\n|-fieldstart|move: Grassy Terrain|[from] ability: Grassy Surge|[of] p2a: Rillaboom\n|move|p1a: Greninja|Dark Pulse|p2a: Rillaboom\n|-damage|p2a: Rillaboom|17/100\n|\n|-heal|p1a: Greninja|33/100|[from] Grassy Terrain\n|-heal|p2a: Rillaboom|23/100|[from] Grassy Terrain\n|upkeep\n|turn|21\n|\n|t:|1782540677\n|move|p1a: Greninja|Water Shuriken|p2a: Rillaboom\n|-resisted|p2a: Rillaboom\n|-damage|p2a: Rillaboom|18/100\n|-resisted|p2a: Rillaboom\n|-crit|p2a: Rillaboom\n|-damage|p2a: Rillaboom|10/100\n|-hitcount|p2a: Rillaboom|2\n|move|p2a: Rillaboom|Grassy Glide|p1a: Greninja\n|-supereffective|p1a: Greninja\n|-damage|p1a: Greninja|0 fnt\n|faint|p1a: Greninja\n|\n|-heal|p2a: Rillaboom|16/100|[from] Grassy Terrain\n|upkeep\n|\n|t:|1782540687\n|switch|p1a: Hydrapple|Hydrapple, M, tera:Poison|100/100\n|-damage|p1a: Hydrapple|88/100|[from] Stealth Rock\n|-damage|p1a: Hydrapple|63/100|[from] Spikes\n|turn|22\n|\n|t:|1782540690\n|move|p2a: Rillaboom|Wood Hammer|p1a: Hydrapple\n|-resisted|p1a: Hydrapple\n|-damage|p1a: Hydrapple|39/100\n|-damage|p2a: Rillaboom|0 fnt|[from] item: Rocky Helmet|[of] p1a: Hydrapple\n|faint|p2a: Rillaboom\n|move|p1a: Hydrapple|Giga Drain|p2: Rillaboom|[notarget]\n|-fail|p1a: Hydrapple\n|\n|-heal|p1a: Hydrapple|45/100|[from] Grassy Terrain\n|upkeep\n|\n|t:|1782540692\n|switch|p2a: Darkrai|Darkrai, shiny|100/100\n|turn|23\n|\n|t:|1782540721\n|switch|p1a: Pelipper|Pelipper, F|61/100 brn\n|-damage|p1a: Pelipper|36/100 brn|[from] Stealth Rock\n|-weather|RainDance|[from] ability: Drizzle|[of] p1a: Pelipper\n|move|p2a: Darkrai|Dark Pulse|p1a: Pelipper\n|-damage|p1a: Pelipper|0 fnt\n|faint|p1a: Pelipper\n|\n|-weather|RainDance|[upkeep]\n|upkeep\n|\n|t:|1782540731\n|switch|p1a: Iron Treads|Iron Treads|100/100\n|-damage|p1a: Iron Treads|98/100|[from] Stealth Rock\n|-damage|p1a: Iron Treads|73/100|[from] Spikes\n|turn|24\n|\n|t:|1782540735\n|switch|p2a: Pecharunt|Pecharunt|75/100\n|move|p1a: Iron Treads|Rapid Spin|p2a: Pecharunt\n|-immune|p2a: Pecharunt\n|\n|-weather|RainDance|[upkeep]\n|-heal|p1a: Iron Treads|79/100|[from] Grassy Terrain\n|-heal|p1a: Iron Treads|85/100|[from] item: Leftovers\n|-heal|p2a: Pecharunt|81/100|[from] Grassy Terrain\n|-fieldend|move: Grassy Terrain\n|upkeep\n|turn|25\n|\n|t:|1782540739\n|move|p1a: Iron Treads|Knock Off|p2a: Pecharunt\n|-supereffective|p2a: Pecharunt\n|-damage|p2a: Pecharunt|57/100\n|-enditem|p2a: Pecharunt|Heavy-Duty Boots|[from] move: Knock Off|[of] p1a: Iron Treads\n|move|p2a: Pecharunt|Nasty Plot|p2a: Pecharunt\n|-boost|p2a: Pecharunt|spa|2\n|\n|-weather|RainDance|[upkeep]\n|-heal|p1a: Iron Treads|91/100|[from] item: Leftovers\n|upkeep\n|turn|26\n|\n|t:|1782540743\n|move|p1a: Iron Treads|Earthquake|p2a: Pecharunt\n|-supereffective|p2a: Pecharunt\n|-damage|p2a: Pecharunt|17/100\n|move|p2a: Pecharunt|Recover|p2a: Pecharunt\n|-heal|p2a: Pecharunt|67/100\n|\n|-weather|RainDance|[upkeep]\n|-heal|p1a: Iron Treads|97/100|[from] item: Leftovers\n|upkeep\n|turn|27\n|\n|t:|1782540746\n|-terastallize|p2a: Pecharunt|Ghost\n|move|p1a: Iron Treads|Earthquake|p2a: Pecharunt\n|-damage|p2a: Pecharunt|48/100\n|move|p2a: Pecharunt|Recover|p2a: Pecharunt\n|-heal|p2a: Pecharunt|98/100\n|\n|-weather|none\n|-heal|p1a: Iron Treads|100/100|[from] item: Leftovers\n|upkeep\n|turn|28\n|\n|t:|1782540751\n|-end|p1a: Iron Treads|Quark Drive|[silent]\n|switch|p1a: Iron Hands|Iron Hands|66/100\n|-damage|p1a: Iron Hands|60/100|[from] Stealth Rock\n|-damage|p1a: Iron Hands|35/100|[from] Spikes\n|move|p2a: Pecharunt|Shadow Ball|p1a: Iron Hands\n|-damage|p1a: Iron Hands|0 fnt\n|faint|p1a: Iron Hands\n|-end|p1a: Iron Hands|Quark Drive|[silent]\n|\n|upkeep\n|\n|t:|1782540752\n|switch|p1a: Gholdengo|Gholdengo|78/100\n|-damage|p1a: Gholdengo|72/100|[from] Stealth Rock\n|-damage|p1a: Gholdengo|47/100|[from] Spikes\n|turn|29\n|\n|t:|1782540755\n|switch|p2a: Darkrai|Darkrai, shiny|100/100\n|move|p1a: Gholdengo|Shadow Ball|p2a: Darkrai\n|-resisted|p2a: Darkrai\n|-damage|p2a: Darkrai|73/100\n|\n|upkeep\n|turn|30\n|\n|t:|1782540765\n|switch|p1a: Hydrapple|Hydrapple, M, tera:Poison|79/100\n|-damage|p1a: Hydrapple|66/100|[from] Stealth Rock\n|-damage|p1a: Hydrapple|41/100|[from] Spikes\n|move|p2a: Darkrai|Knock Off|p1a: Hydrapple\n|-damage|p1a: Hydrapple|27/100\n|-damage|p2a: Darkrai|56/100|[from] item: Rocky Helmet|[of] p1a: Hydrapple\n|-enditem|p1a: Hydrapple|Rocky Helmet|[from] move: Knock Off|[of] p2a: Darkrai\n|\n|upkeep\n|turn|31\n|\n|t:|1782540771\n|move|p2a: Darkrai|Dark Pulse|p1a: Hydrapple\n|-damage|p1a: Hydrapple|0 fnt\n|faint|p1a: Hydrapple\n|\n|upkeep\n|\n|t:|1782540773\n|switch|p1a: Iron Treads|Iron Treads|100/100\n|-damage|p1a: Iron Treads|98/100|[from] Stealth Rock\n|-damage|p1a: Iron Treads|73/100|[from] Spikes\n|turn|32\n|\n|t:|1782540775\n|switch|p2a: Pecharunt|Pecharunt, tera:Ghost|98/100\n|-damage|p2a: Pecharunt|86/100|[from] Stealth Rock\n|move|p1a: Iron Treads|Rapid Spin|p2a: Pecharunt\n|-immune|p2a: Pecharunt\n|\n|-heal|p1a: Iron Treads|79/100|[from] item: Leftovers\n|upkeep\n|turn|33\n|-message|suprya forfeited.\n|\n|win|Draw Your Sword\n|raw|suprya's rating: 1820 &rarr; <strong>1800</strong><br />(-20 for losing)\n|raw|Draw Your Sword's rating: 1819 &rarr; <strong>1839</strong><br />(+20 for winning)\n|l|☆suprya\n|player|p1|\n|l|☆Draw Your Sword\n|player|p2|\n|l| pls game\n|l| Disscratch\n|l| weezurd\n|l| Ctannn\n", "uploadtime": 1782541045, "views": 6, "formatid": "gen9ou", "rating": 1800, "private": 0, "password": null}