{"id": "gen9ou-2647829303", "format": "[Gen 9] OU", "players": ["vithsos", "joy smile yay"], "log": "|j|☆vithsos\n|j|☆joy smile yay\n|t:|1783819958\n|gametype|singles\n|player|p1|vithsos|lass-gen4|1099\n|player|p2|joy smile yay|kris|1099\n|gen|9\n|tier|[Gen 9] OU\n|rated|\n|rule|HP Percentage Mod: HP is shown in percentages\n|rule|Endless Battle Clause: Forcing endless battles is banned\n|rule|Species Clause: Limit one of each Pokémon\n|rule|OHKO Clause: OHKO moves are banned\n|rule|Evasion Items Clause: Evasion items are banned\n|rule|Evasion Moves Clause: Evasion moves are banned\n|rule|Evasion Abilities Clause: Evasion abilities are banned\n|rule|Sleep Moves Clause: Sleep-inducing moves are banned\n|clearpoke\n|poke|p1|Numel, F|\n|poke|p1|Gastrodon, M|\n|poke|p1|Dudunsparce-*, M|\n|poke|p1|Dragonite, M|\n|poke|p1|Bisharp, F|\n|poke|p1|Ting-Lu|\n|poke|p2|Ceruledge, M|\n|poke|p2|Ninetales, M|\n|poke|p2|Leavanny, F|\n|poke|p2|Great Tusk|\n|poke|p2|Lokix, F|\n|poke|p2|Walking Wake|\n|teampreview\n|\n|t:|1783819981\n|teamsize|p1|6\n|teamsize|p2|6\n|start\n|switch|p1a: Dudunsparce|Dudunsparce-Three-Segment, M, shiny|100/100\n|switch|p2a: Ninetales|Ninetales, M|100/100\n|-weather|SunnyDay|[from] ability: Drought|[of] p2a: Ninetales\n|turn|1\n|\n|t:|1783820015\n|move|p2a: Ninetales|Weather Ball|p1a: Dudunsparce\n|-damage|p1a: Dudunsparce|58/100\n|move|p1a: Dudunsparce|Headbutt|p2a: Ninetales\n|-damage|p2a: Ninetales|52/100\n|\n|-weather|SunnyDay|[upkeep]\n|upkeep\n|turn|2\n|\n|t:|1783820028\n|move|p2a: Ninetales|Weather Ball|p1a: Dudunsparce\n|-damage|p1a: Dudunsparce|17/100\n|move|p1a: Dudunsparce|Body Slam|p2a: Ninetales\n|-damage|p2a: Ninetales|0 fnt\n|faint|p2a: Ninetales\n|\n|-weather|SunnyDay|[upkeep]\n|upkeep\n|\n|t:|1783820034\n|switch|p2a: Ceruledge|Ceruledge, M|100/100\n|turn|3\n|\n|t:|1783820037\n|move|p2a: Ceruledge|Bitter Blade|p1a: Dudunsparce\n|-damage|p1a: Dudunsparce|0 fnt\n|faint|p1a: Dudunsparce\n|\n|-weather|SunnyDay|[upkeep]\n|upkeep\n|\n|t:|1783820043\n|switch|p1a: Gastrodon|Gastrodon, M|100/100\n|turn|4\n|\n|t:|1783820046\n|move|p2a: Ceruledge|Solar Blade||[still]\n|-prepare|p2a: Ceruledge|Solar Blade\n|-anim|p2a: Ceruledge|Solar Blade|p1a: Gastrodon\n|-supereffective|p1a: Gastrodon\n|-damage|p1a: Gastrodon|0 fnt\n|-damage|p2a: Ceruledge|84/100|[from] item: Rocky Helmet|[of] p1a: Gastrodon\n|faint|p1a: Gastrodon\n|\n|-weather|SunnyDay|[upkeep]\n|upkeep\n|\n|t:|1783820053\n|switch|p1a: Dragonite|Dragonite, M|100/100\n|turn|5\n|\n|t:|1783820065\n|switch|p2a: Great Tusk|Great Tusk|100/100\n|-activate|p2a: Great Tusk|ability: Protosynthesis\n|-start|p2a: Great Tusk|protosynthesisatk\n|move|p1a: Dragonite|Dragon Dance|p1a: Dragonite\n|-boost|p1a: Dragonite|atk|1\n|-boost|p1a: Dragonite|spe|1\n|\n|-weather|SunnyDay|[upkeep]\n|upkeep\n|turn|6\n|\n|t:|1783820074\n|move|p1a: Dragonite|Ice Spinner|p2a: Great Tusk\n|-supereffective|p2a: Great Tusk\n|-damage|p2a: Great Tusk|31/100\n|move|p2a: Great Tusk|Ice Spinner|p1a: Dragonite\n|-supereffective|p1a: Dragonite\n|-damage|p1a: Dragonite|19/100\n|\n|-weather|SunnyDay|[upkeep]\n|upkeep\n|turn|7\n|\n|t:|1783820088\n|move|p1a: Dragonite|Ice Spinner|p2a: Great Tusk\n|-supereffective|p2a: Great Tusk\n|-damage|p2a: Great Tusk|0 fnt\n|faint|p2a: Great Tusk\n|-end|p2a: Great Tusk|Protosynthesis|[silent]\n|\n|-weather|SunnyDay|[upkeep]\n|upkeep\n|\n|t:|1783820091\n|switch|p2a: Ceruledge|Ceruledge, M|84/100\n|turn|8\n|\n|t:|1783820094\n|move|p2a: Ceruledge|Shadow Sneak|p1a: Dragonite\n|-damage|p1a: Dragonite|0 fnt\n|faint|p1a: Dragonite\n|\n|-weather|none\n|upkeep\n|\n|t:|1783820099\n|switch|p1a: Bisharp|Bisharp, F|100/100\n|turn|9\n|\n|t:|1783820113\n|-terastallize|p2a: Ceruledge|Grass\n|move|p1a: Bisharp|Sucker Punch|p2a: Ceruledge\n|-damage|p2a: Ceruledge|29/100\n|-ability|p2a: Ceruledge|Weak Armor|boost\n|-unboost|p2a: Ceruledge|def|1\n|-boost|p2a: Ceruledge|spe|2\n|move|p2a: Ceruledge|Bitter Blade|p1a: Bisharp\n|-supereffective|p1a: Bisharp\n|-damage|p1a: Bisharp|30/100\n|-heal|p2a: Ceruledge|70/100|[from] drain|[of] p1a: Bisharp\n|\n|upkeep\n|turn|10\n|\n|t:|1783820140\n|move|p1a: Bisharp|Sucker Punch||[still]\n|-fail|p1a: Bisharp\n|move|p2a: Ceruledge|Swords Dance|p2a: Ceruledge\n|-boost|p2a: Ceruledge|atk|2\n|\n|upkeep\n|turn|11\n|\n|t:|1783820147\n|move|p2a: Ceruledge|Shadow Sneak|p1a: Bisharp\n|-resisted|p1a: Bisharp\n|-damage|p1a: Bisharp|14/100\n|move|p1a: Bisharp|Iron Head|p2a: Ceruledge\n|-damage|p2a: Ceruledge|0 fnt\n|faint|p2a: Ceruledge\n|\n|upkeep\n|\n|t:|1783820159\n|switch|p2a: Lokix|Lokix, F|100/100\n|turn|12\n|\n|t:|1783820174\n|switch|p1a: Numel|Numel, F|100/100\n|move|p2a: Lokix|First Impression|p1a: Numel\n|-resisted|p1a: Numel\n|-damage|p1a: Numel|26/100\n|\n|upkeep\n|turn|13\n|\n|t:|1783820182\n|move|p2a: Lokix|Knock Off|p1a: Numel\n|-damage|p1a: Numel|0 fnt\n|-enditem|p1a: Numel|Eviolite|[from] move: Knock Off|[of] p2a: Lokix\n|faint|p1a: Numel\n|\n|upkeep\n|l|☆vithsos\n|player|p1|\n|inactive|Battle timer is ON: inactive players will automatically lose when time's up. (requested by joy smile yay)\n|inactive|vithsos has 30 seconds to reconnect!\n|inactive|vithsos has 20 seconds to reconnect!\n|inactive|vithsos has 15 seconds to reconnect!\n|inactive|vithsos has 10 seconds to reconnect!\n|inactive|vithsos has 5 seconds to reconnect!\n|-message|vithsos lost due to inactivity.\n|\n|win|joy smile yay\n|raw|vithsos's rating: 1099 &rarr; <strong>1074</strong><br />(-25 for losing)\n|raw|joy smile yay's rating: 1099 &rarr; <strong>1124</strong><br />(+25 for winning)\n|j|☆vithsos\n|player|p1|vithsos|lass-gen4|\n|l|☆vithsos\n|player|p1|\n|l|☆joy smile yay\n|player|p2|\n", "uploadtime": 1783820575, "views": 11, "formatid": "gen9ou", "rating": 1074, "private": 0, "password": null}