{"id": "gen9ou-2647715356", "format": "[Gen 9] OU", "players": ["adfjnalhdfb", "esta man oe"], "log": "|j|☆adfjnalhdfb\n|j|☆esta man oe\n|t:|1783800666\n|gametype|singles\n|player|p1|adfjnalhdfb|2|1346\n|player|p2|esta man oe|preschooler|1360\n|gen|9\n|tier|[Gen 9] OU\n|rated|\n|rule|HP Percentage Mod: HP is shown in percentages\n|rule|Endless Battle Clause: Forcing endless battles is banned\n|rule|Species Clause: Limit one of each Pokémon\n|rule|OHKO Clause: OHKO moves are banned\n|rule|Evasion Items Clause: Evasion items are banned\n|rule|Evasion Moves Clause: Evasion moves are banned\n|rule|Evasion Abilities Clause: Evasion abilities are banned\n|rule|Sleep Moves Clause: Sleep-inducing moves are banned\n|clearpoke\n|poke|p1|Arboliva, M|\n|poke|p1|Ninetales, F|\n|poke|p1|Great Tusk|\n|poke|p1|Walking Wake|\n|poke|p1|Hatterene, F|\n|poke|p1|Iron Moth|\n|poke|p2|Ogerpon-Wellspring, F|\n|poke|p2|Heatran, M|\n|poke|p2|Goodra-Hisui, F|\n|poke|p2|Thundurus-Therian, M|\n|poke|p2|Orthworm, M|\n|poke|p2|Grimmsnarl, M|\n|teampreview\n|inactive|Battle timer is ON: inactive players will automatically lose when time's up. (requested by esta man oe)\n|\n|t:|1783800678\n|teamsize|p1|6\n|teamsize|p2|6\n|start\n|switch|p1a: Ninetales|Ninetales, F|100/100\n|switch|p2a: Grimmsnarl|Grimmsnarl, M|100/100\n|-weather|SunnyDay|[from] ability: Drought|[of] p1a: Ninetales\n|turn|1\n|\n|t:|1783800688\n|switch|p1a: Arboliva|Arboliva, M|100/100\n|move|p2a: Grimmsnarl|Light Screen|p2a: Grimmsnarl\n|-sidestart|p2: esta man oe|move: Light Screen\n|\n|-weather|SunnyDay|[upkeep]\n|upkeep\n|turn|2\n|\n|t:|1783800692\n|move|p2a: Grimmsnarl|Reflect|p2a: Grimmsnarl\n|-sidestart|p2: esta man oe|Reflect\n|move|p1a: Arboliva|Growth|p1a: Arboliva\n|-boost|p1a: Arboliva|atk|2\n|-boost|p1a: Arboliva|spa|2\n|\n|-weather|SunnyDay|[upkeep]\n|upkeep\n|turn|3\n|\n|t:|1783800696\n|move|p2a: Grimmsnarl|Parting Shot|p1a: Arboliva\n|-unboost|p1a: Arboliva|atk|1\n|-unboost|p1a: Arboliva|spa|1\n|\n|t:|1783800698\n|switch|p2a: Goodra|Goodra-Hisui, F|100/100|[from] Parting Shot\n|move|p1a: Arboliva|Growth|p1a: Arboliva\n|-boost|p1a: Arboliva|atk|2\n|-boost|p1a: Arboliva|spa|2\n|\n|-weather|SunnyDay|[upkeep]\n|upkeep\n|turn|4\n|\n|t:|1783800715\n|move|p2a: Goodra|Fire Blast|p1a: Arboliva\n|-supereffective|p1a: Arboliva\n|-damage|p1a: Arboliva|9/100\n|move|p1a: Arboliva|Weather Ball|p2a: Goodra\n|-damage|p2a: Goodra|69/100\n|\n|-weather|SunnyDay|[upkeep]\n|upkeep\n|turn|5\n|-enditem|p1a: Arboliva|Custap Berry|[eat]\n|-activate|p1a: Arboliva|item: Custap Berry|[consumed]\n|\n|t:|1783800729\n|move|p1a: Arboliva|Weather Ball|p2a: Goodra\n|-damage|p2a: Goodra|37/100\n|move|p2a: Goodra|Dragon Pulse|p1a: Arboliva\n|-damage|p1a: Arboliva|0 fnt\n|faint|p1a: Arboliva\n|\n|-weather|SunnyDay|[upkeep]\n|upkeep\n|\n|t:|1783800738\n|switch|p1a: Walking Wake|Walking Wake|100/100\n|-activate|p1a: Walking Wake|ability: Protosynthesis\n|-start|p1a: Walking Wake|protosynthesisspa\n|turn|6\n|\n|t:|1783800749\n|move|p1a: Walking Wake|Draco Meteor|p2a: Goodra\n|-damage|p2a: Goodra|5/100\n|-unboost|p1a: Walking Wake|spa|2\n|move|p2a: Goodra|Dragon Pulse|p1a: Walking Wake\n|-supereffective|p1a: Walking Wake\n|-damage|p1a: Walking Wake|0 fnt\n|faint|p1a: Walking Wake\n|-end|p1a: Walking Wake|Protosynthesis|[silent]\n|\n|-weather|SunnyDay|[upkeep]\n|upkeep\n|\n|t:|1783800762\n|switch|p1a: Iron Moth|Iron Moth|100/100\n|-enditem|p1a: Iron Moth|Booster Energy\n|-activate|p1a: Iron Moth|ability: Quark Drive|[fromitem]\n|-start|p1a: Iron Moth|quarkdrivespe\n|turn|7\n|\n|t:|1783800766\n|switch|p2a: Heatran|Heatran, M|100/100\n|move|p1a: Iron Moth|Fiery Dance|p2a: Heatran\n|-start|p2a: Heatran|ability: Flash Fire\n|\n|-weather|SunnyDay|[upkeep]\n|upkeep\n|turn|8\n|-message|adfjnalhdfb forfeited.\n|\n|win|esta man oe\n|raw|adfjnalhdfb's rating: 1346 &rarr; <strong>1327</strong><br />(-19 for losing)\n|raw|esta man oe's rating: 1360 &rarr; <strong>1379</strong><br />(+19 for winning)\n|l|☆adfjnalhdfb\n|player|p1|\n", "uploadtime": 1783800772, "views": 7, "formatid": "gen9ou", "rating": 1327, "private": 0, "password": null}