{"id": "gen9ou-2639196069", "format": "[Gen 9] OU", "players": ["flylover42", "future94"], "log": "|j|☆flylover42\n|j|☆future94\n|t:|1782432470\n|gametype|singles\n|player|p1|flylover42|lady|1415\n|player|p2|future94|emmet|1428\n|gen|9\n|tier|[Gen 9] OU\n|rated|\n|rule|HP Percentage Mod: HP is shown in percentages\n|rule|Endless Battle Clause: Forcing endless battles is banned\n|rule|Species Clause: Limit one of each Pokémon\n|rule|OHKO Clause: OHKO moves are banned\n|rule|Evasion Items Clause: Evasion items are banned\n|rule|Evasion Moves Clause: Evasion moves are banned\n|rule|Evasion Abilities Clause: Evasion abilities are banned\n|rule|Sleep Moves Clause: Sleep-inducing moves are banned\n|clearpoke\n|poke|p1|Iron Treads|\n|poke|p1|Iron Crown|\n|poke|p1|Raichu-Alola, M|\n|poke|p1|Iron Valiant|\n|poke|p1|Raging Bolt|\n|poke|p1|Iron Moth|\n|poke|p2|Ninetales, M|\n|poke|p2|Walking Wake|\n|poke|p2|Cinderace, M|\n|poke|p2|Great Tusk|\n|poke|p2|Cresselia, F|\n|poke|p2|Hatterene, F|\n|teampreview\n|\n|t:|1782432482\n|teamsize|p1|6\n|teamsize|p2|6\n|start\n|switch|p1a: Iron Treads|Iron Treads|100/100\n|switch|p2a: Ninetales|Ninetales, M, shiny|100/100\n|-weather|SunnyDay|[from] ability: Drought|[of] p2a: Ninetales\n|turn|1\n|inactive|Battle timer is ON: inactive players will automatically lose when time's up. (requested by future94)\n|\n|t:|1782432494\n|switch|p2a: Hatterene|Hatterene, F|100/100\n|move|p1a: Iron Treads|Electric Terrain|p1a: Iron Treads\n|-fieldstart|move: Electric Terrain\n|-activate|p1a: Iron Treads|ability: Quark Drive\n|-start|p1a: Iron Treads|quarkdrivedef\n|\n|-weather|SunnyDay|[upkeep]\n|upkeep\n|turn|2\n|\n|t:|1782432503\n|switch|p2a: Cinderace|Cinderace, M|100/100\n|move|p1a: Iron Treads|Volt Switch|p2a: Cinderace\n|-crit|p2a: Cinderace\n|-damage|p2a: Cinderace|74/100\n|\n|t:|1782432506\n|-end|p1a: Iron Treads|Quark Drive|[silent]\n|switch|p1a: Raichu|Raichu-Alola, M|100/100|[from] Volt Switch\n|\n|-weather|SunnyDay|[upkeep]\n|upkeep\n|turn|3\n|\n|t:|1782432513\n|switch|p2a: Great Tusk|Great Tusk|100/100\n|-activate|p2a: Great Tusk|ability: Protosynthesis\n|-start|p2a: Great Tusk|protosynthesisatk\n|move|p1a: Raichu|Thunderbolt|p2a: Great Tusk\n|-immune|p2a: Great Tusk\n|\n|-weather|SunnyDay|[upkeep]\n|upkeep\n|turn|4\n|\n|t:|1782432522\n|-end|p2a: Great Tusk|Protosynthesis|[silent]\n|switch|p2a: Hatterene|Hatterene, F|100/100\n|move|p1a: Raichu|Psyshock|p2a: Hatterene\n|-resisted|p2a: Hatterene\n|-damage|p2a: Hatterene|72/100\n|-damage|p1a: Raichu|91/100|[from] item: Life Orb\n|\n|-weather|SunnyDay|[upkeep]\n|upkeep\n|turn|5\n|\n|t:|1782432530\n|move|p1a: Raichu|Nasty Plot|p1a: Raichu\n|-boost|p1a: Raichu|spa|2\n|move|p2a: Hatterene|Mystical Fire|p1a: Raichu\n|-damage|p1a: Raichu|28/100\n|-unboost|p1a: Raichu|spa|1\n|\n|-weather|SunnyDay|[upkeep]\n|upkeep\n|turn|6\n|\n|t:|1782432537\n|move|p1a: Raichu|Thunderbolt|p2a: Hatterene\n|-damage|p2a: Hatterene|8/100\n|-damage|p1a: Raichu|18/100|[from] item: Life Orb\n|move|p2a: Hatterene|Draining Kiss|p1a: Raichu\n|-damage|p1a: Raichu|0 fnt\n|-heal|p2a: Hatterene|19/100|[from] drain|[of] p1a: Raichu\n|faint|p1a: Raichu\n|\n|-weather|SunnyDay|[upkeep]\n|upkeep\n|\n|t:|1782432546\n|switch|p1a: Raging Bolt|Raging Bolt|100/100\n|-activate|p1a: Raging Bolt|ability: Protosynthesis\n|-start|p1a: Raging Bolt|protosynthesisspa\n|turn|7\n|\n|t:|1782432554\n|move|p1a: Raging Bolt|Rising Voltage|p2a: Hatterene\n|-hint|Rising Voltage's BP doubled on grounded target.\n|-damage|p2a: Hatterene|0 fnt\n|faint|p2a: Hatterene\n|\n|-weather|SunnyDay|[upkeep]\n|upkeep\n|\n|t:|1782432559\n|switch|p2a: Great Tusk|Great Tusk|100/100\n|-activate|p2a: Great Tusk|ability: Protosynthesis\n|-start|p2a: Great Tusk|protosynthesisatk\n|turn|8\n|\n|t:|1782432564\n|move|p2a: Great Tusk|Headlong Rush|p1a: Raging Bolt\n|-supereffective|p1a: Raging Bolt\n|-damage|p1a: Raging Bolt|0 fnt\n|-unboost|p2a: Great Tusk|def|1\n|-unboost|p2a: Great Tusk|spd|1\n|faint|p1a: Raging Bolt\n|-end|p1a: Raging Bolt|Protosynthesis|[silent]\n|\n|-weather|none\n|-end|p2a: Great Tusk|Protosynthesis\n|-fieldend|move: Electric Terrain\n|upkeep\n|\n|t:|1782432567\n|switch|p1a: Iron Treads|Iron Treads|100/100\n|turn|9\n|\n|t:|1782432573\n|move|p2a: Great Tusk|Headlong Rush|p1a: Iron Treads\n|-supereffective|p1a: Iron Treads\n|-damage|p1a: Iron Treads|9/100\n|-unboost|p2a: Great Tusk|def|1\n|-unboost|p2a: Great Tusk|spd|1\n|move|p1a: Iron Treads|Electric Terrain|p1a: Iron Treads\n|-fieldstart|move: Electric Terrain\n|-activate|p1a: Iron Treads|ability: Quark Drive\n|-start|p1a: Iron Treads|quarkdrivedef\n|\n|upkeep\n|turn|10\n|\n|t:|1782432585\n|move|p2a: Great Tusk|Rapid Spin|p1a: Iron Treads\n|-resisted|p1a: Iron Treads\n|-damage|p1a: Iron Treads|4/100\n|-boost|p2a: Great Tusk|spe|1\n|move|p1a: Iron Treads|Earthquake|p2a: Great Tusk\n|-damage|p2a: Great Tusk|46/100\n|\n|-heal|p2a: Great Tusk|53/100|[from] item: Leftovers\n|upkeep\n|turn|11\n|\n|t:|1782432592\n|move|p2a: Great Tusk|Rapid Spin|p1a: Iron Treads\n|-resisted|p1a: Iron Treads\n|-damage|p1a: Iron Treads|0 fnt\n|-boost|p2a: Great Tusk|spe|1\n|faint|p1a: Iron Treads\n|-end|p1a: Iron Treads|Quark Drive|[silent]\n|\n|-heal|p2a: Great Tusk|59/100|[from] item: Leftovers\n|upkeep\n|\n|t:|1782432599\n|switch|p1a: Iron Valiant|Iron Valiant|100/100\n|-activate|p1a: Iron Valiant|ability: Quark Drive\n|-start|p1a: Iron Valiant|quarkdrivespe\n|turn|12\n|\n|t:|1782432605\n|move|p2a: Great Tusk|Headlong Rush|p1a: Iron Valiant\n|-damage|p1a: Iron Valiant|12/100\n|-unboost|p2a: Great Tusk|def|1\n|-unboost|p2a: Great Tusk|spd|1\n|move|p1a: Iron Valiant|Ice Punch|p2a: Great Tusk\n|-supereffective|p2a: Great Tusk\n|-damage|p2a: Great Tusk|0 fnt\n|faint|p2a: Great Tusk\n|-end|p2a: Great Tusk|Protosynthesis|[silent]\n|-damage|p1a: Iron Valiant|3/100|[from] item: Life Orb\n|\n|upkeep\n|\n|t:|1782432615\n|switch|p2a: Cinderace|Cinderace, M|74/100\n|turn|13\n|\n|t:|1782432618\n|move|p1a: Iron Valiant|Close Combat|p2a: Cinderace\n|-damage|p2a: Cinderace|0 fnt\n|-unboost|p1a: Iron Valiant|def|1\n|-unboost|p1a: Iron Valiant|spd|1\n|faint|p2a: Cinderace\n|-damage|p1a: Iron Valiant|0 fnt|[from] item: Life Orb\n|faint|p1a: Iron Valiant\n|-end|p1a: Iron Valiant|Quark Drive|[silent]\n|\n|upkeep\n|\n|t:|1782432637\n|switch|p2a: Walking Wake|Walking Wake|100/100\n|switch|p1a: Iron Moth|Iron Moth|100/100\n|-activate|p1a: Iron Moth|ability: Quark Drive\n|-start|p1a: Iron Moth|quarkdrivespa\n|turn|14\n|\n|t:|1782432646\n|-terastallize|p1a: Iron Moth|Fairy\n|move|p1a: Iron Moth|Sludge Wave|p2a: Walking Wake\n|-damage|p2a: Walking Wake|0 fnt\n|faint|p2a: Walking Wake\n|-end|p2a: Walking Wake|Protosynthesis|[silent]\n|\n|upkeep\n|\n|t:|1782432652\n|switch|p2a: Cresselia|Cresselia, F|100/100\n|turn|15\n|\n|t:|1782432655\n|-terastallize|p2a: Cresselia|Poison\n|move|p1a: Iron Moth|Sludge Wave|p2a: Cresselia\n|-resisted|p2a: Cresselia\n|-damage|p2a: Cresselia|65/100\n|move|p2a: Cresselia|Calm Mind|p2a: Cresselia\n|-boost|p2a: Cresselia|spa|1\n|-boost|p2a: Cresselia|spd|1\n|\n|upkeep\n|turn|16\n|\n|t:|1782432662\n|-end|p1a: Iron Moth|Quark Drive|[silent]\n|switch|p1a: Iron Crown|Iron Crown|100/100\n|-activate|p1a: Iron Crown|ability: Quark Drive\n|-start|p1a: Iron Crown|quarkdrivespa\n|move|p2a: Cresselia|Calm Mind|p2a: Cresselia\n|-boost|p2a: Cresselia|spa|1\n|-boost|p2a: Cresselia|spd|1\n|\n|-fieldend|move: Electric Terrain\n|-end|p1a: Iron Crown|Quark Drive\n|upkeep\n|turn|17\n|\n|t:|1782432678\n|move|p1a: Iron Crown|Psyshock|p2a: Cresselia\n|-supereffective|p2a: Cresselia\n|-damage|p2a: Cresselia|1/100\n|move|p2a: Cresselia|Moonlight|p2a: Cresselia\n|-heal|p2a: Cresselia|51/100\n|\n|upkeep\n|turn|18\n|\n|t:|1782432685\n|switch|p2a: Ninetales|Ninetales, M, shiny|100/100\n|-weather|SunnyDay|[from] ability: Drought|[of] p2a: Ninetales\n|move|p1a: Iron Crown|Psyshock|p2a: Ninetales\n|-damage|p2a: Ninetales|20/100\n|\n|-weather|SunnyDay|[upkeep]\n|upkeep\n|turn|19\n|-message|future94 forfeited.\n|\n|win|flylover42\n|raw|flylover42's rating: 1415 &rarr; <strong>1436</strong><br />(+21 for winning)\n|raw|future94's rating: 1428 &rarr; <strong>1407</strong><br />(-21 for losing)\n|l|☆future94\n|player|p2|\n|l|☆flylover42\n|player|p1|\n", "uploadtime": 1782432963, "views": 12, "formatid": "gen9ou", "rating": 1407, "private": 0, "password": null}