{"id": "gen9ou-2647780273", "format": "[Gen 9] OU", "players": ["dennyexp", "ace1700"], "log": "|j|☆dennyexp\n|j|☆ace1700\n|t:|1783811333\n|gametype|singles\n|player|p1|dennyexp|marshal|1187\n|player|p2|ace1700|169|1147\n|gen|9\n|tier|[Gen 9] OU\n|rated|\n|rule|HP Percentage Mod: HP is shown in percentages\n|rule|Endless Battle Clause: Forcing endless battles is banned\n|rule|Species Clause: Limit one of each Pokémon\n|rule|OHKO Clause: OHKO moves are banned\n|rule|Evasion Items Clause: Evasion items are banned\n|rule|Evasion Moves Clause: Evasion moves are banned\n|rule|Evasion Abilities Clause: Evasion abilities are banned\n|rule|Sleep Moves Clause: Sleep-inducing moves are banned\n|clearpoke\n|poke|p1|Meowscarada, F|\n|poke|p1|Conkeldurr, M|\n|poke|p1|Decidueye-Hisui, M|\n|poke|p1|Quaquaval, F|\n|poke|p1|Braviary-Hisui, M|\n|poke|p1|Grafaiai, M|\n|poke|p2|Pelipper, M|\n|poke|p2|Barraskewda, F|\n|poke|p2|Beartic, M|\n|poke|p2|Gastrodon, F|\n|poke|p2|Politoed, M|\n|poke|p2|Kingdra, F|\n|teampreview\n|\n|t:|1783811345\n|teamsize|p1|6\n|teamsize|p2|6\n|start\n|switch|p1a: THE CRONK|Conkeldurr, M, shiny|100/100\n|switch|p2a: rain boy|Pelipper, M, shiny|100/100\n|-weather|RainDance|[from] ability: Drizzle|[of] p2a: rain boy\n|turn|1\n|\n|t:|1783811351\n|-terastallize|p1a: THE CRONK|Steel\n|move|p2a: rain boy|Hurricane|p1a: THE CRONK\n|-resisted|p1a: THE CRONK\n|-damage|p1a: THE CRONK|78/100\n|-start|p1a: THE CRONK|confusion\n|-activate|p1a: THE CRONK|confusion\n|move|p1a: THE CRONK|Thunder Punch|p2a: rain boy\n|-supereffective|p2a: rain boy\n|-damage|p2a: rain boy|0 fnt\n|faint|p2a: rain boy\n|\n|-weather|RainDance|[upkeep]\n|upkeep\n|\n|t:|1783811365\n|switch|p2a: Barraskewda|Barraskewda, F|100/100\n|turn|2\n|\n|t:|1783811370\n|switch|p1a: USA|Braviary-Hisui, M, shiny|100/100\n|move|p2a: Barraskewda|Liquidation|p1a: USA\n|-damage|p1a: USA|0 fnt\n|faint|p1a: USA\n|\n|-weather|RainDance|[upkeep]\n|upkeep\n|\n|t:|1783811378\n|switch|p1a: Mi YAO|Meowscarada, F, shiny|100/100\n|turn|3\n|\n|t:|1783811398\n|switch|p2a: Beartic|Beartic, M|100/100\n|move|p1a: Mi YAO|Flower Trick|p2a: Beartic\n|-start|p1a: Mi YAO|typechange|Grass|[from] ability: Protean\n|-crit|p2a: Beartic\n|-damage|p2a: Beartic|14/100\n|\n|-weather|RainDance|[upkeep]\n|upkeep\n|turn|4\n|\n|t:|1783811408\n|move|p2a: Beartic|Ice Punch|p1a: Mi YAO\n|-supereffective|p1a: Mi YAO\n|-damage|p1a: Mi YAO|0 fnt\n|faint|p1a: Mi YAO\n|\n|-weather|RainDance|[upkeep]\n|upkeep\n|inactive|Battle timer is ON: inactive players will automatically lose when time's up. (requested by dennyexp)\n|\n|t:|1783811416\n|switch|p1a: That's Quazy|Quaquaval, F|100/100\n|turn|5\n|\n|t:|1783811430\n|switch|p2a: Gastrodon|Gastrodon, F|100/100\n|move|p1a: That's Quazy|Aqua Step|p2a: Gastrodon\n|-ability|p2a: Gastrodon|Storm Drain|boost\n|-boost|p2a: Gastrodon|spa|1\n|\n|-weather|RainDance|[upkeep]\n|upkeep\n|turn|6\n|\n|t:|1783811443\n|switch|p1a: Grafaiai|Grafaiai, M, shiny|100/100\n|move|p2a: Gastrodon|Sludge Bomb|p1a: Grafaiai\n|-resisted|p1a: Grafaiai\n|-damage|p1a: Grafaiai|81/100\n|\n|-weather|RainDance|[upkeep]\n|upkeep\n|turn|7\n|\n|t:|1783811452\n|move|p1a: Grafaiai|Toxic|p2a: Gastrodon\n|-status|p2a: Gastrodon|tox\n|move|p2a: Gastrodon|Earth Power|p1a: Grafaiai\n|-supereffective|p1a: Grafaiai\n|-damage|p1a: Grafaiai|0 fnt\n|faint|p1a: Grafaiai\n|\n|-weather|RainDance|[upkeep]\n|-damage|p2a: Gastrodon|94/100 tox|[from] psn\n|upkeep\n|\n|t:|1783811459\n|switch|p1a: OVO|Decidueye-Hisui, M, shiny|100/100\n|turn|8\n|\n|t:|1783811467\n|-terastallize|p2a: Gastrodon|Fire\n|move|p1a: OVO|Bulk Up|p1a: OVO\n|-boost|p1a: OVO|atk|1\n|-boost|p1a: OVO|def|1\n|move|p2a: Gastrodon|Sludge Bomb|p1a: OVO\n|-supereffective|p1a: OVO\n|-damage|p1a: OVO|27/100\n|\n|-weather|none\n|-damage|p2a: Gastrodon|82/100 tox|[from] psn\n|upkeep\n|turn|9\n|\n|t:|1783811479\n|move|p1a: OVO|Triple Arrows|p2a: Gastrodon\n|-damage|p2a: Gastrodon|0 fnt\n|faint|p2a: Gastrodon\n|\n|upkeep\n|\n|t:|1783811486\n|switch|p2a: Beartic|Beartic, M|14/100\n|turn|10\n|\n|t:|1783811494\n|move|p1a: OVO|Shadow Sneak|p2a: Beartic\n|-damage|p2a: Beartic|0 fnt\n|faint|p2a: Beartic\n|\n|upkeep\n|\n|t:|1783811500\n|switch|p2a: Politoed|Politoed, M|100/100\n|-weather|RainDance|[from] ability: Drizzle|[of] p2a: Politoed\n|turn|11\n|\n|t:|1783811508\n|move|p2a: Politoed|Protect|p2a: Politoed\n|-singleturn|p2a: Politoed|Protect\n|move|p1a: OVO|Triple Arrows|p2a: Politoed\n|-activate|p2a: Politoed|move: Protect\n|\n|-weather|RainDance|[upkeep]\n|upkeep\n|turn|12\n|\n|t:|1783811519\n|switch|p2a: Barraskewda|Barraskewda, F|100/100\n|move|p1a: OVO|Triple Arrows|p2a: Barraskewda\n|-damage|p2a: Barraskewda|0 fnt\n|faint|p2a: Barraskewda\n|\n|-weather|RainDance|[upkeep]\n|upkeep\n|\n|t:|1783811529\n|switch|p2a: Kingdra|Kingdra, F, shiny|100/100\n|turn|13\n|\n|t:|1783811535\n|move|p2a: Kingdra|Draco Meteor|p1a: OVO\n|-damage|p1a: OVO|0 fnt\n|-unboost|p2a: Kingdra|spa|2\n|faint|p1a: OVO\n|\n|-weather|RainDance|[upkeep]\n|upkeep\n|\n|t:|1783811539\n|switch|p1a: THE CRONK|Conkeldurr, M, shiny, tera:Steel|78/100\n|turn|14\n|\n|t:|1783811550\n|move|p2a: Kingdra|Surf|p1a: THE CRONK\n|-damage|p1a: THE CRONK|33/100\n|move|p1a: THE CRONK|Thunder Punch|p2a: Kingdra\n|-damage|p2a: Kingdra|48/100\n|\n|-weather|RainDance|[upkeep]\n|upkeep\n|turn|15\n|\n|t:|1783811559\n|move|p1a: THE CRONK|Mach Punch|p2a: Kingdra\n|-damage|p2a: Kingdra|10/100\n|move|p2a: Kingdra|Surf|p1a: THE CRONK\n|-damage|p1a: THE CRONK|0 fnt\n|faint|p1a: THE CRONK\n|\n|-weather|RainDance|[upkeep]\n|upkeep\n|\n|t:|1783811564\n|switch|p1a: That's Quazy|Quaquaval, F|100/100\n|turn|16\n|\n|t:|1783811581\n|switch|p2a: Politoed|Politoed, M|100/100\n|move|p1a: That's Quazy|Brick Break|p2a: Politoed\n|-damage|p2a: Politoed|61/100\n|\n|-weather|RainDance|[upkeep]\n|upkeep\n|turn|17\n|\n|t:|1783811591\n|move|p1a: That's Quazy|Brick Break|p2a: Politoed\n|-crit|p2a: Politoed\n|-damage|p2a: Politoed|0 fnt\n|faint|p2a: Politoed\n|-ability|p1a: That's Quazy|Moxie|boost\n|-boost|p1a: That's Quazy|atk|1\n|\n|-weather|RainDance|[upkeep]\n|upkeep\n|-message|ace1700 forfeited.\n|\n|win|dennyexp\n|raw|dennyexp's rating: 1187 &rarr; <strong>1209</strong><br />(+22 for winning)\n|raw|ace1700's rating: 1147 &rarr; <strong>1125</strong><br />(-22 for losing)\n|l|☆ace1700\n|player|p2|\n|l|☆dennyexp\n|player|p1|\n", "uploadtime": 1783811866, "views": 5, "formatid": "gen9ou", "rating": 1125, "private": 0, "password": null}