{"id": "gen9ou-2639920730", "format": "[Gen 9] OU", "players": ["Blood soaked fangs", "yesterdaymister"], "log": "|j|‽Blood soaked fangs\n|j|☆yesterdaymister\n|t:|1782543727\n|gametype|singles\n|player|p1|Blood soaked fangs|pokemonrangerf-gen4|1728\n|player|p2|yesterdaymister|striker|1789\n|gen|9\n|tier|[Gen 9] OU\n|rated|\n|rule|HP Percentage Mod: HP is shown in percentages\n|rule|Endless Battle Clause: Forcing endless battles is banned\n|rule|Species Clause: Limit one of each Pokémon\n|rule|OHKO Clause: OHKO moves are banned\n|rule|Evasion Items Clause: Evasion items are banned\n|rule|Evasion Moves Clause: Evasion moves are banned\n|rule|Evasion Abilities Clause: Evasion abilities are banned\n|rule|Sleep Moves Clause: Sleep-inducing moves are banned\n|clearpoke\n|poke|p1|Ninetales-Alola, M|\n|poke|p1|Klefki, F|\n|poke|p1|Maushold-Four|\n|poke|p1|Latias, F|\n|poke|p1|Okidogi, M|\n|poke|p1|Ogerpon-Wellspring, F|\n|poke|p2|Ninetales, F|\n|poke|p2|Ceruledge, M|\n|poke|p2|Venusaur, F|\n|poke|p2|Hatterene, F|\n|poke|p2|Great Tusk|\n|poke|p2|Walking Wake|\n|teampreview\n|inactive|Battle timer is ON: inactive players will automatically lose when time's up. (requested by yesterdaymister)\n|\n|t:|1782543731\n|teamsize|p1|6\n|teamsize|p2|6\n|start\n|switch|p1a: Klefki|Klefki, F|100/100\n|switch|p2a: arda guler|Ninetales, F|100/100\n|-weather|SunnyDay|[from] ability: Drought|[of] p2a: arda guler\n|turn|1\n|\n|t:|1782543736\n|move|p1a: Klefki|Light Screen|p1a: Klefki\n|-sidestart|p1: Blood soaked fangs|move: Light Screen\n|move|p2a: arda guler|Encore|p1a: Klefki\n|-start|p1a: Klefki|Encore\n|\n|-weather|SunnyDay|[upkeep]\n|upkeep\n|turn|2\n|\n|t:|1782543738\n|switch|p2a: lebron|Ceruledge, M|100/100\n|switch|p1a: Ninetales|Ninetales-Alola, M|100/100\n|-weather|Snowscape|[from] ability: Snow Warning|[of] p1a: Ninetales\n|\n|-weather|Snowscape|[upkeep]\n|upkeep\n|turn|3\n|\n|t:|1782543748\n|switch|p2a: arda guler|Ninetales, F|100/100\n|-weather|SunnyDay|[from] ability: Drought|[of] p2a: arda guler\n|move|p1a: Ninetales|Aurora Veil||[still]\n|-fail|p1a: Ninetales\n|\n|-weather|SunnyDay|[upkeep]\n|upkeep\n|turn|4\n|\n|t:|1782543752\n|switch|p1a: Latias|Latias, F|100/100\n|switch|p2a: lebron|Ceruledge, M|100/100\n|\n|-weather|SunnyDay|[upkeep]\n|upkeep\n|turn|5\n|\n|t:|1782543758\n|switch|p1a: Maushold|Maushold-Four|100/100\n|move|p2a: lebron|Poltergeist|p1a: Maushold\n|-immune|p1a: Maushold\n|\n|-weather|SunnyDay|[upkeep]\n|upkeep\n|turn|6\n|\n|t:|1782543761\n|move|p2a: lebron|Bitter Blade|p1a: Maushold\n|-damage|p1a: Maushold|15/100\n|move|p1a: Maushold|Encore|p2a: lebron\n|-start|p2a: lebron|Encore\n|\n|-weather|SunnyDay|[upkeep]\n|upkeep\n|turn|7\n|\n|t:|1782543766\n|switch|p1a: Latias|Latias, F|100/100\n|move|p2a: lebron|Bitter Blade|p1a: Latias\n|-resisted|p1a: Latias\n|-damage|p1a: Latias|68/100\n|\n|-weather|SunnyDay|[upkeep]\n|upkeep\n|turn|8\n|\n|t:|1782543769\n|switch|p2a: maccabi|Hatterene, F|100/100\n|move|p1a: Latias|Agility|p1a: Latias\n|-boost|p1a: Latias|spe|2\n|\n|-weather|SunnyDay|[upkeep]\n|-sideend|p1: Blood soaked fangs|move: Light Screen\n|upkeep\n|turn|9\n|\n|t:|1782543771\n|move|p1a: Latias|Calm Mind|p1a: Latias\n|-boost|p1a: Latias|spa|1\n|-boost|p1a: Latias|spd|1\n|move|p2a: maccabi|Dazzling Gleam|p1a: Latias\n|-supereffective|p1a: Latias\n|-damage|p1a: Latias|25/100\n|-enditem|p1a: Latias|Weakness Policy\n|-boost|p1a: Latias|atk|2|[from] item: Weakness Policy\n|-boost|p1a: Latias|spa|2|[from] item: Weakness Policy\n|\n|-weather|SunnyDay|[upkeep]\n|upkeep\n|turn|10\n|\n|t:|1782543773\n|move|p1a: Latias|Stored Power|p2a: maccabi\n|-resisted|p2a: maccabi\n|-damage|p2a: maccabi|0 fnt\n|faint|p2a: maccabi\n|\n|-weather|none\n|upkeep\n|\n|t:|1782543776\n|switch|p2a: lebron|Ceruledge, M|100/100\n|turn|11\n|\n|t:|1782543782\n|-terastallize|p1a: Latias|Steel\n|move|p2a: lebron|Shadow Sneak|p1a: Latias\n|-damage|p1a: Latias|5/100\n|move|p1a: Latias|Stored Power|p2a: lebron\n|-enditem|p2a: lebron|Focus Sash\n|-damage|p2a: lebron|1/100\n|\n|upkeep\n|turn|12\n|\n|t:|1782543786\n|switch|p1a: Maushold|Maushold-Four|15/100\n|move|p2a: lebron|Shadow Sneak|p1a: Maushold\n|-immune|p1a: Maushold\n|\n|upkeep\n|turn|13\n|\n|t:|1782543791\n|switch|p2a: mignolet|Great Tusk|100/100\n|move|p1a: Maushold|Bite|p2a: mignolet\n|-resisted|p2a: mignolet\n|-damage|p2a: mignolet|93/100\n|-damage|p1a: Maushold|0 fnt|[from] item: Rocky Helmet|[of] p2a: mignolet\n|faint|p1a: Maushold\n|\n|upkeep\n|\n|t:|1782543795\n|switch|p1a: Ogerpon|Ogerpon-Wellspring, F|100/100\n|turn|14\n|\n|t:|1782543800\n|move|p2a: mignolet|Stealth Rock|p1a: Ogerpon\n|-sidestart|p1: Blood soaked fangs|move: Stealth Rock\n|move|p1a: Ogerpon|Swords Dance|p1a: Ogerpon\n|-boost|p1a: Ogerpon|atk|2\n|\n|upkeep\n|turn|15\n|\n|t:|1782543805\n|-end|p2a: mignolet|Protosynthesis|[silent]\n|switch|p2a: lebron|Ceruledge, M|1/100\n|move|p1a: Ogerpon|Trailblaze|p2a: lebron\n|-resisted|p2a: lebron\n|-damage|p2a: lebron|0 fnt\n|-boost|p1a: Ogerpon|spe|1\n|faint|p2a: lebron\n|\n|upkeep\n|\n|t:|1782543807\n|switch|p2a: arda guler|Ninetales, F|100/100\n|-weather|SunnyDay|[from] ability: Drought|[of] p2a: arda guler\n|turn|16\n|\n|t:|1782543827\n|switch|p2a: mignolet|Great Tusk|93/100\n|-activate|p2a: mignolet|ability: Protosynthesis\n|-start|p2a: mignolet|protosynthesisspe\n|move|p1a: Ogerpon|Trailblaze|p2a: mignolet\n|-supereffective|p2a: mignolet\n|-damage|p2a: mignolet|14/100\n|-boost|p1a: Ogerpon|spe|1\n|-damage|p1a: Ogerpon|84/100|[from] item: Rocky Helmet|[of] p2a: mignolet\n|\n|-weather|SunnyDay|[upkeep]\n|upkeep\n|turn|17\n|j| gocyyy\n|\n|t:|1782543838\n|-end|p2a: mignolet|Protosynthesis|[silent]\n|switch|p2a: hans vanaken|Venusaur, F|100/100\n|move|p1a: Ogerpon|Swords Dance|p1a: Ogerpon\n|-boost|p1a: Ogerpon|atk|2\n|\n|-weather|SunnyDay|[upkeep]\n|upkeep\n|turn|18\n|\n|t:|1782543847\n|move|p1a: Ogerpon|Ivy Cudgel|p2a: hans vanaken|[anim] Ivy Cudgel Water\n|-resisted|p2a: hans vanaken\n|-damage|p2a: hans vanaken|36/100\n|move|p2a: hans vanaken|Sludge Bomb|p1a: Ogerpon\n|-supereffective|p1a: Ogerpon\n|-damage|p1a: Ogerpon|0 fnt\n|faint|p1a: Ogerpon\n|-damage|p2a: hans vanaken|26/100|[from] item: Life Orb\n|\n|-weather|SunnyDay|[upkeep]\n|upkeep\n|\n|t:|1782543853\n|switch|p1a: Klefki|Klefki, F|100/100\n|-damage|p1a: Klefki|94/100|[from] Stealth Rock\n|turn|19\n|\n|t:|1782543855\n|move|p1a: Klefki|Light Screen|p1a: Klefki\n|-sidestart|p1: Blood soaked fangs|move: Light Screen\n|move|p2a: hans vanaken|Weather Ball|p1a: Klefki\n|-supereffective|p1a: Klefki\n|-damage|p1a: Klefki|24/100\n|-damage|p2a: hans vanaken|16/100|[from] item: Life Orb\n|\n|-weather|SunnyDay|[upkeep]\n|upkeep\n|turn|20\n|\n|t:|1782543859\n|move|p1a: Klefki|Thunder Wave|p2a: hans vanaken|[miss]\n|-miss|p1a: Klefki|p2a: hans vanaken\n|move|p2a: hans vanaken|Weather Ball|p1a: Klefki\n|-supereffective|p1a: Klefki\n|-damage|p1a: Klefki|0 fnt\n|faint|p1a: Klefki\n|-damage|p2a: hans vanaken|6/100|[from] item: Life Orb\n|\n|-weather|SunnyDay|[upkeep]\n|upkeep\n|\n|t:|1782543865\n|switch|p1a: Ninetales|Ninetales-Alola, M|100/100\n|-damage|p1a: Ninetales|76/100|[from] Stealth Rock\n|-weather|Snowscape|[from] ability: Snow Warning|[of] p1a: Ninetales\n|turn|21\n|\n|t:|1782543869\n|switch|p1a: Latias|Latias, F, tera:Steel|5/100\n|-damage|p1a: Latias|0 fnt|[from] Stealth Rock\n|faint|p1a: Latias\n|switch|p2a: arda guler|Ninetales, F|100/100\n|-weather|SunnyDay|[from] ability: Drought|[of] p2a: arda guler\n|\n|-weather|SunnyDay|[upkeep]\n|upkeep\n|\n|t:|1782543870\n|switch|p1a: Ninetales|Ninetales-Alola, M|76/100\n|-damage|p1a: Ninetales|51/100|[from] Stealth Rock\n|-weather|Snowscape|[from] ability: Snow Warning|[of] p1a: Ninetales\n|turn|22\n|\n|t:|1782543877\n|switch|p2a: mignolet|Great Tusk|14/100\n|move|p1a: Ninetales|Aurora Veil|p1a: Ninetales\n|-sidestart|p1: Blood soaked fangs|move: Aurora Veil\n|\n|-weather|Snowscape|[upkeep]\n|upkeep\n|turn|23\n|\n|t:|1782543880\n|-end|p2a: mignolet|Protosynthesis|[silent]\n|switch|p2a: arda guler|Ninetales, F|100/100\n|-weather|SunnyDay|[from] ability: Drought|[of] p2a: arda guler\n|move|p1a: Ninetales|Freeze-Dry|p2a: arda guler\n|-resisted|p2a: arda guler\n|-damage|p2a: arda guler|91/100\n|\n|-weather|SunnyDay|[upkeep]\n|upkeep\n|turn|24\n|\n|t:|1782543884\n|switch|p2a: mignolet|Great Tusk|14/100\n|-activate|p2a: mignolet|ability: Protosynthesis\n|-start|p2a: mignolet|protosynthesisspe\n|move|p1a: Ninetales|Freeze-Dry|p2a: mignolet\n|-supereffective|p2a: mignolet\n|-damage|p2a: mignolet|0 fnt\n|faint|p2a: mignolet\n|-end|p2a: mignolet|Protosynthesis|[silent]\n|\n|-weather|SunnyDay|[upkeep]\n|upkeep\n|\n|t:|1782543897\n|switch|p2a: hans vanaken|Venusaur, F|6/100\n|turn|25\n|\n|t:|1782543902\n|move|p2a: hans vanaken|Weather Ball|p1a: Ninetales\n|-supereffective|p1a: Ninetales\n|-damage|p1a: Ninetales|0 fnt\n|faint|p1a: Ninetales\n|-damage|p2a: hans vanaken|0 fnt|[from] item: Life Orb\n|faint|p2a: hans vanaken\n|\n|-weather|SunnyDay|[upkeep]\n|upkeep\n|\n|t:|1782543908\n|switch|p1a: Okidogi|Okidogi, M|100/100\n|switch|p2a: chama|Walking Wake|100/100\n|-damage|p1a: Okidogi|94/100|[from] Stealth Rock\n|-activate|p2a: chama|ability: Protosynthesis\n|-start|p2a: chama|protosynthesisspa\n|turn|26\n|\n|t:|1782543912\n|-terastallize|p2a: chama|Water\n|move|p2a: chama|Hydro Steam|p1a: Okidogi\n|-damage|p1a: Okidogi|12/100\n|move|p1a: Okidogi|Knock Off|p2a: chama\n|-damage|p2a: chama|60/100\n|-enditem|p2a: chama|Choice Specs|[from] move: Knock Off|[of] p1a: Okidogi\n|\n|-weather|SunnyDay|[upkeep]\n|-heal|p1a: Okidogi|18/100|[from] item: Leftovers\n|-sideend|p1: Blood soaked fangs|move: Light Screen\n|upkeep\n|turn|27\n|\n|t:|1782543918\n|move|p2a: chama|Hydro Steam|p1a: Okidogi\n|-damage|p1a: Okidogi|0 fnt\n|faint|p1a: Okidogi\n|\n|win|yesterdaymister\n|raw|Blood soaked fangs's rating: 1728 &rarr; <strong>1711</strong><br />(-17 for losing)\n|raw|yesterdaymister's rating: 1789 &rarr; <strong>1806</strong><br />(+17 for winning)\n|l|‽Blood soaked fangs\n|player|p1|\n|l|☆yesterdaymister\n|player|p2|\n", "uploadtime": 1782544152, "views": 12, "formatid": "gen9ou", "rating": 1711, "private": 0, "password": null}