{"id": "gen9ou-2647772931", "format": "[Gen 9] OU", "players": ["schmoepesci", "underrated battler"], "log": "|j|☆schmoepesci\n|j|☆underrated battler\n|t:|1783810041\n|gametype|singles\n|player|p1|schmoepesci|iris-gen5bw2|\n|player|p2|underrated battler|yancy|\n|gen|9\n|tier|[Gen 9] OU\n|rule|HP Percentage Mod: HP is shown in percentages\n|rule|Endless Battle Clause: Forcing endless battles is banned\n|rule|Species Clause: Limit one of each Pokémon\n|rule|OHKO Clause: OHKO moves are banned\n|rule|Evasion Items Clause: Evasion items are banned\n|rule|Evasion Moves Clause: Evasion moves are banned\n|rule|Evasion Abilities Clause: Evasion abilities are banned\n|rule|Sleep Moves Clause: Sleep-inducing moves are banned\n|clearpoke\n|poke|p1|Porygon-Z|\n|poke|p1|Mandibuzz, F|\n|poke|p1|Rotom-Wash|\n|poke|p1|Dragapult, M|\n|poke|p1|Excadrill, F|\n|poke|p1|Scizor, F|\n|poke|p2|Hippowdon, M|\n|poke|p2|Ogerpon-Cornerstone, F|\n|poke|p2|Vileplume, M|\n|poke|p2|Lanturn, M|\n|poke|p2|Scream Tail|\n|poke|p2|Regidrago|\n|teampreview\n|inactive|Battle timer is ON: inactive players will automatically lose when time's up. (requested by underrated battler)\n|j| PokeFAC\n|inactive|schmoepesci has 270 seconds left.\n|\n|t:|1783810085\n|teamsize|p1|6\n|teamsize|p2|6\n|start\n|switch|p1a: Rotom|Rotom-Wash|100/100\n|switch|p2a: Hippowdon|Hippowdon, M|100/100\n|-weather|Sandstorm|[from] ability: Sand Stream|[of] p2a: Hippowdon\n|turn|1\n|\n|t:|1783810116\n|move|p1a: Rotom|Will-O-Wisp|p2a: Hippowdon\n|-status|p2a: Hippowdon|brn\n|move|p2a: Hippowdon|Stealth Rock|p1a: Rotom\n|-sidestart|p1: schmoepesci|move: Stealth Rock\n|\n|-weather|Sandstorm|[upkeep]\n|-damage|p1a: Rotom|94/100|[from] Sandstorm\n|-heal|p1a: Rotom|100/100|[from] item: Leftovers\n|-damage|p2a: Hippowdon|94/100 brn|[from] brn\n|upkeep\n|turn|2\n|inactive|underrated battler has 270 seconds left.\n|\n|t:|1783810136\n|switch|p2a: Scream Tail|Scream Tail|100/100\n|move|p1a: Rotom|Volt Switch|p2a: Scream Tail\n|-damage|p2a: Scream Tail|83/100\n|\n|t:|1783810144\n|switch|p1a: Excadrill|Excadrill, F|100/100|[from] Volt Switch\n|\n|-weather|Sandstorm|[upkeep]\n|-damage|p2a: Scream Tail|76/100|[from] Sandstorm\n|-heal|p2a: Scream Tail|83/100|[from] item: Leftovers\n|upkeep\n|turn|3\n|inactive|underrated battler has 270 seconds left.\n|\n|t:|1783810160\n|-end|p2a: Scream Tail|Protosynthesis|[silent]\n|switch|p2a: Vileplume|Vileplume, M|100/100\n|move|p1a: Excadrill|Iron Head|p2a: Vileplume\n|-damage|p2a: Vileplume|62/100\n|-damage|p1a: Excadrill|84/100|[from] item: Rocky Helmet|[of] p2a: Vileplume\n|\n|-weather|Sandstorm|[upkeep]\n|-damage|p2a: Vileplume|56/100|[from] Sandstorm\n|upkeep\n|turn|4\n|inactive|underrated battler has 270 seconds left.\n|\n|t:|1783810167\n|move|p1a: Excadrill|Earthquake|p2a: Vileplume\n|-damage|p2a: Vileplume|14/100\n|move|p2a: Vileplume|Strength Sap|p1a: Excadrill\n|-unboost|p1a: Excadrill|atk|1\n|-heal|p2a: Vileplume|100/100\n|\n|-weather|Sandstorm|[upkeep]\n|-damage|p2a: Vileplume|94/100|[from] Sandstorm\n|upkeep\n|turn|5\n|inactive|underrated battler has 270 seconds left.\n|c| PokeFAC|sleep powder rn\n|\n|t:|1783810191\n|switch|p1a: Mandibuzz|Mandibuzz, F|100/100\n|move|p2a: Vileplume|Strength Sap|p1a: Mandibuzz\n|-unboost|p1a: Mandibuzz|atk|1\n|-heal|p2a: Vileplume|100/100\n|\n|-weather|none\n|upkeep\n|turn|6\n|inactive|underrated battler has 270 seconds left.\n|inactive|underrated battler has 240 seconds left.\n|\n|t:|1783810233\n|switch|p2a: Hippowdon|Hippowdon, M|94/100 brn\n|-weather|Sandstorm|[from] ability: Sand Stream|[of] p2a: Hippowdon\n|move|p1a: Mandibuzz|Knock Off|p2a: Hippowdon\n|-damage|p2a: Hippowdon|86/100 brn\n|-enditem|p2a: Hippowdon|Leftovers|[from] move: Knock Off|[of] p1a: Mandibuzz\n|\n|-weather|Sandstorm|[upkeep]\n|-damage|p1a: Mandibuzz|94/100|[from] Sandstorm\n|-damage|p2a: Hippowdon|80/100 brn|[from] brn\n|upkeep\n|turn|7\n|\n|t:|1783810240\n|move|p1a: Mandibuzz|U-turn|p2a: Hippowdon\n|-damage|p2a: Hippowdon|77/100 brn\n|\n|t:|1783810244\n|switch|p1a: Rotom|Rotom-Wash|100/100|[from] U-turn\n|-damage|p1a: Rotom|88/100|[from] Stealth Rock\n|move|p2a: Hippowdon|Body Press|p1a: Rotom\n|-damage|p1a: Rotom|76/100\n|\n|-weather|Sandstorm|[upkeep]\n|-damage|p1a: Rotom|70/100|[from] Sandstorm\n|-heal|p1a: Rotom|76/100|[from] item: Leftovers\n|-damage|p2a: Hippowdon|71/100 brn|[from] brn\n|upkeep\n|turn|8\n|inactive|underrated battler has 240 seconds left.\n|inactive|underrated battler has 210 seconds left.\n|\n|t:|1783810295\n|switch|p2a: Lanturn|Lanturn, M|100/100\n|move|p1a: Rotom|Hydro Pump|p2a: Lanturn\n|-immune|p2a: Lanturn|[from] ability: Water Absorb\n|\n|-weather|Sandstorm|[upkeep]\n|-damage|p1a: Rotom|70/100|[from] Sandstorm\n|-damage|p2a: Lanturn|94/100|[from] Sandstorm\n|-heal|p1a: Rotom|76/100|[from] item: Leftovers\n|upkeep\n|turn|9\n|\n|t:|1783810304\n|move|p1a: Rotom|Pain Split|p2a: Lanturn\n|-sethp|p2a: Lanturn|73/100|[from] move: Pain Split|[silent]\n|-sethp|p1a: Rotom|100/100|[from] move: Pain Split\n|move|p2a: Lanturn|Scald|p1a: Rotom\n|-resisted|p1a: Rotom\n|-damage|p1a: Rotom|88/100\n|\n|-weather|Sandstorm|[upkeep]\n|-damage|p1a: Rotom|81/100|[from] Sandstorm\n|-damage|p2a: Lanturn|66/100|[from] Sandstorm\n|-heal|p1a: Rotom|88/100|[from] item: Leftovers\n|upkeep\n|turn|10\n|inactive|underrated battler has 210 seconds left.\n|inactive|schmoepesci has 270 seconds left.\n|\n|t:|1783810345\n|move|p1a: Rotom|Volt Switch|p2a: Lanturn\n|-damage|p2a: Lanturn|53/100\n|inactive|schmoepesci has 270 seconds left.\n|\n|t:|1783810351\n|switch|p1a: Dragapult|Dragapult, M|100/100|[from] Volt Switch\n|move|p2a: Lanturn|Discharge|p1a: Dragapult\n|-resisted|p1a: Dragapult\n|-damage|p1a: Dragapult|81/100\n|\n|-weather|none\n|upkeep\n|turn|11\n|inactive|schmoepesci has 270 seconds left.\n|\n|t:|1783810366\n|switch|p2a: Vileplume|Vileplume, M|100/100\n|move|p1a: Dragapult|Will-O-Wisp|p2a: Vileplume\n|-status|p2a: Vileplume|brn\n|\n|-damage|p2a: Vileplume|94/100 brn|[from] brn\n|upkeep\n|turn|12\n|inactive|schmoepesci has 270 seconds left.\n|\n|t:|1783810378\n|switch|p1a: Mandibuzz|Mandibuzz, F|94/100\n|move|p2a: Vileplume|Strength Sap|p1a: Mandibuzz\n|-unboost|p1a: Mandibuzz|atk|1\n|-heal|p2a: Vileplume|100/100 brn\n|\n|-damage|p2a: Vileplume|94/100 brn|[from] brn\n|upkeep\n|turn|13\n|inactive|schmoepesci has 270 seconds left.\n|\n|t:|1783810400\n|switch|p2a: Scream Tail|Scream Tail|83/100\n|move|p1a: Mandibuzz|Hurricane|p2a: Scream Tail|[miss]\n|-miss|p1a: Mandibuzz|p2a: Scream Tail\n|\n|-heal|p2a: Scream Tail|89/100|[from] item: Leftovers\n|upkeep\n|turn|14\n|inactive|schmoepesci has 270 seconds left.\n|\n|t:|1783810423\n|switch|p1a: Rotom|Rotom-Wash|88/100\n|-damage|p1a: Rotom|75/100|[from] Stealth Rock\n|move|p2a: Scream Tail|Wish|p2a: Scream Tail\n|\n|-heal|p2a: Scream Tail|95/100|[from] item: Leftovers\n|-heal|p1a: Rotom|81/100|[from] item: Leftovers\n|upkeep\n|turn|15\n|\n|t:|1783810433\n|-end|p2a: Scream Tail|Protosynthesis|[silent]\n|switch|p2a: Lanturn|Lanturn, M|53/100\n|move|p1a: Rotom|Volt Switch|p2a: Lanturn\n|-damage|p2a: Lanturn|39/100\n|\n|t:|1783810444\n|switch|p1a: Porygon-Z|Porygon-Z|100/100|[from] Volt Switch\n|-damage|p1a: Porygon-Z|88/100|[from] Stealth Rock\n|\n|-heal|p2a: Lanturn|87/100|[from] move: Wish|[wisher] Scream Tail\n|upkeep\n|turn|16\n|inactive|underrated battler has 210 seconds left.\n|\n|t:|1783810453\n|move|p1a: Porygon-Z|Hyper Beam|p2a: Lanturn\n|-damage|p2a: Lanturn|4/100\n|-mustrecharge|p1a: Porygon-Z\n|move|p2a: Lanturn|Volt Switch|p1a: Porygon-Z\n|-damage|p1a: Porygon-Z|55/100\n|inactive|underrated battler has 210 seconds left.\n|\n|t:|1783810464\n|switch|p2a: Regidrago|Regidrago|100/100|[from] Volt Switch\n|\n|upkeep\n|turn|17\n|\n|t:|1783810468\n|cant|p1a: Porygon-Z|recharge\n|move|p2a: Regidrago|Dragon Dance|p2a: Regidrago\n|-boost|p2a: Regidrago|atk|1\n|-boost|p2a: Regidrago|spe|1\n|\n|upkeep\n|turn|18\n|\n|t:|1783810472\n|move|p2a: Regidrago|Scale Shot|p1a: Porygon-Z\n|-damage|p1a: Porygon-Z|12/100\n|-damage|p1a: Porygon-Z|0 fnt\n|faint|p1a: Porygon-Z\n|-hitcount|p1: Porygon-Z|2\n|-unboost|p2a: Regidrago|def|1\n|-boost|p2a: Regidrago|spe|1\n|\n|upkeep\n|\n|t:|1783810483\n|switch|p1a: Rotom|Rotom-Wash|81/100\n|-damage|p1a: Rotom|69/100|[from] Stealth Rock\n|turn|19\n|\n|t:|1783810497\n|-terastallize|p2a: Regidrago|Dragon\n|move|p2a: Regidrago|Scale Shot|p1a: Rotom\n|-damage|p1a: Rotom|38/100\n|-damage|p1a: Rotom|12/100\n|-damage|p1a: Rotom|0 fnt\n|faint|p1a: Rotom\n|-hitcount|p1: Rotom|3\n|-unboost|p2a: Regidrago|def|1\n|-boost|p2a: Regidrago|spe|1\n|\n|upkeep\n|\n|t:|1783810507\n|switch|p1a: Mandibuzz|Mandibuzz, F|94/100\n|turn|20\n|inactive|underrated battler has 240 seconds left.\n|\n|t:|1783810517\n|switch|p2a: Hippowdon|Hippowdon, M|71/100 brn\n|-weather|Sandstorm|[from] ability: Sand Stream|[of] p2a: Hippowdon\n|-terastallize|p1a: Mandibuzz|Steel\n|move|p1a: Mandibuzz|Knock Off|p2a: Hippowdon\n|-damage|p2a: Hippowdon|63/100 brn\n|\n|-weather|Sandstorm|[upkeep]\n|-damage|p2a: Hippowdon|57/100 brn|[from] brn\n|upkeep\n|turn|21\n|inactive|underrated battler has 240 seconds left.\n|\n|t:|1783810526\n|move|p1a: Mandibuzz|U-turn|p2a: Hippowdon\n|-damage|p2a: Hippowdon|51/100 brn\n|\n|t:|1783810528\n|switch|p1a: Dragapult|Dragapult, M|81/100|[from] U-turn\n|move|p2a: Hippowdon|Earthquake|p1a: Dragapult\n|-damage|p1a: Dragapult|56/100\n|\n|-weather|Sandstorm|[upkeep]\n|-damage|p1a: Dragapult|50/100|[from] Sandstorm\n|-damage|p2a: Hippowdon|45/100 brn|[from] brn\n|upkeep\n|turn|22\n|\n|t:|1783810535\n|move|p1a: Dragapult|Hex|p2a: Hippowdon\n|-damage|p2a: Hippowdon|0 fnt\n|faint|p2a: Hippowdon\n|\n|-weather|Sandstorm|[upkeep]\n|-damage|p1a: Dragapult|44/100|[from] Sandstorm\n|upkeep\n|\n|t:|1783810542\n|switch|p2a: Scream Tail|Scream Tail|95/100\n|turn|23\n|inactive|underrated battler has 240 seconds left.\n|l| PokeFAC\n|\n|t:|1783810564\n|move|p1a: Dragapult|U-turn|p2a: Scream Tail\n|-damage|p2a: Scream Tail|80/100\n|\n|t:|1783810567\n|switch|p1a: Mandibuzz|Mandibuzz, F, tera:Steel|94/100|[from] U-turn\n|move|p2a: Scream Tail|Dazzling Gleam|p1a: Mandibuzz\n|-resisted|p1a: Mandibuzz\n|-damage|p1a: Mandibuzz|87/100\n|\n|-weather|Sandstorm|[upkeep]\n|-damage|p2a: Scream Tail|74/100|[from] Sandstorm\n|-heal|p2a: Scream Tail|80/100|[from] item: Leftovers\n|upkeep\n|turn|24\n|\n|t:|1783810571\n|move|p2a: Scream Tail|Thunder Wave|p1a: Mandibuzz\n|-status|p1a: Mandibuzz|par\n|move|p1a: Mandibuzz|U-turn|p2a: Scream Tail\n|-damage|p2a: Scream Tail|72/100\n|\n|t:|1783810576\n|switch|p1a: Excadrill|Excadrill, F|84/100|[from] U-turn\n|\n|-weather|none\n|-heal|p2a: Scream Tail|78/100|[from] item: Leftovers\n|upkeep\n|turn|25\n|\n|t:|1783810597\n|-end|p2a: Scream Tail|Protosynthesis|[silent]\n|switch|p2a: Lanturn|Lanturn, M|4/100\n|move|p1a: Excadrill|Stealth Rock|p2a: Lanturn\n|-sidestart|p2: underrated battler|move: Stealth Rock\n|\n|upkeep\n|turn|26\n|\n|t:|1783810603\n|move|p1a: Excadrill|Rapid Spin|p2a: Lanturn\n|-damage|p2a: Lanturn|0 fnt\n|-boost|p1a: Excadrill|spe|1\n|-sideend|p1: schmoepesci|Stealth Rock|[from] move: Rapid Spin|[of] p1a: Excadrill\n|faint|p2a: Lanturn\n|\n|upkeep\n|\n|t:|1783810606\n|switch|p2a: Vileplume|Vileplume, M|94/100 brn\n|-damage|p2a: Vileplume|82/100 brn|[from] Stealth Rock\n|turn|27\n|\n|t:|1783810610\n|switch|p1a: Mandibuzz|Mandibuzz, F, tera:Steel|87/100 par\n|move|p2a: Vileplume|Strength Sap|p1a: Mandibuzz\n|-unboost|p1a: Mandibuzz|atk|1\n|-heal|p2a: Vileplume|100/100 brn\n|\n|-damage|p2a: Vileplume|94/100 brn|[from] brn\n|upkeep\n|turn|28\n|inactive|underrated battler has 270 seconds left.\n|\n|t:|1783810631\n|move|p2a: Vileplume|Leech Seed|p1a: Mandibuzz\n|-start|p1a: Mandibuzz|move: Leech Seed\n|move|p1a: Mandibuzz|Knock Off|p2a: Vileplume\n|-damage|p2a: Vileplume|83/100 brn\n|-damage|p1a: Mandibuzz|70/100 par|[from] item: Rocky Helmet|[of] p2a: Vileplume\n|-enditem|p2a: Vileplume|Rocky Helmet|[from] move: Knock Off|[of] p1a: Mandibuzz\n|\n|-damage|p1a: Mandibuzz|58/100 par|[from] Leech Seed|[of] p2a: Vileplume\n|-heal|p2a: Vileplume|98/100 brn|[silent]\n|-damage|p2a: Vileplume|92/100 brn|[from] brn\n|upkeep\n|turn|29\n|inactive|underrated battler has 270 seconds left.\n|\n|t:|1783810643\n|switch|p2a: Scream Tail|Scream Tail|78/100\n|-damage|p2a: Scream Tail|66/100|[from] Stealth Rock\n|move|p1a: Mandibuzz|U-turn|p2a: Scream Tail\n|-damage|p2a: Scream Tail|60/100\n|\n|t:|1783810657\n|switch|p1a: Excadrill|Excadrill, F|84/100|[from] U-turn\n|\n|-heal|p2a: Scream Tail|67/100|[from] item: Leftovers\n|upkeep\n|turn|30\n|\n|t:|1783810669\n|switch|p1a: Mandibuzz|Mandibuzz, F, tera:Steel|58/100 par\n|move|p2a: Scream Tail|Wish|p2a: Scream Tail\n|\n|-heal|p2a: Scream Tail|73/100|[from] item: Leftovers\n|upkeep\n|turn|31\n|\n|t:|1783810690\n|-end|p2a: Scream Tail|Protosynthesis|[silent]\n|switch|p2a: Ogerpon|Ogerpon-Cornerstone, F|100/100\n|-damage|p2a: Ogerpon|88/100|[from] Stealth Rock\n|move|p1a: Mandibuzz|Roost|p1a: Mandibuzz\n|-heal|p1a: Mandibuzz|100/100 par\n|\n|-heal|p2a: Ogerpon|100/100|[from] move: Wish|[wisher] Scream Tail\n|upkeep\n|turn|32\n|\n|t:|1783810697\n|move|p2a: Ogerpon|Swords Dance|p2a: Ogerpon\n|-boost|p2a: Ogerpon|atk|2\n|move|p1a: Mandibuzz|U-turn|p2a: Ogerpon\n|-supereffective|p2a: Ogerpon\n|-damage|p2a: Ogerpon|71/100\n|\n|t:|1783810703\n|switch|p1a: Dragapult|Dragapult, M|44/100|[from] U-turn\n|\n|upkeep\n|turn|33\n|\n|t:|1783810706\n|move|p1a: Dragapult|Will-O-Wisp|p2a: Ogerpon\n|-status|p2a: Ogerpon|brn\n|move|p2a: Ogerpon|Ivy Cudgel|p1a: Dragapult|[anim] Ivy Cudgel Rock\n|-damage|p1a: Dragapult|0 fnt\n|faint|p1a: Dragapult\n|\n|-damage|p2a: Ogerpon|65/100 brn|[from] brn\n|upkeep\n|\n|t:|1783810716\n|switch|p1a: Excadrill|Excadrill, F|84/100\n|turn|34\n|\n|t:|1783810739\n|move|p2a: Ogerpon|Low Kick|p1a: Excadrill\n|-supereffective|p1a: Excadrill\n|-damage|p1a: Excadrill|17/100\n|move|p1a: Excadrill|Rapid Spin|p2a: Ogerpon\n|-resisted|p2a: Ogerpon\n|-damage|p2a: Ogerpon|53/100 brn\n|-boost|p1a: Excadrill|spe|1\n|\n|-damage|p2a: Ogerpon|47/100 brn|[from] brn\n|upkeep\n|turn|35\n|\n|t:|1783810746\n|move|p1a: Excadrill|Iron Head|p2a: Ogerpon\n|-supereffective|p2a: Ogerpon\n|-damage|p2a: Ogerpon|0 fnt\n|faint|p2a: Ogerpon\n|\n|upkeep\n|\n|t:|1783810768\n|switch|p2a: Vileplume|Vileplume, M|92/100 brn\n|-damage|p2a: Vileplume|79/100 brn|[from] Stealth Rock\n|turn|36\n|\n|t:|1783810773\n|move|p1a: Excadrill|Iron Head|p2a: Vileplume\n|-damage|p2a: Vileplume|39/100 brn\n|-status|p1a: Excadrill|par|[from] ability: Effect Spore|[of] p2a: Vileplume\n|move|p2a: Vileplume|Strength Sap|p1a: Excadrill\n|-unboost|p1a: Excadrill|atk|1\n|-heal|p2a: Vileplume|100/100 brn\n|\n|-damage|p2a: Vileplume|94/100 brn|[from] brn\n|upkeep\n|turn|37\n|\n|t:|1783810785\n|move|p1a: Excadrill|Rapid Spin|p2a: Vileplume\n|-damage|p2a: Vileplume|83/100 brn\n|-boost|p1a: Excadrill|spe|1\n|move|p2a: Vileplume|Giga Drain|p1a: Excadrill\n|-damage|p1a: Excadrill|0 fnt\n|-heal|p2a: Vileplume|92/100 brn|[from] drain|[of] p1a: Excadrill\n|faint|p1a: Excadrill\n|\n|-damage|p2a: Vileplume|86/100 brn|[from] brn\n|upkeep\n|\n|t:|1783810787\n|switch|p1a: Mandibuzz|Mandibuzz, F, tera:Steel|100/100 par\n|turn|38\n|\n|t:|1783810791\n|move|p2a: Vileplume|Leech Seed|p1a: Mandibuzz\n|-start|p1a: Mandibuzz|move: Leech Seed\n|move|p1a: Mandibuzz|Hurricane|p2a: Vileplume\n|-supereffective|p2a: Vileplume\n|-damage|p2a: Vileplume|36/100 brn\n|\n|-damage|p1a: Mandibuzz|88/100 par|[from] Leech Seed|[of] p2a: Vileplume\n|-heal|p2a: Vileplume|51/100 brn|[silent]\n|-damage|p2a: Vileplume|45/100 brn|[from] brn\n|upkeep\n|turn|39\n|\n|t:|1783810800\n|move|p2a: Vileplume|Strength Sap|p1a: Mandibuzz\n|-unboost|p1a: Mandibuzz|atk|1\n|-heal|p2a: Vileplume|87/100 brn\n|move|p1a: Mandibuzz|Hurricane|p2a: Vileplume\n|-supereffective|p2a: Vileplume\n|-damage|p2a: Vileplume|39/100 brn\n|\n|-damage|p1a: Mandibuzz|75/100 par|[from] Leech Seed|[of] p2a: Vileplume\n|-heal|p2a: Vileplume|54/100 brn|[silent]\n|-damage|p2a: Vileplume|48/100 brn|[from] brn\n|upkeep\n|turn|40\n|j| Skoonjili\n|\n|t:|1783810806\n|move|p2a: Vileplume|Strength Sap|p1a: Mandibuzz\n|-unboost|p1a: Mandibuzz|atk|1\n|-heal|p2a: Vileplume|76/100 brn\n|move|p1a: Mandibuzz|Hurricane|p2a: Vileplume\n|-supereffective|p2a: Vileplume\n|-damage|p2a: Vileplume|26/100 brn\n|-start|p2a: Vileplume|confusion\n|\n|-damage|p1a: Mandibuzz|63/100 par|[from] Leech Seed|[of] p2a: Vileplume\n|-heal|p2a: Vileplume|41/100 brn|[silent]\n|-damage|p2a: Vileplume|35/100 brn|[from] brn\n|upkeep\n|turn|41\n|inactive|underrated battler has 270 seconds left.\n|inactive|underrated battler has 240 seconds left.\n|\n|t:|1783810877\n|-activate|p2a: Vileplume|confusion\n|-damage|p2a: Vileplume|30/100 brn|[from] confusion\n|move|p1a: Mandibuzz|Hurricane|p2a: Vileplume\n|-supereffective|p2a: Vileplume\n|-damage|p2a: Vileplume|0 fnt\n|faint|p2a: Vileplume\n|\n|upkeep\n|\n|t:|1783810879\n|switch|p2a: Regidrago|Regidrago, tera:Dragon|100/100\n|-damage|p2a: Regidrago|88/100|[from] Stealth Rock\n|turn|42\n|\n|t:|1783810887\n|move|p2a: Regidrago|Dragon Dance|p2a: Regidrago\n|-boost|p2a: Regidrago|atk|1\n|-boost|p2a: Regidrago|spe|1\n|cant|p1a: Mandibuzz|par\n|\n|-damage|p1a: Mandibuzz|50/100 par|[from] Leech Seed|[of] p2a: Regidrago\n|-heal|p2a: Regidrago|98/100|[silent]\n|upkeep\n|turn|43\n|\n|t:|1783810898\n|move|p2a: Regidrago|Earthquake|p1a: Mandibuzz\n|-supereffective|p1a: Mandibuzz\n|-damage|p1a: Mandibuzz|0 fnt\n|faint|p1a: Mandibuzz\n|\n|upkeep\n|\n|t:|1783810901\n|switch|p1a: Scizor|Scizor, F|100/100\n|turn|44\n|\n|t:|1783810909\n|move|p2a: Regidrago|Earthquake|p1a: Scizor\n|-damage|p1a: Scizor|52/100\n|move|p1a: Scizor|Swords Dance|p1a: Scizor\n|-boost|p1a: Scizor|atk|2\n|\n|-heal|p1a: Scizor|58/100|[from] item: Leftovers\n|upkeep\n|turn|45\n|\n|t:|1783810937\n|move|p1a: Scizor|Bullet Punch|p2a: Regidrago\n|-damage|p2a: Regidrago|21/100\n|move|p2a: Regidrago|Scale Shot|p1a: Scizor\n|-resisted|p1a: Scizor\n|-damage|p1a: Scizor|40/100\n|-resisted|p1a: Scizor\n|-damage|p1a: Scizor|21/100\n|-resisted|p1a: Scizor\n|-damage|p1a: Scizor|4/100\n|-resisted|p1a: Scizor\n|-damage|p1a: Scizor|0 fnt\n|faint|p1a: Scizor\n|-hitcount|p1: Scizor|4\n|\n|win|underrated battler\n|l| Skoonjili\n", "uploadtime": 1783810952, "views": 9, "formatid": "gen9ou", "rating": null, "private": 0, "password": null}