{"id": "gen9ou-2639959572", "format": "[Gen 9] OU", "players": ["hawkins0", "rblt ryo"], "log": "|j|☆hawkins0\n|j|☆rblt ryo\n|t:|1782552740\n|gametype|singles\n|player|p1|hawkins0|102|1755\n|player|p2|rblt ryo|grimsley-gen7|1758\n|gen|9\n|tier|[Gen 9] OU\n|rated|\n|rule|HP Percentage Mod: HP is shown in percentages\n|rule|Endless Battle Clause: Forcing endless battles is banned\n|rule|Species Clause: Limit one of each Pokémon\n|rule|OHKO Clause: OHKO moves are banned\n|rule|Evasion Items Clause: Evasion items are banned\n|rule|Evasion Moves Clause: Evasion moves are banned\n|rule|Evasion Abilities Clause: Evasion abilities are banned\n|rule|Sleep Moves Clause: Sleep-inducing moves are banned\n|clearpoke\n|poke|p1|Hoopa-Unbound|\n|poke|p1|Pecharunt|\n|poke|p1|Landorus-Therian, M|\n|poke|p1|Cinderace, M|\n|poke|p1|Alomomola, M|\n|poke|p1|Iron Valiant|\n|poke|p2|Slowking-Galar, F|\n|poke|p2|Ogerpon-Wellspring, F|\n|poke|p2|Mandibuzz, F|\n|poke|p2|Great Tusk|\n|poke|p2|Kyurem|\n|poke|p2|Cinderace, M|\n|teampreview\n|inactive|Battle timer is ON: inactive players will automatically lose when time's up. (requested by hawkins0)\n|inactive|rblt ryo has 120 seconds left.\n|\n|t:|1782552800\n|teamsize|p1|6\n|teamsize|p2|6\n|start\n|switch|p1a: Calamity|Iron Valiant, shiny|100/100\n|switch|p2a: Cinderace|Cinderace, M|100/100\n|turn|1\n|\n|t:|1782552820\n|-end|p1a: Calamity|Quark Drive|[silent]\n|switch|p1a: Overseer|Pecharunt|100/100\n|move|p2a: Cinderace|U-turn|p1a: Overseer\n|-start|p2a: Cinderace|typechange|Bug|[from] ability: Libero\n|-resisted|p1a: Overseer\n|-damage|p1a: Overseer|97/100\n|\n|t:|1782552825\n|switch|p2a: Slowking|Slowking-Galar, F|100/100|[from] U-turn\n|\n|upkeep\n|turn|2\n|\n|t:|1782552838\n|move|p1a: Overseer|Parting Shot|p2a: Slowking\n|-unboost|p2a: Slowking|atk|1\n|-unboost|p2a: Slowking|spa|1\n|\n|t:|1782552840\n|switch|p1a: Enten|Landorus-Therian, M, shiny|100/100|[from] Parting Shot\n|-ability|p1a: Enten|Intimidate|boost\n|-unboost|p2a: Slowking|atk|1\n|move|p2a: Slowking|Sludge Bomb|p1a: Enten\n|-resisted|p1a: Enten\n|-damage|p1a: Enten|84/100\n|\n|upkeep\n|turn|3\n|\n|t:|1782552847\n|move|p1a: Enten|U-turn|p2a: Slowking\n|-damage|p2a: Slowking|82/100\n|-damage|p1a: Enten|67/100|[from] item: Rocky Helmet|[of] p2a: Slowking\n|\n|t:|1782552853\n|switch|p1a: Khaos|Hoopa-Unbound|100/100|[from] U-turn\n|move|p2a: Slowking|Sludge Bomb|p1a: Khaos\n|-damage|p1a: Khaos|80/100\n|-status|p1a: Khaos|psn\n|\n|-damage|p1a: Khaos|68/100 psn|[from] psn\n|upkeep\n|turn|4\n|j| Kathryne Keyron\n|\n|t:|1782552861\n|switch|p2a: Mandibuzz|Mandibuzz, F|100/100\n|move|p1a: Khaos|Knock Off|p2a: Mandibuzz\n|-resisted|p2a: Mandibuzz\n|-damage|p2a: Mandibuzz|74/100\n|-enditem|p2a: Mandibuzz|Heavy-Duty Boots|[from] move: Knock Off|[of] p1a: Khaos\n|\n|-damage|p1a: Khaos|56/100 psn|[from] psn\n|upkeep\n|turn|5\n|\n|t:|1782552867\n|switch|p1a: Pisces|Alomomola, M, shiny|100/100\n|move|p2a: Mandibuzz|U-turn|p1a: Pisces\n|-damage|p1a: Pisces|92/100\n|\n|t:|1782552876\n|switch|p2a: Slowking|Slowking-Galar, F|100/100|[from] U-turn\n|\n|upkeep\n|turn|6\n|\n|t:|1782552896\n|switch|p1a: Overseer|Pecharunt|97/100\n|-prepare|p2a: Slowking|Chilly Reception|[premajor]\n|move|p2a: Slowking|Chilly Reception|p2a: Slowking\n|-weather|Snowscape\n|\n|t:|1782552910\n|switch|p2a: Kyurem|Kyurem|100/100|[from] Chilly Reception\n|-ability|p2a: Kyurem|Pressure\n|\n|-weather|Snowscape|[upkeep]\n|upkeep\n|turn|7\n|\n|t:|1782552913\n|switch|p2a: Slowking|Slowking-Galar, F|100/100\n|switch|p1a: Pisces|Alomomola, M, shiny|100/100\n|\n|-weather|Snowscape|[upkeep]\n|upkeep\n|turn|8\n|\n|t:|1782552922\n|move|p1a: Pisces|Flip Turn|p2a: Slowking\n|-damage|p2a: Slowking|89/100\n|-damage|p1a: Pisces|84/100|[from] item: Rocky Helmet|[of] p2a: Slowking\n|\n|t:|1782552924\n|switch|p1a: Overseer|Pecharunt|97/100|[from] Flip Turn\n|move|p2a: Slowking|Future Sight|p1a: Overseer\n|-start|p2a: Slowking|move: Future Sight\n|\n|-weather|Snowscape|[upkeep]\n|upkeep\n|turn|9\n|\n|t:|1782552929\n|move|p1a: Overseer|Parting Shot|p2a: Slowking\n|-unboost|p2a: Slowking|atk|1\n|-unboost|p2a: Slowking|spa|1\n|\n|t:|1782552934\n|switch|p1a: Enten|Landorus-Therian, M, shiny|67/100|[from] Parting Shot\n|-ability|p1a: Enten|Intimidate|boost\n|-unboost|p2a: Slowking|atk|1\n|-prepare|p2a: Slowking|Chilly Reception|[premajor]\n|move|p2a: Slowking|Chilly Reception|p2a: Slowking\n|inactive|rblt ryo has 120 seconds left.\n|\n|t:|1782552967\n|switch|p2a: Great Tusk|Great Tusk|100/100|[from] Chilly Reception\n|\n|-weather|Snowscape|[upkeep]\n|upkeep\n|turn|10\n|\n|t:|1782552978\n|move|p1a: Enten|U-turn|p2a: Great Tusk\n|-resisted|p2a: Great Tusk\n|-damage|p2a: Great Tusk|91/100\n|\n|t:|1782552980\n|switch|p1a: Pisces|Alomomola, M, shiny|100/100|[from] U-turn\n|move|p2a: Great Tusk|Headlong Rush|p1a: Pisces\n|-crit|p1a: Pisces\n|-damage|p1a: Pisces|40/100\n|-unboost|p2a: Great Tusk|def|1\n|-unboost|p2a: Great Tusk|spd|1\n|\n|-weather|none\n|-end|p1a: Pisces|move: Future Sight\n|-damage|p1a: Pisces|14/100\n|upkeep\n|turn|11\n|\n|t:|1782552991\n|-end|p2a: Great Tusk|Protosynthesis|[silent]\n|switch|p2a: Slowking|Slowking-Galar, F|100/100\n|switch|p1a: Overseer|Pecharunt|97/100\n|\n|upkeep\n|turn|12\n|\n|t:|1782553001\n|move|p1a: Overseer|Parting Shot|p2a: Slowking\n|-unboost|p2a: Slowking|atk|1\n|-unboost|p2a: Slowking|spa|1\n|\n|t:|1782553002\n|switch|p1a: Khaos|Hoopa-Unbound|56/100 psn|[from] Parting Shot\n|move|p2a: Slowking|Future Sight|p1a: Khaos\n|-start|p2a: Slowking|move: Future Sight\n|\n|-damage|p1a: Khaos|44/100 psn|[from] psn\n|upkeep\n|turn|13\n|\n|t:|1782553005\n|switch|p2a: Mandibuzz|Mandibuzz, F|74/100\n|move|p1a: Khaos|Drain Punch|p2a: Mandibuzz\n|-damage|p2a: Mandibuzz|47/100\n|-heal|p1a: Khaos|62/100 psn|[from] drain|[of] p2a: Mandibuzz\n|\n|-damage|p1a: Khaos|50/100 psn|[from] psn\n|upkeep\n|turn|14\n|\n|t:|1782553012\n|move|p1a: Khaos|Drain Punch|p2a: Mandibuzz\n|-damage|p2a: Mandibuzz|21/100\n|-heal|p1a: Khaos|68/100 psn|[from] drain|[of] p2a: Mandibuzz\n|move|p2a: Mandibuzz|Roost|p2a: Mandibuzz\n|-heal|p2a: Mandibuzz|71/100\n|-singleturn|p2a: Mandibuzz|move: Roost\n|\n|-end|p1a: Khaos|move: Future Sight\n|-immune|p1a: Khaos\n|-damage|p1a: Khaos|55/100 psn|[from] psn\n|upkeep\n|turn|15\n|\n|t:|1782553015\n|switch|p1a: Pisces|Alomomola, M, shiny|47/100\n|move|p2a: Mandibuzz|Roost|p2a: Mandibuzz\n|-heal|p2a: Mandibuzz|100/100\n|-singleturn|p2a: Mandibuzz|move: Roost\n|\n|upkeep\n|turn|16\n|\n|t:|1782553028\n|move|p2a: Mandibuzz|U-turn|p1a: Pisces\n|-damage|p1a: Pisces|39/100\n|\n|t:|1782553030\n|switch|p2a: Slowking|Slowking-Galar, F|100/100|[from] U-turn\n|move|p1a: Pisces|Flip Turn|p2a: Slowking\n|-crit|p2a: Slowking\n|-damage|p2a: Slowking|83/100\n|-damage|p1a: Pisces|23/100|[from] item: Rocky Helmet|[of] p2a: Slowking\n|\n|t:|1782553033\n|switch|p1a: Liberacy|Cinderace, M, shiny|100/100|[from] Flip Turn\n|\n|upkeep\n|turn|17\n|\n|t:|1782553044\n|-terastallize|p1a: Liberacy|Fire\n|move|p1a: Liberacy|Pyro Ball|p2a: Slowking|[miss]\n|-miss|p1a: Liberacy|p2a: Slowking\n|-prepare|p2a: Slowking|Chilly Reception|[premajor]\n|move|p2a: Slowking|Chilly Reception|p2a: Slowking\n|-weather|Snowscape\n|\n|t:|1782553053\n|switch|p2a: Great Tusk|Great Tusk|91/100|[from] Chilly Reception\n|\n|-weather|Snowscape|[upkeep]\n|upkeep\n|turn|18\n|\n|t:|1782553056\n|move|p2a: Great Tusk|Headlong Rush|p1a: Liberacy\n|-supereffective|p1a: Liberacy\n|-damage|p1a: Liberacy|0 fnt\n|-unboost|p2a: Great Tusk|def|1\n|-unboost|p2a: Great Tusk|spd|1\n|faint|p1a: Liberacy\n|\n|-weather|Snowscape|[upkeep]\n|upkeep\n|-message|hawkins0 forfeited.\n|\n|win|rblt ryo\n|raw|hawkins0's rating: 1755 &rarr; <strong>1735</strong><br />(-20 for losing)\n|raw|rblt ryo's rating: 1758 &rarr; <strong>1778</strong><br />(+20 for winning)\n|l|☆hawkins0\n|player|p1|\n", "uploadtime": 1782553323, "views": 9, "formatid": "gen9ou", "rating": 1735, "private": 0, "password": null}