{"id": "gen9ou-2639244306", "format": "[Gen 9] OU", "players": ["flylover42", "hennyhardaway1"], "log": "|j|☆flylover42\n|j|☆hennyhardaway1\n|t:|1782439580\n|gametype|singles\n|player|p1|flylover42|lady|1350\n|player|p2|hennyhardaway1|morty|1380\n|gen|9\n|tier|[Gen 9] OU\n|rated|\n|rule|HP Percentage Mod: HP is shown in percentages\n|rule|Endless Battle Clause: Forcing endless battles is banned\n|rule|Species Clause: Limit one of each Pokémon\n|rule|OHKO Clause: OHKO moves are banned\n|rule|Evasion Items Clause: Evasion items are banned\n|rule|Evasion Moves Clause: Evasion moves are banned\n|rule|Evasion Abilities Clause: Evasion abilities are banned\n|rule|Sleep Moves Clause: Sleep-inducing moves are banned\n|clearpoke\n|poke|p1|Pincurchin, M|\n|poke|p1|Iron Crown|\n|poke|p1|Raichu-Alola, F|\n|poke|p1|Iron Valiant|\n|poke|p1|Raging Bolt|\n|poke|p1|Iron Moth|\n|poke|p2|Blaziken, F|\n|poke|p2|Alomomola, F|\n|poke|p2|Kyurem|\n|poke|p2|Corviknight, F|\n|poke|p2|Great Tusk|\n|poke|p2|Dragapult, F|\n|teampreview\n|\n|t:|1782439589\n|teamsize|p1|6\n|teamsize|p2|6\n|start\n|switch|p1a: Pincurchin|Pincurchin, M|100/100\n|switch|p2a: Blaziken|Blaziken, F, shiny|100/100\n|-fieldstart|move: Electric Terrain|[from] ability: Electric Surge|[of] p1a: Pincurchin\n|turn|1\n|\n|t:|1782439602\n|switch|p1a: Raichu|Raichu-Alola, F|100/100\n|move|p2a: Blaziken|Substitute|p2a: Blaziken\n|-start|p2a: Blaziken|Substitute\n|-damage|p2a: Blaziken|76/100\n|\n|-heal|p2a: Blaziken|82/100|[from] item: Leftovers\n|-ability|p2a: Blaziken|Speed Boost|boost\n|-boost|p2a: Blaziken|spe|1\n|upkeep\n|turn|2\n|\n|t:|1782439605\n|move|p1a: Raichu|Surf|p2a: Blaziken\n|-supereffective|p2a: Blaziken\n|-end|p2a: Blaziken|Substitute\n|-damage|p1a: Raichu|91/100|[from] item: Life Orb\n|move|p2a: Blaziken|Knock Off|p1a: Raichu\n|-supereffective|p1a: Raichu\n|-damage|p1a: Raichu|0 fnt\n|-enditem|p1a: Raichu|Life Orb|[from] move: Knock Off|[of] p2a: Blaziken\n|faint|p1a: Raichu\n|\n|-heal|p2a: Blaziken|88/100|[from] item: Leftovers\n|-ability|p2a: Blaziken|Speed Boost|boost\n|-boost|p2a: Blaziken|spe|1\n|upkeep\n|\n|t:|1782439615\n|switch|p1a: Iron Valiant|Iron Valiant|100/100\n|-activate|p1a: Iron Valiant|ability: Quark Drive\n|-start|p1a: Iron Valiant|quarkdrivespe\n|turn|3\n|\n|t:|1782439622\n|switch|p2a: Corviknight|Corviknight, F|100/100\n|-ability|p2a: Corviknight|Pressure\n|move|p1a: Iron Valiant|Thunder Punch|p2a: Corviknight\n|-supereffective|p2a: Corviknight\n|-damage|p2a: Corviknight|50/100\n|-damage|p1a: Iron Valiant|84/100|[from] item: Rocky Helmet|[of] p2a: Corviknight\n|-damage|p1a: Iron Valiant|74/100|[from] item: Life Orb\n|\n|upkeep\n|turn|4\n|\n|t:|1782439630\n|move|p1a: Iron Valiant|Swords Dance|p1a: Iron Valiant\n|-boost|p1a: Iron Valiant|atk|2\n|move|p2a: Corviknight|Brave Bird|p1a: Iron Valiant\n|-supereffective|p1a: Iron Valiant\n|-damage|p1a: Iron Valiant|0 fnt\n|faint|p1a: Iron Valiant\n|-end|p1a: Iron Valiant|Quark Drive|[silent]\n|-damage|p2a: Corviknight|33/100|[from] Recoil\n|\n|upkeep\n|\n|t:|1782439634\n|switch|p1a: Iron Moth|Iron Moth|100/100\n|-activate|p1a: Iron Moth|ability: Quark Drive\n|-start|p1a: Iron Moth|quarkdrivespa\n|turn|5\n|\n|t:|1782439638\n|move|p1a: Iron Moth|Overheat|p2a: Corviknight\n|-supereffective|p2a: Corviknight\n|-damage|p2a: Corviknight|0 fnt\n|-unboost|p1a: Iron Moth|spa|2\n|faint|p2a: Corviknight\n|\n|upkeep\n|\n|t:|1782439641\n|switch|p2a: Blaziken|Blaziken, F, shiny|88/100\n|turn|6\n|\n|t:|1782439646\n|move|p1a: Iron Moth|Overheat|p2a: Blaziken\n|-resisted|p2a: Blaziken\n|-damage|p2a: Blaziken|31/100\n|-unboost|p1a: Iron Moth|spa|2\n|move|p2a: Blaziken|Substitute|p2a: Blaziken\n|-start|p2a: Blaziken|Substitute\n|-damage|p2a: Blaziken|6/100\n|\n|-heal|p2a: Blaziken|12/100|[from] item: Leftovers\n|-ability|p2a: Blaziken|Speed Boost|boost\n|-boost|p2a: Blaziken|spe|1\n|upkeep\n|turn|7\n|\n|t:|1782439652\n|move|p2a: Blaziken|Knock Off|p1a: Iron Moth\n|-damage|p1a: Iron Moth|36/100\n|-enditem|p1a: Iron Moth|Choice Specs|[from] move: Knock Off|[of] p2a: Blaziken\n|move|p1a: Iron Moth|Overheat|p2a: Blaziken\n|-resisted|p2a: Blaziken\n|-activate|p2a: Blaziken|move: Substitute|[damage]\n|-unboost|p1a: Iron Moth|spa|2\n|\n|-heal|p2a: Blaziken|18/100|[from] item: Leftovers\n|-ability|p2a: Blaziken|Speed Boost|boost\n|-boost|p2a: Blaziken|spe|1\n|upkeep\n|turn|8\n|\n|t:|1782439659\n|move|p2a: Blaziken|Knock Off|p1a: Iron Moth\n|-damage|p1a: Iron Moth|0 fnt\n|faint|p1a: Iron Moth\n|-end|p1a: Iron Moth|Quark Drive|[silent]\n|\n|-heal|p2a: Blaziken|24/100|[from] item: Leftovers\n|-fieldend|move: Electric Terrain\n|-ability|p2a: Blaziken|Speed Boost|boost\n|-boost|p2a: Blaziken|spe|1\n|upkeep\n|\n|t:|1782439664\n|switch|p1a: Raging Bolt|Raging Bolt|100/100\n|turn|9\n|\n|t:|1782439667\n|move|p2a: Blaziken|Knock Off|p1a: Raging Bolt\n|-damage|p1a: Raging Bolt|70/100\n|-enditem|p1a: Raging Bolt|Assault Vest|[from] move: Knock Off|[of] p2a: Blaziken\n|move|p1a: Raging Bolt|Volt Switch|p2a: Blaziken\n|-end|p2a: Blaziken|Substitute\n|\n|t:|1782439669\n|-end|p1a: Raging Bolt|Protosynthesis|[silent]\n|switch|p1a: Pincurchin|Pincurchin, M|100/100|[from] Volt Switch\n|-fieldstart|move: Electric Terrain|[from] ability: Electric Surge|[of] p1a: Pincurchin\n|\n|-heal|p2a: Blaziken|30/100|[from] item: Leftovers\n|-ability|p2a: Blaziken|Speed Boost|boost\n|-boost|p2a: Blaziken|spe|1\n|upkeep\n|turn|10\n|\n|t:|1782439675\n|move|p2a: Blaziken|Substitute|p2a: Blaziken\n|-start|p2a: Blaziken|Substitute\n|-damage|p2a: Blaziken|5/100\n|move|p1a: Pincurchin|Scald|p2a: Blaziken\n|-supereffective|p2a: Blaziken\n|-end|p2a: Blaziken|Substitute\n|\n|-heal|p2a: Blaziken|11/100|[from] item: Leftovers\n|-ability|p2a: Blaziken|Speed Boost|boost\n|-boost|p2a: Blaziken|spe|1\n|upkeep\n|turn|11\n|\n|t:|1782439681\n|switch|p2a: Alomomola|Alomomola, F|100/100\n|move|p1a: Pincurchin|Scald|p2a: Alomomola\n|-resisted|p2a: Alomomola\n|-damage|p2a: Alomomola|94/100\n|-status|p2a: Alomomola|brn\n|\n|-damage|p2a: Alomomola|87/100 brn|[from] brn\n|upkeep\n|turn|12\n|\n|t:|1782439689\n|move|p2a: Alomomola|Flip Turn|p1a: Pincurchin\n|-damage|p1a: Pincurchin|94/100\n|\n|t:|1782439692\n|switch|p2a: Great Tusk|Great Tusk|100/100|[from] Flip Turn\n|move|p1a: Pincurchin|Discharge|p2a: Great Tusk\n|-immune|p2a: Great Tusk\n|\n|upkeep\n|turn|13\n|\n|t:|1782439702\n|-terastallize|p1a: Pincurchin|Water\n|move|p2a: Great Tusk|Earthquake|p1a: Pincurchin\n|-damage|p1a: Pincurchin|55/100\n|move|p1a: Pincurchin|Scald|p2a: Great Tusk\n|-supereffective|p2a: Great Tusk\n|-damage|p2a: Great Tusk|36/100\n|\n|-heal|p2a: Great Tusk|43/100|[from] item: Leftovers\n|upkeep\n|turn|14\n|\n|t:|1782439718\n|-end|p2a: Great Tusk|Protosynthesis|[silent]\n|switch|p2a: Kyurem|Kyurem|100/100\n|-ability|p2a: Kyurem|Pressure\n|switch|p1a: Raging Bolt|Raging Bolt|70/100\n|\n|upkeep\n|turn|15\n|\n|t:|1782439725\n|move|p2a: Kyurem|Ice Beam|p1a: Raging Bolt\n|-supereffective|p1a: Raging Bolt\n|-damage|p1a: Raging Bolt|0 fnt\n|faint|p1a: Raging Bolt\n|-end|p1a: Raging Bolt|Protosynthesis|[silent]\n|\n|upkeep\n|\n|t:|1782439728\n|switch|p1a: Iron Crown|Iron Crown|100/100\n|-activate|p1a: Iron Crown|ability: Quark Drive\n|-start|p1a: Iron Crown|quarkdrivespa\n|turn|16\n|\n|t:|1782439734\n|switch|p2a: Dragapult|Dragapult, F|100/100\n|move|p1a: Iron Crown|Tachyon Cutter|p2a: Dragapult\n|-damage|p2a: Dragapult|31/100\n|-damage|p2a: Dragapult|0 fnt\n|faint|p2a: Dragapult\n|-hitcount|p2: Dragapult|2\n|\n|-fieldend|move: Electric Terrain\n|-end|p1a: Iron Crown|Quark Drive\n|upkeep\n|\n|t:|1782439743\n|switch|p2a: Alomomola|Alomomola, F|100/100 brn\n|turn|17\n|\n|t:|1782439746\n|-end|p1a: Iron Crown|Quark Drive|[silent]\n|switch|p1a: Pincurchin|Pincurchin, M, tera:Water|55/100\n|-fieldstart|move: Electric Terrain|[from] ability: Electric Surge|[of] p1a: Pincurchin\n|move|p2a: Alomomola|Mirror Coat||[still]\n|-fail|p2a: Alomomola\n|\n|-damage|p2a: Alomomola|94/100 brn|[from] brn\n|upkeep\n|turn|18\n|\n|t:|1782439759\n|move|p2a: Alomomola|Flip Turn|p1a: Pincurchin\n|-resisted|p1a: Pincurchin\n|-damage|p1a: Pincurchin|51/100\n|\n|t:|1782439762\n|switch|p2a: Kyurem|Kyurem|100/100|[from] Flip Turn\n|-ability|p2a: Kyurem|Pressure\n|move|p1a: Pincurchin|Spikes|p2a: Kyurem\n|-sidestart|p2: hennyhardaway1|Spikes\n|\n|upkeep\n|turn|19\n|\n|t:|1782439769\n|move|p2a: Kyurem|Earth Power|p1a: Pincurchin\n|-damage|p1a: Pincurchin|0 fnt\n|faint|p1a: Pincurchin\n|\n|upkeep\n|\n|t:|1782439771\n|switch|p1a: Iron Crown|Iron Crown|100/100\n|-activate|p1a: Iron Crown|ability: Quark Drive\n|-start|p1a: Iron Crown|quarkdrivespa\n|turn|20\n|\n|t:|1782439781\n|-terastallize|p2a: Kyurem|Ghost\n|move|p1a: Iron Crown|Focus Blast|p2a: Kyurem\n|-immune|p2a: Kyurem\n|move|p2a: Kyurem|Earth Power|p1a: Iron Crown\n|-supereffective|p1a: Iron Crown\n|-damage|p1a: Iron Crown|5/100\n|\n|upkeep\n|turn|21\n|\n|t:|1782439789\n|move|p1a: Iron Crown|Focus Blast|p2a: Kyurem\n|-immune|p2a: Kyurem\n|move|p2a: Kyurem|Earth Power|p1a: Iron Crown\n|-supereffective|p1a: Iron Crown\n|-damage|p1a: Iron Crown|0 fnt\n|faint|p1a: Iron Crown\n|-end|p1a: Iron Crown|Quark Drive|[silent]\n|\n|win|hennyhardaway1\n|raw|flylover42's rating: 1350 &rarr; <strong>1332</strong><br />(-18 for losing)\n|raw|hennyhardaway1's rating: 1380 &rarr; <strong>1398</strong><br />(+18 for winning)\n|l|☆flylover42\n|player|p1|\n", "uploadtime": 1782439798, "views": 8, "formatid": "gen9ou", "rating": 1332, "private": 0, "password": null}