{"id": "gen9ou-2639309308", "format": "[Gen 9] OU", "players": ["Akuub1", "Precise_pocket"], "log": "|j|☆Akuub1\n|j|☆Precise_pocket\n|t:|1782450356\n|gametype|singles\n|player|p1|Akuub1|iris-gen5bw2|1150\n|player|p2|Precise_pocket|101|1133\n|gen|9\n|tier|[Gen 9] OU\n|rated|\n|rule|HP Percentage Mod: HP is shown in percentages\n|rule|Endless Battle Clause: Forcing endless battles is banned\n|rule|Species Clause: Limit one of each Pokémon\n|rule|OHKO Clause: OHKO moves are banned\n|rule|Evasion Items Clause: Evasion items are banned\n|rule|Evasion Moves Clause: Evasion moves are banned\n|rule|Evasion Abilities Clause: Evasion abilities are banned\n|rule|Sleep Moves Clause: Sleep-inducing moves are banned\n|clearpoke\n|poke|p1|Ursaluna, F|\n|poke|p1|Weavile, M|\n|poke|p1|Clefable, M|\n|poke|p1|Cresselia, F|\n|poke|p1|Necrozma|\n|poke|p1|Noivern, F|\n|poke|p2|Tyranitar, F|\n|poke|p2|Excadrill, M|\n|poke|p2|Primarina, F|\n|poke|p2|Corviknight, M|\n|poke|p2|Dragapult, M|\n|poke|p2|Landorus-Therian, M|\n|teampreview\n|inactive|Battle timer is ON: inactive players will automatically lose when time's up. (requested by Akuub1)\n|inactive|Precise_pocket has 120 seconds left.\n|\n|t:|1782450396\n|teamsize|p1|6\n|teamsize|p2|6\n|start\n|switch|p1a: Chrome|Necrozma|100/100\n|switch|p2a: Tyranitar|Tyranitar, F|100/100\n|-weather|Sandstorm|[from] ability: Sand Stream|[of] p2a: Tyranitar\n|turn|1\n|\n|t:|1782450417\n|switch|p1a: Cleft|Clefable, M|100/100\n|move|p2a: Tyranitar|Knock Off|p1a: Cleft\n|-resisted|p1a: Cleft\n|-damage|p1a: Cleft|68/100\n|-enditem|p1a: Cleft|Leftovers|[from] move: Knock Off|[of] p2a: Tyranitar\n|\n|-weather|Sandstorm|[upkeep]\n|-damage|p1a: Cleft|62/100|[from] Sandstorm\n|upkeep\n|turn|2\n|\n|t:|1782450442\n|switch|p2a: Excadrill|Excadrill, M|100/100\n|-item|p2a: Excadrill|Air Balloon\n|move|p1a: Cleft|Moonlight|p1a: Cleft\n|-heal|p1a: Cleft|87/100\n|\n|-weather|Sandstorm|[upkeep]\n|-damage|p1a: Cleft|80/100|[from] Sandstorm\n|upkeep\n|turn|3\n|inactive|Precise_pocket has 120 seconds left.\n|\n|t:|1782450468\n|move|p2a: Excadrill|Swords Dance|p2a: Excadrill\n|-boost|p2a: Excadrill|atk|2\n|move|p1a: Cleft|Wish|p1a: Cleft\n|\n|-weather|Sandstorm|[upkeep]\n|-damage|p1a: Cleft|74/100|[from] Sandstorm\n|upkeep\n|turn|4\n|\n|t:|1782450486\n|move|p2a: Excadrill|Swords Dance|p2a: Excadrill\n|-boost|p2a: Excadrill|atk|2\n|move|p1a: Cleft|Moonlight|p1a: Cleft\n|-heal|p1a: Cleft|99/100\n|\n|-weather|Sandstorm|[upkeep]\n|-damage|p1a: Cleft|93/100|[from] Sandstorm\n|-heal|p1a: Cleft|100/100|[from] move: Wish|[wisher] Cleft\n|upkeep\n|turn|5\n|\n|t:|1782450497\n|move|p2a: Excadrill|Iron Head|p1a: Cleft\n|-supereffective|p1a: Cleft\n|-damage|p1a: Cleft|36/100\n|cant|p1a: Cleft|flinch\n|\n|-weather|none\n|upkeep\n|turn|6\n|inactive|Precise_pocket has 90 seconds left.\n|\n|t:|1782450523\n|move|p2a: Excadrill|Iron Head|p1a: Cleft\n|-supereffective|p1a: Cleft\n|-damage|p1a: Cleft|0 fnt\n|faint|p1a: Cleft\n|\n|upkeep\n|\n|t:|1782450542\n|switch|p1a: Rouge|Noivern, F|100/100\n|turn|7\n|inactive|Precise_pocket has 90 seconds left.\n|\n|t:|1782450561\n|switch|p2a: Tyranitar|Tyranitar, F|100/100\n|-weather|Sandstorm|[from] ability: Sand Stream|[of] p2a: Tyranitar\n|move|p1a: Rouge|Boomburst|p2a: Tyranitar\n|-resisted|p2a: Tyranitar\n|-crit|p2a: Tyranitar\n|-damage|p2a: Tyranitar|79/100\n|-enditem|p1a: Rouge|Throat Spray\n|-boost|p1a: Rouge|spa|1|[from] item: Throat Spray\n|\n|-weather|Sandstorm|[upkeep]\n|-damage|p1a: Rouge|94/100|[from] Sandstorm\n|upkeep\n|turn|8\n|inactive|Precise_pocket has 90 seconds left.\n|\n|t:|1782450590\n|move|p1a: Rouge|Dragon Pulse|p2a: Tyranitar\n|-damage|p2a: Tyranitar|41/100\n|move|p2a: Tyranitar|Stone Edge|p1a: Rouge\n|-supereffective|p1a: Rouge\n|-crit|p1a: Rouge\n|-damage|p1a: Rouge|0 fnt\n|faint|p1a: Rouge\n|\n|-weather|Sandstorm|[upkeep]\n|upkeep\n|\n|t:|1782450605\n|switch|p1a: Dodi|Weavile, M|100/100\n|-ability|p1a: Dodi|Pressure\n|turn|9\n|\n|t:|1782450625\n|switch|p2a: Primarina|Primarina, F|100/100\n|move|p1a: Dodi|Low Kick|p2a: Primarina\n|-resisted|p2a: Primarina\n|-damage|p2a: Primarina|84/100\n|-damage|p1a: Dodi|91/100|[from] item: Life Orb\n|\n|-weather|Sandstorm|[upkeep]\n|-damage|p1a: Dodi|85/100|[from] Sandstorm\n|-damage|p2a: Primarina|78/100|[from] Sandstorm\n|upkeep\n|turn|10\n|\n|t:|1782450638\n|move|p1a: Dodi|Poison Jab|p2a: Primarina\n|-supereffective|p2a: Primarina\n|-damage|p2a: Primarina|0 fnt\n|faint|p2a: Primarina\n|-damage|p1a: Dodi|75/100|[from] item: Life Orb\n|\n|-weather|Sandstorm|[upkeep]\n|-damage|p1a: Dodi|69/100|[from] Sandstorm\n|upkeep\n|inactive|Precise_pocket has 60 seconds left.\n|\n|t:|1782450663\n|switch|p2a: Excadrill|Excadrill, M|100/100\n|-item|p2a: Excadrill|Air Balloon\n|turn|11\n|inactive|Precise_pocket has 60 seconds left.\n|\n|t:|1782450677\n|switch|p1a: Chrome|Necrozma|100/100\n|move|p2a: Excadrill|Earthquake|p1a: Chrome\n|-crit|p1a: Chrome\n|-damage|p1a: Chrome|32/100\n|\n|-weather|none\n|upkeep\n|turn|12\n|inactive|Precise_pocket has 60 seconds left.\n|\n|t:|1782450686\n|move|p2a: Excadrill|Iron Head|p1a: Chrome\n|-damage|p1a: Chrome|0 fnt\n|faint|p1a: Chrome\n|\n|upkeep\n|\n|t:|1782450702\n|switch|p1a: Echo|Cresselia, F, shiny|100/100\n|turn|13\n|inactive|Precise_pocket has 60 seconds left.\n|\n|t:|1782450742\n|switch|p2a: Tyranitar|Tyranitar, F|41/100\n|-weather|Sandstorm|[from] ability: Sand Stream|[of] p2a: Tyranitar\n|move|p1a: Echo|Calm Mind|p1a: Echo\n|-boost|p1a: Echo|spa|1\n|-boost|p1a: Echo|spd|1\n|\n|-weather|Sandstorm|[upkeep]\n|-damage|p1a: Echo|94/100|[from] Sandstorm\n|-heal|p1a: Echo|100/100|[from] item: Leftovers\n|upkeep\n|turn|14\n|inactive|Akuub1 has 120 seconds left.\n|\n|t:|1782450776\n|-terastallize|p1a: Echo|Fairy\n|move|p2a: Tyranitar|Knock Off|p1a: Echo\n|-resisted|p1a: Echo\n|-damage|p1a: Echo|73/100\n|-enditem|p1a: Echo|Leftovers|[from] move: Knock Off|[of] p2a: Tyranitar\n|move|p1a: Echo|Calm Mind|p1a: Echo\n|-boost|p1a: Echo|spa|1\n|-boost|p1a: Echo|spd|1\n|\n|-weather|Sandstorm|[upkeep]\n|-damage|p1a: Echo|67/100|[from] Sandstorm\n|upkeep\n|turn|15\n|inactive|Precise_pocket has 30 seconds left.\n|inactive|Akuub1 has 120 seconds left.\n|\n|t:|1782450799\n|switch|p2a: Landorus|Landorus-Therian, M|100/100\n|-ability|p2a: Landorus|Intimidate|boost\n|-unboost|p1a: Echo|atk|1\n|move|p1a: Echo|Moonlight|p1a: Echo\n|-heal|p1a: Echo|92/100\n|\n|-weather|Sandstorm|[upkeep]\n|-damage|p1a: Echo|86/100|[from] Sandstorm\n|upkeep\n|turn|16\n|inactive|Precise_pocket has 30 seconds left.\n|inactive|Akuub1 has 120 seconds left.\n|\n|t:|1782450810\n|move|p2a: Landorus|Stone Edge|p1a: Echo\n|-damage|p1a: Echo|65/100\n|move|p1a: Echo|Stored Power|p2a: Landorus\n|-damage|p2a: Landorus|42/100\n|\n|-weather|Sandstorm|[upkeep]\n|-damage|p1a: Echo|58/100|[from] Sandstorm\n|-heal|p2a: Landorus|48/100|[from] item: Leftovers\n|upkeep\n|turn|17\n|inactive|Precise_pocket has 30 seconds left.\n|\n|t:|1782450823\n|move|p2a: Landorus|Stone Edge|p1a: Echo\n|-damage|p1a: Echo|39/100\n|move|p1a: Echo|Moonlight|p1a: Echo\n|-heal|p1a: Echo|64/100\n|\n|-weather|none\n|-heal|p2a: Landorus|54/100|[from] item: Leftovers\n|upkeep\n|turn|18\n|inactive|Precise_pocket has 30 seconds left.\n|\n|t:|1782450835\n|switch|p2a: Tyranitar|Tyranitar, F|41/100\n|-weather|Sandstorm|[from] ability: Sand Stream|[of] p2a: Tyranitar\n|move|p1a: Echo|Moonlight|p1a: Echo\n|-heal|p1a: Echo|89/100\n|\n|-weather|Sandstorm|[upkeep]\n|-damage|p1a: Echo|83/100|[from] Sandstorm\n|upkeep\n|turn|19\n|inactive|Precise_pocket has 30 seconds left.\n|\n|t:|1782450844\n|switch|p2a: Excadrill|Excadrill, M|100/100\n|-item|p2a: Excadrill|Air Balloon\n|move|p1a: Echo|Moonblast|p2a: Excadrill\n|-resisted|p2a: Excadrill\n|-damage|p2a: Excadrill|60/100\n|-unboost|p2a: Excadrill|spa|1\n|-enditem|p2a: Excadrill|Air Balloon\n|\n|-weather|Sandstorm|[upkeep]\n|-damage|p1a: Echo|77/100|[from] Sandstorm\n|upkeep\n|turn|20\n|inactive|Precise_pocket has 30 seconds left.\n|\n|t:|1782450855\n|switch|p1a: Luna|Ursaluna, F, shiny|100/100\n|move|p2a: Excadrill|Iron Head|p1a: Luna\n|-damage|p1a: Luna|70/100\n|\n|-weather|Sandstorm|[upkeep]\n|-status|p1a: Luna|brn|[from] item: Flame Orb\n|upkeep\n|turn|21\n|inactive|Precise_pocket has 30 seconds left.\n|\n|t:|1782450867\n|-terastallize|p2a: Excadrill|Ghost\n|move|p2a: Excadrill|Earthquake|p1a: Luna\n|-damage|p1a: Luna|32/100 brn\n|move|p1a: Luna|Drain Punch|p2a: Excadrill\n|-immune|p2a: Excadrill\n|\n|-weather|Sandstorm|[upkeep]\n|-damage|p1a: Luna|26/100 brn|[from] brn\n|upkeep\n|turn|22\n|inactive|Precise_pocket has 30 seconds left.\n|\n|t:|1782450877\n|move|p2a: Excadrill|Earthquake|p1a: Luna\n|-crit|p1a: Luna\n|-damage|p1a: Luna|0 fnt\n|faint|p1a: Luna\n|\n|-weather|none\n|upkeep\n|\n|t:|1782450882\n|switch|p1a: Dodi|Weavile, M|69/100\n|-ability|p1a: Dodi|Pressure\n|turn|23\n|\n|t:|1782450887\n|switch|p2a: Tyranitar|Tyranitar, F|41/100\n|-weather|Sandstorm|[from] ability: Sand Stream|[of] p2a: Tyranitar\n|move|p1a: Dodi|Knock Off|p2a: Tyranitar\n|-resisted|p2a: Tyranitar\n|-damage|p2a: Tyranitar|12/100\n|-enditem|p2a: Tyranitar|Choice Band|[from] move: Knock Off|[of] p1a: Dodi\n|-damage|p1a: Dodi|59/100|[from] item: Life Orb\n|\n|-weather|Sandstorm|[upkeep]\n|-damage|p1a: Dodi|53/100|[from] Sandstorm\n|upkeep\n|turn|24\n|\n|t:|1782450901\n|move|p1a: Dodi|Icicle Crash|p2a: Tyranitar\n|-damage|p2a: Tyranitar|0 fnt\n|faint|p2a: Tyranitar\n|-damage|p1a: Dodi|43/100|[from] item: Life Orb\n|\n|-weather|Sandstorm|[upkeep]\n|-damage|p1a: Dodi|37/100|[from] Sandstorm\n|upkeep\n|\n|t:|1782450908\n|switch|p2a: Excadrill|Excadrill, M, tera:Ghost|60/100\n|turn|25\n|\n|t:|1782450925\n|switch|p1a: Echo|Cresselia, F, shiny, tera:Fairy|77/100\n|move|p2a: Excadrill|Iron Head|p1a: Echo\n|-supereffective|p1a: Echo\n|-damage|p1a: Echo|23/100\n|\n|-weather|Sandstorm|[upkeep]\n|-damage|p1a: Echo|17/100|[from] Sandstorm\n|upkeep\n|turn|26\n|inactive|Precise_pocket has 60 seconds left.\n|\n|t:|1782450932\n|move|p2a: Excadrill|Iron Head|p1a: Echo\n|-supereffective|p1a: Echo\n|-damage|p1a: Echo|0 fnt\n|faint|p1a: Echo\n|\n|-weather|Sandstorm|[upkeep]\n|upkeep\n|\n|t:|1782450935\n|switch|p1a: Dodi|Weavile, M|37/100\n|-ability|p1a: Dodi|Pressure\n|turn|27\n|\n|t:|1782450939\n|move|p2a: Excadrill|Iron Head|p1a: Dodi\n|-supereffective|p1a: Dodi\n|-damage|p1a: Dodi|0 fnt\n|faint|p1a: Dodi\n|\n|win|Precise_pocket\n|raw|Akuub1's rating: 1150 &rarr; <strong>1124</strong><br />(-26 for losing)\n|raw|Precise_pocket's rating: 1133 &rarr; <strong>1159</strong><br />(+26 for winning)\n|l|☆Akuub1\n|player|p1|\n|l|☆Precise_pocket\n|player|p2|\n", "uploadtime": 1782451256, "views": 3, "formatid": "gen9ou", "rating": 1124, "private": 0, "password": null}