{"id": "gen9ou-2639293220", "format": "[Gen 9] OU", "players": ["MalCantLadder", "levi6969"], "log": "|j|☆MalCantLadder\n|j|☆levi6969\n|t:|1782447340\n|gametype|singles\n|player|p1|MalCantLadder|battlegirl-gen4|1139\n|player|p2|levi6969|102|1193\n|gen|9\n|tier|[Gen 9] OU\n|rated|\n|rule|HP Percentage Mod: HP is shown in percentages\n|rule|Endless Battle Clause: Forcing endless battles is banned\n|rule|Species Clause: Limit one of each Pokémon\n|rule|OHKO Clause: OHKO moves are banned\n|rule|Evasion Items Clause: Evasion items are banned\n|rule|Evasion Moves Clause: Evasion moves are banned\n|rule|Evasion Abilities Clause: Evasion abilities are banned\n|rule|Sleep Moves Clause: Sleep-inducing moves are banned\n|clearpoke\n|poke|p1|Iron Moth|\n|poke|p1|Ceruledge, F|\n|poke|p1|Ogerpon-Wellspring, F|\n|poke|p1|Dragonite, F|\n|poke|p1|Dragapult, F|\n|poke|p1|Slowbro, M|\n|poke|p2|Delphox, M|\n|poke|p2|Rillaboom, M|\n|poke|p2|Raging Bolt|\n|poke|p2|Landorus-Therian, M|\n|poke|p2|Garganacl, F|\n|poke|p2|Corviknight, F|\n|teampreview\n|inactive|Battle timer is ON: inactive players will automatically lose when time's up. (requested by MalCantLadder)\n|\n|t:|1782447353\n|teamsize|p1|6\n|teamsize|p2|6\n|start\n|switch|p1a: Dragonite|Dragonite, F|100/100\n|switch|p2a: Landorus|Landorus-Therian, M, shiny|100/100\n|-ability|p2a: Landorus|Intimidate|boost\n|-unboost|p1a: Dragonite|atk|1\n|turn|1\n|\n|t:|1782447357\n|move|p2a: Landorus|Taunt|p1a: Dragonite\n|-start|p1a: Dragonite|move: Taunt\n|cant|p1a: Dragonite|move: Taunt|Dragon Dance\n|\n|upkeep\n|turn|2\n|\n|t:|1782447362\n|switch|p1a: Ogerpon|Ogerpon-Wellspring, F|100/100\n|move|p2a: Landorus|Stealth Rock|p1a: Ogerpon\n|-sidestart|p1: MalCantLadder|move: Stealth Rock\n|\n|upkeep\n|turn|3\n|\n|t:|1782447370\n|switch|p2a: Corviknight|Corviknight, F, shiny|100/100\n|-ability|p2a: Corviknight|Pressure\n|move|p1a: Ogerpon|Ivy Cudgel|p2a: Corviknight|[anim] Ivy Cudgel Water\n|-damage|p2a: Corviknight|64/100\n|\n|upkeep\n|turn|4\n|\n|t:|1782447373\n|move|p1a: Ogerpon|Superpower|p2a: Corviknight\n|-damage|p2a: Corviknight|33/100\n|-unboost|p1a: Ogerpon|atk|1\n|-unboost|p1a: Ogerpon|def|1\n|-damage|p1a: Ogerpon|84/100|[from] item: Rocky Helmet|[of] p2a: Corviknight\n|move|p2a: Corviknight|Brave Bird|p1a: Ogerpon\n|-supereffective|p1a: Ogerpon\n|-damage|p1a: Ogerpon|0 fnt\n|faint|p1a: Ogerpon\n|-damage|p2a: Corviknight|12/100|[from] Recoil\n|\n|upkeep\n|\n|t:|1782447378\n|switch|p1a: Dragonite|Dragonite, F|100/100\n|-damage|p1a: Dragonite|76/100|[from] Stealth Rock\n|turn|5\n|\n|t:|1782447386\n|switch|p2a: Garganacl|Garganacl, F|100/100\n|move|p1a: Dragonite|Dragon Dance|p1a: Dragonite\n|-boost|p1a: Dragonite|atk|1\n|-boost|p1a: Dragonite|spe|1\n|\n|upkeep\n|turn|6\n|\n|t:|1782447390\n|-terastallize|p2a: Garganacl|Water\n|move|p1a: Dragonite|Earthquake|p2a: Garganacl\n|-damage|p2a: Garganacl|51/100\n|-damage|p1a: Dragonite|66/100|[from] item: Life Orb\n|move|p2a: Garganacl|Salt Cure|p1a: Dragonite\n|-supereffective|p1a: Dragonite\n|-damage|p1a: Dragonite|34/100\n|-start|p1a: Dragonite|Salt Cure\n|\n|-damage|p1a: Dragonite|22/100|[from] Salt Cure\n|upkeep\n|turn|7\n|\n|t:|1782447394\n|move|p1a: Dragonite|Dragon Claw|p2a: Garganacl\n|-crit|p2a: Garganacl\n|-damage|p2a: Garganacl|0 fnt\n|faint|p2a: Garganacl\n|-damage|p1a: Dragonite|12/100|[from] item: Life Orb\n|\n|-damage|p1a: Dragonite|0 fnt|[from] Salt Cure\n|faint|p1a: Dragonite\n|upkeep\n|\n|t:|1782447403\n|switch|p1a: Slowbro|Slowbro, M|100/100\n|switch|p2a: Landorus|Landorus-Therian, M, shiny|100/100\n|-ability|p2a: Landorus|Intimidate|boost\n|-unboost|p1a: Slowbro|atk|1\n|-damage|p1a: Slowbro|88/100|[from] Stealth Rock\n|turn|8\n|\n|t:|1782447406\n|move|p2a: Landorus|U-turn|p1a: Slowbro\n|-supereffective|p1a: Slowbro\n|-damage|p1a: Slowbro|53/100\n|\n|t:|1782447410\n|switch|p2a: Rillaboom|Rillaboom, M, shiny|100/100|[from] U-turn\n|-fieldstart|move: Grassy Terrain|[from] ability: Grassy Surge|[of] p2a: Rillaboom\n|move|p1a: Slowbro|Ice Beam|p2a: Rillaboom\n|-supereffective|p2a: Rillaboom\n|-damage|p2a: Rillaboom|22/100\n|\n|-heal|p2a: Rillaboom|28/100|[from] Grassy Terrain\n|-heal|p1a: Slowbro|59/100|[from] Grassy Terrain\n|upkeep\n|turn|9\n|\n|t:|1782447420\n|switch|p1a: Ceruledge|Ceruledge, F|100/100\n|-damage|p1a: Ceruledge|76/100|[from] Stealth Rock\n|move|p2a: Rillaboom|Knock Off|p1a: Ceruledge\n|-supereffective|p1a: Ceruledge\n|-damage|p1a: Ceruledge|0 fnt\n|-enditem|p1a: Ceruledge|Focus Sash|[from] move: Knock Off|[of] p2a: Rillaboom\n|faint|p1a: Ceruledge\n|\n|-heal|p2a: Rillaboom|34/100|[from] Grassy Terrain\n|upkeep\n|\n|t:|1782447422\n|switch|p1a: Iron Moth|Iron Moth|100/100\n|-damage|p1a: Iron Moth|76/100|[from] Stealth Rock\n|-enditem|p1a: Iron Moth|Booster Energy\n|-activate|p1a: Iron Moth|ability: Quark Drive|[fromitem]\n|-start|p1a: Iron Moth|quarkdrivespa\n|turn|10\n|\n|t:|1782447426\n|switch|p2a: Corviknight|Corviknight, F, shiny|12/100\n|-ability|p2a: Corviknight|Pressure\n|move|p1a: Iron Moth|Sludge Wave|p2a: Corviknight\n|-immune|p2a: Corviknight\n|\n|-heal|p1a: Iron Moth|82/100|[from] Grassy Terrain\n|upkeep\n|turn|11\n|\n|t:|1782447429\n|move|p1a: Iron Moth|Fiery Dance|p2a: Corviknight\n|-supereffective|p2a: Corviknight\n|-damage|p2a: Corviknight|0 fnt\n|-boost|p1a: Iron Moth|spa|1\n|faint|p2a: Corviknight\n|\n|-heal|p1a: Iron Moth|88/100|[from] Grassy Terrain\n|upkeep\n|\n|t:|1782447432\n|switch|p2a: Raging Bolt|Raging Bolt|100/100\n|-enditem|p2a: Raging Bolt|Grassy Seed\n|-boost|p2a: Raging Bolt|def|1|[from] item: Grassy Seed\n|turn|12\n|\n|t:|1782447437\n|move|p1a: Iron Moth|Dazzling Gleam|p2a: Raging Bolt\n|-supereffective|p2a: Raging Bolt\n|-damage|p2a: Raging Bolt|0 fnt\n|faint|p2a: Raging Bolt\n|-end|p2a: Raging Bolt|Protosynthesis|[silent]\n|\n|-heal|p1a: Iron Moth|94/100|[from] Grassy Terrain\n|-fieldend|move: Grassy Terrain\n|upkeep\n|\n|t:|1782447447\n|switch|p2a: Delphox|Delphox, M, shiny|100/100\n|turn|13\n|\n|t:|1782447453\n|move|p1a: Iron Moth|Sludge Wave|p2a: Delphox\n|-damage|p2a: Delphox|0 fnt\n|faint|p2a: Delphox\n|\n|upkeep\n|c|☆MalCantLadder|LOL\n|c|☆MalCantLadder|HYPER O\n|c|☆MalCantLadder|HYPER O\n|\n|t:|1782447462\n|switch|p2a: Landorus|Landorus-Therian, M, shiny|100/100\n|-ability|p2a: Landorus|Intimidate|boost\n|-unboost|p1a: Iron Moth|atk|1\n|turn|14\n|c|☆MalCantLadder|HYPER O\n|c|☆MalCantLadder|HYPER O\n|\n|t:|1782447473\n|move|p1a: Iron Moth|Energy Ball|p2a: Landorus\n|-damage|p2a: Landorus|34/100\n|move|p2a: Landorus|Earth Power|p1a: Iron Moth\n|-supereffective|p1a: Iron Moth\n|-damage|p1a: Iron Moth|0 fnt\n|faint|p1a: Iron Moth\n|-end|p1a: Iron Moth|Quark Drive|[silent]\n|\n|upkeep\n|\n|t:|1782447477\n|switch|p1a: Slowbro|Slowbro, M|92/100\n|-damage|p1a: Slowbro|80/100|[from] Stealth Rock\n|turn|15\n|\n|t:|1782447489\n|move|p2a: Landorus|Earth Power|p1a: Slowbro\n|-damage|p1a: Slowbro|54/100\n|move|p1a: Slowbro|Future Sight|p2a: Landorus\n|-start|p1a: Slowbro|move: Future Sight\n|\n|upkeep\n|turn|16\n|\n|t:|1782447492\n|move|p2a: Landorus|Earth Power|p1a: Slowbro\n|-damage|p1a: Slowbro|32/100\n|move|p1a: Slowbro|Psychic Noise|p2a: Landorus\n|-damage|p2a: Landorus|0 fnt\n|faint|p2a: Landorus\n|\n|upkeep\n|\n|t:|1782447495\n|switch|p2a: Rillaboom|Rillaboom, M, shiny|34/100\n|-fieldstart|move: Grassy Terrain|[from] ability: Grassy Surge|[of] p2a: Rillaboom\n|turn|17\n|\n|t:|1782447499\n|move|p2a: Rillaboom|Knock Off|p1a: Slowbro\n|-supereffective|p1a: Slowbro\n|-damage|p1a: Slowbro|0 fnt\n|-enditem|p1a: Slowbro|Assault Vest|[from] move: Knock Off|[of] p2a: Rillaboom\n|faint|p1a: Slowbro\n|\n|-end|p2a: Rillaboom|move: Future Sight\n|-damage|p2a: Rillaboom|0 fnt\n|faint|p2a: Rillaboom\n|\n|win|MalCantLadder\n|raw|MalCantLadder's rating: 1139 &rarr; <strong>1168</strong><br />(+29 for winning)\n|raw|levi6969's rating: 1193 &rarr; <strong>1164</strong><br />(-29 for losing)\n|l|☆levi6969\n|player|p2|\n|c|☆MalCantLadder|hyper o\n|c|☆MalCantLadder|Hyper i\n|l|☆MalCantLadder\n|player|p1|\n", "uploadtime": 1782447895, "views": 4, "formatid": "gen9ou", "rating": 1164, "private": 0, "password": null}