{"id": "gen9ou-2639253216", "format": "[Gen 9] OU", "players": ["alt824", "Meems1221"], "log": "|j|☆alt824\n|j|☆Meems1221\n|t:|1782440881\n|gametype|singles\n|player|p1|alt824|skierf|1262\n|player|p2|Meems1221|266|1285\n|gen|9\n|tier|[Gen 9] OU\n|rated|\n|rule|HP Percentage Mod: HP is shown in percentages\n|rule|Endless Battle Clause: Forcing endless battles is banned\n|rule|Species Clause: Limit one of each Pokémon\n|rule|OHKO Clause: OHKO moves are banned\n|rule|Evasion Items Clause: Evasion items are banned\n|rule|Evasion Moves Clause: Evasion moves are banned\n|rule|Evasion Abilities Clause: Evasion abilities are banned\n|rule|Sleep Moves Clause: Sleep-inducing moves are banned\n|clearpoke\n|poke|p1|Ceruledge, F|\n|poke|p1|Weezing-Galar, M|\n|poke|p1|Goodra-Hisui, M|\n|poke|p1|Rillaboom, M|\n|poke|p1|Landorus-Therian, M|\n|poke|p1|Umbreon, M|\n|poke|p2|Dragonite, F|\n|poke|p2|Gholdengo|\n|poke|p2|Pecharunt|\n|poke|p2|Samurott-Hisui, M|\n|poke|p2|Ting-Lu|\n|poke|p2|Walking Wake|\n|teampreview\n|inactive|Battle timer is ON: inactive players will automatically lose when time's up. (requested by alt824)\n|inactive|Meems1221 has 120 seconds left.\n|\n|t:|1782440922\n|teamsize|p1|6\n|teamsize|p2|6\n|start\n|switch|p1a: Landorus|Landorus-Therian, M|100/100\n|switch|p2a: Samurott|Samurott-Hisui, M|100/100\n|-ability|p1a: Landorus|Intimidate|boost\n|-unboost|p2a: Samurott|atk|1\n|turn|1\n|\n|t:|1782440931\n|move|p1a: Landorus|U-turn|p2a: Samurott\n|-supereffective|p2a: Samurott\n|-crit|p2a: Samurott\n|-damage|p2a: Samurott|35/100\n|\n|t:|1782440935\n|switch|p1a: Weezing|Weezing-Galar, M|100/100|[from] U-turn\n|-ability|p1a: Weezing|Neutralizing Gas\n|move|p2a: Samurott|Flip Turn|p1a: Weezing\n|-damage|p1a: Weezing|89/100\n|\n|t:|1782440952\n|switch|p2a: Gholdengo|Gholdengo|100/100|[from] Flip Turn\n|\n|upkeep\n|turn|2\n|\n|t:|1782440958\n|-end|p1a: Weezing|ability: Neutralizing Gas\n|switch|p1a: Goodra|Goodra-Hisui, M|100/100\n|move|p2a: Gholdengo|Trick|p1a: Goodra\n|-activate|p2a: Gholdengo|move: Trick|[of] p1a: Goodra\n|-item|p1a: Goodra|Choice Scarf|[from] move: Trick\n|-item|p2a: Gholdengo|Assault Vest|[from] move: Trick\n|\n|upkeep\n|turn|3\n|\n|t:|1782440974\n|switch|p2a: Ting-Lu|Ting-Lu|100/100\n|-ability|p2a: Ting-Lu|Vessel of Ruin\n|move|p1a: Goodra|Flamethrower|p2a: Ting-Lu\n|-damage|p2a: Ting-Lu|87/100\n|-status|p2a: Ting-Lu|brn\n|\n|-heal|p2a: Ting-Lu|93/100 brn|[from] item: Leftovers\n|-damage|p2a: Ting-Lu|87/100 brn|[from] brn\n|upkeep\n|turn|4\n|\n|t:|1782440983\n|switch|p1a: Landorus|Landorus-Therian, M|100/100\n|-ability|p1a: Landorus|Intimidate|boost\n|-unboost|p2a: Ting-Lu|atk|1\n|move|p2a: Ting-Lu|Stealth Rock|p1a: Landorus\n|-sidestart|p1: alt824|move: Stealth Rock\n|\n|-heal|p2a: Ting-Lu|93/100 brn|[from] item: Leftovers\n|-damage|p2a: Ting-Lu|87/100 brn|[from] brn\n|upkeep\n|turn|5\n|\n|t:|1782440988\n|move|p1a: Landorus|Stealth Rock|p2a: Ting-Lu\n|-sidestart|p2: Meems1221|move: Stealth Rock\n|move|p2a: Ting-Lu|Ruination|p1a: Landorus\n|-damage|p1a: Landorus|50/100\n|\n|-heal|p2a: Ting-Lu|93/100 brn|[from] item: Leftovers\n|-damage|p2a: Ting-Lu|87/100 brn|[from] brn\n|upkeep\n|turn|6\n|\n|t:|1782441009\n|switch|p2a: Dragonite|Dragonite, F|100/100\n|move|p1a: Landorus|U-turn|p2a: Dragonite\n|-resisted|p2a: Dragonite\n|-damage|p2a: Dragonite|96/100\n|\n|t:|1782441032\n|switch|p1a: Weezing|Weezing-Galar, M|89/100|[from] U-turn\n|-ability|p1a: Weezing|Neutralizing Gas\n|\n|upkeep\n|turn|7\n|\n|t:|1782441044\n|switch|p2a: Gholdengo|Gholdengo|100/100\n|-damage|p2a: Gholdengo|94/100|[from] Stealth Rock\n|move|p1a: Weezing|Will-O-Wisp|p2a: Gholdengo|[miss]\n|-miss|p1a: Weezing|p2a: Gholdengo\n|\n|upkeep\n|turn|8\n|\n|t:|1782441055\n|-end|p1a: Weezing|ability: Neutralizing Gas\n|switch|p1a: Goodra|Goodra-Hisui, M|100/100\n|-damage|p1a: Goodra|94/100|[from] Stealth Rock\n|move|p2a: Gholdengo|Shadow Ball|p1a: Goodra\n|-damage|p1a: Goodra|65/100\n|\n|upkeep\n|turn|9\n|\n|t:|1782441072\n|switch|p2a: Ting-Lu|Ting-Lu|87/100 brn\n|-damage|p2a: Ting-Lu|80/100 brn|[from] Stealth Rock\n|-ability|p2a: Ting-Lu|Vessel of Ruin\n|move|p1a: Goodra|Flash Cannon|p2a: Ting-Lu\n|-damage|p2a: Ting-Lu|62/100 brn\n|\n|-heal|p2a: Ting-Lu|69/100 brn|[from] item: Leftovers\n|-damage|p2a: Ting-Lu|62/100 brn|[from] brn\n|upkeep\n|turn|10\n|\n|t:|1782441083\n|switch|p1a: Ceruledge|Ceruledge, F|100/100\n|-damage|p1a: Ceruledge|76/100|[from] Stealth Rock\n|move|p2a: Ting-Lu|Whirlwind|p1a: Ceruledge\n|drag|p1a: Weezing|Weezing-Galar, M|89/100\n|-ability|p1a: Weezing|Neutralizing Gas\n|\n|-heal|p2a: Ting-Lu|69/100 brn|[from] item: Leftovers\n|-damage|p2a: Ting-Lu|62/100 brn|[from] brn\n|upkeep\n|turn|11\n|\n|t:|1782441096\n|switch|p2a: Gholdengo|Gholdengo|94/100\n|-damage|p2a: Gholdengo|88/100|[from] Stealth Rock\n|move|p1a: Weezing|Strange Steam|p2a: Gholdengo\n|-resisted|p2a: Gholdengo\n|-damage|p2a: Gholdengo|78/100\n|\n|upkeep\n|turn|12\n|\n|t:|1782441105\n|-end|p1a: Weezing|ability: Neutralizing Gas\n|switch|p1a: Umbreon|Umbreon, M|100/100\n|-damage|p1a: Umbreon|88/100|[from] Stealth Rock\n|move|p2a: Gholdengo|Shadow Ball|p1a: Umbreon\n|-resisted|p1a: Umbreon\n|-damage|p1a: Umbreon|75/100\n|-unboost|p1a: Umbreon|spd|1\n|\n|-heal|p1a: Umbreon|81/100|[from] item: Leftovers\n|upkeep\n|turn|13\n|\n|t:|1782441119\n|move|p2a: Gholdengo|Make It Rain|p1a: Umbreon\n|-damage|p1a: Umbreon|25/100\n|-unboost|p2a: Gholdengo|spa|1\n|move|p1a: Umbreon|Wish|p1a: Umbreon\n|\n|-heal|p1a: Umbreon|31/100|[from] item: Leftovers\n|upkeep\n|turn|14\n|\n|t:|1782441131\n|switch|p2a: Pecharunt|Pecharunt|100/100\n|switch|p1a: Goodra|Goodra-Hisui, M|65/100\n|-damage|p1a: Goodra|59/100|[from] Stealth Rock\n|\n|-heal|p1a: Goodra|100/100|[from] move: Wish|[wisher] Umbreon\n|upkeep\n|turn|15\n|\n|t:|1782441142\n|switch|p2a: Ting-Lu|Ting-Lu|62/100 brn\n|-damage|p2a: Ting-Lu|56/100 brn|[from] Stealth Rock\n|-ability|p2a: Ting-Lu|Vessel of Ruin\n|move|p1a: Goodra|Flash Cannon|p2a: Ting-Lu\n|-damage|p2a: Ting-Lu|38/100 brn\n|\n|-heal|p2a: Ting-Lu|44/100 brn|[from] item: Leftovers\n|-damage|p2a: Ting-Lu|38/100 brn|[from] brn\n|upkeep\n|turn|16\n|\n|t:|1782441146\n|move|p1a: Goodra|Flash Cannon|p2a: Ting-Lu\n|-damage|p2a: Ting-Lu|22/100 brn\n|-unboost|p2a: Ting-Lu|spd|1\n|move|p2a: Ting-Lu|Ruination|p1a: Goodra\n|-damage|p1a: Goodra|51/100\n|\n|-heal|p2a: Ting-Lu|28/100 brn|[from] item: Leftovers\n|-damage|p2a: Ting-Lu|22/100 brn|[from] brn\n|upkeep\n|turn|17\n|\n|t:|1782441160\n|switch|p2a: Gholdengo|Gholdengo|78/100\n|-damage|p2a: Gholdengo|72/100|[from] Stealth Rock\n|move|p1a: Goodra|Flash Cannon|p2a: Gholdengo\n|-resisted|p2a: Gholdengo\n|-damage|p2a: Gholdengo|55/100\n|\n|upkeep\n|turn|18\n|\n|t:|1782441179\n|move|p2a: Gholdengo|Make It Rain|p1a: Goodra\n|-resisted|p1a: Goodra\n|-damage|p1a: Goodra|30/100\n|-unboost|p2a: Gholdengo|spa|1\n|move|p1a: Goodra|Flash Cannon|p2a: Gholdengo\n|-resisted|p2a: Gholdengo\n|-damage|p2a: Gholdengo|39/100\n|\n|upkeep\n|turn|19\n|\n|t:|1782441186\n|move|p2a: Gholdengo|Make It Rain|p1a: Goodra\n|-resisted|p1a: Goodra\n|-damage|p1a: Goodra|17/100\n|-unboost|p2a: Gholdengo|spa|1\n|move|p1a: Goodra|Flash Cannon|p2a: Gholdengo\n|-resisted|p2a: Gholdengo\n|-damage|p2a: Gholdengo|22/100\n|\n|upkeep\n|turn|20\n|\n|t:|1782441200\n|switch|p2a: Samurott|Samurott-Hisui, M|35/100\n|-damage|p2a: Samurott|22/100|[from] Stealth Rock\n|move|p1a: Goodra|Flash Cannon|p2a: Samurott\n|-resisted|p2a: Samurott\n|-damage|p2a: Samurott|10/100\n|\n|upkeep\n|turn|21\n|\n|t:|1782441208\n|switch|p1a: Landorus|Landorus-Therian, M|50/100\n|-damage|p1a: Landorus|38/100|[from] Stealth Rock\n|-ability|p1a: Landorus|Intimidate|boost\n|-unboost|p2a: Samurott|atk|1\n|move|p2a: Samurott|Ceaseless Edge|p1a: Landorus\n|-damage|p1a: Landorus|14/100\n|-damage|p2a: Samurott|0 fnt|[from] item: Rocky Helmet|[of] p1a: Landorus\n|faint|p2a: Samurott\n|\n|upkeep\n|inactive|Meems1221 has 120 seconds left.\n|\n|t:|1782441241\n|switch|p2a: Walking Wake|Walking Wake|100/100\n|turn|22\n|\n|t:|1782441259\n|switch|p1a: Umbreon|Umbreon, M|31/100\n|-damage|p1a: Umbreon|19/100|[from] Stealth Rock\n|move|p2a: Walking Wake|Flip Turn|p1a: Umbreon\n|-damage|p1a: Umbreon|8/100\n|inactive|Meems1221 has 120 seconds left.\n|\n|t:|1782441275\n|-end|p2a: Walking Wake|Protosynthesis|[silent]\n|switch|p2a: Gholdengo|Gholdengo|22/100|[from] Flip Turn\n|-damage|p2a: Gholdengo|16/100|[from] Stealth Rock\n|\n|-heal|p1a: Umbreon|14/100|[from] item: Leftovers\n|upkeep\n|turn|23\n|\n|t:|1782441279\n|move|p2a: Gholdengo|Shadow Ball|p1a: Umbreon\n|-resisted|p1a: Umbreon\n|-damage|p1a: Umbreon|0 fnt\n|faint|p1a: Umbreon\n|\n|upkeep\n|\n|t:|1782441295\n|switch|p1a: Landorus|Landorus-Therian, M|14/100\n|-damage|p1a: Landorus|2/100|[from] Stealth Rock\n|-ability|p1a: Landorus|Intimidate|boost\n|-unboost|p2a: Gholdengo|atk|1\n|turn|24\n|\n|t:|1782441306\n|switch|p2a: Dragonite|Dragonite, F|96/100\n|move|p1a: Landorus|Earth Power|p2a: Dragonite\n|-immune|p2a: Dragonite\n|\n|upkeep\n|turn|25\n|\n|t:|1782441313\n|move|p1a: Landorus|Taunt|p2a: Dragonite\n|-start|p2a: Dragonite|move: Taunt\n|move|p2a: Dragonite|Dragon Tail|p1a: Landorus\n|-damage|p1a: Landorus|0 fnt\n|-damage|p2a: Dragonite|80/100|[from] item: Rocky Helmet|[of] p1a: Landorus\n|faint|p1a: Landorus\n|\n|upkeep\n|\n|t:|1782441325\n|switch|p1a: Goodra|Goodra-Hisui, M|17/100\n|-damage|p1a: Goodra|11/100|[from] Stealth Rock\n|turn|26\n|\n|t:|1782441335\n|move|p1a: Goodra|Ice Beam|p2a: Dragonite\n|-supereffective|p2a: Dragonite\n|-damage|p2a: Dragonite|0 fnt\n|faint|p2a: Dragonite\n|\n|upkeep\n|\n|t:|1782441360\n|switch|p2a: Walking Wake|Walking Wake|100/100\n|turn|27\n|\n|t:|1782441380\n|move|p2a: Walking Wake|Knock Off|p1a: Goodra\n|-damage|p1a: Goodra|0 fnt\n|-enditem|p1a: Goodra|Choice Scarf|[from] move: Knock Off|[of] p2a: Walking Wake\n|faint|p1a: Goodra\n|\n|upkeep\n|\n|t:|1782441387\n|switch|p1a: Rillaboom|Rillaboom, M|100/100\n|-damage|p1a: Rillaboom|88/100|[from] Stealth Rock\n|-fieldstart|move: Grassy Terrain|[from] ability: Grassy Surge|[of] p1a: Rillaboom\n|turn|28\n|\n|t:|1782441393\n|-end|p2a: Walking Wake|Protosynthesis|[silent]\n|switch|p2a: Pecharunt|Pecharunt|100/100\n|move|p1a: Rillaboom|Swords Dance|p1a: Rillaboom\n|-boost|p1a: Rillaboom|atk|2\n|\n|-heal|p1a: Rillaboom|94/100|[from] Grassy Terrain\n|upkeep\n|turn|29\n|\n|t:|1782441400\n|move|p2a: Pecharunt|Malignant Chain|p1a: Rillaboom\n|-supereffective|p1a: Rillaboom\n|-damage|p1a: Rillaboom|8/100\n|move|p1a: Rillaboom|Knock Off|p2a: Pecharunt\n|-supereffective|p2a: Pecharunt\n|-damage|p2a: Pecharunt|13/100\n|-enditem|p2a: Pecharunt|Heavy-Duty Boots|[from] move: Knock Off|[of] p1a: Rillaboom\n|\n|-heal|p2a: Pecharunt|19/100|[from] Grassy Terrain\n|-heal|p1a: Rillaboom|14/100|[from] Grassy Terrain\n|upkeep\n|turn|30\n|\n|t:|1782441407\n|-terastallize|p1a: Rillaboom|Grass\n|move|p1a: Rillaboom|Grassy Glide|p2a: Pecharunt\n|-resisted|p2a: Pecharunt\n|-crit|p2a: Pecharunt\n|-damage|p2a: Pecharunt|0 fnt\n|faint|p2a: Pecharunt\n|\n|-heal|p1a: Rillaboom|20/100|[from] Grassy Terrain\n|upkeep\n|\n|t:|1782441413\n|switch|p2a: Walking Wake|Walking Wake|100/100\n|turn|31\n|\n|t:|1782441422\n|move|p1a: Rillaboom|Grassy Glide|p2a: Walking Wake\n|-damage|p2a: Walking Wake|0 fnt\n|faint|p2a: Walking Wake\n|-end|p2a: Walking Wake|Protosynthesis|[silent]\n|\n|-heal|p1a: Rillaboom|27/100|[from] Grassy Terrain\n|upkeep\n|\n|t:|1782441425\n|switch|p2a: Gholdengo|Gholdengo|16/100\n|-damage|p2a: Gholdengo|10/100|[from] Stealth Rock\n|turn|32\n|\n|t:|1782441427\n|move|p1a: Rillaboom|Grassy Glide|p2a: Gholdengo\n|-resisted|p2a: Gholdengo\n|-damage|p2a: Gholdengo|0 fnt\n|faint|p2a: Gholdengo\n|\n|-heal|p1a: Rillaboom|33/100|[from] Grassy Terrain\n|upkeep\n|c|☆alt824|gg\n|\n|t:|1782441430\n|switch|p2a: Ting-Lu|Ting-Lu|22/100 brn\n|-damage|p2a: Ting-Lu|16/100 brn|[from] Stealth Rock\n|-ability|p2a: Ting-Lu|Vessel of Ruin\n|turn|33\n|\n|t:|1782441432\n|move|p1a: Rillaboom|Grassy Glide|p2a: Ting-Lu\n|-supereffective|p2a: Ting-Lu\n|-damage|p2a: Ting-Lu|0 fnt\n|faint|p2a: Ting-Lu\n|\n|win|alt824\n|raw|alt824's rating: 1262 &rarr; <strong>1289</strong><br />(+27 for winning)\n|raw|Meems1221's rating: 1285 &rarr; <strong>1258</strong><br />(-27 for losing)\n|l|☆Meems1221\n|player|p2|\n", "uploadtime": 1782441437, "views": 13, "formatid": "gen9ou", "rating": 1258, "private": 0, "password": null}