{"id": "gen9ou-2639199081", "format": "[Gen 9] OU", "players": ["DAN1EL980", "d1g1talstarr"], "log": "|j|☆DAN1EL980\n|j|☆d1g1talstarr\n|t:|1782432910\n|gametype|singles\n|player|p1|DAN1EL980|hilbert|1150\n|player|p2|d1g1talstarr|2|1173\n|gen|9\n|tier|[Gen 9] OU\n|rated|\n|rule|HP Percentage Mod: HP is shown in percentages\n|rule|Endless Battle Clause: Forcing endless battles is banned\n|rule|Species Clause: Limit one of each Pokémon\n|rule|OHKO Clause: OHKO moves are banned\n|rule|Evasion Items Clause: Evasion items are banned\n|rule|Evasion Moves Clause: Evasion moves are banned\n|rule|Evasion Abilities Clause: Evasion abilities are banned\n|rule|Sleep Moves Clause: Sleep-inducing moves are banned\n|clearpoke\n|poke|p1|Brambleghast, M|\n|poke|p1|Kingambit, M|\n|poke|p1|Wo-Chien|\n|poke|p1|Eelektross, F|\n|poke|p1|Dugtrio, F|\n|poke|p1|Vileplume, F|\n|poke|p2|Landorus-Therian, M|\n|poke|p2|Great Tusk|\n|poke|p2|Ogerpon-Wellspring, F|\n|poke|p2|Kingambit, F|\n|poke|p2|Slowking-Galar, F|\n|poke|p2|Sinistcha|\n|teampreview\n|inactive|Battle timer is ON: inactive players will automatically lose when time's up. (requested by d1g1talstarr)\n|\n|t:|1782432920\n|teamsize|p1|6\n|teamsize|p2|6\n|start\n|switch|p1a: Dugtrio|Dugtrio, F|100/100\n|switch|p2a: Landorus|Landorus-Therian, M|100/100\n|-ability|p2a: Landorus|Intimidate|boost\n|-unboost|p1a: Dugtrio|atk|1\n|turn|1\n|\n|t:|1782432933\n|move|p1a: Dugtrio|Sucker Punch||[still]\n|-fail|p1a: Dugtrio\n|move|p2a: Landorus|Stealth Rock|p1a: Dugtrio\n|-sidestart|p1: DAN1EL980|move: Stealth Rock\n|\n|upkeep\n|turn|2\n|\n|t:|1782432939\n|move|p1a: Dugtrio|Rock Slide|p2a: Landorus\n|-damage|p2a: Landorus|85/100\n|move|p2a: Landorus|U-turn|p1a: Dugtrio\n|-damage|p1a: Dugtrio|45/100\n|\n|t:|1782432950\n|switch|p2a: Sinistcha|Sinistcha|100/100|[from] U-turn\n|\n|upkeep\n|turn|3\n|\n|t:|1782432958\n|move|p1a: Dugtrio|Sucker Punch||[still]\n|-fail|p1a: Dugtrio\n|move|p2a: Sinistcha|Calm Mind|p2a: Sinistcha\n|-boost|p2a: Sinistcha|spa|1\n|-boost|p2a: Sinistcha|spd|1\n|\n|upkeep\n|turn|4\n|\n|t:|1782432967\n|move|p1a: Dugtrio|Rock Slide|p2a: Sinistcha\n|-damage|p2a: Sinistcha|89/100\n|cant|p2a: Sinistcha|flinch\n|\n|-heal|p2a: Sinistcha|95/100|[from] item: Leftovers\n|upkeep\n|turn|5\n|\n|t:|1782432976\n|move|p1a: Dugtrio|Sucker Punch|p2a: Sinistcha\n|-supereffective|p2a: Sinistcha\n|-damage|p2a: Sinistcha|76/100\n|move|p2a: Sinistcha|Matcha Gotcha|p1a: Dugtrio\n|-supereffective|p1a: Dugtrio\n|-damage|p1a: Dugtrio|0 fnt\n|-heal|p2a: Sinistcha|90/100|[from] drain|[of] p1a: Dugtrio\n|faint|p1a: Dugtrio\n|\n|-heal|p2a: Sinistcha|96/100|[from] item: Leftovers\n|upkeep\n|\n|t:|1782432987\n|switch|p1a: Wo-Chien|Wo-Chien|100/100\n|-damage|p1a: Wo-Chien|88/100|[from] Stealth Rock\n|-ability|p1a: Wo-Chien|Tablets of Ruin\n|turn|6\n|\n|t:|1782432995\n|move|p2a: Sinistcha|Strength Sap|p1a: Wo-Chien\n|-unboost|p1a: Wo-Chien|atk|1\n|-heal|p2a: Sinistcha|100/100\n|move|p1a: Wo-Chien|Substitute|p1a: Wo-Chien\n|-start|p1a: Wo-Chien|Substitute\n|-damage|p1a: Wo-Chien|63/100\n|\n|-heal|p1a: Wo-Chien|69/100|[from] item: Leftovers\n|upkeep\n|turn|7\n|\n|t:|1782433006\n|switch|p2a: Landorus|Landorus-Therian, M|85/100\n|-ability|p2a: Landorus|Intimidate|boost\n|-immune|p1a: Wo-Chien\n|move|p1a: Wo-Chien|Knock Off|p2a: Landorus\n|-damage|p2a: Landorus|67/100\n|-damage|p1a: Wo-Chien|53/100|[from] item: Rocky Helmet|[of] p2a: Landorus\n|-enditem|p2a: Landorus|Rocky Helmet|[from] move: Knock Off|[of] p1a: Wo-Chien\n|\n|-heal|p1a: Wo-Chien|59/100|[from] item: Leftovers\n|upkeep\n|turn|8\n|\n|t:|1782433018\n|move|p2a: Landorus|U-turn|p1a: Wo-Chien\n|-supereffective|p1a: Wo-Chien\n|-end|p1a: Wo-Chien|Substitute\n|\n|t:|1782433022\n|switch|p2a: Slowking|Slowking-Galar, F|100/100|[from] U-turn\n|move|p1a: Wo-Chien|Leech Seed|p2a: Slowking\n|-start|p2a: Slowking|move: Leech Seed\n|\n|-heal|p1a: Wo-Chien|65/100|[from] item: Leftovers\n|-damage|p2a: Slowking|88/100|[from] Leech Seed|[of] p1a: Wo-Chien\n|-heal|p1a: Wo-Chien|78/100|[silent]\n|upkeep\n|turn|9\n|\n|t:|1782433038\n|switch|p2a: Landorus|Landorus-Therian, M|67/100\n|-ability|p2a: Landorus|Intimidate|boost\n|-unboost|p1a: Wo-Chien|atk|1\n|move|p1a: Wo-Chien|Stun Spore|p2a: Landorus|[miss]\n|-miss|p1a: Wo-Chien|p2a: Landorus\n|\n|-heal|p1a: Wo-Chien|84/100|[from] item: Leftovers\n|upkeep\n|turn|10\n|\n|t:|1782433048\n|move|p2a: Landorus|U-turn|p1a: Wo-Chien\n|-supereffective|p1a: Wo-Chien\n|-damage|p1a: Wo-Chien|30/100\n|\n|t:|1782433054\n|switch|p2a: Sinistcha|Sinistcha|100/100|[from] U-turn\n|move|p1a: Wo-Chien|Stun Spore|p2a: Sinistcha\n|-immune|p2a: Sinistcha\n|\n|-heal|p1a: Wo-Chien|36/100|[from] item: Leftovers\n|upkeep\n|turn|11\n|\n|t:|1782433063\n|move|p1a: Wo-Chien|Knock Off|p2a: Sinistcha\n|-supereffective|p2a: Sinistcha\n|-damage|p2a: Sinistcha|80/100\n|-enditem|p2a: Sinistcha|Leftovers|[from] move: Knock Off|[of] p1a: Wo-Chien\n|move|p2a: Sinistcha|Calm Mind|p2a: Sinistcha\n|-boost|p2a: Sinistcha|spa|1\n|-boost|p2a: Sinistcha|spd|1\n|\n|-heal|p1a: Wo-Chien|42/100|[from] item: Leftovers\n|upkeep\n|turn|12\n|-message|DAN1EL980 forfeited.\n|\n|win|d1g1talstarr\n|raw|DAN1EL980's rating: 1150 &rarr; <strong>1127</strong><br />(-23 for losing)\n|raw|d1g1talstarr's rating: 1173 &rarr; <strong>1196</strong><br />(+23 for winning)\n|l|☆DAN1EL980\n|player|p1|\n|l|☆d1g1talstarr\n|player|p2|\n", "uploadtime": 1782433371, "views": 11, "formatid": "gen9ou", "rating": 1127, "private": 0, "password": null}