{"id": "gen9ou-2647751942", "format": "[Gen 9] OU", "players": ["dragonator_jj", "DelphoxisUbers"], "log": "|j|☆dragonator_jj\n|j|☆DelphoxisUbers\n|t:|1783806563\n|gametype|singles\n|player|p1|dragonator_jj|psychic|1130\n|player|p2|DelphoxisUbers|caitlin|1174\n|gen|9\n|tier|[Gen 9] OU\n|rated|\n|rule|HP Percentage Mod: HP is shown in percentages\n|rule|Endless Battle Clause: Forcing endless battles is banned\n|rule|Species Clause: Limit one of each Pokémon\n|rule|OHKO Clause: OHKO moves are banned\n|rule|Evasion Items Clause: Evasion items are banned\n|rule|Evasion Moves Clause: Evasion moves are banned\n|rule|Evasion Abilities Clause: Evasion abilities are banned\n|rule|Sleep Moves Clause: Sleep-inducing moves are banned\n|clearpoke\n|poke|p1|Rillaboom, F|\n|poke|p1|Ogerpon-Cornerstone, F|\n|poke|p1|Gholdengo|\n|poke|p1|Great Tusk|\n|poke|p1|Latios, M|\n|poke|p1|Moltres|\n|poke|p2|Garchomp, M|\n|poke|p2|Samurott-Hisui, M|\n|poke|p2|Delphox, M|\n|poke|p2|Iron Treads|\n|poke|p2|Iron Valiant|\n|poke|p2|Pecharunt|\n|teampreview\n|\n|t:|1783806582\n|teamsize|p1|6\n|teamsize|p2|6\n|start\n|switch|p1a: Rillaboom|Rillaboom, F|100/100\n|switch|p2a: Garchomp|Garchomp, M|100/100\n|-fieldstart|move: Grassy Terrain|[from] ability: Grassy Surge|[of] p1a: Rillaboom\n|turn|1\n|\n|t:|1783806590\n|move|p1a: Rillaboom|Wood Hammer|p2a: Garchomp\n|-damage|p2a: Garchomp|48/100\n|-damage|p1a: Rillaboom|88/100|[from] ability: Rough Skin|[of] p2a: Garchomp\n|-damage|p1a: Rillaboom|71/100|[from] item: Rocky Helmet|[of] p2a: Garchomp\n|-damage|p1a: Rillaboom|51/100|[from] Recoil\n|move|p2a: Garchomp|Spikes|p1a: Rillaboom\n|-sidestart|p1: dragonator_jj|Spikes\n|\n|-heal|p1a: Rillaboom|57/100|[from] Grassy Terrain\n|-heal|p2a: Garchomp|54/100|[from] Grassy Terrain\n|upkeep\n|turn|2\n|\n|t:|1783806601\n|move|p1a: Rillaboom|Swords Dance|p1a: Rillaboom\n|-boost|p1a: Rillaboom|atk|2\n|move|p2a: Garchomp|Stealth Rock|p1a: Rillaboom\n|-sidestart|p1: dragonator_jj|move: Stealth Rock\n|\n|-heal|p1a: Rillaboom|63/100|[from] Grassy Terrain\n|-heal|p2a: Garchomp|60/100|[from] Grassy Terrain\n|upkeep\n|turn|3\n|\n|t:|1783806611\n|move|p1a: Rillaboom|Grassy Glide|p2a: Garchomp\n|-damage|p2a: Garchomp|7/100\n|-damage|p1a: Rillaboom|51/100|[from] ability: Rough Skin|[of] p2a: Garchomp\n|-damage|p1a: Rillaboom|34/100|[from] item: Rocky Helmet|[of] p2a: Garchomp\n|move|p2a: Garchomp|Dragon Tail|p1a: Rillaboom\n|-damage|p1a: Rillaboom|6/100\n|drag|p1a: Latios|Latios, M|100/100\n|-damage|p1a: Latios|88/100|[from] Stealth Rock\n|\n|-heal|p2a: Garchomp|13/100|[from] Grassy Terrain\n|upkeep\n|turn|4\n|\n|t:|1783806627\n|move|p1a: Latios|Psychic Noise|p2a: Garchomp\n|-damage|p2a: Garchomp|0 fnt\n|faint|p2a: Garchomp\n|\n|upkeep\n|\n|t:|1783806631\n|switch|p2a: Samurott|Samurott-Hisui, M|100/100\n|turn|5\n|\n|t:|1783806639\n|-terastallize|p1a: Latios|Steel\n|move|p2a: Samurott|Flip Turn|p1a: Latios\n|-damage|p1a: Latios|50/100\n|\n|t:|1783806643\n|switch|p2a: Delphox|Delphox, M|100/100|[from] Flip Turn\n|move|p1a: Latios|Calm Mind|p1a: Latios\n|-boost|p1a: Latios|spa|1\n|-boost|p1a: Latios|spd|1\n|\n|upkeep\n|turn|6\n|\n|t:|1783806650\n|move|p1a: Latios|Draco Meteor|p2a: Delphox\n|-damage|p2a: Delphox|0 fnt\n|-unboost|p1a: Latios|spa|2\n|faint|p2a: Delphox\n|\n|upkeep\n|\n|t:|1783806670\n|switch|p2a: Samurott|Samurott-Hisui, M|100/100\n|turn|7\n|\n|t:|1783806676\n|move|p2a: Samurott|Sacred Sword|p1a: Latios\n|-supereffective|p1a: Latios\n|-crit|p1a: Latios\n|-damage|p1a: Latios|0 fnt\n|faint|p1a: Latios\n|\n|upkeep\n|\n|t:|1783806682\n|switch|p1a: Great Tusk|Great Tusk|100/100\n|turn|8\n|\n|t:|1783806687\n|switch|p2a: Pecharunt|Pecharunt|100/100\n|move|p1a: Great Tusk|Headlong Rush|p2a: Pecharunt\n|-supereffective|p2a: Pecharunt\n|-damage|p2a: Pecharunt|18/100\n|-unboost|p1a: Great Tusk|def|1\n|-unboost|p1a: Great Tusk|spd|1\n|\n|-heal|p2a: Pecharunt|24/100|[from] Grassy Terrain\n|-heal|p2a: Pecharunt|30/100|[from] item: Leftovers\n|-fieldend|move: Grassy Terrain\n|upkeep\n|turn|9\n|\n|t:|1783806696\n|move|p1a: Great Tusk|Headlong Rush|p2a: Pecharunt\n|-supereffective|p2a: Pecharunt\n|-damage|p2a: Pecharunt|0 fnt\n|-unboost|p1a: Great Tusk|def|1\n|-unboost|p1a: Great Tusk|spd|1\n|faint|p2a: Pecharunt\n|\n|upkeep\n|\n|t:|1783806700\n|switch|p2a: Samurott|Samurott-Hisui, M|100/100\n|turn|10\n|\n|t:|1783806705\n|-end|p1a: Great Tusk|Protosynthesis|[silent]\n|switch|p1a: Rillaboom|Rillaboom, F|6/100\n|-damage|p1a: Rillaboom|0 fnt|[from] Spikes\n|faint|p1a: Rillaboom\n|move|p2a: Samurott|Flip Turn|p1: Rillaboom|[notarget]\n|-fail|p2a: Samurott\n|\n|upkeep\n|\n|t:|1783806713\n|switch|p1a: Moltres|Moltres|100/100\n|turn|11\n|\n|t:|1783806718\n|move|p2a: Samurott|Flip Turn|p1a: Moltres\n|-supereffective|p1a: Moltres\n|-damage|p1a: Moltres|62/100\n|-status|p2a: Samurott|brn|[from] ability: Flame Body|[of] p1a: Moltres\n|\n|t:|1783806723\n|switch|p2a: Iron Treads|Iron Treads|100/100|[from] Flip Turn\n|move|p1a: Moltres|U-turn|p2a: Iron Treads\n|-resisted|p2a: Iron Treads\n|-damage|p2a: Iron Treads|94/100\n|\n|t:|1783806729\n|switch|p1a: Great Tusk|Great Tusk|100/100|[from] U-turn\n|\n|upkeep\n|turn|12\n|\n|t:|1783806739\n|move|p2a: Iron Treads|Knock Off|p1a: Great Tusk\n|-resisted|p1a: Great Tusk\n|-damage|p1a: Great Tusk|90/100\n|-enditem|p1a: Great Tusk|Heavy-Duty Boots|[from] move: Knock Off|[of] p2a: Iron Treads\n|move|p1a: Great Tusk|Rapid Spin|p2a: Iron Treads\n|-resisted|p2a: Iron Treads\n|-damage|p2a: Iron Treads|86/100\n|-boost|p1a: Great Tusk|spe|1\n|-sideend|p1: dragonator_jj|Spikes|[from] move: Rapid Spin|[of] p1a: Great Tusk\n|-sideend|p1: dragonator_jj|Stealth Rock|[from] move: Rapid Spin|[of] p1a: Great Tusk\n|\n|upkeep\n|turn|13\n|\n|t:|1783806751\n|move|p1a: Great Tusk|Headlong Rush|p2a: Iron Treads\n|-supereffective|p2a: Iron Treads\n|-damage|p2a: Iron Treads|0 fnt\n|-unboost|p1a: Great Tusk|def|1\n|-unboost|p1a: Great Tusk|spd|1\n|faint|p2a: Iron Treads\n|-end|p2a: Iron Treads|Quark Drive|[silent]\n|\n|upkeep\n|\n|t:|1783806756\n|switch|p2a: Samurott|Samurott-Hisui, M|100/100 brn\n|turn|14\n|\n|t:|1783806762\n|-end|p1a: Great Tusk|Protosynthesis|[silent]\n|switch|p1a: Gholdengo|Gholdengo|100/100\n|move|p2a: Samurott|Aqua Cutter|p1a: Gholdengo\n|-damage|p1a: Gholdengo|72/100\n|\n|-damage|p2a: Samurott|94/100 brn|[from] brn\n|upkeep\n|turn|15\n|\n|t:|1783806773\n|move|p2a: Samurott|Aqua Cutter|p1a: Gholdengo\n|-damage|p1a: Gholdengo|44/100\n|move|p1a: Gholdengo|Trick|p2a: Samurott\n|-activate|p1a: Gholdengo|move: Trick|[of] p2a: Samurott\n|-item|p2a: Samurott|Choice Specs|[from] move: Trick\n|-item|p1a: Gholdengo|Choice Scarf|[from] move: Trick\n|\n|-damage|p2a: Samurott|88/100 brn|[from] brn\n|upkeep\n|turn|16\n|\n|t:|1783806782\n|switch|p1a: Moltres|Moltres|62/100\n|move|p2a: Samurott|Ceaseless Edge|p1a: Moltres|[miss]\n|-miss|p2a: Samurott|p1a: Moltres\n|\n|-damage|p2a: Samurott|82/100 brn|[from] brn\n|upkeep\n|turn|17\n|\n|t:|1783806788\n|move|p2a: Samurott|Ceaseless Edge|p1a: Moltres\n|-crit|p1a: Moltres\n|-damage|p1a: Moltres|40/100\n|-sidestart|p1: dragonator_jj|Spikes\n|move|p1a: Moltres|U-turn|p2a: Samurott\n|-supereffective|p2a: Samurott\n|-damage|p2a: Samurott|48/100 brn\n|\n|t:|1783806795\n|switch|p1a: Great Tusk|Great Tusk|90/100|[from] U-turn\n|-damage|p1a: Great Tusk|78/100|[from] Spikes\n|\n|-damage|p2a: Samurott|41/100 brn|[from] brn\n|upkeep\n|turn|18\n|\n|t:|1783806803\n|move|p1a: Great Tusk|Headlong Rush|p2a: Samurott\n|-damage|p2a: Samurott|0 fnt\n|-unboost|p1a: Great Tusk|def|1\n|-unboost|p1a: Great Tusk|spd|1\n|faint|p2a: Samurott\n|\n|upkeep\n|\n|t:|1783806805\n|switch|p2a: Iron Valiant|Iron Valiant|100/100\n|-enditem|p2a: Iron Valiant|Booster Energy\n|-activate|p2a: Iron Valiant|ability: Quark Drive|[fromitem]\n|-start|p2a: Iron Valiant|quarkdrivespe\n|turn|19\n|\n|t:|1783806812\n|-terastallize|p2a: Iron Valiant|Stellar\n|move|p2a: Iron Valiant|Psychic|p1a: Great Tusk\n|-supereffective|p1a: Great Tusk\n|-damage|p1a: Great Tusk|0 fnt\n|faint|p1a: Great Tusk\n|-end|p1a: Great Tusk|Protosynthesis|[silent]\n|\n|upkeep\n|\n|t:|1783806820\n|switch|p1a: Ogerpon|Ogerpon-Cornerstone, F|100/100\n|-damage|p1a: Ogerpon|88/100|[from] Spikes\n|turn|20\n|\n|t:|1783806837\n|move|p2a: Iron Valiant|Moonblast|p1a: Ogerpon\n|-damage|p1a: Ogerpon|32/100\n|-unboost|p1a: Ogerpon|spa|1\n|move|p1a: Ogerpon|Horn Leech|p2a: Iron Valiant\n|-damage|p2a: Iron Valiant|40/100\n|-heal|p1a: Ogerpon|62/100|[from] drain|[of] p2a: Iron Valiant\n|\n|upkeep\n|turn|21\n|\n|t:|1783806845\n|move|p2a: Iron Valiant|Psychic|p1a: Ogerpon\n|-crit|p1a: Ogerpon\n|-damage|p1a: Ogerpon|16/100\n|-unboost|p1a: Ogerpon|spd|1\n|move|p1a: Ogerpon|Horn Leech|p2a: Iron Valiant\n|-damage|p2a: Iron Valiant|0 fnt\n|-heal|p1a: Ogerpon|35/100|[from] drain|[of] p2a: Iron Valiant\n|faint|p2a: Iron Valiant\n|-end|p2a: Iron Valiant|Quark Drive|[silent]\n|\n|win|dragonator_jj\n|raw|dragonator_jj's rating: 1106 &rarr; <strong>1136</strong><br />(+30 for winning)\n|raw|DelphoxisUbers's rating: 1174 &rarr; <strong>1144</strong><br />(-30 for losing)\n|l|☆DelphoxisUbers\n|player|p2|\n|l|☆dragonator_jj\n|player|p1|\n", "uploadtime": 1783807175, "views": 17, "formatid": "gen9ou", "rating": 1136, "private": 0, "password": null}