{"id": "gen9ou-2647720167", "format": "[Gen 9] OU", "players": ["temporarylight", "omari p"], "log": "|j|☆temporarylight\n|j|☆omari p\n|t:|1783801399\n|gametype|singles\n|player|p1|temporarylight|jogger|\n|player|p2|omari p|pokemonrangerf|\n|gen|9\n|tier|[Gen 9] OU\n|rule|HP Percentage Mod: HP is shown in percentages\n|rule|Endless Battle Clause: Forcing endless battles is banned\n|rule|Species Clause: Limit one of each Pokémon\n|rule|OHKO Clause: OHKO moves are banned\n|rule|Evasion Items Clause: Evasion items are banned\n|rule|Evasion Moves Clause: Evasion moves are banned\n|rule|Evasion Abilities Clause: Evasion abilities are banned\n|rule|Sleep Moves Clause: Sleep-inducing moves are banned\n|clearpoke\n|poke|p1|Serperior, M|\n|poke|p1|Heatran, F|\n|poke|p1|Ting-Lu|\n|poke|p1|Zamazenta-*|\n|poke|p1|Gliscor, F|\n|poke|p1|Pecharunt|\n|poke|p2|Deoxys-Speed|\n|poke|p2|Staraptor, F|\n|poke|p2|Oricorio-Pom-Pom, M|\n|poke|p2|Mandibuzz, F|\n|poke|p2|Cinderace, M|\n|poke|p2|Kyurem|\n|teampreview\n|c|☆omari p|now\n|c|☆omari p|this is gonna be fun\n|inactive|Battle timer is ON: inactive players will automatically lose when time's up. (requested by omari p)\n|\n|t:|1783801423\n|teamsize|p1|6\n|teamsize|p2|6\n|start\n|switch|p1a: Ting-Lu|Ting-Lu|100/100\n|switch|p2a: Deoxys|Deoxys-Speed|100/100\n|-ability|p2a: Deoxys|Pressure\n|-ability|p1a: Ting-Lu|Vessel of Ruin\n|turn|1\n|\n|t:|1783801438\n|move|p2a: Deoxys|Stealth Rock|p1a: Ting-Lu\n|-sidestart|p1: temporarylight|move: Stealth Rock\n|move|p1a: Ting-Lu|Ruination|p2a: Deoxys\n|-damage|p2a: Deoxys|51/100\n|\n|upkeep\n|turn|2\n|\n|t:|1783801443\n|move|p2a: Deoxys|Ice Beam|p1a: Ting-Lu\n|-supereffective|p1a: Ting-Lu\n|-damage|p1a: Ting-Lu|78/100\n|move|p1a: Ting-Lu|Earthquake|p2a: Deoxys\n|-damage|p2a: Deoxys|0 fnt\n|faint|p2a: Deoxys\n|\n|-heal|p1a: Ting-Lu|84/100|[from] item: Leftovers\n|upkeep\n|\n|t:|1783801449\n|switch|p2a: Kyurem|Kyurem|100/100\n|-ability|p2a: Kyurem|Pressure\n|turn|3\n|\n|t:|1783801454\n|move|p2a: Kyurem|Ice Beam|p1a: Ting-Lu\n|-supereffective|p1a: Ting-Lu\n|-damage|p1a: Ting-Lu|42/100\n|-status|p1a: Ting-Lu|frz\n|cant|p1a: Ting-Lu|frz\n|\n|-heal|p1a: Ting-Lu|48/100 frz|[from] item: Leftovers\n|upkeep\n|turn|4\n|\n|t:|1783801464\n|move|p2a: Kyurem|Ice Beam|p1a: Ting-Lu\n|-supereffective|p1a: Ting-Lu\n|-damage|p1a: Ting-Lu|4/100 frz\n|-curestatus|p1a: Ting-Lu|frz|[msg]\n|move|p1a: Ting-Lu|Spikes|p2a: Kyurem\n|-sidestart|p2: omari p|Spikes\n|\n|-heal|p1a: Ting-Lu|10/100|[from] item: Leftovers\n|upkeep\n|turn|5\n|\n|t:|1783801469\n|move|p2a: Kyurem|Ice Beam|p1a: Ting-Lu\n|-supereffective|p1a: Ting-Lu\n|-damage|p1a: Ting-Lu|0 fnt\n|faint|p1a: Ting-Lu\n|\n|upkeep\n|\n|t:|1783801471\n|switch|p1a: Zamazenta|Zamazenta|100/100\n|-damage|p1a: Zamazenta|94/100|[from] Stealth Rock\n|-ability|p1a: Zamazenta|Dauntless Shield|boost\n|-boost|p1a: Zamazenta|def|1\n|turn|6\n|\n|t:|1783801475\n|-terastallize|p2a: Kyurem|Fairy\n|move|p1a: Zamazenta|Body Press|p2a: Kyurem\n|-resisted|p2a: Kyurem\n|-damage|p2a: Kyurem|72/100\n|move|p2a: Kyurem|Ice Beam|p1a: Zamazenta\n|-damage|p1a: Zamazenta|46/100\n|\n|-heal|p1a: Zamazenta|52/100|[from] item: Leftovers\n|upkeep\n|turn|7\n|\n|t:|1783801478\n|move|p2a: Kyurem|Ice Beam|p1a: Zamazenta\n|-damage|p1a: Zamazenta|8/100\n|move|p1a: Zamazenta|Roar|p2a: Kyurem\n|drag|p2a: Oricorio|Oricorio-Pom-Pom, M|100/100\n|\n|-heal|p1a: Zamazenta|14/100|[from] item: Leftovers\n|upkeep\n|turn|8\n|\n|t:|1783801485\n|move|p2a: Oricorio|Quiver Dance|p2a: Oricorio\n|-boost|p2a: Oricorio|spa|1\n|-boost|p2a: Oricorio|spd|1\n|-boost|p2a: Oricorio|spe|1\n|move|p1a: Zamazenta|Roar|p2a: Oricorio\n|drag|p2a: Staraptor|Staraptor, F|100/100\n|\n|-heal|p1a: Zamazenta|20/100|[from] item: Leftovers\n|upkeep\n|turn|9\n|\n|t:|1783801488\n|move|p2a: Staraptor|Brave Bird|p1a: Zamazenta\n|-supereffective|p1a: Zamazenta\n|-damage|p1a: Zamazenta|0 fnt\n|faint|p1a: Zamazenta\n|-damage|p2a: Staraptor|94/100|[from] Recoil\n|\n|upkeep\n|\n|t:|1783801491\n|switch|p1a: Pecharunt|Pecharunt|100/100\n|turn|10\n|\n|t:|1783801499\n|switch|p2a: Cinderace|Cinderace, M|100/100\n|-damage|p2a: Cinderace|88/100|[from] Spikes\n|move|p1a: Pecharunt|Malignant Chain|p2a: Cinderace\n|-damage|p2a: Cinderace|31/100\n|\n|upkeep\n|turn|11\n|\n|t:|1783801503\n|move|p2a: Cinderace|Pyro Ball|p1a: Pecharunt\n|-damage|p1a: Pecharunt|52/100\n|move|p1a: Pecharunt|Malignant Chain|p2a: Cinderace\n|-damage|p2a: Cinderace|0 fnt\n|faint|p2a: Cinderace\n|\n|upkeep\n|\n|t:|1783801507\n|switch|p2a: Oricorio|Oricorio-Pom-Pom, M|100/100\n|turn|12\n|\n|t:|1783801510\n|move|p1a: Pecharunt|Malignant Chain|p2a: Oricorio\n|-damage|p2a: Oricorio|44/100\n|move|p2a: Oricorio|Quiver Dance|p2a: Oricorio\n|-boost|p2a: Oricorio|spa|1\n|-boost|p2a: Oricorio|spd|1\n|-boost|p2a: Oricorio|spe|1\n|\n|upkeep\n|turn|13\n|\n|t:|1783801514\n|switch|p1a: Heatran|Heatran, F|100/100\n|-damage|p1a: Heatran|88/100|[from] Stealth Rock\n|move|p2a: Oricorio|Roost|p2a: Oricorio\n|-heal|p2a: Oricorio|94/100\n|-singleturn|p2a: Oricorio|move: Roost\n|\n|-heal|p1a: Heatran|94/100|[from] item: Leftovers\n|upkeep\n|turn|14\n|\n|t:|1783801516\n|move|p2a: Oricorio|Quiver Dance|p2a: Oricorio\n|-boost|p2a: Oricorio|spa|1\n|-boost|p2a: Oricorio|spd|1\n|-boost|p2a: Oricorio|spe|1\n|move|p1a: Heatran|Magma Storm|p2a: Oricorio\n|-damage|p2a: Oricorio|66/100\n|-activate|p2a: Oricorio|move: Magma Storm|[of] p1a: Heatran\n|\n|-heal|p1a: Heatran|100/100|[from] item: Leftovers\n|-damage|p2a: Oricorio|54/100|[from] move: Magma Storm|[partiallytrapped]\n|upkeep\n|turn|15\n|\n|t:|1783801524\n|move|p2a: Oricorio|Roost|p2a: Oricorio\n|-heal|p2a: Oricorio|100/100\n|-singleturn|p2a: Oricorio|move: Roost\n|move|p1a: Heatran|Taunt|p2a: Oricorio\n|-start|p2a: Oricorio|move: Taunt\n|\n|-damage|p2a: Oricorio|88/100|[from] move: Magma Storm|[partiallytrapped]\n|upkeep\n|turn|16\n|\n|t:|1783801527\n|move|p2a: Oricorio|Revelation Dance|p1a: Heatran\n|-damage|p1a: Heatran|49/100\n|move|p1a: Heatran|Magma Storm|p2a: Oricorio\n|-crit|p2a: Oricorio\n|-damage|p2a: Oricorio|3/100\n|\n|-heal|p1a: Heatran|55/100|[from] item: Leftovers\n|-damage|p2a: Oricorio|0 fnt|[from] move: Magma Storm|[partiallytrapped]\n|faint|p2a: Oricorio\n|upkeep\n|c|☆temporarylight|myb\n|c|☆omari p|that actually won lmao\n|c|☆omari p|but it's ok\n|c|☆temporarylight|yea\n|\n|t:|1783801540\n|switch|p2a: Kyurem|Kyurem, tera:Fairy|72/100\n|-damage|p2a: Kyurem|60/100|[from] Spikes\n|-ability|p2a: Kyurem|Pressure\n|turn|17\n|\n|t:|1783801545\n|switch|p1a: Serperior|Serperior, M|100/100\n|move|p2a: Kyurem|Earth Power|p1a: Serperior\n|-resisted|p1a: Serperior\n|-damage|p1a: Serperior|84/100\n|\n|upkeep\n|turn|18\n|\n|t:|1783801550\n|move|p1a: Serperior|Glare|p2a: Kyurem\n|-status|p2a: Kyurem|par\n|move|p2a: Kyurem|Ice Beam|p1a: Serperior\n|-supereffective|p1a: Serperior\n|-damage|p1a: Serperior|0 fnt\n|faint|p1a: Serperior\n|\n|upkeep\n|\n|t:|1783801552\n|switch|p1a: Gliscor|Gliscor, F|100/100\n|-damage|p1a: Gliscor|88/100|[from] Stealth Rock\n|turn|19\n|\n|t:|1783801554\n|move|p1a: Gliscor|Protect|p1a: Gliscor\n|-singleturn|p1a: Gliscor|Protect\n|cant|p2a: Kyurem|par\n|\n|-status|p1a: Gliscor|tox|[from] item: Toxic Orb\n|upkeep\n|turn|20\n|\n|t:|1783801564\n|-terastallize|p1a: Gliscor|Normal\n|move|p1a: Gliscor|Knock Off|p2a: Kyurem\n|-resisted|p2a: Kyurem\n|-damage|p2a: Kyurem|50/100 par\n|-enditem|p2a: Kyurem|Assault Vest|[from] move: Knock Off|[of] p1a: Gliscor\n|cant|p2a: Kyurem|par\n|\n|-heal|p1a: Gliscor|100/100 tox|[from] ability: Poison Heal\n|upkeep\n|turn|21\n|\n|t:|1783801568\n|switch|p2a: Mandibuzz|Mandibuzz, F, shiny|100/100\n|move|p1a: Gliscor|Facade|p2a: Mandibuzz\n|-damage|p2a: Mandibuzz|72/100\n|-damage|p1a: Gliscor|84/100 tox|[from] item: Rocky Helmet|[of] p2a: Mandibuzz\n|\n|-heal|p1a: Gliscor|97/100 tox|[from] ability: Poison Heal\n|upkeep\n|turn|22\n|\n|t:|1783801573\n|move|p1a: Gliscor|Knock Off|p2a: Mandibuzz\n|-resisted|p2a: Mandibuzz\n|-damage|p2a: Mandibuzz|66/100\n|-damage|p1a: Gliscor|80/100 tox|[from] item: Rocky Helmet|[of] p2a: Mandibuzz\n|-enditem|p2a: Mandibuzz|Rocky Helmet|[from] move: Knock Off|[of] p1a: Gliscor\n|move|p2a: Mandibuzz|Roost|p2a: Mandibuzz\n|-heal|p2a: Mandibuzz|100/100\n|-singleturn|p2a: Mandibuzz|move: Roost\n|\n|-heal|p1a: Gliscor|93/100 tox|[from] ability: Poison Heal\n|upkeep\n|turn|23\n|\n|t:|1783801581\n|switch|p1a: Pecharunt|Pecharunt|52/100\n|move|p2a: Mandibuzz|Foul Play|p1a: Pecharunt\n|-supereffective|p1a: Pecharunt\n|-damage|p1a: Pecharunt|19/100\n|\n|upkeep\n|turn|24\n|\n|t:|1783801591\n|switch|p2a: Staraptor|Staraptor, F|94/100\n|move|p1a: Pecharunt|Recover|p1a: Pecharunt\n|-heal|p1a: Pecharunt|70/100\n|\n|upkeep\n|turn|25\n|\n|t:|1783801599\n|move|p2a: Staraptor|Brave Bird|p1a: Pecharunt\n|-damage|p1a: Pecharunt|9/100\n|-damage|p2a: Staraptor|73/100|[from] Recoil\n|move|p1a: Pecharunt|Recover|p1a: Pecharunt\n|-heal|p1a: Pecharunt|59/100\n|\n|upkeep\n|turn|26\n|c|☆omari p|ya\n|c|☆omari p|im loving this bird\n|c|☆temporarylight|i shoulda calced....\n|j| brrbrr1\n|\n|t:|1783801622\n|switch|p1a: Heatran|Heatran, F|55/100\n|-damage|p1a: Heatran|43/100|[from] Stealth Rock\n|move|p2a: Staraptor|Brave Bird|p1a: Heatran\n|-resisted|p1a: Heatran\n|-damage|p1a: Heatran|11/100\n|-damage|p2a: Staraptor|60/100|[from] Recoil\n|\n|-heal|p1a: Heatran|17/100|[from] item: Leftovers\n|upkeep\n|turn|27\n|c| brrbrr1|that unlucky crit on oricorio is frying me\n|c| brrbrr1|bro set all that up for what\n|inactive|omari p has 270 seconds left.\n|c|☆temporarylight|its ok im throwing ts endgame\n|\n|t:|1783801676\n|move|p2a: Staraptor|Brave Bird|p1a: Heatran\n|-resisted|p1a: Heatran\n|-crit|p1a: Heatran\n|-damage|p1a: Heatran|0 fnt\n|faint|p1a: Heatran\n|-damage|p2a: Staraptor|54/100|[from] Recoil\n|\n|upkeep\n|\n|t:|1783801682\n|switch|p1a: Gliscor|Gliscor, F, tera:Normal|93/100 tox\n|-damage|p1a: Gliscor|80/100 tox|[from] Stealth Rock\n|turn|28\n|c|☆omari p|LOL\n|\n|t:|1783801691\n|move|p1a: Gliscor|Protect|p1a: Gliscor\n|-singleturn|p1a: Gliscor|Protect\n|move|p2a: Staraptor|Brave Bird|p1a: Gliscor\n|-activate|p1a: Gliscor|move: Protect\n|\n|-heal|p1a: Gliscor|93/100 tox|[from] ability: Poison Heal\n|upkeep\n|turn|29\n|\n|t:|1783801700\n|switch|p2a: Mandibuzz|Mandibuzz, F, shiny|100/100\n|move|p1a: Gliscor|Facade|p2a: Mandibuzz\n|-damage|p2a: Mandibuzz|73/100\n|\n|-heal|p1a: Gliscor|100/100 tox|[from] ability: Poison Heal\n|upkeep\n|turn|30\n|\n|t:|1783801704\n|move|p1a: Gliscor|Facade|p2a: Mandibuzz\n|-damage|p2a: Mandibuzz|46/100\n|move|p2a: Mandibuzz|Foul Play|p1a: Gliscor\n|-damage|p1a: Gliscor|76/100 tox\n|\n|-heal|p1a: Gliscor|89/100 tox|[from] ability: Poison Heal\n|upkeep\n|turn|31\n|\n|t:|1783801708\n|move|p1a: Gliscor|Protect|p1a: Gliscor\n|-singleturn|p1a: Gliscor|Protect\n|move|p2a: Mandibuzz|Roost|p2a: Mandibuzz\n|-heal|p2a: Mandibuzz|96/100\n|-singleturn|p2a: Mandibuzz|move: Roost\n|\n|-heal|p1a: Gliscor|100/100 tox|[from] ability: Poison Heal\n|upkeep\n|turn|32\n|\n|t:|1783801710\n|move|p1a: Gliscor|Facade|p2a: Mandibuzz\n|-crit|p2a: Mandibuzz\n|-damage|p2a: Mandibuzz|54/100\n|move|p2a: Mandibuzz|Foul Play|p1a: Gliscor\n|-damage|p1a: Gliscor|73/100 tox\n|\n|-heal|p1a: Gliscor|86/100 tox|[from] ability: Poison Heal\n|upkeep\n|turn|33\n|c| brrbrr1|is that a protect facade spam set for glisfor\n|c| brrbrr1|gliscor*\n|\n|t:|1783801714\n|move|p1a: Gliscor|Protect|p1a: Gliscor\n|-singleturn|p1a: Gliscor|Protect\n|move|p2a: Mandibuzz|Roost|p2a: Mandibuzz\n|-heal|p2a: Mandibuzz|100/100\n|-singleturn|p2a: Mandibuzz|move: Roost\n|\n|-heal|p1a: Gliscor|98/100 tox|[from] ability: Poison Heal\n|upkeep\n|turn|34\n|\n|t:|1783801718\n|move|p1a: Gliscor|Facade|p2a: Mandibuzz\n|-damage|p2a: Mandibuzz|75/100\n|move|p2a: Mandibuzz|Foul Play|p1a: Gliscor\n|-damage|p1a: Gliscor|72/100 tox\n|\n|-heal|p1a: Gliscor|85/100 tox|[from] ability: Poison Heal\n|upkeep\n|turn|35\n|\n|t:|1783801723\n|move|p1a: Gliscor|Protect|p1a: Gliscor\n|-singleturn|p1a: Gliscor|Protect\n|move|p2a: Mandibuzz|Foul Play|p1a: Gliscor\n|-activate|p1a: Gliscor|move: Protect\n|\n|-heal|p1a: Gliscor|97/100 tox|[from] ability: Poison Heal\n|upkeep\n|turn|36\n|\n|t:|1783801726\n|move|p1a: Gliscor|Facade|p2a: Mandibuzz\n|-damage|p2a: Mandibuzz|48/100\n|move|p2a: Mandibuzz|Foul Play|p1a: Gliscor\n|-damage|p1a: Gliscor|71/100 tox\n|\n|-heal|p1a: Gliscor|83/100 tox|[from] ability: Poison Heal\n|upkeep\n|turn|37\n|\n|t:|1783801729\n|move|p1a: Gliscor|Facade|p2a: Mandibuzz\n|-damage|p2a: Mandibuzz|20/100\n|move|p2a: Mandibuzz|Roost|p2a: Mandibuzz\n|-heal|p2a: Mandibuzz|70/100\n|-singleturn|p2a: Mandibuzz|move: Roost\n|\n|-heal|p1a: Gliscor|96/100 tox|[from] ability: Poison Heal\n|upkeep\n|turn|38\n|\n|t:|1783801732\n|move|p1a: Gliscor|Facade|p2a: Mandibuzz\n|-damage|p2a: Mandibuzz|41/100\n|move|p2a: Mandibuzz|Foul Play|p1a: Gliscor\n|-damage|p1a: Gliscor|72/100 tox\n|\n|-heal|p1a: Gliscor|84/100 tox|[from] ability: Poison Heal\n|upkeep\n|turn|39\n|\n|t:|1783801738\n|move|p1a: Gliscor|Protect|p1a: Gliscor\n|-singleturn|p1a: Gliscor|Protect\n|move|p2a: Mandibuzz|Roost|p2a: Mandibuzz\n|-heal|p2a: Mandibuzz|91/100\n|-singleturn|p2a: Mandibuzz|move: Roost\n|\n|-heal|p1a: Gliscor|97/100 tox|[from] ability: Poison Heal\n|upkeep\n|turn|40\n|\n|t:|1783801741\n|move|p1a: Gliscor|Facade|p2a: Mandibuzz\n|-damage|p2a: Mandibuzz|65/100\n|move|p2a: Mandibuzz|Foul Play|p1a: Gliscor\n|-damage|p1a: Gliscor|72/100 tox\n|\n|-heal|p1a: Gliscor|84/100 tox|[from] ability: Poison Heal\n|upkeep\n|turn|41\n|\n|t:|1783801750\n|switch|p2a: Kyurem|Kyurem, tera:Fairy|50/100 par\n|-damage|p2a: Kyurem|38/100 par|[from] Spikes\n|-ability|p2a: Kyurem|Pressure\n|move|p1a: Gliscor|Facade|p2a: Kyurem\n|-damage|p2a: Kyurem|0 fnt\n|faint|p2a: Kyurem\n|\n|-heal|p1a: Gliscor|97/100 tox|[from] ability: Poison Heal\n|upkeep\n|\n|t:|1783801752\n|switch|p2a: Staraptor|Staraptor, F|54/100\n|turn|42\n|\n|t:|1783801755\n|move|p1a: Gliscor|Protect|p1a: Gliscor\n|-singleturn|p1a: Gliscor|Protect\n|move|p2a: Staraptor|Close Combat|p1a: Gliscor\n|-activate|p1a: Gliscor|move: Protect\n|\n|-heal|p1a: Gliscor|100/100 tox|[from] ability: Poison Heal\n|upkeep\n|turn|43\n|\n|t:|1783801760\n|switch|p2a: Mandibuzz|Mandibuzz, F, shiny|65/100\n|switch|p1a: Pecharunt|Pecharunt|59/100\n|\n|upkeep\n|turn|44\n|\n|t:|1783801762\n|move|p1a: Pecharunt|Recover|p1a: Pecharunt\n|-heal|p1a: Pecharunt|100/100\n|move|p2a: Mandibuzz|Foul Play|p1a: Pecharunt\n|-supereffective|p1a: Pecharunt\n|-crit|p1a: Pecharunt\n|-damage|p1a: Pecharunt|54/100\n|\n|upkeep\n|turn|45\n|\n|t:|1783801765\n|move|p1a: Pecharunt|Recover|p1a: Pecharunt\n|-heal|p1a: Pecharunt|100/100\n|move|p2a: Mandibuzz|Foul Play|p1a: Pecharunt\n|-supereffective|p1a: Pecharunt\n|-damage|p1a: Pecharunt|70/100\n|\n|upkeep\n|turn|46\n|\n|t:|1783801768\n|move|p1a: Pecharunt|Malignant Chain|p2a: Mandibuzz\n|-damage|p2a: Mandibuzz|27/100\n|-status|p2a: Mandibuzz|tox\n|-start|p2a: Mandibuzz|confusion|[from] ability: Poison Puppeteer|[of] p1a: Pecharunt\n|-activate|p2a: Mandibuzz|confusion\n|move|p2a: Mandibuzz|Foul Play|p1a: Pecharunt\n|-supereffective|p1a: Pecharunt\n|-damage|p1a: Pecharunt|39/100\n|\n|-damage|p2a: Mandibuzz|21/100 tox|[from] psn\n|upkeep\n|turn|47\n|\n|t:|1783801771\n|move|p1a: Pecharunt|Recover|p1a: Pecharunt\n|-heal|p1a: Pecharunt|89/100\n|-activate|p2a: Mandibuzz|confusion\n|move|p2a: Mandibuzz|Foul Play|p1a: Pecharunt\n|-supereffective|p1a: Pecharunt\n|-damage|p1a: Pecharunt|57/100\n|\n|-damage|p2a: Mandibuzz|9/100 tox|[from] psn\n|upkeep\n|turn|48\n|\n|t:|1783801776\n|move|p1a: Pecharunt|Recover|p1a: Pecharunt\n|-heal|p1a: Pecharunt|100/100\n|-end|p2a: Mandibuzz|confusion\n|move|p2a: Mandibuzz|Foul Play|p1a: Pecharunt\n|-supereffective|p1a: Pecharunt\n|-damage|p1a: Pecharunt|66/100\n|\n|-damage|p2a: Mandibuzz|0 fnt|[from] psn\n|faint|p2a: Mandibuzz\n|upkeep\n|\n|t:|1783801781\n|switch|p2a: Staraptor|Staraptor, F|54/100\n|turn|49\n|\n|t:|1783801783\n|move|p2a: Staraptor|Brave Bird|p1a: Pecharunt\n|-damage|p1a: Pecharunt|9/100\n|-damage|p2a: Staraptor|34/100|[from] Recoil\n|move|p1a: Pecharunt|Malignant Chain|p2a: Staraptor\n|-damage|p2a: Staraptor|0 fnt\n|faint|p2a: Staraptor\n|\n|win|temporarylight\n|c|☆omari p|gg\n|c| brrbrr1|bro foul play aint doing nun\n|c|☆omari p|orio\n|c|☆omari p|was a true mvp\n|c|☆temporarylight|yeah i haxed\n|l|☆temporarylight\n|player|p1|\n|l|☆omari p\n|player|p2|\n|j|☆temporarylight\n|player|p1|temporarylight|jogger|\n|c| brrbrr1|most unlucky crit oat\n|c| brrbrr1|is orio a frail mon even\n|l| brrbrr1\n|j| arturohdez\n|l| arturohdez\n", "uploadtime": 1783802516, "views": 5, "formatid": "gen9ou", "rating": null, "private": 0, "password": null}