{"id": "gen9ou-2639967921", "format": "[Gen 9] OU", "players": ["chaincrush", "hawkins0"], "log": "|j|☆chaincrush\n|j|☆hawkins0\n|t:|1782554589\n|gametype|singles\n|player|p1|chaincrush|265|1529\n|player|p2|hawkins0|102|1572\n|gen|9\n|tier|[Gen 9] OU\n|rated|\n|rule|HP Percentage Mod: HP is shown in percentages\n|rule|Endless Battle Clause: Forcing endless battles is banned\n|rule|Species Clause: Limit one of each Pokémon\n|rule|OHKO Clause: OHKO moves are banned\n|rule|Evasion Items Clause: Evasion items are banned\n|rule|Evasion Moves Clause: Evasion moves are banned\n|rule|Evasion Abilities Clause: Evasion abilities are banned\n|rule|Sleep Moves Clause: Sleep-inducing moves are banned\n|clearpoke\n|poke|p1|Rillaboom, M|\n|poke|p1|Hawlucha, M|\n|poke|p1|Slowking-Galar, F|\n|poke|p1|Kyurem|\n|poke|p1|Hoopa-Unbound|\n|poke|p1|Zamazenta-*|\n|poke|p2|Hoopa-Unbound|\n|poke|p2|Pecharunt|\n|poke|p2|Landorus-Therian, M|\n|poke|p2|Cinderace, M|\n|poke|p2|Alomomola, M|\n|poke|p2|Iron Valiant|\n|teampreview\n|inactive|Battle timer is ON: inactive players will automatically lose when time's up. (requested by chaincrush)\n|\n|t:|1782554599\n|teamsize|p1|6\n|teamsize|p2|6\n|start\n|switch|p1a: Rillaboom|Rillaboom, M|100/100\n|switch|p2a: Liberacy|Cinderace, M, shiny|100/100\n|-fieldstart|move: Grassy Terrain|[from] ability: Grassy Surge|[of] p1a: Rillaboom\n|turn|1\n|\n|t:|1782554607\n|switch|p1a: Zamazenta|Zamazenta|100/100\n|-ability|p1a: Zamazenta|Dauntless Shield|boost\n|-boost|p1a: Zamazenta|def|1\n|move|p2a: Liberacy|U-turn|p1a: Zamazenta\n|-start|p2a: Liberacy|typechange|Bug|[from] ability: Libero\n|-resisted|p1a: Zamazenta\n|-damage|p1a: Zamazenta|89/100\n|\n|t:|1782554609\n|switch|p2a: Overseer|Pecharunt|100/100|[from] U-turn\n|\n|-heal|p1a: Zamazenta|96/100|[from] Grassy Terrain\n|upkeep\n|turn|2\n|\n|t:|1782554619\n|move|p1a: Zamazenta|Crunch|p2a: Overseer\n|-supereffective|p2a: Overseer\n|-damage|p2a: Overseer|63/100\n|move|p2a: Overseer|Parting Shot|p1a: Zamazenta\n|-unboost|p1a: Zamazenta|atk|1\n|-unboost|p1a: Zamazenta|spa|1\n|\n|t:|1782554628\n|switch|p2a: Calamity|Iron Valiant, shiny|100/100|[from] Parting Shot\n|\n|-heal|p1a: Zamazenta|100/100|[from] Grassy Terrain\n|upkeep\n|turn|3\n|\n|t:|1782554635\n|switch|p1a: Slowking|Slowking-Galar, F|100/100\n|-end|p2a: Calamity|Quark Drive|[silent]\n|switch|p2a: Khaos|Hoopa-Unbound|100/100\n|\n|upkeep\n|turn|4\n|\n|t:|1782554642\n|switch|p1a: Zamazenta|Zamazenta|100/100\n|-terastallize|p2a: Khaos|Dark\n|move|p2a: Khaos|Hyperspace Fury|p1a: Zamazenta\n|-resisted|p1a: Zamazenta\n|-damage|p1a: Zamazenta|39/100\n|-unboost|p2a: Khaos|def|1\n|\n|-heal|p1a: Zamazenta|46/100|[from] Grassy Terrain\n|upkeep\n|turn|5\n|\n|t:|1782554650\n|switch|p2a: Enten|Landorus-Therian, M, shiny|100/100\n|-ability|p2a: Enten|Intimidate|boost\n|-unboost|p1a: Zamazenta|atk|1\n|move|p1a: Zamazenta|Close Combat|p2a: Enten\n|-resisted|p2a: Enten\n|-damage|p2a: Enten|60/100\n|-unboost|p1a: Zamazenta|def|1\n|-unboost|p1a: Zamazenta|spd|1\n|\n|-heal|p1a: Zamazenta|52/100|[from] Grassy Terrain\n|-fieldend|move: Grassy Terrain\n|upkeep\n|turn|6\n|\n|t:|1782554659\n|switch|p1a: Kyurem|Kyurem|100/100\n|-ability|p1a: Kyurem|Pressure\n|move|p2a: Enten|U-turn|p1a: Kyurem\n|-damage|p1a: Kyurem|77/100\n|\n|t:|1782554662\n|switch|p2a: Khaos|Hoopa-Unbound, tera:Dark|100/100|[from] U-turn\n|\n|upkeep\n|turn|7\n|\n|t:|1782554669\n|move|p1a: Kyurem|Draco Meteor|p2a: Khaos\n|-damage|p2a: Khaos|14/100\n|-unboost|p1a: Kyurem|spa|2\n|move|p2a: Khaos|Hyperspace Fury|p1a: Kyurem\n|-damage|p1a: Kyurem|0 fnt\n|-unboost|p2a: Khaos|def|1\n|faint|p1a: Kyurem\n|\n|upkeep\n|\n|t:|1782554677\n|switch|p1a: Zamazenta|Zamazenta|52/100\n|turn|8\n|\n|t:|1782554683\n|switch|p2a: Pisces|Alomomola, M, shiny|100/100\n|move|p1a: Zamazenta|Ice Fang|p2a: Pisces\n|-resisted|p2a: Pisces\n|-damage|p2a: Pisces|87/100\n|\n|upkeep\n|turn|9\n|\n|t:|1782554691\n|switch|p1a: Rillaboom|Rillaboom, M|100/100\n|-fieldstart|move: Grassy Terrain|[from] ability: Grassy Surge|[of] p1a: Rillaboom\n|move|p2a: Pisces|Flip Turn|p1a: Rillaboom\n|-resisted|p1a: Rillaboom\n|-crit|p1a: Rillaboom\n|-damage|p1a: Rillaboom|88/100\n|\n|t:|1782554694\n|switch|p2a: Overseer|Pecharunt|63/100|[from] Flip Turn\n|\n|-heal|p1a: Rillaboom|94/100|[from] Grassy Terrain\n|-heal|p2a: Overseer|69/100|[from] Grassy Terrain\n|upkeep\n|turn|10\n|\n|t:|1782554713\n|switch|p1a: Slowking|Slowking-Galar, F|100/100\n|move|p2a: Overseer|Parting Shot|p1a: Slowking\n|-unboost|p1a: Slowking|atk|1\n|-unboost|p1a: Slowking|spa|1\n|\n|t:|1782554716\n|switch|p2a: Khaos|Hoopa-Unbound, tera:Dark|14/100|[from] Parting Shot\n|\n|-heal|p2a: Khaos|20/100|[from] Grassy Terrain\n|upkeep\n|turn|11\n|\n|t:|1782554724\n|switch|p1a: Zamazenta|Zamazenta|52/100\n|move|p2a: Khaos|Hyperspace Fury|p1a: Zamazenta\n|-resisted|p1a: Zamazenta\n|-damage|p1a: Zamazenta|0 fnt\n|-unboost|p2a: Khaos|def|1\n|faint|p1a: Zamazenta\n|\n|-heal|p2a: Khaos|26/100|[from] Grassy Terrain\n|upkeep\n|\n|t:|1782554733\n|switch|p1a: Hoopa|Hoopa-Unbound|100/100\n|-enditem|p1a: Hoopa|Grassy Seed\n|-boost|p1a: Hoopa|def|1|[from] item: Grassy Seed\n|turn|12\n|\n|t:|1782554739\n|switch|p2a: Pisces|Alomomola, M, shiny|100/100\n|move|p1a: Hoopa|Trick Room|p1a: Hoopa\n|-fieldstart|move: Trick Room|[of] p1a: Hoopa\n|\n|upkeep\n|turn|13\n|\n|t:|1782554749\n|move|p2a: Pisces|Flip Turn|p1a: Hoopa\n|-damage|p1a: Hoopa|85/100\n|\n|t:|1782554753\n|switch|p2a: Enten|Landorus-Therian, M, shiny|60/100|[from] Flip Turn\n|-ability|p2a: Enten|Intimidate|boost\n|-unboost|p1a: Hoopa|atk|1\n|move|p1a: Hoopa|Dark Pulse|p2a: Enten\n|-damage|p2a: Enten|0 fnt\n|faint|p2a: Enten\n|-item|p1a: Hoopa|Choice Scarf|[from] ability: Magician|[of] p2: Enten\n|\n|-heal|p1a: Hoopa|91/100|[from] Grassy Terrain\n|-fieldend|move: Grassy Terrain\n|upkeep\n|\n|t:|1782554756\n|switch|p2a: Pisces|Alomomola, M, shiny|100/100\n|turn|14\n|\n|t:|1782554770\n|move|p2a: Pisces|Aqua Jet|p1a: Hoopa\n|-damage|p1a: Hoopa|81/100\n|move|p1a: Hoopa|Dark Pulse|p2a: Pisces\n|-damage|p2a: Pisces|68/100\n|\n|upkeep\n|turn|15\n|l|☆hawkins0\n|inactive|hawkins0 disconnected and has a minute to reconnect!\n|player|p2|\n|j|☆hawkins0\n|inactive|hawkins0 reconnected and has 125 seconds left.\n|player|p2|hawkins0|102|\n|\n|t:|1782554798\n|switch|p1a: Rillaboom|Rillaboom, M|94/100\n|-fieldstart|move: Grassy Terrain|[from] ability: Grassy Surge|[of] p1a: Rillaboom\n|move|p2a: Pisces|Body Slam|p1a: Rillaboom\n|-crit|p1a: Rillaboom\n|-damage|p1a: Rillaboom|70/100\n|\n|-heal|p2a: Pisces|75/100|[from] Grassy Terrain\n|-heal|p1a: Rillaboom|76/100|[from] Grassy Terrain\n|upkeep\n|turn|16\n|inactive|chaincrush has 120 seconds left.\n|inactive|chaincrush has 90 seconds left.\n|\n|t:|1782554862\n|-terastallize|p1a: Rillaboom|Grass\n|move|p2a: Pisces|Flip Turn|p1a: Rillaboom\n|-resisted|p1a: Rillaboom\n|-damage|p1a: Rillaboom|68/100\n|\n|t:|1782554868\n|switch|p2a: Overseer|Pecharunt|69/100|[from] Flip Turn\n|move|p1a: Rillaboom|Wood Hammer|p2a: Overseer\n|-resisted|p2a: Overseer\n|-damage|p2a: Overseer|25/100\n|-damage|p1a: Rillaboom|54/100|[from] Recoil\n|\n|-heal|p2a: Overseer|31/100|[from] Grassy Terrain\n|-heal|p1a: Rillaboom|60/100|[from] Grassy Terrain\n|-fieldend|move: Trick Room\n|upkeep\n|turn|17\n|\n|t:|1782554878\n|switch|p2a: Pisces|Alomomola, M, shiny|100/100\n|move|p1a: Rillaboom|Wood Hammer|p2a: Pisces\n|-supereffective|p2a: Pisces\n|-crit|p2a: Pisces\n|-damage|p2a: Pisces|0 fnt\n|faint|p2a: Pisces\n|-damage|p1a: Rillaboom|14/100|[from] Recoil\n|\n|-heal|p1a: Rillaboom|20/100|[from] Grassy Terrain\n|upkeep\n|\n|t:|1782554885\n|switch|p2a: Liberacy|Cinderace, M, shiny|100/100\n|turn|18\n|\n|t:|1782554889\n|switch|p1a: Hawlucha|Hawlucha, M|100/100\n|-enditem|p1a: Hawlucha|Grassy Seed\n|-boost|p1a: Hawlucha|def|1|[from] item: Grassy Seed\n|move|p2a: Liberacy|Pyro Ball|p1a: Hawlucha\n|-damage|p1a: Hawlucha|41/100\n|\n|upkeep\n|turn|19\n|inactive|chaincrush has 120 seconds left.\n|\n|t:|1782554897\n|move|p1a: Hawlucha|Acrobatics|p2a: Liberacy\n|-damage|p2a: Liberacy|29/100\n|move|p2a: Liberacy|Pyro Ball|p1a: Hawlucha\n|-damage|p1a: Hawlucha|0 fnt\n|faint|p1a: Hawlucha\n|\n|-heal|p2a: Liberacy|35/100|[from] Grassy Terrain\n|-fieldend|move: Grassy Terrain\n|upkeep\n|inactive|chaincrush has 120 seconds left.\n|\n|t:|1782554903\n|switch|p1a: Rillaboom|Rillaboom, M, tera:Grass|20/100\n|-fieldstart|move: Grassy Terrain|[from] ability: Grassy Surge|[of] p1a: Rillaboom\n|turn|20\n|\n|t:|1782554911\n|switch|p2a: Overseer|Pecharunt|31/100\n|move|p1a: Rillaboom|Grassy Glide|p2a: Overseer\n|-resisted|p2a: Overseer\n|-damage|p2a: Overseer|14/100\n|\n|-heal|p1a: Rillaboom|26/100|[from] Grassy Terrain\n|-heal|p2a: Overseer|20/100|[from] Grassy Terrain\n|upkeep\n|turn|21\n|\n|t:|1782554920\n|switch|p1a: Hoopa|Hoopa-Unbound|81/100\n|move|p2a: Overseer|Parting Shot|p1a: Hoopa\n|-unboost|p1a: Hoopa|atk|1\n|-unboost|p1a: Hoopa|spa|1\n|\n|t:|1782554928\n|switch|p2a: Liberacy|Cinderace, M, shiny|35/100|[from] Parting Shot\n|\n|-heal|p2a: Liberacy|41/100|[from] Grassy Terrain\n|-heal|p1a: Hoopa|87/100|[from] Grassy Terrain\n|upkeep\n|turn|22\n|\n|t:|1782554937\n|switch|p1a: Slowking|Slowking-Galar, F|100/100\n|move|p2a: Liberacy|U-turn|p1a: Slowking\n|-start|p2a: Liberacy|typechange|Bug|[from] ability: Libero\n|-damage|p1a: Slowking|65/100\n|\n|t:|1782554939\n|switch|p2a: Khaos|Hoopa-Unbound, tera:Dark|26/100|[from] U-turn\n|\n|-heal|p2a: Khaos|32/100|[from] Grassy Terrain\n|-heal|p1a: Slowking|71/100|[from] Grassy Terrain\n|upkeep\n|turn|23\n|\n|t:|1782554953\n|move|p2a: Khaos|Hyperspace Fury|p1a: Slowking\n|-supereffective|p1a: Slowking\n|-damage|p1a: Slowking|0 fnt\n|-unboost|p2a: Khaos|def|1\n|faint|p1a: Slowking\n|\n|-heal|p2a: Khaos|38/100|[from] Grassy Terrain\n|upkeep\n|\n|t:|1782554956\n|switch|p1a: Hoopa|Hoopa-Unbound|87/100\n|turn|24\n|\n|t:|1782554967\n|move|p1a: Hoopa|Dark Pulse|p2a: Khaos\n|-resisted|p2a: Khaos\n|-damage|p2a: Khaos|13/100\n|move|p2a: Khaos|Hyperspace Fury|p1a: Hoopa\n|-damage|p1a: Hoopa|0 fnt\n|-unboost|p2a: Khaos|def|1\n|faint|p1a: Hoopa\n|\n|-heal|p2a: Khaos|19/100|[from] Grassy Terrain\n|-fieldend|move: Grassy Terrain\n|upkeep\n|\n|t:|1782554973\n|switch|p1a: Rillaboom|Rillaboom, M, tera:Grass|26/100\n|-fieldstart|move: Grassy Terrain|[from] ability: Grassy Surge|[of] p1a: Rillaboom\n|turn|25\n|\n|t:|1782554977\n|move|p1a: Rillaboom|Grassy Glide|p2a: Khaos\n|-damage|p2a: Khaos|0 fnt\n|faint|p2a: Khaos\n|\n|-heal|p1a: Rillaboom|32/100|[from] Grassy Terrain\n|upkeep\n|\n|t:|1782554984\n|switch|p2a: Calamity|Iron Valiant, shiny|100/100\n|turn|26\n|\n|t:|1782554986\n|move|p2a: Calamity|Vacuum Wave|p1a: Rillaboom\n|-damage|p1a: Rillaboom|0 fnt\n|faint|p1a: Rillaboom\n|\n|win|hawkins0\n|raw|chaincrush's rating: 1529 &rarr; <strong>1511</strong><br />(-18 for losing)\n|raw|hawkins0's rating: 1572 &rarr; <strong>1590</strong><br />(+18 for winning)\n|c|☆chaincrush|gg\n|l|☆hawkins0\n|player|p2|\n|l|☆chaincrush\n|player|p1|\n", "uploadtime": 1782555225, "views": 12, "formatid": "gen9ou", "rating": 1511, "private": 0, "password": null}