{"id": "gen9ou-2639958801", "format": "[Gen 9] OU", "players": ["Kolu", "brodiewhat"], "log": "|j|‽Kolu\n|j|☆brodiewhat\n|t:|1782552568\n|gametype|singles\n|player|p1|Kolu|cynthia-gen7|1560\n|player|p2|brodiewhat|palmer|1578\n|gen|9\n|tier|[Gen 9] OU\n|rated|\n|rule|HP Percentage Mod: HP is shown in percentages\n|rule|Endless Battle Clause: Forcing endless battles is banned\n|rule|Species Clause: Limit one of each Pokémon\n|rule|OHKO Clause: OHKO moves are banned\n|rule|Evasion Items Clause: Evasion items are banned\n|rule|Evasion Moves Clause: Evasion moves are banned\n|rule|Evasion Abilities Clause: Evasion abilities are banned\n|rule|Sleep Moves Clause: Sleep-inducing moves are banned\n|clearpoke\n|poke|p1|Hoopa-Unbound|\n|poke|p1|Pecharunt|\n|poke|p1|Landorus-Therian, M|\n|poke|p1|Cinderace, M|\n|poke|p1|Alomomola, M|\n|poke|p1|Iron Valiant|\n|poke|p2|Tornadus, M|\n|poke|p2|Hoopa-Unbound|\n|poke|p2|Brambleghast, M|\n|poke|p2|Armarouge, M|\n|poke|p2|Hatterene, F|\n|poke|p2|Ogerpon-Cornerstone, F|\n|teampreview\n|inactive|Battle timer is ON: inactive players will automatically lose when time's up. (requested by brodiewhat)\n|inactive|brodiewhat has 120 seconds left.\n|\n|t:|1782552623\n|teamsize|p1|6\n|teamsize|p2|6\n|start\n|switch|p1a: Hoopa|Hoopa-Unbound|100/100\n|switch|p2a: Tornadus|Tornadus, M|100/100\n|turn|1\n|\n|t:|1782552628\n|switch|p1a: Alomomola|Alomomola, M, shiny|100/100\n|move|p2a: Tornadus|Tailwind|p2a: Tornadus\n|-sidestart|p2: brodiewhat|move: Tailwind\n|\n|upkeep\n|turn|2\n|\n|t:|1782552635\n|move|p2a: Tornadus|Bleakwind Storm|p1a: Alomomola|[miss]\n|-miss|p2a: Tornadus|p1a: Alomomola\n|move|p1a: Alomomola|Flip Turn|p2a: Tornadus\n|-damage|p2a: Tornadus|74/100\n|-enditem|p2a: Tornadus|Eject Button\n|\n|t:|1782552638\n|switch|p2a: Brambleghast|Brambleghast, M|100/100\n|-ability|p2a: Brambleghast|Wind Rider|boost\n|-boost|p2a: Brambleghast|atk|1\n|\n|upkeep\n|turn|3\n|\n|t:|1782552645\n|move|p2a: Brambleghast|Power Whip|p1a: Alomomola\n|-supereffective|p1a: Alomomola\n|-damage|p1a: Alomomola|0 fnt\n|faint|p1a: Alomomola\n|-damage|p2a: Brambleghast|91/100|[from] item: Life Orb\n|\n|upkeep\n|\n|t:|1782552650\n|switch|p1a: Cinderace|Cinderace, M, shiny|100/100\n|turn|4\n|\n|t:|1782552655\n|move|p1a: Cinderace|Sucker Punch||[still]\n|-fail|p1a: Cinderace\n|move|p2a: Brambleghast|Substitute|p2a: Brambleghast\n|-start|p2a: Brambleghast|Substitute\n|-damage|p2a: Brambleghast|66/100\n|\n|-sideend|p2: brodiewhat|move: Tailwind\n|upkeep\n|turn|5\n|\n|t:|1782552659\n|move|p1a: Cinderace|U-turn|p2a: Brambleghast\n|-start|p1a: Cinderace|typechange|Bug|[from] ability: Libero\n|-end|p2a: Brambleghast|Substitute\n|\n|t:|1782552661\n|switch|p1a: Pecharunt|Pecharunt|100/100|[from] U-turn\n|move|p2a: Brambleghast|Poltergeist|p1a: Pecharunt\n|-activate|p1a: Pecharunt|move: Poltergeist|Heavy-Duty Boots\n|-supereffective|p1a: Pecharunt\n|-damage|p1a: Pecharunt|2/100\n|-damage|p2a: Brambleghast|56/100|[from] item: Life Orb\n|\n|upkeep\n|turn|6\n|\n|t:|1782552668\n|move|p2a: Brambleghast|Poltergeist|p1a: Pecharunt\n|-activate|p1a: Pecharunt|move: Poltergeist|Heavy-Duty Boots\n|-supereffective|p1a: Pecharunt\n|-damage|p1a: Pecharunt|0 fnt\n|faint|p1a: Pecharunt\n|-damage|p2a: Brambleghast|46/100|[from] item: Life Orb\n|\n|upkeep\n|\n|t:|1782552678\n|switch|p1a: Cinderace|Cinderace, M, shiny|100/100\n|turn|7\n|\n|t:|1782552686\n|move|p1a: Cinderace|Pyro Ball|p2a: Brambleghast\n|-supereffective|p2a: Brambleghast\n|-damage|p2a: Brambleghast|0 fnt\n|faint|p2a: Brambleghast\n|\n|upkeep\n|\n|t:|1782552690\n|switch|p2a: Armarouge|Armarouge, M|100/100\n|turn|8\n|\n|t:|1782552698\n|switch|p1a: Hoopa|Hoopa-Unbound|100/100\n|move|p2a: Armarouge|Psychic Terrain|p2a: Armarouge\n|-fieldstart|move: Psychic Terrain\n|\n|upkeep\n|turn|9\n|\n|t:|1782552703\n|move|p1a: Hoopa|Knock Off|p2a: Armarouge\n|-supereffective|p2a: Armarouge\n|-enditem|p2a: Armarouge|Focus Sash\n|-damage|p2a: Armarouge|1/100\n|-ability|p2a: Armarouge|Weak Armor|boost\n|-unboost|p2a: Armarouge|def|1\n|-boost|p2a: Armarouge|spe|2\n|move|p2a: Armarouge|Armor Cannon|p1a: Hoopa\n|-damage|p1a: Hoopa|43/100\n|-unboost|p2a: Armarouge|def|1\n|-unboost|p2a: Armarouge|spd|1\n|\n|upkeep\n|turn|10\n|\n|t:|1782552711\n|move|p2a: Armarouge|Armor Cannon|p1a: Hoopa\n|-damage|p1a: Hoopa|0 fnt\n|-unboost|p2a: Armarouge|def|1\n|-unboost|p2a: Armarouge|spd|1\n|faint|p1a: Hoopa\n|\n|upkeep\n|\n|t:|1782552713\n|switch|p1a: Cinderace|Cinderace, M, shiny|100/100\n|turn|11\n|\n|t:|1782552715\n|move|p2a: Armarouge|Expanding Force|p1a: Cinderace\n|-damage|p1a: Cinderace|0 fnt\n|faint|p1a: Cinderace\n|\n|upkeep\n|-message|Kolu forfeited.\n|\n|win|brodiewhat\n|raw|Kolu's rating: 1560 &rarr; <strong>1541</strong><br />(-19 for losing)\n|raw|brodiewhat's rating: 1578 &rarr; <strong>1597</strong><br />(+19 for winning)\n|l|‽Kolu\n|player|p1|\n", "uploadtime": 1782552721, "views": 10, "formatid": "gen9ou", "rating": 1541, "private": 0, "password": null}