{"id": "gen9ou-2647834524", "format": "[Gen 9] OU", "players": ["pinesmapple", "firesanta"], "log": "|j|☆pinesmapple\n|j|☆firesanta\n|t:|1783820901\n|gametype|singles\n|player|p1|pinesmapple|miku-water|1053\n|player|p2|firesanta|iris|1077\n|gen|9\n|tier|[Gen 9] OU\n|rated|\n|rule|HP Percentage Mod: HP is shown in percentages\n|rule|Endless Battle Clause: Forcing endless battles is banned\n|rule|Species Clause: Limit one of each Pokémon\n|rule|OHKO Clause: OHKO moves are banned\n|rule|Evasion Items Clause: Evasion items are banned\n|rule|Evasion Moves Clause: Evasion moves are banned\n|rule|Evasion Abilities Clause: Evasion abilities are banned\n|rule|Sleep Moves Clause: Sleep-inducing moves are banned\n|clearpoke\n|poke|p1|Okidogi, M|\n|poke|p1|Graveler, F|\n|poke|p1|Scovillain, M|\n|poke|p1|Tadbulb, F|\n|poke|p1|Zapdos-Galar|\n|poke|p1|Zebstrika, M|\n|poke|p2|Electivire, M|\n|poke|p2|Excadrill, F|\n|poke|p2|Feraligatr, M|\n|poke|p2|Clefable, F|\n|poke|p2|Ribombee, F|\n|poke|p2|Decidueye, F|\n|teampreview\n|c|☆pinesmapple|well well well\n|c|☆pinesmapple|tadbulb is here to help\n|\n|t:|1783820918\n|teamsize|p1|6\n|teamsize|p2|6\n|start\n|switch|p1a: Zapdos|Zapdos-Galar|100/100\n|switch|p2a: Excadrill|Excadrill, F|100/100\n|-ability|p2a: Excadrill|Mold Breaker\n|turn|1\n|\n|t:|1783820934\n|switch|p2a: Decidueye|Decidueye, F|100/100\n|move|p1a: Zapdos|Thunderous Kick|p2a: Decidueye\n|-immune|p2a: Decidueye\n|\n|upkeep\n|turn|2\n|\n|t:|1783820942\n|switch|p1a: Okidogi|Okidogi, M|100/100\n|move|p2a: Decidueye|Acrobatics|p1a: Okidogi\n|-supereffective|p1a: Okidogi\n|-damage|p1a: Okidogi|29/100\n|\n|upkeep\n|turn|3\n|\n|t:|1783820957\n|-terastallize|p2a: Decidueye|Flying\n|move|p1a: Okidogi|Knock Off|p2a: Decidueye\n|-crit|p2a: Decidueye\n|-damage|p2a: Decidueye|62/100\n|move|p2a: Decidueye|Acrobatics|p1a: Okidogi\n|-supereffective|p1a: Okidogi\n|-damage|p1a: Okidogi|0 fnt\n|faint|p1a: Okidogi\n|\n|upkeep\n|\n|t:|1783820981\n|switch|p1a: Zebstrika|Zebstrika, M|100/100\n|turn|4\n|\n|t:|1783820994\n|switch|p1a: Zapdos|Zapdos-Galar|100/100\n|switch|p2a: Electivire|Electivire, M|100/100\n|\n|upkeep\n|turn|5\n|\n|t:|1783821009\n|move|p1a: Zapdos|U-turn|p2a: Electivire\n|-damage|p2a: Electivire|56/100\n|\n|t:|1783821011\n|switch|p1a: Graveler|Graveler, F|100/100|[from] U-turn\n|move|p2a: Electivire|Thunderbolt|p1a: Graveler\n|-immune|p1a: Graveler\n|\n|upkeep\n|turn|6\n|\n|t:|1783821024\n|move|p2a: Electivire|Psychic|p1a: Graveler\n|-damage|p1a: Graveler|72/100\n|-unboost|p1a: Graveler|spd|1\n|-damage|p2a: Electivire|46/100|[from] item: Life Orb\n|move|p1a: Graveler|Stealth Rock|p2a: Electivire\n|-sidestart|p2: firesanta|move: Stealth Rock\n|\n|upkeep\n|turn|7\n|c|☆pinesmapple|PSYCHIC?\n|c|☆pinesmapple|my good sir why are you running both attack electivire\n|\n|t:|1783821049\n|switch|p2a: Decidueye|Decidueye, F, tera:Flying|62/100\n|-damage|p2a: Decidueye|37/100|[from] Stealth Rock\n|move|p1a: Graveler|Explosion|p2a: Decidueye\n|-damage|p2a: Decidueye|0 fnt\n|faint|p1a: Graveler\n|faint|p2a: Decidueye\n|\n|upkeep\n|\n|t:|1783821062\n|switch|p2a: Feraligatr|Feraligatr, M|100/100\n|switch|p1a: Tadbulb|Tadbulb, F|100/100\n|-damage|p2a: Feraligatr|88/100|[from] Stealth Rock\n|turn|8\n|\n|t:|1783821077\n|move|p2a: Feraligatr|Aqua Jet|p1a: Tadbulb\n|-damage|p1a: Tadbulb|69/100\n|-damage|p2a: Feraligatr|78/100|[from] item: Life Orb\n|move|p1a: Tadbulb|Thunder Wave|p2a: Feraligatr\n|-status|p2a: Feraligatr|par\n|\n|upkeep\n|turn|9\n|\n|t:|1783821087\n|switch|p2a: Electivire|Electivire, M|46/100\n|-damage|p2a: Electivire|34/100|[from] Stealth Rock\n|move|p1a: Tadbulb|Confuse Ray|p2a: Electivire\n|-start|p2a: Electivire|confusion\n|\n|upkeep\n|turn|10\n|\n|t:|1783821098\n|move|p1a: Tadbulb|Sucker Punch|p2a: Electivire\n|-damage|p2a: Electivire|21/100\n|-activate|p2a: Electivire|confusion\n|-damage|p2a: Electivire|0 fnt|[from] confusion\n|faint|p2a: Electivire\n|\n|upkeep\n|\n|t:|1783821113\n|switch|p2a: Excadrill|Excadrill, F|100/100\n|-damage|p2a: Excadrill|97/100|[from] Stealth Rock\n|-ability|p2a: Excadrill|Mold Breaker\n|turn|11\n|\n|t:|1783821121\n|move|p2a: Excadrill|Earthquake|p1a: Tadbulb\n|-supereffective|p1a: Tadbulb\n|-crit|p1a: Tadbulb\n|-damage|p1a: Tadbulb|0 fnt\n|faint|p1a: Tadbulb\n|\n|upkeep\n|\n|t:|1783821128\n|switch|p1a: Zapdos|Zapdos-Galar|100/100\n|turn|12\n|\n|t:|1783821139\n|move|p1a: Zapdos|U-turn|p2a: Excadrill\n|-resisted|p2a: Excadrill\n|-damage|p2a: Excadrill|80/100\n|\n|t:|1783821141\n|switch|p1a: Zebstrika|Zebstrika, M|100/100|[from] U-turn\n|move|p2a: Excadrill|Poison Jab|p1a: Zebstrika\n|-damage|p1a: Zebstrika|50/100\n|\n|upkeep\n|turn|13\n|\n|t:|1783821149\n|move|p1a: Zebstrika|High Horsepower|p2a: Excadrill\n|-supereffective|p2a: Excadrill\n|-damage|p2a: Excadrill|0 fnt\n|faint|p2a: Excadrill\n|-damage|p1a: Zebstrika|40/100|[from] item: Life Orb\n|\n|upkeep\n|\n|t:|1783821157\n|switch|p2a: Clefable|Clefable, F|100/100\n|-damage|p2a: Clefable|88/100|[from] Stealth Rock\n|turn|14\n|\n|t:|1783821162\n|move|p1a: Zebstrika|Sunny Day|p1a: Zebstrika\n|-weather|SunnyDay\n|move|p2a: Clefable|Calm Mind|p2a: Clefable\n|-boost|p2a: Clefable|spa|1\n|-boost|p2a: Clefable|spd|1\n|\n|-weather|SunnyDay|[upkeep]\n|-heal|p2a: Clefable|94/100|[from] item: Leftovers\n|upkeep\n|turn|15\n|\n|t:|1783821173\n|move|p1a: Zebstrika|Supercell Slam|p2a: Clefable|[miss]\n|-miss|p1a: Zebstrika|p2a: Clefable\n|-damage|p1a: Zebstrika|0 fnt|[from] supercellslam\n|faint|p1a: Zebstrika\n|move|p2a: Clefable|Flamethrower|p1: Zebstrika|[notarget]\n|-fail|p2a: Clefable\n|\n|-weather|SunnyDay|[upkeep]\n|-heal|p2a: Clefable|99/100|[from] item: Leftovers\n|upkeep\n|\n|t:|1783821182\n|switch|p1a: Scovillain|Scovillain, M|100/100\n|turn|16\n|\n|t:|1783821190\n|-terastallize|p1a: Scovillain|Fire\n|move|p1a: Scovillain|Flamethrower|p2a: Clefable\n|-damage|p2a: Clefable|42/100\n|move|p2a: Clefable|Flamethrower|p1a: Scovillain\n|-resisted|p1a: Scovillain\n|-damage|p1a: Scovillain|61/100\n|\n|-weather|SunnyDay|[upkeep]\n|-heal|p2a: Clefable|48/100|[from] item: Leftovers\n|upkeep\n|turn|17\n|\n|t:|1783821201\n|move|p1a: Scovillain|Flamethrower|p2a: Clefable\n|-damage|p2a: Clefable|0 fnt\n|faint|p2a: Clefable\n|\n|-weather|SunnyDay|[upkeep]\n|upkeep\n|\n|t:|1783821208\n|switch|p2a: Feraligatr|Feraligatr, M|78/100 par\n|-damage|p2a: Feraligatr|66/100 par|[from] Stealth Rock\n|turn|18\n|\n|t:|1783821214\n|move|p2a: Feraligatr|Aqua Jet|p1a: Scovillain\n|-supereffective|p1a: Scovillain\n|-damage|p1a: Scovillain|23/100\n|-damage|p2a: Feraligatr|56/100 par|[from] item: Life Orb\n|move|p1a: Scovillain|Giga Drain|p2a: Feraligatr\n|-supereffective|p2a: Feraligatr\n|-damage|p2a: Feraligatr|0 fnt\n|-heal|p1a: Scovillain|55/100|[from] drain|[of] p2a: Feraligatr\n|faint|p2a: Feraligatr\n|\n|-weather|none\n|upkeep\n|c|☆pinesmapple|ggs\n|\n|t:|1783821228\n|switch|p2a: Ribombee|Ribombee, F|100/100\n|-damage|p2a: Ribombee|76/100|[from] Stealth Rock\n|turn|19\n|inactive|Battle timer is ON: inactive players will automatically lose when time's up. (requested by pinesmapple)\n|\n|t:|1783821248\n|move|p2a: Ribombee|Bug Buzz|p1a: Scovillain\n|-resisted|p1a: Scovillain\n|-damage|p1a: Scovillain|23/100\n|-unboost|p1a: Scovillain|spd|1\n|move|p1a: Scovillain|Flamethrower|p2a: Ribombee\n|-supereffective|p2a: Ribombee\n|-damage|p2a: Ribombee|0 fnt\n|faint|p2a: Ribombee\n|\n|win|pinesmapple\n|raw|pinesmapple's rating: 1053 &rarr; <strong>1087</strong><br />(+34 for winning)\n|raw|firesanta's rating: 1077 &rarr; <strong>1054</strong><br />(-23 for losing)\n|l|☆firesanta\n|player|p2|\n|l|☆pinesmapple\n|player|p1|\n", "uploadtime": 1783821527, "views": 10, "formatid": "gen9ou", "rating": 1054, "private": 0, "password": null}