{"id": "gen9ou-2647694196", "format": "[Gen 9] OU", "players": ["Aight8755", "4thisguy"], "log": "|j|☆Aight8755\n|j|☆4thisguy\n|t:|1783797439\n|gametype|singles\n|player|p1|Aight8755|youngcouple-gen4dp|1181\n|player|p2|4thisguy|2|1173\n|gen|9\n|tier|[Gen 9] OU\n|rated|\n|rule|HP Percentage Mod: HP is shown in percentages\n|rule|Endless Battle Clause: Forcing endless battles is banned\n|rule|Species Clause: Limit one of each Pokémon\n|rule|OHKO Clause: OHKO moves are banned\n|rule|Evasion Items Clause: Evasion items are banned\n|rule|Evasion Moves Clause: Evasion moves are banned\n|rule|Evasion Abilities Clause: Evasion abilities are banned\n|rule|Sleep Moves Clause: Sleep-inducing moves are banned\n|clearpoke\n|poke|p1|Darkrai|\n|poke|p1|Iron Valiant|\n|poke|p1|Heatran, M|\n|poke|p1|Dragapult, M|\n|poke|p1|Glastrier|\n|poke|p1|Corviknight, F|\n|poke|p2|Bisharp, F|\n|poke|p2|Milotic, F|\n|poke|p2|Houndoom, M|\n|poke|p2|Heracross, F|\n|poke|p2|Electivire, F|\n|poke|p2|Forretress, F|\n|teampreview\n|inactive|Battle timer is ON: inactive players will automatically lose when time's up. (requested by Aight8755)\n|\n|t:|1783797460\n|teamsize|p1|6\n|teamsize|p2|6\n|start\n|switch|p1a: Iron Valiant|Iron Valiant|100/100\n|switch|p2a: Heracross|Heracross, F|100/100\n|turn|1\n|\n|t:|1783797470\n|switch|p2a: Forretress|Forretress, F|100/100\n|-item|p2a: Forretress|Air Balloon\n|move|p1a: Iron Valiant|Moonblast|p2a: Forretress\n|-resisted|p2a: Forretress\n|-damage|p2a: Forretress|45/100\n|-unboost|p2a: Forretress|spa|1\n|-enditem|p2a: Forretress|Air Balloon\n|\n|upkeep\n|turn|2\n|\n|t:|1783797477\n|move|p1a: Iron Valiant|Moonblast|p2a: Forretress\n|-resisted|p2a: Forretress\n|-damage|p2a: Forretress|0 fnt\n|faint|p2a: Forretress\n|\n|upkeep\n|\n|t:|1783797480\n|switch|p2a: Houndoom|Houndoom, M|100/100\n|-ability|p2a: Houndoom|Unnerve\n|turn|3\n|\n|t:|1783797488\n|-end|p1a: Iron Valiant|Quark Drive|[silent]\n|switch|p1a: Heatran|Heatran, M|100/100\n|move|p2a: Houndoom|Sludge Bomb|p1a: Heatran\n|-immune|p1a: Heatran\n|\n|upkeep\n|turn|4\n|\n|t:|1783797496\n|switch|p2a: Milotic|Milotic, F|100/100\n|move|p1a: Heatran|Magma Storm|p2a: Milotic\n|-resisted|p2a: Milotic\n|-damage|p2a: Milotic|86/100\n|-activate|p2a: Milotic|move: Magma Storm|[of] p1a: Heatran\n|\n|-heal|p2a: Milotic|92/100|[from] item: Leftovers\n|-damage|p2a: Milotic|80/100|[from] move: Magma Storm|[partiallytrapped]\n|upkeep\n|turn|5\n|\n|t:|1783797507\n|switch|p1a: Dragapult|Dragapult, M|100/100\n|move|p2a: Milotic|Scald|p1a: Dragapult\n|-resisted|p1a: Dragapult\n|-damage|p1a: Dragapult|81/100\n|\n|-heal|p1a: Dragapult|87/100|[from] item: Leftovers\n|-heal|p2a: Milotic|86/100|[from] item: Leftovers\n|-end|p2a: Milotic|Magma Storm|[partiallytrapped]|[silent]\n|upkeep\n|turn|6\n|\n|t:|1783797513\n|move|p1a: Dragapult|Substitute|p1a: Dragapult\n|-start|p1a: Dragapult|Substitute\n|-damage|p1a: Dragapult|62/100\n|move|p2a: Milotic|Ice Beam|p1a: Dragapult\n|-supereffective|p1a: Dragapult\n|-end|p1a: Dragapult|Substitute\n|\n|-heal|p1a: Dragapult|68/100|[from] item: Leftovers\n|-heal|p2a: Milotic|92/100|[from] item: Leftovers\n|upkeep\n|turn|7\n|\n|t:|1783797521\n|move|p1a: Dragapult|Dragon Darts|p2a: Milotic\n|-damage|p2a: Milotic|73/100\n|-anim|p1a: Dragapult|Dragon Darts|p2a: Milotic\n|-damage|p2a: Milotic|52/100\n|move|p2a: Milotic|Ice Beam|p1a: Dragapult\n|-supereffective|p1a: Dragapult\n|-damage|p1a: Dragapult|8/100\n|-status|p1a: Dragapult|frz\n|\n|-heal|p1a: Dragapult|14/100 frz|[from] item: Leftovers\n|-heal|p2a: Milotic|58/100|[from] item: Leftovers\n|upkeep\n|turn|8\n|\n|t:|1783797530\n|-curestatus|p1a: Dragapult|frz|[msg]\n|move|p1a: Dragapult|Phantom Force||[still]\n|-prepare|p1a: Dragapult|Phantom Force\n|move|p2a: Milotic|Ice Beam|p1a: Dragapult|[miss]\n|-miss|p2a: Milotic|p1a: Dragapult\n|\n|-heal|p1a: Dragapult|20/100|[from] item: Leftovers\n|-heal|p2a: Milotic|64/100|[from] item: Leftovers\n|upkeep\n|turn|9\n|\n|t:|1783797537\n|move|p1a: Dragapult|Phantom Force|p2a: Milotic|[from] lockedmove\n|-damage|p2a: Milotic|31/100\n|move|p2a: Milotic|Recover|p2a: Milotic\n|-heal|p2a: Milotic|81/100\n|\n|-heal|p1a: Dragapult|26/100|[from] item: Leftovers\n|-heal|p2a: Milotic|87/100|[from] item: Leftovers\n|upkeep\n|turn|10\n|\n|t:|1783797551\n|switch|p1a: Darkrai|Darkrai|100/100\n|move|p2a: Milotic|Ice Beam|p1a: Darkrai\n|-damage|p1a: Darkrai|71/100\n|-status|p1a: Darkrai|frz\n|\n|-heal|p2a: Milotic|93/100|[from] item: Leftovers\n|upkeep\n|turn|11\n|\n|t:|1783797557\n|cant|p1a: Darkrai|frz\n|move|p2a: Milotic|Scald|p1a: Darkrai\n|-damage|p1a: Darkrai|36/100 frz\n|-curestatus|p1a: Darkrai|frz|[msg]\n|\n|-heal|p2a: Milotic|99/100|[from] item: Leftovers\n|upkeep\n|turn|12\n|\n|t:|1783797565\n|move|p1a: Darkrai|Thunder Wave|p2a: Milotic\n|-status|p2a: Milotic|par\n|move|p2a: Milotic|Scald|p1a: Darkrai\n|-damage|p1a: Darkrai|0 fnt\n|faint|p1a: Darkrai\n|\n|-heal|p2a: Milotic|100/100 par|[from] item: Leftovers\n|upkeep\n|\n|t:|1783797583\n|switch|p1a: Iron Valiant|Iron Valiant|100/100\n|turn|13\n|\n|t:|1783797595\n|move|p1a: Iron Valiant|Moonblast|p2a: Milotic\n|-damage|p2a: Milotic|48/100 par\n|move|p2a: Milotic|Scald|p1a: Iron Valiant\n|-damage|p1a: Iron Valiant|51/100\n|\n|-heal|p2a: Milotic|54/100 par|[from] item: Leftovers\n|upkeep\n|turn|14\n|\n|t:|1783797603\n|move|p1a: Iron Valiant|Moonblast|p2a: Milotic\n|-damage|p2a: Milotic|0 fnt\n|faint|p2a: Milotic\n|\n|upkeep\n|\n|t:|1783797610\n|switch|p2a: Bisharp|Bisharp, F|100/100\n|turn|15\n|\n|t:|1783797614\n|-end|p1a: Iron Valiant|Quark Drive|[silent]\n|switch|p1a: Heatran|Heatran, M|100/100\n|move|p2a: Bisharp|Iron Head|p1a: Heatran\n|-resisted|p1a: Heatran\n|-damage|p1a: Heatran|94/100\n|\n|-heal|p1a: Heatran|99/100|[from] item: Leftovers\n|upkeep\n|turn|16\n|\n|t:|1783797629\n|-terastallize|p2a: Bisharp|Flying\n|move|p1a: Heatran|Stealth Rock|p2a: Bisharp\n|-sidestart|p2: 4thisguy|move: Stealth Rock\n|move|p2a: Bisharp|Swords Dance|p2a: Bisharp\n|-boost|p2a: Bisharp|atk|2\n|\n|-heal|p1a: Heatran|100/100|[from] item: Leftovers\n|upkeep\n|turn|17\n|\n|t:|1783797635\n|move|p2a: Bisharp|Sucker Punch||[still]\n|-fail|p2a: Bisharp\n|move|p1a: Heatran|Will-O-Wisp|p2a: Bisharp\n|-status|p2a: Bisharp|brn\n|\n|-damage|p2a: Bisharp|95/100 brn|[from] brn\n|upkeep\n|turn|18\n|\n|t:|1783797645\n|switch|p1a: Corviknight|Corviknight, F|100/100\n|-ability|p1a: Corviknight|Pressure\n|move|p2a: Bisharp|Swords Dance|p2a: Bisharp\n|-boost|p2a: Bisharp|atk|2\n|\n|-heal|p2a: Bisharp|100/100 brn|[from] item: Leftovers\n|-damage|p2a: Bisharp|95/100 brn|[from] brn\n|upkeep\n|turn|19\n|\n|t:|1783797657\n|move|p1a: Corviknight|Iron Head|p2a: Bisharp\n|-damage|p2a: Bisharp|64/100 brn\n|move|p2a: Bisharp|Swords Dance|p2a: Bisharp\n|-boost|p2a: Bisharp|atk|2\n|\n|-heal|p2a: Bisharp|70/100 brn|[from] item: Leftovers\n|-damage|p2a: Bisharp|64/100 brn|[from] brn\n|upkeep\n|turn|20\n|\n|t:|1783797662\n|move|p1a: Corviknight|Iron Head|p2a: Bisharp\n|-damage|p2a: Bisharp|34/100 brn\n|cant|p2a: Bisharp|flinch\n|\n|-heal|p2a: Bisharp|40/100 brn|[from] item: Leftovers\n|-damage|p2a: Bisharp|34/100 brn|[from] brn\n|upkeep\n|turn|21\n|\n|t:|1783797674\n|switch|p1a: Heatran|Heatran, M|100/100\n|move|p2a: Bisharp|Stone Edge|p1a: Heatran\n|-damage|p1a: Heatran|56/100\n|\n|-heal|p1a: Heatran|62/100|[from] item: Leftovers\n|-heal|p2a: Bisharp|40/100 brn|[from] item: Leftovers\n|-damage|p2a: Bisharp|34/100 brn|[from] brn\n|upkeep\n|turn|22\n|\n|t:|1783797701\n|move|p2a: Bisharp|Sucker Punch|p1a: Heatran\n|-damage|p1a: Heatran|17/100\n|move|p1a: Heatran|Magma Storm|p2a: Bisharp\n|-damage|p2a: Bisharp|0 fnt\n|faint|p2a: Bisharp\n|\n|-heal|p1a: Heatran|23/100|[from] item: Leftovers\n|upkeep\n|\n|t:|1783797711\n|switch|p2a: Heracross|Heracross, F|100/100\n|-damage|p2a: Heracross|88/100|[from] Stealth Rock\n|turn|23\n|\n|t:|1783797731\n|switch|p1a: Corviknight|Corviknight, F|100/100\n|-ability|p1a: Corviknight|Pressure\n|move|p2a: Heracross|Knock Off|p1a: Corviknight\n|-damage|p1a: Corviknight|68/100\n|-enditem|p1a: Corviknight|Choice Scarf|[from] move: Knock Off|[of] p2a: Heracross\n|\n|upkeep\n|turn|24\n|inactive|Aight8755 has 120 seconds left.\n|\n|t:|1783797747\n|switch|p2a: Houndoom|Houndoom, M|100/100\n|-ability|p2a: Houndoom|Unnerve\n|-damage|p2a: Houndoom|76/100|[from] Stealth Rock\n|move|p1a: Corviknight|Brave Bird|p2a: Houndoom\n|-damage|p2a: Houndoom|0 fnt\n|faint|p2a: Houndoom\n|-damage|p1a: Corviknight|46/100|[from] Recoil\n|\n|upkeep\n|\n|t:|1783797756\n|switch|p2a: Electivire|Electivire, F|100/100\n|-damage|p2a: Electivire|88/100|[from] Stealth Rock\n|turn|25\n|\n|t:|1783797764\n|switch|p1a: Heatran|Heatran, M|23/100\n|move|p2a: Electivire|Bulk Up|p2a: Electivire\n|-boost|p2a: Electivire|atk|1\n|-boost|p2a: Electivire|def|1\n|\n|-heal|p2a: Electivire|94/100|[from] item: Leftovers\n|-heal|p1a: Heatran|30/100|[from] item: Leftovers\n|upkeep\n|turn|26\n|\n|t:|1783797770\n|move|p2a: Electivire|Thunder Punch|p1a: Heatran\n|-damage|p1a: Heatran|0 fnt\n|faint|p1a: Heatran\n|\n|-heal|p2a: Electivire|100/100|[from] item: Leftovers\n|upkeep\n|inactive|Aight8755 has 120 seconds left.\n|\n|t:|1783797806\n|switch|p1a: Iron Valiant|Iron Valiant|51/100\n|turn|27\n|\n|t:|1783797813\n|-terastallize|p1a: Iron Valiant|Fairy\n|move|p1a: Iron Valiant|Moonblast|p2a: Electivire\n|-damage|p2a: Electivire|0 fnt\n|faint|p2a: Electivire\n|\n|upkeep\n|\n|t:|1783797818\n|switch|p2a: Heracross|Heracross, F|88/100\n|-damage|p2a: Heracross|76/100|[from] Stealth Rock\n|turn|28\n|inactive|Aight8755 has 120 seconds left.\n|\n|t:|1783797831\n|move|p1a: Iron Valiant|Moonblast|p2a: Heracross\n|-supereffective|p2a: Heracross\n|-damage|p2a: Heracross|0 fnt\n|faint|p2a: Heracross\n|\n|win|Aight8755\n|raw|Aight8755's rating: 1181 &rarr; <strong>1205</strong><br />(+24 for winning)\n|raw|4thisguy's rating: 1173 &rarr; <strong>1149</strong><br />(-24 for losing)\n|l|☆4thisguy\n|player|p2|\n", "uploadtime": 1783797872, "views": 6, "formatid": "gen9ou", "rating": 1149, "private": 0, "password": null}