{"id": "gen9ou-2647806296", "format": "[Gen 9] OU", "players": ["buyijklkm", "Belike"], "log": "|j|☆buyijklkm\n|j|☆Belike\n|t:|1783815889\n|gametype|singles\n|player|p1|buyijklkm|101|1324\n|player|p2|Belike|rocketgrunt|1368\n|gen|9\n|tier|[Gen 9] OU\n|rated|\n|rule|HP Percentage Mod: HP is shown in percentages\n|rule|Endless Battle Clause: Forcing endless battles is banned\n|rule|Species Clause: Limit one of each Pokémon\n|rule|OHKO Clause: OHKO moves are banned\n|rule|Evasion Items Clause: Evasion items are banned\n|rule|Evasion Moves Clause: Evasion moves are banned\n|rule|Evasion Abilities Clause: Evasion abilities are banned\n|rule|Sleep Moves Clause: Sleep-inducing moves are banned\n|clearpoke\n|poke|p1|Hydreigon, F|\n|poke|p1|Ogerpon-Wellspring, F|\n|poke|p1|Landorus-Therian, M|\n|poke|p1|Moltres|\n|poke|p1|Hatterene, F|\n|poke|p1|Alomomola, M|\n|poke|p2|Donphan, F|\n|poke|p2|Cresselia, F|\n|poke|p2|Ceruledge, M|\n|poke|p2|Alomomola, F|\n|poke|p2|Gliscor, F|\n|poke|p2|Garchomp, M|\n|teampreview\n|inactive|Battle timer is ON: inactive players will automatically lose when time's up. (requested by Belike)\n|inactive|buyijklkm also wants the timer to be on.\n|\n|t:|1783815896\n|teamsize|p1|6\n|teamsize|p2|6\n|start\n|switch|p1a: Cascade|Ogerpon-Wellspring, F|100/100\n|switch|p2a: Gliscor|Gliscor, F|100/100\n|turn|1\n|\n|t:|1783815901\n|switch|p2a: Garchomp|Garchomp, M|100/100\n|move|p1a: Cascade|Swords Dance|p1a: Cascade\n|-boost|p1a: Cascade|atk|2\n|\n|upkeep\n|turn|2\n|\n|t:|1783815905\n|move|p1a: Cascade|Play Rough|p2a: Garchomp\n|-supereffective|p2a: Garchomp\n|-damage|p2a: Garchomp|0 fnt\n|-damage|p1a: Cascade|88/100|[from] ability: Rough Skin|[of] p2a: Garchomp\n|-damage|p1a: Cascade|72/100|[from] item: Rocky Helmet|[of] p2a: Garchomp\n|faint|p2a: Garchomp\n|\n|upkeep\n|\n|t:|1783815910\n|switch|p2a: Ceruledge|Ceruledge, M|100/100\n|turn|3\n|\n|t:|1783815915\n|switch|p1a: Tide|Alomomola, M|100/100\n|move|p2a: Ceruledge|Poltergeist|p1a: Tide\n|-activate|p1a: Tide|move: Poltergeist|Heavy-Duty Boots\n|-damage|p1a: Tide|69/100\n|\n|upkeep\n|turn|4\n|\n|t:|1783815921\n|move|p2a: Ceruledge|Swords Dance|p2a: Ceruledge\n|-boost|p2a: Ceruledge|atk|2\n|move|p1a: Tide|Scald|p2a: Ceruledge\n|-supereffective|p2a: Ceruledge\n|-damage|p2a: Ceruledge|70/100\n|\n|upkeep\n|turn|5\n|\n|t:|1783815928\n|move|p1a: Tide|Protect|p1a: Tide\n|-singleturn|p1a: Tide|Protect\n|move|p2a: Ceruledge|Poltergeist|p1a: Tide\n|-activate|p1a: Tide|move: Protect\n|\n|upkeep\n|turn|6\n|\n|t:|1783815933\n|move|p2a: Ceruledge|Bitter Blade|p1a: Tide\n|-resisted|p1a: Tide\n|-damage|p1a: Tide|44/100\n|-heal|p2a: Ceruledge|91/100|[from] drain|[of] p1a: Tide\n|move|p1a: Tide|Wish|p1a: Tide\n|\n|upkeep\n|turn|7\n|\n|t:|1783815942\n|move|p1a: Tide|Protect|p1a: Tide\n|-singleturn|p1a: Tide|Protect\n|move|p2a: Ceruledge|Bitter Blade|p1a: Tide\n|-activate|p1a: Tide|move: Protect\n|\n|-heal|p1a: Tide|94/100|[from] move: Wish|[wisher] Tide\n|upkeep\n|turn|8\n|\n|t:|1783815948\n|switch|p1a: Emporium|Moltres|100/100\n|move|p2a: Ceruledge|Swords Dance|p2a: Ceruledge\n|-boost|p2a: Ceruledge|atk|2\n|\n|upkeep\n|turn|9\n|\n|t:|1783815954\n|move|p2a: Ceruledge|Poltergeist|p1a: Emporium\n|-activate|p1a: Emporium|move: Poltergeist|Heavy-Duty Boots\n|-damage|p1a: Emporium|0 fnt\n|faint|p1a: Emporium\n|\n|upkeep\n|\n|t:|1783815958\n|switch|p1a: Tempest|Landorus-Therian, M|100/100\n|-ability|p1a: Tempest|Intimidate|boost\n|-unboost|p2a: Ceruledge|atk|1\n|turn|10\n|\n|t:|1783815962\n|move|p1a: Tempest|Earthquake|p2a: Ceruledge\n|-supereffective|p2a: Ceruledge\n|-damage|p2a: Ceruledge|0 fnt\n|faint|p2a: Ceruledge\n|\n|upkeep\n|\n|t:|1783815965\n|switch|p2a: Gliscor|Gliscor, F|100/100\n|turn|11\n|\n|t:|1783815967\n|switch|p1a: Cascade|Ogerpon-Wellspring, F|72/100\n|move|p2a: Gliscor|Swords Dance|p2a: Gliscor\n|-boost|p2a: Gliscor|atk|2\n|\n|-status|p2a: Gliscor|tox|[from] item: Toxic Orb\n|upkeep\n|turn|12\n|\n|t:|1783815971\n|-terastallize|p2a: Gliscor|Normal\n|move|p1a: Cascade|Ivy Cudgel|p2a: Gliscor|[anim] Ivy Cudgel Water\n|-crit|p2a: Gliscor\n|-damage|p2a: Gliscor|20/100 tox\n|move|p2a: Gliscor|Facade|p1a: Cascade\n|-damage|p1a: Cascade|0 fnt\n|faint|p1a: Cascade\n|\n|-heal|p2a: Gliscor|32/100 tox|[from] ability: Poison Heal\n|upkeep\n|\n|t:|1783815975\n|switch|p1a: Tempest|Landorus-Therian, M|100/100\n|-ability|p1a: Tempest|Intimidate|boost\n|-unboost|p2a: Gliscor|atk|1\n|turn|13\n|\n|t:|1783815978\n|move|p2a: Gliscor|Protect|p2a: Gliscor\n|-singleturn|p2a: Gliscor|Protect\n|move|p1a: Tempest|U-turn|p2a: Gliscor\n|-activate|p2a: Gliscor|move: Protect\n|\n|-heal|p2a: Gliscor|45/100 tox|[from] ability: Poison Heal\n|upkeep\n|turn|14\n|\n|t:|1783815982\n|move|p1a: Tempest|U-turn|p2a: Gliscor\n|-damage|p2a: Gliscor|21/100 tox\n|\n|t:|1783815984\n|switch|p1a: Tide|Alomomola, M|100/100|[from] U-turn\n|move|p2a: Gliscor|Facade|p1a: Tide\n|-damage|p1a: Tide|45/100\n|\n|-heal|p2a: Gliscor|33/100 tox|[from] ability: Poison Heal\n|upkeep\n|turn|15\n|\n|t:|1783815990\n|move|p2a: Gliscor|Facade|p1a: Tide\n|-damage|p1a: Tide|0 fnt\n|faint|p1a: Tide\n|\n|-heal|p2a: Gliscor|45/100 tox|[from] ability: Poison Heal\n|upkeep\n|\n|t:|1783815993\n|switch|p1a: Abyss|Hydreigon, F|100/100\n|turn|16\n|\n|t:|1783815999\n|move|p2a: Gliscor|Protect|p2a: Gliscor\n|-singleturn|p2a: Gliscor|Protect\n|move|p1a: Abyss|Dark Pulse|p2a: Gliscor\n|-activate|p2a: Gliscor|move: Protect\n|\n|-heal|p2a: Gliscor|58/100 tox|[from] ability: Poison Heal\n|upkeep\n|turn|17\n|\n|t:|1783816003\n|move|p1a: Abyss|Dark Pulse|p2a: Gliscor\n|-damage|p2a: Gliscor|0 fnt\n|faint|p2a: Gliscor\n|\n|upkeep\n|\n|t:|1783816005\n|switch|p2a: Donphan|Donphan, F|100/100\n|turn|18\n|\n|t:|1783816009\n|move|p1a: Abyss|Dark Pulse|p2a: Donphan\n|-damage|p2a: Donphan|24/100\n|move|p2a: Donphan|Ice Spinner|p1a: Abyss\n|-supereffective|p1a: Abyss\n|-damage|p1a: Abyss|32/100\n|\n|-heal|p2a: Donphan|31/100|[from] item: Leftovers\n|upkeep\n|turn|19\n|\n|t:|1783816015\n|move|p1a: Abyss|Dark Pulse|p2a: Donphan\n|-damage|p2a: Donphan|0 fnt\n|faint|p2a: Donphan\n|\n|upkeep\n|\n|t:|1783816018\n|switch|p2a: Cresselia|Cresselia, F|100/100\n|turn|20\n|\n|t:|1783816020\n|move|p1a: Abyss|Dark Pulse|p2a: Cresselia\n|-supereffective|p2a: Cresselia\n|-damage|p2a: Cresselia|22/100\n|move|p2a: Cresselia|Moonblast|p1a: Abyss\n|-supereffective|p1a: Abyss\n|-crit|p1a: Abyss\n|-damage|p1a: Abyss|0 fnt\n|faint|p1a: Abyss\n|\n|upkeep\n|\n|t:|1783816025\n|switch|p1a: Tempest|Landorus-Therian, M|100/100\n|-ability|p1a: Tempest|Intimidate|boost\n|-unboost|p2a: Cresselia|atk|1\n|turn|21\n|\n|t:|1783816027\n|switch|p2a: Alomomola|Alomomola, F|100/100\n|move|p1a: Tempest|Earthquake|p2a: Alomomola\n|-damage|p2a: Alomomola|71/100\n|\n|upkeep\n|turn|22\n|\n|t:|1783816030\n|switch|p1a: Oracle|Hatterene, F|100/100\n|move|p2a: Alomomola|Flip Turn|p1a: Oracle\n|-damage|p1a: Oracle|85/100\n|\n|t:|1783816032\n|switch|p2a: Cresselia|Cresselia, F|22/100|[from] Flip Turn\n|\n|-heal|p1a: Oracle|91/100|[from] item: Leftovers\n|upkeep\n|turn|23\n|\n|t:|1783816035\n|move|p2a: Cresselia|Moonlight|p2a: Cresselia\n|-heal|p2a: Cresselia|72/100\n|move|p1a: Oracle|Calm Mind|p1a: Oracle\n|-boost|p1a: Oracle|spa|1\n|-boost|p1a: Oracle|spd|1\n|\n|-heal|p1a: Oracle|97/100|[from] item: Leftovers\n|upkeep\n|turn|24\n|\n|t:|1783816038\n|move|p2a: Cresselia|Calm Mind|p2a: Cresselia\n|-boost|p2a: Cresselia|spa|1\n|-boost|p2a: Cresselia|spd|1\n|move|p1a: Oracle|Calm Mind|p1a: Oracle\n|-boost|p1a: Oracle|spa|1\n|-boost|p1a: Oracle|spd|1\n|\n|-heal|p1a: Oracle|100/100|[from] item: Leftovers\n|upkeep\n|turn|25\n|\n|t:|1783816042\n|move|p2a: Cresselia|Calm Mind|p2a: Cresselia\n|-boost|p2a: Cresselia|spa|1\n|-boost|p2a: Cresselia|spd|1\n|move|p1a: Oracle|Mystical Fire|p2a: Cresselia\n|-damage|p2a: Cresselia|55/100\n|\n|upkeep\n|turn|26\n|\n|t:|1783816046\n|switch|p1a: Tempest|Landorus-Therian, M|100/100\n|-ability|p1a: Tempest|Intimidate|boost\n|-unboost|p2a: Cresselia|atk|1\n|move|p2a: Cresselia|Calm Mind|p2a: Cresselia\n|-boost|p2a: Cresselia|spa|1\n|-boost|p2a: Cresselia|spd|1\n|\n|upkeep\n|turn|27\n|\n|t:|1783816049\n|move|p1a: Tempest|Crunch|p2a: Cresselia\n|-supereffective|p2a: Cresselia\n|-damage|p2a: Cresselia|10/100\n|move|p2a: Cresselia|Moonlight|p2a: Cresselia\n|-heal|p2a: Cresselia|60/100\n|\n|upkeep\n|turn|28\n|\n|t:|1783816052\n|move|p1a: Tempest|Crunch|p2a: Cresselia\n|-supereffective|p2a: Cresselia\n|-damage|p2a: Cresselia|19/100\n|move|p2a: Cresselia|Stored Power|p1a: Tempest\n|-damage|p1a: Tempest|0 fnt\n|faint|p1a: Tempest\n|\n|upkeep\n|\n|t:|1783816054\n|switch|p1a: Oracle|Hatterene, F|100/100\n|turn|29\n|c|☆buyijklkm|wtf\n|\n|t:|1783816066\n|move|p2a: Cresselia|Moonlight|p2a: Cresselia\n|-heal|p2a: Cresselia|69/100\n|move|p1a: Oracle|Calm Mind|p1a: Oracle\n|-boost|p1a: Oracle|spa|1\n|-boost|p1a: Oracle|spd|1\n|\n|upkeep\n|turn|30\n|c|☆Belike|!dt covert cloak\n|c|☆Belike|/raw <ul class=\"utilichart\"><li class=\"result\"><span class=\"col itemiconcol\"><psicon item=\"covertcloak\"></span> <span class=\"col namecol\"><a href=\"https://dex.pokemonshowdown.com/items/covertcloak\">Covert Cloak</a></span> <span class=\"col itemdesccol\">Holder is not affected by the secondary effect of another Pokemon's attack.</span> </li><li style=\"clear:both\"></li></ul>\n|c|☆Belike|/raw <font size=\"1\"><font color=\"#686868\">Gen:</font> 9&nbsp;|&ThickSpace;<font color=\"#686868\">Fling Base Power:</font> 30</font>\n\n|\n|t:|1783816079\n|move|p2a: Cresselia|Calm Mind|p2a: Cresselia\n|-boost|p2a: Cresselia|spa|1\n|-boost|p2a: Cresselia|spd|1\n|move|p1a: Oracle|Calm Mind|p1a: Oracle\n|-boost|p1a: Oracle|spa|1\n|-boost|p1a: Oracle|spd|1\n|\n|upkeep\n|turn|31\n|\n|t:|1783816081\n|move|p2a: Cresselia|Calm Mind|p2a: Cresselia\n|-boost|p2a: Cresselia|spa|1\n|-boost|p2a: Cresselia|spd|1\n|move|p1a: Oracle|Calm Mind|p1a: Oracle\n|-boost|p1a: Oracle|spa|1\n|-boost|p1a: Oracle|spd|1\n|\n|upkeep\n|turn|32\n|\n|t:|1783816087\n|move|p2a: Cresselia|Calm Mind|p2a: Cresselia\n|-boost|p2a: Cresselia|spa|1\n|-boost|p2a: Cresselia|spd|1\n|move|p1a: Oracle|Calm Mind|p1a: Oracle\n|-boost|p1a: Oracle|spa|1\n|-boost|p1a: Oracle|spd|1\n|\n|upkeep\n|turn|33\n|\n|t:|1783816090\n|move|p2a: Cresselia|Stored Power|p1a: Oracle\n|-resisted|p1a: Oracle\n|-damage|p1a: Oracle|30/100\n|move|p1a: Oracle|Mystical Fire|p2a: Cresselia\n|-damage|p2a: Cresselia|56/100\n|\n|-heal|p1a: Oracle|36/100|[from] item: Leftovers\n|upkeep\n|turn|34\n|\n|t:|1783816094\n|move|p2a: Cresselia|Stored Power|p1a: Oracle\n|-resisted|p1a: Oracle\n|-damage|p1a: Oracle|0 fnt\n|faint|p1a: Oracle\n|\n|win|Belike\n|raw|buyijklkm's rating: 1324 &rarr; <strong>1307</strong><br />(-17 for losing)\n|raw|Belike's rating: 1368 &rarr; <strong>1385</strong><br />(+17 for winning)\n|c|☆Belike|Gg\n|c|☆buyijklkm|bruhh\n|c|☆buyijklkm|i dont get it\n|c|☆buyijklkm|how did i loae that\n|c|☆Belike|What\n|c|☆Belike|Your lando team is cringe\n|c|☆Belike|my 6 ous is based\n", "uploadtime": 1783816126, "views": 13, "formatid": "gen9ou", "rating": 1307, "private": 0, "password": null}