{"id": "gen9ou-2647714807", "format": "[Gen 9] OU", "players": ["Skoolboi", "OUBotBeepBoop"], "log": "|j|☆Skoolboi\n|j|☆OUBotBeepBoop\n|t:|1783800583\n|gametype|singles\n|player|p1|Skoolboi|2|1242\n|player|p2|OUBotBeepBoop|102|1222\n|gen|9\n|tier|[Gen 9] OU\n|rated|\n|rule|HP Percentage Mod: HP is shown in percentages\n|rule|Endless Battle Clause: Forcing endless battles is banned\n|rule|Species Clause: Limit one of each Pokémon\n|rule|OHKO Clause: OHKO moves are banned\n|rule|Evasion Items Clause: Evasion items are banned\n|rule|Evasion Moves Clause: Evasion moves are banned\n|rule|Evasion Abilities Clause: Evasion abilities are banned\n|rule|Sleep Moves Clause: Sleep-inducing moves are banned\n|clearpoke\n|poke|p1|Grimmsnarl, M|\n|poke|p1|Ogerpon-Wellspring, F|\n|poke|p1|Okidogi, M|\n|poke|p1|Rabsca, M|\n|poke|p1|Toxapex, M|\n|poke|p1|Pawmot, F|\n|poke|p2|Glimmora, F|\n|poke|p2|Great Tusk|\n|poke|p2|Kingambit, M|\n|poke|p2|Dragapult, M|\n|poke|p2|Clefable, F|\n|poke|p2|Corviknight, F|\n|teampreview\n|inactive|Battle timer is ON: inactive players will automatically lose when time's up. (requested by OUBotBeepBoop)\n|\n|t:|1783800589\n|teamsize|p1|6\n|teamsize|p2|6\n|start\n|switch|p1a: Floyd Mayweather|Grimmsnarl, M|100/100\n|switch|p2a: Glimmora|Glimmora, F|100/100\n|turn|1\n|\n|t:|1783800595\n|move|p1a: Floyd Mayweather|Taunt|p2a: Glimmora\n|-start|p2a: Glimmora|move: Taunt\n|cant|p2a: Glimmora|move: Taunt|Stealth Rock\n|\n|upkeep\n|turn|2\n|\n|t:|1783800600\n|move|p1a: Floyd Mayweather|Reflect|p1a: Floyd Mayweather\n|-sidestart|p1: Skoolboi|Reflect\n|move|p2a: Glimmora|Mortal Spin|p1a: Floyd Mayweather\n|-supereffective|p1a: Floyd Mayweather\n|-damage|p1a: Floyd Mayweather|94/100\n|-status|p1a: Floyd Mayweather|psn\n|\n|-damage|p1a: Floyd Mayweather|81/100 psn|[from] psn\n|upkeep\n|turn|3\n|\n|t:|1783800608\n|move|p1a: Floyd Mayweather|Light Screen|p1a: Floyd Mayweather\n|-sidestart|p1: Skoolboi|move: Light Screen\n|move|p2a: Glimmora|Power Gem|p1a: Floyd Mayweather\n|-damage|p1a: Floyd Mayweather|65/100 psn\n|\n|-damage|p1a: Floyd Mayweather|53/100 psn|[from] psn\n|-end|p2a: Glimmora|move: Taunt\n|upkeep\n|turn|4\n|\n|t:|1783800617\n|move|p1a: Floyd Mayweather|Taunt|p2a: Glimmora\n|-start|p2a: Glimmora|move: Taunt\n|cant|p2a: Glimmora|move: Taunt|Stealth Rock\n|\n|-damage|p1a: Floyd Mayweather|40/100 psn|[from] psn\n|upkeep\n|turn|5\n|\n|t:|1783800624\n|switch|p1a: George Foreman|Okidogi, M|100/100\n|move|p2a: Glimmora|Power Gem|p1a: George Foreman\n|-resisted|p1a: George Foreman\n|-damage|p1a: George Foreman|90/100\n|\n|-heal|p1a: George Foreman|96/100|[from] item: Leftovers\n|upkeep\n|turn|6\n|\n|t:|1783800633\n|move|p2a: Glimmora|Earth Power|p1a: George Foreman\n|-supereffective|p1a: George Foreman\n|-damage|p1a: George Foreman|64/100\n|move|p1a: George Foreman|Bulk Up|p1a: George Foreman\n|-boost|p1a: George Foreman|atk|1\n|-boost|p1a: George Foreman|def|1\n|\n|-heal|p1a: George Foreman|70/100|[from] item: Leftovers\n|-end|p2a: Glimmora|move: Taunt\n|upkeep\n|turn|7\n|\n|t:|1783800643\n|move|p2a: Glimmora|Earth Power|p1a: George Foreman\n|-supereffective|p1a: George Foreman\n|-damage|p1a: George Foreman|41/100\n|move|p1a: George Foreman|Stomping Tantrum|p2a: Glimmora\n|-supereffective|p2a: Glimmora\n|-enditem|p2a: Glimmora|Focus Sash\n|-damage|p2a: Glimmora|1/100\n|-activate|p2a: Glimmora|ability: Toxic Debris\n|-sidestart|p1: Skoolboi|move: Toxic Spikes\n|\n|-heal|p1a: George Foreman|47/100|[from] item: Leftovers\n|upkeep\n|turn|8\n|\n|t:|1783800657\n|-terastallize|p2a: Glimmora|Grass\n|move|p2a: Glimmora|Earth Power|p1a: George Foreman\n|-supereffective|p1a: George Foreman\n|-damage|p1a: George Foreman|13/100\n|move|p1a: George Foreman|Drain Punch|p2a: Glimmora\n|-crit|p2a: Glimmora\n|-damage|p2a: Glimmora|0 fnt\n|-heal|p1a: George Foreman|13/100|[from] drain|[of] p2a: Glimmora\n|-activate|p2a: Glimmora|ability: Toxic Debris\n|-sidestart|p1: Skoolboi|move: Toxic Spikes\n|faint|p2a: Glimmora\n|\n|-heal|p1a: George Foreman|19/100|[from] item: Leftovers\n|upkeep\n|\n|t:|1783800657\n|switch|p2a: Great Tusk|Great Tusk|100/100\n|turn|9\n|\n|t:|1783800677\n|switch|p1a: Evander Holyfield|Toxapex, M, shiny|100/100\n|-sideend|p1: Skoolboi|move: Toxic Spikes|[of] p1a: Evander Holyfield\n|move|p2a: Great Tusk|Headlong Rush|p1a: Evander Holyfield\n|-supereffective|p1a: Evander Holyfield\n|-damage|p1a: Evander Holyfield|59/100\n|-unboost|p2a: Great Tusk|def|1\n|-unboost|p2a: Great Tusk|spd|1\n|-damage|p2a: Great Tusk|84/100|[from] item: Rocky Helmet|[of] p1a: Evander Holyfield\n|\n|-sideend|p1: Skoolboi|Reflect\n|upkeep\n|turn|10\n|\n|t:|1783800696\n|switch|p1a: Mike Tyson|Ogerpon-Wellspring, F|100/100\n|move|p2a: Great Tusk|Headlong Rush|p1a: Mike Tyson\n|-resisted|p1a: Mike Tyson\n|-damage|p1a: Mike Tyson|63/100\n|-unboost|p2a: Great Tusk|def|1\n|-unboost|p2a: Great Tusk|spd|1\n|\n|-sideend|p1: Skoolboi|move: Light Screen\n|upkeep\n|turn|11\n|\n|t:|1783800706\n|-end|p2a: Great Tusk|Protosynthesis|[silent]\n|switch|p2a: Kingambit|Kingambit, M|100/100\n|-activate|p2a: Kingambit|ability: Supreme Overlord\n|-start|p2a: Kingambit|fallen1|[silent]\n|move|p1a: Mike Tyson|Swords Dance|p1a: Mike Tyson\n|-boost|p1a: Mike Tyson|atk|2\n|\n|upkeep\n|turn|12\n|\n|t:|1783800713\n|move|p1a: Mike Tyson|Ivy Cudgel|p2a: Kingambit|[anim] Ivy Cudgel Water\n|-damage|p2a: Kingambit|10/100\n|move|p2a: Kingambit|Kowtow Cleave|p1a: Mike Tyson\n|-damage|p1a: Mike Tyson|0 fnt\n|faint|p1a: Mike Tyson\n|\n|upkeep\n|\n|t:|1783800721\n|switch|p1a: Pawmot|Pawmot, F|100/100\n|turn|13\n|\n|t:|1783800726\n|-end|p2a: Kingambit|fallen1|[silent]\n|switch|p2a: Clefable|Clefable, F|100/100\n|move|p1a: Pawmot|Revival Blessing|p1a: Pawmot\n|-enditem|p1a: Pawmot|Leppa Berry|[eat]\n|-activate|p1a: Pawmot|item: Leppa Berry|Revival Blessing|[consumed]\n|\n|t:|1783800732\n|-heal|p1: Mike Tyson|50/100|[from] move: Revival Blessing\n|\n|upkeep\n|turn|14\n|\n|t:|1783800737\n|move|p1a: Pawmot|Wish|p1a: Pawmot\n|move|p2a: Clefable|Moonblast|p1a: Pawmot\n|-supereffective|p1a: Pawmot\n|-damage|p1a: Pawmot|0 fnt\n|faint|p1a: Pawmot\n|\n|upkeep\n|\n|t:|1783800747\n|switch|p1a: Mike Tyson|Ogerpon-Wellspring, F|50/100\n|turn|15\n|\n|t:|1783800751\n|move|p1a: Mike Tyson|Swords Dance|p1a: Mike Tyson\n|-boost|p1a: Mike Tyson|atk|2\n|move|p2a: Clefable|Moonblast|p1a: Mike Tyson\n|-damage|p1a: Mike Tyson|15/100\n|-unboost|p1a: Mike Tyson|spa|1\n|\n|-heal|p1a: Mike Tyson|61/100|[from] move: Wish|[wisher] Pawmot\n|upkeep\n|turn|16\n|\n|t:|1783800763\n|-terastallize|p1a: Mike Tyson|Water\n|detailschange|p1a: Mike Tyson|Ogerpon-Wellspring-Tera, F, tera:Water\n|-ability|p1a: Mike Tyson|Embody Aspect (Wellspring)|boost\n|-boost|p1a: Mike Tyson|spd|1\n|move|p1a: Mike Tyson|Knock Off|p2a: Clefable\n|-resisted|p2a: Clefable\n|-damage|p2a: Clefable|85/100\n|-enditem|p2a: Clefable|Leftovers|[from] move: Knock Off|[of] p1a: Mike Tyson\n|move|p2a: Clefable|Moonblast|p1a: Mike Tyson\n|-damage|p1a: Mike Tyson|23/100\n|\n|upkeep\n|turn|17\n|\n|t:|1783800779\n|switch|p1a: Evander Holyfield|Toxapex, M, shiny|92/100\n|move|p2a: Clefable|Moonblast|p1a: Evander Holyfield\n|-resisted|p1a: Evander Holyfield\n|-crit|p1a: Evander Holyfield\n|-damage|p1a: Evander Holyfield|72/100\n|\n|upkeep\n|turn|18\n|\n|t:|1783800789\n|move|p2a: Clefable|Calm Mind|p2a: Clefable\n|-boost|p2a: Clefable|spa|1\n|-boost|p2a: Clefable|spd|1\n|move|p1a: Evander Holyfield|Infestation|p2a: Clefable\n|-resisted|p2a: Clefable\n|-damage|p2a: Clefable|84/100\n|-activate|p2a: Clefable|move: Infestation|[of] p1a: Evander Holyfield\n|\n|-damage|p2a: Clefable|72/100|[from] move: Infestation|[partiallytrapped]\n|upkeep\n|turn|19\n|\n|t:|1783800798\n|move|p2a: Clefable|Calm Mind|p2a: Clefable\n|-boost|p2a: Clefable|spa|1\n|-boost|p2a: Clefable|spd|1\n|move|p1a: Evander Holyfield|Haze|p1a: Evander Holyfield\n|-clearallboost\n|\n|-damage|p2a: Clefable|59/100|[from] move: Infestation|[partiallytrapped]\n|upkeep\n|turn|20\n|\n|t:|1783800806\n|move|p2a: Clefable|Wish|p2a: Clefable\n|move|p1a: Evander Holyfield|Toxic|p2a: Clefable\n|-status|p2a: Clefable|tox\n|\n|-damage|p2a: Clefable|53/100 tox|[from] psn\n|-damage|p2a: Clefable|41/100 tox|[from] move: Infestation|[partiallytrapped]\n|upkeep\n|turn|21\n|\n|t:|1783800818\n|switch|p1a: Floyd Mayweather|Grimmsnarl, M|40/100 psn\n|move|p2a: Clefable|Wish||[still]\n|-fail|p2a: Clefable\n|\n|-heal|p2a: Clefable|91/100 tox|[from] move: Wish|[wisher] Clefable\n|-damage|p2a: Clefable|79/100 tox|[from] psn\n|-damage|p1a: Floyd Mayweather|28/100 psn|[from] psn\n|-end|p2a: Clefable|Infestation|[partiallytrapped]|[silent]\n|upkeep\n|turn|22\n|\n|t:|1783800837\n|move|p1a: Floyd Mayweather|Light Screen|p1a: Floyd Mayweather\n|-sidestart|p1: Skoolboi|move: Light Screen\n|move|p2a: Clefable|Moonblast|p1a: Floyd Mayweather\n|-supereffective|p1a: Floyd Mayweather\n|-damage|p1a: Floyd Mayweather|4/100 psn\n|\n|-damage|p2a: Clefable|60/100 tox|[from] psn\n|-damage|p1a: Floyd Mayweather|0 fnt|[from] psn\n|faint|p1a: Floyd Mayweather\n|upkeep\n|\n|t:|1783800845\n|switch|p1a: Tyson Fury|Rabsca, M, shiny|100/100\n|turn|23\n|\n|t:|1783800850\n|move|p2a: Clefable|Wish|p2a: Clefable\n|move|p1a: Tyson Fury|Revival Blessing|p1a: Tyson Fury\n|-enditem|p1a: Tyson Fury|Leppa Berry|[eat]\n|-activate|p1a: Tyson Fury|item: Leppa Berry|Revival Blessing|[consumed]\n|\n|t:|1783800854\n|-heal|p1: Pawmot|50/100|[from] move: Revival Blessing\n|\n|-damage|p2a: Clefable|36/100 tox|[from] psn\n|upkeep\n|turn|24\n|\n|t:|1783800861\n|move|p2a: Clefable|Wish||[still]\n|-fail|p2a: Clefable\n|move|p1a: Tyson Fury|Revival Blessing|p1a: Tyson Fury\n|\n|t:|1783800865\n|-heal|p1: Floyd Mayweather|50/100|[from] move: Revival Blessing\n|\n|-heal|p2a: Clefable|86/100 tox|[from] move: Wish|[wisher] Clefable\n|-damage|p2a: Clefable|56/100 tox|[from] psn\n|upkeep\n|turn|25\n|\n|t:|1783800876\n|switch|p1a: Evander Holyfield|Toxapex, M, shiny|100/100\n|move|p2a: Clefable|Wish|p2a: Clefable\n|\n|-damage|p2a: Clefable|19/100 tox|[from] psn\n|upkeep\n|turn|26\n|\n|t:|1783800885\n|move|p2a: Clefable|Wish||[still]\n|-fail|p2a: Clefable\n|move|p1a: Evander Holyfield|Infestation|p2a: Clefable\n|-resisted|p2a: Clefable\n|-damage|p2a: Clefable|18/100 tox\n|-activate|p2a: Clefable|move: Infestation|[of] p1a: Evander Holyfield\n|\n|-heal|p2a: Clefable|68/100 tox|[from] move: Wish|[wisher] Clefable\n|-damage|p2a: Clefable|25/100 tox|[from] psn\n|-damage|p2a: Clefable|12/100 tox|[from] move: Infestation|[partiallytrapped]\n|upkeep\n|turn|27\n|\n|t:|1783800896\n|move|p2a: Clefable|Wish|p2a: Clefable\n|move|p1a: Evander Holyfield|Chilling Water|p2a: Clefable\n|-damage|p2a: Clefable|2/100 tox\n|-unboost|p2a: Clefable|atk|1\n|\n|-damage|p2a: Clefable|0 fnt|[from] psn\n|faint|p2a: Clefable\n|upkeep\n|\n|t:|1783800896\n|switch|p2a: Dragapult|Dragapult, M|100/100\n|turn|28\n|\n|t:|1783800907\n|move|p2a: Dragapult|Shadow Ball|p1a: Evander Holyfield\n|-damage|p1a: Evander Holyfield|57/100\n|move|p1a: Evander Holyfield|Toxic|p2a: Dragapult\n|-status|p2a: Dragapult|tox\n|\n|-damage|p2a: Dragapult|95/100 tox|[from] psn\n|upkeep\n|turn|29\n|\n|t:|1783800919\n|move|p2a: Dragapult|Shadow Ball|p1a: Evander Holyfield\n|-damage|p1a: Evander Holyfield|10/100\n|move|p1a: Evander Holyfield|Infestation|p2a: Dragapult\n|-resisted|p2a: Dragapult\n|-damage|p2a: Dragapult|92/100 tox\n|-activate|p2a: Dragapult|move: Infestation|[of] p1a: Evander Holyfield\n|\n|-damage|p2a: Dragapult|80/100 tox|[from] psn\n|-damage|p2a: Dragapult|68/100 tox|[from] move: Infestation|[partiallytrapped]\n|-sideend|p1: Skoolboi|move: Light Screen\n|upkeep\n|turn|30\n|inactive|Skoolboi has 120 seconds left.\n|\n|t:|1783800955\n|switch|p1a: George Foreman|Okidogi, M|19/100\n|move|p2a: Dragapult|Shadow Ball|p1a: George Foreman\n|-damage|p1a: George Foreman|0 fnt\n|faint|p1a: George Foreman\n|\n|-damage|p2a: Dragapult|50/100 tox|[from] psn\n|-end|p2a: Dragapult|Infestation|[partiallytrapped]|[silent]\n|upkeep\n|\n|t:|1783800969\n|switch|p1a: Floyd Mayweather|Grimmsnarl, M|50/100\n|turn|31\n|\n|t:|1783800974\n|switch|p2a: Great Tusk|Great Tusk|84/100\n|move|p1a: Floyd Mayweather|Light Screen|p1a: Floyd Mayweather\n|-sidestart|p1: Skoolboi|move: Light Screen\n|\n|upkeep\n|turn|32\n|inactive|Skoolboi has 120 seconds left.\n|\n|t:|1783800980\n|move|p1a: Floyd Mayweather|Reflect|p1a: Floyd Mayweather\n|-sidestart|p1: Skoolboi|Reflect\n|move|p2a: Great Tusk|Headlong Rush|p1a: Floyd Mayweather\n|-damage|p1a: Floyd Mayweather|14/100\n|-unboost|p2a: Great Tusk|def|1\n|-unboost|p2a: Great Tusk|spd|1\n|\n|upkeep\n|turn|33\n|inactive|Skoolboi has 120 seconds left.\n|\n|t:|1783800993\n|switch|p1a: Tyson Fury|Rabsca, M, shiny|100/100\n|move|p2a: Great Tusk|Headlong Rush|p1a: Tyson Fury\n|-resisted|p1a: Tyson Fury\n|-damage|p1a: Tyson Fury|83/100\n|-unboost|p2a: Great Tusk|def|1\n|-unboost|p2a: Great Tusk|spd|1\n|\n|upkeep\n|turn|34\n|\n|t:|1783801002\n|-end|p2a: Great Tusk|Protosynthesis|[silent]\n|switch|p2a: Dragapult|Dragapult, M|50/100 tox\n|move|p1a: Tyson Fury|Trick Room|p1a: Tyson Fury\n|-fieldstart|move: Trick Room|[of] p1a: Tyson Fury\n|\n|-damage|p2a: Dragapult|44/100 tox|[from] psn\n|upkeep\n|turn|35\n|inactive|Skoolboi has 120 seconds left.\n|\n|t:|1783801017\n|move|p1a: Tyson Fury|Psychic|p2a: Dragapult\n|-damage|p2a: Dragapult|0 fnt\n|faint|p2a: Dragapult\n|\n|upkeep\n|\n|t:|1783801018\n|switch|p2a: Corviknight|Corviknight, F|100/100\n|-ability|p2a: Corviknight|Pressure\n|turn|36\n|\n|t:|1783801026\n|switch|p1a: Evander Holyfield|Toxapex, M, shiny|43/100\n|move|p2a: Corviknight|U-turn|p1a: Evander Holyfield\n|-resisted|p1a: Evander Holyfield\n|-crit|p1a: Evander Holyfield\n|-damage|p1a: Evander Holyfield|37/100\n|-damage|p2a: Corviknight|84/100|[from] item: Rocky Helmet|[of] p1a: Evander Holyfield\n|\n|t:|1783801026\n|switch|p2a: Great Tusk|Great Tusk|84/100|[from] U-turn\n|\n|upkeep\n|turn|37\n|\n|t:|1783801046\n|switch|p1a: Tyson Fury|Rabsca, M, shiny|83/100\n|move|p2a: Great Tusk|Headlong Rush|p1a: Tyson Fury\n|-resisted|p1a: Tyson Fury\n|-damage|p1a: Tyson Fury|65/100\n|-unboost|p2a: Great Tusk|def|1\n|-unboost|p2a: Great Tusk|spd|1\n|\n|upkeep\n|turn|38\n|\n|t:|1783801056\n|-end|p2a: Great Tusk|Protosynthesis|[silent]\n|switch|p2a: Corviknight|Corviknight, F|84/100\n|-ability|p2a: Corviknight|Pressure\n|move|p1a: Tyson Fury|Psychic|p2a: Corviknight\n|-resisted|p2a: Corviknight\n|-damage|p2a: Corviknight|61/100\n|\n|-heal|p2a: Corviknight|67/100|[from] item: Leftovers\n|-sideend|p1: Skoolboi|move: Light Screen\n|-fieldend|move: Trick Room\n|upkeep\n|turn|39\n|\n|t:|1783801067\n|switch|p1a: Evander Holyfield|Toxapex, M, shiny|70/100\n|move|p2a: Corviknight|Roost|p2a: Corviknight\n|-heal|p2a: Corviknight|100/100\n|-singleturn|p2a: Corviknight|move: Roost\n|\n|-sideend|p1: Skoolboi|Reflect\n|upkeep\n|turn|40\n|\n|t:|1783801076\n|switch|p2a: Great Tusk|Great Tusk|84/100\n|move|p1a: Evander Holyfield|Toxic|p2a: Great Tusk\n|-status|p2a: Great Tusk|tox\n|\n|-damage|p2a: Great Tusk|78/100 tox|[from] psn\n|upkeep\n|turn|41\n|\n|t:|1783801087\n|switch|p1a: Tyson Fury|Rabsca, M, shiny|65/100\n|move|p2a: Great Tusk|Headlong Rush|p1a: Tyson Fury\n|-resisted|p1a: Tyson Fury\n|-damage|p1a: Tyson Fury|28/100\n|-unboost|p2a: Great Tusk|def|1\n|-unboost|p2a: Great Tusk|spd|1\n|\n|-damage|p2a: Great Tusk|65/100 tox|[from] psn\n|upkeep\n|turn|42\n|\n|t:|1783801098\n|move|p2a: Great Tusk|Knock Off|p1a: Tyson Fury\n|-supereffective|p1a: Tyson Fury\n|-damage|p1a: Tyson Fury|0 fnt\n|faint|p1a: Tyson Fury\n|\n|-damage|p2a: Great Tusk|47/100 tox|[from] psn\n|upkeep\n|\n|t:|1783801107\n|switch|p1a: Floyd Mayweather|Grimmsnarl, M|14/100\n|turn|43\n|\n|t:|1783801110\n|move|p1a: Floyd Mayweather|Reflect|p1a: Floyd Mayweather\n|-sidestart|p1: Skoolboi|Reflect\n|move|p2a: Great Tusk|Rapid Spin|p1a: Floyd Mayweather\n|-damage|p1a: Floyd Mayweather|3/100\n|-boost|p2a: Great Tusk|spe|1\n|\n|-damage|p2a: Great Tusk|22/100 tox|[from] psn\n|upkeep\n|turn|44\n|\n|t:|1783801119\n|switch|p1a: Evander Holyfield|Toxapex, M, shiny|100/100\n|move|p2a: Great Tusk|Headlong Rush|p1a: Evander Holyfield\n|-supereffective|p1a: Evander Holyfield\n|-damage|p1a: Evander Holyfield|64/100\n|-unboost|p2a: Great Tusk|def|1\n|-unboost|p2a: Great Tusk|spd|1\n|-damage|p2a: Great Tusk|6/100 tox|[from] item: Rocky Helmet|[of] p1a: Evander Holyfield\n|\n|-damage|p2a: Great Tusk|0 fnt|[from] psn\n|faint|p2a: Great Tusk\n|-end|p2a: Great Tusk|Protosynthesis|[silent]\n|upkeep\n|\n|t:|1783801119\n|switch|p2a: Corviknight|Corviknight, F|100/100\n|-ability|p2a: Corviknight|Pressure\n|turn|45\n|\n|t:|1783801139\n|switch|p1a: Floyd Mayweather|Grimmsnarl, M|3/100\n|move|p2a: Corviknight|U-turn|p1a: Floyd Mayweather\n|-damage|p1a: Floyd Mayweather|0 fnt\n|faint|p1a: Floyd Mayweather\n|\n|t:|1783801139\n|switch|p2a: Kingambit|Kingambit, M|10/100|[from] U-turn\n|-activate|p2a: Kingambit|ability: Supreme Overlord\n|-start|p2a: Kingambit|fallen4|[silent]\n|\n|upkeep\n|\n|t:|1783801152\n|switch|p1a: Evander Holyfield|Toxapex, M, shiny|97/100\n|turn|46\n|\n|t:|1783801156\n|-end|p2a: Kingambit|fallen4|[silent]\n|switch|p2a: Corviknight|Corviknight, F|100/100\n|-ability|p2a: Corviknight|Pressure\n|move|p1a: Evander Holyfield|Chilling Water|p2a: Corviknight\n|-damage|p2a: Corviknight|90/100\n|-unboost|p2a: Corviknight|atk|1\n|\n|-heal|p2a: Corviknight|96/100|[from] item: Leftovers\n|upkeep\n|turn|47\n|\n|t:|1783801166\n|move|p2a: Corviknight|U-turn|p1a: Evander Holyfield\n|-resisted|p1a: Evander Holyfield\n|-damage|p1a: Evander Holyfield|96/100\n|-damage|p2a: Corviknight|80/100|[from] item: Rocky Helmet|[of] p1a: Evander Holyfield\n|\n|t:|1783801166\n|switch|p2a: Kingambit|Kingambit, M|10/100|[from] U-turn\n|-activate|p2a: Kingambit|ability: Supreme Overlord\n|-start|p2a: Kingambit|fallen4|[silent]\n|move|p1a: Evander Holyfield|Chilling Water|p2a: Kingambit\n|-damage|p2a: Kingambit|0 fnt\n|faint|p2a: Kingambit\n|-end|p2a: Kingambit|fallen4|[silent]\n|\n|upkeep\n|\n|t:|1783801167\n|switch|p2a: Corviknight|Corviknight, F|80/100\n|-ability|p2a: Corviknight|Pressure\n|turn|48\n|\n|t:|1783801183\n|move|p2a: Corviknight|Roost|p2a: Corviknight\n|-heal|p2a: Corviknight|100/100\n|-singleturn|p2a: Corviknight|move: Roost\n|move|p1a: Evander Holyfield|Chilling Water|p2a: Corviknight\n|-damage|p2a: Corviknight|90/100\n|-unboost|p2a: Corviknight|atk|1\n|\n|-heal|p2a: Corviknight|96/100|[from] item: Leftovers\n|upkeep\n|turn|49\n|\n|t:|1783801193\n|move|p2a: Corviknight|U-turn|p1a: Evander Holyfield\n|-resisted|p1a: Evander Holyfield\n|-damage|p1a: Evander Holyfield|94/100\n|-damage|p2a: Corviknight|80/100|[from] item: Rocky Helmet|[of] p1a: Evander Holyfield\n|move|p1a: Evander Holyfield|Chilling Water|p2a: Corviknight\n|-damage|p2a: Corviknight|70/100\n|-unboost|p2a: Corviknight|atk|1\n|\n|-heal|p2a: Corviknight|76/100|[from] item: Leftovers\n|upkeep\n|turn|50\n|\n|t:|1783801205\n|move|p2a: Corviknight|Roost|p2a: Corviknight\n|-heal|p2a: Corviknight|100/100\n|-singleturn|p2a: Corviknight|move: Roost\n|move|p1a: Evander Holyfield|Chilling Water|p2a: Corviknight\n|-damage|p2a: Corviknight|91/100\n|-unboost|p2a: Corviknight|atk|1\n|\n|-heal|p2a: Corviknight|97/100|[from] item: Leftovers\n|-sideend|p1: Skoolboi|Reflect\n|upkeep\n|turn|51\n|\n|t:|1783801216\n|move|p2a: Corviknight|U-turn|p1a: Evander Holyfield\n|-resisted|p1a: Evander Holyfield\n|-damage|p1a: Evander Holyfield|93/100\n|-damage|p2a: Corviknight|81/100|[from] item: Rocky Helmet|[of] p1a: Evander Holyfield\n|move|p1a: Evander Holyfield|Chilling Water|p2a: Corviknight\n|-damage|p2a: Corviknight|72/100\n|-unboost|p2a: Corviknight|atk|1\n|\n|-heal|p2a: Corviknight|78/100|[from] item: Leftovers\n|upkeep\n|turn|52\n|\n|t:|1783801226\n|move|p2a: Corviknight|U-turn|p1a: Evander Holyfield\n|-resisted|p1a: Evander Holyfield\n|-damage|p1a: Evander Holyfield|91/100\n|-damage|p2a: Corviknight|61/100|[from] item: Rocky Helmet|[of] p1a: Evander Holyfield\n|move|p1a: Evander Holyfield|Chilling Water|p2a: Corviknight\n|-damage|p2a: Corviknight|51/100\n|-unboost|p2a: Corviknight|atk|1\n|\n|-heal|p2a: Corviknight|57/100|[from] item: Leftovers\n|upkeep\n|turn|53\n|\n|t:|1783801237\n|switch|p1a: Pawmot|Pawmot, F|50/100\n|move|p2a: Corviknight|Roost|p2a: Corviknight\n|-heal|p2a: Corviknight|100/100\n|-singleturn|p2a: Corviknight|move: Roost\n|\n|upkeep\n|turn|54\n|\n|t:|1783801245\n|move|p1a: Pawmot|Revival Blessing|p1a: Pawmot\n|\n|t:|1783801254\n|-heal|p1: George Foreman|50/100|[from] move: Revival Blessing\n|move|p2a: Corviknight|Body Press|p1a: Pawmot\n|-damage|p1a: Pawmot|5/100\n|\n|upkeep\n|turn|55\n|\n|t:|1783801263\n|move|p1a: Pawmot|Double Shock|p2a: Corviknight\n|-supereffective|p2a: Corviknight\n|-damage|p2a: Corviknight|37/100\n|-start|p1a: Pawmot|typechange|???/Fighting|[from] move: Double Shock\n|move|p2a: Corviknight|Body Press|p1a: Pawmot\n|-damage|p1a: Pawmot|0 fnt\n|faint|p1a: Pawmot\n|\n|-heal|p2a: Corviknight|43/100|[from] item: Leftovers\n|upkeep\n|\n|t:|1783801276\n|switch|p1a: George Foreman|Okidogi, M|50/100\n|turn|56\n|\n|t:|1783801279\n|move|p1a: George Foreman|Drain Punch|p2a: Corviknight\n|-damage|p2a: Corviknight|20/100\n|-heal|p1a: George Foreman|63/100|[from] drain|[of] p2a: Corviknight\n|move|p2a: Corviknight|Roost|p2a: Corviknight\n|-heal|p2a: Corviknight|70/100\n|-singleturn|p2a: Corviknight|move: Roost\n|\n|-heal|p1a: George Foreman|69/100|[from] item: Leftovers\n|-heal|p2a: Corviknight|76/100|[from] item: Leftovers\n|upkeep\n|turn|57\n|\n|t:|1783801291\n|move|p1a: George Foreman|Drain Punch|p2a: Corviknight\n|-damage|p2a: Corviknight|51/100\n|-heal|p1a: George Foreman|82/100|[from] drain|[of] p2a: Corviknight\n|move|p2a: Corviknight|Roost|p2a: Corviknight\n|-heal|p2a: Corviknight|100/100\n|-singleturn|p2a: Corviknight|move: Roost\n|\n|-heal|p1a: George Foreman|88/100|[from] item: Leftovers\n|upkeep\n|turn|58\n|\n|t:|1783801301\n|move|p1a: George Foreman|Bulk Up|p1a: George Foreman\n|-boost|p1a: George Foreman|atk|1\n|-boost|p1a: George Foreman|def|1\n|move|p2a: Corviknight|U-turn|p1a: George Foreman\n|-resisted|p1a: George Foreman\n|-damage|p1a: George Foreman|88/100\n|\n|-heal|p1a: George Foreman|94/100|[from] item: Leftovers\n|upkeep\n|turn|59\n|\n|t:|1783801310\n|move|p1a: George Foreman|Bulk Up|p1a: George Foreman\n|-boost|p1a: George Foreman|atk|1\n|-boost|p1a: George Foreman|def|1\n|move|p2a: Corviknight|U-turn|p1a: George Foreman\n|-resisted|p1a: George Foreman\n|-damage|p1a: George Foreman|93/100\n|\n|-heal|p1a: George Foreman|99/100|[from] item: Leftovers\n|upkeep\n|turn|60\n|\n|t:|1783801319\n|move|p1a: George Foreman|Drain Punch|p2a: Corviknight\n|-damage|p2a: Corviknight|49/100\n|-heal|p1a: George Foreman|100/100|[from] drain|[of] p2a: Corviknight\n|move|p2a: Corviknight|U-turn|p1a: George Foreman\n|-resisted|p1a: George Foreman\n|-crit|p1a: George Foreman\n|-damage|p1a: George Foreman|97/100\n|\n|-heal|p1a: George Foreman|100/100|[from] item: Leftovers\n|-heal|p2a: Corviknight|55/100|[from] item: Leftovers\n|upkeep\n|turn|61\n|\n|t:|1783801329\n|move|p1a: George Foreman|Drain Punch|p2a: Corviknight\n|-damage|p2a: Corviknight|2/100\n|move|p2a: Corviknight|Roost|p2a: Corviknight\n|-heal|p2a: Corviknight|52/100\n|-singleturn|p2a: Corviknight|move: Roost\n|\n|-heal|p2a: Corviknight|58/100|[from] item: Leftovers\n|upkeep\n|turn|62\n|\n|t:|1783801339\n|move|p1a: George Foreman|Drain Punch|p2a: Corviknight\n|-damage|p2a: Corviknight|8/100\n|move|p2a: Corviknight|Roost|p2a: Corviknight\n|-heal|p2a: Corviknight|58/100\n|-singleturn|p2a: Corviknight|move: Roost\n|\n|-heal|p2a: Corviknight|64/100|[from] item: Leftovers\n|upkeep\n|turn|63\n|\n|t:|1783801349\n|move|p1a: George Foreman|Bulk Up|p1a: George Foreman\n|-boost|p1a: George Foreman|atk|1\n|-boost|p1a: George Foreman|def|1\n|move|p2a: Corviknight|U-turn|p1a: George Foreman\n|-resisted|p1a: George Foreman\n|-damage|p1a: George Foreman|99/100\n|\n|-heal|p1a: George Foreman|100/100|[from] item: Leftovers\n|-heal|p2a: Corviknight|70/100|[from] item: Leftovers\n|upkeep\n|turn|64\n|\n|t:|1783801358\n|move|p1a: George Foreman|Bulk Up|p1a: George Foreman\n|-boost|p1a: George Foreman|atk|1\n|-boost|p1a: George Foreman|def|1\n|move|p2a: Corviknight|U-turn|p1a: George Foreman\n|-resisted|p1a: George Foreman\n|-damage|p1a: George Foreman|99/100\n|\n|-heal|p1a: George Foreman|100/100|[from] item: Leftovers\n|-heal|p2a: Corviknight|77/100|[from] item: Leftovers\n|upkeep\n|turn|65\n|\n|t:|1783801367\n|move|p1a: George Foreman|Bulk Up|p1a: George Foreman\n|-boost|p1a: George Foreman|atk|1\n|-boost|p1a: George Foreman|def|1\n|move|p2a: Corviknight|Body Press|p1a: George Foreman\n|-resisted|p1a: George Foreman\n|-damage|p1a: George Foreman|97/100\n|\n|-heal|p1a: George Foreman|100/100|[from] item: Leftovers\n|-heal|p2a: Corviknight|83/100|[from] item: Leftovers\n|upkeep\n|turn|66\n|\n|t:|1783801377\n|move|p1a: George Foreman|Drain Punch|p2a: Corviknight\n|-damage|p2a: Corviknight|0 fnt\n|faint|p2a: Corviknight\n|\n|win|Skoolboi\n|raw|Skoolboi's rating: 1242 &rarr; <strong>1263</strong><br />(+21 for winning)\n|raw|OUBotBeepBoop's rating: 1190 &rarr; <strong>1169</strong><br />(-21 for losing)\n|l|☆OUBotBeepBoop\n|player|p2|\n|l|☆Skoolboi\n|player|p1|\n", "uploadtime": 1783801683, "views": 6, "formatid": "gen9ou", "rating": 1169, "private": 0, "password": null}