{"id": "gen9ou-2639917084", "format": "[Gen 9] OU", "players": ["Sovereeign", "LowEL0God"], "log": "|j|☆Sovereeign\n|j|☆LowEL0God\n|t:|1782542913\n|gametype|singles\n|player|p1|Sovereeign|morty|1561\n|player|p2|LowEL0God|2|1711\n|gen|9\n|tier|[Gen 9] OU\n|rated|\n|rule|HP Percentage Mod: HP is shown in percentages\n|rule|Endless Battle Clause: Forcing endless battles is banned\n|rule|Species Clause: Limit one of each Pokémon\n|rule|OHKO Clause: OHKO moves are banned\n|rule|Evasion Items Clause: Evasion items are banned\n|rule|Evasion Moves Clause: Evasion moves are banned\n|rule|Evasion Abilities Clause: Evasion abilities are banned\n|rule|Sleep Moves Clause: Sleep-inducing moves are banned\n|clearpoke\n|poke|p1|Dragonite, M|\n|poke|p1|Ogerpon-Wellspring, F|\n|poke|p1|Deoxys-Speed|\n|poke|p1|Great Tusk|\n|poke|p1|Glimmora, F|\n|poke|p1|Kingambit, M|\n|poke|p2|Pelipper, F|\n|poke|p2|Torkoal, M|\n|poke|p2|Walking Wake|\n|poke|p2|Tyranitar, F|\n|poke|p2|Excadrill, F|\n|poke|p2|Ogerpon-Wellspring, F|\n|teampreview\n|inactive|Battle timer is ON: inactive players will automatically lose when time's up. (requested by Sovereeign)\n|inactive|LowEL0God also wants the timer to be on.\n|\n|t:|1782542923\n|teamsize|p1|6\n|teamsize|p2|6\n|start\n|switch|p1a: Ogerpon|Ogerpon-Wellspring, F|100/100\n|switch|p2a: Walking Wake|Walking Wake|100/100\n|turn|1\n|\n|t:|1782542929\n|move|p1a: Ogerpon|Power Whip|p2a: Walking Wake\n|-damage|p2a: Walking Wake|21/100\n|move|p2a: Walking Wake|Dragon Pulse|p1a: Ogerpon\n|-damage|p1a: Ogerpon|23/100\n|\n|upkeep\n|turn|2\n|\n|t:|1782542937\n|-end|p2a: Walking Wake|Protosynthesis|[silent]\n|switch|p2a: Torkoal|Torkoal, M|100/100\n|-weather|SunnyDay|[from] ability: Drought|[of] p2a: Torkoal\n|move|p1a: Ogerpon|Knock Off|p2a: Torkoal\n|-damage|p2a: Torkoal|80/100\n|-enditem|p2a: Torkoal|Heat Rock|[from] move: Knock Off|[of] p1a: Ogerpon\n|\n|-weather|SunnyDay|[upkeep]\n|upkeep\n|turn|3\n|\n|t:|1782542947\n|move|p1a: Ogerpon|Ivy Cudgel|p2a: Torkoal|[anim] Ivy Cudgel Water\n|-supereffective|p2a: Torkoal\n|-crit|p2a: Torkoal\n|-damage|p2a: Torkoal|25/100\n|move|p2a: Torkoal|Lava Plume|p1a: Ogerpon\n|-damage|p1a: Ogerpon|0 fnt\n|faint|p1a: Ogerpon\n|\n|-weather|SunnyDay|[upkeep]\n|upkeep\n|\n|t:|1782542955\n|switch|p1a: Glimmora|Glimmora, F|100/100\n|turn|4\n|\n|t:|1782542959\n|move|p1a: Glimmora|Stealth Rock|p2a: Torkoal\n|-sidestart|p2: LowEL0God|move: Stealth Rock\n|move|p2a: Torkoal|Lava Plume|p1a: Glimmora\n|-resisted|p1a: Glimmora\n|-damage|p1a: Glimmora|81/100\n|-enditem|p1a: Glimmora|Red Card|[of] p2a: Torkoal\n|drag|p2a: Ogerpon|Ogerpon-Wellspring, F|100/100\n|-damage|p2a: Ogerpon|88/100|[from] Stealth Rock\n|\n|-weather|SunnyDay|[upkeep]\n|upkeep\n|turn|5\n|\n|t:|1782542969\n|move|p2a: Ogerpon|Swords Dance|p2a: Ogerpon\n|-boost|p2a: Ogerpon|atk|2\n|move|p1a: Glimmora|Spikes|p2a: Ogerpon\n|-sidestart|p2: LowEL0God|Spikes\n|\n|-weather|SunnyDay|[upkeep]\n|upkeep\n|turn|6\n|\n|t:|1782542973\n|move|p2a: Ogerpon|Horn Leech|p1a: Glimmora\n|-damage|p1a: Glimmora|16/100\n|-heal|p2a: Ogerpon|100/100|[from] drain|[of] p1a: Glimmora\n|-activate|p1a: Glimmora|ability: Toxic Debris\n|-sidestart|p2: LowEL0God|move: Toxic Spikes\n|move|p1a: Glimmora|Mortal Spin|p2a: Ogerpon\n|-supereffective|p2a: Ogerpon\n|-damage|p2a: Ogerpon|84/100\n|-status|p2a: Ogerpon|psn\n|\n|-weather|SunnyDay|[upkeep]\n|-damage|p2a: Ogerpon|72/100 psn|[from] psn\n|upkeep\n|turn|7\n|\n|t:|1782542979\n|move|p2a: Ogerpon|Horn Leech|p1a: Glimmora\n|-damage|p1a: Glimmora|0 fnt\n|-heal|p2a: Ogerpon|81/100 psn|[from] drain|[of] p1a: Glimmora\n|-activate|p1a: Glimmora|ability: Toxic Debris\n|-sidestart|p2: LowEL0God|move: Toxic Spikes\n|faint|p1a: Glimmora\n|\n|-weather|SunnyDay|[upkeep]\n|-damage|p2a: Ogerpon|69/100 psn|[from] psn\n|upkeep\n|\n|t:|1782542981\n|switch|p1a: Deoxys|Deoxys-Speed|100/100\n|-ability|p1a: Deoxys|Pressure\n|turn|8\n|\n|t:|1782542990\n|move|p1a: Deoxys|Psycho Boost|p2a: Ogerpon\n|-damage|p2a: Ogerpon|0 fnt\n|-unboost|p1a: Deoxys|spa|2\n|faint|p2a: Ogerpon\n|-enditem|p1a: Deoxys|Eject Pack\n|\n|t:|1782543014\n|switch|p1a: Great Tusk|Great Tusk|100/100\n|-activate|p1a: Great Tusk|ability: Protosynthesis\n|-start|p1a: Great Tusk|protosynthesisspe\n|\n|-weather|SunnyDay|[upkeep]\n|upkeep\n|\n|t:|1782543014\n|switch|p2a: Hurricane Spam|Pelipper, F, shiny|100/100\n|-damage|p2a: Hurricane Spam|76/100|[from] Stealth Rock\n|-weather|RainDance|[from] ability: Drizzle|[of] p2a: Hurricane Spam\n|-end|p1a: Great Tusk|Protosynthesis\n|-enditem|p1a: Great Tusk|Booster Energy\n|-activate|p1a: Great Tusk|ability: Protosynthesis|[fromitem]\n|-start|p1a: Great Tusk|protosynthesisspe\n|turn|9\n|\n|t:|1782543033\n|-end|p1a: Great Tusk|Protosynthesis|[silent]\n|switch|p1a: Kingambit|Kingambit, M|100/100\n|-activate|p1a: Kingambit|ability: Supreme Overlord\n|-start|p1a: Kingambit|fallen2|[silent]\n|move|p2a: Hurricane Spam|Weather Ball|p1a: Kingambit\n|-damage|p1a: Kingambit|1/100\n|\n|-weather|RainDance|[upkeep]\n|-heal|p1a: Kingambit|7/100|[from] item: Leftovers\n|upkeep\n|turn|10\n|\n|t:|1782543041\n|move|p1a: Kingambit|Sucker Punch|p2a: Hurricane Spam\n|-damage|p2a: Hurricane Spam|26/100\n|move|p2a: Hurricane Spam|Weather Ball|p1a: Kingambit\n|-damage|p1a: Kingambit|0 fnt\n|faint|p1a: Kingambit\n|-end|p1a: Kingambit|fallen2|[silent]\n|\n|-weather|RainDance|[upkeep]\n|upkeep\n|\n|t:|1782543048\n|switch|p1a: Deoxys|Deoxys-Speed|100/100\n|-ability|p1a: Deoxys|Pressure\n|turn|11\n|\n|t:|1782543051\n|move|p1a: Deoxys|Knock Off|p2a: Hurricane Spam\n|-damage|p2a: Hurricane Spam|0 fnt\n|-enditem|p2a: Hurricane Spam|Choice Specs|[from] move: Knock Off|[of] p1a: Deoxys\n|faint|p2a: Hurricane Spam\n|\n|-weather|RainDance|[upkeep]\n|upkeep\n|\n|t:|1782543052\n|switch|p2a: No Hazards for You|Excadrill, F, shiny|100/100\n|-damage|p2a: No Hazards for You|97/100|[from] Stealth Rock\n|-damage|p2a: No Hazards for You|85/100|[from] Spikes\n|turn|12\n|\n|t:|1782543056\n|-terastallize|p1a: Deoxys|Fighting\n|-terastallize|p2a: No Hazards for You|Ground\n|move|p1a: Deoxys|Superpower|p2a: No Hazards for You\n|-damage|p2a: No Hazards for You|20/100\n|-unboost|p1a: Deoxys|atk|1\n|-unboost|p1a: Deoxys|def|1\n|move|p2a: No Hazards for You|Rapid Spin|p1a: Deoxys\n|-damage|p1a: Deoxys|35/100\n|-boost|p2a: No Hazards for You|spe|1\n|-sideend|p2: LowEL0God|Spikes|[from] move: Rapid Spin|[of] p2a: No Hazards for You\n|-sideend|p2: LowEL0God|Toxic Spikes|[from] move: Rapid Spin|[of] p2a: No Hazards for You\n|-sideend|p2: LowEL0God|Stealth Rock|[from] move: Rapid Spin|[of] p2a: No Hazards for You\n|\n|-weather|RainDance|[upkeep]\n|upkeep\n|turn|13\n|\n|t:|1782543066\n|switch|p2a: Torkoal|Torkoal, M|25/100\n|-weather|SunnyDay|[from] ability: Drought|[of] p2a: Torkoal\n|move|p1a: Deoxys|Superpower|p2a: Torkoal\n|-damage|p2a: Torkoal|8/100\n|-unboost|p1a: Deoxys|atk|1\n|-unboost|p1a: Deoxys|def|1\n|\n|-weather|SunnyDay|[upkeep]\n|upkeep\n|turn|14\n|\n|t:|1782543075\n|move|p1a: Deoxys|Knock Off|p2a: Torkoal\n|-damage|p2a: Torkoal|3/100\n|move|p2a: Torkoal|Will-O-Wisp|p1a: Deoxys\n|-status|p1a: Deoxys|brn\n|\n|-weather|SunnyDay|[upkeep]\n|-damage|p1a: Deoxys|29/100 brn|[from] brn\n|upkeep\n|turn|15\n|\n|t:|1782543084\n|switch|p1a: Great Tusk|Great Tusk|100/100\n|-activate|p1a: Great Tusk|ability: Protosynthesis\n|-start|p1a: Great Tusk|protosynthesisspe\n|move|p2a: Torkoal|Rapid Spin|p1a: Great Tusk\n|-damage|p1a: Great Tusk|95/100\n|-boost|p2a: Torkoal|spe|1\n|\n|-weather|SunnyDay|[upkeep]\n|upkeep\n|turn|16\n|\n|t:|1782543093\n|move|p1a: Great Tusk|Bulk Up|p1a: Great Tusk\n|-boost|p1a: Great Tusk|atk|1\n|-boost|p1a: Great Tusk|def|1\n|move|p2a: Torkoal|Lava Plume|p1a: Great Tusk\n|-damage|p1a: Great Tusk|52/100\n|\n|-weather|SunnyDay|[upkeep]\n|upkeep\n|turn|17\n|\n|t:|1782543102\n|switch|p2a: No Hazards for You|Excadrill, F, shiny, tera:Ground|20/100\n|move|p1a: Great Tusk|Bulk Up|p1a: Great Tusk\n|-boost|p1a: Great Tusk|atk|1\n|-boost|p1a: Great Tusk|def|1\n|\n|-weather|none\n|-end|p1a: Great Tusk|Protosynthesis\n|upkeep\n|turn|18\n|\n|t:|1782543108\n|switch|p2a: Torkoal|Torkoal, M|3/100\n|-weather|SunnyDay|[from] ability: Drought|[of] p2a: Torkoal\n|-activate|p1a: Great Tusk|ability: Protosynthesis\n|-start|p1a: Great Tusk|protosynthesisatk\n|move|p1a: Great Tusk|Ice Spinner|p2a: Torkoal\n|-resisted|p2a: Torkoal\n|-damage|p2a: Torkoal|0 fnt\n|faint|p2a: Torkoal\n|\n|-weather|SunnyDay|[upkeep]\n|upkeep\n|\n|t:|1782543109\n|switch|p2a: Walking Wake|Walking Wake|21/100\n|-activate|p2a: Walking Wake|ability: Protosynthesis\n|-start|p2a: Walking Wake|protosynthesisspe\n|turn|19\n|\n|t:|1782543112\n|move|p2a: Walking Wake|Dragon Pulse|p1a: Great Tusk\n|-damage|p1a: Great Tusk|0 fnt\n|faint|p1a: Great Tusk\n|-end|p1a: Great Tusk|Protosynthesis|[silent]\n|\n|-weather|SunnyDay|[upkeep]\n|upkeep\n|\n|t:|1782543115\n|switch|p1a: Dragonite|Dragonite, M|100/100\n|turn|20\n|\n|t:|1782543122\n|move|p1a: Dragonite|Extreme Speed|p2a: Walking Wake\n|-damage|p2a: Walking Wake|0 fnt\n|faint|p2a: Walking Wake\n|-end|p2a: Walking Wake|Protosynthesis|[silent]\n|-damage|p1a: Dragonite|91/100|[from] item: Life Orb\n|\n|-weather|SunnyDay|[upkeep]\n|upkeep\n|\n|t:|1782543124\n|switch|p2a: No Lando Plz|Tyranitar, F, shiny|100/100\n|-weather|Sandstorm|[from] ability: Sand Stream|[of] p2a: No Lando Plz\n|turn|21\n|j| pls game\n|\n|t:|1782543137\n|move|p1a: Dragonite|Dragon Dance|p1a: Dragonite\n|-boost|p1a: Dragonite|atk|1\n|-boost|p1a: Dragonite|spe|1\n|move|p2a: No Lando Plz|Ice Beam|p1a: Dragonite\n|-supereffective|p1a: Dragonite\n|-damage|p1a: Dragonite|3/100\n|\n|-weather|Sandstorm|[upkeep]\n|-damage|p1a: Dragonite|0 fnt|[from] Sandstorm\n|faint|p1a: Dragonite\n|upkeep\n|\n|t:|1782543143\n|switch|p1a: Deoxys|Deoxys-Speed, tera:Fighting|29/100 brn\n|-ability|p1a: Deoxys|Pressure\n|turn|22\n|\n|t:|1782543144\n|move|p1a: Deoxys|Superpower|p2a: No Lando Plz\n|-supereffective|p2a: No Lando Plz\n|-damage|p2a: No Lando Plz|29/100\n|-unboost|p1a: Deoxys|atk|1\n|-unboost|p1a: Deoxys|def|1\n|move|p2a: No Lando Plz|Ice Beam|p1a: Deoxys\n|-damage|p1a: Deoxys|0 fnt\n|faint|p1a: Deoxys\n|\n|win|LowEL0God\n|raw|Sovereeign's rating: 1561 &rarr; <strong>1549</strong><br />(-12 for losing)\n|raw|LowEL0God's rating: 1711 &rarr; <strong>1723</strong><br />(+12 for winning)\n|l| pls game\n|l|☆LowEL0God\n|player|p2|\n", "uploadtime": 1782543342, "views": 8, "formatid": "gen9ou", "rating": 1549, "private": 0, "password": null}