{"id": "gen9ou-2639304728", "format": "[Gen 9] OU", "players": ["mothcarona", "sNills"], "log": "|j|☆mothcarona\n|j|☆sNills\n|t:|1782449485\n|gametype|singles\n|player|p1|mothcarona|102|1573\n|player|p2|sNills|rosa|1550\n|gen|9\n|tier|[Gen 9] OU\n|rated|\n|rule|HP Percentage Mod: HP is shown in percentages\n|rule|Endless Battle Clause: Forcing endless battles is banned\n|rule|Species Clause: Limit one of each Pokémon\n|rule|OHKO Clause: OHKO moves are banned\n|rule|Evasion Items Clause: Evasion items are banned\n|rule|Evasion Moves Clause: Evasion moves are banned\n|rule|Evasion Abilities Clause: Evasion abilities are banned\n|rule|Sleep Moves Clause: Sleep-inducing moves are banned\n|clearpoke\n|poke|p1|Zamazenta-*|\n|poke|p1|Slowking-Galar, M|\n|poke|p1|Darkrai|\n|poke|p1|Corviknight, F|\n|poke|p1|Gliscor, M|\n|poke|p1|Rotom-Wash|\n|poke|p2|Gholdengo|\n|poke|p2|Iron Treads|\n|poke|p2|Moltres|\n|poke|p2|Zamazenta-*|\n|poke|p2|Samurott-Hisui, F|\n|poke|p2|Garganacl, F|\n|teampreview\n|inactive|Battle timer is ON: inactive players will automatically lose when time's up. (requested by mothcarona)\n|c|☆sNills|glhf\n|\n|t:|1782449496\n|teamsize|p1|6\n|teamsize|p2|6\n|start\n|switch|p1a: Rotom|Rotom-Wash|100/100\n|switch|p2a: Smitty Dealio|Samurott-Hisui, F|100/100\n|turn|1\n|\n|t:|1782449501\n|move|p2a: Smitty Dealio|Flip Turn|p1a: Rotom\n|-resisted|p1a: Rotom\n|-damage|p1a: Rotom|89/100\n|\n|t:|1782449511\n|switch|p2a: Ishmael|Iron Treads|100/100|[from] Flip Turn\n|move|p1a: Rotom|Will-O-Wisp|p2a: Ishmael\n|-status|p2a: Ishmael|brn\n|\n|-heal|p1a: Rotom|95/100|[from] item: Leftovers\n|-damage|p2a: Ishmael|94/100 brn|[from] brn\n|upkeep\n|turn|2\n|\n|t:|1782449517\n|move|p2a: Ishmael|Knock Off|p1a: Rotom\n|-damage|p1a: Rotom|85/100\n|-enditem|p1a: Rotom|Leftovers|[from] move: Knock Off|[of] p2a: Ishmael\n|move|p1a: Rotom|Hydro Pump|p2a: Ishmael\n|-supereffective|p2a: Ishmael\n|-damage|p2a: Ishmael|2/100 brn\n|\n|-damage|p2a: Ishmael|0 fnt|[from] brn\n|faint|p2a: Ishmael\n|-end|p2a: Ishmael|Quark Drive|[silent]\n|upkeep\n|\n|t:|1782449521\n|switch|p2a: Smitty Dealio|Samurott-Hisui, F|100/100\n|turn|3\n|\n|t:|1782449525\n|move|p2a: Smitty Dealio|Flip Turn|p1a: Rotom\n|-resisted|p1a: Rotom\n|-damage|p1a: Rotom|74/100\n|\n|t:|1782449527\n|switch|p2a: Grasidious Fike|Garganacl, F|100/100|[from] Flip Turn\n|move|p1a: Rotom|Pain Split|p2a: Grasidious Fike\n|-sethp|p2a: Grasidious Fike|78/100|[from] move: Pain Split|[silent]\n|-sethp|p1a: Rotom|100/100|[from] move: Pain Split\n|\n|-heal|p2a: Grasidious Fike|84/100|[from] item: Leftovers\n|upkeep\n|turn|4\n|\n|t:|1782449532\n|move|p1a: Rotom|Hydro Pump|p2a: Grasidious Fike\n|-supereffective|p2a: Grasidious Fike\n|-damage|p2a: Grasidious Fike|35/100\n|move|p2a: Grasidious Fike|Salt Cure|p1a: Rotom\n|-damage|p1a: Rotom|90/100\n|-start|p1a: Rotom|Salt Cure\n|\n|-heal|p2a: Grasidious Fike|42/100|[from] item: Leftovers\n|-damage|p1a: Rotom|65/100|[from] Salt Cure\n|upkeep\n|turn|5\n|\n|t:|1782449538\n|switch|p1a: Zamazenta|Zamazenta|100/100\n|-ability|p1a: Zamazenta|Dauntless Shield|boost\n|-boost|p1a: Zamazenta|def|1\n|switch|p2a: Zack Jordash|Zamazenta|100/100\n|-ability|p2a: Zack Jordash|Dauntless Shield|boost\n|-boost|p2a: Zack Jordash|def|1\n|\n|upkeep\n|turn|6\n|\n|t:|1782449544\n|switch|p2a: Mummy Napkin|Moltres|100/100\n|switch|p1a: Slowking|Slowking-Galar, M|100/100\n|\n|upkeep\n|turn|7\n|\n|t:|1782449548\n|move|p2a: Mummy Napkin|Flamethrower|p1a: Slowking\n|-damage|p1a: Slowking|78/100\n|-prepare|p1a: Slowking|Chilly Reception|[premajor]\n|move|p1a: Slowking|Chilly Reception|p1a: Slowking\n|-weather|Snowscape\n|\n|t:|1782449551\n|switch|p1a: Gliscor|Gliscor, M|100/100|[from] Chilly Reception\n|\n|-weather|Snowscape|[upkeep]\n|-status|p1a: Gliscor|tox|[from] item: Toxic Orb\n|upkeep\n|turn|8\n|\n|t:|1782449554\n|move|p1a: Gliscor|Swords Dance|p1a: Gliscor\n|-boost|p1a: Gliscor|atk|2\n|move|p2a: Mummy Napkin|U-turn|p1a: Gliscor\n|-resisted|p1a: Gliscor\n|-damage|p1a: Gliscor|95/100 tox\n|\n|t:|1782449562\n|switch|p2a: Grandpa Fiddlebone|Gholdengo|100/100|[from] U-turn\n|-item|p2a: Grandpa Fiddlebone|Air Balloon\n|\n|-weather|Snowscape|[upkeep]\n|-heal|p1a: Gliscor|100/100 tox|[from] ability: Poison Heal\n|upkeep\n|turn|9\n|\n|t:|1782449565\n|move|p2a: Grandpa Fiddlebone|Make It Rain|p1a: Gliscor\n|-damage|p1a: Gliscor|47/100 tox\n|-unboost|p2a: Grandpa Fiddlebone|spa|1\n|move|p1a: Gliscor|Knock Off|p2a: Grandpa Fiddlebone\n|-supereffective|p2a: Grandpa Fiddlebone\n|-damage|p2a: Grandpa Fiddlebone|7/100\n|-enditem|p2a: Grandpa Fiddlebone|Air Balloon\n|\n|-weather|Snowscape|[upkeep]\n|-heal|p1a: Gliscor|59/100 tox|[from] ability: Poison Heal\n|upkeep\n|turn|10\n|\n|t:|1782449571\n|move|p1a: Gliscor|Protect|p1a: Gliscor\n|-singleturn|p1a: Gliscor|Protect\n|move|p2a: Grandpa Fiddlebone|Make It Rain|p1a: Gliscor\n|-activate|p1a: Gliscor|move: Protect\n|\n|-weather|Snowscape|[upkeep]\n|-heal|p1a: Gliscor|72/100 tox|[from] ability: Poison Heal\n|upkeep\n|turn|11\n|\n|t:|1782449573\n|move|p2a: Grandpa Fiddlebone|Make It Rain|p1a: Gliscor\n|-damage|p1a: Gliscor|34/100 tox\n|-unboost|p2a: Grandpa Fiddlebone|spa|1\n|move|p1a: Gliscor|Knock Off|p2a: Grandpa Fiddlebone\n|-supereffective|p2a: Grandpa Fiddlebone\n|-damage|p2a: Grandpa Fiddlebone|0 fnt\n|faint|p2a: Grandpa Fiddlebone\n|\n|-weather|none\n|-heal|p1a: Gliscor|47/100 tox|[from] ability: Poison Heal\n|upkeep\n|\n|t:|1782449577\n|switch|p2a: Smitty Dealio|Samurott-Hisui, F|100/100\n|turn|12\n|\n|t:|1782449580\n|move|p1a: Gliscor|Protect|p1a: Gliscor\n|-singleturn|p1a: Gliscor|Protect\n|move|p2a: Smitty Dealio|Razor Shell|p1a: Gliscor\n|-activate|p1a: Gliscor|move: Protect\n|\n|-heal|p1a: Gliscor|59/100 tox|[from] ability: Poison Heal\n|upkeep\n|turn|13\n|\n|t:|1782449583\n|switch|p1a: Rotom|Rotom-Wash|65/100\n|move|p2a: Smitty Dealio|Razor Shell|p1a: Rotom\n|-resisted|p1a: Rotom\n|-damage|p1a: Rotom|47/100\n|\n|upkeep\n|turn|14\n|\n|t:|1782449590\n|switch|p2a: Mummy Napkin|Moltres|100/100\n|move|p1a: Rotom|Pain Split|p2a: Mummy Napkin\n|-sethp|p2a: Mummy Napkin|69/100|[from] move: Pain Split|[silent]\n|-sethp|p1a: Rotom|86/100|[from] move: Pain Split\n|\n|upkeep\n|turn|15\n|\n|t:|1782449594\n|move|p1a: Rotom|Hydro Pump|p2a: Mummy Napkin\n|-supereffective|p2a: Mummy Napkin\n|-damage|p2a: Mummy Napkin|0 fnt\n|faint|p2a: Mummy Napkin\n|\n|upkeep\n|\n|t:|1782449600\n|switch|p2a: Smitty Dealio|Samurott-Hisui, F|100/100\n|turn|16\n|\n|t:|1782449606\n|move|p2a: Smitty Dealio|Ceaseless Edge|p1a: Rotom\n|-damage|p1a: Rotom|52/100\n|-sidestart|p1: mothcarona|Spikes\n|move|p1a: Rotom|Will-O-Wisp|p2a: Smitty Dealio\n|-status|p2a: Smitty Dealio|brn\n|\n|-damage|p2a: Smitty Dealio|94/100 brn|[from] brn\n|upkeep\n|turn|17\n|\n|t:|1782449610\n|move|p2a: Smitty Dealio|Ceaseless Edge|p1a: Rotom\n|-damage|p1a: Rotom|33/100\n|-sidestart|p1: mothcarona|Spikes\n|move|p1a: Rotom|Pain Split|p2a: Smitty Dealio\n|-sethp|p2a: Smitty Dealio|62/100 brn|[from] move: Pain Split|[silent]\n|-sethp|p1a: Rotom|66/100|[from] move: Pain Split\n|\n|-damage|p2a: Smitty Dealio|56/100 brn|[from] brn\n|upkeep\n|turn|18\n|\n|t:|1782449614\n|switch|p1a: Corviknight|Corviknight, F|100/100\n|-ability|p1a: Corviknight|Pressure\n|move|p2a: Smitty Dealio|Ceaseless Edge|p1a: Corviknight\n|-damage|p1a: Corviknight|87/100\n|-damage|p2a: Smitty Dealio|40/100 brn|[from] item: Rocky Helmet|[of] p1a: Corviknight\n|-sidestart|p1: mothcarona|Spikes\n|\n|-damage|p2a: Smitty Dealio|34/100 brn|[from] brn\n|upkeep\n|turn|19\n|\n|t:|1782449620\n|switch|p2a: Grasidious Fike|Garganacl, F|42/100\n|move|p1a: Corviknight|Defog|p2a: Grasidious Fike\n|-unboost|p2a: Grasidious Fike|evasion|1\n|-sideend|p1: mothcarona|Spikes|[from] move: Defog|[of] p1a: Corviknight\n|\n|-heal|p2a: Grasidious Fike|48/100|[from] item: Leftovers\n|upkeep\n|turn|20\n|\n|t:|1782449622\n|move|p1a: Corviknight|U-turn|p2a: Grasidious Fike\n|-damage|p2a: Grasidious Fike|37/100\n|\n|t:|1782449624\n|switch|p1a: Zamazenta|Zamazenta|100/100|[from] U-turn\n|move|p2a: Grasidious Fike|Recover|p2a: Grasidious Fike\n|-heal|p2a: Grasidious Fike|87/100\n|\n|-heal|p2a: Grasidious Fike|93/100|[from] item: Leftovers\n|upkeep\n|turn|21\n|\n|t:|1782449629\n|switch|p2a: Smitty Dealio|Samurott-Hisui, F|34/100 brn\n|move|p1a: Zamazenta|Close Combat|p2a: Smitty Dealio\n|-supereffective|p2a: Smitty Dealio\n|-damage|p2a: Smitty Dealio|0 fnt\n|-unboost|p1a: Zamazenta|def|1\n|-unboost|p1a: Zamazenta|spd|1\n|faint|p2a: Smitty Dealio\n|\n|upkeep\n|\n|t:|1782449631\n|switch|p2a: Zack Jordash|Zamazenta|100/100\n|turn|22\n|\n|t:|1782449634\n|switch|p1a: Slowking|Slowking-Galar, M|100/100\n|move|p2a: Zack Jordash|Close Combat|p1a: Slowking\n|-resisted|p1a: Slowking\n|-damage|p1a: Slowking|86/100\n|-unboost|p2a: Zack Jordash|def|1\n|-unboost|p2a: Zack Jordash|spd|1\n|\n|upkeep\n|turn|23\n|\n|t:|1782449636\n|move|p2a: Zack Jordash|Crunch|p1a: Slowking\n|-supereffective|p1a: Slowking\n|-damage|p1a: Slowking|17/100\n|move|p1a: Slowking|Toxic|p2a: Zack Jordash\n|-status|p2a: Zack Jordash|tox\n|\n|-damage|p2a: Zack Jordash|94/100 tox|[from] psn\n|upkeep\n|turn|24\n|\n|t:|1782449640\n|switch|p2a: Grasidious Fike|Garganacl, F|93/100\n|switch|p1a: Corviknight|Corviknight, F|87/100\n|-ability|p1a: Corviknight|Pressure\n|\n|-heal|p2a: Grasidious Fike|99/100|[from] item: Leftovers\n|upkeep\n|turn|25\n|\n|t:|1782449642\n|move|p1a: Corviknight|U-turn|p2a: Grasidious Fike\n|-damage|p2a: Grasidious Fike|90/100\n|\n|t:|1782449644\n|switch|p1a: Slowking|Slowking-Galar, M|50/100|[from] U-turn\n|move|p2a: Grasidious Fike|Salt Cure|p1a: Slowking\n|-damage|p1a: Slowking|35/100\n|-start|p1a: Slowking|Salt Cure\n|\n|-heal|p2a: Grasidious Fike|96/100|[from] item: Leftovers\n|-damage|p1a: Slowking|22/100|[from] Salt Cure\n|upkeep\n|turn|26\n|\n|t:|1782449651\n|switch|p1a: Zamazenta|Zamazenta|100/100\n|move|p2a: Grasidious Fike|Salt Cure|p1a: Zamazenta\n|-resisted|p1a: Zamazenta\n|-damage|p1a: Zamazenta|94/100\n|-start|p1a: Zamazenta|Salt Cure\n|\n|-heal|p2a: Grasidious Fike|100/100|[from] item: Leftovers\n|-damage|p1a: Zamazenta|82/100|[from] Salt Cure\n|upkeep\n|turn|27\n|\n|t:|1782449657\n|-terastallize|p2a: Grasidious Fike|Water\n|move|p1a: Zamazenta|Close Combat|p2a: Grasidious Fike\n|-crit|p2a: Grasidious Fike\n|-damage|p2a: Grasidious Fike|43/100\n|-unboost|p1a: Zamazenta|def|1\n|-unboost|p1a: Zamazenta|spd|1\n|move|p2a: Grasidious Fike|Curse|p2a: Grasidious Fike\n|-unboost|p2a: Grasidious Fike|spe|1\n|-boost|p2a: Grasidious Fike|atk|1\n|-boost|p2a: Grasidious Fike|def|1\n|\n|-heal|p2a: Grasidious Fike|49/100|[from] item: Leftovers\n|-damage|p1a: Zamazenta|69/100|[from] Salt Cure\n|upkeep\n|turn|28\n|\n|t:|1782449663\n|switch|p1a: Rotom|Rotom-Wash|66/100\n|move|p2a: Grasidious Fike|Recover|p2a: Grasidious Fike\n|-heal|p2a: Grasidious Fike|99/100\n|\n|-heal|p2a: Grasidious Fike|100/100|[from] item: Leftovers\n|upkeep\n|turn|29\n|\n|t:|1782449666\n|move|p1a: Rotom|Volt Switch|p2a: Grasidious Fike\n|-supereffective|p2a: Grasidious Fike\n|-damage|p2a: Grasidious Fike|69/100\n|\n|t:|1782449669\n|switch|p1a: Slowking|Slowking-Galar, M|55/100|[from] Volt Switch\n|move|p2a: Grasidious Fike|Salt Cure|p1a: Slowking\n|-damage|p1a: Slowking|35/100\n|-start|p1a: Slowking|Salt Cure\n|\n|-heal|p2a: Grasidious Fike|75/100|[from] item: Leftovers\n|-damage|p1a: Slowking|23/100|[from] Salt Cure\n|upkeep\n|turn|30\n|\n|t:|1782449676\n|move|p2a: Grasidious Fike|Salt Cure|p1a: Slowking\n|-damage|p1a: Slowking|3/100\n|-prepare|p1a: Slowking|Chilly Reception|[premajor]\n|move|p1a: Slowking|Chilly Reception|p1a: Slowking\n|-weather|Snowscape\n|\n|t:|1782449678\n|switch|p1a: Rotom|Rotom-Wash|66/100|[from] Chilly Reception\n|\n|-weather|Snowscape|[upkeep]\n|-heal|p2a: Grasidious Fike|82/100|[from] item: Leftovers\n|upkeep\n|turn|31\n|\n|t:|1782449682\n|move|p1a: Rotom|Volt Switch|p2a: Grasidious Fike\n|-supereffective|p2a: Grasidious Fike\n|-damage|p2a: Grasidious Fike|50/100\n|\n|t:|1782449685\n|switch|p1a: Darkrai|Darkrai|100/100|[from] Volt Switch\n|move|p2a: Grasidious Fike|Salt Cure|p1a: Darkrai\n|-damage|p1a: Darkrai|75/100\n|-start|p1a: Darkrai|Salt Cure\n|\n|-weather|Snowscape|[upkeep]\n|-heal|p2a: Grasidious Fike|56/100|[from] item: Leftovers\n|-damage|p1a: Darkrai|62/100|[from] Salt Cure\n|upkeep\n|turn|32\n|\n|t:|1782449689\n|move|p1a: Darkrai|Dark Pulse|p2a: Grasidious Fike\n|-damage|p2a: Grasidious Fike|28/100\n|move|p2a: Grasidious Fike|Recover|p2a: Grasidious Fike\n|-heal|p2a: Grasidious Fike|78/100\n|\n|-weather|Snowscape|[upkeep]\n|-heal|p2a: Grasidious Fike|84/100|[from] item: Leftovers\n|-damage|p1a: Darkrai|50/100|[from] Salt Cure\n|upkeep\n|turn|33\n|\n|t:|1782449695\n|move|p1a: Darkrai|Dark Pulse|p2a: Grasidious Fike\n|-damage|p2a: Grasidious Fike|58/100\n|cant|p2a: Grasidious Fike|flinch\n|\n|-weather|Snowscape|[upkeep]\n|-heal|p2a: Grasidious Fike|64/100|[from] item: Leftovers\n|-damage|p1a: Darkrai|37/100|[from] Salt Cure\n|upkeep\n|turn|34\n|\n|t:|1782449699\n|switch|p1a: Zamazenta|Zamazenta|69/100\n|move|p2a: Grasidious Fike|Recover|p2a: Grasidious Fike\n|-heal|p2a: Grasidious Fike|100/100\n|\n|-weather|none\n|upkeep\n|turn|35\n|\n|t:|1782449703\n|switch|p1a: Rotom|Rotom-Wash|66/100\n|move|p2a: Grasidious Fike|Salt Cure|p1a: Rotom\n|-damage|p1a: Rotom|51/100\n|-start|p1a: Rotom|Salt Cure\n|\n|-damage|p1a: Rotom|26/100|[from] Salt Cure\n|upkeep\n|turn|36\n|\n|t:|1782449708\n|switch|p2a: Zack Jordash|Zamazenta|94/100 tox\n|move|p1a: Rotom|Pain Split|p2a: Zack Jordash\n|-sethp|p2a: Zack Jordash|59/100 tox|[from] move: Pain Split|[silent]\n|-sethp|p1a: Rotom|63/100|[from] move: Pain Split\n|\n|-damage|p2a: Zack Jordash|53/100 tox|[from] psn\n|-damage|p1a: Rotom|38/100|[from] Salt Cure\n|upkeep\n|turn|37\n|\n|t:|1782449714\n|switch|p1a: Corviknight|Corviknight, F|87/100\n|-ability|p1a: Corviknight|Pressure\n|move|p2a: Zack Jordash|Crunch|p1a: Corviknight\n|-damage|p1a: Corviknight|72/100\n|-damage|p2a: Zack Jordash|36/100 tox|[from] item: Rocky Helmet|[of] p1a: Corviknight\n|\n|-damage|p2a: Zack Jordash|24/100 tox|[from] psn\n|upkeep\n|turn|38\n|\n|t:|1782449717\n|move|p2a: Zack Jordash|Stone Edge|p1a: Corviknight\n|-damage|p1a: Corviknight|51/100\n|move|p1a: Corviknight|U-turn|p2a: Zack Jordash\n|-resisted|p2a: Zack Jordash\n|-damage|p2a: Zack Jordash|17/100 tox\n|\n|t:|1782449721\n|switch|p1a: Gliscor|Gliscor, M|59/100 tox|[from] U-turn\n|\n|-damage|p2a: Zack Jordash|0 fnt|[from] psn\n|faint|p2a: Zack Jordash\n|-heal|p1a: Gliscor|72/100 tox|[from] ability: Poison Heal\n|upkeep\n|\n|t:|1782449724\n|switch|p2a: Grasidious Fike|Garganacl, F, tera:Water|100/100\n|turn|39\n|\n|t:|1782449728\n|move|p1a: Gliscor|Knock Off|p2a: Grasidious Fike\n|-damage|p2a: Grasidious Fike|86/100\n|-enditem|p2a: Grasidious Fike|Leftovers|[from] move: Knock Off|[of] p1a: Gliscor\n|move|p2a: Grasidious Fike|Curse|p2a: Grasidious Fike\n|-unboost|p2a: Grasidious Fike|spe|1\n|-boost|p2a: Grasidious Fike|atk|1\n|-boost|p2a: Grasidious Fike|def|1\n|\n|-heal|p1a: Gliscor|84/100 tox|[from] ability: Poison Heal\n|upkeep\n|turn|40\n|\n|t:|1782449734\n|switch|p1a: Corviknight|Corviknight, F|51/100\n|-ability|p1a: Corviknight|Pressure\n|move|p2a: Grasidious Fike|Ice Punch|p1a: Corviknight\n|-damage|p1a: Corviknight|36/100\n|-damage|p2a: Grasidious Fike|70/100|[from] item: Rocky Helmet|[of] p1a: Corviknight\n|\n|upkeep\n|turn|41\n|\n|t:|1782449738\n|move|p1a: Corviknight|U-turn|p2a: Grasidious Fike\n|-damage|p2a: Grasidious Fike|63/100\n|\n|t:|1782449740\n|switch|p1a: Slowking|Slowking-Galar, M|36/100|[from] U-turn\n|move|p2a: Grasidious Fike|Salt Cure|p1a: Slowking\n|-damage|p1a: Slowking|13/100\n|-start|p1a: Slowking|Salt Cure\n|\n|-damage|p1a: Slowking|1/100|[from] Salt Cure\n|upkeep\n|turn|42\n|\n|t:|1782449746\n|move|p2a: Grasidious Fike|Salt Cure|p1a: Slowking\n|-damage|p1a: Slowking|0 fnt\n|faint|p1a: Slowking\n|\n|upkeep\n|\n|t:|1782449748\n|switch|p1a: Rotom|Rotom-Wash|38/100\n|turn|43\n|\n|t:|1782449752\n|move|p1a: Rotom|Volt Switch|p2a: Grasidious Fike\n|-supereffective|p2a: Grasidious Fike\n|-damage|p2a: Grasidious Fike|30/100\n|\n|t:|1782449753\n|switch|p1a: Darkrai|Darkrai|37/100|[from] Volt Switch\n|move|p2a: Grasidious Fike|Salt Cure|p1a: Darkrai\n|-damage|p1a: Darkrai|11/100\n|-start|p1a: Darkrai|Salt Cure\n|\n|-damage|p1a: Darkrai|0 fnt|[from] Salt Cure\n|faint|p1a: Darkrai\n|upkeep\n|\n|t:|1782449755\n|switch|p1a: Rotom|Rotom-Wash|38/100\n|turn|44\n|\n|t:|1782449757\n|move|p1a: Rotom|Volt Switch|p2a: Grasidious Fike\n|-supereffective|p2a: Grasidious Fike\n|-damage|p2a: Grasidious Fike|0 fnt\n|faint|p2a: Grasidious Fike\n|\n|win|mothcarona\n|raw|mothcarona's rating: 1573 &rarr; <strong>1592</strong><br />(+19 for winning)\n|raw|sNills's rating: 1550 &rarr; <strong>1531</strong><br />(-19 for losing)\n|l|☆sNills\n|player|p2|\n|l|☆mothcarona\n|player|p1|\n", "uploadtime": 1782449912, "views": 4, "formatid": "gen9ou", "rating": 1531, "private": 0, "password": null}