{"id": "gen9ou-2647696554", "format": "[Gen 9] OU", "players": ["tibitiberio", "Linker256"], "log": "|j|☆tibitiberio\n|j|☆Linker256\n|t:|1783797813\n|gametype|singles\n|player|p1|tibitiberio|bugcatcher-gen4dp|1104\n|player|p2|Linker256|steven|1125\n|gen|9\n|tier|[Gen 9] OU\n|rated|\n|rule|HP Percentage Mod: HP is shown in percentages\n|rule|Endless Battle Clause: Forcing endless battles is banned\n|rule|Species Clause: Limit one of each Pokémon\n|rule|OHKO Clause: OHKO moves are banned\n|rule|Evasion Items Clause: Evasion items are banned\n|rule|Evasion Moves Clause: Evasion moves are banned\n|rule|Evasion Abilities Clause: Evasion abilities are banned\n|rule|Sleep Moves Clause: Sleep-inducing moves are banned\n|clearpoke\n|poke|p1|Araquanid, F|\n|poke|p1|Hitmonlee, M|\n|poke|p1|Sceptile, M|\n|poke|p1|Rampardos, F|\n|poke|p1|Poliwhirl, F|\n|poke|p1|Eiscue, F|\n|poke|p2|Ceruledge, M|\n|poke|p2|Primarina, M|\n|poke|p2|Metagross|\n|poke|p2|Mamoswine, M|\n|poke|p2|Meowscarada, M|\n|poke|p2|Toxtricity, M|\n|teampreview\n|inactive|Battle timer is ON: inactive players will automatically lose when time's up. (requested by tibitiberio)\n|c|☆tibitiberio|Oh i forgot the ou pkmn\n|\n|t:|1783797839\n|teamsize|p1|6\n|teamsize|p2|6\n|start\n|switch|p1a: Eiscue|Eiscue, F|100/100\n|switch|p2a: Meowscarada|Meowscarada, M|100/100\n|turn|1\n|\n|t:|1783797848\n|move|p2a: Meowscarada|U-turn|p1a: Eiscue\n|-start|p2a: Meowscarada|typechange|Bug|[from] ability: Protean\n|-activate|p1a: Eiscue|ability: Ice Face\n|-damage|p1a: Eiscue|100/100\n|detailschange|p1a: Eiscue|Eiscue-Noice, F\n|\n|t:|1783797874\n|switch|p2a: Mamoswine|Mamoswine, M, shiny|100/100|[from] U-turn\n|move|p1a: Eiscue|Substitute|p1a: Eiscue\n|-start|p1a: Eiscue|Substitute\n|-damage|p1a: Eiscue|75/100\n|\n|upkeep\n|turn|2\n|\n|t:|1783797880\n|move|p1a: Eiscue|Belly Drum|p1a: Eiscue\n|-damage|p1a: Eiscue|25/100\n|-setboost|p1a: Eiscue|atk|6|[from] move: Belly Drum\n|-enditem|p1a: Eiscue|Salac Berry|[eat]\n|-boost|p1a: Eiscue|spe|1|[from] item: Salac Berry\n|move|p2a: Mamoswine|Rock Slide|p1a: Eiscue\n|-supereffective|p1a: Eiscue\n|-end|p1a: Eiscue|Substitute\n|\n|upkeep\n|turn|3\n|\n|t:|1783797892\n|move|p1a: Eiscue|Liquidation|p2a: Mamoswine\n|-supereffective|p2a: Mamoswine\n|-damage|p2a: Mamoswine|0 fnt\n|faint|p2a: Mamoswine\n|\n|upkeep\n|\n|t:|1783797899\n|switch|p2a: Meowscarada|Meowscarada, M|100/100\n|turn|4\n|\n|t:|1783797904\n|move|p2a: Meowscarada|Sucker Punch|p1a: Eiscue\n|-start|p2a: Meowscarada|typechange|Dark|[from] ability: Protean\n|-damage|p1a: Eiscue|0 fnt\n|faint|p1a: Eiscue\n|\n|upkeep\n|\n|t:|1783797914\n|switch|p1a: Araquanid|Araquanid, F|100/100\n|turn|5\n|\n|t:|1783797926\n|switch|p2a: Toxtricity|Toxtricity, M, shiny|100/100\n|move|p1a: Araquanid|Sticky Web|p2a: Toxtricity\n|-sidestart|p2: Linker256|move: Sticky Web\n|\n|upkeep\n|turn|6\n|\n|t:|1783797936\n|move|p2a: Toxtricity|Overdrive|p1a: Araquanid\n|-supereffective|p1a: Araquanid\n|-damage|p1a: Araquanid|0 fnt\n|faint|p1a: Araquanid\n|\n|upkeep\n|\n|t:|1783797943\n|switch|p1a: Rampardos|Rampardos, F|100/100\n|-ability|p1a: Rampardos|Mold Breaker\n|turn|7\n|\n|t:|1783797947\n|move|p1a: Rampardos|Earthquake|p2a: Toxtricity\n|-supereffective|p2a: Toxtricity\n|-damage|p2a: Toxtricity|0 fnt\n|faint|p2a: Toxtricity\n|\n|upkeep\n|\n|t:|1783797951\n|switch|p2a: Meowscarada|Meowscarada, M|100/100\n|-activate|p2a: Meowscarada|move: Sticky Web\n|-unboost|p2a: Meowscarada|spe|1\n|turn|8\n|\n|t:|1783797958\n|move|p1a: Rampardos|Earthquake|p2a: Meowscarada\n|-resisted|p2a: Meowscarada\n|-damage|p2a: Meowscarada|70/100\n|move|p2a: Meowscarada|Flower Trick|p1a: Rampardos\n|-start|p2a: Meowscarada|typechange|Grass|[from] ability: Protean\n|-supereffective|p1a: Rampardos\n|-crit|p1a: Rampardos\n|-damage|p1a: Rampardos|0 fnt\n|faint|p1a: Rampardos\n|\n|upkeep\n|\n|t:|1783797975\n|switch|p1a: Sceptile|Sceptile, M|100/100\n|turn|9\n|\n|t:|1783797981\n|switch|p2a: Ceruledge|Ceruledge, M|100/100\n|-activate|p2a: Ceruledge|move: Sticky Web\n|-unboost|p2a: Ceruledge|spe|1\n|move|p1a: Sceptile|Swords Dance|p1a: Sceptile\n|-boost|p1a: Sceptile|atk|2\n|\n|upkeep\n|turn|10\n|\n|t:|1783797991\n|-terastallize|p2a: Ceruledge|Fire\n|move|p1a: Sceptile|Earthquake|p2a: Ceruledge\n|-supereffective|p2a: Ceruledge\n|-damage|p2a: Ceruledge|0 fnt\n|faint|p2a: Ceruledge\n|\n|upkeep\n|\n|t:|1783797996\n|switch|p2a: Primarina|Primarina, M, shiny|100/100\n|-activate|p2a: Primarina|move: Sticky Web\n|-unboost|p2a: Primarina|spe|1\n|turn|11\n|\n|t:|1783798004\n|move|p1a: Sceptile|Leaf Blade|p2a: Primarina\n|-supereffective|p2a: Primarina\n|-damage|p2a: Primarina|0 fnt\n|faint|p2a: Primarina\n|\n|upkeep\n|\n|t:|1783798007\n|switch|p2a: Meowscarada|Meowscarada, M|70/100\n|-activate|p2a: Meowscarada|move: Sticky Web\n|-unboost|p2a: Meowscarada|spe|1\n|turn|12\n|c|☆tibitiberio|gg\n|\n|t:|1783798019\n|move|p1a: Sceptile|Low Kick|p2a: Meowscarada\n|-supereffective|p2a: Meowscarada\n|-damage|p2a: Meowscarada|0 fnt\n|faint|p2a: Meowscarada\n|\n|upkeep\n|\n|t:|1783798022\n|switch|p2a: Metagross|Metagross, shiny|100/100\n|-activate|p2a: Metagross|move: Sticky Web\n|-fail|p2a: Metagross|unboost|[from] ability: Clear Body|[of] p2a: Metagross\n|turn|13\n|\n|t:|1783798028\n|move|p1a: Sceptile|Earthquake|p2a: Metagross\n|-supereffective|p2a: Metagross\n|-damage|p2a: Metagross|10/100\n|move|p2a: Metagross|Meteor Mash|p1a: Sceptile\n|-enditem|p1a: Sceptile|Focus Sash\n|-damage|p1a: Sceptile|1/100\n|\n|upkeep\n|turn|14\n|\n|t:|1783798034\n|move|p2a: Metagross|Bullet Punch|p1a: Sceptile\n|-damage|p1a: Sceptile|0 fnt\n|faint|p1a: Sceptile\n|\n|upkeep\n|\n|t:|1783798037\n|switch|p1a: Looks like i lost|Hitmonlee, M, shiny|100/100\n|turn|15\n|\n|t:|1783798045\n|move|p1a: Looks like i lost|Earthquake|p2a: Metagross\n|-supereffective|p2a: Metagross\n|-damage|p2a: Metagross|0 fnt\n|faint|p2a: Metagross\n|\n|win|tibitiberio\n|raw|tibitiberio's rating: 1104 &rarr; <strong>1131</strong><br />(+27 for winning)\n|raw|Linker256's rating: 1125 &rarr; <strong>1098</strong><br />(-27 for losing)\n|l|☆Linker256\n|player|p2|\n|l|☆tibitiberio\n|player|p1|\n", "uploadtime": 1783798430, "views": 4, "formatid": "gen9ou", "rating": 1098, "private": 0, "password": null}