{"id": "gen9ou-2639294969", "format": "[Gen 9] OU", "players": ["telawn", "GABito2002"], "log": "|j|☆telawn\n|j|☆GABito2002\n|t:|1782447659\n|gametype|singles\n|player|p1|telawn|169|1384\n|player|p2|GABito2002|waitress-gen4|1322\n|gen|9\n|tier|[Gen 9] OU\n|rated|\n|rule|HP Percentage Mod: HP is shown in percentages\n|rule|Endless Battle Clause: Forcing endless battles is banned\n|rule|Species Clause: Limit one of each Pokémon\n|rule|OHKO Clause: OHKO moves are banned\n|rule|Evasion Items Clause: Evasion items are banned\n|rule|Evasion Moves Clause: Evasion moves are banned\n|rule|Evasion Abilities Clause: Evasion abilities are banned\n|rule|Sleep Moves Clause: Sleep-inducing moves are banned\n|clearpoke\n|poke|p1|Darkrai|\n|poke|p1|Landorus-Therian, M|\n|poke|p1|Gholdengo|\n|poke|p1|Ogerpon-Wellspring, F|\n|poke|p1|Great Tusk|\n|poke|p1|Raging Bolt|\n|poke|p2|Great Tusk|\n|poke|p2|Kingambit, M|\n|poke|p2|Raging Bolt|\n|poke|p2|Walking Wake|\n|poke|p2|Ninetales, F|\n|poke|p2|Ceruledge, M|\n|teampreview\n|inactive|Battle timer is ON: inactive players will automatically lose when time's up. (requested by telawn)\n|\n|t:|1782447670\n|teamsize|p1|6\n|teamsize|p2|6\n|start\n|switch|p1a: Landorus|Landorus-Therian, M|100/100\n|switch|p2a: Ninetales|Ninetales, F|100/100\n|-weather|SunnyDay|[from] ability: Drought|[of] p2a: Ninetales\n|-ability|p1a: Landorus|Intimidate|boost\n|-unboost|p2a: Ninetales|atk|1\n|turn|1\n|\n|t:|1782447682\n|move|p2a: Ninetales|Overheat|p1a: Landorus\n|-damage|p1a: Landorus|26/100\n|-unboost|p2a: Ninetales|spa|2\n|move|p1a: Landorus|Stealth Rock|p2a: Ninetales\n|-sidestart|p2: GABito2002|move: Stealth Rock\n|\n|-weather|SunnyDay|[upkeep]\n|upkeep\n|turn|2\n|\n|t:|1782447697\n|switch|p1a: Raging Bolt|Raging Bolt|100/100\n|-activate|p1a: Raging Bolt|ability: Protosynthesis\n|-start|p1a: Raging Bolt|protosynthesisspa\n|move|p2a: Ninetales|Encore||[still]\n|-fail|p2a: Ninetales\n|\n|-weather|SunnyDay|[upkeep]\n|upkeep\n|turn|3\n|\n|t:|1782447703\n|move|p2a: Ninetales|Scorching Sands|p1a: Raging Bolt\n|-supereffective|p1a: Raging Bolt\n|-damage|p1a: Raging Bolt|82/100\n|move|p1a: Raging Bolt|Draco Meteor|p2a: Ninetales\n|-damage|p2a: Ninetales|0 fnt\n|-unboost|p1a: Raging Bolt|spa|2\n|faint|p2a: Ninetales\n|\n|-weather|SunnyDay|[upkeep]\n|upkeep\n|\n|t:|1782447710\n|switch|p2a: Great Tusk|Great Tusk|100/100\n|-damage|p2a: Great Tusk|98/100|[from] Stealth Rock\n|-activate|p2a: Great Tusk|ability: Protosynthesis\n|-start|p2a: Great Tusk|protosynthesisatk\n|turn|4\n|\n|t:|1782447714\n|-end|p1a: Raging Bolt|Protosynthesis|[silent]\n|switch|p1a: Landorus|Landorus-Therian, M|26/100\n|-ability|p1a: Landorus|Intimidate|boost\n|-unboost|p2a: Great Tusk|atk|1\n|move|p2a: Great Tusk|Ice Spinner|p1a: Landorus\n|-supereffective|p1a: Landorus\n|-damage|p1a: Landorus|0 fnt\n|-damage|p2a: Great Tusk|81/100|[from] item: Rocky Helmet|[of] p1a: Landorus\n|faint|p1a: Landorus\n|\n|-weather|SunnyDay|[upkeep]\n|upkeep\n|\n|t:|1782447723\n|switch|p1a: Great Tusk|Great Tusk|100/100\n|-activate|p1a: Great Tusk|ability: Protosynthesis\n|-start|p1a: Great Tusk|protosynthesisatk\n|turn|5\n|\n|t:|1782447726\n|move|p1a: Great Tusk|Ice Spinner|p2a: Great Tusk\n|-supereffective|p2a: Great Tusk\n|-damage|p2a: Great Tusk|31/100\n|move|p2a: Great Tusk|Rapid Spin|p1a: Great Tusk\n|-damage|p1a: Great Tusk|88/100\n|-boost|p2a: Great Tusk|spe|1\n|-sideend|p2: GABito2002|Stealth Rock|[from] move: Rapid Spin|[of] p2a: Great Tusk\n|\n|-weather|SunnyDay|[upkeep]\n|upkeep\n|turn|6\n|\n|t:|1782447731\n|move|p2a: Great Tusk|Ice Spinner|p1a: Great Tusk\n|-supereffective|p1a: Great Tusk\n|-damage|p1a: Great Tusk|50/100\n|move|p1a: Great Tusk|Ice Spinner|p2a: Great Tusk\n|-supereffective|p2a: Great Tusk\n|-damage|p2a: Great Tusk|0 fnt\n|faint|p2a: Great Tusk\n|-end|p2a: Great Tusk|Protosynthesis|[silent]\n|\n|-weather|SunnyDay|[upkeep]\n|upkeep\n|\n|t:|1782447733\n|switch|p2a: Walking Wake|Walking Wake|100/100\n|-activate|p2a: Walking Wake|ability: Protosynthesis\n|-start|p2a: Walking Wake|protosynthesisspe\n|turn|7\n|\n|t:|1782447737\n|-end|p1a: Great Tusk|Protosynthesis|[silent]\n|switch|p1a: Ogerpon|Ogerpon-Wellspring, F|100/100\n|move|p2a: Walking Wake|Hydro Steam|p1a: Ogerpon\n|-immune|p1a: Ogerpon|[from] ability: Water Absorb\n|\n|-weather|SunnyDay|[upkeep]\n|upkeep\n|turn|8\n|\n|t:|1782447741\n|move|p2a: Walking Wake|Draco Meteor|p1a: Ogerpon\n|-damage|p1a: Ogerpon|12/100\n|-unboost|p2a: Walking Wake|spa|2\n|move|p1a: Ogerpon|Knock Off|p2a: Walking Wake\n|-damage|p2a: Walking Wake|56/100\n|-enditem|p2a: Walking Wake|Wise Glasses|[from] move: Knock Off|[of] p1a: Ogerpon\n|\n|-weather|none\n|-end|p2a: Walking Wake|Protosynthesis\n|upkeep\n|turn|9\n|\n|t:|1782447750\n|move|p1a: Ogerpon|U-turn|p2a: Walking Wake\n|-damage|p2a: Walking Wake|24/100\n|\n|t:|1782447756\n|switch|p1a: Gholdengo|Gholdengo|100/100|[from] U-turn\n|move|p2a: Walking Wake|Draco Meteor|p1a: Gholdengo\n|-resisted|p1a: Gholdengo\n|-damage|p1a: Gholdengo|86/100\n|-unboost|p2a: Walking Wake|spa|2\n|\n|-heal|p1a: Gholdengo|92/100|[from] item: Leftovers\n|upkeep\n|turn|10\n|\n|t:|1782447766\n|move|p2a: Walking Wake|Flip Turn|p1a: Gholdengo\n|-damage|p1a: Gholdengo|80/100\n|\n|t:|1782447768\n|-end|p2a: Walking Wake|Protosynthesis|[silent]\n|switch|p2a: Kingambit|Kingambit, M|100/100|[from] Flip Turn\n|-activate|p2a: Kingambit|ability: Supreme Overlord\n|-start|p2a: Kingambit|fallen2|[silent]\n|-item|p2a: Kingambit|Air Balloon\n|move|p1a: Gholdengo|Thunder Wave|p2a: Kingambit\n|-status|p2a: Kingambit|par\n|\n|-heal|p1a: Gholdengo|86/100|[from] item: Leftovers\n|upkeep\n|turn|11\n|\n|t:|1782447783\n|move|p1a: Gholdengo|Hex|p2a: Kingambit\n|-resisted|p2a: Kingambit\n|-damage|p2a: Kingambit|71/100 par\n|-enditem|p2a: Kingambit|Air Balloon\n|move|p2a: Kingambit|Kowtow Cleave|p1a: Gholdengo\n|-supereffective|p1a: Gholdengo\n|-damage|p1a: Gholdengo|0 fnt\n|faint|p1a: Gholdengo\n|\n|upkeep\n|\n|t:|1782447786\n|switch|p1a: Great Tusk|Great Tusk|50/100\n|turn|12\n|\n|t:|1782447791\n|move|p2a: Kingambit|Sucker Punch|p1a: Great Tusk\n|-resisted|p1a: Great Tusk\n|-damage|p1a: Great Tusk|33/100\n|move|p1a: Great Tusk|Headlong Rush|p2a: Kingambit\n|-supereffective|p2a: Kingambit\n|-damage|p2a: Kingambit|0 fnt\n|-unboost|p1a: Great Tusk|def|1\n|-unboost|p1a: Great Tusk|spd|1\n|faint|p2a: Kingambit\n|-end|p2a: Kingambit|fallen2|[silent]\n|\n|upkeep\n|\n|t:|1782447795\n|switch|p2a: Walking Wake|Walking Wake|24/100\n|turn|13\n|\n|t:|1782447803\n|move|p2a: Walking Wake|Flip Turn|p1a: Great Tusk\n|-supereffective|p1a: Great Tusk\n|-damage|p1a: Great Tusk|0 fnt\n|faint|p1a: Great Tusk\n|-end|p1a: Great Tusk|Protosynthesis|[silent]\n|\n|t:|1782447812\n|-end|p2a: Walking Wake|Protosynthesis|[silent]\n|switch|p2a: Raging Bolt|Raging Bolt|100/100|[from] Flip Turn\n|\n|upkeep\n|\n|t:|1782447816\n|switch|p1a: Darkrai|Darkrai|100/100\n|turn|14\n|\n|t:|1782447820\n|move|p1a: Darkrai|Ice Beam|p2a: Raging Bolt\n|-supereffective|p2a: Raging Bolt\n|-damage|p2a: Raging Bolt|40/100\n|move|p2a: Raging Bolt|Dragon Pulse|p1a: Darkrai\n|-damage|p1a: Darkrai|14/100\n|-damage|p2a: Raging Bolt|30/100|[from] item: Life Orb\n|\n|-heal|p1a: Darkrai|20/100|[from] item: Leftovers\n|upkeep\n|turn|15\n|\n|t:|1782447825\n|move|p2a: Raging Bolt|Thunderclap||[still]\n|-fail|p2a: Raging Bolt\n|move|p1a: Darkrai|Nasty Plot|p1a: Darkrai\n|-boost|p1a: Darkrai|spa|2\n|\n|-heal|p1a: Darkrai|26/100|[from] item: Leftovers\n|upkeep\n|turn|16\n|\n|t:|1782447829\n|move|p2a: Raging Bolt|Thunderclap||[still]\n|-fail|p2a: Raging Bolt\n|move|p1a: Darkrai|Nasty Plot|p1a: Darkrai\n|-boost|p1a: Darkrai|spa|2\n|\n|-heal|p1a: Darkrai|32/100|[from] item: Leftovers\n|upkeep\n|turn|17\n|\n|t:|1782447831\n|move|p2a: Raging Bolt|Thunderclap|p1a: Darkrai\n|-damage|p1a: Darkrai|0 fnt\n|faint|p1a: Darkrai\n|-damage|p2a: Raging Bolt|20/100|[from] item: Life Orb\n|\n|upkeep\n|\n|t:|1782447837\n|switch|p1a: Raging Bolt|Raging Bolt|82/100\n|turn|18\n|\n|t:|1782447841\n|move|p1a: Raging Bolt|Thunderclap|p2a: Raging Bolt\n|-resisted|p2a: Raging Bolt\n|-damage|p2a: Raging Bolt|6/100\n|move|p2a: Raging Bolt|Dragon Pulse|p1a: Raging Bolt\n|-supereffective|p1a: Raging Bolt\n|-damage|p1a: Raging Bolt|0 fnt\n|faint|p1a: Raging Bolt\n|-end|p1a: Raging Bolt|Protosynthesis|[silent]\n|-damage|p2a: Raging Bolt|0 fnt|[from] item: Life Orb\n|faint|p2a: Raging Bolt\n|-end|p2a: Raging Bolt|Protosynthesis|[silent]\n|\n|upkeep\n|\n|t:|1782447848\n|switch|p2a: Walking Wake|Walking Wake|24/100\n|switch|p1a: Ogerpon|Ogerpon-Wellspring, F|12/100\n|turn|19\n|\n|t:|1782447860\n|move|p1a: Ogerpon|U-turn|p2a: Walking Wake\n|-damage|p2a: Walking Wake|0 fnt\n|faint|p2a: Walking Wake\n|-end|p2a: Walking Wake|Protosynthesis|[silent]\n|\n|upkeep\n|\n|t:|1782447862\n|switch|p2a: Ceruledge|Ceruledge, M|100/100\n|turn|20\n|\n|t:|1782447867\n|-terastallize|p1a: Ogerpon|Water\n|detailschange|p1a: Ogerpon|Ogerpon-Wellspring-Tera, F, tera:Water\n|-ability|p1a: Ogerpon|Embody Aspect (Wellspring)|boost\n|-boost|p1a: Ogerpon|spd|1\n|move|p2a: Ceruledge|Shadow Sneak|p1a: Ogerpon\n|-damage|p1a: Ogerpon|0 fnt\n|faint|p1a: Ogerpon\n|detailschange|p1: Ogerpon|Ogerpon-Wellspring, F|[silent]\n|\n|win|GABito2002\n|raw|telawn's rating: 1384 &rarr; <strong>1360</strong><br />(-24 for losing)\n|raw|GABito2002's rating: 1322 &rarr; <strong>1346</strong><br />(+24 for winning)\n|l|☆telawn\n|player|p1|\n|l|☆GABito2002\n|player|p2|\n", "uploadtime": 1782448164, "views": 14, "formatid": "gen9ou", "rating": 1346, "private": 0, "password": null}