{"id": "gen9ou-2639928201", "format": "[Gen 9] OU", "players": ["LowEL0God", "altyWIN"], "log": "|j|☆LowEL0God\n|j|☆altyWIN\n|t:|1782545486\n|gametype|singles\n|player|p1|LowEL0God|2|1616\n|player|p2|altyWIN|backpacker|1514\n|gen|9\n|tier|[Gen 9] OU\n|rated|\n|rule|HP Percentage Mod: HP is shown in percentages\n|rule|Endless Battle Clause: Forcing endless battles is banned\n|rule|Species Clause: Limit one of each Pokémon\n|rule|OHKO Clause: OHKO moves are banned\n|rule|Evasion Items Clause: Evasion items are banned\n|rule|Evasion Moves Clause: Evasion moves are banned\n|rule|Evasion Abilities Clause: Evasion abilities are banned\n|rule|Sleep Moves Clause: Sleep-inducing moves are banned\n|clearpoke\n|poke|p1|Pelipper, F|\n|poke|p1|Torkoal, F|\n|poke|p1|Walking Wake|\n|poke|p1|Tyranitar, F|\n|poke|p1|Excadrill, F|\n|poke|p1|Ogerpon-Wellspring, F|\n|poke|p2|Necrozma|\n|poke|p2|Hoopa-Unbound|\n|poke|p2|Crawdaunt, M|\n|poke|p2|Ursaluna, F|\n|poke|p2|Hatterene, F|\n|poke|p2|Diancie|\n|teampreview\n|inactive|Battle timer is ON: inactive players will automatically lose when time's up. (requested by LowEL0God)\n|\n|t:|1782545507\n|teamsize|p1|6\n|teamsize|p2|6\n|start\n|switch|p1a: Hurricane Spam|Pelipper, F, shiny|100/100\n|switch|p2a: Crawdaunt|Crawdaunt, M|100/100\n|-weather|RainDance|[from] ability: Drizzle|[of] p1a: Hurricane Spam\n|turn|1\n|inactive|altyWIN has 120 seconds left.\n|\n|t:|1782545551\n|switch|p2a: Hatterene|Hatterene, F|100/100\n|move|p1a: Hurricane Spam|Hurricane|p2a: Hatterene\n|-damage|p2a: Hatterene|19/100\n|-start|p2a: Hatterene|confusion\n|\n|-weather|RainDance|[upkeep]\n|upkeep\n|turn|2\n|\n|t:|1782545558\n|move|p1a: Hurricane Spam|Hurricane|p2a: Hatterene\n|-damage|p2a: Hatterene|0 fnt\n|faint|p2a: Hatterene\n|\n|-weather|RainDance|[upkeep]\n|upkeep\n|\n|t:|1782545560\n|switch|p2a: Diancie|Diancie|100/100\n|turn|3\n|inactive|altyWIN has 120 seconds left.\n|\n|t:|1782545573\n|switch|p1a: No Hazards for You|Excadrill, F, shiny|100/100\n|-terastallize|p2a: Diancie|Grass\n|move|p2a: Diancie|Meteor Beam||[still]\n|-prepare|p2a: Diancie|Meteor Beam\n|-boost|p2a: Diancie|spa|1\n|-enditem|p2a: Diancie|Power Herb\n|-anim|p2a: Diancie|Meteor Beam|p1a: No Hazards for You\n|-resisted|p1a: No Hazards for You\n|-damage|p1a: No Hazards for You|74/100\n|\n|-weather|RainDance|[upkeep]\n|upkeep\n|turn|4\n|\n|t:|1782545578\n|move|p1a: No Hazards for You|Iron Head|p2a: Diancie\n|-damage|p2a: Diancie|46/100\n|move|p2a: Diancie|Earth Power|p1a: No Hazards for You\n|-supereffective|p1a: No Hazards for You\n|-damage|p1a: No Hazards for You|0 fnt\n|faint|p1a: No Hazards for You\n|\n|-weather|RainDance|[upkeep]\n|upkeep\n|\n|t:|1782545579\n|switch|p1a: Walking Wake|Walking Wake|100/100\n|turn|5\n|inactive|altyWIN has 120 seconds left.\n|\n|t:|1782545612\n|move|p1a: Walking Wake|Dragon Pulse|p2a: Diancie\n|-damage|p2a: Diancie|0 fnt\n|faint|p2a: Diancie\n|\n|-weather|none\n|upkeep\n|\n|t:|1782545625\n|switch|p2a: Hoopa|Hoopa-Unbound|100/100\n|turn|6\n|\n|t:|1782545631\n|-end|p1a: Walking Wake|Protosynthesis|[silent]\n|switch|p1a: Ogerpon|Ogerpon-Wellspring, F|100/100\n|move|p2a: Hoopa|Trick Room|p2a: Hoopa\n|-fieldstart|move: Trick Room|[of] p2a: Hoopa\n|\n|upkeep\n|turn|7\n|inactive|altyWIN has 120 seconds left.\n|\n|t:|1782545636\n|move|p2a: Hoopa|Psychic|p1a: Ogerpon\n|-damage|p1a: Ogerpon|12/100\n|-damage|p2a: Hoopa|91/100|[from] item: Life Orb\n|move|p1a: Ogerpon|Play Rough|p2a: Hoopa\n|-supereffective|p2a: Hoopa\n|-damage|p2a: Hoopa|0 fnt\n|faint|p2a: Hoopa\n|\n|upkeep\n|inactive|altyWIN has 120 seconds left.\n|\n|t:|1782545644\n|switch|p2a: Ursaluna|Ursaluna, F|100/100\n|turn|8\n|inactive|altyWIN has 120 seconds left.\n|\n|t:|1782545659\n|switch|p1a: Hurricane Spam|Pelipper, F, shiny|100/100\n|-weather|RainDance|[from] ability: Drizzle|[of] p1a: Hurricane Spam\n|move|p2a: Ursaluna|Facade|p1a: Hurricane Spam\n|-damage|p1a: Hurricane Spam|57/100\n|\n|-weather|RainDance|[upkeep]\n|-status|p2a: Ursaluna|brn|[from] item: Flame Orb\n|upkeep\n|turn|9\n|\n|t:|1782545667\n|move|p2a: Ursaluna|Facade|p1a: Hurricane Spam\n|-damage|p1a: Hurricane Spam|0 fnt\n|faint|p1a: Hurricane Spam\n|\n|-weather|RainDance|[upkeep]\n|-damage|p2a: Ursaluna|94/100 brn|[from] brn\n|upkeep\n|\n|t:|1782545669\n|switch|p1a: Ogerpon|Ogerpon-Wellspring, F|12/100\n|turn|10\n|\n|t:|1782545676\n|move|p2a: Ursaluna|Facade|p1a: Ogerpon\n|-damage|p1a: Ogerpon|0 fnt\n|faint|p1a: Ogerpon\n|\n|-weather|RainDance|[upkeep]\n|-damage|p2a: Ursaluna|88/100 brn|[from] brn\n|-fieldend|move: Trick Room\n|upkeep\n|\n|t:|1782545677\n|switch|p1a: Walking Wake|Walking Wake|100/100\n|turn|11\n|\n|t:|1782545692\n|switch|p2a: Crawdaunt|Crawdaunt, M|100/100\n|-terastallize|p1a: Walking Wake|Water\n|move|p1a: Walking Wake|Hydro Steam|p2a: Crawdaunt\n|-resisted|p2a: Crawdaunt\n|-damage|p2a: Crawdaunt|0 fnt\n|faint|p2a: Crawdaunt\n|\n|-weather|RainDance|[upkeep]\n|upkeep\n|\n|t:|1782545704\n|switch|p2a: Necrozma|Necrozma|100/100\n|turn|12\n|\n|t:|1782545707\n|move|p1a: Walking Wake|Hydro Steam|p2a: Necrozma\n|-damage|p2a: Necrozma|0 fnt\n|faint|p2a: Necrozma\n|\n|-weather|none\n|upkeep\n|\n|t:|1782545709\n|switch|p2a: Ursaluna|Ursaluna, F|88/100 brn\n|turn|13\n|\n|t:|1782545712\n|move|p1a: Walking Wake|Hydro Steam|p2a: Ursaluna\n|-supereffective|p2a: Ursaluna\n|-damage|p2a: Ursaluna|0 fnt\n|faint|p2a: Ursaluna\n|\n|win|LowEL0God\n|raw|LowEL0God's rating: 1616 &rarr; <strong>1631</strong><br />(+15 for winning)\n|raw|altyWIN's rating: 1535 &rarr; <strong>1520</strong><br />(-15 for losing)\n|l|☆altyWIN\n|player|p2|\n|l|☆LowEL0God\n|player|p1|\n", "uploadtime": 1782545905, "views": 9, "formatid": "gen9ou", "rating": 1520, "private": 0, "password": null}