{"id": "gen9ou-2540914788", "format": "[Gen 9] OU", "players": ["WhenZero", "bh.babiri"], "log": "|j|☆WhenZero\n|j|☆bh.babiri\n|t:|1771266718\n|gametype|singles\n|player|p1|WhenZero|170|1593\n|player|p2|bh.babiri|pokemonbreederf-gen4|1601\n|gen|9\n|tier|[Gen 9] OU\n|rated|\n|rule|HP Percentage Mod: HP is shown in percentages\n|rule|Endless Battle Clause: Forcing endless battles is banned\n|rule|Species Clause: Limit one of each Pokémon\n|rule|OHKO Clause: OHKO moves are banned\n|rule|Evasion Items Clause: Evasion items are banned\n|rule|Evasion Moves Clause: Evasion moves are banned\n|rule|Evasion Abilities Clause: Evasion abilities are banned\n|rule|Sleep Moves Clause: Sleep-inducing moves are banned\n|clearpoke\n|poke|p1|Ogerpon, F|\n|poke|p1|Raging Bolt|\n|poke|p1|Alomomola, F|\n|poke|p1|Great Tusk|\n|poke|p1|Iron Crown|\n|poke|p1|Clefable, F|\n|poke|p2|Iron Treads|\n|poke|p2|Darkrai|\n|poke|p2|Araquanid, F|\n|poke|p2|Dragapult, M|\n|poke|p2|Pecharunt|\n|poke|p2|Enamorus, F|\n|teampreview\n|inactive|Battle timer is ON: inactive players will automatically lose when time's up. (requested by bh.babiri)\n|inactive|WhenZero also wants the timer to be on.\n|j| ichixn\n|\n|t:|1771266726\n|teamsize|p1|6\n|teamsize|p2|6\n|start\n|switch|p1a: Raging Bolt|Raging Bolt|100/100\n|switch|p2a: Araquanid|Araquanid, F|100/100\n|turn|1\n|l| ichixn\n|\n|t:|1771266735\n|switch|p2a: Iron Treads|Iron Treads|100/100\n|move|p1a: Raging Bolt|Draco Meteor|p2a: Iron Treads\n|-resisted|p2a: Iron Treads\n|-crit|p2a: Iron Treads\n|-damage|p2a: Iron Treads|0 fnt\n|-unboost|p1a: Raging Bolt|spa|2\n|faint|p2a: Iron Treads\n|-end|p2a: Iron Treads|Quark Drive|[silent]\n|\n|upkeep\n|\n|t:|1771266744\n|switch|p2a: Araquanid|Araquanid, F|100/100\n|turn|2\n|\n|t:|1771266751\n|-end|p1a: Raging Bolt|Protosynthesis|[silent]\n|switch|p1a: Clefable|Clefable, F|100/100\n|move|p2a: Araquanid|Sticky Web|p1a: Clefable\n|-sidestart|p1: WhenZero|move: Sticky Web\n|\n|upkeep\n|turn|3\n|\n|t:|1771266758\n|move|p1a: Clefable|Knock Off|p2a: Araquanid\n|-damage|p2a: Araquanid|85/100\n|-enditem|p2a: Araquanid|Red Card|[from] move: Knock Off|[of] p1a: Clefable\n|move|p2a: Araquanid|Liquidation|p1a: Clefable\n|-damage|p1a: Clefable|53/100\n|\n|-heal|p1a: Clefable|59/100|[from] item: Leftovers\n|upkeep\n|turn|4\n|\n|t:|1771266774\n|move|p1a: Clefable|Moonlight|p1a: Clefable\n|-heal|p1a: Clefable|100/100\n|move|p2a: Araquanid|Liquidation|p1a: Clefable\n|-damage|p1a: Clefable|52/100\n|\n|-heal|p1a: Clefable|58/100|[from] item: Leftovers\n|upkeep\n|turn|5\n|\n|t:|1771266789\n|move|p1a: Clefable|Stealth Rock|p2a: Araquanid\n|-sidestart|p2: bh.babiri|move: Stealth Rock\n|move|p2a: Araquanid|Liquidation|p1a: Clefable\n|-damage|p1a: Clefable|11/100\n|\n|-heal|p1a: Clefable|18/100|[from] item: Leftovers\n|upkeep\n|turn|6\n|\n|t:|1771266796\n|move|p1a: Clefable|Moonlight|p1a: Clefable\n|-heal|p1a: Clefable|68/100\n|move|p2a: Araquanid|Liquidation|p1a: Clefable\n|-damage|p1a: Clefable|17/100\n|\n|-heal|p1a: Clefable|23/100|[from] item: Leftovers\n|upkeep\n|turn|7\n|\n|t:|1771266808\n|switch|p1a: Alomomola|Alomomola, F|100/100\n|move|p2a: Araquanid|Liquidation|p1a: Alomomola\n|-resisted|p1a: Alomomola\n|-damage|p1a: Alomomola|78/100\n|\n|upkeep\n|turn|8\n|\n|t:|1771266816\n|move|p1a: Alomomola|Flip Turn|p2a: Araquanid\n|-resisted|p2a: Araquanid\n|-damage|p2a: Araquanid|76/100\n|\n|t:|1771266819\n|switch|p1a: Raging Bolt|Raging Bolt|100/100|[from] Flip Turn\n|-activate|p1a: Raging Bolt|move: Sticky Web\n|-unboost|p1a: Raging Bolt|spe|1\n|move|p2a: Araquanid|Liquidation|p1a: Raging Bolt\n|-resisted|p1a: Raging Bolt\n|-damage|p1a: Raging Bolt|69/100\n|\n|upkeep\n|turn|9\n|\n|t:|1771266826\n|move|p1a: Raging Bolt|Draco Meteor|p2a: Araquanid|[miss]\n|-miss|p1a: Raging Bolt|p2a: Araquanid\n|move|p2a: Araquanid|Leech Life|p1a: Raging Bolt\n|-damage|p1a: Raging Bolt|40/100\n|-heal|p2a: Araquanid|93/100|[from] drain|[of] p1a: Raging Bolt\n|\n|upkeep\n|turn|10\n|\n|t:|1771266833\n|move|p1a: Raging Bolt|Draco Meteor|p2a: Araquanid\n|-damage|p2a: Araquanid|0 fnt\n|-unboost|p1a: Raging Bolt|spa|2\n|faint|p2a: Araquanid\n|\n|upkeep\n|\n|t:|1771266839\n|switch|p2a: Dragapult|Dragapult, M|100/100\n|-damage|p2a: Dragapult|88/100|[from] Stealth Rock\n|turn|11\n|\n|t:|1771266844\n|-end|p1a: Raging Bolt|Protosynthesis|[silent]\n|switch|p1a: Clefable|Clefable, F|23/100\n|-activate|p1a: Clefable|move: Sticky Web\n|-unboost|p1a: Clefable|spe|1\n|-terastallize|p2a: Dragapult|Ghost\n|move|p2a: Dragapult|Tera Blast|p1a: Clefable|[anim] Tera Blast Ghost\n|-damage|p1a: Clefable|0 fnt\n|faint|p1a: Clefable\n|\n|upkeep\n|\n|t:|1771266861\n|switch|p1a: Alomomola|Alomomola, F|100/100\n|turn|12\n|\n|t:|1771266865\n|move|p2a: Dragapult|Tera Blast|p1a: Alomomola|[anim] Tera Blast Ghost\n|-damage|p1a: Alomomola|49/100\n|move|p1a: Alomomola|Flip Turn|p2a: Dragapult\n|-damage|p2a: Dragapult|64/100\n|\n|t:|1771266870\n|switch|p1a: Great Tusk|Great Tusk|100/100|[from] Flip Turn\n|\n|upkeep\n|turn|13\n|\n|t:|1771266875\n|switch|p2a: Pecharunt|Pecharunt|100/100\n|-damage|p2a: Pecharunt|88/100|[from] Stealth Rock\n|-item|p2a: Pecharunt|Air Balloon\n|move|p1a: Great Tusk|Headlong Rush|p2a: Pecharunt\n|-immune|p2a: Pecharunt\n|\n|upkeep\n|turn|14\n|\n|t:|1771266881\n|-end|p1a: Great Tusk|Protosynthesis|[silent]\n|switch|p1a: Alomomola|Alomomola, F|82/100\n|move|p2a: Pecharunt|Shadow Ball|p1a: Alomomola\n|-damage|p1a: Alomomola|54/100\n|\n|upkeep\n|turn|15\n|\n|t:|1771266889\n|move|p2a: Pecharunt|Malignant Chain|p1a: Alomomola\n|-damage|p1a: Alomomola|19/100\n|move|p1a: Alomomola|Wish|p1a: Alomomola\n|\n|upkeep\n|turn|16\n|\n|t:|1771266896\n|switch|p1a: Raging Bolt|Raging Bolt|40/100\n|-activate|p1a: Raging Bolt|move: Sticky Web\n|-unboost|p1a: Raging Bolt|spe|1\n|move|p2a: Pecharunt|Shadow Ball|p1a: Raging Bolt\n|-damage|p1a: Raging Bolt|6/100\n|\n|-heal|p1a: Raging Bolt|66/100|[from] move: Wish|[wisher] Alomomola\n|upkeep\n|turn|17\n|\n|t:|1771266905\n|move|p2a: Pecharunt|Malignant Chain|p1a: Raging Bolt\n|-damage|p1a: Raging Bolt|27/100\n|move|p1a: Raging Bolt|Draco Meteor|p2a: Pecharunt\n|-damage|p2a: Pecharunt|0 fnt\n|-unboost|p1a: Raging Bolt|spa|2\n|-enditem|p2a: Pecharunt|Air Balloon\n|faint|p2a: Pecharunt\n|\n|upkeep\n|\n|t:|1771266910\n|switch|p2a: Dragapult|Dragapult, M, tera:Ghost|64/100\n|-damage|p2a: Dragapult|51/100|[from] Stealth Rock\n|turn|18\n|\n|t:|1771266913\n|-end|p1a: Raging Bolt|Protosynthesis|[silent]\n|switch|p1a: Alomomola|Alomomola, F|53/100\n|move|p2a: Dragapult|Tera Blast|p1a: Alomomola|[anim] Tera Blast Ghost\n|-damage|p1a: Alomomola|0 fnt\n|faint|p1a: Alomomola\n|\n|upkeep\n|\n|t:|1771266920\n|switch|p1a: Great Tusk|Great Tusk|100/100\n|turn|19\n|\n|t:|1771266924\n|move|p2a: Dragapult|Tera Blast|p1a: Great Tusk|[anim] Tera Blast Ghost\n|-damage|p1a: Great Tusk|47/100\n|move|p1a: Great Tusk|Headlong Rush|p2a: Dragapult\n|-damage|p2a: Dragapult|0 fnt\n|-unboost|p1a: Great Tusk|def|1\n|-unboost|p1a: Great Tusk|spd|1\n|faint|p2a: Dragapult\n|\n|upkeep\n|\n|t:|1771266926\n|switch|p2a: Darkrai|Darkrai|100/100\n|-damage|p2a: Darkrai|88/100|[from] Stealth Rock\n|turn|20\n|inactive|WhenZero has 120 seconds left.\n|\n|t:|1771266970\n|-end|p1a: Great Tusk|Protosynthesis|[silent]\n|switch|p1a: Raging Bolt|Raging Bolt|27/100\n|-activate|p1a: Raging Bolt|move: Sticky Web\n|-unboost|p1a: Raging Bolt|spe|1\n|move|p2a: Darkrai|Dark Pulse|p1a: Raging Bolt\n|-damage|p1a: Raging Bolt|0 fnt\n|faint|p1a: Raging Bolt\n|-end|p1a: Raging Bolt|Protosynthesis|[silent]\n|\n|upkeep\n|\n|t:|1771266975\n|switch|p1a: Ogerpon|Ogerpon, F|100/100\n|-activate|p1a: Ogerpon|move: Sticky Web\n|-unboost|p1a: Ogerpon|spe|1\n|-ability|p1a: Ogerpon|Defiant|boost\n|-boost|p1a: Ogerpon|atk|2\n|turn|21\n|\n|t:|1771266981\n|-terastallize|p1a: Ogerpon|Grass\n|detailschange|p1a: Ogerpon|Ogerpon-Teal-Tera, F, tera:Grass\n|-ability|p1a: Ogerpon|Embody Aspect (Teal)|boost\n|-boost|p1a: Ogerpon|spe|1\n|move|p1a: Ogerpon|Ivy Cudgel|p2a: Darkrai\n|-damage|p2a: Darkrai|0 fnt\n|faint|p2a: Darkrai\n|\n|upkeep\n|-message|bh.babiri forfeited.\n|\n|win|WhenZero\n|raw|WhenZero's rating: 1593 &rarr; <strong>1613</strong><br />(+20 for winning)\n|raw|bh.babiri's rating: 1586 &rarr; <strong>1566</strong><br />(-20 for losing)\n|l|☆bh.babiri\n|player|p2|\n", "uploadtime": 1771267108, "views": 6, "formatid": "gen9ou", "rating": 1566, "private": 0, "password": null}