{"id": "gen9ou-2647688943", "format": "[Gen 9] OU", "players": ["Anti-Ren", "H0N3R"], "log": "|j|☆Anti-Ren\n|j|☆H0N3R\n|t:|1783796613\n|gametype|singles\n|player|p1|Anti-Ren|spark-casual|1440\n|player|p2|H0N3R|steven|1462\n|gen|9\n|tier|[Gen 9] OU\n|rated|\n|rule|HP Percentage Mod: HP is shown in percentages\n|rule|Endless Battle Clause: Forcing endless battles is banned\n|rule|Species Clause: Limit one of each Pokémon\n|rule|OHKO Clause: OHKO moves are banned\n|rule|Evasion Items Clause: Evasion items are banned\n|rule|Evasion Moves Clause: Evasion moves are banned\n|rule|Evasion Abilities Clause: Evasion abilities are banned\n|rule|Sleep Moves Clause: Sleep-inducing moves are banned\n|clearpoke\n|poke|p1|Iron Crown|\n|poke|p1|Ting-Lu|\n|poke|p1|Primarina, M|\n|poke|p1|Iron Valiant|\n|poke|p1|Landorus-Therian, M|\n|poke|p1|Cinderace, F|\n|poke|p2|Tyranitar, M|\n|poke|p2|Corviknight, F|\n|poke|p2|Vikavolt, F|\n|poke|p2|Sinistcha|\n|poke|p2|Latios, M|\n|poke|p2|Great Tusk|\n|teampreview\n|\n|t:|1783796626\n|teamsize|p1|6\n|teamsize|p2|6\n|start\n|switch|p1a: Cinderace|Cinderace, F|100/100\n|switch|p2a: Vikavolt|Vikavolt, F|100/100\n|turn|1\n|inactive|Battle timer is ON: inactive players will automatically lose when time's up. (requested by H0N3R)\n|\n|t:|1783796634\n|move|p1a: Cinderace|Pyro Ball|p2a: Vikavolt\n|-supereffective|p2a: Vikavolt\n|-damage|p2a: Vikavolt|7/100\n|move|p2a: Vikavolt|Thunder Wave|p1a: Cinderace\n|-status|p1a: Cinderace|par\n|\n|upkeep\n|turn|2\n|\n|t:|1783796649\n|switch|p2a: Tyranitar|Tyranitar, M|100/100\n|-weather|Sandstorm|[from] ability: Sand Stream|[of] p2a: Tyranitar\n|cant|p1a: Cinderace|par\n|\n|-weather|Sandstorm|[upkeep]\n|-damage|p1a: Cinderace|94/100 par|[from] Sandstorm\n|upkeep\n|turn|3\n|\n|t:|1783796670\n|switch|p1a: Ting-Lu|Ting-Lu|100/100\n|-ability|p1a: Ting-Lu|Vessel of Ruin\n|move|p2a: Tyranitar|Blizzard|p1a: Ting-Lu\n|-supereffective|p1a: Ting-Lu\n|-damage|p1a: Ting-Lu|76/100\n|\n|-weather|Sandstorm|[upkeep]\n|-heal|p1a: Ting-Lu|82/100|[from] item: Leftovers\n|upkeep\n|turn|4\n|inactive|H0N3R has 120 seconds left.\n|\n|t:|1783796690\n|switch|p2a: Corviknight|Corviknight, F|100/100\n|move|p1a: Ting-Lu|Stealth Rock|p2a: Corviknight\n|-sidestart|p2: H0N3R|move: Stealth Rock\n|\n|-weather|Sandstorm|[upkeep]\n|-heal|p1a: Ting-Lu|88/100|[from] item: Leftovers\n|upkeep\n|turn|5\n|\n|t:|1783796698\n|move|p2a: Corviknight|Iron Defense|p2a: Corviknight\n|-boost|p2a: Corviknight|def|2\n|move|p1a: Ting-Lu|Ruination|p2a: Corviknight\n|-damage|p2a: Corviknight|50/100\n|\n|-weather|Sandstorm|[upkeep]\n|-heal|p1a: Ting-Lu|95/100|[from] item: Leftovers\n|upkeep\n|turn|6\n|\n|t:|1783796707\n|move|p2a: Corviknight|Iron Defense|p2a: Corviknight\n|-boost|p2a: Corviknight|def|2\n|move|p1a: Ting-Lu|Whirlwind|p2a: Corviknight\n|drag|p2a: Great Tusk|Great Tusk|100/100\n|-damage|p2a: Great Tusk|98/100|[from] Stealth Rock\n|-enditem|p2a: Great Tusk|Booster Energy\n|-activate|p2a: Great Tusk|ability: Protosynthesis|[fromitem]\n|-start|p2a: Great Tusk|protosynthesisdef\n|\n|-weather|none\n|-heal|p1a: Ting-Lu|100/100|[from] item: Leftovers\n|upkeep\n|turn|7\n|\n|t:|1783796720\n|move|p2a: Great Tusk|Rapid Spin|p1a: Ting-Lu\n|-damage|p1a: Ting-Lu|92/100\n|-boost|p2a: Great Tusk|spe|1\n|-sideend|p2: H0N3R|Stealth Rock|[from] move: Rapid Spin|[of] p2a: Great Tusk\n|move|p1a: Ting-Lu|Whirlwind|p2a: Great Tusk\n|-end|p2a: Great Tusk|Protosynthesis|[silent]\n|drag|p2a: Vikavolt|Vikavolt, F|7/100\n|\n|-heal|p1a: Ting-Lu|99/100|[from] item: Leftovers\n|upkeep\n|turn|8\n|\n|t:|1783796731\n|switch|p1a: Cinderace|Cinderace, F|94/100 par\n|move|p2a: Vikavolt|Sticky Web|p1a: Cinderace\n|-sidestart|p1: Anti-Ren|move: Sticky Web\n|\n|upkeep\n|turn|9\n|\n|t:|1783796737\n|move|p1a: Cinderace|U-turn|p2a: Vikavolt\n|-damage|p2a: Vikavolt|0 fnt\n|faint|p2a: Vikavolt\n|\n|t:|1783796740\n|switch|p1a: Landorus|Landorus-Therian, M|100/100|[from] U-turn\n|\n|upkeep\n|inactive|H0N3R has 120 seconds left.\n|\n|t:|1783796767\n|switch|p2a: Sinistcha|Sinistcha|100/100\n|turn|10\n|\n|t:|1783796770\n|move|p1a: Landorus|U-turn|p2a: Sinistcha\n|-damage|p2a: Sinistcha|82/100\n|-damage|p1a: Landorus|84/100|[from] item: Rocky Helmet|[of] p2a: Sinistcha\n|\n|t:|1783796773\n|switch|p1a: Cinderace|Cinderace, F|94/100 par|[from] U-turn\n|move|p2a: Sinistcha|Calm Mind|p2a: Sinistcha\n|-boost|p2a: Sinistcha|spa|1\n|-boost|p2a: Sinistcha|spd|1\n|\n|upkeep\n|turn|11\n|\n|t:|1783796784\n|move|p1a: Cinderace|Court Change|p1a: Cinderace\n|-swapsideconditions\n|-activate|p1a: Cinderace|move: Court Change\n|move|p2a: Sinistcha|Strength Sap|p1a: Cinderace\n|-unboost|p1a: Cinderace|atk|1\n|-heal|p2a: Sinistcha|100/100\n|\n|upkeep\n|turn|12\n|\n|t:|1783796791\n|move|p1a: Cinderace|U-turn|p2a: Sinistcha\n|-damage|p2a: Sinistcha|91/100\n|-damage|p1a: Cinderace|78/100 par|[from] item: Rocky Helmet|[of] p2a: Sinistcha\n|\n|t:|1783796794\n|switch|p1a: Iron Valiant|Iron Valiant|100/100|[from] U-turn\n|-enditem|p1a: Iron Valiant|Booster Energy\n|-activate|p1a: Iron Valiant|ability: Quark Drive|[fromitem]\n|-start|p1a: Iron Valiant|quarkdrivespe\n|move|p2a: Sinistcha|Calm Mind|p2a: Sinistcha\n|-boost|p2a: Sinistcha|spa|1\n|-boost|p2a: Sinistcha|spd|1\n|\n|upkeep\n|turn|13\n|\n|t:|1783796804\n|move|p1a: Iron Valiant|Encore|p2a: Sinistcha\n|-start|p2a: Sinistcha|Encore\n|move|p2a: Sinistcha|Calm Mind|p2a: Sinistcha\n|-boost|p2a: Sinistcha|spa|1\n|-boost|p2a: Sinistcha|spd|1\n|\n|upkeep\n|turn|14\n|\n|t:|1783796811\n|move|p1a: Iron Valiant|Calm Mind|p1a: Iron Valiant\n|-boost|p1a: Iron Valiant|spa|1\n|-boost|p1a: Iron Valiant|spd|1\n|move|p2a: Sinistcha|Calm Mind|p2a: Sinistcha\n|-boost|p2a: Sinistcha|spa|1\n|-boost|p2a: Sinistcha|spd|1\n|\n|upkeep\n|turn|15\n|\n|t:|1783796818\n|move|p1a: Iron Valiant|Calm Mind|p1a: Iron Valiant\n|-boost|p1a: Iron Valiant|spa|1\n|-boost|p1a: Iron Valiant|spd|1\n|move|p2a: Sinistcha|Calm Mind|p2a: Sinistcha\n|-boost|p2a: Sinistcha|spa|1\n|-boost|p2a: Sinistcha|spd|1\n|\n|-end|p2a: Sinistcha|Encore\n|upkeep\n|turn|16\n|\n|t:|1783796828\n|move|p1a: Iron Valiant|Encore|p2a: Sinistcha\n|-start|p2a: Sinistcha|Encore\n|move|p2a: Sinistcha|Calm Mind|p2a: Sinistcha\n|-boost|p2a: Sinistcha|spa|1\n|-boost|p2a: Sinistcha|spd|1\n|\n|upkeep\n|turn|17\n|\n|t:|1783796834\n|move|p1a: Iron Valiant|Calm Mind|p1a: Iron Valiant\n|-boost|p1a: Iron Valiant|spa|1\n|-boost|p1a: Iron Valiant|spd|1\n|move|p2a: Sinistcha|Calm Mind|p2a: Sinistcha\n|-boost|p2a: Sinistcha|spa|0\n|-boost|p2a: Sinistcha|spd|0\n|\n|upkeep\n|turn|18\n|\n|t:|1783796844\n|move|p1a: Iron Valiant|Calm Mind|p1a: Iron Valiant\n|-boost|p1a: Iron Valiant|spa|1\n|-boost|p1a: Iron Valiant|spd|1\n|move|p2a: Sinistcha|Calm Mind|p2a: Sinistcha\n|-boost|p2a: Sinistcha|spa|0\n|-boost|p2a: Sinistcha|spd|0\n|\n|-end|p2a: Sinistcha|Encore\n|upkeep\n|turn|19\n|\n|t:|1783796853\n|move|p1a: Iron Valiant|Encore|p2a: Sinistcha\n|-start|p2a: Sinistcha|Encore\n|move|p2a: Sinistcha|Calm Mind|p2a: Sinistcha\n|-boost|p2a: Sinistcha|spa|0\n|-boost|p2a: Sinistcha|spd|0\n|\n|upkeep\n|turn|20\n|-message|H0N3R forfeited.\n|\n|win|Anti-Ren\n|raw|Anti-Ren's rating: 1440 &rarr; <strong>1461</strong><br />(+21 for winning)\n|raw|H0N3R's rating: 1462 &rarr; <strong>1441</strong><br />(-21 for losing)\n|l|☆H0N3R\n|player|p2|\n|l|☆Anti-Ren\n|player|p1|\n", "uploadtime": 1783797069, "views": 8, "formatid": "gen9ou", "rating": 1441, "private": 0, "password": null}