{"id": "gen9ou-2647813721", "format": "[Gen 9] OU", "players": ["Issei11", "gigasharkellie"], "log": "|j|☆Issei11\n|j|☆gigasharkellie\n|t:|1783817166\n|gametype|singles\n|player|p1|Issei11|102|1299\n|player|p2|gigasharkellie|iris-gen5bw2|1210\n|gen|9\n|tier|[Gen 9] OU\n|rated|\n|rule|HP Percentage Mod: HP is shown in percentages\n|rule|Endless Battle Clause: Forcing endless battles is banned\n|rule|Species Clause: Limit one of each Pokémon\n|rule|OHKO Clause: OHKO moves are banned\n|rule|Evasion Items Clause: Evasion items are banned\n|rule|Evasion Moves Clause: Evasion moves are banned\n|rule|Evasion Abilities Clause: Evasion abilities are banned\n|rule|Sleep Moves Clause: Sleep-inducing moves are banned\n|clearpoke\n|poke|p1|Great Tusk|\n|poke|p1|Gliscor, M|\n|poke|p1|Ting-Lu|\n|poke|p1|Darkrai|\n|poke|p1|Pecharunt|\n|poke|p1|Gholdengo|\n|poke|p2|Cyclizar, F|\n|poke|p2|Gholdengo|\n|poke|p2|Ting-Lu|\n|poke|p2|Clawitzer, F|\n|poke|p2|Dragonite, F|\n|poke|p2|Clefable, F|\n|teampreview\n|inactive|Battle timer is ON: inactive players will automatically lose when time's up. (requested by gigasharkellie)\n|\n|t:|1783817192\n|teamsize|p1|6\n|teamsize|p2|6\n|start\n|switch|p1a: Darkrai|Darkrai|100/100\n|switch|p2a: Ting-Lu|Ting-Lu|100/100\n|-ability|p2a: Ting-Lu|Vessel of Ruin\n|turn|1\n|\n|t:|1783817211\n|switch|p1a: Gliscor|Gliscor, M|100/100\n|move|p2a: Ting-Lu|Spikes|p1a: Gliscor\n|-sidestart|p1: Issei11|Spikes\n|\n|-status|p1a: Gliscor|tox|[from] item: Toxic Orb\n|upkeep\n|turn|2\n|\n|t:|1783817219\n|move|p1a: Gliscor|Swords Dance|p1a: Gliscor\n|-boost|p1a: Gliscor|atk|2\n|move|p2a: Ting-Lu|Spikes|p1a: Gliscor\n|-sidestart|p1: Issei11|Spikes\n|\n|upkeep\n|turn|3\n|\n|t:|1783817225\n|move|p1a: Gliscor|Earthquake|p2a: Ting-Lu\n|-damage|p2a: Ting-Lu|66/100\n|move|p2a: Ting-Lu|Whirlwind|p1a: Gliscor\n|drag|p1a: Gholdengo|Gholdengo|100/100\n|-item|p1a: Gholdengo|Air Balloon\n|\n|-heal|p2a: Ting-Lu|72/100|[from] item: Leftovers\n|upkeep\n|turn|4\n|\n|t:|1783817237\n|move|p1a: Gholdengo|Nasty Plot|p1a: Gholdengo\n|-boost|p1a: Gholdengo|spa|2\n|move|p2a: Ting-Lu|Ruination|p1a: Gholdengo\n|-damage|p1a: Gholdengo|51/100\n|-enditem|p1a: Gholdengo|Air Balloon\n|\n|-heal|p2a: Ting-Lu|79/100|[from] item: Leftovers\n|upkeep\n|turn|5\n|\n|t:|1783817246\n|move|p1a: Gholdengo|Focus Blast|p2a: Ting-Lu\n|-supereffective|p2a: Ting-Lu\n|-damage|p2a: Ting-Lu|1/100\n|move|p2a: Ting-Lu|Earthquake|p1a: Gholdengo\n|-supereffective|p1a: Gholdengo\n|-damage|p1a: Gholdengo|0 fnt\n|faint|p1a: Gholdengo\n|\n|-heal|p2a: Ting-Lu|7/100|[from] item: Leftovers\n|upkeep\n|\n|t:|1783817253\n|switch|p1a: Great Tusk|Great Tusk|100/100\n|-damage|p1a: Great Tusk|84/100|[from] Spikes\n|-enditem|p1a: Great Tusk|Booster Energy\n|-activate|p1a: Great Tusk|ability: Protosynthesis|[fromitem]\n|-start|p1a: Great Tusk|protosynthesisatk\n|turn|6\n|\n|t:|1783817266\n|switch|p2a: Gholdengo|Gholdengo|100/100\n|move|p1a: Great Tusk|Ice Spinner|p2a: Gholdengo\n|-resisted|p2a: Gholdengo\n|-damage|p2a: Gholdengo|81/100\n|\n|-heal|p2a: Gholdengo|88/100|[from] item: Leftovers\n|upkeep\n|turn|7\n|\n|t:|1783817272\n|move|p1a: Great Tusk|Headlong Rush|p2a: Gholdengo\n|-supereffective|p2a: Gholdengo\n|-damage|p2a: Gholdengo|0 fnt\n|-unboost|p1a: Great Tusk|def|1\n|-unboost|p1a: Great Tusk|spd|1\n|faint|p2a: Gholdengo\n|\n|upkeep\n|\n|t:|1783817292\n|switch|p2a: Clawitzer|Clawitzer, F|100/100\n|turn|8\n|\n|t:|1783817300\n|-end|p1a: Great Tusk|Protosynthesis|[silent]\n|switch|p1a: Pecharunt|Pecharunt|100/100\n|move|p2a: Clawitzer|Water Pulse|p1a: Pecharunt\n|-damage|p1a: Pecharunt|40/100\n|-damage|p2a: Clawitzer|91/100|[from] item: Life Orb\n|\n|upkeep\n|turn|9\n|\n|t:|1783817316\n|move|p1a: Pecharunt|Recover|p1a: Pecharunt\n|-heal|p1a: Pecharunt|90/100\n|move|p2a: Clawitzer|Water Pulse|p1a: Pecharunt\n|-damage|p1a: Pecharunt|29/100\n|-damage|p2a: Clawitzer|81/100|[from] item: Life Orb\n|\n|upkeep\n|turn|10\n|\n|t:|1783817326\n|move|p1a: Pecharunt|Recover|p1a: Pecharunt\n|-heal|p1a: Pecharunt|79/100\n|move|p2a: Clawitzer|Water Pulse|p1a: Pecharunt\n|-damage|p1a: Pecharunt|19/100\n|-damage|p2a: Clawitzer|71/100|[from] item: Life Orb\n|\n|upkeep\n|turn|11\n|\n|t:|1783817332\n|move|p1a: Pecharunt|Recover|p1a: Pecharunt\n|-heal|p1a: Pecharunt|69/100\n|move|p2a: Clawitzer|Dark Pulse|p1a: Pecharunt\n|-supereffective|p1a: Pecharunt\n|-damage|p1a: Pecharunt|0 fnt\n|faint|p1a: Pecharunt\n|-damage|p2a: Clawitzer|61/100|[from] item: Life Orb\n|\n|upkeep\n|\n|t:|1783817346\n|switch|p1a: Ting-Lu|Ting-Lu|100/100\n|-damage|p1a: Ting-Lu|84/100|[from] Spikes\n|-ability|p1a: Ting-Lu|Vessel of Ruin\n|turn|12\n|\n|t:|1783817356\n|-terastallize|p1a: Ting-Lu|Water\n|move|p2a: Clawitzer|Water Pulse|p1a: Ting-Lu\n|-resisted|p1a: Ting-Lu\n|-damage|p1a: Ting-Lu|71/100\n|-damage|p2a: Clawitzer|51/100|[from] item: Life Orb\n|move|p1a: Ting-Lu|Stealth Rock|p2a: Clawitzer\n|-sidestart|p2: gigasharkellie|move: Stealth Rock\n|\n|-heal|p1a: Ting-Lu|77/100|[from] item: Leftovers\n|upkeep\n|turn|13\n|\n|t:|1783817377\n|move|p2a: Clawitzer|Dragon Pulse|p1a: Ting-Lu\n|-damage|p1a: Ting-Lu|52/100\n|-damage|p2a: Clawitzer|41/100|[from] item: Life Orb\n|move|p1a: Ting-Lu|Ruination|p2a: Clawitzer\n|-damage|p2a: Clawitzer|21/100\n|\n|-heal|p1a: Ting-Lu|59/100|[from] item: Leftovers\n|upkeep\n|turn|14\n|\n|t:|1783817385\n|move|p2a: Clawitzer|Dark Pulse|p1a: Ting-Lu\n|-damage|p1a: Ting-Lu|33/100\n|-damage|p2a: Clawitzer|11/100|[from] item: Life Orb\n|move|p1a: Ting-Lu|Earthquake|p2a: Clawitzer\n|-damage|p2a: Clawitzer|0 fnt\n|faint|p2a: Clawitzer\n|\n|-heal|p1a: Ting-Lu|39/100|[from] item: Leftovers\n|upkeep\n|\n|t:|1783817393\n|switch|p2a: Cyclizar|Cyclizar, F|100/100\n|turn|15\n|\n|t:|1783817405\n|move|p2a: Cyclizar|Rapid Spin|p1a: Ting-Lu\n|-damage|p1a: Ting-Lu|29/100\n|-boost|p2a: Cyclizar|spe|1\n|-sideend|p2: gigasharkellie|Stealth Rock|[from] move: Rapid Spin|[of] p2a: Cyclizar\n|move|p1a: Ting-Lu|Ruination|p2a: Cyclizar\n|-damage|p2a: Cyclizar|50/100\n|\n|-heal|p1a: Ting-Lu|35/100|[from] item: Leftovers\n|upkeep\n|turn|16\n|\n|t:|1783817413\n|move|p2a: Cyclizar|Body Slam|p1a: Ting-Lu\n|-damage|p1a: Ting-Lu|17/100\n|move|p1a: Ting-Lu|Ruination|p2a: Cyclizar\n|-damage|p2a: Cyclizar|26/100\n|\n|-heal|p1a: Ting-Lu|23/100|[from] item: Leftovers\n|upkeep\n|turn|17\n|\n|t:|1783817424\n|move|p2a: Cyclizar|Body Slam|p1a: Ting-Lu\n|-damage|p1a: Ting-Lu|2/100\n|move|p1a: Ting-Lu|Earthquake|p2a: Cyclizar\n|-damage|p2a: Cyclizar|0 fnt\n|faint|p2a: Cyclizar\n|\n|-heal|p1a: Ting-Lu|8/100|[from] item: Leftovers\n|upkeep\n|\n|t:|1783817436\n|switch|p2a: Clefable|Clefable, F|100/100\n|turn|18\n|\n|t:|1783817444\n|move|p2a: Clefable|Moonblast|p1a: Ting-Lu\n|-damage|p1a: Ting-Lu|0 fnt\n|faint|p1a: Ting-Lu\n|\n|upkeep\n|\n|t:|1783817450\n|switch|p1a: Gliscor|Gliscor, M|100/100 tox\n|turn|19\n|\n|t:|1783817459\n|switch|p2a: Dragonite|Dragonite, F|100/100\n|move|p1a: Gliscor|Swords Dance|p1a: Gliscor\n|-boost|p1a: Gliscor|atk|2\n|\n|upkeep\n|turn|20\n|\n|t:|1783817464\n|move|p2a: Dragonite|Ice Spinner|p1a: Gliscor\n|-supereffective|p1a: Gliscor\n|-damage|p1a: Gliscor|0 fnt\n|faint|p1a: Gliscor\n|\n|upkeep\n|\n|t:|1783817468\n|switch|p1a: Great Tusk|Great Tusk|84/100\n|-damage|p1a: Great Tusk|68/100|[from] Spikes\n|turn|21\n|\n|t:|1783817475\n|switch|p2a: Ting-Lu|Ting-Lu|7/100\n|-ability|p2a: Ting-Lu|Vessel of Ruin\n|move|p1a: Great Tusk|Rapid Spin|p2a: Ting-Lu\n|-damage|p2a: Ting-Lu|0 fnt\n|-boost|p1a: Great Tusk|spe|1\n|-sideend|p1: Issei11|Spikes|[from] move: Rapid Spin|[of] p1a: Great Tusk\n|faint|p2a: Ting-Lu\n|\n|upkeep\n|\n|t:|1783817482\n|switch|p2a: Clefable|Clefable, F|100/100\n|turn|22\n|\n|t:|1783817487\n|move|p1a: Great Tusk|Headlong Rush|p2a: Clefable\n|-damage|p2a: Clefable|54/100\n|-unboost|p1a: Great Tusk|def|1\n|-unboost|p1a: Great Tusk|spd|1\n|move|p2a: Clefable|Moonblast|p1a: Great Tusk\n|-supereffective|p1a: Great Tusk\n|-damage|p1a: Great Tusk|0 fnt\n|faint|p1a: Great Tusk\n|-end|p1a: Great Tusk|Protosynthesis|[silent]\n|\n|-heal|p2a: Clefable|60/100|[from] item: Leftovers\n|upkeep\n|\n|t:|1783817493\n|switch|p1a: Darkrai|Darkrai|100/100\n|turn|23\n|\n|t:|1783817499\n|move|p1a: Darkrai|Nasty Plot|p1a: Darkrai\n|-boost|p1a: Darkrai|spa|2\n|move|p2a: Clefable|Moonblast|p1a: Darkrai\n|-supereffective|p1a: Darkrai\n|-damage|p1a: Darkrai|21/100\n|-unboost|p1a: Darkrai|spa|1\n|\n|-heal|p1a: Darkrai|28/100|[from] item: Leftovers\n|-heal|p2a: Clefable|66/100|[from] item: Leftovers\n|upkeep\n|turn|24\n|\n|t:|1783817505\n|move|p1a: Darkrai|Ice Beam|p2a: Clefable\n|-damage|p2a: Clefable|18/100\n|move|p2a: Clefable|Moonblast|p1a: Darkrai\n|-supereffective|p1a: Darkrai\n|-damage|p1a: Darkrai|0 fnt\n|faint|p1a: Darkrai\n|\n|win|gigasharkellie\n|raw|Issei11's rating: 1299 &rarr; <strong>1268</strong><br />(-31 for losing)\n|raw|gigasharkellie's rating: 1210 &rarr; <strong>1241</strong><br />(+31 for winning)\n|l|☆gigasharkellie\n|player|p2|\n|l|☆Issei11\n|player|p1|\n", "uploadtime": 1783817854, "views": 13, "formatid": "gen9ou", "rating": 1241, "private": 0, "password": null}