{"id": "gen9ou-2639298531", "format": "[Gen 9] OU", "players": ["tboc13", "LowEL0God"], "log": "|j|☆tboc13\n|j|☆LowEL0God\n|t:|1782448326\n|gametype|singles\n|player|p1|tboc13|dawn|1593\n|player|p2|LowEL0God|2|1613\n|gen|9\n|tier|[Gen 9] OU\n|rated|\n|rule|HP Percentage Mod: HP is shown in percentages\n|rule|Endless Battle Clause: Forcing endless battles is banned\n|rule|Species Clause: Limit one of each Pokémon\n|rule|OHKO Clause: OHKO moves are banned\n|rule|Evasion Items Clause: Evasion items are banned\n|rule|Evasion Moves Clause: Evasion moves are banned\n|rule|Evasion Abilities Clause: Evasion abilities are banned\n|rule|Sleep Moves Clause: Sleep-inducing moves are banned\n|clearpoke\n|poke|p1|Blaziken, F|\n|poke|p1|Dragapult, F|\n|poke|p1|Samurott-Hisui, F|\n|poke|p1|Iron Treads|\n|poke|p1|Moltres|\n|poke|p1|Clefable, F|\n|poke|p2|Pelipper, M|\n|poke|p2|Torkoal, M|\n|poke|p2|Walking Wake|\n|poke|p2|Tyranitar, M|\n|poke|p2|Excadrill, M|\n|poke|p2|Ogerpon-Wellspring, F|\n|teampreview\n|inactive|Battle timer is ON: inactive players will automatically lose when time's up. (requested by tboc13)\n|inactive|LowEL0God also wants the timer to be on.\n|inactive|tboc13 has 120 seconds left.\n|\n|t:|1782448370\n|teamsize|p1|6\n|teamsize|p2|6\n|start\n|switch|p1a: Clefable|Clefable, F|100/100\n|switch|p2a: Hurricane Spam|Pelipper, M, shiny|100/100\n|-weather|RainDance|[from] ability: Drizzle|[of] p2a: Hurricane Spam\n|turn|1\n|\n|t:|1782448372\n|move|p2a: Hurricane Spam|Hurricane|p1a: Clefable\n|-damage|p1a: Clefable|50/100\n|move|p1a: Clefable|Stealth Rock|p2a: Hurricane Spam\n|-sidestart|p2: LowEL0God|move: Stealth Rock\n|\n|-weather|RainDance|[upkeep]\n|-heal|p1a: Clefable|56/100|[from] item: Leftovers\n|upkeep\n|turn|2\n|\n|t:|1782448376\n|move|p1a: Clefable|Protect|p1a: Clefable\n|-singleturn|p1a: Clefable|Protect\n|move|p2a: Hurricane Spam|Hurricane|p1a: Clefable\n|-activate|p1a: Clefable|move: Protect\n|\n|-weather|RainDance|[upkeep]\n|-heal|p1a: Clefable|62/100|[from] item: Leftovers\n|upkeep\n|turn|3\n|\n|t:|1782448382\n|switch|p1a: Iron Treads|Iron Treads|100/100\n|move|p2a: Hurricane Spam|Hurricane|p1a: Iron Treads\n|-resisted|p1a: Iron Treads\n|-damage|p1a: Iron Treads|50/100\n|-start|p1a: Iron Treads|confusion\n|\n|-weather|RainDance|[upkeep]\n|upkeep\n|turn|4\n|\n|t:|1782448384\n|-activate|p1a: Iron Treads|confusion\n|move|p1a: Iron Treads|Knock Off|p2a: Hurricane Spam\n|-damage|p2a: Hurricane Spam|71/100\n|-enditem|p2a: Hurricane Spam|Choice Specs|[from] move: Knock Off|[of] p1a: Iron Treads\n|move|p2a: Hurricane Spam|Hurricane|p1a: Iron Treads\n|-resisted|p1a: Iron Treads\n|-damage|p1a: Iron Treads|13/100\n|\n|-weather|RainDance|[upkeep]\n|upkeep\n|turn|5\n|\n|t:|1782448389\n|-end|p1a: Iron Treads|Quark Drive|[silent]\n|switch|p1a: Clefable|Clefable, F|62/100\n|move|p2a: Hurricane Spam|Weather Ball|p1a: Clefable\n|-damage|p1a: Clefable|20/100\n|\n|-weather|none\n|-heal|p1a: Clefable|26/100|[from] item: Leftovers\n|upkeep\n|turn|6\n|\n|t:|1782448396\n|move|p1a: Clefable|Protect|p1a: Clefable\n|-singleturn|p1a: Clefable|Protect\n|move|p2a: Hurricane Spam|Hurricane|p1a: Clefable\n|-activate|p1a: Clefable|move: Protect\n|\n|-heal|p1a: Clefable|32/100|[from] item: Leftovers\n|upkeep\n|turn|7\n|\n|t:|1782448398\n|move|p2a: Hurricane Spam|Hurricane|p1a: Clefable\n|-damage|p1a: Clefable|0 fnt\n|faint|p1a: Clefable\n|\n|upkeep\n|\n|t:|1782448408\n|switch|p1a: Samurott|Samurott-Hisui, F|100/100\n|turn|8\n|\n|t:|1782448409\n|move|p1a: Samurott|Aqua Cutter|p2a: Hurricane Spam\n|-resisted|p2a: Hurricane Spam\n|-crit|p2a: Hurricane Spam\n|-damage|p2a: Hurricane Spam|38/100\n|move|p2a: Hurricane Spam|Hurricane|p1a: Samurott|[miss]\n|-miss|p2a: Hurricane Spam|p1a: Samurott\n|\n|upkeep\n|turn|9\n|\n|t:|1782448414\n|move|p1a: Samurott|Aqua Cutter|p2a: Hurricane Spam\n|-resisted|p2a: Hurricane Spam\n|-damage|p2a: Hurricane Spam|14/100\n|move|p2a: Hurricane Spam|Hurricane|p1a: Samurott\n|-damage|p1a: Samurott|25/100\n|-start|p1a: Samurott|confusion\n|\n|upkeep\n|turn|10\n|\n|t:|1782448415\n|-activate|p1a: Samurott|confusion\n|move|p1a: Samurott|Aqua Cutter|p2a: Hurricane Spam\n|-resisted|p2a: Hurricane Spam\n|-damage|p2a: Hurricane Spam|0 fnt\n|faint|p2a: Hurricane Spam\n|\n|upkeep\n|\n|t:|1782448416\n|switch|p2a: Walking Wake|Walking Wake|100/100\n|-damage|p2a: Walking Wake|88/100|[from] Stealth Rock\n|turn|11\n|\n|t:|1782448420\n|switch|p1a: Iron Treads|Iron Treads|13/100\n|move|p2a: Walking Wake|Dragon Pulse|p1a: Iron Treads\n|-resisted|p1a: Iron Treads\n|-damage|p1a: Iron Treads|0 fnt\n|faint|p1a: Iron Treads\n|-end|p1a: Iron Treads|Quark Drive|[silent]\n|\n|upkeep\n|\n|t:|1782448426\n|switch|p1a: Samurott|Samurott-Hisui, F|25/100\n|turn|12\n|\n|t:|1782448426\n|move|p1a: Samurott|Ceaseless Edge|p2a: Walking Wake\n|-damage|p2a: Walking Wake|40/100\n|-sidestart|p2: LowEL0God|Spikes\n|move|p2a: Walking Wake|Dragon Pulse|p1a: Samurott\n|-damage|p1a: Samurott|0 fnt\n|faint|p1a: Samurott\n|\n|upkeep\n|\n|t:|1782448430\n|switch|p1a: Dragapult|Dragapult, F|100/100\n|turn|13\n|\n|t:|1782448433\n|-end|p2a: Walking Wake|Protosynthesis|[silent]\n|switch|p2a: No Lando Plz|Tyranitar, M, shiny|100/100\n|-weather|Sandstorm|[from] ability: Sand Stream|[of] p2a: No Lando Plz\n|move|p1a: Dragapult|Draco Meteor|p2a: No Lando Plz\n|-damage|p2a: No Lando Plz|83/100\n|-unboost|p1a: Dragapult|spa|2\n|\n|-weather|Sandstorm|[upkeep]\n|-damage|p1a: Dragapult|94/100|[from] Sandstorm\n|upkeep\n|turn|14\n|\n|t:|1782448435\n|move|p1a: Dragapult|U-turn|p2a: No Lando Plz\n|-supereffective|p2a: No Lando Plz\n|-crit|p2a: No Lando Plz\n|-damage|p2a: No Lando Plz|43/100\n|\n|t:|1782448436\n|switch|p1a: Blaziken|Blaziken, F|100/100|[from] U-turn\n|move|p2a: No Lando Plz|Stone Edge|p1a: Blaziken\n|-damage|p1a: Blaziken|30/100\n|\n|-weather|Sandstorm|[upkeep]\n|-damage|p1a: Blaziken|24/100|[from] Sandstorm\n|upkeep\n|turn|15\n|\n|t:|1782448438\n|move|p1a: Blaziken|Close Combat|p2a: No Lando Plz\n|-supereffective|p2a: No Lando Plz\n|-damage|p2a: No Lando Plz|0 fnt\n|-unboost|p1a: Blaziken|def|1\n|-unboost|p1a: Blaziken|spd|1\n|faint|p2a: No Lando Plz\n|\n|-weather|Sandstorm|[upkeep]\n|-damage|p1a: Blaziken|18/100|[from] Sandstorm\n|-ability|p1a: Blaziken|Speed Boost|boost\n|-boost|p1a: Blaziken|spe|1\n|upkeep\n|\n|t:|1782448439\n|switch|p2a: No Hazards for You|Excadrill, M, shiny|100/100\n|-damage|p2a: No Hazards for You|97/100|[from] Stealth Rock\n|-damage|p2a: No Hazards for You|85/100|[from] Spikes\n|turn|16\n|\n|t:|1782448443\n|switch|p1a: Dragapult|Dragapult, F|94/100\n|move|p2a: No Hazards for You|Rock Slide|p1a: Dragapult\n|-damage|p1a: Dragapult|49/100\n|\n|-weather|Sandstorm|[upkeep]\n|-damage|p1a: Dragapult|43/100|[from] Sandstorm\n|upkeep\n|turn|17\n|\n|t:|1782448449\n|switch|p1a: Moltres|Moltres|100/100\n|move|p2a: No Hazards for You|Rock Slide|p1a: Moltres\n|-supereffective|p1a: Moltres\n|-damage|p1a: Moltres|0 fnt\n|faint|p1a: Moltres\n|\n|-weather|none\n|upkeep\n|\n|t:|1782448451\n|switch|p1a: Dragapult|Dragapult, F|43/100\n|turn|18\n|\n|t:|1782448452\n|move|p1a: Dragapult|Will-O-Wisp|p2a: No Hazards for You|[miss]\n|-miss|p1a: Dragapult|p2a: No Hazards for You\n|move|p2a: No Hazards for You|Rock Slide|p1a: Dragapult\n|-damage|p1a: Dragapult|0 fnt\n|faint|p1a: Dragapult\n|\n|upkeep\n|-message|tboc13 forfeited.\n|\n|win|LowEL0God\n|raw|tboc13's rating: 1593 &rarr; <strong>1574</strong><br />(-19 for losing)\n|raw|LowEL0God's rating: 1613 &rarr; <strong>1632</strong><br />(+19 for winning)\n|l|☆tboc13\n|player|p1|\n|l|☆LowEL0God\n|player|p2|\n", "uploadtime": 1782448701, "views": 11, "formatid": "gen9ou", "rating": 1574, "private": 0, "password": null}