{"id": "gen9ou-2639230410", "format": "[Gen 9] OU", "players": ["cataclyismo", "sparklefabulous"], "log": "|j|☆cataclyismo\n|j|☆sparklefabulous\n|t:|1782437577\n|gametype|singles\n|player|p1|cataclyismo|265|\n|player|p2|sparklefabulous|marnie|\n|gen|9\n|tier|[Gen 9] OU\n|rule|HP Percentage Mod: HP is shown in percentages\n|rule|Endless Battle Clause: Forcing endless battles is banned\n|rule|Species Clause: Limit one of each Pokémon\n|rule|OHKO Clause: OHKO moves are banned\n|rule|Evasion Items Clause: Evasion items are banned\n|rule|Evasion Moves Clause: Evasion moves are banned\n|rule|Evasion Abilities Clause: Evasion abilities are banned\n|rule|Sleep Moves Clause: Sleep-inducing moves are banned\n|clearpoke\n|poke|p1|Hoopa-Unbound|\n|poke|p1|Pecharunt|\n|poke|p1|Cinderace, F|\n|poke|p1|Ogerpon-Wellspring, F|\n|poke|p1|Landorus-Therian, M|\n|poke|p1|Kingambit, M|\n|poke|p2|Gholdengo|\n|poke|p2|Iron Treads|\n|poke|p2|Moltres|\n|poke|p2|Zamazenta-*|\n|poke|p2|Samurott-Hisui, F|\n|poke|p2|Garganacl, F|\n|teampreview\n|c|☆cataclyismo|glhf\n|c|☆sparklefabulous|u2 :)\n|\n|t:|1782437620\n|teamsize|p1|6\n|teamsize|p2|6\n|start\n|switch|p1a: Cinderace|Cinderace, F|100/100\n|switch|p2a: Gholdengo|Gholdengo|100/100\n|-item|p2a: Gholdengo|Air Balloon\n|turn|1\n|\n|t:|1782437637\n|switch|p2a: Garganacl|Garganacl, F|100/100\n|move|p1a: Cinderace|U-turn|p2a: Garganacl\n|-damage|p2a: Garganacl|88/100\n|\n|t:|1782437649\n|switch|p1a: Ogerpon|Ogerpon-Wellspring, F|100/100|[from] U-turn\n|\n|-heal|p2a: Garganacl|94/100|[from] item: Leftovers\n|upkeep\n|turn|2\n|\n|t:|1782437681\n|move|p1a: Ogerpon|Ivy Cudgel|p2a: Garganacl|[anim] Ivy Cudgel Water\n|-supereffective|p2a: Garganacl\n|-damage|p2a: Garganacl|17/100\n|move|p2a: Garganacl|Curse|p2a: Garganacl\n|-unboost|p2a: Garganacl|spe|1\n|-boost|p2a: Garganacl|atk|1\n|-boost|p2a: Garganacl|def|1\n|\n|-heal|p2a: Garganacl|23/100|[from] item: Leftovers\n|upkeep\n|turn|3\n|\n|t:|1782437692\n|-terastallize|p2a: Garganacl|Water\n|move|p1a: Ogerpon|Ivy Cudgel|p2a: Garganacl|[anim] Ivy Cudgel Water\n|-resisted|p2a: Garganacl\n|-damage|p2a: Garganacl|9/100\n|move|p2a: Garganacl|Recover|p2a: Garganacl\n|-heal|p2a: Garganacl|59/100\n|\n|-heal|p2a: Garganacl|65/100|[from] item: Leftovers\n|upkeep\n|turn|4\n|\n|t:|1782437710\n|move|p1a: Ogerpon|U-turn|p2a: Garganacl\n|-damage|p2a: Garganacl|51/100\n|\n|t:|1782437712\n|switch|p1a: Hoopa|Hoopa-Unbound|100/100|[from] U-turn\n|move|p2a: Garganacl|Salt Cure|p1a: Hoopa\n|-crit|p1a: Hoopa\n|-damage|p1a: Hoopa|58/100\n|-start|p1a: Hoopa|Salt Cure\n|\n|-heal|p2a: Garganacl|57/100|[from] item: Leftovers\n|-damage|p1a: Hoopa|45/100|[from] Salt Cure\n|upkeep\n|turn|5\n|\n|t:|1782437721\n|move|p1a: Hoopa|Thunderbolt|p2a: Garganacl\n|-supereffective|p2a: Garganacl\n|-damage|p2a: Garganacl|10/100\n|move|p2a: Garganacl|Recover|p2a: Garganacl\n|-heal|p2a: Garganacl|60/100\n|\n|-heal|p2a: Garganacl|66/100|[from] item: Leftovers\n|-damage|p1a: Hoopa|33/100|[from] Salt Cure\n|upkeep\n|turn|6\n|\n|t:|1782437732\n|switch|p1a: Kingambit|Kingambit, M|100/100\n|switch|p2a: Iron Treads|Iron Treads|100/100\n|\n|upkeep\n|turn|7\n|\n|t:|1782437741\n|-end|p1a: Kingambit|fallenundefined|[silent]\n|switch|p1a: Landorus|Landorus-Therian, M|100/100\n|-ability|p1a: Landorus|Intimidate|boost\n|-fail|p2a: Iron Treads|unboost|[from] item: Clear Amulet|[of] p2a: Iron Treads\n|move|p2a: Iron Treads|Stealth Rock|p1a: Landorus\n|-sidestart|p1: cataclyismo|move: Stealth Rock\n|\n|upkeep\n|turn|8\n|\n|t:|1782437748\n|move|p1a: Landorus|Earthquake|p2a: Iron Treads\n|-supereffective|p2a: Iron Treads\n|-damage|p2a: Iron Treads|5/100\n|move|p2a: Iron Treads|Knock Off|p1a: Landorus\n|-damage|p1a: Landorus|71/100\n|-enditem|p1a: Landorus|Choice Scarf|[from] move: Knock Off|[of] p2a: Iron Treads\n|\n|upkeep\n|turn|9\n|\n|t:|1782437760\n|move|p2a: Iron Treads|Knock Off|p1a: Landorus\n|-damage|p1a: Landorus|48/100\n|move|p1a: Landorus|U-turn|p2a: Iron Treads\n|-resisted|p2a: Iron Treads\n|-damage|p2a: Iron Treads|0 fnt\n|faint|p2a: Iron Treads\n|-end|p2a: Iron Treads|Quark Drive|[silent]\n|\n|t:|1782437764\n|switch|p1a: Cinderace|Cinderace, F|100/100|[from] U-turn\n|\n|upkeep\n|\n|t:|1782437769\n|switch|p2a: Samurott|Samurott-Hisui, F|100/100\n|turn|10\n|\n|t:|1782437776\n|move|p2a: Samurott|Razor Shell|p1a: Cinderace\n|-supereffective|p1a: Cinderace\n|-damage|p1a: Cinderace|0 fnt\n|faint|p1a: Cinderace\n|\n|upkeep\n|\n|t:|1782437779\n|switch|p1a: Ogerpon|Ogerpon-Wellspring, F|100/100\n|-damage|p1a: Ogerpon|88/100|[from] Stealth Rock\n|turn|11\n|\n|t:|1782437793\n|switch|p2a: Garganacl|Garganacl, F, tera:Water|66/100\n|move|p1a: Ogerpon|U-turn|p2a: Garganacl\n|-damage|p2a: Garganacl|47/100\n|\n|t:|1782437801\n|switch|p1a: Hoopa|Hoopa-Unbound|33/100|[from] U-turn\n|-damage|p1a: Hoopa|20/100|[from] Stealth Rock\n|\n|-heal|p2a: Garganacl|53/100|[from] item: Leftovers\n|upkeep\n|turn|12\n|\n|t:|1782437811\n|move|p1a: Hoopa|Thunderbolt|p2a: Garganacl\n|-supereffective|p2a: Garganacl\n|-damage|p2a: Garganacl|6/100\n|move|p2a: Garganacl|Ice Punch|p1a: Hoopa\n|-damage|p1a: Hoopa|0 fnt\n|faint|p1a: Hoopa\n|\n|-heal|p2a: Garganacl|12/100|[from] item: Leftovers\n|upkeep\n|\n|t:|1782437826\n|switch|p1a: Ogerpon|Ogerpon-Wellspring, F|88/100\n|-damage|p1a: Ogerpon|76/100|[from] Stealth Rock\n|turn|13\n|\n|t:|1782437831\n|move|p1a: Ogerpon|Ivy Cudgel|p2a: Garganacl|[anim] Ivy Cudgel Water\n|-resisted|p2a: Garganacl\n|-crit|p2a: Garganacl\n|-damage|p2a: Garganacl|0 fnt\n|faint|p2a: Garganacl\n|\n|upkeep\n|\n|t:|1782437837\n|switch|p2a: Samurott|Samurott-Hisui, F|100/100\n|turn|14\n|\n|t:|1782437844\n|move|p2a: Samurott|Ceaseless Edge|p1a: Ogerpon\n|-damage|p1a: Ogerpon|16/100\n|-sidestart|p1: cataclyismo|Spikes\n|move|p1a: Ogerpon|Synthesis|p1a: Ogerpon\n|-heal|p1a: Ogerpon|66/100\n|\n|upkeep\n|turn|15\n|\n|t:|1782437849\n|move|p2a: Samurott|Ceaseless Edge|p1a: Ogerpon\n|-damage|p1a: Ogerpon|6/100\n|-sidestart|p1: cataclyismo|Spikes\n|move|p1a: Ogerpon|U-turn|p2a: Samurott\n|-supereffective|p2a: Samurott\n|-damage|p2a: Samurott|34/100\n|\n|t:|1782437855\n|switch|p1a: Kingambit|Kingambit, M|100/100|[from] U-turn\n|-damage|p1a: Kingambit|94/100|[from] Stealth Rock\n|-damage|p1a: Kingambit|78/100|[from] Spikes\n|-activate|p1a: Kingambit|ability: Supreme Overlord\n|-start|p1a: Kingambit|fallen2|[silent]\n|\n|-heal|p1a: Kingambit|84/100|[from] item: Leftovers\n|upkeep\n|turn|16\n|\n|t:|1782437866\n|switch|p2a: Zamazenta|Zamazenta|100/100\n|-ability|p2a: Zamazenta|Dauntless Shield|boost\n|-boost|p2a: Zamazenta|def|1\n|move|p1a: Kingambit|Swords Dance|p1a: Kingambit\n|-boost|p1a: Kingambit|atk|2\n|\n|-heal|p1a: Kingambit|90/100|[from] item: Leftovers\n|upkeep\n|turn|17\n|\n|t:|1782437875\n|-terastallize|p1a: Kingambit|Fairy\n|move|p2a: Zamazenta|Close Combat|p1a: Kingambit\n|-resisted|p1a: Kingambit\n|-damage|p1a: Kingambit|68/100\n|-unboost|p2a: Zamazenta|def|1\n|-unboost|p2a: Zamazenta|spd|1\n|move|p1a: Kingambit|Low Kick|p2a: Zamazenta\n|-damage|p2a: Zamazenta|0 fnt\n|faint|p2a: Zamazenta\n|\n|-heal|p1a: Kingambit|74/100|[from] item: Leftovers\n|upkeep\n|\n|t:|1782437886\n|switch|p2a: Gholdengo|Gholdengo|100/100\n|-item|p2a: Gholdengo|Air Balloon\n|turn|18\n|\n|t:|1782437893\n|move|p1a: Kingambit|Sucker Punch|p2a: Gholdengo\n|-supereffective|p2a: Gholdengo\n|-damage|p2a: Gholdengo|0 fnt\n|-enditem|p2a: Gholdengo|Air Balloon\n|faint|p2a: Gholdengo\n|\n|-heal|p1a: Kingambit|80/100|[from] item: Leftovers\n|upkeep\n|\n|t:|1782437903\n|switch|p2a: Samurott|Samurott-Hisui, F|34/100\n|turn|19\n|\n|t:|1782437910\n|move|p1a: Kingambit|Sucker Punch|p2a: Samurott\n|-resisted|p2a: Samurott\n|-damage|p2a: Samurott|0 fnt\n|faint|p2a: Samurott\n|\n|-heal|p1a: Kingambit|86/100|[from] item: Leftovers\n|upkeep\n|\n|t:|1782437916\n|switch|p2a: Moltres|Moltres|100/100\n|turn|20\n|\n|t:|1782437921\n|move|p1a: Kingambit|Swords Dance|p1a: Kingambit\n|-boost|p1a: Kingambit|atk|2\n|move|p2a: Moltres|Roar|p1a: Kingambit\n|-end|p1a: Kingambit|fallen2|[silent]\n|drag|p1a: Landorus|Landorus-Therian, M|48/100\n|-damage|p1a: Landorus|36/100|[from] Stealth Rock\n|-ability|p1a: Landorus|Intimidate|boost\n|-unboost|p2a: Moltres|atk|1\n|\n|upkeep\n|turn|21\n|\n|t:|1782437929\n|move|p1a: Landorus|Stone Edge|p2a: Moltres\n|-supereffective|p2a: Moltres\n|-damage|p2a: Moltres|0 fnt\n|faint|p2a: Moltres\n|\n|win|cataclyismo\n|c|☆sparklefabulous|gg\n|c|☆cataclyismo|ggs\n", "uploadtime": 1782437935, "views": 9, "formatid": "gen9ou", "rating": null, "private": 0, "password": null}