{"id": "gen9ou-2540704132", "format": "[Gen 9] OU", "players": ["Alemezzagialla", "dimitry5000"], "log": "|j|☆Alemezzagialla\n|j|☆dimitry5000\n|t:|1771243066\n|gametype|singles\n|player|p1|Alemezzagialla|adaman|1620\n|player|p2|dimitry5000|102|1771\n|gen|9\n|tier|[Gen 9] OU\n|rated|\n|rule|HP Percentage Mod: HP is shown in percentages\n|rule|Endless Battle Clause: Forcing endless battles is banned\n|rule|Species Clause: Limit one of each Pokémon\n|rule|OHKO Clause: OHKO moves are banned\n|rule|Evasion Items Clause: Evasion items are banned\n|rule|Evasion Moves Clause: Evasion moves are banned\n|rule|Evasion Abilities Clause: Evasion abilities are banned\n|rule|Sleep Moves Clause: Sleep-inducing moves are banned\n|clearpoke\n|poke|p1|Dragapult, F|\n|poke|p1|Ogerpon-Wellspring, F|\n|poke|p1|Zamazenta-*|\n|poke|p1|Clefable, M|\n|poke|p1|Corviknight, M|\n|poke|p1|Ting-Lu|\n|poke|p2|Alomomola, F|\n|poke|p2|Dondozo, M|\n|poke|p2|Slowking-Galar, M|\n|poke|p2|Gliscor, F|\n|poke|p2|Blissey, F|\n|poke|p2|Corviknight, F|\n|teampreview\n|inactive|Battle timer is ON: inactive players will automatically lose when time's up. (requested by dimitry5000)\n|inactive|Alemezzagialla also wants the timer to be on.\n|j| heatraniac\n|\n|t:|1771243083\n|teamsize|p1|6\n|teamsize|p2|6\n|start\n|switch|p1a: Clefable|Clefable, M|100/100\n|switch|p2a: Gliscor|Gliscor, F|100/100\n|turn|1\n|\n|t:|1771243085\n|move|p2a: Gliscor|Protect|p2a: Gliscor\n|-singleturn|p2a: Gliscor|Protect\n|move|p1a: Clefable|Stealth Rock|p2a: Gliscor\n|-sidestart|p2: dimitry5000|move: Stealth Rock\n|\n|-status|p2a: Gliscor|tox|[from] item: Toxic Orb\n|upkeep\n|turn|2\n|\n|t:|1771243089\n|move|p2a: Gliscor|Stealth Rock|p1a: Clefable\n|-sidestart|p1: Alemezzagialla|move: Stealth Rock\n|move|p1a: Clefable|Moonblast|p2a: Gliscor\n|-crit|p2a: Gliscor\n|-damage|p2a: Gliscor|57/100 tox\n|-unboost|p2a: Gliscor|spa|1\n|\n|-heal|p2a: Gliscor|70/100 tox|[from] ability: Poison Heal\n|upkeep\n|turn|3\n|\n|t:|1771243092\n|move|p2a: Gliscor|Knock Off|p1a: Clefable\n|-resisted|p1a: Clefable\n|-damage|p1a: Clefable|88/100\n|-damage|p2a: Gliscor|53/100 tox|[from] item: Rocky Helmet|[of] p1a: Clefable\n|-enditem|p1a: Clefable|Rocky Helmet|[from] move: Knock Off|[of] p2a: Gliscor\n|move|p1a: Clefable|Moonblast|p2a: Gliscor\n|-damage|p2a: Gliscor|26/100 tox\n|\n|-heal|p2a: Gliscor|38/100 tox|[from] ability: Poison Heal\n|upkeep\n|turn|4\n|\n|t:|1771243095\n|move|p2a: Gliscor|Protect|p2a: Gliscor\n|-singleturn|p2a: Gliscor|Protect\n|move|p1a: Clefable|Moonblast|p2a: Gliscor\n|-activate|p2a: Gliscor|move: Protect\n|\n|-heal|p2a: Gliscor|50/100 tox|[from] ability: Poison Heal\n|upkeep\n|turn|5\n|\n|t:|1771243098\n|switch|p2a: Slowking|Slowking-Galar, M|100/100\n|move|p1a: Clefable|Moonblast|p2a: Slowking\n|-resisted|p2a: Slowking\n|-damage|p2a: Slowking|91/100\n|\n|upkeep\n|turn|6\n|\n|t:|1771243103\n|move|p1a: Clefable|Thunder Wave|p2a: Slowking\n|-status|p2a: Slowking|par\n|move|p2a: Slowking|Sludge Bomb|p1a: Clefable\n|-supereffective|p1a: Clefable\n|-damage|p1a: Clefable|39/100\n|\n|upkeep\n|turn|7\n|\n|t:|1771243110\n|move|p1a: Clefable|Moonlight|p1a: Clefable\n|-heal|p1a: Clefable|89/100\n|cant|p2a: Slowking|par\n|\n|upkeep\n|turn|8\n|\n|t:|1771243114\n|switch|p1a: Corviknight|Corviknight, M|100/100\n|-damage|p1a: Corviknight|88/100|[from] Stealth Rock\n|-ability|p1a: Corviknight|Pressure\n|cant|p2a: Slowking|par\n|\n|upkeep\n|turn|9\n|\n|t:|1771243120\n|move|p1a: Corviknight|U-turn|p2a: Slowking\n|-damage|p2a: Slowking|77/100 par\n|\n|t:|1771243122\n|switch|p1a: Clefable|Clefable, M|89/100|[from] U-turn\n|move|p2a: Slowking|Flamethrower|p1a: Clefable\n|-damage|p1a: Clefable|74/100\n|\n|upkeep\n|turn|10\n|\n|t:|1771243129\n|move|p1a: Clefable|Moonblast|p2a: Slowking\n|-resisted|p2a: Slowking\n|-damage|p2a: Slowking|68/100 par\n|-unboost|p2a: Slowking|spa|1\n|move|p2a: Slowking|Future Sight|p1a: Clefable\n|-start|p2a: Slowking|move: Future Sight\n|\n|upkeep\n|turn|11\n|\n|t:|1771243133\n|switch|p1a: Corviknight|Corviknight, M|88/100\n|-damage|p1a: Corviknight|75/100|[from] Stealth Rock\n|-ability|p1a: Corviknight|Pressure\n|-prepare|p2a: Slowking|Chilly Reception|[premajor]\n|move|p2a: Slowking|Chilly Reception|p2a: Slowking\n|-weather|Snowscape\n|\n|t:|1771243139\n|switch|p2a: Gliscor|Gliscor, F|50/100 tox|[from] Chilly Reception\n|-damage|p2a: Gliscor|38/100 tox|[from] Stealth Rock\n|\n|-weather|Snowscape|[upkeep]\n|-heal|p2a: Gliscor|50/100 tox|[from] ability: Poison Heal\n|upkeep\n|turn|12\n|\n|t:|1771243151\n|move|p2a: Gliscor|Knock Off|p1a: Corviknight\n|-damage|p1a: Corviknight|61/100\n|-damage|p2a: Gliscor|34/100 tox|[from] item: Rocky Helmet|[of] p1a: Corviknight\n|-enditem|p1a: Corviknight|Rocky Helmet|[from] move: Knock Off|[of] p2a: Gliscor\n|move|p1a: Corviknight|Iron Defense|p1a: Corviknight\n|-boost|p1a: Corviknight|def|2\n|\n|-weather|Snowscape|[upkeep]\n|-end|p1a: Corviknight|move: Future Sight\n|-resisted|p1a: Corviknight\n|-damage|p1a: Corviknight|40/100\n|-heal|p2a: Gliscor|46/100 tox|[from] ability: Poison Heal\n|upkeep\n|turn|13\n|\n|t:|1771243159\n|move|p2a: Gliscor|Protect|p2a: Gliscor\n|-singleturn|p2a: Gliscor|Protect\n|move|p1a: Corviknight|Roost|p1a: Corviknight\n|-heal|p1a: Corviknight|90/100\n|-singleturn|p1a: Corviknight|move: Roost\n|\n|-weather|Snowscape|[upkeep]\n|-heal|p2a: Gliscor|59/100 tox|[from] ability: Poison Heal\n|upkeep\n|turn|14\n|\n|t:|1771243161\n|switch|p2a: Slowking|Slowking-Galar, M|100/100 par\n|move|p1a: Corviknight|U-turn|p2a: Slowking\n|-damage|p2a: Slowking|85/100 par\n|\n|t:|1771243169\n|switch|p1a: Dragapult|Dragapult, F|100/100|[from] U-turn\n|-damage|p1a: Dragapult|88/100|[from] Stealth Rock\n|\n|-weather|Snowscape|[upkeep]\n|upkeep\n|turn|15\n|\n|t:|1771243175\n|switch|p2a: Alomomola|Alomomola, F|100/100\n|-damage|p2a: Alomomola|88/100|[from] Stealth Rock\n|move|p1a: Dragapult|U-turn|p2a: Alomomola\n|-damage|p2a: Alomomola|78/100\n|-damage|p1a: Dragapult|72/100|[from] item: Rocky Helmet|[of] p2a: Alomomola\n|\n|t:|1771243179\n|switch|p1a: Ogerpon|Ogerpon-Wellspring, F|100/100|[from] U-turn\n|-damage|p1a: Ogerpon|88/100|[from] Stealth Rock\n|\n|-weather|none\n|upkeep\n|turn|16\n|l| heatraniac\n|\n|t:|1771243185\n|switch|p2a: Corviknight|Corviknight, F|100/100\n|-damage|p2a: Corviknight|88/100|[from] Stealth Rock\n|-ability|p2a: Corviknight|Pressure\n|move|p1a: Ogerpon|Spikes|p2a: Corviknight\n|-sidestart|p2: dimitry5000|Spikes\n|\n|-heal|p2a: Corviknight|94/100|[from] item: Leftovers\n|upkeep\n|turn|17\n|\n|t:|1771243190\n|switch|p1a: Corviknight|Corviknight, M|90/100\n|-damage|p1a: Corviknight|77/100|[from] Stealth Rock\n|-ability|p1a: Corviknight|Pressure\n|move|p2a: Corviknight|Defog|p1a: Corviknight\n|-unboost|p1a: Corviknight|evasion|1\n|-sideend|p1: Alemezzagialla|Stealth Rock|[from] move: Defog|[of] p2a: Corviknight\n|-sideend|p2: dimitry5000|Spikes|[from] move: Defog|[of] p2a: Corviknight\n|-sideend|p2: dimitry5000|Stealth Rock|[from] move: Defog|[of] p2a: Corviknight\n|\n|-heal|p2a: Corviknight|100/100|[from] item: Leftovers\n|upkeep\n|turn|18\n|\n|t:|1771243194\n|switch|p2a: Alomomola|Alomomola, F|100/100\n|move|p1a: Corviknight|U-turn|p2a: Alomomola\n|-damage|p2a: Alomomola|92/100\n|-damage|p1a: Corviknight|61/100|[from] item: Rocky Helmet|[of] p2a: Alomomola\n|\n|t:|1771243196\n|switch|p1a: Ogerpon|Ogerpon-Wellspring, F|88/100|[from] U-turn\n|\n|upkeep\n|turn|19\n|\n|t:|1771243198\n|switch|p2a: Corviknight|Corviknight, F|100/100\n|-ability|p2a: Corviknight|Pressure\n|move|p1a: Ogerpon|Spikes|p2a: Corviknight\n|-sidestart|p2: dimitry5000|Spikes\n|\n|upkeep\n|turn|20\n|\n|t:|1771243204\n|move|p1a: Ogerpon|Ivy Cudgel|p2a: Corviknight|[anim] Ivy Cudgel Water\n|-damage|p2a: Corviknight|64/100\n|move|p2a: Corviknight|Brave Bird|p1a: Ogerpon\n|-supereffective|p1a: Ogerpon\n|-damage|p1a: Ogerpon|0 fnt\n|faint|p1a: Ogerpon\n|-damage|p2a: Corviknight|43/100|[from] Recoil\n|\n|-heal|p2a: Corviknight|49/100|[from] item: Leftovers\n|upkeep\n|\n|t:|1771243209\n|switch|p1a: Dragapult|Dragapult, F|72/100\n|turn|21\n|\n|t:|1771243213\n|switch|p2a: Slowking|Slowking-Galar, M|100/100 par\n|move|p1a: Dragapult|Shadow Ball|p2a: Slowking\n|-supereffective|p2a: Slowking\n|-damage|p2a: Slowking|35/100 par\n|\n|upkeep\n|turn|22\n|\n|t:|1771243219\n|switch|p1a: Ting-Lu|Ting-Lu|100/100\n|-ability|p1a: Ting-Lu|Vessel of Ruin\n|switch|p2a: Blissey|Blissey, F|100/100\n|\n|upkeep\n|turn|23\n|\n|t:|1771243224\n|switch|p2a: Corviknight|Corviknight, F|49/100\n|-ability|p2a: Corviknight|Pressure\n|switch|p1a: Dragapult|Dragapult, F|72/100\n|\n|-heal|p2a: Corviknight|55/100|[from] item: Leftovers\n|upkeep\n|turn|24\n|\n|t:|1771243232\n|switch|p2a: Slowking|Slowking-Galar, M|68/100 par\n|move|p1a: Dragapult|Flamethrower|p2a: Slowking\n|-damage|p2a: Slowking|46/100 par\n|\n|upkeep\n|turn|25\n|\n|t:|1771243236\n|switch|p1a: Ting-Lu|Ting-Lu|100/100\n|-ability|p1a: Ting-Lu|Vessel of Ruin\n|switch|p2a: Alomomola|Alomomola, F|100/100\n|-damage|p2a: Alomomola|88/100|[from] Spikes\n|\n|upkeep\n|turn|26\n|\n|t:|1771243241\n|switch|p1a: Corviknight|Corviknight, M|61/100\n|-ability|p1a: Corviknight|Pressure\n|switch|p2a: Corviknight|Corviknight, F|55/100\n|-ability|p2a: Corviknight|Pressure\n|\n|-heal|p2a: Corviknight|61/100|[from] item: Leftovers\n|upkeep\n|turn|27\n|\n|t:|1771243246\n|switch|p1a: Dragapult|Dragapult, F|72/100\n|switch|p2a: Gliscor|Gliscor, F|59/100 tox\n|\n|-heal|p2a: Gliscor|71/100 tox|[from] ability: Poison Heal\n|upkeep\n|turn|28\n|\n|t:|1771243254\n|switch|p1a: Zamazenta|Zamazenta|100/100\n|-ability|p1a: Zamazenta|Dauntless Shield|boost\n|-boost|p1a: Zamazenta|def|1\n|move|p2a: Gliscor|Protect||[still]\n|-fail|p2a: Gliscor\n|\n|-heal|p2a: Gliscor|84/100 tox|[from] ability: Poison Heal\n|upkeep\n|turn|29\n|\n|t:|1771243256\n|move|p1a: Zamazenta|Ice Fang|p2a: Gliscor\n|-supereffective|p2a: Gliscor\n|-damage|p2a: Gliscor|0 fnt\n|faint|p2a: Gliscor\n|\n|upkeep\n|\n|t:|1771243259\n|switch|p2a: Alomomola|Alomomola, F|100/100\n|-damage|p2a: Alomomola|88/100|[from] Spikes\n|turn|30\n|\n|t:|1771243265\n|switch|p1a: Corviknight|Corviknight, M|61/100\n|-ability|p1a: Corviknight|Pressure\n|move|p2a: Alomomola|Wish|p2a: Alomomola\n|\n|upkeep\n|turn|31\n|\n|t:|1771243269\n|move|p1a: Corviknight|Roost|p1a: Corviknight\n|-heal|p1a: Corviknight|100/100\n|-singleturn|p1a: Corviknight|move: Roost\n|move|p2a: Alomomola|Flip Turn|p1a: Corviknight\n|-damage|p1a: Corviknight|89/100\n|\n|t:|1771243272\n|switch|p2a: Corviknight|Corviknight, F|61/100|[from] Flip Turn\n|-ability|p2a: Corviknight|Pressure\n|\n|-heal|p2a: Corviknight|100/100|[from] move: Wish|[wisher] Alomomola\n|upkeep\n|turn|32\n|\n|t:|1771243277\n|move|p1a: Corviknight|Iron Defense|p1a: Corviknight\n|-boost|p1a: Corviknight|def|2\n|move|p2a: Corviknight|Brave Bird|p1a: Corviknight\n|-resisted|p1a: Corviknight\n|-damage|p1a: Corviknight|82/100\n|-damage|p2a: Corviknight|98/100|[from] Recoil\n|\n|-heal|p2a: Corviknight|100/100|[from] item: Leftovers\n|upkeep\n|turn|33\n|\n|t:|1771243281\n|switch|p2a: Slowking|Slowking-Galar, M|80/100 par\n|move|p1a: Corviknight|Body Press|p2a: Slowking\n|-resisted|p2a: Slowking\n|-damage|p2a: Slowking|67/100 par\n|\n|upkeep\n|turn|34\n|\n|t:|1771243286\n|move|p1a: Corviknight|U-turn|p2a: Slowking\n|-damage|p2a: Slowking|51/100 par\n|\n|t:|1771243288\n|switch|p1a: Clefable|Clefable, M|74/100|[from] U-turn\n|-prepare|p2a: Slowking|Chilly Reception|[premajor]\n|move|p2a: Slowking|Chilly Reception|p2a: Slowking\n|-weather|Snowscape\n|\n|t:|1771243291\n|switch|p2a: Alomomola|Alomomola, F|100/100|[from] Chilly Reception\n|-damage|p2a: Alomomola|88/100|[from] Spikes\n|\n|-weather|Snowscape|[upkeep]\n|upkeep\n|turn|35\n|\n|t:|1771243294\n|switch|p2a: Slowking|Slowking-Galar, M|84/100 par\n|move|p1a: Clefable|Thunder Wave|p2a: Slowking\n|-fail|p2a: Slowking|par\n|\n|-weather|Snowscape|[upkeep]\n|upkeep\n|turn|36\n|\n|t:|1771243297\n|move|p1a: Clefable|Stealth Rock|p2a: Slowking\n|-sidestart|p2: dimitry5000|move: Stealth Rock\n|move|p2a: Slowking|Flamethrower|p1a: Clefable\n|-damage|p1a: Clefable|60/100\n|\n|-weather|Snowscape|[upkeep]\n|upkeep\n|turn|37\n|\n|t:|1771243304\n|switch|p1a: Corviknight|Corviknight, M|82/100\n|-ability|p1a: Corviknight|Pressure\n|cant|p2a: Slowking|par\n|\n|-weather|Snowscape|[upkeep]\n|upkeep\n|turn|38\n|\n|t:|1771243309\n|move|p1a: Corviknight|U-turn|p2a: Slowking\n|-damage|p2a: Slowking|70/100 par\n|\n|t:|1771243312\n|switch|p1a: Ting-Lu|Ting-Lu|100/100|[from] U-turn\n|-ability|p1a: Ting-Lu|Vessel of Ruin\n|move|p2a: Slowking|Sludge Bomb|p1a: Ting-Lu\n|-resisted|p1a: Ting-Lu\n|-damage|p1a: Ting-Lu|96/100\n|\n|-weather|none\n|upkeep\n|turn|39\n|\n|t:|1771243316\n|switch|p2a: Corviknight|Corviknight, F|100/100\n|-damage|p2a: Corviknight|88/100|[from] Stealth Rock\n|-ability|p2a: Corviknight|Pressure\n|move|p1a: Ting-Lu|Ruination|p2a: Corviknight\n|-damage|p2a: Corviknight|44/100\n|\n|-heal|p2a: Corviknight|50/100|[from] item: Leftovers\n|upkeep\n|turn|40\n|j| Tabata tyrogue\n|\n|t:|1771243320\n|switch|p1a: Dragapult|Dragapult, F|72/100\n|move|p2a: Corviknight|Defog|p1a: Dragapult\n|-fail|p1a: Dragapult|unboost|[from] ability: Clear Body|[of] p1a: Dragapult\n|-sideend|p2: dimitry5000|Spikes|[from] move: Defog|[of] p2a: Corviknight\n|-sideend|p2: dimitry5000|Stealth Rock|[from] move: Defog|[of] p2a: Corviknight\n|\n|-heal|p2a: Corviknight|57/100|[from] item: Leftovers\n|upkeep\n|turn|41\n|l| Tabata tyrogue\n|\n|t:|1771243329\n|switch|p2a: Slowking|Slowking-Galar, M|100/100 par\n|move|p1a: Dragapult|U-turn|p2a: Slowking\n|-damage|p2a: Slowking|84/100 par\n|\n|t:|1771243336\n|switch|p1a: Zamazenta|Zamazenta|100/100|[from] U-turn\n|\n|upkeep\n|turn|42\n|\n|t:|1771243339\n|switch|p2a: Alomomola|Alomomola, F|100/100\n|move|p1a: Zamazenta|Crunch|p2a: Alomomola\n|-crit|p2a: Alomomola\n|-damage|p2a: Alomomola|66/100\n|-damage|p1a: Zamazenta|84/100|[from] item: Rocky Helmet|[of] p2a: Alomomola\n|\n|upkeep\n|turn|43\n|\n|t:|1771243344\n|switch|p1a: Corviknight|Corviknight, M|82/100\n|-ability|p1a: Corviknight|Pressure\n|move|p2a: Alomomola|Flip Turn|p1a: Corviknight\n|-damage|p1a: Corviknight|71/100\n|\n|t:|1771243346\n|switch|p2a: Slowking|Slowking-Galar, M|100/100 par|[from] Flip Turn\n|\n|upkeep\n|turn|44\n|\n|t:|1771243352\n|switch|p1a: Ting-Lu|Ting-Lu|96/100\n|-ability|p1a: Ting-Lu|Vessel of Ruin\n|move|p2a: Slowking|Sludge Bomb|p1a: Ting-Lu\n|-resisted|p1a: Ting-Lu\n|-damage|p1a: Ting-Lu|91/100\n|\n|upkeep\n|turn|45\n|\n|t:|1771243355\n|switch|p2a: Corviknight|Corviknight, F|57/100\n|-ability|p2a: Corviknight|Pressure\n|move|p1a: Ting-Lu|Ruination|p2a: Corviknight\n|-damage|p2a: Corviknight|29/100\n|\n|-heal|p2a: Corviknight|35/100|[from] item: Leftovers\n|upkeep\n|turn|46\n|\n|t:|1771243363\n|switch|p2a: Alomomola|Alomomola, F|99/100\n|switch|p1a: Dragapult|Dragapult, F|72/100\n|\n|upkeep\n|turn|47\n|\n|t:|1771243366\n|move|p2a: Alomomola|Protect|p2a: Alomomola\n|-singleturn|p2a: Alomomola|Protect\n|move|p1a: Dragapult|Draco Meteor|p2a: Alomomola\n|-activate|p2a: Alomomola|move: Protect\n|\n|upkeep\n|turn|48\n|\n|t:|1771243372\n|switch|p1a: Zamazenta|Zamazenta|84/100\n|switch|p2a: Slowking|Slowking-Galar, M|100/100 par\n|\n|upkeep\n|turn|49\n|\n|t:|1771243377\n|switch|p2a: Alomomola|Alomomola, F|100/100\n|move|p1a: Zamazenta|Crunch|p2a: Alomomola\n|-damage|p2a: Alomomola|75/100\n|-unboost|p2a: Alomomola|def|1\n|-damage|p1a: Zamazenta|67/100|[from] item: Rocky Helmet|[of] p2a: Alomomola\n|\n|upkeep\n|turn|50\n|\n|t:|1771243385\n|switch|p1a: Corviknight|Corviknight, M|71/100\n|-ability|p1a: Corviknight|Pressure\n|move|p2a: Alomomola|Flip Turn|p1a: Corviknight\n|-damage|p1a: Corviknight|60/100\n|\n|t:|1771243387\n|switch|p2a: Slowking|Slowking-Galar, M|100/100 par|[from] Flip Turn\n|\n|upkeep\n|turn|51\n|\n|t:|1771243390\n|move|p1a: Corviknight|Roost|p1a: Corviknight\n|-heal|p1a: Corviknight|100/100\n|-singleturn|p1a: Corviknight|move: Roost\n|move|p2a: Slowking|Sludge Bomb|p1a: Corviknight\n|-immune|p1a: Corviknight\n|\n|upkeep\n|turn|52\n|\n|t:|1771243396\n|switch|p1a: Clefable|Clefable, M|60/100\n|move|p2a: Slowking|Sludge Bomb|p1a: Clefable\n|-supereffective|p1a: Clefable\n|-damage|p1a: Clefable|17/100\n|\n|upkeep\n|turn|53\n|\n|t:|1771243399\n|move|p1a: Clefable|Moonlight|p1a: Clefable\n|-heal|p1a: Clefable|67/100\n|move|p2a: Slowking|Sludge Bomb|p1a: Clefable\n|-supereffective|p1a: Clefable\n|-damage|p1a: Clefable|24/100\n|\n|upkeep\n|turn|54\n|\n|t:|1771243406\n|move|p1a: Clefable|Moonlight|p1a: Clefable\n|-heal|p1a: Clefable|74/100\n|move|p2a: Slowking|Future Sight|p1a: Clefable\n|-start|p2a: Slowking|move: Future Sight\n|\n|upkeep\n|turn|55\n|\n|t:|1771243411\n|switch|p1a: Ting-Lu|Ting-Lu|91/100\n|-ability|p1a: Ting-Lu|Vessel of Ruin\n|cant|p2a: Slowking|par\n|\n|upkeep\n|turn|56\n|\n|t:|1771243420\n|switch|p2a: Corviknight|Corviknight, F|35/100\n|-ability|p2a: Corviknight|Pressure\n|move|p1a: Ting-Lu|Rock Tomb|p2a: Corviknight\n|-damage|p2a: Corviknight|25/100\n|-unboost|p2a: Corviknight|spe|1\n|\n|-end|p1a: Ting-Lu|move: Future Sight\n|-immune|p1a: Ting-Lu\n|-heal|p2a: Corviknight|31/100|[from] item: Leftovers\n|upkeep\n|turn|57\n|\n|t:|1771243432\n|switch|p2a: Alomomola|Alomomola, F|100/100\n|move|p1a: Ting-Lu|Ruination|p2a: Alomomola\n|-damage|p2a: Alomomola|50/100\n|\n|upkeep\n|turn|58\n|\n|t:|1771243437\n|switch|p1a: Corviknight|Corviknight, M|100/100\n|-ability|p1a: Corviknight|Pressure\n|move|p2a: Alomomola|Wish|p2a: Alomomola\n|\n|upkeep\n|turn|59\n|\n|t:|1771243440\n|move|p1a: Corviknight|U-turn|p2a: Alomomola\n|-damage|p2a: Alomomola|41/100\n|-damage|p1a: Corviknight|84/100|[from] item: Rocky Helmet|[of] p2a: Alomomola\n|\n|t:|1771243443\n|switch|p1a: Clefable|Clefable, M|74/100|[from] U-turn\n|move|p2a: Alomomola|Flip Turn|p1a: Clefable\n|-damage|p1a: Clefable|55/100\n|\n|t:|1771243446\n|switch|p2a: Corviknight|Corviknight, F|31/100|[from] Flip Turn\n|-ability|p2a: Corviknight|Pressure\n|\n|-heal|p2a: Corviknight|90/100|[from] move: Wish|[wisher] Alomomola\n|-heal|p2a: Corviknight|96/100|[from] item: Leftovers\n|upkeep\n|turn|60\n|j| donothan dozo\n|\n|t:|1771243450\n|switch|p2a: Slowking|Slowking-Galar, M|100/100 par\n|move|p1a: Clefable|Thunder Wave|p2a: Slowking\n|-fail|p2a: Slowking|par\n|\n|upkeep\n|turn|61\n|\n|t:|1771243454\n|switch|p2a: Corviknight|Corviknight, F|96/100\n|-ability|p2a: Corviknight|Pressure\n|move|p1a: Clefable|Stealth Rock|p2a: Corviknight\n|-sidestart|p2: dimitry5000|move: Stealth Rock\n|\n|-heal|p2a: Corviknight|100/100|[from] item: Leftovers\n|upkeep\n|turn|62\n|\n|t:|1771243458\n|switch|p2a: Slowking|Slowking-Galar, M|100/100 par\n|move|p1a: Clefable|Moonlight|p1a: Clefable\n|-heal|p1a: Clefable|100/100\n|\n|upkeep\n|turn|63\n|\n|t:|1771243462\n|switch|p1a: Ting-Lu|Ting-Lu|91/100\n|-ability|p1a: Ting-Lu|Vessel of Ruin\n|move|p2a: Slowking|Future Sight|p1a: Ting-Lu\n|-start|p2a: Slowking|move: Future Sight\n|\n|upkeep\n|turn|64\n|\n|t:|1771243467\n|switch|p2a: Alomomola|Alomomola, F|74/100\n|-damage|p2a: Alomomola|62/100|[from] Stealth Rock\n|move|p1a: Ting-Lu|Ruination|p2a: Alomomola\n|-damage|p2a: Alomomola|31/100\n|\n|upkeep\n|turn|65\n|\n|t:|1771243470\n|move|p1a: Ting-Lu|Earthquake|p2a: Alomomola\n|-damage|p2a: Alomomola|8/100\n|move|p2a: Alomomola|Flip Turn|p1a: Ting-Lu\n|-supereffective|p1a: Ting-Lu\n|-damage|p1a: Ting-Lu|73/100\n|\n|t:|1771243477\n|switch|p2a: Corviknight|Corviknight, F|100/100|[from] Flip Turn\n|-damage|p2a: Corviknight|88/100|[from] Stealth Rock\n|-ability|p2a: Corviknight|Pressure\n|\n|-end|p1a: Ting-Lu|move: Future Sight\n|-immune|p1a: Ting-Lu\n|-heal|p2a: Corviknight|94/100|[from] item: Leftovers\n|upkeep\n|turn|66\n|\n|t:|1771243491\n|switch|p2a: Alomomola|Alomomola, F|41/100\n|-damage|p2a: Alomomola|28/100|[from] Stealth Rock\n|move|p1a: Ting-Lu|Earthquake|p2a: Alomomola\n|-damage|p2a: Alomomola|5/100\n|\n|upkeep\n|turn|67\n|\n|t:|1771243498\n|switch|p2a: Corviknight|Corviknight, F|94/100\n|-damage|p2a: Corviknight|82/100|[from] Stealth Rock\n|-ability|p2a: Corviknight|Pressure\n|move|p1a: Ting-Lu|Rock Tomb|p2a: Corviknight\n|-damage|p2a: Corviknight|72/100\n|-unboost|p2a: Corviknight|spe|1\n|\n|-heal|p2a: Corviknight|78/100|[from] item: Leftovers\n|upkeep\n|turn|68\n|\n|t:|1771243501\n|move|p1a: Ting-Lu|Earthquake|p2a: Corviknight\n|-immune|p2a: Corviknight\n|move|p2a: Corviknight|Defog|p1a: Ting-Lu\n|-unboost|p1a: Ting-Lu|evasion|1\n|-sideend|p2: dimitry5000|Stealth Rock|[from] move: Defog|[of] p2a: Corviknight\n|\n|-heal|p2a: Corviknight|85/100|[from] item: Leftovers\n|upkeep\n|turn|69\n|\n|t:|1771243504\n|switch|p2a: Alomomola|Alomomola, F|39/100\n|move|p1a: Ting-Lu|Earthquake|p2a: Alomomola\n|-damage|p2a: Alomomola|17/100\n|\n|upkeep\n|turn|70\n|\n|t:|1771243517\n|switch|p1a: Dragapult|Dragapult, F|72/100\n|switch|p2a: Corviknight|Corviknight, F|85/100\n|-ability|p2a: Corviknight|Pressure\n|\n|-heal|p2a: Corviknight|91/100|[from] item: Leftovers\n|upkeep\n|turn|71\n|\n|t:|1771243527\n|switch|p2a: Slowking|Slowking-Galar, M|100/100 par\n|move|p1a: Dragapult|U-turn|p2a: Slowking\n|-damage|p2a: Slowking|83/100 par\n|j| Tabata tyrogue\n|\n|t:|1771243531\n|switch|p1a: Ting-Lu|Ting-Lu|73/100|[from] U-turn\n|-ability|p1a: Ting-Lu|Vessel of Ruin\n|\n|upkeep\n|turn|72\n|l| Tabata tyrogue\n|\n|t:|1771243537\n|switch|p2a: Alomomola|Alomomola, F|50/100\n|move|p1a: Ting-Lu|Ruination|p2a: Alomomola\n|-damage|p2a: Alomomola|25/100\n|\n|upkeep\n|turn|73\n|\n|t:|1771243542\n|switch|p2a: Corviknight|Corviknight, F|91/100\n|-ability|p2a: Corviknight|Pressure\n|move|p1a: Ting-Lu|Ruination|p2a: Corviknight\n|-damage|p2a: Corviknight|46/100\n|\n|-heal|p2a: Corviknight|52/100|[from] item: Leftovers\n|upkeep\n|turn|74\n|\n|t:|1771243545\n|switch|p2a: Alomomola|Alomomola, F|59/100\n|switch|p1a: Clefable|Clefable, M|100/100\n|\n|upkeep\n|turn|75\n|\n|t:|1771243547\n|switch|p2a: Corviknight|Corviknight, F|52/100\n|-ability|p2a: Corviknight|Pressure\n|move|p1a: Clefable|Thunder Wave|p2a: Corviknight\n|-status|p2a: Corviknight|par\n|\n|-heal|p2a: Corviknight|58/100 par|[from] item: Leftovers\n|upkeep\n|turn|76\n|\n|t:|1771243550\n|move|p1a: Clefable|Stealth Rock|p2a: Corviknight\n|-sidestart|p2: dimitry5000|move: Stealth Rock\n|move|p2a: Corviknight|Brave Bird|p1a: Clefable\n|-damage|p1a: Clefable|62/100\n|-damage|p2a: Corviknight|46/100 par|[from] Recoil\n|\n|-heal|p2a: Corviknight|52/100 par|[from] item: Leftovers\n|upkeep\n|turn|77\n|j| heatraniac\n|\n|t:|1771243556\n|switch|p1a: Corviknight|Corviknight, M|84/100\n|-ability|p1a: Corviknight|Pressure\n|move|p2a: Corviknight|Defog|p1a: Corviknight\n|-unboost|p1a: Corviknight|evasion|1\n|-sideend|p2: dimitry5000|Stealth Rock|[from] move: Defog|[of] p2a: Corviknight\n|\n|-heal|p2a: Corviknight|58/100 par|[from] item: Leftovers\n|upkeep\n|turn|78\n|\n|t:|1771243566\n|switch|p1a: Ting-Lu|Ting-Lu|73/100\n|-ability|p1a: Ting-Lu|Vessel of Ruin\n|switch|p2a: Alomomola|Alomomola, F|92/100\n|\n|upkeep\n|turn|79\n|\n|t:|1771243572\n|switch|p1a: Clefable|Clefable, M|62/100\n|move|p2a: Alomomola|Flip Turn|p1a: Clefable\n|-damage|p1a: Clefable|43/100\n|\n|t:|1771243574\n|switch|p2a: Corviknight|Corviknight, F|58/100 par|[from] Flip Turn\n|-ability|p2a: Corviknight|Pressure\n|\n|-heal|p2a: Corviknight|64/100 par|[from] item: Leftovers\n|upkeep\n|turn|80\n|\n|t:|1771243578\n|move|p1a: Clefable|Moonlight|p1a: Clefable\n|-heal|p1a: Clefable|93/100\n|move|p2a: Corviknight|Brave Bird|p1a: Clefable\n|-damage|p1a: Clefable|52/100\n|-damage|p2a: Corviknight|51/100 par|[from] Recoil\n|\n|-heal|p2a: Corviknight|58/100 par|[from] item: Leftovers\n|upkeep\n|turn|81\n|\n|t:|1771243583\n|switch|p1a: Corviknight|Corviknight, M|84/100\n|-ability|p1a: Corviknight|Pressure\n|cant|p2a: Corviknight|par\n|\n|-heal|p2a: Corviknight|64/100 par|[from] item: Leftovers\n|upkeep\n|turn|82\n|\n|t:|1771243587\n|switch|p2a: Alomomola|Alomomola, F|100/100\n|move|p1a: Corviknight|Iron Defense|p1a: Corviknight\n|-boost|p1a: Corviknight|def|2\n|\n|upkeep\n|turn|83\n|\n|t:|1771243590\n|move|p1a: Corviknight|Iron Defense|p1a: Corviknight\n|-boost|p1a: Corviknight|def|2\n|move|p2a: Alomomola|Scald|p1a: Corviknight\n|-damage|p1a: Corviknight|71/100\n|\n|upkeep\n|turn|84\n|\n|t:|1771243596\n|move|p1a: Corviknight|Body Press|p2a: Alomomola\n|-damage|p2a: Alomomola|56/100\n|-damage|p1a: Corviknight|54/100|[from] item: Rocky Helmet|[of] p2a: Alomomola\n|move|p2a: Alomomola|Scald|p1a: Corviknight\n|-damage|p1a: Corviknight|41/100\n|\n|upkeep\n|turn|85\n|\n|t:|1771243604\n|switch|p2a: Dondozo|Dondozo, M|100/100\n|move|p1a: Corviknight|Body Press|p2a: Dondozo\n|-damage|p2a: Dondozo|90/100\n|\n|-heal|p2a: Dondozo|96/100|[from] item: Leftovers\n|upkeep\n|turn|86\n|\n|t:|1771243608\n|move|p1a: Corviknight|Roost|p1a: Corviknight\n|-heal|p1a: Corviknight|91/100\n|-singleturn|p1a: Corviknight|move: Roost\n|move|p2a: Dondozo|Waterfall|p1a: Corviknight\n|-damage|p1a: Corviknight|73/100\n|\n|-heal|p2a: Dondozo|100/100|[from] item: Leftovers\n|upkeep\n|turn|87\n|\n|t:|1771243620\n|switch|p1a: Clefable|Clefable, M|52/100\n|move|p2a: Dondozo|Curse|p2a: Dondozo\n|-unboost|p2a: Dondozo|spe|1\n|-boost|p2a: Dondozo|atk|1\n|-boost|p2a: Dondozo|def|1\n|\n|upkeep\n|turn|88\n|\n|t:|1771243625\n|switch|p2a: Corviknight|Corviknight, F|64/100 par\n|-ability|p2a: Corviknight|Pressure\n|move|p1a: Clefable|Stealth Rock|p2a: Corviknight\n|-sidestart|p2: dimitry5000|move: Stealth Rock\n|\n|-heal|p2a: Corviknight|70/100 par|[from] item: Leftovers\n|upkeep\n|turn|89\n|\n|t:|1771243628\n|switch|p1a: Dragapult|Dragapult, F|72/100\n|move|p2a: Corviknight|Defog|p1a: Dragapult\n|-fail|p1a: Dragapult|unboost|[from] ability: Clear Body|[of] p1a: Dragapult\n|-sideend|p2: dimitry5000|Stealth Rock|[from] move: Defog|[of] p2a: Corviknight\n|\n|-heal|p2a: Corviknight|76/100 par|[from] item: Leftovers\n|upkeep\n|turn|90\n|\n|t:|1771243631\n|switch|p2a: Slowking|Slowking-Galar, M|100/100 par\n|move|p1a: Dragapult|Flamethrower|p2a: Slowking\n|-damage|p2a: Slowking|79/100 par\n|\n|upkeep\n|turn|91\n|\n|t:|1771243636\n|switch|p1a: Clefable|Clefable, M|52/100\n|cant|p2a: Slowking|par\n|\n|upkeep\n|turn|92\n|\n|t:|1771243643\n|switch|p1a: Corviknight|Corviknight, M|73/100\n|-ability|p1a: Corviknight|Pressure\n|switch|p2a: Corviknight|Corviknight, F|76/100 par\n|-ability|p2a: Corviknight|Pressure\n|\n|-heal|p2a: Corviknight|83/100 par|[from] item: Leftovers\n|upkeep\n|turn|93\n|\n|t:|1771243654\n|switch|p1a: Dragapult|Dragapult, F|72/100\n|switch|p2a: Alomomola|Alomomola, F|89/100\n|\n|upkeep\n|turn|94\n|c| donothan dozo|we are watching stall vs stall rn\n|c|☆Alemezzagialla|bruh\n|\n|t:|1771243667\n|move|p2a: Alomomola|Protect|p2a: Alomomola\n|-singleturn|p2a: Alomomola|Protect\n|move|p1a: Dragapult|Draco Meteor|p2a: Alomomola\n|-activate|p2a: Alomomola|move: Protect\n|\n|upkeep\n|turn|95\n|\n|t:|1771243672\n|switch|p1a: Clefable|Clefable, M|52/100\n|switch|p2a: Corviknight|Corviknight, F|83/100 par\n|-ability|p2a: Corviknight|Pressure\n|\n|-heal|p2a: Corviknight|89/100 par|[from] item: Leftovers\n|upkeep\n|turn|96\n|\n|t:|1771243675\n|move|p1a: Clefable|Stealth Rock|p2a: Corviknight\n|-sidestart|p2: dimitry5000|move: Stealth Rock\n|move|p2a: Corviknight|Brave Bird|p1a: Clefable\n|-damage|p1a: Clefable|9/100\n|-damage|p2a: Corviknight|75/100 par|[from] Recoil\n|\n|-heal|p2a: Corviknight|81/100 par|[from] item: Leftovers\n|upkeep\n|turn|97\n|\n|t:|1771243680\n|switch|p1a: Corviknight|Corviknight, M|73/100\n|-ability|p1a: Corviknight|Pressure\n|move|p2a: Corviknight|Defog|p1a: Corviknight\n|-unboost|p1a: Corviknight|evasion|1\n|-sideend|p2: dimitry5000|Stealth Rock|[from] move: Defog|[of] p2a: Corviknight\n|\n|-heal|p2a: Corviknight|87/100 par|[from] item: Leftovers\n|upkeep\n|turn|98\n|\n|t:|1771243686\n|move|p1a: Corviknight|U-turn|p2a: Corviknight\n|-resisted|p2a: Corviknight\n|-damage|p2a: Corviknight|85/100 par\n|\n|t:|1771243688\n|switch|p1a: Ting-Lu|Ting-Lu|73/100|[from] U-turn\n|-ability|p1a: Ting-Lu|Vessel of Ruin\n|move|p2a: Corviknight|Brave Bird|p1a: Ting-Lu\n|-damage|p1a: Ting-Lu|51/100\n|-damage|p2a: Corviknight|76/100 par|[from] Recoil\n|\n|-heal|p2a: Corviknight|82/100 par|[from] item: Leftovers\n|upkeep\n|turn|99\n|\n|t:|1771243693\n|switch|p1a: Corviknight|Corviknight, M|73/100\n|-ability|p1a: Corviknight|Pressure\n|switch|p2a: Alomomola|Alomomola, F|100/100\n|\n|upkeep\n|turn|100\n|\n|t:|1771243699\n|switch|p1a: Dragapult|Dragapult, F|72/100\n|move|p2a: Alomomola|Scald|p1a: Dragapult\n|-resisted|p1a: Dragapult\n|-damage|p1a: Dragapult|63/100\n|\n|upkeep\n|turn|101\n|\n|t:|1771243703\n|switch|p1a: Clefable|Clefable, M|9/100\n|move|p2a: Alomomola|Protect||[still]\n|-fail|p2a: Alomomola\n|\n|upkeep\n|turn|102\n|\n|t:|1771243706\n|move|p1a: Clefable|Moonlight|p1a: Clefable\n|-heal|p1a: Clefable|59/100\n|move|p2a: Alomomola|Flip Turn|p1a: Clefable\n|-damage|p1a: Clefable|41/100\n|\n|t:|1771243708\n|switch|p2a: Corviknight|Corviknight, F|82/100 par|[from] Flip Turn\n|-ability|p2a: Corviknight|Pressure\n|\n|-heal|p2a: Corviknight|88/100 par|[from] item: Leftovers\n|upkeep\n|turn|103\n|\n|t:|1771243714\n|switch|p1a: Corviknight|Corviknight, M|73/100\n|-ability|p1a: Corviknight|Pressure\n|cant|p2a: Corviknight|par\n|\n|-heal|p2a: Corviknight|95/100 par|[from] item: Leftovers\n|upkeep\n|turn|104\n|\n|t:|1771243720\n|switch|p2a: Alomomola|Alomomola, F|100/100\n|move|p1a: Corviknight|Iron Defense|p1a: Corviknight\n|-boost|p1a: Corviknight|def|2\n|\n|upkeep\n|turn|105\n|\n|t:|1771243724\n|switch|p1a: Clefable|Clefable, M|41/100\n|move|p2a: Alomomola|Scald|p1a: Clefable\n|-damage|p1a: Clefable|32/100\n|\n|upkeep\n|turn|106\n|\n|t:|1771243730\n|switch|p1a: Dragapult|Dragapult, F|63/100\n|switch|p2a: Corviknight|Corviknight, F|95/100 par\n|-ability|p2a: Corviknight|Pressure\n|\n|-heal|p2a: Corviknight|100/100 par|[from] item: Leftovers\n|upkeep\n|turn|107\n|\n|t:|1771243736\n|switch|p2a: Slowking|Slowking-Galar, M|100/100 par\n|move|p1a: Dragapult|Shadow Ball|p2a: Slowking\n|-supereffective|p2a: Slowking\n|-damage|p2a: Slowking|43/100 par\n|\n|upkeep\n|turn|108\n|\n|t:|1771243743\n|switch|p1a: Zamazenta|Zamazenta|67/100\n|switch|p2a: Blissey|Blissey, F|100/100\n|\n|upkeep\n|turn|109\n|\n|t:|1771243754\n|switch|p2a: Alomomola|Alomomola, F|100/100\n|move|p1a: Zamazenta|Close Combat|p2a: Alomomola\n|-damage|p2a: Alomomola|46/100\n|-unboost|p1a: Zamazenta|def|1\n|-unboost|p1a: Zamazenta|spd|1\n|-damage|p1a: Zamazenta|51/100|[from] item: Rocky Helmet|[of] p2a: Alomomola\n|\n|upkeep\n|turn|110\n|\n|t:|1771243768\n|switch|p1a: Dragapult|Dragapult, F|63/100\n|switch|p2a: Slowking|Slowking-Galar, M|76/100 par\n|\n|upkeep\n|turn|111\n|c| donothan dozo|OK! OK!\n|\n|t:|1771243773\n|switch|p2a: Blissey|Blissey, F|100/100\n|move|p1a: Dragapult|U-turn|p2a: Blissey\n|-damage|p2a: Blissey|82/100\n|\n|t:|1771243776\n|switch|p1a: Zamazenta|Zamazenta|51/100|[from] U-turn\n|\n|upkeep\n|turn|112\n|\n|t:|1771243780\n|switch|p2a: Alomomola|Alomomola, F|80/100\n|move|p1a: Zamazenta|Crunch|p2a: Alomomola\n|-damage|p2a: Alomomola|56/100\n|-unboost|p2a: Alomomola|def|1\n|-damage|p1a: Zamazenta|34/100|[from] item: Rocky Helmet|[of] p2a: Alomomola\n|\n|upkeep\n|turn|113\n|\n|t:|1771243786\n|switch|p1a: Dragapult|Dragapult, F|63/100\n|move|p2a: Alomomola|Flip Turn|p1a: Dragapult\n|-resisted|p1a: Dragapult\n|-damage|p1a: Dragapult|52/100\n|\n|t:|1771243789\n|switch|p2a: Slowking|Slowking-Galar, M|100/100 par|[from] Flip Turn\n|\n|upkeep\n|turn|114\n|\n|t:|1771243792\n|move|p1a: Dragapult|U-turn|p2a: Slowking\n|-damage|p2a: Slowking|84/100 par\n|\n|t:|1771243795\n|switch|p1a: Corviknight|Corviknight, M|73/100|[from] U-turn\n|-ability|p1a: Corviknight|Pressure\n|move|p2a: Slowking|Sludge Bomb|p1a: Corviknight\n|-immune|p1a: Corviknight\n|\n|upkeep\n|turn|115\n|\n|t:|1771243798\n|switch|p2a: Alomomola|Alomomola, F|89/100\n|move|p1a: Corviknight|U-turn|p2a: Alomomola\n|-damage|p2a: Alomomola|81/100\n|-damage|p1a: Corviknight|57/100|[from] item: Rocky Helmet|[of] p2a: Alomomola\n|\n|t:|1771243803\n|switch|p1a: Clefable|Clefable, M|32/100|[from] U-turn\n|\n|upkeep\n|turn|116\n|\n|t:|1771243807\n|switch|p1a: Dragapult|Dragapult, F|52/100\n|switch|p2a: Corviknight|Corviknight, F|100/100 par\n|-ability|p2a: Corviknight|Pressure\n|\n|upkeep\n|turn|117\n|\n|t:|1771243812\n|switch|p2a: Alomomola|Alomomola, F|100/100\n|move|p1a: Dragapult|Shadow Ball|p2a: Alomomola\n|-damage|p2a: Alomomola|51/100\n|\n|upkeep\n|turn|118\n|\n|t:|1771243825\n|switch|p2a: Blissey|Blissey, F|82/100\n|move|p1a: Dragapult|Shadow Ball|p2a: Blissey\n|-immune|p2a: Blissey\n|\n|upkeep\n|turn|119\n|\n|t:|1771243829\n|switch|p1a: Clefable|Clefable, M|32/100\n|switch|p2a: Alomomola|Alomomola, F|84/100\n|\n|upkeep\n|turn|120\n|\n|t:|1771243834\n|switch|p1a: Dragapult|Dragapult, F|52/100\n|switch|p2a: Corviknight|Corviknight, F|100/100 par\n|-ability|p2a: Corviknight|Pressure\n|\n|upkeep\n|turn|121\n|\n|t:|1771243840\n|switch|p2a: Slowking|Slowking-Galar, M|100/100 par\n|move|p1a: Dragapult|Flamethrower|p2a: Slowking\n|-damage|p2a: Slowking|78/100 par\n|\n|upkeep\n|turn|122\n|\n|t:|1771243844\n|switch|p1a: Corviknight|Corviknight, M|57/100\n|-ability|p1a: Corviknight|Pressure\n|move|p2a: Slowking|Flamethrower|p1a: Corviknight\n|-supereffective|p1a: Corviknight\n|-damage|p1a: Corviknight|13/100\n|\n|upkeep\n|turn|123\n|\n|t:|1771243847\n|move|p1a: Corviknight|Roost|p1a: Corviknight\n|-heal|p1a: Corviknight|63/100\n|-singleturn|p1a: Corviknight|move: Roost\n|cant|p2a: Slowking|par\n|\n|upkeep\n|turn|124\n|\n|t:|1771243853\n|switch|p1a: Ting-Lu|Ting-Lu|51/100\n|-ability|p1a: Ting-Lu|Vessel of Ruin\n|switch|p2a: Alomomola|Alomomola, F|100/100\n|\n|upkeep\n|turn|125\n|\n|t:|1771243856\n|switch|p1a: Corviknight|Corviknight, M|63/100\n|-ability|p1a: Corviknight|Pressure\n|move|p2a: Alomomola|Flip Turn|p1a: Corviknight\n|-damage|p1a: Corviknight|53/100\n|\n|t:|1771243860\n|switch|p2a: Slowking|Slowking-Galar, M|100/100 par|[from] Flip Turn\n|\n|upkeep\n|turn|126\n|\n|t:|1771243868\n|move|p1a: Corviknight|U-turn|p2a: Slowking\n|-damage|p2a: Slowking|85/100 par\n|\n|t:|1771243870\n|switch|p1a: Clefable|Clefable, M|32/100|[from] U-turn\n|move|p2a: Slowking|Future Sight|p1a: Clefable\n|-start|p2a: Slowking|move: Future Sight\n|\n|upkeep\n|turn|127\n|\n|t:|1771243875\n|switch|p1a: Ting-Lu|Ting-Lu|51/100\n|-ability|p1a: Ting-Lu|Vessel of Ruin\n|switch|p2a: Corviknight|Corviknight, F|100/100 par\n|-ability|p2a: Corviknight|Pressure\n|\n|upkeep\n|turn|128\n|\n|t:|1771243883\n|move|p1a: Ting-Lu|Ruination|p2a: Corviknight\n|-damage|p2a: Corviknight|50/100 par\n|move|p2a: Corviknight|Body Press|p1a: Ting-Lu\n|-supereffective|p1a: Ting-Lu\n|-damage|p1a: Ting-Lu|27/100\n|\n|-end|p1a: Ting-Lu|move: Future Sight\n|-immune|p1a: Ting-Lu\n|-heal|p2a: Corviknight|57/100 par|[from] item: Leftovers\n|upkeep\n|turn|129\n|\n|t:|1771243889\n|switch|p1a: Corviknight|Corviknight, M|53/100\n|-ability|p1a: Corviknight|Pressure\n|cant|p2a: Corviknight|par\n|\n|-heal|p2a: Corviknight|63/100 par|[from] item: Leftovers\n|upkeep\n|turn|130\n|\n|t:|1771243895\n|switch|p2a: Alomomola|Alomomola, F|100/100\n|move|p1a: Corviknight|Iron Defense|p1a: Corviknight\n|-boost|p1a: Corviknight|def|2\n|\n|upkeep\n|turn|131\n|\n|t:|1771243899\n|move|p1a: Corviknight|U-turn|p2a: Alomomola\n|-damage|p2a: Alomomola|92/100\n|-damage|p1a: Corviknight|36/100|[from] item: Rocky Helmet|[of] p2a: Alomomola\n|\n|t:|1771243901\n|switch|p1a: Clefable|Clefable, M|32/100|[from] U-turn\n|move|p2a: Alomomola|Scald|p1a: Clefable\n|-damage|p1a: Clefable|23/100\n|\n|upkeep\n|turn|132\n|\n|t:|1771243905\n|switch|p1a: Dragapult|Dragapult, F|52/100\n|move|p2a: Alomomola|Flip Turn|p1a: Dragapult\n|-resisted|p1a: Dragapult\n|-damage|p1a: Dragapult|42/100\n|\n|t:|1771243908\n|switch|p2a: Corviknight|Corviknight, F|63/100 par|[from] Flip Turn\n|-ability|p2a: Corviknight|Pressure\n|\n|-heal|p2a: Corviknight|69/100 par|[from] item: Leftovers\n|upkeep\n|turn|133\n|\n|t:|1771243914\n|switch|p2a: Slowking|Slowking-Galar, M|100/100 par\n|-terastallize|p1a: Dragapult|Ghost\n|move|p1a: Dragapult|Shadow Ball|p2a: Slowking\n|-supereffective|p2a: Slowking\n|-damage|p2a: Slowking|21/100 par\n|\n|upkeep\n|turn|134\n|\n|t:|1771243920\n|switch|p1a: Zamazenta|Zamazenta|34/100\n|switch|p2a: Blissey|Blissey, F|82/100\n|\n|upkeep\n|turn|135\n|\n|t:|1771243924\n|switch|p2a: Alomomola|Alomomola, F|100/100\n|move|p1a: Zamazenta|Close Combat|p2a: Alomomola\n|-damage|p2a: Alomomola|50/100\n|-unboost|p1a: Zamazenta|def|1\n|-unboost|p1a: Zamazenta|spd|1\n|-damage|p1a: Zamazenta|17/100|[from] item: Rocky Helmet|[of] p2a: Alomomola\n|\n|upkeep\n|turn|136\n|\n|t:|1771243930\n|switch|p2a: Slowking|Slowking-Galar, M|55/100 par\n|move|p1a: Zamazenta|Close Combat|p2a: Slowking\n|-resisted|p2a: Slowking\n|-damage|p2a: Slowking|32/100 par\n|-unboost|p1a: Zamazenta|def|1\n|-unboost|p1a: Zamazenta|spd|1\n|\n|upkeep\n|turn|137\n|\n|t:|1771243936\n|switch|p1a: Dragapult|Dragapult, F, tera:Ghost|42/100\n|switch|p2a: Alomomola|Alomomola, F|83/100\n|\n|upkeep\n|turn|138\n|\n|t:|1771243940\n|move|p2a: Alomomola|Protect|p2a: Alomomola\n|-singleturn|p2a: Alomomola|Protect\n|move|p1a: Dragapult|Shadow Ball|p2a: Alomomola\n|-activate|p2a: Alomomola|move: Protect\n|\n|upkeep\n|turn|139\n|\n|t:|1771243944\n|switch|p1a: Zamazenta|Zamazenta|17/100\n|switch|p2a: Blissey|Blissey, F|82/100\n|\n|upkeep\n|turn|140\n|\n|t:|1771243947\n|switch|p1a: Dragapult|Dragapult, F, tera:Ghost|42/100\n|switch|p2a: Alomomola|Alomomola, F|100/100\n|\n|upkeep\n|turn|141\n|\n|t:|1771243956\n|move|p1a: Dragapult|Shadow Ball|p2a: Alomomola\n|-damage|p2a: Alomomola|39/100\n|-unboost|p2a: Alomomola|spd|1\n|move|p2a: Alomomola|Flip Turn|p1a: Dragapult\n|-damage|p1a: Dragapult|18/100\n|\n|t:|1771243962\n|switch|p2a: Slowking|Slowking-Galar, M|65/100 par|[from] Flip Turn\n|\n|upkeep\n|turn|142\n|\n|t:|1771243965\n|switch|p1a: Zamazenta|Zamazenta|17/100\n|switch|p2a: Blissey|Blissey, F|82/100\n|\n|upkeep\n|turn|143\n|\n|t:|1771243978\n|switch|p1a: Clefable|Clefable, M|23/100\n|switch|p2a: Alomomola|Alomomola, F|72/100\n|\n|upkeep\n|turn|144\n|\n|t:|1771243980\n|move|p1a: Clefable|Stealth Rock|p2a: Alomomola\n|-sidestart|p2: dimitry5000|move: Stealth Rock\n|move|p2a: Alomomola|Flip Turn|p1a: Clefable\n|-damage|p1a: Clefable|5/100\n|\n|t:|1771243982\n|switch|p2a: Corviknight|Corviknight, F|69/100 par|[from] Flip Turn\n|-damage|p2a: Corviknight|57/100 par|[from] Stealth Rock\n|-ability|p2a: Corviknight|Pressure\n|\n|-heal|p2a: Corviknight|63/100 par|[from] item: Leftovers\n|upkeep\n|turn|145\n|\n|t:|1771243985\n|switch|p1a: Dragapult|Dragapult, F, tera:Ghost|18/100\n|cant|p2a: Corviknight|par\n|\n|-heal|p2a: Corviknight|69/100 par|[from] item: Leftovers\n|upkeep\n|turn|146\n|\n|t:|1771243991\n|switch|p2a: Blissey|Blissey, F|82/100\n|move|p1a: Dragapult|Shadow Ball|p2a: Blissey\n|-immune|p2a: Blissey\n|\n|upkeep\n|turn|147\n|\n|t:|1771243998\n|move|p1a: Dragapult|Shadow Ball|p2a: Blissey\n|-immune|p2a: Blissey\n|move|p2a: Blissey|Seismic Toss|p1a: Dragapult\n|-immune|p1a: Dragapult\n|\n|upkeep\n|turn|148\n|\n|t:|1771244001\n|move|p1a: Dragapult|Shadow Ball|p2a: Blissey\n|-immune|p2a: Blissey\n|move|p2a: Blissey|Seismic Toss|p1a: Dragapult\n|-immune|p1a: Dragapult\n|\n|upkeep\n|turn|149\n|c| donothan dozo|why wont u heal the Clefable?\n|\n|t:|1771244010\n|switch|p1a: Corviknight|Corviknight, M|36/100\n|-ability|p1a: Corviknight|Pressure\n|move|p2a: Blissey|Seismic Toss|p1a: Corviknight\n|-damage|p1a: Corviknight|11/100\n|\n|upkeep\n|turn|150\n|\n|t:|1771244015\n|switch|p2a: Alomomola|Alomomola, F|100/100\n|-damage|p2a: Alomomola|88/100|[from] Stealth Rock\n|move|p1a: Corviknight|U-turn|p2a: Alomomola\n|-damage|p2a: Alomomola|80/100\n|-damage|p1a: Corviknight|0 fnt|[from] item: Rocky Helmet|[of] p2a: Alomomola\n|faint|p1a: Corviknight\n|\n|upkeep\n|\n|t:|1771244018\n|switch|p1a: Dragapult|Dragapult, F, tera:Ghost|18/100\n|turn|151\n|\n|t:|1771244024\n|move|p2a: Alomomola|Protect|p2a: Alomomola\n|-singleturn|p2a: Alomomola|Protect\n|move|p1a: Dragapult|Shadow Ball|p2a: Alomomola\n|-activate|p2a: Alomomola|move: Protect\n|\n|upkeep\n|turn|152\n|\n|t:|1771244029\n|switch|p1a: Zamazenta|Zamazenta|17/100\n|switch|p2a: Blissey|Blissey, F|82/100\n|\n|upkeep\n|turn|153\n|\n|t:|1771244034\n|switch|p1a: Dragapult|Dragapult, F, tera:Ghost|18/100\n|switch|p2a: Alomomola|Alomomola, F|100/100\n|-damage|p2a: Alomomola|88/100|[from] Stealth Rock\n|\n|upkeep\n|turn|154\n|\n|t:|1771244041\n|move|p1a: Dragapult|Draco Meteor|p2a: Alomomola\n|-damage|p2a: Alomomola|9/100\n|-unboost|p1a: Dragapult|spa|2\n|move|p2a: Alomomola|Flip Turn|p1a: Dragapult\n|-damage|p1a: Dragapult|0 fnt\n|faint|p1a: Dragapult\n|\n|t:|1771244048\n|switch|p2a: Slowking|Slowking-Galar, M|99/100 par|[from] Flip Turn\n|\n|upkeep\n|-message|Alemezzagialla forfeited.\n|\n|win|dimitry5000\n|raw|Alemezzagialla's rating: 1620 &rarr; <strong>1608</strong><br />(-12 for losing)\n|raw|dimitry5000's rating: 1771 &rarr; <strong>1783</strong><br />(+12 for winning)\n|l|☆Alemezzagialla\n|player|p1|\n|j| inspo quotes\n|l| donothan dozo\n|l| heatraniac\n|l| inspo quotes\n|l|☆dimitry5000\n|player|p2|\n", "uploadtime": 1771244056, "views": 11, "formatid": "gen9ou", "rating": 1608, "private": 0, "password": null}