{"id": "gen9ou-2540900359", "format": "[Gen 9] OU", "players": ["GooseChaser3", "Jackesh-7T2"], "log": "|j|☆GooseChaser3\n|j|☆Jackesh-7T2\n|t:|1771265328\n|gametype|singles\n|player|p1|GooseChaser3|lance-masters|1561\n|player|p2|Jackesh-7T2|170|1657\n|gen|9\n|tier|[Gen 9] OU\n|rated|\n|rule|HP Percentage Mod: HP is shown in percentages\n|rule|Endless Battle Clause: Forcing endless battles is banned\n|rule|Species Clause: Limit one of each Pokémon\n|rule|OHKO Clause: OHKO moves are banned\n|rule|Evasion Items Clause: Evasion items are banned\n|rule|Evasion Moves Clause: Evasion moves are banned\n|rule|Evasion Abilities Clause: Evasion abilities are banned\n|rule|Sleep Moves Clause: Sleep-inducing moves are banned\n|clearpoke\n|poke|p1|Hydrapple, M|\n|poke|p1|Gholdengo|\n|poke|p1|Great Tusk|\n|poke|p1|Darkrai|\n|poke|p1|Zapdos|\n|poke|p1|Kyurem|\n|poke|p2|Kyurem|\n|poke|p2|Raging Bolt|\n|poke|p2|Torkoal, M|\n|poke|p2|Walking Wake|\n|poke|p2|Corviknight, M|\n|poke|p2|Ting-Lu|\n|teampreview\n|inactive|Battle timer is ON: inactive players will automatically lose when time's up. (requested by GooseChaser3)\n|\n|t:|1771265351\n|teamsize|p1|6\n|teamsize|p2|6\n|start\n|switch|p1a: Hydrapple|Hydrapple, M, shiny|100/100\n|switch|p2a: Walking Wake|Walking Wake|100/100\n|turn|1\n|\n|t:|1771265356\n|switch|p1a: Gholdengo|Gholdengo|100/100\n|-item|p1a: Gholdengo|Air Balloon\n|move|p2a: Walking Wake|Flip Turn|p1a: Gholdengo\n|-damage|p1a: Gholdengo|80/100\n|-enditem|p1a: Gholdengo|Air Balloon\n|\n|t:|1771265364\n|-end|p2a: Walking Wake|Protosynthesis|[silent]\n|switch|p2a: Torkoal|Torkoal, M|100/100|[from] Flip Turn\n|-weather|SunnyDay|[from] ability: Drought|[of] p2a: Torkoal\n|\n|-weather|SunnyDay|[upkeep]\n|upkeep\n|turn|2\n|j| Samurajen\n|\n|t:|1771265371\n|move|p1a: Gholdengo|Thunder Wave|p2a: Torkoal\n|-status|p2a: Torkoal|par\n|move|p2a: Torkoal|Stealth Rock|p1a: Gholdengo\n|-sidestart|p1: GooseChaser3|move: Stealth Rock\n|\n|-weather|SunnyDay|[upkeep]\n|upkeep\n|turn|3\n|\n|t:|1771265383\n|switch|p2a: Ting-Lu|Ting-Lu|100/100\n|-ability|p2a: Ting-Lu|Vessel of Ruin\n|move|p1a: Gholdengo|Hex|p2a: Ting-Lu\n|-resisted|p2a: Ting-Lu\n|-damage|p2a: Ting-Lu|89/100\n|\n|-weather|SunnyDay|[upkeep]\n|upkeep\n|turn|4\n|\n|t:|1771265389\n|switch|p1a: Great Tusk|Great Tusk|100/100\n|-activate|p1a: Great Tusk|ability: Protosynthesis\n|-start|p1a: Great Tusk|protosynthesisspe\n|switch|p2a: Kyurem|Kyurem|100/100\n|-ability|p2a: Kyurem|Pressure\n|\n|-weather|SunnyDay|[upkeep]\n|upkeep\n|turn|5\n|inactive|GooseChaser3 has 120 seconds left.\n|\n|t:|1771265431\n|-terastallize|p1a: Great Tusk|Steel\n|move|p1a: Great Tusk|Rapid Spin|p2a: Kyurem\n|-damage|p2a: Kyurem|87/100\n|-boost|p1a: Great Tusk|spe|1\n|-sideend|p1: GooseChaser3|Stealth Rock|[from] move: Rapid Spin|[of] p1a: Great Tusk\n|move|p2a: Kyurem|Freeze-Dry|p1a: Great Tusk\n|-resisted|p1a: Great Tusk\n|-damage|p1a: Great Tusk|78/100\n|\n|-weather|SunnyDay|[upkeep]\n|upkeep\n|turn|6\n|\n|t:|1771265442\n|-end|p1a: Great Tusk|Protosynthesis|[silent]\n|switch|p1a: Kyurem|Kyurem|100/100\n|-ability|p1a: Kyurem|Pressure\n|switch|p2a: Corviknight|Corviknight, M|100/100\n|-ability|p2a: Corviknight|Pressure\n|\n|-weather|SunnyDay|[upkeep]\n|upkeep\n|turn|7\n|inactive|Jackesh-7T2 has 120 seconds left.\n|\n|t:|1771265489\n|move|p1a: Kyurem|Dragon Dance|p1a: Kyurem\n|-boost|p1a: Kyurem|atk|1\n|-boost|p1a: Kyurem|spe|1\n|move|p2a: Corviknight|Brave Bird|p1a: Kyurem\n|-damage|p1a: Kyurem|68/100\n|-damage|p2a: Corviknight|90/100|[from] Recoil\n|\n|-weather|SunnyDay|[upkeep]\n|upkeep\n|turn|8\n|\n|t:|1771265507\n|move|p1a: Kyurem|Icicle Spear|p2a: Corviknight\n|-damage|p2a: Corviknight|73/100\n|-damage|p2a: Corviknight|58/100\n|-damage|p2a: Corviknight|42/100\n|-damage|p2a: Corviknight|25/100\n|-hitcount|p2a: Corviknight|4\n|move|p2a: Corviknight|Bulk Up|p2a: Corviknight\n|-boost|p2a: Corviknight|atk|1\n|-boost|p2a: Corviknight|def|1\n|\n|-weather|none\n|upkeep\n|turn|9\n|\n|t:|1771265515\n|move|p1a: Kyurem|Dragon Dance|p1a: Kyurem\n|-boost|p1a: Kyurem|atk|1\n|-boost|p1a: Kyurem|spe|1\n|move|p2a: Corviknight|Brave Bird|p1a: Kyurem\n|-damage|p1a: Kyurem|14/100\n|-damage|p2a: Corviknight|8/100|[from] Recoil\n|\n|upkeep\n|turn|10\n|inactive|Jackesh-7T2 has 120 seconds left.\n|\n|t:|1771265527\n|move|p1a: Kyurem|Icicle Spear|p2a: Corviknight\n|-damage|p2a: Corviknight|0 fnt\n|faint|p2a: Corviknight\n|-hitcount|p2: Corviknight|1\n|\n|upkeep\n|inactive|Jackesh-7T2 has 120 seconds left.\n|\n|t:|1771265535\n|switch|p2a: Raging Bolt|Raging Bolt|100/100\n|turn|11\n|inactive|GooseChaser3 has 120 seconds left.\n|inactive|Jackesh-7T2 has 120 seconds left.\n|\n|t:|1771265546\n|move|p2a: Raging Bolt|Thunderclap||[still]\n|-fail|p2a: Raging Bolt\n|move|p1a: Kyurem|Dragon Dance|p1a: Kyurem\n|-boost|p1a: Kyurem|atk|1\n|-boost|p1a: Kyurem|spe|1\n|\n|upkeep\n|turn|12\n|inactive|GooseChaser3 has 120 seconds left.\n|\n|t:|1771265558\n|-terastallize|p2a: Raging Bolt|Fairy\n|move|p1a: Kyurem|Scale Shot|p2a: Raging Bolt\n|-immune|p2a: Raging Bolt\n|move|p2a: Raging Bolt|Dragon Pulse|p1a: Kyurem\n|-supereffective|p1a: Kyurem\n|-damage|p1a: Kyurem|0 fnt\n|faint|p1a: Kyurem\n|\n|upkeep\n|\n|t:|1771265562\n|switch|p1a: Darkrai|Darkrai|100/100\n|turn|13\n|\n|t:|1771265567\n|-end|p2a: Raging Bolt|Protosynthesis|[silent]\n|switch|p2a: Ting-Lu|Ting-Lu|89/100\n|-ability|p2a: Ting-Lu|Vessel of Ruin\n|move|p1a: Darkrai|Sludge Bomb|p2a: Ting-Lu\n|-resisted|p2a: Ting-Lu\n|-damage|p2a: Ting-Lu|79/100\n|\n|upkeep\n|turn|14\n|\n|t:|1771265575\n|switch|p1a: Zapdos|Zapdos|100/100\n|move|p2a: Ting-Lu|Earthquake|p1a: Zapdos\n|-immune|p1a: Zapdos\n|\n|upkeep\n|turn|15\n|\n|t:|1771265580\n|switch|p2a: Kyurem|Kyurem|87/100\n|-ability|p2a: Kyurem|Pressure\n|move|p1a: Zapdos|U-turn|p2a: Kyurem\n|-damage|p2a: Kyurem|74/100\n|\n|t:|1771265591\n|switch|p1a: Darkrai|Darkrai|100/100|[from] U-turn\n|\n|upkeep\n|turn|16\n|\n|t:|1771265599\n|switch|p2a: Raging Bolt|Raging Bolt, tera:Fairy|100/100\n|move|p1a: Darkrai|Dark Pulse|p2a: Raging Bolt\n|-resisted|p2a: Raging Bolt\n|-crit|p2a: Raging Bolt\n|-damage|p2a: Raging Bolt|82/100\n|\n|upkeep\n|turn|17\n|\n|t:|1771265605\n|switch|p1a: Great Tusk|Great Tusk, tera:Steel|78/100\n|move|p2a: Raging Bolt|Dragon Pulse|p1a: Great Tusk\n|-resisted|p1a: Great Tusk\n|-damage|p1a: Great Tusk|47/100\n|\n|upkeep\n|turn|18\n|\n|t:|1771265615\n|-end|p1a: Great Tusk|Protosynthesis|[silent]\n|switch|p1a: Zapdos|Zapdos|100/100\n|move|p2a: Raging Bolt|Thunderclap||[still]\n|-fail|p2a: Raging Bolt\n|\n|upkeep\n|turn|19\n|\n|t:|1771265622\n|-end|p2a: Raging Bolt|Protosynthesis|[silent]\n|switch|p2a: Ting-Lu|Ting-Lu|79/100\n|-ability|p2a: Ting-Lu|Vessel of Ruin\n|move|p1a: Zapdos|Thunderbolt|p2a: Ting-Lu\n|-immune|p2a: Ting-Lu\n|\n|upkeep\n|turn|20\n|\n|t:|1771265635\n|move|p1a: Zapdos|Hurricane|p2a: Ting-Lu\n|-damage|p2a: Ting-Lu|39/100\n|move|p2a: Ting-Lu|Throat Chop|p1a: Zapdos\n|-damage|p1a: Zapdos|38/100\n|-start|p1a: Zapdos|Throat Chop|[silent]\n|\n|upkeep\n|turn|21\n|\n|t:|1771265653\n|switch|p2a: Kyurem|Kyurem|74/100\n|-ability|p2a: Kyurem|Pressure\n|move|p1a: Zapdos|Hurricane|p2a: Kyurem|[miss]\n|-miss|p1a: Zapdos|p2a: Kyurem\n|\n|-end|p1a: Zapdos|Throat Chop|[silent]\n|upkeep\n|turn|22\n|\n|t:|1771265659\n|switch|p1a: Great Tusk|Great Tusk, tera:Steel|47/100\n|move|p2a: Kyurem|Icicle Spear|p1a: Great Tusk\n|-resisted|p1a: Great Tusk\n|-damage|p1a: Great Tusk|44/100\n|-resisted|p1a: Great Tusk\n|-damage|p1a: Great Tusk|40/100\n|-resisted|p1a: Great Tusk\n|-damage|p1a: Great Tusk|37/100\n|-resisted|p1a: Great Tusk\n|-damage|p1a: Great Tusk|33/100\n|-hitcount|p1a: Great Tusk|4\n|\n|upkeep\n|turn|23\n|\n|t:|1771265671\n|move|p2a: Kyurem|Earth Power|p1a: Great Tusk\n|-supereffective|p1a: Great Tusk\n|-damage|p1a: Great Tusk|0 fnt\n|faint|p1a: Great Tusk\n|-end|p1a: Great Tusk|Protosynthesis|[silent]\n|\n|upkeep\n|\n|t:|1771265675\n|switch|p1a: Darkrai|Darkrai|100/100\n|turn|24\n|\n|t:|1771265681\n|switch|p2a: Torkoal|Torkoal, M|100/100 par\n|-weather|SunnyDay|[from] ability: Drought|[of] p2a: Torkoal\n|move|p1a: Darkrai|Dark Pulse|p2a: Torkoal\n|-damage|p2a: Torkoal|63/100 par\n|\n|-weather|SunnyDay|[upkeep]\n|upkeep\n|turn|25\n|\n|t:|1771265686\n|move|p1a: Darkrai|Dark Pulse|p2a: Torkoal\n|-damage|p2a: Torkoal|22/100 par\n|cant|p2a: Torkoal|par\n|\n|-weather|SunnyDay|[upkeep]\n|upkeep\n|turn|26\n|\n|t:|1771265690\n|switch|p2a: Raging Bolt|Raging Bolt, tera:Fairy|82/100\n|-activate|p2a: Raging Bolt|ability: Protosynthesis\n|-start|p2a: Raging Bolt|protosynthesisspa\n|move|p1a: Darkrai|Dark Pulse|p2a: Raging Bolt\n|-resisted|p2a: Raging Bolt\n|-damage|p2a: Raging Bolt|71/100\n|\n|-weather|SunnyDay|[upkeep]\n|upkeep\n|turn|27\n|\n|t:|1771265699\n|switch|p1a: Hydrapple|Hydrapple, M, shiny|100/100\n|move|p2a: Raging Bolt|Volt Switch|p1a: Hydrapple\n|-resisted|p1a: Hydrapple\n|-damage|p1a: Hydrapple|92/100\n|\n|t:|1771265702\n|-end|p2a: Raging Bolt|Protosynthesis|[silent]\n|switch|p2a: Kyurem|Kyurem|74/100|[from] Volt Switch\n|-ability|p2a: Kyurem|Pressure\n|\n|-weather|SunnyDay|[upkeep]\n|upkeep\n|turn|28\n|\n|t:|1771265708\n|switch|p1a: Gholdengo|Gholdengo|80/100\n|move|p2a: Kyurem|Icicle Spear|p1a: Gholdengo\n|-resisted|p1a: Gholdengo\n|-crit|p1a: Gholdengo\n|-damage|p1a: Gholdengo|69/100\n|-resisted|p1a: Gholdengo\n|-damage|p1a: Gholdengo|61/100\n|-resisted|p1a: Gholdengo\n|-damage|p1a: Gholdengo|54/100\n|-resisted|p1a: Gholdengo\n|-damage|p1a: Gholdengo|47/100\n|-hitcount|p1a: Gholdengo|4\n|\n|-weather|SunnyDay|[upkeep]\n|upkeep\n|turn|29\n|\n|t:|1771265711\n|switch|p1a: Zapdos|Zapdos|38/100\n|move|p2a: Kyurem|Weather Ball|p1a: Zapdos\n|-damage|p1a: Zapdos|0 fnt\n|faint|p1a: Zapdos\n|\n|-weather|SunnyDay|[upkeep]\n|upkeep\n|\n|t:|1771265715\n|switch|p1a: Darkrai|Darkrai|100/100\n|turn|30\n|\n|t:|1771265725\n|switch|p2a: Ting-Lu|Ting-Lu|39/100\n|-ability|p2a: Ting-Lu|Vessel of Ruin\n|move|p1a: Darkrai|Sludge Bomb|p2a: Ting-Lu\n|-resisted|p2a: Ting-Lu\n|-damage|p2a: Ting-Lu|28/100\n|\n|-weather|SunnyDay|[upkeep]\n|upkeep\n|turn|31\n|\n|t:|1771265729\n|switch|p1a: Hydrapple|Hydrapple, M, shiny|100/100\n|move|p2a: Ting-Lu|Throat Chop|p1a: Hydrapple\n|-damage|p1a: Hydrapple|54/100\n|-start|p1a: Hydrapple|Throat Chop|[silent]\n|\n|-weather|none\n|upkeep\n|turn|32\n|\n|t:|1771265735\n|switch|p2a: Torkoal|Torkoal, M|22/100 par\n|-weather|SunnyDay|[from] ability: Drought|[of] p2a: Torkoal\n|move|p1a: Hydrapple|Giga Drain|p2a: Torkoal\n|-resisted|p2a: Torkoal\n|-crit|p2a: Torkoal\n|-damage|p2a: Torkoal|0 fnt\n|-heal|p1a: Hydrapple|63/100|[from] drain|[of] p2a: Torkoal\n|faint|p2a: Torkoal\n|\n|-weather|SunnyDay|[upkeep]\n|-end|p1a: Hydrapple|Throat Chop|[silent]\n|upkeep\n|\n|t:|1771265741\n|switch|p2a: Kyurem|Kyurem|74/100\n|-ability|p2a: Kyurem|Pressure\n|turn|33\n|\n|t:|1771265745\n|move|p2a: Kyurem|Icicle Spear|p1a: Hydrapple\n|-supereffective|p1a: Hydrapple\n|-damage|p1a: Hydrapple|28/100\n|-supereffective|p1a: Hydrapple\n|-damage|p1a: Hydrapple|0 fnt\n|faint|p1a: Hydrapple\n|-hitcount|p1: Hydrapple|2\n|\n|-weather|SunnyDay|[upkeep]\n|upkeep\n|\n|t:|1771265748\n|switch|p1a: Darkrai|Darkrai|100/100\n|turn|34\n|\n|t:|1771265751\n|switch|p2a: Ting-Lu|Ting-Lu|28/100\n|-ability|p2a: Ting-Lu|Vessel of Ruin\n|move|p1a: Darkrai|Dark Pulse|p2a: Ting-Lu\n|-resisted|p2a: Ting-Lu\n|-damage|p2a: Ting-Lu|15/100\n|\n|-weather|SunnyDay|[upkeep]\n|upkeep\n|turn|35\n|\n|t:|1771265760\n|move|p1a: Darkrai|Dark Pulse|p2a: Ting-Lu\n|-resisted|p2a: Ting-Lu\n|-damage|p2a: Ting-Lu|1/100\n|move|p2a: Ting-Lu|Earthquake|p1a: Darkrai\n|-damage|p1a: Darkrai|0 fnt\n|faint|p1a: Darkrai\n|\n|-weather|SunnyDay|[upkeep]\n|upkeep\n|\n|t:|1771265764\n|switch|p1a: Gholdengo|Gholdengo|47/100\n|turn|36\n|c|☆GooseChaser3|ggs\n|\n|t:|1771265770\n|switch|p2a: Walking Wake|Walking Wake|100/100\n|-activate|p2a: Walking Wake|ability: Protosynthesis\n|-start|p2a: Walking Wake|protosynthesisspa\n|move|p1a: Gholdengo|Hex|p2a: Walking Wake\n|-damage|p2a: Walking Wake|54/100\n|\n|-weather|SunnyDay|[upkeep]\n|upkeep\n|turn|37\n|\n|t:|1771265773\n|move|p2a: Walking Wake|Flamethrower|p1a: Gholdengo\n|-supereffective|p1a: Gholdengo\n|-damage|p1a: Gholdengo|0 fnt\n|faint|p1a: Gholdengo\n|\n|win|Jackesh-7T2\n|raw|GooseChaser3's rating: 1561 &rarr; <strong>1548</strong><br />(-13 for losing)\n|raw|Jackesh-7T2's rating: 1686 &rarr; <strong>1699</strong><br />(+13 for winning)\n", "uploadtime": 1771265776, "views": 4, "formatid": "gen9ou", "rating": 1548, "private": 0, "password": null}