{"id": "gen9ou-2639292371", "format": "[Gen 9] OU", "players": ["msean3", "LowEL0God"], "log": "|j|‽msean3\n|j|☆LowEL0God\n|t:|1782447184\n|gametype|singles\n|player|p1|msean3|101|1567\n|player|p2|LowEL0God|2|1579\n|gen|9\n|tier|[Gen 9] OU\n|rated|\n|rule|HP Percentage Mod: HP is shown in percentages\n|rule|Endless Battle Clause: Forcing endless battles is banned\n|rule|Species Clause: Limit one of each Pokémon\n|rule|OHKO Clause: OHKO moves are banned\n|rule|Evasion Items Clause: Evasion items are banned\n|rule|Evasion Moves Clause: Evasion moves are banned\n|rule|Evasion Abilities Clause: Evasion abilities are banned\n|rule|Sleep Moves Clause: Sleep-inducing moves are banned\n|clearpoke\n|poke|p1|Darkrai|\n|poke|p1|Alomomola, F|\n|poke|p1|Corviknight, F|\n|poke|p1|Weezing-Galar, F|\n|poke|p1|Garchomp, F|\n|poke|p1|Ogerpon, F|\n|poke|p2|Pelipper, F|\n|poke|p2|Torkoal, M|\n|poke|p2|Walking Wake|\n|poke|p2|Tyranitar, F|\n|poke|p2|Excadrill, M|\n|poke|p2|Ogerpon-Wellspring, F|\n|teampreview\n|inactive|Battle timer is ON: inactive players will automatically lose when time's up. (requested by LowEL0God)\n|\n|t:|1782447189\n|teamsize|p1|6\n|teamsize|p2|6\n|start\n|switch|p1a: Alomomola|Alomomola, F|100/100\n|switch|p2a: Hurricane Spam|Pelipper, F, shiny|100/100\n|-weather|RainDance|[from] ability: Drizzle|[of] p2a: Hurricane Spam\n|turn|1\n|\n|t:|1782447190\n|move|p2a: Hurricane Spam|Hurricane|p1a: Alomomola\n|-damage|p1a: Alomomola|63/100\n|move|p1a: Alomomola|Mirror Coat|p2a: Hurricane Spam\n|-damage|p2a: Hurricane Spam|0 fnt\n|faint|p2a: Hurricane Spam\n|\n|-weather|RainDance|[upkeep]\n|upkeep\n|\n|t:|1782447192\n|switch|p2a: Ogerpon|Ogerpon-Wellspring, F|100/100\n|turn|2\n|\n|t:|1782447201\n|switch|p1a: Ogerpon|Ogerpon, F|100/100\n|move|p2a: Ogerpon|Swords Dance|p2a: Ogerpon\n|-boost|p2a: Ogerpon|atk|2\n|\n|-weather|RainDance|[upkeep]\n|upkeep\n|turn|3\n|\n|t:|1782447207\n|-terastallize|p1a: Ogerpon|Grass\n|detailschange|p1a: Ogerpon|Ogerpon-Teal-Tera, F, tera:Grass\n|-ability|p1a: Ogerpon|Embody Aspect (Teal)|boost\n|-boost|p1a: Ogerpon|spe|1\n|move|p1a: Ogerpon|U-turn|p2a: Ogerpon\n|-supereffective|p2a: Ogerpon\n|-damage|p2a: Ogerpon|40/100\n|\n|t:|1782447217\n|switch|p1a: Weezing|Weezing-Galar, F|100/100|[from] U-turn\n|-ability|p1a: Weezing|Neutralizing Gas\n|move|p2a: Ogerpon|Ivy Cudgel|p1a: Weezing|[anim] Ivy Cudgel Water\n|-damage|p1a: Weezing|0 fnt\n|faint|p1a: Weezing\n|-end|p1a: Weezing|ability: Neutralizing Gas\n|\n|-weather|RainDance|[upkeep]\n|upkeep\n|\n|t:|1782447218\n|switch|p1a: Ogerpon|Ogerpon-Teal-Tera, F, tera:Grass|100/100\n|-ability|p1a: Ogerpon|Embody Aspect (Teal)|boost\n|-boost|p1a: Ogerpon|spe|1\n|turn|4\n|\n|t:|1782447220\n|switch|p2a: Torkoal|Torkoal, M|100/100\n|-weather|SunnyDay|[from] ability: Drought|[of] p2a: Torkoal\n|move|p1a: Ogerpon|U-turn|p2a: Torkoal\n|-resisted|p2a: Torkoal\n|-damage|p2a: Torkoal|94/100\n|\n|t:|1782447225\n|switch|p1a: Garchomp|Garchomp, F|100/100|[from] U-turn\n|\n|-weather|SunnyDay|[upkeep]\n|upkeep\n|turn|5\n|\n|t:|1782447226\n|move|p1a: Garchomp|Stealth Rock|p2a: Torkoal\n|-sidestart|p2: LowEL0God|move: Stealth Rock\n|move|p2a: Torkoal|Will-O-Wisp|p1a: Garchomp\n|-status|p1a: Garchomp|brn\n|\n|-weather|SunnyDay|[upkeep]\n|-damage|p1a: Garchomp|94/100 brn|[from] brn\n|upkeep\n|turn|6\n|\n|t:|1782447229\n|move|p1a: Garchomp|Earthquake|p2a: Torkoal\n|-supereffective|p2a: Torkoal\n|-damage|p2a: Torkoal|72/100\n|move|p2a: Torkoal|Rapid Spin|p1a: Garchomp\n|-damage|p1a: Garchomp|88/100 brn\n|-boost|p2a: Torkoal|spe|1\n|-damage|p2a: Torkoal|59/100|[from] ability: Rough Skin|[of] p1a: Garchomp\n|-damage|p2a: Torkoal|43/100|[from] item: Rocky Helmet|[of] p1a: Garchomp\n|-sideend|p2: LowEL0God|Stealth Rock|[from] move: Rapid Spin|[of] p2a: Torkoal\n|\n|-weather|SunnyDay|[upkeep]\n|-damage|p1a: Garchomp|82/100 brn|[from] brn\n|upkeep\n|turn|7\n|\n|t:|1782447231\n|move|p1a: Garchomp|Earthquake|p2a: Torkoal\n|-supereffective|p2a: Torkoal\n|-damage|p2a: Torkoal|18/100\n|move|p2a: Torkoal|Lava Plume|p1a: Garchomp\n|-resisted|p1a: Garchomp\n|-damage|p1a: Garchomp|66/100 brn\n|\n|-weather|SunnyDay|[upkeep]\n|-damage|p1a: Garchomp|60/100 brn|[from] brn\n|upkeep\n|turn|8\n|\n|t:|1782447234\n|switch|p2a: Walking Wake|Walking Wake|100/100\n|-activate|p2a: Walking Wake|ability: Protosynthesis\n|-start|p2a: Walking Wake|protosynthesisspe\n|move|p1a: Garchomp|Earthquake|p2a: Walking Wake\n|-damage|p2a: Walking Wake|77/100\n|\n|-weather|SunnyDay|[upkeep]\n|-damage|p1a: Garchomp|53/100 brn|[from] brn\n|upkeep\n|turn|9\n|\n|t:|1782447237\n|switch|p1a: Alomomola|Alomomola, F|96/100\n|move|p2a: Walking Wake|Hydro Steam|p1a: Alomomola\n|-resisted|p1a: Alomomola\n|-damage|p1a: Alomomola|75/100\n|\n|-weather|SunnyDay|[upkeep]\n|upkeep\n|turn|10\n|\n|t:|1782447239\n|move|p2a: Walking Wake|Hydro Steam|p1a: Alomomola\n|-resisted|p1a: Alomomola\n|-damage|p1a: Alomomola|54/100\n|move|p1a: Alomomola|Mirror Coat|p2a: Walking Wake\n|-damage|p2a: Walking Wake|10/100\n|\n|-weather|SunnyDay|[upkeep]\n|upkeep\n|turn|11\n|\n|t:|1782447242\n|move|p2a: Walking Wake|Hydro Steam|p1a: Alomomola\n|-resisted|p1a: Alomomola\n|-damage|p1a: Alomomola|32/100\n|move|p1a: Alomomola|Mirror Coat|p2a: Walking Wake\n|-damage|p2a: Walking Wake|0 fnt\n|faint|p2a: Walking Wake\n|-end|p2a: Walking Wake|Protosynthesis|[silent]\n|\n|-weather|none\n|upkeep\n|\n|t:|1782447243\n|switch|p2a: No Hazards for You|Excadrill, M, shiny|100/100\n|turn|12\n|\n|t:|1782447246\n|switch|p1a: Corviknight|Corviknight, F|100/100\n|-ability|p1a: Corviknight|Pressure\n|move|p2a: No Hazards for You|Earthquake|p1a: Corviknight\n|-immune|p1a: Corviknight\n|\n|upkeep\n|turn|13\n|\n|t:|1782447248\n|switch|p2a: Torkoal|Torkoal, M|18/100\n|-weather|SunnyDay|[from] ability: Drought|[of] p2a: Torkoal\n|move|p1a: Corviknight|U-turn|p2a: Torkoal\n|-resisted|p2a: Torkoal\n|-damage|p2a: Torkoal|14/100\n|\n|t:|1782447251\n|switch|p1a: Garchomp|Garchomp, F|53/100 brn|[from] U-turn\n|\n|-weather|SunnyDay|[upkeep]\n|-damage|p1a: Garchomp|47/100 brn|[from] brn\n|upkeep\n|turn|14\n|\n|t:|1782447253\n|switch|p2a: Ogerpon|Ogerpon-Wellspring, F|40/100\n|move|p1a: Garchomp|Stealth Rock|p2a: Ogerpon\n|-sidestart|p2: LowEL0God|move: Stealth Rock\n|\n|-weather|SunnyDay|[upkeep]\n|-damage|p1a: Garchomp|41/100 brn|[from] brn\n|upkeep\n|turn|15\n|\n|t:|1782447257\n|move|p2a: Ogerpon|Play Rough|p1a: Garchomp|[miss]\n|-miss|p2a: Ogerpon|p1a: Garchomp\n|move|p1a: Garchomp|Dragon Tail|p2a: Ogerpon\n|-crit|p2a: Ogerpon\n|-damage|p2a: Ogerpon|13/100\n|drag|p2a: No Hazards for You|Excadrill, M, shiny|100/100\n|-damage|p2a: No Hazards for You|97/100|[from] Stealth Rock\n|\n|-weather|SunnyDay|[upkeep]\n|-damage|p1a: Garchomp|35/100 brn|[from] brn\n|upkeep\n|turn|16\n|\n|t:|1782447259\n|move|p2a: No Hazards for You|Earthquake|p1a: Garchomp\n|-damage|p1a: Garchomp|0 fnt\n|faint|p1a: Garchomp\n|\n|-weather|SunnyDay|[upkeep]\n|upkeep\n|\n|t:|1782447264\n|switch|p1a: Corviknight|Corviknight, F|100/100\n|-ability|p1a: Corviknight|Pressure\n|turn|17\n|\n|t:|1782447267\n|move|p2a: No Hazards for You|Earthquake|p1a: Corviknight\n|-immune|p1a: Corviknight\n|move|p1a: Corviknight|U-turn|p2a: No Hazards for You\n|-resisted|p2a: No Hazards for You\n|-damage|p2a: No Hazards for You|86/100\n|\n|t:|1782447269\n|switch|p1a: Darkrai|Darkrai|100/100|[from] U-turn\n|\n|-weather|SunnyDay|[upkeep]\n|upkeep\n|turn|18\n|\n|t:|1782447272\n|switch|p1a: Corviknight|Corviknight, F|100/100\n|-ability|p1a: Corviknight|Pressure\n|move|p2a: No Hazards for You|Earthquake|p1a: Corviknight\n|-immune|p1a: Corviknight\n|\n|-weather|SunnyDay|[upkeep]\n|upkeep\n|turn|19\n|\n|t:|1782447273\n|switch|p2a: Ogerpon|Ogerpon-Wellspring, F|13/100\n|-damage|p2a: Ogerpon|1/100|[from] Stealth Rock\n|move|p1a: Corviknight|U-turn|p2a: Ogerpon\n|-supereffective|p2a: Ogerpon\n|-damage|p2a: Ogerpon|0 fnt\n|faint|p2a: Ogerpon\n|\n|t:|1782447278\n|switch|p1a: Ogerpon|Ogerpon-Teal-Tera, F, tera:Grass|100/100|[from] U-turn\n|-ability|p1a: Ogerpon|Embody Aspect (Teal)|boost\n|-boost|p1a: Ogerpon|spe|1\n|\n|-weather|SunnyDay|[upkeep]\n|upkeep\n|\n|t:|1782447279\n|switch|p2a: Torkoal|Torkoal, M|14/100\n|-damage|p2a: Torkoal|0 fnt|[from] Stealth Rock\n|faint|p2a: Torkoal\n|\n|t:|1782447279\n|switch|p2a: No Lando Plz|Tyranitar, F, shiny|100/100\n|-weather|Sandstorm|[from] ability: Sand Stream|[of] p2a: No Lando Plz\n|turn|20\n|\n|t:|1782447292\n|move|p1a: Ogerpon|Ivy Cudgel|p2a: No Lando Plz\n|-supereffective|p2a: No Lando Plz\n|-damage|p2a: No Lando Plz|4/100\n|move|p2a: No Lando Plz|Stealth Rock|p1a: Ogerpon\n|-sidestart|p1: msean3|move: Stealth Rock\n|\n|-weather|Sandstorm|[upkeep]\n|-damage|p1a: Ogerpon|95/100|[from] Sandstorm\n|upkeep\n|turn|21\n|\n|t:|1782447294\n|move|p1a: Ogerpon|Ivy Cudgel|p2a: No Lando Plz\n|-supereffective|p2a: No Lando Plz\n|-damage|p2a: No Lando Plz|0 fnt\n|faint|p2a: No Lando Plz\n|\n|-weather|Sandstorm|[upkeep]\n|-damage|p1a: Ogerpon|89/100|[from] Sandstorm\n|upkeep\n|\n|t:|1782447294\n|switch|p2a: No Hazards for You|Excadrill, M, shiny|86/100\n|-damage|p2a: No Hazards for You|83/100|[from] Stealth Rock\n|turn|22\n|\n|t:|1782447296\n|switch|p1a: Corviknight|Corviknight, F|100/100\n|-damage|p1a: Corviknight|88/100|[from] Stealth Rock\n|-ability|p1a: Corviknight|Pressure\n|move|p2a: No Hazards for You|Iron Head|p1a: Corviknight\n|-resisted|p1a: Corviknight\n|-damage|p1a: Corviknight|59/100\n|\n|-weather|Sandstorm|[upkeep]\n|-heal|p1a: Corviknight|65/100|[from] item: Leftovers\n|upkeep\n|turn|23\n|\n|t:|1782447299\n|move|p2a: No Hazards for You|Iron Head|p1a: Corviknight\n|-resisted|p1a: Corviknight\n|-damage|p1a: Corviknight|38/100\n|move|p1a: Corviknight|Roost|p1a: Corviknight\n|-heal|p1a: Corviknight|88/100\n|-singleturn|p1a: Corviknight|move: Roost\n|\n|-weather|Sandstorm|[upkeep]\n|-heal|p1a: Corviknight|94/100|[from] item: Leftovers\n|upkeep\n|turn|24\n|\n|t:|1782447302\n|move|p2a: No Hazards for You|Iron Head|p1a: Corviknight\n|-resisted|p1a: Corviknight\n|-damage|p1a: Corviknight|65/100\n|move|p1a: Corviknight|Brave Bird|p2a: No Hazards for You\n|-resisted|p2a: No Hazards for You\n|-damage|p2a: No Hazards for You|58/100\n|-damage|p1a: Corviknight|57/100|[from] Recoil\n|\n|-weather|none\n|-heal|p1a: Corviknight|64/100|[from] item: Leftovers\n|upkeep\n|turn|25\n|\n|t:|1782447304\n|move|p2a: No Hazards for You|Iron Head|p1a: Corviknight\n|-resisted|p1a: Corviknight\n|-damage|p1a: Corviknight|36/100\n|move|p1a: Corviknight|U-turn|p2a: No Hazards for You\n|-resisted|p2a: No Hazards for You\n|-damage|p2a: No Hazards for You|48/100\n|\n|t:|1782447306\n|switch|p1a: Ogerpon|Ogerpon-Teal-Tera, F, tera:Grass|89/100|[from] U-turn\n|-ability|p1a: Ogerpon|Embody Aspect (Teal)|boost\n|-boost|p1a: Ogerpon|spe|1\n|\n|upkeep\n|turn|26\n|\n|t:|1782447307\n|-terastallize|p2a: No Hazards for You|Ground\n|move|p1a: Ogerpon|Ivy Cudgel|p2a: No Hazards for You\n|-supereffective|p2a: No Hazards for You\n|-damage|p2a: No Hazards for You|0 fnt\n|faint|p2a: No Hazards for You\n|\n|win|msean3\n|raw|msean3's rating: 1567 &rarr; <strong>1588</strong><br />(+21 for winning)\n|raw|LowEL0God's rating: 1579 &rarr; <strong>1558</strong><br />(-21 for losing)\n|l|‽msean3\n|player|p1|\n|l|☆LowEL0God\n|player|p2|\n", "uploadtime": 1782447626, "views": 4, "formatid": "gen9ou", "rating": 1558, "private": 0, "password": null}