{"id": "gen9ou-2639289484", "format": "[Gen 9] OU", "players": ["tony hawk tuah", "T1veslow"], "log": "|j|☆tony hawk tuah\n|j|☆T1veslow\n|t:|1782446660\n|gametype|singles\n|player|p1|tony hawk tuah|170|1234\n|player|p2|T1veslow|swimmerf|1219\n|gen|9\n|tier|[Gen 9] OU\n|rated|\n|rule|HP Percentage Mod: HP is shown in percentages\n|rule|Endless Battle Clause: Forcing endless battles is banned\n|rule|Species Clause: Limit one of each Pokémon\n|rule|OHKO Clause: OHKO moves are banned\n|rule|Evasion Items Clause: Evasion items are banned\n|rule|Evasion Moves Clause: Evasion moves are banned\n|rule|Evasion Abilities Clause: Evasion abilities are banned\n|rule|Sleep Moves Clause: Sleep-inducing moves are banned\n|clearpoke\n|poke|p1|Raging Bolt|\n|poke|p1|Torkoal, M|\n|poke|p1|Slither Wing|\n|poke|p1|Walking Wake|\n|poke|p1|Great Tusk|\n|poke|p1|Hatterene, F|\n|poke|p2|Skarmory, M|\n|poke|p2|Rillaboom, M|\n|poke|p2|Tyranitar, M|\n|poke|p2|Dragapult, M|\n|poke|p2|Gholdengo|\n|poke|p2|Cinderace, M|\n|teampreview\n|\n|t:|1782446672\n|teamsize|p1|6\n|teamsize|p2|6\n|start\n|switch|p1a: Raging Bolt|Raging Bolt|100/100\n|switch|p2a: Tyranitar|Tyranitar, M, shiny|100/100\n|-weather|Sandstorm|[from] ability: Sand Stream|[of] p2a: Tyranitar\n|turn|1\n|\n|t:|1782446680\n|move|p1a: Raging Bolt|Volt Switch|p2a: Tyranitar\n|-damage|p2a: Tyranitar|58/100\n|\n|t:|1782446682\n|-end|p1a: Raging Bolt|Protosynthesis|[silent]\n|switch|p1a: Great Tusk|Great Tusk|100/100|[from] Volt Switch\n|move|p2a: Tyranitar|Dragon Dance|p2a: Tyranitar\n|-boost|p2a: Tyranitar|atk|1\n|-boost|p2a: Tyranitar|spe|1\n|\n|-weather|Sandstorm|[upkeep]\n|upkeep\n|turn|2\n|\n|t:|1782446691\n|move|p1a: Great Tusk|Headlong Rush|p2a: Tyranitar\n|-supereffective|p2a: Tyranitar\n|-damage|p2a: Tyranitar|0 fnt\n|-unboost|p1a: Great Tusk|def|1\n|-unboost|p1a: Great Tusk|spd|1\n|faint|p2a: Tyranitar\n|\n|-weather|Sandstorm|[upkeep]\n|upkeep\n|\n|t:|1782446698\n|switch|p2a: Gholdengo|Gholdengo, shiny|100/100\n|turn|3\n|\n|t:|1782446702\n|-end|p1a: Great Tusk|Protosynthesis|[silent]\n|switch|p1a: Torkoal|Torkoal, M|100/100\n|-weather|SunnyDay|[from] ability: Drought|[of] p1a: Torkoal\n|move|p2a: Gholdengo|Make It Rain|p1a: Torkoal\n|-resisted|p1a: Torkoal\n|-damage|p1a: Torkoal|70/100\n|-unboost|p2a: Gholdengo|spa|1\n|\n|-weather|SunnyDay|[upkeep]\n|upkeep\n|turn|4\n|\n|t:|1782446709\n|switch|p2a: Cinderace|Cinderace, M, shiny|100/100\n|move|p1a: Torkoal|Overheat|p2a: Cinderace\n|-resisted|p2a: Cinderace\n|-damage|p2a: Cinderace|59/100\n|-unboost|p1a: Torkoal|spa|2\n|\n|-weather|SunnyDay|[upkeep]\n|upkeep\n|turn|5\n|\n|t:|1782446715\n|switch|p1a: Walking Wake|Walking Wake|100/100\n|-activate|p1a: Walking Wake|ability: Protosynthesis\n|-start|p1a: Walking Wake|protosynthesisspe\n|move|p2a: Cinderace|U-turn|p1a: Walking Wake\n|-start|p2a: Cinderace|typechange|Bug|[from] ability: Libero\n|-damage|p1a: Walking Wake|66/100\n|inactive|Battle timer is ON: inactive players will automatically lose when time's up. (requested by tony hawk tuah)\n|\n|t:|1782446725\n|switch|p2a: Rillaboom|Rillaboom, M, shiny|100/100|[from] U-turn\n|-fieldstart|move: Grassy Terrain|[from] ability: Grassy Surge|[of] p2a: Rillaboom\n|\n|-weather|SunnyDay|[upkeep]\n|-heal|p1a: Walking Wake|72/100|[from] Grassy Terrain\n|upkeep\n|turn|6\n|\n|t:|1782446728\n|move|p2a: Rillaboom|Grassy Glide|p1a: Walking Wake\n|-damage|p1a: Walking Wake|31/100\n|move|p1a: Walking Wake|Flamethrower|p2a: Rillaboom\n|-supereffective|p2a: Rillaboom\n|-damage|p2a: Rillaboom|0 fnt\n|faint|p2a: Rillaboom\n|\n|-weather|SunnyDay|[upkeep]\n|-heal|p1a: Walking Wake|37/100|[from] Grassy Terrain\n|upkeep\n|\n|t:|1782446742\n|switch|p2a: Skarmory|Skarmory, M, shiny|100/100\n|turn|7\n|\n|t:|1782446746\n|move|p1a: Walking Wake|Flamethrower|p2a: Skarmory\n|-supereffective|p2a: Skarmory\n|-damage|p2a: Skarmory|8/100\n|move|p2a: Skarmory|Spikes|p1a: Walking Wake\n|-sidestart|p1: tony hawk tuah|Spikes\n|\n|-weather|SunnyDay|[upkeep]\n|-heal|p1a: Walking Wake|43/100|[from] Grassy Terrain\n|-heal|p2a: Skarmory|14/100|[from] item: Leftovers\n|upkeep\n|turn|8\n|\n|t:|1782446751\n|move|p1a: Walking Wake|Flamethrower|p2a: Skarmory\n|-supereffective|p2a: Skarmory\n|-damage|p2a: Skarmory|0 fnt\n|faint|p2a: Skarmory\n|\n|-weather|SunnyDay|[upkeep]\n|-heal|p1a: Walking Wake|49/100|[from] Grassy Terrain\n|upkeep\n|\n|t:|1782446756\n|switch|p2a: Dragapult|Dragapult, M, shiny|100/100\n|turn|9\n|\n|t:|1782446758\n|move|p1a: Walking Wake|Draco Meteor|p2a: Dragapult\n|-supereffective|p2a: Dragapult\n|-damage|p2a: Dragapult|0 fnt\n|-unboost|p1a: Walking Wake|spa|2\n|faint|p2a: Dragapult\n|\n|-weather|SunnyDay|[upkeep]\n|-heal|p1a: Walking Wake|55/100|[from] Grassy Terrain\n|-fieldend|move: Grassy Terrain\n|upkeep\n|-message|T1veslow forfeited.\n|\n|win|tony hawk tuah\n|raw|tony hawk tuah's rating: 1234 &rarr; <strong>1258</strong><br />(+24 for winning)\n|raw|T1veslow's rating: 1219 &rarr; <strong>1195</strong><br />(-24 for losing)\n|l|☆T1veslow\n|player|p2|\n|l|☆tony hawk tuah\n|player|p1|\n", "uploadtime": 1782447088, "views": 10, "formatid": "gen9ou", "rating": 1195, "private": 0, "password": null}