{"id": "gen9ou-2647721873", "format": "[Gen 9] OU", "players": ["Frabie", "croutonvegetable"], "log": "|j|☆Frabie\n|j|☆croutonvegetable\n|t:|1783801656\n|gametype|singles\n|player|p1|Frabie|cyclist-gen4|1121\n|player|p2|croutonvegetable|170|1155\n|gen|9\n|tier|[Gen 9] OU\n|rated|\n|rule|HP Percentage Mod: HP is shown in percentages\n|rule|Endless Battle Clause: Forcing endless battles is banned\n|rule|Species Clause: Limit one of each Pokémon\n|rule|OHKO Clause: OHKO moves are banned\n|rule|Evasion Items Clause: Evasion items are banned\n|rule|Evasion Moves Clause: Evasion moves are banned\n|rule|Evasion Abilities Clause: Evasion abilities are banned\n|rule|Sleep Moves Clause: Sleep-inducing moves are banned\n|clearpoke\n|poke|p1|Haxorus, M|\n|poke|p1|Mienshao, M|\n|poke|p1|Cloyster, M|\n|poke|p1|Minior-Yellow|\n|poke|p1|Zarude-Dada|\n|poke|p1|Reuniclus, M|\n|poke|p2|Iron Valiant|\n|poke|p2|Dragonite, M|\n|poke|p2|Corviknight, F|\n|poke|p2|Primarina, F|\n|poke|p2|Slowking-Galar, F|\n|poke|p2|Meowscarada, F|\n|teampreview\n|inactive|Battle timer is ON: inactive players will automatically lose when time's up. (requested by croutonvegetable)\n|\n|t:|1783801664\n|teamsize|p1|6\n|teamsize|p2|6\n|start\n|switch|p1a: Mienshao|Mienshao, M, shiny|100/100\n|switch|p2a: Meowscarada|Meowscarada, F, shiny|100/100\n|turn|1\n|\n|t:|1783801680\n|-terastallize|p2a: Meowscarada|Ghost\n|move|p1a: Mienshao|High Jump Kick|p2a: Meowscarada\n|-immune|p2a: Meowscarada\n|-damage|p1a: Mienshao|51/100|[from] highjumpkick\n|move|p2a: Meowscarada|Flower Trick|p1a: Mienshao\n|-crit|p1a: Mienshao\n|-damage|p1a: Mienshao|0 fnt\n|faint|p1a: Mienshao\n|\n|upkeep\n|inactive|Frabie has 120 seconds left.\n|\n|t:|1783801732\n|switch|p1a: Minior|Minior-Yellow|100/100\n|-formechange|p1a: Minior|Minior-Meteor||[from] ability: Shields Down\n|turn|2\n|inactive|croutonvegetable has 120 seconds left.\n|\n|t:|1783801767\n|move|p2a: Meowscarada|Flower Trick|p1a: Minior\n|-crit|p1a: Minior\n|-damage|p1a: Minior|34/100\n|move|p1a: Minior|Shell Smash|p1a: Minior\n|-unboost|p1a: Minior|def|1\n|-unboost|p1a: Minior|spd|1\n|-boost|p1a: Minior|atk|2\n|-boost|p1a: Minior|spa|2\n|-boost|p1a: Minior|spe|2\n|\n|-formechange|p1a: Minior|Minior-Yellow||[from] ability: Shields Down\n|upkeep\n|turn|3\n|inactive|croutonvegetable has 120 seconds left.\n|\n|t:|1783801789\n|switch|p2a: Corviknight|Corviknight, F, shiny|100/100\n|move|p1a: Minior|Power Gem|p2a: Corviknight\n|-damage|p2a: Corviknight|35/100\n|\n|upkeep\n|turn|4\n|inactive|croutonvegetable has 90 seconds left.\n|\n|t:|1783801827\n|move|p1a: Minior|Charge Beam|p2a: Corviknight\n|-supereffective|p2a: Corviknight\n|-damage|p2a: Corviknight|0 fnt\n|faint|p2a: Corviknight\n|\n|upkeep\n|\n|t:|1783801832\n|switch|p2a: Slowking|Slowking-Galar, F|100/100\n|turn|5\n|inactive|croutonvegetable has 90 seconds left.\n|inactive|Frabie has 120 seconds left.\n|\n|t:|1783801861\n|move|p1a: Minior|Earth Power|p2a: Slowking\n|-supereffective|p2a: Slowking\n|-damage|p2a: Slowking|5/100\n|move|p2a: Slowking|Ice Beam|p1a: Minior\n|-supereffective|p1a: Minior\n|-damage|p1a: Minior|0 fnt\n|faint|p1a: Minior\n|\n|upkeep\n|\n|t:|1783801874\n|switch|p1a: Reuniclus|Reuniclus, M, shiny|100/100\n|turn|6\n|\n|t:|1783801885\n|switch|p2a: Meowscarada|Meowscarada, F, shiny, tera:Ghost|100/100\n|move|p1a: Reuniclus|Psychic|p2a: Meowscarada\n|-damage|p2a: Meowscarada|34/100\n|\n|upkeep\n|turn|7\n|\n|t:|1783801892\n|move|p2a: Meowscarada|Knock Off|p1a: Reuniclus\n|-supereffective|p1a: Reuniclus\n|-damage|p1a: Reuniclus|25/100\n|-enditem|p1a: Reuniclus|Leftovers|[from] move: Knock Off|[of] p2a: Meowscarada\n|move|p1a: Reuniclus|Psychic|p2a: Meowscarada\n|-damage|p2a: Meowscarada|0 fnt\n|faint|p2a: Meowscarada\n|\n|upkeep\n|\n|t:|1783801900\n|switch|p2a: Slowking|Slowking-Galar, F|38/100\n|turn|8\n|inactive|Frabie has 120 seconds left.\n|\n|t:|1783801913\n|switch|p2a: Dragonite|Dragonite, M|100/100\n|move|p1a: Reuniclus|Recover|p1a: Reuniclus\n|-heal|p1a: Reuniclus|75/100\n|\n|upkeep\n|turn|9\n|\n|t:|1783801919\n|move|p2a: Dragonite|Dragon Dance|p2a: Dragonite\n|-boost|p2a: Dragonite|atk|1\n|-boost|p2a: Dragonite|spe|1\n|move|p1a: Reuniclus|Psychic|p2a: Dragonite\n|-damage|p2a: Dragonite|81/100\n|\n|upkeep\n|turn|10\n|\n|t:|1783801925\n|move|p2a: Dragonite|Dragon Dance|p2a: Dragonite\n|-boost|p2a: Dragonite|atk|1\n|-boost|p2a: Dragonite|spe|1\n|move|p1a: Reuniclus|Psychic|p2a: Dragonite\n|-damage|p2a: Dragonite|45/100\n|\n|upkeep\n|turn|11\n|inactive|croutonvegetable has 120 seconds left.\n|\n|t:|1783801932\n|move|p2a: Dragonite|Dragon Claw|p1a: Reuniclus\n|-damage|p1a: Reuniclus|0 fnt\n|faint|p1a: Reuniclus\n|\n|upkeep\n|\n|t:|1783801936\n|switch|p1a: Cloyster|Cloyster, M|100/100\n|turn|12\n|\n|t:|1783801941\n|move|p1a: Cloyster|Ice Shard|p2a: Dragonite\n|-supereffective|p2a: Dragonite\n|-damage|p2a: Dragonite|0 fnt\n|faint|p2a: Dragonite\n|\n|upkeep\n|inactive|croutonvegetable has 120 seconds left.\n|\n|t:|1783801963\n|switch|p2a: Iron Valiant|Iron Valiant|100/100\n|-enditem|p2a: Iron Valiant|Booster Energy\n|-activate|p2a: Iron Valiant|ability: Quark Drive|[fromitem]\n|-start|p2a: Iron Valiant|quarkdrivespa\n|turn|13\n|\n|t:|1783801972\n|move|p2a: Iron Valiant|Aura Sphere|p1a: Cloyster\n|-supereffective|p1a: Cloyster\n|-enditem|p1a: Cloyster|Focus Sash\n|-damage|p1a: Cloyster|1/100\n|move|p1a: Cloyster|Shell Smash|p1a: Cloyster\n|-unboost|p1a: Cloyster|def|1\n|-unboost|p1a: Cloyster|spd|1\n|-boost|p1a: Cloyster|atk|2\n|-boost|p1a: Cloyster|spa|2\n|-boost|p1a: Cloyster|spe|2\n|\n|upkeep\n|turn|14\n|\n|t:|1783801985\n|move|p1a: Cloyster|Icicle Spear|p2a: Iron Valiant\n|-damage|p2a: Iron Valiant|72/100\n|-damage|p2a: Iron Valiant|43/100\n|-damage|p2a: Iron Valiant|13/100\n|-damage|p2a: Iron Valiant|0 fnt\n|faint|p2a: Iron Valiant\n|-end|p2a: Iron Valiant|Quark Drive|[silent]\n|-hitcount|p2: Iron Valiant|4\n|\n|upkeep\n|\n|t:|1783801993\n|switch|p2a: Primarina|Primarina, F|100/100\n|turn|15\n|\n|t:|1783802000\n|move|p2a: Primarina|Protect|p2a: Primarina\n|-singleturn|p2a: Primarina|Protect\n|move|p1a: Cloyster|Icicle Spear|p2a: Primarina\n|-activate|p2a: Primarina|move: Protect\n|\n|upkeep\n|turn|16\n|\n|t:|1783802008\n|move|p1a: Cloyster|Icicle Spear|p2a: Primarina\n|-resisted|p2a: Primarina\n|-damage|p2a: Primarina|84/100\n|-resisted|p2a: Primarina\n|-damage|p2a: Primarina|66/100\n|-resisted|p2a: Primarina\n|-damage|p2a: Primarina|50/100\n|-resisted|p2a: Primarina\n|-damage|p2a: Primarina|33/100\n|-resisted|p2a: Primarina\n|-damage|p2a: Primarina|16/100\n|-hitcount|p2a: Primarina|5\n|move|p2a: Primarina|Moonblast|p1a: Cloyster\n|-damage|p1a: Cloyster|0 fnt\n|faint|p1a: Cloyster\n|\n|-heal|p2a: Primarina|22/100|[from] item: Leftovers\n|upkeep\n|\n|t:|1783802030\n|switch|p1a: Zarude|Zarude-Dada|100/100\n|turn|17\n|\n|t:|1783802036\n|-terastallize|p1a: Zarude|Poison\n|move|p2a: Primarina|Protect|p2a: Primarina\n|-singleturn|p2a: Primarina|Protect\n|move|p1a: Zarude|Trailblaze|p2a: Primarina\n|-activate|p2a: Primarina|move: Protect\n|\n|-heal|p2a: Primarina|28/100|[from] item: Leftovers\n|upkeep\n|turn|18\n|\n|t:|1783802047\n|switch|p2a: Slowking|Slowking-Galar, F|72/100\n|move|p1a: Zarude|Trailblaze|p2a: Slowking\n|-resisted|p2a: Slowking\n|-damage|p2a: Slowking|62/100\n|-boost|p1a: Zarude|spe|1\n|\n|upkeep\n|turn|19\n|\n|t:|1783802056\n|move|p1a: Zarude|Swords Dance|p1a: Zarude\n|-boost|p1a: Zarude|atk|2\n|move|p2a: Slowking|Psychic|p1a: Zarude\n|-supereffective|p1a: Zarude\n|-damage|p1a: Zarude|5/100\n|\n|upkeep\n|turn|20\n|\n|t:|1783802062\n|move|p1a: Zarude|Drain Punch|p2a: Slowking\n|-resisted|p2a: Slowking\n|-damage|p2a: Slowking|53/100\n|-heal|p1a: Zarude|10/100|[from] drain|[of] p2a: Slowking\n|move|p2a: Slowking|Psychic|p1a: Zarude\n|-supereffective|p1a: Zarude\n|-damage|p1a: Zarude|0 fnt\n|faint|p1a: Zarude\n|\n|upkeep\n|\n|t:|1783802065\n|switch|p1a: Haxorus|Haxorus, M|100/100\n|-ability|p1a: Haxorus|Mold Breaker\n|turn|21\n|\n|t:|1783802075\n|switch|p2a: Primarina|Primarina, F|28/100\n|move|p1a: Haxorus|Dragon Dance|p1a: Haxorus\n|-boost|p1a: Haxorus|atk|1\n|-boost|p1a: Haxorus|spe|1\n|\n|-heal|p2a: Primarina|34/100|[from] item: Leftovers\n|upkeep\n|turn|22\n|\n|t:|1783802082\n|move|p2a: Primarina|Protect|p2a: Primarina\n|-singleturn|p2a: Primarina|Protect\n|move|p1a: Haxorus|Iron Head|p2a: Primarina\n|-activate|p2a: Primarina|move: Protect\n|\n|-heal|p2a: Primarina|40/100|[from] item: Leftovers\n|upkeep\n|turn|23\n|\n|t:|1783802089\n|move|p1a: Haxorus|Iron Head|p2a: Primarina\n|-damage|p2a: Primarina|0 fnt\n|faint|p2a: Primarina\n|\n|upkeep\n|\n|t:|1783802093\n|switch|p2a: Slowking|Slowking-Galar, F|86/100\n|turn|24\n|\n|t:|1783802097\n|move|p1a: Haxorus|Earthquake|p2a: Slowking\n|-supereffective|p2a: Slowking\n|-damage|p2a: Slowking|1/100\n|move|p2a: Slowking|Ice Beam|p1a: Haxorus\n|-supereffective|p1a: Haxorus\n|-damage|p1a: Haxorus|0 fnt\n|faint|p1a: Haxorus\n|\n|win|croutonvegetable\n|raw|Frabie's rating: 1121 &rarr; <strong>1098</strong><br />(-23 for losing)\n|raw|croutonvegetable's rating: 1155 &rarr; <strong>1178</strong><br />(+23 for winning)\n|c|☆croutonvegetable|gg\n|c|☆Frabie|gg\n|c|☆croutonvegetable|cool team\n|c|☆croutonvegetable|never played minior before\n|l|☆croutonvegetable\n|player|p2|\n", "uploadtime": 1783802487, "views": 4, "formatid": "gen9ou", "rating": 1098, "private": 0, "password": null}