{"id": "gen9ou-2647752010", "format": "[Gen 9] OU", "players": ["lmzk", "masuel_SUS"], "log": "|j|☆lmzk\n|j|☆masuel_SUS\n|t:|1783806575\n|gametype|singles\n|player|p1|lmzk|cynthia-gen4|1159\n|player|p2|masuel_SUS|266|1163\n|gen|9\n|tier|[Gen 9] OU\n|rated|\n|rule|HP Percentage Mod: HP is shown in percentages\n|rule|Endless Battle Clause: Forcing endless battles is banned\n|rule|Species Clause: Limit one of each Pokémon\n|rule|OHKO Clause: OHKO moves are banned\n|rule|Evasion Items Clause: Evasion items are banned\n|rule|Evasion Moves Clause: Evasion moves are banned\n|rule|Evasion Abilities Clause: Evasion abilities are banned\n|rule|Sleep Moves Clause: Sleep-inducing moves are banned\n|clearpoke\n|poke|p1|Garganacl, M|\n|poke|p1|Rotom-Wash|\n|poke|p1|Blaziken, M|\n|poke|p1|Excadrill, M|\n|poke|p1|Dragapult, M|\n|poke|p1|Abomasnow, M|\n|poke|p2|Clodsire, M|\n|poke|p2|Ogerpon, F|\n|poke|p2|Corviknight, M|\n|poke|p2|Dragapult, F|\n|poke|p2|Moltres|\n|poke|p2|Iron Valiant|\n|teampreview\n|inactive|Battle timer is ON: inactive players will automatically lose when time's up. (requested by masuel_SUS)\n|\n|t:|1783806603\n|teamsize|p1|6\n|teamsize|p2|6\n|start\n|switch|p1a: Abomasnow|Abomasnow, M|100/100\n|switch|p2a: Iron Valiant|Iron Valiant|100/100\n|-weather|Snowscape|[from] ability: Snow Warning|[of] p1a: Abomasnow\n|turn|1\n|\n|t:|1783806618\n|move|p2a: Iron Valiant|Calm Mind|p2a: Iron Valiant\n|-boost|p2a: Iron Valiant|spa|1\n|-boost|p2a: Iron Valiant|spd|1\n|move|p1a: Abomasnow|Aurora Veil|p1a: Abomasnow\n|-sidestart|p1: lmzk|move: Aurora Veil\n|\n|-weather|Snowscape|[upkeep]\n|upkeep\n|turn|2\n|inactive|lmzk has 120 seconds left.\n|\n|t:|1783806644\n|switch|p1a: Blaziken|Blaziken, M, shiny|100/100\n|move|p2a: Iron Valiant|Calm Mind|p2a: Iron Valiant\n|-boost|p2a: Iron Valiant|spa|1\n|-boost|p2a: Iron Valiant|spd|1\n|\n|-weather|Snowscape|[upkeep]\n|upkeep\n|turn|3\n|inactive|lmzk has 120 seconds left.\n|\n|t:|1783806660\n|move|p2a: Iron Valiant|Aura Sphere|p1a: Blaziken\n|-damage|p1a: Blaziken|40/100\n|move|p1a: Blaziken|Flare Blitz|p2a: Iron Valiant\n|-enditem|p2a: Iron Valiant|Focus Sash\n|-damage|p2a: Iron Valiant|1/100\n|-damage|p1a: Blaziken|8/100|[from] Recoil\n|-damage|p1a: Blaziken|0 fnt|[from] item: Life Orb\n|faint|p1a: Blaziken\n|\n|-weather|Snowscape|[upkeep]\n|upkeep\n|\n|t:|1783806672\n|switch|p1a: Dragapult|Dragapult, M, shiny|100/100\n|turn|4\n|\n|t:|1783806678\n|-end|p2a: Iron Valiant|Quark Drive|[silent]\n|switch|p2a: Clodsire|Clodsire, M|100/100\n|move|p1a: Dragapult|U-turn|p2a: Clodsire\n|-resisted|p2a: Clodsire\n|-damage|p2a: Clodsire|92/100\n|\n|t:|1783806690\n|switch|p1a: Abomasnow|Abomasnow, M|100/100|[from] U-turn\n|\n|-weather|Snowscape|[upkeep]\n|-heal|p2a: Clodsire|98/100|[from] item: Leftovers\n|upkeep\n|turn|5\n|\n|t:|1783806697\n|switch|p2a: Moltres|Moltres|100/100\n|move|p1a: Abomasnow|Blizzard|p2a: Moltres\n|-damage|p2a: Moltres|47/100\n|\n|-weather|none\n|-sideend|p1: lmzk|move: Aurora Veil\n|upkeep\n|turn|6\n|inactive|lmzk has 120 seconds left.\n|\n|t:|1783806707\n|switch|p1a: Rotom|Rotom-Wash, shiny|100/100\n|move|p2a: Moltres|Flamethrower|p1a: Rotom\n|-resisted|p1a: Rotom\n|-damage|p1a: Rotom|82/100\n|\n|-heal|p1a: Rotom|89/100|[from] item: Leftovers\n|upkeep\n|turn|7\n|inactive|lmzk has 120 seconds left.\n|\n|t:|1783806717\n|switch|p2a: Ogerpon|Ogerpon, F|100/100\n|move|p1a: Rotom|Thunderbolt|p2a: Ogerpon\n|-resisted|p2a: Ogerpon\n|-damage|p2a: Ogerpon|82/100\n|\n|-heal|p1a: Rotom|95/100|[from] item: Leftovers\n|upkeep\n|turn|8\n|inactive|lmzk has 120 seconds left.\n|\n|t:|1783806729\n|-terastallize|p2a: Ogerpon|Grass\n|detailschange|p2a: Ogerpon|Ogerpon-Teal-Tera, F, tera:Grass\n|-ability|p2a: Ogerpon|Embody Aspect (Teal)|boost\n|-boost|p2a: Ogerpon|spe|1\n|move|p2a: Ogerpon|Ivy Cudgel|p1a: Rotom\n|-supereffective|p1a: Rotom\n|-damage|p1a: Rotom|0 fnt\n|faint|p1a: Rotom\n|-damage|p2a: Ogerpon|72/100|[from] item: Life Orb\n|\n|upkeep\n|inactive|lmzk has 120 seconds left.\n|\n|t:|1783806750\n|switch|p1a: Abomasnow|Abomasnow, M|100/100\n|-weather|Snowscape|[from] ability: Snow Warning|[of] p1a: Abomasnow\n|turn|9\n|\n|t:|1783806754\n|move|p2a: Ogerpon|U-turn|p1a: Abomasnow\n|-supereffective|p1a: Abomasnow\n|-crit|p1a: Abomasnow\n|-damage|p1a: Abomasnow|37/100\n|-damage|p2a: Ogerpon|62/100|[from] item: Life Orb\n|\n|t:|1783806765\n|switch|p2a: Iron Valiant|Iron Valiant|1/100|[from] U-turn\n|move|p1a: Abomasnow|Aurora Veil|p1a: Abomasnow\n|-sidestart|p1: lmzk|move: Aurora Veil\n|\n|-weather|Snowscape|[upkeep]\n|upkeep\n|turn|10\n|\n|t:|1783806775\n|move|p2a: Iron Valiant|Aura Sphere|p1a: Abomasnow\n|-supereffective|p1a: Abomasnow\n|-damage|p1a: Abomasnow|0 fnt\n|faint|p1a: Abomasnow\n|\n|-weather|Snowscape|[upkeep]\n|upkeep\n|\n|t:|1783806784\n|switch|p1a: Dragapult|Dragapult, M, shiny|100/100\n|turn|11\n|\n|t:|1783806789\n|move|p1a: Dragapult|Flamethrower|p2a: Iron Valiant\n|-damage|p2a: Iron Valiant|0 fnt\n|faint|p2a: Iron Valiant\n|-end|p2a: Iron Valiant|Quark Drive|[silent]\n|\n|-weather|Snowscape|[upkeep]\n|upkeep\n|\n|t:|1783806795\n|switch|p2a: Clodsire|Clodsire, M|98/100\n|turn|12\n|\n|t:|1783806803\n|move|p1a: Dragapult|Flamethrower|p2a: Clodsire\n|-damage|p2a: Clodsire|74/100\n|move|p2a: Clodsire|Toxic|p1a: Dragapult\n|-status|p1a: Dragapult|tox\n|\n|-weather|Snowscape|[upkeep]\n|-heal|p2a: Clodsire|81/100|[from] item: Leftovers\n|-damage|p1a: Dragapult|95/100 tox|[from] psn\n|upkeep\n|turn|13\n|\n|t:|1783806811\n|switch|p1a: Excadrill|Excadrill, M|100/100\n|-ability|p1a: Excadrill|Mold Breaker\n|move|p2a: Clodsire|Earthquake|p1a: Excadrill\n|-supereffective|p1a: Excadrill\n|-damage|p1a: Excadrill|60/100\n|\n|-weather|none\n|-heal|p2a: Clodsire|87/100|[from] item: Leftovers\n|-sideend|p1: lmzk|move: Aurora Veil\n|upkeep\n|turn|14\n|\n|t:|1783806822\n|switch|p2a: Moltres|Moltres|47/100\n|move|p1a: Excadrill|Earthquake|p2a: Moltres\n|-immune|p2a: Moltres\n|\n|upkeep\n|turn|15\n|\n|t:|1783806852\n|move|p1a: Excadrill|Rapid Spin|p2a: Moltres\n|-damage|p2a: Moltres|33/100\n|-boost|p1a: Excadrill|spe|1\n|move|p2a: Moltres|Roost|p2a: Moltres\n|-heal|p2a: Moltres|83/100\n|-singleturn|p2a: Moltres|move: Roost\n|\n|upkeep\n|turn|16\n|\n|t:|1783806862\n|switch|p1a: Garganacl|Garganacl, M, shiny|100/100\n|move|p2a: Moltres|Flamethrower|p1a: Garganacl\n|-resisted|p1a: Garganacl\n|-damage|p1a: Garganacl|87/100\n|\n|-heal|p1a: Garganacl|93/100|[from] item: Leftovers\n|upkeep\n|turn|17\n|\n|t:|1783806869\n|move|p2a: Moltres|U-turn|p1a: Garganacl\n|-damage|p1a: Garganacl|83/100\n|\n|t:|1783806873\n|switch|p2a: Ogerpon|Ogerpon-Teal-Tera, F, tera:Grass|62/100|[from] U-turn\n|-ability|p2a: Ogerpon|Embody Aspect (Teal)|boost\n|-boost|p2a: Ogerpon|spe|1\n|move|p1a: Garganacl|Salt Cure|p2a: Ogerpon\n|-damage|p2a: Ogerpon|45/100\n|-start|p2a: Ogerpon|Salt Cure\n|\n|-heal|p1a: Garganacl|89/100|[from] item: Leftovers\n|-damage|p2a: Ogerpon|33/100|[from] Salt Cure\n|upkeep\n|turn|18\n|\n|t:|1783806888\n|move|p2a: Ogerpon|Ivy Cudgel|p1a: Garganacl\n|-supereffective|p1a: Garganacl\n|-damage|p1a: Garganacl|0 fnt\n|faint|p1a: Garganacl\n|-damage|p2a: Ogerpon|23/100|[from] item: Life Orb\n|\n|-damage|p2a: Ogerpon|11/100|[from] Salt Cure\n|upkeep\n|\n|t:|1783806902\n|switch|p1a: Dragapult|Dragapult, M, shiny|95/100 tox\n|turn|19\n|\n|t:|1783806907\n|move|p2a: Ogerpon|Knock Off|p1a: Dragapult\n|-supereffective|p1a: Dragapult\n|-damage|p1a: Dragapult|0 fnt\n|-enditem|p1a: Dragapult|Choice Specs|[from] move: Knock Off|[of] p2a: Ogerpon\n|faint|p1a: Dragapult\n|-damage|p2a: Ogerpon|1/100|[from] item: Life Orb\n|\n|-damage|p2a: Ogerpon|0 fnt|[from] Salt Cure\n|faint|p2a: Ogerpon\n|detailschange|p2: Ogerpon|Ogerpon, F|[silent]\n|upkeep\n|\n|t:|1783806918\n|switch|p1a: Excadrill|Excadrill, M|60/100\n|switch|p2a: Moltres|Moltres|83/100\n|-ability|p1a: Excadrill|Mold Breaker\n|turn|20\n|-message|lmzk forfeited.\n|\n|win|masuel_SUS\n|raw|lmzk's rating: 1159 &rarr; <strong>1134</strong><br />(-25 for losing)\n|raw|masuel_SUS's rating: 1163 &rarr; <strong>1188</strong><br />(+25 for winning)\n|l|☆lmzk\n|player|p1|\n|l|☆masuel_SUS\n|player|p2|\n", "uploadtime": 1783807309, "views": 4, "formatid": "gen9ou", "rating": 1134, "private": 0, "password": null}