{"id": "gen9ou-2647753649", "format": "[Gen 9] OU", "players": ["yaretherenooonames", "917Kevin"], "log": "|j|☆yaretherenooonames\n|j|☆917Kevin\n|t:|1783806838\n|gametype|singles\n|player|p1|yaretherenooonames|1|1234\n|player|p2|917Kevin|hugh|1247\n|gen|9\n|tier|[Gen 9] OU\n|rated|\n|rule|HP Percentage Mod: HP is shown in percentages\n|rule|Endless Battle Clause: Forcing endless battles is banned\n|rule|Species Clause: Limit one of each Pokémon\n|rule|OHKO Clause: OHKO moves are banned\n|rule|Evasion Items Clause: Evasion items are banned\n|rule|Evasion Moves Clause: Evasion moves are banned\n|rule|Evasion Abilities Clause: Evasion abilities are banned\n|rule|Sleep Moves Clause: Sleep-inducing moves are banned\n|clearpoke\n|poke|p1|Kyurem|\n|poke|p1|Gengar, F|\n|poke|p1|Tentacruel, F|\n|poke|p1|Toxapex, F|\n|poke|p1|Garganacl, F|\n|poke|p1|Ting-Lu|\n|poke|p2|Weavile, M|\n|poke|p2|Gardevoir, F|\n|poke|p2|Garchomp, M|\n|poke|p2|Scizor, M|\n|poke|p2|Infernape, M|\n|poke|p2|Blastoise, M|\n|teampreview\n|inactive|Battle timer is ON: inactive players will automatically lose when time's up. (requested by 917Kevin)\n|inactive|yaretherenooonames has 120 seconds left.\n|\n|t:|1783806876\n|teamsize|p1|6\n|teamsize|p2|6\n|start\n|switch|p1a: Garganacl|Garganacl, F|100/100\n|switch|p2a: Weavile|Weavile, M|100/100\n|-ability|p2a: Weavile|Pressure\n|turn|1\n|\n|t:|1783806882\n|move|p2a: Weavile|Fake Out|p1a: Garganacl\n|-resisted|p1a: Garganacl\n|-damage|p1a: Garganacl|97/100\n|cant|p1a: Garganacl|flinch\n|\n|-heal|p1a: Garganacl|100/100|[from] item: Leftovers\n|upkeep\n|turn|2\n|\n|t:|1783806889\n|move|p2a: Weavile|Knock Off|p1a: Garganacl\n|-damage|p1a: Garganacl|75/100\n|-enditem|p1a: Garganacl|Leftovers|[from] move: Knock Off|[of] p2a: Weavile\n|move|p1a: Garganacl|Body Press|p2a: Weavile\n|-supereffective|p2a: Weavile\n|-crit|p2a: Weavile\n|-enditem|p2a: Weavile|Focus Sash\n|-damage|p2a: Weavile|1/100\n|\n|upkeep\n|turn|3\n|\n|t:|1783806908\n|switch|p2a: Blastoise|Blastoise, M|100/100\n|move|p1a: Garganacl|Recover|p1a: Garganacl\n|-heal|p1a: Garganacl|100/100\n|\n|upkeep\n|turn|4\n|\n|t:|1783806918\n|move|p2a: Blastoise|Surf|p1a: Garganacl\n|-supereffective|p1a: Garganacl\n|-damage|p1a: Garganacl|35/100\n|move|p1a: Garganacl|Salt Cure|p2a: Blastoise\n|-damage|p2a: Blastoise|85/100\n|-start|p2a: Blastoise|Salt Cure\n|\n|-damage|p2a: Blastoise|61/100|[from] Salt Cure\n|upkeep\n|turn|5\n|\n|t:|1783806927\n|switch|p1a: Toxapex|Toxapex, F|100/100\n|move|p2a: Blastoise|Surf|p1a: Toxapex\n|-resisted|p1a: Toxapex\n|-damage|p1a: Toxapex|89/100\n|\n|-heal|p1a: Toxapex|95/100|[from] item: Leftovers\n|-damage|p2a: Blastoise|36/100|[from] Salt Cure\n|upkeep\n|turn|6\n|\n|t:|1783806935\n|switch|p2a: Weavile|Weavile, M|1/100\n|-ability|p2a: Weavile|Pressure\n|move|p1a: Toxapex|Toxic|p2a: Weavile\n|-status|p2a: Weavile|tox\n|\n|-heal|p1a: Toxapex|100/100|[from] item: Leftovers\n|-damage|p2a: Weavile|0 fnt|[from] psn\n|faint|p2a: Weavile\n|upkeep\n|\n|t:|1783806944\n|switch|p2a: Gardevoir|Gardevoir, F|100/100\n|-ability|p2a: Gardevoir|Regenerator|Trace|[from] ability: Trace|[of] p1a: Toxapex\n|turn|7\n|\n|t:|1783806950\n|move|p2a: Gardevoir|Psychic|p1a: Toxapex\n|-supereffective|p1a: Toxapex\n|-damage|p1a: Toxapex|35/100\n|move|p1a: Toxapex|Toxic|p2a: Gardevoir\n|-status|p2a: Gardevoir|tox\n|\n|-heal|p1a: Toxapex|41/100|[from] item: Leftovers\n|-damage|p2a: Gardevoir|94/100 tox|[from] psn\n|upkeep\n|turn|8\n|\n|t:|1783806957\n|switch|p1a: Ting-Lu|Ting-Lu|100/100\n|-ability|p1a: Ting-Lu|Vessel of Ruin\n|move|p2a: Gardevoir|Psychic|p1a: Ting-Lu\n|-immune|p1a: Ting-Lu\n|\n|-damage|p2a: Gardevoir|82/100 tox|[from] psn\n|upkeep\n|turn|9\n|\n|t:|1783806968\n|switch|p2a: Infernape|Infernape, M|100/100\n|switch|p1a: Toxapex|Toxapex, F|74/100\n|\n|-heal|p1a: Toxapex|80/100|[from] item: Leftovers\n|upkeep\n|turn|10\n|\n|t:|1783806975\n|move|p2a: Infernape|Thunder Punch|p1a: Toxapex\n|-supereffective|p1a: Toxapex\n|-damage|p1a: Toxapex|39/100\n|move|p1a: Toxapex|Toxic|p2a: Infernape\n|-status|p2a: Infernape|tox\n|\n|-heal|p1a: Toxapex|45/100|[from] item: Leftovers\n|-damage|p2a: Infernape|94/100 tox|[from] psn\n|upkeep\n|turn|11\n|\n|t:|1783806983\n|move|p2a: Infernape|Close Combat|p1a: Toxapex\n|-resisted|p1a: Toxapex\n|-damage|p1a: Toxapex|26/100\n|-unboost|p2a: Infernape|def|1\n|-unboost|p2a: Infernape|spd|1\n|move|p1a: Toxapex|Pain Split|p2a: Infernape\n|-sethp|p2a: Infernape|60/100 tox|[from] move: Pain Split|[silent]\n|-sethp|p1a: Toxapex|58/100|[from] move: Pain Split\n|\n|-heal|p1a: Toxapex|64/100|[from] item: Leftovers\n|-damage|p2a: Infernape|48/100 tox|[from] psn\n|upkeep\n|turn|12\n|\n|t:|1783806993\n|move|p1a: Toxapex|Baneful Bunker|p1a: Toxapex\n|-singleturn|p1a: Toxapex|move: Protect\n|move|p2a: Infernape|Thunder Punch|p1a: Toxapex\n|-activate|p1a: Toxapex|move: Protect\n|\n|-heal|p1a: Toxapex|70/100|[from] item: Leftovers\n|-damage|p2a: Infernape|30/100 tox|[from] psn\n|upkeep\n|turn|13\n|-message|917Kevin forfeited.\n|\n|win|yaretherenooonames\n|raw|yaretherenooonames's rating: 1234 &rarr; <strong>1260</strong><br />(+26 for winning)\n|raw|917Kevin's rating: 1247 &rarr; <strong>1221</strong><br />(-26 for losing)\n|l|☆917Kevin\n|player|p2|\n", "uploadtime": 1783807309, "views": 8, "formatid": "gen9ou", "rating": 1221, "private": 0, "password": null}