{"id": "gen9ou-2639246722", "format": "[Gen 9] OU", "players": ["GooberGary", "Smash BrOUs"], "log": "|j|☆GooberGary\n|j|☆Smash BrOUs\n|t:|1782439932\n|gametype|singles\n|player|p1|GooberGary|169|1459\n|player|p2|Smash BrOUs|wallace|1419\n|gen|9\n|tier|[Gen 9] OU\n|rated|\n|rule|HP Percentage Mod: HP is shown in percentages\n|rule|Endless Battle Clause: Forcing endless battles is banned\n|rule|Species Clause: Limit one of each Pokémon\n|rule|OHKO Clause: OHKO moves are banned\n|rule|Evasion Items Clause: Evasion items are banned\n|rule|Evasion Moves Clause: Evasion moves are banned\n|rule|Evasion Abilities Clause: Evasion abilities are banned\n|rule|Sleep Moves Clause: Sleep-inducing moves are banned\n|clearpoke\n|poke|p1|Corviknight, M|\n|poke|p1|Clefable, F|\n|poke|p1|Alomomola, M|\n|poke|p1|Clodsire, F|\n|poke|p1|Toxapex, F|\n|poke|p1|Quagsire, F|\n|poke|p2|Torterra, M|\n|poke|p2|Polteageist|\n|poke|p2|Cloyster, F|\n|poke|p2|Minior-Green|\n|poke|p2|Blastoise, M|\n|poke|p2|Drednaw, M|\n|teampreview\n|inactive|Battle timer is ON: inactive players will automatically lose when time's up. (requested by Smash BrOUs)\n|inactive|GooberGary also wants the timer to be on.\n|inactive|Smash BrOUs has 120 seconds left.\n|\n|t:|1782439969\n|teamsize|p1|6\n|teamsize|p2|6\n|start\n|switch|p1a: Quagsire|Quagsire, F|100/100\n|switch|p2a: Little Mac|Torterra, M|100/100\n|turn|1\n|\n|t:|1782439976\n|move|p2a: Little Mac|Bullet Seed|p1a: Quagsire\n|-supereffective|p1a: Quagsire\n|-damage|p1a: Quagsire|67/100\n|-supereffective|p1a: Quagsire\n|-damage|p1a: Quagsire|36/100\n|-supereffective|p1a: Quagsire\n|-damage|p1a: Quagsire|1/100\n|-supereffective|p1a: Quagsire\n|-damage|p1a: Quagsire|0 fnt\n|faint|p1a: Quagsire\n|-hitcount|p1: Quagsire|4\n|\n|upkeep\n|\n|t:|1782439986\n|switch|p1a: Clodsire|Clodsire, F|100/100\n|turn|2\n|\n|t:|1782439992\n|move|p2a: Little Mac|Headlong Rush|p1a: Clodsire\n|-supereffective|p1a: Clodsire\n|-crit|p1a: Clodsire\n|-damage|p1a: Clodsire|0 fnt\n|-unboost|p2a: Little Mac|def|1\n|-unboost|p2a: Little Mac|spd|1\n|faint|p1a: Clodsire\n|\n|upkeep\n|\n|t:|1782439998\n|switch|p1a: Toxapex|Toxapex, F|100/100\n|turn|3\n|\n|t:|1782440002\n|switch|p2a: Wii Fit Trainer|Minior-Green|100/100\n|-formechange|p2a: Wii Fit Trainer|Minior-Meteor||[from] ability: Shields Down\n|move|p1a: Toxapex|Toxic|p2a: Wii Fit Trainer\n|-immune|p2a: Wii Fit Trainer|[from] ability: Shields Down\n|\n|upkeep\n|turn|4\n|\n|t:|1782440011\n|move|p2a: Wii Fit Trainer|Shell Smash|p2a: Wii Fit Trainer\n|-unboost|p2a: Wii Fit Trainer|def|1\n|-unboost|p2a: Wii Fit Trainer|spd|1\n|-boost|p2a: Wii Fit Trainer|atk|2\n|-boost|p2a: Wii Fit Trainer|spa|2\n|-boost|p2a: Wii Fit Trainer|spe|2\n|move|p1a: Toxapex|Poison Jab|p2a: Wii Fit Trainer\n|-resisted|p2a: Wii Fit Trainer\n|-damage|p2a: Wii Fit Trainer|82/100\n|\n|upkeep\n|turn|5\n|\n|t:|1782440022\n|switch|p1a: Alomomola|Alomomola, M|100/100\n|move|p2a: Wii Fit Trainer|Earthquake|p1a: Alomomola\n|-damage|p1a: Alomomola|70/100\n|\n|upkeep\n|turn|6\n|\n|t:|1782440028\n|move|p2a: Wii Fit Trainer|Power Gem|p1a: Alomomola\n|-damage|p1a: Alomomola|25/100\n|move|p1a: Alomomola|Flip Turn|p2a: Wii Fit Trainer\n|-supereffective|p2a: Wii Fit Trainer\n|-damage|p2a: Wii Fit Trainer|18/100\n|\n|t:|1782440036\n|switch|p1a: Toxapex|Toxapex, F|100/100|[from] Flip Turn\n|\n|-formechange|p2a: Wii Fit Trainer|Minior-Green||[from] ability: Shields Down\n|upkeep\n|turn|7\n|\n|t:|1782440044\n|move|p2a: Wii Fit Trainer|Earthquake|p1a: Toxapex\n|-supereffective|p1a: Toxapex\n|-damage|p1a: Toxapex|27/100\n|move|p1a: Toxapex|Poison Jab|p2a: Wii Fit Trainer\n|-resisted|p2a: Wii Fit Trainer\n|-damage|p2a: Wii Fit Trainer|0 fnt\n|faint|p2a: Wii Fit Trainer\n|\n|upkeep\n|\n|t:|1782440051\n|switch|p2a: Mr. Game & Watch|Polteageist|100/100\n|turn|8\n|\n|t:|1782440055\n|move|p2a: Mr. Game & Watch|Shadow Ball|p1a: Toxapex\n|-damage|p1a: Toxapex|0 fnt\n|faint|p1a: Toxapex\n|\n|upkeep\n|\n|t:|1782440058\n|switch|p1a: Alomomola|Alomomola, M|59/100\n|turn|9\n|\n|t:|1782440061\n|move|p2a: Mr. Game & Watch|Shell Smash|p2a: Mr. Game & Watch\n|-unboost|p2a: Mr. Game & Watch|def|1\n|-unboost|p2a: Mr. Game & Watch|spd|1\n|-boost|p2a: Mr. Game & Watch|atk|2\n|-boost|p2a: Mr. Game & Watch|spa|2\n|-boost|p2a: Mr. Game & Watch|spe|2\n|move|p1a: Alomomola|Mirror Coat||[still]\n|-fail|p1a: Alomomola\n|\n|upkeep\n|turn|10\n|\n|t:|1782440067\n|switch|p1a: Corviknight|Corviknight, M|100/100\n|-ability|p1a: Corviknight|Pressure\n|move|p2a: Mr. Game & Watch|Stored Power|p1a: Corviknight\n|-resisted|p1a: Corviknight\n|-damage|p1a: Corviknight|45/100\n|\n|upkeep\n|turn|11\n|\n|t:|1782440076\n|switch|p1a: Clefable|Clefable, F|100/100\n|move|p2a: Mr. Game & Watch|Shell Smash|p2a: Mr. Game & Watch\n|-unboost|p2a: Mr. Game & Watch|def|1\n|-unboost|p2a: Mr. Game & Watch|spd|1\n|-boost|p2a: Mr. Game & Watch|atk|2\n|-boost|p2a: Mr. Game & Watch|spa|2\n|-boost|p2a: Mr. Game & Watch|spe|2\n|\n|upkeep\n|turn|12\n|\n|t:|1782440082\n|move|p2a: Mr. Game & Watch|Shell Smash|p2a: Mr. Game & Watch\n|-unboost|p2a: Mr. Game & Watch|def|1\n|-unboost|p2a: Mr. Game & Watch|spd|1\n|-boost|p2a: Mr. Game & Watch|atk|2\n|-boost|p2a: Mr. Game & Watch|spa|2\n|-boost|p2a: Mr. Game & Watch|spe|2\n|move|p1a: Clefable|Knock Off|p2a: Mr. Game & Watch\n|-supereffective|p2a: Mr. Game & Watch\n|-enditem|p2a: Mr. Game & Watch|Focus Sash\n|-damage|p2a: Mr. Game & Watch|1/100\n|-ability|p2a: Mr. Game & Watch|Weak Armor|boost\n|-unboost|p2a: Mr. Game & Watch|def|1\n|\n|upkeep\n|turn|13\n|\n|t:|1782440092\n|move|p2a: Mr. Game & Watch|Stored Power|p1a: Clefable\n|-crit|p1a: Clefable\n|-damage|p1a: Clefable|0 fnt\n|faint|p1a: Clefable\n|\n|upkeep\n|\n|t:|1782440096\n|switch|p1a: Alomomola|Alomomola, M|92/100\n|turn|14\n|c|☆Smash BrOUs|Got any dark tera?\n|c|☆GooberGary|Loving these crits <3\n|\n|t:|1782440117\n|move|p1a: Alomomola|Protect|p1a: Alomomola\n|-singleturn|p1a: Alomomola|Protect\n|move|p2a: Mr. Game & Watch|Stored Power|p1a: Alomomola\n|-activate|p1a: Alomomola|move: Protect\n|\n|upkeep\n|turn|15\n|\n|t:|1782440122\n|move|p2a: Mr. Game & Watch|Stored Power|p1a: Alomomola\n|-damage|p1a: Alomomola|0 fnt\n|faint|p1a: Alomomola\n|\n|upkeep\n|\n|t:|1782440124\n|switch|p1a: Corviknight|Corviknight, M|45/100\n|-ability|p1a: Corviknight|Pressure\n|turn|16\n|\n|t:|1782440129\n|move|p2a: Mr. Game & Watch|Stored Power|p1a: Corviknight\n|-resisted|p1a: Corviknight\n|-damage|p1a: Corviknight|0 fnt\n|faint|p1a: Corviknight\n|\n|win|Smash BrOUs\n|raw|GooberGary's rating: 1459 &rarr; <strong>1437</strong><br />(-22 for losing)\n|raw|Smash BrOUs's rating: 1419 &rarr; <strong>1441</strong><br />(+22 for winning)\n|l|☆GooberGary\n|player|p1|\n|l|☆Smash BrOUs\n|player|p2|\n", "uploadtime": 1782440442, "views": 6, "formatid": "gen9ou", "rating": 1437, "private": 0, "password": null}