{"id": "gen9ou-2639309977", "format": "[Gen 9] OU", "players": ["msean3", "flylover42"], "log": "|j|‽msean3\n|j|☆flylover42\n|t:|1782450489\n|gametype|singles\n|player|p1|msean3|101|1560\n|player|p2|flylover42|lady|1501\n|gen|9\n|tier|[Gen 9] OU\n|rated|\n|rule|HP Percentage Mod: HP is shown in percentages\n|rule|Endless Battle Clause: Forcing endless battles is banned\n|rule|Species Clause: Limit one of each Pokémon\n|rule|OHKO Clause: OHKO moves are banned\n|rule|Evasion Items Clause: Evasion items are banned\n|rule|Evasion Moves Clause: Evasion moves are banned\n|rule|Evasion Abilities Clause: Evasion abilities are banned\n|rule|Sleep Moves Clause: Sleep-inducing moves are banned\n|clearpoke\n|poke|p1|Darkrai|\n|poke|p1|Alomomola, F|\n|poke|p1|Corviknight, F|\n|poke|p1|Weezing-Galar, M|\n|poke|p1|Garchomp, M|\n|poke|p1|Ogerpon, F|\n|poke|p2|Indeedee, M|\n|poke|p2|Armarouge, M|\n|poke|p2|Hatterene, F|\n|poke|p2|Polteageist|\n|poke|p2|Hawlucha, F|\n|poke|p2|Maushold|\n|teampreview\n|\n|t:|1782450498\n|teamsize|p1|6\n|teamsize|p2|6\n|start\n|switch|p1a: Darkrai|Darkrai|100/100\n|switch|p2a: Indeedee|Indeedee, M|100/100\n|-fieldstart|move: Psychic Terrain|[from] ability: Psychic Surge|[of] p2a: Indeedee\n|turn|1\n|\n|t:|1782450506\n|switch|p2a: Hatterene|Hatterene, F|100/100\n|move|p1a: Darkrai|Dark Pulse|p2a: Hatterene\n|-damage|p2a: Hatterene|35/100\n|-enditem|p2a: Hatterene|Eject Button\n|\n|t:|1782450511\n|switch|p2a: Armarouge|Armarouge, M|100/100\n|\n|upkeep\n|turn|2\n|\n|t:|1782450513\n|move|p2a: Armarouge|Endure|p2a: Armarouge\n|-singleturn|p2a: Armarouge|move: Endure\n|move|p1a: Darkrai|Dark Pulse|p2a: Armarouge\n|-supereffective|p2a: Armarouge\n|-activate|p2a: Armarouge|move: Endure\n|-damage|p2a: Armarouge|1/100\n|-enditem|p2a: Armarouge|Weakness Policy\n|-boost|p2a: Armarouge|atk|2|[from] item: Weakness Policy\n|-boost|p2a: Armarouge|spa|2|[from] item: Weakness Policy\n|\n|upkeep\n|turn|3\n|\n|t:|1782450522\n|switch|p1a: Weezing|Weezing-Galar, M|100/100\n|-ability|p1a: Weezing|Neutralizing Gas\n|move|p2a: Armarouge|Aura Sphere|p1a: Weezing\n|-resisted|p1a: Weezing\n|-damage|p1a: Weezing|81/100\n|\n|-heal|p1a: Weezing|87/100|[from] item: Leftovers\n|upkeep\n|turn|4\n|\n|t:|1782450527\n|move|p2a: Armarouge|Armor Cannon|p1a: Weezing\n|-damage|p1a: Weezing|0 fnt\n|-unboost|p2a: Armarouge|def|1\n|-unboost|p2a: Armarouge|spd|1\n|faint|p1a: Weezing\n|-end|p1a: Weezing|ability: Neutralizing Gas\n|\n|upkeep\n|\n|t:|1782450529\n|switch|p1a: Alomomola|Alomomola, F|100/100\n|turn|5\n|\n|t:|1782450531\n|move|p2a: Armarouge|Expanding Force|p1a: Alomomola\n|-crit|p1a: Alomomola\n|-damage|p1a: Alomomola|0 fnt\n|faint|p1a: Alomomola\n|\n|upkeep\n|\n|t:|1782450535\n|switch|p1a: Corviknight|Corviknight, F|100/100\n|-ability|p1a: Corviknight|Pressure\n|turn|6\n|\n|t:|1782450537\n|-terastallize|p1a: Corviknight|Fire\n|move|p2a: Armarouge|Armor Cannon|p1a: Corviknight\n|-resisted|p1a: Corviknight\n|-damage|p1a: Corviknight|52/100\n|-unboost|p2a: Armarouge|def|1\n|-unboost|p2a: Armarouge|spd|1\n|move|p1a: Corviknight|U-turn|p2a: Armarouge\n|-damage|p2a: Armarouge|0 fnt\n|faint|p2a: Armarouge\n|\n|t:|1782450547\n|switch|p1a: Garchomp|Garchomp, M|100/100|[from] U-turn\n|\n|upkeep\n|\n|t:|1782450575\n|switch|p2a: Maushold|Maushold|100/100\n|turn|7\n|\n|t:|1782450588\n|move|p2a: Maushold|Population Bomb|p1a: Garchomp\n|-damage|p1a: Garchomp|93/100\n|-damage|p2a: Maushold|88/100|[from] ability: Rough Skin|[of] p1a: Garchomp\n|-damage|p2a: Maushold|71/100|[from] item: Rocky Helmet|[of] p1a: Garchomp\n|-damage|p1a: Garchomp|85/100\n|-damage|p2a: Maushold|59/100|[from] ability: Rough Skin|[of] p1a: Garchomp\n|-damage|p2a: Maushold|42/100|[from] item: Rocky Helmet|[of] p1a: Garchomp\n|-damage|p1a: Garchomp|78/100\n|-damage|p2a: Maushold|30/100|[from] ability: Rough Skin|[of] p1a: Garchomp\n|-damage|p2a: Maushold|13/100|[from] item: Rocky Helmet|[of] p1a: Garchomp\n|-damage|p1a: Garchomp|70/100\n|-damage|p2a: Maushold|1/100|[from] ability: Rough Skin|[of] p1a: Garchomp\n|-damage|p2a: Maushold|0 fnt|[from] item: Rocky Helmet|[of] p1a: Garchomp\n|faint|p2a: Maushold\n|-hitcount|p1a: Garchomp|4\n|move|p1a: Garchomp|Earthquake|p2: Maushold|[notarget]\n|-fail|p1a: Garchomp\n|\n|upkeep\n|\n|t:|1782450593\n|switch|p2a: Hatterene|Hatterene, F|35/100\n|turn|8\n|\n|t:|1782450598\n|move|p1a: Garchomp|Earthquake|p2a: Hatterene\n|-damage|p2a: Hatterene|2/100\n|move|p2a: Hatterene|Healing Wish|p2a: Hatterene\n|faint|p2a: Hatterene\n|\n|-fieldend|move: Psychic Terrain\n|upkeep\n|\n|t:|1782450601\n|switch|p2a: Indeedee|Indeedee, M|100/100\n|-fieldstart|move: Psychic Terrain|[from] ability: Psychic Surge|[of] p2a: Indeedee\n|turn|9\n|\n|t:|1782450611\n|move|p2a: Indeedee|Expanding Force|p1a: Garchomp\n|-damage|p1a: Garchomp|22/100\n|move|p1a: Garchomp|Stealth Rock|p2a: Indeedee\n|-sidestart|p2: flylover42|move: Stealth Rock\n|\n|upkeep\n|turn|10\n|\n|t:|1782450623\n|move|p2a: Indeedee|Expanding Force|p1a: Garchomp\n|-damage|p1a: Garchomp|0 fnt\n|faint|p1a: Garchomp\n|\n|upkeep\n|\n|t:|1782450624\n|switch|p1a: Darkrai|Darkrai|100/100\n|turn|11\n|\n|t:|1782450632\n|move|p1a: Darkrai|Ice Beam|p2a: Indeedee\n|-damage|p2a: Indeedee|51/100\n|move|p2a: Indeedee|Dazzling Gleam|p1a: Darkrai\n|-supereffective|p1a: Darkrai\n|-damage|p1a: Darkrai|47/100\n|\n|upkeep\n|turn|12\n|\n|t:|1782450641\n|switch|p1a: Corviknight|Corviknight, F, tera:Fire|52/100\n|-ability|p1a: Corviknight|Pressure\n|move|p2a: Indeedee|Dazzling Gleam|p1a: Corviknight\n|-resisted|p1a: Corviknight\n|-damage|p1a: Corviknight|46/100\n|\n|-heal|p1a: Corviknight|52/100|[from] item: Leftovers\n|upkeep\n|turn|13\n|\n|t:|1782450643\n|move|p2a: Indeedee|Expanding Force|p1a: Corviknight\n|-damage|p1a: Corviknight|10/100\n|move|p1a: Corviknight|Roost|p1a: Corviknight\n|-heal|p1a: Corviknight|60/100\n|\n|-heal|p1a: Corviknight|67/100|[from] item: Leftovers\n|upkeep\n|turn|14\n|\n|t:|1782450650\n|move|p2a: Indeedee|Encore|p1a: Corviknight\n|-start|p1a: Corviknight|Encore\n|move|p1a: Corviknight|Roost|p1a: Corviknight\n|-heal|p1a: Corviknight|100/100\n|\n|upkeep\n|turn|15\n|\n|t:|1782450655\n|switch|p1a: Ogerpon|Ogerpon, F|100/100\n|move|p2a: Indeedee|Dazzling Gleam|p1a: Ogerpon\n|-damage|p1a: Ogerpon|78/100\n|\n|upkeep\n|turn|16\n|\n|t:|1782450665\n|switch|p2a: Polteageist|Polteageist|100/100\n|-damage|p2a: Polteageist|88/100|[from] Stealth Rock\n|move|p1a: Ogerpon|Ivy Cudgel|p2a: Polteageist\n|-damage|p2a: Polteageist|0 fnt\n|faint|p2a: Polteageist\n|\n|-fieldend|move: Psychic Terrain\n|upkeep\n|\n|t:|1782450668\n|switch|p2a: Indeedee|Indeedee, M|51/100\n|-heal|p2a: Indeedee|100/100|[from] move: Healing Wish\n|-damage|p2a: Indeedee|88/100|[from] Stealth Rock\n|-fieldstart|move: Psychic Terrain|[from] ability: Psychic Surge|[of] p2a: Indeedee\n|turn|17\n|\n|t:|1782450677\n|move|p1a: Ogerpon|Ivy Cudgel|p2a: Indeedee\n|-crit|p2a: Indeedee\n|-damage|p2a: Indeedee|0 fnt\n|faint|p2a: Indeedee\n|\n|upkeep\n|\n|t:|1782450679\n|switch|p2a: Hawlucha|Hawlucha, F|100/100\n|-damage|p2a: Hawlucha|88/100|[from] Stealth Rock\n|-enditem|p2a: Hawlucha|Psychic Seed\n|-boost|p2a: Hawlucha|spd|1|[from] item: Psychic Seed\n|turn|18\n|inactive|Battle timer is ON: inactive players will automatically lose when time's up. (requested by msean3)\n|\n|t:|1782450696\n|move|p2a: Hawlucha|Swords Dance|p2a: Hawlucha\n|-boost|p2a: Hawlucha|atk|2\n|move|p1a: Ogerpon|Encore|p2a: Hawlucha\n|-start|p2a: Hawlucha|Encore\n|\n|upkeep\n|turn|19\n|\n|t:|1782450700\n|switch|p1a: Darkrai|Darkrai|47/100\n|move|p2a: Hawlucha|Swords Dance|p2a: Hawlucha\n|-boost|p2a: Hawlucha|atk|2\n|\n|upkeep\n|turn|20\n|\n|t:|1782450707\n|move|p2a: Hawlucha|Swords Dance|p2a: Hawlucha\n|-boost|p2a: Hawlucha|atk|2\n|move|p1a: Darkrai|Ice Beam|p2a: Hawlucha\n|-supereffective|p2a: Hawlucha\n|-damage|p2a: Hawlucha|0 fnt\n|faint|p2a: Hawlucha\n|\n|win|msean3\n|raw|msean3's rating: 1560 &rarr; <strong>1577</strong><br />(+17 for winning)\n|raw|flylover42's rating: 1501 &rarr; <strong>1484</strong><br />(-17 for losing)\n|l|☆flylover42\n|player|p2|\n|l|‽msean3\n|player|p1|\n", "uploadtime": 1782450854, "views": 9, "formatid": "gen9ou", "rating": 1484, "private": 0, "password": null}