{"id": "gen9ou-2639250702", "format": "[Gen 9] OU", "players": ["jmjacker2025", "b1ueberries"], "log": "|j|☆jmjacker2025\n|j|☆b1ueberries\n|t:|1782440517\n|gametype|singles\n|player|p1|jmjacker2025|2|1141\n|player|p2|b1ueberries|elesa|1122\n|gen|9\n|tier|[Gen 9] OU\n|rated|\n|rule|HP Percentage Mod: HP is shown in percentages\n|rule|Endless Battle Clause: Forcing endless battles is banned\n|rule|Species Clause: Limit one of each Pokémon\n|rule|OHKO Clause: OHKO moves are banned\n|rule|Evasion Items Clause: Evasion items are banned\n|rule|Evasion Moves Clause: Evasion moves are banned\n|rule|Evasion Abilities Clause: Evasion abilities are banned\n|rule|Sleep Moves Clause: Sleep-inducing moves are banned\n|clearpoke\n|poke|p1|Minior|\n|poke|p1|Hydreigon, F|\n|poke|p1|Whimsicott, F|\n|poke|p1|Frosmoth, M|\n|poke|p1|Ogerpon, F|\n|poke|p1|Bellossom, M|\n|poke|p2|Eiscue, F|\n|poke|p2|Ninetales-Alola, M|\n|poke|p2|Mamoswine, M|\n|poke|p2|Primarina, F|\n|poke|p2|Iron Moth|\n|poke|p2|Great Tusk|\n|teampreview\n|\n|t:|1782440533\n|teamsize|p1|6\n|teamsize|p2|6\n|start\n|switch|p1a: Whimsicott|Whimsicott, F|100/100\n|switch|p2a: Ninetales|Ninetales-Alola, M|100/100\n|-weather|Snowscape|[from] ability: Snow Warning|[of] p2a: Ninetales\n|turn|1\n|inactive|Battle timer is ON: inactive players will automatically lose when time's up. (requested by b1ueberries)\n|\n|t:|1782440604\n|move|p1a: Whimsicott|Tailwind|p1a: Whimsicott\n|-sidestart|p1: jmjacker2025|move: Tailwind\n|move|p2a: Ninetales|Blizzard|p1a: Whimsicott\n|-supereffective|p1a: Whimsicott\n|-enditem|p1a: Whimsicott|Focus Sash\n|-damage|p1a: Whimsicott|1/100\n|\n|-weather|Snowscape|[upkeep]\n|upkeep\n|turn|2\n|\n|t:|1782440611\n|move|p1a: Whimsicott|Stun Spore|p2a: Ninetales\n|-status|p2a: Ninetales|par\n|cant|p2a: Ninetales|par\n|\n|-weather|Snowscape|[upkeep]\n|upkeep\n|turn|3\n|\n|t:|1782440616\n|move|p1a: Whimsicott|Moonblast|p2a: Ninetales\n|-damage|p2a: Ninetales|69/100 par\n|move|p2a: Ninetales|Aurora Veil|p2a: Ninetales\n|-sidestart|p2: b1ueberries|move: Aurora Veil\n|\n|-weather|Snowscape|[upkeep]\n|upkeep\n|turn|4\n|\n|t:|1782440623\n|switch|p2a: Primarina|Primarina, F|100/100\n|move|p1a: Whimsicott|Encore||[still]\n|-fail|p1a: Whimsicott\n|\n|-weather|Snowscape|[upkeep]\n|-sideend|p1: jmjacker2025|move: Tailwind\n|upkeep\n|turn|5\n|\n|t:|1782440630\n|move|p1a: Whimsicott|Stun Spore|p2a: Primarina\n|-status|p2a: Primarina|par\n|move|p2a: Primarina|Moonblast|p1a: Whimsicott\n|-damage|p1a: Whimsicott|0 fnt\n|faint|p1a: Whimsicott\n|\n|-weather|none\n|upkeep\n|\n|t:|1782440649\n|switch|p1a: Frosmoth|Frosmoth, M|100/100\n|turn|6\n|\n|t:|1782440663\n|switch|p2a: Mamoswine|Mamoswine, M|100/100\n|move|p1a: Frosmoth|Quiver Dance|p1a: Frosmoth\n|-boost|p1a: Frosmoth|spa|1\n|-boost|p1a: Frosmoth|spd|1\n|-boost|p1a: Frosmoth|spe|1\n|\n|upkeep\n|turn|7\n|\n|t:|1782440673\n|-terastallize|p1a: Frosmoth|Water\n|move|p1a: Frosmoth|Quiver Dance|p1a: Frosmoth\n|-boost|p1a: Frosmoth|spa|1\n|-boost|p1a: Frosmoth|spd|1\n|-boost|p1a: Frosmoth|spe|1\n|move|p2a: Mamoswine|Knock Off|p1a: Frosmoth\n|-damage|p1a: Frosmoth|11/100\n|-enditem|p1a: Frosmoth|Leftovers|[from] move: Knock Off|[of] p2a: Mamoswine\n|\n|upkeep\n|turn|8\n|\n|t:|1782440688\n|move|p1a: Frosmoth|Giga Drain|p2a: Mamoswine\n|-supereffective|p2a: Mamoswine\n|-damage|p2a: Mamoswine|25/100\n|-heal|p1a: Frosmoth|60/100|[from] drain|[of] p2a: Mamoswine\n|move|p2a: Mamoswine|Knock Off|p1a: Frosmoth\n|-damage|p1a: Frosmoth|0 fnt\n|faint|p1a: Frosmoth\n|\n|upkeep\n|\n|t:|1782440695\n|switch|p1a: Ogerpon|Ogerpon, F|100/100\n|turn|9\n|\n|t:|1782440708\n|switch|p2a: Lemonade|Eiscue, F, shiny|100/100\n|move|p1a: Ogerpon|Ivy Cudgel|p2a: Lemonade\n|-activate|p2a: Lemonade|ability: Ice Face\n|-damage|p2a: Lemonade|100/100\n|detailschange|p2a: Lemonade|Eiscue-Noice, F, shiny\n|\n|upkeep\n|turn|10\n|\n|t:|1782440731\n|move|p2a: Lemonade|Snowscape|p2a: Lemonade\n|-weather|Snowscape\n|-activate|p2a: Lemonade|ability: Ice Face\n|detailschange|p2a: Lemonade|Eiscue, F, shiny\n|move|p1a: Ogerpon|Swords Dance|p1a: Ogerpon\n|-boost|p1a: Ogerpon|atk|2\n|\n|-weather|Snowscape|[upkeep]\n|-sideend|p2: b1ueberries|move: Aurora Veil\n|upkeep\n|turn|11\n|\n|t:|1782440742\n|move|p1a: Ogerpon|Ivy Cudgel|p2a: Lemonade\n|-activate|p2a: Lemonade|ability: Ice Face\n|-damage|p2a: Lemonade|100/100\n|detailschange|p2a: Lemonade|Eiscue-Noice, F, shiny\n|move|p2a: Lemonade|Aurora Veil|p2a: Lemonade\n|-sidestart|p2: b1ueberries|move: Aurora Veil\n|\n|-weather|Snowscape|[upkeep]\n|upkeep\n|turn|12\n|\n|t:|1782440749\n|move|p2a: Lemonade|Ice Spinner|p1a: Ogerpon\n|-supereffective|p1a: Ogerpon\n|-damage|p1a: Ogerpon|36/100\n|move|p1a: Ogerpon|Ivy Cudgel|p2a: Lemonade\n|-damage|p2a: Lemonade|52/100\n|\n|-weather|Snowscape|[upkeep]\n|upkeep\n|turn|13\n|\n|t:|1782440756\n|move|p2a: Lemonade|Ice Spinner|p1a: Ogerpon\n|-supereffective|p1a: Ogerpon\n|-damage|p1a: Ogerpon|0 fnt\n|faint|p1a: Ogerpon\n|\n|-weather|Snowscape|[upkeep]\n|upkeep\n|\n|t:|1782440758\n|switch|p1a: Minior|Minior|100/100\n|-formechange|p1a: Minior|Minior-Meteor||[from] ability: Shields Down\n|turn|14\n|\n|t:|1782440765\n|move|p2a: Lemonade|Flip Turn|p1a: Minior\n|-supereffective|p1a: Minior\n|-damage|p1a: Minior|65/100\n|\n|t:|1782440773\n|switch|p2a: Primarina|Primarina, F|100/100 par|[from] Flip Turn\n|move|p1a: Minior|Shell Smash|p1a: Minior\n|-unboost|p1a: Minior|def|1\n|-unboost|p1a: Minior|spd|1\n|-boost|p1a: Minior|atk|2\n|-boost|p1a: Minior|spa|2\n|-boost|p1a: Minior|spe|2\n|-enditem|p1a: Minior|White Herb\n|-clearnegativeboost|p1a: Minior|[silent]\n|\n|-weather|none\n|upkeep\n|turn|15\n|\n|t:|1782440784\n|move|p1a: Minior|Acrobatics|p2a: Primarina\n|-damage|p2a: Primarina|58/100 par\n|move|p2a: Primarina|Hyper Voice|p1a: Minior\n|-supereffective|p1a: Minior\n|-damage|p1a: Minior|0 fnt\n|faint|p1a: Minior\n|\n|-heal|p2a: Primarina|64/100 par|[from] item: Leftovers\n|-sideend|p2: b1ueberries|move: Aurora Veil\n|upkeep\n|\n|t:|1782440788\n|switch|p1a: Hydreigon|Hydreigon, F|100/100\n|turn|16\n|\n|t:|1782440795\n|move|p1a: Hydreigon|Focus Energy|p1a: Hydreigon\n|-start|p1a: Hydreigon|move: Focus Energy\n|move|p2a: Primarina|Moonblast|p1a: Hydreigon\n|-supereffective|p1a: Hydreigon\n|-damage|p1a: Hydreigon|0 fnt\n|faint|p1a: Hydreigon\n|\n|-heal|p2a: Primarina|70/100 par|[from] item: Leftovers\n|upkeep\n|-message|jmjacker2025 forfeited.\n|\n|win|b1ueberries\n|raw|jmjacker2025's rating: 1141 &rarr; <strong>1115</strong><br />(-26 for losing)\n|raw|b1ueberries's rating: 1122 &rarr; <strong>1148</strong><br />(+26 for winning)\n|l|☆jmjacker2025\n|player|p1|\n|l|☆b1ueberries\n|player|p2|\n", "uploadtime": 1782441123, "views": 8, "formatid": "gen9ou", "rating": 1115, "private": 0, "password": null}