{"id": "gen9ou-2647743977", "format": "[Gen 9] OU", "players": ["jcobhn2025", "Caprini"], "log": "|j|☆jcobhn2025\n|j|☆Caprini\n|t:|1783805204\n|gametype|singles\n|player|p1|jcobhn2025|169|1258\n|player|p2|Caprini|psychic-gen4|1182\n|gen|9\n|tier|[Gen 9] OU\n|rated|\n|rule|HP Percentage Mod: HP is shown in percentages\n|rule|Endless Battle Clause: Forcing endless battles is banned\n|rule|Species Clause: Limit one of each Pokémon\n|rule|OHKO Clause: OHKO moves are banned\n|rule|Evasion Items Clause: Evasion items are banned\n|rule|Evasion Moves Clause: Evasion moves are banned\n|rule|Evasion Abilities Clause: Evasion abilities are banned\n|rule|Sleep Moves Clause: Sleep-inducing moves are banned\n|clearpoke\n|poke|p1|Kingambit, M|\n|poke|p1|Hawlucha, F|\n|poke|p1|Landorus-Therian, M|\n|poke|p1|Blissey, F|\n|poke|p1|Ditto|\n|poke|p1|Hydrapple, M|\n|poke|p2|Zoroark-Hisui, F|\n|poke|p2|Alomomola, F|\n|poke|p2|Ogerpon-Wellspring, F|\n|poke|p2|Weezing-Galar, F|\n|poke|p2|Clefable, M|\n|poke|p2|Kingambit, M|\n|teampreview\n|inactive|Battle timer is ON: inactive players will automatically lose when time's up. (requested by jcobhn2025)\n|\n|t:|1783805213\n|teamsize|p1|6\n|teamsize|p2|6\n|start\n|switch|p1a: Hydrapple|Hydrapple, M|100/100\n|switch|p2a: Kingambit|Kingambit, M|100/100\n|turn|1\n|\n|t:|1783805223\n|move|p2a: Kingambit|Nasty Plot|p2a: Kingambit\n|-boost|p2a: Kingambit|spa|2\n|move|p1a: Hydrapple|Earth Power|p2a: Kingambit\n|-damage|p2a: Kingambit|33/100\n|replace|p2a: Violet|Zoroark-Hisui, F, shiny\n|-end|p2a: Violet|Illusion\n|\n|upkeep\n|turn|2\n|\n|t:|1783805238\n|move|p2a: Violet|Hyper Voice|p1a: Hydrapple\n|-damage|p1a: Hydrapple|36/100\n|move|p1a: Hydrapple|Earth Power|p2a: Violet\n|-damage|p2a: Violet|0 fnt\n|faint|p2a: Violet\n|\n|upkeep\n|\n|t:|1783805249\n|switch|p2a: Ogerpon|Ogerpon-Wellspring, F|100/100\n|turn|3\n|\n|t:|1783805254\n|switch|p1a: Landorus|Landorus-Therian, M|100/100\n|-ability|p1a: Landorus|Intimidate|boost\n|-unboost|p2a: Ogerpon|atk|1\n|move|p2a: Ogerpon|U-turn|p1a: Landorus\n|-resisted|p1a: Landorus\n|-damage|p1a: Landorus|90/100\n|-damage|p2a: Ogerpon|84/100|[from] item: Rocky Helmet|[of] p1a: Landorus\n|\n|t:|1783805266\n|switch|p2a: Weezing|Weezing-Galar, F, shiny|100/100|[from] U-turn\n|\n|upkeep\n|turn|4\n|\n|t:|1783805275\n|switch|p1a: Blissey|Blissey, F|100/100\n|move|p2a: Weezing|Defog|p1a: Blissey\n|-unboost|p1a: Blissey|evasion|1\n|\n|upkeep\n|turn|5\n|\n|t:|1783805283\n|move|p1a: Blissey|Trick|p2a: Weezing\n|-activate|p1a: Blissey|move: Trick|[of] p2a: Weezing\n|-item|p2a: Weezing|Choice Band|[from] move: Trick\n|-item|p1a: Blissey|Leftovers|[from] move: Trick\n|move|p2a: Weezing|Gunk Shot|p1a: Blissey\n|-damage|p1a: Blissey|50/100\n|\n|-heal|p1a: Blissey|56/100|[from] item: Leftovers\n|upkeep\n|turn|6\n|\n|t:|1783805292\n|switch|p1a: Kingambit|Kingambit, M|100/100\n|move|p2a: Weezing|Gunk Shot|p1a: Kingambit\n|-immune|p1a: Kingambit\n|\n|upkeep\n|turn|7\n|\n|t:|1783805308\n|switch|p2a: Alomomola|Alomomola, F|100/100\n|-end|p1a: Kingambit|fallenundefined|[silent]\n|switch|p1a: Hydrapple|Hydrapple, M|69/100\n|\n|upkeep\n|turn|8\n|\n|t:|1783805317\n|move|p2a: Alomomola|Protect|p2a: Alomomola\n|-singleturn|p2a: Alomomola|Protect\n|move|p1a: Hydrapple|Energy Ball|p2a: Alomomola\n|-activate|p2a: Alomomola|move: Protect\n|\n|upkeep\n|turn|9\n|\n|t:|1783805330\n|switch|p2a: Weezing|Weezing-Galar, F, shiny|100/100\n|move|p1a: Hydrapple|Earth Power|p2a: Weezing\n|-immune|p2a: Weezing|[from] ability: Levitate\n|\n|upkeep\n|turn|10\n|\n|t:|1783805339\n|switch|p1a: Blissey|Blissey, F|56/100\n|move|p2a: Weezing|Gunk Shot|p1a: Blissey\n|-damage|p1a: Blissey|4/100\n|\n|-heal|p1a: Blissey|10/100|[from] item: Leftovers\n|upkeep\n|turn|11\n|\n|t:|1783805349\n|move|p1a: Blissey|Soft-Boiled|p1a: Blissey\n|-heal|p1a: Blissey|60/100\n|move|p2a: Weezing|Gunk Shot|p1a: Blissey\n|-damage|p1a: Blissey|10/100\n|\n|-heal|p1a: Blissey|16/100|[from] item: Leftovers\n|upkeep\n|turn|12\n|\n|t:|1783805357\n|move|p1a: Blissey|Soft-Boiled|p1a: Blissey\n|-heal|p1a: Blissey|66/100\n|move|p2a: Weezing|Gunk Shot|p1a: Blissey\n|-damage|p1a: Blissey|20/100\n|\n|-heal|p1a: Blissey|26/100|[from] item: Leftovers\n|upkeep\n|turn|13\n|\n|t:|1783805366\n|switch|p2a: Alomomola|Alomomola, F|100/100\n|move|p1a: Blissey|Soft-Boiled|p1a: Blissey\n|-heal|p1a: Blissey|76/100\n|\n|-heal|p1a: Blissey|82/100|[from] item: Leftovers\n|upkeep\n|turn|14\n|\n|t:|1783805375\n|switch|p1a: Hydrapple|Hydrapple, M|100/100\n|move|p2a: Alomomola|Wish|p2a: Alomomola\n|\n|upkeep\n|turn|15\n|\n|t:|1783805389\n|switch|p2a: Weezing|Weezing-Galar, F, shiny|100/100\n|switch|p1a: Hawlucha|Hawlucha, F|100/100\n|\n|upkeep\n|turn|16\n|\n|t:|1783805396\n|move|p1a: Hawlucha|Substitute|p1a: Hawlucha\n|-start|p1a: Hawlucha|Substitute\n|-damage|p1a: Hawlucha|76/100\n|move|p2a: Weezing|Strange Steam|p1a: Hawlucha\n|-supereffective|p1a: Hawlucha\n|-end|p1a: Hawlucha|Substitute\n|\n|upkeep\n|turn|17\n|\n|t:|1783805404\n|switch|p1a: Blissey|Blissey, F|82/100\n|move|p2a: Weezing|Strange Steam|p1a: Blissey\n|-damage|p1a: Blissey|72/100\n|-start|p1a: Blissey|confusion\n|\n|-heal|p1a: Blissey|79/100|[from] item: Leftovers\n|upkeep\n|turn|18\n|\n|t:|1783805414\n|switch|p1a: Hydrapple|Hydrapple, M|100/100\n|switch|p2a: Clefable|Clefable, M|100/100\n|\n|upkeep\n|turn|19\n|\n|t:|1783805421\n|move|p2a: Clefable|Cosmic Power|p2a: Clefable\n|-boost|p2a: Clefable|def|1\n|-boost|p2a: Clefable|spd|1\n|move|p1a: Hydrapple|Earth Power|p2a: Clefable\n|-damage|p2a: Clefable|80/100\n|\n|upkeep\n|turn|20\n|\n|t:|1783805429\n|switch|p1a: Kingambit|Kingambit, M|100/100\n|move|p2a: Clefable|Cosmic Power|p2a: Clefable\n|-boost|p2a: Clefable|def|1\n|-boost|p2a: Clefable|spd|1\n|\n|upkeep\n|turn|21\n|\n|t:|1783805437\n|move|p2a: Clefable|Cosmic Power|p2a: Clefable\n|-boost|p2a: Clefable|def|1\n|-boost|p2a: Clefable|spd|1\n|move|p1a: Kingambit|Iron Head|p2a: Clefable\n|-supereffective|p2a: Clefable\n|-damage|p2a: Clefable|37/100\n|\n|upkeep\n|turn|22\n|\n|t:|1783805444\n|move|p2a: Clefable|Moonlight|p2a: Clefable\n|-heal|p2a: Clefable|87/100\n|move|p1a: Kingambit|Swords Dance|p1a: Kingambit\n|-boost|p1a: Kingambit|atk|2\n|\n|upkeep\n|turn|23\n|\n|t:|1783805454\n|-terastallize|p2a: Clefable|Fire\n|move|p2a: Clefable|Cosmic Power|p2a: Clefable\n|-boost|p2a: Clefable|def|1\n|-boost|p2a: Clefable|spd|1\n|move|p1a: Kingambit|Iron Head|p2a: Clefable\n|-resisted|p2a: Clefable\n|-damage|p2a: Clefable|71/100\n|\n|upkeep\n|turn|24\n|\n|t:|1783805474\n|move|p2a: Clefable|Moonlight|p2a: Clefable\n|-heal|p2a: Clefable|100/100\n|move|p1a: Kingambit|Swords Dance|p1a: Kingambit\n|-boost|p1a: Kingambit|atk|2\n|\n|upkeep\n|turn|25\n|\n|t:|1783805483\n|move|p2a: Clefable|Cosmic Power|p2a: Clefable\n|-boost|p2a: Clefable|def|1\n|-boost|p2a: Clefable|spd|1\n|move|p1a: Kingambit|Kowtow Cleave|p2a: Clefable\n|-damage|p2a: Clefable|43/100\n|\n|upkeep\n|turn|26\n|\n|t:|1783805490\n|move|p1a: Kingambit|Sucker Punch||[still]\n|-fail|p1a: Kingambit\n|move|p2a: Clefable|Moonlight|p2a: Clefable\n|-heal|p2a: Clefable|93/100\n|\n|upkeep\n|turn|27\n|\n|t:|1783805497\n|move|p2a: Clefable|Cosmic Power|p2a: Clefable\n|-boost|p2a: Clefable|def|1\n|-boost|p2a: Clefable|spd|1\n|move|p1a: Kingambit|Swords Dance|p1a: Kingambit\n|-boost|p1a: Kingambit|atk|2\n|\n|upkeep\n|turn|28\n|\n|t:|1783805504\n|move|p2a: Clefable|Charge Beam|p1a: Kingambit\n|-crit|p1a: Kingambit\n|-damage|p1a: Kingambit|72/100\n|-boost|p2a: Clefable|spa|1\n|move|p1a: Kingambit|Kowtow Cleave|p2a: Clefable\n|-damage|p2a: Clefable|31/100\n|\n|upkeep\n|turn|29\n|\n|t:|1783805512\n|move|p2a: Clefable|Moonlight|p2a: Clefable\n|-heal|p2a: Clefable|81/100\n|move|p1a: Kingambit|Kowtow Cleave|p2a: Clefable\n|-damage|p2a: Clefable|11/100\n|\n|upkeep\n|turn|30\n|\n|t:|1783805519\n|move|p2a: Clefable|Moonlight|p2a: Clefable\n|-heal|p2a: Clefable|61/100\n|move|p1a: Kingambit|Kowtow Cleave|p2a: Clefable\n|-damage|p2a: Clefable|0 fnt\n|faint|p2a: Clefable\n|\n|upkeep\n|\n|t:|1783805531\n|switch|p2a: Alomomola|Alomomola, F|100/100\n|turn|31\n|\n|t:|1783805535\n|move|p1a: Kingambit|Sucker Punch|p2a: Alomomola\n|-damage|p2a: Alomomola|1/100\n|move|p2a: Alomomola|Scald|p1a: Kingambit\n|-damage|p1a: Kingambit|59/100\n|-status|p1a: Kingambit|brn\n|\n|-damage|p1a: Kingambit|52/100 brn|[from] brn\n|upkeep\n|turn|32\n|\n|t:|1783805544\n|move|p2a: Alomomola|Wish|p2a: Alomomola\n|move|p1a: Kingambit|Kowtow Cleave|p2a: Alomomola\n|-damage|p2a: Alomomola|0 fnt\n|faint|p2a: Alomomola\n|\n|-damage|p1a: Kingambit|46/100 brn|[from] brn\n|upkeep\n|\n|t:|1783805557\n|switch|p2a: Weezing|Weezing-Galar, F, shiny|100/100\n|turn|33\n|\n|t:|1783805562\n|-end|p1a: Kingambit|fallenundefined|[silent]\n|switch|p1a: Blissey|Blissey, F|79/100\n|move|p2a: Weezing|Pain Split|p1a: Blissey\n|-sethp|p1a: Blissey|63/100|[from] move: Pain Split|[silent]\n|-sethp|p2a: Weezing|100/100|[from] move: Pain Split\n|\n|-heal|p1a: Blissey|69/100|[from] item: Leftovers\n|upkeep\n|turn|34\n|\n|t:|1783805572\n|switch|p2a: Ogerpon|Ogerpon-Wellspring, F|84/100\n|move|p1a: Blissey|Heal Bell|p1a: Blissey\n|-activate|p1a: Blissey|move: Heal Bell\n|-curestatus|p1: Kingambit|brn|[msg]\n|\n|-heal|p1a: Blissey|75/100|[from] item: Leftovers\n|upkeep\n|turn|35\n|\n|t:|1783805584\n|move|p2a: Ogerpon|Swords Dance|p2a: Ogerpon\n|-boost|p2a: Ogerpon|atk|2\n|move|p1a: Blissey|Seismic Toss|p2a: Ogerpon\n|-damage|p2a: Ogerpon|51/100\n|\n|-heal|p1a: Blissey|81/100|[from] item: Leftovers\n|upkeep\n|turn|36\n|\n|t:|1783805593\n|move|p2a: Ogerpon|Horn Leech|p1a: Blissey\n|-damage|p1a: Blissey|0 fnt\n|-heal|p2a: Ogerpon|100/100|[from] drain|[of] p1a: Blissey\n|faint|p1a: Blissey\n|\n|upkeep\n|\n|t:|1783805601\n|switch|p1a: Ditto|Ditto|100/100\n|-transform|p1a: Ditto|p2a: Ogerpon|[from] ability: Imposter\n|turn|37\n|\n|t:|1783805607\n|switch|p2a: Weezing|Weezing-Galar, F, shiny|100/100\n|move|p1a: Ditto|U-turn|p2a: Weezing\n|-resisted|p2a: Weezing\n|-damage|p2a: Weezing|93/100\n|\n|t:|1783805628\n|switch|p1a: Kingambit|Kingambit, M|46/100|[from] U-turn\n|-activate|p1a: Kingambit|ability: Supreme Overlord\n|-start|p1a: Kingambit|fallen1|[silent]\n|\n|upkeep\n|turn|38\n|\n|t:|1783805637\n|switch|p2a: Ogerpon|Ogerpon-Wellspring, F|100/100\n|move|p1a: Kingambit|Iron Head|p2a: Ogerpon\n|-resisted|p2a: Ogerpon\n|-damage|p2a: Ogerpon|67/100\n|\n|upkeep\n|turn|39\n|\n|t:|1783805645\n|-end|p1a: Kingambit|fallen1|[silent]\n|switch|p1a: Hydrapple|Hydrapple, M|100/100\n|move|p2a: Ogerpon|Horn Leech|p1a: Hydrapple\n|-resisted|p1a: Hydrapple\n|-damage|p1a: Hydrapple|92/100\n|-heal|p2a: Ogerpon|72/100|[from] drain|[of] p1a: Hydrapple\n|\n|upkeep\n|turn|40\n|\n|t:|1783805653\n|switch|p1a: Landorus|Landorus-Therian, M|90/100\n|-ability|p1a: Landorus|Intimidate|boost\n|-unboost|p2a: Ogerpon|atk|1\n|move|p2a: Ogerpon|U-turn|p1a: Landorus\n|-resisted|p1a: Landorus\n|-damage|p1a: Landorus|79/100\n|-damage|p2a: Ogerpon|56/100|[from] item: Rocky Helmet|[of] p1a: Landorus\n|\n|t:|1783805661\n|switch|p2a: Weezing|Weezing-Galar, F, shiny|93/100|[from] U-turn\n|\n|upkeep\n|turn|41\n|\n|t:|1783805669\n|move|p1a: Landorus|Stealth Rock|p2a: Weezing\n|-sidestart|p2: Caprini|move: Stealth Rock\n|move|p2a: Weezing|Strange Steam|p1a: Landorus\n|-damage|p1a: Landorus|43/100\n|\n|upkeep\n|turn|42\n|\n|t:|1783805676\n|move|p1a: Landorus|Rest|p1a: Landorus\n|-status|p1a: Landorus|slp|[from] move: Rest\n|-heal|p1a: Landorus|100/100 slp|[silent]\n|move|p2a: Weezing|Strange Steam|p1a: Landorus\n|-damage|p1a: Landorus|68/100 slp\n|\n|upkeep\n|turn|43\n|\n|t:|1783805689\n|switch|p1a: Hydrapple|Hydrapple, M|100/100\n|move|p2a: Weezing|Strange Steam|p1a: Hydrapple|[miss]\n|-miss|p2a: Weezing|p1a: Hydrapple\n|\n|upkeep\n|turn|44\n|\n|t:|1783805699\n|move|p2a: Weezing|Strange Steam|p1a: Hydrapple\n|-supereffective|p1a: Hydrapple\n|-damage|p1a: Hydrapple|63/100\n|move|p1a: Hydrapple|Energy Ball|p2a: Weezing\n|-resisted|p2a: Weezing\n|-damage|p2a: Weezing|60/100\n|\n|upkeep\n|turn|45\n|\n|t:|1783805710\n|switch|p1a: Ditto|Ditto|100/100\n|-transform|p1a: Ditto|p2a: Weezing|[from] ability: Imposter\n|move|p2a: Weezing|Strange Steam|p1a: Ditto\n|-resisted|p1a: Ditto\n|-damage|p1a: Ditto|79/100\n|\n|upkeep\n|turn|46\n|\n|t:|1783805723\n|move|p1a: Ditto|Gunk Shot|p2a: Weezing\n|-damage|p2a: Weezing|38/100\n|move|p2a: Weezing|Strange Steam|p1a: Ditto\n|-resisted|p1a: Ditto\n|-damage|p1a: Ditto|58/100\n|\n|upkeep\n|turn|47\n|\n|t:|1783805730\n|switch|p2a: Kingambit|Kingambit, M|100/100\n|-damage|p2a: Kingambit|94/100|[from] Stealth Rock\n|-activate|p2a: Kingambit|ability: Supreme Overlord\n|-start|p2a: Kingambit|fallen3|[silent]\n|move|p1a: Ditto|Gunk Shot|p2a: Kingambit\n|-immune|p2a: Kingambit\n|\n|upkeep\n|turn|48\n|\n|t:|1783805741\n|switch|p1a: Landorus|Landorus-Therian, M|68/100 slp\n|-ability|p1a: Landorus|Intimidate|boost\n|-unboost|p2a: Kingambit|atk|1\n|move|p2a: Kingambit|Swords Dance|p2a: Kingambit\n|-boost|p2a: Kingambit|atk|2\n|\n|upkeep\n|turn|49\n|\n|t:|1783805753\n|switch|p1a: Ditto|Ditto|58/100\n|-transform|p1a: Ditto|p2a: Kingambit|[from] ability: Imposter\n|-activate|p1a: Ditto|ability: Supreme Overlord\n|-start|p1a: Ditto|fallen1|[silent]\n|move|p2a: Kingambit|Kowtow Cleave|p1a: Ditto\n|-resisted|p1a: Ditto\n|-damage|p1a: Ditto|11/100\n|\n|upkeep\n|turn|50\n|\n|t:|1783805764\n|move|p1a: Ditto|Sucker Punch|p2a: Kingambit\n|-resisted|p2a: Kingambit\n|-damage|p2a: Kingambit|69/100\n|move|p2a: Kingambit|Kowtow Cleave|p1a: Ditto\n|-resisted|p1a: Ditto\n|-damage|p1a: Ditto|0 fnt\n|faint|p1a: Ditto\n|-end|p1a: Ditto|fallen1|[silent]\n|\n|upkeep\n|\n|t:|1783805775\n|switch|p1a: Hawlucha|Hawlucha, F|76/100\n|turn|51\n|\n|t:|1783805779\n|move|p2a: Kingambit|Sucker Punch||[still]\n|-fail|p2a: Kingambit\n|move|p1a: Hawlucha|Substitute|p1a: Hawlucha\n|-start|p1a: Hawlucha|Substitute\n|-damage|p1a: Hawlucha|51/100\n|\n|upkeep\n|turn|52\n|\n|t:|1783805786\n|move|p1a: Hawlucha|Drain Punch|p2a: Kingambit\n|-supereffective|p2a: Kingambit\n|-enditem|p2a: Kingambit|Chople Berry|[eat]\n|-enditem|p2a: Kingambit|Chople Berry|[weaken]\n|-damage|p2a: Kingambit|20/100\n|-heal|p1a: Hawlucha|84/100|[from] drain|[of] p2a: Kingambit\n|move|p2a: Kingambit|Iron Head|p1a: Hawlucha\n|-end|p1a: Hawlucha|Substitute\n|\n|upkeep\n|turn|53\n|\n|t:|1783805797\n|move|p1a: Hawlucha|Substitute|p1a: Hawlucha\n|-start|p1a: Hawlucha|Substitute\n|-damage|p1a: Hawlucha|59/100\n|move|p2a: Kingambit|Iron Head|p1a: Hawlucha\n|-end|p1a: Hawlucha|Substitute\n|\n|upkeep\n|turn|54\n|\n|t:|1783805804\n|move|p2a: Kingambit|Sucker Punch||[still]\n|-fail|p2a: Kingambit\n|move|p1a: Hawlucha|Substitute|p1a: Hawlucha\n|-start|p1a: Hawlucha|Substitute\n|-damage|p1a: Hawlucha|34/100\n|-enditem|p1a: Hawlucha|Sitrus Berry|[eat]\n|-heal|p1a: Hawlucha|59/100|[from] item: Sitrus Berry\n|\n|upkeep\n|turn|55\n|\n|t:|1783805812\n|move|p1a: Hawlucha|Drain Punch|p2a: Kingambit\n|-supereffective|p2a: Kingambit\n|-damage|p2a: Kingambit|0 fnt\n|-heal|p1a: Hawlucha|72/100|[from] drain|[of] p2a: Kingambit\n|faint|p2a: Kingambit\n|-end|p2a: Kingambit|fallen3|[silent]\n|\n|upkeep\n|\n|t:|1783805819\n|switch|p2a: Weezing|Weezing-Galar, F, shiny|38/100\n|-damage|p2a: Weezing|25/100|[from] Stealth Rock\n|turn|56\n|\n|t:|1783805824\n|move|p1a: Hawlucha|Acrobatics|p2a: Weezing\n|-damage|p2a: Weezing|0 fnt\n|faint|p2a: Weezing\n|\n|upkeep\n|-message|Caprini forfeited.\n|\n|win|jcobhn2025\n|raw|jcobhn2025's rating: 1258 &rarr; <strong>1278</strong><br />(+20 for winning)\n|raw|Caprini's rating: 1182 &rarr; <strong>1162</strong><br />(-20 for losing)\n|l|☆Caprini\n|player|p2|\n|l|☆jcobhn2025\n|player|p1|\n", "uploadtime": 1783806103, "views": 8, "formatid": "gen9ou", "rating": 1162, "private": 0, "password": null}