{"id": "gen9ou-2647679108", "format": "[Gen 9] OU", "players": ["fregene97", "simplegent"], "log": "|j|☆fregene97\n|j|☆simplegent\n|t:|1783795122\n|gametype|singles\n|player|p1|fregene97|101|1536\n|player|p2|simplegent|101|1512\n|gen|9\n|tier|[Gen 9] OU\n|rated|\n|rule|HP Percentage Mod: HP is shown in percentages\n|rule|Endless Battle Clause: Forcing endless battles is banned\n|rule|Species Clause: Limit one of each Pokémon\n|rule|OHKO Clause: OHKO moves are banned\n|rule|Evasion Items Clause: Evasion items are banned\n|rule|Evasion Moves Clause: Evasion moves are banned\n|rule|Evasion Abilities Clause: Evasion abilities are banned\n|rule|Sleep Moves Clause: Sleep-inducing moves are banned\n|clearpoke\n|poke|p1|Dragonite, M|\n|poke|p1|Kingambit, M|\n|poke|p1|Iron Valiant|\n|poke|p1|Ogerpon-Wellspring, F|\n|poke|p1|Iron Moth|\n|poke|p1|Raging Bolt|\n|poke|p2|Tyranitar, M|\n|poke|p2|Clefable, F|\n|poke|p2|Corviknight, F|\n|poke|p2|Rillaboom, M|\n|poke|p2|Heatran, M|\n|poke|p2|Clodsire, M|\n|teampreview\n|inactive|Battle timer is ON: inactive players will automatically lose when time's up. (requested by simplegent)\n|inactive|simplegent has 120 seconds left.\n|\n|t:|1783795167\n|teamsize|p1|6\n|teamsize|p2|6\n|start\n|switch|p1a: Kingambit|Kingambit, M|100/100\n|switch|p2a: Clodsire|Clodsire, M|100/100\n|turn|1\n|\n|t:|1783795180\n|move|p1a: Kingambit|Swords Dance|p1a: Kingambit\n|-boost|p1a: Kingambit|atk|2\n|move|p2a: Clodsire|Earthquake|p1a: Kingambit\n|-supereffective|p1a: Kingambit\n|-damage|p1a: Kingambit|61/100\n|\n|upkeep\n|turn|2\n|\n|t:|1783795191\n|move|p1a: Kingambit|Iron Head|p2a: Clodsire\n|-damage|p2a: Clodsire|68/100\n|move|p2a: Clodsire|Earthquake|p1a: Kingambit\n|-supereffective|p1a: Kingambit\n|-damage|p1a: Kingambit|24/100\n|\n|-heal|p2a: Clodsire|74/100|[from] item: Leftovers\n|upkeep\n|turn|3\n|\n|t:|1783795196\n|-terastallize|p1a: Kingambit|Dark\n|move|p2a: Clodsire|Protect|p2a: Clodsire\n|-singleturn|p2a: Clodsire|Protect\n|move|p1a: Kingambit|Kowtow Cleave|p2a: Clodsire\n|-activate|p2a: Clodsire|move: Protect\n|\n|-heal|p2a: Clodsire|80/100|[from] item: Leftovers\n|upkeep\n|turn|4\n|\n|t:|1783795210\n|move|p1a: Kingambit|Kowtow Cleave|p2a: Clodsire\n|-damage|p2a: Clodsire|25/100\n|move|p2a: Clodsire|Recover|p2a: Clodsire\n|-heal|p2a: Clodsire|75/100\n|\n|-heal|p2a: Clodsire|82/100|[from] item: Leftovers\n|upkeep\n|turn|5\n|\n|t:|1783795218\n|move|p2a: Clodsire|Protect|p2a: Clodsire\n|-singleturn|p2a: Clodsire|Protect\n|move|p1a: Kingambit|Iron Head|p2a: Clodsire\n|-activate|p2a: Clodsire|move: Protect\n|\n|-heal|p2a: Clodsire|88/100|[from] item: Leftovers\n|upkeep\n|turn|6\n|\n|t:|1783795222\n|move|p1a: Kingambit|Iron Head|p2a: Clodsire\n|-damage|p2a: Clodsire|55/100\n|move|p2a: Clodsire|Recover|p2a: Clodsire\n|-heal|p2a: Clodsire|100/100\n|\n|upkeep\n|turn|7\n|\n|t:|1783795226\n|move|p1a: Kingambit|Iron Head|p2a: Clodsire\n|-damage|p2a: Clodsire|65/100\n|move|p2a: Clodsire|Earthquake|p1a: Kingambit\n|-damage|p1a: Kingambit|5/100\n|\n|-heal|p2a: Clodsire|72/100|[from] item: Leftovers\n|upkeep\n|turn|8\n|\n|t:|1783795237\n|move|p2a: Clodsire|Protect|p2a: Clodsire\n|-singleturn|p2a: Clodsire|Protect\n|move|p1a: Kingambit|Kowtow Cleave|p2a: Clodsire\n|-activate|p2a: Clodsire|move: Protect\n|\n|-heal|p2a: Clodsire|78/100|[from] item: Leftovers\n|upkeep\n|turn|9\n|\n|t:|1783795244\n|move|p1a: Kingambit|Kowtow Cleave|p2a: Clodsire\n|-damage|p2a: Clodsire|22/100\n|move|p2a: Clodsire|Recover|p2a: Clodsire\n|-heal|p2a: Clodsire|72/100\n|\n|-heal|p2a: Clodsire|79/100|[from] item: Leftovers\n|upkeep\n|turn|10\n|\n|t:|1783795247\n|move|p2a: Clodsire|Protect|p2a: Clodsire\n|-singleturn|p2a: Clodsire|Protect\n|move|p1a: Kingambit|Iron Head|p2a: Clodsire\n|-activate|p2a: Clodsire|move: Protect\n|\n|-heal|p2a: Clodsire|85/100|[from] item: Leftovers\n|upkeep\n|turn|11\n|\n|t:|1783795251\n|move|p1a: Kingambit|Iron Head|p2a: Clodsire\n|-damage|p2a: Clodsire|54/100\n|move|p2a: Clodsire|Recover|p2a: Clodsire\n|-heal|p2a: Clodsire|100/100\n|\n|upkeep\n|turn|12\n|\n|t:|1783795261\n|move|p1a: Kingambit|Iron Head|p2a: Clodsire\n|-damage|p2a: Clodsire|68/100\n|cant|p2a: Clodsire|flinch\n|\n|-heal|p2a: Clodsire|74/100|[from] item: Leftovers\n|upkeep\n|turn|13\n|\n|t:|1783795264\n|move|p2a: Clodsire|Protect|p2a: Clodsire\n|-singleturn|p2a: Clodsire|Protect\n|move|p1a: Kingambit|Iron Head|p2a: Clodsire\n|-activate|p2a: Clodsire|move: Protect\n|\n|-heal|p2a: Clodsire|80/100|[from] item: Leftovers\n|upkeep\n|turn|14\n|\n|t:|1783795268\n|move|p1a: Kingambit|Iron Head|p2a: Clodsire\n|-damage|p2a: Clodsire|46/100\n|move|p2a: Clodsire|Recover|p2a: Clodsire\n|-heal|p2a: Clodsire|96/100\n|\n|-heal|p2a: Clodsire|100/100|[from] item: Leftovers\n|upkeep\n|turn|15\n|\n|t:|1783795271\n|move|p1a: Kingambit|Iron Head|p2a: Clodsire\n|-damage|p2a: Clodsire|67/100\n|cant|p2a: Clodsire|flinch\n|\n|-heal|p2a: Clodsire|73/100|[from] item: Leftovers\n|upkeep\n|turn|16\n|\n|t:|1783795277\n|move|p2a: Clodsire|Protect|p2a: Clodsire\n|-singleturn|p2a: Clodsire|Protect\n|move|p1a: Kingambit|Swords Dance|p1a: Kingambit\n|-boost|p1a: Kingambit|atk|2\n|\n|-heal|p2a: Clodsire|79/100|[from] item: Leftovers\n|upkeep\n|turn|17\n|\n|t:|1783795286\n|move|p1a: Kingambit|Kowtow Cleave|p2a: Clodsire\n|-damage|p2a: Clodsire|25/100\n|move|p2a: Clodsire|Recover|p2a: Clodsire\n|-heal|p2a: Clodsire|75/100\n|\n|-heal|p2a: Clodsire|82/100|[from] item: Leftovers\n|upkeep\n|turn|18\n|\n|t:|1783795289\n|move|p2a: Clodsire|Protect|p2a: Clodsire\n|-singleturn|p2a: Clodsire|Protect\n|move|p1a: Kingambit|Iron Head|p2a: Clodsire\n|-activate|p2a: Clodsire|move: Protect\n|\n|-heal|p2a: Clodsire|88/100|[from] item: Leftovers\n|upkeep\n|turn|19\n|\n|t:|1783795301\n|move|p1a: Kingambit|Iron Head|p2a: Clodsire\n|-damage|p2a: Clodsire|54/100\n|move|p2a: Clodsire|Earthquake|p1a: Kingambit\n|-damage|p1a: Kingambit|0 fnt\n|faint|p1a: Kingambit\n|-end|p1a: Kingambit|fallenundefined|[silent]\n|\n|-heal|p2a: Clodsire|60/100|[from] item: Leftovers\n|upkeep\n|\n|t:|1783795308\n|switch|p1a: Dragonite|Dragonite, M|100/100\n|turn|20\n|\n|t:|1783795313\n|-terastallize|p2a: Clodsire|Water\n|move|p1a: Dragonite|Dragon Dance|p1a: Dragonite\n|-boost|p1a: Dragonite|atk|1\n|-boost|p1a: Dragonite|spe|1\n|move|p2a: Clodsire|Toxic|p1a: Dragonite\n|-status|p1a: Dragonite|tox\n|\n|-heal|p2a: Clodsire|66/100|[from] item: Leftovers\n|-damage|p1a: Dragonite|94/100 tox|[from] psn\n|upkeep\n|turn|21\n|\n|t:|1783795318\n|move|p2a: Clodsire|Protect|p2a: Clodsire\n|-singleturn|p2a: Clodsire|Protect\n|move|p1a: Dragonite|Dragon Dance|p1a: Dragonite\n|-boost|p1a: Dragonite|atk|1\n|-boost|p1a: Dragonite|spe|1\n|\n|-heal|p2a: Clodsire|73/100|[from] item: Leftovers\n|-damage|p1a: Dragonite|82/100 tox|[from] psn\n|upkeep\n|turn|22\n|\n|t:|1783795328\n|switch|p2a: Corviknight|Corviknight, F|100/100\n|-ability|p2a: Corviknight|Pressure\n|move|p1a: Dragonite|Earthquake|p2a: Corviknight\n|-immune|p2a: Corviknight\n|\n|-damage|p1a: Dragonite|63/100 tox|[from] psn\n|upkeep\n|turn|23\n|\n|t:|1783795340\n|move|p1a: Dragonite|Ice Spinner|p2a: Corviknight\n|-damage|p2a: Corviknight|66/100\n|-damage|p1a: Dragonite|47/100 tox|[from] item: Rocky Helmet|[of] p2a: Corviknight\n|move|p2a: Corviknight|Roost|p2a: Corviknight\n|-heal|p2a: Corviknight|100/100\n|-singleturn|p2a: Corviknight|move: Roost\n|\n|-damage|p1a: Dragonite|22/100 tox|[from] psn\n|upkeep\n|turn|24\n|\n|t:|1783795351\n|move|p1a: Dragonite|Ice Spinner|p2a: Corviknight\n|-damage|p2a: Corviknight|69/100\n|-damage|p1a: Dragonite|6/100 tox|[from] item: Rocky Helmet|[of] p2a: Corviknight\n|move|p2a: Corviknight|Roost|p2a: Corviknight\n|-heal|p2a: Corviknight|100/100\n|-singleturn|p2a: Corviknight|move: Roost\n|\n|-damage|p1a: Dragonite|0 fnt|[from] psn\n|faint|p1a: Dragonite\n|upkeep\n|\n|t:|1783795356\n|switch|p1a: Raging Bolt|Raging Bolt|100/100\n|-enditem|p1a: Raging Bolt|Booster Energy\n|-activate|p1a: Raging Bolt|ability: Protosynthesis|[fromitem]\n|-start|p1a: Raging Bolt|protosynthesisspa\n|turn|25\n|\n|t:|1783795370\n|switch|p2a: Clefable|Clefable, F|100/100\n|move|p1a: Raging Bolt|Calm Mind|p1a: Raging Bolt\n|-boost|p1a: Raging Bolt|spa|1\n|-boost|p1a: Raging Bolt|spd|1\n|\n|upkeep\n|turn|26\n|\n|t:|1783795376\n|move|p1a: Raging Bolt|Thunderbolt|p2a: Clefable\n|-damage|p2a: Clefable|25/100\n|move|p2a: Clefable|Moonblast|p1a: Raging Bolt\n|-supereffective|p1a: Raging Bolt\n|-damage|p1a: Raging Bolt|64/100\n|-unboost|p1a: Raging Bolt|spa|1\n|\n|-heal|p2a: Clefable|31/100|[from] item: Leftovers\n|upkeep\n|turn|27\n|\n|t:|1783795380\n|move|p2a: Clefable|Protect|p2a: Clefable\n|-singleturn|p2a: Clefable|Protect\n|move|p1a: Raging Bolt|Thunderbolt|p2a: Clefable\n|-activate|p2a: Clefable|move: Protect\n|\n|-heal|p2a: Clefable|37/100|[from] item: Leftovers\n|upkeep\n|turn|28\n|\n|t:|1783795383\n|move|p1a: Raging Bolt|Calm Mind|p1a: Raging Bolt\n|-boost|p1a: Raging Bolt|spa|1\n|-boost|p1a: Raging Bolt|spd|1\n|move|p2a: Clefable|Moonblast|p1a: Raging Bolt\n|-supereffective|p1a: Raging Bolt\n|-damage|p1a: Raging Bolt|39/100\n|\n|-heal|p2a: Clefable|43/100|[from] item: Leftovers\n|upkeep\n|turn|29\n|\n|t:|1783795390\n|move|p2a: Clefable|Protect|p2a: Clefable\n|-singleturn|p2a: Clefable|Protect\n|move|p1a: Raging Bolt|Thunderbolt|p2a: Clefable\n|-activate|p2a: Clefable|move: Protect\n|\n|-heal|p2a: Clefable|49/100|[from] item: Leftovers\n|upkeep\n|turn|30\n|\n|t:|1783795393\n|move|p1a: Raging Bolt|Thunderbolt|p2a: Clefable\n|-damage|p2a: Clefable|0 fnt\n|faint|p2a: Clefable\n|\n|upkeep\n|\n|t:|1783795399\n|switch|p2a: Tyranitar|Tyranitar, M|100/100\n|-weather|Sandstorm|[from] ability: Sand Stream|[of] p2a: Tyranitar\n|turn|31\n|\n|t:|1783795414\n|move|p2a: Tyranitar|Knock Off|p1a: Raging Bolt\n|-damage|p1a: Raging Bolt|0 fnt\n|faint|p1a: Raging Bolt\n|-end|p1a: Raging Bolt|Protosynthesis|[silent]\n|\n|-weather|Sandstorm|[upkeep]\n|upkeep\n|\n|t:|1783795417\n|switch|p1a: Ogerpon|Ogerpon-Wellspring, F|100/100\n|turn|32\n|\n|t:|1783795426\n|switch|p2a: Clodsire|Clodsire, M, tera:Water|73/100\n|move|p1a: Ogerpon|Swords Dance|p1a: Ogerpon\n|-boost|p1a: Ogerpon|atk|2\n|\n|-weather|Sandstorm|[upkeep]\n|-damage|p1a: Ogerpon|95/100|[from] Sandstorm\n|-damage|p2a: Clodsire|66/100|[from] Sandstorm\n|-heal|p2a: Clodsire|73/100|[from] item: Leftovers\n|upkeep\n|turn|33\n|\n|t:|1783795429\n|move|p2a: Clodsire|Protect|p2a: Clodsire\n|-singleturn|p2a: Clodsire|Protect\n|move|p1a: Ogerpon|Horn Leech|p2a: Clodsire\n|-activate|p2a: Clodsire|move: Protect\n|\n|-weather|Sandstorm|[upkeep]\n|-damage|p1a: Ogerpon|89/100|[from] Sandstorm\n|-damage|p2a: Clodsire|66/100|[from] Sandstorm\n|-heal|p2a: Clodsire|73/100|[from] item: Leftovers\n|upkeep\n|turn|34\n|\n|t:|1783795434\n|switch|p2a: Corviknight|Corviknight, F|100/100\n|-ability|p2a: Corviknight|Pressure\n|move|p1a: Ogerpon|Knock Off|p2a: Corviknight\n|-damage|p2a: Corviknight|53/100\n|-damage|p1a: Ogerpon|72/100|[from] item: Rocky Helmet|[of] p2a: Corviknight\n|-enditem|p2a: Corviknight|Rocky Helmet|[from] move: Knock Off|[of] p1a: Ogerpon\n|\n|-weather|Sandstorm|[upkeep]\n|-damage|p1a: Ogerpon|66/100|[from] Sandstorm\n|upkeep\n|turn|35\n|\n|t:|1783795457\n|move|p1a: Ogerpon|Ivy Cudgel|p2a: Corviknight|[anim] Ivy Cudgel Water\n|-damage|p2a: Corviknight|0 fnt\n|faint|p2a: Corviknight\n|\n|-weather|none\n|upkeep\n|\n|t:|1783795465\n|switch|p2a: Clodsire|Clodsire, M, tera:Water|73/100\n|turn|36\n|\n|t:|1783795469\n|move|p2a: Clodsire|Protect|p2a: Clodsire\n|-singleturn|p2a: Clodsire|Protect\n|move|p1a: Ogerpon|Swords Dance|p1a: Ogerpon\n|-boost|p1a: Ogerpon|atk|2\n|\n|-heal|p2a: Clodsire|79/100|[from] item: Leftovers\n|upkeep\n|turn|37\n|\n|t:|1783795473\n|move|p1a: Ogerpon|Horn Leech|p2a: Clodsire\n|-supereffective|p2a: Clodsire\n|-damage|p2a: Clodsire|16/100\n|-heal|p1a: Ogerpon|100/100|[from] drain|[of] p2a: Clodsire\n|move|p2a: Clodsire|Toxic|p1a: Ogerpon\n|-status|p1a: Ogerpon|tox\n|\n|-heal|p2a: Clodsire|22/100|[from] item: Leftovers\n|-damage|p1a: Ogerpon|95/100 tox|[from] psn\n|upkeep\n|turn|38\n|\n|t:|1783795478\n|move|p2a: Clodsire|Protect|p2a: Clodsire\n|-singleturn|p2a: Clodsire|Protect\n|move|p1a: Ogerpon|Swords Dance|p1a: Ogerpon\n|-boost|p1a: Ogerpon|atk|2\n|\n|-heal|p2a: Clodsire|28/100|[from] item: Leftovers\n|-damage|p1a: Ogerpon|83/100 tox|[from] psn\n|upkeep\n|turn|39\n|\n|t:|1783795483\n|move|p2a: Clodsire|Protect||[still]\n|-fail|p2a: Clodsire\n|move|p1a: Ogerpon|Knock Off|p2a: Clodsire\n|-damage|p2a: Clodsire|0 fnt\n|-enditem|p2a: Clodsire|Leftovers|[from] move: Knock Off|[of] p1a: Ogerpon\n|faint|p2a: Clodsire\n|\n|-damage|p1a: Ogerpon|65/100 tox|[from] psn\n|upkeep\n|\n|t:|1783795486\n|switch|p2a: Rillaboom|Rillaboom, M|100/100\n|-fieldstart|move: Grassy Terrain|[from] ability: Grassy Surge|[of] p2a: Rillaboom\n|turn|40\n|\n|t:|1783795490\n|move|p2a: Rillaboom|Grassy Glide|p1a: Ogerpon\n|-damage|p1a: Ogerpon|0 fnt\n|faint|p1a: Ogerpon\n|-damage|p2a: Rillaboom|91/100|[from] item: Life Orb\n|\n|-heal|p2a: Rillaboom|97/100|[from] Grassy Terrain\n|upkeep\n|\n|t:|1783795493\n|switch|p1a: Iron Moth|Iron Moth|100/100\n|-enditem|p1a: Iron Moth|Booster Energy\n|-activate|p1a: Iron Moth|ability: Quark Drive|[fromitem]\n|-start|p1a: Iron Moth|quarkdrivespe\n|turn|41\n|\n|t:|1783795501\n|-end|p1a: Iron Moth|Quark Drive|[silent]\n|switch|p1a: Iron Valiant|Iron Valiant|100/100\n|-enditem|p1a: Iron Valiant|Booster Energy\n|-activate|p1a: Iron Valiant|ability: Quark Drive|[fromitem]\n|-start|p1a: Iron Valiant|quarkdrivespe\n|switch|p2a: Tyranitar|Tyranitar, M|100/100\n|-weather|Sandstorm|[from] ability: Sand Stream|[of] p2a: Tyranitar\n|\n|-weather|Sandstorm|[upkeep]\n|-damage|p1a: Iron Valiant|94/100|[from] Sandstorm\n|-heal|p1a: Iron Valiant|100/100|[from] Grassy Terrain\n|upkeep\n|turn|42\n|\n|t:|1783795510\n|move|p1a: Iron Valiant|Calm Mind|p1a: Iron Valiant\n|-boost|p1a: Iron Valiant|spa|1\n|-boost|p1a: Iron Valiant|spd|1\n|move|p2a: Tyranitar|Ice Punch|p1a: Iron Valiant\n|-damage|p1a: Iron Valiant|44/100\n|\n|-weather|Sandstorm|[upkeep]\n|-damage|p1a: Iron Valiant|38/100|[from] Sandstorm\n|-heal|p1a: Iron Valiant|44/100|[from] Grassy Terrain\n|upkeep\n|turn|43\n|\n|t:|1783795518\n|move|p1a: Iron Valiant|Aura Sphere|p2a: Tyranitar\n|-supereffective|p2a: Tyranitar\n|-damage|p2a: Tyranitar|0 fnt\n|faint|p2a: Tyranitar\n|\n|-weather|Sandstorm|[upkeep]\n|-damage|p1a: Iron Valiant|38/100|[from] Sandstorm\n|-heal|p1a: Iron Valiant|44/100|[from] Grassy Terrain\n|upkeep\n|\n|t:|1783795520\n|switch|p2a: Rillaboom|Rillaboom, M|97/100\n|turn|44\n|\n|t:|1783795534\n|-end|p1a: Iron Valiant|Quark Drive|[silent]\n|switch|p1a: Iron Moth|Iron Moth|100/100\n|move|p2a: Rillaboom|Grassy Glide|p1a: Iron Moth\n|-resisted|p1a: Iron Moth\n|-damage|p1a: Iron Moth|82/100\n|-damage|p2a: Rillaboom|87/100|[from] item: Life Orb\n|\n|-weather|Sandstorm|[upkeep]\n|-damage|p1a: Iron Moth|76/100|[from] Sandstorm\n|-damage|p2a: Rillaboom|81/100|[from] Sandstorm\n|-heal|p1a: Iron Moth|82/100|[from] Grassy Terrain\n|-heal|p2a: Rillaboom|87/100|[from] Grassy Terrain\n|-fieldend|move: Grassy Terrain\n|upkeep\n|turn|45\n|\n|t:|1783795539\n|switch|p2a: Heatran|Heatran, M|100/100\n|move|p1a: Iron Moth|Fiery Dance|p2a: Heatran\n|-start|p2a: Heatran|ability: Flash Fire\n|\n|-weather|none\n|upkeep\n|turn|46\n|\n|t:|1783795548\n|move|p1a: Iron Moth|Dazzling Gleam|p2a: Heatran\n|-resisted|p2a: Heatran\n|-damage|p2a: Heatran|96/100\n|move|p2a: Heatran|Earth Power|p1a: Iron Moth\n|-supereffective|p1a: Iron Moth\n|-damage|p1a: Iron Moth|0 fnt\n|faint|p1a: Iron Moth\n|-end|p1a: Iron Moth|Quark Drive|[silent]\n|\n|-heal|p2a: Heatran|100/100|[from] item: Leftovers\n|upkeep\n|\n|t:|1783795556\n|switch|p1a: Iron Valiant|Iron Valiant|44/100\n|turn|47\n|\n|t:|1783795559\n|move|p1a: Iron Valiant|Aura Sphere|p2a: Heatran\n|-supereffective|p2a: Heatran\n|-damage|p2a: Heatran|52/100\n|move|p2a: Heatran|Earth Power|p1a: Iron Valiant\n|-damage|p1a: Iron Valiant|0 fnt\n|faint|p1a: Iron Valiant\n|-end|p1a: Iron Valiant|Quark Drive|[silent]\n|\n|win|simplegent\n|raw|fregene97's rating: 1558 &rarr; <strong>1535</strong><br />(-23 for losing)\n|raw|simplegent's rating: 1512 &rarr; <strong>1535</strong><br />(+23 for winning)\n|l|☆fregene97\n|player|p1|\n", "uploadtime": 1783795707, "views": 5, "formatid": "gen9ou", "rating": 1535, "private": 0, "password": null}