{"id": "gen9ou-2647833763", "format": "[Gen 9] OU", "players": ["12723 Dong", "waha8"], "log": "|j|☆12723 Dong\n|j|☆waha8\n|t:|1783820764\n|gametype|singles\n|player|p1|12723 Dong|169|1656\n|player|p2|waha8|266|1605\n|gen|9\n|tier|[Gen 9] OU\n|rated|\n|rule|HP Percentage Mod: HP is shown in percentages\n|rule|Endless Battle Clause: Forcing endless battles is banned\n|rule|Species Clause: Limit one of each Pokémon\n|rule|OHKO Clause: OHKO moves are banned\n|rule|Evasion Items Clause: Evasion items are banned\n|rule|Evasion Moves Clause: Evasion moves are banned\n|rule|Evasion Abilities Clause: Evasion abilities are banned\n|rule|Sleep Moves Clause: Sleep-inducing moves are banned\n|clearpoke\n|poke|p1|Great Tusk|\n|poke|p1|Heatran, M|\n|poke|p1|Gholdengo|\n|poke|p1|Ogerpon-Wellspring, F|\n|poke|p1|Iron Valiant|\n|poke|p1|Dragapult, F|\n|poke|p2|Kyurem|\n|poke|p2|Cetitan, F|\n|poke|p2|Ninetales-Alola, F|\n|poke|p2|Dragonite, M|\n|poke|p2|Blaziken, F|\n|poke|p2|Zamazenta-*|\n|teampreview\n|inactive|Battle timer is ON: inactive players will automatically lose when time's up. (requested by 12723 Dong)\n|\n|t:|1783820783\n|teamsize|p1|6\n|teamsize|p2|6\n|start\n|switch|p1a: Heatran|Heatran, M|100/100\n|switch|p2a: Mavis|Ninetales-Alola, F|100/100\n|-weather|Snowscape|[from] ability: Snow Warning|[of] p2a: Mavis\n|turn|1\n|\n|t:|1783820806\n|move|p2a: Mavis|Aurora Veil|p2a: Mavis\n|-sidestart|p2: waha8|move: Aurora Veil\n|move|p1a: Heatran|Magma Storm|p2a: Mavis|[miss]\n|-miss|p1a: Heatran|p2a: Mavis\n|\n|-weather|Snowscape|[upkeep]\n|upkeep\n|turn|2\n|\n|t:|1783820829\n|switch|p2a: Ken|Blaziken, F|100/100\n|move|p1a: Heatran|Taunt|p2a: Ken\n|-start|p2a: Ken|move: Taunt\n|\n|-weather|Snowscape|[upkeep]\n|upkeep\n|turn|3\n|\n|t:|1783820840\n|move|p2a: Ken|Rock Slide|p1a: Heatran\n|-damage|p1a: Heatran|80/100\n|move|p1a: Heatran|Stealth Rock|p2a: Ken\n|-sidestart|p2: waha8|move: Stealth Rock\n|\n|-weather|Snowscape|[upkeep]\n|-heal|p1a: Heatran|86/100|[from] item: Leftovers\n|-ability|p2a: Ken|Speed Boost|boost\n|-boost|p2a: Ken|spe|1\n|upkeep\n|turn|4\n|\n|t:|1783820849\n|move|p2a: Ken|Close Combat|p1a: Heatran\n|-supereffective|p1a: Heatran\n|-damage|p1a: Heatran|0 fnt\n|-unboost|p2a: Ken|def|1\n|-unboost|p2a: Ken|spd|1\n|faint|p1a: Heatran\n|\n|-weather|Snowscape|[upkeep]\n|-end|p2a: Ken|move: Taunt\n|-ability|p2a: Ken|Speed Boost|boost\n|-boost|p2a: Ken|spe|1\n|upkeep\n|\n|t:|1783820851\n|switch|p1a: Dragapult|Dragapult, F|100/100\n|turn|5\n|\n|t:|1783820871\n|switch|p1a: Great Tusk|Great Tusk|100/100\n|move|p2a: Ken|Rock Slide|p1a: Great Tusk\n|-resisted|p1a: Great Tusk\n|-crit|p1a: Great Tusk\n|-damage|p1a: Great Tusk|95/100\n|\n|-weather|Snowscape|[upkeep]\n|-sideend|p2: waha8|move: Aurora Veil\n|-ability|p2a: Ken|Speed Boost|boost\n|-boost|p2a: Ken|spe|1\n|upkeep\n|turn|6\n|\n|t:|1783820881\n|move|p2a: Ken|Overheat|p1a: Great Tusk\n|-crit|p1a: Great Tusk\n|-damage|p1a: Great Tusk|0 fnt\n|-unboost|p2a: Ken|spa|2\n|faint|p1a: Great Tusk\n|-end|p1a: Great Tusk|Protosynthesis|[silent]\n|\n|-weather|Snowscape|[upkeep]\n|-ability|p2a: Ken|Speed Boost|boost\n|-boost|p2a: Ken|spe|1\n|upkeep\n|\n|t:|1783820888\n|switch|p1a: Dragapult|Dragapult, F|100/100\n|turn|7\n|\n|t:|1783820891\n|move|p2a: Ken|Rock Slide|p1a: Dragapult\n|-damage|p1a: Dragapult|71/100\n|move|p1a: Dragapult|Shadow Ball|p2a: Ken\n|-damage|p2a: Ken|0 fnt\n|faint|p2a: Ken\n|\n|-weather|Snowscape|[upkeep]\n|upkeep\n|j| Manxas\n|\n|t:|1783820909\n|switch|p2a: SubZero|Kyurem|100/100\n|-damage|p2a: SubZero|76/100|[from] Stealth Rock\n|-ability|p2a: SubZero|Pressure\n|turn|8\n|\n|t:|1783820919\n|move|p1a: Dragapult|Shadow Ball|p2a: SubZero\n|-damage|p2a: SubZero|22/100\n|move|p2a: SubZero|Icicle Spear|p1a: Dragapult\n|-supereffective|p1a: Dragapult\n|-damage|p1a: Dragapult|33/100\n|-supereffective|p1a: Dragapult\n|-damage|p1a: Dragapult|0 fnt\n|faint|p1a: Dragapult\n|-hitcount|p1: Dragapult|2\n|\n|-weather|none\n|upkeep\n|\n|t:|1783820930\n|switch|p1a: Ogerpon|Ogerpon-Wellspring, F|100/100\n|turn|9\n|\n|t:|1783820933\n|move|p1a: Ogerpon|Knock Off|p2a: SubZero\n|-damage|p2a: SubZero|0 fnt\n|-enditem|p2a: SubZero|Loaded Dice|[from] move: Knock Off|[of] p1a: Ogerpon\n|faint|p2a: SubZero\n|\n|upkeep\n|\n|t:|1783820938\n|switch|p2a: Mavis|Ninetales-Alola, F|100/100\n|-damage|p2a: Mavis|76/100|[from] Stealth Rock\n|-weather|Snowscape|[from] ability: Snow Warning|[of] p2a: Mavis\n|turn|10\n|\n|t:|1783820945\n|move|p1a: Ogerpon|Knock Off|p2a: Mavis\n|-resisted|p2a: Mavis\n|-damage|p2a: Mavis|55/100\n|-enditem|p2a: Mavis|Icy Rock|[from] move: Knock Off|[of] p1a: Ogerpon\n|move|p2a: Mavis|Aurora Veil|p2a: Mavis\n|-sidestart|p2: waha8|move: Aurora Veil\n|\n|-weather|Snowscape|[upkeep]\n|upkeep\n|turn|11\n|\n|t:|1783820954\n|switch|p2a: Zamazenta|Zamazenta|100/100\n|-damage|p2a: Zamazenta|94/100|[from] Stealth Rock\n|-ability|p2a: Zamazenta|Dauntless Shield|boost\n|-boost|p2a: Zamazenta|def|1\n|move|p1a: Ogerpon|U-turn|p2a: Zamazenta\n|-resisted|p2a: Zamazenta\n|-crit|p2a: Zamazenta\n|-damage|p2a: Zamazenta|76/100\n|\n|t:|1783820957\n|switch|p1a: Gholdengo|Gholdengo|100/100|[from] U-turn\n|-item|p1a: Gholdengo|Air Balloon\n|\n|-weather|Snowscape|[upkeep]\n|upkeep\n|turn|12\n|\n|t:|1783820982\n|move|p2a: Zamazenta|Crunch|p1a: Gholdengo\n|-supereffective|p1a: Gholdengo\n|-damage|p1a: Gholdengo|46/100\n|-enditem|p1a: Gholdengo|Air Balloon\n|-damage|p2a: Zamazenta|66/100|[from] item: Life Orb\n|move|p1a: Gholdengo|Make It Rain|p2a: Zamazenta\n|-damage|p2a: Zamazenta|37/100\n|-unboost|p1a: Gholdengo|spa|1\n|\n|-weather|Snowscape|[upkeep]\n|upkeep\n|turn|13\n|inactive|12723 Dong has 120 seconds left.\n|j| pigfloopsauce\n|\n|t:|1783821017\n|move|p2a: Zamazenta|Crunch|p1a: Gholdengo\n|-supereffective|p1a: Gholdengo\n|-damage|p1a: Gholdengo|0 fnt\n|faint|p1a: Gholdengo\n|-damage|p2a: Zamazenta|27/100|[from] item: Life Orb\n|\n|-weather|Snowscape|[upkeep]\n|upkeep\n|l| pigfloopsauce\n|\n|t:|1783821023\n|switch|p1a: Iron Valiant|Iron Valiant|100/100\n|-enditem|p1a: Iron Valiant|Booster Energy\n|-activate|p1a: Iron Valiant|ability: Quark Drive|[fromitem]\n|-start|p1a: Iron Valiant|quarkdrivespe\n|turn|14\n|\n|t:|1783821042\n|-terastallize|p1a: Iron Valiant|Ghost\n|move|p1a: Iron Valiant|Calm Mind|p1a: Iron Valiant\n|-boost|p1a: Iron Valiant|spa|1\n|-boost|p1a: Iron Valiant|spd|1\n|move|p2a: Zamazenta|Heavy Slam|p1a: Iron Valiant\n|-damage|p1a: Iron Valiant|36/100\n|-damage|p2a: Zamazenta|17/100|[from] item: Life Orb\n|\n|-weather|Snowscape|[upkeep]\n|-sideend|p2: waha8|move: Aurora Veil\n|upkeep\n|turn|15\n|\n|t:|1783821053\n|move|p1a: Iron Valiant|Shadow Ball|p2a: Zamazenta\n|-damage|p2a: Zamazenta|0 fnt\n|faint|p2a: Zamazenta\n|\n|-weather|Snowscape|[upkeep]\n|upkeep\n|\n|t:|1783821062\n|switch|p2a: Thing|Cetitan, F|100/100\n|-damage|p2a: Thing|75/100|[from] Stealth Rock\n|turn|16\n|\n|t:|1783821070\n|-terastallize|p2a: Thing|Ground\n|move|p1a: Iron Valiant|Focus Blast|p2a: Thing\n|-damage|p2a: Thing|0 fnt\n|faint|p2a: Thing\n|\n|-weather|Snowscape|[upkeep]\n|upkeep\n|\n|t:|1783821080\n|switch|p2a: Dknight|Dragonite, M|100/100\n|-damage|p2a: Dknight|76/100|[from] Stealth Rock\n|turn|17\n|c|☆waha8|gg\n|\n|t:|1783821083\n|move|p1a: Iron Valiant|Moonblast|p2a: Dknight\n|-supereffective|p2a: Dknight\n|-damage|p2a: Dknight|0 fnt\n|faint|p2a: Dknight\n|\n|-weather|none\n|upkeep\n|-message|waha8 forfeited.\n|\n|win|12723 Dong\n|raw|12723 Dong's rating: 1656 &rarr; <strong>1673</strong><br />(+17 for winning)\n|raw|waha8's rating: 1605 &rarr; <strong>1588</strong><br />(-17 for losing)\n|l|☆waha8\n|player|p2|\n|c|☆12723 Dong|Gg\n|l|☆12723 Dong\n|player|p1|\n|l| Manxas\n", "uploadtime": 1783821255, "views": 5, "formatid": "gen9ou", "rating": 1588, "private": 0, "password": null}