{"id": "gen9ou-2639211055", "format": "[Gen 9] OU", "players": ["ninjastatus", "mastersannin"], "log": "|j|☆ninjastatus\n|j|☆mastersannin\n|t:|1782434696\n|gametype|singles\n|player|p1|ninjastatus|cynthia|1563\n|player|p2|mastersannin|2|1604\n|gen|9\n|tier|[Gen 9] OU\n|rated|\n|rule|HP Percentage Mod: HP is shown in percentages\n|rule|Endless Battle Clause: Forcing endless battles is banned\n|rule|Species Clause: Limit one of each Pokémon\n|rule|OHKO Clause: OHKO moves are banned\n|rule|Evasion Items Clause: Evasion items are banned\n|rule|Evasion Moves Clause: Evasion moves are banned\n|rule|Evasion Abilities Clause: Evasion abilities are banned\n|rule|Sleep Moves Clause: Sleep-inducing moves are banned\n|clearpoke\n|poke|p1|Garganacl, M|\n|poke|p1|Cinderace, F|\n|poke|p1|Latias, F|\n|poke|p1|Clodsire, F|\n|poke|p1|Ogerpon-Wellspring, F|\n|poke|p1|Kingambit, M|\n|poke|p2|Pelipper, F|\n|poke|p2|Raging Bolt|\n|poke|p2|Overqwil, M|\n|poke|p2|Barraskewda, F|\n|poke|p2|Iron Treads|\n|poke|p2|Kingambit, M|\n|teampreview\n|inactive|Battle timer is ON: inactive players will automatically lose when time's up. (requested by mastersannin)\n|\n|t:|1782434712\n|teamsize|p1|6\n|teamsize|p2|6\n|start\n|switch|p1a: Clodsire|Clodsire, F|100/100\n|switch|p2a: Iron Treads|Iron Treads|100/100\n|-enditem|p2a: Iron Treads|Booster Energy\n|-activate|p2a: Iron Treads|ability: Quark Drive|[fromitem]\n|-start|p2a: Iron Treads|quarkdrivespe\n|turn|1\n|\n|t:|1782434719\n|move|p2a: Iron Treads|Earth Power|p1a: Clodsire\n|-supereffective|p1a: Clodsire\n|-damage|p1a: Clodsire|61/100\n|move|p1a: Clodsire|Earthquake|p2a: Iron Treads\n|-supereffective|p2a: Iron Treads\n|-damage|p2a: Iron Treads|48/100\n|\n|-heal|p1a: Clodsire|67/100|[from] item: Leftovers\n|upkeep\n|turn|2\n|\n|t:|1782434725\n|move|p2a: Iron Treads|Stealth Rock|p1a: Clodsire\n|-sidestart|p1: ninjastatus|move: Stealth Rock\n|move|p1a: Clodsire|Recover|p1a: Clodsire\n|-heal|p1a: Clodsire|100/100\n|\n|upkeep\n|turn|3\n|\n|t:|1782434742\n|-end|p2a: Iron Treads|Quark Drive|[silent]\n|switch|p2a: Pelipper|Pelipper, F|100/100\n|-weather|RainDance|[from] ability: Drizzle|[of] p2a: Pelipper\n|move|p1a: Clodsire|Earthquake|p2a: Pelipper\n|-immune|p2a: Pelipper\n|\n|-weather|RainDance|[upkeep]\n|upkeep\n|turn|4\n|\n|t:|1782434744\n|move|p2a: Pelipper|Weather Ball|p1a: Clodsire\n|-immune|p1a: Clodsire|[from] ability: Water Absorb\n|move|p1a: Clodsire|Stealth Rock|p2a: Pelipper\n|-sidestart|p2: mastersannin|move: Stealth Rock\n|\n|-weather|RainDance|[upkeep]\n|upkeep\n|turn|5\n|\n|t:|1782434753\n|move|p2a: Pelipper|U-turn|p1a: Clodsire\n|-resisted|p1a: Clodsire\n|-damage|p1a: Clodsire|95/100\n|\n|t:|1782434758\n|switch|p2a: Iron Treads|Iron Treads|48/100|[from] U-turn\n|-damage|p2a: Iron Treads|45/100|[from] Stealth Rock\n|move|p1a: Clodsire|Earthquake|p2a: Iron Treads\n|-supereffective|p2a: Iron Treads\n|-damage|p2a: Iron Treads|0 fnt\n|faint|p2a: Iron Treads\n|-end|p2a: Iron Treads|Quark Drive|[silent]\n|\n|-weather|RainDance|[upkeep]\n|-heal|p1a: Clodsire|100/100|[from] item: Leftovers\n|upkeep\n|\n|t:|1782434760\n|switch|p2a: Kingambit|Kingambit, M|100/100\n|-damage|p2a: Kingambit|94/100|[from] Stealth Rock\n|-activate|p2a: Kingambit|ability: Supreme Overlord\n|-start|p2a: Kingambit|fallen1|[silent]\n|turn|6\n|\n|t:|1782434778\n|switch|p1a: Cinderace|Cinderace, F|100/100\n|-terastallize|p2a: Kingambit|Dark\n|move|p2a: Kingambit|Kowtow Cleave|p1a: Cinderace\n|-damage|p1a: Cinderace|1/100\n|\n|-weather|RainDance|[upkeep]\n|-heal|p2a: Kingambit|100/100|[from] item: Leftovers\n|upkeep\n|turn|7\n|\n|t:|1782434789\n|-end|p2a: Kingambit|fallen1|[silent]\n|switch|p2a: Pelipper|Pelipper, F|100/100\n|-damage|p2a: Pelipper|76/100|[from] Stealth Rock\n|move|p1a: Cinderace|Will-O-Wisp|p2a: Pelipper\n|-status|p2a: Pelipper|brn\n|\n|-weather|RainDance|[upkeep]\n|-damage|p2a: Pelipper|70/100 brn|[from] brn\n|upkeep\n|turn|8\n|\n|t:|1782434794\n|move|p1a: Cinderace|Pyro Ball|p2a: Pelipper\n|-resisted|p2a: Pelipper\n|-damage|p2a: Pelipper|54/100 brn\n|move|p2a: Pelipper|U-turn|p1a: Cinderace\n|-resisted|p1a: Cinderace\n|-damage|p1a: Cinderace|0 fnt\n|faint|p1a: Cinderace\n|\n|t:|1782434797\n|switch|p2a: Kingambit|Kingambit, M, tera:Dark|100/100|[from] U-turn\n|-damage|p2a: Kingambit|88/100|[from] Stealth Rock\n|-activate|p2a: Kingambit|ability: Supreme Overlord\n|-start|p2a: Kingambit|fallen1|[silent]\n|\n|-weather|RainDance|[upkeep]\n|-heal|p2a: Kingambit|94/100|[from] item: Leftovers\n|upkeep\n|\n|t:|1782434804\n|switch|p1a: Kingambit|Kingambit, M|100/100\n|-damage|p1a: Kingambit|94/100|[from] Stealth Rock\n|-activate|p1a: Kingambit|ability: Supreme Overlord\n|-start|p1a: Kingambit|fallen1|[silent]\n|turn|9\n|\n|t:|1782434813\n|-end|p2a: Kingambit|fallen1|[silent]\n|switch|p2a: Raging Bolt|Raging Bolt|100/100\n|-damage|p2a: Raging Bolt|88/100|[from] Stealth Rock\n|-enditem|p2a: Raging Bolt|Booster Energy\n|-activate|p2a: Raging Bolt|ability: Protosynthesis|[fromitem]\n|-start|p2a: Raging Bolt|protosynthesisspa\n|move|p1a: Kingambit|Low Kick|p2a: Raging Bolt\n|-damage|p2a: Raging Bolt|48/100\n|\n|-weather|RainDance|[upkeep]\n|-heal|p1a: Kingambit|100/100|[from] item: Leftovers\n|upkeep\n|turn|10\n|\n|t:|1782434821\n|-end|p1a: Kingambit|fallen1|[silent]\n|switch|p1a: Clodsire|Clodsire, F|100/100\n|-damage|p1a: Clodsire|94/100|[from] Stealth Rock\n|move|p2a: Raging Bolt|Draco Meteor|p1a: Clodsire\n|-damage|p1a: Clodsire|44/100\n|-unboost|p2a: Raging Bolt|spa|2\n|\n|-weather|none\n|-heal|p1a: Clodsire|50/100|[from] item: Leftovers\n|upkeep\n|turn|11\n|\n|t:|1782434829\n|-end|p2a: Raging Bolt|Protosynthesis|[silent]\n|switch|p2a: Pelipper|Pelipper, F|54/100 brn\n|-damage|p2a: Pelipper|29/100 brn|[from] Stealth Rock\n|-weather|RainDance|[from] ability: Drizzle|[of] p2a: Pelipper\n|move|p1a: Clodsire|Recover|p1a: Clodsire\n|-heal|p1a: Clodsire|100/100\n|\n|-weather|RainDance|[upkeep]\n|-damage|p2a: Pelipper|23/100 brn|[from] brn\n|upkeep\n|turn|12\n|\n|t:|1782434849\n|switch|p1a: Kingambit|Kingambit, M|100/100\n|-damage|p1a: Kingambit|94/100|[from] Stealth Rock\n|-activate|p1a: Kingambit|ability: Supreme Overlord\n|-start|p1a: Kingambit|fallen1|[silent]\n|move|p2a: Pelipper|Roost|p2a: Pelipper\n|-heal|p2a: Pelipper|73/100 brn\n|-singleturn|p2a: Pelipper|move: Roost\n|\n|-weather|RainDance|[upkeep]\n|-heal|p1a: Kingambit|100/100|[from] item: Leftovers\n|-damage|p2a: Pelipper|67/100 brn|[from] brn\n|upkeep\n|turn|13\n|\n|t:|1782434860\n|move|p1a: Kingambit|Swords Dance|p1a: Kingambit\n|-boost|p1a: Kingambit|atk|2\n|move|p2a: Pelipper|U-turn|p1a: Kingambit\n|-damage|p1a: Kingambit|96/100\n|\n|t:|1782434865\n|switch|p2a: Raging Bolt|Raging Bolt|48/100|[from] U-turn\n|-damage|p2a: Raging Bolt|36/100|[from] Stealth Rock\n|\n|-weather|RainDance|[upkeep]\n|-heal|p1a: Kingambit|100/100|[from] item: Leftovers\n|upkeep\n|turn|14\n|\n|t:|1782434872\n|move|p2a: Raging Bolt|Thunderclap|p1a: Kingambit\n|-damage|p1a: Kingambit|55/100\n|move|p1a: Kingambit|Sucker Punch||[still]\n|-fail|p1a: Kingambit\n|\n|-weather|RainDance|[upkeep]\n|-heal|p1a: Kingambit|61/100|[from] item: Leftovers\n|upkeep\n|turn|15\n|\n|t:|1782434881\n|-end|p1a: Kingambit|fallen1|[silent]\n|switch|p1a: Clodsire|Clodsire, F|100/100\n|-damage|p1a: Clodsire|94/100|[from] Stealth Rock\n|move|p2a: Raging Bolt|Thunderclap||[still]\n|-fail|p2a: Raging Bolt\n|\n|-weather|RainDance|[upkeep]\n|-heal|p1a: Clodsire|100/100|[from] item: Leftovers\n|upkeep\n|turn|16\n|\n|t:|1782434885\n|move|p2a: Raging Bolt|Draco Meteor|p1a: Clodsire|[miss]\n|-miss|p2a: Raging Bolt|p1a: Clodsire\n|move|p1a: Clodsire|Earthquake|p2a: Raging Bolt\n|-supereffective|p2a: Raging Bolt\n|-damage|p2a: Raging Bolt|0 fnt\n|faint|p2a: Raging Bolt\n|-end|p2a: Raging Bolt|Protosynthesis|[silent]\n|\n|-weather|RainDance|[upkeep]\n|upkeep\n|\n|t:|1782434887\n|switch|p2a: Kingambit|Kingambit, M, tera:Dark|94/100\n|-damage|p2a: Kingambit|82/100|[from] Stealth Rock\n|-activate|p2a: Kingambit|ability: Supreme Overlord\n|-start|p2a: Kingambit|fallen2|[silent]\n|turn|17\n|\n|t:|1782434895\n|switch|p1a: Ogerpon|Ogerpon-Wellspring, F|100/100\n|-damage|p1a: Ogerpon|88/100|[from] Stealth Rock\n|move|p2a: Kingambit|Swords Dance|p2a: Kingambit\n|-boost|p2a: Kingambit|atk|2\n|\n|-weather|RainDance|[upkeep]\n|-heal|p2a: Kingambit|88/100|[from] item: Leftovers\n|upkeep\n|turn|18\n|\n|t:|1782434897\n|move|p1a: Ogerpon|Encore|p2a: Kingambit\n|-start|p2a: Kingambit|Encore\n|move|p2a: Kingambit|Swords Dance|p2a: Kingambit\n|-boost|p2a: Kingambit|atk|2\n|\n|-weather|none\n|-heal|p2a: Kingambit|94/100|[from] item: Leftovers\n|upkeep\n|turn|19\n|\n|t:|1782434907\n|switch|p1a: Garganacl|Garganacl, M|100/100\n|-damage|p1a: Garganacl|88/100|[from] Stealth Rock\n|-end|p2a: Kingambit|fallen2|[silent]\n|switch|p2a: Pelipper|Pelipper, F|67/100 brn\n|-damage|p2a: Pelipper|42/100 brn|[from] Stealth Rock\n|-weather|RainDance|[from] ability: Drizzle|[of] p2a: Pelipper\n|\n|-weather|RainDance|[upkeep]\n|-heal|p1a: Garganacl|94/100|[from] item: Leftovers\n|-damage|p2a: Pelipper|36/100 brn|[from] brn\n|upkeep\n|turn|20\n|\n|t:|1782434912\n|switch|p1a: Clodsire|Clodsire, F|100/100\n|-damage|p1a: Clodsire|94/100|[from] Stealth Rock\n|move|p2a: Pelipper|U-turn|p1a: Clodsire\n|-resisted|p1a: Clodsire\n|-damage|p1a: Clodsire|92/100\n|\n|t:|1782434915\n|switch|p2a: Kingambit|Kingambit, M, tera:Dark|94/100|[from] U-turn\n|-damage|p2a: Kingambit|82/100|[from] Stealth Rock\n|-activate|p2a: Kingambit|ability: Supreme Overlord\n|-start|p2a: Kingambit|fallen2|[silent]\n|\n|-weather|RainDance|[upkeep]\n|-heal|p2a: Kingambit|88/100|[from] item: Leftovers\n|-heal|p1a: Clodsire|98/100|[from] item: Leftovers\n|upkeep\n|turn|21\n|\n|t:|1782434921\n|move|p2a: Kingambit|Kowtow Cleave|p1a: Clodsire\n|-damage|p1a: Clodsire|12/100\n|move|p1a: Clodsire|Toxic|p2a: Kingambit\n|-status|p2a: Kingambit|tox\n|\n|-weather|RainDance|[upkeep]\n|-heal|p2a: Kingambit|94/100 tox|[from] item: Leftovers\n|-heal|p1a: Clodsire|18/100|[from] item: Leftovers\n|-damage|p2a: Kingambit|88/100 tox|[from] psn\n|upkeep\n|turn|22\n|\n|t:|1782434925\n|move|p2a: Kingambit|Kowtow Cleave|p1a: Clodsire\n|-damage|p1a: Clodsire|0 fnt\n|faint|p1a: Clodsire\n|\n|-weather|RainDance|[upkeep]\n|-heal|p2a: Kingambit|94/100 tox|[from] item: Leftovers\n|-damage|p2a: Kingambit|82/100 tox|[from] psn\n|upkeep\n|\n|t:|1782434929\n|switch|p1a: Kingambit|Kingambit, M|61/100\n|-damage|p1a: Kingambit|55/100|[from] Stealth Rock\n|-activate|p1a: Kingambit|ability: Supreme Overlord\n|-start|p1a: Kingambit|fallen2|[silent]\n|turn|23\n|\n|t:|1782434938\n|-end|p2a: Kingambit|fallen2|[silent]\n|switch|p2a: Overqwil|Overqwil, M|100/100\n|-damage|p2a: Overqwil|88/100|[from] Stealth Rock\n|move|p1a: Kingambit|Low Kick|p2a: Overqwil\n|-damage|p2a: Overqwil|52/100\n|\n|-weather|RainDance|[upkeep]\n|-heal|p1a: Kingambit|61/100|[from] item: Leftovers\n|upkeep\n|turn|24\n|\n|t:|1782434944\n|move|p2a: Overqwil|Liquidation|p1a: Kingambit\n|-damage|p1a: Kingambit|10/100\n|-damage|p2a: Overqwil|42/100|[from] item: Life Orb\n|move|p1a: Kingambit|Iron Head|p2a: Overqwil\n|-damage|p2a: Overqwil|0 fnt\n|faint|p2a: Overqwil\n|\n|-weather|RainDance|[upkeep]\n|-heal|p1a: Kingambit|17/100|[from] item: Leftovers\n|upkeep\n|\n|t:|1782434953\n|switch|p2a: Barraskewda|Barraskewda, F|100/100\n|-damage|p2a: Barraskewda|88/100|[from] Stealth Rock\n|turn|25\n|\n|t:|1782434956\n|move|p1a: Kingambit|Sucker Punch|p2a: Barraskewda\n|-damage|p2a: Barraskewda|5/100\n|move|p2a: Barraskewda|Close Combat|p1a: Kingambit\n|-supereffective|p1a: Kingambit\n|-damage|p1a: Kingambit|0 fnt\n|-unboost|p2a: Barraskewda|def|1\n|-unboost|p2a: Barraskewda|spd|1\n|faint|p1a: Kingambit\n|-end|p1a: Kingambit|fallen2|[silent]\n|\n|-weather|RainDance|[upkeep]\n|upkeep\n|\n|t:|1782434960\n|switch|p1a: Latias|Latias, F|100/100\n|-damage|p1a: Latias|88/100|[from] Stealth Rock\n|turn|26\n|\n|t:|1782434967\n|move|p2a: Barraskewda|Close Combat|p1a: Latias\n|-resisted|p1a: Latias\n|-damage|p1a: Latias|61/100\n|-unboost|p2a: Barraskewda|def|1\n|-unboost|p2a: Barraskewda|spd|1\n|move|p1a: Latias|Aura Sphere|p2a: Barraskewda\n|-damage|p2a: Barraskewda|0 fnt\n|faint|p2a: Barraskewda\n|\n|-weather|none\n|-heal|p1a: Latias|67/100|[from] item: Leftovers\n|upkeep\n|\n|t:|1782434969\n|switch|p2a: Kingambit|Kingambit, M, tera:Dark|82/100 tox\n|-damage|p2a: Kingambit|69/100 tox|[from] Stealth Rock\n|-activate|p2a: Kingambit|ability: Supreme Overlord\n|-start|p2a: Kingambit|fallen4|[silent]\n|turn|27\n|\n|t:|1782434977\n|move|p1a: Latias|Aura Sphere|p2a: Kingambit\n|-supereffective|p2a: Kingambit\n|-damage|p2a: Kingambit|25/100 tox\n|move|p2a: Kingambit|Iron Head|p1a: Latias\n|-crit|p1a: Latias\n|-damage|p1a: Latias|0 fnt\n|faint|p1a: Latias\n|\n|-heal|p2a: Kingambit|32/100 tox|[from] item: Leftovers\n|-damage|p2a: Kingambit|25/100 tox|[from] psn\n|upkeep\n|\n|t:|1782434981\n|switch|p1a: Ogerpon|Ogerpon-Wellspring, F|88/100\n|-damage|p1a: Ogerpon|76/100|[from] Stealth Rock\n|turn|28\n|\n|t:|1782434986\n|switch|p1a: Garganacl|Garganacl, M|94/100\n|-damage|p1a: Garganacl|82/100|[from] Stealth Rock\n|move|p2a: Kingambit|Kowtow Cleave|p1a: Garganacl\n|-damage|p1a: Garganacl|17/100\n|\n|-heal|p2a: Kingambit|32/100 tox|[from] item: Leftovers\n|-heal|p1a: Garganacl|23/100|[from] item: Leftovers\n|-damage|p2a: Kingambit|19/100 tox|[from] psn\n|upkeep\n|turn|29\n|\n|t:|1782434990\n|move|p2a: Kingambit|Kowtow Cleave|p1a: Garganacl\n|-damage|p1a: Garganacl|0 fnt\n|faint|p1a: Garganacl\n|\n|-heal|p2a: Kingambit|25/100 tox|[from] item: Leftovers\n|-damage|p2a: Kingambit|7/100 tox|[from] psn\n|upkeep\n|\n|t:|1782434992\n|switch|p1a: Ogerpon|Ogerpon-Wellspring, F|76/100\n|-damage|p1a: Ogerpon|64/100|[from] Stealth Rock\n|turn|30\n|\n|t:|1782434995\n|move|p2a: Kingambit|Sucker Punch|p1a: Ogerpon\n|-damage|p1a: Ogerpon|0 fnt\n|faint|p1a: Ogerpon\n|\n|win|mastersannin\n|raw|ninjastatus's rating: 1563 &rarr; <strong>1545</strong><br />(-18 for losing)\n|raw|mastersannin's rating: 1604 &rarr; <strong>1622</strong><br />(+18 for winning)\n", "uploadtime": 1782434995, "views": 9, "formatid": "gen9ou", "rating": 1545, "private": 0, "password": null}