{"id": "gen9ou-2647696517", "format": "[Gen 9] OU", "players": ["OUBotBeepBoop", "Flixerich"], "log": "|j|☆OUBotBeepBoop\n|j|☆Flixerich\n|t:|1783797808\n|gametype|singles\n|player|p1|OUBotBeepBoop|102|1222\n|player|p2|Flixerich|265|1172\n|gen|9\n|tier|[Gen 9] OU\n|rated|\n|rule|HP Percentage Mod: HP is shown in percentages\n|rule|Endless Battle Clause: Forcing endless battles is banned\n|rule|Species Clause: Limit one of each Pokémon\n|rule|OHKO Clause: OHKO moves are banned\n|rule|Evasion Items Clause: Evasion items are banned\n|rule|Evasion Moves Clause: Evasion moves are banned\n|rule|Evasion Abilities Clause: Evasion abilities are banned\n|rule|Sleep Moves Clause: Sleep-inducing moves are banned\n|clearpoke\n|poke|p1|Glimmora, M|\n|poke|p1|Great Tusk|\n|poke|p1|Kingambit, F|\n|poke|p1|Dragapult, F|\n|poke|p1|Clefable, M|\n|poke|p1|Corviknight, M|\n|poke|p2|Bellossom, F|\n|poke|p2|Dragonite, M|\n|poke|p2|Gholdengo|\n|poke|p2|Great Tusk|\n|poke|p2|Kingambit, F|\n|poke|p2|Salazzle, F|\n|teampreview\n|inactive|Battle timer is ON: inactive players will automatically lose when time's up. (requested by OUBotBeepBoop)\n|\n|t:|1783797822\n|teamsize|p1|6\n|teamsize|p2|6\n|start\n|switch|p1a: Glimmora|Glimmora, M|100/100\n|switch|p2a: Salazzle|Salazzle, F|100/100\n|turn|1\n|\n|t:|1783797835\n|switch|p2a: Great Tusk|Great Tusk|100/100\n|-enditem|p2a: Great Tusk|Booster Energy\n|-activate|p2a: Great Tusk|ability: Protosynthesis|[fromitem]\n|-start|p2a: Great Tusk|protosynthesisatk\n|move|p1a: Glimmora|Earth Power|p2a: Great Tusk\n|-damage|p2a: Great Tusk|57/100\n|\n|upkeep\n|turn|2\n|\n|t:|1783797844\n|switch|p1a: Clefable|Clefable, M|100/100\n|move|p2a: Great Tusk|Rapid Spin|p1a: Clefable\n|-damage|p1a: Clefable|81/100\n|-boost|p2a: Great Tusk|spe|1\n|\n|-heal|p1a: Clefable|87/100|[from] item: Leftovers\n|upkeep\n|turn|3\n|\n|t:|1783797853\n|move|p2a: Great Tusk|Earthquake|p1a: Clefable\n|-damage|p1a: Clefable|27/100\n|move|p1a: Clefable|Moonblast|p2a: Great Tusk\n|-supereffective|p2a: Great Tusk\n|-damage|p2a: Great Tusk|0 fnt\n|faint|p2a: Great Tusk\n|-end|p2a: Great Tusk|Protosynthesis|[silent]\n|\n|-heal|p1a: Clefable|33/100|[from] item: Leftovers\n|upkeep\n|\n|t:|1783797862\n|switch|p2a: Gholdengo|Gholdengo|100/100\n|-item|p2a: Gholdengo|Air Balloon\n|turn|4\n|\n|t:|1783797866\n|switch|p1a: Kingambit|Kingambit, F|100/100\n|move|p2a: Gholdengo|Nasty Plot|p2a: Gholdengo\n|-boost|p2a: Gholdengo|spa|2\n|\n|upkeep\n|turn|5\n|\n|t:|1783797873\n|-end|p1a: Kingambit|fallenundefined|[silent]\n|switch|p1a: Dragapult|Dragapult, F|100/100\n|move|p2a: Gholdengo|Thunderbolt|p1a: Dragapult\n|-resisted|p1a: Dragapult\n|-damage|p1a: Dragapult|56/100\n|\n|upkeep\n|turn|6\n|\n|t:|1783797880\n|move|p1a: Dragapult|Shadow Ball|p2a: Gholdengo\n|-supereffective|p2a: Gholdengo\n|-damage|p2a: Gholdengo|1/100\n|-enditem|p2a: Gholdengo|Air Balloon\n|move|p2a: Gholdengo|Shadow Ball|p1a: Dragapult\n|-supereffective|p1a: Dragapult\n|-damage|p1a: Dragapult|0 fnt\n|faint|p1a: Dragapult\n|\n|upkeep\n|\n|t:|1783797880\n|switch|p1a: Glimmora|Glimmora, M|100/100\n|turn|7\n|\n|t:|1783797893\n|move|p1a: Glimmora|Power Gem|p2a: Gholdengo\n|-resisted|p2a: Gholdengo\n|-damage|p2a: Gholdengo|0 fnt\n|faint|p2a: Gholdengo\n|\n|upkeep\n|\n|t:|1783797906\n|switch|p2a: Bellossom|Bellossom, F|100/100\n|turn|8\n|\n|t:|1783797911\n|move|p1a: Glimmora|Stealth Rock|p2a: Bellossom\n|-sidestart|p2: Flixerich|move: Stealth Rock\n|move|p2a: Bellossom|Quiver Dance|p2a: Bellossom\n|-boost|p2a: Bellossom|spa|1\n|-boost|p2a: Bellossom|spd|1\n|-boost|p2a: Bellossom|spe|1\n|\n|upkeep\n|turn|9\n|\n|t:|1783797917\n|move|p1a: Glimmora|Power Gem|p2a: Bellossom\n|-damage|p2a: Bellossom|71/100\n|move|p2a: Bellossom|Quiver Dance|p2a: Bellossom\n|-boost|p2a: Bellossom|spa|1\n|-boost|p2a: Bellossom|spd|1\n|-boost|p2a: Bellossom|spe|1\n|\n|-heal|p2a: Bellossom|78/100|[from] item: Leftovers\n|upkeep\n|turn|10\n|\n|t:|1783797924\n|move|p1a: Glimmora|Power Gem|p2a: Bellossom\n|-crit|p2a: Bellossom\n|-damage|p2a: Bellossom|19/100\n|move|p2a: Bellossom|Quiver Dance|p2a: Bellossom\n|-boost|p2a: Bellossom|spa|1\n|-boost|p2a: Bellossom|spd|1\n|-boost|p2a: Bellossom|spe|1\n|\n|-heal|p2a: Bellossom|25/100|[from] item: Leftovers\n|upkeep\n|turn|11\n|\n|t:|1783797932\n|move|p2a: Bellossom|Giga Drain|p1a: Glimmora\n|-damage|p1a: Glimmora|18/100\n|-heal|p2a: Bellossom|61/100|[from] drain|[of] p1a: Glimmora\n|move|p1a: Glimmora|Mortal Spin|p2a: Bellossom\n|-supereffective|p2a: Bellossom\n|-damage|p2a: Bellossom|52/100\n|-status|p2a: Bellossom|psn\n|\n|-heal|p2a: Bellossom|59/100 psn|[from] item: Leftovers\n|-damage|p2a: Bellossom|46/100 psn|[from] psn\n|upkeep\n|turn|12\n|\n|t:|1783797943\n|switch|p1a: Kingambit|Kingambit, F|100/100\n|-activate|p1a: Kingambit|ability: Supreme Overlord\n|-start|p1a: Kingambit|fallen1|[silent]\n|move|p2a: Bellossom|Giga Drain|p1a: Kingambit\n|-resisted|p1a: Kingambit\n|-damage|p1a: Kingambit|74/100\n|-heal|p2a: Bellossom|62/100 psn|[from] drain|[of] p1a: Kingambit\n|\n|-heal|p2a: Bellossom|68/100 psn|[from] item: Leftovers\n|-damage|p2a: Bellossom|55/100 psn|[from] psn\n|upkeep\n|turn|13\n|\n|t:|1783797954\n|-terastallize|p1a: Kingambit|Dark\n|move|p2a: Bellossom|Strength Sap|p1a: Kingambit\n|-unboost|p1a: Kingambit|atk|1\n|-heal|p2a: Bellossom|100/100 psn\n|move|p1a: Kingambit|Kowtow Cleave|p2a: Bellossom\n|-damage|p2a: Bellossom|59/100 psn\n|\n|-heal|p2a: Bellossom|65/100 psn|[from] item: Leftovers\n|-damage|p2a: Bellossom|53/100 psn|[from] psn\n|upkeep\n|turn|14\n|\n|t:|1783797965\n|move|p1a: Kingambit|Sucker Punch||[still]\n|-fail|p1a: Kingambit\n|move|p2a: Bellossom|Strength Sap|p1a: Kingambit\n|-unboost|p1a: Kingambit|atk|1\n|-heal|p2a: Bellossom|100/100 psn\n|\n|-damage|p2a: Bellossom|88/100 psn|[from] psn\n|upkeep\n|turn|15\n|\n|t:|1783797972\n|move|p1a: Kingambit|Sucker Punch||[still]\n|-fail|p1a: Kingambit\n|move|p2a: Bellossom|Quiver Dance|p2a: Bellossom\n|-boost|p2a: Bellossom|spa|1\n|-boost|p2a: Bellossom|spd|1\n|-boost|p2a: Bellossom|spe|1\n|\n|-heal|p2a: Bellossom|94/100 psn|[from] item: Leftovers\n|-damage|p2a: Bellossom|82/100 psn|[from] psn\n|upkeep\n|turn|16\n|\n|t:|1783797980\n|move|p1a: Kingambit|Sucker Punch||[still]\n|-fail|p1a: Kingambit\n|move|p2a: Bellossom|Quiver Dance|p2a: Bellossom\n|-boost|p2a: Bellossom|spa|1\n|-boost|p2a: Bellossom|spd|1\n|-boost|p2a: Bellossom|spe|1\n|\n|-heal|p2a: Bellossom|88/100 psn|[from] item: Leftovers\n|-damage|p2a: Bellossom|76/100 psn|[from] psn\n|upkeep\n|turn|17\n|\n|t:|1783797988\n|move|p1a: Kingambit|Sucker Punch||[still]\n|-fail|p1a: Kingambit\n|move|p2a: Bellossom|Strength Sap|p1a: Kingambit\n|-unboost|p1a: Kingambit|atk|1\n|-heal|p2a: Bellossom|100/100 psn\n|\n|-damage|p2a: Bellossom|88/100 psn|[from] psn\n|upkeep\n|turn|18\n|\n|t:|1783797996\n|move|p1a: Kingambit|Sucker Punch|p2a: Bellossom\n|-damage|p2a: Bellossom|65/100 psn\n|move|p2a: Bellossom|Moonblast|p1a: Kingambit\n|-supereffective|p1a: Kingambit\n|-damage|p1a: Kingambit|0 fnt\n|faint|p1a: Kingambit\n|-end|p1a: Kingambit|fallen1|[silent]\n|\n|-heal|p2a: Bellossom|71/100 psn|[from] item: Leftovers\n|-damage|p2a: Bellossom|59/100 psn|[from] psn\n|upkeep\n|\n|t:|1783797996\n|switch|p1a: Corviknight|Corviknight, M|100/100\n|-ability|p1a: Corviknight|Pressure\n|turn|19\n|\n|t:|1783798008\n|move|p2a: Bellossom|Strength Sap|p1a: Corviknight\n|-unboost|p1a: Corviknight|atk|1\n|-heal|p2a: Bellossom|100/100 psn\n|move|p1a: Corviknight|U-turn|p2a: Bellossom\n|-supereffective|p2a: Bellossom\n|-damage|p2a: Bellossom|87/100 psn\n|\n|t:|1783798008\n|switch|p1a: Clefable|Clefable, M|33/100|[from] U-turn\n|\n|-heal|p2a: Bellossom|93/100 psn|[from] item: Leftovers\n|-heal|p1a: Clefable|39/100|[from] item: Leftovers\n|-damage|p2a: Bellossom|81/100 psn|[from] psn\n|upkeep\n|turn|20\n|\n|t:|1783798020\n|move|p2a: Bellossom|Giga Drain|p1a: Clefable\n|-damage|p1a: Clefable|18/100\n|-heal|p2a: Bellossom|92/100 psn|[from] drain|[of] p1a: Clefable\n|move|p1a: Clefable|Flamethrower|p2a: Bellossom\n|-supereffective|p2a: Bellossom\n|-damage|p2a: Bellossom|55/100 psn\n|\n|-heal|p2a: Bellossom|61/100 psn|[from] item: Leftovers\n|-heal|p1a: Clefable|24/100|[from] item: Leftovers\n|-damage|p2a: Bellossom|49/100 psn|[from] psn\n|upkeep\n|turn|21\n|\n|t:|1783798029\n|move|p2a: Bellossom|Giga Drain|p1a: Clefable\n|-damage|p1a: Clefable|2/100\n|-heal|p2a: Bellossom|61/100 psn|[from] drain|[of] p1a: Clefable\n|move|p1a: Clefable|Moonblast|p2a: Bellossom\n|-damage|p2a: Bellossom|33/100 psn\n|-unboost|p2a: Bellossom|spa|1\n|\n|-heal|p2a: Bellossom|39/100 psn|[from] item: Leftovers\n|-heal|p1a: Clefable|8/100|[from] item: Leftovers\n|-damage|p2a: Bellossom|27/100 psn|[from] psn\n|upkeep\n|turn|22\n|\n|t:|1783798039\n|move|p2a: Bellossom|Giga Drain|p1a: Clefable\n|-damage|p1a: Clefable|0 fnt\n|-heal|p2a: Bellossom|31/100 psn|[from] drain|[of] p1a: Clefable\n|faint|p1a: Clefable\n|\n|-heal|p2a: Bellossom|38/100 psn|[from] item: Leftovers\n|-damage|p2a: Bellossom|25/100 psn|[from] psn\n|upkeep\n|\n|t:|1783798039\n|switch|p1a: Corviknight|Corviknight, M|100/100\n|-ability|p1a: Corviknight|Pressure\n|turn|23\n|\n|t:|1783798049\n|move|p2a: Bellossom|Strength Sap|p1a: Corviknight\n|-unboost|p1a: Corviknight|atk|1\n|-heal|p2a: Bellossom|85/100 psn\n|move|p1a: Corviknight|U-turn|p2a: Bellossom\n|-supereffective|p2a: Bellossom\n|-damage|p2a: Bellossom|72/100 psn\n|\n|t:|1783798049\n|switch|p1a: Glimmora|Glimmora, M|18/100|[from] U-turn\n|\n|-heal|p2a: Bellossom|78/100 psn|[from] item: Leftovers\n|-damage|p2a: Bellossom|65/100 psn|[from] psn\n|upkeep\n|turn|24\n|\n|t:|1783798060\n|switch|p1a: Corviknight|Corviknight, M|100/100\n|-ability|p1a: Corviknight|Pressure\n|move|p2a: Bellossom|Giga Drain|p1a: Corviknight\n|-resisted|p1a: Corviknight\n|-damage|p1a: Corviknight|85/100\n|-heal|p2a: Bellossom|75/100 psn|[from] drain|[of] p1a: Corviknight\n|\n|-heal|p2a: Bellossom|81/100 psn|[from] item: Leftovers\n|-heal|p1a: Corviknight|91/100|[from] item: Leftovers\n|-damage|p2a: Bellossom|68/100 psn|[from] psn\n|upkeep\n|turn|25\n|\n|t:|1783798071\n|move|p2a: Bellossom|Strength Sap|p1a: Corviknight\n|-unboost|p1a: Corviknight|atk|1\n|-heal|p2a: Bellossom|100/100 psn\n|move|p1a: Corviknight|U-turn|p2a: Bellossom\n|-supereffective|p2a: Bellossom\n|-damage|p2a: Bellossom|86/100 psn\n|\n|t:|1783798071\n|switch|p1a: Glimmora|Glimmora, M|18/100|[from] U-turn\n|\n|-heal|p2a: Bellossom|93/100 psn|[from] item: Leftovers\n|-damage|p2a: Bellossom|80/100 psn|[from] psn\n|upkeep\n|turn|26\n|\n|t:|1783798082\n|switch|p1a: Corviknight|Corviknight, M|91/100\n|-ability|p1a: Corviknight|Pressure\n|move|p2a: Bellossom|Giga Drain|p1a: Corviknight\n|-resisted|p1a: Corviknight\n|-damage|p1a: Corviknight|74/100\n|-heal|p2a: Bellossom|90/100 psn|[from] drain|[of] p1a: Corviknight\n|\n|-heal|p2a: Bellossom|96/100 psn|[from] item: Leftovers\n|-heal|p1a: Corviknight|80/100|[from] item: Leftovers\n|-damage|p2a: Bellossom|84/100 psn|[from] psn\n|upkeep\n|turn|27\n|\n|t:|1783798092\n|move|p2a: Bellossom|Quiver Dance|p2a: Bellossom\n|-boost|p2a: Bellossom|spa|1\n|-boost|p2a: Bellossom|spd|1\n|-boost|p2a: Bellossom|spe|1\n|move|p1a: Corviknight|U-turn|p2a: Bellossom\n|-supereffective|p2a: Bellossom\n|-damage|p2a: Bellossom|61/100 psn\n|\n|t:|1783798092\n|switch|p1a: Glimmora|Glimmora, M|18/100|[from] U-turn\n|\n|-heal|p2a: Bellossom|67/100 psn|[from] item: Leftovers\n|-damage|p2a: Bellossom|55/100 psn|[from] psn\n|upkeep\n|turn|28\n|\n|t:|1783798102\n|switch|p1a: Corviknight|Corviknight, M|80/100\n|-ability|p1a: Corviknight|Pressure\n|move|p2a: Bellossom|Giga Drain|p1a: Corviknight\n|-resisted|p1a: Corviknight\n|-damage|p1a: Corviknight|60/100\n|-heal|p2a: Bellossom|66/100 psn|[from] drain|[of] p1a: Corviknight\n|\n|-heal|p2a: Bellossom|72/100 psn|[from] item: Leftovers\n|-heal|p1a: Corviknight|67/100|[from] item: Leftovers\n|-damage|p2a: Bellossom|60/100 psn|[from] psn\n|upkeep\n|turn|29\n|\n|t:|1783798113\n|move|p2a: Bellossom|Strength Sap|p1a: Corviknight\n|-unboost|p1a: Corviknight|atk|1\n|-heal|p2a: Bellossom|100/100 psn\n|move|p1a: Corviknight|U-turn|p2a: Bellossom\n|-supereffective|p2a: Bellossom\n|-damage|p2a: Bellossom|88/100 psn\n|\n|t:|1783798113\n|switch|p1a: Glimmora|Glimmora, M|18/100|[from] U-turn\n|\n|-heal|p2a: Bellossom|94/100 psn|[from] item: Leftovers\n|-damage|p2a: Bellossom|81/100 psn|[from] psn\n|upkeep\n|turn|30\n|\n|t:|1783798124\n|switch|p1a: Corviknight|Corviknight, M|67/100\n|-ability|p1a: Corviknight|Pressure\n|move|p2a: Bellossom|Giga Drain|p1a: Corviknight\n|-resisted|p1a: Corviknight\n|-damage|p1a: Corviknight|47/100\n|-heal|p2a: Bellossom|92/100 psn|[from] drain|[of] p1a: Corviknight\n|\n|-heal|p2a: Bellossom|99/100 psn|[from] item: Leftovers\n|-heal|p1a: Corviknight|54/100|[from] item: Leftovers\n|-damage|p2a: Bellossom|86/100 psn|[from] psn\n|upkeep\n|turn|31\n|\n|t:|1783798134\n|move|p2a: Bellossom|Quiver Dance|p2a: Bellossom\n|-boost|p2a: Bellossom|spa|1\n|-boost|p2a: Bellossom|spd|0\n|-boost|p2a: Bellossom|spe|0\n|move|p1a: Corviknight|Roost|p1a: Corviknight\n|-heal|p1a: Corviknight|100/100\n|-singleturn|p1a: Corviknight|move: Roost\n|\n|-heal|p2a: Bellossom|92/100 psn|[from] item: Leftovers\n|-damage|p2a: Bellossom|80/100 psn|[from] psn\n|upkeep\n|turn|32\n|\n|t:|1783798145\n|move|p2a: Bellossom|Moonblast|p1a: Corviknight\n|-resisted|p1a: Corviknight\n|-damage|p1a: Corviknight|64/100\n|move|p1a: Corviknight|U-turn|p2a: Bellossom\n|-supereffective|p2a: Bellossom\n|-damage|p2a: Bellossom|58/100 psn\n|\n|t:|1783798146\n|switch|p1a: Glimmora|Glimmora, M|18/100|[from] U-turn\n|\n|-heal|p2a: Bellossom|64/100 psn|[from] item: Leftovers\n|-damage|p2a: Bellossom|52/100 psn|[from] psn\n|upkeep\n|turn|33\n|\n|t:|1783798156\n|switch|p1a: Corviknight|Corviknight, M|64/100\n|-ability|p1a: Corviknight|Pressure\n|move|p2a: Bellossom|Moonblast|p1a: Corviknight\n|-resisted|p1a: Corviknight\n|-damage|p1a: Corviknight|26/100\n|-unboost|p1a: Corviknight|spa|1\n|\n|-heal|p2a: Bellossom|58/100 psn|[from] item: Leftovers\n|-heal|p1a: Corviknight|33/100|[from] item: Leftovers\n|-damage|p2a: Bellossom|45/100 psn|[from] psn\n|upkeep\n|turn|34\n|\n|t:|1783798166\n|move|p2a: Bellossom|Moonblast|p1a: Corviknight\n|-resisted|p1a: Corviknight\n|-damage|p1a: Corviknight|0 fnt\n|faint|p1a: Corviknight\n|\n|-heal|p2a: Bellossom|52/100 psn|[from] item: Leftovers\n|-damage|p2a: Bellossom|39/100 psn|[from] psn\n|upkeep\n|\n|t:|1783798167\n|switch|p1a: Great Tusk|Great Tusk|100/100\n|turn|35\n|\n|t:|1783798175\n|move|p2a: Bellossom|Giga Drain|p1a: Great Tusk\n|-supereffective|p1a: Great Tusk\n|-damage|p1a: Great Tusk|0 fnt\n|-heal|p2a: Bellossom|92/100 psn|[from] drain|[of] p1a: Great Tusk\n|faint|p1a: Great Tusk\n|-end|p1a: Great Tusk|Protosynthesis|[silent]\n|\n|-heal|p2a: Bellossom|98/100 psn|[from] item: Leftovers\n|-damage|p2a: Bellossom|86/100 psn|[from] psn\n|upkeep\n|\n|t:|1783798175\n|switch|p1a: Glimmora|Glimmora, M|18/100\n|turn|36\n|c|☆Flixerich|gg\n|\n|t:|1783798184\n|move|p2a: Bellossom|Giga Drain|p1a: Glimmora\n|-damage|p1a: Glimmora|0 fnt\n|-heal|p2a: Bellossom|93/100 psn|[from] drain|[of] p1a: Glimmora\n|faint|p1a: Glimmora\n|\n|win|Flixerich\n|raw|OUBotBeepBoop's rating: 1188 &rarr; <strong>1162</strong><br />(-26 for losing)\n|raw|Flixerich's rating: 1172 &rarr; <strong>1198</strong><br />(+26 for winning)\n|l|☆OUBotBeepBoop\n|player|p1|\n", "uploadtime": 1783798566, "views": 5, "formatid": "gen9ou", "rating": 1162, "private": 0, "password": null}