{"id": "gen9ou-2639222269", "format": "[Gen 9] OU", "players": ["harshuaz", "thepeakmons"], "log": "|j|☆harshuaz\n|j|☆thepeakmons\n|t:|1782436383\n|gametype|singles\n|player|p1|harshuaz|benga|1244\n|player|p2|thepeakmons|101|1241\n|gen|9\n|tier|[Gen 9] OU\n|rated|\n|rule|HP Percentage Mod: HP is shown in percentages\n|rule|Endless Battle Clause: Forcing endless battles is banned\n|rule|Species Clause: Limit one of each Pokémon\n|rule|OHKO Clause: OHKO moves are banned\n|rule|Evasion Items Clause: Evasion items are banned\n|rule|Evasion Moves Clause: Evasion moves are banned\n|rule|Evasion Abilities Clause: Evasion abilities are banned\n|rule|Sleep Moves Clause: Sleep-inducing moves are banned\n|clearpoke\n|poke|p1|Crawdaunt, F|\n|poke|p1|Kingambit, M|\n|poke|p1|Iron Boulder|\n|poke|p1|Excadrill, M|\n|poke|p1|Enamorus, F|\n|poke|p1|Blaziken, M|\n|poke|p2|Dondozo, F|\n|poke|p2|Clodsire, F|\n|poke|p2|Corviknight, M|\n|poke|p2|Slowking-Galar, F|\n|poke|p2|Gholdengo|\n|poke|p2|Garganacl, F|\n|teampreview\n|inactive|Battle timer is ON: inactive players will automatically lose when time's up. (requested by harshuaz)\n|c|☆harshuaz|glhf\n|inactive|thepeakmons also wants the timer to be on.\n|\n|t:|1782436399\n|teamsize|p1|6\n|teamsize|p2|6\n|start\n|switch|p1a: Unc|Iron Boulder|100/100\n|switch|p2a: Clodsire|Clodsire, F|100/100\n|-enditem|p1a: Unc|Booster Energy\n|-activate|p1a: Unc|ability: Quark Drive|[fromitem]\n|-start|p1a: Unc|quarkdrivespe\n|turn|1\n|\n|t:|1782436419\n|switch|p2a: Dondozo|Dondozo, F|100/100\n|move|p1a: Unc|Swords Dance|p1a: Unc\n|-boost|p1a: Unc|atk|2\n|\n|upkeep\n|turn|2\n|\n|t:|1782436429\n|move|p1a: Unc|Mighty Cleave|p2a: Dondozo\n|-damage|p2a: Dondozo|80/100\n|move|p2a: Dondozo|Wave Crash|p1a: Unc\n|-supereffective|p1a: Unc\n|-damage|p1a: Unc|0 fnt\n|faint|p1a: Unc\n|-end|p1a: Unc|Quark Drive|[silent]\n|-damage|p2a: Dondozo|59/100|[from] Recoil\n|\n|upkeep\n|\n|t:|1782436453\n|switch|p1a: Cupidn't|Enamorus, F|100/100\n|turn|3\n|\n|t:|1782436464\n|switch|p2a: Slowking|Slowking-Galar, F|100/100\n|move|p1a: Cupidn't|Moonblast|p2a: Slowking\n|-resisted|p2a: Slowking\n|-damage|p2a: Slowking|78/100\n|\n|upkeep\n|turn|4\n|\n|t:|1782436473\n|switch|p1a: Pointy|Excadrill, M|100/100\n|-ability|p1a: Pointy|Mold Breaker\n|-item|p1a: Pointy|Air Balloon\n|move|p2a: Slowking|Ice Beam|p1a: Pointy\n|-damage|p1a: Pointy|73/100\n|-status|p1a: Pointy|frz\n|-enditem|p1a: Pointy|Air Balloon\n|\n|upkeep\n|turn|5\n|\n|t:|1782436490\n|switch|p2a: Dondozo|Dondozo, F|59/100\n|cant|p1a: Pointy|frz\n|\n|upkeep\n|turn|6\n|\n|t:|1782436497\n|switch|p1a: Red Lobster|Crawdaunt, F|100/100\n|move|p2a: Dondozo|Wave Crash|p1a: Red Lobster\n|-resisted|p1a: Red Lobster\n|-crit|p1a: Red Lobster\n|-damage|p1a: Red Lobster|59/100\n|-damage|p2a: Dondozo|51/100|[from] Recoil\n|\n|upkeep\n|turn|7\n|\n|t:|1782436507\n|move|p1a: Red Lobster|Knock Off|p2a: Dondozo\n|-damage|p2a: Dondozo|14/100\n|-enditem|p2a: Dondozo|Heavy-Duty Boots|[from] move: Knock Off|[of] p1a: Red Lobster\n|-damage|p1a: Red Lobster|49/100|[from] item: Life Orb\n|move|p2a: Dondozo|Wave Crash|p1a: Red Lobster\n|-resisted|p1a: Red Lobster\n|-damage|p1a: Red Lobster|16/100\n|-damage|p2a: Dondozo|8/100|[from] Recoil\n|\n|upkeep\n|turn|8\n|\n|t:|1782436520\n|switch|p2a: Clodsire|Clodsire, F|100/100\n|move|p1a: Red Lobster|Close Combat|p2a: Clodsire\n|-resisted|p2a: Clodsire\n|-damage|p2a: Clodsire|71/100\n|-unboost|p1a: Red Lobster|def|1\n|-unboost|p1a: Red Lobster|spd|1\n|-damage|p1a: Red Lobster|6/100|[from] item: Life Orb\n|\n|upkeep\n|turn|9\n|\n|t:|1782436531\n|switch|p1a: Pointy|Excadrill, M|73/100 frz\n|-ability|p1a: Pointy|Mold Breaker\n|move|p2a: Clodsire|Stealth Rock|p1a: Pointy\n|-sidestart|p1: harshuaz|move: Stealth Rock\n|\n|upkeep\n|turn|10\n|\n|t:|1782436543\n|cant|p1a: Pointy|frz\n|move|p2a: Clodsire|Earthquake|p1a: Pointy\n|-supereffective|p1a: Pointy\n|-damage|p1a: Pointy|0 fnt\n|faint|p1a: Pointy\n|\n|upkeep\n|\n|t:|1782436560\n|switch|p1a: Barbeque Chicken|Blaziken, M, shiny|100/100\n|-damage|p1a: Barbeque Chicken|88/100|[from] Stealth Rock\n|turn|11\n|\n|t:|1782436567\n|switch|p2a: Garganacl|Garganacl, F|100/100\n|move|p1a: Barbeque Chicken|Swords Dance|p1a: Barbeque Chicken\n|-boost|p1a: Barbeque Chicken|atk|2\n|\n|-ability|p1a: Barbeque Chicken|Speed Boost|boost\n|-boost|p1a: Barbeque Chicken|spe|1\n|upkeep\n|turn|12\n|\n|t:|1782436587\n|move|p1a: Barbeque Chicken|Close Combat|p2a: Garganacl\n|-supereffective|p2a: Garganacl\n|-damage|p2a: Garganacl|0 fnt\n|-unboost|p1a: Barbeque Chicken|def|1\n|-unboost|p1a: Barbeque Chicken|spd|1\n|faint|p2a: Garganacl\n|\n|-ability|p1a: Barbeque Chicken|Speed Boost|boost\n|-boost|p1a: Barbeque Chicken|spe|1\n|upkeep\n|\n|t:|1782436598\n|switch|p2a: Gholdengo|Gholdengo|100/100\n|turn|13\n|\n|t:|1782436607\n|move|p1a: Barbeque Chicken|Knock Off|p2a: Gholdengo\n|-supereffective|p2a: Gholdengo\n|-damage|p2a: Gholdengo|5/100\n|-enditem|p2a: Gholdengo|Heavy-Duty Boots|[from] move: Knock Off|[of] p1a: Barbeque Chicken\n|move|p2a: Gholdengo|Nasty Plot|p2a: Gholdengo\n|-boost|p2a: Gholdengo|spa|2\n|\n|-ability|p1a: Barbeque Chicken|Speed Boost|boost\n|-boost|p1a: Barbeque Chicken|spe|1\n|upkeep\n|turn|14\n|\n|t:|1782436628\n|switch|p2a: Corviknight|Corviknight, M|100/100\n|-ability|p2a: Corviknight|Pressure\n|move|p1a: Barbeque Chicken|Knock Off|p2a: Corviknight\n|-damage|p2a: Corviknight|60/100\n|-enditem|p2a: Corviknight|Heavy-Duty Boots|[from] move: Knock Off|[of] p1a: Barbeque Chicken\n|\n|-ability|p1a: Barbeque Chicken|Speed Boost|boost\n|-boost|p1a: Barbeque Chicken|spe|1\n|upkeep\n|turn|15\n|\n|t:|1782436648\n|switch|p2a: Slowking|Slowking-Galar, F|100/100\n|move|p1a: Barbeque Chicken|Fire Punch|p2a: Slowking\n|-damage|p2a: Slowking|31/100\n|\n|-ability|p1a: Barbeque Chicken|Speed Boost|boost\n|-boost|p1a: Barbeque Chicken|spe|1\n|upkeep\n|turn|16\n|inactive|thepeakmons has 120 seconds left.\n|\n|t:|1782436663\n|switch|p2a: Gholdengo|Gholdengo|5/100\n|move|p1a: Barbeque Chicken|Fire Punch|p2a: Gholdengo\n|-supereffective|p2a: Gholdengo\n|-damage|p2a: Gholdengo|0 fnt\n|faint|p2a: Gholdengo\n|\n|-ability|p1a: Barbeque Chicken|Speed Boost|boost\n|-boost|p1a: Barbeque Chicken|spe|1\n|upkeep\n|inactive|thepeakmons has 120 seconds left.\n|\n|t:|1782436671\n|switch|p2a: Slowking|Slowking-Galar, F|64/100\n|turn|17\n|\n|t:|1782436677\n|switch|p2a: Corviknight|Corviknight, M|60/100\n|-ability|p2a: Corviknight|Pressure\n|move|p1a: Barbeque Chicken|Knock Off|p2a: Corviknight\n|-damage|p2a: Corviknight|35/100\n|\n|upkeep\n|turn|18\n|\n|t:|1782436685\n|switch|p2a: Dondozo|Dondozo, F|8/100\n|move|p1a: Barbeque Chicken|Fire Punch|p2a: Dondozo\n|-resisted|p2a: Dondozo\n|-damage|p2a: Dondozo|0 fnt\n|faint|p2a: Dondozo\n|\n|upkeep\n|\n|t:|1782436692\n|switch|p2a: Slowking|Slowking-Galar, F|98/100\n|turn|19\n|\n|t:|1782436699\n|move|p1a: Barbeque Chicken|Fire Punch|p2a: Slowking\n|-damage|p2a: Slowking|21/100\n|move|p2a: Slowking|Sludge Bomb|p1a: Barbeque Chicken\n|-damage|p1a: Barbeque Chicken|18/100\n|-status|p1a: Barbeque Chicken|psn\n|\n|-damage|p1a: Barbeque Chicken|6/100 psn|[from] psn\n|upkeep\n|turn|20\n|\n|t:|1782436713\n|switch|p2a: Corviknight|Corviknight, M|35/100\n|-ability|p2a: Corviknight|Pressure\n|move|p1a: Barbeque Chicken|Fire Punch|p2a: Corviknight\n|-supereffective|p2a: Corviknight\n|-damage|p2a: Corviknight|0 fnt\n|faint|p2a: Corviknight\n|\n|-damage|p1a: Barbeque Chicken|0 fnt|[from] psn\n|faint|p1a: Barbeque Chicken\n|upkeep\n|\n|t:|1782436727\n|switch|p1a: Cupidn't|Enamorus, F|100/100\n|switch|p2a: Clodsire|Clodsire, F|71/100\n|-damage|p1a: Cupidn't|76/100|[from] Stealth Rock\n|turn|21\n|\n|t:|1782436739\n|move|p1a: Cupidn't|Earth Power|p2a: Clodsire\n|-supereffective|p2a: Clodsire\n|-damage|p2a: Clodsire|23/100\n|move|p2a: Clodsire|Recover|p2a: Clodsire\n|-heal|p2a: Clodsire|73/100\n|\n|upkeep\n|turn|22\n|\n|t:|1782436750\n|move|p1a: Cupidn't|Earth Power|p2a: Clodsire\n|-supereffective|p2a: Clodsire\n|-damage|p2a: Clodsire|21/100\n|move|p2a: Clodsire|Recover|p2a: Clodsire\n|-heal|p2a: Clodsire|71/100\n|\n|upkeep\n|turn|23\n|\n|t:|1782436768\n|move|p1a: Cupidn't|Earth Power|p2a: Clodsire\n|-supereffective|p2a: Clodsire\n|-damage|p2a: Clodsire|20/100\n|move|p2a: Clodsire|Recover|p2a: Clodsire\n|-heal|p2a: Clodsire|70/100\n|\n|upkeep\n|turn|24\n|\n|t:|1782436780\n|switch|p2a: Slowking|Slowking-Galar, F|54/100\n|move|p1a: Cupidn't|Earth Power|p2a: Slowking\n|-supereffective|p2a: Slowking\n|-damage|p2a: Slowking|0 fnt\n|faint|p2a: Slowking\n|\n|upkeep\n|inactive|thepeakmons has 120 seconds left.\n|\n|t:|1782436792\n|switch|p2a: Clodsire|Clodsire, F|70/100\n|turn|25\n|inactive|thepeakmons has 120 seconds left.\n|\n|t:|1782436803\n|move|p1a: Cupidn't|Earth Power|p2a: Clodsire\n|-supereffective|p2a: Clodsire\n|-damage|p2a: Clodsire|18/100\n|move|p2a: Clodsire|Toxic|p1a: Cupidn't\n|-status|p1a: Cupidn't|tox\n|\n|-damage|p1a: Cupidn't|69/100 tox|[from] psn\n|upkeep\n|turn|26\n|\n|t:|1782436813\n|move|p1a: Cupidn't|Earth Power|p2a: Clodsire\n|-supereffective|p2a: Clodsire\n|-damage|p2a: Clodsire|0 fnt\n|faint|p2a: Clodsire\n|\n|win|harshuaz\n|raw|harshuaz's rating: 1244 &rarr; <strong>1267</strong><br />(+23 for winning)\n|raw|thepeakmons's rating: 1216 &rarr; <strong>1193</strong><br />(-23 for losing)\n|l|☆harshuaz\n|player|p1|\n", "uploadtime": 1782436820, "views": 9, "formatid": "gen9ou", "rating": 1193, "private": 0, "password": null}