{"id": "gen9ou-2647707524", "format": "[Gen 9] OU", "players": ["Inkubone", "Enderian67"], "log": "|j|☆Inkubone\n|j|☆Enderian67\n|t:|1783799488\n|gametype|singles\n|player|p1|Inkubone|yellow|\n|player|p2|Enderian67|lida|\n|gen|9\n|tier|[Gen 9] OU\n|rule|HP Percentage Mod: HP is shown in percentages\n|rule|Endless Battle Clause: Forcing endless battles is banned\n|rule|Species Clause: Limit one of each Pokémon\n|rule|OHKO Clause: OHKO moves are banned\n|rule|Evasion Items Clause: Evasion items are banned\n|rule|Evasion Moves Clause: Evasion moves are banned\n|rule|Evasion Abilities Clause: Evasion abilities are banned\n|rule|Sleep Moves Clause: Sleep-inducing moves are banned\n|clearpoke\n|poke|p1|Alomomola, F|\n|poke|p1|Dragonite, M|\n|poke|p1|Garganacl, M|\n|poke|p1|Polteageist-Antique|\n|poke|p1|Zamazenta-*|\n|poke|p1|Iron Treads|\n|poke|p2|Zapdos|\n|poke|p2|Great Tusk|\n|poke|p2|Gholdengo|\n|poke|p2|Kingambit, M|\n|poke|p2|Dragapult, M|\n|poke|p2|Rillaboom, F|\n|teampreview\n|\n|t:|1783799508\n|teamsize|p1|6\n|teamsize|p2|6\n|start\n|switch|p1a: Healamola|Alomomola, F|100/100\n|switch|p2a: Rillaboom|Rillaboom, F|100/100\n|-fieldstart|move: Grassy Terrain|[from] ability: Grassy Surge|[of] p2a: Rillaboom\n|turn|1\n|\n|t:|1783799515\n|move|p1a: Healamola|Protect|p1a: Healamola\n|-singleturn|p1a: Healamola|Protect\n|move|p2a: Rillaboom|Knock Off|p1a: Healamola\n|-activate|p1a: Healamola|move: Protect\n|\n|upkeep\n|turn|2\n|\n|t:|1783799529\n|switch|p1a: Bionic Tusk|Iron Treads|100/100\n|move|p2a: Rillaboom|Grassy Glide|p1a: Bionic Tusk\n|-crit|p1a: Bionic Tusk\n|-damage|p1a: Bionic Tusk|48/100\n|\n|-heal|p1a: Bionic Tusk|54/100|[from] Grassy Terrain\n|upkeep\n|turn|3\n|\n|t:|1783799534\n|move|p1a: Bionic Tusk|Knock Off|p2a: Rillaboom\n|-damage|p2a: Rillaboom|73/100\n|-enditem|p2a: Rillaboom|Assault Vest|[from] move: Knock Off|[of] p1a: Bionic Tusk\n|move|p2a: Rillaboom|Drain Punch|p1a: Bionic Tusk\n|-supereffective|p1a: Bionic Tusk\n|-damage|p1a: Bionic Tusk|0 fnt\n|-heal|p2a: Rillaboom|94/100|[from] drain|[of] p1a: Bionic Tusk\n|faint|p1a: Bionic Tusk\n|-end|p1a: Bionic Tusk|Quark Drive|[silent]\n|\n|-heal|p2a: Rillaboom|99/100|[from] Grassy Terrain\n|upkeep\n|\n|t:|1783799562\n|switch|p1a: Hylian shield|Zamazenta|100/100\n|-ability|p1a: Hylian shield|Dauntless Shield|boost\n|-boost|p1a: Hylian shield|def|1\n|turn|4\n|\n|t:|1783799571\n|move|p1a: Hylian shield|Crunch|p2a: Rillaboom\n|-damage|p2a: Rillaboom|74/100\n|move|p2a: Rillaboom|U-turn|p1a: Hylian shield\n|-resisted|p1a: Hylian shield\n|-damage|p1a: Hylian shield|93/100\n|\n|t:|1783799581\n|switch|p2a: Zapdos|Zapdos|100/100|[from] U-turn\n|-ability|p2a: Zapdos|Pressure\n|\n|-heal|p1a: Hylian shield|99/100|[from] Grassy Terrain\n|-heal|p1a: Hylian shield|100/100|[from] item: Leftovers\n|upkeep\n|turn|5\n|\n|t:|1783799587\n|switch|p1a: Salt solution|Garganacl, M|100/100\n|move|p2a: Zapdos|Volt Switch|p1a: Salt solution\n|-damage|p1a: Salt solution|58/100\n|\n|t:|1783799593\n|switch|p2a: Great Tusk|Great Tusk|100/100|[from] Volt Switch\n|\n|-heal|p1a: Salt solution|64/100|[from] Grassy Terrain\n|-heal|p1a: Salt solution|70/100|[from] item: Leftovers\n|-fieldend|move: Grassy Terrain\n|upkeep\n|turn|6\n|\n|t:|1783799600\n|move|p1a: Salt solution|Protect|p1a: Salt solution\n|-singleturn|p1a: Salt solution|Protect\n|move|p2a: Great Tusk|Stealth Rock|p1a: Salt solution\n|-sidestart|p1: Inkubone|move: Stealth Rock\n|\n|-heal|p1a: Salt solution|76/100|[from] item: Leftovers\n|upkeep\n|turn|7\n|\n|t:|1783799607\n|-terastallize|p1a: Salt solution|Ghost\n|move|p2a: Great Tusk|Knock Off|p1a: Salt solution\n|-supereffective|p1a: Salt solution\n|-damage|p1a: Salt solution|42/100\n|-enditem|p1a: Salt solution|Leftovers|[from] move: Knock Off|[of] p2a: Great Tusk\n|move|p1a: Salt solution|Stealth Rock|p2a: Great Tusk\n|-sidestart|p2: Enderian67|move: Stealth Rock\n|\n|upkeep\n|turn|8\n|\n|t:|1783799621\n|-end|p2a: Great Tusk|Protosynthesis|[silent]\n|switch|p2a: Rillaboom|Rillaboom, F|74/100\n|-damage|p2a: Rillaboom|62/100|[from] Stealth Rock\n|-fieldstart|move: Grassy Terrain|[from] ability: Grassy Surge|[of] p2a: Rillaboom\n|move|p1a: Salt solution|Recover|p1a: Salt solution\n|-heal|p1a: Salt solution|92/100\n|\n|-heal|p2a: Rillaboom|68/100|[from] Grassy Terrain\n|-heal|p1a: Salt solution|98/100|[from] Grassy Terrain\n|upkeep\n|turn|9\n|\n|t:|1783799626\n|move|p2a: Rillaboom|U-turn|p1a: Salt solution\n|-resisted|p1a: Salt solution\n|-damage|p1a: Salt solution|90/100\n|\n|t:|1783799630\n|switch|p2a: Great Tusk|Great Tusk|100/100|[from] U-turn\n|-damage|p2a: Great Tusk|98/100|[from] Stealth Rock\n|move|p1a: Salt solution|Salt Cure|p2a: Great Tusk\n|-resisted|p2a: Great Tusk\n|-damage|p2a: Great Tusk|96/100\n|-start|p2a: Great Tusk|Salt Cure\n|\n|-heal|p2a: Great Tusk|100/100|[from] Grassy Terrain\n|-heal|p1a: Salt solution|96/100|[from] Grassy Terrain\n|-damage|p2a: Great Tusk|88/100|[from] Salt Cure\n|upkeep\n|turn|10\n|\n|t:|1783799642\n|move|p1a: Salt solution|Protect|p1a: Salt solution\n|-singleturn|p1a: Salt solution|Protect\n|move|p2a: Great Tusk|Headlong Rush|p1a: Salt solution\n|-activate|p1a: Salt solution|move: Protect\n|\n|-heal|p2a: Great Tusk|94/100|[from] Grassy Terrain\n|-heal|p2a: Great Tusk|100/100|[from] item: Leftovers\n|-heal|p1a: Salt solution|100/100|[from] Grassy Terrain\n|-damage|p2a: Great Tusk|88/100|[from] Salt Cure\n|upkeep\n|turn|11\n|\n|t:|1783799654\n|-end|p2a: Great Tusk|Protosynthesis|[silent]\n|switch|p2a: Dragapult|Dragapult, M|100/100\n|-damage|p2a: Dragapult|88/100|[from] Stealth Rock\n|switch|p1a: Hylian shield|Zamazenta|100/100\n|-damage|p1a: Hylian shield|94/100|[from] Stealth Rock\n|\n|-heal|p2a: Dragapult|94/100|[from] Grassy Terrain\n|-heal|p1a: Hylian shield|100/100|[from] Grassy Terrain\n|upkeep\n|turn|12\n|\n|t:|1783799661\n|move|p2a: Dragapult|U-turn|p1a: Hylian shield\n|-resisted|p1a: Hylian shield\n|-damage|p1a: Hylian shield|93/100\n|\n|t:|1783799665\n|switch|p2a: Great Tusk|Great Tusk|88/100|[from] U-turn\n|-damage|p2a: Great Tusk|85/100|[from] Stealth Rock\n|move|p1a: Hylian shield|Crunch|p2a: Great Tusk\n|-resisted|p2a: Great Tusk\n|-damage|p2a: Great Tusk|79/100\n|-unboost|p2a: Great Tusk|def|1\n|\n|-heal|p1a: Hylian shield|99/100|[from] Grassy Terrain\n|-heal|p1a: Hylian shield|100/100|[from] item: Leftovers\n|-heal|p2a: Great Tusk|85/100|[from] Grassy Terrain\n|-heal|p2a: Great Tusk|91/100|[from] item: Leftovers\n|-fieldend|move: Grassy Terrain\n|upkeep\n|turn|13\n|\n|t:|1783799669\n|move|p1a: Hylian shield|Iron Defense|p1a: Hylian shield\n|-boost|p1a: Hylian shield|def|2\n|move|p2a: Great Tusk|Knock Off|p1a: Hylian shield\n|-resisted|p1a: Hylian shield\n|-damage|p1a: Hylian shield|94/100\n|-enditem|p1a: Hylian shield|Leftovers|[from] move: Knock Off|[of] p2a: Great Tusk\n|\n|-heal|p2a: Great Tusk|98/100|[from] item: Leftovers\n|upkeep\n|turn|14\n|\n|t:|1783799674\n|move|p1a: Hylian shield|Body Press|p2a: Great Tusk\n|-damage|p2a: Great Tusk|51/100\n|move|p2a: Great Tusk|Rapid Spin|p1a: Hylian shield\n|-damage|p1a: Hylian shield|88/100\n|-boost|p2a: Great Tusk|spe|1\n|-sideend|p2: Enderian67|Stealth Rock|[from] move: Rapid Spin|[of] p2a: Great Tusk\n|\n|-heal|p2a: Great Tusk|57/100|[from] item: Leftovers\n|upkeep\n|turn|15\n|\n|t:|1783799682\n|-end|p2a: Great Tusk|Protosynthesis|[silent]\n|switch|p2a: Gholdengo|Gholdengo|100/100\n|-item|p2a: Gholdengo|Air Balloon\n|move|p1a: Hylian shield|Body Press|p2a: Gholdengo\n|-immune|p2a: Gholdengo\n|\n|upkeep\n|turn|16\n|\n|t:|1783799701\n|move|p1a: Hylian shield|Crunch|p2a: Gholdengo\n|-supereffective|p2a: Gholdengo\n|-damage|p2a: Gholdengo|40/100\n|-unboost|p2a: Gholdengo|def|1\n|-enditem|p2a: Gholdengo|Air Balloon\n|move|p2a: Gholdengo|Make It Rain|p1a: Hylian shield\n|-damage|p1a: Hylian shield|31/100\n|-unboost|p2a: Gholdengo|spa|1\n|\n|upkeep\n|turn|17\n|\n|t:|1783799710\n|move|p1a: Hylian shield|Crunch|p2a: Gholdengo\n|-supereffective|p2a: Gholdengo\n|-damage|p2a: Gholdengo|0 fnt\n|faint|p2a: Gholdengo\n|\n|upkeep\n|\n|t:|1783799712\n|switch|p2a: Zapdos|Zapdos|100/100\n|-ability|p2a: Zapdos|Pressure\n|turn|18\n|\n|t:|1783799729\n|switch|p1a: Healamola|Alomomola, F|100/100\n|-damage|p1a: Healamola|88/100|[from] Stealth Rock\n|move|p2a: Zapdos|Volt Switch|p1a: Healamola\n|-supereffective|p1a: Healamola\n|-damage|p1a: Healamola|0 fnt\n|faint|p1a: Healamola\n|\n|t:|1783799732\n|switch|p2a: Dragapult|Dragapult, M|94/100|[from] Volt Switch\n|\n|upkeep\n|\n|t:|1783799748\n|switch|p1a: Salt solution|Garganacl, M, tera:Ghost|100/100\n|-damage|p1a: Salt solution|88/100|[from] Stealth Rock\n|turn|19\n|\n|t:|1783799754\n|move|p2a: Dragapult|Shadow Ball|p1a: Salt solution\n|-supereffective|p1a: Salt solution\n|-damage|p1a: Salt solution|62/100\n|move|p1a: Salt solution|Stealth Rock|p2a: Dragapult\n|-sidestart|p2: Enderian67|move: Stealth Rock\n|\n|upkeep\n|turn|20\n|\n|t:|1783799762\n|move|p2a: Dragapult|Shadow Ball|p1a: Salt solution\n|-supereffective|p1a: Salt solution\n|-damage|p1a: Salt solution|33/100\n|move|p1a: Salt solution|Recover|p1a: Salt solution\n|-heal|p1a: Salt solution|83/100\n|\n|upkeep\n|turn|21\n|\n|t:|1783799771\n|-terastallize|p2a: Dragapult|Ghost\n|move|p2a: Dragapult|Shadow Ball|p1a: Salt solution\n|-supereffective|p1a: Salt solution\n|-damage|p1a: Salt solution|46/100\n|move|p1a: Salt solution|Salt Cure|p2a: Dragapult\n|-damage|p2a: Dragapult|76/100\n|-start|p2a: Dragapult|Salt Cure\n|\n|-damage|p2a: Dragapult|64/100|[from] Salt Cure\n|upkeep\n|turn|22\n|\n|t:|1783799782\n|switch|p2a: Zapdos|Zapdos|100/100\n|-damage|p2a: Zapdos|76/100|[from] Stealth Rock\n|-ability|p2a: Zapdos|Pressure\n|move|p1a: Salt solution|Protect||[still]\n|-fail|p1a: Salt solution\n|\n|upkeep\n|turn|23\n|\n|t:|1783799792\n|move|p2a: Zapdos|Volt Switch|p1a: Salt solution\n|-damage|p1a: Salt solution|5/100\n|\n|t:|1783799801\n|switch|p2a: Great Tusk|Great Tusk|57/100|[from] Volt Switch\n|-damage|p2a: Great Tusk|54/100|[from] Stealth Rock\n|move|p1a: Salt solution|Recover|p1a: Salt solution\n|-heal|p1a: Salt solution|55/100\n|\n|-heal|p2a: Great Tusk|61/100|[from] item: Leftovers\n|upkeep\n|turn|24\n|\n|t:|1783799811\n|move|p1a: Salt solution|Protect|p1a: Salt solution\n|-singleturn|p1a: Salt solution|Protect\n|move|p2a: Great Tusk|Knock Off|p1a: Salt solution\n|-activate|p1a: Salt solution|move: Protect\n|\n|-heal|p2a: Great Tusk|67/100|[from] item: Leftovers\n|upkeep\n|turn|25\n|\n|t:|1783799818\n|move|p2a: Great Tusk|Knock Off|p1a: Salt solution\n|-supereffective|p1a: Salt solution\n|-crit|p1a: Salt solution\n|-damage|p1a: Salt solution|21/100\n|move|p1a: Salt solution|Recover|p1a: Salt solution\n|-heal|p1a: Salt solution|71/100\n|\n|-heal|p2a: Great Tusk|73/100|[from] item: Leftovers\n|upkeep\n|turn|26\n|\n|t:|1783799825\n|move|p2a: Great Tusk|Knock Off|p1a: Salt solution\n|-supereffective|p1a: Salt solution\n|-damage|p1a: Salt solution|49/100\n|move|p1a: Salt solution|Salt Cure|p2a: Great Tusk\n|-resisted|p2a: Great Tusk\n|-damage|p2a: Great Tusk|71/100\n|-start|p2a: Great Tusk|Salt Cure\n|\n|-heal|p2a: Great Tusk|78/100|[from] item: Leftovers\n|-damage|p2a: Great Tusk|65/100|[from] Salt Cure\n|upkeep\n|turn|27\n|\n|t:|1783799833\n|move|p2a: Great Tusk|Knock Off|p1a: Salt solution\n|-supereffective|p1a: Salt solution\n|-damage|p1a: Salt solution|25/100\n|move|p1a: Salt solution|Recover|p1a: Salt solution\n|-heal|p1a: Salt solution|75/100\n|\n|-heal|p2a: Great Tusk|71/100|[from] item: Leftovers\n|-damage|p2a: Great Tusk|59/100|[from] Salt Cure\n|upkeep\n|turn|28\n|\n|t:|1783799841\n|switch|p1a: Hylian shield|Zamazenta|31/100\n|-damage|p1a: Hylian shield|24/100|[from] Stealth Rock\n|move|p2a: Great Tusk|Knock Off|p1a: Hylian shield\n|-resisted|p1a: Hylian shield\n|-damage|p1a: Hylian shield|16/100\n|\n|-heal|p2a: Great Tusk|65/100|[from] item: Leftovers\n|-damage|p2a: Great Tusk|53/100|[from] Salt Cure\n|upkeep\n|turn|29\n|\n|t:|1783799847\n|move|p1a: Hylian shield|Body Press|p2a: Great Tusk\n|-damage|p2a: Great Tusk|37/100\n|move|p2a: Great Tusk|Rapid Spin|p1a: Hylian shield\n|-crit|p1a: Hylian shield\n|-damage|p1a: Hylian shield|0 fnt\n|-boost|p2a: Great Tusk|spe|1\n|-sideend|p2: Enderian67|Stealth Rock|[from] move: Rapid Spin|[of] p2a: Great Tusk\n|faint|p1a: Hylian shield\n|\n|-heal|p2a: Great Tusk|44/100|[from] item: Leftovers\n|-damage|p2a: Great Tusk|31/100|[from] Salt Cure\n|upkeep\n|\n|t:|1783799852\n|switch|p1a: Salt solution|Garganacl, M, tera:Ghost|75/100\n|-damage|p1a: Salt solution|63/100|[from] Stealth Rock\n|turn|30\n|\n|t:|1783799862\n|-end|p2a: Great Tusk|Protosynthesis|[silent]\n|switch|p2a: Zapdos|Zapdos|76/100\n|-ability|p2a: Zapdos|Pressure\n|move|p1a: Salt solution|Salt Cure|p2a: Zapdos\n|-supereffective|p2a: Zapdos\n|-damage|p2a: Zapdos|42/100\n|-start|p2a: Zapdos|Salt Cure\n|\n|-damage|p2a: Zapdos|29/100|[from] Salt Cure\n|upkeep\n|turn|31\n|\n|t:|1783799872\n|move|p2a: Zapdos|Volt Switch|p1a: Salt solution\n|-damage|p1a: Salt solution|18/100\n|\n|t:|1783799876\n|switch|p2a: Rillaboom|Rillaboom, F|68/100|[from] Volt Switch\n|-fieldstart|move: Grassy Terrain|[from] ability: Grassy Surge|[of] p2a: Rillaboom\n|move|p1a: Salt solution|Recover|p1a: Salt solution\n|-heal|p1a: Salt solution|68/100\n|\n|-heal|p2a: Rillaboom|74/100|[from] Grassy Terrain\n|-heal|p1a: Salt solution|74/100|[from] Grassy Terrain\n|upkeep\n|turn|32\n|\n|t:|1783799884\n|move|p1a: Salt solution|Protect|p1a: Salt solution\n|-singleturn|p1a: Salt solution|Protect\n|move|p2a: Rillaboom|Knock Off|p1a: Salt solution\n|-activate|p1a: Salt solution|move: Protect\n|\n|-heal|p2a: Rillaboom|80/100|[from] Grassy Terrain\n|-heal|p1a: Salt solution|80/100|[from] Grassy Terrain\n|upkeep\n|turn|33\n|\n|t:|1783799895\n|move|p2a: Rillaboom|U-turn|p1a: Salt solution\n|-resisted|p1a: Salt solution\n|-damage|p1a: Salt solution|72/100\n|\n|t:|1783799903\n|switch|p2a: Great Tusk|Great Tusk|31/100|[from] U-turn\n|move|p1a: Salt solution|Salt Cure|p2a: Great Tusk\n|-resisted|p2a: Great Tusk\n|-damage|p2a: Great Tusk|30/100\n|-start|p2a: Great Tusk|Salt Cure\n|\n|-heal|p2a: Great Tusk|36/100|[from] Grassy Terrain\n|-heal|p2a: Great Tusk|42/100|[from] item: Leftovers\n|-heal|p1a: Salt solution|78/100|[from] Grassy Terrain\n|-damage|p2a: Great Tusk|30/100|[from] Salt Cure\n|upkeep\n|turn|34\n|\n|t:|1783799913\n|move|p2a: Great Tusk|Knock Off|p1a: Salt solution\n|-supereffective|p1a: Salt solution\n|-damage|p1a: Salt solution|56/100\n|move|p1a: Salt solution|Stealth Rock|p2a: Great Tusk\n|-sidestart|p2: Enderian67|move: Stealth Rock\n|\n|-heal|p2a: Great Tusk|36/100|[from] Grassy Terrain\n|-heal|p2a: Great Tusk|42/100|[from] item: Leftovers\n|-heal|p1a: Salt solution|62/100|[from] Grassy Terrain\n|-damage|p2a: Great Tusk|30/100|[from] Salt Cure\n|upkeep\n|turn|35\n|\n|t:|1783799934\n|-end|p2a: Great Tusk|Protosynthesis|[silent]\n|switch|p2a: Rillaboom|Rillaboom, F|80/100\n|-damage|p2a: Rillaboom|68/100|[from] Stealth Rock\n|move|p1a: Salt solution|Protect||[still]\n|-fail|p1a: Salt solution\n|\n|-heal|p2a: Rillaboom|74/100|[from] Grassy Terrain\n|-heal|p1a: Salt solution|68/100|[from] Grassy Terrain\n|-fieldend|move: Grassy Terrain\n|upkeep\n|turn|36\n|\n|t:|1783799942\n|move|p1a: Salt solution|Protect|p1a: Salt solution\n|-singleturn|p1a: Salt solution|Protect\n|move|p2a: Rillaboom|Knock Off|p1a: Salt solution\n|-activate|p1a: Salt solution|move: Protect\n|\n|upkeep\n|turn|37\n|\n|t:|1783799953\n|move|p2a: Rillaboom|Knock Off|p1a: Salt solution\n|-supereffective|p1a: Salt solution\n|-damage|p1a: Salt solution|38/100\n|move|p1a: Salt solution|Salt Cure|p2a: Rillaboom\n|-damage|p2a: Rillaboom|62/100\n|-start|p2a: Rillaboom|Salt Cure\n|\n|-damage|p2a: Rillaboom|50/100|[from] Salt Cure\n|upkeep\n|turn|38\n|\n|t:|1783799961\n|move|p1a: Salt solution|Protect|p1a: Salt solution\n|-singleturn|p1a: Salt solution|Protect\n|move|p2a: Rillaboom|U-turn|p1a: Salt solution\n|-activate|p1a: Salt solution|move: Protect\n|\n|-damage|p2a: Rillaboom|37/100|[from] Salt Cure\n|upkeep\n|turn|39\n|j| Big Chill Jr\n|\n|t:|1783799969\n|move|p2a: Rillaboom|Knock Off|p1a: Salt solution\n|-supereffective|p1a: Salt solution\n|-damage|p1a: Salt solution|5/100\n|move|p1a: Salt solution|Recover|p1a: Salt solution\n|-heal|p1a: Salt solution|55/100\n|\n|-damage|p2a: Rillaboom|25/100|[from] Salt Cure\n|upkeep\n|turn|40\n|j| BlabberSaur\n|\n|t:|1783799977\n|switch|p2a: Dragapult|Dragapult, M, tera:Ghost|64/100\n|-damage|p2a: Dragapult|52/100|[from] Stealth Rock\n|move|p1a: Salt solution|Protect||[still]\n|-fail|p1a: Salt solution\n|\n|upkeep\n|turn|41\n|\n|t:|1783799987\n|move|p1a: Salt solution|Protect|p1a: Salt solution\n|-singleturn|p1a: Salt solution|Protect\n|move|p2a: Dragapult|Shadow Ball|p1a: Salt solution\n|-activate|p1a: Salt solution|move: Protect\n|\n|upkeep\n|turn|42\n|l| BlabberSaur\n|\n|t:|1783800006\n|move|p2a: Dragapult|Shadow Ball|p1a: Salt solution\n|-supereffective|p1a: Salt solution\n|-damage|p1a: Salt solution|17/100\n|move|p1a: Salt solution|Salt Cure|p2a: Dragapult\n|-damage|p2a: Dragapult|34/100\n|-start|p2a: Dragapult|Salt Cure\n|\n|-damage|p2a: Dragapult|21/100|[from] Salt Cure\n|upkeep\n|turn|43\n|\n|t:|1783800015\n|move|p1a: Salt solution|Protect|p1a: Salt solution\n|-singleturn|p1a: Salt solution|Protect\n|move|p2a: Dragapult|Shadow Ball|p1a: Salt solution\n|-activate|p1a: Salt solution|move: Protect\n|\n|-damage|p2a: Dragapult|9/100|[from] Salt Cure\n|upkeep\n|turn|44\n|\n|t:|1783800022\n|move|p2a: Dragapult|Shadow Ball|p1a: Salt solution\n|-supereffective|p1a: Salt solution\n|-damage|p1a: Salt solution|0 fnt\n|faint|p1a: Salt solution\n|\n|-damage|p2a: Dragapult|0 fnt|[from] Salt Cure\n|faint|p2a: Dragapult\n|upkeep\n|\n|t:|1783800030\n|switch|p2a: Zapdos|Zapdos|29/100\n|switch|p1a: WingBarney|Dragonite, M, shiny|100/100\n|-damage|p2a: Zapdos|5/100|[from] Stealth Rock\n|-ability|p2a: Zapdos|Pressure\n|turn|45\n|l| Big Chill Jr\n|\n|t:|1783800035\n|move|p2a: Zapdos|Thunderbolt|p1a: WingBarney\n|-damage|p1a: WingBarney|62/100\n|move|p1a: WingBarney|Dragon Dance|p1a: WingBarney\n|-boost|p1a: WingBarney|atk|1\n|-boost|p1a: WingBarney|spe|1\n|\n|upkeep\n|turn|46\n|\n|t:|1783800038\n|move|p1a: WingBarney|Ice Spinner|p2a: Zapdos\n|-supereffective|p2a: Zapdos\n|-damage|p2a: Zapdos|0 fnt\n|faint|p2a: Zapdos\n|\n|upkeep\n|\n|t:|1783800042\n|switch|p2a: Kingambit|Kingambit, M|100/100\n|-damage|p2a: Kingambit|94/100|[from] Stealth Rock\n|-activate|p2a: Kingambit|ability: Supreme Overlord\n|-start|p2a: Kingambit|fallen3|[silent]\n|turn|47\n|\n|t:|1783800049\n|move|p1a: WingBarney|Dragon Dance|p1a: WingBarney\n|-boost|p1a: WingBarney|atk|1\n|-boost|p1a: WingBarney|spe|1\n|move|p2a: Kingambit|Iron Head|p1a: WingBarney\n|-damage|p1a: WingBarney|0 fnt\n|faint|p1a: WingBarney\n|\n|upkeep\n|\n|t:|1783800050\n|switch|p1a: Anteaca|Polteageist-Antique|100/100\n|-damage|p1a: Anteaca|88/100|[from] Stealth Rock\n|turn|48\n|c|☆Inkubone|Gg\n|\n|t:|1783800060\n|move|p1a: Anteaca|Strength Sap|p2a: Kingambit\n|-unboost|p2a: Kingambit|atk|1\n|-heal|p1a: Anteaca|100/100\n|move|p2a: Kingambit|Swords Dance|p2a: Kingambit\n|-boost|p2a: Kingambit|atk|2\n|\n|upkeep\n|turn|49\n|\n|t:|1783800068\n|move|p2a: Kingambit|Sucker Punch|p1a: Anteaca\n|-supereffective|p1a: Anteaca\n|-enditem|p1a: Anteaca|Focus Sash\n|-damage|p1a: Anteaca|1/100\n|-ability|p1a: Anteaca|Weak Armor|boost\n|-unboost|p1a: Anteaca|def|1\n|-boost|p1a: Anteaca|spe|2\n|move|p1a: Anteaca|Shadow Ball|p2a: Kingambit\n|-resisted|p2a: Kingambit\n|-damage|p2a: Kingambit|73/100\n|\n|upkeep\n|turn|50\n|\n|t:|1783800075\n|move|p2a: Kingambit|Sucker Punch||[still]\n|-fail|p2a: Kingambit\n|move|p1a: Anteaca|Strength Sap|p2a: Kingambit\n|-unboost|p2a: Kingambit|atk|1\n|-heal|p1a: Anteaca|100/100\n|\n|upkeep\n|turn|51\n|c|☆Enderian67|ggs wp\n|\n|t:|1783800088\n|move|p1a: Anteaca|Strength Sap|p2a: Kingambit\n|-unboost|p2a: Kingambit|atk|1\n|move|p2a: Kingambit|Swords Dance|p2a: Kingambit\n|-boost|p2a: Kingambit|atk|2\n|\n|upkeep\n|turn|52\n|\n|t:|1783800107\n|move|p2a: Kingambit|Sucker Punch||[still]\n|-fail|p2a: Kingambit\n|move|p1a: Anteaca|Strength Sap|p2a: Kingambit\n|-unboost|p2a: Kingambit|atk|1\n|\n|upkeep\n|turn|53\n|\n|t:|1783800115\n|move|p2a: Kingambit|Sucker Punch|p1a: Anteaca\n|-supereffective|p1a: Anteaca\n|-damage|p1a: Anteaca|0 fnt\n|faint|p1a: Anteaca\n|\n|win|Enderian67\n", "uploadtime": 1783800120, "views": 27, "formatid": "gen9ou", "rating": null, "private": 0, "password": null}