{"id": "gen9ou-2639309819", "format": "[Gen 9] OU", "players": ["abhii.g", "ascended tusk 69"], "log": "|j|☆abhii.g\n|j|‽ascended tusk 69\n|t:|1782450459\n|gametype|singles\n|player|p1|abhii.g|benga|1616\n|player|p2|ascended tusk 69|biker|1657\n|gen|9\n|tier|[Gen 9] OU\n|rated|\n|rule|HP Percentage Mod: HP is shown in percentages\n|rule|Endless Battle Clause: Forcing endless battles is banned\n|rule|Species Clause: Limit one of each Pokémon\n|rule|OHKO Clause: OHKO moves are banned\n|rule|Evasion Items Clause: Evasion items are banned\n|rule|Evasion Moves Clause: Evasion moves are banned\n|rule|Evasion Abilities Clause: Evasion abilities are banned\n|rule|Sleep Moves Clause: Sleep-inducing moves are banned\n|clearpoke\n|poke|p1|Raging Bolt|\n|poke|p1|Alomomola, M|\n|poke|p1|Hatterene, F|\n|poke|p1|Lokix, M|\n|poke|p1|Great Tusk|\n|poke|p1|Heatran, M|\n|poke|p2|Ninetales-Alola, M|\n|poke|p2|Serperior, M|\n|poke|p2|Maushold|\n|poke|p2|Kingambit, M|\n|poke|p2|Latias, F|\n|poke|p2|Gliscor, F|\n|teampreview\n|inactive|Battle timer is ON: inactive players will automatically lose when time's up. (requested by abhii.g)\n|\n|t:|1782450475\n|teamsize|p1|6\n|teamsize|p2|6\n|start\n|switch|p1a: Heatran|Heatran, M|100/100\n|switch|p2a: Maushold|Maushold|100/100\n|turn|1\n|\n|t:|1782450483\n|switch|p2a: Ninetales|Ninetales-Alola, M|100/100\n|-weather|Snowscape|[from] ability: Snow Warning|[of] p2a: Ninetales\n|move|p1a: Heatran|Magma Storm|p2a: Ninetales\n|-supereffective|p2a: Ninetales\n|-damage|p2a: Ninetales|23/100\n|-activate|p2a: Ninetales|move: Magma Storm|[of] p1a: Heatran\n|\n|-weather|Snowscape|[upkeep]\n|-damage|p2a: Ninetales|11/100|[from] move: Magma Storm|[partiallytrapped]\n|upkeep\n|turn|2\n|j| Clod the Clown\n|\n|t:|1782450491\n|move|p2a: Ninetales|Aurora Veil|p2a: Ninetales\n|-sidestart|p2: ascended tusk 69|move: Aurora Veil\n|move|p1a: Heatran|Stealth Rock|p2a: Ninetales\n|-sidestart|p2: ascended tusk 69|move: Stealth Rock\n|\n|-weather|Snowscape|[upkeep]\n|-damage|p2a: Ninetales|0 fnt|[from] move: Magma Storm|[partiallytrapped]\n|faint|p2a: Ninetales\n|upkeep\n|inactive|ascended tusk 69 has 120 seconds left.\n|\n|t:|1782450526\n|switch|p2a: Maushold|Maushold|100/100\n|-damage|p2a: Maushold|88/100|[from] Stealth Rock\n|turn|3\n|\n|t:|1782450531\n|move|p2a: Maushold|Encore|p1a: Heatran\n|-start|p1a: Heatran|Encore\n|move|p1a: Heatran|Stealth Rock||[still]\n|-fail|p1a: Heatran\n|\n|-weather|Snowscape|[upkeep]\n|upkeep\n|turn|4\n|l| Clod the Clown\n|\n|t:|1782450535\n|switch|p1a: Gyatterene|Hatterene, F, shiny|100/100\n|move|p2a: Maushold|Tidy Up|p2a: Maushold\n|-sideend|p2: ascended tusk 69|Stealth Rock\n|-activate|p2a: Maushold|move: Tidy Up\n|-boost|p2a: Maushold|atk|1\n|-boost|p2a: Maushold|spe|1\n|\n|-weather|Snowscape|[upkeep]\n|upkeep\n|turn|5\n|\n|t:|1782450540\n|switch|p1a: Heatran|Heatran, M|100/100\n|move|p2a: Maushold|Population Bomb|p1a: Heatran\n|-resisted|p1a: Heatran\n|-damage|p1a: Heatran|95/100\n|-resisted|p1a: Heatran\n|-damage|p1a: Heatran|90/100\n|-resisted|p1a: Heatran\n|-damage|p1a: Heatran|84/100\n|-status|p2a: Maushold|brn|[from] ability: Flame Body|[of] p1a: Heatran\n|-resisted|p1a: Heatran\n|-damage|p1a: Heatran|82/100\n|-resisted|p1a: Heatran\n|-damage|p1a: Heatran|79/100\n|-resisted|p1a: Heatran\n|-damage|p1a: Heatran|76/100\n|-resisted|p1a: Heatran\n|-damage|p1a: Heatran|73/100\n|-resisted|p1a: Heatran\n|-damage|p1a: Heatran|71/100\n|-resisted|p1a: Heatran\n|-damage|p1a: Heatran|68/100\n|-resisted|p1a: Heatran\n|-damage|p1a: Heatran|65/100\n|-hitcount|p1a: Heatran|10\n|\n|-weather|none\n|-heal|p1a: Heatran|72/100|[from] item: Leftovers\n|-damage|p2a: Maushold|82/100 brn|[from] brn\n|upkeep\n|turn|6\n|\n|t:|1782450551\n|switch|p2a: Gliscor|Gliscor, F|100/100\n|move|p1a: Heatran|Magma Storm|p2a: Gliscor\n|-damage|p2a: Gliscor|69/100\n|-activate|p2a: Gliscor|move: Magma Storm|[of] p1a: Heatran\n|\n|-heal|p1a: Heatran|78/100|[from] item: Leftovers\n|-damage|p2a: Gliscor|56/100|[from] move: Magma Storm|[partiallytrapped]\n|-status|p2a: Gliscor|tox|[from] item: Toxic Orb\n|upkeep\n|turn|7\n|\n|t:|1782450561\n|switch|p1a: Luvdisk|Alomomola, M|100/100\n|move|p2a: Gliscor|Swords Dance|p2a: Gliscor\n|-boost|p2a: Gliscor|atk|2\n|\n|-heal|p2a: Gliscor|69/100 tox|[from] ability: Poison Heal\n|-end|p2a: Gliscor|Magma Storm|[partiallytrapped]|[silent]\n|upkeep\n|turn|8\n|\n|t:|1782450572\n|move|p2a: Gliscor|Swords Dance|p2a: Gliscor\n|-boost|p2a: Gliscor|atk|2\n|move|p1a: Luvdisk|Tickle|p2a: Gliscor\n|-unboost|p2a: Gliscor|atk|1\n|-unboost|p2a: Gliscor|def|1\n|\n|-heal|p2a: Gliscor|81/100 tox|[from] ability: Poison Heal\n|upkeep\n|turn|9\n|\n|t:|1782450577\n|move|p2a: Gliscor|Earthquake|p1a: Luvdisk\n|-damage|p1a: Luvdisk|31/100\n|-enditem|p1a: Luvdisk|Eject Button\n|\n|t:|1782450581\n|switch|p1a: Gyatterene|Hatterene, F, shiny|100/100\n|\n|-heal|p2a: Gliscor|94/100 tox|[from] ability: Poison Heal\n|-sideend|p2: ascended tusk 69|move: Aurora Veil\n|upkeep\n|turn|10\n|\n|t:|1782450586\n|move|p2a: Gliscor|Earthquake|p1a: Gyatterene\n|-damage|p1a: Gyatterene|0 fnt\n|faint|p1a: Gyatterene\n|\n|-heal|p2a: Gliscor|100/100 tox|[from] ability: Poison Heal\n|upkeep\n|\n|t:|1782450595\n|switch|p1a: Manfred|Great Tusk|100/100\n|turn|11\n|\n|t:|1782450598\n|move|p1a: Manfred|Ice Spinner|p2a: Gliscor\n|-supereffective|p2a: Gliscor\n|-damage|p2a: Gliscor|0 fnt\n|faint|p2a: Gliscor\n|\n|upkeep\n|\n|t:|1782450600\n|switch|p2a: Maushold|Maushold|82/100 brn\n|turn|12\n|\n|t:|1782450604\n|-end|p1a: Manfred|Protosynthesis|[silent]\n|switch|p1a: Heatran|Heatran, M|78/100\n|move|p2a: Maushold|Encore||[still]\n|-fail|p2a: Maushold\n|\n|-heal|p1a: Heatran|84/100|[from] item: Leftovers\n|-damage|p2a: Maushold|76/100 brn|[from] brn\n|upkeep\n|turn|13\n|\n|t:|1782450609\n|move|p2a: Maushold|Population Bomb|p1a: Heatran\n|-resisted|p1a: Heatran\n|-damage|p1a: Heatran|82/100\n|-resisted|p1a: Heatran\n|-damage|p1a: Heatran|80/100\n|-resisted|p1a: Heatran\n|-damage|p1a: Heatran|79/100\n|-resisted|p1a: Heatran\n|-damage|p1a: Heatran|77/100\n|-resisted|p1a: Heatran\n|-damage|p1a: Heatran|75/100\n|-resisted|p1a: Heatran\n|-damage|p1a: Heatran|73/100\n|-resisted|p1a: Heatran\n|-damage|p1a: Heatran|71/100\n|-resisted|p1a: Heatran\n|-damage|p1a: Heatran|70/100\n|-resisted|p1a: Heatran\n|-damage|p1a: Heatran|68/100\n|-resisted|p1a: Heatran\n|-damage|p1a: Heatran|66/100\n|-hitcount|p1a: Heatran|10\n|move|p1a: Heatran|Taunt|p2a: Maushold\n|-start|p2a: Maushold|move: Taunt\n|\n|-heal|p1a: Heatran|72/100|[from] item: Leftovers\n|-damage|p2a: Maushold|69/100 brn|[from] brn\n|upkeep\n|turn|14\n|\n|t:|1782450613\n|move|p2a: Maushold|Population Bomb|p1a: Heatran\n|-resisted|p1a: Heatran\n|-damage|p1a: Heatran|70/100\n|-resisted|p1a: Heatran\n|-damage|p1a: Heatran|69/100\n|-resisted|p1a: Heatran\n|-damage|p1a: Heatran|67/100\n|-resisted|p1a: Heatran\n|-crit|p1a: Heatran\n|-damage|p1a: Heatran|64/100\n|-resisted|p1a: Heatran\n|-damage|p1a: Heatran|62/100\n|-resisted|p1a: Heatran\n|-damage|p1a: Heatran|60/100\n|-resisted|p1a: Heatran\n|-damage|p1a: Heatran|59/100\n|-resisted|p1a: Heatran\n|-damage|p1a: Heatran|57/100\n|-resisted|p1a: Heatran\n|-damage|p1a: Heatran|55/100\n|-resisted|p1a: Heatran\n|-damage|p1a: Heatran|53/100\n|-hitcount|p1a: Heatran|10\n|move|p1a: Heatran|Stealth Rock|p2a: Maushold\n|-sidestart|p2: ascended tusk 69|move: Stealth Rock\n|\n|-heal|p1a: Heatran|59/100|[from] item: Leftovers\n|-damage|p2a: Maushold|63/100 brn|[from] brn\n|upkeep\n|turn|15\n|\n|t:|1782450618\n|move|p2a: Maushold|Population Bomb|p1a: Heatran\n|-resisted|p1a: Heatran\n|-damage|p1a: Heatran|58/100\n|-resisted|p1a: Heatran\n|-damage|p1a: Heatran|56/100\n|-resisted|p1a: Heatran\n|-damage|p1a: Heatran|54/100\n|-resisted|p1a: Heatran\n|-damage|p1a: Heatran|52/100\n|-hitcount|p1a: Heatran|4\n|move|p1a: Heatran|Magma Storm|p2a: Maushold\n|-damage|p2a: Maushold|0 fnt\n|faint|p2a: Maushold\n|\n|-heal|p1a: Heatran|59/100|[from] item: Leftovers\n|upkeep\n|\n|t:|1782450622\n|switch|p2a: Serperior|Serperior, M|100/100\n|-damage|p2a: Serperior|88/100|[from] Stealth Rock\n|turn|16\n|\n|t:|1782450628\n|move|p2a: Serperior|Substitute|p2a: Serperior\n|-start|p2a: Serperior|Substitute\n|-damage|p2a: Serperior|63/100\n|move|p1a: Heatran|Taunt|p2a: Serperior\n|-start|p2a: Serperior|move: Taunt\n|\n|-heal|p2a: Serperior|69/100|[from] item: Leftovers\n|-heal|p1a: Heatran|65/100|[from] item: Leftovers\n|upkeep\n|turn|17\n|\n|t:|1782450630\n|move|p2a: Serperior|Leaf Storm|p1a: Heatran\n|-resisted|p1a: Heatran\n|-damage|p1a: Heatran|56/100\n|-boost|p2a: Serperior|spa|2\n|move|p1a: Heatran|Magma Storm|p2a: Serperior\n|-supereffective|p2a: Serperior\n|-end|p2a: Serperior|Substitute\n|\n|-heal|p2a: Serperior|75/100|[from] item: Leftovers\n|-heal|p1a: Heatran|62/100|[from] item: Leftovers\n|upkeep\n|turn|18\n|\n|t:|1782450637\n|move|p2a: Serperior|Leaf Storm|p1a: Heatran\n|-resisted|p1a: Heatran\n|-damage|p1a: Heatran|45/100\n|-boost|p2a: Serperior|spa|2\n|move|p1a: Heatran|Magma Storm|p2a: Serperior|[miss]\n|-miss|p1a: Heatran|p2a: Serperior\n|\n|-heal|p2a: Serperior|81/100|[from] item: Leftovers\n|-heal|p1a: Heatran|51/100|[from] item: Leftovers\n|upkeep\n|turn|19\n|j| tsghdfht\n|\n|t:|1782450642\n|move|p2a: Serperior|Leaf Storm|p1a: Heatran\n|-resisted|p1a: Heatran\n|-damage|p1a: Heatran|27/100\n|-boost|p2a: Serperior|spa|2\n|move|p1a: Heatran|Magma Storm|p2a: Serperior\n|-supereffective|p2a: Serperior\n|-damage|p2a: Serperior|0 fnt\n|faint|p2a: Serperior\n|\n|-heal|p1a: Heatran|33/100|[from] item: Leftovers\n|upkeep\n|\n|t:|1782450649\n|switch|p2a: Latias|Latias, F|100/100\n|-damage|p2a: Latias|88/100|[from] Stealth Rock\n|turn|20\n|\n|t:|1782450653\n|move|p2a: Latias|Calm Mind|p2a: Latias\n|-boost|p2a: Latias|spa|1\n|-boost|p2a: Latias|spd|1\n|move|p1a: Heatran|Taunt|p2a: Latias\n|-start|p2a: Latias|move: Taunt\n|\n|-heal|p2a: Latias|94/100|[from] item: Leftovers\n|-heal|p1a: Heatran|39/100|[from] item: Leftovers\n|upkeep\n|turn|21\n|\n|t:|1782450657\n|move|p2a: Latias|Aura Sphere|p1a: Heatran\n|-supereffective|p1a: Heatran\n|-damage|p1a: Heatran|0 fnt\n|faint|p1a: Heatran\n|\n|-heal|p2a: Latias|99/100|[from] item: Leftovers\n|upkeep\n|\n|t:|1782450659\n|switch|p1a: Lokix|Lokix, M, shiny|100/100\n|turn|22\n|\n|t:|1782450663\n|-terastallize|p1a: Lokix|Bug\n|move|p1a: Lokix|First Impression|p2a: Latias\n|-supereffective|p2a: Latias\n|-damage|p2a: Latias|0 fnt\n|faint|p2a: Latias\n|\n|upkeep\n|c|☆abhii.g|really well played bro\n|c|☆abhii.g|lot of thinking went into this\n|inactive|ascended tusk 69 has 120 seconds left.\n|inactive|ascended tusk 69 has 90 seconds left.\n|j| tonyrayyy\n|inactive|ascended tusk 69 has 60 seconds left.\n|l| tsghdfht\n|inactive|ascended tusk 69 has 30 seconds left.\n|j| thing maker\n|j| maximilk\n|inactive|ascended tusk 69 has 20 seconds left.\n|inactive|ascended tusk 69 has 15 seconds left.\n|inactive|ascended tusk 69 has 10 seconds left.\n|inactive|ascended tusk 69 has 5 seconds left.\n|-message|ascended tusk 69 lost due to inactivity.\n|\n|win|abhii.g\n|raw|abhii.g's rating: 1616 &rarr; <strong>1638</strong><br />(+22 for winning)\n|raw|ascended tusk 69's rating: 1657 &rarr; <strong>1635</strong><br />(-22 for losing)\n|l|☆abhii.g\n|player|p1|\n|l| thing maker\n|l|‽ascended tusk 69\n|player|p2|\n", "uploadtime": 1782450817, "views": 5, "formatid": "gen9ou", "rating": 1635, "private": 0, "password": null}