{"id": "gen9ou-2639244656", "format": "[Gen 9] OU", "players": ["Eratosthene", "go faster ffs"], "log": "|j|☆Eratosthene\n|j|☆go faster ffs\n|t:|1782439633\n|gametype|singles\n|player|p1|Eratosthene|170|1377\n|player|p2|go faster ffs|265|1325\n|gen|9\n|tier|[Gen 9] OU\n|rated|\n|rule|HP Percentage Mod: HP is shown in percentages\n|rule|Endless Battle Clause: Forcing endless battles is banned\n|rule|Species Clause: Limit one of each Pokémon\n|rule|OHKO Clause: OHKO moves are banned\n|rule|Evasion Items Clause: Evasion items are banned\n|rule|Evasion Moves Clause: Evasion moves are banned\n|rule|Evasion Abilities Clause: Evasion abilities are banned\n|rule|Sleep Moves Clause: Sleep-inducing moves are banned\n|clearpoke\n|poke|p1|Great Tusk|\n|poke|p1|Raging Bolt|\n|poke|p1|Ninetales, M|\n|poke|p1|Venusaur, F|\n|poke|p1|Cresselia, F|\n|poke|p1|Walking Wake|\n|poke|p2|Quaquaval, F|\n|poke|p2|Blissey, F|\n|poke|p2|Scizor, M|\n|poke|p2|Toxapex, M|\n|poke|p2|Trevenant, M|\n|poke|p2|Darkrai|\n|teampreview\n|\n|t:|1782439636\n|teamsize|p1|6\n|teamsize|p2|6\n|start\n|switch|p1a: Ninetales|Ninetales, M|100/100\n|switch|p2a: Scizor|Scizor, M|100/100\n|-weather|SunnyDay|[from] ability: Drought|[of] p1a: Ninetales\n|turn|1\n|\n|t:|1782439645\n|move|p1a: Ninetales|Will-O-Wisp|p2a: Scizor\n|-status|p2a: Scizor|brn\n|move|p2a: Scizor|U-turn|p1a: Ninetales\n|-resisted|p1a: Ninetales\n|-damage|p1a: Ninetales|82/100\n|\n|t:|1782439648\n|switch|p2a: Blissey|Blissey, F|100/100|[from] U-turn\n|\n|-weather|SunnyDay|[upkeep]\n|upkeep\n|turn|2\n|inactive|Battle timer is ON: inactive players will automatically lose when time's up. (requested by go faster ffs)\n|\n|t:|1782439657\n|switch|p1a: Great Tusk|Great Tusk|100/100\n|-activate|p1a: Great Tusk|ability: Protosynthesis\n|-start|p1a: Great Tusk|protosynthesisspe\n|move|p2a: Blissey|Seismic Toss|p1a: Great Tusk\n|-damage|p1a: Great Tusk|77/100\n|\n|-weather|SunnyDay|[upkeep]\n|upkeep\n|turn|3\n|\n|t:|1782439660\n|switch|p2a: Trevenant|Trevenant, M|100/100\n|move|p1a: Great Tusk|Knock Off|p2a: Trevenant\n|-supereffective|p2a: Trevenant\n|-damage|p2a: Trevenant|58/100\n|-enditem|p2a: Trevenant|Sitrus Berry|[from] move: Knock Off|[of] p1a: Great Tusk\n|\n|-weather|SunnyDay|[upkeep]\n|upkeep\n|turn|4\n|\n|t:|1782439673\n|-end|p1a: Great Tusk|Protosynthesis|[silent]\n|switch|p1a: Cresselia|Cresselia, F|100/100\n|move|p2a: Trevenant|Will-O-Wisp|p1a: Cresselia\n|-status|p1a: Cresselia|brn\n|\n|-weather|SunnyDay|[upkeep]\n|-damage|p1a: Cresselia|94/100 brn|[from] brn\n|upkeep\n|turn|5\n|\n|t:|1782439690\n|switch|p1a: Walking Wake|Walking Wake|100/100\n|-activate|p1a: Walking Wake|ability: Protosynthesis\n|-start|p1a: Walking Wake|protosynthesisspa\n|move|p2a: Trevenant|Knock Off|p1a: Walking Wake\n|-damage|p1a: Walking Wake|73/100\n|-enditem|p1a: Walking Wake|Choice Specs|[from] move: Knock Off|[of] p2a: Trevenant\n|\n|-weather|SunnyDay|[upkeep]\n|upkeep\n|turn|6\n|\n|t:|1782439704\n|switch|p2a: Blissey|Blissey, F|100/100\n|move|p1a: Walking Wake|Flamethrower|p2a: Blissey\n|-damage|p2a: Blissey|84/100\n|\n|-weather|SunnyDay|[upkeep]\n|-heal|p2a: Blissey|90/100|[from] item: Leftovers\n|upkeep\n|turn|7\n|\n|t:|1782439707\n|move|p1a: Walking Wake|Flip Turn|p2a: Blissey\n|-damage|p2a: Blissey|75/100\n|\n|t:|1782439719\n|-end|p1a: Walking Wake|Protosynthesis|[silent]\n|switch|p1a: Raging Bolt|Raging Bolt|100/100|[from] Flip Turn\n|-activate|p1a: Raging Bolt|ability: Protosynthesis\n|-start|p1a: Raging Bolt|protosynthesisspa\n|move|p2a: Blissey|Seismic Toss|p1a: Raging Bolt\n|-damage|p1a: Raging Bolt|75/100\n|\n|-weather|SunnyDay|[upkeep]\n|-heal|p2a: Blissey|81/100|[from] item: Leftovers\n|upkeep\n|turn|8\n|\n|t:|1782439723\n|move|p1a: Raging Bolt|Volt Switch|p2a: Blissey\n|-damage|p2a: Blissey|65/100\n|\n|t:|1782439741\n|-end|p1a: Raging Bolt|Protosynthesis|[silent]\n|switch|p1a: Great Tusk|Great Tusk|77/100|[from] Volt Switch\n|-activate|p1a: Great Tusk|ability: Protosynthesis\n|-start|p1a: Great Tusk|protosynthesisspe\n|move|p2a: Blissey|Seismic Toss|p1a: Great Tusk\n|-damage|p1a: Great Tusk|54/100\n|\n|-weather|none\n|-end|p1a: Great Tusk|Protosynthesis\n|-heal|p2a: Blissey|72/100|[from] item: Leftovers\n|upkeep\n|turn|9\n|\n|t:|1782439745\n|-end|p1a: Great Tusk|Protosynthesis|[silent]\n|switch|p1a: Ninetales|Ninetales, M|82/100\n|-weather|SunnyDay|[from] ability: Drought|[of] p1a: Ninetales\n|switch|p2a: Toxapex|Toxapex, M|100/100\n|\n|-weather|SunnyDay|[upkeep]\n|upkeep\n|turn|10\n|\n|t:|1782439750\n|switch|p1a: Venusaur|Venusaur, F|100/100\n|move|p2a: Toxapex|Infestation|p1a: Venusaur\n|-crit|p1a: Venusaur\n|-damage|p1a: Venusaur|96/100\n|-activate|p1a: Venusaur|move: Infestation|[of] p2a: Toxapex\n|\n|-weather|SunnyDay|[upkeep]\n|-damage|p1a: Venusaur|84/100|[from] move: Infestation|[partiallytrapped]\n|upkeep\n|turn|11\n|\n|t:|1782439755\n|move|p1a: Venusaur|Growth|p1a: Venusaur\n|-boost|p1a: Venusaur|atk|2\n|-boost|p1a: Venusaur|spa|2\n|move|p2a: Toxapex|Haze|p2a: Toxapex\n|-clearallboost\n|\n|-weather|SunnyDay|[upkeep]\n|-damage|p1a: Venusaur|71/100|[from] move: Infestation|[partiallytrapped]\n|upkeep\n|turn|12\n|\n|t:|1782439761\n|move|p1a: Venusaur|Giga Drain|p2a: Toxapex\n|-damage|p2a: Toxapex|71/100\n|-heal|p1a: Venusaur|86/100|[from] drain|[of] p2a: Toxapex\n|-damage|p1a: Venusaur|76/100|[from] item: Life Orb\n|move|p2a: Toxapex|Infestation|p1a: Venusaur\n|-damage|p1a: Venusaur|73/100\n|\n|-weather|SunnyDay|[upkeep]\n|-heal|p2a: Toxapex|77/100|[from] item: Leftovers\n|-damage|p1a: Venusaur|61/100|[from] move: Infestation|[partiallytrapped]\n|upkeep\n|turn|13\n|\n|t:|1782439767\n|move|p2a: Toxapex|Protect|p2a: Toxapex\n|-singleturn|p2a: Toxapex|Protect\n|move|p1a: Venusaur|Giga Drain|p2a: Toxapex\n|-activate|p2a: Toxapex|move: Protect\n|\n|-weather|SunnyDay|[upkeep]\n|-heal|p2a: Toxapex|83/100|[from] item: Leftovers\n|-damage|p1a: Venusaur|49/100|[from] move: Infestation|[partiallytrapped]\n|upkeep\n|turn|14\n|\n|t:|1782439774\n|move|p1a: Venusaur|Growth|p1a: Venusaur\n|-boost|p1a: Venusaur|atk|2\n|-boost|p1a: Venusaur|spa|2\n|move|p2a: Toxapex|Infestation|p1a: Venusaur\n|-damage|p1a: Venusaur|45/100\n|\n|-weather|SunnyDay|[upkeep]\n|-heal|p2a: Toxapex|90/100|[from] item: Leftovers\n|-damage|p1a: Venusaur|33/100|[from] move: Infestation|[partiallytrapped]\n|upkeep\n|turn|15\n|\n|t:|1782439777\n|move|p1a: Venusaur|Giga Drain|p2a: Toxapex\n|-damage|p2a: Toxapex|31/100\n|-heal|p1a: Venusaur|62/100|[from] drain|[of] p2a: Toxapex\n|-damage|p1a: Venusaur|52/100|[from] item: Life Orb\n|move|p2a: Toxapex|Haze|p2a: Toxapex\n|-clearallboost\n|\n|-weather|SunnyDay|[upkeep]\n|-heal|p2a: Toxapex|38/100|[from] item: Leftovers\n|-end|p1a: Venusaur|Infestation|[partiallytrapped]\n|upkeep\n|turn|16\n|\n|t:|1782439788\n|move|p2a: Toxapex|Protect|p2a: Toxapex\n|-singleturn|p2a: Toxapex|Protect\n|move|p1a: Venusaur|Growth|p1a: Venusaur\n|-boost|p1a: Venusaur|atk|2\n|-boost|p1a: Venusaur|spa|2\n|\n|-weather|none\n|-heal|p2a: Toxapex|44/100|[from] item: Leftovers\n|upkeep\n|turn|17\n|\n|t:|1782439791\n|switch|p2a: Blissey|Blissey, F|72/100\n|move|p1a: Venusaur|Giga Drain|p2a: Blissey\n|-damage|p2a: Blissey|46/100\n|-heal|p1a: Venusaur|83/100|[from] drain|[of] p2a: Blissey\n|-damage|p1a: Venusaur|73/100|[from] item: Life Orb\n|\n|-heal|p2a: Blissey|52/100|[from] item: Leftovers\n|upkeep\n|turn|18\n|\n|t:|1782439799\n|move|p1a: Venusaur|Sludge Bomb|p2a: Blissey\n|-damage|p2a: Blissey|22/100\n|-damage|p1a: Venusaur|63/100|[from] item: Life Orb\n|move|p2a: Blissey|Soft-Boiled|p2a: Blissey\n|-heal|p2a: Blissey|72/100\n|\n|-heal|p2a: Blissey|79/100|[from] item: Leftovers\n|upkeep\n|turn|19\n|\n|t:|1782439806\n|move|p1a: Venusaur|Sludge Bomb|p2a: Blissey\n|-damage|p2a: Blissey|51/100\n|-damage|p1a: Venusaur|53/100|[from] item: Life Orb\n|move|p2a: Blissey|Seismic Toss|p1a: Venusaur\n|-damage|p1a: Venusaur|20/100\n|\n|-heal|p2a: Blissey|57/100|[from] item: Leftovers\n|upkeep\n|turn|20\n|\n|t:|1782439808\n|move|p1a: Venusaur|Giga Drain|p2a: Blissey\n|-damage|p2a: Blissey|32/100\n|-heal|p1a: Venusaur|49/100|[from] drain|[of] p2a: Blissey\n|-damage|p1a: Venusaur|39/100|[from] item: Life Orb\n|move|p2a: Blissey|Seismic Toss|p1a: Venusaur\n|-damage|p1a: Venusaur|6/100\n|\n|-heal|p2a: Blissey|39/100|[from] item: Leftovers\n|upkeep\n|turn|21\n|\n|t:|1782439815\n|move|p1a: Venusaur|Giga Drain|p2a: Blissey\n|-damage|p2a: Blissey|16/100\n|-heal|p1a: Venusaur|32/100|[from] drain|[of] p2a: Blissey\n|-damage|p1a: Venusaur|22/100|[from] item: Life Orb\n|move|p2a: Blissey|Soft-Boiled|p2a: Blissey\n|-heal|p2a: Blissey|66/100\n|\n|-heal|p2a: Blissey|72/100|[from] item: Leftovers\n|upkeep\n|turn|22\n|\n|t:|1782439822\n|move|p1a: Venusaur|Giga Drain|p2a: Blissey\n|-damage|p2a: Blissey|48/100\n|-heal|p1a: Venusaur|52/100|[from] drain|[of] p2a: Blissey\n|-damage|p1a: Venusaur|42/100|[from] item: Life Orb\n|move|p2a: Blissey|Seismic Toss|p1a: Venusaur\n|-damage|p1a: Venusaur|9/100\n|\n|-heal|p2a: Blissey|54/100|[from] item: Leftovers\n|upkeep\n|turn|23\n|\n|t:|1782439827\n|move|p1a: Venusaur|Sludge Bomb|p2a: Blissey\n|-damage|p2a: Blissey|24/100\n|-damage|p1a: Venusaur|0 fnt|[from] item: Life Orb\n|faint|p1a: Venusaur\n|move|p2a: Blissey|Seismic Toss|p1: Venusaur|[notarget]\n|-fail|p2a: Blissey\n|\n|-heal|p2a: Blissey|30/100|[from] item: Leftovers\n|upkeep\n|\n|t:|1782439836\n|switch|p1a: Great Tusk|Great Tusk|54/100\n|turn|24\n|\n|t:|1782439849\n|switch|p2a: Toxapex|Toxapex, M|77/100\n|move|p1a: Great Tusk|Headlong Rush|p2a: Toxapex\n|-supereffective|p2a: Toxapex\n|-damage|p2a: Toxapex|9/100\n|-unboost|p1a: Great Tusk|def|1\n|-unboost|p1a: Great Tusk|spd|1\n|\n|-heal|p2a: Toxapex|16/100|[from] item: Leftovers\n|upkeep\n|turn|25\n|\n|t:|1782439857\n|move|p2a: Toxapex|Protect|p2a: Toxapex\n|-singleturn|p2a: Toxapex|Protect\n|move|p1a: Great Tusk|Headlong Rush|p2a: Toxapex\n|-activate|p2a: Toxapex|move: Protect\n|\n|-heal|p2a: Toxapex|22/100|[from] item: Leftovers\n|upkeep\n|turn|26\n|\n|t:|1782439865\n|switch|p2a: Trevenant|Trevenant, M|58/100\n|move|p1a: Great Tusk|Knock Off|p2a: Trevenant\n|-supereffective|p2a: Trevenant\n|-damage|p2a: Trevenant|30/100\n|\n|upkeep\n|turn|27\n|\n|t:|1782439871\n|move|p1a: Great Tusk|Ice Spinner|p2a: Trevenant\n|-supereffective|p2a: Trevenant\n|-damage|p2a: Trevenant|0 fnt\n|faint|p2a: Trevenant\n|\n|upkeep\n|\n|t:|1782439874\n|switch|p2a: Darkrai|Darkrai|100/100\n|turn|28\n|\n|t:|1782439889\n|-end|p1a: Great Tusk|Protosynthesis|[silent]\n|switch|p1a: Cresselia|Cresselia, F|94/100 brn\n|move|p2a: Darkrai|Psychic|p1a: Cresselia\n|-resisted|p1a: Cresselia\n|-damage|p1a: Cresselia|85/100 brn\n|-enditem|p1a: Cresselia|Eject Button\n|\n|t:|1782439895\n|switch|p1a: Ninetales|Ninetales, M|82/100\n|-weather|SunnyDay|[from] ability: Drought|[of] p1a: Ninetales\n|\n|-weather|SunnyDay|[upkeep]\n|upkeep\n|turn|29\n|\n|t:|1782439899\n|switch|p2a: Toxapex|Toxapex, M|55/100\n|move|p1a: Ninetales|Overheat|p2a: Toxapex\n|-resisted|p2a: Toxapex\n|-damage|p2a: Toxapex|35/100\n|-unboost|p1a: Ninetales|spa|2\n|\n|-weather|SunnyDay|[upkeep]\n|-heal|p2a: Toxapex|42/100|[from] item: Leftovers\n|upkeep\n|turn|30\n|\n|t:|1782439907\n|switch|p1a: Cresselia|Cresselia, F|85/100 brn\n|move|p2a: Toxapex|Toxic||[still]\n|-fail|p2a: Toxapex\n|\n|-weather|SunnyDay|[upkeep]\n|-heal|p2a: Toxapex|48/100|[from] item: Leftovers\n|-damage|p1a: Cresselia|79/100 brn|[from] brn\n|upkeep\n|turn|31\n|\n|t:|1782439911\n|switch|p2a: Darkrai|Darkrai|100/100\n|move|p1a: Cresselia|Thunder Wave|p2a: Darkrai\n|-status|p2a: Darkrai|par\n|\n|-weather|SunnyDay|[upkeep]\n|-damage|p1a: Cresselia|73/100 brn|[from] brn\n|upkeep\n|turn|32\n|\n|t:|1782439917\n|move|p2a: Darkrai|Dark Pulse|p1a: Cresselia\n|-supereffective|p1a: Cresselia\n|-damage|p1a: Cresselia|15/100 brn\n|cant|p1a: Cresselia|flinch\n|\n|-weather|SunnyDay|[upkeep]\n|-damage|p1a: Cresselia|9/100 brn|[from] brn\n|upkeep\n|turn|33\n|\n|t:|1782439922\n|move|p2a: Darkrai|Dark Pulse|p1a: Cresselia\n|-supereffective|p1a: Cresselia\n|-damage|p1a: Cresselia|0 fnt\n|faint|p1a: Cresselia\n|\n|-weather|SunnyDay|[upkeep]\n|upkeep\n|\n|t:|1782439930\n|switch|p1a: Raging Bolt|Raging Bolt|75/100\n|-activate|p1a: Raging Bolt|ability: Protosynthesis\n|-start|p1a: Raging Bolt|protosynthesisspa\n|turn|34\n|\n|t:|1782439937\n|switch|p2a: Scizor|Scizor, M|100/100 brn\n|move|p1a: Raging Bolt|Thunderbolt|p2a: Scizor\n|-damage|p2a: Scizor|11/100 brn\n|\n|-weather|SunnyDay|[upkeep]\n|-damage|p2a: Scizor|5/100 brn|[from] brn\n|upkeep\n|turn|35\n|\n|t:|1782439949\n|move|p2a: Scizor|Bullet Punch|p1a: Raging Bolt\n|-resisted|p1a: Raging Bolt\n|-damage|p1a: Raging Bolt|64/100\n|move|p1a: Raging Bolt|Thunderbolt|p2a: Scizor\n|-damage|p2a: Scizor|0 fnt\n|faint|p2a: Scizor\n|\n|-weather|none\n|-end|p1a: Raging Bolt|Protosynthesis\n|upkeep\n|\n|t:|1782439952\n|switch|p2a: Blissey|Blissey, F|30/100\n|turn|36\n|\n|t:|1782439959\n|-end|p1a: Raging Bolt|Protosynthesis|[silent]\n|switch|p1a: Great Tusk|Great Tusk|54/100\n|move|p2a: Blissey|Soft-Boiled|p2a: Blissey\n|-heal|p2a: Blissey|80/100\n|\n|-heal|p2a: Blissey|86/100|[from] item: Leftovers\n|upkeep\n|turn|37\n|\n|t:|1782439964\n|switch|p2a: Quaquaval|Quaquaval, F|100/100\n|move|p1a: Great Tusk|Headlong Rush|p2a: Quaquaval\n|-damage|p2a: Quaquaval|26/100\n|-unboost|p1a: Great Tusk|def|1\n|-unboost|p1a: Great Tusk|spd|1\n|\n|upkeep\n|turn|38\n|\n|t:|1782439971\n|-end|p1a: Great Tusk|Protosynthesis|[silent]\n|switch|p1a: Ninetales|Ninetales, M|82/100\n|-weather|SunnyDay|[from] ability: Drought|[of] p1a: Ninetales\n|move|p2a: Quaquaval|Aqua Jet|p1a: Ninetales\n|-supereffective|p1a: Ninetales\n|-damage|p1a: Ninetales|56/100\n|\n|-weather|SunnyDay|[upkeep]\n|upkeep\n|turn|39\n|\n|t:|1782439984\n|switch|p2a: Toxapex|Toxapex, M|81/100\n|move|p1a: Ninetales|Overheat|p2a: Toxapex\n|-resisted|p2a: Toxapex\n|-damage|p2a: Toxapex|59/100\n|-unboost|p1a: Ninetales|spa|2\n|\n|-weather|SunnyDay|[upkeep]\n|-heal|p2a: Toxapex|65/100|[from] item: Leftovers\n|upkeep\n|turn|40\n|\n|t:|1782439993\n|switch|p1a: Raging Bolt|Raging Bolt|64/100\n|-activate|p1a: Raging Bolt|ability: Protosynthesis\n|-start|p1a: Raging Bolt|protosynthesisspa\n|move|p2a: Toxapex|Infestation|p1a: Raging Bolt\n|-damage|p1a: Raging Bolt|61/100\n|-activate|p1a: Raging Bolt|move: Infestation|[of] p2a: Toxapex\n|\n|-weather|SunnyDay|[upkeep]\n|-heal|p2a: Toxapex|72/100|[from] item: Leftovers\n|-damage|p1a: Raging Bolt|49/100|[from] move: Infestation|[partiallytrapped]\n|upkeep\n|turn|41\n|\n|t:|1782439997\n|-terastallize|p2a: Toxapex|Ground\n|move|p1a: Raging Bolt|Volt Switch|p2a: Toxapex\n|-immune|p2a: Toxapex\n|move|p2a: Toxapex|Toxic|p1a: Raging Bolt\n|-status|p1a: Raging Bolt|tox\n|\n|-weather|SunnyDay|[upkeep]\n|-heal|p2a: Toxapex|78/100|[from] item: Leftovers\n|-damage|p1a: Raging Bolt|43/100 tox|[from] psn\n|-damage|p1a: Raging Bolt|30/100 tox|[from] move: Infestation|[partiallytrapped]\n|upkeep\n|turn|42\n|\n|t:|1782440002\n|move|p2a: Toxapex|Protect|p2a: Toxapex\n|-singleturn|p2a: Toxapex|Protect\n|move|p1a: Raging Bolt|Volt Switch|p2a: Toxapex\n|-activate|p2a: Toxapex|move: Protect\n|\n|-weather|SunnyDay|[upkeep]\n|-heal|p2a: Toxapex|84/100|[from] item: Leftovers\n|-damage|p1a: Raging Bolt|18/100 tox|[from] psn\n|-damage|p1a: Raging Bolt|6/100 tox|[from] move: Infestation|[partiallytrapped]\n|upkeep\n|turn|43\n|\n|t:|1782440015\n|move|p1a: Raging Bolt|Volt Switch|p2a: Toxapex\n|-immune|p2a: Toxapex\n|move|p2a: Toxapex|Infestation|p1a: Raging Bolt\n|-damage|p1a: Raging Bolt|3/100 tox\n|\n|-weather|SunnyDay|[upkeep]\n|-heal|p2a: Toxapex|90/100|[from] item: Leftovers\n|-damage|p1a: Raging Bolt|0 fnt|[from] psn\n|faint|p1a: Raging Bolt\n|-end|p1a: Raging Bolt|Protosynthesis|[silent]\n|upkeep\n|\n|t:|1782440020\n|switch|p1a: Walking Wake|Walking Wake|73/100\n|-activate|p1a: Walking Wake|ability: Protosynthesis\n|-start|p1a: Walking Wake|protosynthesisspa\n|turn|44\n|\n|t:|1782440023\n|move|p1a: Walking Wake|Hydro Steam|p2a: Toxapex\n|-supereffective|p2a: Toxapex\n|-damage|p2a: Toxapex|0 fnt\n|faint|p2a: Toxapex\n|\n|-weather|SunnyDay|[upkeep]\n|upkeep\n|\n|t:|1782440026\n|switch|p2a: Blissey|Blissey, F|86/100\n|turn|45\n|\n|t:|1782440035\n|move|p1a: Walking Wake|Flip Turn|p2a: Blissey\n|-crit|p2a: Blissey\n|-damage|p2a: Blissey|63/100\n|\n|t:|1782440039\n|-end|p1a: Walking Wake|Protosynthesis|[silent]\n|switch|p1a: Great Tusk|Great Tusk|54/100|[from] Flip Turn\n|-activate|p1a: Great Tusk|ability: Protosynthesis\n|-start|p1a: Great Tusk|protosynthesisspe\n|move|p2a: Blissey|Heal Bell|p2a: Blissey\n|-activate|p2a: Blissey|move: Heal Bell\n|-curestatus|p2: Darkrai|par|[msg]\n|\n|-weather|none\n|-end|p1a: Great Tusk|Protosynthesis\n|-heal|p2a: Blissey|69/100|[from] item: Leftovers\n|upkeep\n|turn|46\n|\n|t:|1782440049\n|switch|p2a: Quaquaval|Quaquaval, F|26/100\n|move|p1a: Great Tusk|Headlong Rush|p2a: Quaquaval\n|-damage|p2a: Quaquaval|0 fnt\n|-unboost|p1a: Great Tusk|def|1\n|-unboost|p1a: Great Tusk|spd|1\n|faint|p2a: Quaquaval\n|\n|upkeep\n|\n|t:|1782440052\n|switch|p2a: Darkrai|Darkrai|100/100\n|turn|47\n|\n|t:|1782440057\n|-end|p1a: Great Tusk|Protosynthesis|[silent]\n|switch|p1a: Ninetales|Ninetales, M|56/100\n|-weather|SunnyDay|[from] ability: Drought|[of] p1a: Ninetales\n|move|p2a: Darkrai|Psychic|p1a: Ninetales\n|-damage|p1a: Ninetales|19/100\n|\n|-weather|SunnyDay|[upkeep]\n|upkeep\n|turn|48\n|c|☆go faster ffs|Gg\n|\n|t:|1782440064\n|move|p2a: Darkrai|Psychic|p1a: Ninetales\n|-damage|p1a: Ninetales|0 fnt\n|faint|p1a: Ninetales\n|\n|-weather|SunnyDay|[upkeep]\n|upkeep\n|\n|t:|1782440066\n|switch|p1a: Walking Wake|Walking Wake|73/100\n|-activate|p1a: Walking Wake|ability: Protosynthesis\n|-start|p1a: Walking Wake|protosynthesisspa\n|turn|49\n|\n|t:|1782440070\n|-terastallize|p1a: Walking Wake|Water\n|move|p2a: Darkrai|Psychic|p1a: Walking Wake\n|-damage|p1a: Walking Wake|29/100\n|move|p1a: Walking Wake|Hydro Steam|p2a: Darkrai\n|-damage|p2a: Darkrai|0 fnt\n|faint|p2a: Darkrai\n|\n|-weather|SunnyDay|[upkeep]\n|upkeep\n|\n|t:|1782440075\n|switch|p2a: Blissey|Blissey, F|69/100\n|turn|50\n|c|☆go faster ffs|Oh woooooow\n|\n|t:|1782440080\n|move|p1a: Walking Wake|Hydro Steam|p2a: Blissey\n|-damage|p2a: Blissey|40/100\n|move|p2a: Blissey|Seismic Toss|p1a: Walking Wake\n|-damage|p1a: Walking Wake|0 fnt\n|faint|p1a: Walking Wake\n|-end|p1a: Walking Wake|Protosynthesis|[silent]\n|\n|-weather|SunnyDay|[upkeep]\n|-heal|p2a: Blissey|46/100|[from] item: Leftovers\n|upkeep\n|c|☆go faster ffs|Ok\n|\n|t:|1782440084\n|switch|p1a: Great Tusk|Great Tusk|54/100\n|-activate|p1a: Great Tusk|ability: Protosynthesis\n|-start|p1a: Great Tusk|protosynthesisspe\n|turn|51\n|\n|t:|1782440091\n|move|p1a: Great Tusk|Knock Off|p2a: Blissey\n|-damage|p2a: Blissey|0 fnt\n|-enditem|p2a: Blissey|Leftovers|[from] move: Knock Off|[of] p1a: Great Tusk\n|faint|p2a: Blissey\n|\n|win|Eratosthene\n|raw|Eratosthene's rating: 1377 &rarr; <strong>1394</strong><br />(+17 for winning)\n|raw|go faster ffs's rating: 1325 &rarr; <strong>1308</strong><br />(-17 for losing)\n|l|☆go faster ffs\n|player|p2|\n|c|☆Eratosthene|gg\n|l|☆Eratosthene\n|player|p1|\n", "uploadtime": 1782440442, "views": 6, "formatid": "gen9ou", "rating": 1308, "private": 0, "password": null}