{"id": "gen9ou-2640025903", "format": "[Gen 9] OU", "players": ["Pinkacross", "Agency Member two"], "log": "|badge|p1|silver|gen9ou|30-9\n|html|<div class=\"broadcast-red\"><strong>This battle is required to be public due to one or more player having a season medal.</strong><br />During the public phase, you can discuss the state of the ladder <a href=\"/seasondiscussion\">in a special chatroom.</a></div>\n|uhtml|medal-msg|<div class=\"broadcast-blue\">Curious what those medals under the avatar are? PS now has Ladder Seasons! For more information, check out the <a href=\"https://www.smogon.com/forums/threads/3740067/\">thread on Smogon.</a></div>\n|badge|p2|bronze|gen9ou|100-9\n|uhtml|medal-msg|<div class=\"broadcast-blue\">Curious what those medals under the avatar are? PS now has Ladder Seasons! For more information, check out the <a href=\"https://www.smogon.com/forums/threads/3740067/\">thread on Smogon.</a></div>\n|raw|<div class=\"broadcast-blue\"><strong>This battle is required to be public due to a player having a name starting with 'medal'.</div>\n|j|☆Pinkacross\n|j|☆Agency Member two\n|t:|1782566009\n|gametype|singles\n|player|p1|Pinkacross|artist|1867\n|player|p2|Agency Member two|scientist-gen4|1857\n|gen|9\n|tier|[Gen 9] OU\n|rated|\n|rule|HP Percentage Mod: HP is shown in percentages\n|rule|Endless Battle Clause: Forcing endless battles is banned\n|rule|Species Clause: Limit one of each Pokémon\n|rule|OHKO Clause: OHKO moves are banned\n|rule|Evasion Items Clause: Evasion items are banned\n|rule|Evasion Moves Clause: Evasion moves are banned\n|rule|Evasion Abilities Clause: Evasion abilities are banned\n|rule|Sleep Moves Clause: Sleep-inducing moves are banned\n|clearpoke\n|poke|p1|Rillaboom, F|\n|poke|p1|Dondozo, F|\n|poke|p1|Clodsire, F|\n|poke|p1|Blissey, F|\n|poke|p1|Gholdengo|\n|poke|p1|Cinderace, F|\n|poke|p2|Great Tusk|\n|poke|p2|Deoxys-Speed|\n|poke|p2|Gholdengo|\n|poke|p2|Iron Valiant|\n|poke|p2|Dragonite, F|\n|poke|p2|Zamazenta-*|\n|teampreview\n|c|☆Pinkacross|hf\n|c|☆Agency Member two|hf\n|\n|t:|1782566053\n|teamsize|p1|6\n|teamsize|p2|6\n|start\n|switch|p1a: Rillaboom|Rillaboom, F|100/100\n|switch|p2a: Great Tusk|Great Tusk|100/100\n|-fieldstart|move: Grassy Terrain|[from] ability: Grassy Surge|[of] p1a: Rillaboom\n|-enditem|p2a: Great Tusk|Booster Energy\n|-activate|p2a: Great Tusk|ability: Protosynthesis|[fromitem]\n|-start|p2a: Great Tusk|protosynthesisspe\n|turn|1\n|inactive|Battle timer is ON: inactive players will automatically lose when time's up. (requested by Agency Member two)\n|\n|t:|1782566076\n|move|p2a: Great Tusk|Ice Spinner|p1a: Rillaboom\n|-supereffective|p1a: Rillaboom\n|-damage|p1a: Rillaboom|59/100\n|-fieldend|move: Grassy Terrain\n|move|p1a: Rillaboom|Wood Hammer|p2a: Great Tusk\n|-supereffective|p2a: Great Tusk\n|-damage|p2a: Great Tusk|17/100\n|-damage|p1a: Rillaboom|29/100|[from] Recoil\n|\n|upkeep\n|turn|2\n|\n|t:|1782566086\n|switch|p1a: Dondozo|Dondozo, F|100/100\n|move|p2a: Great Tusk|Headlong Rush|p1a: Dondozo\n|-damage|p1a: Dondozo|70/100\n|-unboost|p2a: Great Tusk|def|1\n|-unboost|p2a: Great Tusk|spd|1\n|\n|-heal|p1a: Dondozo|76/100|[from] item: Leftovers\n|upkeep\n|turn|3\n|inactive|Pinkacross has 120 seconds left.\n|\n|t:|1782566117\n|move|p2a: Great Tusk|Headlong Rush|p1a: Dondozo\n|-damage|p1a: Dondozo|47/100\n|-unboost|p2a: Great Tusk|def|1\n|-unboost|p2a: Great Tusk|spd|1\n|move|p1a: Dondozo|Avalanche|p2a: Great Tusk\n|-supereffective|p2a: Great Tusk\n|-damage|p2a: Great Tusk|0 fnt\n|faint|p2a: Great Tusk\n|-end|p2a: Great Tusk|Protosynthesis|[silent]\n|\n|-heal|p1a: Dondozo|53/100|[from] item: Leftovers\n|upkeep\n|j| Garden of Dreams\n|\n|t:|1782566139\n|switch|p2a: Iron Valiant|Iron Valiant|100/100\n|-enditem|p2a: Iron Valiant|Booster Energy\n|-activate|p2a: Iron Valiant|ability: Quark Drive|[fromitem]\n|-start|p2a: Iron Valiant|quarkdrivespe\n|turn|4\n|inactive|Pinkacross has 120 seconds left.\n|\n|t:|1782566162\n|move|p1a: Dondozo|Protect|p1a: Dondozo\n|-singleturn|p1a: Dondozo|Protect\n|move|p2a: Iron Valiant|Knock Off|p1a: Dondozo\n|-activate|p1a: Dondozo|move: Protect\n|\n|-heal|p1a: Dondozo|59/100|[from] item: Leftovers\n|upkeep\n|turn|5\n|inactive|Pinkacross has 120 seconds left.\n|\n|t:|1782566175\n|switch|p1a: Cinderace|Cinderace, F|100/100\n|move|p2a: Iron Valiant|Taunt|p1a: Cinderace\n|-start|p1a: Cinderace|move: Taunt\n|\n|upkeep\n|turn|6\n|\n|t:|1782566181\n|move|p2a: Iron Valiant|Knock Off|p1a: Cinderace\n|-damage|p1a: Cinderace|63/100\n|-enditem|p1a: Cinderace|Heavy-Duty Boots|[from] move: Knock Off|[of] p2a: Iron Valiant\n|move|p1a: Cinderace|Pyro Ball|p2a: Iron Valiant\n|-damage|p2a: Iron Valiant|20/100\n|\n|upkeep\n|turn|7\n|\n|t:|1782566188\n|move|p2a: Iron Valiant|Destiny Bond|p2a: Iron Valiant\n|-singlemove|p2a: Iron Valiant|Destiny Bond\n|move|p1a: Cinderace|Pyro Ball|p2a: Iron Valiant\n|-damage|p2a: Iron Valiant|0 fnt\n|faint|p2a: Iron Valiant\n|-activate|p2a: Iron Valiant|move: Destiny Bond\n|-end|p2a: Iron Valiant|Quark Drive|[silent]\n|faint|p1a: Cinderace\n|\n|upkeep\n|\n|t:|1782566197\n|switch|p1a: Rillaboom|Rillaboom, F|29/100\n|switch|p2a: Deoxys|Deoxys-Speed|100/100\n|-ability|p2a: Deoxys|Pressure\n|-fieldstart|move: Grassy Terrain|[from] ability: Grassy Surge|[of] p1a: Rillaboom\n|turn|8\n|\n|t:|1782566207\n|switch|p1a: Blissey|Blissey, F|100/100\n|move|p2a: Deoxys|Spikes|p1a: Blissey\n|-sidestart|p1: Pinkacross|Spikes\n|\n|upkeep\n|turn|9\n|\n|t:|1782566210\n|move|p2a: Deoxys|Taunt|p1a: Blissey\n|-start|p1a: Blissey|move: Taunt\n|cant|p1a: Blissey|move: Taunt|Calm Mind\n|\n|upkeep\n|turn|10\n|\n|t:|1782566216\n|move|p2a: Deoxys|Spikes|p1a: Blissey\n|-sidestart|p1: Pinkacross|Spikes\n|move|p1a: Blissey|Ice Beam|p2a: Deoxys\n|-damage|p2a: Deoxys|80/100\n|-status|p2a: Deoxys|frz\n|\n|-heal|p2a: Deoxys|86/100 frz|[from] Grassy Terrain\n|upkeep\n|turn|11\n|\n|t:|1782566224\n|switch|p2a: Zamazenta|Zamazenta|100/100\n|-ability|p2a: Zamazenta|Dauntless Shield|boost\n|-boost|p2a: Zamazenta|def|1\n|move|p1a: Blissey|Ice Beam|p2a: Zamazenta\n|-damage|p2a: Zamazenta|87/100\n|\n|-heal|p2a: Zamazenta|93/100|[from] Grassy Terrain\n|-end|p1a: Blissey|move: Taunt\n|upkeep\n|turn|12\n|\n|t:|1782566239\n|switch|p1a: Gholdengo|Gholdengo|100/100\n|-damage|p1a: Gholdengo|84/100|[from] Spikes\n|-enditem|p1a: Gholdengo|Grassy Seed\n|-boost|p1a: Gholdengo|def|1|[from] item: Grassy Seed\n|move|p2a: Zamazenta|Crunch|p1a: Gholdengo\n|-supereffective|p1a: Gholdengo\n|-damage|p1a: Gholdengo|39/100\n|-damage|p2a: Zamazenta|83/100|[from] item: Life Orb\n|\n|-heal|p2a: Zamazenta|89/100|[from] Grassy Terrain\n|-heal|p1a: Gholdengo|45/100|[from] Grassy Terrain\n|upkeep\n|turn|13\n|\n|t:|1782566252\n|move|p2a: Zamazenta|Crunch|p1a: Gholdengo\n|-supereffective|p1a: Gholdengo\n|-damage|p1a: Gholdengo|0 fnt\n|faint|p1a: Gholdengo\n|-damage|p2a: Zamazenta|79/100|[from] item: Life Orb\n|\n|-heal|p2a: Zamazenta|85/100|[from] Grassy Terrain\n|upkeep\n|\n|t:|1782566255\n|switch|p1a: Clodsire|Clodsire, F|100/100\n|-damage|p1a: Clodsire|84/100|[from] Spikes\n|turn|14\n|\n|t:|1782566260\n|move|p2a: Zamazenta|Ice Fang|p1a: Clodsire\n|-supereffective|p1a: Clodsire\n|-damage|p1a: Clodsire|16/100\n|-status|p1a: Clodsire|frz\n|-damage|p2a: Zamazenta|76/100|[from] item: Life Orb\n|-curestatus|p1a: Clodsire|frz|[msg]\n|move|p1a: Clodsire|Curse|p1a: Clodsire\n|-unboost|p1a: Clodsire|spe|1\n|-boost|p1a: Clodsire|atk|1\n|-boost|p1a: Clodsire|def|1\n|\n|-heal|p2a: Zamazenta|82/100|[from] Grassy Terrain\n|-heal|p1a: Clodsire|22/100|[from] Grassy Terrain\n|-heal|p1a: Clodsire|28/100|[from] item: Leftovers\n|upkeep\n|turn|15\n|\n|t:|1782566265\n|-terastallize|p1a: Clodsire|Water\n|move|p2a: Zamazenta|Ice Fang|p1a: Clodsire\n|-resisted|p1a: Clodsire\n|-damage|p1a: Clodsire|17/100\n|-damage|p2a: Zamazenta|72/100|[from] item: Life Orb\n|move|p1a: Clodsire|Recover|p1a: Clodsire\n|-heal|p1a: Clodsire|67/100\n|\n|-heal|p2a: Zamazenta|78/100|[from] Grassy Terrain\n|-heal|p1a: Clodsire|73/100|[from] Grassy Terrain\n|-heal|p1a: Clodsire|80/100|[from] item: Leftovers\n|-fieldend|move: Grassy Terrain\n|upkeep\n|turn|16\n|\n|t:|1782566272\n|move|p2a: Zamazenta|Close Combat|p1a: Clodsire\n|-damage|p1a: Clodsire|22/100\n|-unboost|p2a: Zamazenta|def|1\n|-unboost|p2a: Zamazenta|spd|1\n|-damage|p2a: Zamazenta|68/100|[from] item: Life Orb\n|move|p1a: Clodsire|Recover|p1a: Clodsire\n|-heal|p1a: Clodsire|72/100\n|\n|-heal|p1a: Clodsire|79/100|[from] item: Leftovers\n|upkeep\n|turn|17\n|\n|t:|1782566277\n|move|p2a: Zamazenta|Close Combat|p1a: Clodsire\n|-damage|p1a: Clodsire|10/100\n|-unboost|p2a: Zamazenta|def|1\n|-unboost|p2a: Zamazenta|spd|1\n|-damage|p2a: Zamazenta|58/100|[from] item: Life Orb\n|move|p1a: Clodsire|Recover|p1a: Clodsire\n|-heal|p1a: Clodsire|60/100\n|\n|-heal|p1a: Clodsire|67/100|[from] item: Leftovers\n|upkeep\n|turn|18\n|\n|t:|1782566291\n|move|p2a: Zamazenta|Close Combat|p1a: Clodsire\n|-damage|p1a: Clodsire|8/100\n|-unboost|p2a: Zamazenta|def|1\n|-unboost|p2a: Zamazenta|spd|1\n|-damage|p2a: Zamazenta|48/100|[from] item: Life Orb\n|move|p1a: Clodsire|Earthquake|p2a: Zamazenta\n|-damage|p2a: Zamazenta|12/100\n|\n|-heal|p1a: Clodsire|14/100|[from] item: Leftovers\n|upkeep\n|turn|19\n|\n|t:|1782566295\n|move|p2a: Zamazenta|Close Combat|p1a: Clodsire\n|-damage|p1a: Clodsire|0 fnt\n|-unboost|p2a: Zamazenta|def|1\n|-unboost|p2a: Zamazenta|spd|1\n|faint|p1a: Clodsire\n|-damage|p2a: Zamazenta|3/100|[from] item: Life Orb\n|\n|upkeep\n|\n|t:|1782566300\n|switch|p1a: Rillaboom|Rillaboom, F|29/100\n|-damage|p1a: Rillaboom|12/100|[from] Spikes\n|-fieldstart|move: Grassy Terrain|[from] ability: Grassy Surge|[of] p1a: Rillaboom\n|turn|20\n|\n|t:|1782566319\n|switch|p2a: Deoxys|Deoxys-Speed|86/100 frz\n|-ability|p2a: Deoxys|Pressure\n|move|p1a: Rillaboom|Grassy Glide|p2a: Deoxys\n|-damage|p2a: Deoxys|36/100 frz\n|\n|-heal|p2a: Deoxys|42/100 frz|[from] Grassy Terrain\n|-heal|p1a: Rillaboom|18/100|[from] Grassy Terrain\n|upkeep\n|turn|21\n|\n|t:|1782566330\n|move|p1a: Rillaboom|Grassy Glide|p2a: Deoxys\n|-damage|p2a: Deoxys|0 fnt\n|faint|p2a: Deoxys\n|\n|-heal|p1a: Rillaboom|24/100|[from] Grassy Terrain\n|upkeep\n|\n|t:|1782566339\n|switch|p2a: Dragonite|Dragonite, F|100/100\n|turn|22\n|inactive|Agency Member two has 120 seconds left.\n|\n|t:|1782566372\n|switch|p1a: Dondozo|Dondozo, F|59/100\n|-damage|p1a: Dondozo|43/100|[from] Spikes\n|move|p2a: Dragonite|Extreme Speed|p1a: Dondozo\n|-damage|p1a: Dondozo|20/100\n|-damage|p2a: Dragonite|91/100|[from] item: Life Orb\n|\n|-heal|p1a: Dondozo|26/100|[from] Grassy Terrain\n|-heal|p1a: Dondozo|32/100|[from] item: Leftovers\n|upkeep\n|turn|23\n|inactive|Agency Member two has 120 seconds left.\n|\n|t:|1782566386\n|move|p2a: Dragonite|Outrage|p1a: Dondozo\n|-damage|p1a: Dondozo|0 fnt\n|faint|p1a: Dondozo\n|-damage|p2a: Dragonite|81/100|[from] item: Life Orb\n|\n|upkeep\n|c|☆Pinkacross|gg\n|-message|Pinkacross forfeited.\n|\n|win|Agency Member two\n|raw|Pinkacross's rating: 1880 &rarr; <strong>1859</strong><br />(-21 for losing)\n|raw|Agency Member two's rating: 1857 &rarr; <strong>1878</strong><br />(+21 for winning)\n|c|☆Agency Member two|gg\n|l|☆Pinkacross\n|player|p1|\n|l| Garden of Dreams\n", "uploadtime": 1782566403, "views": 6, "formatid": "gen9ou", "rating": 1859, "private": 0, "password": null}