{"id": "gen9ou-2640019440", "format": "[Gen 9] OU", "players": ["ilytrix", "fachkus"], "log": "|j|☆ilytrix\n|j|☆fachkus\n|t:|1782564906\n|gametype|singles\n|player|p1|ilytrix|n-masters|1698\n|player|p2|fachkus|102|1679\n|gen|9\n|tier|[Gen 9] OU\n|rated|\n|rule|HP Percentage Mod: HP is shown in percentages\n|rule|Endless Battle Clause: Forcing endless battles is banned\n|rule|Species Clause: Limit one of each Pokémon\n|rule|OHKO Clause: OHKO moves are banned\n|rule|Evasion Items Clause: Evasion items are banned\n|rule|Evasion Moves Clause: Evasion moves are banned\n|rule|Evasion Abilities Clause: Evasion abilities are banned\n|rule|Sleep Moves Clause: Sleep-inducing moves are banned\n|clearpoke\n|poke|p1|Ceruledge, M|\n|poke|p1|Raging Bolt|\n|poke|p1|Latias, F|\n|poke|p1|Kyurem|\n|poke|p1|Ninetales-Alola, F|\n|poke|p1|Iron Moth|\n|poke|p2|Iron Moth|\n|poke|p2|Gliscor, F|\n|poke|p2|Hatterene, F|\n|poke|p2|Ogerpon-Wellspring, F|\n|poke|p2|Raging Bolt|\n|poke|p2|Zamazenta-*|\n|teampreview\n|\n|t:|1782564920\n|teamsize|p1|6\n|teamsize|p2|6\n|start\n|switch|p1a: rng my ahh|Kyurem|100/100\n|switch|p2a: Zamazenta|Zamazenta|100/100\n|-ability|p2a: Zamazenta|Dauntless Shield|boost\n|-boost|p2a: Zamazenta|def|1\n|-ability|p1a: rng my ahh|Pressure\n|turn|1\n|inactive|Battle timer is ON: inactive players will automatically lose when time's up. (requested by fachkus)\n|\n|t:|1782564933\n|switch|p1a: Iron Moth|Iron Moth|100/100\n|-enditem|p1a: Iron Moth|Booster Energy\n|-activate|p1a: Iron Moth|ability: Quark Drive|[fromitem]\n|-start|p1a: Iron Moth|quarkdrivespe\n|move|p2a: Zamazenta|Close Combat|p1a: Iron Moth\n|-resisted|p1a: Iron Moth\n|-damage|p1a: Iron Moth|61/100\n|-unboost|p2a: Zamazenta|def|1\n|-unboost|p2a: Zamazenta|spd|1\n|\n|upkeep\n|turn|2\n|\n|t:|1782564946\n|move|p1a: Iron Moth|Dazzling Gleam|p2a: Zamazenta\n|-supereffective|p2a: Zamazenta\n|-damage|p2a: Zamazenta|37/100\n|move|p2a: Zamazenta|Light Screen|p2a: Zamazenta\n|-sidestart|p2: fachkus|move: Light Screen\n|\n|upkeep\n|turn|3\n|\n|t:|1782564960\n|move|p1a: Iron Moth|Dazzling Gleam|p2a: Zamazenta\n|-supereffective|p2a: Zamazenta\n|-damage|p2a: Zamazenta|6/100\n|move|p2a: Zamazenta|Close Combat|p1a: Iron Moth\n|-resisted|p1a: Iron Moth\n|-damage|p1a: Iron Moth|18/100\n|-unboost|p2a: Zamazenta|def|1\n|-unboost|p2a: Zamazenta|spd|1\n|\n|upkeep\n|turn|4\n|\n|t:|1782564973\n|move|p1a: Iron Moth|Fiery Dance|p2a: Zamazenta\n|-damage|p2a: Zamazenta|0 fnt\n|faint|p2a: Zamazenta\n|\n|upkeep\n|\n|t:|1782564987\n|switch|p2a: Gliscor|Gliscor, F|100/100\n|turn|5\n|\n|t:|1782564999\n|move|p1a: Iron Moth|Fiery Dance|p2a: Gliscor\n|-damage|p2a: Gliscor|74/100\n|move|p2a: Gliscor|Agility|p2a: Gliscor\n|-boost|p2a: Gliscor|spe|2\n|\n|-status|p2a: Gliscor|tox|[from] item: Toxic Orb\n|upkeep\n|turn|6\n|\n|t:|1782565016\n|move|p1a: Iron Moth|Fiery Dance|p2a: Gliscor\n|-damage|p2a: Gliscor|47/100 tox\n|move|p2a: Gliscor|Swords Dance|p2a: Gliscor\n|-boost|p2a: Gliscor|atk|2\n|\n|-heal|p2a: Gliscor|59/100 tox|[from] ability: Poison Heal\n|upkeep\n|turn|7\n|\n|t:|1782565028\n|move|p1a: Iron Moth|Fiery Dance|p2a: Gliscor\n|-damage|p2a: Gliscor|32/100 tox\n|-boost|p1a: Iron Moth|spa|1\n|move|p2a: Gliscor|Agility|p2a: Gliscor\n|-boost|p2a: Gliscor|spe|2\n|\n|-heal|p2a: Gliscor|45/100 tox|[from] ability: Poison Heal\n|upkeep\n|turn|8\n|\n|t:|1782565041\n|move|p2a: Gliscor|Earthquake|p1a: Iron Moth\n|-supereffective|p1a: Iron Moth\n|-damage|p1a: Iron Moth|0 fnt\n|faint|p1a: Iron Moth\n|-end|p1a: Iron Moth|Quark Drive|[silent]\n|\n|-heal|p2a: Gliscor|57/100 tox|[from] ability: Poison Heal\n|upkeep\n|\n|t:|1782565051\n|switch|p1a: snow bunny|Ninetales-Alola, F|100/100\n|-weather|Snowscape|[from] ability: Snow Warning|[of] p1a: snow bunny\n|turn|9\n|\n|t:|1782565063\n|-terastallize|p2a: Gliscor|Normal\n|move|p2a: Gliscor|Facade|p1a: snow bunny\n|-damage|p1a: snow bunny|0 fnt\n|faint|p1a: snow bunny\n|\n|-weather|Snowscape|[upkeep]\n|-heal|p2a: Gliscor|69/100 tox|[from] ability: Poison Heal\n|-sideend|p2: fachkus|move: Light Screen\n|upkeep\n|\n|t:|1782565073\n|switch|p1a: Raging Bolt|Raging Bolt|100/100\n|-enditem|p1a: Raging Bolt|Booster Energy\n|-activate|p1a: Raging Bolt|ability: Protosynthesis|[fromitem]\n|-start|p1a: Raging Bolt|protosynthesisspa\n|turn|10\n|\n|t:|1782565085\n|-terastallize|p1a: Raging Bolt|Ghost\n|move|p2a: Gliscor|Facade|p1a: Raging Bolt\n|-immune|p1a: Raging Bolt\n|move|p1a: Raging Bolt|Thunderbolt|p2a: Gliscor\n|-damage|p2a: Gliscor|0 fnt\n|faint|p2a: Gliscor\n|\n|-weather|Snowscape|[upkeep]\n|upkeep\n|\n|t:|1782565098\n|switch|p2a: Ogerpon|Ogerpon-Wellspring, F|100/100\n|turn|11\n|\n|t:|1782565111\n|move|p2a: Ogerpon|Ivy Cudgel|p1a: Raging Bolt|[anim] Ivy Cudgel Water\n|-damage|p1a: Raging Bolt|47/100\n|move|p1a: Raging Bolt|Thunderbolt|p2a: Ogerpon\n|-damage|p2a: Ogerpon|14/100\n|\n|-weather|Snowscape|[upkeep]\n|upkeep\n|turn|12\n|\n|t:|1782565135\n|move|p1a: Raging Bolt|Thunderclap|p2a: Ogerpon\n|-damage|p2a: Ogerpon|0 fnt\n|faint|p2a: Ogerpon\n|\n|-weather|Snowscape|[upkeep]\n|upkeep\n|\n|t:|1782565148\n|switch|p2a: Raging Bolt|Raging Bolt|100/100\n|-enditem|p2a: Raging Bolt|Booster Energy\n|-activate|p2a: Raging Bolt|ability: Protosynthesis|[fromitem]\n|-start|p2a: Raging Bolt|protosynthesisspa\n|turn|13\n|\n|t:|1782565160\n|move|p1a: Raging Bolt|Thunderclap|p2a: Raging Bolt\n|-resisted|p2a: Raging Bolt\n|-damage|p2a: Raging Bolt|88/100\n|move|p2a: Raging Bolt|Dragon Pulse|p1a: Raging Bolt\n|-damage|p1a: Raging Bolt|0 fnt\n|faint|p1a: Raging Bolt\n|-end|p1a: Raging Bolt|Protosynthesis|[silent]\n|\n|-weather|none\n|upkeep\n|\n|t:|1782565162\n|switch|p1a: rng my ahh|Kyurem|100/100\n|-ability|p1a: rng my ahh|Pressure\n|turn|14\n|\n|t:|1782565174\n|-end|p2a: Raging Bolt|Protosynthesis|[silent]\n|switch|p2a: Hatterene|Hatterene, F|100/100\n|move|p1a: rng my ahh|Icicle Spear|p2a: Hatterene\n|-damage|p2a: Hatterene|88/100\n|-damage|p2a: Hatterene|76/100\n|-damage|p2a: Hatterene|64/100\n|-damage|p2a: Hatterene|53/100\n|-hitcount|p2a: Hatterene|4\n|\n|-heal|p2a: Hatterene|59/100|[from] item: Leftovers\n|upkeep\n|turn|15\n|\n|t:|1782565188\n|switch|p1a: bury the light|Ceruledge, M|100/100\n|move|p2a: Hatterene|Draining Kiss|p1a: bury the light\n|-resisted|p1a: bury the light\n|-damage|p1a: bury the light|87/100\n|-heal|p2a: Hatterene|68/100|[from] drain|[of] p1a: bury the light\n|\n|-heal|p2a: Hatterene|74/100|[from] item: Leftovers\n|upkeep\n|turn|16\n|\n|t:|1782565202\n|switch|p2a: Raging Bolt|Raging Bolt|88/100\n|move|p1a: bury the light|Swords Dance|p1a: bury the light\n|-boost|p1a: bury the light|atk|2\n|\n|upkeep\n|turn|17\n|\n|t:|1782565214\n|move|p1a: bury the light|Bitter Blade|p2a: Raging Bolt\n|-resisted|p2a: Raging Bolt\n|-damage|p2a: Raging Bolt|48/100\n|-heal|p1a: bury the light|100/100|[from] drain|[of] p2a: Raging Bolt\n|move|p2a: Raging Bolt|Thunderbolt|p1a: bury the light\n|-damage|p1a: bury the light|35/100\n|\n|upkeep\n|turn|18\n|\n|t:|1782565229\n|move|p1a: bury the light|Bitter Blade|p2a: Raging Bolt\n|-resisted|p2a: Raging Bolt\n|-damage|p2a: Raging Bolt|2/100\n|-heal|p1a: bury the light|65/100|[from] drain|[of] p2a: Raging Bolt\n|move|p2a: Raging Bolt|Thunderbolt|p1a: bury the light\n|-damage|p1a: bury the light|3/100\n|\n|upkeep\n|turn|19\n|\n|t:|1782565242\n|move|p1a: bury the light|Shadow Sneak|p2a: Raging Bolt\n|-damage|p2a: Raging Bolt|0 fnt\n|faint|p2a: Raging Bolt\n|-end|p2a: Raging Bolt|Protosynthesis|[silent]\n|\n|upkeep\n|\n|t:|1782565250\n|switch|p2a: Iron Moth|Iron Moth|100/100\n|-enditem|p2a: Iron Moth|Booster Energy\n|-activate|p2a: Iron Moth|ability: Quark Drive|[fromitem]\n|-start|p2a: Iron Moth|quarkdrivespe\n|turn|20\n|\n|t:|1782565256\n|move|p1a: bury the light|Shadow Sneak|p2a: Iron Moth\n|-damage|p2a: Iron Moth|35/100\n|move|p2a: Iron Moth|Fiery Dance|p1a: bury the light\n|-resisted|p1a: bury the light\n|-damage|p1a: bury the light|0 fnt\n|faint|p1a: bury the light\n|\n|upkeep\n|\n|t:|1782565259\n|switch|p1a: rng my ahh|Kyurem|100/100\n|-ability|p1a: rng my ahh|Pressure\n|turn|21\n|\n|t:|1782565271\n|move|p1a: rng my ahh|Dragon Dance|p1a: rng my ahh\n|-boost|p1a: rng my ahh|atk|1\n|-boost|p1a: rng my ahh|spe|1\n|move|p2a: Iron Moth|Whirlwind|p1a: rng my ahh\n|drag|p1a: Latias|Latias, F|100/100\n|\n|upkeep\n|turn|22\n|\n|t:|1782565283\n|move|p2a: Iron Moth|Sludge Wave|p1a: Latias\n|-damage|p1a: Latias|59/100\n|-status|p1a: Latias|psn\n|move|p1a: Latias|Agility|p1a: Latias\n|-boost|p1a: Latias|spe|2\n|\n|-heal|p1a: Latias|65/100 psn|[from] item: Leftovers\n|-damage|p1a: Latias|53/100 psn|[from] psn\n|upkeep\n|turn|23\n|\n|t:|1782565296\n|-end|p2a: Iron Moth|Quark Drive|[silent]\n|switch|p2a: Hatterene|Hatterene, F|74/100\n|move|p1a: Latias|Stored Power|p2a: Hatterene\n|-resisted|p2a: Hatterene\n|-damage|p2a: Hatterene|59/100\n|\n|-heal|p1a: Latias|59/100 psn|[from] item: Leftovers\n|-heal|p2a: Hatterene|65/100|[from] item: Leftovers\n|-damage|p1a: Latias|47/100 psn|[from] psn\n|upkeep\n|turn|24\n|c|☆ilytrix|whats the logic behind imoth whirl\n|\n|t:|1782565309\n|move|p1a: Latias|Calm Mind|p1a: Latias\n|-boost|p1a: Latias|spa|1\n|-boost|p1a: Latias|spd|1\n|move|p2a: Hatterene|Calm Mind|p2a: Hatterene\n|-boost|p2a: Hatterene|spa|1\n|-boost|p2a: Hatterene|spd|1\n|\n|-heal|p1a: Latias|53/100 psn|[from] item: Leftovers\n|-heal|p2a: Hatterene|71/100|[from] item: Leftovers\n|-damage|p1a: Latias|40/100 psn|[from] psn\n|upkeep\n|turn|25\n|\n|t:|1782565315\n|move|p1a: Latias|Stored Power|p2a: Hatterene\n|-resisted|p2a: Hatterene\n|-damage|p2a: Hatterene|44/100\n|move|p2a: Hatterene|Draining Kiss|p1a: Latias\n|-supereffective|p1a: Latias\n|-damage|p1a: Latias|0 fnt\n|-heal|p2a: Hatterene|72/100|[from] drain|[of] p1a: Latias\n|faint|p1a: Latias\n|\n|-heal|p2a: Hatterene|78/100|[from] item: Leftovers\n|upkeep\n|\n|t:|1782565318\n|switch|p1a: rng my ahh|Kyurem|100/100\n|-ability|p1a: rng my ahh|Pressure\n|turn|26\n|\n|t:|1782565329\n|move|p1a: rng my ahh|Icicle Spear|p2a: Hatterene\n|-damage|p2a: Hatterene|67/100\n|-damage|p2a: Hatterene|54/100\n|-damage|p2a: Hatterene|41/100\n|-damage|p2a: Hatterene|30/100\n|-damage|p2a: Hatterene|16/100\n|-hitcount|p2a: Hatterene|5\n|move|p2a: Hatterene|Draining Kiss|p1a: rng my ahh\n|-supereffective|p1a: rng my ahh\n|-damage|p1a: rng my ahh|33/100\n|-heal|p2a: Hatterene|78/100|[from] drain|[of] p1a: rng my ahh\n|\n|-heal|p2a: Hatterene|84/100|[from] item: Leftovers\n|upkeep\n|turn|27\n|\n|t:|1782565342\n|move|p1a: rng my ahh|Icicle Spear|p2a: Hatterene\n|-damage|p2a: Hatterene|72/100\n|-damage|p2a: Hatterene|59/100\n|-damage|p2a: Hatterene|48/100\n|-damage|p2a: Hatterene|36/100\n|-damage|p2a: Hatterene|23/100\n|-hitcount|p2a: Hatterene|5\n|move|p2a: Hatterene|Draining Kiss|p1a: rng my ahh\n|-supereffective|p1a: rng my ahh\n|-damage|p1a: rng my ahh|0 fnt\n|-heal|p2a: Hatterene|53/100|[from] drain|[of] p1a: rng my ahh\n|faint|p1a: rng my ahh\n|\n|win|fachkus\n|raw|ilytrix's rating: 1712 &rarr; <strong>1690</strong><br />(-22 for losing)\n|raw|fachkus's rating: 1679 &rarr; <strong>1701</strong><br />(+22 for winning)\n|l|☆fachkus\n|player|p2|\n|l|☆ilytrix\n|player|p1|\n", "uploadtime": 1782565343, "views": 9, "formatid": "gen9ou", "rating": 1690, "private": 0, "password": null}