{"id": "gen9ou-2647723698", "format": "[Gen 9] OU", "players": ["Breezy55", "ImOuTtT"], "log": "|j|☆Breezy55\n|j|☆ImOuTtT\n|t:|1783801937\n|gametype|singles\n|player|p1|Breezy55|266|1157\n|player|p2|ImOuTtT|170|1176\n|gen|9\n|tier|[Gen 9] OU\n|rated|\n|rule|HP Percentage Mod: HP is shown in percentages\n|rule|Endless Battle Clause: Forcing endless battles is banned\n|rule|Species Clause: Limit one of each Pokémon\n|rule|OHKO Clause: OHKO moves are banned\n|rule|Evasion Items Clause: Evasion items are banned\n|rule|Evasion Moves Clause: Evasion moves are banned\n|rule|Evasion Abilities Clause: Evasion abilities are banned\n|rule|Sleep Moves Clause: Sleep-inducing moves are banned\n|clearpoke\n|poke|p1|Hitmonchan, M|\n|poke|p1|Kyurem|\n|poke|p1|Darkrai|\n|poke|p1|Gholdengo|\n|poke|p1|Landorus-Therian, M|\n|poke|p1|Iron Valiant|\n|poke|p2|Iron Boulder|\n|poke|p2|Dragonite, F|\n|poke|p2|Iron Moth|\n|poke|p2|Iron Treads|\n|poke|p2|Walking Wake|\n|poke|p2|Eelektross, M|\n|teampreview\n|\n|t:|1783801958\n|teamsize|p1|6\n|teamsize|p2|6\n|start\n|switch|p1a: Landorus|Landorus-Therian, M|100/100\n|switch|p2a: Walking Wake|Walking Wake|100/100\n|-ability|p1a: Landorus|Intimidate|boost\n|-unboost|p2a: Walking Wake|atk|1\n|-enditem|p2a: Walking Wake|Booster Energy\n|-activate|p2a: Walking Wake|ability: Protosynthesis|[fromitem]\n|-start|p2a: Walking Wake|protosynthesisspe\n|turn|1\n|inactive|Battle timer is ON: inactive players will automatically lose when time's up. (requested by Breezy55)\n|\n|t:|1783801968\n|switch|p1a: Hitmonchan|Hitmonchan, M|100/100\n|move|p2a: Walking Wake|Hydro Steam|p1a: Hitmonchan\n|-damage|p1a: Hitmonchan|74/100\n|\n|upkeep\n|turn|2\n|\n|t:|1783801995\n|move|p2a: Walking Wake|Hydro Steam|p1a: Hitmonchan\n|-damage|p1a: Hitmonchan|48/100\n|move|p1a: Hitmonchan|Drain Punch|p2a: Walking Wake\n|-damage|p2a: Walking Wake|49/100\n|-heal|p1a: Hitmonchan|77/100|[from] drain|[of] p2a: Walking Wake\n|\n|upkeep\n|turn|3\n|inactive|ImOuTtT has 120 seconds left.\n|\n|t:|1783802016\n|-terastallize|p2a: Walking Wake|Water\n|move|p2a: Walking Wake|Hydro Steam|p1a: Hitmonchan\n|-damage|p1a: Hitmonchan|41/100\n|move|p1a: Hitmonchan|Drain Punch|p2a: Walking Wake\n|-damage|p2a: Walking Wake|3/100\n|-heal|p1a: Hitmonchan|67/100|[from] drain|[of] p2a: Walking Wake\n|\n|upkeep\n|turn|4\n|inactive|ImOuTtT has 120 seconds left.\n|\n|t:|1783802026\n|move|p1a: Hitmonchan|Mach Punch|p2a: Walking Wake\n|-damage|p2a: Walking Wake|0 fnt\n|faint|p2a: Walking Wake\n|-end|p2a: Walking Wake|Protosynthesis|[silent]\n|\n|upkeep\n|inactive|ImOuTtT has 120 seconds left.\n|\n|t:|1783802036\n|switch|p2a: Iron Moth|Iron Moth|100/100\n|-enditem|p2a: Iron Moth|Booster Energy\n|-activate|p2a: Iron Moth|ability: Quark Drive|[fromitem]\n|-start|p2a: Iron Moth|quarkdrivespe\n|turn|5\n|inactive|ImOuTtT has 120 seconds left.\n|\n|t:|1783802042\n|move|p2a: Iron Moth|Dazzling Gleam|p1a: Hitmonchan\n|-supereffective|p1a: Hitmonchan\n|-damage|p1a: Hitmonchan|29/100\n|move|p1a: Hitmonchan|Drain Punch|p2a: Iron Moth\n|-resisted|p2a: Iron Moth\n|-damage|p2a: Iron Moth|64/100\n|-heal|p1a: Hitmonchan|47/100|[from] drain|[of] p2a: Iron Moth\n|\n|upkeep\n|turn|6\n|\n|t:|1783802050\n|move|p2a: Iron Moth|Dazzling Gleam|p1a: Hitmonchan\n|-supereffective|p1a: Hitmonchan\n|-damage|p1a: Hitmonchan|12/100\n|move|p1a: Hitmonchan|Drain Punch|p2a: Iron Moth\n|-resisted|p2a: Iron Moth\n|-damage|p2a: Iron Moth|29/100\n|-heal|p1a: Hitmonchan|29/100|[from] drain|[of] p2a: Iron Moth\n|\n|upkeep\n|turn|7\n|\n|t:|1783802060\n|-terastallize|p1a: Hitmonchan|Steel\n|move|p2a: Iron Moth|Dazzling Gleam|p1a: Hitmonchan\n|-resisted|p1a: Hitmonchan\n|-damage|p1a: Hitmonchan|19/100\n|move|p1a: Hitmonchan|Drain Punch|p2a: Iron Moth\n|-resisted|p2a: Iron Moth\n|-damage|p2a: Iron Moth|0 fnt\n|-heal|p1a: Hitmonchan|33/100|[from] drain|[of] p2a: Iron Moth\n|faint|p2a: Iron Moth\n|-end|p2a: Iron Moth|Quark Drive|[silent]\n|\n|upkeep\n|\n|t:|1783802071\n|switch|p2a: Eelektross|Eelektross, M|100/100\n|turn|8\n|\n|t:|1783802075\n|move|p1a: Hitmonchan|Drain Punch|p2a: Eelektross\n|-damage|p2a: Eelektross|50/100\n|-heal|p1a: Hitmonchan|60/100|[from] drain|[of] p2a: Eelektross\n|move|p2a: Eelektross|Flamethrower|p1a: Hitmonchan\n|-supereffective|p1a: Hitmonchan\n|-damage|p1a: Hitmonchan|20/100\n|-status|p1a: Hitmonchan|brn\n|\n|-damage|p1a: Hitmonchan|14/100 brn|[from] brn\n|upkeep\n|turn|9\n|\n|t:|1783802086\n|move|p1a: Hitmonchan|Knock Off|p2a: Eelektross\n|-damage|p2a: Eelektross|31/100\n|-enditem|p2a: Eelektross|Assault Vest|[from] move: Knock Off|[of] p1a: Hitmonchan\n|move|p2a: Eelektross|Thunderbolt|p1a: Hitmonchan\n|-damage|p1a: Hitmonchan|0 fnt\n|faint|p1a: Hitmonchan\n|\n|upkeep\n|\n|t:|1783802097\n|switch|p1a: Darkrai|Darkrai|100/100\n|turn|10\n|\n|t:|1783802100\n|move|p1a: Darkrai|Nasty Plot|p1a: Darkrai\n|-boost|p1a: Darkrai|spa|2\n|move|p2a: Eelektross|Giga Drain|p1a: Darkrai\n|-damage|p1a: Darkrai|68/100\n|-heal|p2a: Eelektross|46/100|[from] drain|[of] p1a: Darkrai\n|\n|upkeep\n|turn|11\n|\n|t:|1783802109\n|move|p1a: Darkrai|Dark Pulse|p2a: Eelektross\n|-damage|p2a: Eelektross|0 fnt\n|faint|p2a: Eelektross\n|\n|upkeep\n|\n|t:|1783802114\n|switch|p2a: Iron Treads|Iron Treads|100/100\n|-enditem|p2a: Iron Treads|Booster Energy\n|-activate|p2a: Iron Treads|ability: Quark Drive|[fromitem]\n|-start|p2a: Iron Treads|quarkdriveatk\n|turn|12\n|\n|t:|1783802126\n|move|p1a: Darkrai|Dark Pulse|p2a: Iron Treads\n|-damage|p2a: Iron Treads|0 fnt\n|faint|p2a: Iron Treads\n|-end|p2a: Iron Treads|Quark Drive|[silent]\n|\n|upkeep\n|\n|t:|1783802132\n|switch|p2a: Iron Boulder|Iron Boulder|100/100\n|-enditem|p2a: Iron Boulder|Booster Energy\n|-activate|p2a: Iron Boulder|ability: Quark Drive|[fromitem]\n|-start|p2a: Iron Boulder|quarkdrivespe\n|turn|13\n|\n|t:|1783802138\n|switch|p1a: Landorus|Landorus-Therian, M|100/100\n|-ability|p1a: Landorus|Intimidate|boost\n|-unboost|p2a: Iron Boulder|atk|1\n|move|p2a: Iron Boulder|Sacred Sword|p1a: Landorus\n|-resisted|p1a: Landorus\n|-damage|p1a: Landorus|94/100\n|-damage|p2a: Iron Boulder|84/100|[from] item: Rocky Helmet|[of] p1a: Landorus\n|\n|upkeep\n|turn|14\n|\n|t:|1783802149\n|switch|p1a: Gholdengo|Gholdengo|100/100\n|-item|p1a: Gholdengo|Air Balloon\n|move|p2a: Iron Boulder|Mighty Cleave|p1a: Gholdengo\n|-resisted|p1a: Gholdengo\n|-damage|p1a: Gholdengo|85/100\n|-enditem|p1a: Gholdengo|Air Balloon\n|\n|upkeep\n|turn|15\n|\n|t:|1783802158\n|move|p2a: Iron Boulder|Earthquake|p1a: Gholdengo\n|-supereffective|p1a: Gholdengo\n|-damage|p1a: Gholdengo|36/100\n|move|p1a: Gholdengo|Shadow Ball|p2a: Iron Boulder\n|-supereffective|p2a: Iron Boulder\n|-damage|p2a: Iron Boulder|2/100\n|-unboost|p2a: Iron Boulder|spd|1\n|\n|upkeep\n|turn|16\n|\n|t:|1783802166\n|move|p2a: Iron Boulder|Earthquake|p1a: Gholdengo\n|-supereffective|p1a: Gholdengo\n|-damage|p1a: Gholdengo|0 fnt\n|faint|p1a: Gholdengo\n|\n|upkeep\n|\n|t:|1783802170\n|switch|p1a: Landorus|Landorus-Therian, M|94/100\n|-ability|p1a: Landorus|Intimidate|boost\n|-unboost|p2a: Iron Boulder|atk|1\n|turn|17\n|\n|t:|1783802178\n|move|p2a: Iron Boulder|Sacred Sword|p1a: Landorus\n|-resisted|p1a: Landorus\n|-damage|p1a: Landorus|89/100\n|-damage|p2a: Iron Boulder|0 fnt|[from] item: Rocky Helmet|[of] p1a: Landorus\n|faint|p2a: Iron Boulder\n|-end|p2a: Iron Boulder|Quark Drive|[silent]\n|move|p1a: Landorus|Stealth Rock|p2: Iron Boulder\n|-sidestart|p2: ImOuTtT|move: Stealth Rock\n|\n|upkeep\n|\n|t:|1783802187\n|switch|p2a: Dragonite|Dragonite, F|100/100\n|-damage|p2a: Dragonite|76/100|[from] Stealth Rock\n|turn|18\n|\n|t:|1783802191\n|move|p2a: Dragonite|Ice Spinner|p1a: Landorus\n|-supereffective|p1a: Landorus\n|-damage|p1a: Landorus|0 fnt\n|-damage|p2a: Dragonite|59/100|[from] item: Rocky Helmet|[of] p1a: Landorus\n|faint|p1a: Landorus\n|-damage|p2a: Dragonite|49/100|[from] item: Life Orb\n|\n|upkeep\n|\n|t:|1783802197\n|switch|p1a: Kyurem|Kyurem|100/100\n|-ability|p1a: Kyurem|Pressure\n|turn|19\n|\n|t:|1783802203\n|move|p1a: Kyurem|Freeze-Dry|p2a: Dragonite\n|-supereffective|p2a: Dragonite\n|-damage|p2a: Dragonite|0 fnt\n|faint|p2a: Dragonite\n|\n|win|Breezy55\n|raw|Breezy55's rating: 1157 &rarr; <strong>1183</strong><br />(+26 for winning)\n|raw|ImOuTtT's rating: 1176 &rarr; <strong>1150</strong><br />(-26 for losing)\n|l|☆ImOuTtT\n|player|p2|\n|l|☆Breezy55\n|player|p1|\n", "uploadtime": 1783802487, "views": 6, "formatid": "gen9ou", "rating": 1150, "private": 0, "password": null}