{"id": "gen9ou-2639297465", "format": "[Gen 9] OU", "players": ["shano1994", "dogdayzzz"], "log": "|j|☆shano1994\n|j|☆dogdayzzz\n|t:|1782448128\n|gametype|singles\n|player|p1|shano1994|265|1223\n|player|p2|dogdayzzz|nancy|1153\n|gen|9\n|tier|[Gen 9] OU\n|rated|\n|rule|HP Percentage Mod: HP is shown in percentages\n|rule|Endless Battle Clause: Forcing endless battles is banned\n|rule|Species Clause: Limit one of each Pokémon\n|rule|OHKO Clause: OHKO moves are banned\n|rule|Evasion Items Clause: Evasion items are banned\n|rule|Evasion Moves Clause: Evasion moves are banned\n|rule|Evasion Abilities Clause: Evasion abilities are banned\n|rule|Sleep Moves Clause: Sleep-inducing moves are banned\n|clearpoke\n|poke|p1|Dragapult, M|\n|poke|p1|Heatran, M|\n|poke|p1|Great Tusk|\n|poke|p1|Ogerpon-Wellspring, F|\n|poke|p1|Tornadus-Therian, M|\n|poke|p1|Iron Valiant|\n|poke|p2|Araquanid, F|\n|poke|p2|Manaphy|\n|poke|p2|Dragonite, M|\n|poke|p2|Great Tusk|\n|poke|p2|Raging Bolt|\n|poke|p2|Gholdengo|\n|teampreview\n|inactive|Battle timer is ON: inactive players will automatically lose when time's up. (requested by dogdayzzz)\n|\n|t:|1782448155\n|teamsize|p1|6\n|teamsize|p2|6\n|start\n|switch|p1a: Tornadus|Tornadus-Therian, M|100/100\n|switch|p2a: Araquanid|Araquanid, F|100/100\n|turn|1\n|\n|t:|1782448165\n|move|p1a: Tornadus|Knock Off|p2a: Araquanid\n|-damage|p2a: Araquanid|83/100\n|-enditem|p2a: Araquanid|Custap Berry|[from] move: Knock Off|[of] p1a: Tornadus\n|move|p2a: Araquanid|Sticky Web|p1a: Tornadus\n|-sidestart|p1: shano1994|move: Sticky Web\n|\n|upkeep\n|turn|2\n|\n|t:|1782448173\n|move|p1a: Tornadus|Bleakwind Storm|p2a: Araquanid\n|-supereffective|p2a: Araquanid\n|-damage|p2a: Araquanid|33/100\n|move|p2a: Araquanid|Surf|p1a: Tornadus\n|-damage|p1a: Tornadus|64/100\n|\n|upkeep\n|turn|3\n|\n|t:|1782448183\n|move|p1a: Tornadus|Bleakwind Storm|p2a: Araquanid\n|-supereffective|p2a: Araquanid\n|-damage|p2a: Araquanid|0 fnt\n|faint|p2a: Araquanid\n|\n|upkeep\n|\n|t:|1782448190\n|switch|p2a: Raging Bolt|Raging Bolt|100/100\n|-enditem|p2a: Raging Bolt|Booster Energy\n|-activate|p2a: Raging Bolt|ability: Protosynthesis|[fromitem]\n|-start|p2a: Raging Bolt|protosynthesisspa\n|turn|4\n|\n|t:|1782448198\n|switch|p1a: Great Tusk|Great Tusk|100/100\n|move|p2a: Raging Bolt|Calm Mind|p2a: Raging Bolt\n|-boost|p2a: Raging Bolt|spa|1\n|-boost|p2a: Raging Bolt|spd|1\n|\n|upkeep\n|turn|5\n|\n|t:|1782448208\n|-terastallize|p2a: Raging Bolt|Fairy\n|move|p1a: Great Tusk|Rapid Spin|p2a: Raging Bolt\n|-damage|p2a: Raging Bolt|88/100\n|-boost|p1a: Great Tusk|spe|1\n|-sideend|p1: shano1994|Sticky Web|[from] move: Rapid Spin|[of] p1a: Great Tusk\n|move|p2a: Raging Bolt|Dragon Pulse|p1a: Great Tusk\n|-damage|p1a: Great Tusk|0 fnt\n|faint|p1a: Great Tusk\n|-end|p1a: Great Tusk|Protosynthesis|[silent]\n|\n|upkeep\n|\n|t:|1782448232\n|switch|p1a: Heatran|Heatran, M|100/100\n|turn|6\n|\n|t:|1782448238\n|move|p1a: Heatran|Magma Storm|p2a: Raging Bolt\n|-damage|p2a: Raging Bolt|63/100\n|-activate|p2a: Raging Bolt|move: Magma Storm|[of] p1a: Heatran\n|move|p2a: Raging Bolt|Thunderbolt|p1a: Heatran\n|-damage|p1a: Heatran|33/100\n|-status|p1a: Heatran|par\n|\n|-heal|p1a: Heatran|39/100 par|[from] item: Leftovers\n|-damage|p2a: Raging Bolt|51/100|[from] move: Magma Storm|[partiallytrapped]\n|upkeep\n|turn|7\n|\n|t:|1782448250\n|move|p2a: Raging Bolt|Thunderclap|p1a: Heatran\n|-damage|p1a: Heatran|0 fnt\n|faint|p1a: Heatran\n|\n|-end|p2a: Raging Bolt|Magma Storm|[partiallytrapped]|[silent]\n|upkeep\n|inactive|shano1994 has 120 seconds left.\n|\n|t:|1782448282\n|switch|p1a: Tornadus|Tornadus-Therian, M|97/100\n|turn|8\n|\n|t:|1782448286\n|move|p2a: Raging Bolt|Thunderclap|p1a: Tornadus\n|-supereffective|p1a: Tornadus\n|-damage|p1a: Tornadus|0 fnt\n|faint|p1a: Tornadus\n|\n|upkeep\n|inactive|shano1994 has 120 seconds left.\n|\n|t:|1782448292\n|switch|p1a: Ogerpon|Ogerpon-Wellspring, F|100/100\n|turn|9\n|\n|t:|1782448297\n|move|p2a: Raging Bolt|Thunderclap|p1a: Ogerpon\n|-damage|p1a: Ogerpon|6/100\n|move|p1a: Ogerpon|Ivy Cudgel|p2a: Raging Bolt|[anim] Ivy Cudgel Water\n|-damage|p2a: Raging Bolt|6/100\n|\n|upkeep\n|turn|10\n|\n|t:|1782448305\n|move|p2a: Raging Bolt|Thunderclap||[still]\n|-fail|p2a: Raging Bolt\n|move|p1a: Ogerpon|Encore|p2a: Raging Bolt\n|-start|p2a: Raging Bolt|Encore\n|\n|upkeep\n|turn|11\n|\n|t:|1782448312\n|switch|p1a: Iron Valiant|Iron Valiant|100/100\n|-enditem|p1a: Iron Valiant|Booster Energy\n|-activate|p1a: Iron Valiant|ability: Quark Drive|[fromitem]\n|-start|p1a: Iron Valiant|quarkdrivespe\n|move|p2a: Raging Bolt|Thunderclap||[still]\n|-fail|p2a: Raging Bolt\n|\n|upkeep\n|turn|12\n|\n|t:|1782448320\n|move|p2a: Raging Bolt|Thunderclap||[still]\n|-fail|p2a: Raging Bolt\n|move|p1a: Iron Valiant|Calm Mind|p1a: Iron Valiant\n|-boost|p1a: Iron Valiant|spa|1\n|-boost|p1a: Iron Valiant|spd|1\n|\n|upkeep\n|turn|13\n|\n|t:|1782448327\n|move|p2a: Raging Bolt|Thunderclap||[still]\n|-fail|p2a: Raging Bolt\n|move|p1a: Iron Valiant|Calm Mind|p1a: Iron Valiant\n|-boost|p1a: Iron Valiant|spa|1\n|-boost|p1a: Iron Valiant|spd|1\n|\n|-end|p2a: Raging Bolt|Encore\n|upkeep\n|turn|14\n|\n|t:|1782448337\n|move|p1a: Iron Valiant|Moonblast|p2a: Raging Bolt\n|-damage|p2a: Raging Bolt|0 fnt\n|faint|p2a: Raging Bolt\n|-end|p2a: Raging Bolt|Protosynthesis|[silent]\n|\n|upkeep\n|\n|t:|1782448342\n|switch|p2a: Gholdengo|Gholdengo|100/100\n|-item|p2a: Gholdengo|Air Balloon\n|turn|15\n|\n|t:|1782448350\n|move|p1a: Iron Valiant|Thunderbolt|p2a: Gholdengo\n|-damage|p2a: Gholdengo|35/100\n|-enditem|p2a: Gholdengo|Air Balloon\n|move|p2a: Gholdengo|Make It Rain|p1a: Iron Valiant\n|-supereffective|p1a: Iron Valiant\n|-damage|p1a: Iron Valiant|0 fnt\n|-unboost|p2a: Gholdengo|spa|1\n|faint|p1a: Iron Valiant\n|-end|p1a: Iron Valiant|Quark Drive|[silent]\n|\n|upkeep\n|\n|t:|1782448366\n|switch|p1a: Ogerpon|Ogerpon-Wellspring, F|6/100\n|turn|16\n|\n|t:|1782448372\n|move|p1a: Ogerpon|Ivy Cudgel|p2a: Gholdengo|[anim] Ivy Cudgel Water\n|-damage|p2a: Gholdengo|0 fnt\n|faint|p2a: Gholdengo\n|\n|upkeep\n|\n|t:|1782448378\n|switch|p2a: Manaphy|Manaphy|100/100\n|turn|17\n|\n|t:|1782448383\n|move|p1a: Ogerpon|Horn Leech|p2a: Manaphy\n|-supereffective|p2a: Manaphy\n|-damage|p2a: Manaphy|9/100\n|-heal|p1a: Ogerpon|58/100|[from] drain|[of] p2a: Manaphy\n|move|p2a: Manaphy|Alluring Voice|p1a: Ogerpon\n|-damage|p1a: Ogerpon|28/100\n|\n|-heal|p2a: Manaphy|15/100|[from] item: Leftovers\n|upkeep\n|turn|18\n|\n|t:|1782448394\n|move|p1a: Ogerpon|Horn Leech|p2a: Manaphy\n|-supereffective|p2a: Manaphy\n|-damage|p2a: Manaphy|0 fnt\n|-heal|p1a: Ogerpon|37/100|[from] drain|[of] p2a: Manaphy\n|faint|p2a: Manaphy\n|\n|upkeep\n|\n|t:|1782448396\n|switch|p2a: Dragonite|Dragonite, M|100/100\n|turn|19\n|\n|t:|1782448405\n|move|p1a: Ogerpon|Ivy Cudgel|p2a: Dragonite|[anim] Ivy Cudgel Water\n|-resisted|p2a: Dragonite\n|-damage|p2a: Dragonite|85/100\n|move|p2a: Dragonite|Scale Shot|p1a: Ogerpon\n|-damage|p1a: Ogerpon|19/100\n|-damage|p1a: Ogerpon|0 fnt\n|faint|p1a: Ogerpon\n|-hitcount|p1: Ogerpon|2\n|-unboost|p2a: Dragonite|def|1\n|-boost|p2a: Dragonite|spe|1\n|\n|upkeep\n|\n|t:|1782448418\n|switch|p1a: Dragapult|Dragapult, M|100/100\n|turn|20\n|\n|t:|1782448423\n|move|p1a: Dragapult|Draco Meteor|p2a: Dragonite\n|-supereffective|p2a: Dragonite\n|-damage|p2a: Dragonite|0 fnt\n|-unboost|p1a: Dragapult|spa|2\n|faint|p2a: Dragonite\n|\n|upkeep\n|\n|t:|1782448427\n|switch|p2a: Great Tusk|Great Tusk|100/100\n|-enditem|p2a: Great Tusk|Booster Energy\n|-activate|p2a: Great Tusk|ability: Protosynthesis|[fromitem]\n|-start|p2a: Great Tusk|protosynthesisatk\n|turn|21\n|\n|t:|1782448434\n|move|p1a: Dragapult|Draco Meteor|p2a: Great Tusk\n|-damage|p2a: Great Tusk|39/100\n|-unboost|p1a: Dragapult|spa|2\n|move|p2a: Great Tusk|Ice Spinner|p1a: Dragapult\n|-supereffective|p1a: Dragapult\n|-damage|p1a: Dragapult|0 fnt\n|faint|p1a: Dragapult\n|\n|win|dogdayzzz\n|raw|shano1994's rating: 1223 &rarr; <strong>1193</strong><br />(-30 for losing)\n|raw|dogdayzzz's rating: 1153 &rarr; <strong>1183</strong><br />(+30 for winning)\n|l|☆dogdayzzz\n|player|p2|\n|l|☆shano1994\n|player|p1|\n", "uploadtime": 1782448701, "views": 4, "formatid": "gen9ou", "rating": 1183, "private": 0, "password": null}