{"id": "gen9ou-2639917721", "format": "[Gen 9] OU", "players": ["brodiewhat", "firewall1234"], "log": "|j|☆brodiewhat\n|j|☆firewall1234\n|t:|1782543051\n|gametype|singles\n|player|p1|brodiewhat|palmer|1539\n|player|p2|firewall1234|hugh|1678\n|gen|9\n|tier|[Gen 9] OU\n|rated|\n|rule|HP Percentage Mod: HP is shown in percentages\n|rule|Endless Battle Clause: Forcing endless battles is banned\n|rule|Species Clause: Limit one of each Pokémon\n|rule|OHKO Clause: OHKO moves are banned\n|rule|Evasion Items Clause: Evasion items are banned\n|rule|Evasion Moves Clause: Evasion moves are banned\n|rule|Evasion Abilities Clause: Evasion abilities are banned\n|rule|Sleep Moves Clause: Sleep-inducing moves are banned\n|clearpoke\n|poke|p1|Pelipper, F|\n|poke|p1|Meowscarada, F|\n|poke|p1|Talonflame, M|\n|poke|p1|Barraskewda, F|\n|poke|p1|Ting-Lu|\n|poke|p1|Scizor, M|\n|poke|p2|Slowking-Galar, F|\n|poke|p2|Landorus-Therian, M|\n|poke|p2|Kyurem|\n|poke|p2|Iron Valiant|\n|poke|p2|Cinderace, F|\n|poke|p2|Kingambit, F|\n|teampreview\n|inactive|Battle timer is ON: inactive players will automatically lose when time's up. (requested by brodiewhat)\n|\n|t:|1782543064\n|teamsize|p1|6\n|teamsize|p2|6\n|start\n|switch|p1a: Pelipper|Pelipper, F, shiny|100/100\n|switch|p2a: Landorus|Landorus-Therian, M|100/100\n|-ability|p2a: Landorus|Intimidate|boost\n|-unboost|p1a: Pelipper|atk|1\n|-weather|RainDance|[from] ability: Drizzle|[of] p1a: Pelipper\n|turn|1\n|\n|t:|1782543073\n|move|p2a: Landorus|U-turn|p1a: Pelipper\n|-resisted|p1a: Pelipper\n|-damage|p1a: Pelipper|92/100\n|\n|t:|1782543076\n|switch|p2a: Slowking|Slowking-Galar, F|100/100|[from] U-turn\n|move|p1a: Pelipper|Weather Ball|p2a: Slowking\n|-damage|p2a: Slowking|74/100\n|\n|-weather|RainDance|[upkeep]\n|upkeep\n|turn|2\n|\n|t:|1782543084\n|move|p1a: Pelipper|U-turn|p2a: Slowking\n|-damage|p2a: Slowking|67/100\n|\n|t:|1782543086\n|switch|p1a: Ting-Lu|Ting-Lu|100/100|[from] U-turn\n|-ability|p1a: Ting-Lu|Vessel of Ruin\n|-prepare|p2a: Slowking|Chilly Reception|[premajor]\n|move|p2a: Slowking|Chilly Reception|p2a: Slowking\n|-weather|Snowscape\n|\n|t:|1782543090\n|switch|p2a: Kyurem|Kyurem|100/100|[from] Chilly Reception\n|-ability|p2a: Kyurem|Pressure\n|\n|-weather|Snowscape|[upkeep]\n|upkeep\n|turn|3\n|\n|t:|1782543094\n|switch|p1a: Scizor|Scizor, M|100/100\n|move|p2a: Kyurem|Blizzard|p1a: Scizor\n|-resisted|p1a: Scizor\n|-damage|p1a: Scizor|60/100\n|\n|-weather|Snowscape|[upkeep]\n|-heal|p1a: Scizor|66/100|[from] item: Leftovers\n|upkeep\n|turn|4\n|\n|t:|1782543100\n|switch|p2a: Landorus|Landorus-Therian, M|100/100\n|-ability|p2a: Landorus|Intimidate|boost\n|-unboost|p1a: Scizor|atk|1\n|move|p1a: Scizor|Knock Off|p2a: Landorus\n|-damage|p2a: Landorus|79/100\n|-damage|p1a: Scizor|49/100|[from] item: Rocky Helmet|[of] p2a: Landorus\n|-enditem|p2a: Landorus|Rocky Helmet|[from] move: Knock Off|[of] p1a: Scizor\n|\n|-weather|Snowscape|[upkeep]\n|-heal|p1a: Scizor|56/100|[from] item: Leftovers\n|upkeep\n|turn|5\n|\n|t:|1782543110\n|move|p2a: Landorus|Stealth Rock|p1a: Scizor\n|-sidestart|p1: brodiewhat|move: Stealth Rock\n|move|p1a: Scizor|Defog|p2a: Landorus\n|-unboost|p2a: Landorus|evasion|1\n|-sideend|p1: brodiewhat|Stealth Rock|[from] move: Defog|[of] p1a: Scizor\n|\n|-weather|Snowscape|[upkeep]\n|-heal|p1a: Scizor|62/100|[from] item: Leftovers\n|upkeep\n|turn|6\n|\n|t:|1782543116\n|switch|p1a: Pelipper|Pelipper, F, shiny|92/100\n|-weather|RainDance|[from] ability: Drizzle|[of] p1a: Pelipper\n|move|p2a: Landorus|Earthquake|p1a: Pelipper\n|-immune|p1a: Pelipper\n|\n|-weather|RainDance|[upkeep]\n|upkeep\n|turn|7\n|\n|t:|1782543124\n|switch|p1a: Scizor|Scizor, M|62/100\n|move|p2a: Landorus|Stealth Rock|p1a: Scizor\n|-sidestart|p1: brodiewhat|move: Stealth Rock\n|\n|-weather|RainDance|[upkeep]\n|-heal|p1a: Scizor|68/100|[from] item: Leftovers\n|upkeep\n|turn|8\n|\n|t:|1782543131\n|move|p1a: Scizor|Bullet Punch|p2a: Landorus\n|-damage|p2a: Landorus|49/100\n|move|p2a: Landorus|Taunt|p1a: Scizor\n|-start|p1a: Scizor|move: Taunt\n|\n|-weather|RainDance|[upkeep]\n|-heal|p1a: Scizor|74/100|[from] item: Leftovers\n|upkeep\n|turn|9\n|\n|t:|1782543138\n|move|p1a: Scizor|Bullet Punch|p2a: Landorus\n|-damage|p2a: Landorus|21/100\n|move|p2a: Landorus|Earthquake|p1a: Scizor\n|-damage|p1a: Scizor|31/100\n|\n|-weather|RainDance|[upkeep]\n|-heal|p1a: Scizor|37/100|[from] item: Leftovers\n|upkeep\n|turn|10\n|\n|t:|1782543145\n|switch|p2a: Cinderace|Cinderace, F|100/100\n|move|p1a: Scizor|Bullet Punch|p2a: Cinderace\n|-resisted|p2a: Cinderace\n|-damage|p2a: Cinderace|80/100\n|\n|-weather|RainDance|[upkeep]\n|-heal|p1a: Scizor|43/100|[from] item: Leftovers\n|upkeep\n|turn|11\n|\n|t:|1782543151\n|switch|p1a: Ting-Lu|Ting-Lu|100/100\n|-damage|p1a: Ting-Lu|94/100|[from] Stealth Rock\n|-ability|p1a: Ting-Lu|Vessel of Ruin\n|move|p2a: Cinderace|Will-O-Wisp|p1a: Ting-Lu\n|-status|p1a: Ting-Lu|brn\n|\n|-weather|RainDance|[upkeep]\n|-heal|p1a: Ting-Lu|100/100 brn|[from] item: Leftovers\n|-damage|p1a: Ting-Lu|94/100 brn|[from] brn\n|upkeep\n|turn|12\n|\n|t:|1782543155\n|move|p2a: Cinderace|U-turn|p1a: Ting-Lu\n|-start|p2a: Cinderace|typechange|Bug|[from] ability: Libero\n|-supereffective|p1a: Ting-Lu\n|-damage|p1a: Ting-Lu|53/100 brn\n|\n|t:|1782543158\n|switch|p2a: Kyurem|Kyurem|100/100|[from] U-turn\n|-ability|p2a: Kyurem|Pressure\n|move|p1a: Ting-Lu|Earthquake|p2a: Kyurem\n|-damage|p2a: Kyurem|75/100\n|\n|-weather|RainDance|[upkeep]\n|-heal|p1a: Ting-Lu|59/100 brn|[from] item: Leftovers\n|-damage|p1a: Ting-Lu|53/100 brn|[from] brn\n|upkeep\n|turn|13\n|\n|t:|1782543166\n|move|p2a: Kyurem|Freeze-Dry|p1a: Ting-Lu\n|-supereffective|p1a: Ting-Lu\n|-damage|p1a: Ting-Lu|0 fnt\n|faint|p1a: Ting-Lu\n|\n|-weather|none\n|upkeep\n|\n|t:|1782543169\n|switch|p1a: Scizor|Scizor, M|43/100\n|-damage|p1a: Scizor|31/100|[from] Stealth Rock\n|turn|14\n|\n|t:|1782543173\n|switch|p2a: Landorus|Landorus-Therian, M|21/100\n|-ability|p2a: Landorus|Intimidate|boost\n|-unboost|p1a: Scizor|atk|1\n|move|p1a: Scizor|Defog|p2a: Landorus\n|-unboost|p2a: Landorus|evasion|1\n|-sideend|p1: brodiewhat|Stealth Rock|[from] move: Defog|[of] p1a: Scizor\n|\n|-heal|p1a: Scizor|37/100|[from] item: Leftovers\n|upkeep\n|turn|15\n|\n|t:|1782543186\n|switch|p2a: Cinderace|Cinderace, F|80/100\n|-terastallize|p1a: Scizor|Steel\n|move|p1a: Scizor|Bullet Punch|p2a: Cinderace\n|-resisted|p2a: Cinderace\n|-damage|p2a: Cinderace|61/100\n|\n|-heal|p1a: Scizor|43/100|[from] item: Leftovers\n|upkeep\n|turn|16\n|\n|t:|1782543192\n|switch|p1a: Pelipper|Pelipper, F, shiny|92/100\n|-weather|RainDance|[from] ability: Drizzle|[of] p1a: Pelipper\n|move|p2a: Cinderace|Will-O-Wisp|p1a: Pelipper\n|-status|p1a: Pelipper|brn\n|\n|-weather|RainDance|[upkeep]\n|-damage|p1a: Pelipper|86/100 brn|[from] brn\n|upkeep\n|turn|17\n|\n|t:|1782543196\n|move|p2a: Cinderace|U-turn|p1a: Pelipper\n|-start|p2a: Cinderace|typechange|Bug|[from] ability: Libero\n|-resisted|p1a: Pelipper\n|-damage|p1a: Pelipper|72/100 brn\n|\n|t:|1782543199\n|switch|p2a: Slowking|Slowking-Galar, F|99/100|[from] U-turn\n|move|p1a: Pelipper|U-turn|p2a: Slowking\n|-damage|p2a: Slowking|95/100\n|\n|t:|1782543208\n|switch|p1a: Meowscarada|Meowscarada, F|100/100|[from] U-turn\n|\n|-weather|RainDance|[upkeep]\n|upkeep\n|turn|18\n|\n|t:|1782543212\n|switch|p2a: Iron Valiant|Iron Valiant|100/100\n|-enditem|p2a: Iron Valiant|Booster Energy\n|-activate|p2a: Iron Valiant|ability: Quark Drive|[fromitem]\n|-start|p2a: Iron Valiant|quarkdrivespe\n|move|p1a: Meowscarada|U-turn|p2a: Iron Valiant\n|-start|p1a: Meowscarada|typechange|Bug|[from] ability: Protean\n|-resisted|p2a: Iron Valiant\n|-damage|p2a: Iron Valiant|89/100\n|\n|t:|1782543220\n|switch|p1a: Barraskewda|Barraskewda, F, shiny|100/100|[from] U-turn\n|\n|-weather|RainDance|[upkeep]\n|upkeep\n|turn|19\n|\n|t:|1782543224\n|-end|p2a: Iron Valiant|Quark Drive|[silent]\n|switch|p2a: Landorus|Landorus-Therian, M|21/100\n|-ability|p2a: Landorus|Intimidate|boost\n|-unboost|p1a: Barraskewda|atk|1\n|move|p1a: Barraskewda|Liquidation|p2a: Landorus\n|-supereffective|p2a: Landorus\n|-damage|p2a: Landorus|0 fnt\n|faint|p2a: Landorus\n|\n|-weather|RainDance|[upkeep]\n|upkeep\n|\n|t:|1782543244\n|switch|p2a: Slowking|Slowking-Galar, F|100/100\n|turn|20\n|\n|t:|1782543248\n|-terastallize|p2a: Slowking|Water\n|move|p1a: Barraskewda|Flip Turn|p2a: Slowking\n|-resisted|p2a: Slowking\n|-damage|p2a: Slowking|81/100\n|\n|t:|1782543250\n|switch|p1a: Scizor|Scizor, M, tera:Steel|43/100|[from] Flip Turn\n|move|p2a: Slowking|Toxic|p1a: Scizor\n|-immune|p1a: Scizor\n|\n|-weather|RainDance|[upkeep]\n|-heal|p1a: Scizor|49/100|[from] item: Leftovers\n|upkeep\n|turn|21\n|\n|t:|1782543258\n|move|p1a: Scizor|Knock Off|p2a: Slowking\n|-damage|p2a: Slowking|45/100\n|-enditem|p2a: Slowking|Heavy-Duty Boots|[from] move: Knock Off|[of] p1a: Scizor\n|-prepare|p2a: Slowking|Chilly Reception|[premajor]\n|move|p2a: Slowking|Chilly Reception|p2a: Slowking\n|-weather|Snowscape\n|\n|t:|1782543261\n|switch|p2a: Cinderace|Cinderace, F|61/100|[from] Chilly Reception\n|\n|-weather|Snowscape|[upkeep]\n|-heal|p1a: Scizor|55/100|[from] item: Leftovers\n|upkeep\n|turn|22\n|\n|t:|1782543273\n|move|p2a: Cinderace|Pyro Ball|p1a: Scizor\n|-supereffective|p1a: Scizor\n|-crit|p1a: Scizor\n|-damage|p1a: Scizor|0 fnt\n|faint|p1a: Scizor\n|\n|-weather|Snowscape|[upkeep]\n|upkeep\n|\n|t:|1782543276\n|switch|p1a: Barraskewda|Barraskewda, F, shiny|100/100\n|turn|23\n|\n|t:|1782543280\n|switch|p2a: Slowking|Slowking-Galar, F, tera:Water|78/100\n|move|p1a: Barraskewda|Flip Turn|p2a: Slowking\n|-resisted|p2a: Slowking\n|-damage|p2a: Slowking|57/100\n|\n|t:|1782543285\n|switch|p1a: Meowscarada|Meowscarada, F|100/100|[from] Flip Turn\n|\n|-weather|Snowscape|[upkeep]\n|upkeep\n|turn|24\n|\n|t:|1782543289\n|switch|p2a: Cinderace|Cinderace, F|61/100\n|move|p1a: Meowscarada|Flower Trick|p2a: Cinderace\n|-start|p1a: Meowscarada|typechange|Grass|[from] ability: Protean\n|-resisted|p2a: Cinderace\n|-crit|p2a: Cinderace\n|-damage|p2a: Cinderace|26/100\n|\n|-weather|Snowscape|[upkeep]\n|upkeep\n|turn|25\n|\n|t:|1782543306\n|move|p1a: Meowscarada|Flower Trick|p2a: Cinderace\n|-resisted|p2a: Cinderace\n|-crit|p2a: Cinderace\n|-damage|p2a: Cinderace|0 fnt\n|faint|p2a: Cinderace\n|\n|-weather|none\n|upkeep\n|\n|t:|1782543311\n|switch|p2a: Kyurem|Kyurem|75/100\n|-ability|p2a: Kyurem|Pressure\n|turn|26\n|\n|t:|1782543314\n|move|p1a: Meowscarada|Flower Trick|p2a: Kyurem\n|-resisted|p2a: Kyurem\n|-crit|p2a: Kyurem\n|-damage|p2a: Kyurem|52/100\n|move|p2a: Kyurem|Freeze-Dry|p1a: Meowscarada\n|-supereffective|p1a: Meowscarada\n|-damage|p1a: Meowscarada|0 fnt\n|faint|p1a: Meowscarada\n|\n|upkeep\n|\n|t:|1782543318\n|switch|p1a: Barraskewda|Barraskewda, F, shiny|100/100\n|turn|27\n|\n|t:|1782543321\n|switch|p2a: Slowking|Slowking-Galar, F, tera:Water|91/100\n|move|p1a: Barraskewda|Close Combat|p2a: Slowking\n|-damage|p2a: Slowking|42/100\n|-unboost|p1a: Barraskewda|def|1\n|-unboost|p1a: Barraskewda|spd|1\n|\n|upkeep\n|turn|28\n|\n|t:|1782543331\n|switch|p2a: Iron Valiant|Iron Valiant|89/100\n|move|p1a: Barraskewda|Close Combat|p2a: Iron Valiant\n|-resisted|p2a: Iron Valiant\n|-damage|p2a: Iron Valiant|60/100\n|-unboost|p1a: Barraskewda|def|1\n|-unboost|p1a: Barraskewda|spd|1\n|\n|upkeep\n|turn|29\n|\n|t:|1782543354\n|move|p1a: Barraskewda|Liquidation|p2a: Iron Valiant\n|-damage|p2a: Iron Valiant|0 fnt\n|faint|p2a: Iron Valiant\n|-end|p2a: Iron Valiant|Quark Drive|[silent]\n|\n|upkeep\n|\n|t:|1782543359\n|switch|p2a: Slowking|Slowking-Galar, F, tera:Water|76/100\n|turn|30\n|\n|t:|1782543363\n|move|p1a: Barraskewda|Flip Turn|p2a: Slowking\n|-resisted|p2a: Slowking\n|-crit|p2a: Slowking\n|-damage|p2a: Slowking|42/100\n|\n|t:|1782543366\n|switch|p1a: Pelipper|Pelipper, F, shiny|72/100 brn|[from] Flip Turn\n|-weather|RainDance|[from] ability: Drizzle|[of] p1a: Pelipper\n|move|p2a: Slowking|Sludge Bomb|p1a: Pelipper\n|-damage|p1a: Pelipper|21/100 brn\n|\n|-weather|RainDance|[upkeep]\n|-damage|p1a: Pelipper|15/100 brn|[from] brn\n|upkeep\n|turn|31\n|\n|t:|1782543370\n|switch|p1a: Barraskewda|Barraskewda, F, shiny|100/100\n|-prepare|p2a: Slowking|Chilly Reception|[premajor]\n|move|p2a: Slowking|Chilly Reception|p2a: Slowking\n|-weather|Snowscape\n|\n|t:|1782543372\n|switch|p2a: Kingambit|Kingambit, F|100/100|[from] Chilly Reception\n|-activate|p2a: Kingambit|ability: Supreme Overlord\n|-start|p2a: Kingambit|fallen3|[silent]\n|\n|-weather|Snowscape|[upkeep]\n|upkeep\n|turn|32\n|\n|t:|1782543377\n|move|p2a: Kingambit|Sucker Punch|p1a: Barraskewda\n|-damage|p1a: Barraskewda|4/100\n|move|p1a: Barraskewda|Close Combat|p2a: Kingambit\n|-supereffective|p2a: Kingambit\n|-damage|p2a: Kingambit|0 fnt\n|-unboost|p1a: Barraskewda|def|1\n|-unboost|p1a: Barraskewda|spd|1\n|faint|p2a: Kingambit\n|-end|p2a: Kingambit|fallen3|[silent]\n|\n|-weather|Snowscape|[upkeep]\n|upkeep\n|\n|t:|1782543382\n|switch|p2a: Slowking|Slowking-Galar, F, tera:Water|76/100\n|turn|33\n|\n|t:|1782543386\n|move|p1a: Barraskewda|Close Combat|p2a: Slowking\n|-damage|p2a: Slowking|34/100\n|-unboost|p1a: Barraskewda|def|1\n|-unboost|p1a: Barraskewda|spd|1\n|move|p2a: Slowking|Sludge Bomb|p1a: Barraskewda\n|-damage|p1a: Barraskewda|0 fnt\n|faint|p1a: Barraskewda\n|\n|-weather|Snowscape|[upkeep]\n|upkeep\n|\n|t:|1782543393\n|switch|p1a: Talonflame|Talonflame, M|100/100\n|turn|34\n|\n|t:|1782543397\n|move|p1a: Talonflame|Hurricane|p2a: Slowking\n|-damage|p2a: Slowking|0 fnt\n|faint|p2a: Slowking\n|\n|-weather|Snowscape|[upkeep]\n|upkeep\n|\n|t:|1782543399\n|switch|p2a: Kyurem|Kyurem|52/100\n|-ability|p2a: Kyurem|Pressure\n|turn|35\n|\n|t:|1782543402\n|switch|p1a: Pelipper|Pelipper, F, shiny|15/100 brn\n|-weather|RainDance|[from] ability: Drizzle|[of] p1a: Pelipper\n|move|p2a: Kyurem|Blizzard|p1a: Pelipper|[miss]\n|-miss|p2a: Kyurem|p1a: Pelipper\n|\n|-weather|RainDance|[upkeep]\n|-damage|p1a: Pelipper|9/100 brn|[from] brn\n|upkeep\n|turn|36\n|\n|t:|1782543405\n|move|p2a: Kyurem|Blizzard|p1a: Pelipper\n|-damage|p1a: Pelipper|0 fnt\n|faint|p1a: Pelipper\n|\n|-weather|RainDance|[upkeep]\n|upkeep\n|\n|t:|1782543406\n|switch|p1a: Talonflame|Talonflame, M|100/100\n|turn|37\n|\n|t:|1782543409\n|move|p1a: Talonflame|Hurricane|p2a: Kyurem\n|-damage|p2a: Kyurem|0 fnt\n|faint|p2a: Kyurem\n|\n|win|brodiewhat\n|raw|brodiewhat's rating: 1539 &rarr; <strong>1567</strong><br />(+28 for winning)\n|raw|firewall1234's rating: 1678 &rarr; <strong>1650</strong><br />(-28 for losing)\n|l|☆firewall1234\n|player|p2|\n|l|☆brodiewhat\n|player|p1|\n", "uploadtime": 1782543612, "views": 5, "formatid": "gen9ou", "rating": 1567, "private": 0, "password": null}