{"id": "gen9ou-2639213222", "format": "[Gen 9] OU", "players": ["guerrero105", "DonovanIsNotHere"], "log": "|j|☆guerrero105\n|j|☆DonovanIsNotHere\n|t:|1782435018\n|gametype|singles\n|player|p1|guerrero105|ltsurge|1423\n|player|p2|DonovanIsNotHere|2|1418\n|gen|9\n|tier|[Gen 9] OU\n|rated|\n|rule|HP Percentage Mod: HP is shown in percentages\n|rule|Endless Battle Clause: Forcing endless battles is banned\n|rule|Species Clause: Limit one of each Pokémon\n|rule|OHKO Clause: OHKO moves are banned\n|rule|Evasion Items Clause: Evasion items are banned\n|rule|Evasion Moves Clause: Evasion moves are banned\n|rule|Evasion Abilities Clause: Evasion abilities are banned\n|rule|Sleep Moves Clause: Sleep-inducing moves are banned\n|clearpoke\n|poke|p1|Garchomp, M|\n|poke|p1|Corviknight, M|\n|poke|p1|Clefable, F|\n|poke|p1|Incineroar, M|\n|poke|p1|Galvantula, M|\n|poke|p1|Sinistcha-Masterpiece|\n|poke|p2|Dragonite, M|\n|poke|p2|Darkrai|\n|poke|p2|Samurott-Hisui, F|\n|poke|p2|Corviknight, M|\n|poke|p2|Landorus-Therian, M|\n|poke|p2|Gholdengo|\n|teampreview\n|\n|t:|1782435027\n|teamsize|p1|6\n|teamsize|p2|6\n|start\n|switch|p1a: Incineroar|Incineroar, M|100/100\n|switch|p2a: Conquest|Landorus-Therian, M|100/100\n|-ability|p2a: Conquest|Intimidate|boost\n|-unboost|p1a: Incineroar|atk|1\n|-ability|p1a: Incineroar|Intimidate|boost\n|-unboost|p2a: Conquest|atk|1\n|turn|1\n|\n|t:|1782435056\n|move|p2a: Conquest|Earthquake|p1a: Incineroar\n|-supereffective|p1a: Incineroar\n|-damage|p1a: Incineroar|36/100\n|move|p1a: Incineroar|Knock Off|p2a: Conquest\n|-damage|p2a: Conquest|70/100\n|-enditem|p2a: Conquest|Heavy-Duty Boots|[from] move: Knock Off|[of] p1a: Incineroar\n|\n|-heal|p1a: Incineroar|42/100|[from] item: Leftovers\n|upkeep\n|turn|2\n|\n|t:|1782435080\n|switch|p1a: Sinistcha|Sinistcha-Masterpiece|100/100\n|move|p2a: Conquest|U-turn|p1a: Sinistcha\n|-damage|p1a: Sinistcha|85/100\n|\n|t:|1782435084\n|switch|p2a: Kregg|Darkrai|100/100|[from] U-turn\n|\n|upkeep\n|turn|3\n|\n|t:|1782435089\n|switch|p1a: Clefable|Clefable, F|100/100\n|move|p2a: Kregg|Dark Pulse|p1a: Clefable\n|-resisted|p1a: Clefable\n|-damage|p1a: Clefable|87/100\n|\n|-heal|p1a: Clefable|93/100|[from] item: Leftovers\n|upkeep\n|turn|4\n|\n|t:|1782435093\n|switch|p2a: Lucan|Corviknight, M, shiny|100/100\n|-ability|p2a: Lucan|Pressure\n|move|p1a: Clefable|Thunder Wave|p2a: Lucan\n|-status|p2a: Lucan|par\n|\n|-heal|p1a: Clefable|99/100|[from] item: Leftovers\n|upkeep\n|turn|5\n|\n|t:|1782435110\n|move|p1a: Clefable|Stealth Rock|p2a: Lucan\n|-sidestart|p2: DonovanIsNotHere|move: Stealth Rock\n|cant|p2a: Lucan|par\n|\n|-heal|p1a: Clefable|100/100|[from] item: Leftovers\n|upkeep\n|turn|6\n|\n|t:|1782435152\n|switch|p1a: Galvantula|Galvantula, M|100/100\n|cant|p2a: Lucan|par\n|\n|upkeep\n|turn|7\n|\n|t:|1782435169\n|move|p1a: Galvantula|Thunder|p2a: Lucan\n|-supereffective|p2a: Lucan\n|-damage|p2a: Lucan|32/100 par\n|move|p2a: Lucan|Defog|p1a: Galvantula\n|-unboost|p1a: Galvantula|evasion|1\n|-sideend|p2: DonovanIsNotHere|Stealth Rock|[from] move: Defog|[of] p2a: Lucan\n|\n|upkeep\n|turn|8\n|\n|t:|1782435175\n|move|p1a: Galvantula|Sticky Web|p2a: Lucan\n|-sidestart|p2: DonovanIsNotHere|move: Sticky Web\n|move|p2a: Lucan|U-turn|p1a: Galvantula\n|-damage|p1a: Galvantula|72/100\n|\n|t:|1782435178\n|switch|p2a: Conquest|Landorus-Therian, M|70/100|[from] U-turn\n|-ability|p2a: Conquest|Intimidate|boost\n|-unboost|p1a: Galvantula|atk|1\n|\n|upkeep\n|turn|9\n|inactive|Battle timer is ON: inactive players will automatically lose when time's up. (requested by DonovanIsNotHere)\n|inactive|guerrero105 has 120 seconds left.\n|\n|t:|1782435240\n|move|p1a: Galvantula|Energy Ball|p2a: Conquest\n|-damage|p2a: Conquest|38/100\n|move|p2a: Conquest|U-turn|p1a: Galvantula\n|-crit|p1a: Galvantula\n|-damage|p1a: Galvantula|0 fnt\n|faint|p1a: Galvantula\n|\n|t:|1782435257\n|switch|p2a: Lucan|Corviknight, M, shiny|32/100 par|[from] U-turn\n|-ability|p2a: Lucan|Pressure\n|\n|upkeep\n|inactive|guerrero105 has 120 seconds left.\n|\n|t:|1782435288\n|switch|p1a: Sinistcha|Sinistcha-Masterpiece|85/100\n|turn|10\n|inactive|DonovanIsNotHere has 120 seconds left.\n|\n|t:|1782435319\n|move|p1a: Sinistcha|Shadow Ball|p2a: Lucan\n|-damage|p2a: Lucan|12/100 par\n|move|p2a: Lucan|Defog|p1a: Sinistcha\n|-unboost|p1a: Sinistcha|evasion|1\n|-sideend|p2: DonovanIsNotHere|Sticky Web|[from] move: Defog|[of] p2a: Lucan\n|\n|upkeep\n|turn|11\n|inactive|guerrero105 has 120 seconds left.\n|\n|t:|1782435362\n|move|p1a: Sinistcha|Shadow Ball|p2a: Lucan\n|-damage|p2a: Lucan|0 fnt\n|faint|p2a: Lucan\n|\n|upkeep\n|\n|t:|1782435374\n|switch|p2a: Thula|Samurott-Hisui, F, shiny|100/100\n|turn|12\n|\n|t:|1782435377\n|move|p2a: Thula|Ceaseless Edge|p1a: Sinistcha\n|-supereffective|p1a: Sinistcha\n|-damage|p1a: Sinistcha|2/100\n|-sidestart|p1: guerrero105|Spikes\n|move|p1a: Sinistcha|Matcha Gotcha|p2a: Thula\n|-supereffective|p2a: Thula\n|-damage|p2a: Thula|5/100\n|-heal|p1a: Sinistcha|63/100|[from] drain|[of] p2a: Thula\n|-status|p2a: Thula|brn\n|\n|-damage|p2a: Thula|0 fnt|[from] brn\n|faint|p2a: Thula\n|upkeep\n|\n|t:|1782435388\n|switch|p2a: Kregg|Darkrai|100/100\n|turn|13\n|inactive|guerrero105 has 120 seconds left.\n|inactive|guerrero105 has 90 seconds left.\n|\n|t:|1782435445\n|switch|p1a: Clefable|Clefable, F|100/100\n|-damage|p1a: Clefable|88/100|[from] Spikes\n|move|p2a: Kregg|Dark Pulse|p1a: Clefable\n|-resisted|p1a: Clefable\n|-damage|p1a: Clefable|73/100\n|\n|-heal|p1a: Clefable|79/100|[from] item: Leftovers\n|upkeep\n|turn|14\n|inactive|guerrero105 has 90 seconds left.\n|inactive|DonovanIsNotHere has 120 seconds left.\n|\n|t:|1782435479\n|switch|p2a: Anissa|Gholdengo|100/100\n|-item|p2a: Anissa|Air Balloon\n|move|p1a: Clefable|Stealth Rock|p2a: Anissa\n|-sidestart|p2: DonovanIsNotHere|move: Stealth Rock\n|\n|-heal|p1a: Clefable|85/100|[from] item: Leftovers\n|upkeep\n|turn|15\n|inactive|guerrero105 has 90 seconds left.\n|\n|t:|1782435513\n|move|p2a: Anissa|Thunder Wave|p1a: Clefable\n|-status|p1a: Clefable|par\n|move|p1a: Clefable|Moonblast|p2a: Anissa\n|-resisted|p2a: Anissa\n|-damage|p2a: Anissa|86/100\n|-enditem|p2a: Anissa|Air Balloon\n|\n|-heal|p1a: Clefable|91/100 par|[from] item: Leftovers\n|upkeep\n|turn|16\n|inactive|DonovanIsNotHere has 120 seconds left.\n|\n|t:|1782435544\n|switch|p1a: Incineroar|Incineroar, M|42/100\n|-damage|p1a: Incineroar|30/100|[from] Spikes\n|-ability|p1a: Incineroar|Intimidate|boost\n|-unboost|p2a: Anissa|atk|1\n|move|p2a: Anissa|Make It Rain|p1a: Incineroar\n|-resisted|p1a: Incineroar\n|-damage|p1a: Incineroar|3/100\n|-unboost|p2a: Anissa|spa|1\n|\n|-heal|p1a: Incineroar|9/100|[from] item: Leftovers\n|upkeep\n|turn|17\n|inactive|guerrero105 has 60 seconds left.\n|\n|t:|1782435586\n|move|p2a: Anissa|Make It Rain|p1a: Incineroar\n|-resisted|p1a: Incineroar\n|-damage|p1a: Incineroar|0 fnt\n|-unboost|p2a: Anissa|spa|1\n|faint|p1a: Incineroar\n|\n|upkeep\n|\n|t:|1782435589\n|switch|p1a: Garchomp|Garchomp, M|100/100\n|-damage|p1a: Garchomp|88/100|[from] Spikes\n|turn|18\n|inactive|DonovanIsNotHere has 120 seconds left.\n|\n|t:|1782435632\n|switch|p2a: Conquest|Landorus-Therian, M|38/100\n|-damage|p2a: Conquest|26/100|[from] Stealth Rock\n|-ability|p2a: Conquest|Intimidate|boost\n|-unboost|p1a: Garchomp|atk|1\n|move|p1a: Garchomp|Swords Dance|p1a: Garchomp\n|-boost|p1a: Garchomp|atk|2\n|\n|upkeep\n|turn|19\n|inactive|guerrero105 has 60 seconds left.\n|\n|t:|1782435653\n|move|p1a: Garchomp|Scale Shot|p2a: Conquest|[miss]\n|-miss|p1a: Garchomp|p2a: Conquest\n|move|p2a: Conquest|Earthquake|p1a: Garchomp\n|-damage|p1a: Garchomp|29/100\n|\n|upkeep\n|turn|20\n|inactive|DonovanIsNotHere has 90 seconds left.\n|\n|t:|1782435685\n|move|p1a: Garchomp|Scale Shot|p2a: Conquest\n|-damage|p2a: Conquest|2/100\n|-damage|p2a: Conquest|0 fnt\n|faint|p2a: Conquest\n|-hitcount|p2: Conquest|2\n|-unboost|p1a: Garchomp|def|1\n|-boost|p1a: Garchomp|spe|1\n|\n|upkeep\n|\n|t:|1782435687\n|switch|p2a: Thragg|Dragonite, M|100/100\n|-damage|p2a: Thragg|76/100|[from] Stealth Rock\n|turn|21\n|\n|t:|1782435701\n|switch|p1a: Corviknight|Corviknight, M|100/100\n|-ability|p1a: Corviknight|Pressure\n|move|p2a: Thragg|Extreme Speed|p1a: Corviknight\n|-resisted|p1a: Corviknight\n|-damage|p1a: Corviknight|85/100\n|-damage|p2a: Thragg|59/100|[from] item: Rocky Helmet|[of] p1a: Corviknight\n|\n|upkeep\n|turn|22\n|\n|t:|1782435713\n|switch|p2a: Kregg|Darkrai|100/100\n|switch|p1a: Garchomp|Garchomp, M|29/100\n|-damage|p1a: Garchomp|17/100|[from] Spikes\n|\n|upkeep\n|turn|23\n|\n|t:|1782435719\n|switch|p1a: Clefable|Clefable, F|91/100 par\n|-damage|p1a: Clefable|78/100 par|[from] Spikes\n|move|p2a: Kregg|Dark Pulse|p1a: Clefable\n|-resisted|p1a: Clefable\n|-damage|p1a: Clefable|63/100 par\n|\n|-heal|p1a: Clefable|69/100 par|[from] item: Leftovers\n|upkeep\n|turn|24\n|\n|t:|1782435734\n|move|p2a: Kregg|Sludge Bomb|p1a: Clefable\n|-supereffective|p1a: Clefable\n|-damage|p1a: Clefable|24/100 par\n|move|p1a: Clefable|Moonblast|p2a: Kregg\n|-supereffective|p2a: Kregg\n|-damage|p2a: Kregg|13/100\n|\n|-heal|p1a: Clefable|30/100 par|[from] item: Leftovers\n|upkeep\n|turn|25\n|inactive|guerrero105 has 90 seconds left.\n|\n|t:|1782435743\n|-terastallize|p1a: Clefable|Poison\n|move|p2a: Kregg|Sludge Bomb|p1a: Clefable\n|-resisted|p1a: Clefable\n|-damage|p1a: Clefable|20/100 par\n|move|p1a: Clefable|Moonlight|p1a: Clefable\n|-heal|p1a: Clefable|70/100 par\n|\n|-heal|p1a: Clefable|76/100 par|[from] item: Leftovers\n|upkeep\n|turn|26\n|\n|t:|1782435752\n|move|p2a: Kregg|Dark Pulse|p1a: Clefable\n|-damage|p1a: Clefable|48/100 par\n|cant|p1a: Clefable|par\n|\n|-heal|p1a: Clefable|54/100 par|[from] item: Leftovers\n|upkeep\n|turn|27\n|\n|t:|1782435756\n|move|p2a: Kregg|Nasty Plot|p2a: Kregg\n|-boost|p2a: Kregg|spa|2\n|move|p1a: Clefable|Moonlight|p1a: Clefable\n|-heal|p1a: Clefable|100/100 par\n|\n|upkeep\n|turn|28\n|\n|t:|1782435758\n|move|p2a: Kregg|Dark Pulse|p1a: Clefable\n|-damage|p1a: Clefable|74/100 par\n|cant|p1a: Clefable|flinch\n|\n|-heal|p1a: Clefable|80/100 par|[from] item: Leftovers\n|upkeep\n|turn|29\n|inactive|guerrero105 has 120 seconds left.\n|\n|t:|1782435763\n|move|p2a: Kregg|Dark Pulse|p1a: Clefable\n|-crit|p1a: Clefable\n|-damage|p1a: Clefable|39/100 par\n|cant|p1a: Clefable|flinch\n|\n|-heal|p1a: Clefable|45/100 par|[from] item: Leftovers\n|upkeep\n|turn|30\n|\n|t:|1782435786\n|move|p2a: Kregg|Dark Pulse|p1a: Clefable\n|-crit|p1a: Clefable\n|-damage|p1a: Clefable|0 fnt\n|faint|p1a: Clefable\n|\n|upkeep\n|-message|guerrero105 forfeited.\n|\n|win|DonovanIsNotHere\n|raw|guerrero105's rating: 1423 &rarr; <strong>1399</strong><br />(-24 for losing)\n|raw|DonovanIsNotHere's rating: 1353 &rarr; <strong>1377</strong><br />(+24 for winning)\n|l|☆guerrero105\n|player|p1|\n|l|☆DonovanIsNotHere\n|player|p2|\n", "uploadtime": 1782435825, "views": 14, "formatid": "gen9ou", "rating": 1377, "private": 0, "password": null}