{"id": "gen9ou-2639297597", "format": "[Gen 9] OU", "players": ["Hulo777", "Jester Cat enjoyer"], "log": "|j|☆Hulo777\n|j|☆Jester Cat enjoyer\n|t:|1782448152\n|gametype|singles\n|player|p1|Hulo777|lucas-gen4pt|1137\n|player|p2|Jester Cat enjoyer|harlequin|1062\n|gen|9\n|tier|[Gen 9] OU\n|rated|\n|rule|HP Percentage Mod: HP is shown in percentages\n|rule|Endless Battle Clause: Forcing endless battles is banned\n|rule|Species Clause: Limit one of each Pokémon\n|rule|OHKO Clause: OHKO moves are banned\n|rule|Evasion Items Clause: Evasion items are banned\n|rule|Evasion Moves Clause: Evasion moves are banned\n|rule|Evasion Abilities Clause: Evasion abilities are banned\n|rule|Sleep Moves Clause: Sleep-inducing moves are banned\n|clearpoke\n|poke|p1|Iron Valiant|\n|poke|p1|Rillaboom, F|\n|poke|p1|Haxorus, M|\n|poke|p1|Greninja-*, M|\n|poke|p1|Gliscor, F|\n|poke|p1|Toxtricity, F|\n|poke|p2|Clefable, M|\n|poke|p2|Cinderace, M|\n|poke|p2|Moltres|\n|poke|p2|Ogerpon-Wellspring, F|\n|poke|p2|Gholdengo|\n|poke|p2|Tsareena, F|\n|teampreview\n|\n|t:|1782448181\n|teamsize|p1|6\n|teamsize|p2|6\n|start\n|switch|p1a: GorillaZ|Rillaboom, F|100/100\n|switch|p2a: Tsareena|Tsareena, F|100/100\n|-fieldstart|move: Grassy Terrain|[from] ability: Grassy Surge|[of] p1a: GorillaZ\n|turn|1\n|\n|t:|1782448190\n|move|p1a: GorillaZ|Swords Dance|p1a: GorillaZ\n|-boost|p1a: GorillaZ|atk|2\n|move|p2a: Tsareena|Trailblaze|p1a: GorillaZ\n|-resisted|p1a: GorillaZ\n|-damage|p1a: GorillaZ|80/100\n|-boost|p2a: Tsareena|spe|1\n|\n|-heal|p1a: GorillaZ|86/100|[from] Grassy Terrain\n|upkeep\n|turn|2\n|\n|t:|1782448200\n|move|p1a: GorillaZ|Grassy Glide||[still]\n|cant|p2a: Tsareena|ability: Queenly Majesty|Grassy Glide|[of] p1a: GorillaZ\n|move|p2a: Tsareena|Triple Axel|p1a: GorillaZ\n|-supereffective|p1a: GorillaZ\n|-damage|p1a: GorillaZ|70/100\n|-supereffective|p1a: GorillaZ\n|-damage|p1a: GorillaZ|40/100\n|-supereffective|p1a: GorillaZ\n|-damage|p1a: GorillaZ|0 fnt\n|faint|p1a: GorillaZ\n|-hitcount|p1: GorillaZ|3\n|\n|upkeep\n|\n|t:|1782448214\n|switch|p1a: PunkHazard|Toxtricity, F|100/100\n|turn|3\n|\n|t:|1782448218\n|move|p2a: Tsareena|Knock Off|p1a: PunkHazard\n|-damage|p1a: PunkHazard|55/100\n|-enditem|p1a: PunkHazard|Choice Specs|[from] move: Knock Off|[of] p2a: Tsareena\n|move|p1a: PunkHazard|Sludge Wave|p2a: Tsareena\n|-supereffective|p2a: Tsareena\n|-damage|p2a: Tsareena|0 fnt\n|faint|p2a: Tsareena\n|\n|-heal|p1a: PunkHazard|62/100|[from] Grassy Terrain\n|upkeep\n|\n|t:|1782448226\n|switch|p2a: Ogerpon|Ogerpon-Wellspring, F|100/100\n|turn|4\n|\n|t:|1782448232\n|move|p2a: Ogerpon|Ivy Cudgel|p1a: PunkHazard|[anim] Ivy Cudgel Water\n|-damage|p1a: PunkHazard|0 fnt\n|faint|p1a: PunkHazard\n|\n|upkeep\n|\n|t:|1782448240\n|switch|p1a: Assassino|Greninja, M|100/100\n|turn|5\n|\n|t:|1782448246\n|move|p1a: Assassino|Ice Beam|p2a: Ogerpon\n|-start|p1a: Assassino|typechange|Ice|[from] ability: Protean\n|-damage|p2a: Ogerpon|27/100\n|move|p2a: Ogerpon|Wood Hammer|p1a: Assassino\n|-damage|p1a: Assassino|0 fnt\n|faint|p1a: Assassino\n|-damage|p2a: Ogerpon|0 fnt|[from] Recoil\n|faint|p2a: Ogerpon\n|\n|-fieldend|move: Grassy Terrain\n|upkeep\n|\n|t:|1782448262\n|switch|p1a: Sharp|Haxorus, M|100/100\n|switch|p2a: Moltres|Moltres|100/100\n|-ability|p1a: Sharp|Mold Breaker\n|turn|6\n|\n|t:|1782448273\n|move|p1a: Sharp|Outrage|p2a: Moltres\n|-damage|p2a: Moltres|0 fnt\n|-damage|p1a: Sharp|84/100|[from] item: Rocky Helmet|[of] p2a: Moltres\n|faint|p2a: Moltres\n|\n|upkeep\n|\n|t:|1782448280\n|switch|p2a: Clefable|Clefable, M|100/100\n|turn|7\n|\n|t:|1782448288\n|move|p1a: Sharp|Outrage|p2a: Clefable|[from] lockedmove\n|-immune|p2a: Clefable\n|-start|p1a: Sharp|confusion|[fatigue]\n|move|p2a: Clefable|Blizzard|p1a: Sharp|[miss]\n|-miss|p2a: Clefable|p1a: Sharp\n|-enditem|p2a: Clefable|Blunder Policy\n|-boost|p2a: Clefable|spe|2\n|\n|upkeep\n|turn|8\n|\n|t:|1782448300\n|switch|p1a: Grimm|Gliscor, F|100/100\n|move|p2a: Clefable|Moonblast|p1a: Grimm\n|-damage|p1a: Grimm|44/100\n|\n|-status|p1a: Grimm|tox|[from] item: Toxic Orb\n|upkeep\n|turn|9\n|\n|t:|1782448310\n|move|p2a: Clefable|Moonblast|p1a: Grimm\n|-damage|p1a: Grimm|0 fnt\n|faint|p1a: Grimm\n|\n|upkeep\n|\n|t:|1782448316\n|switch|p1a: Sicario|Iron Valiant|100/100\n|-enditem|p1a: Sicario|Booster Energy\n|-activate|p1a: Sicario|ability: Quark Drive|[fromitem]\n|-start|p1a: Sicario|quarkdrivespe\n|turn|10\n|\n|t:|1782448322\n|move|p1a: Sicario|Moonblast|p2a: Clefable\n|-damage|p2a: Clefable|60/100\n|move|p2a: Clefable|Moonblast|p1a: Sicario\n|-supereffective|p1a: Sicario\n|-damage|p1a: Sicario|0 fnt\n|faint|p1a: Sicario\n|-end|p1a: Sicario|Quark Drive|[silent]\n|\n|upkeep\n|\n|t:|1782448330\n|switch|p1a: Sharp|Haxorus, M|84/100\n|-ability|p1a: Sharp|Mold Breaker\n|turn|11\n|\n|t:|1782448336\n|move|p2a: Clefable|Moonblast|p1a: Sharp\n|-supereffective|p1a: Sharp\n|-damage|p1a: Sharp|0 fnt\n|faint|p1a: Sharp\n|\n|win|Jester Cat enjoyer\n|raw|Hulo777's rating: 1137 &rarr; <strong>1107</strong><br />(-30 for losing)\n|raw|Jester Cat enjoyer's rating: 1062 &rarr; <strong>1099</strong><br />(+37 for winning)\n|l|☆Jester Cat enjoyer\n|player|p2|\n|l|☆Hulo777\n|player|p1|\n", "uploadtime": 1782448701, "views": 4, "formatid": "gen9ou", "rating": 1099, "private": 0, "password": null}