{"id": "gen9ou-2639296182", "format": "[Gen 9] OU", "players": ["mevietnam", "R0R0N04 ZORO"], "log": "|j|☆mevietnam\n|j|☆R0R0N04 ZORO\n|t:|1782447888\n|gametype|singles\n|player|p1|mevietnam|gentleman|1120\n|player|p2|R0R0N04 ZORO|benga|1127\n|gen|9\n|tier|[Gen 9] OU\n|rated|\n|rule|HP Percentage Mod: HP is shown in percentages\n|rule|Endless Battle Clause: Forcing endless battles is banned\n|rule|Species Clause: Limit one of each Pokémon\n|rule|OHKO Clause: OHKO moves are banned\n|rule|Evasion Items Clause: Evasion items are banned\n|rule|Evasion Moves Clause: Evasion moves are banned\n|rule|Evasion Abilities Clause: Evasion abilities are banned\n|rule|Sleep Moves Clause: Sleep-inducing moves are banned\n|clearpoke\n|poke|p1|Rotom-Wash|\n|poke|p1|Gholdengo|\n|poke|p1|Clefable, M|\n|poke|p1|Hydreigon, M|\n|poke|p1|Great Tusk|\n|poke|p1|Deoxys-Speed|\n|poke|p2|Zamazenta-*|\n|poke|p2|Heatran, M|\n|poke|p2|Ceruledge, M|\n|poke|p2|Great Tusk|\n|poke|p2|Raging Bolt|\n|poke|p2|Enamorus, F|\n|teampreview\n|\n|t:|1782447930\n|teamsize|p1|6\n|teamsize|p2|6\n|start\n|switch|p1a: Deoxys|Deoxys-Speed, shiny|100/100\n|switch|p2a: Smearg1e|Ceruledge, M, shiny|100/100\n|-ability|p1a: Deoxys|Pressure\n|turn|1\n|\n|t:|1782447941\n|move|p1a: Deoxys|Stealth Rock|p2a: Smearg1e\n|-sidestart|p2: R0R0N04 ZORO|move: Stealth Rock\n|move|p2a: Smearg1e|Poltergeist|p1a: Deoxys\n|-activate|p1a: Deoxys|move: Poltergeist|Focus Sash\n|-supereffective|p1a: Deoxys\n|-enditem|p1a: Deoxys|Focus Sash\n|-damage|p1a: Deoxys|1/100\n|\n|upkeep\n|turn|2\n|\n|t:|1782447953\n|switch|p1a: Hydreigon|Hydreigon, M, shiny|100/100\n|move|p2a: Smearg1e|Bitter Blade|p1a: Hydreigon\n|-resisted|p1a: Hydreigon\n|-damage|p1a: Hydreigon|74/100\n|\n|upkeep\n|turn|3\n|\n|t:|1782447969\n|switch|p2a: Smeergle|Zamazenta|100/100\n|-damage|p2a: Smeergle|94/100|[from] Stealth Rock\n|-ability|p2a: Smeergle|Dauntless Shield|boost\n|-boost|p2a: Smeergle|def|1\n|move|p1a: Hydreigon|Dark Pulse|p2a: Smeergle\n|-resisted|p2a: Smeergle\n|-damage|p2a: Smeergle|66/100\n|\n|upkeep\n|turn|4\n|\n|t:|1782447979\n|switch|p1a: Gholdengo|Gholdengo, shiny|100/100\n|move|p2a: Smeergle|Play Rough|p1a: Gholdengo\n|-resisted|p1a: Gholdengo\n|-damage|p1a: Gholdengo|84/100\n|\n|upkeep\n|turn|5\n|\n|t:|1782447993\n|move|p2a: Smeergle|Light Screen|p2a: Smeergle\n|-sidestart|p2: R0R0N04 ZORO|move: Light Screen\n|move|p1a: Gholdengo|Shadow Ball|p2a: Smeergle\n|-damage|p2a: Smeergle|46/100\n|\n|upkeep\n|turn|6\n|\n|t:|1782448003\n|move|p2a: Smeergle|Reflect|p2a: Smeergle\n|-sidestart|p2: R0R0N04 ZORO|Reflect\n|move|p1a: Gholdengo|Shadow Ball|p2a: Smeergle\n|-damage|p2a: Smeergle|25/100\n|\n|upkeep\n|turn|7\n|\n|t:|1782448016\n|switch|p2a: Smeerg1e|Raging Bolt|100/100\n|-damage|p2a: Smeerg1e|88/100|[from] Stealth Rock\n|-enditem|p2a: Smeerg1e|Booster Energy\n|-activate|p2a: Smeerg1e|ability: Protosynthesis|[fromitem]\n|-start|p2a: Smeerg1e|protosynthesisspa\n|move|p1a: Gholdengo|Shadow Ball|p2a: Smeerg1e\n|-damage|p2a: Smeerg1e|68/100\n|\n|upkeep\n|turn|8\n|\n|t:|1782448068\n|move|p1a: Gholdengo|Shadow Ball|p2a: Smeerg1e\n|-damage|p2a: Smeerg1e|47/100\n|move|p2a: Smeerg1e|Calm Mind|p2a: Smeerg1e\n|-boost|p2a: Smeerg1e|spa|1\n|-boost|p2a: Smeerg1e|spd|1\n|\n|upkeep\n|turn|9\n|\n|t:|1782448143\n|move|p1a: Gholdengo|Shadow Ball|p2a: Smeerg1e\n|-damage|p2a: Smeerg1e|31/100\n|move|p2a: Smeerg1e|Calm Mind|p2a: Smeerg1e\n|-boost|p2a: Smeerg1e|spa|1\n|-boost|p2a: Smeerg1e|spd|1\n|\n|upkeep\n|turn|10\n|inactive|Battle timer is ON: inactive players will automatically lose when time's up. (requested by mevietnam)\n|\n|t:|1782448150\n|move|p2a: Smeerg1e|Thunderclap|p1a: Gholdengo\n|-damage|p1a: Gholdengo|0 fnt\n|faint|p1a: Gholdengo\n|\n|upkeep\n|\n|t:|1782448155\n|switch|p1a: Clefable|Clefable, M, shiny|100/100\n|turn|11\n|\n|t:|1782448167\n|move|p2a: Smeerg1e|Thunderbolt|p1a: Clefable\n|-damage|p1a: Clefable|31/100\n|move|p1a: Clefable|Wish|p1a: Clefable\n|\n|-heal|p1a: Clefable|37/100|[from] item: Leftovers\n|upkeep\n|turn|12\n|\n|t:|1782448180\n|move|p1a: Clefable|Protect|p1a: Clefable\n|-singleturn|p1a: Clefable|Protect\n|move|p2a: Smeerg1e|Thunderbolt|p1a: Clefable\n|-activate|p1a: Clefable|move: Protect\n|\n|-heal|p1a: Clefable|87/100|[from] move: Wish|[wisher] Clefable\n|-heal|p1a: Clefable|93/100|[from] item: Leftovers\n|-sideend|p2: R0R0N04 ZORO|move: Light Screen\n|upkeep\n|turn|13\n|\n|t:|1782448195\n|move|p2a: Smeerg1e|Thunderbolt|p1a: Clefable\n|-damage|p1a: Clefable|26/100\n|move|p1a: Clefable|Moonblast|p2a: Smeerg1e\n|-supereffective|p2a: Smeerg1e\n|-damage|p2a: Smeerg1e|0 fnt\n|faint|p2a: Smeerg1e\n|-end|p2a: Smeerg1e|Protosynthesis|[silent]\n|\n|-heal|p1a: Clefable|32/100|[from] item: Leftovers\n|-sideend|p2: R0R0N04 ZORO|Reflect\n|upkeep\n|\n|t:|1782448201\n|switch|p2a: Snneargle|Great Tusk, shiny|100/100\n|-damage|p2a: Snneargle|98/100|[from] Stealth Rock\n|-enditem|p2a: Snneargle|Booster Energy\n|-activate|p2a: Snneargle|ability: Protosynthesis|[fromitem]\n|-start|p2a: Snneargle|protosynthesisatk\n|turn|14\n|\n|t:|1782448210\n|move|p1a: Clefable|Protect|p1a: Clefable\n|-singleturn|p1a: Clefable|Protect\n|move|p2a: Snneargle|Rapid Spin|p1a: Clefable\n|-activate|p1a: Clefable|move: Protect\n|\n|-heal|p1a: Clefable|38/100|[from] item: Leftovers\n|upkeep\n|turn|15\n|\n|t:|1782448230\n|move|p2a: Snneargle|Rapid Spin|p1a: Clefable\n|-crit|p1a: Clefable\n|-damage|p1a: Clefable|13/100\n|-boost|p2a: Snneargle|spe|1\n|-sideend|p2: R0R0N04 ZORO|Stealth Rock|[from] move: Rapid Spin|[of] p2a: Snneargle\n|move|p1a: Clefable|Wish|p1a: Clefable\n|\n|-heal|p1a: Clefable|20/100|[from] item: Leftovers\n|upkeep\n|turn|16\n|\n|t:|1782448242\n|move|p1a: Clefable|Protect|p1a: Clefable\n|-singleturn|p1a: Clefable|Protect\n|move|p2a: Snneargle|Bulk Up|p2a: Snneargle\n|-boost|p2a: Snneargle|atk|1\n|-boost|p2a: Snneargle|def|1\n|\n|-heal|p1a: Clefable|70/100|[from] move: Wish|[wisher] Clefable\n|-heal|p1a: Clefable|76/100|[from] item: Leftovers\n|upkeep\n|turn|17\n|\n|t:|1782448270\n|move|p2a: Snneargle|Headlong Rush|p1a: Clefable\n|-damage|p1a: Clefable|15/100\n|-unboost|p2a: Snneargle|def|1\n|-unboost|p2a: Snneargle|spd|1\n|move|p1a: Clefable|Wish|p1a: Clefable\n|\n|-heal|p1a: Clefable|21/100|[from] item: Leftovers\n|upkeep\n|turn|18\n|\n|t:|1782448282\n|move|p1a: Clefable|Protect|p1a: Clefable\n|-singleturn|p1a: Clefable|Protect\n|move|p2a: Snneargle|Bulk Up|p2a: Snneargle\n|-boost|p2a: Snneargle|atk|1\n|-boost|p2a: Snneargle|def|1\n|\n|-heal|p1a: Clefable|71/100|[from] move: Wish|[wisher] Clefable\n|-heal|p1a: Clefable|77/100|[from] item: Leftovers\n|upkeep\n|turn|19\n|inactive|mevietnam has 120 seconds left.\n|\n|t:|1782448300\n|move|p2a: Snneargle|Headlong Rush|p1a: Clefable\n|-damage|p1a: Clefable|15/100\n|-unboost|p2a: Snneargle|def|1\n|-unboost|p2a: Snneargle|spd|1\n|move|p1a: Clefable|Wish|p1a: Clefable\n|\n|-heal|p1a: Clefable|21/100|[from] item: Leftovers\n|upkeep\n|turn|20\n|inactive|mevietnam has 120 seconds left.\n|\n|t:|1782448327\n|-end|p2a: Snneargle|Protosynthesis|[silent]\n|switch|p2a: Smaergle|Heatran, M|100/100\n|move|p1a: Clefable|Moonblast|p2a: Smaergle\n|-resisted|p2a: Smaergle\n|-damage|p2a: Smaergle|93/100\n|-unboost|p2a: Smaergle|spa|1\n|\n|-heal|p1a: Clefable|71/100|[from] move: Wish|[wisher] Clefable\n|-heal|p1a: Clefable|77/100|[from] item: Leftovers\n|upkeep\n|turn|21\n|\n|t:|1782448341\n|switch|p2a: Smearg1e|Ceruledge, M, shiny|100/100\n|move|p1a: Clefable|Protect||[still]\n|-fail|p1a: Clefable\n|\n|-heal|p1a: Clefable|83/100|[from] item: Leftovers\n|upkeep\n|turn|22\n|\n|t:|1782448353\n|move|p2a: Smearg1e|Swords Dance|p2a: Smearg1e\n|-boost|p2a: Smearg1e|atk|2\n|move|p1a: Clefable|Wish|p1a: Clefable\n|\n|-heal|p1a: Clefable|89/100|[from] item: Leftovers\n|upkeep\n|turn|23\n|\n|t:|1782448361\n|move|p2a: Smearg1e|Swords Dance|p2a: Smearg1e\n|-boost|p2a: Smearg1e|atk|2\n|move|p1a: Clefable|Thunder Wave|p2a: Smearg1e\n|-status|p2a: Smearg1e|par\n|\n|-heal|p1a: Clefable|100/100|[from] move: Wish|[wisher] Clefable\n|upkeep\n|turn|24\n|\n|t:|1782448371\n|switch|p2a: Smaergle|Heatran, M|93/100\n|move|p1a: Clefable|Wish|p1a: Clefable\n|\n|upkeep\n|turn|25\n|inactive|mevietnam has 120 seconds left.\n|\n|t:|1782448378\n|switch|p1a: Great Tusk|Great Tusk, shiny|100/100\n|move|p2a: Smaergle|Flash Cannon|p1a: Great Tusk\n|-damage|p1a: Great Tusk|57/100\n|\n|-heal|p1a: Great Tusk|100/100|[from] move: Wish|[wisher] Clefable\n|upkeep\n|turn|26\n|inactive|mevietnam has 120 seconds left.\n|\n|t:|1782448391\n|switch|p2a: Smaerg1e|Enamorus, F|100/100\n|move|p1a: Great Tusk|Ice Spinner|p2a: Smaerg1e\n|-supereffective|p2a: Smaerg1e\n|-damage|p2a: Smaerg1e|0 fnt\n|faint|p2a: Smaerg1e\n|\n|upkeep\n|\n|t:|1782448402\n|switch|p2a: Snneargle|Great Tusk, shiny|98/100\n|turn|27\n|inactive|mevietnam has 120 seconds left.\n|\n|t:|1782448420\n|move|p2a: Snneargle|Bulk Up|p2a: Snneargle\n|-boost|p2a: Snneargle|atk|1\n|-boost|p2a: Snneargle|def|1\n|move|p1a: Great Tusk|Headlong Rush|p2a: Snneargle\n|-crit|p2a: Snneargle\n|-damage|p2a: Snneargle|24/100\n|-unboost|p1a: Great Tusk|def|1\n|-unboost|p1a: Great Tusk|spd|1\n|\n|upkeep\n|turn|28\n|\n|t:|1782448429\n|move|p2a: Snneargle|Ice Spinner|p1a: Great Tusk\n|-supereffective|p1a: Great Tusk\n|-damage|p1a: Great Tusk|4/100\n|move|p1a: Great Tusk|Headlong Rush|p2a: Snneargle\n|-damage|p2a: Snneargle|0 fnt\n|-unboost|p1a: Great Tusk|def|1\n|-unboost|p1a: Great Tusk|spd|1\n|faint|p2a: Snneargle\n|-end|p2a: Snneargle|Protosynthesis|[silent]\n|\n|upkeep\n|\n|t:|1782448433\n|switch|p2a: Smeergle|Zamazenta|25/100\n|turn|29\n|inactive|mevietnam has 120 seconds left.\n|\n|t:|1782448461\n|move|p2a: Smeergle|Reflect|p2a: Smeergle\n|-sidestart|p2: R0R0N04 ZORO|Reflect\n|move|p1a: Great Tusk|Headlong Rush|p2a: Smeergle\n|-damage|p2a: Smeergle|0 fnt\n|-unboost|p1a: Great Tusk|def|1\n|-unboost|p1a: Great Tusk|spd|1\n|faint|p2a: Smeergle\n|\n|upkeep\n|\n|t:|1782448477\n|switch|p2a: Smaergle|Heatran, M|93/100\n|turn|30\n|inactive|mevietnam has 120 seconds left.\n|\n|t:|1782448495\n|move|p2a: Smaergle|Flash Cannon|p1a: Great Tusk\n|-damage|p1a: Great Tusk|0 fnt\n|faint|p1a: Great Tusk\n|-end|p1a: Great Tusk|Protosynthesis|[silent]\n|\n|upkeep\n|\n|t:|1782448502\n|switch|p1a: Deoxys|Deoxys-Speed, shiny|1/100\n|-ability|p1a: Deoxys|Pressure\n|turn|31\n|inactive|mevietnam has 120 seconds left.\n|\n|t:|1782448507\n|move|p1a: Deoxys|Stealth Rock|p2a: Smaergle\n|-sidestart|p2: R0R0N04 ZORO|move: Stealth Rock\n|move|p2a: Smaergle|Flash Cannon|p1a: Deoxys\n|-crit|p1a: Deoxys\n|-damage|p1a: Deoxys|0 fnt\n|faint|p1a: Deoxys\n|\n|upkeep\n|inactive|mevietnam has 120 seconds left.\n|\n|t:|1782448528\n|switch|p1a: Rotom|Rotom-Wash, shiny|100/100\n|turn|32\n|\n|t:|1782448534\n|switch|p2a: Smearg1e|Ceruledge, M, shiny|100/100 par\n|move|p1a: Rotom|Hydro Pump|p2a: Smearg1e|[miss]\n|-miss|p1a: Rotom|p2a: Smearg1e\n|\n|upkeep\n|turn|33\n|inactive|mevietnam has 120 seconds left.\n|\n|t:|1782448547\n|-terastallize|p2a: Smearg1e|Fighting\n|move|p1a: Rotom|Hydro Pump|p2a: Smearg1e\n|-damage|p2a: Smearg1e|57/100 par\n|move|p2a: Smearg1e|Poltergeist|p1a: Rotom\n|-activate|p1a: Rotom|move: Poltergeist|Leftovers\n|-damage|p1a: Rotom|61/100\n|\n|-heal|p1a: Rotom|67/100|[from] item: Leftovers\n|upkeep\n|turn|34\n|inactive|mevietnam has 120 seconds left.\n|\n|t:|1782448560\n|move|p1a: Rotom|Will-O-Wisp||[still]\n|-fail|p1a: Rotom\n|cant|p2a: Smearg1e|par\n|\n|-heal|p1a: Rotom|73/100|[from] item: Leftovers\n|upkeep\n|turn|35\n|inactive|mevietnam has 120 seconds left.\n|\n|t:|1782448573\n|move|p1a: Rotom|Volt Switch|p2a: Smearg1e\n|-damage|p2a: Smearg1e|25/100 par\n|\n|t:|1782448581\n|switch|p1a: Hydreigon|Hydreigon, M, shiny|74/100|[from] Volt Switch\n|move|p2a: Smearg1e|Close Combat|p1a: Hydreigon\n|-supereffective|p1a: Hydreigon\n|-damage|p1a: Hydreigon|0 fnt\n|-unboost|p2a: Smearg1e|def|1\n|-unboost|p2a: Smearg1e|spd|1\n|faint|p1a: Hydreigon\n|\n|upkeep\n|\n|t:|1782448601\n|switch|p1a: Clefable|Clefable, M, shiny|100/100\n|turn|36\n|\n|t:|1782448605\n|move|p1a: Clefable|Wish|p1a: Clefable\n|move|p2a: Smearg1e|Poltergeist|p1a: Clefable\n|-activate|p1a: Clefable|move: Poltergeist|Leftovers\n|-damage|p1a: Clefable|55/100\n|\n|-heal|p1a: Clefable|61/100|[from] item: Leftovers\n|-sideend|p2: R0R0N04 ZORO|Reflect\n|upkeep\n|turn|37\n|\n|t:|1782448620\n|switch|p2a: Smaergle|Heatran, M|93/100\n|-damage|p2a: Smaergle|80/100|[from] Stealth Rock\n|move|p1a: Clefable|Protect||[still]\n|-fail|p1a: Clefable\n|\n|-heal|p1a: Clefable|100/100|[from] move: Wish|[wisher] Clefable\n|upkeep\n|turn|38\n|\n|t:|1782448630\n|switch|p1a: Rotom|Rotom-Wash, shiny|73/100\n|move|p2a: Smaergle|Flash Cannon|p1a: Rotom\n|-resisted|p1a: Rotom\n|-damage|p1a: Rotom|61/100\n|\n|-heal|p1a: Rotom|68/100|[from] item: Leftovers\n|upkeep\n|turn|39\n|\n|t:|1782448641\n|switch|p2a: Smearg1e|Ceruledge, M, shiny, tera:Fighting|25/100 par\n|move|p1a: Rotom|Hydro Pump|p2a: Smearg1e\n|-damage|p2a: Smearg1e|0 fnt\n|faint|p2a: Smearg1e\n|\n|-heal|p1a: Rotom|74/100|[from] item: Leftovers\n|upkeep\n|\n|t:|1782448650\n|switch|p2a: Smaergle|Heatran, M|80/100\n|-damage|p2a: Smaergle|68/100|[from] Stealth Rock\n|turn|40\n|inactive|mevietnam has 120 seconds left.\n|\n|t:|1782448659\n|move|p2a: Smaergle|Power Gem|p1a: Rotom\n|-damage|p1a: Rotom|44/100\n|move|p1a: Rotom|Hydro Pump|p2a: Smaergle\n|-supereffective|p2a: Smaergle\n|-damage|p2a: Smaergle|0 fnt\n|faint|p2a: Smaergle\n|\n|win|mevietnam\n|raw|mevietnam's rating: 1120 &rarr; <strong>1146</strong><br />(+26 for winning)\n|raw|R0R0N04 ZORO's rating: 1127 &rarr; <strong>1101</strong><br />(-26 for losing)\n|l|☆mevietnam\n|player|p1|\n|l|☆R0R0N04 ZORO\n|player|p2|\n", "uploadtime": 1782448971, "views": 3, "formatid": "gen9ou", "rating": 1101, "private": 0, "password": null}