{"id": "gen9ou-2639306603", "format": "[Gen 9] OU", "players": ["tcurtsedfles", "swiftift"], "log": "|j|☆tcurtsedfles\n|j|☆swiftift\n|t:|1782449845\n|gametype|singles\n|player|p1|tcurtsedfles|ruinmaniac|1117\n|player|p2|swiftift|grimsley|1128\n|gen|9\n|tier|[Gen 9] OU\n|rated|\n|rule|HP Percentage Mod: HP is shown in percentages\n|rule|Endless Battle Clause: Forcing endless battles is banned\n|rule|Species Clause: Limit one of each Pokémon\n|rule|OHKO Clause: OHKO moves are banned\n|rule|Evasion Items Clause: Evasion items are banned\n|rule|Evasion Moves Clause: Evasion moves are banned\n|rule|Evasion Abilities Clause: Evasion abilities are banned\n|rule|Sleep Moves Clause: Sleep-inducing moves are banned\n|clearpoke\n|poke|p1|Polteageist-Antique|\n|poke|p1|Donphan, M|\n|poke|p1|Iron Hands|\n|poke|p1|Revavroom, F|\n|poke|p1|Talonflame, M|\n|poke|p1|Metagross|\n|poke|p2|Ribombee, F|\n|poke|p2|Kingambit, F|\n|poke|p2|Slither Wing|\n|poke|p2|Corviknight, F|\n|poke|p2|Iron Crown|\n|poke|p2|Gliscor, F|\n|teampreview\n|\n|t:|1782449851\n|teamsize|p1|6\n|teamsize|p2|6\n|start\n|switch|p1a: Donphan|Donphan, M|100/100\n|switch|p2a: Gliscor|Gliscor, F|100/100\n|turn|1\n|inactive|Battle timer is ON: inactive players will automatically lose when time's up. (requested by swiftift)\n|\n|t:|1782449859\n|move|p2a: Gliscor|Swords Dance|p2a: Gliscor\n|-boost|p2a: Gliscor|atk|2\n|move|p1a: Donphan|Stealth Rock|p2a: Gliscor\n|-sidestart|p2: swiftift|move: Stealth Rock\n|\n|-status|p2a: Gliscor|tox|[from] item: Toxic Orb\n|upkeep\n|turn|2\n|\n|t:|1782449872\n|switch|p1a: Iron Hands|Iron Hands|100/100\n|move|p2a: Gliscor|Facade|p1a: Iron Hands\n|-damage|p1a: Iron Hands|54/100\n|\n|upkeep\n|turn|3\n|\n|t:|1782449886\n|move|p1a: Iron Hands|Fake Out|p2a: Gliscor\n|-damage|p2a: Gliscor|89/100 tox\n|cant|p2a: Gliscor|flinch\n|\n|-heal|p2a: Gliscor|100/100 tox|[from] ability: Poison Heal\n|upkeep\n|turn|4\n|\n|t:|1782449899\n|move|p2a: Gliscor|Knock Off|p1a: Iron Hands\n|-resisted|p1a: Iron Hands\n|-damage|p1a: Iron Hands|37/100\n|-enditem|p1a: Iron Hands|Assault Vest|[from] move: Knock Off|[of] p2a: Gliscor\n|move|p1a: Iron Hands|Body Press|p2a: Gliscor\n|-resisted|p2a: Gliscor\n|-damage|p2a: Gliscor|82/100 tox\n|\n|-heal|p2a: Gliscor|94/100 tox|[from] ability: Poison Heal\n|upkeep\n|turn|5\n|\n|t:|1782449907\n|move|p2a: Gliscor|Swords Dance|p2a: Gliscor\n|-boost|p2a: Gliscor|atk|2\n|move|p1a: Iron Hands|Body Press|p2a: Gliscor\n|-resisted|p2a: Gliscor\n|-damage|p2a: Gliscor|76/100 tox\n|\n|-heal|p2a: Gliscor|88/100 tox|[from] ability: Poison Heal\n|upkeep\n|turn|6\n|\n|t:|1782449911\n|move|p2a: Gliscor|Facade|p1a: Iron Hands\n|-damage|p1a: Iron Hands|0 fnt\n|faint|p1a: Iron Hands\n|-end|p1a: Iron Hands|Quark Drive|[silent]\n|\n|-heal|p2a: Gliscor|100/100 tox|[from] ability: Poison Heal\n|upkeep\n|\n|t:|1782449925\n|switch|p1a: Polteageist|Polteageist-Antique|100/100\n|turn|7\n|\n|t:|1782449929\n|move|p2a: Gliscor|Knock Off|p1a: Polteageist\n|-supereffective|p1a: Polteageist\n|-enditem|p1a: Polteageist|Focus Sash\n|-damage|p1a: Polteageist|1/100\n|-ability|p1a: Polteageist|Weak Armor|boost\n|-unboost|p1a: Polteageist|def|1\n|-boost|p1a: Polteageist|spe|2\n|move|p1a: Polteageist|Shell Smash|p1a: Polteageist\n|-unboost|p1a: Polteageist|def|1\n|-unboost|p1a: Polteageist|spd|1\n|-boost|p1a: Polteageist|atk|2\n|-boost|p1a: Polteageist|spa|2\n|-boost|p1a: Polteageist|spe|2\n|\n|upkeep\n|turn|8\n|\n|t:|1782449938\n|move|p1a: Polteageist|Stored Power|p2a: Gliscor\n|-damage|p2a: Gliscor|0 fnt\n|faint|p2a: Gliscor\n|\n|upkeep\n|\n|t:|1782449943\n|switch|p2a: Slither Wing|Slither Wing, shiny|100/100\n|-damage|p2a: Slither Wing|88/100|[from] Stealth Rock\n|turn|9\n|\n|t:|1782449949\n|move|p2a: Slither Wing|First Impression|p1a: Polteageist\n|-resisted|p1a: Polteageist\n|-damage|p1a: Polteageist|0 fnt\n|faint|p1a: Polteageist\n|-damage|p2a: Slither Wing|78/100|[from] item: Life Orb\n|\n|upkeep\n|\n|t:|1782449961\n|switch|p1a: Donphan|Donphan, M|100/100\n|turn|10\n|\n|t:|1782449973\n|-end|p2a: Slither Wing|Protosynthesis|[silent]\n|switch|p2a: Corviknight|Corviknight, F|100/100\n|-damage|p2a: Corviknight|88/100|[from] Stealth Rock\n|move|p1a: Donphan|Body Slam|p2a: Corviknight\n|-resisted|p2a: Corviknight\n|-crit|p2a: Corviknight\n|-damage|p2a: Corviknight|74/100\n|-damage|p1a: Donphan|84/100|[from] item: Rocky Helmet|[of] p2a: Corviknight\n|\n|upkeep\n|turn|11\n|\n|t:|1782449993\n|switch|p1a: Revavroom|Revavroom, F|100/100\n|move|p2a: Corviknight|Defog|p1a: Revavroom\n|-unboost|p1a: Revavroom|evasion|1\n|-sideend|p2: swiftift|Stealth Rock|[from] move: Defog|[of] p2a: Corviknight\n|\n|upkeep\n|turn|12\n|\n|t:|1782450010\n|move|p1a: Revavroom|Shift Gear|p1a: Revavroom\n|-boost|p1a: Revavroom|spe|2\n|-boost|p1a: Revavroom|atk|1\n|move|p2a: Corviknight|Body Press|p1a: Revavroom\n|-damage|p1a: Revavroom|74/100\n|\n|upkeep\n|turn|13\n|\n|t:|1782450028\n|move|p1a: Revavroom|Iron Head|p2a: Corviknight\n|-resisted|p2a: Corviknight\n|-damage|p2a: Corviknight|48/100\n|-damage|p1a: Revavroom|58/100|[from] item: Rocky Helmet|[of] p2a: Corviknight\n|move|p2a: Corviknight|Body Press|p1a: Revavroom\n|-damage|p1a: Revavroom|32/100\n|\n|upkeep\n|turn|14\n|\n|t:|1782450040\n|move|p1a: Revavroom|Shift Gear|p1a: Revavroom\n|-boost|p1a: Revavroom|spe|2\n|-boost|p1a: Revavroom|atk|1\n|move|p2a: Corviknight|Roost|p2a: Corviknight\n|-heal|p2a: Corviknight|98/100\n|-singleturn|p2a: Corviknight|move: Roost\n|\n|upkeep\n|turn|15\n|\n|t:|1782450049\n|move|p1a: Revavroom|Shift Gear|p1a: Revavroom\n|-boost|p1a: Revavroom|spe|2\n|-boost|p1a: Revavroom|atk|1\n|move|p2a: Corviknight|Body Press|p1a: Revavroom\n|-damage|p1a: Revavroom|6/100\n|\n|upkeep\n|turn|16\n|\n|t:|1782450056\n|move|p1a: Revavroom|Iron Head|p2a: Corviknight\n|-resisted|p2a: Corviknight\n|-damage|p2a: Corviknight|49/100\n|-damage|p1a: Revavroom|0 fnt|[from] item: Rocky Helmet|[of] p2a: Corviknight\n|faint|p1a: Revavroom\n|move|p2a: Corviknight|Body Press|p1: Revavroom|[notarget]\n|-fail|p2a: Corviknight\n|\n|upkeep\n|\n|t:|1782450063\n|switch|p1a: Donphan|Donphan, M|84/100\n|turn|17\n|\n|t:|1782450069\n|move|p2a: Corviknight|Roost|p2a: Corviknight\n|-heal|p2a: Corviknight|99/100\n|-singleturn|p2a: Corviknight|move: Roost\n|move|p1a: Donphan|Earthquake|p2a: Corviknight\n|-supereffective|p2a: Corviknight\n|-damage|p2a: Corviknight|23/100\n|\n|upkeep\n|turn|18\n|\n|t:|1782450081\n|move|p2a: Corviknight|Brave Bird|p1a: Donphan\n|-damage|p1a: Donphan|59/100\n|-damage|p2a: Corviknight|6/100|[from] item: Rocky Helmet|[of] p1a: Donphan\n|-damage|p2a: Corviknight|0 fnt|[from] Recoil\n|faint|p2a: Corviknight\n|move|p1a: Donphan|Body Slam|p2: Corviknight|[notarget]\n|-fail|p1a: Donphan\n|\n|upkeep\n|\n|t:|1782450089\n|switch|p2a: Ribombee|Ribombee, F|100/100\n|turn|19\n|\n|t:|1782450101\n|move|p2a: Ribombee|Quiver Dance|p2a: Ribombee\n|-boost|p2a: Ribombee|spa|1\n|-boost|p2a: Ribombee|spd|1\n|-boost|p2a: Ribombee|spe|1\n|move|p1a: Donphan|Stealth Rock|p2a: Ribombee\n|-sidestart|p2: swiftift|move: Stealth Rock\n|\n|upkeep\n|turn|20\n|\n|t:|1782450112\n|move|p2a: Ribombee|Quiver Dance|p2a: Ribombee\n|-boost|p2a: Ribombee|spa|1\n|-boost|p2a: Ribombee|spd|1\n|-boost|p2a: Ribombee|spe|1\n|move|p1a: Donphan|Body Slam|p2a: Ribombee\n|-damage|p2a: Ribombee|58/100\n|\n|upkeep\n|turn|21\n|\n|t:|1782450121\n|move|p2a: Ribombee|Alluring Voice|p1a: Donphan\n|-damage|p1a: Donphan|0 fnt\n|faint|p1a: Donphan\n|\n|upkeep\n|\n|t:|1782450124\n|switch|p1a: Talonflame|Talonflame, M|100/100\n|turn|22\n|\n|t:|1782450134\n|move|p2a: Ribombee|Alluring Voice|p1a: Talonflame\n|-resisted|p1a: Talonflame\n|-damage|p1a: Talonflame|50/100\n|move|p1a: Talonflame|Flare Blitz|p2a: Ribombee\n|-supereffective|p2a: Ribombee\n|-damage|p2a: Ribombee|0 fnt\n|faint|p2a: Ribombee\n|-damage|p1a: Talonflame|33/100|[from] Recoil\n|-damage|p1a: Talonflame|24/100|[from] item: Life Orb\n|\n|upkeep\n|\n|t:|1782450138\n|switch|p2a: Slither Wing|Slither Wing, shiny|78/100\n|-damage|p2a: Slither Wing|66/100|[from] Stealth Rock\n|turn|23\n|\n|t:|1782450148\n|move|p2a: Slither Wing|First Impression|p1a: Talonflame\n|-resisted|p1a: Talonflame\n|-damage|p1a: Talonflame|0 fnt\n|faint|p1a: Talonflame\n|-damage|p2a: Slither Wing|56/100|[from] item: Life Orb\n|\n|upkeep\n|\n|t:|1782450151\n|switch|p1a: Metagross|Metagross|100/100\n|turn|24\n|\n|t:|1782450160\n|move|p2a: Slither Wing|Flare Blitz|p1a: Metagross\n|-supereffective|p1a: Metagross\n|-damage|p1a: Metagross|16/100\n|-damage|p2a: Slither Wing|26/100|[from] Recoil\n|-damage|p2a: Slither Wing|17/100|[from] item: Life Orb\n|move|p1a: Metagross|Psychic Fangs|p2a: Slither Wing\n|-supereffective|p2a: Slither Wing\n|-damage|p2a: Slither Wing|0 fnt\n|faint|p2a: Slither Wing\n|-end|p2a: Slither Wing|Protosynthesis|[silent]\n|\n|-heal|p1a: Metagross|22/100|[from] item: Leftovers\n|upkeep\n|\n|t:|1782450165\n|switch|p2a: Kingambit|Kingambit, F, shiny|100/100\n|-damage|p2a: Kingambit|94/100|[from] Stealth Rock\n|-activate|p2a: Kingambit|ability: Supreme Overlord\n|-start|p2a: Kingambit|fallen4|[silent]\n|turn|25\n|\n|t:|1782450169\n|-singleturn|p1a: Metagross|move: Focus Punch\n|move|p2a: Kingambit|Sucker Punch|p1a: Metagross\n|-supereffective|p1a: Metagross\n|-damage|p1a: Metagross|0 fnt\n|faint|p1a: Metagross\n|\n|win|swiftift\n|raw|tcurtsedfles's rating: 1117 &rarr; <strong>1093</strong><br />(-24 for losing)\n|raw|swiftift's rating: 1128 &rarr; <strong>1152</strong><br />(+24 for winning)\n|l|☆swiftift\n|player|p2|\n|l|☆tcurtsedfles\n|player|p1|\n", "uploadtime": 1782450451, "views": 5, "formatid": "gen9ou", "rating": 1093, "private": 0, "password": null}