{"id": "gen9ou-2647831185", "format": "[Gen 9] OU", "players": ["LEMONeD2679", "siryazed"], "log": "|j|☆LEMONeD2679\n|j|☆siryazed\n|t:|1783820305\n|gametype|singles\n|player|p1|LEMONeD2679|fisherman-gen4|1199\n|player|p2|siryazed|266|1119\n|gen|9\n|tier|[Gen 9] OU\n|rated|\n|rule|HP Percentage Mod: HP is shown in percentages\n|rule|Endless Battle Clause: Forcing endless battles is banned\n|rule|Species Clause: Limit one of each Pokémon\n|rule|OHKO Clause: OHKO moves are banned\n|rule|Evasion Items Clause: Evasion items are banned\n|rule|Evasion Moves Clause: Evasion moves are banned\n|rule|Evasion Abilities Clause: Evasion abilities are banned\n|rule|Sleep Moves Clause: Sleep-inducing moves are banned\n|clearpoke\n|poke|p1|Dragonite, M|\n|poke|p1|Lilligant, F|\n|poke|p1|Toxapex, F|\n|poke|p1|Cloyster, M|\n|poke|p1|Porygon2|\n|poke|p1|Torkoal, F|\n|poke|p2|Iron Moth|\n|poke|p2|Gholdengo|\n|poke|p2|Deoxys-Speed|\n|poke|p2|Ogerpon-Wellspring, F|\n|poke|p2|Great Tusk|\n|poke|p2|Dragapult, F|\n|teampreview\n|inactive|Battle timer is ON: inactive players will automatically lose when time's up. (requested by LEMONeD2679)\n|\n|t:|1783820313\n|teamsize|p1|6\n|teamsize|p2|6\n|start\n|switch|p1a: Torkoal|Torkoal, F|100/100\n|switch|p2a: Iron Moth|Iron Moth|100/100\n|-weather|SunnyDay|[from] ability: Drought|[of] p1a: Torkoal\n|turn|1\n|\n|t:|1783820317\n|move|p2a: Iron Moth|Fiery Dance|p1a: Torkoal\n|-resisted|p1a: Torkoal\n|-damage|p1a: Torkoal|65/100\n|-boost|p2a: Iron Moth|spa|1\n|move|p1a: Torkoal|Scorching Sands|p2a: Iron Moth\n|-supereffective|p2a: Iron Moth\n|-damage|p2a: Iron Moth|30/100\n|\n|-weather|SunnyDay|[upkeep]\n|upkeep\n|turn|2\n|\n|t:|1783820326\n|move|p2a: Iron Moth|Sludge Wave|p1a: Torkoal\n|-damage|p1a: Torkoal|0 fnt\n|faint|p1a: Torkoal\n|\n|-weather|SunnyDay|[upkeep]\n|upkeep\n|\n|t:|1783820336\n|switch|p1a: Cloyster|Cloyster, M|100/100\n|turn|3\n|\n|t:|1783820341\n|move|p2a: Iron Moth|Energy Ball|p1a: Cloyster\n|-supereffective|p1a: Cloyster\n|-enditem|p1a: Cloyster|Focus Sash\n|-damage|p1a: Cloyster|1/100\n|-unboost|p1a: Cloyster|spd|1\n|move|p1a: Cloyster|Shell Smash|p1a: Cloyster\n|-unboost|p1a: Cloyster|def|1\n|-unboost|p1a: Cloyster|spd|1\n|-boost|p1a: Cloyster|atk|2\n|-boost|p1a: Cloyster|spa|2\n|-boost|p1a: Cloyster|spe|2\n|\n|-weather|SunnyDay|[upkeep]\n|upkeep\n|turn|4\n|\n|t:|1783820360\n|move|p1a: Cloyster|Liquidation|p2a: Iron Moth\n|-supereffective|p2a: Iron Moth\n|-damage|p2a: Iron Moth|0 fnt\n|faint|p2a: Iron Moth\n|-end|p2a: Iron Moth|Quark Drive|[silent]\n|\n|-weather|SunnyDay|[upkeep]\n|upkeep\n|\n|t:|1783820371\n|switch|p2a: Gholdengo|Gholdengo|100/100\n|turn|5\n|\n|t:|1783820382\n|move|p1a: Cloyster|Liquidation|p2a: Gholdengo\n|-damage|p2a: Gholdengo|57/100\n|move|p2a: Gholdengo|Make It Rain|p1a: Cloyster\n|-damage|p1a: Cloyster|0 fnt\n|-unboost|p2a: Gholdengo|spa|1\n|faint|p1a: Cloyster\n|\n|-weather|none\n|upkeep\n|\n|t:|1783820392\n|switch|p1a: Porygon2|Porygon2|100/100\n|-ability|p1a: Porygon2|Good as Gold|Trace|[from] ability: Trace|[of] p2a: Gholdengo\n|turn|6\n|\n|t:|1783820396\n|switch|p2a: Great Tusk|Great Tusk|100/100\n|-terastallize|p1a: Porygon2|Ghost\n|move|p1a: Porygon2|Shadow Ball|p2a: Great Tusk\n|-damage|p2a: Great Tusk|69/100\n|-unboost|p2a: Great Tusk|spd|1\n|\n|upkeep\n|turn|7\n|\n|t:|1783820405\n|move|p2a: Great Tusk|Headlong Rush|p1a: Porygon2\n|-damage|p1a: Porygon2|56/100\n|-unboost|p2a: Great Tusk|def|1\n|-unboost|p2a: Great Tusk|spd|1\n|move|p1a: Porygon2|Ice Beam|p2a: Great Tusk\n|-supereffective|p2a: Great Tusk\n|-damage|p2a: Great Tusk|0 fnt\n|faint|p2a: Great Tusk\n|-end|p2a: Great Tusk|Protosynthesis|[silent]\n|\n|upkeep\n|\n|t:|1783820412\n|switch|p2a: Dragapult|Dragapult, F|100/100\n|turn|8\n|\n|t:|1783820421\n|move|p2a: Dragapult|Shadow Ball|p1a: Porygon2\n|-supereffective|p1a: Porygon2\n|-damage|p1a: Porygon2|0 fnt\n|faint|p1a: Porygon2\n|\n|upkeep\n|\n|t:|1783820427\n|switch|p1a: Dragonite|Dragonite, M|100/100\n|turn|9\n|\n|t:|1783820430\n|switch|p2a: Deoxys|Deoxys-Speed|100/100\n|-ability|p2a: Deoxys|Pressure\n|move|p1a: Dragonite|Scale Shot|p2a: Deoxys\n|-damage|p2a: Deoxys|84/100\n|-damage|p2a: Deoxys|66/100\n|-damage|p2a: Deoxys|51/100\n|-damage|p2a: Deoxys|33/100\n|-hitcount|p2a: Deoxys|4\n|-unboost|p1a: Dragonite|def|1\n|-boost|p1a: Dragonite|spe|1\n|\n|upkeep\n|turn|10\n|\n|t:|1783820450\n|move|p2a: Deoxys|Psycho Boost|p1a: Dragonite\n|-damage|p1a: Dragonite|72/100\n|-unboost|p2a: Deoxys|spa|2\n|move|p1a: Dragonite|Scale Shot|p2a: Deoxys\n|-damage|p2a: Deoxys|16/100\n|-damage|p2a: Deoxys|0 fnt\n|faint|p2a: Deoxys\n|-hitcount|p2: Deoxys|2\n|-unboost|p1a: Dragonite|def|1\n|-boost|p1a: Dragonite|spe|1\n|\n|upkeep\n|\n|t:|1783820466\n|switch|p2a: Ogerpon|Ogerpon-Wellspring, F|100/100\n|turn|11\n|\n|t:|1783820474\n|move|p1a: Dragonite|Flamethrower|p2a: Ogerpon\n|-damage|p2a: Ogerpon|76/100\n|move|p2a: Ogerpon|Knock Off|p1a: Dragonite\n|-crit|p1a: Dragonite\n|-damage|p1a: Dragonite|0 fnt\n|-enditem|p1a: Dragonite|Loaded Dice|[from] move: Knock Off|[of] p2a: Ogerpon\n|faint|p1a: Dragonite\n|\n|upkeep\n|\n|t:|1783820480\n|switch|p1a: Toxapex|Toxapex, F|100/100\n|turn|12\n|\n|t:|1783820487\n|move|p2a: Ogerpon|Swords Dance|p2a: Ogerpon\n|-boost|p2a: Ogerpon|atk|2\n|move|p1a: Toxapex|Infestation|p2a: Ogerpon\n|-supereffective|p2a: Ogerpon\n|-damage|p2a: Ogerpon|66/100\n|-activate|p2a: Ogerpon|move: Infestation|[of] p1a: Toxapex\n|\n|-damage|p2a: Ogerpon|53/100|[from] move: Infestation|[partiallytrapped]\n|upkeep\n|turn|13\n|\n|t:|1783820495\n|move|p2a: Ogerpon|Swords Dance|p2a: Ogerpon\n|-boost|p2a: Ogerpon|atk|2\n|move|p1a: Toxapex|Haze|p1a: Toxapex\n|-clearallboost\n|\n|-damage|p2a: Ogerpon|41/100|[from] move: Infestation|[partiallytrapped]\n|upkeep\n|turn|14\n|\n|t:|1783820500\n|move|p2a: Ogerpon|Knock Off|p1a: Toxapex\n|-damage|p1a: Toxapex|68/100\n|-enditem|p1a: Toxapex|Black Sludge|[from] move: Knock Off|[of] p2a: Ogerpon\n|move|p1a: Toxapex|Haze|p1a: Toxapex\n|-clearallboost\n|\n|-damage|p2a: Ogerpon|29/100|[from] move: Infestation|[partiallytrapped]\n|upkeep\n|turn|15\n|\n|t:|1783820508\n|move|p1a: Toxapex|Baneful Bunker|p1a: Toxapex\n|-singleturn|p1a: Toxapex|move: Protect\n|move|p2a: Ogerpon|Trailblaze|p1a: Toxapex\n|-activate|p1a: Toxapex|move: Protect\n|-status|p2a: Ogerpon|psn\n|\n|-damage|p2a: Ogerpon|17/100 psn|[from] psn\n|-damage|p2a: Ogerpon|4/100 psn|[from] move: Infestation|[partiallytrapped]\n|upkeep\n|turn|16\n|\n|t:|1783820518\n|move|p1a: Toxapex|Baneful Bunker||[still]\n|-fail|p1a: Toxapex\n|move|p2a: Ogerpon|Trailblaze|p1a: Toxapex\n|-damage|p1a: Toxapex|45/100\n|-boost|p2a: Ogerpon|spe|1\n|\n|-damage|p2a: Ogerpon|0 fnt|[from] psn\n|faint|p2a: Ogerpon\n|upkeep\n|\n|t:|1783820524\n|switch|p2a: Dragapult|Dragapult, F|100/100\n|turn|17\n|\n|t:|1783820528\n|move|p2a: Dragapult|Draco Meteor|p1a: Toxapex\n|-crit|p1a: Toxapex\n|-damage|p1a: Toxapex|0 fnt\n|-unboost|p2a: Dragapult|spa|2\n|faint|p1a: Toxapex\n|\n|upkeep\n|\n|t:|1783820531\n|switch|p1a: Lilligant|Lilligant, F|100/100\n|turn|18\n|\n|t:|1783820535\n|move|p2a: Dragapult|Draco Meteor|p1a: Lilligant\n|-damage|p1a: Lilligant|34/100\n|-unboost|p2a: Dragapult|spa|2\n|move|p1a: Lilligant|Alluring Voice|p2a: Dragapult\n|-supereffective|p2a: Dragapult\n|-damage|p2a: Dragapult|26/100\n|\n|-heal|p1a: Lilligant|40/100|[from] item: Leftovers\n|upkeep\n|turn|19\n|\n|t:|1783820543\n|switch|p2a: Gholdengo|Gholdengo|57/100\n|move|p1a: Lilligant|Giga Drain|p2a: Gholdengo\n|-resisted|p2a: Gholdengo\n|-damage|p2a: Gholdengo|33/100\n|-heal|p1a: Lilligant|54/100|[from] drain|[of] p2a: Gholdengo\n|\n|-heal|p1a: Lilligant|60/100|[from] item: Leftovers\n|upkeep\n|turn|20\n|\n|t:|1783820552\n|-terastallize|p2a: Gholdengo|Steel\n|move|p2a: Gholdengo|Make It Rain|p1a: Lilligant\n|-damage|p1a: Lilligant|0 fnt\n|-unboost|p2a: Gholdengo|spa|1\n|faint|p1a: Lilligant\n|\n|win|siryazed\n|raw|LEMONeD2679's rating: 1199 &rarr; <strong>1168</strong><br />(-31 for losing)\n|raw|siryazed's rating: 1119 &rarr; <strong>1150</strong><br />(+31 for winning)\n|l|☆LEMONeD2679\n|player|p1|\n|l|☆siryazed\n|player|p2|\n", "uploadtime": 1783820847, "views": 7, "formatid": "gen9ou", "rating": 1150, "private": 0, "password": null}