{"id": "gen9ou-2639300760", "format": "[Gen 9] OU", "players": ["OUBotBeepBoop", "poorlittlepawn"], "log": "|j|☆OUBotBeepBoop\n|j|☆poorlittlepawn\n|t:|1782448738\n|gametype|singles\n|player|p1|OUBotBeepBoop|2|1118\n|player|p2|poorlittlepawn|psychic|1133\n|gen|9\n|tier|[Gen 9] OU\n|rated|\n|rule|HP Percentage Mod: HP is shown in percentages\n|rule|Endless Battle Clause: Forcing endless battles is banned\n|rule|Species Clause: Limit one of each Pokémon\n|rule|OHKO Clause: OHKO moves are banned\n|rule|Evasion Items Clause: Evasion items are banned\n|rule|Evasion Moves Clause: Evasion moves are banned\n|rule|Evasion Abilities Clause: Evasion abilities are banned\n|rule|Sleep Moves Clause: Sleep-inducing moves are banned\n|clearpoke\n|poke|p1|Glimmora, F|\n|poke|p1|Great Tusk|\n|poke|p1|Kingambit, M|\n|poke|p1|Dragapult, F|\n|poke|p1|Clefable, M|\n|poke|p1|Corviknight, M|\n|poke|p2|Latios, M|\n|poke|p2|Incineroar, M|\n|poke|p2|Ditto|\n|poke|p2|Hatterene, F|\n|poke|p2|Ogerpon-Wellspring, F|\n|poke|p2|Forretress, M|\n|teampreview\n|\n|t:|1782448812\n|teamsize|p1|6\n|teamsize|p2|6\n|start\n|switch|p1a: Glimmora|Glimmora, F|100/100\n|switch|p2a: Ogerpon|Ogerpon-Wellspring, F|100/100\n|turn|1\n|\n|t:|1782448823\n|switch|p1a: Kingambit|Kingambit, M|100/100\n|move|p2a: Ogerpon|Leech Seed|p1a: Kingambit\n|-start|p1a: Kingambit|move: Leech Seed\n|\n|-damage|p1a: Kingambit|88/100|[from] Leech Seed|[of] p2a: Ogerpon\n|upkeep\n|turn|2\n|\n|t:|1782448832\n|move|p1a: Kingambit|Sucker Punch|p2a: Ogerpon\n|-damage|p2a: Ogerpon|45/100\n|move|p2a: Ogerpon|U-turn|p1a: Kingambit\n|-damage|p1a: Kingambit|70/100\n|\n|t:|1782448837\n|switch|p2a: Incineroar|Incineroar, M|100/100|[from] U-turn\n|-ability|p2a: Incineroar|Intimidate|boost\n|-unboost|p1a: Kingambit|atk|1\n|\n|-damage|p1a: Kingambit|57/100|[from] Leech Seed|[of] p2a: Incineroar\n|upkeep\n|turn|3\n|\n|t:|1782448847\n|-end|p1a: Kingambit|fallenundefined|[silent]\n|switch|p1a: Great Tusk|Great Tusk|100/100\n|move|p2a: Incineroar|Drain Punch|p1a: Great Tusk\n|-damage|p1a: Great Tusk|84/100\n|\n|upkeep\n|turn|4\n|\n|t:|1782448855\n|move|p1a: Great Tusk|Headlong Rush|p2a: Incineroar\n|-supereffective|p2a: Incineroar\n|-damage|p2a: Incineroar|0 fnt\n|-unboost|p1a: Great Tusk|def|1\n|-unboost|p1a: Great Tusk|spd|1\n|faint|p2a: Incineroar\n|\n|upkeep\n|\n|t:|1782448862\n|switch|p2a: Latios|Latios, M|100/100\n|turn|5\n|\n|t:|1782448866\n|-terastallize|p1a: Great Tusk|Ground\n|move|p2a: Latios|Ice Beam|p1a: Great Tusk\n|-supereffective|p1a: Great Tusk\n|-damage|p1a: Great Tusk|0 fnt\n|faint|p1a: Great Tusk\n|-end|p1a: Great Tusk|Protosynthesis|[silent]\n|\n|upkeep\n|\n|t:|1782448866\n|switch|p1a: Corviknight|Corviknight, M|100/100\n|-ability|p1a: Corviknight|Pressure\n|turn|6\n|\n|t:|1782448876\n|-terastallize|p2a: Latios|Electric\n|move|p2a: Latios|Thunderbolt|p1a: Corviknight\n|-supereffective|p1a: Corviknight\n|-damage|p1a: Corviknight|13/100\n|move|p1a: Corviknight|U-turn|p2a: Latios\n|-damage|p2a: Latios|83/100\n|\n|t:|1782448876\n|switch|p1a: Clefable|Clefable, M|100/100|[from] U-turn\n|\n|upkeep\n|turn|7\n|\n|t:|1782448891\n|move|p2a: Latios|Thunderbolt|p1a: Clefable\n|-damage|p1a: Clefable|53/100\n|move|p1a: Clefable|Moonblast|p2a: Latios\n|-damage|p2a: Latios|51/100\n|\n|-heal|p1a: Clefable|59/100|[from] item: Leftovers\n|upkeep\n|turn|8\n|\n|t:|1782448898\n|move|p2a: Latios|Thunderbolt|p1a: Clefable\n|-damage|p1a: Clefable|15/100\n|-status|p1a: Clefable|par\n|move|p1a: Clefable|Moonblast|p2a: Latios\n|-damage|p2a: Latios|18/100\n|-unboost|p2a: Latios|spa|1\n|\n|-heal|p1a: Clefable|21/100 par|[from] item: Leftovers\n|upkeep\n|turn|9\n|\n|t:|1782448908\n|move|p2a: Latios|Thunderbolt|p1a: Clefable\n|-damage|p1a: Clefable|0 fnt\n|faint|p1a: Clefable\n|\n|upkeep\n|\n|t:|1782448908\n|switch|p1a: Kingambit|Kingambit, M|57/100\n|-activate|p1a: Kingambit|ability: Supreme Overlord\n|-start|p1a: Kingambit|fallen2|[silent]\n|turn|10\n|\n|t:|1782448934\n|move|p1a: Kingambit|Sucker Punch||[still]\n|-fail|p1a: Kingambit\n|move|p2a: Latios|Rest|p2a: Latios\n|-status|p2a: Latios|slp|[from] move: Rest\n|-heal|p2a: Latios|100/100 slp|[silent]\n|-enditem|p2a: Latios|Chesto Berry|[eat]\n|-curestatus|p2a: Latios|slp|[msg]\n|\n|upkeep\n|turn|11\n|\n|t:|1782448943\n|move|p2a: Latios|Thunderbolt|p1a: Kingambit\n|-damage|p1a: Kingambit|27/100\n|move|p1a: Kingambit|Kowtow Cleave|p2a: Latios\n|-damage|p2a: Latios|25/100\n|\n|upkeep\n|turn|12\n|\n|t:|1782448950\n|move|p1a: Kingambit|Sucker Punch||[still]\n|-fail|p1a: Kingambit\n|move|p2a: Latios|Rest|p2a: Latios\n|-status|p2a: Latios|slp|[from] move: Rest\n|-heal|p2a: Latios|100/100 slp|[silent]\n|\n|upkeep\n|turn|13\n|\n|t:|1782448957\n|move|p1a: Kingambit|Sucker Punch||[still]\n|-fail|p1a: Kingambit\n|cant|p2a: Latios|slp\n|move|p2a: Latios|Sleep Talk|p2a: Latios\n|move|p2a: Latios|Thunderbolt|p1a: Kingambit|[from] move: Sleep Talk\n|-damage|p1a: Kingambit|0 fnt\n|faint|p1a: Kingambit\n|-end|p1a: Kingambit|fallen2|[silent]\n|\n|upkeep\n|\n|t:|1782448957\n|switch|p1a: Dragapult|Dragapult, F|100/100\n|turn|14\n|\n|t:|1782448967\n|move|p1a: Dragapult|U-turn|p2a: Latios\n|-damage|p2a: Latios|80/100 slp\n|\n|t:|1782448967\n|switch|p1a: Glimmora|Glimmora, F|100/100|[from] U-turn\n|cant|p2a: Latios|slp\n|move|p2a: Latios|Sleep Talk|p2a: Latios\n|move|p2a: Latios|Thunderbolt|p1a: Glimmora|[from] move: Sleep Talk\n|-damage|p1a: Glimmora|58/100\n|-status|p1a: Glimmora|par\n|\n|upkeep\n|turn|15\n|\n|t:|1782449011\n|-curestatus|p2a: Latios|slp|[msg]\n|move|p2a: Latios|Rest|p2a: Latios\n|-status|p2a: Latios|slp|[from] move: Rest\n|-heal|p2a: Latios|100/100 slp|[silent]\n|move|p1a: Glimmora|Power Gem|p2a: Latios\n|-damage|p2a: Latios|55/100 slp\n|\n|upkeep\n|turn|16\n|\n|t:|1782449033\n|cant|p2a: Latios|slp\n|move|p2a: Latios|Sleep Talk|p2a: Latios\n|move|p2a: Latios|Ice Beam|p1a: Glimmora|[from] move: Sleep Talk\n|-damage|p1a: Glimmora|32/100 par\n|move|p1a: Glimmora|Power Gem|p2a: Latios\n|-crit|p2a: Latios\n|-damage|p2a: Latios|0 fnt\n|faint|p2a: Latios\n|\n|upkeep\n|\n|t:|1782449045\n|switch|p2a: Ogerpon|Ogerpon-Wellspring, F|45/100\n|turn|17\n|\n|t:|1782449055\n|switch|p1a: Dragapult|Dragapult, F|100/100\n|move|p2a: Ogerpon|Leech Seed|p1a: Dragapult\n|-start|p1a: Dragapult|move: Leech Seed\n|\n|-damage|p1a: Dragapult|88/100|[from] Leech Seed|[of] p2a: Ogerpon\n|-heal|p2a: Ogerpon|56/100|[silent]\n|upkeep\n|turn|18\n|\n|t:|1782449077\n|move|p1a: Dragapult|Shadow Ball|p2a: Ogerpon\n|-damage|p2a: Ogerpon|7/100\n|move|p2a: Ogerpon|U-turn|p1a: Dragapult\n|-resisted|p1a: Dragapult\n|-damage|p1a: Dragapult|73/100\n|\n|t:|1782449084\n|switch|p2a: Forretress|Forretress, M|100/100|[from] U-turn\n|\n|-damage|p1a: Dragapult|60/100|[from] Leech Seed|[of] p2a: Forretress\n|upkeep\n|turn|19\n|\n|t:|1782449090\n|move|p1a: Dragapult|Shadow Ball|p2a: Forretress\n|-damage|p2a: Forretress|38/100\n|move|p2a: Forretress|Curse|p2a: Forretress\n|-unboost|p2a: Forretress|spe|1\n|-boost|p2a: Forretress|atk|1\n|-boost|p2a: Forretress|def|1\n|\n|-damage|p1a: Dragapult|48/100|[from] Leech Seed|[of] p2a: Forretress\n|-heal|p2a: Forretress|51/100|[silent]\n|upkeep\n|turn|20\n|\n|t:|1782449100\n|move|p1a: Dragapult|Shadow Ball|p2a: Forretress\n|-damage|p2a: Forretress|0 fnt\n|faint|p2a: Forretress\n|\n|upkeep\n|\n|t:|1782449106\n|switch|p2a: Ditto|Ditto|100/100\n|-transform|p2a: Ditto|p1a: Dragapult|[from] ability: Imposter\n|turn|21\n|\n|t:|1782449111\n|move|p2a: Ditto|Shadow Ball|p1a: Dragapult\n|-supereffective|p1a: Dragapult\n|-damage|p1a: Dragapult|0 fnt\n|faint|p1a: Dragapult\n|\n|upkeep\n|\n|t:|1782449111\n|switch|p1a: Glimmora|Glimmora, F|32/100 par\n|turn|22\n|\n|t:|1782449120\n|move|p2a: Ditto|Shadow Ball|p1a: Glimmora\n|-damage|p1a: Glimmora|0 fnt\n|faint|p1a: Glimmora\n|\n|upkeep\n|\n|t:|1782449120\n|switch|p1a: Corviknight|Corviknight, M|13/100\n|-ability|p1a: Corviknight|Pressure\n|turn|23\n|\n|t:|1782449128\n|move|p2a: Ditto|Shadow Ball|p1a: Corviknight\n|-damage|p1a: Corviknight|0 fnt\n|faint|p1a: Corviknight\n|\n|win|poorlittlepawn\n|raw|OUBotBeepBoop's rating: 1118 &rarr; <strong>1094</strong><br />(-24 for losing)\n|raw|poorlittlepawn's rating: 1133 &rarr; <strong>1157</strong><br />(+24 for winning)\n|l|☆OUBotBeepBoop\n|player|p1|\n|l|☆poorlittlepawn\n|player|p2|\n", "uploadtime": 1782449509, "views": 3, "formatid": "gen9ou", "rating": 1094, "private": 0, "password": null}