{"id": "gen9ou-2647728220", "format": "[Gen 9] OU", "players": ["Jsgb50", "Dr Meowth2067"], "log": "|j|☆Jsgb50\n|j|☆Dr Meowth2067\n|t:|1783802626\n|gametype|singles\n|player|p1|Jsgb50|102|1066\n|player|p2|Dr Meowth2067|scientist|1105\n|gen|9\n|tier|[Gen 9] OU\n|rated|\n|rule|HP Percentage Mod: HP is shown in percentages\n|rule|Endless Battle Clause: Forcing endless battles is banned\n|rule|Species Clause: Limit one of each Pokémon\n|rule|OHKO Clause: OHKO moves are banned\n|rule|Evasion Items Clause: Evasion items are banned\n|rule|Evasion Moves Clause: Evasion moves are banned\n|rule|Evasion Abilities Clause: Evasion abilities are banned\n|rule|Sleep Moves Clause: Sleep-inducing moves are banned\n|clearpoke\n|poke|p1|Venusaur, M|\n|poke|p1|Weezing, M|\n|poke|p1|Sneasel, F|\n|poke|p1|Jolteon, F|\n|poke|p1|Sandslash, M|\n|poke|p1|Houndoom, M|\n|poke|p2|Snorlax, M|\n|poke|p2|Garganacl, M|\n|poke|p2|Whimsicott, F|\n|poke|p2|Gengar, M|\n|poke|p2|Bronzong|\n|poke|p2|Samurott-Hisui, M|\n|teampreview\n|inactive|Battle timer is ON: inactive players will automatically lose when time's up. (requested by Jsgb50)\n|\n|t:|1783802643\n|teamsize|p1|6\n|teamsize|p2|6\n|start\n|switch|p1a: Weezing|Weezing, M|100/100\n|switch|p2a: Bronzong|Bronzong|100/100\n|turn|1\n|\n|t:|1783802652\n|move|p1a: Weezing|Will-O-Wisp|p2a: Bronzong\n|-status|p2a: Bronzong|brn\n|move|p2a: Bronzong|Stealth Rock|p1a: Weezing\n|-sidestart|p1: Jsgb50|move: Stealth Rock\n|\n|-damage|p2a: Bronzong|94/100 brn|[from] brn\n|upkeep\n|turn|2\n|\n|t:|1783802666\n|switch|p2a: Garganacl|Garganacl, M, shiny|100/100\n|move|p1a: Weezing|Toxic Spikes|p2a: Garganacl\n|-sidestart|p2: Dr Meowth2067|move: Toxic Spikes\n|\n|upkeep\n|turn|3\n|\n|t:|1783802673\n|move|p1a: Weezing|Will-O-Wisp|p2a: Garganacl\n|-immune|p2a: Garganacl|[from] ability: Purifying Salt\n|move|p2a: Garganacl|Salt Cure|p1a: Weezing\n|-damage|p1a: Weezing|91/100\n|-start|p1a: Weezing|Salt Cure\n|\n|-damage|p1a: Weezing|79/100|[from] Salt Cure\n|upkeep\n|turn|4\n|\n|t:|1783802684\n|switch|p1a: Sandslash|Sandslash, M|100/100\n|move|p2a: Garganacl|Substitute|p2a: Garganacl\n|-start|p2a: Garganacl|Substitute\n|-damage|p2a: Garganacl|75/100\n|\n|-heal|p2a: Garganacl|82/100|[from] item: Leftovers\n|upkeep\n|turn|5\n|\n|t:|1783802693\n|move|p1a: Sandslash|Earthquake|p2a: Garganacl\n|-supereffective|p2a: Garganacl\n|-end|p2a: Garganacl|Substitute\n|move|p2a: Garganacl|Salt Cure|p1a: Sandslash\n|-resisted|p1a: Sandslash\n|-damage|p1a: Sandslash|96/100\n|-start|p1a: Sandslash|Salt Cure\n|\n|-heal|p2a: Garganacl|88/100|[from] item: Leftovers\n|-damage|p1a: Sandslash|84/100|[from] Salt Cure\n|upkeep\n|turn|6\n|\n|t:|1783802704\n|move|p2a: Garganacl|Protect|p2a: Garganacl\n|-singleturn|p2a: Garganacl|Protect\n|move|p1a: Sandslash|Rapid Spin|p2a: Garganacl\n|-activate|p2a: Garganacl|move: Protect\n|\n|-heal|p2a: Garganacl|94/100|[from] item: Leftovers\n|-damage|p1a: Sandslash|71/100|[from] Salt Cure\n|upkeep\n|turn|7\n|\n|t:|1783802714\n|switch|p2a: Gengar|Gengar, M|100/100\n|-sideend|p2: Dr Meowth2067|move: Toxic Spikes|[of] p2a: Gengar\n|move|p1a: Sandslash|Rapid Spin|p2a: Gengar\n|-immune|p2a: Gengar\n|\n|-damage|p1a: Sandslash|59/100|[from] Salt Cure\n|upkeep\n|turn|8\n|\n|t:|1783802735\n|switch|p1a: Weezing|Weezing, M|79/100\n|-damage|p1a: Weezing|67/100|[from] Stealth Rock\n|move|p2a: Gengar|Will-O-Wisp|p1a: Weezing\n|-status|p1a: Weezing|brn\n|\n|-damage|p1a: Weezing|61/100 brn|[from] brn\n|upkeep\n|turn|9\n|\n|t:|1783802749\n|move|p2a: Gengar|Protect|p2a: Gengar\n|-singleturn|p2a: Gengar|Protect\n|move|p1a: Weezing|Will-O-Wisp|p2a: Gengar\n|-activate|p2a: Gengar|move: Protect\n|\n|-damage|p1a: Weezing|55/100 brn|[from] brn\n|upkeep\n|turn|10\n|\n|t:|1783802760\n|switch|p2a: Garganacl|Garganacl, M, shiny|94/100\n|move|p1a: Weezing|Will-O-Wisp|p2a: Garganacl\n|-immune|p2a: Garganacl|[from] ability: Purifying Salt\n|\n|-heal|p2a: Garganacl|99/100|[from] item: Leftovers\n|-damage|p1a: Weezing|49/100 brn|[from] brn\n|upkeep\n|turn|11\n|\n|t:|1783802771\n|move|p1a: Weezing|Pain Split|p2a: Garganacl\n|-sethp|p2a: Garganacl|70/100|[from] move: Pain Split|[silent]\n|-sethp|p1a: Weezing|85/100 brn|[from] move: Pain Split\n|move|p2a: Garganacl|Salt Cure|p1a: Weezing\n|-damage|p1a: Weezing|75/100 brn\n|-start|p1a: Weezing|Salt Cure\n|\n|-heal|p2a: Garganacl|76/100|[from] item: Leftovers\n|-damage|p1a: Weezing|69/100 brn|[from] brn\n|-damage|p1a: Weezing|57/100 brn|[from] Salt Cure\n|upkeep\n|turn|12\n|\n|t:|1783802788\n|switch|p1a: Sandslash|Sandslash, M|59/100\n|move|p2a: Garganacl|Substitute|p2a: Garganacl\n|-start|p2a: Garganacl|Substitute\n|-damage|p2a: Garganacl|51/100\n|\n|-heal|p2a: Garganacl|58/100|[from] item: Leftovers\n|upkeep\n|turn|13\n|\n|t:|1783802797\n|move|p2a: Garganacl|Protect|p2a: Garganacl\n|-singleturn|p2a: Garganacl|Protect\n|move|p1a: Sandslash|Earthquake|p2a: Garganacl\n|-activate|p2a: Garganacl|move: Protect\n|\n|-heal|p2a: Garganacl|64/100|[from] item: Leftovers\n|upkeep\n|turn|14\n|\n|t:|1783802806\n|move|p1a: Sandslash|Rapid Spin|p2a: Garganacl\n|-resisted|p2a: Garganacl\n|-activate|p2a: Garganacl|move: Substitute|[damage]\n|-sideend|p1: Jsgb50|Stealth Rock|[from] move: Rapid Spin|[of] p1a: Sandslash\n|-boost|p1a: Sandslash|spe|1\n|move|p2a: Garganacl|Salt Cure|p1a: Sandslash\n|-resisted|p1a: Sandslash\n|-damage|p1a: Sandslash|54/100\n|-start|p1a: Sandslash|Salt Cure\n|\n|-heal|p2a: Garganacl|70/100|[from] item: Leftovers\n|-damage|p1a: Sandslash|42/100|[from] Salt Cure\n|upkeep\n|turn|15\n|\n|t:|1783802828\n|switch|p1a: Venusaur|Venusaur, M|100/100\n|move|p2a: Garganacl|Protect||[still]\n|-fail|p2a: Garganacl\n|\n|-heal|p2a: Garganacl|76/100|[from] item: Leftovers\n|upkeep\n|turn|16\n|\n|t:|1783802843\n|move|p2a: Garganacl|Protect|p2a: Garganacl\n|-singleturn|p2a: Garganacl|Protect\n|move|p1a: Venusaur|Knock Off|p2a: Garganacl\n|-activate|p2a: Garganacl|move: Protect\n|\n|-heal|p2a: Garganacl|82/100|[from] item: Leftovers\n|upkeep\n|turn|17\n|\n|t:|1783802854\n|move|p1a: Venusaur|Knock Off|p2a: Garganacl\n|-activate|p2a: Garganacl|move: Substitute|[damage]\n|move|p2a: Garganacl|Salt Cure|p1a: Venusaur\n|-damage|p1a: Venusaur|90/100\n|-start|p1a: Venusaur|Salt Cure\n|\n|-heal|p1a: Venusaur|96/100|[from] item: Leftovers\n|-heal|p2a: Garganacl|89/100|[from] item: Leftovers\n|-damage|p1a: Venusaur|83/100|[from] Salt Cure\n|upkeep\n|turn|18\n|\n|t:|1783802875\n|switch|p1a: Sandslash|Sandslash, M|42/100\n|move|p2a: Garganacl|Protect||[still]\n|-fail|p2a: Garganacl\n|\n|-heal|p2a: Garganacl|95/100|[from] item: Leftovers\n|upkeep\n|turn|19\n|\n|t:|1783802887\n|move|p1a: Sandslash|Earthquake|p2a: Garganacl\n|-supereffective|p2a: Garganacl\n|-end|p2a: Garganacl|Substitute\n|move|p2a: Garganacl|Salt Cure|p1a: Sandslash\n|-resisted|p1a: Sandslash\n|-damage|p1a: Sandslash|38/100\n|-start|p1a: Sandslash|Salt Cure\n|\n|-heal|p2a: Garganacl|100/100|[from] item: Leftovers\n|-damage|p1a: Sandslash|25/100|[from] Salt Cure\n|upkeep\n|turn|20\n|\n|t:|1783802902\n|move|p1a: Sandslash|Earthquake|p2a: Garganacl\n|-supereffective|p2a: Garganacl\n|-damage|p2a: Garganacl|62/100\n|move|p2a: Garganacl|Substitute|p2a: Garganacl\n|-start|p2a: Garganacl|Substitute\n|-damage|p2a: Garganacl|37/100\n|\n|-heal|p2a: Garganacl|43/100|[from] item: Leftovers\n|-damage|p1a: Sandslash|13/100|[from] Salt Cure\n|upkeep\n|turn|21\n|inactive|Jsgb50 has 120 seconds left.\n|\n|t:|1783802928\n|move|p1a: Sandslash|Earthquake|p2a: Garganacl\n|-supereffective|p2a: Garganacl\n|-end|p2a: Garganacl|Substitute\n|move|p2a: Garganacl|Recover|p2a: Garganacl\n|-heal|p2a: Garganacl|93/100\n|\n|-heal|p2a: Garganacl|99/100|[from] item: Leftovers\n|-damage|p1a: Sandslash|0 fnt|[from] Salt Cure\n|faint|p1a: Sandslash\n|upkeep\n|\n|t:|1783802938\n|switch|p1a: Venusaur|Venusaur, M|83/100\n|turn|22\n|\n|t:|1783802943\n|move|p1a: Venusaur|Leech Seed|p2a: Garganacl\n|-start|p2a: Garganacl|move: Leech Seed\n|move|p2a: Garganacl|Salt Cure|p1a: Venusaur\n|-damage|p1a: Venusaur|72/100\n|-start|p1a: Venusaur|Salt Cure\n|\n|-heal|p1a: Venusaur|78/100|[from] item: Leftovers\n|-heal|p2a: Garganacl|100/100|[from] item: Leftovers\n|-damage|p2a: Garganacl|88/100|[from] Leech Seed|[of] p1a: Venusaur\n|-heal|p1a: Venusaur|91/100|[silent]\n|-damage|p1a: Venusaur|79/100|[from] Salt Cure\n|upkeep\n|turn|23\n|\n|t:|1783802965\n|switch|p2a: Snorlax|Snorlax, M|100/100\n|move|p1a: Venusaur|Knock Off|p2a: Snorlax\n|-damage|p2a: Snorlax|89/100\n|-damage|p1a: Venusaur|63/100|[from] item: Rocky Helmet|[of] p2a: Snorlax\n|-enditem|p2a: Snorlax|Rocky Helmet|[from] move: Knock Off|[of] p1a: Venusaur\n|\n|-heal|p1a: Venusaur|69/100|[from] item: Leftovers\n|-damage|p1a: Venusaur|56/100|[from] Salt Cure\n|upkeep\n|turn|24\n|\n|t:|1783802983\n|switch|p2a: Whimsicott|Whimsicott, F|100/100\n|move|p1a: Venusaur|Leech Seed|p2a: Whimsicott\n|-immune|p2a: Whimsicott\n|\n|-heal|p1a: Venusaur|62/100|[from] item: Leftovers\n|-damage|p1a: Venusaur|50/100|[from] Salt Cure\n|upkeep\n|turn|25\n|\n|t:|1783802998\n|switch|p1a: Weezing|Weezing, M|57/100 brn\n|move|p2a: Whimsicott|Encore||[still]\n|-fail|p2a: Whimsicott\n|\n|-damage|p1a: Weezing|51/100 brn|[from] brn\n|upkeep\n|turn|26\n|\n|t:|1783803012\n|move|p2a: Whimsicott|Leech Seed|p1a: Weezing\n|-start|p1a: Weezing|move: Leech Seed\n|move|p1a: Weezing|Will-O-Wisp|p2a: Whimsicott\n|-status|p2a: Whimsicott|brn\n|\n|-damage|p1a: Weezing|39/100 brn|[from] Leech Seed|[of] p2a: Whimsicott\n|-damage|p2a: Whimsicott|95/100 brn|[from] brn\n|-damage|p1a: Weezing|33/100 brn|[from] brn\n|upkeep\n|turn|27\n|\n|t:|1783803025\n|move|p2a: Whimsicott|Substitute|p2a: Whimsicott\n|-start|p2a: Whimsicott|Substitute\n|-damage|p2a: Whimsicott|70/100 brn\n|move|p1a: Weezing|Sludge Bomb|p2a: Whimsicott\n|-supereffective|p2a: Whimsicott\n|-end|p2a: Whimsicott|Substitute\n|\n|-damage|p1a: Weezing|20/100 brn|[from] Leech Seed|[of] p2a: Whimsicott\n|-heal|p2a: Whimsicott|89/100 brn|[silent]\n|-damage|p2a: Whimsicott|83/100 brn|[from] brn\n|-damage|p1a: Weezing|14/100 brn|[from] brn\n|upkeep\n|turn|28\n|\n|t:|1783803038\n|move|p2a: Whimsicott|Protect|p2a: Whimsicott\n|-singleturn|p2a: Whimsicott|Protect\n|move|p1a: Weezing|Sludge Bomb|p2a: Whimsicott\n|-activate|p2a: Whimsicott|move: Protect\n|\n|-damage|p1a: Weezing|2/100 brn|[from] Leech Seed|[of] p2a: Whimsicott\n|-heal|p2a: Whimsicott|100/100 brn|[silent]\n|-damage|p2a: Whimsicott|95/100 brn|[from] brn\n|-damage|p1a: Weezing|0 fnt|[from] brn\n|faint|p1a: Weezing\n|upkeep\n|\n|t:|1783803051\n|switch|p1a: Houndoom|Houndoom, M|100/100\n|turn|29\n|-message|Dr Meowth2067 forfeited.\n|\n|win|Jsgb50\n|raw|Jsgb50's rating: 1066 &rarr; <strong>1099</strong><br />(+33 for winning)\n|raw|Dr Meowth2067's rating: 1105 &rarr; <strong>1077</strong><br />(-28 for losing)\n|l|☆Dr Meowth2067\n|player|p2|\n|l|☆Jsgb50\n|player|p1|\n", "uploadtime": 1783803424, "views": 4, "formatid": "gen9ou", "rating": 1077, "private": 0, "password": null}