{"id": "gen9ou-2639290810", "format": "[Gen 9] OU", "players": ["chamozorra5", "Venison02"], "log": "|j|☆chamozorra5\n|j|☆Venison02\n|t:|1782446898\n|gametype|singles\n|player|p1|chamozorra5|gambler|1053\n|player|p2|Venison02|2|1070\n|gen|9\n|tier|[Gen 9] OU\n|rated|\n|rule|HP Percentage Mod: HP is shown in percentages\n|rule|Endless Battle Clause: Forcing endless battles is banned\n|rule|Species Clause: Limit one of each Pokémon\n|rule|OHKO Clause: OHKO moves are banned\n|rule|Evasion Items Clause: Evasion items are banned\n|rule|Evasion Moves Clause: Evasion moves are banned\n|rule|Evasion Abilities Clause: Evasion abilities are banned\n|rule|Sleep Moves Clause: Sleep-inducing moves are banned\n|clearpoke\n|poke|p1|Gyarados, F|\n|poke|p1|Pelipper, F|\n|poke|p1|Glimmora, F|\n|poke|p1|Kilowattrel, F|\n|poke|p1|Cinderace, M|\n|poke|p1|Great Tusk|\n|poke|p2|Snorlax, F|\n|poke|p2|Glaceon, F|\n|poke|p2|Gholdengo|\n|poke|p2|Cinderace, F|\n|poke|p2|Gyarados, M|\n|poke|p2|Slowking-Galar, F|\n|teampreview\n|\n|t:|1782446912\n|teamsize|p1|6\n|teamsize|p2|6\n|start\n|switch|p1a: Gyarados|Gyarados, F|100/100\n|switch|p2a: mARTY|Slowking-Galar, F|100/100\n|turn|1\n|\n|t:|1782446920\n|switch|p1a: Glimmora|Glimmora, F|100/100\n|move|p2a: mARTY|Toxic Spikes|p1a: Glimmora\n|-sidestart|p1: chamozorra5|move: Toxic Spikes\n|\n|upkeep\n|turn|2\n|\n|t:|1782446928\n|move|p1a: Glimmora|Stealth Rock|p2a: mARTY\n|-sidestart|p2: Venison02|move: Stealth Rock\n|move|p2a: mARTY|Psyshock|p1a: Glimmora\n|-supereffective|p1a: Glimmora\n|-damage|p1a: Glimmora|26/100\n|\n|upkeep\n|turn|3\n|\n|t:|1782446936\n|switch|p1a: Pelipper|Pelipper, F|100/100\n|-weather|RainDance|[from] ability: Drizzle|[of] p1a: Pelipper\n|move|p2a: mARTY|Sludge Bomb|p1a: Pelipper\n|-damage|p1a: Pelipper|46/100\n|\n|-weather|RainDance|[upkeep]\n|-heal|p1a: Pelipper|52/100|[from] item: Leftovers\n|upkeep\n|turn|4\n|\n|t:|1782446956\n|move|p1a: Pelipper|Weather Ball|p2a: mARTY\n|-damage|p2a: mARTY|61/100\n|move|p2a: mARTY|Sludge Bomb|p1a: Pelipper\n|-damage|p1a: Pelipper|1/100\n|-status|p1a: Pelipper|psn\n|\n|-weather|RainDance|[upkeep]\n|-heal|p1a: Pelipper|7/100 psn|[from] item: Leftovers\n|-damage|p1a: Pelipper|0 fnt|[from] psn\n|faint|p1a: Pelipper\n|upkeep\n|\n|t:|1782446969\n|switch|p1a: Glimmora|Glimmora, F|26/100\n|-sideend|p1: chamozorra5|move: Toxic Spikes|[of] p1a: Glimmora\n|turn|5\n|\n|t:|1782446979\n|move|p1a: Glimmora|Spikes|p2a: mARTY\n|-sidestart|p2: Venison02|Spikes\n|move|p2a: mARTY|Psyshock|p1a: Glimmora\n|-supereffective|p1a: Glimmora\n|-damage|p1a: Glimmora|0 fnt\n|faint|p1a: Glimmora\n|\n|-weather|RainDance|[upkeep]\n|upkeep\n|\n|t:|1782446989\n|switch|p1a: Cinderace|Cinderace, M|100/100\n|-item|p1a: Cinderace|Air Balloon\n|turn|6\n|\n|t:|1782447011\n|move|p1a: Cinderace|Sucker Punch|p2a: mARTY\n|-start|p1a: Cinderace|typechange|Dark|[from] ability: Libero\n|-supereffective|p2a: mARTY\n|-damage|p2a: mARTY|0 fnt\n|faint|p2a: mARTY\n|\n|-weather|RainDance|[upkeep]\n|upkeep\n|\n|t:|1782447026\n|switch|p2a: Cutie|Gyarados, M|100/100\n|-damage|p2a: Cutie|76/100|[from] Stealth Rock\n|-ability|p2a: Cutie|Intimidate|boost\n|-unboost|p1a: Cinderace|atk|1\n|turn|7\n|\n|t:|1782447036\n|move|p1a: Cinderace|Will-O-Wisp|p2a: Cutie\n|-status|p2a: Cutie|brn\n|move|p2a: Cutie|Aqua Tail|p1a: Cinderace\n|-damage|p1a: Cinderace|45/100\n|-enditem|p1a: Cinderace|Air Balloon\n|\n|-weather|none\n|-damage|p2a: Cutie|70/100 brn|[from] brn\n|upkeep\n|turn|8\n|\n|t:|1782447052\n|switch|p1a: Kilowattrel|Kilowattrel, F|100/100\n|move|p2a: Cutie|Aqua Tail|p1a: Kilowattrel\n|-damage|p1a: Kilowattrel|57/100\n|\n|-damage|p2a: Cutie|64/100 brn|[from] brn\n|upkeep\n|turn|9\n|\n|t:|1782447066\n|move|p1a: Kilowattrel|Thunderbolt|p2a: Cutie\n|-supereffective|p2a: Cutie\n|-damage|p2a: Cutie|0 fnt\n|faint|p2a: Cutie\n|\n|upkeep\n|\n|t:|1782447072\n|switch|p2a: Galaxy Destroyer|Glaceon, F|100/100\n|-damage|p2a: Galaxy Destroyer|76/100|[from] Stealth Rock\n|-damage|p2a: Galaxy Destroyer|63/100|[from] Spikes\n|turn|10\n|\n|t:|1782447084\n|-terastallize|p1a: Kilowattrel|Electric\n|move|p1a: Kilowattrel|Thunderbolt|p2a: Galaxy Destroyer\n|-damage|p2a: Galaxy Destroyer|5/100\n|move|p2a: Galaxy Destroyer|Ice Beam|p1a: Kilowattrel\n|-damage|p1a: Kilowattrel|0 fnt\n|faint|p1a: Kilowattrel\n|\n|upkeep\n|\n|t:|1782447095\n|switch|p1a: Cinderace|Cinderace, M|45/100\n|turn|11\n|\n|t:|1782447105\n|move|p1a: Cinderace|Pyro Ball|p2a: Galaxy Destroyer|[miss]\n|-miss|p1a: Cinderace|p2a: Galaxy Destroyer\n|move|p2a: Galaxy Destroyer|Ice Beam|p1a: Cinderace\n|-resisted|p1a: Cinderace\n|-damage|p1a: Cinderace|1/100\n|\n|upkeep\n|turn|12\n|\n|t:|1782447113\n|move|p1a: Cinderace|Sucker Punch|p2a: Galaxy Destroyer\n|-start|p1a: Cinderace|typechange|Dark|[from] ability: Libero\n|-damage|p2a: Galaxy Destroyer|0 fnt\n|faint|p2a: Galaxy Destroyer\n|\n|upkeep\n|\n|t:|1782447123\n|switch|p2a: Fitness Goals|Snorlax, F|100/100\n|-damage|p2a: Fitness Goals|88/100|[from] Stealth Rock\n|-damage|p2a: Fitness Goals|76/100|[from] Spikes\n|turn|13\n|\n|t:|1782447132\n|move|p1a: Cinderace|High Jump Kick|p2a: Fitness Goals\n|-supereffective|p2a: Fitness Goals\n|-damage|p2a: Fitness Goals|8/100\n|move|p2a: Fitness Goals|Curse|p2a: Fitness Goals\n|-unboost|p2a: Fitness Goals|spe|1\n|-boost|p2a: Fitness Goals|atk|1\n|-boost|p2a: Fitness Goals|def|1\n|\n|-heal|p2a: Fitness Goals|14/100|[from] item: Leftovers\n|upkeep\n|turn|14\n|\n|t:|1782447144\n|move|p1a: Cinderace|High Jump Kick|p2a: Fitness Goals\n|-supereffective|p2a: Fitness Goals\n|-damage|p2a: Fitness Goals|0 fnt\n|faint|p2a: Fitness Goals\n|\n|upkeep\n|\n|t:|1782447152\n|switch|p2a: Mbappe|Cinderace, F|100/100\n|-damage|p2a: Mbappe|76/100|[from] Stealth Rock\n|-damage|p2a: Mbappe|63/100|[from] Spikes\n|turn|15\n|\n|t:|1782447161\n|move|p1a: Cinderace|Sucker Punch|p2a: Mbappe\n|-damage|p2a: Mbappe|19/100\n|move|p2a: Mbappe|Acrobatics|p1a: Cinderace\n|-start|p2a: Mbappe|typechange|Flying|[from] ability: Libero\n|-damage|p1a: Cinderace|0 fnt\n|faint|p1a: Cinderace\n|\n|upkeep\n|\n|t:|1782447173\n|switch|p1a: Gyarados|Gyarados, F|100/100\n|turn|16\n|\n|t:|1782447186\n|move|p2a: Mbappe|Acrobatics|p1a: Gyarados\n|-crit|p1a: Gyarados\n|-damage|p1a: Gyarados|0 fnt\n|faint|p1a: Gyarados\n|\n|upkeep\n|\n|t:|1782447191\n|switch|p1a: Great Tusk|Great Tusk|100/100\n|-enditem|p1a: Great Tusk|Booster Energy\n|-activate|p1a: Great Tusk|ability: Protosynthesis|[fromitem]\n|-start|p1a: Great Tusk|protosynthesisspe\n|turn|17\n|\n|t:|1782447208\n|move|p1a: Great Tusk|Rapid Spin|p2a: Mbappe\n|-damage|p2a: Mbappe|0 fnt\n|-boost|p1a: Great Tusk|spe|1\n|faint|p2a: Mbappe\n|\n|upkeep\n|\n|t:|1782447213\n|switch|p2a: Rich|Gholdengo|100/100\n|-damage|p2a: Rich|94/100|[from] Stealth Rock\n|-damage|p2a: Rich|82/100|[from] Spikes\n|turn|18\n|\n|t:|1782447228\n|-terastallize|p2a: Rich|Steel\n|move|p1a: Great Tusk|Headlong Rush|p2a: Rich\n|-supereffective|p2a: Rich\n|-damage|p2a: Rich|0 fnt\n|-unboost|p1a: Great Tusk|def|1\n|-unboost|p1a: Great Tusk|spd|1\n|faint|p2a: Rich\n|\n|win|chamozorra5\n|raw|chamozorra5's rating: 1053 &rarr; <strong>1087</strong><br />(+34 for winning)\n|raw|Venison02's rating: 1070 &rarr; <strong>1048</strong><br />(-22 for losing)\n|l|☆chamozorra5\n|player|p1|\n|l|☆Venison02\n|player|p2|\n", "uploadtime": 1782447626, "views": 4, "formatid": "gen9ou", "rating": 1048, "private": 0, "password": null}