{"id": "gen9ou-2639202330", "format": "[Gen 9] OU", "players": ["Avitross", "CosmicMD"], "log": "|j|☆Avitross\n|j|☆CosmicMD\n|t:|1782433387\n|gametype|singles\n|player|p1|Avitross|101|1411\n|player|p2|CosmicMD|colress|1466\n|gen|9\n|tier|[Gen 9] OU\n|rated|\n|rule|HP Percentage Mod: HP is shown in percentages\n|rule|Endless Battle Clause: Forcing endless battles is banned\n|rule|Species Clause: Limit one of each Pokémon\n|rule|OHKO Clause: OHKO moves are banned\n|rule|Evasion Items Clause: Evasion items are banned\n|rule|Evasion Moves Clause: Evasion moves are banned\n|rule|Evasion Abilities Clause: Evasion abilities are banned\n|rule|Sleep Moves Clause: Sleep-inducing moves are banned\n|clearpoke\n|poke|p1|Inteleon, F|\n|poke|p1|Azumarill, F|\n|poke|p1|Pelipper, M|\n|poke|p1|Chesnaught, F|\n|poke|p1|Dragonite, M|\n|poke|p1|Beartic, F|\n|poke|p2|Moltres|\n|poke|p2|Great Tusk|\n|poke|p2|Meowscarada, M|\n|poke|p2|Empoleon, M|\n|poke|p2|Ting-Lu|\n|poke|p2|Hydrapple, F|\n|teampreview\n|c|☆CosmicMD|glhf\n|inactive|Battle timer is ON: inactive players will automatically lose when time's up. (requested by CosmicMD)\n|\n|t:|1782433426\n|teamsize|p1|6\n|teamsize|p2|6\n|start\n|switch|p1a: Pelipper|Pelipper, M|100/100\n|switch|p2a: Empoleon|Empoleon, M|100/100\n|-weather|RainDance|[from] ability: Drizzle|[of] p1a: Pelipper\n|turn|1\n|\n|t:|1782433452\n|switch|p1a: Azumarill|Azumarill, F|100/100\n|move|p2a: Empoleon|Stealth Rock|p1a: Azumarill\n|-sidestart|p1: Avitross|move: Stealth Rock\n|\n|-weather|RainDance|[upkeep]\n|upkeep\n|turn|2\n|inactive|Avitross has 120 seconds left.\n|\n|t:|1782433470\n|move|p1a: Azumarill|Liquidation|p2a: Empoleon\n|-resisted|p2a: Empoleon\n|-damage|p2a: Empoleon|56/100\n|move|p2a: Empoleon|Flash Cannon|p1a: Azumarill\n|-damage|p1a: Azumarill|82/100\n|\n|-weather|RainDance|[upkeep]\n|-heal|p2a: Empoleon|63/100|[from] item: Leftovers\n|upkeep\n|turn|3\n|inactive|Avitross has 120 seconds left.\n|\n|t:|1782433480\n|switch|p2a: HydrapGOAT|Hydrapple, F|100/100\n|move|p1a: Azumarill|Liquidation|p2a: HydrapGOAT\n|-resisted|p2a: HydrapGOAT\n|-damage|p2a: HydrapGOAT|86/100\n|\n|-weather|RainDance|[upkeep]\n|upkeep\n|turn|4\n|inactive|Avitross has 120 seconds left.\n|\n|t:|1782433514\n|-terastallize|p2a: HydrapGOAT|Poison\n|move|p1a: Azumarill|Play Rough|p2a: HydrapGOAT\n|-resisted|p2a: HydrapGOAT\n|-damage|p2a: HydrapGOAT|65/100\n|-unboost|p2a: HydrapGOAT|atk|1\n|move|p2a: HydrapGOAT|Giga Drain|p1a: Azumarill\n|-supereffective|p1a: Azumarill\n|-damage|p1a: Azumarill|25/100\n|-heal|p2a: HydrapGOAT|93/100|[from] drain|[of] p1a: Azumarill\n|\n|-weather|RainDance|[upkeep]\n|upkeep\n|turn|5\n|inactive|Avitross has 90 seconds left.\n|inactive|Avitross has 60 seconds left.\n|\n|t:|1782433569\n|switch|p1a: Chesnaught|Chesnaught, F|100/100\n|-damage|p1a: Chesnaught|94/100|[from] Stealth Rock\n|move|p2a: HydrapGOAT|Giga Drain|p1a: Chesnaught\n|-resisted|p1a: Chesnaught\n|-damage|p1a: Chesnaught|79/100\n|-heal|p2a: HydrapGOAT|99/100|[from] drain|[of] p1a: Chesnaught\n|\n|-weather|RainDance|[upkeep]\n|-heal|p1a: Chesnaught|85/100|[from] item: Leftovers\n|upkeep\n|turn|6\n|inactive|Avitross has 60 seconds left.\n|\n|t:|1782433582\n|move|p1a: Chesnaught|Spikes|p2a: HydrapGOAT\n|-sidestart|p2: CosmicMD|Spikes\n|move|p2a: HydrapGOAT|Fickle Beam|p1a: Chesnaught\n|-damage|p1a: Chesnaught|50/100\n|\n|-weather|RainDance|[upkeep]\n|-heal|p1a: Chesnaught|56/100|[from] item: Leftovers\n|upkeep\n|turn|7\n|inactive|Avitross has 60 seconds left.\n|\n|t:|1782433588\n|move|p1a: Chesnaught|Spikes|p2a: HydrapGOAT\n|-sidestart|p2: CosmicMD|Spikes\n|move|p2a: HydrapGOAT|Fickle Beam|p1a: Chesnaught\n|-damage|p1a: Chesnaught|19/100\n|\n|-weather|RainDance|[upkeep]\n|-heal|p1a: Chesnaught|25/100|[from] item: Leftovers\n|upkeep\n|turn|8\n|inactive|Avitross has 60 seconds left.\n|\n|t:|1782433602\n|move|p1a: Chesnaught|Knock Off|p2a: HydrapGOAT\n|-damage|p2a: HydrapGOAT|81/100\n|-enditem|p2a: HydrapGOAT|Assault Vest|[from] move: Knock Off|[of] p1a: Chesnaught\n|move|p2a: HydrapGOAT|Fickle Beam|p1a: Chesnaught|[anim] Fickle Beam All Out\n|-activate|p2a: HydrapGOAT|move: Fickle Beam\n|-damage|p1a: Chesnaught|0 fnt\n|faint|p1a: Chesnaught\n|\n|-weather|none\n|upkeep\n|inactive|Avitross has 60 seconds left.\n|inactive|Avitross has 30 seconds left.\n|inactive|Avitross has 20 seconds left.\n|inactive|Avitross has 15 seconds left.\n|inactive|Avitross has 10 seconds left.\n|\n|t:|1782433658\n|switch|p1a: Dragonite|Dragonite, M|100/100\n|turn|9\n|inactive|Avitross has 20 seconds left this turn.\n|inactive|Avitross has 15 seconds left.\n|inactive|Avitross has 10 seconds left.\n|\n|t:|1782433669\n|switch|p2a: Great Tusk|Great Tusk|100/100\n|move|p1a: Dragonite|Earthquake|p2a: Great Tusk\n|-damage|p2a: Great Tusk|83/100\n|\n|upkeep\n|turn|10\n|inactive|Avitross has 20 seconds left this turn.\n|inactive|Avitross has 15 seconds left.\n|\n|t:|1782433676\n|move|p2a: Great Tusk|Rapid Spin|p1a: Dragonite\n|-damage|p1a: Dragonite|91/100\n|-boost|p2a: Great Tusk|spe|1\n|-sideend|p2: CosmicMD|Spikes|[from] move: Rapid Spin|[of] p2a: Great Tusk\n|move|p1a: Dragonite|Hurricane|p2a: Great Tusk\n|-supereffective|p2a: Great Tusk\n|-crit|p2a: Great Tusk\n|-damage|p2a: Great Tusk|0 fnt\n|faint|p2a: Great Tusk\n|-end|p2a: Great Tusk|Protosynthesis|[silent]\n|\n|upkeep\n|\n|t:|1782433683\n|switch|p2a: Meowscarada|Meowscarada, M|100/100\n|turn|11\n|inactive|Avitross has 30 seconds left this turn.\n|\n|t:|1782433692\n|switch|p1a: Pelipper|Pelipper, M|100/100\n|-damage|p1a: Pelipper|76/100|[from] Stealth Rock\n|-weather|RainDance|[from] ability: Drizzle|[of] p1a: Pelipper\n|move|p2a: Meowscarada|Triple Axel|p1a: Pelipper\n|-start|p2a: Meowscarada|typechange|Ice|[from] ability: Protean\n|-damage|p1a: Pelipper|68/100\n|-hitcount|p1a: Pelipper|1\n|\n|-weather|RainDance|[upkeep]\n|upkeep\n|turn|12\n|inactive|Avitross has 30 seconds left.\n|inactive|Avitross has 20 seconds left.\n|inactive|Avitross has 15 seconds left.\n|inactive|Avitross has 10 seconds left.\n|\n|t:|1782433721\n|switch|p2a: Empoleon|Empoleon, M|63/100\n|move|p1a: Pelipper|Surf|p2a: Empoleon\n|-resisted|p2a: Empoleon\n|-damage|p2a: Empoleon|49/100\n|\n|-weather|RainDance|[upkeep]\n|-heal|p2a: Empoleon|55/100|[from] item: Leftovers\n|upkeep\n|turn|13\n|inactive|Avitross has 20 seconds left this turn.\n|inactive|Avitross has 15 seconds left.\n|\n|t:|1782433728\n|move|p1a: Pelipper|U-turn|p2a: Empoleon\n|-resisted|p2a: Empoleon\n|-damage|p2a: Empoleon|51/100\n|inactive|Avitross has 20 seconds left this turn.\n|inactive|Avitross has 15 seconds left.\n|\n|t:|1782433735\n|switch|p1a: Azumarill|Azumarill, F|25/100|[from] U-turn\n|-damage|p1a: Azumarill|13/100|[from] Stealth Rock\n|move|p2a: Empoleon|Roost|p2a: Empoleon\n|-heal|p2a: Empoleon|100/100\n|-singleturn|p2a: Empoleon|move: Roost\n|\n|-weather|RainDance|[upkeep]\n|upkeep\n|turn|14\n|inactive|Avitross has 25 seconds left this turn.\n|inactive|Avitross has 20 seconds left.\n|\n|t:|1782433743\n|move|p1a: Azumarill|Knock Off|p2a: Empoleon\n|-damage|p2a: Empoleon|57/100\n|-enditem|p2a: Empoleon|Leftovers|[from] move: Knock Off|[of] p1a: Azumarill\n|move|p2a: Empoleon|Flash Cannon|p1a: Azumarill\n|-damage|p1a: Azumarill|0 fnt\n|faint|p1a: Azumarill\n|\n|-weather|RainDance|[upkeep]\n|upkeep\n|inactive|Avitross has 25 seconds left this turn.\n|inactive|Avitross has 20 seconds left.\n|inactive|Avitross has 15 seconds left.\n|\n|t:|1782433757\n|switch|p1a: Dragonite|Dragonite, M|91/100\n|turn|15\n|inactive|Avitross has 25 seconds left this turn.\n|\n|t:|1782433768\n|switch|p2a: Meowscarada|Meowscarada, M|100/100\n|move|p1a: Dragonite|Thunder|p2a: Meowscarada\n|-resisted|p2a: Meowscarada\n|-damage|p2a: Meowscarada|72/100\n|\n|-weather|RainDance|[upkeep]\n|upkeep\n|turn|16\n|inactive|Avitross has 30 seconds left.\n|\n|t:|1782433778\n|switch|p1a: Beartic|Beartic, F|100/100\n|move|p2a: Meowscarada|Triple Axel|p1a: Beartic\n|-start|p2a: Meowscarada|typechange|Ice|[from] ability: Protean\n|-resisted|p1a: Beartic\n|-damage|p1a: Beartic|95/100\n|-resisted|p1a: Beartic\n|-damage|p1a: Beartic|83/100\n|-resisted|p1a: Beartic\n|-damage|p1a: Beartic|67/100\n|-hitcount|p1a: Beartic|3\n|\n|-weather|RainDance|[upkeep]\n|upkeep\n|turn|17\n|inactive|Avitross has 30 seconds left.\n|\n|t:|1782433793\n|switch|p2a: HydrapGOAT|Hydrapple, F, tera:Poison|100/100\n|move|p1a: Beartic|Heavy Slam|p2a: HydrapGOAT\n|-damage|p2a: HydrapGOAT|83/100\n|\n|-weather|RainDance|[upkeep]\n|upkeep\n|turn|18\n|inactive|Avitross has 30 seconds left.\n|inactive|Avitross has 20 seconds left.\n|inactive|Avitross has 15 seconds left.\n|\n|t:|1782433815\n|move|p1a: Beartic|Icicle Crash|p2a: HydrapGOAT\n|-damage|p2a: HydrapGOAT|51/100\n|cant|p2a: HydrapGOAT|flinch\n|\n|-weather|none\n|upkeep\n|turn|19\n|inactive|Avitross has 25 seconds left this turn.\n|inactive|Avitross has 20 seconds left.\n|\n|t:|1782433823\n|switch|p1a: Pelipper|Pelipper, M|68/100\n|-damage|p1a: Pelipper|44/100|[from] Stealth Rock\n|-weather|RainDance|[from] ability: Drizzle|[of] p1a: Pelipper\n|move|p2a: HydrapGOAT|Giga Drain|p1a: Pelipper\n|-damage|p1a: Pelipper|0 fnt\n|-heal|p2a: HydrapGOAT|68/100|[from] drain|[of] p1a: Pelipper\n|faint|p1a: Pelipper\n|\n|-weather|RainDance|[upkeep]\n|upkeep\n|inactive|Avitross has 25 seconds left this turn.\n|\n|t:|1782433826\n|switch|p1a: Inteleon|Inteleon, F|100/100\n|-damage|p1a: Inteleon|88/100|[from] Stealth Rock\n|turn|20\n|inactive|Avitross has 30 seconds left.\n|\n|t:|1782433840\n|switch|p2a: Empoleon|Empoleon, M|57/100\n|-terastallize|p1a: Inteleon|Water\n|move|p1a: Inteleon|Snipe Shot|p2a: Empoleon\n|-resisted|p2a: Empoleon\n|-crit|p2a: Empoleon\n|-damage|p2a: Empoleon|0 fnt\n|faint|p2a: Empoleon\n|\n|-weather|RainDance|[upkeep]\n|upkeep\n|\n|t:|1782433849\n|switch|p2a: Meowscarada|Meowscarada, M|72/100\n|turn|21\n|\n|t:|1782433852\n|switch|p1a: Dragonite|Dragonite, M|91/100\n|move|p2a: Meowscarada|Flower Trick|p1a: Dragonite\n|-start|p2a: Meowscarada|typechange|Grass|[from] ability: Protean\n|-resisted|p1a: Dragonite\n|-crit|p1a: Dragonite\n|-damage|p1a: Dragonite|79/100\n|\n|-weather|RainDance|[upkeep]\n|upkeep\n|turn|22\n|\n|t:|1782433858\n|switch|p2a: HydrapGOAT|Hydrapple, F, tera:Poison|100/100\n|switch|p1a: Beartic|Beartic, F|67/100\n|\n|-weather|RainDance|[upkeep]\n|upkeep\n|turn|23\n|\n|t:|1782433867\n|move|p1a: Beartic|Icicle Crash|p2a: HydrapGOAT\n|-damage|p2a: HydrapGOAT|68/100\n|move|p2a: HydrapGOAT|Leaf Storm|p1a: Beartic\n|-damage|p1a: Beartic|0 fnt\n|-unboost|p2a: HydrapGOAT|spa|2\n|faint|p1a: Beartic\n|\n|-weather|RainDance|[upkeep]\n|upkeep\n|\n|t:|1782433873\n|switch|p1a: Inteleon|Inteleon, F, tera:Water|88/100\n|-damage|p1a: Inteleon|76/100|[from] Stealth Rock\n|turn|24\n|\n|t:|1782433876\n|move|p1a: Inteleon|Snipe Shot|p2a: HydrapGOAT\n|-crit|p2a: HydrapGOAT\n|-damage|p2a: HydrapGOAT|0 fnt\n|faint|p2a: HydrapGOAT\n|\n|-weather|RainDance|[upkeep]\n|upkeep\n|\n|t:|1782433879\n|switch|p2a: Meowscarada|Meowscarada, M|72/100\n|turn|25\n|\n|t:|1782433884\n|move|p1a: Inteleon|Vacuum Wave|p2a: Meowscarada\n|-supereffective|p2a: Meowscarada\n|-damage|p2a: Meowscarada|31/100\n|move|p2a: Meowscarada|Flower Trick|p1a: Inteleon\n|-start|p2a: Meowscarada|typechange|Grass|[from] ability: Protean\n|-supereffective|p1a: Inteleon\n|-crit|p1a: Inteleon\n|-damage|p1a: Inteleon|0 fnt\n|faint|p1a: Inteleon\n|\n|-weather|RainDance|[upkeep]\n|upkeep\n|\n|t:|1782433888\n|switch|p1a: Dragonite|Dragonite, M|79/100\n|turn|26\n|\n|t:|1782433892\n|switch|p2a: Rubber Chicken|Moltres|100/100\n|move|p1a: Dragonite|Roost|p1a: Dragonite\n|-heal|p1a: Dragonite|100/100\n|-singleturn|p1a: Dragonite|move: Roost\n|\n|-weather|none\n|upkeep\n|turn|27\n|inactive|Avitross has 90 seconds left.\n|\n|t:|1782433898\n|move|p1a: Dragonite|Thunder|p2a: Rubber Chicken\n|-supereffective|p2a: Rubber Chicken\n|-damage|p2a: Rubber Chicken|29/100\n|move|p2a: Rubber Chicken|Flamethrower|p1a: Dragonite\n|-resisted|p1a: Dragonite\n|-damage|p1a: Dragonite|92/100\n|\n|upkeep\n|turn|28\n|\n|t:|1782433906\n|move|p1a: Dragonite|Hurricane|p2a: Rubber Chicken\n|-damage|p2a: Rubber Chicken|0 fnt\n|faint|p2a: Rubber Chicken\n|\n|upkeep\n|\n|t:|1782433908\n|switch|p2a: Ting-Lu|Ting-Lu|100/100\n|-ability|p2a: Ting-Lu|Vessel of Ruin\n|turn|29\n|\n|t:|1782433912\n|move|p1a: Dragonite|Hurricane|p2a: Ting-Lu|[miss]\n|-miss|p1a: Dragonite|p2a: Ting-Lu\n|move|p2a: Ting-Lu|Ruination|p1a: Dragonite\n|-damage|p1a: Dragonite|46/100\n|\n|upkeep\n|turn|30\n|-message|Avitross forfeited.\n|\n|win|CosmicMD\n|raw|Avitross's rating: 1411 &rarr; <strong>1394</strong><br />(-17 for losing)\n|raw|CosmicMD's rating: 1466 &rarr; <strong>1483</strong><br />(+17 for winning)\n|l|☆Avitross\n|player|p1|\n|l|☆CosmicMD\n|player|p2|\n", "uploadtime": 1782434187, "views": 7, "formatid": "gen9ou", "rating": 1394, "private": 0, "password": null}