{"id": "gen9ou-2540417530", "format": "[Gen 9] OU", "players": ["flandre727", "sampoke19"], "log": "|j|☆flandre727\n|j|☆sampoke19\n|t:|1771199497\n|gametype|singles\n|player|p1|flandre727|dawn-gen4pt|1649\n|player|p2|sampoke19|265|1596\n|gen|9\n|tier|[Gen 9] OU\n|rated|\n|rule|HP Percentage Mod: HP is shown in percentages\n|rule|Endless Battle Clause: Forcing endless battles is banned\n|rule|Species Clause: Limit one of each Pokémon\n|rule|OHKO Clause: OHKO moves are banned\n|rule|Evasion Items Clause: Evasion items are banned\n|rule|Evasion Moves Clause: Evasion moves are banned\n|rule|Evasion Abilities Clause: Evasion abilities are banned\n|rule|Sleep Moves Clause: Sleep-inducing moves are banned\n|clearpoke\n|poke|p1|Iron Valiant|\n|poke|p1|Great Tusk|\n|poke|p1|Dragonite, F|\n|poke|p1|Deoxys-Speed|\n|poke|p1|Glimmora, F|\n|poke|p1|Kingambit, M|\n|poke|p2|Blastoise, M|\n|poke|p2|Ceruledge, M|\n|poke|p2|Kingambit, M|\n|poke|p2|Volcanion|\n|poke|p2|Great Tusk|\n|poke|p2|Haxorus, F|\n|teampreview\n|c|☆flandre727|hf\n|\n|t:|1771199510\n|teamsize|p1|6\n|teamsize|p2|6\n|start\n|switch|p1a: Deoxys|Deoxys-Speed|100/100\n|switch|p2a: Volcanion|Volcanion|100/100\n|-ability|p1a: Deoxys|Pressure\n|turn|1\n|\n|t:|1771199518\n|move|p1a: Deoxys|Light Screen|p1a: Deoxys\n|-sidestart|p1: flandre727|move: Light Screen\n|move|p2a: Volcanion|Steam Eruption|p1a: Deoxys\n|-damage|p1a: Deoxys|64/100\n|\n|upkeep\n|turn|2\n|\n|t:|1771199533\n|move|p1a: Deoxys|Reflect|p1a: Deoxys\n|-sidestart|p1: flandre727|Reflect\n|move|p2a: Volcanion|Steam Eruption|p1a: Deoxys\n|-damage|p1a: Deoxys|32/100\n|\n|upkeep\n|turn|3\n|\n|t:|1771199539\n|switch|p1a: Glimmora|Glimmora, F|100/100\n|move|p2a: Volcanion|Steam Eruption|p1a: Glimmora\n|-supereffective|p1a: Glimmora\n|-damage|p1a: Glimmora|29/100\n|-status|p1a: Glimmora|brn\n|\n|-damage|p1a: Glimmora|23/100 brn|[from] brn\n|upkeep\n|turn|4\n|\n|t:|1771199549\n|move|p2a: Volcanion|Steam Eruption|p1a: Glimmora\n|-supereffective|p1a: Glimmora\n|-damage|p1a: Glimmora|0 fnt\n|faint|p1a: Glimmora\n|\n|upkeep\n|\n|t:|1771199553\n|switch|p1a: Dragonite|Dragonite, F|100/100\n|turn|5\n|\n|t:|1771199559\n|move|p2a: Volcanion|Steam Eruption|p1a: Dragonite\n|-resisted|p1a: Dragonite\n|-damage|p1a: Dragonite|93/100\n|move|p1a: Dragonite|Dragon Dance|p1a: Dragonite\n|-boost|p1a: Dragonite|atk|1\n|-boost|p1a: Dragonite|spe|1\n|\n|-heal|p1a: Dragonite|99/100|[from] item: Leftovers\n|upkeep\n|turn|6\n|\n|t:|1771199568\n|move|p1a: Dragonite|Substitute|p1a: Dragonite\n|-start|p1a: Dragonite|Substitute\n|-damage|p1a: Dragonite|74/100\n|move|p2a: Volcanion|Steam Eruption|p1a: Dragonite\n|-resisted|p1a: Dragonite\n|-activate|p1a: Dragonite|move: Substitute|[damage]\n|\n|-heal|p1a: Dragonite|80/100|[from] item: Leftovers\n|upkeep\n|turn|7\n|\n|t:|1771199578\n|switch|p2a: Haxorus|Haxorus, F|100/100\n|-ability|p2a: Haxorus|Mold Breaker\n|move|p1a: Dragonite|Dragon Dance|p1a: Dragonite\n|-boost|p1a: Dragonite|atk|1\n|-boost|p1a: Dragonite|spe|1\n|\n|-heal|p1a: Dragonite|87/100|[from] item: Leftovers\n|upkeep\n|turn|8\n|\n|t:|1771199589\n|-terastallize|p1a: Dragonite|Flying\n|-terastallize|p2a: Haxorus|Fairy\n|move|p1a: Dragonite|Tera Blast|p2a: Haxorus|[anim] Tera Blast Flying\n|-damage|p2a: Haxorus|0 fnt\n|faint|p2a: Haxorus\n|\n|-heal|p1a: Dragonite|93/100|[from] item: Leftovers\n|-sideend|p1: flandre727|move: Light Screen\n|upkeep\n|\n|t:|1771199609\n|switch|p2a: Ceruledge|Ceruledge, M|100/100\n|turn|9\n|\n|t:|1771199612\n|move|p1a: Dragonite|Tera Blast|p2a: Ceruledge|[anim] Tera Blast Flying\n|-enditem|p2a: Ceruledge|Focus Sash\n|-damage|p2a: Ceruledge|1/100\n|-ability|p2a: Ceruledge|Weak Armor|boost\n|-unboost|p2a: Ceruledge|def|1\n|-boost|p2a: Ceruledge|spe|2\n|move|p2a: Ceruledge|Poltergeist|p1a: Dragonite\n|-activate|p1a: Dragonite|move: Poltergeist|Leftovers\n|-end|p1a: Dragonite|Substitute\n|\n|-heal|p1a: Dragonite|99/100|[from] item: Leftovers\n|-sideend|p1: flandre727|Reflect\n|upkeep\n|turn|10\n|\n|t:|1771199626\n|move|p1a: Dragonite|Tera Blast|p2a: Ceruledge|[anim] Tera Blast Flying\n|-damage|p2a: Ceruledge|0 fnt\n|faint|p2a: Ceruledge\n|\n|-heal|p1a: Dragonite|100/100|[from] item: Leftovers\n|upkeep\n|-message|sampoke19 forfeited.\n|\n|win|flandre727\n|raw|flandre727's rating: 1649 &rarr; <strong>1666</strong><br />(+17 for winning)\n|raw|sampoke19's rating: 1596 &rarr; <strong>1579</strong><br />(-17 for losing)\n|l|☆sampoke19\n|player|p2|\n", "uploadtime": 1771199635, "views": 22, "formatid": "gen9ou", "rating": 1579, "private": 0, "password": null}