{"id": "gen9ou-2647678249", "format": "[Gen 9] OU", "players": ["Rbmgyy", "DekuFoulerLab"], "log": "|j|☆Rbmgyy\n|j|☆DekuFoulerLab\n|t:|1783794987\n|gametype|singles\n|player|p1|Rbmgyy|170|1321\n|player|p2|DekuFoulerLab|169|1288\n|gen|9\n|tier|[Gen 9] OU\n|rated|\n|rule|HP Percentage Mod: HP is shown in percentages\n|rule|Endless Battle Clause: Forcing endless battles is banned\n|rule|Species Clause: Limit one of each Pokémon\n|rule|OHKO Clause: OHKO moves are banned\n|rule|Evasion Items Clause: Evasion items are banned\n|rule|Evasion Moves Clause: Evasion moves are banned\n|rule|Evasion Abilities Clause: Evasion abilities are banned\n|rule|Sleep Moves Clause: Sleep-inducing moves are banned\n|clearpoke\n|poke|p1|Dragonite, M|\n|poke|p1|Ting-Lu|\n|poke|p1|Gholdengo|\n|poke|p1|Great Tusk|\n|poke|p1|Clefable, F|\n|poke|p1|Moltres|\n|poke|p2|Dondozo, M|\n|poke|p2|Clodsire, F|\n|poke|p2|Corviknight, F|\n|poke|p2|Slowking-Galar, M|\n|poke|p2|Gholdengo|\n|poke|p2|Garganacl, F|\n|teampreview\n|inactive|Battle timer is ON: inactive players will automatically lose when time's up. (requested by DekuFoulerLab)\n|\n|t:|1783795008\n|teamsize|p1|6\n|teamsize|p2|6\n|start\n|switch|p1a: Great Tusk|Great Tusk|100/100\n|switch|p2a: Clodsire|Clodsire, F|100/100\n|-enditem|p1a: Great Tusk|Booster Energy\n|-activate|p1a: Great Tusk|ability: Protosynthesis|[fromitem]\n|-start|p1a: Great Tusk|protosynthesisatk\n|turn|1\n|\n|t:|1783795011\n|switch|p2a: Corviknight|Corviknight, F|100/100\n|-ability|p2a: Corviknight|Pressure\n|move|p1a: Great Tusk|Headlong Rush|p2a: Corviknight\n|-immune|p2a: Corviknight\n|\n|upkeep\n|turn|2\n|\n|t:|1783795024\n|-end|p1a: Great Tusk|Protosynthesis|[silent]\n|switch|p1a: Clefable|Clefable, F|100/100\n|move|p2a: Corviknight|Brave Bird|p1a: Clefable\n|-damage|p1a: Clefable|59/100\n|-damage|p2a: Corviknight|87/100|[from] Recoil\n|\n|upkeep\n|turn|3\n|\n|t:|1783795033\n|switch|p2a: Clodsire|Clodsire, F|100/100\n|move|p1a: Clefable|Knock Off|p2a: Clodsire\n|-damage|p2a: Clodsire|82/100\n|-enditem|p2a: Clodsire|Heavy-Duty Boots|[from] move: Knock Off|[of] p1a: Clefable\n|\n|upkeep\n|turn|4\n|\n|t:|1783795040\n|switch|p1a: Great Tusk|Great Tusk|100/100\n|move|p2a: Clodsire|Stealth Rock|p1a: Great Tusk\n|-sidestart|p1: Rbmgyy|move: Stealth Rock\n|\n|upkeep\n|turn|5\n|\n|t:|1783795046\n|switch|p2a: Dondozo|Dondozo, M|100/100\n|move|p1a: Great Tusk|Rapid Spin|p2a: Dondozo\n|-damage|p2a: Dondozo|92/100\n|-boost|p1a: Great Tusk|spe|1\n|-sideend|p1: Rbmgyy|Stealth Rock|[from] move: Rapid Spin|[of] p1a: Great Tusk\n|\n|upkeep\n|turn|6\n|\n|t:|1783795061\n|-end|p1a: Great Tusk|Protosynthesis|[silent]\n|switch|p1a: Gholdengo|Gholdengo|100/100\n|-item|p1a: Gholdengo|Air Balloon\n|move|p2a: Dondozo|Wave Crash|p1a: Gholdengo\n|-damage|p1a: Gholdengo|53/100\n|-enditem|p1a: Gholdengo|Air Balloon\n|-damage|p2a: Dondozo|82/100|[from] Recoil\n|\n|upkeep\n|turn|7\n|\n|t:|1783795069\n|switch|p2a: Clodsire|Clodsire, F|82/100\n|move|p1a: Gholdengo|Shadow Ball|p2a: Clodsire\n|-damage|p2a: Clodsire|61/100\n|\n|upkeep\n|turn|8\n|\n|t:|1783795078\n|switch|p1a: Ting-Lu|Ting-Lu|100/100\n|-ability|p1a: Ting-Lu|Vessel of Ruin\n|move|p2a: Clodsire|Recover|p2a: Clodsire\n|-heal|p2a: Clodsire|100/100\n|\n|upkeep\n|turn|9\n|\n|t:|1783795083\n|switch|p2a: Dondozo|Dondozo, M|82/100\n|move|p1a: Ting-Lu|Stealth Rock|p2a: Dondozo\n|-sidestart|p2: DekuFoulerLab|move: Stealth Rock\n|\n|upkeep\n|turn|10\n|\n|t:|1783795089\n|move|p1a: Ting-Lu|Ruination|p2a: Dondozo\n|-damage|p2a: Dondozo|41/100\n|move|p2a: Dondozo|Wave Crash|p1a: Ting-Lu\n|-supereffective|p1a: Ting-Lu\n|-damage|p1a: Ting-Lu|62/100\n|-damage|p2a: Dondozo|28/100|[from] Recoil\n|\n|-heal|p1a: Ting-Lu|68/100|[from] item: Leftovers\n|upkeep\n|turn|11\n|\n|t:|1783795104\n|move|p1a: Ting-Lu|Earthquake|p2a: Dondozo\n|-damage|p2a: Dondozo|13/100\n|move|p2a: Dondozo|Rest|p2a: Dondozo\n|-status|p2a: Dondozo|slp|[from] move: Rest\n|-heal|p2a: Dondozo|100/100 slp|[silent]\n|\n|-heal|p1a: Ting-Lu|74/100|[from] item: Leftovers\n|upkeep\n|turn|12\n|\n|t:|1783795111\n|switch|p2a: Garganacl|Garganacl, F|100/100\n|-damage|p2a: Garganacl|88/100|[from] Stealth Rock\n|move|p1a: Ting-Lu|Ruination|p2a: Garganacl\n|-damage|p2a: Garganacl|44/100\n|\n|-heal|p1a: Ting-Lu|80/100|[from] item: Leftovers\n|-heal|p2a: Garganacl|50/100|[from] item: Leftovers\n|upkeep\n|turn|13\n|\n|t:|1783795118\n|move|p1a: Ting-Lu|Earthquake|p2a: Garganacl\n|-supereffective|p2a: Garganacl\n|-damage|p2a: Garganacl|11/100\n|move|p2a: Garganacl|Recover|p2a: Garganacl\n|-heal|p2a: Garganacl|61/100\n|\n|-heal|p1a: Ting-Lu|86/100|[from] item: Leftovers\n|-heal|p2a: Garganacl|68/100|[from] item: Leftovers\n|upkeep\n|turn|14\n|\n|t:|1783795124\n|move|p1a: Ting-Lu|Spikes|p2a: Garganacl\n|-sidestart|p2: DekuFoulerLab|Spikes\n|move|p2a: Garganacl|Recover|p2a: Garganacl\n|-heal|p2a: Garganacl|100/100\n|\n|-heal|p1a: Ting-Lu|93/100|[from] item: Leftovers\n|upkeep\n|turn|15\n|\n|t:|1783795130\n|move|p1a: Ting-Lu|Ruination|p2a: Garganacl\n|-damage|p2a: Garganacl|50/100\n|move|p2a: Garganacl|Salt Cure|p1a: Ting-Lu\n|-resisted|p1a: Ting-Lu\n|-damage|p1a: Ting-Lu|90/100\n|-start|p1a: Ting-Lu|Salt Cure\n|\n|-heal|p1a: Ting-Lu|96/100|[from] item: Leftovers\n|-heal|p2a: Garganacl|57/100|[from] item: Leftovers\n|-damage|p1a: Ting-Lu|83/100|[from] Salt Cure\n|upkeep\n|turn|16\n|\n|t:|1783795138\n|move|p1a: Ting-Lu|Earthquake|p2a: Garganacl\n|-supereffective|p2a: Garganacl\n|-damage|p2a: Garganacl|15/100\n|move|p2a: Garganacl|Recover|p2a: Garganacl\n|-heal|p2a: Garganacl|65/100\n|\n|-heal|p1a: Ting-Lu|90/100|[from] item: Leftovers\n|-heal|p2a: Garganacl|71/100|[from] item: Leftovers\n|-damage|p1a: Ting-Lu|77/100|[from] Salt Cure\n|upkeep\n|turn|17\n|\n|t:|1783795144\n|move|p1a: Ting-Lu|Spikes|p2a: Garganacl\n|-sidestart|p2: DekuFoulerLab|Spikes\n|move|p2a: Garganacl|Recover|p2a: Garganacl\n|-heal|p2a: Garganacl|100/100\n|\n|-heal|p1a: Ting-Lu|83/100|[from] item: Leftovers\n|-damage|p1a: Ting-Lu|71/100|[from] Salt Cure\n|upkeep\n|turn|18\n|\n|t:|1783795150\n|move|p1a: Ting-Lu|Ruination|p2a: Garganacl\n|-damage|p2a: Garganacl|50/100\n|move|p2a: Garganacl|Salt Cure|p1a: Ting-Lu\n|-resisted|p1a: Ting-Lu\n|-damage|p1a: Ting-Lu|68/100\n|\n|-heal|p1a: Ting-Lu|74/100|[from] item: Leftovers\n|-heal|p2a: Garganacl|57/100|[from] item: Leftovers\n|-damage|p1a: Ting-Lu|62/100|[from] Salt Cure\n|upkeep\n|turn|19\n|\n|t:|1783795157\n|switch|p1a: Great Tusk|Great Tusk|100/100\n|move|p2a: Garganacl|Recover|p2a: Garganacl\n|-heal|p2a: Garganacl|100/100\n|\n|upkeep\n|turn|20\n|\n|t:|1783795162\n|switch|p2a: Corviknight|Corviknight, F|87/100\n|-ability|p2a: Corviknight|Pressure\n|move|p1a: Great Tusk|Close Combat|p2a: Corviknight\n|-damage|p2a: Corviknight|49/100\n|-unboost|p1a: Great Tusk|def|1\n|-unboost|p1a: Great Tusk|spd|1\n|\n|upkeep\n|turn|21\n|\n|t:|1783795184\n|-end|p1a: Great Tusk|Protosynthesis|[silent]\n|switch|p1a: Moltres|Moltres|100/100\n|move|p2a: Corviknight|Roost|p2a: Corviknight\n|-heal|p2a: Corviknight|99/100\n|-singleturn|p2a: Corviknight|move: Roost\n|\n|upkeep\n|turn|22\n|\n|t:|1783795192\n|switch|p2a: Slowking|Slowking-Galar, M|100/100\n|move|p1a: Moltres|Hurricane|p2a: Slowking|[miss]\n|-miss|p1a: Moltres|p2a: Slowking\n|\n|upkeep\n|turn|23\n|inactive|Rbmgyy has 120 seconds left.\n|\n|t:|1783795224\n|move|p1a: Moltres|Hurricane|p2a: Slowking|[miss]\n|-miss|p1a: Moltres|p2a: Slowking\n|move|p2a: Slowking|Ice Beam|p1a: Moltres\n|-crit|p1a: Moltres\n|-damage|p1a: Moltres|66/100\n|\n|upkeep\n|turn|24\n|inactive|Rbmgyy has 120 seconds left.\n|\n|t:|1783795231\n|move|p1a: Moltres|Hurricane|p2a: Slowking\n|-damage|p2a: Slowking|61/100\n|-start|p2a: Slowking|confusion\n|-activate|p2a: Slowking|confusion\n|-damage|p2a: Slowking|56/100|[from] confusion\n|\n|upkeep\n|turn|25\n|\n|t:|1783795238\n|switch|p2a: Clodsire|Clodsire, F|100/100\n|-damage|p2a: Clodsire|94/100|[from] Stealth Rock\n|-damage|p2a: Clodsire|78/100|[from] Spikes\n|move|p1a: Moltres|Hurricane|p2a: Clodsire\n|-damage|p2a: Clodsire|43/100\n|-start|p2a: Clodsire|confusion\n|\n|upkeep\n|turn|26\n|\n|t:|1783795245\n|move|p1a: Moltres|Scorching Sands|p2a: Clodsire\n|-supereffective|p2a: Clodsire\n|-damage|p2a: Clodsire|17/100\n|-status|p2a: Clodsire|brn\n|-activate|p2a: Clodsire|confusion\n|-damage|p2a: Clodsire|9/100 brn|[from] confusion\n|\n|-damage|p2a: Clodsire|2/100 brn|[from] brn\n|upkeep\n|turn|27\n|\n|t:|1783795251\n|move|p1a: Moltres|Scorching Sands|p2a: Clodsire\n|-supereffective|p2a: Clodsire\n|-damage|p2a: Clodsire|0 fnt\n|faint|p2a: Clodsire\n|\n|upkeep\n|\n|t:|1783795257\n|switch|p2a: Garganacl|Garganacl, F|100/100\n|-damage|p2a: Garganacl|88/100|[from] Stealth Rock\n|-damage|p2a: Garganacl|72/100|[from] Spikes\n|turn|28\n|\n|t:|1783795271\n|switch|p1a: Ting-Lu|Ting-Lu|62/100\n|-ability|p1a: Ting-Lu|Vessel of Ruin\n|move|p2a: Garganacl|Salt Cure|p1a: Ting-Lu\n|-resisted|p1a: Ting-Lu\n|-damage|p1a: Ting-Lu|58/100\n|-start|p1a: Ting-Lu|Salt Cure\n|\n|-heal|p1a: Ting-Lu|64/100|[from] item: Leftovers\n|-heal|p2a: Garganacl|78/100|[from] item: Leftovers\n|-damage|p1a: Ting-Lu|52/100|[from] Salt Cure\n|upkeep\n|turn|29\n|\n|t:|1783795278\n|move|p1a: Ting-Lu|Ruination|p2a: Garganacl\n|-damage|p2a: Garganacl|39/100\n|move|p2a: Garganacl|Recover|p2a: Garganacl\n|-heal|p2a: Garganacl|89/100\n|\n|-heal|p1a: Ting-Lu|58/100|[from] item: Leftovers\n|-heal|p2a: Garganacl|95/100|[from] item: Leftovers\n|-damage|p1a: Ting-Lu|46/100|[from] Salt Cure\n|upkeep\n|turn|30\n|\n|t:|1783795285\n|switch|p1a: Great Tusk|Great Tusk|100/100\n|move|p2a: Garganacl|Salt Cure|p1a: Great Tusk\n|-resisted|p1a: Great Tusk\n|-damage|p1a: Great Tusk|98/100\n|-start|p1a: Great Tusk|Salt Cure\n|\n|-heal|p2a: Garganacl|100/100|[from] item: Leftovers\n|-damage|p1a: Great Tusk|86/100|[from] Salt Cure\n|upkeep\n|turn|31\n|\n|t:|1783795291\n|move|p1a: Great Tusk|Close Combat|p2a: Garganacl\n|-supereffective|p2a: Garganacl\n|-damage|p2a: Garganacl|36/100\n|-unboost|p1a: Great Tusk|def|1\n|-unboost|p1a: Great Tusk|spd|1\n|move|p2a: Garganacl|Salt Cure|p1a: Great Tusk\n|-resisted|p1a: Great Tusk\n|-damage|p1a: Great Tusk|82/100\n|\n|-heal|p2a: Garganacl|42/100|[from] item: Leftovers\n|-damage|p1a: Great Tusk|69/100|[from] Salt Cure\n|upkeep\n|turn|32\n|\n|t:|1783795298\n|move|p2a: Garganacl|Protect|p2a: Garganacl\n|-singleturn|p2a: Garganacl|Protect\n|move|p1a: Great Tusk|Close Combat|p2a: Garganacl\n|-activate|p2a: Garganacl|move: Protect\n|\n|-heal|p2a: Garganacl|49/100|[from] item: Leftovers\n|-damage|p1a: Great Tusk|57/100|[from] Salt Cure\n|upkeep\n|turn|33\n|\n|t:|1783795304\n|switch|p2a: Corviknight|Corviknight, F|99/100\n|-ability|p2a: Corviknight|Pressure\n|move|p1a: Great Tusk|Close Combat|p2a: Corviknight\n|-damage|p2a: Corviknight|63/100\n|-unboost|p1a: Great Tusk|def|1\n|-unboost|p1a: Great Tusk|spd|1\n|\n|-damage|p1a: Great Tusk|45/100|[from] Salt Cure\n|upkeep\n|turn|34\n|\n|t:|1783795312\n|-end|p1a: Great Tusk|Protosynthesis|[silent]\n|switch|p1a: Ting-Lu|Ting-Lu|46/100\n|-ability|p1a: Ting-Lu|Vessel of Ruin\n|move|p2a: Corviknight|Roost|p2a: Corviknight\n|-heal|p2a: Corviknight|100/100\n|-singleturn|p2a: Corviknight|move: Roost\n|\n|-heal|p1a: Ting-Lu|52/100|[from] item: Leftovers\n|upkeep\n|turn|35\n|\n|t:|1783795318\n|move|p2a: Corviknight|Brave Bird|p1a: Ting-Lu\n|-damage|p1a: Ting-Lu|36/100\n|-damage|p2a: Corviknight|94/100|[from] Recoil\n|move|p1a: Ting-Lu|Spikes|p2a: Corviknight\n|-sidestart|p2: DekuFoulerLab|Spikes\n|\n|-heal|p1a: Ting-Lu|42/100|[from] item: Leftovers\n|upkeep\n|turn|36\n|\n|t:|1783795325\n|switch|p1a: Moltres|Moltres|66/100\n|move|p2a: Corviknight|Defog|p1a: Moltres\n|-unboost|p1a: Moltres|evasion|1\n|-sideend|p2: DekuFoulerLab|Spikes|[from] move: Defog|[of] p2a: Corviknight\n|-sideend|p2: DekuFoulerLab|Stealth Rock|[from] move: Defog|[of] p2a: Corviknight\n|\n|upkeep\n|turn|37\n|\n|t:|1783795330\n|switch|p2a: Slowking|Slowking-Galar, M|90/100\n|move|p1a: Moltres|Flamethrower|p2a: Slowking\n|-damage|p2a: Slowking|62/100\n|-status|p2a: Slowking|brn\n|\n|-damage|p2a: Slowking|56/100 brn|[from] brn\n|upkeep\n|turn|38\n|\n|t:|1783795337\n|move|p1a: Moltres|Hurricane|p2a: Slowking\n|-damage|p2a: Slowking|21/100 brn\n|-start|p2a: Slowking|confusion\n|-prepare|p2a: Slowking|Chilly Reception|[premajor]\n|-activate|p2a: Slowking|confusion\n|move|p2a: Slowking|Chilly Reception|p2a: Slowking\n|-weather|Snowscape\n|\n|t:|1783795343\n|switch|p2a: Garganacl|Garganacl, F|49/100|[from] Chilly Reception\n|\n|-weather|Snowscape|[upkeep]\n|-heal|p2a: Garganacl|55/100|[from] item: Leftovers\n|upkeep\n|turn|39\n|\n|t:|1783795350\n|switch|p1a: Ting-Lu|Ting-Lu|42/100\n|-ability|p1a: Ting-Lu|Vessel of Ruin\n|move|p2a: Garganacl|Salt Cure|p1a: Ting-Lu\n|-resisted|p1a: Ting-Lu\n|-damage|p1a: Ting-Lu|39/100\n|-start|p1a: Ting-Lu|Salt Cure\n|\n|-weather|Snowscape|[upkeep]\n|-heal|p1a: Ting-Lu|45/100|[from] item: Leftovers\n|-heal|p2a: Garganacl|61/100|[from] item: Leftovers\n|-damage|p1a: Ting-Lu|33/100|[from] Salt Cure\n|upkeep\n|turn|40\n|\n|t:|1783795356\n|move|p1a: Ting-Lu|Stealth Rock|p2a: Garganacl\n|-sidestart|p2: DekuFoulerLab|move: Stealth Rock\n|move|p2a: Garganacl|Recover|p2a: Garganacl\n|-heal|p2a: Garganacl|100/100\n|\n|-weather|Snowscape|[upkeep]\n|-heal|p1a: Ting-Lu|39/100|[from] item: Leftovers\n|-damage|p1a: Ting-Lu|27/100|[from] Salt Cure\n|upkeep\n|turn|41\n|\n|t:|1783795362\n|move|p1a: Ting-Lu|Spikes|p2a: Garganacl\n|-sidestart|p2: DekuFoulerLab|Spikes\n|move|p2a: Garganacl|Salt Cure|p1a: Ting-Lu\n|-resisted|p1a: Ting-Lu\n|-damage|p1a: Ting-Lu|24/100\n|\n|-weather|Snowscape|[upkeep]\n|-heal|p1a: Ting-Lu|30/100|[from] item: Leftovers\n|-damage|p1a: Ting-Lu|18/100|[from] Salt Cure\n|upkeep\n|turn|42\n|\n|t:|1783795369\n|move|p1a: Ting-Lu|Ruination|p2a: Garganacl\n|-damage|p2a: Garganacl|50/100\n|move|p2a: Garganacl|Curse|p2a: Garganacl\n|-unboost|p2a: Garganacl|spe|1\n|-boost|p2a: Garganacl|atk|1\n|-boost|p2a: Garganacl|def|1\n|\n|-weather|none\n|-heal|p1a: Ting-Lu|24/100|[from] item: Leftovers\n|-heal|p2a: Garganacl|57/100|[from] item: Leftovers\n|-damage|p1a: Ting-Lu|11/100|[from] Salt Cure\n|upkeep\n|turn|43\n|\n|t:|1783795375\n|switch|p1a: Gholdengo|Gholdengo|53/100\n|move|p2a: Garganacl|Salt Cure|p1a: Gholdengo\n|-resisted|p1a: Gholdengo\n|-damage|p1a: Gholdengo|42/100\n|-start|p1a: Gholdengo|Salt Cure\n|\n|-heal|p2a: Garganacl|63/100|[from] item: Leftovers\n|-damage|p1a: Gholdengo|17/100|[from] Salt Cure\n|upkeep\n|turn|44\n|\n|t:|1783795382\n|move|p2a: Garganacl|Protect|p2a: Garganacl\n|-singleturn|p2a: Garganacl|Protect\n|move|p1a: Gholdengo|Make It Rain|p2a: Garganacl\n|-activate|p2a: Garganacl|move: Protect\n|\n|-heal|p2a: Garganacl|69/100|[from] item: Leftovers\n|-damage|p1a: Gholdengo|0 fnt|[from] Salt Cure\n|faint|p1a: Gholdengo\n|upkeep\n|\n|t:|1783795411\n|switch|p1a: Clefable|Clefable, F|59/100\n|turn|45\n|\n|t:|1783795419\n|move|p1a: Clefable|Moonlight|p1a: Clefable\n|-heal|p1a: Clefable|100/100\n|move|p2a: Garganacl|Salt Cure|p1a: Clefable\n|-damage|p1a: Clefable|85/100\n|-start|p1a: Clefable|Salt Cure\n|\n|-heal|p2a: Garganacl|75/100|[from] item: Leftovers\n|-damage|p1a: Clefable|73/100|[from] Salt Cure\n|upkeep\n|turn|46\n|\n|t:|1783795427\n|move|p1a: Clefable|Moonblast|p2a: Garganacl\n|-damage|p2a: Garganacl|51/100\n|-unboost|p2a: Garganacl|spa|1\n|move|p2a: Garganacl|Salt Cure|p1a: Clefable\n|-damage|p1a: Clefable|57/100\n|\n|-heal|p2a: Garganacl|57/100|[from] item: Leftovers\n|-damage|p1a: Clefable|45/100|[from] Salt Cure\n|upkeep\n|turn|47\n|\n|t:|1783795433\n|move|p1a: Clefable|Thunder Wave|p2a: Garganacl\n|-immune|p2a: Garganacl|[from] ability: Purifying Salt\n|move|p2a: Garganacl|Recover|p2a: Garganacl\n|-heal|p2a: Garganacl|100/100\n|\n|-damage|p1a: Clefable|32/100|[from] Salt Cure\n|upkeep\n|turn|48\n|\n|t:|1783795440\n|move|p1a: Clefable|Moonlight|p1a: Clefable\n|-heal|p1a: Clefable|82/100\n|move|p2a: Garganacl|Curse|p2a: Garganacl\n|-unboost|p2a: Garganacl|spe|1\n|-boost|p2a: Garganacl|atk|1\n|-boost|p2a: Garganacl|def|1\n|\n|-damage|p1a: Clefable|70/100|[from] Salt Cure\n|upkeep\n|turn|49\n|\n|t:|1783795445\n|move|p1a: Clefable|Knock Off|p2a: Garganacl\n|-damage|p2a: Garganacl|92/100\n|-enditem|p2a: Garganacl|Leftovers|[from] move: Knock Off|[of] p1a: Clefable\n|move|p2a: Garganacl|Salt Cure|p1a: Clefable\n|-damage|p1a: Clefable|55/100\n|\n|-damage|p1a: Clefable|43/100|[from] Salt Cure\n|upkeep\n|turn|50\n|\n|t:|1783795452\n|move|p1a: Clefable|Moonlight|p1a: Clefable\n|-heal|p1a: Clefable|93/100\n|move|p2a: Garganacl|Salt Cure|p1a: Clefable\n|-damage|p1a: Clefable|77/100\n|\n|-damage|p1a: Clefable|64/100|[from] Salt Cure\n|upkeep\n|turn|51\n|\n|t:|1783795458\n|move|p1a: Clefable|Moonblast|p2a: Garganacl\n|-damage|p2a: Garganacl|67/100\n|move|p2a: Garganacl|Salt Cure|p1a: Clefable\n|-crit|p1a: Clefable\n|-damage|p1a: Clefable|41/100\n|\n|-damage|p1a: Clefable|28/100|[from] Salt Cure\n|upkeep\n|turn|52\n|\n|t:|1783795465\n|move|p1a: Clefable|Moonlight|p1a: Clefable\n|-heal|p1a: Clefable|78/100\n|move|p2a: Garganacl|Salt Cure|p1a: Clefable\n|-damage|p1a: Clefable|63/100\n|\n|-damage|p1a: Clefable|50/100|[from] Salt Cure\n|upkeep\n|turn|53\n|\n|t:|1783795472\n|move|p1a: Clefable|Moonlight|p1a: Clefable\n|-heal|p1a: Clefable|100/100\n|move|p2a: Garganacl|Salt Cure|p1a: Clefable\n|-damage|p1a: Clefable|86/100\n|\n|-damage|p1a: Clefable|74/100|[from] Salt Cure\n|upkeep\n|turn|54\n|\n|t:|1783795478\n|move|p2a: Garganacl|Protect|p2a: Garganacl\n|-singleturn|p2a: Garganacl|Protect\n|move|p1a: Clefable|Moonblast|p2a: Garganacl\n|-activate|p2a: Garganacl|move: Protect\n|\n|-damage|p1a: Clefable|61/100|[from] Salt Cure\n|upkeep\n|turn|55\n|\n|t:|1783795484\n|move|p1a: Clefable|Moonblast|p2a: Garganacl\n|-damage|p2a: Garganacl|40/100\n|-unboost|p2a: Garganacl|spa|1\n|move|p2a: Garganacl|Salt Cure|p1a: Clefable\n|-damage|p1a: Clefable|46/100\n|\n|-damage|p1a: Clefable|33/100|[from] Salt Cure\n|upkeep\n|turn|56\n|\n|t:|1783795490\n|move|p1a: Clefable|Moonlight|p1a: Clefable\n|-heal|p1a: Clefable|83/100\n|move|p2a: Garganacl|Salt Cure|p1a: Clefable\n|-damage|p1a: Clefable|67/100\n|\n|-damage|p1a: Clefable|55/100|[from] Salt Cure\n|upkeep\n|turn|57\n|\n|t:|1783795496\n|move|p1a: Clefable|Moonlight|p1a: Clefable\n|-heal|p1a: Clefable|100/100\n|move|p2a: Garganacl|Salt Cure|p1a: Clefable\n|-damage|p1a: Clefable|85/100\n|\n|-damage|p1a: Clefable|73/100|[from] Salt Cure\n|upkeep\n|turn|58\n|\n|t:|1783795502\n|move|p1a: Clefable|Moonblast|p2a: Garganacl\n|-damage|p2a: Garganacl|12/100\n|-unboost|p2a: Garganacl|spa|1\n|move|p2a: Garganacl|Salt Cure|p1a: Clefable\n|-damage|p1a: Clefable|56/100\n|\n|-damage|p1a: Clefable|43/100|[from] Salt Cure\n|upkeep\n|turn|59\n|\n|t:|1783795508\n|move|p1a: Clefable|Moonlight|p1a: Clefable\n|-heal|p1a: Clefable|93/100\n|move|p2a: Garganacl|Salt Cure|p1a: Clefable\n|-damage|p1a: Clefable|77/100\n|\n|-damage|p1a: Clefable|65/100|[from] Salt Cure\n|upkeep\n|turn|60\n|\n|t:|1783795515\n|move|p1a: Clefable|Moonblast|p2a: Garganacl\n|-damage|p2a: Garganacl|0 fnt\n|faint|p2a: Garganacl\n|\n|-damage|p1a: Clefable|52/100|[from] Salt Cure\n|upkeep\n|\n|t:|1783795521\n|switch|p2a: Slowking|Slowking-Galar, M|55/100 brn\n|turn|61\n|\n|t:|1783795527\n|switch|p1a: Ting-Lu|Ting-Lu|11/100\n|-ability|p1a: Ting-Lu|Vessel of Ruin\n|move|p2a: Slowking|Sludge Bomb|p1a: Ting-Lu\n|-resisted|p1a: Ting-Lu\n|-damage|p1a: Ting-Lu|2/100\n|-status|p1a: Ting-Lu|psn\n|\n|-heal|p1a: Ting-Lu|8/100 psn|[from] item: Leftovers\n|-damage|p1a: Ting-Lu|0 fnt|[from] psn\n|faint|p1a: Ting-Lu\n|-damage|p2a: Slowking|48/100 brn|[from] brn\n|upkeep\n|\n|t:|1783795530\n|switch|p1a: Great Tusk|Great Tusk|45/100\n|turn|62\n|\n|t:|1783795535\n|switch|p2a: Dondozo|Dondozo, M|100/100 slp\n|move|p1a: Great Tusk|Headlong Rush|p2a: Dondozo\n|-damage|p2a: Dondozo|74/100 slp\n|-unboost|p1a: Great Tusk|def|1\n|-unboost|p1a: Great Tusk|spd|1\n|\n|upkeep\n|turn|63\n|\n|t:|1783795542\n|-end|p1a: Great Tusk|Protosynthesis|[silent]\n|switch|p1a: Clefable|Clefable, F|52/100\n|cant|p2a: Dondozo|slp\n|\n|upkeep\n|turn|64\n|\n|t:|1783795552\n|move|p1a: Clefable|Knock Off|p2a: Dondozo\n|-damage|p2a: Dondozo|67/100 slp\n|-enditem|p2a: Dondozo|Heavy-Duty Boots|[from] move: Knock Off|[of] p1a: Clefable\n|cant|p2a: Dondozo|slp\n|\n|upkeep\n|turn|65\n|\n|t:|1783795558\n|move|p1a: Clefable|Moonblast|p2a: Dondozo\n|-damage|p2a: Dondozo|38/100 slp\n|-curestatus|p2a: Dondozo|slp|[msg]\n|move|p2a: Dondozo|Curse|p2a: Dondozo\n|-unboost|p2a: Dondozo|spe|1\n|-boost|p2a: Dondozo|atk|1\n|-boost|p2a: Dondozo|def|1\n|\n|upkeep\n|turn|66\n|\n|t:|1783795567\n|move|p1a: Clefable|Moonblast|p2a: Dondozo\n|-damage|p2a: Dondozo|9/100\n|move|p2a: Dondozo|Rest|p2a: Dondozo\n|-status|p2a: Dondozo|slp|[from] move: Rest\n|-heal|p2a: Dondozo|100/100 slp|[silent]\n|\n|upkeep\n|turn|67\n|\n|t:|1783795573\n|move|p1a: Clefable|Moonblast|p2a: Dondozo\n|-damage|p2a: Dondozo|69/100 slp\n|cant|p2a: Dondozo|slp\n|\n|upkeep\n|turn|68\n|\n|t:|1783795579\n|move|p1a: Clefable|Moonblast|p2a: Dondozo\n|-damage|p2a: Dondozo|42/100 slp\n|cant|p2a: Dondozo|slp\n|\n|upkeep\n|turn|69\n|\n|t:|1783795589\n|move|p1a: Clefable|Moonblast|p2a: Dondozo\n|-damage|p2a: Dondozo|10/100 slp\n|-curestatus|p2a: Dondozo|slp|[msg]\n|move|p2a: Dondozo|Rest|p2a: Dondozo\n|-status|p2a: Dondozo|slp|[from] move: Rest\n|-heal|p2a: Dondozo|100/100 slp|[silent]\n|\n|upkeep\n|turn|70\n|\n|t:|1783795595\n|move|p1a: Clefable|Moonblast|p2a: Dondozo\n|-damage|p2a: Dondozo|71/100 slp\n|cant|p2a: Dondozo|slp\n|\n|upkeep\n|turn|71\n|\n|t:|1783795601\n|move|p1a: Clefable|Moonblast|p2a: Dondozo\n|-damage|p2a: Dondozo|39/100 slp\n|cant|p2a: Dondozo|slp\n|\n|upkeep\n|turn|72\n|\n|t:|1783795610\n|move|p1a: Clefable|Moonblast|p2a: Dondozo\n|-crit|p2a: Dondozo\n|-damage|p2a: Dondozo|0 fnt\n|faint|p2a: Dondozo\n|\n|upkeep\n|\n|t:|1783795616\n|switch|p2a: Slowking|Slowking-Galar, M|82/100 brn\n|turn|73\n|\n|t:|1783795621\n|move|p1a: Clefable|Knock Off|p2a: Slowking\n|-supereffective|p2a: Slowking\n|-damage|p2a: Slowking|47/100 brn\n|-enditem|p2a: Slowking|Heavy-Duty Boots|[from] move: Knock Off|[of] p1a: Clefable\n|move|p2a: Slowking|Sludge Bomb|p1a: Clefable\n|-supereffective|p1a: Clefable\n|-damage|p1a: Clefable|9/100\n|\n|-damage|p2a: Slowking|41/100 brn|[from] brn\n|upkeep\n|turn|74\n|\n|t:|1783795632\n|switch|p1a: Great Tusk|Great Tusk|45/100\n|move|p2a: Slowking|Sludge Bomb|p1a: Great Tusk\n|-resisted|p1a: Great Tusk\n|-damage|p1a: Great Tusk|17/100\n|\n|-damage|p2a: Slowking|35/100 brn|[from] brn\n|upkeep\n|turn|75\n|\n|t:|1783795639\n|move|p1a: Great Tusk|Headlong Rush|p2a: Slowking\n|-supereffective|p2a: Slowking\n|-damage|p2a: Slowking|0 fnt\n|-unboost|p1a: Great Tusk|def|1\n|-unboost|p1a: Great Tusk|spd|1\n|faint|p2a: Slowking\n|\n|upkeep\n|\n|t:|1783795645\n|switch|p2a: Corviknight|Corviknight, F|94/100\n|-ability|p2a: Corviknight|Pressure\n|turn|76\n|\n|t:|1783795651\n|move|p1a: Great Tusk|Close Combat|p2a: Corviknight\n|-damage|p2a: Corviknight|56/100\n|-unboost|p1a: Great Tusk|def|1\n|-unboost|p1a: Great Tusk|spd|1\n|move|p2a: Corviknight|Brave Bird|p1a: Great Tusk\n|-supereffective|p1a: Great Tusk\n|-damage|p1a: Great Tusk|0 fnt\n|faint|p1a: Great Tusk\n|-end|p1a: Great Tusk|Protosynthesis|[silent]\n|-damage|p2a: Corviknight|51/100|[from] Recoil\n|\n|upkeep\n|\n|t:|1783795657\n|switch|p1a: Moltres|Moltres|66/100\n|turn|77\n|\n|t:|1783795663\n|switch|p2a: Gholdengo|Gholdengo|100/100\n|move|p1a: Moltres|Flamethrower|p2a: Gholdengo\n|-supereffective|p2a: Gholdengo\n|-damage|p2a: Gholdengo|3/100\n|\n|upkeep\n|turn|78\n|\n|t:|1783795669\n|switch|p2a: Corviknight|Corviknight, F|51/100\n|-ability|p2a: Corviknight|Pressure\n|move|p1a: Moltres|Roost|p1a: Moltres\n|-heal|p1a: Moltres|100/100\n|-singleturn|p1a: Moltres|move: Roost\n|\n|upkeep\n|turn|79\n|\n|t:|1783795675\n|switch|p2a: Gholdengo|Gholdengo|3/100\n|move|p1a: Moltres|Flamethrower|p2a: Gholdengo\n|-supereffective|p2a: Gholdengo\n|-damage|p2a: Gholdengo|0 fnt\n|faint|p2a: Gholdengo\n|\n|upkeep\n|\n|t:|1783795680\n|switch|p2a: Corviknight|Corviknight, F|51/100\n|-ability|p2a: Corviknight|Pressure\n|turn|80\n|\n|t:|1783795688\n|move|p1a: Moltres|Flamethrower|p2a: Corviknight\n|-supereffective|p2a: Corviknight\n|-damage|p2a: Corviknight|0 fnt\n|faint|p2a: Corviknight\n|\n|win|Rbmgyy\n|raw|Rbmgyy's rating: 1321 &rarr; <strong>1339</strong><br />(+18 for winning)\n|raw|DekuFoulerLab's rating: 1288 &rarr; <strong>1265</strong><br />(-23 for losing)\n", "uploadtime": 1783795688, "views": 9, "formatid": "gen9ou", "rating": 1265, "private": 0, "password": null}