{"id": "gen9ou-2540670459", "format": "[Gen 9] OU", "players": ["spudcutter", "Jackesh-7T2"], "log": "|j|☆spudcutter\n|j|☆Jackesh-7T2\n|t:|1771237572\n|gametype|singles\n|player|p1|spudcutter|ghetsis-gen5bw|1596\n|player|p2|Jackesh-7T2|2|1660\n|gen|9\n|tier|[Gen 9] OU\n|rated|\n|rule|HP Percentage Mod: HP is shown in percentages\n|rule|Endless Battle Clause: Forcing endless battles is banned\n|rule|Species Clause: Limit one of each Pokémon\n|rule|OHKO Clause: OHKO moves are banned\n|rule|Evasion Items Clause: Evasion items are banned\n|rule|Evasion Moves Clause: Evasion moves are banned\n|rule|Evasion Abilities Clause: Evasion abilities are banned\n|rule|Sleep Moves Clause: Sleep-inducing moves are banned\n|clearpoke\n|poke|p1|Tyranitar, F|\n|poke|p1|Deoxys-Speed|\n|poke|p1|Slowking-Galar, F|\n|poke|p1|Great Tusk|\n|poke|p1|Raging Bolt|\n|poke|p1|Dondozo, F|\n|poke|p2|Kyurem|\n|poke|p2|Raging Bolt|\n|poke|p2|Torkoal, M|\n|poke|p2|Walking Wake|\n|poke|p2|Corviknight, F|\n|poke|p2|Ting-Lu|\n|teampreview\n|inactive|Battle timer is ON: inactive players will automatically lose when time's up. (requested by spudcutter)\n|\n|t:|1771237579\n|teamsize|p1|6\n|teamsize|p2|6\n|start\n|switch|p1a: Great Tusk|Great Tusk|100/100\n|switch|p2a: Walking Wake|Walking Wake|100/100\n|turn|1\n|\n|t:|1771237582\n|-end|p1a: Great Tusk|Protosynthesis|[silent]\n|switch|p1a: Slowking|Slowking-Galar, F|100/100\n|move|p2a: Walking Wake|Flip Turn|p1a: Slowking\n|-damage|p1a: Slowking|82/100\n|\n|t:|1771237584\n|-end|p2a: Walking Wake|Protosynthesis|[silent]\n|switch|p2a: Ting-Lu|Ting-Lu|100/100|[from] Flip Turn\n|-ability|p2a: Ting-Lu|Vessel of Ruin\n|\n|upkeep\n|turn|2\n|\n|t:|1771237588\n|switch|p1a: Tyranitar|Tyranitar, F|100/100\n|-weather|Sandstorm|[from] ability: Sand Stream|[of] p1a: Tyranitar\n|-terastallize|p2a: Ting-Lu|Ground\n|move|p2a: Ting-Lu|Earthquake|p1a: Tyranitar\n|-supereffective|p1a: Tyranitar\n|-damage|p1a: Tyranitar|0 fnt\n|faint|p1a: Tyranitar\n|\n|-weather|Sandstorm|[upkeep]\n|upkeep\n|\n|t:|1771237591\n|switch|p1a: Great Tusk|Great Tusk|100/100\n|turn|3\n|\n|t:|1771237593\n|move|p1a: Great Tusk|Ice Spinner|p2a: Ting-Lu\n|-supereffective|p2a: Ting-Lu\n|-damage|p2a: Ting-Lu|62/100\n|move|p2a: Ting-Lu|Earthquake|p1a: Great Tusk\n|-damage|p1a: Great Tusk|33/100\n|\n|-weather|Sandstorm|[upkeep]\n|upkeep\n|turn|4\n|\n|t:|1771237595\n|-end|p1a: Great Tusk|Protosynthesis|[silent]\n|switch|p1a: Dondozo|Dondozo, F|100/100\n|move|p2a: Ting-Lu|Earthquake|p1a: Dondozo\n|-damage|p1a: Dondozo|58/100\n|\n|-weather|Sandstorm|[upkeep]\n|-damage|p1a: Dondozo|52/100|[from] Sandstorm\n|upkeep\n|turn|5\n|\n|t:|1771237599\n|move|p2a: Ting-Lu|Earthquake|p1a: Dondozo\n|-damage|p1a: Dondozo|6/100\n|move|p1a: Dondozo|Rest|p1a: Dondozo\n|-status|p1a: Dondozo|slp|[from] move: Rest\n|-heal|p1a: Dondozo|100/100 slp|[silent]\n|\n|-weather|Sandstorm|[upkeep]\n|-damage|p1a: Dondozo|94/100 slp|[from] Sandstorm\n|upkeep\n|turn|6\n|\n|t:|1771237606\n|move|p2a: Ting-Lu|Earthquake|p1a: Dondozo\n|-damage|p1a: Dondozo|49/100 slp\n|cant|p1a: Dondozo|slp\n|move|p1a: Dondozo|Sleep Talk|p1a: Dondozo\n|move|p1a: Dondozo|Curse|p1a: Dondozo|[from] move: Sleep Talk\n|-unboost|p1a: Dondozo|spe|1\n|-boost|p1a: Dondozo|atk|1\n|-boost|p1a: Dondozo|def|1\n|\n|-weather|none\n|upkeep\n|turn|7\n|\n|t:|1771237611\n|switch|p2a: Kyurem|Kyurem|100/100\n|-ability|p2a: Kyurem|Pressure\n|cant|p1a: Dondozo|slp\n|move|p1a: Dondozo|Sleep Talk|p1a: Dondozo\n|move|p1a: Dondozo|Rest||[from] move: Sleep Talk|[still]\n|-fail|p1a: Dondozo\n|\n|upkeep\n|turn|8\n|\n|t:|1771237614\n|switch|p1a: Slowking|Slowking-Galar, F|100/100\n|move|p2a: Kyurem|Freeze-Dry|p1a: Slowking\n|-damage|p1a: Slowking|83/100\n|\n|upkeep\n|turn|9\n|\n|t:|1771237619\n|move|p2a: Kyurem|Earth Power|p1a: Slowking\n|-supereffective|p1a: Slowking\n|-damage|p1a: Slowking|46/100\n|move|p1a: Slowking|Flamethrower|p2a: Kyurem\n|-damage|p2a: Kyurem|70/100\n|\n|upkeep\n|turn|10\n|\n|t:|1771237632\n|switch|p2a: Ting-Lu|Ting-Lu, tera:Ground|62/100\n|-ability|p2a: Ting-Lu|Vessel of Ruin\n|move|p1a: Slowking|Sludge Bomb|p2a: Ting-Lu\n|-resisted|p2a: Ting-Lu\n|-damage|p2a: Ting-Lu|49/100\n|\n|upkeep\n|turn|11\n|\n|t:|1771237636\n|switch|p1a: Great Tusk|Great Tusk|33/100\n|move|p2a: Ting-Lu|Earthquake|p1a: Great Tusk\n|-damage|p1a: Great Tusk|0 fnt\n|faint|p1a: Great Tusk\n|-end|p1a: Great Tusk|Protosynthesis|[silent]\n|\n|upkeep\n|\n|t:|1771237638\n|switch|p1a: Deoxys|Deoxys-Speed|100/100\n|-ability|p1a: Deoxys|Pressure\n|turn|12\n|\n|t:|1771237640\n|switch|p2a: Corviknight|Corviknight, F|100/100\n|-ability|p2a: Corviknight|Pressure\n|move|p1a: Deoxys|Knock Off|p2a: Corviknight\n|-damage|p2a: Corviknight|73/100\n|-enditem|p2a: Corviknight|Heavy-Duty Boots|[from] move: Knock Off|[of] p1a: Deoxys\n|-damage|p1a: Deoxys|91/100|[from] item: Life Orb\n|\n|upkeep\n|turn|13\n|\n|t:|1771237644\n|move|p1a: Deoxys|Ice Beam|p2a: Corviknight\n|-damage|p2a: Corviknight|55/100\n|-damage|p1a: Deoxys|81/100|[from] item: Life Orb\n|move|p2a: Corviknight|Brave Bird|p1a: Deoxys\n|-damage|p1a: Deoxys|24/100\n|-damage|p2a: Corviknight|44/100|[from] Recoil\n|\n|upkeep\n|turn|14\n|\n|t:|1771237648\n|switch|p1a: Raging Bolt|Raging Bolt|100/100\n|move|p2a: Corviknight|Roost|p2a: Corviknight\n|-heal|p2a: Corviknight|94/100\n|-singleturn|p2a: Corviknight|move: Roost\n|\n|upkeep\n|turn|15\n|\n|t:|1771237652\n|switch|p2a: Ting-Lu|Ting-Lu, tera:Ground|49/100\n|-ability|p2a: Ting-Lu|Vessel of Ruin\n|move|p1a: Raging Bolt|Calm Mind|p1a: Raging Bolt\n|-boost|p1a: Raging Bolt|spa|1\n|-boost|p1a: Raging Bolt|spd|1\n|\n|upkeep\n|turn|16\n|\n|t:|1771237655\n|-terastallize|p1a: Raging Bolt|Flying\n|move|p1a: Raging Bolt|Calm Mind|p1a: Raging Bolt\n|-boost|p1a: Raging Bolt|spa|1\n|-boost|p1a: Raging Bolt|spd|1\n|move|p2a: Ting-Lu|Earthquake|p1a: Raging Bolt\n|-immune|p1a: Raging Bolt\n|\n|upkeep\n|turn|17\n|\n|t:|1771237659\n|switch|p2a: Torkoal|Torkoal, M|100/100\n|-weather|SunnyDay|[from] ability: Drought|[of] p2a: Torkoal\n|-activate|p1a: Raging Bolt|ability: Protosynthesis\n|-start|p1a: Raging Bolt|protosynthesisspa\n|move|p1a: Raging Bolt|Dragon Pulse|p2a: Torkoal\n|-damage|p2a: Torkoal|0 fnt\n|faint|p2a: Torkoal\n|\n|-weather|SunnyDay|[upkeep]\n|upkeep\n|\n|t:|1771237661\n|switch|p2a: Kyurem|Kyurem|70/100\n|-ability|p2a: Kyurem|Pressure\n|turn|18\n|\n|t:|1771237664\n|move|p2a: Kyurem|Ice Beam|p1a: Raging Bolt\n|-supereffective|p1a: Raging Bolt\n|-damage|p1a: Raging Bolt|49/100\n|move|p1a: Raging Bolt|Dragon Pulse|p2a: Kyurem\n|-supereffective|p2a: Kyurem\n|-damage|p2a: Kyurem|0 fnt\n|faint|p2a: Kyurem\n|\n|-weather|SunnyDay|[upkeep]\n|-heal|p1a: Raging Bolt|55/100|[from] item: Leftovers\n|upkeep\n|\n|t:|1771237668\n|switch|p2a: Ting-Lu|Ting-Lu, tera:Ground|49/100\n|-ability|p2a: Ting-Lu|Vessel of Ruin\n|turn|19\n|\n|t:|1771237674\n|move|p1a: Raging Bolt|Dragon Pulse|p2a: Ting-Lu\n|-damage|p2a: Ting-Lu|0 fnt\n|faint|p2a: Ting-Lu\n|\n|-weather|SunnyDay|[upkeep]\n|-heal|p1a: Raging Bolt|62/100|[from] item: Leftovers\n|upkeep\n|\n|t:|1771237678\n|switch|p2a: Raging Bolt|Raging Bolt|100/100\n|-activate|p2a: Raging Bolt|ability: Protosynthesis\n|-start|p2a: Raging Bolt|protosynthesisspa\n|turn|20\n|\n|t:|1771237682\n|move|p2a: Raging Bolt|Volt Switch|p1a: Raging Bolt\n|-supereffective|p1a: Raging Bolt\n|-damage|p1a: Raging Bolt|13/100\n|\n|t:|1771237691\n|-end|p2a: Raging Bolt|Protosynthesis|[silent]\n|switch|p2a: Corviknight|Corviknight, F|94/100|[from] Volt Switch\n|-ability|p2a: Corviknight|Pressure\n|move|p1a: Raging Bolt|Dragon Pulse|p2a: Corviknight\n|-resisted|p2a: Corviknight\n|-crit|p2a: Corviknight\n|-damage|p2a: Corviknight|30/100\n|\n|-weather|SunnyDay|[upkeep]\n|-heal|p1a: Raging Bolt|20/100|[from] item: Leftovers\n|upkeep\n|turn|21\n|\n|t:|1771237698\n|switch|p2a: Raging Bolt|Raging Bolt|100/100\n|-activate|p2a: Raging Bolt|ability: Protosynthesis\n|-start|p2a: Raging Bolt|protosynthesisspa\n|move|p1a: Raging Bolt|Thunderbolt|p2a: Raging Bolt\n|-resisted|p2a: Raging Bolt\n|-crit|p2a: Raging Bolt\n|-damage|p2a: Raging Bolt|74/100\n|\n|-weather|SunnyDay|[upkeep]\n|-heal|p1a: Raging Bolt|26/100|[from] item: Leftovers\n|upkeep\n|turn|22\n|\n|t:|1771237711\n|move|p1a: Raging Bolt|Thunderclap|p2a: Raging Bolt\n|-resisted|p2a: Raging Bolt\n|-damage|p2a: Raging Bolt|59/100\n|move|p2a: Raging Bolt|Volt Switch|p1a: Raging Bolt\n|-supereffective|p1a: Raging Bolt\n|-damage|p1a: Raging Bolt|0 fnt\n|faint|p1a: Raging Bolt\n|-end|p1a: Raging Bolt|Protosynthesis|[silent]\n|\n|t:|1771237717\n|-end|p2a: Raging Bolt|Protosynthesis|[silent]\n|switch|p2a: Walking Wake|Walking Wake|100/100|[from] Volt Switch\n|-activate|p2a: Walking Wake|ability: Protosynthesis\n|-start|p2a: Walking Wake|protosynthesisspa\n|\n|-weather|SunnyDay|[upkeep]\n|upkeep\n|\n|t:|1771237725\n|switch|p1a: Slowking|Slowking-Galar, F|79/100\n|turn|23\n|\n|t:|1771237727\n|move|p2a: Walking Wake|Hydro Steam|p1a: Slowking\n|-damage|p1a: Slowking|35/100\n|move|p1a: Slowking|Sludge Bomb|p2a: Walking Wake\n|-damage|p2a: Walking Wake|44/100\n|\n|-weather|SunnyDay|[upkeep]\n|upkeep\n|turn|24\n|\n|t:|1771237732\n|switch|p1a: Deoxys|Deoxys-Speed|24/100\n|-ability|p1a: Deoxys|Pressure\n|move|p2a: Walking Wake|Hydro Steam|p1a: Deoxys\n|-damage|p1a: Deoxys|0 fnt\n|faint|p1a: Deoxys\n|\n|-weather|none\n|-end|p2a: Walking Wake|Protosynthesis\n|upkeep\n|\n|t:|1771237734\n|switch|p1a: Slowking|Slowking-Galar, F|68/100\n|turn|25\n|\n|t:|1771237747\n|move|p2a: Walking Wake|Hydro Steam|p1a: Slowking\n|-damage|p1a: Slowking|47/100\n|move|p1a: Slowking|Sludge Bomb|p2a: Walking Wake\n|-damage|p2a: Walking Wake|0 fnt\n|faint|p2a: Walking Wake\n|-end|p2a: Walking Wake|Protosynthesis|[silent]\n|\n|upkeep\n|\n|t:|1771237750\n|switch|p2a: Raging Bolt|Raging Bolt|59/100\n|turn|26\n|\n|t:|1771237752\n|move|p2a: Raging Bolt|Dragon Pulse|p1a: Slowking\n|-damage|p1a: Slowking|19/100\n|move|p1a: Slowking|Sludge Bomb|p2a: Raging Bolt\n|-damage|p2a: Raging Bolt|33/100\n|\n|upkeep\n|turn|27\n|\n|t:|1771237755\n|switch|p1a: Dondozo|Dondozo, F|49/100 slp\n|move|p2a: Raging Bolt|Volt Switch|p1a: Dondozo\n|-supereffective|p1a: Dondozo\n|-damage|p1a: Dondozo|0 fnt\n|faint|p1a: Dondozo\n|\n|t:|1771237757\n|-end|p2a: Raging Bolt|Protosynthesis|[silent]\n|switch|p2a: Corviknight|Corviknight, F|30/100|[from] Volt Switch\n|-ability|p2a: Corviknight|Pressure\n|\n|upkeep\n|\n|t:|1771237758\n|switch|p1a: Slowking|Slowking-Galar, F|52/100\n|turn|28\n|-message|spudcutter forfeited.\n|\n|win|Jackesh-7T2\n|raw|spudcutter's rating: 1596 &rarr; <strong>1580</strong><br />(-16 for losing)\n|raw|Jackesh-7T2's rating: 1660 &rarr; <strong>1676</strong><br />(+16 for winning)\n|l|☆spudcutter\n|player|p1|\n|l|☆Jackesh-7T2\n|player|p2|\n|j|☆Jackesh-7T2\n|player|p2|Jackesh-7T2|2|\n", "uploadtime": 1771237763, "views": 18, "formatid": "gen9ou", "rating": 1580, "private": 0, "password": null}