{"id": "gen9ou-2639191614", "format": "[Gen 9] OU", "players": ["kaykyninja", "Yuyu danger"], "log": "|j|☆kaykyninja\n|j|☆Yuyu danger\n|t:|1782431834\n|gametype|singles\n|player|p1|kaykyninja|acetrainer-gen4|1156\n|player|p2|Yuyu danger|marshal|1208\n|gen|9\n|tier|[Gen 9] OU\n|rated|\n|rule|HP Percentage Mod: HP is shown in percentages\n|rule|Endless Battle Clause: Forcing endless battles is banned\n|rule|Species Clause: Limit one of each Pokémon\n|rule|OHKO Clause: OHKO moves are banned\n|rule|Evasion Items Clause: Evasion items are banned\n|rule|Evasion Moves Clause: Evasion moves are banned\n|rule|Evasion Abilities Clause: Evasion abilities are banned\n|rule|Sleep Moves Clause: Sleep-inducing moves are banned\n|clearpoke\n|poke|p1|Heatran, M|\n|poke|p1|Dragonite, F|\n|poke|p1|Rotom-Wash|\n|poke|p1|Weezing-Galar, M|\n|poke|p1|Mimikyu, F|\n|poke|p1|Weavile, F|\n|poke|p2|Clefable, F|\n|poke|p2|Dragonite, M|\n|poke|p2|Reuniclus, F|\n|poke|p2|Corviknight, M|\n|poke|p2|Blissey, F|\n|poke|p2|Polteageist-Antique|\n|teampreview\n|inactive|Battle timer is ON: inactive players will automatically lose when time's up. (requested by Yuyu danger)\n|inactive|kaykyninja also wants the timer to be on.\n|\n|t:|1782431842\n|teamsize|p1|6\n|teamsize|p2|6\n|start\n|switch|p1a: Rotom|Rotom-Wash|100/100\n|switch|p2a: Clefable|Clefable, F|100/100\n|turn|1\n|\n|t:|1782431856\n|switch|p2a: Dragonite|Dragonite, M|100/100\n|move|p1a: Rotom|Nasty Plot|p1a: Rotom\n|-boost|p1a: Rotom|spa|2\n|\n|upkeep\n|turn|2\n|\n|t:|1782431867\n|switch|p2a: Blissey|Blissey, F|100/100\n|move|p1a: Rotom|Nasty Plot|p1a: Rotom\n|-boost|p1a: Rotom|spa|2\n|\n|upkeep\n|turn|3\n|\n|t:|1782431873\n|move|p1a: Rotom|Thunder|p2a: Blissey|[miss]\n|-miss|p1a: Rotom|p2a: Blissey\n|move|p2a: Blissey|Seismic Toss|p1a: Rotom\n|-damage|p1a: Rotom|68/100\n|\n|-heal|p1a: Rotom|74/100|[from] item: Leftovers\n|upkeep\n|turn|4\n|\n|t:|1782431882\n|move|p1a: Rotom|Thunder|p2a: Blissey\n|-damage|p2a: Blissey|67/100\n|-status|p2a: Blissey|par\n|cant|p2a: Blissey|par\n|\n|-heal|p1a: Rotom|80/100|[from] item: Leftovers\n|-heal|p2a: Blissey|73/100 par|[from] item: Leftovers\n|upkeep\n|turn|5\n|\n|t:|1782431891\n|-curestatus|p2a: Blissey|par|[from] ability: Natural Cure|[silent]\n|switch|p2a: Polteageist|Polteageist-Antique|100/100\n|move|p1a: Rotom|Nasty Plot|p1a: Rotom\n|-boost|p1a: Rotom|spa|2\n|\n|-heal|p1a: Rotom|86/100|[from] item: Leftovers\n|upkeep\n|turn|6\n|\n|t:|1782431901\n|move|p2a: Polteageist|Shell Smash|p2a: Polteageist\n|-unboost|p2a: Polteageist|def|1\n|-unboost|p2a: Polteageist|spd|1\n|-boost|p2a: Polteageist|atk|2\n|-boost|p2a: Polteageist|spa|2\n|-boost|p2a: Polteageist|spe|2\n|move|p1a: Rotom|Hydro Pump|p2a: Polteageist\n|-enditem|p2a: Polteageist|Focus Sash\n|-damage|p2a: Polteageist|1/100\n|\n|-heal|p1a: Rotom|93/100|[from] item: Leftovers\n|upkeep\n|turn|7\n|\n|t:|1782431913\n|move|p2a: Polteageist|Giga Drain|p1a: Rotom\n|-supereffective|p1a: Rotom\n|-damage|p1a: Rotom|6/100\n|-heal|p2a: Polteageist|51/100|[from] drain|[of] p1a: Rotom\n|move|p1a: Rotom|Hydro Pump|p2a: Polteageist|[miss]\n|-miss|p1a: Rotom|p2a: Polteageist\n|\n|-heal|p1a: Rotom|13/100|[from] item: Leftovers\n|upkeep\n|turn|8\n|\n|t:|1782431923\n|move|p2a: Polteageist|Giga Drain|p1a: Rotom\n|-supereffective|p1a: Rotom\n|-damage|p1a: Rotom|0 fnt\n|-heal|p2a: Polteageist|58/100|[from] drain|[of] p1a: Rotom\n|faint|p1a: Rotom\n|\n|upkeep\n|\n|t:|1782431931\n|switch|p1a: Mimikyu|Mimikyu, F|100/100\n|-item|p1a: Mimikyu|Air Balloon\n|turn|9\n|\n|t:|1782431936\n|move|p1a: Mimikyu|Shadow Sneak|p2a: Polteageist\n|-supereffective|p2a: Polteageist\n|-damage|p2a: Polteageist|0 fnt\n|faint|p2a: Polteageist\n|\n|upkeep\n|\n|t:|1782431943\n|switch|p2a: Corviknight|Corviknight, M|100/100\n|turn|10\n|\n|t:|1782431948\n|switch|p1a: Heatran|Heatran, M|100/100\n|move|p2a: Corviknight|Heavy Slam|p1a: Heatran\n|-resisted|p1a: Heatran\n|-damage|p1a: Heatran|98/100\n|\n|-heal|p1a: Heatran|100/100|[from] item: Leftovers\n|upkeep\n|turn|11\n|\n|t:|1782431960\n|switch|p2a: Blissey|Blissey, F|73/100\n|move|p1a: Heatran|Stealth Rock|p2a: Blissey\n|-sidestart|p2: Yuyu danger|move: Stealth Rock\n|\n|-heal|p2a: Blissey|79/100|[from] item: Leftovers\n|upkeep\n|turn|12\n|\n|t:|1782431969\n|move|p1a: Heatran|Lava Plume|p2a: Blissey\n|-damage|p2a: Blissey|66/100\n|move|p2a: Blissey|Shadow Ball|p1a: Heatran\n|-crit|p1a: Heatran\n|-damage|p1a: Heatran|83/100\n|\n|-heal|p1a: Heatran|90/100|[from] item: Leftovers\n|-heal|p2a: Blissey|72/100|[from] item: Leftovers\n|upkeep\n|turn|13\n|\n|t:|1782431981\n|move|p1a: Heatran|Lava Plume|p2a: Blissey\n|-damage|p2a: Blissey|59/100\n|-status|p2a: Blissey|brn\n|move|p2a: Blissey|Shadow Ball|p1a: Heatran\n|-damage|p1a: Heatran|77/100\n|-unboost|p1a: Heatran|spd|1\n|\n|-heal|p1a: Heatran|83/100|[from] item: Leftovers\n|-heal|p2a: Blissey|66/100 brn|[from] item: Leftovers\n|-damage|p2a: Blissey|59/100 brn|[from] brn\n|upkeep\n|turn|14\n|\n|t:|1782431995\n|move|p1a: Heatran|Earth Power|p2a: Blissey\n|-damage|p2a: Blissey|50/100 brn\n|move|p2a: Blissey|Soft-Boiled|p2a: Blissey\n|-heal|p2a: Blissey|100/100 brn\n|\n|-heal|p1a: Heatran|89/100|[from] item: Leftovers\n|-damage|p2a: Blissey|94/100 brn|[from] brn\n|upkeep\n|turn|15\n|\n|t:|1782432016\n|switch|p1a: Weezing|Weezing-Galar, M|100/100\n|move|p2a: Blissey|Seismic Toss|p1a: Weezing\n|-damage|p1a: Weezing|71/100\n|\n|-heal|p1a: Weezing|77/100|[from] item: Leftovers\n|-heal|p2a: Blissey|100/100 brn|[from] item: Leftovers\n|-damage|p2a: Blissey|94/100 brn|[from] brn\n|upkeep\n|turn|16\n|\n|t:|1782432026\n|move|p1a: Weezing|Toxic Spikes|p2a: Blissey\n|-sidestart|p2: Yuyu danger|move: Toxic Spikes\n|move|p2a: Blissey|Seismic Toss|p1a: Weezing\n|-damage|p1a: Weezing|47/100\n|\n|-heal|p1a: Weezing|53/100|[from] item: Leftovers\n|-heal|p2a: Blissey|100/100 brn|[from] item: Leftovers\n|-damage|p2a: Blissey|94/100 brn|[from] brn\n|upkeep\n|turn|17\n|\n|t:|1782432039\n|move|p1a: Weezing|Strange Steam|p2a: Blissey\n|-damage|p2a: Blissey|87/100 brn\n|-start|p2a: Blissey|confusion\n|-activate|p2a: Blissey|confusion\n|-damage|p2a: Blissey|85/100 brn|[from] confusion\n|\n|-heal|p1a: Weezing|59/100|[from] item: Leftovers\n|-heal|p2a: Blissey|91/100 brn|[from] item: Leftovers\n|-damage|p2a: Blissey|85/100 brn|[from] brn\n|upkeep\n|turn|18\n|\n|t:|1782432052\n|switch|p1a: Mimikyu|Mimikyu, F|100/100\n|-item|p1a: Mimikyu|Air Balloon\n|-activate|p2a: Blissey|confusion\n|move|p2a: Blissey|Shadow Ball|p1a: Mimikyu\n|-activate|p1a: Mimikyu|ability: Disguise\n|-damage|p1a: Mimikyu|100/100\n|-enditem|p1a: Mimikyu|Air Balloon\n|detailschange|p1a: Mimikyu|Mimikyu-Busted, F\n|-damage|p1a: Mimikyu|88/100|[from] pokemon: Mimikyu-Busted\n|\n|-heal|p2a: Blissey|91/100 brn|[from] item: Leftovers\n|-damage|p2a: Blissey|85/100 brn|[from] brn\n|upkeep\n|turn|19\n|\n|t:|1782432067\n|-curestatus|p2a: Blissey|brn|[from] ability: Natural Cure|[silent]\n|switch|p2a: Corviknight|Corviknight, M|100/100\n|-damage|p2a: Corviknight|88/100|[from] Stealth Rock\n|move|p1a: Mimikyu|Drain Punch|p2a: Corviknight\n|-damage|p2a: Corviknight|76/100\n|-heal|p1a: Mimikyu|98/100|[from] drain|[of] p2a: Corviknight\n|-damage|p1a: Mimikyu|81/100|[from] item: Rocky Helmet|[of] p2a: Corviknight\n|\n|upkeep\n|turn|20\n|\n|t:|1782432081\n|switch|p1a: Dragonite|Dragonite, F|100/100\n|move|p2a: Corviknight|Defog|p1a: Dragonite\n|-unboost|p1a: Dragonite|evasion|1\n|-sideend|p2: Yuyu danger|Toxic Spikes|[from] move: Defog|[of] p2a: Corviknight\n|-sideend|p2: Yuyu danger|Stealth Rock|[from] move: Defog|[of] p2a: Corviknight\n|\n|upkeep\n|turn|21\n|\n|t:|1782432089\n|switch|p2a: Clefable|Clefable, F|100/100\n|move|p1a: Dragonite|Dragon Dance|p1a: Dragonite\n|-boost|p1a: Dragonite|atk|1\n|-boost|p1a: Dragonite|spe|1\n|\n|-status|p2a: Clefable|tox|[from] item: Toxic Orb\n|upkeep\n|turn|22\n|\n|t:|1782432101\n|switch|p1a: Weezing|Weezing-Galar, M|59/100\n|move|p2a: Clefable|Cosmic Power|p2a: Clefable\n|-boost|p2a: Clefable|def|1\n|-boost|p2a: Clefable|spd|1\n|\n|-heal|p1a: Weezing|65/100|[from] item: Leftovers\n|upkeep\n|turn|23\n|\n|t:|1782432110\n|move|p1a: Weezing|Sludge Bomb|p2a: Clefable\n|-supereffective|p2a: Clefable\n|-damage|p2a: Clefable|66/100 tox\n|move|p2a: Clefable|Cosmic Power|p2a: Clefable\n|-boost|p2a: Clefable|def|1\n|-boost|p2a: Clefable|spd|1\n|\n|-heal|p1a: Weezing|71/100|[from] item: Leftovers\n|upkeep\n|turn|24\n|\n|t:|1782432119\n|move|p1a: Weezing|Sludge Bomb|p2a: Clefable\n|-supereffective|p2a: Clefable\n|-damage|p2a: Clefable|43/100 tox\n|move|p2a: Clefable|Cosmic Power|p2a: Clefable\n|-boost|p2a: Clefable|def|1\n|-boost|p2a: Clefable|spd|1\n|\n|-heal|p1a: Weezing|77/100|[from] item: Leftovers\n|upkeep\n|turn|25\n|\n|t:|1782432128\n|move|p1a: Weezing|Sludge Bomb|p2a: Clefable\n|-supereffective|p2a: Clefable\n|-damage|p2a: Clefable|23/100 tox\n|move|p2a: Clefable|Moonlight|p2a: Clefable\n|-heal|p2a: Clefable|73/100 tox\n|\n|-heal|p1a: Weezing|83/100|[from] item: Leftovers\n|upkeep\n|turn|26\n|\n|t:|1782432138\n|move|p2a: Clefable|Cosmic Power|p2a: Clefable\n|-boost|p2a: Clefable|def|1\n|-boost|p2a: Clefable|spd|1\n|move|p1a: Weezing|Toxic Spikes|p2a: Clefable\n|-sidestart|p2: Yuyu danger|move: Toxic Spikes\n|\n|-heal|p1a: Weezing|89/100|[from] item: Leftovers\n|upkeep\n|turn|27\n|\n|t:|1782432146\n|move|p1a: Weezing|Strange Steam|p2a: Clefable\n|-damage|p2a: Clefable|64/100 tox\n|move|p2a: Clefable|Cosmic Power|p2a: Clefable\n|-boost|p2a: Clefable|def|1\n|-boost|p2a: Clefable|spd|1\n|\n|-heal|p1a: Weezing|95/100|[from] item: Leftovers\n|upkeep\n|turn|28\n|\n|t:|1782432155\n|move|p2a: Clefable|Moonlight|p2a: Clefable\n|-heal|p2a: Clefable|100/100 tox\n|move|p1a: Weezing|Strange Steam|p2a: Clefable\n|-damage|p2a: Clefable|92/100 tox\n|-start|p2a: Clefable|confusion\n|\n|-heal|p1a: Weezing|100/100|[from] item: Leftovers\n|upkeep\n|turn|29\n|\n|t:|1782432165\n|-activate|p2a: Clefable|confusion\n|move|p2a: Clefable|Cosmic Power|p2a: Clefable\n|-boost|p2a: Clefable|def|1\n|-boost|p2a: Clefable|spd|1\n|move|p1a: Weezing|Sludge Bomb|p2a: Clefable\n|-supereffective|p2a: Clefable\n|-damage|p2a: Clefable|78/100 tox\n|\n|upkeep\n|turn|30\n|\n|t:|1782432175\n|-terastallize|p2a: Clefable|Normal\n|move|p1a: Weezing|Sludge Bomb|p2a: Clefable\n|-damage|p2a: Clefable|72/100 tox\n|-activate|p2a: Clefable|confusion\n|move|p2a: Clefable|Stored Power|p1a: Weezing\n|-supereffective|p1a: Weezing\n|-damage|p1a: Weezing|0 fnt\n|faint|p1a: Weezing\n|\n|upkeep\n|\n|t:|1782432189\n|switch|p1a: Weavile|Weavile, F|100/100\n|turn|31\n|\n|t:|1782432200\n|-terastallize|p1a: Weavile|Dragon\n|move|p1a: Weavile|Low Kick|p2a: Clefable\n|-supereffective|p2a: Clefable\n|-damage|p2a: Clefable|62/100 tox\n|-end|p2a: Clefable|confusion\n|move|p2a: Clefable|Night Shade|p1a: Weavile\n|-damage|p1a: Weavile|71/100\n|\n|upkeep\n|turn|32\n|\n|t:|1782432211\n|switch|p1a: Heatran|Heatran, M|89/100\n|move|p2a: Clefable|Stored Power|p1a: Heatran\n|-resisted|p1a: Heatran\n|-damage|p1a: Heatran|67/100\n|\n|-heal|p1a: Heatran|74/100|[from] item: Leftovers\n|upkeep\n|turn|33\n|\n|t:|1782432223\n|move|p1a: Heatran|Stealth Rock|p2a: Clefable\n|-sidestart|p2: Yuyu danger|move: Stealth Rock\n|move|p2a: Clefable|Moonlight|p2a: Clefable\n|-heal|p2a: Clefable|100/100 tox\n|\n|-heal|p1a: Heatran|80/100|[from] item: Leftovers\n|upkeep\n|turn|34\n|\n|t:|1782432232\n|move|p1a: Heatran|Lava Plume|p2a: Clefable\n|-damage|p2a: Clefable|90/100 tox\n|move|p2a: Clefable|Night Shade|p1a: Heatran\n|-damage|p1a: Heatran|54/100\n|\n|-heal|p1a: Heatran|60/100|[from] item: Leftovers\n|upkeep\n|turn|35\n|\n|t:|1782432241\n|move|p1a: Heatran|Lava Plume|p2a: Clefable\n|-damage|p2a: Clefable|79/100 tox\n|move|p2a: Clefable|Night Shade|p1a: Heatran\n|-damage|p1a: Heatran|34/100\n|\n|-heal|p1a: Heatran|40/100|[from] item: Leftovers\n|upkeep\n|turn|36\n|\n|t:|1782432249\n|move|p1a: Heatran|Lava Plume|p2a: Clefable\n|-damage|p2a: Clefable|68/100 tox\n|move|p2a: Clefable|Night Shade|p1a: Heatran\n|-damage|p1a: Heatran|14/100\n|\n|-heal|p1a: Heatran|21/100|[from] item: Leftovers\n|upkeep\n|turn|37\n|\n|t:|1782432257\n|move|p1a: Heatran|Lava Plume|p2a: Clefable\n|-damage|p2a: Clefable|57/100 tox\n|move|p2a: Clefable|Night Shade|p1a: Heatran\n|-damage|p1a: Heatran|0 fnt\n|faint|p1a: Heatran\n|\n|upkeep\n|\n|t:|1782432266\n|switch|p1a: Mimikyu|Mimikyu-Busted, F|81/100\n|turn|38\n|\n|t:|1782432269\n|move|p1a: Mimikyu|Swords Dance|p1a: Mimikyu\n|-boost|p1a: Mimikyu|atk|2\n|move|p2a: Clefable|Stored Power|p1a: Mimikyu\n|-damage|p1a: Mimikyu|12/100\n|\n|upkeep\n|turn|39\n|\n|t:|1782432276\n|move|p1a: Mimikyu|Drain Punch|p2a: Clefable\n|-supereffective|p2a: Clefable\n|-crit|p2a: Clefable\n|-damage|p2a: Clefable|0 fnt\n|-heal|p1a: Mimikyu|57/100|[from] drain|[of] p2a: Clefable\n|faint|p2a: Clefable\n|\n|upkeep\n|\n|t:|1782432289\n|switch|p2a: Reuniclus|Reuniclus, F, shiny|100/100\n|-status|p2a: Reuniclus|psn\n|turn|40\n|\n|t:|1782432296\n|move|p1a: Mimikyu|Shadow Sneak|p2a: Reuniclus\n|-supereffective|p2a: Reuniclus\n|-damage|p2a: Reuniclus|58/100 psn\n|move|p2a: Reuniclus|Iron Defense|p2a: Reuniclus\n|-boost|p2a: Reuniclus|def|2\n|\n|upkeep\n|turn|41\n|\n|t:|1782432304\n|move|p1a: Mimikyu|Shadow Sneak|p2a: Reuniclus\n|-supereffective|p2a: Reuniclus\n|-damage|p2a: Reuniclus|36/100 psn\n|move|p2a: Reuniclus|Iron Defense|p2a: Reuniclus\n|-boost|p2a: Reuniclus|def|2\n|\n|upkeep\n|turn|42\n|\n|t:|1782432310\n|move|p1a: Mimikyu|Shadow Sneak|p2a: Reuniclus\n|-supereffective|p2a: Reuniclus\n|-damage|p2a: Reuniclus|22/100 psn\n|move|p2a: Reuniclus|Recover|p2a: Reuniclus\n|-heal|p2a: Reuniclus|72/100 psn\n|\n|upkeep\n|turn|43\n|\n|t:|1782432318\n|move|p1a: Mimikyu|Swords Dance|p1a: Mimikyu\n|-boost|p1a: Mimikyu|atk|2\n|move|p2a: Reuniclus|Recover|p2a: Reuniclus\n|-heal|p2a: Reuniclus|100/100 psn\n|\n|upkeep\n|turn|44\n|\n|t:|1782432325\n|move|p1a: Mimikyu|Shadow Sneak|p2a: Reuniclus\n|-supereffective|p2a: Reuniclus\n|-damage|p2a: Reuniclus|78/100 psn\n|move|p2a: Reuniclus|Stored Power|p1a: Mimikyu\n|-damage|p1a: Mimikyu|0 fnt\n|faint|p1a: Mimikyu\n|\n|upkeep\n|\n|t:|1782432333\n|switch|p1a: Weavile|Weavile, F, tera:Dragon|71/100\n|turn|45\n|\n|t:|1782432341\n|move|p1a: Weavile|Foul Play|p2a: Reuniclus\n|-supereffective|p2a: Reuniclus\n|-damage|p2a: Reuniclus|66/100 psn\n|move|p2a: Reuniclus|Iron Defense|p2a: Reuniclus\n|-boost|p2a: Reuniclus|def|2\n|\n|upkeep\n|turn|46\n|\n|t:|1782432348\n|move|p1a: Weavile|Foul Play|p2a: Reuniclus\n|-supereffective|p2a: Reuniclus\n|-damage|p2a: Reuniclus|57/100 psn\n|move|p2a: Reuniclus|Calm Mind|p2a: Reuniclus\n|-boost|p2a: Reuniclus|spa|1\n|-boost|p2a: Reuniclus|spd|1\n|\n|upkeep\n|turn|47\n|\n|t:|1782432356\n|switch|p1a: Dragonite|Dragonite, F|100/100\n|move|p2a: Reuniclus|Recover|p2a: Reuniclus\n|-heal|p2a: Reuniclus|100/100 psn\n|\n|upkeep\n|turn|48\n|\n|t:|1782432363\n|move|p1a: Dragonite|Dragon Dance|p1a: Dragonite\n|-boost|p1a: Dragonite|atk|1\n|-boost|p1a: Dragonite|spe|1\n|move|p2a: Reuniclus|Stored Power|p1a: Dragonite\n|-damage|p1a: Dragonite|37/100\n|\n|upkeep\n|turn|49\n|\n|t:|1782432372\n|move|p1a: Dragonite|Outrage|p2a: Reuniclus\n|-damage|p2a: Reuniclus|83/100 psn\n|move|p2a: Reuniclus|Stored Power|p1a: Dragonite\n|-damage|p1a: Dragonite|0 fnt\n|faint|p1a: Dragonite\n|\n|upkeep\n|c|☆kaykyninja|Vc joga igual uma puta\n|c|☆kaykyninja|Seu filho da puta\n|c|☆kaykyninja|Arrombado\n|inactive|kaykyninja has 120 seconds left.\n|inactive|kaykyninja has 90 seconds left.\n|inactive|kaykyninja has 60 seconds left.\n|inactive|kaykyninja has 30 seconds left.\n|inactive|kaykyninja has 20 seconds left.\n|inactive|kaykyninja has 15 seconds left.\n|inactive|kaykyninja has 10 seconds left.\n|inactive|kaykyninja has 5 seconds left.\n|\n|t:|1782432520\n|switch|p1a: Weavile|Weavile, F, tera:Dragon|71/100\n|turn|50\n|inactive|kaykyninja has 15 seconds left this turn.\n|inactive|kaykyninja has 10 seconds left.\n|inactive|kaykyninja has 5 seconds left.\n|\n|t:|1782432534\n|move|p1a: Weavile|Icicle Crash|p2a: Reuniclus\n|-damage|p2a: Reuniclus|73/100 psn\n|move|p2a: Reuniclus|Stored Power|p1a: Weavile\n|-damage|p1a: Weavile|0 fnt\n|faint|p1a: Weavile\n|\n|win|Yuyu danger\n", "uploadtime": 1782432397, "views": 5, "formatid": "gen9ou", "rating": null, "private": 0, "password": null}