{"id": "gen9ou-2639225125", "format": "[Gen 9] OU", "players": ["Moon of Seoul", "temper fury"], "log": "|j|☆Moon of Seoul\n|j|☆temper fury\n|inactive|Battle timer is ON: inactive players will automatically lose when time's up.\n|t:|1782436809\n|gametype|singles\n|player|p1|Moon of Seoul|2|\n|player|p2|temper fury|dawn|\n|gen|9\n|tier|[Gen 9] OU\n|rated|Tournament battle\n|rule|HP Percentage Mod: HP is shown in percentages\n|rule|Endless Battle Clause: Forcing endless battles is banned\n|rule|Species Clause: Limit one of each Pokémon\n|rule|OHKO Clause: OHKO moves are banned\n|rule|Evasion Items Clause: Evasion items are banned\n|rule|Evasion Moves Clause: Evasion moves are banned\n|rule|Evasion Abilities Clause: Evasion abilities are banned\n|rule|Sleep Moves Clause: Sleep-inducing moves are banned\n|clearpoke\n|poke|p1|Pelipper, F|\n|poke|p1|Basculegion, M|\n|poke|p1|Zamazenta-*|\n|poke|p1|Raging Bolt|\n|poke|p1|Iron Treads|\n|poke|p1|Golduck, M|\n|poke|p2|Zamazenta-*|\n|poke|p2|Iron Hands|\n|poke|p2|Ceruledge, F|\n|poke|p2|Iron Valiant|\n|poke|p2|Deoxys-Speed|\n|poke|p2|Glimmora, F|\n|teampreview\n|inactive|temper fury also wants the timer to be on.\n|c|☆Moon of Seoul|glhf\n|c|☆temper fury|loaded up the cteam?\n|\n|t:|1782436837\n|teamsize|p1|6\n|teamsize|p2|6\n|start\n|switch|p1a: Pelipper|Pelipper, F|100/100\n|switch|p2a: Glimmora|Glimmora, F|100/100\n|-weather|RainDance|[from] ability: Drizzle|[of] p1a: Pelipper\n|turn|1\n|j| ina fable\n|j| natastonyllatotmai\n|\n|t:|1782436858\n|move|p2a: Glimmora|Stealth Rock|p1a: Pelipper\n|-sidestart|p1: Moon of Seoul|move: Stealth Rock\n|move|p1a: Pelipper|Surf|p2a: Glimmora\n|-supereffective|p2a: Glimmora\n|-damage|p2a: Glimmora|2/100\n|-enditem|p2a: Glimmora|Red Card|[of] p1a: Pelipper\n|drag|p1a: Basculegion|Basculegion, M|100/100\n|-damage|p1a: Basculegion|88/100|[from] Stealth Rock\n|\n|-weather|RainDance|[upkeep]\n|upkeep\n|turn|2\n|\n|t:|1782436867\n|move|p1a: Basculegion|Wave Crash|p2a: Glimmora\n|-supereffective|p2a: Glimmora\n|-damage|p2a: Glimmora|0 fnt\n|-activate|p2a: Glimmora|ability: Toxic Debris\n|-sidestart|p1: Moon of Seoul|move: Toxic Spikes\n|faint|p2a: Glimmora\n|-damage|p1a: Basculegion|88/100|[from] Recoil\n|\n|-weather|RainDance|[upkeep]\n|upkeep\n|c|☆Moon of Seoul|I picked a random number.\n|c|☆Moon of Seoul|!dice 5\n|c| Moon of Seoul|/raw <div class=\"infobox\">Rolling (1 to 5): 5</div>\n|c|☆Moon of Seoul|!dice 5\n|c| Moon of Seoul|/raw <div class=\"infobox\">Rolling (1 to 5): 5</div>\n|inactive|temper fury has 120 seconds left.\n|c|☆Moon of Seoul|!dice 5\n|c| Moon of Seoul|/raw <div class=\"infobox\">Rolling (1 to 5): 1</div>\n|j| splat__t3r\n|c|☆temper fury|ok\n|inactive|temper fury has 90 seconds left.\n|c|☆Moon of Seoul|!dice 5\n|c| Moon of Seoul|/raw <div class=\"infobox\">Rolling (1 to 5): 2</div>\n|c|☆Moon of Seoul|!dice 5\n|c| Moon of Seoul|/raw <div class=\"infobox\">Rolling (1 to 5): 4</div>\n|c|☆Moon of Seoul|!dice 5\n|c| Moon of Seoul|/raw <div class=\"infobox\">Rolling (1 to 5): 4</div>\n|\n|t:|1782436936\n|switch|p2a: Ceruledge|Ceruledge, F|100/100\n|turn|3\n|j| BUTE BONNET\n|\n|t:|1782436939\n|move|p2a: Ceruledge|Shadow Sneak|p1a: Basculegion\n|-supereffective|p1a: Basculegion\n|-damage|p1a: Basculegion|15/100\n|-damage|p2a: Ceruledge|91/100|[from] item: Life Orb\n|move|p1a: Basculegion|Wave Crash|p2a: Ceruledge\n|-supereffective|p2a: Ceruledge\n|-damage|p2a: Ceruledge|0 fnt\n|faint|p2a: Ceruledge\n|-damage|p1a: Basculegion|0 fnt|[from] Recoil\n|faint|p1a: Basculegion\n|\n|-weather|RainDance|[upkeep]\n|upkeep\n|l| ina fable\n|inactive|temper fury has 90 seconds left.\n|j| ina fable\n|\n|t:|1782436966\n|switch|p2a: Deoxys|Deoxys-Speed|100/100\n|switch|p1a: Iron Treads|Iron Treads|100/100\n|-ability|p2a: Deoxys|Pressure\n|-damage|p1a: Iron Treads|97/100|[from] Stealth Rock\n|-enditem|p1a: Iron Treads|Booster Energy\n|-activate|p1a: Iron Treads|ability: Quark Drive|[fromitem]\n|-start|p1a: Iron Treads|quarkdrivespe\n|turn|4\n|\n|t:|1782436975\n|move|p1a: Iron Treads|Rapid Spin|p2a: Deoxys\n|-damage|p2a: Deoxys|83/100\n|-boost|p1a: Iron Treads|spe|1\n|-sideend|p1: Moon of Seoul|Toxic Spikes|[from] move: Rapid Spin|[of] p1a: Iron Treads\n|-sideend|p1: Moon of Seoul|Stealth Rock|[from] move: Rapid Spin|[of] p1a: Iron Treads\n|move|p2a: Deoxys|Reflect|p2a: Deoxys\n|-sidestart|p2: temper fury|Reflect\n|\n|-weather|RainDance|[upkeep]\n|upkeep\n|turn|5\n|\n|t:|1782436980\n|move|p1a: Iron Treads|Earthquake|p2a: Deoxys\n|-damage|p2a: Deoxys|53/100\n|move|p2a: Deoxys|Light Screen|p2a: Deoxys\n|-sidestart|p2: temper fury|move: Light Screen\n|\n|-weather|RainDance|[upkeep]\n|upkeep\n|turn|6\n|\n|t:|1782436988\n|move|p1a: Iron Treads|Earthquake|p2a: Deoxys\n|-damage|p2a: Deoxys|26/100\n|move|p2a: Deoxys|Teleport|p2a: Deoxys\n|inactive|temper fury has 90 seconds left.\n|l| BUTE BONNET\n|\n|t:|1782437013\n|switch|p2a: Zamazenta|Zamazenta|100/100|[from] Teleport\n|-ability|p2a: Zamazenta|Dauntless Shield|boost\n|-boost|p2a: Zamazenta|def|1\n|\n|-weather|RainDance|[upkeep]\n|upkeep\n|turn|7\n|\n|t:|1782437017\n|move|p1a: Iron Treads|Volt Switch|p2a: Zamazenta\n|-crit|p2a: Zamazenta\n|-damage|p2a: Zamazenta|85/100\n|\n|t:|1782437021\n|-end|p1a: Iron Treads|Quark Drive|[silent]\n|switch|p1a: Raging Bolt|Raging Bolt|100/100|[from] Volt Switch\n|move|p2a: Zamazenta|Iron Defense|p2a: Zamazenta\n|-boost|p2a: Zamazenta|def|2\n|\n|-weather|RainDance|[upkeep]\n|-heal|p2a: Zamazenta|92/100|[from] item: Leftovers\n|upkeep\n|turn|8\n|inactive|temper fury has 90 seconds left.\n|\n|t:|1782437047\n|move|p2a: Zamazenta|Body Press|p1a: Raging Bolt\n|-damage|p1a: Raging Bolt|12/100\n|move|p1a: Raging Bolt|Thunderbolt|p2a: Zamazenta\n|-damage|p2a: Zamazenta|55/100\n|\n|-weather|none\n|-heal|p2a: Zamazenta|61/100|[from] item: Leftovers\n|upkeep\n|turn|9\n|\n|t:|1782437054\n|move|p2a: Zamazenta|Body Press|p1a: Raging Bolt\n|-damage|p1a: Raging Bolt|0 fnt\n|faint|p1a: Raging Bolt\n|-end|p1a: Raging Bolt|Protosynthesis|[silent]\n|\n|-heal|p2a: Zamazenta|68/100|[from] item: Leftovers\n|upkeep\n|\n|t:|1782437056\n|switch|p1a: Pelipper|Pelipper, F|100/100\n|-weather|RainDance|[from] ability: Drizzle|[of] p1a: Pelipper\n|turn|10\n|\n|t:|1782437061\n|switch|p2a: Deoxys|Deoxys-Speed|26/100\n|-ability|p2a: Deoxys|Pressure\n|move|p1a: Pelipper|Hurricane|p2a: Deoxys\n|-damage|p2a: Deoxys|4/100\n|\n|-weather|RainDance|[upkeep]\n|upkeep\n|turn|11\n|\n|t:|1782437066\n|move|p1a: Pelipper|U-turn|p2a: Deoxys\n|-supereffective|p2a: Deoxys\n|-damage|p2a: Deoxys|0 fnt\n|faint|p2a: Deoxys\n|\n|t:|1782437077\n|switch|p1a: Zamazenta|Zamazenta|100/100|[from] U-turn\n|-ability|p1a: Zamazenta|Dauntless Shield|boost\n|-boost|p1a: Zamazenta|def|1\n|\n|-weather|RainDance|[upkeep]\n|-sideend|p2: temper fury|Reflect\n|upkeep\n|\n|t:|1782437093\n|switch|p2a: Iron Valiant|Iron Valiant|100/100\n|-enditem|p2a: Iron Valiant|Booster Energy\n|-activate|p2a: Iron Valiant|ability: Quark Drive|[fromitem]\n|-start|p2a: Iron Valiant|quarkdrivespe\n|turn|12\n|\n|t:|1782437100\n|move|p2a: Iron Valiant|Calm Mind|p2a: Iron Valiant\n|-boost|p2a: Iron Valiant|spa|1\n|-boost|p2a: Iron Valiant|spd|1\n|move|p1a: Zamazenta|Iron Head|p2a: Iron Valiant\n|-supereffective|p2a: Iron Valiant\n|-damage|p2a: Iron Valiant|47/100\n|\n|-weather|RainDance|[upkeep]\n|-sideend|p2: temper fury|move: Light Screen\n|upkeep\n|turn|13\n|inactive|temper fury has 120 seconds left.\n|\n|t:|1782437113\n|move|p2a: Iron Valiant|Moonblast|p1a: Zamazenta\n|-supereffective|p1a: Zamazenta\n|-damage|p1a: Zamazenta|0 fnt\n|faint|p1a: Zamazenta\n|\n|-weather|RainDance|[upkeep]\n|upkeep\n|\n|t:|1782437116\n|switch|p1a: Golduck|Golduck, M|100/100\n|turn|14\n|inactive|temper fury has 120 seconds left.\n|\n|t:|1782437127\n|move|p1a: Golduck|Surf|p2a: Iron Valiant\n|-damage|p2a: Iron Valiant|0 fnt\n|faint|p2a: Iron Valiant\n|-end|p2a: Iron Valiant|Quark Drive|[silent]\n|\n|-weather|RainDance|[upkeep]\n|upkeep\n|\n|t:|1782437131\n|switch|p2a: Iron Hands|Iron Hands|100/100\n|-enditem|p2a: Iron Hands|Booster Energy\n|-activate|p2a: Iron Hands|ability: Quark Drive|[fromitem]\n|-start|p2a: Iron Hands|quarkdriveatk\n|turn|15\n|\n|t:|1782437148\n|-terastallize|p1a: Golduck|Water\n|move|p1a: Golduck|Surf|p2a: Iron Hands\n|-damage|p2a: Iron Hands|4/100\n|move|p2a: Iron Hands|Close Combat|p1a: Golduck\n|-damage|p1a: Golduck|0 fnt\n|-unboost|p2a: Iron Hands|def|1\n|-unboost|p2a: Iron Hands|spd|1\n|faint|p1a: Golduck\n|\n|-weather|RainDance|[upkeep]\n|upkeep\n|\n|t:|1782437158\n|switch|p1a: Iron Treads|Iron Treads|97/100\n|turn|16\n|j| Luna♥xSnow♥\n|\n|t:|1782437167\n|-end|p2a: Iron Hands|Quark Drive|[silent]\n|switch|p2a: Zamazenta|Zamazenta|68/100\n|move|p1a: Iron Treads|Volt Switch|p2a: Zamazenta\n|-damage|p2a: Zamazenta|57/100\n|\n|t:|1782437170\n|-end|p1a: Iron Treads|Quark Drive|[silent]\n|switch|p1a: Pelipper|Pelipper, F|100/100|[from] Volt Switch\n|\n|-weather|RainDance|[upkeep]\n|-heal|p2a: Zamazenta|63/100|[from] item: Leftovers\n|upkeep\n|turn|17\n|\n|t:|1782437181\n|-terastallize|p2a: Zamazenta|Steel\n|move|p1a: Pelipper|Hurricane|p2a: Zamazenta\n|-resisted|p2a: Zamazenta\n|-crit|p2a: Zamazenta\n|-damage|p2a: Zamazenta|39/100\n|move|p2a: Zamazenta|Roar|p1a: Pelipper\n|drag|p1a: Iron Treads|Iron Treads|97/100\n|\n|-weather|none\n|-heal|p2a: Zamazenta|45/100|[from] item: Leftovers\n|upkeep\n|turn|18\n|\n|t:|1782437187\n|switch|p2a: Iron Hands|Iron Hands|4/100\n|-end|p1a: Iron Treads|Quark Drive|[silent]\n|switch|p1a: Pelipper|Pelipper, F|100/100\n|-weather|RainDance|[from] ability: Drizzle|[of] p1a: Pelipper\n|\n|-weather|RainDance|[upkeep]\n|upkeep\n|turn|19\n|\n|t:|1782437210\n|move|p2a: Iron Hands|Supercell Slam|p1a: Pelipper\n|-supereffective|p1a: Pelipper\n|-damage|p1a: Pelipper|0 fnt\n|faint|p1a: Pelipper\n|\n|-weather|RainDance|[upkeep]\n|upkeep\n|\n|t:|1782437213\n|switch|p1a: Iron Treads|Iron Treads|97/100\n|turn|20\n|c|☆Moon of Seoul|GG\n|\n|t:|1782437224\n|move|p1a: Iron Treads|Rapid Spin|p2a: Iron Hands\n|-damage|p2a: Iron Hands|0 fnt\n|-boost|p1a: Iron Treads|spe|1\n|faint|p2a: Iron Hands\n|-end|p2a: Iron Hands|Quark Drive|[silent]\n|\n|-weather|RainDance|[upkeep]\n|upkeep\n|\n|t:|1782437225\n|switch|p2a: Zamazenta|Zamazenta, tera:Steel|45/100\n|turn|21\n|\n|t:|1782437231\n|move|p1a: Iron Treads|Earthquake|p2a: Zamazenta\n|-supereffective|p2a: Zamazenta\n|-damage|p2a: Zamazenta|0 fnt\n|faint|p2a: Zamazenta\n|\n|win|Moon of Seoul\n|n|☆Moon of Seoul|moonofseoul\n|n|☆temper fury|temperfury\n|n| natastonyllatotmai|natastonyllatotmai\n|n| splat__t3r|splatt3r\n|n| ina fable|inafable\n|n| Luna♥xSnow♥|lunaxsnow\n", "uploadtime": 1782437234, "views": 9, "formatid": "gen9ou", "rating": null, "private": 0, "password": null}