{"id": "gen9ou-2639307109", "format": "[Gen 9] OU", "players": ["fearow sniper", "tboc13"], "log": "|j|☆fearow sniper\n|j|☆tboc13\n|t:|1782449938\n|gametype|singles\n|player|p1|fearow sniper|266|1557\n|player|p2|tboc13|dawn|1594\n|gen|9\n|tier|[Gen 9] OU\n|rated|\n|rule|HP Percentage Mod: HP is shown in percentages\n|rule|Endless Battle Clause: Forcing endless battles is banned\n|rule|Species Clause: Limit one of each Pokémon\n|rule|OHKO Clause: OHKO moves are banned\n|rule|Evasion Items Clause: Evasion items are banned\n|rule|Evasion Moves Clause: Evasion moves are banned\n|rule|Evasion Abilities Clause: Evasion abilities are banned\n|rule|Sleep Moves Clause: Sleep-inducing moves are banned\n|clearpoke\n|poke|p1|Dragapult, M|\n|poke|p1|Pecharunt|\n|poke|p1|Alomomola, F|\n|poke|p1|Great Tusk|\n|poke|p1|Cinderace, F|\n|poke|p1|Latios, M|\n|poke|p2|Blaziken, F|\n|poke|p2|Dragapult, F|\n|poke|p2|Samurott-Hisui, F|\n|poke|p2|Iron Treads|\n|poke|p2|Moltres|\n|poke|p2|Clefable, F|\n|teampreview\n|inactive|Battle timer is ON: inactive players will automatically lose when time's up. (requested by tboc13)\n|c|☆fearow sniper|hf hf\n|\n|t:|1782449953\n|teamsize|p1|6\n|teamsize|p2|6\n|start\n|switch|p1a: Cinderace|Cinderace, F|100/100\n|switch|p2a: Clefable|Clefable, F|100/100\n|turn|1\n|\n|t:|1782449959\n|switch|p2a: Moltres|Moltres|100/100\n|move|p1a: Cinderace|Pyro Ball|p2a: Moltres\n|-resisted|p2a: Moltres\n|-damage|p2a: Moltres|83/100\n|\n|upkeep\n|turn|2\n|\n|t:|1782449964\n|switch|p1a: Alomomola|Alomomola, F, shiny|100/100\n|move|p2a: Moltres|U-turn|p1a: Alomomola\n|-crit|p1a: Alomomola\n|-damage|p1a: Alomomola|86/100\n|\n|t:|1782449972\n|switch|p2a: Samurott|Samurott-Hisui, F|100/100|[from] U-turn\n|\n|upkeep\n|turn|3\n|\n|t:|1782449995\n|switch|p1a: Great Tusk|Great Tusk|100/100\n|move|p2a: Samurott|Ceaseless Edge|p1a: Great Tusk\n|-resisted|p1a: Great Tusk\n|-damage|p1a: Great Tusk|85/100\n|-damage|p2a: Samurott|84/100|[from] item: Rocky Helmet|[of] p1a: Great Tusk\n|-sidestart|p1: fearow sniper|Spikes\n|\n|upkeep\n|turn|4\n|\n|t:|1782450001\n|switch|p2a: Moltres|Moltres|83/100\n|move|p1a: Great Tusk|Stealth Rock|p2a: Moltres\n|-sidestart|p2: tboc13|move: Stealth Rock\n|\n|upkeep\n|turn|5\n|\n|t:|1782450004\n|move|p1a: Great Tusk|Knock Off|p2a: Moltres\n|-damage|p2a: Moltres|58/100\n|-enditem|p2a: Moltres|Heavy-Duty Boots|[from] move: Knock Off|[of] p1a: Great Tusk\n|move|p2a: Moltres|Will-O-Wisp|p1a: Great Tusk\n|-status|p1a: Great Tusk|brn\n|\n|-damage|p1a: Great Tusk|79/100 brn|[from] brn\n|upkeep\n|turn|6\n|\n|t:|1782450009\n|move|p1a: Great Tusk|Rapid Spin|p2a: Moltres\n|-damage|p2a: Moltres|53/100\n|-boost|p1a: Great Tusk|spe|1\n|-sideend|p1: fearow sniper|Spikes|[from] move: Rapid Spin|[of] p1a: Great Tusk\n|move|p2a: Moltres|Roost|p2a: Moltres\n|-heal|p2a: Moltres|100/100\n|-singleturn|p2a: Moltres|move: Roost\n|\n|-damage|p1a: Great Tusk|73/100 brn|[from] brn\n|upkeep\n|turn|7\n|\n|t:|1782450017\n|move|p1a: Great Tusk|Knock Off|p2a: Moltres\n|-damage|p2a: Moltres|93/100\n|move|p2a: Moltres|U-turn|p1a: Great Tusk\n|-resisted|p1a: Great Tusk\n|-damage|p1a: Great Tusk|68/100 brn\n|-damage|p2a: Moltres|77/100|[from] item: Rocky Helmet|[of] p1a: Great Tusk\n|\n|t:|1782450019\n|switch|p2a: Iron Treads|Iron Treads|100/100|[from] U-turn\n|\n|-damage|p1a: Great Tusk|62/100 brn|[from] brn\n|upkeep\n|turn|8\n|\n|t:|1782450024\n|move|p1a: Great Tusk|Headlong Rush|p2a: Iron Treads\n|-supereffective|p2a: Iron Treads\n|-damage|p2a: Iron Treads|48/100\n|-unboost|p1a: Great Tusk|def|1\n|-unboost|p1a: Great Tusk|spd|1\n|move|p2a: Iron Treads|Knock Off|p1a: Great Tusk\n|-resisted|p1a: Great Tusk\n|-damage|p1a: Great Tusk|47/100 brn\n|-damage|p2a: Iron Treads|31/100|[from] item: Rocky Helmet|[of] p1a: Great Tusk\n|-enditem|p1a: Great Tusk|Rocky Helmet|[from] move: Knock Off|[of] p2a: Iron Treads\n|\n|-damage|p1a: Great Tusk|41/100 brn|[from] brn\n|upkeep\n|turn|9\n|\n|t:|1782450031\n|-end|p1a: Great Tusk|Protosynthesis|[silent]\n|switch|p1a: Dragapult|Dragapult, M|100/100\n|-end|p2a: Iron Treads|Quark Drive|[silent]\n|switch|p2a: Clefable|Clefable, F|100/100\n|\n|upkeep\n|turn|10\n|\n|t:|1782450037\n|move|p1a: Dragapult|U-turn|p2a: Clefable\n|-resisted|p2a: Clefable\n|-damage|p2a: Clefable|80/100\n|\n|t:|1782450041\n|switch|p1a: Great Tusk|Great Tusk|41/100 brn|[from] U-turn\n|move|p2a: Clefable|Wish|p2a: Clefable\n|\n|-heal|p2a: Clefable|86/100|[from] item: Leftovers\n|-damage|p1a: Great Tusk|35/100 brn|[from] brn\n|upkeep\n|turn|11\n|\n|t:|1782450046\n|move|p1a: Great Tusk|Knock Off|p2a: Clefable\n|-resisted|p2a: Clefable\n|-damage|p2a: Clefable|77/100\n|-enditem|p2a: Clefable|Leftovers|[from] move: Knock Off|[of] p1a: Great Tusk\n|move|p2a: Clefable|Moonblast|p1a: Great Tusk\n|-supereffective|p1a: Great Tusk\n|-damage|p1a: Great Tusk|0 fnt\n|faint|p1a: Great Tusk\n|-end|p1a: Great Tusk|Protosynthesis|[silent]\n|\n|-heal|p2a: Clefable|100/100|[from] move: Wish|[wisher] Clefable\n|upkeep\n|\n|t:|1782450053\n|switch|p1a: Pecharunt|Pecharunt|100/100\n|turn|12\n|\n|t:|1782450058\n|move|p1a: Pecharunt|Malignant Chain|p2a: Clefable\n|-supereffective|p2a: Clefable\n|-damage|p2a: Clefable|57/100\n|-status|p2a: Clefable|tox\n|-start|p2a: Clefable|confusion|[from] ability: Poison Puppeteer|[of] p1a: Pecharunt\n|-activate|p2a: Clefable|confusion\n|move|p2a: Clefable|Wish|p2a: Clefable\n|\n|upkeep\n|turn|13\n|\n|t:|1782450066\n|switch|p1a: Alomomola|Alomomola, F, shiny|100/100\n|switch|p2a: Iron Treads|Iron Treads|31/100\n|\n|-heal|p2a: Iron Treads|93/100|[from] move: Wish|[wisher] Clefable\n|upkeep\n|turn|14\n|\n|t:|1782450074\n|switch|p1a: Pecharunt|Pecharunt|100/100\n|move|p2a: Iron Treads|Knock Off|p1a: Pecharunt\n|-supereffective|p1a: Pecharunt\n|-damage|p1a: Pecharunt|70/100\n|-enditem|p1a: Pecharunt|Heavy-Duty Boots|[from] move: Knock Off|[of] p2a: Iron Treads\n|\n|upkeep\n|turn|15\n|\n|t:|1782450079\n|move|p2a: Iron Treads|Earthquake|p1a: Pecharunt\n|-supereffective|p1a: Pecharunt\n|-damage|p1a: Pecharunt|24/100\n|move|p1a: Pecharunt|Recover|p1a: Pecharunt\n|-heal|p1a: Pecharunt|74/100\n|\n|upkeep\n|turn|16\n|\n|t:|1782450092\n|move|p2a: Iron Treads|Earthquake|p1a: Pecharunt\n|-supereffective|p1a: Pecharunt\n|-damage|p1a: Pecharunt|29/100\n|move|p1a: Pecharunt|Parting Shot|p2a: Iron Treads\n|-unboost|p2a: Iron Treads|atk|1\n|-unboost|p2a: Iron Treads|spa|1\n|\n|t:|1782450095\n|switch|p1a: Cinderace|Cinderace, F|100/100|[from] Parting Shot\n|\n|upkeep\n|turn|17\n|\n|t:|1782450101\n|switch|p1a: Dragapult|Dragapult, M|100/100\n|-end|p2a: Iron Treads|Quark Drive|[silent]\n|switch|p2a: Dragapult|Dragapult, F|100/100\n|\n|upkeep\n|turn|18\n|\n|t:|1782450109\n|switch|p2a: Clefable|Clefable, F|57/100 tox\n|move|p1a: Dragapult|Phantom Force||[still]\n|-prepare|p1a: Dragapult|Phantom Force\n|\n|upkeep\n|turn|19\n|\n|t:|1782450116\n|switch|p2a: Samurott|Samurott-Hisui, F|84/100\n|-damage|p2a: Samurott|72/100|[from] Stealth Rock\n|move|p1a: Dragapult|Phantom Force|p2a: Samurott|[from] lockedmove\n|-resisted|p2a: Samurott\n|-damage|p2a: Samurott|27/100\n|\n|upkeep\n|turn|20\n|\n|t:|1782450119\n|move|p2a: Samurott|Ceaseless Edge|p1a: Dragapult\n|-supereffective|p1a: Dragapult\n|-damage|p1a: Dragapult|0 fnt\n|-sidestart|p1: fearow sniper|Spikes\n|faint|p1a: Dragapult\n|\n|upkeep\n|\n|t:|1782450134\n|switch|p1a: Cinderace|Cinderace, F|100/100\n|turn|21\n|\n|t:|1782450137\n|move|p1a: Cinderace|Sucker Punch|p2a: Samurott\n|-start|p1a: Cinderace|typechange|Dark|[from] ability: Libero\n|-resisted|p2a: Samurott\n|-damage|p2a: Samurott|9/100\n|move|p2a: Samurott|Ceaseless Edge|p1a: Cinderace\n|-resisted|p1a: Cinderace\n|-damage|p1a: Cinderace|71/100\n|-sidestart|p1: fearow sniper|Spikes\n|\n|upkeep\n|turn|22\n|\n|t:|1782450145\n|move|p2a: Samurott|Ceaseless Edge|p1a: Cinderace\n|-resisted|p1a: Cinderace\n|-damage|p1a: Cinderace|41/100\n|-sidestart|p1: fearow sniper|Spikes\n|move|p1a: Cinderace|U-turn|p2a: Samurott\n|-supereffective|p2a: Samurott\n|-damage|p2a: Samurott|0 fnt\n|faint|p2a: Samurott\n|\n|t:|1782450151\n|switch|p1a: Pecharunt|Pecharunt|29/100|[from] U-turn\n|-damage|p1a: Pecharunt|4/100|[from] Spikes\n|\n|upkeep\n|\n|t:|1782450157\n|switch|p2a: Blaziken|Blaziken, F|100/100\n|-damage|p2a: Blaziken|88/100|[from] Stealth Rock\n|turn|23\n|\n|t:|1782450168\n|switch|p1a: Cinderace|Cinderace, F|41/100\n|move|p2a: Blaziken|Knock Off|p1a: Cinderace\n|-damage|p1a: Cinderace|0 fnt\n|-enditem|p1a: Cinderace|Heavy-Duty Boots|[from] move: Knock Off|[of] p2a: Blaziken\n|faint|p1a: Cinderace\n|\n|-ability|p2a: Blaziken|Speed Boost|boost\n|-boost|p2a: Blaziken|spe|1\n|upkeep\n|\n|t:|1782450177\n|switch|p1a: Latios|Latios, M|100/100\n|turn|24\n|\n|t:|1782450186\n|-terastallize|p2a: Blaziken|Dark\n|-terastallize|p1a: Latios|Dragon\n|move|p2a: Blaziken|Knock Off|p1a: Latios\n|-damage|p1a: Latios|0 fnt\n|-enditem|p1a: Latios|Choice Specs|[from] move: Knock Off|[of] p2a: Blaziken\n|faint|p1a: Latios\n|\n|-ability|p2a: Blaziken|Speed Boost|boost\n|-boost|p2a: Blaziken|spe|1\n|upkeep\n|-message|fearow sniper forfeited.\n|\n|win|tboc13\n|raw|fearow sniper's rating: 1557 &rarr; <strong>1539</strong><br />(-18 for losing)\n|raw|tboc13's rating: 1594 &rarr; <strong>1612</strong><br />(+18 for winning)\n|l|☆fearow sniper\n|player|p1|\n|l|☆tboc13\n|player|p2|\n", "uploadtime": 1782450451, "views": 3, "formatid": "gen9ou", "rating": 1539, "private": 0, "password": null}