{"id": "gen9ou-2540607855", "format": "[Gen 9] OU", "players": ["chill trial", "Hood HR"], "log": "|j|☆chill trial\n|j|☆Hood HR\n|t:|1771226335\n|gametype|singles\n|player|p1|chill trial|169|1491\n|player|p2|Hood HR|twins-gen4dp|1603\n|gen|9\n|tier|[Gen 9] OU\n|rated|\n|rule|HP Percentage Mod: HP is shown in percentages\n|rule|Endless Battle Clause: Forcing endless battles is banned\n|rule|Species Clause: Limit one of each Pokémon\n|rule|OHKO Clause: OHKO moves are banned\n|rule|Evasion Items Clause: Evasion items are banned\n|rule|Evasion Moves Clause: Evasion moves are banned\n|rule|Evasion Abilities Clause: Evasion abilities are banned\n|rule|Sleep Moves Clause: Sleep-inducing moves are banned\n|clearpoke\n|poke|p1|Darkrai|\n|poke|p1|Cinderace, F|\n|poke|p1|Zoroark, F|\n|poke|p1|Scizor, F|\n|poke|p1|Rotom-Wash|\n|poke|p1|Kingambit, M|\n|poke|p2|Iron Treads|\n|poke|p2|Dragonite, M|\n|poke|p2|Ceruledge, M|\n|poke|p2|Kingambit, F|\n|poke|p2|Ogerpon-Cornerstone, F|\n|poke|p2|Hatterene, F|\n|teampreview\n|inactive|Battle timer is ON: inactive players will automatically lose when time's up. (requested by Hood HR)\n|\n|t:|1771226351\n|teamsize|p1|6\n|teamsize|p2|6\n|start\n|switch|p1a: Scizor|Scizor, F|100/100\n|switch|p2a: Iron Treads|Iron Treads|100/100\n|-item|p2a: Iron Treads|Air Balloon\n|turn|1\n|\n|t:|1771226356\n|move|p2a: Iron Treads|Stealth Rock|p1a: Scizor\n|-sidestart|p1: chill trial|move: Stealth Rock\n|move|p1a: Scizor|U-turn|p2a: Iron Treads\n|-resisted|p2a: Iron Treads\n|-damage|p2a: Iron Treads|75/100\n|-enditem|p2a: Iron Treads|Air Balloon\n|\n|t:|1771226359\n|switch|p1a: Cinderace|Cinderace, F|100/100|[from] U-turn\n|\n|upkeep\n|turn|2\n|\n|t:|1771226363\n|move|p1a: Cinderace|Pyro Ball|p2a: Iron Treads\n|-supereffective|p2a: Iron Treads\n|-damage|p2a: Iron Treads|0 fnt\n|faint|p2a: Iron Treads\n|-end|p2a: Iron Treads|Quark Drive|[silent]\n|\n|upkeep\n|\n|t:|1771226366\n|switch|p2a: Ceruledge|Ceruledge, M|100/100\n|turn|3\n|\n|t:|1771226368\n|move|p1a: Cinderace|Court Change|p1a: Cinderace\n|-swapsideconditions\n|-activate|p1a: Cinderace|move: Court Change\n|move|p2a: Ceruledge|Swords Dance|p2a: Ceruledge\n|-boost|p2a: Ceruledge|atk|2\n|\n|upkeep\n|turn|4\n|\n|t:|1771226382\n|move|p1a: Cinderace|U-turn|p2a: Ceruledge\n|-resisted|p2a: Ceruledge\n|-damage|p2a: Ceruledge|94/100\n|-ability|p2a: Ceruledge|Weak Armor|boost\n|-unboost|p2a: Ceruledge|def|1\n|-boost|p2a: Ceruledge|spe|2\n|\n|t:|1771226386\n|switch|p1a: Darkrai|Darkrai|100/100|[from] U-turn\n|move|p2a: Ceruledge|Swords Dance|p2a: Ceruledge\n|-boost|p2a: Ceruledge|atk|2\n|\n|upkeep\n|turn|5\n|\n|t:|1771226404\n|move|p1a: Darkrai|Sucker Punch|p2a: Ceruledge\n|-supereffective|p2a: Ceruledge\n|-damage|p2a: Ceruledge|0 fnt\n|faint|p2a: Ceruledge\n|-damage|p1a: Darkrai|91/100|[from] item: Life Orb\n|\n|upkeep\n|\n|t:|1771226411\n|switch|p2a: Dragonite|Dragonite, M|100/100\n|-damage|p2a: Dragonite|76/100|[from] Stealth Rock\n|turn|6\n|\n|t:|1771226416\n|switch|p1a: Rotom|Rotom-Wash|100/100\n|move|p2a: Dragonite|Dragon Dance|p2a: Dragonite\n|-boost|p2a: Dragonite|atk|1\n|-boost|p2a: Dragonite|spe|1\n|\n|upkeep\n|turn|7\n|\n|t:|1771226420\n|-terastallize|p2a: Dragonite|Fire\n|move|p2a: Dragonite|Dragon Dance|p2a: Dragonite\n|-boost|p2a: Dragonite|atk|1\n|-boost|p2a: Dragonite|spe|1\n|move|p1a: Rotom|Will-O-Wisp|p2a: Dragonite|[miss]\n|-miss|p1a: Rotom|p2a: Dragonite\n|\n|upkeep\n|turn|8\n|\n|t:|1771226423\n|move|p2a: Dragonite|Encore|p1a: Rotom\n|-start|p1a: Rotom|Encore\n|move|p1a: Rotom|Will-O-Wisp|p2a: Dragonite\n|-immune|p2a: Dragonite\n|\n|upkeep\n|turn|9\n|\n|t:|1771226430\n|switch|p1a: Darkrai|Darkrai|91/100\n|move|p2a: Dragonite|Dragon Dance|p2a: Dragonite\n|-boost|p2a: Dragonite|atk|1\n|-boost|p2a: Dragonite|spe|1\n|\n|upkeep\n|turn|10\n|\n|t:|1771226435\n|move|p1a: Darkrai|Sucker Punch|p2a: Dragonite\n|-damage|p2a: Dragonite|33/100\n|-damage|p1a: Darkrai|81/100|[from] item: Life Orb\n|move|p2a: Dragonite|Fire Punch|p1a: Darkrai\n|-damage|p1a: Darkrai|0 fnt\n|replace|p1a: Zoroark|Zoroark, F\n|-end|p1a: Zoroark|Illusion\n|faint|p1a: Zoroark\n|\n|upkeep\n|\n|t:|1771226448\n|switch|p1a: Rotom|Rotom-Wash|100/100\n|turn|11\n|\n|t:|1771226451\n|move|p2a: Dragonite|Scale Shot|p1a: Rotom\n|-crit|p1a: Rotom\n|-damage|p1a: Rotom|54/100\n|-damage|p1a: Rotom|24/100\n|-damage|p1a: Rotom|0 fnt\n|faint|p1a: Rotom\n|-hitcount|p1: Rotom|3\n|-unboost|p2a: Dragonite|def|1\n|-boost|p2a: Dragonite|spe|1\n|\n|upkeep\n|\n|t:|1771226454\n|switch|p1a: Scizor|Scizor, F|100/100\n|turn|12\n|\n|t:|1771226459\n|switch|p2a: Kingambit|Kingambit, F|100/100\n|-damage|p2a: Kingambit|94/100|[from] Stealth Rock\n|-activate|p2a: Kingambit|ability: Supreme Overlord\n|-start|p2a: Kingambit|fallen2|[silent]\n|-terastallize|p1a: Scizor|Steel\n|move|p1a: Scizor|Bullet Punch|p2a: Kingambit\n|-resisted|p2a: Kingambit\n|-damage|p2a: Kingambit|71/100\n|\n|-heal|p2a: Kingambit|77/100|[from] item: Leftovers\n|upkeep\n|turn|13\n|\n|t:|1771226468\n|switch|p1a: Cinderace|Cinderace, F|100/100\n|move|p2a: Kingambit|Swords Dance|p2a: Kingambit\n|-boost|p2a: Kingambit|atk|2\n|\n|-heal|p2a: Kingambit|83/100|[from] item: Leftovers\n|upkeep\n|turn|14\n|\n|t:|1771226471\n|move|p2a: Kingambit|Sucker Punch||[still]\n|-fail|p2a: Kingambit\n|move|p1a: Cinderace|Will-O-Wisp|p2a: Kingambit\n|-status|p2a: Kingambit|brn\n|\n|-heal|p2a: Kingambit|90/100 brn|[from] item: Leftovers\n|-damage|p2a: Kingambit|83/100 brn|[from] brn\n|upkeep\n|turn|15\n|\n|t:|1771226474\n|-end|p2a: Kingambit|fallen2|[silent]\n|switch|p2a: Hatterene|Hatterene, F|100/100\n|-damage|p2a: Hatterene|88/100|[from] Stealth Rock\n|-item|p2a: Hatterene|Air Balloon\n|move|p1a: Cinderace|Pyro Ball|p2a: Hatterene\n|-damage|p2a: Hatterene|48/100\n|-enditem|p2a: Hatterene|Air Balloon\n|\n|upkeep\n|turn|16\n|\n|t:|1771226488\n|move|p1a: Cinderace|U-turn|p2a: Hatterene\n|-damage|p2a: Hatterene|31/100\n|\n|t:|1771226491\n|switch|p1a: Kingambit|Kingambit, M|100/100|[from] U-turn\n|-activate|p1a: Kingambit|ability: Supreme Overlord\n|-start|p1a: Kingambit|fallen2|[silent]\n|move|p2a: Hatterene|Healing Wish|p2a: Hatterene\n|faint|p2a: Hatterene\n|\n|upkeep\n|\n|t:|1771226493\n|switch|p2a: Dragonite|Dragonite, M, tera:Fire|33/100\n|-heal|p2a: Dragonite|100/100|[from] move: Healing Wish\n|-damage|p2a: Dragonite|76/100|[from] Stealth Rock\n|turn|17\n|-message|Hood HR forfeited.\n|\n|win|chill trial\n|raw|chill trial's rating: 1491 &rarr; <strong>1517</strong><br />(+26 for winning)\n|raw|Hood HR's rating: 1603 &rarr; <strong>1577</strong><br />(-26 for losing)\n|l|☆Hood HR\n|player|p2|\n|l|☆chill trial\n|player|p1|\n", "uploadtime": 1771226684, "views": 14, "formatid": "gen9ou", "rating": 1517, "private": 0, "password": null}