{"id": "gen9ou-2639299741", "format": "[Gen 9] OU", "players": ["Daybs", "dennyexp"], "log": "|j|☆Daybs\n|j|☆dennyexp\n|t:|1782448552\n|gametype|singles\n|player|p1|Daybs|veteran|1119\n|player|p2|dennyexp|marshal|1182\n|gen|9\n|tier|[Gen 9] OU\n|rated|\n|rule|HP Percentage Mod: HP is shown in percentages\n|rule|Endless Battle Clause: Forcing endless battles is banned\n|rule|Species Clause: Limit one of each Pokémon\n|rule|OHKO Clause: OHKO moves are banned\n|rule|Evasion Items Clause: Evasion items are banned\n|rule|Evasion Moves Clause: Evasion moves are banned\n|rule|Evasion Abilities Clause: Evasion abilities are banned\n|rule|Sleep Moves Clause: Sleep-inducing moves are banned\n|clearpoke\n|poke|p1|Hawlucha, F|\n|poke|p1|Samurott-Hisui, F|\n|poke|p1|Rillaboom, F|\n|poke|p1|Gholdengo|\n|poke|p1|Kyurem|\n|poke|p1|Landorus-Therian, M|\n|poke|p2|Quaquaval, F|\n|poke|p2|Meowscarada, M|\n|poke|p2|Conkeldurr, M|\n|poke|p2|Braviary-Hisui, M|\n|poke|p2|Grafaiai, F|\n|poke|p2|Decidueye-Hisui, M|\n|teampreview\n|inactive|Battle timer is ON: inactive players will automatically lose when time's up. (requested by Daybs)\n|\n|t:|1782448569\n|teamsize|p1|6\n|teamsize|p2|6\n|start\n|switch|p1a: Samurott|Samurott-Hisui, F|100/100\n|switch|p2a: LaQuavion|Quaquaval, F|100/100\n|turn|1\n|\n|t:|1782448592\n|switch|p1a: Rillaboom|Rillaboom, F|100/100\n|-fieldstart|move: Grassy Terrain|[from] ability: Grassy Surge|[of] p1a: Rillaboom\n|move|p2a: LaQuavion|Aqua Step|p1a: Rillaboom\n|-resisted|p1a: Rillaboom\n|-damage|p1a: Rillaboom|82/100\n|-boost|p2a: LaQuavion|spe|1\n|\n|-heal|p1a: Rillaboom|88/100|[from] Grassy Terrain\n|upkeep\n|turn|2\n|\n|t:|1782448607\n|-terastallize|p2a: LaQuavion|Dragon\n|move|p2a: LaQuavion|Triple Axel|p1a: Rillaboom\n|-supereffective|p1a: Rillaboom\n|-damage|p1a: Rillaboom|74/100\n|-supereffective|p1a: Rillaboom\n|-damage|p1a: Rillaboom|47/100\n|-supereffective|p1a: Rillaboom\n|-damage|p1a: Rillaboom|5/100\n|-hitcount|p1a: Rillaboom|3\n|move|p1a: Rillaboom|Wood Hammer|p2a: LaQuavion\n|-resisted|p2a: LaQuavion\n|-damage|p2a: LaQuavion|42/100\n|-damage|p1a: Rillaboom|0 fnt|[from] Recoil\n|faint|p1a: Rillaboom\n|\n|-heal|p2a: LaQuavion|48/100|[from] Grassy Terrain\n|upkeep\n|\n|t:|1782448622\n|switch|p1a: Landorus|Landorus-Therian, M|100/100\n|-ability|p1a: Landorus|Intimidate|boost\n|-unboost|p2a: LaQuavion|atk|1\n|turn|3\n|\n|t:|1782448625\n|switch|p1a: Samurott|Samurott-Hisui, F|100/100\n|move|p2a: LaQuavion|Triple Axel|p1a: Samurott\n|-resisted|p1a: Samurott\n|-damage|p1a: Samurott|98/100\n|-resisted|p1a: Samurott\n|-damage|p1a: Samurott|92/100\n|-resisted|p1a: Samurott\n|-damage|p1a: Samurott|85/100\n|-hitcount|p1a: Samurott|3\n|\n|-heal|p2a: LaQuavion|54/100|[from] Grassy Terrain\n|-heal|p1a: Samurott|91/100|[from] Grassy Terrain\n|upkeep\n|turn|4\n|\n|t:|1782448632\n|move|p2a: LaQuavion|Brick Break|p1a: Samurott\n|-supereffective|p1a: Samurott\n|-damage|p1a: Samurott|38/100\n|move|p1a: Samurott|Ceaseless Edge|p2a: LaQuavion\n|-damage|p2a: LaQuavion|1/100\n|-sidestart|p2: dennyexp|Spikes\n|\n|-heal|p2a: LaQuavion|7/100|[from] Grassy Terrain\n|-heal|p1a: Samurott|44/100|[from] Grassy Terrain\n|upkeep\n|turn|5\n|\n|t:|1782448643\n|move|p1a: Samurott|Sucker Punch|p2a: LaQuavion\n|-damage|p2a: LaQuavion|0 fnt\n|faint|p2a: LaQuavion\n|\n|-heal|p1a: Samurott|50/100|[from] Grassy Terrain\n|-fieldend|move: Grassy Terrain\n|upkeep\n|\n|t:|1782448652\n|switch|p2a: Decidueye|Decidueye-Hisui, M|100/100\n|-damage|p2a: Decidueye|88/100|[from] Spikes\n|turn|6\n|\n|t:|1782448664\n|switch|p1a: Landorus|Landorus-Therian, M|100/100\n|-ability|p1a: Landorus|Intimidate|boost\n|-fail|p2a: Decidueye|unboost|Attack|[from] ability: Scrappy|[of] p2a: Decidueye\n|move|p2a: Decidueye|Triple Arrows|p1a: Landorus\n|-resisted|p1a: Landorus\n|-damage|p1a: Landorus|80/100\n|\n|upkeep\n|turn|7\n|-activate|p2a: Decidueye|item: Quick Claw\n|\n|t:|1782448674\n|move|p2a: Decidueye|Smack Down|p1a: Landorus\n|-damage|p1a: Landorus|63/100\n|-start|p1a: Landorus|Smack Down\n|move|p1a: Landorus|Stealth Rock|p2a: Decidueye\n|-sidestart|p2: dennyexp|move: Stealth Rock\n|\n|upkeep\n|turn|8\n|\n|t:|1782448685\n|move|p1a: Landorus|U-turn|p2a: Decidueye\n|-damage|p2a: Decidueye|68/100\n|\n|t:|1782448702\n|switch|p1a: Gholdengo|Gholdengo|100/100|[from] U-turn\n|move|p2a: Decidueye|Leaf Blade|p1a: Gholdengo\n|-resisted|p1a: Gholdengo\n|-damage|p1a: Gholdengo|74/100\n|\n|upkeep\n|turn|9\n|\n|t:|1782448717\n|move|p1a: Gholdengo|Shadow Ball|p2a: Decidueye\n|-damage|p2a: Decidueye|30/100\n|-unboost|p2a: Decidueye|spd|1\n|move|p2a: Decidueye|Triple Arrows|p1a: Gholdengo\n|-supereffective|p1a: Gholdengo\n|-damage|p1a: Gholdengo|0 fnt\n|faint|p1a: Gholdengo\n|\n|upkeep\n|\n|t:|1782448725\n|switch|p1a: Kyurem|Kyurem|100/100\n|-ability|p1a: Kyurem|Pressure\n|turn|10\n|\n|t:|1782448730\n|move|p1a: Kyurem|Ice Beam|p2a: Decidueye\n|-supereffective|p2a: Decidueye\n|-damage|p2a: Decidueye|0 fnt\n|faint|p2a: Decidueye\n|\n|upkeep\n|\n|t:|1782448736\n|switch|p2a: THE CRONK|Conkeldurr, M, shiny|100/100\n|-damage|p2a: THE CRONK|88/100|[from] Spikes\n|-damage|p2a: THE CRONK|82/100|[from] Stealth Rock\n|turn|11\n|\n|t:|1782448745\n|switch|p1a: Landorus|Landorus-Therian, M|63/100\n|-ability|p1a: Landorus|Intimidate|boost\n|-unboost|p2a: THE CRONK|atk|1\n|move|p2a: THE CRONK|Mach Punch|p1a: Landorus\n|-resisted|p1a: Landorus\n|-damage|p1a: Landorus|53/100\n|\n|upkeep\n|turn|12\n|\n|t:|1782448756\n|move|p1a: Landorus|Earth Power|p2a: THE CRONK\n|-damage|p2a: THE CRONK|44/100\n|move|p2a: THE CRONK|Ice Punch|p1a: Landorus\n|-supereffective|p1a: Landorus\n|-damage|p1a: Landorus|0 fnt\n|faint|p1a: Landorus\n|\n|upkeep\n|\n|t:|1782448763\n|switch|p1a: Kyurem|Kyurem|100/100\n|-ability|p1a: Kyurem|Pressure\n|turn|13\n|\n|t:|1782448768\n|move|p2a: THE CRONK|Mach Punch|p1a: Kyurem\n|-supereffective|p1a: Kyurem\n|-damage|p1a: Kyurem|59/100\n|move|p1a: Kyurem|Ice Beam|p2a: THE CRONK\n|-damage|p2a: THE CRONK|0 fnt\n|faint|p2a: THE CRONK\n|\n|upkeep\n|\n|t:|1782448778\n|switch|p2a: USA|Braviary-Hisui, M, shiny|100/100\n|turn|14\n|\n|t:|1782448788\n|switch|p2a: Grafaiai|Grafaiai, F, shiny|100/100\n|-damage|p2a: Grafaiai|88/100|[from] Spikes\n|-damage|p2a: Grafaiai|76/100|[from] Stealth Rock\n|move|p1a: Kyurem|Ice Beam|p2a: Grafaiai\n|-damage|p2a: Grafaiai|35/100\n|\n|-damage|p2a: Grafaiai|23/100|[from] item: Sticky Barb\n|upkeep\n|turn|15\n|\n|t:|1782448795\n|move|p2a: Grafaiai|Switcheroo|p1a: Kyurem\n|-activate|p2a: Grafaiai|move: Trick|[of] p1a: Kyurem\n|-item|p1a: Kyurem|Sticky Barb|[from] move: Switcheroo\n|-item|p2a: Grafaiai|Assault Vest|[from] move: Switcheroo\n|move|p1a: Kyurem|Ice Beam|p2a: Grafaiai\n|-damage|p2a: Grafaiai|0 fnt\n|faint|p2a: Grafaiai\n|\n|-damage|p1a: Kyurem|46/100|[from] item: Sticky Barb\n|upkeep\n|\n|t:|1782448806\n|switch|p2a: USA|Braviary-Hisui, M, shiny|100/100\n|turn|16\n|\n|t:|1782448817\n|move|p2a: USA|Vacuum Wave|p1a: Kyurem\n|-supereffective|p1a: Kyurem\n|-damage|p1a: Kyurem|21/100\n|move|p1a: Kyurem|Ice Beam|p2a: USA\n|-supereffective|p2a: USA\n|-damage|p2a: USA|0 fnt\n|faint|p2a: USA\n|\n|-damage|p1a: Kyurem|8/100|[from] item: Sticky Barb\n|upkeep\n|\n|t:|1782448824\n|switch|p2a: Mi YAO|Meowscarada, M, shiny|100/100\n|-damage|p2a: Mi YAO|88/100|[from] Spikes\n|-damage|p2a: Mi YAO|76/100|[from] Stealth Rock\n|turn|17\n|\n|t:|1782448831\n|move|p2a: Mi YAO|Play Rough|p1a: Kyurem\n|-start|p2a: Mi YAO|typechange|Fairy|[from] ability: Protean\n|-supereffective|p1a: Kyurem\n|-damage|p1a: Kyurem|0 fnt\n|faint|p1a: Kyurem\n|\n|upkeep\n|\n|t:|1782448841\n|switch|p1a: Hawlucha|Hawlucha, F|100/100\n|turn|18\n|-activate|p2a: Mi YAO|item: Quick Claw\n|\n|t:|1782448852\n|move|p2a: Mi YAO|Play Rough|p1a: Hawlucha|[miss]\n|-miss|p2a: Mi YAO|p1a: Hawlucha\n|move|p1a: Hawlucha|Acrobatics|p2a: Mi YAO\n|-damage|p2a: Mi YAO|36/100\n|\n|upkeep\n|turn|19\n|-activate|p2a: Mi YAO|item: Quick Claw\n|\n|t:|1782448862\n|move|p2a: Mi YAO|Play Rough|p1a: Hawlucha\n|-supereffective|p1a: Hawlucha\n|-damage|p1a: Hawlucha|0 fnt\n|faint|p1a: Hawlucha\n|\n|upkeep\n|\n|t:|1782448867\n|switch|p1a: Samurott|Samurott-Hisui, F|50/100\n|turn|20\n|\n|t:|1782448884\n|-terastallize|p1a: Samurott|Poison\n|move|p2a: Mi YAO|Play Rough|p1a: Samurott\n|-resisted|p1a: Samurott\n|-damage|p1a: Samurott|25/100\n|move|p1a: Samurott|Flip Turn|p2a: Mi YAO\n|-damage|p2a: Mi YAO|0 fnt\n|faint|p2a: Mi YAO\n|\n|win|Daybs\n|raw|Daybs's rating: 1119 &rarr; <strong>1148</strong><br />(+29 for winning)\n|raw|dennyexp's rating: 1182 &rarr; <strong>1153</strong><br />(-29 for losing)\n|l|☆dennyexp\n|player|p2|\n|l|☆Daybs\n|player|p1|\n", "uploadtime": 1782449240, "views": 6, "formatid": "gen9ou", "rating": 1148, "private": 0, "password": null}