{"id": "gen9ou-2540504451", "format": "[Gen 9] OU", "players": ["mawkishh", "cvbnc"], "log": "|j|☆mawkishh\n|j|☆cvbnc\n|t:|1771210311\n|gametype|singles\n|player|p1|mawkishh|102|1588\n|player|p2|cvbnc|265|1666\n|gen|9\n|tier|[Gen 9] OU\n|rated|\n|rule|HP Percentage Mod: HP is shown in percentages\n|rule|Endless Battle Clause: Forcing endless battles is banned\n|rule|Species Clause: Limit one of each Pokémon\n|rule|OHKO Clause: OHKO moves are banned\n|rule|Evasion Items Clause: Evasion items are banned\n|rule|Evasion Moves Clause: Evasion moves are banned\n|rule|Evasion Abilities Clause: Evasion abilities are banned\n|rule|Sleep Moves Clause: Sleep-inducing moves are banned\n|clearpoke\n|poke|p1|Kingambit, M|\n|poke|p1|Cinderace, M|\n|poke|p1|Gliscor, M|\n|poke|p1|Zamazenta-*|\n|poke|p1|Slowking-Galar, F|\n|poke|p1|Manaphy|\n|poke|p2|Ninetales-Alola, M|\n|poke|p2|Weavile, M|\n|poke|p2|Mamoswine, M|\n|poke|p2|Cloyster, F|\n|poke|p2|Kyurem|\n|poke|p2|Sandslash-Alola, M|\n|teampreview\n|inactive|Battle timer is ON: inactive players will automatically lose when time's up. (requested by mawkishh)\n|\n|t:|1771210340\n|teamsize|p1|6\n|teamsize|p2|6\n|start\n|switch|p1a: en pasant|Cinderace, M, shiny|100/100\n|switch|p2a: Mamoswine|Mamoswine, M|100/100\n|turn|1\n|\n|t:|1771210346\n|move|p2a: Mamoswine|Earthquake|p1a: en pasant\n|-supereffective|p1a: en pasant\n|-damage|p1a: en pasant|0 fnt\n|faint|p1a: en pasant\n|\n|upkeep\n|\n|t:|1771210349\n|switch|p1a: fortress|Gliscor, M|100/100\n|turn|2\n|\n|t:|1771210358\n|switch|p2a: Ninetales|Ninetales-Alola, M|100/100\n|-weather|Snowscape|[from] ability: Snow Warning|[of] p2a: Ninetales\n|move|p1a: fortress|Stealth Rock|p2a: Ninetales\n|-sidestart|p2: cvbnc|move: Stealth Rock\n|\n|-weather|Snowscape|[upkeep]\n|-status|p1a: fortress|tox|[from] item: Toxic Orb\n|upkeep\n|turn|3\n|\n|t:|1771210368\n|switch|p1a: fianchetto|Slowking-Galar, F|100/100\n|move|p2a: Ninetales|Aurora Veil|p2a: Ninetales\n|-sidestart|p2: cvbnc|move: Aurora Veil\n|\n|-weather|Snowscape|[upkeep]\n|upkeep\n|turn|4\n|\n|t:|1771210375\n|switch|p2a: Sandslash|Sandslash-Alola, M|100/100\n|-damage|p2a: Sandslash|88/100|[from] Stealth Rock\n|move|p1a: fianchetto|Toxic|p2a: Sandslash\n|-immune|p2a: Sandslash\n|\n|-weather|Snowscape|[upkeep]\n|upkeep\n|turn|5\n|\n|t:|1771210384\n|move|p2a: Sandslash|Rapid Spin|p1a: fianchetto\n|-damage|p1a: fianchetto|86/100\n|-boost|p2a: Sandslash|spe|1\n|-sideend|p2: cvbnc|Stealth Rock|[from] move: Rapid Spin|[of] p2a: Sandslash\n|-damage|p2a: Sandslash|78/100|[from] item: Life Orb\n|move|p1a: fianchetto|Future Sight|p2a: Sandslash\n|-start|p1a: fianchetto|move: Future Sight\n|\n|-weather|Snowscape|[upkeep]\n|upkeep\n|turn|6\n|\n|t:|1771210393\n|move|p2a: Sandslash|Icicle Crash|p1a: fianchetto\n|-damage|p1a: fianchetto|50/100\n|-damage|p2a: Sandslash|68/100|[from] item: Life Orb\n|-prepare|p1a: fianchetto|Chilly Reception|[premajor]\n|move|p1a: fianchetto|Chilly Reception|p1a: fianchetto\n|\n|t:|1771210401\n|switch|p1a: river|Manaphy|100/100|[from] Chilly Reception\n|\n|-weather|none\n|upkeep\n|turn|7\n|\n|t:|1771210412\n|switch|p1a: fianchetto|Slowking-Galar, F|83/100\n|move|p2a: Sandslash|Earthquake|p1a: fianchetto\n|-supereffective|p1a: fianchetto\n|-damage|p1a: fianchetto|18/100\n|-damage|p2a: Sandslash|58/100|[from] item: Life Orb\n|\n|-end|p2a: Sandslash|move: Future Sight\n|-resisted|p2a: Sandslash\n|-damage|p2a: Sandslash|40/100\n|upkeep\n|turn|8\n|\n|t:|1771210424\n|switch|p1a: river|Manaphy|100/100\n|move|p2a: Sandslash|Icicle Crash|p1a: river\n|-resisted|p1a: river\n|-damage|p1a: river|72/100\n|-damage|p2a: Sandslash|30/100|[from] item: Life Orb\n|\n|-heal|p1a: river|79/100|[from] item: Leftovers\n|upkeep\n|turn|9\n|\n|t:|1771210435\n|move|p1a: river|Surf|p2a: Sandslash\n|-damage|p2a: Sandslash|3/100\n|move|p2a: Sandslash|Earthquake|p1a: river\n|-damage|p1a: river|38/100\n|-damage|p2a: Sandslash|0 fnt|[from] item: Life Orb\n|faint|p2a: Sandslash\n|\n|-heal|p1a: river|44/100|[from] item: Leftovers\n|upkeep\n|\n|t:|1771210460\n|switch|p2a: Weavile|Weavile, M|100/100\n|-ability|p2a: Weavile|Pressure\n|turn|10\n|\n|t:|1771210470\n|switch|p1a: smothered|Kingambit, M|100/100\n|-activate|p1a: smothered|ability: Supreme Overlord\n|-start|p1a: smothered|fallen1|[silent]\n|move|p2a: Weavile|Knock Off|p1a: smothered\n|-resisted|p1a: smothered\n|-crit|p1a: smothered\n|-damage|p1a: smothered|52/100\n|-enditem|p1a: smothered|Leftovers|[from] move: Knock Off|[of] p2a: Weavile\n|\n|-sideend|p2: cvbnc|move: Aurora Veil\n|upkeep\n|turn|11\n|\n|t:|1771210485\n|switch|p2a: Cloyster|Cloyster, F|100/100\n|move|p1a: smothered|Iron Head|p2a: Cloyster\n|-damage|p2a: Cloyster|53/100\n|\n|upkeep\n|turn|12\n|\n|t:|1771210494\n|move|p2a: Cloyster|Liquidation|p1a: smothered\n|-damage|p1a: smothered|18/100\n|move|p1a: smothered|Iron Head|p2a: Cloyster\n|-damage|p2a: Cloyster|10/100\n|\n|upkeep\n|turn|13\n|\n|t:|1771210501\n|move|p1a: smothered|Sucker Punch||[still]\n|-fail|p1a: smothered\n|move|p2a: Cloyster|Shell Smash|p2a: Cloyster\n|-unboost|p2a: Cloyster|def|1\n|-unboost|p2a: Cloyster|spd|1\n|-boost|p2a: Cloyster|atk|2\n|-boost|p2a: Cloyster|spa|2\n|-boost|p2a: Cloyster|spe|2\n|-enditem|p2a: Cloyster|White Herb\n|-clearnegativeboost|p2a: Cloyster|[silent]\n|\n|upkeep\n|turn|14\n|\n|t:|1771210510\n|move|p1a: smothered|Sucker Punch||[still]\n|-fail|p1a: smothered\n|move|p2a: Cloyster|Shell Smash|p2a: Cloyster\n|-unboost|p2a: Cloyster|def|1\n|-unboost|p2a: Cloyster|spd|1\n|-boost|p2a: Cloyster|atk|2\n|-boost|p2a: Cloyster|spa|2\n|-boost|p2a: Cloyster|spe|2\n|\n|upkeep\n|turn|15\n|\n|t:|1771210518\n|move|p2a: Cloyster|Shell Smash|p2a: Cloyster\n|-unboost|p2a: Cloyster|def|1\n|-unboost|p2a: Cloyster|spd|1\n|-boost|p2a: Cloyster|atk|2\n|-boost|p2a: Cloyster|spa|2\n|-boost|p2a: Cloyster|spe|2\n|move|p1a: smothered|Kowtow Cleave|p2a: Cloyster\n|-damage|p2a: Cloyster|0 fnt\n|faint|p2a: Cloyster\n|\n|upkeep\n|\n|t:|1771210533\n|switch|p2a: Weavile|Weavile, M|100/100\n|-ability|p2a: Weavile|Pressure\n|turn|16\n|\n|t:|1771210539\n|-end|p1a: smothered|fallen1|[silent]\n|switch|p1a: knight|Zamazenta|100/100\n|-ability|p1a: knight|Dauntless Shield|boost\n|-boost|p1a: knight|def|1\n|move|p2a: Weavile|Knock Off|p1a: knight\n|-resisted|p1a: knight\n|-damage|p1a: knight|77/100\n|-enditem|p1a: knight|Heavy-Duty Boots|[from] move: Knock Off|[of] p2a: Weavile\n|\n|upkeep\n|turn|17\n|\n|t:|1771210549\n|switch|p2a: Ninetales|Ninetales-Alola, M|100/100\n|-weather|Snowscape|[from] ability: Snow Warning|[of] p2a: Ninetales\n|move|p1a: knight|Close Combat|p2a: Ninetales\n|-damage|p2a: Ninetales|38/100\n|-unboost|p1a: knight|def|1\n|-unboost|p1a: knight|spd|1\n|\n|-weather|Snowscape|[upkeep]\n|upkeep\n|turn|18\n|\n|t:|1771210560\n|move|p1a: knight|Close Combat|p2a: Ninetales\n|-damage|p2a: Ninetales|0 fnt\n|-unboost|p1a: knight|def|1\n|-unboost|p1a: knight|spd|1\n|faint|p2a: Ninetales\n|\n|-weather|Snowscape|[upkeep]\n|upkeep\n|\n|t:|1771210568\n|switch|p2a: Mamoswine|Mamoswine, M|100/100\n|turn|19\n|\n|t:|1771210575\n|switch|p1a: fianchetto|Slowking-Galar, F|52/100\n|move|p2a: Mamoswine|Ice Shard|p1a: fianchetto\n|-damage|p1a: fianchetto|37/100\n|\n|-weather|Snowscape|[upkeep]\n|upkeep\n|turn|20\n|-message|cvbnc forfeited.\n|\n|win|mawkishh\n|raw|mawkishh's rating: 1588 &rarr; <strong>1612</strong><br />(+24 for winning)\n|raw|cvbnc's rating: 1666 &rarr; <strong>1642</strong><br />(-24 for losing)\n|l|☆cvbnc\n|player|p2|\n|l|☆mawkishh\n|player|p1|\n", "uploadtime": 1771210778, "views": 9, "formatid": "gen9ou", "rating": 1612, "private": 0, "password": null}