{"id": "gen9ou-2647783273", "format": "[Gen 9] OU", "players": ["Hike Mawk", "phreshoatmeal"], "log": "|j|☆Hike Mawk\n|j|☆phreshoatmeal\n|t:|1783811875\n|gametype|singles\n|player|p1|Hike Mawk|riley|1270\n|player|p2|phreshoatmeal|1|1295\n|gen|9\n|tier|[Gen 9] OU\n|rated|\n|rule|HP Percentage Mod: HP is shown in percentages\n|rule|Endless Battle Clause: Forcing endless battles is banned\n|rule|Species Clause: Limit one of each Pokémon\n|rule|OHKO Clause: OHKO moves are banned\n|rule|Evasion Items Clause: Evasion items are banned\n|rule|Evasion Moves Clause: Evasion moves are banned\n|rule|Evasion Abilities Clause: Evasion abilities are banned\n|rule|Sleep Moves Clause: Sleep-inducing moves are banned\n|clearpoke\n|poke|p1|Gliscor, M|\n|poke|p1|Clefable, F|\n|poke|p1|Corviknight, M|\n|poke|p1|Blissey, F|\n|poke|p1|Forretress, F|\n|poke|p1|Garganacl, F|\n|poke|p2|Braviary-Hisui, M|\n|poke|p2|Klefki, L1, M|\n|poke|p2|Great Tusk|\n|poke|p2|Rillaboom, F|\n|poke|p2|Regieleki|\n|poke|p2|Kyurem|\n|teampreview\n|\n|t:|1783811886\n|teamsize|p1|6\n|teamsize|p2|6\n|start\n|switch|p1a: Rocki|Garganacl, F, shiny|100/100\n|switch|p2a: Kyurem|Kyurem|100/100\n|-ability|p2a: Kyurem|Pressure\n|turn|1\n|\n|t:|1783811893\n|move|p2a: Kyurem|Earth Power|p1a: Rocki\n|-supereffective|p1a: Rocki\n|-damage|p1a: Rocki|11/100\n|-enditem|p1a: Rocki|Sitrus Berry|[eat]\n|-heal|p1a: Rocki|36/100|[from] item: Sitrus Berry\n|move|p1a: Rocki|Salt Cure|p2a: Kyurem\n|-supereffective|p2a: Kyurem\n|-crit|p2a: Kyurem\n|-damage|p2a: Kyurem|42/100\n|-start|p2a: Kyurem|Salt Cure\n|\n|-damage|p2a: Kyurem|30/100|[from] Salt Cure\n|upkeep\n|turn|2\n|\n|t:|1783811908\n|switch|p2a: Great Tusk|Great Tusk|100/100\n|switch|p1a: Azulor|Gliscor, M, shiny|100/100\n|\n|-status|p1a: Azulor|tox|[from] item: Toxic Orb\n|upkeep\n|turn|3\n|\n|t:|1783811911\n|switch|p1a: Rookidon|Corviknight, M|100/100\n|move|p2a: Great Tusk|Stealth Rock|p1a: Rookidon\n|-sidestart|p1: Hike Mawk|move: Stealth Rock\n|\n|upkeep\n|turn|4\n|\n|t:|1783811918\n|-end|p2a: Great Tusk|Protosynthesis|[silent]\n|switch|p2a: Regieleki|Regieleki|100/100\n|move|p1a: Rookidon|Agility|p1a: Rookidon\n|-boost|p1a: Rookidon|spe|2\n|\n|upkeep\n|turn|5\n|\n|t:|1783811931\n|switch|p2a: Great Tusk|Great Tusk|100/100\n|switch|p1a: Azulor|Gliscor, M, shiny|100/100 tox\n|-damage|p1a: Azulor|88/100 tox|[from] Stealth Rock\n|\n|-heal|p1a: Azulor|100/100 tox|[from] ability: Poison Heal\n|upkeep\n|turn|6\n|\n|t:|1783811935\n|switch|p1a: Goldenuke|Forretress, F, shiny|100/100\n|move|p2a: Great Tusk|Ice Spinner|p1a: Goldenuke\n|-resisted|p1a: Goldenuke\n|-damage|p1a: Goldenuke|93/100\n|\n|upkeep\n|turn|7\n|\n|t:|1783811942\n|-end|p2a: Great Tusk|Protosynthesis|[silent]\n|switch|p2a: Regieleki|Regieleki|100/100\n|move|p1a: Goldenuke|Rapid Spin|p2a: Regieleki\n|-damage|p2a: Regieleki|77/100\n|-boost|p1a: Goldenuke|spe|1\n|-sideend|p1: Hike Mawk|Stealth Rock|[from] move: Rapid Spin|[of] p1a: Goldenuke\n|\n|upkeep\n|turn|8\n|\n|t:|1783811949\n|switch|p2a: Great Tusk|Great Tusk|100/100\n|switch|p1a: Azulor|Gliscor, M, shiny|100/100 tox\n|\n|upkeep\n|turn|9\n|\n|t:|1783811957\n|-end|p2a: Great Tusk|Protosynthesis|[silent]\n|switch|p2a: Braviary|Braviary-Hisui, M|100/100\n|switch|p1a: Goldenuke|Forretress, F, shiny|93/100\n|\n|upkeep\n|turn|10\n|\n|t:|1783811968\n|switch|p1a: Zira|Blissey, F|100/100\n|move|p2a: Braviary|Calm Mind|p2a: Braviary\n|-boost|p2a: Braviary|spa|1\n|-boost|p2a: Braviary|spd|1\n|\n|upkeep\n|turn|11\n|\n|t:|1783811970\n|move|p2a: Braviary|Calm Mind|p2a: Braviary\n|-boost|p2a: Braviary|spa|1\n|-boost|p2a: Braviary|spd|1\n|move|p1a: Zira|Calm Mind|p1a: Zira\n|-boost|p1a: Zira|spa|1\n|-boost|p1a: Zira|spd|1\n|\n|upkeep\n|turn|12\n|\n|t:|1783811973\n|move|p2a: Braviary|Calm Mind|p2a: Braviary\n|-boost|p2a: Braviary|spa|1\n|-boost|p2a: Braviary|spd|1\n|move|p1a: Zira|Ice Beam|p2a: Braviary\n|-supereffective|p2a: Braviary\n|-damage|p2a: Braviary|62/100\n|\n|upkeep\n|turn|13\n|\n|t:|1783811977\n|-terastallize|p2a: Braviary|Fighting\n|move|p2a: Braviary|Calm Mind|p2a: Braviary\n|-boost|p2a: Braviary|spa|1\n|-boost|p2a: Braviary|spd|1\n|move|p1a: Zira|Ice Beam|p2a: Braviary\n|-damage|p2a: Braviary|48/100\n|\n|upkeep\n|turn|14\n|\n|t:|1783811982\n|move|p2a: Braviary|Roost|p2a: Braviary\n|-heal|p2a: Braviary|98/100\n|move|p1a: Zira|Calm Mind|p1a: Zira\n|-boost|p1a: Zira|spa|1\n|-boost|p1a: Zira|spd|1\n|\n|upkeep\n|turn|15\n|\n|t:|1783811985\n|move|p2a: Braviary|Esper Wing|p1a: Zira\n|-damage|p1a: Zira|84/100\n|-boost|p2a: Braviary|spe|1\n|move|p1a: Zira|Calm Mind|p1a: Zira\n|-boost|p1a: Zira|spa|1\n|-boost|p1a: Zira|spd|1\n|\n|upkeep\n|turn|16\n|\n|t:|1783811988\n|move|p2a: Braviary|Esper Wing|p1a: Zira\n|-crit|p1a: Zira\n|-damage|p1a: Zira|37/100\n|-boost|p2a: Braviary|spe|1\n|move|p1a: Zira|Ice Beam|p2a: Braviary\n|-damage|p2a: Braviary|77/100\n|\n|upkeep\n|turn|17\n|\n|t:|1783811992\n|move|p2a: Braviary|Esper Wing|p1a: Zira\n|-crit|p1a: Zira\n|-damage|p1a: Zira|0 fnt\n|-boost|p2a: Braviary|spe|1\n|faint|p1a: Zira\n|\n|upkeep\n|inactive|Battle timer is ON: inactive players will automatically lose when time's up. (requested by phreshoatmeal)\n|c|☆Hike Mawk|Double crit nah this game hates me\n|c|☆phreshoatmeal|im just gonna tell you im razor claw\n|\n|t:|1783812042\n|switch|p1a: Cleffairable|Clefable, F, shiny|100/100\n|turn|18\n|\n|t:|1783812045\n|move|p2a: Braviary|Esper Wing|p1a: Cleffairable\n|-damage|p1a: Cleffairable|69/100\n|-boost|p2a: Braviary|spe|1\n|move|p1a: Cleffairable|Moonblast|p2a: Braviary\n|-supereffective|p2a: Braviary\n|-damage|p2a: Braviary|0 fnt\n|faint|p2a: Braviary\n|\n|upkeep\n|\n|t:|1783812061\n|switch|p2a: Rillaboom|Rillaboom, F|100/100\n|-fieldstart|move: Grassy Terrain|[from] ability: Grassy Surge|[of] p2a: Rillaboom\n|turn|19\n|\n|t:|1783812065\n|switch|p1a: Goldenuke|Forretress, F, shiny|93/100\n|move|p2a: Rillaboom|U-turn|p1a: Goldenuke\n|-resisted|p1a: Goldenuke\n|-damage|p1a: Goldenuke|82/100\n|\n|t:|1783812071\n|switch|p2a: Kyurem|Kyurem|30/100|[from] U-turn\n|-ability|p2a: Kyurem|Pressure\n|\n|-heal|p2a: Kyurem|36/100|[from] Grassy Terrain\n|-heal|p1a: Goldenuke|88/100|[from] Grassy Terrain\n|upkeep\n|turn|20\n|\n|t:|1783812086\n|switch|p2a: Regieleki|Regieleki|77/100\n|switch|p1a: Rookidon|Corviknight, M|100/100\n|\n|-heal|p2a: Regieleki|83/100|[from] Grassy Terrain\n|upkeep\n|turn|21\n|\n|t:|1783812093\n|switch|p2a: Kyurem|Kyurem|36/100\n|-ability|p2a: Kyurem|Pressure\n|switch|p1a: Azulor|Gliscor, M, shiny|100/100 tox\n|\n|-heal|p2a: Kyurem|42/100|[from] Grassy Terrain\n|upkeep\n|turn|22\n|\n|t:|1783812103\n|-terastallize|p1a: Azulor|Water\n|move|p2a: Kyurem|Ice Beam|p1a: Azulor\n|-resisted|p1a: Azulor\n|-damage|p1a: Azulor|63/100 tox\n|move|p1a: Azulor|Earthquake|p2a: Kyurem\n|-damage|p2a: Kyurem|18/100\n|\n|-heal|p2a: Kyurem|25/100|[from] Grassy Terrain\n|-heal|p1a: Azulor|69/100 tox|[from] Grassy Terrain\n|-heal|p1a: Azulor|82/100 tox|[from] ability: Poison Heal\n|upkeep\n|turn|23\n|\n|t:|1783812133\n|switch|p2a: Rillaboom|Rillaboom, F|100/100\n|move|p1a: Azulor|Fling|p2a: Rillaboom\n|-damage|p2a: Rillaboom|91/100\n|-status|p2a: Rillaboom|tox\n|-enditem|p1a: Azulor|Toxic Orb|[from] move: Fling\n|\n|-heal|p2a: Rillaboom|97/100 tox|[from] Grassy Terrain\n|-heal|p1a: Azulor|88/100 tox|[from] Grassy Terrain\n|-damage|p2a: Rillaboom|91/100 tox|[from] psn\n|-heal|p1a: Azulor|99/100 tox|[from] ability: Poison Heal\n|-fieldend|move: Grassy Terrain\n|upkeep\n|turn|24\n|\n|t:|1783812145\n|switch|p1a: Rocki|Garganacl, F, shiny|36/100\n|move|p2a: Rillaboom|U-turn|p1a: Rocki\n|-damage|p1a: Rocki|11/100\n|\n|t:|1783812151\n|switch|p2a: Regieleki|Regieleki|83/100|[from] U-turn\n|\n|upkeep\n|turn|25\n|-message|Hike Mawk forfeited.\n|\n|win|phreshoatmeal\n|raw|Hike Mawk's rating: 1270 &rarr; <strong>1247</strong><br />(-23 for losing)\n|raw|phreshoatmeal's rating: 1295 &rarr; <strong>1318</strong><br />(+23 for winning)\n|l|☆Hike Mawk\n|player|p1|\n|l|☆phreshoatmeal\n|player|p2|\n", "uploadtime": 1783812535, "views": 5, "formatid": "gen9ou", "rating": 1247, "private": 0, "password": null}