{"id": "gen9ou-2639306170", "format": "[Gen 9] OU", "players": ["abhii.g", "Archerdadon"], "log": "|j|☆abhii.g\n|j|☆Archerdadon\n|t:|1782449760\n|gametype|singles\n|player|p1|abhii.g|benga|1576\n|player|p2|Archerdadon|marshal|1607\n|gen|9\n|tier|[Gen 9] OU\n|rated|\n|rule|HP Percentage Mod: HP is shown in percentages\n|rule|Endless Battle Clause: Forcing endless battles is banned\n|rule|Species Clause: Limit one of each Pokémon\n|rule|OHKO Clause: OHKO moves are banned\n|rule|Evasion Items Clause: Evasion items are banned\n|rule|Evasion Moves Clause: Evasion moves are banned\n|rule|Evasion Abilities Clause: Evasion abilities are banned\n|rule|Sleep Moves Clause: Sleep-inducing moves are banned\n|clearpoke\n|poke|p1|Raging Bolt|\n|poke|p1|Alomomola, M|\n|poke|p1|Hatterene, F|\n|poke|p1|Lokix, M|\n|poke|p1|Great Tusk|\n|poke|p1|Heatran, M|\n|poke|p2|Dondozo, M|\n|poke|p2|Cinderace, M|\n|poke|p2|Ting-Lu|\n|poke|p2|Heatran, M|\n|poke|p2|Hydrapple, M|\n|poke|p2|Glimmora, M|\n|teampreview\n|inactive|Battle timer is ON: inactive players will automatically lose when time's up. (requested by abhii.g)\n|\n|t:|1782449767\n|teamsize|p1|6\n|teamsize|p2|6\n|start\n|switch|p1a: U dropping neck?|Raging Bolt|100/100\n|switch|p2a: Glimmora|Glimmora, M|100/100\n|turn|1\n|\n|t:|1782449774\n|move|p1a: U dropping neck?|Volt Switch|p2a: Glimmora\n|-damage|p2a: Glimmora|50/100\n|\n|t:|1782449777\n|-end|p1a: U dropping neck?|Protosynthesis|[silent]\n|switch|p1a: Gyatterene|Hatterene, F, shiny|100/100|[from] Volt Switch\n|move|p2a: Glimmora|Earth Power|p1a: Gyatterene\n|-damage|p1a: Gyatterene|83/100\n|\n|upkeep\n|turn|2\n|\n|t:|1782449787\n|move|p2a: Glimmora|Sludge Wave|p1a: Gyatterene\n|-supereffective|p1a: Gyatterene\n|-damage|p1a: Gyatterene|27/100\n|-status|p1a: Gyatterene|psn\n|move|p1a: Gyatterene|Psychic Noise|p2a: Glimmora\n|-supereffective|p2a: Glimmora\n|-damage|p2a: Glimmora|0 fnt\n|faint|p2a: Glimmora\n|\n|-damage|p1a: Gyatterene|15/100 psn|[from] psn\n|upkeep\n|\n|t:|1782449797\n|switch|p2a: Cinderace|Cinderace, M|100/100\n|turn|3\n|j| Clod the Clown\n|\n|t:|1782449801\n|switch|p1a: Luvdisk|Alomomola, M|100/100\n|move|p2a: Cinderace|U-turn|p1a: Luvdisk\n|-start|p2a: Cinderace|typechange|Bug|[from] ability: Libero\n|-damage|p1a: Luvdisk|80/100\n|-enditem|p1a: Luvdisk|Eject Button\n|\n|t:|1782449807\n|switch|p1a: Lokix|Lokix, M, shiny|100/100\n|\n|upkeep\n|turn|4\n|\n|t:|1782449814\n|-terastallize|p1a: Lokix|Bug\n|move|p1a: Lokix|First Impression|p2a: Cinderace\n|-damage|p2a: Cinderace|0 fnt\n|faint|p2a: Cinderace\n|\n|upkeep\n|\n|t:|1782449820\n|switch|p2a: Heatran|Heatran, M|100/100\n|turn|5\n|\n|t:|1782449827\n|switch|p1a: Luvdisk|Alomomola, M|100/100\n|move|p2a: Heatran|Earth Power|p1a: Luvdisk\n|-damage|p1a: Luvdisk|78/100\n|\n|upkeep\n|turn|6\n|c| Clod the Clown|lokix with a normal name?\n|\n|t:|1782449835\n|move|p2a: Heatran|Will-O-Wisp|p1a: Luvdisk\n|-status|p1a: Luvdisk|brn\n|move|p1a: Luvdisk|Flip Turn|p2a: Heatran\n|-supereffective|p2a: Heatran\n|-damage|p2a: Heatran|87/100\n|c|☆abhii.g|cuz hes just that guy\n|\n|t:|1782449845\n|switch|p1a: Manfred|Great Tusk|100/100|[from] Flip Turn\n|\n|-heal|p2a: Heatran|93/100|[from] item: Leftovers\n|upkeep\n|turn|7\n|\n|t:|1782449849\n|move|p1a: Manfred|Close Combat|p2a: Heatran\n|-supereffective|p2a: Heatran\n|-damage|p2a: Heatran|0 fnt\n|-unboost|p1a: Manfred|def|1\n|-unboost|p1a: Manfred|spd|1\n|faint|p2a: Heatran\n|\n|upkeep\n|-message|Archerdadon forfeited.\n|\n|win|abhii.g\n|raw|abhii.g's rating: 1576 &rarr; <strong>1598</strong><br />(+22 for winning)\n|raw|Archerdadon's rating: 1607 &rarr; <strong>1585</strong><br />(-22 for losing)\n|l|☆Archerdadon\n|player|p2|\n", "uploadtime": 1782449853, "views": 7, "formatid": "gen9ou", "rating": 1585, "private": 0, "password": null}