{"id": "gen9ou-2639312383", "format": "[Gen 9] OU", "players": ["RouroZxa", "Jay_777k"], "log": "|j|☆RouroZxa\n|j|☆Jay_777k\n|t:|1782450966\n|gametype|singles\n|player|p1|RouroZxa|nate|1268\n|player|p2|Jay_777k|shadowtriad|1326\n|gen|9\n|tier|[Gen 9] OU\n|rated|\n|rule|HP Percentage Mod: HP is shown in percentages\n|rule|Endless Battle Clause: Forcing endless battles is banned\n|rule|Species Clause: Limit one of each Pokémon\n|rule|OHKO Clause: OHKO moves are banned\n|rule|Evasion Items Clause: Evasion items are banned\n|rule|Evasion Moves Clause: Evasion moves are banned\n|rule|Evasion Abilities Clause: Evasion abilities are banned\n|rule|Sleep Moves Clause: Sleep-inducing moves are banned\n|clearpoke\n|poke|p1|Pelipper, M|\n|poke|p1|Floatzel, M|\n|poke|p1|Basculegion, M|\n|poke|p1|Ceruledge, M|\n|poke|p1|Hydrapple, F|\n|poke|p1|Rillaboom, M|\n|poke|p2|Ninetales, F|\n|poke|p2|Ceruledge, M|\n|poke|p2|Venusaur, F|\n|poke|p2|Hatterene, F|\n|poke|p2|Great Tusk|\n|poke|p2|Walking Wake|\n|teampreview\n|inactive|Battle timer is ON: inactive players will automatically lose when time's up. (requested by RouroZxa)\n|\n|t:|1782451003\n|teamsize|p1|6\n|teamsize|p2|6\n|start\n|switch|p1a: Ceruledge|Ceruledge, M|100/100\n|switch|p2a: Vixen|Ninetales, F|100/100\n|-weather|SunnyDay|[from] ability: Drought|[of] p2a: Vixen\n|turn|1\n|\n|t:|1782451012\n|switch|p2a: T-Rex|Walking Wake|100/100\n|-activate|p2a: T-Rex|ability: Protosynthesis\n|-start|p2a: T-Rex|protosynthesisspa\n|move|p1a: Ceruledge|Swords Dance|p1a: Ceruledge\n|-boost|p1a: Ceruledge|atk|2\n|\n|-weather|SunnyDay|[upkeep]\n|upkeep\n|turn|2\n|\n|t:|1782451020\n|move|p2a: T-Rex|Hydro Steam|p1a: Ceruledge\n|-supereffective|p1a: Ceruledge\n|-enditem|p1a: Ceruledge|Focus Sash\n|-damage|p1a: Ceruledge|1/100\n|move|p1a: Ceruledge|Poltergeist|p2a: T-Rex|[miss]\n|-miss|p1a: Ceruledge|p2a: T-Rex\n|\n|-weather|SunnyDay|[upkeep]\n|upkeep\n|turn|3\n|\n|t:|1782451029\n|move|p1a: Ceruledge|Shadow Sneak|p2a: T-Rex\n|-damage|p2a: T-Rex|59/100\n|move|p2a: T-Rex|Hydro Steam|p1a: Ceruledge\n|-supereffective|p1a: Ceruledge\n|-damage|p1a: Ceruledge|0 fnt\n|faint|p1a: Ceruledge\n|\n|-weather|SunnyDay|[upkeep]\n|upkeep\n|\n|t:|1782451039\n|switch|p1a: Basculegion|Basculegion, M|100/100\n|turn|4\n|inactive|Jay_777k has 120 seconds left.\n|\n|t:|1782451076\n|-end|p2a: T-Rex|Protosynthesis|[silent]\n|switch|p2a: Fake Dinosaur|Venusaur, F|100/100\n|move|p1a: Basculegion|Outrage|p2a: Fake Dinosaur\n|-damage|p2a: Fake Dinosaur|44/100\n|\n|-weather|SunnyDay|[upkeep]\n|upkeep\n|turn|5\n|inactive|Jay_777k has 120 seconds left.\n|\n|t:|1782451083\n|move|p2a: Fake Dinosaur|Giga Drain|p1a: Basculegion\n|-supereffective|p1a: Basculegion\n|-damage|p1a: Basculegion|5/100\n|-heal|p2a: Fake Dinosaur|100/100|[from] drain|[of] p1a: Basculegion\n|-damage|p2a: Fake Dinosaur|91/100|[from] item: Life Orb\n|move|p1a: Basculegion|Outrage|p2a: Fake Dinosaur|[from] lockedmove\n|-damage|p2a: Fake Dinosaur|33/100\n|-start|p1a: Basculegion|confusion|[fatigue]\n|\n|-weather|SunnyDay|[upkeep]\n|upkeep\n|turn|6\n|\n|t:|1782451091\n|switch|p1a: Hydrapple|Hydrapple, F|100/100\n|move|p2a: Fake Dinosaur|Giga Drain|p1a: Hydrapple\n|-resisted|p1a: Hydrapple\n|-damage|p1a: Hydrapple|93/100\n|-heal|p2a: Fake Dinosaur|39/100|[from] drain|[of] p1a: Hydrapple\n|-damage|p2a: Fake Dinosaur|29/100|[from] item: Life Orb\n|\n|-weather|SunnyDay|[upkeep]\n|upkeep\n|turn|7\n|\n|t:|1782451105\n|switch|p2a: T-Rex|Walking Wake|59/100\n|-activate|p2a: T-Rex|ability: Protosynthesis\n|-start|p2a: T-Rex|protosynthesisspa\n|move|p1a: Hydrapple|Fickle Beam|p2a: T-Rex\n|-supereffective|p2a: T-Rex\n|-damage|p2a: T-Rex|0 fnt\n|faint|p2a: T-Rex\n|-end|p2a: T-Rex|Protosynthesis|[silent]\n|\n|-weather|SunnyDay|[upkeep]\n|upkeep\n|inactive|Jay_777k has 120 seconds left.\n|\n|t:|1782451118\n|switch|p2a: Mammoth|Great Tusk|100/100\n|-activate|p2a: Mammoth|ability: Protosynthesis\n|-start|p2a: Mammoth|protosynthesisspe\n|turn|8\n|\n|t:|1782451124\n|move|p2a: Mammoth|Stealth Rock|p1a: Hydrapple\n|-sidestart|p1: RouroZxa|move: Stealth Rock\n|move|p1a: Hydrapple|Leaf Storm|p2a: Mammoth\n|-supereffective|p2a: Mammoth\n|-damage|p2a: Mammoth|0 fnt\n|-unboost|p1a: Hydrapple|spa|2\n|faint|p2a: Mammoth\n|-end|p2a: Mammoth|Protosynthesis|[silent]\n|\n|-weather|none\n|upkeep\n|inactive|Jay_777k has 120 seconds left.\n|\n|t:|1782451144\n|switch|p2a: Fake Dinosaur|Venusaur, F|29/100\n|turn|9\n|inactive|Jay_777k has 120 seconds left.\n|\n|t:|1782451156\n|switch|p1a: Basculegion|Basculegion, M|5/100\n|-damage|p1a: Basculegion|0 fnt|[from] Stealth Rock\n|faint|p1a: Basculegion\n|move|p2a: Fake Dinosaur|Growth|p2a: Fake Dinosaur\n|-boost|p2a: Fake Dinosaur|atk|1\n|-boost|p2a: Fake Dinosaur|spa|1\n|\n|upkeep\n|\n|t:|1782451159\n|switch|p1a: Hydrapple|Hydrapple, F|100/100\n|-damage|p1a: Hydrapple|88/100|[from] Stealth Rock\n|turn|10\n|\n|t:|1782451166\n|switch|p2a: Vixen|Ninetales, F|100/100\n|-weather|SunnyDay|[from] ability: Drought|[of] p2a: Vixen\n|move|p1a: Hydrapple|Fickle Beam|p2a: Vixen\n|-damage|p2a: Vixen|61/100\n|\n|-weather|SunnyDay|[upkeep]\n|upkeep\n|turn|11\n|\n|t:|1782451183\n|move|p2a: Vixen|Flamethrower|p1a: Hydrapple\n|-damage|p1a: Hydrapple|60/100\n|move|p1a: Hydrapple|Earth Power|p2a: Vixen\n|-supereffective|p2a: Vixen\n|-damage|p2a: Vixen|0 fnt\n|faint|p2a: Vixen\n|\n|-weather|SunnyDay|[upkeep]\n|upkeep\n|\n|t:|1782451189\n|switch|p2a: Fake Dinosaur|Venusaur, F|29/100\n|turn|12\n|\n|t:|1782451194\n|-terastallize|p2a: Fake Dinosaur|Fire\n|move|p2a: Fake Dinosaur|Weather Ball|p1a: Hydrapple\n|-damage|p1a: Hydrapple|0 fnt\n|faint|p1a: Hydrapple\n|-damage|p2a: Fake Dinosaur|19/100|[from] item: Life Orb\n|\n|-weather|SunnyDay|[upkeep]\n|upkeep\n|\n|t:|1782451202\n|switch|p1a: Pelipper|Pelipper, M|100/100\n|-damage|p1a: Pelipper|76/100|[from] Stealth Rock\n|-weather|RainDance|[from] ability: Drizzle|[of] p1a: Pelipper\n|turn|13\n|\n|t:|1782451207\n|move|p2a: Fake Dinosaur|Giga Drain|p1a: Pelipper\n|-damage|p1a: Pelipper|26/100\n|-heal|p2a: Fake Dinosaur|46/100|[from] drain|[of] p1a: Pelipper\n|-damage|p2a: Fake Dinosaur|36/100|[from] item: Life Orb\n|move|p1a: Pelipper|U-turn|p2a: Fake Dinosaur\n|-resisted|p2a: Fake Dinosaur\n|-damage|p2a: Fake Dinosaur|30/100\n|\n|t:|1782451209\n|switch|p1a: Floatzel|Floatzel, M|100/100|[from] U-turn\n|-damage|p1a: Floatzel|88/100|[from] Stealth Rock\n|\n|-weather|RainDance|[upkeep]\n|upkeep\n|turn|14\n|\n|t:|1782451215\n|-terastallize|p1a: Floatzel|Water\n|move|p1a: Floatzel|Wave Crash|p2a: Fake Dinosaur\n|-supereffective|p2a: Fake Dinosaur\n|-damage|p2a: Fake Dinosaur|0 fnt\n|faint|p2a: Fake Dinosaur\n|-damage|p1a: Floatzel|80/100|[from] Recoil\n|\n|-weather|RainDance|[upkeep]\n|upkeep\n|\n|t:|1782451222\n|switch|p2a: Shy Lady|Hatterene, F|100/100\n|turn|15\n|\n|t:|1782451225\n|move|p1a: Floatzel|Wave Crash|p2a: Shy Lady\n|-damage|p2a: Shy Lady|0 fnt\n|faint|p2a: Shy Lady\n|-damage|p1a: Floatzel|51/100|[from] Recoil\n|\n|-weather|RainDance|[upkeep]\n|upkeep\n|\n|t:|1782451227\n|switch|p2a: Cool Kid|Ceruledge, M|100/100\n|turn|16\n|\n|t:|1782451232\n|move|p1a: Floatzel|Wave Crash|p2a: Cool Kid\n|-supereffective|p2a: Cool Kid\n|-enditem|p2a: Cool Kid|Focus Sash\n|-damage|p2a: Cool Kid|1/100\n|-ability|p2a: Cool Kid|Weak Armor|boost\n|-unboost|p2a: Cool Kid|def|1\n|-boost|p2a: Cool Kid|spe|2\n|-damage|p1a: Floatzel|25/100|[from] Recoil\n|move|p2a: Cool Kid|Swords Dance|p2a: Cool Kid\n|-boost|p2a: Cool Kid|atk|2\n|\n|-weather|RainDance|[upkeep]\n|upkeep\n|turn|17\n|\n|t:|1782451237\n|move|p2a: Cool Kid|Bitter Blade|p1a: Floatzel\n|-resisted|p1a: Floatzel\n|-damage|p1a: Floatzel|0 fnt\n|-heal|p2a: Cool Kid|16/100|[from] drain|[of] p1a: Floatzel\n|faint|p1a: Floatzel\n|\n|-weather|RainDance|[upkeep]\n|upkeep\n|\n|t:|1782451240\n|switch|p1a: Rillaboom|Rillaboom, M|100/100\n|-damage|p1a: Rillaboom|88/100|[from] Stealth Rock\n|-fieldstart|move: Grassy Terrain|[from] ability: Grassy Surge|[of] p1a: Rillaboom\n|turn|18\n|\n|t:|1782451242\n|move|p1a: Rillaboom|Grassy Glide|p2a: Cool Kid\n|-resisted|p2a: Cool Kid\n|-damage|p2a: Cool Kid|0 fnt\n|faint|p2a: Cool Kid\n|\n|win|RouroZxa\n|raw|RouroZxa's rating: 1268 &rarr; <strong>1297</strong><br />(+29 for winning)\n|raw|Jay_777k's rating: 1326 &rarr; <strong>1303</strong><br />(-23 for losing)\n|l|☆Jay_777k\n|player|p2|\n|l|☆RouroZxa\n|player|p1|\n", "uploadtime": 1782451525, "views": 4, "formatid": "gen9ou", "rating": 1297, "private": 0, "password": null}