{"id": "gen9ou-2647785557", "format": "[Gen 9] OU", "players": ["josephtpg", "blah0blah1blah2"], "log": "|j|☆josephtpg\n|j|☆blah0blah1blah2\n|t:|1783812288\n|gametype|singles\n|player|p1|josephtpg|unknown|1660\n|player|p2|blah0blah1blah2|colress|1626\n|gen|9\n|tier|[Gen 9] OU\n|rated|\n|rule|HP Percentage Mod: HP is shown in percentages\n|rule|Endless Battle Clause: Forcing endless battles is banned\n|rule|Species Clause: Limit one of each Pokémon\n|rule|OHKO Clause: OHKO moves are banned\n|rule|Evasion Items Clause: Evasion items are banned\n|rule|Evasion Moves Clause: Evasion moves are banned\n|rule|Evasion Abilities Clause: Evasion abilities are banned\n|rule|Sleep Moves Clause: Sleep-inducing moves are banned\n|clearpoke\n|poke|p1|Dragapult, F|\n|poke|p1|Ogerpon-Wellspring, F|\n|poke|p1|Kingambit, F|\n|poke|p1|Primarina, F|\n|poke|p1|Cinderace, F|\n|poke|p1|Landorus-Therian, M|\n|poke|p2|Regidrago|\n|poke|p2|Iron Treads|\n|poke|p2|Scizor, M|\n|poke|p2|Alomomola, M|\n|poke|p2|Ogerpon-Wellspring, F|\n|poke|p2|Primarina, M|\n|teampreview\n|inactive|Battle timer is ON: inactive players will automatically lose when time's up. (requested by blah0blah1blah2)\n|inactive|josephtpg also wants the timer to be on.\n|\n|t:|1783812316\n|teamsize|p1|6\n|teamsize|p2|6\n|start\n|switch|p1a: Daddy Daycare|Dragapult, F|100/100\n|switch|p2a: Alomomola|Alomomola, M|100/100\n|turn|1\n|\n|t:|1783812319\n|move|p1a: Daddy Daycare|Will-O-Wisp|p2a: Alomomola|[miss]\n|-miss|p1a: Daddy Daycare|p2a: Alomomola\n|move|p2a: Alomomola|Wish|p2a: Alomomola\n|\n|upkeep\n|turn|2\n|\n|t:|1783812327\n|switch|p2a: Primarina|Primarina, M|100/100\n|move|p1a: Daddy Daycare|Will-O-Wisp|p2a: Primarina\n|-status|p2a: Primarina|brn\n|\n|-damage|p2a: Primarina|94/100 brn|[from] brn\n|upkeep\n|turn|3\n|inactive|josephtpg has 120 seconds left.\n|\n|t:|1783812361\n|switch|p1a: Protean Bro|Cinderace, F|100/100\n|move|p2a: Primarina|Surf|p1a: Protean Bro\n|-supereffective|p1a: Protean Bro\n|-damage|p1a: Protean Bro|0 fnt\n|faint|p1a: Protean Bro\n|\n|-damage|p2a: Primarina|88/100 brn|[from] brn\n|upkeep\n|\n|t:|1783812365\n|switch|p1a: SomebodyOnceToldMe|Ogerpon-Wellspring, F|100/100\n|turn|4\n|inactive|blah0blah1blah2 has 120 seconds left.\n|\n|t:|1783812407\n|-terastallize|p2a: Primarina|Poison\n|move|p1a: SomebodyOnceToldMe|Knock Off|p2a: Primarina\n|-crit|p2a: Primarina\n|-damage|p2a: Primarina|19/100 brn\n|-enditem|p2a: Primarina|Assault Vest|[from] move: Knock Off|[of] p1a: SomebodyOnceToldMe\n|move|p2a: Primarina|Draining Kiss|p1a: SomebodyOnceToldMe\n|-damage|p1a: SomebodyOnceToldMe|67/100\n|-heal|p2a: Primarina|40/100 brn|[from] drain|[of] p1a: SomebodyOnceToldMe\n|\n|-damage|p2a: Primarina|34/100 brn|[from] brn\n|upkeep\n|turn|5\n|\n|t:|1783812413\n|move|p1a: SomebodyOnceToldMe|Ivy Cudgel|p2a: Primarina|[anim] Ivy Cudgel Water\n|-damage|p2a: Primarina|0 fnt\n|faint|p2a: Primarina\n|\n|upkeep\n|\n|t:|1783812422\n|switch|p2a: Scizor|Scizor, M|100/100\n|turn|6\n|\n|t:|1783812424\n|switch|p1a: Friend In Me|Landorus-Therian, M|100/100\n|-ability|p1a: Friend In Me|Intimidate|boost\n|-unboost|p2a: Scizor|atk|1\n|move|p2a: Scizor|U-turn|p1a: Friend In Me\n|-resisted|p1a: Friend In Me\n|-damage|p1a: Friend In Me|80/100\n|-damage|p2a: Scizor|84/100|[from] item: Rocky Helmet|[of] p1a: Friend In Me\n|\n|t:|1783812431\n|switch|p2a: Ogerpon|Ogerpon-Wellspring, F|100/100|[from] U-turn\n|\n|upkeep\n|turn|7\n|\n|t:|1783812454\n|-terastallize|p1a: Friend In Me|Water\n|move|p2a: Ogerpon|Trailblaze|p1a: Friend In Me\n|-supereffective|p1a: Friend In Me\n|-damage|p1a: Friend In Me|11/100\n|-boost|p2a: Ogerpon|spe|1\n|-damage|p2a: Ogerpon|84/100|[from] item: Rocky Helmet|[of] p1a: Friend In Me\n|move|p1a: Friend In Me|U-turn|p2a: Ogerpon\n|-supereffective|p2a: Ogerpon\n|-damage|p2a: Ogerpon|24/100\n|\n|t:|1783812460\n|switch|p1a: 8TurnsInSucker|Kingambit, F, shiny|100/100|[from] U-turn\n|-activate|p1a: 8TurnsInSucker|ability: Supreme Overlord\n|-start|p1a: 8TurnsInSucker|fallen1|[silent]\n|\n|upkeep\n|turn|8\n|\n|t:|1783812467\n|switch|p2a: Scizor|Scizor, M|84/100\n|move|p1a: 8TurnsInSucker|Kowtow Cleave|p2a: Scizor\n|-damage|p2a: Scizor|19/100\n|\n|upkeep\n|turn|9\n|\n|t:|1783812472\n|move|p2a: Scizor|Close Combat|p1a: 8TurnsInSucker\n|-supereffective|p1a: 8TurnsInSucker\n|-damage|p1a: 8TurnsInSucker|0 fnt\n|-unboost|p2a: Scizor|def|1\n|-unboost|p2a: Scizor|spd|1\n|faint|p1a: 8TurnsInSucker\n|-end|p1a: 8TurnsInSucker|fallen1|[silent]\n|\n|upkeep\n|\n|t:|1783812478\n|switch|p1a: Daddy Daycare|Dragapult, F|100/100\n|turn|10\n|\n|t:|1783812488\n|switch|p2a: Alomomola|Alomomola, M|100/100\n|move|p1a: Daddy Daycare|Will-O-Wisp|p2a: Alomomola|[miss]\n|-miss|p1a: Daddy Daycare|p2a: Alomomola\n|\n|upkeep\n|turn|11\n|c|☆blah0blah1blah2|sorry\n|\n|t:|1783812500\n|move|p1a: Daddy Daycare|Draco Meteor|p2a: Alomomola\n|-damage|p2a: Alomomola|9/100\n|-unboost|p1a: Daddy Daycare|spa|2\n|-damage|p1a: Daddy Daycare|91/100|[from] item: Life Orb\n|move|p2a: Alomomola|Wish|p2a: Alomomola\n|\n|upkeep\n|turn|12\n|c|☆josephtpg|It's fine\n|c|☆josephtpg|I've missed 4 out of 5 wisps today :(\n|\n|t:|1783812516\n|switch|p1a: FullMoonFullBlast|Primarina, F, shiny|100/100\n|move|p2a: Alomomola|Protect||[still]\n|-fail|p2a: Alomomola\n|\n|-heal|p2a: Alomomola|59/100|[from] move: Wish|[wisher] Alomomola\n|upkeep\n|turn|13\n|c|☆blah0blah1blah2|I've seen a lot of bad luck today\n|c|☆blah0blah1blah2|from both sides\n|\n|t:|1783812530\n|move|p1a: FullMoonFullBlast|Moonblast|p2a: Alomomola\n|-damage|p2a: Alomomola|0 fnt\n|faint|p2a: Alomomola\n|\n|upkeep\n|c|☆josephtpg|That's Pokemon tho lol\n|c|☆josephtpg|Can't complain too much\n|\n|t:|1783812541\n|switch|p2a: Scizor|Scizor, M|19/100\n|turn|14\n|c|☆blah0blah1blah2|fair\n|c|☆josephtpg|I've won with luck before\n|\n|t:|1783812551\n|switch|p1a: Friend In Me|Landorus-Therian, M, tera:Water|11/100\n|-ability|p1a: Friend In Me|Intimidate|boost\n|-unboost|p2a: Scizor|atk|1\n|move|p2a: Scizor|Knock Off|p1a: Friend In Me\n|-damage|p1a: Friend In Me|0 fnt\n|-damage|p2a: Scizor|3/100|[from] item: Rocky Helmet|[of] p1a: Friend In Me\n|-enditem|p1a: Friend In Me|Rocky Helmet|[from] move: Knock Off|[of] p2a: Scizor\n|faint|p1a: Friend In Me\n|\n|upkeep\n|\n|t:|1783812561\n|switch|p1a: SomebodyOnceToldMe|Ogerpon-Wellspring, F|67/100\n|turn|15\n|\n|t:|1783812564\n|move|p1a: SomebodyOnceToldMe|Knock Off|p2a: Scizor\n|-damage|p2a: Scizor|0 fnt\n|-enditem|p2a: Scizor|Choice Band|[from] move: Knock Off|[of] p1a: SomebodyOnceToldMe\n|faint|p2a: Scizor\n|\n|upkeep\n|\n|t:|1783812573\n|switch|p2a: Regidrago|Regidrago|100/100\n|turn|16\n|\n|t:|1783812591\n|switch|p1a: FullMoonFullBlast|Primarina, F, shiny|100/100\n|move|p2a: Regidrago|Dragon Energy|p1a: FullMoonFullBlast\n|-immune|p1a: FullMoonFullBlast\n|\n|upkeep\n|turn|17\n|\n|t:|1783812596\n|switch|p2a: Iron Treads|Iron Treads|100/100\n|move|p1a: FullMoonFullBlast|Moonblast|p2a: Iron Treads\n|-resisted|p2a: Iron Treads\n|-damage|p2a: Iron Treads|64/100\n|\n|upkeep\n|turn|18\n|inactive|blah0blah1blah2 has 120 seconds left.\n|inactive|josephtpg has 120 seconds left.\n|j| marshoul\n|\n|t:|1783812656\n|switch|p1a: Daddy Daycare|Dragapult, F|91/100\n|move|p2a: Iron Treads|Earthquake|p1a: Daddy Daycare\n|-damage|p1a: Daddy Daycare|28/100\n|\n|upkeep\n|turn|19\n|inactive|blah0blah1blah2 has 120 seconds left.\n|\n|t:|1783812683\n|move|p1a: Daddy Daycare|Shadow Ball|p2a: Iron Treads\n|-damage|p2a: Iron Treads|0 fnt\n|faint|p2a: Iron Treads\n|-end|p2a: Iron Treads|Quark Drive|[silent]\n|-damage|p1a: Daddy Daycare|18/100|[from] item: Life Orb\n|\n|upkeep\n|\n|t:|1783812686\n|switch|p2a: Ogerpon|Ogerpon-Wellspring, F|24/100\n|turn|20\n|\n|t:|1783812700\n|switch|p2a: Regidrago|Regidrago|100/100\n|move|p1a: Daddy Daycare|Dragon Darts|p2a: Regidrago\n|-supereffective|p2a: Regidrago\n|-crit|p2a: Regidrago\n|-damage|p2a: Regidrago|20/100\n|-anim|p1a: Daddy Daycare|Dragon Darts|p2a: Regidrago\n|-supereffective|p2a: Regidrago\n|-damage|p2a: Regidrago|0 fnt\n|faint|p2a: Regidrago\n|-damage|p1a: Daddy Daycare|9/100|[from] item: Life Orb\n|\n|upkeep\n|\n|t:|1783812703\n|switch|p2a: Ogerpon|Ogerpon-Wellspring, F|24/100\n|turn|21\n|\n|t:|1783812706\n|move|p1a: Daddy Daycare|Dragon Darts|p2a: Ogerpon\n|-damage|p2a: Ogerpon|0 fnt\n|faint|p2a: Ogerpon\n|-damage|p1a: Daddy Daycare|0 fnt|[from] item: Life Orb\n|faint|p1a: Daddy Daycare\n|\n|win|josephtpg\n|raw|josephtpg's rating: 1660 &rarr; <strong>1678</strong><br />(+18 for winning)\n|raw|blah0blah1blah2's rating: 1626 &rarr; <strong>1608</strong><br />(-18 for losing)\n|c|☆josephtpg|gg\n|c|☆blah0blah1blah2|gg\n|c|☆josephtpg|Love the Regidrago\n|c|☆blah0blah1blah2|thanks\n|l|☆josephtpg\n|player|p1|\n|c|☆blah0blah1blah2|misplayed my tera\n|l|☆blah0blah1blah2\n|player|p2|\n|l| marshoul\n", "uploadtime": 1783812937, "views": 20, "formatid": "gen9ou", "rating": 1608, "private": 0, "password": null}