{"id": "gen9ou-2647686820", "format": "[Gen 9] OU", "players": ["puckemon", "BoGosse971"], "log": "|j|☆puckemon\n|j|☆BoGosse971\n|t:|1783796289\n|gametype|singles\n|player|p1|puckemon|2|1116\n|player|p2|BoGosse971|guitarist-gen4|1073\n|gen|9\n|tier|[Gen 9] OU\n|rated|\n|rule|HP Percentage Mod: HP is shown in percentages\n|rule|Endless Battle Clause: Forcing endless battles is banned\n|rule|Species Clause: Limit one of each Pokémon\n|rule|OHKO Clause: OHKO moves are banned\n|rule|Evasion Items Clause: Evasion items are banned\n|rule|Evasion Moves Clause: Evasion moves are banned\n|rule|Evasion Abilities Clause: Evasion abilities are banned\n|rule|Sleep Moves Clause: Sleep-inducing moves are banned\n|clearpoke\n|poke|p1|Tyranitar, F|\n|poke|p1|Excadrill, F|\n|poke|p1|Slowking-Galar, M|\n|poke|p1|Zamazenta-*|\n|poke|p1|Hydrapple, F|\n|poke|p1|Moltres|\n|poke|p2|Cinderace, M|\n|poke|p2|Inteleon, M|\n|poke|p2|Greedent, F|\n|poke|p2|Duraludon, F|\n|poke|p2|Hatterene, F|\n|poke|p2|Corviknight, M|\n|teampreview\n|inactive|Battle timer is ON: inactive players will automatically lose when time's up. (requested by BoGosse971)\n|\n|t:|1783796309\n|teamsize|p1|6\n|teamsize|p2|6\n|start\n|switch|p1a: Hydrapple|Hydrapple, F|100/100\n|switch|p2a: Tinfoil|Duraludon, F|100/100\n|turn|1\n|\n|t:|1783796323\n|switch|p1a: Zamazenta|Zamazenta|100/100\n|-ability|p1a: Zamazenta|Dauntless Shield|boost\n|-boost|p1a: Zamazenta|def|1\n|move|p2a: Tinfoil|Stealth Rock|p1a: Zamazenta\n|-sidestart|p1: puckemon|move: Stealth Rock\n|\n|upkeep\n|turn|2\n|\n|t:|1783796339\n|switch|p2a: Hermione Granger|Hatterene, F|100/100\n|move|p1a: Zamazenta|Heavy Slam|p2a: Hermione Granger\n|-supereffective|p2a: Hermione Granger\n|-damage|p2a: Hermione Granger|16/100\n|\n|-heal|p2a: Hermione Granger|22/100|[from] item: Leftovers\n|upkeep\n|turn|3\n|\n|t:|1783796352\n|switch|p2a: Songbird|Corviknight, M|100/100\n|move|p1a: Zamazenta|Crunch|p2a: Songbird\n|-damage|p2a: Songbird|77/100\n|-damage|p1a: Zamazenta|84/100|[from] item: Rocky Helmet|[of] p2a: Songbird\n|\n|upkeep\n|turn|4\n|\n|t:|1783796365\n|switch|p1a: Hydrapple|Hydrapple, F|100/100\n|-damage|p1a: Hydrapple|88/100|[from] Stealth Rock\n|move|p2a: Songbird|Iron Defense|p2a: Songbird\n|-boost|p2a: Songbird|def|2\n|\n|upkeep\n|turn|5\n|\n|t:|1783796370\n|-terastallize|p1a: Hydrapple|Poison\n|move|p1a: Hydrapple|Nasty Plot|p1a: Hydrapple\n|-boost|p1a: Hydrapple|spa|2\n|move|p2a: Songbird|Body Press|p1a: Hydrapple\n|-resisted|p1a: Hydrapple\n|-damage|p1a: Hydrapple|76/100\n|-damage|p2a: Songbird|61/100|[from] item: Rocky Helmet|[of] p1a: Hydrapple\n|\n|upkeep\n|turn|6\n|\n|t:|1783796380\n|switch|p2a: Nibs|Greedent, F, shiny|100/100\n|move|p1a: Hydrapple|Nasty Plot|p1a: Hydrapple\n|-boost|p1a: Hydrapple|spa|2\n|\n|upkeep\n|turn|7\n|\n|t:|1783796389\n|move|p1a: Hydrapple|Fickle Beam|p2a: Nibs\n|-damage|p2a: Nibs|15/100\n|-enditem|p2a: Nibs|Sitrus Berry|[eat]\n|-heal|p2a: Nibs|40/100|[from] item: Sitrus Berry\n|-heal|p2a: Nibs|73/100|[from] ability: Cheek Pouch\n|move|p2a: Nibs|Earthquake|p1a: Hydrapple\n|-supereffective|p1a: Hydrapple\n|-damage|p1a: Hydrapple|39/100\n|\n|upkeep\n|turn|8\n|\n|t:|1783796401\n|switch|p2a: Hermione Granger|Hatterene, F|22/100\n|move|p1a: Hydrapple|Giga Drain|p2a: Hermione Granger\n|-damage|p2a: Hermione Granger|0 fnt\n|-heal|p1a: Hydrapple|47/100|[from] drain|[of] p2a: Hermione Granger\n|faint|p2a: Hermione Granger\n|\n|upkeep\n|\n|t:|1783796406\n|switch|p2a: David Beckham|Cinderace, M|100/100\n|turn|9\n|\n|t:|1783796414\n|move|p2a: David Beckham|Pyro Ball|p1a: Hydrapple\n|-damage|p1a: Hydrapple|8/100\n|move|p1a: Hydrapple|Fickle Beam|p2a: David Beckham\n|-damage|p2a: David Beckham|0 fnt\n|faint|p2a: David Beckham\n|\n|upkeep\n|\n|t:|1783796421\n|switch|p2a: Skinny Pete|Inteleon, M, shiny|100/100\n|turn|10\n|\n|t:|1783796427\n|switch|p1a: Tyranitar|Tyranitar, F|100/100\n|-damage|p1a: Tyranitar|88/100|[from] Stealth Rock\n|-weather|Sandstorm|[from] ability: Sand Stream|[of] p1a: Tyranitar\n|move|p2a: Skinny Pete|Snipe Shot|p1a: Tyranitar\n|-supereffective|p1a: Tyranitar\n|-crit|p1a: Tyranitar\n|-damage|p1a: Tyranitar|0 fnt\n|faint|p1a: Tyranitar\n|\n|-weather|Sandstorm|[upkeep]\n|-damage|p2a: Skinny Pete|94/100|[from] Sandstorm\n|upkeep\n|\n|t:|1783796434\n|switch|p1a: Excadrill|Excadrill, F|100/100\n|-damage|p1a: Excadrill|97/100|[from] Stealth Rock\n|-item|p1a: Excadrill|Air Balloon\n|turn|11\n|\n|t:|1783796441\n|move|p1a: Excadrill|Earthquake|p2a: Skinny Pete\n|-damage|p2a: Skinny Pete|0 fnt\n|faint|p2a: Skinny Pete\n|\n|-weather|Sandstorm|[upkeep]\n|upkeep\n|-message|BoGosse971 forfeited.\n|\n|win|puckemon\n|raw|puckemon's rating: 1116 &rarr; <strong>1138</strong><br />(+22 for winning)\n|raw|BoGosse971's rating: 1073 &rarr; <strong>1055</strong><br />(-18 for losing)\n|l|☆BoGosse971\n|player|p2|\n|l|☆puckemon\n|player|p1|\n", "uploadtime": 1783796796, "views": 5, "formatid": "gen9ou", "rating": 1055, "private": 0, "password": null}