{"id": "gen9ou-2639266951", "format": "[Gen 9] OU", "players": ["thepeakmons", "showbiz_carton"], "log": "|j|☆thepeakmons\n|j|☆showbiz_carton\n|t:|1782442952\n|gametype|singles\n|player|p1|thepeakmons|101|1332\n|player|p2|showbiz_carton|hugh|1289\n|gen|9\n|tier|[Gen 9] OU\n|rated|\n|rule|HP Percentage Mod: HP is shown in percentages\n|rule|Endless Battle Clause: Forcing endless battles is banned\n|rule|Species Clause: Limit one of each Pokémon\n|rule|OHKO Clause: OHKO moves are banned\n|rule|Evasion Items Clause: Evasion items are banned\n|rule|Evasion Moves Clause: Evasion moves are banned\n|rule|Evasion Abilities Clause: Evasion abilities are banned\n|rule|Sleep Moves Clause: Sleep-inducing moves are banned\n|clearpoke\n|poke|p1|Corviknight, M|\n|poke|p1|Ting-Lu|\n|poke|p1|Kyurem|\n|poke|p1|Dondozo, M|\n|poke|p1|Slowking-Galar, M|\n|poke|p1|Cinderace, F|\n|poke|p2|Infernape, M|\n|poke|p2|Gholdengo|\n|poke|p2|Slowking-Galar, M|\n|poke|p2|Dragonite, F|\n|poke|p2|Ribombee, F|\n|poke|p2|Great Tusk|\n|teampreview\n|inactive|Battle timer is ON: inactive players will automatically lose when time's up. (requested by thepeakmons)\n|inactive|showbiz_carton also wants the timer to be on.\n|\n|t:|1782442962\n|teamsize|p1|6\n|teamsize|p2|6\n|start\n|switch|p1a: Cinderace|Cinderace, F|100/100\n|switch|p2a: Great Tusk|Great Tusk|100/100\n|turn|1\n|inactive|thepeakmons has 120 seconds left.\n|\n|t:|1782442994\n|move|p1a: Cinderace|U-turn|p2a: Great Tusk\n|-resisted|p2a: Great Tusk\n|-damage|p2a: Great Tusk|95/100\n|-damage|p1a: Cinderace|84/100|[from] item: Rocky Helmet|[of] p2a: Great Tusk\n|inactive|thepeakmons has 120 seconds left.\n|\n|t:|1782443015\n|switch|p1a: Corviknight|Corviknight, M|100/100|[from] U-turn\n|-ability|p1a: Corviknight|Pressure\n|move|p2a: Great Tusk|Stealth Rock|p1a: Corviknight\n|-sidestart|p1: thepeakmons|move: Stealth Rock\n|\n|upkeep\n|turn|2\n|\n|t:|1782443025\n|-end|p2a: Great Tusk|Protosynthesis|[silent]\n|switch|p2a: Gholdengo|Gholdengo|100/100\n|-item|p2a: Gholdengo|Air Balloon\n|switch|p1a: Cinderace|Cinderace, F|84/100\n|\n|upkeep\n|turn|3\n|\n|t:|1782443039\n|move|p1a: Cinderace|Pyro Ball|p2a: Gholdengo\n|-supereffective|p2a: Gholdengo\n|-damage|p2a: Gholdengo|0 fnt\n|-enditem|p2a: Gholdengo|Air Balloon\n|faint|p2a: Gholdengo\n|\n|upkeep\n|\n|t:|1782443044\n|switch|p2a: Zuko|Infernape, M, shiny|100/100\n|turn|4\n|\n|t:|1782443053\n|move|p1a: Cinderace|Court Change|p1a: Cinderace\n|-swapsideconditions\n|-activate|p1a: Cinderace|move: Court Change\n|move|p2a: Zuko|Swords Dance|p2a: Zuko\n|-boost|p2a: Zuko|atk|2\n|\n|upkeep\n|turn|5\n|\n|t:|1782443065\n|switch|p1a: Dondozo|Dondozo, M|100/100\n|move|p2a: Zuko|Mach Punch|p1a: Dondozo\n|-crit|p1a: Dondozo\n|-damage|p1a: Dondozo|81/100\n|\n|-heal|p1a: Dondozo|87/100|[from] item: Leftovers\n|upkeep\n|turn|6\n|\n|t:|1782443076\n|switch|p2a: Brainwash|Slowking-Galar, M, shiny|100/100\n|-damage|p2a: Brainwash|88/100|[from] Stealth Rock\n|move|p1a: Dondozo|Waterfall|p2a: Brainwash\n|-damage|p2a: Brainwash|57/100\n|\n|-heal|p1a: Dondozo|93/100|[from] item: Leftovers\n|-heal|p2a: Brainwash|63/100|[from] item: Black Sludge\n|upkeep\n|turn|7\n|\n|t:|1782443089\n|switch|p1a: Slowking|Slowking-Galar, M|100/100\n|move|p2a: Brainwash|Sludge Bomb|p1a: Slowking\n|-resisted|p1a: Slowking\n|-damage|p1a: Slowking|87/100\n|\n|-heal|p2a: Brainwash|69/100|[from] item: Black Sludge\n|upkeep\n|turn|8\n|-message|showbiz_carton forfeited.\n|\n|win|thepeakmons\n|raw|thepeakmons's rating: 1332 &rarr; <strong>1350</strong><br />(+18 for winning)\n|raw|showbiz_carton's rating: 1289 &rarr; <strong>1267</strong><br />(-22 for losing)\n|l|☆showbiz_carton\n|player|p2|\n", "uploadtime": 1782443111, "views": 11, "formatid": "gen9ou", "rating": 1267, "private": 0, "password": null}