{"id": "gen9ou-2639249320", "format": "[Gen 9] OU", "players": ["fivetomatoes", "TheHorrorHare"], "log": "|j|☆fivetomatoes\n|j|☆TheHorrorHare\n|t:|1782440310\n|gametype|singles\n|player|p1|fivetomatoes|169|1650\n|player|p2|TheHorrorHare|#wcor2025canada|1603\n|gen|9\n|tier|[Gen 9] OU\n|rated|\n|rule|HP Percentage Mod: HP is shown in percentages\n|rule|Endless Battle Clause: Forcing endless battles is banned\n|rule|Species Clause: Limit one of each Pokémon\n|rule|OHKO Clause: OHKO moves are banned\n|rule|Evasion Items Clause: Evasion items are banned\n|rule|Evasion Moves Clause: Evasion moves are banned\n|rule|Evasion Abilities Clause: Evasion abilities are banned\n|rule|Sleep Moves Clause: Sleep-inducing moves are banned\n|clearpoke\n|poke|p1|Rotom-Wash|\n|poke|p1|Rillaboom, F|\n|poke|p1|Glimmora, M|\n|poke|p1|Garganacl, M|\n|poke|p1|Dragapult, M|\n|poke|p1|Gholdengo|\n|poke|p2|Iron Moth|\n|poke|p2|Gliscor, F|\n|poke|p2|Hatterene, F|\n|poke|p2|Ogerpon-Wellspring, F|\n|poke|p2|Raging Bolt|\n|poke|p2|Zamazenta-*|\n|teampreview\n|inactive|Battle timer is ON: inactive players will automatically lose when time's up. (requested by fivetomatoes)\n|inactive|TheHorrorHare also wants the timer to be on.\n|\n|t:|1782440327\n|teamsize|p1|6\n|teamsize|p2|6\n|start\n|switch|p1a: Dragapult|Dragapult, M|100/100\n|switch|p2a: Ogerpon|Ogerpon-Wellspring, F|100/100\n|turn|1\n|\n|t:|1782440335\n|switch|p2a: Hatterene|Hatterene, F|100/100\n|move|p1a: Dragapult|Substitute|p1a: Dragapult\n|-start|p1a: Dragapult|Substitute\n|-damage|p1a: Dragapult|76/100\n|\n|-heal|p1a: Dragapult|82/100|[from] item: Leftovers\n|upkeep\n|turn|2\n|\n|t:|1782440340\n|move|p1a: Dragapult|Hex|p2a: Hatterene\n|-supereffective|p2a: Hatterene\n|-damage|p2a: Hatterene|57/100\n|move|p2a: Hatterene|Draining Kiss|p1a: Dragapult\n|-supereffective|p1a: Dragapult\n|-end|p1a: Dragapult|Substitute\n|-heal|p2a: Hatterene|79/100|[from] drain|[of] p1a: Dragapult\n|\n|-heal|p1a: Dragapult|88/100|[from] item: Leftovers\n|-heal|p2a: Hatterene|85/100|[from] item: Leftovers\n|upkeep\n|turn|3\n|\n|t:|1782440346\n|switch|p1a: Gholdengo|Gholdengo|100/100\n|move|p2a: Hatterene|Mystical Fire|p1a: Gholdengo\n|-supereffective|p1a: Gholdengo\n|-damage|p1a: Gholdengo|51/100\n|-unboost|p1a: Gholdengo|spa|1\n|\n|-heal|p2a: Hatterene|91/100|[from] item: Leftovers\n|upkeep\n|turn|4\n|\n|t:|1782440354\n|switch|p2a: Raging Bolt|Raging Bolt|100/100\n|-enditem|p2a: Raging Bolt|Booster Energy\n|-activate|p2a: Raging Bolt|ability: Protosynthesis|[fromitem]\n|-start|p2a: Raging Bolt|protosynthesisspa\n|move|p1a: Gholdengo|Trick|p2a: Raging Bolt\n|-activate|p1a: Gholdengo|move: Trick|[of] p2a: Raging Bolt\n|-item|p2a: Raging Bolt|Choice Scarf|[from] move: Trick\n|-enditem|p1a: Gholdengo|Choice Scarf|[silent]|[from] move: Trick\n|\n|upkeep\n|turn|5\n|\n|t:|1782440363\n|move|p2a: Raging Bolt|Dragon Pulse|p1a: Gholdengo\n|-resisted|p1a: Gholdengo\n|-damage|p1a: Gholdengo|10/100\n|move|p1a: Gholdengo|Dazzling Gleam|p2a: Raging Bolt\n|-supereffective|p2a: Raging Bolt\n|-damage|p2a: Raging Bolt|62/100\n|\n|upkeep\n|turn|6\n|\n|t:|1782440369\n|move|p2a: Raging Bolt|Dragon Pulse|p1a: Gholdengo\n|-resisted|p1a: Gholdengo\n|-damage|p1a: Gholdengo|0 fnt\n|faint|p1a: Gholdengo\n|\n|upkeep\n|\n|t:|1782440376\n|switch|p1a: Dragapult|Dragapult, M|88/100\n|turn|7\n|\n|t:|1782440381\n|-end|p2a: Raging Bolt|Protosynthesis|[silent]\n|switch|p2a: Hatterene|Hatterene, F|91/100\n|move|p1a: Dragapult|Substitute|p1a: Dragapult\n|-start|p1a: Dragapult|Substitute\n|-damage|p1a: Dragapult|63/100\n|\n|-heal|p1a: Dragapult|69/100|[from] item: Leftovers\n|-heal|p2a: Hatterene|97/100|[from] item: Leftovers\n|upkeep\n|turn|8\n|\n|t:|1782440384\n|move|p1a: Dragapult|Hex|p2a: Hatterene\n|-supereffective|p2a: Hatterene\n|-damage|p2a: Hatterene|50/100\n|move|p2a: Hatterene|Draining Kiss|p1a: Dragapult\n|-supereffective|p1a: Dragapult\n|-end|p1a: Dragapult|Substitute\n|-heal|p2a: Hatterene|72/100|[from] drain|[of] p1a: Dragapult\n|\n|-heal|p1a: Dragapult|75/100|[from] item: Leftovers\n|-heal|p2a: Hatterene|78/100|[from] item: Leftovers\n|upkeep\n|turn|9\n|\n|t:|1782440391\n|switch|p1a: Rotom|Rotom-Wash|100/100\n|move|p2a: Hatterene|Calm Mind|p2a: Hatterene\n|-boost|p2a: Hatterene|spa|1\n|-boost|p2a: Hatterene|spd|1\n|\n|-heal|p2a: Hatterene|84/100|[from] item: Leftovers\n|upkeep\n|turn|10\n|\n|t:|1782440393\n|move|p1a: Rotom|Trick|p2a: Hatterene\n|-activate|p1a: Rotom|move: Trick|[of] p2a: Hatterene\n|-item|p2a: Hatterene|Choice Scarf|[from] move: Trick\n|-item|p1a: Rotom|Leftovers|[from] move: Trick\n|move|p2a: Hatterene|Calm Mind|p2a: Hatterene\n|-boost|p2a: Hatterene|spa|1\n|-boost|p2a: Hatterene|spd|1\n|\n|upkeep\n|turn|11\n|\n|t:|1782440399\n|switch|p2a: Raging Bolt|Raging Bolt|62/100\n|move|p1a: Rotom|Volt Switch|p2a: Raging Bolt\n|-resisted|p2a: Raging Bolt\n|-damage|p2a: Raging Bolt|54/100\n|\n|t:|1782440402\n|switch|p1a: Dragapult|Dragapult, M|75/100|[from] Volt Switch\n|\n|-heal|p1a: Dragapult|81/100|[from] item: Leftovers\n|upkeep\n|turn|12\n|\n|t:|1782440404\n|move|p1a: Dragapult|Dragon Darts|p2a: Raging Bolt\n|-supereffective|p2a: Raging Bolt\n|-damage|p2a: Raging Bolt|17/100\n|-anim|p1a: Dragapult|Dragon Darts|p2a: Raging Bolt\n|-supereffective|p2a: Raging Bolt\n|-damage|p2a: Raging Bolt|0 fnt\n|faint|p2a: Raging Bolt\n|-end|p2a: Raging Bolt|Protosynthesis|[silent]\n|\n|-heal|p1a: Dragapult|87/100|[from] item: Leftovers\n|upkeep\n|\n|t:|1782440406\n|switch|p2a: Hatterene|Hatterene, F|84/100\n|turn|13\n|\n|t:|1782440409\n|move|p1a: Dragapult|Substitute|p1a: Dragapult\n|-start|p1a: Dragapult|Substitute\n|-damage|p1a: Dragapult|63/100\n|move|p2a: Hatterene|Draining Kiss|p1a: Dragapult\n|-supereffective|p1a: Dragapult\n|-end|p1a: Dragapult|Substitute\n|-heal|p2a: Hatterene|100/100|[from] drain|[of] p1a: Dragapult\n|\n|-heal|p1a: Dragapult|69/100|[from] item: Leftovers\n|upkeep\n|turn|14\n|\n|t:|1782440417\n|switch|p1a: Garganacl|Garganacl, M|100/100\n|switch|p2a: Ogerpon|Ogerpon-Wellspring, F|100/100\n|\n|upkeep\n|turn|15\n|\n|t:|1782440423\n|move|p2a: Ogerpon|Swords Dance|p2a: Ogerpon\n|-boost|p2a: Ogerpon|atk|2\n|move|p1a: Garganacl|Salt Cure|p2a: Ogerpon\n|-damage|p2a: Ogerpon|82/100\n|-start|p2a: Ogerpon|Salt Cure\n|\n|-damage|p2a: Ogerpon|57/100|[from] Salt Cure\n|upkeep\n|turn|16\n|\n|t:|1782440427\n|move|p1a: Garganacl|Protect|p1a: Garganacl\n|-singleturn|p1a: Garganacl|Protect\n|move|p2a: Ogerpon|Swords Dance|p2a: Ogerpon\n|-boost|p2a: Ogerpon|atk|2\n|\n|-damage|p2a: Ogerpon|32/100|[from] Salt Cure\n|upkeep\n|turn|17\n|\n|t:|1782440432\n|switch|p1a: Rillaboom|Rillaboom, F|100/100\n|-fieldstart|move: Grassy Terrain|[from] ability: Grassy Surge|[of] p1a: Rillaboom\n|move|p2a: Ogerpon|Ivy Cudgel|p1a: Rillaboom|[anim] Ivy Cudgel Water\n|-resisted|p1a: Rillaboom\n|-damage|p1a: Rillaboom|14/100\n|\n|-heal|p2a: Ogerpon|38/100|[from] Grassy Terrain\n|-heal|p1a: Rillaboom|20/100|[from] Grassy Terrain\n|-damage|p2a: Ogerpon|13/100|[from] Salt Cure\n|upkeep\n|turn|18\n|\n|t:|1782440440\n|move|p1a: Rillaboom|Grassy Glide|p2a: Ogerpon\n|-damage|p2a: Ogerpon|0 fnt\n|faint|p2a: Ogerpon\n|-damage|p1a: Rillaboom|10/100|[from] item: Life Orb\n|\n|-heal|p1a: Rillaboom|16/100|[from] Grassy Terrain\n|upkeep\n|\n|t:|1782440441\n|switch|p2a: Iron Moth|Iron Moth|100/100\n|-enditem|p2a: Iron Moth|Booster Energy\n|-activate|p2a: Iron Moth|ability: Quark Drive|[fromitem]\n|-start|p2a: Iron Moth|quarkdrivespe\n|turn|19\n|\n|t:|1782440451\n|switch|p1a: Garganacl|Garganacl, M|100/100\n|move|p2a: Iron Moth|Fiery Dance|p1a: Garganacl\n|-resisted|p1a: Garganacl\n|-damage|p1a: Garganacl|83/100\n|-boost|p2a: Iron Moth|spa|1\n|\n|-heal|p1a: Garganacl|89/100|[from] Grassy Terrain\n|-heal|p1a: Garganacl|95/100|[from] item: Leftovers\n|upkeep\n|turn|20\n|\n|t:|1782440458\n|move|p1a: Garganacl|Protect|p1a: Garganacl\n|-singleturn|p1a: Garganacl|Protect\n|move|p2a: Iron Moth|Sludge Wave|p1a: Garganacl\n|-activate|p1a: Garganacl|move: Protect\n|\n|-heal|p1a: Garganacl|100/100|[from] Grassy Terrain\n|upkeep\n|turn|21\n|\n|t:|1782440465\n|switch|p1a: Rillaboom|Rillaboom, F|16/100\n|move|p2a: Iron Moth|Whirlwind|p1a: Rillaboom\n|drag|p1a: Rotom|Rotom-Wash|100/100\n|\n|-fieldend|move: Grassy Terrain\n|upkeep\n|turn|22\n|\n|t:|1782440472\n|move|p2a: Iron Moth|Sludge Wave|p1a: Rotom\n|-damage|p1a: Rotom|3/100\n|move|p1a: Rotom|Hydro Pump|p2a: Iron Moth\n|-supereffective|p2a: Iron Moth\n|-damage|p2a: Iron Moth|7/100\n|\n|-heal|p1a: Rotom|10/100|[from] item: Leftovers\n|upkeep\n|turn|23\n|\n|t:|1782440477\n|move|p2a: Iron Moth|Fiery Dance|p1a: Rotom\n|-resisted|p1a: Rotom\n|-damage|p1a: Rotom|0 fnt\n|-boost|p2a: Iron Moth|spa|1\n|faint|p1a: Rotom\n|\n|upkeep\n|\n|t:|1782440482\n|switch|p1a: Rillaboom|Rillaboom, F|16/100\n|-fieldstart|move: Grassy Terrain|[from] ability: Grassy Surge|[of] p1a: Rillaboom\n|turn|24\n|\n|t:|1782440485\n|move|p1a: Rillaboom|Grassy Glide|p2a: Iron Moth\n|-resisted|p2a: Iron Moth\n|-damage|p2a: Iron Moth|0 fnt\n|faint|p2a: Iron Moth\n|-end|p2a: Iron Moth|Quark Drive|[silent]\n|-damage|p1a: Rillaboom|6/100|[from] item: Life Orb\n|\n|-heal|p1a: Rillaboom|13/100|[from] Grassy Terrain\n|upkeep\n|\n|t:|1782440490\n|switch|p2a: Zamazenta|Zamazenta|100/100\n|-ability|p2a: Zamazenta|Dauntless Shield|boost\n|-boost|p2a: Zamazenta|def|1\n|turn|25\n|\n|t:|1782440495\n|move|p2a: Zamazenta|Ice Fang|p1a: Rillaboom\n|-supereffective|p1a: Rillaboom\n|-damage|p1a: Rillaboom|0 fnt\n|faint|p1a: Rillaboom\n|\n|upkeep\n|\n|t:|1782440497\n|switch|p1a: Glimmora|Glimmora, M|100/100\n|turn|26\n|\n|t:|1782440501\n|move|p2a: Zamazenta|Light Screen|p2a: Zamazenta\n|-sidestart|p2: TheHorrorHare|move: Light Screen\n|move|p1a: Glimmora|Mortal Spin|p2a: Zamazenta\n|-damage|p2a: Zamazenta|97/100\n|-status|p2a: Zamazenta|psn\n|\n|-heal|p2a: Zamazenta|100/100 psn|[from] Grassy Terrain\n|-damage|p2a: Zamazenta|88/100 psn|[from] psn\n|upkeep\n|turn|27\n|\n|t:|1782440508\n|move|p1a: Glimmora|Spiky Shield|p1a: Glimmora\n|-singleturn|p1a: Glimmora|move: Protect\n|move|p2a: Zamazenta|Close Combat|p1a: Glimmora\n|-activate|p1a: Glimmora|move: Protect\n|-damage|p2a: Zamazenta|76/100 psn|[from] Spiky Shield|[of] p1a: Glimmora\n|\n|-heal|p2a: Zamazenta|82/100 psn|[from] Grassy Terrain\n|-damage|p2a: Zamazenta|69/100 psn|[from] psn\n|upkeep\n|turn|28\n|\n|t:|1782440524\n|move|p2a: Zamazenta|Ice Fang|p1a: Glimmora\n|-crit|p1a: Glimmora\n|-damage|p1a: Glimmora|79/100\n|-activate|p1a: Glimmora|ability: Toxic Debris\n|-sidestart|p2: TheHorrorHare|move: Toxic Spikes\n|move|p1a: Glimmora|Earth Power|p2a: Zamazenta\n|-damage|p2a: Zamazenta|58/100 psn\n|\n|-heal|p2a: Zamazenta|64/100 psn|[from] Grassy Terrain\n|-heal|p1a: Glimmora|85/100|[from] Grassy Terrain\n|-damage|p2a: Zamazenta|52/100 psn|[from] psn\n|-fieldend|move: Grassy Terrain\n|upkeep\n|turn|29\n|\n|t:|1782440533\n|switch|p2a: Gliscor|Gliscor, F|100/100\n|move|p1a: Glimmora|Spiky Shield||[still]\n|-fail|p1a: Glimmora\n|\n|-status|p2a: Gliscor|tox|[from] item: Toxic Orb\n|upkeep\n|turn|30\n|\n|t:|1782440535\n|switch|p1a: Garganacl|Garganacl, M|100/100\n|move|p2a: Gliscor|Swords Dance|p2a: Gliscor\n|-boost|p2a: Gliscor|atk|2\n|\n|upkeep\n|turn|31\n|\n|t:|1782440544\n|move|p2a: Gliscor|Swords Dance|p2a: Gliscor\n|-boost|p2a: Gliscor|atk|2\n|move|p1a: Garganacl|Curse|p1a: Garganacl\n|-unboost|p1a: Garganacl|spe|1\n|-boost|p1a: Garganacl|atk|1\n|-boost|p1a: Garganacl|def|1\n|\n|upkeep\n|turn|32\n|\n|t:|1782440549\n|-terastallize|p1a: Garganacl|Dark\n|move|p2a: Gliscor|Agility|p2a: Gliscor\n|-boost|p2a: Gliscor|spe|2\n|move|p1a: Garganacl|Curse|p1a: Garganacl\n|-unboost|p1a: Garganacl|spe|1\n|-boost|p1a: Garganacl|atk|1\n|-boost|p1a: Garganacl|def|1\n|\n|upkeep\n|turn|33\n|\n|t:|1782440553\n|-terastallize|p2a: Gliscor|Normal\n|move|p2a: Gliscor|Facade|p1a: Garganacl\n|-damage|p1a: Garganacl|54/100\n|move|p1a: Garganacl|Salt Cure|p2a: Gliscor\n|-crit|p2a: Gliscor\n|-damage|p2a: Gliscor|62/100 tox\n|-start|p2a: Gliscor|Salt Cure\n|\n|-heal|p1a: Garganacl|61/100|[from] item: Leftovers\n|-heal|p2a: Gliscor|75/100 tox|[from] ability: Poison Heal\n|-damage|p2a: Gliscor|62/100 tox|[from] Salt Cure\n|-sideend|p2: TheHorrorHare|move: Light Screen\n|upkeep\n|turn|34\n|\n|t:|1782440558\n|move|p2a: Gliscor|Facade|p1a: Garganacl\n|-damage|p1a: Garganacl|16/100\n|move|p1a: Garganacl|Recover|p1a: Garganacl\n|-heal|p1a: Garganacl|66/100\n|\n|-heal|p1a: Garganacl|72/100|[from] item: Leftovers\n|-heal|p2a: Gliscor|75/100 tox|[from] ability: Poison Heal\n|-damage|p2a: Gliscor|62/100 tox|[from] Salt Cure\n|upkeep\n|turn|35\n|\n|t:|1782440585\n|move|p2a: Gliscor|Swords Dance|p2a: Gliscor\n|-boost|p2a: Gliscor|atk|2\n|move|p1a: Garganacl|Curse|p1a: Garganacl\n|-unboost|p1a: Garganacl|spe|1\n|-boost|p1a: Garganacl|atk|1\n|-boost|p1a: Garganacl|def|1\n|\n|-heal|p1a: Garganacl|78/100|[from] item: Leftovers\n|-heal|p2a: Gliscor|75/100 tox|[from] ability: Poison Heal\n|-damage|p2a: Gliscor|62/100 tox|[from] Salt Cure\n|upkeep\n|turn|36\n|\n|t:|1782440587\n|move|p1a: Garganacl|Protect|p1a: Garganacl\n|-singleturn|p1a: Garganacl|Protect\n|move|p2a: Gliscor|Facade|p1a: Garganacl\n|-activate|p1a: Garganacl|move: Protect\n|\n|-heal|p1a: Garganacl|84/100|[from] item: Leftovers\n|-heal|p2a: Gliscor|75/100 tox|[from] ability: Poison Heal\n|-damage|p2a: Gliscor|62/100 tox|[from] Salt Cure\n|upkeep\n|turn|37\n|\n|t:|1782440596\n|move|p2a: Gliscor|Facade|p1a: Garganacl\n|-damage|p1a: Garganacl|37/100\n|move|p1a: Garganacl|Recover|p1a: Garganacl\n|-heal|p1a: Garganacl|87/100\n|\n|-heal|p1a: Garganacl|93/100|[from] item: Leftovers\n|-heal|p2a: Gliscor|75/100 tox|[from] ability: Poison Heal\n|-damage|p2a: Gliscor|62/100 tox|[from] Salt Cure\n|upkeep\n|turn|38\n|\n|t:|1782440601\n|move|p1a: Garganacl|Protect|p1a: Garganacl\n|-singleturn|p1a: Garganacl|Protect\n|move|p2a: Gliscor|Facade|p1a: Garganacl\n|-activate|p1a: Garganacl|move: Protect\n|\n|-heal|p1a: Garganacl|99/100|[from] item: Leftovers\n|-heal|p2a: Gliscor|75/100 tox|[from] ability: Poison Heal\n|-damage|p2a: Gliscor|62/100 tox|[from] Salt Cure\n|upkeep\n|turn|39\n|\n|t:|1782440607\n|move|p2a: Gliscor|Facade|p1a: Garganacl\n|-damage|p1a: Garganacl|45/100\n|move|p1a: Garganacl|Salt Cure|p2a: Gliscor\n|-damage|p2a: Gliscor|33/100 tox\n|\n|-heal|p1a: Garganacl|51/100|[from] item: Leftovers\n|-heal|p2a: Gliscor|45/100 tox|[from] ability: Poison Heal\n|-damage|p2a: Gliscor|33/100 tox|[from] Salt Cure\n|upkeep\n|turn|40\n|\n|t:|1782440612\n|move|p1a: Garganacl|Protect|p1a: Garganacl\n|-singleturn|p1a: Garganacl|Protect\n|move|p2a: Gliscor|Facade|p1a: Garganacl\n|-activate|p1a: Garganacl|move: Protect\n|\n|-heal|p1a: Garganacl|58/100|[from] item: Leftovers\n|-heal|p2a: Gliscor|45/100 tox|[from] ability: Poison Heal\n|-damage|p2a: Gliscor|33/100 tox|[from] Salt Cure\n|upkeep\n|turn|41\n|\n|t:|1782440615\n|move|p2a: Gliscor|Facade|p1a: Garganacl\n|-damage|p1a: Garganacl|6/100\n|move|p1a: Garganacl|Recover|p1a: Garganacl\n|-heal|p1a: Garganacl|56/100\n|\n|-heal|p1a: Garganacl|62/100|[from] item: Leftovers\n|-heal|p2a: Gliscor|45/100 tox|[from] ability: Poison Heal\n|-damage|p2a: Gliscor|33/100 tox|[from] Salt Cure\n|upkeep\n|turn|42\n|\n|t:|1782440620\n|move|p1a: Garganacl|Protect|p1a: Garganacl\n|-singleturn|p1a: Garganacl|Protect\n|move|p2a: Gliscor|Facade|p1a: Garganacl\n|-activate|p1a: Garganacl|move: Protect\n|\n|-heal|p1a: Garganacl|69/100|[from] item: Leftovers\n|-heal|p2a: Gliscor|45/100 tox|[from] ability: Poison Heal\n|-damage|p2a: Gliscor|33/100 tox|[from] Salt Cure\n|upkeep\n|turn|43\n|\n|t:|1782440624\n|move|p2a: Gliscor|Facade|p1a: Garganacl\n|-damage|p1a: Garganacl|16/100\n|move|p1a: Garganacl|Recover|p1a: Garganacl\n|-heal|p1a: Garganacl|66/100\n|\n|-heal|p1a: Garganacl|73/100|[from] item: Leftovers\n|-heal|p2a: Gliscor|45/100 tox|[from] ability: Poison Heal\n|-damage|p2a: Gliscor|33/100 tox|[from] Salt Cure\n|upkeep\n|turn|44\n|\n|t:|1782440628\n|move|p1a: Garganacl|Protect|p1a: Garganacl\n|-singleturn|p1a: Garganacl|Protect\n|move|p2a: Gliscor|Facade|p1a: Garganacl\n|-activate|p1a: Garganacl|move: Protect\n|\n|-heal|p1a: Garganacl|79/100|[from] item: Leftovers\n|-heal|p2a: Gliscor|45/100 tox|[from] ability: Poison Heal\n|-damage|p2a: Gliscor|33/100 tox|[from] Salt Cure\n|upkeep\n|turn|45\n|\n|t:|1782440634\n|move|p2a: Gliscor|Facade|p1a: Garganacl\n|-damage|p1a: Garganacl|30/100\n|move|p1a: Garganacl|Recover|p1a: Garganacl\n|-heal|p1a: Garganacl|80/100\n|\n|-heal|p1a: Garganacl|86/100|[from] item: Leftovers\n|-heal|p2a: Gliscor|45/100 tox|[from] ability: Poison Heal\n|-damage|p2a: Gliscor|33/100 tox|[from] Salt Cure\n|upkeep\n|turn|46\n|\n|t:|1782440638\n|move|p1a: Garganacl|Protect|p1a: Garganacl\n|-singleturn|p1a: Garganacl|Protect\n|move|p2a: Gliscor|Facade|p1a: Garganacl\n|-activate|p1a: Garganacl|move: Protect\n|\n|-heal|p1a: Garganacl|92/100|[from] item: Leftovers\n|-heal|p2a: Gliscor|45/100 tox|[from] ability: Poison Heal\n|-damage|p2a: Gliscor|33/100 tox|[from] Salt Cure\n|upkeep\n|turn|47\n|\n|t:|1782440642\n|move|p2a: Gliscor|Facade|p1a: Garganacl\n|-damage|p1a: Garganacl|43/100\n|move|p1a: Garganacl|Recover|p1a: Garganacl\n|-heal|p1a: Garganacl|93/100\n|\n|-heal|p1a: Garganacl|99/100|[from] item: Leftovers\n|-heal|p2a: Gliscor|45/100 tox|[from] ability: Poison Heal\n|-damage|p2a: Gliscor|33/100 tox|[from] Salt Cure\n|upkeep\n|turn|48\n|\n|t:|1782440647\n|move|p1a: Garganacl|Protect|p1a: Garganacl\n|-singleturn|p1a: Garganacl|Protect\n|move|p2a: Gliscor|Facade|p1a: Garganacl\n|-activate|p1a: Garganacl|move: Protect\n|\n|-heal|p1a: Garganacl|100/100|[from] item: Leftovers\n|-heal|p2a: Gliscor|45/100 tox|[from] ability: Poison Heal\n|-damage|p2a: Gliscor|33/100 tox|[from] Salt Cure\n|upkeep\n|turn|49\n|\n|t:|1782440650\n|move|p2a: Gliscor|Facade|p1a: Garganacl\n|-damage|p1a: Garganacl|47/100\n|move|p1a: Garganacl|Salt Cure|p2a: Gliscor\n|-damage|p2a: Gliscor|5/100 tox\n|\n|-heal|p1a: Garganacl|53/100|[from] item: Leftovers\n|-heal|p2a: Gliscor|17/100 tox|[from] ability: Poison Heal\n|-damage|p2a: Gliscor|5/100 tox|[from] Salt Cure\n|upkeep\n|turn|50\n|\n|t:|1782440655\n|move|p1a: Garganacl|Protect|p1a: Garganacl\n|-singleturn|p1a: Garganacl|Protect\n|move|p2a: Gliscor|Facade|p1a: Garganacl\n|-activate|p1a: Garganacl|move: Protect\n|\n|-heal|p1a: Garganacl|59/100|[from] item: Leftovers\n|-heal|p2a: Gliscor|17/100 tox|[from] ability: Poison Heal\n|-damage|p2a: Gliscor|5/100 tox|[from] Salt Cure\n|upkeep\n|turn|51\n|\n|t:|1782440661\n|move|p2a: Gliscor|Facade|p1a: Garganacl\n|-damage|p1a: Garganacl|12/100\n|move|p1a: Garganacl|Recover|p1a: Garganacl\n|-heal|p1a: Garganacl|62/100\n|\n|-heal|p1a: Garganacl|69/100|[from] item: Leftovers\n|-heal|p2a: Gliscor|17/100 tox|[from] ability: Poison Heal\n|-damage|p2a: Gliscor|5/100 tox|[from] Salt Cure\n|upkeep\n|turn|52\n|\n|t:|1782440665\n|move|p1a: Garganacl|Protect|p1a: Garganacl\n|-singleturn|p1a: Garganacl|Protect\n|move|p2a: Gliscor|Facade|p1a: Garganacl\n|-activate|p1a: Garganacl|move: Protect\n|\n|-heal|p1a: Garganacl|75/100|[from] item: Leftovers\n|-heal|p2a: Gliscor|17/100 tox|[from] ability: Poison Heal\n|-damage|p2a: Gliscor|5/100 tox|[from] Salt Cure\n|upkeep\n|turn|53\n|\n|t:|1782440672\n|move|p2a: Gliscor|Facade|p1a: Garganacl\n|-damage|p1a: Garganacl|20/100\n|move|p1a: Garganacl|Recover|p1a: Garganacl\n|-heal|p1a: Garganacl|70/100\n|\n|-heal|p1a: Garganacl|76/100|[from] item: Leftovers\n|-heal|p2a: Gliscor|17/100 tox|[from] ability: Poison Heal\n|-damage|p2a: Gliscor|5/100 tox|[from] Salt Cure\n|upkeep\n|turn|54\n|\n|t:|1782440677\n|move|p1a: Garganacl|Protect|p1a: Garganacl\n|-singleturn|p1a: Garganacl|Protect\n|move|p2a: Gliscor|Facade|p1a: Garganacl\n|-activate|p1a: Garganacl|move: Protect\n|\n|-heal|p1a: Garganacl|82/100|[from] item: Leftovers\n|-heal|p2a: Gliscor|17/100 tox|[from] ability: Poison Heal\n|-damage|p2a: Gliscor|5/100 tox|[from] Salt Cure\n|upkeep\n|turn|55\n|\n|t:|1782440678\n|move|p2a: Gliscor|Facade|p1a: Garganacl\n|-damage|p1a: Garganacl|28/100\n|move|p1a: Garganacl|Salt Cure|p2a: Gliscor\n|-damage|p2a: Gliscor|0 fnt\n|faint|p2a: Gliscor\n|\n|-heal|p1a: Garganacl|35/100|[from] item: Leftovers\n|upkeep\n|\n|t:|1782440682\n|switch|p2a: Hatterene|Hatterene, F|100/100\n|-status|p2a: Hatterene|psn\n|turn|56\n|\n|t:|1782440691\n|move|p2a: Hatterene|Draining Kiss|p1a: Garganacl\n|-supereffective|p1a: Garganacl\n|-damage|p1a: Garganacl|0 fnt\n|faint|p1a: Garganacl\n|\n|-damage|p2a: Hatterene|88/100 psn|[from] psn\n|upkeep\n|\n|t:|1782440693\n|switch|p1a: Glimmora|Glimmora, M|85/100\n|turn|57\n|\n|t:|1782440697\n|switch|p2a: Zamazenta|Zamazenta|52/100 psn\n|move|p1a: Glimmora|Earth Power|p2a: Zamazenta\n|-damage|p2a: Zamazenta|32/100 psn\n|\n|-damage|p2a: Zamazenta|20/100 psn|[from] psn\n|upkeep\n|turn|58\n|\n|t:|1782440705\n|move|p2a: Zamazenta|Light Screen|p2a: Zamazenta\n|-sidestart|p2: TheHorrorHare|move: Light Screen\n|move|p1a: Glimmora|Earth Power|p2a: Zamazenta\n|-damage|p2a: Zamazenta|9/100 psn\n|\n|-damage|p2a: Zamazenta|0 fnt|[from] psn\n|faint|p2a: Zamazenta\n|upkeep\n|\n|t:|1782440707\n|switch|p2a: Hatterene|Hatterene, F|88/100 psn\n|turn|59\n|-message|TheHorrorHare forfeited.\n|\n|win|fivetomatoes\n|raw|fivetomatoes's rating: 1650 &rarr; <strong>1667</strong><br />(+17 for winning)\n|raw|TheHorrorHare's rating: 1603 &rarr; <strong>1586</strong><br />(-17 for losing)\n|l|☆fivetomatoes\n|player|p1|\n|l|☆TheHorrorHare\n|player|p2|\n", "uploadtime": 1782440850, "views": 12, "formatid": "gen9ou", "rating": 1586, "private": 0, "password": null}