{"id": "gen9ou-2639295901", "format": "[Gen 9] OU", "players": ["beiqianccc", "Kankan14"], "log": "|j|☆beiqianccc\n|j|☆Kankan14\n|t:|1782447838\n|gametype|singles\n|player|p1|beiqianccc|red|\n|player|p2|Kankan14|cyrus|\n|gen|9\n|tier|[Gen 9] OU\n|rule|HP Percentage Mod: HP is shown in percentages\n|rule|Endless Battle Clause: Forcing endless battles is banned\n|rule|Species Clause: Limit one of each Pokémon\n|rule|OHKO Clause: OHKO moves are banned\n|rule|Evasion Items Clause: Evasion items are banned\n|rule|Evasion Moves Clause: Evasion moves are banned\n|rule|Evasion Abilities Clause: Evasion abilities are banned\n|rule|Sleep Moves Clause: Sleep-inducing moves are banned\n|clearpoke\n|poke|p1|Blissey, F|\n|poke|p1|Slowbro, F|\n|poke|p1|Krookodile, F|\n|poke|p1|Dragapult, F|\n|poke|p1|Great Tusk|\n|poke|p1|Corviknight, F|\n|poke|p2|Hoopa|\n|poke|p2|Cinderace, M|\n|poke|p2|Mandibuzz, F|\n|poke|p2|Kyurem|\n|poke|p2|Ting-Lu|\n|poke|p2|Manaphy|\n|teampreview\n|\n|t:|1782447850\n|teamsize|p1|6\n|teamsize|p2|6\n|start\n|switch|p1a: Corviknight|Corviknight, F|100/100\n|switch|p2a: 兔娘雨姐|Cinderace, M|100/100\n|turn|1\n|\n|t:|1782447864\n|switch|p1a: 大智若愚|Slowbro, F|100/100\n|move|p2a: 兔娘雨姐|High Jump Kick|p1a: 大智若愚|[miss]\n|-start|p2a: 兔娘雨姐|typechange|Fighting|[from] ability: Libero\n|-miss|p2a: 兔娘雨姐|p1a: 大智若愚\n|-damage|p2a: 兔娘雨姐|51/100|[from] highjumpkick\n|\n|upkeep\n|turn|2\n|\n|t:|1782447882\n|switch|p1a: 陨石|Blissey, F|100/100\n|move|p2a: 兔娘雨姐|U-turn|p1a: 陨石\n|-damage|p1a: 陨石|75/100\n|\n|t:|1782447889\n|switch|p2a: 祥子|Hoopa|100/100|[from] U-turn\n|\n|-heal|p1a: 陨石|81/100|[from] item: Leftovers\n|upkeep\n|turn|3\n|\n|t:|1782447899\n|move|p2a: 祥子|Calm Mind|p2a: 祥子\n|-boost|p2a: 祥子|spa|1\n|-boost|p2a: 祥子|spd|1\n|move|p1a: 陨石|Thunder Wave|p2a: 祥子|[miss]\n|-miss|p1a: 陨石|p2a: 祥子\n|\n|-heal|p1a: 陨石|87/100|[from] item: Leftovers\n|upkeep\n|turn|4\n|\n|t:|1782447909\n|move|p2a: 祥子|Focus Blast|p1a: 陨石\n|-supereffective|p1a: 陨石\n|-damage|p1a: 陨石|42/100\n|move|p1a: 陨石|Thunder Wave|p2a: 祥子\n|-status|p2a: 祥子|par\n|\n|-heal|p1a: 陨石|48/100|[from] item: Leftovers\n|upkeep\n|turn|5\n|\n|t:|1782447921\n|move|p1a: 陨石|Soft-Boiled|p1a: 陨石\n|-heal|p1a: 陨石|98/100\n|move|p2a: 祥子|Substitute|p2a: 祥子\n|-start|p2a: 祥子|Substitute\n|-damage|p2a: 祥子|76/100 par\n|\n|-heal|p1a: 陨石|100/100|[from] item: Leftovers\n|upkeep\n|turn|6\n|\n|t:|1782447929\n|move|p1a: 陨石|Stealth Rock|p2a: 祥子\n|-sidestart|p2: Kankan14|move: Stealth Rock\n|move|p2a: 祥子|Calm Mind|p2a: 祥子\n|-boost|p2a: 祥子|spa|1\n|-boost|p2a: 祥子|spd|1\n|\n|upkeep\n|turn|7\n|\n|t:|1782447963\n|switch|p1a: 酷酷的鳄鱼|Krookodile, F|100/100\n|-ability|p1a: 酷酷的鳄鱼|Intimidate|boost\n|-immune|p2a: 祥子\n|move|p2a: 祥子|Calm Mind|p2a: 祥子\n|-boost|p2a: 祥子|spa|1\n|-boost|p2a: 祥子|spd|1\n|\n|upkeep\n|turn|8\n|\n|t:|1782447978\n|move|p1a: 酷酷的鳄鱼|Knock Off|p2a: 祥子\n|-supereffective|p2a: 祥子\n|-end|p2a: 祥子|Substitute\n|move|p2a: 祥子|Focus Blast|p1a: 酷酷的鳄鱼\n|-supereffective|p1a: 酷酷的鳄鱼\n|-damage|p1a: 酷酷的鳄鱼|0 fnt\n|faint|p1a: 酷酷的鳄鱼\n|\n|upkeep\n|\n|t:|1782447993\n|switch|p1a: 佐伯龙治|Dragapult, F, shiny|100/100\n|turn|9\n|\n|t:|1782448014\n|move|p1a: 佐伯龙治|Shadow Ball|p2a: 祥子\n|-supereffective|p2a: 祥子\n|-damage|p2a: 祥子|19/100 par\n|-unboost|p2a: 祥子|spd|1\n|-enditem|p2a: 祥子|Aguav Berry|[eat]\n|-heal|p2a: 祥子|52/100 par|[from] item: Aguav Berry\n|-damage|p1a: 佐伯龙治|91/100|[from] item: Life Orb\n|move|p2a: 祥子|Substitute|p2a: 祥子\n|-start|p2a: 祥子|Substitute\n|-damage|p2a: 祥子|27/100 par\n|\n|upkeep\n|turn|10\n|\n|t:|1782448027\n|-terastallize|p1a: 佐伯龙治|Steel\n|move|p1a: 佐伯龙治|Shadow Ball|p2a: 祥子\n|-supereffective|p2a: 祥子\n|-crit|p2a: 祥子\n|-damage|p2a: 祥子|0 fnt\n|faint|p2a: 祥子\n|-damage|p1a: 佐伯龙治|81/100|[from] item: Life Orb\n|\n|upkeep\n|\n|t:|1782448039\n|switch|p2a: 粉色大鸟|Mandibuzz, F, shiny|100/100\n|-damage|p2a: 粉色大鸟|76/100|[from] Stealth Rock\n|turn|11\n|\n|t:|1782448045\n|move|p1a: 佐伯龙治|Fire Blast|p2a: 粉色大鸟\n|-damage|p2a: 粉色大鸟|42/100\n|-damage|p1a: 佐伯龙治|71/100|[from] item: Life Orb\n|move|p2a: 粉色大鸟|Defog|p1a: 佐伯龙治\n|-unboost|p1a: 佐伯龙治|evasion|1\n|-sideend|p2: Kankan14|Stealth Rock|[from] move: Defog|[of] p2a: 粉色大鸟\n|\n|upkeep\n|turn|12\n|\n|t:|1782448058\n|switch|p2a: 青色钥匙坠|Manaphy, shiny|100/100\n|move|p1a: 佐伯龙治|Dragon Dance|p1a: 佐伯龙治\n|-boost|p1a: 佐伯龙治|atk|1\n|-boost|p1a: 佐伯龙治|spe|1\n|\n|upkeep\n|turn|13\n|\n|t:|1782448081\n|move|p1a: 佐伯龙治|Shadow Ball|p2a: 青色钥匙坠\n|-damage|p2a: 青色钥匙坠|63/100\n|-damage|p1a: 佐伯龙治|61/100|[from] item: Life Orb\n|move|p2a: 青色钥匙坠|Tail Glow|p2a: 青色钥匙坠\n|-boost|p2a: 青色钥匙坠|spa|3\n|\n|-heal|p2a: 青色钥匙坠|69/100|[from] item: Leftovers\n|upkeep\n|turn|14\n|\n|t:|1782448089\n|move|p1a: 佐伯龙治|Draco Meteor|p2a: 青色钥匙坠\n|-damage|p2a: 青色钥匙坠|8/100\n|-unboost|p1a: 佐伯龙治|spa|2\n|-damage|p1a: 佐伯龙治|52/100|[from] item: Life Orb\n|move|p2a: 青色钥匙坠|Scald|p1a: 佐伯龙治\n|-damage|p1a: 佐伯龙治|0 fnt\n|faint|p1a: 佐伯龙治\n|\n|-heal|p2a: 青色钥匙坠|14/100|[from] item: Leftovers\n|upkeep\n|\n|t:|1782448106\n|switch|p1a: Corviknight|Corviknight, F|100/100\n|turn|15\n|\n|t:|1782448116\n|move|p2a: 青色钥匙坠|Scald|p1a: Corviknight\n|-damage|p1a: Corviknight|28/100\n|move|p1a: Corviknight|Body Press|p2a: 青色钥匙坠\n|-damage|p2a: 青色钥匙坠|0 fnt\n|faint|p2a: 青色钥匙坠\n|\n|-heal|p1a: Corviknight|34/100|[from] item: Leftovers\n|upkeep\n|\n|t:|1782448128\n|switch|p2a: 白色发动机|Kyurem, shiny|100/100\n|-ability|p2a: 白色发动机|Pressure\n|turn|16\n|\n|t:|1782448136\n|switch|p1a: 陨石|Blissey, F|100/100\n|move|p2a: 白色发动机|Ice Beam|p1a: 陨石\n|-damage|p1a: 陨石|85/100\n|\n|-heal|p1a: 陨石|92/100|[from] item: Leftovers\n|upkeep\n|turn|17\n|\n|t:|1782448145\n|switch|p2a: 兔娘雨姐|Cinderace, M|51/100\n|move|p1a: 陨石|Thunder Wave|p2a: 兔娘雨姐|[miss]\n|-miss|p1a: 陨石|p2a: 兔娘雨姐\n|\n|-heal|p1a: 陨石|98/100|[from] item: Leftovers\n|upkeep\n|turn|18\n|\n|t:|1782448155\n|move|p2a: 兔娘雨姐|U-turn|p1a: 陨石\n|-start|p2a: 兔娘雨姐|typechange|Bug|[from] ability: Libero\n|-damage|p1a: 陨石|61/100\n|\n|t:|1782448163\n|switch|p2a: 青铜垃圾鹿|Ting-Lu, shiny|100/100|[from] U-turn\n|-ability|p2a: 青铜垃圾鹿|Vessel of Ruin\n|move|p1a: 陨石|Thunder Wave|p2a: 青铜垃圾鹿\n|-immune|p2a: 青铜垃圾鹿\n|\n|-heal|p1a: 陨石|67/100|[from] item: Leftovers\n|upkeep\n|turn|19\n|\n|t:|1782448178\n|move|p1a: 陨石|Stealth Rock|p2a: 青铜垃圾鹿\n|-sidestart|p2: Kankan14|move: Stealth Rock\n|move|p2a: 青铜垃圾鹿|Heavy Slam|p1a: 陨石\n|-damage|p1a: 陨石|25/100\n|\n|-heal|p1a: 陨石|32/100|[from] item: Leftovers\n|upkeep\n|turn|20\n|\n|t:|1782448188\n|move|p1a: 陨石|Soft-Boiled|p1a: 陨石\n|-heal|p1a: 陨石|82/100\n|move|p2a: 青铜垃圾鹿|Heavy Slam|p1a: 陨石\n|-crit|p1a: 陨石\n|-damage|p1a: 陨石|10/100\n|\n|-heal|p1a: 陨石|16/100|[from] item: Leftovers\n|upkeep\n|turn|21\n|\n|t:|1782448208\n|move|p1a: 陨石|Soft-Boiled|p1a: 陨石\n|-heal|p1a: 陨石|66/100\n|move|p2a: 青铜垃圾鹿|Stealth Rock|p1a: 陨石\n|-sidestart|p1: beiqianccc|move: Stealth Rock\n|\n|-heal|p1a: 陨石|72/100|[from] item: Leftovers\n|upkeep\n|turn|22\n|\n|t:|1782448218\n|switch|p1a: 大智若愚|Slowbro, F|100/100\n|-damage|p1a: 大智若愚|88/100|[from] Stealth Rock\n|move|p2a: 青铜垃圾鹿|Heavy Slam|p1a: 大智若愚\n|-resisted|p1a: 大智若愚\n|-damage|p1a: 大智若愚|76/100\n|\n|upkeep\n|turn|23\n|\n|t:|1782448239\n|switch|p2a: 白色发动机|Kyurem, shiny|100/100\n|-damage|p2a: 白色发动机|76/100|[from] Stealth Rock\n|-ability|p2a: 白色发动机|Pressure\n|move|p1a: 大智若愚|Surf|p2a: 白色发动机\n|-resisted|p2a: 白色发动机\n|-damage|p2a: 白色发动机|60/100\n|\n|upkeep\n|turn|24\n|\n|t:|1782448255\n|move|p2a: 白色发动机|Freeze-Dry|p1a: 大智若愚\n|-supereffective|p1a: 大智若愚\n|-damage|p1a: 大智若愚|7/100\n|move|p1a: 大智若愚|Body Press|p2a: 白色发动机\n|-supereffective|p2a: 白色发动机\n|-damage|p2a: 白色发动机|12/100\n|\n|upkeep\n|turn|25\n|\n|t:|1782448263\n|switch|p1a: 陨石|Blissey, F|72/100\n|-damage|p1a: 陨石|60/100|[from] Stealth Rock\n|move|p2a: 白色发动机|Freeze-Dry|p1a: 陨石\n|-damage|p1a: 陨石|48/100\n|\n|-heal|p1a: 陨石|54/100|[from] item: Leftovers\n|upkeep\n|turn|26\n|\n|t:|1782448275\n|switch|p2a: 粉色大鸟|Mandibuzz, F, shiny|42/100\n|-damage|p2a: 粉色大鸟|17/100|[from] Stealth Rock\n|move|p1a: 陨石|Soft-Boiled|p1a: 陨石\n|-heal|p1a: 陨石|100/100\n|\n|upkeep\n|turn|27\n|\n|t:|1782448293\n|move|p2a: 粉色大鸟|Roost|p2a: 粉色大鸟\n|-heal|p2a: 粉色大鸟|67/100\n|-singleturn|p2a: 粉色大鸟|move: Roost\n|move|p1a: 陨石|Thunder Wave|p2a: 粉色大鸟\n|-status|p2a: 粉色大鸟|par\n|\n|upkeep\n|turn|28\n|\n|t:|1782448306\n|switch|p1a: 轮胎|Great Tusk|100/100\n|-damage|p1a: 轮胎|98/100|[from] Stealth Rock\n|cant|p2a: 粉色大鸟|par\n|\n|upkeep\n|turn|29\n|\n|t:|1782448325\n|move|p1a: 轮胎|Ice Spinner|p2a: 粉色大鸟\n|-supereffective|p2a: 粉色大鸟\n|-damage|p2a: 粉色大鸟|36/100 par\n|-damage|p1a: 轮胎|81/100|[from] item: Rocky Helmet|[of] p2a: 粉色大鸟\n|cant|p2a: 粉色大鸟|par\n|\n|upkeep\n|turn|30\n|\n|t:|1782448335\n|move|p1a: 轮胎|Ice Spinner|p2a: 粉色大鸟\n|-supereffective|p2a: 粉色大鸟\n|-damage|p2a: 粉色大鸟|3/100 par\n|-damage|p1a: 轮胎|65/100|[from] item: Rocky Helmet|[of] p2a: 粉色大鸟\n|cant|p2a: 粉色大鸟|par\n|\n|upkeep\n|turn|31\n|\n|t:|1782448348\n|switch|p2a: 兔娘雨姐|Cinderace, M|51/100\n|-damage|p2a: 兔娘雨姐|26/100|[from] Stealth Rock\n|move|p1a: 轮胎|Headlong Rush|p2a: 兔娘雨姐\n|-supereffective|p2a: 兔娘雨姐\n|-damage|p2a: 兔娘雨姐|0 fnt\n|-unboost|p1a: 轮胎|def|1\n|-unboost|p1a: 轮胎|spd|1\n|faint|p2a: 兔娘雨姐\n|\n|upkeep\n|\n|t:|1782448359\n|switch|p2a: 青铜垃圾鹿|Ting-Lu, shiny|100/100\n|-damage|p2a: 青铜垃圾鹿|94/100|[from] Stealth Rock\n|-ability|p2a: 青铜垃圾鹿|Vessel of Ruin\n|turn|32\n|\n|t:|1782448380\n|move|p1a: 轮胎|Body Press|p2a: 青铜垃圾鹿\n|-supereffective|p2a: 青铜垃圾鹿\n|-damage|p2a: 青铜垃圾鹿|66/100\n|-enditem|p2a: 青铜垃圾鹿|Weakness Policy\n|-boost|p2a: 青铜垃圾鹿|atk|2|[from] item: Weakness Policy\n|-boost|p2a: 青铜垃圾鹿|spa|2|[from] item: Weakness Policy\n|move|p2a: 青铜垃圾鹿|Earthquake|p1a: 轮胎\n|-damage|p1a: 轮胎|0 fnt\n|faint|p1a: 轮胎\n|-end|p1a: 轮胎|Protosynthesis|[silent]\n|\n|upkeep\n|\n|t:|1782448390\n|switch|p1a: Corviknight|Corviknight, F|34/100\n|-damage|p1a: Corviknight|21/100|[from] Stealth Rock\n|turn|33\n|\n|t:|1782448397\n|move|p1a: Corviknight|Defog|p2a: 青铜垃圾鹿\n|-unboost|p2a: 青铜垃圾鹿|evasion|1\n|-sideend|p2: Kankan14|Stealth Rock|[from] move: Defog|[of] p1a: Corviknight\n|-sideend|p1: beiqianccc|Stealth Rock|[from] move: Defog|[of] p1a: Corviknight\n|move|p2a: 青铜垃圾鹿|Stone Edge|p1a: Corviknight\n|-damage|p1a: Corviknight|0 fnt\n|faint|p1a: Corviknight\n|\n|upkeep\n|\n|t:|1782448406\n|switch|p1a: 大智若愚|Slowbro, F|40/100\n|turn|34\n|\n|t:|1782448416\n|move|p2a: 青铜垃圾鹿|Earthquake|p1a: 大智若愚\n|-damage|p1a: 大智若愚|0 fnt\n|faint|p1a: 大智若愚\n|\n|upkeep\n|\n|t:|1782448420\n|switch|p1a: 陨石|Blissey, F|100/100\n|turn|35\n|-message|beiqianccc forfeited.\n|\n|win|Kankan14\n|l|☆beiqianccc\n|player|p1|\n", "uploadtime": 1782448429, "views": 3, "formatid": "gen9ou", "rating": null, "private": 0, "password": null}