{"id": "gen9ou-2639244437", "format": "[Gen 9] OU", "players": ["almazandwich", "jennster"], "log": "|j|☆almazandwich\n|j|☆jennster\n|t:|1782439599\n|gametype|singles\n|player|p1|almazandwich|102|1378\n|player|p2|jennster|flannery|1311\n|gen|9\n|tier|[Gen 9] OU\n|rated|\n|rule|HP Percentage Mod: HP is shown in percentages\n|rule|Endless Battle Clause: Forcing endless battles is banned\n|rule|Species Clause: Limit one of each Pokémon\n|rule|OHKO Clause: OHKO moves are banned\n|rule|Evasion Items Clause: Evasion items are banned\n|rule|Evasion Moves Clause: Evasion moves are banned\n|rule|Evasion Abilities Clause: Evasion abilities are banned\n|rule|Sleep Moves Clause: Sleep-inducing moves are banned\n|clearpoke\n|poke|p1|Zamazenta-*|\n|poke|p1|Zapdos|\n|poke|p1|Rillaboom, M|\n|poke|p1|Gholdengo|\n|poke|p1|Tyranitar, F|\n|poke|p1|Garchomp, F|\n|poke|p2|Gengar, F|\n|poke|p2|Ninetales-Alola, M|\n|poke|p2|Metagross|\n|poke|p2|Blastoise, M|\n|poke|p2|Dragonite, M|\n|poke|p2|Electivire, M|\n|teampreview\n|\n|t:|1782439617\n|teamsize|p1|6\n|teamsize|p2|6\n|start\n|switch|p1a: Gholdengo|Gholdengo|100/100\n|switch|p2a: Ninetales|Ninetales-Alola, M|100/100\n|-weather|Snowscape|[from] ability: Snow Warning|[of] p2a: Ninetales\n|-item|p1a: Gholdengo|Air Balloon\n|turn|1\n|\n|t:|1782439628\n|switch|p2a: Blastoise|Blastoise, M|100/100\n|move|p1a: Gholdengo|Thunder Wave|p2a: Blastoise|[miss]\n|-miss|p1a: Gholdengo|p2a: Blastoise\n|\n|-weather|Snowscape|[upkeep]\n|upkeep\n|turn|2\n|\n|t:|1782439636\n|move|p1a: Gholdengo|Thunder Wave|p2a: Blastoise\n|-status|p2a: Blastoise|par\n|cant|p2a: Blastoise|par\n|\n|-weather|Snowscape|[upkeep]\n|upkeep\n|turn|3\n|\n|t:|1782439642\n|move|p1a: Gholdengo|Hex|p2a: Blastoise\n|-damage|p2a: Blastoise|48/100 par\n|cant|p2a: Blastoise|par\n|\n|-weather|Snowscape|[upkeep]\n|-heal|p2a: Blastoise|54/100 par|[from] item: Leftovers\n|upkeep\n|turn|4\n|\n|t:|1782439650\n|switch|p2a: Electivire|Electivire, M|100/100\n|-item|p2a: Electivire|Air Balloon\n|move|p1a: Gholdengo|Hex|p2a: Electivire\n|-damage|p2a: Electivire|62/100\n|-enditem|p2a: Electivire|Air Balloon\n|\n|-weather|Snowscape|[upkeep]\n|upkeep\n|turn|5\n|\n|t:|1782439673\n|switch|p1a: Zapdos|Zapdos|100/100\n|move|p2a: Electivire|Knock Off|p1a: Zapdos\n|-damage|p1a: Zapdos|57/100\n|-enditem|p1a: Zapdos|Heavy-Duty Boots|[from] move: Knock Off|[of] p2a: Electivire\n|\n|-weather|none\n|upkeep\n|turn|6\n|\n|t:|1782439681\n|move|p1a: Zapdos|Roost|p1a: Zapdos\n|-heal|p1a: Zapdos|100/100\n|-singleturn|p1a: Zapdos|move: Roost\n|move|p2a: Electivire|Ice Punch|p1a: Zapdos\n|-damage|p1a: Zapdos|66/100\n|\n|upkeep\n|turn|7\n|\n|t:|1782439698\n|switch|p1a: Zamazenta|Zamazenta|100/100\n|-ability|p1a: Zamazenta|Dauntless Shield|boost\n|-boost|p1a: Zamazenta|def|1\n|move|p2a: Electivire|Ice Punch|p1a: Zamazenta\n|-damage|p1a: Zamazenta|83/100\n|\n|upkeep\n|turn|8\n|\n|t:|1782439711\n|switch|p2a: Gengar|Gengar, F|100/100\n|move|p1a: Zamazenta|Crunch|p2a: Gengar\n|-supereffective|p2a: Gengar\n|-enditem|p2a: Gengar|Focus Sash\n|-damage|p2a: Gengar|1/100\n|-start|p1a: Zamazenta|Disable|Crunch|[from] ability: Cursed Body|[of] p2a: Gengar\n|\n|upkeep\n|turn|9\n|\n|t:|1782439721\n|move|p1a: Zamazenta|Heavy Slam|p2a: Gengar\n|-damage|p2a: Gengar|0 fnt\n|faint|p2a: Gengar\n|\n|upkeep\n|-message|jennster forfeited.\n|\n|win|almazandwich\n|raw|almazandwich's rating: 1378 &rarr; <strong>1394</strong><br />(+16 for winning)\n|raw|jennster's rating: 1311 &rarr; <strong>1295</strong><br />(-16 for losing)\n|l|☆jennster\n|player|p2|\n|l|☆almazandwich\n|player|p1|\n", "uploadtime": 1782440034, "views": 8, "formatid": "gen9ou", "rating": 1295, "private": 0, "password": null}