{"id": "gen9ou-2540593027", "format": "[Gen 9] OU", "players": ["tommytt22", "hyonparkdalton"], "log": "|j|☆tommytt22\n|j|☆hyonparkdalton\n|t:|1771223542\n|gametype|singles\n|player|p1|tommytt22|shadowtriad|1569\n|player|p2|hyonparkdalton|yancy|1640\n|gen|9\n|tier|[Gen 9] OU\n|rated|\n|rule|HP Percentage Mod: HP is shown in percentages\n|rule|Endless Battle Clause: Forcing endless battles is banned\n|rule|Species Clause: Limit one of each Pokémon\n|rule|OHKO Clause: OHKO moves are banned\n|rule|Evasion Items Clause: Evasion items are banned\n|rule|Evasion Moves Clause: Evasion moves are banned\n|rule|Evasion Abilities Clause: Evasion abilities are banned\n|rule|Sleep Moves Clause: Sleep-inducing moves are banned\n|clearpoke\n|poke|p1|Ninetales, M|\n|poke|p1|Walking Wake|\n|poke|p1|Ogerpon-Cornerstone, F|\n|poke|p1|Venusaur, F|\n|poke|p1|Glimmora, F|\n|poke|p1|Ceruledge, M|\n|poke|p2|Vikavolt, M|\n|poke|p2|Gholdengo|\n|poke|p2|Ogerpon-Wellspring, F|\n|poke|p2|Gliscor, F|\n|poke|p2|Dragapult, F|\n|poke|p2|Garganacl, F|\n|teampreview\n|j| fifodrummer\n|\n|t:|1771223575\n|teamsize|p1|6\n|teamsize|p2|6\n|start\n|switch|p1a: Ogerpon|Ogerpon-Cornerstone, F|100/100\n|switch|p2a: Ogerpon|Ogerpon-Wellspring, F|100/100\n|turn|1\n|\n|t:|1771223581\n|move|p2a: Ogerpon|Ivy Cudgel|p1a: Ogerpon|[anim] Ivy Cudgel Water\n|-damage|p1a: Ogerpon|29/100\n|move|p1a: Ogerpon|Power Whip|p2a: Ogerpon|[miss]\n|-miss|p1a: Ogerpon|p2a: Ogerpon\n|\n|upkeep\n|turn|2\n|\n|t:|1771223592\n|switch|p1a: Ninetales|Ninetales, M|100/100\n|-weather|SunnyDay|[from] ability: Drought|[of] p1a: Ninetales\n|move|p2a: Ogerpon|Ivy Cudgel|p1a: Ninetales|[anim] Ivy Cudgel Water\n|-supereffective|p1a: Ninetales\n|-damage|p1a: Ninetales|18/100\n|\n|-weather|SunnyDay|[upkeep]\n|upkeep\n|turn|3\n|\n|t:|1771223595\n|switch|p1a: Venusaur|Venusaur, F|100/100\n|move|p2a: Ogerpon|Knock Off|p1a: Venusaur\n|-damage|p1a: Venusaur|47/100\n|-enditem|p1a: Venusaur|Life Orb|[from] move: Knock Off|[of] p2a: Ogerpon\n|\n|-weather|SunnyDay|[upkeep]\n|upkeep\n|turn|4\n|\n|t:|1771223639\n|switch|p2a: Vikavolt|Vikavolt, M|100/100\n|move|p1a: Venusaur|Growth|p1a: Venusaur\n|-boost|p1a: Venusaur|atk|2\n|-boost|p1a: Venusaur|spa|2\n|\n|-weather|SunnyDay|[upkeep]\n|upkeep\n|turn|5\n|\n|t:|1771223646\n|move|p1a: Venusaur|Sludge Bomb|p2a: Vikavolt\n|-damage|p2a: Vikavolt|14/100\n|move|p2a: Vikavolt|Sticky Web|p1a: Venusaur\n|-sidestart|p1: tommytt22|move: Sticky Web\n|\n|-weather|SunnyDay|[upkeep]\n|upkeep\n|turn|6\n|\n|t:|1771223651\n|move|p1a: Venusaur|Giga Drain|p2a: Vikavolt\n|-resisted|p2a: Vikavolt\n|-crit|p2a: Vikavolt\n|-damage|p2a: Vikavolt|0 fnt\n|-heal|p1a: Venusaur|55/100|[from] drain|[of] p2a: Vikavolt\n|faint|p2a: Vikavolt\n|\n|-weather|SunnyDay|[upkeep]\n|upkeep\n|\n|t:|1771223664\n|switch|p2a: Gliscor|Gliscor, F|100/100\n|turn|7\n|\n|t:|1771223670\n|move|p2a: Gliscor|Protect|p2a: Gliscor\n|-singleturn|p2a: Gliscor|Protect\n|move|p1a: Venusaur|Giga Drain|p2a: Gliscor\n|-activate|p2a: Gliscor|move: Protect\n|\n|-weather|SunnyDay|[upkeep]\n|-status|p2a: Gliscor|tox|[from] item: Toxic Orb\n|upkeep\n|turn|8\n|\n|t:|1771223678\n|move|p1a: Venusaur|Giga Drain|p2a: Gliscor\n|-damage|p2a: Gliscor|41/100 tox\n|-heal|p1a: Venusaur|90/100|[from] drain|[of] p2a: Gliscor\n|move|p2a: Gliscor|Facade|p1a: Venusaur\n|-damage|p1a: Venusaur|49/100\n|\n|-weather|SunnyDay|[upkeep]\n|-heal|p2a: Gliscor|53/100 tox|[from] ability: Poison Heal\n|upkeep\n|turn|9\n|\n|t:|1771223686\n|move|p2a: Gliscor|Protect|p2a: Gliscor\n|-singleturn|p2a: Gliscor|Protect\n|move|p1a: Venusaur|Growth|p1a: Venusaur\n|-boost|p1a: Venusaur|atk|2\n|-boost|p1a: Venusaur|spa|2\n|\n|-weather|none\n|-heal|p2a: Gliscor|66/100 tox|[from] ability: Poison Heal\n|upkeep\n|turn|10\n|\n|t:|1771223700\n|switch|p2a: Gholdengo|Gholdengo|100/100\n|move|p1a: Venusaur|Giga Drain|p2a: Gholdengo\n|-resisted|p2a: Gholdengo\n|-damage|p2a: Gholdengo|46/100\n|-heal|p1a: Venusaur|78/100|[from] drain|[of] p2a: Gholdengo\n|\n|upkeep\n|turn|11\n|\n|t:|1771223706\n|move|p2a: Gholdengo|Make It Rain|p1a: Venusaur\n|-damage|p1a: Venusaur|0 fnt\n|-unboost|p2a: Gholdengo|spa|1\n|faint|p1a: Venusaur\n|\n|upkeep\n|\n|t:|1771223720\n|switch|p1a: Ninetales|Ninetales, M|18/100\n|-activate|p1a: Ninetales|move: Sticky Web\n|-unboost|p1a: Ninetales|spe|1\n|-weather|SunnyDay|[from] ability: Drought|[of] p1a: Ninetales\n|turn|12\n|\n|t:|1771223729\n|switch|p2a: Garganacl|Garganacl, F|100/100\n|move|p1a: Ninetales|Healing Wish|p1a: Ninetales\n|faint|p1a: Ninetales\n|\n|-weather|SunnyDay|[upkeep]\n|upkeep\n|\n|t:|1771223743\n|switch|p1a: Walking Wake|Walking Wake|100/100\n|-activate|p1a: Walking Wake|move: Sticky Web\n|-unboost|p1a: Walking Wake|spe|1\n|-activate|p1a: Walking Wake|ability: Protosynthesis\n|-start|p1a: Walking Wake|protosynthesisspa\n|turn|13\n|\n|t:|1771223752\n|switch|p2a: Ogerpon|Ogerpon-Wellspring, F|100/100\n|move|p1a: Walking Wake|Dragon Pulse|p2a: Ogerpon\n|-damage|p2a: Ogerpon|0 fnt\n|faint|p2a: Ogerpon\n|\n|-weather|SunnyDay|[upkeep]\n|upkeep\n|\n|t:|1771223758\n|switch|p2a: Gliscor|Gliscor, F|66/100 tox\n|turn|14\n|\n|t:|1771223761\n|move|p2a: Gliscor|Protect|p2a: Gliscor\n|-singleturn|p2a: Gliscor|Protect\n|move|p1a: Walking Wake|Dragon Pulse|p2a: Gliscor\n|-activate|p2a: Gliscor|move: Protect\n|\n|-weather|SunnyDay|[upkeep]\n|-heal|p2a: Gliscor|78/100 tox|[from] ability: Poison Heal\n|upkeep\n|turn|15\n|\n|t:|1771223784\n|switch|p2a: Gholdengo|Gholdengo|46/100\n|move|p1a: Walking Wake|Dragon Pulse|p2a: Gholdengo\n|-resisted|p2a: Gholdengo\n|-damage|p2a: Gholdengo|0 fnt\n|faint|p2a: Gholdengo\n|\n|-weather|SunnyDay|[upkeep]\n|upkeep\n|\n|t:|1771223800\n|switch|p2a: Dragapult|Dragapult, F|100/100\n|turn|16\n|\n|t:|1771223809\n|-terastallize|p1a: Walking Wake|Water\n|move|p2a: Dragapult|Dragon Darts|p1a: Walking Wake\n|-crit|p1a: Walking Wake\n|-damage|p1a: Walking Wake|45/100\n|-anim|p2a: Dragapult|Dragon Darts|p1a: Walking Wake\n|-damage|p1a: Walking Wake|7/100\n|move|p1a: Walking Wake|Dragon Pulse|p2a: Dragapult\n|-supereffective|p2a: Dragapult\n|-damage|p2a: Dragapult|0 fnt\n|faint|p2a: Dragapult\n|\n|-weather|SunnyDay|[upkeep]\n|upkeep\n|\n|t:|1771223816\n|switch|p2a: Gliscor|Gliscor, F|78/100 tox\n|turn|17\n|\n|t:|1771223819\n|move|p1a: Walking Wake|Dragon Pulse|p2a: Gliscor\n|-damage|p2a: Gliscor|8/100 tox\n|move|p2a: Gliscor|Earthquake|p1a: Walking Wake\n|-damage|p1a: Walking Wake|0 fnt\n|faint|p1a: Walking Wake\n|-end|p1a: Walking Wake|Protosynthesis|[silent]\n|\n|-weather|SunnyDay|[upkeep]\n|-heal|p2a: Gliscor|21/100 tox|[from] ability: Poison Heal\n|upkeep\n|\n|t:|1771223826\n|switch|p1a: Glimmora|Glimmora, F|100/100\n|-activate|p1a: Glimmora|move: Sticky Web\n|-unboost|p1a: Glimmora|spe|1\n|turn|18\n|\n|t:|1771223830\n|move|p2a: Gliscor|Earthquake|p1a: Glimmora\n|-supereffective|p1a: Glimmora\n|-enditem|p1a: Glimmora|Focus Sash\n|-damage|p1a: Glimmora|1/100\n|-activate|p1a: Glimmora|ability: Toxic Debris\n|-sidestart|p2: hyonparkdalton|move: Toxic Spikes\n|move|p1a: Glimmora|Mortal Spin|p2a: Gliscor\n|-resisted|p2a: Gliscor\n|-damage|p2a: Gliscor|18/100 tox\n|-sideend|p1: tommytt22|Sticky Web|[from] move: Mortal Spin|[of] p1a: Glimmora\n|\n|-weather|SunnyDay|[upkeep]\n|-heal|p2a: Gliscor|31/100 tox|[from] ability: Poison Heal\n|upkeep\n|turn|19\n|\n|t:|1771223840\n|move|p2a: Gliscor|Earthquake|p1a: Glimmora\n|-supereffective|p1a: Glimmora\n|-damage|p1a: Glimmora|0 fnt\n|-activate|p1a: Glimmora|ability: Toxic Debris\n|-sidestart|p2: hyonparkdalton|move: Toxic Spikes\n|faint|p1a: Glimmora\n|\n|-weather|none\n|-heal|p2a: Gliscor|43/100 tox|[from] ability: Poison Heal\n|upkeep\n|\n|t:|1771223844\n|switch|p1a: Ogerpon|Ogerpon-Cornerstone, F|29/100\n|-heal|p1a: Ogerpon|100/100|[from] move: Healing Wish\n|turn|20\n|\n|t:|1771223848\n|move|p1a: Ogerpon|Synthesis|p1a: Ogerpon\n|-fail|p1a: Ogerpon|heal\n|move|p2a: Gliscor|Earthquake|p1a: Ogerpon\n|-damage|p1a: Ogerpon|55/100\n|\n|-heal|p2a: Gliscor|56/100 tox|[from] ability: Poison Heal\n|upkeep\n|turn|21\n|\n|t:|1771223856\n|move|p1a: Ogerpon|Power Whip|p2a: Gliscor\n|-damage|p2a: Gliscor|0 fnt\n|faint|p2a: Gliscor\n|\n|upkeep\n|\n|t:|1771223859\n|switch|p2a: Garganacl|Garganacl, F|100/100\n|turn|22\n|\n|t:|1771223862\n|-terastallize|p2a: Garganacl|Dragon\n|move|p1a: Ogerpon|Power Whip|p2a: Garganacl\n|-resisted|p2a: Garganacl\n|-damage|p2a: Garganacl|74/100\n|move|p2a: Garganacl|Curse|p2a: Garganacl\n|-unboost|p2a: Garganacl|spe|1\n|-boost|p2a: Garganacl|atk|1\n|-boost|p2a: Garganacl|def|1\n|\n|-heal|p2a: Garganacl|80/100|[from] item: Leftovers\n|upkeep\n|turn|23\n|\n|t:|1771223870\n|move|p2a: Garganacl|Protect|p2a: Garganacl\n|-singleturn|p2a: Garganacl|Protect\n|move|p1a: Ogerpon|Ivy Cudgel|p2a: Garganacl|[anim] Ivy Cudgel Rock\n|-activate|p2a: Garganacl|move: Protect\n|\n|-heal|p2a: Garganacl|86/100|[from] item: Leftovers\n|upkeep\n|turn|24\n|\n|t:|1771223874\n|move|p1a: Ogerpon|Ivy Cudgel|p2a: Garganacl|[anim] Ivy Cudgel Rock\n|-crit|p2a: Garganacl\n|-damage|p2a: Garganacl|17/100\n|move|p2a: Garganacl|Salt Cure|p1a: Ogerpon\n|-damage|p1a: Ogerpon|29/100\n|-start|p1a: Ogerpon|Salt Cure\n|\n|-heal|p2a: Garganacl|24/100|[from] item: Leftovers\n|-damage|p1a: Ogerpon|16/100|[from] Salt Cure\n|upkeep\n|turn|25\n|\n|t:|1771223883\n|move|p1a: Ogerpon|Ivy Cudgel|p2a: Garganacl|[anim] Ivy Cudgel Rock\n|-damage|p2a: Garganacl|0 fnt\n|faint|p2a: Garganacl\n|\n|win|tommytt22\n|raw|tommytt22's rating: 1569 &rarr; <strong>1593</strong><br />(+24 for winning)\n|raw|hyonparkdalton's rating: 1640 &rarr; <strong>1616</strong><br />(-24 for losing)\n|l|☆tommytt22\n|player|p1|\n|l| fifodrummer\n", "uploadtime": 1771224063, "views": 5, "formatid": "gen9ou", "rating": 1593, "private": 0, "password": null}