{"id": "gen9ou-2647696362", "format": "[Gen 9] OU", "players": ["NoahMines", "Enderian67"], "log": "|j|☆NoahMines\n|j|☆Enderian67\n|t:|1783797784\n|gametype|singles\n|player|p1|NoahMines|acetrainer-gen4dp|\n|player|p2|Enderian67|lida|\n|gen|9\n|tier|[Gen 9] OU\n|rule|HP Percentage Mod: HP is shown in percentages\n|rule|Endless Battle Clause: Forcing endless battles is banned\n|rule|Species Clause: Limit one of each Pokémon\n|rule|OHKO Clause: OHKO moves are banned\n|rule|Evasion Items Clause: Evasion items are banned\n|rule|Evasion Moves Clause: Evasion moves are banned\n|rule|Evasion Abilities Clause: Evasion abilities are banned\n|rule|Sleep Moves Clause: Sleep-inducing moves are banned\n|clearpoke\n|poke|p1|Hatterene, F|\n|poke|p1|Pecharunt|\n|poke|p1|Samurott-Hisui, F|\n|poke|p1|Great Tusk|\n|poke|p1|Porygon-Z|\n|poke|p1|Dragonite, M|\n|poke|p2|Zapdos|\n|poke|p2|Great Tusk|\n|poke|p2|Gholdengo|\n|poke|p2|Kingambit, F|\n|poke|p2|Dragapult, F|\n|poke|p2|Rillaboom, M|\n|teampreview\n|inactive|Battle timer is ON: inactive players will automatically lose when time's up. (requested by NoahMines)\n|\n|t:|1783797790\n|teamsize|p1|6\n|teamsize|p2|6\n|start\n|switch|p1a: Samurai|Samurott-Hisui, F|100/100\n|switch|p2a: Great Tusk|Great Tusk|100/100\n|turn|1\n|\n|t:|1783797797\n|move|p1a: Samurai|Aqua Cutter|p2a: Great Tusk\n|-supereffective|p2a: Great Tusk\n|-damage|p2a: Great Tusk|55/100\n|move|p2a: Great Tusk|Headlong Rush|p1a: Samurai\n|-damage|p1a: Samurai|31/100\n|-unboost|p2a: Great Tusk|def|1\n|-unboost|p2a: Great Tusk|spd|1\n|\n|-heal|p2a: Great Tusk|61/100|[from] item: Leftovers\n|upkeep\n|turn|2\n|\n|t:|1783797804\n|-end|p2a: Great Tusk|Protosynthesis|[silent]\n|switch|p2a: Rillaboom|Rillaboom, M|100/100\n|-fieldstart|move: Grassy Terrain|[from] ability: Grassy Surge|[of] p2a: Rillaboom\n|move|p1a: Samurai|Aqua Cutter|p2a: Rillaboom\n|-resisted|p2a: Rillaboom\n|-damage|p2a: Rillaboom|77/100\n|\n|-heal|p1a: Samurai|37/100|[from] Grassy Terrain\n|-heal|p2a: Rillaboom|83/100|[from] Grassy Terrain\n|upkeep\n|turn|3\n|\n|t:|1783797813\n|move|p1a: Samurai|Sucker Punch|p2a: Rillaboom\n|-damage|p2a: Rillaboom|52/100\n|move|p2a: Rillaboom|Knock Off|p1a: Samurai\n|-resisted|p1a: Samurai\n|-damage|p1a: Samurai|13/100\n|-enditem|p1a: Samurai|Focus Sash|[from] move: Knock Off|[of] p2a: Rillaboom\n|\n|-heal|p1a: Samurai|19/100|[from] Grassy Terrain\n|-heal|p2a: Rillaboom|59/100|[from] Grassy Terrain\n|upkeep\n|turn|4\n|\n|t:|1783797822\n|move|p1a: Samurai|Sucker Punch|p2a: Rillaboom\n|-damage|p2a: Rillaboom|30/100\n|move|p2a: Rillaboom|Drain Punch|p1a: Samurai\n|-supereffective|p1a: Samurai\n|-damage|p1a: Samurai|0 fnt\n|-heal|p2a: Rillaboom|38/100|[from] drain|[of] p1a: Samurai\n|faint|p1a: Samurai\n|\n|-heal|p2a: Rillaboom|44/100|[from] Grassy Terrain\n|upkeep\n|\n|t:|1783797831\n|switch|p1a: Little guy|Pecharunt|100/100\n|turn|5\n|inactive|NoahMines has 270 seconds left.\n|j| XdTheplaguedoctor\n|inactive|NoahMines has 240 seconds left.\n|\n|t:|1783797894\n|move|p1a: Little guy|Shadow Ball|p2a: Rillaboom\n|-damage|p2a: Rillaboom|25/100\n|move|p2a: Rillaboom|Knock Off|p1a: Little guy\n|-supereffective|p1a: Little guy\n|-damage|p1a: Little guy|60/100\n|-damage|p2a: Rillaboom|9/100|[from] item: Rocky Helmet|[of] p1a: Little guy\n|-enditem|p1a: Little guy|Rocky Helmet|[from] move: Knock Off|[of] p2a: Rillaboom\n|\n|-heal|p1a: Little guy|67/100|[from] Grassy Terrain\n|-heal|p2a: Rillaboom|15/100|[from] Grassy Terrain\n|upkeep\n|turn|6\n|\n|t:|1783797901\n|switch|p2a: Kingambit|Kingambit, F|100/100\n|move|p1a: Little guy|Shadow Ball|p2a: Kingambit\n|-resisted|p2a: Kingambit\n|-damage|p2a: Kingambit|88/100\n|\n|-heal|p1a: Little guy|73/100|[from] Grassy Terrain\n|-heal|p2a: Kingambit|94/100|[from] Grassy Terrain\n|-fieldend|move: Grassy Terrain\n|upkeep\n|turn|7\n|\n|t:|1783797912\n|switch|p1a: Tusky|Great Tusk|100/100\n|move|p2a: Kingambit|Swords Dance|p2a: Kingambit\n|-boost|p2a: Kingambit|atk|2\n|\n|upkeep\n|turn|8\n|\n|t:|1783797927\n|-terastallize|p2a: Kingambit|Flying\n|move|p1a: Tusky|Stone Edge|p2a: Kingambit|[miss]\n|-miss|p1a: Tusky|p2a: Kingambit\n|move|p2a: Kingambit|Swords Dance|p2a: Kingambit\n|-boost|p2a: Kingambit|atk|2\n|\n|upkeep\n|turn|9\n|c|☆Enderian67|ohhh shiii\n|\n|t:|1783797941\n|move|p1a: Tusky|Stone Edge|p2a: Kingambit\n|-supereffective|p2a: Kingambit\n|-damage|p2a: Kingambit|46/100\n|move|p2a: Kingambit|Iron Head|p1a: Tusky\n|-damage|p1a: Tusky|0 fnt\n|faint|p1a: Tusky\n|-end|p1a: Tusky|Protosynthesis|[silent]\n|\n|upkeep\n|c| XdTheplaguedoctor|YOUVE GOT THIS LUMI\n|c|☆NoahMines|Damn..... the reads work, just not the rng\n|\n|t:|1783797955\n|switch|p1a: Polygon|Porygon-Z|100/100\n|turn|10\n|\n|t:|1783797958\n|move|p2a: Kingambit|Sucker Punch|p1a: Polygon\n|-damage|p1a: Polygon|0 fnt\n|faint|p1a: Polygon\n|\n|upkeep\n|\n|t:|1783797961\n|switch|p1a: Hat|Hatterene, F|100/100\n|turn|11\n|\n|t:|1783797966\n|move|p2a: Kingambit|Iron Head|p1a: Hat\n|-supereffective|p1a: Hat\n|-damage|p1a: Hat|0 fnt\n|faint|p1a: Hat\n|\n|upkeep\n|\n|t:|1783797969\n|switch|p1a: Just a little guy|Dragonite, M|100/100\n|turn|12\n|\n|t:|1783797974\n|move|p1a: Just a little guy|Extreme Speed|p2a: Kingambit\n|-damage|p2a: Kingambit|19/100\n|-damage|p1a: Just a little guy|91/100|[from] item: Life Orb\n|move|p2a: Kingambit|Iron Head|p1a: Just a little guy\n|-damage|p1a: Just a little guy|0 fnt\n|faint|p1a: Just a little guy\n|\n|upkeep\n|l| XdTheplaguedoctor\n|c|☆Enderian67|life orb broke multiscale\n|c|☆NoahMines|Bruh\n|c|☆NoahMines|.........\n|c|☆Enderian67|all I needed\n|c|☆NoahMines|God this sucks.... gg\n|inactive|NoahMines has 270 seconds left.\n|j| XdTheplaguedoctor\n|-message|NoahMines forfeited.\n|\n|win|Enderian67\n|l|☆NoahMines\n|player|p1|\n|c|☆Enderian67|ggs wp\n", "uploadtime": 1783798005, "views": 12, "formatid": "gen9ou", "rating": null, "private": 0, "password": null}