{"id": "gen9ou-2540802305", "format": "[Gen 9] OU", "players": ["tb poke", "flandre727"], "log": "|j|☆tb poke\n|j|☆flandre727\n|t:|1771255562\n|gametype|singles\n|player|p1|tb poke|169|1554\n|player|p2|flandre727|dawn-gen4pt|1633\n|gen|9\n|tier|[Gen 9] OU\n|rated|\n|rule|HP Percentage Mod: HP is shown in percentages\n|rule|Endless Battle Clause: Forcing endless battles is banned\n|rule|Species Clause: Limit one of each Pokémon\n|rule|OHKO Clause: OHKO moves are banned\n|rule|Evasion Items Clause: Evasion items are banned\n|rule|Evasion Moves Clause: Evasion moves are banned\n|rule|Evasion Abilities Clause: Evasion abilities are banned\n|rule|Sleep Moves Clause: Sleep-inducing moves are banned\n|clearpoke\n|poke|p1|Dragonite, F|\n|poke|p1|Hatterene, F|\n|poke|p1|Samurott-Hisui, F|\n|poke|p1|Great Tusk|\n|poke|p1|Gholdengo|\n|poke|p1|Glimmora, F|\n|poke|p2|Gliscor, F|\n|poke|p2|Alomomola, F|\n|poke|p2|Pecharunt|\n|poke|p2|Great Tusk|\n|poke|p2|Weavile, F|\n|poke|p2|Iron Crown|\n|teampreview\n|c|☆flandre727|hf\n|\n|t:|1771255599\n|teamsize|p1|6\n|teamsize|p2|6\n|start\n|switch|p1a: Samurott|Samurott-Hisui, F|100/100\n|switch|p2a: Great Tusk|Great Tusk|100/100\n|turn|1\n|inactive|Battle timer is ON: inactive players will automatically lose when time's up. (requested by tb poke)\n|\n|t:|1771255606\n|switch|p1a: Hatterene|Hatterene, F|100/100\n|move|p2a: Great Tusk|Headlong Rush|p1a: Hatterene\n|-damage|p1a: Hatterene|54/100\n|-unboost|p2a: Great Tusk|def|1\n|-unboost|p2a: Great Tusk|spd|1\n|\n|-heal|p1a: Hatterene|60/100|[from] item: Leftovers\n|upkeep\n|turn|2\n|c|☆tb poke|u2\n|\n|t:|1771255613\n|-end|p2a: Great Tusk|Protosynthesis|[silent]\n|switch|p2a: Iron Crown|Iron Crown|100/100\n|move|p1a: Hatterene|Draining Kiss|p2a: Iron Crown\n|-resisted|p2a: Iron Crown\n|-damage|p2a: Iron Crown|89/100\n|-heal|p1a: Hatterene|69/100|[from] drain|[of] p2a: Iron Crown\n|\n|-heal|p1a: Hatterene|75/100|[from] item: Leftovers\n|upkeep\n|turn|3\n|\n|t:|1771255618\n|switch|p1a: Samurott|Samurott-Hisui, F|100/100\n|move|p2a: Iron Crown|Volt Switch|p1a: Samurott\n|-supereffective|p1a: Samurott\n|-damage|p1a: Samurott|54/100\n|\n|t:|1771255622\n|-end|p2a: Iron Crown|Quark Drive|[silent]\n|switch|p2a: Great Tusk|Great Tusk|100/100|[from] Volt Switch\n|\n|upkeep\n|turn|4\n|\n|t:|1771255625\n|move|p2a: Great Tusk|Headlong Rush|p1a: Samurott\n|-damage|p1a: Samurott|0 fnt\n|-unboost|p2a: Great Tusk|def|1\n|-unboost|p2a: Great Tusk|spd|1\n|faint|p1a: Samurott\n|\n|upkeep\n|\n|t:|1771255628\n|switch|p1a: Gholdengo|Gholdengo|100/100\n|turn|5\n|\n|t:|1771255633\n|-end|p2a: Great Tusk|Protosynthesis|[silent]\n|switch|p2a: Alomomola|Alomomola, F|100/100\n|move|p1a: Gholdengo|Shadow Ball|p2a: Alomomola\n|-crit|p2a: Alomomola\n|-damage|p2a: Alomomola|69/100\n|-unboost|p2a: Alomomola|spd|1\n|\n|upkeep\n|turn|6\n|\n|t:|1771255640\n|switch|p1a: Hatterene|Hatterene, F|75/100\n|move|p2a: Alomomola|Flip Turn|p1a: Hatterene\n|-damage|p1a: Hatterene|61/100\n|\n|t:|1771255643\n|switch|p2a: Iron Crown|Iron Crown|89/100|[from] Flip Turn\n|\n|-heal|p1a: Hatterene|67/100|[from] item: Leftovers\n|upkeep\n|turn|7\n|\n|t:|1771255647\n|switch|p1a: Great Tusk|Great Tusk|100/100\n|move|p2a: Iron Crown|Tachyon Cutter|p1a: Great Tusk\n|-damage|p1a: Great Tusk|49/100\n|-damage|p1a: Great Tusk|0 fnt\n|faint|p1a: Great Tusk\n|-end|p1a: Great Tusk|Protosynthesis|[silent]\n|-hitcount|p1: Great Tusk|2\n|\n|upkeep\n|\n|t:|1771255649\n|switch|p1a: Gholdengo|Gholdengo|100/100\n|turn|8\n|\n|t:|1771255657\n|-end|p2a: Iron Crown|Quark Drive|[silent]\n|switch|p2a: Alomomola|Alomomola, F|100/100\n|move|p1a: Gholdengo|Shadow Ball|p2a: Alomomola\n|-damage|p2a: Alomomola|79/100\n|\n|upkeep\n|turn|9\n|\n|t:|1771255660\n|switch|p1a: Hatterene|Hatterene, F|67/100\n|move|p2a: Alomomola|Flip Turn|p1a: Hatterene\n|-damage|p1a: Hatterene|53/100\n|\n|t:|1771255662\n|switch|p2a: Iron Crown|Iron Crown|89/100|[from] Flip Turn\n|\n|-heal|p1a: Hatterene|59/100|[from] item: Leftovers\n|upkeep\n|turn|10\n|\n|t:|1771255666\n|switch|p1a: Gholdengo|Gholdengo|100/100\n|move|p2a: Iron Crown|Tachyon Cutter|p1a: Gholdengo\n|-resisted|p1a: Gholdengo\n|-damage|p1a: Gholdengo|78/100\n|-resisted|p1a: Gholdengo\n|-damage|p1a: Gholdengo|57/100\n|-hitcount|p1a: Gholdengo|2\n|\n|upkeep\n|turn|11\n|\n|t:|1771255669\n|-end|p2a: Iron Crown|Quark Drive|[silent]\n|switch|p2a: Alomomola|Alomomola, F|100/100\n|move|p1a: Gholdengo|Shadow Ball|p2a: Alomomola\n|-damage|p2a: Alomomola|81/100\n|-unboost|p2a: Alomomola|spd|1\n|\n|upkeep\n|turn|12\n|\n|t:|1771255671\n|move|p1a: Gholdengo|Shadow Ball|p2a: Alomomola\n|-damage|p2a: Alomomola|48/100\n|move|p2a: Alomomola|Flip Turn|p1a: Gholdengo\n|-damage|p1a: Gholdengo|38/100\n|\n|t:|1771255674\n|switch|p2a: Weavile|Weavile, F|100/100|[from] Flip Turn\n|-ability|p2a: Weavile|Pressure\n|\n|upkeep\n|turn|13\n|\n|t:|1771255676\n|move|p1a: Gholdengo|Shadow Ball|p2a: Weavile\n|-resisted|p2a: Weavile\n|-damage|p2a: Weavile|70/100\n|move|p2a: Weavile|Knock Off|p1a: Gholdengo\n|-supereffective|p1a: Gholdengo\n|-damage|p1a: Gholdengo|0 fnt\n|-enditem|p1a: Gholdengo|Choice Scarf|[from] move: Knock Off|[of] p2a: Weavile\n|faint|p1a: Gholdengo\n|\n|upkeep\n|\n|t:|1771255681\n|switch|p1a: Glimmora|Glimmora, F|100/100\n|turn|14\n|\n|t:|1771255689\n|switch|p2a: Alomomola|Alomomola, F|81/100\n|move|p1a: Glimmora|Stealth Rock|p2a: Alomomola\n|-sidestart|p2: flandre727|move: Stealth Rock\n|\n|upkeep\n|turn|15\n|\n|t:|1771255693\n|move|p1a: Glimmora|Mortal Spin|p2a: Alomomola\n|-damage|p2a: Alomomola|76/100\n|-status|p2a: Alomomola|psn\n|move|p2a: Alomomola|Flip Turn|p1a: Glimmora\n|-supereffective|p1a: Glimmora\n|-damage|p1a: Glimmora|57/100\n|-activate|p1a: Glimmora|ability: Toxic Debris\n|-sidestart|p2: flandre727|move: Toxic Spikes\n|\n|t:|1771255694\n|switch|p2a: Iron Crown|Iron Crown|89/100|[from] Flip Turn\n|-damage|p2a: Iron Crown|82/100|[from] Stealth Rock\n|\n|upkeep\n|turn|16\n|\n|t:|1771255699\n|move|p2a: Iron Crown|Tachyon Cutter|p1a: Glimmora\n|-supereffective|p1a: Glimmora\n|-damage|p1a: Glimmora|0 fnt\n|faint|p1a: Glimmora\n|-hitcount|p1: Glimmora|1\n|\n|upkeep\n|\n|t:|1771255702\n|switch|p1a: Dragonite|Dragonite, F|100/100\n|turn|17\n|\n|t:|1771255707\n|move|p2a: Iron Crown|Tachyon Cutter|p1a: Dragonite\n|-damage|p1a: Dragonite|81/100\n|-damage|p1a: Dragonite|42/100\n|-hitcount|p1a: Dragonite|2\n|move|p1a: Dragonite|Dragon Dance|p1a: Dragonite\n|-boost|p1a: Dragonite|atk|1\n|-boost|p1a: Dragonite|spe|1\n|\n|upkeep\n|turn|18\n|\n|t:|1771255713\n|-end|p2a: Iron Crown|Quark Drive|[silent]\n|switch|p2a: Gliscor|Gliscor, F|100/100\n|-damage|p2a: Gliscor|88/100|[from] Stealth Rock\n|move|p1a: Dragonite|Earthquake|p2a: Gliscor\n|-immune|p2a: Gliscor\n|\n|-status|p2a: Gliscor|tox|[from] item: Toxic Orb\n|upkeep\n|turn|19\n|\n|t:|1771255723\n|-terastallize|p2a: Gliscor|Fairy\n|move|p1a: Dragonite|Dragon Dance|p1a: Dragonite\n|-boost|p1a: Dragonite|atk|1\n|-boost|p1a: Dragonite|spe|1\n|move|p2a: Gliscor|Toxic|p1a: Dragonite|[miss]\n|-miss|p2a: Gliscor|p1a: Dragonite\n|\n|-heal|p2a: Gliscor|100/100 tox|[from] ability: Poison Heal\n|upkeep\n|turn|20\n|\n|t:|1771255730\n|-terastallize|p1a: Dragonite|Fairy\n|move|p1a: Dragonite|Tera Blast|p2a: Gliscor|[anim] Tera Blast Fairy\n|-damage|p2a: Gliscor|50/100 tox\n|move|p2a: Gliscor|Toxic|p1a: Dragonite\n|-status|p1a: Dragonite|tox\n|-enditem|p1a: Dragonite|Lum Berry|[eat]\n|-curestatus|p1a: Dragonite|tox|[msg]\n|\n|-heal|p2a: Gliscor|62/100 tox|[from] ability: Poison Heal\n|upkeep\n|turn|21\n|\n|t:|1771255739\n|move|p1a: Dragonite|Dragon Dance|p1a: Dragonite\n|-boost|p1a: Dragonite|atk|1\n|-boost|p1a: Dragonite|spe|1\n|move|p2a: Gliscor|Toxic|p1a: Dragonite\n|-status|p1a: Dragonite|tox\n|\n|-damage|p1a: Dragonite|36/100 tox|[from] psn\n|-heal|p2a: Gliscor|75/100 tox|[from] ability: Poison Heal\n|upkeep\n|turn|22\n|\n|t:|1771255742\n|move|p2a: Gliscor|Protect|p2a: Gliscor\n|-singleturn|p2a: Gliscor|Protect\n|move|p1a: Dragonite|Tera Blast|p2a: Gliscor|[anim] Tera Blast Fairy\n|-activate|p2a: Gliscor|move: Protect\n|\n|-damage|p1a: Dragonite|24/100 tox|[from] psn\n|-heal|p2a: Gliscor|87/100 tox|[from] ability: Poison Heal\n|upkeep\n|turn|23\n|\n|t:|1771255749\n|switch|p2a: Pecharunt|Pecharunt|100/100\n|-sideend|p2: flandre727|move: Toxic Spikes|[of] p2a: Pecharunt\n|move|p1a: Dragonite|Dragon Dance|p1a: Dragonite\n|-boost|p1a: Dragonite|atk|1\n|-boost|p1a: Dragonite|spe|1\n|\n|-damage|p1a: Dragonite|5/100 tox|[from] psn\n|upkeep\n|turn|24\n|\n|t:|1771255756\n|switch|p2a: Gliscor|Gliscor, F, tera:Fairy|87/100 tox\n|-damage|p2a: Gliscor|75/100 tox|[from] Stealth Rock\n|move|p1a: Dragonite|Earthquake|p2a: Gliscor\n|-damage|p2a: Gliscor|5/100 tox\n|\n|-damage|p1a: Dragonite|0 fnt|[from] psn\n|faint|p1a: Dragonite\n|-heal|p2a: Gliscor|17/100 tox|[from] ability: Poison Heal\n|upkeep\n|\n|t:|1771255758\n|switch|p1a: Hatterene|Hatterene, F|59/100\n|turn|25\n|\n|t:|1771255761\n|switch|p2a: Iron Crown|Iron Crown|82/100\n|-damage|p2a: Iron Crown|76/100|[from] Stealth Rock\n|move|p1a: Hatterene|Calm Mind|p1a: Hatterene\n|-boost|p1a: Hatterene|spa|1\n|-boost|p1a: Hatterene|spd|1\n|\n|-heal|p1a: Hatterene|65/100|[from] item: Leftovers\n|upkeep\n|turn|26\n|\n|t:|1771255763\n|move|p2a: Iron Crown|Tachyon Cutter|p1a: Hatterene\n|-supereffective|p1a: Hatterene\n|-damage|p1a: Hatterene|10/100\n|-supereffective|p1a: Hatterene\n|-damage|p1a: Hatterene|0 fnt\n|faint|p1a: Hatterene\n|-hitcount|p1: Hatterene|2\n|\n|win|flandre727\n|raw|tb poke's rating: 1554 &rarr; <strong>1538</strong><br />(-16 for losing)\n|raw|flandre727's rating: 1633 &rarr; <strong>1649</strong><br />(+16 for winning)\n|l|☆tb poke\n|player|p1|\n", "uploadtime": 1771255765, "views": 7, "formatid": "gen9ou", "rating": 1538, "private": 0, "password": null}