{"id": "gen9ou-2639306595", "format": "[Gen 9] OU", "players": ["nube4real", "ika 3"], "log": "|j|☆nube4real\n|j|☆ika 3\n|t:|1782449844\n|gametype|singles\n|player|p1|nube4real|2|1145\n|player|p2|ika 3|265|1186\n|gen|9\n|tier|[Gen 9] OU\n|rated|\n|rule|HP Percentage Mod: HP is shown in percentages\n|rule|Endless Battle Clause: Forcing endless battles is banned\n|rule|Species Clause: Limit one of each Pokémon\n|rule|OHKO Clause: OHKO moves are banned\n|rule|Evasion Items Clause: Evasion items are banned\n|rule|Evasion Moves Clause: Evasion moves are banned\n|rule|Evasion Abilities Clause: Evasion abilities are banned\n|rule|Sleep Moves Clause: Sleep-inducing moves are banned\n|clearpoke\n|poke|p1|Deoxys-Speed|\n|poke|p1|Blastoise, M|\n|poke|p1|Rhyperior, M|\n|poke|p1|Meowscarada, M|\n|poke|p1|Amoonguss, F|\n|poke|p1|Ursaluna, F|\n|poke|p2|Blaziken, M|\n|poke|p2|Slowking-Galar, F|\n|poke|p2|Iron Treads|\n|poke|p2|Landorus-Therian, M|\n|poke|p2|Ogerpon-Wellspring, F|\n|poke|p2|Dragapult, M|\n|teampreview\n|inactive|Battle timer is ON: inactive players will automatically lose when time's up. (requested by nube4real)\n|\n|t:|1782449869\n|teamsize|p1|6\n|teamsize|p2|6\n|start\n|switch|p1a: Deoxys|Deoxys-Speed|100/100\n|switch|p2a: Dragapult|Dragapult, M|100/100\n|-ability|p1a: Deoxys|Pressure\n|turn|1\n|\n|t:|1782449879\n|move|p2a: Dragapult|Shadow Ball|p1a: Deoxys\n|-supereffective|p1a: Deoxys\n|-damage|p1a: Deoxys|7/100\n|-unboost|p1a: Deoxys|spd|1\n|move|p1a: Deoxys|Stealth Rock|p2a: Dragapult\n|-sidestart|p2: ika 3|move: Stealth Rock\n|\n|upkeep\n|turn|2\n|\n|t:|1782449905\n|move|p2a: Dragapult|Shadow Ball|p1a: Deoxys\n|-supereffective|p1a: Deoxys\n|-damage|p1a: Deoxys|0 fnt\n|faint|p1a: Deoxys\n|\n|upkeep\n|inactive|nube4real has 120 seconds left.\n|\n|t:|1782449917\n|switch|p1a: Meowscarada|Meowscarada, M|100/100\n|turn|3\n|inactive|nube4real has 120 seconds left.\n|\n|t:|1782449929\n|switch|p2a: Iron Treads|Iron Treads|100/100\n|-damage|p2a: Iron Treads|97/100|[from] Stealth Rock\n|move|p1a: Meowscarada|Triple Axel|p2a: Iron Treads\n|-start|p1a: Meowscarada|typechange|Ice|[from] ability: Protean\n|-damage|p2a: Iron Treads|91/100\n|-damage|p2a: Iron Treads|76/100\n|-damage|p2a: Iron Treads|53/100\n|-hitcount|p2a: Iron Treads|3\n|\n|upkeep\n|turn|4\n|\n|t:|1782449937\n|move|p2a: Iron Treads|Rapid Spin|p1a: Meowscarada\n|-damage|p1a: Meowscarada|77/100\n|-boost|p2a: Iron Treads|spe|1\n|-sideend|p2: ika 3|Stealth Rock|[from] move: Rapid Spin|[of] p2a: Iron Treads\n|move|p1a: Meowscarada|Trick Room|p1a: Meowscarada\n|-fieldstart|move: Trick Room|[of] p1a: Meowscarada\n|\n|upkeep\n|turn|5\n|\n|t:|1782449945\n|move|p1a: Meowscarada|U-turn|p2a: Iron Treads\n|-resisted|p2a: Iron Treads\n|-damage|p2a: Iron Treads|46/100\n|\n|t:|1782449951\n|switch|p1a: Ursaluna|Ursaluna, F|100/100|[from] U-turn\n|move|p2a: Iron Treads|Knock Off|p1a: Ursaluna\n|-damage|p1a: Ursaluna|79/100\n|-enditem|p1a: Ursaluna|Sitrus Berry|[from] move: Knock Off|[of] p2a: Iron Treads\n|\n|upkeep\n|turn|6\n|inactive|ika 3 has 120 seconds left.\n|\n|t:|1782449993\n|-end|p2a: Iron Treads|Quark Drive|[silent]\n|switch|p2a: Landorus|Landorus-Therian, M|100/100\n|-ability|p2a: Landorus|Intimidate|boost\n|-unboost|p1a: Ursaluna|atk|1\n|move|p1a: Ursaluna|Belly Drum|p1a: Ursaluna\n|-damage|p1a: Ursaluna|29/100\n|-setboost|p1a: Ursaluna|atk|6|[from] move: Belly Drum\n|\n|upkeep\n|turn|7\n|\n|t:|1782450008\n|switch|p2a: Slowking|Slowking-Galar, F|100/100\n|move|p1a: Ursaluna|Drain Punch|p2a: Slowking\n|-resisted|p2a: Slowking\n|-damage|p2a: Slowking|83/100\n|-heal|p1a: Ursaluna|36/100|[from] drain|[of] p2a: Slowking\n|\n|upkeep\n|turn|8\n|\n|t:|1782450017\n|switch|p2a: Landorus|Landorus-Therian, M|100/100\n|-ability|p2a: Landorus|Intimidate|boost\n|-unboost|p1a: Ursaluna|atk|1\n|move|p1a: Ursaluna|Trailblaze|p2a: Landorus\n|-damage|p2a: Landorus|45/100\n|-boost|p1a: Ursaluna|spe|1\n|-damage|p1a: Ursaluna|19/100|[from] item: Rocky Helmet|[of] p2a: Landorus\n|\n|-fieldend|move: Trick Room\n|upkeep\n|turn|9\n|inactive|ika 3 has 120 seconds left.\n|\n|t:|1782450030\n|move|p2a: Landorus|Earthquake|p1a: Ursaluna\n|-damage|p1a: Ursaluna|0 fnt\n|faint|p1a: Ursaluna\n|\n|upkeep\n|\n|t:|1782450038\n|switch|p1a: Blastoise|Blastoise, M|100/100\n|turn|10\n|\n|t:|1782450047\n|move|p2a: Landorus|U-turn|p1a: Blastoise\n|-damage|p1a: Blastoise|76/100\n|\n|t:|1782450049\n|switch|p2a: Ogerpon|Ogerpon-Wellspring, F|100/100|[from] U-turn\n|move|p1a: Blastoise|Shell Smash|p1a: Blastoise\n|-unboost|p1a: Blastoise|def|1\n|-unboost|p1a: Blastoise|spd|1\n|-boost|p1a: Blastoise|atk|2\n|-boost|p1a: Blastoise|spa|2\n|-boost|p1a: Blastoise|spe|2\n|-enditem|p1a: Blastoise|White Herb\n|-clearnegativeboost|p1a: Blastoise|[silent]\n|\n|upkeep\n|turn|11\n|\n|t:|1782450064\n|-terastallize|p1a: Blastoise|Ice\n|move|p1a: Blastoise|Ice Beam|p2a: Ogerpon\n|-damage|p2a: Ogerpon|35/100\n|move|p2a: Ogerpon|Power Whip|p1a: Blastoise\n|-damage|p1a: Blastoise|0 fnt\n|faint|p1a: Blastoise\n|\n|upkeep\n|\n|t:|1782450081\n|switch|p1a: Amoonguss|Amoonguss, F|100/100\n|turn|12\n|-message|nube4real forfeited.\n|\n|win|ika 3\n|raw|nube4real's rating: 1145 &rarr; <strong>1121</strong><br />(-24 for losing)\n|raw|ika 3's rating: 1163 &rarr; <strong>1187</strong><br />(+24 for winning)\n|l|☆nube4real\n|player|p1|\n|l|☆ika 3\n|player|p2|\n", "uploadtime": 1782450451, "views": 4, "formatid": "gen9ou", "rating": 1121, "private": 0, "password": null}