{"id": "gen9ou-2639296214", "format": "[Gen 9] OU", "players": ["jogonzal101", "Mr Tobster"], "log": "|j|☆jogonzal101\n|j|☆Mr Tobster\n|t:|1782447897\n|gametype|singles\n|player|p1|jogonzal101|hilbert|1284\n|player|p2|Mr Tobster|1|1236\n|gen|9\n|tier|[Gen 9] OU\n|rated|\n|rule|HP Percentage Mod: HP is shown in percentages\n|rule|Endless Battle Clause: Forcing endless battles is banned\n|rule|Species Clause: Limit one of each Pokémon\n|rule|OHKO Clause: OHKO moves are banned\n|rule|Evasion Items Clause: Evasion items are banned\n|rule|Evasion Moves Clause: Evasion moves are banned\n|rule|Evasion Abilities Clause: Evasion abilities are banned\n|rule|Sleep Moves Clause: Sleep-inducing moves are banned\n|clearpoke\n|poke|p1|Umbreon, F|\n|poke|p1|Gholdengo|\n|poke|p1|Garchomp, F|\n|poke|p1|Iron Treads|\n|poke|p1|Dragonite, F|\n|poke|p1|Iron Valiant|\n|poke|p2|Ceruledge, F|\n|poke|p2|Glimmora, F|\n|poke|p2|Iron Valiant|\n|poke|p2|Corviknight, M|\n|poke|p2|Great Tusk|\n|poke|p2|Grimmsnarl, M|\n|teampreview\n|\n|t:|1782447903\n|teamsize|p1|6\n|teamsize|p2|6\n|start\n|switch|p1a: Iron Treads|Iron Treads|100/100\n|switch|p2a: Grimmsnarl|Grimmsnarl, M|100/100\n|-item|p1a: Iron Treads|Air Balloon\n|turn|1\n|\n|t:|1782447911\n|move|p2a: Grimmsnarl|Taunt|p1a: Iron Treads\n|-start|p1a: Iron Treads|move: Taunt\n|move|p1a: Iron Treads|Knock Off|p2a: Grimmsnarl\n|-resisted|p2a: Grimmsnarl\n|-damage|p2a: Grimmsnarl|96/100\n|-enditem|p2a: Grimmsnarl|Light Clay|[from] move: Knock Off|[of] p1a: Iron Treads\n|\n|upkeep\n|turn|2\n|inactive|Battle timer is ON: inactive players will automatically lose when time's up. (requested by Mr Tobster)\n|c|☆Mr Tobster|;lasdjl;ksdj\n|\n|t:|1782447942\n|move|p2a: Grimmsnarl|Reflect|p2a: Grimmsnarl\n|-sidestart|p2: Mr Tobster|Reflect\n|move|p1a: Iron Treads|Earthquake|p2a: Grimmsnarl\n|-damage|p2a: Grimmsnarl|79/100\n|\n|upkeep\n|turn|3\n|inactive|jogonzal101 has 120 seconds left.\n|c|☆Mr Tobster|hurry son\n|c|☆Mr Tobster|twin\n|c|☆Mr Tobster|sonion\n|c|☆Mr Tobster|soneybun\n|c|☆jogonzal101|mbmb\n|c|☆Mr Tobster|all good\n|\n|t:|1782447995\n|-end|p1a: Iron Treads|Quark Drive|[silent]\n|switch|p1a: Iron Valiant|Iron Valiant|100/100\n|move|p2a: Grimmsnarl|Light Screen|p2a: Grimmsnarl\n|-sidestart|p2: Mr Tobster|move: Light Screen\n|\n|upkeep\n|turn|4\n|\n|t:|1782447999\n|move|p2a: Grimmsnarl|Parting Shot|p1a: Iron Valiant\n|-unboost|p1a: Iron Valiant|atk|1\n|-unboost|p1a: Iron Valiant|spa|1\n|\n|t:|1782448005\n|switch|p2a: Farmer|Ceruledge, F|100/100|[from] Parting Shot\n|move|p1a: Iron Valiant|Moonblast|p2a: Farmer\n|-resisted|p2a: Farmer\n|-damage|p2a: Farmer|94/100\n|-unboost|p2a: Farmer|spa|1\n|\n|-heal|p2a: Farmer|99/100|[from] item: Leftovers\n|upkeep\n|turn|5\n|inactive|jogonzal101 has 120 seconds left.\n|\n|t:|1782448022\n|-end|p1a: Iron Valiant|Quark Drive|[silent]\n|switch|p1a: Garchomp|Garchomp, F|100/100\n|move|p2a: Farmer|Bulk Up|p2a: Farmer\n|-boost|p2a: Farmer|atk|1\n|-boost|p2a: Farmer|def|1\n|\n|-heal|p2a: Farmer|100/100|[from] item: Leftovers\n|upkeep\n|turn|6\n|\n|t:|1782448030\n|-terastallize|p2a: Farmer|Bug\n|move|p1a: Garchomp|Earthquake|p2a: Farmer\n|-resisted|p2a: Farmer\n|-damage|p2a: Farmer|92/100\n|move|p2a: Farmer|Bulk Up|p2a: Farmer\n|-boost|p2a: Farmer|atk|1\n|-boost|p2a: Farmer|def|1\n|\n|-heal|p2a: Farmer|98/100|[from] item: Leftovers\n|-sideend|p2: Mr Tobster|Reflect\n|upkeep\n|turn|7\n|\n|t:|1782448040\n|move|p2a: Farmer|Bulk Up|p2a: Farmer\n|-boost|p2a: Farmer|atk|1\n|-boost|p2a: Farmer|def|1\n|move|p1a: Garchomp|Dragon Tail|p2a: Farmer|[miss]\n|-miss|p1a: Garchomp|p2a: Farmer\n|\n|-heal|p2a: Farmer|100/100|[from] item: Leftovers\n|-sideend|p2: Mr Tobster|move: Light Screen\n|upkeep\n|turn|8\n|c|☆jogonzal101|are we deadass\n|c|☆Mr Tobster|oh shi\n|c|☆Mr Tobster|i didn't even know either\n|c|☆Mr Tobster|crap\n|\n|t:|1782448063\n|move|p2a: Farmer|Shadow Sneak|p1a: Garchomp\n|-damage|p1a: Garchomp|75/100\n|-damage|p2a: Farmer|88/100|[from] ability: Rough Skin|[of] p1a: Garchomp\n|-damage|p2a: Farmer|71/100|[from] item: Rocky Helmet|[of] p1a: Garchomp\n|move|p1a: Garchomp|Dragon Tail|p2a: Farmer\n|-damage|p2a: Farmer|59/100\n|drag|p2a: Grimmsnarl|Grimmsnarl, M|79/100\n|\n|upkeep\n|turn|9\n|c|☆Mr Tobster|sigh of despair\n|\n|t:|1782448078\n|switch|p1a: Gholdengo|Gholdengo|100/100\n|move|p2a: Grimmsnarl|Parting Shot|p1a: Gholdengo\n|-immune|p1a: Gholdengo|[from] ability: Good as Gold\n|\n|upkeep\n|turn|10\n|c|☆Mr Tobster|RAHHH\n|c|☆jogonzal101|hehehe\n|inactive|Mr Tobster has 120 seconds left.\n|\n|t:|1782448095\n|switch|p2a: Great Tusk|Great Tusk|100/100\n|-enditem|p2a: Great Tusk|Booster Energy\n|-activate|p2a: Great Tusk|ability: Protosynthesis|[fromitem]\n|-start|p2a: Great Tusk|protosynthesisatk\n|move|p1a: Gholdengo|Make It Rain|p2a: Great Tusk\n|-damage|p2a: Great Tusk|8/100\n|-unboost|p1a: Gholdengo|spa|1\n|\n|upkeep\n|turn|11\n|c|☆Mr Tobster|WAT\n|inactive|Mr Tobster has 120 seconds left.\n|\n|t:|1782448111\n|move|p1a: Gholdengo|Make It Rain|p2a: Great Tusk\n|-damage|p2a: Great Tusk|0 fnt\n|-unboost|p1a: Gholdengo|spa|1\n|faint|p2a: Great Tusk\n|-end|p2a: Great Tusk|Protosynthesis|[silent]\n|\n|upkeep\n|c|☆jogonzal101|yea tusk has like base 60 spdef\n|c|☆Mr Tobster|yeah he physical def good tho\n|c|☆jogonzal101|yurr\n|c|☆Mr Tobster|not good for this\n|inactive|Mr Tobster has 90 seconds left.\n|\n|t:|1782448143\n|switch|p2a: Glimmora|Glimmora, F|100/100\n|turn|12\n|\n|t:|1782448150\n|move|p2a: Glimmora|Earth Power|p1a: Gholdengo\n|-supereffective|p1a: Gholdengo\n|-damage|p1a: Gholdengo|32/100\n|move|p1a: Gholdengo|Make It Rain|p2a: Glimmora\n|-supereffective|p2a: Glimmora\n|-damage|p2a: Glimmora|11/100\n|-unboost|p1a: Gholdengo|spa|1\n|\n|upkeep\n|turn|13\n|\n|t:|1782448163\n|switch|p1a: Iron Treads|Iron Treads|100/100\n|-item|p1a: Iron Treads|Air Balloon\n|move|p2a: Glimmora|Earth Power|p1a: Iron Treads\n|-immune|p1a: Iron Treads\n|\n|upkeep\n|turn|14\n|\n|t:|1782448174\n|switch|p2a: Corviknight|Corviknight, M|100/100\n|-end|p1a: Iron Treads|Quark Drive|[silent]\n|switch|p1a: Garchomp|Garchomp, F|75/100\n|\n|upkeep\n|turn|15\n|\n|t:|1782448182\n|move|p1a: Garchomp|Stealth Rock|p2a: Corviknight\n|-sidestart|p2: Mr Tobster|move: Stealth Rock\n|move|p2a: Corviknight|Brave Bird|p1a: Garchomp\n|-damage|p1a: Garchomp|53/100\n|-damage|p2a: Corviknight|88/100|[from] ability: Rough Skin|[of] p1a: Garchomp\n|-damage|p2a: Corviknight|72/100|[from] item: Rocky Helmet|[of] p1a: Garchomp\n|-damage|p2a: Corviknight|64/100|[from] Recoil\n|\n|-heal|p2a: Corviknight|70/100|[from] item: Leftovers\n|upkeep\n|turn|16\n|\n|t:|1782448198\n|move|p1a: Garchomp|Stealth Rock||[still]\n|-fail|p1a: Garchomp\n|move|p2a: Corviknight|Defog|p1a: Garchomp\n|-unboost|p1a: Garchomp|evasion|1\n|-sideend|p2: Mr Tobster|Stealth Rock|[from] move: Defog|[of] p2a: Corviknight\n|\n|-heal|p2a: Corviknight|76/100|[from] item: Leftovers\n|upkeep\n|turn|17\n|\n|t:|1782448207\n|move|p1a: Garchomp|Stealth Rock|p2a: Corviknight\n|-sidestart|p2: Mr Tobster|move: Stealth Rock\n|move|p2a: Corviknight|Bulk Up|p2a: Corviknight\n|-boost|p2a: Corviknight|atk|1\n|-boost|p2a: Corviknight|def|1\n|\n|-heal|p2a: Corviknight|82/100|[from] item: Leftovers\n|upkeep\n|turn|18\n|\n|t:|1782448215\n|move|p2a: Corviknight|Brave Bird|p1a: Garchomp\n|-damage|p1a: Garchomp|18/100\n|-damage|p2a: Corviknight|70/100|[from] ability: Rough Skin|[of] p1a: Garchomp\n|-damage|p2a: Corviknight|53/100|[from] item: Rocky Helmet|[of] p1a: Garchomp\n|-damage|p2a: Corviknight|41/100|[from] Recoil\n|move|p1a: Garchomp|Dragon Tail|p2a: Corviknight\n|-resisted|p2a: Corviknight\n|-damage|p2a: Corviknight|34/100\n|drag|p2a: Grimmsnarl|Grimmsnarl, M|79/100\n|-damage|p2a: Grimmsnarl|67/100|[from] Stealth Rock\n|\n|upkeep\n|turn|19\n|inactive|Mr Tobster has 120 seconds left.\n|\n|t:|1782448234\n|move|p2a: Grimmsnarl|Light Screen|p2a: Grimmsnarl\n|-sidestart|p2: Mr Tobster|move: Light Screen\n|move|p1a: Garchomp|Spikes|p2a: Grimmsnarl\n|-sidestart|p2: Mr Tobster|Spikes\n|\n|upkeep\n|turn|20\n|inactive|Mr Tobster has 120 seconds left.\n|\n|t:|1782448240\n|switch|p1a: Gholdengo|Gholdengo|32/100\n|move|p2a: Grimmsnarl|Reflect|p2a: Grimmsnarl\n|-sidestart|p2: Mr Tobster|Reflect\n|\n|upkeep\n|turn|21\n|inactive|Mr Tobster has 120 seconds left.\n|inactive|Mr Tobster has 90 seconds left.\n|\n|t:|1782448282\n|switch|p2a: Corviknight|Corviknight, M|34/100\n|-damage|p2a: Corviknight|22/100|[from] Stealth Rock\n|move|p1a: Gholdengo|Thunder Wave|p2a: Corviknight\n|-status|p2a: Corviknight|par\n|\n|-heal|p2a: Corviknight|28/100 par|[from] item: Leftovers\n|upkeep\n|turn|22\n|inactive|Mr Tobster has 90 seconds left.\n|inactive|jogonzal101 has 120 seconds left.\n|inactive|jogonzal101 has 90 seconds left.\n|\n|t:|1782448356\n|switch|p1a: Jaymey|Umbreon, F, shiny|100/100\n|move|p2a: Corviknight|Roost|p2a: Corviknight\n|-heal|p2a: Corviknight|78/100 par\n|-singleturn|p2a: Corviknight|move: Roost\n|\n|-heal|p2a: Corviknight|84/100 par|[from] item: Leftovers\n|upkeep\n|turn|23\n|\n|t:|1782448380\n|switch|p1a: Gholdengo|Gholdengo|32/100\n|move|p2a: Corviknight|Defog|p1a: Gholdengo\n|-immune|p1a: Gholdengo|[from] ability: Good as Gold\n|\n|-heal|p2a: Corviknight|90/100 par|[from] item: Leftovers\n|-sideend|p2: Mr Tobster|move: Light Screen\n|upkeep\n|turn|24\n|\n|t:|1782448395\n|move|p1a: Gholdengo|Shadow Ball|p2a: Corviknight\n|-damage|p2a: Corviknight|60/100 par\n|move|p2a: Corviknight|Bulk Up|p2a: Corviknight\n|-boost|p2a: Corviknight|atk|1\n|-boost|p2a: Corviknight|def|1\n|\n|-heal|p2a: Corviknight|66/100 par|[from] item: Leftovers\n|-sideend|p2: Mr Tobster|Reflect\n|upkeep\n|turn|25\n|\n|t:|1782448406\n|move|p1a: Gholdengo|Shadow Ball|p2a: Corviknight\n|-damage|p2a: Corviknight|37/100 par\n|move|p2a: Corviknight|Roost|p2a: Corviknight\n|-heal|p2a: Corviknight|87/100 par\n|-singleturn|p2a: Corviknight|move: Roost\n|\n|-heal|p2a: Corviknight|93/100 par|[from] item: Leftovers\n|upkeep\n|turn|26\n|\n|t:|1782448430\n|move|p1a: Gholdengo|Shadow Ball|p2a: Corviknight\n|-damage|p2a: Corviknight|64/100 par\n|-ability|p2a: Corviknight|Mirror Armor\n|-unboost|p1a: Gholdengo|spd|1\n|cant|p2a: Corviknight|par\n|\n|-heal|p2a: Corviknight|70/100 par|[from] item: Leftovers\n|upkeep\n|turn|27\n|inactive|jogonzal101 has 60 seconds left.\n|\n|t:|1782448458\n|move|p1a: Gholdengo|Shadow Ball|p2a: Corviknight\n|-damage|p2a: Corviknight|40/100 par\n|move|p2a: Corviknight|Bulk Up|p2a: Corviknight\n|-boost|p2a: Corviknight|atk|1\n|-boost|p2a: Corviknight|def|1\n|\n|-heal|p2a: Corviknight|46/100 par|[from] item: Leftovers\n|upkeep\n|turn|28\n|inactive|jogonzal101 has 60 seconds left.\n|inactive|Mr Tobster has 60 seconds left.\n|\n|t:|1782448485\n|move|p1a: Gholdengo|Shadow Ball|p2a: Corviknight\n|-damage|p2a: Corviknight|18/100 par\n|move|p2a: Corviknight|Roost|p2a: Corviknight\n|-heal|p2a: Corviknight|68/100 par\n|-singleturn|p2a: Corviknight|move: Roost\n|\n|-heal|p2a: Corviknight|74/100 par|[from] item: Leftovers\n|upkeep\n|turn|29\n|inactive|jogonzal101 has 60 seconds left.\n|\n|t:|1782448496\n|switch|p1a: Jaymey|Umbreon, F, shiny|100/100\n|move|p2a: Corviknight|Bulk Up|p2a: Corviknight\n|-boost|p2a: Corviknight|atk|1\n|-boost|p2a: Corviknight|def|1\n|\n|-heal|p2a: Corviknight|80/100 par|[from] item: Leftovers\n|upkeep\n|turn|30\n|inactive|Mr Tobster has 60 seconds left.\n|inactive|jogonzal101 has 60 seconds left.\n|\n|t:|1782448534\n|switch|p1a: Gholdengo|Gholdengo|32/100\n|move|p2a: Corviknight|Brave Bird|p1a: Gholdengo\n|-resisted|p1a: Gholdengo\n|-damage|p1a: Gholdengo|0 fnt\n|faint|p1a: Gholdengo\n|-damage|p2a: Corviknight|72/100 par|[from] Recoil\n|\n|-heal|p2a: Corviknight|78/100 par|[from] item: Leftovers\n|upkeep\n|\n|t:|1782448537\n|switch|p1a: Iron Valiant|Iron Valiant|100/100\n|turn|31\n|\n|t:|1782448548\n|move|p1a: Iron Valiant|Thunderbolt|p2a: Corviknight\n|-supereffective|p2a: Corviknight\n|-damage|p2a: Corviknight|35/100 par\n|move|p2a: Corviknight|Brave Bird|p1a: Iron Valiant\n|-supereffective|p1a: Iron Valiant\n|-damage|p1a: Iron Valiant|0 fnt\n|faint|p1a: Iron Valiant\n|-end|p1a: Iron Valiant|Quark Drive|[silent]\n|-damage|p2a: Corviknight|11/100 par|[from] Recoil\n|\n|-heal|p2a: Corviknight|17/100 par|[from] item: Leftovers\n|upkeep\n|\n|t:|1782448569\n|switch|p1a: Jaymey|Umbreon, F, shiny|100/100\n|turn|32\n|\n|t:|1782448575\n|move|p1a: Jaymey|Foul Play|p2a: Corviknight\n|-damage|p2a: Corviknight|0 fnt\n|faint|p2a: Corviknight\n|\n|upkeep\n|\n|t:|1782448584\n|switch|p2a: Iron Valiant|Iron Valiant|100/100\n|-damage|p2a: Iron Valiant|94/100|[from] Stealth Rock\n|-damage|p2a: Iron Valiant|82/100|[from] Spikes\n|-enditem|p2a: Iron Valiant|Booster Energy\n|-activate|p2a: Iron Valiant|ability: Quark Drive|[fromitem]\n|-start|p2a: Iron Valiant|quarkdrivespe\n|turn|33\n|\n|t:|1782448590\n|-terastallize|p1a: Jaymey|Poison\n|move|p2a: Iron Valiant|Focus Blast|p1a: Jaymey|[miss]\n|-miss|p2a: Iron Valiant|p1a: Jaymey\n|move|p1a: Jaymey|Toxic|p2a: Iron Valiant\n|-status|p2a: Iron Valiant|tox\n|\n|-damage|p2a: Iron Valiant|76/100 tox|[from] psn\n|upkeep\n|turn|34\n|inactive|jogonzal101 has 60 seconds left.\n|c|☆Mr Tobster|and i missed too\n|c|☆Mr Tobster|wow\n|\n|t:|1782448601\n|move|p2a: Iron Valiant|Thunderbolt|p1a: Jaymey\n|-damage|p1a: Jaymey|81/100\n|move|p1a: Jaymey|Wish|p1a: Jaymey\n|\n|-heal|p1a: Jaymey|87/100|[from] item: Leftovers\n|-damage|p2a: Iron Valiant|63/100 tox|[from] psn\n|upkeep\n|turn|35\n|\n|t:|1782448611\n|switch|p1a: Garchomp|Garchomp, F|18/100\n|move|p2a: Iron Valiant|Focus Blast|p1a: Garchomp|[miss]\n|-miss|p2a: Iron Valiant|p1a: Garchomp\n|\n|-heal|p1a: Garchomp|65/100|[from] move: Wish|[wisher] Jaymey\n|-damage|p2a: Iron Valiant|45/100 tox|[from] psn\n|upkeep\n|turn|36\n|inactive|Mr Tobster has 90 seconds left.\n|c|☆Mr Tobster|BRO\n|\n|t:|1782448619\n|switch|p1a: Jaymey|Umbreon, F, shiny, tera:Poison|87/100\n|move|p2a: Iron Valiant|Moonblast|p1a: Jaymey\n|-resisted|p1a: Jaymey\n|-damage|p1a: Jaymey|71/100\n|\n|-heal|p1a: Jaymey|77/100|[from] item: Leftovers\n|-damage|p2a: Iron Valiant|20/100 tox|[from] psn\n|upkeep\n|turn|37\n|c|☆jogonzal101|mb\n|\n|t:|1782448627\n|move|p2a: Iron Valiant|Focus Blast|p1a: Jaymey\n|-resisted|p1a: Jaymey\n|-damage|p1a: Jaymey|57/100\n|move|p1a: Jaymey|Wish|p1a: Jaymey\n|\n|-heal|p1a: Jaymey|63/100|[from] item: Leftovers\n|-damage|p2a: Iron Valiant|0 fnt|[from] psn\n|faint|p2a: Iron Valiant\n|-end|p2a: Iron Valiant|Quark Drive|[silent]\n|upkeep\n|\n|t:|1782448635\n|switch|p2a: Farmer|Ceruledge, F, tera:Bug|59/100\n|-damage|p2a: Farmer|34/100|[from] Stealth Rock\n|-damage|p2a: Farmer|22/100|[from] Spikes\n|turn|38\n|\n|t:|1782448642\n|move|p2a: Farmer|Bitter Blade|p1a: Jaymey\n|-damage|p1a: Jaymey|42/100\n|-heal|p2a: Farmer|34/100|[from] drain|[of] p1a: Jaymey\n|move|p1a: Jaymey|Foul Play|p2a: Farmer\n|-damage|p2a: Farmer|0 fnt\n|faint|p2a: Farmer\n|\n|-heal|p1a: Jaymey|92/100|[from] move: Wish|[wisher] Jaymey\n|-heal|p1a: Jaymey|98/100|[from] item: Leftovers\n|upkeep\n|-message|Mr Tobster forfeited.\n|\n|win|jogonzal101\n|raw|jogonzal101's rating: 1284 &rarr; <strong>1306</strong><br />(+22 for winning)\n|raw|Mr Tobster's rating: 1236 &rarr; <strong>1214</strong><br />(-22 for losing)\n|l|☆Mr Tobster\n|player|p2|\n|c|☆jogonzal101|gg\n|l|☆jogonzal101\n|player|p1|\n", "uploadtime": 1782448971, "views": 3, "formatid": "gen9ou", "rating": 1214, "private": 0, "password": null}