{"id": "gen9ou-2647762961", "format": "[Gen 9] OU", "players": ["Aisu_Gochira", "Quickant"], "log": "|j|☆Aisu_Gochira\n|j|☆Quickant\n|t:|1783808297\n|gametype|singles\n|player|p1|Aisu_Gochira|lucas|1183\n|player|p2|Quickant|flannery|1197\n|gen|9\n|tier|[Gen 9] OU\n|rated|\n|rule|HP Percentage Mod: HP is shown in percentages\n|rule|Endless Battle Clause: Forcing endless battles is banned\n|rule|Species Clause: Limit one of each Pokémon\n|rule|OHKO Clause: OHKO moves are banned\n|rule|Evasion Items Clause: Evasion items are banned\n|rule|Evasion Moves Clause: Evasion moves are banned\n|rule|Evasion Abilities Clause: Evasion abilities are banned\n|rule|Sleep Moves Clause: Sleep-inducing moves are banned\n|clearpoke\n|poke|p1|Farigiraf, F|\n|poke|p1|Bellossom, M|\n|poke|p1|Manaphy|\n|poke|p2|Jirachi|\n|poke|p2|Araquanid, F|\n|poke|p2|Morpeko, F|\n|poke|p2|Meowscarada, M|\n|poke|p2|Entei|\n|poke|p2|Dragonite, M|\n|teampreview\n|c|☆Quickant|good luck\n|inactive|Battle timer is ON: inactive players will automatically lose when time's up. (requested by Aisu_Gochira)\n|\n|t:|1783808310\n|teamsize|p1|3\n|teamsize|p2|6\n|start\n|switch|p1a: Manaphy|Manaphy|100/100\n|switch|p2a: Araquanid|Araquanid, F|100/100\n|turn|1\n|\n|t:|1783808317\n|move|p1a: Manaphy|Tail Glow|p1a: Manaphy\n|-boost|p1a: Manaphy|spa|3\n|move|p2a: Araquanid|Sticky Web|p1a: Manaphy\n|-sidestart|p1: Aisu_Gochira|move: Sticky Web\n|\n|upkeep\n|turn|2\n|c|☆Quickant|this a tiktok?\n|\n|t:|1783808338\n|switch|p2a: Jirachi|Jirachi|100/100\n|move|p1a: Manaphy|Alluring Voice|p2a: Jirachi\n|-resisted|p2a: Jirachi\n|-damage|p2a: Jirachi|86/100\n|\n|-heal|p2a: Jirachi|93/100|[from] item: Leftovers\n|upkeep\n|turn|3\n|j| M.GoodLife\n|\n|t:|1783808363\n|-terastallize|p1a: Manaphy|Water\n|move|p1a: Manaphy|Scald|p2a: Jirachi\n|-damage|p2a: Jirachi|31/100\n|move|p2a: Jirachi|Thunder Wave|p1a: Manaphy\n|-status|p1a: Manaphy|par\n|\n|-heal|p2a: Jirachi|37/100|[from] item: Leftovers\n|upkeep\n|turn|4\n|\n|t:|1783808377\n|move|p2a: Jirachi|Wish|p2a: Jirachi\n|move|p1a: Manaphy|Scald|p2a: Jirachi\n|-damage|p2a: Jirachi|0 fnt\n|faint|p2a: Jirachi\n|\n|upkeep\n|l| M.GoodLife\n|\n|t:|1783808390\n|switch|p2a: Morpeko|Morpeko, F|100/100\n|turn|5\n|\n|t:|1783808407\n|move|p2a: Morpeko|Knock Off|p1a: Manaphy\n|-damage|p1a: Manaphy|57/100 par\n|-enditem|p1a: Manaphy|Leftovers|[from] move: Knock Off|[of] p2a: Morpeko\n|-damage|p2a: Morpeko|91/100|[from] item: Life Orb\n|move|p1a: Manaphy|Alluring Voice|p2a: Morpeko\n|-supereffective|p2a: Morpeko\n|-damage|p2a: Morpeko|0 fnt\n|faint|p2a: Morpeko\n|\n|upkeep\n|\n|t:|1783808416\n|switch|p2a: Meowscarada|Meowscarada, M|100/100\n|turn|6\n|\n|t:|1783808428\n|switch|p1a: Farigiraf|Farigiraf, F|100/100\n|-activate|p1a: Farigiraf|move: Sticky Web\n|-unboost|p1a: Farigiraf|spe|1\n|move|p2a: Meowscarada|Flower Trick|p1a: Farigiraf\n|-start|p2a: Meowscarada|typechange|Grass|[from] ability: Protean\n|-crit|p1a: Farigiraf\n|-damage|p1a: Farigiraf|24/100\n|\n|upkeep\n|turn|7\n|\n|t:|1783808436\n|move|p2a: Meowscarada|Flower Trick|p1a: Farigiraf\n|-crit|p1a: Farigiraf\n|-damage|p1a: Farigiraf|0 fnt\n|faint|p1a: Farigiraf\n|\n|upkeep\n|\n|t:|1783808443\n|switch|p1a: Bellossom|Bellossom, M, shiny|100/100\n|-activate|p1a: Bellossom|move: Sticky Web\n|-unboost|p1a: Bellossom|spe|1\n|turn|8\n|\n|t:|1783808447\n|move|p2a: Meowscarada|Flower Trick|p1a: Bellossom\n|-resisted|p1a: Bellossom\n|-crit|p1a: Bellossom\n|-damage|p1a: Bellossom|53/100\n|move|p1a: Bellossom|Quiver Dance|p1a: Bellossom\n|-boost|p1a: Bellossom|spa|1\n|-boost|p1a: Bellossom|spd|1\n|-boost|p1a: Bellossom|spe|1\n|\n|upkeep\n|turn|9\n|\n|t:|1783808457\n|move|p2a: Meowscarada|Flower Trick|p1a: Bellossom\n|-resisted|p1a: Bellossom\n|-crit|p1a: Bellossom\n|-damage|p1a: Bellossom|5/100\n|-enditem|p1a: Bellossom|Sitrus Berry|[eat]\n|-heal|p1a: Bellossom|30/100|[from] item: Sitrus Berry\n|move|p1a: Bellossom|Strength Sap|p2a: Meowscarada\n|-unboost|p2a: Meowscarada|atk|1\n|-heal|p1a: Bellossom|100/100\n|\n|upkeep\n|turn|10\n|\n|t:|1783808469\n|switch|p2a: Entei|Entei|100/100\n|move|p1a: Bellossom|Quiver Dance|p1a: Bellossom\n|-boost|p1a: Bellossom|spa|1\n|-boost|p1a: Bellossom|spd|1\n|-boost|p1a: Bellossom|spe|1\n|\n|upkeep\n|turn|11\n|\n|t:|1783808477\n|move|p1a: Bellossom|Strength Sap|p2a: Entei\n|-unboost|p2a: Entei|atk|1\n|move|p2a: Entei|Will-O-Wisp|p1a: Bellossom\n|-status|p1a: Bellossom|brn\n|\n|-damage|p1a: Bellossom|94/100 brn|[from] brn\n|upkeep\n|turn|12\n|\n|t:|1783808484\n|move|p1a: Bellossom|Quiver Dance|p1a: Bellossom\n|-boost|p1a: Bellossom|spa|1\n|-boost|p1a: Bellossom|spd|1\n|-boost|p1a: Bellossom|spe|1\n|move|p2a: Entei|Sacred Fire|p1a: Bellossom\n|-supereffective|p1a: Bellossom\n|-damage|p1a: Bellossom|0 fnt\n|faint|p1a: Bellossom\n|\n|upkeep\n|\n|t:|1783808487\n|switch|p1a: Manaphy|Manaphy, tera:Water|57/100 par\n|-activate|p1a: Manaphy|move: Sticky Web\n|-unboost|p1a: Manaphy|spe|1\n|turn|13\n|-message|Aisu_Gochira forfeited.\n|\n|win|Quickant\n|raw|Aisu_Gochira's rating: 1183 &rarr; <strong>1159</strong><br />(-24 for losing)\n|raw|Quickant's rating: 1197 &rarr; <strong>1221</strong><br />(+24 for winning)\n|l|☆Aisu_Gochira\n|player|p1|\n|l|☆Quickant\n|player|p2|\n", "uploadtime": 1783808783, "views": 13, "formatid": "gen9ou", "rating": 1159, "private": 0, "password": null}