{"id": "gen9ou-2647841448", "format": "[Gen 9] OU", "players": ["mr. mastadon farm", "mastoon"], "log": "|j|☆mr. mastadon farm\n|j|☆mastoon\n|t:|1783822092\n|gametype|singles\n|player|p1|mr. mastadon farm|blaine|1185\n|player|p2|mastoon|hilda-wonderlauncher|1236\n|gen|9\n|tier|[Gen 9] OU\n|rated|\n|rule|HP Percentage Mod: HP is shown in percentages\n|rule|Endless Battle Clause: Forcing endless battles is banned\n|rule|Species Clause: Limit one of each Pokémon\n|rule|OHKO Clause: OHKO moves are banned\n|rule|Evasion Items Clause: Evasion items are banned\n|rule|Evasion Moves Clause: Evasion moves are banned\n|rule|Evasion Abilities Clause: Evasion abilities are banned\n|rule|Sleep Moves Clause: Sleep-inducing moves are banned\n|clearpoke\n|poke|p1|Ditto|\n|poke|p1|Slaking, F|\n|poke|p1|Staraptor, M|\n|poke|p1|Blissey, F|\n|poke|p1|Maushold-Four|\n|poke|p1|Porygon2|\n|poke|p2|Rillaboom, F|\n|poke|p2|Arboliva, M|\n|poke|p2|Hydrapple, M|\n|poke|p2|Lilligant-Hisui, F|\n|poke|p2|Whimsicott, F|\n|poke|p2|Torterra, F|\n|teampreview\n|c|☆mastoon|Eeyyyy\n|inactive|Battle timer is ON: inactive players will automatically lose when time's up. (requested by mastoon)\n|\n|t:|1783822114\n|teamsize|p1|6\n|teamsize|p2|6\n|start\n|switch|p1a: Staraptor|Staraptor, M|100/100\n|switch|p2a: Rillaboom|Rillaboom, F|100/100\n|-ability|p1a: Staraptor|Intimidate|boost\n|-unboost|p2a: Rillaboom|atk|1\n|-fieldstart|move: Grassy Terrain|[from] ability: Grassy Surge|[of] p2a: Rillaboom\n|turn|1\n|\n|t:|1783822120\n|move|p1a: Staraptor|Brave Bird|p2a: Rillaboom\n|-supereffective|p2a: Rillaboom\n|-damage|p2a: Rillaboom|0 fnt\n|faint|p2a: Rillaboom\n|-damage|p1a: Staraptor|64/100|[from] Recoil\n|\n|upkeep\n|\n|t:|1783822130\n|switch|p2a: Whimsicott|Whimsicott, F|100/100\n|turn|2\n|\n|t:|1783822133\n|move|p2a: Whimsicott|Charm|p1a: Staraptor\n|-unboost|p1a: Staraptor|atk|2\n|move|p1a: Staraptor|Brave Bird|p2a: Whimsicott\n|-supereffective|p2a: Whimsicott\n|-damage|p2a: Whimsicott|15/100\n|-damage|p1a: Staraptor|35/100|[from] Recoil\n|\n|-heal|p2a: Whimsicott|21/100|[from] Grassy Terrain\n|upkeep\n|turn|3\n|\n|t:|1783822140\n|switch|p1a: Ditto|Ditto, shiny|100/100\n|-transform|p1a: Ditto|p2a: Whimsicott|[from] ability: Imposter\n|move|p2a: Whimsicott|Stun Spore|p1a: Ditto\n|-immune|p1a: Ditto\n|\n|-heal|p2a: Whimsicott|28/100|[from] Grassy Terrain\n|upkeep\n|turn|4\n|\n|t:|1783822145\n|move|p2a: Whimsicott|Taunt|p1a: Ditto\n|-start|p1a: Ditto|move: Taunt\n|move|p1a: Ditto|Moonblast|p2a: Whimsicott\n|-damage|p2a: Whimsicott|0 fnt\n|faint|p2a: Whimsicott\n|\n|upkeep\n|\n|t:|1783822152\n|switch|p2a: Torterra|Torterra, F|100/100\n|turn|5\n|\n|t:|1783822158\n|switch|p1a: Maushold|Maushold-Four|100/100\n|move|p2a: Torterra|Shell Smash|p2a: Torterra\n|-unboost|p2a: Torterra|def|1\n|-unboost|p2a: Torterra|spd|1\n|-boost|p2a: Torterra|atk|2\n|-boost|p2a: Torterra|spa|2\n|-boost|p2a: Torterra|spe|2\n|-enditem|p2a: Torterra|White Herb\n|-clearnegativeboost|p2a: Torterra|[silent]\n|\n|upkeep\n|turn|6\n|\n|t:|1783822162\n|move|p2a: Torterra|Seed Bomb|p1a: Maushold\n|-damage|p1a: Maushold|0 fnt\n|faint|p1a: Maushold\n|\n|upkeep\n|\n|t:|1783822168\n|switch|p1a: Ditto|Ditto, shiny|100/100\n|-transform|p1a: Ditto|p2a: Torterra|[from] ability: Imposter\n|turn|7\n|\n|t:|1783822178\n|-terastallize|p1a: Ditto|Steel\n|-terastallize|p2a: Torterra|Grass\n|move|p1a: Ditto|Seed Bomb|p2a: Torterra\n|-resisted|p2a: Torterra\n|-damage|p2a: Torterra|53/100\n|move|p2a: Torterra|Seed Bomb|p1a: Ditto\n|-resisted|p1a: Ditto\n|-damage|p1a: Ditto|27/100\n|\n|-heal|p1a: Ditto|33/100|[from] Grassy Terrain\n|-heal|p2a: Torterra|59/100|[from] Grassy Terrain\n|upkeep\n|turn|8\n|\n|t:|1783822188\n|switch|p1a: Staraptor|Staraptor, M|35/100\n|-ability|p1a: Staraptor|Intimidate|boost\n|-unboost|p2a: Torterra|atk|1\n|move|p2a: Torterra|Seed Bomb|p1a: Staraptor\n|-resisted|p1a: Staraptor\n|-damage|p1a: Staraptor|0 fnt\n|faint|p1a: Staraptor\n|\n|-heal|p2a: Torterra|65/100|[from] Grassy Terrain\n|-fieldend|move: Grassy Terrain\n|upkeep\n|\n|t:|1783822195\n|switch|p1a: Porygon2|Porygon2, shiny|100/100\n|-ability|p1a: Porygon2|Overgrow|Trace|[from] ability: Trace|[of] p2a: Torterra\n|turn|9\n|\n|t:|1783822198\n|move|p2a: Torterra|Shell Smash|p2a: Torterra\n|-unboost|p2a: Torterra|def|1\n|-unboost|p2a: Torterra|spd|1\n|-boost|p2a: Torterra|atk|2\n|-boost|p2a: Torterra|spa|2\n|-boost|p2a: Torterra|spe|2\n|move|p1a: Porygon2|Charge Beam|p2a: Torterra\n|-resisted|p2a: Torterra\n|-damage|p2a: Torterra|53/100\n|-boost|p1a: Porygon2|spa|1\n|\n|upkeep\n|turn|10\n|\n|t:|1783822202\n|move|p2a: Torterra|Seed Bomb|p1a: Porygon2\n|-damage|p1a: Porygon2|33/100\n|move|p1a: Porygon2|Ice Beam|p2a: Torterra\n|-supereffective|p2a: Torterra\n|-damage|p2a: Torterra|0 fnt\n|faint|p2a: Torterra\n|\n|upkeep\n|\n|t:|1783822210\n|switch|p2a: Hydrapple|Hydrapple, M|100/100\n|-ability|p2a: Hydrapple|Supersweet Syrup\n|-unboost|p1a: Porygon2|evasion|1\n|turn|11\n|\n|t:|1783822218\n|switch|p1a: Blissey|Blissey, F|100/100\n|move|p2a: Hydrapple|Giga Drain|p1a: Blissey\n|-crit|p1a: Blissey\n|-damage|p1a: Blissey|80/100\n|\n|upkeep\n|turn|12\n|\n|t:|1783822226\n|move|p1a: Blissey|Thunder Wave|p2a: Hydrapple\n|-status|p2a: Hydrapple|par\n|cant|p2a: Hydrapple|par\n|\n|upkeep\n|turn|13\n|\n|t:|1783822231\n|switch|p2a: Lilligant|Lilligant-Hisui, F|100/100\n|move|p1a: Blissey|Stealth Rock|p2a: Lilligant\n|-sidestart|p2: mastoon|move: Stealth Rock\n|\n|upkeep\n|turn|14\n|\n|t:|1783822235\n|move|p2a: Lilligant|Close Combat|p1a: Blissey\n|-supereffective|p1a: Blissey\n|-damage|p1a: Blissey|0 fnt\n|-unboost|p2a: Lilligant|def|1\n|-unboost|p2a: Lilligant|spd|1\n|faint|p1a: Blissey\n|\n|upkeep\n|\n|t:|1783822242\n|switch|p1a: Slaking|Slaking, F|100/100\n|turn|15\n|\n|t:|1783822252\n|move|p2a: Lilligant|Close Combat|p1a: Slaking\n|-supereffective|p1a: Slaking\n|-damage|p1a: Slaking|0 fnt\n|-unboost|p2a: Lilligant|def|1\n|-unboost|p2a: Lilligant|spd|1\n|faint|p1a: Slaking\n|\n|upkeep\n|\n|t:|1783822257\n|switch|p1a: Ditto|Ditto, shiny, tera:Steel|33/100\n|-transform|p1a: Ditto|p2a: Lilligant|[from] ability: Imposter\n|turn|16\n|\n|t:|1783822262\n|move|p1a: Ditto|Poison Jab|p2a: Lilligant\n|-supereffective|p2a: Lilligant\n|-damage|p2a: Lilligant|0 fnt\n|faint|p2a: Lilligant\n|\n|upkeep\n|\n|t:|1783822265\n|switch|p2a: Hydrapple|Hydrapple, M|100/100 par\n|-damage|p2a: Hydrapple|88/100 par|[from] Stealth Rock\n|turn|17\n|\n|t:|1783822269\n|switch|p1a: Porygon2|Porygon2, shiny|33/100\n|-ability|p1a: Porygon2|Supersweet Syrup|Trace|[from] ability: Trace|[of] p2a: Hydrapple\n|-ability|p1a: Porygon2|Supersweet Syrup\n|-unboost|p2a: Hydrapple|evasion|1\n|cant|p2a: Hydrapple|par\n|\n|upkeep\n|turn|18\n|\n|t:|1783822278\n|move|p1a: Porygon2|Recover|p1a: Porygon2\n|-heal|p1a: Porygon2|83/100\n|move|p2a: Hydrapple|Earth Power|p1a: Porygon2\n|-damage|p1a: Porygon2|65/100\n|\n|upkeep\n|turn|19\n|\n|t:|1783822285\n|move|p1a: Porygon2|Recover|p1a: Porygon2\n|-heal|p1a: Porygon2|100/100\n|move|p2a: Hydrapple|Giga Drain|p1a: Porygon2\n|-damage|p1a: Porygon2|79/100\n|-heal|p2a: Hydrapple|99/100 par|[from] drain|[of] p1a: Porygon2\n|\n|upkeep\n|turn|20\n|\n|t:|1783822291\n|move|p1a: Porygon2|Charge Beam|p2a: Hydrapple\n|-resisted|p2a: Hydrapple\n|-damage|p2a: Hydrapple|98/100 par\n|-boost|p1a: Porygon2|spa|1\n|move|p2a: Hydrapple|Fickle Beam|p1a: Porygon2\n|-damage|p1a: Porygon2|52/100\n|\n|upkeep\n|turn|21\n|\n|t:|1783822299\n|move|p1a: Porygon2|Ice Beam|p2a: Hydrapple\n|-supereffective|p2a: Hydrapple\n|-damage|p2a: Hydrapple|6/100 par\n|move|p2a: Hydrapple|Fickle Beam|p1a: Porygon2|[anim] Fickle Beam All Out\n|-activate|p2a: Hydrapple|move: Fickle Beam\n|-damage|p1a: Porygon2|2/100\n|\n|upkeep\n|turn|22\n|\n|t:|1783822307\n|move|p1a: Porygon2|Recover|p1a: Porygon2\n|-heal|p1a: Porygon2|52/100\n|move|p2a: Hydrapple|Giga Drain|p1a: Porygon2\n|-damage|p1a: Porygon2|27/100\n|-heal|p2a: Hydrapple|20/100 par|[from] drain|[of] p1a: Porygon2\n|\n|upkeep\n|turn|23\n|\n|t:|1783822312\n|move|p1a: Porygon2|Recover|p1a: Porygon2\n|-heal|p1a: Porygon2|77/100\n|cant|p2a: Hydrapple|par\n|\n|upkeep\n|turn|24\n|\n|t:|1783822316\n|move|p1a: Porygon2|Recover|p1a: Porygon2\n|-heal|p1a: Porygon2|100/100\n|move|p2a: Hydrapple|Fickle Beam|p1a: Porygon2\n|-damage|p1a: Porygon2|74/100\n|\n|upkeep\n|turn|25\n|\n|t:|1783822319\n|move|p1a: Porygon2|Ice Beam|p2a: Hydrapple\n|-supereffective|p2a: Hydrapple\n|-damage|p2a: Hydrapple|0 fnt\n|faint|p2a: Hydrapple\n|\n|upkeep\n|\n|t:|1783822323\n|switch|p2a: Arboliva|Arboliva, M|100/100\n|-damage|p2a: Arboliva|88/100|[from] Stealth Rock\n|turn|26\n|\n|t:|1783822329\n|move|p1a: Porygon2|Charge Beam|p2a: Arboliva\n|-resisted|p2a: Arboliva\n|-damage|p2a: Arboliva|80/100\n|-boost|p1a: Porygon2|spa|1\n|-fieldstart|move: Grassy Terrain|[from] ability: Seed Sower|[of] p2a: Arboliva\n|move|p2a: Arboliva|Terrain Pulse|p1a: Porygon2\n|-damage|p1a: Porygon2|25/100\n|\n|-heal|p1a: Porygon2|31/100|[from] Grassy Terrain\n|-heal|p2a: Arboliva|86/100|[from] Grassy Terrain\n|-heal|p2a: Arboliva|92/100|[from] item: Leftovers\n|upkeep\n|turn|27\n|\n|t:|1783822337\n|move|p1a: Porygon2|Ice Beam|p2a: Arboliva\n|-supereffective|p2a: Arboliva\n|-damage|p2a: Arboliva|13/100\n|move|p2a: Arboliva|Terrain Pulse|p1a: Porygon2\n|-damage|p1a: Porygon2|0 fnt\n|faint|p1a: Porygon2\n|\n|-heal|p2a: Arboliva|19/100|[from] Grassy Terrain\n|-heal|p2a: Arboliva|25/100|[from] item: Leftovers\n|upkeep\n|\n|t:|1783822343\n|switch|p1a: Ditto|Ditto, shiny, tera:Steel|33/100\n|-transform|p1a: Ditto|p2a: Arboliva|[from] ability: Imposter\n|turn|28\n|\n|t:|1783822348\n|move|p1a: Ditto|Terrain Pulse|p2a: Arboliva\n|-resisted|p2a: Arboliva\n|-damage|p2a: Arboliva|0 fnt\n|faint|p2a: Arboliva\n|\n|win|mr. mastadon farm\n|raw|mr. mastadon farm's rating: 1185 &rarr; <strong>1214</strong><br />(+29 for winning)\n|raw|mastoon's rating: 1236 &rarr; <strong>1207</strong><br />(-29 for losing)\n|c|☆mr. mastadon farm|gg\n|c|☆mastoon|Ggs\n|l|☆mastoon\n|player|p2|\n|l|☆mr. mastadon farm\n|player|p1|\n", "uploadtime": 1783822752, "views": 10, "formatid": "gen9ou", "rating": 1207, "private": 0, "password": null}