{"id": "gen9ou-2647801792", "format": "[Gen 9] OU", "players": ["Kanto's Finest", "rdserf"], "log": "|j|☆Kanto's Finest\n|j|☆rdserf\n|t:|1783815125\n|gametype|singles\n|player|p1|Kanto's Finest|red-masters|1337\n|player|p2|rdserf|102|1282\n|gen|9\n|tier|[Gen 9] OU\n|rated|\n|rule|HP Percentage Mod: HP is shown in percentages\n|rule|Endless Battle Clause: Forcing endless battles is banned\n|rule|Species Clause: Limit one of each Pokémon\n|rule|OHKO Clause: OHKO moves are banned\n|rule|Evasion Items Clause: Evasion items are banned\n|rule|Evasion Moves Clause: Evasion moves are banned\n|rule|Evasion Abilities Clause: Evasion abilities are banned\n|rule|Sleep Moves Clause: Sleep-inducing moves are banned\n|clearpoke\n|poke|p1|Dragonite, F|\n|poke|p1|Dugtrio, M|\n|poke|p1|Vaporeon, F|\n|poke|p1|Hitmonlee, M|\n|poke|p1|Clefable, F|\n|poke|p1|Vileplume, M|\n|poke|p2|Salamence, F|\n|poke|p2|Politoed, M|\n|poke|p2|Toxicroak, F|\n|poke|p2|Bisharp, M|\n|poke|p2|Conkeldurr, M|\n|poke|p2|Floatzel, M|\n|teampreview\n|l|☆Kanto's Finest\n|player|p1|\n|j|☆Kanto's Finest\n|player|p1|Kanto's Finest|red-masters|\n|\n|t:|1783815146\n|teamsize|p1|6\n|teamsize|p2|6\n|start\n|switch|p1a: Celadon|Vaporeon, F|100/100\n|switch|p2a: Bisharp|Bisharp, M|100/100\n|turn|1\n|l|☆Kanto's Finest\n|player|p1|\n|\n|t:|1783815192\n|move|p2a: Bisharp|Taunt|p1a: Celadon\n|-start|p1a: Celadon|move: Taunt\n|move|p1a: Celadon|Whirlpool|p2a: Bisharp\n|-damage|p2a: Bisharp|79/100\n|-activate|p2a: Bisharp|move: Whirlpool|[of] p1a: Celadon\n|\n|-damage|p2a: Bisharp|67/100|[from] move: Whirlpool|[partiallytrapped]\n|upkeep\n|turn|2\n|j|☆Kanto's Finest\n|player|p1|Kanto's Finest|red-masters|\n|\n|t:|1783815203\n|move|p2a: Bisharp|Stealth Rock|p1a: Celadon\n|-sidestart|p1: Kanto's Finest|move: Stealth Rock\n|move|p1a: Celadon|Whirlpool|p2a: Bisharp\n|-damage|p2a: Bisharp|45/100\n|\n|-damage|p2a: Bisharp|33/100|[from] move: Whirlpool|[partiallytrapped]\n|upkeep\n|turn|3\n|\n|t:|1783815221\n|move|p2a: Bisharp|Low Sweep|p1a: Celadon\n|-damage|p1a: Celadon|83/100\n|move|p1a: Celadon|Whirlpool|p2a: Bisharp\n|-damage|p2a: Bisharp|11/100\n|\n|-damage|p2a: Bisharp|0 fnt|[from] move: Whirlpool|[partiallytrapped]\n|faint|p2a: Bisharp\n|-end|p1a: Celadon|move: Taunt\n|upkeep\n|\n|t:|1783815227\n|switch|p2a: Toxicroak|Toxicroak, F|100/100\n|turn|4\n|\n|t:|1783815232\n|move|p2a: Toxicroak|Close Combat|p1a: Celadon\n|-damage|p1a: Celadon|34/100\n|-unboost|p2a: Toxicroak|def|1\n|-unboost|p2a: Toxicroak|spd|1\n|-damage|p2a: Toxicroak|91/100|[from] item: Life Orb\n|move|p1a: Celadon|Wish|p1a: Celadon\n|\n|upkeep\n|turn|5\n|\n|t:|1783815241\n|switch|p1a: Vileplume|Vileplume, M|100/100\n|-damage|p1a: Vileplume|88/100|[from] Stealth Rock\n|move|p2a: Toxicroak|Close Combat|p1a: Vileplume\n|-resisted|p1a: Vileplume\n|-damage|p1a: Vileplume|60/100\n|-unboost|p2a: Toxicroak|def|1\n|-unboost|p2a: Toxicroak|spd|1\n|-damage|p2a: Toxicroak|74/100|[from] item: Rocky Helmet|[of] p1a: Vileplume\n|-damage|p2a: Toxicroak|64/100|[from] item: Life Orb\n|\n|-heal|p1a: Vileplume|100/100|[from] move: Wish|[wisher] Celadon\n|upkeep\n|turn|6\n|\n|t:|1783815248\n|switch|p2a: Politoed|Politoed, M|100/100\n|-weather|RainDance|[from] ability: Drizzle|[of] p2a: Politoed\n|move|p1a: Vileplume|Leech Seed|p2a: Politoed\n|-start|p2a: Politoed|move: Leech Seed\n|\n|-weather|RainDance|[upkeep]\n|-damage|p2a: Politoed|88/100|[from] Leech Seed|[of] p1a: Vileplume\n|upkeep\n|turn|7\n|l|☆Kanto's Finest\n|player|p1|\n|j|☆Kanto's Finest\n|player|p1|Kanto's Finest|red-masters|\n|\n|t:|1783815262\n|switch|p2a: Salamence|Salamence, F|100/100\n|-ability|p2a: Salamence|Intimidate|boost\n|-unboost|p1a: Vileplume|atk|1\n|move|p1a: Vileplume|Giga Drain|p2a: Salamence\n|-resisted|p2a: Salamence\n|-damage|p2a: Salamence|91/100\n|\n|-weather|RainDance|[upkeep]\n|upkeep\n|turn|8\n|\n|t:|1783815266\n|switch|p1a: Celadon|Vaporeon, F|34/100\n|-damage|p1a: Celadon|21/100|[from] Stealth Rock\n|move|p2a: Salamence|Hurricane|p1a: Celadon\n|-damage|p1a: Celadon|0 fnt\n|faint|p1a: Celadon\n|\n|-weather|RainDance|[upkeep]\n|upkeep\n|\n|t:|1783815275\n|switch|p1a: Hitmonlee|Hitmonlee, M|100/100\n|-damage|p1a: Hitmonlee|94/100|[from] Stealth Rock\n|turn|9\n|\n|t:|1783815279\n|switch|p2a: Conkeldurr|Conkeldurr, M|100/100\n|move|p1a: Hitmonlee|Fake Out|p2a: Conkeldurr\n|-enditem|p1a: Hitmonlee|Normal Gem|[from] gem\n|-damage|p2a: Conkeldurr|86/100\n|-damage|p1a: Hitmonlee|78/100|[from] item: Rocky Helmet|[of] p2a: Conkeldurr\n|\n|-weather|RainDance|[upkeep]\n|upkeep\n|turn|10\n|\n|t:|1783815289\n|switch|p2a: Floatzel|Floatzel, M|100/100\n|move|p1a: Hitmonlee|Rapid Spin|p2a: Floatzel\n|-damage|p2a: Floatzel|72/100\n|-boost|p1a: Hitmonlee|spe|1\n|-sideend|p1: Kanto's Finest|Stealth Rock|[from] move: Rapid Spin|[of] p1a: Hitmonlee\n|\n|-weather|RainDance|[upkeep]\n|upkeep\n|turn|11\n|l|☆Kanto's Finest\n|player|p1|\n|j|☆Kanto's Finest\n|player|p1|Kanto's Finest|red-masters|\n|\n|t:|1783815300\n|-terastallize|p2a: Floatzel|Water\n|move|p1a: Hitmonlee|High Jump Kick|p2a: Floatzel\n|-damage|p2a: Floatzel|0 fnt\n|faint|p2a: Floatzel\n|\n|-weather|RainDance|[upkeep]\n|upkeep\n|\n|t:|1783815312\n|switch|p2a: Toxicroak|Toxicroak, F|64/100\n|turn|12\n|\n|t:|1783815314\n|switch|p2a: Conkeldurr|Conkeldurr, M|86/100\n|move|p1a: Hitmonlee|High Jump Kick|p2a: Conkeldurr\n|-damage|p2a: Conkeldurr|33/100\n|-damage|p1a: Hitmonlee|61/100|[from] item: Rocky Helmet|[of] p2a: Conkeldurr\n|\n|-weather|RainDance|[upkeep]\n|upkeep\n|turn|13\n|\n|t:|1783815316\n|move|p1a: Hitmonlee|High Jump Kick|p2a: Conkeldurr\n|-damage|p2a: Conkeldurr|0 fnt\n|-damage|p1a: Hitmonlee|45/100|[from] item: Rocky Helmet|[of] p2a: Conkeldurr\n|faint|p2a: Conkeldurr\n|\n|-weather|none\n|upkeep\n|\n|t:|1783815320\n|switch|p2a: Salamence|Salamence, F|91/100\n|-ability|p2a: Salamence|Intimidate|boost\n|-unboost|p1a: Hitmonlee|atk|1\n|turn|14\n|\n|t:|1783815327\n|move|p1a: Hitmonlee|Knock Off|p2a: Salamence\n|-damage|p2a: Salamence|62/100\n|-enditem|p2a: Salamence|Choice Specs|[from] move: Knock Off|[of] p1a: Hitmonlee\n|move|p2a: Salamence|Flamethrower|p1a: Hitmonlee\n|-damage|p1a: Hitmonlee|15/100\n|\n|upkeep\n|turn|15\n|\n|t:|1783815333\n|move|p1a: Hitmonlee|High Jump Kick|p2a: Salamence|[miss]\n|-miss|p1a: Hitmonlee|p2a: Salamence\n|-damage|p1a: Hitmonlee|0 fnt|[from] highjumpkick\n|faint|p1a: Hitmonlee\n|move|p2a: Salamence|Flamethrower|p1: Hitmonlee|[notarget]\n|-fail|p2a: Salamence\n|\n|upkeep\n|\n|t:|1783815337\n|switch|p1a: Clefable|Clefable, F|100/100\n|turn|16\n|l|☆Kanto's Finest\n|player|p1|\n|j|☆Kanto's Finest\n|player|p1|Kanto's Finest|red-masters|\n|\n|t:|1783815357\n|move|p2a: Salamence|Hurricane|p1a: Clefable\n|-damage|p1a: Clefable|51/100\n|move|p1a: Clefable|Cosmic Power|p1a: Clefable\n|-boost|p1a: Clefable|def|1\n|-boost|p1a: Clefable|spd|1\n|\n|upkeep\n|turn|17\n|\n|t:|1783815376\n|switch|p2a: Politoed|Politoed, M|88/100\n|-weather|RainDance|[from] ability: Drizzle|[of] p2a: Politoed\n|move|p1a: Clefable|Moonlight|p1a: Clefable\n|-heal|p1a: Clefable|76/100\n|\n|-weather|RainDance|[upkeep]\n|upkeep\n|turn|18\n|\n|t:|1783815390\n|move|p2a: Politoed|Haze|p2a: Politoed\n|-clearallboost\n|move|p1a: Clefable|Cosmic Power|p1a: Clefable\n|-boost|p1a: Clefable|def|1\n|-boost|p1a: Clefable|spd|1\n|\n|-weather|RainDance|[upkeep]\n|upkeep\n|turn|19\n|\n|t:|1783815394\n|switch|p2a: Toxicroak|Toxicroak, F|64/100\n|switch|p1a: Diglett Cave|Dugtrio, M|100/100\n|\n|-weather|RainDance|[upkeep]\n|-heal|p2a: Toxicroak|77/100|[from] ability: Dry Skin\n|upkeep\n|turn|20\n|\n|t:|1783815398\n|switch|p2a: Salamence|Salamence, F|62/100\n|-ability|p2a: Salamence|Intimidate|boost\n|-unboost|p1a: Diglett Cave|atk|1\n|move|p1a: Diglett Cave|Earthquake|p2a: Salamence\n|-immune|p2a: Salamence\n|\n|-weather|RainDance|[upkeep]\n|upkeep\n|turn|21\n|\n|t:|1783815401\n|move|p1a: Diglett Cave|Stealth Rock|p2a: Salamence\n|-sidestart|p2: rdserf|move: Stealth Rock\n|move|p2a: Salamence|Hurricane|p1a: Diglett Cave\n|-enditem|p1a: Diglett Cave|Focus Sash\n|-damage|p1a: Diglett Cave|1/100\n|\n|-weather|RainDance|[upkeep]\n|upkeep\n|turn|22\n|\n|t:|1783815404\n|move|p1a: Diglett Cave|Endeavor|p2a: Salamence\n|-damage|p2a: Salamence|1/100\n|move|p2a: Salamence|Hurricane|p1a: Diglett Cave\n|-damage|p1a: Diglett Cave|0 fnt\n|faint|p1a: Diglett Cave\n|\n|-weather|RainDance|[upkeep]\n|upkeep\n|\n|t:|1783815413\n|switch|p1a: Clefable|Clefable, F|76/100\n|turn|23\n|\n|t:|1783815416\n|move|p2a: Salamence|Hurricane|p1a: Clefable\n|-damage|p1a: Clefable|26/100\n|move|p1a: Clefable|Cosmic Power|p1a: Clefable\n|-boost|p1a: Clefable|def|1\n|-boost|p1a: Clefable|spd|1\n|\n|-weather|RainDance|[upkeep]\n|upkeep\n|turn|24\n|\n|t:|1783815422\n|move|p2a: Salamence|Hurricane|p1a: Clefable\n|-damage|p1a: Clefable|0 fnt\n|faint|p1a: Clefable\n|\n|-weather|none\n|upkeep\n|\n|t:|1783815424\n|switch|p1a: Safari Zone|Dragonite, F|100/100\n|turn|25\n|\n|t:|1783815427\n|-terastallize|p1a: Safari Zone|Fire\n|move|p2a: Salamence|Draco Meteor|p1a: Safari Zone\n|-damage|p1a: Safari Zone|63/100\n|-unboost|p2a: Salamence|spa|2\n|move|p1a: Safari Zone|Dragon Dance|p1a: Safari Zone\n|-boost|p1a: Safari Zone|atk|1\n|-boost|p1a: Safari Zone|spe|1\n|\n|upkeep\n|turn|26\n|\n|t:|1783815434\n|move|p1a: Safari Zone|Fire Punch|p2a: Salamence\n|-resisted|p2a: Salamence\n|-crit|p2a: Salamence\n|-damage|p2a: Salamence|0 fnt\n|faint|p2a: Salamence\n|\n|upkeep\n|\n|t:|1783815437\n|switch|p2a: Politoed|Politoed, M|88/100\n|-damage|p2a: Politoed|76/100|[from] Stealth Rock\n|-weather|RainDance|[from] ability: Drizzle|[of] p2a: Politoed\n|turn|27\n|\n|t:|1783815440\n|move|p1a: Safari Zone|Scale Shot|p2a: Politoed\n|-damage|p2a: Politoed|50/100\n|-damage|p2a: Politoed|23/100\n|-damage|p2a: Politoed|0 fnt\n|faint|p2a: Politoed\n|-hitcount|p2: Politoed|3\n|-unboost|p1a: Safari Zone|def|1\n|-boost|p1a: Safari Zone|spe|1\n|\n|-weather|RainDance|[upkeep]\n|upkeep\n|\n|t:|1783815442\n|switch|p2a: Toxicroak|Toxicroak, F|77/100\n|-damage|p2a: Toxicroak|71/100|[from] Stealth Rock\n|turn|28\n|\n|t:|1783815446\n|move|p2a: Toxicroak|Sucker Punch|p1a: Safari Zone\n|-damage|p1a: Safari Zone|19/100\n|-damage|p2a: Toxicroak|61/100|[from] item: Life Orb\n|move|p1a: Safari Zone|Fire Punch|p2a: Toxicroak\n|-damage|p2a: Toxicroak|0 fnt\n|faint|p2a: Toxicroak\n|\n|win|Kanto's Finest\n|raw|Kanto&apos;s Finest's rating: 1337 &rarr; <strong>1354</strong><br />(+17 for winning)\n|raw|rdserf's rating: 1282 &rarr; <strong>1261</strong><br />(-21 for losing)\n|l|☆Kanto's Finest\n|player|p1|\n|l|☆rdserf\n|player|p2|\n", "uploadtime": 1783815813, "views": 3, "formatid": "gen9ou", "rating": 1261, "private": 0, "password": null}