{"id": "gen9ou-2639255333", "format": "[Gen 9] OU", "players": ["CaptainPlover67", "thepeakmons"], "log": "|j|☆CaptainPlover67\n|j|☆thepeakmons\n|t:|1782441194\n|gametype|singles\n|player|p1|CaptainPlover67|supernerd|1273\n|player|p2|thepeakmons|101|1334\n|gen|9\n|tier|[Gen 9] OU\n|rated|\n|rule|HP Percentage Mod: HP is shown in percentages\n|rule|Endless Battle Clause: Forcing endless battles is banned\n|rule|Species Clause: Limit one of each Pokémon\n|rule|OHKO Clause: OHKO moves are banned\n|rule|Evasion Items Clause: Evasion items are banned\n|rule|Evasion Moves Clause: Evasion moves are banned\n|rule|Evasion Abilities Clause: Evasion abilities are banned\n|rule|Sleep Moves Clause: Sleep-inducing moves are banned\n|clearpoke\n|poke|p1|Magnezone|\n|poke|p1|Cinderace, M|\n|poke|p1|Slowking-Galar, F|\n|poke|p1|Ting-Lu|\n|poke|p1|Kyurem|\n|poke|p1|Corviknight, F|\n|poke|p2|Gliscor, M|\n|poke|p2|Gholdengo|\n|poke|p2|Zamazenta-*|\n|poke|p2|Blissey, F|\n|poke|p2|Skarmory, F|\n|poke|p2|Pecharunt|\n|teampreview\n|inactive|Battle timer is ON: inactive players will automatically lose when time's up. (requested by thepeakmons)\n|\n|t:|1782441200\n|teamsize|p1|6\n|teamsize|p2|6\n|start\n|switch|p1a: Ting-Lu|Ting-Lu|100/100\n|switch|p2a: Skarmory|Skarmory, F|100/100\n|-ability|p1a: Ting-Lu|Vessel of Ruin\n|turn|1\n|\n|t:|1782441211\n|switch|p1a: Magnezone|Magnezone|100/100\n|move|p2a: Skarmory|Spikes|p1a: Magnezone\n|-sidestart|p1: CaptainPlover67|Spikes\n|\n|upkeep\n|turn|2\n|\n|t:|1782441221\n|move|p1a: Magnezone|Flash Cannon|p2a: Skarmory\n|-resisted|p2a: Skarmory\n|-damage|p2a: Skarmory|52/100\n|move|p2a: Skarmory|Body Press|p1a: Magnezone\n|-supereffective|p1a: Magnezone\n|-damage|p1a: Magnezone|37/100\n|\n|upkeep\n|turn|3\n|\n|t:|1782441234\n|switch|p1a: Corviknight|Corviknight, F|100/100\n|-ability|p1a: Corviknight|Pressure\n|move|p2a: Skarmory|Roost|p2a: Skarmory\n|-heal|p2a: Skarmory|100/100\n|-singleturn|p2a: Skarmory|move: Roost\n|\n|upkeep\n|turn|4\n|\n|t:|1782441242\n|move|p2a: Skarmory|Spikes|p1a: Corviknight\n|-sidestart|p1: CaptainPlover67|Spikes\n|move|p1a: Corviknight|Iron Defense|p1a: Corviknight\n|-boost|p1a: Corviknight|def|2\n|\n|upkeep\n|turn|5\n|\n|t:|1782441248\n|switch|p2a: Gliscor|Gliscor, M|100/100\n|move|p1a: Corviknight|Body Press|p2a: Gliscor\n|-resisted|p2a: Gliscor\n|-damage|p2a: Gliscor|80/100\n|\n|-status|p2a: Gliscor|tox|[from] item: Toxic Orb\n|upkeep\n|turn|6\n|\n|t:|1782441257\n|move|p2a: Gliscor|Swords Dance|p2a: Gliscor\n|-boost|p2a: Gliscor|atk|2\n|move|p1a: Corviknight|Iron Defense|p1a: Corviknight\n|-boost|p1a: Corviknight|def|2\n|\n|-heal|p2a: Gliscor|93/100 tox|[from] ability: Poison Heal\n|upkeep\n|turn|7\n|\n|t:|1782441266\n|move|p2a: Gliscor|Swords Dance|p2a: Gliscor\n|-boost|p2a: Gliscor|atk|2\n|move|p1a: Corviknight|Iron Defense|p1a: Corviknight\n|-boost|p1a: Corviknight|def|2\n|\n|-heal|p2a: Gliscor|100/100 tox|[from] ability: Poison Heal\n|upkeep\n|turn|8\n|\n|t:|1782441278\n|move|p2a: Gliscor|Protect|p2a: Gliscor\n|-singleturn|p2a: Gliscor|Protect\n|move|p1a: Corviknight|Body Press|p2a: Gliscor\n|-activate|p2a: Gliscor|move: Protect\n|\n|upkeep\n|turn|9\n|\n|t:|1782441301\n|switch|p2a: Gholdengo|Gholdengo|100/100\n|move|p1a: Corviknight|Body Press|p2a: Gholdengo\n|-immune|p2a: Gholdengo\n|\n|upkeep\n|turn|10\n|\n|t:|1782441308\n|move|p2a: Gholdengo|Nasty Plot|p2a: Gholdengo\n|-boost|p2a: Gholdengo|spa|2\n|move|p1a: Corviknight|U-turn|p2a: Gholdengo\n|-resisted|p2a: Gholdengo\n|-crit|p2a: Gholdengo\n|-damage|p2a: Gholdengo|97/100\n|\n|t:|1782441325\n|switch|p1a: Kyurem|Kyurem|100/100|[from] U-turn\n|-damage|p1a: Kyurem|84/100|[from] Spikes\n|-ability|p1a: Kyurem|Pressure\n|\n|upkeep\n|turn|11\n|\n|t:|1782441343\n|switch|p2a: Blissey|Blissey, F|100/100\n|move|p1a: Kyurem|Earth Power|p2a: Blissey\n|-damage|p2a: Blissey|86/100\n|\n|upkeep\n|turn|12\n|\n|t:|1782441357\n|switch|p1a: Magnezone|Magnezone|37/100\n|-damage|p1a: Magnezone|21/100|[from] Spikes\n|move|p2a: Blissey|Stealth Rock|p1a: Magnezone\n|-sidestart|p1: CaptainPlover67|move: Stealth Rock\n|\n|upkeep\n|turn|13\n|\n|t:|1782441365\n|move|p1a: Magnezone|Flash Cannon|p2a: Blissey\n|-damage|p2a: Blissey|65/100\n|move|p2a: Blissey|Soft-Boiled|p2a: Blissey\n|-heal|p2a: Blissey|100/100\n|\n|upkeep\n|turn|14\n|\n|t:|1782441376\n|move|p1a: Magnezone|Flash Cannon|p2a: Blissey\n|-damage|p2a: Blissey|77/100\n|move|p2a: Blissey|Shadow Ball|p1a: Magnezone\n|-damage|p1a: Magnezone|3/100\n|\n|upkeep\n|turn|15\n|\n|t:|1782441386\n|move|p1a: Magnezone|Flash Cannon|p2a: Blissey\n|-damage|p2a: Blissey|55/100\n|move|p2a: Blissey|Soft-Boiled|p2a: Blissey\n|-heal|p2a: Blissey|100/100\n|\n|upkeep\n|turn|16\n|\n|t:|1782441398\n|switch|p2a: Zamazenta|Zamazenta|100/100\n|-ability|p2a: Zamazenta|Dauntless Shield|boost\n|-boost|p2a: Zamazenta|def|1\n|move|p1a: Magnezone|Flash Cannon|p2a: Zamazenta\n|-damage|p2a: Zamazenta|18/100\n|\n|upkeep\n|turn|17\n|\n|t:|1782441406\n|move|p2a: Zamazenta|Close Combat|p1a: Magnezone\n|-supereffective|p1a: Magnezone\n|-damage|p1a: Magnezone|0 fnt\n|-unboost|p2a: Zamazenta|def|1\n|-unboost|p2a: Zamazenta|spd|1\n|faint|p1a: Magnezone\n|\n|upkeep\n|\n|t:|1782441413\n|switch|p1a: Slowking|Slowking-Galar, F|100/100\n|turn|18\n|\n|t:|1782441426\n|switch|p2a: Gholdengo|Gholdengo|97/100\n|move|p1a: Slowking|Ice Beam|p2a: Gholdengo\n|-resisted|p2a: Gholdengo\n|-damage|p2a: Gholdengo|86/100\n|\n|upkeep\n|turn|19\n|\n|t:|1782441439\n|switch|p1a: Cinderace|Cinderace, M|100/100\n|move|p2a: Gholdengo|Thunder Wave|p1a: Cinderace\n|-status|p1a: Cinderace|par\n|\n|upkeep\n|turn|20\n|\n|t:|1782441446\n|move|p2a: Gholdengo|Hex|p1a: Cinderace\n|-damage|p1a: Cinderace|27/100 par\n|move|p1a: Cinderace|Court Change|p1a: Cinderace\n|-swapsideconditions\n|-activate|p1a: Cinderace|move: Court Change\n|\n|upkeep\n|turn|21\n|\n|t:|1782441456\n|move|p2a: Gholdengo|Hex|p1a: Cinderace\n|-damage|p1a: Cinderace|0 fnt\n|faint|p1a: Cinderace\n|\n|upkeep\n|\n|t:|1782441470\n|switch|p1a: Kyurem|Kyurem|84/100\n|-ability|p1a: Kyurem|Pressure\n|turn|22\n|\n|t:|1782441479\n|switch|p2a: Blissey|Blissey, F|100/100\n|move|p1a: Kyurem|Draco Meteor|p2a: Blissey\n|-damage|p2a: Blissey|67/100\n|-unboost|p1a: Kyurem|spa|2\n|\n|upkeep\n|turn|23\n|\n|t:|1782441494\n|switch|p1a: Ting-Lu|Ting-Lu|100/100\n|-ability|p1a: Ting-Lu|Vessel of Ruin\n|move|p2a: Blissey|Stealth Rock|p1a: Ting-Lu\n|-sidestart|p1: CaptainPlover67|move: Stealth Rock\n|\n|upkeep\n|turn|24\n|\n|t:|1782441508\n|move|p2a: Blissey|Soft-Boiled|p2a: Blissey\n|-heal|p2a: Blissey|100/100\n|move|p1a: Ting-Lu|Ruination|p2a: Blissey\n|-damage|p2a: Blissey|50/100\n|\n|upkeep\n|turn|25\n|\n|t:|1782441524\n|move|p2a: Blissey|Soft-Boiled|p2a: Blissey\n|-heal|p2a: Blissey|100/100\n|move|p1a: Ting-Lu|Earthquake|p2a: Blissey\n|-damage|p2a: Blissey|64/100\n|\n|upkeep\n|turn|26\n|\n|t:|1782441539\n|switch|p2a: Gliscor|Gliscor, M|100/100 tox\n|-damage|p2a: Gliscor|88/100 tox|[from] Stealth Rock\n|move|p1a: Ting-Lu|Earthquake|p2a: Gliscor\n|-immune|p2a: Gliscor\n|\n|-heal|p2a: Gliscor|100/100 tox|[from] ability: Poison Heal\n|upkeep\n|turn|27\n|\n|t:|1782441550\n|switch|p1a: Slowking|Slowking-Galar, F|100/100\n|move|p2a: Gliscor|Swords Dance|p2a: Gliscor\n|-boost|p2a: Gliscor|atk|2\n|\n|upkeep\n|turn|28\n|\n|t:|1782441572\n|-terastallize|p1a: Slowking|Water\n|move|p2a: Gliscor|Earthquake|p1a: Slowking\n|-damage|p1a: Slowking|36/100\n|move|p1a: Slowking|Ice Beam|p2a: Gliscor\n|-supereffective|p2a: Gliscor\n|-damage|p2a: Gliscor|15/100 tox\n|\n|-heal|p2a: Gliscor|28/100 tox|[from] ability: Poison Heal\n|upkeep\n|turn|29\n|\n|t:|1782441585\n|switch|p1a: Corviknight|Corviknight, F|100/100\n|-damage|p1a: Corviknight|88/100|[from] Stealth Rock\n|-ability|p1a: Corviknight|Pressure\n|move|p2a: Gliscor|Earthquake|p1a: Corviknight\n|-immune|p1a: Corviknight\n|\n|-heal|p1a: Corviknight|94/100|[from] item: Leftovers\n|-heal|p2a: Gliscor|40/100 tox|[from] ability: Poison Heal\n|upkeep\n|turn|30\n|\n|t:|1782441597\n|move|p2a: Gliscor|Knock Off|p1a: Corviknight\n|-damage|p1a: Corviknight|71/100\n|-enditem|p1a: Corviknight|Leftovers|[from] move: Knock Off|[of] p2a: Gliscor\n|move|p1a: Corviknight|Iron Defense|p1a: Corviknight\n|-boost|p1a: Corviknight|def|2\n|\n|-heal|p2a: Gliscor|53/100 tox|[from] ability: Poison Heal\n|upkeep\n|turn|31\n|\n|t:|1782441612\n|move|p2a: Gliscor|Protect|p2a: Gliscor\n|-singleturn|p2a: Gliscor|Protect\n|move|p1a: Corviknight|Body Press|p2a: Gliscor\n|-activate|p2a: Gliscor|move: Protect\n|\n|-heal|p2a: Gliscor|65/100 tox|[from] ability: Poison Heal\n|upkeep\n|turn|32\n|\n|t:|1782441625\n|move|p2a: Gliscor|Swords Dance|p2a: Gliscor\n|-boost|p2a: Gliscor|atk|2\n|move|p1a: Corviknight|Body Press|p2a: Gliscor\n|-resisted|p2a: Gliscor\n|-damage|p2a: Gliscor|44/100 tox\n|\n|-heal|p2a: Gliscor|56/100 tox|[from] ability: Poison Heal\n|upkeep\n|turn|33\n|\n|t:|1782441648\n|move|p2a: Gliscor|Protect|p2a: Gliscor\n|-singleturn|p2a: Gliscor|Protect\n|move|p1a: Corviknight|Iron Defense|p1a: Corviknight\n|-boost|p1a: Corviknight|def|2\n|\n|-heal|p2a: Gliscor|69/100 tox|[from] ability: Poison Heal\n|upkeep\n|turn|34\n|\n|t:|1782441661\n|move|p2a: Gliscor|Protect||[still]\n|-fail|p2a: Gliscor\n|move|p1a: Corviknight|Body Press|p2a: Gliscor\n|-resisted|p2a: Gliscor\n|-damage|p2a: Gliscor|36/100 tox\n|\n|-heal|p2a: Gliscor|49/100 tox|[from] ability: Poison Heal\n|upkeep\n|turn|35\n|inactive|thepeakmons has 120 seconds left.\n|\n|t:|1782441685\n|move|p2a: Gliscor|Swords Dance|p2a: Gliscor\n|-boost|p2a: Gliscor|atk|2\n|move|p1a: Corviknight|Body Press|p2a: Gliscor\n|-resisted|p2a: Gliscor\n|-damage|p2a: Gliscor|19/100 tox\n|\n|-heal|p2a: Gliscor|31/100 tox|[from] ability: Poison Heal\n|upkeep\n|turn|36\n|inactive|thepeakmons has 120 seconds left.\n|\n|t:|1782441698\n|move|p2a: Gliscor|Knock Off|p1a: Corviknight\n|-damage|p1a: Corviknight|60/100\n|move|p1a: Corviknight|Body Press|p2a: Gliscor\n|-resisted|p2a: Gliscor\n|-damage|p2a: Gliscor|2/100 tox\n|\n|-heal|p2a: Gliscor|15/100 tox|[from] ability: Poison Heal\n|upkeep\n|turn|37\n|inactive|thepeakmons has 120 seconds left.\n|\n|t:|1782441727\n|switch|p2a: Gholdengo|Gholdengo|86/100\n|-damage|p2a: Gholdengo|70/100|[from] Spikes\n|-damage|p2a: Gholdengo|64/100|[from] Stealth Rock\n|move|p1a: Corviknight|Body Press|p2a: Gholdengo\n|-immune|p2a: Gholdengo\n|\n|upkeep\n|turn|38\n|\n|t:|1782441738\n|move|p2a: Gholdengo|Thunder Wave|p1a: Corviknight|[miss]\n|-miss|p2a: Gholdengo|p1a: Corviknight\n|move|p1a: Corviknight|Roost|p1a: Corviknight\n|-heal|p1a: Corviknight|100/100\n|-singleturn|p1a: Corviknight|move: Roost\n|\n|upkeep\n|turn|39\n|\n|t:|1782441750\n|move|p2a: Gholdengo|Recover|p2a: Gholdengo\n|-heal|p2a: Gholdengo|100/100\n|move|p1a: Corviknight|U-turn|p2a: Gholdengo\n|-resisted|p2a: Gholdengo\n|-damage|p2a: Gholdengo|98/100\n|\n|t:|1782441758\n|switch|p1a: Slowking|Slowking-Galar, F, tera:Water|69/100|[from] U-turn\n|\n|upkeep\n|turn|40\n|\n|t:|1782441769\n|move|p2a: Gholdengo|Nasty Plot|p2a: Gholdengo\n|-boost|p2a: Gholdengo|spa|2\n|move|p1a: Slowking|Future Sight|p2a: Gholdengo\n|-start|p1a: Slowking|move: Future Sight\n|\n|upkeep\n|turn|41\n|\n|t:|1782441777\n|move|p2a: Gholdengo|Hex|p1a: Slowking\n|-damage|p1a: Slowking|34/100\n|move|p1a: Slowking|Ice Beam|p2a: Gholdengo\n|-resisted|p2a: Gholdengo\n|-damage|p2a: Gholdengo|88/100\n|\n|upkeep\n|turn|42\n|\n|t:|1782441790\n|switch|p1a: Ting-Lu|Ting-Lu|100/100\n|-damage|p1a: Ting-Lu|94/100|[from] Stealth Rock\n|-ability|p1a: Ting-Lu|Vessel of Ruin\n|move|p2a: Gholdengo|Hex|p1a: Ting-Lu\n|-resisted|p1a: Ting-Lu\n|-damage|p1a: Ting-Lu|82/100\n|\n|-end|p2a: Gholdengo|move: Future Sight\n|-resisted|p2a: Gholdengo\n|-crit|p2a: Gholdengo\n|-damage|p2a: Gholdengo|62/100\n|-heal|p1a: Ting-Lu|88/100|[from] item: Leftovers\n|upkeep\n|turn|43\n|\n|t:|1782441806\n|switch|p2a: Gliscor|Gliscor, M|15/100 tox\n|-damage|p2a: Gliscor|2/100 tox|[from] Stealth Rock\n|move|p1a: Ting-Lu|Ruination|p2a: Gliscor\n|-damage|p2a: Gliscor|1/100 tox\n|\n|-heal|p1a: Ting-Lu|95/100|[from] item: Leftovers\n|-heal|p2a: Gliscor|14/100 tox|[from] ability: Poison Heal\n|upkeep\n|turn|44\n|\n|t:|1782441823\n|switch|p1a: Kyurem|Kyurem|84/100\n|-damage|p1a: Kyurem|59/100|[from] Stealth Rock\n|-ability|p1a: Kyurem|Pressure\n|move|p2a: Gliscor|Knock Off|p1a: Kyurem\n|-damage|p1a: Kyurem|40/100\n|-enditem|p1a: Kyurem|Choice Specs|[from] move: Knock Off|[of] p2a: Gliscor\n|\n|-heal|p2a: Gliscor|26/100 tox|[from] ability: Poison Heal\n|upkeep\n|turn|45\n|\n|t:|1782441833\n|switch|p2a: Blissey|Blissey, F|64/100\n|move|p1a: Kyurem|Freeze-Dry|p2a: Blissey\n|-damage|p2a: Blissey|53/100\n|\n|upkeep\n|turn|46\n|\n|t:|1782441840\n|move|p1a: Kyurem|Blizzard|p2a: Blissey\n|-damage|p2a: Blissey|36/100\n|move|p2a: Blissey|Soft-Boiled|p2a: Blissey\n|-heal|p2a: Blissey|86/100\n|\n|upkeep\n|turn|47\n|\n|t:|1782441851\n|move|p1a: Kyurem|Earth Power|p2a: Blissey\n|-damage|p2a: Blissey|76/100\n|move|p2a: Blissey|Calm Mind|p2a: Blissey\n|-boost|p2a: Blissey|spa|1\n|-boost|p2a: Blissey|spd|1\n|\n|upkeep\n|turn|48\n|inactive|thepeakmons has 120 seconds left.\n|\n|t:|1782441859\n|switch|p1a: Corviknight|Corviknight, F|100/100\n|-damage|p1a: Corviknight|88/100|[from] Stealth Rock\n|-ability|p1a: Corviknight|Pressure\n|move|p2a: Blissey|Soft-Boiled|p2a: Blissey\n|-heal|p2a: Blissey|100/100\n|\n|upkeep\n|turn|49\n|\n|t:|1782441873\n|switch|p2a: Gliscor|Gliscor, M|26/100 tox\n|-damage|p2a: Gliscor|14/100 tox|[from] Stealth Rock\n|move|p1a: Corviknight|U-turn|p2a: Gliscor\n|-resisted|p2a: Gliscor\n|-crit|p2a: Gliscor\n|-damage|p2a: Gliscor|5/100 tox\n|\n|t:|1782441881\n|switch|p1a: Slowking|Slowking-Galar, F, tera:Water|67/100|[from] U-turn\n|\n|-heal|p2a: Gliscor|18/100 tox|[from] ability: Poison Heal\n|upkeep\n|turn|50\n|\n|t:|1782441890\n|move|p2a: Gliscor|Protect|p2a: Gliscor\n|-singleturn|p2a: Gliscor|Protect\n|move|p1a: Slowking|Ice Beam|p2a: Gliscor\n|-activate|p2a: Gliscor|move: Protect\n|\n|-heal|p2a: Gliscor|30/100 tox|[from] ability: Poison Heal\n|upkeep\n|turn|51\n|\n|t:|1782441897\n|move|p2a: Gliscor|Earthquake|p1a: Slowking\n|-damage|p1a: Slowking|33/100\n|move|p1a: Slowking|Ice Beam|p2a: Gliscor\n|-supereffective|p2a: Gliscor\n|-damage|p2a: Gliscor|0 fnt\n|faint|p2a: Gliscor\n|\n|upkeep\n|\n|t:|1782441910\n|switch|p2a: Zamazenta|Zamazenta|18/100\n|turn|52\n|\n|t:|1782441917\n|move|p2a: Zamazenta|Close Combat|p1a: Slowking\n|-damage|p1a: Slowking|0 fnt\n|-unboost|p2a: Zamazenta|def|1\n|-unboost|p2a: Zamazenta|spd|1\n|faint|p1a: Slowking\n|\n|upkeep\n|\n|t:|1782441923\n|switch|p1a: Corviknight|Corviknight, F|88/100\n|-damage|p1a: Corviknight|76/100|[from] Stealth Rock\n|-ability|p1a: Corviknight|Pressure\n|turn|53\n|\n|t:|1782441934\n|switch|p2a: Pecharunt|Pecharunt|100/100\n|move|p1a: Corviknight|Iron Defense|p1a: Corviknight\n|-boost|p1a: Corviknight|def|2\n|\n|upkeep\n|turn|54\n|\n|t:|1782441946\n|move|p2a: Pecharunt|Parting Shot|p1a: Corviknight\n|-unboost|p1a: Corviknight|atk|1\n|-unboost|p1a: Corviknight|spa|1\n|\n|t:|1782441960\n|switch|p2a: Skarmory|Skarmory, F|100/100|[from] Parting Shot\n|move|p1a: Corviknight|U-turn|p2a: Skarmory\n|-resisted|p2a: Skarmory\n|-damage|p2a: Skarmory|99/100\n|\n|t:|1782441974\n|switch|p1a: Kyurem|Kyurem|40/100|[from] U-turn\n|-damage|p1a: Kyurem|16/100|[from] Stealth Rock\n|-ability|p1a: Kyurem|Pressure\n|\n|upkeep\n|turn|55\n|\n|t:|1782441995\n|switch|p2a: Blissey|Blissey, F|100/100\n|move|p1a: Kyurem|Blizzard|p2a: Blissey|[miss]\n|-miss|p1a: Kyurem|p2a: Blissey\n|\n|upkeep\n|turn|56\n|\n|t:|1782442002\n|move|p1a: Kyurem|Blizzard|p2a: Blissey|[miss]\n|-miss|p1a: Kyurem|p2a: Blissey\n|move|p2a: Blissey|Calm Mind|p2a: Blissey\n|-boost|p2a: Blissey|spa|1\n|-boost|p2a: Blissey|spd|1\n|\n|upkeep\n|turn|57\n|\n|t:|1782442014\n|move|p1a: Kyurem|Blizzard|p2a: Blissey|[miss]\n|-miss|p1a: Kyurem|p2a: Blissey\n|move|p2a: Blissey|Calm Mind|p2a: Blissey\n|-boost|p2a: Blissey|spa|1\n|-boost|p2a: Blissey|spd|1\n|\n|upkeep\n|turn|58\n|\n|t:|1782442022\n|move|p1a: Kyurem|Blizzard|p2a: Blissey\n|-damage|p2a: Blissey|92/100\n|move|p2a: Blissey|Calm Mind|p2a: Blissey\n|-boost|p2a: Blissey|spa|1\n|-boost|p2a: Blissey|spd|1\n|\n|upkeep\n|turn|59\n|\n|t:|1782442049\n|move|p1a: Kyurem|Blizzard|p2a: Blissey\n|-damage|p2a: Blissey|85/100\n|move|p2a: Blissey|Shadow Ball|p1a: Kyurem\n|-damage|p1a: Kyurem|0 fnt\n|faint|p1a: Kyurem\n|\n|upkeep\n|-message|CaptainPlover67 forfeited.\n|\n|win|thepeakmons\n|raw|CaptainPlover67's rating: 1273 &rarr; <strong>1250</strong><br />(-23 for losing)\n|raw|thepeakmons's rating: 1297 &rarr; <strong>1320</strong><br />(+23 for winning)\n|l|☆CaptainPlover67\n|player|p1|\n", "uploadtime": 1782442055, "views": 8, "formatid": "gen9ou", "rating": 1250, "private": 0, "password": null}