{"id": "gen9ou-2647834289", "format": "[Gen 9] OU", "players": ["Aggrhy", "6 Piece McNugget"], "log": "|j|☆Aggrhy\n|j|☆6 Piece McNugget\n|t:|1783820861\n|gametype|singles\n|player|p1|Aggrhy|red-masters|1365\n|player|p2|6 Piece McNugget|2|1300\n|gen|9\n|tier|[Gen 9] OU\n|rated|\n|rule|HP Percentage Mod: HP is shown in percentages\n|rule|Endless Battle Clause: Forcing endless battles is banned\n|rule|Species Clause: Limit one of each Pokémon\n|rule|OHKO Clause: OHKO moves are banned\n|rule|Evasion Items Clause: Evasion items are banned\n|rule|Evasion Moves Clause: Evasion moves are banned\n|rule|Evasion Abilities Clause: Evasion abilities are banned\n|rule|Sleep Moves Clause: Sleep-inducing moves are banned\n|clearpoke\n|poke|p1|Breloom, F|\n|poke|p1|Gliscor, F|\n|poke|p1|Delphox, F|\n|poke|p1|Donphan, F|\n|poke|p1|Rabsca, F|\n|poke|p1|Slowking, M|\n|poke|p2|Hydrapple, M|\n|poke|p2|Slowking-Galar, F|\n|poke|p2|Landorus-Therian, M|\n|poke|p2|Conkeldurr, M|\n|poke|p2|Iron Valiant|\n|poke|p2|Darkrai|\n|teampreview\n|inactive|Battle timer is ON: inactive players will automatically lose when time's up. (requested by Aggrhy)\n|\n|t:|1783820874\n|teamsize|p1|6\n|teamsize|p2|6\n|start\n|switch|p1a: Gliscor|Gliscor, F|100/100\n|switch|p2a: Darkrai|Darkrai|100/100\n|turn|1\n|\n|t:|1783820880\n|move|p1a: Gliscor|Protect|p1a: Gliscor\n|-singleturn|p1a: Gliscor|Protect\n|move|p2a: Darkrai|Ice Beam|p1a: Gliscor\n|-activate|p1a: Gliscor|move: Protect\n|\n|-status|p1a: Gliscor|tox|[from] item: Toxic Orb\n|upkeep\n|turn|2\n|\n|t:|1783820894\n|switch|p2a: Conkeldurr|Conkeldurr, M|100/100\n|switch|p1a: Slowking|Slowking, M|100/100\n|\n|upkeep\n|turn|3\n|\n|t:|1783820910\n|switch|p2a: Landorus|Landorus-Therian, M|100/100\n|-ability|p2a: Landorus|Intimidate|boost\n|-unboost|p1a: Slowking|atk|1\n|move|p1a: Slowking|Psychic|p2a: Landorus\n|-damage|p2a: Landorus|67/100\n|\n|upkeep\n|turn|4\n|\n|t:|1783820920\n|switch|p1a: Gliscor|Gliscor, F|100/100 tox\n|move|p2a: Landorus|U-turn|p1a: Gliscor\n|-resisted|p1a: Gliscor\n|-damage|p1a: Gliscor|93/100 tox\n|\n|t:|1783820928\n|switch|p2a: Conkeldurr|Conkeldurr, M|100/100|[from] U-turn\n|\n|-heal|p1a: Gliscor|100/100 tox|[from] ability: Poison Heal\n|upkeep\n|turn|5\n|\n|t:|1783820936\n|move|p1a: Gliscor|Protect|p1a: Gliscor\n|-singleturn|p1a: Gliscor|Protect\n|move|p2a: Conkeldurr|Ice Punch|p1a: Gliscor\n|-activate|p1a: Gliscor|move: Protect\n|\n|upkeep\n|turn|6\n|\n|t:|1783820948\n|switch|p2a: Landorus|Landorus-Therian, M|67/100\n|-ability|p2a: Landorus|Intimidate|boost\n|-unboost|p1a: Gliscor|atk|1\n|-terastallize|p1a: Gliscor|Water\n|move|p1a: Gliscor|Knock Off|p2a: Landorus\n|-damage|p2a: Landorus|54/100\n|-damage|p1a: Gliscor|84/100 tox|[from] item: Rocky Helmet|[of] p2a: Landorus\n|-enditem|p2a: Landorus|Rocky Helmet|[from] move: Knock Off|[of] p1a: Gliscor\n|\n|-heal|p1a: Gliscor|97/100 tox|[from] ability: Poison Heal\n|upkeep\n|turn|7\n|\n|t:|1783820962\n|move|p2a: Landorus|Taunt|p1a: Gliscor\n|-start|p1a: Gliscor|move: Taunt\n|cant|p1a: Gliscor|move: Taunt|Toxic\n|\n|-heal|p1a: Gliscor|100/100 tox|[from] ability: Poison Heal\n|upkeep\n|turn|8\n|\n|t:|1783820971\n|switch|p1a: Breloom|Breloom, F|100/100\n|move|p2a: Landorus|Stealth Rock|p1a: Breloom\n|-sidestart|p1: Aggrhy|move: Stealth Rock\n|\n|-status|p1a: Breloom|tox|[from] item: Toxic Orb\n|upkeep\n|turn|9\n|\n|t:|1783820979\n|move|p2a: Landorus|U-turn|p1a: Breloom\n|-damage|p1a: Breloom|83/100 tox\n|\n|t:|1783820985\n|switch|p2a: Conkeldurr|Conkeldurr, M|100/100|[from] U-turn\n|move|p1a: Breloom|Toxic|p2a: Conkeldurr|[miss]\n|-miss|p1a: Breloom|p2a: Conkeldurr\n|\n|-heal|p1a: Breloom|95/100 tox|[from] ability: Poison Heal\n|upkeep\n|turn|10\n|\n|t:|1783820994\n|move|p1a: Breloom|Substitute|p1a: Breloom\n|-start|p1a: Breloom|Substitute\n|-damage|p1a: Breloom|70/100 tox\n|move|p2a: Conkeldurr|Drain Punch|p1a: Breloom\n|-end|p1a: Breloom|Substitute\n|\n|-heal|p1a: Breloom|83/100 tox|[from] ability: Poison Heal\n|upkeep\n|turn|11\n|\n|t:|1783821004\n|move|p1a: Breloom|Leech Seed|p2a: Conkeldurr\n|-start|p2a: Conkeldurr|move: Leech Seed\n|move|p2a: Conkeldurr|Drain Punch|p1a: Breloom\n|-damage|p1a: Breloom|48/100 tox\n|\n|-damage|p2a: Conkeldurr|88/100|[from] Leech Seed|[of] p1a: Breloom\n|-heal|p1a: Breloom|64/100 tox|[silent]\n|-heal|p1a: Breloom|76/100 tox|[from] ability: Poison Heal\n|upkeep\n|turn|12\n|\n|t:|1783821016\n|switch|p2a: Slowking|Slowking-Galar, F|100/100\n|move|p1a: Breloom|Substitute|p1a: Breloom\n|-start|p1a: Breloom|Substitute\n|-damage|p1a: Breloom|51/100 tox\n|\n|-heal|p1a: Breloom|64/100 tox|[from] ability: Poison Heal\n|upkeep\n|turn|13\n|\n|t:|1783821025\n|move|p1a: Breloom|Leech Seed|p2a: Slowking\n|-start|p2a: Slowking|move: Leech Seed\n|move|p2a: Slowking|Future Sight|p1a: Breloom\n|-start|p2a: Slowking|move: Future Sight\n|\n|-damage|p2a: Slowking|88/100|[from] Leech Seed|[of] p1a: Breloom\n|-heal|p1a: Breloom|79/100 tox|[silent]\n|-heal|p1a: Breloom|91/100 tox|[from] ability: Poison Heal\n|upkeep\n|turn|14\n|\n|t:|1783821036\n|move|p1a: Breloom|Seed Bomb|p2a: Slowking\n|-resisted|p2a: Slowking\n|-damage|p2a: Slowking|69/100\n|move|p2a: Slowking|Sludge Bomb|p1a: Breloom\n|-supereffective|p1a: Breloom\n|-end|p1a: Breloom|Substitute\n|\n|-damage|p2a: Slowking|56/100|[from] Leech Seed|[of] p1a: Breloom\n|-heal|p1a: Breloom|100/100 tox|[silent]\n|upkeep\n|turn|15\n|\n|t:|1783821047\n|switch|p1a: Gliscor|Gliscor, F, tera:Water|100/100 tox\n|-damage|p1a: Gliscor|88/100 tox|[from] Stealth Rock\n|-prepare|p2a: Slowking|Chilly Reception|[premajor]\n|move|p2a: Slowking|Chilly Reception|p2a: Slowking\n|-weather|Snowscape\n|\n|t:|1783821058\n|switch|p2a: Hydrapple|Hydrapple, M|100/100|[from] Chilly Reception\n|\n|-weather|Snowscape|[upkeep]\n|-end|p1a: Gliscor|move: Future Sight\n|-damage|p1a: Gliscor|49/100 tox\n|-heal|p1a: Gliscor|61/100 tox|[from] ability: Poison Heal\n|upkeep\n|turn|16\n|\n|t:|1783821067\n|move|p1a: Gliscor|Protect|p1a: Gliscor\n|-singleturn|p1a: Gliscor|Protect\n|move|p2a: Hydrapple|Giga Drain|p1a: Gliscor\n|-activate|p1a: Gliscor|move: Protect\n|\n|-weather|Snowscape|[upkeep]\n|-heal|p1a: Gliscor|74/100 tox|[from] ability: Poison Heal\n|upkeep\n|turn|17\n|\n|t:|1783821077\n|switch|p1a: Delphox|Delphox, F|100/100\n|-damage|p1a: Delphox|75/100|[from] Stealth Rock\n|-item|p1a: Delphox|Air Balloon\n|move|p2a: Hydrapple|Nasty Plot|p2a: Hydrapple\n|-boost|p2a: Hydrapple|spa|2\n|\n|-weather|Snowscape|[upkeep]\n|upkeep\n|turn|18\n|\n|t:|1783821088\n|move|p1a: Delphox|Flamethrower|p2a: Hydrapple\n|-damage|p2a: Hydrapple|59/100\n|move|p2a: Hydrapple|Fickle Beam|p1a: Delphox\n|-damage|p1a: Delphox|0 fnt\n|-enditem|p1a: Delphox|Air Balloon\n|faint|p1a: Delphox\n|\n|-weather|Snowscape|[upkeep]\n|upkeep\n|\n|t:|1783821100\n|switch|p1a: Donphan|Donphan, F|100/100\n|turn|19\n|\n|t:|1783821108\n|-terastallize|p2a: Hydrapple|Poison\n|move|p1a: Donphan|Rapid Spin|p2a: Hydrapple\n|-damage|p2a: Hydrapple|51/100\n|-boost|p1a: Donphan|spe|1\n|-sideend|p1: Aggrhy|Stealth Rock|[from] move: Rapid Spin|[of] p1a: Donphan\n|move|p2a: Hydrapple|Giga Drain|p1a: Donphan\n|-supereffective|p1a: Donphan\n|-ability|p1a: Donphan|Sturdy\n|-damage|p1a: Donphan|1/100\n|-heal|p2a: Hydrapple|97/100|[from] drain|[of] p1a: Donphan\n|\n|-weather|none\n|upkeep\n|turn|20\n|\n|t:|1783821121\n|switch|p2a: Landorus|Landorus-Therian, M|54/100\n|-ability|p2a: Landorus|Intimidate|boost\n|-unboost|p1a: Donphan|atk|1\n|move|p1a: Donphan|Endeavor|p2a: Landorus\n|-damage|p2a: Landorus|1/100\n|\n|upkeep\n|turn|21\n|\n|t:|1783821142\n|move|p1a: Donphan|Ice Shard|p2a: Landorus\n|-supereffective|p2a: Landorus\n|-damage|p2a: Landorus|0 fnt\n|faint|p2a: Landorus\n|\n|upkeep\n|\n|t:|1783821146\n|switch|p2a: Conkeldurr|Conkeldurr, M|88/100\n|turn|22\n|\n|t:|1783821151\n|switch|p1a: Rabsca|Rabsca, F|100/100\n|move|p2a: Conkeldurr|Mach Punch|p1a: Rabsca\n|-resisted|p1a: Rabsca\n|-damage|p1a: Rabsca|94/100\n|\n|-heal|p2a: Conkeldurr|94/100|[from] item: Leftovers\n|upkeep\n|turn|23\n|\n|t:|1783821162\n|move|p2a: Conkeldurr|Ice Punch|p1a: Rabsca\n|-damage|p1a: Rabsca|65/100\n|move|p1a: Rabsca|Revival Blessing|p1a: Rabsca\n|\n|t:|1783821168\n|-heal|p1: Delphox|50/100|[from] move: Revival Blessing\n|\n|-heal|p2a: Conkeldurr|99/100|[from] item: Leftovers\n|upkeep\n|turn|24\n|\n|t:|1783821185\n|switch|p2a: Darkrai|Darkrai|100/100\n|switch|p1a: Gliscor|Gliscor, F, tera:Water|74/100 tox\n|\n|-heal|p1a: Gliscor|86/100 tox|[from] ability: Poison Heal\n|upkeep\n|turn|25\n|\n|t:|1783821195\n|switch|p2a: Slowking|Slowking-Galar, F|89/100\n|move|p1a: Gliscor|Toxic|p2a: Slowking\n|-immune|p2a: Slowking\n|\n|-heal|p1a: Gliscor|99/100 tox|[from] ability: Poison Heal\n|upkeep\n|turn|26\n|\n|t:|1783821208\n|move|p1a: Gliscor|Knock Off|p2a: Slowking\n|-supereffective|p2a: Slowking\n|-damage|p2a: Slowking|44/100\n|-enditem|p2a: Slowking|Heavy-Duty Boots|[from] move: Knock Off|[of] p1a: Gliscor\n|move|p2a: Slowking|Sludge Bomb|p1a: Gliscor\n|-damage|p1a: Gliscor|72/100 tox\n|\n|-heal|p1a: Gliscor|85/100 tox|[from] ability: Poison Heal\n|upkeep\n|turn|27\n|\n|t:|1783821222\n|switch|p2a: Hydrapple|Hydrapple, M, tera:Poison|100/100\n|move|p1a: Gliscor|Earthquake|p2a: Hydrapple\n|-supereffective|p2a: Hydrapple\n|-damage|p2a: Hydrapple|61/100\n|\n|-heal|p1a: Gliscor|97/100 tox|[from] ability: Poison Heal\n|upkeep\n|turn|28\n|\n|t:|1783821238\n|switch|p1a: Delphox|Delphox, F|50/100\n|move|p2a: Hydrapple|Giga Drain|p1a: Delphox\n|-resisted|p1a: Delphox\n|-damage|p1a: Delphox|34/100\n|-heal|p2a: Hydrapple|67/100|[from] drain|[of] p1a: Delphox\n|\n|upkeep\n|turn|29\n|\n|t:|1783821247\n|switch|p2a: Darkrai|Darkrai|100/100\n|move|p1a: Delphox|Flamethrower|p2a: Darkrai\n|-damage|p2a: Darkrai|42/100\n|-item|p1a: Delphox|Choice Specs|[from] ability: Magician|[of] p2a: Darkrai\n|\n|upkeep\n|turn|30\n|\n|t:|1783821258\n|switch|p1a: Gliscor|Gliscor, F, tera:Water|97/100 tox\n|move|p2a: Darkrai|Dark Pulse|p1a: Gliscor\n|-damage|p1a: Gliscor|58/100 tox\n|\n|-heal|p1a: Gliscor|70/100 tox|[from] ability: Poison Heal\n|upkeep\n|turn|31\n|\n|t:|1783821275\n|switch|p2a: Hydrapple|Hydrapple, M, tera:Poison|99/100\n|move|p1a: Gliscor|Earthquake|p2a: Hydrapple\n|-supereffective|p2a: Hydrapple\n|-damage|p2a: Hydrapple|65/100\n|\n|-heal|p1a: Gliscor|83/100 tox|[from] ability: Poison Heal\n|upkeep\n|turn|32\n|\n|t:|1783821285\n|move|p1a: Gliscor|Protect|p1a: Gliscor\n|-singleturn|p1a: Gliscor|Protect\n|move|p2a: Hydrapple|Fickle Beam|p1a: Gliscor\n|-activate|p1a: Gliscor|move: Protect\n|\n|-heal|p1a: Gliscor|95/100 tox|[from] ability: Poison Heal\n|upkeep\n|turn|33\n|\n|t:|1783821302\n|move|p1a: Gliscor|Earthquake|p2a: Hydrapple\n|-supereffective|p2a: Hydrapple\n|-damage|p2a: Hydrapple|26/100\n|move|p2a: Hydrapple|Giga Drain|p1a: Gliscor\n|-supereffective|p1a: Gliscor\n|-crit|p1a: Gliscor\n|-damage|p1a: Gliscor|15/100 tox\n|-heal|p2a: Hydrapple|60/100|[from] drain|[of] p1a: Gliscor\n|\n|-heal|p1a: Gliscor|27/100 tox|[from] ability: Poison Heal\n|upkeep\n|turn|34\n|\n|t:|1783821313\n|move|p1a: Gliscor|Protect|p1a: Gliscor\n|-singleturn|p1a: Gliscor|Protect\n|move|p2a: Hydrapple|Nasty Plot|p2a: Hydrapple\n|-boost|p2a: Hydrapple|spa|2\n|\n|-heal|p1a: Gliscor|40/100 tox|[from] ability: Poison Heal\n|upkeep\n|turn|35\n|\n|t:|1783821323\n|switch|p1a: Donphan|Donphan, F|1/100\n|move|p2a: Hydrapple|Giga Drain|p1a: Donphan\n|-supereffective|p1a: Donphan\n|-damage|p1a: Donphan|0 fnt\n|-heal|p2a: Hydrapple|61/100|[from] drain|[of] p1a: Donphan\n|faint|p1a: Donphan\n|\n|upkeep\n|\n|t:|1783821332\n|switch|p1a: Delphox|Delphox, F|34/100\n|turn|36\n|\n|t:|1783821353\n|switch|p2a: Slowking|Slowking-Galar, F|77/100\n|move|p1a: Delphox|Flamethrower|p2a: Slowking\n|-damage|p2a: Slowking|40/100\n|\n|upkeep\n|turn|37\n|\n|t:|1783821369\n|move|p1a: Delphox|Flamethrower|p2a: Slowking\n|-damage|p2a: Slowking|0 fnt\n|faint|p2a: Slowking\n|\n|upkeep\n|\n|t:|1783821375\n|switch|p2a: Darkrai|Darkrai|42/100\n|turn|38\n|\n|t:|1783821393\n|switch|p1a: Breloom|Breloom, F|100/100 tox\n|move|p2a: Darkrai|Dark Pulse|p1a: Breloom\n|-resisted|p1a: Breloom\n|-damage|p1a: Breloom|67/100 tox\n|\n|-heal|p1a: Breloom|80/100 tox|[from] ability: Poison Heal\n|upkeep\n|turn|39\n|\n|t:|1783821405\n|switch|p2a: Conkeldurr|Conkeldurr, M|99/100\n|move|p1a: Breloom|Seed Bomb|p2a: Conkeldurr\n|-damage|p2a: Conkeldurr|69/100\n|\n|-heal|p2a: Conkeldurr|75/100|[from] item: Leftovers\n|-heal|p1a: Breloom|92/100 tox|[from] ability: Poison Heal\n|upkeep\n|turn|40\n|\n|t:|1783821415\n|move|p1a: Breloom|Leech Seed|p2a: Conkeldurr|[miss]\n|-miss|p1a: Breloom|p2a: Conkeldurr\n|move|p2a: Conkeldurr|Drain Punch|p1a: Breloom\n|-damage|p1a: Breloom|58/100 tox\n|-heal|p2a: Conkeldurr|88/100|[from] drain|[of] p1a: Breloom\n|\n|-heal|p2a: Conkeldurr|94/100|[from] item: Leftovers\n|-heal|p1a: Breloom|70/100 tox|[from] ability: Poison Heal\n|upkeep\n|turn|41\n|\n|t:|1783821426\n|move|p1a: Breloom|Leech Seed|p2a: Conkeldurr\n|-start|p2a: Conkeldurr|move: Leech Seed\n|move|p2a: Conkeldurr|Ice Punch|p1a: Breloom\n|-supereffective|p1a: Breloom\n|-damage|p1a: Breloom|23/100 tox\n|\n|-heal|p2a: Conkeldurr|100/100|[from] item: Leftovers\n|-damage|p2a: Conkeldurr|88/100|[from] Leech Seed|[of] p1a: Breloom\n|-heal|p1a: Breloom|39/100 tox|[silent]\n|-heal|p1a: Breloom|51/100 tox|[from] ability: Poison Heal\n|upkeep\n|turn|42\n|\n|t:|1783821438\n|move|p1a: Breloom|Seed Bomb|p2a: Conkeldurr\n|-crit|p2a: Conkeldurr\n|-damage|p2a: Conkeldurr|43/100\n|move|p2a: Conkeldurr|Drain Punch|p1a: Breloom\n|-damage|p1a: Breloom|16/100 tox\n|-heal|p2a: Conkeldurr|57/100|[from] drain|[of] p1a: Breloom\n|\n|-heal|p2a: Conkeldurr|63/100|[from] item: Leftovers\n|-damage|p2a: Conkeldurr|51/100|[from] Leech Seed|[of] p1a: Breloom\n|-heal|p1a: Breloom|31/100 tox|[silent]\n|-heal|p1a: Breloom|44/100 tox|[from] ability: Poison Heal\n|upkeep\n|turn|43\n|\n|t:|1783821452\n|switch|p2a: Hydrapple|Hydrapple, M, tera:Poison|94/100\n|move|p1a: Breloom|Substitute|p1a: Breloom\n|-start|p1a: Breloom|Substitute\n|-damage|p1a: Breloom|19/100 tox\n|\n|-heal|p1a: Breloom|31/100 tox|[from] ability: Poison Heal\n|upkeep\n|turn|44\n|\n|t:|1783821462\n|move|p1a: Breloom|Leech Seed|p2a: Hydrapple\n|-start|p2a: Hydrapple|move: Leech Seed\n|move|p2a: Hydrapple|Fickle Beam|p1a: Breloom\n|-end|p1a: Breloom|Substitute\n|\n|-damage|p2a: Hydrapple|82/100|[from] Leech Seed|[of] p1a: Breloom\n|-heal|p1a: Breloom|47/100 tox|[silent]\n|-heal|p1a: Breloom|59/100 tox|[from] ability: Poison Heal\n|upkeep\n|turn|45\n|\n|t:|1783821473\n|move|p1a: Breloom|Substitute|p1a: Breloom\n|-start|p1a: Breloom|Substitute\n|-damage|p1a: Breloom|34/100 tox\n|move|p2a: Hydrapple|Fickle Beam|p1a: Breloom\n|-end|p1a: Breloom|Substitute\n|\n|-damage|p2a: Hydrapple|69/100|[from] Leech Seed|[of] p1a: Breloom\n|-heal|p1a: Breloom|50/100 tox|[silent]\n|-heal|p1a: Breloom|62/100 tox|[from] ability: Poison Heal\n|upkeep\n|turn|46\n|\n|t:|1783821485\n|switch|p2a: Conkeldurr|Conkeldurr, M|51/100\n|move|p1a: Breloom|Substitute|p1a: Breloom\n|-start|p1a: Breloom|Substitute\n|-damage|p1a: Breloom|37/100 tox\n|\n|-heal|p2a: Conkeldurr|57/100|[from] item: Leftovers\n|-heal|p1a: Breloom|50/100 tox|[from] ability: Poison Heal\n|upkeep\n|turn|47\n|\n|t:|1783821495\n|move|p1a: Breloom|Leech Seed|p2a: Conkeldurr\n|-start|p2a: Conkeldurr|move: Leech Seed\n|move|p2a: Conkeldurr|Drain Punch|p1a: Breloom\n|-end|p1a: Breloom|Substitute\n|-heal|p2a: Conkeldurr|67/100|[from] drain|[of] p1a: Breloom\n|\n|-heal|p2a: Conkeldurr|73/100|[from] item: Leftovers\n|-damage|p2a: Conkeldurr|60/100|[from] Leech Seed|[of] p1a: Breloom\n|-heal|p1a: Breloom|65/100 tox|[silent]\n|-heal|p1a: Breloom|78/100 tox|[from] ability: Poison Heal\n|upkeep\n|turn|48\n|\n|t:|1783821510\n|switch|p2a: Hydrapple|Hydrapple, M, tera:Poison|100/100\n|move|p1a: Breloom|Substitute|p1a: Breloom\n|-start|p1a: Breloom|Substitute\n|-damage|p1a: Breloom|53/100 tox\n|\n|-heal|p1a: Breloom|65/100 tox|[from] ability: Poison Heal\n|upkeep\n|turn|49\n|\n|t:|1783821525\n|switch|p2a: Conkeldurr|Conkeldurr, M|60/100\n|move|p1a: Breloom|Leech Seed|p2a: Conkeldurr\n|-start|p2a: Conkeldurr|move: Leech Seed\n|\n|-heal|p2a: Conkeldurr|66/100|[from] item: Leftovers\n|-damage|p2a: Conkeldurr|54/100|[from] Leech Seed|[of] p1a: Breloom\n|-heal|p1a: Breloom|81/100 tox|[silent]\n|-heal|p1a: Breloom|93/100 tox|[from] ability: Poison Heal\n|upkeep\n|turn|50\n|\n|t:|1783821537\n|switch|p2a: Hydrapple|Hydrapple, M, tera:Poison|100/100\n|move|p1a: Breloom|Seed Bomb|p2a: Hydrapple\n|-resisted|p2a: Hydrapple\n|-damage|p2a: Hydrapple|90/100\n|\n|-heal|p1a: Breloom|100/100 tox|[from] ability: Poison Heal\n|upkeep\n|turn|51\n|\n|t:|1783821549\n|move|p1a: Breloom|Leech Seed|p2a: Hydrapple\n|-start|p2a: Hydrapple|move: Leech Seed\n|move|p2a: Hydrapple|Nasty Plot|p2a: Hydrapple\n|-boost|p2a: Hydrapple|spa|2\n|\n|-damage|p2a: Hydrapple|78/100|[from] Leech Seed|[of] p1a: Breloom\n|upkeep\n|turn|52\n|\n|t:|1783821559\n|move|p1a: Breloom|Seed Bomb|p2a: Hydrapple\n|-resisted|p2a: Hydrapple\n|-damage|p2a: Hydrapple|68/100\n|move|p2a: Hydrapple|Fickle Beam|p1a: Breloom\n|-end|p1a: Breloom|Substitute\n|\n|-damage|p2a: Hydrapple|56/100|[from] Leech Seed|[of] p1a: Breloom\n|upkeep\n|turn|53\n|\n|t:|1783821569\n|move|p1a: Breloom|Substitute|p1a: Breloom\n|-start|p1a: Breloom|Substitute\n|-damage|p1a: Breloom|75/100 tox\n|move|p2a: Hydrapple|Giga Drain|p1a: Breloom\n|-resisted|p1a: Breloom\n|-end|p1a: Breloom|Substitute\n|-heal|p2a: Hydrapple|66/100|[from] drain|[of] p1a: Breloom\n|\n|-damage|p2a: Hydrapple|54/100|[from] Leech Seed|[of] p1a: Breloom\n|-heal|p1a: Breloom|91/100 tox|[silent]\n|-heal|p1a: Breloom|100/100 tox|[from] ability: Poison Heal\n|upkeep\n|turn|54\n|\n|t:|1783821582\n|switch|p1a: Rabsca|Rabsca, F|65/100\n|move|p2a: Hydrapple|Giga Drain|p1a: Rabsca\n|-resisted|p1a: Rabsca\n|-damage|p1a: Rabsca|46/100\n|-heal|p2a: Hydrapple|62/100|[from] drain|[of] p1a: Rabsca\n|\n|-damage|p2a: Hydrapple|50/100|[from] Leech Seed|[of] p1a: Rabsca\n|-heal|p1a: Rabsca|60/100|[silent]\n|upkeep\n|turn|55\n|\n|t:|1783821596\n|switch|p2a: Darkrai|Darkrai|42/100\n|switch|p1a: Delphox|Delphox, F|34/100\n|\n|upkeep\n|turn|56\n|\n|t:|1783821606\n|switch|p1a: Slowking|Slowking, M|100/100\n|move|p2a: Darkrai|Dark Pulse|p1a: Slowking\n|-supereffective|p1a: Slowking\n|-damage|p1a: Slowking|51/100\n|\n|upkeep\n|turn|57\n|\n|t:|1783821614\n|move|p2a: Darkrai|Dark Pulse|p1a: Slowking\n|-supereffective|p1a: Slowking\n|-damage|p1a: Slowking|4/100\n|move|p1a: Slowking|Slack Off|p1a: Slowking\n|-heal|p1a: Slowking|54/100\n|\n|upkeep\n|turn|58\n|\n|t:|1783821623\n|switch|p1a: Breloom|Breloom, F|100/100 tox\n|move|p2a: Darkrai|Dark Pulse|p1a: Breloom\n|-resisted|p1a: Breloom\n|-damage|p1a: Breloom|69/100 tox\n|\n|-heal|p1a: Breloom|81/100 tox|[from] ability: Poison Heal\n|upkeep\n|turn|59\n|\n|t:|1783821632\n|move|p2a: Darkrai|Ice Beam|p1a: Breloom\n|-supereffective|p1a: Breloom\n|-damage|p1a: Breloom|0 fnt\n|faint|p1a: Breloom\n|\n|upkeep\n|\n|t:|1783821639\n|switch|p1a: Gliscor|Gliscor, F, tera:Water|40/100 tox\n|turn|60\n|\n|t:|1783821644\n|move|p2a: Darkrai|Dark Pulse|p1a: Gliscor\n|-damage|p1a: Gliscor|4/100 tox\n|cant|p1a: Gliscor|flinch\n|\n|-heal|p1a: Gliscor|16/100 tox|[from] ability: Poison Heal\n|upkeep\n|turn|61\n|\n|t:|1783821652\n|move|p1a: Gliscor|Protect|p1a: Gliscor\n|-singleturn|p1a: Gliscor|Protect\n|move|p2a: Darkrai|Dark Pulse|p1a: Gliscor\n|-activate|p1a: Gliscor|move: Protect\n|\n|-heal|p1a: Gliscor|29/100 tox|[from] ability: Poison Heal\n|upkeep\n|turn|62\n|\n|t:|1783821667\n|move|p1a: Gliscor|Protect|p1a: Gliscor\n|-singleturn|p1a: Gliscor|Protect\n|move|p2a: Darkrai|Dark Pulse|p1a: Gliscor\n|-activate|p1a: Gliscor|move: Protect\n|\n|-heal|p1a: Gliscor|41/100 tox|[from] ability: Poison Heal\n|upkeep\n|turn|63\n|\n|t:|1783821676\n|switch|p2a: Hydrapple|Hydrapple, M, tera:Poison|83/100\n|move|p1a: Gliscor|Earthquake|p2a: Hydrapple\n|-supereffective|p2a: Hydrapple\n|-damage|p2a: Hydrapple|48/100\n|\n|-heal|p1a: Gliscor|54/100 tox|[from] ability: Poison Heal\n|upkeep\n|turn|64\n|\n|t:|1783821686\n|switch|p1a: Delphox|Delphox, F|34/100\n|move|p2a: Hydrapple|Nasty Plot|p2a: Hydrapple\n|-boost|p2a: Hydrapple|spa|2\n|\n|upkeep\n|turn|65\n|\n|t:|1783821693\n|move|p1a: Delphox|Flamethrower|p2a: Hydrapple\n|-damage|p2a: Hydrapple|0 fnt\n|faint|p2a: Hydrapple\n|\n|upkeep\n|\n|t:|1783821697\n|switch|p2a: Darkrai|Darkrai|42/100\n|turn|66\n|\n|t:|1783821707\n|switch|p1a: Rabsca|Rabsca, F|60/100\n|move|p2a: Darkrai|Dark Pulse|p1a: Rabsca\n|-supereffective|p1a: Rabsca\n|-damage|p1a: Rabsca|0 fnt\n|faint|p1a: Rabsca\n|\n|upkeep\n|\n|t:|1783821716\n|switch|p1a: Gliscor|Gliscor, F, tera:Water|54/100 tox\n|turn|67\n|\n|t:|1783821727\n|move|p2a: Darkrai|Dark Pulse|p1a: Gliscor\n|-damage|p1a: Gliscor|16/100 tox\n|move|p1a: Gliscor|Earthquake|p2a: Darkrai\n|-damage|p2a: Darkrai|1/100\n|\n|-heal|p1a: Gliscor|29/100 tox|[from] ability: Poison Heal\n|upkeep\n|turn|68\n|\n|t:|1783821736\n|move|p1a: Gliscor|Protect|p1a: Gliscor\n|-singleturn|p1a: Gliscor|Protect\n|move|p2a: Darkrai|Dark Pulse|p1a: Gliscor\n|-activate|p1a: Gliscor|move: Protect\n|\n|-heal|p1a: Gliscor|41/100 tox|[from] ability: Poison Heal\n|upkeep\n|turn|69\n|\n|t:|1783821746\n|move|p2a: Darkrai|Dark Pulse|p1a: Gliscor\n|-damage|p1a: Gliscor|2/100 tox\n|move|p1a: Gliscor|Earthquake|p2a: Darkrai\n|-damage|p2a: Darkrai|0 fnt\n|faint|p2a: Darkrai\n|\n|-heal|p1a: Gliscor|15/100 tox|[from] ability: Poison Heal\n|upkeep\n|\n|t:|1783821748\n|switch|p2a: Iron Valiant|Iron Valiant|100/100\n|-enditem|p2a: Iron Valiant|Booster Energy\n|-activate|p2a: Iron Valiant|ability: Quark Drive|[fromitem]\n|-start|p2a: Iron Valiant|quarkdrivespe\n|turn|70\n|\n|t:|1783821762\n|move|p2a: Iron Valiant|Knock Off|p1a: Gliscor\n|-damage|p1a: Gliscor|0 fnt\n|-enditem|p1a: Gliscor|Toxic Orb|[from] move: Knock Off|[of] p2a: Iron Valiant\n|faint|p1a: Gliscor\n|\n|upkeep\n|\n|t:|1783821771\n|switch|p1a: Slowking|Slowking, M|87/100\n|turn|71\n|\n|t:|1783821782\n|move|p2a: Iron Valiant|Knock Off|p1a: Slowking\n|-supereffective|p1a: Slowking\n|-damage|p1a: Slowking|16/100\n|-enditem|p1a: Slowking|Covert Cloak|[from] move: Knock Off|[of] p2a: Iron Valiant\n|move|p1a: Slowking|Psychic|p2a: Iron Valiant\n|-supereffective|p2a: Iron Valiant\n|-damage|p2a: Iron Valiant|0 fnt\n|faint|p2a: Iron Valiant\n|-end|p2a: Iron Valiant|Quark Drive|[silent]\n|\n|upkeep\n|\n|t:|1783821784\n|switch|p2a: Conkeldurr|Conkeldurr, M|54/100\n|turn|72\n|\n|t:|1783821793\n|move|p2a: Conkeldurr|Drain Punch|p1a: Slowking\n|-resisted|p1a: Slowking\n|-damage|p1a: Slowking|0 fnt\n|-heal|p2a: Conkeldurr|62/100|[from] drain|[of] p1a: Slowking\n|faint|p1a: Slowking\n|\n|-heal|p2a: Conkeldurr|68/100|[from] item: Leftovers\n|upkeep\n|\n|t:|1783821802\n|switch|p1a: Delphox|Delphox, F|34/100\n|turn|73\n|\n|t:|1783821806\n|move|p2a: Conkeldurr|Mach Punch|p1a: Delphox\n|-resisted|p1a: Delphox\n|-damage|p1a: Delphox|19/100\n|move|p1a: Delphox|Psychic Noise|p2a: Conkeldurr\n|-supereffective|p2a: Conkeldurr\n|-damage|p2a: Conkeldurr|0 fnt\n|faint|p2a: Conkeldurr\n|\n|win|Aggrhy\n|raw|Aggrhy's rating: 1365 &rarr; <strong>1381</strong><br />(+16 for winning)\n|raw|6 Piece McNugget's rating: 1300 &rarr; <strong>1280</strong><br />(-20 for losing)\n|l|☆6 Piece McNugget\n|player|p2|\n|l|☆Aggrhy\n|player|p1|\n", "uploadtime": 1783822208, "views": 2, "formatid": "gen9ou", "rating": 1280, "private": 0, "password": null}