{"id": "gen9ou-2639278960", "format": "[Gen 9] OU", "players": ["TheCollageDropout", "heroes23"], "log": "|j|☆TheCollageDropout\n|j|☆heroes23\n|t:|1782444865\n|gametype|singles\n|player|p1|TheCollageDropout|2|1424\n|player|p2|heroes23|palmer|1346\n|gen|9\n|tier|[Gen 9] OU\n|rated|\n|rule|HP Percentage Mod: HP is shown in percentages\n|rule|Endless Battle Clause: Forcing endless battles is banned\n|rule|Species Clause: Limit one of each Pokémon\n|rule|OHKO Clause: OHKO moves are banned\n|rule|Evasion Items Clause: Evasion items are banned\n|rule|Evasion Moves Clause: Evasion moves are banned\n|rule|Evasion Abilities Clause: Evasion abilities are banned\n|rule|Sleep Moves Clause: Sleep-inducing moves are banned\n|clearpoke\n|poke|p1|Gholdengo|\n|poke|p1|Garganacl, M|\n|poke|p1|Volcanion|\n|poke|p1|Great Tusk|\n|poke|p1|Zapdos|\n|poke|p1|Meowscarada, M|\n|poke|p2|Kommo-o, M|\n|poke|p2|Araquanid, F|\n|poke|p2|Samurott-Hisui, M|\n|poke|p2|Gholdengo|\n|poke|p2|Landorus-Therian, M|\n|poke|p2|Cinderace, M|\n|teampreview\n|inactive|Battle timer is ON: inactive players will automatically lose when time's up. (requested by TheCollageDropout)\n|\n|t:|1782444890\n|teamsize|p1|6\n|teamsize|p2|6\n|start\n|switch|p1a: Meowscarada|Meowscarada, M|100/100\n|switch|p2a: Cinderace|Cinderace, M|100/100\n|turn|1\n|\n|t:|1782444902\n|move|p1a: Meowscarada|Knock Off|p2a: Cinderace\n|-start|p1a: Meowscarada|typechange|Dark|[from] ability: Protean\n|-damage|p2a: Cinderace|20/100\n|-enditem|p2a: Cinderace|Heavy-Duty Boots|[from] move: Knock Off|[of] p1a: Meowscarada\n|move|p2a: Cinderace|Will-O-Wisp|p1a: Meowscarada\n|-status|p1a: Meowscarada|brn\n|\n|-damage|p1a: Meowscarada|94/100 brn|[from] brn\n|upkeep\n|turn|2\n|\n|t:|1782444910\n|switch|p2a: Landorus|Landorus-Therian, M|100/100\n|-ability|p2a: Landorus|Intimidate|boost\n|-unboost|p1a: Meowscarada|atk|1\n|move|p1a: Meowscarada|Knock Off|p2a: Landorus\n|-damage|p2a: Landorus|73/100\n|-enditem|p2a: Landorus|Choice Scarf|[from] move: Knock Off|[of] p1a: Meowscarada\n|\n|-damage|p1a: Meowscarada|88/100 brn|[from] brn\n|upkeep\n|turn|3\n|\n|t:|1782444917\n|switch|p1a: Zapdos|Zapdos|100/100\n|move|p2a: Landorus|U-turn|p1a: Zapdos\n|-resisted|p1a: Zapdos\n|-damage|p1a: Zapdos|92/100\n|\n|t:|1782444925\n|switch|p2a: Araquanid|Araquanid, F|100/100|[from] U-turn\n|\n|upkeep\n|turn|4\n|\n|t:|1782444945\n|move|p1a: Zapdos|Discharge|p2a: Araquanid\n|-supereffective|p2a: Araquanid\n|-crit|p2a: Araquanid\n|-damage|p2a: Araquanid|36/100\n|move|p2a: Araquanid|Surf|p1a: Zapdos\n|-damage|p1a: Zapdos|55/100\n|\n|upkeep\n|turn|5\n|\n|t:|1782444951\n|switch|p2a: Cinderace|Cinderace, M|20/100\n|move|p1a: Zapdos|U-turn|p2a: Cinderace\n|-resisted|p2a: Cinderace\n|-damage|p2a: Cinderace|11/100\n|\n|t:|1782444955\n|switch|p1a: Meowscarada|Meowscarada, M|88/100 brn|[from] U-turn\n|\n|-damage|p1a: Meowscarada|82/100 brn|[from] brn\n|upkeep\n|turn|6\n|\n|t:|1782444958\n|move|p1a: Meowscarada|U-turn|p2a: Cinderace\n|-start|p1a: Meowscarada|typechange|Bug|[from] ability: Protean\n|-resisted|p2a: Cinderace\n|-damage|p2a: Cinderace|0 fnt\n|faint|p2a: Cinderace\n|\n|t:|1782444966\n|switch|p1a: Gholdengo|Gholdengo|100/100|[from] U-turn\n|\n|upkeep\n|\n|t:|1782444970\n|switch|p2a: Landorus|Landorus-Therian, M|73/100\n|-ability|p2a: Landorus|Intimidate|boost\n|-unboost|p1a: Gholdengo|atk|1\n|turn|7\n|\n|t:|1782444977\n|move|p1a: Gholdengo|Make It Rain|p2a: Landorus\n|-damage|p2a: Landorus|0 fnt\n|-unboost|p1a: Gholdengo|spa|1\n|faint|p2a: Landorus\n|\n|upkeep\n|\n|t:|1782444982\n|switch|p2a: Samurott|Samurott-Hisui, M|100/100\n|turn|8\n|\n|t:|1782444985\n|switch|p1a: Meowscarada|Meowscarada, M|82/100 brn\n|move|p2a: Samurott|Ceaseless Edge|p1a: Meowscarada\n|-resisted|p1a: Meowscarada\n|-damage|p1a: Meowscarada|46/100 brn\n|-sidestart|p1: TheCollageDropout|Spikes\n|\n|-damage|p1a: Meowscarada|40/100 brn|[from] brn\n|upkeep\n|turn|9\n|\n|t:|1782444992\n|move|p1a: Meowscarada|Flower Trick|p2a: Samurott\n|-start|p1a: Meowscarada|typechange|Grass|[from] ability: Protean\n|-supereffective|p2a: Samurott\n|-crit|p2a: Samurott\n|-enditem|p2a: Samurott|Focus Sash\n|-damage|p2a: Samurott|1/100\n|move|p2a: Samurott|Ceaseless Edge|p1a: Meowscarada\n|-crit|p1a: Meowscarada\n|-damage|p1a: Meowscarada|0 fnt\n|-sidestart|p1: TheCollageDropout|Spikes\n|faint|p1a: Meowscarada\n|\n|upkeep\n|\n|t:|1782444999\n|switch|p1a: Great Tusk|Great Tusk|100/100\n|turn|10\n|\n|t:|1782445006\n|move|p1a: Great Tusk|Rapid Spin|p2a: Samurott\n|-damage|p2a: Samurott|0 fnt\n|-boost|p1a: Great Tusk|spe|1\n|-sideend|p1: TheCollageDropout|Spikes|[from] move: Rapid Spin|[of] p1a: Great Tusk\n|faint|p2a: Samurott\n|\n|upkeep\n|\n|t:|1782445010\n|switch|p2a: Gholdengo|Gholdengo|100/100\n|-item|p2a: Gholdengo|Air Balloon\n|turn|11\n|\n|t:|1782445032\n|-end|p1a: Great Tusk|Protosynthesis|[silent]\n|switch|p1a: Zapdos|Zapdos|55/100\n|move|p2a: Gholdengo|Make It Rain|p1a: Zapdos\n|-resisted|p1a: Zapdos\n|-damage|p1a: Zapdos|29/100\n|-unboost|p2a: Gholdengo|spa|1\n|\n|upkeep\n|turn|12\n|\n|t:|1782445060\n|switch|p2a: Araquanid|Araquanid, F|36/100\n|move|p1a: Zapdos|Roost|p1a: Zapdos\n|-heal|p1a: Zapdos|79/100\n|-singleturn|p1a: Zapdos|move: Roost\n|\n|upkeep\n|turn|13\n|\n|t:|1782445064\n|move|p1a: Zapdos|Discharge|p2a: Araquanid\n|-supereffective|p2a: Araquanid\n|-damage|p2a: Araquanid|0 fnt\n|faint|p2a: Araquanid\n|\n|upkeep\n|\n|t:|1782445069\n|switch|p2a: Kommo-o|Kommo-o, M|100/100\n|turn|14\n|\n|t:|1782445072\n|move|p2a: Kommo-o|Clangorous Soul|p2a: Kommo-o\n|-boost|p2a: Kommo-o|atk|1\n|-boost|p2a: Kommo-o|def|1\n|-boost|p2a: Kommo-o|spa|1\n|-boost|p2a: Kommo-o|spd|1\n|-boost|p2a: Kommo-o|spe|1\n|-damage|p2a: Kommo-o|68/100\n|-enditem|p2a: Kommo-o|Throat Spray\n|-boost|p2a: Kommo-o|spa|1|[from] item: Throat Spray\n|move|p1a: Zapdos|Hurricane|p2a: Kommo-o|[miss]\n|-miss|p1a: Zapdos|p2a: Kommo-o\n|\n|upkeep\n|turn|15\n|\n|t:|1782445085\n|move|p2a: Kommo-o|Clanging Scales|p1a: Zapdos\n|-damage|p1a: Zapdos|0 fnt\n|faint|p1a: Zapdos\n|-unboost|p2a: Kommo-o|def|1\n|\n|upkeep\n|inactive|TheCollageDropout has 120 seconds left.\n|\n|t:|1782445121\n|switch|p1a: Gholdengo|Gholdengo|100/100\n|turn|16\n|\n|t:|1782445128\n|-terastallize|p2a: Kommo-o|Normal\n|move|p2a: Kommo-o|Flamethrower|p1a: Gholdengo\n|-supereffective|p1a: Gholdengo\n|-damage|p1a: Gholdengo|0 fnt\n|faint|p1a: Gholdengo\n|\n|upkeep\n|inactive|TheCollageDropout has 120 seconds left.\n|\n|t:|1782445149\n|switch|p1a: Garganacl|Garganacl, M|100/100\n|turn|17\n|\n|t:|1782445152\n|-terastallize|p1a: Garganacl|Fairy\n|move|p2a: Kommo-o|Clanging Scales|p1a: Garganacl\n|-immune|p1a: Garganacl\n|move|p1a: Garganacl|Salt Cure|p2a: Kommo-o\n|-damage|p2a: Kommo-o|54/100\n|-start|p2a: Kommo-o|Salt Cure\n|\n|-damage|p2a: Kommo-o|41/100|[from] Salt Cure\n|upkeep\n|turn|18\n|\n|t:|1782445157\n|move|p1a: Garganacl|Protect|p1a: Garganacl\n|-singleturn|p1a: Garganacl|Protect\n|move|p2a: Kommo-o|Boomburst|p1a: Garganacl\n|-activate|p1a: Garganacl|move: Protect\n|\n|-damage|p2a: Kommo-o|29/100|[from] Salt Cure\n|upkeep\n|turn|19\n|inactive|TheCollageDropout has 120 seconds left.\n|\n|t:|1782445178\n|switch|p1a: Great Tusk|Great Tusk|100/100\n|move|p2a: Kommo-o|Boomburst|p1a: Great Tusk\n|-damage|p1a: Great Tusk|0 fnt\n|faint|p1a: Great Tusk\n|-end|p1a: Great Tusk|Protosynthesis|[silent]\n|\n|-damage|p2a: Kommo-o|17/100|[from] Salt Cure\n|upkeep\n|\n|t:|1782445181\n|switch|p1a: Garganacl|Garganacl, M, tera:Fairy|100/100\n|turn|20\n|\n|t:|1782445210\n|move|p1a: Garganacl|Protect|p1a: Garganacl\n|-singleturn|p1a: Garganacl|Protect\n|move|p2a: Kommo-o|Boomburst|p1a: Garganacl\n|-activate|p1a: Garganacl|move: Protect\n|\n|-damage|p2a: Kommo-o|4/100|[from] Salt Cure\n|upkeep\n|turn|21\n|\n|t:|1782445213\n|move|p2a: Kommo-o|Boomburst|p1a: Garganacl\n|-damage|p1a: Garganacl|12/100\n|move|p1a: Garganacl|Recover|p1a: Garganacl\n|-heal|p1a: Garganacl|62/100\n|\n|-heal|p1a: Garganacl|68/100|[from] item: Leftovers\n|-damage|p2a: Kommo-o|0 fnt|[from] Salt Cure\n|faint|p2a: Kommo-o\n|upkeep\n|\n|t:|1782445218\n|switch|p2a: Gholdengo|Gholdengo|100/100\n|-item|p2a: Gholdengo|Air Balloon\n|turn|22\n|\n|t:|1782445226\n|move|p2a: Gholdengo|Thunder Wave|p1a: Garganacl|[miss]\n|-miss|p2a: Gholdengo|p1a: Garganacl\n|move|p1a: Garganacl|Salt Cure|p2a: Gholdengo\n|-resisted|p2a: Gholdengo\n|-damage|p2a: Gholdengo|96/100\n|-start|p2a: Gholdengo|Salt Cure\n|-enditem|p2a: Gholdengo|Air Balloon\n|\n|-heal|p1a: Garganacl|74/100|[from] item: Leftovers\n|-damage|p2a: Gholdengo|71/100|[from] Salt Cure\n|upkeep\n|turn|23\n|\n|t:|1782445230\n|move|p1a: Garganacl|Protect|p1a: Garganacl\n|-singleturn|p1a: Garganacl|Protect\n|move|p2a: Gholdengo|Recover|p2a: Gholdengo\n|-heal|p2a: Gholdengo|100/100\n|\n|-heal|p1a: Garganacl|80/100|[from] item: Leftovers\n|-damage|p2a: Gholdengo|76/100|[from] Salt Cure\n|upkeep\n|turn|24\n|\n|t:|1782445236\n|switch|p1a: Volcanion|Volcanion|100/100\n|move|p2a: Gholdengo|Make It Rain|p1a: Volcanion\n|-resisted|p1a: Volcanion\n|-damage|p1a: Volcanion|86/100\n|-unboost|p2a: Gholdengo|spa|1\n|\n|-damage|p2a: Gholdengo|51/100|[from] Salt Cure\n|upkeep\n|turn|25\n|\n|t:|1782445238\n|move|p2a: Gholdengo|Thunder Wave|p1a: Volcanion\n|-status|p1a: Volcanion|par\n|move|p1a: Volcanion|Flamethrower|p2a: Gholdengo\n|-supereffective|p2a: Gholdengo\n|-damage|p2a: Gholdengo|0 fnt\n|faint|p2a: Gholdengo\n|\n|win|TheCollageDropout\n|raw|TheCollageDropout's rating: 1424 &rarr; <strong>1440</strong><br />(+16 for winning)\n|raw|heroes23's rating: 1346 &rarr; <strong>1330</strong><br />(-16 for losing)\n", "uploadtime": 1782445239, "views": 15, "formatid": "gen9ou", "rating": 1330, "private": 0, "password": null}