{"id": "gen9ou-2639964813", "format": "[Gen 9] OU", "players": ["The real kurt tay", "eros maniac"], "log": "|j|☆The real kurt tay\n|j|☆eros maniac\n|t:|1782553899\n|gametype|singles\n|player|p1|The real kurt tay|266|1528\n|player|p2|eros maniac|hilbert-wonderlauncher|1767\n|gen|9\n|tier|[Gen 9] OU\n|rated|\n|rule|HP Percentage Mod: HP is shown in percentages\n|rule|Endless Battle Clause: Forcing endless battles is banned\n|rule|Species Clause: Limit one of each Pokémon\n|rule|OHKO Clause: OHKO moves are banned\n|rule|Evasion Items Clause: Evasion items are banned\n|rule|Evasion Moves Clause: Evasion moves are banned\n|rule|Evasion Abilities Clause: Evasion abilities are banned\n|rule|Sleep Moves Clause: Sleep-inducing moves are banned\n|clearpoke\n|poke|p1|Slowking-Galar, M|\n|poke|p1|Corviknight, F|\n|poke|p1|Ting-Lu|\n|poke|p1|Cinderace, F|\n|poke|p1|Dondozo, F|\n|poke|p1|Raging Bolt|\n|poke|p2|Frosmoth, F|\n|poke|p2|Maushold-Four|\n|poke|p2|Lokix, F|\n|poke|p2|Sinistcha|\n|poke|p2|Alomomola, M|\n|poke|p2|Weezing-Galar, M|\n|teampreview\n|inactive|Battle timer is ON: inactive players will automatically lose when time's up. (requested by eros maniac)\n|\n|t:|1782553909\n|teamsize|p1|6\n|teamsize|p2|6\n|start\n|switch|p1a: Cinderace|Cinderace, F|100/100\n|switch|p2a: Alomomola|Alomomola, M, shiny|100/100\n|turn|1\n|\n|t:|1782553911\n|move|p1a: Cinderace|Will-O-Wisp|p2a: Alomomola\n|-status|p2a: Alomomola|brn\n|move|p2a: Alomomola|Flip Turn|p1a: Cinderace\n|-supereffective|p1a: Cinderace\n|-damage|p1a: Cinderace|82/100\n|\n|t:|1782553914\n|switch|p2a: Lokix|Lokix, F|100/100|[from] Flip Turn\n|\n|upkeep\n|turn|2\n|\n|t:|1782553931\n|switch|p2a: Alomomola|Alomomola, M, shiny|100/100 brn\n|move|p1a: Cinderace|Will-O-Wisp|p2a: Alomomola\n|-fail|p2a: Alomomola|brn\n|\n|-damage|p2a: Alomomola|94/100 brn|[from] brn\n|upkeep\n|turn|3\n|\n|t:|1782553937\n|move|p1a: Cinderace|U-turn|p2a: Alomomola\n|-damage|p2a: Alomomola|83/100 brn\n|-damage|p1a: Cinderace|65/100|[from] item: Rocky Helmet|[of] p2a: Alomomola\n|\n|t:|1782553942\n|switch|p1a: Corviknight|Corviknight, F|100/100|[from] U-turn\n|-ability|p1a: Corviknight|Pressure\n|move|p2a: Alomomola|Flip Turn|p1a: Corviknight\n|-damage|p1a: Corviknight|96/100\n|-damage|p2a: Alomomola|66/100 brn|[from] item: Rocky Helmet|[of] p1a: Corviknight\n|\n|t:|1782553946\n|switch|p2a: Lokix|Lokix, F|100/100|[from] Flip Turn\n|\n|upkeep\n|turn|4\n|\n|t:|1782553950\n|move|p2a: Lokix|Knock Off|p1a: Corviknight\n|-damage|p1a: Corviknight|55/100\n|-damage|p2a: Lokix|84/100|[from] item: Rocky Helmet|[of] p1a: Corviknight\n|-enditem|p1a: Corviknight|Rocky Helmet|[from] move: Knock Off|[of] p2a: Lokix\n|move|p1a: Corviknight|Body Press|p2a: Lokix\n|-damage|p2a: Lokix|48/100\n|\n|upkeep\n|turn|5\n|\n|t:|1782553957\n|switch|p2a: Alomomola|Alomomola, M, shiny|99/100 brn\n|move|p1a: Corviknight|Roost|p1a: Corviknight\n|-heal|p1a: Corviknight|100/100\n|-singleturn|p1a: Corviknight|move: Roost\n|\n|-damage|p2a: Alomomola|93/100 brn|[from] brn\n|upkeep\n|turn|6\n|\n|t:|1782553961\n|move|p1a: Corviknight|Body Press|p2a: Alomomola\n|-damage|p2a: Alomomola|77/100 brn\n|-damage|p1a: Corviknight|84/100|[from] item: Rocky Helmet|[of] p2a: Alomomola\n|move|p2a: Alomomola|Flip Turn|p1a: Corviknight\n|-damage|p1a: Corviknight|79/100\n|\n|t:|1782553965\n|switch|p2a: Sinistcha|Sinistcha, shiny|100/100|[from] Flip Turn\n|\n|upkeep\n|turn|7\n|\n|t:|1782553973\n|switch|p1a: Cinderace|Cinderace, F|65/100\n|move|p2a: Sinistcha|Shadow Ball|p1a: Cinderace\n|-damage|p1a: Cinderace|20/100\n|-unboost|p1a: Cinderace|spd|1\n|\n|upkeep\n|turn|8\n|\n|t:|1782553979\n|switch|p2a: Alomomola|Alomomola, M, shiny|100/100 brn\n|move|p1a: Cinderace|Pyro Ball|p2a: Alomomola\n|-resisted|p2a: Alomomola\n|-damage|p2a: Alomomola|76/100 brn\n|\n|-damage|p2a: Alomomola|70/100 brn|[from] brn\n|upkeep\n|turn|9\n|\n|t:|1782553982\n|switch|p1a: Raging Bolt|Raging Bolt|100/100\n|move|p2a: Alomomola|Flip Turn|p1a: Raging Bolt\n|-resisted|p1a: Raging Bolt\n|-damage|p1a: Raging Bolt|96/100\n|\n|t:|1782553987\n|switch|p2a: Frosmoth|Frosmoth, F, shiny|100/100|[from] Flip Turn\n|\n|upkeep\n|turn|10\n|\n|t:|1782553994\n|move|p1a: Raging Bolt|Volt Switch|p2a: Frosmoth\n|-damage|p2a: Frosmoth|75/100\n|\n|t:|1782553998\n|-end|p1a: Raging Bolt|Protosynthesis|[silent]\n|switch|p1a: Cinderace|Cinderace, F|20/100|[from] Volt Switch\n|move|p2a: Frosmoth|Ice Beam|p1a: Cinderace\n|-resisted|p1a: Cinderace\n|-damage|p1a: Cinderace|0 fnt\n|faint|p1a: Cinderace\n|\n|-heal|p2a: Frosmoth|81/100|[from] item: Leftovers\n|upkeep\n|\n|t:|1782554001\n|switch|p1a: Slowking|Slowking-Galar, M|100/100\n|turn|11\n|\n|t:|1782554004\n|move|p2a: Frosmoth|Substitute|p2a: Frosmoth\n|-start|p2a: Frosmoth|Substitute\n|-damage|p2a: Frosmoth|56/100\n|move|p1a: Slowking|Sludge Bomb|p2a: Frosmoth\n|-activate|p2a: Frosmoth|move: Substitute|[damage]\n|\n|-heal|p2a: Frosmoth|62/100|[from] item: Leftovers\n|upkeep\n|turn|12\n|\n|t:|1782554009\n|move|p2a: Frosmoth|Quiver Dance|p2a: Frosmoth\n|-boost|p2a: Frosmoth|spa|1\n|-boost|p2a: Frosmoth|spd|1\n|-boost|p2a: Frosmoth|spe|1\n|move|p1a: Slowking|Future Sight|p2a: Frosmoth\n|-start|p1a: Slowking|move: Future Sight\n|\n|-heal|p2a: Frosmoth|68/100|[from] item: Leftovers\n|upkeep\n|turn|13\n|\n|t:|1782554014\n|move|p2a: Frosmoth|Quiver Dance|p2a: Frosmoth\n|-boost|p2a: Frosmoth|spa|1\n|-boost|p2a: Frosmoth|spd|1\n|-boost|p2a: Frosmoth|spe|1\n|-prepare|p1a: Slowking|Chilly Reception|[premajor]\n|move|p1a: Slowking|Chilly Reception|p1a: Slowking\n|-weather|Snowscape\n|\n|t:|1782554017\n|switch|p1a: Dondozo|Dondozo, F|100/100|[from] Chilly Reception\n|\n|-weather|Snowscape|[upkeep]\n|-heal|p2a: Frosmoth|74/100|[from] item: Leftovers\n|upkeep\n|turn|14\n|\n|t:|1782554020\n|-terastallize|p1a: Dondozo|Dark\n|move|p2a: Frosmoth|Bug Buzz|p1a: Dondozo\n|-supereffective|p1a: Dondozo\n|-damage|p1a: Dondozo|48/100\n|-unboost|p1a: Dondozo|spd|1\n|move|p1a: Dondozo|Curse|p1a: Dondozo\n|-unboost|p1a: Dondozo|spe|1\n|-boost|p1a: Dondozo|atk|1\n|-boost|p1a: Dondozo|def|1\n|\n|-weather|Snowscape|[upkeep]\n|-end|p2a: Frosmoth|move: Future Sight\n|-end|p2a: Frosmoth|Substitute\n|-heal|p2a: Frosmoth|80/100|[from] item: Leftovers\n|-heal|p1a: Dondozo|54/100|[from] item: Leftovers\n|upkeep\n|turn|15\n|\n|t:|1782554030\n|move|p2a: Frosmoth|Substitute|p2a: Frosmoth\n|-start|p2a: Frosmoth|Substitute\n|-damage|p2a: Frosmoth|55/100\n|move|p1a: Dondozo|Liquidation|p2a: Frosmoth\n|-end|p2a: Frosmoth|Substitute\n|\n|-weather|Snowscape|[upkeep]\n|-heal|p2a: Frosmoth|61/100|[from] item: Leftovers\n|-heal|p1a: Dondozo|60/100|[from] item: Leftovers\n|upkeep\n|turn|16\n|\n|t:|1782554034\n|move|p2a: Frosmoth|Bug Buzz|p1a: Dondozo\n|-supereffective|p1a: Dondozo\n|-damage|p1a: Dondozo|0 fnt\n|faint|p1a: Dondozo\n|\n|-weather|Snowscape|[upkeep]\n|-heal|p2a: Frosmoth|67/100|[from] item: Leftovers\n|upkeep\n|l|☆The real kurt tay\n|inactive|The real kurt tay disconnected and has a minute to reconnect!\n|player|p1|\n|inactive|The real kurt tay has 30 seconds to reconnect!\n|inactive|The real kurt tay has 20 seconds to reconnect!\n|inactive|The real kurt tay has 15 seconds to reconnect!\n|inactive|The real kurt tay has 10 seconds to reconnect!\n|inactive|The real kurt tay has 5 seconds to reconnect!\n|-message|The real kurt tay lost due to inactivity.\n|\n|win|eros maniac\n|raw|The real kurt tay's rating: 1528 &rarr; <strong>1520</strong><br />(-8 for losing)\n|raw|eros maniac's rating: 1767 &rarr; <strong>1775</strong><br />(+8 for winning)\n|l|☆eros maniac\n|player|p2|\n", "uploadtime": 1782554274, "views": 7, "formatid": "gen9ou", "rating": 1520, "private": 0, "password": null}