{"id": "gen9ou-2647752939", "format": "[Gen 9] OU", "players": ["fly casanova", "DriftedEx"], "log": "|j|☆fly casanova\n|j|☆DriftedEx\n|t:|1783806730\n|gametype|singles\n|player|p1|fly casanova|gamer-gen3|1570\n|player|p2|DriftedEx|rocketgrunt|1648\n|gen|9\n|tier|[Gen 9] OU\n|rated|\n|rule|HP Percentage Mod: HP is shown in percentages\n|rule|Endless Battle Clause: Forcing endless battles is banned\n|rule|Species Clause: Limit one of each Pokémon\n|rule|OHKO Clause: OHKO moves are banned\n|rule|Evasion Items Clause: Evasion items are banned\n|rule|Evasion Moves Clause: Evasion moves are banned\n|rule|Evasion Abilities Clause: Evasion abilities are banned\n|rule|Sleep Moves Clause: Sleep-inducing moves are banned\n|clearpoke\n|poke|p1|Manaphy|\n|poke|p1|Cinderace, F|\n|poke|p1|Gholdengo|\n|poke|p1|Ting-Lu|\n|poke|p1|Ogerpon-Cornerstone, F|\n|poke|p1|Enamorus, F|\n|poke|p2|Dragapult, M|\n|poke|p2|Dragonite, F|\n|poke|p2|Ting-Lu|\n|poke|p2|Weezing-Galar, F|\n|poke|p2|Iron Crown|\n|poke|p2|Zapdos|\n|teampreview\n|inactive|Battle timer is ON: inactive players will automatically lose when time's up. (requested by DriftedEx)\n|j| Budew It\n|l| Budew It\n|\n|t:|1783806747\n|teamsize|p1|6\n|teamsize|p2|6\n|start\n|switch|p1a: Gholdengo|Gholdengo|100/100\n|switch|p2a: Ting-Lu|Ting-Lu|100/100\n|-ability|p2a: Ting-Lu|Vessel of Ruin\n|turn|1\n|\n|t:|1783806749\n|move|p1a: Gholdengo|Trick|p2a: Ting-Lu\n|-activate|p1a: Gholdengo|move: Trick|[of] p2a: Ting-Lu\n|-item|p2a: Ting-Lu|Choice Scarf|[from] move: Trick\n|-item|p1a: Gholdengo|Leftovers|[from] move: Trick\n|move|p2a: Ting-Lu|Stealth Rock|p1a: Gholdengo\n|-sidestart|p1: fly casanova|move: Stealth Rock\n|\n|upkeep\n|turn|2\n|\n|t:|1783806752\n|switch|p1a: Cinderace|Cinderace, F|100/100\n|switch|p2a: Zapdos|Zapdos|100/100\n|\n|upkeep\n|turn|3\n|\n|t:|1783806755\n|switch|p1a: Ting-Lu|Ting-Lu|100/100\n|-damage|p1a: Ting-Lu|94/100|[from] Stealth Rock\n|-ability|p1a: Ting-Lu|Vessel of Ruin\n|move|p2a: Zapdos|Hurricane|p1a: Ting-Lu\n|-damage|p1a: Ting-Lu|72/100\n|\n|-heal|p1a: Ting-Lu|79/100|[from] item: Leftovers\n|upkeep\n|turn|4\n|\n|t:|1783806761\n|switch|p2a: Ting-Lu|Ting-Lu|100/100\n|-ability|p2a: Ting-Lu|Vessel of Ruin\n|switch|p1a: Cinderace|Cinderace, F|100/100\n|\n|upkeep\n|turn|5\n|\n|t:|1783806765\n|move|p1a: Cinderace|Will-O-Wisp|p2a: Ting-Lu\n|-status|p2a: Ting-Lu|brn\n|move|p2a: Ting-Lu|Earthquake|p1a: Cinderace\n|-supereffective|p1a: Cinderace\n|-damage|p1a: Cinderace|46/100\n|\n|-damage|p2a: Ting-Lu|94/100 brn|[from] brn\n|upkeep\n|turn|6\n|\n|t:|1783806768\n|switch|p2a: Zapdos|Zapdos|100/100\n|move|p1a: Cinderace|U-turn|p2a: Zapdos\n|-resisted|p2a: Zapdos\n|-damage|p2a: Zapdos|88/100\n|\n|t:|1783806776\n|switch|p1a: Gholdengo|Gholdengo|100/100|[from] U-turn\n|-damage|p1a: Gholdengo|94/100|[from] Stealth Rock\n|\n|-heal|p1a: Gholdengo|100/100|[from] item: Leftovers\n|upkeep\n|turn|7\n|\n|t:|1783806778\n|move|p2a: Zapdos|Heat Wave|p1a: Gholdengo\n|-supereffective|p1a: Gholdengo\n|-damage|p1a: Gholdengo|25/100\n|move|p1a: Gholdengo|Shadow Ball|p2a: Zapdos\n|-damage|p2a: Zapdos|37/100\n|\n|-heal|p1a: Gholdengo|31/100|[from] item: Leftovers\n|upkeep\n|turn|8\n|\n|t:|1783806781\n|switch|p1a: Ting-Lu|Ting-Lu|79/100\n|-damage|p1a: Ting-Lu|72/100|[from] Stealth Rock\n|-ability|p1a: Ting-Lu|Vessel of Ruin\n|move|p2a: Zapdos|Roost|p2a: Zapdos\n|-heal|p2a: Zapdos|88/100\n|-singleturn|p2a: Zapdos|move: Roost\n|\n|-heal|p1a: Ting-Lu|79/100|[from] item: Leftovers\n|upkeep\n|turn|9\n|\n|t:|1783806784\n|move|p2a: Zapdos|Hurricane|p1a: Ting-Lu|[miss]\n|-miss|p2a: Zapdos|p1a: Ting-Lu\n|move|p1a: Ting-Lu|Whirlwind|p2a: Zapdos\n|drag|p2a: Iron Crown|Iron Crown|100/100\n|\n|-heal|p1a: Ting-Lu|85/100|[from] item: Leftovers\n|upkeep\n|turn|10\n|\n|t:|1783806789\n|switch|p1a: Cinderace|Cinderace, F|46/100\n|move|p2a: Iron Crown|Focus Blast|p1a: Cinderace\n|-damage|p1a: Cinderace|0 fnt\n|faint|p1a: Cinderace\n|\n|upkeep\n|\n|t:|1783806796\n|switch|p1a: Ting-Lu|Ting-Lu|85/100\n|-damage|p1a: Ting-Lu|79/100|[from] Stealth Rock\n|-ability|p1a: Ting-Lu|Vessel of Ruin\n|turn|11\n|\n|t:|1783806798\n|move|p2a: Iron Crown|Focus Blast|p1a: Ting-Lu\n|-supereffective|p1a: Ting-Lu\n|-damage|p1a: Ting-Lu|28/100\n|move|p1a: Ting-Lu|Stealth Rock|p2a: Iron Crown\n|-sidestart|p2: DriftedEx|move: Stealth Rock\n|\n|-heal|p1a: Ting-Lu|34/100|[from] item: Leftovers\n|upkeep\n|turn|12\n|\n|t:|1783806801\n|switch|p1a: Gholdengo|Gholdengo|31/100\n|-damage|p1a: Gholdengo|25/100|[from] Stealth Rock\n|move|p2a: Iron Crown|Focus Blast|p1a: Gholdengo\n|-immune|p1a: Gholdengo\n|\n|-heal|p1a: Gholdengo|31/100|[from] item: Leftovers\n|upkeep\n|turn|13\n|\n|t:|1783806807\n|-end|p2a: Iron Crown|Quark Drive|[silent]\n|switch|p2a: Zapdos|Zapdos|88/100\n|move|p1a: Gholdengo|Dazzling Gleam|p2a: Zapdos\n|-damage|p2a: Zapdos|55/100\n|\n|-heal|p1a: Gholdengo|37/100|[from] item: Leftovers\n|upkeep\n|turn|14\n|\n|t:|1783806808\n|move|p2a: Zapdos|Heat Wave|p1a: Gholdengo\n|-supereffective|p1a: Gholdengo\n|-damage|p1a: Gholdengo|0 fnt\n|faint|p1a: Gholdengo\n|\n|upkeep\n|\n|t:|1783806810\n|switch|p1a: Ogerpon|Ogerpon-Cornerstone, F|100/100\n|-damage|p1a: Ogerpon|88/100|[from] Stealth Rock\n|turn|15\n|\n|t:|1783806813\n|switch|p2a: Weezing|Weezing-Galar, F|100/100\n|-ability|p2a: Weezing|Neutralizing Gas\n|move|p1a: Ogerpon|Swords Dance|p1a: Ogerpon\n|-boost|p1a: Ogerpon|atk|2\n|\n|upkeep\n|turn|16\n|\n|t:|1783806815\n|-terastallize|p1a: Ogerpon|Rock\n|detailschange|p1a: Ogerpon|Ogerpon-Cornerstone-Tera, F, tera:Rock\n|move|p1a: Ogerpon|Ivy Cudgel|p2a: Weezing|[anim] Ivy Cudgel Rock\n|-damage|p2a: Weezing|5/100\n|move|p2a: Weezing|Will-O-Wisp|p1a: Ogerpon\n|-status|p1a: Ogerpon|brn\n|\n|-damage|p1a: Ogerpon|82/100 brn|[from] brn\n|upkeep\n|turn|17\n|\n|t:|1783806817\n|move|p1a: Ogerpon|Ivy Cudgel|p2a: Weezing|[anim] Ivy Cudgel Rock\n|-damage|p2a: Weezing|0 fnt\n|faint|p2a: Weezing\n|-end|p2a: Weezing|ability: Neutralizing Gas\n|-ability|p1a: Ogerpon|Embody Aspect (Cornerstone)|boost\n|-boost|p1a: Ogerpon|def|1\n|\n|-damage|p1a: Ogerpon|76/100 brn|[from] brn\n|upkeep\n|\n|t:|1783806821\n|switch|p2a: Dragapult|Dragapult, M|100/100\n|turn|18\n|\n|t:|1783806823\n|move|p2a: Dragapult|Hex|p1a: Ogerpon\n|-damage|p1a: Ogerpon|9/100 brn\n|move|p1a: Ogerpon|Ivy Cudgel|p2a: Dragapult|[anim] Ivy Cudgel Rock\n|-damage|p2a: Dragapult|0 fnt\n|faint|p2a: Dragapult\n|\n|-damage|p1a: Ogerpon|3/100 brn|[from] brn\n|upkeep\n|\n|t:|1783806829\n|switch|p2a: Dragonite|Dragonite, F|100/100\n|turn|19\n|\n|t:|1783806833\n|move|p2a: Dragonite|Extreme Speed|p1a: Ogerpon\n|-resisted|p1a: Ogerpon\n|-damage|p1a: Ogerpon|0 fnt\n|faint|p1a: Ogerpon\n|detailschange|p1: Ogerpon|Ogerpon-Cornerstone, F|[silent]\n|\n|upkeep\n|\n|t:|1783806836\n|switch|p1a: Enamorus|Enamorus, F|100/100\n|-damage|p1a: Enamorus|76/100|[from] Stealth Rock\n|turn|20\n|\n|t:|1783806839\n|switch|p2a: Zapdos|Zapdos|55/100\n|move|p1a: Enamorus|Moonblast|p2a: Zapdos\n|-damage|p2a: Zapdos|0 fnt\n|faint|p2a: Zapdos\n|\n|-heal|p1a: Enamorus|82/100|[from] item: Leftovers\n|upkeep\n|\n|t:|1783806840\n|switch|p2a: Iron Crown|Iron Crown|100/100\n|-damage|p2a: Iron Crown|94/100|[from] Stealth Rock\n|turn|21\n|\n|t:|1783806842\n|move|p1a: Enamorus|Earth Power|p2a: Iron Crown\n|-supereffective|p2a: Iron Crown\n|-damage|p2a: Iron Crown|29/100\n|move|p2a: Iron Crown|Psyshock|p1a: Enamorus\n|-damage|p1a: Enamorus|0 fnt\n|faint|p1a: Enamorus\n|\n|upkeep\n|\n|t:|1783806845\n|switch|p1a: Manaphy|Manaphy|100/100\n|-damage|p1a: Manaphy|88/100|[from] Stealth Rock\n|turn|22\n|\n|t:|1783806846\n|move|p2a: Iron Crown|Psyshock|p1a: Manaphy\n|-damage|p1a: Manaphy|46/100\n|move|p1a: Manaphy|Take Heart|p1a: Manaphy\n|-boost|p1a: Manaphy|spa|1\n|-boost|p1a: Manaphy|spd|1\n|\n|-heal|p1a: Manaphy|52/100|[from] item: Leftovers\n|upkeep\n|turn|23\n|\n|t:|1783806848\n|move|p2a: Iron Crown|Psyshock|p1a: Manaphy\n|-damage|p1a: Manaphy|12/100\n|move|p1a: Manaphy|Rest|p1a: Manaphy\n|-status|p1a: Manaphy|slp|[from] move: Rest\n|-heal|p1a: Manaphy|100/100 slp|[silent]\n|\n|upkeep\n|turn|24\n|\n|t:|1783806851\n|move|p2a: Iron Crown|Psyshock|p1a: Manaphy\n|-damage|p1a: Manaphy|60/100 slp\n|cant|p1a: Manaphy|slp\n|move|p1a: Manaphy|Sleep Talk|p1a: Manaphy\n|move|p1a: Manaphy|Rest||[from] move: Sleep Talk|[still]\n|-fail|p1a: Manaphy\n|\n|-heal|p1a: Manaphy|66/100 slp|[from] item: Leftovers\n|upkeep\n|turn|25\n|\n|t:|1783806855\n|move|p2a: Iron Crown|Psyshock|p1a: Manaphy\n|-damage|p1a: Manaphy|28/100 slp\n|cant|p1a: Manaphy|slp\n|move|p1a: Manaphy|Sleep Talk|p1a: Manaphy\n|move|p1a: Manaphy|Take Heart|p1a: Manaphy|[from] move: Sleep Talk\n|-boost|p1a: Manaphy|spa|1\n|-boost|p1a: Manaphy|spd|1\n|-curestatus|p1a: Manaphy|slp|[msg]\n|\n|-heal|p1a: Manaphy|34/100|[from] item: Leftovers\n|upkeep\n|turn|26\n|\n|t:|1783806858\n|move|p2a: Iron Crown|Psyshock|p1a: Manaphy\n|-damage|p1a: Manaphy|0 fnt\n|faint|p1a: Manaphy\n|\n|upkeep\n|-message|fly casanova forfeited.\n|\n|win|DriftedEx\n|raw|fly casanova's rating: 1570 &rarr; <strong>1554</strong><br />(-16 for losing)\n|raw|DriftedEx's rating: 1648 &rarr; <strong>1664</strong><br />(+16 for winning)\n", "uploadtime": 1783806862, "views": 21, "formatid": "gen9ou", "rating": 1554, "private": 0, "password": null}