{"id": "gen9ou-2639290442", "format": "[Gen 9] OU", "players": ["MasterJeyX", "Hulo777"], "log": "|j|☆MasterJeyX\n|j|☆Hulo777\n|t:|1782446836\n|gametype|singles\n|player|p1|MasterJeyX|riley|1118\n|player|p2|Hulo777|lucas-gen4pt|1137\n|gen|9\n|tier|[Gen 9] OU\n|rated|\n|rule|HP Percentage Mod: HP is shown in percentages\n|rule|Endless Battle Clause: Forcing endless battles is banned\n|rule|Species Clause: Limit one of each Pokémon\n|rule|OHKO Clause: OHKO moves are banned\n|rule|Evasion Items Clause: Evasion items are banned\n|rule|Evasion Moves Clause: Evasion moves are banned\n|rule|Evasion Abilities Clause: Evasion abilities are banned\n|rule|Sleep Moves Clause: Sleep-inducing moves are banned\n|clearpoke\n|poke|p1|Meowscarada, M|\n|poke|p1|Espeon, F|\n|poke|p1|Araquanid, F|\n|poke|p1|Toxtricity, F|\n|poke|p1|Sandaconda, M|\n|poke|p1|Cyclizar, F|\n|poke|p2|Iron Valiant|\n|poke|p2|Rillaboom, M|\n|poke|p2|Dragapult, F|\n|poke|p2|Greninja-*, F|\n|poke|p2|Gliscor, M|\n|poke|p2|Moltres-Galar|\n|teampreview\n|inactive|Battle timer is ON: inactive players will automatically lose when time's up. (requested by MasterJeyX)\n|\n|t:|1782446858\n|teamsize|p1|6\n|teamsize|p2|6\n|start\n|switch|p1a: Araquanid|Araquanid, F, shiny|100/100\n|switch|p2a: GorillaZ|Rillaboom, M|100/100\n|-fieldstart|move: Grassy Terrain|[from] ability: Grassy Surge|[of] p2a: GorillaZ\n|turn|1\n|\n|t:|1782446867\n|move|p2a: GorillaZ|Swords Dance|p2a: GorillaZ\n|-boost|p2a: GorillaZ|atk|2\n|move|p1a: Araquanid|Sticky Web|p2a: GorillaZ\n|-sidestart|p2: Hulo777|move: Sticky Web\n|\n|upkeep\n|turn|2\n|\n|t:|1782446875\n|move|p2a: GorillaZ|Knock Off|p1a: Araquanid\n|-damage|p1a: Araquanid|10/100\n|-enditem|p1a: Araquanid|Leftovers|[from] move: Knock Off|[of] p2a: GorillaZ\n|-damage|p2a: GorillaZ|91/100|[from] item: Life Orb\n|move|p1a: Araquanid|Leech Life|p2a: GorillaZ\n|-supereffective|p2a: GorillaZ\n|-damage|p2a: GorillaZ|29/100\n|-heal|p1a: Araquanid|40/100|[from] drain|[of] p2a: GorillaZ\n|\n|-heal|p2a: GorillaZ|35/100|[from] Grassy Terrain\n|-heal|p1a: Araquanid|47/100|[from] Grassy Terrain\n|upkeep\n|turn|3\n|\n|t:|1782446889\n|move|p2a: GorillaZ|Grassy Glide|p1a: Araquanid\n|-damage|p1a: Araquanid|0 fnt\n|faint|p1a: Araquanid\n|-damage|p2a: GorillaZ|25/100|[from] item: Life Orb\n|\n|-heal|p2a: GorillaZ|31/100|[from] Grassy Terrain\n|upkeep\n|\n|t:|1782446899\n|switch|p1a: Cyclizar|Cyclizar, F|100/100\n|turn|4\n|\n|t:|1782446905\n|move|p2a: GorillaZ|Grassy Glide|p1a: Cyclizar\n|-resisted|p1a: Cyclizar\n|-damage|p1a: Cyclizar|24/100\n|-damage|p2a: GorillaZ|22/100|[from] item: Life Orb\n|move|p1a: Cyclizar|U-turn|p2a: GorillaZ\n|-supereffective|p2a: GorillaZ\n|-damage|p2a: GorillaZ|0 fnt\n|faint|p2a: GorillaZ\n|\n|t:|1782446920\n|switch|p1a: Espeon|Espeon, F|100/100|[from] U-turn\n|\n|upkeep\n|\n|t:|1782446924\n|switch|p2a: XxBirdxX|Moltres-Galar|100/100\n|turn|5\n|\n|t:|1782446931\n|-terastallize|p1a: Espeon|Fairy\n|move|p1a: Espeon|Calm Mind|p1a: Espeon\n|-boost|p1a: Espeon|spa|1\n|-boost|p1a: Espeon|spd|1\n|move|p2a: XxBirdxX|Fiery Wrath|p1a: Espeon\n|-resisted|p1a: Espeon\n|-damage|p1a: Espeon|85/100\n|\n|-heal|p1a: Espeon|91/100|[from] Grassy Terrain\n|-heal|p1a: Espeon|97/100|[from] item: Leftovers\n|-fieldend|move: Grassy Terrain\n|upkeep\n|turn|6\n|\n|t:|1782446945\n|switch|p2a: Sicario|Iron Valiant|100/100\n|-activate|p2a: Sicario|move: Sticky Web\n|-unboost|p2a: Sicario|spe|1\n|-enditem|p2a: Sicario|Booster Energy\n|-activate|p2a: Sicario|ability: Quark Drive|[fromitem]\n|-start|p2a: Sicario|quarkdriveatk\n|move|p1a: Espeon|Calm Mind|p1a: Espeon\n|-boost|p1a: Espeon|spa|1\n|-boost|p1a: Espeon|spd|1\n|\n|-heal|p1a: Espeon|100/100|[from] item: Leftovers\n|upkeep\n|turn|7\n|\n|t:|1782446958\n|move|p1a: Espeon|Draining Kiss|p2a: Sicario\n|-supereffective|p2a: Sicario\n|-damage|p2a: Sicario|0 fnt\n|faint|p2a: Sicario\n|-end|p2a: Sicario|Quark Drive|[silent]\n|\n|upkeep\n|\n|t:|1782446963\n|switch|p2a: Assassino|Greninja, F|100/100\n|-activate|p2a: Assassino|move: Sticky Web\n|-unboost|p2a: Assassino|spe|1\n|turn|8\n|\n|t:|1782446969\n|move|p1a: Espeon|Draining Kiss|p2a: Assassino\n|-supereffective|p2a: Assassino\n|-damage|p2a: Assassino|0 fnt\n|faint|p2a: Assassino\n|\n|upkeep\n|\n|t:|1782446974\n|switch|p2a: Grimm|Gliscor, M|100/100\n|turn|9\n|\n|t:|1782446981\n|move|p1a: Espeon|Calm Mind|p1a: Espeon\n|-boost|p1a: Espeon|spa|1\n|-boost|p1a: Espeon|spd|1\n|move|p2a: Grimm|Earthquake|p1a: Espeon\n|-damage|p1a: Espeon|30/100\n|\n|-heal|p1a: Espeon|36/100|[from] item: Leftovers\n|-status|p2a: Grimm|tox|[from] item: Toxic Orb\n|upkeep\n|turn|10\n|\n|t:|1782446991\n|move|p1a: Espeon|Draining Kiss|p2a: Grimm\n|-damage|p2a: Grimm|7/100 tox\n|-heal|p1a: Espeon|98/100|[from] drain|[of] p2a: Grimm\n|move|p2a: Grimm|Facade|p1a: Espeon\n|-damage|p1a: Espeon|35/100\n|\n|-heal|p1a: Espeon|41/100|[from] item: Leftovers\n|-heal|p2a: Grimm|19/100 tox|[from] ability: Poison Heal\n|upkeep\n|turn|11\n|\n|t:|1782447003\n|move|p1a: Espeon|Draining Kiss|p2a: Grimm\n|-damage|p2a: Grimm|0 fnt\n|-heal|p1a: Espeon|53/100|[from] drain|[of] p2a: Grimm\n|faint|p2a: Grimm\n|\n|-heal|p1a: Espeon|59/100|[from] item: Leftovers\n|upkeep\n|\n|t:|1782447011\n|switch|p2a: Atomic|Dragapult, F|100/100\n|-activate|p2a: Atomic|move: Sticky Web\n|-fail|p2a: Atomic|unboost|[from] ability: Clear Body|[of] p2a: Atomic\n|turn|12\n|\n|t:|1782447017\n|move|p2a: Atomic|Shadow Ball|p1a: Espeon\n|-damage|p1a: Espeon|43/100\n|-damage|p2a: Atomic|91/100|[from] item: Life Orb\n|move|p1a: Espeon|Draining Kiss|p2a: Atomic\n|-supereffective|p2a: Atomic\n|-damage|p2a: Atomic|0 fnt\n|-heal|p1a: Espeon|100/100|[from] drain|[of] p2a: Atomic\n|faint|p2a: Atomic\n|\n|upkeep\n|\n|t:|1782447028\n|switch|p2a: XxBirdxX|Moltres-Galar|100/100\n|turn|13\n|\n|t:|1782447033\n|move|p1a: Espeon|Draining Kiss|p2a: XxBirdxX\n|-supereffective|p2a: XxBirdxX\n|-damage|p2a: XxBirdxX|0 fnt\n|faint|p2a: XxBirdxX\n|\n|win|MasterJeyX\n|raw|MasterJeyX's rating: 1118 &rarr; <strong>1144</strong><br />(+26 for winning)\n|raw|Hulo777's rating: 1137 &rarr; <strong>1111</strong><br />(-26 for losing)\n|l|☆MasterJeyX\n|player|p1|\n|l|☆Hulo777\n|player|p2|\n", "uploadtime": 1782447358, "views": 7, "formatid": "gen9ou", "rating": 1111, "private": 0, "password": null}