{"id": "gen9ou-2639223063", "format": "[Gen 9] OU", "players": ["cafepinguino", "Vecary"], "log": "|j|☆cafepinguino\n|j|☆Vecary\n|t:|1782436501\n|gametype|singles\n|player|p1|cafepinguino|morty|1315\n|player|p2|Vecary|102|1281\n|gen|9\n|tier|[Gen 9] OU\n|rated|\n|rule|HP Percentage Mod: HP is shown in percentages\n|rule|Endless Battle Clause: Forcing endless battles is banned\n|rule|Species Clause: Limit one of each Pokémon\n|rule|OHKO Clause: OHKO moves are banned\n|rule|Evasion Items Clause: Evasion items are banned\n|rule|Evasion Moves Clause: Evasion moves are banned\n|rule|Evasion Abilities Clause: Evasion abilities are banned\n|rule|Sleep Moves Clause: Sleep-inducing moves are banned\n|clearpoke\n|poke|p1|Darkrai|\n|poke|p1|Clefable, M|\n|poke|p1|Entei|\n|poke|p1|Goodra-Hisui, M|\n|poke|p1|Ursaluna, M|\n|poke|p1|Azumarill, F|\n|poke|p2|Darkrai|\n|poke|p2|Garchomp, M|\n|poke|p2|Alomomola, M|\n|poke|p2|Corviknight, F|\n|poke|p2|Weezing-Galar, M|\n|poke|p2|Ogerpon, F|\n|teampreview\n|inactive|Battle timer is ON: inactive players will automatically lose when time's up. (requested by cafepinguino)\n|\n|t:|1782436528\n|teamsize|p1|6\n|teamsize|p2|6\n|start\n|switch|p1a: Ursaluna|Ursaluna, M|100/100\n|switch|p2a: Garchomp|Garchomp, M|100/100\n|turn|1\n|\n|t:|1782436533\n|move|p1a: Ursaluna|Protect|p1a: Ursaluna\n|-singleturn|p1a: Ursaluna|Protect\n|move|p2a: Garchomp|Stealth Rock|p1a: Ursaluna\n|-sidestart|p1: cafepinguino|move: Stealth Rock\n|\n|-status|p1a: Ursaluna|brn|[from] item: Flame Orb\n|upkeep\n|turn|2\n|inactive|Vecary has 120 seconds left.\n|\n|t:|1782436566\n|move|p2a: Garchomp|Spikes|p1a: Ursaluna\n|-sidestart|p1: cafepinguino|Spikes\n|move|p1a: Ursaluna|Facade|p2a: Garchomp\n|-damage|p2a: Garchomp|25/100\n|-damage|p1a: Ursaluna|88/100 brn|[from] ability: Rough Skin|[of] p2a: Garchomp\n|-damage|p1a: Ursaluna|71/100 brn|[from] item: Rocky Helmet|[of] p2a: Garchomp\n|\n|-damage|p1a: Ursaluna|65/100 brn|[from] brn\n|upkeep\n|turn|3\n|\n|t:|1782436571\n|-terastallize|p2a: Garchomp|Ghost\n|move|p1a: Ursaluna|Facade|p2a: Garchomp\n|-immune|p2a: Garchomp\n|move|p2a: Garchomp|Dragon Tail|p1a: Ursaluna\n|-damage|p1a: Ursaluna|47/100 brn\n|drag|p1a: Clefable|Clefable, M|100/100\n|\n|upkeep\n|turn|4\n|inactive|Vecary has 120 seconds left.\n|inactive|Vecary has 90 seconds left.\n|\n|t:|1782436622\n|switch|p2a: Corviknight|Corviknight, F|100/100\n|-ability|p2a: Corviknight|Pressure\n|move|p1a: Clefable|Moonblast|p2a: Corviknight\n|-resisted|p2a: Corviknight\n|-damage|p2a: Corviknight|87/100\n|\n|-heal|p2a: Corviknight|94/100|[from] item: Leftovers\n|upkeep\n|turn|5\n|inactive|Vecary has 90 seconds left.\n|\n|t:|1782436632\n|move|p1a: Clefable|Calm Mind|p1a: Clefable\n|-boost|p1a: Clefable|spa|1\n|-boost|p1a: Clefable|spd|1\n|move|p2a: Corviknight|U-turn|p1a: Clefable\n|-resisted|p1a: Clefable\n|-damage|p1a: Clefable|95/100\n|inactive|Vecary has 90 seconds left.\n|\n|t:|1782436641\n|switch|p2a: Garchomp|Garchomp, M, tera:Ghost|25/100|[from] U-turn\n|\n|upkeep\n|turn|6\n|\n|t:|1782436645\n|move|p2a: Garchomp|Earthquake|p1a: Clefable\n|-damage|p1a: Clefable|65/100\n|move|p1a: Clefable|Moonblast|p2a: Garchomp\n|-damage|p2a: Garchomp|0 fnt\n|faint|p2a: Garchomp\n|\n|upkeep\n|\n|t:|1782436651\n|switch|p2a: Weezing|Weezing-Galar, M|100/100\n|-ability|p2a: Weezing|Neutralizing Gas\n|turn|7\n|\n|t:|1782436658\n|switch|p1a: Goodra|Goodra-Hisui, M|100/100\n|-damage|p1a: Goodra|94/100|[from] Stealth Rock\n|-damage|p1a: Goodra|82/100|[from] Spikes\n|move|p2a: Weezing|Sludge Bomb|p1a: Goodra\n|-immune|p1a: Goodra\n|\n|upkeep\n|turn|8\n|\n|t:|1782436667\n|-end|p2a: Weezing|ability: Neutralizing Gas\n|switch|p2a: Corviknight|Corviknight, F|94/100\n|-ability|p2a: Corviknight|Pressure\n|move|p1a: Goodra|Flash Cannon|p2a: Corviknight\n|-resisted|p2a: Corviknight\n|-damage|p2a: Corviknight|82/100\n|\n|-heal|p2a: Corviknight|89/100|[from] item: Leftovers\n|upkeep\n|turn|9\n|inactive|Vecary has 120 seconds left.\n|\n|t:|1782436688\n|switch|p1a: Entei|Entei|100/100\n|move|p2a: Corviknight|U-turn|p1a: Entei\n|-resisted|p1a: Entei\n|-damage|p1a: Entei|93/100\n|inactive|Vecary has 120 seconds left.\n|\n|t:|1782436701\n|switch|p2a: Alomomola|Alomomola, M|100/100|[from] U-turn\n|\n|upkeep\n|turn|10\n|\n|t:|1782436712\n|switch|p1a: Darkrai|Darkrai|100/100\n|-damage|p1a: Darkrai|88/100|[from] Stealth Rock\n|-damage|p1a: Darkrai|76/100|[from] Spikes\n|move|p2a: Alomomola|Flip Turn|p1a: Darkrai\n|-damage|p1a: Darkrai|54/100\n|inactive|Vecary has 120 seconds left.\n|\n|t:|1782436726\n|switch|p2a: Weezing|Weezing-Galar, M|100/100|[from] Flip Turn\n|-ability|p2a: Weezing|Neutralizing Gas\n|\n|upkeep\n|turn|11\n|\n|t:|1782436735\n|move|p1a: Darkrai|Ice Beam|p2a: Weezing\n|-damage|p2a: Weezing|54/100\n|move|p2a: Weezing|Will-O-Wisp|p1a: Darkrai\n|-status|p1a: Darkrai|brn\n|\n|-heal|p2a: Weezing|60/100|[from] item: Leftovers\n|-damage|p1a: Darkrai|48/100 brn|[from] brn\n|upkeep\n|turn|12\n|\n|t:|1782436741\n|move|p1a: Darkrai|Ice Beam|p2a: Weezing\n|-damage|p2a: Weezing|12/100\n|move|p2a: Weezing|Sludge Bomb|p1a: Darkrai\n|-damage|p1a: Darkrai|14/100 brn\n|\n|-heal|p2a: Weezing|18/100|[from] item: Leftovers\n|-damage|p1a: Darkrai|8/100 brn|[from] brn\n|upkeep\n|turn|13\n|\n|t:|1782436750\n|-end|p2a: Weezing|ability: Neutralizing Gas\n|switch|p2a: Alomomola|Alomomola, M|100/100\n|move|p1a: Darkrai|Thunder|p2a: Alomomola|[miss]\n|-miss|p1a: Darkrai|p2a: Alomomola\n|\n|-damage|p1a: Darkrai|2/100 brn|[from] brn\n|upkeep\n|turn|14\n|\n|t:|1782436755\n|move|p2a: Alomomola|Aqua Jet|p1a: Darkrai\n|-damage|p1a: Darkrai|0 fnt\n|faint|p1a: Darkrai\n|\n|upkeep\n|\n|t:|1782436763\n|switch|p1a: Azumarill <3|Azumarill, F|100/100\n|-damage|p1a: Azumarill <3|88/100|[from] Stealth Rock\n|-damage|p1a: Azumarill <3|76/100|[from] Spikes\n|turn|15\n|\n|t:|1782436773\n|move|p1a: Azumarill <3|Belly Drum|p1a: Azumarill <3\n|-damage|p1a: Azumarill <3|26/100\n|-setboost|p1a: Azumarill <3|atk|6|[from] move: Belly Drum\n|-enditem|p1a: Azumarill <3|Sitrus Berry|[eat]\n|-heal|p1a: Azumarill <3|51/100|[from] item: Sitrus Berry\n|move|p2a: Alomomola|Flip Turn|p1a: Azumarill <3\n|-resisted|p1a: Azumarill <3\n|-damage|p1a: Azumarill <3|42/100\n|\n|t:|1782436777\n|switch|p2a: Ogerpon|Ogerpon, F|100/100|[from] Flip Turn\n|\n|upkeep\n|turn|16\n|\n|t:|1782436785\n|-terastallize|p1a: Azumarill <3|Steel\n|move|p2a: Ogerpon|Ivy Cudgel|p1a: Azumarill <3\n|-resisted|p1a: Azumarill <3\n|-damage|p1a: Azumarill <3|17/100\n|move|p1a: Azumarill <3|Knock Off|p2a: Ogerpon\n|-damage|p2a: Ogerpon|0 fnt\n|-enditem|p2a: Ogerpon|Scope Lens|[from] move: Knock Off|[of] p1a: Azumarill <3\n|faint|p2a: Ogerpon\n|\n|upkeep\n|\n|t:|1782436790\n|switch|p2a: Darkrai|Darkrai|100/100\n|turn|17\n|\n|t:|1782436797\n|move|p1a: Azumarill <3|Aqua Jet|p2a: Darkrai\n|-damage|p2a: Darkrai|0 fnt\n|faint|p2a: Darkrai\n|\n|upkeep\n|\n|t:|1782436800\n|switch|p2a: Corviknight|Corviknight, F|89/100\n|-ability|p2a: Corviknight|Pressure\n|turn|18\n|\n|t:|1782436809\n|move|p1a: Azumarill <3|Aqua Jet|p2a: Corviknight\n|-damage|p2a: Corviknight|9/100\n|move|p2a: Corviknight|Brave Bird|p1a: Azumarill <3\n|-resisted|p1a: Azumarill <3\n|-damage|p1a: Azumarill <3|0 fnt\n|faint|p1a: Azumarill <3\n|-damage|p2a: Corviknight|4/100|[from] Recoil\n|\n|-heal|p2a: Corviknight|10/100|[from] item: Leftovers\n|upkeep\n|\n|t:|1782436820\n|switch|p1a: Entei|Entei|93/100\n|turn|19\n|\n|t:|1782436828\n|switch|p2a: Alomomola|Alomomola, M|100/100\n|move|p1a: Entei|Sacred Fire|p2a: Alomomola\n|-resisted|p2a: Alomomola\n|-damage|p2a: Alomomola|82/100\n|-status|p2a: Alomomola|brn\n|\n|-damage|p2a: Alomomola|75/100 brn|[from] brn\n|upkeep\n|turn|20\n|\n|t:|1782436835\n|switch|p1a: Goodra|Goodra-Hisui, M|82/100\n|-damage|p1a: Goodra|76/100|[from] Stealth Rock\n|-damage|p1a: Goodra|64/100|[from] Spikes\n|move|p2a: Alomomola|Body Slam|p1a: Goodra\n|-resisted|p1a: Goodra\n|-damage|p1a: Goodra|61/100\n|-ability|p1a: Goodra|Gooey\n|-unboost|p2a: Alomomola|spe|1\n|\n|-damage|p2a: Alomomola|69/100 brn|[from] brn\n|upkeep\n|turn|21\n|\n|t:|1782436848\n|move|p1a: Goodra|Draco Meteor|p2a: Alomomola\n|-damage|p2a: Alomomola|45/100 brn\n|-unboost|p1a: Goodra|spa|2\n|move|p2a: Alomomola|Mirror Coat|p1a: Goodra\n|-damage|p1a: Goodra|0 fnt\n|faint|p1a: Goodra\n|\n|-damage|p2a: Alomomola|39/100 brn|[from] brn\n|upkeep\n|\n|t:|1782436863\n|switch|p1a: Ursaluna|Ursaluna, M|47/100 brn\n|-damage|p1a: Ursaluna|41/100 brn|[from] Stealth Rock\n|-damage|p1a: Ursaluna|29/100 brn|[from] Spikes\n|turn|22\n|\n|t:|1782436871\n|switch|p2a: Weezing|Weezing-Galar, M|18/100\n|-ability|p2a: Weezing|Neutralizing Gas\n|move|p1a: Ursaluna|Facade|p2a: Weezing\n|-damage|p2a: Weezing|0 fnt\n|faint|p2a: Weezing\n|-end|p2a: Weezing|ability: Neutralizing Gas\n|\n|-damage|p1a: Ursaluna|22/100 brn|[from] brn\n|upkeep\n|\n|t:|1782436878\n|switch|p2a: Alomomola|Alomomola, M|72/100 brn\n|turn|23\n|\n|t:|1782436884\n|move|p2a: Alomomola|Aqua Jet|p1a: Ursaluna\n|-supereffective|p1a: Ursaluna\n|-damage|p1a: Ursaluna|14/100 brn\n|move|p1a: Ursaluna|Facade|p2a: Alomomola\n|-damage|p2a: Alomomola|0 fnt\n|faint|p2a: Alomomola\n|\n|-damage|p1a: Ursaluna|8/100 brn|[from] brn\n|upkeep\n|\n|t:|1782436887\n|switch|p2a: Corviknight|Corviknight, F|10/100\n|-ability|p2a: Corviknight|Pressure\n|turn|24\n|\n|t:|1782436892\n|move|p2a: Corviknight|Roost|p2a: Corviknight\n|-heal|p2a: Corviknight|60/100\n|-singleturn|p2a: Corviknight|move: Roost\n|move|p1a: Ursaluna|Earthquake|p2a: Corviknight\n|-supereffective|p2a: Corviknight\n|-damage|p2a: Corviknight|0 fnt\n|faint|p2a: Corviknight\n|\n|win|cafepinguino\n|raw|cafepinguino's rating: 1315 &rarr; <strong>1333</strong><br />(+18 for winning)\n|raw|Vecary's rating: 1281 &rarr; <strong>1258</strong><br />(-23 for losing)\n|l|☆Vecary\n|player|p2|\n|l|☆cafepinguino\n|player|p1|\n", "uploadtime": 1782437179, "views": 7, "formatid": "gen9ou", "rating": 1258, "private": 0, "password": null}