{"id": "gen9ou-2540926848", "format": "[Gen 9] OU", "players": ["exidudi", "waha8"], "log": "|j|☆exidudi\n|j|☆waha8\n|t:|1771267878\n|gametype|singles\n|player|p1|exidudi|102|1599\n|player|p2|waha8|101|1579\n|gen|9\n|tier|[Gen 9] OU\n|rated|\n|rule|HP Percentage Mod: HP is shown in percentages\n|rule|Endless Battle Clause: Forcing endless battles is banned\n|rule|Species Clause: Limit one of each Pokémon\n|rule|OHKO Clause: OHKO moves are banned\n|rule|Evasion Items Clause: Evasion items are banned\n|rule|Evasion Moves Clause: Evasion moves are banned\n|rule|Evasion Abilities Clause: Evasion abilities are banned\n|rule|Sleep Moves Clause: Sleep-inducing moves are banned\n|clearpoke\n|poke|p1|Noivern, F|\n|poke|p1|Ting-Lu|\n|poke|p1|Zamazenta-*|\n|poke|p1|Corviknight, M|\n|poke|p1|Alomomola, M|\n|poke|p1|Landorus-Therian, M|\n|poke|p2|Tsareena, F|\n|poke|p2|Vikavolt, F|\n|poke|p2|Ribombee, F|\n|poke|p2|Dragonite, M|\n|poke|p2|Hoopa-Unbound|\n|poke|p2|Indeedee, M|\n|teampreview\n|inactive|Battle timer is ON: inactive players will automatically lose when time's up. (requested by waha8)\n|\n|t:|1771267912\n|teamsize|p1|6\n|teamsize|p2|6\n|start\n|switch|p1a: Landorus|Landorus-Therian, M|100/100\n|switch|p2a: Mavis|Ribombee, F|100/100\n|-ability|p1a: Landorus|Intimidate|boost\n|-unboost|p2a: Mavis|atk|1\n|turn|1\n|\n|t:|1771267921\n|move|p2a: Mavis|Sticky Web|p1a: Landorus\n|-sidestart|p1: exidudi|move: Sticky Web\n|move|p1a: Landorus|Earthquake|p2a: Mavis\n|-resisted|p2a: Mavis\n|-damage|p2a: Mavis|50/100\n|\n|upkeep\n|turn|2\n|\n|t:|1771267949\n|switch|p2a: F1|Vikavolt, F|100/100\n|move|p1a: Landorus|Earthquake|p2a: F1\n|-immune|p2a: F1|[from] ability: Levitate\n|\n|upkeep\n|turn|3\n|\n|t:|1771267954\n|move|p1a: Landorus|Stone Edge|p2a: F1\n|-supereffective|p2a: F1\n|-damage|p2a: F1|2/100\n|move|p2a: F1|Agility|p2a: F1\n|-boost|p2a: F1|spe|2\n|\n|upkeep\n|turn|4\n|\n|t:|1771267964\n|move|p2a: F1|Bug Buzz|p1a: Landorus\n|-resisted|p1a: Landorus\n|-damage|p1a: Landorus|63/100\n|-enditem|p2a: F1|Throat Spray\n|-boost|p2a: F1|spa|1|[from] item: Throat Spray\n|move|p1a: Landorus|U-turn|p2a: F1\n|-damage|p2a: F1|0 fnt\n|faint|p2a: F1\n|\n|t:|1771267968\n|switch|p1a: Noivern|Noivern, F|100/100|[from] U-turn\n|\n|upkeep\n|\n|t:|1771267979\n|switch|p2a: DeeDee|Indeedee, M|100/100\n|-fieldstart|move: Psychic Terrain|[from] ability: Psychic Surge|[of] p2a: DeeDee\n|turn|5\n|\n|t:|1771267984\n|switch|p1a: Ting-Lu|Ting-Lu|100/100\n|-activate|p1a: Ting-Lu|move: Sticky Web\n|-unboost|p1a: Ting-Lu|spe|1\n|-ability|p1a: Ting-Lu|Vessel of Ruin\n|move|p2a: DeeDee|Expanding Force|p1a: Ting-Lu\n|-immune|p1a: Ting-Lu\n|\n|upkeep\n|turn|6\n|\n|t:|1771267993\n|switch|p2a: Mavis|Ribombee, F|50/100\n|move|p1a: Ting-Lu|Spikes|p2a: Mavis\n|-sidestart|p2: waha8|Spikes\n|\n|upkeep\n|turn|7\n|\n|t:|1771267998\n|switch|p1a: Corviknight|Corviknight, M|100/100\n|-ability|p1a: Corviknight|Pressure\n|move|p2a: Mavis|Trick|p1a: Corviknight\n|-activate|p2a: Mavis|move: Trick|[of] p1a: Corviknight\n|-item|p1a: Corviknight|Choice Scarf|[from] move: Trick\n|-item|p2a: Mavis|Rocky Helmet|[from] move: Trick\n|\n|upkeep\n|turn|8\n|\n|t:|1771268005\n|move|p2a: Mavis|Moonblast|p1a: Corviknight\n|-resisted|p1a: Corviknight\n|-damage|p1a: Corviknight|83/100\n|move|p1a: Corviknight|Brave Bird|p2a: Mavis\n|-supereffective|p2a: Mavis\n|-damage|p2a: Mavis|0 fnt\n|-damage|p1a: Corviknight|66/100|[from] item: Rocky Helmet|[of] p2a: Mavis\n|faint|p2a: Mavis\n|-damage|p1a: Corviknight|56/100|[from] Recoil\n|\n|upkeep\n|\n|t:|1771268018\n|switch|p2a: DKnight|Dragonite, M|100/100\n|turn|9\n|\n|t:|1771268030\n|switch|p1a: Landorus|Landorus-Therian, M|63/100\n|-ability|p1a: Landorus|Intimidate|boost\n|-unboost|p2a: DKnight|atk|1\n|move|p2a: DKnight|Dragon Dance|p2a: DKnight\n|-boost|p2a: DKnight|atk|1\n|-boost|p2a: DKnight|spe|1\n|\n|upkeep\n|turn|10\n|\n|t:|1771268036\n|move|p1a: Landorus|Stone Edge|p2a: DKnight\n|-supereffective|p2a: DKnight\n|-damage|p2a: DKnight|64/100\n|move|p2a: DKnight|Dragon Dance|p2a: DKnight\n|-boost|p2a: DKnight|atk|1\n|-boost|p2a: DKnight|spe|1\n|\n|upkeep\n|turn|11\n|\n|t:|1771268042\n|move|p2a: DKnight|Ice Spinner|p1a: Landorus\n|-supereffective|p1a: Landorus\n|-damage|p1a: Landorus|0 fnt\n|-damage|p2a: DKnight|47/100|[from] item: Rocky Helmet|[of] p1a: Landorus\n|-fieldend|move: Psychic Terrain\n|faint|p1a: Landorus\n|\n|upkeep\n|\n|t:|1771268048\n|switch|p1a: Zamazenta|Zamazenta|100/100\n|-ability|p1a: Zamazenta|Dauntless Shield|boost\n|-boost|p1a: Zamazenta|def|1\n|turn|12\n|\n|t:|1771268059\n|move|p1a: Zamazenta|Crunch|p2a: DKnight\n|-damage|p2a: DKnight|24/100\n|move|p2a: DKnight|Earthquake|p1a: Zamazenta\n|-damage|p1a: Zamazenta|65/100\n|\n|upkeep\n|turn|13\n|\n|t:|1771268068\n|move|p2a: DKnight|Extreme Speed|p1a: Zamazenta\n|-damage|p1a: Zamazenta|38/100\n|move|p1a: Zamazenta|Close Combat|p2a: DKnight\n|-resisted|p2a: DKnight\n|-damage|p2a: DKnight|0 fnt\n|-unboost|p1a: Zamazenta|def|1\n|-unboost|p1a: Zamazenta|spd|1\n|faint|p2a: DKnight\n|\n|upkeep\n|\n|t:|1771268078\n|switch|p2a: MotherTeresa|Tsareena, F|100/100\n|turn|14\n|\n|t:|1771268082\n|switch|p1a: Corviknight|Corviknight, M|56/100\n|-ability|p1a: Corviknight|Pressure\n|move|p2a: MotherTeresa|Rapid Spin|p1a: Corviknight\n|-resisted|p1a: Corviknight\n|-damage|p1a: Corviknight|50/100\n|-boost|p2a: MotherTeresa|spe|1\n|-sideend|p2: waha8|Spikes|[from] move: Rapid Spin|[of] p2a: MotherTeresa\n|\n|upkeep\n|turn|15\n|\n|t:|1771268095\n|-terastallize|p2a: MotherTeresa|Ice\n|move|p2a: MotherTeresa|Triple Axel|p1a: Corviknight\n|-crit|p1a: Corviknight\n|-damage|p1a: Corviknight|39/100\n|-damage|p1a: Corviknight|26/100\n|-damage|p1a: Corviknight|7/100\n|-hitcount|p1a: Corviknight|3\n|move|p1a: Corviknight|Brave Bird|p2a: MotherTeresa\n|-damage|p2a: MotherTeresa|54/100\n|-damage|p1a: Corviknight|0 fnt|[from] Recoil\n|faint|p1a: Corviknight\n|\n|upkeep\n|\n|t:|1771268110\n|switch|p1a: Noivern|Noivern, F|100/100\n|turn|16\n|\n|t:|1771268114\n|-terastallize|p1a: Noivern|Normal\n|move|p1a: Noivern|Boomburst|p2a: MotherTeresa\n|-damage|p2a: MotherTeresa|0 fnt\n|faint|p2a: MotherTeresa\n|\n|upkeep\n|\n|t:|1771268120\n|switch|p2a: Akon|Hoopa-Unbound|100/100\n|turn|17\n|\n|t:|1771268125\n|move|p1a: Noivern|Boomburst|p2a: Akon\n|-damage|p2a: Akon|14/100\n|move|p2a: Akon|Knock Off|p1a: Noivern\n|-damage|p1a: Noivern|0 fnt\n|-enditem|p1a: Noivern|Choice Specs|[from] move: Knock Off|[of] p2a: Akon\n|faint|p1a: Noivern\n|-damage|p2a: Akon|4/100|[from] item: Life Orb\n|\n|upkeep\n|\n|t:|1771268130\n|switch|p1a: Zamazenta|Zamazenta|38/100\n|turn|18\n|\n|t:|1771268135\n|move|p1a: Zamazenta|Crunch|p2a: Akon\n|-damage|p2a: Akon|0 fnt\n|faint|p2a: Akon\n|\n|upkeep\n|\n|t:|1771268139\n|switch|p2a: DeeDee|Indeedee, M|100/100\n|-fieldstart|move: Psychic Terrain|[from] ability: Psychic Surge|[of] p2a: DeeDee\n|turn|19\n|\n|t:|1771268143\n|move|p1a: Zamazenta|Crunch|p2a: DeeDee\n|-supereffective|p2a: DeeDee\n|-damage|p2a: DeeDee|0 fnt\n|faint|p2a: DeeDee\n|\n|win|exidudi\n|raw|exidudi's rating: 1599 &rarr; <strong>1618</strong><br />(+19 for winning)\n|raw|waha8's rating: 1579 &rarr; <strong>1560</strong><br />(-19 for losing)\n|c|☆waha8|gg\n|c|☆exidudi|gg\n|l|☆waha8\n|player|p2|\n", "uploadtime": 1771268370, "views": 3, "formatid": "gen9ou", "rating": 1560, "private": 0, "password": null}