{"id": "gen9ou-2639309917", "format": "[Gen 9] OU", "players": ["hsisbsbjdjs", "bamzilla12"], "log": "|j|☆hsisbsbjdjs\n|j|☆bamzilla12\n|t:|1782450476\n|gametype|singles\n|player|p1|hsisbsbjdjs|ghetsis-gen5bw|1151\n|player|p2|bamzilla12|lucas-gen4pt|1280\n|gen|9\n|tier|[Gen 9] OU\n|rated|\n|rule|HP Percentage Mod: HP is shown in percentages\n|rule|Endless Battle Clause: Forcing endless battles is banned\n|rule|Species Clause: Limit one of each Pokémon\n|rule|OHKO Clause: OHKO moves are banned\n|rule|Evasion Items Clause: Evasion items are banned\n|rule|Evasion Moves Clause: Evasion moves are banned\n|rule|Evasion Abilities Clause: Evasion abilities are banned\n|rule|Sleep Moves Clause: Sleep-inducing moves are banned\n|clearpoke\n|poke|p1|Alomomola, F|\n|poke|p1|Slowking-Galar, F|\n|poke|p1|Tornadus-Therian, M|\n|poke|p1|Toxapex, F|\n|poke|p1|Cyclizar, M|\n|poke|p1|Klawf, M|\n|poke|p2|Ogerpon-Wellspring, F|\n|poke|p2|Goodra-Hisui, M|\n|poke|p2|Muk-Alola, M|\n|poke|p2|Garchomp, M|\n|poke|p2|Enamorus, F|\n|poke|p2|Zapdos|\n|teampreview\n|inactive|Battle timer is ON: inactive players will automatically lose when time's up. (requested by hsisbsbjdjs)\n|\n|t:|1782450482\n|teamsize|p1|6\n|teamsize|p2|6\n|start\n|switch|p1a: Klawf|Klawf, M|100/100\n|switch|p2a: Enamorus|Enamorus, F|100/100\n|turn|1\n|\n|t:|1782450494\n|move|p2a: Enamorus|Focus Blast|p1a: Klawf|[miss]\n|-miss|p2a: Enamorus|p1a: Klawf\n|move|p1a: Klawf|Stealth Rock|p2a: Enamorus\n|-sidestart|p2: bamzilla12|move: Stealth Rock\n|\n|upkeep\n|turn|2\n|\n|t:|1782450505\n|move|p2a: Enamorus|Focus Blast|p1a: Klawf\n|-supereffective|p1a: Klawf\n|-damage|p1a: Klawf|0 fnt\n|faint|p1a: Klawf\n|\n|upkeep\n|\n|t:|1782450517\n|switch|p1a: Slowking|Slowking-Galar, F|100/100\n|turn|3\n|\n|t:|1782450535\n|switch|p2a: Muk|Muk-Alola, M|100/100\n|-damage|p2a: Muk|88/100|[from] Stealth Rock\n|move|p1a: Slowking|Toxic|p2a: Muk\n|-immune|p2a: Muk\n|\n|-heal|p2a: Muk|94/100|[from] item: Black Sludge\n|upkeep\n|turn|4\n|\n|t:|1782450560\n|move|p2a: Muk|Crunch|p1a: Slowking\n|-supereffective|p1a: Slowking\n|-damage|p1a: Slowking|22/100\n|-damage|p2a: Muk|78/100|[from] item: Rocky Helmet|[of] p1a: Slowking\n|-prepare|p1a: Slowking|Chilly Reception|[premajor]\n|move|p1a: Slowking|Chilly Reception|p1a: Slowking\n|-weather|Snowscape\n|\n|t:|1782450568\n|switch|p1a: Toxapex|Toxapex, F|100/100|[from] Chilly Reception\n|\n|-weather|Snowscape|[upkeep]\n|-heal|p2a: Muk|84/100|[from] item: Black Sludge\n|upkeep\n|turn|5\n|\n|t:|1782450577\n|move|p2a: Muk|Crunch|p1a: Toxapex\n|-damage|p1a: Toxapex|78/100\n|move|p1a: Toxapex|Infestation|p2a: Muk\n|-damage|p2a: Muk|81/100\n|-activate|p2a: Muk|move: Infestation|[of] p1a: Toxapex\n|\n|-weather|Snowscape|[upkeep]\n|-heal|p2a: Muk|87/100|[from] item: Black Sludge\n|-heal|p1a: Toxapex|85/100|[from] item: Leftovers\n|-damage|p2a: Muk|75/100|[from] move: Infestation|[partiallytrapped]\n|upkeep\n|turn|6\n|\n|t:|1782450590\n|move|p1a: Toxapex|Baneful Bunker|p1a: Toxapex\n|-singleturn|p1a: Toxapex|move: Protect\n|move|p2a: Muk|Crunch|p1a: Toxapex\n|-activate|p1a: Toxapex|move: Protect\n|\n|-weather|Snowscape|[upkeep]\n|-heal|p2a: Muk|81/100|[from] item: Black Sludge\n|-heal|p1a: Toxapex|91/100|[from] item: Leftovers\n|-damage|p2a: Muk|69/100|[from] move: Infestation|[partiallytrapped]\n|upkeep\n|turn|7\n|\n|t:|1782450601\n|move|p2a: Muk|Gunk Shot|p1a: Toxapex|[miss]\n|-miss|p2a: Muk|p1a: Toxapex\n|move|p1a: Toxapex|Ice Beam|p2a: Muk\n|-crit|p2a: Muk\n|-damage|p2a: Muk|53/100\n|\n|-weather|Snowscape|[upkeep]\n|-heal|p2a: Muk|59/100|[from] item: Black Sludge\n|-heal|p1a: Toxapex|97/100|[from] item: Leftovers\n|-damage|p2a: Muk|47/100|[from] move: Infestation|[partiallytrapped]\n|upkeep\n|turn|8\n|\n|t:|1782450615\n|move|p2a: Muk|Drain Punch|p1a: Toxapex\n|-resisted|p1a: Toxapex\n|-damage|p1a: Toxapex|89/100\n|-heal|p2a: Muk|49/100|[from] drain|[of] p1a: Toxapex\n|move|p1a: Toxapex|Ice Beam|p2a: Muk\n|-damage|p2a: Muk|39/100\n|\n|-weather|none\n|-heal|p2a: Muk|45/100|[from] item: Black Sludge\n|-heal|p1a: Toxapex|96/100|[from] item: Leftovers\n|-damage|p2a: Muk|33/100|[from] move: Infestation|[partiallytrapped]\n|upkeep\n|turn|9\n|\n|t:|1782450629\n|move|p1a: Toxapex|Baneful Bunker|p1a: Toxapex\n|-singleturn|p1a: Toxapex|move: Protect\n|move|p2a: Muk|Crunch|p1a: Toxapex\n|-activate|p1a: Toxapex|move: Protect\n|\n|-heal|p2a: Muk|39/100|[from] item: Black Sludge\n|-heal|p1a: Toxapex|100/100|[from] item: Leftovers\n|-damage|p2a: Muk|27/100|[from] move: Infestation|[partiallytrapped]\n|upkeep\n|turn|10\n|\n|t:|1782450639\n|move|p2a: Muk|Crunch|p1a: Toxapex\n|-damage|p1a: Toxapex|75/100\n|move|p1a: Toxapex|Ice Beam|p2a: Muk\n|-damage|p2a: Muk|17/100\n|\n|-heal|p2a: Muk|23/100|[from] item: Black Sludge\n|-heal|p1a: Toxapex|82/100|[from] item: Leftovers\n|-end|p2a: Muk|Infestation|[partiallytrapped]\n|upkeep\n|turn|11\n|\n|t:|1782450654\n|move|p2a: Muk|Drain Punch|p1a: Toxapex\n|-resisted|p1a: Toxapex\n|-damage|p1a: Toxapex|75/100\n|-heal|p2a: Muk|26/100|[from] drain|[of] p1a: Toxapex\n|move|p1a: Toxapex|Infestation|p2a: Muk\n|-damage|p2a: Muk|23/100\n|-activate|p2a: Muk|move: Infestation|[of] p1a: Toxapex\n|\n|-heal|p2a: Muk|29/100|[from] item: Black Sludge\n|-heal|p1a: Toxapex|81/100|[from] item: Leftovers\n|-damage|p2a: Muk|17/100|[from] move: Infestation|[partiallytrapped]\n|upkeep\n|turn|12\n|\n|t:|1782450666\n|move|p1a: Toxapex|Baneful Bunker|p1a: Toxapex\n|-singleturn|p1a: Toxapex|move: Protect\n|move|p2a: Muk|Gunk Shot|p1a: Toxapex\n|-activate|p1a: Toxapex|move: Protect\n|\n|-heal|p2a: Muk|23/100|[from] item: Black Sludge\n|-heal|p1a: Toxapex|87/100|[from] item: Leftovers\n|-damage|p2a: Muk|11/100|[from] move: Infestation|[partiallytrapped]\n|upkeep\n|turn|13\n|\n|t:|1782450685\n|move|p2a: Muk|Drain Punch|p1a: Toxapex\n|-resisted|p1a: Toxapex\n|-damage|p1a: Toxapex|80/100\n|-heal|p2a: Muk|13/100|[from] drain|[of] p1a: Toxapex\n|move|p1a: Toxapex|Ice Beam|p2a: Muk\n|-damage|p2a: Muk|3/100\n|\n|-heal|p2a: Muk|9/100|[from] item: Black Sludge\n|-heal|p1a: Toxapex|86/100|[from] item: Leftovers\n|-damage|p2a: Muk|0 fnt|[from] move: Infestation|[partiallytrapped]\n|faint|p2a: Muk\n|upkeep\n|\n|t:|1782450691\n|switch|p2a: Zapdos|Zapdos|100/100\n|-damage|p2a: Zapdos|76/100|[from] Stealth Rock\n|turn|14\n|\n|t:|1782450714\n|-terastallize|p1a: Toxapex|Ground\n|move|p2a: Zapdos|Thunder|p1a: Toxapex\n|-immune|p1a: Toxapex\n|move|p1a: Toxapex|Ice Beam|p2a: Zapdos\n|-supereffective|p2a: Zapdos\n|-damage|p2a: Zapdos|49/100\n|\n|-heal|p1a: Toxapex|92/100|[from] item: Leftovers\n|upkeep\n|turn|15\n|\n|t:|1782450725\n|move|p2a: Zapdos|Protect|p2a: Zapdos\n|-singleturn|p2a: Zapdos|Protect\n|move|p1a: Toxapex|Infestation|p2a: Zapdos\n|-activate|p2a: Zapdos|move: Protect\n|\n|-heal|p1a: Toxapex|99/100|[from] item: Leftovers\n|upkeep\n|turn|16\n|\n|t:|1782450745\n|switch|p2a: Garchomp|Garchomp, M|100/100\n|-damage|p2a: Garchomp|94/100|[from] Stealth Rock\n|move|p1a: Toxapex|Infestation|p2a: Garchomp\n|-damage|p2a: Garchomp|92/100\n|-activate|p2a: Garchomp|move: Infestation|[of] p1a: Toxapex\n|-damage|p1a: Toxapex|86/100|[from] ability: Rough Skin|[of] p2a: Garchomp\n|\n|-heal|p1a: Toxapex|92/100|[from] item: Leftovers\n|-damage|p2a: Garchomp|80/100|[from] move: Infestation|[partiallytrapped]\n|upkeep\n|turn|17\n|\n|t:|1782450761\n|move|p1a: Toxapex|Baneful Bunker|p1a: Toxapex\n|-singleturn|p1a: Toxapex|move: Protect\n|move|p2a: Garchomp|Earthquake|p1a: Toxapex\n|-activate|p1a: Toxapex|move: Protect\n|\n|-heal|p1a: Toxapex|99/100|[from] item: Leftovers\n|-damage|p2a: Garchomp|67/100|[from] move: Infestation|[partiallytrapped]\n|upkeep\n|turn|18\n|\n|t:|1782450771\n|move|p2a: Garchomp|Liquidation|p1a: Toxapex\n|-supereffective|p1a: Toxapex\n|-damage|p1a: Toxapex|66/100\n|move|p1a: Toxapex|Ice Beam|p2a: Garchomp\n|-supereffective|p2a: Garchomp\n|-damage|p2a: Garchomp|29/100\n|\n|-heal|p1a: Toxapex|72/100|[from] item: Leftovers\n|-damage|p2a: Garchomp|17/100|[from] move: Infestation|[partiallytrapped]\n|upkeep\n|turn|19\n|\n|t:|1782450782\n|move|p1a: Toxapex|Baneful Bunker|p1a: Toxapex\n|-singleturn|p1a: Toxapex|move: Protect\n|move|p2a: Garchomp|Earthquake|p1a: Toxapex\n|-activate|p1a: Toxapex|move: Protect\n|\n|-heal|p1a: Toxapex|78/100|[from] item: Leftovers\n|-damage|p2a: Garchomp|5/100|[from] move: Infestation|[partiallytrapped]\n|upkeep\n|turn|20\n|\n|t:|1782450792\n|move|p2a: Garchomp|Liquidation|p1a: Toxapex\n|-supereffective|p1a: Toxapex\n|-damage|p1a: Toxapex|45/100\n|move|p1a: Toxapex|Recover|p1a: Toxapex\n|-heal|p1a: Toxapex|95/100\n|\n|-heal|p1a: Toxapex|100/100|[from] item: Leftovers\n|-end|p2a: Garchomp|Infestation|[partiallytrapped]\n|upkeep\n|turn|21\n|\n|t:|1782450811\n|move|p1a: Toxapex|Baneful Bunker|p1a: Toxapex\n|-singleturn|p1a: Toxapex|move: Protect\n|move|p2a: Garchomp|Earthquake|p1a: Toxapex\n|-activate|p1a: Toxapex|move: Protect\n|\n|upkeep\n|turn|22\n|\n|t:|1782450818\n|move|p2a: Garchomp|Liquidation|p1a: Toxapex\n|-supereffective|p1a: Toxapex\n|-damage|p1a: Toxapex|62/100\n|-unboost|p1a: Toxapex|def|1\n|move|p1a: Toxapex|Infestation|p2a: Garchomp\n|-damage|p2a: Garchomp|2/100\n|-activate|p2a: Garchomp|move: Infestation|[of] p1a: Toxapex\n|-damage|p1a: Toxapex|50/100|[from] ability: Rough Skin|[of] p2a: Garchomp\n|\n|-heal|p1a: Toxapex|56/100|[from] item: Leftovers\n|-damage|p2a: Garchomp|0 fnt|[from] move: Infestation|[partiallytrapped]\n|faint|p2a: Garchomp\n|upkeep\n|\n|t:|1782450830\n|switch|p2a: Ogerpon|Ogerpon-Wellspring, F|100/100\n|-damage|p2a: Ogerpon|88/100|[from] Stealth Rock\n|turn|23\n|\n|t:|1782450841\n|move|p1a: Toxapex|Baneful Bunker|p1a: Toxapex\n|-singleturn|p1a: Toxapex|move: Protect\n|move|p2a: Ogerpon|Horn Leech|p1a: Toxapex\n|-activate|p1a: Toxapex|move: Protect\n|-status|p2a: Ogerpon|psn\n|\n|-heal|p1a: Toxapex|62/100|[from] item: Leftovers\n|-damage|p2a: Ogerpon|76/100 psn|[from] psn\n|upkeep\n|turn|24\n|\n|t:|1782450866\n|switch|p1a: Tornadus|Tornadus-Therian, M|100/100\n|move|p2a: Ogerpon|Ivy Cudgel|p1a: Tornadus|[anim] Ivy Cudgel Water\n|-damage|p1a: Tornadus|13/100\n|\n|-damage|p2a: Ogerpon|64/100 psn|[from] psn\n|upkeep\n|turn|25\n|\n|t:|1782450888\n|-terastallize|p2a: Ogerpon|Water\n|detailschange|p2a: Ogerpon|Ogerpon-Wellspring-Tera, F, tera:Water\n|-ability|p2a: Ogerpon|Embody Aspect (Wellspring)|boost\n|-boost|p2a: Ogerpon|spd|1\n|move|p1a: Tornadus|Bleakwind Storm|p2a: Ogerpon\n|-crit|p2a: Ogerpon\n|-damage|p2a: Ogerpon|0 fnt\n|faint|p2a: Ogerpon\n|detailschange|p2: Ogerpon|Ogerpon-Wellspring, F|[silent]\n|\n|upkeep\n|\n|t:|1782450893\n|switch|p2a: Enamorus|Enamorus, F|100/100\n|-damage|p2a: Enamorus|76/100|[from] Stealth Rock\n|turn|26\n|inactive|hsisbsbjdjs has 120 seconds left.\n|\n|t:|1782450923\n|move|p2a: Enamorus|Moonblast|p1a: Tornadus\n|-damage|p1a: Tornadus|0 fnt\n|faint|p1a: Tornadus\n|\n|upkeep\n|\n|t:|1782450928\n|switch|p1a: Alomomola|Alomomola, F|100/100\n|turn|27\n|\n|t:|1782450937\n|switch|p2a: Zapdos|Zapdos|49/100\n|-damage|p2a: Zapdos|24/100|[from] Stealth Rock\n|move|p1a: Alomomola|Mirror Coat||[still]\n|-fail|p1a: Alomomola\n|\n|upkeep\n|turn|28\n|inactive|hsisbsbjdjs has 120 seconds left.\n|\n|t:|1782450947\n|switch|p1a: Toxapex|Toxapex, F, tera:Ground|96/100\n|move|p2a: Zapdos|Roost|p2a: Zapdos\n|-heal|p2a: Zapdos|74/100\n|-singleturn|p2a: Zapdos|move: Roost\n|\n|-heal|p1a: Toxapex|100/100|[from] item: Leftovers\n|upkeep\n|turn|29\n|inactive|hsisbsbjdjs has 120 seconds left.\n|\n|t:|1782450960\n|move|p2a: Zapdos|Heat Wave|p1a: Toxapex\n|-damage|p1a: Toxapex|69/100\n|move|p1a: Toxapex|Infestation|p2a: Zapdos\n|-resisted|p2a: Zapdos\n|-damage|p2a: Zapdos|72/100\n|-activate|p2a: Zapdos|move: Infestation|[of] p1a: Toxapex\n|-damage|p1a: Toxapex|52/100|[from] item: Rocky Helmet|[of] p2a: Zapdos\n|\n|-heal|p1a: Toxapex|59/100|[from] item: Leftovers\n|-damage|p2a: Zapdos|60/100|[from] move: Infestation|[partiallytrapped]\n|upkeep\n|turn|30\n|inactive|hsisbsbjdjs has 120 seconds left.\n|\n|t:|1782450978\n|move|p2a: Zapdos|Roost|p2a: Zapdos\n|-heal|p2a: Zapdos|100/100\n|-singleturn|p2a: Zapdos|move: Roost\n|move|p1a: Toxapex|Recover|p1a: Toxapex\n|-heal|p1a: Toxapex|100/100\n|\n|-damage|p2a: Zapdos|88/100|[from] move: Infestation|[partiallytrapped]\n|upkeep\n|turn|31\n|inactive|bamzilla12 has 120 seconds left.\n|\n|t:|1782451015\n|move|p2a: Zapdos|Heat Wave|p1a: Toxapex\n|-damage|p1a: Toxapex|72/100\n|move|p1a: Toxapex|Ice Beam|p2a: Zapdos\n|-supereffective|p2a: Zapdos\n|-damage|p2a: Zapdos|59/100\n|\n|-heal|p1a: Toxapex|78/100|[from] item: Leftovers\n|-damage|p2a: Zapdos|46/100|[from] move: Infestation|[partiallytrapped]\n|upkeep\n|turn|32\n|inactive|hsisbsbjdjs has 120 seconds left.\n|inactive|bamzilla12 has 120 seconds left.\n|\n|t:|1782451046\n|move|p2a: Zapdos|Heat Wave|p1a: Toxapex\n|-damage|p1a: Toxapex|50/100\n|move|p1a: Toxapex|Ice Beam|p2a: Zapdos\n|-supereffective|p2a: Zapdos\n|-damage|p2a: Zapdos|18/100\n|\n|-heal|p1a: Toxapex|56/100|[from] item: Leftovers\n|-damage|p2a: Zapdos|5/100|[from] move: Infestation|[partiallytrapped]\n|upkeep\n|turn|33\n|inactive|hsisbsbjdjs has 120 seconds left.\n|\n|t:|1782451063\n|move|p1a: Toxapex|Baneful Bunker|p1a: Toxapex\n|-singleturn|p1a: Toxapex|move: Protect\n|move|p2a: Zapdos|Heat Wave|p1a: Toxapex\n|-activate|p1a: Toxapex|move: Protect\n|\n|-heal|p1a: Toxapex|63/100|[from] item: Leftovers\n|-end|p2a: Zapdos|Infestation|[partiallytrapped]\n|upkeep\n|turn|34\n|inactive|bamzilla12 has 90 seconds left.\n|inactive|bamzilla12 has 60 seconds left.\n|inactive|bamzilla12 has 30 seconds left.\n|inactive|bamzilla12 has 20 seconds left.\n|inactive|bamzilla12 has 15 seconds left.\n|inactive|bamzilla12 has 10 seconds left.\n|inactive|bamzilla12 has 5 seconds left.\n|-message|bamzilla12 lost due to inactivity.\n|\n|win|hsisbsbjdjs\n|raw|hsisbsbjdjs's rating: 1151 &rarr; <strong>1185</strong><br />(+34 for winning)\n|raw|bamzilla12's rating: 1280 &rarr; <strong>1246</strong><br />(-34 for losing)\n", "uploadtime": 1782451525, "views": 4, "formatid": "gen9ou", "rating": 1185, "private": 0, "password": null}