{"id": "gen9ou-2639245044", "format": "[Gen 9] OU", "players": ["EvilWada", "MagicPhoenix28"], "log": "|j|☆EvilWada\n|j|☆MagicPhoenix28\n|inactive|Battle timer is ON: inactive players will automatically lose when time's up.\n|t:|1782439690\n|gametype|singles\n|player|p1|EvilWada|acerola|\n|player|p2|MagicPhoenix28|n|\n|gen|9\n|tier|[Gen 9] OU\n|rated|Tournament battle\n|rule|HP Percentage Mod: HP is shown in percentages\n|rule|Endless Battle Clause: Forcing endless battles is banned\n|rule|Species Clause: Limit one of each Pokémon\n|rule|OHKO Clause: OHKO moves are banned\n|rule|Evasion Items Clause: Evasion items are banned\n|rule|Evasion Moves Clause: Evasion moves are banned\n|rule|Evasion Abilities Clause: Evasion abilities are banned\n|rule|Sleep Moves Clause: Sleep-inducing moves are banned\n|raw|<div class=\"infobox\"><details class=\"readmore\"><summary><strong>15 custom rules:</strong></summary> -burmy, -caterpie, -combee, -kricketot, -magikarp, -scatterbug, -sunkern, -tynamo, -typenull, -weedle, -wurmple, -cosmog, -blipbug, -snom, -wynaut</details></div>\n|clearpoke\n|poke|p1|Lilligant-Hisui, F|\n|poke|p1|Metang|\n|poke|p1|Mienshao, F|\n|poke|p2|Oinkologne-F, F|\n|poke|p2|Slowbro-Galar, M|\n|poke|p2|Mabosstiff, F|\n|teampreview\n|inactive|EvilWada also wants the timer to be on.\n|j|*Lady Monita \n|\n|t:|1782439720\n|teamsize|p1|3\n|teamsize|p2|3\n|start\n|switch|p1a: Metang|Metang|100/100\n|switch|p2a: Slowbro|Slowbro-Galar, M|100/100\n|turn|1\n|\n|t:|1782439732\n|move|p1a: Metang|Stealth Rock|p2a: Slowbro\n|-sidestart|p2: MagicPhoenix28|move: Stealth Rock\n|move|p2a: Slowbro|Calm Mind|p2a: Slowbro\n|-boost|p2a: Slowbro|spa|1\n|-boost|p2a: Slowbro|spd|1\n|\n|upkeep\n|turn|2\n|\n|t:|1782439738\n|move|p1a: Metang|Earthquake|p2a: Slowbro\n|-supereffective|p2a: Slowbro\n|-damage|p2a: Slowbro|54/100\n|move|p2a: Slowbro|Substitute|p2a: Slowbro\n|-start|p2a: Slowbro|Substitute\n|-damage|p2a: Slowbro|29/100\n|\n|-heal|p2a: Slowbro|35/100|[from] item: Leftovers\n|upkeep\n|turn|3\n|\n|t:|1782439763\n|switch|p2a: Oinkologne|Oinkologne-F, F|100/100\n|-damage|p2a: Oinkologne|88/100|[from] Stealth Rock\n|move|p1a: Metang|Earthquake|p2a: Oinkologne\n|-damage|p2a: Oinkologne|59/100\n|\n|-heal|p2a: Oinkologne|66/100|[from] item: Leftovers\n|upkeep\n|turn|4\n|\n|t:|1782439775\n|move|p2a: Oinkologne|Curse|p2a: Oinkologne\n|-unboost|p2a: Oinkologne|spe|1\n|-boost|p2a: Oinkologne|atk|1\n|-boost|p2a: Oinkologne|def|1\n|move|p1a: Metang|Iron Head|p2a: Oinkologne\n|-damage|p2a: Oinkologne|42/100\n|\n|-heal|p2a: Oinkologne|48/100|[from] item: Leftovers\n|upkeep\n|turn|5\n|\n|t:|1782439785\n|move|p1a: Metang|Iron Head|p2a: Oinkologne\n|-damage|p2a: Oinkologne|27/100\n|move|p2a: Oinkologne|High Horsepower|p1a: Metang|[miss]\n|-miss|p2a: Oinkologne|p1a: Metang\n|\n|-heal|p2a: Oinkologne|33/100|[from] item: Leftovers\n|upkeep\n|turn|6\n|\n|t:|1782439790\n|move|p1a: Metang|Iron Head|p2a: Oinkologne\n|-damage|p2a: Oinkologne|12/100\n|cant|p2a: Oinkologne|flinch\n|\n|-heal|p2a: Oinkologne|18/100|[from] item: Leftovers\n|upkeep\n|turn|7\n|\n|t:|1782439794\n|move|p1a: Metang|Iron Head|p2a: Oinkologne\n|-damage|p2a: Oinkologne|0 fnt\n|faint|p2a: Oinkologne\n|\n|upkeep\n|\n|t:|1782439800\n|switch|p2a: Mabby|Mabosstiff, F|100/100\n|-damage|p2a: Mabby|88/100|[from] Stealth Rock\n|turn|8\n|inactive|MagicPhoenix28 has 120 seconds left.\n|\n|t:|1782439847\n|move|p2a: Mabby|Crunch|p1a: Metang\n|-supereffective|p1a: Metang\n|-damage|p1a: Metang|42/100\n|move|p1a: Metang|Iron Head|p2a: Mabby\n|-damage|p2a: Mabby|47/100\n|\n|upkeep\n|turn|9\n|inactive|EvilWada has 120 seconds left.\n|\n|t:|1782439869\n|move|p1a: Metang|Bullet Punch|p2a: Mabby\n|-damage|p2a: Mabby|27/100\n|move|p2a: Mabby|Crunch|p1a: Metang\n|-supereffective|p1a: Metang\n|-damage|p1a: Metang|0 fnt\n|faint|p1a: Metang\n|\n|upkeep\n|inactive|EvilWada has 120 seconds left.\n|\n|t:|1782439874\n|switch|p1a: Lilligant|Lilligant-Hisui, F|100/100\n|turn|10\n|\n|t:|1782439878\n|switch|p2a: Slowbro|Slowbro-Galar, M|68/100\n|-damage|p2a: Slowbro|56/100|[from] Stealth Rock\n|move|p1a: Lilligant|Close Combat|p2a: Slowbro\n|-resisted|p2a: Slowbro\n|-damage|p2a: Slowbro|39/100\n|-unboost|p1a: Lilligant|def|1\n|-unboost|p1a: Lilligant|spd|1\n|-damage|p1a: Lilligant|91/100|[from] item: Life Orb\n|\n|-heal|p2a: Slowbro|45/100|[from] item: Leftovers\n|upkeep\n|turn|11\n|\n|t:|1782439893\n|move|p1a: Lilligant|Triple Axel|p2a: Slowbro\n|-damage|p2a: Slowbro|37/100\n|-damage|p2a: Slowbro|21/100\n|-damage|p2a: Slowbro|0 fnt\n|faint|p2a: Slowbro\n|-hitcount|p2: Slowbro|3\n|-damage|p1a: Lilligant|81/100|[from] item: Life Orb\n|\n|upkeep\n|\n|t:|1782439897\n|switch|p2a: Mabby|Mabosstiff, F|27/100\n|-damage|p2a: Mabby|15/100|[from] Stealth Rock\n|turn|12\n|\n|t:|1782439901\n|move|p2a: Mabby|Play Rough|p1a: Lilligant\n|-supereffective|p1a: Lilligant\n|-damage|p1a: Lilligant|0 fnt\n|faint|p1a: Lilligant\n|\n|upkeep\n|\n|t:|1782439903\n|switch|p1a: Mienshao|Mienshao, F|100/100\n|turn|13\n|\n|t:|1782439907\n|move|p1a: Mienshao|Fake Out|p2a: Mabby\n|-damage|p2a: Mabby|0 fnt\n|faint|p2a: Mabby\n|-damage|p1a: Mienshao|91/100|[from] item: Life Orb\n|\n|win|EvilWada\n|n|☆EvilWada|evilwada\n|n|☆MagicPhoenix28|magicphoenix28\n|n|*Lady Monita |ladymonita\n", "uploadtime": 1782439907, "views": 8, "formatid": "gen9ou", "rating": null, "private": 0, "password": null}