{"id": "gen9ou-2640001717", "format": "[Gen 9] OU", "players": ["swily", "dontdieplz"], "log": "|badge|p1|gold|gen9ou|3-9\n|html|<div class=\"broadcast-red\"><strong>This battle is required to be public due to one or more player having a season medal.</strong><br />During the public phase, you can discuss the state of the ladder <a href=\"/seasondiscussion\">in a special chatroom.</a></div>\n|uhtml|medal-msg|<div class=\"broadcast-blue\">Curious what those medals under the avatar are? PS now has Ladder Seasons! For more information, check out the <a href=\"https://www.smogon.com/forums/threads/3740067/\">thread on Smogon.</a></div>\n|raw|<div class=\"broadcast-blue\"><strong>This battle is required to be public due to a player having a name starting with 'medal'.</div>\n|j|☆swily\n|j|☆dontdieplz\n|t:|1782561655\n|gametype|singles\n|player|p1|swily|170|2056\n|player|p2|dontdieplz|102|1716\n|gen|9\n|tier|[Gen 9] OU\n|rated|\n|rule|HP Percentage Mod: HP is shown in percentages\n|rule|Endless Battle Clause: Forcing endless battles is banned\n|rule|Species Clause: Limit one of each Pokémon\n|rule|OHKO Clause: OHKO moves are banned\n|rule|Evasion Items Clause: Evasion items are banned\n|rule|Evasion Moves Clause: Evasion moves are banned\n|rule|Evasion Abilities Clause: Evasion abilities are banned\n|rule|Sleep Moves Clause: Sleep-inducing moves are banned\n|clearpoke\n|poke|p1|Slither Wing|\n|poke|p1|Ninetales, F|\n|poke|p1|Ceruledge, F|\n|poke|p1|Walking Wake|\n|poke|p1|Great Tusk|\n|poke|p1|Venusaur, F|\n|poke|p2|Tyranitar, M|\n|poke|p2|Excadrill, M|\n|poke|p2|Zapdos|\n|poke|p2|Gholdengo|\n|poke|p2|Ogerpon-Wellspring, F|\n|poke|p2|Kingambit, M|\n|teampreview\n|\n|t:|1782561676\n|teamsize|p1|6\n|teamsize|p2|6\n|start\n|switch|p1a: Walkenheimer|Walking Wake|100/100\n|switch|p2a: Zapdos|Zapdos|100/100\n|turn|1\n|\n|t:|1782561686\n|switch|p2a: Gholdengo|Gholdengo|100/100\n|move|p1a: Walkenheimer|Draco Meteor|p2a: Gholdengo\n|-resisted|p2a: Gholdengo\n|-damage|p2a: Gholdengo|46/100\n|-unboost|p1a: Walkenheimer|spa|2\n|\n|upkeep\n|turn|2\n|\n|t:|1782561692\n|-end|p1a: Walkenheimer|Protosynthesis|[silent]\n|switch|p1a: OMG ILY|Slither Wing|100/100\n|move|p2a: Gholdengo|Shadow Ball|p1a: OMG ILY\n|-damage|p1a: OMG ILY|75/100\n|-unboost|p1a: OMG ILY|spd|1\n|\n|upkeep\n|turn|3\n|\n|t:|1782561697\n|move|p2a: Gholdengo|Shadow Ball|p1a: OMG ILY\n|-damage|p1a: OMG ILY|38/100\n|move|p1a: OMG ILY|U-turn|p2a: Gholdengo\n|-resisted|p2a: Gholdengo\n|-damage|p2a: Gholdengo|34/100\n|\n|t:|1782561702\n|-end|p1a: OMG ILY|Protosynthesis|[silent]\n|switch|p1a: nah i'd spin|Great Tusk|100/100|[from] U-turn\n|\n|upkeep\n|turn|4\n|\n|t:|1782561711\n|switch|p2a: Zapdos|Zapdos|100/100\n|move|p1a: nah i'd spin|Stealth Rock|p2a: Zapdos\n|-sidestart|p2: dontdieplz|move: Stealth Rock\n|\n|upkeep\n|turn|5\n|\n|t:|1782561719\n|-end|p1a: nah i'd spin|Protosynthesis|[silent]\n|switch|p1a: naruto|Ninetales, F|100/100\n|-weather|SunnyDay|[from] ability: Drought|[of] p1a: naruto\n|move|p2a: Zapdos|Hurricane|p1a: naruto\n|-damage|p1a: naruto|3/100\n|-start|p1a: naruto|confusion\n|\n|-weather|SunnyDay|[upkeep]\n|upkeep\n|turn|6\n|\n|t:|1782561727\n|switch|p1a: Walkenheimer|Walking Wake|100/100\n|-activate|p1a: Walkenheimer|ability: Protosynthesis\n|-start|p1a: Walkenheimer|protosynthesisspa\n|switch|p2a: Tyranitar|Tyranitar, M|100/100\n|-damage|p2a: Tyranitar|88/100|[from] Stealth Rock\n|-weather|Sandstorm|[from] ability: Sand Stream|[of] p2a: Tyranitar\n|-end|p1a: Walkenheimer|Protosynthesis\n|\n|-weather|Sandstorm|[upkeep]\n|-damage|p1a: Walkenheimer|94/100|[from] Sandstorm\n|upkeep\n|turn|7\n|\n|t:|1782561736\n|move|p1a: Walkenheimer|Hydro Steam|p2a: Tyranitar\n|-supereffective|p2a: Tyranitar\n|-damage|p2a: Tyranitar|10/100\n|move|p2a: Tyranitar|Knock Off|p1a: Walkenheimer\n|-damage|p1a: Walkenheimer|5/100\n|-enditem|p1a: Walkenheimer|Choice Specs|[from] move: Knock Off|[of] p2a: Tyranitar\n|\n|-weather|Sandstorm|[upkeep]\n|-damage|p1a: Walkenheimer|0 fnt|[from] Sandstorm\n|faint|p1a: Walkenheimer\n|-end|p1a: Walkenheimer|Protosynthesis|[silent]\n|upkeep\n|\n|t:|1782561744\n|switch|p1a: OMG ILY|Slither Wing|38/100\n|turn|8\n|\n|t:|1782561751\n|switch|p2a: Gholdengo|Gholdengo|34/100\n|-damage|p2a: Gholdengo|28/100|[from] Stealth Rock\n|move|p1a: OMG ILY|First Impression|p2a: Gholdengo\n|-resisted|p2a: Gholdengo\n|-damage|p2a: Gholdengo|14/100\n|\n|-weather|Sandstorm|[upkeep]\n|-damage|p1a: OMG ILY|32/100|[from] Sandstorm\n|upkeep\n|turn|9\n|\n|t:|1782561764\n|move|p2a: Gholdengo|Shadow Ball|p1a: OMG ILY\n|-damage|p1a: OMG ILY|6/100\n|-unboost|p1a: OMG ILY|spd|1\n|move|p1a: OMG ILY|U-turn|p2a: Gholdengo\n|-resisted|p2a: Gholdengo\n|-crit|p2a: Gholdengo\n|-damage|p2a: Gholdengo|0 fnt\n|faint|p2a: Gholdengo\n|\n|t:|1782561766\n|-end|p1a: OMG ILY|Protosynthesis|[silent]\n|switch|p1a: naruto|Ninetales, F|3/100|[from] U-turn\n|-weather|SunnyDay|[from] ability: Drought|[of] p1a: naruto\n|\n|-weather|SunnyDay|[upkeep]\n|upkeep\n|\n|t:|1782561776\n|switch|p2a: Ogerpon|Ogerpon-Wellspring, F|100/100\n|-damage|p2a: Ogerpon|88/100|[from] Stealth Rock\n|turn|10\n|\n|t:|1782561782\n|switch|p1a: flowey|Venusaur, F|100/100\n|move|p2a: Ogerpon|Trailblaze|p1a: flowey\n|-resisted|p1a: flowey\n|-damage|p1a: flowey|90/100\n|-boost|p2a: Ogerpon|spe|1\n|\n|-weather|SunnyDay|[upkeep]\n|upkeep\n|turn|11\n|\n|t:|1782561794\n|switch|p2a: Kingambit|Kingambit, M|100/100\n|-damage|p2a: Kingambit|94/100|[from] Stealth Rock\n|-activate|p2a: Kingambit|ability: Supreme Overlord\n|-start|p2a: Kingambit|fallen1|[silent]\n|move|p1a: flowey|Sludge Bomb|p2a: Kingambit\n|-immune|p2a: Kingambit\n|\n|-weather|SunnyDay|[upkeep]\n|upkeep\n|turn|12\n|\n|t:|1782561802\n|-terastallize|p2a: Kingambit|Dark\n|move|p2a: Kingambit|Sucker Punch|p1a: flowey\n|-damage|p1a: flowey|12/100\n|move|p1a: flowey|Weather Ball|p2a: Kingambit\n|-damage|p2a: Kingambit|34/100\n|-damage|p1a: flowey|3/100|[from] item: Life Orb\n|\n|-weather|SunnyDay|[upkeep]\n|upkeep\n|turn|13\n|\n|t:|1782561816\n|switch|p1a: OMG ILY|Slither Wing|6/100\n|-activate|p1a: OMG ILY|ability: Protosynthesis\n|-start|p1a: OMG ILY|protosynthesisatk\n|move|p2a: Kingambit|Low Kick|p1a: OMG ILY\n|-resisted|p1a: OMG ILY\n|-damage|p1a: OMG ILY|0 fnt\n|faint|p1a: OMG ILY\n|-end|p1a: OMG ILY|Protosynthesis|[silent]\n|\n|-weather|SunnyDay|[upkeep]\n|upkeep\n|\n|t:|1782561822\n|switch|p1a: nah i'd spin|Great Tusk|100/100\n|-activate|p1a: nah i'd spin|ability: Protosynthesis\n|-start|p1a: nah i'd spin|protosynthesisspe\n|turn|14\n|\n|t:|1782561829\n|-end|p2a: Kingambit|fallen1|[silent]\n|switch|p2a: Zapdos|Zapdos|100/100\n|-damage|p2a: Zapdos|76/100|[from] Stealth Rock\n|move|p1a: nah i'd spin|Headlong Rush|p2a: Zapdos\n|-immune|p2a: Zapdos\n|\n|-weather|SunnyDay|[upkeep]\n|upkeep\n|turn|15\n|\n|t:|1782561832\n|move|p1a: nah i'd spin|Ice Spinner|p2a: Zapdos\n|-supereffective|p2a: Zapdos\n|-damage|p2a: Zapdos|16/100\n|move|p2a: Zapdos|Heat Wave|p1a: nah i'd spin\n|-damage|p1a: nah i'd spin|27/100\n|\n|-weather|SunnyDay|[upkeep]\n|upkeep\n|turn|16\n|\n|t:|1782561841\n|move|p1a: nah i'd spin|Rapid Spin|p2a: Zapdos\n|-damage|p2a: Zapdos|0 fnt\n|-boost|p1a: nah i'd spin|spe|1\n|faint|p2a: Zapdos\n|\n|-weather|none\n|-end|p1a: nah i'd spin|Protosynthesis\n|upkeep\n|\n|t:|1782561845\n|switch|p2a: Ogerpon|Ogerpon-Wellspring, F|88/100\n|-damage|p2a: Ogerpon|76/100|[from] Stealth Rock\n|turn|17\n|\n|t:|1782561855\n|-end|p1a: nah i'd spin|Protosynthesis|[silent]\n|switch|p1a: naruto|Ninetales, F|3/100\n|-weather|SunnyDay|[from] ability: Drought|[of] p1a: naruto\n|move|p2a: Ogerpon|Trailblaze|p1a: naruto\n|-resisted|p1a: naruto\n|-crit|p1a: naruto\n|-damage|p1a: naruto|0 fnt\n|-boost|p2a: Ogerpon|spe|1\n|faint|p1a: naruto\n|\n|-weather|SunnyDay|[upkeep]\n|upkeep\n|\n|t:|1782561861\n|switch|p1a: flowey|Venusaur, F|3/100\n|turn|18\n|\n|t:|1782561873\n|switch|p2a: Tyranitar|Tyranitar, M|10/100\n|-damage|p2a: Tyranitar|0 fnt|[from] Stealth Rock\n|faint|p2a: Tyranitar\n|move|p1a: flowey|Weather Ball|p2: Tyranitar|[notarget]\n|-fail|p1a: flowey\n|\n|-weather|SunnyDay|[upkeep]\n|upkeep\n|\n|t:|1782561879\n|switch|p2a: Kingambit|Kingambit, M, tera:Dark|34/100\n|-damage|p2a: Kingambit|22/100|[from] Stealth Rock\n|-activate|p2a: Kingambit|ability: Supreme Overlord\n|-start|p2a: Kingambit|fallen3|[silent]\n|turn|19\n|\n|t:|1782561882\n|move|p2a: Kingambit|Sucker Punch|p1a: flowey\n|-damage|p1a: flowey|0 fnt\n|faint|p1a: flowey\n|\n|-weather|SunnyDay|[upkeep]\n|upkeep\n|\n|t:|1782561897\n|switch|p1a: red judas|Ceruledge, F|100/100\n|-item|p1a: red judas|Air Balloon\n|turn|20\n|\n|t:|1782561909\n|switch|p1a: nah i'd spin|Great Tusk|27/100\n|-activate|p1a: nah i'd spin|ability: Protosynthesis\n|-start|p1a: nah i'd spin|protosynthesisspe\n|move|p2a: Kingambit|Swords Dance|p2a: Kingambit\n|-boost|p2a: Kingambit|atk|2\n|\n|-weather|SunnyDay|[upkeep]\n|upkeep\n|turn|21\n|\n|t:|1782561918\n|move|p1a: nah i'd spin|Headlong Rush|p2a: Kingambit\n|-damage|p2a: Kingambit|0 fnt\n|-unboost|p1a: nah i'd spin|def|1\n|-unboost|p1a: nah i'd spin|spd|1\n|faint|p2a: Kingambit\n|-end|p2a: Kingambit|fallen3|[silent]\n|\n|-weather|SunnyDay|[upkeep]\n|upkeep\n|\n|t:|1782561924\n|switch|p2a: Excadrill|Excadrill, M, shiny|100/100\n|-damage|p2a: Excadrill|97/100|[from] Stealth Rock\n|-item|p2a: Excadrill|Air Balloon\n|turn|22\n|j| Slevgre\n|\n|t:|1782561933\n|move|p1a: nah i'd spin|Rapid Spin|p2a: Excadrill\n|-resisted|p2a: Excadrill\n|-damage|p2a: Excadrill|87/100\n|-boost|p1a: nah i'd spin|spe|1\n|-enditem|p2a: Excadrill|Air Balloon\n|move|p2a: Excadrill|Iron Head|p1a: nah i'd spin\n|-damage|p1a: nah i'd spin|0 fnt\n|faint|p1a: nah i'd spin\n|-end|p1a: nah i'd spin|Protosynthesis|[silent]\n|\n|-weather|SunnyDay|[upkeep]\n|upkeep\n|\n|t:|1782561936\n|switch|p1a: red judas|Ceruledge, F|100/100\n|-item|p1a: red judas|Air Balloon\n|turn|23\n|\n|t:|1782561948\n|move|p2a: Excadrill|Swords Dance|p2a: Excadrill\n|-boost|p2a: Excadrill|atk|2\n|move|p1a: red judas|Bitter Blade|p2a: Excadrill\n|-supereffective|p2a: Excadrill\n|-damage|p2a: Excadrill|0 fnt\n|faint|p2a: Excadrill\n|\n|-weather|SunnyDay|[upkeep]\n|upkeep\n|\n|t:|1782561954\n|switch|p2a: Ogerpon|Ogerpon-Wellspring, F|76/100\n|-damage|p2a: Ogerpon|64/100|[from] Stealth Rock\n|turn|24\n|\n|t:|1782561964\n|-terastallize|p1a: red judas|Fairy\n|move|p2a: Ogerpon|Ivy Cudgel|p1a: red judas|[anim] Ivy Cudgel Water\n|-damage|p1a: red judas|63/100\n|-ability|p1a: red judas|Weak Armor|boost\n|-unboost|p1a: red judas|def|1\n|-boost|p1a: red judas|spe|2\n|-enditem|p1a: red judas|Air Balloon\n|move|p1a: red judas|Bitter Blade|p2a: Ogerpon\n|-damage|p2a: Ogerpon|0 fnt\n|-heal|p1a: red judas|93/100|[from] drain|[of] p2a: Ogerpon\n|faint|p2a: Ogerpon\n|\n|win|swily\n|raw|swily's rating: 2056 &rarr; <strong>2061</strong><br />(+5 for winning)\n|raw|dontdieplz's rating: 1716 &rarr; <strong>1711</strong><br />(-5 for losing)\n|l|☆dontdieplz\n|player|p2|\n|l| Slevgre\n|j| Garden of Dreams\n", "uploadtime": 1782562007, "views": 11, "formatid": "gen9ou", "rating": 1711, "private": 0, "password": null}