{"id": "gen9ou-2647732297", "format": "[Gen 9] OU", "players": ["serkis", "MoncefTheW"], "log": "|j|☆serkis\n|j|☆MoncefTheW\n|t:|1783803257\n|gametype|singles\n|player|p1|serkis|chili|1209\n|player|p2|MoncefTheW|psychic-gen4|1242\n|gen|9\n|tier|[Gen 9] OU\n|rated|\n|rule|HP Percentage Mod: HP is shown in percentages\n|rule|Endless Battle Clause: Forcing endless battles is banned\n|rule|Species Clause: Limit one of each Pokémon\n|rule|OHKO Clause: OHKO moves are banned\n|rule|Evasion Items Clause: Evasion items are banned\n|rule|Evasion Moves Clause: Evasion moves are banned\n|rule|Evasion Abilities Clause: Evasion abilities are banned\n|rule|Sleep Moves Clause: Sleep-inducing moves are banned\n|clearpoke\n|poke|p1|Dragapult, F|\n|poke|p1|Rotom-Wash|\n|poke|p1|Great Tusk|\n|poke|p1|Corviknight, F|\n|poke|p1|Scizor, F|\n|poke|p1|Amoonguss, F|\n|poke|p2|Meowscarada, F|\n|poke|p2|Volcanion|\n|poke|p2|Scizor, M|\n|poke|p2|Mimikyu, F|\n|poke|p2|Ninetales, F|\n|poke|p2|Iron Hands|\n|teampreview\n|inactive|Battle timer is ON: inactive players will automatically lose when time's up. (requested by MoncefTheW)\n|\n|t:|1783803263\n|teamsize|p1|6\n|teamsize|p2|6\n|start\n|switch|p1a: GOAT|Scizor, F|100/100\n|switch|p2a: Meowscarada|Meowscarada, F, shiny|100/100\n|turn|1\n|\n|t:|1783803272\n|move|p2a: Meowscarada|Thunder Punch|p1a: GOAT\n|-start|p2a: Meowscarada|typechange|Electric|[from] ability: Protean\n|-damage|p1a: GOAT|47/100\n|move|p1a: GOAT|Swords Dance|p1a: GOAT\n|-boost|p1a: GOAT|atk|2\n|\n|-heal|p1a: GOAT|53/100|[from] item: Leftovers\n|upkeep\n|turn|2\n|\n|t:|1783803289\n|switch|p1a: Oral B|Great Tusk|100/100\n|move|p2a: Meowscarada|Thunder Punch|p1a: Oral B\n|-immune|p1a: Oral B\n|\n|upkeep\n|turn|3\n|\n|t:|1783803296\n|switch|p2a: Scizor|Scizor, M|100/100\n|move|p1a: Oral B|Stealth Rock|p2a: Scizor\n|-sidestart|p2: MoncefTheW|move: Stealth Rock\n|\n|upkeep\n|turn|4\n|\n|t:|1783803305\n|-end|p1a: Oral B|Protosynthesis|[silent]\n|switch|p1a: Lavadora|Rotom-Wash|100/100\n|move|p2a: Scizor|Swords Dance|p2a: Scizor\n|-boost|p2a: Scizor|atk|2\n|\n|upkeep\n|turn|5\n|\n|t:|1783803311\n|switch|p2a: Ninetales|Ninetales, F, shiny|100/100\n|-damage|p2a: Ninetales|76/100|[from] Stealth Rock\n|-weather|SunnyDay|[from] ability: Drought|[of] p2a: Ninetales\n|move|p1a: Lavadora|Will-O-Wisp|p2a: Ninetales\n|-immune|p2a: Ninetales\n|\n|-weather|SunnyDay|[upkeep]\n|upkeep\n|turn|6\n|\n|t:|1783803320\n|move|p2a: Ninetales|Encore|p1a: Lavadora\n|-start|p1a: Lavadora|Encore\n|move|p1a: Lavadora|Will-O-Wisp|p2a: Ninetales\n|-immune|p2a: Ninetales\n|\n|-weather|SunnyDay|[upkeep]\n|upkeep\n|turn|7\n|\n|t:|1783803337\n|switch|p2a: Volcanion|Volcanion|100/100\n|-damage|p2a: Volcanion|76/100|[from] Stealth Rock\n|move|p1a: Lavadora|Will-O-Wisp|p2a: Volcanion\n|-immune|p2a: Volcanion\n|\n|-weather|SunnyDay|[upkeep]\n|-heal|p2a: Volcanion|82/100|[from] item: Leftovers\n|upkeep\n|turn|8\n|\n|t:|1783803352\n|switch|p1a: Oral B|Great Tusk|100/100\n|-activate|p1a: Oral B|ability: Protosynthesis\n|-start|p1a: Oral B|protosynthesisdef\n|move|p2a: Volcanion|Sludge Wave|p1a: Oral B\n|-resisted|p1a: Oral B\n|-damage|p1a: Oral B|79/100\n|\n|-weather|SunnyDay|[upkeep]\n|-heal|p2a: Volcanion|88/100|[from] item: Leftovers\n|-heal|p1a: Oral B|85/100|[from] item: Leftovers\n|upkeep\n|turn|9\n|\n|t:|1783803358\n|move|p2a: Volcanion|Steam Eruption|p1a: Oral B\n|-supereffective|p1a: Oral B\n|-damage|p1a: Oral B|0 fnt\n|faint|p1a: Oral B\n|-end|p1a: Oral B|Protosynthesis|[silent]\n|\n|-weather|none\n|-heal|p2a: Volcanion|94/100|[from] item: Leftovers\n|upkeep\n|\n|t:|1783803369\n|switch|p1a: Lavadora|Rotom-Wash|100/100\n|turn|10\n|\n|t:|1783803379\n|switch|p2a: Iron Hands|Iron Hands, shiny|100/100\n|-damage|p2a: Iron Hands|94/100|[from] Stealth Rock\n|-enditem|p2a: Iron Hands|Booster Energy\n|-activate|p2a: Iron Hands|ability: Quark Drive|[fromitem]\n|-start|p2a: Iron Hands|quarkdriveatk\n|move|p1a: Lavadora|Volt Switch|p2a: Iron Hands\n|-resisted|p2a: Iron Hands\n|-damage|p2a: Iron Hands|85/100\n|\n|t:|1783803393\n|switch|p1a: Samuel|Amoonguss, F|100/100|[from] Volt Switch\n|\n|upkeep\n|turn|11\n|\n|t:|1783803399\n|move|p2a: Iron Hands|Swords Dance|p2a: Iron Hands\n|-boost|p2a: Iron Hands|atk|2\n|move|p1a: Samuel|Sludge Bomb|p2a: Iron Hands\n|-damage|p2a: Iron Hands|63/100\n|\n|upkeep\n|turn|12\n|\n|t:|1783803405\n|move|p2a: Iron Hands|Swords Dance|p2a: Iron Hands\n|-boost|p2a: Iron Hands|atk|2\n|move|p1a: Samuel|Clear Smog|p2a: Iron Hands\n|-damage|p2a: Iron Hands|51/100\n|-clearboost|p2a: Iron Hands\n|\n|upkeep\n|turn|13\n|\n|t:|1783803415\n|-end|p2a: Iron Hands|Quark Drive|[silent]\n|switch|p2a: Ninetales|Ninetales, F, shiny|76/100\n|-damage|p2a: Ninetales|51/100|[from] Stealth Rock\n|-weather|SunnyDay|[from] ability: Drought|[of] p2a: Ninetales\n|move|p1a: Samuel|Sludge Bomb|p2a: Ninetales\n|-damage|p2a: Ninetales|20/100\n|\n|-weather|SunnyDay|[upkeep]\n|upkeep\n|turn|14\n|\n|t:|1783803424\n|move|p2a: Ninetales|Weather Ball|p1a: Samuel\n|-supereffective|p1a: Samuel\n|-damage|p1a: Samuel|2/100\n|move|p1a: Samuel|Sludge Bomb|p2a: Ninetales\n|-damage|p2a: Ninetales|0 fnt\n|faint|p2a: Ninetales\n|\n|-weather|SunnyDay|[upkeep]\n|upkeep\n|\n|t:|1783803428\n|switch|p2a: Scizor|Scizor, M|100/100\n|-damage|p2a: Scizor|88/100|[from] Stealth Rock\n|turn|15\n|\n|t:|1783803433\n|move|p2a: Scizor|Swords Dance|p2a: Scizor\n|-boost|p2a: Scizor|atk|2\n|move|p1a: Samuel|Giga Drain|p2a: Scizor\n|-resisted|p2a: Scizor\n|-damage|p2a: Scizor|81/100\n|-heal|p1a: Samuel|4/100|[from] drain|[of] p2a: Scizor\n|\n|-weather|SunnyDay|[upkeep]\n|-heal|p2a: Scizor|87/100|[from] item: Leftovers\n|upkeep\n|turn|16\n|\n|t:|1783803440\n|move|p2a: Scizor|Bullet Punch|p1a: Samuel\n|-damage|p1a: Samuel|0 fnt\n|-damage|p2a: Scizor|71/100|[from] item: Rocky Helmet|[of] p1a: Samuel\n|faint|p1a: Samuel\n|\n|-weather|SunnyDay|[upkeep]\n|-heal|p2a: Scizor|77/100|[from] item: Leftovers\n|upkeep\n|\n|t:|1783803447\n|switch|p1a: Lavadora|Rotom-Wash|100/100\n|turn|17\n|\n|t:|1783803451\n|-terastallize|p2a: Scizor|Flying\n|move|p1a: Lavadora|Will-O-Wisp|p2a: Scizor\n|-status|p2a: Scizor|brn\n|move|p2a: Scizor|Knock Off|p1a: Lavadora\n|-damage|p1a: Lavadora|70/100\n|-enditem|p1a: Lavadora|Leftovers|[from] move: Knock Off|[of] p2a: Scizor\n|\n|-weather|none\n|-heal|p2a: Scizor|83/100 brn|[from] item: Leftovers\n|-damage|p2a: Scizor|77/100 brn|[from] brn\n|upkeep\n|turn|18\n|\n|t:|1783803461\n|move|p1a: Lavadora|Volt Switch|p2a: Scizor\n|-supereffective|p2a: Scizor\n|-damage|p2a: Scizor|21/100 brn\n|\n|t:|1783803468\n|switch|p1a: Magno|Corviknight, F|100/100|[from] Volt Switch\n|-ability|p1a: Magno|Pressure\n|move|p2a: Scizor|Swords Dance|p2a: Scizor\n|-boost|p2a: Scizor|atk|2\n|\n|-heal|p2a: Scizor|27/100 brn|[from] item: Leftovers\n|-damage|p2a: Scizor|21/100 brn|[from] brn\n|upkeep\n|turn|19\n|\n|t:|1783803477\n|move|p1a: Magno|Brave Bird|p2a: Scizor\n|-damage|p2a: Scizor|0 fnt\n|faint|p2a: Scizor\n|-damage|p1a: Magno|96/100|[from] Recoil\n|\n|upkeep\n|inactive|MoncefTheW has 120 seconds left.\n|inactive|MoncefTheW has 90 seconds left.\n|\n|t:|1783803543\n|switch|p2a: Volcanion|Volcanion|94/100\n|-damage|p2a: Volcanion|69/100|[from] Stealth Rock\n|turn|20\n|\n|t:|1783803551\n|-terastallize|p1a: Magno|Flying\n|move|p2a: Volcanion|Flamethrower|p1a: Magno\n|-damage|p1a: Magno|49/100\n|move|p1a: Magno|Body Slam|p2a: Volcanion\n|-damage|p2a: Volcanion|52/100\n|\n|-heal|p2a: Volcanion|58/100|[from] item: Leftovers\n|upkeep\n|turn|21\n|\n|t:|1783803566\n|move|p2a: Volcanion|Steam Eruption|p1a: Magno\n|-damage|p1a: Magno|0 fnt\n|faint|p1a: Magno\n|\n|-heal|p2a: Volcanion|64/100|[from] item: Leftovers\n|upkeep\n|\n|t:|1783803572\n|switch|p1a: Momy|Dragapult, F|100/100\n|turn|22\n|\n|t:|1783803576\n|move|p1a: Momy|Draco Meteor|p2a: Volcanion\n|-damage|p2a: Volcanion|0 fnt\n|-unboost|p1a: Momy|spa|2\n|faint|p2a: Volcanion\n|\n|upkeep\n|\n|t:|1783803579\n|switch|p2a: Iron Hands|Iron Hands, shiny|51/100\n|-damage|p2a: Iron Hands|45/100|[from] Stealth Rock\n|turn|23\n|\n|t:|1783803599\n|move|p1a: Momy|Draco Meteor|p2a: Iron Hands\n|-damage|p2a: Iron Hands|23/100\n|-unboost|p1a: Momy|spa|2\n|move|p2a: Iron Hands|Swords Dance|p2a: Iron Hands\n|-boost|p2a: Iron Hands|atk|2\n|\n|upkeep\n|turn|24\n|\n|t:|1783803620\n|switch|p1a: Lavadora|Rotom-Wash|70/100\n|move|p2a: Iron Hands|Play Rough|p1a: Lavadora\n|-crit|p1a: Lavadora\n|-damage|p1a: Lavadora|0 fnt\n|faint|p1a: Lavadora\n|\n|upkeep\n|\n|t:|1783803625\n|switch|p1a: GOAT|Scizor, F|53/100\n|turn|25\n|\n|t:|1783803629\n|move|p1a: GOAT|Bullet Punch|p2a: Iron Hands\n|-resisted|p2a: Iron Hands\n|-damage|p2a: Iron Hands|11/100\n|move|p2a: Iron Hands|Drain Punch|p1a: GOAT\n|-damage|p1a: GOAT|0 fnt\n|-heal|p2a: Iron Hands|31/100|[from] drain|[of] p1a: GOAT\n|faint|p1a: GOAT\n|\n|upkeep\n|\n|t:|1783803632\n|switch|p1a: Momy|Dragapult, F|100/100\n|turn|26\n|\n|t:|1783803644\n|move|p1a: Momy|Shadow Ball|p2a: Iron Hands\n|-damage|p2a: Iron Hands|7/100\n|move|p2a: Iron Hands|Play Rough|p1a: Momy\n|-supereffective|p1a: Momy\n|-damage|p1a: Momy|0 fnt\n|faint|p1a: Momy\n|\n|win|MoncefTheW\n|raw|serkis's rating: 1209 &rarr; <strong>1186</strong><br />(-23 for losing)\n|raw|MoncefTheW's rating: 1242 &rarr; <strong>1265</strong><br />(+23 for winning)\n", "uploadtime": 1783803647, "views": 7, "formatid": "gen9ou", "rating": 1186, "private": 0, "password": null}