{"id": "gen9ou-2647682948", "format": "[Gen 9] OU", "players": ["OUBotBeepBoop", "AlexanderDaHacker"], "log": "|j|☆OUBotBeepBoop\n|j|☆AlexanderDaHacker\n|t:|1783795705\n|gametype|singles\n|player|p1|OUBotBeepBoop|102|1103\n|player|p2|AlexanderDaHacker|ghetsis-gen5bw|1045\n|gen|9\n|tier|[Gen 9] OU\n|rated|\n|rule|HP Percentage Mod: HP is shown in percentages\n|rule|Endless Battle Clause: Forcing endless battles is banned\n|rule|Species Clause: Limit one of each Pokémon\n|rule|OHKO Clause: OHKO moves are banned\n|rule|Evasion Items Clause: Evasion items are banned\n|rule|Evasion Moves Clause: Evasion moves are banned\n|rule|Evasion Abilities Clause: Evasion abilities are banned\n|rule|Sleep Moves Clause: Sleep-inducing moves are banned\n|clearpoke\n|poke|p1|Glimmora, F|\n|poke|p1|Great Tusk|\n|poke|p1|Kingambit, M|\n|poke|p1|Dragapult, F|\n|poke|p1|Clefable, M|\n|poke|p1|Corviknight, M|\n|poke|p2|Darkrai|\n|poke|p2|Great Tusk|\n|poke|p2|Rillaboom, F|\n|poke|p2|Dragonite, F|\n|poke|p2|Moltres|\n|poke|p2|Alomomola, M|\n|teampreview\n|inactive|Battle timer is ON: inactive players will automatically lose when time's up. (requested by AlexanderDaHacker)\n|inactive|OUBotBeepBoop also wants the timer to be on.\n|\n|t:|1783795707\n|teamsize|p1|6\n|teamsize|p2|6\n|start\n|switch|p1a: Glimmora|Glimmora, F|100/100\n|switch|p2a: Moltres|Moltres|100/100\n|turn|1\n|c|☆AlexanderDaHacker|Yikes\n|\n|t:|1783795721\n|switch|p2a: Great Tusk|Great Tusk|100/100\n|move|p1a: Glimmora|Power Gem|p2a: Great Tusk\n|-resisted|p2a: Great Tusk\n|-damage|p2a: Great Tusk|91/100\n|\n|upkeep\n|turn|2\n|\n|t:|1783795727\n|switch|p1a: Corviknight|Corviknight, M|100/100\n|-ability|p1a: Corviknight|Pressure\n|move|p2a: Great Tusk|Headlong Rush|p1a: Corviknight\n|-immune|p1a: Corviknight\n|\n|upkeep\n|turn|3\n|\n|t:|1783795735\n|-end|p2a: Great Tusk|Protosynthesis|[silent]\n|switch|p2a: Moltres|Moltres|100/100\n|move|p1a: Corviknight|U-turn|p2a: Moltres\n|-resisted|p2a: Moltres\n|-damage|p2a: Moltres|97/100\n|-status|p1a: Corviknight|brn|[from] ability: Flame Body|[of] p2a: Moltres\n|\n|t:|1783795735\n|switch|p1a: Glimmora|Glimmora, F|100/100|[from] U-turn\n|\n|upkeep\n|turn|4\n|\n|t:|1783795739\n|switch|p2a: Great Tusk|Great Tusk|91/100\n|move|p1a: Glimmora|Power Gem|p2a: Great Tusk\n|-resisted|p2a: Great Tusk\n|-damage|p2a: Great Tusk|81/100\n|\n|upkeep\n|turn|5\n|\n|t:|1783795748\n|switch|p1a: Corviknight|Corviknight, M|100/100 brn\n|-ability|p1a: Corviknight|Pressure\n|move|p2a: Great Tusk|Headlong Rush|p1a: Corviknight\n|-immune|p1a: Corviknight\n|\n|-damage|p1a: Corviknight|94/100 brn|[from] brn\n|upkeep\n|turn|6\n|\n|t:|1783795751\n|-end|p2a: Great Tusk|Protosynthesis|[silent]\n|switch|p2a: Dragonite|Dragonite, F|100/100\n|move|p1a: Corviknight|U-turn|p2a: Dragonite\n|-resisted|p2a: Dragonite\n|-damage|p2a: Dragonite|99/100\n|\n|t:|1783795752\n|switch|p1a: Great Tusk|Great Tusk|100/100|[from] U-turn\n|\n|upkeep\n|turn|7\n|\n|t:|1783795755\n|move|p1a: Great Tusk|Ice Spinner|p2a: Dragonite\n|-supereffective|p2a: Dragonite\n|-damage|p2a: Dragonite|0 fnt\n|faint|p2a: Dragonite\n|\n|upkeep\n|c|☆AlexanderDaHacker|I had that too on dnite\n|\n|t:|1783795767\n|switch|p2a: Rillaboom|Rillaboom, F|100/100\n|-fieldstart|move: Grassy Terrain|[from] ability: Grassy Surge|[of] p2a: Rillaboom\n|turn|8\n|\n|t:|1783795770\n|-end|p1a: Great Tusk|Protosynthesis|[silent]\n|switch|p1a: Kingambit|Kingambit, M|100/100\n|-terastallize|p2a: Rillaboom|Grass\n|move|p2a: Rillaboom|Wood Hammer|p1a: Kingambit\n|-resisted|p1a: Kingambit\n|-damage|p1a: Kingambit|46/100\n|-damage|p2a: Rillaboom|79/100|[from] Recoil\n|\n|-heal|p2a: Rillaboom|85/100|[from] Grassy Terrain\n|-heal|p1a: Kingambit|52/100|[from] Grassy Terrain\n|upkeep\n|turn|9\n|\n|t:|1783795774\n|-end|p1a: Kingambit|fallenundefined|[silent]\n|switch|p1a: Corviknight|Corviknight, M|94/100 brn\n|-ability|p1a: Corviknight|Pressure\n|move|p2a: Rillaboom|Wood Hammer|p1a: Corviknight\n|-resisted|p1a: Corviknight\n|-damage|p1a: Corviknight|69/100 brn\n|-damage|p2a: Rillaboom|76/100|[from] Recoil\n|\n|-heal|p2a: Rillaboom|82/100|[from] Grassy Terrain\n|-heal|p1a: Corviknight|75/100 brn|[from] item: Leftovers\n|-damage|p1a: Corviknight|69/100 brn|[from] brn\n|upkeep\n|turn|10\n|\n|t:|1783795777\n|switch|p2a: Moltres|Moltres|97/100\n|move|p1a: Corviknight|U-turn|p2a: Moltres\n|-resisted|p2a: Moltres\n|-damage|p2a: Moltres|96/100\n|\n|t:|1783795778\n|switch|p1a: Glimmora|Glimmora, F|100/100|[from] U-turn\n|\n|upkeep\n|turn|11\n|\n|t:|1783795785\n|move|p1a: Glimmora|Power Gem|p2a: Moltres\n|-supereffective|p2a: Moltres\n|-damage|p2a: Moltres|0 fnt\n|faint|p2a: Moltres\n|\n|upkeep\n|\n|t:|1783795788\n|switch|p2a: Rillaboom|Rillaboom, F, tera:Grass|82/100\n|turn|12\n|\n|t:|1783795790\n|move|p1a: Glimmora|Power Gem|p2a: Rillaboom\n|-damage|p2a: Rillaboom|30/100\n|move|p2a: Rillaboom|Wood Hammer|p1a: Glimmora\n|-enditem|p1a: Glimmora|Focus Sash\n|-damage|p1a: Glimmora|1/100\n|-activate|p1a: Glimmora|ability: Toxic Debris\n|-sidestart|p2: AlexanderDaHacker|move: Toxic Spikes\n|-damage|p2a: Rillaboom|0 fnt|[from] Recoil\n|faint|p2a: Rillaboom\n|\n|-heal|p1a: Glimmora|7/100|[from] Grassy Terrain\n|-fieldend|move: Grassy Terrain\n|upkeep\n|c|☆AlexanderDaHacker|???\n|c|☆AlexanderDaHacker|Insane\n|c|☆AlexanderDaHacker|Oh sash nbm\n|c|☆AlexanderDaHacker|God this mu sucks ass\n|\n|t:|1783795812\n|switch|p2a: Darkrai|Darkrai|100/100\n|-status|p2a: Darkrai|psn\n|turn|13\n|\n|t:|1783795815\n|switch|p1a: Clefable|Clefable, M|100/100\n|move|p2a: Darkrai|Dark Pulse|p1a: Clefable\n|-resisted|p1a: Clefable\n|-damage|p1a: Clefable|80/100\n|\n|-heal|p1a: Clefable|87/100|[from] item: Leftovers\n|-damage|p2a: Darkrai|88/100 psn|[from] psn\n|upkeep\n|turn|14\n|\n|t:|1783795818\n|move|p2a: Darkrai|Shadow Ball|p1a: Clefable\n|-damage|p1a: Clefable|58/100\n|-unboost|p1a: Clefable|spd|1\n|move|p1a: Clefable|Moonblast|p2a: Darkrai\n|-supereffective|p2a: Darkrai\n|-damage|p2a: Darkrai|32/100 psn\n|\n|-heal|p1a: Clefable|64/100|[from] item: Leftovers\n|-damage|p2a: Darkrai|20/100 psn|[from] psn\n|upkeep\n|turn|15\n|\n|t:|1783795820\n|move|p2a: Darkrai|Shadow Ball|p1a: Clefable\n|-damage|p1a: Clefable|20/100\n|move|p1a: Clefable|Moonblast|p2a: Darkrai\n|-supereffective|p2a: Darkrai\n|-damage|p2a: Darkrai|0 fnt\n|faint|p2a: Darkrai\n|\n|-heal|p1a: Clefable|26/100|[from] item: Leftovers\n|upkeep\n|-message|AlexanderDaHacker forfeited.\n|\n|win|OUBotBeepBoop\n", "uploadtime": 1783795809, "views": 7, "formatid": "gen9ou", "rating": null, "private": 0, "password": null}