{"id": "gen9ou-2647685840", "format": "[Gen 9] OU", "players": ["Aight8755", "Josefe007"], "log": "|j|☆Aight8755\n|j|☆Josefe007\n|t:|1783796147\n|gametype|singles\n|player|p1|Aight8755|youngcouple-gen4dp|1155\n|player|p2|Josefe007|pokemonranger-gen4|1202\n|gen|9\n|tier|[Gen 9] OU\n|rated|\n|rule|HP Percentage Mod: HP is shown in percentages\n|rule|Endless Battle Clause: Forcing endless battles is banned\n|rule|Species Clause: Limit one of each Pokémon\n|rule|OHKO Clause: OHKO moves are banned\n|rule|Evasion Items Clause: Evasion items are banned\n|rule|Evasion Moves Clause: Evasion moves are banned\n|rule|Evasion Abilities Clause: Evasion abilities are banned\n|rule|Sleep Moves Clause: Sleep-inducing moves are banned\n|clearpoke\n|poke|p1|Darkrai|\n|poke|p1|Iron Valiant|\n|poke|p1|Heatran, F|\n|poke|p1|Dragapult, M|\n|poke|p1|Glastrier|\n|poke|p1|Corviknight, F|\n|poke|p2|Mew|\n|poke|p2|Dragonite, F|\n|poke|p2|Alomomola, F|\n|poke|p2|Glimmora, M|\n|poke|p2|Snorlax, F|\n|poke|p2|Kingdra, M|\n|teampreview\n|inactive|Battle timer is ON: inactive players will automatically lose when time's up. (requested by Aight8755)\n|\n|t:|1783796161\n|teamsize|p1|6\n|teamsize|p2|6\n|start\n|switch|p1a: Corviknight|Corviknight, F|100/100\n|switch|p2a: Mew|Mew|100/100\n|-ability|p1a: Corviknight|Pressure\n|turn|1\n|\n|t:|1783796164\n|move|p1a: Corviknight|U-turn|p2a: Mew\n|-supereffective|p2a: Mew\n|-damage|p2a: Mew|67/100\n|\n|t:|1783796168\n|switch|p1a: Darkrai|Darkrai|100/100|[from] U-turn\n|move|p2a: Mew|Iron Defense|p2a: Mew\n|-boost|p2a: Mew|def|2\n|\n|-heal|p2a: Mew|74/100|[from] item: Leftovers\n|upkeep\n|turn|2\n|\n|t:|1783796173\n|-terastallize|p2a: Mew|Normal\n|move|p1a: Darkrai|Dark Pulse|p2a: Mew\n|-damage|p2a: Mew|38/100\n|move|p2a: Mew|Iron Defense|p2a: Mew\n|-boost|p2a: Mew|def|2\n|\n|-heal|p2a: Mew|44/100|[from] item: Leftovers\n|upkeep\n|turn|3\n|\n|t:|1783796179\n|move|p1a: Darkrai|Dark Pulse|p2a: Mew\n|-damage|p2a: Mew|7/100\n|move|p2a: Mew|Body Press|p1a: Darkrai\n|-supereffective|p1a: Darkrai\n|-crit|p1a: Darkrai\n|-damage|p1a: Darkrai|0 fnt\n|faint|p1a: Darkrai\n|\n|-heal|p2a: Mew|13/100|[from] item: Leftovers\n|upkeep\n|\n|t:|1783796193\n|switch|p1a: Iron Valiant|Iron Valiant|100/100\n|turn|4\n|\n|t:|1783796196\n|move|p1a: Iron Valiant|Moonblast|p2a: Mew\n|-damage|p2a: Mew|0 fnt\n|faint|p2a: Mew\n|\n|upkeep\n|\n|t:|1783796200\n|switch|p2a: Alomomola|Alomomola, F|100/100\n|turn|5\n|\n|t:|1783796214\n|move|p1a: Iron Valiant|Moonblast|p2a: Alomomola\n|-damage|p2a: Alomomola|57/100\n|move|p2a: Alomomola|Mirror Coat|p1a: Iron Valiant\n|-damage|p1a: Iron Valiant|0 fnt\n|faint|p1a: Iron Valiant\n|-end|p1a: Iron Valiant|Quark Drive|[silent]\n|\n|upkeep\n|\n|t:|1783796221\n|switch|p1a: Dragapult|Dragapult, M|100/100\n|turn|6\n|\n|t:|1783796227\n|move|p1a: Dragapult|Substitute|p1a: Dragapult\n|-start|p1a: Dragapult|Substitute\n|-damage|p1a: Dragapult|76/100\n|move|p2a: Alomomola|Chilling Water|p1a: Dragapult\n|-resisted|p1a: Dragapult\n|-activate|p1a: Dragapult|move: Substitute|[damage]\n|\n|-heal|p1a: Dragapult|82/100|[from] item: Leftovers\n|upkeep\n|turn|7\n|\n|t:|1783796241\n|move|p1a: Dragapult|Dragon Dance|p1a: Dragapult\n|-boost|p1a: Dragapult|atk|1\n|-boost|p1a: Dragapult|spe|1\n|move|p2a: Alomomola|Flip Turn|p1a: Dragapult\n|-resisted|p1a: Dragapult\n|-activate|p1a: Dragapult|move: Substitute|[damage]\n|\n|t:|1783796247\n|switch|p2a: Dragonite|Dragonite, F|100/100|[from] Flip Turn\n|\n|-heal|p1a: Dragapult|88/100|[from] item: Leftovers\n|upkeep\n|turn|8\n|\n|t:|1783796263\n|move|p1a: Dragapult|Dragon Darts|p2a: Dragonite\n|-supereffective|p2a: Dragonite\n|-damage|p2a: Dragonite|57/100\n|-enditem|p2a: Dragonite|Weakness Policy\n|-boost|p2a: Dragonite|atk|2|[from] item: Weakness Policy\n|-boost|p2a: Dragonite|spa|2|[from] item: Weakness Policy\n|-anim|p1a: Dragapult|Dragon Darts|p2a: Dragonite\n|-supereffective|p2a: Dragonite\n|-damage|p2a: Dragonite|0 fnt\n|faint|p2a: Dragonite\n|\n|-heal|p1a: Dragapult|94/100|[from] item: Leftovers\n|upkeep\n|\n|t:|1783796268\n|switch|p2a: Snorlax|Snorlax, F, shiny|100/100\n|turn|9\n|\n|t:|1783796271\n|move|p1a: Dragapult|Dragon Darts|p2a: Snorlax\n|-damage|p2a: Snorlax|68/100\n|-anim|p1a: Dragapult|Dragon Darts|p2a: Snorlax\n|-damage|p2a: Snorlax|37/100\n|move|p2a: Snorlax|Earthquake|p1a: Dragapult\n|-end|p1a: Dragapult|Substitute\n|\n|-heal|p1a: Dragapult|99/100|[from] item: Leftovers\n|-heal|p2a: Snorlax|43/100|[from] item: Leftovers\n|upkeep\n|turn|10\n|-message|Josefe007 forfeited.\n|\n|win|Aight8755\n|raw|Aight8755's rating: 1155 &rarr; <strong>1183</strong><br />(+28 for winning)\n|raw|Josefe007's rating: 1202 &rarr; <strong>1174</strong><br />(-28 for losing)\n|l|☆Josefe007\n|player|p2|\n", "uploadtime": 1783796295, "views": 11, "formatid": "gen9ou", "rating": 1174, "private": 0, "password": null}