{"id": "gen9ou-2639935814", "format": "[Gen 9] OU", "players": ["goodgoodcush", "ninjastatus"], "log": "|j|☆goodgoodcush\n|j|☆ninjastatus\n|t:|1782547292\n|gametype|singles\n|player|p1|goodgoodcush|2|1526\n|player|p2|ninjastatus|cynthia|1539\n|gen|9\n|tier|[Gen 9] OU\n|rated|\n|rule|HP Percentage Mod: HP is shown in percentages\n|rule|Endless Battle Clause: Forcing endless battles is banned\n|rule|Species Clause: Limit one of each Pokémon\n|rule|OHKO Clause: OHKO moves are banned\n|rule|Evasion Items Clause: Evasion items are banned\n|rule|Evasion Moves Clause: Evasion moves are banned\n|rule|Evasion Abilities Clause: Evasion abilities are banned\n|rule|Sleep Moves Clause: Sleep-inducing moves are banned\n|clearpoke\n|poke|p1|Deoxys-Speed|\n|poke|p1|Dragonite, F|\n|poke|p1|Gholdengo|\n|poke|p1|Kingambit, F|\n|poke|p1|Ogerpon-Wellspring, F|\n|poke|p1|Great Tusk|\n|poke|p2|Garganacl, F|\n|poke|p2|Cinderace, M|\n|poke|p2|Latias, F|\n|poke|p2|Clodsire, M|\n|poke|p2|Ogerpon-Wellspring, F|\n|poke|p2|Kingambit, F|\n|teampreview\n|\n|t:|1782547330\n|teamsize|p1|6\n|teamsize|p2|6\n|start\n|switch|p1a: Great Tusk|Great Tusk|100/100\n|switch|p2a: Cinderace|Cinderace, M|100/100\n|-enditem|p1a: Great Tusk|Booster Energy\n|-activate|p1a: Great Tusk|ability: Protosynthesis|[fromitem]\n|-start|p1a: Great Tusk|protosynthesisspe\n|turn|1\n|\n|t:|1782547338\n|switch|p2a: Latias|Latias, F|100/100\n|-terastallize|p1a: Great Tusk|Fire\n|move|p1a: Great Tusk|Bulk Up|p1a: Great Tusk\n|-boost|p1a: Great Tusk|atk|1\n|-boost|p1a: Great Tusk|def|1\n|\n|upkeep\n|turn|2\n|\n|t:|1782547364\n|move|p1a: Great Tusk|Bulk Up|p1a: Great Tusk\n|-boost|p1a: Great Tusk|atk|1\n|-boost|p1a: Great Tusk|def|1\n|move|p2a: Latias|Agility|p2a: Latias\n|-boost|p2a: Latias|spe|2\n|\n|upkeep\n|turn|3\n|\n|t:|1782547376\n|move|p2a: Latias|Calm Mind|p2a: Latias\n|-boost|p2a: Latias|spa|1\n|-boost|p2a: Latias|spd|1\n|move|p1a: Great Tusk|Close Combat|p2a: Latias\n|-resisted|p2a: Latias\n|-damage|p2a: Latias|55/100\n|-unboost|p1a: Great Tusk|def|1\n|-unboost|p1a: Great Tusk|spd|1\n|\n|-heal|p2a: Latias|61/100|[from] item: Leftovers\n|upkeep\n|turn|4\n|\n|t:|1782547384\n|-end|p1a: Great Tusk|Protosynthesis|[silent]\n|switch|p1a: Kingambit|Kingambit, F|100/100\n|move|p2a: Latias|Stored Power|p1a: Kingambit\n|-immune|p1a: Kingambit\n|\n|-heal|p2a: Latias|67/100|[from] item: Leftovers\n|upkeep\n|turn|5\n|\n|t:|1782547391\n|-terastallize|p2a: Latias|Steel\n|move|p2a: Latias|Aura Sphere|p1a: Kingambit\n|-supereffective|p1a: Kingambit\n|-damage|p1a: Kingambit|0 fnt\n|faint|p1a: Kingambit\n|-end|p1a: Kingambit|fallenundefined|[silent]\n|\n|-heal|p2a: Latias|73/100|[from] item: Leftovers\n|upkeep\n|\n|t:|1782547397\n|switch|p1a: Gholdengo|Gholdengo|100/100\n|-item|p1a: Gholdengo|Air Balloon\n|turn|6\n|\n|t:|1782547401\n|move|p2a: Latias|Calm Mind|p2a: Latias\n|-boost|p2a: Latias|spa|1\n|-boost|p2a: Latias|spd|1\n|move|p1a: Gholdengo|Nasty Plot|p1a: Gholdengo\n|-boost|p1a: Gholdengo|spa|2\n|\n|-heal|p2a: Latias|79/100|[from] item: Leftovers\n|upkeep\n|turn|7\n|\n|t:|1782547404\n|move|p2a: Latias|Stored Power|p1a: Gholdengo\n|-resisted|p1a: Gholdengo\n|-damage|p1a: Gholdengo|39/100\n|-enditem|p1a: Gholdengo|Air Balloon\n|move|p1a: Gholdengo|Nasty Plot|p1a: Gholdengo\n|-boost|p1a: Gholdengo|spa|2\n|\n|-heal|p2a: Latias|85/100|[from] item: Leftovers\n|upkeep\n|turn|8\n|\n|t:|1782547409\n|move|p2a: Latias|Stored Power|p1a: Gholdengo\n|-resisted|p1a: Gholdengo\n|-damage|p1a: Gholdengo|0 fnt\n|faint|p1a: Gholdengo\n|\n|-heal|p2a: Latias|91/100|[from] item: Leftovers\n|upkeep\n|-message|goodgoodcush forfeited.\n|\n|win|ninjastatus\n|raw|goodgoodcush's rating: 1543 &rarr; <strong>1523</strong><br />(-20 for losing)\n|raw|ninjastatus's rating: 1539 &rarr; <strong>1559</strong><br />(+20 for winning)\n", "uploadtime": 1782547420, "views": 6, "formatid": "gen9ou", "rating": 1523, "private": 0, "password": null}