{"id": "gen9ou-2647844592", "format": "[Gen 9] OU", "players": ["typhoon9", "thunderidiot777"], "log": "|j|☆typhoon9\n|j|☆thunderidiot777\n|t:|1783822665\n|gametype|singles\n|player|p1|typhoon9|swimmerf-gen4|1394\n|player|p2|thunderidiot777|2|1432\n|gen|9\n|tier|[Gen 9] OU\n|rated|\n|rule|HP Percentage Mod: HP is shown in percentages\n|rule|Endless Battle Clause: Forcing endless battles is banned\n|rule|Species Clause: Limit one of each Pokémon\n|rule|OHKO Clause: OHKO moves are banned\n|rule|Evasion Items Clause: Evasion items are banned\n|rule|Evasion Moves Clause: Evasion moves are banned\n|rule|Evasion Abilities Clause: Evasion abilities are banned\n|rule|Sleep Moves Clause: Sleep-inducing moves are banned\n|clearpoke\n|poke|p1|Volcanion|\n|poke|p1|Weavile, F|\n|poke|p1|Weezing-Galar, F|\n|poke|p1|Ting-Lu|\n|poke|p1|Zamazenta-*|\n|poke|p1|Corviknight, F|\n|poke|p2|Slowking-Galar, M|\n|poke|p2|Ting-Lu|\n|poke|p2|Hydrapple, M|\n|poke|p2|Corviknight, M|\n|poke|p2|Cinderace, F|\n|poke|p2|Dondozo, M|\n|teampreview\n|inactive|Battle timer is ON: inactive players will automatically lose when time's up. (requested by typhoon9)\n|\n|t:|1783822679\n|teamsize|p1|6\n|teamsize|p2|6\n|start\n|switch|p1a: Weavile|Weavile, F|100/100\n|switch|p2a: Cinderace|Cinderace, F|100/100\n|-ability|p1a: Weavile|Pressure\n|turn|1\n|\n|t:|1783822706\n|move|p1a: Weavile|Knock Off|p2a: Cinderace\n|-crit|p2a: Cinderace\n|-damage|p2a: Cinderace|0 fnt\n|-enditem|p2a: Cinderace|Heavy-Duty Boots|[from] move: Knock Off|[of] p1a: Weavile\n|faint|p2a: Cinderace\n|\n|upkeep\n|\n|t:|1783822724\n|switch|p2a: Hydrapple|Hydrapple, M|100/100\n|turn|2\n|\n|t:|1783822735\n|switch|p1a: Corviknight|Corviknight, F|100/100\n|-ability|p1a: Corviknight|Pressure\n|switch|p2a: Corviknight|Corviknight, M, shiny|100/100\n|-ability|p2a: Corviknight|Pressure\n|\n|upkeep\n|turn|3\n|\n|t:|1783822744\n|move|p1a: Corviknight|U-turn|p2a: Corviknight\n|-resisted|p2a: Corviknight\n|-damage|p2a: Corviknight|98/100\n|-damage|p1a: Corviknight|84/100|[from] item: Rocky Helmet|[of] p2a: Corviknight\n|l|☆typhoon9\n|inactive|typhoon9 disconnected and has a minute to reconnect!\n|player|p1|\n|j|☆typhoon9\n|inactive|typhoon9 reconnected and has 130 seconds left.\n|player|p1|typhoon9|swimmerf-gen4|\n|\n|t:|1783822761\n|switch|p1a: Volcanion|Volcanion|100/100|[from] U-turn\n|move|p2a: Corviknight|Iron Defense|p2a: Corviknight\n|-boost|p2a: Corviknight|def|2\n|\n|upkeep\n|turn|4\n|\n|t:|1783822772\n|switch|p2a: Slowking|Slowking-Galar, M|100/100\n|move|p1a: Volcanion|Fire Spin|p2a: Slowking\n|-damage|p2a: Slowking|84/100\n|-activate|p2a: Slowking|move: Fire Spin|[of] p1a: Volcanion\n|\n|-heal|p2a: Slowking|90/100|[from] item: Black Sludge\n|-damage|p2a: Slowking|78/100|[from] move: Fire Spin|[partiallytrapped]\n|upkeep\n|turn|5\n|\n|t:|1783822776\n|move|p1a: Volcanion|Taunt|p2a: Slowking\n|-start|p2a: Slowking|move: Taunt\n|cant|p2a: Slowking|move: Taunt|Trick\n|\n|-heal|p2a: Slowking|84/100|[from] item: Black Sludge\n|-damage|p2a: Slowking|72/100|[from] move: Fire Spin|[partiallytrapped]\n|upkeep\n|turn|6\n|\n|t:|1783822781\n|move|p1a: Volcanion|Flamethrower|p2a: Slowking\n|-damage|p2a: Slowking|30/100\n|move|p2a: Slowking|Psychic Noise|p1a: Volcanion\n|-damage|p1a: Volcanion|70/100\n|-start|p1a: Volcanion|move: Heal Block\n|\n|-heal|p2a: Slowking|37/100|[from] item: Black Sludge\n|-damage|p2a: Slowking|24/100|[from] move: Fire Spin|[partiallytrapped]\n|upkeep\n|turn|7\n|\n|t:|1783822785\n|move|p1a: Volcanion|Flamethrower|p2a: Slowking\n|-damage|p2a: Slowking|0 fnt\n|faint|p2a: Slowking\n|\n|-end|p1a: Volcanion|move: Heal Block\n|upkeep\n|\n|t:|1783822789\n|switch|p2a: Ting-Lu|Ting-Lu|100/100\n|-ability|p2a: Ting-Lu|Vessel of Ruin\n|turn|8\n|\n|t:|1783822794\n|move|p1a: Volcanion|Steam Eruption|p2a: Ting-Lu\n|-supereffective|p2a: Ting-Lu\n|-damage|p2a: Ting-Lu|44/100\n|move|p2a: Ting-Lu|Payback|p1a: Volcanion\n|-damage|p1a: Volcanion|38/100\n|\n|-heal|p2a: Ting-Lu|50/100|[from] item: Leftovers\n|upkeep\n|turn|9\n|\n|t:|1783822799\n|move|p1a: Volcanion|Steam Eruption|p2a: Ting-Lu\n|-supereffective|p2a: Ting-Lu\n|-damage|p2a: Ting-Lu|0 fnt\n|faint|p2a: Ting-Lu\n|\n|upkeep\n|\n|t:|1783822804\n|switch|p2a: Hydrapple|Hydrapple, M|100/100\n|turn|10\n|\n|t:|1783822809\n|switch|p1a: Corviknight|Corviknight, F|84/100\n|-ability|p1a: Corviknight|Pressure\n|move|p2a: Hydrapple|Fickle Beam|p1a: Corviknight\n|-resisted|p1a: Corviknight\n|-damage|p1a: Corviknight|68/100\n|\n|-heal|p1a: Corviknight|74/100|[from] item: Leftovers\n|upkeep\n|turn|11\n|\n|t:|1783822813\n|move|p1a: Corviknight|Brave Bird|p2a: Hydrapple\n|-supereffective|p2a: Hydrapple\n|-damage|p2a: Hydrapple|58/100\n|-damage|p1a: Corviknight|59/100|[from] Recoil\n|move|p2a: Hydrapple|Nasty Plot|p2a: Hydrapple\n|-boost|p2a: Hydrapple|spa|2\n|\n|-heal|p1a: Corviknight|65/100|[from] item: Leftovers\n|-heal|p2a: Hydrapple|65/100|[from] item: Leftovers\n|upkeep\n|turn|12\n|\n|t:|1783822816\n|switch|p2a: Corviknight|Corviknight, M, shiny|98/100\n|-ability|p2a: Corviknight|Pressure\n|move|p1a: Corviknight|U-turn|p2a: Corviknight\n|-resisted|p2a: Corviknight\n|-damage|p2a: Corviknight|96/100\n|-damage|p1a: Corviknight|49/100|[from] item: Rocky Helmet|[of] p2a: Corviknight\n|\n|t:|1783822818\n|switch|p1a: Volcanion|Volcanion|38/100|[from] U-turn\n|\n|upkeep\n|turn|13\n|\n|t:|1783822846\n|switch|p2a: Hydrapple|Hydrapple, M|98/100\n|move|p1a: Volcanion|Flamethrower|p2a: Hydrapple\n|-damage|p2a: Hydrapple|43/100\n|\n|-heal|p2a: Hydrapple|49/100|[from] item: Leftovers\n|upkeep\n|turn|14\n|\n|t:|1783822851\n|move|p1a: Volcanion|Flamethrower|p2a: Hydrapple\n|-damage|p2a: Hydrapple|0 fnt\n|faint|p2a: Hydrapple\n|\n|upkeep\n|\n|t:|1783822854\n|switch|p2a: Dondozo|Dondozo, M|100/100\n|turn|15\n|\n|t:|1783822858\n|switch|p2a: Corviknight|Corviknight, M, shiny|96/100\n|-ability|p2a: Corviknight|Pressure\n|move|p1a: Volcanion|Taunt|p2a: Corviknight\n|-start|p2a: Corviknight|move: Taunt\n|\n|upkeep\n|turn|16\n|\n|t:|1783822860\n|move|p1a: Volcanion|Flamethrower|p2a: Corviknight\n|-supereffective|p2a: Corviknight\n|-damage|p2a: Corviknight|0 fnt\n|faint|p2a: Corviknight\n|\n|upkeep\n|-message|thunderidiot777 forfeited.\n|\n|win|typhoon9\n|raw|typhoon9's rating: 1394 &rarr; <strong>1416</strong><br />(+22 for winning)\n|raw|thunderidiot777's rating: 1432 &rarr; <strong>1410</strong><br />(-22 for losing)\n|l|☆thunderidiot777\n|player|p2|\n", "uploadtime": 1783822875, "views": 5, "formatid": "gen9ou", "rating": 1410, "private": 0, "password": null}