{"id": "gen9ou-2647793091", "format": "[Gen 9] OU", "players": ["esta man oe", "ReinTheDeer"], "log": "|j|☆esta man oe\n|j|☆ReinTheDeer\n|t:|1783813598\n|gametype|singles\n|player|p1|esta man oe|preschooler|1379\n|player|p2|ReinTheDeer|winona|1318\n|gen|9\n|tier|[Gen 9] OU\n|rated|\n|rule|HP Percentage Mod: HP is shown in percentages\n|rule|Endless Battle Clause: Forcing endless battles is banned\n|rule|Species Clause: Limit one of each Pokémon\n|rule|OHKO Clause: OHKO moves are banned\n|rule|Evasion Items Clause: Evasion items are banned\n|rule|Evasion Moves Clause: Evasion moves are banned\n|rule|Evasion Abilities Clause: Evasion abilities are banned\n|rule|Sleep Moves Clause: Sleep-inducing moves are banned\n|clearpoke\n|poke|p1|Ogerpon-Wellspring, F|\n|poke|p1|Heatran, M|\n|poke|p1|Goodra-Hisui, F|\n|poke|p1|Thundurus-Therian, M|\n|poke|p1|Orthworm, M|\n|poke|p1|Grimmsnarl, M|\n|poke|p2|Ogerpon-Wellspring, F|\n|poke|p2|Great Tusk|\n|poke|p2|Corviknight, M|\n|poke|p2|Kingambit, F|\n|poke|p2|Heatran, F|\n|poke|p2|Dragapult, M|\n|teampreview\n|inactive|Battle timer is ON: inactive players will automatically lose when time's up. (requested by esta man oe)\n|\n|t:|1783813612\n|teamsize|p1|6\n|teamsize|p2|6\n|start\n|switch|p1a: Grimmsnarl|Grimmsnarl, M|100/100\n|switch|p2a: Heatran|Heatran, F|100/100\n|turn|1\n|\n|t:|1783813616\n|move|p1a: Grimmsnarl|Light Screen|p1a: Grimmsnarl\n|-sidestart|p1: esta man oe|move: Light Screen\n|move|p2a: Heatran|Magma Storm|p1a: Grimmsnarl|[miss]\n|-miss|p2a: Heatran|p1a: Grimmsnarl\n|\n|upkeep\n|turn|2\n|\n|t:|1783813625\n|move|p1a: Grimmsnarl|Thunder Wave|p2a: Heatran\n|-status|p2a: Heatran|par\n|move|p2a: Heatran|Earth Power|p1a: Grimmsnarl\n|-damage|p1a: Grimmsnarl|86/100\n|\n|upkeep\n|turn|3\n|\n|t:|1783813632\n|move|p1a: Grimmsnarl|Parting Shot|p2a: Heatran\n|-unboost|p2a: Heatran|atk|1\n|-unboost|p2a: Heatran|spa|1\n|\n|t:|1783813634\n|switch|p1a: Heatran|Heatran, M|100/100|[from] Parting Shot\n|move|p2a: Heatran|Magma Storm|p1a: Heatran\n|-start|p1a: Heatran|ability: Flash Fire\n|\n|upkeep\n|turn|4\n|\n|t:|1783813638\n|move|p2a: Heatran|Protect|p2a: Heatran\n|-singleturn|p2a: Heatran|Protect\n|move|p1a: Heatran|Stealth Rock|p2a: Heatran\n|-sidestart|p2: ReinTheDeer|move: Stealth Rock\n|\n|upkeep\n|turn|5\n|\n|t:|1783813651\n|move|p1a: Heatran|Earth Power|p2a: Heatran\n|-supereffective|p2a: Heatran\n|-damage|p2a: Heatran|38/100 par\n|-unboost|p2a: Heatran|spd|1\n|cant|p2a: Heatran|par\n|\n|-heal|p2a: Heatran|45/100 par|[from] item: Leftovers\n|upkeep\n|turn|6\n|\n|t:|1783813656\n|switch|p2a: Ogerpon|Ogerpon-Wellspring, F|100/100\n|-damage|p2a: Ogerpon|88/100|[from] Stealth Rock\n|move|p1a: Heatran|Earth Power|p2a: Ogerpon\n|-resisted|p2a: Ogerpon\n|-damage|p2a: Ogerpon|73/100\n|\n|upkeep\n|turn|7\n|\n|t:|1783813673\n|-end|p1a: Heatran|ability: Flash Fire|[silent]\n|switch|p1a: Goodra|Goodra-Hisui, F|100/100\n|move|p2a: Ogerpon|Ivy Cudgel|p1a: Goodra|[anim] Ivy Cudgel Water\n|-resisted|p1a: Goodra\n|-damage|p1a: Goodra|75/100\n|\n|upkeep\n|turn|8\n|\n|t:|1783813685\n|switch|p2a: Heatran|Heatran, F|45/100 par\n|-damage|p2a: Heatran|32/100 par|[from] Stealth Rock\n|move|p1a: Goodra|Dragon Pulse|p2a: Heatran\n|-resisted|p2a: Heatran\n|-damage|p2a: Heatran|19/100 par\n|\n|-heal|p2a: Heatran|25/100 par|[from] item: Leftovers\n|-sideend|p1: esta man oe|move: Light Screen\n|upkeep\n|turn|9\n|\n|t:|1783813691\n|move|p1a: Goodra|Earthquake|p2a: Heatran\n|-supereffective|p2a: Heatran\n|-damage|p2a: Heatran|0 fnt\n|faint|p2a: Heatran\n|\n|upkeep\n|\n|t:|1783813694\n|switch|p2a: Great Tusk|Great Tusk|100/100\n|turn|10\n|\n|t:|1783813698\n|switch|p1a: Grimmsnarl|Grimmsnarl, M|86/100\n|move|p2a: Great Tusk|Rapid Spin|p1a: Grimmsnarl\n|-damage|p1a: Grimmsnarl|74/100\n|-boost|p2a: Great Tusk|spe|1\n|-sideend|p2: ReinTheDeer|Stealth Rock|[from] move: Rapid Spin|[of] p2a: Great Tusk\n|\n|upkeep\n|turn|11\n|\n|t:|1783813703\n|move|p1a: Grimmsnarl|Reflect|p1a: Grimmsnarl\n|-sidestart|p1: esta man oe|Reflect\n|move|p2a: Great Tusk|Headlong Rush|p1a: Grimmsnarl\n|-damage|p1a: Grimmsnarl|54/100\n|-unboost|p2a: Great Tusk|def|1\n|-unboost|p2a: Great Tusk|spd|1\n|\n|upkeep\n|turn|12\n|\n|t:|1783813712\n|-end|p2a: Great Tusk|Protosynthesis|[silent]\n|switch|p2a: Corviknight|Corviknight, M|100/100\n|-ability|p2a: Corviknight|Pressure\n|move|p1a: Grimmsnarl|Parting Shot|p2a: Corviknight\n|-unboost|p2a: Corviknight|atk|1\n|-unboost|p2a: Corviknight|spa|1\n|\n|t:|1783813714\n|switch|p1a: Heatran|Heatran, M|100/100|[from] Parting Shot\n|\n|upkeep\n|turn|13\n|\n|t:|1783813719\n|switch|p2a: Ogerpon|Ogerpon-Wellspring, F|73/100\n|move|p1a: Heatran|Magma Storm|p2a: Ogerpon|[miss]\n|-miss|p1a: Heatran|p2a: Ogerpon\n|\n|upkeep\n|turn|14\n|\n|t:|1783813740\n|-terastallize|p2a: Ogerpon|Water\n|detailschange|p2a: Ogerpon|Ogerpon-Wellspring-Tera, F, tera:Water\n|-ability|p2a: Ogerpon|Embody Aspect (Wellspring)|boost\n|-boost|p2a: Ogerpon|spd|1\n|move|p2a: Ogerpon|Swords Dance|p2a: Ogerpon\n|-boost|p2a: Ogerpon|atk|2\n|move|p1a: Heatran|Magma Storm|p2a: Ogerpon\n|-resisted|p2a: Ogerpon\n|-damage|p2a: Ogerpon|56/100\n|-activate|p2a: Ogerpon|move: Magma Storm|[of] p1a: Heatran\n|\n|-damage|p2a: Ogerpon|44/100|[from] move: Magma Storm|[partiallytrapped]\n|upkeep\n|turn|15\n|\n|t:|1783813750\n|move|p1a: Heatran|Protect|p1a: Heatran\n|-singleturn|p1a: Heatran|Protect\n|move|p2a: Ogerpon|Ivy Cudgel|p1a: Heatran|[anim] Ivy Cudgel Water\n|-activate|p1a: Heatran|move: Protect\n|\n|-damage|p2a: Ogerpon|32/100|[from] move: Magma Storm|[partiallytrapped]\n|upkeep\n|turn|16\n|\n|t:|1783813754\n|switch|p1a: Ogerpon|Ogerpon-Wellspring, F|100/100\n|move|p2a: Ogerpon|Ivy Cudgel|p1a: Ogerpon|[anim] Ivy Cudgel Water\n|-immune|p1a: Ogerpon|[from] ability: Water Absorb\n|\n|-end|p2a: Ogerpon|Magma Storm|[partiallytrapped]|[silent]\n|upkeep\n|turn|17\n|\n|t:|1783813758\n|move|p2a: Ogerpon|Horn Leech|p1a: Ogerpon\n|-damage|p1a: Ogerpon|43/100\n|-heal|p2a: Ogerpon|60/100|[from] drain|[of] p1a: Ogerpon\n|move|p1a: Ogerpon|Horn Leech|p2a: Ogerpon\n|-supereffective|p2a: Ogerpon\n|-damage|p2a: Ogerpon|0 fnt\n|-heal|p1a: Ogerpon|74/100|[from] drain|[of] p2a: Ogerpon\n|faint|p2a: Ogerpon\n|detailschange|p2: Ogerpon|Ogerpon-Wellspring, F|[silent]\n|\n|upkeep\n|\n|t:|1783813766\n|switch|p2a: Dragapult|Dragapult, M|100/100\n|turn|18\n|\n|t:|1783813770\n|switch|p1a: Grimmsnarl|Grimmsnarl, M|54/100\n|move|p2a: Dragapult|Draco Meteor|p1a: Grimmsnarl\n|-immune|p1a: Grimmsnarl\n|\n|-sideend|p1: esta man oe|Reflect\n|upkeep\n|turn|19\n|-message|ReinTheDeer forfeited.\n|\n|win|esta man oe\n|raw|esta man oe's rating: 1379 &rarr; <strong>1396</strong><br />(+17 for winning)\n|raw|ReinTheDeer's rating: 1318 &rarr; <strong>1301</strong><br />(-17 for losing)\n|l|☆ReinTheDeer\n|player|p2|\n", "uploadtime": 1783813775, "views": 39, "formatid": "gen9ou", "rating": 1301, "private": 0, "password": null}