{"id": "gen9ou-2639246052", "format": "[Gen 9] OU", "players": ["thepeakmons", "juaco009"], "log": "|j|☆thepeakmons\n|j|☆juaco009\n|t:|1782439834\n|gametype|singles\n|player|p1|thepeakmons|101|1169\n|player|p2|juaco009|steven|1131\n|gen|9\n|tier|[Gen 9] OU\n|rated|\n|rule|HP Percentage Mod: HP is shown in percentages\n|rule|Endless Battle Clause: Forcing endless battles is banned\n|rule|Species Clause: Limit one of each Pokémon\n|rule|OHKO Clause: OHKO moves are banned\n|rule|Evasion Items Clause: Evasion items are banned\n|rule|Evasion Moves Clause: Evasion moves are banned\n|rule|Evasion Abilities Clause: Evasion abilities are banned\n|rule|Sleep Moves Clause: Sleep-inducing moves are banned\n|clearpoke\n|poke|p1|Dondozo, M|\n|poke|p1|Clodsire, M|\n|poke|p1|Corviknight, F|\n|poke|p1|Slowking-Galar, F|\n|poke|p1|Gholdengo|\n|poke|p1|Garganacl, M|\n|poke|p2|Enamorus, F|\n|poke|p2|Dragapult, M|\n|poke|p2|Lokix, M|\n|poke|p2|Iron Treads|\n|poke|p2|Talonflame, M|\n|poke|p2|Garganacl, F|\n|teampreview\n|inactive|Battle timer is ON: inactive players will automatically lose when time's up. (requested by juaco009)\n|inactive|thepeakmons also wants the timer to be on.\n|\n|t:|1782439860\n|teamsize|p1|6\n|teamsize|p2|6\n|start\n|switch|p1a: Clodsire|Clodsire, M|100/100\n|switch|p2a: Iron Treads|Iron Treads|100/100\n|-enditem|p2a: Iron Treads|Booster Energy\n|-activate|p2a: Iron Treads|ability: Quark Drive|[fromitem]\n|-start|p2a: Iron Treads|quarkdrivespe\n|turn|1\n|\n|t:|1782439887\n|switch|p1a: Dondozo|Dondozo, M|100/100\n|move|p2a: Iron Treads|Earthquake|p1a: Dondozo\n|-damage|p1a: Dondozo|81/100\n|\n|upkeep\n|turn|2\n|\n|t:|1782439908\n|move|p2a: Iron Treads|Stealth Rock|p1a: Dondozo\n|-sidestart|p1: thepeakmons|move: Stealth Rock\n|move|p1a: Dondozo|Wave Crash|p2a: Iron Treads\n|-supereffective|p2a: Iron Treads\n|-damage|p2a: Iron Treads|21/100\n|-damage|p1a: Dondozo|64/100|[from] Recoil\n|\n|upkeep\n|turn|3\n|\n|t:|1782439923\n|move|p2a: Iron Treads|Earthquake|p1a: Dondozo\n|-damage|p1a: Dondozo|42/100\n|move|p1a: Dondozo|Wave Crash|p2a: Iron Treads\n|-supereffective|p2a: Iron Treads\n|-damage|p2a: Iron Treads|0 fnt\n|faint|p2a: Iron Treads\n|-end|p2a: Iron Treads|Quark Drive|[silent]\n|-damage|p1a: Dondozo|38/100|[from] Recoil\n|\n|upkeep\n|inactive|juaco009 has 120 seconds left.\n|\n|t:|1782439952\n|switch|p2a: Dragapult|Dragapult, M|100/100\n|turn|4\n|\n|t:|1782439964\n|switch|p1a: Gholdengo|Gholdengo|100/100\n|move|p2a: Dragapult|Dragon Darts|p1a: Gholdengo\n|-resisted|p1a: Gholdengo\n|-damage|p1a: Gholdengo|88/100\n|-anim|p2a: Dragapult|Dragon Darts|p1a: Gholdengo\n|-resisted|p1a: Gholdengo\n|-damage|p1a: Gholdengo|76/100\n|-damage|p2a: Dragapult|91/100|[from] item: Life Orb\n|\n|upkeep\n|turn|5\n|inactive|juaco009 has 120 seconds left.\n|inactive|thepeakmons has 120 seconds left.\n|\n|t:|1782439985\n|move|p2a: Dragapult|Sucker Punch|p1a: Gholdengo\n|-supereffective|p1a: Gholdengo\n|-damage|p1a: Gholdengo|27/100\n|-damage|p2a: Dragapult|81/100|[from] item: Life Orb\n|move|p1a: Gholdengo|Shadow Ball|p2a: Dragapult\n|-supereffective|p2a: Dragapult\n|-damage|p2a: Dragapult|0 fnt\n|faint|p2a: Dragapult\n|\n|upkeep\n|\n|t:|1782439995\n|switch|p2a: Lokix|Lokix, M|100/100\n|turn|6\n|\n|t:|1782440003\n|switch|p1a: Garganacl|Garganacl, M|100/100\n|-damage|p1a: Garganacl|88/100|[from] Stealth Rock\n|move|p2a: Lokix|Sucker Punch||[still]\n|-fail|p2a: Lokix\n|\n|-heal|p1a: Garganacl|94/100|[from] item: Leftovers\n|upkeep\n|turn|7\n|\n|t:|1782440009\n|move|p2a: Lokix|U-turn|p1a: Garganacl\n|-damage|p1a: Garganacl|75/100\n|inactive|juaco009 has 120 seconds left.\n|\n|t:|1782440041\n|switch|p2a: Garganacl|Garganacl, F|100/100|[from] U-turn\n|move|p1a: Garganacl|Salt Cure|p2a: Garganacl\n|-damage|p2a: Garganacl|92/100\n|-start|p2a: Garganacl|Salt Cure\n|\n|-heal|p1a: Garganacl|82/100|[from] item: Leftovers\n|-heal|p2a: Garganacl|98/100|[from] item: Leftovers\n|-damage|p2a: Garganacl|85/100|[from] Salt Cure\n|upkeep\n|turn|8\n|\n|t:|1782440060\n|move|p1a: Garganacl|Curse|p1a: Garganacl\n|-unboost|p1a: Garganacl|spe|1\n|-boost|p1a: Garganacl|atk|1\n|-boost|p1a: Garganacl|def|1\n|move|p2a: Garganacl|Salt Cure|p1a: Garganacl\n|-damage|p1a: Garganacl|76/100\n|-start|p1a: Garganacl|Salt Cure\n|\n|-heal|p2a: Garganacl|92/100|[from] item: Leftovers\n|-heal|p1a: Garganacl|83/100|[from] item: Leftovers\n|-damage|p2a: Garganacl|79/100|[from] Salt Cure\n|-damage|p1a: Garganacl|70/100|[from] Salt Cure\n|upkeep\n|turn|9\n|-message|juaco009 forfeited.\n|\n|win|thepeakmons\n|raw|thepeakmons's rating: 1169 &rarr; <strong>1193</strong><br />(+24 for winning)\n|raw|juaco009's rating: 1156 &rarr; <strong>1132</strong><br />(-24 for losing)\n|l|☆juaco009\n|player|p2|\n", "uploadtime": 1782440078, "views": 11, "formatid": "gen9ou", "rating": 1132, "private": 0, "password": null}