{"id": "gen9ou-2647722120", "format": "[Gen 9] OU", "players": ["ZRC7", "LeTroubadourDu31"], "log": "|j|☆ZRC7\n|j|☆LeTroubadourDu31\n|t:|1783801690\n|gametype|singles\n|player|p1|ZRC7|boarder|1358\n|player|p2|LeTroubadourDu31|gambler|1430\n|gen|9\n|tier|[Gen 9] OU\n|rated|\n|rule|HP Percentage Mod: HP is shown in percentages\n|rule|Endless Battle Clause: Forcing endless battles is banned\n|rule|Species Clause: Limit one of each Pokémon\n|rule|OHKO Clause: OHKO moves are banned\n|rule|Evasion Items Clause: Evasion items are banned\n|rule|Evasion Moves Clause: Evasion moves are banned\n|rule|Evasion Abilities Clause: Evasion abilities are banned\n|rule|Sleep Moves Clause: Sleep-inducing moves are banned\n|clearpoke\n|poke|p1|Bisharp, F|\n|poke|p1|Clefable, F|\n|poke|p1|Talonflame, F|\n|poke|p1|Ogerpon-Wellspring, F|\n|poke|p1|Garchomp, M|\n|poke|p1|Comfey, F|\n|poke|p2|Ribombee, M|\n|poke|p2|Glimmora, F|\n|poke|p2|Gholdengo|\n|poke|p2|Great Tusk|\n|poke|p2|Kingambit, M|\n|poke|p2|Iron Valiant|\n|teampreview\n|inactive|Battle timer is ON: inactive players will automatically lose when time's up. (requested by LeTroubadourDu31)\n|inactive|ZRC7 also wants the timer to be on.\n|\n|t:|1783801697\n|teamsize|p1|6\n|teamsize|p2|6\n|start\n|switch|p1a: Garchomp|Garchomp, M|100/100\n|switch|p2a: Ribombee|Ribombee, M|100/100\n|turn|1\n|\n|t:|1783801704\n|switch|p1a: Talonflame|Talonflame, F|100/100\n|move|p2a: Ribombee|Moonblast|p1a: Talonflame\n|-resisted|p1a: Talonflame\n|-damage|p1a: Talonflame|76/100\n|-unboost|p1a: Talonflame|spa|1\n|\n|upkeep\n|turn|2\n|\n|t:|1783801713\n|move|p2a: Ribombee|Sticky Web|p1a: Talonflame\n|-sidestart|p1: ZRC7|move: Sticky Web\n|move|p1a: Talonflame|Overheat|p2a: Ribombee\n|-supereffective|p2a: Ribombee\n|-damage|p2a: Ribombee|17/100\n|-unboost|p1a: Talonflame|spa|2\n|\n|upkeep\n|turn|3\n|\n|t:|1783801717\n|move|p2a: Ribombee|Stun Spore|p1a: Talonflame\n|-status|p1a: Talonflame|par\n|move|p1a: Talonflame|Overheat|p2a: Ribombee\n|-supereffective|p2a: Ribombee\n|-damage|p2a: Ribombee|0 fnt\n|-unboost|p1a: Talonflame|spa|2\n|faint|p2a: Ribombee\n|\n|upkeep\n|\n|t:|1783801727\n|switch|p2a: Glimmora|Glimmora, F|100/100\n|turn|4\n|\n|t:|1783801734\n|switch|p1a: Garchomp|Garchomp, M|100/100\n|-activate|p1a: Garchomp|move: Sticky Web\n|-unboost|p1a: Garchomp|spe|1\n|move|p2a: Glimmora|Mortal Spin|p1a: Garchomp\n|-resisted|p1a: Garchomp\n|-damage|p1a: Garchomp|99/100\n|-status|p1a: Garchomp|psn\n|-damage|p2a: Glimmora|88/100|[from] ability: Rough Skin|[of] p1a: Garchomp\n|-damage|p2a: Glimmora|72/100|[from] item: Rocky Helmet|[of] p1a: Garchomp\n|\n|-damage|p1a: Garchomp|86/100 psn|[from] psn\n|upkeep\n|turn|5\n|\n|t:|1783801747\n|-terastallize|p2a: Glimmora|Fairy\n|move|p2a: Glimmora|Dazzling Gleam|p1a: Garchomp\n|-supereffective|p1a: Garchomp\n|-damage|p1a: Garchomp|2/100 psn\n|move|p1a: Garchomp|Earthquake|p2a: Glimmora\n|-damage|p2a: Glimmora|21/100\n|-activate|p2a: Glimmora|ability: Toxic Debris\n|-sidestart|p1: ZRC7|move: Toxic Spikes\n|\n|-damage|p1a: Garchomp|0 fnt|[from] psn\n|faint|p1a: Garchomp\n|upkeep\n|\n|t:|1783801761\n|switch|p1a: Talonflame|Talonflame, F|76/100 par\n|turn|6\n|\n|t:|1783801764\n|move|p2a: Glimmora|Meteor Beam||[still]\n|-prepare|p2a: Glimmora|Meteor Beam\n|-boost|p2a: Glimmora|spa|1\n|-enditem|p2a: Glimmora|Power Herb\n|-anim|p2a: Glimmora|Meteor Beam|p1a: Talonflame\n|-supereffective|p1a: Talonflame\n|-damage|p1a: Talonflame|0 fnt\n|faint|p1a: Talonflame\n|\n|upkeep\n|\n|t:|1783801773\n|switch|p1a: Bisharp|Bisharp, F|100/100\n|-activate|p1a: Bisharp|move: Sticky Web\n|-unboost|p1a: Bisharp|spe|1\n|-ability|p1a: Bisharp|Defiant|boost\n|-boost|p1a: Bisharp|atk|2\n|turn|7\n|\n|t:|1783801784\n|move|p2a: Glimmora|Earth Power|p1a: Bisharp\n|-supereffective|p1a: Bisharp\n|-damage|p1a: Bisharp|16/100\n|move|p1a: Bisharp|Iron Head|p2a: Glimmora\n|-supereffective|p2a: Glimmora\n|-damage|p2a: Glimmora|0 fnt\n|-activate|p2a: Glimmora|ability: Toxic Debris\n|-sidestart|p1: ZRC7|move: Toxic Spikes\n|faint|p2a: Glimmora\n|\n|upkeep\n|\n|t:|1783801788\n|switch|p2a: Iron Valiant|Iron Valiant|100/100\n|-enditem|p2a: Iron Valiant|Booster Energy\n|-activate|p2a: Iron Valiant|ability: Quark Drive|[fromitem]\n|-start|p2a: Iron Valiant|quarkdrivespa\n|turn|8\n|\n|t:|1783801802\n|-terastallize|p1a: Bisharp|Ghost\n|move|p2a: Iron Valiant|Vacuum Wave|p1a: Bisharp\n|-immune|p1a: Bisharp\n|move|p1a: Bisharp|Iron Head|p2a: Iron Valiant\n|-supereffective|p2a: Iron Valiant\n|-damage|p2a: Iron Valiant|0 fnt\n|faint|p2a: Iron Valiant\n|-end|p2a: Iron Valiant|Quark Drive|[silent]\n|\n|upkeep\n|\n|t:|1783801810\n|switch|p2a: Great Tusk|Great Tusk|100/100\n|-enditem|p2a: Great Tusk|Booster Energy\n|-activate|p2a: Great Tusk|ability: Protosynthesis|[fromitem]\n|-start|p2a: Great Tusk|protosynthesisatk\n|turn|9\n|\n|t:|1783801817\n|move|p1a: Bisharp|Sucker Punch|p2a: Great Tusk\n|-resisted|p2a: Great Tusk\n|-damage|p2a: Great Tusk|71/100\n|move|p2a: Great Tusk|Ice Spinner|p1a: Bisharp\n|-damage|p1a: Bisharp|0 fnt\n|faint|p1a: Bisharp\n|\n|upkeep\n|\n|t:|1783801828\n|switch|p1a: Clefable|Clefable, F|100/100\n|-activate|p1a: Clefable|move: Sticky Web\n|-unboost|p1a: Clefable|spe|1\n|-status|p1a: Clefable|tox\n|turn|10\n|\n|t:|1783801835\n|move|p2a: Great Tusk|Headlong Rush|p1a: Clefable\n|-crit|p1a: Clefable\n|-damage|p1a: Clefable|0 fnt\n|-unboost|p2a: Great Tusk|def|1\n|-unboost|p2a: Great Tusk|spd|1\n|faint|p1a: Clefable\n|\n|upkeep\n|\n|t:|1783801840\n|switch|p1a: Ogerpon|Ogerpon-Wellspring, F|100/100\n|-activate|p1a: Ogerpon|move: Sticky Web\n|-unboost|p1a: Ogerpon|spe|1\n|-status|p1a: Ogerpon|tox\n|turn|11\n|\n|t:|1783801850\n|move|p2a: Great Tusk|Head Smash|p1a: Ogerpon|[miss]\n|-miss|p2a: Great Tusk|p1a: Ogerpon\n|move|p1a: Ogerpon|Trailblaze|p2a: Great Tusk\n|-supereffective|p2a: Great Tusk\n|-damage|p2a: Great Tusk|1/100\n|-boost|p1a: Ogerpon|spe|1\n|\n|-damage|p1a: Ogerpon|95/100 tox|[from] psn\n|upkeep\n|turn|12\n|\n|t:|1783801855\n|move|p1a: Ogerpon|Trailblaze|p2a: Great Tusk\n|-supereffective|p2a: Great Tusk\n|-damage|p2a: Great Tusk|0 fnt\n|-boost|p1a: Ogerpon|spe|1\n|faint|p2a: Great Tusk\n|-end|p2a: Great Tusk|Protosynthesis|[silent]\n|\n|-damage|p1a: Ogerpon|83/100 tox|[from] psn\n|upkeep\n|\n|t:|1783801860\n|switch|p2a: Kingambit|Kingambit, M|100/100\n|-activate|p2a: Kingambit|ability: Supreme Overlord\n|-start|p2a: Kingambit|fallen4|[silent]\n|turn|13\n|\n|t:|1783801869\n|move|p1a: Ogerpon|Swords Dance|p1a: Ogerpon\n|-boost|p1a: Ogerpon|atk|2\n|move|p2a: Kingambit|Kowtow Cleave|p1a: Ogerpon\n|-damage|p1a: Ogerpon|0 fnt\n|faint|p1a: Ogerpon\n|\n|upkeep\n|\n|t:|1783801873\n|switch|p1a: Comfey|Comfey, F|100/100\n|-activate|p1a: Comfey|move: Sticky Web\n|-unboost|p1a: Comfey|spe|1\n|-status|p1a: Comfey|tox\n|turn|14\n|\n|t:|1783801879\n|move|p1a: Comfey|Draining Kiss|p2a: Kingambit\n|-damage|p2a: Kingambit|71/100\n|-damage|p1a: Comfey|91/100 tox|[from] item: Life Orb\n|move|p2a: Kingambit|Iron Head|p1a: Comfey\n|-supereffective|p1a: Comfey\n|-damage|p1a: Comfey|0 fnt\n|faint|p1a: Comfey\n|\n|win|LeTroubadourDu31\n|raw|ZRC7's rating: 1358 &rarr; <strong>1342</strong><br />(-16 for losing)\n|raw|LeTroubadourDu31's rating: 1430 &rarr; <strong>1446</strong><br />(+16 for winning)\n", "uploadtime": 1783801880, "views": 10, "formatid": "gen9ou", "rating": 1342, "private": 0, "password": null}