{"id": "gen9ou-2639298180", "format": "[Gen 9] OU", "players": ["Roni13", "ika 3"], "log": "|j|☆Roni13\n|j|☆ika 3\n|t:|1782448263\n|gametype|singles\n|player|p1|Roni13|hilbert|1146\n|player|p2|ika 3|265|1196\n|gen|9\n|tier|[Gen 9] OU\n|rated|\n|rule|HP Percentage Mod: HP is shown in percentages\n|rule|Endless Battle Clause: Forcing endless battles is banned\n|rule|Species Clause: Limit one of each Pokémon\n|rule|OHKO Clause: OHKO moves are banned\n|rule|Evasion Items Clause: Evasion items are banned\n|rule|Evasion Moves Clause: Evasion moves are banned\n|rule|Evasion Abilities Clause: Evasion abilities are banned\n|rule|Sleep Moves Clause: Sleep-inducing moves are banned\n|clearpoke\n|poke|p1|Weavile, M|\n|poke|p1|Blaziken, M|\n|poke|p1|Gliscor, M|\n|poke|p1|Rillaboom, F|\n|poke|p1|Primarina, F|\n|poke|p1|Sableye, M|\n|poke|p2|Blaziken, M|\n|poke|p2|Slowking-Galar, M|\n|poke|p2|Iron Treads|\n|poke|p2|Landorus-Therian, M|\n|poke|p2|Ogerpon-Wellspring, F|\n|poke|p2|Darkrai|\n|teampreview\n|inactive|Battle timer is ON: inactive players will automatically lose when time's up. (requested by Roni13)\n|\n|t:|1782448303\n|teamsize|p1|6\n|teamsize|p2|6\n|start\n|switch|p1a: Weavile|Weavile, M|100/100\n|switch|p2a: Landorus|Landorus-Therian, M|100/100\n|-ability|p2a: Landorus|Intimidate|boost\n|-unboost|p1a: Weavile|atk|1\n|turn|1\n|\n|t:|1782448320\n|switch|p2a: Iron Treads|Iron Treads|100/100\n|move|p1a: Weavile|Hone Claws|p1a: Weavile\n|-boost|p1a: Weavile|atk|1\n|-boost|p1a: Weavile|accuracy|1\n|\n|upkeep\n|turn|2\n|\n|t:|1782448334\n|move|p1a: Weavile|Knock Off|p2a: Iron Treads\n|-damage|p2a: Iron Treads|57/100\n|-enditem|p2a: Iron Treads|Assault Vest|[from] move: Knock Off|[of] p1a: Weavile\n|move|p2a: Iron Treads|Earthquake|p1a: Weavile\n|-damage|p1a: Weavile|5/100\n|\n|upkeep\n|turn|3\n|\n|t:|1782448341\n|move|p1a: Weavile|Dig||[still]\n|-prepare|p1a: Weavile|Dig\n|move|p2a: Iron Treads|Knock Off|p1a: Weavile|[miss]\n|-miss|p2a: Iron Treads|p1a: Weavile\n|\n|upkeep\n|turn|4\n|\n|t:|1782448346\n|-end|p2a: Iron Treads|Quark Drive|[silent]\n|switch|p2a: Landorus|Landorus-Therian, M|100/100\n|-ability|p2a: Landorus|Intimidate|boost\n|-unboost|p1a: Weavile|atk|1\n|move|p1a: Weavile|Dig|p2a: Landorus|[from] lockedmove\n|-immune|p2a: Landorus\n|\n|upkeep\n|turn|5\n|\n|t:|1782448367\n|switch|p2a: Slowking|Slowking-Galar, M|100/100\n|move|p1a: Weavile|Knock Off|p2a: Slowking\n|-supereffective|p2a: Slowking\n|-damage|p2a: Slowking|53/100\n|-enditem|p2a: Slowking|Heavy-Duty Boots|[from] move: Knock Off|[of] p1a: Weavile\n|\n|upkeep\n|turn|6\n|\n|t:|1782448381\n|move|p1a: Weavile|Knock Off|p2a: Slowking\n|-supereffective|p2a: Slowking\n|-damage|p2a: Slowking|23/100\n|move|p2a: Slowking|Sludge Bomb|p1a: Weavile\n|-damage|p1a: Weavile|0 fnt\n|faint|p1a: Weavile\n|\n|upkeep\n|\n|t:|1782448398\n|switch|p1a: Gliscor|Gliscor, M, shiny|100/100\n|turn|7\n|\n|t:|1782448406\n|switch|p2a: Landorus|Landorus-Therian, M|100/100\n|-ability|p2a: Landorus|Intimidate|boost\n|-unboost|p1a: Gliscor|atk|1\n|move|p1a: Gliscor|Stealth Rock|p2a: Landorus\n|-sidestart|p2: ika 3|move: Stealth Rock\n|\n|-status|p1a: Gliscor|tox|[from] item: Toxic Orb\n|upkeep\n|turn|8\n|\n|t:|1782448417\n|move|p2a: Landorus|Stealth Rock|p1a: Gliscor\n|-sidestart|p1: Roni13|move: Stealth Rock\n|move|p1a: Gliscor|Toxic|p2a: Landorus|[miss]\n|-miss|p1a: Gliscor|p2a: Landorus\n|\n|upkeep\n|turn|9\n|\n|t:|1782448423\n|move|p2a: Landorus|U-turn|p1a: Gliscor\n|-resisted|p1a: Gliscor\n|-damage|p1a: Gliscor|91/100 tox\n|\n|t:|1782448425\n|switch|p2a: Slowking|Slowking-Galar, M|56/100|[from] U-turn\n|-damage|p2a: Slowking|44/100|[from] Stealth Rock\n|move|p1a: Gliscor|Facade|p2a: Slowking\n|-damage|p2a: Slowking|28/100\n|\n|-heal|p1a: Gliscor|100/100 tox|[from] ability: Poison Heal\n|upkeep\n|turn|10\n|\n|t:|1782448441\n|switch|p2a: Landorus|Landorus-Therian, M|100/100\n|-damage|p2a: Landorus|88/100|[from] Stealth Rock\n|-ability|p2a: Landorus|Intimidate|boost\n|-unboost|p1a: Gliscor|atk|1\n|move|p1a: Gliscor|Facade|p2a: Landorus\n|-damage|p2a: Landorus|71/100\n|-damage|p1a: Gliscor|84/100 tox|[from] item: Rocky Helmet|[of] p2a: Landorus\n|\n|-heal|p1a: Gliscor|96/100 tox|[from] ability: Poison Heal\n|upkeep\n|turn|11\n|\n|t:|1782448454\n|move|p2a: Landorus|U-turn|p1a: Gliscor\n|-resisted|p1a: Gliscor\n|-damage|p1a: Gliscor|88/100 tox\n|\n|t:|1782448457\n|switch|p2a: Iron Treads|Iron Treads|57/100|[from] U-turn\n|-damage|p2a: Iron Treads|53/100|[from] Stealth Rock\n|move|p1a: Gliscor|Toxic|p2a: Iron Treads\n|-immune|p2a: Iron Treads\n|\n|-heal|p1a: Gliscor|99/100 tox|[from] ability: Poison Heal\n|upkeep\n|turn|12\n|\n|t:|1782448469\n|move|p1a: Gliscor|Protect|p1a: Gliscor\n|-singleturn|p1a: Gliscor|Protect\n|move|p2a: Iron Treads|Rapid Spin|p1a: Gliscor\n|-activate|p1a: Gliscor|move: Protect\n|\n|-heal|p1a: Gliscor|100/100 tox|[from] ability: Poison Heal\n|upkeep\n|turn|13\n|\n|t:|1782448477\n|switch|p1a: Sableye|Sableye, M|100/100\n|-damage|p1a: Sableye|88/100|[from] Stealth Rock\n|move|p2a: Iron Treads|Rapid Spin|p1a: Sableye\n|-immune|p1a: Sableye\n|\n|upkeep\n|turn|14\n|\n|t:|1782448490\n|move|p1a: Sableye|Will-O-Wisp|p2a: Iron Treads\n|-status|p2a: Iron Treads|brn\n|move|p2a: Iron Treads|Earthquake|p1a: Sableye\n|-damage|p1a: Sableye|65/100\n|\n|-damage|p2a: Iron Treads|47/100 brn|[from] brn\n|upkeep\n|turn|15\n|\n|t:|1782448500\n|move|p1a: Sableye|Recover|p1a: Sableye\n|-heal|p1a: Sableye|100/100\n|move|p2a: Iron Treads|Knock Off|p1a: Sableye\n|-damage|p1a: Sableye|85/100\n|-damage|p2a: Iron Treads|31/100 brn|[from] item: Rocky Helmet|[of] p1a: Sableye\n|-enditem|p1a: Sableye|Rocky Helmet|[from] move: Knock Off|[of] p2a: Iron Treads\n|\n|-damage|p2a: Iron Treads|24/100 brn|[from] brn\n|upkeep\n|turn|16\n|inactive|Roni13 has 120 seconds left.\n|\n|t:|1782448537\n|switch|p1a: Gliscor|Gliscor, M, shiny|100/100 tox\n|-damage|p1a: Gliscor|88/100 tox|[from] Stealth Rock\n|move|p2a: Iron Treads|Knock Off|p1a: Gliscor\n|-damage|p1a: Gliscor|74/100 tox\n|-enditem|p1a: Gliscor|Toxic Orb|[from] move: Knock Off|[of] p2a: Iron Treads\n|\n|-heal|p1a: Gliscor|87/100 tox|[from] ability: Poison Heal\n|-damage|p2a: Iron Treads|18/100 brn|[from] brn\n|upkeep\n|turn|17\n|inactive|Roni13 has 120 seconds left.\n|\n|t:|1782448554\n|move|p2a: Iron Treads|Rapid Spin|p1a: Gliscor\n|-damage|p1a: Gliscor|80/100 tox\n|-boost|p2a: Iron Treads|spe|1\n|-sideend|p2: ika 3|Stealth Rock|[from] move: Rapid Spin|[of] p2a: Iron Treads\n|move|p1a: Gliscor|Facade|p2a: Iron Treads\n|-resisted|p2a: Iron Treads\n|-damage|p2a: Iron Treads|4/100 brn\n|\n|-heal|p1a: Gliscor|93/100 tox|[from] ability: Poison Heal\n|-damage|p2a: Iron Treads|0 fnt|[from] brn\n|faint|p2a: Iron Treads\n|-end|p2a: Iron Treads|Quark Drive|[silent]\n|upkeep\n|\n|t:|1782448558\n|switch|p2a: Blaziken|Blaziken, M|100/100\n|turn|18\n|inactive|Roni13 has 120 seconds left.\n|\n|t:|1782448570\n|-terastallize|p2a: Blaziken|Flying\n|move|p2a: Blaziken|Swords Dance|p2a: Blaziken\n|-boost|p2a: Blaziken|atk|2\n|move|p1a: Gliscor|Toxic|p2a: Blaziken\n|-status|p2a: Blaziken|tox\n|\n|-damage|p2a: Blaziken|94/100 tox|[from] psn\n|-heal|p1a: Gliscor|100/100 tox|[from] ability: Poison Heal\n|-ability|p2a: Blaziken|Speed Boost|boost\n|-boost|p2a: Blaziken|spe|1\n|upkeep\n|turn|19\n|inactive|Roni13 has 120 seconds left.\n|\n|t:|1782448588\n|move|p1a: Gliscor|Protect|p1a: Gliscor\n|-singleturn|p1a: Gliscor|Protect\n|move|p2a: Blaziken|Swords Dance|p2a: Blaziken\n|-boost|p2a: Blaziken|atk|2\n|\n|-heal|p2a: Blaziken|100/100 tox|[from] item: Leftovers\n|-damage|p2a: Blaziken|88/100 tox|[from] psn\n|-ability|p2a: Blaziken|Speed Boost|boost\n|-boost|p2a: Blaziken|spe|1\n|upkeep\n|turn|20\n|\n|t:|1782448598\n|move|p2a: Blaziken|Close Combat|p1a: Gliscor\n|-resisted|p1a: Gliscor\n|-damage|p1a: Gliscor|28/100 tox\n|-unboost|p2a: Blaziken|def|1\n|-unboost|p2a: Blaziken|spd|1\n|move|p1a: Gliscor|Stealth Rock|p2a: Blaziken\n|-sidestart|p2: ika 3|move: Stealth Rock\n|\n|-heal|p2a: Blaziken|94/100 tox|[from] item: Leftovers\n|-damage|p2a: Blaziken|76/100 tox|[from] psn\n|-heal|p1a: Gliscor|40/100 tox|[from] ability: Poison Heal\n|-ability|p2a: Blaziken|Speed Boost|boost\n|-boost|p2a: Blaziken|spe|1\n|upkeep\n|turn|21\n|inactive|Roni13 has 120 seconds left.\n|\n|t:|1782448610\n|move|p2a: Blaziken|Protect|p2a: Blaziken\n|-singleturn|p2a: Blaziken|Protect\n|move|p1a: Gliscor|Protect||[still]\n|-fail|p1a: Gliscor\n|\n|-heal|p2a: Blaziken|82/100 tox|[from] item: Leftovers\n|-damage|p2a: Blaziken|57/100 tox|[from] psn\n|-heal|p1a: Gliscor|52/100 tox|[from] ability: Poison Heal\n|-ability|p2a: Blaziken|Speed Boost|boost\n|-boost|p2a: Blaziken|spe|1\n|upkeep\n|turn|22\n|inactive|Roni13 has 120 seconds left.\n|\n|t:|1782448622\n|move|p1a: Gliscor|Protect|p1a: Gliscor\n|-singleturn|p1a: Gliscor|Protect\n|move|p2a: Blaziken|Flare Blitz|p1a: Gliscor\n|-activate|p1a: Gliscor|move: Protect\n|\n|-heal|p2a: Blaziken|63/100 tox|[from] item: Leftovers\n|-damage|p2a: Blaziken|32/100 tox|[from] psn\n|-heal|p1a: Gliscor|65/100 tox|[from] ability: Poison Heal\n|-ability|p2a: Blaziken|Speed Boost|boost\n|-boost|p2a: Blaziken|spe|1\n|upkeep\n|turn|23\n|inactive|Roni13 has 120 seconds left.\n|inactive|Roni13 has 90 seconds left.\n|\n|t:|1782448672\n|switch|p1a: Primarina|Primarina, F|100/100\n|-damage|p1a: Primarina|88/100|[from] Stealth Rock\n|move|p2a: Blaziken|Close Combat|p1a: Primarina\n|-resisted|p1a: Primarina\n|-damage|p1a: Primarina|0 fnt\n|-unboost|p2a: Blaziken|def|1\n|-unboost|p2a: Blaziken|spd|1\n|faint|p1a: Primarina\n|\n|-heal|p2a: Blaziken|38/100 tox|[from] item: Leftovers\n|-damage|p2a: Blaziken|1/100 tox|[from] psn\n|-ability|p2a: Blaziken|Speed Boost|boost\n|-boost|p2a: Blaziken|spe|1\n|upkeep\n|\n|t:|1782448690\n|switch|p1a: Gliscor|Gliscor, M, shiny|65/100 tox\n|-damage|p1a: Gliscor|52/100 tox|[from] Stealth Rock\n|turn|24\n|\n|t:|1782448696\n|move|p1a: Gliscor|Protect|p1a: Gliscor\n|-singleturn|p1a: Gliscor|Protect\n|move|p2a: Blaziken|Close Combat|p1a: Gliscor\n|-activate|p1a: Gliscor|move: Protect\n|\n|-heal|p2a: Blaziken|7/100 tox|[from] item: Leftovers\n|-damage|p2a: Blaziken|0 fnt|[from] psn\n|faint|p2a: Blaziken\n|-heal|p1a: Gliscor|65/100 tox|[from] ability: Poison Heal\n|upkeep\n|\n|t:|1782448698\n|switch|p2a: Darkrai|Darkrai|100/100\n|-damage|p2a: Darkrai|88/100|[from] Stealth Rock\n|turn|25\n|\n|t:|1782448713\n|move|p2a: Darkrai|Thunder Wave|p1a: Gliscor\n|-immune|p1a: Gliscor\n|move|p1a: Gliscor|Toxic|p2a: Darkrai\n|-status|p2a: Darkrai|tox\n|\n|-damage|p2a: Darkrai|82/100 tox|[from] psn\n|-heal|p1a: Gliscor|77/100 tox|[from] ability: Poison Heal\n|upkeep\n|turn|26\n|\n|t:|1782448721\n|switch|p2a: Landorus|Landorus-Therian, M|71/100\n|-damage|p2a: Landorus|59/100|[from] Stealth Rock\n|-ability|p2a: Landorus|Intimidate|boost\n|-unboost|p1a: Gliscor|atk|1\n|move|p1a: Gliscor|Facade|p2a: Landorus\n|-damage|p2a: Landorus|38/100\n|-damage|p1a: Gliscor|60/100 tox|[from] item: Rocky Helmet|[of] p2a: Landorus\n|\n|-heal|p1a: Gliscor|73/100 tox|[from] ability: Poison Heal\n|upkeep\n|turn|27\n|inactive|Roni13 has 90 seconds left.\n|\n|t:|1782448738\n|move|p2a: Landorus|U-turn|p1a: Gliscor\n|-resisted|p1a: Gliscor\n|-damage|p1a: Gliscor|64/100 tox\n|\n|t:|1782448740\n|switch|p2a: Slowking|Slowking-Galar, M|61/100|[from] U-turn\n|-damage|p2a: Slowking|49/100|[from] Stealth Rock\n|move|p1a: Gliscor|Facade|p2a: Slowking\n|-damage|p2a: Slowking|35/100\n|\n|-heal|p1a: Gliscor|77/100 tox|[from] ability: Poison Heal\n|upkeep\n|turn|28\n|inactive|Roni13 has 90 seconds left.\n|\n|t:|1782448761\n|move|p1a: Gliscor|Facade|p2a: Slowking\n|-damage|p2a: Slowking|19/100\n|-prepare|p2a: Slowking|Chilly Reception|[premajor]\n|move|p2a: Slowking|Chilly Reception|p2a: Slowking\n|-weather|Snowscape\n|\n|t:|1782448764\n|switch|p2a: Darkrai|Darkrai|82/100 tox|[from] Chilly Reception\n|-damage|p2a: Darkrai|70/100 tox|[from] Stealth Rock\n|\n|-weather|Snowscape|[upkeep]\n|-damage|p2a: Darkrai|64/100 tox|[from] psn\n|-heal|p1a: Gliscor|89/100 tox|[from] ability: Poison Heal\n|upkeep\n|turn|29\n|\n|t:|1782448774\n|move|p1a: Gliscor|Protect|p1a: Gliscor\n|-singleturn|p1a: Gliscor|Protect\n|move|p2a: Darkrai|Ice Beam|p1a: Gliscor\n|-activate|p1a: Gliscor|move: Protect\n|\n|-weather|Snowscape|[upkeep]\n|-damage|p2a: Darkrai|52/100 tox|[from] psn\n|-heal|p1a: Gliscor|100/100 tox|[from] ability: Poison Heal\n|upkeep\n|turn|30\n|\n|t:|1782448793\n|switch|p2a: Landorus|Landorus-Therian, M|38/100\n|-damage|p2a: Landorus|26/100|[from] Stealth Rock\n|-ability|p2a: Landorus|Intimidate|boost\n|-unboost|p1a: Gliscor|atk|1\n|switch|p1a: Blaziken|Blaziken, M, shiny|100/100\n|-damage|p1a: Blaziken|88/100|[from] Stealth Rock\n|\n|-weather|Snowscape|[upkeep]\n|upkeep\n|turn|31\n|\n|t:|1782448806\n|move|p1a: Blaziken|Protect|p1a: Blaziken\n|-singleturn|p1a: Blaziken|Protect\n|move|p2a: Landorus|Earthquake|p1a: Blaziken\n|-activate|p1a: Blaziken|move: Protect\n|\n|-weather|Snowscape|[upkeep]\n|-ability|p1a: Blaziken|Speed Boost|boost\n|-boost|p1a: Blaziken|spe|1\n|upkeep\n|turn|32\n|inactive|Roni13 has 60 seconds left.\n|\n|t:|1782448837\n|-terastallize|p1a: Blaziken|Flying\n|move|p1a: Blaziken|Swords Dance|p1a: Blaziken\n|-boost|p1a: Blaziken|atk|2\n|move|p2a: Landorus|Earthquake|p1a: Blaziken\n|-immune|p1a: Blaziken\n|\n|-weather|none\n|-ability|p1a: Blaziken|Speed Boost|boost\n|-boost|p1a: Blaziken|spe|1\n|upkeep\n|turn|33\n|inactive|Roni13 has 60 seconds left.\n|-message|ika 3 forfeited.\n|\n|win|Roni13\n|raw|Roni13's rating: 1146 &rarr; <strong>1175</strong><br />(+29 for winning)\n|raw|ika 3's rating: 1196 &rarr; <strong>1167</strong><br />(-29 for losing)\n|l|☆ika 3\n|player|p2|\n|l|☆Roni13\n|player|p1|\n", "uploadtime": 1782449240, "views": 5, "formatid": "gen9ou", "rating": 1167, "private": 0, "password": null}