{"id": "gen9ou-2540589184", "format": "[Gen 9] OU", "players": ["tommytt22", "firecharmander004"], "log": "|j|☆tommytt22\n|j|☆firecharmander004\n|t:|1771222856\n|gametype|singles\n|player|p1|tommytt22|shadowtriad|1569\n|player|p2|firecharmander004|170|1591\n|gen|9\n|tier|[Gen 9] OU\n|rated|\n|rule|HP Percentage Mod: HP is shown in percentages\n|rule|Endless Battle Clause: Forcing endless battles is banned\n|rule|Species Clause: Limit one of each Pokémon\n|rule|OHKO Clause: OHKO moves are banned\n|rule|Evasion Items Clause: Evasion items are banned\n|rule|Evasion Moves Clause: Evasion moves are banned\n|rule|Evasion Abilities Clause: Evasion abilities are banned\n|rule|Sleep Moves Clause: Sleep-inducing moves are banned\n|clearpoke\n|poke|p1|Ninetales, M|\n|poke|p1|Walking Wake|\n|poke|p1|Ogerpon-Cornerstone, F|\n|poke|p1|Venusaur, F|\n|poke|p1|Glimmora, F|\n|poke|p1|Ceruledge, M|\n|poke|p2|Deoxys-Speed|\n|poke|p2|Ceruledge, F|\n|poke|p2|Zamazenta-*|\n|poke|p2|Ogerpon-Wellspring, F|\n|poke|p2|Glimmora, F|\n|poke|p2|Moltres-Galar|\n|teampreview\n|inactive|Battle timer is ON: inactive players will automatically lose when time's up. (requested by firecharmander004)\n|\n|t:|1771222869\n|teamsize|p1|6\n|teamsize|p2|6\n|start\n|switch|p1a: Glimmora|Glimmora, F|100/100\n|switch|p2a: Deoxys|Deoxys-Speed|100/100\n|-ability|p2a: Deoxys|Pressure\n|turn|1\n|\n|t:|1771222896\n|move|p2a: Deoxys|Taunt|p1a: Glimmora\n|-start|p1a: Glimmora|move: Taunt\n|move|p1a: Glimmora|Mortal Spin|p2a: Deoxys\n|-damage|p2a: Deoxys|93/100\n|-status|p2a: Deoxys|psn\n|\n|-damage|p2a: Deoxys|80/100 psn|[from] psn\n|upkeep\n|turn|2\n|\n|t:|1771222903\n|switch|p1a: Ogerpon|Ogerpon-Cornerstone, F|100/100\n|move|p2a: Deoxys|Light Screen|p2a: Deoxys\n|-sidestart|p2: firecharmander004|move: Light Screen\n|\n|-damage|p2a: Deoxys|68/100 psn|[from] psn\n|upkeep\n|turn|3\n|\n|t:|1771222908\n|move|p2a: Deoxys|Reflect|p2a: Deoxys\n|-sidestart|p2: firecharmander004|Reflect\n|move|p1a: Ogerpon|Spikes|p2a: Deoxys\n|-sidestart|p2: firecharmander004|Spikes\n|\n|-damage|p2a: Deoxys|56/100 psn|[from] psn\n|upkeep\n|turn|4\n|\n|t:|1771222923\n|switch|p2a: Glimmora|Glimmora, F|100/100\n|-damage|p2a: Glimmora|88/100|[from] Spikes\n|move|p1a: Ogerpon|Ivy Cudgel|p2a: Glimmora|[anim] Ivy Cudgel Rock\n|-damage|p2a: Glimmora|51/100\n|-activate|p2a: Glimmora|ability: Toxic Debris\n|-sidestart|p1: tommytt22|move: Toxic Spikes\n|\n|upkeep\n|turn|5\n|inactive|firecharmander004 has 120 seconds left.\n|\n|t:|1771222955\n|switch|p1a: Glimmora|Glimmora, F|100/100\n|-sideend|p1: tommytt22|move: Toxic Spikes|[of] p1a: Glimmora\n|move|p2a: Glimmora|Mortal Spin|p1a: Glimmora\n|-resisted|p1a: Glimmora\n|-crit|p1a: Glimmora\n|-damage|p1a: Glimmora|98/100\n|-activate|p1a: Glimmora|ability: Toxic Debris\n|-sidestart|p2: firecharmander004|move: Toxic Spikes\n|-sideend|p2: firecharmander004|Spikes|[from] move: Mortal Spin|[of] p2a: Glimmora\n|-sideend|p2: firecharmander004|Toxic Spikes|[from] move: Mortal Spin|[of] p2a: Glimmora\n|\n|upkeep\n|turn|6\n|\n|t:|1771222960\n|move|p1a: Glimmora|Stealth Rock|p2a: Glimmora\n|-sidestart|p2: firecharmander004|move: Stealth Rock\n|move|p2a: Glimmora|Earth Power|p1a: Glimmora\n|-supereffective|p1a: Glimmora\n|-damage|p1a: Glimmora|0 fnt\n|faint|p1a: Glimmora\n|\n|upkeep\n|\n|t:|1771222975\n|switch|p1a: Venusaur|Venusaur, F|100/100\n|turn|7\n|\n|t:|1771222994\n|move|p2a: Glimmora|Meteor Beam||[still]\n|-prepare|p2a: Glimmora|Meteor Beam\n|-boost|p2a: Glimmora|spa|1\n|-enditem|p2a: Glimmora|Power Herb\n|-anim|p2a: Glimmora|Meteor Beam|p1a: Venusaur\n|-crit|p1a: Venusaur\n|-damage|p1a: Venusaur|0 fnt\n|faint|p1a: Venusaur\n|\n|upkeep\n|\n|t:|1771223000\n|switch|p1a: Walking Wake|Walking Wake|100/100\n|turn|8\n|\n|t:|1771223003\n|move|p1a: Walking Wake|Hydro Steam|p2a: Glimmora\n|-supereffective|p2a: Glimmora\n|-damage|p2a: Glimmora|0 fnt\n|faint|p2a: Glimmora\n|\n|upkeep\n|\n|t:|1771223013\n|switch|p2a: Ogerpon|Ogerpon-Wellspring, F|100/100\n|-damage|p2a: Ogerpon|88/100|[from] Stealth Rock\n|turn|9\n|\n|t:|1771223016\n|-end|p1a: Walking Wake|Protosynthesis|[silent]\n|switch|p1a: Ninetales|Ninetales, M|100/100\n|-weather|SunnyDay|[from] ability: Drought|[of] p1a: Ninetales\n|move|p2a: Ogerpon|Swords Dance|p2a: Ogerpon\n|-boost|p2a: Ogerpon|atk|2\n|\n|-weather|SunnyDay|[upkeep]\n|-sideend|p2: firecharmander004|move: Light Screen\n|upkeep\n|turn|10\n|\n|t:|1771223023\n|move|p1a: Ninetales|Healing Wish|p1a: Ninetales\n|faint|p1a: Ninetales\n|move|p2a: Ogerpon|Ivy Cudgel|p1: Ninetales|[notarget]\n|-fail|p2a: Ogerpon\n|\n|-weather|SunnyDay|[upkeep]\n|-sideend|p2: firecharmander004|Reflect\n|upkeep\n|\n|t:|1771223034\n|switch|p1a: Ogerpon|Ogerpon-Cornerstone, F|100/100\n|turn|11\n|\n|t:|1771223040\n|move|p1a: Ogerpon|Power Whip|p2a: Ogerpon|[miss]\n|-miss|p1a: Ogerpon|p2a: Ogerpon\n|move|p2a: Ogerpon|Ivy Cudgel|p1a: Ogerpon|[anim] Ivy Cudgel Water\n|-damage|p1a: Ogerpon|16/100\n|\n|-weather|SunnyDay|[upkeep]\n|upkeep\n|turn|12\n|\n|t:|1771223058\n|move|p2a: Ogerpon|Horn Leech|p1a: Ogerpon\n|-crit|p1a: Ogerpon\n|-damage|p1a: Ogerpon|0 fnt\n|-heal|p2a: Ogerpon|96/100|[from] drain|[of] p1a: Ogerpon\n|faint|p1a: Ogerpon\n|\n|-weather|SunnyDay|[upkeep]\n|upkeep\n|\n|t:|1771223065\n|switch|p1a: Walking Wake|Walking Wake|100/100\n|-activate|p1a: Walking Wake|ability: Protosynthesis\n|-start|p1a: Walking Wake|protosynthesisspa\n|turn|13\n|\n|t:|1771223069\n|move|p1a: Walking Wake|Dragon Pulse|p2a: Ogerpon\n|-damage|p2a: Ogerpon|0 fnt\n|faint|p2a: Ogerpon\n|\n|-weather|SunnyDay|[upkeep]\n|upkeep\n|\n|t:|1771223076\n|switch|p2a: Deoxys|Deoxys-Speed|56/100 psn\n|-damage|p2a: Deoxys|44/100 psn|[from] Stealth Rock\n|-ability|p2a: Deoxys|Pressure\n|turn|14\n|\n|t:|1771223086\n|-end|p1a: Walking Wake|Protosynthesis|[silent]\n|switch|p1a: Ceruledge|Ceruledge, M|100/100\n|move|p2a: Deoxys|Light Screen|p2a: Deoxys\n|-sidestart|p2: firecharmander004|move: Light Screen\n|\n|-weather|SunnyDay|[upkeep]\n|-damage|p2a: Deoxys|32/100 psn|[from] psn\n|upkeep\n|turn|15\n|\n|t:|1771223089\n|move|p2a: Deoxys|Taunt|p1a: Ceruledge\n|-start|p1a: Ceruledge|move: Taunt\n|cant|p1a: Ceruledge|move: Taunt|Swords Dance\n|\n|-weather|SunnyDay|[upkeep]\n|-damage|p2a: Deoxys|19/100 psn|[from] psn\n|upkeep\n|turn|16\n|\n|t:|1771223094\n|move|p1a: Ceruledge|Shadow Sneak|p2a: Deoxys\n|-supereffective|p2a: Deoxys\n|-damage|p2a: Deoxys|0 fnt\n|faint|p2a: Deoxys\n|-damage|p1a: Ceruledge|91/100|[from] item: Life Orb\n|\n|-weather|none\n|upkeep\n|\n|t:|1771223100\n|switch|p2a: Moltres|Moltres-Galar|100/100\n|-damage|p2a: Moltres|75/100|[from] Stealth Rock\n|turn|17\n|\n|t:|1771223108\n|move|p1a: Ceruledge|Bitter Blade|p2a: Moltres\n|-damage|p2a: Moltres|4/100\n|-heal|p1a: Ceruledge|100/100|[from] drain|[of] p2a: Moltres\n|-ability|p2a: Moltres|Berserk|boost\n|-boost|p2a: Moltres|spa|1\n|-damage|p1a: Ceruledge|91/100|[from] item: Life Orb\n|-enditem|p2a: Moltres|Sitrus Berry|[eat]\n|-heal|p2a: Moltres|29/100|[from] item: Sitrus Berry\n|move|p2a: Moltres|Fiery Wrath|p1a: Ceruledge\n|-supereffective|p1a: Ceruledge\n|-damage|p1a: Ceruledge|0 fnt\n|faint|p1a: Ceruledge\n|\n|upkeep\n|\n|t:|1771223112\n|switch|p1a: Walking Wake|Walking Wake|100/100\n|turn|18\n|\n|t:|1771223119\n|-terastallize|p1a: Walking Wake|Water\n|move|p1a: Walking Wake|Hydro Steam|p2a: Moltres\n|-damage|p2a: Moltres|0 fnt\n|faint|p2a: Moltres\n|\n|upkeep\n|\n|t:|1771223122\n|switch|p2a: Zamazenta|Zamazenta|100/100\n|-damage|p2a: Zamazenta|94/100|[from] Stealth Rock\n|-ability|p2a: Zamazenta|Dauntless Shield|boost\n|-boost|p2a: Zamazenta|def|1\n|turn|19\n|\n|t:|1771223127\n|move|p2a: Zamazenta|Body Press|p1a: Walking Wake\n|-damage|p1a: Walking Wake|43/100\n|move|p1a: Walking Wake|Hydro Steam|p2a: Zamazenta\n|-crit|p2a: Zamazenta\n|-damage|p2a: Zamazenta|0 fnt\n|faint|p2a: Zamazenta\n|\n|upkeep\n|\n|t:|1771223131\n|switch|p2a: Ceruledge|Ceruledge, F|100/100\n|-damage|p2a: Ceruledge|76/100|[from] Stealth Rock\n|turn|20\n|\n|t:|1771223134\n|-terastallize|p2a: Ceruledge|Ghost\n|move|p2a: Ceruledge|Shadow Sneak|p1a: Walking Wake\n|-damage|p1a: Walking Wake|0 fnt\n|faint|p1a: Walking Wake\n|-end|p1a: Walking Wake|Protosynthesis|[silent]\n|-damage|p2a: Ceruledge|66/100|[from] item: Life Orb\n|\n|win|firecharmander004\n|raw|tommytt22's rating: 1569 &rarr; <strong>1550</strong><br />(-19 for losing)\n|raw|firecharmander004's rating: 1581 &rarr; <strong>1600</strong><br />(+19 for winning)\n|l|☆tommytt22\n|player|p1|\n|l|☆firecharmander004\n|player|p2|\n", "uploadtime": 1771223375, "views": 5, "formatid": "gen9ou", "rating": 1550, "private": 0, "password": null}