{"id": "gen9ou-2647754760", "format": "[Gen 9] OU", "players": ["ikthoizzykil", "stevstacks"], "log": "|j|☆ikthoizzykil\n|j|☆stevstacks\n|t:|1783807001\n|gametype|singles\n|player|p1|ikthoizzykil|pokemaniac-gen3rs|1365\n|player|p2|stevstacks|170|1319\n|gen|9\n|tier|[Gen 9] OU\n|rated|\n|rule|HP Percentage Mod: HP is shown in percentages\n|rule|Endless Battle Clause: Forcing endless battles is banned\n|rule|Species Clause: Limit one of each Pokémon\n|rule|OHKO Clause: OHKO moves are banned\n|rule|Evasion Items Clause: Evasion items are banned\n|rule|Evasion Moves Clause: Evasion moves are banned\n|rule|Evasion Abilities Clause: Evasion abilities are banned\n|rule|Sleep Moves Clause: Sleep-inducing moves are banned\n|clearpoke\n|poke|p1|Ogerpon, F|\n|poke|p1|Samurott-Hisui, F|\n|poke|p1|Landorus-Therian, M|\n|poke|p1|Slowking-Galar, M|\n|poke|p1|Gholdengo|\n|poke|p1|Clefable, F|\n|poke|p2|Scizor, F|\n|poke|p2|Dragonite, F|\n|poke|p2|Dragapult, F|\n|poke|p2|Hoopa-Unbound|\n|poke|p2|Excadrill, M|\n|poke|p2|Tyranitar, F|\n|teampreview\n|inactive|Battle timer is ON: inactive players will automatically lose when time's up. (requested by stevstacks)\n|inactive|ikthoizzykil also wants the timer to be on.\n|inactive|ikthoizzykil has 120 seconds left.\n|\n|t:|1783807052\n|teamsize|p1|6\n|teamsize|p2|6\n|start\n|switch|p1a: Samurott|Samurott-Hisui, F|100/100\n|switch|p2a: Scizor|Scizor, F|100/100\n|turn|1\n|\n|t:|1783807056\n|switch|p1a: Landorus|Landorus-Therian, M|100/100\n|-ability|p1a: Landorus|Intimidate|boost\n|-unboost|p2a: Scizor|atk|1\n|move|p2a: Scizor|U-turn|p1a: Landorus\n|-resisted|p1a: Landorus\n|-damage|p1a: Landorus|80/100\n|-damage|p2a: Scizor|84/100|[from] item: Rocky Helmet|[of] p1a: Landorus\n|\n|t:|1783807059\n|switch|p2a: Dragapult|Dragapult, F|100/100|[from] U-turn\n|\n|upkeep\n|turn|2\n|\n|t:|1783807064\n|switch|p1a: Clefable|Clefable, F|100/100\n|move|p2a: Dragapult|Dragon Darts|p1a: Clefable\n|-immune|p1a: Clefable\n|\n|upkeep\n|turn|3\n|\n|t:|1783807083\n|switch|p2a: Scizor|Scizor, F|84/100\n|move|p1a: Clefable|Fire Blast|p2a: Scizor\n|-supereffective|p2a: Scizor\n|-damage|p2a: Scizor|0 fnt\n|faint|p2a: Scizor\n|\n|upkeep\n|\n|t:|1783807086\n|switch|p2a: Tyranitar|Tyranitar, F|100/100\n|-weather|Sandstorm|[from] ability: Sand Stream|[of] p2a: Tyranitar\n|turn|4\n|\n|t:|1783807093\n|move|p1a: Clefable|Moonblast|p2a: Tyranitar\n|-supereffective|p2a: Tyranitar\n|-damage|p2a: Tyranitar|63/100\n|move|p2a: Tyranitar|Stone Edge|p1a: Clefable|[miss]\n|-miss|p2a: Tyranitar|p1a: Clefable\n|\n|-weather|Sandstorm|[upkeep]\n|-damage|p1a: Clefable|94/100|[from] Sandstorm\n|upkeep\n|turn|5\n|\n|t:|1783807097\n|move|p2a: Tyranitar|Stone Edge|p1a: Clefable\n|-damage|p1a: Clefable|31/100\n|move|p1a: Clefable|Moonblast|p2a: Tyranitar\n|-supereffective|p2a: Tyranitar\n|-damage|p2a: Tyranitar|27/100\n|\n|-weather|Sandstorm|[upkeep]\n|-damage|p1a: Clefable|25/100|[from] Sandstorm\n|upkeep\n|turn|6\n|\n|t:|1783807101\n|switch|p1a: Gholdengo|Gholdengo|100/100\n|move|p2a: Tyranitar|Stone Edge|p1a: Gholdengo\n|-resisted|p1a: Gholdengo\n|-crit|p1a: Gholdengo\n|-damage|p1a: Gholdengo|49/100\n|\n|-weather|Sandstorm|[upkeep]\n|upkeep\n|turn|7\n|\n|t:|1783807104\n|switch|p2a: Hoopa|Hoopa-Unbound|100/100\n|move|p1a: Gholdengo|Recover|p1a: Gholdengo\n|-heal|p1a: Gholdengo|99/100\n|\n|-weather|Sandstorm|[upkeep]\n|-damage|p2a: Hoopa|95/100|[from] Sandstorm\n|upkeep\n|turn|8\n|\n|t:|1783807109\n|switch|p1a: Landorus|Landorus-Therian, M|80/100\n|-ability|p1a: Landorus|Intimidate|boost\n|-unboost|p2a: Hoopa|atk|1\n|move|p2a: Hoopa|Hyperspace Fury|p1a: Landorus\n|-damage|p1a: Landorus|18/100\n|-unboost|p2a: Hoopa|def|1\n|\n|-weather|none\n|upkeep\n|turn|9\n|\n|t:|1783807112\n|move|p1a: Landorus|U-turn|p2a: Hoopa\n|-supereffective|p2a: Hoopa\n|-damage|p2a: Hoopa|0 fnt\n|faint|p2a: Hoopa\n|\n|t:|1783807119\n|switch|p1a: Samurott|Samurott-Hisui, F|100/100|[from] U-turn\n|\n|upkeep\n|inactive|stevstacks has 120 seconds left.\n|inactive|stevstacks has 90 seconds left.\n|\n|t:|1783807188\n|switch|p2a: Dragapult|Dragapult, F|100/100\n|turn|10\n|\n|t:|1783807190\n|move|p1a: Samurott|Sucker Punch|p2a: Dragapult\n|-supereffective|p2a: Dragapult\n|-damage|p2a: Dragapult|6/100\n|move|p2a: Dragapult|U-turn|p1a: Samurott\n|-supereffective|p1a: Samurott\n|-damage|p1a: Samurott|20/100\n|\n|t:|1783807193\n|switch|p2a: Dragonite|Dragonite, F|100/100|[from] U-turn\n|\n|upkeep\n|turn|11\n|\n|t:|1783807197\n|move|p2a: Dragonite|Extreme Speed|p1a: Samurott\n|-damage|p1a: Samurott|0 fnt\n|faint|p1a: Samurott\n|\n|upkeep\n|\n|t:|1783807200\n|switch|p1a: Landorus|Landorus-Therian, M|18/100\n|-ability|p1a: Landorus|Intimidate|boost\n|-unboost|p2a: Dragonite|atk|1\n|turn|12\n|\n|t:|1783807204\n|move|p2a: Dragonite|Extreme Speed|p1a: Landorus\n|-damage|p1a: Landorus|0 fnt\n|-damage|p2a: Dragonite|84/100|[from] item: Rocky Helmet|[of] p1a: Landorus\n|faint|p1a: Landorus\n|\n|upkeep\n|\n|t:|1783807209\n|switch|p1a: Gholdengo|Gholdengo|99/100\n|turn|13\n|\n|t:|1783807213\n|switch|p2a: Tyranitar|Tyranitar, F|27/100\n|-weather|Sandstorm|[from] ability: Sand Stream|[of] p2a: Tyranitar\n|-terastallize|p1a: Gholdengo|Dark\n|move|p1a: Gholdengo|Thunder Wave|p2a: Tyranitar\n|-status|p2a: Tyranitar|par\n|\n|-weather|Sandstorm|[upkeep]\n|-damage|p1a: Gholdengo|93/100|[from] Sandstorm\n|upkeep\n|turn|14\n|\n|t:|1783807223\n|switch|p2a: Dragapult|Dragapult, F|6/100\n|move|p1a: Gholdengo|Make It Rain|p2a: Dragapult\n|-damage|p2a: Dragapult|0 fnt\n|-unboost|p1a: Gholdengo|spa|1\n|faint|p2a: Dragapult\n|\n|-weather|Sandstorm|[upkeep]\n|-damage|p1a: Gholdengo|87/100|[from] Sandstorm\n|upkeep\n|\n|t:|1783807225\n|switch|p2a: Excadrill|Excadrill, M|100/100\n|turn|15\n|\n|t:|1783807233\n|-terastallize|p2a: Excadrill|Ground\n|move|p2a: Excadrill|Earthquake|p1a: Gholdengo\n|-damage|p1a: Gholdengo|0 fnt\n|faint|p1a: Gholdengo\n|\n|-weather|Sandstorm|[upkeep]\n|upkeep\n|\n|t:|1783807236\n|switch|p1a: Ogerpon|Ogerpon, F|100/100\n|turn|16\n|\n|t:|1783807238\n|move|p2a: Excadrill|Earthquake|p1a: Ogerpon\n|-resisted|p1a: Ogerpon\n|-damage|p1a: Ogerpon|27/100\n|move|p1a: Ogerpon|Ivy Cudgel|p2a: Excadrill\n|-supereffective|p2a: Excadrill\n|-damage|p2a: Excadrill|0 fnt\n|faint|p2a: Excadrill\n|\n|-weather|Sandstorm|[upkeep]\n|-damage|p1a: Ogerpon|21/100|[from] Sandstorm\n|upkeep\n|\n|t:|1783807245\n|switch|p2a: Dragonite|Dragonite, F|84/100\n|turn|17\n|\n|t:|1783807250\n|switch|p1a: Slowking|Slowking-Galar, M|100/100\n|move|p2a: Dragonite|Extreme Speed|p1a: Slowking\n|-damage|p1a: Slowking|58/100\n|\n|-weather|none\n|upkeep\n|turn|18\n|\n|t:|1783807255\n|switch|p2a: Tyranitar|Tyranitar, F|27/100 par\n|-weather|Sandstorm|[from] ability: Sand Stream|[of] p2a: Tyranitar\n|-prepare|p1a: Slowking|Chilly Reception|[premajor]\n|move|p1a: Slowking|Chilly Reception|p1a: Slowking\n|-weather|Snowscape\n|\n|t:|1783807257\n|switch|p1a: Ogerpon|Ogerpon, F|21/100|[from] Chilly Reception\n|\n|-weather|Snowscape|[upkeep]\n|upkeep\n|turn|19\n|\n|t:|1783807265\n|move|p1a: Ogerpon|Ivy Cudgel|p2a: Tyranitar\n|-supereffective|p2a: Tyranitar\n|-damage|p2a: Tyranitar|0 fnt\n|faint|p2a: Tyranitar\n|\n|-weather|Snowscape|[upkeep]\n|upkeep\n|\n|t:|1783807291\n|switch|p2a: Dragonite|Dragonite, F|84/100\n|turn|20\n|\n|t:|1783807296\n|move|p1a: Ogerpon|Knock Off|p2a: Dragonite\n|-damage|p2a: Dragonite|42/100\n|-enditem|p2a: Dragonite|Choice Band|[from] move: Knock Off|[of] p1a: Ogerpon\n|move|p2a: Dragonite|Earthquake|p1a: Ogerpon\n|-resisted|p1a: Ogerpon\n|-damage|p1a: Ogerpon|0 fnt\n|faint|p1a: Ogerpon\n|\n|-weather|Snowscape|[upkeep]\n|upkeep\n|\n|t:|1783807302\n|switch|p1a: Slowking|Slowking-Galar, M|91/100\n|turn|21\n|\n|t:|1783807306\n|move|p2a: Dragonite|Earthquake|p1a: Slowking\n|-supereffective|p1a: Slowking\n|-damage|p1a: Slowking|23/100\n|move|p1a: Slowking|Sludge Bomb|p2a: Dragonite\n|-damage|p2a: Dragonite|8/100\n|-status|p2a: Dragonite|psn\n|\n|-weather|Snowscape|[upkeep]\n|-damage|p2a: Dragonite|0 fnt|[from] psn\n|faint|p2a: Dragonite\n|\n|win|ikthoizzykil\n|raw|ikthoizzykil's rating: 1365 &rarr; <strong>1382</strong><br />(+17 for winning)\n|raw|stevstacks's rating: 1319 &rarr; <strong>1302</strong><br />(-17 for losing)\n", "uploadtime": 1783807309, "views": 8, "formatid": "gen9ou", "rating": 1302, "private": 0, "password": null}