{"id": "gen9ou-2540587368", "format": "[Gen 9] OU", "players": ["KnightKnaveSpy", "yesterdaymister"], "log": "|j|☆KnightKnaveSpy\n|j|☆yesterdaymister\n|t:|1771222536\n|gametype|singles\n|player|p1|KnightKnaveSpy|265|1682\n|player|p2|yesterdaymister|169|1752\n|gen|9\n|tier|[Gen 9] OU\n|rated|\n|rule|HP Percentage Mod: HP is shown in percentages\n|rule|Endless Battle Clause: Forcing endless battles is banned\n|rule|Species Clause: Limit one of each Pokémon\n|rule|OHKO Clause: OHKO moves are banned\n|rule|Evasion Items Clause: Evasion items are banned\n|rule|Evasion Moves Clause: Evasion moves are banned\n|rule|Evasion Abilities Clause: Evasion abilities are banned\n|rule|Sleep Moves Clause: Sleep-inducing moves are banned\n|clearpoke\n|poke|p1|Samurott-Hisui, F|\n|poke|p1|Blaziken, F|\n|poke|p1|Kingambit, F|\n|poke|p1|Raging Bolt|\n|poke|p1|Ogerpon-Wellspring, F|\n|poke|p1|Greninja-*, M|\n|poke|p2|Ninetales, M|\n|poke|p2|Ceruledge, F|\n|poke|p2|Venusaur, M|\n|poke|p2|Hatterene, F|\n|poke|p2|Great Tusk|\n|poke|p2|Walking Wake|\n|teampreview\n|inactive|Battle timer is ON: inactive players will automatically lose when time's up. (requested by yesterdaymister)\n|\n|t:|1771222541\n|teamsize|p1|6\n|teamsize|p2|6\n|start\n|switch|p1a: Samurott|Samurott-Hisui, F|100/100\n|switch|p2a: hans vanaken|Venusaur, M|100/100\n|turn|1\n|\n|t:|1771222546\n|move|p1a: Samurott|Ceaseless Edge|p2a: hans vanaken\n|-damage|p2a: hans vanaken|43/100\n|-sidestart|p2: yesterdaymister|Spikes\n|move|p2a: hans vanaken|Giga Drain|p1a: Samurott\n|-supereffective|p1a: Samurott\n|-enditem|p1a: Samurott|Focus Sash\n|-damage|p1a: Samurott|1/100\n|-heal|p2a: hans vanaken|97/100|[from] drain|[of] p1a: Samurott\n|-damage|p2a: hans vanaken|87/100|[from] item: Life Orb\n|\n|upkeep\n|turn|2\n|\n|t:|1771222553\n|switch|p2a: mignolet|Great Tusk|100/100\n|-damage|p2a: mignolet|88/100|[from] Spikes\n|move|p1a: Samurott|Ceaseless Edge|p2a: mignolet\n|-resisted|p2a: mignolet\n|-damage|p2a: mignolet|74/100\n|-damage|p1a: Samurott|0 fnt|[from] item: Rocky Helmet|[of] p2a: mignolet\n|faint|p1a: Samurott\n|\n|upkeep\n|\n|t:|1771222556\n|switch|p1a: Ogerpon|Ogerpon-Wellspring, F|100/100\n|turn|3\n|\n|t:|1771222560\n|-end|p2a: mignolet|Protosynthesis|[silent]\n|switch|p2a: maccabi|Hatterene, F|100/100\n|-damage|p2a: maccabi|88/100|[from] Spikes\n|move|p1a: Ogerpon|Ivy Cudgel|p2a: maccabi|[anim] Ivy Cudgel Water\n|-damage|p2a: maccabi|42/100\n|-enditem|p2a: maccabi|Eject Button\n|\n|t:|1771222571\n|switch|p2a: arda guler|Ninetales, M|100/100\n|-damage|p2a: arda guler|88/100|[from] Spikes\n|-weather|SunnyDay|[from] ability: Drought|[of] p2a: arda guler\n|\n|-weather|SunnyDay|[upkeep]\n|upkeep\n|turn|4\n|\n|t:|1771222577\n|switch|p2a: maccabi|Hatterene, F|42/100\n|-damage|p2a: maccabi|29/100|[from] Spikes\n|move|p1a: Ogerpon|U-turn|p2a: maccabi\n|-damage|p2a: maccabi|4/100\n|\n|t:|1771222585\n|switch|p1a: Blaziken|Blaziken, F|100/100|[from] U-turn\n|\n|-weather|SunnyDay|[upkeep]\n|upkeep\n|turn|5\n|\n|t:|1771222591\n|move|p1a: Blaziken|Flare Blitz|p2a: maccabi\n|-damage|p2a: maccabi|0 fnt\n|faint|p2a: maccabi\n|-damage|p1a: Blaziken|99/100|[from] Recoil\n|\n|-weather|SunnyDay|[upkeep]\n|-heal|p1a: Blaziken|100/100|[from] item: Leftovers\n|-ability|p1a: Blaziken|Speed Boost|boost\n|-boost|p1a: Blaziken|spe|1\n|upkeep\n|\n|t:|1771222600\n|switch|p2a: mignolet|Great Tusk|74/100\n|-damage|p2a: mignolet|62/100|[from] Spikes\n|-activate|p2a: mignolet|ability: Protosynthesis\n|-start|p2a: mignolet|protosynthesisspe\n|turn|6\n|\n|t:|1771222607\n|move|p1a: Blaziken|Detect|p1a: Blaziken\n|-singleturn|p1a: Blaziken|Protect\n|move|p2a: mignolet|Rapid Spin|p1a: Blaziken\n|-activate|p1a: Blaziken|move: Protect\n|\n|-weather|SunnyDay|[upkeep]\n|-ability|p1a: Blaziken|Speed Boost|boost\n|-boost|p1a: Blaziken|spe|1\n|upkeep\n|turn|7\n|\n|t:|1771222611\n|move|p1a: Blaziken|Flare Blitz|p2a: mignolet\n|-damage|p2a: mignolet|0 fnt\n|-damage|p1a: Blaziken|84/100|[from] item: Rocky Helmet|[of] p2a: mignolet\n|faint|p2a: mignolet\n|-end|p2a: mignolet|Protosynthesis|[silent]\n|-damage|p1a: Blaziken|55/100|[from] Recoil\n|\n|-weather|SunnyDay|[upkeep]\n|-heal|p1a: Blaziken|61/100|[from] item: Leftovers\n|-ability|p1a: Blaziken|Speed Boost|boost\n|-boost|p1a: Blaziken|spe|1\n|upkeep\n|\n|t:|1771222623\n|switch|p2a: chama|Walking Wake|100/100\n|-damage|p2a: chama|88/100|[from] Spikes\n|-activate|p2a: chama|ability: Protosynthesis\n|-start|p2a: chama|protosynthesisspa\n|turn|8\n|\n|t:|1771222629\n|move|p1a: Blaziken|Close Combat|p2a: chama\n|-damage|p2a: chama|16/100\n|-unboost|p1a: Blaziken|def|1\n|-unboost|p1a: Blaziken|spd|1\n|move|p2a: chama|Flamethrower|p1a: Blaziken\n|-resisted|p1a: Blaziken\n|-crit|p1a: Blaziken\n|-damage|p1a: Blaziken|0 fnt\n|faint|p1a: Blaziken\n|\n|-weather|SunnyDay|[upkeep]\n|upkeep\n|inactive|KnightKnaveSpy has 120 seconds left.\n|\n|t:|1771222660\n|switch|p1a: Ogerpon|Ogerpon-Wellspring, F|100/100\n|turn|9\n|\n|t:|1771222664\n|move|p1a: Ogerpon|Horn Leech|p2a: chama\n|-damage|p2a: chama|0 fnt\n|faint|p2a: chama\n|-end|p2a: chama|Protosynthesis|[silent]\n|\n|-weather|SunnyDay|[upkeep]\n|upkeep\n|\n|t:|1771222672\n|switch|p2a: hans vanaken|Venusaur, M|87/100\n|-damage|p2a: hans vanaken|74/100|[from] Spikes\n|turn|10\n|\n|t:|1771222686\n|move|p2a: hans vanaken|Sludge Bomb|p1a: Ogerpon\n|-supereffective|p1a: Ogerpon\n|-damage|p1a: Ogerpon|0 fnt\n|faint|p1a: Ogerpon\n|-damage|p2a: hans vanaken|64/100|[from] item: Life Orb\n|\n|-weather|none\n|upkeep\n|\n|t:|1771222700\n|switch|p1a: Kingambit|Kingambit, F|100/100\n|-activate|p1a: Kingambit|ability: Supreme Overlord\n|-start|p1a: Kingambit|fallen3|[silent]\n|turn|11\n|\n|t:|1771222704\n|switch|p2a: arda guler|Ninetales, M|88/100\n|-damage|p2a: arda guler|76/100|[from] Spikes\n|-weather|SunnyDay|[from] ability: Drought|[of] p2a: arda guler\n|move|p1a: Kingambit|Kowtow Cleave|p2a: arda guler\n|-damage|p2a: arda guler|0 fnt\n|faint|p2a: arda guler\n|\n|-weather|SunnyDay|[upkeep]\n|upkeep\n|\n|t:|1771222707\n|switch|p2a: lebron|Ceruledge, F|100/100\n|-damage|p2a: lebron|88/100|[from] Spikes\n|turn|12\n|\n|t:|1771222724\n|-terastallize|p2a: lebron|Fairy\n|move|p1a: Kingambit|Sucker Punch|p2a: lebron\n|-resisted|p2a: lebron\n|-damage|p2a: lebron|53/100\n|-ability|p2a: lebron|Weak Armor|boost\n|-unboost|p2a: lebron|def|1\n|-boost|p2a: lebron|spe|2\n|move|p2a: lebron|Bitter Blade|p1a: Kingambit\n|-supereffective|p1a: Kingambit\n|-damage|p1a: Kingambit|1/100\n|-heal|p2a: lebron|100/100|[from] drain|[of] p1a: Kingambit\n|\n|-weather|SunnyDay|[upkeep]\n|-heal|p1a: Kingambit|7/100|[from] item: Leftovers\n|upkeep\n|turn|13\n|\n|t:|1771222748\n|-end|p1a: Kingambit|fallen3|[silent]\n|switch|p1a: Raging Bolt|Raging Bolt|100/100\n|-activate|p1a: Raging Bolt|ability: Protosynthesis\n|-start|p1a: Raging Bolt|protosynthesisspa\n|move|p2a: lebron|Swords Dance|p2a: lebron\n|-boost|p2a: lebron|atk|2\n|\n|-weather|SunnyDay|[upkeep]\n|upkeep\n|turn|14\n|\n|t:|1771222756\n|move|p1a: Raging Bolt|Thunderclap|p2a: lebron\n|-damage|p2a: lebron|34/100\n|move|p2a: lebron|Tera Blast|p1a: Raging Bolt|[anim] Tera Blast Fairy\n|-supereffective|p1a: Raging Bolt\n|-damage|p1a: Raging Bolt|0 fnt\n|faint|p1a: Raging Bolt\n|-end|p1a: Raging Bolt|Protosynthesis|[silent]\n|\n|-weather|SunnyDay|[upkeep]\n|upkeep\n|\n|t:|1771222768\n|switch|p1a: Kingambit|Kingambit, F|7/100\n|-activate|p1a: Kingambit|ability: Supreme Overlord\n|-start|p1a: Kingambit|fallen4|[silent]\n|turn|15\n|\n|t:|1771222773\n|move|p1a: Kingambit|Sucker Punch|p2a: lebron\n|-resisted|p2a: lebron\n|-damage|p2a: lebron|0 fnt\n|faint|p2a: lebron\n|\n|-weather|SunnyDay|[upkeep]\n|-heal|p1a: Kingambit|13/100|[from] item: Leftovers\n|upkeep\n|\n|t:|1771222775\n|switch|p2a: hans vanaken|Venusaur, M|64/100\n|-damage|p2a: hans vanaken|52/100|[from] Spikes\n|turn|16\n|\n|t:|1771222778\n|move|p1a: Kingambit|Sucker Punch||[still]\n|-fail|p1a: Kingambit\n|move|p2a: hans vanaken|Growth|p2a: hans vanaken\n|-boost|p2a: hans vanaken|atk|2\n|-boost|p2a: hans vanaken|spa|2\n|\n|-weather|SunnyDay|[upkeep]\n|-heal|p1a: Kingambit|20/100|[from] item: Leftovers\n|upkeep\n|turn|17\n|\n|t:|1771222782\n|move|p1a: Kingambit|Sucker Punch||[still]\n|-fail|p1a: Kingambit\n|move|p2a: hans vanaken|Growth|p2a: hans vanaken\n|-boost|p2a: hans vanaken|atk|2\n|-boost|p2a: hans vanaken|spa|2\n|\n|-weather|SunnyDay|[upkeep]\n|-heal|p1a: Kingambit|26/100|[from] item: Leftovers\n|upkeep\n|turn|18\n|\n|t:|1771222789\n|move|p1a: Kingambit|Sucker Punch|p2a: hans vanaken\n|-damage|p2a: hans vanaken|0 fnt\n|faint|p2a: hans vanaken\n|\n|win|KnightKnaveSpy\n|raw|KnightKnaveSpy's rating: 1682 &rarr; <strong>1706</strong><br />(+24 for winning)\n|raw|yesterdaymister's rating: 1752 &rarr; <strong>1728</strong><br />(-24 for losing)\n|l|☆yesterdaymister\n|player|p2|\n|c|☆KnightKnaveSpy|Gg\n|l|☆KnightKnaveSpy\n|player|p1|\n", "uploadtime": 1771222962, "views": 5, "formatid": "gen9ou", "rating": 1706, "private": 0, "password": null}