{"id": "gen9ou-2540567435", "format": "[Gen 9] OU", "players": ["bh.babiri", "DirkDiggler420"], "log": "|j|☆bh.babiri\n|j|☆DirkDiggler420\n|t:|1771219236\n|gametype|singles\n|player|p1|bh.babiri|pokemonbreederf-gen4|1524\n|player|p2|DirkDiggler420|linebacker|1585\n|gen|9\n|tier|[Gen 9] OU\n|rated|\n|rule|HP Percentage Mod: HP is shown in percentages\n|rule|Endless Battle Clause: Forcing endless battles is banned\n|rule|Species Clause: Limit one of each Pokémon\n|rule|OHKO Clause: OHKO moves are banned\n|rule|Evasion Items Clause: Evasion items are banned\n|rule|Evasion Moves Clause: Evasion moves are banned\n|rule|Evasion Abilities Clause: Evasion abilities are banned\n|rule|Sleep Moves Clause: Sleep-inducing moves are banned\n|clearpoke\n|poke|p1|Hatterene, F|\n|poke|p1|Gholdengo|\n|poke|p1|Ting-Lu|\n|poke|p1|Landorus-Therian, M|\n|poke|p1|Alomomola, F|\n|poke|p1|Tyranitar, M|\n|poke|p2|Dragonite, M|\n|poke|p2|Zapdos|\n|poke|p2|Ceruledge, F|\n|poke|p2|Great Tusk|\n|poke|p2|Darkrai|\n|poke|p2|Iron Crown|\n|teampreview\n|inactive|Battle timer is ON: inactive players will automatically lose when time's up. (requested by bh.babiri)\n|\n|t:|1771219262\n|teamsize|p1|6\n|teamsize|p2|6\n|start\n|switch|p1a: Tyranitar|Tyranitar, M|100/100\n|switch|p2a: Darkrai|Darkrai|100/100\n|-weather|Sandstorm|[from] ability: Sand Stream|[of] p1a: Tyranitar\n|turn|1\n|\n|t:|1771219270\n|switch|p2a: Great Tusk|Great Tusk|100/100\n|switch|p1a: Hatterene|Hatterene, F|100/100\n|\n|-weather|Sandstorm|[upkeep]\n|-damage|p1a: Hatterene|95/100|[from] Sandstorm\n|upkeep\n|turn|2\n|\n|t:|1771219278\n|-end|p2a: Great Tusk|Protosynthesis|[silent]\n|switch|p2a: Iron Crown|Iron Crown|100/100\n|move|p1a: Hatterene|Mystical Fire|p2a: Iron Crown\n|-supereffective|p2a: Iron Crown\n|-damage|p2a: Iron Crown|62/100\n|-unboost|p2a: Iron Crown|spa|1\n|\n|-weather|Sandstorm|[upkeep]\n|-damage|p1a: Hatterene|89/100|[from] Sandstorm\n|upkeep\n|turn|3\n|\n|t:|1771219283\n|switch|p1a: Ting-Lu|Ting-Lu|100/100\n|-ability|p1a: Ting-Lu|Vessel of Ruin\n|move|p2a: Iron Crown|Tachyon Cutter|p1a: Ting-Lu\n|-damage|p1a: Ting-Lu|91/100\n|-damage|p1a: Ting-Lu|80/100\n|-hitcount|p1a: Ting-Lu|2\n|\n|-weather|Sandstorm|[upkeep]\n|-heal|p1a: Ting-Lu|86/100|[from] item: Leftovers\n|upkeep\n|turn|4\n|\n|t:|1771219289\n|-end|p2a: Iron Crown|Quark Drive|[silent]\n|switch|p2a: Great Tusk|Great Tusk|100/100\n|move|p1a: Ting-Lu|Spikes|p2a: Great Tusk\n|-sidestart|p2: DirkDiggler420|Spikes\n|\n|-weather|Sandstorm|[upkeep]\n|-heal|p1a: Ting-Lu|93/100|[from] item: Leftovers\n|upkeep\n|turn|5\n|\n|t:|1771219296\n|move|p2a: Great Tusk|Rapid Spin|p1a: Ting-Lu\n|-damage|p1a: Ting-Lu|85/100\n|-boost|p2a: Great Tusk|spe|1\n|-sideend|p2: DirkDiggler420|Spikes|[from] move: Rapid Spin|[of] p2a: Great Tusk\n|move|p1a: Ting-Lu|Ruination|p2a: Great Tusk\n|-damage|p2a: Great Tusk|51/100\n|\n|-weather|none\n|-heal|p1a: Ting-Lu|92/100|[from] item: Leftovers\n|upkeep\n|turn|6\n|\n|t:|1771219302\n|switch|p1a: Landorus|Landorus-Therian, M|100/100\n|-ability|p1a: Landorus|Intimidate|boost\n|-unboost|p2a: Great Tusk|atk|1\n|move|p2a: Great Tusk|Ice Spinner|p1a: Landorus\n|-supereffective|p1a: Landorus\n|-damage|p1a: Landorus|5/100\n|\n|upkeep\n|turn|7\n|\n|t:|1771219310\n|switch|p1a: Alomomola|Alomomola, F|100/100\n|move|p2a: Great Tusk|Ice Spinner|p1a: Alomomola\n|-resisted|p1a: Alomomola\n|-damage|p1a: Alomomola|95/100\n|-damage|p2a: Great Tusk|34/100|[from] item: Rocky Helmet|[of] p1a: Alomomola\n|\n|upkeep\n|turn|8\n|\n|t:|1771219315\n|-end|p2a: Great Tusk|Protosynthesis|[silent]\n|switch|p2a: Zapdos|Zapdos|100/100\n|-ability|p2a: Zapdos|Pressure\n|switch|p1a: Hatterene|Hatterene, F|89/100\n|\n|upkeep\n|turn|9\n|\n|t:|1771219322\n|move|p2a: Zapdos|Discharge|p1a: Hatterene\n|-damage|p1a: Hatterene|64/100\n|move|p1a: Hatterene|Future Sight|p2a: Zapdos\n|-start|p1a: Hatterene|move: Future Sight\n|\n|upkeep\n|turn|10\n|\n|t:|1771219329\n|move|p2a: Zapdos|U-turn|p1a: Hatterene\n|-damage|p1a: Hatterene|49/100\n|\n|t:|1771219333\n|switch|p2a: Iron Crown|Iron Crown|62/100|[from] U-turn\n|move|p1a: Hatterene|Draining Kiss|p2a: Iron Crown\n|-resisted|p2a: Iron Crown\n|-damage|p2a: Iron Crown|52/100\n|-heal|p1a: Hatterene|57/100|[from] drain|[of] p2a: Iron Crown\n|\n|upkeep\n|turn|11\n|\n|t:|1771219342\n|switch|p1a: Ting-Lu|Ting-Lu|92/100\n|-ability|p1a: Ting-Lu|Vessel of Ruin\n|move|p2a: Iron Crown|Volt Switch|p1a: Ting-Lu\n|-immune|p1a: Ting-Lu\n|\n|-end|p2a: Iron Crown|move: Future Sight\n|-resisted|p2a: Iron Crown\n|-damage|p2a: Iron Crown|43/100\n|-heal|p1a: Ting-Lu|98/100|[from] item: Leftovers\n|upkeep\n|turn|12\n|\n|t:|1771219348\n|-end|p2a: Iron Crown|Quark Drive|[silent]\n|switch|p2a: Great Tusk|Great Tusk|34/100\n|move|p1a: Ting-Lu|Earthquake|p2a: Great Tusk\n|-damage|p2a: Great Tusk|6/100\n|\n|-heal|p1a: Ting-Lu|100/100|[from] item: Leftovers\n|upkeep\n|turn|13\n|\n|t:|1771219359\n|switch|p1a: Alomomola|Alomomola, F|100/100\n|move|p2a: Great Tusk|Headlong Rush|p1a: Alomomola\n|-damage|p1a: Alomomola|68/100\n|-unboost|p2a: Great Tusk|def|1\n|-unboost|p2a: Great Tusk|spd|1\n|-damage|p2a: Great Tusk|0 fnt|[from] item: Rocky Helmet|[of] p1a: Alomomola\n|faint|p2a: Great Tusk\n|-end|p2a: Great Tusk|Protosynthesis|[silent]\n|\n|upkeep\n|\n|t:|1771219365\n|switch|p2a: Darkrai|Darkrai|100/100\n|turn|14\n|\n|t:|1771219368\n|move|p2a: Darkrai|Knock Off|p1a: Alomomola\n|-damage|p1a: Alomomola|49/100\n|-damage|p2a: Darkrai|84/100|[from] item: Rocky Helmet|[of] p1a: Alomomola\n|-enditem|p1a: Alomomola|Rocky Helmet|[from] move: Knock Off|[of] p2a: Darkrai\n|move|p1a: Alomomola|Flip Turn|p2a: Darkrai\n|-damage|p2a: Darkrai|62/100\n|\n|t:|1771219374\n|switch|p1a: Tyranitar|Tyranitar, M|100/100|[from] Flip Turn\n|-weather|Sandstorm|[from] ability: Sand Stream|[of] p1a: Tyranitar\n|\n|-weather|Sandstorm|[upkeep]\n|-damage|p2a: Darkrai|56/100|[from] Sandstorm\n|upkeep\n|turn|15\n|\n|t:|1771219380\n|switch|p2a: Zapdos|Zapdos|100/100\n|-ability|p2a: Zapdos|Pressure\n|switch|p1a: Hatterene|Hatterene, F|57/100\n|\n|-weather|Sandstorm|[upkeep]\n|-damage|p2a: Zapdos|94/100|[from] Sandstorm\n|-damage|p1a: Hatterene|51/100|[from] Sandstorm\n|upkeep\n|turn|16\n|\n|t:|1771219386\n|move|p2a: Zapdos|Discharge|p1a: Hatterene\n|-damage|p1a: Hatterene|27/100\n|move|p1a: Hatterene|Future Sight|p2a: Zapdos\n|-start|p1a: Hatterene|move: Future Sight\n|\n|-weather|Sandstorm|[upkeep]\n|-damage|p2a: Zapdos|88/100|[from] Sandstorm\n|-damage|p1a: Hatterene|21/100|[from] Sandstorm\n|upkeep\n|turn|17\n|\n|t:|1771219396\n|switch|p1a: Ting-Lu|Ting-Lu|100/100\n|-ability|p1a: Ting-Lu|Vessel of Ruin\n|move|p2a: Zapdos|Discharge|p1a: Ting-Lu\n|-immune|p1a: Ting-Lu\n|\n|-weather|Sandstorm|[upkeep]\n|-damage|p2a: Zapdos|82/100|[from] Sandstorm\n|upkeep\n|turn|18\n|\n|t:|1771219402\n|move|p2a: Zapdos|Hurricane|p1a: Ting-Lu\n|-damage|p1a: Ting-Lu|72/100\n|move|p1a: Ting-Lu|Spikes|p2a: Zapdos\n|-sidestart|p2: DirkDiggler420|Spikes\n|\n|-weather|none\n|-end|p2a: Zapdos|move: Future Sight\n|-damage|p2a: Zapdos|31/100\n|-heal|p1a: Ting-Lu|78/100|[from] item: Leftovers\n|upkeep\n|turn|19\n|\n|t:|1771219408\n|move|p2a: Zapdos|Roost|p2a: Zapdos\n|-heal|p2a: Zapdos|81/100\n|-singleturn|p2a: Zapdos|move: Roost\n|move|p1a: Ting-Lu|Earthquake|p2a: Zapdos\n|-supereffective|p2a: Zapdos\n|-damage|p2a: Zapdos|24/100\n|\n|-heal|p1a: Ting-Lu|84/100|[from] item: Leftovers\n|upkeep\n|turn|20\n|\n|t:|1771219410\n|move|p2a: Zapdos|U-turn|p1a: Ting-Lu\n|-supereffective|p1a: Ting-Lu\n|-damage|p1a: Ting-Lu|74/100\n|\n|t:|1771219412\n|switch|p2a: Dragonite|Dragonite, M|100/100|[from] U-turn\n|move|p1a: Ting-Lu|Spikes|p2a: Dragonite\n|-sidestart|p2: DirkDiggler420|Spikes\n|\n|-heal|p1a: Ting-Lu|80/100|[from] item: Leftovers\n|upkeep\n|turn|21\n|\n|t:|1771219420\n|move|p2a: Dragonite|Dragon Dance|p2a: Dragonite\n|-boost|p2a: Dragonite|atk|1\n|-boost|p2a: Dragonite|spe|1\n|move|p1a: Ting-Lu|Whirlwind|p2a: Dragonite\n|drag|p2a: Zapdos|Zapdos|24/100\n|-ability|p2a: Zapdos|Pressure\n|\n|-heal|p1a: Ting-Lu|86/100|[from] item: Leftovers\n|upkeep\n|turn|22\n|\n|t:|1771219426\n|move|p2a: Zapdos|Hurricane|p1a: Ting-Lu\n|-damage|p1a: Ting-Lu|59/100\n|move|p1a: Ting-Lu|Spikes|p2a: Zapdos\n|-sidestart|p2: DirkDiggler420|Spikes\n|\n|-heal|p1a: Ting-Lu|65/100|[from] item: Leftovers\n|upkeep\n|turn|23\n|\n|t:|1771219430\n|move|p2a: Zapdos|Hurricane|p1a: Ting-Lu\n|-damage|p1a: Ting-Lu|40/100\n|move|p1a: Ting-Lu|Whirlwind|p2a: Zapdos\n|drag|p2a: Darkrai|Darkrai|56/100\n|-damage|p2a: Darkrai|31/100|[from] Spikes\n|\n|-heal|p1a: Ting-Lu|47/100|[from] item: Leftovers\n|upkeep\n|turn|24\n|\n|t:|1771219436\n|move|p2a: Darkrai|Knock Off|p1a: Ting-Lu\n|-resisted|p1a: Ting-Lu\n|-damage|p1a: Ting-Lu|40/100\n|-enditem|p1a: Ting-Lu|Leftovers|[from] move: Knock Off|[of] p2a: Darkrai\n|move|p1a: Ting-Lu|Whirlwind|p2a: Darkrai\n|drag|p2a: Iron Crown|Iron Crown|43/100\n|-damage|p2a: Iron Crown|18/100|[from] Spikes\n|\n|upkeep\n|turn|25\n|\n|t:|1771219441\n|move|p2a: Iron Crown|Tachyon Cutter|p1a: Ting-Lu\n|-damage|p1a: Ting-Lu|23/100\n|-damage|p1a: Ting-Lu|7/100\n|-hitcount|p1a: Ting-Lu|2\n|move|p1a: Ting-Lu|Whirlwind|p2a: Iron Crown\n|-end|p2a: Iron Crown|Quark Drive|[silent]\n|drag|p2a: Darkrai|Darkrai|31/100\n|-damage|p2a: Darkrai|7/100|[from] Spikes\n|\n|upkeep\n|turn|26\n|\n|t:|1771219449\n|move|p2a: Darkrai|Dark Pulse|p1a: Ting-Lu\n|-resisted|p1a: Ting-Lu\n|-damage|p1a: Ting-Lu|0 fnt\n|faint|p1a: Ting-Lu\n|\n|upkeep\n|\n|t:|1771219452\n|switch|p1a: Alomomola|Alomomola, F|83/100\n|turn|27\n|\n|t:|1771219457\n|move|p2a: Darkrai|Dark Pulse|p1a: Alomomola\n|-damage|p1a: Alomomola|24/100\n|move|p1a: Alomomola|Wish|p1a: Alomomola\n|\n|upkeep\n|turn|28\n|\n|t:|1771219467\n|move|p1a: Alomomola|Protect|p1a: Alomomola\n|-singleturn|p1a: Alomomola|Protect\n|move|p2a: Darkrai|Dark Pulse|p1a: Alomomola\n|-activate|p1a: Alomomola|move: Protect\n|\n|-heal|p1a: Alomomola|74/100|[from] move: Wish|[wisher] Alomomola\n|upkeep\n|turn|29\n|\n|t:|1771219469\n|move|p2a: Darkrai|Dark Pulse|p1a: Alomomola\n|-damage|p1a: Alomomola|10/100\n|move|p1a: Alomomola|Flip Turn|p2a: Darkrai\n|-damage|p2a: Darkrai|0 fnt\n|faint|p2a: Darkrai\n|\n|t:|1771219472\n|switch|p1a: Landorus|Landorus-Therian, M|5/100|[from] Flip Turn\n|\n|upkeep\n|\n|t:|1771219483\n|switch|p2a: Dragonite|Dragonite, M|100/100\n|turn|30\n|\n|t:|1771219487\n|move|p1a: Landorus|Fling|p2a: Dragonite\n|-damage|p2a: Dragonite|95/100\n|-status|p2a: Dragonite|par\n|-enditem|p1a: Landorus|Light Ball|[from] move: Fling\n|move|p2a: Dragonite|Dragon Dance|p2a: Dragonite\n|-boost|p2a: Dragonite|atk|1\n|-boost|p2a: Dragonite|spe|1\n|\n|-heal|p2a: Dragonite|100/100 par|[from] item: Leftovers\n|upkeep\n|turn|31\n|\n|t:|1771219492\n|switch|p1a: Alomomola|Alomomola, F|44/100\n|move|p2a: Dragonite|Dragon Dance|p2a: Dragonite\n|-boost|p2a: Dragonite|atk|1\n|-boost|p2a: Dragonite|spe|1\n|\n|upkeep\n|turn|32\n|\n|t:|1771219495\n|cant|p2a: Dragonite|par\n|move|p1a: Alomomola|Wish|p1a: Alomomola\n|\n|upkeep\n|turn|33\n|\n|t:|1771219501\n|-terastallize|p1a: Alomomola|Ghost\n|cant|p2a: Dragonite|par\n|move|p1a: Alomomola|Flip Turn|p2a: Dragonite\n|-resisted|p2a: Dragonite\n|-damage|p2a: Dragonite|97/100 par\n|\n|t:|1771219504\n|switch|p1a: Landorus|Landorus-Therian, M|5/100|[from] Flip Turn\n|-ability|p1a: Landorus|Intimidate|boost\n|-unboost|p2a: Dragonite|atk|1\n|\n|-heal|p1a: Landorus|89/100|[from] move: Wish|[wisher] Alomomola\n|-heal|p2a: Dragonite|100/100 par|[from] item: Leftovers\n|upkeep\n|turn|34\n|\n|t:|1771219507\n|move|p1a: Landorus|U-turn|p2a: Dragonite\n|-resisted|p2a: Dragonite\n|-damage|p2a: Dragonite|94/100 par\n|\n|t:|1771219509\n|switch|p1a: Alomomola|Alomomola, F, tera:Ghost|77/100|[from] U-turn\n|move|p2a: Dragonite|Dragon Dance|p2a: Dragonite\n|-boost|p2a: Dragonite|atk|1\n|-boost|p2a: Dragonite|spe|1\n|\n|-heal|p2a: Dragonite|99/100 par|[from] item: Leftovers\n|upkeep\n|turn|35\n|\n|t:|1771219514\n|move|p2a: Dragonite|Dragon Dance|p2a: Dragonite\n|-boost|p2a: Dragonite|atk|1\n|-boost|p2a: Dragonite|spe|1\n|move|p1a: Alomomola|Wish|p1a: Alomomola\n|\n|-heal|p2a: Dragonite|100/100 par|[from] item: Leftovers\n|upkeep\n|turn|36\n|\n|t:|1771219517\n|move|p2a: Dragonite|Dragon Dance|p2a: Dragonite\n|-boost|p2a: Dragonite|atk|1\n|-boost|p2a: Dragonite|spe|1\n|move|p1a: Alomomola|Flip Turn|p2a: Dragonite\n|-resisted|p2a: Dragonite\n|-damage|p2a: Dragonite|97/100 par\n|\n|t:|1771219523\n|switch|p1a: Hatterene|Hatterene, F|21/100|[from] Flip Turn\n|\n|-heal|p1a: Hatterene|100/100|[from] move: Wish|[wisher] Alomomola\n|-heal|p2a: Dragonite|100/100 par|[from] item: Leftovers\n|upkeep\n|turn|37\n|\n|t:|1771219532\n|-terastallize|p2a: Dragonite|Fairy\n|move|p2a: Dragonite|Dragon Dance|p2a: Dragonite\n|-boost|p2a: Dragonite|atk|1\n|-boost|p2a: Dragonite|spe|1\n|move|p1a: Hatterene|Future Sight|p2a: Dragonite\n|-start|p1a: Hatterene|move: Future Sight\n|\n|upkeep\n|turn|38\n|\n|t:|1771219540\n|cant|p2a: Dragonite|par\n|move|p1a: Hatterene|Draining Kiss|p2a: Dragonite\n|-damage|p2a: Dragonite|86/100 par\n|\n|-heal|p2a: Dragonite|92/100 par|[from] item: Leftovers\n|upkeep\n|turn|39\n|\n|t:|1771219543\n|move|p2a: Dragonite|Tera Blast|p1a: Hatterene|[anim] Tera Blast Fairy\n|-damage|p1a: Hatterene|0 fnt\n|faint|p1a: Hatterene\n|\n|-end|p2a: Dragonite|move: Future Sight\n|-damage|p2a: Dragonite|23/100 par\n|-heal|p2a: Dragonite|29/100 par|[from] item: Leftovers\n|upkeep\n|\n|t:|1771219545\n|switch|p1a: Gholdengo|Gholdengo|100/100\n|turn|40\n|\n|t:|1771219549\n|cant|p2a: Dragonite|par\n|move|p1a: Gholdengo|Make It Rain|p2a: Dragonite\n|-supereffective|p2a: Dragonite\n|-damage|p2a: Dragonite|0 fnt\n|-unboost|p1a: Gholdengo|spa|1\n|faint|p2a: Dragonite\n|\n|upkeep\n|-message|DirkDiggler420 forfeited.\n|\n|win|bh.babiri\n|raw|bh.babiri's rating: 1524 &rarr; <strong>1547</strong><br />(+23 for winning)\n|raw|DirkDiggler420's rating: 1585 &rarr; <strong>1562</strong><br />(-23 for losing)\n|l|☆DirkDiggler420\n|player|p2|\n|l|☆bh.babiri\n|player|p1|\n", "uploadtime": 1771219797, "views": 4, "formatid": "gen9ou", "rating": 1547, "private": 0, "password": null}