{"id": "gen9ou-2647679683", "format": "[Gen 9] OU", "players": ["H0N3R", "Scce"], "log": "|j|☆H0N3R\n|j|☆Scce\n|t:|1783795211\n|gametype|singles\n|player|p1|H0N3R|steven|1467\n|player|p2|Scce|102|1433\n|gen|9\n|tier|[Gen 9] OU\n|rated|\n|rule|HP Percentage Mod: HP is shown in percentages\n|rule|Endless Battle Clause: Forcing endless battles is banned\n|rule|Species Clause: Limit one of each Pokémon\n|rule|OHKO Clause: OHKO moves are banned\n|rule|Evasion Items Clause: Evasion items are banned\n|rule|Evasion Moves Clause: Evasion moves are banned\n|rule|Evasion Abilities Clause: Evasion abilities are banned\n|rule|Sleep Moves Clause: Sleep-inducing moves are banned\n|clearpoke\n|poke|p1|Kyurem|\n|poke|p1|Ambipom, M|\n|poke|p1|Zamazenta-*|\n|poke|p1|Samurott-Hisui, M|\n|poke|p1|Ursaluna, M|\n|poke|p1|Cresselia, F|\n|poke|p2|Hatterene, F|\n|poke|p2|Cresselia, F|\n|poke|p2|Diancie|\n|poke|p2|Reuniclus, F|\n|poke|p2|Conkeldurr, F|\n|poke|p2|Torterra, F|\n|teampreview\n|\n|t:|1783795222\n|teamsize|p1|6\n|teamsize|p2|6\n|start\n|switch|p1a: Samurott|Samurott-Hisui, M|100/100\n|switch|p2a: Hatterene|Hatterene, F, shiny|100/100\n|turn|1\n|inactive|Battle timer is ON: inactive players will automatically lose when time's up. (requested by H0N3R)\n|\n|t:|1783795228\n|move|p1a: Samurott|Ceaseless Edge|p2a: Hatterene\n|-damage|p2a: Hatterene|60/100\n|-sidestart|p2: Scce|Spikes\n|move|p2a: Hatterene|Trick Room|p2a: Hatterene\n|-fieldstart|move: Trick Room|[of] p2a: Hatterene\n|\n|upkeep\n|turn|2\n|\n|t:|1783795234\n|switch|p1a: Ursaluna|Ursaluna, M|100/100\n|move|p2a: Hatterene|Dazzling Gleam|p1a: Ursaluna\n|-damage|p1a: Ursaluna|74/100\n|\n|upkeep\n|turn|3\n|\n|t:|1783795264\n|move|p2a: Hatterene|Psychic Noise|p1a: Ursaluna\n|-damage|p1a: Ursaluna|54/100\n|-start|p1a: Ursaluna|move: Heal Block\n|move|p1a: Ursaluna|Body Slam|p2a: Hatterene\n|-damage|p2a: Hatterene|14/100\n|\n|upkeep\n|turn|4\n|\n|t:|1783795273\n|move|p2a: Hatterene|Dazzling Gleam|p1a: Ursaluna\n|-damage|p1a: Ursaluna|28/100\n|move|p1a: Ursaluna|Body Slam|p2a: Hatterene\n|-damage|p2a: Hatterene|0 fnt\n|faint|p2a: Hatterene\n|\n|-end|p1a: Ursaluna|move: Heal Block\n|upkeep\n|\n|t:|1783795281\n|switch|p2a: Conkeldurr|Conkeldurr, F, shiny|100/100\n|-damage|p2a: Conkeldurr|88/100|[from] Spikes\n|turn|5\n|\n|t:|1783795292\n|move|p2a: Conkeldurr|Close Combat|p1a: Ursaluna\n|-supereffective|p1a: Ursaluna\n|-damage|p1a: Ursaluna|0 fnt\n|-unboost|p2a: Conkeldurr|def|1\n|-unboost|p2a: Conkeldurr|spd|1\n|faint|p1a: Ursaluna\n|\n|-fieldend|move: Trick Room\n|-status|p2a: Conkeldurr|brn|[from] item: Flame Orb\n|upkeep\n|\n|t:|1783795309\n|switch|p1a: Zamazenta|Zamazenta|100/100\n|-ability|p1a: Zamazenta|Dauntless Shield|boost\n|-boost|p1a: Zamazenta|def|1\n|turn|6\n|\n|t:|1783795313\n|switch|p2a: Cresselia|Cresselia, F, shiny|100/100\n|move|p1a: Zamazenta|Howl|p1a: Zamazenta\n|-boost|p1a: Zamazenta|atk|1\n|\n|upkeep\n|turn|7\n|\n|t:|1783795319\n|move|p1a: Zamazenta|Crunch|p2a: Cresselia\n|-supereffective|p2a: Cresselia\n|-damage|p2a: Cresselia|56/100\n|move|p2a: Cresselia|Trick Room|p2a: Cresselia\n|-fieldstart|move: Trick Room|[of] p2a: Cresselia\n|\n|upkeep\n|turn|8\n|\n|t:|1783795328\n|move|p2a: Cresselia|Lunar Dance|p2a: Cresselia\n|faint|p2a: Cresselia\n|move|p1a: Zamazenta|Howl|p1a: Zamazenta\n|-boost|p1a: Zamazenta|atk|1\n|\n|upkeep\n|\n|t:|1783795340\n|switch|p2a: Reuniclus|Reuniclus, F|100/100\n|turn|9\n|\n|t:|1783795344\n|move|p2a: Reuniclus|Psychic|p1a: Zamazenta\n|-supereffective|p1a: Zamazenta\n|-damage|p1a: Zamazenta|0 fnt\n|faint|p1a: Zamazenta\n|\n|upkeep\n|\n|t:|1783795349\n|switch|p1a: Samurott|Samurott-Hisui, M|100/100\n|turn|10\n|\n|t:|1783795363\n|move|p2a: Reuniclus|Focus Blast|p1a: Samurott\n|-supereffective|p1a: Samurott\n|-damage|p1a: Samurott|28/100\n|move|p1a: Samurott|Ceaseless Edge|p2a: Reuniclus\n|-supereffective|p2a: Reuniclus\n|-damage|p2a: Reuniclus|34/100\n|-sidestart|p2: Scce|Spikes\n|\n|upkeep\n|turn|11\n|\n|t:|1783795372\n|move|p2a: Reuniclus|Thunder|p1a: Samurott\n|-supereffective|p1a: Samurott\n|-damage|p1a: Samurott|0 fnt\n|faint|p1a: Samurott\n|\n|-fieldend|move: Trick Room\n|upkeep\n|\n|t:|1783795388\n|switch|p1a: Cresselia|Cresselia, F|100/100\n|turn|12\n|c|☆H0N3R|Gg\n|\n|t:|1783795401\n|move|p1a: Cresselia|Calm Mind|p1a: Cresselia\n|-boost|p1a: Cresselia|spa|1\n|-boost|p1a: Cresselia|spd|1\n|move|p2a: Reuniclus|Shadow Ball|p1a: Cresselia\n|-supereffective|p1a: Cresselia\n|-damage|p1a: Cresselia|71/100\n|\n|-heal|p1a: Cresselia|77/100|[from] item: Leftovers\n|upkeep\n|turn|13\n|\n|t:|1783795413\n|-terastallize|p1a: Cresselia|Electric\n|move|p1a: Cresselia|Calm Mind|p1a: Cresselia\n|-boost|p1a: Cresselia|spa|1\n|-boost|p1a: Cresselia|spd|1\n|move|p2a: Reuniclus|Shadow Ball|p1a: Cresselia\n|-damage|p1a: Cresselia|64/100\n|\n|-heal|p1a: Cresselia|70/100|[from] item: Leftovers\n|upkeep\n|turn|14\n|\n|t:|1783795424\n|switch|p2a: Diancie|Diancie|100/100\n|-damage|p2a: Diancie|84/100|[from] Spikes\n|move|p1a: Cresselia|Calm Mind|p1a: Cresselia\n|-boost|p1a: Cresselia|spa|1\n|-boost|p1a: Cresselia|spd|1\n|\n|-heal|p1a: Cresselia|76/100|[from] item: Leftovers\n|upkeep\n|turn|15\n|\n|t:|1783795434\n|move|p1a: Cresselia|Ice Beam|p2a: Diancie\n|-damage|p2a: Diancie|52/100\n|move|p2a: Diancie|Trick Room|p2a: Diancie\n|-fieldstart|move: Trick Room|[of] p2a: Diancie\n|\n|-heal|p1a: Cresselia|82/100|[from] item: Leftovers\n|upkeep\n|turn|16\n|\n|t:|1783795451\n|switch|p2a: Conkeldurr|Conkeldurr, F, shiny|88/100 brn\n|-heal|p2a: Conkeldurr|100/100|[from] move: Lunar Dance\n|-damage|p2a: Conkeldurr|84/100|[from] Spikes\n|move|p1a: Cresselia|Ice Beam|p2a: Conkeldurr\n|-damage|p2a: Conkeldurr|41/100\n|\n|-heal|p1a: Cresselia|89/100|[from] item: Leftovers\n|-status|p2a: Conkeldurr|brn|[from] item: Flame Orb\n|upkeep\n|turn|17\n|\n|t:|1783795468\n|-terastallize|p2a: Conkeldurr|Normal\n|move|p2a: Conkeldurr|Facade|p1a: Cresselia\n|-damage|p1a: Cresselia|18/100\n|move|p1a: Cresselia|Ice Beam|p2a: Conkeldurr\n|-damage|p2a: Conkeldurr|0 fnt\n|faint|p2a: Conkeldurr\n|\n|-heal|p1a: Cresselia|24/100|[from] item: Leftovers\n|upkeep\n|\n|t:|1783795489\n|switch|p2a: Torterra|Torterra, F, shiny|100/100\n|-damage|p2a: Torterra|84/100|[from] Spikes\n|turn|18\n|\n|t:|1783795495\n|move|p2a: Torterra|Wood Hammer|p1a: Cresselia\n|-damage|p1a: Cresselia|0 fnt\n|faint|p1a: Cresselia\n|-damage|p2a: Torterra|74/100|[from] Recoil\n|\n|upkeep\n|\n|t:|1783795507\n|switch|p1a: Kyurem|Kyurem|100/100\n|-ability|p1a: Kyurem|Pressure\n|turn|19\n|\n|t:|1783795532\n|move|p2a: Torterra|Stone Edge|p1a: Kyurem\n|-supereffective|p1a: Kyurem\n|-damage|p1a: Kyurem|55/100\n|move|p1a: Kyurem|Substitute|p1a: Kyurem\n|-start|p1a: Kyurem|Substitute\n|-damage|p1a: Kyurem|30/100\n|\n|-heal|p1a: Kyurem|36/100|[from] item: Leftovers\n|-fieldend|move: Trick Room\n|upkeep\n|turn|20\n|\n|t:|1783795542\n|move|p1a: Kyurem|Freeze-Dry|p2a: Torterra\n|-supereffective|p2a: Torterra\n|-damage|p2a: Torterra|0 fnt\n|faint|p2a: Torterra\n|\n|-heal|p1a: Kyurem|43/100|[from] item: Leftovers\n|upkeep\n|\n|t:|1783795545\n|switch|p2a: Diancie|Diancie|52/100\n|-damage|p2a: Diancie|36/100|[from] Spikes\n|turn|21\n|\n|t:|1783795555\n|move|p1a: Kyurem|Earth Power|p2a: Diancie\n|-supereffective|p2a: Diancie\n|-damage|p2a: Diancie|0 fnt\n|faint|p2a: Diancie\n|\n|-heal|p1a: Kyurem|49/100|[from] item: Leftovers\n|upkeep\n|-message|Scce forfeited.\n|\n|win|H0N3R\n|raw|H0N3R's rating: 1467 &rarr; <strong>1485</strong><br />(+18 for winning)\n|raw|Scce's rating: 1433 &rarr; <strong>1415</strong><br />(-18 for losing)\n|l|☆Scce\n|player|p2|\n", "uploadtime": 1783795707, "views": 5, "formatid": "gen9ou", "rating": 1415, "private": 0, "password": null}