{"id": "gen9ou-2639962540", "format": "[Gen 9] OU", "players": ["magikarp soup", "choispecs ironmoth"], "log": "|j|☆magikarp soup\n|j|☆choispecs ironmoth\n|t:|1782553404\n|gametype|singles\n|player|p1|magikarp soup|medium|1707\n|player|p2|choispecs ironmoth|steven|1748\n|gen|9\n|tier|[Gen 9] OU\n|rated|\n|rule|HP Percentage Mod: HP is shown in percentages\n|rule|Endless Battle Clause: Forcing endless battles is banned\n|rule|Species Clause: Limit one of each Pokémon\n|rule|OHKO Clause: OHKO moves are banned\n|rule|Evasion Items Clause: Evasion items are banned\n|rule|Evasion Moves Clause: Evasion moves are banned\n|rule|Evasion Abilities Clause: Evasion abilities are banned\n|rule|Sleep Moves Clause: Sleep-inducing moves are banned\n|clearpoke\n|poke|p1|Landorus-Therian, M|\n|poke|p1|Gholdengo|\n|poke|p1|Samurott-Hisui, F|\n|poke|p1|Deoxys-Speed|\n|poke|p1|Zamazenta-*|\n|poke|p1|Pecharunt|\n|poke|p2|Zamazenta-*|\n|poke|p2|Volcanion|\n|poke|p2|Ting-Lu|\n|poke|p2|Corviknight, M|\n|poke|p2|Hatterene, F|\n|poke|p2|Slowking-Galar, M|\n|teampreview\n|j| bunniiiiiis\n|l| bunniiiiiis\n|j| MissBeckett\n|l| MissBeckett\n|\n|t:|1782553437\n|teamsize|p1|6\n|teamsize|p2|6\n|start\n|switch|p1a: Landorus|Landorus-Therian, M|100/100\n|switch|p2a: Hatterene|Hatterene, F|100/100\n|-ability|p1a: Landorus|Intimidate|boost\n|-unboost|p2a: Hatterene|atk|1\n|turn|1\n|\n|t:|1782553442\n|move|p1a: Landorus|Nasty Plot|p1a: Landorus\n|-boost|p1a: Landorus|spa|2\n|move|p2a: Hatterene|Draining Kiss|p1a: Landorus\n|-damage|p1a: Landorus|71/100\n|\n|upkeep\n|turn|2\n|\n|t:|1782553449\n|switch|p2a: Corviknight|Corviknight, M|100/100\n|-ability|p2a: Corviknight|Pressure\n|move|p1a: Landorus|Earth Power|p2a: Corviknight\n|-immune|p2a: Corviknight\n|\n|upkeep\n|turn|3\n|\n|t:|1782553452\n|move|p1a: Landorus|Stealth Rock|p2a: Corviknight\n|-sidestart|p2: choispecs ironmoth|move: Stealth Rock\n|move|p2a: Corviknight|Iron Defense|p2a: Corviknight\n|-boost|p2a: Corviknight|def|2\n|\n|upkeep\n|turn|4\n|\n|t:|1782553459\n|switch|p1a: Gholdengo|Gholdengo|100/100\n|move|p2a: Corviknight|Body Press|p1a: Gholdengo\n|-immune|p1a: Gholdengo\n|\n|upkeep\n|turn|5\n|\n|t:|1782553471\n|switch|p1a: Samurott|Samurott-Hisui, F|100/100\n|switch|p2a: Slowking|Slowking-Galar, M|100/100\n|-damage|p2a: Slowking|88/100|[from] Stealth Rock\n|\n|-heal|p2a: Slowking|94/100|[from] item: Black Sludge\n|upkeep\n|turn|6\n|\n|t:|1782553476\n|switch|p2a: Zamazenta|Zamazenta|100/100\n|-damage|p2a: Zamazenta|94/100|[from] Stealth Rock\n|-ability|p2a: Zamazenta|Dauntless Shield|boost\n|-boost|p2a: Zamazenta|def|1\n|move|p1a: Samurott|Knock Off|p2a: Zamazenta\n|-resisted|p2a: Zamazenta\n|-damage|p2a: Zamazenta|82/100\n|-enditem|p2a: Zamazenta|Choice Band|[from] move: Knock Off|[of] p1a: Samurott\n|\n|upkeep\n|turn|7\n|\n|t:|1782553479\n|switch|p1a: Pecharunt|Pecharunt|100/100\n|-terastallize|p2a: Zamazenta|Dark\n|move|p2a: Zamazenta|Crunch|p1a: Pecharunt\n|-supereffective|p1a: Pecharunt\n|-damage|p1a: Pecharunt|61/100\n|\n|upkeep\n|turn|8\n|\n|t:|1782553482\n|move|p2a: Zamazenta|Crunch|p1a: Pecharunt\n|-supereffective|p1a: Pecharunt\n|-damage|p1a: Pecharunt|23/100\n|-unboost|p1a: Pecharunt|def|1\n|move|p1a: Pecharunt|Recover|p1a: Pecharunt\n|-heal|p1a: Pecharunt|73/100\n|\n|upkeep\n|turn|9\n|\n|t:|1782553486\n|switch|p1a: Landorus|Landorus-Therian, M|71/100\n|-ability|p1a: Landorus|Intimidate|boost\n|-unboost|p2a: Zamazenta|atk|1\n|move|p2a: Zamazenta|Crunch|p1a: Landorus\n|-damage|p1a: Landorus|37/100\n|-unboost|p1a: Landorus|def|1\n|\n|upkeep\n|turn|10\n|\n|t:|1782553495\n|switch|p2a: Hatterene|Hatterene, F|100/100\n|-damage|p2a: Hatterene|88/100|[from] Stealth Rock\n|switch|p1a: Pecharunt|Pecharunt|73/100\n|\n|upkeep\n|turn|11\n|\n|t:|1782553502\n|switch|p2a: Slowking|Slowking-Galar, M|100/100\n|-damage|p2a: Slowking|88/100|[from] Stealth Rock\n|move|p1a: Pecharunt|Parting Shot|p2a: Slowking\n|-unboost|p2a: Slowking|atk|1\n|-unboost|p2a: Slowking|spa|1\n|\n|t:|1782553504\n|switch|p1a: Samurott|Samurott-Hisui, F|100/100|[from] Parting Shot\n|\n|-heal|p2a: Slowking|94/100|[from] item: Black Sludge\n|upkeep\n|turn|12\n|\n|t:|1782553509\n|switch|p2a: Zamazenta|Zamazenta, tera:Dark|82/100\n|-damage|p2a: Zamazenta|70/100|[from] Stealth Rock\n|move|p1a: Samurott|Ceaseless Edge|p2a: Zamazenta\n|-resisted|p2a: Zamazenta\n|-damage|p2a: Zamazenta|49/100\n|-sidestart|p2: choispecs ironmoth|Spikes\n|\n|upkeep\n|turn|13\n|\n|t:|1782553514\n|switch|p1a: Landorus|Landorus-Therian, M|37/100\n|-ability|p1a: Landorus|Intimidate|boost\n|-unboost|p2a: Zamazenta|atk|1\n|move|p2a: Zamazenta|Close Combat|p1a: Landorus\n|-resisted|p1a: Landorus\n|-damage|p1a: Landorus|10/100\n|-unboost|p2a: Zamazenta|def|1\n|-unboost|p2a: Zamazenta|spd|1\n|\n|upkeep\n|turn|14\n|\n|t:|1782553520\n|switch|p1a: Pecharunt|Pecharunt|73/100\n|move|p2a: Zamazenta|Crunch|p1a: Pecharunt\n|-supereffective|p1a: Pecharunt\n|-crit|p1a: Pecharunt\n|-damage|p1a: Pecharunt|14/100\n|-unboost|p1a: Pecharunt|def|1\n|\n|upkeep\n|turn|15\n|\n|t:|1782553530\n|switch|p1a: Landorus|Landorus-Therian, M|10/100\n|-ability|p1a: Landorus|Intimidate|boost\n|-unboost|p2a: Zamazenta|atk|1\n|move|p2a: Zamazenta|Crunch|p1a: Landorus\n|-damage|p1a: Landorus|0 fnt\n|faint|p1a: Landorus\n|\n|upkeep\n|\n|t:|1782553534\n|switch|p1a: Zamazenta|Zamazenta|100/100\n|-ability|p1a: Zamazenta|Dauntless Shield|boost\n|-boost|p1a: Zamazenta|def|1\n|turn|16\n|\n|t:|1782553538\n|switch|p2a: Slowking|Slowking-Galar, M|100/100\n|-damage|p2a: Slowking|88/100|[from] Stealth Rock\n|-damage|p2a: Slowking|76/100|[from] Spikes\n|move|p1a: Zamazenta|Howl|p1a: Zamazenta\n|-boost|p1a: Zamazenta|atk|1\n|\n|-heal|p2a: Slowking|82/100|[from] item: Black Sludge\n|upkeep\n|turn|17\n|\n|t:|1782553543\n|move|p1a: Zamazenta|Howl|p1a: Zamazenta\n|-boost|p1a: Zamazenta|atk|1\n|move|p2a: Slowking|Trick|p1a: Zamazenta\n|-activate|p2a: Slowking|move: Trick|[of] p1a: Zamazenta\n|-item|p1a: Zamazenta|Black Sludge|[from] move: Trick\n|-item|p2a: Slowking|Life Orb|[from] move: Trick\n|\n|-damage|p1a: Zamazenta|88/100|[from] item: Black Sludge\n|upkeep\n|turn|18\n|inactive|Battle timer is ON: inactive players will automatically lose when time's up. (requested by choispecs ironmoth)\n|\n|t:|1782553551\n|switch|p2a: Corviknight|Corviknight, M|100/100\n|-damage|p2a: Corviknight|88/100|[from] Stealth Rock\n|-ability|p2a: Corviknight|Pressure\n|move|p1a: Zamazenta|Howl|p1a: Zamazenta\n|-boost|p1a: Zamazenta|atk|1\n|\n|-damage|p1a: Zamazenta|76/100|[from] item: Black Sludge\n|upkeep\n|turn|19\n|\n|t:|1782553554\n|move|p1a: Zamazenta|Close Combat|p2a: Corviknight\n|-damage|p2a: Corviknight|0 fnt\n|-unboost|p1a: Zamazenta|def|1\n|-unboost|p1a: Zamazenta|spd|1\n|-damage|p1a: Zamazenta|59/100|[from] item: Rocky Helmet|[of] p2a: Corviknight\n|faint|p2a: Corviknight\n|\n|-damage|p1a: Zamazenta|47/100|[from] item: Black Sludge\n|upkeep\n|\n|t:|1782553558\n|switch|p2a: Hatterene|Hatterene, F|88/100\n|-damage|p2a: Hatterene|76/100|[from] Stealth Rock\n|-damage|p2a: Hatterene|64/100|[from] Spikes\n|turn|20\n|\n|t:|1782553562\n|move|p1a: Zamazenta|Crunch|p2a: Hatterene\n|-damage|p2a: Hatterene|3/100\n|-damage|p1a: Zamazenta|31/100|[from] item: Rocky Helmet|[of] p2a: Hatterene\n|move|p2a: Hatterene|Nuzzle|p1a: Zamazenta\n|-damage|p1a: Zamazenta|26/100\n|-status|p1a: Zamazenta|par\n|\n|-damage|p1a: Zamazenta|14/100 par|[from] item: Black Sludge\n|upkeep\n|turn|21\n|\n|t:|1782553573\n|cant|p1a: Zamazenta|par\n|move|p2a: Hatterene|Draining Kiss|p1a: Zamazenta\n|-supereffective|p1a: Zamazenta\n|-damage|p1a: Zamazenta|0 fnt\n|-heal|p2a: Hatterene|13/100|[from] drain|[of] p1a: Zamazenta\n|faint|p1a: Zamazenta\n|\n|upkeep\n|\n|t:|1782553576\n|switch|p1a: Samurott|Samurott-Hisui, F|100/100\n|turn|22\n|\n|t:|1782553579\n|move|p1a: Samurott|Ceaseless Edge|p2a: Hatterene\n|-damage|p2a: Hatterene|0 fnt\n|-damage|p1a: Samurott|84/100|[from] item: Rocky Helmet|[of] p2a: Hatterene\n|-sidestart|p2: choispecs ironmoth|Spikes\n|faint|p2a: Hatterene\n|\n|upkeep\n|\n|t:|1782553582\n|switch|p2a: Zamazenta|Zamazenta, tera:Dark|49/100\n|-damage|p2a: Zamazenta|37/100|[from] Stealth Rock\n|-damage|p2a: Zamazenta|20/100|[from] Spikes\n|turn|23\n|\n|t:|1782553586\n|switch|p1a: Pecharunt|Pecharunt|14/100\n|move|p2a: Zamazenta|Close Combat|p1a: Pecharunt\n|-immune|p1a: Pecharunt\n|\n|upkeep\n|turn|24\n|\n|t:|1782553588\n|move|p2a: Zamazenta|Crunch|p1a: Pecharunt\n|-supereffective|p1a: Pecharunt\n|-damage|p1a: Pecharunt|0 fnt\n|faint|p1a: Pecharunt\n|\n|upkeep\n|\n|t:|1782553590\n|switch|p1a: Deoxys|Deoxys-Speed|100/100\n|-ability|p1a: Deoxys|Pressure\n|turn|25\n|\n|t:|1782553594\n|switch|p2a: Slowking|Slowking-Galar, M|100/100\n|-damage|p2a: Slowking|88/100|[from] Stealth Rock\n|-damage|p2a: Slowking|72/100|[from] Spikes\n|move|p1a: Deoxys|Superpower|p2a: Slowking\n|-resisted|p2a: Slowking\n|-damage|p2a: Slowking|63/100\n|-unboost|p1a: Deoxys|atk|1\n|-unboost|p1a: Deoxys|def|1\n|-damage|p1a: Deoxys|91/100|[from] item: Life Orb\n|\n|upkeep\n|turn|26\n|\n|t:|1782553598\n|move|p1a: Deoxys|Knock Off|p2a: Slowking\n|-supereffective|p2a: Slowking\n|-crit|p2a: Slowking\n|-damage|p2a: Slowking|0 fnt\n|-enditem|p2a: Slowking|Life Orb|[from] move: Knock Off|[of] p1a: Deoxys\n|faint|p2a: Slowking\n|-damage|p1a: Deoxys|81/100|[from] item: Life Orb\n|\n|upkeep\n|\n|t:|1782553605\n|switch|p2a: Ting-Lu|Ting-Lu|100/100\n|-damage|p2a: Ting-Lu|94/100|[from] Stealth Rock\n|-damage|p2a: Ting-Lu|78/100|[from] Spikes\n|-ability|p2a: Ting-Lu|Vessel of Ruin\n|turn|27\n|\n|t:|1782553612\n|move|p1a: Deoxys|Knock Off|p2a: Ting-Lu\n|-resisted|p2a: Ting-Lu\n|-damage|p2a: Ting-Lu|72/100\n|-enditem|p2a: Ting-Lu|Leftovers|[from] move: Knock Off|[of] p1a: Deoxys\n|-damage|p1a: Deoxys|71/100|[from] item: Life Orb\n|move|p2a: Ting-Lu|Earthquake|p1a: Deoxys\n|-damage|p1a: Deoxys|0 fnt\n|faint|p1a: Deoxys\n|\n|upkeep\n|\n|t:|1782553617\n|switch|p1a: Samurott|Samurott-Hisui, F|84/100\n|turn|28\n|\n|t:|1782553620\n|switch|p2a: Zamazenta|Zamazenta, tera:Dark|20/100\n|-damage|p2a: Zamazenta|8/100|[from] Stealth Rock\n|-damage|p2a: Zamazenta|0 fnt|[from] Spikes\n|faint|p2a: Zamazenta\n|move|p1a: Samurott|Flip Turn|p2: Zamazenta|[notarget]\n|-fail|p1a: Samurott\n|\n|upkeep\n|\n|t:|1782553624\n|switch|p2a: Volcanion|Volcanion|100/100\n|-damage|p2a: Volcanion|76/100|[from] Stealth Rock\n|-damage|p2a: Volcanion|59/100|[from] Spikes\n|turn|29\n|\n|t:|1782553627\n|move|p1a: Samurott|Knock Off|p2a: Volcanion\n|-damage|p2a: Volcanion|26/100\n|-enditem|p2a: Volcanion|Choice Specs|[from] move: Knock Off|[of] p1a: Samurott\n|move|p2a: Volcanion|Sludge Wave|p1a: Samurott\n|-damage|p1a: Samurott|58/100\n|\n|upkeep\n|turn|30\n|\n|t:|1782553634\n|move|p1a: Samurott|Ceaseless Edge|p2a: Volcanion\n|-damage|p2a: Volcanion|0 fnt\n|-sidestart|p2: choispecs ironmoth|Spikes\n|faint|p2a: Volcanion\n|\n|upkeep\n|-message|choispecs ironmoth forfeited.\n|\n|win|magikarp soup\n|raw|magikarp soup's rating: 1707 &rarr; <strong>1729</strong><br />(+22 for winning)\n|raw|choispecs ironmoth's rating: 1748 &rarr; <strong>1726</strong><br />(-22 for losing)\n|l|☆choispecs ironmoth\n|player|p2|\n|l|☆magikarp soup\n|player|p1|\n", "uploadtime": 1782553866, "views": 11, "formatid": "gen9ou", "rating": 1726, "private": 0, "password": null}