{"id": "gen9ou-2639919812", "format": "[Gen 9] OU", "players": ["JustNguyen144", "suprya"], "log": "|badge|p2|bronze|gen9ou|100-9\n|html|<div class=\"broadcast-red\"><strong>This battle is required to be public due to one or more player having a season medal.</strong><br />During the public phase, you can discuss the state of the ladder <a href=\"/seasondiscussion\">in a special chatroom.</a></div>\n|uhtml|medal-msg|<div class=\"broadcast-blue\">Curious what those medals under the avatar are? PS now has Ladder Seasons! For more information, check out the <a href=\"https://www.smogon.com/forums/threads/3740067/\">thread on Smogon.</a></div>\n|raw|<div class=\"broadcast-blue\"><strong>This battle is required to be public due to a player having a name starting with 'medal'.</div>\n|j|☆JustNguyen144\n|j|☆suprya\n|t:|1782543521\n|gametype|singles\n|player|p1|JustNguyen144|170|1661\n|player|p2|suprya|clown|1675\n|gen|9\n|tier|[Gen 9] OU\n|rated|\n|rule|HP Percentage Mod: HP is shown in percentages\n|rule|Endless Battle Clause: Forcing endless battles is banned\n|rule|Species Clause: Limit one of each Pokémon\n|rule|OHKO Clause: OHKO moves are banned\n|rule|Evasion Items Clause: Evasion items are banned\n|rule|Evasion Moves Clause: Evasion moves are banned\n|rule|Evasion Abilities Clause: Evasion abilities are banned\n|rule|Sleep Moves Clause: Sleep-inducing moves are banned\n|clearpoke\n|poke|p1|Empoleon, F|\n|poke|p1|Great Tusk|\n|poke|p1|Walking Wake|\n|poke|p1|Dragapult, M|\n|poke|p1|Ting-Lu|\n|poke|p1|Pecharunt|\n|poke|p2|Pelipper, F|\n|poke|p2|Hydrapple, F|\n|poke|p2|Iron Treads|\n|poke|p2|Gholdengo|\n|poke|p2|Greninja-*, M|\n|poke|p2|Iron Hands|\n|teampreview\n|inactive|Battle timer is ON: inactive players will automatically lose when time's up. (requested by suprya)\n|\n|t:|1782543543\n|teamsize|p1|6\n|teamsize|p2|6\n|start\n|switch|p1a: Dragapult|Dragapult, M|100/100\n|switch|p2a: Hydrapple|Hydrapple, F|100/100\n|turn|1\n|\n|t:|1782543557\n|move|p1a: Dragapult|U-turn|p2a: Hydrapple\n|-supereffective|p2a: Hydrapple\n|-damage|p2a: Hydrapple|60/100\n|-damage|p1a: Dragapult|84/100|[from] item: Rocky Helmet|[of] p2a: Hydrapple\n|\n|t:|1782543565\n|switch|p1a: Empoleon|Empoleon, F|100/100|[from] U-turn\n|move|p2a: Hydrapple|Fickle Beam|p1a: Empoleon|[anim] Fickle Beam All Out\n|-activate|p2a: Hydrapple|move: Fickle Beam\n|-resisted|p1a: Empoleon\n|-damage|p1a: Empoleon|80/100\n|\n|-heal|p1a: Empoleon|86/100|[from] item: Leftovers\n|upkeep\n|turn|2\n|\n|t:|1782543572\n|switch|p2a: Iron Hands|Iron Hands|100/100\n|move|p1a: Empoleon|Stealth Rock|p2a: Iron Hands\n|-sidestart|p2: suprya|move: Stealth Rock\n|\n|-heal|p1a: Empoleon|92/100|[from] item: Leftovers\n|upkeep\n|turn|3\n|\n|t:|1782543585\n|-end|p2a: Iron Hands|Quark Drive|[silent]\n|switch|p2a: Iron Treads|Iron Treads|100/100\n|-damage|p2a: Iron Treads|98/100|[from] Stealth Rock\n|switch|p1a: Pecharunt|Pecharunt|100/100\n|\n|-heal|p2a: Iron Treads|100/100|[from] item: Leftovers\n|upkeep\n|turn|4\n|\n|t:|1782543597\n|move|p2a: Iron Treads|Knock Off|p1a: Pecharunt\n|-supereffective|p1a: Pecharunt\n|-damage|p1a: Pecharunt|76/100\n|-enditem|p1a: Pecharunt|Heavy-Duty Boots|[from] move: Knock Off|[of] p2a: Iron Treads\n|move|p1a: Pecharunt|Nasty Plot|p1a: Pecharunt\n|-boost|p1a: Pecharunt|spa|2\n|\n|upkeep\n|turn|5\n|\n|t:|1782543604\n|move|p2a: Iron Treads|Earthquake|p1a: Pecharunt\n|-supereffective|p1a: Pecharunt\n|-damage|p1a: Pecharunt|39/100\n|move|p1a: Pecharunt|Recover|p1a: Pecharunt\n|-heal|p1a: Pecharunt|89/100\n|\n|upkeep\n|turn|6\n|\n|t:|1782543613\n|-terastallize|p1a: Pecharunt|Ghost\n|move|p2a: Iron Treads|Earthquake|p1a: Pecharunt\n|-damage|p1a: Pecharunt|70/100\n|move|p1a: Pecharunt|Shadow Ball|p2a: Iron Treads\n|-damage|p2a: Iron Treads|38/100\n|\n|-heal|p2a: Iron Treads|44/100|[from] item: Leftovers\n|upkeep\n|turn|7\n|\n|t:|1782543635\n|-end|p2a: Iron Treads|Quark Drive|[silent]\n|switch|p2a: Greninja|Greninja, M|100/100\n|-damage|p2a: Greninja|88/100|[from] Stealth Rock\n|move|p1a: Pecharunt|Recover|p1a: Pecharunt\n|-heal|p1a: Pecharunt|100/100\n|\n|upkeep\n|turn|8\n|\n|t:|1782543645\n|switch|p1a: Empoleon|Empoleon, F|92/100\n|move|p2a: Greninja|Dark Pulse|p1a: Empoleon\n|-damage|p1a: Empoleon|67/100\n|\n|-heal|p1a: Empoleon|73/100|[from] item: Leftovers\n|upkeep\n|turn|9\n|\n|t:|1782543652\n|move|p2a: Greninja|Spikes|p1a: Empoleon\n|-sidestart|p1: JustNguyen144|Spikes\n|move|p1a: Empoleon|Roost|p1a: Empoleon\n|-heal|p1a: Empoleon|100/100\n|-singleturn|p1a: Empoleon|move: Roost\n|\n|upkeep\n|turn|10\n|\n|t:|1782543670\n|switch|p2a: Iron Hands|Iron Hands|100/100\n|-damage|p2a: Iron Hands|94/100|[from] Stealth Rock\n|move|p1a: Empoleon|Flip Turn|p2a: Iron Hands\n|-damage|p2a: Iron Hands|82/100\n|\n|t:|1782543690\n|switch|p1a: Great Tusk|Great Tusk|100/100|[from] Flip Turn\n|\n|upkeep\n|turn|11\n|\n|t:|1782543698\n|-end|p2a: Iron Hands|Quark Drive|[silent]\n|switch|p2a: Pelipper|Pelipper, F|100/100\n|-weather|RainDance|[from] ability: Drizzle|[of] p2a: Pelipper\n|move|p1a: Great Tusk|Rapid Spin|p2a: Pelipper\n|-damage|p2a: Pelipper|86/100\n|-boost|p1a: Great Tusk|spe|1\n|-sideend|p1: JustNguyen144|Spikes|[from] move: Rapid Spin|[of] p1a: Great Tusk\n|\n|-weather|RainDance|[upkeep]\n|upkeep\n|turn|12\n|-message|suprya forfeited.\n|\n|win|JustNguyen144\n|raw|JustNguyen144's rating: 1661 &rarr; <strong>1682</strong><br />(+21 for winning)\n|raw|suprya's rating: 1675 &rarr; <strong>1654</strong><br />(-21 for losing)\n|l|☆suprya\n|player|p2|\n|l|☆JustNguyen144\n|player|p1|\n", "uploadtime": 1782543882, "views": 12, "formatid": "gen9ou", "rating": 1654, "private": 0, "password": null}