{"id": "gen9ou-2540641359", "format": "[Gen 9] OU", "players": ["Sparrow's Grace", "I-fear-the-weak"], "log": "|j|☆Sparrow's Grace\n|j|☆I-fear-the-weak\n|t:|1771232588\n|gametype|singles\n|player|p1|Sparrow's Grace|miku-flying|1655\n|player|p2|I-fear-the-weak|169|1574\n|gen|9\n|tier|[Gen 9] OU\n|rated|\n|rule|HP Percentage Mod: HP is shown in percentages\n|rule|Endless Battle Clause: Forcing endless battles is banned\n|rule|Species Clause: Limit one of each Pokémon\n|rule|OHKO Clause: OHKO moves are banned\n|rule|Evasion Items Clause: Evasion items are banned\n|rule|Evasion Moves Clause: Evasion moves are banned\n|rule|Evasion Abilities Clause: Evasion abilities are banned\n|rule|Sleep Moves Clause: Sleep-inducing moves are banned\n|clearpoke\n|poke|p1|Kingambit, F|\n|poke|p1|Iron Moth|\n|poke|p1|Great Tusk|\n|poke|p1|Dragapult, F|\n|poke|p1|Ogerpon-Wellspring, F|\n|poke|p1|Ting-Lu|\n|poke|p2|Hoopa-Unbound|\n|poke|p2|Great Tusk|\n|poke|p2|Darkrai|\n|poke|p2|Primarina, M|\n|poke|p2|Pecharunt|\n|poke|p2|Dragapult, F|\n|teampreview\n|inactive|Battle timer is ON: inactive players will automatically lose when time's up. (requested by I-fear-the-weak)\n|\n|t:|1771232605\n|teamsize|p1|6\n|teamsize|p2|6\n|start\n|switch|p1a: Dragapult|Dragapult, F|100/100\n|switch|p2a: Darkrai|Darkrai|100/100\n|turn|1\n|\n|t:|1771232608\n|switch|p1a: Ting-Lu|Ting-Lu|100/100\n|-ability|p1a: Ting-Lu|Vessel of Ruin\n|switch|p2a: Primarina|Primarina, M|100/100\n|\n|upkeep\n|turn|2\n|\n|t:|1771232613\n|move|p2a: Primarina|Substitute|p2a: Primarina\n|-start|p2a: Primarina|Substitute\n|-damage|p2a: Primarina|75/100\n|move|p1a: Ting-Lu|Stealth Rock|p2a: Primarina\n|-sidestart|p2: I-fear-the-weak|move: Stealth Rock\n|\n|-heal|p2a: Primarina|82/100|[from] item: Leftovers\n|upkeep\n|turn|3\n|j| STYROFOAMS & MULAH\n|j| Samurajen\n|\n|t:|1771232632\n|move|p2a: Primarina|Psychic Noise|p1a: Ting-Lu\n|-supereffective|p1a: Ting-Lu\n|-damage|p1a: Ting-Lu|77/100\n|-start|p1a: Ting-Lu|move: Heal Block\n|move|p1a: Ting-Lu|Whirlwind|p2a: Primarina\n|drag|p2a: Dragapult|Dragapult, F|100/100\n|\n|upkeep\n|turn|4\n|\n|t:|1771232642\n|move|p2a: Dragapult|Will-O-Wisp|p1a: Ting-Lu\n|-status|p1a: Ting-Lu|brn\n|move|p1a: Ting-Lu|Ruination|p2a: Dragapult\n|-damage|p2a: Dragapult|51/100\n|\n|-damage|p1a: Ting-Lu|71/100 brn|[from] brn\n|-end|p1a: Ting-Lu|move: Heal Block\n|upkeep\n|turn|5\n|\n|t:|1771232649\n|move|p2a: Dragapult|U-turn|p1a: Ting-Lu\n|-supereffective|p1a: Ting-Lu\n|-damage|p1a: Ting-Lu|49/100 brn\n|-damage|p2a: Dragapult|34/100|[from] item: Rocky Helmet|[of] p1a: Ting-Lu\n|\n|t:|1771232655\n|switch|p2a: Primarina|Primarina, M|82/100|[from] U-turn\n|-damage|p2a: Primarina|69/100|[from] Stealth Rock\n|move|p1a: Ting-Lu|Whirlwind|p2a: Primarina\n|drag|p2a: Pecharunt|Pecharunt|100/100\n|\n|-damage|p1a: Ting-Lu|43/100 brn|[from] brn\n|upkeep\n|turn|6\n|\n|t:|1771232659\n|move|p2a: Pecharunt|Parting Shot|p1a: Ting-Lu\n|-unboost|p1a: Ting-Lu|atk|1\n|-unboost|p1a: Ting-Lu|spa|1\n|\n|t:|1771232663\n|switch|p2a: Primarina|Primarina, M|69/100|[from] Parting Shot\n|-damage|p2a: Primarina|57/100|[from] Stealth Rock\n|move|p1a: Ting-Lu|Ruination|p2a: Primarina\n|-damage|p2a: Primarina|29/100\n|\n|-heal|p2a: Primarina|35/100|[from] item: Leftovers\n|-damage|p1a: Ting-Lu|37/100 brn|[from] brn\n|upkeep\n|turn|7\n|\n|t:|1771232665\n|switch|p1a: Ogerpon|Ogerpon-Wellspring, F|100/100\n|move|p2a: Primarina|Psychic Noise|p1a: Ogerpon\n|-immune|p1a: Ogerpon|[from] ability: Water Absorb\n|\n|-heal|p2a: Primarina|41/100|[from] item: Leftovers\n|upkeep\n|turn|8\n|\n|t:|1771232670\n|move|p1a: Ogerpon|Encore|p2a: Primarina\n|-start|p2a: Primarina|Encore\n|move|p2a: Primarina|Psychic Noise|p1a: Ogerpon\n|-immune|p1a: Ogerpon|[from] ability: Water Absorb\n|\n|-heal|p2a: Primarina|47/100|[from] item: Leftovers\n|upkeep\n|turn|9\n|\n|t:|1771232674\n|switch|p2a: Pecharunt|Pecharunt|100/100\n|move|p1a: Ogerpon|Swords Dance|p1a: Ogerpon\n|-boost|p1a: Ogerpon|atk|2\n|\n|upkeep\n|turn|10\n|\n|t:|1771232681\n|move|p1a: Ogerpon|Ivy Cudgel|p2a: Pecharunt|[anim] Ivy Cudgel Water\n|-crit|p2a: Pecharunt\n|-damage|p2a: Pecharunt|2/100\n|move|p2a: Pecharunt|Malignant Chain|p1a: Ogerpon\n|-supereffective|p1a: Ogerpon\n|-damage|p1a: Ogerpon|3/100\n|-status|p1a: Ogerpon|tox\n|-start|p1a: Ogerpon|confusion|[from] ability: Poison Puppeteer|[of] p2a: Pecharunt\n|\n|-damage|p1a: Ogerpon|0 fnt|[from] psn\n|faint|p1a: Ogerpon\n|upkeep\n|\n|t:|1771232686\n|switch|p1a: Dragapult|Dragapult, F|100/100\n|turn|11\n|j| g89puu8pp\n|\n|t:|1771232699\n|move|p1a: Dragapult|U-turn|p2a: Pecharunt\n|-resisted|p2a: Pecharunt\n|-damage|p2a: Pecharunt|0 fnt\n|faint|p2a: Pecharunt\n|j| sheatraniac\n|l| sheatraniac\n|\n|t:|1771232715\n|switch|p1a: Great Tusk|Great Tusk|100/100|[from] U-turn\n|-enditem|p1a: Great Tusk|Booster Energy\n|-activate|p1a: Great Tusk|ability: Protosynthesis|[fromitem]\n|-start|p1a: Great Tusk|protosynthesisatk\n|\n|upkeep\n|\n|t:|1771232731\n|switch|p2a: Darkrai|Darkrai|100/100\n|-damage|p2a: Darkrai|88/100|[from] Stealth Rock\n|turn|12\n|\n|t:|1771232734\n|move|p2a: Darkrai|Ice Beam|p1a: Great Tusk\n|-supereffective|p1a: Great Tusk\n|-damage|p1a: Great Tusk|0 fnt\n|faint|p1a: Great Tusk\n|-end|p1a: Great Tusk|Protosynthesis|[silent]\n|\n|upkeep\n|\n|t:|1771232743\n|switch|p1a: Iron Moth|Iron Moth|100/100\n|-enditem|p1a: Iron Moth|Booster Energy\n|-activate|p1a: Iron Moth|ability: Quark Drive|[fromitem]\n|-start|p1a: Iron Moth|quarkdrivespe\n|turn|13\n|\n|t:|1771232772\n|switch|p2a: Hoopa|Hoopa-Unbound|100/100\n|-damage|p2a: Hoopa|88/100|[from] Stealth Rock\n|move|p1a: Iron Moth|Fiery Dance|p2a: Hoopa\n|-damage|p2a: Hoopa|67/100\n|\n|upkeep\n|turn|14\n|\n|t:|1771232779\n|-terastallize|p1a: Iron Moth|Steel\n|move|p1a: Iron Moth|Fiery Dance|p2a: Hoopa\n|-damage|p2a: Hoopa|46/100\n|move|p2a: Hoopa|Psychic Noise|p1a: Iron Moth\n|-resisted|p1a: Iron Moth\n|-damage|p1a: Iron Moth|77/100\n|-start|p1a: Iron Moth|move: Heal Block\n|\n|upkeep\n|turn|15\n|\n|t:|1771232792\n|move|p1a: Iron Moth|Fiery Dance|p2a: Hoopa\n|-damage|p2a: Hoopa|26/100\n|-boost|p1a: Iron Moth|spa|1\n|move|p2a: Hoopa|Drain Punch|p1a: Iron Moth\n|-supereffective|p1a: Iron Moth\n|-damage|p1a: Iron Moth|0 fnt\n|-heal|p2a: Hoopa|58/100|[from] drain|[of] p1a: Iron Moth\n|faint|p1a: Iron Moth\n|-end|p1a: Iron Moth|Quark Drive|[silent]\n|\n|upkeep\n|j| darkrat18\n|\n|t:|1771232799\n|switch|p1a: Dragapult|Dragapult, F|100/100\n|turn|16\n|\n|t:|1771232816\n|switch|p2a: Primarina|Primarina, M|47/100\n|-damage|p2a: Primarina|35/100|[from] Stealth Rock\n|move|p1a: Dragapult|U-turn|p2a: Primarina\n|-resisted|p2a: Primarina\n|-damage|p2a: Primarina|27/100\n|\n|t:|1771232819\n|switch|p1a: Kingambit|Kingambit, F|100/100|[from] U-turn\n|-activate|p1a: Kingambit|ability: Supreme Overlord\n|-start|p1a: Kingambit|fallen3|[silent]\n|-item|p1a: Kingambit|Air Balloon\n|\n|-heal|p2a: Primarina|33/100|[from] item: Leftovers\n|upkeep\n|turn|17\n|\n|t:|1771232825\n|move|p2a: Primarina|Draining Kiss|p1a: Kingambit\n|-damage|p1a: Kingambit|79/100\n|-heal|p2a: Primarina|51/100|[from] drain|[of] p1a: Kingambit\n|-enditem|p1a: Kingambit|Air Balloon\n|move|p1a: Kingambit|Iron Head|p2a: Primarina\n|-damage|p2a: Primarina|4/100\n|\n|-heal|p2a: Primarina|10/100|[from] item: Leftovers\n|upkeep\n|turn|18\n|\n|t:|1771232832\n|move|p2a: Primarina|Calm Mind|p2a: Primarina\n|-boost|p2a: Primarina|spa|1\n|-boost|p2a: Primarina|spd|1\n|move|p1a: Kingambit|Swords Dance|p1a: Kingambit\n|-boost|p1a: Kingambit|atk|2\n|\n|-heal|p2a: Primarina|16/100|[from] item: Leftovers\n|upkeep\n|turn|19\n|\n|t:|1771232835\n|move|p1a: Kingambit|Sucker Punch|p2a: Primarina\n|-resisted|p2a: Primarina\n|-damage|p2a: Primarina|0 fnt\n|faint|p2a: Primarina\n|\n|upkeep\n|\n|t:|1771232838\n|switch|p2a: Dragapult|Dragapult, F|34/100\n|turn|20\n|\n|t:|1771232842\n|move|p2a: Dragapult|Will-O-Wisp|p1a: Kingambit\n|-status|p1a: Kingambit|brn\n|move|p1a: Kingambit|Kowtow Cleave|p2a: Dragapult\n|-supereffective|p2a: Dragapult\n|-damage|p2a: Dragapult|0 fnt\n|faint|p2a: Dragapult\n|\n|-damage|p1a: Kingambit|73/100 brn|[from] brn\n|upkeep\n|\n|t:|1771232847\n|switch|p2a: Hoopa|Hoopa-Unbound|58/100\n|-damage|p2a: Hoopa|46/100|[from] Stealth Rock\n|turn|21\n|\n|t:|1771232851\n|-terastallize|p2a: Hoopa|Fairy\n|move|p1a: Kingambit|Sucker Punch|p2a: Hoopa\n|-resisted|p2a: Hoopa\n|-damage|p2a: Hoopa|21/100\n|move|p2a: Hoopa|Drain Punch|p1a: Kingambit\n|-supereffective|p1a: Kingambit\n|-damage|p1a: Kingambit|0 fnt\n|-heal|p2a: Hoopa|60/100|[from] drain|[of] p1a: Kingambit\n|faint|p1a: Kingambit\n|-end|p1a: Kingambit|fallen3|[silent]\n|\n|upkeep\n|\n|t:|1771232856\n|switch|p1a: Ting-Lu|Ting-Lu|37/100 brn\n|-ability|p1a: Ting-Lu|Vessel of Ruin\n|turn|22\n|\n|t:|1771232859\n|move|p2a: Hoopa|Drain Punch|p1a: Ting-Lu\n|-supereffective|p1a: Ting-Lu\n|-damage|p1a: Ting-Lu|8/100 brn\n|-heal|p2a: Hoopa|81/100|[from] drain|[of] p1a: Ting-Lu\n|-damage|p2a: Hoopa|64/100|[from] item: Rocky Helmet|[of] p1a: Ting-Lu\n|move|p1a: Ting-Lu|Ruination|p2a: Hoopa\n|-damage|p2a: Hoopa|32/100\n|\n|-damage|p1a: Ting-Lu|2/100 brn|[from] brn\n|upkeep\n|turn|23\n|\n|t:|1771232874\n|move|p2a: Hoopa|Drain Punch|p1a: Ting-Lu\n|-supereffective|p1a: Ting-Lu\n|-damage|p1a: Ting-Lu|0 fnt\n|-heal|p2a: Hoopa|34/100|[from] drain|[of] p1a: Ting-Lu\n|-damage|p2a: Hoopa|17/100|[from] item: Rocky Helmet|[of] p1a: Ting-Lu\n|faint|p1a: Ting-Lu\n|\n|upkeep\n|\n|t:|1771232877\n|switch|p1a: Dragapult|Dragapult, F|100/100\n|turn|24\n|\n|t:|1771232880\n|move|p1a: Dragapult|Shadow Ball|p2a: Hoopa\n|-damage|p2a: Hoopa|0 fnt\n|faint|p2a: Hoopa\n|\n|upkeep\n|\n|t:|1771232885\n|switch|p2a: Darkrai|Darkrai|88/100\n|-damage|p2a: Darkrai|76/100|[from] Stealth Rock\n|turn|25\n|\n|t:|1771232887\n|move|p1a: Dragapult|Shadow Ball|p2a: Darkrai\n|-resisted|p2a: Darkrai\n|-damage|p2a: Darkrai|39/100\n|move|p2a: Darkrai|Dark Pulse|p1a: Dragapult\n|-supereffective|p1a: Dragapult\n|-damage|p1a: Dragapult|0 fnt\n|faint|p1a: Dragapult\n|\n|win|I-fear-the-weak\n|raw|Sparrow&apos;s Grace's rating: 1655 &rarr; <strong>1630</strong><br />(-25 for losing)\n|raw|I-fear-the-weak's rating: 1574 &rarr; <strong>1599</strong><br />(+25 for winning)\n|l|☆Sparrow's Grace\n|player|p1|\n", "uploadtime": 1771232892, "views": 8, "formatid": "gen9ou", "rating": 1599, "private": 0, "password": null}