{"id": "gen9ou-2647682881", "format": "[Gen 9] OU", "players": ["Caterpeace", "Pig Perfect"], "log": "|j|☆Caterpeace\n|j|☆Pig Perfect\n|t:|1783795695\n|gametype|singles\n|player|p1|Caterpeace|samsonoak|1400\n|player|p2|Pig Perfect|workerice|1397\n|gen|9\n|tier|[Gen 9] OU\n|rated|\n|rule|HP Percentage Mod: HP is shown in percentages\n|rule|Endless Battle Clause: Forcing endless battles is banned\n|rule|Species Clause: Limit one of each Pokémon\n|rule|OHKO Clause: OHKO moves are banned\n|rule|Evasion Items Clause: Evasion items are banned\n|rule|Evasion Moves Clause: Evasion moves are banned\n|rule|Evasion Abilities Clause: Evasion abilities are banned\n|rule|Sleep Moves Clause: Sleep-inducing moves are banned\n|clearpoke\n|poke|p1|Cresselia, F|\n|poke|p1|Ceruledge, M|\n|poke|p1|Great Tusk|\n|poke|p1|Tinkaton, F|\n|poke|p1|Cryogonal|\n|poke|p1|Zapdos|\n|poke|p2|Deoxys-Speed|\n|poke|p2|Gholdengo|\n|poke|p2|Hawlucha, M|\n|poke|p2|Iron Moth|\n|poke|p2|Landorus-Therian, M|\n|poke|p2|Rillaboom, M|\n|teampreview\n|inactive|Battle timer is ON: inactive players will automatically lose when time's up. (requested by Caterpeace)\n|inactive|Pig Perfect has 120 seconds left.\n|\n|t:|1783795740\n|teamsize|p1|6\n|teamsize|p2|6\n|start\n|switch|p1a: Tinkaton|Tinkaton, F, shiny|100/100\n|switch|p2a: Rillaboom|Rillaboom, M|100/100\n|-item|p1a: Tinkaton|Air Balloon\n|-fieldstart|move: Grassy Terrain|[from] ability: Grassy Surge|[of] p2a: Rillaboom\n|turn|1\n|\n|t:|1783795769\n|move|p1a: Tinkaton|Gigaton Hammer|p2a: Rillaboom\n|-damage|p2a: Rillaboom|58/100\n|move|p2a: Rillaboom|U-turn|p1a: Tinkaton\n|-resisted|p1a: Tinkaton\n|-damage|p1a: Tinkaton|91/100\n|-enditem|p1a: Tinkaton|Air Balloon\n|-enditem|p2a: Rillaboom|Choice Band|[silent]|[from] ability: Pickpocket|[of] p2a: Rillaboom\n|-item|p1a: Tinkaton|Choice Band|[from] ability: Pickpocket|[of] p2a: Rillaboom\n|inactive|Pig Perfect has 120 seconds left.\n|\n|t:|1783795794\n|switch|p2a: Deoxys|Deoxys-Speed|100/100|[from] U-turn\n|-ability|p2a: Deoxys|Pressure\n|-enditem|p2a: Deoxys|Grassy Seed\n|-boost|p2a: Deoxys|def|1|[from] item: Grassy Seed\n|\n|-heal|p1a: Tinkaton|97/100|[from] Grassy Terrain\n|upkeep\n|turn|2\n|\n|t:|1783795803\n|-terastallize|p2a: Deoxys|Electric\n|move|p2a: Deoxys|Nasty Plot|p2a: Deoxys\n|-boost|p2a: Deoxys|spa|2\n|move|p1a: Tinkaton|Thunder Wave|p2a: Deoxys\n|-immune|p2a: Deoxys\n|\n|-heal|p1a: Tinkaton|100/100|[from] Grassy Terrain\n|upkeep\n|turn|3\n|inactive|Pig Perfect has 120 seconds left.\n|\n|t:|1783795833\n|switch|p1a: Cresselia|Cresselia, F, shiny|100/100\n|move|p2a: Deoxys|Thunderbolt|p1a: Cresselia\n|-damage|p1a: Cresselia|58/100\n|\n|-heal|p1a: Cresselia|64/100|[from] item: Leftovers\n|upkeep\n|turn|4\n|\n|t:|1783795844\n|move|p2a: Deoxys|Nasty Plot|p2a: Deoxys\n|-boost|p2a: Deoxys|spa|2\n|move|p1a: Cresselia|Moonlight|p1a: Cresselia\n|-heal|p1a: Cresselia|100/100\n|\n|upkeep\n|turn|5\n|\n|t:|1783795846\n|move|p2a: Deoxys|Thunderbolt|p1a: Cresselia\n|-crit|p1a: Cresselia\n|-damage|p1a: Cresselia|0 fnt\n|faint|p1a: Cresselia\n|\n|-fieldend|move: Grassy Terrain\n|upkeep\n|\n|t:|1783795852\n|switch|p1a: Tinkaton|Tinkaton, F, shiny|100/100\n|turn|6\n|\n|t:|1783795861\n|move|p2a: Deoxys|Thunderbolt|p1a: Tinkaton\n|-damage|p1a: Tinkaton|0 fnt\n|faint|p1a: Tinkaton\n|\n|upkeep\n|\n|t:|1783795875\n|switch|p1a: Ceruledge|Ceruledge, M, shiny|100/100\n|turn|7\n|\n|t:|1783795882\n|move|p2a: Deoxys|Stored Power|p1a: Ceruledge\n|-crit|p1a: Ceruledge\n|-enditem|p1a: Ceruledge|Focus Sash\n|-damage|p1a: Ceruledge|1/100\n|move|p1a: Ceruledge|Destiny Bond|p1a: Ceruledge\n|-singlemove|p1a: Ceruledge|Destiny Bond\n|\n|upkeep\n|turn|8\n|\n|t:|1783795895\n|move|p2a: Deoxys|Nasty Plot|p2a: Deoxys\n|-boost|p2a: Deoxys|spa|2\n|move|p1a: Ceruledge|Swords Dance|p1a: Ceruledge\n|-boost|p1a: Ceruledge|atk|2\n|\n|upkeep\n|turn|9\n|\n|t:|1783795902\n|move|p1a: Ceruledge|Shadow Sneak|p2a: Deoxys\n|-damage|p2a: Deoxys|55/100\n|move|p2a: Deoxys|Stored Power|p1a: Ceruledge\n|-damage|p1a: Ceruledge|0 fnt\n|faint|p1a: Ceruledge\n|\n|upkeep\n|\n|t:|1783795909\n|switch|p1a: Cryogonal|Cryogonal, shiny|100/100\n|turn|10\n|\n|t:|1783795914\n|move|p2a: Deoxys|Stored Power|p1a: Cryogonal\n|-damage|p1a: Cryogonal|0 fnt\n|faint|p1a: Cryogonal\n|\n|upkeep\n|-message|Caterpeace forfeited.\n|\n|win|Pig Perfect\n|raw|Caterpeace's rating: 1400 &rarr; <strong>1380</strong><br />(-20 for losing)\n|raw|Pig Perfect's rating: 1397 &rarr; <strong>1417</strong><br />(+20 for winning)\n|l|☆Caterpeace\n|player|p1|\n|l|☆Pig Perfect\n|player|p2|\n", "uploadtime": 1783796252, "views": 5, "formatid": "gen9ou", "rating": 1380, "private": 0, "password": null}