{"id": "gen9ou-2647726139", "format": "[Gen 9] OU", "players": ["nicedaysssss", "rjhrhfhfhfh"], "log": "|j|☆nicedaysssss\n|j|☆rjhrhfhfhfh\n|t:|1783802308\n|gametype|singles\n|player|p1|nicedaysssss|265|1118\n|player|p2|rjhrhfhfhfh|cyrus|1060\n|gen|9\n|tier|[Gen 9] OU\n|rated|\n|rule|HP Percentage Mod: HP is shown in percentages\n|rule|Endless Battle Clause: Forcing endless battles is banned\n|rule|Species Clause: Limit one of each Pokémon\n|rule|OHKO Clause: OHKO moves are banned\n|rule|Evasion Items Clause: Evasion items are banned\n|rule|Evasion Moves Clause: Evasion moves are banned\n|rule|Evasion Abilities Clause: Evasion abilities are banned\n|rule|Sleep Moves Clause: Sleep-inducing moves are banned\n|clearpoke\n|poke|p1|Walking Wake|\n|poke|p1|Torkoal, F|\n|poke|p1|Gholdengo|\n|poke|p1|Lokix, M|\n|poke|p1|Primarina, M|\n|poke|p1|Iron Valiant|\n|poke|p2|Indeedee, M|\n|poke|p2|Whimsicott, M|\n|poke|p2|Blaziken, F|\n|poke|p2|Forretress, M|\n|poke|p2|Walking Wake|\n|poke|p2|Iron Valiant|\n|teampreview\n|inactive|Battle timer is ON: inactive players will automatically lose when time's up. (requested by nicedaysssss)\n|\n|t:|1783802325\n|teamsize|p1|6\n|teamsize|p2|6\n|start\n|switch|p1a: Torkoal|Torkoal, F|100/100\n|switch|p2a: Iron Valiant|Iron Valiant|100/100\n|-weather|SunnyDay|[from] ability: Drought|[of] p1a: Torkoal\n|-enditem|p2a: Iron Valiant|Booster Energy\n|-activate|p2a: Iron Valiant|ability: Quark Drive|[fromitem]\n|-start|p2a: Iron Valiant|quarkdrivespe\n|turn|1\n|\n|t:|1783802333\n|move|p2a: Iron Valiant|Aura Sphere|p1a: Torkoal\n|-damage|p1a: Torkoal|55/100\n|move|p1a: Torkoal|Flare Blitz|p2a: Iron Valiant\n|-damage|p2a: Iron Valiant|12/100\n|-damage|p1a: Torkoal|31/100|[from] Recoil\n|\n|-weather|SunnyDay|[upkeep]\n|upkeep\n|turn|2\n|\n|t:|1783802342\n|move|p2a: Iron Valiant|Aura Sphere|p1a: Torkoal\n|-damage|p1a: Torkoal|0 fnt\n|faint|p1a: Torkoal\n|\n|-weather|SunnyDay|[upkeep]\n|upkeep\n|\n|t:|1783802349\n|switch|p1a: Lokix|Lokix, M|100/100\n|turn|3\n|\n|t:|1783802358\n|-end|p2a: Iron Valiant|Quark Drive|[silent]\n|switch|p2a: Indeedee|Indeedee, M|100/100\n|-fieldstart|move: Psychic Terrain|[from] ability: Psychic Surge|[of] p2a: Indeedee\n|move|p1a: Lokix|First Impression|p2a: Indeedee\n|-activate|p2a: Indeedee|move: Psychic Terrain\n|\n|-weather|SunnyDay|[upkeep]\n|upkeep\n|turn|4\n|\n|t:|1783802368\n|switch|p2a: Iron Valiant|Iron Valiant|12/100\n|switch|p1a: Walking Wake|Walking Wake|100/100\n|-activate|p1a: Walking Wake|ability: Protosynthesis\n|-start|p1a: Walking Wake|protosynthesisspa\n|\n|-weather|SunnyDay|[upkeep]\n|upkeep\n|turn|5\n|\n|t:|1783802377\n|-terastallize|p1a: Walking Wake|Water\n|move|p2a: Iron Valiant|Moonblast|p1a: Walking Wake\n|-damage|p1a: Walking Wake|46/100\n|move|p1a: Walking Wake|Hydro Steam|p2a: Iron Valiant\n|-damage|p2a: Iron Valiant|0 fnt\n|faint|p2a: Iron Valiant\n|-end|p2a: Iron Valiant|Quark Drive|[silent]\n|\n|-weather|SunnyDay|[upkeep]\n|upkeep\n|\n|t:|1783802396\n|switch|p2a: Blaziken|Blaziken, F, shiny|100/100\n|turn|6\n|\n|t:|1783802403\n|move|p1a: Walking Wake|Hydro Steam|p2a: Blaziken\n|-supereffective|p2a: Blaziken\n|-enditem|p2a: Blaziken|Focus Sash\n|-damage|p2a: Blaziken|1/100\n|move|p2a: Blaziken|Swords Dance|p2a: Blaziken\n|-boost|p2a: Blaziken|atk|2\n|\n|-weather|SunnyDay|[upkeep]\n|-ability|p2a: Blaziken|Speed Boost|boost\n|-boost|p2a: Blaziken|spe|1\n|upkeep\n|turn|7\n|\n|t:|1783802411\n|move|p2a: Blaziken|Reversal|p1a: Walking Wake\n|-damage|p1a: Walking Wake|0 fnt\n|faint|p1a: Walking Wake\n|-end|p1a: Walking Wake|Protosynthesis|[silent]\n|\n|-weather|SunnyDay|[upkeep]\n|-ability|p2a: Blaziken|Speed Boost|boost\n|-boost|p2a: Blaziken|spe|1\n|upkeep\n|\n|t:|1783802419\n|switch|p1a: Lokix|Lokix, M|100/100\n|turn|8\n|\n|t:|1783802428\n|switch|p1a: Gholdengo|Gholdengo|100/100\n|-item|p1a: Gholdengo|Air Balloon\n|move|p2a: Blaziken|Reversal|p1a: Gholdengo\n|-immune|p1a: Gholdengo\n|\n|-weather|none\n|-ability|p2a: Blaziken|Speed Boost|boost\n|-boost|p2a: Blaziken|spe|1\n|upkeep\n|turn|9\n|\n|t:|1783802444\n|move|p2a: Blaziken|Blaze Kick|p1a: Gholdengo\n|-supereffective|p1a: Gholdengo\n|-crit|p1a: Gholdengo\n|-damage|p1a: Gholdengo|0 fnt\n|-enditem|p1a: Gholdengo|Air Balloon\n|faint|p1a: Gholdengo\n|\n|-ability|p2a: Blaziken|Speed Boost|boost\n|-boost|p2a: Blaziken|spe|1\n|upkeep\n|\n|t:|1783802453\n|switch|p1a: Primarina|Primarina, M|100/100\n|turn|10\n|\n|t:|1783802466\n|move|p2a: Blaziken|Reversal|p1a: Primarina\n|-resisted|p1a: Primarina\n|-damage|p1a: Primarina|0 fnt\n|faint|p1a: Primarina\n|\n|-fieldend|move: Psychic Terrain\n|-ability|p2a: Blaziken|Speed Boost|boost\n|-boost|p2a: Blaziken|spe|1\n|upkeep\n|\n|t:|1783802473\n|switch|p1a: Lokix|Lokix, M|100/100\n|turn|11\n|\n|t:|1783802476\n|move|p2a: Blaziken|Protect|p2a: Blaziken\n|-singleturn|p2a: Blaziken|Protect\n|move|p1a: Lokix|First Impression|p2a: Blaziken\n|-activate|p2a: Blaziken|move: Protect\n|\n|-ability|p2a: Blaziken|Speed Boost|boost\n|-boost|p2a: Blaziken|spe|1\n|upkeep\n|turn|12\n|\n|t:|1783802484\n|move|p1a: Lokix|First Impression||[still]\n|-hint|First Impression only works on your first turn out.\n|-fail|p1a: Lokix\n|move|p2a: Blaziken|Reversal|p1a: Lokix\n|-damage|p1a: Lokix|0 fnt\n|faint|p1a: Lokix\n|\n|upkeep\n|-message|nicedaysssss forfeited.\n|\n|win|rjhrhfhfhfh\n|raw|nicedaysssss's rating: 1118 &rarr; <strong>1089</strong><br />(-29 for losing)\n|raw|rjhrhfhfhfh's rating: 1060 &rarr; <strong>1096</strong><br />(+36 for winning)\n|l|☆nicedaysssss\n|player|p1|\n", "uploadtime": 1783802498, "views": 6, "formatid": "gen9ou", "rating": 1089, "private": 0, "password": null}