{"id": "gen9ou-2647730271", "format": "[Gen 9] OU", "players": ["DriftedEx", "The median voter"], "log": "|j|☆DriftedEx\n|j|☆The median voter\n|t:|1783802948\n|gametype|singles\n|player|p1|DriftedEx|rocketgrunt|1668\n|player|p2|The median voter|scientist-gen4dp|1712\n|gen|9\n|tier|[Gen 9] OU\n|rated|\n|rule|HP Percentage Mod: HP is shown in percentages\n|rule|Endless Battle Clause: Forcing endless battles is banned\n|rule|Species Clause: Limit one of each Pokémon\n|rule|OHKO Clause: OHKO moves are banned\n|rule|Evasion Items Clause: Evasion items are banned\n|rule|Evasion Moves Clause: Evasion moves are banned\n|rule|Evasion Abilities Clause: Evasion abilities are banned\n|rule|Sleep Moves Clause: Sleep-inducing moves are banned\n|clearpoke\n|poke|p1|Dragapult, F|\n|poke|p1|Dragonite, M|\n|poke|p1|Ting-Lu|\n|poke|p1|Weezing-Galar, F|\n|poke|p1|Iron Crown|\n|poke|p1|Zapdos|\n|poke|p2|Ribombee, F|\n|poke|p2|Raging Bolt|\n|poke|p2|Gholdengo|\n|poke|p2|Dragapult, F|\n|poke|p2|Zamazenta-*|\n|poke|p2|Kingambit, M|\n|teampreview\n|inactive|Battle timer is ON: inactive players will automatically lose when time's up. (requested by DriftedEx)\n|\n|t:|1783802957\n|teamsize|p1|6\n|teamsize|p2|6\n|start\n|switch|p1a: Weezing|Weezing-Galar, F|100/100\n|switch|p2a: Raging Bolt|Raging Bolt|100/100\n|-ability|p1a: Weezing|Neutralizing Gas\n|turn|1\n|\n|t:|1783802961\n|-end|p1a: Weezing|ability: Neutralizing Gas\n|switch|p1a: Ting-Lu|Ting-Lu|100/100\n|-enditem|p2a: Raging Bolt|Booster Energy\n|-activate|p2a: Raging Bolt|ability: Protosynthesis|[fromitem]\n|-start|p2a: Raging Bolt|protosynthesisspa\n|-ability|p1a: Ting-Lu|Vessel of Ruin\n|move|p2a: Raging Bolt|Thunderbolt|p1a: Ting-Lu\n|-immune|p1a: Ting-Lu\n|\n|upkeep\n|turn|2\n|\n|t:|1783802964\n|-end|p2a: Raging Bolt|Protosynthesis|[silent]\n|switch|p2a: Ribombee|Ribombee, F|100/100\n|move|p1a: Ting-Lu|Stealth Rock|p2a: Ribombee\n|-sidestart|p2: The median voter|move: Stealth Rock\n|\n|upkeep\n|turn|3\n|\n|t:|1783802966\n|move|p2a: Ribombee|Sticky Web|p1a: Ting-Lu\n|-sidestart|p1: DriftedEx|move: Sticky Web\n|move|p1a: Ting-Lu|Whirlwind|p2a: Ribombee\n|drag|p2a: Gholdengo|Gholdengo|100/100\n|-damage|p2a: Gholdengo|94/100|[from] Stealth Rock\n|-item|p2a: Gholdengo|Air Balloon\n|\n|upkeep\n|turn|4\n|\n|t:|1783802969\n|move|p2a: Gholdengo|Nasty Plot|p2a: Gholdengo\n|-boost|p2a: Gholdengo|spa|2\n|move|p1a: Ting-Lu|Ruination|p2a: Gholdengo\n|-damage|p2a: Gholdengo|48/100\n|-enditem|p2a: Gholdengo|Air Balloon\n|\n|upkeep\n|turn|5\n|\n|t:|1783802970\n|move|p2a: Gholdengo|Focus Blast|p1a: Ting-Lu|[miss]\n|-miss|p2a: Gholdengo|p1a: Ting-Lu\n|move|p1a: Ting-Lu|Earthquake|p2a: Gholdengo\n|-supereffective|p2a: Gholdengo\n|-damage|p2a: Gholdengo|0 fnt\n|faint|p2a: Gholdengo\n|\n|upkeep\n|\n|t:|1783802973\n|switch|p2a: Zamazenta|Zamazenta|100/100\n|-damage|p2a: Zamazenta|94/100|[from] Stealth Rock\n|-ability|p2a: Zamazenta|Dauntless Shield|boost\n|-boost|p2a: Zamazenta|def|1\n|turn|6\n|\n|t:|1783802975\n|switch|p1a: Weezing|Weezing-Galar, F|100/100\n|-ability|p1a: Weezing|Neutralizing Gas\n|move|p2a: Zamazenta|Iron Defense|p2a: Zamazenta\n|-boost|p2a: Zamazenta|def|2\n|\n|-heal|p2a: Zamazenta|100/100|[from] item: Leftovers\n|upkeep\n|turn|7\n|\n|t:|1783802978\n|move|p2a: Zamazenta|Substitute|p2a: Zamazenta\n|-start|p2a: Zamazenta|Substitute\n|-damage|p2a: Zamazenta|75/100\n|move|p1a: Weezing|Toxic Spikes|p2a: Zamazenta\n|-sidestart|p2: The median voter|move: Toxic Spikes\n|\n|-heal|p2a: Zamazenta|82/100|[from] item: Leftovers\n|upkeep\n|turn|8\n|\n|t:|1783802984\n|-end|p1a: Weezing|ability: Neutralizing Gas\n|switch|p1a: Zapdos|Zapdos|100/100\n|move|p2a: Zamazenta|Iron Defense|p2a: Zamazenta\n|-boost|p2a: Zamazenta|def|2\n|\n|-heal|p2a: Zamazenta|88/100|[from] item: Leftovers\n|upkeep\n|turn|9\n|\n|t:|1783802988\n|move|p2a: Zamazenta|Body Press|p1a: Zapdos\n|-resisted|p1a: Zapdos\n|-damage|p1a: Zapdos|36/100\n|move|p1a: Zapdos|Volt Switch|p2a: Zamazenta\n|-end|p2a: Zamazenta|Substitute\n|\n|t:|1783802991\n|switch|p1a: Dragapult|Dragapult, F|100/100|[from] Volt Switch\n|\n|-heal|p2a: Zamazenta|94/100|[from] item: Leftovers\n|upkeep\n|turn|10\n|\n|t:|1783802997\n|move|p1a: Dragapult|Will-O-Wisp|p2a: Zamazenta\n|-status|p2a: Zamazenta|brn\n|move|p2a: Zamazenta|Crunch|p1a: Dragapult\n|-supereffective|p1a: Dragapult\n|-damage|p1a: Dragapult|70/100\n|-start|p2a: Zamazenta|Disable|Crunch|[from] ability: Cursed Body|[of] p1a: Dragapult\n|\n|-heal|p2a: Zamazenta|99/100 brn|[from] item: Leftovers\n|-damage|p2a: Zamazenta|94/100 brn|[from] brn\n|upkeep\n|turn|11\n|\n|t:|1783803003\n|move|p1a: Dragapult|Hex|p2a: Zamazenta\n|-damage|p2a: Zamazenta|55/100 brn\n|move|p2a: Zamazenta|Body Press|p1a: Dragapult\n|-immune|p1a: Dragapult\n|\n|-heal|p2a: Zamazenta|61/100 brn|[from] item: Leftovers\n|-damage|p2a: Zamazenta|55/100 brn|[from] brn\n|upkeep\n|turn|12\n|\n|t:|1783803005\n|move|p1a: Dragapult|Hex|p2a: Zamazenta\n|-damage|p2a: Zamazenta|13/100 brn\n|move|p2a: Zamazenta|Body Press|p1a: Dragapult\n|-immune|p1a: Dragapult\n|\n|-heal|p2a: Zamazenta|19/100 brn|[from] item: Leftovers\n|-damage|p2a: Zamazenta|13/100 brn|[from] brn\n|upkeep\n|turn|13\n|\n|t:|1783803007\n|move|p1a: Dragapult|Hex|p2a: Zamazenta\n|-damage|p2a: Zamazenta|0 fnt\n|faint|p2a: Zamazenta\n|\n|upkeep\n|\n|t:|1783803016\n|switch|p2a: Raging Bolt|Raging Bolt|100/100\n|-damage|p2a: Raging Bolt|88/100|[from] Stealth Rock\n|-status|p2a: Raging Bolt|psn\n|turn|14\n|\n|t:|1783803018\n|move|p1a: Dragapult|U-turn|p2a: Raging Bolt\n|-damage|p2a: Raging Bolt|71/100 psn\n|\n|t:|1783803019\n|switch|p1a: Ting-Lu|Ting-Lu|100/100|[from] U-turn\n|-activate|p1a: Ting-Lu|move: Sticky Web\n|-unboost|p1a: Ting-Lu|spe|1\n|-ability|p1a: Ting-Lu|Vessel of Ruin\n|move|p2a: Raging Bolt|Dragon Pulse|p1a: Ting-Lu\n|-damage|p1a: Ting-Lu|79/100\n|\n|-heal|p1a: Ting-Lu|85/100|[from] item: Leftovers\n|-damage|p2a: Raging Bolt|58/100 psn|[from] psn\n|upkeep\n|turn|15\n|-message|The median voter forfeited.\n|\n|win|DriftedEx\n|raw|DriftedEx's rating: 1668 &rarr; <strong>1691</strong><br />(+23 for winning)\n|raw|The median voter's rating: 1712 &rarr; <strong>1689</strong><br />(-23 for losing)\n|l|☆The median voter\n|player|p2|\n", "uploadtime": 1783803027, "views": 19, "formatid": "gen9ou", "rating": 1689, "private": 0, "password": null}