{"id": "gen9ou-2639201820", "format": "[Gen 9] OU", "players": ["American Noodle", "poppydiaper"], "log": "|j|☆American Noodle\n|j|☆poppydiaper\n|t:|1782433313\n|gametype|singles\n|player|p1|American Noodle|hugh|1404\n|player|p2|poppydiaper|infielder|1469\n|gen|9\n|tier|[Gen 9] OU\n|rated|\n|rule|HP Percentage Mod: HP is shown in percentages\n|rule|Endless Battle Clause: Forcing endless battles is banned\n|rule|Species Clause: Limit one of each Pokémon\n|rule|OHKO Clause: OHKO moves are banned\n|rule|Evasion Items Clause: Evasion items are banned\n|rule|Evasion Moves Clause: Evasion moves are banned\n|rule|Evasion Abilities Clause: Evasion abilities are banned\n|rule|Sleep Moves Clause: Sleep-inducing moves are banned\n|clearpoke\n|poke|p1|Kingambit, M|\n|poke|p1|Iron Moth|\n|poke|p1|Hitmontop, M|\n|poke|p1|Ogerpon-Wellspring, F|\n|poke|p1|Zapdos|\n|poke|p1|Reuniclus, M|\n|poke|p2|Kyurem|\n|poke|p2|Ogerpon-Wellspring, F|\n|poke|p2|Iron Valiant|\n|poke|p2|Kingambit, F|\n|poke|p2|Glimmora, F|\n|poke|p2|Ceruledge, F|\n|teampreview\n|\n|t:|1782433342\n|teamsize|p1|6\n|teamsize|p2|6\n|start\n|switch|p1a: Loose Limbs|Hitmontop, M|100/100\n|switch|p2a: Kyurem|Kyurem|100/100\n|-ability|p2a: Kyurem|Pressure\n|turn|1\n|\n|t:|1782433350\n|move|p1a: Loose Limbs|Mach Punch|p2a: Kyurem\n|-supereffective|p2a: Kyurem\n|-damage|p2a: Kyurem|50/100\n|move|p2a: Kyurem|Draco Meteor|p1a: Loose Limbs\n|-damage|p1a: Loose Limbs|0 fnt\n|-unboost|p2a: Kyurem|spa|2\n|faint|p1a: Loose Limbs\n|\n|upkeep\n|\n|t:|1782433381\n|switch|p1a: Killer Moth|Iron Moth|100/100\n|-enditem|p1a: Killer Moth|Booster Energy\n|-activate|p1a: Killer Moth|ability: Quark Drive|[fromitem]\n|-start|p1a: Killer Moth|quarkdrivespe\n|turn|2\n|inactive|Battle timer is ON: inactive players will automatically lose when time's up. (requested by American Noodle)\n|\n|t:|1782433416\n|switch|p2a: Glimmora|Glimmora, F|100/100\n|move|p1a: Killer Moth|Fiery Dance|p2a: Glimmora\n|-resisted|p2a: Glimmora\n|-damage|p2a: Glimmora|76/100\n|-boost|p1a: Killer Moth|spa|1\n|-enditem|p2a: Glimmora|Red Card|[of] p1a: Killer Moth\n|-end|p1a: Killer Moth|Quark Drive|[silent]\n|drag|p1a: Reuniclus|Reuniclus, M|100/100\n|\n|upkeep\n|turn|3\n|\n|t:|1782433427\n|move|p2a: Glimmora|Stealth Rock|p1a: Reuniclus\n|-sidestart|p1: American Noodle|move: Stealth Rock\n|move|p1a: Reuniclus|Psychic Noise|p2a: Glimmora\n|-supereffective|p2a: Glimmora\n|-damage|p2a: Glimmora|0 fnt\n|faint|p2a: Glimmora\n|-damage|p1a: Reuniclus|91/100|[from] item: Life Orb\n|\n|upkeep\n|\n|t:|1782433442\n|switch|p2a: Ceruledge|Ceruledge, F|100/100\n|-item|p2a: Ceruledge|Air Balloon\n|turn|4\n|\n|t:|1782433458\n|switch|p1a: Lightning Lad|Zapdos|100/100\n|move|p2a: Ceruledge|Shadow Sneak|p1a: Lightning Lad\n|-damage|p1a: Lightning Lad|86/100\n|\n|upkeep\n|turn|5\n|\n|t:|1782433484\n|switch|p2a: Ogerpon|Ogerpon-Wellspring, F|100/100\n|move|p1a: Lightning Lad|Thunder Wave|p2a: Ogerpon\n|-status|p2a: Ogerpon|par\n|\n|upkeep\n|turn|6\n|inactive|poppydiaper has 120 seconds left.\n|\n|t:|1782433502\n|-terastallize|p2a: Ogerpon|Water\n|detailschange|p2a: Ogerpon|Ogerpon-Wellspring-Tera, F, tera:Water\n|-ability|p2a: Ogerpon|Embody Aspect (Wellspring)|boost\n|-boost|p2a: Ogerpon|spd|1\n|move|p1a: Lightning Lad|Hurricane|p2a: Ogerpon\n|-damage|p2a: Ogerpon|64/100 par\n|cant|p2a: Ogerpon|par\n|\n|upkeep\n|turn|7\n|\n|t:|1782433510\n|move|p1a: Lightning Lad|Volt Switch|p2a: Ogerpon\n|-supereffective|p2a: Ogerpon\n|-damage|p2a: Ogerpon|19/100 par\n|\n|t:|1782433517\n|switch|p1a: Reuniclus|Reuniclus, M|100/100|[from] Volt Switch\n|-damage|p1a: Reuniclus|88/100|[from] Stealth Rock\n|move|p2a: Ogerpon|U-turn|p1a: Reuniclus\n|-supereffective|p1a: Reuniclus\n|-damage|p1a: Reuniclus|28/100\n|\n|t:|1782433530\n|switch|p2a: Kyurem|Kyurem|50/100|[from] U-turn\n|-ability|p2a: Kyurem|Pressure\n|\n|upkeep\n|turn|8\n|\n|t:|1782433539\n|switch|p1a: King Stabby|Kingambit, M|100/100\n|-damage|p1a: King Stabby|94/100|[from] Stealth Rock\n|-activate|p1a: King Stabby|ability: Supreme Overlord\n|-start|p1a: King Stabby|fallen1|[silent]\n|-item|p1a: King Stabby|Air Balloon\n|move|p2a: Kyurem|Ice Beam|p1a: King Stabby\n|-resisted|p1a: King Stabby\n|-damage|p1a: King Stabby|59/100\n|-enditem|p1a: King Stabby|Air Balloon\n|\n|upkeep\n|turn|9\n|\n|t:|1782433551\n|switch|p2a: Ogerpon|Ogerpon-Wellspring-Tera, F, tera:Water|19/100 par\n|-ability|p2a: Ogerpon|Embody Aspect (Wellspring)|boost\n|-boost|p2a: Ogerpon|spd|1\n|move|p1a: King Stabby|Iron Head|p2a: Ogerpon\n|-resisted|p2a: Ogerpon\n|-damage|p2a: Ogerpon|0 fnt\n|faint|p2a: Ogerpon\n|detailschange|p2: Ogerpon|Ogerpon-Wellspring, F|[silent]\n|\n|upkeep\n|\n|t:|1782433561\n|switch|p2a: Kingambit|Kingambit, F|100/100\n|-activate|p2a: Kingambit|ability: Supreme Overlord\n|-start|p2a: Kingambit|fallen2|[silent]\n|turn|10\n|\n|t:|1782433571\n|-end|p2a: Kingambit|fallen2|[silent]\n|switch|p2a: Iron Valiant|Iron Valiant|100/100\n|-enditem|p2a: Iron Valiant|Booster Energy\n|-activate|p2a: Iron Valiant|ability: Quark Drive|[fromitem]\n|-start|p2a: Iron Valiant|quarkdrivespe\n|-end|p1a: King Stabby|fallen1|[silent]\n|switch|p1a: Lightning Lad|Zapdos|86/100\n|\n|upkeep\n|turn|11\n|\n|t:|1782433581\n|-end|p2a: Iron Valiant|Quark Drive|[silent]\n|switch|p2a: Kingambit|Kingambit, F|100/100\n|-activate|p2a: Kingambit|ability: Supreme Overlord\n|-start|p2a: Kingambit|fallen2|[silent]\n|move|p1a: Lightning Lad|Hurricane|p2a: Kingambit|[miss]\n|-miss|p1a: Lightning Lad|p2a: Kingambit\n|\n|upkeep\n|turn|12\n|\n|t:|1782433587\n|move|p1a: Lightning Lad|Thunder Wave|p2a: Kingambit\n|-status|p2a: Kingambit|par\n|move|p2a: Kingambit|Swords Dance|p2a: Kingambit\n|-boost|p2a: Kingambit|atk|2\n|\n|upkeep\n|turn|13\n|\n|t:|1782433592\n|move|p2a: Kingambit|Sucker Punch|p1a: Lightning Lad\n|-damage|p1a: Lightning Lad|17/100\n|move|p1a: Lightning Lad|Volt Switch|p2a: Kingambit\n|-damage|p2a: Kingambit|67/100 par\n|\n|t:|1782433613\n|switch|p1a: Killer Moth|Iron Moth|100/100|[from] Volt Switch\n|-damage|p1a: Killer Moth|76/100|[from] Stealth Rock\n|\n|-heal|p2a: Kingambit|74/100 par|[from] item: Leftovers\n|upkeep\n|turn|14\n|\n|t:|1782433619\n|move|p2a: Kingambit|Sucker Punch|p1a: Killer Moth\n|-damage|p1a: Killer Moth|0 fnt\n|faint|p1a: Killer Moth\n|-end|p1a: Killer Moth|Quark Drive|[silent]\n|\n|-heal|p2a: Kingambit|80/100 par|[from] item: Leftovers\n|upkeep\n|\n|t:|1782433630\n|switch|p1a: Reuniclus|Reuniclus, M|61/100\n|-damage|p1a: Reuniclus|49/100|[from] Stealth Rock\n|turn|15\n|\n|t:|1782433635\n|-terastallize|p1a: Reuniclus|Fighting\n|cant|p2a: Kingambit|par\n|move|p1a: Reuniclus|Focus Blast|p2a: Kingambit\n|-supereffective|p2a: Kingambit\n|-damage|p2a: Kingambit|0 fnt\n|faint|p2a: Kingambit\n|-end|p2a: Kingambit|fallen2|[silent]\n|-damage|p1a: Reuniclus|39/100|[from] item: Life Orb\n|\n|upkeep\n|inactive|poppydiaper has 120 seconds left.\n|inactive|poppydiaper has 90 seconds left.\n|\n|t:|1782433708\n|switch|p2a: Iron Valiant|Iron Valiant|100/100\n|turn|16\n|inactive|American Noodle has 120 seconds left.\n|\n|t:|1782433739\n|switch|p1a: Lightning Lad|Zapdos|17/100\n|move|p2a: Iron Valiant|Moonblast|p1a: Lightning Lad\n|-damage|p1a: Lightning Lad|0 fnt\n|faint|p1a: Lightning Lad\n|\n|upkeep\n|inactive|American Noodle has 120 seconds left.\n|\n|t:|1782433747\n|switch|p1a: Fiona|Ogerpon-Wellspring, F|100/100\n|-damage|p1a: Fiona|88/100|[from] Stealth Rock\n|turn|17\n|inactive|American Noodle has 120 seconds left.\n|\n|t:|1782433790\n|move|p2a: Iron Valiant|Moonblast|p1a: Fiona\n|-damage|p1a: Fiona|35/100\n|move|p1a: Fiona|Ivy Cudgel|p2a: Iron Valiant|[anim] Ivy Cudgel Water\n|-damage|p2a: Iron Valiant|18/100\n|\n|upkeep\n|turn|18\n|inactive|American Noodle has 90 seconds left.\n|\n|t:|1782433806\n|move|p2a: Iron Valiant|Moonblast|p1a: Fiona\n|-damage|p1a: Fiona|0 fnt\n|faint|p1a: Fiona\n|\n|upkeep\n|\n|t:|1782433809\n|switch|p1a: Reuniclus|Reuniclus, M, tera:Fighting|72/100\n|-damage|p1a: Reuniclus|66/100|[from] Stealth Rock\n|turn|19\n|\n|t:|1782433817\n|move|p2a: Iron Valiant|Moonblast|p1a: Reuniclus\n|-supereffective|p1a: Reuniclus\n|-damage|p1a: Reuniclus|0 fnt\n|faint|p1a: Reuniclus\n|\n|upkeep\n|\n|t:|1782433820\n|switch|p1a: King Stabby|Kingambit, M|59/100\n|-damage|p1a: King Stabby|53/100|[from] Stealth Rock\n|-activate|p1a: King Stabby|ability: Supreme Overlord\n|-start|p1a: King Stabby|fallen5|[silent]\n|turn|20\n|\n|t:|1782433825\n|move|p2a: Iron Valiant|Vacuum Wave|p1a: King Stabby\n|-supereffective|p1a: King Stabby\n|-damage|p1a: King Stabby|0 fnt\n|faint|p1a: King Stabby\n|-end|p1a: King Stabby|fallen5|[silent]\n|\n|win|poppydiaper\n|raw|American Noodle's rating: 1404 &rarr; <strong>1388</strong><br />(-16 for losing)\n|raw|poppydiaper's rating: 1469 &rarr; <strong>1485</strong><br />(+16 for winning)\n|l|☆American Noodle\n|player|p1|\n|l|☆poppydiaper\n|player|p2|\n", "uploadtime": 1782434187, "views": 6, "formatid": "gen9ou", "rating": 1388, "private": 0, "password": null}