{"id": "gen9ou-2647834245", "format": "[Gen 9] OU", "players": ["Aes123qwerty", "NlCHOLAS"], "log": "|j|☆Aes123qwerty\n|j|☆NlCHOLAS\n|t:|1783820855\n|gametype|singles\n|player|p1|Aes123qwerty|emmet|1362\n|player|p2|NlCHOLAS|#1v1plviiibarraskewdas|1538\n|gen|9\n|tier|[Gen 9] OU\n|rated|\n|rule|HP Percentage Mod: HP is shown in percentages\n|rule|Endless Battle Clause: Forcing endless battles is banned\n|rule|Species Clause: Limit one of each Pokémon\n|rule|OHKO Clause: OHKO moves are banned\n|rule|Evasion Items Clause: Evasion items are banned\n|rule|Evasion Moves Clause: Evasion moves are banned\n|rule|Evasion Abilities Clause: Evasion abilities are banned\n|rule|Sleep Moves Clause: Sleep-inducing moves are banned\n|clearpoke\n|poke|p1|Deoxys-Speed|\n|poke|p1|Meowscarada, F|\n|poke|p1|Pecharunt|\n|poke|p1|Zoroark-Hisui, F|\n|poke|p1|Iron Crown|\n|poke|p1|Zamazenta-*|\n|poke|p2|Araquanid, F|\n|poke|p2|Hoopa-Unbound|\n|poke|p2|Iron Valiant|\n|poke|p2|Toxtricity, F|\n|poke|p2|Dragonite, F|\n|poke|p2|Iron Treads|\n|teampreview\n|inactive|Battle timer is ON: inactive players will automatically lose when time's up. (requested by NlCHOLAS)\n|\n|t:|1783820864\n|teamsize|p1|6\n|teamsize|p2|6\n|start\n|switch|p1a: Flower Man|Meowscarada, F|100/100\n|switch|p2a: MadeAMilLikeAraq|Araquanid, F|100/100\n|turn|1\n|\n|t:|1783820867\n|move|p1a: Flower Man|Nasty Plot|p1a: Flower Man\n|-boost|p1a: Flower Man|spa|2\n|move|p2a: MadeAMilLikeAraq|Leech Life|p1a: Flower Man\n|-resisted|p1a: Flower Man\n|-damage|p1a: Flower Man|57/100\n|replace|p1a: Index Proxy|Zoroark-Hisui, F\n|-end|p1a: Index Proxy|Illusion\n|\n|upkeep\n|turn|2\n|\n|t:|1783820874\n|switch|p2a: C.T.E.SPINS|Iron Treads|100/100\n|-enditem|p2a: C.T.E.SPINS|Booster Energy\n|-activate|p2a: C.T.E.SPINS|ability: Quark Drive|[fromitem]\n|-start|p2a: C.T.E.SPINS|quarkdrivespe\n|move|p1a: Index Proxy|Hyper Voice|p2a: C.T.E.SPINS\n|-resisted|p2a: C.T.E.SPINS\n|-damage|p2a: C.T.E.SPINS|32/100\n|\n|upkeep\n|turn|3\n|\n|t:|1783820880\n|move|p2a: C.T.E.SPINS|Earth Power|p1a: Index Proxy\n|-damage|p1a: Index Proxy|0 fnt\n|faint|p1a: Index Proxy\n|\n|upkeep\n|\n|t:|1783820890\n|switch|p1a: Acceleration Point|Zamazenta|100/100\n|-ability|p1a: Acceleration Point|Dauntless Shield|boost\n|-boost|p1a: Acceleration Point|def|1\n|turn|4\n|\n|t:|1783820893\n|move|p2a: C.T.E.SPINS|Steel Beam|p1a: Acceleration Point\n|-damage|p1a: Acceleration Point|56/100\n|-damage|p2a: C.T.E.SPINS|0 fnt|[from] steelbeam\n|faint|p2a: C.T.E.SPINS\n|-end|p2a: C.T.E.SPINS|Quark Drive|[silent]\n|move|p1a: Acceleration Point|Iron Defense|p1a: Acceleration Point\n|-boost|p1a: Acceleration Point|def|2\n|\n|-heal|p1a: Acceleration Point|62/100|[from] item: Leftovers\n|upkeep\n|\n|t:|1783820896\n|switch|p2a: I.V StateOfMind|Iron Valiant|100/100\n|-enditem|p2a: I.V StateOfMind|Booster Energy\n|-activate|p2a: I.V StateOfMind|ability: Quark Drive|[fromitem]\n|-start|p2a: I.V StateOfMind|quarkdrivespe\n|turn|5\n|\n|t:|1783820902\n|move|p2a: I.V StateOfMind|Encore|p1a: Acceleration Point\n|-start|p1a: Acceleration Point|Encore\n|move|p1a: Acceleration Point|Iron Defense|p1a: Acceleration Point\n|-boost|p1a: Acceleration Point|def|2\n|\n|-heal|p1a: Acceleration Point|68/100|[from] item: Leftovers\n|upkeep\n|turn|6\n|\n|t:|1783820909\n|-end|p2a: I.V StateOfMind|Quark Drive|[silent]\n|switch|p2a: SlightOfHands|Hoopa-Unbound|100/100\n|move|p1a: Acceleration Point|Iron Defense|p1a: Acceleration Point\n|-boost|p1a: Acceleration Point|def|1\n|\n|-heal|p1a: Acceleration Point|74/100|[from] item: Leftovers\n|upkeep\n|turn|7\n|\n|t:|1783820915\n|switch|p2a: I.V StateOfMind|Iron Valiant|100/100\n|move|p1a: Acceleration Point|Iron Defense|p1a: Acceleration Point\n|-boost|p1a: Acceleration Point|def|0\n|\n|-heal|p1a: Acceleration Point|80/100|[from] item: Leftovers\n|-end|p1a: Acceleration Point|Encore\n|upkeep\n|turn|8\n|\n|t:|1783820918\n|move|p2a: I.V StateOfMind|Encore|p1a: Acceleration Point\n|-start|p1a: Acceleration Point|Encore\n|move|p1a: Acceleration Point|Iron Defense|p1a: Acceleration Point\n|-boost|p1a: Acceleration Point|def|0\n|\n|-heal|p1a: Acceleration Point|87/100|[from] item: Leftovers\n|upkeep\n|turn|9\n|\n|t:|1783820921\n|-end|p2a: I.V StateOfMind|Quark Drive|[silent]\n|switch|p2a: SlightOfHands|Hoopa-Unbound|100/100\n|move|p1a: Acceleration Point|Iron Defense|p1a: Acceleration Point\n|-boost|p1a: Acceleration Point|def|0\n|\n|-heal|p1a: Acceleration Point|93/100|[from] item: Leftovers\n|upkeep\n|turn|10\n|\n|t:|1783820924\n|switch|p2a: I.V StateOfMind|Iron Valiant|100/100\n|move|p1a: Acceleration Point|Iron Defense|p1a: Acceleration Point\n|-boost|p1a: Acceleration Point|def|0\n|\n|-heal|p1a: Acceleration Point|99/100|[from] item: Leftovers\n|-end|p1a: Acceleration Point|Encore\n|upkeep\n|turn|11\n|\n|t:|1783820932\n|switch|p1a: Head Of The Hei|Deoxys-Speed|100/100\n|-ability|p1a: Head Of The Hei|Pressure\n|move|p2a: I.V StateOfMind|Encore||[still]\n|-fail|p2a: I.V StateOfMind\n|\n|upkeep\n|turn|12\n|\n|t:|1783820936\n|-end|p2a: I.V StateOfMind|Quark Drive|[silent]\n|switch|p2a: MadeAMilLikeAraq|Araquanid, F|100/100\n|move|p1a: Head Of The Hei|Psychic|p2a: MadeAMilLikeAraq\n|-damage|p2a: MadeAMilLikeAraq|68/100\n|\n|upkeep\n|turn|13\n|\n|t:|1783820940\n|move|p1a: Head Of The Hei|Nasty Plot|p1a: Head Of The Hei\n|-boost|p1a: Head Of The Hei|spa|2\n|move|p2a: MadeAMilLikeAraq|Leech Life|p1a: Head Of The Hei\n|-supereffective|p1a: Head Of The Hei\n|-enditem|p1a: Head Of The Hei|Focus Sash\n|-damage|p1a: Head Of The Hei|1/100\n|-heal|p2a: MadeAMilLikeAraq|100/100|[from] drain|[of] p1a: Head Of The Hei\n|\n|upkeep\n|turn|14\n|\n|t:|1783820948\n|move|p1a: Head Of The Hei|Psychic|p2a: MadeAMilLikeAraq\n|-damage|p2a: MadeAMilLikeAraq|38/100\n|move|p2a: MadeAMilLikeAraq|Leech Life|p1a: Head Of The Hei\n|-supereffective|p1a: Head Of The Hei\n|-damage|p1a: Head Of The Hei|0 fnt\n|-heal|p2a: MadeAMilLikeAraq|39/100|[from] drain|[of] p1a: Head Of The Hei\n|faint|p1a: Head Of The Hei\n|\n|upkeep\n|\n|t:|1783820954\n|switch|p1a: Gravity|Iron Crown|100/100\n|-enditem|p1a: Gravity|Booster Energy\n|-activate|p1a: Gravity|ability: Quark Drive|[fromitem]\n|-start|p1a: Gravity|quarkdrivespa\n|turn|15\n|\n|t:|1783820957\n|move|p1a: Gravity|Agility|p1a: Gravity\n|-boost|p1a: Gravity|spe|2\n|move|p2a: MadeAMilLikeAraq|Leech Life|p1a: Gravity\n|-damage|p1a: Gravity|56/100\n|-heal|p2a: MadeAMilLikeAraq|60/100|[from] drain|[of] p1a: Gravity\n|\n|upkeep\n|turn|16\n|\n|t:|1783820964\n|move|p1a: Gravity|Air Slash|p2a: MadeAMilLikeAraq\n|-supereffective|p2a: MadeAMilLikeAraq\n|-damage|p2a: MadeAMilLikeAraq|6/100\n|cant|p2a: MadeAMilLikeAraq|flinch\n|\n|upkeep\n|turn|17\n|\n|t:|1783820968\n|move|p1a: Gravity|Psychic|p2a: MadeAMilLikeAraq\n|-damage|p2a: MadeAMilLikeAraq|0 fnt\n|faint|p2a: MadeAMilLikeAraq\n|\n|upkeep\n|\n|t:|1783820971\n|switch|p2a: SlightOfHands|Hoopa-Unbound|100/100\n|turn|18\n|\n|t:|1783820979\n|move|p1a: Gravity|Tachyon Cutter|p2a: SlightOfHands\n|-damage|p2a: SlightOfHands|69/100\n|-damage|p2a: SlightOfHands|37/100\n|-hitcount|p2a: SlightOfHands|2\n|move|p2a: SlightOfHands|Dark Pulse|p1a: Gravity\n|-supereffective|p1a: Gravity\n|-damage|p1a: Gravity|0 fnt\n|faint|p1a: Gravity\n|-end|p1a: Gravity|Quark Drive|[silent]\n|\n|upkeep\n|\n|t:|1783820984\n|switch|p1a: Zweihander|Pecharunt|100/100\n|turn|19\n|\n|t:|1783820986\n|move|p2a: SlightOfHands|Dark Pulse|p1a: Zweihander\n|-supereffective|p1a: Zweihander\n|-damage|p1a: Zweihander|0 fnt\n|faint|p1a: Zweihander\n|\n|upkeep\n|\n|t:|1783820989\n|switch|p1a: Flower Man|Meowscarada, F|100/100\n|turn|20\n|\n|t:|1783820994\n|move|p1a: Flower Man|U-turn|p2a: SlightOfHands\n|-start|p1a: Flower Man|typechange|Bug|[from] ability: Protean\n|-supereffective|p2a: SlightOfHands\n|-damage|p2a: SlightOfHands|0 fnt\n|faint|p2a: SlightOfHands\n|\n|t:|1783820998\n|switch|p1a: Acceleration Point|Zamazenta|99/100|[from] U-turn\n|\n|-heal|p1a: Acceleration Point|100/100|[from] item: Leftovers\n|upkeep\n|\n|t:|1783821000\n|switch|p2a: CruisinInMy'182|Toxtricity, F|100/100\n|turn|21\n|\n|t:|1783821010\n|switch|p1a: Flower Man|Meowscarada, F|100/100\n|move|p2a: CruisinInMy'182|Shift Gear|p2a: CruisinInMy'182\n|-boost|p2a: CruisinInMy'182|spe|2\n|-boost|p2a: CruisinInMy'182|atk|1\n|\n|upkeep\n|turn|22\n|\n|t:|1783821017\n|-terastallize|p2a: CruisinInMy'182|Normal\n|move|p1a: Flower Man|Triple Axel|p2a: CruisinInMy'182\n|-start|p1a: Flower Man|typechange|Ice|[from] ability: Protean\n|-damage|p2a: CruisinInMy'182|86/100\n|-damage|p2a: CruisinInMy'182|59/100\n|-hitcount|p2a: CruisinInMy'182|2\n|move|p2a: CruisinInMy'182|Boomburst|p1a: Flower Man\n|-damage|p1a: Flower Man|0 fnt\n|faint|p1a: Flower Man\n|-enditem|p2a: CruisinInMy'182|Throat Spray\n|-boost|p2a: CruisinInMy'182|spa|1|[from] item: Throat Spray\n|\n|upkeep\n|\n|t:|1783821022\n|switch|p1a: Acceleration Point|Zamazenta|100/100\n|turn|23\n|\n|t:|1783821025\n|move|p2a: CruisinInMy'182|Boomburst|p1a: Acceleration Point\n|-damage|p1a: Acceleration Point|0 fnt\n|faint|p1a: Acceleration Point\n|\n|win|NlCHOLAS\n|raw|Aes123qwerty's rating: 1362 &rarr; <strong>1351</strong><br />(-11 for losing)\n|raw|NlCHOLAS's rating: 1538 &rarr; <strong>1549</strong><br />(+11 for winning)\n|l|☆NlCHOLAS\n|player|p2|\n|l|☆Aes123qwerty\n|player|p1|\n", "uploadtime": 1783821255, "views": 16, "formatid": "gen9ou", "rating": 1351, "private": 0, "password": null}