{"id": "gen9ou-2639968016", "format": "[Gen 9] OU", "players": ["throwing petals", "dark joe biden"], "log": "|j|☆throwing petals\n|j|☆dark joe biden\n|t:|1782554611\n|gametype|singles\n|player|p1|throwing petals|blue|1532\n|player|p2|dark joe biden|102|1552\n|gen|9\n|tier|[Gen 9] OU\n|rated|\n|rule|HP Percentage Mod: HP is shown in percentages\n|rule|Endless Battle Clause: Forcing endless battles is banned\n|rule|Species Clause: Limit one of each Pokémon\n|rule|OHKO Clause: OHKO moves are banned\n|rule|Evasion Items Clause: Evasion items are banned\n|rule|Evasion Moves Clause: Evasion moves are banned\n|rule|Evasion Abilities Clause: Evasion abilities are banned\n|rule|Sleep Moves Clause: Sleep-inducing moves are banned\n|clearpoke\n|poke|p1|Kyurem|\n|poke|p1|Iron Valiant|\n|poke|p1|Kingambit, M|\n|poke|p1|Ceruledge, M|\n|poke|p1|Dragapult, F|\n|poke|p1|Blaziken, M|\n|poke|p2|Araquanid, F|\n|poke|p2|Cinderace, M|\n|poke|p2|Zapdos|\n|poke|p2|Ting-Lu|\n|poke|p2|Deoxys-Speed|\n|poke|p2|Dragonite, M|\n|teampreview\n|inactive|Battle timer is ON: inactive players will automatically lose when time's up. (requested by dark joe biden)\n|\n|t:|1782554619\n|teamsize|p1|6\n|teamsize|p2|6\n|start\n|switch|p1a: Kyurem|Kyurem|100/100\n|switch|p2a: Araquanid|Araquanid, F|100/100\n|-ability|p1a: Kyurem|Pressure\n|turn|1\n|\n|t:|1782554623\n|move|p1a: Kyurem|Dragon Dance|p1a: Kyurem\n|-boost|p1a: Kyurem|atk|1\n|-boost|p1a: Kyurem|spe|1\n|move|p2a: Araquanid|Leech Life|p1a: Kyurem\n|-damage|p1a: Kyurem|54/100\n|\n|upkeep\n|turn|2\n|\n|t:|1782554627\n|move|p1a: Kyurem|Scale Shot|p2a: Araquanid\n|-damage|p2a: Araquanid|75/100\n|-damage|p2a: Araquanid|51/100\n|-crit|p2a: Araquanid\n|-damage|p2a: Araquanid|14/100\n|-damage|p2a: Araquanid|0 fnt\n|faint|p2a: Araquanid\n|-hitcount|p2: Araquanid|4\n|-unboost|p1a: Kyurem|def|1\n|-boost|p1a: Kyurem|spe|1\n|\n|upkeep\n|\n|t:|1782554636\n|switch|p2a: Cinderace|Cinderace, M|100/100\n|turn|3\n|\n|t:|1782554646\n|switch|p1a: Blaziken|Blaziken, M|100/100\n|move|p2a: Cinderace|Sucker Punch||[still]\n|-fail|p2a: Cinderace\n|\n|upkeep\n|turn|4\n|\n|t:|1782554650\n|move|p2a: Cinderace|U-turn|p1a: Blaziken\n|-start|p2a: Cinderace|typechange|Bug|[from] ability: Libero\n|-resisted|p1a: Blaziken\n|-damage|p1a: Blaziken|87/100\n|\n|t:|1782554651\n|switch|p2a: Zapdos|Zapdos|100/100|[from] U-turn\n|move|p1a: Blaziken|Close Combat|p2a: Zapdos\n|-resisted|p2a: Zapdos\n|-damage|p2a: Zapdos|79/100\n|-unboost|p1a: Blaziken|def|1\n|-unboost|p1a: Blaziken|spd|1\n|-status|p1a: Blaziken|par|[from] ability: Static|[of] p2a: Zapdos\n|\n|-ability|p1a: Blaziken|Speed Boost|boost\n|-boost|p1a: Blaziken|spe|1\n|upkeep\n|turn|5\n|\n|t:|1782554655\n|move|p2a: Zapdos|Discharge|p1a: Blaziken\n|-damage|p1a: Blaziken|7/100 par\n|move|p1a: Blaziken|Overheat|p2a: Zapdos\n|-damage|p2a: Zapdos|23/100\n|-unboost|p1a: Blaziken|spa|2\n|\n|-ability|p1a: Blaziken|Speed Boost|boost\n|-boost|p1a: Blaziken|spe|1\n|upkeep\n|turn|6\n|\n|t:|1782554666\n|switch|p1a: Kyurem|Kyurem|54/100\n|-ability|p1a: Kyurem|Pressure\n|switch|p2a: Cinderace|Cinderace, M|100/100\n|\n|upkeep\n|turn|7\n|\n|t:|1782554670\n|switch|p1a: Blaziken|Blaziken, M|7/100 par\n|move|p2a: Cinderace|Pyro Ball|p1a: Blaziken\n|-resisted|p1a: Blaziken\n|-damage|p1a: Blaziken|0 fnt\n|faint|p1a: Blaziken\n|\n|upkeep\n|\n|t:|1782554685\n|switch|p1a: Iron Valiant|Iron Valiant|100/100\n|-enditem|p1a: Iron Valiant|Booster Energy\n|-activate|p1a: Iron Valiant|ability: Quark Drive|[fromitem]\n|-start|p1a: Iron Valiant|quarkdrivespe\n|turn|8\n|\n|t:|1782554690\n|move|p1a: Iron Valiant|Knock Off|p2a: Cinderace\n|-damage|p2a: Cinderace|57/100\n|-enditem|p2a: Cinderace|Heavy-Duty Boots|[from] move: Knock Off|[of] p1a: Iron Valiant\n|move|p2a: Cinderace|Pyro Ball|p1a: Iron Valiant|[miss]\n|-miss|p2a: Cinderace|p1a: Iron Valiant\n|\n|upkeep\n|turn|9\n|\n|t:|1782554697\n|move|p1a: Iron Valiant|Knock Off|p2a: Cinderace\n|-damage|p2a: Cinderace|26/100\n|move|p2a: Cinderace|Pyro Ball|p1a: Iron Valiant\n|-damage|p1a: Iron Valiant|22/100\n|\n|upkeep\n|turn|10\n|\n|t:|1782554707\n|switch|p2a: Zapdos|Zapdos|23/100\n|move|p1a: Iron Valiant|Knock Off|p2a: Zapdos\n|-damage|p2a: Zapdos|2/100\n|-status|p1a: Iron Valiant|par|[from] ability: Static|[of] p2a: Zapdos\n|-enditem|p2a: Zapdos|Heavy-Duty Boots|[from] move: Knock Off|[of] p1a: Iron Valiant\n|\n|upkeep\n|turn|11\n|\n|t:|1782554711\n|cant|p1a: Iron Valiant|par\n|move|p2a: Zapdos|Roost|p2a: Zapdos\n|-heal|p2a: Zapdos|52/100\n|-singleturn|p2a: Zapdos|move: Roost\n|\n|upkeep\n|turn|12\n|\n|t:|1782554718\n|move|p1a: Iron Valiant|Moonblast|p2a: Zapdos\n|-damage|p2a: Zapdos|10/100\n|move|p2a: Zapdos|Discharge|p1a: Iron Valiant\n|-damage|p1a: Iron Valiant|0 fnt\n|faint|p1a: Iron Valiant\n|-end|p1a: Iron Valiant|Quark Drive|[silent]\n|\n|upkeep\n|\n|t:|1782554732\n|switch|p1a: Dragapult|Dragapult, F|100/100\n|turn|13\n|\n|t:|1782554735\n|switch|p2a: Ting-Lu|Ting-Lu|100/100\n|-ability|p2a: Ting-Lu|Vessel of Ruin\n|move|p1a: Dragapult|Dragon Darts|p2a: Ting-Lu\n|-damage|p2a: Ting-Lu|86/100\n|-anim|p1a: Dragapult|Dragon Darts|p2a: Ting-Lu\n|-damage|p2a: Ting-Lu|72/100\n|\n|-heal|p2a: Ting-Lu|78/100|[from] item: Leftovers\n|upkeep\n|turn|14\n|\n|t:|1782554743\n|switch|p1a: Ceruledge|Ceruledge, M|100/100\n|move|p2a: Ting-Lu|Stealth Rock|p1a: Ceruledge\n|-sidestart|p1: throwing petals|move: Stealth Rock\n|\n|-heal|p2a: Ting-Lu|84/100|[from] item: Leftovers\n|upkeep\n|turn|15\n|\n|t:|1782554752\n|move|p1a: Ceruledge|Close Combat|p2a: Ting-Lu\n|-supereffective|p2a: Ting-Lu\n|-damage|p2a: Ting-Lu|39/100\n|-unboost|p1a: Ceruledge|def|1\n|-unboost|p1a: Ceruledge|spd|1\n|move|p2a: Ting-Lu|Whirlwind|p1a: Ceruledge\n|drag|p1a: Dragapult|Dragapult, F|100/100\n|-damage|p1a: Dragapult|88/100|[from] Stealth Rock\n|\n|-heal|p1a: Dragapult|94/100|[from] item: Leftovers\n|-heal|p2a: Ting-Lu|45/100|[from] item: Leftovers\n|upkeep\n|turn|16\n|\n|t:|1782554759\n|move|p1a: Dragapult|Dragon Darts|p2a: Ting-Lu\n|-crit|p2a: Ting-Lu\n|-damage|p2a: Ting-Lu|22/100\n|-anim|p1a: Dragapult|Dragon Darts|p2a: Ting-Lu\n|-damage|p2a: Ting-Lu|7/100\n|move|p2a: Ting-Lu|Earthquake|p1a: Dragapult\n|-damage|p1a: Dragapult|34/100\n|\n|-heal|p1a: Dragapult|40/100|[from] item: Leftovers\n|-heal|p2a: Ting-Lu|13/100|[from] item: Leftovers\n|upkeep\n|turn|17\n|\n|t:|1782554766\n|move|p1a: Dragapult|Dragon Darts|p2a: Ting-Lu\n|-damage|p2a: Ting-Lu|0 fnt\n|faint|p2a: Ting-Lu\n|\n|-heal|p1a: Dragapult|46/100|[from] item: Leftovers\n|upkeep\n|\n|t:|1782554768\n|switch|p2a: Deoxys|Deoxys-Speed|100/100\n|-ability|p2a: Deoxys|Pressure\n|turn|18\n|\n|t:|1782554776\n|switch|p1a: Kyurem|Kyurem|54/100\n|-damage|p1a: Kyurem|29/100|[from] Stealth Rock\n|-ability|p1a: Kyurem|Pressure\n|move|p2a: Deoxys|Ice Beam|p1a: Kyurem\n|-damage|p1a: Kyurem|0 fnt\n|faint|p1a: Kyurem\n|\n|upkeep\n|\n|t:|1782554787\n|switch|p1a: Ceruledge|Ceruledge, M|100/100\n|-damage|p1a: Ceruledge|76/100|[from] Stealth Rock\n|turn|19\n|\n|t:|1782554798\n|switch|p2a: Cinderace|Cinderace, M|26/100\n|move|p1a: Ceruledge|Bitter Blade|p2a: Cinderace\n|-resisted|p2a: Cinderace\n|-damage|p2a: Cinderace|0 fnt\n|-heal|p1a: Ceruledge|89/100|[from] drain|[of] p2a: Cinderace\n|faint|p2a: Cinderace\n|\n|upkeep\n|\n|t:|1782554800\n|switch|p2a: Dragonite|Dragonite, M|100/100\n|turn|20\n|\n|t:|1782554805\n|move|p1a: Ceruledge|Shadow Sneak|p2a: Dragonite\n|-damage|p2a: Dragonite|88/100\n|move|p2a: Dragonite|Scale Shot|p1a: Ceruledge\n|-damage|p1a: Ceruledge|69/100\n|-ability|p1a: Ceruledge|Weak Armor|boost\n|-unboost|p1a: Ceruledge|def|1\n|-boost|p1a: Ceruledge|spe|2\n|-damage|p1a: Ceruledge|38/100\n|-ability|p1a: Ceruledge|Weak Armor|boost\n|-unboost|p1a: Ceruledge|def|1\n|-boost|p1a: Ceruledge|spe|2\n|-damage|p1a: Ceruledge|0 fnt\n|faint|p1a: Ceruledge\n|-hitcount|p1: Ceruledge|3\n|-unboost|p2a: Dragonite|def|1\n|-boost|p2a: Dragonite|spe|1\n|\n|upkeep\n|\n|t:|1782554809\n|switch|p1a: Kingambit|Kingambit, M|100/100\n|-damage|p1a: Kingambit|94/100|[from] Stealth Rock\n|-activate|p1a: Kingambit|ability: Supreme Overlord\n|-start|p1a: Kingambit|fallen4|[silent]\n|turn|21\n|\n|t:|1782554823\n|-terastallize|p2a: Dragonite|Fire\n|-terastallize|p1a: Kingambit|Dark\n|move|p2a: Dragonite|Fire Punch|p1a: Kingambit\n|-damage|p1a: Kingambit|60/100\n|move|p1a: Kingambit|Kowtow Cleave|p2a: Dragonite\n|-damage|p2a: Dragonite|0 fnt\n|faint|p2a: Dragonite\n|\n|upkeep\n|\n|t:|1782554832\n|switch|p2a: Zapdos|Zapdos|10/100\n|turn|22\n|\n|t:|1782554836\n|move|p2a: Zapdos|Roost|p2a: Zapdos\n|-heal|p2a: Zapdos|60/100\n|-singleturn|p2a: Zapdos|move: Roost\n|move|p1a: Kingambit|Kowtow Cleave|p2a: Zapdos\n|-damage|p2a: Zapdos|0 fnt\n|faint|p2a: Zapdos\n|\n|upkeep\n|\n|t:|1782554842\n|switch|p2a: Deoxys|Deoxys-Speed|100/100\n|-ability|p2a: Deoxys|Pressure\n|turn|23\n|\n|t:|1782554845\n|move|p1a: Kingambit|Sucker Punch||[still]\n|-fail|p1a: Kingambit\n|move|p2a: Deoxys|Trick|p1a: Kingambit\n|-activate|p2a: Deoxys|move: Trick|[of] p1a: Kingambit\n|-item|p1a: Kingambit|Choice Specs|[from] move: Trick\n|-item|p2a: Deoxys|Black Glasses|[from] move: Trick\n|\n|upkeep\n|turn|24\n|\n|t:|1782554859\n|move|p1a: Kingambit|Sucker Punch|p2a: Deoxys\n|-supereffective|p2a: Deoxys\n|-damage|p2a: Deoxys|0 fnt\n|faint|p2a: Deoxys\n|\n|win|throwing petals\n|raw|throwing petals's rating: 1532 &rarr; <strong>1553</strong><br />(+21 for winning)\n|raw|dark joe biden's rating: 1552 &rarr; <strong>1531</strong><br />(-21 for losing)\n|l|☆dark joe biden\n|player|p2|\n|l|☆throwing petals\n|player|p1|\n", "uploadtime": 1782555090, "views": 11, "formatid": "gen9ou", "rating": 1531, "private": 0, "password": null}