{"id": "gen9ou-2647696964", "format": "[Gen 9] OU", "players": ["elbozolord", "Cudjoe"], "log": "|j|☆elbozolord\n|j|☆Cudjoe\n|t:|1783797876\n|gametype|singles\n|player|p1|elbozolord|pokemaniac|\n|player|p2|Cudjoe|101|\n|gen|9\n|tier|[Gen 9] OU\n|rule|HP Percentage Mod: HP is shown in percentages\n|rule|Endless Battle Clause: Forcing endless battles is banned\n|rule|Species Clause: Limit one of each Pokémon\n|rule|OHKO Clause: OHKO moves are banned\n|rule|Evasion Items Clause: Evasion items are banned\n|rule|Evasion Moves Clause: Evasion moves are banned\n|rule|Evasion Abilities Clause: Evasion abilities are banned\n|rule|Sleep Moves Clause: Sleep-inducing moves are banned\n|clearpoke\n|poke|p1|Iron Treads|\n|poke|p1|Pelipper, F|\n|poke|p1|Dondozo, F|\n|poke|p1|Overqwil, F|\n|poke|p1|Enamorus, F|\n|poke|p1|Raging Bolt|\n|poke|p2|Blissey, F|\n|poke|p2|Dondozo, F|\n|poke|p2|Garganacl, M|\n|poke|p2|Toxapex, M|\n|poke|p2|Gliscor, M|\n|poke|p2|Glimmora, M|\n|teampreview\n|inactive|Battle timer is ON: inactive players will automatically lose when time's up. (requested by Cudjoe)\n|c|☆Cudjoe|we staying here for a million turns\n|c|☆elbozolord|i dont wanna tho\n|inactive|elbozolord has 270 seconds left.\n|inactive|Cudjoe has 270 seconds left.\n|\n|t:|1783797928\n|teamsize|p1|6\n|teamsize|p2|6\n|start\n|switch|p1a: SheQuarkTil'IDrive|Iron Treads|100/100\n|switch|p2a: Toxapex|Toxapex, M|100/100\n|-enditem|p1a: SheQuarkTil'IDrive|Booster Energy\n|-activate|p1a: SheQuarkTil'IDrive|ability: Quark Drive|[fromitem]\n|-start|p1a: SheQuarkTil'IDrive|quarkdrivespe\n|turn|1\n|\n|t:|1783797933\n|switch|p2a: Dondozo|Dondozo, F|100/100\n|move|p1a: SheQuarkTil'IDrive|Stealth Rock|p2a: Dondozo\n|-sidestart|p2: Cudjoe|move: Stealth Rock\n|\n|upkeep\n|turn|2\n|j| Yisso\n|\n|t:|1783797938\n|move|p1a: SheQuarkTil'IDrive|Volt Switch|p2a: Dondozo\n|-supereffective|p2a: Dondozo\n|-damage|p2a: Dondozo|87/100\n|\n|t:|1783797947\n|-end|p1a: SheQuarkTil'IDrive|Quark Drive|[silent]\n|switch|p1a: RainRainRainSahur|Pelipper, F, shiny|100/100|[from] Volt Switch\n|-weather|RainDance|[from] ability: Drizzle|[of] p1a: RainRainRainSahur\n|move|p2a: Dondozo|Wave Crash|p1a: RainRainRainSahur\n|-resisted|p1a: RainRainRainSahur\n|-damage|p1a: RainRainRainSahur|69/100\n|-damage|p2a: Dondozo|80/100|[from] Recoil\n|\n|-weather|RainDance|[upkeep]\n|upkeep\n|turn|3\n|c| Yisso|huh\n|c| Yisso|wasn't like stall\n|c| Yisso|anned\n|c| Yisso|banned\n|c|☆Cudjoe|wait\n|\n|t:|1783797959\n|move|p1a: RainRainRainSahur|Roost|p1a: RainRainRainSahur\n|-heal|p1a: RainRainRainSahur|100/100\n|-singleturn|p1a: RainRainRainSahur|move: Roost\n|move|p2a: Dondozo|Wave Crash|p1a: RainRainRainSahur\n|-resisted|p1a: RainRainRainSahur\n|-damage|p1a: RainRainRainSahur|69/100\n|-damage|p2a: Dondozo|74/100|[from] Recoil\n|\n|-weather|RainDance|[upkeep]\n|upkeep\n|turn|4\n|\n|t:|1783797967\n|switch|p2a: Toxapex|Toxapex, M|100/100\n|-damage|p2a: Toxapex|88/100|[from] Stealth Rock\n|move|p1a: RainRainRainSahur|Roost|p1a: RainRainRainSahur\n|-heal|p1a: RainRainRainSahur|100/100\n|-singleturn|p1a: RainRainRainSahur|move: Roost\n|\n|-weather|RainDance|[upkeep]\n|-heal|p2a: Toxapex|94/100|[from] item: Black Sludge\n|upkeep\n|turn|5\n|\n|t:|1783797971\n|move|p1a: RainRainRainSahur|U-turn|p2a: Toxapex\n|-resisted|p2a: Toxapex\n|-damage|p2a: Toxapex|91/100\n|\n|t:|1783797979\n|switch|p1a: Zayrandes|Overqwil, F|100/100|[from] U-turn\n|move|p2a: Toxapex|Toxic|p1a: Zayrandes\n|-immune|p1a: Zayrandes\n|\n|-weather|RainDance|[upkeep]\n|-heal|p2a: Toxapex|97/100|[from] item: Black Sludge\n|upkeep\n|turn|6\n|\n|t:|1783797991\n|switch|p2a: Glimmora|Glimmora, M|100/100\n|-damage|p2a: Glimmora|88/100|[from] Stealth Rock\n|move|p1a: Zayrandes|Gunk Shot|p2a: Glimmora\n|-resisted|p2a: Glimmora\n|-damage|p2a: Glimmora|64/100\n|-activate|p2a: Glimmora|ability: Toxic Debris\n|-sidestart|p1: elbozolord|move: Toxic Spikes\n|-damage|p1a: Zayrandes|91/100|[from] item: Life Orb\n|\n|-weather|RainDance|[upkeep]\n|upkeep\n|turn|7\n|\n|t:|1783798012\n|switch|p2a: Toxapex|Toxapex, M|97/100\n|-damage|p2a: Toxapex|84/100|[from] Stealth Rock\n|move|p1a: Zayrandes|Waterfall|p2a: Toxapex\n|-resisted|p2a: Toxapex\n|-damage|p2a: Toxapex|62/100\n|-damage|p1a: Zayrandes|81/100|[from] item: Life Orb\n|\n|-weather|RainDance|[upkeep]\n|-heal|p2a: Toxapex|68/100|[from] item: Black Sludge\n|upkeep\n|turn|8\n|\n|t:|1783798022\n|move|p1a: Zayrandes|Swords Dance|p1a: Zayrandes\n|-boost|p1a: Zayrandes|atk|2\n|move|p2a: Toxapex|Recover|p2a: Toxapex\n|-heal|p2a: Toxapex|100/100\n|\n|-weather|RainDance|[upkeep]\n|upkeep\n|turn|9\n|\n|t:|1783798027\n|switch|p1a: SheQuarkTil'IDrive|Iron Treads|100/100\n|move|p2a: Toxapex|Surf|p1a: SheQuarkTil'IDrive\n|-supereffective|p1a: SheQuarkTil'IDrive\n|-damage|p1a: SheQuarkTil'IDrive|0 fnt\n|faint|p1a: SheQuarkTil'IDrive\n|-end|p1a: SheQuarkTil'IDrive|Quark Drive|[silent]\n|\n|-weather|none\n|upkeep\n|\n|t:|1783798036\n|switch|p1a: Zayrandes|Overqwil, F|81/100\n|-sideend|p1: elbozolord|move: Toxic Spikes|[of] p1a: Zayrandes\n|turn|10\n|\n|t:|1783798042\n|switch|p1a: RainRainRainSahur|Pelipper, F, shiny|100/100\n|-weather|RainDance|[from] ability: Drizzle|[of] p1a: RainRainRainSahur\n|switch|p2a: Gliscor|Gliscor, M|100/100\n|-damage|p2a: Gliscor|88/100|[from] Stealth Rock\n|\n|-weather|RainDance|[upkeep]\n|-status|p2a: Gliscor|tox|[from] item: Toxic Orb\n|upkeep\n|turn|11\n|\n|t:|1783798054\n|switch|p2a: Blissey|Blissey, F|100/100\n|-damage|p2a: Blissey|88/100|[from] Stealth Rock\n|move|p1a: RainRainRainSahur|Weather Ball|p2a: Blissey\n|-damage|p2a: Blissey|68/100\n|\n|-weather|RainDance|[upkeep]\n|upkeep\n|turn|12\n|\n|t:|1783798061\n|switch|p1a: Zayrandes|Overqwil, F|81/100\n|move|p2a: Blissey|Thunder|p1a: Zayrandes\n|-crit|p1a: Zayrandes\n|-damage|p1a: Zayrandes|32/100\n|-status|p1a: Zayrandes|par\n|\n|-weather|RainDance|[upkeep]\n|upkeep\n|turn|13\n|j| NoahMines\n|\n|t:|1783798078\n|move|p1a: Zayrandes|Destiny Bond|p1a: Zayrandes\n|-singlemove|p1a: Zayrandes|Destiny Bond\n|move|p2a: Blissey|Thunder|p1a: Zayrandes\n|-damage|p1a: Zayrandes|0 fnt\n|faint|p1a: Zayrandes\n|-activate|p1a: Zayrandes|move: Destiny Bond\n|faint|p2a: Blissey\n|\n|-weather|RainDance|[upkeep]\n|upkeep\n|j| mcstupidly_\n|\n|t:|1783798093\n|switch|p1a: Big Bozo|Dondozo, F, shiny|100/100\n|switch|p2a: Glimmora|Glimmora, M|64/100\n|-damage|p2a: Glimmora|51/100|[from] Stealth Rock\n|turn|14\n|j| Enderian67\n|inactive|elbozolord has 270 seconds left.\n|\n|t:|1783798123\n|move|p2a: Glimmora|Mortal Spin|p1a: Big Bozo\n|-damage|p1a: Big Bozo|97/100\n|-status|p1a: Big Bozo|psn\n|-sideend|p2: Cudjoe|Stealth Rock|[from] move: Mortal Spin|[of] p2a: Glimmora\n|move|p1a: Big Bozo|Outrage|p2a: Glimmora\n|-damage|p2a: Glimmora|0 fnt\n|-activate|p2a: Glimmora|ability: Toxic Debris\n|-sidestart|p1: elbozolord|move: Toxic Spikes\n|faint|p2a: Glimmora\n|\n|-weather|RainDance|[upkeep]\n|-damage|p1a: Big Bozo|84/100 psn|[from] psn\n|upkeep\n|\n|t:|1783798133\n|switch|p2a: Toxapex|Toxapex, M|100/100\n|turn|15\n|c| Enderian67|Elliott you said you’d face me\n|\n|t:|1783798137\n|move|p1a: Big Bozo|Outrage|p2a: Toxapex|[from] lockedmove\n|-damage|p2a: Toxapex|59/100\n|-start|p1a: Big Bozo|confusion|[fatigue]\n|move|p2a: Toxapex|Sludge Wave|p1a: Big Bozo\n|-crit|p1a: Big Bozo\n|-damage|p1a: Big Bozo|36/100 psn\n|\n|-weather|RainDance|[upkeep]\n|-heal|p2a: Toxapex|65/100|[from] item: Black Sludge\n|-damage|p1a: Big Bozo|24/100 psn|[from] psn\n|upkeep\n|turn|16\n|c| Enderian67|I believe\n|\n|t:|1783798161\n|-terastallize|p1a: Big Bozo|Dragon\n|-activate|p1a: Big Bozo|confusion\n|-damage|p1a: Big Bozo|15/100 psn|[from] confusion\n|move|p2a: Toxapex|Recover|p2a: Toxapex\n|-heal|p2a: Toxapex|100/100\n|\n|-weather|RainDance|[upkeep]\n|-damage|p1a: Big Bozo|2/100 psn|[from] psn\n|upkeep\n|turn|17\n|\n|t:|1783798168\n|switch|p2a: Garganacl|Garganacl, M|100/100\n|-activate|p1a: Big Bozo|confusion\n|move|p1a: Big Bozo|Outrage|p2a: Garganacl\n|-damage|p2a: Garganacl|57/100\n|\n|-weather|none\n|-heal|p2a: Garganacl|63/100|[from] item: Leftovers\n|-damage|p1a: Big Bozo|0 fnt|[from] psn\n|faint|p1a: Big Bozo\n|upkeep\n|c| Yisso|you got this bozo\n|inactive|elbozolord has 270 seconds left.\n|c|☆elbozolord|this whole tour needs to executed\n|c|☆elbozolord|every single player\n|c|☆elbozolord|including me\n|c| mcstupidly_|pelliper wins lowkey\n|\n|t:|1783798209\n|switch|p1a: RainRainRainSahur|Pelipper, F, shiny|100/100\n|-weather|RainDance|[from] ability: Drizzle|[of] p1a: RainRainRainSahur\n|turn|18\n|\n|t:|1783798218\n|switch|p2a: Dondozo|Dondozo, F|74/100\n|move|p1a: RainRainRainSahur|Weather Ball|p2a: Dondozo\n|-resisted|p2a: Dondozo\n|-crit|p2a: Dondozo\n|-damage|p2a: Dondozo|49/100\n|\n|-weather|RainDance|[upkeep]\n|upkeep\n|turn|19\n|\n|t:|1783798229\n|move|p1a: RainRainRainSahur|Roost||[still]\n|-fail|p1a: RainRainRainSahur|heal\n|move|p2a: Dondozo|Wave Crash|p1a: RainRainRainSahur\n|-resisted|p1a: RainRainRainSahur\n|-damage|p1a: RainRainRainSahur|66/100\n|-damage|p2a: Dondozo|42/100|[from] Recoil\n|\n|-weather|RainDance|[upkeep]\n|upkeep\n|turn|20\n|c| mcstupidly_|aight now confuse it\n|\n|t:|1783798239\n|move|p1a: RainRainRainSahur|Roost|p1a: RainRainRainSahur\n|-heal|p1a: RainRainRainSahur|100/100\n|-singleturn|p1a: RainRainRainSahur|move: Roost\n|move|p2a: Dondozo|Wave Crash|p1a: RainRainRainSahur\n|-resisted|p1a: RainRainRainSahur\n|-damage|p1a: RainRainRainSahur|70/100\n|-damage|p2a: Dondozo|35/100|[from] Recoil\n|\n|-weather|RainDance|[upkeep]\n|upkeep\n|turn|21\n|inactive|elbozolord has 270 seconds left.\n|\n|t:|1783798244\n|switch|p2a: Toxapex|Toxapex, M|100/100\n|move|p1a: RainRainRainSahur|Hurricane|p2a: Toxapex\n|-damage|p2a: Toxapex|73/100\n|\n|-weather|RainDance|[upkeep]\n|-heal|p2a: Toxapex|79/100|[from] item: Black Sludge\n|upkeep\n|turn|22\n|c| mcstupidly_|confuse that hoe then hard bolt on that shi\n|l| NoahMines\n|inactive|elbozolord has 270 seconds left.\n|\n|t:|1783798263\n|move|p1a: RainRainRainSahur|U-turn|p2a: Toxapex\n|-resisted|p2a: Toxapex\n|-damage|p2a: Toxapex|75/100\n|\n|t:|1783798266\n|switch|p1a: GRaf|Raging Bolt|100/100|[from] U-turn\n|-status|p1a: GRaf|psn\n|-enditem|p1a: GRaf|Booster Energy\n|-activate|p1a: GRaf|ability: Protosynthesis|[fromitem]\n|-start|p1a: GRaf|protosynthesisspa\n|move|p2a: Toxapex|Toxic||[still]\n|-fail|p2a: Toxapex\n|\n|-weather|RainDance|[upkeep]\n|-heal|p2a: Toxapex|81/100|[from] item: Black Sludge\n|-damage|p1a: GRaf|88/100 psn|[from] psn\n|upkeep\n|turn|23\n|\n|t:|1783798275\n|switch|p2a: Gliscor|Gliscor, M|88/100 tox\n|move|p1a: GRaf|Weather Ball|p2a: Gliscor\n|-supereffective|p2a: Gliscor\n|-damage|p2a: Gliscor|0 fnt\n|faint|p2a: Gliscor\n|\n|-weather|RainDance|[upkeep]\n|-damage|p1a: GRaf|75/100 psn|[from] psn\n|upkeep\n|\n|t:|1783798283\n|switch|p2a: Toxapex|Toxapex, M|81/100\n|turn|24\n|\n|t:|1783798286\n|-terastallize|p2a: Toxapex|Grass\n|move|p1a: GRaf|Thunder|p2a: Toxapex\n|-resisted|p2a: Toxapex\n|-damage|p2a: Toxapex|43/100\n|-status|p2a: Toxapex|par\n|move|p2a: Toxapex|Sludge Wave|p1a: GRaf\n|-crit|p1a: GRaf\n|-damage|p1a: GRaf|28/100 psn\n|\n|-weather|RainDance|[upkeep]\n|-damage|p2a: Toxapex|31/100 par|[from] item: Black Sludge\n|-damage|p1a: GRaf|16/100 psn|[from] psn\n|upkeep\n|turn|25\n|c| Yisso|the critttt\n|\n|t:|1783798298\n|-end|p1a: GRaf|Protosynthesis|[silent]\n|switch|p1a: RainRainRainSahur|Pelipper, F, shiny|70/100\n|switch|p2a: Dondozo|Dondozo, F|35/100\n|\n|-weather|none\n|upkeep\n|turn|26\n|c|☆Cudjoe|its merciless toxapex\n|c|☆Cudjoe|it always crits\n|c| Yisso|what\n|\n|t:|1783798316\n|move|p1a: RainRainRainSahur|Hurricane|p2a: Dondozo\n|-damage|p2a: Dondozo|14/100\n|move|p2a: Dondozo|Avalanche|p1a: RainRainRainSahur\n|-damage|p1a: RainRainRainSahur|43/100\n|\n|upkeep\n|turn|27\n|\n|t:|1783798323\n|switch|p2a: Garganacl|Garganacl, M|63/100\n|move|p1a: RainRainRainSahur|Roost|p1a: RainRainRainSahur\n|-heal|p1a: RainRainRainSahur|93/100\n|-singleturn|p1a: RainRainRainSahur|move: Roost\n|\n|-heal|p2a: Garganacl|69/100|[from] item: Leftovers\n|upkeep\n|turn|28\n|\n|t:|1783798330\n|move|p1a: RainRainRainSahur|U-turn|p2a: Garganacl\n|-damage|p2a: Garganacl|64/100\n|\n|t:|1783798333\n|switch|p1a: GreatestPlan|Enamorus, F|100/100|[from] U-turn\n|move|p2a: Garganacl|Salt Cure|p1a: GreatestPlan\n|-supereffective|p1a: GreatestPlan\n|-damage|p1a: GreatestPlan|55/100\n|-start|p1a: GreatestPlan|Salt Cure\n|\n|-heal|p2a: Garganacl|70/100|[from] item: Leftovers\n|-damage|p1a: GreatestPlan|42/100|[from] Salt Cure\n|upkeep\n|turn|29\n|c| Yisso|what did i just read😭\n|l| mcstupidly_\n|c|☆Cudjoe|merciless always crits if a target is posioned\n|c|☆Cudjoe|fake stall\n|\n|t:|1783798358\n|move|p1a: GreatestPlan|Earth Power|p2a: Garganacl\n|-supereffective|p2a: Garganacl\n|-damage|p2a: Garganacl|4/100\n|move|p2a: Garganacl|Recover|p2a: Garganacl\n|-heal|p2a: Garganacl|54/100\n|\n|-heal|p2a: Garganacl|60/100|[from] item: Leftovers\n|-damage|p1a: GreatestPlan|30/100|[from] Salt Cure\n|upkeep\n|turn|30\n|\n|t:|1783798364\n|switch|p2a: Dondozo|Dondozo, F|14/100\n|move|p1a: GreatestPlan|Earth Power|p2a: Dondozo\n|-damage|p2a: Dondozo|0 fnt\n|faint|p2a: Dondozo\n|\n|-damage|p1a: GreatestPlan|17/100|[from] Salt Cure\n|upkeep\n|\n|t:|1783798367\n|switch|p2a: Toxapex|Toxapex, M, tera:Grass|31/100 par\n|turn|31\n|\n|t:|1783798370\n|move|p1a: GreatestPlan|Earth Power|p2a: Toxapex\n|-resisted|p2a: Toxapex\n|-damage|p2a: Toxapex|16/100 par\n|move|p2a: Toxapex|Recover|p2a: Toxapex\n|-heal|p2a: Toxapex|66/100 par\n|\n|-damage|p2a: Toxapex|53/100 par|[from] item: Black Sludge\n|-damage|p1a: GreatestPlan|5/100|[from] Salt Cure\n|upkeep\n|turn|32\n|c| Yisso|what\n|\n|t:|1783798377\n|switch|p1a: RainRainRainSahur|Pelipper, F, shiny|93/100\n|-weather|RainDance|[from] ability: Drizzle|[of] p1a: RainRainRainSahur\n|cant|p2a: Toxapex|par\n|\n|-weather|RainDance|[upkeep]\n|-damage|p2a: Toxapex|41/100 par|[from] item: Black Sludge\n|upkeep\n|turn|33\n|c| Yisso|why\n|\n|t:|1783798398\n|move|p1a: RainRainRainSahur|Hurricane|p2a: Toxapex\n|-supereffective|p2a: Toxapex\n|-damage|p2a: Toxapex|0 fnt\n|faint|p2a: Toxapex\n|\n|-weather|RainDance|[upkeep]\n|upkeep\n|\n|t:|1783798400\n|switch|p2a: Garganacl|Garganacl, M|60/100\n|turn|34\n|c|☆Cudjoe|gg\n|\n|t:|1783798406\n|move|p1a: RainRainRainSahur|Weather Ball|p2a: Garganacl\n|-supereffective|p2a: Garganacl\n|-damage|p2a: Garganacl|0 fnt\n|faint|p2a: Garganacl\n|\n|win|elbozolord\n|c| Yisso|BOZOOOOOO\n|c|☆elbozolord|gg\n", "uploadtime": 1783798412, "views": 7, "formatid": "gen9ou", "rating": null, "private": 0, "password": null}