{"id": "gen9ou-2639209337", "format": "[Gen 9] OU", "players": ["mirkay", "wertnerve"], "log": "|j|☆mirkay\n|j|☆wertnerve\n|t:|1782434436\n|gametype|singles\n|player|p1|mirkay|clay|1246\n|player|p2|wertnerve|shauntal|1241\n|gen|9\n|tier|[Gen 9] OU\n|rated|\n|rule|HP Percentage Mod: HP is shown in percentages\n|rule|Endless Battle Clause: Forcing endless battles is banned\n|rule|Species Clause: Limit one of each Pokémon\n|rule|OHKO Clause: OHKO moves are banned\n|rule|Evasion Items Clause: Evasion items are banned\n|rule|Evasion Moves Clause: Evasion moves are banned\n|rule|Evasion Abilities Clause: Evasion abilities are banned\n|rule|Sleep Moves Clause: Sleep-inducing moves are banned\n|clearpoke\n|poke|p1|Weezing-Galar, M|\n|poke|p1|Ogerpon, F|\n|poke|p1|Skarmory, M|\n|poke|p1|Alomomola, M|\n|poke|p1|Clodsire, M|\n|poke|p1|Hydreigon, M|\n|poke|p2|Glaceon, F|\n|poke|p2|Slowking-Galar, M|\n|poke|p2|Ninetales-Alola, F|\n|poke|p2|Glastrier|\n|poke|p2|Quaquaval, M|\n|poke|p2|Porygon2|\n|teampreview\n|\n|t:|1782434450\n|teamsize|p1|6\n|teamsize|p2|6\n|start\n|switch|p1a: Weezing|Weezing-Galar, M, shiny|100/100\n|switch|p2a: Slowking|Slowking-Galar, M|100/100\n|-ability|p1a: Weezing|Neutralizing Gas\n|turn|1\n|\n|t:|1782434457\n|move|p1a: Weezing|Will-O-Wisp|p2a: Slowking\n|-status|p2a: Slowking|brn\n|move|p2a: Slowking|Trick Room|p2a: Slowking\n|-fieldstart|move: Trick Room|[of] p2a: Slowking\n|\n|-damage|p2a: Slowking|94/100 brn|[from] brn\n|upkeep\n|turn|2\n|\n|t:|1782434470\n|-prepare|p2a: Slowking|Chilly Reception|[premajor]\n|move|p2a: Slowking|Chilly Reception|p2a: Slowking\n|-weather|Snowscape\n|\n|t:|1782434494\n|switch|p2a: Glastrier|Glastrier|100/100|[from] Chilly Reception\n|move|p1a: Weezing|Will-O-Wisp|p2a: Glastrier|[miss]\n|-miss|p1a: Weezing|p2a: Glastrier\n|\n|-weather|Snowscape|[upkeep]\n|upkeep\n|turn|3\n|\n|t:|1782434504\n|move|p2a: Glastrier|Icicle Crash|p1a: Weezing\n|-damage|p1a: Weezing|65/100\n|move|p1a: Weezing|Will-O-Wisp|p2a: Glastrier\n|-status|p2a: Glastrier|brn\n|\n|-weather|Snowscape|[upkeep]\n|-damage|p2a: Glastrier|94/100 brn|[from] brn\n|upkeep\n|turn|4\n|\n|t:|1782434512\n|move|p2a: Glastrier|High Horsepower|p1a: Weezing\n|-supereffective|p1a: Weezing\n|-damage|p1a: Weezing|39/100\n|move|p1a: Weezing|Pain Split|p2a: Glastrier\n|-sethp|p2a: Glastrier|66/100 brn|[from] move: Pain Split|[silent]\n|-sethp|p1a: Weezing|68/100|[from] move: Pain Split\n|\n|-weather|Snowscape|[upkeep]\n|-damage|p2a: Glastrier|60/100 brn|[from] brn\n|upkeep\n|turn|5\n|\n|t:|1782434520\n|-end|p1a: Weezing|ability: Neutralizing Gas\n|switch|p1a: Skarmory|Skarmory, M, shiny|100/100\n|move|p2a: Glastrier|Zen Headbutt|p1a: Skarmory\n|-resisted|p1a: Skarmory\n|-damage|p1a: Skarmory|96/100\n|-damage|p2a: Glastrier|44/100 brn|[from] item: Rocky Helmet|[of] p1a: Skarmory\n|\n|-weather|Snowscape|[upkeep]\n|-damage|p2a: Glastrier|37/100 brn|[from] brn\n|-fieldend|move: Trick Room\n|upkeep\n|turn|6\n|\n|t:|1782434529\n|switch|p2a: Porygon2|Porygon2|100/100\n|-ability|p2a: Porygon2|Sturdy|Trace|[from] ability: Trace|[of] p1a: Skarmory\n|move|p1a: Skarmory|Spikes|p2a: Porygon2\n|-sidestart|p2: wertnerve|Spikes\n|\n|-weather|Snowscape|[upkeep]\n|upkeep\n|turn|7\n|\n|t:|1782434535\n|move|p1a: Skarmory|Taunt|p2a: Porygon2\n|-start|p2a: Porygon2|move: Taunt\n|cant|p2a: Porygon2|move: Taunt|Thunder Wave\n|\n|-weather|Snowscape|[upkeep]\n|upkeep\n|turn|8\n|\n|t:|1782434543\n|move|p1a: Skarmory|Body Press|p2a: Porygon2\n|-supereffective|p2a: Porygon2\n|-damage|p2a: Porygon2|62/100\n|move|p2a: Porygon2|Foul Play|p1a: Skarmory\n|-crit|p1a: Skarmory\n|-damage|p1a: Skarmory|83/100\n|-damage|p2a: Porygon2|45/100|[from] item: Rocky Helmet|[of] p1a: Skarmory\n|\n|-weather|Snowscape|[upkeep]\n|upkeep\n|turn|9\n|\n|t:|1782434556\n|switch|p2a: Slowking|Slowking-Galar, M|94/100 brn\n|-damage|p2a: Slowking|82/100 brn|[from] Spikes\n|move|p1a: Skarmory|Body Press|p2a: Slowking\n|-resisted|p2a: Slowking\n|-damage|p2a: Slowking|75/100 brn\n|\n|-weather|none\n|-damage|p2a: Slowking|69/100 brn|[from] brn\n|upkeep\n|turn|10\n|\n|t:|1782434559\n|move|p1a: Skarmory|Taunt|p2a: Slowking\n|-start|p2a: Slowking|move: Taunt\n|cant|p2a: Slowking|move: Taunt|Trick Room\n|\n|-damage|p2a: Slowking|63/100 brn|[from] brn\n|upkeep\n|turn|11\n|\n|t:|1782434572\n|switch|p2a: Glastrier|Glastrier|37/100 brn\n|-damage|p2a: Glastrier|25/100 brn|[from] Spikes\n|move|p1a: Skarmory|Spikes|p2a: Glastrier\n|-sidestart|p2: wertnerve|Spikes\n|\n|-damage|p2a: Glastrier|19/100 brn|[from] brn\n|upkeep\n|turn|12\n|\n|t:|1782434584\n|move|p1a: Skarmory|Spikes|p2a: Glastrier\n|-sidestart|p2: wertnerve|Spikes\n|move|p2a: Glastrier|Icicle Crash|p1a: Skarmory\n|-damage|p1a: Skarmory|66/100\n|\n|-damage|p2a: Glastrier|13/100 brn|[from] brn\n|upkeep\n|turn|13\n|\n|t:|1782434599\n|switch|p2a: Quaquaval|Quaquaval, M|100/100\n|-damage|p2a: Quaquaval|76/100|[from] Spikes\n|move|p1a: Skarmory|Roost|p1a: Skarmory\n|-heal|p1a: Skarmory|100/100\n|-singleturn|p1a: Skarmory|move: Roost\n|\n|upkeep\n|turn|14\n|\n|t:|1782434606\n|move|p2a: Quaquaval|Rapid Spin|p1a: Skarmory\n|-resisted|p1a: Skarmory\n|-damage|p1a: Skarmory|95/100\n|-boost|p2a: Quaquaval|spe|1\n|-damage|p2a: Quaquaval|59/100|[from] item: Rocky Helmet|[of] p1a: Skarmory\n|-sideend|p2: wertnerve|Spikes|[from] move: Rapid Spin|[of] p2a: Quaquaval\n|move|p1a: Skarmory|Body Press|p2a: Quaquaval\n|-damage|p2a: Quaquaval|17/100\n|\n|upkeep\n|turn|15\n|\n|t:|1782434613\n|switch|p2a: Slowking|Slowking-Galar, M|96/100 brn\n|move|p1a: Skarmory|Spikes|p2a: Slowking\n|-sidestart|p2: wertnerve|Spikes\n|\n|-damage|p2a: Slowking|90/100 brn|[from] brn\n|upkeep\n|turn|16\n|\n|t:|1782434619\n|move|p1a: Skarmory|Taunt|p2a: Slowking\n|-start|p2a: Slowking|move: Taunt\n|cant|p2a: Slowking|move: Taunt|Trick Room\n|\n|-damage|p2a: Slowking|84/100 brn|[from] brn\n|upkeep\n|turn|17\n|inactive|Battle timer is ON: inactive players will automatically lose when time's up. (requested by mirkay)\n|\n|t:|1782434636\n|switch|p2a: Glastrier|Glastrier|13/100 brn\n|-damage|p2a: Glastrier|0 fnt|[from] Spikes\n|faint|p2a: Glastrier\n|move|p1a: Skarmory|Spikes|p2: Glastrier\n|-sidestart|p2: wertnerve|Spikes\n|\n|upkeep\n|\n|t:|1782434638\n|switch|p2a: Vaporeoñ|Glaceon, F, shiny|100/100\n|-damage|p2a: Vaporeoñ|84/100|[from] Spikes\n|turn|18\n|\n|t:|1782434643\n|move|p1a: Skarmory|Taunt|p2a: Vaporeoñ\n|-start|p2a: Vaporeoñ|move: Taunt\n|move|p2a: Vaporeoñ|Blizzard|p1a: Skarmory|[miss]\n|-miss|p2a: Vaporeoñ|p1a: Skarmory\n|\n|-heal|p2a: Vaporeoñ|90/100|[from] item: Leftovers\n|upkeep\n|turn|19\n|\n|t:|1782434648\n|switch|p2a: Ninetales|Ninetales-Alola, F|100/100\n|-damage|p2a: Ninetales|84/100|[from] Spikes\n|-weather|Snowscape|[from] ability: Snow Warning|[of] p2a: Ninetales\n|move|p1a: Skarmory|Body Press|p2a: Ninetales\n|-damage|p2a: Ninetales|61/100\n|\n|-weather|Snowscape|[upkeep]\n|upkeep\n|turn|20\n|\n|t:|1782434664\n|move|p2a: Ninetales|Aurora Veil|p2a: Ninetales\n|-sidestart|p2: wertnerve|move: Aurora Veil\n|move|p1a: Skarmory|Spikes|p2a: Ninetales\n|-sidestart|p2: wertnerve|Spikes\n|\n|-weather|Snowscape|[upkeep]\n|upkeep\n|turn|21\n|\n|t:|1782434675\n|switch|p2a: Slowking|Slowking-Galar, M|100/100 brn\n|-damage|p2a: Slowking|76/100 brn|[from] Spikes\n|switch|p1a: Alomomola|Alomomola, M, shiny|100/100\n|\n|-weather|Snowscape|[upkeep]\n|-damage|p2a: Slowking|70/100 brn|[from] brn\n|upkeep\n|turn|22\n|\n|t:|1782434686\n|switch|p2a: Vaporeoñ|Glaceon, F, shiny|90/100\n|-damage|p2a: Vaporeoñ|65/100|[from] Spikes\n|move|p1a: Alomomola|Flip Turn|p2a: Vaporeoñ\n|-damage|p2a: Vaporeoñ|60/100\n|\n|t:|1782434691\n|switch|p1a: Skarmory|Skarmory, M, shiny|95/100|[from] Flip Turn\n|\n|-weather|Snowscape|[upkeep]\n|-heal|p2a: Vaporeoñ|65/100|[from] ability: Ice Body\n|-heal|p2a: Vaporeoñ|71/100|[from] item: Leftovers\n|upkeep\n|turn|23\n|\n|t:|1782434700\n|switch|p1a: Alomomola|Alomomola, M, shiny|100/100\n|-terastallize|p2a: Vaporeoñ|Ghost\n|move|p2a: Vaporeoñ|Blizzard|p1a: Alomomola\n|-resisted|p1a: Alomomola\n|-damage|p1a: Alomomola|86/100\n|\n|-weather|none\n|-heal|p2a: Vaporeoñ|77/100|[from] item: Leftovers\n|upkeep\n|turn|24\n|\n|t:|1782434709\n|move|p2a: Vaporeoñ|Freeze-Dry|p1a: Alomomola\n|-supereffective|p1a: Alomomola\n|-damage|p1a: Alomomola|44/100\n|move|p1a: Alomomola|Mirror Coat|p2a: Vaporeoñ\n|-damage|p2a: Vaporeoñ|0 fnt\n|faint|p2a: Vaporeoñ\n|\n|upkeep\n|\n|t:|1782434722\n|switch|p2a: Ninetales|Ninetales-Alola, F|61/100\n|-damage|p2a: Ninetales|36/100|[from] Spikes\n|-weather|Snowscape|[from] ability: Snow Warning|[of] p2a: Ninetales\n|turn|25\n|\n|t:|1782434738\n|move|p2a: Ninetales|Nasty Plot|p2a: Ninetales\n|-boost|p2a: Ninetales|spa|2\n|move|p1a: Alomomola|Mirror Coat||[still]\n|-fail|p1a: Alomomola\n|\n|-weather|Snowscape|[upkeep]\n|upkeep\n|turn|26\n|\n|t:|1782434762\n|move|p2a: Ninetales|Draining Kiss|p1a: Alomomola\n|-damage|p1a: Alomomola|28/100\n|-heal|p2a: Ninetales|58/100|[from] drain|[of] p1a: Alomomola\n|move|p1a: Alomomola|Flip Turn|p2a: Ninetales\n|-damage|p2a: Ninetales|52/100\n|\n|t:|1782434772\n|switch|p1a: Clodsire|Clodsire, M, shiny|100/100|[from] Flip Turn\n|\n|-weather|Snowscape|[upkeep]\n|upkeep\n|turn|27\n|\n|t:|1782434792\n|-terastallize|p1a: Clodsire|Steel\n|move|p2a: Ninetales|Nasty Plot|p2a: Ninetales\n|-boost|p2a: Ninetales|spa|2\n|move|p1a: Clodsire|Toxic|p2a: Ninetales|[miss]\n|-miss|p1a: Clodsire|p2a: Ninetales\n|\n|-weather|Snowscape|[upkeep]\n|-sideend|p2: wertnerve|move: Aurora Veil\n|upkeep\n|turn|28\n|\n|t:|1782434802\n|move|p2a: Ninetales|Dark Pulse|p1a: Clodsire\n|-damage|p1a: Clodsire|90/100\n|move|p1a: Clodsire|Stealth Rock|p2a: Ninetales\n|-sidestart|p2: wertnerve|move: Stealth Rock\n|\n|-weather|Snowscape|[upkeep]\n|upkeep\n|turn|29\n|-message|wertnerve forfeited.\n|\n|win|mirkay\n|raw|mirkay's rating: 1246 &rarr; <strong>1271</strong><br />(+25 for winning)\n|raw|wertnerve's rating: 1241 &rarr; <strong>1216</strong><br />(-25 for losing)\n", "uploadtime": 1782435139, "views": 13, "formatid": "gen9ou", "rating": 1216, "private": 0, "password": null}