{"id": "gen9ou-2647721270", "format": "[Gen 9] OU", "players": ["Jsgb50", "Jd5657"], "log": "|j|☆Jsgb50\n|j|☆Jd5657\n|t:|1783801565\n|gametype|singles\n|player|p1|Jsgb50|102|1071\n|player|p2|Jd5657|101|1117\n|gen|9\n|tier|[Gen 9] OU\n|rated|\n|rule|HP Percentage Mod: HP is shown in percentages\n|rule|Endless Battle Clause: Forcing endless battles is banned\n|rule|Species Clause: Limit one of each Pokémon\n|rule|OHKO Clause: OHKO moves are banned\n|rule|Evasion Items Clause: Evasion items are banned\n|rule|Evasion Moves Clause: Evasion moves are banned\n|rule|Evasion Abilities Clause: Evasion abilities are banned\n|rule|Sleep Moves Clause: Sleep-inducing moves are banned\n|clearpoke\n|poke|p1|Venusaur, M|\n|poke|p1|Weezing, F|\n|poke|p1|Sneasel, M|\n|poke|p1|Jolteon, F|\n|poke|p1|Sandslash, F|\n|poke|p1|Houndoom, F|\n|poke|p2|Clefable, M|\n|poke|p2|Espeon, F|\n|poke|p2|Great Tusk|\n|poke|p2|Suicune|\n|poke|p2|Maushold-Four|\n|poke|p2|Malamar, F|\n|teampreview\n|inactive|Battle timer is ON: inactive players will automatically lose when time's up. (requested by Jsgb50)\n|\n|t:|1783801572\n|teamsize|p1|6\n|teamsize|p2|6\n|start\n|switch|p1a: Weezing|Weezing, F|100/100\n|switch|p2a: Espeon|Espeon, F|100/100\n|turn|1\n|\n|t:|1783801583\n|switch|p1a: Sneasel|Sneasel, M|100/100\n|move|p2a: Espeon|Trick|p1a: Sneasel\n|-activate|p2a: Espeon|move: Trick|[of] p1a: Sneasel\n|-item|p1a: Sneasel|Choice Scarf|[from] move: Trick\n|-item|p2a: Espeon|Heavy-Duty Boots|[from] move: Trick\n|\n|upkeep\n|turn|2\n|\n|t:|1783801593\n|move|p1a: Sneasel|Knock Off|p2a: Espeon\n|-supereffective|p2a: Espeon\n|-damage|p2a: Espeon|0 fnt\n|-enditem|p2a: Espeon|Heavy-Duty Boots|[from] move: Knock Off|[of] p1a: Sneasel\n|faint|p2a: Espeon\n|\n|upkeep\n|\n|t:|1783801596\n|switch|p2a: Great Tusk|Great Tusk|100/100\n|-enditem|p2a: Great Tusk|Booster Energy\n|-activate|p2a: Great Tusk|ability: Protosynthesis|[fromitem]\n|-start|p2a: Great Tusk|protosynthesisdef\n|turn|3\n|\n|t:|1783801616\n|switch|p1a: Weezing|Weezing, F|100/100\n|move|p2a: Great Tusk|Rapid Spin|p1a: Weezing\n|-damage|p1a: Weezing|90/100\n|-boost|p2a: Great Tusk|spe|1\n|-damage|p2a: Great Tusk|84/100|[from] item: Rocky Helmet|[of] p1a: Weezing\n|\n|upkeep\n|turn|4\n|\n|t:|1783801631\n|move|p2a: Great Tusk|Ice Spinner|p1a: Weezing\n|-damage|p1a: Weezing|73/100\n|-damage|p2a: Great Tusk|68/100|[from] item: Rocky Helmet|[of] p1a: Weezing\n|move|p1a: Weezing|Will-O-Wisp|p2a: Great Tusk\n|-status|p2a: Great Tusk|brn\n|\n|-damage|p2a: Great Tusk|61/100 brn|[from] brn\n|upkeep\n|turn|5\n|\n|t:|1783801652\n|-end|p2a: Great Tusk|Protosynthesis|[silent]\n|switch|p2a: Clefable|Clefable, M|100/100\n|move|p1a: Weezing|Sludge Bomb|p2a: Clefable\n|-supereffective|p2a: Clefable\n|-damage|p2a: Clefable|57/100\n|\n|-heal|p2a: Clefable|63/100|[from] item: Leftovers\n|upkeep\n|turn|6\n|\n|t:|1783801663\n|move|p1a: Weezing|Will-O-Wisp|p2a: Clefable\n|-status|p2a: Clefable|brn\n|move|p2a: Clefable|Cosmic Power|p2a: Clefable\n|-boost|p2a: Clefable|def|1\n|-boost|p2a: Clefable|spd|1\n|\n|-heal|p2a: Clefable|70/100 brn|[from] item: Leftovers\n|upkeep\n|turn|7\n|\n|t:|1783801676\n|move|p1a: Weezing|Sludge Bomb|p2a: Clefable\n|-supereffective|p2a: Clefable\n|-damage|p2a: Clefable|42/100 brn\n|move|p2a: Clefable|Cosmic Power|p2a: Clefable\n|-boost|p2a: Clefable|def|1\n|-boost|p2a: Clefable|spd|1\n|\n|-heal|p2a: Clefable|48/100 brn|[from] item: Leftovers\n|upkeep\n|turn|8\n|\n|t:|1783801687\n|move|p1a: Weezing|Sludge Bomb|p2a: Clefable\n|-supereffective|p2a: Clefable\n|-damage|p2a: Clefable|28/100 brn\n|move|p2a: Clefable|Moonlight|p2a: Clefable\n|-heal|p2a: Clefable|78/100 brn\n|\n|-heal|p2a: Clefable|84/100 brn|[from] item: Leftovers\n|upkeep\n|turn|9\n|inactive|Jsgb50 has 120 seconds left.\n|\n|t:|1783801708\n|move|p1a: Weezing|Toxic Spikes|p2a: Clefable\n|-sidestart|p2: Jd5657|move: Toxic Spikes\n|move|p2a: Clefable|Cosmic Power|p2a: Clefable\n|-boost|p2a: Clefable|def|1\n|-boost|p2a: Clefable|spd|1\n|\n|-heal|p2a: Clefable|90/100 brn|[from] item: Leftovers\n|upkeep\n|turn|10\n|inactive|Jsgb50 has 120 seconds left.\n|\n|t:|1783801729\n|move|p1a: Weezing|Toxic Spikes|p2a: Clefable\n|-sidestart|p2: Jd5657|move: Toxic Spikes\n|move|p2a: Clefable|Cosmic Power|p2a: Clefable\n|-boost|p2a: Clefable|def|1\n|-boost|p2a: Clefable|spd|1\n|\n|-heal|p2a: Clefable|96/100 brn|[from] item: Leftovers\n|upkeep\n|turn|11\n|\n|t:|1783801753\n|move|p1a: Weezing|Sludge Bomb|p2a: Clefable\n|-supereffective|p2a: Clefable\n|-damage|p2a: Clefable|82/100 brn\n|move|p2a: Clefable|Cosmic Power|p2a: Clefable\n|-boost|p2a: Clefable|def|1\n|-boost|p2a: Clefable|spd|1\n|\n|-heal|p2a: Clefable|88/100 brn|[from] item: Leftovers\n|upkeep\n|turn|12\n|\n|t:|1783801764\n|move|p1a: Weezing|Sludge Bomb|p2a: Clefable\n|-supereffective|p2a: Clefable\n|-damage|p2a: Clefable|76/100 brn\n|move|p2a: Clefable|Cosmic Power|p2a: Clefable\n|-boost|p2a: Clefable|def|1\n|-boost|p2a: Clefable|spd|1\n|\n|-heal|p2a: Clefable|82/100 brn|[from] item: Leftovers\n|upkeep\n|turn|13\n|\n|t:|1783801776\n|move|p1a: Weezing|Sludge Bomb|p2a: Clefable\n|-supereffective|p2a: Clefable\n|-damage|p2a: Clefable|72/100 brn\n|move|p2a: Clefable|Charge Beam|p1a: Weezing\n|-damage|p1a: Weezing|57/100\n|-boost|p2a: Clefable|spa|1\n|\n|-heal|p2a: Clefable|78/100 brn|[from] item: Leftovers\n|upkeep\n|turn|14\n|\n|t:|1783801788\n|switch|p1a: Sandslash|Sandslash, F|100/100\n|move|p2a: Clefable|Stored Power|p1a: Sandslash\n|-damage|p1a: Sandslash|0 fnt\n|faint|p1a: Sandslash\n|\n|-heal|p2a: Clefable|85/100 brn|[from] item: Leftovers\n|upkeep\n|inactive|Jsgb50 has 90 seconds left.\n|\n|t:|1783801811\n|switch|p1a: Venusaur|Venusaur, M|100/100\n|turn|15\n|\n|t:|1783801814\n|move|p1a: Venusaur|Leech Seed|p2a: Clefable\n|-start|p2a: Clefable|move: Leech Seed\n|move|p2a: Clefable|Stored Power|p1a: Venusaur\n|-supereffective|p1a: Venusaur\n|-damage|p1a: Venusaur|0 fnt\n|faint|p1a: Venusaur\n|\n|-heal|p2a: Clefable|91/100 brn|[from] item: Leftovers\n|upkeep\n|inactive|Jsgb50 has 90 seconds left.\n|\n|t:|1783801824\n|switch|p1a: Houndoom|Houndoom, F|100/100\n|turn|16\n|\n|t:|1783801829\n|move|p1a: Houndoom|Substitute|p1a: Houndoom\n|-start|p1a: Houndoom|Substitute\n|-damage|p1a: Houndoom|76/100\n|move|p2a: Clefable|Charge Beam|p1a: Houndoom\n|-end|p1a: Houndoom|Substitute\n|-boost|p2a: Clefable|spa|1\n|\n|-heal|p2a: Clefable|97/100 brn|[from] item: Leftovers\n|upkeep\n|turn|17\n|\n|t:|1783801847\n|move|p1a: Houndoom|Fire Blast|p2a: Clefable\n|-crit|p2a: Clefable\n|-damage|p2a: Clefable|42/100 brn\n|move|p2a: Clefable|Charge Beam|p1a: Houndoom\n|-damage|p1a: Houndoom|43/100\n|-boost|p2a: Clefable|spa|1\n|\n|-heal|p2a: Clefable|48/100 brn|[from] item: Leftovers\n|upkeep\n|turn|18\n|\n|t:|1783801857\n|move|p1a: Houndoom|Fire Blast|p2a: Clefable\n|-damage|p2a: Clefable|38/100 brn\n|move|p2a: Clefable|Moonlight|p2a: Clefable\n|-heal|p2a: Clefable|88/100 brn\n|\n|-heal|p2a: Clefable|94/100 brn|[from] item: Leftovers\n|upkeep\n|turn|19\n|\n|t:|1783801868\n|move|p1a: Houndoom|Substitute|p1a: Houndoom\n|-start|p1a: Houndoom|Substitute\n|-damage|p1a: Houndoom|18/100\n|move|p2a: Clefable|Charge Beam|p1a: Houndoom\n|-end|p1a: Houndoom|Substitute\n|-boost|p2a: Clefable|spa|1\n|\n|-heal|p2a: Clefable|99/100 brn|[from] item: Leftovers\n|upkeep\n|turn|20\n|\n|t:|1783801879\n|move|p1a: Houndoom|Fire Blast|p2a: Clefable\n|-damage|p2a: Clefable|91/100 brn\n|move|p2a: Clefable|Charge Beam|p1a: Houndoom\n|-damage|p1a: Houndoom|0 fnt\n|faint|p1a: Houndoom\n|\n|-heal|p2a: Clefable|97/100 brn|[from] item: Leftovers\n|upkeep\n|inactive|Jsgb50 has 90 seconds left.\n|\n|t:|1783801892\n|switch|p1a: Sneasel|Sneasel, M|100/100\n|turn|21\n|\n|t:|1783801898\n|move|p1a: Sneasel|Knock Off|p2a: Clefable\n|-resisted|p2a: Clefable\n|-damage|p2a: Clefable|91/100 brn\n|-enditem|p2a: Clefable|Leftovers|[from] move: Knock Off|[of] p1a: Sneasel\n|move|p2a: Clefable|Charge Beam|p1a: Sneasel|[miss]\n|-miss|p2a: Clefable|p1a: Sneasel\n|\n|upkeep\n|turn|22\n|\n|t:|1783801913\n|switch|p1a: Weezing|Weezing, F|57/100\n|move|p2a: Clefable|Charge Beam|p1a: Weezing\n|-damage|p1a: Weezing|14/100\n|-boost|p2a: Clefable|spa|1\n|\n|upkeep\n|turn|23\n|\n|t:|1783801922\n|move|p1a: Weezing|Pain Split|p2a: Clefable\n|-sethp|p2a: Clefable|52/100 brn|[from] move: Pain Split|[silent]\n|-sethp|p1a: Weezing|61/100|[from] move: Pain Split\n|move|p2a: Clefable|Charge Beam|p1a: Weezing\n|-damage|p1a: Weezing|12/100\n|-boost|p2a: Clefable|spa|1\n|\n|upkeep\n|turn|24\n|\n|t:|1783801931\n|move|p1a: Weezing|Pain Split|p2a: Clefable\n|-sethp|p2a: Clefable|31/100 brn|[from] move: Pain Split|[silent]\n|-sethp|p1a: Weezing|36/100|[from] move: Pain Split\n|move|p2a: Clefable|Stored Power|p1a: Weezing\n|-supereffective|p1a: Weezing\n|-damage|p1a: Weezing|0 fnt\n|faint|p1a: Weezing\n|\n|upkeep\n|inactive|Jsgb50 has 90 seconds left.\n|\n|t:|1783801955\n|switch|p1a: Sneasel|Sneasel, M|100/100\n|turn|25\n|\n|t:|1783801964\n|-terastallize|p1a: Sneasel|Ice\n|move|p1a: Sneasel|Triple Axel|p2a: Clefable\n|-damage|p2a: Clefable|28/100 brn\n|-damage|p2a: Clefable|21/100 brn\n|-damage|p2a: Clefable|12/100 brn\n|-hitcount|p2a: Clefable|3\n|move|p2a: Clefable|Moonlight|p2a: Clefable\n|-heal|p2a: Clefable|62/100 brn\n|\n|upkeep\n|turn|26\n|\n|t:|1783801977\n|switch|p1a: Jolteon|Jolteon, F|100/100\n|move|p2a: Clefable|Moonlight|p2a: Clefable\n|-heal|p2a: Clefable|100/100 brn\n|\n|upkeep\n|turn|27\n|\n|t:|1783801985\n|move|p1a: Jolteon|Calm Mind|p1a: Jolteon\n|-boost|p1a: Jolteon|spa|1\n|-boost|p1a: Jolteon|spd|1\n|move|p2a: Clefable|Stored Power|p1a: Jolteon\n|-damage|p1a: Jolteon|0 fnt\n|faint|p1a: Jolteon\n|\n|upkeep\n|\n|t:|1783801992\n|switch|p1a: Sneasel|Sneasel, M, tera:Ice|100/100\n|turn|28\n|\n|t:|1783801997\n|move|p1a: Sneasel|Ice Shard|p2a: Clefable\n|-damage|p2a: Clefable|94/100 brn\n|move|p2a: Clefable|Charge Beam|p1a: Sneasel|[miss]\n|-miss|p2a: Clefable|p1a: Sneasel\n|\n|upkeep\n|turn|29\n|\n|t:|1783802004\n|move|p1a: Sneasel|Ice Shard|p2a: Clefable\n|-damage|p2a: Clefable|88/100 brn\n|move|p2a: Clefable|Stored Power|p1a: Sneasel\n|-damage|p1a: Sneasel|0 fnt\n|faint|p1a: Sneasel\n|\n|win|Jd5657\n|raw|Jsgb50's rating: 1071 &rarr; <strong>1053</strong><br />(-18 for losing)\n|raw|Jd5657's rating: 1117 &rarr; <strong>1139</strong><br />(+22 for winning)\n|l|☆Jd5657\n|player|p2|\n|l|☆Jsgb50\n|player|p1|\n", "uploadtime": 1783802353, "views": 4, "formatid": "gen9ou", "rating": 1053, "private": 0, "password": null}