{"id": "gen9ou-2639242636", "format": "[Gen 9] OU", "players": ["Kulrit", "grgwrgwegwe"], "log": "|j|☆Kulrit\n|j|☆grgwrgwegwe\n|t:|1782439336\n|gametype|singles\n|player|p1|Kulrit|170|1234\n|player|p2|grgwrgwegwe|nurse|1169\n|gen|9\n|tier|[Gen 9] OU\n|rated|\n|rule|HP Percentage Mod: HP is shown in percentages\n|rule|Endless Battle Clause: Forcing endless battles is banned\n|rule|Species Clause: Limit one of each Pokémon\n|rule|OHKO Clause: OHKO moves are banned\n|rule|Evasion Items Clause: Evasion items are banned\n|rule|Evasion Moves Clause: Evasion moves are banned\n|rule|Evasion Abilities Clause: Evasion abilities are banned\n|rule|Sleep Moves Clause: Sleep-inducing moves are banned\n|clearpoke\n|poke|p1|Great Tusk|\n|poke|p1|Raging Bolt|\n|poke|p1|Walking Wake|\n|poke|p1|Ninetales, M|\n|poke|p1|Leavanny, M|\n|poke|p1|Ceruledge, F|\n|poke|p2|Basculegion, M|\n|poke|p2|Magnezone|\n|poke|p2|Regidrago|\n|poke|p2|Sylveon, M|\n|poke|p2|Slaking, M|\n|poke|p2|Great Tusk|\n|teampreview\n|inactive|Battle timer is ON: inactive players will automatically lose when time's up. (requested by Kulrit)\n|\n|t:|1782439340\n|teamsize|p1|6\n|teamsize|p2|6\n|start\n|switch|p1a: Leavanny|Leavanny, M|100/100\n|switch|p2a: Zlurp|Magnezone|100/100\n|turn|1\n|\n|t:|1782439346\n|move|p1a: Leavanny|Sticky Web|p2a: Zlurp\n|-sidestart|p2: grgwrgwegwe|move: Sticky Web\n|move|p2a: Zlurp|Flash Cannon|p1a: Leavanny\n|-damage|p1a: Leavanny|0 fnt\n|faint|p1a: Leavanny\n|\n|upkeep\n|\n|t:|1782439349\n|switch|p1a: Ninetales|Ninetales, M|100/100\n|-weather|SunnyDay|[from] ability: Drought|[of] p1a: Ninetales\n|turn|2\n|\n|t:|1782439366\n|switch|p2a: The Dripper|Basculegion, M|100/100\n|-activate|p2a: The Dripper|move: Sticky Web\n|-unboost|p2a: The Dripper|spe|1\n|move|p1a: Ninetales|Weather Ball|p2a: The Dripper\n|-resisted|p2a: The Dripper\n|-damage|p2a: The Dripper|71/100\n|\n|-weather|SunnyDay|[upkeep]\n|upkeep\n|turn|3\n|\n|t:|1782439378\n|switch|p1a: Ceruledge|Ceruledge, F|100/100\n|move|p2a: The Dripper|Substitute|p2a: The Dripper\n|-start|p2a: The Dripper|Substitute\n|-damage|p2a: The Dripper|46/100\n|\n|-weather|SunnyDay|[upkeep]\n|upkeep\n|turn|4\n|\n|t:|1782439384\n|move|p1a: Ceruledge|Bitter Blade|p2a: The Dripper\n|-resisted|p2a: The Dripper\n|-end|p2a: The Dripper|Substitute\n|move|p2a: The Dripper|Scale Shot|p1a: Ceruledge\n|-damage|p1a: Ceruledge|87/100\n|-ability|p1a: Ceruledge|Weak Armor|boost\n|-unboost|p1a: Ceruledge|def|1\n|-boost|p1a: Ceruledge|spe|2\n|-damage|p1a: Ceruledge|69/100\n|-ability|p1a: Ceruledge|Weak Armor|boost\n|-unboost|p1a: Ceruledge|def|1\n|-boost|p1a: Ceruledge|spe|2\n|-hitcount|p1a: Ceruledge|2\n|-unboost|p2a: The Dripper|def|1\n|-boost|p2a: The Dripper|spe|1\n|\n|-weather|SunnyDay|[upkeep]\n|upkeep\n|turn|5\n|\n|t:|1782439395\n|move|p1a: Ceruledge|Poltergeist|p2a: The Dripper\n|-activate|p2a: The Dripper|move: Poltergeist|Custap Berry\n|-supereffective|p2a: The Dripper\n|-damage|p2a: The Dripper|0 fnt\n|faint|p2a: The Dripper\n|\n|-weather|SunnyDay|[upkeep]\n|upkeep\n|\n|t:|1782439401\n|switch|p2a: CBT|Regidrago|100/100\n|-activate|p2a: CBT|move: Sticky Web\n|-unboost|p2a: CBT|spe|1\n|turn|6\n|\n|t:|1782439408\n|move|p1a: Ceruledge|Poltergeist|p2a: CBT\n|-activate|p2a: CBT|move: Poltergeist|Roseli Berry\n|-damage|p2a: CBT|34/100\n|move|p2a: CBT|Draco Meteor|p1a: Ceruledge\n|-damage|p1a: Ceruledge|0 fnt\n|-unboost|p2a: CBT|spa|2\n|faint|p1a: Ceruledge\n|\n|-weather|SunnyDay|[upkeep]\n|upkeep\n|\n|t:|1782439425\n|switch|p1a: Walking Wake|Walking Wake|100/100\n|-activate|p1a: Walking Wake|ability: Protosynthesis\n|-start|p1a: Walking Wake|protosynthesisspe\n|turn|7\n|\n|t:|1782439429\n|-terastallize|p1a: Walking Wake|Water\n|move|p1a: Walking Wake|Hydro Steam|p2a: CBT\n|-resisted|p2a: CBT\n|-damage|p2a: CBT|0 fnt\n|faint|p2a: CBT\n|\n|-weather|SunnyDay|[upkeep]\n|upkeep\n|\n|t:|1782439434\n|switch|p2a: >.*{|Slaking, M|100/100\n|-activate|p2a: >.*{|move: Sticky Web\n|-unboost|p2a: >.*{|spe|1\n|turn|8\n|\n|t:|1782439443\n|move|p1a: Walking Wake|Hydro Steam|p2a: >.*{\n|-damage|p2a: >.*{|5/100\n|move|p2a: >.*{|Mega Kick|p1a: Walking Wake\n|-damage|p1a: Walking Wake|0 fnt\n|faint|p1a: Walking Wake\n|-end|p1a: Walking Wake|Protosynthesis|[silent]\n|\n|-weather|SunnyDay|[upkeep]\n|upkeep\n|\n|t:|1782439448\n|switch|p1a: Great Tusk|Great Tusk|100/100\n|-activate|p1a: Great Tusk|ability: Protosynthesis\n|-start|p1a: Great Tusk|protosynthesisspe\n|turn|9\n|\n|t:|1782439452\n|move|p1a: Great Tusk|Rapid Spin|p2a: >.*{\n|-damage|p2a: >.*{|0 fnt\n|-boost|p1a: Great Tusk|spe|1\n|faint|p2a: >.*{\n|\n|-weather|none\n|-end|p1a: Great Tusk|Protosynthesis\n|upkeep\n|\n|t:|1782439455\n|switch|p2a: Jbai|Sylveon, M|100/100\n|-activate|p2a: Jbai|move: Sticky Web\n|-unboost|p2a: Jbai|spe|1\n|turn|10\n|\n|t:|1782439458\n|-end|p1a: Great Tusk|Protosynthesis|[silent]\n|switch|p1a: Ninetales|Ninetales, M|100/100\n|-weather|SunnyDay|[from] ability: Drought|[of] p1a: Ninetales\n|move|p2a: Jbai|Hyper Voice|p1a: Ninetales\n|-resisted|p1a: Ninetales\n|-damage|p1a: Ninetales|48/100\n|\n|-weather|SunnyDay|[upkeep]\n|upkeep\n|turn|11\n|\n|t:|1782439466\n|switch|p2a: Uno Reverse|Great Tusk|100/100\n|-activate|p2a: Uno Reverse|move: Sticky Web\n|-unboost|p2a: Uno Reverse|spe|1\n|-activate|p2a: Uno Reverse|ability: Protosynthesis\n|-start|p2a: Uno Reverse|protosynthesisatk\n|move|p1a: Ninetales|Memento|p2a: Uno Reverse\n|-unboost|p2a: Uno Reverse|atk|2\n|-unboost|p2a: Uno Reverse|spa|2\n|faint|p1a: Ninetales\n|\n|-weather|SunnyDay|[upkeep]\n|upkeep\n|\n|t:|1782439473\n|switch|p1a: Great Tusk|Great Tusk|100/100\n|-activate|p1a: Great Tusk|ability: Protosynthesis\n|-start|p1a: Great Tusk|protosynthesisspe\n|turn|12\n|\n|t:|1782439476\n|move|p1a: Great Tusk|Bulk Up|p1a: Great Tusk\n|-boost|p1a: Great Tusk|atk|1\n|-boost|p1a: Great Tusk|def|1\n|move|p2a: Uno Reverse|Bulk Up|p2a: Uno Reverse\n|-boost|p2a: Uno Reverse|atk|1\n|-boost|p2a: Uno Reverse|def|1\n|\n|-weather|SunnyDay|[upkeep]\n|upkeep\n|turn|13\n|\n|t:|1782439483\n|move|p1a: Great Tusk|Bulk Up|p1a: Great Tusk\n|-boost|p1a: Great Tusk|atk|1\n|-boost|p1a: Great Tusk|def|1\n|move|p2a: Uno Reverse|Bulk Up|p2a: Uno Reverse\n|-boost|p2a: Uno Reverse|atk|1\n|-boost|p2a: Uno Reverse|def|1\n|\n|-weather|SunnyDay|[upkeep]\n|upkeep\n|turn|14\n|\n|t:|1782439490\n|move|p1a: Great Tusk|Ice Spinner|p2a: Uno Reverse\n|-supereffective|p2a: Uno Reverse\n|-damage|p2a: Uno Reverse|74/100\n|move|p2a: Uno Reverse|Body Press|p1a: Great Tusk\n|-damage|p1a: Great Tusk|73/100\n|\n|-weather|SunnyDay|[upkeep]\n|upkeep\n|turn|15\n|\n|t:|1782439496\n|move|p1a: Great Tusk|Ice Spinner|p2a: Uno Reverse\n|-supereffective|p2a: Uno Reverse\n|-damage|p2a: Uno Reverse|46/100\n|move|p2a: Uno Reverse|Body Press|p1a: Great Tusk\n|-damage|p1a: Great Tusk|47/100\n|\n|-weather|SunnyDay|[upkeep]\n|upkeep\n|turn|16\n|\n|t:|1782439503\n|-terastallize|p2a: Uno Reverse|Dark\n|move|p1a: Great Tusk|Ice Spinner|p2a: Uno Reverse\n|-damage|p2a: Uno Reverse|31/100\n|move|p2a: Uno Reverse|Body Press|p1a: Great Tusk\n|-damage|p1a: Great Tusk|19/100\n|\n|-weather|SunnyDay|[upkeep]\n|upkeep\n|turn|17\n|\n|t:|1782439507\n|move|p1a: Great Tusk|Earthquake|p2a: Uno Reverse\n|-damage|p2a: Uno Reverse|4/100\n|move|p2a: Uno Reverse|Body Press|p1a: Great Tusk\n|-damage|p1a: Great Tusk|0 fnt\n|faint|p1a: Great Tusk\n|-end|p1a: Great Tusk|Protosynthesis|[silent]\n|\n|-weather|none\n|-end|p2a: Uno Reverse|Protosynthesis\n|upkeep\n|-enditem|p2a: Uno Reverse|Booster Energy\n|-activate|p2a: Uno Reverse|ability: Protosynthesis|[fromitem]\n|-start|p2a: Uno Reverse|protosynthesisdef\n|\n|t:|1782439509\n|switch|p1a: Raging Bolt|Raging Bolt|100/100\n|turn|18\n|\n|t:|1782439512\n|move|p1a: Raging Bolt|Thunderclap|p2a: Uno Reverse\n|-damage|p2a: Uno Reverse|0 fnt\n|faint|p2a: Uno Reverse\n|-end|p2a: Uno Reverse|Protosynthesis|[silent]\n|-damage|p1a: Raging Bolt|91/100|[from] item: Life Orb\n|\n|upkeep\n|\n|t:|1782439514\n|switch|p2a: Zlurp|Magnezone|100/100\n|-activate|p2a: Zlurp|move: Sticky Web\n|-unboost|p2a: Zlurp|spe|1\n|turn|19\n|\n|t:|1782439518\n|move|p1a: Raging Bolt|Calm Mind|p1a: Raging Bolt\n|-boost|p1a: Raging Bolt|spa|1\n|-boost|p1a: Raging Bolt|spd|1\n|move|p2a: Zlurp|Flash Cannon|p1a: Raging Bolt\n|-resisted|p1a: Raging Bolt\n|-damage|p1a: Raging Bolt|60/100\n|\n|upkeep\n|turn|20\n|\n|t:|1782439523\n|move|p1a: Raging Bolt|Dragon Pulse|p2a: Zlurp\n|-resisted|p2a: Zlurp\n|-crit|p2a: Zlurp\n|-damage|p2a: Zlurp|19/100\n|-damage|p1a: Raging Bolt|50/100|[from] item: Life Orb\n|move|p2a: Zlurp|Flash Cannon|p1a: Raging Bolt\n|-resisted|p1a: Raging Bolt\n|-damage|p1a: Raging Bolt|24/100\n|\n|upkeep\n|turn|21\n|\n|t:|1782439529\n|move|p1a: Raging Bolt|Dragon Pulse|p2a: Zlurp\n|-resisted|p2a: Zlurp\n|-damage|p2a: Zlurp|0 fnt\n|faint|p2a: Zlurp\n|-damage|p1a: Raging Bolt|14/100|[from] item: Life Orb\n|\n|upkeep\n|\n|t:|1782439530\n|switch|p2a: Jbai|Sylveon, M|100/100\n|-activate|p2a: Jbai|move: Sticky Web\n|-unboost|p2a: Jbai|spe|1\n|turn|22\n|\n|t:|1782439532\n|move|p1a: Raging Bolt|Thunderbolt|p2a: Jbai\n|-damage|p2a: Jbai|17/100\n|-damage|p1a: Raging Bolt|4/100|[from] item: Life Orb\n|move|p2a: Jbai|Hyper Voice|p1a: Raging Bolt\n|-supereffective|p1a: Raging Bolt\n|-damage|p1a: Raging Bolt|0 fnt\n|faint|p1a: Raging Bolt\n|-end|p1a: Raging Bolt|Protosynthesis|[silent]\n|\n|win|grgwrgwegwe\n|raw|Kulrit's rating: 1234 &rarr; <strong>1204</strong><br />(-30 for losing)\n|raw|grgwrgwegwe's rating: 1169 &rarr; <strong>1199</strong><br />(+30 for winning)\n|l|☆Kulrit\n|player|p1|\n", "uploadtime": 1782439898, "views": 4, "formatid": "gen9ou", "rating": 1199, "private": 0, "password": null}