{"id": "gen9ou-2647841002", "format": "[Gen 9] OU", "players": ["chiapanco", "picture of 奇树"], "log": "|j|☆chiapanco\n|j|☆picture of 奇树\n|t:|1783822016\n|gametype|singles\n|player|p1|chiapanco|102|1417\n|player|p2|picture of 奇树|iono|1464\n|gen|9\n|tier|[Gen 9] OU\n|rated|\n|rule|HP Percentage Mod: HP is shown in percentages\n|rule|Endless Battle Clause: Forcing endless battles is banned\n|rule|Species Clause: Limit one of each Pokémon\n|rule|OHKO Clause: OHKO moves are banned\n|rule|Evasion Items Clause: Evasion items are banned\n|rule|Evasion Moves Clause: Evasion moves are banned\n|rule|Evasion Abilities Clause: Evasion abilities are banned\n|rule|Sleep Moves Clause: Sleep-inducing moves are banned\n|clearpoke\n|poke|p1|Great Tusk|\n|poke|p1|Slowking-Galar, M|\n|poke|p1|Ogerpon-Wellspring, F|\n|poke|p1|Raging Bolt|\n|poke|p1|Kingambit, M|\n|poke|p1|Kyurem|\n|poke|p2|Latios, M|\n|poke|p2|Zamazenta-*|\n|poke|p2|Samurott-Hisui, M|\n|poke|p2|Iron Treads|\n|poke|p2|Moltres|\n|poke|p2|Dragapult, M|\n|teampreview\n|inactive|Battle timer is ON: inactive players will automatically lose when time's up. (requested by chiapanco)\n|\n|t:|1783822031\n|teamsize|p1|6\n|teamsize|p2|6\n|start\n|switch|p1a: Raging Bolt|Raging Bolt|100/100\n|switch|p2a: Samurott|Samurott-Hisui, M|100/100\n|turn|1\n|\n|t:|1783822036\n|switch|p2a: Iron Treads|Iron Treads|100/100\n|move|p1a: Raging Bolt|Thunderbolt|p2a: Iron Treads\n|-immune|p2a: Iron Treads\n|\n|upkeep\n|turn|2\n|\n|t:|1783822052\n|-end|p1a: Raging Bolt|Protosynthesis|[silent]\n|switch|p1a: Ogerpon|Ogerpon-Wellspring, F|100/100\n|move|p2a: Iron Treads|Stealth Rock|p1a: Ogerpon\n|-sidestart|p1: chiapanco|move: Stealth Rock\n|\n|upkeep\n|turn|3\n|\n|t:|1783822058\n|-end|p2a: Iron Treads|Quark Drive|[silent]\n|switch|p2a: Dragapult|Dragapult, M|100/100\n|move|p1a: Ogerpon|Ivy Cudgel|p2a: Dragapult|[anim] Ivy Cudgel Water\n|-resisted|p2a: Dragapult\n|-damage|p2a: Dragapult|62/100\n|\n|upkeep\n|turn|4\n|\n|t:|1783822065\n|switch|p1a: Slowking|Slowking-Galar, M|100/100\n|-damage|p1a: Slowking|88/100|[from] Stealth Rock\n|move|p2a: Dragapult|U-turn|p1a: Slowking\n|-damage|p1a: Slowking|72/100\n|\n|t:|1783822072\n|switch|p2a: Samurott|Samurott-Hisui, M|100/100|[from] U-turn\n|\n|-heal|p1a: Slowking|78/100|[from] item: Leftovers\n|upkeep\n|turn|5\n|\n|t:|1783822075\n|switch|p1a: Raging Bolt|Raging Bolt|100/100\n|-damage|p1a: Raging Bolt|88/100|[from] Stealth Rock\n|move|p2a: Samurott|Ceaseless Edge|p1a: Raging Bolt\n|-damage|p1a: Raging Bolt|28/100\n|-sidestart|p1: chiapanco|Spikes\n|\n|-heal|p1a: Raging Bolt|34/100|[from] item: Leftovers\n|upkeep\n|turn|6\n|\n|t:|1783822081\n|move|p1a: Raging Bolt|Thunderclap|p2a: Samurott\n|-supereffective|p2a: Samurott\n|-damage|p2a: Samurott|0 fnt\n|faint|p2a: Samurott\n|\n|-heal|p1a: Raging Bolt|41/100|[from] item: Leftovers\n|upkeep\n|\n|t:|1783822088\n|switch|p2a: Iron Treads|Iron Treads|100/100\n|turn|7\n|\n|t:|1783822091\n|-end|p1a: Raging Bolt|Protosynthesis|[silent]\n|switch|p1a: Great Tusk|Great Tusk|100/100\n|-damage|p1a: Great Tusk|98/100|[from] Stealth Rock\n|-damage|p1a: Great Tusk|85/100|[from] Spikes\n|move|p2a: Iron Treads|Rapid Spin|p1a: Great Tusk\n|-damage|p1a: Great Tusk|78/100\n|-boost|p2a: Iron Treads|spe|1\n|\n|-heal|p1a: Great Tusk|84/100|[from] item: Leftovers\n|upkeep\n|turn|8\n|\n|t:|1783822095\n|-end|p2a: Iron Treads|Quark Drive|[silent]\n|switch|p2a: Moltres|Moltres|100/100\n|move|p1a: Great Tusk|Knock Off|p2a: Moltres\n|-damage|p2a: Moltres|83/100\n|-enditem|p2a: Moltres|Heavy-Duty Boots|[from] move: Knock Off|[of] p1a: Great Tusk\n|\n|-heal|p1a: Great Tusk|90/100|[from] item: Leftovers\n|upkeep\n|turn|9\n|\n|t:|1783822099\n|move|p1a: Great Tusk|Stealth Rock|p2a: Moltres\n|-sidestart|p2: picture of 奇树|move: Stealth Rock\n|move|p2a: Moltres|Brave Bird|p1a: Great Tusk\n|-supereffective|p1a: Great Tusk\n|-damage|p1a: Great Tusk|49/100\n|-damage|p2a: Moltres|70/100|[from] Recoil\n|\n|-heal|p1a: Great Tusk|55/100|[from] item: Leftovers\n|upkeep\n|turn|10\n|\n|t:|1783822104\n|move|p1a: Great Tusk|Rapid Spin|p2a: Moltres\n|-damage|p2a: Moltres|59/100\n|-boost|p1a: Great Tusk|spe|1\n|-status|p1a: Great Tusk|brn|[from] ability: Flame Body|[of] p2a: Moltres\n|-sideend|p1: chiapanco|Spikes|[from] move: Rapid Spin|[of] p1a: Great Tusk\n|-sideend|p1: chiapanco|Stealth Rock|[from] move: Rapid Spin|[of] p1a: Great Tusk\n|move|p2a: Moltres|Flamethrower|p1a: Great Tusk\n|-damage|p1a: Great Tusk|0 fnt\n|faint|p1a: Great Tusk\n|-end|p1a: Great Tusk|Protosynthesis|[silent]\n|\n|upkeep\n|\n|t:|1783822115\n|switch|p1a: Kyurem|Kyurem|100/100\n|-ability|p1a: Kyurem|Pressure\n|turn|11\n|\n|t:|1783822122\n|move|p1a: Kyurem|Blizzard|p2a: Moltres\n|-damage|p2a: Moltres|0 fnt\n|faint|p2a: Moltres\n|\n|upkeep\n|\n|t:|1783822126\n|switch|p2a: Iron Treads|Iron Treads|100/100\n|-damage|p2a: Iron Treads|98/100|[from] Stealth Rock\n|turn|12\n|\n|t:|1783822135\n|switch|p1a: Raging Bolt|Raging Bolt|41/100\n|move|p2a: Iron Treads|Rapid Spin|p1a: Raging Bolt\n|-damage|p1a: Raging Bolt|31/100\n|-boost|p2a: Iron Treads|spe|1\n|-sideend|p2: picture of 奇树|Stealth Rock|[from] move: Rapid Spin|[of] p2a: Iron Treads\n|\n|-heal|p2a: Iron Treads|100/100|[from] item: Leftovers\n|-heal|p1a: Raging Bolt|37/100|[from] item: Leftovers\n|upkeep\n|turn|13\n|\n|t:|1783822142\n|move|p2a: Iron Treads|Earthquake|p1a: Raging Bolt\n|-supereffective|p1a: Raging Bolt\n|-damage|p1a: Raging Bolt|0 fnt\n|faint|p1a: Raging Bolt\n|-end|p1a: Raging Bolt|Protosynthesis|[silent]\n|\n|upkeep\n|\n|t:|1783822149\n|switch|p1a: Ogerpon|Ogerpon-Wellspring, F|100/100\n|turn|14\n|\n|t:|1783822154\n|-end|p2a: Iron Treads|Quark Drive|[silent]\n|switch|p2a: Dragapult|Dragapult, M|62/100\n|move|p1a: Ogerpon|Ivy Cudgel|p2a: Dragapult|[anim] Ivy Cudgel Water\n|-resisted|p2a: Dragapult\n|-damage|p2a: Dragapult|24/100\n|\n|upkeep\n|turn|15\n|\n|t:|1783822159\n|switch|p1a: Kingambit|Kingambit, M|100/100\n|-activate|p1a: Kingambit|ability: Supreme Overlord\n|-start|p1a: Kingambit|fallen2|[silent]\n|move|p2a: Dragapult|U-turn|p1a: Kingambit\n|-damage|p1a: Kingambit|87/100\n|\n|t:|1783822165\n|switch|p2a: Latios|Latios, M|100/100|[from] U-turn\n|\n|upkeep\n|turn|16\n|\n|t:|1783822168\n|move|p2a: Latios|Trick|p1a: Kingambit\n|-activate|p2a: Latios|move: Trick|[of] p1a: Kingambit\n|-item|p1a: Kingambit|Choice Scarf|[from] move: Trick\n|-item|p2a: Latios|Black Glasses|[from] move: Trick\n|move|p1a: Kingambit|Kowtow Cleave|p2a: Latios\n|-supereffective|p2a: Latios\n|-damage|p2a: Latios|0 fnt\n|faint|p2a: Latios\n|\n|upkeep\n|\n|t:|1783822176\n|switch|p2a: Zamazenta|Zamazenta|100/100\n|-ability|p2a: Zamazenta|Dauntless Shield|boost\n|-boost|p2a: Zamazenta|def|1\n|turn|17\n|\n|t:|1783822182\n|-end|p1a: Kingambit|fallen2|[silent]\n|switch|p1a: Slowking|Slowking-Galar, M|78/100\n|move|p2a: Zamazenta|Heavy Slam|p1a: Slowking\n|-damage|p1a: Slowking|59/100\n|\n|-heal|p1a: Slowking|65/100|[from] item: Leftovers\n|upkeep\n|turn|18\n|\n|t:|1783822187\n|switch|p2a: Iron Treads|Iron Treads|100/100\n|-prepare|p1a: Slowking|Chilly Reception|[premajor]\n|move|p1a: Slowking|Chilly Reception|p1a: Slowking\n|-weather|Snowscape\n|\n|t:|1783822193\n|switch|p1a: Ogerpon|Ogerpon-Wellspring, F|100/100|[from] Chilly Reception\n|\n|-weather|Snowscape|[upkeep]\n|upkeep\n|turn|19\n|\n|t:|1783822198\n|move|p1a: Ogerpon|Ivy Cudgel|p2a: Iron Treads|[anim] Ivy Cudgel Water\n|-supereffective|p2a: Iron Treads\n|-damage|p2a: Iron Treads|3/100\n|move|p2a: Iron Treads|Knock Off|p1a: Ogerpon\n|-damage|p1a: Ogerpon|78/100\n|\n|-weather|Snowscape|[upkeep]\n|-heal|p2a: Iron Treads|9/100|[from] item: Leftovers\n|upkeep\n|turn|20\n|\n|t:|1783822201\n|move|p1a: Ogerpon|Horn Leech|p2a: Iron Treads\n|-damage|p2a: Iron Treads|0 fnt\n|-heal|p1a: Ogerpon|83/100|[from] drain|[of] p2a: Iron Treads\n|faint|p2a: Iron Treads\n|-end|p2a: Iron Treads|Quark Drive|[silent]\n|\n|-weather|Snowscape|[upkeep]\n|upkeep\n|\n|t:|1783822203\n|switch|p2a: Dragapult|Dragapult, M|24/100\n|turn|21\n|\n|t:|1783822208\n|-terastallize|p1a: Ogerpon|Water\n|detailschange|p1a: Ogerpon|Ogerpon-Wellspring-Tera, F, tera:Water\n|-ability|p1a: Ogerpon|Embody Aspect (Wellspring)|boost\n|-boost|p1a: Ogerpon|spd|1\n|move|p2a: Dragapult|Fire Blast|p1a: Ogerpon\n|-resisted|p1a: Ogerpon\n|-damage|p1a: Ogerpon|65/100\n|move|p1a: Ogerpon|Ivy Cudgel|p2a: Dragapult|[anim] Ivy Cudgel Water\n|-resisted|p2a: Dragapult\n|-crit|p2a: Dragapult\n|-damage|p2a: Dragapult|0 fnt\n|faint|p2a: Dragapult\n|\n|-weather|Snowscape|[upkeep]\n|upkeep\n|\n|t:|1783822216\n|switch|p2a: Zamazenta|Zamazenta|100/100\n|turn|22\n|\n|t:|1783822222\n|move|p2a: Zamazenta|Iron Defense|p2a: Zamazenta\n|-boost|p2a: Zamazenta|def|2\n|move|p1a: Ogerpon|Encore|p2a: Zamazenta\n|-start|p2a: Zamazenta|Encore\n|\n|-weather|none\n|upkeep\n|turn|23\n|\n|t:|1783822225\n|move|p2a: Zamazenta|Iron Defense|p2a: Zamazenta\n|-boost|p2a: Zamazenta|def|2\n|move|p1a: Ogerpon|Ivy Cudgel|p2a: Zamazenta|[anim] Ivy Cudgel Water\n|-damage|p2a: Zamazenta|78/100\n|\n|-heal|p2a: Zamazenta|84/100|[from] item: Leftovers\n|upkeep\n|turn|24\n|\n|t:|1783822229\n|move|p2a: Zamazenta|Iron Defense|p2a: Zamazenta\n|-boost|p2a: Zamazenta|def|2\n|move|p1a: Ogerpon|Ivy Cudgel|p2a: Zamazenta|[anim] Ivy Cudgel Water\n|-damage|p2a: Zamazenta|69/100\n|\n|-heal|p2a: Zamazenta|75/100|[from] item: Leftovers\n|upkeep\n|turn|25\n|\n|t:|1783822232\n|move|p2a: Zamazenta|Iron Defense|p2a: Zamazenta\n|-boost|p2a: Zamazenta|def|0\n|move|p1a: Ogerpon|Ivy Cudgel|p2a: Zamazenta|[anim] Ivy Cudgel Water\n|-damage|p2a: Zamazenta|60/100\n|\n|-heal|p2a: Zamazenta|67/100|[from] item: Leftovers\n|-end|p2a: Zamazenta|Encore\n|upkeep\n|turn|26\n|\n|t:|1783822238\n|move|p2a: Zamazenta|Body Press|p1a: Ogerpon\n|-damage|p1a: Ogerpon|0 fnt\n|faint|p1a: Ogerpon\n|detailschange|p1: Ogerpon|Ogerpon-Wellspring, F|[silent]\n|\n|-heal|p2a: Zamazenta|73/100|[from] item: Leftovers\n|upkeep\n|\n|t:|1783822240\n|switch|p1a: Slowking|Slowking-Galar, M|65/100\n|turn|27\n|\n|t:|1783822244\n|-terastallize|p2a: Zamazenta|Steel\n|move|p2a: Zamazenta|Body Press|p1a: Slowking\n|-resisted|p1a: Slowking\n|-damage|p1a: Slowking|26/100\n|move|p1a: Slowking|Psychic Noise|p2a: Zamazenta\n|-resisted|p2a: Zamazenta\n|-damage|p2a: Zamazenta|61/100\n|-start|p2a: Zamazenta|move: Heal Block\n|\n|-heal|p1a: Slowking|32/100|[from] item: Leftovers\n|upkeep\n|turn|28\n|\n|t:|1783822250\n|switch|p1a: Kingambit|Kingambit, M|87/100\n|-activate|p1a: Kingambit|ability: Supreme Overlord\n|-start|p1a: Kingambit|fallen3|[silent]\n|move|p2a: Zamazenta|Body Press|p1a: Kingambit\n|-supereffective|p1a: Kingambit\n|-damage|p1a: Kingambit|0 fnt\n|faint|p1a: Kingambit\n|-end|p1a: Kingambit|fallen3|[silent]\n|\n|-end|p2a: Zamazenta|move: Heal Block\n|upkeep\n|\n|t:|1783822254\n|switch|p1a: Slowking|Slowking-Galar, M|32/100\n|turn|29\n|c|☆chiapanco|Shi\n|\n|t:|1783822265\n|move|p2a: Zamazenta|Body Press|p1a: Slowking\n|-resisted|p1a: Slowking\n|-damage|p1a: Slowking|0 fnt\n|faint|p1a: Slowking\n|\n|-heal|p2a: Zamazenta|67/100|[from] item: Leftovers\n|upkeep\n|\n|t:|1783822267\n|switch|p1a: Kyurem|Kyurem|100/100\n|-ability|p1a: Kyurem|Pressure\n|turn|30\n|\n|t:|1783822272\n|move|p2a: Zamazenta|Body Press|p1a: Kyurem\n|-supereffective|p1a: Kyurem\n|-damage|p1a: Kyurem|0 fnt\n|faint|p1a: Kyurem\n|\n|win|picture of 奇树\n|raw|chiapanco's rating: 1417 &rarr; <strong>1400</strong><br />(-17 for losing)\n|raw|picture of 奇树's rating: 1464 &rarr; <strong>1481</strong><br />(+17 for winning)\n", "uploadtime": 1783822274, "views": 6, "formatid": "gen9ou", "rating": 1400, "private": 0, "password": null}