{"id": "gen9ou-2647732497", "format": "[Gen 9] OU", "players": ["cozyprincemshroom", "loguuu"], "log": "|j|☆cozyprincemshroom\n|j|☆loguuu\n|t:|1783803289\n|gametype|singles\n|player|p1|cozyprincemshroom|waiter|1138\n|player|p2|loguuu|ghetsis-gen5bw|1189\n|gen|9\n|tier|[Gen 9] OU\n|rated|\n|rule|HP Percentage Mod: HP is shown in percentages\n|rule|Endless Battle Clause: Forcing endless battles is banned\n|rule|Species Clause: Limit one of each Pokémon\n|rule|OHKO Clause: OHKO moves are banned\n|rule|Evasion Items Clause: Evasion items are banned\n|rule|Evasion Moves Clause: Evasion moves are banned\n|rule|Evasion Abilities Clause: Evasion abilities are banned\n|rule|Sleep Moves Clause: Sleep-inducing moves are banned\n|clearpoke\n|poke|p1|Meganium, M|\n|poke|p1|Spidops, F|\n|poke|p1|Pawmot, F|\n|poke|p1|Munkidori, M|\n|poke|p1|Inteleon, F|\n|poke|p1|Torkoal, F|\n|poke|p2|Sandy Shocks|\n|poke|p2|Slither Wing|\n|poke|p2|Latias, F|\n|poke|p2|Samurott-Hisui, F|\n|poke|p2|Blaziken, M|\n|poke|p2|Tsareena, F|\n|teampreview\n|inactive|Battle timer is ON: inactive players will automatically lose when time's up. (requested by cozyprincemshroom)\n|\n|t:|1783803296\n|teamsize|p1|6\n|teamsize|p2|6\n|start\n|switch|p1a: Spidops|Spidops, F, shiny|100/100\n|switch|p2a: Slither Wing|Slither Wing, shiny|100/100\n|-enditem|p2a: Slither Wing|Booster Energy\n|-activate|p2a: Slither Wing|ability: Protosynthesis|[fromitem]\n|-start|p2a: Slither Wing|protosynthesisatk\n|turn|1\n|\n|t:|1783803307\n|move|p2a: Slither Wing|Acrobatics|p1a: Spidops\n|-supereffective|p1a: Spidops\n|-damage|p1a: Spidops|0 fnt\n|faint|p1a: Spidops\n|\n|upkeep\n|\n|t:|1783803313\n|switch|p1a: Pawmot|Pawmot, F|100/100\n|turn|2\n|\n|t:|1783803318\n|move|p1a: Pawmot|Nuzzle|p2a: Slither Wing\n|-damage|p2a: Slither Wing|88/100\n|-status|p2a: Slither Wing|par\n|move|p2a: Slither Wing|Close Combat|p1a: Pawmot\n|-damage|p1a: Pawmot|0 fnt\n|-unboost|p2a: Slither Wing|def|1\n|-unboost|p2a: Slither Wing|spd|1\n|faint|p1a: Pawmot\n|\n|upkeep\n|\n|t:|1783803328\n|switch|p1a: Torkoal|Torkoal, F|100/100\n|-weather|SunnyDay|[from] ability: Drought|[of] p1a: Torkoal\n|turn|3\n|\n|t:|1783803338\n|-end|p2a: Slither Wing|Protosynthesis|[silent]\n|switch|p2a: Sandy Shocks|Sandy Shocks, shiny|100/100\n|-activate|p2a: Sandy Shocks|ability: Protosynthesis\n|-start|p2a: Sandy Shocks|protosynthesisspa\n|move|p1a: Torkoal|Will-O-Wisp|p2a: Sandy Shocks\n|-status|p2a: Sandy Shocks|brn\n|\n|-weather|SunnyDay|[upkeep]\n|-damage|p2a: Sandy Shocks|94/100 brn|[from] brn\n|upkeep\n|turn|4\n|\n|t:|1783803349\n|-terastallize|p2a: Sandy Shocks|Flying\n|move|p2a: Sandy Shocks|Stealth Rock|p1a: Torkoal\n|-sidestart|p1: cozyprincemshroom|move: Stealth Rock\n|move|p1a: Torkoal|Solar Beam||[still]\n|-prepare|p1a: Torkoal|Solar Beam\n|-anim|p1a: Torkoal|Solar Beam|p2a: Sandy Shocks\n|-resisted|p2a: Sandy Shocks\n|-crit|p2a: Sandy Shocks\n|-damage|p2a: Sandy Shocks|73/100 brn\n|\n|-weather|SunnyDay|[upkeep]\n|-damage|p2a: Sandy Shocks|66/100 brn|[from] brn\n|upkeep\n|turn|5\n|\n|t:|1783803362\n|switch|p1a: Meganium|Meganium, M|100/100\n|-damage|p1a: Meganium|88/100|[from] Stealth Rock\n|move|p2a: Sandy Shocks|Earth Power|p1a: Meganium\n|-resisted|p1a: Meganium\n|-crit|p1a: Meganium\n|-damage|p1a: Meganium|52/100\n|-damage|p2a: Sandy Shocks|56/100 brn|[from] item: Life Orb\n|\n|-weather|SunnyDay|[upkeep]\n|-heal|p1a: Meganium|58/100|[from] item: Leftovers\n|-damage|p2a: Sandy Shocks|50/100 brn|[from] brn\n|upkeep\n|turn|6\n|\n|t:|1783803374\n|move|p2a: Sandy Shocks|Volt Switch|p1a: Meganium\n|-resisted|p1a: Meganium\n|-damage|p1a: Meganium|37/100\n|-damage|p2a: Sandy Shocks|40/100 brn|[from] item: Life Orb\n|\n|t:|1783803380\n|-end|p2a: Sandy Shocks|Protosynthesis|[silent]\n|switch|p2a: Blaziken|Blaziken, M, shiny|100/100|[from] Volt Switch\n|move|p1a: Meganium|Leech Seed|p2a: Blaziken\n|-start|p2a: Blaziken|move: Leech Seed\n|\n|-weather|SunnyDay|[upkeep]\n|-heal|p1a: Meganium|43/100|[from] item: Leftovers\n|-damage|p2a: Blaziken|88/100|[from] Leech Seed|[of] p1a: Meganium\n|-heal|p1a: Meganium|53/100|[silent]\n|upkeep\n|turn|7\n|\n|t:|1783803391\n|move|p2a: Blaziken|U-turn|p1a: Meganium\n|-supereffective|p1a: Meganium\n|-damage|p1a: Meganium|20/100\n|-message|cozyprincemshroom forfeited.\n|\n|win|loguuu\n|raw|cozyprincemshroom's rating: 1138 &rarr; <strong>1117</strong><br />(-21 for losing)\n|raw|loguuu's rating: 1189 &rarr; <strong>1210</strong><br />(+21 for winning)\n|l|☆cozyprincemshroom\n|player|p1|\n|l|☆loguuu\n|player|p2|\n", "uploadtime": 1783803692, "views": 19, "formatid": "gen9ou", "rating": 1117, "private": 0, "password": null}