{"id": "gen9ou-2639918656", "format": "[Gen 9] OU", "players": ["Kvnshasa", "yesterdaymister"], "log": "|j|☆Kvnshasa\n|j|☆yesterdaymister\n|t:|1782543262\n|gametype|singles\n|player|p1|Kvnshasa|policeman-gen4|1765\n|player|p2|yesterdaymister|striker|1769\n|gen|9\n|tier|[Gen 9] OU\n|rated|\n|rule|HP Percentage Mod: HP is shown in percentages\n|rule|Endless Battle Clause: Forcing endless battles is banned\n|rule|Species Clause: Limit one of each Pokémon\n|rule|OHKO Clause: OHKO moves are banned\n|rule|Evasion Items Clause: Evasion items are banned\n|rule|Evasion Moves Clause: Evasion moves are banned\n|rule|Evasion Abilities Clause: Evasion abilities are banned\n|rule|Sleep Moves Clause: Sleep-inducing moves are banned\n|clearpoke\n|poke|p1|Alomomola, M|\n|poke|p1|Zamazenta-*|\n|poke|p1|Corviknight, F|\n|poke|p1|Tyranitar, M|\n|poke|p1|Excadrill, F|\n|poke|p1|Pecharunt|\n|poke|p2|Ninetales, M|\n|poke|p2|Ceruledge, F|\n|poke|p2|Venusaur, F|\n|poke|p2|Hatterene, F|\n|poke|p2|Great Tusk|\n|poke|p2|Walking Wake|\n|teampreview\n|inactive|Battle timer is ON: inactive players will automatically lose when time's up. (requested by yesterdaymister)\n|\n|t:|1782543272\n|teamsize|p1|6\n|teamsize|p2|6\n|start\n|switch|p1a: Tyranitar|Tyranitar, M|100/100\n|switch|p2a: mignolet|Great Tusk|100/100\n|-weather|Sandstorm|[from] ability: Sand Stream|[of] p1a: Tyranitar\n|turn|1\n|\n|t:|1782543275\n|switch|p1a: Corviknight|Corviknight, F|100/100\n|-ability|p1a: Corviknight|Pressure\n|move|p2a: mignolet|Stealth Rock|p1a: Corviknight\n|-sidestart|p1: Kvnshasa|move: Stealth Rock\n|\n|-weather|Sandstorm|[upkeep]\n|upkeep\n|turn|2\n|\n|t:|1782543278\n|-end|p2a: mignolet|Protosynthesis|[silent]\n|switch|p2a: arda guler|Ninetales, M|100/100\n|-weather|SunnyDay|[from] ability: Drought|[of] p2a: arda guler\n|move|p1a: Corviknight|Defog|p2a: arda guler\n|-unboost|p2a: arda guler|evasion|1\n|-sideend|p1: Kvnshasa|Stealth Rock|[from] move: Defog|[of] p1a: Corviknight\n|\n|-weather|SunnyDay|[upkeep]\n|upkeep\n|turn|3\n|\n|t:|1782543281\n|switch|p2a: mignolet|Great Tusk|100/100\n|-activate|p2a: mignolet|ability: Protosynthesis\n|-start|p2a: mignolet|protosynthesisspe\n|switch|p1a: Tyranitar|Tyranitar, M|100/100\n|-weather|Sandstorm|[from] ability: Sand Stream|[of] p1a: Tyranitar\n|-end|p2a: mignolet|Protosynthesis\n|\n|-weather|Sandstorm|[upkeep]\n|upkeep\n|turn|4\n|\n|t:|1782543284\n|switch|p1a: Corviknight|Corviknight, F|100/100\n|-ability|p1a: Corviknight|Pressure\n|move|p2a: mignolet|Stealth Rock|p1a: Corviknight\n|-sidestart|p1: Kvnshasa|move: Stealth Rock\n|\n|-weather|Sandstorm|[upkeep]\n|upkeep\n|turn|5\n|\n|t:|1782543290\n|-end|p2a: mignolet|Protosynthesis|[silent]\n|switch|p2a: chama|Walking Wake|100/100\n|move|p1a: Corviknight|Defog|p2a: chama\n|-unboost|p2a: chama|evasion|1\n|-sideend|p1: Kvnshasa|Stealth Rock|[from] move: Defog|[of] p1a: Corviknight\n|\n|-weather|Sandstorm|[upkeep]\n|-damage|p2a: chama|94/100|[from] Sandstorm\n|upkeep\n|turn|6\n|\n|t:|1782543295\n|switch|p1a: Alomomola|Alomomola, M|100/100\n|move|p2a: chama|Hydro Steam|p1a: Alomomola\n|-resisted|p1a: Alomomola\n|-damage|p1a: Alomomola|85/100\n|\n|-weather|Sandstorm|[upkeep]\n|-damage|p2a: chama|88/100|[from] Sandstorm\n|-damage|p1a: Alomomola|79/100|[from] Sandstorm\n|upkeep\n|turn|7\n|j| pls game\n|\n|t:|1782543300\n|-end|p2a: chama|Protosynthesis|[silent]\n|switch|p2a: maccabi|Hatterene, F|100/100\n|move|p1a: Alomomola|Flip Turn|p2a: maccabi\n|-damage|p2a: maccabi|85/100\n|-enditem|p2a: maccabi|Eject Button\n|\n|t:|1782543302\n|switch|p2a: arda guler|Ninetales, M|100/100\n|-weather|SunnyDay|[from] ability: Drought|[of] p2a: arda guler\n|\n|-weather|SunnyDay|[upkeep]\n|upkeep\n|turn|8\n|\n|t:|1782543306\n|switch|p2a: chama|Walking Wake|88/100\n|-activate|p2a: chama|ability: Protosynthesis\n|-start|p2a: chama|protosynthesisspa\n|move|p1a: Alomomola|Flip Turn|p2a: chama\n|-resisted|p2a: chama\n|-damage|p2a: chama|86/100\n|\n|t:|1782543308\n|switch|p1a: Tyranitar|Tyranitar, M|100/100|[from] Flip Turn\n|-weather|Sandstorm|[from] ability: Sand Stream|[of] p1a: Tyranitar\n|-end|p2a: chama|Protosynthesis\n|\n|-weather|Sandstorm|[upkeep]\n|-damage|p2a: chama|80/100|[from] Sandstorm\n|upkeep\n|turn|9\n|\n|t:|1782543315\n|switch|p1a: Alomomola|Alomomola, M|100/100\n|move|p2a: chama|Draco Meteor|p1a: Alomomola\n|-damage|p1a: Alomomola|43/100\n|-unboost|p2a: chama|spa|2\n|\n|-weather|Sandstorm|[upkeep]\n|-damage|p2a: chama|73/100|[from] Sandstorm\n|-damage|p1a: Alomomola|37/100|[from] Sandstorm\n|upkeep\n|turn|10\n|\n|t:|1782543332\n|-end|p2a: chama|Protosynthesis|[silent]\n|switch|p2a: maccabi|Hatterene, F|85/100\n|switch|p1a: Corviknight|Corviknight, F|100/100\n|-ability|p1a: Corviknight|Pressure\n|\n|-weather|Sandstorm|[upkeep]\n|-damage|p2a: maccabi|79/100|[from] Sandstorm\n|upkeep\n|turn|11\n|\n|t:|1782543339\n|move|p1a: Corviknight|U-turn|p2a: maccabi\n|-damage|p2a: maccabi|67/100\n|\n|t:|1782543341\n|switch|p1a: Alomomola|Alomomola, M|70/100|[from] U-turn\n|move|p2a: maccabi|Nuzzle|p1a: Alomomola\n|-supereffective|p1a: Alomomola\n|-damage|p1a: Alomomola|64/100\n|-status|p1a: Alomomola|par\n|\n|-weather|Sandstorm|[upkeep]\n|-damage|p2a: maccabi|62/100|[from] Sandstorm\n|-damage|p1a: Alomomola|58/100 par|[from] Sandstorm\n|upkeep\n|turn|12\n|\n|t:|1782543348\n|move|p2a: maccabi|Dazzling Gleam|p1a: Alomomola\n|-damage|p1a: Alomomola|40/100 par\n|move|p1a: Alomomola|Flip Turn|p2a: maccabi\n|-damage|p2a: maccabi|48/100\n|\n|t:|1782543351\n|switch|p1a: Excadrill|Excadrill, F|100/100|[from] Flip Turn\n|-item|p1a: Excadrill|Air Balloon\n|\n|-weather|none\n|upkeep\n|turn|13\n|\n|t:|1782543361\n|move|p1a: Excadrill|Iron Head|p2a: maccabi\n|-supereffective|p2a: maccabi\n|-damage|p2a: maccabi|0 fnt\n|faint|p2a: maccabi\n|\n|upkeep\n|\n|t:|1782543362\n|switch|p2a: lebron|Ceruledge, F|100/100\n|turn|14\n|\n|t:|1782543370\n|switch|p1a: Tyranitar|Tyranitar, M|100/100\n|-weather|Sandstorm|[from] ability: Sand Stream|[of] p1a: Tyranitar\n|move|p2a: lebron|Swords Dance|p2a: lebron\n|-boost|p2a: lebron|atk|2\n|\n|-weather|Sandstorm|[upkeep]\n|-damage|p2a: lebron|94/100|[from] Sandstorm\n|upkeep\n|turn|15\n|\n|t:|1782543374\n|switch|p1a: Pecharunt|Pecharunt|100/100\n|move|p2a: lebron|Poltergeist|p1a: Pecharunt\n|-activate|p1a: Pecharunt|move: Poltergeist|Heavy-Duty Boots\n|-supereffective|p1a: Pecharunt\n|-damage|p1a: Pecharunt|0 fnt\n|faint|p1a: Pecharunt\n|\n|-weather|Sandstorm|[upkeep]\n|-damage|p2a: lebron|88/100|[from] Sandstorm\n|upkeep\n|\n|t:|1782543378\n|switch|p1a: Excadrill|Excadrill, F|100/100\n|-item|p1a: Excadrill|Air Balloon\n|turn|16\n|\n|t:|1782543406\n|move|p2a: lebron|Shadow Sneak|p1a: Excadrill\n|-damage|p1a: Excadrill|39/100\n|-enditem|p1a: Excadrill|Air Balloon\n|move|p1a: Excadrill|Earthquake|p2a: lebron\n|-supereffective|p2a: lebron\n|-damage|p2a: lebron|0 fnt\n|faint|p2a: lebron\n|\n|-weather|Sandstorm|[upkeep]\n|upkeep\n|\n|t:|1782543408\n|switch|p2a: mignolet|Great Tusk|100/100\n|turn|17\n|\n|t:|1782543412\n|switch|p1a: Corviknight|Corviknight, F|100/100\n|-ability|p1a: Corviknight|Pressure\n|move|p2a: mignolet|Stealth Rock|p1a: Corviknight\n|-sidestart|p1: Kvnshasa|move: Stealth Rock\n|\n|-weather|Sandstorm|[upkeep]\n|upkeep\n|turn|18\n|j| jsnsddk\n|\n|t:|1782543417\n|-end|p2a: mignolet|Protosynthesis|[silent]\n|switch|p2a: chama|Walking Wake|73/100\n|move|p1a: Corviknight|Defog|p2a: chama\n|-unboost|p2a: chama|evasion|1\n|-sideend|p1: Kvnshasa|Stealth Rock|[from] move: Defog|[of] p1a: Corviknight\n|\n|-weather|none\n|upkeep\n|turn|19\n|\n|t:|1782543424\n|switch|p1a: Alomomola|Alomomola, M|74/100 par\n|move|p2a: chama|Draco Meteor|p1a: Alomomola\n|-damage|p1a: Alomomola|20/100 par\n|-unboost|p2a: chama|spa|2\n|\n|upkeep\n|turn|20\n|\n|t:|1782543430\n|-end|p2a: chama|Protosynthesis|[silent]\n|switch|p2a: arda guler|Ninetales, M|100/100\n|-weather|SunnyDay|[from] ability: Drought|[of] p2a: arda guler\n|switch|p1a: Corviknight|Corviknight, F|100/100\n|-ability|p1a: Corviknight|Pressure\n|\n|-weather|SunnyDay|[upkeep]\n|upkeep\n|turn|21\n|\n|t:|1782543434\n|switch|p2a: mignolet|Great Tusk|100/100\n|-activate|p2a: mignolet|ability: Protosynthesis\n|-start|p2a: mignolet|protosynthesisspe\n|switch|p1a: Tyranitar|Tyranitar, M|100/100\n|-weather|Sandstorm|[from] ability: Sand Stream|[of] p1a: Tyranitar\n|-end|p2a: mignolet|Protosynthesis\n|\n|-weather|Sandstorm|[upkeep]\n|upkeep\n|turn|22\n|\n|t:|1782543438\n|-end|p2a: mignolet|Protosynthesis|[silent]\n|switch|p2a: chama|Walking Wake|73/100\n|switch|p1a: Corviknight|Corviknight, F|100/100\n|-ability|p1a: Corviknight|Pressure\n|\n|-weather|Sandstorm|[upkeep]\n|-damage|p2a: chama|67/100|[from] Sandstorm\n|upkeep\n|turn|23\n|\n|t:|1782543446\n|move|p2a: chama|Draco Meteor|p1a: Corviknight\n|-resisted|p1a: Corviknight\n|-damage|p1a: Corviknight|47/100\n|-unboost|p2a: chama|spa|2\n|move|p1a: Corviknight|Roost|p1a: Corviknight\n|-heal|p1a: Corviknight|97/100\n|-singleturn|p1a: Corviknight|move: Roost\n|\n|-weather|Sandstorm|[upkeep]\n|-damage|p2a: chama|61/100|[from] Sandstorm\n|upkeep\n|turn|24\n|\n|t:|1782543452\n|-end|p2a: chama|Protosynthesis|[silent]\n|switch|p2a: arda guler|Ninetales, M|100/100\n|-weather|SunnyDay|[from] ability: Drought|[of] p2a: arda guler\n|move|p1a: Corviknight|U-turn|p2a: arda guler\n|-resisted|p2a: arda guler\n|-damage|p2a: arda guler|92/100\n|\n|t:|1782543455\n|switch|p1a: Tyranitar|Tyranitar, M|100/100|[from] U-turn\n|-weather|Sandstorm|[from] ability: Sand Stream|[of] p1a: Tyranitar\n|\n|-weather|Sandstorm|[upkeep]\n|-damage|p2a: arda guler|86/100|[from] Sandstorm\n|upkeep\n|turn|25\n|\n|t:|1782543457\n|switch|p2a: mignolet|Great Tusk|100/100\n|move|p1a: Tyranitar|Ice Punch|p2a: mignolet\n|-supereffective|p2a: mignolet\n|-damage|p2a: mignolet|46/100\n|-damage|p1a: Tyranitar|84/100|[from] item: Rocky Helmet|[of] p2a: mignolet\n|\n|-weather|Sandstorm|[upkeep]\n|upkeep\n|turn|26\n|\n|t:|1782543463\n|switch|p1a: Corviknight|Corviknight, F|97/100\n|-ability|p1a: Corviknight|Pressure\n|move|p2a: mignolet|Stealth Rock|p1a: Corviknight\n|-sidestart|p1: Kvnshasa|move: Stealth Rock\n|\n|-weather|Sandstorm|[upkeep]\n|upkeep\n|turn|27\n|\n|t:|1782543465\n|-end|p2a: mignolet|Protosynthesis|[silent]\n|switch|p2a: chama|Walking Wake|61/100\n|move|p1a: Corviknight|Defog|p2a: chama\n|-unboost|p2a: chama|evasion|1\n|-sideend|p1: Kvnshasa|Stealth Rock|[from] move: Defog|[of] p1a: Corviknight\n|\n|-weather|Sandstorm|[upkeep]\n|-damage|p2a: chama|55/100|[from] Sandstorm\n|upkeep\n|turn|28\n|\n|t:|1782543472\n|move|p2a: chama|Flamethrower|p1a: Corviknight\n|-supereffective|p1a: Corviknight\n|-damage|p1a: Corviknight|4/100\n|move|p1a: Corviknight|Roost|p1a: Corviknight\n|-heal|p1a: Corviknight|54/100\n|-singleturn|p1a: Corviknight|move: Roost\n|\n|-weather|none\n|upkeep\n|turn|29\n|\n|t:|1782543477\n|-end|p2a: chama|Protosynthesis|[silent]\n|switch|p2a: hans vanaken|Venusaur, F|100/100\n|switch|p1a: Alomomola|Alomomola, M|53/100 par\n|\n|upkeep\n|turn|30\n|\n|t:|1782543501\n|switch|p1a: Corviknight|Corviknight, F|54/100\n|-ability|p1a: Corviknight|Pressure\n|move|p2a: hans vanaken|Growth|p2a: hans vanaken\n|-boost|p2a: hans vanaken|atk|1\n|-boost|p2a: hans vanaken|spa|1\n|\n|upkeep\n|turn|31\n|\n|t:|1782543505\n|switch|p2a: chama|Walking Wake|55/100\n|move|p1a: Corviknight|Roost|p1a: Corviknight\n|-heal|p1a: Corviknight|100/100\n|-singleturn|p1a: Corviknight|move: Roost\n|\n|upkeep\n|turn|32\n|\n|t:|1782543510\n|switch|p1a: Alomomola|Alomomola, M|87/100 par\n|move|p2a: chama|Draco Meteor|p1a: Alomomola\n|-damage|p1a: Alomomola|37/100 par\n|-unboost|p2a: chama|spa|2\n|\n|upkeep\n|turn|33\n|\n|t:|1782543517\n|-end|p2a: chama|Protosynthesis|[silent]\n|switch|p2a: hans vanaken|Venusaur, F|100/100\n|switch|p1a: Corviknight|Corviknight, F|100/100\n|-ability|p1a: Corviknight|Pressure\n|\n|upkeep\n|turn|34\n|\n|t:|1782543519\n|switch|p2a: arda guler|Ninetales, M|86/100\n|-weather|SunnyDay|[from] ability: Drought|[of] p2a: arda guler\n|move|p1a: Corviknight|Brave Bird|p2a: arda guler\n|-damage|p2a: arda guler|41/100\n|-damage|p1a: Corviknight|87/100|[from] Recoil\n|\n|-weather|SunnyDay|[upkeep]\n|upkeep\n|turn|35\n|\n|t:|1782543524\n|switch|p2a: mignolet|Great Tusk|46/100\n|-activate|p2a: mignolet|ability: Protosynthesis\n|-start|p2a: mignolet|protosynthesisspe\n|switch|p1a: Tyranitar|Tyranitar, M|84/100\n|-weather|Sandstorm|[from] ability: Sand Stream|[of] p1a: Tyranitar\n|-end|p2a: mignolet|Protosynthesis\n|\n|-weather|Sandstorm|[upkeep]\n|upkeep\n|turn|36\n|\n|t:|1782543527\n|-end|p2a: mignolet|Protosynthesis|[silent]\n|switch|p2a: chama|Walking Wake|55/100\n|switch|p1a: Corviknight|Corviknight, F|87/100\n|-ability|p1a: Corviknight|Pressure\n|\n|-weather|Sandstorm|[upkeep]\n|-damage|p2a: chama|49/100|[from] Sandstorm\n|upkeep\n|turn|37\n|\n|t:|1782543533\n|switch|p1a: Alomomola|Alomomola, M|70/100 par\n|move|p2a: chama|Draco Meteor|p1a: Alomomola\n|-damage|p1a: Alomomola|13/100 par\n|-unboost|p2a: chama|spa|2\n|\n|-weather|Sandstorm|[upkeep]\n|-damage|p2a: chama|42/100|[from] Sandstorm\n|-damage|p1a: Alomomola|7/100 par|[from] Sandstorm\n|upkeep\n|turn|38\n|\n|t:|1782543542\n|-end|p2a: chama|Protosynthesis|[silent]\n|switch|p2a: hans vanaken|Venusaur, F|100/100\n|switch|p1a: Corviknight|Corviknight, F|87/100\n|-ability|p1a: Corviknight|Pressure\n|\n|-weather|Sandstorm|[upkeep]\n|-damage|p2a: hans vanaken|95/100|[from] Sandstorm\n|upkeep\n|turn|39\n|\n|t:|1782543550\n|switch|p2a: mignolet|Great Tusk|46/100\n|move|p1a: Corviknight|Brave Bird|p2a: mignolet\n|-supereffective|p2a: mignolet\n|-damage|p2a: mignolet|0 fnt\n|-damage|p1a: Corviknight|71/100|[from] item: Rocky Helmet|[of] p2a: mignolet\n|faint|p2a: mignolet\n|-end|p2a: mignolet|Protosynthesis|[silent]\n|-damage|p1a: Corviknight|54/100|[from] Recoil\n|\n|-weather|none\n|upkeep\n|\n|t:|1782543552\n|switch|p2a: chama|Walking Wake|42/100\n|turn|40\n|\n|t:|1782543558\n|switch|p1a: Zamazenta|Zamazenta|100/100\n|-ability|p1a: Zamazenta|Dauntless Shield|boost\n|-boost|p1a: Zamazenta|def|1\n|move|p2a: chama|Hydro Steam|p1a: Zamazenta\n|-damage|p1a: Zamazenta|48/100\n|\n|-heal|p1a: Zamazenta|55/100|[from] item: Leftovers\n|upkeep\n|turn|41\n|\n|t:|1782543572\n|-end|p2a: chama|Protosynthesis|[silent]\n|switch|p2a: hans vanaken|Venusaur, F|95/100\n|move|p1a: Zamazenta|Body Press|p2a: hans vanaken\n|-resisted|p2a: hans vanaken\n|-damage|p2a: hans vanaken|64/100\n|\n|-heal|p1a: Zamazenta|61/100|[from] item: Leftovers\n|upkeep\n|turn|42\n|\n|t:|1782543578\n|switch|p1a: Corviknight|Corviknight, F|54/100\n|-ability|p1a: Corviknight|Pressure\n|switch|p2a: arda guler|Ninetales, M|41/100\n|-weather|SunnyDay|[from] ability: Drought|[of] p2a: arda guler\n|\n|-weather|SunnyDay|[upkeep]\n|upkeep\n|turn|43\n|\n|t:|1782543584\n|switch|p2a: chama|Walking Wake|42/100\n|-activate|p2a: chama|ability: Protosynthesis\n|-start|p2a: chama|protosynthesisspa\n|switch|p1a: Alomomola|Alomomola, M|40/100 par\n|\n|-weather|SunnyDay|[upkeep]\n|upkeep\n|turn|44\n|\n|t:|1782543601\n|switch|p1a: Excadrill|Excadrill, F|39/100\n|move|p2a: chama|Dragon Pulse|p1a: Excadrill\n|-resisted|p1a: Excadrill\n|-damage|p1a: Excadrill|0 fnt\n|faint|p1a: Excadrill\n|\n|-weather|SunnyDay|[upkeep]\n|upkeep\n|\n|t:|1782543604\n|switch|p1a: Tyranitar|Tyranitar, M|84/100\n|-weather|Sandstorm|[from] ability: Sand Stream|[of] p1a: Tyranitar\n|-end|p2a: chama|Protosynthesis\n|turn|45\n|\n|t:|1782543611\n|-end|p2a: chama|Protosynthesis|[silent]\n|switch|p2a: arda guler|Ninetales, M|41/100\n|-weather|SunnyDay|[from] ability: Drought|[of] p2a: arda guler\n|move|p1a: Tyranitar|Knock Off|p2a: arda guler\n|-damage|p2a: arda guler|0 fnt\n|-enditem|p2a: arda guler|Heat Rock|[from] move: Knock Off|[of] p1a: Tyranitar\n|faint|p2a: arda guler\n|\n|-weather|SunnyDay|[upkeep]\n|upkeep\n|\n|t:|1782543612\n|switch|p2a: hans vanaken|Venusaur, F|64/100\n|turn|46\n|\n|t:|1782543618\n|switch|p1a: Zamazenta|Zamazenta|61/100\n|move|p2a: hans vanaken|Growth|p2a: hans vanaken\n|-boost|p2a: hans vanaken|atk|2\n|-boost|p2a: hans vanaken|spa|2\n|\n|-weather|SunnyDay|[upkeep]\n|-heal|p1a: Zamazenta|67/100|[from] item: Leftovers\n|upkeep\n|turn|47\n|\n|t:|1782543624\n|move|p2a: hans vanaken|Weather Ball|p1a: Zamazenta\n|-damage|p1a: Zamazenta|0 fnt\n|faint|p1a: Zamazenta\n|-damage|p2a: hans vanaken|54/100|[from] item: Life Orb\n|\n|-weather|SunnyDay|[upkeep]\n|upkeep\n|\n|t:|1782543626\n|switch|p1a: Tyranitar|Tyranitar, M|84/100\n|-weather|Sandstorm|[from] ability: Sand Stream|[of] p1a: Tyranitar\n|turn|48\n|j| LuwerPVP\n|\n|t:|1782543631\n|move|p2a: hans vanaken|Giga Drain|p1a: Tyranitar\n|-supereffective|p1a: Tyranitar\n|-damage|p1a: Tyranitar|0 fnt\n|-heal|p2a: hans vanaken|100/100|[from] drain|[of] p1a: Tyranitar\n|faint|p1a: Tyranitar\n|-damage|p2a: hans vanaken|91/100|[from] item: Life Orb\n|\n|-weather|Sandstorm|[upkeep]\n|-damage|p2a: hans vanaken|85/100|[from] Sandstorm\n|upkeep\n|\n|t:|1782543633\n|switch|p1a: Corviknight|Corviknight, F|54/100\n|-ability|p1a: Corviknight|Pressure\n|turn|49\n|\n|t:|1782543639\n|move|p2a: hans vanaken|Weather Ball|p1a: Corviknight\n|-damage|p1a: Corviknight|0 fnt\n|faint|p1a: Corviknight\n|-damage|p2a: hans vanaken|75/100|[from] item: Life Orb\n|\n|-weather|Sandstorm|[upkeep]\n|-damage|p2a: hans vanaken|69/100|[from] Sandstorm\n|upkeep\n|-message|Kvnshasa forfeited.\n|\n|win|yesterdaymister\n|raw|Kvnshasa's rating: 1765 &rarr; <strong>1745</strong><br />(-20 for losing)\n|raw|yesterdaymister's rating: 1769 &rarr; <strong>1789</strong><br />(+20 for winning)\n|l|☆Kvnshasa\n|player|p1|\n|l| jsnsddk\n|l| pls game\n|l|☆yesterdaymister\n|player|p2|\n", "uploadtime": 1782543882, "views": 8, "formatid": "gen9ou", "rating": 1745, "private": 0, "password": null}