{"id": "gen9ou-2639251734", "format": "[Gen 9] OU", "players": ["GooberGary", "flylover42"], "log": "|j|☆GooberGary\n|j|☆flylover42\n|t:|1782440664\n|gametype|singles\n|player|p1|GooberGary|169|1398\n|player|p2|flylover42|lady|1390\n|gen|9\n|tier|[Gen 9] OU\n|rated|\n|rule|HP Percentage Mod: HP is shown in percentages\n|rule|Endless Battle Clause: Forcing endless battles is banned\n|rule|Species Clause: Limit one of each Pokémon\n|rule|OHKO Clause: OHKO moves are banned\n|rule|Evasion Items Clause: Evasion items are banned\n|rule|Evasion Moves Clause: Evasion moves are banned\n|rule|Evasion Abilities Clause: Evasion abilities are banned\n|rule|Sleep Moves Clause: Sleep-inducing moves are banned\n|clearpoke\n|poke|p1|Corviknight, M|\n|poke|p1|Clefable, F|\n|poke|p1|Alomomola, F|\n|poke|p1|Clodsire, M|\n|poke|p1|Toxapex, F|\n|poke|p1|Quagsire, M|\n|poke|p2|Indeedee, M|\n|poke|p2|Armarouge, F|\n|poke|p2|Hatterene, F|\n|poke|p2|Polteageist|\n|poke|p2|Hawlucha, F|\n|poke|p2|Maushold|\n|teampreview\n|inactive|Battle timer is ON: inactive players will automatically lose when time's up. (requested by GooberGary)\n|\n|t:|1782440692\n|teamsize|p1|6\n|teamsize|p2|6\n|start\n|switch|p1a: Toxapex|Toxapex, F|100/100\n|switch|p2a: Indeedee|Indeedee, M|100/100\n|-fieldstart|move: Psychic Terrain|[from] ability: Psychic Surge|[of] p2a: Indeedee\n|turn|1\n|\n|t:|1782440695\n|move|p2a: Indeedee|Expanding Force|p1a: Toxapex\n|-supereffective|p1a: Toxapex\n|-damage|p1a: Toxapex|5/100\n|move|p1a: Toxapex|Toxic|p2a: Indeedee\n|-status|p2a: Indeedee|tox\n|\n|-damage|p2a: Indeedee|94/100 tox|[from] psn\n|upkeep\n|turn|2\n|\n|t:|1782440704\n|switch|p1a: Alomomola|Alomomola, F|100/100\n|move|p2a: Indeedee|Expanding Force|p1a: Alomomola\n|-damage|p1a: Alomomola|56/100\n|\n|-damage|p2a: Indeedee|82/100 tox|[from] psn\n|upkeep\n|turn|3\n|\n|t:|1782440711\n|switch|p2a: Armarouge|Armarouge, F|100/100\n|move|p1a: Alomomola|Protect||[still]\n|-fail|p1a: Alomomola\n|\n|upkeep\n|turn|4\n|\n|t:|1782440716\n|move|p1a: Alomomola|Protect|p1a: Alomomola\n|-singleturn|p1a: Alomomola|Protect\n|move|p2a: Armarouge|Expanding Force|p1a: Alomomola\n|-activate|p1a: Alomomola|move: Protect\n|\n|upkeep\n|turn|5\n|\n|t:|1782440722\n|switch|p1a: Clefable|Clefable, F|100/100\n|move|p2a: Armarouge|Expanding Force|p1a: Clefable\n|-damage|p1a: Clefable|35/100\n|\n|-heal|p1a: Clefable|41/100|[from] item: Leftovers\n|upkeep\n|turn|6\n|\n|t:|1782440739\n|switch|p1a: Toxapex|Toxapex, F|38/100\n|move|p2a: Armarouge|Expanding Force|p1a: Toxapex\n|-supereffective|p1a: Toxapex\n|-damage|p1a: Toxapex|0 fnt\n|faint|p1a: Toxapex\n|\n|upkeep\n|\n|t:|1782440743\n|switch|p1a: Alomomola|Alomomola, F|90/100\n|turn|7\n|\n|t:|1782440748\n|move|p2a: Armarouge|Expanding Force|p1a: Alomomola\n|-damage|p1a: Alomomola|20/100\n|move|p1a: Alomomola|Mirror Coat|p2a: Armarouge\n|-damage|p2a: Armarouge|0 fnt\n|faint|p2a: Armarouge\n|\n|upkeep\n|\n|t:|1782440757\n|switch|p2a: Maushold|Maushold|100/100\n|turn|8\n|\n|t:|1782440761\n|switch|p1a: Corviknight|Corviknight, M|100/100\n|-ability|p1a: Corviknight|Pressure\n|move|p2a: Maushold|Tidy Up|p2a: Maushold\n|-boost|p2a: Maushold|atk|1\n|-boost|p2a: Maushold|spe|1\n|\n|-fieldend|move: Psychic Terrain\n|upkeep\n|turn|9\n|\n|t:|1782440771\n|move|p2a: Maushold|Bite|p1a: Corviknight\n|-damage|p1a: Corviknight|78/100\n|move|p1a: Corviknight|Iron Defense|p1a: Corviknight\n|-boost|p1a: Corviknight|def|2\n|\n|upkeep\n|turn|10\n|\n|t:|1782440776\n|move|p2a: Maushold|Encore|p1a: Corviknight\n|-start|p1a: Corviknight|Encore\n|move|p1a: Corviknight|Iron Defense|p1a: Corviknight\n|-boost|p1a: Corviknight|def|2\n|\n|upkeep\n|turn|11\n|\n|t:|1782440780\n|switch|p2a: Indeedee|Indeedee, M|82/100 tox\n|-fieldstart|move: Psychic Terrain|[from] ability: Psychic Surge|[of] p2a: Indeedee\n|move|p1a: Corviknight|Iron Defense|p1a: Corviknight\n|-boost|p1a: Corviknight|def|2\n|\n|-damage|p2a: Indeedee|76/100 tox|[from] psn\n|upkeep\n|turn|12\n|\n|t:|1782440786\n|switch|p1a: Clodsire|Clodsire, M|100/100\n|move|p2a: Indeedee|Expanding Force|p1a: Clodsire\n|-supereffective|p1a: Clodsire\n|-damage|p1a: Clodsire|45/100\n|\n|-damage|p2a: Indeedee|63/100 tox|[from] psn\n|upkeep\n|turn|13\n|\n|t:|1782440792\n|-terastallize|p1a: Clodsire|Steel\n|move|p2a: Indeedee|Expanding Force|p1a: Clodsire\n|-resisted|p1a: Clodsire\n|-damage|p1a: Clodsire|29/100\n|move|p1a: Clodsire|Recover|p1a: Clodsire\n|-heal|p1a: Clodsire|79/100\n|\n|-damage|p2a: Indeedee|45/100 tox|[from] psn\n|upkeep\n|turn|14\n|\n|t:|1782440804\n|move|p2a: Indeedee|Encore|p1a: Clodsire\n|-start|p1a: Clodsire|Encore\n|move|p1a: Clodsire|Recover|p1a: Clodsire\n|-heal|p1a: Clodsire|100/100\n|\n|-damage|p2a: Indeedee|20/100 tox|[from] psn\n|upkeep\n|turn|15\n|\n|t:|1782440807\n|switch|p2a: Hawlucha|Hawlucha, F|100/100\n|-enditem|p2a: Hawlucha|Psychic Seed\n|-boost|p2a: Hawlucha|spd|1|[from] item: Psychic Seed\n|switch|p1a: Corviknight|Corviknight, M|78/100\n|-ability|p1a: Corviknight|Pressure\n|\n|upkeep\n|turn|16\n|\n|t:|1782440816\n|move|p2a: Hawlucha|Swords Dance|p2a: Hawlucha\n|-boost|p2a: Hawlucha|atk|2\n|move|p1a: Corviknight|Roost|p1a: Corviknight\n|-heal|p1a: Corviknight|100/100\n|-singleturn|p1a: Corviknight|move: Roost\n|\n|upkeep\n|turn|17\n|\n|t:|1782440819\n|switch|p1a: Quagsire|Quagsire, M|100/100\n|move|p2a: Hawlucha|Close Combat|p1a: Quagsire\n|-damage|p1a: Quagsire|61/100\n|-unboost|p2a: Hawlucha|def|1\n|-unboost|p2a: Hawlucha|spd|1\n|\n|upkeep\n|turn|18\n|\n|t:|1782440827\n|move|p2a: Hawlucha|Close Combat|p1a: Quagsire\n|-crit|p1a: Quagsire\n|-damage|p1a: Quagsire|6/100\n|-unboost|p2a: Hawlucha|def|1\n|-unboost|p2a: Hawlucha|spd|1\n|move|p1a: Quagsire|Toxic|p2a: Hawlucha\n|-status|p2a: Hawlucha|tox\n|\n|-damage|p2a: Hawlucha|94/100 tox|[from] psn\n|-fieldend|move: Psychic Terrain\n|upkeep\n|turn|19\n|\n|t:|1782440834\n|switch|p1a: Alomomola|Alomomola, F|54/100\n|move|p2a: Hawlucha|Swords Dance|p2a: Hawlucha\n|-boost|p2a: Hawlucha|atk|2\n|\n|-damage|p2a: Hawlucha|82/100 tox|[from] psn\n|upkeep\n|turn|20\n|\n|t:|1782440840\n|move|p1a: Alomomola|Protect|p1a: Alomomola\n|-singleturn|p1a: Alomomola|Protect\n|move|p2a: Hawlucha|Acrobatics|p1a: Alomomola\n|-activate|p1a: Alomomola|move: Protect\n|\n|-damage|p2a: Hawlucha|64/100 tox|[from] psn\n|upkeep\n|turn|21\n|\n|t:|1782440849\n|switch|p1a: Clefable|Clefable, F|41/100\n|move|p2a: Hawlucha|Close Combat|p1a: Clefable\n|-resisted|p1a: Clefable\n|-damage|p1a: Clefable|0 fnt\n|-unboost|p2a: Hawlucha|def|1\n|-unboost|p2a: Hawlucha|spd|1\n|faint|p1a: Clefable\n|\n|-damage|p2a: Hawlucha|40/100 tox|[from] psn\n|upkeep\n|\n|t:|1782440858\n|switch|p1a: Alomomola|Alomomola, F|87/100\n|turn|22\n|\n|t:|1782440863\n|move|p2a: Hawlucha|Swords Dance|p2a: Hawlucha\n|-boost|p2a: Hawlucha|atk|2\n|move|p1a: Alomomola|Wish|p1a: Alomomola\n|\n|-damage|p2a: Hawlucha|9/100 tox|[from] psn\n|upkeep\n|turn|23\n|\n|t:|1782440871\n|move|p1a: Alomomola|Protect|p1a: Alomomola\n|-singleturn|p1a: Alomomola|Protect\n|move|p2a: Hawlucha|Close Combat|p1a: Alomomola\n|-activate|p1a: Alomomola|move: Protect\n|\n|-heal|p1a: Alomomola|100/100|[from] move: Wish|[wisher] Alomomola\n|-damage|p2a: Hawlucha|0 fnt|[from] psn\n|faint|p2a: Hawlucha\n|upkeep\n|\n|t:|1782440875\n|switch|p2a: Indeedee|Indeedee, M|20/100 tox\n|-fieldstart|move: Psychic Terrain|[from] ability: Psychic Surge|[of] p2a: Indeedee\n|turn|24\n|\n|t:|1782440883\n|move|p2a: Indeedee|Encore|p1a: Alomomola\n|-start|p1a: Alomomola|Encore\n|move|p1a: Alomomola|Protect||[still]\n|-fail|p1a: Alomomola\n|\n|-damage|p2a: Indeedee|14/100 tox|[from] psn\n|upkeep\n|turn|25\n|\n|t:|1782440890\n|switch|p1a: Corviknight|Corviknight, M|100/100\n|-ability|p1a: Corviknight|Pressure\n|move|p2a: Indeedee|Expanding Force|p1a: Corviknight\n|-resisted|p1a: Corviknight\n|-damage|p1a: Corviknight|75/100\n|\n|-damage|p2a: Indeedee|1/100 tox|[from] psn\n|upkeep\n|turn|26\n|\n|t:|1782440899\n|switch|p2a: Polteageist|Polteageist|100/100\n|move|p1a: Corviknight|Iron Defense|p1a: Corviknight\n|-boost|p1a: Corviknight|def|2\n|\n|upkeep\n|turn|27\n|\n|t:|1782440905\n|switch|p1a: Clodsire|Clodsire, M, tera:Steel|100/100\n|move|p2a: Polteageist|Shell Smash|p2a: Polteageist\n|-unboost|p2a: Polteageist|def|1\n|-unboost|p2a: Polteageist|spd|1\n|-boost|p2a: Polteageist|atk|2\n|-boost|p2a: Polteageist|spa|2\n|-boost|p2a: Polteageist|spe|2\n|\n|upkeep\n|turn|28\n|\n|t:|1782440916\n|move|p2a: Polteageist|Shell Smash|p2a: Polteageist\n|-unboost|p2a: Polteageist|def|1\n|-unboost|p2a: Polteageist|spd|1\n|-boost|p2a: Polteageist|atk|2\n|-boost|p2a: Polteageist|spa|2\n|-boost|p2a: Polteageist|spe|2\n|move|p1a: Clodsire|Toxic|p2a: Polteageist\n|-status|p2a: Polteageist|tox\n|\n|-damage|p2a: Polteageist|94/100 tox|[from] psn\n|upkeep\n|turn|29\n|\n|t:|1782440927\n|-terastallize|p2a: Polteageist|Psychic\n|move|p2a: Polteageist|Stored Power|p1a: Clodsire\n|-resisted|p1a: Clodsire\n|-damage|p1a: Clodsire|44/100\n|move|p1a: Clodsire|Earthquake|p2a: Polteageist\n|-damage|p2a: Polteageist|42/100 tox\n|-ability|p2a: Polteageist|Weak Armor|boost\n|-unboost|p2a: Polteageist|def|1\n|-boost|p2a: Polteageist|spe|2\n|\n|-damage|p2a: Polteageist|30/100 tox|[from] psn\n|upkeep\n|turn|30\n|\n|t:|1782440943\n|switch|p1a: Quagsire|Quagsire, M|6/100\n|move|p2a: Polteageist|Stored Power|p1a: Quagsire\n|-damage|p1a: Quagsire|0 fnt\n|faint|p1a: Quagsire\n|\n|-damage|p2a: Polteageist|12/100 tox|[from] psn\n|upkeep\n|\n|t:|1782440953\n|switch|p1a: Alomomola|Alomomola, F|100/100\n|turn|31\n|\n|t:|1782440962\n|move|p1a: Alomomola|Protect|p1a: Alomomola\n|-singleturn|p1a: Alomomola|Protect\n|move|p2a: Polteageist|Stored Power|p1a: Alomomola\n|-activate|p1a: Alomomola|move: Protect\n|\n|-damage|p2a: Polteageist|0 fnt|[from] psn\n|faint|p2a: Polteageist\n|-fieldend|move: Psychic Terrain\n|upkeep\n|\n|t:|1782440964\n|switch|p2a: Indeedee|Indeedee, M|1/100 tox\n|-fieldstart|move: Psychic Terrain|[from] ability: Psychic Surge|[of] p2a: Indeedee\n|turn|32\n|\n|t:|1782440974\n|move|p2a: Indeedee|Healing Wish|p2a: Indeedee\n|faint|p2a: Indeedee\n|move|p1a: Alomomola|Wish|p1a: Alomomola\n|\n|upkeep\n|\n|t:|1782440978\n|switch|p2a: Hatterene|Hatterene, F|100/100\n|turn|33\n|\n|t:|1782440982\n|move|p1a: Alomomola|Flip Turn|p2a: Hatterene\n|-damage|p2a: Hatterene|88/100\n|-enditem|p2a: Hatterene|Eject Button\n|\n|t:|1782440984\n|switch|p2a: Maushold|Maushold|100/100\n|\n|upkeep\n|turn|34\n|\n|t:|1782440999\n|move|p2a: Maushold|Tidy Up|p2a: Maushold\n|-boost|p2a: Maushold|atk|1\n|-boost|p2a: Maushold|spe|1\n|move|p1a: Alomomola|Wish|p1a: Alomomola\n|\n|upkeep\n|turn|35\n|\n|t:|1782441006\n|move|p2a: Maushold|Population Bomb|p1a: Alomomola\n|-crit|p1a: Alomomola\n|-damage|p1a: Alomomola|84/100\n|-damage|p1a: Alomomola|72/100\n|-damage|p1a: Alomomola|61/100\n|-damage|p1a: Alomomola|49/100\n|-damage|p1a: Alomomola|38/100\n|-damage|p1a: Alomomola|27/100\n|-damage|p1a: Alomomola|17/100\n|-damage|p1a: Alomomola|6/100\n|-damage|p1a: Alomomola|0 fnt\n|faint|p1a: Alomomola\n|-hitcount|p1: Alomomola|9\n|\n|upkeep\n|\n|t:|1782441021\n|switch|p1a: Corviknight|Corviknight, M|75/100\n|-ability|p1a: Corviknight|Pressure\n|turn|36\n|\n|t:|1782441026\n|move|p2a: Maushold|Population Bomb|p1a: Corviknight\n|-resisted|p1a: Corviknight\n|-damage|p1a: Corviknight|70/100\n|-resisted|p1a: Corviknight\n|-crit|p1a: Corviknight\n|-damage|p1a: Corviknight|62/100\n|-resisted|p1a: Corviknight\n|-damage|p1a: Corviknight|56/100\n|-resisted|p1a: Corviknight\n|-damage|p1a: Corviknight|51/100\n|-resisted|p1a: Corviknight\n|-damage|p1a: Corviknight|45/100\n|-resisted|p1a: Corviknight\n|-damage|p1a: Corviknight|39/100\n|-resisted|p1a: Corviknight\n|-damage|p1a: Corviknight|34/100\n|-resisted|p1a: Corviknight\n|-damage|p1a: Corviknight|29/100\n|-resisted|p1a: Corviknight\n|-damage|p1a: Corviknight|23/100\n|-resisted|p1a: Corviknight\n|-damage|p1a: Corviknight|18/100\n|-hitcount|p1a: Corviknight|10\n|move|p1a: Corviknight|Iron Defense|p1a: Corviknight\n|-boost|p1a: Corviknight|def|2\n|\n|upkeep\n|turn|37\n|\n|t:|1782441035\n|move|p2a: Maushold|Population Bomb|p1a: Corviknight\n|-resisted|p1a: Corviknight\n|-damage|p1a: Corviknight|16/100\n|-resisted|p1a: Corviknight\n|-damage|p1a: Corviknight|13/100\n|-resisted|p1a: Corviknight\n|-crit|p1a: Corviknight\n|-damage|p1a: Corviknight|5/100\n|-resisted|p1a: Corviknight\n|-damage|p1a: Corviknight|2/100\n|-resisted|p1a: Corviknight\n|-damage|p1a: Corviknight|0 fnt\n|faint|p1a: Corviknight\n|-hitcount|p1: Corviknight|5\n|\n|upkeep\n|\n|t:|1782441044\n|switch|p1a: Clodsire|Clodsire, M, tera:Steel|44/100\n|turn|38\n|\n|t:|1782441048\n|move|p2a: Maushold|Population Bomb|p1a: Clodsire\n|-resisted|p1a: Clodsire\n|-damage|p1a: Clodsire|38/100\n|-resisted|p1a: Clodsire\n|-damage|p1a: Clodsire|32/100\n|-resisted|p1a: Clodsire\n|-damage|p1a: Clodsire|26/100\n|-resisted|p1a: Clodsire\n|-damage|p1a: Clodsire|21/100\n|-resisted|p1a: Clodsire\n|-damage|p1a: Clodsire|14/100\n|-resisted|p1a: Clodsire\n|-damage|p1a: Clodsire|8/100\n|-resisted|p1a: Clodsire\n|-damage|p1a: Clodsire|3/100\n|-resisted|p1a: Clodsire\n|-damage|p1a: Clodsire|0 fnt\n|faint|p1a: Clodsire\n|-hitcount|p1: Clodsire|8\n|\n|win|flylover42\n|raw|GooberGary's rating: 1398 &rarr; <strong>1378</strong><br />(-20 for losing)\n|raw|flylover42's rating: 1390 &rarr; <strong>1410</strong><br />(+20 for winning)\n|l|☆flylover42\n|player|p2|\n|l|☆GooberGary\n|player|p1|\n", "uploadtime": 1782441395, "views": 7, "formatid": "gen9ou", "rating": 1378, "private": 0, "password": null}