{"id": "gen9ou-2647697618", "format": "[Gen 9] OU", "players": ["Smash BrOUs", "scalling"], "log": "|j|☆Smash BrOUs\n|j|☆scalling\n|t:|1783797977\n|gametype|singles\n|player|p1|Smash BrOUs|wallace|1240\n|player|p2|scalling|sailor|1245\n|gen|9\n|tier|[Gen 9] OU\n|rated|\n|rule|HP Percentage Mod: HP is shown in percentages\n|rule|Endless Battle Clause: Forcing endless battles is banned\n|rule|Species Clause: Limit one of each Pokémon\n|rule|OHKO Clause: OHKO moves are banned\n|rule|Evasion Items Clause: Evasion items are banned\n|rule|Evasion Moves Clause: Evasion moves are banned\n|rule|Evasion Abilities Clause: Evasion abilities are banned\n|rule|Sleep Moves Clause: Sleep-inducing moves are banned\n|clearpoke\n|poke|p1|Torterra, F|\n|poke|p1|Polteageist|\n|poke|p1|Cloyster, M|\n|poke|p1|Minior-Green|\n|poke|p1|Blastoise, F|\n|poke|p1|Drednaw, M|\n|poke|p2|Serperior, M|\n|poke|p2|Raging Bolt|\n|poke|p2|Landorus-Therian, M|\n|poke|p2|Great Tusk|\n|poke|p2|Gholdengo|\n|poke|p2|Bisharp, M|\n|teampreview\n|inactive|Battle timer is ON: inactive players will automatically lose when time's up. (requested by Smash BrOUs)\n|\n|t:|1783797984\n|teamsize|p1|6\n|teamsize|p2|6\n|start\n|switch|p1a: Dr. Mario|Cloyster, M|100/100\n|switch|p2a: Mayu|Landorus-Therian, M|100/100\n|-ability|p2a: Mayu|Intimidate|boost\n|-unboost|p1a: Dr. Mario|atk|1\n|turn|1\n|\n|t:|1783797991\n|move|p1a: Dr. Mario|Icicle Spear|p2a: Mayu\n|-supereffective|p2a: Mayu\n|-damage|p2a: Mayu|77/100\n|-supereffective|p2a: Mayu\n|-damage|p2a: Mayu|52/100\n|-supereffective|p2a: Mayu\n|-damage|p2a: Mayu|30/100\n|-supereffective|p2a: Mayu\n|-damage|p2a: Mayu|7/100\n|-supereffective|p2a: Mayu\n|-damage|p2a: Mayu|0 fnt\n|faint|p2a: Mayu\n|-hitcount|p2: Mayu|5\n|\n|upkeep\n|\n|t:|1783798005\n|switch|p2a: Yasuo|Bisharp, M, shiny|100/100\n|turn|2\n|\n|t:|1783798014\n|switch|p1a: King Dedede|Blastoise, F|100/100\n|move|p2a: Yasuo|Swords Dance|p2a: Yasuo\n|-boost|p2a: Yasuo|atk|2\n|\n|upkeep\n|turn|3\n|\n|t:|1783798022\n|move|p2a: Yasuo|Sucker Punch|p1a: King Dedede\n|-damage|p1a: King Dedede|15/100\n|move|p1a: King Dedede|Aura Sphere|p2a: Yasuo\n|-supereffective|p2a: Yasuo\n|-damage|p2a: Yasuo|24/100\n|\n|upkeep\n|turn|4\n|\n|t:|1783798027\n|move|p2a: Yasuo|Sucker Punch||[still]\n|-fail|p2a: Yasuo\n|move|p1a: King Dedede|Shell Smash|p1a: King Dedede\n|-unboost|p1a: King Dedede|def|1\n|-unboost|p1a: King Dedede|spd|1\n|-boost|p1a: King Dedede|atk|2\n|-boost|p1a: King Dedede|spa|2\n|-boost|p1a: King Dedede|spe|2\n|\n|upkeep\n|turn|5\n|\n|t:|1783798030\n|move|p2a: Yasuo|Sucker Punch||[still]\n|-fail|p2a: Yasuo\n|move|p1a: King Dedede|Shell Smash|p1a: King Dedede\n|-unboost|p1a: King Dedede|def|1\n|-unboost|p1a: King Dedede|spd|1\n|-boost|p1a: King Dedede|atk|2\n|-boost|p1a: King Dedede|spa|2\n|-boost|p1a: King Dedede|spe|2\n|\n|upkeep\n|turn|6\n|\n|t:|1783798032\n|move|p2a: Yasuo|Sucker Punch||[still]\n|-fail|p2a: Yasuo\n|move|p1a: King Dedede|Shell Smash|p1a: King Dedede\n|-unboost|p1a: King Dedede|def|1\n|-unboost|p1a: King Dedede|spd|1\n|-boost|p1a: King Dedede|atk|2\n|-boost|p1a: King Dedede|spa|2\n|-boost|p1a: King Dedede|spe|2\n|\n|upkeep\n|turn|7\n|\n|t:|1783798034\n|move|p2a: Yasuo|Sucker Punch||[still]\n|-fail|p2a: Yasuo\n|move|p1a: King Dedede|Shell Smash|p1a: King Dedede\n|-unboost|p1a: King Dedede|def|1\n|-unboost|p1a: King Dedede|spd|1\n|-boost|p1a: King Dedede|atk|0\n|-boost|p1a: King Dedede|spa|0\n|-boost|p1a: King Dedede|spe|0\n|\n|upkeep\n|turn|8\n|\n|t:|1783798035\n|move|p2a: Yasuo|Sucker Punch||[still]\n|-fail|p2a: Yasuo\n|move|p1a: King Dedede|Shell Smash|p1a: King Dedede\n|-unboost|p1a: King Dedede|def|1\n|-unboost|p1a: King Dedede|spd|1\n|-boost|p1a: King Dedede|atk|0\n|-boost|p1a: King Dedede|spa|0\n|-boost|p1a: King Dedede|spe|0\n|\n|upkeep\n|turn|9\n|\n|t:|1783798037\n|move|p2a: Yasuo|Sucker Punch|p1a: King Dedede\n|-damage|p1a: King Dedede|0 fnt\n|faint|p1a: King Dedede\n|\n|upkeep\n|\n|t:|1783798047\n|switch|p1a: Ganondorf|Drednaw, M|100/100\n|turn|10\n|\n|t:|1783798055\n|move|p1a: Ganondorf|Earthquake|p2a: Yasuo\n|-supereffective|p2a: Yasuo\n|-damage|p2a: Yasuo|0 fnt\n|faint|p2a: Yasuo\n|\n|upkeep\n|\n|t:|1783798061\n|switch|p2a: Severo|Serperior, M|100/100\n|turn|11\n|\n|t:|1783798063\n|move|p2a: Severo|Leaf Storm|p1a: Ganondorf\n|-supereffective|p1a: Ganondorf\n|-enditem|p1a: Ganondorf|Focus Sash\n|-damage|p1a: Ganondorf|1/100\n|-boost|p2a: Severo|spa|2\n|move|p1a: Ganondorf|Shell Smash|p1a: Ganondorf\n|-unboost|p1a: Ganondorf|def|1\n|-unboost|p1a: Ganondorf|spd|1\n|-boost|p1a: Ganondorf|atk|2\n|-boost|p1a: Ganondorf|spa|2\n|-boost|p1a: Ganondorf|spe|2\n|\n|upkeep\n|turn|12\n|\n|t:|1783798082\n|move|p1a: Ganondorf|Stone Edge|p2a: Severo\n|-damage|p2a: Severo|0 fnt\n|faint|p2a: Severo\n|\n|upkeep\n|\n|t:|1783798086\n|switch|p2a: Uga|Great Tusk|100/100\n|turn|13\n|\n|t:|1783798088\n|move|p1a: Ganondorf|Liquidation|p2a: Uga\n|-supereffective|p2a: Uga\n|-damage|p2a: Uga|18/100\n|move|p2a: Uga|Rapid Spin|p1a: Ganondorf\n|-resisted|p1a: Ganondorf\n|-damage|p1a: Ganondorf|0 fnt\n|-boost|p2a: Uga|spe|1\n|faint|p1a: Ganondorf\n|\n|-heal|p2a: Uga|24/100|[from] item: Leftovers\n|upkeep\n|\n|t:|1783798092\n|switch|p1a: Mr. Game & Watch|Polteageist|100/100\n|turn|14\n|\n|t:|1783798099\n|move|p2a: Uga|Knock Off|p1a: Mr. Game & Watch\n|-supereffective|p1a: Mr. Game & Watch\n|-damage|p1a: Mr. Game & Watch|5/100\n|-ability|p1a: Mr. Game & Watch|Weak Armor|boost\n|-unboost|p1a: Mr. Game & Watch|def|1\n|-boost|p1a: Mr. Game & Watch|spe|2\n|-enditem|p1a: Mr. Game & Watch|Focus Sash|[from] move: Knock Off|[of] p2a: Uga\n|move|p1a: Mr. Game & Watch|Shell Smash|p1a: Mr. Game & Watch\n|-unboost|p1a: Mr. Game & Watch|def|1\n|-unboost|p1a: Mr. Game & Watch|spd|1\n|-boost|p1a: Mr. Game & Watch|atk|2\n|-boost|p1a: Mr. Game & Watch|spa|2\n|-boost|p1a: Mr. Game & Watch|spe|2\n|\n|-heal|p2a: Uga|30/100|[from] item: Leftovers\n|upkeep\n|turn|15\n|\n|t:|1783798110\n|move|p1a: Mr. Game & Watch|Shadow Ball|p2a: Uga\n|-damage|p2a: Uga|0 fnt\n|faint|p2a: Uga\n|-end|p2a: Uga|Protosynthesis|[silent]\n|\n|upkeep\n|\n|t:|1783798115\n|switch|p2a: Bananinho|Gholdengo|100/100\n|-item|p2a: Bananinho|Air Balloon\n|turn|16\n|\n|t:|1783798118\n|move|p1a: Mr. Game & Watch|Shadow Ball|p2a: Bananinho\n|-supereffective|p2a: Bananinho\n|-damage|p2a: Bananinho|0 fnt\n|-enditem|p2a: Bananinho|Air Balloon\n|faint|p2a: Bananinho\n|\n|upkeep\n|\n|t:|1783798121\n|switch|p2a: Guarijafo|Raging Bolt|100/100\n|turn|17\n|\n|t:|1783798123\n|move|p2a: Guarijafo|Thunderclap|p1a: Mr. Game & Watch\n|-damage|p1a: Mr. Game & Watch|0 fnt\n|faint|p1a: Mr. Game & Watch\n|\n|upkeep\n|\n|t:|1783798125\n|switch|p1a: Dr. Mario|Cloyster, M|100/100\n|turn|18\n|\n|t:|1783798134\n|-terastallize|p1a: Dr. Mario|Ground\n|move|p2a: Guarijafo|Thunderclap||[still]\n|-fail|p2a: Guarijafo\n|move|p1a: Dr. Mario|Shell Smash|p1a: Dr. Mario\n|-unboost|p1a: Dr. Mario|def|1\n|-unboost|p1a: Dr. Mario|spd|1\n|-boost|p1a: Dr. Mario|atk|2\n|-boost|p1a: Dr. Mario|spa|2\n|-boost|p1a: Dr. Mario|spe|2\n|\n|upkeep\n|turn|19\n|\n|t:|1783798139\n|-terastallize|p2a: Guarijafo|Fairy\n|move|p1a: Dr. Mario|Icicle Spear|p2a: Guarijafo\n|-damage|p2a: Guarijafo|80/100\n|-damage|p2a: Guarijafo|58/100\n|-damage|p2a: Guarijafo|37/100\n|-damage|p2a: Guarijafo|16/100\n|-damage|p2a: Guarijafo|0 fnt\n|faint|p2a: Guarijafo\n|-end|p2a: Guarijafo|Protosynthesis|[silent]\n|-hitcount|p2: Guarijafo|5\n|\n|win|Smash BrOUs\n|raw|Smash BrOUs's rating: 1240 &rarr; <strong>1265</strong><br />(+25 for winning)\n|raw|scalling's rating: 1245 &rarr; <strong>1220</strong><br />(-25 for losing)\n|l|☆scalling\n|player|p2|\n|l|☆Smash BrOUs\n|player|p1|\n", "uploadtime": 1783798430, "views": 5, "formatid": "gen9ou", "rating": 1220, "private": 0, "password": null}