{"id": "gen9ou-2639251121", "format": "[Gen 9] OU", "players": ["thepeakmons", "Max Fiufi"], "log": "|j|☆thepeakmons\n|j|☆Max Fiufi\n|t:|1782440579\n|gametype|singles\n|player|p1|thepeakmons|101|1210\n|player|p2|Max Fiufi|steven|1135\n|gen|9\n|tier|[Gen 9] OU\n|rated|\n|rule|HP Percentage Mod: HP is shown in percentages\n|rule|Endless Battle Clause: Forcing endless battles is banned\n|rule|Species Clause: Limit one of each Pokémon\n|rule|OHKO Clause: OHKO moves are banned\n|rule|Evasion Items Clause: Evasion items are banned\n|rule|Evasion Moves Clause: Evasion moves are banned\n|rule|Evasion Abilities Clause: Evasion abilities are banned\n|rule|Sleep Moves Clause: Sleep-inducing moves are banned\n|clearpoke\n|poke|p1|Gliscor, F|\n|poke|p1|Gholdengo|\n|poke|p1|Zamazenta-*|\n|poke|p1|Blissey, F|\n|poke|p1|Skarmory, F|\n|poke|p1|Pecharunt|\n|poke|p2|Espeon, M|\n|poke|p2|Electrode-Hisui|\n|poke|p2|Ambipom, M|\n|poke|p2|Dragonite, M|\n|poke|p2|Dunsparce, F|\n|poke|p2|Bellibolt, M|\n|teampreview\n|inactive|Battle timer is ON: inactive players will automatically lose when time's up. (requested by Max Fiufi)\n|\n|t:|1782440599\n|teamsize|p1|6\n|teamsize|p2|6\n|start\n|switch|p1a: Skarmory|Skarmory, F|100/100\n|switch|p2a: Electrode|Electrode-Hisui|100/100\n|turn|1\n|inactive|thepeakmons also wants the timer to be on.\n|inactive|thepeakmons has 120 seconds left.\n|c|☆Max Fiufi|🙋🏻‍♂️\n|\n|t:|1782440643\n|switch|p1a: Gliscor|Gliscor, F|100/100\n|move|p2a: Electrode|Volt Switch|p1a: Gliscor\n|-immune|p1a: Gliscor\n|\n|-status|p1a: Gliscor|tox|[from] item: Toxic Orb\n|upkeep\n|turn|2\n|\n|t:|1782440666\n|switch|p2a: Espeon|Espeon, M|100/100\n|switch|p1a: Zamazenta|Zamazenta|100/100\n|-ability|p1a: Zamazenta|Dauntless Shield|boost\n|-boost|p1a: Zamazenta|def|1\n|\n|upkeep\n|turn|3\n|inactive|thepeakmons has 120 seconds left.\n|\n|t:|1782440678\n|move|p1a: Zamazenta|Crunch|p2a: Espeon\n|-supereffective|p2a: Espeon\n|-damage|p2a: Espeon|4/100\n|move|p2a: Espeon|Trick|p1a: Zamazenta\n|-activate|p2a: Espeon|move: Trick|[of] p1a: Zamazenta\n|-item|p1a: Zamazenta|Choice Specs|[from] move: Trick\n|-item|p2a: Espeon|Heavy-Duty Boots|[from] move: Trick\n|\n|upkeep\n|turn|4\n|inactive|thepeakmons has 120 seconds left.\n|\n|t:|1782440693\n|move|p1a: Zamazenta|Ice Fang|p2a: Espeon\n|-damage|p2a: Espeon|0 fnt\n|faint|p2a: Espeon\n|\n|upkeep\n|\n|t:|1782440707\n|switch|p2a: Bellibolt|Bellibolt, M|100/100\n|turn|5\n|\n|t:|1782440716\n|switch|p1a: Gliscor|Gliscor, F|100/100 tox\n|move|p2a: Bellibolt|Acid Spray|p1a: Gliscor\n|-resisted|p1a: Gliscor\n|-damage|p1a: Gliscor|95/100 tox\n|-unboost|p1a: Gliscor|spd|2\n|\n|-heal|p1a: Gliscor|100/100 tox|[from] ability: Poison Heal\n|upkeep\n|turn|6\n|inactive|thepeakmons has 120 seconds left.\n|inactive|Max Fiufi has 120 seconds left.\n|\n|t:|1782440745\n|switch|p1a: Blissey|Blissey, F|100/100\n|move|p2a: Bellibolt|Chilling Water|p1a: Blissey\n|-damage|p1a: Blissey|96/100\n|-unboost|p1a: Blissey|atk|1\n|\n|upkeep\n|turn|7\n|inactive|thepeakmons has 120 seconds left.\n|\n|t:|1782440759\n|move|p1a: Blissey|Stealth Rock|p2a: Bellibolt\n|-sidestart|p2: Max Fiufi|move: Stealth Rock\n|move|p2a: Bellibolt|Acid Spray|p1a: Blissey\n|-damage|p1a: Blissey|91/100\n|-unboost|p1a: Blissey|spd|2\n|\n|upkeep\n|turn|8\n|inactive|thepeakmons has 120 seconds left.\n|\n|t:|1782440769\n|switch|p1a: Pecharunt|Pecharunt|100/100\n|move|p2a: Bellibolt|Acid Spray|p1a: Pecharunt\n|-resisted|p1a: Pecharunt\n|-damage|p1a: Pecharunt|97/100\n|-unboost|p1a: Pecharunt|spd|2\n|\n|upkeep\n|turn|9\n|inactive|thepeakmons has 120 seconds left.\n|\n|t:|1782440790\n|move|p1a: Pecharunt|Toxic|p2a: Bellibolt\n|-status|p2a: Bellibolt|tox\n|-start|p2a: Bellibolt|confusion|[from] ability: Poison Puppeteer|[of] p1a: Pecharunt\n|-activate|p2a: Bellibolt|confusion\n|move|p2a: Bellibolt|Acid Spray|p1a: Pecharunt\n|-resisted|p1a: Pecharunt\n|-damage|p1a: Pecharunt|90/100\n|-unboost|p1a: Pecharunt|spd|2\n|\n|-damage|p2a: Bellibolt|94/100 tox|[from] psn\n|upkeep\n|turn|10\n|\n|t:|1782440810\n|switch|p1a: Zamazenta|Zamazenta|100/100\n|-activate|p2a: Bellibolt|confusion\n|-damage|p2a: Bellibolt|90/100 tox|[from] confusion\n|\n|-damage|p2a: Bellibolt|78/100 tox|[from] psn\n|upkeep\n|turn|11\n|\n|t:|1782440823\n|move|p1a: Zamazenta|Close Combat|p2a: Bellibolt\n|-damage|p2a: Bellibolt|26/100 tox\n|-unboost|p1a: Zamazenta|def|1\n|-unboost|p1a: Zamazenta|spd|1\n|-start|p2a: Bellibolt|Charge|Close Combat|[from] ability: Electromorphosis\n|-activate|p2a: Bellibolt|confusion\n|-damage|p2a: Bellibolt|22/100 tox|[from] confusion\n|\n|-damage|p2a: Bellibolt|3/100 tox|[from] psn\n|upkeep\n|turn|12\n|\n|t:|1782440831\n|move|p1a: Zamazenta|Close Combat|p2a: Bellibolt\n|-damage|p2a: Bellibolt|0 fnt\n|-unboost|p1a: Zamazenta|def|1\n|-unboost|p1a: Zamazenta|spd|1\n|faint|p2a: Bellibolt\n|\n|upkeep\n|\n|t:|1782440834\n|switch|p2a: Dragonite|Dragonite, M|100/100\n|-damage|p2a: Dragonite|76/100|[from] Stealth Rock\n|turn|13\n|\n|t:|1782440847\n|switch|p1a: Pecharunt|Pecharunt|90/100\n|move|p2a: Dragonite|Dragon Dance|p2a: Dragonite\n|-boost|p2a: Dragonite|atk|1\n|-boost|p2a: Dragonite|spe|1\n|\n|upkeep\n|turn|14\n|\n|t:|1782440857\n|switch|p1a: Zamazenta|Zamazenta|100/100\n|move|p2a: Dragonite|Earthquake|p1a: Zamazenta\n|-damage|p1a: Zamazenta|42/100\n|\n|upkeep\n|turn|15\n|\n|t:|1782440867\n|move|p1a: Zamazenta|Ice Fang|p2a: Dragonite\n|-supereffective|p2a: Dragonite\n|-damage|p2a: Dragonite|0 fnt\n|faint|p2a: Dragonite\n|\n|upkeep\n|\n|t:|1782440875\n|switch|p2a: Dunsparce|Dunsparce, F|100/100\n|-damage|p2a: Dunsparce|88/100|[from] Stealth Rock\n|turn|16\n|\n|t:|1782440882\n|switch|p1a: Gholdengo|Gholdengo|100/100\n|move|p2a: Dunsparce|Glare|p1a: Gholdengo\n|-immune|p1a: Gholdengo|[from] ability: Good as Gold\n|\n|upkeep\n|turn|17\n|-message|Max Fiufi forfeited.\n|\n|win|thepeakmons\n|raw|thepeakmons's rating: 1252 &rarr; <strong>1269</strong><br />(+17 for winning)\n|raw|Max Fiufi's rating: 1135 &rarr; <strong>1118</strong><br />(-17 for losing)\n|l|☆Max Fiufi\n|player|p2|\n", "uploadtime": 1782440907, "views": 17, "formatid": "gen9ou", "rating": 1118, "private": 0, "password": null}