{"id": "gen9ou-2647828519", "format": "[Gen 9] OU", "players": ["BrabreiVGC", "AeroBBlast"], "log": "|j|☆BrabreiVGC\n|j|☆AeroBBlast\n|inactive|Battle timer is ON: inactive players will automatically lose when time's up.\n|t:|1783819808\n|gametype|singles\n|player|p1|BrabreiVGC|unknown|\n|player|p2|AeroBBlast|miku-flying|\n|gen|9\n|tier|[Gen 9] OU\n|rated|Tournament battle\n|rule|HP Percentage Mod: HP is shown in percentages\n|rule|Endless Battle Clause: Forcing endless battles is banned\n|rule|Species Clause: Limit one of each Pokémon\n|rule|OHKO Clause: OHKO moves are banned\n|rule|Evasion Items Clause: Evasion items are banned\n|rule|Evasion Moves Clause: Evasion moves are banned\n|rule|Evasion Abilities Clause: Evasion abilities are banned\n|rule|Sleep Moves Clause: Sleep-inducing moves are banned\n|raw|<div class=\"infobox\"><details class=\"readmore\" open><summary><strong>1 custom rule:</strong></summary> +tera blast</details></div>\n|clearpoke\n|poke|p1|Medicham, F|\n|poke|p1|Salazzle, F|\n|poke|p1|Duosion, F|\n|poke|p1|Garganacl, F|\n|poke|p2|Quagsire, M|\n|poke|p2|Golurk|\n|poke|p2|Galvantula, M|\n|poke|p2|Pyroar, M|\n|teampreview\n|j|*Lady Monita \n|inactive|BrabreiVGC also wants the timer to be on.\n|c|☆AeroBBlast|glhf\n|\n|t:|1783819830\n|teamsize|p1|4\n|teamsize|p2|4\n|start\n|switch|p1a: Garganacl|Garganacl, F|100/100\n|switch|p2a: Galvantula|Galvantula, M, shiny|100/100\n|turn|1\n|\n|t:|1783819835\n|move|p2a: Galvantula|Sticky Web|p1a: Garganacl\n|-sidestart|p1: BrabreiVGC|move: Sticky Web\n|move|p1a: Garganacl|Stealth Rock|p2a: Galvantula\n|-sidestart|p2: AeroBBlast|move: Stealth Rock\n|\n|upkeep\n|turn|2\n|\n|t:|1783819844\n|move|p2a: Galvantula|Thunder Wave|p1a: Garganacl\n|-immune|p1a: Garganacl|[from] ability: Purifying Salt\n|move|p1a: Garganacl|Salt Cure|p2a: Galvantula\n|-supereffective|p2a: Galvantula\n|-damage|p2a: Galvantula|51/100\n|-start|p2a: Galvantula|Salt Cure\n|\n|-damage|p2a: Galvantula|38/100|[from] Salt Cure\n|upkeep\n|turn|3\n|l|☆BrabreiVGC\n|inactive|BrabreiVGC disconnected and has a minute to reconnect!\n|player|p1|\n|c|☆AeroBBlast|;-;\n|j|☆BrabreiVGC\n|inactive|BrabreiVGC reconnected and has 135 seconds left.\n|player|p1|BrabreiVGC|unknown|\n|j|@Aud890\n|\n|t:|1783819871\n|move|p1a: Garganacl|Protect|p1a: Garganacl\n|-singleturn|p1a: Garganacl|Protect\n|move|p2a: Galvantula|Thunder|p1a: Garganacl\n|-activate|p1a: Garganacl|move: Protect\n|\n|-damage|p2a: Galvantula|26/100|[from] Salt Cure\n|upkeep\n|turn|4\n|\n|t:|1783819881\n|move|p2a: Galvantula|Thunder|p1a: Garganacl\n|-damage|p1a: Garganacl|71/100\n|move|p1a: Garganacl|Salt Cure|p2a: Galvantula\n|-supereffective|p2a: Galvantula\n|-damage|p2a: Galvantula|0 fnt\n|faint|p2a: Galvantula\n|\n|-heal|p1a: Garganacl|77/100|[from] item: Leftovers\n|upkeep\n|\n|t:|1783819905\n|switch|p2a: Pyroar|Pyroar, M, shiny|100/100\n|-ability|p2a: Pyroar|Unnerve\n|-damage|p2a: Pyroar|76/100|[from] Stealth Rock\n|turn|5\n|\n|t:|1783819915\n|-terastallize|p2a: Pyroar|Grass\n|move|p2a: Pyroar|Tera Blast|p1a: Garganacl|[anim] Tera Blast Grass\n|-supereffective|p1a: Garganacl\n|-damage|p1a: Garganacl|32/100\n|move|p1a: Garganacl|Salt Cure|p2a: Pyroar\n|-damage|p2a: Pyroar|57/100\n|-start|p2a: Pyroar|Salt Cure\n|\n|-heal|p1a: Garganacl|39/100|[from] item: Leftovers\n|-damage|p2a: Pyroar|44/100|[from] Salt Cure\n|upkeep\n|turn|6\n|\n|t:|1783819925\n|move|p1a: Garganacl|Protect|p1a: Garganacl\n|-singleturn|p1a: Garganacl|Protect\n|move|p2a: Pyroar|Tera Blast|p1a: Garganacl|[anim] Tera Blast Grass\n|-activate|p1a: Garganacl|move: Protect\n|\n|-heal|p1a: Garganacl|45/100|[from] item: Leftovers\n|-damage|p2a: Pyroar|32/100|[from] Salt Cure\n|upkeep\n|turn|7\n|\n|t:|1783819936\n|switch|p1a: Salazzle|Salazzle, F|100/100\n|-activate|p1a: Salazzle|move: Sticky Web\n|-unboost|p1a: Salazzle|spe|1\n|move|p2a: Pyroar|Tera Blast|p1a: Salazzle|[anim] Tera Blast Grass\n|-resisted|p1a: Salazzle\n|-damage|p1a: Salazzle|87/100\n|\n|-damage|p2a: Pyroar|19/100|[from] Salt Cure\n|upkeep\n|turn|8\n|\n|t:|1783819951\n|switch|p2a: Quagsire|Quagsire, M, shiny|100/100\n|-damage|p2a: Quagsire|94/100|[from] Stealth Rock\n|move|p1a: Salazzle|Flamethrower|p2a: Quagsire\n|-resisted|p2a: Quagsire\n|-damage|p2a: Quagsire|66/100\n|-damage|p1a: Salazzle|77/100|[from] item: Life Orb\n|\n|upkeep\n|turn|9\n|\n|t:|1783819964\n|-terastallize|p1a: Salazzle|Grass\n|move|p1a: Salazzle|Tera Blast|p2a: Quagsire|[anim] Tera Blast Grass\n|-supereffective|p2a: Quagsire\n|-enditem|p2a: Quagsire|Rindo Berry|[eat]\n|-enditem|p2a: Quagsire|Rindo Berry|[weaken]\n|-damage|p2a: Quagsire|0 fnt\n|faint|p2a: Quagsire\n|-damage|p1a: Salazzle|67/100|[from] item: Life Orb\n|\n|upkeep\n|\n|t:|1783819973\n|switch|p2a: Golurk|Golurk, shiny|100/100\n|-damage|p2a: Golurk|94/100|[from] Stealth Rock\n|turn|10\n|l|☆BrabreiVGC\n|inactive|BrabreiVGC disconnected and has a minute to reconnect!\n|player|p1|\n|j|☆BrabreiVGC\n|inactive|BrabreiVGC reconnected and has 140 seconds left.\n|player|p1|BrabreiVGC|unknown|\n|\n|t:|1783819991\n|move|p1a: Salazzle|Tera Blast|p2a: Golurk|[anim] Tera Blast Grass\n|-supereffective|p2a: Golurk\n|-damage|p2a: Golurk|3/100\n|-damage|p1a: Salazzle|57/100|[from] item: Life Orb\n|move|p2a: Golurk|Poltergeist|p1a: Salazzle\n|-activate|p1a: Salazzle|move: Poltergeist|Life Orb\n|-damage|p1a: Salazzle|0 fnt\n|faint|p1a: Salazzle\n|-damage|p2a: Golurk|0 fnt|[from] item: Life Orb\n|faint|p2a: Golurk\n|\n|upkeep\n|c|☆AeroBBlast|gg\n|\n|t:|1783820005\n|switch|p1a: Duosion|Duosion, F|100/100\n|switch|p2a: Pyroar|Pyroar, M, shiny, tera:Grass|19/100\n|-ability|p2a: Pyroar|Unnerve\n|-damage|p2a: Pyroar|7/100|[from] Stealth Rock\n|-activate|p1a: Duosion|move: Sticky Web\n|-unboost|p1a: Duosion|spe|1\n|turn|11\n|\n|t:|1783820018\n|move|p2a: Pyroar|Flamethrower|p1a: Duosion\n|-damage|p1a: Duosion|67/100\n|move|p1a: Duosion|Psychic|p2a: Pyroar\n|-damage|p2a: Pyroar|0 fnt\n|faint|p2a: Pyroar\n|\n|win|BrabreiVGC\n|n|☆AeroBBlast|aerobblast\n|n|*Lady Monita |ladymonita\n|n| Aud890|aud890\n|n|☆BrabreiVGC|brabreivgc\n", "uploadtime": 1783820018, "views": 3, "formatid": "gen9ou", "rating": null, "private": 0, "password": null}