{"id": "gen9ou-2640011391", "format": "[Gen 9] OU", "players": ["Javi", "D Gym Teacher"], "log": "|badge|p1|bronze|gen9ou|100-9\n|html|<div class=\"broadcast-red\"><strong>This battle is required to be public due to one or more player having a season medal.</strong><br />During the public phase, you can discuss the state of the ladder <a href=\"/seasondiscussion\">in a special chatroom.</a></div>\n|uhtml|medal-msg|<div class=\"broadcast-blue\">Curious what those medals under the avatar are? PS now has Ladder Seasons! For more information, check out the <a href=\"https://www.smogon.com/forums/threads/3740067/\">thread on Smogon.</a></div>\n|badge|p2|silver|gen9ou|30-9\n|uhtml|medal-msg|<div class=\"broadcast-blue\">Curious what those medals under the avatar are? PS now has Ladder Seasons! For more information, check out the <a href=\"https://www.smogon.com/forums/threads/3740067/\">thread on Smogon.</a></div>\n|raw|<div class=\"broadcast-blue\"><strong>This battle is required to be public due to a player having a name starting with 'medal'.</div>\n|j|☆Javi\n|j|☆D Gym Teacher\n|t:|1782563452\n|gametype|singles\n|player|p1|Javi|#wcop2024spain2|1854\n|player|p2|D Gym Teacher|veteran|1928\n|gen|9\n|tier|[Gen 9] OU\n|rated|\n|rule|HP Percentage Mod: HP is shown in percentages\n|rule|Endless Battle Clause: Forcing endless battles is banned\n|rule|Species Clause: Limit one of each Pokémon\n|rule|OHKO Clause: OHKO moves are banned\n|rule|Evasion Items Clause: Evasion items are banned\n|rule|Evasion Moves Clause: Evasion moves are banned\n|rule|Evasion Abilities Clause: Evasion abilities are banned\n|rule|Sleep Moves Clause: Sleep-inducing moves are banned\n|clearpoke\n|poke|p1|Zamazenta-*|\n|poke|p1|Landorus-Therian, M|\n|poke|p1|Kyurem|\n|poke|p1|Gholdengo|\n|poke|p1|Samurott-Hisui, F|\n|poke|p1|Hatterene, F|\n|poke|p2|Great Tusk|\n|poke|p2|Slowking-Galar, M|\n|poke|p2|Corviknight, F|\n|poke|p2|Clefable, F|\n|poke|p2|Samurott-Hisui, M|\n|poke|p2|Dragapult, F|\n|teampreview\n|c|☆D Gym Teacher|hf\n|inactive|Battle timer is ON: inactive players will automatically lose when time's up. (requested by Javi)\n|inactive|D Gym Teacher has 120 seconds left.\n|j| Wanawa8724\n|inactive|D Gym Teacher has 90 seconds left.\n|inactive|D Gym Teacher has 60 seconds left.\n|\n|t:|1782563592\n|teamsize|p1|6\n|teamsize|p2|6\n|start\n|switch|p1a: Landorus|Landorus-Therian, M, shiny|100/100\n|switch|p2a: P!nk|Clefable, F|100/100\n|-ability|p1a: Landorus|Intimidate|boost\n|-unboost|p2a: P!nk|atk|1\n|turn|1\n|j| Kathryne Keyron\n|\n|t:|1782563601\n|move|p1a: Landorus|U-turn|p2a: P!nk\n|-resisted|p2a: P!nk\n|-damage|p2a: P!nk|93/100\n|\n|t:|1782563603\n|switch|p1a: Hatterene|Hatterene, F, shiny|100/100|[from] U-turn\n|move|p2a: P!nk|Knock Off|p1a: Hatterene\n|-damage|p1a: Hatterene|92/100\n|-enditem|p1a: Hatterene|Rocky Helmet|[from] move: Knock Off|[of] p2a: P!nk\n|\n|-heal|p2a: P!nk|99/100|[from] item: Leftovers\n|upkeep\n|turn|2\n|inactive|D Gym Teacher has 120 seconds left.\n|\n|t:|1782563611\n|switch|p2a: Alchemist|Slowking-Galar, M|100/100\n|move|p1a: Hatterene|Nuzzle|p2a: Alchemist\n|-damage|p2a: Alchemist|96/100\n|-status|p2a: Alchemist|par\n|\n|upkeep\n|turn|3\n|\n|t:|1782563618\n|switch|p1a: Samurott|Samurott-Hisui, F, shiny|100/100\n|cant|p2a: Alchemist|par\n|\n|upkeep\n|turn|4\n|\n|t:|1782563626\n|switch|p2a: Voyageur|Corviknight, F|100/100\n|-ability|p2a: Voyageur|Pressure\n|move|p1a: Samurott|Knock Off|p2a: Voyageur\n|-damage|p2a: Voyageur|76/100\n|-damage|p1a: Samurott|84/100|[from] item: Rocky Helmet|[of] p2a: Voyageur\n|-enditem|p2a: Voyageur|Rocky Helmet|[from] move: Knock Off|[of] p1a: Samurott\n|\n|upkeep\n|turn|5\n|\n|t:|1782563634\n|move|p1a: Samurott|Flip Turn|p2a: Voyageur\n|-damage|p2a: Voyageur|62/100\n|\n|t:|1782563637\n|switch|p1a: Landorus|Landorus-Therian, M, shiny|100/100|[from] Flip Turn\n|-ability|p1a: Landorus|Intimidate|boost\n|-unboost|p2a: Voyageur|atk|1\n|move|p2a: Voyageur|U-turn|p1a: Landorus\n|-resisted|p1a: Landorus\n|-damage|p1a: Landorus|96/100\n|-damage|p2a: Voyageur|46/100|[from] item: Rocky Helmet|[of] p1a: Landorus\n|\n|t:|1782563661\n|switch|p2a: P!nk|Clefable, F|99/100|[from] U-turn\n|\n|-heal|p2a: P!nk|100/100|[from] item: Leftovers\n|upkeep\n|turn|6\n|\n|t:|1782563666\n|move|p1a: Landorus|U-turn|p2a: P!nk\n|-resisted|p2a: P!nk\n|-damage|p2a: P!nk|92/100\n|\n|t:|1782563668\n|switch|p1a: Hatterene|Hatterene, F, shiny|92/100|[from] U-turn\n|move|p2a: P!nk|Moonblast|p1a: Hatterene\n|-damage|p1a: Hatterene|59/100\n|-unboost|p1a: Hatterene|spa|1\n|\n|-heal|p2a: P!nk|98/100|[from] item: Leftovers\n|upkeep\n|turn|7\n|\n|t:|1782563680\n|switch|p2a: Voyageur|Corviknight, F|46/100\n|-ability|p2a: Voyageur|Pressure\n|move|p1a: Hatterene|Pain Split|p2a: Voyageur\n|-sethp|p2a: Voyageur|46/100|[from] move: Pain Split|[silent]\n|-sethp|p1a: Hatterene|58/100|[from] move: Pain Split\n|\n|upkeep\n|turn|8\n|\n|t:|1782563689\n|move|p2a: Voyageur|U-turn|p1a: Hatterene\n|-crit|p1a: Hatterene\n|-damage|p1a: Hatterene|42/100\n|\n|t:|1782563692\n|switch|p2a: Alchemist|Slowking-Galar, M|100/100 par|[from] U-turn\n|move|p1a: Hatterene|Nuzzle|p2a: Alchemist\n|-damage|p2a: Alchemist|96/100 par\n|\n|upkeep\n|turn|9\n|\n|t:|1782563700\n|switch|p2a: Voyageur|Corviknight, F|46/100\n|-ability|p2a: Voyageur|Pressure\n|move|p1a: Hatterene|Pain Split|p2a: Voyageur\n|-sethp|p2a: Voyageur|40/100|[from] move: Pain Split|[silent]\n|-sethp|p1a: Hatterene|50/100|[from] move: Pain Split\n|\n|upkeep\n|turn|10\n|\n|t:|1782563709\n|switch|p1a: Landorus|Landorus-Therian, M, shiny|96/100\n|-ability|p1a: Landorus|Intimidate|boost\n|-unboost|p2a: Voyageur|atk|1\n|move|p2a: Voyageur|Brave Bird|p1a: Landorus\n|-damage|p1a: Landorus|73/100\n|-damage|p2a: Voyageur|23/100|[from] item: Rocky Helmet|[of] p1a: Landorus\n|-damage|p2a: Voyageur|16/100|[from] Recoil\n|\n|upkeep\n|turn|11\n|\n|t:|1782563716\n|switch|p2a: Loxodonta|Great Tusk|100/100\n|move|p1a: Landorus|Stealth Rock|p2a: Loxodonta\n|-sidestart|p2: D Gym Teacher|move: Stealth Rock\n|\n|upkeep\n|turn|12\n|\n|t:|1782563724\n|move|p1a: Landorus|Earth Power|p2a: Loxodonta\n|-damage|p2a: Loxodonta|52/100\n|move|p2a: Loxodonta|Rapid Spin|p1a: Landorus\n|-damage|p1a: Landorus|57/100\n|-boost|p2a: Loxodonta|spe|1\n|-damage|p2a: Loxodonta|36/100|[from] item: Rocky Helmet|[of] p1a: Landorus\n|-sideend|p2: D Gym Teacher|Stealth Rock|[from] move: Rapid Spin|[of] p2a: Loxodonta\n|\n|-heal|p2a: Loxodonta|42/100|[from] item: Leftovers\n|upkeep\n|turn|13\n|\n|t:|1782563732\n|switch|p1a: Hatterene|Hatterene, F, shiny|50/100\n|move|p2a: Loxodonta|Ice Spinner|p1a: Hatterene\n|-damage|p1a: Hatterene|26/100\n|\n|-heal|p2a: Loxodonta|48/100|[from] item: Leftovers\n|upkeep\n|turn|14\n|\n|t:|1782563749\n|move|p2a: Loxodonta|Ice Spinner|p1a: Hatterene\n|-damage|p1a: Hatterene|3/100\n|move|p1a: Hatterene|Draining Kiss|p2a: Loxodonta\n|-supereffective|p2a: Loxodonta\n|-damage|p2a: Loxodonta|0 fnt\n|-heal|p1a: Hatterene|44/100|[from] drain|[of] p2a: Loxodonta\n|faint|p2a: Loxodonta\n|-end|p2a: Loxodonta|Protosynthesis|[silent]\n|\n|upkeep\n|\n|t:|1782563763\n|switch|p2a: Bull's-eye|Dragapult, F|100/100\n|turn|15\n|j| Garden of Dreams\n|\n|t:|1782563774\n|move|p2a: Bull's-eye|Thunderbolt|p1a: Hatterene\n|-damage|p1a: Hatterene|0 fnt\n|faint|p1a: Hatterene\n|\n|upkeep\n|\n|t:|1782563787\n|switch|p1a: Landorus|Landorus-Therian, M, shiny|57/100\n|-ability|p1a: Landorus|Intimidate|boost\n|-fail|p2a: Bull's-eye|unboost|[from] ability: Clear Body|[of] p2a: Bull's-eye\n|turn|16\n|l| Garden of Dreams\n|\n|t:|1782563795\n|switch|p2a: Voyageur|Corviknight, F|16/100\n|-ability|p2a: Voyageur|Pressure\n|move|p1a: Landorus|Smack Down|p2a: Voyageur\n|-damage|p2a: Voyageur|7/100\n|-start|p2a: Voyageur|Smack Down\n|\n|upkeep\n|turn|17\n|\n|t:|1782563798\n|switch|p2a: P!nk|Clefable, F|98/100\n|move|p1a: Landorus|Stealth Rock|p2a: P!nk\n|-sidestart|p2: D Gym Teacher|move: Stealth Rock\n|\n|-heal|p2a: P!nk|100/100|[from] item: Leftovers\n|upkeep\n|turn|18\n|\n|t:|1782563806\n|move|p1a: Landorus|U-turn|p2a: P!nk\n|-resisted|p2a: P!nk\n|-damage|p2a: P!nk|93/100\n|j| sleepyslagger\n|\n|t:|1782563808\n|switch|p1a: Gholdengo|Gholdengo, shiny|100/100|[from] U-turn\n|move|p2a: P!nk|Stealth Rock|p1a: Gholdengo\n|-sidestart|p1: Javi|move: Stealth Rock\n|\n|-heal|p2a: P!nk|99/100|[from] item: Leftovers\n|upkeep\n|turn|19\n|\n|t:|1782563812\n|switch|p2a: Voyageur|Corviknight, F|7/100\n|-damage|p2a: Voyageur|0 fnt|[from] Stealth Rock\n|faint|p2a: Voyageur\n|move|p1a: Gholdengo|Make It Rain|p2: Voyageur|[notarget]\n|-fail|p1a: Gholdengo\n|\n|upkeep\n|j| foren1337\n|\n|t:|1782563818\n|switch|p2a: Jack|Samurott-Hisui, M|100/100\n|turn|20\n|\n|t:|1782563823\n|switch|p1a: Landorus|Landorus-Therian, M, shiny|57/100\n|-damage|p1a: Landorus|44/100|[from] Stealth Rock\n|-ability|p1a: Landorus|Intimidate|boost\n|-unboost|p2a: Jack|atk|1\n|move|p2a: Jack|Aqua Cutter|p1a: Landorus\n|-supereffective|p1a: Landorus\n|-damage|p1a: Landorus|0 fnt\n|faint|p1a: Landorus\n|\n|upkeep\n|l| foren1337\n|\n|t:|1782563830\n|switch|p1a: Kyurem|Kyurem|100/100\n|-damage|p1a: Kyurem|75/100|[from] Stealth Rock\n|-ability|p1a: Kyurem|Pressure\n|turn|21\n|j| The Zard-X Fanboy\n|l| sleepyslagger\n|l| The Zard-X Fanboy\n|\n|t:|1782563851\n|-terastallize|p1a: Kyurem|Ground\n|move|p1a: Kyurem|Earth Power|p2a: Jack\n|-damage|p2a: Jack|44/100\n|move|p2a: Jack|Knock Off|p1a: Kyurem\n|-damage|p1a: Kyurem|48/100\n|-enditem|p1a: Kyurem|Leftovers|[from] move: Knock Off|[of] p2a: Jack\n|\n|upkeep\n|turn|22\n|inactive|D Gym Teacher has 120 seconds left.\n|\n|t:|1782563886\n|move|p2a: Jack|Aqua Jet|p1a: Kyurem\n|-supereffective|p1a: Kyurem\n|-damage|p1a: Kyurem|25/100\n|move|p1a: Kyurem|Earth Power|p2a: Jack\n|-damage|p2a: Jack|0 fnt\n|faint|p2a: Jack\n|\n|upkeep\n|\n|t:|1782563892\n|switch|p2a: Bull's-eye|Dragapult, F|100/100\n|-damage|p2a: Bull's-eye|88/100|[from] Stealth Rock\n|turn|23\n|\n|t:|1782563896\n|move|p1a: Kyurem|Protect|p1a: Kyurem\n|-singleturn|p1a: Kyurem|Protect\n|move|p2a: Bull's-eye|Shadow Ball|p1a: Kyurem\n|-activate|p1a: Kyurem|move: Protect\n|\n|upkeep\n|turn|24\n|j| sleepyslagger\n|\n|t:|1782563904\n|move|p2a: Bull's-eye|Shadow Ball|p1a: Kyurem\n|-damage|p1a: Kyurem|0 fnt\n|faint|p1a: Kyurem\n|\n|upkeep\n|\n|t:|1782563907\n|switch|p1a: Samurott|Samurott-Hisui, F, shiny|84/100\n|-damage|p1a: Samurott|71/100|[from] Stealth Rock\n|turn|25\n|\n|t:|1782563910\n|switch|p2a: P!nk|Clefable, F|99/100\n|move|p1a: Samurott|Knock Off|p2a: P!nk\n|-resisted|p2a: P!nk\n|-damage|p2a: P!nk|83/100\n|-enditem|p2a: P!nk|Leftovers|[from] move: Knock Off|[of] p1a: Samurott\n|\n|upkeep\n|turn|26\n|j| magmarpanzer\n|\n|t:|1782563921\n|move|p1a: Samurott|Flip Turn|p2a: P!nk\n|-damage|p2a: P!nk|66/100\n|\n|t:|1782563923\n|switch|p1a: Gholdengo|Gholdengo, shiny|100/100|[from] Flip Turn\n|-damage|p1a: Gholdengo|94/100|[from] Stealth Rock\n|move|p2a: P!nk|Moonblast|p1a: Gholdengo\n|-resisted|p1a: Gholdengo\n|-damage|p1a: Gholdengo|77/100\n|\n|upkeep\n|turn|27\n|\n|t:|1782563931\n|switch|p2a: Alchemist|Slowking-Galar, M|100/100 par\n|-damage|p2a: Alchemist|88/100 par|[from] Stealth Rock\n|move|p1a: Gholdengo|Shadow Ball|p2a: Alchemist\n|-supereffective|p2a: Alchemist\n|-damage|p2a: Alchemist|39/100 par\n|\n|upkeep\n|turn|28\n|\n|t:|1782563940\n|-terastallize|p2a: Alchemist|Water\n|move|p1a: Gholdengo|Shadow Ball|p2a: Alchemist\n|-damage|p2a: Alchemist|16/100 par\n|move|p2a: Alchemist|Flamethrower|p1a: Gholdengo\n|-supereffective|p1a: Gholdengo\n|-damage|p1a: Gholdengo|15/100\n|\n|upkeep\n|turn|29\n|\n|t:|1782563960\n|switch|p2a: Bull's-eye|Dragapult, F|88/100\n|-damage|p2a: Bull's-eye|76/100|[from] Stealth Rock\n|move|p1a: Gholdengo|Shadow Ball|p2a: Bull's-eye\n|-supereffective|p2a: Bull's-eye\n|-damage|p2a: Bull's-eye|0 fnt\n|faint|p2a: Bull's-eye\n|\n|upkeep\n|\n|t:|1782563970\n|switch|p2a: P!nk|Clefable, F|66/100\n|turn|30\n|\n|t:|1782563978\n|move|p1a: Gholdengo|Make It Rain|p2a: P!nk\n|-supereffective|p2a: P!nk\n|-damage|p2a: P!nk|0 fnt\n|-unboost|p1a: Gholdengo|spa|1\n|faint|p2a: P!nk\n|\n|upkeep\n|c|☆D Gym Teacher|gg\n|-message|D Gym Teacher forfeited.\n|\n|win|Javi\n|raw|Javi's rating: 1854 &rarr; <strong>1878</strong><br />(+24 for winning)\n|raw|D Gym Teacher's rating: 1928 &rarr; <strong>1904</strong><br />(-24 for losing)\n|c|☆Javi|gg\n", "uploadtime": 1782563987, "views": 8, "formatid": "gen9ou", "rating": 1878, "private": 0, "password": null}