{"id": "gen9ou-2647811251", "format": "[Gen 9] OU", "players": ["Breezy55", "sir.doff"], "log": "|j|☆Breezy55\n|j|☆sir.doff\n|t:|1783816730\n|gametype|singles\n|player|p1|Breezy55|169|1327\n|player|p2|sir.doff|gentleman-gen4|1278\n|gen|9\n|tier|[Gen 9] OU\n|rated|\n|rule|HP Percentage Mod: HP is shown in percentages\n|rule|Endless Battle Clause: Forcing endless battles is banned\n|rule|Species Clause: Limit one of each Pokémon\n|rule|OHKO Clause: OHKO moves are banned\n|rule|Evasion Items Clause: Evasion items are banned\n|rule|Evasion Moves Clause: Evasion moves are banned\n|rule|Evasion Abilities Clause: Evasion abilities are banned\n|rule|Sleep Moves Clause: Sleep-inducing moves are banned\n|clearpoke\n|poke|p1|Hitmonchan, M|\n|poke|p1|Jirachi|\n|poke|p1|Enamorus, F|\n|poke|p1|Mamoswine, M|\n|poke|p1|Dragapult, M|\n|poke|p1|Kingambit, F|\n|poke|p2|Pelipper, F|\n|poke|p2|Ludicolo, M|\n|poke|p2|Barraskewda, M|\n|poke|p2|Raging Bolt|\n|poke|p2|Iron Treads|\n|poke|p2|Overqwil, M|\n|teampreview\n|\n|t:|1783816735\n|teamsize|p1|6\n|teamsize|p2|6\n|start\n|switch|p1a: Mamoswine|Mamoswine, M|100/100\n|switch|p2a: Bocona|Pelipper, F|100/100\n|-weather|RainDance|[from] ability: Drizzle|[of] p2a: Bocona\n|turn|1\n|\n|t:|1783816742\n|move|p1a: Mamoswine|Freeze-Dry|p2a: Bocona\n|-supereffective|p2a: Bocona\n|-damage|p2a: Bocona|0 fnt\n|faint|p2a: Bocona\n|\n|-weather|RainDance|[upkeep]\n|upkeep\n|\n|t:|1783816748\n|switch|p2a: Tilápio|Barraskewda, M|100/100\n|turn|2\n|\n|t:|1783816755\n|move|p2a: Tilápio|Liquidation|p1a: Mamoswine\n|-supereffective|p1a: Mamoswine\n|-damage|p1a: Mamoswine|0 fnt\n|faint|p1a: Mamoswine\n|\n|-weather|RainDance|[upkeep]\n|upkeep\n|\n|t:|1783816760\n|switch|p1a: Dragapult|Dragapult, M|100/100\n|turn|3\n|\n|t:|1783816764\n|move|p2a: Tilápio|Liquidation|p1a: Dragapult\n|-resisted|p1a: Dragapult\n|-damage|p1a: Dragapult|40/100\n|-unboost|p1a: Dragapult|def|1\n|move|p1a: Dragapult|Dragon Darts|p2a: Tilápio\n|-damage|p2a: Tilápio|58/100\n|-anim|p1a: Dragapult|Dragon Darts|p2a: Tilápio\n|-damage|p2a: Tilápio|18/100\n|\n|-weather|RainDance|[upkeep]\n|upkeep\n|turn|4\n|\n|t:|1783816774\n|move|p2a: Tilápio|Liquidation|p1a: Dragapult\n|-resisted|p1a: Dragapult\n|-damage|p1a: Dragapult|0 fnt\n|faint|p1a: Dragapult\n|\n|-weather|RainDance|[upkeep]\n|upkeep\n|\n|t:|1783816779\n|switch|p1a: Hitmonchan|Hitmonchan, M|100/100\n|turn|5\n|\n|t:|1783816785\n|move|p2a: Tilápio|Liquidation|p1a: Hitmonchan\n|-damage|p1a: Hitmonchan|17/100\n|move|p1a: Hitmonchan|Drain Punch|p2a: Tilápio\n|-damage|p2a: Tilápio|0 fnt\n|-heal|p1a: Hitmonchan|25/100|[from] drain|[of] p2a: Tilápio\n|faint|p2a: Tilápio\n|\n|-weather|RainDance|[upkeep]\n|-heal|p1a: Hitmonchan|31/100|[from] item: Leftovers\n|upkeep\n|\n|t:|1783816796\n|switch|p2a: Go Drinking|Ludicolo, M|100/100\n|turn|6\n|\n|t:|1783816799\n|move|p2a: Go Drinking|Weather Ball|p1a: Hitmonchan\n|-damage|p1a: Hitmonchan|0 fnt\n|faint|p1a: Hitmonchan\n|-damage|p2a: Go Drinking|91/100|[from] item: Life Orb\n|\n|-weather|RainDance|[upkeep]\n|upkeep\n|\n|t:|1783816806\n|switch|p1a: Jirachi|Jirachi|100/100\n|turn|7\n|\n|t:|1783816810\n|move|p2a: Go Drinking|Weather Ball|p1a: Jirachi\n|-damage|p1a: Jirachi|17/100\n|-damage|p2a: Go Drinking|81/100|[from] item: Life Orb\n|move|p1a: Jirachi|Iron Head|p2a: Go Drinking\n|-resisted|p2a: Go Drinking\n|-damage|p2a: Go Drinking|56/100\n|\n|-weather|RainDance|[upkeep]\n|upkeep\n|turn|8\n|\n|t:|1783816819\n|move|p2a: Go Drinking|Weather Ball|p1a: Jirachi\n|-damage|p1a: Jirachi|0 fnt\n|faint|p1a: Jirachi\n|-damage|p2a: Go Drinking|46/100|[from] item: Life Orb\n|\n|-weather|none\n|upkeep\n|\n|t:|1783816824\n|switch|p1a: Enamorus|Enamorus, F|100/100\n|turn|9\n|\n|t:|1783816829\n|move|p1a: Enamorus|Moonblast|p2a: Go Drinking\n|-damage|p2a: Go Drinking|0 fnt\n|faint|p2a: Go Drinking\n|\n|upkeep\n|\n|t:|1783816833\n|switch|p2a: Defante|Iron Treads|100/100\n|turn|10\n|\n|t:|1783816836\n|move|p1a: Enamorus|Moonblast|p2a: Defante\n|-resisted|p2a: Defante\n|-damage|p2a: Defante|76/100\n|move|p2a: Defante|Stealth Rock|p1a: Enamorus\n|-sidestart|p1: Breezy55|move: Stealth Rock\n|\n|-heal|p2a: Defante|82/100|[from] item: Leftovers\n|upkeep\n|turn|11\n|\n|t:|1783816843\n|-end|p2a: Defante|Quark Drive|[silent]\n|switch|p2a: Thor|Raging Bolt|100/100\n|-enditem|p2a: Thor|Booster Energy\n|-activate|p2a: Thor|ability: Protosynthesis|[fromitem]\n|-start|p2a: Thor|protosynthesisspa\n|move|p1a: Enamorus|Moonblast|p2a: Thor\n|-supereffective|p2a: Thor\n|-damage|p2a: Thor|0 fnt\n|faint|p2a: Thor\n|-end|p2a: Thor|Protosynthesis|[silent]\n|\n|upkeep\n|\n|t:|1783816846\n|switch|p2a: Overqwil|Overqwil, M|100/100\n|turn|12\n|inactive|Battle timer is ON: inactive players will automatically lose when time's up. (requested by sir.doff)\n|\n|t:|1783816856\n|-terastallize|p1a: Enamorus|Ground\n|move|p1a: Enamorus|Moonblast|p2a: Overqwil\n|-damage|p2a: Overqwil|21/100\n|move|p2a: Overqwil|Swords Dance|p2a: Overqwil\n|-boost|p2a: Overqwil|atk|2\n|\n|upkeep\n|turn|13\n|\n|t:|1783816862\n|move|p1a: Enamorus|Moonblast|p2a: Overqwil\n|-damage|p2a: Overqwil|0 fnt\n|faint|p2a: Overqwil\n|\n|upkeep\n|\n|t:|1783816864\n|switch|p2a: Defante|Iron Treads|82/100\n|turn|14\n|\n|t:|1783816869\n|move|p1a: Enamorus|Moonblast|p2a: Defante\n|-resisted|p2a: Defante\n|-damage|p2a: Defante|57/100\n|move|p2a: Defante|Ice Spinner|p1a: Enamorus\n|-supereffective|p1a: Enamorus\n|-damage|p1a: Enamorus|40/100\n|\n|-heal|p2a: Defante|63/100|[from] item: Leftovers\n|upkeep\n|turn|15\n|\n|t:|1783816876\n|move|p1a: Enamorus|Moonblast|p2a: Defante\n|-resisted|p2a: Defante\n|-damage|p2a: Defante|36/100\n|-unboost|p2a: Defante|spa|1\n|move|p2a: Defante|Ice Spinner|p1a: Enamorus\n|-supereffective|p1a: Enamorus\n|-damage|p1a: Enamorus|0 fnt\n|faint|p1a: Enamorus\n|\n|-heal|p2a: Defante|43/100|[from] item: Leftovers\n|upkeep\n|\n|t:|1783816884\n|switch|p1a: Kingambit|Kingambit, F|100/100\n|-damage|p1a: Kingambit|94/100|[from] Stealth Rock\n|-activate|p1a: Kingambit|ability: Supreme Overlord\n|-start|p1a: Kingambit|fallen5|[silent]\n|turn|16\n|\n|t:|1783816890\n|move|p1a: Kingambit|Sucker Punch|p2a: Defante\n|-damage|p2a: Defante|0 fnt\n|faint|p2a: Defante\n|-end|p2a: Defante|Quark Drive|[silent]\n|\n|win|Breezy55\n|raw|Breezy55's rating: 1327 &rarr; <strong>1344</strong><br />(+17 for winning)\n|raw|sir.doff's rating: 1278 &rarr; <strong>1257</strong><br />(-21 for losing)\n|l|☆sir.doff\n|player|p2|\n", "uploadtime": 1783817174, "views": 3, "formatid": "gen9ou", "rating": 1257, "private": 0, "password": null}