{"id": "gen9ou-2639314077", "format": "[Gen 9] OU", "players": ["MKUtopias", "thepeakmons"], "log": "|j|☆MKUtopias\n|j|☆thepeakmons\n|t:|1782451309\n|gametype|singles\n|player|p1|MKUtopias|clair-gen2|1400\n|player|p2|thepeakmons|101|1374\n|gen|9\n|tier|[Gen 9] OU\n|rated|\n|rule|HP Percentage Mod: HP is shown in percentages\n|rule|Endless Battle Clause: Forcing endless battles is banned\n|rule|Species Clause: Limit one of each Pokémon\n|rule|OHKO Clause: OHKO moves are banned\n|rule|Evasion Items Clause: Evasion items are banned\n|rule|Evasion Moves Clause: Evasion moves are banned\n|rule|Evasion Abilities Clause: Evasion abilities are banned\n|rule|Sleep Moves Clause: Sleep-inducing moves are banned\n|clearpoke\n|poke|p1|Samurott-Hisui, F|\n|poke|p1|Landorus-Therian, M|\n|poke|p1|Great Tusk|\n|poke|p1|Zapdos|\n|poke|p1|Gholdengo|\n|poke|p1|Greninja-*, M|\n|poke|p2|Gliscor, F|\n|poke|p2|Gholdengo|\n|poke|p2|Zamazenta-*|\n|poke|p2|Blissey, F|\n|poke|p2|Skarmory, M|\n|poke|p2|Pecharunt|\n|teampreview\n|\n|t:|1782451320\n|teamsize|p1|6\n|teamsize|p2|6\n|start\n|switch|p1a: Greninja|Greninja, M|100/100\n|switch|p2a: Skarmory|Skarmory, M|100/100\n|turn|1\n|inactive|Battle timer is ON: inactive players will automatically lose when time's up. (requested by thepeakmons)\n|inactive|thepeakmons has 120 seconds left.\n|\n|t:|1782451362\n|move|p1a: Greninja|Surf|p2a: Skarmory\n|-damage|p2a: Skarmory|14/100\n|move|p2a: Skarmory|Body Press|p1a: Greninja\n|-supereffective|p1a: Greninja\n|-damage|p1a: Greninja|6/100\n|\n|upkeep\n|turn|2\n|\n|t:|1782451374\n|switch|p2a: Blissey|Blissey, F|100/100\n|move|p1a: Greninja|Surf|p2a: Blissey\n|-damage|p2a: Blissey|81/100\n|\n|upkeep\n|turn|3\n|\n|t:|1782451391\n|switch|p1a: Samurott|Samurott-Hisui, F|100/100\n|move|p2a: Blissey|Stealth Rock|p1a: Samurott\n|-sidestart|p1: MKUtopias|move: Stealth Rock\n|\n|upkeep\n|turn|4\n|\n|t:|1782451405\n|switch|p2a: Zamazenta|Zamazenta|100/100\n|-ability|p2a: Zamazenta|Dauntless Shield|boost\n|-boost|p2a: Zamazenta|def|1\n|move|p1a: Samurott|Ceaseless Edge|p2a: Zamazenta\n|-resisted|p2a: Zamazenta\n|-damage|p2a: Zamazenta|86/100\n|-sidestart|p2: thepeakmons|Spikes\n|\n|upkeep\n|turn|5\n|\n|t:|1782451418\n|switch|p1a: Landorus|Landorus-Therian, M|100/100\n|-damage|p1a: Landorus|88/100|[from] Stealth Rock\n|-ability|p1a: Landorus|Intimidate|boost\n|-unboost|p2a: Zamazenta|atk|1\n|move|p2a: Zamazenta|Close Combat|p1a: Landorus\n|-resisted|p1a: Landorus\n|-damage|p1a: Landorus|75/100\n|-unboost|p2a: Zamazenta|def|1\n|-unboost|p2a: Zamazenta|spd|1\n|-damage|p2a: Zamazenta|69/100|[from] item: Rocky Helmet|[of] p1a: Landorus\n|\n|upkeep\n|turn|6\n|\n|t:|1782451427\n|switch|p2a: Gliscor|Gliscor, F|100/100\n|move|p1a: Landorus|Stealth Rock|p2a: Gliscor\n|-sidestart|p2: thepeakmons|move: Stealth Rock\n|\n|-status|p2a: Gliscor|tox|[from] item: Toxic Orb\n|upkeep\n|turn|7\n|\n|t:|1782451434\n|switch|p1a: Samurott|Samurott-Hisui, F|100/100\n|-damage|p1a: Samurott|88/100|[from] Stealth Rock\n|move|p2a: Gliscor|Earthquake|p1a: Samurott\n|-damage|p1a: Samurott|49/100\n|\n|upkeep\n|turn|8\n|\n|t:|1782451450\n|move|p1a: Samurott|Razor Shell|p2a: Gliscor\n|-supereffective|p2a: Gliscor\n|-damage|p2a: Gliscor|24/100 tox\n|-unboost|p2a: Gliscor|def|1\n|move|p2a: Gliscor|Earthquake|p1a: Samurott\n|-damage|p1a: Samurott|10/100\n|\n|-heal|p2a: Gliscor|36/100 tox|[from] ability: Poison Heal\n|upkeep\n|turn|9\n|\n|t:|1782451465\n|move|p2a: Gliscor|Protect|p2a: Gliscor\n|-singleturn|p2a: Gliscor|Protect\n|move|p1a: Samurott|Razor Shell|p2a: Gliscor\n|-activate|p2a: Gliscor|move: Protect\n|\n|-heal|p2a: Gliscor|49/100 tox|[from] ability: Poison Heal\n|upkeep\n|turn|10\n|\n|t:|1782451481\n|switch|p2a: Pecharunt|Pecharunt|100/100\n|move|p1a: Samurott|Razor Shell|p2a: Pecharunt|[miss]\n|-miss|p1a: Samurott|p2a: Pecharunt\n|\n|upkeep\n|turn|11\n|\n|t:|1782451488\n|switch|p2a: Zamazenta|Zamazenta|69/100\n|move|p1a: Samurott|Razor Shell|p2a: Zamazenta\n|-damage|p2a: Zamazenta|23/100\n|\n|upkeep\n|turn|12\n|\n|t:|1782451500\n|switch|p2a: Pecharunt|Pecharunt|100/100\n|move|p1a: Samurott|Razor Shell|p2a: Pecharunt\n|-damage|p2a: Pecharunt|78/100\n|\n|upkeep\n|turn|13\n|\n|t:|1782451507\n|move|p1a: Samurott|Razor Shell|p2a: Pecharunt\n|-damage|p2a: Pecharunt|56/100\n|move|p2a: Pecharunt|Recover|p2a: Pecharunt\n|-heal|p2a: Pecharunt|100/100\n|\n|upkeep\n|turn|14\n|\n|t:|1782451514\n|move|p1a: Samurott|Razor Shell|p2a: Pecharunt\n|-damage|p2a: Pecharunt|77/100\n|move|p2a: Pecharunt|Shadow Ball|p1a: Samurott\n|-resisted|p1a: Samurott\n|-damage|p1a: Samurott|0 fnt\n|faint|p1a: Samurott\n|\n|upkeep\n|\n|t:|1782451519\n|switch|p1a: Gholdengo|Gholdengo|100/100\n|-damage|p1a: Gholdengo|94/100|[from] Stealth Rock\n|turn|15\n|\n|t:|1782451528\n|switch|p2a: Blissey|Blissey, F|81/100\n|move|p1a: Gholdengo|Trick|p2a: Blissey\n|-activate|p1a: Gholdengo|move: Trick|[of] p2a: Blissey\n|-item|p2a: Blissey|Choice Scarf|[from] move: Trick\n|-item|p1a: Gholdengo|Heavy-Duty Boots|[from] move: Trick\n|\n|upkeep\n|turn|16\n|\n|t:|1782451539\n|switch|p1a: Great Tusk|Great Tusk|100/100\n|move|p2a: Blissey|Shadow Ball|p1a: Great Tusk\n|-damage|p1a: Great Tusk|78/100\n|\n|upkeep\n|turn|17\n|\n|t:|1782451547\n|switch|p2a: Gliscor|Gliscor, F|49/100 tox\n|-damage|p2a: Gliscor|36/100 tox|[from] Stealth Rock\n|move|p1a: Great Tusk|Knock Off|p2a: Gliscor\n|-damage|p2a: Gliscor|10/100 tox\n|-enditem|p2a: Gliscor|Toxic Orb|[from] move: Knock Off|[of] p1a: Great Tusk\n|\n|-heal|p2a: Gliscor|23/100 tox|[from] ability: Poison Heal\n|upkeep\n|turn|18\n|\n|t:|1782451557\n|move|p1a: Great Tusk|Rapid Spin|p2a: Gliscor\n|-damage|p2a: Gliscor|9/100 tox\n|-boost|p1a: Great Tusk|spe|1\n|-sideend|p1: MKUtopias|Stealth Rock|[from] move: Rapid Spin|[of] p1a: Great Tusk\n|move|p2a: Gliscor|Earthquake|p1a: Great Tusk\n|-damage|p1a: Great Tusk|51/100\n|\n|-heal|p2a: Gliscor|22/100 tox|[from] ability: Poison Heal\n|upkeep\n|turn|19\n|\n|t:|1782451573\n|move|p1a: Great Tusk|Ice Spinner|p2a: Gliscor\n|-supereffective|p2a: Gliscor\n|-damage|p2a: Gliscor|0 fnt\n|faint|p2a: Gliscor\n|\n|upkeep\n|inactive|thepeakmons has 120 seconds left.\n|\n|t:|1782451596\n|switch|p2a: Zamazenta|Zamazenta|23/100\n|turn|20\n|\n|t:|1782451602\n|move|p1a: Great Tusk|Ice Spinner|p2a: Zamazenta\n|-damage|p2a: Zamazenta|0 fnt\n|faint|p2a: Zamazenta\n|\n|upkeep\n|inactive|thepeakmons has 120 seconds left.\n|\n|t:|1782451615\n|switch|p2a: Pecharunt|Pecharunt|77/100\n|turn|21\n|\n|t:|1782451622\n|move|p1a: Great Tusk|Knock Off|p2a: Pecharunt\n|-supereffective|p2a: Pecharunt\n|-damage|p2a: Pecharunt|47/100\n|-enditem|p2a: Pecharunt|Heavy-Duty Boots|[from] move: Knock Off|[of] p1a: Great Tusk\n|move|p2a: Pecharunt|Shadow Ball|p1a: Great Tusk\n|-damage|p1a: Great Tusk|12/100\n|\n|upkeep\n|turn|22\n|\n|t:|1782451635\n|move|p1a: Great Tusk|Headlong Rush|p2a: Pecharunt\n|-supereffective|p2a: Pecharunt\n|-damage|p2a: Pecharunt|0 fnt\n|-unboost|p1a: Great Tusk|def|1\n|-unboost|p1a: Great Tusk|spd|1\n|faint|p2a: Pecharunt\n|\n|upkeep\n|inactive|thepeakmons has 120 seconds left.\n|\n|t:|1782451649\n|switch|p2a: Skarmory|Skarmory, M|14/100\n|turn|23\n|inactive|thepeakmons has 120 seconds left.\n|\n|t:|1782451667\n|switch|p2a: Gholdengo|Gholdengo|100/100\n|-damage|p2a: Gholdengo|88/100|[from] Spikes\n|-damage|p2a: Gholdengo|82/100|[from] Stealth Rock\n|move|p1a: Great Tusk|Knock Off|p2a: Gholdengo\n|-supereffective|p2a: Gholdengo\n|-damage|p2a: Gholdengo|35/100\n|-enditem|p2a: Gholdengo|Ability Shield|[from] move: Knock Off|[of] p1a: Great Tusk\n|\n|upkeep\n|turn|24\n|inactive|thepeakmons has 120 seconds left.\n|\n|t:|1782451693\n|switch|p2a: Skarmory|Skarmory, M|14/100\n|move|p1a: Great Tusk|Headlong Rush|p2a: Skarmory\n|-immune|p2a: Skarmory\n|\n|upkeep\n|turn|25\n|inactive|thepeakmons has 90 seconds left.\n|\n|t:|1782451719\n|switch|p2a: Gholdengo|Gholdengo|35/100\n|-damage|p2a: Gholdengo|22/100|[from] Spikes\n|-damage|p2a: Gholdengo|16/100|[from] Stealth Rock\n|move|p1a: Great Tusk|Knock Off|p2a: Gholdengo\n|-supereffective|p2a: Gholdengo\n|-damage|p2a: Gholdengo|0 fnt\n|faint|p2a: Gholdengo\n|\n|upkeep\n|\n|t:|1782451736\n|switch|p2a: Blissey|Blissey, F|81/100\n|-damage|p2a: Blissey|69/100|[from] Spikes\n|-damage|p2a: Blissey|56/100|[from] Stealth Rock\n|turn|26\n|\n|t:|1782451752\n|switch|p2a: Skarmory|Skarmory, M|14/100\n|move|p1a: Great Tusk|Headlong Rush|p2a: Skarmory\n|-immune|p2a: Skarmory\n|\n|upkeep\n|turn|27\n|\n|t:|1782451759\n|switch|p2a: Blissey|Blissey, F|56/100\n|-damage|p2a: Blissey|44/100|[from] Spikes\n|-damage|p2a: Blissey|31/100|[from] Stealth Rock\n|move|p1a: Great Tusk|Ice Spinner|p2a: Blissey\n|-damage|p2a: Blissey|5/100\n|\n|upkeep\n|turn|28\n|\n|t:|1782451772\n|switch|p2a: Skarmory|Skarmory, M|14/100\n|move|p1a: Great Tusk|Ice Spinner|p2a: Skarmory\n|-damage|p2a: Skarmory|0 fnt\n|faint|p2a: Skarmory\n|\n|upkeep\n|\n|t:|1782451784\n|switch|p2a: Blissey|Blissey, F|5/100\n|-damage|p2a: Blissey|0 fnt|[from] Spikes\n|faint|p2a: Blissey\n|\n|win|MKUtopias\n|raw|MKUtopias's rating: 1400 &rarr; <strong>1419</strong><br />(+19 for winning)\n|raw|thepeakmons's rating: 1391 &rarr; <strong>1372</strong><br />(-19 for losing)\n", "uploadtime": 1782451785, "views": 7, "formatid": "gen9ou", "rating": 1372, "private": 0, "password": null}