{"id": "gen9ou-2639259635", "format": "[Gen 9] OU", "players": ["Meems1221", "thepeakmons"], "log": "|j|☆Meems1221\n|j|☆thepeakmons\n|t:|1782441844\n|gametype|singles\n|player|p1|Meems1221|266|1279\n|player|p2|thepeakmons|101|1313\n|gen|9\n|tier|[Gen 9] OU\n|rated|\n|rule|HP Percentage Mod: HP is shown in percentages\n|rule|Endless Battle Clause: Forcing endless battles is banned\n|rule|Species Clause: Limit one of each Pokémon\n|rule|OHKO Clause: OHKO moves are banned\n|rule|Evasion Items Clause: Evasion items are banned\n|rule|Evasion Moves Clause: Evasion moves are banned\n|rule|Evasion Abilities Clause: Evasion abilities are banned\n|rule|Sleep Moves Clause: Sleep-inducing moves are banned\n|clearpoke\n|poke|p1|Dragonite, F|\n|poke|p1|Gholdengo|\n|poke|p1|Pecharunt|\n|poke|p1|Samurott-Hisui, M|\n|poke|p1|Ting-Lu|\n|poke|p1|Walking Wake|\n|poke|p2|Dondozo, F|\n|poke|p2|Clodsire, F|\n|poke|p2|Corviknight, F|\n|poke|p2|Slowking-Galar, M|\n|poke|p2|Gholdengo|\n|poke|p2|Garganacl, M|\n|teampreview\n|inactive|Battle timer is ON: inactive players will automatically lose when time's up. (requested by thepeakmons)\n|\n|t:|1782441866\n|teamsize|p1|6\n|teamsize|p2|6\n|start\n|switch|p1a: Ting-Lu|Ting-Lu|100/100\n|switch|p2a: Clodsire|Clodsire, F|100/100\n|-ability|p1a: Ting-Lu|Vessel of Ruin\n|turn|1\n|\n|t:|1782441876\n|switch|p2a: Garganacl|Garganacl, M|100/100\n|move|p1a: Ting-Lu|Stealth Rock|p2a: Garganacl\n|-sidestart|p2: thepeakmons|move: Stealth Rock\n|\n|upkeep\n|turn|2\n|\n|t:|1782441882\n|move|p1a: Ting-Lu|Ruination|p2a: Garganacl\n|-damage|p2a: Garganacl|50/100\n|move|p2a: Garganacl|Salt Cure|p1a: Ting-Lu\n|-resisted|p1a: Ting-Lu\n|-damage|p1a: Ting-Lu|97/100\n|-start|p1a: Ting-Lu|Salt Cure\n|\n|-heal|p1a: Ting-Lu|100/100|[from] item: Leftovers\n|-heal|p2a: Garganacl|57/100|[from] item: Leftovers\n|-damage|p1a: Ting-Lu|88/100|[from] Salt Cure\n|upkeep\n|turn|3\n|\n|t:|1782441899\n|switch|p1a: Dragonite|Dragonite, F|100/100\n|move|p2a: Garganacl|Recover|p2a: Garganacl\n|-heal|p2a: Garganacl|100/100\n|\n|upkeep\n|turn|4\n|\n|t:|1782441910\n|move|p1a: Dragonite|Low Kick|p2a: Garganacl\n|-supereffective|p2a: Garganacl\n|-damage|p2a: Garganacl|52/100\n|move|p2a: Garganacl|Salt Cure|p1a: Dragonite\n|-supereffective|p1a: Dragonite\n|-damage|p1a: Dragonite|88/100\n|-start|p1a: Dragonite|Salt Cure\n|\n|-heal|p2a: Garganacl|58/100|[from] item: Leftovers\n|-damage|p1a: Dragonite|76/100|[from] Salt Cure\n|upkeep\n|turn|5\n|\n|t:|1782441928\n|move|p1a: Dragonite|Low Kick|p2a: Garganacl\n|-supereffective|p2a: Garganacl\n|-damage|p2a: Garganacl|11/100\n|move|p2a: Garganacl|Recover|p2a: Garganacl\n|-heal|p2a: Garganacl|61/100\n|\n|-heal|p2a: Garganacl|67/100|[from] item: Leftovers\n|-damage|p1a: Dragonite|63/100|[from] Salt Cure\n|upkeep\n|turn|6\n|\n|t:|1782441940\n|switch|p2a: Clodsire|Clodsire, F|100/100\n|move|p1a: Dragonite|Roost|p1a: Dragonite\n|-heal|p1a: Dragonite|100/100\n|-singleturn|p1a: Dragonite|move: Roost\n|\n|-damage|p1a: Dragonite|88/100|[from] Salt Cure\n|upkeep\n|turn|7\n|\n|t:|1782441951\n|switch|p1a: Pecharunt|Pecharunt|100/100\n|move|p2a: Clodsire|Stealth Rock|p1a: Pecharunt\n|-sidestart|p1: Meems1221|move: Stealth Rock\n|\n|upkeep\n|turn|8\n|\n|t:|1782441960\n|move|p1a: Pecharunt|Nasty Plot|p1a: Pecharunt\n|-boost|p1a: Pecharunt|spa|2\n|move|p2a: Clodsire|Toxic|p1a: Pecharunt\n|-immune|p1a: Pecharunt\n|\n|upkeep\n|turn|9\n|\n|t:|1782441971\n|move|p1a: Pecharunt|Shadow Ball|p2a: Clodsire\n|-damage|p2a: Clodsire|73/100\n|move|p2a: Clodsire|Earthquake|p1a: Pecharunt\n|-supereffective|p1a: Pecharunt\n|-damage|p1a: Pecharunt|70/100\n|\n|upkeep\n|turn|10\n|\n|t:|1782441988\n|move|p1a: Pecharunt|Shadow Ball|p2a: Clodsire\n|-damage|p2a: Clodsire|44/100\n|move|p2a: Clodsire|Recover|p2a: Clodsire\n|-heal|p2a: Clodsire|94/100\n|\n|upkeep\n|turn|11\n|\n|t:|1782442002\n|switch|p1a: Dragonite|Dragonite, F|88/100\n|move|p2a: Clodsire|Earthquake|p1a: Dragonite\n|-immune|p1a: Dragonite\n|\n|upkeep\n|turn|12\n|\n|t:|1782442022\n|switch|p1a: Pecharunt|Pecharunt|70/100\n|move|p2a: Clodsire|Toxic|p1a: Pecharunt\n|-immune|p1a: Pecharunt\n|\n|upkeep\n|turn|13\n|\n|t:|1782442036\n|move|p1a: Pecharunt|Shadow Ball|p2a: Clodsire\n|-damage|p2a: Clodsire|82/100\n|move|p2a: Clodsire|Earthquake|p1a: Pecharunt\n|-supereffective|p1a: Pecharunt\n|-damage|p1a: Pecharunt|37/100\n|\n|upkeep\n|turn|14\n|\n|t:|1782442056\n|move|p1a: Pecharunt|Recover|p1a: Pecharunt\n|-heal|p1a: Pecharunt|87/100\n|move|p2a: Clodsire|Toxic|p1a: Pecharunt\n|-immune|p1a: Pecharunt\n|\n|upkeep\n|turn|15\n|\n|t:|1782442061\n|switch|p2a: Gholdengo|Gholdengo|100/100\n|move|p1a: Pecharunt|Nasty Plot|p1a: Pecharunt\n|-boost|p1a: Pecharunt|spa|2\n|\n|upkeep\n|turn|16\n|\n|t:|1782442072\n|-terastallize|p1a: Pecharunt|Water\n|move|p1a: Pecharunt|Shadow Ball|p2a: Gholdengo\n|-supereffective|p2a: Gholdengo\n|-damage|p2a: Gholdengo|0 fnt\n|faint|p2a: Gholdengo\n|\n|upkeep\n|\n|t:|1782442090\n|switch|p2a: Garganacl|Garganacl, M|67/100\n|-damage|p2a: Garganacl|55/100|[from] Stealth Rock\n|turn|17\n|\n|t:|1782442114\n|move|p1a: Pecharunt|Malignant Chain|p2a: Garganacl\n|-resisted|p2a: Garganacl\n|-damage|p2a: Garganacl|27/100\n|move|p2a: Garganacl|Recover|p2a: Garganacl\n|-heal|p2a: Garganacl|77/100\n|\n|-heal|p2a: Garganacl|84/100|[from] item: Leftovers\n|upkeep\n|turn|18\n|inactive|Meems1221 has 120 seconds left.\n|\n|t:|1782442141\n|switch|p1a: Dragonite|Dragonite, F|88/100\n|move|p2a: Garganacl|Salt Cure|p1a: Dragonite\n|-supereffective|p1a: Dragonite\n|-damage|p1a: Dragonite|65/100\n|-start|p1a: Dragonite|Salt Cure\n|\n|-heal|p2a: Garganacl|90/100|[from] item: Leftovers\n|-damage|p1a: Dragonite|52/100|[from] Salt Cure\n|upkeep\n|turn|19\n|\n|t:|1782442147\n|move|p1a: Dragonite|Roost|p1a: Dragonite\n|-heal|p1a: Dragonite|100/100\n|-singleturn|p1a: Dragonite|move: Roost\n|move|p2a: Garganacl|Curse|p2a: Garganacl\n|-unboost|p2a: Garganacl|spe|1\n|-boost|p2a: Garganacl|atk|1\n|-boost|p2a: Garganacl|def|1\n|\n|-heal|p2a: Garganacl|96/100|[from] item: Leftovers\n|-damage|p1a: Dragonite|88/100|[from] Salt Cure\n|upkeep\n|turn|20\n|\n|t:|1782442160\n|switch|p1a: Ting-Lu|Ting-Lu|88/100\n|-damage|p1a: Ting-Lu|82/100|[from] Stealth Rock\n|-ability|p1a: Ting-Lu|Vessel of Ruin\n|move|p2a: Garganacl|Salt Cure|p1a: Ting-Lu\n|-resisted|p1a: Ting-Lu\n|-damage|p1a: Ting-Lu|76/100\n|-start|p1a: Ting-Lu|Salt Cure\n|\n|-heal|p1a: Ting-Lu|82/100|[from] item: Leftovers\n|-heal|p2a: Garganacl|100/100|[from] item: Leftovers\n|-damage|p1a: Ting-Lu|70/100|[from] Salt Cure\n|upkeep\n|turn|21\n|inactive|Meems1221 has 120 seconds left.\n|inactive|Meems1221 has 90 seconds left.\n|\n|t:|1782442225\n|move|p2a: Garganacl|Salt Cure|p1a: Ting-Lu\n|-resisted|p1a: Ting-Lu\n|-damage|p1a: Ting-Lu|64/100\n|move|p1a: Ting-Lu|Whirlwind|p2a: Garganacl\n|drag|p2a: Corviknight|Corviknight, F|100/100\n|-ability|p2a: Corviknight|Pressure\n|\n|-heal|p1a: Ting-Lu|70/100|[from] item: Leftovers\n|-damage|p1a: Ting-Lu|58/100|[from] Salt Cure\n|upkeep\n|turn|22\n|\n|t:|1782442239\n|switch|p1a: Pecharunt|Pecharunt, tera:Water|87/100\n|move|p2a: Corviknight|U-turn|p1a: Pecharunt\n|-damage|p1a: Pecharunt|78/100\n|inactive|thepeakmons has 120 seconds left.\n|\n|t:|1782442261\n|switch|p2a: Garganacl|Garganacl, M|100/100|[from] U-turn\n|-damage|p2a: Garganacl|88/100|[from] Stealth Rock\n|\n|-heal|p2a: Garganacl|94/100|[from] item: Leftovers\n|upkeep\n|turn|23\n|inactive|thepeakmons has 120 seconds left.\n|\n|t:|1782442271\n|switch|p1a: Dragonite|Dragonite, F|88/100\n|move|p2a: Garganacl|Curse|p2a: Garganacl\n|-unboost|p2a: Garganacl|spe|1\n|-boost|p2a: Garganacl|atk|1\n|-boost|p2a: Garganacl|def|1\n|\n|-heal|p2a: Garganacl|100/100|[from] item: Leftovers\n|upkeep\n|turn|24\n|inactive|Meems1221 has 90 seconds left.\n|inactive|thepeakmons has 120 seconds left.\n|\n|t:|1782442296\n|move|p2a: Garganacl|Salt Cure|p1a: Dragonite\n|-supereffective|p1a: Dragonite\n|-damage|p1a: Dragonite|53/100\n|-start|p1a: Dragonite|Salt Cure\n|move|p1a: Dragonite|Dragon Tail|p2a: Garganacl\n|-damage|p2a: Garganacl|88/100\n|drag|p2a: Dondozo|Dondozo, F|100/100\n|\n|-damage|p1a: Dragonite|41/100|[from] Salt Cure\n|upkeep\n|turn|25\n|inactive|Meems1221 has 90 seconds left.\n|\n|t:|1782442313\n|switch|p1a: Walking Wake|Walking Wake|100/100\n|move|p2a: Dondozo|Body Press|p1a: Walking Wake\n|-damage|p1a: Walking Wake|71/100\n|\n|upkeep\n|turn|26\n|\n|t:|1782442330\n|switch|p2a: Slowking|Slowking-Galar, M|100/100\n|move|p1a: Walking Wake|Draco Meteor|p2a: Slowking\n|-damage|p2a: Slowking|64/100\n|-unboost|p1a: Walking Wake|spa|2\n|\n|upkeep\n|turn|27\n|inactive|Meems1221 has 90 seconds left.\n|\n|t:|1782442346\n|move|p1a: Walking Wake|Flip Turn|p2a: Slowking\n|-damage|p2a: Slowking|48/100\n|\n|t:|1782442351\n|-end|p1a: Walking Wake|Protosynthesis|[silent]\n|switch|p1a: Pecharunt|Pecharunt, tera:Water|78/100|[from] Flip Turn\n|move|p2a: Slowking|Ice Beam|p1a: Pecharunt\n|-resisted|p1a: Pecharunt\n|-crit|p1a: Pecharunt\n|-damage|p1a: Pecharunt|60/100\n|\n|upkeep\n|turn|28\n|\n|t:|1782442373\n|switch|p1a: Walking Wake|Walking Wake|71/100\n|switch|p2a: Garganacl|Garganacl, M|88/100\n|-damage|p2a: Garganacl|75/100|[from] Stealth Rock\n|\n|-heal|p2a: Garganacl|82/100|[from] item: Leftovers\n|upkeep\n|turn|29\n|\n|t:|1782442385\n|move|p1a: Walking Wake|Draco Meteor|p2a: Garganacl\n|-damage|p2a: Garganacl|27/100\n|-unboost|p1a: Walking Wake|spa|2\n|move|p2a: Garganacl|Salt Cure|p1a: Walking Wake\n|-damage|p1a: Walking Wake|54/100\n|-start|p1a: Walking Wake|Salt Cure\n|\n|-heal|p2a: Garganacl|33/100|[from] item: Leftovers\n|-damage|p1a: Walking Wake|30/100|[from] Salt Cure\n|upkeep\n|turn|30\n|\n|t:|1782442397\n|move|p1a: Walking Wake|Flip Turn|p2a: Garganacl\n|-supereffective|p2a: Garganacl\n|-damage|p2a: Garganacl|15/100\n|\n|t:|1782442404\n|-end|p1a: Walking Wake|Protosynthesis|[silent]\n|switch|p1a: Dragonite|Dragonite, F|41/100|[from] Flip Turn\n|move|p2a: Garganacl|Recover|p2a: Garganacl\n|-heal|p2a: Garganacl|65/100\n|\n|-heal|p2a: Garganacl|71/100|[from] item: Leftovers\n|upkeep\n|turn|31\n|\n|t:|1782442412\n|move|p1a: Dragonite|Roost|p1a: Dragonite\n|-heal|p1a: Dragonite|91/100\n|-singleturn|p1a: Dragonite|move: Roost\n|move|p2a: Garganacl|Salt Cure|p1a: Dragonite\n|-damage|p1a: Dragonite|78/100\n|-start|p1a: Dragonite|Salt Cure\n|\n|-heal|p2a: Garganacl|77/100|[from] item: Leftovers\n|-damage|p1a: Dragonite|66/100|[from] Salt Cure\n|upkeep\n|turn|32\n|inactive|Meems1221 has 120 seconds left.\n|\n|t:|1782442427\n|move|p1a: Dragonite|Roost|p1a: Dragonite\n|-heal|p1a: Dragonite|100/100\n|-singleturn|p1a: Dragonite|move: Roost\n|move|p2a: Garganacl|Salt Cure|p1a: Dragonite\n|-damage|p1a: Dragonite|94/100\n|\n|-heal|p2a: Garganacl|84/100|[from] item: Leftovers\n|-damage|p1a: Dragonite|82/100|[from] Salt Cure\n|upkeep\n|turn|33\n|\n|t:|1782442436\n|move|p2a: Garganacl|Curse|p2a: Garganacl\n|-unboost|p2a: Garganacl|spe|1\n|-boost|p2a: Garganacl|atk|1\n|-boost|p2a: Garganacl|def|1\n|move|p1a: Dragonite|Dragon Tail|p2a: Garganacl\n|-damage|p2a: Garganacl|72/100\n|drag|p2a: Clodsire|Clodsire, F|82/100\n|\n|-damage|p1a: Dragonite|69/100|[from] Salt Cure\n|upkeep\n|turn|34\n|inactive|thepeakmons has 120 seconds left.\n|inactive|Meems1221 has 120 seconds left.\n|\n|t:|1782442456\n|switch|p2a: Garganacl|Garganacl, M|72/100\n|-damage|p2a: Garganacl|60/100|[from] Stealth Rock\n|move|p1a: Dragonite|Dragon Tail|p2a: Garganacl\n|-damage|p2a: Garganacl|41/100\n|drag|p2a: Slowking|Slowking-Galar, M|81/100\n|\n|-damage|p1a: Dragonite|57/100|[from] Salt Cure\n|upkeep\n|turn|35\n|inactive|Meems1221 has 120 seconds left.\n|inactive|thepeakmons has 120 seconds left.\n|\n|t:|1782442470\n|move|p1a: Dragonite|Roost|p1a: Dragonite\n|-heal|p1a: Dragonite|100/100\n|-singleturn|p1a: Dragonite|move: Roost\n|move|p2a: Slowking|Ice Beam|p1a: Dragonite\n|-supereffective|p1a: Dragonite\n|-damage|p1a: Dragonite|82/100\n|\n|-damage|p1a: Dragonite|69/100|[from] Salt Cure\n|upkeep\n|turn|36\n|inactive|Meems1221 has 120 seconds left.\n|inactive|thepeakmons has 120 seconds left.\n|\n|t:|1782442487\n|switch|p1a: Samurott|Samurott-Hisui, M|100/100\n|-damage|p1a: Samurott|88/100|[from] Stealth Rock\n|move|p2a: Slowking|Ice Beam|p1a: Samurott\n|-resisted|p1a: Samurott\n|-damage|p1a: Samurott|81/100\n|\n|upkeep\n|turn|37\n|inactive|Meems1221 has 120 seconds left.\n|inactive|thepeakmons has 120 seconds left.\n|\n|t:|1782442503\n|switch|p2a: Dondozo|Dondozo, F|100/100\n|move|p1a: Samurott|Ceaseless Edge|p2a: Dondozo\n|-damage|p2a: Dondozo|81/100\n|-sidestart|p2: thepeakmons|Spikes\n|\n|upkeep\n|turn|38\n|\n|t:|1782442522\n|move|p1a: Samurott|Knock Off|p2a: Dondozo\n|-crit|p2a: Dondozo\n|-damage|p2a: Dondozo|56/100\n|-enditem|p2a: Dondozo|Heavy-Duty Boots|[from] move: Knock Off|[of] p1a: Samurott\n|move|p2a: Dondozo|Body Press|p1a: Samurott\n|-supereffective|p1a: Samurott\n|-damage|p1a: Samurott|20/100\n|\n|upkeep\n|turn|39\n|\n|t:|1782442537\n|switch|p1a: Pecharunt|Pecharunt, tera:Water|60/100\n|move|p2a: Dondozo|Body Press|p1a: Pecharunt\n|-damage|p1a: Pecharunt|43/100\n|\n|upkeep\n|turn|40\n|\n|t:|1782442550\n|switch|p2a: Garganacl|Garganacl, M|41/100\n|-damage|p2a: Garganacl|29/100|[from] Stealth Rock\n|-damage|p2a: Garganacl|17/100|[from] Spikes\n|move|p1a: Pecharunt|Recover|p1a: Pecharunt\n|-heal|p1a: Pecharunt|93/100\n|\n|-heal|p2a: Garganacl|23/100|[from] item: Leftovers\n|upkeep\n|turn|41\n|inactive|Meems1221 has 120 seconds left.\n|\n|t:|1782442586\n|switch|p1a: Walking Wake|Walking Wake|30/100\n|move|p2a: Garganacl|Recover|p2a: Garganacl\n|-heal|p2a: Garganacl|73/100\n|\n|-heal|p2a: Garganacl|79/100|[from] item: Leftovers\n|upkeep\n|turn|42\n|\n|t:|1782442601\n|move|p2a: Garganacl|Protect|p2a: Garganacl\n|-singleturn|p2a: Garganacl|Protect\n|move|p1a: Walking Wake|Surf|p2a: Garganacl\n|-activate|p2a: Garganacl|move: Protect\n|\n|-heal|p2a: Garganacl|85/100|[from] item: Leftovers\n|upkeep\n|turn|43\n|\n|t:|1782442615\n|move|p1a: Walking Wake|Draco Meteor|p2a: Garganacl\n|-damage|p2a: Garganacl|31/100\n|-unboost|p1a: Walking Wake|spa|2\n|move|p2a: Garganacl|Salt Cure|p1a: Walking Wake\n|-damage|p1a: Walking Wake|15/100\n|-start|p1a: Walking Wake|Salt Cure\n|\n|-heal|p2a: Garganacl|37/100|[from] item: Leftovers\n|-damage|p1a: Walking Wake|0 fnt|[from] Salt Cure\n|faint|p1a: Walking Wake\n|-end|p1a: Walking Wake|Protosynthesis|[silent]\n|upkeep\n|inactive|Meems1221 has 120 seconds left.\n|\n|t:|1782442625\n|switch|p1a: Gholdengo|Gholdengo|100/100\n|-damage|p1a: Gholdengo|94/100|[from] Stealth Rock\n|turn|44\n|\n|t:|1782442639\n|switch|p2a: Clodsire|Clodsire, F|82/100\n|move|p1a: Gholdengo|Trick|p2a: Clodsire\n|-activate|p1a: Gholdengo|move: Trick|[of] p2a: Clodsire\n|-item|p2a: Clodsire|Choice Scarf|[from] move: Trick\n|-item|p1a: Gholdengo|Heavy-Duty Boots|[from] move: Trick\n|\n|upkeep\n|turn|45\n|inactive|Meems1221 has 120 seconds left.\n|\n|t:|1782442662\n|switch|p1a: Pecharunt|Pecharunt, tera:Water|93/100\n|move|p2a: Clodsire|Toxic|p1a: Pecharunt\n|-status|p1a: Pecharunt|tox\n|\n|-damage|p1a: Pecharunt|87/100 tox|[from] psn\n|upkeep\n|turn|46\n|inactive|Meems1221 has 120 seconds left.\n|inactive|thepeakmons has 120 seconds left.\n|\n|t:|1782442683\n|switch|p2a: Corviknight|Corviknight, F|100/100\n|-ability|p2a: Corviknight|Pressure\n|move|p1a: Pecharunt|Nasty Plot|p1a: Pecharunt\n|-boost|p1a: Pecharunt|spa|2\n|\n|-damage|p1a: Pecharunt|75/100 tox|[from] psn\n|upkeep\n|turn|47\n|inactive|Meems1221 has 120 seconds left.\n|\n|t:|1782442698\n|move|p1a: Pecharunt|Shadow Ball|p2a: Corviknight\n|-damage|p2a: Corviknight|53/100\n|move|p2a: Corviknight|Defog|p1a: Pecharunt\n|-unboost|p1a: Pecharunt|evasion|1\n|-sideend|p1: Meems1221|Stealth Rock|[from] move: Defog|[of] p2a: Corviknight\n|-sideend|p2: thepeakmons|Spikes|[from] move: Defog|[of] p2a: Corviknight\n|-sideend|p2: thepeakmons|Stealth Rock|[from] move: Defog|[of] p2a: Corviknight\n|\n|-damage|p1a: Pecharunt|57/100 tox|[from] psn\n|upkeep\n|turn|48\n|inactive|Meems1221 has 120 seconds left.\n|\n|t:|1782442724\n|switch|p1a: Gholdengo|Gholdengo|94/100\n|move|p2a: Corviknight|Roost|p2a: Corviknight\n|-heal|p2a: Corviknight|100/100\n|-singleturn|p2a: Corviknight|move: Roost\n|\n|upkeep\n|turn|49\n|\n|t:|1782442740\n|move|p1a: Gholdengo|Shadow Ball|p2a: Corviknight\n|-damage|p2a: Corviknight|56/100\n|move|p2a: Corviknight|U-turn|p1a: Gholdengo\n|-resisted|p1a: Gholdengo\n|-damage|p1a: Gholdengo|91/100\n|inactive|thepeakmons has 90 seconds left.\n|\n|t:|1782442760\n|switch|p2a: Clodsire|Clodsire, F|82/100|[from] U-turn\n|\n|upkeep\n|turn|50\n|inactive|thepeakmons has 90 seconds left.\n|\n|t:|1782442776\n|switch|p1a: Pecharunt|Pecharunt, tera:Water|57/100 tox\n|move|p2a: Clodsire|Earthquake|p1a: Pecharunt\n|-damage|p1a: Pecharunt|41/100 tox\n|\n|-damage|p1a: Pecharunt|35/100 tox|[from] psn\n|upkeep\n|turn|51\n|\n|t:|1782442794\n|switch|p2a: Garganacl|Garganacl, M|37/100\n|move|p1a: Pecharunt|Recover|p1a: Pecharunt\n|-heal|p1a: Pecharunt|85/100 tox\n|\n|-heal|p2a: Garganacl|43/100|[from] item: Leftovers\n|-damage|p1a: Pecharunt|73/100 tox|[from] psn\n|upkeep\n|turn|52\n|inactive|Meems1221 has 120 seconds left.\n|\n|t:|1782442811\n|switch|p1a: Gholdengo|Gholdengo|91/100\n|move|p2a: Garganacl|Salt Cure|p1a: Gholdengo\n|-resisted|p1a: Gholdengo\n|-damage|p1a: Gholdengo|82/100\n|-start|p1a: Gholdengo|Salt Cure\n|\n|-heal|p2a: Garganacl|50/100|[from] item: Leftovers\n|-damage|p1a: Gholdengo|57/100|[from] Salt Cure\n|upkeep\n|turn|53\n|inactive|Meems1221 has 120 seconds left.\n|\n|t:|1782442823\n|move|p1a: Gholdengo|Recover|p1a: Gholdengo\n|-heal|p1a: Gholdengo|100/100\n|move|p2a: Garganacl|Salt Cure|p1a: Gholdengo\n|-resisted|p1a: Gholdengo\n|-damage|p1a: Gholdengo|93/100\n|\n|-heal|p2a: Garganacl|56/100|[from] item: Leftovers\n|-damage|p1a: Gholdengo|68/100|[from] Salt Cure\n|upkeep\n|turn|54\n|\n|t:|1782442832\n|move|p1a: Gholdengo|Make It Rain|p2a: Garganacl\n|-supereffective|p2a: Garganacl\n|-damage|p2a: Garganacl|0 fnt\n|-unboost|p1a: Gholdengo|spa|1\n|faint|p2a: Garganacl\n|\n|-damage|p1a: Gholdengo|43/100|[from] Salt Cure\n|upkeep\n|\n|t:|1782442844\n|switch|p2a: Corviknight|Corviknight, F|56/100\n|-ability|p2a: Corviknight|Pressure\n|turn|55\n|\n|t:|1782442866\n|switch|p1a: Dragonite|Dragonite, F|69/100\n|move|p2a: Corviknight|Roost|p2a: Corviknight\n|-heal|p2a: Corviknight|100/100\n|-singleturn|p2a: Corviknight|move: Roost\n|\n|upkeep\n|turn|56\n|inactive|thepeakmons has 90 seconds left.\n|\n|t:|1782442876\n|move|p1a: Dragonite|Roost|p1a: Dragonite\n|-heal|p1a: Dragonite|100/100\n|-singleturn|p1a: Dragonite|move: Roost\n|move|p2a: Corviknight|U-turn|p1a: Dragonite\n|-damage|p1a: Dragonite|94/100\n|\n|t:|1782442888\n|switch|p2a: Dondozo|Dondozo, F|56/100|[from] U-turn\n|\n|upkeep\n|turn|57\n|\n|t:|1782442910\n|move|p2a: Dondozo|Wave Crash|p1a: Dragonite\n|-resisted|p1a: Dragonite\n|-damage|p1a: Dragonite|75/100\n|-damage|p2a: Dondozo|51/100|[from] Recoil\n|move|p1a: Dragonite|Dragon Tail|p2a: Dondozo\n|-damage|p2a: Dondozo|37/100\n|drag|p2a: Slowking|Slowking-Galar, M|100/100\n|\n|upkeep\n|turn|58\n|inactive|thepeakmons has 90 seconds left.\n|inactive|Meems1221 has 120 seconds left.\n|\n|t:|1782442928\n|switch|p1a: Gholdengo|Gholdengo|43/100\n|switch|p2a: Clodsire|Clodsire, F|82/100\n|\n|upkeep\n|turn|59\n|inactive|Meems1221 has 120 seconds left.\n|\n|t:|1782442957\n|switch|p1a: Pecharunt|Pecharunt, tera:Water|73/100 tox\n|move|p2a: Clodsire|Earthquake|p1a: Pecharunt\n|-damage|p1a: Pecharunt|58/100 tox\n|\n|-damage|p1a: Pecharunt|52/100 tox|[from] psn\n|upkeep\n|turn|60\n|\n|t:|1782442973\n|switch|p1a: Gholdengo|Gholdengo|43/100\n|switch|p2a: Dondozo|Dondozo, F|37/100\n|\n|upkeep\n|turn|61\n|\n|t:|1782442986\n|switch|p2a: Clodsire|Clodsire, F|82/100\n|move|p1a: Gholdengo|Recover|p1a: Gholdengo\n|-heal|p1a: Gholdengo|94/100\n|\n|upkeep\n|turn|62\n|\n|t:|1782442997\n|move|p1a: Gholdengo|Make It Rain|p2a: Clodsire\n|-damage|p2a: Clodsire|50/100\n|-unboost|p1a: Gholdengo|spa|1\n|move|p2a: Clodsire|Earthquake|p1a: Gholdengo\n|-supereffective|p1a: Gholdengo\n|-damage|p1a: Gholdengo|31/100\n|\n|upkeep\n|turn|63\n|\n|t:|1782443016\n|switch|p1a: Ting-Lu|Ting-Lu|58/100\n|-ability|p1a: Ting-Lu|Vessel of Ruin\n|move|p2a: Clodsire|Earthquake|p1a: Ting-Lu\n|-damage|p1a: Ting-Lu|44/100\n|\n|-heal|p1a: Ting-Lu|50/100|[from] item: Leftovers\n|upkeep\n|turn|64\n|\n|t:|1782443030\n|switch|p2a: Dondozo|Dondozo, F|37/100\n|move|p1a: Ting-Lu|Stealth Rock|p2a: Dondozo\n|-sidestart|p2: thepeakmons|move: Stealth Rock\n|\n|-heal|p1a: Ting-Lu|56/100|[from] item: Leftovers\n|upkeep\n|turn|65\n|\n|t:|1782443040\n|switch|p1a: Pecharunt|Pecharunt, tera:Water|52/100 tox\n|move|p2a: Dondozo|Wave Crash|p1a: Pecharunt\n|-resisted|p1a: Pecharunt\n|-damage|p1a: Pecharunt|40/100 tox\n|-damage|p2a: Dondozo|34/100|[from] Recoil\n|\n|-damage|p1a: Pecharunt|33/100 tox|[from] psn\n|upkeep\n|turn|66\n|\n|t:|1782443047\n|move|p1a: Pecharunt|Recover|p1a: Pecharunt\n|-heal|p1a: Pecharunt|84/100 tox\n|move|p2a: Dondozo|Rest|p2a: Dondozo\n|-status|p2a: Dondozo|slp|[from] move: Rest\n|-heal|p2a: Dondozo|100/100 slp|[silent]\n|\n|-damage|p1a: Pecharunt|71/100 tox|[from] psn\n|upkeep\n|turn|67\n|inactive|Meems1221 has 120 seconds left.\n|\n|t:|1782443059\n|switch|p1a: Samurott|Samurott-Hisui, M|20/100\n|cant|p2a: Dondozo|slp\n|\n|upkeep\n|turn|68\n|\n|t:|1782443066\n|move|p1a: Samurott|Ceaseless Edge|p2a: Dondozo|[miss]\n|-miss|p1a: Samurott|p2a: Dondozo\n|cant|p2a: Dondozo|slp\n|\n|upkeep\n|turn|69\n|inactive|thepeakmons has 120 seconds left.\n|\n|t:|1782443080\n|switch|p1a: Dragonite|Dragonite, F|75/100\n|-curestatus|p2a: Dondozo|slp|[msg]\n|move|p2a: Dondozo|Wave Crash|p1a: Dragonite\n|-resisted|p1a: Dragonite\n|-damage|p1a: Dragonite|58/100\n|-damage|p2a: Dondozo|96/100|[from] Recoil\n|\n|upkeep\n|turn|70\n|inactive|thepeakmons has 120 seconds left.\n|\n|t:|1782443099\n|move|p2a: Dondozo|Body Press|p1a: Dragonite\n|-resisted|p1a: Dragonite\n|-damage|p1a: Dragonite|46/100\n|move|p1a: Dragonite|Dragon Tail|p2a: Dondozo\n|-damage|p2a: Dondozo|81/100\n|drag|p2a: Corviknight|Corviknight, F|100/100\n|-ability|p2a: Corviknight|Pressure\n|\n|upkeep\n|turn|71\n|\n|t:|1782443116\n|switch|p1a: Gholdengo|Gholdengo|31/100\n|move|p2a: Corviknight|Brave Bird|p1a: Gholdengo\n|-resisted|p1a: Gholdengo\n|-damage|p1a: Gholdengo|10/100\n|-damage|p2a: Corviknight|95/100|[from] Recoil\n|\n|upkeep\n|turn|72\n|\n|t:|1782443124\n|switch|p2a: Clodsire|Clodsire, F|50/100\n|-damage|p2a: Clodsire|44/100|[from] Stealth Rock\n|move|p1a: Gholdengo|Recover|p1a: Gholdengo\n|-heal|p1a: Gholdengo|60/100\n|\n|upkeep\n|turn|73\n|\n|t:|1782443135\n|move|p1a: Gholdengo|Recover|p1a: Gholdengo\n|-heal|p1a: Gholdengo|100/100\n|move|p2a: Clodsire|Recover|p2a: Clodsire\n|-heal|p2a: Clodsire|94/100\n|\n|upkeep\n|turn|74\n|inactive|thepeakmons has 120 seconds left.\n|\n|t:|1782443147\n|switch|p2a: Dondozo|Dondozo, F|81/100\n|-damage|p2a: Dondozo|69/100|[from] Stealth Rock\n|move|p1a: Gholdengo|Shadow Ball|p2a: Dondozo\n|-damage|p2a: Dondozo|30/100\n|\n|upkeep\n|turn|75\n|inactive|thepeakmons has 120 seconds left.\n|\n|t:|1782443161\n|switch|p2a: Corviknight|Corviknight, F|95/100\n|-ability|p2a: Corviknight|Pressure\n|move|p1a: Gholdengo|Shadow Ball|p2a: Corviknight\n|-damage|p2a: Corviknight|56/100\n|\n|upkeep\n|turn|76\n|inactive|thepeakmons has 120 seconds left.\n|\n|t:|1782443174\n|move|p1a: Gholdengo|Shadow Ball|p2a: Corviknight\n|-damage|p2a: Corviknight|17/100\n|move|p2a: Corviknight|Roost|p2a: Corviknight\n|-heal|p2a: Corviknight|67/100\n|-singleturn|p2a: Corviknight|move: Roost\n|\n|upkeep\n|turn|77\n|inactive|thepeakmons has 120 seconds left.\n|\n|t:|1782443185\n|move|p1a: Gholdengo|Shadow Ball|p2a: Corviknight\n|-damage|p2a: Corviknight|23/100\n|move|p2a: Corviknight|Roost|p2a: Corviknight\n|-heal|p2a: Corviknight|73/100\n|-singleturn|p2a: Corviknight|move: Roost\n|\n|upkeep\n|turn|78\n|inactive|thepeakmons has 120 seconds left.\n|\n|t:|1782443198\n|move|p1a: Gholdengo|Shadow Ball|p2a: Corviknight\n|-damage|p2a: Corviknight|29/100\n|move|p2a: Corviknight|Brave Bird|p1a: Gholdengo\n|-resisted|p1a: Gholdengo\n|-damage|p1a: Gholdengo|79/100\n|-damage|p2a: Corviknight|24/100|[from] Recoil\n|\n|upkeep\n|turn|79\n|\n|t:|1782443206\n|switch|p2a: Clodsire|Clodsire, F|94/100\n|-damage|p2a: Clodsire|88/100|[from] Stealth Rock\n|move|p1a: Gholdengo|Shadow Ball|p2a: Clodsire\n|-damage|p2a: Clodsire|66/100\n|-unboost|p2a: Clodsire|spd|1\n|\n|upkeep\n|turn|80\n|\n|t:|1782443223\n|move|p1a: Gholdengo|Recover|p1a: Gholdengo\n|-heal|p1a: Gholdengo|100/100\n|move|p2a: Clodsire|Recover|p2a: Clodsire\n|-heal|p2a: Clodsire|100/100\n|\n|upkeep\n|turn|81\n|\n|t:|1782443238\n|switch|p2a: Corviknight|Corviknight, F|24/100\n|-ability|p2a: Corviknight|Pressure\n|move|p1a: Gholdengo|Shadow Ball|p2a: Corviknight\n|-damage|p2a: Corviknight|0 fnt\n|faint|p2a: Corviknight\n|\n|upkeep\n|inactive|thepeakmons has 120 seconds left.\n|\n|t:|1782443256\n|switch|p2a: Clodsire|Clodsire, F|100/100\n|-damage|p2a: Clodsire|94/100|[from] Stealth Rock\n|turn|82\n|inactive|thepeakmons has 120 seconds left.\n|\n|t:|1782443275\n|switch|p1a: Ting-Lu|Ting-Lu|56/100\n|-ability|p1a: Ting-Lu|Vessel of Ruin\n|move|p2a: Clodsire|Toxic|p1a: Ting-Lu\n|-status|p1a: Ting-Lu|tox\n|\n|-heal|p1a: Ting-Lu|63/100 tox|[from] item: Leftovers\n|-damage|p1a: Ting-Lu|56/100 tox|[from] psn\n|upkeep\n|turn|83\n|\n|t:|1782443287\n|switch|p1a: Gholdengo|Gholdengo|100/100\n|switch|p2a: Dondozo|Dondozo, F|30/100\n|-damage|p2a: Dondozo|18/100|[from] Stealth Rock\n|\n|upkeep\n|turn|84\n|inactive|Meems1221 has 120 seconds left.\n|\n|t:|1782443313\n|switch|p2a: Clodsire|Clodsire, F|94/100\n|-damage|p2a: Clodsire|88/100|[from] Stealth Rock\n|move|p1a: Gholdengo|Shadow Ball|p2a: Clodsire\n|-damage|p2a: Clodsire|64/100\n|-unboost|p2a: Clodsire|spd|1\n|\n|upkeep\n|turn|85\n|\n|t:|1782443322\n|move|p1a: Gholdengo|Shadow Ball|p2a: Clodsire\n|-damage|p2a: Clodsire|33/100\n|move|p2a: Clodsire|Recover|p2a: Clodsire\n|-heal|p2a: Clodsire|83/100\n|\n|upkeep\n|turn|86\n|\n|t:|1782443335\n|switch|p2a: Dondozo|Dondozo, F|18/100\n|-damage|p2a: Dondozo|5/100|[from] Stealth Rock\n|move|p1a: Gholdengo|Shadow Ball|p2a: Dondozo\n|-crit|p2a: Dondozo\n|-damage|p2a: Dondozo|0 fnt\n|faint|p2a: Dondozo\n|\n|upkeep\n|inactive|thepeakmons has 120 seconds left.\n|\n|t:|1782443361\n|switch|p2a: Slowking|Slowking-Galar, M|100/100\n|turn|87\n|inactive|thepeakmons has 120 seconds left.\n|\n|t:|1782443368\n|switch|p2a: Clodsire|Clodsire, F|83/100\n|-damage|p2a: Clodsire|77/100|[from] Stealth Rock\n|move|p1a: Gholdengo|Shadow Ball|p2a: Clodsire\n|-damage|p2a: Clodsire|55/100\n|-unboost|p2a: Clodsire|spd|1\n|\n|upkeep\n|turn|88\n|inactive|thepeakmons has 120 seconds left.\n|\n|t:|1782443392\n|move|p1a: Gholdengo|Shadow Ball|p2a: Clodsire\n|-damage|p2a: Clodsire|22/100\n|move|p2a: Clodsire|Recover|p2a: Clodsire\n|-heal|p2a: Clodsire|72/100\n|\n|upkeep\n|turn|89\n|\n|t:|1782443405\n|move|p1a: Gholdengo|Shadow Ball|p2a: Clodsire\n|-damage|p2a: Clodsire|40/100\n|move|p2a: Clodsire|Recover|p2a: Clodsire\n|-heal|p2a: Clodsire|90/100\n|\n|upkeep\n|turn|90\n|\n|t:|1782443417\n|switch|p1a: Samurott|Samurott-Hisui, M|20/100\n|switch|p2a: Slowking|Slowking-Galar, M|100/100\n|\n|upkeep\n|turn|91\n|\n|t:|1782443436\n|move|p1a: Samurott|Knock Off|p2a: Slowking\n|-supereffective|p2a: Slowking\n|-damage|p2a: Slowking|15/100\n|-enditem|p2a: Slowking|Heavy-Duty Boots|[from] move: Knock Off|[of] p1a: Samurott\n|move|p2a: Slowking|Ice Beam|p1a: Samurott\n|-resisted|p1a: Samurott\n|-damage|p1a: Samurott|12/100\n|\n|upkeep\n|turn|92\n|inactive|thepeakmons has 120 seconds left.\n|\n|t:|1782443453\n|switch|p2a: Clodsire|Clodsire, F|90/100\n|-damage|p2a: Clodsire|84/100|[from] Stealth Rock\n|move|p1a: Samurott|Ceaseless Edge|p2a: Clodsire\n|-damage|p2a: Clodsire|39/100\n|-sidestart|p2: thepeakmons|Spikes\n|\n|upkeep\n|turn|93\n|inactive|thepeakmons has 120 seconds left.\n|\n|t:|1782443462\n|move|p1a: Samurott|Ceaseless Edge|p2a: Clodsire\n|-damage|p2a: Clodsire|0 fnt\n|-sidestart|p2: thepeakmons|Spikes\n|faint|p2a: Clodsire\n|\n|upkeep\n|inactive|thepeakmons has 120 seconds left.\n|\n|t:|1782443475\n|switch|p2a: Slowking|Slowking-Galar, M|48/100\n|-damage|p2a: Slowking|36/100|[from] Stealth Rock\n|-damage|p2a: Slowking|19/100|[from] Spikes\n|turn|94\n|inactive|thepeakmons has 120 seconds left.\n|\n|t:|1782443485\n|move|p1a: Samurott|Knock Off|p2a: Slowking\n|-supereffective|p2a: Slowking\n|-damage|p2a: Slowking|0 fnt\n|faint|p2a: Slowking\n|\n|win|Meems1221\n|raw|Meems1221's rating: 1279 &rarr; <strong>1309</strong><br />(+30 for winning)\n|raw|thepeakmons's rating: 1350 &rarr; <strong>1326</strong><br />(-24 for losing)\n|l|☆Meems1221\n|player|p1|\n", "uploadtime": 1782443487, "views": 10, "formatid": "gen9ou", "rating": 1309, "private": 0, "password": null}