{"id": "gen9ou-2639290427", "format": "[Gen 9] OU", "players": ["kukui-incineroar", "maoboi"], "log": "|j|‽kukui-incineroar\n|j|☆maoboi\n|t:|1782446834\n|gametype|singles\n|player|p1|kukui-incineroar|lance|1288\n|player|p2|maoboi|170|1308\n|gen|9\n|tier|[Gen 9] OU\n|rated|\n|rule|HP Percentage Mod: HP is shown in percentages\n|rule|Endless Battle Clause: Forcing endless battles is banned\n|rule|Species Clause: Limit one of each Pokémon\n|rule|OHKO Clause: OHKO moves are banned\n|rule|Evasion Items Clause: Evasion items are banned\n|rule|Evasion Moves Clause: Evasion moves are banned\n|rule|Evasion Abilities Clause: Evasion abilities are banned\n|rule|Sleep Moves Clause: Sleep-inducing moves are banned\n|clearpoke\n|poke|p1|Hoopa|\n|poke|p1|Cinderace, F|\n|poke|p1|Mandibuzz, F|\n|poke|p1|Kyurem|\n|poke|p1|Ting-Lu|\n|poke|p1|Manaphy|\n|poke|p2|Okidogi, M|\n|poke|p2|Pecharunt|\n|poke|p2|Ogerpon-Wellspring, F|\n|poke|p2|Ting-Lu|\n|poke|p2|Cresselia, F|\n|poke|p2|Cinderace, M|\n|teampreview\n|\n|t:|1782446852\n|teamsize|p1|6\n|teamsize|p2|6\n|start\n|switch|p1a: Cinderace|Cinderace, F|100/100\n|switch|p2a: Okidogi|Okidogi, M|100/100\n|turn|1\n|\n|t:|1782446872\n|move|p1a: Cinderace|U-turn|p2a: Okidogi\n|-start|p1a: Cinderace|typechange|Bug|[from] ability: Libero\n|-resisted|p2a: Okidogi\n|-damage|p2a: Okidogi|94/100\n|\n|t:|1782446878\n|switch|p1a: Ting-Lu|Ting-Lu|100/100|[from] U-turn\n|-ability|p1a: Ting-Lu|Vessel of Ruin\n|move|p2a: Okidogi|Knock Off|p1a: Ting-Lu\n|-resisted|p1a: Ting-Lu\n|-damage|p1a: Ting-Lu|89/100\n|-enditem|p1a: Ting-Lu|Weakness Policy|[from] move: Knock Off|[of] p2a: Okidogi\n|\n|upkeep\n|turn|2\n|\n|t:|1782446897\n|move|p2a: Okidogi|Bulk Up|p2a: Okidogi\n|-boost|p2a: Okidogi|atk|1\n|-boost|p2a: Okidogi|def|1\n|move|p1a: Ting-Lu|Earthquake|p2a: Okidogi\n|-supereffective|p2a: Okidogi\n|-enditem|p2a: Okidogi|Shuca Berry|[eat]\n|-enditem|p2a: Okidogi|Shuca Berry|[weaken]\n|-damage|p2a: Okidogi|65/100\n|\n|upkeep\n|turn|3\n|\n|t:|1782446909\n|move|p2a: Okidogi|Close Combat|p1a: Ting-Lu\n|-supereffective|p1a: Ting-Lu\n|-damage|p1a: Ting-Lu|0 fnt\n|-unboost|p2a: Okidogi|def|1\n|-unboost|p2a: Okidogi|spd|1\n|faint|p1a: Ting-Lu\n|\n|upkeep\n|\n|t:|1782446916\n|switch|p1a: Hoopa|Hoopa|100/100\n|turn|4\n|\n|t:|1782446922\n|-terastallize|p2a: Okidogi|Fire\n|move|p2a: Okidogi|Knock Off|p1a: Hoopa\n|-supereffective|p1a: Hoopa\n|-damage|p1a: Hoopa|0 fnt\n|-enditem|p1a: Hoopa|Aguav Berry|[from] move: Knock Off|[of] p2a: Okidogi\n|faint|p1a: Hoopa\n|\n|upkeep\n|\n|t:|1782446927\n|switch|p1a: Manaphy|Manaphy|100/100\n|turn|5\n|\n|t:|1782446930\n|move|p1a: Manaphy|Tail Glow|p1a: Manaphy\n|-boost|p1a: Manaphy|spa|3\n|move|p2a: Okidogi|Knock Off|p1a: Manaphy\n|-damage|p1a: Manaphy|52/100\n|-enditem|p1a: Manaphy|Leftovers|[from] move: Knock Off|[of] p2a: Okidogi\n|\n|upkeep\n|turn|6\n|\n|t:|1782446938\n|move|p1a: Manaphy|Scald|p2a: Okidogi\n|-supereffective|p2a: Okidogi\n|-damage|p2a: Okidogi|0 fnt\n|faint|p2a: Okidogi\n|\n|upkeep\n|\n|t:|1782446943\n|switch|p2a: Ogerpon|Ogerpon-Wellspring, F|100/100\n|turn|7\n|\n|t:|1782446953\n|move|p2a: Ogerpon|Power Whip|p1a: Manaphy|[miss]\n|-miss|p2a: Ogerpon|p1a: Manaphy\n|move|p1a: Manaphy|Tail Glow|p1a: Manaphy\n|-boost|p1a: Manaphy|spa|3\n|\n|upkeep\n|turn|8\n|\n|t:|1782446958\n|move|p2a: Ogerpon|Power Whip|p1a: Manaphy\n|-supereffective|p1a: Manaphy\n|-damage|p1a: Manaphy|0 fnt\n|faint|p1a: Manaphy\n|\n|upkeep\n|\n|t:|1782446960\n|switch|p1a: Cinderace|Cinderace, F|100/100\n|turn|9\n|\n|t:|1782446965\n|switch|p2a: Pecharunt|Pecharunt|100/100\n|move|p1a: Cinderace|Pyro Ball|p2a: Pecharunt\n|-crit|p2a: Pecharunt\n|-damage|p2a: Pecharunt|36/100\n|\n|upkeep\n|turn|10\n|\n|t:|1782446977\n|switch|p2a: Cinderace|Cinderace, M|100/100\n|move|p1a: Cinderace|Pyro Ball|p2a: Cinderace\n|-resisted|p2a: Cinderace\n|-damage|p2a: Cinderace|54/100\n|\n|upkeep\n|turn|11\n|\n|t:|1782446985\n|move|p1a: Cinderace|U-turn|p2a: Cinderace\n|-start|p1a: Cinderace|typechange|Bug|[from] ability: Libero\n|-resisted|p2a: Cinderace\n|-damage|p2a: Cinderace|29/100\n|\n|t:|1782446989\n|switch|p1a: Mandibuzz|Mandibuzz, F, shiny|100/100|[from] U-turn\n|move|p2a: Cinderace|Super Fang|p1a: Mandibuzz\n|-damage|p1a: Mandibuzz|50/100\n|-damage|p2a: Cinderace|12/100|[from] item: Rocky Helmet|[of] p1a: Mandibuzz\n|\n|upkeep\n|turn|12\n|\n|t:|1782446995\n|move|p2a: Cinderace|Pyro Ball|p1a: Mandibuzz\n|-damage|p1a: Mandibuzz|0 fnt\n|faint|p1a: Mandibuzz\n|\n|upkeep\n|\n|t:|1782446998\n|switch|p1a: Kyurem|Kyurem|100/100\n|-ability|p1a: Kyurem|Pressure\n|turn|13\n|\n|t:|1782447002\n|-terastallize|p1a: Kyurem|Ground\n|move|p1a: Kyurem|Earth Power|p2a: Cinderace\n|-supereffective|p2a: Cinderace\n|-damage|p2a: Cinderace|0 fnt\n|faint|p2a: Cinderace\n|\n|upkeep\n|\n|t:|1782447009\n|switch|p2a: Cresselia|Cresselia, F|100/100\n|turn|14\n|\n|t:|1782447015\n|switch|p1a: Cinderace|Cinderace, F|100/100\n|move|p2a: Cresselia|Calm Mind|p2a: Cresselia\n|-boost|p2a: Cresselia|spa|1\n|-boost|p2a: Cresselia|spd|1\n|\n|upkeep\n|turn|15\n|\n|t:|1782447020\n|move|p1a: Cinderace|Pyro Ball|p2a: Cresselia|[miss]\n|-miss|p1a: Cinderace|p2a: Cresselia\n|move|p2a: Cresselia|Stored Power|p1a: Cinderace\n|-damage|p1a: Cinderace|51/100\n|\n|upkeep\n|turn|16\n|\n|t:|1782447024\n|move|p1a: Cinderace|Pyro Ball|p2a: Cresselia\n|-damage|p2a: Cresselia|49/100\n|move|p2a: Cresselia|Moonblast|p1a: Cinderace\n|-resisted|p1a: Cinderace\n|-damage|p1a: Cinderace|22/100\n|\n|-heal|p2a: Cresselia|55/100|[from] item: Leftovers\n|upkeep\n|turn|17\n|\n|t:|1782447026\n|move|p1a: Cinderace|U-turn|p2a: Cresselia\n|-start|p1a: Cinderace|typechange|Bug|[from] ability: Libero\n|-supereffective|p2a: Cresselia\n|-damage|p2a: Cresselia|8/100\n|\n|t:|1782447030\n|switch|p1a: Kyurem|Kyurem, tera:Ground|100/100|[from] U-turn\n|-ability|p1a: Kyurem|Pressure\n|move|p2a: Cresselia|Stored Power|p1a: Kyurem\n|-damage|p1a: Kyurem|68/100\n|\n|-heal|p2a: Cresselia|14/100|[from] item: Leftovers\n|upkeep\n|turn|18\n|\n|t:|1782447033\n|move|p1a: Kyurem|Ice Beam|p2a: Cresselia\n|-crit|p2a: Cresselia\n|-damage|p2a: Cresselia|0 fnt\n|faint|p2a: Cresselia\n|\n|upkeep\n|\n|t:|1782447036\n|switch|p2a: Ogerpon|Ogerpon-Wellspring, F|100/100\n|turn|19\n|\n|t:|1782447039\n|switch|p1a: Cinderace|Cinderace, F|22/100\n|move|p2a: Ogerpon|Play Rough|p1a: Cinderace\n|-resisted|p1a: Cinderace\n|-damage|p1a: Cinderace|0 fnt\n|faint|p1a: Cinderace\n|\n|upkeep\n|\n|t:|1782447040\n|switch|p1a: Kyurem|Kyurem, tera:Ground|68/100\n|-ability|p1a: Kyurem|Pressure\n|turn|20\n|\n|t:|1782447043\n|move|p1a: Kyurem|Freeze-Dry|p2a: Ogerpon\n|-supereffective|p2a: Ogerpon\n|-damage|p2a: Ogerpon|0 fnt\n|faint|p2a: Ogerpon\n|\n|upkeep\n|\n|t:|1782447045\n|switch|p2a: Ting-Lu|Ting-Lu|100/100\n|-ability|p2a: Ting-Lu|Vessel of Ruin\n|turn|21\n|\n|t:|1782447048\n|move|p1a: Kyurem|Freeze-Dry|p2a: Ting-Lu\n|-supereffective|p2a: Ting-Lu\n|-damage|p2a: Ting-Lu|55/100\n|-enditem|p2a: Ting-Lu|Weakness Policy\n|-boost|p2a: Ting-Lu|atk|2|[from] item: Weakness Policy\n|-boost|p2a: Ting-Lu|spa|2|[from] item: Weakness Policy\n|move|p2a: Ting-Lu|Heavy Slam|p1a: Kyurem\n|-damage|p1a: Kyurem|30/100\n|\n|upkeep\n|turn|22\n|\n|t:|1782447051\n|move|p1a: Kyurem|Freeze-Dry|p2a: Ting-Lu\n|-supereffective|p2a: Ting-Lu\n|-damage|p2a: Ting-Lu|14/100\n|move|p2a: Ting-Lu|Payback|p1a: Kyurem\n|-damage|p1a: Kyurem|0 fnt\n|faint|p1a: Kyurem\n|\n|win|maoboi\n|raw|kukui-incineroar's rating: 1288 &rarr; <strong>1264</strong><br />(-24 for losing)\n|raw|maoboi's rating: 1308 &rarr; <strong>1327</strong><br />(+19 for winning)\n|l|‽kukui-incineroar\n|player|p1|\n", "uploadtime": 1782447358, "views": 7, "formatid": "gen9ou", "rating": 1264, "private": 0, "password": null}