{"id": "gen9ou-2639226072", "format": "[Gen 9] OU", "players": ["kurotz", "MoondropSoulHeart"], "log": "|j|☆kurotz\n|j|☆MoondropSoulHeart\n|t:|1782436942\n|gametype|singles\n|player|p1|kurotz|dawn|1156\n|player|p2|MoondropSoulHeart|giovanni|1186\n|gen|9\n|tier|[Gen 9] OU\n|rated|\n|rule|HP Percentage Mod: HP is shown in percentages\n|rule|Endless Battle Clause: Forcing endless battles is banned\n|rule|Species Clause: Limit one of each Pokémon\n|rule|OHKO Clause: OHKO moves are banned\n|rule|Evasion Items Clause: Evasion items are banned\n|rule|Evasion Moves Clause: Evasion moves are banned\n|rule|Evasion Abilities Clause: Evasion abilities are banned\n|rule|Sleep Moves Clause: Sleep-inducing moves are banned\n|clearpoke\n|poke|p1|Alomomola, F|\n|poke|p1|Gholdengo|\n|poke|p1|Gliscor, F|\n|poke|p1|Kingambit, F|\n|poke|p1|Meowscarada, M|\n|poke|p1|Hatterene, F|\n|poke|p2|Ceruledge, M|\n|poke|p2|Poliwrath, M|\n|poke|p2|Reuniclus, M|\n|poke|p2|Regice|\n|poke|p2|Iron Jugulis|\n|poke|p2|Maushold-Four|\n|teampreview\n|\n|t:|1782436948\n|teamsize|p1|6\n|teamsize|p2|6\n|start\n|switch|p1a: Gliscor|Gliscor, F|100/100\n|switch|p2a: Maushold|Maushold-Four|100/100\n|turn|1\n|\n|t:|1782436953\n|move|p2a: Maushold|Tidy Up|p2a: Maushold\n|-boost|p2a: Maushold|atk|1\n|-boost|p2a: Maushold|spe|1\n|move|p1a: Gliscor|Stealth Rock|p2a: Maushold\n|-sidestart|p2: MoondropSoulHeart|move: Stealth Rock\n|\n|-status|p1a: Gliscor|tox|[from] item: Toxic Orb\n|upkeep\n|turn|2\n|\n|t:|1782436957\n|switch|p1a: Gholdengo|Gholdengo|100/100\n|-item|p1a: Gholdengo|Air Balloon\n|move|p2a: Maushold|Tidy Up|p2a: Maushold\n|-sideend|p2: MoondropSoulHeart|Stealth Rock\n|-activate|p2a: Maushold|move: Tidy Up\n|-boost|p2a: Maushold|atk|1\n|-boost|p2a: Maushold|spe|1\n|\n|upkeep\n|turn|3\n|\n|t:|1782436965\n|move|p2a: Maushold|Bite|p1a: Gholdengo\n|-supereffective|p1a: Gholdengo\n|-crit|p1a: Gholdengo\n|-damage|p1a: Gholdengo|0 fnt\n|-enditem|p1a: Gholdengo|Air Balloon\n|faint|p1a: Gholdengo\n|\n|upkeep\n|\n|t:|1782436968\n|switch|p1a: Meowscarada|Meowscarada, M|100/100\n|turn|4\n|\n|t:|1782436971\n|move|p2a: Maushold|Population Bomb|p1a: Meowscarada\n|-damage|p1a: Meowscarada|62/100\n|-damage|p1a: Meowscarada|23/100\n|-damage|p1a: Meowscarada|0 fnt\n|faint|p1a: Meowscarada\n|-hitcount|p1: Meowscarada|3\n|\n|upkeep\n|\n|t:|1782436976\n|switch|p1a: Hatterene|Hatterene, F|100/100\n|turn|5\n|\n|t:|1782436978\n|move|p2a: Maushold|Population Bomb|p1a: Hatterene\n|-damage|p1a: Hatterene|75/100\n|-damage|p1a: Hatterene|49/100\n|-damage|p1a: Hatterene|20/100\n|-damage|p1a: Hatterene|0 fnt\n|faint|p1a: Hatterene\n|-hitcount|p1: Hatterene|4\n|\n|upkeep\n|\n|t:|1782436981\n|switch|p1a: Alomomola|Alomomola, F|100/100\n|turn|6\n|\n|t:|1782436985\n|move|p2a: Maushold|Bullet Seed|p1a: Alomomola\n|-supereffective|p1a: Alomomola\n|-damage|p1a: Alomomola|72/100\n|-supereffective|p1a: Alomomola\n|-damage|p1a: Alomomola|41/100\n|-supereffective|p1a: Alomomola\n|-damage|p1a: Alomomola|8/100\n|-supereffective|p1a: Alomomola\n|-damage|p1a: Alomomola|0 fnt\n|faint|p1a: Alomomola\n|-hitcount|p1: Alomomola|4\n|\n|upkeep\n|\n|t:|1782436988\n|switch|p1a: Gliscor|Gliscor, F|100/100 tox\n|turn|7\n|\n|t:|1782436992\n|move|p1a: Gliscor|Protect|p1a: Gliscor\n|-singleturn|p1a: Gliscor|Protect\n|move|p2a: Maushold|Population Bomb|p1a: Gliscor\n|-activate|p1a: Gliscor|move: Protect\n|\n|upkeep\n|turn|8\n|\n|t:|1782436998\n|move|p2a: Maushold|Population Bomb|p1a: Gliscor\n|-damage|p1a: Gliscor|87/100 tox\n|-damage|p1a: Gliscor|72/100 tox\n|-damage|p1a: Gliscor|57/100 tox\n|-damage|p1a: Gliscor|43/100 tox\n|-damage|p1a: Gliscor|29/100 tox\n|-damage|p1a: Gliscor|14/100 tox\n|-hitcount|p1a: Gliscor|6\n|move|p1a: Gliscor|Stealth Rock|p2a: Maushold\n|-sidestart|p2: MoondropSoulHeart|move: Stealth Rock\n|\n|-heal|p1a: Gliscor|27/100 tox|[from] ability: Poison Heal\n|upkeep\n|turn|9\n|\n|t:|1782437001\n|move|p1a: Gliscor|Protect|p1a: Gliscor\n|-singleturn|p1a: Gliscor|Protect\n|move|p2a: Maushold|Bite|p1a: Gliscor\n|-activate|p1a: Gliscor|move: Protect\n|\n|-heal|p1a: Gliscor|39/100 tox|[from] ability: Poison Heal\n|upkeep\n|turn|10\n|\n|t:|1782437005\n|move|p1a: Gliscor|Protect|p1a: Gliscor\n|-singleturn|p1a: Gliscor|Protect\n|move|p2a: Maushold|Tidy Up|p2a: Maushold\n|-sideend|p2: MoondropSoulHeart|Stealth Rock\n|-activate|p2a: Maushold|move: Tidy Up\n|-boost|p2a: Maushold|atk|1\n|-boost|p2a: Maushold|spe|1\n|\n|-heal|p1a: Gliscor|52/100 tox|[from] ability: Poison Heal\n|upkeep\n|turn|11\n|\n|t:|1782437008\n|move|p1a: Gliscor|Protect||[still]\n|-fail|p1a: Gliscor\n|move|p2a: Maushold|Population Bomb|p1a: Gliscor\n|-damage|p1a: Gliscor|35/100 tox\n|-damage|p1a: Gliscor|16/100 tox\n|-damage|p1a: Gliscor|0 fnt\n|faint|p1a: Gliscor\n|-hitcount|p1: Gliscor|3\n|\n|upkeep\n|\n|t:|1782437010\n|switch|p1a: Kingambit|Kingambit, F|100/100\n|-activate|p1a: Kingambit|ability: Supreme Overlord\n|-start|p1a: Kingambit|fallen5|[silent]\n|turn|12\n|\n|t:|1782437014\n|move|p2a: Maushold|Tidy Up|p2a: Maushold\n|-boost|p2a: Maushold|atk|1\n|-boost|p2a: Maushold|spe|1\n|move|p1a: Kingambit|Low Kick|p2a: Maushold\n|-supereffective|p2a: Maushold\n|-damage|p2a: Maushold|67/100\n|\n|upkeep\n|turn|13\n|\n|t:|1782437022\n|move|p1a: Kingambit|Sucker Punch|p2a: Maushold\n|-damage|p2a: Maushold|0 fnt\n|faint|p2a: Maushold\n|\n|upkeep\n|\n|t:|1782437027\n|switch|p2a: Reuniclus|Reuniclus, M|100/100\n|turn|14\n|\n|t:|1782437029\n|-terastallize|p2a: Reuniclus|Fighting\n|move|p1a: Kingambit|Swords Dance|p1a: Kingambit\n|-boost|p1a: Kingambit|atk|2\n|move|p2a: Reuniclus|Trick Room|p2a: Reuniclus\n|-fieldstart|move: Trick Room|[of] p2a: Reuniclus\n|\n|upkeep\n|turn|15\n|\n|t:|1782437038\n|-terastallize|p1a: Kingambit|Flying\n|move|p2a: Reuniclus|Focus Blast|p1a: Kingambit\n|-resisted|p1a: Kingambit\n|-crit|p1a: Kingambit\n|-damage|p1a: Kingambit|30/100\n|move|p1a: Kingambit|Iron Head|p2a: Reuniclus\n|-damage|p2a: Reuniclus|0 fnt\n|faint|p2a: Reuniclus\n|\n|upkeep\n|\n|t:|1782437042\n|switch|p2a: Regice|Regice|100/100\n|turn|16\n|\n|t:|1782437050\n|move|p1a: Kingambit|Sucker Punch|p2a: Regice\n|-damage|p2a: Regice|0 fnt\n|faint|p2a: Regice\n|\n|upkeep\n|\n|t:|1782437055\n|switch|p2a: Iron Jugulis|Iron Jugulis|100/100\n|-enditem|p2a: Iron Jugulis|Booster Energy\n|-activate|p2a: Iron Jugulis|ability: Quark Drive|[fromitem]\n|-start|p2a: Iron Jugulis|quarkdrivespe\n|turn|17\n|\n|t:|1782437061\n|move|p1a: Kingambit|Low Kick|p2a: Iron Jugulis\n|-damage|p2a: Iron Jugulis|0 fnt\n|faint|p2a: Iron Jugulis\n|-end|p2a: Iron Jugulis|Quark Drive|[silent]\n|\n|upkeep\n|\n|t:|1782437066\n|switch|p2a: Poliwrath|Poliwrath, M|100/100\n|turn|18\n|\n|t:|1782437074\n|move|p1a: Kingambit|Sucker Punch||[still]\n|-fail|p1a: Kingambit\n|move|p2a: Poliwrath|Rain Dance|p2a: Poliwrath\n|-weather|RainDance\n|\n|-weather|RainDance|[upkeep]\n|-fieldend|move: Trick Room\n|upkeep\n|turn|19\n|\n|t:|1782437079\n|move|p1a: Kingambit|Sucker Punch|p2a: Poliwrath\n|-resisted|p2a: Poliwrath\n|-damage|p2a: Poliwrath|34/100\n|move|p2a: Poliwrath|Liquidation|p1a: Kingambit\n|-damage|p1a: Kingambit|0 fnt\n|faint|p1a: Kingambit\n|-end|p1a: Kingambit|fallen5|[silent]\n|\n|win|MoondropSoulHeart\n|raw|kurotz's rating: 1156 &rarr; <strong>1133</strong><br />(-23 for losing)\n|raw|MoondropSoulHeart's rating: 1186 &rarr; <strong>1209</strong><br />(+23 for winning)\n", "uploadtime": 1782437083, "views": 29, "formatid": "gen9ou", "rating": 1133, "private": 0, "password": null}