{"id": "gen9ou-2647707297", "format": "[Gen 9] OU", "players": ["Precise_pocket", "YagoXiten"], "log": "|j|☆Precise_pocket\n|j|☆YagoXiten\n|t:|1783799452\n|gametype|singles\n|player|p1|Precise_pocket|101|1223\n|player|p2|YagoXiten|veteran|1240\n|gen|9\n|tier|[Gen 9] OU\n|rated|\n|rule|HP Percentage Mod: HP is shown in percentages\n|rule|Endless Battle Clause: Forcing endless battles is banned\n|rule|Species Clause: Limit one of each Pokémon\n|rule|OHKO Clause: OHKO moves are banned\n|rule|Evasion Items Clause: Evasion items are banned\n|rule|Evasion Moves Clause: Evasion moves are banned\n|rule|Evasion Abilities Clause: Evasion abilities are banned\n|rule|Sleep Moves Clause: Sleep-inducing moves are banned\n|clearpoke\n|poke|p1|Hydreigon, F|\n|poke|p1|Ogerpon-Wellspring, F|\n|poke|p1|Landorus-Therian, M|\n|poke|p1|Zapdos|\n|poke|p1|Great Tusk|\n|poke|p1|Slowking-Galar, M|\n|poke|p2|Alomomola, F|\n|poke|p2|Breloom, M|\n|poke|p2|Skeledirge, M|\n|poke|p2|Gardevoir, F|\n|poke|p2|Persian-Alola, M|\n|poke|p2|Bronzong|\n|teampreview\n|inactive|Battle timer is ON: inactive players will automatically lose when time's up. (requested by YagoXiten)\n|inactive|Precise_pocket has 120 seconds left.\n|\n|t:|1783799507\n|teamsize|p1|6\n|teamsize|p2|6\n|start\n|switch|p1a: Hydreigon|Hydreigon, F|100/100\n|switch|p2a: Persian|Persian-Alola, M|100/100\n|turn|1\n|\n|t:|1783799518\n|move|p1a: Hydreigon|Draco Meteor|p2a: Persian\n|-damage|p2a: Persian|0 fnt\n|-unboost|p1a: Hydreigon|spa|2\n|faint|p2a: Persian\n|\n|upkeep\n|\n|t:|1783799525\n|switch|p2a: Gardevoir|Gardevoir, F|100/100\n|-ability|p2a: Gardevoir|Levitate|Trace|[from] ability: Trace|[of] p1a: Hydreigon\n|turn|2\n|\n|t:|1783799533\n|switch|p1a: Slowking|Slowking-Galar, M, shiny|100/100\n|move|p2a: Gardevoir|Will-O-Wisp|p1a: Slowking\n|-status|p1a: Slowking|brn\n|\n|-damage|p1a: Slowking|94/100 brn|[from] brn\n|upkeep\n|turn|3\n|\n|t:|1783799544\n|move|p2a: Gardevoir|Knock Off|p1a: Slowking\n|-supereffective|p1a: Slowking\n|-damage|p1a: Slowking|64/100 brn\n|-enditem|p1a: Slowking|Assault Vest|[from] move: Knock Off|[of] p2a: Gardevoir\n|move|p1a: Slowking|Sludge Bomb|p2a: Gardevoir\n|-supereffective|p2a: Gardevoir\n|-damage|p2a: Gardevoir|40/100\n|-status|p2a: Gardevoir|psn\n|\n|-damage|p2a: Gardevoir|28/100 psn|[from] psn\n|-damage|p1a: Slowking|58/100 brn|[from] brn\n|upkeep\n|turn|4\n|\n|t:|1783799556\n|switch|p2a: Bronzong|Bronzong|100/100\n|move|p1a: Slowking|Sludge Bomb|p2a: Bronzong\n|-immune|p2a: Bronzong\n|\n|-damage|p1a: Slowking|52/100 brn|[from] brn\n|upkeep\n|turn|5\n|\n|t:|1783799579\n|move|p2a: Bronzong|Stealth Rock|p1a: Slowking\n|-sidestart|p1: Precise_pocket|move: Stealth Rock\n|-prepare|p1a: Slowking|Chilly Reception|[premajor]\n|move|p1a: Slowking|Chilly Reception|p1a: Slowking\n|-weather|Snowscape\n|inactive|Precise_pocket has 120 seconds left.\n|\n|t:|1783799614\n|switch|p1a: Hydreigon|Hydreigon, F|100/100|[from] Chilly Reception\n|-damage|p1a: Hydreigon|88/100|[from] Stealth Rock\n|\n|-weather|Snowscape|[upkeep]\n|upkeep\n|turn|6\n|\n|t:|1783799621\n|switch|p2a: Alomomola|Alomomola, F|100/100\n|move|p1a: Hydreigon|Dark Pulse|p2a: Alomomola\n|-damage|p2a: Alomomola|69/100\n|\n|-weather|Snowscape|[upkeep]\n|upkeep\n|turn|7\n|\n|t:|1783799632\n|switch|p1a: Zapdos|Zapdos, shiny|100/100\n|-damage|p1a: Zapdos|76/100|[from] Stealth Rock\n|move|p2a: Alomomola|Wish|p2a: Alomomola\n|\n|-weather|Snowscape|[upkeep]\n|-heal|p1a: Zapdos|82/100|[from] item: Leftovers\n|upkeep\n|turn|8\n|\n|t:|1783799642\n|move|p2a: Alomomola|Protect|p2a: Alomomola\n|-singleturn|p2a: Alomomola|Protect\n|move|p1a: Zapdos|Volt Switch|p2a: Alomomola\n|-activate|p2a: Alomomola|move: Protect\n|\n|-weather|Snowscape|[upkeep]\n|-heal|p2a: Alomomola|100/100|[from] move: Wish|[wisher] Alomomola\n|-heal|p1a: Zapdos|88/100|[from] item: Leftovers\n|upkeep\n|turn|9\n|\n|t:|1783799651\n|move|p1a: Zapdos|Volt Switch|p2a: Alomomola\n|-supereffective|p2a: Alomomola\n|-damage|p2a: Alomomola|59/100\n|\n|t:|1783799657\n|switch|p1a: Slowking|Slowking-Galar, M, shiny|85/100 brn|[from] Volt Switch\n|-damage|p1a: Slowking|73/100 brn|[from] Stealth Rock\n|move|p2a: Alomomola|Mirror Coat|p1a: Slowking\n|-damage|p1a: Slowking|0 fnt\n|faint|p1a: Slowking\n|\n|-weather|none\n|upkeep\n|inactive|Precise_pocket has 120 seconds left.\n|\n|t:|1783799677\n|switch|p1a: Ogerpon|Ogerpon-Wellspring, F|100/100\n|-damage|p1a: Ogerpon|88/100|[from] Stealth Rock\n|turn|10\n|\n|t:|1783799683\n|switch|p2a: Luigi|Breloom, M|100/100\n|-terastallize|p1a: Ogerpon|Water\n|detailschange|p1a: Ogerpon|Ogerpon-Wellspring-Tera, F, tera:Water\n|-ability|p1a: Ogerpon|Embody Aspect (Wellspring)|boost\n|-boost|p1a: Ogerpon|spd|1\n|move|p1a: Ogerpon|Swords Dance|p1a: Ogerpon\n|-boost|p1a: Ogerpon|atk|2\n|\n|-status|p2a: Luigi|tox|[from] item: Toxic Orb\n|upkeep\n|turn|11\n|inactive|Precise_pocket has 120 seconds left.\n|\n|t:|1783799714\n|move|p1a: Ogerpon|Horn Leech|p2a: Luigi\n|-resisted|p2a: Luigi\n|-damage|p2a: Luigi|53/100 tox\n|-heal|p1a: Ogerpon|100/100|[from] drain|[of] p2a: Luigi\n|move|p2a: Luigi|Leech Seed|p1a: Ogerpon\n|-start|p1a: Ogerpon|move: Leech Seed\n|\n|-damage|p1a: Ogerpon|88/100|[from] Leech Seed|[of] p2a: Luigi\n|-heal|p2a: Luigi|66/100 tox|[silent]\n|-heal|p2a: Luigi|78/100 tox|[from] ability: Poison Heal\n|upkeep\n|turn|12\n|\n|t:|1783799725\n|move|p1a: Ogerpon|Horn Leech|p2a: Luigi\n|-resisted|p2a: Luigi\n|-damage|p2a: Luigi|33/100 tox\n|-heal|p1a: Ogerpon|100/100|[from] drain|[of] p2a: Luigi\n|move|p2a: Luigi|Substitute|p2a: Luigi\n|-start|p2a: Luigi|Substitute\n|-damage|p2a: Luigi|8/100 tox\n|\n|-damage|p1a: Ogerpon|88/100|[from] Leech Seed|[of] p2a: Luigi\n|-heal|p2a: Luigi|21/100 tox|[silent]\n|-heal|p2a: Luigi|33/100 tox|[from] ability: Poison Heal\n|upkeep\n|turn|13\n|\n|t:|1783799737\n|move|p2a: Luigi|Protect|p2a: Luigi\n|-singleturn|p2a: Luigi|Protect\n|move|p1a: Ogerpon|Horn Leech|p2a: Luigi\n|-activate|p2a: Luigi|move: Protect\n|\n|-damage|p1a: Ogerpon|76/100|[from] Leech Seed|[of] p2a: Luigi\n|-heal|p2a: Luigi|46/100 tox|[silent]\n|-heal|p2a: Luigi|59/100 tox|[from] ability: Poison Heal\n|upkeep\n|turn|14\n|\n|t:|1783799747\n|move|p1a: Ogerpon|Horn Leech|p2a: Luigi\n|-resisted|p2a: Luigi\n|-end|p2a: Luigi|Substitute\n|-heal|p1a: Ogerpon|88/100|[from] drain|[of] p2a: Luigi\n|move|p2a: Luigi|Poison Jab|p1a: Ogerpon\n|-damage|p1a: Ogerpon|60/100\n|\n|-damage|p1a: Ogerpon|47/100|[from] Leech Seed|[of] p2a: Luigi\n|-heal|p2a: Luigi|72/100 tox|[silent]\n|-heal|p2a: Luigi|84/100 tox|[from] ability: Poison Heal\n|upkeep\n|turn|15\n|\n|t:|1783799757\n|move|p1a: Ogerpon|Horn Leech|p2a: Luigi\n|-resisted|p2a: Luigi\n|-damage|p2a: Luigi|38/100 tox\n|-heal|p1a: Ogerpon|69/100|[from] drain|[of] p2a: Luigi\n|move|p2a: Luigi|Substitute|p2a: Luigi\n|-start|p2a: Luigi|Substitute\n|-damage|p2a: Luigi|13/100 tox\n|\n|-damage|p1a: Ogerpon|57/100|[from] Leech Seed|[of] p2a: Luigi\n|-heal|p2a: Luigi|26/100 tox|[silent]\n|-heal|p2a: Luigi|39/100 tox|[from] ability: Poison Heal\n|upkeep\n|turn|16\n|\n|t:|1783799771\n|switch|p1a: Landorus|Landorus-Therian, M, shiny|100/100\n|-damage|p1a: Landorus|88/100|[from] Stealth Rock\n|-ability|p1a: Landorus|Intimidate|boost\n|-immune|p2a: Luigi\n|move|p2a: Luigi|Poison Jab|p1a: Landorus\n|-resisted|p1a: Landorus\n|-damage|p1a: Landorus|78/100\n|\n|-heal|p1a: Landorus|84/100|[from] item: Leftovers\n|-heal|p2a: Luigi|51/100 tox|[from] ability: Poison Heal\n|upkeep\n|turn|17\n|\n|t:|1783799787\n|move|p2a: Luigi|Substitute|p2a: Luigi\n|-fail|p2a: Luigi|move: Substitute\n|move|p1a: Landorus|Stealth Rock|p2a: Luigi\n|-sidestart|p2: YagoXiten|move: Stealth Rock\n|\n|-heal|p1a: Landorus|90/100|[from] item: Leftovers\n|-heal|p2a: Luigi|63/100 tox|[from] ability: Poison Heal\n|upkeep\n|turn|18\n|\n|t:|1783799796\n|move|p2a: Luigi|Poison Jab|p1a: Landorus\n|-resisted|p1a: Landorus\n|-damage|p1a: Landorus|78/100\n|move|p1a: Landorus|Taunt|p2a: Luigi\n|-start|p2a: Luigi|move: Taunt\n|\n|-heal|p1a: Landorus|84/100|[from] item: Leftovers\n|-heal|p2a: Luigi|76/100 tox|[from] ability: Poison Heal\n|upkeep\n|turn|19\n|\n|t:|1783799808\n|switch|p1a: Ogerpon|Ogerpon-Wellspring-Tera, F, tera:Water|57/100\n|-damage|p1a: Ogerpon|45/100|[from] Stealth Rock\n|-ability|p1a: Ogerpon|Embody Aspect (Wellspring)|boost\n|-boost|p1a: Ogerpon|spd|1\n|move|p2a: Luigi|Poison Jab|p1a: Ogerpon\n|-damage|p1a: Ogerpon|16/100\n|\n|-heal|p2a: Luigi|88/100 tox|[from] ability: Poison Heal\n|upkeep\n|turn|20\n|\n|t:|1783799823\n|switch|p1a: Landorus|Landorus-Therian, M, shiny|84/100\n|-damage|p1a: Landorus|72/100|[from] Stealth Rock\n|-ability|p1a: Landorus|Intimidate|boost\n|-immune|p2a: Luigi\n|move|p2a: Luigi|Poison Jab|p1a: Landorus\n|-resisted|p1a: Landorus\n|-damage|p1a: Landorus|61/100\n|\n|-heal|p1a: Landorus|68/100|[from] item: Leftovers\n|-heal|p2a: Luigi|100/100 tox|[from] ability: Poison Heal\n|upkeep\n|turn|21\n|\n|t:|1783799849\n|move|p2a: Luigi|Poison Jab|p1a: Landorus\n|-resisted|p1a: Landorus\n|-damage|p1a: Landorus|55/100\n|move|p1a: Landorus|U-turn|p2a: Luigi\n|-activate|p2a: Luigi|move: Substitute|[damage]\n|\n|t:|1783799856\n|switch|p1a: Great Tusk|Great Tusk|100/100|[from] U-turn\n|\n|-end|p2a: Luigi|move: Taunt\n|upkeep\n|turn|22\n|\n|t:|1783799862\n|move|p2a: Luigi|Leech Seed|p1a: Great Tusk|[miss]\n|-miss|p2a: Luigi|p1a: Great Tusk\n|move|p1a: Great Tusk|Rapid Spin|p2a: Luigi\n|-end|p2a: Luigi|Substitute\n|-sideend|p1: Precise_pocket|Stealth Rock|[from] move: Rapid Spin|[of] p1a: Great Tusk\n|-boost|p1a: Great Tusk|spe|1\n|\n|upkeep\n|turn|23\n|\n|t:|1783799870\n|move|p1a: Great Tusk|Ice Spinner|p2a: Luigi\n|-supereffective|p2a: Luigi\n|-damage|p2a: Luigi|57/100 tox\n|move|p2a: Luigi|Leech Seed|p1a: Great Tusk\n|-start|p1a: Great Tusk|move: Leech Seed\n|\n|-damage|p1a: Great Tusk|88/100|[from] Leech Seed|[of] p2a: Luigi\n|-heal|p2a: Luigi|76/100 tox|[silent]\n|-heal|p2a: Luigi|89/100 tox|[from] ability: Poison Heal\n|upkeep\n|turn|24\n|\n|t:|1783799878\n|move|p1a: Great Tusk|Ice Spinner|p2a: Luigi\n|-supereffective|p2a: Luigi\n|-damage|p2a: Luigi|44/100 tox\n|move|p2a: Luigi|Substitute|p2a: Luigi\n|-start|p2a: Luigi|Substitute\n|-damage|p2a: Luigi|19/100 tox\n|\n|-damage|p1a: Great Tusk|76/100|[from] Leech Seed|[of] p2a: Luigi\n|-heal|p2a: Luigi|38/100 tox|[silent]\n|-heal|p2a: Luigi|51/100 tox|[from] ability: Poison Heal\n|upkeep\n|turn|25\n|\n|t:|1783799890\n|move|p1a: Great Tusk|Ice Spinner|p2a: Luigi\n|-supereffective|p2a: Luigi\n|-end|p2a: Luigi|Substitute\n|move|p2a: Luigi|Poison Jab|p1a: Great Tusk\n|-resisted|p1a: Great Tusk\n|-damage|p1a: Great Tusk|70/100\n|\n|-damage|p1a: Great Tusk|57/100|[from] Leech Seed|[of] p2a: Luigi\n|-heal|p2a: Luigi|70/100 tox|[silent]\n|-heal|p2a: Luigi|82/100 tox|[from] ability: Poison Heal\n|upkeep\n|turn|26\n|\n|t:|1783799900\n|move|p1a: Great Tusk|Ice Spinner|p2a: Luigi\n|-supereffective|p2a: Luigi\n|-damage|p2a: Luigi|38/100 tox\n|move|p2a: Luigi|Substitute|p2a: Luigi\n|-start|p2a: Luigi|Substitute\n|-damage|p2a: Luigi|13/100 tox\n|\n|-damage|p1a: Great Tusk|45/100|[from] Leech Seed|[of] p2a: Luigi\n|-heal|p2a: Luigi|33/100 tox|[silent]\n|-heal|p2a: Luigi|45/100 tox|[from] ability: Poison Heal\n|upkeep\n|turn|27\n|inactive|Precise_pocket has 120 seconds left.\n|\n|t:|1783799924\n|-end|p1a: Great Tusk|Protosynthesis|[silent]\n|switch|p1a: Landorus|Landorus-Therian, M, shiny|55/100\n|-ability|p1a: Landorus|Intimidate|boost\n|-immune|p2a: Luigi\n|move|p2a: Luigi|Protect||[still]\n|-fail|p2a: Luigi\n|\n|-heal|p1a: Landorus|61/100|[from] item: Leftovers\n|-heal|p2a: Luigi|57/100 tox|[from] ability: Poison Heal\n|upkeep\n|turn|28\n|\n|t:|1783799933\n|move|p2a: Luigi|Poison Jab|p1a: Landorus\n|-resisted|p1a: Landorus\n|-damage|p1a: Landorus|50/100\n|move|p1a: Landorus|Taunt|p2a: Luigi\n|-start|p2a: Luigi|move: Taunt\n|\n|-heal|p1a: Landorus|56/100|[from] item: Leftovers\n|-heal|p2a: Luigi|70/100 tox|[from] ability: Poison Heal\n|upkeep\n|turn|29\n|\n|t:|1783799942\n|switch|p1a: Hydreigon|Hydreigon, F|88/100\n|move|p2a: Luigi|Poison Jab|p1a: Hydreigon\n|-crit|p1a: Hydreigon\n|-damage|p1a: Hydreigon|47/100\n|\n|-heal|p2a: Luigi|82/100 tox|[from] ability: Poison Heal\n|upkeep\n|turn|30\n|inactive|Precise_pocket has 120 seconds left.\n|\n|t:|1783799953\n|move|p1a: Hydreigon|Flash Cannon|p2a: Luigi\n|-end|p2a: Luigi|Substitute\n|move|p2a: Luigi|Poison Jab|p1a: Hydreigon\n|-damage|p1a: Hydreigon|20/100\n|\n|-heal|p2a: Luigi|95/100 tox|[from] ability: Poison Heal\n|upkeep\n|turn|31\n|inactive|Precise_pocket has 120 seconds left.\n|\n|t:|1783799967\n|switch|p1a: Great Tusk|Great Tusk|45/100\n|switch|p2a: Bronzong|Bronzong|100/100\n|-damage|p2a: Bronzong|94/100|[from] Stealth Rock\n|\n|-heal|p2a: Bronzong|100/100|[from] item: Leftovers\n|upkeep\n|turn|32\n|inactive|Precise_pocket has 120 seconds left.\n|\n|t:|1783799977\n|move|p1a: Great Tusk|Knock Off|p2a: Bronzong\n|-supereffective|p2a: Bronzong\n|-damage|p2a: Bronzong|58/100\n|-enditem|p2a: Bronzong|Leftovers|[from] move: Knock Off|[of] p1a: Great Tusk\n|move|p2a: Bronzong|Psychic Noise|p1a: Great Tusk\n|-supereffective|p1a: Great Tusk\n|-damage|p1a: Great Tusk|0 fnt\n|faint|p1a: Great Tusk\n|-end|p1a: Great Tusk|Protosynthesis|[silent]\n|\n|upkeep\n|\n|t:|1783799999\n|switch|p1a: Zapdos|Zapdos, shiny|88/100\n|turn|33\n|\n|t:|1783800006\n|-terastallize|p2a: Bronzong|Ground\n|move|p1a: Zapdos|Heat Wave|p2a: Bronzong\n|-damage|p2a: Bronzong|36/100\n|move|p2a: Bronzong|Stealth Rock|p1a: Zapdos\n|-sidestart|p1: Precise_pocket|move: Stealth Rock\n|\n|-heal|p1a: Zapdos|94/100|[from] item: Leftovers\n|upkeep\n|turn|34\n|\n|t:|1783800019\n|move|p1a: Zapdos|Heat Wave|p2a: Bronzong\n|-damage|p2a: Bronzong|13/100\n|move|p2a: Bronzong|Body Press|p1a: Zapdos\n|-resisted|p1a: Zapdos\n|-damage|p1a: Zapdos|84/100\n|-status|p2a: Bronzong|par|[from] ability: Static|[of] p1a: Zapdos\n|\n|-heal|p1a: Zapdos|90/100|[from] item: Leftovers\n|upkeep\n|turn|35\n|\n|t:|1783800028\n|move|p1a: Zapdos|Heat Wave|p2a: Bronzong\n|-damage|p2a: Bronzong|0 fnt\n|faint|p2a: Bronzong\n|\n|-heal|p1a: Zapdos|96/100|[from] item: Leftovers\n|upkeep\n|\n|t:|1783800048\n|switch|p2a: Alomomola|Alomomola, F|93/100\n|turn|36\n|\n|t:|1783800052\n|move|p1a: Zapdos|Thunder Wave|p2a: Alomomola\n|-status|p2a: Alomomola|par\n|move|p2a: Alomomola|Wish|p2a: Alomomola\n|\n|-heal|p1a: Zapdos|100/100|[from] item: Leftovers\n|upkeep\n|turn|37\n|\n|t:|1783800062\n|switch|p2a: Gardevoir|Gardevoir, F|28/100 psn\n|-ability|p2a: Gardevoir|Static|Trace|[from] ability: Trace|[of] p1a: Zapdos\n|move|p1a: Zapdos|Volt Switch|p2a: Gardevoir\n|-damage|p2a: Gardevoir|0 fnt\n|faint|p2a: Gardevoir\n|\n|t:|1783800074\n|switch|p1a: Hydreigon|Hydreigon, F|20/100|[from] Volt Switch\n|-damage|p1a: Hydreigon|8/100|[from] Stealth Rock\n|\n|upkeep\n|\n|t:|1783800082\n|switch|p2a: Alomomola|Alomomola, F|100/100 par\n|turn|38\n|\n|t:|1783800088\n|move|p2a: Alomomola|Protect|p2a: Alomomola\n|-singleturn|p2a: Alomomola|Protect\n|move|p1a: Hydreigon|Draco Meteor|p2a: Alomomola\n|-activate|p2a: Alomomola|move: Protect\n|\n|upkeep\n|turn|39\n|\n|t:|1783800095\n|move|p1a: Hydreigon|Draco Meteor|p2a: Alomomola\n|-damage|p2a: Alomomola|49/100 par\n|-unboost|p1a: Hydreigon|spa|2\n|move|p2a: Alomomola|Flip Turn|p1a: Hydreigon\n|-resisted|p1a: Hydreigon\n|-damage|p1a: Hydreigon|0 fnt\n|faint|p1a: Hydreigon\n|\n|t:|1783800106\n|switch|p2a: Skeledirge|Skeledirge, M|100/100|[from] Flip Turn\n|\n|upkeep\n|\n|t:|1783800116\n|switch|p1a: Landorus|Landorus-Therian, M, shiny|56/100\n|-damage|p1a: Landorus|43/100|[from] Stealth Rock\n|-ability|p1a: Landorus|Intimidate|boost\n|-unboost|p2a: Skeledirge|atk|1\n|turn|40\n|\n|t:|1783800130\n|move|p2a: Skeledirge|Will-O-Wisp|p1a: Landorus\n|-status|p1a: Landorus|brn\n|move|p1a: Landorus|Earthquake|p2a: Skeledirge\n|-supereffective|p2a: Skeledirge\n|-damage|p2a: Skeledirge|58/100\n|\n|-heal|p1a: Landorus|49/100 brn|[from] item: Leftovers\n|-damage|p1a: Landorus|43/100 brn|[from] brn\n|upkeep\n|turn|41\n|\n|t:|1783800140\n|move|p2a: Skeledirge|Slack Off|p2a: Skeledirge\n|-heal|p2a: Skeledirge|100/100\n|move|p1a: Landorus|Earthquake|p2a: Skeledirge\n|-supereffective|p2a: Skeledirge\n|-damage|p2a: Skeledirge|54/100\n|\n|-heal|p1a: Landorus|49/100 brn|[from] item: Leftovers\n|-damage|p1a: Landorus|43/100 brn|[from] brn\n|upkeep\n|turn|42\n|\n|t:|1783800148\n|move|p2a: Skeledirge|Slack Off|p2a: Skeledirge\n|-heal|p2a: Skeledirge|100/100\n|move|p1a: Landorus|Earthquake|p2a: Skeledirge\n|-supereffective|p2a: Skeledirge\n|-damage|p2a: Skeledirge|57/100\n|\n|-heal|p1a: Landorus|49/100 brn|[from] item: Leftovers\n|-damage|p1a: Landorus|43/100 brn|[from] brn\n|upkeep\n|turn|43\n|\n|t:|1783800157\n|switch|p2a: Luigi|Breloom, M|95/100 tox\n|-damage|p2a: Luigi|89/100 tox|[from] Stealth Rock\n|move|p1a: Landorus|Earthquake|p2a: Luigi\n|-resisted|p2a: Luigi\n|-damage|p2a: Luigi|77/100 tox\n|\n|-heal|p1a: Landorus|49/100 brn|[from] item: Leftovers\n|-heal|p2a: Luigi|89/100 tox|[from] ability: Poison Heal\n|-damage|p1a: Landorus|43/100 brn|[from] brn\n|upkeep\n|turn|44\n|\n|t:|1783800170\n|move|p2a: Luigi|Substitute|p2a: Luigi\n|-start|p2a: Luigi|Substitute\n|-damage|p2a: Luigi|64/100 tox\n|move|p1a: Landorus|Taunt|p2a: Luigi\n|-start|p2a: Luigi|move: Taunt\n|\n|-heal|p1a: Landorus|49/100 brn|[from] item: Leftovers\n|-heal|p2a: Luigi|77/100 tox|[from] ability: Poison Heal\n|-damage|p1a: Landorus|43/100 brn|[from] brn\n|upkeep\n|turn|45\n|\n|t:|1783800180\n|switch|p1a: Zapdos|Zapdos, shiny|100/100\n|-damage|p1a: Zapdos|76/100|[from] Stealth Rock\n|move|p2a: Luigi|Poison Jab|p1a: Zapdos\n|-damage|p1a: Zapdos|61/100\n|-status|p1a: Zapdos|psn\n|\n|-heal|p1a: Zapdos|67/100 psn|[from] item: Leftovers\n|-damage|p1a: Zapdos|54/100 psn|[from] psn\n|-heal|p2a: Luigi|89/100 tox|[from] ability: Poison Heal\n|upkeep\n|turn|46\n|\n|t:|1783800196\n|move|p1a: Zapdos|Heat Wave|p2a: Luigi\n|-supereffective|p2a: Luigi\n|-end|p2a: Luigi|Substitute\n|move|p2a: Luigi|Poison Jab|p1a: Zapdos\n|-damage|p1a: Zapdos|39/100 psn\n|\n|-heal|p1a: Zapdos|45/100 psn|[from] item: Leftovers\n|-damage|p1a: Zapdos|33/100 psn|[from] psn\n|-heal|p2a: Luigi|100/100 tox|[from] ability: Poison Heal\n|upkeep\n|turn|47\n|\n|t:|1783800211\n|switch|p2a: Alomomola|Alomomola, F|83/100 par\n|move|p1a: Zapdos|Roost|p1a: Zapdos\n|-heal|p1a: Zapdos|83/100 psn\n|-singleturn|p1a: Zapdos|move: Roost\n|\n|-heal|p1a: Zapdos|89/100 psn|[from] item: Leftovers\n|-damage|p1a: Zapdos|76/100 psn|[from] psn\n|upkeep\n|turn|48\n|\n|t:|1783800226\n|move|p1a: Zapdos|Volt Switch|p2a: Alomomola\n|-supereffective|p2a: Alomomola\n|-crit|p2a: Alomomola\n|-damage|p2a: Alomomola|15/100 par\n|\n|t:|1783800231\n|switch|p1a: Ogerpon|Ogerpon-Wellspring-Tera, F, tera:Water|16/100|[from] Volt Switch\n|-damage|p1a: Ogerpon|4/100|[from] Stealth Rock\n|-ability|p1a: Ogerpon|Embody Aspect (Wellspring)|boost\n|-boost|p1a: Ogerpon|spd|1\n|move|p2a: Alomomola|Flip Turn|p1a: Ogerpon\n|-resisted|p1a: Ogerpon\n|-damage|p1a: Ogerpon|0 fnt\n|faint|p1a: Ogerpon\n|detailschange|p1: Ogerpon|Ogerpon-Wellspring, F|[silent]\n|\n|t:|1783800249\n|switch|p2a: Skeledirge|Skeledirge, M|57/100|[from] Flip Turn\n|\n|upkeep\n|\n|t:|1783800254\n|switch|p1a: Landorus|Landorus-Therian, M, shiny|43/100 brn\n|-damage|p1a: Landorus|31/100 brn|[from] Stealth Rock\n|-ability|p1a: Landorus|Intimidate|boost\n|-unboost|p2a: Skeledirge|atk|1\n|turn|49\n|\n|t:|1783800266\n|move|p2a: Skeledirge|Slack Off|p2a: Skeledirge\n|-heal|p2a: Skeledirge|100/100\n|move|p1a: Landorus|Earthquake|p2a: Skeledirge\n|-supereffective|p2a: Skeledirge\n|-damage|p2a: Skeledirge|54/100\n|\n|-heal|p1a: Landorus|37/100 brn|[from] item: Leftovers\n|-damage|p1a: Landorus|31/100 brn|[from] brn\n|upkeep\n|turn|50\n|\n|t:|1783800275\n|switch|p2a: Luigi|Breloom, M|100/100 tox\n|-damage|p2a: Luigi|94/100 tox|[from] Stealth Rock\n|move|p1a: Landorus|Earthquake|p2a: Luigi\n|-resisted|p2a: Luigi\n|-damage|p2a: Luigi|83/100 tox\n|\n|-heal|p1a: Landorus|37/100 brn|[from] item: Leftovers\n|-heal|p2a: Luigi|96/100 tox|[from] ability: Poison Heal\n|-damage|p1a: Landorus|31/100 brn|[from] brn\n|upkeep\n|turn|51\n|\n|t:|1783800288\n|move|p2a: Luigi|Substitute|p2a: Luigi\n|-start|p2a: Luigi|Substitute\n|-damage|p2a: Luigi|71/100 tox\n|move|p1a: Landorus|Taunt|p2a: Luigi\n|-start|p2a: Luigi|move: Taunt\n|\n|-heal|p1a: Landorus|37/100 brn|[from] item: Leftovers\n|-heal|p2a: Luigi|83/100 tox|[from] ability: Poison Heal\n|-damage|p1a: Landorus|31/100 brn|[from] brn\n|upkeep\n|turn|52\n|\n|t:|1783800311\n|move|p2a: Luigi|Poison Jab|p1a: Landorus\n|-resisted|p1a: Landorus\n|-damage|p1a: Landorus|21/100 brn\n|move|p1a: Landorus|Earthquake|p2a: Luigi\n|-resisted|p2a: Luigi\n|-activate|p2a: Luigi|move: Substitute|[damage]\n|\n|-heal|p1a: Landorus|27/100 brn|[from] item: Leftovers\n|-heal|p2a: Luigi|96/100 tox|[from] ability: Poison Heal\n|-damage|p1a: Landorus|21/100 brn|[from] brn\n|upkeep\n|turn|53\n|\n|t:|1783800321\n|move|p2a: Luigi|Poison Jab|p1a: Landorus\n|-resisted|p1a: Landorus\n|-damage|p1a: Landorus|9/100 brn\n|move|p1a: Landorus|U-turn|p2a: Luigi\n|-activate|p2a: Luigi|move: Substitute|[damage]\n|\n|t:|1783800328\n|switch|p1a: Zapdos|Zapdos, shiny|76/100 psn|[from] U-turn\n|-damage|p1a: Zapdos|52/100 psn|[from] Stealth Rock\n|\n|-heal|p1a: Zapdos|58/100 psn|[from] item: Leftovers\n|-damage|p1a: Zapdos|45/100 psn|[from] psn\n|-heal|p2a: Luigi|100/100 tox|[from] ability: Poison Heal\n|upkeep\n|turn|54\n|\n|t:|1783800335\n|move|p1a: Zapdos|Roost|p1a: Zapdos\n|-heal|p1a: Zapdos|96/100 psn\n|-singleturn|p1a: Zapdos|move: Roost\n|move|p2a: Luigi|Poison Jab|p1a: Zapdos\n|-damage|p1a: Zapdos|78/100 psn\n|\n|-heal|p1a: Zapdos|84/100 psn|[from] item: Leftovers\n|-damage|p1a: Zapdos|72/100 psn|[from] psn\n|-end|p2a: Luigi|move: Taunt\n|upkeep\n|turn|55\n|-message|Precise_pocket forfeited.\n|\n|win|YagoXiten\n|raw|Precise_pocket's rating: 1223 &rarr; <strong>1199</strong><br />(-24 for losing)\n|raw|YagoXiten's rating: 1240 &rarr; <strong>1264</strong><br />(+24 for winning)\n|l|☆Precise_pocket\n|player|p1|\n|l|☆YagoXiten\n|player|p2|\n", "uploadtime": 1783800745, "views": 7, "formatid": "gen9ou", "rating": 1199, "private": 0, "password": null}