{"id": "gen9ou-2647774208", "format": "[Gen 9] OU", "players": ["Halo144p", "TsekaiAndIncognito"], "log": "|j|☆Halo144p\n|j|☆TsekaiAndIncognito\n|t:|1783810274\n|gametype|singles\n|player|p1|Halo144p|ariana|1261\n|player|p2|TsekaiAndIncognito|101|1231\n|gen|9\n|tier|[Gen 9] OU\n|rated|\n|rule|HP Percentage Mod: HP is shown in percentages\n|rule|Endless Battle Clause: Forcing endless battles is banned\n|rule|Species Clause: Limit one of each Pokémon\n|rule|OHKO Clause: OHKO moves are banned\n|rule|Evasion Items Clause: Evasion items are banned\n|rule|Evasion Moves Clause: Evasion moves are banned\n|rule|Evasion Abilities Clause: Evasion abilities are banned\n|rule|Sleep Moves Clause: Sleep-inducing moves are banned\n|clearpoke\n|poke|p1|Kleavor, M|\n|poke|p1|Iron Valiant|\n|poke|p1|Heracross, M|\n|poke|p1|Samurott-Hisui, M|\n|poke|p1|Greninja-*, F|\n|poke|p1|Latios, M|\n|poke|p2|Heatran, M|\n|poke|p2|Iron Hands|\n|poke|p2|Kingambit, F|\n|poke|p2|Dragapult, M|\n|poke|p2|Hoopa-Unbound|\n|poke|p2|Zapdos|\n|teampreview\n|inactive|Battle timer is ON: inactive players will automatically lose when time's up. (requested by TsekaiAndIncognito)\n|\n|t:|1783810285\n|teamsize|p1|6\n|teamsize|p2|6\n|start\n|switch|p1a: Kleavor|Kleavor, M|100/100\n|switch|p2a: Hoopa|Hoopa-Unbound|100/100\n|-item|p1a: Kleavor|Air Balloon\n|turn|1\n|\n|t:|1783810289\n|move|p1a: Kleavor|X-Scissor|p2a: Hoopa\n|-supereffective|p2a: Hoopa\n|-damage|p2a: Hoopa|0 fnt\n|faint|p2a: Hoopa\n|\n|upkeep\n|\n|t:|1783810299\n|switch|p2a: Dragapult|Dragapult, M|100/100\n|turn|2\n|\n|t:|1783810302\n|move|p2a: Dragapult|Draco Meteor|p1a: Kleavor|[miss]\n|-miss|p2a: Dragapult|p1a: Kleavor\n|move|p1a: Kleavor|Stone Axe|p2a: Dragapult\n|-damage|p2a: Dragapult|31/100\n|-sidestart|p2: TsekaiAndIncognito|move: Stealth Rock\n|\n|upkeep\n|turn|3\n|\n|t:|1783810308\n|move|p2a: Dragapult|Draco Meteor|p1a: Kleavor\n|-damage|p1a: Kleavor|0 fnt\n|-unboost|p2a: Dragapult|spa|2\n|-enditem|p1a: Kleavor|Air Balloon\n|faint|p1a: Kleavor\n|\n|upkeep\n|\n|t:|1783810312\n|switch|p1a: Samurott|Samurott-Hisui, M|100/100\n|turn|4\n|\n|t:|1783810315\n|switch|p2a: Zapdos|Zapdos|100/100\n|-damage|p2a: Zapdos|76/100|[from] Stealth Rock\n|move|p1a: Samurott|Flip Turn|p2a: Zapdos\n|-damage|p2a: Zapdos|57/100\n|-damage|p1a: Samurott|84/100|[from] item: Rocky Helmet|[of] p2a: Zapdos\n|\n|t:|1783810322\n|switch|p1a: Heracross|Heracross, M|100/100|[from] Flip Turn\n|\n|-status|p1a: Heracross|brn|[from] item: Flame Orb\n|upkeep\n|turn|5\n|\n|t:|1783810328\n|move|p1a: Heracross|Knock Off|p2a: Zapdos\n|-damage|p2a: Zapdos|24/100\n|-damage|p1a: Heracross|84/100 brn|[from] item: Rocky Helmet|[of] p2a: Zapdos\n|-enditem|p2a: Zapdos|Rocky Helmet|[from] move: Knock Off|[of] p1a: Heracross\n|move|p2a: Zapdos|Hurricane|p1a: Heracross\n|-supereffective|p1a: Heracross\n|-damage|p1a: Heracross|0 fnt\n|faint|p1a: Heracross\n|\n|upkeep\n|\n|t:|1783810337\n|switch|p1a: Samurott|Samurott-Hisui, M|84/100\n|turn|6\n|\n|t:|1783810343\n|move|p1a: Samurott|Ceaseless Edge|p2a: Zapdos\n|-damage|p2a: Zapdos|1/100\n|-sidestart|p2: TsekaiAndIncognito|Spikes\n|move|p2a: Zapdos|Discharge|p1a: Samurott\n|-supereffective|p1a: Samurott\n|-damage|p1a: Samurott|0 fnt\n|faint|p1a: Samurott\n|\n|upkeep\n|\n|t:|1783810351\n|switch|p1a: Latios|Latios, M|100/100\n|turn|7\n|\n|t:|1783810354\n|move|p1a: Latios|Ice Beam|p2a: Zapdos\n|-supereffective|p2a: Zapdos\n|-damage|p2a: Zapdos|0 fnt\n|faint|p2a: Zapdos\n|-damage|p1a: Latios|91/100|[from] item: Life Orb\n|\n|upkeep\n|\n|t:|1783810360\n|switch|p2a: Kingambit|Kingambit, F|100/100\n|-damage|p2a: Kingambit|94/100|[from] Stealth Rock\n|-damage|p2a: Kingambit|82/100|[from] Spikes\n|-activate|p2a: Kingambit|ability: Supreme Overlord\n|-start|p2a: Kingambit|fallen2|[silent]\n|turn|8\n|\n|t:|1783810365\n|-end|p2a: Kingambit|fallen2|[silent]\n|switch|p2a: Dragapult|Dragapult, M|31/100\n|-damage|p2a: Dragapult|19/100|[from] Stealth Rock\n|-damage|p2a: Dragapult|7/100|[from] Spikes\n|move|p1a: Latios|Flip Turn|p2a: Dragapult\n|-resisted|p2a: Dragapult\n|-crit|p2a: Dragapult\n|-damage|p2a: Dragapult|0 fnt\n|faint|p2a: Dragapult\n|-damage|p1a: Latios|81/100|[from] item: Life Orb\n|\n|t:|1783810374\n|switch|p1a: Greninja|Greninja, F, shiny|100/100|[from] Flip Turn\n|\n|upkeep\n|\n|t:|1783810378\n|switch|p2a: Iron Hands|Iron Hands|100/100\n|-damage|p2a: Iron Hands|94/100|[from] Stealth Rock\n|-damage|p2a: Iron Hands|82/100|[from] Spikes\n|-enditem|p2a: Iron Hands|Booster Energy\n|-activate|p2a: Iron Hands|ability: Quark Drive|[fromitem]\n|-start|p2a: Iron Hands|quarkdriveatk\n|turn|9\n|\n|t:|1783810383\n|move|p1a: Greninja|Sludge Wave|p2a: Iron Hands\n|-start|p1a: Greninja|typechange|Poison|[from] ability: Protean\n|-damage|p2a: Iron Hands|38/100\n|-damage|p1a: Greninja|91/100|[from] item: Life Orb\n|move|p2a: Iron Hands|Drain Punch|p1a: Greninja\n|-resisted|p1a: Greninja\n|-damage|p1a: Greninja|45/100\n|-heal|p2a: Iron Hands|52/100|[from] drain|[of] p1a: Greninja\n|\n|upkeep\n|turn|10\n|\n|t:|1783810390\n|move|p1a: Greninja|Sludge Wave|p2a: Iron Hands\n|-damage|p2a: Iron Hands|5/100\n|-damage|p1a: Greninja|35/100|[from] item: Life Orb\n|move|p2a: Iron Hands|Supercell Slam|p1a: Greninja\n|-damage|p1a: Greninja|0 fnt\n|faint|p1a: Greninja\n|\n|upkeep\n|\n|t:|1783810396\n|switch|p1a: Latios|Latios, M|81/100\n|turn|11\n|\n|t:|1783810403\n|move|p1a: Latios|Ice Beam|p2a: Iron Hands\n|-damage|p2a: Iron Hands|0 fnt\n|faint|p2a: Iron Hands\n|-end|p2a: Iron Hands|Quark Drive|[silent]\n|-damage|p1a: Latios|71/100|[from] item: Life Orb\n|\n|upkeep\n|\n|t:|1783810406\n|switch|p2a: Heatran|Heatran, M|100/100\n|-damage|p2a: Heatran|88/100|[from] Stealth Rock\n|-damage|p2a: Heatran|76/100|[from] Spikes\n|turn|12\n|\n|t:|1783810410\n|move|p1a: Latios|Draco Meteor|p2a: Heatran\n|-resisted|p2a: Heatran\n|-damage|p2a: Heatran|29/100\n|-unboost|p1a: Latios|spa|2\n|-damage|p1a: Latios|61/100|[from] item: Life Orb\n|move|p2a: Heatran|Dragon Pulse|p1a: Latios\n|-supereffective|p1a: Latios\n|-damage|p1a: Latios|0 fnt\n|faint|p1a: Latios\n|\n|upkeep\n|\n|t:|1783810417\n|switch|p1a: Iron Valiant|Iron Valiant|100/100\n|-enditem|p1a: Iron Valiant|Booster Energy\n|-activate|p1a: Iron Valiant|ability: Quark Drive|[fromitem]\n|-start|p1a: Iron Valiant|quarkdrivespe\n|turn|13\n|\n|t:|1783810418\n|move|p1a: Iron Valiant|Aura Sphere|p2a: Heatran\n|-supereffective|p2a: Heatran\n|-damage|p2a: Heatran|0 fnt\n|faint|p2a: Heatran\n|\n|upkeep\n|\n|t:|1783810420\n|switch|p2a: Kingambit|Kingambit, F|82/100\n|-damage|p2a: Kingambit|76/100|[from] Stealth Rock\n|-damage|p2a: Kingambit|64/100|[from] Spikes\n|-activate|p2a: Kingambit|ability: Supreme Overlord\n|-start|p2a: Kingambit|fallen5|[silent]\n|turn|14\n|\n|t:|1783810426\n|-terastallize|p1a: Iron Valiant|Dark\n|move|p1a: Iron Valiant|Moonblast|p2a: Kingambit\n|-damage|p2a: Kingambit|7/100\n|move|p2a: Kingambit|Iron Head|p1a: Iron Valiant\n|-damage|p1a: Iron Valiant|12/100\n|\n|upkeep\n|turn|15\n|inactive|TsekaiAndIncognito has 120 seconds left.\n|\n|t:|1783810463\n|-terastallize|p2a: Kingambit|Dark\n|move|p1a: Iron Valiant|Moonblast|p2a: Kingambit\n|-supereffective|p2a: Kingambit\n|-crit|p2a: Kingambit\n|-damage|p2a: Kingambit|0 fnt\n|faint|p2a: Kingambit\n|-end|p2a: Kingambit|fallen5|[silent]\n|\n|win|Halo144p\n|raw|Halo144p's rating: 1261 &rarr; <strong>1284</strong><br />(+23 for winning)\n|raw|TsekaiAndIncognito's rating: 1231 &rarr; <strong>1208</strong><br />(-23 for losing)\n|l|☆Halo144p\n|player|p1|\n|l|☆TsekaiAndIncognito\n|player|p2|\n", "uploadtime": 1783810793, "views": 3, "formatid": "gen9ou", "rating": 1208, "private": 0, "password": null}