{"id": "gen9ou-2647822109", "format": "[Gen 9] OU", "players": ["sir.doff", "Breezy55"], "log": "|j|☆sir.doff\n|j|☆Breezy55\n|t:|1783818648\n|gametype|singles\n|player|p1|sir.doff|gentleman-gen4|1301\n|player|p2|Breezy55|169|1362\n|gen|9\n|tier|[Gen 9] OU\n|rated|\n|rule|HP Percentage Mod: HP is shown in percentages\n|rule|Endless Battle Clause: Forcing endless battles is banned\n|rule|Species Clause: Limit one of each Pokémon\n|rule|OHKO Clause: OHKO moves are banned\n|rule|Evasion Items Clause: Evasion items are banned\n|rule|Evasion Moves Clause: Evasion moves are banned\n|rule|Evasion Abilities Clause: Evasion abilities are banned\n|rule|Sleep Moves Clause: Sleep-inducing moves are banned\n|clearpoke\n|poke|p1|Pelipper, F|\n|poke|p1|Ludicolo, M|\n|poke|p1|Barraskewda, M|\n|poke|p1|Raging Bolt|\n|poke|p1|Iron Treads|\n|poke|p1|Overqwil, M|\n|poke|p2|Hitmonchan, M|\n|poke|p2|Jirachi|\n|poke|p2|Enamorus, F|\n|poke|p2|Mamoswine, F|\n|poke|p2|Dragapult, M|\n|poke|p2|Kingambit, M|\n|teampreview\n|\n|t:|1783818656\n|teamsize|p1|6\n|teamsize|p2|6\n|start\n|switch|p1a: Bocona|Pelipper, F|100/100\n|switch|p2a: Jirachi|Jirachi|100/100\n|-weather|RainDance|[from] ability: Drizzle|[of] p1a: Bocona\n|turn|1\n|\n|t:|1783818664\n|move|p2a: Jirachi|Meteor Mash|p1a: Bocona\n|-resisted|p1a: Bocona\n|-damage|p1a: Bocona|85/100\n|move|p1a: Bocona|Hurricane|p2a: Jirachi\n|-resisted|p2a: Jirachi\n|-damage|p2a: Jirachi|83/100\n|\n|-weather|RainDance|[upkeep]\n|upkeep\n|turn|2\n|\n|t:|1783818673\n|move|p2a: Jirachi|Ice Punch|p1a: Bocona\n|-damage|p1a: Bocona|67/100\n|move|p1a: Bocona|Surf|p2a: Jirachi\n|-damage|p2a: Jirachi|41/100\n|\n|-weather|RainDance|[upkeep]\n|upkeep\n|turn|3\n|\n|t:|1783818679\n|move|p2a: Jirachi|Ice Punch|p1a: Bocona\n|-damage|p1a: Bocona|49/100\n|move|p1a: Bocona|Surf|p2a: Jirachi\n|-damage|p2a: Jirachi|0 fnt\n|faint|p2a: Jirachi\n|\n|-weather|RainDance|[upkeep]\n|upkeep\n|\n|t:|1783818685\n|switch|p2a: Enamorus|Enamorus, F|100/100\n|turn|4\n|\n|t:|1783818691\n|switch|p1a: Thor|Raging Bolt|100/100\n|-enditem|p1a: Thor|Booster Energy\n|-activate|p1a: Thor|ability: Protosynthesis|[fromitem]\n|-start|p1a: Thor|protosynthesisspa\n|move|p2a: Enamorus|Moonblast|p1a: Thor\n|-supereffective|p1a: Thor\n|-damage|p1a: Thor|1/100\n|\n|-weather|RainDance|[upkeep]\n|upkeep\n|turn|5\n|\n|t:|1783818699\n|switch|p2a: Mamoswine|Mamoswine, F|100/100\n|move|p1a: Thor|Thunderclap||[still]\n|-fail|p1a: Thor\n|\n|-weather|RainDance|[upkeep]\n|upkeep\n|turn|6\n|\n|t:|1783818706\n|-end|p1a: Thor|Protosynthesis|[silent]\n|switch|p1a: Overqwil|Overqwil, M|100/100\n|move|p2a: Mamoswine|Stealth Rock|p1a: Overqwil\n|-sidestart|p1: sir.doff|move: Stealth Rock\n|\n|-weather|RainDance|[upkeep]\n|upkeep\n|turn|7\n|\n|t:|1783818716\n|switch|p2a: Dragapult|Dragapult, M|100/100\n|-terastallize|p1a: Overqwil|Water\n|move|p1a: Overqwil|Swords Dance|p1a: Overqwil\n|-boost|p1a: Overqwil|atk|2\n|\n|-weather|RainDance|[upkeep]\n|upkeep\n|turn|8\n|\n|t:|1783818724\n|move|p1a: Overqwil|Crunch|p2a: Dragapult\n|-supereffective|p2a: Dragapult\n|-damage|p2a: Dragapult|0 fnt\n|faint|p2a: Dragapult\n|\n|-weather|none\n|upkeep\n|\n|t:|1783818729\n|switch|p2a: Enamorus|Enamorus, F|100/100\n|turn|9\n|\n|t:|1783818733\n|move|p2a: Enamorus|Moonblast|p1a: Overqwil\n|-damage|p1a: Overqwil|10/100\n|move|p1a: Overqwil|Gunk Shot|p2a: Enamorus|[miss]\n|-miss|p1a: Overqwil|p2a: Enamorus\n|\n|upkeep\n|turn|10\n|\n|t:|1783818739\n|move|p2a: Enamorus|Moonblast|p1a: Overqwil\n|-damage|p1a: Overqwil|0 fnt\n|faint|p1a: Overqwil\n|\n|upkeep\n|\n|t:|1783818742\n|switch|p1a: Bocona|Pelipper, F|49/100\n|-damage|p1a: Bocona|25/100|[from] Stealth Rock\n|-weather|RainDance|[from] ability: Drizzle|[of] p1a: Bocona\n|turn|11\n|\n|t:|1783818748\n|move|p2a: Enamorus|Moonblast|p1a: Bocona\n|-damage|p1a: Bocona|0 fnt\n|faint|p1a: Bocona\n|\n|-weather|RainDance|[upkeep]\n|upkeep\n|\n|t:|1783818752\n|switch|p1a: Defante|Iron Treads|100/100\n|-damage|p1a: Defante|97/100|[from] Stealth Rock\n|turn|12\n|\n|t:|1783818757\n|switch|p2a: Mamoswine|Mamoswine, F|100/100\n|move|p1a: Defante|Rapid Spin|p2a: Mamoswine\n|-damage|p2a: Mamoswine|85/100\n|-boost|p1a: Defante|spe|1\n|-sideend|p1: sir.doff|Stealth Rock|[from] move: Rapid Spin|[of] p1a: Defante\n|\n|-weather|RainDance|[upkeep]\n|-heal|p1a: Defante|100/100|[from] item: Leftovers\n|upkeep\n|turn|13\n|\n|t:|1783818765\n|move|p1a: Defante|Stealth Rock|p2a: Mamoswine\n|-sidestart|p2: Breezy55|move: Stealth Rock\n|move|p2a: Mamoswine|Earthquake|p1a: Defante\n|-supereffective|p1a: Defante\n|-damage|p1a: Defante|33/100\n|\n|-weather|RainDance|[upkeep]\n|-heal|p1a: Defante|40/100|[from] item: Leftovers\n|upkeep\n|turn|14\n|\n|t:|1783818772\n|move|p1a: Defante|Earthquake|p2a: Mamoswine\n|-damage|p2a: Mamoswine|45/100\n|move|p2a: Mamoswine|Stealth Rock|p1a: Defante\n|-sidestart|p1: sir.doff|move: Stealth Rock\n|\n|-weather|RainDance|[upkeep]\n|-heal|p1a: Defante|46/100|[from] item: Leftovers\n|upkeep\n|turn|15\n|\n|t:|1783818783\n|move|p1a: Defante|Rapid Spin|p2a: Mamoswine\n|-damage|p2a: Mamoswine|32/100\n|-boost|p1a: Defante|spe|1\n|-sideend|p1: sir.doff|Stealth Rock|[from] move: Rapid Spin|[of] p1a: Defante\n|move|p2a: Mamoswine|Stealth Rock|p1a: Defante\n|-sidestart|p1: sir.doff|move: Stealth Rock\n|\n|-weather|RainDance|[upkeep]\n|-heal|p1a: Defante|52/100|[from] item: Leftovers\n|upkeep\n|turn|16\n|\n|t:|1783818790\n|move|p1a: Defante|Rapid Spin|p2a: Mamoswine\n|-damage|p2a: Mamoswine|16/100\n|-boost|p1a: Defante|spe|1\n|-sideend|p1: sir.doff|Stealth Rock|[from] move: Rapid Spin|[of] p1a: Defante\n|move|p2a: Mamoswine|Stealth Rock|p1a: Defante\n|-sidestart|p1: sir.doff|move: Stealth Rock\n|\n|-weather|RainDance|[upkeep]\n|-heal|p1a: Defante|58/100|[from] item: Leftovers\n|upkeep\n|turn|17\n|\n|t:|1783818798\n|move|p1a: Defante|Rapid Spin|p2a: Mamoswine\n|-damage|p2a: Mamoswine|3/100\n|-boost|p1a: Defante|spe|1\n|-sideend|p1: sir.doff|Stealth Rock|[from] move: Rapid Spin|[of] p1a: Defante\n|move|p2a: Mamoswine|Stealth Rock|p1a: Defante\n|-sidestart|p1: sir.doff|move: Stealth Rock\n|\n|-weather|RainDance|[upkeep]\n|-heal|p1a: Defante|65/100|[from] item: Leftovers\n|upkeep\n|turn|18\n|inactive|Battle timer is ON: inactive players will automatically lose when time's up. (requested by sir.doff)\n|\n|t:|1783818805\n|move|p2a: Mamoswine|Ice Shard|p1a: Defante\n|-damage|p1a: Defante|50/100\n|move|p1a: Defante|Rapid Spin|p2a: Mamoswine\n|-damage|p2a: Mamoswine|0 fnt\n|-boost|p1a: Defante|spe|1\n|-sideend|p1: sir.doff|Stealth Rock|[from] move: Rapid Spin|[of] p1a: Defante\n|faint|p2a: Mamoswine\n|\n|-weather|none\n|-heal|p1a: Defante|56/100|[from] item: Leftovers\n|upkeep\n|\n|t:|1783818814\n|switch|p2a: Hitmonchan|Hitmonchan, M|100/100\n|-damage|p2a: Hitmonchan|95/100|[from] Stealth Rock\n|turn|19\n|\n|t:|1783818819\n|move|p1a: Defante|Earthquake|p2a: Hitmonchan\n|-damage|p2a: Hitmonchan|56/100\n|move|p2a: Hitmonchan|Rapid Spin|p1a: Defante\n|-resisted|p1a: Defante\n|-damage|p1a: Defante|51/100\n|-boost|p2a: Hitmonchan|spe|1\n|-sideend|p2: Breezy55|Stealth Rock|[from] move: Rapid Spin|[of] p2a: Hitmonchan\n|\n|-heal|p1a: Defante|58/100|[from] item: Leftovers\n|-heal|p2a: Hitmonchan|62/100|[from] item: Leftovers\n|upkeep\n|turn|20\n|\n|t:|1783818828\n|move|p1a: Defante|Stealth Rock|p2a: Hitmonchan\n|-sidestart|p2: Breezy55|move: Stealth Rock\n|move|p2a: Hitmonchan|Drain Punch|p1a: Defante\n|-supereffective|p1a: Defante\n|-damage|p1a: Defante|3/100\n|-heal|p2a: Hitmonchan|97/100|[from] drain|[of] p1a: Defante\n|\n|-heal|p1a: Defante|9/100|[from] item: Leftovers\n|-heal|p2a: Hitmonchan|100/100|[from] item: Leftovers\n|upkeep\n|turn|21\n|\n|t:|1783818835\n|move|p1a: Defante|Earthquake|p2a: Hitmonchan\n|-damage|p2a: Hitmonchan|61/100\n|move|p2a: Hitmonchan|Rapid Spin|p1a: Defante\n|-resisted|p1a: Defante\n|-damage|p1a: Defante|4/100\n|-boost|p2a: Hitmonchan|spe|1\n|-sideend|p2: Breezy55|Stealth Rock|[from] move: Rapid Spin|[of] p2a: Hitmonchan\n|\n|-heal|p1a: Defante|10/100|[from] item: Leftovers\n|-heal|p2a: Hitmonchan|67/100|[from] item: Leftovers\n|upkeep\n|turn|22\n|\n|t:|1783818844\n|move|p1a: Defante|Stealth Rock|p2a: Hitmonchan\n|-sidestart|p2: Breezy55|move: Stealth Rock\n|move|p2a: Hitmonchan|Rapid Spin|p1a: Defante\n|-resisted|p1a: Defante\n|-damage|p1a: Defante|5/100\n|-boost|p2a: Hitmonchan|spe|1\n|-sideend|p2: Breezy55|Stealth Rock|[from] move: Rapid Spin|[of] p2a: Hitmonchan\n|\n|-heal|p1a: Defante|12/100|[from] item: Leftovers\n|-heal|p2a: Hitmonchan|73/100|[from] item: Leftovers\n|upkeep\n|turn|23\n|\n|t:|1783818852\n|move|p1a: Defante|Earthquake|p2a: Hitmonchan\n|-damage|p2a: Hitmonchan|35/100\n|move|p2a: Hitmonchan|Rapid Spin|p1a: Defante\n|-resisted|p1a: Defante\n|-damage|p1a: Defante|6/100\n|-boost|p2a: Hitmonchan|spe|1\n|\n|-heal|p1a: Defante|12/100|[from] item: Leftovers\n|-heal|p2a: Hitmonchan|41/100|[from] item: Leftovers\n|upkeep\n|turn|24\n|\n|t:|1783818862\n|move|p1a: Defante|Stealth Rock|p2a: Hitmonchan\n|-sidestart|p2: Breezy55|move: Stealth Rock\n|move|p2a: Hitmonchan|Drain Punch|p1a: Defante\n|-supereffective|p1a: Defante\n|-damage|p1a: Defante|0 fnt\n|-heal|p2a: Hitmonchan|49/100|[from] drain|[of] p1a: Defante\n|faint|p1a: Defante\n|-end|p1a: Defante|Quark Drive|[silent]\n|\n|-heal|p2a: Hitmonchan|55/100|[from] item: Leftovers\n|upkeep\n|\n|t:|1783818866\n|switch|p1a: Tilápio|Barraskewda, M|100/100\n|turn|25\n|\n|t:|1783818872\n|move|p2a: Hitmonchan|Drain Punch|p1a: Tilápio\n|-damage|p1a: Tilápio|29/100\n|-heal|p2a: Hitmonchan|86/100|[from] drain|[of] p1a: Tilápio\n|move|p1a: Tilápio|Liquidation|p2a: Hitmonchan\n|-damage|p2a: Hitmonchan|24/100\n|\n|-heal|p2a: Hitmonchan|30/100|[from] item: Leftovers\n|upkeep\n|turn|26\n|\n|t:|1783818880\n|move|p1a: Tilápio|Aqua Jet|p2a: Hitmonchan\n|-damage|p2a: Hitmonchan|5/100\n|move|p2a: Hitmonchan|Drain Punch|p1a: Tilápio\n|-damage|p1a: Tilápio|0 fnt\n|-heal|p2a: Hitmonchan|17/100|[from] drain|[of] p1a: Tilápio\n|faint|p1a: Tilápio\n|\n|-heal|p2a: Hitmonchan|23/100|[from] item: Leftovers\n|upkeep\n|\n|t:|1783818885\n|switch|p1a: Thor|Raging Bolt|1/100\n|turn|27\n|\n|t:|1783818892\n|move|p1a: Thor|Thunderclap||[still]\n|-fail|p1a: Thor\n|move|p2a: Hitmonchan|Swords Dance|p2a: Hitmonchan\n|-boost|p2a: Hitmonchan|atk|2\n|\n|-heal|p2a: Hitmonchan|29/100|[from] item: Leftovers\n|upkeep\n|turn|28\n|\n|t:|1783818899\n|move|p1a: Thor|Thunderclap||[still]\n|-fail|p1a: Thor\n|move|p2a: Hitmonchan|Swords Dance|p2a: Hitmonchan\n|-boost|p2a: Hitmonchan|atk|2\n|\n|-heal|p2a: Hitmonchan|35/100|[from] item: Leftovers\n|upkeep\n|turn|29\n|\n|t:|1783818904\n|move|p2a: Hitmonchan|Swords Dance|p2a: Hitmonchan\n|-boost|p2a: Hitmonchan|atk|2\n|move|p1a: Thor|Thunderbolt|p2a: Hitmonchan\n|-damage|p2a: Hitmonchan|0 fnt\n|faint|p2a: Hitmonchan\n|\n|upkeep\n|\n|t:|1783818910\n|switch|p2a: Kingambit|Kingambit, M|100/100\n|-damage|p2a: Kingambit|94/100|[from] Stealth Rock\n|-activate|p2a: Kingambit|ability: Supreme Overlord\n|-start|p2a: Kingambit|fallen4|[silent]\n|turn|30\n|\n|t:|1783818915\n|move|p1a: Thor|Thunderclap|p2a: Kingambit\n|-damage|p2a: Kingambit|44/100\n|move|p2a: Kingambit|Kowtow Cleave|p1a: Thor\n|-damage|p1a: Thor|0 fnt\n|faint|p1a: Thor\n|-end|p1a: Thor|Protosynthesis|[silent]\n|\n|-heal|p2a: Kingambit|50/100|[from] item: Leftovers\n|upkeep\n|\n|t:|1783818917\n|switch|p1a: Go Drinking|Ludicolo, M|100/100\n|turn|31\n|\n|t:|1783818924\n|move|p2a: Kingambit|Sucker Punch|p1a: Go Drinking\n|-damage|p1a: Go Drinking|18/100\n|move|p1a: Go Drinking|Hydro Pump|p2a: Kingambit|[miss]\n|-miss|p1a: Go Drinking|p2a: Kingambit\n|\n|-heal|p2a: Kingambit|56/100|[from] item: Leftovers\n|upkeep\n|turn|32\n|\n|t:|1783818931\n|move|p2a: Kingambit|Sucker Punch|p1a: Go Drinking\n|-crit|p1a: Go Drinking\n|-damage|p1a: Go Drinking|0 fnt\n|faint|p1a: Go Drinking\n|\n|win|Breezy55\n|raw|sir.doff's rating: 1301 &rarr; <strong>1284</strong><br />(-17 for losing)\n|raw|Breezy55's rating: 1362 &rarr; <strong>1379</strong><br />(+17 for winning)\n|l|☆sir.doff\n|player|p1|\n|l|☆Breezy55\n|player|p2|\n", "uploadtime": 1783819215, "views": 5, "formatid": "gen9ou", "rating": 1284, "private": 0, "password": null}