{"id": "gen9ou-2647806134", "format": "[Gen 9] OU", "players": ["JoYuKneekYT", "Bccon"], "log": "|j|☆JoYuKneekYT\n|j|☆Bccon\n|t:|1783815862\n|gametype|singles\n|player|p1|JoYuKneekYT|cynthia|1359\n|player|p2|Bccon|1|1398\n|gen|9\n|tier|[Gen 9] OU\n|rated|\n|rule|HP Percentage Mod: HP is shown in percentages\n|rule|Endless Battle Clause: Forcing endless battles is banned\n|rule|Species Clause: Limit one of each Pokémon\n|rule|OHKO Clause: OHKO moves are banned\n|rule|Evasion Items Clause: Evasion items are banned\n|rule|Evasion Moves Clause: Evasion moves are banned\n|rule|Evasion Abilities Clause: Evasion abilities are banned\n|rule|Sleep Moves Clause: Sleep-inducing moves are banned\n|clearpoke\n|poke|p1|Oricorio-Pom-Pom, M|\n|poke|p1|Ceruledge, F|\n|poke|p1|Grimmsnarl, M|\n|poke|p1|Decidueye-Hisui, M|\n|poke|p1|Cinderace, M|\n|poke|p1|Ogerpon-Wellspring, F|\n|poke|p2|Zamazenta-*|\n|poke|p2|Kingambit, M|\n|poke|p2|Samurott-Hisui, M|\n|poke|p2|Landorus-Therian, M|\n|poke|p2|Iron Valiant|\n|poke|p2|Iron Moth|\n|teampreview\n|\n|t:|1783815876\n|teamsize|p1|6\n|teamsize|p2|6\n|start\n|switch|p1a: Cinderace|Cinderace, M|100/100\n|switch|p2a: Samurott|Samurott-Hisui, M|100/100\n|turn|1\n|\n|t:|1783815885\n|move|p1a: Cinderace|High Jump Kick|p2a: Samurott\n|-start|p1a: Cinderace|typechange|Fighting|[from] ability: Libero\n|-supereffective|p2a: Samurott\n|-enditem|p2a: Samurott|Focus Sash\n|-damage|p2a: Samurott|1/100\n|move|p2a: Samurott|Razor Shell|p1a: Cinderace\n|-crit|p1a: Cinderace\n|-damage|p1a: Cinderace|0 fnt\n|faint|p1a: Cinderace\n|\n|upkeep\n|inactive|Battle timer is ON: inactive players will automatically lose when time's up. (requested by Bccon)\n|\n|t:|1783815890\n|switch|p1a: Ceruledge|Ceruledge, F|100/100\n|turn|2\n|\n|t:|1783815919\n|switch|p2a: Landorus|Landorus-Therian, M|100/100\n|-ability|p2a: Landorus|Intimidate|boost\n|-unboost|p1a: Ceruledge|atk|1\n|move|p1a: Ceruledge|Shadow Sneak|p2a: Landorus\n|-crit|p2a: Landorus\n|-damage|p2a: Landorus|68/100\n|-damage|p1a: Ceruledge|84/100|[from] item: Rocky Helmet|[of] p2a: Landorus\n|\n|upkeep\n|turn|3\n|\n|t:|1783815938\n|switch|p1a: Grimmsnarl|Grimmsnarl, M|100/100\n|move|p2a: Landorus|Stealth Rock|p1a: Grimmsnarl\n|-sidestart|p1: JoYuKneekYT|move: Stealth Rock\n|\n|upkeep\n|turn|4\n|\n|t:|1783815954\n|move|p1a: Grimmsnarl|Reflect|p1a: Grimmsnarl\n|-sidestart|p1: JoYuKneekYT|Reflect\n|move|p2a: Landorus|Taunt|p1a: Grimmsnarl\n|-start|p1a: Grimmsnarl|move: Taunt\n|\n|upkeep\n|turn|5\n|\n|t:|1783815962\n|move|p2a: Landorus|Earthquake|p1a: Grimmsnarl\n|-damage|p1a: Grimmsnarl|72/100\n|move|p1a: Grimmsnarl|Spirit Break|p2a: Landorus\n|-damage|p2a: Landorus|39/100\n|-unboost|p2a: Landorus|spa|1\n|-damage|p1a: Grimmsnarl|55/100|[from] item: Rocky Helmet|[of] p2a: Landorus\n|\n|upkeep\n|turn|6\n|\n|t:|1783815972\n|move|p2a: Landorus|U-turn|p1a: Grimmsnarl\n|-damage|p1a: Grimmsnarl|42/100\n|inactive|Bccon has 120 seconds left.\n|\n|t:|1783816009\n|switch|p2a: Iron Moth|Iron Moth|100/100|[from] U-turn\n|-enditem|p2a: Iron Moth|Booster Energy\n|-activate|p2a: Iron Moth|ability: Quark Drive|[fromitem]\n|-start|p2a: Iron Moth|quarkdrivespe\n|move|p1a: Grimmsnarl|Spirit Break|p2a: Iron Moth\n|-resisted|p2a: Iron Moth\n|-damage|p2a: Iron Moth|91/100\n|-unboost|p2a: Iron Moth|spa|1\n|\n|upkeep\n|turn|7\n|\n|t:|1783816025\n|move|p2a: Iron Moth|Sludge Wave|p1a: Grimmsnarl\n|-supereffective|p1a: Grimmsnarl\n|-damage|p1a: Grimmsnarl|0 fnt\n|faint|p1a: Grimmsnarl\n|\n|upkeep\n|\n|t:|1783816036\n|switch|p1a: Oricorio|Oricorio-Pom-Pom, M|100/100\n|-damage|p1a: Oricorio|76/100|[from] Stealth Rock\n|turn|8\n|inactive|JoYuKneekYT has 120 seconds left.\n|\n|t:|1783816065\n|move|p2a: Iron Moth|Sludge Wave|p1a: Oricorio\n|-damage|p1a: Oricorio|32/100\n|move|p1a: Oricorio|Revelation Dance|p2a: Iron Moth\n|-crit|p2a: Iron Moth\n|-damage|p2a: Iron Moth|35/100\n|\n|upkeep\n|turn|9\n|\n|t:|1783816073\n|move|p2a: Iron Moth|Sludge Wave|p1a: Oricorio\n|-damage|p1a: Oricorio|0 fnt\n|faint|p1a: Oricorio\n|\n|upkeep\n|inactive|JoYuKneekYT has 120 seconds left.\n|\n|t:|1783816104\n|switch|p1a: Ogerpon|Ogerpon-Wellspring, F|100/100\n|-damage|p1a: Ogerpon|88/100|[from] Stealth Rock\n|turn|10\n|inactive|Bccon has 120 seconds left.\n|\n|t:|1783816116\n|-terastallize|p1a: Ogerpon|Water\n|detailschange|p1a: Ogerpon|Ogerpon-Wellspring-Tera, F, tera:Water\n|-ability|p1a: Ogerpon|Embody Aspect (Wellspring)|boost\n|-boost|p1a: Ogerpon|spd|1\n|move|p2a: Iron Moth|Sludge Wave|p1a: Ogerpon\n|-damage|p1a: Ogerpon|64/100\n|move|p1a: Ogerpon|Swords Dance|p1a: Ogerpon\n|-boost|p1a: Ogerpon|atk|2\n|\n|upkeep\n|turn|11\n|inactive|Bccon has 120 seconds left.\n|\n|t:|1783816132\n|move|p2a: Iron Moth|Energy Ball|p1a: Ogerpon\n|-supereffective|p1a: Ogerpon\n|-damage|p1a: Ogerpon|33/100\n|move|p1a: Ogerpon|Ivy Cudgel|p2a: Iron Moth|[anim] Ivy Cudgel Water\n|-supereffective|p2a: Iron Moth\n|-damage|p2a: Iron Moth|0 fnt\n|faint|p2a: Iron Moth\n|-end|p2a: Iron Moth|Quark Drive|[silent]\n|\n|-sideend|p1: JoYuKneekYT|Reflect\n|upkeep\n|\n|t:|1783816142\n|switch|p2a: Iron Valiant|Iron Valiant|100/100\n|-enditem|p2a: Iron Valiant|Booster Energy\n|-activate|p2a: Iron Valiant|ability: Quark Drive|[fromitem]\n|-start|p2a: Iron Valiant|quarkdrivespe\n|turn|12\n|inactive|Bccon has 120 seconds left.\n|\n|t:|1783816155\n|-terastallize|p2a: Iron Valiant|Electric\n|move|p2a: Iron Valiant|Thunderbolt|p1a: Ogerpon\n|-supereffective|p1a: Ogerpon\n|-damage|p1a: Ogerpon|0 fnt\n|faint|p1a: Ogerpon\n|detailschange|p1: Ogerpon|Ogerpon-Wellspring, F|[silent]\n|\n|upkeep\n|\n|t:|1783816159\n|switch|p1a: Decidueye|Decidueye-Hisui, M|100/100\n|-damage|p1a: Decidueye|94/100|[from] Stealth Rock\n|turn|13\n|\n|t:|1783816166\n|move|p2a: Iron Valiant|Moonblast|p1a: Decidueye\n|-supereffective|p1a: Decidueye\n|-damage|p1a: Decidueye|5/100\n|move|p1a: Decidueye|Bulk Up|p1a: Decidueye\n|-boost|p1a: Decidueye|atk|1\n|-boost|p1a: Decidueye|def|1\n|\n|-heal|p1a: Decidueye|11/100|[from] item: Leftovers\n|upkeep\n|turn|14\n|-message|JoYuKneekYT forfeited.\n|\n|win|Bccon\n|raw|JoYuKneekYT's rating: 1359 &rarr; <strong>1341</strong><br />(-18 for losing)\n|raw|Bccon's rating: 1398 &rarr; <strong>1416</strong><br />(+18 for winning)\n|l|☆JoYuKneekYT\n|player|p1|\n|l|☆Bccon\n|player|p2|\n|j|☆Bccon\n|player|p2|Bccon|1|\n|l|☆Bccon\n|player|p2|\n|j|☆Bccon\n|player|p2|Bccon|1|\n|l|☆Bccon\n|player|p2|\n|j|☆Bccon\n|player|p2|Bccon|1|\n", "uploadtime": 1783816494, "views": 7, "formatid": "gen9ou", "rating": 1341, "private": 0, "password": null}