{"id": "gen9ou-2639221286", "format": "[Gen 9] OU", "players": ["Tute_11", "thepeakmons"], "log": "|j|☆Tute_11\n|j|☆thepeakmons\n|t:|1782436238\n|gametype|singles\n|player|p1|Tute_11|266|1240\n|player|p2|thepeakmons|101|1218\n|gen|9\n|tier|[Gen 9] OU\n|rated|\n|rule|HP Percentage Mod: HP is shown in percentages\n|rule|Endless Battle Clause: Forcing endless battles is banned\n|rule|Species Clause: Limit one of each Pokémon\n|rule|OHKO Clause: OHKO moves are banned\n|rule|Evasion Items Clause: Evasion items are banned\n|rule|Evasion Moves Clause: Evasion moves are banned\n|rule|Evasion Abilities Clause: Evasion abilities are banned\n|rule|Sleep Moves Clause: Sleep-inducing moves are banned\n|clearpoke\n|poke|p1|Glimmora, M|\n|poke|p1|Sableye, M|\n|poke|p1|Dragapult, M|\n|poke|p1|Scream Tail|\n|poke|p1|Mimikyu, F|\n|poke|p1|Dragonite, F|\n|poke|p2|Corviknight, F|\n|poke|p2|Ting-Lu|\n|poke|p2|Kyurem|\n|poke|p2|Dondozo, F|\n|poke|p2|Slowking-Galar, F|\n|poke|p2|Cinderace, F|\n|teampreview\n|\n|t:|1782436254\n|teamsize|p1|6\n|teamsize|p2|6\n|start\n|switch|p1a: Glimmora|Glimmora, M|100/100\n|switch|p2a: Corviknight|Corviknight, F|100/100\n|-item|p1a: Glimmora|Air Balloon\n|-ability|p2a: Corviknight|Pressure\n|turn|1\n|inactive|Battle timer is ON: inactive players will automatically lose when time's up. (requested by thepeakmons)\n|inactive|thepeakmons has 120 seconds left.\n|\n|t:|1782436296\n|move|p1a: Glimmora|Power Gem|p2a: Corviknight\n|-damage|p2a: Corviknight|59/100\n|move|p2a: Corviknight|U-turn|p1a: Glimmora\n|-resisted|p1a: Glimmora\n|-damage|p1a: Glimmora|91/100\n|-activate|p1a: Glimmora|ability: Toxic Debris\n|-sidestart|p2: thepeakmons|move: Toxic Spikes\n|-enditem|p1a: Glimmora|Air Balloon\n|\n|t:|1782436306\n|switch|p2a: Slowking|Slowking-Galar, F|100/100|[from] U-turn\n|-sideend|p2: thepeakmons|move: Toxic Spikes|[of] p2a: Slowking\n|\n|upkeep\n|turn|2\n|\n|t:|1782436317\n|switch|p1a: Sableye|Sableye, M, shiny|100/100\n|move|p2a: Slowking|Ice Beam|p1a: Sableye\n|-damage|p1a: Sableye|63/100\n|\n|-heal|p1a: Sableye|69/100|[from] item: Leftovers\n|upkeep\n|turn|3\n|\n|t:|1782436332\n|move|p1a: Sableye|Will-O-Wisp|p2a: Slowking\n|-status|p2a: Slowking|brn\n|move|p2a: Slowking|Ice Beam|p1a: Sableye\n|-damage|p1a: Sableye|34/100\n|\n|-heal|p1a: Sableye|40/100|[from] item: Leftovers\n|-damage|p2a: Slowking|94/100 brn|[from] brn\n|upkeep\n|turn|4\n|\n|t:|1782436349\n|move|p1a: Sableye|Recover|p1a: Sableye\n|-heal|p1a: Sableye|90/100\n|move|p2a: Slowking|Ice Beam|p1a: Sableye\n|-damage|p1a: Sableye|51/100\n|\n|-heal|p1a: Sableye|58/100|[from] item: Leftovers\n|-damage|p2a: Slowking|88/100 brn|[from] brn\n|upkeep\n|turn|5\n|\n|t:|1782436365\n|switch|p2a: Kyurem|Kyurem|100/100\n|-ability|p2a: Kyurem|Pressure\n|move|p1a: Sableye|Knock Off|p2a: Kyurem\n|-damage|p2a: Kyurem|78/100\n|-enditem|p2a: Kyurem|Leftovers|[from] move: Knock Off|[of] p1a: Sableye\n|\n|-heal|p1a: Sableye|64/100|[from] item: Leftovers\n|upkeep\n|turn|6\n|\n|t:|1782436380\n|move|p1a: Sableye|Will-O-Wisp|p2a: Kyurem\n|-status|p2a: Kyurem|brn\n|move|p2a: Kyurem|Freeze-Dry|p1a: Sableye\n|-damage|p1a: Sableye|4/100\n|\n|-heal|p1a: Sableye|11/100|[from] item: Leftovers\n|-damage|p2a: Kyurem|72/100 brn|[from] brn\n|upkeep\n|turn|7\n|\n|t:|1782436393\n|switch|p1a: Scream Tail|Scream Tail|100/100\n|move|p2a: Kyurem|Earth Power|p1a: Scream Tail\n|-damage|p1a: Scream Tail|80/100\n|\n|-heal|p1a: Scream Tail|86/100|[from] item: Leftovers\n|-damage|p2a: Kyurem|66/100 brn|[from] brn\n|upkeep\n|turn|8\n|\n|t:|1782436408\n|switch|p2a: Cinderace|Cinderace, F|100/100\n|move|p1a: Scream Tail|Dazzling Gleam|p2a: Cinderace\n|-resisted|p2a: Cinderace\n|-damage|p2a: Cinderace|89/100\n|\n|-heal|p1a: Scream Tail|93/100|[from] item: Leftovers\n|upkeep\n|turn|9\n|\n|t:|1782436420\n|switch|p2a: Ting-Lu|Ting-Lu|100/100\n|-ability|p2a: Ting-Lu|Vessel of Ruin\n|move|p1a: Scream Tail|Thunder Wave|p2a: Ting-Lu\n|-immune|p2a: Ting-Lu\n|\n|-heal|p1a: Scream Tail|99/100|[from] item: Leftovers\n|upkeep\n|turn|10\n|\n|t:|1782436434\n|switch|p2a: Cinderace|Cinderace, F|89/100\n|move|p1a: Scream Tail|Dazzling Gleam|p2a: Cinderace\n|-resisted|p2a: Cinderace\n|-damage|p2a: Cinderace|77/100\n|\n|-heal|p1a: Scream Tail|100/100|[from] item: Leftovers\n|upkeep\n|turn|11\n|\n|t:|1782436450\n|move|p2a: Cinderace|Pyro Ball|p1a: Scream Tail\n|-damage|p1a: Scream Tail|75/100\n|-status|p1a: Scream Tail|brn\n|move|p1a: Scream Tail|Thunder Wave|p2a: Cinderace\n|-status|p2a: Cinderace|par\n|\n|-heal|p1a: Scream Tail|81/100 brn|[from] item: Leftovers\n|-damage|p1a: Scream Tail|75/100 brn|[from] brn\n|upkeep\n|turn|12\n|\n|t:|1782436467\n|switch|p2a: Ting-Lu|Ting-Lu|100/100\n|-ability|p2a: Ting-Lu|Vessel of Ruin\n|move|p1a: Scream Tail|Psychic Noise|p2a: Ting-Lu\n|-immune|p2a: Ting-Lu\n|\n|-heal|p1a: Scream Tail|81/100 brn|[from] item: Leftovers\n|-damage|p1a: Scream Tail|75/100 brn|[from] brn\n|upkeep\n|turn|13\n|\n|t:|1782436485\n|move|p1a: Scream Tail|Dazzling Gleam|p2a: Ting-Lu\n|-supereffective|p2a: Ting-Lu\n|-damage|p2a: Ting-Lu|84/100\n|move|p2a: Ting-Lu|Payback|p1a: Scream Tail\n|-damage|p1a: Scream Tail|55/100 brn\n|\n|-heal|p1a: Scream Tail|61/100 brn|[from] item: Leftovers\n|-heal|p2a: Ting-Lu|90/100|[from] item: Leftovers\n|-damage|p1a: Scream Tail|55/100 brn|[from] brn\n|upkeep\n|turn|14\n|\n|t:|1782436499\n|move|p1a: Scream Tail|Ice Beam|p2a: Ting-Lu\n|-supereffective|p2a: Ting-Lu\n|-damage|p2a: Ting-Lu|78/100\n|move|p2a: Ting-Lu|Payback|p1a: Scream Tail\n|-damage|p1a: Scream Tail|35/100 brn\n|\n|-heal|p1a: Scream Tail|41/100 brn|[from] item: Leftovers\n|-heal|p2a: Ting-Lu|84/100|[from] item: Leftovers\n|-damage|p1a: Scream Tail|35/100 brn|[from] brn\n|upkeep\n|turn|15\n|\n|t:|1782436520\n|-end|p1a: Scream Tail|Protosynthesis|[silent]\n|switch|p1a: Dragonite|Dragonite, F, shiny|100/100\n|move|p2a: Ting-Lu|Payback|p1a: Dragonite\n|-damage|p1a: Dragonite|92/100\n|\n|-heal|p2a: Ting-Lu|90/100|[from] item: Leftovers\n|upkeep\n|turn|16\n|\n|t:|1782436535\n|switch|p2a: Kyurem|Kyurem|66/100 brn\n|-ability|p2a: Kyurem|Pressure\n|move|p1a: Dragonite|Earthquake|p2a: Kyurem\n|-damage|p2a: Kyurem|39/100 brn\n|\n|-damage|p2a: Kyurem|32/100 brn|[from] brn\n|upkeep\n|turn|17\n|\n|t:|1782436549\n|switch|p1a: Scream Tail|Scream Tail|35/100 brn\n|move|p2a: Kyurem|Freeze-Dry|p1a: Scream Tail\n|-damage|p1a: Scream Tail|10/100 brn\n|\n|-heal|p1a: Scream Tail|17/100 brn|[from] item: Leftovers\n|-damage|p2a: Kyurem|26/100 brn|[from] brn\n|-damage|p1a: Scream Tail|10/100 brn|[from] brn\n|upkeep\n|turn|18\n|\n|t:|1782436560\n|move|p2a: Kyurem|Freeze-Dry|p1a: Scream Tail\n|-damage|p1a: Scream Tail|0 fnt\n|faint|p1a: Scream Tail\n|-end|p1a: Scream Tail|Protosynthesis|[silent]\n|\n|-damage|p2a: Kyurem|20/100 brn|[from] brn\n|upkeep\n|\n|t:|1782436568\n|switch|p1a: Dragapult|Dragapult, M|100/100\n|turn|19\n|\n|t:|1782436590\n|switch|p2a: Corviknight|Corviknight, F|59/100\n|-ability|p2a: Corviknight|Pressure\n|move|p1a: Dragapult|Hex|p2a: Corviknight\n|-damage|p2a: Corviknight|18/100\n|\n|upkeep\n|turn|20\n|\n|t:|1782436604\n|switch|p2a: Ting-Lu|Ting-Lu|90/100\n|-ability|p2a: Ting-Lu|Vessel of Ruin\n|move|p1a: Dragapult|Hex|p2a: Ting-Lu\n|-resisted|p2a: Ting-Lu\n|-damage|p2a: Ting-Lu|82/100\n|\n|-heal|p2a: Ting-Lu|88/100|[from] item: Leftovers\n|upkeep\n|turn|21\n|\n|t:|1782436617\n|switch|p1a: Dragonite|Dragonite, F, shiny|92/100\n|move|p2a: Ting-Lu|Payback|p1a: Dragonite\n|-damage|p1a: Dragonite|76/100\n|\n|-heal|p2a: Ting-Lu|94/100|[from] item: Leftovers\n|upkeep\n|turn|22\n|inactive|thepeakmons has 120 seconds left.\n|\n|t:|1782436633\n|move|p2a: Ting-Lu|Payback|p1a: Dragonite\n|-damage|p1a: Dragonite|60/100\n|move|p1a: Dragonite|Dragon Tail|p2a: Ting-Lu\n|-damage|p2a: Ting-Lu|78/100\n|drag|p2a: Dondozo|Dondozo, F|100/100\n|\n|upkeep\n|turn|23\n|inactive|thepeakmons has 120 seconds left.\n|\n|t:|1782436645\n|switch|p2a: Corviknight|Corviknight, F|18/100\n|-ability|p2a: Corviknight|Pressure\n|move|p1a: Dragonite|Thunder Wave|p2a: Corviknight\n|-status|p2a: Corviknight|par\n|\n|upkeep\n|turn|24\n|inactive|thepeakmons has 120 seconds left.\n|\n|t:|1782436658\n|move|p1a: Dragonite|Roost|p1a: Dragonite\n|-heal|p1a: Dragonite|100/100\n|-singleturn|p1a: Dragonite|move: Roost\n|cant|p2a: Corviknight|par\n|\n|upkeep\n|turn|25\n|\n|t:|1782436677\n|move|p2a: Corviknight|Roost|p2a: Corviknight\n|-heal|p2a: Corviknight|68/100 par\n|-singleturn|p2a: Corviknight|move: Roost\n|move|p1a: Dragonite|Dragon Tail|p2a: Corviknight\n|-resisted|p2a: Corviknight\n|-damage|p2a: Corviknight|59/100 par\n|-damage|p1a: Dragonite|84/100|[from] item: Rocky Helmet|[of] p2a: Corviknight\n|drag|p2a: Kyurem|Kyurem|20/100 brn\n|-ability|p2a: Kyurem|Pressure\n|\n|-damage|p2a: Kyurem|14/100 brn|[from] brn\n|upkeep\n|turn|26\n|\n|t:|1782436693\n|-terastallize|p1a: Dragonite|Steel\n|move|p2a: Kyurem|Freeze-Dry|p1a: Dragonite\n|-resisted|p1a: Dragonite\n|-damage|p1a: Dragonite|73/100\n|move|p1a: Dragonite|Dragon Tail|p2a: Kyurem\n|-supereffective|p2a: Kyurem\n|-damage|p2a: Kyurem|0 fnt\n|faint|p2a: Kyurem\n|\n|upkeep\n|\n|t:|1782436707\n|switch|p2a: Ting-Lu|Ting-Lu|78/100\n|-ability|p2a: Ting-Lu|Vessel of Ruin\n|turn|27\n|\n|t:|1782436719\n|move|p2a: Ting-Lu|Earthquake|p1a: Dragonite\n|-supereffective|p1a: Dragonite\n|-damage|p1a: Dragonite|7/100\n|move|p1a: Dragonite|Dragon Tail|p2a: Ting-Lu\n|-crit|p2a: Ting-Lu\n|-damage|p2a: Ting-Lu|55/100\n|drag|p2a: Dondozo|Dondozo, F|100/100\n|\n|upkeep\n|turn|28\n|\n|t:|1782436738\n|switch|p2a: Ting-Lu|Ting-Lu|55/100\n|-ability|p2a: Ting-Lu|Vessel of Ruin\n|move|p1a: Dragonite|Thunder Wave|p2a: Ting-Lu\n|-immune|p2a: Ting-Lu\n|\n|-heal|p2a: Ting-Lu|61/100|[from] item: Leftovers\n|upkeep\n|turn|29\n|\n|t:|1782436749\n|move|p1a: Dragonite|Roost|p1a: Dragonite\n|-heal|p1a: Dragonite|57/100\n|move|p2a: Ting-Lu|Payback|p1a: Dragonite\n|-damage|p1a: Dragonite|24/100\n|\n|-heal|p2a: Ting-Lu|67/100|[from] item: Leftovers\n|upkeep\n|turn|30\n|\n|t:|1782436762\n|move|p1a: Dragonite|Roost|p1a: Dragonite\n|-heal|p1a: Dragonite|74/100\n|move|p2a: Ting-Lu|Earthquake|p1a: Dragonite\n|-supereffective|p1a: Dragonite\n|-damage|p1a: Dragonite|6/100\n|\n|-heal|p2a: Ting-Lu|74/100|[from] item: Leftovers\n|upkeep\n|turn|31\n|\n|t:|1782436774\n|move|p1a: Dragonite|Earthquake|p2a: Ting-Lu\n|-damage|p2a: Ting-Lu|59/100\n|move|p2a: Ting-Lu|Earthquake|p1a: Dragonite\n|-supereffective|p1a: Dragonite\n|-damage|p1a: Dragonite|0 fnt\n|faint|p1a: Dragonite\n|\n|-heal|p2a: Ting-Lu|65/100|[from] item: Leftovers\n|upkeep\n|\n|t:|1782436784\n|switch|p1a: Mimikyu|Mimikyu, F|100/100\n|turn|32\n|\n|t:|1782436792\n|move|p1a: Mimikyu|Swords Dance|p1a: Mimikyu\n|-boost|p1a: Mimikyu|atk|2\n|move|p2a: Ting-Lu|Payback|p1a: Mimikyu\n|-activate|p1a: Mimikyu|ability: Disguise\n|-damage|p1a: Mimikyu|100/100\n|detailschange|p1a: Mimikyu|Mimikyu-Busted, F\n|-damage|p1a: Mimikyu|88/100|[from] pokemon: Mimikyu-Busted\n|\n|-heal|p2a: Ting-Lu|71/100|[from] item: Leftovers\n|upkeep\n|turn|33\n|\n|t:|1782436808\n|switch|p2a: Corviknight|Corviknight, F|59/100 par\n|-ability|p2a: Corviknight|Pressure\n|move|p1a: Mimikyu|Play Rough|p2a: Corviknight\n|-resisted|p2a: Corviknight\n|-damage|p2a: Corviknight|32/100 par\n|-damage|p1a: Mimikyu|72/100|[from] item: Rocky Helmet|[of] p2a: Corviknight\n|-damage|p1a: Mimikyu|62/100|[from] item: Life Orb\n|\n|upkeep\n|turn|34\n|\n|t:|1782436826\n|move|p1a: Mimikyu|Drain Punch|p2a: Corviknight\n|-damage|p2a: Corviknight|0 fnt\n|-heal|p1a: Mimikyu|87/100|[from] drain|[of] p2a: Corviknight\n|-damage|p1a: Mimikyu|70/100|[from] item: Rocky Helmet|[of] p2a: Corviknight\n|faint|p2a: Corviknight\n|-damage|p1a: Mimikyu|60/100|[from] item: Life Orb\n|\n|upkeep\n|\n|t:|1782436838\n|switch|p2a: Dondozo|Dondozo, F|100/100\n|turn|35\n|\n|t:|1782436847\n|move|p1a: Mimikyu|Drain Punch|p2a: Dondozo\n|-damage|p2a: Dondozo|86/100\n|-heal|p1a: Mimikyu|75/100|[from] drain|[of] p2a: Dondozo\n|-damage|p1a: Mimikyu|65/100|[from] item: Life Orb\n|move|p2a: Dondozo|Waterfall|p1a: Mimikyu\n|-damage|p1a: Mimikyu|18/100\n|\n|-heal|p2a: Dondozo|92/100|[from] item: Leftovers\n|upkeep\n|turn|36\n|\n|t:|1782436859\n|move|p1a: Mimikyu|Play Rough|p2a: Dondozo\n|-damage|p2a: Dondozo|63/100\n|-damage|p1a: Mimikyu|8/100|[from] item: Life Orb\n|move|p2a: Dondozo|Curse|p2a: Dondozo\n|-unboost|p2a: Dondozo|spe|1\n|-boost|p2a: Dondozo|atk|1\n|-boost|p2a: Dondozo|def|1\n|\n|-heal|p2a: Dondozo|69/100|[from] item: Leftovers\n|upkeep\n|turn|37\n|\n|t:|1782436871\n|move|p1a: Mimikyu|Drain Punch|p2a: Dondozo\n|-damage|p2a: Dondozo|59/100\n|-heal|p1a: Mimikyu|19/100|[from] drain|[of] p2a: Dondozo\n|-damage|p1a: Mimikyu|9/100|[from] item: Life Orb\n|move|p2a: Dondozo|Curse|p2a: Dondozo\n|-unboost|p2a: Dondozo|spe|1\n|-boost|p2a: Dondozo|atk|1\n|-boost|p2a: Dondozo|def|1\n|\n|-heal|p2a: Dondozo|65/100|[from] item: Leftovers\n|upkeep\n|turn|38\n|\n|t:|1782436889\n|move|p1a: Mimikyu|Play Rough|p2a: Dondozo\n|-damage|p2a: Dondozo|49/100\n|-unboost|p2a: Dondozo|atk|1\n|-damage|p1a: Mimikyu|0 fnt|[from] item: Life Orb\n|faint|p1a: Mimikyu\n|move|p2a: Dondozo|Curse|p2a: Dondozo\n|-unboost|p2a: Dondozo|spe|1\n|-boost|p2a: Dondozo|atk|1\n|-boost|p2a: Dondozo|def|1\n|\n|-heal|p2a: Dondozo|56/100|[from] item: Leftovers\n|upkeep\n|\n|t:|1782436909\n|switch|p1a: Sableye|Sableye, M, shiny|11/100\n|turn|39\n|\n|t:|1782436921\n|move|p1a: Sableye|Encore|p2a: Dondozo\n|-start|p2a: Dondozo|Encore\n|move|p2a: Dondozo|Curse|p2a: Dondozo\n|-unboost|p2a: Dondozo|spe|1\n|-boost|p2a: Dondozo|atk|1\n|-boost|p2a: Dondozo|def|1\n|\n|-heal|p1a: Sableye|17/100|[from] item: Leftovers\n|-heal|p2a: Dondozo|62/100|[from] item: Leftovers\n|upkeep\n|turn|40\n|\n|t:|1782436930\n|switch|p2a: Slowking|Slowking-Galar, F|100/100 brn\n|move|p1a: Sableye|Recover|p1a: Sableye\n|-heal|p1a: Sableye|67/100\n|\n|-heal|p1a: Sableye|73/100|[from] item: Leftovers\n|-damage|p2a: Slowking|94/100 brn|[from] brn\n|upkeep\n|turn|41\n|\n|t:|1782436942\n|move|p1a: Sableye|Knock Off|p2a: Slowking\n|-supereffective|p2a: Slowking\n|-damage|p2a: Slowking|56/100 brn\n|-enditem|p2a: Slowking|Shuca Berry|[from] move: Knock Off|[of] p1a: Sableye\n|move|p2a: Slowking|Ice Beam|p1a: Sableye\n|-damage|p1a: Sableye|36/100\n|\n|-heal|p1a: Sableye|42/100|[from] item: Leftovers\n|-damage|p2a: Slowking|50/100 brn|[from] brn\n|upkeep\n|turn|42\n|\n|t:|1782436959\n|move|p1a: Sableye|Recover|p1a: Sableye\n|-heal|p1a: Sableye|92/100\n|move|p2a: Slowking|Ice Beam|p1a: Sableye\n|-damage|p1a: Sableye|57/100\n|\n|-heal|p1a: Sableye|63/100|[from] item: Leftovers\n|-damage|p2a: Slowking|44/100 brn|[from] brn\n|upkeep\n|turn|43\n|\n|t:|1782436977\n|move|p1a: Sableye|Knock Off|p2a: Slowking\n|-supereffective|p2a: Slowking\n|-damage|p2a: Slowking|19/100 brn\n|move|p2a: Slowking|Ice Beam|p1a: Sableye\n|-damage|p1a: Sableye|28/100\n|\n|-heal|p1a: Sableye|34/100|[from] item: Leftovers\n|-damage|p2a: Slowking|13/100 brn|[from] brn\n|upkeep\n|turn|44\n|inactive|thepeakmons has 120 seconds left.\n|\n|t:|1782436999\n|switch|p2a: Ting-Lu|Ting-Lu|71/100\n|-ability|p2a: Ting-Lu|Vessel of Ruin\n|move|p1a: Sableye|Recover|p1a: Sableye\n|-heal|p1a: Sableye|84/100\n|\n|-heal|p1a: Sableye|91/100|[from] item: Leftovers\n|-heal|p2a: Ting-Lu|78/100|[from] item: Leftovers\n|upkeep\n|turn|45\n|inactive|thepeakmons has 120 seconds left.\n|\n|t:|1782437012\n|switch|p2a: Slowking|Slowking-Galar, F|46/100 brn\n|move|p1a: Sableye|Knock Off|p2a: Slowking\n|-supereffective|p2a: Slowking\n|-damage|p2a: Slowking|19/100 brn\n|\n|-heal|p1a: Sableye|97/100|[from] item: Leftovers\n|-damage|p2a: Slowking|12/100 brn|[from] brn\n|upkeep\n|turn|46\n|inactive|thepeakmons has 120 seconds left.\n|\n|t:|1782437035\n|move|p1a: Sableye|Knock Off|p2a: Slowking\n|-supereffective|p2a: Slowking\n|-damage|p2a: Slowking|0 fnt\n|faint|p2a: Slowking\n|\n|-heal|p1a: Sableye|100/100|[from] item: Leftovers\n|upkeep\n|\n|t:|1782437051\n|switch|p2a: Cinderace|Cinderace, F|77/100 par\n|turn|47\n|\n|t:|1782437064\n|move|p2a: Cinderace|Pyro Ball|p1a: Sableye\n|-damage|p1a: Sableye|54/100\n|move|p1a: Sableye|Knock Off|p2a: Cinderace\n|-crit|p2a: Cinderace\n|-damage|p2a: Cinderace|27/100 par\n|-enditem|p2a: Cinderace|Heavy-Duty Boots|[from] move: Knock Off|[of] p1a: Sableye\n|\n|-heal|p1a: Sableye|60/100|[from] item: Leftovers\n|upkeep\n|turn|48\n|\n|t:|1782437076\n|move|p1a: Sableye|Recover|p1a: Sableye\n|-heal|p1a: Sableye|100/100\n|move|p2a: Cinderace|Pyro Ball|p1a: Sableye\n|-damage|p1a: Sableye|36/100\n|\n|-heal|p1a: Sableye|43/100|[from] item: Leftovers\n|upkeep\n|turn|49\n|\n|t:|1782437090\n|move|p2a: Cinderace|Pyro Ball|p1a: Sableye\n|-damage|p1a: Sableye|0 fnt\n|faint|p1a: Sableye\n|\n|upkeep\n|\n|t:|1782437104\n|switch|p1a: Glimmora|Glimmora, M|91/100\n|turn|50\n|\n|t:|1782437111\n|switch|p2a: Ting-Lu|Ting-Lu|78/100\n|-ability|p2a: Ting-Lu|Vessel of Ruin\n|move|p1a: Glimmora|Power Gem|p2a: Ting-Lu\n|-resisted|p2a: Ting-Lu\n|-damage|p2a: Ting-Lu|69/100\n|\n|-heal|p2a: Ting-Lu|76/100|[from] item: Leftovers\n|upkeep\n|turn|51\n|\n|t:|1782437122\n|move|p1a: Glimmora|Mortal Spin|p2a: Ting-Lu\n|-resisted|p2a: Ting-Lu\n|-damage|p2a: Ting-Lu|74/100\n|-status|p2a: Ting-Lu|psn\n|move|p2a: Ting-Lu|Earthquake|p1a: Glimmora\n|-supereffective|p1a: Glimmora\n|-damage|p1a: Glimmora|0 fnt\n|-activate|p1a: Glimmora|ability: Toxic Debris\n|-sidestart|p2: thepeakmons|move: Toxic Spikes\n|faint|p1a: Glimmora\n|\n|-heal|p2a: Ting-Lu|80/100 psn|[from] item: Leftovers\n|-damage|p2a: Ting-Lu|68/100 psn|[from] psn\n|upkeep\n|\n|t:|1782437135\n|switch|p1a: Dragapult|Dragapult, M|100/100\n|turn|52\n|\n|t:|1782437143\n|move|p1a: Dragapult|Hex|p2a: Ting-Lu\n|-resisted|p2a: Ting-Lu\n|-damage|p2a: Ting-Lu|49/100 psn\n|move|p2a: Ting-Lu|Payback|p1a: Dragapult\n|-supereffective|p1a: Dragapult\n|-damage|p1a: Dragapult|0 fnt\n|faint|p1a: Dragapult\n|\n|win|thepeakmons\n|raw|Tute_11's rating: 1240 &rarr; <strong>1212</strong><br />(-28 for losing)\n|raw|thepeakmons's rating: 1193 &rarr; <strong>1221</strong><br />(+28 for winning)\n|l|☆Tute_11\n|player|p1|\n", "uploadtime": 1782437147, "views": 13, "formatid": "gen9ou", "rating": 1212, "private": 0, "password": null}