{"id": "gen9ou-2639288527", "format": "[Gen 9] OU", "players": ["ika 3", "shano1994"], "log": "|j|☆ika 3\n|j|☆shano1994\n|t:|1782446487\n|gametype|singles\n|player|p1|ika 3|265|1134\n|player|p2|shano1994|265|1228\n|gen|9\n|tier|[Gen 9] OU\n|rated|\n|rule|HP Percentage Mod: HP is shown in percentages\n|rule|Endless Battle Clause: Forcing endless battles is banned\n|rule|Species Clause: Limit one of each Pokémon\n|rule|OHKO Clause: OHKO moves are banned\n|rule|Evasion Items Clause: Evasion items are banned\n|rule|Evasion Moves Clause: Evasion moves are banned\n|rule|Evasion Abilities Clause: Evasion abilities are banned\n|rule|Sleep Moves Clause: Sleep-inducing moves are banned\n|clearpoke\n|poke|p1|Blaziken, M|\n|poke|p1|Slowking-Galar, M|\n|poke|p1|Iron Treads|\n|poke|p1|Landorus-Therian, M|\n|poke|p1|Ogerpon-Wellspring, F|\n|poke|p1|Dragapult, M|\n|poke|p2|Dragapult, F|\n|poke|p2|Heatran, M|\n|poke|p2|Great Tusk|\n|poke|p2|Ogerpon-Wellspring, F|\n|poke|p2|Tornadus-Therian, M|\n|poke|p2|Iron Valiant|\n|teampreview\n|inactive|Battle timer is ON: inactive players will automatically lose when time's up. (requested by shano1994)\n|\n|t:|1782446498\n|teamsize|p1|6\n|teamsize|p2|6\n|start\n|switch|p1a: Dragapult|Dragapult, M|100/100\n|switch|p2a: Tornadus|Tornadus-Therian, M|100/100\n|turn|1\n|\n|t:|1782446515\n|move|p1a: Dragapult|U-turn|p2a: Tornadus\n|-resisted|p2a: Tornadus\n|-damage|p2a: Tornadus|92/100\n|\n|t:|1782446517\n|switch|p1a: Iron Treads|Iron Treads|100/100|[from] U-turn\n|move|p2a: Tornadus|Knock Off|p1a: Iron Treads\n|-crit|p1a: Iron Treads\n|-damage|p1a: Iron Treads|72/100\n|-enditem|p1a: Iron Treads|Assault Vest|[from] move: Knock Off|[of] p2a: Tornadus\n|\n|upkeep\n|turn|2\n|\n|t:|1782446538\n|move|p2a: Tornadus|U-turn|p1a: Iron Treads\n|-resisted|p1a: Iron Treads\n|-damage|p1a: Iron Treads|66/100\n|\n|t:|1782446542\n|switch|p2a: Great Tusk|Great Tusk|100/100|[from] U-turn\n|move|p1a: Iron Treads|Knock Off|p2a: Great Tusk\n|-resisted|p2a: Great Tusk\n|-damage|p2a: Great Tusk|92/100\n|-enditem|p2a: Great Tusk|Heavy-Duty Boots|[from] move: Knock Off|[of] p1a: Iron Treads\n|\n|upkeep\n|turn|3\n|\n|t:|1782446558\n|move|p1a: Iron Treads|Ice Spinner|p2a: Great Tusk\n|-supereffective|p2a: Great Tusk\n|-damage|p2a: Great Tusk|66/100\n|move|p2a: Great Tusk|Ice Spinner|p1a: Iron Treads\n|-damage|p1a: Iron Treads|45/100\n|\n|upkeep\n|turn|4\n|\n|t:|1782446577\n|-end|p1a: Iron Treads|Quark Drive|[silent]\n|switch|p1a: Slowking|Slowking-Galar, M|100/100\n|move|p2a: Great Tusk|Rapid Spin|p1a: Slowking\n|-damage|p1a: Slowking|90/100\n|-boost|p2a: Great Tusk|spe|1\n|\n|upkeep\n|turn|5\n|\n|t:|1782446590\n|-end|p2a: Great Tusk|Protosynthesis|[silent]\n|switch|p2a: Tornadus|Tornadus-Therian, M|100/100\n|move|p1a: Slowking|Ice Beam|p2a: Tornadus\n|-supereffective|p2a: Tornadus\n|-damage|p2a: Tornadus|54/100\n|\n|upkeep\n|turn|6\n|\n|t:|1782446598\n|move|p2a: Tornadus|Knock Off|p1a: Slowking\n|-supereffective|p1a: Slowking\n|-damage|p1a: Slowking|58/100\n|-enditem|p1a: Slowking|Heavy-Duty Boots|[from] move: Knock Off|[of] p2a: Tornadus\n|-prepare|p1a: Slowking|Chilly Reception|[premajor]\n|move|p1a: Slowking|Chilly Reception|p1a: Slowking\n|-weather|Snowscape\n|\n|t:|1782446606\n|switch|p1a: Dragapult|Dragapult, M|100/100|[from] Chilly Reception\n|\n|-weather|Snowscape|[upkeep]\n|upkeep\n|turn|7\n|\n|t:|1782446614\n|move|p1a: Dragapult|U-turn|p2a: Tornadus\n|-resisted|p2a: Tornadus\n|-damage|p2a: Tornadus|44/100\n|\n|t:|1782446615\n|switch|p1a: Iron Treads|Iron Treads|45/100|[from] U-turn\n|move|p2a: Tornadus|U-turn|p1a: Iron Treads\n|-resisted|p1a: Iron Treads\n|-damage|p1a: Iron Treads|39/100\n|\n|t:|1782446632\n|switch|p2a: Dragapult|Dragapult, F|100/100|[from] U-turn\n|\n|-weather|Snowscape|[upkeep]\n|upkeep\n|turn|8\n|\n|t:|1782446645\n|move|p2a: Dragapult|Shadow Ball|p1a: Iron Treads\n|-damage|p1a: Iron Treads|0 fnt\n|faint|p1a: Iron Treads\n|-end|p1a: Iron Treads|Quark Drive|[silent]\n|\n|-weather|Snowscape|[upkeep]\n|upkeep\n|\n|t:|1782446647\n|switch|p1a: Dragapult|Dragapult, M|100/100\n|turn|9\n|\n|t:|1782446657\n|switch|p2a: Heatran|Heatran, M|100/100\n|move|p1a: Dragapult|Shadow Ball|p2a: Heatran\n|-damage|p2a: Heatran|76/100\n|\n|-weather|Snowscape|[upkeep]\n|-heal|p2a: Heatran|82/100|[from] item: Leftovers\n|upkeep\n|turn|10\n|\n|t:|1782446670\n|switch|p1a: Blaziken|Blaziken, M|100/100\n|move|p2a: Heatran|Stealth Rock|p1a: Blaziken\n|-sidestart|p1: ika 3|move: Stealth Rock\n|\n|-weather|none\n|-heal|p2a: Heatran|89/100|[from] item: Leftovers\n|upkeep\n|turn|11\n|\n|t:|1782446682\n|switch|p2a: Great Tusk|Great Tusk|66/100\n|move|p1a: Blaziken|Swords Dance|p1a: Blaziken\n|-boost|p1a: Blaziken|atk|2\n|\n|-ability|p1a: Blaziken|Speed Boost|boost\n|-boost|p1a: Blaziken|spe|1\n|upkeep\n|turn|12\n|\n|t:|1782446692\n|-terastallize|p1a: Blaziken|Flying\n|move|p1a: Blaziken|Swords Dance|p1a: Blaziken\n|-boost|p1a: Blaziken|atk|2\n|move|p2a: Great Tusk|Earthquake|p1a: Blaziken\n|-immune|p1a: Blaziken\n|\n|-ability|p1a: Blaziken|Speed Boost|boost\n|-boost|p1a: Blaziken|spe|1\n|upkeep\n|turn|13\n|\n|t:|1782446704\n|move|p1a: Blaziken|Close Combat|p2a: Great Tusk\n|-damage|p2a: Great Tusk|0 fnt\n|-unboost|p1a: Blaziken|def|1\n|-unboost|p1a: Blaziken|spd|1\n|faint|p2a: Great Tusk\n|-end|p2a: Great Tusk|Protosynthesis|[silent]\n|\n|-ability|p1a: Blaziken|Speed Boost|boost\n|-boost|p1a: Blaziken|spe|1\n|upkeep\n|inactive|shano1994 has 120 seconds left.\n|\n|t:|1782446739\n|switch|p2a: Dragapult|Dragapult, F|100/100\n|turn|14\n|inactive|shano1994 has 120 seconds left.\n|\n|t:|1782446744\n|move|p1a: Blaziken|Flare Blitz|p2a: Dragapult\n|-resisted|p2a: Dragapult\n|-crit|p2a: Dragapult\n|-damage|p2a: Dragapult|0 fnt\n|faint|p2a: Dragapult\n|-damage|p1a: Blaziken|66/100|[from] Recoil\n|\n|-heal|p1a: Blaziken|72/100|[from] item: Leftovers\n|-ability|p1a: Blaziken|Speed Boost|boost\n|-boost|p1a: Blaziken|spe|1\n|upkeep\n|inactive|shano1994 has 120 seconds left.\n|\n|t:|1782446759\n|switch|p2a: Ogerpon|Ogerpon-Wellspring, F|100/100\n|turn|15\n|inactive|shano1994 has 120 seconds left.\n|\n|t:|1782446764\n|move|p1a: Blaziken|Close Combat|p2a: Ogerpon\n|-damage|p2a: Ogerpon|0 fnt\n|-unboost|p1a: Blaziken|def|1\n|-unboost|p1a: Blaziken|spd|1\n|faint|p2a: Ogerpon\n|\n|-heal|p1a: Blaziken|79/100|[from] item: Leftovers\n|-ability|p1a: Blaziken|Speed Boost|boost\n|-boost|p1a: Blaziken|spe|1\n|upkeep\n|inactive|shano1994 has 120 seconds left.\n|\n|t:|1782446784\n|switch|p2a: Tornadus|Tornadus-Therian, M|78/100\n|turn|16\n|\n|t:|1782446790\n|move|p1a: Blaziken|Flare Blitz|p2a: Tornadus\n|-damage|p2a: Tornadus|0 fnt\n|faint|p2a: Tornadus\n|-damage|p1a: Blaziken|48/100|[from] Recoil\n|\n|-heal|p1a: Blaziken|55/100|[from] item: Leftovers\n|-ability|p1a: Blaziken|Speed Boost|boost\n|-boost|p1a: Blaziken|spe|1\n|upkeep\n|-message|shano1994 forfeited.\n|\n|win|ika 3\n|raw|ika 3's rating: 1134 &rarr; <strong>1166</strong><br />(+32 for winning)\n|raw|shano1994's rating: 1228 &rarr; <strong>1196</strong><br />(-32 for losing)\n|l|☆shano1994\n|player|p2|\n", "uploadtime": 1782447088, "views": 2, "formatid": "gen9ou", "rating": 1166, "private": 0, "password": null}