{"id": "gen9ou-2639297692", "format": "[Gen 9] OU", "players": ["telawn", "altyWIN"], "log": "|j|☆telawn\n|j|☆altyWIN\n|t:|1782448165\n|gametype|singles\n|player|p1|telawn|169|1383\n|player|p2|altyWIN|backpacker|1376\n|gen|9\n|tier|[Gen 9] OU\n|rated|\n|rule|HP Percentage Mod: HP is shown in percentages\n|rule|Endless Battle Clause: Forcing endless battles is banned\n|rule|Species Clause: Limit one of each Pokémon\n|rule|OHKO Clause: OHKO moves are banned\n|rule|Evasion Items Clause: Evasion items are banned\n|rule|Evasion Moves Clause: Evasion moves are banned\n|rule|Evasion Abilities Clause: Evasion abilities are banned\n|rule|Sleep Moves Clause: Sleep-inducing moves are banned\n|clearpoke\n|poke|p1|Darkrai|\n|poke|p1|Landorus-Therian, M|\n|poke|p1|Gholdengo|\n|poke|p1|Ogerpon-Wellspring, F|\n|poke|p1|Great Tusk|\n|poke|p1|Raging Bolt|\n|poke|p2|Grimmsnarl, M|\n|poke|p2|Blastoise, F|\n|poke|p2|Hatterene, F|\n|poke|p2|Iron Crown|\n|poke|p2|Great Tusk|\n|poke|p2|Ceruledge, F|\n|teampreview\n|inactive|Battle timer is ON: inactive players will automatically lose when time's up. (requested by altyWIN)\n|\n|t:|1782448172\n|teamsize|p1|6\n|teamsize|p2|6\n|start\n|switch|p1a: Landorus|Landorus-Therian, M|100/100\n|switch|p2a: Grimmsnarl|Grimmsnarl, M|100/100\n|-ability|p1a: Landorus|Intimidate|boost\n|-unboost|p2a: Grimmsnarl|atk|1\n|turn|1\n|\n|t:|1782448178\n|move|p2a: Grimmsnarl|Taunt|p1a: Landorus\n|-start|p1a: Landorus|move: Taunt\n|cant|p1a: Landorus|move: Taunt|Taunt\n|\n|upkeep\n|turn|2\n|\n|t:|1782448180\n|move|p2a: Grimmsnarl|Reflect|p2a: Grimmsnarl\n|-sidestart|p2: altyWIN|Reflect\n|move|p1a: Landorus|U-turn|p2a: Grimmsnarl\n|-damage|p2a: Grimmsnarl|86/100\n|\n|t:|1782448193\n|switch|p1a: Ogerpon|Ogerpon-Wellspring, F|100/100|[from] U-turn\n|\n|upkeep\n|turn|3\n|\n|t:|1782448201\n|move|p2a: Grimmsnarl|Light Screen|p2a: Grimmsnarl\n|-sidestart|p2: altyWIN|move: Light Screen\n|move|p1a: Ogerpon|Knock Off|p2a: Grimmsnarl\n|-resisted|p2a: Grimmsnarl\n|-damage|p2a: Grimmsnarl|80/100\n|-enditem|p2a: Grimmsnarl|Light Clay|[from] move: Knock Off|[of] p1a: Ogerpon\n|\n|upkeep\n|turn|4\n|\n|t:|1782448220\n|switch|p2a: Iron Crown|Iron Crown|100/100\n|-enditem|p2a: Iron Crown|Booster Energy\n|-activate|p2a: Iron Crown|ability: Quark Drive|[fromitem]\n|-start|p2a: Iron Crown|quarkdrivespa\n|move|p1a: Ogerpon|Knock Off|p2a: Iron Crown\n|-supereffective|p2a: Iron Crown\n|-damage|p2a: Iron Crown|72/100\n|\n|upkeep\n|turn|5\n|\n|t:|1782448239\n|-terastallize|p2a: Iron Crown|Fighting\n|move|p1a: Ogerpon|U-turn|p2a: Iron Crown\n|-resisted|p2a: Iron Crown\n|-damage|p2a: Iron Crown|65/100\n|\n|t:|1782448245\n|switch|p1a: Landorus|Landorus-Therian, M|100/100|[from] U-turn\n|-ability|p1a: Landorus|Intimidate|boost\n|-unboost|p2a: Iron Crown|atk|1\n|move|p2a: Iron Crown|Agility|p2a: Iron Crown\n|-boost|p2a: Iron Crown|spe|2\n|\n|upkeep\n|turn|6\n|\n|t:|1782448253\n|move|p2a: Iron Crown|Calm Mind|p2a: Iron Crown\n|-boost|p2a: Iron Crown|spa|1\n|-boost|p2a: Iron Crown|spd|1\n|move|p1a: Landorus|Taunt|p2a: Iron Crown\n|-start|p2a: Iron Crown|move: Taunt\n|\n|upkeep\n|turn|7\n|\n|t:|1782448283\n|move|p2a: Iron Crown|Stored Power|p1a: Landorus\n|-damage|p1a: Landorus|0 fnt\n|faint|p1a: Landorus\n|\n|upkeep\n|\n|t:|1782448290\n|switch|p1a: Gholdengo|Gholdengo|100/100\n|turn|8\n|\n|t:|1782448294\n|move|p2a: Iron Crown|Stored Power|p1a: Gholdengo\n|-resisted|p1a: Gholdengo\n|-damage|p1a: Gholdengo|56/100\n|move|p1a: Gholdengo|Thunder Wave|p2a: Iron Crown\n|-status|p2a: Iron Crown|par\n|\n|-heal|p1a: Gholdengo|62/100|[from] item: Leftovers\n|upkeep\n|turn|9\n|\n|t:|1782448305\n|move|p2a: Iron Crown|Stored Power|p1a: Gholdengo\n|-resisted|p1a: Gholdengo\n|-damage|p1a: Gholdengo|17/100\n|move|p1a: Gholdengo|Hex|p2a: Iron Crown\n|-damage|p2a: Iron Crown|47/100 par\n|\n|-heal|p1a: Gholdengo|23/100|[from] item: Leftovers\n|-end|p2a: Iron Crown|move: Taunt\n|-sideend|p2: altyWIN|Reflect\n|upkeep\n|turn|10\n|\n|t:|1782448314\n|switch|p1a: Darkrai|Darkrai|100/100\n|move|p2a: Iron Crown|Calm Mind|p2a: Iron Crown\n|-boost|p2a: Iron Crown|spa|1\n|-boost|p2a: Iron Crown|spd|1\n|\n|-sideend|p2: altyWIN|move: Light Screen\n|upkeep\n|turn|11\n|\n|t:|1782448327\n|move|p1a: Darkrai|Sludge Bomb|p2a: Iron Crown\n|-damage|p2a: Iron Crown|31/100 par\n|cant|p2a: Iron Crown|par\n|\n|upkeep\n|turn|12\n|\n|t:|1782448333\n|move|p1a: Darkrai|Sludge Bomb|p2a: Iron Crown\n|-damage|p2a: Iron Crown|15/100 par\n|move|p2a: Iron Crown|Agility|p2a: Iron Crown\n|-boost|p2a: Iron Crown|spe|2\n|\n|upkeep\n|turn|13\n|\n|t:|1782448336\n|move|p2a: Iron Crown|Focus Blast|p1a: Darkrai\n|-supereffective|p1a: Darkrai\n|-damage|p1a: Darkrai|0 fnt\n|faint|p1a: Darkrai\n|\n|upkeep\n|\n|t:|1782448339\n|switch|p1a: Raging Bolt|Raging Bolt|100/100\n|turn|14\n|\n|t:|1782448344\n|move|p1a: Raging Bolt|Thunderclap||[still]\n|-fail|p1a: Raging Bolt\n|move|p2a: Iron Crown|Calm Mind|p2a: Iron Crown\n|-boost|p2a: Iron Crown|spa|1\n|-boost|p2a: Iron Crown|spd|1\n|\n|upkeep\n|turn|15\n|\n|t:|1782448356\n|-end|p1a: Raging Bolt|Protosynthesis|[silent]\n|switch|p1a: Gholdengo|Gholdengo|23/100\n|move|p2a: Iron Crown|Calm Mind|p2a: Iron Crown\n|-boost|p2a: Iron Crown|spa|1\n|-boost|p2a: Iron Crown|spd|1\n|\n|-heal|p1a: Gholdengo|29/100|[from] item: Leftovers\n|upkeep\n|turn|16\n|\n|t:|1782448362\n|move|p2a: Iron Crown|Stored Power|p1a: Gholdengo\n|-resisted|p1a: Gholdengo\n|-damage|p1a: Gholdengo|0 fnt\n|faint|p1a: Gholdengo\n|\n|upkeep\n|\n|t:|1782448364\n|switch|p1a: Raging Bolt|Raging Bolt|100/100\n|turn|17\n|\n|t:|1782448371\n|move|p2a: Iron Crown|Stored Power|p1a: Raging Bolt\n|-damage|p1a: Raging Bolt|0 fnt\n|faint|p1a: Raging Bolt\n|-end|p1a: Raging Bolt|Protosynthesis|[silent]\n|\n|upkeep\n|-message|telawn forfeited.\n|\n|win|altyWIN\n|raw|telawn's rating: 1383 &rarr; <strong>1363</strong><br />(-20 for losing)\n|raw|altyWIN's rating: 1376 &rarr; <strong>1396</strong><br />(+20 for winning)\n|l|☆telawn\n|player|p1|\n|l|☆altyWIN\n|player|p2|\n", "uploadtime": 1782448701, "views": 6, "formatid": "gen9ou", "rating": 1363, "private": 0, "password": null}