{"id": "gen9ou-2647780711", "format": "[Gen 9] OU", "players": ["spiritishere", "Icezangoose"], "log": "|j|☆spiritishere\n|j|☆Icezangoose\n|t:|1783811410\n|gametype|singles\n|player|p1|spiritishere|2|1100\n|player|p2|Icezangoose|1|1152\n|gen|9\n|tier|[Gen 9] OU\n|rated|\n|rule|HP Percentage Mod: HP is shown in percentages\n|rule|Endless Battle Clause: Forcing endless battles is banned\n|rule|Species Clause: Limit one of each Pokémon\n|rule|OHKO Clause: OHKO moves are banned\n|rule|Evasion Items Clause: Evasion items are banned\n|rule|Evasion Moves Clause: Evasion moves are banned\n|rule|Evasion Abilities Clause: Evasion abilities are banned\n|rule|Sleep Moves Clause: Sleep-inducing moves are banned\n|clearpoke\n|poke|p1|Goodra-Hisui, F|\n|poke|p1|Clodsire, F|\n|poke|p1|Blaziken, F|\n|poke|p1|Porygon-Z|\n|poke|p1|Quaquaval, M|\n|poke|p1|Rotom-Wash|\n|poke|p2|Great Tusk|\n|poke|p2|Chesnaught, F|\n|poke|p2|Ogerpon-Wellspring, F|\n|poke|p2|Dragapult, M|\n|poke|p2|Gliscor, M|\n|poke|p2|Glimmora, F|\n|teampreview\n|inactive|Battle timer is ON: inactive players will automatically lose when time's up. (requested by Icezangoose)\n|\n|t:|1783811433\n|teamsize|p1|6\n|teamsize|p2|6\n|start\n|switch|p1a: Rotom|Rotom-Wash|100/100\n|switch|p2a: Ogerpon|Ogerpon-Wellspring, F|100/100\n|turn|1\n|\n|t:|1783811439\n|move|p2a: Ogerpon|U-turn|p1a: Rotom\n|-damage|p1a: Rotom|74/100\n|\n|t:|1783811446\n|switch|p2a: Chesnaught|Chesnaught, F|100/100|[from] U-turn\n|move|p1a: Rotom|Will-O-Wisp|p2a: Chesnaught\n|-status|p2a: Chesnaught|brn\n|\n|-damage|p2a: Chesnaught|94/100 brn|[from] brn\n|upkeep\n|turn|2\n|\n|t:|1783811455\n|switch|p1a: Goodra|Goodra-Hisui, F|100/100\n|move|p2a: Chesnaught|Knock Off|p1a: Goodra\n|-damage|p1a: Goodra|93/100\n|-enditem|p1a: Goodra|Assault Vest|[from] move: Knock Off|[of] p2a: Chesnaught\n|\n|-damage|p2a: Chesnaught|88/100 brn|[from] brn\n|upkeep\n|turn|3\n|\n|t:|1783811465\n|move|p2a: Chesnaught|Body Press|p1a: Goodra\n|-supereffective|p1a: Goodra\n|-damage|p1a: Goodra|64/100\n|move|p1a: Goodra|Ice Beam|p2a: Chesnaught\n|-supereffective|p2a: Chesnaught\n|-damage|p2a: Chesnaught|41/100 brn\n|\n|-damage|p2a: Chesnaught|35/100 brn|[from] brn\n|upkeep\n|turn|4\n|\n|t:|1783811477\n|move|p2a: Chesnaught|Synthesis|p2a: Chesnaught\n|-heal|p2a: Chesnaught|85/100 brn\n|move|p1a: Goodra|Ice Beam|p2a: Chesnaught\n|-supereffective|p2a: Chesnaught\n|-damage|p2a: Chesnaught|32/100 brn\n|\n|-damage|p2a: Chesnaught|26/100 brn|[from] brn\n|upkeep\n|turn|5\n|\n|t:|1783811490\n|move|p2a: Chesnaught|Body Press|p1a: Goodra\n|-supereffective|p1a: Goodra\n|-damage|p1a: Goodra|33/100\n|move|p1a: Goodra|Ice Beam|p2a: Chesnaught\n|-supereffective|p2a: Chesnaught\n|-damage|p2a: Chesnaught|0 fnt\n|faint|p2a: Chesnaught\n|\n|upkeep\n|\n|t:|1783811496\n|switch|p2a: Great Tusk|Great Tusk|100/100\n|turn|6\n|\n|t:|1783811506\n|switch|p1a: Rotom|Rotom-Wash|74/100\n|move|p2a: Great Tusk|Headlong Rush|p1a: Rotom\n|-immune|p1a: Rotom|[from] ability: Levitate\n|\n|upkeep\n|turn|7\n|\n|t:|1783811517\n|-end|p2a: Great Tusk|Protosynthesis|[silent]\n|switch|p2a: Ogerpon|Ogerpon-Wellspring, F|100/100\n|move|p1a: Rotom|Will-O-Wisp|p2a: Ogerpon\n|-status|p2a: Ogerpon|brn\n|\n|-damage|p2a: Ogerpon|95/100 brn|[from] brn\n|upkeep\n|turn|8\n|\n|t:|1783811531\n|switch|p1a: Goodra|Goodra-Hisui, F|33/100\n|move|p2a: Ogerpon|Power Whip|p1a: Goodra\n|-ability|p1a: Goodra|Sap Sipper|boost\n|-boost|p1a: Goodra|atk|1\n|\n|-damage|p2a: Ogerpon|89/100 brn|[from] brn\n|upkeep\n|turn|9\n|\n|t:|1783811540\n|-terastallize|p2a: Ogerpon|Water\n|detailschange|p2a: Ogerpon|Ogerpon-Wellspring-Tera, F, tera:Water\n|-ability|p2a: Ogerpon|Embody Aspect (Wellspring)|boost\n|-boost|p2a: Ogerpon|spd|1\n|move|p2a: Ogerpon|Ivy Cudgel|p1a: Goodra|[anim] Ivy Cudgel Water\n|-resisted|p1a: Goodra\n|-damage|p1a: Goodra|19/100\n|move|p1a: Goodra|Thunderbolt|p2a: Ogerpon\n|-supereffective|p2a: Ogerpon\n|-damage|p2a: Ogerpon|52/100 brn\n|\n|-damage|p2a: Ogerpon|46/100 brn|[from] brn\n|upkeep\n|turn|10\n|\n|t:|1783811559\n|move|p2a: Ogerpon|U-turn|p1a: Goodra\n|-resisted|p1a: Goodra\n|-damage|p1a: Goodra|15/100\n|\n|t:|1783811569\n|switch|p2a: Gliscor|Gliscor, M|100/100|[from] U-turn\n|move|p1a: Goodra|Thunderbolt|p2a: Gliscor\n|-immune|p2a: Gliscor\n|\n|-status|p2a: Gliscor|tox|[from] item: Toxic Orb\n|upkeep\n|turn|11\n|\n|t:|1783811582\n|move|p2a: Gliscor|Protect|p2a: Gliscor\n|-singleturn|p2a: Gliscor|Protect\n|move|p1a: Goodra|Ice Beam|p2a: Gliscor\n|-activate|p2a: Gliscor|move: Protect\n|\n|upkeep\n|turn|12\n|\n|t:|1783811589\n|move|p2a: Gliscor|Earthquake|p1a: Goodra\n|-supereffective|p1a: Goodra\n|-damage|p1a: Goodra|0 fnt\n|faint|p1a: Goodra\n|\n|upkeep\n|\n|t:|1783811595\n|switch|p1a: Porygon-Z|Porygon-Z|100/100\n|turn|13\n|\n|t:|1783811611\n|switch|p2a: Ogerpon|Ogerpon-Wellspring-Tera, F, tera:Water|46/100 brn\n|-ability|p2a: Ogerpon|Embody Aspect (Wellspring)|boost\n|-boost|p2a: Ogerpon|spd|1\n|move|p1a: Porygon-Z|Tri Attack|p2a: Ogerpon\n|-damage|p2a: Ogerpon|0 fnt\n|faint|p2a: Ogerpon\n|detailschange|p2: Ogerpon|Ogerpon-Wellspring, F|[silent]\n|\n|upkeep\n|\n|t:|1783811618\n|switch|p2a: Glimmora|Glimmora, F|100/100\n|turn|14\n|\n|t:|1783811628\n|switch|p1a: Quaquaval|Quaquaval, M|100/100\n|move|p2a: Glimmora|Meteor Beam||[still]\n|-prepare|p2a: Glimmora|Meteor Beam\n|-boost|p2a: Glimmora|spa|1\n|-enditem|p2a: Glimmora|Power Herb\n|-anim|p2a: Glimmora|Meteor Beam|p1a: Quaquaval\n|-resisted|p1a: Quaquaval\n|-damage|p1a: Quaquaval|31/100\n|\n|upkeep\n|turn|15\n|\n|t:|1783811649\n|switch|p2a: Dragapult|Dragapult, M|100/100\n|move|p1a: Quaquaval|Aqua Jet|p2a: Dragapult\n|-resisted|p2a: Dragapult\n|-damage|p2a: Dragapult|87/100\n|\n|upkeep\n|turn|16\n|\n|t:|1783811667\n|move|p2a: Dragapult|Shadow Ball|p1a: Quaquaval\n|-damage|p1a: Quaquaval|0 fnt\n|faint|p1a: Quaquaval\n|\n|upkeep\n|\n|t:|1783811675\n|switch|p1a: Porygon-Z|Porygon-Z|100/100\n|turn|17\n|\n|t:|1783811679\n|switch|p2a: Gliscor|Gliscor, M|100/100 tox\n|move|p1a: Porygon-Z|Shadow Ball|p2a: Gliscor\n|-damage|p2a: Gliscor|63/100 tox\n|\n|-heal|p2a: Gliscor|76/100 tox|[from] ability: Poison Heal\n|upkeep\n|turn|18\n|\n|t:|1783811691\n|switch|p1a: Rotom|Rotom-Wash|74/100\n|move|p2a: Gliscor|Protect||[still]\n|-fail|p2a: Gliscor\n|\n|-heal|p2a: Gliscor|88/100 tox|[from] ability: Poison Heal\n|upkeep\n|turn|19\n|\n|t:|1783811702\n|move|p2a: Gliscor|Protect|p2a: Gliscor\n|-singleturn|p2a: Gliscor|Protect\n|move|p1a: Rotom|Trick|p2a: Gliscor\n|-activate|p2a: Gliscor|move: Protect\n|\n|-heal|p2a: Gliscor|100/100 tox|[from] ability: Poison Heal\n|upkeep\n|turn|20\n|\n|t:|1783811718\n|switch|p2a: Glimmora|Glimmora, F|100/100\n|move|p1a: Rotom|Trick|p2a: Glimmora\n|-activate|p1a: Rotom|move: Trick|[of] p2a: Glimmora\n|-item|p2a: Glimmora|Choice Band|[from] move: Trick\n|-enditem|p1a: Rotom|Choice Band|[silent]|[from] move: Trick\n|\n|upkeep\n|turn|21\n|\n|t:|1783811728\n|move|p1a: Rotom|Will-O-Wisp|p2a: Glimmora|[miss]\n|-miss|p1a: Rotom|p2a: Glimmora\n|move|p2a: Glimmora|Meteor Beam||[still]\n|-prepare|p2a: Glimmora|Meteor Beam\n|-boost|p2a: Glimmora|spa|1\n|\n|upkeep\n|turn|22\n|\n|t:|1783811739\n|move|p1a: Rotom|Will-O-Wisp|p2a: Glimmora\n|-status|p2a: Glimmora|brn\n|move|p2a: Glimmora|Meteor Beam|p1a: Rotom|[from] lockedmove\n|-damage|p1a: Rotom|0 fnt\n|faint|p1a: Rotom\n|\n|-damage|p2a: Glimmora|94/100 brn|[from] brn\n|upkeep\n|\n|t:|1783811748\n|switch|p1a: Blaziken|Blaziken, F|100/100\n|turn|23\n|\n|t:|1783811756\n|switch|p2a: Gliscor|Gliscor, M|100/100 tox\n|move|p1a: Blaziken|Swords Dance|p1a: Blaziken\n|-boost|p1a: Blaziken|atk|2\n|\n|-ability|p1a: Blaziken|Speed Boost|boost\n|-boost|p1a: Blaziken|spe|1\n|upkeep\n|turn|24\n|\n|t:|1783811775\n|move|p1a: Blaziken|Swords Dance|p1a: Blaziken\n|-boost|p1a: Blaziken|atk|2\n|move|p2a: Gliscor|Earthquake|p1a: Blaziken\n|-supereffective|p1a: Blaziken\n|-enditem|p1a: Blaziken|Focus Sash\n|-damage|p1a: Blaziken|1/100\n|\n|-ability|p1a: Blaziken|Speed Boost|boost\n|-boost|p1a: Blaziken|spe|1\n|upkeep\n|turn|25\n|inactive|Icezangoose has 120 seconds left.\n|\n|t:|1783811821\n|move|p2a: Gliscor|Protect|p2a: Gliscor\n|-singleturn|p2a: Gliscor|Protect\n|move|p1a: Blaziken|Fire Punch|p2a: Gliscor\n|-activate|p2a: Gliscor|move: Protect\n|\n|-ability|p1a: Blaziken|Speed Boost|boost\n|-boost|p1a: Blaziken|spe|1\n|upkeep\n|turn|26\n|\n|t:|1783811839\n|move|p1a: Blaziken|Fire Punch|p2a: Gliscor\n|-damage|p2a: Gliscor|28/100 tox\n|move|p2a: Gliscor|Earthquake|p1a: Blaziken\n|-supereffective|p1a: Blaziken\n|-damage|p1a: Blaziken|0 fnt\n|faint|p1a: Blaziken\n|\n|-heal|p2a: Gliscor|41/100 tox|[from] ability: Poison Heal\n|upkeep\n|c|☆Icezangoose|why not flare blitz?\n|\n|t:|1783811854\n|switch|p1a: Porygon-Z|Porygon-Z|100/100\n|turn|27\n|\n|t:|1783811856\n|move|p2a: Gliscor|Protect|p2a: Gliscor\n|-singleturn|p2a: Gliscor|Protect\n|move|p1a: Porygon-Z|Ice Beam|p2a: Gliscor\n|-activate|p2a: Gliscor|move: Protect\n|\n|-heal|p2a: Gliscor|53/100 tox|[from] ability: Poison Heal\n|upkeep\n|turn|28\n|\n|t:|1783811865\n|switch|p1a: Clodsire|Clodsire, F|100/100\n|switch|p2a: Glimmora|Glimmora, F|94/100 brn\n|\n|-damage|p2a: Glimmora|88/100 brn|[from] brn\n|upkeep\n|turn|29\n|\n|t:|1783811876\n|switch|p2a: Gliscor|Gliscor, M|53/100 tox\n|switch|p1a: Porygon-Z|Porygon-Z|100/100\n|\n|-heal|p2a: Gliscor|66/100 tox|[from] ability: Poison Heal\n|upkeep\n|turn|30\n|\n|t:|1783811884\n|move|p2a: Gliscor|Protect|p2a: Gliscor\n|-singleturn|p2a: Gliscor|Protect\n|move|p1a: Porygon-Z|Thunderbolt|p2a: Gliscor\n|-activate|p2a: Gliscor|move: Protect\n|\n|-heal|p2a: Gliscor|78/100 tox|[from] ability: Poison Heal\n|upkeep\n|turn|31\n|\n|t:|1783811894\n|move|p1a: Porygon-Z|Thunderbolt|p2a: Gliscor\n|-immune|p2a: Gliscor\n|move|p2a: Gliscor|Toxic|p1a: Porygon-Z\n|-status|p1a: Porygon-Z|tox\n|\n|-damage|p1a: Porygon-Z|94/100 tox|[from] psn\n|-heal|p2a: Gliscor|91/100 tox|[from] ability: Poison Heal\n|upkeep\n|turn|32\n|-message|spiritishere forfeited.\n|\n|win|Icezangoose\n|raw|spiritishere's rating: 1100 &rarr; <strong>1079</strong><br />(-21 for losing)\n|raw|Icezangoose's rating: 1152 &rarr; <strong>1173</strong><br />(+21 for winning)\n", "uploadtime": 1783811901, "views": 7, "formatid": "gen9ou", "rating": 1079, "private": 0, "password": null}