{"id": "gen9ou-2540792635", "format": "[Gen 9] OU", "players": ["Noamm", "STALLWILLCONQUER"], "log": "|badge|p1|bronze|gen9ou|100-8\n|uhtml|medal-msg|<div class=\"broadcast-blue\">Curious what those medals under the avatar are? PS now has Ladder Seasons! For more information, check out the <a href=\"https://www.smogon.com/forums/threads/3740067/\">thread on Smogon.</a></div>\n|j|☆Noamm\n|j|☆STALLWILLCONQUER\n|t:|1771254554\n|gametype|singles\n|player|p1|Noamm|gambler|1741\n|player|p2|STALLWILLCONQUER|colress|1710\n|gen|9\n|tier|[Gen 9] OU\n|rated|\n|rule|HP Percentage Mod: HP is shown in percentages\n|rule|Endless Battle Clause: Forcing endless battles is banned\n|rule|Species Clause: Limit one of each Pokémon\n|rule|OHKO Clause: OHKO moves are banned\n|rule|Evasion Items Clause: Evasion items are banned\n|rule|Evasion Moves Clause: Evasion moves are banned\n|rule|Evasion Abilities Clause: Evasion abilities are banned\n|rule|Sleep Moves Clause: Sleep-inducing moves are banned\n|clearpoke\n|poke|p1|Lokix, F|\n|poke|p1|Iron Valiant|\n|poke|p1|Alomomola, M|\n|poke|p1|Mandibuzz, F|\n|poke|p1|Great Tusk|\n|poke|p1|Gholdengo|\n|poke|p2|Clodsire, F|\n|poke|p2|Dondozo, M|\n|poke|p2|Alomomola, M|\n|poke|p2|Talonflame, F|\n|poke|p2|Toxapex, F|\n|poke|p2|Blissey, F|\n|teampreview\n|j| newmira\n|\n|t:|1771254603\n|teamsize|p1|6\n|teamsize|p2|6\n|start\n|switch|p1a: He Who Walks|Great Tusk|100/100\n|switch|p2a: Toxapex|Toxapex, F|100/100\n|turn|1\n|\n|t:|1771254607\n|move|p1a: He Who Walks|Headlong Rush|p2a: Toxapex\n|-supereffective|p2a: Toxapex\n|-damage|p2a: Toxapex|29/100\n|-unboost|p1a: He Who Walks|def|1\n|-unboost|p1a: He Who Walks|spd|1\n|move|p2a: Toxapex|Toxic|p1a: He Who Walks\n|-status|p1a: He Who Walks|tox\n|\n|-damage|p1a: He Who Walks|94/100 tox|[from] psn\n|upkeep\n|turn|2\n|\n|t:|1771254613\n|switch|p2a: Alomomola|Alomomola, M|100/100\n|move|p1a: He Who Walks|Stealth Rock|p2a: Alomomola\n|-sidestart|p2: STALLWILLCONQUER|move: Stealth Rock\n|\n|-damage|p1a: He Who Walks|82/100 tox|[from] psn\n|upkeep\n|turn|3\n|\n|t:|1771254619\n|-end|p1a: He Who Walks|Protosynthesis|[silent]\n|switch|p1a: CLOCK UP|Alomomola, M|100/100\n|move|p2a: Alomomola|Flip Turn|p1a: CLOCK UP\n|-resisted|p1a: CLOCK UP\n|-damage|p1a: CLOCK UP|94/100\n|\n|t:|1771254622\n|switch|p2a: Toxapex|Toxapex, F|63/100|[from] Flip Turn\n|\n|upkeep\n|turn|4\n|\n|t:|1771254625\n|move|p1a: CLOCK UP|Flip Turn|p2a: Toxapex\n|-resisted|p2a: Toxapex\n|-damage|p2a: Toxapex|58/100\n|\n|t:|1771254627\n|switch|p1a: The Path of Heaven|Gholdengo|100/100|[from] Flip Turn\n|move|p2a: Toxapex|Infestation|p1a: The Path of Heaven\n|-resisted|p1a: The Path of Heaven\n|-damage|p1a: The Path of Heaven|99/100\n|-activate|p1a: The Path of Heaven|move: Infestation|[of] p2a: Toxapex\n|\n|-damage|p1a: The Path of Heaven|87/100|[from] move: Infestation|[partiallytrapped]\n|upkeep\n|turn|5\n|\n|t:|1771254634\n|switch|p2a: Blissey|Blissey, F|100/100\n|move|p1a: The Path of Heaven|Trick|p2a: Blissey\n|-activate|p1a: The Path of Heaven|move: Trick|[of] p2a: Blissey\n|-item|p2a: Blissey|Choice Scarf|[from] move: Trick\n|-item|p1a: The Path of Heaven|Heavy-Duty Boots|[from] move: Trick\n|\n|-end|p1a: The Path of Heaven|Infestation|[partiallytrapped]|[silent]\n|upkeep\n|turn|6\n|\n|t:|1771254639\n|move|p1a: The Path of Heaven|Focus Blast|p2a: Blissey\n|-supereffective|p2a: Blissey\n|-damage|p2a: Blissey|75/100\n|move|p2a: Blissey|Shadow Ball|p1a: The Path of Heaven\n|-supereffective|p1a: The Path of Heaven\n|-damage|p1a: The Path of Heaven|56/100\n|\n|upkeep\n|turn|7\n|\n|t:|1771254646\n|switch|p1a: RIDER KICK|Lokix, F|100/100\n|move|p2a: Blissey|Shadow Ball|p1a: RIDER KICK\n|-resisted|p1a: RIDER KICK\n|-damage|p1a: RIDER KICK|86/100\n|\n|upkeep\n|turn|8\n|\n|t:|1771254649\n|switch|p2a: Talonflame|Talonflame, F|100/100\n|move|p1a: RIDER KICK|Knock Off|p2a: Talonflame\n|-damage|p2a: Talonflame|35/100\n|-enditem|p2a: Talonflame|Heavy-Duty Boots|[from] move: Knock Off|[of] p1a: RIDER KICK\n|\n|upkeep\n|turn|9\n|\n|t:|1771254657\n|switch|p1a: The Path of Heaven|Gholdengo|56/100\n|move|p2a: Talonflame|Roost|p2a: Talonflame\n|-heal|p2a: Talonflame|85/100\n|-singleturn|p2a: Talonflame|move: Roost\n|\n|upkeep\n|turn|10\n|\n|t:|1771254663\n|move|p2a: Talonflame|Flamethrower|p1a: The Path of Heaven\n|-supereffective|p1a: The Path of Heaven\n|-damage|p1a: The Path of Heaven|4/100\n|move|p1a: The Path of Heaven|Shadow Ball|p2a: Talonflame\n|-damage|p2a: Talonflame|29/100\n|\n|upkeep\n|turn|11\n|\n|t:|1771254671\n|move|p2a: Talonflame|Roost|p2a: Talonflame\n|-heal|p2a: Talonflame|79/100\n|-singleturn|p2a: Talonflame|move: Roost\n|move|p1a: The Path of Heaven|Shadow Ball|p2a: Talonflame\n|-damage|p2a: Talonflame|26/100\n|\n|upkeep\n|turn|12\n|\n|t:|1771254674\n|move|p2a: Talonflame|Flamethrower|p1a: The Path of Heaven\n|-supereffective|p1a: The Path of Heaven\n|-damage|p1a: The Path of Heaven|0 fnt\n|faint|p1a: The Path of Heaven\n|\n|upkeep\n|\n|t:|1771254677\n|switch|p1a: CLOCK UP|Alomomola, M|100/100\n|turn|13\n|\n|t:|1771254679\n|move|p1a: CLOCK UP|Aqua Jet|p2a: Talonflame\n|-supereffective|p2a: Talonflame\n|-damage|p2a: Talonflame|5/100\n|move|p2a: Talonflame|Roost|p2a: Talonflame\n|-heal|p2a: Talonflame|55/100\n|-singleturn|p2a: Talonflame|move: Roost\n|\n|upkeep\n|turn|14\n|\n|t:|1771254686\n|move|p2a: Talonflame|Roost|p2a: Talonflame\n|-heal|p2a: Talonflame|100/100\n|-singleturn|p2a: Talonflame|move: Roost\n|move|p1a: CLOCK UP|Flip Turn|p2a: Talonflame\n|-supereffective|p2a: Talonflame\n|-damage|p2a: Talonflame|67/100\n|\n|t:|1771254688\n|switch|p1a: CAST OFF|Iron Valiant, shiny|100/100|[from] Flip Turn\n|\n|upkeep\n|turn|15\n|\n|t:|1771254693\n|switch|p2a: Clodsire|Clodsire, F|100/100\n|move|p1a: CAST OFF|Thunderbolt|p2a: Clodsire\n|-immune|p2a: Clodsire\n|\n|upkeep\n|turn|16\n|\n|t:|1771254701\n|-end|p1a: CAST OFF|Quark Drive|[silent]\n|switch|p1a: RIDER KICK|Lokix, F|86/100\n|move|p2a: Clodsire|Gunk Shot|p1a: RIDER KICK\n|-damage|p1a: RIDER KICK|41/100\n|\n|upkeep\n|turn|17\n|\n|t:|1771254707\n|-terastallize|p1a: RIDER KICK|Bug\n|move|p1a: RIDER KICK|Leech Life|p2a: Clodsire\n|-resisted|p2a: Clodsire\n|-damage|p2a: Clodsire|20/100\n|-heal|p1a: RIDER KICK|100/100|[from] drain|[of] p2a: Clodsire\n|move|p2a: Clodsire|Gunk Shot|p1a: RIDER KICK|[miss]\n|-miss|p2a: Clodsire|p1a: RIDER KICK\n|\n|upkeep\n|turn|18\n|c|☆STALLWILLCONQUER|yo that's crazy fr\n|\n|t:|1771254737\n|switch|p2a: Dondozo|Dondozo, M|100/100\n|move|p1a: RIDER KICK|Leech Life|p2a: Dondozo\n|-damage|p2a: Dondozo|68/100\n|\n|upkeep\n|turn|19\n|\n|t:|1771254743\n|switch|p1a: CAST OFF|Iron Valiant, shiny|100/100\n|move|p2a: Dondozo|Rest|p2a: Dondozo\n|-status|p2a: Dondozo|slp|[from] move: Rest\n|-heal|p2a: Dondozo|100/100 slp|[silent]\n|\n|upkeep\n|turn|20\n|\n|t:|1771254749\n|switch|p2a: Blissey|Blissey, F|75/100\n|-damage|p2a: Blissey|63/100|[from] Stealth Rock\n|move|p1a: CAST OFF|Moonblast|p2a: Blissey\n|-damage|p2a: Blissey|43/100\n|\n|upkeep\n|turn|21\n|\n|t:|1771254755\n|move|p1a: CAST OFF|Moonblast|p2a: Blissey\n|-damage|p2a: Blissey|24/100\n|move|p2a: Blissey|Soft-Boiled|p2a: Blissey\n|-heal|p2a: Blissey|74/100\n|\n|upkeep\n|turn|22\n|\n|t:|1771254760\n|switch|p2a: Alomomola|Alomomola, M|100/100\n|move|p1a: CAST OFF|Moonblast|p2a: Alomomola\n|-damage|p2a: Alomomola|17/100\n|\n|upkeep\n|turn|23\n|\n|t:|1771254774\n|switch|p2a: Toxapex|Toxapex, F|91/100\n|move|p1a: CAST OFF|Moonblast|p2a: Toxapex\n|-resisted|p2a: Toxapex\n|-damage|p2a: Toxapex|60/100\n|\n|upkeep\n|turn|24\n|\n|t:|1771254785\n|-end|p1a: CAST OFF|Quark Drive|[silent]\n|switch|p1a: RIDER KICK|Lokix, F, tera:Bug|100/100\n|move|p2a: Toxapex|Toxic|p1a: RIDER KICK\n|-status|p1a: RIDER KICK|tox\n|\n|-damage|p1a: RIDER KICK|94/100 tox|[from] psn\n|upkeep\n|turn|25\n|c|☆Noamm|Burn brood now\n|c|☆Noamm|Proof\n|inactive|Battle timer is ON: inactive players will automatically lose when time's up. (requested by Noamm)\n|\n|t:|1771254838\n|switch|p2a: Talonflame|Talonflame, F|67/100\n|-damage|p2a: Talonflame|17/100|[from] Stealth Rock\n|move|p1a: RIDER KICK|Leech Life|p2a: Talonflame\n|-resisted|p2a: Talonflame\n|-damage|p2a: Talonflame|0 fnt\n|-heal|p1a: RIDER KICK|100/100 tox|[from] drain|[of] p2a: Talonflame\n|faint|p2a: Talonflame\n|\n|-damage|p1a: RIDER KICK|88/100 tox|[from] psn\n|upkeep\n|\n|t:|1771254862\n|switch|p2a: Dondozo|Dondozo, M|100/100 slp\n|turn|26\n|\n|t:|1771254865\n|switch|p1a: CAST OFF|Iron Valiant, shiny|100/100\n|cant|p2a: Dondozo|slp\n|move|p2a: Dondozo|Sleep Talk|p2a: Dondozo\n|move|p2a: Dondozo|Body Press|p1a: CAST OFF|[from] move: Sleep Talk\n|-resisted|p1a: CAST OFF\n|-damage|p1a: CAST OFF|84/100\n|\n|upkeep\n|turn|27\n|\n|t:|1771254872\n|switch|p2a: Clodsire|Clodsire, F|20/100\n|move|p1a: CAST OFF|Moonblast|p2a: Clodsire\n|-resisted|p2a: Clodsire\n|-damage|p2a: Clodsire|1/100\n|-unboost|p2a: Clodsire|spa|1\n|\n|upkeep\n|turn|28\n|\n|t:|1771254877\n|switch|p2a: Toxapex|Toxapex, F|94/100\n|move|p1a: CAST OFF|Moonblast|p2a: Toxapex\n|-resisted|p2a: Toxapex\n|-damage|p2a: Toxapex|63/100\n|-unboost|p2a: Toxapex|spa|1\n|\n|upkeep\n|turn|29\n|\n|t:|1771254882\n|-end|p1a: CAST OFF|Quark Drive|[silent]\n|switch|p1a: RIDER KICK|Lokix, F, tera:Bug|88/100 tox\n|move|p2a: Toxapex|Recover|p2a: Toxapex\n|-heal|p2a: Toxapex|100/100\n|\n|-damage|p1a: RIDER KICK|82/100 tox|[from] psn\n|upkeep\n|turn|30\n|\n|t:|1771254887\n|move|p1a: RIDER KICK|Leech Life|p2a: Toxapex\n|-resisted|p2a: Toxapex\n|-damage|p2a: Toxapex|52/100\n|-heal|p1a: RIDER KICK|100/100 tox|[from] drain|[of] p2a: Toxapex\n|move|p2a: Toxapex|Infestation|p1a: RIDER KICK\n|-damage|p1a: RIDER KICK|96/100 tox\n|-activate|p1a: RIDER KICK|move: Infestation|[of] p2a: Toxapex\n|\n|-damage|p1a: RIDER KICK|84/100 tox|[from] psn\n|-damage|p1a: RIDER KICK|72/100 tox|[from] move: Infestation|[partiallytrapped]\n|upkeep\n|turn|31\n|\n|t:|1771254891\n|move|p1a: RIDER KICK|Leech Life|p2a: Toxapex\n|-resisted|p2a: Toxapex\n|-damage|p2a: Toxapex|2/100\n|-heal|p1a: RIDER KICK|99/100 tox|[from] drain|[of] p2a: Toxapex\n|move|p2a: Toxapex|Recover|p2a: Toxapex\n|-heal|p2a: Toxapex|52/100\n|\n|-damage|p1a: RIDER KICK|81/100 tox|[from] psn\n|-damage|p1a: RIDER KICK|68/100 tox|[from] move: Infestation|[partiallytrapped]\n|upkeep\n|turn|32\n|\n|t:|1771254900\n|move|p1a: RIDER KICK|Leech Life|p2a: Toxapex\n|-resisted|p2a: Toxapex\n|-damage|p2a: Toxapex|10/100\n|-heal|p1a: RIDER KICK|91/100 tox|[from] drain|[of] p2a: Toxapex\n|move|p2a: Toxapex|Recover|p2a: Toxapex\n|-heal|p2a: Toxapex|60/100\n|\n|-damage|p1a: RIDER KICK|67/100 tox|[from] psn\n|-damage|p1a: RIDER KICK|55/100 tox|[from] move: Infestation|[partiallytrapped]\n|upkeep\n|turn|33\n|\n|t:|1771254909\n|move|p1a: RIDER KICK|Leech Life|p2a: Toxapex\n|-resisted|p2a: Toxapex\n|-damage|p2a: Toxapex|10/100\n|-heal|p1a: RIDER KICK|81/100 tox|[from] drain|[of] p2a: Toxapex\n|move|p2a: Toxapex|Recover|p2a: Toxapex\n|-heal|p2a: Toxapex|60/100\n|\n|-damage|p1a: RIDER KICK|51/100 tox|[from] psn\n|-damage|p1a: RIDER KICK|39/100 tox|[from] move: Infestation|[partiallytrapped]\n|upkeep\n|turn|34\n|\n|t:|1771254920\n|move|p1a: RIDER KICK|Leech Life|p2a: Toxapex\n|-resisted|p2a: Toxapex\n|-damage|p2a: Toxapex|15/100\n|-heal|p1a: RIDER KICK|63/100 tox|[from] drain|[of] p2a: Toxapex\n|move|p2a: Toxapex|Recover|p2a: Toxapex\n|-heal|p2a: Toxapex|65/100\n|\n|-damage|p1a: RIDER KICK|27/100 tox|[from] psn\n|-damage|p1a: RIDER KICK|15/100 tox|[from] move: Infestation|[partiallytrapped]\n|upkeep\n|turn|35\n|\n|t:|1771254930\n|move|p1a: RIDER KICK|Leech Life|p2a: Toxapex\n|-resisted|p2a: Toxapex\n|-damage|p2a: Toxapex|15/100\n|-heal|p1a: RIDER KICK|42/100 tox|[from] drain|[of] p2a: Toxapex\n|move|p2a: Toxapex|Recover|p2a: Toxapex\n|-heal|p2a: Toxapex|65/100\n|\n|-damage|p1a: RIDER KICK|0 fnt|[from] psn\n|faint|p1a: RIDER KICK\n|upkeep\n|\n|t:|1771254937\n|switch|p1a: He Who Walks|Great Tusk|82/100 tox\n|turn|36\n|\n|t:|1771254946\n|switch|p2a: Dondozo|Dondozo, M|100/100 slp\n|move|p1a: He Who Walks|Headlong Rush|p2a: Dondozo\n|-damage|p2a: Dondozo|75/100 slp\n|-unboost|p1a: He Who Walks|def|1\n|-unboost|p1a: He Who Walks|spd|1\n|\n|-damage|p1a: He Who Walks|76/100 tox|[from] psn\n|upkeep\n|turn|37\n|\n|t:|1771254953\n|-end|p1a: He Who Walks|Protosynthesis|[silent]\n|switch|p1a: CAST OFF|Iron Valiant, shiny|84/100\n|cant|p2a: Dondozo|slp\n|move|p2a: Dondozo|Sleep Talk|p2a: Dondozo\n|move|p2a: Dondozo|Body Press|p1a: CAST OFF|[from] move: Sleep Talk\n|-resisted|p1a: CAST OFF\n|-damage|p1a: CAST OFF|65/100\n|\n|upkeep\n|turn|38\n|\n|t:|1771254963\n|switch|p2a: Blissey|Blissey, F|74/100\n|-damage|p2a: Blissey|61/100|[from] Stealth Rock\n|move|p1a: CAST OFF|Moonblast|p2a: Blissey\n|-damage|p2a: Blissey|42/100\n|-unboost|p2a: Blissey|spa|1\n|\n|upkeep\n|turn|39\n|\n|t:|1771254970\n|-end|p1a: CAST OFF|Quark Drive|[silent]\n|switch|p1a: CLOCK UP|Alomomola, M|100/100\n|move|p2a: Blissey|Soft-Boiled|p2a: Blissey\n|-heal|p2a: Blissey|92/100\n|\n|upkeep\n|turn|40\n|\n|t:|1771254981\n|switch|p2a: Alomomola|Alomomola, M|50/100\n|switch|p1a: CAST OFF|Iron Valiant, shiny|65/100\n|\n|upkeep\n|turn|41\n|\n|t:|1771254986\n|move|p2a: Alomomola|Protect|p2a: Alomomola\n|-singleturn|p2a: Alomomola|Protect\n|move|p1a: CAST OFF|Moonblast|p2a: Alomomola\n|-activate|p2a: Alomomola|move: Protect\n|\n|upkeep\n|turn|42\n|\n|t:|1771254992\n|switch|p2a: Toxapex|Toxapex, F|98/100\n|move|p1a: CAST OFF|Moonblast|p2a: Toxapex\n|-resisted|p2a: Toxapex\n|-crit|p2a: Toxapex\n|-damage|p2a: Toxapex|57/100\n|\n|upkeep\n|turn|43\n|\n|t:|1771254997\n|-end|p1a: CAST OFF|Quark Drive|[silent]\n|switch|p1a: CLOCK UP|Alomomola, M|100/100\n|move|p2a: Toxapex|Infestation|p1a: CLOCK UP\n|-damage|p1a: CLOCK UP|99/100\n|-activate|p1a: CLOCK UP|move: Infestation|[of] p2a: Toxapex\n|\n|-damage|p1a: CLOCK UP|87/100|[from] move: Infestation|[partiallytrapped]\n|upkeep\n|turn|44\n|\n|t:|1771255001\n|switch|p2a: Alomomola|Alomomola, M|84/100\n|move|p1a: CLOCK UP|Flip Turn|p2a: Alomomola\n|-resisted|p2a: Alomomola\n|-damage|p2a: Alomomola|79/100\n|\n|t:|1771255003\n|switch|p1a: CAST OFF|Iron Valiant, shiny|65/100|[from] Flip Turn\n|\n|upkeep\n|turn|45\n|\n|t:|1771255007\n|move|p2a: Alomomola|Protect|p2a: Alomomola\n|-singleturn|p2a: Alomomola|Protect\n|move|p1a: CAST OFF|Moonblast|p2a: Alomomola\n|-activate|p2a: Alomomola|move: Protect\n|\n|upkeep\n|turn|46\n|\n|t:|1771255012\n|switch|p2a: Toxapex|Toxapex, F|90/100\n|move|p1a: CAST OFF|Moonblast|p2a: Toxapex\n|-resisted|p2a: Toxapex\n|-damage|p2a: Toxapex|59/100\n|\n|upkeep\n|turn|47\n|\n|t:|1771255016\n|-end|p1a: CAST OFF|Quark Drive|[silent]\n|switch|p1a: CLOCK UP|Alomomola, M|100/100\n|move|p2a: Toxapex|Toxic|p1a: CLOCK UP\n|-status|p1a: CLOCK UP|tox\n|\n|-damage|p1a: CLOCK UP|94/100 tox|[from] psn\n|upkeep\n|turn|48\n|\n|t:|1771255018\n|switch|p2a: Alomomola|Alomomola, M|100/100\n|move|p1a: CLOCK UP|Flip Turn|p2a: Alomomola\n|-resisted|p2a: Alomomola\n|-damage|p2a: Alomomola|96/100\n|\n|t:|1771255021\n|switch|p1a: CAST OFF|Iron Valiant, shiny|65/100|[from] Flip Turn\n|\n|upkeep\n|turn|49\n|\n|t:|1771255027\n|move|p2a: Alomomola|Protect|p2a: Alomomola\n|-singleturn|p2a: Alomomola|Protect\n|move|p1a: CAST OFF|Thunderbolt|p2a: Alomomola\n|-activate|p2a: Alomomola|move: Protect\n|\n|upkeep\n|turn|50\n|\n|t:|1771255033\n|-end|p1a: CAST OFF|Quark Drive|[silent]\n|switch|p1a: He Who Walks|Great Tusk|76/100 tox\n|switch|p2a: Clodsire|Clodsire, F|1/100\n|\n|-damage|p1a: He Who Walks|70/100 tox|[from] psn\n|upkeep\n|turn|51\n|\n|t:|1771255036\n|switch|p2a: Alomomola|Alomomola, M|100/100\n|move|p1a: He Who Walks|Headlong Rush|p2a: Alomomola\n|-damage|p2a: Alomomola|67/100\n|-unboost|p1a: He Who Walks|def|1\n|-unboost|p1a: He Who Walks|spd|1\n|\n|-damage|p1a: He Who Walks|57/100 tox|[from] psn\n|upkeep\n|turn|52\n|\n|t:|1771255043\n|-end|p1a: He Who Walks|Protosynthesis|[silent]\n|switch|p1a: CLOCK UP|Alomomola, M|100/100 tox\n|move|p2a: Alomomola|Wish|p2a: Alomomola\n|\n|-damage|p1a: CLOCK UP|94/100 tox|[from] psn\n|upkeep\n|turn|53\n|\n|t:|1771255047\n|move|p1a: CLOCK UP|Play Rough|p2a: Alomomola\n|-damage|p2a: Alomomola|57/100\n|move|p2a: Alomomola|Flip Turn|p1a: CLOCK UP\n|-resisted|p1a: CLOCK UP\n|-damage|p1a: CLOCK UP|89/100 tox\n|j| SnorlaxOnline\n|\n|t:|1771255054\n|switch|p2a: Clodsire|Clodsire, F|1/100|[from] Flip Turn\n|\n|-heal|p2a: Clodsire|59/100|[from] move: Wish|[wisher] Alomomola\n|-damage|p1a: CLOCK UP|76/100 tox|[from] psn\n|upkeep\n|turn|54\n|\n|t:|1771255066\n|switch|p2a: Alomomola|Alomomola, M|91/100\n|move|p1a: CLOCK UP|Flip Turn|p2a: Alomomola\n|-resisted|p2a: Alomomola\n|-damage|p2a: Alomomola|86/100\n|\n|t:|1771255068\n|switch|p1a: CAST OFF|Iron Valiant, shiny|65/100|[from] Flip Turn\n|\n|upkeep\n|turn|55\n|\n|t:|1771255078\n|switch|p2a: Blissey|Blissey, F|92/100\n|-damage|p2a: Blissey|79/100|[from] Stealth Rock\n|move|p1a: CAST OFF|Moonblast|p2a: Blissey\n|-damage|p2a: Blissey|60/100\n|\n|upkeep\n|turn|56\n|\n|t:|1771255083\n|-end|p1a: CAST OFF|Quark Drive|[silent]\n|switch|p1a: CLOCK UP|Alomomola, M|100/100 tox\n|move|p2a: Blissey|Stealth Rock|p1a: CLOCK UP\n|-sidestart|p1: Noamm|move: Stealth Rock\n|\n|-damage|p1a: CLOCK UP|94/100 tox|[from] psn\n|upkeep\n|turn|57\n|\n|t:|1771255085\n|switch|p2a: Alomomola|Alomomola, M|100/100\n|move|p1a: CLOCK UP|Flip Turn|p2a: Alomomola\n|-resisted|p2a: Alomomola\n|-damage|p2a: Alomomola|96/100\n|\n|t:|1771255089\n|switch|p1a: CAST OFF|Iron Valiant, shiny|65/100|[from] Flip Turn\n|-damage|p1a: CAST OFF|58/100|[from] Stealth Rock\n|\n|upkeep\n|turn|58\n|\n|t:|1771255092\n|move|p2a: Alomomola|Protect|p2a: Alomomola\n|-singleturn|p2a: Alomomola|Protect\n|move|p1a: CAST OFF|Moonblast|p2a: Alomomola\n|-activate|p2a: Alomomola|move: Protect\n|\n|upkeep\n|turn|59\n|\n|t:|1771255098\n|switch|p2a: Toxapex|Toxapex, F|93/100\n|move|p1a: CAST OFF|Moonblast|p2a: Toxapex\n|-resisted|p2a: Toxapex\n|-damage|p2a: Toxapex|62/100\n|\n|upkeep\n|turn|60\n|\n|t:|1771255101\n|-end|p1a: CAST OFF|Quark Drive|[silent]\n|switch|p1a: CLOCK UP|Alomomola, M|100/100 tox\n|-damage|p1a: CLOCK UP|88/100 tox|[from] Stealth Rock\n|move|p2a: Toxapex|Infestation|p1a: CLOCK UP\n|-damage|p1a: CLOCK UP|87/100 tox\n|-activate|p1a: CLOCK UP|move: Infestation|[of] p2a: Toxapex\n|\n|-damage|p1a: CLOCK UP|81/100 tox|[from] psn\n|-damage|p1a: CLOCK UP|68/100 tox|[from] move: Infestation|[partiallytrapped]\n|upkeep\n|turn|61\n|\n|t:|1771255112\n|switch|p2a: Alomomola|Alomomola, M|100/100\n|move|p1a: CLOCK UP|Flip Turn|p2a: Alomomola\n|-resisted|p2a: Alomomola\n|-damage|p2a: Alomomola|97/100\n|\n|t:|1771255119\n|switch|p1a: He Who Walks|Great Tusk|57/100 tox|[from] Flip Turn\n|\n|-damage|p1a: He Who Walks|51/100 tox|[from] psn\n|upkeep\n|turn|62\n|\n|t:|1771255124\n|move|p1a: He Who Walks|Rapid Spin|p2a: Alomomola\n|-damage|p2a: Alomomola|88/100\n|-boost|p1a: He Who Walks|spe|1\n|-sideend|p1: Noamm|Stealth Rock|[from] move: Rapid Spin|[of] p1a: He Who Walks\n|move|p2a: Alomomola|Whirlpool|p1a: He Who Walks|[miss]\n|-miss|p2a: Alomomola|p1a: He Who Walks\n|\n|-damage|p1a: He Who Walks|39/100 tox|[from] psn\n|upkeep\n|turn|63\n|c|☆STALLWILLCONQUER|oof\n|c|☆STALLWILLCONQUER|saved\n|\n|t:|1771255138\n|-end|p1a: He Who Walks|Protosynthesis|[silent]\n|switch|p1a: CLOCK UP|Alomomola, M|100/100 tox\n|move|p2a: Alomomola|Whirlpool|p1a: CLOCK UP\n|-resisted|p1a: CLOCK UP\n|-damage|p1a: CLOCK UP|99/100 tox\n|-activate|p1a: CLOCK UP|move: Whirlpool|[of] p2a: Alomomola\n|\n|-damage|p1a: CLOCK UP|93/100 tox|[from] psn\n|-damage|p1a: CLOCK UP|80/100 tox|[from] move: Whirlpool|[partiallytrapped]\n|upkeep\n|turn|64\n|l| SnorlaxOnline\n|\n|t:|1771255146\n|move|p1a: CLOCK UP|Flip Turn|p2a: Alomomola\n|-resisted|p2a: Alomomola\n|-damage|p2a: Alomomola|83/100\n|\n|t:|1771255149\n|switch|p1a: CHANGE BEETLE|Mandibuzz, F|100/100|[from] Flip Turn\n|move|p2a: Alomomola|Wish|p2a: Alomomola\n|\n|upkeep\n|turn|65\n|\n|t:|1771255157\n|switch|p2a: Toxapex|Toxapex, F|95/100\n|move|p1a: CHANGE BEETLE|U-turn|p2a: Toxapex\n|-resisted|p2a: Toxapex\n|-damage|p2a: Toxapex|92/100\n|\n|t:|1771255160\n|switch|p1a: He Who Walks|Great Tusk|39/100 tox|[from] U-turn\n|\n|-heal|p2a: Toxapex|100/100|[from] move: Wish|[wisher] Alomomola\n|-damage|p1a: He Who Walks|32/100 tox|[from] psn\n|upkeep\n|turn|66\n|\n|t:|1771255163\n|-end|p1a: He Who Walks|Protosynthesis|[silent]\n|switch|p1a: CAST OFF|Iron Valiant, shiny|58/100\n|switch|p2a: Alomomola|Alomomola, M|100/100\n|\n|upkeep\n|turn|67\n|\n|t:|1771255167\n|move|p2a: Alomomola|Protect|p2a: Alomomola\n|-singleturn|p2a: Alomomola|Protect\n|move|p1a: CAST OFF|Thunderbolt|p2a: Alomomola\n|-activate|p2a: Alomomola|move: Protect\n|\n|upkeep\n|turn|68\n|\n|t:|1771255172\n|switch|p2a: Clodsire|Clodsire, F|59/100\n|move|p1a: CAST OFF|Thunderbolt|p2a: Clodsire\n|-immune|p2a: Clodsire\n|\n|upkeep\n|turn|69\n|j| MangeGadoue_LTM22\n|-message|Noamm forfeited.\n|\n|win|STALLWILLCONQUER\n|raw|Noamm's rating: 1741 &rarr; <strong>1719</strong><br />(-22 for losing)\n|raw|STALLWILLCONQUER's rating: 1710 &rarr; <strong>1732</strong><br />(+22 for winning)\n|l|☆Noamm\n|player|p1|\n|l| MangeGadoue_LTM22\n", "uploadtime": 1771255323, "views": 4, "formatid": "gen9ou", "rating": 1719, "private": 0, "password": null}