{"id": "gen9ou-2647839610", "format": "[Gen 9] OU", "players": ["costes", "unohanadesu"], "log": "|j|☆costes\n|j|☆unohanadesu\n|t:|1783821770\n|gametype|singles\n|player|p1|costes|medium|1093\n|player|p2|unohanadesu|265|1092\n|gen|9\n|tier|[Gen 9] OU\n|rated|\n|rule|HP Percentage Mod: HP is shown in percentages\n|rule|Endless Battle Clause: Forcing endless battles is banned\n|rule|Species Clause: Limit one of each Pokémon\n|rule|OHKO Clause: OHKO moves are banned\n|rule|Evasion Items Clause: Evasion items are banned\n|rule|Evasion Moves Clause: Evasion moves are banned\n|rule|Evasion Abilities Clause: Evasion abilities are banned\n|rule|Sleep Moves Clause: Sleep-inducing moves are banned\n|clearpoke\n|poke|p1|Weezing, F|\n|poke|p1|Venomoth, F|\n|poke|p1|Mew|\n|poke|p1|Rhyhorn, F|\n|poke|p1|Scyther, F|\n|poke|p1|Poliwrath, M|\n|poke|p2|Great Tusk|\n|poke|p2|Dragapult, F|\n|poke|p2|Gliscor, M|\n|poke|p2|Gholdengo|\n|poke|p2|Landorus-Therian, M|\n|poke|p2|Dragonite, F|\n|teampreview\n|inactive|Battle timer is ON: inactive players will automatically lose when time's up. (requested by costes)\n|\n|t:|1783821783\n|teamsize|p1|6\n|teamsize|p2|6\n|start\n|switch|p1a: Mew|Mew|100/100\n|switch|p2a: Landorus|Landorus-Therian, M, shiny|100/100\n|-ability|p2a: Landorus|Intimidate|boost\n|-unboost|p1a: Mew|atk|1\n|turn|1\n|\n|t:|1783821795\n|move|p2a: Landorus|Crunch|p1a: Mew\n|-supereffective|p1a: Mew\n|-damage|p1a: Mew|44/100\n|move|p1a: Mew|Blizzard|p2a: Landorus|[miss]\n|-miss|p1a: Mew|p2a: Landorus\n|\n|upkeep\n|turn|2\n|\n|t:|1783821804\n|-terastallize|p1a: Mew|Fire\n|move|p2a: Landorus|Crunch|p1a: Mew\n|-damage|p1a: Mew|18/100\n|-enditem|p1a: Mew|Wiki Berry|[eat]\n|-heal|p1a: Mew|51/100|[from] item: Wiki Berry\n|move|p1a: Mew|Blizzard|p2a: Landorus|[miss]\n|-miss|p1a: Mew|p2a: Landorus\n|\n|upkeep\n|turn|3\n|c|☆costes|stop\n|c|☆costes|must use ice beam\n|\n|t:|1783821822\n|switch|p2a: Gholdengo|Gholdengo, shiny|100/100\n|-item|p2a: Gholdengo|Air Balloon\n|move|p1a: Mew|Blizzard|p2a: Gholdengo|[miss]\n|-miss|p1a: Mew|p2a: Gholdengo\n|\n|upkeep\n|turn|4\n|c|☆costes|70% is not real\n|\n|t:|1783821836\n|move|p1a: Mew|Flamethrower|p2a: Gholdengo\n|-supereffective|p2a: Gholdengo\n|-damage|p2a: Gholdengo|14/100\n|-enditem|p2a: Gholdengo|Air Balloon\n|move|p2a: Gholdengo|Power Gem|p1a: Mew\n|-supereffective|p1a: Mew\n|-damage|p1a: Mew|4/100\n|\n|upkeep\n|turn|5\n|\n|t:|1783821854\n|switch|p2a: Dragonite|Dragonite, F, shiny|100/100\n|move|p1a: Mew|Flamethrower|p2a: Dragonite\n|-resisted|p2a: Dragonite\n|-damage|p2a: Dragonite|81/100\n|\n|upkeep\n|turn|6\n|\n|t:|1783821873\n|move|p2a: Dragonite|Extreme Speed|p1a: Mew\n|-damage|p1a: Mew|0 fnt\n|faint|p1a: Mew\n|\n|upkeep\n|\n|t:|1783821877\n|switch|p1a: Poliwrath|Poliwrath, M|100/100\n|turn|7\n|\n|t:|1783821888\n|-terastallize|p2a: Dragonite|Poison\n|move|p2a: Dragonite|Earthquake|p1a: Poliwrath\n|-damage|p1a: Poliwrath|63/100\n|move|p1a: Poliwrath|Bulk Up|p1a: Poliwrath\n|-boost|p1a: Poliwrath|atk|1\n|-boost|p1a: Poliwrath|def|1\n|\n|upkeep\n|turn|8\n|\n|t:|1783821910\n|move|p2a: Dragonite|Earthquake|p1a: Poliwrath\n|-damage|p1a: Poliwrath|38/100\n|move|p1a: Poliwrath|Ice Punch|p2a: Dragonite\n|-damage|p2a: Dragonite|53/100\n|\n|upkeep\n|turn|9\n|\n|t:|1783821921\n|move|p2a: Dragonite|Dragon Dance|p2a: Dragonite\n|-boost|p2a: Dragonite|atk|1\n|-boost|p2a: Dragonite|spe|1\n|move|p1a: Poliwrath|Liquidation|p2a: Dragonite\n|-damage|p2a: Dragonite|5/100\n|\n|upkeep\n|turn|10\n|\n|t:|1783821932\n|move|p2a: Dragonite|Earthquake|p1a: Poliwrath\n|-damage|p1a: Poliwrath|0 fnt\n|faint|p1a: Poliwrath\n|\n|upkeep\n|\n|t:|1783821936\n|switch|p1a: Weezing|Weezing, F|100/100\n|turn|11\n|\n|t:|1783821953\n|move|p2a: Dragonite|Dragon Claw|p1a: Weezing\n|-damage|p1a: Weezing|47/100\n|move|p1a: Weezing|Flamethrower|p2a: Dragonite\n|-damage|p2a: Dragonite|0 fnt\n|faint|p2a: Dragonite\n|\n|upkeep\n|inactive|unohanadesu has 120 seconds left.\n|\n|t:|1783821975\n|switch|p2a: Gliscor|Gliscor, M|100/100\n|turn|12\n|inactive|unohanadesu has 120 seconds left.\n|\n|t:|1783821984\n|move|p2a: Gliscor|Knock Off|p1a: Weezing\n|-damage|p1a: Weezing|29/100\n|-enditem|p1a: Weezing|Custap Berry|[from] move: Knock Off|[of] p2a: Gliscor\n|move|p1a: Weezing|Flamethrower|p2a: Gliscor\n|-damage|p2a: Gliscor|62/100\n|\n|-status|p2a: Gliscor|tox|[from] item: Toxic Orb\n|upkeep\n|turn|13\n|\n|t:|1783821994\n|move|p2a: Gliscor|Protect|p2a: Gliscor\n|-singleturn|p2a: Gliscor|Protect\n|move|p1a: Weezing|Flamethrower|p2a: Gliscor\n|-activate|p2a: Gliscor|move: Protect\n|\n|-heal|p2a: Gliscor|75/100 tox|[from] ability: Poison Heal\n|upkeep\n|turn|14\n|\n|t:|1783822005\n|move|p2a: Gliscor|Knock Off|p1a: Weezing\n|-damage|p1a: Weezing|16/100\n|move|p1a: Weezing|Flamethrower|p2a: Gliscor\n|-damage|p2a: Gliscor|41/100 tox\n|\n|-heal|p2a: Gliscor|53/100 tox|[from] ability: Poison Heal\n|upkeep\n|turn|15\n|\n|t:|1783822014\n|move|p2a: Gliscor|Knock Off|p1a: Weezing\n|-damage|p1a: Weezing|2/100\n|move|p1a: Weezing|Flamethrower|p2a: Gliscor\n|-damage|p2a: Gliscor|20/100 tox\n|\n|-heal|p2a: Gliscor|32/100 tox|[from] ability: Poison Heal\n|upkeep\n|turn|16\n|\n|t:|1783822023\n|move|p2a: Gliscor|Protect|p2a: Gliscor\n|-singleturn|p2a: Gliscor|Protect\n|move|p1a: Weezing|Flamethrower|p2a: Gliscor\n|-activate|p2a: Gliscor|move: Protect\n|\n|-heal|p2a: Gliscor|44/100 tox|[from] ability: Poison Heal\n|upkeep\n|turn|17\n|\n|t:|1783822031\n|move|p2a: Gliscor|Knock Off|p1a: Weezing\n|-damage|p1a: Weezing|0 fnt\n|faint|p1a: Weezing\n|\n|-heal|p2a: Gliscor|57/100 tox|[from] ability: Poison Heal\n|upkeep\n|\n|t:|1783822041\n|switch|p1a: Rhyhorn|Rhyhorn, F|100/100\n|turn|18\n|\n|t:|1783822046\n|move|p2a: Gliscor|Earthquake|p1a: Rhyhorn\n|-supereffective|p1a: Rhyhorn\n|-damage|p1a: Rhyhorn|57/100\n|move|p1a: Rhyhorn|Counter|p2a: Gliscor\n|-damage|p2a: Gliscor|0 fnt\n|faint|p2a: Gliscor\n|\n|upkeep\n|\n|t:|1783822057\n|switch|p2a: Gholdengo|Gholdengo, shiny|14/100\n|turn|19\n|\n|t:|1783822061\n|move|p2a: Gholdengo|Make It Rain|p1a: Rhyhorn\n|-supereffective|p1a: Rhyhorn\n|-damage|p1a: Rhyhorn|0 fnt\n|-unboost|p2a: Gholdengo|spa|1\n|faint|p1a: Rhyhorn\n|\n|upkeep\n|\n|t:|1783822075\n|switch|p1a: Venomoth|Venomoth, F|100/100\n|turn|20\n|\n|t:|1783822084\n|move|p2a: Gholdengo|Power Gem|p1a: Venomoth\n|-supereffective|p1a: Venomoth\n|-damage|p1a: Venomoth|63/100\n|move|p1a: Venomoth|Giga Drain|p2a: Gholdengo\n|-resisted|p2a: Gholdengo\n|-crit|p2a: Gholdengo\n|-damage|p2a: Gholdengo|0 fnt\n|-heal|p1a: Venomoth|70/100|[from] drain|[of] p2a: Gholdengo\n|faint|p2a: Gholdengo\n|\n|upkeep\n|\n|t:|1783822098\n|switch|p2a: Landorus|Landorus-Therian, M, shiny|100/100\n|-ability|p2a: Landorus|Intimidate|boost\n|-unboost|p1a: Venomoth|atk|1\n|turn|21\n|\n|t:|1783822106\n|move|p2a: Landorus|Rock Slide|p1a: Venomoth\n|-supereffective|p1a: Venomoth\n|-damage|p1a: Venomoth|0 fnt\n|faint|p1a: Venomoth\n|\n|upkeep\n|\n|t:|1783822109\n|switch|p1a: Scyther|Scyther, F, shiny|100/100\n|turn|22\n|\n|t:|1783822120\n|move|p2a: Landorus|Rock Slide|p1a: Scyther\n|-supereffective|p1a: Scyther\n|-damage|p1a: Scyther|1/100\n|move|p1a: Scyther|Swords Dance|p1a: Scyther\n|-boost|p1a: Scyther|atk|2\n|\n|upkeep\n|turn|23\n|\n|t:|1783822128\n|move|p2a: Landorus|Rock Slide|p1a: Scyther\n|-supereffective|p1a: Scyther\n|-damage|p1a: Scyther|0 fnt\n|faint|p1a: Scyther\n|\n|win|unohanadesu\n|raw|costes's rating: 1093 &rarr; <strong>1069</strong><br />(-24 for losing)\n|raw|unohanadesu's rating: 1092 &rarr; <strong>1118</strong><br />(+26 for winning)\n|l|☆costes\n|player|p1|\n|l|☆unohanadesu\n|player|p2|\n", "uploadtime": 1783822480, "views": 6, "formatid": "gen9ou", "rating": 1069, "private": 0, "password": null}