{"id": "gen9ou-2639207314", "format": "[Gen 9] OU", "players": ["Kanto's Finest", "SaltyZyZ"], "log": "|j|☆Kanto's Finest\n|j|☆SaltyZyZ\n|t:|1782434134\n|gametype|singles\n|player|p1|Kanto's Finest|red-masters|1246\n|player|p2|SaltyZyZ|266|1213\n|gen|9\n|tier|[Gen 9] OU\n|rated|\n|rule|HP Percentage Mod: HP is shown in percentages\n|rule|Endless Battle Clause: Forcing endless battles is banned\n|rule|Species Clause: Limit one of each Pokémon\n|rule|OHKO Clause: OHKO moves are banned\n|rule|Evasion Items Clause: Evasion items are banned\n|rule|Evasion Moves Clause: Evasion moves are banned\n|rule|Evasion Abilities Clause: Evasion abilities are banned\n|rule|Sleep Moves Clause: Sleep-inducing moves are banned\n|clearpoke\n|poke|p1|Dragonite, M|\n|poke|p1|Dugtrio, M|\n|poke|p1|Vaporeon, F|\n|poke|p1|Hitmonlee, M|\n|poke|p1|Clefable, M|\n|poke|p1|Chansey, F|\n|poke|p2|Iron Boulder|\n|poke|p2|Ninetales, F|\n|poke|p2|Walking Wake|\n|poke|p2|Grimmsnarl, M|\n|poke|p2|Zapdos|\n|poke|p2|Gliscor, M|\n|teampreview\n|inactive|Battle timer is ON: inactive players will automatically lose when time's up. (requested by SaltyZyZ)\n|\n|t:|1782434138\n|teamsize|p1|6\n|teamsize|p2|6\n|start\n|switch|p1a: Vaporeon|Vaporeon, F|100/100\n|switch|p2a: The cancer|Gliscor, M|100/100\n|turn|1\n|c|☆SaltyZyZ|holy gen 1 inferno\n|\n|t:|1782434144\n|move|p2a: The cancer|Protect|p2a: The cancer\n|-singleturn|p2a: The cancer|Protect\n|move|p1a: Vaporeon|Whirlpool|p2a: The cancer\n|-activate|p2a: The cancer|move: Protect\n|\n|-status|p2a: The cancer|tox|[from] item: Toxic Orb\n|upkeep\n|turn|2\n|\n|t:|1782434160\n|switch|p2a: edgyteen|Walking Wake|100/100\n|move|p1a: Vaporeon|Whirlpool|p2a: edgyteen\n|-resisted|p2a: edgyteen\n|-damage|p2a: edgyteen|96/100\n|-activate|p2a: edgyteen|move: Whirlpool|[of] p1a: Vaporeon\n|\n|-damage|p2a: edgyteen|84/100|[from] move: Whirlpool|[partiallytrapped]\n|upkeep\n|turn|3\n|\n|t:|1782434171\n|move|p2a: edgyteen|Flip Turn|p1a: Vaporeon\n|-immune|p1a: Vaporeon|[from] ability: Water Absorb\n|move|p1a: Vaporeon|Copycat|p1a: Vaporeon\n|move|p1a: Vaporeon|Flip Turn|p2a: edgyteen|[from] move: Copycat\n|-resisted|p2a: edgyteen\n|-damage|p2a: edgyteen|80/100\n|\n|t:|1782434182\n|switch|p1a: Hitmonlee|Hitmonlee, M|100/100|[from] Flip Turn\n|\n|-end|p2a: edgyteen|Whirlpool|[partiallytrapped]|[silent]\n|upkeep\n|turn|4\n|\n|t:|1782434188\n|move|p1a: Hitmonlee|Fake Out|p2a: edgyteen\n|-enditem|p1a: Hitmonlee|Normal Gem|[from] gem\n|-damage|p2a: edgyteen|60/100\n|cant|p2a: edgyteen|flinch\n|\n|upkeep\n|turn|5\n|\n|t:|1782434193\n|move|p1a: Hitmonlee|High Jump Kick|p2a: edgyteen\n|-damage|p2a: edgyteen|0 fnt\n|faint|p2a: edgyteen\n|-end|p2a: edgyteen|Protosynthesis|[silent]\n|\n|upkeep\n|\n|t:|1782434204\n|switch|p2a: Grinch|Grimmsnarl, M|100/100\n|turn|6\n|\n|t:|1782434207\n|move|p2a: Grinch|Thunder Wave|p1a: Hitmonlee\n|-status|p1a: Hitmonlee|par\n|move|p1a: Hitmonlee|Knock Off|p2a: Grinch\n|-resisted|p2a: Grinch\n|-damage|p2a: Grinch|89/100\n|-enditem|p2a: Grinch|Heavy-Duty Boots|[from] move: Knock Off|[of] p1a: Hitmonlee\n|\n|upkeep\n|turn|7\n|\n|t:|1782434215\n|move|p1a: Hitmonlee|High Jump Kick|p2a: Grinch\n|-damage|p2a: Grinch|0 fnt\n|faint|p2a: Grinch\n|\n|upkeep\n|\n|t:|1782434221\n|switch|p2a: The cancer|Gliscor, M|100/100 tox\n|turn|8\n|\n|t:|1782434226\n|move|p2a: The cancer|Stealth Rock|p1a: Hitmonlee\n|-sidestart|p1: Kanto's Finest|move: Stealth Rock\n|move|p1a: Hitmonlee|High Jump Kick|p2a: The cancer\n|-resisted|p2a: The cancer\n|-damage|p2a: The cancer|79/100 tox\n|\n|-heal|p2a: The cancer|92/100 tox|[from] ability: Poison Heal\n|upkeep\n|turn|9\n|\n|t:|1782434233\n|move|p2a: The cancer|Substitute|p2a: The cancer\n|-start|p2a: The cancer|Substitute\n|-damage|p2a: The cancer|67/100 tox\n|cant|p1a: Hitmonlee|par\n|\n|-heal|p2a: The cancer|79/100 tox|[from] ability: Poison Heal\n|upkeep\n|turn|10\n|\n|t:|1782434239\n|move|p2a: The cancer|Protect|p2a: The cancer\n|-singleturn|p2a: The cancer|Protect\n|move|p1a: Hitmonlee|Rapid Spin|p2a: The cancer\n|-activate|p2a: The cancer|move: Protect\n|\n|-heal|p2a: The cancer|92/100 tox|[from] ability: Poison Heal\n|upkeep\n|turn|11\n|\n|t:|1782434246\n|move|p2a: The cancer|Poison Jab|p1a: Hitmonlee\n|-damage|p1a: Hitmonlee|66/100 par\n|move|p1a: Hitmonlee|Rapid Spin|p2a: The cancer\n|-activate|p2a: The cancer|move: Substitute|[damage]\n|-sideend|p1: Kanto's Finest|Stealth Rock|[from] move: Rapid Spin|[of] p1a: Hitmonlee\n|-boost|p1a: Hitmonlee|spe|1\n|\n|-heal|p2a: The cancer|100/100 tox|[from] ability: Poison Heal\n|upkeep\n|turn|12\n|\n|t:|1782434254\n|switch|p1a: Dragonite|Dragonite, M|100/100\n|move|p2a: The cancer|Poison Jab|p1a: Dragonite\n|-damage|p1a: Dragonite|91/100\n|\n|upkeep\n|turn|13\n|\n|t:|1782434260\n|move|p1a: Dragonite|Dragon Dance|p1a: Dragonite\n|-boost|p1a: Dragonite|atk|1\n|-boost|p1a: Dragonite|spe|1\n|move|p2a: The cancer|Poison Jab|p1a: Dragonite\n|-damage|p1a: Dragonite|73/100\n|\n|upkeep\n|turn|14\n|\n|t:|1782434267\n|move|p1a: Dragonite|Dragon Dance|p1a: Dragonite\n|-boost|p1a: Dragonite|atk|1\n|-boost|p1a: Dragonite|spe|1\n|move|p2a: The cancer|Poison Jab|p1a: Dragonite\n|-damage|p1a: Dragonite|54/100\n|\n|upkeep\n|turn|15\n|\n|t:|1782434277\n|move|p1a: Dragonite|Scale Shot|p2a: The cancer\n|-end|p2a: The cancer|Substitute\n|-damage|p2a: The cancer|81/100 tox\n|-damage|p2a: The cancer|62/100 tox\n|-damage|p2a: The cancer|44/100 tox\n|-damage|p2a: The cancer|26/100 tox\n|-hitcount|p2a: The cancer|5\n|-unboost|p1a: Dragonite|def|1\n|-boost|p1a: Dragonite|spe|1\n|move|p2a: The cancer|Poison Jab|p1a: Dragonite\n|-damage|p1a: Dragonite|25/100\n|\n|-heal|p2a: The cancer|38/100 tox|[from] ability: Poison Heal\n|upkeep\n|turn|16\n|\n|t:|1782434293\n|move|p2a: The cancer|Protect|p2a: The cancer\n|-singleturn|p2a: The cancer|Protect\n|move|p1a: Dragonite|Scale Shot|p2a: The cancer\n|-activate|p2a: The cancer|move: Protect\n|\n|-heal|p2a: The cancer|51/100 tox|[from] ability: Poison Heal\n|upkeep\n|turn|17\n|\n|t:|1782434309\n|-terastallize|p2a: The cancer|Steel\n|move|p1a: Dragonite|Scale Shot|p2a: The cancer\n|-resisted|p2a: The cancer\n|-damage|p2a: The cancer|41/100 tox\n|-resisted|p2a: The cancer\n|-damage|p2a: The cancer|31/100 tox\n|-resisted|p2a: The cancer\n|-damage|p2a: The cancer|22/100 tox\n|-resisted|p2a: The cancer\n|-damage|p2a: The cancer|13/100 tox\n|-hitcount|p2a: The cancer|4\n|-unboost|p1a: Dragonite|def|1\n|-boost|p1a: Dragonite|spe|1\n|move|p2a: The cancer|Poison Jab|p1a: Dragonite\n|-damage|p1a: Dragonite|0 fnt\n|faint|p1a: Dragonite\n|\n|-heal|p2a: The cancer|26/100 tox|[from] ability: Poison Heal\n|upkeep\n|\n|t:|1782434315\n|switch|p1a: Dugtrio|Dugtrio, M|100/100\n|turn|18\n|\n|t:|1782434327\n|move|p2a: The cancer|Protect|p2a: The cancer\n|-singleturn|p2a: The cancer|Protect\n|move|p1a: Dugtrio|Earthquake|p2a: The cancer\n|-activate|p2a: The cancer|move: Protect\n|\n|-heal|p2a: The cancer|38/100 tox|[from] ability: Poison Heal\n|upkeep\n|turn|19\n|\n|t:|1782434336\n|switch|p2a: Birgest Bib|Zapdos|100/100\n|move|p1a: Dugtrio|Earthquake|p2a: Birgest Bib\n|-immune|p2a: Birgest Bib\n|\n|upkeep\n|turn|20\n|\n|t:|1782434344\n|move|p1a: Dugtrio|Stealth Rock|p2a: Birgest Bib\n|-sidestart|p2: SaltyZyZ|move: Stealth Rock\n|move|p2a: Birgest Bib|Hurricane|p1a: Dugtrio\n|-enditem|p1a: Dugtrio|Focus Sash\n|-damage|p1a: Dugtrio|1/100\n|-start|p1a: Dugtrio|confusion\n|\n|upkeep\n|turn|21\n|\n|t:|1782434358\n|-activate|p1a: Dugtrio|confusion\n|-damage|p1a: Dugtrio|0 fnt|[from] confusion\n|faint|p1a: Dugtrio\n|move|p2a: Birgest Bib|Hurricane|p1: Dugtrio|[notarget]\n|-fail|p2a: Birgest Bib\n|\n|upkeep\n|\n|t:|1782434362\n|switch|p1a: Chansey|Chansey, F|100/100\n|turn|22\n|\n|t:|1782434367\n|move|p2a: Birgest Bib|Volt Switch|p1a: Chansey\n|-damage|p1a: Chansey|88/100\n|\n|t:|1782434370\n|switch|p2a: dabigman|Iron Boulder|100/100|[from] Volt Switch\n|-damage|p2a: dabigman|88/100|[from] Stealth Rock\n|-enditem|p2a: dabigman|Booster Energy\n|-activate|p2a: dabigman|ability: Quark Drive|[fromitem]\n|-start|p2a: dabigman|quarkdrivespe\n|move|p1a: Chansey|Seismic Toss|p2a: dabigman\n|-damage|p2a: dabigman|57/100\n|\n|upkeep\n|turn|23\n|\n|t:|1782434380\n|switch|p1a: Vaporeon|Vaporeon, F|100/100\n|move|p2a: dabigman|Swords Dance|p2a: dabigman\n|-boost|p2a: dabigman|atk|2\n|\n|upkeep\n|turn|24\n|\n|t:|1782434386\n|move|p2a: dabigman|Mighty Cleave|p1a: Vaporeon\n|-damage|p1a: Vaporeon|32/100\n|move|p1a: Vaporeon|Whirlpool|p2a: dabigman\n|-supereffective|p2a: dabigman\n|-damage|p2a: dabigman|31/100\n|-activate|p2a: dabigman|move: Whirlpool|[of] p1a: Vaporeon\n|\n|-damage|p2a: dabigman|18/100|[from] move: Whirlpool|[partiallytrapped]\n|upkeep\n|turn|25\n|\n|t:|1782434395\n|move|p1a: Vaporeon|Protect|p1a: Vaporeon\n|-singleturn|p1a: Vaporeon|Protect\n|move|p2a: dabigman|Mighty Cleave|p1a: Vaporeon\n|-damage|p1a: Vaporeon|0 fnt\n|faint|p1a: Vaporeon\n|\n|-end|p2a: dabigman|Whirlpool|[partiallytrapped]|[silent]\n|upkeep\n|\n|t:|1782434402\n|switch|p1a: Clefable|Clefable, M|100/100\n|turn|26\n|\n|t:|1782434407\n|move|p2a: dabigman|Mighty Cleave|p1a: Clefable\n|-damage|p1a: Clefable|61/100\n|move|p1a: Clefable|Cosmic Power|p1a: Clefable\n|-boost|p1a: Clefable|def|1\n|-boost|p1a: Clefable|spd|1\n|\n|upkeep\n|turn|27\n|\n|t:|1782434413\n|move|p2a: dabigman|Mighty Cleave|p1a: Clefable\n|-damage|p1a: Clefable|32/100\n|move|p1a: Clefable|Moonlight|p1a: Clefable\n|-heal|p1a: Clefable|82/100\n|\n|upkeep\n|turn|28\n|\n|t:|1782434424\n|-end|p2a: dabigman|Quark Drive|[silent]\n|switch|p2a: The cancer|Gliscor, M, tera:Steel|38/100 tox\n|-damage|p2a: The cancer|32/100 tox|[from] Stealth Rock\n|move|p1a: Clefable|Cosmic Power|p1a: Clefable\n|-boost|p1a: Clefable|def|1\n|-boost|p1a: Clefable|spd|1\n|\n|-heal|p2a: The cancer|44/100 tox|[from] ability: Poison Heal\n|upkeep\n|turn|29\n|\n|t:|1782434432\n|-terastallize|p1a: Clefable|Steel\n|move|p2a: The cancer|Substitute|p2a: The cancer\n|-start|p2a: The cancer|Substitute\n|-damage|p2a: The cancer|19/100 tox\n|move|p1a: Clefable|Cosmic Power|p1a: Clefable\n|-boost|p1a: Clefable|def|1\n|-boost|p1a: Clefable|spd|1\n|\n|-heal|p2a: The cancer|32/100 tox|[from] ability: Poison Heal\n|upkeep\n|turn|30\n|\n|t:|1782434446\n|move|p2a: The cancer|Stealth Rock|p1a: Clefable\n|-sidestart|p1: Kanto's Finest|move: Stealth Rock\n|move|p1a: Clefable|Cosmic Power|p1a: Clefable\n|-boost|p1a: Clefable|def|1\n|-boost|p1a: Clefable|spd|1\n|\n|-heal|p2a: The cancer|44/100 tox|[from] ability: Poison Heal\n|upkeep\n|turn|31\n|\n|t:|1782434453\n|move|p2a: The cancer|Poison Jab|p1a: Clefable\n|-immune|p1a: Clefable\n|move|p1a: Clefable|Cosmic Power|p1a: Clefable\n|-boost|p1a: Clefable|def|1\n|-boost|p1a: Clefable|spd|1\n|\n|-heal|p2a: The cancer|57/100 tox|[from] ability: Poison Heal\n|upkeep\n|turn|32\n|\n|t:|1782434467\n|switch|p2a: THE LARGEST|Ninetales, F, shiny|100/100\n|-damage|p2a: THE LARGEST|76/100|[from] Stealth Rock\n|-weather|SunnyDay|[from] ability: Drought|[of] p2a: THE LARGEST\n|move|p1a: Clefable|Cosmic Power|p1a: Clefable\n|-boost|p1a: Clefable|def|1\n|-boost|p1a: Clefable|spd|1\n|\n|-weather|SunnyDay|[upkeep]\n|upkeep\n|turn|33\n|\n|t:|1782434475\n|move|p2a: THE LARGEST|Encore|p1a: Clefable\n|-start|p1a: Clefable|Encore\n|move|p1a: Clefable|Cosmic Power|p1a: Clefable\n|-boost|p1a: Clefable|def|0\n|-boost|p1a: Clefable|spd|0\n|\n|-weather|SunnyDay|[upkeep]\n|upkeep\n|turn|34\n|\n|t:|1782434483\n|move|p2a: THE LARGEST|Fire Blast|p1a: Clefable\n|-supereffective|p1a: Clefable\n|-damage|p1a: Clefable|63/100\n|move|p1a: Clefable|Cosmic Power|p1a: Clefable\n|-boost|p1a: Clefable|def|0\n|-boost|p1a: Clefable|spd|0\n|\n|-weather|SunnyDay|[upkeep]\n|upkeep\n|turn|35\n|\n|t:|1782434490\n|switch|p1a: Chansey|Chansey, F|88/100\n|-damage|p1a: Chansey|76/100|[from] Stealth Rock\n|move|p2a: THE LARGEST|Fire Blast|p1a: Chansey\n|-damage|p1a: Chansey|61/100\n|\n|-weather|SunnyDay|[upkeep]\n|upkeep\n|turn|36\n|\n|t:|1782434500\n|move|p2a: THE LARGEST|Fire Blast|p1a: Chansey\n|-crit|p1a: Chansey\n|-damage|p1a: Chansey|41/100\n|-status|p1a: Chansey|brn\n|move|p1a: Chansey|Thunder Wave|p2a: THE LARGEST\n|-status|p2a: THE LARGEST|par\n|\n|-weather|SunnyDay|[upkeep]\n|-damage|p1a: Chansey|35/100 brn|[from] brn\n|upkeep\n|turn|37\n|\n|t:|1782434509\n|move|p2a: THE LARGEST|Encore|p1a: Chansey\n|-start|p1a: Chansey|Encore\n|move|p1a: Chansey|Thunder Wave|p2a: THE LARGEST\n|-fail|p2a: THE LARGEST|par\n|\n|-weather|SunnyDay|[upkeep]\n|-damage|p1a: Chansey|29/100 brn|[from] brn\n|upkeep\n|turn|38\n|\n|t:|1782434516\n|switch|p1a: Hitmonlee|Hitmonlee, M|66/100 par\n|-damage|p1a: Hitmonlee|60/100 par|[from] Stealth Rock\n|move|p2a: THE LARGEST|Fire Blast|p1a: Hitmonlee\n|-damage|p1a: Hitmonlee|15/100 par\n|\n|-weather|SunnyDay|[upkeep]\n|upkeep\n|turn|39\n|\n|t:|1782434530\n|move|p1a: Hitmonlee|Fake Out|p2a: THE LARGEST\n|-damage|p2a: THE LARGEST|58/100 par\n|cant|p2a: THE LARGEST|flinch\n|\n|-weather|none\n|upkeep\n|turn|40\n|\n|t:|1782434539\n|switch|p1a: Chansey|Chansey, F|29/100 brn\n|-damage|p1a: Chansey|16/100 brn|[from] Stealth Rock\n|move|p2a: THE LARGEST|Encore||[still]\n|-fail|p2a: THE LARGEST\n|\n|-damage|p1a: Chansey|10/100 brn|[from] brn\n|upkeep\n|turn|41\n|\n|t:|1782434546\n|cant|p2a: THE LARGEST|par\n|move|p1a: Chansey|Healing Wish|p1a: Chansey\n|faint|p1a: Chansey\n|\n|upkeep\n|\n|t:|1782434552\n|switch|p1a: Hitmonlee|Hitmonlee, M|15/100 par\n|-heal|p1a: Hitmonlee|100/100|[from] move: Healing Wish\n|-damage|p1a: Hitmonlee|94/100|[from] Stealth Rock\n|turn|42\n|\n|t:|1782434560\n|switch|p2a: The cancer|Gliscor, M, tera:Steel|57/100 tox\n|-damage|p2a: The cancer|50/100 tox|[from] Stealth Rock\n|move|p1a: Hitmonlee|Fake Out|p2a: The cancer\n|-resisted|p2a: The cancer\n|-damage|p2a: The cancer|46/100 tox\n|\n|-heal|p2a: The cancer|58/100 tox|[from] ability: Poison Heal\n|upkeep\n|turn|43\n|\n|t:|1782434568\n|move|p2a: The cancer|Protect|p2a: The cancer\n|-singleturn|p2a: The cancer|Protect\n|move|p1a: Hitmonlee|Knock Off|p2a: The cancer\n|-activate|p2a: The cancer|move: Protect\n|\n|-heal|p2a: The cancer|71/100 tox|[from] ability: Poison Heal\n|upkeep\n|turn|44\n|\n|t:|1782434583\n|move|p2a: The cancer|Poison Jab|p1a: Hitmonlee\n|-damage|p1a: Hitmonlee|60/100\n|-status|p1a: Hitmonlee|psn\n|move|p1a: Hitmonlee|High Jump Kick|p2a: The cancer\n|-supereffective|p2a: The cancer\n|-damage|p2a: The cancer|0 fnt\n|faint|p2a: The cancer\n|\n|-damage|p1a: Hitmonlee|48/100 psn|[from] psn\n|upkeep\n|\n|t:|1782434593\n|switch|p2a: Birgest Bib|Zapdos|100/100\n|turn|45\n|\n|t:|1782434598\n|move|p2a: Birgest Bib|Hurricane|p1a: Hitmonlee\n|-supereffective|p1a: Hitmonlee\n|-damage|p1a: Hitmonlee|0 fnt\n|faint|p1a: Hitmonlee\n|\n|upkeep\n|\n|t:|1782434601\n|switch|p1a: Clefable|Clefable, M, tera:Steel|63/100\n|-damage|p1a: Clefable|57/100|[from] Stealth Rock\n|turn|46\n|\n|t:|1782434607\n|move|p2a: Birgest Bib|Discharge|p1a: Clefable\n|-damage|p1a: Clefable|18/100\n|-status|p1a: Clefable|par\n|cant|p1a: Clefable|par\n|\n|upkeep\n|turn|47\n|-message|Kanto's Finest forfeited.\n|\n|win|SaltyZyZ\n|raw|Kanto&apos;s Finest's rating: 1246 &rarr; <strong>1219</strong><br />(-27 for losing)\n|raw|SaltyZyZ's rating: 1213 &rarr; <strong>1240</strong><br />(+27 for winning)\n|l|☆Kanto's Finest\n|player|p1|\n|c|☆SaltyZyZ|CHEEEEEEH\n|c|☆SaltyZyZ|CHEh\n|l|☆SaltyZyZ\n|player|p2|\n", "uploadtime": 1782435003, "views": 17, "formatid": "gen9ou", "rating": 1219, "private": 0, "password": null}