{"id": "gen9ou-2647802297", "format": "[Gen 9] OU", "players": ["StoicPhantasm", "Aisu_Gochira"], "log": "|j|☆StoicPhantasm\n|j|☆Aisu_Gochira\n|t:|1783815216\n|gametype|singles\n|player|p1|StoicPhantasm|266|1118\n|player|p2|Aisu_Gochira|lucas|1091\n|gen|9\n|tier|[Gen 9] OU\n|rated|\n|rule|HP Percentage Mod: HP is shown in percentages\n|rule|Endless Battle Clause: Forcing endless battles is banned\n|rule|Species Clause: Limit one of each Pokémon\n|rule|OHKO Clause: OHKO moves are banned\n|rule|Evasion Items Clause: Evasion items are banned\n|rule|Evasion Moves Clause: Evasion moves are banned\n|rule|Evasion Abilities Clause: Evasion abilities are banned\n|rule|Sleep Moves Clause: Sleep-inducing moves are banned\n|clearpoke\n|poke|p1|Corviknight, M|\n|poke|p1|Dondozo, M|\n|poke|p1|Ting-Lu|\n|poke|p1|Slowking-Galar, F|\n|poke|p1|Cinderace, F|\n|poke|p1|Hydrapple, F|\n|poke|p2|Farigiraf, F|\n|poke|p2|Bellossom, M|\n|poke|p2|Manaphy|\n|poke|p2|Arcanine-Hisui, M|\n|poke|p2|Primeape, M|\n|poke|p2|Persian-Alola, F|\n|teampreview\n|inactive|Battle timer is ON: inactive players will automatically lose when time's up. (requested by Aisu_Gochira)\n|\n|t:|1783815237\n|teamsize|p1|6\n|teamsize|p2|6\n|start\n|switch|p1a: Hydrapple|Hydrapple, F|100/100\n|switch|p2a: Primeape|Primeape, M, shiny|100/100\n|turn|1\n|\n|t:|1783815247\n|move|p2a: Primeape|Bulk Up|p2a: Primeape\n|-boost|p2a: Primeape|atk|1\n|-boost|p2a: Primeape|def|1\n|move|p1a: Hydrapple|Nasty Plot|p1a: Hydrapple\n|-boost|p1a: Hydrapple|spa|2\n|\n|upkeep\n|turn|2\n|\n|t:|1783815276\n|move|p2a: Primeape|Bulk Up|p2a: Primeape\n|-boost|p2a: Primeape|atk|1\n|-boost|p2a: Primeape|def|1\n|move|p1a: Hydrapple|Fickle Beam|p2a: Primeape|[anim] Fickle Beam All Out\n|-activate|p1a: Hydrapple|move: Fickle Beam\n|-damage|p2a: Primeape|0 fnt\n|faint|p2a: Primeape\n|\n|upkeep\n|\n|t:|1783815285\n|switch|p2a: Bellossom|Bellossom, M, shiny|100/100\n|turn|3\n|\n|t:|1783815297\n|move|p2a: Bellossom|Quiver Dance|p2a: Bellossom\n|-boost|p2a: Bellossom|spa|1\n|-boost|p2a: Bellossom|spd|1\n|-boost|p2a: Bellossom|spe|1\n|move|p1a: Hydrapple|Fickle Beam|p2a: Bellossom|[anim] Fickle Beam All Out\n|-activate|p1a: Hydrapple|move: Fickle Beam\n|-damage|p2a: Bellossom|0 fnt\n|faint|p2a: Bellossom\n|\n|upkeep\n|\n|t:|1783815310\n|switch|p2a: Persian|Persian-Alola, F, shiny|100/100\n|turn|4\n|\n|t:|1783815317\n|move|p2a: Persian|Hyper Voice|p1a: Hydrapple\n|-damage|p1a: Hydrapple|80/100\n|-enditem|p2a: Persian|Throat Spray\n|-boost|p2a: Persian|spa|1|[from] item: Throat Spray\n|move|p1a: Hydrapple|Giga Drain|p2a: Persian\n|-damage|p2a: Persian|2/100\n|-heal|p1a: Hydrapple|100/100|[from] drain|[of] p2a: Persian\n|\n|upkeep\n|turn|5\n|\n|t:|1783815343\n|-terastallize|p2a: Persian|Dark\n|move|p2a: Persian|Dark Pulse|p1a: Hydrapple\n|-damage|p1a: Hydrapple|45/100\n|move|p1a: Hydrapple|Fickle Beam|p2a: Persian\n|-damage|p2a: Persian|0 fnt\n|faint|p2a: Persian\n|\n|-heal|p1a: Hydrapple|51/100|[from] item: Leftovers\n|upkeep\n|\n|t:|1783815351\n|switch|p2a: Arcanine|Arcanine-Hisui, M|100/100\n|turn|6\n|\n|t:|1783815374\n|switch|p1a: Dondozo|Dondozo, M|100/100\n|move|p2a: Arcanine|Head Smash|p1a: Dondozo\n|-damage|p1a: Dondozo|57/100\n|\n|-heal|p1a: Dondozo|63/100|[from] item: Leftovers\n|upkeep\n|turn|7\n|\n|t:|1783815389\n|switch|p2a: Manaphy|Manaphy|100/100\n|move|p1a: Dondozo|Waterfall|p2a: Manaphy\n|-resisted|p2a: Manaphy\n|-damage|p2a: Manaphy|89/100\n|\n|-heal|p2a: Manaphy|95/100|[from] item: Leftovers\n|-heal|p1a: Dondozo|69/100|[from] item: Leftovers\n|upkeep\n|turn|8\n|inactive|StoicPhantasm has 120 seconds left.\n|inactive|Aisu_Gochira has 120 seconds left.\n|\n|t:|1783815444\n|switch|p1a: Slowking|Slowking-Galar, F|100/100\n|move|p2a: Manaphy|Alluring Voice|p1a: Slowking\n|-resisted|p1a: Slowking\n|-damage|p1a: Slowking|93/100\n|\n|-heal|p2a: Manaphy|100/100|[from] item: Leftovers\n|-heal|p1a: Slowking|99/100|[from] item: Black Sludge\n|upkeep\n|turn|9\n|\n|t:|1783815453\n|move|p2a: Manaphy|Tail Glow|p2a: Manaphy\n|-boost|p2a: Manaphy|spa|3\n|move|p1a: Slowking|Trick|p2a: Manaphy\n|-activate|p1a: Slowking|move: Trick|[of] p2a: Manaphy\n|-item|p2a: Manaphy|Black Sludge|[from] move: Trick\n|-item|p1a: Slowking|Leftovers|[from] move: Trick\n|\n|-damage|p2a: Manaphy|88/100|[from] item: Black Sludge\n|-heal|p1a: Slowking|100/100|[from] item: Leftovers\n|upkeep\n|turn|10\n|\n|t:|1783815466\n|move|p2a: Manaphy|Scald|p1a: Slowking\n|-damage|p1a: Slowking|48/100\n|-status|p1a: Slowking|brn\n|move|p1a: Slowking|Psychic Noise|p2a: Manaphy\n|-damage|p2a: Manaphy|62/100\n|-start|p2a: Manaphy|move: Heal Block\n|\n|-damage|p2a: Manaphy|49/100|[from] item: Black Sludge\n|-heal|p1a: Slowking|54/100 brn|[from] item: Leftovers\n|-damage|p1a: Slowking|48/100 brn|[from] brn\n|upkeep\n|turn|11\n|\n|t:|1783815488\n|move|p2a: Manaphy|Scald|p1a: Slowking\n|-damage|p1a: Slowking|0 fnt\n|faint|p1a: Slowking\n|\n|-damage|p2a: Manaphy|37/100|[from] item: Black Sludge\n|-end|p2a: Manaphy|move: Heal Block\n|upkeep\n|inactive|StoicPhantasm has 90 seconds left.\n|\n|t:|1783815506\n|switch|p1a: Ting-Lu|Ting-Lu|100/100\n|-ability|p1a: Ting-Lu|Vessel of Ruin\n|turn|12\n|\n|t:|1783815512\n|move|p2a: Manaphy|Scald|p1a: Ting-Lu\n|-supereffective|p1a: Ting-Lu\n|-damage|p1a: Ting-Lu|41/100\n|-status|p1a: Ting-Lu|brn\n|move|p1a: Ting-Lu|Earthquake|p2a: Manaphy\n|-damage|p2a: Manaphy|21/100\n|\n|-damage|p2a: Manaphy|8/100|[from] item: Black Sludge\n|-heal|p1a: Ting-Lu|47/100 brn|[from] item: Leftovers\n|-damage|p1a: Ting-Lu|41/100 brn|[from] brn\n|upkeep\n|turn|13\n|\n|t:|1783815529\n|move|p2a: Manaphy|Scald|p1a: Ting-Lu\n|-supereffective|p1a: Ting-Lu\n|-damage|p1a: Ting-Lu|0 fnt\n|faint|p1a: Ting-Lu\n|\n|-damage|p2a: Manaphy|0 fnt|[from] item: Black Sludge\n|faint|p2a: Manaphy\n|upkeep\n|inactive|StoicPhantasm has 90 seconds left.\n|inactive|Aisu_Gochira has 120 seconds left.\n|\n|t:|1783815560\n|switch|p2a: Farigiraf|Farigiraf, F|100/100\n|switch|p1a: Corviknight|Corviknight, M|100/100\n|-ability|p1a: Corviknight|Pressure\n|turn|14\n|inactive|StoicPhantasm has 90 seconds left.\n|\n|t:|1783815570\n|move|p1a: Corviknight|Iron Defense|p1a: Corviknight\n|-boost|p1a: Corviknight|def|2\n|move|p2a: Farigiraf|Body Slam|p1a: Corviknight\n|-resisted|p1a: Corviknight\n|-damage|p1a: Corviknight|96/100\n|-status|p1a: Corviknight|par\n|-damage|p2a: Farigiraf|84/100|[from] item: Rocky Helmet|[of] p1a: Corviknight\n|\n|upkeep\n|turn|15\n|inactive|Aisu_Gochira has 120 seconds left.\n|\n|t:|1783815584\n|move|p2a: Farigiraf|Calm Mind|p2a: Farigiraf\n|-boost|p2a: Farigiraf|spa|1\n|-boost|p2a: Farigiraf|spd|1\n|move|p1a: Corviknight|Iron Defense|p1a: Corviknight\n|-boost|p1a: Corviknight|def|2\n|\n|upkeep\n|turn|16\n|inactive|Aisu_Gochira has 120 seconds left.\n|\n|t:|1783815600\n|move|p2a: Farigiraf|Calm Mind|p2a: Farigiraf\n|-boost|p2a: Farigiraf|spa|1\n|-boost|p2a: Farigiraf|spd|1\n|move|p1a: Corviknight|Iron Defense|p1a: Corviknight\n|-boost|p1a: Corviknight|def|2\n|\n|upkeep\n|turn|17\n|\n|t:|1783815606\n|move|p2a: Farigiraf|Twin Beam|p1a: Corviknight\n|-resisted|p1a: Corviknight\n|-damage|p1a: Corviknight|77/100 par\n|-resisted|p1a: Corviknight\n|-damage|p1a: Corviknight|58/100 par\n|-hitcount|p1a: Corviknight|2\n|move|p1a: Corviknight|Body Press|p2a: Farigiraf\n|-damage|p2a: Farigiraf|0 fnt\n|faint|p2a: Farigiraf\n|\n|upkeep\n|inactive|Aisu_Gochira has 120 seconds left.\n|\n|t:|1783815621\n|switch|p2a: Arcanine|Arcanine-Hisui, M|100/100\n|turn|18\n|inactive|Aisu_Gochira has 120 seconds left.\n|\n|t:|1783815627\n|move|p2a: Arcanine|Head Smash|p1a: Corviknight\n|-damage|p1a: Corviknight|47/100 par\n|-damage|p2a: Arcanine|84/100|[from] item: Rocky Helmet|[of] p1a: Corviknight\n|move|p1a: Corviknight|Body Press|p2a: Arcanine\n|-supereffective|p2a: Arcanine\n|-damage|p2a: Arcanine|0 fnt\n|faint|p2a: Arcanine\n|\n|win|StoicPhantasm\n|raw|StoicPhantasm's rating: 1118 &rarr; <strong>1141</strong><br />(+23 for winning)\n|raw|Aisu_Gochira's rating: 1091 &rarr; <strong>1069</strong><br />(-22 for losing)\n|l|☆Aisu_Gochira\n|player|p2|\n|l|☆StoicPhantasm\n|player|p1|\n", "uploadtime": 1783815949, "views": 4, "formatid": "gen9ou", "rating": 1069, "private": 0, "password": null}