{"id": "gen9ou-2639290947", "format": "[Gen 9] OU", "players": ["blabab", "What-The-Fcuck"], "log": "|j|☆blabab\n|j|☆What-The-Fcuck\n|t:|1782446924\n|gametype|singles\n|player|p1|blabab|miku-ground|1463\n|player|p2|What-The-Fcuck|hoopster|1508\n|gen|9\n|tier|[Gen 9] OU\n|rated|\n|rule|HP Percentage Mod: HP is shown in percentages\n|rule|Endless Battle Clause: Forcing endless battles is banned\n|rule|Species Clause: Limit one of each Pokémon\n|rule|OHKO Clause: OHKO moves are banned\n|rule|Evasion Items Clause: Evasion items are banned\n|rule|Evasion Moves Clause: Evasion moves are banned\n|rule|Evasion Abilities Clause: Evasion abilities are banned\n|rule|Sleep Moves Clause: Sleep-inducing moves are banned\n|clearpoke\n|poke|p1|Landorus-Therian, M|\n|poke|p1|Kyurem|\n|poke|p1|Alomomola, M|\n|poke|p1|Forretress, F|\n|poke|p1|Conkeldurr, F|\n|poke|p1|Deoxys-Speed|\n|poke|p2|Kommo-o, F|\n|poke|p2|Polteageist|\n|poke|p2|Cloyster, F|\n|poke|p2|Garchomp, F|\n|poke|p2|Grimmsnarl, M|\n|poke|p2|Gengar, F|\n|teampreview\n|inactive|Battle timer is ON: inactive players will automatically lose when time's up. (requested by blabab)\n|\n|t:|1782446954\n|teamsize|p1|6\n|teamsize|p2|6\n|start\n|switch|p1a: Forretress|Forretress, F|100/100\n|switch|p2a: Mrs.Tea Pot|Polteageist|100/100\n|turn|1\n|\n|t:|1782446964\n|move|p2a: Mrs.Tea Pot|Shell Smash|p2a: Mrs.Tea Pot\n|-unboost|p2a: Mrs.Tea Pot|def|1\n|-unboost|p2a: Mrs.Tea Pot|spd|1\n|-boost|p2a: Mrs.Tea Pot|atk|2\n|-boost|p2a: Mrs.Tea Pot|spa|2\n|-boost|p2a: Mrs.Tea Pot|spe|2\n|move|p1a: Forretress|Volt Switch|p2a: Mrs.Tea Pot\n|-damage|p2a: Mrs.Tea Pot|86/100\n|-start|p1a: Forretress|Disable|Volt Switch|[from] ability: Cursed Body|[of] p2a: Mrs.Tea Pot\n|\n|t:|1782446967\n|switch|p1a: Kyurem|Kyurem|100/100|[from] Volt Switch\n|-ability|p1a: Kyurem|Pressure\n|\n|upkeep\n|turn|2\n|\n|t:|1782446975\n|move|p2a: Mrs.Tea Pot|Stored Power|p1a: Kyurem\n|-damage|p1a: Kyurem|0 fnt\n|faint|p1a: Kyurem\n|\n|upkeep\n|\n|t:|1782446980\n|switch|p1a: Forretress|Forretress, F|100/100\n|turn|3\n|\n|t:|1782446988\n|move|p2a: Mrs.Tea Pot|Shadow Ball|p1a: Forretress\n|-ability|p1a: Forretress|Sturdy\n|-damage|p1a: Forretress|1/100\n|move|p1a: Forretress|Earthquake|p2a: Mrs.Tea Pot\n|-damage|p2a: Mrs.Tea Pot|7/100\n|-start|p1a: Forretress|Disable|Earthquake|[from] ability: Cursed Body|[of] p2a: Mrs.Tea Pot\n|\n|upkeep\n|turn|4\n|-enditem|p1a: Forretress|Custap Berry|[eat]\n|-activate|p1a: Forretress|item: Custap Berry|[consumed]\n|\n|t:|1782446995\n|move|p1a: Forretress|Volt Switch|p2a: Mrs.Tea Pot\n|-damage|p2a: Mrs.Tea Pot|0 fnt\n|faint|p2a: Mrs.Tea Pot\n|\n|t:|1782447002\n|switch|p1a: Landorus|Landorus-Therian, M|100/100|[from] Volt Switch\n|\n|upkeep\n|\n|t:|1782447005\n|switch|p2a: Vigina|Cloyster, F, shiny|100/100\n|turn|5\n|\n|t:|1782447013\n|move|p1a: Landorus|Grass Knot|p2a: Vigina\n|-supereffective|p2a: Vigina\n|-enditem|p2a: Vigina|Focus Sash\n|-damage|p2a: Vigina|1/100\n|move|p2a: Vigina|Shell Smash|p2a: Vigina\n|-unboost|p2a: Vigina|def|1\n|-unboost|p2a: Vigina|spd|1\n|-boost|p2a: Vigina|atk|2\n|-boost|p2a: Vigina|spa|2\n|-boost|p2a: Vigina|spe|2\n|\n|upkeep\n|turn|6\n|\n|t:|1782447019\n|switch|p1a: Alomomola|Alomomola, M|100/100\n|move|p2a: Vigina|Icicle Spear|p1a: Alomomola\n|-resisted|p1a: Alomomola\n|-damage|p1a: Alomomola|94/100\n|-resisted|p1a: Alomomola\n|-damage|p1a: Alomomola|89/100\n|-resisted|p1a: Alomomola\n|-damage|p1a: Alomomola|84/100\n|-resisted|p1a: Alomomola\n|-damage|p1a: Alomomola|79/100\n|-resisted|p1a: Alomomola\n|-damage|p1a: Alomomola|73/100\n|-hitcount|p1a: Alomomola|5\n|\n|upkeep\n|turn|7\n|\n|t:|1782447028\n|move|p2a: Vigina|Rock Blast|p1a: Alomomola\n|-damage|p1a: Alomomola|65/100\n|-damage|p1a: Alomomola|57/100\n|-damage|p1a: Alomomola|49/100\n|-crit|p1a: Alomomola\n|-damage|p1a: Alomomola|37/100\n|-damage|p1a: Alomomola|30/100\n|-hitcount|p1a: Alomomola|5\n|move|p1a: Alomomola|Flip Turn|p2a: Vigina\n|-resisted|p2a: Vigina\n|-damage|p2a: Vigina|0 fnt\n|faint|p2a: Vigina\n|\n|t:|1782447035\n|switch|p1a: Deoxys|Deoxys-Speed|100/100|[from] Flip Turn\n|-ability|p1a: Deoxys|Pressure\n|\n|upkeep\n|\n|t:|1782447042\n|switch|p2a: Demon King|Grimmsnarl, M, shiny|100/100\n|turn|8\n|\n|t:|1782447049\n|switch|p1a: Forretress|Forretress, F|1/100\n|move|p2a: Demon King|Bulk Up|p2a: Demon King\n|-boost|p2a: Demon King|atk|1\n|-boost|p2a: Demon King|def|1\n|\n|upkeep\n|turn|9\n|\n|t:|1782447057\n|move|p2a: Demon King|Drain Punch|p1a: Forretress\n|-damage|p1a: Forretress|0 fnt\n|faint|p1a: Forretress\n|\n|upkeep\n|\n|t:|1782447059\n|switch|p1a: Deoxys|Deoxys-Speed|100/100\n|-ability|p1a: Deoxys|Pressure\n|turn|10\n|\n|t:|1782447062\n|move|p2a: Demon King|Bulk Up|p2a: Demon King\n|-boost|p2a: Demon King|atk|1\n|-boost|p2a: Demon King|def|1\n|move|p1a: Deoxys|Trick|p2a: Demon King\n|-activate|p1a: Deoxys|move: Trick|[of] p2a: Demon King\n|-item|p2a: Demon King|Choice Specs|[from] move: Trick\n|-item|p1a: Deoxys|Leftovers|[from] move: Trick\n|\n|upkeep\n|turn|11\n|\n|t:|1782447078\n|switch|p1a: Landorus|Landorus-Therian, M|100/100\n|-ability|p1a: Landorus|Intimidate|boost\n|-unboost|p2a: Demon King|atk|1\n|move|p2a: Demon King|Spirit Break|p1a: Landorus\n|-damage|p1a: Landorus|38/100\n|-unboost|p1a: Landorus|spa|1\n|\n|upkeep\n|turn|12\n|\n|t:|1782447081\n|switch|p1a: Alomomola|Alomomola, M|63/100\n|move|p2a: Demon King|Spirit Break|p1a: Alomomola\n|-damage|p1a: Alomomola|31/100\n|-unboost|p1a: Alomomola|spa|1\n|-damage|p2a: Demon King|84/100|[from] item: Rocky Helmet|[of] p1a: Alomomola\n|\n|upkeep\n|turn|13\n|\n|t:|1782447091\n|switch|p1a: Landorus|Landorus-Therian, M|38/100\n|-ability|p1a: Landorus|Intimidate|boost\n|-unboost|p2a: Demon King|atk|1\n|move|p2a: Demon King|Spirit Break|p1a: Landorus\n|-damage|p1a: Landorus|0 fnt\n|faint|p1a: Landorus\n|\n|upkeep\n|\n|t:|1782447093\n|switch|p1a: Alomomola|Alomomola, M|64/100\n|turn|14\n|\n|t:|1782447095\n|move|p2a: Demon King|Spirit Break|p1a: Alomomola\n|-damage|p1a: Alomomola|44/100\n|-unboost|p1a: Alomomola|spa|1\n|-damage|p2a: Demon King|67/100|[from] item: Rocky Helmet|[of] p1a: Alomomola\n|move|p1a: Alomomola|Wish|p1a: Alomomola\n|\n|upkeep\n|turn|15\n|\n|t:|1782447115\n|move|p2a: Demon King|Spirit Break|p1a: Alomomola\n|-damage|p1a: Alomomola|24/100\n|-unboost|p1a: Alomomola|spa|1\n|-damage|p2a: Demon King|51/100|[from] item: Rocky Helmet|[of] p1a: Alomomola\n|move|p1a: Alomomola|Scald|p2a: Demon King\n|-damage|p2a: Demon King|44/100\n|\n|-heal|p1a: Alomomola|74/100|[from] move: Wish|[wisher] Alomomola\n|upkeep\n|turn|16\n|\n|t:|1782447120\n|move|p2a: Demon King|Spirit Break|p1a: Alomomola\n|-damage|p1a: Alomomola|56/100\n|-unboost|p1a: Alomomola|spa|1\n|-damage|p2a: Demon King|28/100|[from] item: Rocky Helmet|[of] p1a: Alomomola\n|move|p1a: Alomomola|Wish|p1a: Alomomola\n|\n|upkeep\n|turn|17\n|\n|t:|1782447127\n|move|p2a: Demon King|Spirit Break|p1a: Alomomola\n|-damage|p1a: Alomomola|36/100\n|-unboost|p1a: Alomomola|spa|1\n|-damage|p2a: Demon King|11/100|[from] item: Rocky Helmet|[of] p1a: Alomomola\n|move|p1a: Alomomola|Scald|p2a: Demon King\n|-damage|p2a: Demon King|7/100\n|-status|p2a: Demon King|brn\n|\n|-heal|p1a: Alomomola|86/100|[from] move: Wish|[wisher] Alomomola\n|-damage|p2a: Demon King|0 fnt|[from] brn\n|faint|p2a: Demon King\n|upkeep\n|\n|t:|1782447130\n|switch|p2a: Guava|Kommo-o, F, shiny|100/100\n|turn|18\n|\n|t:|1782447141\n|move|p2a: Guava|Clangorous Soul|p2a: Guava\n|-boost|p2a: Guava|atk|1\n|-boost|p2a: Guava|def|1\n|-boost|p2a: Guava|spa|1\n|-boost|p2a: Guava|spd|1\n|-boost|p2a: Guava|spe|1\n|-damage|p2a: Guava|68/100\n|move|p1a: Alomomola|Flip Turn|p2a: Guava\n|-resisted|p2a: Guava\n|-damage|p2a: Guava|63/100\n|\n|t:|1782447143\n|switch|p1a: Deoxys|Deoxys-Speed|100/100|[from] Flip Turn\n|-ability|p1a: Deoxys|Pressure\n|\n|upkeep\n|turn|19\n|\n|t:|1782447164\n|-terastallize|p2a: Guava|Fire\n|move|p1a: Deoxys|Psycho Boost|p2a: Guava\n|-damage|p2a: Guava|20/100\n|-unboost|p1a: Deoxys|spa|2\n|-enditem|p2a: Guava|Aguav Berry|[eat]\n|-heal|p2a: Guava|53/100|[from] item: Aguav Berry\n|move|p2a: Guava|Poison Jab|p1a: Deoxys\n|-damage|p1a: Deoxys|39/100\n|\n|-heal|p1a: Deoxys|45/100|[from] item: Leftovers\n|upkeep\n|turn|20\n|\n|t:|1782447181\n|switch|p1a: Alomomola|Alomomola, M|100/100\n|move|p2a: Guava|Clangorous Soul|p2a: Guava\n|-boost|p2a: Guava|atk|1\n|-boost|p2a: Guava|def|1\n|-boost|p2a: Guava|spa|1\n|-boost|p2a: Guava|spd|1\n|-boost|p2a: Guava|spe|1\n|-damage|p2a: Guava|21/100\n|\n|upkeep\n|turn|21\n|\n|t:|1782447185\n|move|p2a: Guava|Drain Punch|p1a: Alomomola\n|-damage|p1a: Alomomola|62/100\n|-heal|p2a: Guava|50/100|[from] drain|[of] p1a: Alomomola\n|-damage|p2a: Guava|33/100|[from] item: Rocky Helmet|[of] p1a: Alomomola\n|move|p1a: Alomomola|Scald|p2a: Guava\n|-supereffective|p2a: Guava\n|-damage|p2a: Guava|20/100\n|\n|upkeep\n|turn|22\n|\n|t:|1782447197\n|move|p2a: Guava|Drain Punch|p1a: Alomomola\n|-crit|p1a: Alomomola\n|-damage|p1a: Alomomola|0 fnt\n|-heal|p2a: Guava|66/100|[from] drain|[of] p1a: Alomomola\n|-damage|p2a: Guava|49/100|[from] item: Rocky Helmet|[of] p1a: Alomomola\n|faint|p1a: Alomomola\n|\n|upkeep\n|-message|blabab forfeited.\n|\n|win|What-The-Fcuck\n|raw|blabab's rating: 1463 &rarr; <strong>1446</strong><br />(-17 for losing)\n|raw|What-The-Fcuck's rating: 1508 &rarr; <strong>1525</strong><br />(+17 for winning)\n|l|☆blabab\n|player|p1|\n", "uploadtime": 1782447215, "views": 6, "formatid": "gen9ou", "rating": 1446, "private": 0, "password": null}