{"id": "gen9ou-2647827175", "format": "[Gen 9] OU", "players": ["wydnexa", "CranberryHabits"], "log": "|j|☆wydnexa\n|j|☆CranberryHabits\n|t:|1783819568\n|gametype|singles\n|player|p1|wydnexa|ariana|1104\n|player|p2|CranberryHabits|nessa-masters|1179\n|gen|9\n|tier|[Gen 9] OU\n|rated|\n|rule|HP Percentage Mod: HP is shown in percentages\n|rule|Endless Battle Clause: Forcing endless battles is banned\n|rule|Species Clause: Limit one of each Pokémon\n|rule|OHKO Clause: OHKO moves are banned\n|rule|Evasion Items Clause: Evasion items are banned\n|rule|Evasion Moves Clause: Evasion moves are banned\n|rule|Evasion Abilities Clause: Evasion abilities are banned\n|rule|Sleep Moves Clause: Sleep-inducing moves are banned\n|clearpoke\n|poke|p1|Dragapult, F|\n|poke|p1|Garchomp, F|\n|poke|p1|Gliscor, F|\n|poke|p1|Corviknight, M|\n|poke|p1|Kingambit, M|\n|poke|p1|Primarina, M|\n|poke|p2|Kyurem|\n|poke|p2|Ninetales-Alola, M|\n|poke|p2|Mamoswine, M|\n|poke|p2|Weavile, M|\n|poke|p2|Cetitan, F|\n|poke|p2|Avalugg-Hisui, F|\n|teampreview\n|\n|t:|1783819598\n|teamsize|p1|6\n|teamsize|p2|6\n|start\n|switch|p1a: Gliscor|Gliscor, F|100/100\n|switch|p2a: Kyurem|Kyurem|100/100\n|-ability|p2a: Kyurem|Pressure\n|turn|1\n|\n|t:|1783819618\n|-terastallize|p1a: Gliscor|Water\n|move|p2a: Kyurem|Ice Beam|p1a: Gliscor\n|-resisted|p1a: Gliscor\n|-damage|p1a: Gliscor|81/100\n|move|p1a: Gliscor|Earthquake|p2a: Kyurem\n|-damage|p2a: Kyurem|70/100\n|\n|-status|p1a: Gliscor|tox|[from] item: Toxic Orb\n|upkeep\n|turn|2\n|\n|t:|1783819630\n|move|p2a: Kyurem|Freeze-Dry|p1a: Gliscor\n|-supereffective|p1a: Gliscor\n|-damage|p1a: Gliscor|12/100 tox\n|move|p1a: Gliscor|Spikes|p2a: Kyurem\n|-sidestart|p2: CranberryHabits|Spikes\n|\n|-heal|p1a: Gliscor|25/100 tox|[from] ability: Poison Heal\n|upkeep\n|turn|3\n|\n|t:|1783819638\n|move|p1a: Gliscor|Protect|p1a: Gliscor\n|-singleturn|p1a: Gliscor|Protect\n|move|p2a: Kyurem|Earth Power|p1a: Gliscor\n|-activate|p1a: Gliscor|move: Protect\n|\n|-heal|p1a: Gliscor|37/100 tox|[from] ability: Poison Heal\n|upkeep\n|turn|4\n|j| GruesomeLovelies\n|\n|t:|1783819660\n|switch|p1a: Primarina|Primarina, M|100/100\n|move|p2a: Kyurem|Freeze-Dry|p1a: Primarina\n|-supereffective|p1a: Primarina\n|-damage|p1a: Primarina|61/100\n|\n|upkeep\n|turn|5\n|\n|t:|1783819672\n|switch|p2a: Ninetales|Ninetales-Alola, M|100/100\n|-damage|p2a: Ninetales|88/100|[from] Spikes\n|-weather|Snowscape|[from] ability: Snow Warning|[of] p2a: Ninetales\n|move|p1a: Primarina|Moonblast|p2a: Ninetales\n|-damage|p2a: Ninetales|36/100\n|\n|-weather|Snowscape|[upkeep]\n|upkeep\n|turn|6\n|\n|t:|1783819687\n|move|p2a: Ninetales|Aurora Veil|p2a: Ninetales\n|-sidestart|p2: CranberryHabits|move: Aurora Veil\n|move|p1a: Primarina|Flip Turn|p2a: Ninetales\n|-damage|p2a: Ninetales|30/100\n|\n|t:|1783819722\n|switch|p1a: Kingambit|Kingambit, M|100/100|[from] Flip Turn\n|\n|-weather|Snowscape|[upkeep]\n|upkeep\n|turn|7\n|\n|t:|1783819749\n|-terastallize|p2a: Ninetales|Fire\n|move|p2a: Ninetales|Moonblast|p1a: Kingambit\n|-damage|p1a: Kingambit|75/100\n|move|p1a: Kingambit|Swords Dance|p1a: Kingambit\n|-boost|p1a: Kingambit|atk|2\n|\n|-weather|Snowscape|[upkeep]\n|-heal|p1a: Kingambit|81/100|[from] item: Leftovers\n|upkeep\n|turn|8\n|\n|t:|1783819761\n|move|p1a: Kingambit|Sucker Punch||[still]\n|-fail|p1a: Kingambit\n|move|p2a: Ninetales|Encore|p1a: Kingambit\n|-start|p1a: Kingambit|Encore\n|\n|-weather|Snowscape|[upkeep]\n|-heal|p1a: Kingambit|87/100|[from] item: Leftovers\n|upkeep\n|turn|9\n|\n|t:|1783819779\n|switch|p2a: Cetitan|Cetitan, F|100/100\n|-damage|p2a: Cetitan|88/100|[from] Spikes\n|move|p1a: Kingambit|Sucker Punch||[still]\n|-fail|p1a: Kingambit\n|\n|-weather|none\n|-heal|p1a: Kingambit|93/100|[from] item: Leftovers\n|upkeep\n|turn|10\n|\n|t:|1783819814\n|switch|p2a: Ninetales|Ninetales-Alola, M, tera:Fire|30/100\n|-damage|p2a: Ninetales|18/100|[from] Spikes\n|-weather|Snowscape|[from] ability: Snow Warning|[of] p2a: Ninetales\n|move|p1a: Kingambit|Sucker Punch||[still]\n|-fail|p1a: Kingambit\n|\n|-weather|Snowscape|[upkeep]\n|-heal|p1a: Kingambit|99/100|[from] item: Leftovers\n|upkeep\n|turn|11\n|\n|t:|1783819829\n|move|p1a: Kingambit|Sucker Punch||[still]\n|-fail|p1a: Kingambit\n|move|p2a: Ninetales|Encore||[still]\n|-fail|p2a: Ninetales\n|\n|-weather|Snowscape|[upkeep]\n|-heal|p1a: Kingambit|100/100|[from] item: Leftovers\n|-end|p1a: Kingambit|Encore\n|upkeep\n|turn|12\n|\n|t:|1783819842\n|move|p2a: Ninetales|Encore|p1a: Kingambit\n|-start|p1a: Kingambit|Encore\n|move|p1a: Kingambit|Sucker Punch||[still]\n|-fail|p1a: Kingambit\n|\n|-weather|Snowscape|[upkeep]\n|upkeep\n|turn|13\n|\n|t:|1783819855\n|move|p1a: Kingambit|Sucker Punch||[still]\n|-fail|p1a: Kingambit\n|move|p2a: Ninetales|Encore||[still]\n|-fail|p2a: Ninetales\n|\n|-weather|Snowscape|[upkeep]\n|-sideend|p2: CranberryHabits|move: Aurora Veil\n|upkeep\n|turn|14\n|\n|t:|1783819877\n|-end|p1a: Kingambit|fallenundefined|[silent]\n|switch|p1a: Primarina|Primarina, M|61/100\n|move|p2a: Ninetales|Aurora Veil|p2a: Ninetales\n|-sidestart|p2: CranberryHabits|move: Aurora Veil\n|\n|-weather|none\n|upkeep\n|turn|15\n|\n|t:|1783819894\n|switch|p2a: Kyurem|Kyurem|70/100\n|-ability|p2a: Kyurem|Pressure\n|move|p1a: Primarina|Flip Turn|p2a: Kyurem\n|-resisted|p2a: Kyurem\n|-damage|p2a: Kyurem|66/100\n|\n|t:|1783819915\n|switch|p1a: Garchomp|Garchomp, F|100/100|[from] Flip Turn\n|\n|upkeep\n|turn|16\n|\n|t:|1783819942\n|switch|p1a: Primarina|Primarina, M|61/100\n|move|p2a: Kyurem|Ice Beam|p1a: Primarina\n|-resisted|p1a: Primarina\n|-damage|p1a: Primarina|49/100\n|-status|p1a: Primarina|frz\n|\n|upkeep\n|turn|17\n|\n|t:|1783819950\n|move|p2a: Kyurem|Freeze-Dry|p1a: Primarina\n|-supereffective|p1a: Primarina\n|-damage|p1a: Primarina|9/100 frz\n|cant|p1a: Primarina|frz\n|\n|upkeep\n|turn|18\n|\n|t:|1783819957\n|move|p2a: Kyurem|Freeze-Dry|p1a: Primarina\n|-supereffective|p1a: Primarina\n|-damage|p1a: Primarina|0 fnt\n|faint|p1a: Primarina\n|\n|upkeep\n|\n|t:|1783819978\n|switch|p1a: Gliscor|Gliscor, F, tera:Water|37/100 tox\n|turn|19\n|\n|t:|1783819982\n|move|p1a: Gliscor|Protect|p1a: Gliscor\n|-singleturn|p1a: Gliscor|Protect\n|move|p2a: Kyurem|Freeze-Dry|p1a: Gliscor\n|-activate|p1a: Gliscor|move: Protect\n|\n|-heal|p1a: Gliscor|50/100 tox|[from] ability: Poison Heal\n|upkeep\n|turn|20\n|\n|t:|1783820001\n|move|p1a: Gliscor|Protect||[still]\n|-fail|p1a: Gliscor\n|move|p2a: Kyurem|Freeze-Dry|p1a: Gliscor\n|-supereffective|p1a: Gliscor\n|-damage|p1a: Gliscor|0 fnt\n|faint|p1a: Gliscor\n|\n|upkeep\n|\n|t:|1783820018\n|switch|p1a: Dragapult|Dragapult, F|100/100\n|turn|21\n|\n|t:|1783820024\n|switch|p2a: Ninetales|Ninetales-Alola, M, tera:Fire|18/100\n|-damage|p2a: Ninetales|6/100|[from] Spikes\n|-weather|Snowscape|[from] ability: Snow Warning|[of] p2a: Ninetales\n|move|p1a: Dragapult|Draco Meteor|p2a: Ninetales\n|-damage|p2a: Ninetales|0 fnt\n|-unboost|p1a: Dragapult|spa|2\n|faint|p2a: Ninetales\n|\n|-weather|Snowscape|[upkeep]\n|-sideend|p2: CranberryHabits|move: Aurora Veil\n|upkeep\n|\n|t:|1783820035\n|switch|p2a: Kyurem|Kyurem|66/100\n|-ability|p2a: Kyurem|Pressure\n|turn|22\n|\n|t:|1783820039\n|move|p1a: Dragapult|Draco Meteor|p2a: Kyurem\n|-supereffective|p2a: Kyurem\n|-damage|p2a: Kyurem|0 fnt\n|-unboost|p1a: Dragapult|spa|2\n|faint|p2a: Kyurem\n|\n|-weather|Snowscape|[upkeep]\n|upkeep\n|\n|t:|1783820047\n|switch|p2a: Cetitan|Cetitan, F|88/100\n|-damage|p2a: Cetitan|76/100|[from] Spikes\n|turn|23\n|\n|t:|1783820078\n|switch|p1a: Kingambit|Kingambit, M|100/100\n|-activate|p1a: Kingambit|ability: Supreme Overlord\n|-start|p1a: Kingambit|fallen2|[silent]\n|move|p2a: Cetitan|Belly Drum|p2a: Cetitan\n|-damage|p2a: Cetitan|26/100\n|-setboost|p2a: Cetitan|atk|6|[from] move: Belly Drum\n|-enditem|p2a: Cetitan|Sitrus Berry|[eat]\n|-heal|p2a: Cetitan|50/100|[from] item: Sitrus Berry\n|\n|-weather|Snowscape|[upkeep]\n|upkeep\n|turn|24\n|\n|t:|1783820093\n|move|p2a: Cetitan|Ice Shard|p1a: Kingambit\n|-resisted|p1a: Kingambit\n|-damage|p1a: Kingambit|69/100\n|move|p1a: Kingambit|Sucker Punch||[still]\n|-fail|p1a: Kingambit\n|\n|-weather|Snowscape|[upkeep]\n|-heal|p1a: Kingambit|75/100|[from] item: Leftovers\n|upkeep\n|turn|25\n|\n|t:|1783820103\n|move|p2a: Cetitan|Earthquake|p1a: Kingambit\n|-supereffective|p1a: Kingambit\n|-damage|p1a: Kingambit|0 fnt\n|faint|p1a: Kingambit\n|-end|p1a: Kingambit|fallen2|[silent]\n|\n|-weather|none\n|upkeep\n|\n|t:|1783820109\n|switch|p1a: Dragapult|Dragapult, F|100/100\n|turn|26\n|\n|t:|1783820112\n|move|p2a: Cetitan|Ice Shard|p1a: Dragapult\n|-supereffective|p1a: Dragapult\n|-damage|p1a: Dragapult|0 fnt\n|faint|p1a: Dragapult\n|\n|upkeep\n|\n|t:|1783820170\n|switch|p1a: Garchomp|Garchomp, F|100/100\n|turn|27\n|\n|t:|1783820176\n|move|p2a: Cetitan|Ice Shard|p1a: Garchomp\n|-supereffective|p1a: Garchomp\n|-damage|p1a: Garchomp|0 fnt\n|faint|p1a: Garchomp\n|\n|upkeep\n|\n|t:|1783820181\n|switch|p1a: Corviknight|Corviknight, M|100/100\n|-ability|p1a: Corviknight|Pressure\n|turn|28\n|-message|wydnexa forfeited.\n|\n|win|CranberryHabits\n|raw|wydnexa's rating: 1104 &rarr; <strong>1084</strong><br />(-20 for losing)\n|raw|CranberryHabits's rating: 1179 &rarr; <strong>1199</strong><br />(+20 for winning)\n|l|☆wydnexa\n|player|p1|\n", "uploadtime": 1783820513, "views": 8, "formatid": "gen9ou", "rating": 1084, "private": 0, "password": null}