{"id": "gen9ou-2647841661", "format": "[Gen 9] OU", "players": ["ilovecheese123", "mwharken"], "log": "|j|☆ilovecheese123\n|j|☆mwharken\n|t:|1783822132\n|gametype|singles\n|player|p1|ilovecheese123|265|1337\n|player|p2|mwharken|steven|1325\n|gen|9\n|tier|[Gen 9] OU\n|rated|\n|rule|HP Percentage Mod: HP is shown in percentages\n|rule|Endless Battle Clause: Forcing endless battles is banned\n|rule|Species Clause: Limit one of each Pokémon\n|rule|OHKO Clause: OHKO moves are banned\n|rule|Evasion Items Clause: Evasion items are banned\n|rule|Evasion Moves Clause: Evasion moves are banned\n|rule|Evasion Abilities Clause: Evasion abilities are banned\n|rule|Sleep Moves Clause: Sleep-inducing moves are banned\n|clearpoke\n|poke|p1|Hatterene, F|\n|poke|p1|Great Tusk|\n|poke|p1|Tornadus-Therian, M|\n|poke|p1|Kyurem|\n|poke|p1|Slowking-Galar, M|\n|poke|p1|Kingambit, M|\n|poke|p2|Mamoswine, M|\n|poke|p2|Comfey, F|\n|poke|p2|Flapple, F|\n|poke|p2|Kleavor, M|\n|poke|p2|Braviary-Hisui, M|\n|poke|p2|Whimsicott, F|\n|teampreview\n|inactive|Battle timer is ON: inactive players will automatically lose when time's up. (requested by ilovecheese123)\n|\n|t:|1783822160\n|teamsize|p1|6\n|teamsize|p2|6\n|start\n|switch|p1a: Kyurem|Kyurem|100/100\n|switch|p2a: Flapple|Flapple, F|100/100\n|-ability|p1a: Kyurem|Pressure\n|turn|1\n|\n|t:|1783822189\n|-terastallize|p2a: Flapple|Water\n|move|p1a: Kyurem|Ice Beam|p2a: Flapple\n|-resisted|p2a: Flapple\n|-damage|p2a: Flapple|40/100\n|move|p2a: Flapple|Dragon Dance|p2a: Flapple\n|-boost|p2a: Flapple|atk|1\n|-boost|p2a: Flapple|spe|1\n|\n|upkeep\n|turn|2\n|\n|t:|1783822201\n|switch|p1a: Hatterene|Hatterene, F|100/100\n|move|p2a: Flapple|Outrage|p1a: Hatterene\n|-immune|p1a: Hatterene\n|\n|upkeep\n|turn|3\n|\n|t:|1783822209\n|move|p2a: Flapple|Grav Apple|p1a: Hatterene\n|-damage|p1a: Hatterene|29/100\n|-unboost|p1a: Hatterene|def|1\n|move|p1a: Hatterene|Psychic Noise|p2a: Flapple\n|-damage|p2a: Flapple|0 fnt\n|faint|p2a: Flapple\n|\n|upkeep\n|\n|t:|1783822227\n|switch|p2a: Mamoswine|Mamoswine, M|100/100\n|turn|4\n|\n|t:|1783822236\n|switch|p1a: Great Tusk|Great Tusk|100/100\n|move|p2a: Mamoswine|Icicle Spear|p1a: Great Tusk\n|-supereffective|p1a: Great Tusk\n|-damage|p1a: Great Tusk|78/100\n|-supereffective|p1a: Great Tusk\n|-damage|p1a: Great Tusk|58/100\n|-supereffective|p1a: Great Tusk\n|-damage|p1a: Great Tusk|37/100\n|-supereffective|p1a: Great Tusk\n|-crit|p1a: Great Tusk\n|-damage|p1a: Great Tusk|6/100\n|-supereffective|p1a: Great Tusk\n|-damage|p1a: Great Tusk|0 fnt\n|faint|p1a: Great Tusk\n|-end|p1a: Great Tusk|Protosynthesis|[silent]\n|-hitcount|p1: Great Tusk|5\n|\n|upkeep\n|\n|t:|1783822246\n|switch|p1a: Slowking|Slowking-Galar, M|100/100\n|turn|5\n|\n|t:|1783822254\n|move|p2a: Mamoswine|Earthquake|p1a: Slowking\n|-supereffective|p1a: Slowking\n|-damage|p1a: Slowking|14/100\n|-prepare|p1a: Slowking|Chilly Reception|[premajor]\n|move|p1a: Slowking|Chilly Reception|p1a: Slowking\n|-weather|Snowscape\n|\n|t:|1783822261\n|switch|p1a: Kyurem|Kyurem|100/100|[from] Chilly Reception\n|-ability|p1a: Kyurem|Pressure\n|\n|-weather|Snowscape|[upkeep]\n|upkeep\n|turn|6\n|\n|t:|1783822275\n|-terastallize|p1a: Kyurem|Ice\n|move|p1a: Kyurem|Blizzard|p2a: Mamoswine\n|-damage|p2a: Mamoswine|0 fnt\n|faint|p2a: Mamoswine\n|\n|-weather|Snowscape|[upkeep]\n|upkeep\n|c|☆mwharken|Bull\n|\n|t:|1783822287\n|switch|p2a: Whimsicott|Whimsicott, F|100/100\n|turn|7\n|\n|t:|1783822293\n|move|p2a: Whimsicott|Tailwind|p2a: Whimsicott\n|-sidestart|p2: mwharken|move: Tailwind\n|move|p1a: Kyurem|Blizzard|p2a: Whimsicott\n|-supereffective|p2a: Whimsicott\n|-enditem|p2a: Whimsicott|Focus Sash\n|-damage|p2a: Whimsicott|1/100\n|-status|p2a: Whimsicott|frz\n|\n|-weather|Snowscape|[upkeep]\n|upkeep\n|turn|8\n|c|☆mwharken|Lmfao\n|c|☆mwharken|Just gets better\n|\n|t:|1783822310\n|cant|p2a: Whimsicott|frz\n|move|p1a: Kyurem|Blizzard|p2a: Whimsicott\n|-supereffective|p2a: Whimsicott\n|-damage|p2a: Whimsicott|0 fnt\n|faint|p2a: Whimsicott\n|\n|-weather|Snowscape|[upkeep]\n|upkeep\n|\n|t:|1783822325\n|switch|p2a: Kleavor|Kleavor, M|100/100\n|turn|9\n|\n|t:|1783822348\n|move|p2a: Kleavor|Stone Axe|p1a: Kyurem\n|-supereffective|p1a: Kyurem\n|-damage|p1a: Kyurem|0 fnt\n|-sidestart|p1: ilovecheese123|move: Stealth Rock\n|faint|p1a: Kyurem\n|\n|-weather|none\n|upkeep\n|\n|t:|1783822355\n|switch|p1a: Kingambit|Kingambit, M|100/100\n|-damage|p1a: Kingambit|94/100|[from] Stealth Rock\n|-activate|p1a: Kingambit|ability: Supreme Overlord\n|-start|p1a: Kingambit|fallen2|[silent]\n|turn|10\n|\n|t:|1783822375\n|move|p2a: Kleavor|Stone Axe|p1a: Kingambit\n|-resisted|p1a: Kingambit\n|-damage|p1a: Kingambit|63/100\n|move|p1a: Kingambit|Iron Head|p2a: Kleavor\n|-supereffective|p2a: Kleavor\n|-crit|p2a: Kleavor\n|-damage|p2a: Kleavor|0 fnt\n|faint|p2a: Kleavor\n|\n|-heal|p1a: Kingambit|70/100|[from] item: Leftovers\n|-sideend|p2: mwharken|move: Tailwind\n|upkeep\n|\n|t:|1783822386\n|switch|p2a: Braviary|Braviary-Hisui, M|100/100\n|turn|11\n|inactive|ilovecheese123 has 120 seconds left.\n|\n|t:|1783822415\n|move|p2a: Braviary|Vacuum Wave|p1a: Kingambit\n|-supereffective|p1a: Kingambit\n|-damage|p1a: Kingambit|0 fnt\n|faint|p1a: Kingambit\n|-end|p1a: Kingambit|fallen2|[silent]\n|\n|upkeep\n|\n|t:|1783822419\n|switch|p1a: Tornadus|Tornadus-Therian, M|100/100\n|-damage|p1a: Tornadus|76/100|[from] Stealth Rock\n|turn|12\n|\n|t:|1783822429\n|switch|p2a: Comfey|Comfey, F|100/100\n|move|p1a: Tornadus|Knock Off|p2a: Comfey\n|-resisted|p2a: Comfey\n|-crit|p2a: Comfey\n|-damage|p2a: Comfey|83/100\n|-enditem|p2a: Comfey|Choice Specs|[from] move: Knock Off|[of] p1a: Tornadus\n|\n|upkeep\n|turn|13\n|\n|t:|1783822441\n|move|p2a: Comfey|Draining Kiss|p1a: Tornadus\n|-damage|p1a: Tornadus|61/100\n|-heal|p2a: Comfey|95/100|[from] drain|[of] p1a: Tornadus\n|move|p1a: Tornadus|Bleakwind Storm|p2a: Comfey|[miss]\n|-miss|p1a: Tornadus|p2a: Comfey\n|\n|upkeep\n|turn|14\n|\n|t:|1783822449\n|move|p1a: Tornadus|U-turn|p2a: Comfey\n|-resisted|p2a: Comfey\n|-damage|p2a: Comfey|86/100\n|\n|t:|1783822451\n|switch|p1a: Slowking|Slowking-Galar, M|48/100|[from] U-turn\n|-damage|p1a: Slowking|35/100|[from] Stealth Rock\n|move|p2a: Comfey|Leech Seed|p1a: Slowking\n|-start|p1a: Slowking|move: Leech Seed\n|\n|-heal|p1a: Slowking|41/100|[from] item: Black Sludge\n|-damage|p1a: Slowking|29/100|[from] Leech Seed|[of] p2a: Comfey\n|-heal|p2a: Comfey|100/100|[silent]\n|upkeep\n|turn|15\n|\n|t:|1783822463\n|switch|p2a: Braviary|Braviary-Hisui, M|100/100\n|switch|p1a: Tornadus|Tornadus-Therian, M|95/100\n|-damage|p1a: Tornadus|70/100|[from] Stealth Rock\n|\n|upkeep\n|turn|16\n|\n|t:|1783822474\n|switch|p1a: Slowking|Slowking-Galar, M|62/100\n|-damage|p1a: Slowking|50/100|[from] Stealth Rock\n|move|p2a: Braviary|Psychic|p1a: Slowking\n|-damage|p1a: Slowking|0 fnt\n|faint|p1a: Slowking\n|\n|upkeep\n|\n|t:|1783822480\n|switch|p1a: Tornadus|Tornadus-Therian, M|100/100\n|-damage|p1a: Tornadus|76/100|[from] Stealth Rock\n|turn|17\n|\n|t:|1783822489\n|switch|p2a: Comfey|Comfey, F|100/100\n|move|p1a: Tornadus|Knock Off|p2a: Comfey\n|-resisted|p2a: Comfey\n|-damage|p2a: Comfey|93/100\n|\n|upkeep\n|turn|18\n|\n|t:|1783822496\n|move|p1a: Tornadus|Bleakwind Storm|p2a: Comfey|[miss]\n|-miss|p1a: Tornadus|p2a: Comfey\n|move|p2a: Comfey|Leech Seed|p1a: Tornadus|[miss]\n|-miss|p2a: Comfey|p1a: Tornadus\n|\n|upkeep\n|turn|19\n|\n|t:|1783822507\n|move|p1a: Tornadus|Bleakwind Storm|p2a: Comfey\n|-damage|p2a: Comfey|51/100\n|move|p2a: Comfey|Trick|p1a: Tornadus\n|-activate|p2a: Comfey|move: Trick|[of] p1a: Tornadus\n|-enditem|p1a: Tornadus|Assault Vest|[silent]|[from] move: Trick\n|-item|p2a: Comfey|Assault Vest|[from] move: Trick\n|\n|upkeep\n|turn|20\n|\n|t:|1783822514\n|move|p2a: Comfey|Draining Kiss|p1a: Tornadus\n|-damage|p1a: Tornadus|55/100\n|-heal|p2a: Comfey|68/100|[from] drain|[of] p1a: Tornadus\n|move|p1a: Tornadus|Bleakwind Storm|p2a: Comfey|[miss]\n|-miss|p1a: Tornadus|p2a: Comfey\n|\n|upkeep\n|turn|21\n|\n|t:|1783822521\n|move|p2a: Comfey|Draining Kiss|p1a: Tornadus\n|-damage|p1a: Tornadus|34/100\n|-heal|p2a: Comfey|86/100|[from] drain|[of] p1a: Tornadus\n|move|p1a: Tornadus|Bleakwind Storm|p2a: Comfey\n|-damage|p2a: Comfey|59/100\n|\n|upkeep\n|turn|22\n|\n|t:|1783822529\n|switch|p1a: Hatterene|Hatterene, F|29/100\n|-damage|p1a: Hatterene|16/100|[from] Stealth Rock\n|move|p2a: Comfey|Draining Kiss|p1a: Hatterene\n|-damage|p1a: Hatterene|0 fnt\n|-heal|p2a: Comfey|72/100|[from] drain|[of] p1a: Hatterene\n|-damage|p2a: Comfey|55/100|[from] item: Rocky Helmet|[of] p1a: Hatterene\n|faint|p1a: Hatterene\n|\n|upkeep\n|\n|t:|1783822532\n|switch|p1a: Tornadus|Tornadus-Therian, M|67/100\n|-damage|p1a: Tornadus|42/100|[from] Stealth Rock\n|turn|23\n|\n|t:|1783822542\n|move|p2a: Comfey|Draining Kiss|p1a: Tornadus\n|-damage|p1a: Tornadus|23/100\n|-heal|p2a: Comfey|71/100|[from] drain|[of] p1a: Tornadus\n|move|p1a: Tornadus|Bleakwind Storm|p2a: Comfey\n|-damage|p2a: Comfey|48/100\n|\n|upkeep\n|turn|24\n|\n|t:|1783822549\n|move|p2a: Comfey|Draining Kiss|p1a: Tornadus\n|-crit|p1a: Tornadus\n|-damage|p1a: Tornadus|0 fnt\n|-heal|p2a: Comfey|66/100|[from] drain|[of] p1a: Tornadus\n|faint|p1a: Tornadus\n|\n|win|mwharken\n|raw|ilovecheese123's rating: 1337 &rarr; <strong>1316</strong><br />(-21 for losing)\n|raw|mwharken's rating: 1325 &rarr; <strong>1346</strong><br />(+21 for winning)\n|l|☆ilovecheese123\n|player|p1|\n|l|☆mwharken\n|player|p2|\n", "uploadtime": 1783822888, "views": 11, "formatid": "gen9ou", "rating": 1316, "private": 0, "password": null}