{"id": "gen9ou-2647713317", "format": "[Gen 9] OU", "players": ["Rising Ursaring", "kuzwa"], "log": "|j|☆Rising Ursaring\n|j|☆kuzwa\n|t:|1783800355\n|gametype|singles\n|player|p1|Rising Ursaring|burglar|1433\n|player|p2|kuzwa|hop|1474\n|gen|9\n|tier|[Gen 9] OU\n|rated|\n|rule|HP Percentage Mod: HP is shown in percentages\n|rule|Endless Battle Clause: Forcing endless battles is banned\n|rule|Species Clause: Limit one of each Pokémon\n|rule|OHKO Clause: OHKO moves are banned\n|rule|Evasion Items Clause: Evasion items are banned\n|rule|Evasion Moves Clause: Evasion moves are banned\n|rule|Evasion Abilities Clause: Evasion abilities are banned\n|rule|Sleep Moves Clause: Sleep-inducing moves are banned\n|clearpoke\n|poke|p1|Latias, F|\n|poke|p1|Goodra-Hisui, F|\n|poke|p1|Tentacruel, F|\n|poke|p1|Dragapult, F|\n|poke|p1|Garganacl, M|\n|poke|p1|Gliscor, F|\n|poke|p2|Zamazenta-*|\n|poke|p2|Darkrai|\n|poke|p2|Alomomola, M|\n|poke|p2|Pecharunt|\n|poke|p2|Iron Treads|\n|poke|p2|Iron Valiant|\n|teampreview\n|inactive|Battle timer is ON: inactive players will automatically lose when time's up. (requested by kuzwa)\n|\n|t:|1783800367\n|teamsize|p1|6\n|teamsize|p2|6\n|start\n|switch|p1a: Dragapult|Dragapult, F|100/100\n|switch|p2a: Iron Valiant|Iron Valiant|100/100\n|-enditem|p2a: Iron Valiant|Booster Energy\n|-activate|p2a: Iron Valiant|ability: Quark Drive|[fromitem]\n|-start|p2a: Iron Valiant|quarkdrivespe\n|turn|1\n|\n|t:|1783800387\n|switch|p1a: Tentacruel|Tentacruel, F|100/100\n|move|p2a: Iron Valiant|Moonblast|p1a: Tentacruel\n|-resisted|p1a: Tentacruel\n|-damage|p1a: Tentacruel|87/100\n|-unboost|p1a: Tentacruel|spa|1\n|\n|-heal|p1a: Tentacruel|93/100|[from] item: Black Sludge\n|upkeep\n|turn|2\n|\n|t:|1783800394\n|move|p2a: Iron Valiant|Calm Mind|p2a: Iron Valiant\n|-boost|p2a: Iron Valiant|spa|1\n|-boost|p2a: Iron Valiant|spd|1\n|move|p1a: Tentacruel|Toxic|p2a: Iron Valiant\n|-status|p2a: Iron Valiant|tox\n|\n|-heal|p1a: Tentacruel|99/100|[from] item: Black Sludge\n|-damage|p2a: Iron Valiant|94/100 tox|[from] psn\n|upkeep\n|turn|3\n|\n|t:|1783800398\n|move|p2a: Iron Valiant|Encore|p1a: Tentacruel\n|-start|p1a: Tentacruel|Encore\n|move|p1a: Tentacruel|Toxic|p2a: Iron Valiant\n|-fail|p2a: Iron Valiant|tox\n|\n|-heal|p1a: Tentacruel|100/100|[from] item: Black Sludge\n|-damage|p2a: Iron Valiant|82/100 tox|[from] psn\n|upkeep\n|turn|4\n|\n|t:|1783800401\n|switch|p1a: Goodra|Goodra-Hisui, F|100/100\n|move|p2a: Iron Valiant|Calm Mind|p2a: Iron Valiant\n|-boost|p2a: Iron Valiant|spa|1\n|-boost|p2a: Iron Valiant|spd|1\n|\n|-damage|p2a: Iron Valiant|63/100 tox|[from] psn\n|upkeep\n|turn|5\n|\n|t:|1783800405\n|move|p2a: Iron Valiant|Moonblast|p1a: Goodra\n|-damage|p1a: Goodra|59/100\n|-unboost|p1a: Goodra|spa|1\n|move|p1a: Goodra|Flash Cannon|p2a: Iron Valiant\n|-supereffective|p2a: Iron Valiant\n|-damage|p2a: Iron Valiant|21/100 tox\n|\n|-damage|p2a: Iron Valiant|0 fnt|[from] psn\n|faint|p2a: Iron Valiant\n|-end|p2a: Iron Valiant|Quark Drive|[silent]\n|upkeep\n|\n|t:|1783800409\n|switch|p2a: IShowHazards|Iron Treads|100/100\n|turn|6\n|\n|t:|1783800419\n|switch|p1a: Garganacl|Garganacl, M|100/100\n|move|p2a: IShowHazards|Stealth Rock|p1a: Garganacl\n|-sidestart|p1: Rising Ursaring|move: Stealth Rock\n|\n|upkeep\n|turn|7\n|\n|t:|1783800423\n|-terastallize|p1a: Garganacl|Ghost\n|move|p2a: IShowHazards|Earthquake|p1a: Garganacl\n|-damage|p1a: Garganacl|69/100\n|move|p1a: Garganacl|Iron Defense|p1a: Garganacl\n|-boost|p1a: Garganacl|def|2\n|\n|-heal|p1a: Garganacl|75/100|[from] item: Leftovers\n|upkeep\n|turn|8\n|\n|t:|1783800431\n|-end|p2a: IShowHazards|Quark Drive|[silent]\n|switch|p2a: Live Debt Counter|Darkrai|100/100\n|move|p1a: Garganacl|Salt Cure|p2a: Live Debt Counter\n|-damage|p2a: Live Debt Counter|85/100\n|-start|p2a: Live Debt Counter|Salt Cure\n|\n|-heal|p1a: Garganacl|81/100|[from] item: Leftovers\n|-damage|p2a: Live Debt Counter|73/100|[from] Salt Cure\n|upkeep\n|turn|9\n|\n|t:|1783800437\n|switch|p1a: Goodra|Goodra-Hisui, F|59/100\n|-damage|p1a: Goodra|53/100|[from] Stealth Rock\n|move|p2a: Live Debt Counter|Trick|p1a: Goodra\n|-activate|p2a: Live Debt Counter|move: Trick|[of] p1a: Goodra\n|-item|p1a: Goodra|Choice Scarf|[from] move: Trick\n|-item|p2a: Live Debt Counter|Assault Vest|[from] move: Trick\n|\n|-damage|p2a: Live Debt Counter|60/100|[from] Salt Cure\n|upkeep\n|turn|10\n|\n|t:|1783800447\n|switch|p2a: Rogged Out|Alomomola, M|100/100\n|move|p1a: Goodra|Draco Meteor|p2a: Rogged Out\n|-damage|p2a: Rogged Out|27/100\n|-unboost|p1a: Goodra|spa|2\n|\n|upkeep\n|turn|11\n|\n|t:|1783800450\n|move|p1a: Goodra|Draco Meteor|p2a: Rogged Out\n|-damage|p2a: Rogged Out|0 fnt\n|-unboost|p1a: Goodra|spa|2\n|faint|p2a: Rogged Out\n|\n|upkeep\n|\n|t:|1783800455\n|switch|p2a: htn|Zamazenta|100/100\n|-ability|p2a: htn|Dauntless Shield|boost\n|-boost|p2a: htn|def|1\n|turn|12\n|\n|t:|1783800464\n|switch|p1a: Garganacl|Garganacl, M, tera:Ghost|81/100\n|-damage|p1a: Garganacl|69/100|[from] Stealth Rock\n|move|p2a: htn|Substitute|p2a: htn\n|-start|p2a: htn|Substitute\n|-damage|p2a: htn|76/100\n|\n|-heal|p2a: htn|82/100|[from] item: Leftovers\n|-heal|p1a: Garganacl|75/100|[from] item: Leftovers\n|upkeep\n|turn|13\n|\n|t:|1783800467\n|move|p2a: htn|Crunch|p1a: Garganacl\n|-supereffective|p1a: Garganacl\n|-damage|p1a: Garganacl|47/100\n|-unboost|p1a: Garganacl|def|1\n|move|p1a: Garganacl|Iron Defense|p1a: Garganacl\n|-boost|p1a: Garganacl|def|2\n|\n|-heal|p2a: htn|88/100|[from] item: Leftovers\n|-heal|p1a: Garganacl|53/100|[from] item: Leftovers\n|upkeep\n|turn|14\n|\n|t:|1783800471\n|move|p2a: htn|Crunch|p1a: Garganacl\n|-supereffective|p1a: Garganacl\n|-damage|p1a: Garganacl|32/100\n|move|p1a: Garganacl|Iron Defense|p1a: Garganacl\n|-boost|p1a: Garganacl|def|2\n|\n|-heal|p2a: htn|94/100|[from] item: Leftovers\n|-heal|p1a: Garganacl|38/100|[from] item: Leftovers\n|upkeep\n|turn|15\n|\n|t:|1783800474\n|move|p2a: htn|Crunch|p1a: Garganacl\n|-supereffective|p1a: Garganacl\n|-crit|p1a: Garganacl\n|-damage|p1a: Garganacl|0 fnt\n|faint|p1a: Garganacl\n|\n|-heal|p2a: htn|100/100|[from] item: Leftovers\n|upkeep\n|c|☆Rising Ursaring|Yea\n|c|☆Rising Ursaring|You just knew\n|c|☆Rising Ursaring|It was coming\n|\n|t:|1783800487\n|switch|p1a: Dragapult|Dragapult, F|100/100\n|-damage|p1a: Dragapult|88/100|[from] Stealth Rock\n|turn|16\n|\n|t:|1783800491\n|-terastallize|p2a: htn|Steel\n|move|p1a: Dragapult|Draco Meteor|p2a: htn\n|-resisted|p2a: htn\n|-damage|p2a: htn|65/100\n|-unboost|p1a: Dragapult|spa|2\n|move|p2a: htn|Crunch|p1a: Dragapult\n|-supereffective|p1a: Dragapult\n|-damage|p1a: Dragapult|31/100\n|-unboost|p1a: Dragapult|def|1\n|\n|-heal|p2a: htn|71/100|[from] item: Leftovers\n|upkeep\n|turn|17\n|\n|t:|1783800505\n|switch|p1a: Goodra|Goodra-Hisui, F|53/100\n|-damage|p1a: Goodra|47/100|[from] Stealth Rock\n|move|p2a: htn|Crunch|p1a: Goodra\n|-crit|p1a: Goodra\n|-damage|p1a: Goodra|20/100\n|\n|-heal|p2a: htn|77/100|[from] item: Leftovers\n|upkeep\n|turn|18\n|\n|t:|1783800507\n|move|p2a: htn|Body Press|p1a: Goodra\n|-supereffective|p1a: Goodra\n|-damage|p1a: Goodra|0 fnt\n|faint|p1a: Goodra\n|\n|-heal|p2a: htn|83/100|[from] item: Leftovers\n|upkeep\n|\n|t:|1783800510\n|switch|p1a: Dragapult|Dragapult, F|31/100\n|-damage|p1a: Dragapult|19/100|[from] Stealth Rock\n|turn|19\n|\n|t:|1783800512\n|move|p1a: Dragapult|Shadow Ball|p2a: htn\n|-damage|p2a: htn|44/100\n|move|p2a: htn|Crunch|p1a: Dragapult\n|-supereffective|p1a: Dragapult\n|-damage|p1a: Dragapult|0 fnt\n|faint|p1a: Dragapult\n|\n|-heal|p2a: htn|51/100|[from] item: Leftovers\n|upkeep\n|\n|t:|1783800518\n|switch|p1a: Gliscor|Gliscor, F|100/100\n|-damage|p1a: Gliscor|88/100|[from] Stealth Rock\n|turn|20\n|\n|t:|1783800520\n|move|p2a: htn|Iron Defense|p2a: htn\n|-boost|p2a: htn|def|2\n|move|p1a: Gliscor|Swords Dance|p1a: Gliscor\n|-boost|p1a: Gliscor|atk|2\n|\n|-heal|p2a: htn|57/100|[from] item: Leftovers\n|-status|p1a: Gliscor|tox|[from] item: Toxic Orb\n|upkeep\n|turn|21\n|\n|t:|1783800522\n|move|p2a: htn|Iron Defense|p2a: htn\n|-boost|p2a: htn|def|2\n|move|p1a: Gliscor|Swords Dance|p1a: Gliscor\n|-boost|p1a: Gliscor|atk|2\n|\n|-heal|p2a: htn|63/100|[from] item: Leftovers\n|-heal|p1a: Gliscor|100/100 tox|[from] ability: Poison Heal\n|upkeep\n|turn|22\n|\n|t:|1783800524\n|move|p2a: htn|Body Press|p1a: Gliscor\n|-resisted|p1a: Gliscor\n|-damage|p1a: Gliscor|58/100 tox\n|move|p1a: Gliscor|Earthquake|p2a: htn\n|-supereffective|p2a: htn\n|-end|p2a: htn|Substitute\n|\n|-heal|p2a: htn|69/100|[from] item: Leftovers\n|-heal|p1a: Gliscor|70/100 tox|[from] ability: Poison Heal\n|upkeep\n|turn|23\n|\n|t:|1783800528\n|move|p2a: htn|Substitute|p2a: htn\n|-start|p2a: htn|Substitute\n|-damage|p2a: htn|44/100\n|move|p1a: Gliscor|Earthquake|p2a: htn\n|-supereffective|p2a: htn\n|-end|p2a: htn|Substitute\n|\n|-heal|p2a: htn|51/100|[from] item: Leftovers\n|-heal|p1a: Gliscor|83/100 tox|[from] ability: Poison Heal\n|upkeep\n|turn|24\n|\n|t:|1783800530\n|move|p2a: htn|Body Press|p1a: Gliscor\n|-resisted|p1a: Gliscor\n|-damage|p1a: Gliscor|37/100 tox\n|move|p1a: Gliscor|Earthquake|p2a: htn\n|-supereffective|p2a: htn\n|-damage|p2a: htn|5/100\n|\n|-heal|p2a: htn|11/100|[from] item: Leftovers\n|-heal|p1a: Gliscor|50/100 tox|[from] ability: Poison Heal\n|upkeep\n|turn|25\n|\n|t:|1783800534\n|move|p1a: Gliscor|Protect|p1a: Gliscor\n|-singleturn|p1a: Gliscor|Protect\n|move|p2a: htn|Body Press|p1a: Gliscor\n|-activate|p1a: Gliscor|move: Protect\n|\n|-heal|p2a: htn|18/100|[from] item: Leftovers\n|-heal|p1a: Gliscor|62/100 tox|[from] ability: Poison Heal\n|upkeep\n|turn|26\n|\n|t:|1783800536\n|move|p2a: htn|Body Press|p1a: Gliscor\n|-resisted|p1a: Gliscor\n|-damage|p1a: Gliscor|18/100 tox\n|move|p1a: Gliscor|Earthquake|p2a: htn\n|-supereffective|p2a: htn\n|-damage|p2a: htn|0 fnt\n|faint|p2a: htn\n|\n|-heal|p1a: Gliscor|31/100 tox|[from] ability: Poison Heal\n|upkeep\n|\n|t:|1783800538\n|switch|p2a: Live Debt Counter|Darkrai|60/100\n|turn|27\n|\n|t:|1783800546\n|move|p1a: Gliscor|Protect|p1a: Gliscor\n|-singleturn|p1a: Gliscor|Protect\n|move|p2a: Live Debt Counter|Ice Beam|p1a: Gliscor\n|-activate|p1a: Gliscor|move: Protect\n|\n|-heal|p1a: Gliscor|43/100 tox|[from] ability: Poison Heal\n|upkeep\n|turn|28\n|\n|t:|1783800548\n|switch|p1a: Tentacruel|Tentacruel, F|100/100\n|-damage|p1a: Tentacruel|88/100|[from] Stealth Rock\n|move|p2a: Live Debt Counter|Ice Beam|p1a: Tentacruel\n|-resisted|p1a: Tentacruel\n|-damage|p1a: Tentacruel|78/100\n|\n|-heal|p1a: Tentacruel|84/100|[from] item: Black Sludge\n|upkeep\n|turn|29\n|\n|t:|1783800551\n|switch|p2a: Recovet|Pecharunt|100/100\n|move|p1a: Tentacruel|Rapid Spin|p2a: Recovet\n|-immune|p2a: Recovet\n|\n|-heal|p1a: Tentacruel|90/100|[from] item: Black Sludge\n|upkeep\n|turn|30\n|\n|t:|1783800555\n|move|p1a: Tentacruel|Knock Off|p2a: Recovet\n|-supereffective|p2a: Recovet\n|-damage|p2a: Recovet|78/100\n|-enditem|p2a: Recovet|Heavy-Duty Boots|[from] move: Knock Off|[of] p1a: Tentacruel\n|move|p2a: Recovet|Parting Shot|p1a: Tentacruel\n|-unboost|p1a: Tentacruel|atk|1\n|-unboost|p1a: Tentacruel|spa|1\n|\n|t:|1783800557\n|switch|p2a: IShowHazards|Iron Treads|100/100|[from] Parting Shot\n|\n|-heal|p1a: Tentacruel|96/100|[from] item: Black Sludge\n|upkeep\n|turn|31\n|\n|t:|1783800572\n|move|p2a: IShowHazards|Earthquake|p1a: Tentacruel\n|-supereffective|p1a: Tentacruel\n|-damage|p1a: Tentacruel|0 fnt\n|faint|p1a: Tentacruel\n|\n|upkeep\n|\n|t:|1783800575\n|switch|p1a: Latias|Latias, F|100/100\n|-damage|p1a: Latias|88/100|[from] Stealth Rock\n|turn|32\n|\n|t:|1783800578\n|move|p1a: Latias|Calm Mind|p1a: Latias\n|-boost|p1a: Latias|spa|1\n|-boost|p1a: Latias|spd|1\n|move|p2a: IShowHazards|Ice Spinner|p1a: Latias\n|-supereffective|p1a: Latias\n|-damage|p1a: Latias|39/100\n|-enditem|p1a: Latias|Weakness Policy\n|-boost|p1a: Latias|atk|2|[from] item: Weakness Policy\n|-boost|p1a: Latias|spa|2|[from] item: Weakness Policy\n|\n|upkeep\n|turn|33\n|\n|t:|1783800587\n|move|p1a: Latias|Recover|p1a: Latias\n|-heal|p1a: Latias|89/100\n|move|p2a: IShowHazards|Ice Spinner|p1a: Latias\n|-supereffective|p1a: Latias\n|-damage|p1a: Latias|40/100\n|\n|upkeep\n|turn|34\n|\n|t:|1783800597\n|move|p1a: Latias|Recover|p1a: Latias\n|-heal|p1a: Latias|90/100\n|move|p2a: IShowHazards|Ice Spinner|p1a: Latias\n|-supereffective|p1a: Latias\n|-damage|p1a: Latias|38/100\n|\n|upkeep\n|turn|35\n|\n|t:|1783800603\n|move|p1a: Latias|Recover|p1a: Latias\n|-heal|p1a: Latias|88/100\n|move|p2a: IShowHazards|Ice Spinner|p1a: Latias\n|-supereffective|p1a: Latias\n|-damage|p1a: Latias|32/100\n|\n|upkeep\n|turn|36\n|\n|t:|1783800608\n|move|p1a: Latias|Recover|p1a: Latias\n|-heal|p1a: Latias|82/100\n|move|p2a: IShowHazards|Rapid Spin|p1a: Latias\n|-damage|p1a: Latias|67/100\n|-boost|p2a: IShowHazards|spe|1\n|\n|upkeep\n|turn|37\n|\n|t:|1783800612\n|move|p2a: IShowHazards|Ice Spinner|p1a: Latias\n|-supereffective|p1a: Latias\n|-damage|p1a: Latias|12/100\n|move|p1a: Latias|Aura Sphere|p2a: IShowHazards\n|-supereffective|p2a: IShowHazards\n|-enditem|p2a: IShowHazards|Focus Sash\n|-damage|p2a: IShowHazards|1/100\n|\n|upkeep\n|turn|38\n|\n|t:|1783800616\n|move|p2a: IShowHazards|Ice Spinner|p1a: Latias\n|-supereffective|p1a: Latias\n|-damage|p1a: Latias|0 fnt\n|faint|p1a: Latias\n|\n|upkeep\n|\n|t:|1783800617\n|switch|p1a: Gliscor|Gliscor, F|43/100 tox\n|-damage|p1a: Gliscor|31/100 tox|[from] Stealth Rock\n|turn|39\n|\n|t:|1783800619\n|move|p2a: IShowHazards|Ice Spinner|p1a: Gliscor\n|-supereffective|p1a: Gliscor\n|-damage|p1a: Gliscor|0 fnt\n|faint|p1a: Gliscor\n|\n|win|kuzwa\n|raw|Rising Ursaring's rating: 1433 &rarr; <strong>1415</strong><br />(-18 for losing)\n|raw|kuzwa's rating: 1474 &rarr; <strong>1492</strong><br />(+18 for winning)\n|c|☆kuzwa|Gg\n|c|☆Rising Ursaring|Great game yea huge crit saved you\n|l|☆Rising Ursaring\n|player|p1|\n", "uploadtime": 1783800649, "views": 10, "formatid": "gen9ou", "rating": 1415, "private": 0, "password": null}