{"id": "gen9ou-2639251818", "format": "[Gen 9] OU", "players": ["Tapu Taro", "pens6426"], "log": "|j|☆Tapu Taro\n|j|☆pens6426\n|t:|1782440679\n|gametype|singles\n|player|p1|Tapu Taro|2|1378\n|player|p2|pens6426|morty|1437\n|gen|9\n|tier|[Gen 9] OU\n|rated|\n|rule|HP Percentage Mod: HP is shown in percentages\n|rule|Endless Battle Clause: Forcing endless battles is banned\n|rule|Species Clause: Limit one of each Pokémon\n|rule|OHKO Clause: OHKO moves are banned\n|rule|Evasion Items Clause: Evasion items are banned\n|rule|Evasion Moves Clause: Evasion moves are banned\n|rule|Evasion Abilities Clause: Evasion abilities are banned\n|rule|Sleep Moves Clause: Sleep-inducing moves are banned\n|clearpoke\n|poke|p1|Ninetales-Alola, F|\n|poke|p1|Hatterene, F|\n|poke|p1|Ceruledge, F|\n|poke|p1|Kingambit, M|\n|poke|p1|Dragapult, M|\n|poke|p1|Toxtricity, F|\n|poke|p2|Ting-Lu|\n|poke|p2|Kingambit, M|\n|poke|p2|Iron Hands|\n|poke|p2|Great Tusk|\n|poke|p2|Iron Valiant|\n|poke|p2|Ogerpon-Wellspring, F|\n|teampreview\n|inactive|Battle timer is ON: inactive players will automatically lose when time's up. (requested by pens6426)\n|\n|t:|1782440705\n|teamsize|p1|6\n|teamsize|p2|6\n|start\n|switch|p1a: Ninetales|Ninetales-Alola, F|100/100\n|switch|p2a: Iron Hands|Iron Hands|100/100\n|-weather|Snowscape|[from] ability: Snow Warning|[of] p1a: Ninetales\n|-enditem|p2a: Iron Hands|Booster Energy\n|-activate|p2a: Iron Hands|ability: Quark Drive|[fromitem]\n|-start|p2a: Iron Hands|quarkdriveatk\n|turn|1\n|inactive|pens6426 has 120 seconds left.\n|\n|t:|1782440736\n|move|p1a: Ninetales|Aurora Veil|p1a: Ninetales\n|-sidestart|p1: Tapu Taro|move: Aurora Veil\n|move|p2a: Iron Hands|Heavy Slam|p1a: Ninetales\n|-supereffective|p1a: Ninetales\n|-damage|p1a: Ninetales|0 fnt\n|faint|p1a: Ninetales\n|\n|-weather|Snowscape|[upkeep]\n|upkeep\n|\n|t:|1782440742\n|switch|p1a: Toxtricity|Toxtricity, F|100/100\n|-item|p1a: Toxtricity|Air Balloon\n|turn|2\n|\n|t:|1782440747\n|move|p1a: Toxtricity|Shift Gear|p1a: Toxtricity\n|-boost|p1a: Toxtricity|spe|2\n|-boost|p1a: Toxtricity|atk|1\n|move|p2a: Iron Hands|Ice Punch|p1a: Toxtricity\n|-damage|p1a: Toxtricity|69/100\n|-enditem|p1a: Toxtricity|Air Balloon\n|\n|-weather|Snowscape|[upkeep]\n|upkeep\n|turn|3\n|\n|t:|1782440756\n|move|p1a: Toxtricity|Boomburst|p2a: Iron Hands\n|-damage|p2a: Iron Hands|39/100\n|move|p2a: Iron Hands|Earthquake|p1a: Toxtricity\n|-supereffective|p1a: Toxtricity\n|-damage|p1a: Toxtricity|0 fnt\n|faint|p1a: Toxtricity\n|\n|-weather|Snowscape|[upkeep]\n|upkeep\n|\n|t:|1782440772\n|switch|p1a: Hatterene|Hatterene, F|100/100\n|turn|4\n|\n|t:|1782440778\n|move|p1a: Hatterene|Draining Kiss|p2a: Iron Hands\n|-supereffective|p2a: Iron Hands\n|-damage|p2a: Iron Hands|0 fnt\n|faint|p2a: Iron Hands\n|-end|p2a: Iron Hands|Quark Drive|[silent]\n|\n|-weather|Snowscape|[upkeep]\n|upkeep\n|\n|t:|1782440784\n|switch|p2a: Ogerpon|Ogerpon-Wellspring, F|100/100\n|turn|5\n|\n|t:|1782440789\n|switch|p1a: Dragapult|Dragapult, M|100/100\n|move|p2a: Ogerpon|Ivy Cudgel|p1a: Dragapult|[anim] Ivy Cudgel Water\n|-resisted|p1a: Dragapult\n|-damage|p1a: Dragapult|81/100\n|\n|-weather|none\n|upkeep\n|turn|6\n|\n|t:|1782440800\n|switch|p2a: Ting-Lu|Ting-Lu|100/100\n|-ability|p2a: Ting-Lu|Vessel of Ruin\n|move|p1a: Dragapult|Will-O-Wisp|p2a: Ting-Lu\n|-status|p2a: Ting-Lu|brn\n|\n|-damage|p2a: Ting-Lu|94/100 brn|[from] brn\n|upkeep\n|turn|7\n|\n|t:|1782440810\n|move|p1a: Dragapult|Dragon Dance|p1a: Dragapult\n|-boost|p1a: Dragapult|atk|1\n|-boost|p1a: Dragapult|spe|1\n|move|p2a: Ting-Lu|Ruination|p1a: Dragapult\n|-damage|p1a: Dragapult|41/100\n|\n|-heal|p2a: Ting-Lu|100/100 brn|[from] item: Leftovers\n|-damage|p2a: Ting-Lu|94/100 brn|[from] brn\n|upkeep\n|turn|8\n|\n|t:|1782440820\n|move|p1a: Dragapult|Dragon Darts|p2a: Ting-Lu\n|-damage|p2a: Ting-Lu|65/100 brn\n|-anim|p1a: Dragapult|Dragon Darts|p2a: Ting-Lu\n|-damage|p2a: Ting-Lu|40/100 brn\n|move|p2a: Ting-Lu|Whirlwind|p1a: Dragapult\n|drag|p1a: Kingambit|Kingambit, M|100/100\n|-activate|p1a: Kingambit|ability: Supreme Overlord\n|-start|p1a: Kingambit|fallen2|[silent]\n|\n|-heal|p2a: Ting-Lu|46/100 brn|[from] item: Leftovers\n|-damage|p2a: Ting-Lu|40/100 brn|[from] brn\n|-sideend|p1: Tapu Taro|move: Aurora Veil\n|upkeep\n|turn|9\n|\n|t:|1782440849\n|move|p1a: Kingambit|Swords Dance|p1a: Kingambit\n|-boost|p1a: Kingambit|atk|2\n|move|p2a: Ting-Lu|Whirlwind|p1a: Kingambit\n|-end|p1a: Kingambit|fallen2|[silent]\n|drag|p1a: Dragapult|Dragapult, M|41/100\n|\n|-heal|p2a: Ting-Lu|46/100 brn|[from] item: Leftovers\n|-damage|p2a: Ting-Lu|40/100 brn|[from] brn\n|upkeep\n|turn|10\n|\n|t:|1782440859\n|move|p1a: Dragapult|Dragon Darts|p2a: Ting-Lu\n|-damage|p2a: Ting-Lu|22/100 brn\n|-anim|p1a: Dragapult|Dragon Darts|p2a: Ting-Lu\n|-damage|p2a: Ting-Lu|3/100 brn\n|move|p2a: Ting-Lu|Earthquake|p1a: Dragapult\n|-damage|p1a: Dragapult|15/100\n|\n|-heal|p2a: Ting-Lu|9/100 brn|[from] item: Leftovers\n|-damage|p2a: Ting-Lu|3/100 brn|[from] brn\n|upkeep\n|turn|11\n|\n|t:|1782440870\n|move|p1a: Dragapult|Dragon Dance|p1a: Dragapult\n|-boost|p1a: Dragapult|atk|1\n|-boost|p1a: Dragapult|spe|1\n|move|p2a: Ting-Lu|Earthquake|p1a: Dragapult\n|-damage|p1a: Dragapult|0 fnt\n|faint|p1a: Dragapult\n|\n|-heal|p2a: Ting-Lu|9/100 brn|[from] item: Leftovers\n|-damage|p2a: Ting-Lu|3/100 brn|[from] brn\n|upkeep\n|\n|t:|1782440874\n|switch|p1a: Ceruledge|Ceruledge, F|100/100\n|turn|12\n|-message|Tapu Taro forfeited.\n|\n|win|pens6426\n|raw|Tapu Taro's rating: 1378 &rarr; <strong>1361</strong><br />(-17 for losing)\n|raw|pens6426's rating: 1437 &rarr; <strong>1454</strong><br />(+17 for winning)\n|l|☆Tapu Taro\n|player|p1|\n|l|☆pens6426\n|player|p2|\n", "uploadtime": 1782441259, "views": 11, "formatid": "gen9ou", "rating": 1361, "private": 0, "password": null}