{"id": "gen9ou-2639290763", "format": "[Gen 9] OU", "players": ["OUBotBeepBoop", "Rabbit_soup_"], "log": "|j|☆OUBotBeepBoop\n|j|☆Rabbit_soup_\n|t:|1782446890\n|gametype|singles\n|player|p1|OUBotBeepBoop|2|1165\n|player|p2|Rabbit_soup_|265|1156\n|gen|9\n|tier|[Gen 9] OU\n|rated|\n|rule|HP Percentage Mod: HP is shown in percentages\n|rule|Endless Battle Clause: Forcing endless battles is banned\n|rule|Species Clause: Limit one of each Pokémon\n|rule|OHKO Clause: OHKO moves are banned\n|rule|Evasion Items Clause: Evasion items are banned\n|rule|Evasion Moves Clause: Evasion moves are banned\n|rule|Evasion Abilities Clause: Evasion abilities are banned\n|rule|Sleep Moves Clause: Sleep-inducing moves are banned\n|clearpoke\n|poke|p1|Glimmora, F|\n|poke|p1|Great Tusk|\n|poke|p1|Kingambit, M|\n|poke|p1|Dragapult, M|\n|poke|p1|Clefable, M|\n|poke|p1|Corviknight, F|\n|poke|p2|Thundurus, M|\n|poke|p2|Alomomola, F|\n|poke|p2|Great Tusk|\n|poke|p2|Heatran, F|\n|poke|p2|Latias, F|\n|poke|p2|Sinistcha|\n|teampreview\n|\n|t:|1782446892\n|teamsize|p1|6\n|teamsize|p2|6\n|start\n|switch|p1a: Glimmora|Glimmora, F|100/100\n|switch|p2a: Latias|Latias, F|100/100\n|turn|1\n|\n|t:|1782446894\n|switch|p1a: Clefable|Clefable, M|100/100\n|move|p2a: Latias|Mist Ball|p1a: Clefable\n|-damage|p1a: Clefable|55/100\n|\n|-heal|p1a: Clefable|61/100|[from] item: Leftovers\n|upkeep\n|turn|2\n|\n|t:|1782446896\n|move|p2a: Latias|Mist Ball|p1a: Clefable\n|-damage|p1a: Clefable|18/100\n|-unboost|p1a: Clefable|spa|1\n|move|p1a: Clefable|Wish|p1a: Clefable\n|\n|-heal|p1a: Clefable|24/100|[from] item: Leftovers\n|upkeep\n|turn|3\n|\n|t:|1782446899\n|switch|p1a: Corviknight|Corviknight, F|100/100\n|-ability|p1a: Corviknight|Pressure\n|move|p2a: Latias|Mist Ball|p1a: Corviknight\n|-resisted|p1a: Corviknight\n|-damage|p1a: Corviknight|79/100\n|-unboost|p1a: Corviknight|spa|1\n|\n|-heal|p1a: Corviknight|100/100|[from] move: Wish|[wisher] Clefable\n|upkeep\n|turn|4\n|inactive|Battle timer is ON: inactive players will automatically lose when time's up. (requested by Rabbit_soup_)\n|\n|t:|1782446904\n|switch|p2a: Heatran|Heatran, F|100/100\n|move|p1a: Corviknight|U-turn|p2a: Heatran\n|-resisted|p2a: Heatran\n|-damage|p2a: Heatran|97/100\n|\n|t:|1782446905\n|switch|p1a: Great Tusk|Great Tusk|100/100|[from] U-turn\n|\n|-heal|p2a: Heatran|100/100|[from] item: Leftovers\n|upkeep\n|turn|5\n|\n|t:|1782446907\n|-terastallize|p2a: Heatran|Grass\n|move|p1a: Great Tusk|Headlong Rush|p2a: Heatran\n|-resisted|p2a: Heatran\n|-damage|p2a: Heatran|74/100\n|-unboost|p1a: Great Tusk|def|1\n|-unboost|p1a: Great Tusk|spd|1\n|move|p2a: Heatran|Will-O-Wisp|p1a: Great Tusk\n|-status|p1a: Great Tusk|brn\n|\n|-heal|p2a: Heatran|80/100|[from] item: Leftovers\n|-damage|p1a: Great Tusk|94/100 brn|[from] brn\n|upkeep\n|turn|6\n|\n|t:|1782446912\n|-end|p1a: Great Tusk|Protosynthesis|[silent]\n|switch|p1a: Dragapult|Dragapult, M|100/100\n|move|p2a: Heatran|Magma Storm|p1a: Dragapult\n|-resisted|p1a: Dragapult\n|-damage|p1a: Dragapult|70/100\n|-activate|p1a: Dragapult|move: Magma Storm|[of] p2a: Heatran\n|\n|-heal|p2a: Heatran|87/100|[from] item: Leftovers\n|-damage|p1a: Dragapult|57/100|[from] move: Magma Storm|[partiallytrapped]\n|upkeep\n|turn|7\n|\n|t:|1782446916\n|move|p1a: Dragapult|Draco Meteor|p2a: Heatran\n|-damage|p2a: Heatran|31/100\n|-unboost|p1a: Dragapult|spa|2\n|move|p2a: Heatran|Magma Storm|p1a: Dragapult\n|-resisted|p1a: Dragapult\n|-damage|p1a: Dragapult|28/100\n|\n|-heal|p2a: Heatran|37/100|[from] item: Leftovers\n|-damage|p1a: Dragapult|16/100|[from] move: Magma Storm|[partiallytrapped]\n|upkeep\n|turn|8\n|\n|t:|1782446924\n|switch|p1a: Kingambit|Kingambit, M|100/100\n|move|p2a: Heatran|Magma Storm|p1a: Kingambit\n|-supereffective|p1a: Kingambit\n|-damage|p1a: Kingambit|22/100\n|-activate|p1a: Kingambit|move: Magma Storm|[of] p2a: Heatran\n|\n|-heal|p2a: Heatran|43/100|[from] item: Leftovers\n|-damage|p1a: Kingambit|9/100|[from] move: Magma Storm|[partiallytrapped]\n|upkeep\n|turn|9\n|\n|t:|1782446929\n|-terastallize|p1a: Kingambit|Dark\n|move|p1a: Kingambit|Sucker Punch||[still]\n|-fail|p1a: Kingambit\n|move|p2a: Heatran|Will-O-Wisp|p1a: Kingambit\n|-status|p1a: Kingambit|brn\n|\n|-heal|p2a: Heatran|49/100|[from] item: Leftovers\n|-damage|p1a: Kingambit|3/100 brn|[from] brn\n|-damage|p1a: Kingambit|0 fnt|[from] move: Magma Storm|[partiallytrapped]\n|faint|p1a: Kingambit\n|-end|p1a: Kingambit|fallenundefined|[silent]\n|upkeep\n|\n|t:|1782446929\n|switch|p1a: Dragapult|Dragapult, M|16/100\n|turn|10\n|\n|t:|1782446941\n|switch|p2a: Alomomola|Alomomola, F|100/100\n|move|p1a: Dragapult|Draco Meteor|p2a: Alomomola\n|-damage|p2a: Alomomola|37/100\n|-unboost|p1a: Dragapult|spa|2\n|\n|upkeep\n|turn|11\n|\n|t:|1782446944\n|switch|p1a: Corviknight|Corviknight, F|100/100\n|-ability|p1a: Corviknight|Pressure\n|move|p2a: Alomomola|Play Rough|p1a: Corviknight\n|-resisted|p1a: Corviknight\n|-damage|p1a: Corviknight|93/100\n|\n|-heal|p1a: Corviknight|99/100|[from] item: Leftovers\n|upkeep\n|turn|12\n|\n|t:|1782446947\n|move|p1a: Corviknight|U-turn|p2a: Alomomola\n|-damage|p2a: Alomomola|26/100\n|\n|t:|1782446947\n|switch|p1a: Glimmora|Glimmora, F|100/100|[from] U-turn\n|move|p2a: Alomomola|Flip Turn|p1a: Glimmora\n|-supereffective|p1a: Glimmora\n|-damage|p1a: Glimmora|39/100\n|-activate|p1a: Glimmora|ability: Toxic Debris\n|-sidestart|p2: Rabbit_soup_|move: Toxic Spikes\n|\n|t:|1782446953\n|switch|p2a: Latias|Latias, F|100/100|[from] Flip Turn\n|\n|upkeep\n|turn|13\n|\n|t:|1782446954\n|switch|p1a: Corviknight|Corviknight, F|99/100\n|-ability|p1a: Corviknight|Pressure\n|move|p2a: Latias|Mist Ball|p1a: Corviknight\n|-resisted|p1a: Corviknight\n|-damage|p1a: Corviknight|77/100\n|\n|-heal|p1a: Corviknight|83/100|[from] item: Leftovers\n|upkeep\n|turn|14\n|\n|t:|1782446958\n|switch|p2a: Heatran|Heatran, F, tera:Grass|49/100\n|-status|p2a: Heatran|psn\n|move|p1a: Corviknight|U-turn|p2a: Heatran\n|-supereffective|p2a: Heatran\n|-damage|p2a: Heatran|26/100 psn\n|\n|t:|1782446958\n|switch|p1a: Dragapult|Dragapult, M|16/100|[from] U-turn\n|\n|-heal|p2a: Heatran|32/100 psn|[from] item: Leftovers\n|-damage|p2a: Heatran|20/100 psn|[from] psn\n|upkeep\n|turn|15\n|\n|t:|1782446962\n|move|p1a: Dragapult|Shadow Ball|p2a: Heatran\n|-damage|p2a: Heatran|0 fnt\n|faint|p2a: Heatran\n|\n|upkeep\n|\n|t:|1782446966\n|switch|p2a: Great Tusk|Great Tusk|100/100\n|-status|p2a: Great Tusk|psn\n|turn|16\n|\n|t:|1782446967\n|move|p1a: Dragapult|Shadow Ball|p2a: Great Tusk\n|-crit|p2a: Great Tusk\n|-damage|p2a: Great Tusk|43/100 psn\n|move|p2a: Great Tusk|Ice Spinner|p1a: Dragapult\n|-supereffective|p1a: Dragapult\n|-damage|p1a: Dragapult|0 fnt\n|faint|p1a: Dragapult\n|\n|-damage|p2a: Great Tusk|30/100 psn|[from] psn\n|upkeep\n|\n|t:|1782446968\n|switch|p1a: Corviknight|Corviknight, F|83/100\n|-ability|p1a: Corviknight|Pressure\n|turn|17\n|\n|t:|1782446971\n|move|p2a: Great Tusk|Rapid Spin|p1a: Corviknight\n|-resisted|p1a: Corviknight\n|-damage|p1a: Corviknight|78/100\n|-boost|p2a: Great Tusk|spe|1\n|-sideend|p2: Rabbit_soup_|Toxic Spikes|[from] move: Rapid Spin|[of] p2a: Great Tusk\n|move|p1a: Corviknight|Body Press|p2a: Great Tusk\n|-damage|p2a: Great Tusk|10/100 psn\n|\n|-heal|p1a: Corviknight|84/100|[from] item: Leftovers\n|-damage|p2a: Great Tusk|0 fnt|[from] psn\n|faint|p2a: Great Tusk\n|-end|p2a: Great Tusk|Protosynthesis|[silent]\n|upkeep\n|\n|t:|1782446978\n|switch|p2a: Thundurus|Thundurus, M|100/100\n|turn|18\n|\n|t:|1782446982\n|switch|p1a: Great Tusk|Great Tusk|94/100 brn\n|move|p2a: Thundurus|Acrobatics|p1a: Great Tusk\n|-supereffective|p1a: Great Tusk\n|-damage|p1a: Great Tusk|15/100 brn\n|\n|-damage|p1a: Great Tusk|8/100 brn|[from] brn\n|upkeep\n|turn|19\n|\n|t:|1782446985\n|move|p2a: Thundurus|U-turn|p1a: Great Tusk\n|-resisted|p1a: Great Tusk\n|-damage|p1a: Great Tusk|0 fnt\n|faint|p1a: Great Tusk\n|-end|p1a: Great Tusk|Protosynthesis|[silent]\n|\n|t:|1782446987\n|switch|p2a: Latias|Latias, F|100/100|[from] U-turn\n|\n|upkeep\n|\n|t:|1782446988\n|switch|p1a: Corviknight|Corviknight, F|84/100\n|-ability|p1a: Corviknight|Pressure\n|turn|20\n|\n|t:|1782446992\n|move|p2a: Latias|Trick|p1a: Corviknight\n|-activate|p2a: Latias|move: Trick|[of] p1a: Corviknight\n|-item|p1a: Corviknight|Choice Scarf|[from] move: Trick\n|-item|p2a: Latias|Leftovers|[from] move: Trick\n|move|p1a: Corviknight|U-turn|p2a: Latias\n|-supereffective|p2a: Latias\n|-damage|p2a: Latias|62/100\n|\n|t:|1782446992\n|switch|p1a: Glimmora|Glimmora, F|39/100|[from] U-turn\n|\n|-heal|p2a: Latias|68/100|[from] item: Leftovers\n|upkeep\n|turn|21\n|\n|t:|1782446997\n|switch|p1a: Corviknight|Corviknight, F|84/100\n|-ability|p1a: Corviknight|Pressure\n|move|p2a: Latias|Mist Ball|p1a: Corviknight\n|-resisted|p1a: Corviknight\n|-damage|p1a: Corviknight|61/100\n|-unboost|p1a: Corviknight|spa|1\n|\n|-heal|p2a: Latias|74/100|[from] item: Leftovers\n|upkeep\n|turn|22\n|\n|t:|1782447001\n|switch|p2a: Thundurus|Thundurus, M|100/100\n|move|p1a: Corviknight|Roost|p1a: Corviknight\n|-heal|p1a: Corviknight|100/100\n|-singleturn|p1a: Corviknight|move: Roost\n|\n|upkeep\n|turn|23\n|\n|t:|1782447004\n|switch|p1a: Glimmora|Glimmora, F|39/100\n|move|p2a: Thundurus|Supercell Slam|p1a: Glimmora\n|-damage|p1a: Glimmora|0 fnt\n|-activate|p1a: Glimmora|ability: Toxic Debris\n|-sidestart|p2: Rabbit_soup_|move: Toxic Spikes\n|faint|p1a: Glimmora\n|\n|upkeep\n|\n|t:|1782447004\n|switch|p1a: Corviknight|Corviknight, F|100/100\n|-ability|p1a: Corviknight|Pressure\n|turn|24\n|\n|t:|1782447006\n|move|p2a: Thundurus|Supercell Slam|p1a: Corviknight\n|-supereffective|p1a: Corviknight\n|-damage|p1a: Corviknight|37/100\n|move|p1a: Corviknight|Body Press|p2a: Thundurus\n|-resisted|p2a: Thundurus\n|-damage|p2a: Thundurus|81/100\n|\n|upkeep\n|turn|25\n|\n|t:|1782447008\n|move|p2a: Thundurus|Supercell Slam|p1a: Corviknight\n|-supereffective|p1a: Corviknight\n|-damage|p1a: Corviknight|0 fnt\n|faint|p1a: Corviknight\n|\n|upkeep\n|\n|t:|1782447008\n|switch|p1a: Clefable|Clefable, M|24/100\n|turn|26\n|\n|t:|1782447011\n|move|p2a: Thundurus|Acrobatics|p1a: Clefable\n|-damage|p1a: Clefable|0 fnt\n|faint|p1a: Clefable\n|\n|win|Rabbit_soup_\n|raw|OUBotBeepBoop's rating: 1165 &rarr; <strong>1139</strong><br />(-26 for losing)\n|raw|Rabbit_soup_'s rating: 1156 &rarr; <strong>1182</strong><br />(+26 for winning)\n|l|☆OUBotBeepBoop\n|player|p1|\n|l|☆Rabbit_soup_\n|player|p2|\n", "uploadtime": 1782447358, "views": 25, "formatid": "gen9ou", "rating": 1139, "private": 0, "password": null}