{"id": "gen9ou-2540805723", "format": "[Gen 9] OU", "players": ["luck is skilll", "EGmiau"], "log": "|j|☆luck is skilll\n|j|☆EGmiau\n|t:|1771255921\n|gametype|singles\n|player|p1|luck is skilll|265|1555\n|player|p2|EGmiau|bianca|1523\n|gen|9\n|tier|[Gen 9] OU\n|rated|\n|rule|HP Percentage Mod: HP is shown in percentages\n|rule|Endless Battle Clause: Forcing endless battles is banned\n|rule|Species Clause: Limit one of each Pokémon\n|rule|OHKO Clause: OHKO moves are banned\n|rule|Evasion Items Clause: Evasion items are banned\n|rule|Evasion Moves Clause: Evasion moves are banned\n|rule|Evasion Abilities Clause: Evasion abilities are banned\n|rule|Sleep Moves Clause: Sleep-inducing moves are banned\n|clearpoke\n|poke|p1|Torkoal, F|\n|poke|p1|Primarina, M|\n|poke|p1|Great Tusk|\n|poke|p1|Walking Wake|\n|poke|p1|Raging Bolt|\n|poke|p1|Slither Wing|\n|poke|p2|Samurott-Hisui, M|\n|poke|p2|Iron Moth|\n|poke|p2|Raging Bolt|\n|poke|p2|Dragapult, F|\n|poke|p2|Meowscarada, M|\n|poke|p2|Landorus-Therian, M|\n|teampreview\n|c|☆EGmiau|glhf\n|inactive|Battle timer is ON: inactive players will automatically lose when time's up. (requested by luck is skilll)\n|j| pyrocynical_n_word\n|\n|t:|1771255938\n|teamsize|p1|6\n|teamsize|p2|6\n|start\n|switch|p1a: Slither Wing|Slither Wing|100/100\n|switch|p2a: Dragapult|Dragapult, F|100/100\n|turn|1\n|\n|t:|1771255942\n|move|p2a: Dragapult|Fire Blast|p1a: Slither Wing\n|-supereffective|p1a: Slither Wing\n|-damage|p1a: Slither Wing|19/100\n|-damage|p2a: Dragapult|91/100|[from] item: Life Orb\n|move|p1a: Slither Wing|U-turn|p2a: Dragapult\n|-resisted|p2a: Dragapult\n|-damage|p2a: Dragapult|46/100\n|\n|t:|1771255947\n|-end|p1a: Slither Wing|Protosynthesis|[silent]\n|switch|p1a: Primarina|Primarina, M|100/100|[from] U-turn\n|\n|upkeep\n|turn|2\n|\n|t:|1771255961\n|move|p2a: Dragapult|Shadow Ball|p1a: Primarina\n|-damage|p1a: Primarina|76/100\n|-unboost|p1a: Primarina|spd|1\n|-damage|p2a: Dragapult|36/100|[from] item: Life Orb\n|move|p1a: Primarina|Flip Turn|p2a: Dragapult\n|-resisted|p2a: Dragapult\n|-damage|p2a: Dragapult|26/100\n|\n|t:|1771255968\n|switch|p1a: Torkoal|Torkoal, F|100/100|[from] Flip Turn\n|-weather|SunnyDay|[from] ability: Drought|[of] p1a: Torkoal\n|\n|-weather|SunnyDay|[upkeep]\n|upkeep\n|turn|3\n|\n|t:|1771255974\n|move|p2a: Dragapult|Draco Meteor|p1a: Torkoal\n|-damage|p1a: Torkoal|22/100\n|-unboost|p2a: Dragapult|spa|2\n|-damage|p2a: Dragapult|17/100|[from] item: Life Orb\n|move|p1a: Torkoal|Stealth Rock|p2a: Dragapult\n|-sidestart|p2: EGmiau|move: Stealth Rock\n|\n|-weather|SunnyDay|[upkeep]\n|upkeep\n|turn|4\n|\n|t:|1771255990\n|switch|p2a: Landorus|Landorus-Therian, M|100/100\n|-damage|p2a: Landorus|88/100|[from] Stealth Rock\n|-ability|p2a: Landorus|Intimidate|boost\n|-unboost|p1a: Torkoal|atk|1\n|switch|p1a: Primarina|Primarina, M|76/100\n|\n|-weather|SunnyDay|[upkeep]\n|upkeep\n|turn|5\n|\n|t:|1771255995\n|move|p2a: Landorus|Stealth Rock|p1a: Primarina\n|-sidestart|p1: luck is skilll|move: Stealth Rock\n|move|p1a: Primarina|Flip Turn|p2a: Landorus\n|-supereffective|p2a: Landorus\n|-damage|p2a: Landorus|74/100\n|-damage|p1a: Primarina|59/100|[from] item: Rocky Helmet|[of] p2a: Landorus\n|\n|t:|1771255997\n|switch|p1a: Walking Wake|Walking Wake|100/100|[from] Flip Turn\n|-damage|p1a: Walking Wake|88/100|[from] Stealth Rock\n|-activate|p1a: Walking Wake|ability: Protosynthesis\n|-start|p1a: Walking Wake|protosynthesisspe\n|\n|-weather|SunnyDay|[upkeep]\n|upkeep\n|turn|6\n|\n|t:|1771256010\n|-terastallize|p2a: Landorus|Water\n|move|p1a: Walking Wake|Hydro Steam|p2a: Landorus\n|-resisted|p2a: Landorus\n|-damage|p2a: Landorus|23/100\n|move|p2a: Landorus|Earth Power|p1a: Walking Wake\n|-damage|p1a: Walking Wake|50/100\n|\n|-weather|SunnyDay|[upkeep]\n|upkeep\n|turn|7\n|\n|t:|1771256019\n|move|p1a: Walking Wake|Hydro Steam|p2a: Landorus\n|-resisted|p2a: Landorus\n|-damage|p2a: Landorus|0 fnt\n|faint|p2a: Landorus\n|\n|-weather|SunnyDay|[upkeep]\n|upkeep\n|\n|t:|1771256026\n|switch|p2a: Iron Moth|Iron Moth|100/100\n|-damage|p2a: Iron Moth|76/100|[from] Stealth Rock\n|turn|8\n|\n|t:|1771256032\n|move|p2a: Iron Moth|Dazzling Gleam|p1a: Walking Wake\n|-supereffective|p1a: Walking Wake\n|-damage|p1a: Walking Wake|0 fnt\n|faint|p1a: Walking Wake\n|-end|p1a: Walking Wake|Protosynthesis|[silent]\n|\n|-weather|SunnyDay|[upkeep]\n|upkeep\n|\n|t:|1771256048\n|switch|p1a: Primarina|Primarina, M|59/100\n|-damage|p1a: Primarina|47/100|[from] Stealth Rock\n|turn|9\n|\n|t:|1771256057\n|-end|p2a: Iron Moth|Quark Drive|[silent]\n|switch|p2a: Meowscarada|Meowscarada, M|100/100\n|-damage|p2a: Meowscarada|88/100|[from] Stealth Rock\n|move|p1a: Primarina|Moonblast|p2a: Meowscarada\n|-supereffective|p2a: Meowscarada\n|-damage|p2a: Meowscarada|0 fnt\n|faint|p2a: Meowscarada\n|\n|-weather|none\n|upkeep\n|\n|t:|1771256063\n|switch|p2a: Dragapult|Dragapult, F|17/100\n|-damage|p2a: Dragapult|4/100|[from] Stealth Rock\n|turn|10\n|\n|t:|1771256067\n|move|p2a: Dragapult|Shadow Ball|p1a: Primarina\n|-damage|p1a: Primarina|21/100\n|-unboost|p1a: Primarina|spd|1\n|-damage|p2a: Dragapult|0 fnt|[from] item: Life Orb\n|faint|p2a: Dragapult\n|move|p1a: Primarina|Flip Turn|p2: Dragapult|[notarget]\n|-fail|p1a: Primarina\n|\n|upkeep\n|\n|t:|1771256083\n|switch|p2a: Iron Moth|Iron Moth|76/100\n|-damage|p2a: Iron Moth|51/100|[from] Stealth Rock\n|turn|11\n|\n|t:|1771256086\n|move|p2a: Iron Moth|Dazzling Gleam|p1a: Primarina\n|-damage|p1a: Primarina|0 fnt\n|faint|p1a: Primarina\n|\n|upkeep\n|\n|t:|1771256104\n|switch|p1a: Raging Bolt|Raging Bolt|100/100\n|-damage|p1a: Raging Bolt|88/100|[from] Stealth Rock\n|turn|12\n|\n|t:|1771256109\n|-terastallize|p1a: Raging Bolt|Fairy\n|move|p2a: Iron Moth|Dazzling Gleam|p1a: Raging Bolt\n|-damage|p1a: Raging Bolt|65/100\n|move|p1a: Raging Bolt|Calm Mind|p1a: Raging Bolt\n|-boost|p1a: Raging Bolt|spa|1\n|-boost|p1a: Raging Bolt|spd|1\n|\n|-heal|p1a: Raging Bolt|71/100|[from] item: Leftovers\n|upkeep\n|turn|13\n|\n|t:|1771256116\n|-end|p2a: Iron Moth|Quark Drive|[silent]\n|switch|p2a: Samurott|Samurott-Hisui, M|100/100\n|-damage|p2a: Samurott|88/100|[from] Stealth Rock\n|move|p1a: Raging Bolt|Tera Blast|p2a: Samurott|[anim] Tera Blast Fairy\n|-supereffective|p2a: Samurott\n|-damage|p2a: Samurott|0 fnt\n|faint|p2a: Samurott\n|\n|-heal|p1a: Raging Bolt|77/100|[from] item: Leftovers\n|upkeep\n|\n|t:|1771256121\n|switch|p2a: Raging Bolt|Raging Bolt|100/100\n|-damage|p2a: Raging Bolt|88/100|[from] Stealth Rock\n|-enditem|p2a: Raging Bolt|Booster Energy\n|-activate|p2a: Raging Bolt|ability: Protosynthesis|[fromitem]\n|-start|p2a: Raging Bolt|protosynthesisspa\n|turn|14\n|\n|t:|1771256124\n|move|p2a: Raging Bolt|Thunderbolt|p1a: Raging Bolt\n|-damage|p1a: Raging Bolt|40/100\n|move|p1a: Raging Bolt|Tera Blast|p2a: Raging Bolt|[anim] Tera Blast Fairy\n|-supereffective|p2a: Raging Bolt\n|-damage|p2a: Raging Bolt|0 fnt\n|faint|p2a: Raging Bolt\n|-end|p2a: Raging Bolt|Protosynthesis|[silent]\n|\n|-heal|p1a: Raging Bolt|46/100|[from] item: Leftovers\n|upkeep\n|\n|t:|1771256128\n|switch|p2a: Iron Moth|Iron Moth|51/100\n|-damage|p2a: Iron Moth|26/100|[from] Stealth Rock\n|turn|15\n|\n|t:|1771256130\n|move|p1a: Raging Bolt|Thunderclap|p2a: Iron Moth\n|-damage|p2a: Iron Moth|0 fnt\n|faint|p2a: Iron Moth\n|-end|p2a: Iron Moth|Quark Drive|[silent]\n|\n|win|luck is skilll\n|raw|luck is skilll's rating: 1555 &rarr; <strong>1573</strong><br />(+18 for winning)\n|raw|EGmiau's rating: 1523 &rarr; <strong>1505</strong><br />(-18 for losing)\n|l|☆luck is skilll\n|player|p1|\n|c|☆EGmiau|gg wp\n|l|☆EGmiau\n|player|p2|\n|l| pyrocynical_n_word\n", "uploadtime": 1771256284, "views": 3, "formatid": "gen9ou", "rating": 1505, "private": 0, "password": null}