{"id": "gen9ou-2639297214", "format": "[Gen 9] OU", "players": ["poorlittlepawn", "Smallerbaker"], "log": "|j|☆poorlittlepawn\n|j|☆Smallerbaker\n|t:|1782448084\n|gametype|singles\n|player|p1|poorlittlepawn|psychic|1142\n|player|p2|Smallerbaker|pokemonrangerf|1061\n|gen|9\n|tier|[Gen 9] OU\n|rated|\n|rule|HP Percentage Mod: HP is shown in percentages\n|rule|Endless Battle Clause: Forcing endless battles is banned\n|rule|Species Clause: Limit one of each Pokémon\n|rule|OHKO Clause: OHKO moves are banned\n|rule|Evasion Items Clause: Evasion items are banned\n|rule|Evasion Moves Clause: Evasion moves are banned\n|rule|Evasion Abilities Clause: Evasion abilities are banned\n|rule|Sleep Moves Clause: Sleep-inducing moves are banned\n|clearpoke\n|poke|p1|Latios, M|\n|poke|p1|Incineroar, M|\n|poke|p1|Ditto|\n|poke|p1|Hatterene, F|\n|poke|p1|Ogerpon-Wellspring, F|\n|poke|p1|Forretress, F|\n|poke|p2|Excadrill, F|\n|poke|p2|Emboar, M|\n|poke|p2|Mismagius, M|\n|poke|p2|Kingdra, F|\n|poke|p2|Tyranitar, M|\n|poke|p2|Deoxys-Speed|\n|teampreview\n|\n|t:|1782448092\n|teamsize|p1|6\n|teamsize|p2|6\n|start\n|switch|p1a: Ogerpon|Ogerpon-Wellspring, F|100/100\n|switch|p2a: Deoxys|Deoxys-Speed|100/100\n|-ability|p2a: Deoxys|Pressure\n|turn|1\n|\n|t:|1782448100\n|move|p2a: Deoxys|Psycho Boost|p1a: Ogerpon\n|-damage|p1a: Ogerpon|30/100\n|-unboost|p2a: Deoxys|spa|2\n|move|p1a: Ogerpon|Ivy Cudgel|p2a: Deoxys|[anim] Ivy Cudgel Water\n|-crit|p2a: Deoxys\n|-enditem|p2a: Deoxys|Focus Sash\n|-damage|p2a: Deoxys|1/100\n|\n|upkeep\n|turn|2\n|\n|t:|1782448111\n|switch|p1a: Hatterene|Hatterene, F|100/100\n|move|p2a: Deoxys|Extreme Speed|p1a: Hatterene\n|-damage|p1a: Hatterene|82/100\n|\n|upkeep\n|turn|3\n|\n|t:|1782448118\n|move|p2a: Deoxys|Thunderbolt|p1a: Hatterene\n|-damage|p1a: Hatterene|70/100\n|move|p1a: Hatterene|Future Sight|p2a: Deoxys\n|-start|p1a: Hatterene|move: Future Sight\n|\n|upkeep\n|turn|4\n|\n|t:|1782448125\n|move|p2a: Deoxys|Extreme Speed|p1a: Hatterene\n|-damage|p1a: Hatterene|50/100\n|move|p1a: Hatterene|Draining Kiss|p2a: Deoxys\n|-damage|p2a: Deoxys|0 fnt\n|-heal|p1a: Hatterene|50/100|[from] drain|[of] p2a: Deoxys\n|faint|p2a: Deoxys\n|\n|upkeep\n|\n|t:|1782448142\n|switch|p2a: Excadrill|Excadrill, F|100/100\n|-ability|p2a: Excadrill|Mold Breaker\n|turn|5\n|\n|t:|1782448149\n|-terastallize|p1a: Hatterene|Fire\n|move|p2a: Excadrill|Earthquake|p1a: Hatterene\n|-supereffective|p1a: Hatterene\n|-damage|p1a: Hatterene|0 fnt\n|faint|p1a: Hatterene\n|\n|-end|p2a: Excadrill|move: Future Sight\n|-resisted|p2a: Excadrill\n|-damage|p2a: Excadrill|65/100\n|upkeep\n|\n|t:|1782448160\n|switch|p1a: Incineroar|Incineroar, M|100/100\n|-ability|p1a: Incineroar|Intimidate|boost\n|-unboost|p2a: Excadrill|atk|1\n|turn|6\n|\n|t:|1782448168\n|-terastallize|p2a: Excadrill|Ground\n|move|p2a: Excadrill|Earthquake|p1a: Incineroar\n|-supereffective|p1a: Incineroar\n|-damage|p1a: Incineroar|10/100\n|-enditem|p1a: Incineroar|Weakness Policy\n|-boost|p1a: Incineroar|atk|2|[from] item: Weakness Policy\n|-boost|p1a: Incineroar|spa|2|[from] item: Weakness Policy\n|move|p1a: Incineroar|Drain Punch|p2a: Excadrill\n|-damage|p2a: Excadrill|15/100\n|-heal|p1a: Incineroar|36/100|[from] drain|[of] p2a: Excadrill\n|-damage|p1a: Incineroar|19/100|[from] item: Rocky Helmet|[of] p2a: Excadrill\n|\n|upkeep\n|turn|7\n|\n|t:|1782448184\n|switch|p1a: Latios|Latios, M|100/100\n|move|p2a: Excadrill|Earthquake|p1a: Latios\n|-damage|p1a: Latios|42/100\n|\n|upkeep\n|turn|8\n|\n|t:|1782448195\n|move|p1a: Latios|Ice Beam|p2a: Excadrill\n|-supereffective|p2a: Excadrill\n|-damage|p2a: Excadrill|0 fnt\n|faint|p2a: Excadrill\n|\n|upkeep\n|\n|t:|1782448202\n|switch|p2a: Kingdra|Kingdra, F|100/100\n|turn|9\n|\n|t:|1782448208\n|move|p1a: Latios|Thunderbolt|p2a: Kingdra\n|-crit|p2a: Kingdra\n|-damage|p2a: Kingdra|50/100\n|-enditem|p2a: Kingdra|Cell Battery\n|-boost|p2a: Kingdra|atk|1|[from] item: Cell Battery\n|move|p2a: Kingdra|Ice Beam|p1a: Latios\n|-supereffective|p1a: Latios\n|-damage|p1a: Latios|0 fnt\n|faint|p1a: Latios\n|\n|upkeep\n|\n|t:|1782448217\n|switch|p1a: Ditto|Ditto|100/100\n|-transform|p1a: Ditto|p2a: Kingdra|[from] ability: Imposter\n|turn|10\n|\n|t:|1782448230\n|move|p1a: Ditto|Dragon Pulse|p2a: Kingdra\n|-supereffective|p2a: Kingdra\n|-damage|p2a: Kingdra|0 fnt\n|faint|p2a: Kingdra\n|\n|upkeep\n|\n|t:|1782448237\n|switch|p2a: Mismagius|Mismagius, M|100/100\n|turn|11\n|\n|t:|1782448273\n|move|p2a: Mismagius|Will-O-Wisp|p1a: Ditto\n|-status|p1a: Ditto|brn\n|move|p1a: Ditto|Dragon Pulse|p2a: Mismagius\n|-damage|p2a: Mismagius|63/100\n|\n|-damage|p1a: Ditto|94/100 brn|[from] brn\n|upkeep\n|turn|12\n|\n|t:|1782448285\n|move|p2a: Mismagius|Hex|p1a: Ditto\n|-damage|p1a: Ditto|47/100 brn\n|move|p1a: Ditto|Hydro Pump|p2a: Mismagius\n|-damage|p2a: Mismagius|19/100\n|\n|-damage|p1a: Ditto|41/100 brn|[from] brn\n|upkeep\n|turn|13\n|\n|t:|1782448294\n|move|p2a: Mismagius|Hex|p1a: Ditto\n|-damage|p1a: Ditto|0 fnt\n|faint|p1a: Ditto\n|\n|upkeep\n|\n|t:|1782448301\n|switch|p1a: Ogerpon|Ogerpon-Wellspring, F|30/100\n|turn|14\n|\n|t:|1782448310\n|move|p1a: Ogerpon|Ivy Cudgel|p2a: Mismagius|[anim] Ivy Cudgel Water\n|-damage|p2a: Mismagius|0 fnt\n|faint|p2a: Mismagius\n|\n|upkeep\n|\n|t:|1782448315\n|switch|p2a: Tyranitar|Tyranitar, M|100/100\n|-weather|Sandstorm|[from] ability: Sand Stream|[of] p2a: Tyranitar\n|turn|15\n|\n|t:|1782448327\n|move|p1a: Ogerpon|Leech Seed|p2a: Tyranitar\n|-start|p2a: Tyranitar|move: Leech Seed\n|move|p2a: Tyranitar|Stone Edge|p1a: Ogerpon\n|-damage|p1a: Ogerpon|0 fnt\n|faint|p1a: Ogerpon\n|\n|-weather|Sandstorm|[upkeep]\n|upkeep\n|\n|t:|1782448334\n|switch|p1a: Forretress|Forretress, F|100/100\n|turn|16\n|\n|t:|1782448343\n|move|p2a: Tyranitar|Dragon Dance|p2a: Tyranitar\n|-boost|p2a: Tyranitar|atk|1\n|-boost|p2a: Tyranitar|spe|1\n|move|p1a: Forretress|Stealth Rock|p2a: Tyranitar\n|-sidestart|p2: Smallerbaker|move: Stealth Rock\n|\n|-weather|Sandstorm|[upkeep]\n|-damage|p2a: Tyranitar|88/100|[from] Leech Seed|[of] p1a: Forretress\n|upkeep\n|turn|17\n|\n|t:|1782448355\n|move|p2a: Tyranitar|Knock Off|p1a: Forretress\n|-damage|p1a: Forretress|41/100\n|-enditem|p1a: Forretress|Heavy-Duty Boots|[from] move: Knock Off|[of] p2a: Tyranitar\n|move|p1a: Forretress|Gyro Ball|p2a: Tyranitar\n|-supereffective|p2a: Tyranitar\n|-crit|p2a: Tyranitar\n|-damage|p2a: Tyranitar|24/100\n|\n|-weather|Sandstorm|[upkeep]\n|-damage|p2a: Tyranitar|12/100|[from] Leech Seed|[of] p1a: Forretress\n|-heal|p1a: Forretress|54/100|[silent]\n|upkeep\n|turn|18\n|\n|t:|1782448368\n|move|p2a: Tyranitar|Earthquake|p1a: Forretress\n|-damage|p1a: Forretress|12/100\n|move|p1a: Forretress|Rapid Spin|p2a: Tyranitar\n|-resisted|p2a: Tyranitar\n|-damage|p2a: Tyranitar|8/100\n|-boost|p1a: Forretress|spe|1\n|\n|-weather|Sandstorm|[upkeep]\n|-damage|p2a: Tyranitar|0 fnt|[from] Leech Seed|[of] p1a: Forretress\n|-heal|p1a: Forretress|20/100|[silent]\n|faint|p2a: Tyranitar\n|upkeep\n|\n|t:|1782448377\n|switch|p2a: Emboar|Emboar, M|100/100\n|-damage|p2a: Emboar|88/100|[from] Stealth Rock\n|turn|19\n|\n|t:|1782448386\n|move|p2a: Emboar|Flare Blitz|p1a: Forretress\n|-supereffective|p1a: Forretress\n|-damage|p1a: Forretress|0 fnt\n|faint|p1a: Forretress\n|-damage|p2a: Emboar|83/100|[from] Recoil\n|\n|-weather|none\n|upkeep\n|\n|t:|1782448393\n|switch|p1a: Incineroar|Incineroar, M|19/100\n|-ability|p1a: Incineroar|Intimidate|boost\n|-unboost|p2a: Emboar|atk|1\n|turn|20\n|\n|t:|1782448399\n|move|p1a: Incineroar|Fake Out|p2a: Emboar\n|-damage|p2a: Emboar|70/100\n|cant|p2a: Emboar|flinch\n|\n|upkeep\n|turn|21\n|\n|t:|1782448407\n|move|p1a: Incineroar|Thief|p2a: Emboar\n|-resisted|p2a: Emboar\n|-damage|p2a: Emboar|56/100\n|-enditem|p2a: Emboar|Fist Plate|[silent]|[from] move: Thief|[of] p1a: Incineroar\n|-item|p1a: Incineroar|Fist Plate|[from] move: Thief|[of] p2a: Emboar\n|move|p2a: Emboar|Hammer Arm|p1a: Incineroar\n|-supereffective|p1a: Incineroar\n|-damage|p1a: Incineroar|0 fnt\n|-unboost|p2a: Emboar|spe|1\n|faint|p1a: Incineroar\n|\n|win|Smallerbaker\n|raw|poorlittlepawn's rating: 1142 &rarr; <strong>1111</strong><br />(-31 for losing)\n|raw|Smallerbaker's rating: 1061 &rarr; <strong>1099</strong><br />(+38 for winning)\n|l|☆poorlittlepawn\n|player|p1|\n|l|☆Smallerbaker\n|player|p2|\n", "uploadtime": 1782448701, "views": 4, "formatid": "gen9ou", "rating": 1099, "private": 0, "password": null}