{"id": "gen9ou-2647782364", "format": "[Gen 9] OU", "players": ["2wicky12", "Yvonne348"], "log": "|j|☆2wicky12\n|j|☆Yvonne348\n|t:|1783811710\n|gametype|singles\n|player|p1|2wicky12|burglar|1221\n|player|p2|Yvonne348|roxanne|1178\n|gen|9\n|tier|[Gen 9] OU\n|rated|\n|rule|HP Percentage Mod: HP is shown in percentages\n|rule|Endless Battle Clause: Forcing endless battles is banned\n|rule|Species Clause: Limit one of each Pokémon\n|rule|OHKO Clause: OHKO moves are banned\n|rule|Evasion Items Clause: Evasion items are banned\n|rule|Evasion Moves Clause: Evasion moves are banned\n|rule|Evasion Abilities Clause: Evasion abilities are banned\n|rule|Sleep Moves Clause: Sleep-inducing moves are banned\n|clearpoke\n|poke|p1|Dragonite, M|\n|poke|p1|Gholdengo|\n|poke|p1|Magnezone|\n|poke|p1|Great Tusk|\n|poke|p1|Moltres|\n|poke|p1|Walking Wake|\n|poke|p2|Mew|\n|poke|p2|Blaziken, M|\n|poke|p2|Dragonite, M|\n|poke|p2|Zamazenta-*|\n|poke|p2|Muk-Alola, M|\n|poke|p2|Meowscarada, F|\n|teampreview\n|inactive|Battle timer is ON: inactive players will automatically lose when time's up. (requested by 2wicky12)\n|\n|t:|1783811721\n|teamsize|p1|6\n|teamsize|p2|6\n|start\n|switch|p1a: Gholdengo|Gholdengo, shiny|100/100\n|switch|p2a: Moochie Mew <3|Mew, shiny|100/100\n|turn|1\n|\n|t:|1783811730\n|switch|p2a: Taco Bell|Muk-Alola, M|100/100\n|move|p1a: Gholdengo|Shadow Ball|p2a: Taco Bell\n|-resisted|p2a: Taco Bell\n|-damage|p2a: Taco Bell|87/100\n|\n|-heal|p2a: Taco Bell|93/100|[from] item: Black Sludge\n|upkeep\n|turn|2\n|\n|t:|1783811735\n|switch|p1a: Moltres|Moltres, shiny|100/100\n|move|p2a: Taco Bell|Knock Off|p1a: Moltres\n|-damage|p1a: Moltres|76/100\n|-enditem|p1a: Moltres|Heavy-Duty Boots|[from] move: Knock Off|[of] p2a: Taco Bell\n|\n|-heal|p2a: Taco Bell|99/100|[from] item: Black Sludge\n|upkeep\n|turn|3\n|\n|t:|1783811743\n|move|p1a: Moltres|Scorching Sands|p2a: Taco Bell\n|-supereffective|p2a: Taco Bell\n|-damage|p2a: Taco Bell|75/100\n|-status|p2a: Taco Bell|brn\n|move|p2a: Taco Bell|Toxic|p1a: Moltres\n|-status|p1a: Moltres|tox\n|\n|-heal|p2a: Taco Bell|81/100 brn|[from] item: Black Sludge\n|-damage|p1a: Moltres|70/100 tox|[from] psn\n|-damage|p2a: Taco Bell|75/100 brn|[from] brn\n|upkeep\n|turn|4\n|\n|t:|1783811773\n|move|p1a: Moltres|Overheat|p2a: Taco Bell\n|-damage|p2a: Taco Bell|41/100 brn\n|-unboost|p1a: Moltres|spa|2\n|move|p2a: Taco Bell|Pain Split|p1a: Moltres\n|-sethp|p1a: Moltres|57/100 tox|[from] move: Pain Split|[silent]\n|-sethp|p2a: Taco Bell|53/100 brn|[from] move: Pain Split\n|\n|-heal|p2a: Taco Bell|59/100 brn|[from] item: Black Sludge\n|-damage|p1a: Moltres|45/100 tox|[from] psn\n|-damage|p2a: Taco Bell|53/100 brn|[from] brn\n|upkeep\n|turn|5\n|\n|t:|1783811783\n|move|p2a: Taco Bell|Protect|p2a: Taco Bell\n|-singleturn|p2a: Taco Bell|Protect\n|move|p1a: Moltres|U-turn|p2a: Taco Bell\n|-activate|p2a: Taco Bell|move: Protect\n|\n|-heal|p2a: Taco Bell|59/100 brn|[from] item: Black Sludge\n|-damage|p1a: Moltres|27/100 tox|[from] psn\n|-damage|p2a: Taco Bell|53/100 brn|[from] brn\n|upkeep\n|turn|6\n|inactive|Yvonne348 has 120 seconds left.\n|\n|t:|1783811817\n|switch|p1a: Magnezone|Magnezone|100/100\n|-item|p1a: Magnezone|Air Balloon\n|move|p2a: Taco Bell|Pain Split|p1a: Magnezone\n|-sethp|p1a: Magnezone|84/100|[from] move: Pain Split|[silent]\n|-sethp|p2a: Taco Bell|66/100 brn|[from] move: Pain Split\n|\n|-heal|p2a: Taco Bell|72/100 brn|[from] item: Black Sludge\n|-damage|p2a: Taco Bell|66/100 brn|[from] brn\n|upkeep\n|turn|7\n|\n|t:|1783811824\n|move|p1a: Magnezone|Steel Beam|p2a: Taco Bell\n|-damage|p2a: Taco Bell|29/100 brn\n|-damage|p1a: Magnezone|34/100|[from] steelbeam\n|move|p2a: Taco Bell|Knock Off|p1a: Magnezone\n|-damage|p1a: Magnezone|21/100\n|-enditem|p1a: Magnezone|Air Balloon\n|\n|-heal|p2a: Taco Bell|35/100 brn|[from] item: Black Sludge\n|-damage|p2a: Taco Bell|29/100 brn|[from] brn\n|upkeep\n|turn|8\n|inactive|Yvonne348 has 120 seconds left.\n|\n|t:|1783811832\n|move|p2a: Taco Bell|Protect|p2a: Taco Bell\n|-singleturn|p2a: Taco Bell|Protect\n|move|p1a: Magnezone|Discharge|p2a: Taco Bell\n|-activate|p2a: Taco Bell|move: Protect\n|\n|-heal|p2a: Taco Bell|35/100 brn|[from] item: Black Sludge\n|-damage|p2a: Taco Bell|29/100 brn|[from] brn\n|upkeep\n|turn|9\n|\n|t:|1783811837\n|move|p1a: Magnezone|Discharge|p2a: Taco Bell\n|-damage|p2a: Taco Bell|9/100 brn\n|move|p2a: Taco Bell|Pain Split|p1a: Magnezone\n|-sethp|p1a: Magnezone|16/100|[from] move: Pain Split|[silent]\n|-sethp|p2a: Taco Bell|13/100 brn|[from] move: Pain Split\n|\n|-heal|p2a: Taco Bell|19/100 brn|[from] item: Black Sludge\n|-damage|p2a: Taco Bell|13/100 brn|[from] brn\n|upkeep\n|turn|10\n|\n|t:|1783811842\n|move|p1a: Magnezone|Discharge|p2a: Taco Bell\n|-damage|p2a: Taco Bell|0 fnt\n|faint|p2a: Taco Bell\n|\n|upkeep\n|\n|t:|1783811848\n|switch|p2a: Kit Kat|Meowscarada, F, shiny|100/100\n|turn|11\n|\n|t:|1783811855\n|switch|p1a: Moltres|Moltres, shiny|27/100 tox\n|move|p2a: Kit Kat|U-turn|p1a: Moltres\n|-start|p2a: Kit Kat|typechange|Bug|[from] ability: Protean\n|-resisted|p1a: Moltres\n|-damage|p1a: Moltres|19/100 tox\n|-damage|p2a: Kit Kat|91/100|[from] item: Life Orb\n|\n|t:|1783811863\n|switch|p2a: McChicken|Blaziken, M, shiny|100/100|[from] U-turn\n|\n|-damage|p1a: Moltres|13/100 tox|[from] psn\n|upkeep\n|turn|12\n|\n|t:|1783811867\n|move|p2a: McChicken|Swords Dance|p2a: McChicken\n|-boost|p2a: McChicken|atk|2\n|move|p1a: Moltres|Roost|p1a: Moltres\n|-heal|p1a: Moltres|63/100 tox\n|-singleturn|p1a: Moltres|move: Roost\n|\n|-damage|p1a: Moltres|51/100 tox|[from] psn\n|-ability|p2a: McChicken|Speed Boost|boost\n|-boost|p2a: McChicken|spe|1\n|upkeep\n|turn|13\n|\n|t:|1783811887\n|move|p2a: McChicken|Swords Dance|p2a: McChicken\n|-boost|p2a: McChicken|atk|2\n|move|p1a: Moltres|Scorching Sands|p2a: McChicken\n|-supereffective|p2a: McChicken\n|-damage|p2a: McChicken|42/100\n|\n|-damage|p1a: Moltres|33/100 tox|[from] psn\n|-ability|p2a: McChicken|Speed Boost|boost\n|-boost|p2a: McChicken|spe|1\n|upkeep\n|turn|14\n|\n|t:|1783811895\n|move|p2a: McChicken|Blaze Kick|p1a: Moltres\n|-resisted|p1a: Moltres\n|-damage|p1a: Moltres|0 fnt\n|faint|p1a: Moltres\n|\n|-ability|p2a: McChicken|Speed Boost|boost\n|-boost|p2a: McChicken|spe|1\n|upkeep\n|\n|t:|1783811902\n|switch|p1a: Dragonite|Dragonite, M, shiny|100/100\n|turn|15\n|\n|t:|1783811908\n|move|p2a: McChicken|Blaze Kick|p1a: Dragonite\n|-resisted|p1a: Dragonite\n|-damage|p1a: Dragonite|66/100\n|move|p1a: Dragonite|Dragon Dance|p1a: Dragonite\n|-boost|p1a: Dragonite|atk|1\n|-boost|p1a: Dragonite|spe|1\n|\n|-ability|p2a: McChicken|Speed Boost|boost\n|-boost|p2a: McChicken|spe|1\n|upkeep\n|turn|16\n|\n|t:|1783811916\n|-terastallize|p1a: Dragonite|Normal\n|move|p1a: Dragonite|Extreme Speed|p2a: McChicken\n|-damage|p2a: McChicken|0 fnt\n|faint|p2a: McChicken\n|\n|upkeep\n|\n|t:|1783811921\n|switch|p2a: Dogo|Zamazenta, shiny|100/100\n|-ability|p2a: Dogo|Dauntless Shield|boost\n|-boost|p2a: Dogo|def|1\n|turn|17\n|\n|t:|1783811925\n|move|p1a: Dragonite|Extreme Speed|p2a: Dogo\n|-damage|p2a: Dogo|72/100\n|move|p2a: Dogo|Iron Defense|p2a: Dogo\n|-boost|p2a: Dogo|def|2\n|\n|-heal|p2a: Dogo|79/100|[from] item: Leftovers\n|upkeep\n|turn|18\n|\n|t:|1783811943\n|switch|p1a: Gholdengo|Gholdengo, shiny|100/100\n|move|p2a: Dogo|Iron Defense|p2a: Dogo\n|-boost|p2a: Dogo|def|2\n|\n|-heal|p2a: Dogo|85/100|[from] item: Leftovers\n|upkeep\n|turn|19\n|\n|t:|1783811953\n|move|p2a: Dogo|Crunch|p1a: Gholdengo\n|-supereffective|p1a: Gholdengo\n|-damage|p1a: Gholdengo|50/100\n|move|p1a: Gholdengo|Make It Rain|p2a: Dogo\n|-damage|p2a: Dogo|28/100\n|-unboost|p1a: Gholdengo|spa|1\n|\n|-heal|p2a: Dogo|34/100|[from] item: Leftovers\n|upkeep\n|turn|20\n|\n|t:|1783811965\n|move|p2a: Dogo|Protect|p2a: Dogo\n|-singleturn|p2a: Dogo|Protect\n|move|p1a: Gholdengo|Make It Rain|p2a: Dogo\n|-activate|p2a: Dogo|move: Protect\n|\n|-heal|p2a: Dogo|40/100|[from] item: Leftovers\n|upkeep\n|turn|21\n|\n|t:|1783811968\n|move|p2a: Dogo|Crunch|p1a: Gholdengo\n|-supereffective|p1a: Gholdengo\n|-damage|p1a: Gholdengo|0 fnt\n|faint|p1a: Gholdengo\n|\n|-heal|p2a: Dogo|47/100|[from] item: Leftovers\n|upkeep\n|\n|t:|1783811980\n|switch|p1a: Great Tusk|Great Tusk, shiny|100/100\n|turn|22\n|\n|t:|1783811989\n|move|p2a: Dogo|Protect|p2a: Dogo\n|-singleturn|p2a: Dogo|Protect\n|move|p1a: Great Tusk|Earthquake|p2a: Dogo\n|-activate|p2a: Dogo|move: Protect\n|\n|-heal|p2a: Dogo|53/100|[from] item: Leftovers\n|upkeep\n|turn|23\n|\n|t:|1783811992\n|move|p2a: Dogo|Body Press|p1a: Great Tusk\n|-damage|p1a: Great Tusk|26/100\n|move|p1a: Great Tusk|Earthquake|p2a: Dogo\n|-damage|p2a: Dogo|39/100\n|\n|-heal|p2a: Dogo|45/100|[from] item: Leftovers\n|upkeep\n|turn|24\n|-message|2wicky12 forfeited.\n|\n|win|Yvonne348\n|raw|2wicky12's rating: 1221 &rarr; <strong>1193</strong><br />(-28 for losing)\n|raw|Yvonne348's rating: 1178 &rarr; <strong>1206</strong><br />(+28 for winning)\n|l|☆2wicky12\n|player|p1|\n", "uploadtime": 1783812002, "views": 15, "formatid": "gen9ou", "rating": 1193, "private": 0, "password": null}