{"id": "gen9ou-2639193906", "format": "[Gen 9] OU", "players": ["JSD10", "psychlops"], "log": "|j|☆JSD10\n|j|‽psychlops\n|t:|1782432153\n|gametype|singles\n|player|p1|JSD10|102|1570\n|player|p2|psychlops|170|1493\n|gen|9\n|tier|[Gen 9] OU\n|rated|\n|rule|HP Percentage Mod: HP is shown in percentages\n|rule|Endless Battle Clause: Forcing endless battles is banned\n|rule|Species Clause: Limit one of each Pokémon\n|rule|OHKO Clause: OHKO moves are banned\n|rule|Evasion Items Clause: Evasion items are banned\n|rule|Evasion Moves Clause: Evasion moves are banned\n|rule|Evasion Abilities Clause: Evasion abilities are banned\n|rule|Sleep Moves Clause: Sleep-inducing moves are banned\n|clearpoke\n|poke|p1|Pelipper, M|\n|poke|p1|Raging Bolt|\n|poke|p1|Overqwil, M|\n|poke|p1|Barraskewda, F|\n|poke|p1|Iron Treads|\n|poke|p1|Kingambit, F|\n|poke|p2|Ting-Lu|\n|poke|p2|Gliscor, M|\n|poke|p2|Sinistcha-Masterpiece|\n|poke|p2|Keldeo-Resolute|\n|poke|p2|Tinkaton, F|\n|poke|p2|Dragonite, F|\n|teampreview\n|c|☆JSD10|glhf\n|inactive|Battle timer is ON: inactive players will automatically lose when time's up. (requested by JSD10)\n|\n|t:|1782432162\n|teamsize|p1|6\n|teamsize|p2|6\n|start\n|switch|p1a: Pelipper|Pelipper, M, shiny|100/100\n|switch|p2a: Dragonite|Dragonite, F|100/100\n|-weather|RainDance|[from] ability: Drizzle|[of] p1a: Pelipper\n|turn|1\n|\n|t:|1782432168\n|move|p2a: Dragonite|Thunderbolt|p1a: Pelipper\n|-supereffective|p1a: Pelipper\n|-damage|p1a: Pelipper|0 fnt\n|faint|p1a: Pelipper\n|\n|-weather|RainDance|[upkeep]\n|upkeep\n|\n|t:|1782432185\n|switch|p1a: Raging Bolt|Raging Bolt|100/100\n|-enditem|p1a: Raging Bolt|Booster Energy\n|-activate|p1a: Raging Bolt|ability: Protosynthesis|[fromitem]\n|-start|p1a: Raging Bolt|protosynthesisspa\n|turn|2\n|\n|t:|1782432193\n|switch|p2a: Ting-Lu|Ting-Lu|100/100\n|-ability|p2a: Ting-Lu|Vessel of Ruin\n|move|p1a: Raging Bolt|Weather Ball|p2a: Ting-Lu\n|-supereffective|p2a: Ting-Lu\n|-damage|p2a: Ting-Lu|41/100\n|\n|-weather|RainDance|[upkeep]\n|-heal|p2a: Ting-Lu|47/100|[from] item: Leftovers\n|upkeep\n|turn|3\n|\n|t:|1782432215\n|-terastallize|p2a: Ting-Lu|Ghost\n|move|p1a: Raging Bolt|Weather Ball|p2a: Ting-Lu\n|-damage|p2a: Ting-Lu|16/100\n|move|p2a: Ting-Lu|Earthquake|p1a: Raging Bolt\n|-supereffective|p1a: Raging Bolt\n|-damage|p1a: Raging Bolt|29/100\n|\n|-weather|RainDance|[upkeep]\n|-heal|p2a: Ting-Lu|22/100|[from] item: Leftovers\n|upkeep\n|turn|4\n|\n|t:|1782432224\n|switch|p2a: Dragonite|Dragonite, F|100/100\n|move|p1a: Raging Bolt|Thunder|p2a: Dragonite\n|-damage|p2a: Dragonite|61/100\n|\n|-weather|RainDance|[upkeep]\n|upkeep\n|turn|5\n|\n|t:|1782432233\n|move|p2a: Dragonite|Extreme Speed|p1a: Raging Bolt\n|-damage|p1a: Raging Bolt|0 fnt\n|faint|p1a: Raging Bolt\n|-end|p1a: Raging Bolt|Protosynthesis|[silent]\n|\n|-weather|RainDance|[upkeep]\n|upkeep\n|\n|t:|1782432239\n|switch|p1a: Barraskewda|Barraskewda, F, shiny|100/100\n|turn|6\n|\n|t:|1782432243\n|switch|p2a: Sinistcha|Sinistcha-Masterpiece|100/100\n|-terastallize|p1a: Barraskewda|Water\n|move|p1a: Barraskewda|Liquidation|p2a: Sinistcha\n|-resisted|p2a: Sinistcha\n|-damage|p2a: Sinistcha|55/100\n|\n|-weather|RainDance|[upkeep]\n|upkeep\n|turn|7\n|\n|t:|1782432249\n|switch|p1a: Overqwil|Overqwil, M, shiny|100/100\n|move|p2a: Sinistcha|Strength Sap|p1a: Overqwil\n|-unboost|p1a: Overqwil|atk|1\n|-heal|p2a: Sinistcha|100/100\n|\n|-weather|RainDance|[upkeep]\n|upkeep\n|turn|8\n|\n|t:|1782432256\n|switch|p2a: Tinkaton|Tinkaton, F|100/100\n|-ability|p2a: Tinkaton|Mold Breaker\n|-item|p2a: Tinkaton|Air Balloon\n|move|p1a: Overqwil|Crunch|p2a: Tinkaton\n|-resisted|p2a: Tinkaton\n|-damage|p2a: Tinkaton|80/100\n|-enditem|p2a: Tinkaton|Air Balloon\n|-damage|p1a: Overqwil|91/100|[from] item: Life Orb\n|\n|-weather|none\n|upkeep\n|turn|9\n|\n|t:|1782432267\n|switch|p1a: Iron Treads|Iron Treads, shiny|100/100\n|-enditem|p1a: Iron Treads|Booster Energy\n|-activate|p1a: Iron Treads|ability: Quark Drive|[fromitem]\n|-start|p1a: Iron Treads|quarkdrivespe\n|move|p2a: Tinkaton|Stealth Rock|p1a: Iron Treads\n|-sidestart|p1: JSD10|move: Stealth Rock\n|\n|upkeep\n|turn|10\n|\n|t:|1782432274\n|switch|p2a: Sinistcha|Sinistcha-Masterpiece|100/100\n|move|p1a: Iron Treads|Stealth Rock|p2a: Sinistcha\n|-sidestart|p2: psychlops|move: Stealth Rock\n|\n|upkeep\n|turn|11\n|\n|t:|1782432279\n|move|p1a: Iron Treads|Steel Beam|p2a: Sinistcha\n|-damage|p2a: Sinistcha|41/100\n|-damage|p1a: Iron Treads|50/100|[from] steelbeam\n|move|p2a: Sinistcha|Matcha Gotcha|p1a: Iron Treads\n|-damage|p1a: Iron Treads|6/100\n|-heal|p2a: Sinistcha|62/100|[from] drain|[of] p1a: Iron Treads\n|-status|p1a: Iron Treads|brn\n|\n|-damage|p1a: Iron Treads|0 fnt|[from] brn\n|faint|p1a: Iron Treads\n|-end|p1a: Iron Treads|Quark Drive|[silent]\n|upkeep\n|\n|t:|1782432281\n|switch|p1a: Overqwil|Overqwil, M, shiny|91/100\n|-damage|p1a: Overqwil|78/100|[from] Stealth Rock\n|turn|12\n|\n|t:|1782432291\n|switch|p2a: Ting-Lu|Ting-Lu, tera:Ghost|22/100\n|-damage|p2a: Ting-Lu|9/100|[from] Stealth Rock\n|-ability|p2a: Ting-Lu|Vessel of Ruin\n|move|p1a: Overqwil|Crunch|p2a: Ting-Lu\n|-supereffective|p2a: Ting-Lu\n|-damage|p2a: Ting-Lu|0 fnt\n|faint|p2a: Ting-Lu\n|-damage|p1a: Overqwil|69/100|[from] item: Life Orb\n|\n|upkeep\n|\n|t:|1782432294\n|switch|p2a: Tinkaton|Tinkaton, F|80/100\n|-damage|p2a: Tinkaton|73/100|[from] Stealth Rock\n|-ability|p2a: Tinkaton|Mold Breaker\n|turn|13\n|\n|t:|1782432303\n|move|p2a: Tinkaton|Thunder Wave|p1a: Overqwil\n|-status|p1a: Overqwil|par\n|move|p1a: Overqwil|Liquidation|p2a: Tinkaton\n|-damage|p2a: Tinkaton|32/100\n|-unboost|p2a: Tinkaton|def|1\n|-damage|p1a: Overqwil|59/100 par|[from] item: Life Orb\n|\n|upkeep\n|turn|14\n|\n|t:|1782432316\n|switch|p2a: Dragonite|Dragonite, F|61/100\n|move|p1a: Overqwil|Crunch|p2a: Dragonite\n|-damage|p2a: Dragonite|11/100\n|-unboost|p2a: Dragonite|def|1\n|-damage|p1a: Overqwil|49/100 par|[from] item: Life Orb\n|\n|upkeep\n|turn|15\n|\n|t:|1782432320\n|move|p2a: Dragonite|Extreme Speed|p1a: Overqwil\n|-damage|p1a: Overqwil|17/100 par\n|move|p1a: Overqwil|Liquidation|p2a: Dragonite\n|-resisted|p2a: Dragonite\n|-damage|p2a: Dragonite|0 fnt\n|faint|p2a: Dragonite\n|-damage|p1a: Overqwil|7/100 par|[from] item: Life Orb\n|\n|upkeep\n|\n|t:|1782432326\n|switch|p2a: Gliscor|Gliscor, M|100/100\n|-damage|p2a: Gliscor|88/100|[from] Stealth Rock\n|turn|16\n|\n|t:|1782432332\n|move|p2a: Gliscor|Facade|p1a: Overqwil\n|-damage|p1a: Overqwil|0 fnt\n|faint|p1a: Overqwil\n|\n|-status|p2a: Gliscor|tox|[from] item: Toxic Orb\n|upkeep\n|\n|t:|1782432337\n|switch|p1a: Barraskewda|Barraskewda, F, shiny, tera:Water|100/100\n|-damage|p1a: Barraskewda|88/100|[from] Stealth Rock\n|turn|17\n|\n|t:|1782432344\n|move|p2a: Gliscor|Protect|p2a: Gliscor\n|-singleturn|p2a: Gliscor|Protect\n|move|p1a: Barraskewda|Liquidation|p2a: Gliscor\n|-activate|p2a: Gliscor|move: Protect\n|\n|-heal|p2a: Gliscor|100/100 tox|[from] ability: Poison Heal\n|upkeep\n|turn|18\n|\n|t:|1782432353\n|move|p1a: Barraskewda|Liquidation|p2a: Gliscor\n|-supereffective|p2a: Gliscor\n|-damage|p2a: Gliscor|0 fnt\n|faint|p2a: Gliscor\n|\n|upkeep\n|\n|t:|1782432358\n|switch|p2a: Sinistcha|Sinistcha-Masterpiece|62/100\n|turn|19\n|\n|t:|1782432362\n|move|p1a: Barraskewda|Liquidation|p2a: Sinistcha\n|-resisted|p2a: Sinistcha\n|-damage|p2a: Sinistcha|31/100\n|move|p2a: Sinistcha|Matcha Gotcha|p1a: Barraskewda\n|-supereffective|p1a: Barraskewda\n|-damage|p1a: Barraskewda|0 fnt\n|-heal|p2a: Sinistcha|65/100|[from] drain|[of] p1a: Barraskewda\n|faint|p1a: Barraskewda\n|\n|upkeep\n|\n|t:|1782432365\n|switch|p1a: Kingambit|Kingambit, F, shiny|100/100\n|-damage|p1a: Kingambit|94/100|[from] Stealth Rock\n|-activate|p1a: Kingambit|ability: Supreme Overlord\n|-start|p1a: Kingambit|fallen5|[silent]\n|turn|20\n|\n|t:|1782432373\n|switch|p2a: Keldeo|Keldeo-Resolute|100/100\n|move|p1a: Kingambit|Sucker Punch||[still]\n|-fail|p1a: Kingambit\n|\n|-heal|p1a: Kingambit|100/100|[from] item: Leftovers\n|upkeep\n|turn|21\n|\n|t:|1782432378\n|move|p2a: Keldeo|Secret Sword|p1a: Kingambit\n|-supereffective|p1a: Kingambit\n|-damage|p1a: Kingambit|0 fnt\n|faint|p1a: Kingambit\n|-end|p1a: Kingambit|fallen5|[silent]\n|\n|win|psychlops\n|raw|JSD10's rating: 1570 &rarr; <strong>1546</strong><br />(-24 for losing)\n|raw|psychlops's rating: 1493 &rarr; <strong>1517</strong><br />(+24 for winning)\n|l|‽psychlops\n|player|p2|\n|c|☆JSD10|ggs\n|l|☆JSD10\n|player|p1|\n", "uploadtime": 1782432691, "views": 13, "formatid": "gen9ou", "rating": 1517, "private": 0, "password": null}