{"id": "gen9ou-2639184462", "format": "[Gen 9] OU", "players": ["Klopple", "tauros3"], "log": "|j|☆Klopple\n|j|☆tauros3\n|t:|1782430828\n|gametype|singles\n|player|p1|Klopple|sailor|1789\n|player|p2|tauros3|swimmer-gen4dp|1734\n|gen|9\n|tier|[Gen 9] OU\n|rated|\n|rule|HP Percentage Mod: HP is shown in percentages\n|rule|Endless Battle Clause: Forcing endless battles is banned\n|rule|Species Clause: Limit one of each Pokémon\n|rule|OHKO Clause: OHKO moves are banned\n|rule|Evasion Items Clause: Evasion items are banned\n|rule|Evasion Moves Clause: Evasion moves are banned\n|rule|Evasion Abilities Clause: Evasion abilities are banned\n|rule|Sleep Moves Clause: Sleep-inducing moves are banned\n|clearpoke\n|poke|p1|Arboliva, M|\n|poke|p1|Gliscor, M|\n|poke|p1|Iron Crown|\n|poke|p1|Zamazenta-*|\n|poke|p1|Hatterene, F|\n|poke|p1|Dragonite, F|\n|poke|p2|Ninetales-Alola, M|\n|poke|p2|Kyurem|\n|poke|p2|Moltres-Galar|\n|poke|p2|Ursaluna, M|\n|poke|p2|Diancie|\n|poke|p2|Hatterene, F|\n|teampreview\n|inactive|Battle timer is ON: inactive players will automatically lose when time's up. (requested by tauros3)\n|\n|t:|1782430850\n|teamsize|p1|6\n|teamsize|p2|6\n|start\n|switch|p1a: Iron Crown|Iron Crown|100/100\n|switch|p2a: El Scorcho|Ursaluna, M|100/100\n|turn|1\n|\n|t:|1782430859\n|-end|p1a: Iron Crown|Quark Drive|[silent]\n|switch|p1a: Gliscor|Gliscor, M|100/100\n|move|p2a: El Scorcho|Headlong Rush|p1a: Gliscor\n|-immune|p1a: Gliscor\n|\n|-status|p1a: Gliscor|tox|[from] item: Toxic Orb\n|-status|p2a: El Scorcho|brn|[from] item: Flame Orb\n|upkeep\n|turn|2\n|\n|t:|1782430866\n|move|p1a: Gliscor|Stealth Rock|p2a: El Scorcho\n|-sidestart|p2: tauros3|move: Stealth Rock\n|move|p2a: El Scorcho|Swords Dance|p2a: El Scorcho\n|-boost|p2a: El Scorcho|atk|2\n|\n|-damage|p2a: El Scorcho|94/100 brn|[from] brn\n|upkeep\n|turn|3\n|\n|t:|1782430871\n|move|p1a: Gliscor|Protect|p1a: Gliscor\n|-singleturn|p1a: Gliscor|Protect\n|move|p2a: El Scorcho|Swords Dance|p2a: El Scorcho\n|-boost|p2a: El Scorcho|atk|2\n|\n|-damage|p2a: El Scorcho|88/100 brn|[from] brn\n|upkeep\n|turn|4\n|\n|t:|1782430878\n|move|p1a: Gliscor|Earthquake|p2a: El Scorcho\n|-damage|p2a: El Scorcho|64/100 brn\n|move|p2a: El Scorcho|Facade|p1a: Gliscor\n|-damage|p1a: Gliscor|0 fnt\n|faint|p1a: Gliscor\n|\n|-damage|p2a: El Scorcho|58/100 brn|[from] brn\n|upkeep\n|\n|t:|1782430889\n|switch|p1a: Zamazenta|Zamazenta|100/100\n|-ability|p1a: Zamazenta|Dauntless Shield|boost\n|-boost|p1a: Zamazenta|def|1\n|turn|5\n|\n|t:|1782430893\n|switch|p2a: Pink Triangle|Hatterene, F|100/100\n|-damage|p2a: Pink Triangle|88/100|[from] Stealth Rock\n|move|p1a: Zamazenta|Close Combat|p2a: Pink Triangle\n|-resisted|p2a: Pink Triangle\n|-damage|p2a: Pink Triangle|70/100\n|-unboost|p1a: Zamazenta|def|1\n|-unboost|p1a: Zamazenta|spd|1\n|\n|upkeep\n|turn|6\n|\n|t:|1782430896\n|move|p1a: Zamazenta|Heavy Slam|p2a: Pink Triangle\n|-supereffective|p2a: Pink Triangle\n|-damage|p2a: Pink Triangle|0 fnt\n|faint|p2a: Pink Triangle\n|\n|upkeep\n|\n|t:|1782430908\n|switch|p2a: No Other One|Diancie|100/100\n|-damage|p2a: No Other One|88/100|[from] Stealth Rock\n|turn|7\n|\n|t:|1782430913\n|-terastallize|p2a: No Other One|Ground\n|move|p1a: Zamazenta|Heavy Slam|p2a: No Other One\n|-crit|p2a: No Other One\n|-damage|p2a: No Other One|39/100\n|move|p2a: No Other One|Trick Room|p2a: No Other One\n|-fieldstart|move: Trick Room|[of] p2a: No Other One\n|\n|upkeep\n|turn|8\n|j| kingjot\n|\n|t:|1782430922\n|switch|p1a: Iron Crown|Iron Crown|100/100\n|move|p2a: No Other One|Meteor Beam||[still]\n|-prepare|p2a: No Other One|Meteor Beam\n|-boost|p2a: No Other One|spa|1\n|-enditem|p2a: No Other One|Power Herb\n|-anim|p2a: No Other One|Meteor Beam|p1a: Iron Crown\n|-resisted|p1a: Iron Crown\n|-damage|p1a: Iron Crown|74/100\n|\n|upkeep\n|turn|9\n|\n|t:|1782430930\n|-end|p1a: Iron Crown|Quark Drive|[silent]\n|switch|p1a: Arboliva|Arboliva, M|100/100\n|move|p2a: No Other One|Earth Power|p1a: Arboliva\n|-resisted|p1a: Arboliva\n|-damage|p1a: Arboliva|72/100\n|\n|upkeep\n|turn|10\n|\n|t:|1782430939\n|move|p1a: Arboliva|Endure|p1a: Arboliva\n|-singleturn|p1a: Arboliva|move: Endure\n|move|p2a: No Other One|Moonblast|p1a: Arboliva\n|-damage|p1a: Arboliva|11/100\n|-unboost|p1a: Arboliva|spa|1\n|\n|upkeep\n|turn|11\n|-enditem|p1a: Arboliva|Custap Berry|[eat]\n|-activate|p1a: Arboliva|item: Custap Berry|[consumed]\n|\n|t:|1782430946\n|switch|p2a: The Good Life|Ninetales-Alola, M|100/100\n|-damage|p2a: The Good Life|76/100|[from] Stealth Rock\n|-weather|Snowscape|[from] ability: Snow Warning|[of] p2a: The Good Life\n|move|p1a: Arboliva|Energy Ball|p2a: The Good Life\n|-damage|p2a: The Good Life|45/100\n|\n|-weather|Snowscape|[upkeep]\n|-fieldend|move: Trick Room\n|upkeep\n|turn|12\n|\n|t:|1782430963\n|move|p2a: The Good Life|Aurora Veil|p2a: The Good Life\n|-sidestart|p2: tauros3|move: Aurora Veil\n|move|p1a: Arboliva|Energy Ball|p2a: The Good Life\n|-damage|p2a: The Good Life|30/100\n|\n|-weather|Snowscape|[upkeep]\n|-item|p1a: Arboliva|Custap Berry|[from] ability: Harvest\n|upkeep\n|turn|13\n|\n|t:|1782430972\n|switch|p1a: Iron Crown|Iron Crown|74/100\n|move|p2a: The Good Life|Freeze-Dry|p1a: Iron Crown\n|-resisted|p1a: Iron Crown\n|-damage|p1a: Iron Crown|67/100\n|\n|-weather|Snowscape|[upkeep]\n|upkeep\n|turn|14\n|\n|t:|1782430978\n|move|p2a: The Good Life|Freeze-Dry|p1a: Iron Crown\n|-resisted|p1a: Iron Crown\n|-damage|p1a: Iron Crown|61/100\n|move|p1a: Iron Crown|Volt Switch|p2a: The Good Life\n|-damage|p2a: The Good Life|18/100\n|\n|t:|1782430989\n|-end|p1a: Iron Crown|Quark Drive|[silent]\n|switch|p1a: Zamazenta|Zamazenta|100/100|[from] Volt Switch\n|\n|-weather|Snowscape|[upkeep]\n|upkeep\n|turn|15\n|\n|t:|1782430992\n|move|p1a: Zamazenta|Heavy Slam|p2a: The Good Life\n|-supereffective|p2a: The Good Life\n|-damage|p2a: The Good Life|0 fnt\n|faint|p2a: The Good Life\n|\n|-weather|none\n|upkeep\n|\n|t:|1782430998\n|switch|p2a: Butterfly|Moltres-Galar|100/100\n|-damage|p2a: Butterfly|75/100|[from] Stealth Rock\n|turn|16\n|\n|t:|1782431011\n|move|p1a: Zamazenta|Close Combat|p2a: Butterfly\n|-damage|p2a: Butterfly|40/100\n|-unboost|p1a: Zamazenta|def|1\n|-unboost|p1a: Zamazenta|spd|1\n|-ability|p2a: Butterfly|Berserk|boost\n|-boost|p2a: Butterfly|spa|1\n|-enditem|p2a: Butterfly|Sitrus Berry|[eat]\n|-heal|p2a: Butterfly|65/100|[from] item: Sitrus Berry\n|move|p2a: Butterfly|Agility|p2a: Butterfly\n|-boost|p2a: Butterfly|spe|2\n|\n|upkeep\n|turn|17\n|j| maximilk\n|\n|t:|1782431028\n|move|p2a: Butterfly|Fiery Wrath|p1a: Zamazenta\n|-resisted|p1a: Zamazenta\n|-damage|p1a: Zamazenta|58/100\n|cant|p1a: Zamazenta|flinch\n|\n|upkeep\n|turn|18\n|\n|t:|1782431033\n|move|p2a: Butterfly|Air Slash|p1a: Zamazenta\n|-supereffective|p1a: Zamazenta\n|-damage|p1a: Zamazenta|0 fnt\n|faint|p1a: Zamazenta\n|\n|upkeep\n|\n|t:|1782431042\n|switch|p1a: Dragonite|Dragonite, F|100/100\n|turn|19\n|\n|t:|1782431050\n|move|p1a: Dragonite|Extreme Speed|p2a: Butterfly\n|-damage|p2a: Butterfly|48/100\n|-ability|p2a: Butterfly|Berserk|boost\n|-boost|p2a: Butterfly|spa|1\n|move|p2a: Butterfly|Fiery Wrath|p1a: Dragonite\n|-damage|p1a: Dragonite|65/100\n|\n|-sideend|p2: tauros3|move: Aurora Veil\n|upkeep\n|turn|20\n|j| Ctannn\n|\n|t:|1782431063\n|move|p2a: Butterfly|Fiery Wrath|p1a: Dragonite\n|-damage|p1a: Dragonite|0 fnt\n|faint|p1a: Dragonite\n|\n|upkeep\n|\n|t:|1782431066\n|switch|p1a: Arboliva|Arboliva, M|11/100\n|turn|21\n|-enditem|p1a: Arboliva|Custap Berry|[eat]\n|-activate|p1a: Arboliva|item: Custap Berry|[consumed]\n|\n|t:|1782431077\n|-terastallize|p1a: Arboliva|Fairy\n|move|p1a: Arboliva|Alluring Voice|p2a: Butterfly\n|-supereffective|p2a: Butterfly\n|-damage|p2a: Butterfly|0 fnt\n|faint|p2a: Butterfly\n|\n|upkeep\n|\n|t:|1782431092\n|switch|p2a: Getchoo|Kyurem|100/100\n|-damage|p2a: Getchoo|76/100|[from] Stealth Rock\n|-ability|p2a: Getchoo|Pressure\n|turn|22\n|\n|t:|1782431105\n|switch|p1a: Iron Crown|Iron Crown|61/100\n|move|p2a: Getchoo|Dragon Dance|p2a: Getchoo\n|-boost|p2a: Getchoo|atk|1\n|-boost|p2a: Getchoo|spe|1\n|\n|upkeep\n|turn|23\n|\n|t:|1782431135\n|move|p2a: Getchoo|Shadow Claw|p1a: Iron Crown\n|-supereffective|p1a: Iron Crown\n|-damage|p1a: Iron Crown|0 fnt\n|faint|p1a: Iron Crown\n|-end|p1a: Iron Crown|Quark Drive|[silent]\n|\n|upkeep\n|\n|t:|1782431144\n|switch|p1a: Hatterene|Hatterene, F|100/100\n|turn|24\n|\n|t:|1782431151\n|switch|p2a: El Scorcho|Ursaluna, M|58/100 brn\n|-damage|p2a: El Scorcho|52/100 brn|[from] Stealth Rock\n|move|p1a: Hatterene|Draining Kiss|p2a: El Scorcho\n|-damage|p2a: El Scorcho|33/100 brn\n|\n|-damage|p2a: El Scorcho|27/100 brn|[from] brn\n|upkeep\n|turn|25\n|\n|t:|1782431159\n|move|p2a: El Scorcho|Facade|p1a: Hatterene\n|-damage|p1a: Hatterene|0 fnt\n|-damage|p2a: El Scorcho|10/100 brn|[from] item: Rocky Helmet|[of] p1a: Hatterene\n|faint|p1a: Hatterene\n|\n|-damage|p2a: El Scorcho|4/100 brn|[from] brn\n|upkeep\n|\n|t:|1782431162\n|switch|p1a: Arboliva|Arboliva, M, tera:Fairy|11/100\n|turn|26\n|\n|t:|1782431168\n|move|p1a: Arboliva|Endure|p1a: Arboliva\n|-singleturn|p1a: Arboliva|move: Endure\n|move|p2a: El Scorcho|Facade|p1a: Arboliva\n|-activate|p1a: Arboliva|move: Endure\n|-damage|p1a: Arboliva|1/100\n|\n|-damage|p2a: El Scorcho|0 fnt|[from] brn\n|faint|p2a: El Scorcho\n|-item|p1a: Arboliva|Custap Berry|[from] ability: Harvest\n|upkeep\n|\n|t:|1782431174\n|switch|p2a: No Other One|Diancie, tera:Ground|39/100\n|-damage|p2a: No Other One|34/100|[from] Stealth Rock\n|turn|27\n|-enditem|p1a: Arboliva|Custap Berry|[eat]\n|-activate|p1a: Arboliva|item: Custap Berry|[consumed]\n|\n|t:|1782431181\n|move|p1a: Arboliva|Energy Ball|p2a: No Other One\n|-supereffective|p2a: No Other One\n|-damage|p2a: No Other One|0 fnt\n|faint|p2a: No Other One\n|\n|upkeep\n|\n|t:|1782431185\n|switch|p2a: Getchoo|Kyurem|76/100\n|-damage|p2a: Getchoo|51/100|[from] Stealth Rock\n|-ability|p2a: Getchoo|Pressure\n|turn|28\n|\n|t:|1782431194\n|move|p1a: Arboliva|Endure|p1a: Arboliva\n|-singleturn|p1a: Arboliva|move: Endure\n|move|p2a: Getchoo|Icicle Spear|p1a: Arboliva\n|-activate|p1a: Arboliva|move: Endure\n|-damage|p1a: Arboliva|1/100\n|-activate|p1a: Arboliva|move: Endure\n|-damage|p1a: Arboliva|1/100\n|-activate|p1a: Arboliva|move: Endure\n|-damage|p1a: Arboliva|1/100\n|-activate|p1a: Arboliva|move: Endure\n|-damage|p1a: Arboliva|1/100\n|-hitcount|p1a: Arboliva|4\n|\n|upkeep\n|turn|29\n|\n|t:|1782431204\n|move|p1a: Arboliva|Endure||[still]\n|-fail|p1a: Arboliva\n|move|p2a: Getchoo|Icicle Spear|p1a: Arboliva\n|-damage|p1a: Arboliva|0 fnt\n|faint|p1a: Arboliva\n|-hitcount|p1: Arboliva|1\n|\n|win|tauros3\n|raw|Klopple's rating: 1789 &rarr; <strong>1766</strong><br />(-23 for losing)\n|raw|tauros3's rating: 1734 &rarr; <strong>1757</strong><br />(+23 for winning)\n|l|☆Klopple\n|player|p1|\n|l|☆tauros3\n|player|p2|\n|j|☆tauros3\n|player|p2|tauros3|swimmer-gen4dp|\n", "uploadtime": 1782431225, "views": 18, "formatid": "gen9ou", "rating": 1757, "private": 0, "password": null}