{"id": "gen9ou-2639215432", "format": "[Gen 9] OU", "players": ["Kanto's Finest", "methiant"], "log": "|j|☆Kanto's Finest\n|j|☆methiant\n|t:|1782435355\n|gametype|singles\n|player|p1|Kanto's Finest|red-masters|1242\n|player|p2|methiant|101|1175\n|gen|9\n|tier|[Gen 9] OU\n|rated|\n|rule|HP Percentage Mod: HP is shown in percentages\n|rule|Endless Battle Clause: Forcing endless battles is banned\n|rule|Species Clause: Limit one of each Pokémon\n|rule|OHKO Clause: OHKO moves are banned\n|rule|Evasion Items Clause: Evasion items are banned\n|rule|Evasion Moves Clause: Evasion moves are banned\n|rule|Evasion Abilities Clause: Evasion abilities are banned\n|rule|Sleep Moves Clause: Sleep-inducing moves are banned\n|clearpoke\n|poke|p1|Dragonite, F|\n|poke|p1|Dugtrio, F|\n|poke|p1|Vaporeon, F|\n|poke|p1|Hitmonlee, M|\n|poke|p1|Clefable, M|\n|poke|p1|Weezing, M|\n|poke|p2|Kyurem|\n|poke|p2|Great Tusk|\n|poke|p2|Darkrai|\n|poke|p2|Dragapult, M|\n|poke|p2|Dragonite, F|\n|poke|p2|Landorus-Therian, M|\n|teampreview\n|\n|t:|1782435366\n|teamsize|p1|6\n|teamsize|p2|6\n|start\n|switch|p1a: Celadon|Vaporeon, F|100/100\n|switch|p2a: Kyurem|Kyurem|100/100\n|-ability|p2a: Kyurem|Pressure\n|turn|1\n|\n|t:|1782435380\n|move|p1a: Celadon|Protect|p1a: Celadon\n|-singleturn|p1a: Celadon|Protect\n|move|p2a: Kyurem|Substitute|p2a: Kyurem\n|-start|p2a: Kyurem|Substitute\n|-damage|p2a: Kyurem|75/100\n|\n|-heal|p2a: Kyurem|82/100|[from] item: Leftovers\n|upkeep\n|turn|2\n|\n|t:|1782435386\n|move|p2a: Kyurem|Freeze-Dry|p1a: Celadon\n|-supereffective|p1a: Celadon\n|-damage|p1a: Celadon|48/100\n|move|p1a: Celadon|Copycat|p1a: Celadon\n|move|p1a: Celadon|Freeze-Dry|p2a: Kyurem|[from] move: Copycat\n|-activate|p2a: Kyurem|move: Substitute|[damage]\n|\n|-heal|p2a: Kyurem|88/100|[from] item: Leftovers\n|upkeep\n|turn|3\n|\n|t:|1782435396\n|move|p2a: Kyurem|Freeze-Dry|p1a: Celadon\n|-supereffective|p1a: Celadon\n|-damage|p1a: Celadon|0 fnt\n|faint|p1a: Celadon\n|\n|-heal|p2a: Kyurem|94/100|[from] item: Leftovers\n|upkeep\n|\n|t:|1782435411\n|switch|p1a: Clefable|Clefable, M|100/100\n|turn|4\n|\n|t:|1782435416\n|move|p2a: Kyurem|Ice Beam|p1a: Clefable\n|-damage|p1a: Clefable|60/100\n|move|p1a: Clefable|Cosmic Power|p1a: Clefable\n|-boost|p1a: Clefable|def|1\n|-boost|p1a: Clefable|spd|1\n|\n|-heal|p2a: Kyurem|99/100|[from] item: Leftovers\n|upkeep\n|turn|5\n|\n|t:|1782435436\n|switch|p2a: Landorus|Landorus-Therian, M|100/100\n|-ability|p2a: Landorus|Intimidate|boost\n|-unboost|p1a: Clefable|atk|1\n|move|p1a: Clefable|Moonlight|p1a: Clefable\n|-heal|p1a: Clefable|100/100\n|\n|upkeep\n|turn|6\n|\n|t:|1782435440\n|move|p2a: Landorus|Taunt|p1a: Clefable\n|-start|p1a: Clefable|move: Taunt\n|cant|p1a: Clefable|move: Taunt|Cosmic Power\n|\n|upkeep\n|turn|7\n|\n|t:|1782435447\n|move|p2a: Landorus|Stealth Rock|p1a: Clefable\n|-sidestart|p1: Kanto's Finest|move: Stealth Rock\n|move|p1a: Clefable|Fire Blast|p2a: Landorus\n|-crit|p2a: Landorus\n|-damage|p2a: Landorus|55/100\n|\n|-heal|p2a: Landorus|61/100|[from] item: Leftovers\n|upkeep\n|turn|8\n|\n|t:|1782435459\n|move|p2a: Landorus|Earthquake|p1a: Clefable\n|-damage|p1a: Clefable|69/100\n|move|p1a: Clefable|Fire Blast|p2a: Landorus\n|-damage|p2a: Landorus|30/100\n|\n|-heal|p2a: Landorus|36/100|[from] item: Leftovers\n|-end|p1a: Clefable|move: Taunt\n|upkeep\n|turn|9\n|\n|t:|1782435467\n|move|p2a: Landorus|Taunt|p1a: Clefable\n|-start|p1a: Clefable|move: Taunt\n|move|p1a: Clefable|Fire Blast|p2a: Landorus\n|-damage|p2a: Landorus|3/100\n|\n|-heal|p2a: Landorus|10/100|[from] item: Leftovers\n|upkeep\n|turn|10\n|\n|t:|1782435472\n|move|p2a: Landorus|Earthquake|p1a: Clefable\n|-damage|p1a: Clefable|37/100\n|move|p1a: Clefable|Stored Power|p2a: Landorus\n|-damage|p2a: Landorus|0 fnt\n|faint|p2a: Landorus\n|\n|upkeep\n|\n|t:|1782435476\n|switch|p2a: Darkrai|Darkrai|100/100\n|turn|11\n|\n|t:|1782435492\n|-terastallize|p2a: Darkrai|Poison\n|move|p2a: Darkrai|Sludge Bomb|p1a: Clefable\n|-supereffective|p1a: Clefable\n|-damage|p1a: Clefable|0 fnt\n|faint|p1a: Clefable\n|-damage|p2a: Darkrai|91/100|[from] item: Life Orb\n|\n|upkeep\n|\n|t:|1782435503\n|switch|p1a: Weezing|Weezing, M|100/100\n|-ability|p1a: Weezing|Neutralizing Gas\n|-damage|p1a: Weezing|88/100|[from] Stealth Rock\n|turn|12\n|\n|t:|1782435510\n|switch|p2a: Great Tusk|Great Tusk|100/100\n|move|p1a: Weezing|Will-O-Wisp|p2a: Great Tusk\n|-status|p2a: Great Tusk|brn\n|\n|-damage|p2a: Great Tusk|94/100 brn|[from] brn\n|upkeep\n|turn|13\n|\n|t:|1782435518\n|move|p2a: Great Tusk|Earthquake|p1a: Weezing\n|-supereffective|p1a: Weezing\n|-damage|p1a: Weezing|51/100\n|move|p1a: Weezing|Taunt|p2a: Great Tusk\n|-start|p2a: Great Tusk|move: Taunt\n|\n|-damage|p2a: Great Tusk|88/100 brn|[from] brn\n|upkeep\n|turn|14\n|\n|t:|1782435527\n|move|p2a: Great Tusk|Earthquake|p1a: Weezing\n|-supereffective|p1a: Weezing\n|-damage|p1a: Weezing|16/100\n|move|p1a: Weezing|Flamethrower|p2a: Great Tusk\n|-damage|p2a: Great Tusk|59/100 brn\n|\n|-damage|p2a: Great Tusk|53/100 brn|[from] brn\n|upkeep\n|turn|15\n|\n|t:|1782435537\n|-end|p1a: Weezing|ability: Neutralizing Gas\n|switch|p1a: Hitmonlee|Hitmonlee, M|100/100\n|-damage|p1a: Hitmonlee|94/100|[from] Stealth Rock\n|move|p2a: Great Tusk|Earthquake|p1a: Hitmonlee\n|-damage|p1a: Hitmonlee|44/100\n|\n|-damage|p2a: Great Tusk|47/100 brn|[from] brn\n|upkeep\n|turn|16\n|\n|t:|1782435544\n|move|p1a: Hitmonlee|Fake Out|p2a: Great Tusk\n|-enditem|p1a: Hitmonlee|Normal Gem|[from] gem\n|-damage|p2a: Great Tusk|33/100 brn\n|cant|p2a: Great Tusk|flinch\n|\n|-damage|p2a: Great Tusk|27/100 brn|[from] brn\n|-end|p2a: Great Tusk|move: Taunt\n|upkeep\n|turn|17\n|\n|t:|1782435549\n|move|p2a: Great Tusk|Earthquake|p1a: Hitmonlee\n|-damage|p1a: Hitmonlee|0 fnt\n|faint|p1a: Hitmonlee\n|\n|-damage|p2a: Great Tusk|21/100 brn|[from] brn\n|upkeep\n|\n|t:|1782435555\n|switch|p1a: Safari Zone|Dragonite, F|100/100\n|-damage|p1a: Safari Zone|75/100|[from] Stealth Rock\n|turn|18\n|\n|t:|1782435558\n|-end|p2a: Great Tusk|Protosynthesis|[silent]\n|switch|p2a: Dragapult|Dragapult, M|100/100\n|move|p1a: Safari Zone|Dragon Dance|p1a: Safari Zone\n|-boost|p1a: Safari Zone|atk|1\n|-boost|p1a: Safari Zone|spe|1\n|\n|upkeep\n|turn|19\n|\n|t:|1782435562\n|-terastallize|p1a: Safari Zone|Fire\n|move|p1a: Safari Zone|Dragon Dance|p1a: Safari Zone\n|-boost|p1a: Safari Zone|atk|1\n|-boost|p1a: Safari Zone|spe|1\n|move|p2a: Dragapult|Will-O-Wisp|p1a: Safari Zone\n|-immune|p1a: Safari Zone\n|\n|upkeep\n|turn|20\n|\n|t:|1782435570\n|move|p1a: Safari Zone|Encore|p2a: Dragapult\n|-start|p2a: Dragapult|Encore\n|move|p2a: Dragapult|Will-O-Wisp|p1a: Safari Zone\n|-immune|p1a: Safari Zone\n|\n|upkeep\n|turn|21\n|inactive|Battle timer is ON: inactive players will automatically lose when time's up. (requested by Kanto's Finest)\n|\n|t:|1782435586\n|switch|p2a: Great Tusk|Great Tusk|21/100 brn\n|move|p1a: Safari Zone|Dragon Dance|p1a: Safari Zone\n|-boost|p1a: Safari Zone|atk|1\n|-boost|p1a: Safari Zone|spe|1\n|\n|-damage|p2a: Great Tusk|14/100 brn|[from] brn\n|upkeep\n|turn|22\n|\n|t:|1782435594\n|move|p1a: Safari Zone|Fire Punch|p2a: Great Tusk\n|-damage|p2a: Great Tusk|0 fnt\n|faint|p2a: Great Tusk\n|-end|p2a: Great Tusk|Protosynthesis|[silent]\n|\n|upkeep\n|\n|t:|1782435598\n|switch|p2a: Kyurem|Kyurem|99/100\n|-ability|p2a: Kyurem|Pressure\n|turn|23\n|\n|t:|1782435605\n|move|p1a: Safari Zone|Fire Punch|p2a: Kyurem\n|-damage|p2a: Kyurem|0 fnt\n|faint|p2a: Kyurem\n|\n|upkeep\n|\n|t:|1782435611\n|switch|p2a: Dragonite|Dragonite, F|100/100\n|turn|24\n|\n|t:|1782435614\n|move|p2a: Dragonite|Extreme Speed|p1a: Safari Zone\n|-damage|p1a: Safari Zone|28/100\n|move|p1a: Safari Zone|Scale Shot|p2a: Dragonite\n|-supereffective|p2a: Dragonite\n|-damage|p2a: Dragonite|17/100\n|-supereffective|p2a: Dragonite\n|-damage|p2a: Dragonite|0 fnt\n|faint|p2a: Dragonite\n|-hitcount|p2: Dragonite|2\n|-unboost|p1a: Safari Zone|def|1\n|-boost|p1a: Safari Zone|spe|1\n|\n|upkeep\n|\n|t:|1782435618\n|switch|p2a: Dragapult|Dragapult, M|100/100\n|turn|25\n|\n|t:|1782435621\n|move|p1a: Safari Zone|Scale Shot|p2a: Dragapult\n|-supereffective|p2a: Dragapult\n|-damage|p2a: Dragapult|21/100\n|-supereffective|p2a: Dragapult\n|-damage|p2a: Dragapult|0 fnt\n|faint|p2a: Dragapult\n|-hitcount|p2: Dragapult|2\n|-unboost|p1a: Safari Zone|def|1\n|-boost|p1a: Safari Zone|spe|1\n|\n|upkeep\n|\n|t:|1782435625\n|switch|p2a: Darkrai|Darkrai, tera:Poison|91/100\n|turn|26\n|\n|t:|1782435629\n|move|p1a: Safari Zone|Fire Punch|p2a: Darkrai\n|-damage|p2a: Darkrai|0 fnt\n|faint|p2a: Darkrai\n|\n|win|Kanto's Finest\n|raw|Kanto&apos;s Finest's rating: 1242 &rarr; <strong>1262</strong><br />(+20 for winning)\n|raw|methiant's rating: 1175 &rarr; <strong>1155</strong><br />(-20 for losing)\n|l|☆methiant\n|player|p2|\n|l|☆Kanto's Finest\n|player|p1|\n", "uploadtime": 1782435955, "views": 4, "formatid": "gen9ou", "rating": 1155, "private": 0, "password": null}