{"id": "gen9ou-2640028735", "format": "[Gen 9] OU", "players": ["Kvnshasa", "mataash1ta"], "log": "|badge|p2|bronze|gen9ou|100-9\n|html|<div class=\"broadcast-red\"><strong>This battle is required to be public due to one or more player having a season medal.</strong><br />During the public phase, you can discuss the state of the ladder <a href=\"/seasondiscussion\">in a special chatroom.</a></div>\n|uhtml|medal-msg|<div class=\"broadcast-blue\">Curious what those medals under the avatar are? PS now has Ladder Seasons! For more information, check out the <a href=\"https://www.smogon.com/forums/threads/3740067/\">thread on Smogon.</a></div>\n|raw|<div class=\"broadcast-blue\"><strong>This battle is required to be public due to a player having a name starting with 'medal'.</div>\n|j|☆Kvnshasa\n|j|☆mataash1ta\n|t:|1782566473\n|gametype|singles\n|player|p1|Kvnshasa|policeman-gen4|1744\n|player|p2|mataash1ta|gardenia|1796\n|gen|9\n|tier|[Gen 9] OU\n|rated|\n|rule|HP Percentage Mod: HP is shown in percentages\n|rule|Endless Battle Clause: Forcing endless battles is banned\n|rule|Species Clause: Limit one of each Pokémon\n|rule|OHKO Clause: OHKO moves are banned\n|rule|Evasion Items Clause: Evasion items are banned\n|rule|Evasion Moves Clause: Evasion moves are banned\n|rule|Evasion Abilities Clause: Evasion abilities are banned\n|rule|Sleep Moves Clause: Sleep-inducing moves are banned\n|clearpoke\n|poke|p1|Ting-Lu|\n|poke|p1|Moltres|\n|poke|p1|Weezing-Galar, F|\n|poke|p1|Alomomola, M|\n|poke|p1|Gholdengo|\n|poke|p1|Meowscarada, M|\n|poke|p2|Lokix, M|\n|poke|p2|Kyurem|\n|poke|p2|Slowking, F|\n|poke|p2|Weezing-Galar, F|\n|poke|p2|Ting-Lu|\n|poke|p2|Corviknight, M|\n|teampreview\n|inactive|Battle timer is ON: inactive players will automatically lose when time's up. (requested by Kvnshasa)\n|\n|t:|1782566495\n|teamsize|p1|6\n|teamsize|p2|6\n|start\n|switch|p1a: Meowscarada|Meowscarada, M|100/100\n|switch|p2a: Weezing|Weezing-Galar, F, shiny|100/100\n|-ability|p2a: Weezing|Neutralizing Gas\n|turn|1\n|\n|t:|1782566497\n|move|p1a: Meowscarada|U-turn|p2a: Weezing\n|-resisted|p2a: Weezing\n|-damage|p2a: Weezing|94/100\n|\n|t:|1782566501\n|switch|p1a: Gholdengo|Gholdengo|100/100|[from] U-turn\n|move|p2a: Weezing|Will-O-Wisp|p1a: Gholdengo\n|-status|p1a: Gholdengo|brn\n|\n|-damage|p1a: Gholdengo|94/100 brn|[from] brn\n|upkeep\n|turn|2\n|\n|t:|1782566516\n|-end|p2a: Weezing|ability: Neutralizing Gas\n|switch|p2a: Ting-Lu|Ting-Lu|100/100\n|-ability|p2a: Ting-Lu|Vessel of Ruin\n|move|p1a: Gholdengo|Trick|p2a: Ting-Lu\n|-activate|p1a: Gholdengo|move: Trick|[of] p2a: Ting-Lu\n|-item|p2a: Ting-Lu|Choice Scarf|[from] move: Trick\n|-item|p1a: Gholdengo|Leftovers|[from] move: Trick\n|\n|-heal|p1a: Gholdengo|100/100 brn|[from] item: Leftovers\n|-damage|p1a: Gholdengo|94/100 brn|[from] brn\n|upkeep\n|turn|3\n|\n|t:|1782566523\n|switch|p1a: Weezing|Weezing-Galar, F|100/100\n|-ability|p1a: Weezing|Neutralizing Gas\n|switch|p2a: Slowking|Slowking, F, shiny|100/100\n|\n|upkeep\n|turn|4\n|\n|t:|1782566528\n|-end|p1a: Weezing|ability: Neutralizing Gas\n|switch|p1a: Alomomola|Alomomola, M|100/100\n|move|p2a: Slowking|Future Sight|p1a: Alomomola\n|-start|p2a: Slowking|move: Future Sight\n|\n|upkeep\n|turn|5\n|j| Garden of Dreams\n|\n|t:|1782566537\n|move|p1a: Alomomola|Wish|p1a: Alomomola\n|-prepare|p2a: Slowking|Chilly Reception|[premajor]\n|move|p2a: Slowking|Chilly Reception|p2a: Slowking\n|-weather|Snowscape\n|\n|t:|1782566544\n|switch|p2a: Kyurem|Kyurem, shiny|100/100|[from] Chilly Reception\n|-ability|p2a: Kyurem|Pressure\n|\n|-weather|Snowscape|[upkeep]\n|upkeep\n|turn|6\n|\n|t:|1782566549\n|move|p1a: Alomomola|Protect|p1a: Alomomola\n|-singleturn|p1a: Alomomola|Protect\n|move|p2a: Kyurem|Freeze-Dry|p1a: Alomomola\n|-activate|p1a: Alomomola|move: Protect\n|\n|-weather|Snowscape|[upkeep]\n|-end|p1a: Alomomola|move: Future Sight\n|-damage|p1a: Alomomola|66/100\n|-heal|p1a: Alomomola|100/100|[from] move: Wish|[wisher] Alomomola\n|upkeep\n|turn|7\n|inactive|Kvnshasa has 120 seconds left.\n|\n|t:|1782566587\n|-terastallize|p1a: Alomomola|Ghost\n|move|p2a: Kyurem|Freeze-Dry|p1a: Alomomola\n|-damage|p1a: Alomomola|54/100\n|move|p1a: Alomomola|Mirror Coat|p2a: Kyurem\n|-damage|p2a: Kyurem|0 fnt\n|faint|p2a: Kyurem\n|\n|-weather|Snowscape|[upkeep]\n|upkeep\n|\n|t:|1782566602\n|switch|p2a: Lokix|Lokix, M|100/100\n|turn|8\n|\n|t:|1782566607\n|move|p1a: Alomomola|Protect|p1a: Alomomola\n|-singleturn|p1a: Alomomola|Protect\n|move|p2a: Lokix|Knock Off|p1a: Alomomola\n|-activate|p1a: Alomomola|move: Protect\n|\n|-weather|Snowscape|[upkeep]\n|upkeep\n|turn|9\n|\n|t:|1782566615\n|switch|p2a: Slowking|Slowking, F, shiny|100/100\n|switch|p1a: Moltres|Moltres|100/100\n|\n|-weather|none\n|upkeep\n|turn|10\n|\n|t:|1782566618\n|move|p1a: Moltres|U-turn|p2a: Slowking\n|-supereffective|p2a: Slowking\n|-damage|p2a: Slowking|70/100\n|\n|t:|1782566622\n|switch|p1a: Meowscarada|Meowscarada, M|100/100|[from] U-turn\n|move|p2a: Slowking|Future Sight|p1a: Meowscarada\n|-start|p2a: Slowking|move: Future Sight\n|\n|upkeep\n|turn|11\n|\n|t:|1782566628\n|switch|p2a: Corviknight|Corviknight, M|100/100\n|-ability|p2a: Corviknight|Pressure\n|move|p1a: Meowscarada|Knock Off|p2a: Corviknight\n|-start|p1a: Meowscarada|typechange|Dark|[from] ability: Protean\n|-damage|p2a: Corviknight|57/100\n|-damage|p1a: Meowscarada|84/100|[from] item: Rocky Helmet|[of] p2a: Corviknight\n|-enditem|p2a: Corviknight|Rocky Helmet|[from] move: Knock Off|[of] p1a: Meowscarada\n|\n|upkeep\n|turn|12\n|\n|t:|1782566638\n|switch|p1a: Alomomola|Alomomola, M, tera:Ghost|87/100\n|move|p2a: Corviknight|U-turn|p1a: Alomomola\n|-resisted|p1a: Alomomola\n|-damage|p1a: Alomomola|83/100\n|\n|t:|1782566646\n|switch|p2a: Lokix|Lokix, M|100/100|[from] U-turn\n|\n|-end|p1a: Alomomola|move: Future Sight\n|-damage|p1a: Alomomola|45/100\n|upkeep\n|turn|13\n|\n|t:|1782566649\n|move|p1a: Alomomola|Protect|p1a: Alomomola\n|-singleturn|p1a: Alomomola|Protect\n|move|p2a: Lokix|Knock Off|p1a: Alomomola\n|-activate|p1a: Alomomola|move: Protect\n|\n|upkeep\n|turn|14\n|\n|t:|1782566651\n|switch|p1a: Weezing|Weezing-Galar, F|100/100\n|-ability|p1a: Weezing|Neutralizing Gas\n|move|p2a: Lokix|Knock Off|p1a: Weezing\n|-resisted|p1a: Weezing\n|-damage|p1a: Weezing|80/100\n|-enditem|p1a: Weezing|Heavy-Duty Boots|[from] move: Knock Off|[of] p2a: Lokix\n|\n|upkeep\n|turn|15\n|-message|mataash1ta forfeited.\n|\n|win|Kvnshasa\n|raw|Kvnshasa's rating: 1744 &rarr; <strong>1767</strong><br />(+23 for winning)\n|raw|mataash1ta's rating: 1796 &rarr; <strong>1773</strong><br />(-23 for losing)\n|l|☆mataash1ta\n|player|p2|\n|l|☆Kvnshasa\n|player|p1|\n|l| Garden of Dreams\n", "uploadtime": 1782566897, "views": 3, "formatid": "gen9ou", "rating": 1767, "private": 0, "password": null}