{"id": "gen9ou-2647701629", "format": "[Gen 9] OU", "players": ["Enderian67", "elbozolord"], "log": "|j|☆Enderian67\n|j|☆elbozolord\n|t:|1783798598\n|gametype|singles\n|player|p1|Enderian67|lida|\n|player|p2|elbozolord|pokemaniac|\n|gen|9\n|tier|[Gen 9] OU\n|rule|HP Percentage Mod: HP is shown in percentages\n|rule|Endless Battle Clause: Forcing endless battles is banned\n|rule|Species Clause: Limit one of each Pokémon\n|rule|OHKO Clause: OHKO moves are banned\n|rule|Evasion Items Clause: Evasion items are banned\n|rule|Evasion Moves Clause: Evasion moves are banned\n|rule|Evasion Abilities Clause: Evasion abilities are banned\n|rule|Sleep Moves Clause: Sleep-inducing moves are banned\n|clearpoke\n|poke|p1|Zapdos|\n|poke|p1|Great Tusk|\n|poke|p1|Gholdengo|\n|poke|p1|Kingambit, M|\n|poke|p1|Dragapult, M|\n|poke|p1|Rillaboom, F|\n|poke|p2|Iron Treads|\n|poke|p2|Pelipper, F|\n|poke|p2|Dondozo, F|\n|poke|p2|Overqwil, F|\n|poke|p2|Enamorus, F|\n|poke|p2|Raging Bolt|\n|teampreview\n|c|☆Enderian67|zapdos free\n|\n|t:|1783798614\n|teamsize|p1|6\n|teamsize|p2|6\n|start\n|switch|p1a: Zapdos|Zapdos|100/100\n|switch|p2a: SheQuarkTil'IDrive|Iron Treads|100/100\n|-ability|p1a: Zapdos|Pressure\n|-enditem|p2a: SheQuarkTil'IDrive|Booster Energy\n|-activate|p2a: SheQuarkTil'IDrive|ability: Quark Drive|[fromitem]\n|-start|p2a: SheQuarkTil'IDrive|quarkdrivespe\n|turn|1\n|c|☆Enderian67|or am I js tricking you\n|\n|t:|1783798621\n|move|p2a: SheQuarkTil'IDrive|Stealth Rock|p1a: Zapdos\n|-sidestart|p1: Enderian67|move: Stealth Rock\n|move|p1a: Zapdos|Heat Wave|p2a: SheQuarkTil'IDrive\n|-supereffective|p2a: SheQuarkTil'IDrive\n|-damage|p2a: SheQuarkTil'IDrive|0 fnt\n|faint|p2a: SheQuarkTil'IDrive\n|-end|p2a: SheQuarkTil'IDrive|Quark Drive|[silent]\n|\n|upkeep\n|c|☆Enderian67|DIE\n|\n|t:|1783798635\n|switch|p2a: GRaf|Raging Bolt|100/100\n|-enditem|p2a: GRaf|Booster Energy\n|-activate|p2a: GRaf|ability: Protosynthesis|[fromitem]\n|-start|p2a: GRaf|protosynthesisspa\n|turn|2\n|\n|t:|1783798641\n|switch|p1a: Great Tusk|Great Tusk|100/100\n|-damage|p1a: Great Tusk|98/100|[from] Stealth Rock\n|move|p2a: GRaf|Dragon Pulse|p1a: Great Tusk\n|-damage|p1a: Great Tusk|8/100\n|\n|-heal|p1a: Great Tusk|14/100|[from] item: Leftovers\n|upkeep\n|turn|3\n|\n|t:|1783798654\n|-end|p2a: GRaf|Protosynthesis|[silent]\n|switch|p2a: RainRainRainSahur|Pelipper, F, shiny|100/100\n|-weather|RainDance|[from] ability: Drizzle|[of] p2a: RainRainRainSahur\n|move|p1a: Great Tusk|Rapid Spin|p2a: RainRainRainSahur\n|-damage|p2a: RainRainRainSahur|89/100\n|-boost|p1a: Great Tusk|spe|1\n|-sideend|p1: Enderian67|Stealth Rock|[from] move: Rapid Spin|[of] p1a: Great Tusk\n|\n|-weather|RainDance|[upkeep]\n|-heal|p1a: Great Tusk|21/100|[from] item: Leftovers\n|upkeep\n|turn|4\n|\n|t:|1783798667\n|move|p1a: Great Tusk|Knock Off|p2a: RainRainRainSahur\n|-damage|p2a: RainRainRainSahur|68/100\n|-enditem|p2a: RainRainRainSahur|Damp Rock|[from] move: Knock Off|[of] p1a: Great Tusk\n|move|p2a: RainRainRainSahur|Hurricane|p1a: Great Tusk\n|-supereffective|p1a: Great Tusk\n|-damage|p1a: Great Tusk|0 fnt\n|faint|p1a: Great Tusk\n|-end|p1a: Great Tusk|Protosynthesis|[silent]\n|\n|-weather|RainDance|[upkeep]\n|upkeep\n|\n|t:|1783798675\n|switch|p1a: Zapdos|Zapdos|100/100\n|-ability|p1a: Zapdos|Pressure\n|turn|5\n|\n|t:|1783798681\n|switch|p2a: GRaf|Raging Bolt|100/100\n|move|p1a: Zapdos|Volt Switch|p2a: GRaf\n|-resisted|p2a: GRaf\n|-damage|p2a: GRaf|88/100\n|\n|t:|1783798689\n|switch|p1a: Dragapult|Dragapult, M|100/100|[from] Volt Switch\n|\n|-weather|RainDance|[upkeep]\n|upkeep\n|turn|6\n|\n|t:|1783798696\n|-terastallize|p2a: GRaf|Fairy\n|move|p1a: Dragapult|Draco Meteor|p2a: GRaf\n|-immune|p2a: GRaf\n|move|p2a: GRaf|Dragon Pulse|p1a: Dragapult\n|-supereffective|p1a: Dragapult\n|-damage|p1a: Dragapult|0 fnt\n|faint|p1a: Dragapult\n|\n|-weather|RainDance|[upkeep]\n|upkeep\n|\n|t:|1783798698\n|switch|p1a: Kingambit|Kingambit, M|100/100\n|-activate|p1a: Kingambit|ability: Supreme Overlord\n|-start|p1a: Kingambit|fallen2|[silent]\n|turn|7\n|\n|t:|1783798705\n|-end|p2a: GRaf|Protosynthesis|[silent]\n|switch|p2a: Big Bozo|Dondozo, F, shiny|100/100\n|move|p1a: Kingambit|Iron Head|p2a: Big Bozo\n|-resisted|p2a: Big Bozo\n|-damage|p2a: Big Bozo|82/100\n|\n|-weather|RainDance|[upkeep]\n|upkeep\n|turn|8\n|\n|t:|1783798711\n|-end|p1a: Kingambit|fallen2|[silent]\n|switch|p1a: Rillaboom|Rillaboom, F|100/100\n|-fieldstart|move: Grassy Terrain|[from] ability: Grassy Surge|[of] p1a: Rillaboom\n|move|p2a: Big Bozo|Wave Crash|p1a: Rillaboom\n|-resisted|p1a: Rillaboom\n|-damage|p1a: Rillaboom|42/100\n|-damage|p2a: Big Bozo|64/100|[from] Recoil\n|\n|-weather|RainDance|[upkeep]\n|-heal|p1a: Rillaboom|48/100|[from] Grassy Terrain\n|-heal|p2a: Big Bozo|70/100|[from] Grassy Terrain\n|upkeep\n|turn|9\n|\n|t:|1783798723\n|switch|p2a: Zayrandes|Overqwil, F|100/100\n|move|p1a: Rillaboom|Grassy Glide|p2a: Zayrandes\n|-resisted|p2a: Zayrandes\n|-damage|p2a: Zayrandes|76/100\n|\n|-weather|RainDance|[upkeep]\n|-heal|p2a: Zayrandes|82/100|[from] Grassy Terrain\n|-heal|p1a: Rillaboom|54/100|[from] Grassy Terrain\n|upkeep\n|turn|10\n|\n|t:|1783798734\n|switch|p1a: Kingambit|Kingambit, M|100/100\n|-activate|p1a: Kingambit|ability: Supreme Overlord\n|-start|p1a: Kingambit|fallen2|[silent]\n|move|p2a: Zayrandes|Gunk Shot|p1a: Kingambit\n|-immune|p1a: Kingambit\n|\n|-weather|none\n|-heal|p2a: Zayrandes|89/100|[from] Grassy Terrain\n|upkeep\n|turn|11\n|\n|t:|1783798747\n|switch|p2a: Big Bozo|Dondozo, F, shiny|70/100\n|move|p1a: Kingambit|Low Sweep|p2a: Big Bozo\n|-damage|p2a: Big Bozo|49/100\n|-unboost|p2a: Big Bozo|spe|1\n|\n|-heal|p2a: Big Bozo|55/100|[from] Grassy Terrain\n|upkeep\n|turn|12\n|\n|t:|1783798759\n|move|p1a: Kingambit|Sucker Punch|p2a: Big Bozo\n|-damage|p2a: Big Bozo|16/100\n|move|p2a: Big Bozo|Earthquake|p1a: Kingambit\n|-supereffective|p1a: Kingambit\n|-damage|p1a: Kingambit|67/100\n|\n|-heal|p1a: Kingambit|74/100|[from] Grassy Terrain\n|-heal|p2a: Big Bozo|23/100|[from] Grassy Terrain\n|-fieldend|move: Grassy Terrain\n|upkeep\n|turn|13\n|\n|t:|1783798773\n|-end|p1a: Kingambit|fallen2|[silent]\n|switch|p1a: Rillaboom|Rillaboom, F|54/100\n|-fieldstart|move: Grassy Terrain|[from] ability: Grassy Surge|[of] p1a: Rillaboom\n|switch|p2a: RainRainRainSahur|Pelipper, F, shiny|68/100\n|-weather|RainDance|[from] ability: Drizzle|[of] p2a: RainRainRainSahur\n|\n|-weather|RainDance|[upkeep]\n|-heal|p1a: Rillaboom|60/100|[from] Grassy Terrain\n|upkeep\n|turn|14\n|\n|t:|1783798787\n|switch|p1a: Gholdengo|Gholdengo|100/100\n|-item|p1a: Gholdengo|Air Balloon\n|switch|p2a: Zayrandes|Overqwil, F|89/100\n|\n|-weather|RainDance|[upkeep]\n|-heal|p2a: Zayrandes|95/100|[from] Grassy Terrain\n|upkeep\n|turn|15\n|\n|t:|1783798797\n|-terastallize|p1a: Gholdengo|Steel\n|move|p2a: Zayrandes|Waterfall|p1a: Gholdengo\n|-damage|p1a: Gholdengo|34/100\n|-enditem|p1a: Gholdengo|Air Balloon\n|-damage|p2a: Zayrandes|85/100|[from] item: Life Orb\n|move|p1a: Gholdengo|Make It Rain|p2a: Zayrandes\n|-damage|p2a: Zayrandes|0 fnt\n|-unboost|p1a: Gholdengo|spa|1\n|faint|p2a: Zayrandes\n|\n|-weather|RainDance|[upkeep]\n|-heal|p1a: Gholdengo|40/100|[from] Grassy Terrain\n|upkeep\n|\n|t:|1783798809\n|switch|p2a: GRaf|Raging Bolt, tera:Fairy|88/100\n|turn|16\n|\n|t:|1783798822\n|switch|p1a: Rillaboom|Rillaboom, F|60/100\n|move|p2a: GRaf|Thunder|p1a: Rillaboom\n|-resisted|p1a: Rillaboom\n|-damage|p1a: Rillaboom|33/100\n|\n|-weather|RainDance|[upkeep]\n|-heal|p2a: GRaf|94/100|[from] Grassy Terrain\n|-heal|p1a: Rillaboom|40/100|[from] Grassy Terrain\n|upkeep\n|turn|17\n|\n|t:|1783798836\n|-end|p2a: GRaf|Protosynthesis|[silent]\n|switch|p2a: GreatestPlan|Enamorus, F|100/100\n|move|p1a: Rillaboom|Grassy Glide|p2a: GreatestPlan\n|-resisted|p2a: GreatestPlan\n|-damage|p2a: GreatestPlan|70/100\n|\n|-weather|none\n|-heal|p1a: Rillaboom|46/100|[from] Grassy Terrain\n|-fieldend|move: Grassy Terrain\n|upkeep\n|turn|18\n|\n|t:|1783798844\n|move|p2a: GreatestPlan|Moonblast|p1a: Rillaboom\n|-damage|p1a: Rillaboom|5/100\n|-unboost|p1a: Rillaboom|spa|1\n|move|p1a: Rillaboom|Knock Off|p2a: GreatestPlan\n|-resisted|p2a: GreatestPlan\n|-damage|p2a: GreatestPlan|42/100\n|-enditem|p2a: GreatestPlan|Choice Scarf|[from] move: Knock Off|[of] p1a: Rillaboom\n|\n|upkeep\n|turn|19\n|\n|t:|1783798854\n|move|p2a: GreatestPlan|Moonblast|p1a: Rillaboom\n|-damage|p1a: Rillaboom|0 fnt\n|faint|p1a: Rillaboom\n|\n|upkeep\n|\n|t:|1783798859\n|switch|p1a: Zapdos|Zapdos|100/100\n|-ability|p1a: Zapdos|Pressure\n|turn|20\n|\n|t:|1783798867\n|move|p1a: Zapdos|Volt Switch|p2a: GreatestPlan\n|-supereffective|p2a: GreatestPlan\n|-damage|p2a: GreatestPlan|0 fnt\n|faint|p2a: GreatestPlan\n|\n|t:|1783798876\n|switch|p1a: Gholdengo|Gholdengo, tera:Steel|40/100|[from] Volt Switch\n|\n|upkeep\n|\n|t:|1783798881\n|switch|p2a: Big Bozo|Dondozo, F, shiny|23/100\n|turn|21\n|\n|t:|1783798886\n|move|p1a: Gholdengo|Shadow Ball|p2a: Big Bozo\n|-damage|p2a: Big Bozo|0 fnt\n|faint|p2a: Big Bozo\n|\n|upkeep\n|\n|t:|1783798889\n|switch|p2a: RainRainRainSahur|Pelipper, F, shiny|68/100\n|-weather|RainDance|[from] ability: Drizzle|[of] p2a: RainRainRainSahur\n|turn|22\n|\n|t:|1783798898\n|move|p1a: Gholdengo|Shadow Ball|p2a: RainRainRainSahur\n|-damage|p2a: RainRainRainSahur|13/100\n|move|p2a: RainRainRainSahur|Weather Ball|p1a: Gholdengo\n|-damage|p1a: Gholdengo|0 fnt\n|faint|p1a: Gholdengo\n|\n|-weather|RainDance|[upkeep]\n|upkeep\n|\n|t:|1783798902\n|switch|p1a: Zapdos|Zapdos|100/100\n|-ability|p1a: Zapdos|Pressure\n|turn|23\n|\n|t:|1783798906\n|move|p1a: Zapdos|Hurricane|p2a: RainRainRainSahur\n|-damage|p2a: RainRainRainSahur|0 fnt\n|faint|p2a: RainRainRainSahur\n|\n|-weather|RainDance|[upkeep]\n|upkeep\n|\n|t:|1783798909\n|switch|p2a: GRaf|Raging Bolt, tera:Fairy|94/100\n|turn|24\n|\n|t:|1783798912\n|move|p1a: Zapdos|Hurricane|p2a: GRaf\n|-crit|p2a: GRaf\n|-damage|p2a: GRaf|0 fnt\n|faint|p2a: GRaf\n|-end|p2a: GRaf|Protosynthesis|[silent]\n|\n|win|Enderian67\n|c|☆elbozolord|gg\n|c|☆Enderian67|ggs wo\n|c|☆Enderian67|*wp\n", "uploadtime": 1783798917, "views": 16, "formatid": "gen9ou", "rating": null, "private": 0, "password": null}