{"id": "gen9ou-2639240624", "format": "[Gen 9] OU", "players": ["dangtran1111", "HandBasketCase"], "log": "|j|☆dangtran1111\n|j|☆HandBasketCase\n|t:|1782439039\n|gametype|singles\n|player|p1|dangtran1111|1|1120\n|player|p2|HandBasketCase|gentleman-gen4|1045\n|gen|9\n|tier|[Gen 9] OU\n|rated|\n|rule|HP Percentage Mod: HP is shown in percentages\n|rule|Endless Battle Clause: Forcing endless battles is banned\n|rule|Species Clause: Limit one of each Pokémon\n|rule|OHKO Clause: OHKO moves are banned\n|rule|Evasion Items Clause: Evasion items are banned\n|rule|Evasion Moves Clause: Evasion moves are banned\n|rule|Evasion Abilities Clause: Evasion abilities are banned\n|rule|Sleep Moves Clause: Sleep-inducing moves are banned\n|clearpoke\n|poke|p1|Ribombee, F|\n|poke|p1|Darkrai|\n|poke|p1|Landorus-Therian, M|\n|poke|p1|Great Tusk|\n|poke|p1|Clefable, M|\n|poke|p1|Kyurem|\n|poke|p2|Gliscor, F|\n|poke|p2|Gholdengo|\n|poke|p2|Dragonite, M|\n|poke|p2|Ting-Lu|\n|poke|p2|Altaria, M|\n|poke|p2|Zamazenta-*|\n|teampreview\n|inactive|Battle timer is ON: inactive players will automatically lose when time's up. (requested by HandBasketCase)\n|\n|t:|1782439053\n|teamsize|p1|6\n|teamsize|p2|6\n|start\n|switch|p1a: Ribombee|Ribombee, F, shiny|100/100\n|switch|p2a: Gliscor|Gliscor, F|100/100\n|turn|1\n|\n|t:|1782439066\n|move|p1a: Ribombee|Switcheroo|p2a: Gliscor\n|-activate|p1a: Ribombee|move: Trick|[of] p2a: Gliscor\n|-item|p2a: Gliscor|Choice Scarf|[from] move: Switcheroo\n|-item|p1a: Ribombee|Toxic Orb|[from] move: Switcheroo\n|move|p2a: Gliscor|Spikes|p1a: Ribombee\n|-sidestart|p1: dangtran1111|Spikes\n|\n|-status|p1a: Ribombee|tox|[from] item: Toxic Orb\n|upkeep\n|turn|2\n|\n|t:|1782439083\n|move|p1a: Ribombee|Stun Spore|p2a: Gliscor\n|-status|p2a: Gliscor|par\n|cant|p2a: Gliscor|par\n|\n|-damage|p1a: Ribombee|94/100 tox|[from] psn\n|upkeep\n|turn|3\n|\n|t:|1782439091\n|move|p1a: Ribombee|Sticky Web|p2a: Gliscor\n|-sidestart|p2: HandBasketCase|move: Sticky Web\n|move|p2a: Gliscor|Spikes|p1a: Ribombee\n|-sidestart|p1: dangtran1111|Spikes\n|\n|-damage|p1a: Ribombee|82/100 tox|[from] psn\n|upkeep\n|turn|4\n|\n|t:|1782439104\n|switch|p2a: Gholdengo|Gholdengo|100/100\n|-activate|p2a: Gholdengo|move: Sticky Web\n|-unboost|p2a: Gholdengo|spe|1\n|move|p1a: Ribombee|Moonblast|p2a: Gholdengo\n|-resisted|p2a: Gholdengo\n|-damage|p2a: Gholdengo|77/100\n|\n|-damage|p1a: Ribombee|64/100 tox|[from] psn\n|upkeep\n|turn|5\n|\n|t:|1782439113\n|switch|p2a: Gliscor|Gliscor, F|100/100 par\n|move|p1a: Ribombee|Switcheroo|p2a: Gliscor\n|-activate|p1a: Ribombee|move: Trick|[of] p2a: Gliscor\n|-item|p2a: Gliscor|Toxic Orb|[from] move: Switcheroo\n|-item|p1a: Ribombee|Choice Scarf|[from] move: Switcheroo\n|\n|-damage|p1a: Ribombee|39/100 tox|[from] psn\n|upkeep\n|turn|6\n|\n|t:|1782439126\n|switch|p1a: Great Tusk|Great Tusk|100/100\n|switch|p2a: Gholdengo|Gholdengo|77/100\n|-activate|p2a: Gholdengo|move: Sticky Web\n|-unboost|p2a: Gholdengo|spe|1\n|\n|upkeep\n|turn|7\n|\n|t:|1782439137\n|switch|p2a: Altaria|Altaria, M|100/100\n|-ability|p2a: Altaria|Cloud Nine\n|move|p1a: Great Tusk|Earthquake|p2a: Altaria\n|-immune|p2a: Altaria\n|\n|upkeep\n|turn|8\n|\n|t:|1782439149\n|-terastallize|p2a: Altaria|Fairy\n|move|p1a: Great Tusk|Ice Spinner|p2a: Altaria\n|-damage|p2a: Altaria|73/100\n|move|p2a: Altaria|Dragon Dance|p2a: Altaria\n|-boost|p2a: Altaria|atk|1\n|-boost|p2a: Altaria|spe|1\n|\n|upkeep\n|turn|9\n|\n|t:|1782439157\n|move|p2a: Altaria|Play Rough|p1a: Great Tusk\n|-supereffective|p1a: Great Tusk\n|-damage|p1a: Great Tusk|16/100\n|-damage|p2a: Altaria|63/100|[from] item: Life Orb\n|move|p1a: Great Tusk|Rapid Spin|p2a: Altaria\n|-damage|p2a: Altaria|45/100\n|-boost|p1a: Great Tusk|spe|1\n|-sideend|p1: dangtran1111|Spikes|[from] move: Rapid Spin|[of] p1a: Great Tusk\n|\n|upkeep\n|turn|10\n|\n|t:|1782439166\n|move|p1a: Great Tusk|Ice Spinner|p2a: Altaria\n|-damage|p2a: Altaria|14/100\n|move|p2a: Altaria|Dragon Dance|p2a: Altaria\n|-boost|p2a: Altaria|atk|1\n|-boost|p2a: Altaria|spe|1\n|\n|upkeep\n|turn|11\n|\n|t:|1782439173\n|move|p2a: Altaria|Dragon Claw|p1a: Great Tusk\n|-damage|p1a: Great Tusk|0 fnt\n|faint|p1a: Great Tusk\n|-end|p1a: Great Tusk|Protosynthesis|[silent]\n|-damage|p2a: Altaria|4/100|[from] item: Life Orb\n|\n|upkeep\n|\n|t:|1782439179\n|switch|p1a: Clefable|Clefable, M, shiny|100/100\n|turn|12\n|\n|t:|1782439184\n|move|p2a: Altaria|Brave Bird|p1a: Clefable\n|-damage|p1a: Clefable|28/100\n|-damage|p2a: Altaria|0 fnt|[from] Recoil\n|faint|p2a: Altaria\n|move|p1a: Clefable|Calm Mind|p1a: Clefable\n|-boost|p1a: Clefable|spa|1\n|-boost|p1a: Clefable|spd|1\n|\n|-heal|p1a: Clefable|34/100|[from] item: Leftovers\n|upkeep\n|\n|t:|1782439199\n|switch|p2a: Gholdengo|Gholdengo|77/100\n|-activate|p2a: Gholdengo|move: Sticky Web\n|-unboost|p2a: Gholdengo|spe|1\n|turn|13\n|\n|t:|1782439209\n|-terastallize|p1a: Clefable|Steel\n|move|p2a: Gholdengo|Make It Rain|p1a: Clefable\n|-resisted|p1a: Clefable\n|-damage|p1a: Clefable|20/100\n|-unboost|p2a: Gholdengo|spa|1\n|move|p1a: Clefable|Moonlight|p1a: Clefable\n|-heal|p1a: Clefable|70/100\n|\n|-heal|p1a: Clefable|76/100|[from] item: Leftovers\n|upkeep\n|turn|14\n|\n|t:|1782439220\n|switch|p2a: Ting-Lu|Ting-Lu|100/100\n|-activate|p2a: Ting-Lu|move: Sticky Web\n|-unboost|p2a: Ting-Lu|spe|1\n|-ability|p2a: Ting-Lu|Vessel of Ruin\n|move|p1a: Clefable|Calm Mind|p1a: Clefable\n|-boost|p1a: Clefable|spa|1\n|-boost|p1a: Clefable|spd|1\n|\n|-heal|p1a: Clefable|82/100|[from] item: Leftovers\n|upkeep\n|turn|15\n|\n|t:|1782439230\n|move|p1a: Clefable|Draining Kiss|p2a: Ting-Lu\n|-supereffective|p2a: Ting-Lu\n|-damage|p2a: Ting-Lu|73/100\n|-heal|p1a: Clefable|100/100|[from] drain|[of] p2a: Ting-Lu\n|move|p2a: Ting-Lu|Whirlwind|p1a: Clefable\n|drag|p1a: Ribombee|Ribombee, F, shiny|39/100 tox\n|\n|-heal|p2a: Ting-Lu|79/100|[from] item: Leftovers\n|-damage|p1a: Ribombee|33/100 tox|[from] psn\n|upkeep\n|turn|16\n|\n|t:|1782439240\n|move|p1a: Ribombee|Switcheroo|p2a: Ting-Lu\n|-activate|p1a: Ribombee|move: Trick|[of] p2a: Ting-Lu\n|-item|p2a: Ting-Lu|Choice Scarf|[from] move: Switcheroo\n|-item|p1a: Ribombee|Leftovers|[from] move: Switcheroo\n|move|p2a: Ting-Lu|Stealth Rock|p1a: Ribombee\n|-sidestart|p1: dangtran1111|move: Stealth Rock\n|\n|-heal|p1a: Ribombee|39/100 tox|[from] item: Leftovers\n|-damage|p1a: Ribombee|27/100 tox|[from] psn\n|upkeep\n|turn|17\n|\n|t:|1782439255\n|switch|p2a: Gliscor|Gliscor, F|100/100 par\n|move|p1a: Ribombee|Stun Spore|p2a: Gliscor|[miss]\n|-miss|p1a: Ribombee|p2a: Gliscor\n|\n|-heal|p1a: Ribombee|33/100 tox|[from] item: Leftovers\n|-damage|p1a: Ribombee|15/100 tox|[from] psn\n|upkeep\n|turn|18\n|\n|t:|1782439267\n|move|p1a: Ribombee|Moonblast|p2a: Gliscor\n|-damage|p2a: Gliscor|52/100 par\n|-unboost|p2a: Gliscor|spa|1\n|move|p2a: Gliscor|Earthquake|p1a: Ribombee\n|-resisted|p1a: Ribombee\n|-damage|p1a: Ribombee|0 fnt\n|faint|p1a: Ribombee\n|\n|upkeep\n|\n|t:|1782439286\n|switch|p1a: Kyurem|Kyurem, shiny|100/100\n|-damage|p1a: Kyurem|76/100|[from] Stealth Rock\n|-ability|p1a: Kyurem|Pressure\n|turn|19\n|\n|t:|1782439293\n|switch|p2a: Gholdengo|Gholdengo|77/100\n|-activate|p2a: Gholdengo|move: Sticky Web\n|-unboost|p2a: Gholdengo|spe|1\n|move|p1a: Kyurem|Ice Beam|p2a: Gholdengo\n|-resisted|p2a: Gholdengo\n|-damage|p2a: Gholdengo|44/100\n|-damage|p1a: Kyurem|66/100|[from] item: Life Orb\n|\n|upkeep\n|turn|20\n|\n|t:|1782439302\n|move|p1a: Kyurem|Earth Power|p2a: Gholdengo\n|-supereffective|p2a: Gholdengo\n|-damage|p2a: Gholdengo|0 fnt\n|faint|p2a: Gholdengo\n|-damage|p1a: Kyurem|56/100|[from] item: Life Orb\n|\n|upkeep\n|\n|t:|1782439307\n|switch|p2a: Zamazenta|Zamazenta|100/100\n|-ability|p2a: Zamazenta|Dauntless Shield|boost\n|-boost|p2a: Zamazenta|def|1\n|turn|21\n|\n|t:|1782439317\n|move|p2a: Zamazenta|Close Combat|p1a: Kyurem\n|-supereffective|p1a: Kyurem\n|-damage|p1a: Kyurem|0 fnt\n|-unboost|p2a: Zamazenta|def|1\n|-unboost|p2a: Zamazenta|spd|1\n|faint|p1a: Kyurem\n|\n|upkeep\n|\n|t:|1782439328\n|switch|p1a: Landorus|Landorus-Therian, M|100/100\n|-ability|p1a: Landorus|Intimidate|boost\n|-unboost|p2a: Zamazenta|atk|1\n|turn|22\n|\n|t:|1782439333\n|move|p2a: Zamazenta|Ice Fang|p1a: Landorus\n|-supereffective|p1a: Landorus\n|-damage|p1a: Landorus|34/100\n|move|p1a: Landorus|Swords Dance|p1a: Landorus\n|-boost|p1a: Landorus|atk|2\n|\n|upkeep\n|turn|23\n|\n|t:|1782439344\n|move|p2a: Zamazenta|Ice Fang|p1a: Landorus\n|-supereffective|p1a: Landorus\n|-damage|p1a: Landorus|0 fnt\n|faint|p1a: Landorus\n|\n|upkeep\n|\n|t:|1782439349\n|switch|p1a: Clefable|Clefable, M, shiny, tera:Steel|100/100\n|-damage|p1a: Clefable|94/100|[from] Stealth Rock\n|turn|24\n|\n|t:|1782439365\n|switch|p2a: Dragonite|Dragonite, M|100/100\n|move|p1a: Clefable|Draining Kiss|p2a: Dragonite\n|-supereffective|p2a: Dragonite\n|-crit|p2a: Dragonite\n|-damage|p2a: Dragonite|76/100\n|-heal|p1a: Clefable|100/100|[from] drain|[of] p2a: Dragonite\n|\n|upkeep\n|turn|25\n|\n|t:|1782439375\n|move|p2a: Dragonite|Earthquake|p1a: Clefable\n|-supereffective|p1a: Clefable\n|-damage|p1a: Clefable|12/100\n|move|p1a: Clefable|Calm Mind|p1a: Clefable\n|-boost|p1a: Clefable|spa|1\n|-boost|p1a: Clefable|spd|1\n|\n|-heal|p1a: Clefable|18/100|[from] item: Leftovers\n|upkeep\n|turn|26\n|-message|dangtran1111 forfeited.\n|\n|win|HandBasketCase\n|raw|dangtran1111's rating: 1120 &rarr; <strong>1090</strong><br />(-30 for losing)\n|raw|HandBasketCase's rating: 1045 &rarr; <strong>1085</strong><br />(+40 for winning)\n|l|☆dangtran1111\n|player|p1|\n|c|☆HandBasketCase|lol\n", "uploadtime": 1782439386, "views": 11, "formatid": "gen9ou", "rating": 1085, "private": 0, "password": null}