{"id": "gen9ou-2647684450", "format": "[Gen 9] OU", "players": ["Big Chill Jr", "Anno_un123"], "log": "|j|☆Big Chill Jr\n|j|☆Anno_un123\n|t:|1783795932\n|gametype|singles\n|player|p1|Big Chill Jr|brycenman|\n|player|p2|Anno_un123|will|\n|gen|9\n|tier|[Gen 9] OU\n|rule|HP Percentage Mod: HP is shown in percentages\n|rule|Endless Battle Clause: Forcing endless battles is banned\n|rule|Species Clause: Limit one of each Pokémon\n|rule|OHKO Clause: OHKO moves are banned\n|rule|Evasion Items Clause: Evasion items are banned\n|rule|Evasion Moves Clause: Evasion moves are banned\n|rule|Evasion Abilities Clause: Evasion abilities are banned\n|rule|Sleep Moves Clause: Sleep-inducing moves are banned\n|clearpoke\n|poke|p1|Minior-Indigo|\n|poke|p1|Skeledirge, F|\n|poke|p1|Weavile, M|\n|poke|p1|Excadrill, F|\n|poke|p1|Slowking, F|\n|poke|p1|Thundurus-Therian, M|\n|poke|p2|Rillaboom, M|\n|poke|p2|Corviknight, M|\n|poke|p2|Gholdengo|\n|poke|p2|Oricorio-Pom-Pom, F|\n|poke|p2|Tinkaton, F|\n|poke|p2|Great Tusk|\n|teampreview\n|inactive|Battle timer is ON: inactive players will automatically lose when time's up. (requested by Anno_un123)\n|inactive|Big Chill Jr has 270 seconds left.\n|\n|t:|1783795985\n|teamsize|p1|6\n|teamsize|p2|6\n|start\n|switch|p1a: Weavile|Weavile, M|100/100\n|switch|p2a: Tinkerbell|Tinkaton, F|100/100\n|-ability|p1a: Weavile|Pressure\n|-ability|p2a: Tinkerbell|Mold Breaker\n|turn|1\n|inactive|Big Chill Jr has 270 seconds left.\n|\n|t:|1783796017\n|switch|p1a: Skeledirge|Skeledirge, F, shiny|100/100\n|move|p2a: Tinkerbell|Gigaton Hammer|p1a: Skeledirge\n|-resisted|p1a: Skeledirge\n|-damage|p1a: Skeledirge|82/100\n|\n|-heal|p1a: Skeledirge|88/100|[from] item: Leftovers\n|upkeep\n|turn|2\n|\n|t:|1783796025\n|move|p2a: Tinkerbell|Knock Off|p1a: Skeledirge\n|-supereffective|p1a: Skeledirge\n|-damage|p1a: Skeledirge|56/100\n|-enditem|p1a: Skeledirge|Leftovers|[from] move: Knock Off|[of] p2a: Tinkerbell\n|move|p1a: Skeledirge|Torch Song|p2a: Tinkerbell\n|-supereffective|p2a: Tinkerbell\n|-damage|p2a: Tinkerbell|45/100\n|-boost|p1a: Skeledirge|spa|1\n|-enditem|p2a: Tinkerbell|Red Card|[of] p1a: Skeledirge\n|drag|p1a: Thundurus|Thundurus-Therian, M|100/100\n|\n|upkeep\n|turn|3\n|inactive|Big Chill Jr has 270 seconds left.\n|\n|t:|1783796041\n|move|p1a: Thundurus|Thunderbolt|p2a: Tinkerbell\n|-damage|p2a: Tinkerbell|0 fnt\n|faint|p2a: Tinkerbell\n|\n|upkeep\n|\n|t:|1783796053\n|switch|p2a: THE GOAT TUSK|Great Tusk|100/100\n|turn|4\n|inactive|Big Chill Jr has 270 seconds left.\n|\n|t:|1783796077\n|switch|p1a: Excadrill|Excadrill, F|100/100\n|move|p2a: THE GOAT TUSK|Ice Spinner|p1a: Excadrill\n|-damage|p1a: Excadrill|61/100\n|\n|upkeep\n|turn|5\n|inactive|Big Chill Jr has 270 seconds left.\n|\n|t:|1783796085\n|switch|p1a: Cyan Heart|Minior-Indigo|100/100\n|-formechange|p1a: Cyan Heart|Minior-Meteor||[from] ability: Shields Down\n|move|p2a: THE GOAT TUSK|Earthquake|p1a: Cyan Heart\n|-immune|p1a: Cyan Heart\n|\n|upkeep\n|turn|6\n|\n|t:|1783796093\n|move|p1a: Cyan Heart|Shell Smash|p1a: Cyan Heart\n|-unboost|p1a: Cyan Heart|def|1\n|-unboost|p1a: Cyan Heart|spd|1\n|-boost|p1a: Cyan Heart|atk|2\n|-boost|p1a: Cyan Heart|spa|2\n|-boost|p1a: Cyan Heart|spe|2\n|-enditem|p1a: Cyan Heart|White Herb\n|-clearnegativeboost|p1a: Cyan Heart|[silent]\n|move|p2a: THE GOAT TUSK|Knock Off|p1a: Cyan Heart\n|-damage|p1a: Cyan Heart|72/100\n|\n|upkeep\n|turn|7\n|\n|t:|1783796118\n|move|p1a: Cyan Heart|Acrobatics|p2a: THE GOAT TUSK\n|-supereffective|p2a: THE GOAT TUSK\n|-damage|p2a: THE GOAT TUSK|23/100\n|move|p2a: THE GOAT TUSK|Ice Spinner|p1a: Cyan Heart\n|-supereffective|p1a: Cyan Heart\n|-damage|p1a: Cyan Heart|0 fnt\n|faint|p1a: Cyan Heart\n|\n|-heal|p2a: THE GOAT TUSK|29/100|[from] item: Leftovers\n|upkeep\n|inactive|Big Chill Jr has 270 seconds left.\n|c|☆Anno_un123|Do not mess with the goat.\n|\n|t:|1783796137\n|switch|p1a: Weavile|Weavile, M|100/100\n|-ability|p1a: Weavile|Pressure\n|turn|8\n|inactive|Anno_un123 has 270 seconds left.\n|\n|t:|1783796161\n|move|p1a: Weavile|Triple Axel|p2a: THE GOAT TUSK\n|-supereffective|p2a: THE GOAT TUSK\n|-damage|p2a: THE GOAT TUSK|20/100\n|-supereffective|p2a: THE GOAT TUSK\n|-damage|p2a: THE GOAT TUSK|0 fnt\n|faint|p2a: THE GOAT TUSK\n|-end|p2a: THE GOAT TUSK|Protosynthesis|[silent]\n|-hitcount|p2: THE GOAT TUSK|2\n|\n|upkeep\n|inactive|Anno_un123 has 270 seconds left.\n|\n|t:|1783796168\n|switch|p2a: Noodles|Gholdengo|100/100\n|turn|9\n|inactive|Big Chill Jr has 270 seconds left.\n|inactive|Anno_un123 has 270 seconds left.\n|\n|t:|1783796204\n|switch|p1a: Skeledirge|Skeledirge, F, shiny|56/100\n|move|p2a: Noodles|Shadow Ball|p1a: Skeledirge\n|-supereffective|p1a: Skeledirge\n|-damage|p1a: Skeledirge|0 fnt\n|faint|p1a: Skeledirge\n|\n|upkeep\n|\n|t:|1783796213\n|switch|p1a: Weavile|Weavile, M|100/100\n|-ability|p1a: Weavile|Pressure\n|turn|10\n|inactive|Anno_un123 has 270 seconds left.\n|\n|t:|1783796219\n|switch|p2a: Birb|Corviknight, M|100/100\n|move|p1a: Weavile|Knock Off|p2a: Birb\n|-damage|p2a: Birb|71/100\n|-damage|p1a: Weavile|84/100|[from] item: Rocky Helmet|[of] p2a: Birb\n|-enditem|p2a: Birb|Rocky Helmet|[from] move: Knock Off|[of] p1a: Weavile\n|\n|upkeep\n|turn|11\n|inactive|Big Chill Jr has 270 seconds left.\n|\n|t:|1783796231\n|switch|p1a: Thundurus|Thundurus-Therian, M|100/100\n|move|p2a: Birb|Body Press|p1a: Thundurus\n|-resisted|p1a: Thundurus\n|-damage|p1a: Thundurus|83/100\n|\n|upkeep\n|turn|12\n|inactive|Big Chill Jr has 270 seconds left.\n|inactive|Anno_un123 has 270 seconds left.\n|\n|t:|1783796247\n|switch|p2a: Big monkey go bang|Rillaboom, M|100/100\n|-fieldstart|move: Grassy Terrain|[from] ability: Grassy Surge|[of] p2a: Big monkey go bang\n|move|p1a: Thundurus|Thunderbolt|p2a: Big monkey go bang\n|-resisted|p2a: Big monkey go bang\n|-damage|p2a: Big monkey go bang|66/100\n|\n|-heal|p2a: Big monkey go bang|72/100|[from] Grassy Terrain\n|upkeep\n|turn|13\n|inactive|Big Chill Jr has 270 seconds left.\n|inactive|Anno_un123 has 270 seconds left.\n|inactive|Big Chill Jr has 240 seconds left.\n|\n|t:|1783796299\n|-terastallize|p2a: Big monkey go bang|Steel\n|move|p2a: Big monkey go bang|Fake Out|p1a: Thundurus\n|-damage|p1a: Thundurus|58/100\n|cant|p1a: Thundurus|flinch\n|\n|-heal|p2a: Big monkey go bang|79/100|[from] Grassy Terrain\n|upkeep\n|turn|14\n|inactive|Anno_un123 has 270 seconds left.\n|\n|t:|1783796308\n|move|p1a: Thundurus|Thunderbolt|p2a: Big monkey go bang\n|-damage|p2a: Big monkey go bang|8/100\n|move|p2a: Big monkey go bang|Knock Off|p1a: Thundurus\n|-damage|p1a: Thundurus|7/100\n|-enditem|p1a: Thundurus|Choice Specs|[from] move: Knock Off|[of] p2a: Big monkey go bang\n|\n|-heal|p2a: Big monkey go bang|14/100|[from] Grassy Terrain\n|upkeep\n|turn|15\n|inactive|Big Chill Jr has 240 seconds left.\n|\n|t:|1783796331\n|move|p2a: Big monkey go bang|Grassy Glide|p1a: Thundurus\n|-resisted|p1a: Thundurus\n|-damage|p1a: Thundurus|0 fnt\n|faint|p1a: Thundurus\n|\n|-heal|p2a: Big monkey go bang|20/100|[from] Grassy Terrain\n|upkeep\n|\n|t:|1783796339\n|switch|p1a: Excadrill|Excadrill, F|61/100\n|turn|16\n|\n|t:|1783796345\n|move|p2a: Big monkey go bang|Grassy Glide|p1a: Excadrill\n|-damage|p1a: Excadrill|3/100\n|move|p1a: Excadrill|Drill Run|p2a: Big monkey go bang\n|-supereffective|p2a: Big monkey go bang\n|-damage|p2a: Big monkey go bang|0 fnt\n|faint|p2a: Big monkey go bang\n|\n|-heal|p1a: Excadrill|9/100|[from] Grassy Terrain\n|-fieldend|move: Grassy Terrain\n|upkeep\n|\n|t:|1783796356\n|switch|p2a: Lady Larry|Oricorio-Pom-Pom, F|100/100\n|turn|17\n|inactive|Big Chill Jr has 240 seconds left.\n|inactive|Big Chill Jr has 210 seconds left.\n|\n|t:|1783796408\n|switch|p1a: Slowking|Slowking, F|100/100\n|move|p2a: Lady Larry|Icy Wind|p1a: Slowking\n|-resisted|p1a: Slowking\n|-crit|p1a: Slowking\n|-damage|p1a: Slowking|93/100\n|-unboost|p1a: Slowking|spe|1\n|\n|upkeep\n|turn|18\n|\n|t:|1783796430\n|switch|p2a: Birb|Corviknight, M|71/100\n|-terastallize|p1a: Slowking|Steel\n|move|p1a: Slowking|Ice Beam|p2a: Birb\n|-damage|p2a: Birb|45/100\n|\n|upkeep\n|turn|19\n|\n|t:|1783796438\n|move|p2a: Birb|Body Press|p1a: Slowking\n|-supereffective|p1a: Slowking\n|-damage|p1a: Slowking|39/100\n|move|p1a: Slowking|Ice Beam|p2a: Birb\n|-damage|p2a: Birb|19/100\n|-status|p2a: Birb|frz\n|\n|upkeep\n|turn|20\n|\n|t:|1783796448\n|cant|p2a: Birb|frz\n|move|p1a: Slowking|Ice Beam|p2a: Birb\n|-damage|p2a: Birb|0 fnt\n|faint|p2a: Birb\n|\n|upkeep\n|\n|t:|1783796453\n|switch|p2a: Noodles|Gholdengo|100/100\n|turn|21\n|\n|t:|1783796465\n|move|p2a: Noodles|Shadow Ball|p1a: Slowking\n|-damage|p1a: Slowking|5/100\n|move|p1a: Slowking|Scald|p2a: Noodles\n|-damage|p2a: Noodles|58/100\n|-status|p2a: Noodles|brn\n|\n|-damage|p2a: Noodles|52/100 brn|[from] brn\n|upkeep\n|turn|22\n|inactive|Big Chill Jr has 210 seconds left.\n|\n|t:|1783796477\n|move|p2a: Noodles|Shadow Ball|p1a: Slowking\n|-damage|p1a: Slowking|0 fnt\n|faint|p1a: Slowking\n|\n|-damage|p2a: Noodles|46/100 brn|[from] brn\n|upkeep\n|\n|t:|1783796484\n|switch|p1a: Weavile|Weavile, M|84/100\n|-ability|p1a: Weavile|Pressure\n|turn|23\n|\n|t:|1783796491\n|switch|p2a: Lady Larry|Oricorio-Pom-Pom, F|100/100\n|move|p1a: Weavile|Knock Off|p2a: Lady Larry\n|-damage|p2a: Lady Larry|58/100\n|-enditem|p2a: Lady Larry|Heavy-Duty Boots|[from] move: Knock Off|[of] p1a: Weavile\n|\n|upkeep\n|turn|24\n|inactive|Big Chill Jr has 210 seconds left.\n|\n|t:|1783796513\n|move|p1a: Weavile|Knock Off|p2a: Lady Larry\n|-damage|p2a: Lady Larry|29/100\n|move|p2a: Lady Larry|Quiver Dance|p2a: Lady Larry\n|-boost|p2a: Lady Larry|spa|1\n|-boost|p2a: Lady Larry|spd|1\n|-boost|p2a: Lady Larry|spe|1\n|\n|upkeep\n|turn|25\n|inactive|Big Chill Jr has 210 seconds left.\n|\n|t:|1783796519\n|move|p1a: Weavile|Knock Off|p2a: Lady Larry\n|-damage|p2a: Lady Larry|0 fnt\n|faint|p2a: Lady Larry\n|\n|upkeep\n|\n|t:|1783796523\n|switch|p2a: Noodles|Gholdengo|46/100 brn\n|turn|26\n|\n|t:|1783796526\n|move|p1a: Weavile|Knock Off|p2a: Noodles\n|-supereffective|p2a: Noodles\n|-damage|p2a: Noodles|0 fnt\n|-enditem|p2a: Noodles|Choice Scarf|[from] move: Knock Off|[of] p1a: Weavile\n|faint|p2a: Noodles\n|\n|win|Big Chill Jr\n|c|☆Big Chill Jr|gg\n", "uploadtime": 1783796531, "views": 16, "formatid": "gen9ou", "rating": null, "private": 0, "password": null}