{"id": "gen9ou-2639228189", "format": "[Gen 9] OU", "players": ["Moon of Seoul", "ina fable"], "log": "|j|☆Moon of Seoul\n|j|☆ina fable\n|inactive|Battle timer is ON: inactive players will automatically lose when time's up.\n|t:|1782437255\n|gametype|singles\n|player|p1|Moon of Seoul|2|\n|player|p2|ina fable|#inafable|\n|gen|9\n|tier|[Gen 9] OU\n|rated|Tournament battle\n|rule|HP Percentage Mod: HP is shown in percentages\n|rule|Endless Battle Clause: Forcing endless battles is banned\n|rule|Species Clause: Limit one of each Pokémon\n|rule|OHKO Clause: OHKO moves are banned\n|rule|Evasion Items Clause: Evasion items are banned\n|rule|Evasion Moves Clause: Evasion moves are banned\n|rule|Evasion Abilities Clause: Evasion abilities are banned\n|rule|Sleep Moves Clause: Sleep-inducing moves are banned\n|clearpoke\n|poke|p1|Ninetales, F|\n|poke|p1|Hatterene, F|\n|poke|p1|Iron Boulder|\n|poke|p1|Great Tusk|\n|poke|p1|Walking Wake|\n|poke|p1|Iron Moth|\n|poke|p2|Garganacl, M|\n|poke|p2|Darkrai|\n|poke|p2|Slowking-Galar, F|\n|poke|p2|Latios, M|\n|poke|p2|Great Tusk|\n|poke|p2|Corviknight, M|\n|teampreview\n|c|☆Moon of Seoul|glhf\n|\n|t:|1782437273\n|teamsize|p1|6\n|teamsize|p2|6\n|start\n|switch|p1a: Ninetales|Ninetales, F|100/100\n|switch|p2a: Darkrai|Darkrai|100/100\n|-weather|SunnyDay|[from] ability: Drought|[of] p1a: Ninetales\n|turn|1\n|j| crip walker\n|\n|t:|1782437280\n|switch|p1a: Hatterene|Hatterene, F|100/100\n|move|p2a: Darkrai|Dark Pulse|p1a: Hatterene\n|-damage|p1a: Hatterene|43/100\n|-enditem|p1a: Hatterene|Eject Button\n|j| takingnoteskinda\n|j| Luna♥xSnow♥\n|l| takingnoteskinda\n|\n|t:|1782437301\n|switch|p1a: Great Tusk|Great Tusk|100/100\n|-activate|p1a: Great Tusk|ability: Protosynthesis\n|-start|p1a: Great Tusk|protosynthesisspe\n|\n|-weather|SunnyDay|[upkeep]\n|upkeep\n|turn|2\n|\n|t:|1782437313\n|-end|p1a: Great Tusk|Protosynthesis|[silent]\n|switch|p1a: Walking Wake|Walking Wake|100/100\n|-activate|p1a: Walking Wake|ability: Protosynthesis\n|-start|p1a: Walking Wake|protosynthesisspa\n|switch|p2a: Corviknight|Corviknight, M|100/100\n|-ability|p2a: Corviknight|Pressure\n|\n|-weather|SunnyDay|[upkeep]\n|upkeep\n|turn|3\n|\n|t:|1782437320\n|switch|p2a: Slowking|Slowking-Galar, F|100/100\n|move|p1a: Walking Wake|Hydro Steam|p2a: Slowking\n|-damage|p2a: Slowking|27/100\n|\n|-weather|SunnyDay|[upkeep]\n|upkeep\n|turn|4\n|\n|t:|1782437334\n|move|p1a: Walking Wake|Hydro Steam|p2a: Slowking\n|-damage|p2a: Slowking|0 fnt\n|faint|p2a: Slowking\n|\n|-weather|SunnyDay|[upkeep]\n|upkeep\n|\n|t:|1782437337\n|switch|p2a: Garganacl|Garganacl, M|100/100\n|turn|5\n|\n|t:|1782437341\n|-end|p1a: Walking Wake|Protosynthesis|[silent]\n|switch|p1a: Hatterene|Hatterene, F|43/100\n|-terastallize|p2a: Garganacl|Water\n|move|p2a: Garganacl|Salt Cure|p1a: Hatterene\n|-damage|p1a: Hatterene|31/100\n|-start|p1a: Hatterene|Salt Cure\n|\n|-weather|SunnyDay|[upkeep]\n|-damage|p1a: Hatterene|19/100|[from] Salt Cure\n|upkeep\n|turn|6\n|\n|t:|1782437345\n|move|p2a: Garganacl|Protect|p2a: Garganacl\n|-singleturn|p2a: Garganacl|Protect\n|move|p1a: Hatterene|Pain Split|p2a: Garganacl\n|-activate|p2a: Garganacl|move: Protect\n|\n|-weather|SunnyDay|[upkeep]\n|-damage|p1a: Hatterene|7/100|[from] Salt Cure\n|upkeep\n|turn|7\n|\n|t:|1782437355\n|switch|p2a: Darkrai|Darkrai|100/100\n|move|p1a: Hatterene|Pain Split|p2a: Darkrai\n|-sethp|p2a: Darkrai|54/100|[from] move: Pain Split|[silent]\n|-sethp|p1a: Hatterene|48/100|[from] move: Pain Split\n|\n|-weather|SunnyDay|[upkeep]\n|-damage|p1a: Hatterene|35/100|[from] Salt Cure\n|upkeep\n|turn|8\n|\n|t:|1782437362\n|switch|p1a: Great Tusk|Great Tusk|100/100\n|-activate|p1a: Great Tusk|ability: Protosynthesis\n|-start|p1a: Great Tusk|protosynthesisspe\n|move|p2a: Darkrai|Dark Pulse|p1a: Great Tusk\n|-resisted|p1a: Great Tusk\n|-damage|p1a: Great Tusk|73/100\n|\n|-weather|none\n|-end|p1a: Great Tusk|Protosynthesis\n|upkeep\n|turn|9\n|\n|t:|1782437375\n|switch|p2a: Latios|Latios, M|100/100\n|-end|p1a: Great Tusk|Protosynthesis|[silent]\n|switch|p1a: Ninetales|Ninetales, F|100/100\n|-weather|SunnyDay|[from] ability: Drought|[of] p1a: Ninetales\n|\n|-weather|SunnyDay|[upkeep]\n|upkeep\n|turn|10\n|\n|t:|1782437383\n|switch|p1a: Hatterene|Hatterene, F|35/100\n|move|p2a: Latios|Psychic Noise|p1a: Hatterene\n|-resisted|p1a: Hatterene\n|-damage|p1a: Hatterene|16/100\n|-start|p1a: Hatterene|move: Heal Block\n|\n|-weather|SunnyDay|[upkeep]\n|upkeep\n|turn|11\n|\n|t:|1782437390\n|move|p2a: Latios|Psychic Noise|p1a: Hatterene\n|-resisted|p1a: Hatterene\n|-damage|p1a: Hatterene|0 fnt\n|faint|p1a: Hatterene\n|\n|-weather|SunnyDay|[upkeep]\n|upkeep\n|\n|t:|1782437393\n|switch|p1a: Iron Boulder|Iron Boulder|100/100\n|-enditem|p1a: Iron Boulder|Booster Energy\n|-activate|p1a: Iron Boulder|ability: Quark Drive|[fromitem]\n|-start|p1a: Iron Boulder|quarkdrivespe\n|turn|12\n|\n|t:|1782437404\n|switch|p2a: Corviknight|Corviknight, M|100/100\n|-ability|p2a: Corviknight|Pressure\n|move|p1a: Iron Boulder|Swords Dance|p1a: Iron Boulder\n|-boost|p1a: Iron Boulder|atk|2\n|\n|-weather|SunnyDay|[upkeep]\n|upkeep\n|turn|13\n|\n|t:|1782437410\n|move|p1a: Iron Boulder|Swords Dance|p1a: Iron Boulder\n|-boost|p1a: Iron Boulder|atk|2\n|move|p2a: Corviknight|Iron Defense|p2a: Corviknight\n|-boost|p2a: Corviknight|def|2\n|\n|-weather|SunnyDay|[upkeep]\n|upkeep\n|turn|14\n|\n|t:|1782437413\n|move|p1a: Iron Boulder|Swords Dance|p1a: Iron Boulder\n|-boost|p1a: Iron Boulder|atk|2\n|move|p2a: Corviknight|Iron Defense|p2a: Corviknight\n|-boost|p2a: Corviknight|def|2\n|\n|-weather|SunnyDay|[upkeep]\n|upkeep\n|turn|15\n|\n|t:|1782437416\n|move|p1a: Iron Boulder|Mighty Cleave|p2a: Corviknight\n|-damage|p2a: Corviknight|60/100\n|-damage|p1a: Iron Boulder|84/100|[from] item: Rocky Helmet|[of] p2a: Corviknight\n|move|p2a: Corviknight|Iron Defense|p2a: Corviknight\n|-boost|p2a: Corviknight|def|2\n|\n|-weather|SunnyDay|[upkeep]\n|upkeep\n|turn|16\n|\n|t:|1782437420\n|move|p1a: Iron Boulder|Zen Headbutt|p2a: Corviknight|[miss]\n|-miss|p1a: Iron Boulder|p2a: Corviknight\n|move|p2a: Corviknight|Roost|p2a: Corviknight\n|-heal|p2a: Corviknight|100/100\n|-singleturn|p2a: Corviknight|move: Roost\n|\n|-weather|none\n|upkeep\n|turn|17\n|\n|t:|1782437423\n|move|p1a: Iron Boulder|Mighty Cleave|p2a: Corviknight\n|-damage|p2a: Corviknight|69/100\n|-damage|p1a: Iron Boulder|67/100|[from] item: Rocky Helmet|[of] p2a: Corviknight\n|move|p2a: Corviknight|Body Press|p1a: Iron Boulder\n|-damage|p1a: Iron Boulder|0 fnt\n|faint|p1a: Iron Boulder\n|-end|p1a: Iron Boulder|Quark Drive|[silent]\n|\n|upkeep\n|\n|t:|1782437425\n|switch|p1a: Iron Moth|Iron Moth|100/100\n|-enditem|p1a: Iron Moth|Booster Energy\n|-activate|p1a: Iron Moth|ability: Quark Drive|[fromitem]\n|-start|p1a: Iron Moth|quarkdrivespe\n|turn|18\n|\n|t:|1782437431\n|switch|p2a: Garganacl|Garganacl, M, tera:Water|100/100\n|move|p1a: Iron Moth|Fiery Dance|p2a: Garganacl\n|-resisted|p2a: Garganacl\n|-damage|p2a: Garganacl|88/100\n|-boost|p1a: Iron Moth|spa|1\n|\n|-heal|p2a: Garganacl|94/100|[from] item: Leftovers\n|upkeep\n|turn|19\n|\n|t:|1782437434\n|move|p1a: Iron Moth|Sludge Wave|p2a: Garganacl\n|-damage|p2a: Garganacl|50/100\n|move|p2a: Garganacl|Salt Cure|p1a: Iron Moth\n|-supereffective|p1a: Iron Moth\n|-damage|p1a: Iron Moth|63/100\n|-start|p1a: Iron Moth|Salt Cure\n|\n|-heal|p2a: Garganacl|56/100|[from] item: Leftovers\n|-damage|p1a: Iron Moth|50/100|[from] Salt Cure\n|upkeep\n|turn|20\n|\n|t:|1782437441\n|-end|p1a: Iron Moth|Quark Drive|[silent]\n|switch|p1a: Ninetales|Ninetales, F|100/100\n|-weather|SunnyDay|[from] ability: Drought|[of] p1a: Ninetales\n|move|p2a: Garganacl|Recover|p2a: Garganacl\n|-heal|p2a: Garganacl|100/100\n|\n|-weather|SunnyDay|[upkeep]\n|upkeep\n|turn|21\n|\n|t:|1782437444\n|switch|p2a: Latios|Latios, M|100/100\n|move|p1a: Ninetales|Encore||[still]\n|-fail|p1a: Ninetales\n|\n|-weather|SunnyDay|[upkeep]\n|upkeep\n|turn|22\n|\n|t:|1782437450\n|switch|p1a: Walking Wake|Walking Wake|100/100\n|-activate|p1a: Walking Wake|ability: Protosynthesis\n|-start|p1a: Walking Wake|protosynthesisspa\n|move|p2a: Latios|Psychic Noise|p1a: Walking Wake\n|-damage|p1a: Walking Wake|55/100\n|-start|p1a: Walking Wake|move: Heal Block\n|\n|-weather|SunnyDay|[upkeep]\n|upkeep\n|turn|23\n|\n|t:|1782437457\n|switch|p2a: Corviknight|Corviknight, M|69/100\n|-ability|p2a: Corviknight|Pressure\n|-end|p1a: Walking Wake|Protosynthesis|[silent]\n|switch|p1a: Great Tusk|Great Tusk|73/100\n|-activate|p1a: Great Tusk|ability: Protosynthesis\n|-start|p1a: Great Tusk|protosynthesisspe\n|\n|-weather|SunnyDay|[upkeep]\n|upkeep\n|turn|24\n|\n|t:|1782437462\n|move|p1a: Great Tusk|Knock Off|p2a: Corviknight\n|-damage|p2a: Corviknight|51/100\n|-damage|p1a: Great Tusk|56/100|[from] item: Rocky Helmet|[of] p2a: Corviknight\n|-enditem|p2a: Corviknight|Rocky Helmet|[from] move: Knock Off|[of] p1a: Great Tusk\n|move|p2a: Corviknight|U-turn|p1a: Great Tusk\n|-resisted|p1a: Great Tusk\n|-damage|p1a: Great Tusk|52/100\n|\n|t:|1782437465\n|switch|p2a: Latios|Latios, M|100/100|[from] U-turn\n|\n|-weather|SunnyDay|[upkeep]\n|upkeep\n|turn|25\n|\n|t:|1782437469\n|-end|p1a: Great Tusk|Protosynthesis|[silent]\n|switch|p1a: Iron Moth|Iron Moth|50/100\n|move|p2a: Latios|Psychic Noise|p1a: Iron Moth\n|-supereffective|p1a: Iron Moth\n|-damage|p1a: Iron Moth|0 fnt\n|faint|p1a: Iron Moth\n|-end|p1a: Iron Moth|Quark Drive|[silent]\n|\n|-weather|SunnyDay|[upkeep]\n|upkeep\n|\n|t:|1782437471\n|switch|p1a: Walking Wake|Walking Wake|55/100\n|-activate|p1a: Walking Wake|ability: Protosynthesis\n|-start|p1a: Walking Wake|protosynthesisspa\n|turn|26\n|j|#Setsu\n|\n|t:|1782437480\n|switch|p2a: Corviknight|Corviknight, M|51/100\n|-ability|p2a: Corviknight|Pressure\n|move|p1a: Walking Wake|Dragon Pulse|p2a: Corviknight\n|-resisted|p2a: Corviknight\n|-damage|p2a: Corviknight|7/100\n|\n|-weather|SunnyDay|[upkeep]\n|upkeep\n|turn|27\n|\n|t:|1782437482\n|move|p1a: Walking Wake|Dragon Pulse|p2a: Corviknight\n|-resisted|p2a: Corviknight\n|-damage|p2a: Corviknight|0 fnt\n|faint|p2a: Corviknight\n|\n|-weather|none\n|-end|p1a: Walking Wake|Protosynthesis\n|upkeep\n|\n|t:|1782437486\n|switch|p2a: Darkrai|Darkrai|54/100\n|turn|28\n|\n|t:|1782437490\n|-end|p1a: Walking Wake|Protosynthesis|[silent]\n|switch|p1a: Great Tusk|Great Tusk|52/100\n|move|p2a: Darkrai|Dark Pulse|p1a: Great Tusk\n|-resisted|p1a: Great Tusk\n|-damage|p1a: Great Tusk|25/100\n|\n|upkeep\n|turn|29\n|\n|t:|1782437495\n|move|p2a: Darkrai|Dark Pulse|p1a: Great Tusk\n|-resisted|p1a: Great Tusk\n|-damage|p1a: Great Tusk|1/100\n|move|p1a: Great Tusk|Headlong Rush|p2a: Darkrai\n|-damage|p2a: Darkrai|0 fnt\n|-unboost|p1a: Great Tusk|def|1\n|-unboost|p1a: Great Tusk|spd|1\n|faint|p2a: Darkrai\n|\n|upkeep\n|j| RuneSpirit\n|\n|t:|1782437505\n|switch|p2a: Great Tusk|Great Tusk|100/100\n|turn|30\n|\n|t:|1782437510\n|move|p1a: Great Tusk|Headlong Rush|p2a: Great Tusk\n|-damage|p2a: Great Tusk|63/100\n|-unboost|p1a: Great Tusk|def|1\n|-unboost|p1a: Great Tusk|spd|1\n|move|p2a: Great Tusk|Rapid Spin|p1a: Great Tusk\n|-damage|p1a: Great Tusk|0 fnt\n|-boost|p2a: Great Tusk|spe|1\n|faint|p1a: Great Tusk\n|-end|p1a: Great Tusk|Protosynthesis|[silent]\n|\n|upkeep\n|\n|t:|1782437512\n|switch|p1a: Ninetales|Ninetales, F|100/100\n|-weather|SunnyDay|[from] ability: Drought|[of] p1a: Ninetales\n|-activate|p2a: Great Tusk|ability: Protosynthesis\n|-start|p2a: Great Tusk|protosynthesisspe\n|turn|31\n|\n|t:|1782437536\n|-terastallize|p1a: Ninetales|Ghost\n|move|p2a: Great Tusk|Headlong Rush|p1a: Ninetales\n|-damage|p1a: Ninetales|17/100\n|-unboost|p2a: Great Tusk|def|1\n|-unboost|p2a: Great Tusk|spd|1\n|move|p1a: Ninetales|Healing Wish|p1a: Ninetales\n|faint|p1a: Ninetales\n|\n|-weather|SunnyDay|[upkeep]\n|upkeep\n|\n|t:|1782437539\n|switch|p1a: Walking Wake|Walking Wake|55/100\n|-heal|p1a: Walking Wake|100/100|[from] move: Healing Wish\n|-activate|p1a: Walking Wake|ability: Protosynthesis\n|-start|p1a: Walking Wake|protosynthesisspa\n|turn|32\n|\n|t:|1782437552\n|move|p2a: Great Tusk|Close Combat|p1a: Walking Wake\n|-damage|p1a: Walking Wake|30/100\n|-unboost|p2a: Great Tusk|def|1\n|-unboost|p2a: Great Tusk|spd|1\n|move|p1a: Walking Wake|Dragon Pulse|p2a: Great Tusk\n|-damage|p2a: Great Tusk|0 fnt\n|faint|p2a: Great Tusk\n|-end|p2a: Great Tusk|Protosynthesis|[silent]\n|\n|-weather|SunnyDay|[upkeep]\n|upkeep\n|\n|t:|1782437558\n|switch|p2a: Garganacl|Garganacl, M, tera:Water|100/100\n|turn|33\n|\n|t:|1782437561\n|move|p1a: Walking Wake|Dragon Pulse|p2a: Garganacl\n|-damage|p2a: Garganacl|42/100\n|move|p2a: Garganacl|Salt Cure|p1a: Walking Wake\n|-damage|p1a: Walking Wake|16/100\n|-start|p1a: Walking Wake|Salt Cure\n|\n|-weather|SunnyDay|[upkeep]\n|-heal|p2a: Garganacl|48/100|[from] item: Leftovers\n|-damage|p1a: Walking Wake|0 fnt|[from] Salt Cure\n|faint|p1a: Walking Wake\n|-end|p1a: Walking Wake|Protosynthesis|[silent]\n|\n|win|ina fable\n|n|☆Moon of Seoul|moonofseoul\n|n|☆ina fable|inafable\n|n| crip walker|cripwalker\n|n| Luna♥xSnow♥|lunaxsnow\n|n|~Setsu|setsu\n|n| RuneSpirit|runespirit\n|l|☆ina fable\n|player|p2|\n|l| RuneSpirit\n|l| Luna♥xSnow♥\n|l|~Setsu\n|l|☆Moon of Seoul\n|player|p1|\n|j|☆Moon of Seoul\n|player|p1|Moon of Seoul|2|\n|l|☆Moon of Seoul\n|player|p1|\n|l| crip walker\n|j| hii lol\n", "uploadtime": 1782437595, "views": 10, "formatid": "gen9ou", "rating": null, "private": 0, "password": null}