{"id": "gen9ou-2647692234", "format": "[Gen 9] OU", "players": ["Kevinsmogono", "jumilapipe rpplf"], "log": "|j|☆Kevinsmogono\n|j|☆jumilapipe rpplf\n|t:|1783797122\n|gametype|singles\n|player|p1|Kevinsmogono|rancher|1534\n|player|p2|jumilapipe rpplf|265|1598\n|gen|9\n|tier|[Gen 9] OU\n|rated|\n|rule|HP Percentage Mod: HP is shown in percentages\n|rule|Endless Battle Clause: Forcing endless battles is banned\n|rule|Species Clause: Limit one of each Pokémon\n|rule|OHKO Clause: OHKO moves are banned\n|rule|Evasion Items Clause: Evasion items are banned\n|rule|Evasion Moves Clause: Evasion moves are banned\n|rule|Evasion Abilities Clause: Evasion abilities are banned\n|rule|Sleep Moves Clause: Sleep-inducing moves are banned\n|clearpoke\n|poke|p1|Garchomp, M|\n|poke|p1|Ceruledge, M|\n|poke|p1|Enamorus-Therian, F|\n|poke|p1|Glimmora, M|\n|poke|p1|Pawmot, M|\n|poke|p1|Scizor, M|\n|poke|p2|Hoopa-Unbound|\n|poke|p2|Alomomola, M|\n|poke|p2|Iron Treads|\n|poke|p2|Iron Valiant|\n|poke|p2|Landorus-Therian, M|\n|poke|p2|Pecharunt|\n|teampreview\n|inactive|Battle timer is ON: inactive players will automatically lose when time's up. (requested by Kevinsmogono)\n|\n|t:|1783797138\n|teamsize|p1|6\n|teamsize|p2|6\n|start\n|switch|p1a: Scizor|Scizor, M|100/100\n|switch|p2a: Landorus|Landorus-Therian, M|100/100\n|-ability|p2a: Landorus|Intimidate|boost\n|-unboost|p1a: Scizor|atk|1\n|turn|1\n|\n|t:|1783797145\n|move|p2a: Landorus|Stealth Rock|p1a: Scizor\n|-sidestart|p1: Kevinsmogono|move: Stealth Rock\n|move|p1a: Scizor|U-turn|p2a: Landorus\n|-resisted|p2a: Landorus\n|-damage|p2a: Landorus|84/100\n|-damage|p1a: Scizor|84/100|[from] item: Rocky Helmet|[of] p2a: Landorus\n|\n|t:|1783797150\n|switch|p1a: Enamorus|Enamorus-Therian, F|100/100|[from] U-turn\n|-damage|p1a: Enamorus|76/100|[from] Stealth Rock\n|\n|upkeep\n|turn|2\n|\n|t:|1783797160\n|switch|p2a: Iron Treads|Iron Treads|100/100\n|move|p1a: Enamorus|Moonblast|p2a: Iron Treads\n|-resisted|p2a: Iron Treads\n|-damage|p2a: Iron Treads|36/100\n|\n|upkeep\n|turn|3\n|\n|t:|1783797165\n|move|p2a: Iron Treads|Ice Spinner|p1a: Enamorus\n|-supereffective|p1a: Enamorus\n|-damage|p1a: Enamorus|20/100\n|move|p1a: Enamorus|Moonblast|p2a: Iron Treads\n|-resisted|p2a: Iron Treads\n|-damage|p2a: Iron Treads|0 fnt\n|faint|p2a: Iron Treads\n|-end|p2a: Iron Treads|Quark Drive|[silent]\n|\n|upkeep\n|\n|t:|1783797170\n|switch|p2a: Hoopa|Hoopa-Unbound|100/100\n|turn|4\n|\n|t:|1783797178\n|move|p2a: Hoopa|Hyperspace Fury|p1a: Enamorus\n|-resisted|p1a: Enamorus\n|-damage|p1a: Enamorus|0 fnt\n|-unboost|p2a: Hoopa|def|1\n|faint|p1a: Enamorus\n|\n|upkeep\n|\n|t:|1783797181\n|switch|p1a: Pawmot|Pawmot, M|100/100\n|-damage|p1a: Pawmot|94/100|[from] Stealth Rock\n|turn|5\n|\n|t:|1783797183\n|move|p1a: Pawmot|Fake Out|p2a: Hoopa\n|-damage|p2a: Hoopa|62/100\n|cant|p2a: Hoopa|flinch\n|\n|upkeep\n|turn|6\n|\n|t:|1783797187\n|switch|p2a: Landorus|Landorus-Therian, M|84/100\n|-ability|p2a: Landorus|Intimidate|boost\n|-unboost|p1a: Pawmot|atk|1\n|move|p1a: Pawmot|Mach Punch|p2a: Landorus\n|-resisted|p2a: Landorus\n|-damage|p2a: Landorus|75/100\n|-damage|p1a: Pawmot|78/100|[from] item: Rocky Helmet|[of] p2a: Landorus\n|\n|upkeep\n|turn|7\n|\n|t:|1783797192\n|move|p2a: Landorus|Earth Power|p1a: Pawmot\n|-supereffective|p1a: Pawmot\n|-damage|p1a: Pawmot|0 fnt\n|faint|p1a: Pawmot\n|\n|upkeep\n|\n|t:|1783797196\n|switch|p1a: Garchomp|Garchomp, M|100/100\n|-damage|p1a: Garchomp|94/100|[from] Stealth Rock\n|turn|8\n|\n|t:|1783797199\n|move|p1a: Garchomp|Stealth Rock|p2a: Landorus\n|-sidestart|p2: jumilapipe rpplf|move: Stealth Rock\n|move|p2a: Landorus|U-turn|p1a: Garchomp\n|-damage|p1a: Garchomp|73/100\n|-damage|p2a: Landorus|63/100|[from] ability: Rough Skin|[of] p1a: Garchomp\n|\n|t:|1783797205\n|switch|p2a: Iron Valiant|Iron Valiant|100/100|[from] U-turn\n|-damage|p2a: Iron Valiant|94/100|[from] Stealth Rock\n|-enditem|p2a: Iron Valiant|Booster Energy\n|-activate|p2a: Iron Valiant|ability: Quark Drive|[fromitem]\n|-start|p2a: Iron Valiant|quarkdrivespe\n|\n|upkeep\n|turn|9\n|\n|t:|1783797217\n|move|p2a: Iron Valiant|Moonblast|p1a: Garchomp\n|-supereffective|p1a: Garchomp\n|-damage|p1a: Garchomp|0 fnt\n|faint|p1a: Garchomp\n|\n|upkeep\n|\n|t:|1783797224\n|switch|p1a: Ceruledge|Ceruledge, M|100/100\n|-damage|p1a: Ceruledge|76/100|[from] Stealth Rock\n|turn|10\n|\n|t:|1783797228\n|move|p2a: Iron Valiant|Shadow Ball|p1a: Ceruledge\n|-supereffective|p1a: Ceruledge\n|-damage|p1a: Ceruledge|28/100\n|-enditem|p1a: Ceruledge|Weakness Policy\n|-boost|p1a: Ceruledge|atk|2|[from] item: Weakness Policy\n|-boost|p1a: Ceruledge|spa|2|[from] item: Weakness Policy\n|move|p1a: Ceruledge|Bulk Up|p1a: Ceruledge\n|-boost|p1a: Ceruledge|atk|1\n|-boost|p1a: Ceruledge|def|1\n|\n|upkeep\n|turn|11\n|\n|t:|1783797238\n|-terastallize|p1a: Ceruledge|Grass\n|move|p2a: Iron Valiant|Shadow Ball|p1a: Ceruledge\n|-damage|p1a: Ceruledge|3/100\n|move|p1a: Ceruledge|Bitter Blade|p2a: Iron Valiant\n|-damage|p2a: Iron Valiant|0 fnt\n|-heal|p1a: Ceruledge|41/100|[from] drain|[of] p2a: Iron Valiant\n|faint|p2a: Iron Valiant\n|-end|p2a: Iron Valiant|Quark Drive|[silent]\n|\n|upkeep\n|\n|t:|1783797247\n|switch|p2a: Pecharunt|Pecharunt|100/100\n|turn|12\n|\n|t:|1783797251\n|-terastallize|p2a: Pecharunt|Dark\n|move|p2a: Pecharunt|Foul Play|p1a: Ceruledge\n|-damage|p1a: Ceruledge|0 fnt\n|faint|p1a: Ceruledge\n|\n|upkeep\n|\n|t:|1783797258\n|switch|p1a: Glimmora|Glimmora, M|100/100\n|-damage|p1a: Glimmora|88/100|[from] Stealth Rock\n|turn|13\n|\n|t:|1783797263\n|switch|p2a: Alomomola|Alomomola, M, shiny|100/100\n|-damage|p2a: Alomomola|88/100|[from] Stealth Rock\n|move|p1a: Glimmora|Mortal Spin|p2a: Alomomola\n|-damage|p2a: Alomomola|85/100\n|-status|p2a: Alomomola|psn\n|-damage|p1a: Glimmora|72/100|[from] item: Rocky Helmet|[of] p2a: Alomomola\n|-sideend|p1: Kevinsmogono|Stealth Rock|[from] move: Mortal Spin|[of] p1a: Glimmora\n|\n|-damage|p2a: Alomomola|72/100 psn|[from] psn\n|upkeep\n|turn|14\n|\n|t:|1783797266\n|move|p1a: Glimmora|Meteor Beam||[still]\n|-prepare|p1a: Glimmora|Meteor Beam\n|-boost|p1a: Glimmora|spa|1\n|-enditem|p1a: Glimmora|Power Herb\n|-anim|p1a: Glimmora|Meteor Beam|p2a: Alomomola\n|-damage|p2a: Alomomola|0 fnt\n|faint|p2a: Alomomola\n|\n|upkeep\n|\n|t:|1783797269\n|switch|p2a: Landorus|Landorus-Therian, M|63/100\n|-damage|p2a: Landorus|51/100|[from] Stealth Rock\n|-ability|p2a: Landorus|Intimidate|boost\n|-unboost|p1a: Glimmora|atk|1\n|turn|15\n|\n|t:|1783797273\n|move|p2a: Landorus|Earth Power|p1a: Glimmora\n|-supereffective|p1a: Glimmora\n|-damage|p1a: Glimmora|0 fnt\n|faint|p1a: Glimmora\n|\n|upkeep\n|\n|t:|1783797274\n|switch|p1a: Scizor|Scizor, M|84/100\n|turn|16\n|\n|t:|1783797278\n|move|p2a: Landorus|Earth Power|p1a: Scizor\n|-damage|p1a: Scizor|51/100\n|move|p1a: Scizor|Counter||[still]\n|-fail|p1a: Scizor\n|\n|upkeep\n|turn|17\n|\n|t:|1783797284\n|move|p2a: Landorus|Earth Power|p1a: Scizor\n|-damage|p1a: Scizor|19/100\n|move|p1a: Scizor|Close Combat|p2a: Landorus\n|-resisted|p2a: Landorus\n|-damage|p2a: Landorus|30/100\n|-unboost|p1a: Scizor|def|1\n|-unboost|p1a: Scizor|spd|1\n|-damage|p1a: Scizor|3/100|[from] item: Rocky Helmet|[of] p2a: Landorus\n|\n|upkeep\n|turn|18\n|\n|t:|1783797286\n|move|p1a: Scizor|Bullet Punch|p2a: Landorus\n|-damage|p2a: Landorus|0 fnt\n|-damage|p1a: Scizor|0 fnt|[from] item: Rocky Helmet|[of] p2a: Landorus\n|faint|p2a: Landorus\n|faint|p1a: Scizor\n|\n|win|jumilapipe rpplf\n|raw|Kevinsmogono's rating: 1534 &rarr; <strong>1518</strong><br />(-16 for losing)\n|raw|jumilapipe rpplf's rating: 1598 &rarr; <strong>1614</strong><br />(+16 for winning)\n|l|☆Kevinsmogono\n|player|p1|\n", "uploadtime": 1783797478, "views": 9, "formatid": "gen9ou", "rating": 1518, "private": 0, "password": null}