{"id": "gen9ou-2647682395", "format": "[Gen 9] OU", "players": ["Aight8755", "cexecalius"], "log": "|j|☆Aight8755\n|j|☆cexecalius\n|t:|1783795621\n|gametype|singles\n|player|p1|Aight8755|youngcouple-gen4dp|1125\n|player|p2|cexecalius|blue-gen7|1130\n|gen|9\n|tier|[Gen 9] OU\n|rated|\n|rule|HP Percentage Mod: HP is shown in percentages\n|rule|Endless Battle Clause: Forcing endless battles is banned\n|rule|Species Clause: Limit one of each Pokémon\n|rule|OHKO Clause: OHKO moves are banned\n|rule|Evasion Items Clause: Evasion items are banned\n|rule|Evasion Moves Clause: Evasion moves are banned\n|rule|Evasion Abilities Clause: Evasion abilities are banned\n|rule|Sleep Moves Clause: Sleep-inducing moves are banned\n|clearpoke\n|poke|p1|Darkrai|\n|poke|p1|Iron Valiant|\n|poke|p1|Heatran, M|\n|poke|p1|Dragapult, M|\n|poke|p1|Glastrier|\n|poke|p1|Corviknight, M|\n|poke|p2|Armarouge, M|\n|poke|p2|Gholdengo|\n|poke|p2|Meowscarada, M|\n|poke|p2|Galvantula, M|\n|poke|p2|Metagross|\n|teampreview\n|inactive|Battle timer is ON: inactive players will automatically lose when time's up. (requested by Aight8755)\n|inactive|Aight8755 has 120 seconds left.\n|\n|t:|1783795667\n|teamsize|p1|6\n|teamsize|p2|5\n|start\n|switch|p1a: Corviknight|Corviknight, M|100/100\n|switch|p2a: Galvantula|Galvantula, M, shiny|100/100\n|-ability|p1a: Corviknight|Pressure\n|turn|1\n|\n|t:|1783795677\n|move|p1a: Corviknight|U-turn|p2a: Galvantula\n|-damage|p2a: Galvantula|69/100\n|\n|t:|1783795697\n|switch|p1a: Dragapult|Dragapult, M|100/100|[from] U-turn\n|move|p2a: Galvantula|Thunder|p1a: Dragapult\n|-resisted|p1a: Dragapult\n|-crit|p1a: Dragapult\n|-damage|p1a: Dragapult|54/100\n|\n|-heal|p1a: Dragapult|60/100|[from] item: Leftovers\n|upkeep\n|turn|2\n|\n|t:|1783795707\n|move|p1a: Dragapult|Substitute|p1a: Dragapult\n|-start|p1a: Dragapult|Substitute\n|-damage|p1a: Dragapult|35/100\n|move|p2a: Galvantula|Sticky Web|p1a: Dragapult\n|-sidestart|p1: Aight8755|move: Sticky Web\n|\n|-heal|p1a: Dragapult|41/100|[from] item: Leftovers\n|upkeep\n|turn|3\n|\n|t:|1783795728\n|move|p1a: Dragapult|Dragon Darts|p2a: Galvantula\n|-damage|p2a: Galvantula|19/100\n|-anim|p1a: Dragapult|Dragon Darts|p2a: Galvantula\n|-damage|p2a: Galvantula|0 fnt\n|faint|p2a: Galvantula\n|\n|-heal|p1a: Dragapult|47/100|[from] item: Leftovers\n|upkeep\n|\n|t:|1783795737\n|switch|p2a: Meowscarada|Meowscarada, M|100/100\n|turn|4\n|\n|t:|1783795747\n|switch|p1a: Corviknight|Corviknight, M|100/100\n|-ability|p1a: Corviknight|Pressure\n|move|p2a: Meowscarada|Triple Axel|p1a: Corviknight\n|-start|p2a: Meowscarada|typechange|Ice|[from] ability: Protean\n|-damage|p1a: Corviknight|90/100\n|-damage|p1a: Corviknight|73/100\n|-damage|p1a: Corviknight|46/100\n|-hitcount|p1a: Corviknight|3\n|\n|upkeep\n|turn|5\n|\n|t:|1783795769\n|move|p2a: Meowscarada|Triple Axel|p1a: Corviknight\n|-damage|p1a: Corviknight|36/100\n|-damage|p1a: Corviknight|17/100\n|-damage|p1a: Corviknight|0 fnt\n|faint|p1a: Corviknight\n|-hitcount|p1: Corviknight|3\n|\n|upkeep\n|\n|t:|1783795783\n|switch|p1a: Glastrier|Glastrier|100/100\n|-activate|p1a: Glastrier|move: Sticky Web\n|-unboost|p1a: Glastrier|spe|1\n|turn|6\n|\n|t:|1783795804\n|switch|p2a: Metagross|Metagross|100/100\n|-item|p2a: Metagross|Air Balloon\n|move|p1a: Glastrier|High Horsepower|p2a: Metagross\n|-immune|p2a: Metagross\n|\n|upkeep\n|turn|7\n|\n|t:|1783795812\n|switch|p1a: Heatran|Heatran, M|100/100\n|-activate|p1a: Heatran|move: Sticky Web\n|-unboost|p1a: Heatran|spe|1\n|move|p2a: Metagross|Agility|p2a: Metagross\n|-boost|p2a: Metagross|spe|2\n|\n|upkeep\n|turn|8\n|\n|t:|1783795823\n|move|p2a: Metagross|Earthquake|p1a: Heatran\n|-supereffective|p1a: Heatran\n|-damage|p1a: Heatran|5/100\n|move|p1a: Heatran|Magma Storm|p2a: Metagross|[miss]\n|-miss|p1a: Heatran|p2a: Metagross\n|\n|-heal|p1a: Heatran|11/100|[from] item: Leftovers\n|upkeep\n|turn|9\n|\n|t:|1783795834\n|move|p2a: Metagross|Earthquake|p1a: Heatran\n|-supereffective|p1a: Heatran\n|-damage|p1a: Heatran|0 fnt\n|faint|p1a: Heatran\n|\n|upkeep\n|\n|t:|1783795845\n|switch|p1a: Glastrier|Glastrier|100/100\n|-activate|p1a: Glastrier|move: Sticky Web\n|-unboost|p1a: Glastrier|spe|1\n|turn|10\n|\n|t:|1783795850\n|move|p2a: Metagross|Heavy Slam|p1a: Glastrier\n|-supereffective|p1a: Glastrier\n|-damage|p1a: Glastrier|71/100\n|move|p1a: Glastrier|Curse|p1a: Glastrier\n|-unboost|p1a: Glastrier|spe|1\n|-boost|p1a: Glastrier|atk|1\n|-boost|p1a: Glastrier|def|1\n|\n|-heal|p1a: Glastrier|77/100|[from] item: Leftovers\n|upkeep\n|turn|11\n|\n|t:|1783795864\n|move|p2a: Metagross|Psychic Fangs|p1a: Glastrier\n|-damage|p1a: Glastrier|55/100\n|move|p1a: Glastrier|Avalanche|p2a: Metagross\n|-resisted|p2a: Metagross\n|-damage|p2a: Metagross|66/100\n|-enditem|p2a: Metagross|Air Balloon\n|\n|-heal|p1a: Glastrier|62/100|[from] item: Leftovers\n|upkeep\n|turn|12\n|\n|t:|1783795877\n|move|p2a: Metagross|Earthquake|p1a: Glastrier\n|-damage|p1a: Glastrier|45/100\n|move|p1a: Glastrier|High Horsepower|p2a: Metagross|[miss]\n|-miss|p1a: Glastrier|p2a: Metagross\n|\n|-heal|p1a: Glastrier|51/100|[from] item: Leftovers\n|upkeep\n|turn|13\n|\n|t:|1783795886\n|move|p2a: Metagross|Psychic Fangs|p1a: Glastrier\n|-damage|p1a: Glastrier|29/100\n|move|p1a: Glastrier|High Horsepower|p2a: Metagross\n|-supereffective|p2a: Metagross\n|-damage|p2a: Metagross|0 fnt\n|faint|p2a: Metagross\n|-ability|p1a: Glastrier|Chilling Neigh|boost\n|-boost|p1a: Glastrier|atk|1\n|\n|-heal|p1a: Glastrier|35/100|[from] item: Leftovers\n|upkeep\n|\n|t:|1783795898\n|switch|p2a: Armarouge|Armarouge, M, shiny|100/100\n|turn|14\n|\n|t:|1783795903\n|move|p2a: Armarouge|Endure|p2a: Armarouge\n|-singleturn|p2a: Armarouge|move: Endure\n|move|p1a: Glastrier|High Horsepower|p2a: Armarouge\n|-supereffective|p2a: Armarouge\n|-activate|p2a: Armarouge|move: Endure\n|-damage|p2a: Armarouge|1/100\n|-ability|p2a: Armarouge|Weak Armor|boost\n|-unboost|p2a: Armarouge|def|1\n|-boost|p2a: Armarouge|spe|2\n|-enditem|p2a: Armarouge|Weakness Policy\n|-boost|p2a: Armarouge|atk|2|[from] item: Weakness Policy\n|-boost|p2a: Armarouge|spa|2|[from] item: Weakness Policy\n|\n|-heal|p1a: Glastrier|41/100|[from] item: Leftovers\n|upkeep\n|turn|15\n|\n|t:|1783795925\n|move|p2a: Armarouge|Stored Power|p1a: Glastrier\n|-damage|p1a: Glastrier|0 fnt\n|faint|p1a: Glastrier\n|\n|upkeep\n|\n|t:|1783795928\n|switch|p1a: Iron Valiant|Iron Valiant|100/100\n|-activate|p1a: Iron Valiant|move: Sticky Web\n|-unboost|p1a: Iron Valiant|spe|1\n|turn|16\n|\n|t:|1783795937\n|move|p1a: Iron Valiant|Vacuum Wave|p2a: Armarouge\n|-resisted|p2a: Armarouge\n|-damage|p2a: Armarouge|0 fnt\n|faint|p2a: Armarouge\n|\n|upkeep\n|\n|t:|1783795945\n|switch|p2a: Gholdengo|Gholdengo|100/100\n|-item|p2a: Gholdengo|Air Balloon\n|turn|17\n|\n|t:|1783795956\n|-end|p1a: Iron Valiant|Quark Drive|[silent]\n|switch|p1a: Darkrai|Darkrai|100/100\n|-activate|p1a: Darkrai|move: Sticky Web\n|-unboost|p1a: Darkrai|spe|1\n|move|p2a: Gholdengo|Make It Rain|p1a: Darkrai\n|-damage|p1a: Darkrai|20/100\n|-unboost|p2a: Gholdengo|spa|1\n|\n|upkeep\n|turn|18\n|\n|t:|1783795967\n|-terastallize|p2a: Gholdengo|Fairy\n|move|p1a: Darkrai|Dark Pulse|p2a: Gholdengo\n|-resisted|p2a: Gholdengo\n|-damage|p2a: Gholdengo|77/100\n|-enditem|p2a: Gholdengo|Air Balloon\n|move|p2a: Gholdengo|Dazzling Gleam|p1a: Darkrai\n|-supereffective|p1a: Darkrai\n|-damage|p1a: Darkrai|0 fnt\n|faint|p1a: Darkrai\n|\n|upkeep\n|\n|t:|1783795980\n|switch|p1a: Dragapult|Dragapult, M|47/100\n|-activate|p1a: Dragapult|move: Sticky Web\n|-fail|p1a: Dragapult|unboost|[from] ability: Clear Body|[of] p1a: Dragapult\n|turn|19\n|\n|t:|1783795994\n|-terastallize|p1a: Dragapult|Ghost\n|move|p1a: Dragapult|Phantom Force||[still]\n|-prepare|p1a: Dragapult|Phantom Force\n|move|p2a: Gholdengo|Dazzling Gleam|p1a: Dragapult|[miss]\n|-miss|p2a: Gholdengo|p1a: Dragapult\n|\n|-heal|p1a: Dragapult|53/100|[from] item: Leftovers\n|upkeep\n|turn|20\n|\n|t:|1783796004\n|move|p1a: Dragapult|Phantom Force|p2a: Gholdengo|[from] lockedmove\n|-damage|p2a: Gholdengo|2/100\n|move|p2a: Gholdengo|Nasty Plot|p2a: Gholdengo\n|-boost|p2a: Gholdengo|spa|2\n|\n|-heal|p1a: Dragapult|59/100|[from] item: Leftovers\n|upkeep\n|turn|21\n|\n|t:|1783796016\n|move|p1a: Dragapult|Phantom Force||[still]\n|-prepare|p1a: Dragapult|Phantom Force\n|move|p2a: Gholdengo|Dazzling Gleam|p1a: Dragapult|[miss]\n|-miss|p2a: Gholdengo|p1a: Dragapult\n|\n|-heal|p1a: Dragapult|65/100|[from] item: Leftovers\n|upkeep\n|turn|22\n|\n|t:|1783796024\n|move|p1a: Dragapult|Phantom Force|p2a: Gholdengo|[from] lockedmove\n|-damage|p2a: Gholdengo|0 fnt\n|faint|p2a: Gholdengo\n|\n|-heal|p1a: Dragapult|71/100|[from] item: Leftovers\n|upkeep\n|\n|t:|1783796032\n|switch|p2a: Meowscarada|Meowscarada, M|100/100\n|turn|23\n|\n|t:|1783796038\n|move|p2a: Meowscarada|Flower Trick|p1a: Dragapult\n|-start|p2a: Meowscarada|typechange|Grass|[from] ability: Protean\n|-crit|p1a: Dragapult\n|-damage|p1a: Dragapult|4/100\n|move|p1a: Dragapult|Dragon Dance|p1a: Dragapult\n|-boost|p1a: Dragapult|atk|1\n|-boost|p1a: Dragapult|spe|1\n|\n|-heal|p1a: Dragapult|10/100|[from] item: Leftovers\n|upkeep\n|turn|24\n|\n|t:|1783796050\n|move|p1a: Dragapult|Dragon Darts|p2a: Meowscarada\n|-damage|p2a: Meowscarada|40/100\n|-anim|p1a: Dragapult|Dragon Darts|p2a: Meowscarada\n|-damage|p2a: Meowscarada|0 fnt\n|faint|p2a: Meowscarada\n|\n|win|Aight8755\n|raw|Aight8755's rating: 1102 &rarr; <strong>1129</strong><br />(+27 for winning)\n|raw|cexecalius's rating: 1130 &rarr; <strong>1103</strong><br />(-27 for losing)\n|l|☆Aight8755\n|player|p1|\n|l|☆cexecalius\n|player|p2|\n", "uploadtime": 1783796055, "views": 9, "formatid": "gen9ou", "rating": 1103, "private": 0, "password": null}