{"id": "gen9ou-2647839119", "format": "[Gen 9] OU", "players": ["PizzaPizza365", "AMediocreRobot"], "log": "|j|☆PizzaPizza365\n|j|☆AMediocreRobot\n|t:|1783821686\n|gametype|singles\n|player|p1|PizzaPizza365|ethan|1365\n|player|p2|AMediocreRobot|medium|1352\n|gen|9\n|tier|[Gen 9] OU\n|rated|\n|rule|HP Percentage Mod: HP is shown in percentages\n|rule|Endless Battle Clause: Forcing endless battles is banned\n|rule|Species Clause: Limit one of each Pokémon\n|rule|OHKO Clause: OHKO moves are banned\n|rule|Evasion Items Clause: Evasion items are banned\n|rule|Evasion Moves Clause: Evasion moves are banned\n|rule|Evasion Abilities Clause: Evasion abilities are banned\n|rule|Sleep Moves Clause: Sleep-inducing moves are banned\n|clearpoke\n|poke|p1|Tentacruel, M|\n|poke|p1|Alomomola, F|\n|poke|p1|Torterra, M|\n|poke|p1|Gliscor, M|\n|poke|p1|Moltres|\n|poke|p1|Cacturne, M|\n|poke|p2|Kyurem|\n|poke|p2|Gholdengo|\n|poke|p2|Ting-Lu|\n|poke|p2|Pecharunt|\n|poke|p2|Kingambit, M|\n|poke|p2|Moltres|\n|teampreview\n|inactive|Battle timer is ON: inactive players will automatically lose when time's up. (requested by PizzaPizza365)\n|\n|t:|1783821707\n|teamsize|p1|6\n|teamsize|p2|6\n|start\n|switch|p1a: Fish|Alomomola, F|100/100\n|switch|p2a: Ting-Lu|Ting-Lu|100/100\n|-ability|p2a: Ting-Lu|Vessel of Ruin\n|turn|1\n|\n|t:|1783821720\n|move|p2a: Ting-Lu|Stealth Rock|p1a: Fish\n|-sidestart|p1: PizzaPizza365|move: Stealth Rock\n|move|p1a: Fish|Light Screen|p1a: Fish\n|-sidestart|p1: PizzaPizza365|move: Light Screen\n|\n|upkeep\n|turn|2\n|\n|t:|1783821725\n|move|p2a: Ting-Lu|Spikes|p1a: Fish\n|-sidestart|p1: PizzaPizza365|Spikes\n|move|p1a: Fish|Flip Turn|p2a: Ting-Lu\n|-supereffective|p2a: Ting-Lu\n|-damage|p2a: Ting-Lu|85/100\n|\n|t:|1783821736\n|switch|p1a: Stall diplomat|Gliscor, M|100/100|[from] Flip Turn\n|-damage|p1a: Stall diplomat|88/100|[from] Stealth Rock\n|\n|-heal|p2a: Ting-Lu|92/100|[from] item: Leftovers\n|-status|p1a: Stall diplomat|tox|[from] item: Toxic Orb\n|upkeep\n|turn|3\n|\n|t:|1783821743\n|move|p1a: Stall diplomat|Knock Off|p2a: Ting-Lu\n|-resisted|p2a: Ting-Lu\n|-damage|p2a: Ting-Lu|86/100\n|-enditem|p2a: Ting-Lu|Leftovers|[from] move: Knock Off|[of] p1a: Stall diplomat\n|move|p2a: Ting-Lu|Whirlwind|p1a: Stall diplomat\n|drag|p1a: Frank|Torterra, M|100/100\n|-damage|p1a: Frank|94/100|[from] Stealth Rock\n|-damage|p1a: Frank|82/100|[from] Spikes\n|\n|upkeep\n|turn|4\n|\n|t:|1783821752\n|move|p1a: Frank|Bullet Seed|p2a: Ting-Lu\n|-supereffective|p2a: Ting-Lu\n|-damage|p2a: Ting-Lu|77/100\n|-supereffective|p2a: Ting-Lu\n|-damage|p2a: Ting-Lu|69/100\n|-supereffective|p2a: Ting-Lu\n|-damage|p2a: Ting-Lu|59/100\n|-supereffective|p2a: Ting-Lu\n|-crit|p2a: Ting-Lu\n|-damage|p2a: Ting-Lu|44/100\n|-hitcount|p2a: Ting-Lu|4\n|move|p2a: Ting-Lu|Whirlwind|p1a: Frank\n|drag|p1a: Hokey Pokey|Cacturne, M|100/100\n|-damage|p1a: Hokey Pokey|88/100|[from] Stealth Rock\n|-damage|p1a: Hokey Pokey|76/100|[from] Spikes\n|\n|upkeep\n|turn|5\n|\n|t:|1783821765\n|switch|p2a: Moltres|Moltres|100/100\n|move|p1a: Hokey Pokey|Seed Bomb|p2a: Moltres\n|-resisted|p2a: Moltres\n|-damage|p2a: Moltres|88/100\n|-damage|p1a: Hokey Pokey|66/100|[from] item: Life Orb\n|\n|-sideend|p1: PizzaPizza365|move: Light Screen\n|upkeep\n|turn|6\n|\n|t:|1783821774\n|switch|p1a: Jelly Man|Tentacruel, M|100/100\n|move|p2a: Moltres|Will-O-Wisp|p1a: Jelly Man\n|-status|p1a: Jelly Man|brn\n|\n|-damage|p1a: Jelly Man|95/100 brn|[from] brn\n|upkeep\n|turn|7\n|\n|t:|1783821782\n|switch|p2a: Pecharunt|Pecharunt|100/100\n|move|p1a: Jelly Man|Flip Turn|p2a: Pecharunt\n|-damage|p2a: Pecharunt|97/100\n|\n|t:|1783821787\n|switch|p1a: Stall diplomat|Gliscor, M|88/100 tox|[from] Flip Turn\n|-damage|p1a: Stall diplomat|76/100 tox|[from] Stealth Rock\n|\n|-heal|p1a: Stall diplomat|88/100 tox|[from] ability: Poison Heal\n|upkeep\n|turn|8\n|\n|t:|1783821794\n|move|p1a: Stall diplomat|Knock Off|p2a: Pecharunt\n|-supereffective|p2a: Pecharunt\n|-damage|p2a: Pecharunt|73/100\n|-enditem|p2a: Pecharunt|Heavy-Duty Boots|[from] move: Knock Off|[of] p1a: Stall diplomat\n|move|p2a: Pecharunt|Parting Shot|p1a: Stall diplomat\n|-unboost|p1a: Stall diplomat|atk|1\n|-unboost|p1a: Stall diplomat|spa|1\n|\n|t:|1783821799\n|switch|p2a: Kyurem|Kyurem|100/100|[from] Parting Shot\n|-ability|p2a: Kyurem|Pressure\n|\n|-heal|p1a: Stall diplomat|100/100 tox|[from] ability: Poison Heal\n|upkeep\n|turn|9\n|\n|t:|1783821809\n|move|p2a: Kyurem|Freeze-Dry|p1a: Stall diplomat\n|-supereffective|p1a: Stall diplomat\n|-damage|p1a: Stall diplomat|0 fnt\n|faint|p1a: Stall diplomat\n|\n|upkeep\n|\n|t:|1783821823\n|switch|p1a: Jelly Man|Tentacruel, M|95/100 brn\n|turn|10\n|\n|t:|1783821828\n|switch|p2a: Gholdengo|Gholdengo|100/100\n|move|p1a: Jelly Man|Rapid Spin|p2a: Gholdengo\n|-immune|p2a: Gholdengo\n|\n|-damage|p1a: Jelly Man|89/100 brn|[from] brn\n|upkeep\n|turn|11\n|\n|t:|1783821835\n|move|p2a: Gholdengo|Shadow Ball|p1a: Jelly Man\n|-damage|p1a: Jelly Man|49/100 brn\n|move|p1a: Jelly Man|Flip Turn|p2a: Gholdengo\n|-damage|p2a: Gholdengo|93/100\n|\n|t:|1783821840\n|switch|p1a: Hot Wings|Moltres|100/100|[from] Flip Turn\n|\n|upkeep\n|turn|12\n|\n|t:|1783821844\n|move|p2a: Gholdengo|Shadow Ball|p1a: Hot Wings\n|-damage|p1a: Hot Wings|49/100\n|move|p1a: Hot Wings|Flamethrower|p2a: Gholdengo\n|-supereffective|p2a: Gholdengo\n|-damage|p2a: Gholdengo|0 fnt\n|faint|p2a: Gholdengo\n|\n|upkeep\n|\n|t:|1783821851\n|switch|p2a: Kyurem|Kyurem|100/100\n|-ability|p2a: Kyurem|Pressure\n|turn|13\n|\n|t:|1783821864\n|move|p2a: Kyurem|Ice Beam|p1a: Hot Wings\n|-damage|p1a: Hot Wings|0 fnt\n|faint|p1a: Hot Wings\n|\n|upkeep\n|\n|t:|1783821873\n|switch|p1a: Jelly Man|Tentacruel, M|49/100 brn\n|turn|14\n|\n|t:|1783821877\n|switch|p2a: Pecharunt|Pecharunt|73/100\n|move|p1a: Jelly Man|Rapid Spin|p2a: Pecharunt\n|-immune|p2a: Pecharunt\n|\n|-damage|p1a: Jelly Man|43/100 brn|[from] brn\n|upkeep\n|turn|15\n|\n|t:|1783821883\n|move|p1a: Jelly Man|Flip Turn|p2a: Pecharunt\n|-damage|p2a: Pecharunt|70/100\n|\n|t:|1783821887\n|switch|p1a: Fish|Alomomola, F|100/100|[from] Flip Turn\n|move|p2a: Pecharunt|Parting Shot|p1a: Fish\n|-unboost|p1a: Fish|atk|1\n|-unboost|p1a: Fish|spa|1\n|\n|t:|1783821890\n|switch|p2a: Kyurem|Kyurem|100/100|[from] Parting Shot\n|-ability|p2a: Kyurem|Pressure\n|\n|upkeep\n|turn|16\n|\n|t:|1783821899\n|-terastallize|p2a: Kyurem|Ice\n|move|p2a: Kyurem|Freeze-Dry|p1a: Fish\n|-supereffective|p1a: Fish\n|-damage|p1a: Fish|0 fnt\n|faint|p1a: Fish\n|\n|upkeep\n|\n|t:|1783821906\n|switch|p1a: Hokey Pokey|Cacturne, M|66/100\n|-damage|p1a: Hokey Pokey|54/100|[from] Stealth Rock\n|-damage|p1a: Hokey Pokey|42/100|[from] Spikes\n|turn|17\n|\n|t:|1783821912\n|move|p1a: Hokey Pokey|Sucker Punch|p2a: Kyurem\n|-damage|p2a: Kyurem|54/100\n|-damage|p1a: Hokey Pokey|32/100|[from] item: Life Orb\n|move|p2a: Kyurem|Freeze-Dry|p1a: Hokey Pokey\n|-supereffective|p1a: Hokey Pokey\n|-damage|p1a: Hokey Pokey|0 fnt\n|faint|p1a: Hokey Pokey\n|\n|upkeep\n|\n|t:|1783821920\n|switch|p1a: Jelly Man|Tentacruel, M|43/100 brn\n|turn|18\n|\n|t:|1783821923\n|move|p1a: Jelly Man|Rapid Spin|p2a: Kyurem\n|-damage|p2a: Kyurem|51/100\n|-boost|p1a: Jelly Man|spe|1\n|-sideend|p1: PizzaPizza365|Spikes|[from] move: Rapid Spin|[of] p1a: Jelly Man\n|-sideend|p1: PizzaPizza365|Stealth Rock|[from] move: Rapid Spin|[of] p1a: Jelly Man\n|move|p2a: Kyurem|Freeze-Dry|p1a: Jelly Man\n|-supereffective|p1a: Jelly Man\n|-damage|p1a: Jelly Man|0 fnt\n|faint|p1a: Jelly Man\n|\n|upkeep\n|\n|t:|1783821931\n|switch|p1a: Frank|Torterra, M|82/100\n|turn|19\n|\n|t:|1783821934\n|-terastallize|p1a: Frank|Fire\n|move|p2a: Kyurem|Freeze-Dry|p1a: Frank\n|-resisted|p1a: Frank\n|-damage|p1a: Frank|41/100\n|move|p1a: Frank|Shell Smash|p1a: Frank\n|-unboost|p1a: Frank|def|1\n|-unboost|p1a: Frank|spd|1\n|-boost|p1a: Frank|atk|2\n|-boost|p1a: Frank|spa|2\n|-boost|p1a: Frank|spe|2\n|\n|upkeep\n|turn|20\n|\n|t:|1783821944\n|move|p1a: Frank|Bullet Seed|p2a: Kyurem\n|-damage|p2a: Kyurem|30/100\n|-damage|p2a: Kyurem|10/100\n|-damage|p2a: Kyurem|0 fnt\n|faint|p2a: Kyurem\n|-hitcount|p2: Kyurem|3\n|\n|upkeep\n|\n|t:|1783821962\n|switch|p2a: Moltres|Moltres|88/100\n|turn|21\n|\n|t:|1783821967\n|move|p1a: Frank|Rock Blast|p2a: Moltres|[miss]\n|-miss|p1a: Frank|p2a: Moltres\n|move|p2a: Moltres|Flamethrower|p1a: Frank\n|-resisted|p1a: Frank\n|-damage|p1a: Frank|5/100\n|\n|upkeep\n|turn|22\n|\n|t:|1783821974\n|move|p1a: Frank|Rock Blast|p2a: Moltres\n|-supereffective|p2a: Moltres\n|-damage|p2a: Moltres|35/100\n|-supereffective|p2a: Moltres\n|-damage|p2a: Moltres|0 fnt\n|faint|p2a: Moltres\n|-hitcount|p2: Moltres|2\n|\n|upkeep\n|\n|t:|1783821980\n|switch|p2a: Pecharunt|Pecharunt|70/100\n|turn|23\n|\n|t:|1783821983\n|move|p1a: Frank|Headlong Rush|p2a: Pecharunt\n|-supereffective|p2a: Pecharunt\n|-damage|p2a: Pecharunt|0 fnt\n|-unboost|p1a: Frank|def|1\n|-unboost|p1a: Frank|spd|1\n|faint|p2a: Pecharunt\n|\n|upkeep\n|\n|t:|1783821985\n|switch|p2a: Kingambit|Kingambit, M|100/100\n|-activate|p2a: Kingambit|ability: Supreme Overlord\n|-start|p2a: Kingambit|fallen4|[silent]\n|turn|24\n|\n|t:|1783821992\n|move|p2a: Kingambit|Sucker Punch||[still]\n|-fail|p2a: Kingambit\n|move|p1a: Frank|Shell Smash|p1a: Frank\n|-unboost|p1a: Frank|def|1\n|-unboost|p1a: Frank|spd|1\n|-boost|p1a: Frank|atk|2\n|-boost|p1a: Frank|spa|2\n|-boost|p1a: Frank|spe|2\n|\n|upkeep\n|turn|25\n|\n|t:|1783821998\n|move|p2a: Kingambit|Sucker Punch||[still]\n|-fail|p2a: Kingambit\n|move|p1a: Frank|Shell Smash|p1a: Frank\n|-unboost|p1a: Frank|def|1\n|-unboost|p1a: Frank|spd|1\n|-boost|p1a: Frank|atk|2\n|-boost|p1a: Frank|spa|2\n|-boost|p1a: Frank|spe|2\n|\n|upkeep\n|turn|26\n|\n|t:|1783822005\n|move|p2a: Kingambit|Sucker Punch||[still]\n|-fail|p2a: Kingambit\n|move|p1a: Frank|Shell Smash|p1a: Frank\n|-unboost|p1a: Frank|def|1\n|-unboost|p1a: Frank|spd|1\n|-boost|p1a: Frank|atk|0\n|-boost|p1a: Frank|spa|0\n|-boost|p1a: Frank|spe|0\n|\n|upkeep\n|turn|27\n|\n|t:|1783822012\n|move|p2a: Kingambit|Sucker Punch|p1a: Frank\n|-damage|p1a: Frank|0 fnt\n|faint|p1a: Frank\n|\n|win|AMediocreRobot\n|raw|PizzaPizza365's rating: 1365 &rarr; <strong>1344</strong><br />(-21 for losing)\n|raw|AMediocreRobot's rating: 1352 &rarr; <strong>1373</strong><br />(+21 for winning)\n|l|☆PizzaPizza365\n|player|p1|\n|c|☆AMediocreRobot|Ggs\n|l|☆AMediocreRobot\n|player|p2|\n", "uploadtime": 1783822208, "views": 2, "formatid": "gen9ou", "rating": 1344, "private": 0, "password": null}