{"id": "gen9ou-2639199160", "format": "[Gen 9] OU", "players": ["Chiisakii", "thepeakmons"], "log": "|j|☆Chiisakii\n|j|☆thepeakmons\n|t:|1782432922\n|gametype|singles\n|player|p1|Chiisakii|guitarist|1176\n|player|p2|thepeakmons|101|1202\n|gen|9\n|tier|[Gen 9] OU\n|rated|\n|rule|HP Percentage Mod: HP is shown in percentages\n|rule|Endless Battle Clause: Forcing endless battles is banned\n|rule|Species Clause: Limit one of each Pokémon\n|rule|OHKO Clause: OHKO moves are banned\n|rule|Evasion Items Clause: Evasion items are banned\n|rule|Evasion Moves Clause: Evasion moves are banned\n|rule|Evasion Abilities Clause: Evasion abilities are banned\n|rule|Sleep Moves Clause: Sleep-inducing moves are banned\n|clearpoke\n|poke|p1|Lycanroc-Dusk, M|\n|poke|p1|Hydreigon, M|\n|poke|p1|Samurott-Hisui, M|\n|poke|p1|Zamazenta-*|\n|poke|p1|Clefable, F|\n|poke|p1|Gholdengo|\n|poke|p2|Gliscor, F|\n|poke|p2|Gholdengo|\n|poke|p2|Zamazenta-*|\n|poke|p2|Blissey, F|\n|poke|p2|Skarmory, M|\n|poke|p2|Pecharunt|\n|teampreview\n|\n|t:|1782432931\n|teamsize|p1|6\n|teamsize|p2|6\n|start\n|switch|p1a: Samurai Dog|Samurott-Hisui, M|100/100\n|switch|p2a: Skarmory|Skarmory, M|100/100\n|turn|1\n|inactive|Battle timer is ON: inactive players will automatically lose when time's up. (requested by thepeakmons)\n|\n|t:|1782432957\n|switch|p2a: Gliscor|Gliscor, F|100/100\n|move|p1a: Samurai Dog|Knock Off|p2a: Gliscor\n|-damage|p2a: Gliscor|71/100\n|-enditem|p2a: Gliscor|Toxic Orb|[from] move: Knock Off|[of] p1a: Samurai Dog\n|\n|upkeep\n|turn|2\n|\n|t:|1782432968\n|move|p2a: Gliscor|Protect|p2a: Gliscor\n|-singleturn|p2a: Gliscor|Protect\n|move|p1a: Samurai Dog|Ceaseless Edge|p2a: Gliscor\n|-activate|p2a: Gliscor|move: Protect\n|\n|upkeep\n|turn|3\n|\n|t:|1782432977\n|switch|p2a: Zamazenta|Zamazenta|100/100\n|-ability|p2a: Zamazenta|Dauntless Shield|boost\n|-boost|p2a: Zamazenta|def|1\n|move|p1a: Samurai Dog|Ceaseless Edge|p2a: Zamazenta\n|-resisted|p2a: Zamazenta\n|-damage|p2a: Zamazenta|89/100\n|-sidestart|p2: thepeakmons|Spikes\n|\n|upkeep\n|turn|4\n|\n|t:|1782432987\n|switch|p1a: Pillow|Clefable, F|100/100\n|move|p2a: Zamazenta|Close Combat|p1a: Pillow\n|-resisted|p1a: Pillow\n|-damage|p1a: Pillow|68/100\n|-unboost|p2a: Zamazenta|def|1\n|-unboost|p2a: Zamazenta|spd|1\n|\n|-heal|p1a: Pillow|74/100|[from] item: Leftovers\n|upkeep\n|turn|5\n|\n|t:|1782433003\n|move|p2a: Zamazenta|Heavy Slam|p1a: Pillow\n|-supereffective|p1a: Pillow\n|-damage|p1a: Pillow|0 fnt\n|faint|p1a: Pillow\n|\n|upkeep\n|\n|t:|1782433021\n|switch|p1a: Ball like a nugget|Gholdengo|100/100\n|turn|6\n|\n|t:|1782433031\n|switch|p2a: Blissey|Blissey, F|100/100\n|-terastallize|p1a: Ball like a nugget|Fairy\n|move|p1a: Ball like a nugget|Thunder Wave|p2a: Blissey\n|-status|p2a: Blissey|par\n|\n|upkeep\n|turn|7\n|\n|t:|1782433040\n|move|p1a: Ball like a nugget|Focus Blast|p2a: Blissey|[miss]\n|-miss|p1a: Ball like a nugget|p2a: Blissey\n|cant|p2a: Blissey|par\n|\n|upkeep\n|turn|8\n|\n|t:|1782433047\n|move|p1a: Ball like a nugget|Focus Blast|p2a: Blissey|[miss]\n|-miss|p1a: Ball like a nugget|p2a: Blissey\n|move|p2a: Blissey|Stealth Rock|p1a: Ball like a nugget\n|-sidestart|p1: Chiisakii|move: Stealth Rock\n|\n|upkeep\n|turn|9\n|\n|t:|1782433056\n|-curestatus|p2a: Blissey|par|[from] ability: Natural Cure|[silent]\n|switch|p2a: Gholdengo|Gholdengo|100/100\n|-damage|p2a: Gholdengo|88/100|[from] Spikes\n|move|p1a: Ball like a nugget|Focus Blast|p2a: Gholdengo\n|-immune|p2a: Gholdengo\n|\n|upkeep\n|turn|10\n|\n|t:|1782433071\n|switch|p1a: Cerberus|Hydreigon, M|100/100\n|-damage|p1a: Cerberus|88/100|[from] Stealth Rock\n|move|p2a: Gholdengo|Nasty Plot|p2a: Gholdengo\n|-boost|p2a: Gholdengo|spa|2\n|\n|upkeep\n|turn|11\n|\n|t:|1782433083\n|switch|p2a: Zamazenta|Zamazenta|89/100\n|move|p1a: Cerberus|Dark Pulse|p2a: Zamazenta\n|-resisted|p2a: Zamazenta\n|-damage|p2a: Zamazenta|63/100\n|\n|upkeep\n|turn|12\n|\n|t:|1782433093\n|switch|p1a: Ball like a nugget|Gholdengo, tera:Fairy|100/100\n|-damage|p1a: Ball like a nugget|88/100|[from] Stealth Rock\n|move|p2a: Zamazenta|Close Combat|p1a: Ball like a nugget\n|-resisted|p1a: Ball like a nugget\n|-damage|p1a: Ball like a nugget|66/100\n|-unboost|p2a: Zamazenta|def|1\n|-unboost|p2a: Zamazenta|spd|1\n|-damage|p2a: Zamazenta|46/100|[from] item: Rocky Helmet|[of] p1a: Ball like a nugget\n|\n|upkeep\n|turn|13\n|\n|t:|1782433106\n|move|p2a: Zamazenta|Heavy Slam|p1a: Ball like a nugget\n|-supereffective|p1a: Ball like a nugget\n|-damage|p1a: Ball like a nugget|15/100\n|-damage|p2a: Zamazenta|29/100|[from] item: Rocky Helmet|[of] p1a: Ball like a nugget\n|move|p1a: Ball like a nugget|Thunder Wave|p2a: Zamazenta\n|-status|p2a: Zamazenta|par\n|\n|upkeep\n|turn|14\n|\n|t:|1782433120\n|switch|p2a: Blissey|Blissey, F|100/100\n|move|p1a: Ball like a nugget|Recover|p1a: Ball like a nugget\n|-heal|p1a: Ball like a nugget|65/100\n|\n|upkeep\n|turn|15\n|\n|t:|1782433131\n|move|p1a: Ball like a nugget|Recover|p1a: Ball like a nugget\n|-heal|p1a: Ball like a nugget|100/100\n|move|p2a: Blissey|Shadow Ball|p1a: Ball like a nugget\n|-damage|p1a: Ball like a nugget|85/100\n|\n|upkeep\n|turn|16\n|\n|t:|1782433144\n|move|p1a: Ball like a nugget|Thunder Wave|p2a: Blissey\n|-status|p2a: Blissey|par\n|cant|p2a: Blissey|par\n|\n|upkeep\n|turn|17\n|\n|t:|1782433150\n|-curestatus|p2a: Blissey|par|[from] ability: Natural Cure|[silent]\n|switch|p2a: Gholdengo|Gholdengo|88/100\n|-damage|p2a: Gholdengo|76/100|[from] Spikes\n|move|p1a: Ball like a nugget|Focus Blast|p2a: Gholdengo\n|-immune|p2a: Gholdengo\n|\n|upkeep\n|turn|18\n|\n|t:|1782433162\n|move|p2a: Gholdengo|Thunder Wave|p1a: Ball like a nugget\n|-immune|p1a: Ball like a nugget|[from] ability: Good as Gold\n|move|p1a: Ball like a nugget|Hex|p2a: Gholdengo\n|-supereffective|p2a: Gholdengo\n|-damage|p2a: Gholdengo|22/100\n|\n|upkeep\n|turn|19\n|\n|t:|1782433174\n|move|p2a: Gholdengo|Recover|p2a: Gholdengo\n|-heal|p2a: Gholdengo|72/100\n|move|p1a: Ball like a nugget|Thunder Wave|p2a: Gholdengo\n|-immune|p2a: Gholdengo|[from] ability: Good as Gold\n|\n|upkeep\n|turn|20\n|\n|t:|1782433184\n|move|p2a: Gholdengo|Nasty Plot|p2a: Gholdengo\n|-boost|p2a: Gholdengo|spa|2\n|move|p1a: Ball like a nugget|Recover|p1a: Ball like a nugget\n|-heal|p1a: Ball like a nugget|100/100\n|\n|upkeep\n|turn|21\n|\n|t:|1782433191\n|move|p2a: Gholdengo|Thunder Wave|p1a: Ball like a nugget\n|-immune|p1a: Ball like a nugget|[from] ability: Good as Gold\n|move|p1a: Ball like a nugget|Hex|p2a: Gholdengo\n|-supereffective|p2a: Gholdengo\n|-damage|p2a: Gholdengo|16/100\n|\n|upkeep\n|turn|22\n|\n|t:|1782433206\n|move|p2a: Gholdengo|Recover|p2a: Gholdengo\n|-heal|p2a: Gholdengo|66/100\n|move|p1a: Ball like a nugget|Hex|p2a: Gholdengo\n|-supereffective|p2a: Gholdengo\n|-damage|p2a: Gholdengo|15/100\n|\n|upkeep\n|turn|23\n|\n|t:|1782433218\n|move|p2a: Gholdengo|Recover|p2a: Gholdengo\n|-heal|p2a: Gholdengo|65/100\n|move|p1a: Ball like a nugget|Hex|p2a: Gholdengo\n|-supereffective|p2a: Gholdengo\n|-damage|p2a: Gholdengo|6/100\n|\n|upkeep\n|turn|24\n|\n|t:|1782433235\n|move|p2a: Gholdengo|Thunder Wave|p1a: Ball like a nugget\n|-immune|p1a: Ball like a nugget|[from] ability: Good as Gold\n|move|p1a: Ball like a nugget|Hex|p2a: Gholdengo\n|-supereffective|p2a: Gholdengo\n|-damage|p2a: Gholdengo|0 fnt\n|faint|p2a: Gholdengo\n|\n|upkeep\n|\n|t:|1782433249\n|switch|p2a: Gliscor|Gliscor, F|71/100\n|turn|25\n|\n|t:|1782433257\n|switch|p1a: Cerberus|Hydreigon, M|88/100\n|-damage|p1a: Cerberus|76/100|[from] Stealth Rock\n|move|p2a: Gliscor|Swords Dance|p2a: Gliscor\n|-boost|p2a: Gliscor|atk|2\n|\n|upkeep\n|turn|26\n|\n|t:|1782433268\n|switch|p2a: Blissey|Blissey, F|100/100\n|move|p1a: Cerberus|Dark Pulse|p2a: Blissey\n|-damage|p2a: Blissey|82/100\n|\n|upkeep\n|turn|27\n|\n|t:|1782433281\n|switch|p1a: Ball like a nugget|Gholdengo, tera:Fairy|100/100\n|-damage|p1a: Ball like a nugget|88/100|[from] Stealth Rock\n|move|p2a: Blissey|Soft-Boiled|p2a: Blissey\n|-heal|p2a: Blissey|100/100\n|\n|upkeep\n|turn|28\n|\n|t:|1782433294\n|move|p1a: Ball like a nugget|Thunder Wave|p2a: Blissey|[miss]\n|-miss|p1a: Ball like a nugget|p2a: Blissey\n|move|p2a: Blissey|Shadow Ball|p1a: Ball like a nugget\n|-damage|p1a: Ball like a nugget|73/100\n|-unboost|p1a: Ball like a nugget|spd|1\n|\n|upkeep\n|turn|29\n|\n|t:|1782433306\n|move|p1a: Ball like a nugget|Thunder Wave|p2a: Blissey\n|-status|p2a: Blissey|par\n|move|p2a: Blissey|Shadow Ball|p1a: Ball like a nugget\n|-damage|p1a: Ball like a nugget|52/100\n|\n|upkeep\n|turn|30\n|\n|t:|1782433325\n|-curestatus|p2a: Blissey|par|[from] ability: Natural Cure|[silent]\n|switch|p2a: Gliscor|Gliscor, F|71/100\n|move|p1a: Ball like a nugget|Recover|p1a: Ball like a nugget\n|-heal|p1a: Ball like a nugget|100/100\n|\n|upkeep\n|turn|31\n|\n|t:|1782433342\n|switch|p1a: Samurai Dog|Samurott-Hisui, M|100/100\n|-damage|p1a: Samurai Dog|88/100|[from] Stealth Rock\n|move|p2a: Gliscor|Swords Dance|p2a: Gliscor\n|-boost|p2a: Gliscor|atk|2\n|\n|upkeep\n|turn|32\n|inactive|thepeakmons has 120 seconds left.\n|\n|t:|1782433371\n|move|p2a: Gliscor|Earthquake|p1a: Samurai Dog\n|-damage|p1a: Samurai Dog|17/100\n|move|p1a: Samurai Dog|Razor Shell|p2a: Gliscor|[miss]\n|-miss|p1a: Samurai Dog|p2a: Gliscor\n|\n|upkeep\n|turn|33\n|inactive|thepeakmons has 120 seconds left.\n|\n|t:|1782433386\n|switch|p1a: Shieldog|Zamazenta, shiny|100/100\n|-damage|p1a: Shieldog|94/100|[from] Stealth Rock\n|-ability|p1a: Shieldog|Dauntless Shield|boost\n|-boost|p1a: Shieldog|def|1\n|move|p2a: Gliscor|Knock Off|p1a: Shieldog\n|-resisted|p1a: Shieldog\n|-damage|p1a: Shieldog|81/100\n|-enditem|p1a: Shieldog|Leftovers|[from] move: Knock Off|[of] p2a: Gliscor\n|\n|upkeep\n|turn|34\n|inactive|thepeakmons has 120 seconds left.\n|\n|t:|1782433400\n|switch|p2a: Skarmory|Skarmory, M|100/100\n|move|p1a: Shieldog|Iron Defense|p1a: Shieldog\n|-boost|p1a: Shieldog|def|2\n|\n|upkeep\n|turn|35\n|inactive|thepeakmons has 120 seconds left.\n|\n|t:|1782433421\n|switch|p2a: Pecharunt|Pecharunt|100/100\n|move|p1a: Shieldog|Iron Defense|p1a: Shieldog\n|-boost|p1a: Shieldog|def|2\n|\n|upkeep\n|turn|36\n|\n|t:|1782433439\n|move|p1a: Shieldog|Crunch|p2a: Pecharunt\n|-supereffective|p2a: Pecharunt\n|-damage|p2a: Pecharunt|75/100\n|move|p2a: Pecharunt|Toxic|p1a: Shieldog\n|-status|p1a: Shieldog|tox\n|-start|p1a: Shieldog|confusion|[from] ability: Poison Puppeteer|[of] p2a: Pecharunt\n|\n|-damage|p1a: Shieldog|75/100 tox|[from] psn\n|upkeep\n|turn|37\n|\n|t:|1782433457\n|switch|p1a: Cerberus|Hydreigon, M|76/100\n|-damage|p1a: Cerberus|64/100|[from] Stealth Rock\n|move|p2a: Pecharunt|Recover|p2a: Pecharunt\n|-heal|p2a: Pecharunt|100/100\n|\n|upkeep\n|turn|38\n|\n|t:|1782433468\n|switch|p2a: Blissey|Blissey, F|100/100\n|move|p1a: Cerberus|Earth Power|p2a: Blissey\n|-damage|p2a: Blissey|87/100\n|\n|upkeep\n|turn|39\n|inactive|thepeakmons has 120 seconds left.\n|\n|t:|1782433476\n|switch|p2a: Gliscor|Gliscor, F|71/100\n|move|p1a: Cerberus|Earth Power|p2a: Gliscor\n|-immune|p2a: Gliscor\n|\n|upkeep\n|turn|40\n|inactive|thepeakmons has 120 seconds left.\n|\n|t:|1782433487\n|switch|p1a: Samurai Dog|Samurott-Hisui, M|17/100\n|-damage|p1a: Samurai Dog|5/100|[from] Stealth Rock\n|move|p2a: Gliscor|Swords Dance|p2a: Gliscor\n|-boost|p2a: Gliscor|atk|2\n|\n|upkeep\n|turn|41\n|inactive|thepeakmons has 120 seconds left.\n|-message|Chiisakii forfeited.\n|\n|win|thepeakmons\n|raw|Chiisakii's rating: 1176 &rarr; <strong>1153</strong><br />(-23 for losing)\n|raw|thepeakmons's rating: 1198 &rarr; <strong>1221</strong><br />(+23 for winning)\n|l|☆Chiisakii\n|player|p1|\n", "uploadtime": 1782433506, "views": 10, "formatid": "gen9ou", "rating": 1153, "private": 0, "password": null}