{"id": "gen9ou-2647677090", "format": "[Gen 9] OU", "players": ["Josefe007", "PraiseLokix"], "log": "|j|☆Josefe007\n|j|☆PraiseLokix\n|t:|1783794814\n|gametype|singles\n|player|p1|Josefe007|pokemonranger-gen4|1223\n|player|p2|PraiseLokix|archer|1270\n|gen|9\n|tier|[Gen 9] OU\n|rated|\n|rule|HP Percentage Mod: HP is shown in percentages\n|rule|Endless Battle Clause: Forcing endless battles is banned\n|rule|Species Clause: Limit one of each Pokémon\n|rule|OHKO Clause: OHKO moves are banned\n|rule|Evasion Items Clause: Evasion items are banned\n|rule|Evasion Moves Clause: Evasion moves are banned\n|rule|Evasion Abilities Clause: Evasion abilities are banned\n|rule|Sleep Moves Clause: Sleep-inducing moves are banned\n|clearpoke\n|poke|p1|Mew|\n|poke|p1|Dragonite, F|\n|poke|p1|Alomomola, F|\n|poke|p1|Glimmora, F|\n|poke|p1|Snorlax, M|\n|poke|p1|Kingdra, M|\n|poke|p2|Toucannon, M|\n|poke|p2|Dragonite, F|\n|poke|p2|Zamazenta-*|\n|poke|p2|Iron Treads|\n|poke|p2|Zapdos|\n|poke|p2|Primarina, F|\n|teampreview\n|inactive|Battle timer is ON: inactive players will automatically lose when time's up. (requested by PraiseLokix)\n|\n|t:|1783794840\n|teamsize|p1|6\n|teamsize|p2|6\n|start\n|switch|p1a: Glimmora|Glimmora, F|100/100\n|switch|p2a: Sedition|Zapdos|100/100\n|turn|1\n|\n|t:|1783794854\n|move|p2a: Sedition|Volt Switch|p1a: Glimmora\n|-damage|p1a: Glimmora|52/100\n|\n|t:|1783794860\n|switch|p2a: Grand Larceny|Primarina, F|100/100|[from] Volt Switch\n|move|p1a: Glimmora|Light Screen|p1a: Glimmora\n|-sidestart|p1: Josefe007|move: Light Screen\n|\n|upkeep\n|turn|2\n|\n|t:|1783794864\n|move|p1a: Glimmora|Reflect|p1a: Glimmora\n|-sidestart|p1: Josefe007|Reflect\n|move|p2a: Grand Larceny|Flip Turn|p1a: Glimmora\n|-supereffective|p1a: Glimmora\n|-damage|p1a: Glimmora|41/100\n|-activate|p1a: Glimmora|ability: Toxic Debris\n|-sidestart|p2: PraiseLokix|move: Toxic Spikes\n|\n|t:|1783794874\n|switch|p2a: Sedition|Zapdos|100/100|[from] Flip Turn\n|\n|upkeep\n|turn|3\n|\n|t:|1783794879\n|move|p2a: Sedition|Volt Switch|p1a: Glimmora\n|-damage|p1a: Glimmora|15/100\n|\n|t:|1783794883\n|switch|p2a: Drunk Driving|Iron Treads|100/100|[from] Volt Switch\n|-item|p2a: Drunk Driving|Air Balloon\n|move|p1a: Glimmora|Stealth Rock|p2a: Drunk Driving\n|-sidestart|p2: PraiseLokix|move: Stealth Rock\n|\n|upkeep\n|turn|4\n|\n|t:|1783794894\n|move|p2a: Drunk Driving|Earthquake|p1a: Glimmora\n|-supereffective|p1a: Glimmora\n|-damage|p1a: Glimmora|0 fnt\n|-activate|p1a: Glimmora|ability: Toxic Debris\n|-sidestart|p2: PraiseLokix|move: Toxic Spikes\n|faint|p1a: Glimmora\n|\n|upkeep\n|\n|t:|1783794899\n|switch|p1a: Mew|Mew|100/100\n|turn|5\n|\n|t:|1783794902\n|move|p2a: Drunk Driving|Rapid Spin|p1a: Mew\n|-crit|p1a: Mew\n|-damage|p1a: Mew|83/100\n|-boost|p2a: Drunk Driving|spe|1\n|-sideend|p2: PraiseLokix|Toxic Spikes|[from] move: Rapid Spin|[of] p2a: Drunk Driving\n|-sideend|p2: PraiseLokix|Stealth Rock|[from] move: Rapid Spin|[of] p2a: Drunk Driving\n|move|p1a: Mew|Iron Defense|p1a: Mew\n|-boost|p1a: Mew|def|2\n|\n|-heal|p1a: Mew|90/100|[from] item: Leftovers\n|upkeep\n|turn|6\n|\n|t:|1783794907\n|move|p2a: Drunk Driving|Knock Off|p1a: Mew\n|-supereffective|p1a: Mew\n|-damage|p1a: Mew|77/100\n|-enditem|p1a: Mew|Leftovers|[from] move: Knock Off|[of] p2a: Drunk Driving\n|move|p1a: Mew|Iron Defense|p1a: Mew\n|-boost|p1a: Mew|def|2\n|\n|upkeep\n|turn|7\n|inactive|PraiseLokix has 120 seconds left.\n|\n|t:|1783794940\n|-end|p2a: Drunk Driving|Quark Drive|[silent]\n|switch|p2a: Sedition|Zapdos|100/100\n|move|p1a: Mew|Body Press|p2a: Sedition\n|-resisted|p2a: Sedition\n|-crit|p2a: Sedition\n|-damage|p2a: Sedition|54/100\n|\n|upkeep\n|turn|8\n|\n|t:|1783794948\n|move|p1a: Mew|Stored Power|p2a: Sedition\n|-damage|p2a: Sedition|15/100\n|move|p2a: Sedition|Volt Switch|p1a: Mew\n|-damage|p1a: Mew|57/100\n|\n|t:|1783794953\n|switch|p2a: Fraud|Toucannon, M|100/100|[from] Volt Switch\n|\n|-sideend|p1: Josefe007|move: Light Screen\n|upkeep\n|turn|9\n|\n|t:|1783794960\n|-singleturn|p2a: Fraud|move: Beak Blast\n|move|p1a: Mew|Iron Defense|p1a: Mew\n|-boost|p1a: Mew|def|2\n|move|p2a: Fraud|Beak Blast|p1a: Mew\n|-damage|p1a: Mew|51/100\n|\n|-sideend|p1: Josefe007|Reflect\n|upkeep\n|turn|10\n|\n|t:|1783794971\n|-terastallize|p2a: Fraud|Dark\n|-singleturn|p2a: Fraud|move: Beak Blast\n|move|p1a: Mew|Rest|p1a: Mew\n|-status|p1a: Mew|slp|[from] move: Rest\n|-heal|p1a: Mew|100/100 slp|[silent]\n|move|p2a: Fraud|Beak Blast|p1a: Mew\n|-crit|p1a: Mew\n|-damage|p1a: Mew|37/100 slp\n|\n|upkeep\n|turn|11\n|\n|t:|1783794984\n|-terastallize|p1a: Mew|Normal\n|cant|p1a: Mew|slp\n|move|p2a: Fraud|Knock Off|p1a: Mew\n|-damage|p1a: Mew|30/100 slp\n|\n|upkeep\n|turn|12\n|\n|t:|1783794990\n|cant|p1a: Mew|slp\n|move|p2a: Fraud|Brick Break|p1a: Mew\n|-supereffective|p1a: Mew\n|-damage|p1a: Mew|17/100 slp\n|\n|upkeep\n|turn|13\n|\n|t:|1783794994\n|-curestatus|p1a: Mew|slp|[msg]\n|move|p1a: Mew|Rest|p1a: Mew\n|-status|p1a: Mew|slp|[from] move: Rest\n|-heal|p1a: Mew|100/100 slp|[silent]\n|move|p2a: Fraud|Brick Break|p1a: Mew\n|-supereffective|p1a: Mew\n|-damage|p1a: Mew|89/100 slp\n|\n|upkeep\n|turn|14\n|\n|t:|1783795000\n|cant|p1a: Mew|slp\n|move|p2a: Fraud|Brick Break|p1a: Mew\n|-supereffective|p1a: Mew\n|-damage|p1a: Mew|78/100 slp\n|\n|upkeep\n|turn|15\n|\n|t:|1783795002\n|cant|p1a: Mew|slp\n|move|p2a: Fraud|Brick Break|p1a: Mew\n|-supereffective|p1a: Mew\n|-damage|p1a: Mew|66/100 slp\n|\n|upkeep\n|turn|16\n|\n|t:|1783795005\n|-curestatus|p1a: Mew|slp|[msg]\n|move|p1a: Mew|Body Press|p2a: Fraud\n|-supereffective|p2a: Fraud\n|-damage|p2a: Fraud|0 fnt\n|faint|p2a: Fraud\n|\n|upkeep\n|\n|t:|1783795016\n|switch|p2a: Sedition|Zapdos|15/100\n|turn|17\n|\n|t:|1783795021\n|move|p2a: Sedition|Hurricane|p1a: Mew\n|-crit|p1a: Mew\n|-damage|p1a: Mew|0 fnt\n|faint|p1a: Mew\n|\n|upkeep\n|\n|t:|1783795029\n|switch|p1a: Alomomola|Alomomola, F|100/100\n|turn|18\n|\n|t:|1783795033\n|switch|p2a: Grand Larceny|Primarina, F|100/100\n|move|p1a: Alomomola|Mirror Coat||[still]\n|-fail|p1a: Alomomola\n|\n|upkeep\n|turn|19\n|\n|t:|1783795042\n|move|p2a: Grand Larceny|Flip Turn|p1a: Alomomola\n|-resisted|p1a: Alomomola\n|-damage|p1a: Alomomola|96/100\n|\n|t:|1783795046\n|switch|p2a: Extortion|Dragonite, F|100/100|[from] Flip Turn\n|move|p1a: Alomomola|Mirror Coat||[still]\n|-fail|p1a: Alomomola\n|\n|upkeep\n|turn|20\n|\n|t:|1783795052\n|switch|p1a: Snorlax|Snorlax, M, shiny|100/100\n|move|p2a: Extortion|Dragon Dance|p2a: Extortion\n|-boost|p2a: Extortion|atk|1\n|-boost|p2a: Extortion|spe|1\n|\n|upkeep\n|turn|21\n|\n|t:|1783795058\n|move|p2a: Extortion|Dragon Dance|p2a: Extortion\n|-boost|p2a: Extortion|atk|1\n|-boost|p2a: Extortion|spe|1\n|move|p1a: Snorlax|Body Slam|p2a: Extortion\n|-damage|p2a: Extortion|83/100\n|\n|upkeep\n|turn|22\n|\n|t:|1783795067\n|move|p2a: Extortion|Scale Shot|p1a: Snorlax\n|-damage|p1a: Snorlax|78/100\n|-crit|p1a: Snorlax\n|-damage|p1a: Snorlax|44/100\n|-damage|p1a: Snorlax|23/100\n|-damage|p1a: Snorlax|0 fnt\n|faint|p1a: Snorlax\n|-hitcount|p1: Snorlax|4\n|-unboost|p2a: Extortion|def|1\n|-boost|p2a: Extortion|spe|1\n|\n|upkeep\n|\n|t:|1783795071\n|switch|p1a: Dragonite|Dragonite, F|100/100\n|turn|23\n|\n|t:|1783795076\n|move|p1a: Dragonite|Extreme Speed|p2a: Extortion\n|-damage|p2a: Extortion|27/100\n|move|p2a: Extortion|Scale Shot|p1a: Dragonite\n|-supereffective|p1a: Dragonite\n|-damage|p1a: Dragonite|69/100\n|-enditem|p1a: Dragonite|Weakness Policy\n|-boost|p1a: Dragonite|atk|2|[from] item: Weakness Policy\n|-boost|p1a: Dragonite|spa|2|[from] item: Weakness Policy\n|-supereffective|p1a: Dragonite\n|-damage|p1a: Dragonite|0 fnt\n|faint|p1a: Dragonite\n|-hitcount|p1: Dragonite|2\n|-unboost|p2a: Extortion|def|1\n|-boost|p2a: Extortion|spe|1\n|\n|upkeep\n|\n|t:|1783795078\n|switch|p1a: Alomomola|Alomomola, F|100/100\n|turn|24\n|\n|t:|1783795090\n|move|p2a: Extortion|Scale Shot|p1a: Alomomola\n|-damage|p1a: Alomomola|80/100\n|-damage|p1a: Alomomola|60/100\n|-damage|p1a: Alomomola|42/100\n|-damage|p1a: Alomomola|23/100\n|-hitcount|p1a: Alomomola|4\n|-unboost|p2a: Extortion|def|1\n|-boost|p2a: Extortion|spe|1\n|move|p1a: Alomomola|Chilling Water|p2a: Extortion\n|-resisted|p2a: Extortion\n|-damage|p2a: Extortion|23/100\n|-unboost|p2a: Extortion|atk|1\n|\n|upkeep\n|turn|25\n|\n|t:|1783795098\n|move|p2a: Extortion|Extreme Speed|p1a: Alomomola\n|-damage|p1a: Alomomola|0 fnt\n|faint|p1a: Alomomola\n|\n|upkeep\n|\n|t:|1783795100\n|switch|p1a: Kingdra|Kingdra, M|100/100\n|turn|26\n|\n|t:|1783795108\n|move|p2a: Extortion|Scale Shot|p1a: Kingdra\n|-supereffective|p1a: Kingdra\n|-damage|p1a: Kingdra|53/100\n|-supereffective|p1a: Kingdra\n|-damage|p1a: Kingdra|6/100\n|-supereffective|p1a: Kingdra\n|-damage|p1a: Kingdra|0 fnt\n|faint|p1a: Kingdra\n|-hitcount|p1: Kingdra|3\n|\n|win|PraiseLokix\n|raw|Josefe007's rating: 1223 &rarr; <strong>1201</strong><br />(-22 for losing)\n|raw|PraiseLokix's rating: 1270 &rarr; <strong>1292</strong><br />(+22 for winning)\n|l|☆Josefe007\n|player|p1|\n|l|☆PraiseLokix\n|player|p2|\n", "uploadtime": 1783795436, "views": 5, "formatid": "gen9ou", "rating": 1201, "private": 0, "password": null}