{"id": "gen9ou-2639189214", "format": "[Gen 9] OU", "players": ["thepeakmons", "celeryflingerer"], "log": "|j|☆thepeakmons\n|j|☆celeryflingerer\n|t:|1782431500\n|gametype|singles\n|player|p1|thepeakmons|101|1179\n|player|p2|celeryflingerer|ingo|1141\n|gen|9\n|tier|[Gen 9] OU\n|rated|\n|rule|HP Percentage Mod: HP is shown in percentages\n|rule|Endless Battle Clause: Forcing endless battles is banned\n|rule|Species Clause: Limit one of each Pokémon\n|rule|OHKO Clause: OHKO moves are banned\n|rule|Evasion Items Clause: Evasion items are banned\n|rule|Evasion Moves Clause: Evasion moves are banned\n|rule|Evasion Abilities Clause: Evasion abilities are banned\n|rule|Sleep Moves Clause: Sleep-inducing moves are banned\n|clearpoke\n|poke|p1|Gliscor, M|\n|poke|p1|Gholdengo|\n|poke|p1|Zamazenta-*|\n|poke|p1|Blissey, F|\n|poke|p1|Skarmory, F|\n|poke|p1|Pecharunt|\n|poke|p2|Azumarill, M|\n|poke|p2|Cetoddle, M|\n|poke|p2|Zoroark, F|\n|poke|p2|Cleffa, M|\n|poke|p2|Barboach, F|\n|poke|p2|Eiscue, F|\n|teampreview\n|inactive|Battle timer is ON: inactive players will automatically lose when time's up. (requested by celeryflingerer)\n|inactive|thepeakmons also wants the timer to be on.\n|\n|t:|1782431510\n|teamsize|p1|6\n|teamsize|p2|6\n|start\n|switch|p1a: Skarmory|Skarmory, F|100/100\n|switch|p2a: Azumarill|Azumarill, M|100/100\n|turn|1\n|\n|t:|1782431535\n|move|p1a: Skarmory|Spikes|p2a: Azumarill\n|-sidestart|p2: celeryflingerer|Spikes\n|move|p2a: Azumarill|Perish Song|p2a: Azumarill\n|-start|p1a: Skarmory|perish3|[silent]\n|-start|p2a: Azumarill|perish3|[silent]\n|-fieldactivate|move: Perish Song\n|\n|-start|p1a: Skarmory|perish3\n|-start|p2a: Azumarill|perish3\n|upkeep\n|turn|2\n|\n|t:|1782431541\n|move|p1a: Skarmory|Spikes|p2a: Azumarill\n|-sidestart|p2: celeryflingerer|Spikes\n|move|p2a: Azumarill|Substitute|p2a: Azumarill\n|-start|p2a: Azumarill|Substitute\n|-damage|p2a: Azumarill|75/100\n|\n|-heal|p2a: Azumarill|82/100|[from] item: Leftovers\n|-start|p1a: Skarmory|perish2\n|-start|p2a: Azumarill|perish2\n|upkeep\n|turn|3\n|\n|t:|1782431547\n|move|p2a: Azumarill|Protect|p2a: Azumarill\n|-singleturn|p2a: Azumarill|Protect\n|move|p1a: Skarmory|Spikes|p2a: Azumarill\n|-sidestart|p2: celeryflingerer|Spikes\n|\n|-heal|p2a: Azumarill|88/100|[from] item: Leftovers\n|-start|p1a: Skarmory|perish1\n|-start|p2a: Azumarill|perish1\n|upkeep\n|turn|4\n|\n|t:|1782431555\n|switch|p1a: Zamazenta|Zamazenta|100/100\n|-ability|p1a: Zamazenta|Dauntless Shield|boost\n|-boost|p1a: Zamazenta|def|1\n|move|p2a: Azumarill|Belly Drum|p2a: Azumarill\n|-damage|p2a: Azumarill|38/100\n|-setboost|p2a: Azumarill|atk|6|[from] move: Belly Drum\n|\n|-heal|p2a: Azumarill|44/100|[from] item: Leftovers\n|-start|p2a: Azumarill|perish0\n|upkeep\n|faint|p2a: Azumarill\n|\n|t:|1782431572\n|switch|p2a: Eiscue|Eiscue, F|100/100\n|-damage|p2a: Eiscue|76/100|[from] Spikes\n|turn|5\n|\n|t:|1782431585\n|move|p1a: Zamazenta|Close Combat|p2a: Eiscue\n|-activate|p2a: Eiscue|ability: Ice Face\n|-damage|p2a: Eiscue|76/100\n|-unboost|p1a: Zamazenta|def|1\n|-unboost|p1a: Zamazenta|spd|1\n|detailschange|p2a: Eiscue|Eiscue-Noice, F\n|move|p2a: Eiscue|Belly Drum|p2a: Eiscue\n|-damage|p2a: Eiscue|26/100\n|-setboost|p2a: Eiscue|atk|6|[from] move: Belly Drum\n|\n|upkeep\n|turn|6\n|\n|t:|1782431601\n|move|p1a: Zamazenta|Close Combat|p2a: Eiscue\n|-supereffective|p2a: Eiscue\n|-damage|p2a: Eiscue|0 fnt\n|-unboost|p1a: Zamazenta|def|1\n|-unboost|p1a: Zamazenta|spd|1\n|faint|p2a: Eiscue\n|\n|upkeep\n|\n|t:|1782431608\n|switch|p2a: Barboach|Barboach, F|100/100\n|-damage|p2a: Barboach|76/100|[from] Spikes\n|turn|7\n|\n|t:|1782431619\n|move|p1a: Zamazenta|Close Combat|p2a: Barboach\n|-supereffective|p2a: Barboach\n|-damage|p2a: Barboach|0 fnt\n|-unboost|p1a: Zamazenta|def|1\n|-unboost|p1a: Zamazenta|spd|1\n|replace|p2a: Zoroark|Zoroark, F\n|-end|p2a: Zoroark|Illusion\n|faint|p2a: Zoroark\n|\n|upkeep\n|-message|celeryflingerer forfeited.\n|\n|win|thepeakmons\n|raw|thepeakmons's rating: 1179 &rarr; <strong>1201</strong><br />(+22 for winning)\n|raw|celeryflingerer's rating: 1141 &rarr; <strong>1119</strong><br />(-22 for losing)\n|l|☆celeryflingerer\n|player|p2|\n", "uploadtime": 1782431625, "views": 30, "formatid": "gen9ou", "rating": 1119, "private": 0, "password": null}