{"id": "gen9ou-2647823354", "format": "[Gen 9] OU", "players": ["using_trash_teams", "jessies boyfriend"], "log": "|j|☆using_trash_teams\n|j|☆jessies boyfriend\n|t:|1783818877\n|gametype|singles\n|player|p1|using_trash_teams|169|1206\n|player|p2|jessies boyfriend|brock|1271\n|gen|9\n|tier|[Gen 9] OU\n|rated|\n|rule|HP Percentage Mod: HP is shown in percentages\n|rule|Endless Battle Clause: Forcing endless battles is banned\n|rule|Species Clause: Limit one of each Pokémon\n|rule|OHKO Clause: OHKO moves are banned\n|rule|Evasion Items Clause: Evasion items are banned\n|rule|Evasion Moves Clause: Evasion moves are banned\n|rule|Evasion Abilities Clause: Evasion abilities are banned\n|rule|Sleep Moves Clause: Sleep-inducing moves are banned\n|clearpoke\n|poke|p1|Mamoswine, M|\n|poke|p1|Sandy Shocks|\n|poke|p1|Iron Treads|\n|poke|p1|Landorus-Therian, M|\n|poke|p1|Garchomp, F|\n|poke|p1|Ursaluna, F|\n|poke|p2|Tatsugiri-Stretchy, F|\n|poke|p2|Tentacruel, M|\n|poke|p2|Cyclizar, F|\n|poke|p2|Forretress, M|\n|poke|p2|Great Tusk|\n|poke|p2|Kyurem|\n|teampreview\n|c|☆using_trash_teams|glhf\n|inactive|Battle timer is ON: inactive players will automatically lose when time's up. (requested by jessies boyfriend)\n|c|☆using_trash_teams|mono ground\n|\n|t:|1783818883\n|teamsize|p1|6\n|teamsize|p2|6\n|start\n|switch|p1a: Mamoswine|Mamoswine, M|100/100\n|switch|p2a: Forretress|Forretress, M|100/100\n|turn|1\n|\n|t:|1783818889\n|move|p1a: Mamoswine|Stealth Rock|p2a: Forretress\n|-sidestart|p2: jessies boyfriend|move: Stealth Rock\n|move|p2a: Forretress|Body Press|p1a: Mamoswine\n|-supereffective|p1a: Mamoswine\n|-damage|p1a: Mamoswine|30/100\n|\n|upkeep\n|turn|2\n|\n|t:|1783818892\n|move|p1a: Mamoswine|Endeavor|p2a: Forretress\n|-damage|p2a: Forretress|31/100\n|-damage|p1a: Mamoswine|13/100|[from] item: Rocky Helmet|[of] p2a: Forretress\n|move|p2a: Forretress|Rapid Spin|p1a: Mamoswine\n|-damage|p1a: Mamoswine|0 fnt\n|-boost|p2a: Forretress|spe|1\n|-sideend|p2: jessies boyfriend|Stealth Rock|[from] move: Rapid Spin|[of] p2a: Forretress\n|faint|p1a: Mamoswine\n|\n|upkeep\n|\n|t:|1783818901\n|switch|p1a: Garchomp|Garchomp, F|100/100\n|turn|3\n|\n|t:|1783818910\n|move|p1a: Garchomp|Fire Fang|p2a: Forretress\n|-supereffective|p2a: Forretress\n|-damage|p2a: Forretress|0 fnt\n|-damage|p1a: Garchomp|84/100|[from] item: Rocky Helmet|[of] p2a: Forretress\n|faint|p2a: Forretress\n|\n|upkeep\n|\n|t:|1783818913\n|switch|p2a: Kyurem|Kyurem|100/100\n|-ability|p2a: Kyurem|Pressure\n|turn|4\n|\n|t:|1783818922\n|-terastallize|p1a: Garchomp|Fire\n|move|p2a: Kyurem|Ice Beam|p1a: Garchomp\n|-resisted|p1a: Garchomp\n|-damage|p1a: Garchomp|57/100\n|move|p1a: Garchomp|Scale Shot|p2a: Kyurem\n|-supereffective|p2a: Kyurem\n|-damage|p2a: Kyurem|74/100\n|-supereffective|p2a: Kyurem\n|-damage|p2a: Kyurem|45/100\n|-supereffective|p2a: Kyurem\n|-damage|p2a: Kyurem|19/100\n|-supereffective|p2a: Kyurem\n|-damage|p2a: Kyurem|0 fnt\n|faint|p2a: Kyurem\n|-hitcount|p2: Kyurem|4\n|-unboost|p1a: Garchomp|def|1\n|-boost|p1a: Garchomp|spe|1\n|\n|upkeep\n|inactive|jessies boyfriend has 120 seconds left.\n|\n|t:|1783818961\n|switch|p2a: Great Tusk|Great Tusk|100/100\n|-enditem|p2a: Great Tusk|Booster Energy\n|-activate|p2a: Great Tusk|ability: Protosynthesis|[fromitem]\n|-start|p2a: Great Tusk|protosynthesisatk\n|turn|5\n|\n|t:|1783818967\n|switch|p1a: Landorus|Landorus-Therian, M|100/100\n|-ability|p1a: Landorus|Intimidate|boost\n|-unboost|p2a: Great Tusk|atk|1\n|move|p2a: Great Tusk|Bulk Up|p2a: Great Tusk\n|-boost|p2a: Great Tusk|atk|1\n|-boost|p2a: Great Tusk|def|1\n|\n|upkeep\n|turn|6\n|\n|t:|1783818972\n|move|p1a: Landorus|Fly||[still]\n|-prepare|p1a: Landorus|Fly\n|-enditem|p1a: Landorus|Power Herb\n|-anim|p1a: Landorus|Fly|p2a: Great Tusk\n|-supereffective|p2a: Great Tusk\n|-damage|p2a: Great Tusk|47/100\n|move|p2a: Great Tusk|Rapid Spin|p1a: Landorus\n|-damage|p1a: Landorus|76/100\n|-boost|p2a: Great Tusk|spe|1\n|\n|upkeep\n|turn|7\n|\n|t:|1783818982\n|move|p2a: Great Tusk|Bulk Up|p2a: Great Tusk\n|-boost|p2a: Great Tusk|atk|1\n|-boost|p2a: Great Tusk|def|1\n|move|p1a: Landorus|Fly||[still]\n|-prepare|p1a: Landorus|Fly\n|\n|upkeep\n|turn|8\n|\n|t:|1783818988\n|move|p2a: Great Tusk|Bulk Up|p2a: Great Tusk\n|-boost|p2a: Great Tusk|atk|1\n|-boost|p2a: Great Tusk|def|1\n|move|p1a: Landorus|Fly|p2a: Great Tusk|[from] lockedmove\n|-supereffective|p2a: Great Tusk\n|-crit|p2a: Great Tusk\n|-damage|p2a: Great Tusk|0 fnt\n|faint|p2a: Great Tusk\n|-end|p2a: Great Tusk|Protosynthesis|[silent]\n|\n|upkeep\n|c|☆using_trash_teams|sorry\n|\n|t:|1783818993\n|switch|p2a: Cyclizar|Cyclizar, F|100/100\n|turn|9\n|\n|t:|1783818998\n|move|p2a: Cyclizar|Ice Spinner|p1a: Landorus\n|-supereffective|p1a: Landorus\n|-damage|p1a: Landorus|0 fnt\n|faint|p1a: Landorus\n|\n|upkeep\n|\n|t:|1783819001\n|switch|p1a: Garchomp|Garchomp, F, tera:Fire|57/100\n|turn|10\n|\n|t:|1783819016\n|move|p2a: Cyclizar|Rapid Spin|p1a: Garchomp\n|-damage|p1a: Garchomp|38/100\n|-boost|p2a: Cyclizar|spe|1\n|-damage|p2a: Cyclizar|88/100|[from] ability: Rough Skin|[of] p1a: Garchomp\n|move|p1a: Garchomp|Scale Shot|p2a: Cyclizar\n|-supereffective|p2a: Cyclizar\n|-crit|p2a: Cyclizar\n|-damage|p2a: Cyclizar|40/100\n|-supereffective|p2a: Cyclizar\n|-damage|p2a: Cyclizar|5/100\n|-supereffective|p2a: Cyclizar\n|-damage|p2a: Cyclizar|0 fnt\n|faint|p2a: Cyclizar\n|-hitcount|p2: Cyclizar|3\n|-unboost|p1a: Garchomp|def|1\n|-boost|p1a: Garchomp|spe|1\n|\n|upkeep\n|\n|t:|1783819020\n|switch|p2a: Tatsugiri|Tatsugiri-Stretchy, F, shiny|100/100\n|turn|11\n|l|☆jessies boyfriend\n|inactive|jessies boyfriend disconnected and has a minute to reconnect!\n|player|p2|\n|j|☆jessies boyfriend\n|inactive|jessies boyfriend reconnected.\n|player|p2|jessies boyfriend|brock|\n|c|☆using_trash_teams|also why do we have kyurem bro. it doesn't learn rapid spin\n|\n|t:|1783819040\n|-terastallize|p2a: Tatsugiri|Fairy\n|move|p1a: Garchomp|Scale Shot|p2a: Tatsugiri\n|-immune|p2a: Tatsugiri\n|move|p2a: Tatsugiri|Hydro Pump|p1a: Garchomp\n|-supereffective|p1a: Garchomp\n|-damage|p1a: Garchomp|0 fnt\n|faint|p1a: Garchomp\n|\n|upkeep\n|\n|t:|1783819047\n|switch|p1a: Iron Treads|Iron Treads|100/100\n|turn|12\n|\n|t:|1783819051\n|move|p1a: Iron Treads|Iron Head|p2a: Tatsugiri\n|-supereffective|p2a: Tatsugiri\n|-damage|p2a: Tatsugiri|0 fnt\n|faint|p2a: Tatsugiri\n|\n|upkeep\n|\n|t:|1783819053\n|switch|p2a: Tentacruel|Tentacruel, M|100/100\n|turn|13\n|\n|t:|1783819058\n|move|p1a: Iron Treads|Earthquake|p2a: Tentacruel\n|-supereffective|p2a: Tentacruel\n|-damage|p2a: Tentacruel|0 fnt\n|faint|p2a: Tentacruel\n|\n|win|using_trash_teams\n|raw|using_trash_teams's rating: 1206 &rarr; <strong>1236</strong><br />(+30 for winning)\n|raw|jessies boyfriend's rating: 1271 &rarr; <strong>1241</strong><br />(-30 for losing)\n|c|☆using_trash_teams|gg\n|l|☆jessies boyfriend\n|player|p2|\n|c|☆using_trash_teams|hm\n|l|☆using_trash_teams\n|player|p1|\n", "uploadtime": 1783819075, "views": 14, "formatid": "gen9ou", "rating": 1236, "private": 0, "password": null}