{"id": "gen9ou-2639234044", "format": "[Gen 9] OU", "players": ["thepeakmons", "totalnoob69420"], "log": "|j|☆thepeakmons\n|j|☆totalnoob69420\n|t:|1782438095\n|gametype|singles\n|player|p1|thepeakmons|101|1168\n|player|p2|totalnoob69420|ltsurge|1166\n|gen|9\n|tier|[Gen 9] OU\n|rated|\n|rule|HP Percentage Mod: HP is shown in percentages\n|rule|Endless Battle Clause: Forcing endless battles is banned\n|rule|Species Clause: Limit one of each Pokémon\n|rule|OHKO Clause: OHKO moves are banned\n|rule|Evasion Items Clause: Evasion items are banned\n|rule|Evasion Moves Clause: Evasion moves are banned\n|rule|Evasion Abilities Clause: Evasion abilities are banned\n|rule|Sleep Moves Clause: Sleep-inducing moves are banned\n|clearpoke\n|poke|p1|Dondozo, M|\n|poke|p1|Clodsire, M|\n|poke|p1|Corviknight, M|\n|poke|p1|Slowking-Galar, F|\n|poke|p1|Gholdengo|\n|poke|p1|Garganacl, M|\n|poke|p2|Dragapult, F|\n|poke|p2|Gliscor, M|\n|poke|p2|Ogerpon-Wellspring, F|\n|poke|p2|Iron Crown|\n|poke|p2|Ting-Lu|\n|poke|p2|Kingambit, F|\n|teampreview\n|inactive|Battle timer is ON: inactive players will automatically lose when time's up. (requested by totalnoob69420)\n|inactive|thepeakmons also wants the timer to be on.\n|\n|t:|1782438121\n|teamsize|p1|6\n|teamsize|p2|6\n|start\n|switch|p1a: Clodsire|Clodsire, M|100/100\n|switch|p2a: Ogerpon|Ogerpon-Wellspring, F|100/100\n|turn|1\n|\n|t:|1782438128\n|move|p2a: Ogerpon|Taunt|p1a: Clodsire\n|-start|p1a: Clodsire|move: Taunt\n|cant|p1a: Clodsire|move: Taunt|Toxic\n|\n|upkeep\n|turn|2\n|\n|t:|1782438141\n|switch|p1a: Dondozo|Dondozo, M|100/100\n|move|p2a: Ogerpon|Ivy Cudgel|p1a: Dondozo|[anim] Ivy Cudgel Water\n|-resisted|p1a: Dondozo\n|-damage|p1a: Dondozo|88/100\n|\n|upkeep\n|turn|3\n|\n|t:|1782438159\n|move|p2a: Ogerpon|Taunt|p1a: Dondozo\n|-start|p1a: Dondozo|move: Taunt\n|move|p1a: Dondozo|Body Press|p2a: Ogerpon\n|-damage|p2a: Ogerpon|64/100\n|\n|upkeep\n|turn|4\n|\n|t:|1782438171\n|switch|p1a: Corviknight|Corviknight, M|100/100\n|-ability|p1a: Corviknight|Pressure\n|move|p2a: Ogerpon|Knock Off|p1a: Corviknight\n|-damage|p1a: Corviknight|76/100\n|-enditem|p1a: Corviknight|Heavy-Duty Boots|[from] move: Knock Off|[of] p2a: Ogerpon\n|\n|upkeep\n|turn|5\n|\n|t:|1782438185\n|move|p2a: Ogerpon|U-turn|p1a: Corviknight\n|-resisted|p1a: Corviknight\n|-damage|p1a: Corviknight|71/100\n|\n|t:|1782438206\n|switch|p2a: Dragapult|Dragapult, F|100/100|[from] U-turn\n|move|p1a: Corviknight|U-turn|p2a: Dragapult\n|-resisted|p2a: Dragapult\n|-damage|p2a: Dragapult|91/100\n|inactive|thepeakmons has 120 seconds left.\n|\n|t:|1782438246\n|switch|p1a: Clodsire|Clodsire, M|100/100|[from] U-turn\n|\n|upkeep\n|turn|6\n|c|☆totalnoob69420|I goofed..\n|inactive|thepeakmons has 90 seconds left.\n|\n|t:|1782438281\n|move|p2a: Dragapult|Will-O-Wisp|p1a: Clodsire\n|-status|p1a: Clodsire|brn\n|move|p1a: Clodsire|Stealth Rock|p2a: Dragapult\n|-sidestart|p2: totalnoob69420|move: Stealth Rock\n|\n|-damage|p1a: Clodsire|94/100 brn|[from] brn\n|upkeep\n|turn|7\n|inactive|thepeakmons has 90 seconds left.\n|inactive|totalnoob69420 has 120 seconds left.\n|\n|t:|1782438320\n|switch|p2a: Ogerpon|Ogerpon-Wellspring, F|64/100\n|-damage|p2a: Ogerpon|51/100|[from] Stealth Rock\n|switch|p1a: Gholdengo|Gholdengo|100/100\n|\n|upkeep\n|turn|8\n|inactive|thepeakmons has 90 seconds left.\n|inactive|totalnoob69420 has 120 seconds left.\n|\n|t:|1782438332\n|move|p2a: Ogerpon|Knock Off|p1a: Gholdengo\n|-supereffective|p1a: Gholdengo\n|-damage|p1a: Gholdengo|42/100\n|-enditem|p1a: Gholdengo|Heavy-Duty Boots|[from] move: Knock Off|[of] p2a: Ogerpon\n|move|p1a: Gholdengo|Nasty Plot|p1a: Gholdengo\n|-boost|p1a: Gholdengo|spa|2\n|\n|upkeep\n|turn|9\n|inactive|thepeakmons has 90 seconds left.\n|\n|t:|1782438344\n|switch|p1a: Dondozo|Dondozo, M|88/100\n|move|p2a: Ogerpon|Knock Off|p1a: Dondozo\n|-damage|p1a: Dondozo|71/100\n|-enditem|p1a: Dondozo|Heavy-Duty Boots|[from] move: Knock Off|[of] p2a: Ogerpon\n|\n|upkeep\n|turn|10\n|inactive|thepeakmons has 90 seconds left.\n|\n|t:|1782438357\n|move|p2a: Ogerpon|U-turn|p1a: Dondozo\n|-damage|p1a: Dondozo|59/100\n|\n|t:|1782438361\n|switch|p2a: Ting-Lu|Ting-Lu|100/100|[from] U-turn\n|-damage|p2a: Ting-Lu|94/100|[from] Stealth Rock\n|-ability|p2a: Ting-Lu|Vessel of Ruin\n|move|p1a: Dondozo|Body Press|p2a: Ting-Lu\n|-supereffective|p2a: Ting-Lu\n|-damage|p2a: Ting-Lu|62/100\n|-damage|p1a: Dondozo|42/100|[from] item: Rocky Helmet|[of] p2a: Ting-Lu\n|\n|upkeep\n|turn|11\n|inactive|thepeakmons has 90 seconds left.\n|\n|t:|1782438382\n|move|p2a: Ting-Lu|Stealth Rock|p1a: Dondozo\n|-sidestart|p1: thepeakmons|move: Stealth Rock\n|move|p1a: Dondozo|Body Press|p2a: Ting-Lu\n|-supereffective|p2a: Ting-Lu\n|-damage|p2a: Ting-Lu|27/100\n|-damage|p1a: Dondozo|26/100|[from] item: Rocky Helmet|[of] p2a: Ting-Lu\n|\n|upkeep\n|turn|12\n|inactive|totalnoob69420 has 120 seconds left.\n|\n|t:|1782438407\n|switch|p2a: Gliscor|Gliscor, M|100/100\n|-damage|p2a: Gliscor|88/100|[from] Stealth Rock\n|move|p1a: Dondozo|Rest|p1a: Dondozo\n|-status|p1a: Dondozo|slp|[from] move: Rest\n|-heal|p1a: Dondozo|100/100 slp|[silent]\n|\n|-status|p2a: Gliscor|tox|[from] item: Toxic Orb\n|upkeep\n|turn|13\n|inactive|totalnoob69420 has 120 seconds left.\n|\n|t:|1782438427\n|switch|p1a: Gholdengo|Gholdengo|42/100\n|-damage|p1a: Gholdengo|36/100|[from] Stealth Rock\n|move|p2a: Gliscor|Toxic Spikes|p1a: Gholdengo\n|-sidestart|p1: thepeakmons|move: Toxic Spikes\n|\n|-heal|p2a: Gliscor|100/100 tox|[from] ability: Poison Heal\n|upkeep\n|turn|14\n|inactive|totalnoob69420 has 120 seconds left.\n|\n|t:|1782438459\n|switch|p1a: Corviknight|Corviknight, M|71/100\n|-damage|p1a: Corviknight|59/100|[from] Stealth Rock\n|-ability|p1a: Corviknight|Pressure\n|move|p2a: Gliscor|Earthquake|p1a: Corviknight\n|-immune|p1a: Corviknight\n|\n|upkeep\n|turn|15\n|c|☆totalnoob69420|tuff\n|inactive|totalnoob69420 has 90 seconds left.\n|\n|t:|1782438491\n|switch|p2a: Ting-Lu|Ting-Lu|27/100\n|-damage|p2a: Ting-Lu|21/100|[from] Stealth Rock\n|-ability|p2a: Ting-Lu|Vessel of Ruin\n|move|p1a: Corviknight|Roost|p1a: Corviknight\n|-heal|p1a: Corviknight|100/100\n|-singleturn|p1a: Corviknight|move: Roost\n|\n|upkeep\n|turn|16\n|\n|t:|1782438500\n|move|p2a: Ting-Lu|Ruination|p1a: Corviknight\n|-damage|p1a: Corviknight|51/100\n|move|p1a: Corviknight|Brave Bird|p2a: Ting-Lu\n|-damage|p2a: Ting-Lu|0 fnt\n|-damage|p1a: Corviknight|34/100|[from] item: Rocky Helmet|[of] p2a: Ting-Lu\n|faint|p2a: Ting-Lu\n|-damage|p1a: Corviknight|26/100|[from] Recoil\n|\n|upkeep\n|\n|t:|1782438512\n|switch|p2a: Gliscor|Gliscor, M|100/100 tox\n|-damage|p2a: Gliscor|88/100 tox|[from] Stealth Rock\n|turn|17\n|inactive|thepeakmons has 90 seconds left.\n|c|☆totalnoob69420|clicked the wrong thing\n|\n|t:|1782438532\n|switch|p2a: Dragapult|Dragapult, F|91/100\n|move|p1a: Corviknight|Roost|p1a: Corviknight\n|-heal|p1a: Corviknight|76/100\n|-singleturn|p1a: Corviknight|move: Roost\n|\n|upkeep\n|turn|18\n|\n|t:|1782438541\n|move|p2a: Dragapult|Will-O-Wisp|p1a: Corviknight\n|-status|p1a: Corviknight|brn\n|move|p1a: Corviknight|Brave Bird|p2a: Dragapult\n|-damage|p2a: Dragapult|66/100\n|-damage|p1a: Corviknight|70/100 brn|[from] Recoil\n|\n|-damage|p1a: Corviknight|64/100 brn|[from] brn\n|upkeep\n|turn|19\n|\n|t:|1782438552\n|move|p2a: Dragapult|Hex|p1a: Corviknight\n|-damage|p1a: Corviknight|8/100 brn\n|move|p1a: Corviknight|Defog|p2a: Dragapult\n|-unboost|p2a: Dragapult|evasion|1\n|-sideend|p2: totalnoob69420|Stealth Rock|[from] move: Defog|[of] p1a: Corviknight\n|-sideend|p1: thepeakmons|Toxic Spikes|[from] move: Defog|[of] p1a: Corviknight\n|-sideend|p1: thepeakmons|Stealth Rock|[from] move: Defog|[of] p1a: Corviknight\n|\n|-damage|p1a: Corviknight|2/100 brn|[from] brn\n|upkeep\n|turn|20\n|inactive|thepeakmons has 90 seconds left.\n|\n|t:|1782438568\n|switch|p1a: Garganacl|Garganacl, M|100/100\n|move|p2a: Dragapult|Hex|p1a: Garganacl\n|-damage|p1a: Garganacl|89/100\n|\n|-heal|p1a: Garganacl|95/100|[from] item: Leftovers\n|upkeep\n|turn|21\n|inactive|totalnoob69420 has 90 seconds left.\n|inactive|thepeakmons has 90 seconds left.\n|\n|t:|1782438586\n|move|p2a: Dragapult|U-turn|p1a: Garganacl\n|-damage|p1a: Garganacl|85/100\n|\n|t:|1782438606\n|switch|p2a: Gliscor|Gliscor, M|88/100 tox|[from] U-turn\n|move|p1a: Garganacl|Salt Cure|p2a: Gliscor\n|-damage|p2a: Gliscor|76/100 tox\n|-start|p2a: Gliscor|Salt Cure\n|\n|-heal|p1a: Garganacl|92/100|[from] item: Leftovers\n|-heal|p2a: Gliscor|89/100 tox|[from] ability: Poison Heal\n|-damage|p2a: Gliscor|76/100 tox|[from] Salt Cure\n|upkeep\n|turn|22\n|inactive|thepeakmons has 90 seconds left.\n|\n|t:|1782438621\n|move|p2a: Gliscor|Toxic Spikes|p1a: Garganacl\n|-sidestart|p1: thepeakmons|move: Toxic Spikes\n|move|p1a: Garganacl|Curse|p1a: Garganacl\n|-unboost|p1a: Garganacl|spe|1\n|-boost|p1a: Garganacl|atk|1\n|-boost|p1a: Garganacl|def|1\n|\n|-heal|p1a: Garganacl|98/100|[from] item: Leftovers\n|-heal|p2a: Gliscor|89/100 tox|[from] ability: Poison Heal\n|-damage|p2a: Gliscor|76/100 tox|[from] Salt Cure\n|upkeep\n|turn|23\n|\n|t:|1782438632\n|move|p2a: Gliscor|Protect|p2a: Gliscor\n|-singleturn|p2a: Gliscor|Protect\n|move|p1a: Garganacl|Salt Cure|p2a: Gliscor\n|-activate|p2a: Gliscor|move: Protect\n|\n|-heal|p1a: Garganacl|100/100|[from] item: Leftovers\n|-heal|p2a: Gliscor|89/100 tox|[from] ability: Poison Heal\n|-damage|p2a: Gliscor|76/100 tox|[from] Salt Cure\n|upkeep\n|turn|24\n|\n|t:|1782438642\n|move|p2a: Gliscor|Earthquake|p1a: Garganacl\n|-supereffective|p1a: Garganacl\n|-damage|p1a: Garganacl|77/100\n|move|p1a: Garganacl|Salt Cure|p2a: Gliscor\n|-damage|p2a: Gliscor|58/100 tox\n|\n|-heal|p1a: Garganacl|83/100|[from] item: Leftovers\n|-heal|p2a: Gliscor|71/100 tox|[from] ability: Poison Heal\n|-damage|p2a: Gliscor|58/100 tox|[from] Salt Cure\n|upkeep\n|turn|25\n|\n|t:|1782438659\n|move|p2a: Gliscor|Toxic Spikes|p1a: Garganacl\n|-sidestart|p1: thepeakmons|move: Toxic Spikes\n|move|p1a: Garganacl|Recover|p1a: Garganacl\n|-heal|p1a: Garganacl|100/100\n|\n|-heal|p2a: Gliscor|71/100 tox|[from] ability: Poison Heal\n|-damage|p2a: Gliscor|58/100 tox|[from] Salt Cure\n|upkeep\n|turn|26\n|inactive|thepeakmons has 90 seconds left.\n|\n|t:|1782438675\n|switch|p2a: Ogerpon|Ogerpon-Wellspring, F|51/100\n|move|p1a: Garganacl|Curse|p1a: Garganacl\n|-unboost|p1a: Garganacl|spe|1\n|-boost|p1a: Garganacl|atk|1\n|-boost|p1a: Garganacl|def|1\n|\n|upkeep\n|turn|27\n|inactive|thepeakmons has 90 seconds left.\n|\n|t:|1782438689\n|-terastallize|p2a: Ogerpon|Water\n|detailschange|p2a: Ogerpon|Ogerpon-Wellspring-Tera, F, tera:Water\n|-ability|p2a: Ogerpon|Embody Aspect (Wellspring)|boost\n|-boost|p2a: Ogerpon|spd|1\n|move|p1a: Garganacl|Protect|p1a: Garganacl\n|-singleturn|p1a: Garganacl|Protect\n|move|p2a: Ogerpon|Ivy Cudgel|p1a: Garganacl|[anim] Ivy Cudgel Water\n|-activate|p1a: Garganacl|move: Protect\n|\n|upkeep\n|turn|28\n|inactive|thepeakmons has 90 seconds left.\n|\n|t:|1782438700\n|move|p2a: Ogerpon|Ivy Cudgel|p1a: Garganacl|[anim] Ivy Cudgel Water\n|-supereffective|p1a: Garganacl\n|-damage|p1a: Garganacl|58/100\n|move|p1a: Garganacl|Salt Cure|p2a: Ogerpon\n|-damage|p2a: Ogerpon|18/100\n|-start|p2a: Ogerpon|Salt Cure\n|\n|-heal|p1a: Garganacl|64/100|[from] item: Leftovers\n|-damage|p2a: Ogerpon|0 fnt|[from] Salt Cure\n|faint|p2a: Ogerpon\n|detailschange|p2: Ogerpon|Ogerpon-Wellspring, F|[silent]\n|upkeep\n|inactive|totalnoob69420 has 60 seconds left.\n|\n|t:|1782438722\n|switch|p2a: Dragapult|Dragapult, F|66/100\n|turn|29\n|\n|t:|1782438728\n|move|p1a: Garganacl|Protect|p1a: Garganacl\n|-singleturn|p1a: Garganacl|Protect\n|move|p2a: Dragapult|Hex|p1a: Garganacl\n|-activate|p1a: Garganacl|move: Protect\n|\n|-heal|p1a: Garganacl|70/100|[from] item: Leftovers\n|upkeep\n|turn|30\n|\n|t:|1782438736\n|move|p2a: Dragapult|Hex|p1a: Garganacl\n|-damage|p1a: Garganacl|58/100\n|move|p1a: Garganacl|Salt Cure|p2a: Dragapult\n|-damage|p2a: Dragapult|28/100\n|-start|p2a: Dragapult|Salt Cure\n|\n|-heal|p1a: Garganacl|65/100|[from] item: Leftovers\n|-damage|p2a: Dragapult|15/100|[from] Salt Cure\n|upkeep\n|turn|31\n|\n|t:|1782438755\n|switch|p1a: Gholdengo|Gholdengo|36/100\n|move|p2a: Dragapult|U-turn|p1a: Gholdengo\n|-resisted|p1a: Gholdengo\n|-damage|p1a: Gholdengo|33/100\n|\n|t:|1782438770\n|switch|p2a: Kingambit|Kingambit, F|100/100|[from] U-turn\n|-activate|p2a: Kingambit|ability: Supreme Overlord\n|-start|p2a: Kingambit|fallen2|[silent]\n|-item|p2a: Kingambit|Air Balloon\n|\n|upkeep\n|turn|32\n|\n|t:|1782438783\n|move|p2a: Kingambit|Sucker Punch||[still]\n|-fail|p2a: Kingambit\n|move|p1a: Gholdengo|Recover|p1a: Gholdengo\n|-heal|p1a: Gholdengo|83/100\n|\n|upkeep\n|turn|33\n|\n|t:|1782438790\n|move|p1a: Gholdengo|Nasty Plot|p1a: Gholdengo\n|-boost|p1a: Gholdengo|spa|2\n|move|p2a: Kingambit|Kowtow Cleave|p1a: Gholdengo\n|-supereffective|p1a: Gholdengo\n|-damage|p1a: Gholdengo|0 fnt\n|faint|p1a: Gholdengo\n|\n|upkeep\n|\n|t:|1782438802\n|switch|p1a: Garganacl|Garganacl, M|65/100\n|turn|34\n|\n|t:|1782438811\n|move|p2a: Kingambit|Low Kick|p1a: Garganacl\n|-supereffective|p1a: Garganacl\n|-damage|p1a: Garganacl|12/100\n|move|p1a: Garganacl|Salt Cure|p2a: Kingambit\n|-resisted|p2a: Kingambit\n|-damage|p2a: Kingambit|95/100\n|-start|p2a: Kingambit|Salt Cure\n|-enditem|p2a: Kingambit|Air Balloon\n|\n|-heal|p1a: Garganacl|18/100|[from] item: Leftovers\n|-damage|p2a: Kingambit|70/100|[from] Salt Cure\n|upkeep\n|turn|35\n|inactive|totalnoob69420 has 90 seconds left.\n|\n|t:|1782438837\n|move|p1a: Garganacl|Protect|p1a: Garganacl\n|-singleturn|p1a: Garganacl|Protect\n|move|p2a: Kingambit|Kowtow Cleave|p1a: Garganacl\n|-activate|p1a: Garganacl|move: Protect\n|\n|-heal|p1a: Garganacl|24/100|[from] item: Leftovers\n|-damage|p2a: Kingambit|45/100|[from] Salt Cure\n|upkeep\n|turn|36\n|inactive|totalnoob69420 has 90 seconds left.\n|inactive|thepeakmons has 90 seconds left.\n|\n|t:|1782438852\n|move|p1a: Garganacl|Protect||[still]\n|-fail|p1a: Garganacl\n|move|p2a: Kingambit|Kowtow Cleave|p1a: Garganacl\n|-damage|p1a: Garganacl|0 fnt\n|faint|p1a: Garganacl\n|\n|-damage|p2a: Kingambit|20/100|[from] Salt Cure\n|upkeep\n|inactive|thepeakmons has 90 seconds left.\n|\n|t:|1782438860\n|switch|p1a: Dondozo|Dondozo, M|100/100 slp\n|turn|37\n|\n|t:|1782438867\n|move|p2a: Kingambit|Sucker Punch|p1a: Dondozo\n|-damage|p1a: Dondozo|80/100 slp\n|cant|p1a: Dondozo|slp\n|\n|-damage|p2a: Kingambit|0 fnt|[from] Salt Cure\n|faint|p2a: Kingambit\n|-end|p2a: Kingambit|fallen2|[silent]\n|upkeep\n|\n|t:|1782438881\n|switch|p2a: Dragapult|Dragapult, F|15/100\n|turn|38\n|\n|t:|1782438894\n|switch|p1a: Slowking|Slowking-Galar, F|100/100\n|-sideend|p1: thepeakmons|move: Toxic Spikes|[of] p1a: Slowking\n|move|p2a: Dragapult|Hex|p1a: Slowking\n|-supereffective|p1a: Slowking\n|-damage|p1a: Slowking|70/100\n|\n|upkeep\n|turn|39\n|\n|t:|1782438912\n|switch|p1a: Corviknight|Corviknight, M|2/100 brn\n|-ability|p1a: Corviknight|Pressure\n|move|p2a: Dragapult|Will-O-Wisp|p1a: Corviknight\n|-fail|p1a: Corviknight|brn\n|\n|-damage|p1a: Corviknight|0 fnt|[from] brn\n|faint|p1a: Corviknight\n|upkeep\n|\n|t:|1782438920\n|switch|p1a: Slowking|Slowking-Galar, F|100/100\n|turn|40\n|\n|t:|1782438928\n|move|p2a: Dragapult|Will-O-Wisp|p1a: Slowking\n|-status|p1a: Slowking|brn\n|move|p1a: Slowking|Ice Beam|p2a: Dragapult\n|-supereffective|p2a: Dragapult\n|-damage|p2a: Dragapult|0 fnt\n|faint|p2a: Dragapult\n|\n|-damage|p1a: Slowking|94/100 brn|[from] brn\n|upkeep\n|\n|t:|1782438947\n|switch|p2a: Iron Crown|Iron Crown|100/100\n|-enditem|p2a: Iron Crown|Booster Energy\n|-activate|p2a: Iron Crown|ability: Quark Drive|[fromitem]\n|-start|p2a: Iron Crown|quarkdrivespe\n|turn|41\n|\n|t:|1782438956\n|move|p2a: Iron Crown|Calm Mind|p2a: Iron Crown\n|-boost|p2a: Iron Crown|spa|1\n|-boost|p2a: Iron Crown|spd|1\n|-prepare|p1a: Slowking|Chilly Reception|[premajor]\n|move|p1a: Slowking|Chilly Reception|p1a: Slowking\n|-weather|Snowscape\n|\n|t:|1782438967\n|switch|p1a: Dondozo|Dondozo, M|80/100 slp|[from] Chilly Reception\n|\n|-weather|Snowscape|[upkeep]\n|upkeep\n|turn|42\n|\n|t:|1782438979\n|move|p2a: Iron Crown|Psychic|p1a: Dondozo\n|-damage|p1a: Dondozo|37/100 slp\n|cant|p1a: Dondozo|slp\n|\n|-weather|Snowscape|[upkeep]\n|upkeep\n|turn|43\n|inactive|totalnoob69420 has 120 seconds left.\n|\n|t:|1782438994\n|switch|p1a: Slowking|Slowking-Galar, F|100/100 brn\n|move|p2a: Iron Crown|Psychic|p1a: Slowking\n|-damage|p1a: Slowking|60/100 brn\n|\n|-weather|Snowscape|[upkeep]\n|-damage|p1a: Slowking|54/100 brn|[from] brn\n|upkeep\n|turn|44\n|inactive|totalnoob69420 has 120 seconds left.\n|inactive|thepeakmons has 90 seconds left.\n|\n|t:|1782439016\n|move|p2a: Iron Crown|Tachyon Cutter|p1a: Slowking\n|-damage|p1a: Slowking|32/100 brn\n|-damage|p1a: Slowking|10/100 brn\n|-hitcount|p1a: Slowking|2\n|-prepare|p1a: Slowking|Chilly Reception|[premajor]\n|move|p1a: Slowking|Chilly Reception|p1a: Slowking\n|inactive|thepeakmons has 90 seconds left.\n|\n|t:|1782439033\n|switch|p1a: Dondozo|Dondozo, M|37/100 slp|[from] Chilly Reception\n|\n|-weather|Snowscape|[upkeep]\n|upkeep\n|turn|45\n|\n|t:|1782439045\n|switch|p1a: Slowking|Slowking-Galar, F|43/100 brn\n|move|p2a: Iron Crown|Psychic|p1a: Slowking\n|-damage|p1a: Slowking|5/100 brn\n|\n|-weather|none\n|-damage|p1a: Slowking|0 fnt|[from] brn\n|faint|p1a: Slowking\n|upkeep\n|inactive|thepeakmons has 60 seconds left.\n|\n|t:|1782439070\n|switch|p1a: Clodsire|Clodsire, M|94/100 brn\n|turn|46\n|inactive|thepeakmons has 60 seconds left.\n|\n|t:|1782439091\n|move|p2a: Iron Crown|Psychic|p1a: Clodsire\n|-supereffective|p1a: Clodsire\n|-damage|p1a: Clodsire|25/100 brn\n|move|p1a: Clodsire|Earthquake|p2a: Iron Crown\n|-supereffective|p2a: Iron Crown\n|-damage|p2a: Iron Crown|72/100\n|\n|-damage|p1a: Clodsire|19/100 brn|[from] brn\n|upkeep\n|turn|47\n|\n|t:|1782439106\n|switch|p1a: Dondozo|Dondozo, M|37/100 slp\n|move|p2a: Iron Crown|Psychic|p1a: Dondozo\n|-damage|p1a: Dondozo|0 fnt\n|faint|p1a: Dondozo\n|\n|upkeep\n|\n|t:|1782439124\n|switch|p1a: Clodsire|Clodsire, M|19/100 brn\n|turn|48\n|\n|t:|1782439135\n|move|p2a: Iron Crown|Psychic|p1a: Clodsire\n|-supereffective|p1a: Clodsire\n|-damage|p1a: Clodsire|0 fnt\n|faint|p1a: Clodsire\n|\n|win|totalnoob69420\n|raw|thepeakmons's rating: 1178 &rarr; <strong>1152</strong><br />(-26 for losing)\n|raw|totalnoob69420's rating: 1166 &rarr; <strong>1192</strong><br />(+26 for winning)\n|c|☆totalnoob69420|gg\n", "uploadtime": 1782439140, "views": 12, "formatid": "gen9ou", "rating": 1152, "private": 0, "password": null}