{"id": "gen9ou-2639253290", "format": "[Gen 9] OU", "players": ["grgwrgwegwe", "poor team design"], "log": "|j|☆grgwrgwegwe\n|j|☆poor team design\n|t:|1782440893\n|gametype|singles\n|player|p1|grgwrgwegwe|nurse|1269\n|player|p2|poor team design|266|1356\n|gen|9\n|tier|[Gen 9] OU\n|rated|\n|rule|HP Percentage Mod: HP is shown in percentages\n|rule|Endless Battle Clause: Forcing endless battles is banned\n|rule|Species Clause: Limit one of each Pokémon\n|rule|OHKO Clause: OHKO moves are banned\n|rule|Evasion Items Clause: Evasion items are banned\n|rule|Evasion Moves Clause: Evasion moves are banned\n|rule|Evasion Abilities Clause: Evasion abilities are banned\n|rule|Sleep Moves Clause: Sleep-inducing moves are banned\n|clearpoke\n|poke|p1|Typhlosion-Hisui, F|\n|poke|p1|Iron Boulder|\n|poke|p1|Squawkabilly-Yellow, M|\n|poke|p1|Sylveon, F|\n|poke|p1|Slaking, F|\n|poke|p1|Great Tusk|\n|poke|p2|Dragonite, M|\n|poke|p2|Hatterene, F|\n|poke|p2|Iron Treads|\n|poke|p2|Okidogi, M|\n|poke|p2|Ogerpon-Wellspring, F|\n|poke|p2|Darkrai|\n|teampreview\n|\n|t:|1782440903\n|teamsize|p1|6\n|teamsize|p2|6\n|start\n|switch|p1a: Squawkabilly|Squawkabilly-Yellow, M, shiny|100/100\n|switch|p2a: Iron Treads|Iron Treads|100/100\n|-item|p2a: Iron Treads|Air Balloon\n|turn|1\n|\n|t:|1782440909\n|move|p1a: Squawkabilly|Final Gambit|p2a: Iron Treads\n|-damage|p2a: Iron Treads|0 fnt\n|-enditem|p2a: Iron Treads|Air Balloon\n|faint|p1a: Squawkabilly\n|faint|p2a: Iron Treads\n|-end|p2a: Iron Treads|Quark Drive|[silent]\n|\n|upkeep\n|inactive|Battle timer is ON: inactive players will automatically lose when time's up. (requested by grgwrgwegwe)\n|\n|t:|1782440927\n|switch|p2a: Ogerpon|Ogerpon-Wellspring, F|100/100\n|switch|p1a: Iron Boulder|Iron Boulder|100/100\n|turn|2\n|\n|t:|1782440950\n|-terastallize|p1a: Iron Boulder|Rock\n|move|p1a: Iron Boulder|Stone Edge|p2a: Ogerpon\n|-damage|p2a: Ogerpon|8/100\n|move|p2a: Ogerpon|Ivy Cudgel|p1a: Iron Boulder|[anim] Ivy Cudgel Water\n|-supereffective|p1a: Iron Boulder\n|-damage|p1a: Iron Boulder|0 fnt\n|faint|p1a: Iron Boulder\n|-end|p1a: Iron Boulder|Quark Drive|[silent]\n|\n|upkeep\n|\n|t:|1782440959\n|switch|p1a: Typhlosion|Typhlosion-Hisui, F, shiny|100/100\n|-item|p2a: Ogerpon|Wellspring Mask|[from] ability: Frisk|[of] p1a: Typhlosion\n|turn|3\n|\n|t:|1782440965\n|move|p1a: Typhlosion|Eruption|p2a: Ogerpon\n|-damage|p2a: Ogerpon|0 fnt\n|faint|p2a: Ogerpon\n|\n|upkeep\n|\n|t:|1782440986\n|switch|p2a: Dragonite|Dragonite, M|100/100\n|turn|4\n|\n|t:|1782440990\n|move|p1a: Typhlosion|Eruption|p2a: Dragonite\n|-resisted|p2a: Dragonite\n|-damage|p2a: Dragonite|83/100\n|move|p2a: Dragonite|Scale Shot|p1a: Typhlosion\n|-damage|p1a: Typhlosion|80/100\n|-damage|p1a: Typhlosion|58/100\n|-crit|p1a: Typhlosion\n|-damage|p1a: Typhlosion|27/100\n|-damage|p1a: Typhlosion|4/100\n|-hitcount|p1a: Typhlosion|4\n|-unboost|p2a: Dragonite|def|1\n|-boost|p2a: Dragonite|spe|1\n|\n|upkeep\n|turn|5\n|\n|t:|1782441006\n|switch|p1a: Uno Reverse|Great Tusk|100/100\n|-enditem|p1a: Uno Reverse|Booster Energy\n|-activate|p1a: Uno Reverse|ability: Protosynthesis|[fromitem]\n|-start|p1a: Uno Reverse|protosynthesisspe\n|move|p2a: Dragonite|Dragon Dance|p2a: Dragonite\n|-boost|p2a: Dragonite|atk|1\n|-boost|p2a: Dragonite|spe|1\n|\n|upkeep\n|turn|6\n|\n|t:|1782441018\n|switch|p2a: Hatterene|Hatterene, F|100/100\n|move|p1a: Uno Reverse|Head Smash|p2a: Hatterene\n|-damage|p2a: Hatterene|61/100\n|-damage|p1a: Uno Reverse|84/100|[from] item: Rocky Helmet|[of] p2a: Hatterene\n|-damage|p1a: Uno Reverse|69/100|[from] Recoil\n|\n|upkeep\n|turn|7\n|\n|t:|1782441028\n|-end|p1a: Uno Reverse|Protosynthesis|[silent]\n|switch|p1a: >.*{|Slaking, F|100/100\n|move|p2a: Hatterene|Draining Kiss|p1a: >.*{\n|-damage|p1a: >.*{|84/100\n|-heal|p2a: Hatterene|79/100|[from] drain|[of] p1a: >.*{\n|\n|upkeep\n|turn|8\n|\n|t:|1782441032\n|move|p1a: >.*{|Mega Kick|p2a: Hatterene\n|-damage|p2a: Hatterene|0 fnt\n|-damage|p1a: >.*{|67/100|[from] item: Rocky Helmet|[of] p2a: Hatterene\n|faint|p2a: Hatterene\n|\n|upkeep\n|\n|t:|1782441048\n|switch|p2a: Okidogi|Okidogi, M|100/100\n|turn|9\n|\n|t:|1782441054\n|switch|p1a: Uno Reverse|Great Tusk|69/100\n|move|p2a: Okidogi|Gunk Shot|p1a: Uno Reverse\n|-resisted|p1a: Uno Reverse\n|-damage|p1a: Uno Reverse|46/100\n|\n|upkeep\n|turn|10\n|\n|t:|1782441072\n|switch|p2a: Dragonite|Dragonite, M|83/100\n|move|p1a: Uno Reverse|Bulk Up|p1a: Uno Reverse\n|-boost|p1a: Uno Reverse|atk|1\n|-boost|p1a: Uno Reverse|def|1\n|\n|upkeep\n|turn|11\n|\n|t:|1782441078\n|move|p1a: Uno Reverse|Head Smash|p2a: Dragonite|[miss]\n|-miss|p1a: Uno Reverse|p2a: Dragonite\n|move|p2a: Dragonite|Encore|p1a: Uno Reverse\n|-start|p1a: Uno Reverse|Encore\n|\n|upkeep\n|turn|12\n|\n|t:|1782441085\n|move|p1a: Uno Reverse|Head Smash|p2a: Dragonite\n|-supereffective|p2a: Dragonite\n|-damage|p2a: Dragonite|0 fnt\n|faint|p2a: Dragonite\n|-damage|p1a: Uno Reverse|16/100|[from] Recoil\n|\n|upkeep\n|\n|t:|1782441089\n|switch|p2a: Darkrai|Darkrai|100/100\n|turn|13\n|\n|t:|1782441098\n|move|p2a: Darkrai|Dark Pulse|p1a: Uno Reverse\n|-resisted|p1a: Uno Reverse\n|-damage|p1a: Uno Reverse|0 fnt\n|faint|p1a: Uno Reverse\n|-end|p1a: Uno Reverse|Protosynthesis|[silent]\n|\n|upkeep\n|\n|t:|1782441100\n|switch|p1a: Typhlosion|Typhlosion-Hisui, F, shiny|4/100\n|-item|p2a: Darkrai|Focus Sash|[from] ability: Frisk|[of] p1a: Typhlosion\n|turn|14\n|\n|t:|1782441106\n|move|p1a: Typhlosion|Blast Burn|p2a: Darkrai\n|-damage|p2a: Darkrai|5/100\n|-mustrecharge|p1a: Typhlosion\n|move|p2a: Darkrai|Dark Pulse|p1a: Typhlosion\n|-supereffective|p1a: Typhlosion\n|-damage|p1a: Typhlosion|0 fnt\n|faint|p1a: Typhlosion\n|\n|upkeep\n|\n|t:|1782441117\n|switch|p1a: Jbai|Sylveon, F|100/100\n|turn|15\n|\n|t:|1782441130\n|-terastallize|p2a: Darkrai|Poison\n|move|p2a: Darkrai|Sludge Bomb|p1a: Jbai\n|-supereffective|p1a: Jbai\n|-damage|p1a: Jbai|14/100\n|move|p1a: Jbai|Hyper Voice|p2a: Darkrai\n|-resisted|p2a: Darkrai\n|-damage|p2a: Darkrai|0 fnt\n|faint|p2a: Darkrai\n|\n|upkeep\n|\n|t:|1782441137\n|switch|p2a: Okidogi|Okidogi, M|100/100\n|turn|16\n|\n|t:|1782441146\n|move|p2a: Okidogi|High Horsepower|p1a: Jbai\n|-damage|p1a: Jbai|0 fnt\n|faint|p1a: Jbai\n|\n|upkeep\n|\n|t:|1782441148\n|switch|p1a: >.*{|Slaking, F|67/100\n|turn|17\n|\n|t:|1782441150\n|move|p1a: >.*{|Mega Kick|p2a: Okidogi\n|-crit|p2a: Okidogi\n|-damage|p2a: Okidogi|0 fnt\n|faint|p2a: Okidogi\n|\n|win|grgwrgwegwe\n|raw|grgwrgwegwe's rating: 1269 &rarr; <strong>1300</strong><br />(+31 for winning)\n|raw|poor team design's rating: 1356 &rarr; <strong>1331</strong><br />(-25 for losing)\n|l|☆grgwrgwegwe\n|player|p1|\n", "uploadtime": 1782441531, "views": 8, "formatid": "gen9ou", "rating": 1300, "private": 0, "password": null}