{"id": "gen9ou-2647832547", "format": "[Gen 9] OU", "players": ["Elesa13", "supersaiyanwolf"], "log": "|badge|p1|silver|gen9ubers|30-10\n|uhtml|medal-msg|<div class=\"broadcast-blue\">Curious what those medals under the avatar are? PS now has Ladder Seasons! For more information, check out the <a href=\"https://www.smogon.com/forums/threads/3740067/\">thread on Smogon.</a></div>\n|j|☆Elesa13\n|j|☆supersaiyanwolf\n|t:|1783820554\n|gametype|singles\n|player|p1|Elesa13|skierf|1453\n|player|p2|supersaiyanwolf|101|1498\n|gen|9\n|tier|[Gen 9] OU\n|rated|\n|rule|HP Percentage Mod: HP is shown in percentages\n|rule|Endless Battle Clause: Forcing endless battles is banned\n|rule|Species Clause: Limit one of each Pokémon\n|rule|OHKO Clause: OHKO moves are banned\n|rule|Evasion Items Clause: Evasion items are banned\n|rule|Evasion Moves Clause: Evasion moves are banned\n|rule|Evasion Abilities Clause: Evasion abilities are banned\n|rule|Sleep Moves Clause: Sleep-inducing moves are banned\n|clearpoke\n|poke|p1|Pincurchin, M|\n|poke|p1|Iron Valiant|\n|poke|p1|Iron Boulder|\n|poke|p1|Iron Moth|\n|poke|p1|Iron Treads|\n|poke|p1|Alomomola, F|\n|poke|p2|Great Tusk|\n|poke|p2|Slowking-Galar, M|\n|poke|p2|Iron Hands|\n|poke|p2|Iron Crown|\n|poke|p2|Tornadus-Therian, M|\n|poke|p2|Kingambit, F|\n|teampreview\n|\n|t:|1783820580\n|teamsize|p1|6\n|teamsize|p2|6\n|start\n|switch|p1a: Iron Moth|Iron Moth|100/100\n|switch|p2a: Iron Crown|Iron Crown|100/100\n|-enditem|p2a: Iron Crown|Booster Energy\n|-activate|p2a: Iron Crown|ability: Quark Drive|[fromitem]\n|-start|p2a: Iron Crown|quarkdrivespe\n|turn|1\n|\n|t:|1783820594\n|-end|p1a: Iron Moth|Quark Drive|[silent]\n|switch|p1a: Iron Treads|Iron Treads|100/100\n|move|p2a: Iron Crown|Calm Mind|p2a: Iron Crown\n|-boost|p2a: Iron Crown|spa|1\n|-boost|p2a: Iron Crown|spd|1\n|\n|upkeep\n|turn|2\n|\n|t:|1783820608\n|-terastallize|p1a: Iron Treads|Ground\n|move|p2a: Iron Crown|Focus Blast|p1a: Iron Treads\n|-damage|p1a: Iron Treads|57/100\n|move|p1a: Iron Treads|Earthquake|p2a: Iron Crown\n|-supereffective|p2a: Iron Crown\n|-damage|p2a: Iron Crown|0 fnt\n|faint|p2a: Iron Crown\n|-end|p2a: Iron Crown|Quark Drive|[silent]\n|\n|upkeep\n|\n|t:|1783820614\n|switch|p2a: Tornadus|Tornadus-Therian, M|100/100\n|turn|3\n|\n|t:|1783820623\n|-end|p1a: Iron Treads|Quark Drive|[silent]\n|switch|p1a: Pincurchin|Pincurchin, M|100/100\n|-fieldstart|move: Electric Terrain|[from] ability: Electric Surge|[of] p1a: Pincurchin\n|move|p2a: Tornadus|Grass Knot|p1a: Pincurchin\n|-damage|p1a: Pincurchin|92/100\n|-damage|p2a: Tornadus|91/100|[from] item: Life Orb\n|\n|upkeep\n|turn|4\n|\n|t:|1783820629\n|move|p2a: Tornadus|Bleakwind Storm|p1a: Pincurchin\n|-resisted|p1a: Pincurchin\n|-damage|p1a: Pincurchin|63/100\n|-damage|p2a: Tornadus|81/100|[from] item: Life Orb\n|move|p1a: Pincurchin|Thunder Wave|p2a: Tornadus\n|-status|p2a: Tornadus|par\n|\n|upkeep\n|turn|5\n|\n|t:|1783820636\n|switch|p2a: Great Tusk|Great Tusk|100/100\n|-enditem|p2a: Great Tusk|Booster Energy\n|-activate|p2a: Great Tusk|ability: Protosynthesis|[fromitem]\n|-start|p2a: Great Tusk|protosynthesisspe\n|move|p1a: Pincurchin|Discharge|p2a: Great Tusk\n|-immune|p2a: Great Tusk\n|\n|upkeep\n|turn|6\n|\n|t:|1783820643\n|switch|p1a: Alomomola|Alomomola, F|100/100\n|move|p2a: Great Tusk|Bulk Up|p2a: Great Tusk\n|-boost|p2a: Great Tusk|atk|1\n|-boost|p2a: Great Tusk|def|1\n|\n|upkeep\n|turn|7\n|\n|t:|1783820649\n|-terastallize|p2a: Great Tusk|Ice\n|move|p2a: Great Tusk|Rapid Spin|p1a: Alomomola\n|-damage|p1a: Alomomola|89/100\n|-boost|p2a: Great Tusk|spe|1\n|-damage|p2a: Great Tusk|84/100|[from] item: Rocky Helmet|[of] p1a: Alomomola\n|move|p1a: Alomomola|Flip Turn|p2a: Great Tusk\n|-damage|p2a: Great Tusk|78/100\n|\n|t:|1783820653\n|switch|p1a: Iron Treads|Iron Treads, tera:Ground|57/100|[from] Flip Turn\n|-activate|p1a: Iron Treads|ability: Quark Drive\n|-start|p1a: Iron Treads|quarkdriveatk\n|\n|upkeep\n|turn|8\n|\n|t:|1783820666\n|-end|p1a: Iron Treads|Quark Drive|[silent]\n|switch|p1a: Alomomola|Alomomola, F|100/100\n|move|p2a: Great Tusk|Bulk Up|p2a: Great Tusk\n|-boost|p2a: Great Tusk|atk|1\n|-boost|p2a: Great Tusk|def|1\n|\n|upkeep\n|turn|9\n|\n|t:|1783820671\n|move|p2a: Great Tusk|Bulk Up|p2a: Great Tusk\n|-boost|p2a: Great Tusk|atk|1\n|-boost|p2a: Great Tusk|def|1\n|move|p1a: Alomomola|Scald|p2a: Great Tusk\n|-damage|p2a: Great Tusk|58/100\n|\n|upkeep\n|turn|10\n|\n|t:|1783820678\n|move|p2a: Great Tusk|Headlong Rush|p1a: Alomomola\n|-damage|p1a: Alomomola|26/100\n|-unboost|p2a: Great Tusk|def|1\n|-unboost|p2a: Great Tusk|spd|1\n|-damage|p2a: Great Tusk|42/100|[from] item: Rocky Helmet|[of] p1a: Alomomola\n|move|p1a: Alomomola|Scald|p2a: Great Tusk\n|-damage|p2a: Great Tusk|15/100\n|-status|p2a: Great Tusk|brn\n|\n|-damage|p2a: Great Tusk|9/100 brn|[from] brn\n|-fieldend|move: Electric Terrain\n|upkeep\n|turn|11\n|\n|t:|1783820688\n|move|p1a: Alomomola|Protect|p1a: Alomomola\n|-singleturn|p1a: Alomomola|Protect\n|move|p2a: Great Tusk|Headlong Rush|p1a: Alomomola\n|-activate|p1a: Alomomola|move: Protect\n|\n|-damage|p2a: Great Tusk|2/100 brn|[from] brn\n|upkeep\n|turn|12\n|\n|t:|1783820694\n|switch|p1a: Pincurchin|Pincurchin, M|63/100\n|-fieldstart|move: Electric Terrain|[from] ability: Electric Surge|[of] p1a: Pincurchin\n|move|p2a: Great Tusk|Headlong Rush|p1a: Pincurchin\n|-supereffective|p1a: Pincurchin\n|-damage|p1a: Pincurchin|0 fnt\n|-unboost|p2a: Great Tusk|def|1\n|-unboost|p2a: Great Tusk|spd|1\n|faint|p1a: Pincurchin\n|\n|-damage|p2a: Great Tusk|0 fnt|[from] brn\n|faint|p2a: Great Tusk\n|-end|p2a: Great Tusk|Protosynthesis|[silent]\n|upkeep\n|\n|t:|1783820701\n|switch|p2a: Iron Hands|Iron Hands|100/100\n|switch|p1a: Iron Valiant|Iron Valiant|100/100\n|-activate|p1a: Iron Valiant|ability: Quark Drive\n|-start|p1a: Iron Valiant|quarkdrivespe\n|-activate|p2a: Iron Hands|ability: Quark Drive\n|-start|p2a: Iron Hands|quarkdriveatk\n|turn|13\n|\n|t:|1783820706\n|-end|p1a: Iron Valiant|Quark Drive|[silent]\n|switch|p1a: Iron Treads|Iron Treads, tera:Ground|57/100\n|-activate|p1a: Iron Treads|ability: Quark Drive\n|-start|p1a: Iron Treads|quarkdriveatk\n|move|p2a: Iron Hands|Thunder Punch|p1a: Iron Treads\n|-immune|p1a: Iron Treads\n|\n|upkeep\n|turn|14\n|\n|t:|1783820716\n|move|p1a: Iron Treads|Volt Switch|p2a: Iron Hands\n|-resisted|p2a: Iron Hands\n|-damage|p2a: Iron Hands|93/100\n|\n|t:|1783820719\n|-end|p1a: Iron Treads|Quark Drive|[silent]\n|switch|p1a: Alomomola|Alomomola, F|59/100|[from] Volt Switch\n|move|p2a: Iron Hands|Ice Punch|p1a: Alomomola\n|-resisted|p1a: Alomomola\n|-damage|p1a: Alomomola|48/100\n|\n|upkeep\n|turn|15\n|\n|t:|1783820727\n|move|p1a: Alomomola|Wish|p1a: Alomomola\n|move|p2a: Iron Hands|Drain Punch|p1a: Alomomola\n|-damage|p1a: Alomomola|15/100\n|-heal|p2a: Iron Hands|100/100|[from] drain|[of] p1a: Alomomola\n|\n|upkeep\n|turn|16\n|\n|t:|1783820733\n|switch|p1a: Iron Treads|Iron Treads, tera:Ground|57/100\n|-activate|p1a: Iron Treads|ability: Quark Drive\n|-start|p1a: Iron Treads|quarkdriveatk\n|move|p2a: Iron Hands|Drain Punch|p1a: Iron Treads\n|-damage|p1a: Iron Treads|8/100\n|\n|-heal|p1a: Iron Treads|78/100|[from] move: Wish|[wisher] Alomomola\n|upkeep\n|turn|17\n|\n|t:|1783820740\n|move|p1a: Iron Treads|Earthquake|p2a: Iron Hands\n|-supereffective|p2a: Iron Hands\n|-damage|p2a: Iron Hands|0 fnt\n|faint|p2a: Iron Hands\n|-end|p2a: Iron Hands|Quark Drive|[silent]\n|\n|upkeep\n|\n|t:|1783820744\n|switch|p2a: Tornadus|Tornadus-Therian, M|100/100 par\n|turn|18\n|\n|t:|1783820750\n|move|p1a: Iron Treads|Volt Switch|p2a: Tornadus\n|-supereffective|p2a: Tornadus\n|-damage|p2a: Tornadus|62/100 par\n|\n|t:|1783820752\n|-end|p1a: Iron Treads|Quark Drive|[silent]\n|switch|p1a: Iron Moth|Iron Moth|100/100|[from] Volt Switch\n|-activate|p1a: Iron Moth|ability: Quark Drive\n|-start|p1a: Iron Moth|quarkdrivespa\n|move|p2a: Tornadus|Bleakwind Storm|p1a: Iron Moth|[miss]\n|-miss|p2a: Tornadus|p1a: Iron Moth\n|\n|upkeep\n|turn|19\n|\n|t:|1783820757\n|move|p1a: Iron Moth|Fire Blast|p2a: Tornadus|[miss]\n|-miss|p1a: Iron Moth|p2a: Tornadus\n|move|p2a: Tornadus|Bleakwind Storm|p1a: Iron Moth\n|-damage|p1a: Iron Moth|36/100\n|-damage|p2a: Tornadus|53/100 par|[from] item: Life Orb\n|\n|-fieldend|move: Electric Terrain\n|-end|p1a: Iron Moth|Quark Drive\n|upkeep\n|turn|20\n|\n|t:|1783820763\n|move|p1a: Iron Moth|Fire Blast|p2a: Tornadus\n|-damage|p2a: Tornadus|0 fnt\n|faint|p2a: Tornadus\n|\n|upkeep\n|\n|t:|1783820774\n|switch|p2a: Slowking|Slowking-Galar, M|100/100\n|turn|21\n|\n|t:|1783820778\n|-end|p1a: Iron Moth|Quark Drive|[silent]\n|switch|p1a: Iron Treads|Iron Treads, tera:Ground|78/100\n|move|p2a: Slowking|Future Sight|p1a: Iron Treads\n|-start|p2a: Slowking|move: Future Sight\n|\n|upkeep\n|turn|22\n|\n|t:|1783820784\n|move|p1a: Iron Treads|Earthquake|p2a: Slowking\n|-supereffective|p2a: Slowking\n|-damage|p2a: Slowking|0 fnt\n|faint|p2a: Slowking\n|\n|upkeep\n|\n|t:|1783820786\n|switch|p2a: Kingambit|Kingambit, F|100/100\n|-activate|p2a: Kingambit|ability: Supreme Overlord\n|-start|p2a: Kingambit|fallen5|[silent]\n|turn|23\n|\n|t:|1783820788\n|move|p1a: Iron Treads|Earthquake|p2a: Kingambit\n|-supereffective|p2a: Kingambit\n|-damage|p2a: Kingambit|0 fnt\n|faint|p2a: Kingambit\n|-end|p2a: Kingambit|fallen5|[silent]\n|\n|win|Elesa13\n|raw|Elesa13's rating: 1453 &rarr; <strong>1476</strong><br />(+23 for winning)\n|raw|supersaiyanwolf's rating: 1498 &rarr; <strong>1475</strong><br />(-23 for losing)\n|l|☆supersaiyanwolf\n|player|p2|\n", "uploadtime": 1783820983, "views": 4, "formatid": "gen9ou", "rating": 1475, "private": 0, "password": null}