{"id": "gen9ou-2647754227", "format": "[Gen 9] OU", "players": ["Squalliam", "therealflannery_gg"], "log": "|j|☆Squalliam\n|j|☆therealflannery_gg\n|t:|1783806922\n|gametype|singles\n|player|p1|Squalliam|brycenman|1172\n|player|p2|therealflannery_gg|flannery|1209\n|gen|9\n|tier|[Gen 9] OU\n|rated|\n|rule|HP Percentage Mod: HP is shown in percentages\n|rule|Endless Battle Clause: Forcing endless battles is banned\n|rule|Species Clause: Limit one of each Pokémon\n|rule|OHKO Clause: OHKO moves are banned\n|rule|Evasion Items Clause: Evasion items are banned\n|rule|Evasion Moves Clause: Evasion moves are banned\n|rule|Evasion Abilities Clause: Evasion abilities are banned\n|rule|Sleep Moves Clause: Sleep-inducing moves are banned\n|clearpoke\n|poke|p1|Gliscor, F|\n|poke|p1|Gholdengo|\n|poke|p1|Dragonite, M|\n|poke|p1|Ting-Lu|\n|poke|p1|Darkrai|\n|poke|p1|Zamazenta-*|\n|poke|p2|Ogerpon-Wellspring, F|\n|poke|p2|Darkrai|\n|poke|p2|Tornadus-Therian, M|\n|poke|p2|Pecharunt|\n|poke|p2|Bronzong|\n|poke|p2|Great Tusk|\n|teampreview\n|inactive|Battle timer is ON: inactive players will automatically lose when time's up. (requested by therealflannery_gg)\n|\n|t:|1783806949\n|teamsize|p1|6\n|teamsize|p2|6\n|start\n|switch|p1a: Ting-Lu|Ting-Lu|100/100\n|switch|p2a: Darkrai|Darkrai|100/100\n|-ability|p1a: Ting-Lu|Vessel of Ruin\n|turn|1\n|\n|t:|1783806954\n|move|p2a: Darkrai|Focus Blast|p1a: Ting-Lu\n|-supereffective|p1a: Ting-Lu\n|-damage|p1a: Ting-Lu|51/100\n|move|p1a: Ting-Lu|Stealth Rock|p2a: Darkrai\n|-sidestart|p2: therealflannery_gg|move: Stealth Rock\n|\n|-heal|p1a: Ting-Lu|58/100|[from] item: Leftovers\n|upkeep\n|turn|2\n|\n|t:|1783806965\n|switch|p2a: Great Tusk|Great Tusk|100/100\n|-damage|p2a: Great Tusk|98/100|[from] Stealth Rock\n|switch|p1a: Zamazenta|Zamazenta|100/100\n|-ability|p1a: Zamazenta|Dauntless Shield|boost\n|-boost|p1a: Zamazenta|def|1\n|\n|upkeep\n|turn|3\n|\n|t:|1783806972\n|move|p1a: Zamazenta|Ice Fang|p2a: Great Tusk\n|-supereffective|p2a: Great Tusk\n|-damage|p2a: Great Tusk|67/100\n|-damage|p1a: Zamazenta|84/100|[from] item: Rocky Helmet|[of] p2a: Great Tusk\n|move|p2a: Great Tusk|Rapid Spin|p1a: Zamazenta\n|-damage|p1a: Zamazenta|72/100\n|-boost|p2a: Great Tusk|spe|1\n|-sideend|p2: therealflannery_gg|Stealth Rock|[from] move: Rapid Spin|[of] p2a: Great Tusk\n|\n|upkeep\n|turn|4\n|\n|t:|1783806988\n|-end|p2a: Great Tusk|Protosynthesis|[silent]\n|switch|p2a: Pecharunt|Pecharunt|100/100\n|move|p1a: Zamazenta|Ice Fang|p2a: Pecharunt\n|-damage|p2a: Pecharunt|89/100\n|\n|upkeep\n|turn|5\n|\n|t:|1783806998\n|switch|p1a: Gholdengo|Gholdengo|100/100\n|move|p2a: Pecharunt|Malignant Chain|p1a: Gholdengo\n|-immune|p1a: Gholdengo\n|\n|upkeep\n|turn|6\n|\n|t:|1783807006\n|move|p1a: Gholdengo|Shadow Ball|p2a: Pecharunt\n|-supereffective|p2a: Pecharunt\n|-damage|p2a: Pecharunt|7/100\n|move|p2a: Pecharunt|Shadow Ball|p1a: Gholdengo\n|-supereffective|p1a: Gholdengo\n|-damage|p1a: Gholdengo|12/100\n|\n|upkeep\n|turn|7\n|\n|t:|1783807012\n|move|p1a: Gholdengo|Shadow Ball|p2a: Pecharunt\n|-supereffective|p2a: Pecharunt\n|-damage|p2a: Pecharunt|0 fnt\n|faint|p2a: Pecharunt\n|\n|upkeep\n|\n|t:|1783807014\n|switch|p2a: Ogerpon|Ogerpon-Wellspring, F|100/100\n|turn|8\n|\n|t:|1783807025\n|move|p1a: Gholdengo|Shadow Ball|p2a: Ogerpon\n|-damage|p2a: Ogerpon|50/100\n|move|p2a: Ogerpon|Ivy Cudgel|p1a: Gholdengo|[anim] Ivy Cudgel Water\n|-damage|p1a: Gholdengo|0 fnt\n|faint|p1a: Gholdengo\n|\n|upkeep\n|\n|t:|1783807032\n|switch|p1a: Gliscor|Gliscor, F|100/100\n|turn|9\n|\n|t:|1783807040\n|move|p1a: Gliscor|Protect|p1a: Gliscor\n|-singleturn|p1a: Gliscor|Protect\n|move|p2a: Ogerpon|Ivy Cudgel|p1a: Gliscor|[anim] Ivy Cudgel Water\n|-activate|p1a: Gliscor|move: Protect\n|\n|-status|p1a: Gliscor|tox|[from] item: Toxic Orb\n|upkeep\n|turn|10\n|\n|t:|1783807063\n|move|p2a: Ogerpon|Ivy Cudgel|p1a: Gliscor|[anim] Ivy Cudgel Water\n|-supereffective|p1a: Gliscor\n|-damage|p1a: Gliscor|27/100 tox\n|move|p1a: Gliscor|Toxic|p2a: Ogerpon\n|-status|p2a: Ogerpon|tox\n|\n|-damage|p2a: Ogerpon|44/100 tox|[from] psn\n|-heal|p1a: Gliscor|39/100 tox|[from] ability: Poison Heal\n|upkeep\n|turn|11\n|\n|t:|1783807069\n|move|p1a: Gliscor|Protect|p1a: Gliscor\n|-singleturn|p1a: Gliscor|Protect\n|move|p2a: Ogerpon|Swords Dance|p2a: Ogerpon\n|-boost|p2a: Ogerpon|atk|2\n|\n|-damage|p2a: Ogerpon|32/100 tox|[from] psn\n|-heal|p1a: Gliscor|52/100 tox|[from] ability: Poison Heal\n|upkeep\n|turn|12\n|\n|t:|1783807080\n|switch|p1a: Dragonite|Dragonite, M|100/100\n|move|p2a: Ogerpon|Horn Leech|p1a: Dragonite\n|-resisted|p1a: Dragonite\n|-damage|p1a: Dragonite|89/100\n|-heal|p2a: Ogerpon|39/100 tox|[from] drain|[of] p1a: Dragonite\n|\n|-damage|p2a: Ogerpon|21/100 tox|[from] psn\n|upkeep\n|turn|13\n|\n|t:|1783807098\n|-terastallize|p1a: Dragonite|Normal\n|move|p1a: Dragonite|Extreme Speed|p2a: Ogerpon\n|-damage|p2a: Ogerpon|0 fnt\n|faint|p2a: Ogerpon\n|\n|upkeep\n|\n|t:|1783807108\n|switch|p2a: Great Tusk|Great Tusk|67/100\n|turn|14\n|\n|t:|1783807118\n|switch|p1a: Gliscor|Gliscor, F|52/100 tox\n|move|p2a: Great Tusk|Earthquake|p1a: Gliscor\n|-immune|p1a: Gliscor\n|\n|-heal|p1a: Gliscor|64/100 tox|[from] ability: Poison Heal\n|upkeep\n|turn|15\n|\n|t:|1783807128\n|-end|p2a: Great Tusk|Protosynthesis|[silent]\n|switch|p2a: Darkrai|Darkrai|100/100\n|move|p1a: Gliscor|Toxic|p2a: Darkrai\n|-status|p2a: Darkrai|tox\n|\n|-damage|p2a: Darkrai|94/100 tox|[from] psn\n|-heal|p1a: Gliscor|77/100 tox|[from] ability: Poison Heal\n|upkeep\n|turn|16\n|\n|t:|1783807152\n|move|p1a: Gliscor|Protect|p1a: Gliscor\n|-singleturn|p1a: Gliscor|Protect\n|move|p2a: Darkrai|Dark Pulse|p1a: Gliscor\n|-activate|p1a: Gliscor|move: Protect\n|\n|-damage|p2a: Darkrai|82/100 tox|[from] psn\n|-heal|p1a: Gliscor|89/100 tox|[from] ability: Poison Heal\n|upkeep\n|turn|17\n|\n|t:|1783807158\n|-terastallize|p2a: Darkrai|Dark\n|move|p2a: Darkrai|Dark Pulse|p1a: Gliscor\n|-damage|p1a: Gliscor|0 fnt\n|faint|p1a: Gliscor\n|\n|-damage|p2a: Darkrai|64/100 tox|[from] psn\n|upkeep\n|\n|t:|1783807174\n|switch|p1a: Zamazenta|Zamazenta|72/100\n|turn|18\n|\n|t:|1783807177\n|switch|p2a: Tornadus|Tornadus-Therian, M|100/100\n|move|p1a: Zamazenta|Close Combat|p2a: Tornadus\n|-resisted|p2a: Tornadus\n|-crit|p2a: Tornadus\n|-damage|p2a: Tornadus|27/100\n|-unboost|p1a: Zamazenta|def|1\n|-unboost|p1a: Zamazenta|spd|1\n|\n|upkeep\n|turn|19\n|\n|t:|1783807188\n|move|p1a: Zamazenta|Ice Fang|p2a: Tornadus\n|-supereffective|p2a: Tornadus\n|-damage|p2a: Tornadus|0 fnt\n|faint|p2a: Tornadus\n|\n|upkeep\n|\n|t:|1783807194\n|switch|p2a: Great Tusk|Great Tusk|67/100\n|turn|20\n|\n|t:|1783807203\n|switch|p1a: Ting-Lu|Ting-Lu|58/100\n|-ability|p1a: Ting-Lu|Vessel of Ruin\n|move|p2a: Great Tusk|Earthquake|p1a: Ting-Lu\n|-damage|p1a: Ting-Lu|27/100\n|\n|-heal|p1a: Ting-Lu|34/100|[from] item: Leftovers\n|upkeep\n|turn|21\n|\n|t:|1783807211\n|move|p2a: Great Tusk|Ice Spinner|p1a: Ting-Lu\n|-supereffective|p1a: Ting-Lu\n|-damage|p1a: Ting-Lu|5/100\n|move|p1a: Ting-Lu|Ruination|p2a: Great Tusk\n|-damage|p2a: Great Tusk|34/100\n|\n|-heal|p1a: Ting-Lu|11/100|[from] item: Leftovers\n|upkeep\n|turn|22\n|\n|t:|1783807235\n|move|p2a: Great Tusk|Earthquake|p1a: Ting-Lu\n|-damage|p1a: Ting-Lu|0 fnt\n|faint|p1a: Ting-Lu\n|\n|upkeep\n|inactive|Squalliam has 120 seconds left.\n|\n|t:|1783807251\n|switch|p1a: Darkrai|Darkrai|100/100\n|turn|23\n|\n|t:|1783807256\n|move|p1a: Darkrai|Ice Beam|p2a: Great Tusk\n|-supereffective|p2a: Great Tusk\n|-damage|p2a: Great Tusk|0 fnt\n|faint|p2a: Great Tusk\n|-end|p2a: Great Tusk|Protosynthesis|[silent]\n|\n|upkeep\n|\n|t:|1783807258\n|switch|p2a: Bronzong|Bronzong|100/100\n|turn|24\n|\n|t:|1783807263\n|move|p1a: Darkrai|Knock Off|p2a: Bronzong\n|-supereffective|p2a: Bronzong\n|-damage|p2a: Bronzong|47/100\n|-enditem|p2a: Bronzong|Covert Cloak|[from] move: Knock Off|[of] p1a: Darkrai\n|move|p2a: Bronzong|Gyro Ball|p1a: Darkrai\n|-damage|p1a: Darkrai|10/100\n|\n|upkeep\n|turn|25\n|\n|t:|1783807269\n|move|p1a: Darkrai|Dark Pulse|p2a: Bronzong\n|-supereffective|p2a: Bronzong\n|-damage|p2a: Bronzong|0 fnt\n|faint|p2a: Bronzong\n|\n|upkeep\n|\n|t:|1783807270\n|switch|p2a: Darkrai|Darkrai, tera:Dark|64/100 tox\n|turn|26\n|\n|t:|1783807277\n|move|p2a: Darkrai|Focus Blast|p1a: Darkrai\n|-supereffective|p1a: Darkrai\n|-damage|p1a: Darkrai|0 fnt\n|faint|p1a: Darkrai\n|\n|-damage|p2a: Darkrai|58/100 tox|[from] psn\n|upkeep\n|-message|therealflannery_gg forfeited.\n|\n|win|Squalliam\n|raw|Squalliam's rating: 1172 &rarr; <strong>1200</strong><br />(+28 for winning)\n|raw|therealflannery_gg's rating: 1209 &rarr; <strong>1181</strong><br />(-28 for losing)\n|l|☆therealflannery_gg\n|player|p2|\n", "uploadtime": 1783807577, "views": 12, "formatid": "gen9ou", "rating": 1181, "private": 0, "password": null}