{"id": "gen9ou-2639215427", "format": "[Gen 9] OU", "players": ["monsterzogg", "DonovanIsNotHere"], "log": "|j|☆monsterzogg\n|j|☆DonovanIsNotHere\n|t:|1782435354\n|gametype|singles\n|player|p1|monsterzogg|acetrainer-gen2|1363\n|player|p2|DonovanIsNotHere|2|1374\n|gen|9\n|tier|[Gen 9] OU\n|rated|\n|rule|HP Percentage Mod: HP is shown in percentages\n|rule|Endless Battle Clause: Forcing endless battles is banned\n|rule|Species Clause: Limit one of each Pokémon\n|rule|OHKO Clause: OHKO moves are banned\n|rule|Evasion Items Clause: Evasion items are banned\n|rule|Evasion Moves Clause: Evasion moves are banned\n|rule|Evasion Abilities Clause: Evasion abilities are banned\n|rule|Sleep Moves Clause: Sleep-inducing moves are banned\n|clearpoke\n|poke|p1|Haxorus, F|\n|poke|p1|Salamence, M|\n|poke|p1|Goodra, F|\n|poke|p1|Garchomp, M|\n|poke|p1|Scizor, M|\n|poke|p1|Lokix, M|\n|poke|p2|Dragonite, M|\n|poke|p2|Darkrai|\n|poke|p2|Samurott-Hisui, F|\n|poke|p2|Corviknight, M|\n|poke|p2|Landorus-Therian, M|\n|poke|p2|Gholdengo|\n|teampreview\n|\n|t:|1782435365\n|teamsize|p1|6\n|teamsize|p2|6\n|start\n|switch|p1a: Lokix|Lokix, M|100/100\n|switch|p2a: Conquest|Landorus-Therian, M|100/100\n|-ability|p2a: Conquest|Intimidate|boost\n|-unboost|p1a: Lokix|atk|1\n|turn|1\n|\n|t:|1782435376\n|move|p2a: Conquest|Stealth Rock|p1a: Lokix\n|-sidestart|p1: monsterzogg|move: Stealth Rock\n|move|p1a: Lokix|U-turn|p2a: Conquest\n|-resisted|p2a: Conquest\n|-damage|p2a: Conquest|63/100\n|\n|t:|1782435388\n|switch|p1a: Scizor|Scizor, M|100/100|[from] U-turn\n|-damage|p1a: Scizor|88/100|[from] Stealth Rock\n|\n|upkeep\n|turn|2\n|\n|t:|1782435393\n|move|p2a: Conquest|Earthquake|p1a: Scizor\n|-damage|p1a: Scizor|31/100\n|move|p1a: Scizor|Swords Dance|p1a: Scizor\n|-boost|p1a: Scizor|atk|2\n|\n|upkeep\n|turn|3\n|\n|t:|1782435408\n|switch|p2a: Lucan|Corviknight, M, shiny|100/100\n|-ability|p2a: Lucan|Pressure\n|move|p1a: Scizor|Bullet Punch|p2a: Lucan\n|-resisted|p2a: Lucan\n|-damage|p2a: Lucan|73/100\n|\n|upkeep\n|turn|4\n|\n|t:|1782435411\n|move|p2a: Lucan|Brave Bird|p1a: Scizor\n|-damage|p1a: Scizor|0 fnt\n|faint|p1a: Scizor\n|-damage|p2a: Lucan|65/100|[from] Recoil\n|\n|upkeep\n|inactive|Battle timer is ON: inactive players will automatically lose when time's up. (requested by DonovanIsNotHere)\n|\n|t:|1782435427\n|switch|p1a: Salvo|Goodra, F|100/100\n|-damage|p1a: Salvo|88/100|[from] Stealth Rock\n|turn|5\n|\n|t:|1782435431\n|move|p1a: Salvo|Flamethrower|p2a: Lucan\n|-supereffective|p2a: Lucan\n|-damage|p2a: Lucan|20/100\n|move|p2a: Lucan|Roost|p2a: Lucan\n|-heal|p2a: Lucan|70/100\n|-singleturn|p2a: Lucan|move: Roost\n|\n|upkeep\n|turn|6\n|\n|t:|1782435438\n|switch|p2a: Thula|Samurott-Hisui, F, shiny|100/100\n|move|p1a: Salvo|Flamethrower|p2a: Thula\n|-resisted|p2a: Thula\n|-damage|p2a: Thula|77/100\n|\n|upkeep\n|turn|7\n|\n|t:|1782435442\n|move|p2a: Thula|Ceaseless Edge|p1a: Salvo|[miss]\n|-miss|p2a: Thula|p1a: Salvo\n|move|p1a: Salvo|Thunderbolt|p2a: Thula\n|-supereffective|p2a: Thula\n|-damage|p2a: Thula|0 fnt\n|faint|p2a: Thula\n|\n|upkeep\n|\n|t:|1782435453\n|switch|p2a: Thragg|Dragonite, M|100/100\n|turn|8\n|\n|t:|1782435458\n|move|p2a: Thragg|Outrage|p1a: Salvo\n|-supereffective|p1a: Salvo\n|-damage|p1a: Salvo|0 fnt\n|-ability|p1a: Salvo|Gooey\n|-unboost|p2a: Thragg|spe|1\n|faint|p1a: Salvo\n|\n|upkeep\n|\n|t:|1782435467\n|switch|p1a: Warhead|Haxorus, F, shiny|100/100\n|-damage|p1a: Warhead|88/100|[from] Stealth Rock\n|-ability|p1a: Warhead|Mold Breaker\n|turn|9\n|\n|t:|1782435485\n|move|p1a: Warhead|Outrage|p2a: Thragg\n|-supereffective|p2a: Thragg\n|-damage|p2a: Thragg|0 fnt\n|faint|p2a: Thragg\n|\n|upkeep\n|\n|t:|1782435495\n|switch|p2a: Lucan|Corviknight, M, shiny|70/100\n|-ability|p2a: Lucan|Pressure\n|turn|10\n|\n|t:|1782435499\n|move|p1a: Warhead|Outrage|p2a: Lucan|[from] lockedmove\n|-resisted|p2a: Lucan\n|-damage|p2a: Lucan|40/100\n|move|p2a: Lucan|Brave Bird|p1a: Warhead\n|-damage|p1a: Warhead|43/100\n|-damage|p2a: Lucan|29/100|[from] Recoil\n|\n|upkeep\n|turn|11\n|\n|t:|1782435506\n|move|p1a: Warhead|Outrage|p2a: Lucan|[from] lockedmove\n|-resisted|p2a: Lucan\n|-damage|p2a: Lucan|0 fnt\n|faint|p2a: Lucan\n|-start|p1a: Warhead|confusion|[fatigue]\n|\n|upkeep\n|c|☆monsterzogg|just caught the name references\n|\n|t:|1782435525\n|switch|p2a: Conquest|Landorus-Therian, M|63/100\n|-ability|p2a: Conquest|Intimidate|boost\n|-unboost|p1a: Warhead|atk|1\n|turn|12\n|\n|t:|1782435531\n|move|p2a: Conquest|Earthquake|p1a: Warhead\n|-damage|p1a: Warhead|0 fnt\n|faint|p1a: Warhead\n|\n|upkeep\n|\n|t:|1782435541\n|switch|p1a: Lokix|Lokix, M|100/100\n|-damage|p1a: Lokix|76/100|[from] Stealth Rock\n|turn|13\n|\n|t:|1782435569\n|move|p1a: Lokix|First Impression|p2a: Conquest\n|-resisted|p2a: Conquest\n|-damage|p2a: Conquest|0 fnt\n|faint|p2a: Conquest\n|\n|upkeep\n|\n|t:|1782435573\n|switch|p2a: Anissa|Gholdengo|100/100\n|-item|p2a: Anissa|Air Balloon\n|turn|14\n|\n|t:|1782435582\n|switch|p1a: Doomsday|Salamence, M|100/100\n|-damage|p1a: Doomsday|75/100|[from] Stealth Rock\n|move|p2a: Anissa|Thunder Wave|p1a: Doomsday\n|-status|p1a: Doomsday|par\n|-enditem|p1a: Doomsday|Lum Berry|[eat]\n|-curestatus|p1a: Doomsday|par|[msg]\n|\n|upkeep\n|turn|15\n|\n|t:|1782435589\n|move|p1a: Doomsday|Temper Flare|p2a: Anissa\n|-supereffective|p2a: Anissa\n|-damage|p2a: Anissa|53/100\n|-enditem|p2a: Anissa|Air Balloon\n|move|p2a: Anissa|Thunder Wave|p1a: Doomsday\n|-status|p1a: Doomsday|par\n|\n|upkeep\n|turn|16\n|\n|t:|1782435613\n|move|p2a: Anissa|Recover|p2a: Anissa\n|-heal|p2a: Anissa|100/100\n|cant|p1a: Doomsday|par\n|\n|upkeep\n|turn|17\n|\n|t:|1782435618\n|move|p2a: Anissa|Hex|p1a: Doomsday\n|-damage|p1a: Doomsday|0 fnt\n|faint|p1a: Doomsday\n|\n|upkeep\n|\n|t:|1782435638\n|switch|p1a: Lockhead|Garchomp, M|100/100\n|-damage|p1a: Lockhead|94/100|[from] Stealth Rock\n|turn|18\n|\n|t:|1782435652\n|-terastallize|p2a: Anissa|Fairy\n|move|p1a: Lockhead|Earthquake|p2a: Anissa\n|-damage|p2a: Anissa|50/100\n|move|p2a: Anissa|Make It Rain|p1a: Lockhead\n|-damage|p1a: Lockhead|26/100\n|-unboost|p2a: Anissa|spa|1\n|\n|upkeep\n|turn|19\n|\n|t:|1782435661\n|switch|p2a: Kregg|Darkrai|100/100\n|move|p1a: Lockhead|Earthquake|p2a: Kregg\n|-damage|p2a: Kregg|29/100\n|\n|upkeep\n|turn|20\n|\n|t:|1782435667\n|move|p1a: Lockhead|Earthquake|p2a: Kregg\n|-damage|p2a: Kregg|0 fnt\n|faint|p2a: Kregg\n|\n|upkeep\n|\n|t:|1782435691\n|switch|p2a: Anissa|Gholdengo, tera:Fairy|50/100\n|turn|21\n|\n|t:|1782435697\n|move|p1a: Lockhead|Earthquake|p2a: Anissa\n|-damage|p2a: Anissa|4/100\n|move|p2a: Anissa|Hex|p1a: Lockhead\n|-damage|p1a: Lockhead|0 fnt\n|faint|p1a: Lockhead\n|\n|upkeep\n|\n|t:|1782435702\n|switch|p1a: Lokix|Lokix, M|76/100\n|-damage|p1a: Lokix|51/100|[from] Stealth Rock\n|turn|22\n|\n|t:|1782435718\n|move|p1a: Lokix|First Impression|p2a: Anissa\n|-resisted|p2a: Anissa\n|-damage|p2a: Anissa|0 fnt\n|faint|p2a: Anissa\n|\n|win|monsterzogg\n|raw|monsterzogg's rating: 1363 &rarr; <strong>1384</strong><br />(+21 for winning)\n|raw|DonovanIsNotHere's rating: 1374 &rarr; <strong>1353</strong><br />(-21 for losing)\n|l|☆DonovanIsNotHere\n|player|p2|\n|l|☆monsterzogg\n|player|p1|\n", "uploadtime": 1782436091, "views": 9, "formatid": "gen9ou", "rating": 1353, "private": 0, "password": null}