{"id": "gen9ou-2639233932", "format": "[Gen 9] OU", "players": ["monkeywaters", "garged"], "log": "|j|☆monkeywaters\n|j|☆garged\n|inactive|Battle timer is ON: inactive players will automatically lose when time's up.\n|t:|1782438077\n|gametype|singles\n|player|p1|monkeywaters|unknownf|\n|player|p2|garged|rosa|\n|gen|9\n|tier|[Gen 9] OU\n|rated|Tournament battle\n|rule|HP Percentage Mod: HP is shown in percentages\n|rule|Endless Battle Clause: Forcing endless battles is banned\n|rule|Species Clause: Limit one of each Pokémon\n|rule|OHKO Clause: OHKO moves are banned\n|rule|Evasion Items Clause: Evasion items are banned\n|rule|Evasion Moves Clause: Evasion moves are banned\n|rule|Evasion Abilities Clause: Evasion abilities are banned\n|rule|Sleep Moves Clause: Sleep-inducing moves are banned\n|clearpoke\n|poke|p1|Kingambit, M|\n|poke|p1|Landorus-Therian, M|\n|poke|p1|Slowking-Galar, M|\n|poke|p1|Kyurem|\n|poke|p1|Slither Wing|\n|poke|p1|Cinderace, F|\n|poke|p2|Hoopa-Unbound|\n|poke|p2|Corviknight, M|\n|poke|p2|Dragapult, M|\n|poke|p2|Slowking-Galar, F|\n|poke|p2|Landorus-Therian, M|\n|poke|p2|Zamazenta-*|\n|teampreview\n|inactive|monkeywaters also wants the timer to be on.\n|inactive|garged also wants the timer to be on.\n|j| ina fable\n|inactive|monkeywaters has 120 seconds left.\n|inactive|garged has 120 seconds left.\n|\n|t:|1782438116\n|teamsize|p1|6\n|teamsize|p2|6\n|start\n|switch|p1a: Cinderace|Cinderace, F|100/100\n|switch|p2a: Dragapult|Dragapult, M|100/100\n|turn|1\n|j|#Setsu\n|inactive|garged has 120 seconds left.\n|inactive|monkeywaters has 120 seconds left.\n|l| ina fable\n|j| ina fable\n|inactive|garged has 90 seconds left.\n|\n|t:|1782438191\n|move|p2a: Dragapult|U-turn|p1a: Cinderace\n|-resisted|p1a: Cinderace\n|-damage|p1a: Cinderace|90/100\n|\n|t:|1782438199\n|switch|p2a: Slowking|Slowking-Galar, F|100/100|[from] U-turn\n|move|p1a: Cinderace|Will-O-Wisp|p2a: Slowking\n|-status|p2a: Slowking|brn\n|\n|-damage|p2a: Slowking|94/100 brn|[from] brn\n|upkeep\n|turn|2\n|\n|t:|1782438210\n|move|p1a: Cinderace|Pyro Ball|p2a: Slowking\n|-damage|p2a: Slowking|48/100 brn\n|-prepare|p2a: Slowking|Chilly Reception|[premajor]\n|move|p2a: Slowking|Chilly Reception|p2a: Slowking\n|-weather|Snowscape\n|\n|t:|1782438213\n|switch|p2a: Landorus|Landorus-Therian, M|100/100|[from] Chilly Reception\n|-ability|p2a: Landorus|Intimidate|boost\n|-unboost|p1a: Cinderace|atk|1\n|\n|-weather|Snowscape|[upkeep]\n|upkeep\n|turn|3\n|j| Orange Stork\n|inactive|garged has 90 seconds left.\n|\n|t:|1782438224\n|switch|p1a: Slither Wing|Slither Wing|100/100\n|move|p2a: Landorus|Earthquake|p1a: Slither Wing\n|-resisted|p1a: Slither Wing\n|-damage|p1a: Slither Wing|74/100\n|\n|-weather|Snowscape|[upkeep]\n|upkeep\n|turn|4\n|j| Moon of Seoul\n|inactive|garged has 90 seconds left.\n|l|#Setsu\n|\n|t:|1782438236\n|move|p2a: Landorus|U-turn|p1a: Slither Wing\n|-resisted|p1a: Slither Wing\n|-damage|p1a: Slither Wing|63/100\n|\n|t:|1782438237\n|switch|p2a: Slowking|Slowking-Galar, F|81/100 brn|[from] U-turn\n|move|p1a: Slither Wing|U-turn|p2a: Slowking\n|-damage|p2a: Slowking|49/100 brn\n|\n|t:|1782438241\n|-end|p1a: Slither Wing|Protosynthesis|[silent]\n|switch|p1a: Kyurem|Kyurem|100/100|[from] U-turn\n|-ability|p1a: Kyurem|Pressure\n|\n|-weather|Snowscape|[upkeep]\n|-damage|p2a: Slowking|43/100 brn|[from] brn\n|upkeep\n|turn|5\n|\n|t:|1782438251\n|-terastallize|p2a: Slowking|Water\n|move|p1a: Kyurem|Blizzard|p2a: Slowking\n|-resisted|p2a: Slowking\n|-damage|p2a: Slowking|16/100 brn\n|-prepare|p2a: Slowking|Chilly Reception|[premajor]\n|move|p2a: Slowking|Chilly Reception|p2a: Slowking\n|inactive|garged has 90 seconds left.\n|inactive|garged has 60 seconds left.\n|\n|t:|1782438302\n|switch|p2a: Hoopa|Hoopa-Unbound|100/100|[from] Chilly Reception\n|\n|-weather|Snowscape|[upkeep]\n|upkeep\n|turn|6\n|inactive|garged has 60 seconds left.\n|inactive|monkeywaters has 120 seconds left.\n|\n|t:|1782438357\n|switch|p1a: Landorus|Landorus-Therian, M|100/100\n|-ability|p1a: Landorus|Intimidate|boost\n|-unboost|p2a: Hoopa|atk|1\n|move|p2a: Hoopa|Psychic Noise|p1a: Landorus\n|-damage|p1a: Landorus|28/100\n|-start|p1a: Landorus|move: Heal Block\n|\n|-weather|none\n|upkeep\n|turn|7\n|inactive|garged has 60 seconds left.\n|l| Moon of Seoul\n|\n|t:|1782438367\n|switch|p2a: Corviknight|Corviknight, M|100/100\n|-ability|p2a: Corviknight|Pressure\n|move|p1a: Landorus|U-turn|p2a: Corviknight\n|-resisted|p2a: Corviknight\n|-damage|p2a: Corviknight|97/100\n|-damage|p1a: Landorus|11/100|[from] item: Rocky Helmet|[of] p2a: Corviknight\n|inactive|monkeywaters has 90 seconds left.\n|\n|t:|1782438410\n|switch|p1a: Kyurem|Kyurem|100/100|[from] U-turn\n|-ability|p1a: Kyurem|Pressure\n|\n|upkeep\n|turn|8\n|inactive|garged has 60 seconds left.\n|inactive|monkeywaters has 60 seconds left.\n|\n|t:|1782438436\n|switch|p2a: Hoopa|Hoopa-Unbound|100/100\n|move|p1a: Kyurem|Ice Beam|p2a: Hoopa\n|-damage|p2a: Hoopa|68/100\n|\n|upkeep\n|turn|9\n|inactive|garged has 60 seconds left.\n|inactive|monkeywaters has 60 seconds left.\n|\n|t:|1782438458\n|switch|p1a: Cinderace|Cinderace, F|90/100\n|move|p2a: Hoopa|Knock Off|p1a: Cinderace\n|-damage|p1a: Cinderace|26/100\n|-enditem|p1a: Cinderace|Heavy-Duty Boots|[from] move: Knock Off|[of] p2a: Hoopa\n|\n|upkeep\n|turn|10\n|inactive|garged has 60 seconds left.\n|\n|t:|1782438473\n|switch|p2a: Dragapult|Dragapult, M|100/100\n|move|p1a: Cinderace|Pyro Ball|p2a: Dragapult\n|-resisted|p2a: Dragapult\n|-damage|p2a: Dragapult|53/100\n|\n|upkeep\n|turn|11\n|inactive|garged has 60 seconds left.\n|\n|t:|1782438487\n|switch|p1a: Slowking|Slowking-Galar, M|100/100\n|move|p2a: Dragapult|Hex|p1a: Slowking\n|-supereffective|p1a: Slowking\n|-damage|p1a: Slowking|65/100\n|\n|upkeep\n|turn|12\n|\n|t:|1782438491\n|move|p2a: Dragapult|Will-O-Wisp|p1a: Slowking\n|-status|p1a: Slowking|brn\n|-prepare|p1a: Slowking|Chilly Reception|[premajor]\n|move|p1a: Slowking|Chilly Reception|p1a: Slowking\n|-weather|Snowscape\n|inactive|monkeywaters has 60 seconds left.\n|\n|t:|1782438496\n|switch|p1a: Kingambit|Kingambit, M|100/100|[from] Chilly Reception\n|\n|-weather|Snowscape|[upkeep]\n|upkeep\n|turn|13\n|j|#Setsu\n|inactive|monkeywaters has 60 seconds left.\n|inactive|garged has 60 seconds left.\n|\n|t:|1782438539\n|-end|p1a: Kingambit|fallenundefined|[silent]\n|switch|p1a: Slowking|Slowking-Galar, M|99/100 brn\n|move|p2a: Dragapult|Will-O-Wisp|p1a: Slowking\n|-fail|p1a: Slowking|brn\n|\n|-weather|Snowscape|[upkeep]\n|-damage|p1a: Slowking|93/100 brn|[from] brn\n|upkeep\n|turn|14\n|j| Luna♥xSnow♥\n|\n|t:|1782438549\n|move|p2a: Dragapult|Hex|p1a: Slowking\n|-supereffective|p1a: Slowking\n|-damage|p1a: Slowking|30/100 brn\n|move|p1a: Slowking|Future Sight|p2a: Dragapult\n|-start|p1a: Slowking|move: Future Sight\n|\n|-weather|Snowscape|[upkeep]\n|-damage|p1a: Slowking|24/100 brn|[from] brn\n|upkeep\n|turn|15\n|\n|t:|1782438563\n|switch|p1a: Kingambit|Kingambit, M|100/100\n|move|p2a: Dragapult|Will-O-Wisp|p1a: Kingambit\n|-status|p1a: Kingambit|brn\n|\n|-weather|Snowscape|[upkeep]\n|-damage|p1a: Kingambit|94/100 brn|[from] brn\n|upkeep\n|turn|16\n|inactive|garged has 60 seconds left.\n|\n|t:|1782438582\n|move|p2a: Dragapult|U-turn|p1a: Kingambit\n|-damage|p1a: Kingambit|81/100 brn\n|\n|t:|1782438584\n|switch|p2a: Corviknight|Corviknight, M|97/100|[from] U-turn\n|-ability|p2a: Corviknight|Pressure\n|move|p1a: Kingambit|Kowtow Cleave|p2a: Corviknight\n|-damage|p2a: Corviknight|82/100\n|-damage|p1a: Kingambit|64/100 brn|[from] item: Rocky Helmet|[of] p2a: Corviknight\n|\n|-weather|none\n|-end|p2a: Corviknight|move: Future Sight\n|-resisted|p2a: Corviknight\n|-damage|p2a: Corviknight|59/100\n|-heal|p1a: Kingambit|71/100 brn|[from] item: Leftovers\n|-damage|p1a: Kingambit|64/100 brn|[from] brn\n|upkeep\n|turn|17\n|\n|t:|1782438587\n|-end|p1a: Kingambit|fallenundefined|[silent]\n|switch|p1a: Kyurem|Kyurem|100/100\n|-ability|p1a: Kyurem|Pressure\n|move|p2a: Corviknight|U-turn|p1a: Kyurem\n|-damage|p1a: Kyurem|85/100\n|inactive|garged has 60 seconds left.\n|\n|t:|1782438615\n|switch|p2a: Hoopa|Hoopa-Unbound|68/100|[from] U-turn\n|\n|upkeep\n|turn|18\n|inactive|garged has 60 seconds left.\n|\n|t:|1782438626\n|switch|p1a: Kingambit|Kingambit, M|64/100 brn\n|move|p2a: Hoopa|Psychic Noise|p1a: Kingambit\n|-immune|p1a: Kingambit\n|\n|-heal|p1a: Kingambit|71/100 brn|[from] item: Leftovers\n|-damage|p1a: Kingambit|64/100 brn|[from] brn\n|upkeep\n|turn|19\n|\n|t:|1782438638\n|-end|p1a: Kingambit|fallenundefined|[silent]\n|switch|p1a: Slither Wing|Slither Wing|63/100\n|move|p2a: Hoopa|Drain Punch|p1a: Slither Wing\n|-resisted|p1a: Slither Wing\n|-damage|p1a: Slither Wing|52/100\n|-heal|p2a: Hoopa|74/100|[from] drain|[of] p1a: Slither Wing\n|\n|upkeep\n|turn|20\n|\n|t:|1782438644\n|switch|p2a: Corviknight|Corviknight, M|59/100\n|-ability|p2a: Corviknight|Pressure\n|move|p1a: Slither Wing|First Impression|p2a: Corviknight\n|-resisted|p2a: Corviknight\n|-damage|p2a: Corviknight|53/100\n|-damage|p1a: Slither Wing|35/100|[from] item: Rocky Helmet|[of] p2a: Corviknight\n|\n|upkeep\n|turn|21\n|\n|t:|1782438657\n|move|p1a: Slither Wing|Will-O-Wisp|p2a: Corviknight\n|-status|p2a: Corviknight|brn\n|move|p2a: Corviknight|Brave Bird|p1a: Slither Wing\n|-supereffective|p1a: Slither Wing\n|-damage|p1a: Slither Wing|0 fnt\n|faint|p1a: Slither Wing\n|-end|p1a: Slither Wing|Protosynthesis|[silent]\n|-damage|p2a: Corviknight|42/100 brn|[from] Recoil\n|\n|-damage|p2a: Corviknight|36/100 brn|[from] brn\n|upkeep\n|\n|t:|1782438673\n|switch|p1a: Cinderace|Cinderace, F|26/100\n|turn|22\n|\n|t:|1782438682\n|move|p1a: Cinderace|Pyro Ball|p2a: Corviknight\n|-supereffective|p2a: Corviknight\n|-damage|p2a: Corviknight|0 fnt\n|faint|p2a: Corviknight\n|\n|upkeep\n|\n|t:|1782438694\n|switch|p2a: Zamazenta|Zamazenta|100/100\n|-ability|p2a: Zamazenta|Dauntless Shield|boost\n|-boost|p2a: Zamazenta|def|1\n|turn|23\n|\n|t:|1782438700\n|switch|p1a: Kingambit|Kingambit, M|64/100 brn\n|-activate|p1a: Kingambit|ability: Supreme Overlord\n|-start|p1a: Kingambit|fallen1|[silent]\n|move|p2a: Zamazenta|Crunch|p1a: Kingambit\n|-resisted|p1a: Kingambit\n|-damage|p1a: Kingambit|53/100 brn\n|\n|-heal|p1a: Kingambit|59/100 brn|[from] item: Leftovers\n|-damage|p1a: Kingambit|53/100 brn|[from] brn\n|upkeep\n|turn|24\n|inactive|monkeywaters has 90 seconds left.\n|\n|t:|1782438710\n|-end|p1a: Kingambit|fallen1|[silent]\n|switch|p1a: Slowking|Slowking-Galar, M|57/100 brn\n|move|p2a: Zamazenta|Close Combat|p1a: Slowking\n|-resisted|p1a: Slowking\n|-damage|p1a: Slowking|42/100 brn\n|-unboost|p2a: Zamazenta|def|1\n|-unboost|p2a: Zamazenta|spd|1\n|\n|-damage|p1a: Slowking|36/100 brn|[from] brn\n|upkeep\n|turn|25\n|\n|t:|1782438715\n|switch|p1a: Kingambit|Kingambit, M|53/100 brn\n|-activate|p1a: Kingambit|ability: Supreme Overlord\n|-start|p1a: Kingambit|fallen1|[silent]\n|move|p2a: Zamazenta|Crunch|p1a: Kingambit\n|-resisted|p1a: Kingambit\n|-damage|p1a: Kingambit|42/100 brn\n|\n|-heal|p1a: Kingambit|49/100 brn|[from] item: Leftovers\n|-damage|p1a: Kingambit|42/100 brn|[from] brn\n|upkeep\n|turn|26\n|inactive|monkeywaters has 90 seconds left.\n|\n|t:|1782438738\n|move|p1a: Kingambit|Sucker Punch|p2a: Zamazenta\n|-resisted|p2a: Zamazenta\n|-damage|p2a: Zamazenta|90/100\n|move|p2a: Zamazenta|Close Combat|p1a: Kingambit\n|-supereffective|p1a: Kingambit\n|-damage|p1a: Kingambit|0 fnt\n|-unboost|p2a: Zamazenta|def|1\n|-unboost|p2a: Zamazenta|spd|1\n|faint|p1a: Kingambit\n|-end|p1a: Kingambit|fallen1|[silent]\n|\n|upkeep\n|inactive|monkeywaters has 90 seconds left.\n|\n|t:|1782438747\n|switch|p1a: Slowking|Slowking-Galar, M|69/100 brn\n|turn|27\n|inactive|garged has 120 seconds left.\n|\n|t:|1782438762\n|switch|p2a: Dragapult|Dragapult, M|53/100\n|-prepare|p1a: Slowking|Chilly Reception|[premajor]\n|move|p1a: Slowking|Chilly Reception|p1a: Slowking\n|-weather|Snowscape\n|\n|t:|1782438772\n|switch|p1a: Landorus|Landorus-Therian, M|11/100|[from] Chilly Reception\n|-ability|p1a: Landorus|Intimidate|boost\n|-unboost|p2a: Dragapult|atk|1\n|\n|-weather|Snowscape|[upkeep]\n|upkeep\n|turn|28\n|\n|t:|1782438779\n|switch|p2a: Landorus|Landorus-Therian, M|100/100\n|-ability|p2a: Landorus|Intimidate|boost\n|-unboost|p1a: Landorus|atk|1\n|move|p1a: Landorus|Earthquake|p2a: Landorus\n|-immune|p2a: Landorus\n|\n|-weather|Snowscape|[upkeep]\n|upkeep\n|turn|29\n|\n|t:|1782438795\n|switch|p1a: Slowking|Slowking-Galar, M|100/100 brn\n|move|p2a: Landorus|Stealth Rock|p1a: Slowking\n|-sidestart|p1: monkeywaters|move: Stealth Rock\n|\n|-weather|Snowscape|[upkeep]\n|-damage|p1a: Slowking|94/100 brn|[from] brn\n|upkeep\n|turn|30\n|\n|t:|1782438814\n|-terastallize|p1a: Slowking|Water\n|move|p2a: Landorus|Earthquake|p1a: Slowking\n|-damage|p1a: Slowking|28/100 brn\n|move|p1a: Slowking|Future Sight|p2a: Landorus\n|-start|p1a: Slowking|move: Future Sight\n|\n|-weather|Snowscape|[upkeep]\n|-damage|p1a: Slowking|22/100 brn|[from] brn\n|upkeep\n|turn|31\n|j| Hallaaween\n|j| mirandacfl\n|l| mirandacfl\n|\n|t:|1782438827\n|switch|p1a: Landorus|Landorus-Therian, M|11/100\n|-damage|p1a: Landorus|0 fnt|[from] Stealth Rock\n|faint|p1a: Landorus\n|move|p2a: Landorus|Earthquake|p1: Landorus|[notarget]\n|-fail|p2a: Landorus\n|\n|-weather|none\n|upkeep\n|\n|t:|1782438830\n|switch|p1a: Kyurem|Kyurem|85/100\n|-damage|p1a: Kyurem|61/100|[from] Stealth Rock\n|-ability|p1a: Kyurem|Pressure\n|turn|32\n|\n|t:|1782438842\n|switch|p2a: Slowking|Slowking-Galar, F, tera:Water|50/100 brn\n|move|p1a: Kyurem|Ice Beam|p2a: Slowking\n|-resisted|p2a: Slowking\n|-damage|p2a: Slowking|29/100 brn\n|\n|-end|p2a: Slowking|move: Future Sight\n|-damage|p2a: Slowking|4/100 brn\n|-damage|p2a: Slowking|0 fnt|[from] brn\n|faint|p2a: Slowking\n|upkeep\n|\n|t:|1782438844\n|switch|p2a: Zamazenta|Zamazenta|90/100\n|turn|33\n|\n|t:|1782438850\n|move|p2a: Zamazenta|Close Combat|p1a: Kyurem\n|-supereffective|p1a: Kyurem\n|-damage|p1a: Kyurem|0 fnt\n|-unboost|p2a: Zamazenta|def|1\n|-unboost|p2a: Zamazenta|spd|1\n|faint|p1a: Kyurem\n|\n|upkeep\n|\n|t:|1782438851\n|switch|p1a: Slowking|Slowking-Galar, M, tera:Water|55/100 brn\n|turn|34\n|\n|t:|1782438854\n|move|p2a: Zamazenta|Close Combat|p1a: Slowking\n|-damage|p1a: Slowking|0 fnt\n|-unboost|p2a: Zamazenta|def|1\n|-unboost|p2a: Zamazenta|spd|1\n|faint|p1a: Slowking\n|\n|upkeep\n|\n|t:|1782438856\n|switch|p1a: Cinderace|Cinderace, F|26/100\n|-damage|p1a: Cinderace|1/100|[from] Stealth Rock\n|turn|35\n|c|☆monkeywaters|gg\n|\n|t:|1782438860\n|move|p2a: Zamazenta|Close Combat|p1a: Cinderace\n|-damage|p1a: Cinderace|0 fnt\n|-unboost|p2a: Zamazenta|def|1\n|-unboost|p2a: Zamazenta|spd|1\n|faint|p1a: Cinderace\n|\n|win|garged\n|n|☆monkeywaters|monkeywaters\n|n|☆garged|garged\n|n| ina fable|inafable\n|n| Orange Stork|orangestork\n|n|~Setsu|setsu\n|n| Luna♥xSnow♥|lunaxsnow\n|n| Hallaaween|hallaaween\n|c|☆garged|gg\n|l|☆garged\n|player|p2|\n|l| ina fable\n|l|~Setsu\n", "uploadtime": 1782438870, "views": 28, "formatid": "gen9ou", "rating": null, "private": 0, "password": null}