{"id": "gen9ou-2639307147", "format": "[Gen 9] OU", "players": ["xkxhxll", "meimeigu"], "log": "|j|☆xkxhxll\n|j|☆meimeigu\n|t:|1782449947\n|gametype|singles\n|player|p1|xkxhxll|dawn-gen4pt|1177\n|player|p2|meimeigu|266|1155\n|gen|9\n|tier|[Gen 9] OU\n|rated|\n|rule|HP Percentage Mod: HP is shown in percentages\n|rule|Endless Battle Clause: Forcing endless battles is banned\n|rule|Species Clause: Limit one of each Pokémon\n|rule|OHKO Clause: OHKO moves are banned\n|rule|Evasion Items Clause: Evasion items are banned\n|rule|Evasion Moves Clause: Evasion moves are banned\n|rule|Evasion Abilities Clause: Evasion abilities are banned\n|rule|Sleep Moves Clause: Sleep-inducing moves are banned\n|clearpoke\n|poke|p1|Meowscarada, F|\n|poke|p1|Dragapult, M|\n|poke|p1|Great Tusk|\n|poke|p1|Iron Valiant|\n|poke|p1|Kingambit, M|\n|poke|p1|Gengar, M|\n|poke|p2|Clodsire, F|\n|poke|p2|Toxapex, M|\n|poke|p2|Corviknight, F|\n|poke|p2|Dondozo, F|\n|poke|p2|Clefable, M|\n|poke|p2|Gliscor, F|\n|teampreview\n|inactive|Battle timer is ON: inactive players will automatically lose when time's up. (requested by xkxhxll)\n|\n|t:|1782449964\n|teamsize|p1|6\n|teamsize|p2|6\n|start\n|switch|p1a: Iron Valiant|Iron Valiant|100/100\n|switch|p2a: love this for you|Clefable, M|100/100\n|turn|1\n|\n|t:|1782449977\n|move|p1a: Iron Valiant|Psyshock|p2a: love this for you\n|-damage|p2a: love this for you|80/100\n|move|p2a: love this for you|Moonlight|p2a: love this for you\n|-heal|p2a: love this for you|100/100\n|\n|upkeep\n|turn|2\n|\n|t:|1782449985\n|-end|p1a: Iron Valiant|Quark Drive|[silent]\n|switch|p1a: Gengar|Gengar, M|100/100\n|move|p2a: love this for you|Stealth Rock|p1a: Gengar\n|-sidestart|p1: xkxhxll|move: Stealth Rock\n|\n|upkeep\n|turn|3\n|\n|t:|1782449995\n|move|p1a: Gengar|Shadow Ball|p2a: love this for you\n|-crit|p2a: love this for you\n|-damage|p2a: love this for you|36/100\n|-unboost|p2a: love this for you|spd|1\n|move|p2a: love this for you|Knock Off|p1a: Gengar\n|-supereffective|p1a: Gengar\n|-damage|p1a: Gengar|42/100\n|-enditem|p1a: Gengar|Choice Scarf|[from] move: Knock Off|[of] p2a: love this for you\n|\n|upkeep\n|turn|4\n|\n|t:|1782450012\n|switch|p2a: did you calc that?|Clodsire, F|100/100\n|move|p1a: Gengar|Shadow Ball|p2a: did you calc that?\n|-damage|p2a: did you calc that?|76/100\n|\n|upkeep\n|turn|5\n|\n|t:|1782450027\n|switch|p1a: Great Tusk|Great Tusk|100/100\n|-damage|p1a: Great Tusk|98/100|[from] Stealth Rock\n|move|p2a: did you calc that?|Spikes|p1a: Great Tusk\n|-sidestart|p1: xkxhxll|Spikes\n|\n|upkeep\n|turn|6\n|\n|t:|1782450037\n|move|p1a: Great Tusk|Rapid Spin|p2a: did you calc that?\n|-damage|p2a: did you calc that?|57/100\n|-boost|p1a: Great Tusk|spe|1\n|-sideend|p1: xkxhxll|Spikes|[from] move: Rapid Spin|[of] p1a: Great Tusk\n|-sideend|p1: xkxhxll|Stealth Rock|[from] move: Rapid Spin|[of] p1a: Great Tusk\n|move|p2a: did you calc that?|Recover|p2a: did you calc that?\n|-heal|p2a: did you calc that?|100/100\n|\n|upkeep\n|turn|7\n|\n|t:|1782450047\n|-end|p1a: Great Tusk|Protosynthesis|[silent]\n|switch|p1a: Meowscarada|Meowscarada, F, shiny|100/100\n|move|p2a: did you calc that?|Earthquake|p1a: Meowscarada\n|-resisted|p1a: Meowscarada\n|-damage|p1a: Meowscarada|80/100\n|\n|upkeep\n|turn|8\n|\n|t:|1782450056\n|move|p1a: Meowscarada|U-turn|p2a: did you calc that?\n|-start|p1a: Meowscarada|typechange|Bug|[from] ability: Protean\n|-resisted|p2a: did you calc that?\n|-damage|p2a: did you calc that?|80/100\n|\n|t:|1782450064\n|switch|p1a: Great Tusk|Great Tusk|98/100|[from] U-turn\n|move|p2a: did you calc that?|Poison Jab|p1a: Great Tusk\n|-resisted|p1a: Great Tusk\n|-damage|p1a: Great Tusk|89/100\n|\n|upkeep\n|turn|9\n|\n|t:|1782450073\n|switch|p2a: keep trying|Dondozo, F|100/100\n|move|p1a: Great Tusk|Headlong Rush|p2a: keep trying\n|-damage|p2a: keep trying|71/100\n|-unboost|p1a: Great Tusk|def|1\n|-unboost|p1a: Great Tusk|spd|1\n|\n|-heal|p2a: keep trying|77/100|[from] item: Leftovers\n|upkeep\n|turn|10\n|\n|t:|1782450084\n|-end|p1a: Great Tusk|Protosynthesis|[silent]\n|switch|p1a: Gengar|Gengar, M|42/100\n|move|p2a: keep trying|Rest|p2a: keep trying\n|-status|p2a: keep trying|slp|[from] move: Rest\n|-heal|p2a: keep trying|100/100 slp|[silent]\n|\n|upkeep\n|turn|11\n|\n|t:|1782450093\n|move|p1a: Gengar|Energy Ball|p2a: keep trying\n|-supereffective|p2a: keep trying\n|-damage|p2a: keep trying|36/100 slp\n|cant|p2a: keep trying|slp\n|move|p2a: keep trying|Sleep Talk|p2a: keep trying\n|move|p2a: keep trying|Curse|p2a: keep trying|[from] move: Sleep Talk\n|-unboost|p2a: keep trying|spe|1\n|-boost|p2a: keep trying|atk|1\n|-boost|p2a: keep trying|def|1\n|\n|-heal|p2a: keep trying|43/100 slp|[from] item: Leftovers\n|upkeep\n|turn|12\n|\n|t:|1782450107\n|-terastallize|p2a: keep trying|Dark\n|move|p1a: Gengar|Shadow Ball|p2a: keep trying\n|-resisted|p2a: keep trying\n|-damage|p2a: keep trying|23/100 slp\n|cant|p2a: keep trying|slp\n|move|p2a: keep trying|Sleep Talk|p2a: keep trying\n|move|p2a: keep trying|Rest||[from] move: Sleep Talk|[still]\n|-fail|p2a: keep trying\n|\n|-heal|p2a: keep trying|29/100 slp|[from] item: Leftovers\n|upkeep\n|turn|13\n|\n|t:|1782450124\n|move|p1a: Gengar|Sludge Wave|p2a: keep trying\n|-damage|p2a: keep trying|0 fnt\n|faint|p2a: keep trying\n|\n|upkeep\n|\n|t:|1782450128\n|switch|p2a: take your time|Toxapex, M|100/100\n|turn|14\n|\n|t:|1782450137\n|switch|p2a: per my last turn|Corviknight, F|100/100\n|-ability|p2a: per my last turn|Pressure\n|move|p1a: Gengar|Energy Ball|p2a: per my last turn\n|-resisted|p2a: per my last turn\n|-damage|p2a: per my last turn|95/100\n|\n|-heal|p2a: per my last turn|100/100|[from] item: Leftovers\n|upkeep\n|turn|15\n|\n|t:|1782450149\n|move|p1a: Gengar|Shadow Ball|p2a: per my last turn\n|-damage|p2a: per my last turn|70/100\n|move|p2a: per my last turn|Brave Bird|p1a: Gengar\n|-damage|p1a: Gengar|0 fnt\n|-start|p2a: per my last turn|Disable|Brave Bird|[from] ability: Cursed Body|[of] p1a: Gengar\n|faint|p1a: Gengar\n|-damage|p2a: per my last turn|61/100|[from] Recoil\n|\n|-heal|p2a: per my last turn|67/100|[from] item: Leftovers\n|upkeep\n|inactive|xkxhxll has 120 seconds left.\n|\n|t:|1782450179\n|switch|p1a: Great Tusk|Great Tusk|89/100\n|turn|16\n|\n|t:|1782450187\n|move|p1a: Great Tusk|Temper Flare|p2a: per my last turn\n|-supereffective|p2a: per my last turn\n|-damage|p2a: per my last turn|20/100\n|move|p2a: per my last turn|Roost|p2a: per my last turn\n|-heal|p2a: per my last turn|70/100\n|-singleturn|p2a: per my last turn|move: Roost\n|\n|-heal|p2a: per my last turn|77/100|[from] item: Leftovers\n|upkeep\n|turn|17\n|\n|t:|1782450198\n|move|p1a: Great Tusk|Temper Flare|p2a: per my last turn\n|-supereffective|p2a: per my last turn\n|-damage|p2a: per my last turn|33/100\n|move|p2a: per my last turn|Roost|p2a: per my last turn\n|-heal|p2a: per my last turn|83/100\n|-singleturn|p2a: per my last turn|move: Roost\n|\n|-heal|p2a: per my last turn|89/100|[from] item: Leftovers\n|upkeep\n|turn|18\n|\n|t:|1782450209\n|move|p1a: Great Tusk|Temper Flare|p2a: per my last turn\n|-supereffective|p2a: per my last turn\n|-damage|p2a: per my last turn|43/100\n|move|p2a: per my last turn|Roost|p2a: per my last turn\n|-heal|p2a: per my last turn|93/100\n|-singleturn|p2a: per my last turn|move: Roost\n|\n|-heal|p2a: per my last turn|99/100|[from] item: Leftovers\n|-end|p2a: per my last turn|Disable\n|upkeep\n|turn|19\n|\n|t:|1782450224\n|-end|p1a: Great Tusk|Protosynthesis|[silent]\n|switch|p1a: Kingambit|Kingambit, M, shiny|100/100\n|-activate|p1a: Kingambit|ability: Supreme Overlord\n|-start|p1a: Kingambit|fallen1|[silent]\n|move|p2a: per my last turn|Brave Bird|p1a: Kingambit\n|-resisted|p1a: Kingambit\n|-damage|p1a: Kingambit|86/100\n|-damage|p2a: per my last turn|95/100|[from] Recoil\n|\n|-heal|p2a: per my last turn|100/100|[from] item: Leftovers\n|upkeep\n|turn|20\n|\n|t:|1782450238\n|switch|p2a: nothing new there|Gliscor, F|100/100\n|move|p1a: Kingambit|Kowtow Cleave|p2a: nothing new there\n|-damage|p2a: nothing new there|34/100\n|\n|-status|p2a: nothing new there|tox|[from] item: Toxic Orb\n|upkeep\n|turn|21\n|\n|t:|1782450260\n|-end|p1a: Kingambit|fallen1|[silent]\n|switch|p1a: Iron Valiant|Iron Valiant|100/100\n|move|p2a: nothing new there|Substitute|p2a: nothing new there\n|-start|p2a: nothing new there|Substitute\n|-damage|p2a: nothing new there|9/100 tox\n|\n|-heal|p2a: nothing new there|22/100 tox|[from] ability: Poison Heal\n|upkeep\n|turn|22\n|\n|t:|1782450274\n|-end|p1a: Iron Valiant|Quark Drive|[silent]\n|switch|p1a: Dragapult|Dragapult, M|100/100\n|move|p2a: nothing new there|Toxic|p1a: Dragapult\n|-status|p1a: Dragapult|tox\n|\n|-damage|p1a: Dragapult|95/100 tox|[from] psn\n|-heal|p2a: nothing new there|34/100 tox|[from] ability: Poison Heal\n|upkeep\n|turn|23\n|\n|t:|1782450285\n|move|p2a: nothing new there|Protect|p2a: nothing new there\n|-singleturn|p2a: nothing new there|Protect\n|move|p1a: Dragapult|Phantom Force||[still]\n|-prepare|p1a: Dragapult|Phantom Force\n|\n|-damage|p1a: Dragapult|83/100 tox|[from] psn\n|-heal|p2a: nothing new there|47/100 tox|[from] ability: Poison Heal\n|upkeep\n|turn|24\n|\n|t:|1782450294\n|move|p1a: Dragapult|Phantom Force|p2a: nothing new there|[from] lockedmove\n|-damage|p2a: nothing new there|0 fnt\n|faint|p2a: nothing new there\n|\n|-damage|p1a: Dragapult|65/100 tox|[from] psn\n|upkeep\n|\n|t:|1782450307\n|switch|p2a: did you calc that?|Clodsire, F|80/100\n|turn|25\n|\n|t:|1782450316\n|switch|p1a: Meowscarada|Meowscarada, F, shiny|80/100\n|move|p2a: did you calc that?|Spikes|p1a: Meowscarada\n|-sidestart|p1: xkxhxll|Spikes\n|\n|upkeep\n|turn|26\n|\n|t:|1782450324\n|move|p1a: Meowscarada|U-turn|p2a: did you calc that?\n|-start|p1a: Meowscarada|typechange|Bug|[from] ability: Protean\n|-resisted|p2a: did you calc that?\n|-damage|p2a: did you calc that?|61/100\n|\n|t:|1782450336\n|switch|p1a: Iron Valiant|Iron Valiant|100/100|[from] U-turn\n|-damage|p1a: Iron Valiant|88/100|[from] Spikes\n|move|p2a: did you calc that?|Spikes|p1a: Iron Valiant\n|-sidestart|p1: xkxhxll|Spikes\n|\n|upkeep\n|turn|27\n|\n|t:|1782450347\n|move|p1a: Iron Valiant|Psyshock|p2a: did you calc that?\n|-supereffective|p2a: did you calc that?\n|-damage|p2a: did you calc that?|0 fnt\n|faint|p2a: did you calc that?\n|\n|upkeep\n|-message|meimeigu forfeited.\n|\n|win|xkxhxll\n|raw|xkxhxll's rating: 1177 &rarr; <strong>1200</strong><br />(+23 for winning)\n|raw|meimeigu's rating: 1155 &rarr; <strong>1132</strong><br />(-23 for losing)\n|l|☆meimeigu\n|player|p2|\n|l|☆xkxhxll\n|player|p1|\n", "uploadtime": 1782450719, "views": 2, "formatid": "gen9ou", "rating": 1132, "private": 0, "password": null}