{"id": "gen9ou-2639219429", "format": "[Gen 9] OU", "players": ["fantasmatica", "TheAcechampion"], "log": "|j|☆fantasmatica\n|j|☆TheAcechampion\n|t:|1782435972\n|gametype|singles\n|player|p1|fantasmatica|kris|1104\n|player|p2|TheAcechampion|ghetsis-gen5bw|1193\n|gen|9\n|tier|[Gen 9] OU\n|rated|\n|rule|HP Percentage Mod: HP is shown in percentages\n|rule|Endless Battle Clause: Forcing endless battles is banned\n|rule|Species Clause: Limit one of each Pokémon\n|rule|OHKO Clause: OHKO moves are banned\n|rule|Evasion Items Clause: Evasion items are banned\n|rule|Evasion Moves Clause: Evasion moves are banned\n|rule|Evasion Abilities Clause: Evasion abilities are banned\n|rule|Sleep Moves Clause: Sleep-inducing moves are banned\n|clearpoke\n|poke|p1|Meganium, F|\n|poke|p1|Typhlosion, F|\n|poke|p1|Feraligatr, M|\n|poke|p1|Tyranitar, M|\n|poke|p1|Scizor, M|\n|poke|p1|Umbreon, F|\n|poke|p2|Scizor, F|\n|poke|p2|Deoxys-Speed|\n|poke|p2|Great Tusk|\n|poke|p2|Samurott-Hisui, M|\n|poke|p2|Dragonite, F|\n|poke|p2|Iron Moth|\n|teampreview\n|\n|t:|1782435989\n|teamsize|p1|6\n|teamsize|p2|6\n|start\n|switch|p1a: Scizor|Scizor, M|100/100\n|switch|p2a: Iron Moth|Iron Moth|100/100\n|turn|1\n|\n|t:|1782435995\n|switch|p1a: Tyranitar|Tyranitar, M|100/100\n|-weather|Sandstorm|[from] ability: Sand Stream|[of] p1a: Tyranitar\n|move|p2a: Iron Moth|Fiery Dance|p1a: Tyranitar\n|-resisted|p1a: Tyranitar\n|-damage|p1a: Tyranitar|86/100\n|-boost|p2a: Iron Moth|spa|1\n|\n|-weather|Sandstorm|[upkeep]\n|-damage|p2a: Iron Moth|95/100|[from] Sandstorm\n|-heal|p1a: Tyranitar|92/100|[from] item: Leftovers\n|upkeep\n|turn|2\n|\n|t:|1782436010\n|-end|p2a: Iron Moth|Quark Drive|[silent]\n|switch|p2a: Scizor|Scizor, F|100/100\n|move|p1a: Tyranitar|Stealth Rock|p2a: Scizor\n|-sidestart|p2: TheAcechampion|move: Stealth Rock\n|\n|-weather|Sandstorm|[upkeep]\n|-heal|p1a: Tyranitar|98/100|[from] item: Leftovers\n|upkeep\n|turn|3\n|\n|t:|1782436024\n|switch|p1a: Typhlosion|Typhlosion, F|100/100\n|move|p2a: Scizor|Close Combat|p1a: Typhlosion\n|-crit|p1a: Typhlosion\n|-damage|p1a: Typhlosion|0 fnt\n|-unboost|p2a: Scizor|def|1\n|-unboost|p2a: Scizor|spd|1\n|faint|p1a: Typhlosion\n|\n|-weather|Sandstorm|[upkeep]\n|upkeep\n|\n|t:|1782436035\n|switch|p1a: Meganium|Meganium, F|100/100\n|turn|4\n|\n|t:|1782436049\n|switch|p2a: Iron Moth|Iron Moth|95/100\n|-damage|p2a: Iron Moth|70/100|[from] Stealth Rock\n|move|p1a: Meganium|Leech Seed|p2a: Iron Moth\n|-start|p2a: Iron Moth|move: Leech Seed\n|\n|-weather|Sandstorm|[upkeep]\n|-damage|p2a: Iron Moth|64/100|[from] Sandstorm\n|-damage|p1a: Meganium|94/100|[from] Sandstorm\n|-heal|p1a: Meganium|100/100|[from] item: Leftovers\n|-damage|p2a: Iron Moth|51/100|[from] Leech Seed|[of] p1a: Meganium\n|upkeep\n|turn|5\n|\n|t:|1782436060\n|move|p1a: Meganium|Protect|p1a: Meganium\n|-singleturn|p1a: Meganium|Protect\n|move|p2a: Iron Moth|Bug Buzz|p1a: Meganium\n|-activate|p1a: Meganium|move: Protect\n|\n|-weather|none\n|-damage|p2a: Iron Moth|39/100|[from] Leech Seed|[of] p1a: Meganium\n|upkeep\n|turn|6\n|\n|t:|1782436070\n|move|p2a: Iron Moth|Bug Buzz|p1a: Meganium\n|-supereffective|p1a: Meganium\n|-damage|p1a: Meganium|38/100\n|move|p1a: Meganium|Synthesis|p1a: Meganium\n|-heal|p1a: Meganium|88/100\n|\n|-heal|p1a: Meganium|94/100|[from] item: Leftovers\n|-damage|p2a: Iron Moth|27/100|[from] Leech Seed|[of] p1a: Meganium\n|-heal|p1a: Meganium|100/100|[silent]\n|upkeep\n|turn|7\n|\n|t:|1782436080\n|move|p1a: Meganium|Protect|p1a: Meganium\n|-singleturn|p1a: Meganium|Protect\n|move|p2a: Iron Moth|Bug Buzz|p1a: Meganium\n|-activate|p1a: Meganium|move: Protect\n|\n|-damage|p2a: Iron Moth|15/100|[from] Leech Seed|[of] p1a: Meganium\n|upkeep\n|turn|8\n|\n|t:|1782436090\n|move|p2a: Iron Moth|Bug Buzz|p1a: Meganium\n|-supereffective|p1a: Meganium\n|-damage|p1a: Meganium|35/100\n|move|p1a: Meganium|Synthesis|p1a: Meganium\n|-heal|p1a: Meganium|85/100\n|\n|-heal|p1a: Meganium|91/100|[from] item: Leftovers\n|-damage|p2a: Iron Moth|2/100|[from] Leech Seed|[of] p1a: Meganium\n|-heal|p1a: Meganium|100/100|[silent]\n|upkeep\n|turn|9\n|\n|t:|1782436100\n|move|p1a: Meganium|Protect|p1a: Meganium\n|-singleturn|p1a: Meganium|Protect\n|move|p2a: Iron Moth|Bug Buzz|p1a: Meganium\n|-activate|p1a: Meganium|move: Protect\n|\n|-damage|p2a: Iron Moth|0 fnt|[from] Leech Seed|[of] p1a: Meganium\n|faint|p2a: Iron Moth\n|-end|p2a: Iron Moth|Quark Drive|[silent]\n|upkeep\n|\n|t:|1782436111\n|switch|p2a: Scizor|Scizor, F|100/100\n|-damage|p2a: Scizor|88/100|[from] Stealth Rock\n|turn|10\n|\n|t:|1782436119\n|move|p1a: Meganium|Leech Seed|p2a: Scizor\n|-start|p2a: Scizor|move: Leech Seed\n|move|p2a: Scizor|U-turn|p1a: Meganium\n|-supereffective|p1a: Meganium\n|-damage|p1a: Meganium|0 fnt\n|faint|p1a: Meganium\n|\n|t:|1782436134\n|switch|p2a: Samurott|Samurott-Hisui, M, shiny|100/100|[from] U-turn\n|-damage|p2a: Samurott|88/100|[from] Stealth Rock\n|\n|upkeep\n|\n|t:|1782436149\n|switch|p1a: Scizor|Scizor, M|100/100\n|turn|11\n|\n|t:|1782436158\n|move|p2a: Samurott|Flip Turn|p1a: Scizor\n|-damage|p1a: Scizor|68/100\n|\n|t:|1782436164\n|switch|p2a: Dragonite|Dragonite, F|100/100|[from] Flip Turn\n|-damage|p2a: Dragonite|76/100|[from] Stealth Rock\n|move|p1a: Scizor|U-turn|p2a: Dragonite\n|-resisted|p2a: Dragonite\n|-damage|p2a: Dragonite|44/100\n|\n|t:|1782436177\n|switch|p1a: Sorry|Umbreon, F|100/100|[from] U-turn\n|\n|upkeep\n|turn|12\n|\n|t:|1782436184\n|move|p2a: Dragonite|Outrage|p1a: Sorry\n|-damage|p1a: Sorry|45/100\n|move|p1a: Sorry|Wish|p1a: Sorry\n|\n|-heal|p1a: Sorry|52/100|[from] item: Leftovers\n|upkeep\n|turn|13\n|\n|t:|1782436192\n|move|p1a: Sorry|Protect|p1a: Sorry\n|-singleturn|p1a: Sorry|Protect\n|move|p2a: Dragonite|Outrage|p1a: Sorry|[from] lockedmove\n|-activate|p1a: Sorry|move: Protect\n|-start|p2a: Dragonite|confusion|[fatigue]\n|\n|-heal|p1a: Sorry|100/100|[from] move: Wish|[wisher] Sorry\n|upkeep\n|turn|14\n|l|☆TheAcechampion\n|player|p2|\n|inactive|Battle timer is ON: inactive players will automatically lose when time's up. (requested by fantasmatica)\n|inactive|TheAcechampion has 30 seconds to reconnect!\n|inactive|TheAcechampion has 20 seconds to reconnect!\n|inactive|TheAcechampion has 15 seconds to reconnect!\n|inactive|TheAcechampion has 10 seconds to reconnect!\n|inactive|TheAcechampion has 5 seconds to reconnect!\n|-message|TheAcechampion lost due to inactivity.\n|\n|win|fantasmatica\n|raw|fantasmatica's rating: 1104 &rarr; <strong>1135</strong><br />(+31 for winning)\n|raw|TheAcechampion's rating: 1193 &rarr; <strong>1162</strong><br />(-31 for losing)\n|l|☆fantasmatica\n|player|p1|\n", "uploadtime": 1782436635, "views": 8, "formatid": "gen9ou", "rating": 1135, "private": 0, "password": null}