{"id": "gen9ou-2647825669", "format": "[Gen 9] OU", "players": ["vanillite153", "greysay"], "log": "|j|☆vanillite153\n|j|☆greysay\n|t:|1783819298\n|gametype|singles\n|player|p1|vanillite153|2|1176\n|player|p2|greysay|bianca|1114\n|gen|9\n|tier|[Gen 9] OU\n|rated|\n|rule|HP Percentage Mod: HP is shown in percentages\n|rule|Endless Battle Clause: Forcing endless battles is banned\n|rule|Species Clause: Limit one of each Pokémon\n|rule|OHKO Clause: OHKO moves are banned\n|rule|Evasion Items Clause: Evasion items are banned\n|rule|Evasion Moves Clause: Evasion moves are banned\n|rule|Evasion Abilities Clause: Evasion abilities are banned\n|rule|Sleep Moves Clause: Sleep-inducing moves are banned\n|clearpoke\n|poke|p1|Cinderace, M|\n|poke|p1|Meowscarada, F|\n|poke|p1|Pecharunt|\n|poke|p1|Primarina, F|\n|poke|p1|Gliscor, M|\n|poke|p1|Raging Bolt|\n|poke|p2|Florges-Orange, F|\n|poke|p2|Torkoal, F|\n|poke|p2|Braviary-Hisui, M|\n|poke|p2|Emboar, F|\n|poke|p2|Milotic, M|\n|poke|p2|Leavanny, M|\n|teampreview\n|inactive|Battle timer is ON: inactive players will automatically lose when time's up. (requested by vanillite153)\n|\n|t:|1783819308\n|teamsize|p1|6\n|teamsize|p2|6\n|start\n|switch|p1a: Gliscor|Gliscor, M|100/100\n|switch|p2a: Torkoal|Torkoal, F|100/100\n|-weather|SunnyDay|[from] ability: Drought|[of] p2a: Torkoal\n|turn|1\n|\n|t:|1783819326\n|switch|p2a: Leavanny|Leavanny, M|100/100\n|move|p1a: Gliscor|Taunt|p2a: Leavanny\n|-start|p2a: Leavanny|move: Taunt\n|\n|-weather|SunnyDay|[upkeep]\n|-status|p1a: Gliscor|tox|[from] item: Toxic Orb\n|upkeep\n|turn|2\n|\n|t:|1783819342\n|move|p2a: Leavanny|Triple Axel|p1a: Gliscor\n|-supereffective|p1a: Gliscor\n|-damage|p1a: Gliscor|80/100 tox\n|-supereffective|p1a: Gliscor\n|-damage|p1a: Gliscor|40/100 tox\n|-supereffective|p1a: Gliscor\n|-damage|p1a: Gliscor|0 fnt\n|faint|p1a: Gliscor\n|-hitcount|p1: Gliscor|3\n|\n|-weather|SunnyDay|[upkeep]\n|upkeep\n|\n|t:|1783819357\n|switch|p1a: Cinderace|Cinderace, M|100/100\n|turn|3\n|\n|t:|1783819368\n|switch|p2a: Emboar|Emboar, F|100/100\n|move|p1a: Cinderace|Pyro Ball|p2a: Emboar|[miss]\n|-miss|p1a: Cinderace|p2a: Emboar\n|\n|-weather|SunnyDay|[upkeep]\n|upkeep\n|turn|4\n|\n|t:|1783819377\n|move|p1a: Cinderace|U-turn|p2a: Emboar\n|-start|p1a: Cinderace|typechange|Bug|[from] ability: Libero\n|-resisted|p2a: Emboar\n|-damage|p2a: Emboar|91/100\n|\n|t:|1783819388\n|switch|p1a: Pecharunt|Pecharunt|100/100|[from] U-turn\n|move|p2a: Emboar|Head Smash|p1a: Pecharunt|[miss]\n|-miss|p2a: Emboar|p1a: Pecharunt\n|\n|-weather|SunnyDay|[upkeep]\n|upkeep\n|turn|5\n|\n|t:|1783819400\n|switch|p2a: Braviary|Braviary-Hisui, M|100/100\n|move|p1a: Pecharunt|Malignant Chain|p2a: Braviary\n|-damage|p2a: Braviary|79/100\n|\n|-weather|none\n|-heal|p2a: Braviary|85/100|[from] item: Leftovers\n|upkeep\n|turn|6\n|\n|t:|1783819410\n|move|p1a: Pecharunt|Shadow Ball|p2a: Braviary\n|-supereffective|p2a: Braviary\n|-damage|p2a: Braviary|49/100\n|-unboost|p2a: Braviary|spd|1\n|move|p2a: Braviary|Esper Wing|p1a: Pecharunt\n|-supereffective|p1a: Pecharunt\n|-damage|p1a: Pecharunt|44/100\n|\n|-heal|p2a: Braviary|56/100|[from] item: Leftovers\n|upkeep\n|turn|7\n|\n|t:|1783819422\n|move|p1a: Pecharunt|Parting Shot|p2a: Braviary\n|-unboost|p2a: Braviary|atk|1\n|-unboost|p2a: Braviary|spa|1\n|\n|t:|1783819428\n|switch|p1a: Meowscarada|Meowscarada, F|100/100|[from] Parting Shot\n|move|p2a: Braviary|Esper Wing|p1a: Meowscarada\n|-immune|p1a: Meowscarada\n|\n|-heal|p2a: Braviary|62/100|[from] item: Leftovers\n|upkeep\n|turn|8\n|\n|t:|1783819454\n|switch|p2a: Leavanny|Leavanny, M|100/100\n|move|p1a: Meowscarada|Knock Off|p2a: Leavanny\n|-start|p1a: Meowscarada|typechange|Dark|[from] ability: Protean\n|-damage|p2a: Leavanny|12/100\n|-enditem|p2a: Leavanny|Loaded Dice|[from] move: Knock Off|[of] p1a: Meowscarada\n|\n|upkeep\n|turn|9\n|\n|t:|1783819464\n|switch|p2a: Torkoal|Torkoal, F|100/100\n|-weather|SunnyDay|[from] ability: Drought|[of] p2a: Torkoal\n|move|p1a: Meowscarada|Knock Off|p2a: Torkoal\n|-damage|p2a: Torkoal|54/100\n|-enditem|p2a: Torkoal|Heavy-Duty Boots|[from] move: Knock Off|[of] p1a: Meowscarada\n|\n|-weather|SunnyDay|[upkeep]\n|upkeep\n|turn|10\n|\n|t:|1783819478\n|switch|p1a: Raging Bolt|Raging Bolt|100/100\n|-activate|p1a: Raging Bolt|ability: Protosynthesis\n|-start|p1a: Raging Bolt|protosynthesisspa\n|move|p2a: Torkoal|Scorching Sands|p1a: Raging Bolt\n|-supereffective|p1a: Raging Bolt\n|-damage|p1a: Raging Bolt|67/100\n|\n|-weather|SunnyDay|[upkeep]\n|-heal|p1a: Raging Bolt|74/100|[from] item: Leftovers\n|upkeep\n|turn|11\n|\n|t:|1783819492\n|switch|p2a: Milotic|Milotic, M|100/100\n|move|p1a: Raging Bolt|Volt Switch|p2a: Milotic\n|-supereffective|p2a: Milotic\n|-damage|p2a: Milotic|22/100\n|\n|t:|1783819498\n|-end|p1a: Raging Bolt|Protosynthesis|[silent]\n|switch|p1a: Meowscarada|Meowscarada, F|100/100|[from] Volt Switch\n|\n|-weather|SunnyDay|[upkeep]\n|-status|p2a: Milotic|brn|[from] item: Flame Orb\n|upkeep\n|turn|12\n|\n|t:|1783819512\n|switch|p2a: Emboar|Emboar, F|91/100\n|move|p1a: Meowscarada|U-turn|p2a: Emboar\n|-start|p1a: Meowscarada|typechange|Bug|[from] ability: Protean\n|-resisted|p2a: Emboar\n|-damage|p2a: Emboar|77/100\n|\n|t:|1783819526\n|switch|p1a: Raging Bolt|Raging Bolt|74/100|[from] U-turn\n|-activate|p1a: Raging Bolt|ability: Protosynthesis\n|-start|p1a: Raging Bolt|protosynthesisspa\n|\n|-weather|SunnyDay|[upkeep]\n|-heal|p1a: Raging Bolt|80/100|[from] item: Leftovers\n|upkeep\n|turn|13\n|\n|t:|1783819545\n|move|p1a: Raging Bolt|Volt Switch|p2a: Emboar\n|-damage|p2a: Emboar|39/100\n|\n|t:|1783819549\n|-end|p1a: Raging Bolt|Protosynthesis|[silent]\n|switch|p1a: Primarina|Primarina, F|100/100|[from] Volt Switch\n|move|p2a: Emboar|Head Smash|p1a: Primarina|[miss]\n|-miss|p2a: Emboar|p1a: Primarina\n|\n|-weather|none\n|upkeep\n|turn|14\n|inactive|greysay has 120 seconds left.\n|\n|t:|1783819598\n|switch|p2a: Milotic|Milotic, M|22/100 brn\n|move|p1a: Primarina|Surf|p2a: Milotic\n|-resisted|p2a: Milotic\n|-damage|p2a: Milotic|6/100 brn\n|\n|-damage|p2a: Milotic|0 fnt|[from] brn\n|faint|p2a: Milotic\n|upkeep\n|\n|t:|1783819601\n|switch|p2a: Florges|Florges-Orange, F, shiny|100/100\n|turn|15\n|\n|t:|1783819614\n|move|p2a: Florges|Calm Mind|p2a: Florges\n|-boost|p2a: Florges|spa|1\n|-boost|p2a: Florges|spd|1\n|move|p1a: Primarina|Flip Turn|p2a: Florges\n|-damage|p2a: Florges|82/100\n|\n|t:|1783819620\n|switch|p1a: Pecharunt|Pecharunt|44/100|[from] Flip Turn\n|\n|-heal|p2a: Florges|88/100|[from] item: Leftovers\n|upkeep\n|turn|16\n|\n|t:|1783819634\n|move|p1a: Pecharunt|Malignant Chain|p2a: Florges\n|-supereffective|p2a: Florges\n|-damage|p2a: Florges|60/100\n|move|p2a: Florges|Psychic Noise|p1a: Pecharunt\n|-supereffective|p1a: Pecharunt\n|-damage|p1a: Pecharunt|0 fnt\n|faint|p1a: Pecharunt\n|\n|-heal|p2a: Florges|66/100|[from] item: Leftovers\n|upkeep\n|\n|t:|1783819651\n|switch|p1a: Cinderace|Cinderace, M|100/100\n|turn|17\n|\n|t:|1783819660\n|move|p1a: Cinderace|Gunk Shot|p2a: Florges\n|-start|p1a: Cinderace|typechange|Poison|[from] ability: Libero\n|-supereffective|p2a: Florges\n|-damage|p2a: Florges|0 fnt\n|faint|p2a: Florges\n|\n|upkeep\n|\n|t:|1783819665\n|switch|p2a: Braviary|Braviary-Hisui, M|62/100\n|turn|18\n|\n|t:|1783819673\n|move|p1a: Cinderace|U-turn|p2a: Braviary\n|-damage|p2a: Braviary|38/100\n|\n|t:|1783819677\n|switch|p1a: Raging Bolt|Raging Bolt|80/100|[from] U-turn\n|move|p2a: Braviary|Roost|p2a: Braviary\n|-heal|p2a: Braviary|88/100\n|-singleturn|p2a: Braviary|move: Roost\n|\n|-heal|p1a: Raging Bolt|86/100|[from] item: Leftovers\n|-heal|p2a: Braviary|95/100|[from] item: Leftovers\n|upkeep\n|turn|19\n|inactive|greysay has 120 seconds left.\n|\n|t:|1783819711\n|-terastallize|p2a: Braviary|Psychic\n|move|p1a: Raging Bolt|Volt Switch|p2a: Braviary\n|-damage|p2a: Braviary|67/100\n|\n|t:|1783819720\n|-end|p1a: Raging Bolt|Protosynthesis|[silent]\n|switch|p1a: Cinderace|Cinderace, M|100/100|[from] Volt Switch\n|move|p2a: Braviary|Esper Wing|p1a: Cinderace\n|-damage|p1a: Cinderace|30/100\n|\n|-heal|p2a: Braviary|73/100|[from] item: Leftovers\n|upkeep\n|turn|20\n|\n|t:|1783819731\n|move|p2a: Braviary|Vacuum Wave|p1a: Cinderace\n|-damage|p1a: Cinderace|14/100\n|move|p1a: Cinderace|U-turn|p2a: Braviary\n|-start|p1a: Cinderace|typechange|Bug|[from] ability: Libero\n|-supereffective|p2a: Braviary\n|-damage|p2a: Braviary|1/100\n|\n|t:|1783819741\n|switch|p1a: Raging Bolt|Raging Bolt|86/100|[from] U-turn\n|\n|-heal|p1a: Raging Bolt|92/100|[from] item: Leftovers\n|-heal|p2a: Braviary|8/100|[from] item: Leftovers\n|upkeep\n|turn|21\n|\n|t:|1783819748\n|move|p1a: Raging Bolt|Thunderclap||[still]\n|-fail|p1a: Raging Bolt\n|move|p2a: Braviary|Roost|p2a: Braviary\n|-heal|p2a: Braviary|58/100\n|\n|-heal|p1a: Raging Bolt|98/100|[from] item: Leftovers\n|-heal|p2a: Braviary|64/100|[from] item: Leftovers\n|upkeep\n|turn|22\n|\n|t:|1783819757\n|move|p1a: Raging Bolt|Draco Meteor|p2a: Braviary\n|-damage|p2a: Braviary|9/100\n|-unboost|p1a: Raging Bolt|spa|2\n|move|p2a: Braviary|Roost|p2a: Braviary\n|-heal|p2a: Braviary|59/100\n|\n|-heal|p1a: Raging Bolt|100/100|[from] item: Leftovers\n|-heal|p2a: Braviary|65/100|[from] item: Leftovers\n|upkeep\n|turn|23\n|\n|t:|1783819768\n|move|p1a: Raging Bolt|Volt Switch|p2a: Braviary\n|-damage|p2a: Braviary|50/100\n|\n|t:|1783819772\n|-end|p1a: Raging Bolt|Protosynthesis|[silent]\n|switch|p1a: Primarina|Primarina, F|100/100|[from] Volt Switch\n|move|p2a: Braviary|Roost|p2a: Braviary\n|-heal|p2a: Braviary|99/100\n|\n|-heal|p2a: Braviary|100/100|[from] item: Leftovers\n|upkeep\n|turn|24\n|\n|t:|1783819781\n|move|p2a: Braviary|Esper Wing|p1a: Primarina\n|-damage|p1a: Primarina|74/100\n|move|p1a: Primarina|Moonblast|p2a: Braviary\n|-damage|p2a: Braviary|61/100\n|\n|-heal|p2a: Braviary|68/100|[from] item: Leftovers\n|upkeep\n|turn|25\n|\n|t:|1783819790\n|move|p2a: Braviary|Esper Wing|p1a: Primarina\n|-damage|p1a: Primarina|44/100\n|move|p1a: Primarina|Moonblast|p2a: Braviary\n|-damage|p2a: Braviary|27/100\n|\n|-heal|p2a: Braviary|33/100|[from] item: Leftovers\n|upkeep\n|turn|26\n|\n|t:|1783819803\n|move|p2a: Braviary|Roost|p2a: Braviary\n|-heal|p2a: Braviary|83/100\n|move|p1a: Primarina|Flip Turn|p2a: Braviary\n|-damage|p2a: Braviary|66/100\n|\n|t:|1783819812\n|switch|p1a: Meowscarada|Meowscarada, F|100/100|[from] Flip Turn\n|\n|-heal|p2a: Braviary|72/100|[from] item: Leftovers\n|upkeep\n|turn|27\n|\n|t:|1783819825\n|-terastallize|p1a: Meowscarada|Grass\n|move|p2a: Braviary|Vacuum Wave|p1a: Meowscarada\n|-damage|p1a: Meowscarada|84/100\n|move|p1a: Meowscarada|Knock Off|p2a: Braviary\n|-supereffective|p2a: Braviary\n|-damage|p2a: Braviary|0 fnt\n|-enditem|p2a: Braviary|Leftovers|[from] move: Knock Off|[of] p1a: Meowscarada\n|faint|p2a: Braviary\n|\n|upkeep\n|\n|t:|1783819830\n|switch|p2a: Leavanny|Leavanny, M|12/100\n|turn|28\n|\n|t:|1783819837\n|switch|p2a: Torkoal|Torkoal, F|54/100\n|-weather|SunnyDay|[from] ability: Drought|[of] p2a: Torkoal\n|move|p1a: Meowscarada|Knock Off|p2a: Torkoal\n|-damage|p2a: Torkoal|20/100\n|\n|-weather|SunnyDay|[upkeep]\n|upkeep\n|turn|29\n|\n|t:|1783819848\n|move|p1a: Meowscarada|Knock Off|p2a: Torkoal\n|-damage|p2a: Torkoal|0 fnt\n|faint|p2a: Torkoal\n|\n|-weather|SunnyDay|[upkeep]\n|upkeep\n|\n|t:|1783819850\n|switch|p2a: Leavanny|Leavanny, M|12/100\n|turn|30\n|\n|t:|1783819861\n|switch|p1a: Raging Bolt|Raging Bolt|100/100\n|-activate|p1a: Raging Bolt|ability: Protosynthesis\n|-start|p1a: Raging Bolt|protosynthesisspa\n|move|p2a: Leavanny|X-Scissor|p1a: Raging Bolt\n|-damage|p1a: Raging Bolt|71/100\n|\n|-weather|SunnyDay|[upkeep]\n|-heal|p1a: Raging Bolt|78/100|[from] item: Leftovers\n|upkeep\n|turn|31\n|\n|t:|1783819872\n|move|p1a: Raging Bolt|Thunderclap||[still]\n|-fail|p1a: Raging Bolt\n|move|p2a: Leavanny|Sticky Web|p1a: Raging Bolt\n|-sidestart|p1: vanillite153|move: Sticky Web\n|\n|-weather|SunnyDay|[upkeep]\n|-heal|p1a: Raging Bolt|84/100|[from] item: Leftovers\n|upkeep\n|turn|32\n|\n|t:|1783819882\n|move|p1a: Raging Bolt|Thunderclap|p2a: Leavanny\n|-resisted|p2a: Leavanny\n|-damage|p2a: Leavanny|0 fnt\n|faint|p2a: Leavanny\n|\n|-weather|none\n|-end|p1a: Raging Bolt|Protosynthesis\n|-heal|p1a: Raging Bolt|90/100|[from] item: Leftovers\n|upkeep\n|\n|t:|1783819887\n|switch|p2a: Emboar|Emboar, F|39/100\n|turn|33\n|\n|t:|1783819892\n|move|p1a: Raging Bolt|Thunder Wave|p2a: Emboar\n|-status|p2a: Emboar|par\n|move|p2a: Emboar|Head Smash|p1a: Raging Bolt\n|-damage|p1a: Raging Bolt|34/100\n|-damage|p2a: Emboar|9/100 par|[from] Recoil\n|\n|-heal|p1a: Raging Bolt|40/100|[from] item: Leftovers\n|upkeep\n|turn|34\n|\n|t:|1783819901\n|move|p1a: Raging Bolt|Volt Switch|p2a: Emboar\n|-damage|p2a: Emboar|0 fnt\n|faint|p2a: Emboar\n|\n|win|vanillite153\n|raw|vanillite153's rating: 1176 &rarr; <strong>1197</strong><br />(+21 for winning)\n|raw|greysay's rating: 1114 &rarr; <strong>1093</strong><br />(-21 for losing)\n|l|☆greysay\n|player|p2|\n|l|☆vanillite153\n|player|p1|\n", "uploadtime": 1783820303, "views": 3, "formatid": "gen9ou", "rating": 1093, "private": 0, "password": null}