{"id": "gen9ou-2647745545", "format": "[Gen 9] OU", "players": ["johnjogger", "cozyprincemshroom"], "log": "|j|☆johnjogger\n|j|☆cozyprincemshroom\n|t:|1783805458\n|gametype|singles\n|player|p1|johnjogger|2|1192\n|player|p2|cozyprincemshroom|waiter|1145\n|gen|9\n|tier|[Gen 9] OU\n|rated|\n|rule|HP Percentage Mod: HP is shown in percentages\n|rule|Endless Battle Clause: Forcing endless battles is banned\n|rule|Species Clause: Limit one of each Pokémon\n|rule|OHKO Clause: OHKO moves are banned\n|rule|Evasion Items Clause: Evasion items are banned\n|rule|Evasion Moves Clause: Evasion moves are banned\n|rule|Evasion Abilities Clause: Evasion abilities are banned\n|rule|Sleep Moves Clause: Sleep-inducing moves are banned\n|clearpoke\n|poke|p1|Great Tusk|\n|poke|p1|Kingambit, F|\n|poke|p1|Gholdengo|\n|poke|p1|Dragapult, F|\n|poke|p1|Raging Bolt|\n|poke|p1|Iron Valiant|\n|poke|p2|Meganium, F|\n|poke|p2|Spidops, M|\n|poke|p2|Pawmot, F|\n|poke|p2|Munkidori, M|\n|poke|p2|Inteleon, F|\n|poke|p2|Torkoal, F|\n|teampreview\n|inactive|Battle timer is ON: inactive players will automatically lose when time's up. (requested by cozyprincemshroom)\n|inactive|johnjogger also wants the timer to be on.\n|\n|t:|1783805465\n|teamsize|p1|6\n|teamsize|p2|6\n|start\n|switch|p1a: Great Tusk|Great Tusk|100/100\n|switch|p2a: Munkidori|Munkidori, M|100/100\n|turn|1\n|\n|t:|1783805491\n|-end|p1a: Great Tusk|Protosynthesis|[silent]\n|switch|p1a: Kingambit|Kingambit, F|100/100\n|move|p2a: Munkidori|Trick|p1a: Kingambit\n|-activate|p2a: Munkidori|move: Trick|[of] p1a: Kingambit\n|-item|p1a: Kingambit|Choice Scarf|[from] move: Trick\n|-item|p2a: Munkidori|Black Glasses|[from] move: Trick\n|\n|upkeep\n|turn|2\n|\n|t:|1783805502\n|switch|p2a: Pawmot|Pawmot, F|100/100\n|move|p1a: Kingambit|Kowtow Cleave|p2a: Pawmot\n|-resisted|p2a: Pawmot\n|-damage|p2a: Pawmot|62/100\n|\n|upkeep\n|turn|3\n|\n|t:|1783805513\n|-end|p1a: Kingambit|fallenundefined|[silent]\n|switch|p1a: Great Tusk|Great Tusk|100/100\n|move|p2a: Pawmot|Nuzzle|p1a: Great Tusk\n|-immune|p1a: Great Tusk\n|\n|upkeep\n|turn|4\n|\n|t:|1783805520\n|move|p2a: Pawmot|Ice Punch|p1a: Great Tusk\n|-supereffective|p1a: Great Tusk\n|-damage|p1a: Great Tusk|72/100\n|-status|p1a: Great Tusk|frz\n|-curestatus|p1a: Great Tusk|frz|[msg]\n|move|p1a: Great Tusk|Stealth Rock|p2a: Pawmot\n|-sidestart|p2: cozyprincemshroom|move: Stealth Rock\n|\n|-heal|p1a: Great Tusk|79/100|[from] item: Leftovers\n|upkeep\n|turn|5\n|\n|t:|1783805530\n|switch|p2a: Spidops|Spidops, M, shiny|100/100\n|-damage|p2a: Spidops|76/100|[from] Stealth Rock\n|move|p1a: Great Tusk|Knock Off|p2a: Spidops\n|-damage|p2a: Spidops|43/100\n|-enditem|p2a: Spidops|Life Orb|[from] move: Knock Off|[of] p1a: Great Tusk\n|\n|-heal|p1a: Great Tusk|85/100|[from] item: Leftovers\n|upkeep\n|turn|6\n|inactive|johnjogger has 120 seconds left.\n|\n|t:|1783805560\n|-end|p1a: Great Tusk|Protosynthesis|[silent]\n|switch|p1a: Raging Bolt|Raging Bolt|100/100\n|move|p2a: Spidops|Silk Trap||[still]\n|-fail|p2a: Spidops\n|\n|upkeep\n|turn|7\n|\n|t:|1783805568\n|move|p1a: Raging Bolt|Thunderclap||[still]\n|-fail|p1a: Raging Bolt\n|move|p2a: Spidops|Sticky Web|p1a: Raging Bolt\n|-sidestart|p1: johnjogger|move: Sticky Web\n|\n|upkeep\n|turn|8\n|\n|t:|1783805574\n|move|p2a: Spidops|Sucker Punch|p1a: Raging Bolt\n|-damage|p1a: Raging Bolt|85/100\n|move|p1a: Raging Bolt|Draco Meteor|p2a: Spidops\n|-damage|p2a: Spidops|0 fnt\n|-unboost|p1a: Raging Bolt|spa|2\n|faint|p2a: Spidops\n|\n|upkeep\n|\n|t:|1783805583\n|switch|p2a: Torkoal|Torkoal, F|100/100\n|-damage|p2a: Torkoal|76/100|[from] Stealth Rock\n|-weather|SunnyDay|[from] ability: Drought|[of] p2a: Torkoal\n|-activate|p1a: Raging Bolt|ability: Protosynthesis\n|-start|p1a: Raging Bolt|protosynthesisdef\n|turn|9\n|\n|t:|1783805591\n|-end|p1a: Raging Bolt|Protosynthesis|[silent]\n|switch|p1a: Great Tusk|Great Tusk|85/100\n|-activate|p1a: Great Tusk|move: Sticky Web\n|-unboost|p1a: Great Tusk|spe|1\n|-activate|p1a: Great Tusk|ability: Protosynthesis\n|-start|p1a: Great Tusk|protosynthesisdef\n|move|p2a: Torkoal|Will-O-Wisp|p1a: Great Tusk\n|-status|p1a: Great Tusk|brn\n|\n|-weather|SunnyDay|[upkeep]\n|-heal|p1a: Great Tusk|91/100 brn|[from] item: Leftovers\n|-damage|p1a: Great Tusk|85/100 brn|[from] brn\n|upkeep\n|turn|10\n|\n|t:|1783805604\n|move|p1a: Great Tusk|Rapid Spin|p2a: Torkoal\n|-crit|p2a: Torkoal\n|-damage|p2a: Torkoal|68/100\n|-boost|p1a: Great Tusk|spe|1\n|-sideend|p1: johnjogger|Sticky Web|[from] move: Rapid Spin|[of] p1a: Great Tusk\n|move|p2a: Torkoal|Solar Beam||[still]\n|-prepare|p2a: Torkoal|Solar Beam\n|-anim|p2a: Torkoal|Solar Beam|p1a: Great Tusk\n|-supereffective|p1a: Great Tusk\n|-damage|p1a: Great Tusk|23/100 brn\n|\n|-weather|SunnyDay|[upkeep]\n|-heal|p1a: Great Tusk|29/100 brn|[from] item: Leftovers\n|-damage|p1a: Great Tusk|23/100 brn|[from] brn\n|upkeep\n|turn|11\n|\n|t:|1783805624\n|move|p1a: Great Tusk|Headlong Rush|p2a: Torkoal\n|-supereffective|p2a: Torkoal\n|-damage|p2a: Torkoal|27/100\n|-unboost|p1a: Great Tusk|def|1\n|-unboost|p1a: Great Tusk|spd|1\n|move|p2a: Torkoal|Rapid Spin|p1a: Great Tusk\n|-damage|p1a: Great Tusk|18/100 brn\n|-boost|p2a: Torkoal|spe|1\n|-sideend|p2: cozyprincemshroom|Stealth Rock|[from] move: Rapid Spin|[of] p2a: Torkoal\n|\n|-weather|SunnyDay|[upkeep]\n|-heal|p1a: Great Tusk|24/100 brn|[from] item: Leftovers\n|-damage|p1a: Great Tusk|18/100 brn|[from] brn\n|upkeep\n|turn|12\n|\n|t:|1783805640\n|-end|p1a: Great Tusk|Protosynthesis|[silent]\n|switch|p1a: Raging Bolt|Raging Bolt|85/100\n|-activate|p1a: Raging Bolt|ability: Protosynthesis\n|-start|p1a: Raging Bolt|protosynthesisspa\n|switch|p2a: Meganium|Meganium, F|100/100\n|\n|-weather|SunnyDay|[upkeep]\n|upkeep\n|turn|13\n|\n|t:|1783805650\n|move|p2a: Meganium|Leech Seed|p1a: Raging Bolt\n|-start|p1a: Raging Bolt|move: Leech Seed\n|move|p1a: Raging Bolt|Draco Meteor|p2a: Meganium\n|-damage|p2a: Meganium|38/100\n|-unboost|p1a: Raging Bolt|spa|2\n|\n|-weather|SunnyDay|[upkeep]\n|-heal|p2a: Meganium|44/100|[from] item: Leftovers\n|-damage|p1a: Raging Bolt|72/100|[from] Leech Seed|[of] p2a: Meganium\n|-heal|p2a: Meganium|59/100|[silent]\n|upkeep\n|turn|14\n|\n|t:|1783805665\n|-end|p1a: Raging Bolt|Protosynthesis|[silent]\n|switch|p1a: Dragapult|Dragapult, F|100/100\n|move|p2a: Meganium|Energy Ball|p1a: Dragapult\n|-resisted|p1a: Dragapult\n|-damage|p1a: Dragapult|82/100\n|\n|-weather|SunnyDay|[upkeep]\n|-heal|p2a: Meganium|65/100|[from] item: Leftovers\n|upkeep\n|turn|15\n|\n|t:|1783805679\n|switch|p2a: Torkoal|Torkoal, F|27/100\n|move|p1a: Dragapult|Flamethrower|p2a: Torkoal\n|-resisted|p2a: Torkoal\n|-damage|p2a: Torkoal|0 fnt\n|faint|p2a: Torkoal\n|\n|-weather|SunnyDay|[upkeep]\n|upkeep\n|\n|t:|1783805688\n|switch|p2a: Munkidori|Munkidori, M|100/100\n|turn|16\n|\n|t:|1783805694\n|switch|p1a: Kingambit|Kingambit, F|100/100\n|move|p2a: Munkidori|Nasty Plot|p2a: Munkidori\n|-boost|p2a: Munkidori|spa|2\n|\n|-weather|none\n|upkeep\n|turn|17\n|\n|t:|1783805702\n|move|p2a: Munkidori|Nasty Plot|p2a: Munkidori\n|-boost|p2a: Munkidori|spa|2\n|move|p1a: Kingambit|Kowtow Cleave|p2a: Munkidori\n|-supereffective|p2a: Munkidori\n|-damage|p2a: Munkidori|0 fnt\n|faint|p2a: Munkidori\n|\n|upkeep\n|\n|t:|1783805711\n|switch|p2a: Pawmot|Pawmot, F|62/100\n|turn|18\n|\n|t:|1783805717\n|-end|p1a: Kingambit|fallenundefined|[silent]\n|switch|p1a: Gholdengo|Gholdengo|100/100\n|-item|p1a: Gholdengo|Air Balloon\n|move|p2a: Pawmot|Nuzzle|p1a: Gholdengo\n|-damage|p1a: Gholdengo|90/100\n|-status|p1a: Gholdengo|par\n|-enditem|p1a: Gholdengo|Air Balloon\n|\n|upkeep\n|turn|19\n|\n|t:|1783805727\n|move|p2a: Pawmot|Fire Punch|p1a: Gholdengo\n|-supereffective|p1a: Gholdengo\n|-damage|p1a: Gholdengo|14/100 par\n|cant|p1a: Gholdengo|par\n|\n|upkeep\n|turn|20\n|\n|t:|1783805742\n|switch|p1a: Great Tusk|Great Tusk|18/100 brn\n|move|p2a: Pawmot|Nuzzle|p1a: Great Tusk\n|-immune|p1a: Great Tusk\n|\n|-heal|p1a: Great Tusk|24/100 brn|[from] item: Leftovers\n|-damage|p1a: Great Tusk|18/100 brn|[from] brn\n|upkeep\n|turn|21\n|\n|t:|1783805752\n|move|p2a: Pawmot|Ice Punch|p1a: Great Tusk\n|-supereffective|p1a: Great Tusk\n|-damage|p1a: Great Tusk|0 fnt\n|faint|p1a: Great Tusk\n|-end|p1a: Great Tusk|Protosynthesis|[silent]\n|\n|upkeep\n|\n|t:|1783805757\n|switch|p1a: Dragapult|Dragapult, F|82/100\n|turn|22\n|\n|t:|1783805767\n|switch|p2a: Inteleon|Inteleon, F|100/100\n|-terastallize|p1a: Dragapult|Ghost\n|move|p1a: Dragapult|Shadow Ball|p2a: Inteleon\n|-damage|p2a: Inteleon|0 fnt\n|faint|p2a: Inteleon\n|\n|upkeep\n|\n|t:|1783805777\n|switch|p2a: Meganium|Meganium, F|65/100\n|turn|23\n|\n|t:|1783805780\n|move|p1a: Dragapult|Shadow Ball|p2a: Meganium\n|-damage|p2a: Meganium|16/100\n|-unboost|p2a: Meganium|spd|1\n|move|p2a: Meganium|Synthesis|p2a: Meganium\n|-heal|p2a: Meganium|66/100\n|\n|-heal|p2a: Meganium|72/100|[from] item: Leftovers\n|upkeep\n|turn|24\n|\n|t:|1783805790\n|move|p1a: Dragapult|Shadow Ball|p2a: Meganium\n|-damage|p2a: Meganium|0 fnt\n|faint|p2a: Meganium\n|\n|upkeep\n|-message|cozyprincemshroom forfeited.\n|\n|win|johnjogger\n|raw|johnjogger's rating: 1192 &rarr; <strong>1214</strong><br />(+22 for winning)\n|raw|cozyprincemshroom's rating: 1145 &rarr; <strong>1123</strong><br />(-22 for losing)\n|l|☆cozyprincemshroom\n|player|p2|\n|l|☆johnjogger\n|player|p1|\n", "uploadtime": 1783806103, "views": 6, "formatid": "gen9ou", "rating": 1123, "private": 0, "password": null}