{"id": "gen9ou-2647697582", "format": "[Gen 9] OU", "players": ["PrimoDoTakedaJr", "kakagarbage"], "log": "|j|☆PrimoDoTakedaJr\n|j|☆kakagarbage\n|t:|1783797973\n|gametype|singles\n|player|p1|PrimoDoTakedaJr|101|1129\n|player|p2|kakagarbage|102|1085\n|gen|9\n|tier|[Gen 9] OU\n|rated|\n|rule|HP Percentage Mod: HP is shown in percentages\n|rule|Endless Battle Clause: Forcing endless battles is banned\n|rule|Species Clause: Limit one of each Pokémon\n|rule|OHKO Clause: OHKO moves are banned\n|rule|Evasion Items Clause: Evasion items are banned\n|rule|Evasion Moves Clause: Evasion moves are banned\n|rule|Evasion Abilities Clause: Evasion abilities are banned\n|rule|Sleep Moves Clause: Sleep-inducing moves are banned\n|clearpoke\n|poke|p1|Amoonguss, M|\n|poke|p1|Toxapex, F|\n|poke|p1|Corviknight, F|\n|poke|p1|Dondozo, M|\n|poke|p1|Blissey, F|\n|poke|p1|Gliscor, M|\n|poke|p2|Ting-Lu|\n|poke|p2|Kyurem|\n|poke|p2|Corviknight, F|\n|poke|p2|Dondozo, M|\n|poke|p2|Slowking-Galar, L99, M|\n|poke|p2|Cinderace, F|\n|teampreview\n|inactive|Battle timer is ON: inactive players will automatically lose when time's up. (requested by PrimoDoTakedaJr)\n|\n|t:|1783797993\n|teamsize|p1|6\n|teamsize|p2|6\n|start\n|switch|p1a: Gliscor|Gliscor, M|100/100\n|switch|p2a: Kyurem|Kyurem|100/100\n|-ability|p2a: Kyurem|Pressure\n|turn|1\n|\n|t:|1783797999\n|move|p1a: Gliscor|Protect|p1a: Gliscor\n|-singleturn|p1a: Gliscor|Protect\n|move|p2a: Kyurem|Substitute|p2a: Kyurem\n|-start|p2a: Kyurem|Substitute\n|-damage|p2a: Kyurem|75/100\n|\n|-heal|p2a: Kyurem|82/100|[from] item: Leftovers\n|-status|p1a: Gliscor|tox|[from] item: Toxic Orb\n|upkeep\n|turn|2\n|\n|t:|1783798024\n|switch|p1a: Blissey|Blissey, F|100/100\n|move|p2a: Kyurem|Freeze-Dry|p1a: Blissey\n|-damage|p1a: Blissey|90/100\n|\n|-heal|p2a: Kyurem|88/100|[from] item: Leftovers\n|upkeep\n|turn|3\n|\n|t:|1783798032\n|move|p2a: Kyurem|Freeze-Dry|p1a: Blissey\n|-damage|p1a: Blissey|80/100\n|move|p1a: Blissey|Calm Mind|p1a: Blissey\n|-boost|p1a: Blissey|spa|1\n|-boost|p1a: Blissey|spd|1\n|\n|-heal|p2a: Kyurem|94/100|[from] item: Leftovers\n|upkeep\n|turn|4\n|\n|t:|1783798041\n|move|p2a: Kyurem|Freeze-Dry|p1a: Blissey\n|-damage|p1a: Blissey|73/100\n|-status|p1a: Blissey|frz\n|cant|p1a: Blissey|frz\n|\n|-heal|p2a: Kyurem|99/100|[from] item: Leftovers\n|upkeep\n|turn|5\n|\n|t:|1783798070\n|-curestatus|p1a: Blissey|frz|[from] ability: Natural Cure|[silent]\n|switch|p1a: Corviknight|Corviknight, F|100/100\n|-ability|p1a: Corviknight|Pressure\n|move|p2a: Kyurem|Earth Power|p1a: Corviknight\n|-immune|p1a: Corviknight\n|\n|-heal|p2a: Kyurem|100/100|[from] item: Leftovers\n|upkeep\n|turn|6\n|inactive|PrimoDoTakedaJr has 120 seconds left.\n|\n|t:|1783798090\n|switch|p1a: Blissey|Blissey, F|73/100\n|move|p2a: Kyurem|Freeze-Dry|p1a: Blissey\n|-damage|p1a: Blissey|62/100\n|\n|upkeep\n|turn|7\n|inactive|PrimoDoTakedaJr has 120 seconds left.\n|\n|t:|1783798097\n|switch|p2a: Slowking|Slowking-Galar, L99, M|100/100\n|move|p1a: Blissey|Soft-Boiled|p1a: Blissey\n|-heal|p1a: Blissey|100/100\n|\n|upkeep\n|turn|8\n|inactive|PrimoDoTakedaJr has 120 seconds left.\n|\n|t:|1783798107\n|switch|p1a: Gliscor|Gliscor, M|100/100 tox\n|move|p2a: Slowking|Future Sight|p1a: Gliscor\n|-start|p2a: Slowking|move: Future Sight\n|\n|upkeep\n|turn|9\n|\n|t:|1783798122\n|switch|p2a: Corviknight|Corviknight, F|100/100\n|-ability|p2a: Corviknight|Pressure\n|move|p1a: Gliscor|Knock Off|p2a: Corviknight\n|-damage|p2a: Corviknight|87/100\n|-damage|p1a: Gliscor|84/100 tox|[from] item: Rocky Helmet|[of] p2a: Corviknight\n|-enditem|p2a: Corviknight|Rocky Helmet|[from] move: Knock Off|[of] p1a: Gliscor\n|\n|-heal|p1a: Gliscor|97/100 tox|[from] ability: Poison Heal\n|upkeep\n|turn|10\n|\n|t:|1783798135\n|move|p1a: Gliscor|Protect|p1a: Gliscor\n|-singleturn|p1a: Gliscor|Protect\n|move|p2a: Corviknight|Brave Bird|p1a: Gliscor\n|-activate|p1a: Gliscor|move: Protect\n|\n|-end|p1a: Gliscor|move: Future Sight\n|-damage|p1a: Gliscor|54/100 tox\n|-heal|p1a: Gliscor|66/100 tox|[from] ability: Poison Heal\n|upkeep\n|turn|11\n|\n|t:|1783798148\n|move|p1a: Gliscor|Spikes|p2a: Corviknight\n|-sidestart|p2: kakagarbage|Spikes\n|move|p2a: Corviknight|U-turn|p1a: Gliscor\n|-resisted|p1a: Gliscor\n|-damage|p1a: Gliscor|60/100 tox\n|\n|t:|1783798157\n|switch|p2a: Slowking|Slowking-Galar, L99, M|100/100|[from] U-turn\n|\n|-heal|p1a: Gliscor|72/100 tox|[from] ability: Poison Heal\n|upkeep\n|turn|12\n|\n|t:|1783798167\n|switch|p2a: Corviknight|Corviknight, F|87/100\n|-ability|p2a: Corviknight|Pressure\n|move|p1a: Gliscor|Protect||[still]\n|-fail|p1a: Gliscor\n|\n|-heal|p1a: Gliscor|85/100 tox|[from] ability: Poison Heal\n|upkeep\n|turn|13\n|\n|t:|1783798178\n|move|p1a: Gliscor|Spikes|p2a: Corviknight\n|-sidestart|p2: kakagarbage|Spikes\n|move|p2a: Corviknight|Defog|p1a: Gliscor\n|-unboost|p1a: Gliscor|evasion|1\n|-sideend|p2: kakagarbage|Spikes|[from] move: Defog|[of] p2a: Corviknight\n|\n|-heal|p1a: Gliscor|97/100 tox|[from] ability: Poison Heal\n|upkeep\n|turn|14\n|\n|t:|1783798189\n|switch|p1a: Corviknight|Corviknight, F|100/100\n|-ability|p1a: Corviknight|Pressure\n|move|p2a: Corviknight|Brave Bird|p1a: Corviknight\n|-resisted|p1a: Corviknight\n|-damage|p1a: Corviknight|88/100\n|-damage|p2a: Corviknight|83/100|[from] Recoil\n|\n|upkeep\n|turn|15\n|\n|t:|1783798202\n|switch|p2a: Kyurem|Kyurem|100/100\n|-ability|p2a: Kyurem|Pressure\n|move|p1a: Corviknight|Iron Defense|p1a: Corviknight\n|-boost|p1a: Corviknight|def|2\n|\n|upkeep\n|turn|16\n|\n|t:|1783798210\n|move|p2a: Kyurem|Protect|p2a: Kyurem\n|-singleturn|p2a: Kyurem|Protect\n|move|p1a: Corviknight|Body Press|p2a: Kyurem\n|-activate|p2a: Kyurem|move: Protect\n|\n|upkeep\n|turn|17\n|\n|t:|1783798217\n|switch|p1a: Gliscor|Gliscor, M|97/100 tox\n|move|p2a: Kyurem|Substitute|p2a: Kyurem\n|-start|p2a: Kyurem|Substitute\n|-damage|p2a: Kyurem|75/100\n|\n|-heal|p2a: Kyurem|82/100|[from] item: Leftovers\n|-heal|p1a: Gliscor|100/100 tox|[from] ability: Poison Heal\n|upkeep\n|turn|18\n|\n|t:|1783798231\n|switch|p1a: Blissey|Blissey, F|100/100\n|move|p2a: Kyurem|Freeze-Dry|p1a: Blissey\n|-damage|p1a: Blissey|90/100\n|\n|-heal|p2a: Kyurem|88/100|[from] item: Leftovers\n|upkeep\n|turn|19\n|\n|t:|1783798244\n|switch|p2a: Corviknight|Corviknight, F|83/100\n|-ability|p2a: Corviknight|Pressure\n|move|p1a: Blissey|Calm Mind|p1a: Blissey\n|-boost|p1a: Blissey|spa|1\n|-boost|p1a: Blissey|spd|1\n|\n|upkeep\n|turn|20\n|\n|t:|1783798260\n|move|p2a: Corviknight|U-turn|p1a: Blissey\n|-damage|p1a: Blissey|74/100\n|\n|t:|1783798264\n|switch|p2a: Slowking|Slowking-Galar, L99, M|100/100|[from] U-turn\n|move|p1a: Blissey|Soft-Boiled|p1a: Blissey\n|-heal|p1a: Blissey|100/100\n|\n|upkeep\n|turn|21\n|\n|t:|1783798276\n|move|p1a: Blissey|Calm Mind|p1a: Blissey\n|-boost|p1a: Blissey|spa|1\n|-boost|p1a: Blissey|spd|1\n|-prepare|p2a: Slowking|Chilly Reception|[premajor]\n|move|p2a: Slowking|Chilly Reception|p2a: Slowking\n|-weather|Snowscape\n|\n|t:|1783798294\n|switch|p2a: Kyurem|Kyurem|88/100|[from] Chilly Reception\n|-ability|p2a: Kyurem|Pressure\n|\n|-weather|Snowscape|[upkeep]\n|-heal|p2a: Kyurem|94/100|[from] item: Leftovers\n|upkeep\n|turn|22\n|\n|t:|1783798302\n|move|p2a: Kyurem|Substitute|p2a: Kyurem\n|-start|p2a: Kyurem|Substitute\n|-damage|p2a: Kyurem|69/100\n|move|p1a: Blissey|Seismic Toss|p2a: Kyurem\n|-activate|p2a: Kyurem|move: Substitute|[damage]\n|\n|-weather|Snowscape|[upkeep]\n|-heal|p2a: Kyurem|75/100|[from] item: Leftovers\n|upkeep\n|turn|23\n|\n|t:|1783798315\n|move|p2a: Kyurem|Protect|p2a: Kyurem\n|-singleturn|p2a: Kyurem|Protect\n|move|p1a: Blissey|Seismic Toss|p2a: Kyurem\n|-activate|p2a: Kyurem|move: Protect\n|\n|-weather|Snowscape|[upkeep]\n|-heal|p2a: Kyurem|81/100|[from] item: Leftovers\n|upkeep\n|turn|24\n|\n|t:|1783798327\n|move|p2a: Kyurem|Freeze-Dry|p1a: Blissey\n|-damage|p1a: Blissey|95/100\n|move|p1a: Blissey|Stealth Rock|p2a: Kyurem\n|-sidestart|p2: kakagarbage|move: Stealth Rock\n|\n|-weather|Snowscape|[upkeep]\n|-heal|p2a: Kyurem|88/100|[from] item: Leftovers\n|upkeep\n|turn|25\n|\n|t:|1783798337\n|move|p2a: Kyurem|Freeze-Dry|p1a: Blissey\n|-damage|p1a: Blissey|90/100\n|move|p1a: Blissey|Stealth Rock||[still]\n|-fail|p1a: Blissey\n|\n|-weather|none\n|-heal|p2a: Kyurem|94/100|[from] item: Leftovers\n|upkeep\n|turn|26\n|\n|t:|1783798345\n|move|p2a: Kyurem|Freeze-Dry|p1a: Blissey\n|-damage|p1a: Blissey|84/100\n|move|p1a: Blissey|Seismic Toss|p2a: Kyurem\n|-end|p2a: Kyurem|Substitute\n|\n|-heal|p2a: Kyurem|99/100|[from] item: Leftovers\n|upkeep\n|turn|27\n|\n|t:|1783798353\n|move|p2a: Kyurem|Substitute|p2a: Kyurem\n|-start|p2a: Kyurem|Substitute\n|-damage|p2a: Kyurem|75/100\n|move|p1a: Blissey|Seismic Toss|p2a: Kyurem\n|-activate|p2a: Kyurem|move: Substitute|[damage]\n|\n|-heal|p2a: Kyurem|81/100|[from] item: Leftovers\n|upkeep\n|turn|28\n|\n|t:|1783798362\n|move|p2a: Kyurem|Protect|p2a: Kyurem\n|-singleturn|p2a: Kyurem|Protect\n|move|p1a: Blissey|Stealth Rock||[still]\n|-fail|p1a: Blissey\n|\n|-heal|p2a: Kyurem|87/100|[from] item: Leftovers\n|upkeep\n|turn|29\n|\n|t:|1783798381\n|switch|p1a: Corviknight|Corviknight, F|88/100\n|-ability|p1a: Corviknight|Pressure\n|move|p2a: Kyurem|Earth Power|p1a: Corviknight\n|-immune|p1a: Corviknight\n|\n|-heal|p2a: Kyurem|94/100|[from] item: Leftovers\n|upkeep\n|turn|30\n|\n|t:|1783798396\n|move|p2a: Kyurem|Freeze-Dry|p1a: Corviknight\n|-damage|p1a: Corviknight|46/100\n|move|p1a: Corviknight|Iron Defense|p1a: Corviknight\n|-boost|p1a: Corviknight|def|2\n|\n|-heal|p2a: Kyurem|99/100|[from] item: Leftovers\n|upkeep\n|turn|31\n|\n|t:|1783798407\n|move|p2a: Kyurem|Freeze-Dry|p1a: Corviknight\n|-damage|p1a: Corviknight|7/100\n|move|p1a: Corviknight|Roost|p1a: Corviknight\n|-heal|p1a: Corviknight|57/100\n|-singleturn|p1a: Corviknight|move: Roost\n|\n|-heal|p2a: Kyurem|100/100|[from] item: Leftovers\n|upkeep\n|turn|32\n|\n|t:|1783798416\n|move|p2a: Kyurem|Freeze-Dry|p1a: Corviknight\n|-damage|p1a: Corviknight|19/100\n|move|p1a: Corviknight|Roost|p1a: Corviknight\n|-heal|p1a: Corviknight|70/100\n|-singleturn|p1a: Corviknight|move: Roost\n|\n|upkeep\n|turn|33\n|\n|t:|1783798426\n|move|p2a: Kyurem|Freeze-Dry|p1a: Corviknight\n|-damage|p1a: Corviknight|33/100\n|move|p1a: Corviknight|Body Press|p2a: Kyurem\n|-supereffective|p2a: Kyurem\n|-end|p2a: Kyurem|Substitute\n|\n|upkeep\n|turn|34\n|\n|t:|1783798439\n|switch|p1a: Blissey|Blissey, F|84/100\n|move|p2a: Kyurem|Freeze-Dry|p1a: Blissey\n|-damage|p1a: Blissey|74/100\n|-status|p1a: Blissey|frz\n|\n|upkeep\n|turn|35\n|\n|t:|1783798451\n|move|p2a: Kyurem|Freeze-Dry|p1a: Blissey\n|-damage|p1a: Blissey|62/100 frz\n|-curestatus|p1a: Blissey|frz|[msg]\n|move|p1a: Blissey|Seismic Toss|p2a: Kyurem\n|-damage|p2a: Kyurem|76/100\n|\n|-heal|p2a: Kyurem|82/100|[from] item: Leftovers\n|upkeep\n|turn|36\n|\n|t:|1783798464\n|move|p2a: Kyurem|Freeze-Dry|p1a: Blissey\n|-crit|p1a: Blissey\n|-damage|p1a: Blissey|45/100\n|move|p1a: Blissey|Calm Mind|p1a: Blissey\n|-boost|p1a: Blissey|spa|1\n|-boost|p1a: Blissey|spd|1\n|\n|-heal|p2a: Kyurem|88/100|[from] item: Leftovers\n|upkeep\n|turn|37\n|\n|t:|1783798477\n|switch|p2a: Cinderace|Cinderace, F|100/100\n|move|p1a: Blissey|Soft-Boiled|p1a: Blissey\n|-heal|p1a: Blissey|95/100\n|\n|upkeep\n|turn|38\n|\n|t:|1783798487\n|switch|p1a: Dondozo|Dondozo, M|100/100\n|move|p2a: Cinderace|Court Change|p2a: Cinderace\n|-swapsideconditions\n|-activate|p2a: Cinderace|move: Court Change\n|\n|upkeep\n|turn|39\n|inactive|PrimoDoTakedaJr has 120 seconds left.\n|\n|t:|1783798520\n|move|p2a: Cinderace|Will-O-Wisp|p1a: Dondozo|[miss]\n|-miss|p2a: Cinderace|p1a: Dondozo\n|move|p1a: Dondozo|Curse|p1a: Dondozo\n|-unboost|p1a: Dondozo|spe|1\n|-boost|p1a: Dondozo|atk|1\n|-boost|p1a: Dondozo|def|1\n|\n|upkeep\n|turn|40\n|\n|t:|1783798527\n|move|p2a: Cinderace|U-turn|p1a: Dondozo\n|-damage|p1a: Dondozo|94/100\n|\n|t:|1783798530\n|switch|p2a: Dondozo|Dondozo, M|100/100|[from] U-turn\n|move|p1a: Dondozo|Waterfall|p2a: Dondozo\n|-resisted|p2a: Dondozo\n|-damage|p2a: Dondozo|95/100\n|\n|-heal|p2a: Dondozo|100/100|[from] item: Leftovers\n|upkeep\n|turn|41\n|\n|t:|1783798539\n|move|p2a: Dondozo|Body Press|p1a: Dondozo\n|-damage|p1a: Dondozo|81/100\n|move|p1a: Dondozo|Curse|p1a: Dondozo\n|-unboost|p1a: Dondozo|spe|1\n|-boost|p1a: Dondozo|atk|1\n|-boost|p1a: Dondozo|def|1\n|\n|upkeep\n|turn|42\n|\n|t:|1783798546\n|move|p2a: Dondozo|Curse|p2a: Dondozo\n|-unboost|p2a: Dondozo|spe|1\n|-boost|p2a: Dondozo|atk|1\n|-boost|p2a: Dondozo|def|1\n|move|p1a: Dondozo|Curse|p1a: Dondozo\n|-unboost|p1a: Dondozo|spe|1\n|-boost|p1a: Dondozo|atk|1\n|-boost|p1a: Dondozo|def|1\n|\n|upkeep\n|turn|43\n|\n|t:|1783798557\n|move|p2a: Dondozo|Curse|p2a: Dondozo\n|-unboost|p2a: Dondozo|spe|1\n|-boost|p2a: Dondozo|atk|1\n|-boost|p2a: Dondozo|def|1\n|move|p1a: Dondozo|Curse|p1a: Dondozo\n|-unboost|p1a: Dondozo|spe|1\n|-boost|p1a: Dondozo|atk|1\n|-boost|p1a: Dondozo|def|1\n|\n|upkeep\n|turn|44\n|\n|t:|1783798574\n|move|p2a: Dondozo|Curse|p2a: Dondozo\n|-unboost|p2a: Dondozo|spe|1\n|-boost|p2a: Dondozo|atk|1\n|-boost|p2a: Dondozo|def|1\n|move|p1a: Dondozo|Curse|p1a: Dondozo\n|-unboost|p1a: Dondozo|spe|1\n|-boost|p1a: Dondozo|atk|1\n|-boost|p1a: Dondozo|def|1\n|\n|upkeep\n|turn|45\n|\n|t:|1783798584\n|move|p2a: Dondozo|Body Press|p1a: Dondozo\n|-damage|p1a: Dondozo|69/100\n|move|p1a: Dondozo|Waterfall|p2a: Dondozo\n|-resisted|p2a: Dondozo\n|-damage|p2a: Dondozo|94/100\n|\n|-heal|p2a: Dondozo|99/100|[from] item: Leftovers\n|upkeep\n|turn|46\n|\n|t:|1783798598\n|move|p2a: Dondozo|Curse|p2a: Dondozo\n|-unboost|p2a: Dondozo|spe|1\n|-boost|p2a: Dondozo|atk|1\n|-boost|p2a: Dondozo|def|1\n|move|p1a: Dondozo|Rest|p1a: Dondozo\n|-status|p1a: Dondozo|slp|[from] move: Rest\n|-heal|p1a: Dondozo|100/100 slp|[silent]\n|\n|-heal|p2a: Dondozo|100/100|[from] item: Leftovers\n|upkeep\n|turn|47\n|\n|t:|1783798614\n|switch|p2a: Kyurem|Kyurem|88/100\n|-ability|p2a: Kyurem|Pressure\n|cant|p1a: Dondozo|slp\n|move|p1a: Dondozo|Sleep Talk|p1a: Dondozo\n|move|p1a: Dondozo|Curse|p1a: Dondozo|[from] move: Sleep Talk\n|-unboost|p1a: Dondozo|spe|1\n|-boost|p1a: Dondozo|atk|1\n|-boost|p1a: Dondozo|def|1\n|\n|-heal|p2a: Kyurem|94/100|[from] item: Leftovers\n|upkeep\n|turn|48\n|-message|PrimoDoTakedaJr forfeited.\n|\n|win|kakagarbage\n|raw|PrimoDoTakedaJr's rating: 1129 &rarr; <strong>1104</strong><br />(-25 for losing)\n|raw|kakagarbage's rating: 1131 &rarr; <strong>1156</strong><br />(+25 for winning)\n|l|☆PrimoDoTakedaJr\n|player|p1|\n|c|☆kakagarbage|/log kakagarbage made this room public.\n", "uploadtime": 1783798636, "views": 5, "formatid": "gen9ou", "rating": 1104, "private": 0, "password": null}