{"id": "gen9ou-2647748517", "format": "[Gen 9] OU", "players": ["lemurd", "RemusTDR"], "log": "|j|☆lemurd\n|j|☆RemusTDR\n|t:|1783805970\n|gametype|singles\n|player|p1|lemurd|1|1124\n|player|p2|RemusTDR|266|1172\n|gen|9\n|tier|[Gen 9] OU\n|rated|\n|rule|HP Percentage Mod: HP is shown in percentages\n|rule|Endless Battle Clause: Forcing endless battles is banned\n|rule|Species Clause: Limit one of each Pokémon\n|rule|OHKO Clause: OHKO moves are banned\n|rule|Evasion Items Clause: Evasion items are banned\n|rule|Evasion Moves Clause: Evasion moves are banned\n|rule|Evasion Abilities Clause: Evasion abilities are banned\n|rule|Sleep Moves Clause: Sleep-inducing moves are banned\n|clearpoke\n|poke|p1|Iron Treads|\n|poke|p1|Glimmora, F|\n|poke|p1|Pecharunt|\n|poke|p1|Rillaboom, F|\n|poke|p1|Hatterene, F|\n|poke|p1|Hitmontop, M|\n|poke|p2|Dragonite, M|\n|poke|p2|Gholdengo|\n|poke|p2|Pecharunt|\n|poke|p2|Samurott-Hisui, M|\n|poke|p2|Ting-Lu|\n|poke|p2|Walking Wake|\n|teampreview\n|inactive|Battle timer is ON: inactive players will automatically lose when time's up. (requested by lemurd)\n|\n|t:|1783805978\n|teamsize|p1|6\n|teamsize|p2|6\n|start\n|switch|p1a: Glimmora|Glimmora, F, shiny|100/100\n|switch|p2a: Samurott|Samurott-Hisui, M|100/100\n|turn|1\n|\n|t:|1783805985\n|-terastallize|p1a: Glimmora|Flying\n|move|p1a: Glimmora|Stealth Rock|p2a: Samurott\n|-sidestart|p2: RemusTDR|move: Stealth Rock\n|move|p2a: Samurott|Ceaseless Edge|p1a: Glimmora|[miss]\n|-miss|p2a: Samurott|p1a: Glimmora\n|\n|upkeep\n|turn|2\n|\n|t:|1783805995\n|move|p1a: Glimmora|Dazzling Gleam|p2a: Samurott\n|-supereffective|p2a: Samurott\n|-damage|p2a: Samurott|70/100\n|move|p2a: Samurott|Ceaseless Edge|p1a: Glimmora\n|-damage|p1a: Glimmora|63/100\n|-damage|p2a: Samurott|53/100|[from] item: Rocky Helmet|[of] p1a: Glimmora\n|-activate|p1a: Glimmora|ability: Toxic Debris\n|-sidestart|p2: RemusTDR|move: Toxic Spikes\n|-sidestart|p1: lemurd|Spikes\n|\n|upkeep\n|turn|3\n|\n|t:|1783806014\n|switch|p2a: Pecharunt|Pecharunt|100/100\n|-sideend|p2: RemusTDR|move: Toxic Spikes|[of] p2a: Pecharunt\n|move|p1a: Glimmora|Dazzling Gleam|p2a: Pecharunt\n|-resisted|p2a: Pecharunt\n|-crit|p2a: Pecharunt\n|-damage|p2a: Pecharunt|84/100\n|\n|upkeep\n|turn|4\n|\n|t:|1783806030\n|move|p2a: Pecharunt|Malignant Chain|p1a: Glimmora\n|-damage|p1a: Glimmora|19/100\n|move|p1a: Glimmora|Flash Cannon|p2a: Pecharunt\n|-damage|p2a: Pecharunt|62/100\n|\n|upkeep\n|turn|5\n|\n|t:|1783806046\n|move|p2a: Pecharunt|Shadow Ball|p1a: Glimmora\n|-damage|p1a: Glimmora|0 fnt\n|faint|p1a: Glimmora\n|\n|upkeep\n|\n|t:|1783806054\n|switch|p1a: Hitmontop|Hitmontop, M|100/100\n|-damage|p1a: Hitmontop|88/100|[from] Spikes\n|-ability|p1a: Hitmontop|Intimidate|boost\n|-unboost|p2a: Pecharunt|atk|1\n|turn|6\n|\n|t:|1783806063\n|move|p2a: Pecharunt|Malignant Chain|p1a: Hitmontop\n|-crit|p1a: Hitmontop\n|-damage|p1a: Hitmontop|53/100\n|move|p1a: Hitmontop|Triple Axel|p2a: Pecharunt|[miss]\n|-miss|p1a: Hitmontop|p2a: Pecharunt\n|\n|upkeep\n|turn|7\n|\n|t:|1783806084\n|switch|p2a: Samurott|Samurott-Hisui, M|53/100\n|-damage|p2a: Samurott|41/100|[from] Stealth Rock\n|move|p1a: Hitmontop|Triple Axel|p2a: Samurott\n|-resisted|p2a: Samurott\n|-damage|p2a: Samurott|38/100\n|-resisted|p2a: Samurott\n|-damage|p2a: Samurott|34/100\n|-hitcount|p2a: Samurott|2\n|\n|upkeep\n|turn|8\n|inactive|lemurd has 120 seconds left.\n|\n|t:|1783806135\n|switch|p2a: Walking Wake|Walking Wake|100/100\n|move|p1a: Hitmontop|Bullet Punch|p2a: Walking Wake\n|-resisted|p2a: Walking Wake\n|-damage|p2a: Walking Wake|96/100\n|\n|upkeep\n|turn|9\n|\n|t:|1783806145\n|move|p2a: Walking Wake|Surf|p1a: Hitmontop\n|-damage|p1a: Hitmontop|22/100\n|move|p1a: Hitmontop|Brick Break|p2a: Walking Wake\n|-damage|p2a: Walking Wake|68/100\n|\n|upkeep\n|turn|10\n|\n|t:|1783806159\n|move|p2a: Walking Wake|Flip Turn|p1a: Hitmontop\n|-damage|p1a: Hitmontop|5/100\n|\n|t:|1783806166\n|-end|p2a: Walking Wake|Protosynthesis|[silent]\n|switch|p2a: Gholdengo|Gholdengo|100/100|[from] Flip Turn\n|-damage|p2a: Gholdengo|94/100|[from] Stealth Rock\n|move|p1a: Hitmontop|Triple Axel|p2a: Gholdengo\n|-resisted|p2a: Gholdengo\n|-damage|p2a: Gholdengo|92/100\n|-resisted|p2a: Gholdengo\n|-damage|p2a: Gholdengo|87/100\n|-resisted|p2a: Gholdengo\n|-damage|p2a: Gholdengo|80/100\n|-hitcount|p2a: Gholdengo|3\n|\n|upkeep\n|turn|11\n|\n|t:|1783806184\n|move|p2a: Gholdengo|Shadow Ball|p1a: Hitmontop\n|-damage|p1a: Hitmontop|0 fnt\n|faint|p1a: Hitmontop\n|\n|upkeep\n|\n|t:|1783806189\n|switch|p1a: Hatterene|Hatterene, F|100/100\n|-damage|p1a: Hatterene|88/100|[from] Spikes\n|turn|12\n|inactive|lemurd has 120 seconds left.\n|\n|t:|1783806205\n|switch|p1a: Rillaboom|Rillaboom, F|100/100\n|-damage|p1a: Rillaboom|88/100|[from] Spikes\n|-fieldstart|move: Grassy Terrain|[from] ability: Grassy Surge|[of] p1a: Rillaboom\n|-terastallize|p2a: Gholdengo|Steel\n|move|p2a: Gholdengo|Shadow Ball|p1a: Rillaboom\n|-damage|p1a: Rillaboom|33/100\n|-unboost|p1a: Rillaboom|spd|1\n|\n|-heal|p2a: Gholdengo|86/100|[from] Grassy Terrain\n|-heal|p1a: Rillaboom|40/100|[from] Grassy Terrain\n|-heal|p1a: Rillaboom|46/100|[from] item: Leftovers\n|upkeep\n|turn|13\n|\n|t:|1783806221\n|move|p2a: Gholdengo|Shadow Ball|p1a: Rillaboom\n|-damage|p1a: Rillaboom|0 fnt\n|faint|p1a: Rillaboom\n|\n|-heal|p2a: Gholdengo|92/100|[from] Grassy Terrain\n|upkeep\n|inactive|lemurd has 90 seconds left.\n|inactive|lemurd has 60 seconds left.\n|inactive|lemurd has 30 seconds left.\n|inactive|lemurd has 20 seconds left.\n|inactive|lemurd has 15 seconds left.\n|inactive|lemurd has 10 seconds left.\n|inactive|lemurd has 5 seconds left.\n|-message|lemurd lost due to inactivity.\n|\n|win|RemusTDR\n|raw|lemurd's rating: 1127 &rarr; <strong>1105</strong><br />(-22 for losing)\n|raw|RemusTDR's rating: 1172 &rarr; <strong>1194</strong><br />(+22 for winning)\n|l|☆lemurd\n|player|p1|\n", "uploadtime": 1783806639, "views": 4, "formatid": "gen9ou", "rating": 1105, "private": 0, "password": null}