{"id": "gen9ou-2639286081", "format": "[Gen 9] OU", "players": ["CobraStar13", "Stingrei"], "log": "|j|☆CobraStar13\n|j|☆Stingrei\n|t:|1782446043\n|gametype|singles\n|player|p1|CobraStar13|caitlin|1242\n|player|p2|Stingrei|2|1219\n|gen|9\n|tier|[Gen 9] OU\n|rated|\n|rule|HP Percentage Mod: HP is shown in percentages\n|rule|Endless Battle Clause: Forcing endless battles is banned\n|rule|Species Clause: Limit one of each Pokémon\n|rule|OHKO Clause: OHKO moves are banned\n|rule|Evasion Items Clause: Evasion items are banned\n|rule|Evasion Moves Clause: Evasion moves are banned\n|rule|Evasion Abilities Clause: Evasion abilities are banned\n|rule|Sleep Moves Clause: Sleep-inducing moves are banned\n|clearpoke\n|poke|p1|Ogerpon, F|\n|poke|p1|Primarina, M|\n|poke|p1|Dragapult, M|\n|poke|p1|Great Tusk|\n|poke|p1|Corviknight, F|\n|poke|p1|Scizor, F|\n|poke|p2|Regieleki|\n|poke|p2|Raging Bolt|\n|poke|p2|Overqwil, M|\n|poke|p2|Greninja-*, M|\n|poke|p2|Pelipper, M|\n|poke|p2|Iron Treads|\n|teampreview\n|inactive|Battle timer is ON: inactive players will automatically lose when time's up. (requested by CobraStar13)\n|inactive|CobraStar13 has 120 seconds left.\n|\n|t:|1782446075\n|teamsize|p1|6\n|teamsize|p2|6\n|start\n|switch|p1a: Dragapult|Dragapult, M|100/100\n|switch|p2a: Greninja|Greninja, M|100/100\n|turn|1\n|\n|t:|1782446086\n|move|p1a: Dragapult|U-turn|p2a: Greninja\n|-supereffective|p2a: Greninja\n|-damage|p2a: Greninja|44/100\n|\n|t:|1782446095\n|switch|p1a: Corviknight|Corviknight, F|100/100|[from] U-turn\n|-ability|p1a: Corviknight|Pressure\n|move|p2a: Greninja|Taunt|p1a: Corviknight\n|-start|p1a: Corviknight|move: Taunt\n|\n|upkeep\n|turn|2\n|\n|t:|1782446109\n|switch|p2a: Regieleki|Regieleki, shiny|100/100\n|move|p1a: Corviknight|U-turn|p2a: Regieleki\n|-damage|p2a: Regieleki|71/100\n|\n|t:|1782446114\n|switch|p1a: Scizor|Scizor, F|100/100|[from] U-turn\n|\n|upkeep\n|turn|3\n|\n|t:|1782446122\n|move|p2a: Regieleki|Thunder|p1a: Scizor\n|-damage|p1a: Scizor|0 fnt\n|faint|p1a: Scizor\n|\n|upkeep\n|\n|t:|1782446134\n|switch|p1a: Great Tusk|Great Tusk|100/100\n|turn|4\n|\n|t:|1782446143\n|switch|p2a: Pelipper|Pelipper, M, shiny|100/100\n|-weather|RainDance|[from] ability: Drizzle|[of] p2a: Pelipper\n|move|p1a: Great Tusk|Stealth Rock|p2a: Pelipper\n|-sidestart|p2: Stingrei|move: Stealth Rock\n|\n|-weather|RainDance|[upkeep]\n|upkeep\n|turn|5\n|\n|t:|1782446157\n|-end|p1a: Great Tusk|Protosynthesis|[silent]\n|switch|p1a: Corviknight|Corviknight, F|100/100\n|-ability|p1a: Corviknight|Pressure\n|move|p2a: Pelipper|Weather Ball|p1a: Corviknight\n|-damage|p1a: Corviknight|51/100\n|\n|-weather|RainDance|[upkeep]\n|-heal|p1a: Corviknight|57/100|[from] item: Leftovers\n|upkeep\n|turn|6\n|\n|t:|1782446166\n|move|p2a: Pelipper|Knock Off|p1a: Corviknight\n|-damage|p1a: Corviknight|48/100\n|-enditem|p1a: Corviknight|Leftovers|[from] move: Knock Off|[of] p2a: Pelipper\n|move|p1a: Corviknight|Roost|p1a: Corviknight\n|-heal|p1a: Corviknight|98/100\n|-singleturn|p1a: Corviknight|move: Roost\n|\n|-weather|RainDance|[upkeep]\n|upkeep\n|turn|7\n|\n|t:|1782446177\n|move|p2a: Pelipper|U-turn|p1a: Corviknight\n|-resisted|p1a: Corviknight\n|-damage|p1a: Corviknight|96/100\n|\n|t:|1782446199\n|switch|p2a: Raging Bolt|Raging Bolt|100/100|[from] U-turn\n|-damage|p2a: Raging Bolt|88/100|[from] Stealth Rock\n|-enditem|p2a: Raging Bolt|Booster Energy\n|-activate|p2a: Raging Bolt|ability: Protosynthesis|[fromitem]\n|-start|p2a: Raging Bolt|protosynthesisspa\n|move|p1a: Corviknight|Brave Bird|p2a: Raging Bolt\n|-resisted|p2a: Raging Bolt\n|-damage|p2a: Raging Bolt|72/100\n|-damage|p1a: Corviknight|90/100|[from] Recoil\n|\n|-weather|RainDance|[upkeep]\n|upkeep\n|turn|8\n|\n|t:|1782446217\n|switch|p1a: Great Tusk|Great Tusk|100/100\n|move|p2a: Raging Bolt|Weather Ball|p1a: Great Tusk\n|-supereffective|p1a: Great Tusk\n|-damage|p1a: Great Tusk|0 fnt\n|faint|p1a: Great Tusk\n|-end|p1a: Great Tusk|Protosynthesis|[silent]\n|\n|-weather|RainDance|[upkeep]\n|upkeep\n|\n|t:|1782446220\n|switch|p1a: Dragapult|Dragapult, M|100/100\n|turn|9\n|\n|t:|1782446232\n|-terastallize|p2a: Raging Bolt|Fairy\n|move|p1a: Dragapult|Shadow Ball|p2a: Raging Bolt\n|-damage|p2a: Raging Bolt|21/100\n|-unboost|p2a: Raging Bolt|spd|1\n|move|p2a: Raging Bolt|Dragon Pulse|p1a: Dragapult\n|-supereffective|p1a: Dragapult\n|-damage|p1a: Dragapult|0 fnt\n|faint|p1a: Dragapult\n|\n|-weather|RainDance|[upkeep]\n|upkeep\n|\n|t:|1782446246\n|switch|p1a: Corviknight|Corviknight, F|90/100\n|-ability|p1a: Corviknight|Pressure\n|turn|10\n|\n|t:|1782446253\n|move|p2a: Raging Bolt|Thunderclap|p1a: Corviknight\n|-supereffective|p1a: Corviknight\n|-damage|p1a: Corviknight|13/100\n|move|p1a: Corviknight|Brave Bird|p2a: Raging Bolt\n|-damage|p2a: Raging Bolt|0 fnt\n|faint|p2a: Raging Bolt\n|-end|p2a: Raging Bolt|Protosynthesis|[silent]\n|-damage|p1a: Corviknight|6/100|[from] Recoil\n|\n|-weather|RainDance|[upkeep]\n|upkeep\n|\n|t:|1782446260\n|switch|p2a: Regieleki|Regieleki, shiny|71/100\n|-damage|p2a: Regieleki|58/100|[from] Stealth Rock\n|turn|11\n|\n|t:|1782446266\n|move|p2a: Regieleki|Volt Switch|p1a: Corviknight\n|-supereffective|p1a: Corviknight\n|-damage|p1a: Corviknight|0 fnt\n|faint|p1a: Corviknight\n|\n|t:|1782446270\n|switch|p2a: Pelipper|Pelipper, M, shiny|100/100|[from] Volt Switch\n|-damage|p2a: Pelipper|76/100|[from] Stealth Rock\n|\n|-weather|none\n|upkeep\n|\n|t:|1782446275\n|switch|p1a: Primarina|Primarina, M|100/100\n|turn|12\n|\n|t:|1782446280\n|move|p2a: Pelipper|Knock Off|p1a: Primarina\n|-resisted|p1a: Primarina\n|-damage|p1a: Primarina|93/100\n|-enditem|p1a: Primarina|Heavy-Duty Boots|[from] move: Knock Off|[of] p2a: Pelipper\n|move|p1a: Primarina|Moonblast|p2a: Pelipper\n|-damage|p2a: Pelipper|0 fnt\n|faint|p2a: Pelipper\n|\n|upkeep\n|\n|t:|1782446293\n|switch|p2a: Overqwil|Overqwil, M, shiny|100/100\n|-damage|p2a: Overqwil|88/100|[from] Stealth Rock\n|turn|13\n|\n|t:|1782446306\n|-terastallize|p1a: Primarina|Steel\n|move|p2a: Overqwil|Gunk Shot|p1a: Primarina\n|-immune|p1a: Primarina\n|move|p1a: Primarina|Moonblast|p2a: Overqwil\n|-damage|p2a: Overqwil|8/100\n|-unboost|p2a: Overqwil|spa|1\n|\n|upkeep\n|turn|14\n|\n|t:|1782446321\n|move|p2a: Overqwil|Liquidation|p1a: Primarina\n|-damage|p1a: Primarina|40/100\n|-damage|p2a: Overqwil|0 fnt|[from] item: Life Orb\n|faint|p2a: Overqwil\n|move|p1a: Primarina|Flip Turn|p2: Overqwil|[notarget]\n|-fail|p1a: Primarina\n|\n|upkeep\n|\n|t:|1782446335\n|switch|p2a: Regieleki|Regieleki, shiny|58/100\n|-damage|p2a: Regieleki|46/100|[from] Stealth Rock\n|turn|15\n|\n|t:|1782446343\n|move|p2a: Regieleki|Volt Switch|p1a: Primarina\n|-damage|p1a: Primarina|0 fnt\n|faint|p1a: Primarina\n|\n|t:|1782446356\n|switch|p2a: Iron Treads|Iron Treads, shiny|100/100|[from] Volt Switch\n|-damage|p2a: Iron Treads|97/100|[from] Stealth Rock\n|-enditem|p2a: Iron Treads|Booster Energy\n|-activate|p2a: Iron Treads|ability: Quark Drive|[fromitem]\n|-start|p2a: Iron Treads|quarkdrivespe\n|\n|upkeep\n|\n|t:|1782446358\n|switch|p1a: Ogerpon|Ogerpon, F|100/100\n|turn|16\n|\n|t:|1782446382\n|move|p2a: Iron Treads|Steel Beam|p1a: Ogerpon\n|-damage|p1a: Ogerpon|42/100\n|-damage|p2a: Iron Treads|47/100|[from] steelbeam\n|move|p1a: Ogerpon|Ivy Cudgel|p2a: Iron Treads\n|-damage|p2a: Iron Treads|6/100\n|\n|upkeep\n|turn|17\n|\n|t:|1782446390\n|move|p2a: Iron Treads|Steel Beam|p1a: Ogerpon\n|-damage|p1a: Ogerpon|0 fnt\n|-damage|p2a: Iron Treads|0 fnt|[from] steelbeam\n|faint|p2a: Iron Treads\n|-end|p2a: Iron Treads|Quark Drive|[silent]\n|faint|p1a: Ogerpon\n|\n|win|Stingrei\n|raw|CobraStar13's rating: 1242 &rarr; <strong>1215</strong><br />(-27 for losing)\n|raw|Stingrei's rating: 1219 &rarr; <strong>1246</strong><br />(+27 for winning)\n|c|☆Stingrei|gg\n|l|☆CobraStar13\n|player|p1|\n", "uploadtime": 1782446399, "views": 13, "formatid": "gen9ou", "rating": 1215, "private": 0, "password": null}