{"id": "gen9ou-2639298641", "format": "[Gen 9] OU", "players": ["Throt", "swiftift"], "log": "|j|☆Throt\n|j|☆swiftift\n|t:|1782448346\n|gametype|singles\n|player|p1|Throt|clown|1208\n|player|p2|swiftift|grimsley|1255\n|gen|9\n|tier|[Gen 9] OU\n|rated|\n|rule|HP Percentage Mod: HP is shown in percentages\n|rule|Endless Battle Clause: Forcing endless battles is banned\n|rule|Species Clause: Limit one of each Pokémon\n|rule|OHKO Clause: OHKO moves are banned\n|rule|Evasion Items Clause: Evasion items are banned\n|rule|Evasion Moves Clause: Evasion moves are banned\n|rule|Evasion Abilities Clause: Evasion abilities are banned\n|rule|Sleep Moves Clause: Sleep-inducing moves are banned\n|clearpoke\n|poke|p1|Great Tusk|\n|poke|p1|Landorus-Therian, M|\n|poke|p1|Gholdengo|\n|poke|p1|Dragapult, M|\n|poke|p1|Ogerpon-Wellspring, F|\n|poke|p1|Iron Valiant|\n|poke|p2|Ribombee, M|\n|poke|p2|Kingambit, M|\n|poke|p2|Slither Wing|\n|poke|p2|Corviknight, M|\n|poke|p2|Iron Crown|\n|poke|p2|Gliscor, F|\n|teampreview\n|\n|t:|1782448361\n|teamsize|p1|6\n|teamsize|p2|6\n|start\n|switch|p1a: Landorus|Landorus-Therian, M|100/100\n|switch|p2a: Ribombee|Ribombee, M|100/100\n|-ability|p1a: Landorus|Intimidate|boost\n|-unboost|p2a: Ribombee|atk|1\n|turn|1\n|inactive|Battle timer is ON: inactive players will automatically lose when time's up. (requested by swiftift)\n|\n|t:|1782448376\n|move|p2a: Ribombee|Stun Spore|p1a: Landorus\n|-status|p1a: Landorus|par\n|move|p1a: Landorus|Stealth Rock|p2a: Ribombee\n|-sidestart|p2: swiftift|move: Stealth Rock\n|\n|upkeep\n|turn|2\n|\n|t:|1782448382\n|move|p2a: Ribombee|Sticky Web|p1a: Landorus\n|-sidestart|p1: Throt|move: Sticky Web\n|move|p1a: Landorus|U-turn|p2a: Ribombee\n|-resisted|p2a: Ribombee\n|-damage|p2a: Ribombee|78/100\n|\n|t:|1782448390\n|switch|p1a: Gholdengo|Gholdengo|100/100|[from] U-turn\n|-item|p1a: Gholdengo|Air Balloon\n|\n|upkeep\n|turn|3\n|\n|t:|1782448396\n|move|p2a: Ribombee|Alluring Voice|p1a: Gholdengo\n|-resisted|p1a: Gholdengo\n|-damage|p1a: Gholdengo|80/100\n|-enditem|p1a: Gholdengo|Air Balloon\n|move|p1a: Gholdengo|Make It Rain|p2a: Ribombee\n|-supereffective|p2a: Ribombee\n|-damage|p2a: Ribombee|0 fnt\n|-unboost|p1a: Gholdengo|spa|1\n|faint|p2a: Ribombee\n|\n|upkeep\n|\n|t:|1782448413\n|switch|p2a: Kingambit|Kingambit, M, shiny|100/100\n|-damage|p2a: Kingambit|94/100|[from] Stealth Rock\n|-activate|p2a: Kingambit|ability: Supreme Overlord\n|-start|p2a: Kingambit|fallen1|[silent]\n|turn|4\n|\n|t:|1782448418\n|switch|p1a: Landorus|Landorus-Therian, M|100/100 par\n|-ability|p1a: Landorus|Intimidate|boost\n|-unboost|p2a: Kingambit|atk|1\n|move|p2a: Kingambit|Swords Dance|p2a: Kingambit\n|-boost|p2a: Kingambit|atk|2\n|\n|upkeep\n|turn|5\n|\n|t:|1782448435\n|move|p1a: Landorus|Earthquake|p2a: Kingambit\n|-supereffective|p2a: Kingambit\n|-damage|p2a: Kingambit|19/100\n|move|p2a: Kingambit|Swords Dance|p2a: Kingambit\n|-boost|p2a: Kingambit|atk|2\n|\n|upkeep\n|turn|6\n|\n|t:|1782448442\n|move|p2a: Kingambit|Sucker Punch|p1a: Landorus\n|-damage|p1a: Landorus|0 fnt\n|-damage|p2a: Kingambit|2/100|[from] item: Rocky Helmet|[of] p1a: Landorus\n|faint|p1a: Landorus\n|\n|upkeep\n|\n|t:|1782448451\n|switch|p1a: Great Tusk|Great Tusk|100/100\n|turn|7\n|\n|t:|1782448460\n|move|p2a: Kingambit|Sucker Punch|p1a: Great Tusk\n|-resisted|p1a: Great Tusk\n|-damage|p1a: Great Tusk|60/100\n|move|p1a: Great Tusk|Rapid Spin|p2a: Kingambit\n|-resisted|p2a: Kingambit\n|-damage|p2a: Kingambit|0 fnt\n|-boost|p1a: Great Tusk|spe|1\n|-sideend|p1: Throt|Sticky Web|[from] move: Rapid Spin|[of] p1a: Great Tusk\n|faint|p2a: Kingambit\n|-end|p2a: Kingambit|fallen1|[silent]\n|\n|upkeep\n|\n|t:|1782448476\n|switch|p2a: Iron Crown|Iron Crown|100/100\n|-damage|p2a: Iron Crown|94/100|[from] Stealth Rock\n|turn|8\n|\n|t:|1782448483\n|move|p1a: Great Tusk|Headlong Rush|p2a: Iron Crown\n|-supereffective|p2a: Iron Crown\n|-damage|p2a: Iron Crown|0 fnt\n|-unboost|p1a: Great Tusk|def|1\n|-unboost|p1a: Great Tusk|spd|1\n|faint|p2a: Iron Crown\n|-end|p2a: Iron Crown|Quark Drive|[silent]\n|\n|upkeep\n|\n|t:|1782448493\n|switch|p2a: Gliscor|Gliscor, F|100/100\n|-damage|p2a: Gliscor|88/100|[from] Stealth Rock\n|turn|9\n|\n|t:|1782448505\n|move|p1a: Great Tusk|Knock Off|p2a: Gliscor\n|-damage|p2a: Gliscor|56/100\n|-enditem|p2a: Gliscor|Toxic Orb|[from] move: Knock Off|[of] p1a: Great Tusk\n|move|p2a: Gliscor|Knock Off|p1a: Great Tusk\n|-resisted|p1a: Great Tusk\n|-damage|p1a: Great Tusk|42/100\n|-enditem|p1a: Great Tusk|Heavy-Duty Boots|[from] move: Knock Off|[of] p2a: Gliscor\n|\n|upkeep\n|turn|10\n|\n|t:|1782448518\n|move|p1a: Great Tusk|Ice Spinner|p2a: Gliscor\n|-supereffective|p2a: Gliscor\n|-damage|p2a: Gliscor|0 fnt\n|faint|p2a: Gliscor\n|\n|upkeep\n|\n|t:|1782448521\n|switch|p2a: Slither Wing|Slither Wing, shiny|100/100\n|-damage|p2a: Slither Wing|88/100|[from] Stealth Rock\n|turn|11\n|\n|t:|1782448531\n|-end|p1a: Great Tusk|Protosynthesis|[silent]\n|switch|p1a: Dragapult|Dragapult, M|100/100\n|move|p2a: Slither Wing|First Impression|p1a: Dragapult\n|-resisted|p1a: Dragapult\n|-damage|p1a: Dragapult|51/100\n|-damage|p2a: Slither Wing|78/100|[from] item: Life Orb\n|\n|upkeep\n|turn|12\n|\n|t:|1782448540\n|move|p1a: Dragapult|Thunder Wave|p2a: Slither Wing\n|-status|p2a: Slither Wing|par\n|cant|p2a: Slither Wing|par\n|\n|upkeep\n|turn|13\n|\n|t:|1782448546\n|move|p1a: Dragapult|U-turn|p2a: Slither Wing\n|-resisted|p2a: Slither Wing\n|-damage|p2a: Slither Wing|69/100 par\n|\n|t:|1782448551\n|switch|p1a: Iron Valiant|Iron Valiant|100/100|[from] U-turn\n|-enditem|p1a: Iron Valiant|Booster Energy\n|-activate|p1a: Iron Valiant|ability: Quark Drive|[fromitem]\n|-start|p1a: Iron Valiant|quarkdrivespe\n|move|p2a: Slither Wing|Earthquake|p1a: Iron Valiant\n|-damage|p1a: Iron Valiant|30/100\n|-damage|p2a: Slither Wing|59/100 par|[from] item: Life Orb\n|\n|upkeep\n|turn|14\n|\n|t:|1782448562\n|-end|p2a: Slither Wing|Protosynthesis|[silent]\n|switch|p2a: Corviknight|Corviknight, M|100/100\n|-damage|p2a: Corviknight|88/100|[from] Stealth Rock\n|move|p1a: Iron Valiant|Moonblast|p2a: Corviknight\n|-resisted|p2a: Corviknight\n|-damage|p2a: Corviknight|61/100\n|-ability|p2a: Corviknight|Mirror Armor\n|-unboost|p1a: Iron Valiant|spa|1\n|\n|upkeep\n|turn|15\n|\n|t:|1782448572\n|move|p1a: Iron Valiant|Knock Off|p2a: Corviknight\n|-damage|p2a: Corviknight|37/100\n|-damage|p1a: Iron Valiant|13/100|[from] item: Rocky Helmet|[of] p2a: Corviknight\n|-enditem|p2a: Corviknight|Rocky Helmet|[from] move: Knock Off|[of] p1a: Iron Valiant\n|move|p2a: Corviknight|Defog|p1a: Iron Valiant\n|-unboost|p1a: Iron Valiant|evasion|1\n|-sideend|p2: swiftift|Stealth Rock|[from] move: Defog|[of] p2a: Corviknight\n|\n|upkeep\n|turn|16\n|\n|t:|1782448584\n|move|p1a: Iron Valiant|Close Combat|p2a: Corviknight\n|-crit|p2a: Corviknight\n|-damage|p2a: Corviknight|0 fnt\n|-unboost|p1a: Iron Valiant|def|1\n|-unboost|p1a: Iron Valiant|spd|1\n|faint|p2a: Corviknight\n|\n|upkeep\n|\n|t:|1782448587\n|switch|p2a: Slither Wing|Slither Wing, shiny|59/100 par\n|turn|17\n|\n|t:|1782448600\n|-end|p1a: Iron Valiant|Quark Drive|[silent]\n|switch|p1a: Gholdengo|Gholdengo|80/100\n|move|p2a: Slither Wing|First Impression|p1a: Gholdengo\n|-resisted|p1a: Gholdengo\n|-crit|p1a: Gholdengo\n|-damage|p1a: Gholdengo|50/100\n|-damage|p2a: Slither Wing|49/100 par|[from] item: Life Orb\n|\n|upkeep\n|turn|18\n|-message|swiftift forfeited.\n|\n|win|Throt\n|raw|Throt's rating: 1208 &rarr; <strong>1236</strong><br />(+28 for winning)\n|raw|swiftift's rating: 1255 &rarr; <strong>1227</strong><br />(-28 for losing)\n|l|☆swiftift\n|player|p2|\n|l|☆Throt\n|player|p1|\n", "uploadtime": 1782448971, "views": 3, "formatid": "gen9ou", "rating": 1227, "private": 0, "password": null}