{"id": "gen9ou-2639247369", "format": "[Gen 9] OU", "players": ["hillbilly z", "PiggLad"], "log": "|j|☆hillbilly z\n|j|☆PiggLad\n|t:|1782440023\n|gametype|singles\n|player|p1|hillbilly z|265|1677\n|player|p2|PiggLad|grimsley-gen7|1742\n|gen|9\n|tier|[Gen 9] OU\n|rated|\n|rule|HP Percentage Mod: HP is shown in percentages\n|rule|Endless Battle Clause: Forcing endless battles is banned\n|rule|Species Clause: Limit one of each Pokémon\n|rule|OHKO Clause: OHKO moves are banned\n|rule|Evasion Items Clause: Evasion items are banned\n|rule|Evasion Moves Clause: Evasion moves are banned\n|rule|Evasion Abilities Clause: Evasion abilities are banned\n|rule|Sleep Moves Clause: Sleep-inducing moves are banned\n|clearpoke\n|poke|p1|Torkoal, F|\n|poke|p1|Scovillain, M|\n|poke|p1|Walking Wake|\n|poke|p1|Hatterene, F|\n|poke|p1|Great Tusk|\n|poke|p1|Ceruledge, F|\n|poke|p2|Tyranitar, M|\n|poke|p2|Hydrapple, M|\n|poke|p2|Enamorus, F|\n|poke|p2|Garganacl, F|\n|poke|p2|Excadrill, M|\n|poke|p2|Alomomola, F|\n|teampreview\n|j| Little CuackPiC\n|inactive|Battle timer is ON: inactive players will automatically lose when time's up. (requested by PiggLad)\n|\n|t:|1782440089\n|teamsize|p1|6\n|teamsize|p2|6\n|start\n|switch|p1a: Walking Wake|Walking Wake|100/100\n|switch|p2a: Jevils To This|Garganacl, F, shiny|100/100\n|turn|1\n|\n|t:|1782440104\n|-terastallize|p2a: Jevils To This|Fairy\n|move|p1a: Walking Wake|Hydro Steam|p2a: Jevils To This\n|-damage|p2a: Jevils To This|52/100\n|move|p2a: Jevils To This|Salt Cure|p1a: Walking Wake\n|-damage|p1a: Walking Wake|85/100\n|-start|p1a: Walking Wake|Salt Cure\n|\n|-heal|p2a: Jevils To This|58/100|[from] item: Leftovers\n|-damage|p1a: Walking Wake|61/100|[from] Salt Cure\n|upkeep\n|turn|2\n|\n|t:|1782440111\n|-terastallize|p1a: Walking Wake|Water\n|move|p1a: Walking Wake|Hydro Steam|p2a: Jevils To This\n|-damage|p2a: Jevils To This|0 fnt\n|faint|p2a: Jevils To This\n|\n|-damage|p1a: Walking Wake|36/100|[from] Salt Cure\n|upkeep\n|\n|t:|1782440117\n|switch|p2a: Larpin Diddy Foid|Enamorus, F|100/100\n|turn|3\n|\n|t:|1782440123\n|-end|p1a: Walking Wake|Protosynthesis|[silent]\n|switch|p1a: Hatterene|Hatterene, F|100/100\n|move|p2a: Larpin Diddy Foid|Moonblast|p1a: Hatterene\n|-damage|p1a: Hatterene|49/100\n|-enditem|p1a: Hatterene|Eject Button\n|\n|t:|1782440130\n|switch|p1a: Torkoal|Torkoal, F|100/100\n|-weather|SunnyDay|[from] ability: Drought|[of] p1a: Torkoal\n|\n|-weather|SunnyDay|[upkeep]\n|upkeep\n|turn|4\n|\n|t:|1782440138\n|switch|p2a: Alo Cortisol|Alomomola, F|100/100\n|move|p1a: Torkoal|Stealth Rock|p2a: Alo Cortisol\n|-sidestart|p2: PiggLad|move: Stealth Rock\n|\n|-weather|SunnyDay|[upkeep]\n|upkeep\n|turn|5\n|\n|t:|1782440143\n|switch|p1a: Walking Wake|Walking Wake, tera:Water|36/100\n|-activate|p1a: Walking Wake|ability: Protosynthesis\n|-start|p1a: Walking Wake|protosynthesisspa\n|move|p2a: Alo Cortisol|Flip Turn|p1a: Walking Wake\n|-resisted|p1a: Walking Wake\n|-damage|p1a: Walking Wake|32/100\n|\n|t:|1782440149\n|switch|p2a: Larpin Diddy Foid|Enamorus, F|100/100|[from] Flip Turn\n|-damage|p2a: Larpin Diddy Foid|76/100|[from] Stealth Rock\n|\n|-weather|SunnyDay|[upkeep]\n|upkeep\n|turn|6\n|\n|t:|1782440156\n|-end|p1a: Walking Wake|Protosynthesis|[silent]\n|switch|p1a: Scovillain|Scovillain, M|100/100\n|move|p2a: Larpin Diddy Foid|Earth Power|p1a: Scovillain\n|-damage|p1a: Scovillain|36/100\n|-unboost|p1a: Scovillain|spd|1\n|\n|-weather|SunnyDay|[upkeep]\n|upkeep\n|turn|7\n|\n|t:|1782440165\n|switch|p2a: WhoBEdginTheyStone|Tyranitar, M|100/100\n|-damage|p2a: WhoBEdginTheyStone|88/100|[from] Stealth Rock\n|-weather|Sandstorm|[from] ability: Sand Stream|[of] p2a: WhoBEdginTheyStone\n|move|p1a: Scovillain|Giga Drain|p2a: WhoBEdginTheyStone\n|-supereffective|p2a: WhoBEdginTheyStone\n|-damage|p2a: WhoBEdginTheyStone|26/100\n|-heal|p1a: Scovillain|75/100|[from] drain|[of] p2a: WhoBEdginTheyStone\n|-damage|p1a: Scovillain|65/100|[from] item: Life Orb\n|\n|-weather|Sandstorm|[upkeep]\n|-damage|p1a: Scovillain|59/100|[from] Sandstorm\n|upkeep\n|turn|8\n|\n|t:|1782440171\n|switch|p2a: Let The Goons Out|Hydrapple, M, shiny|100/100\n|-damage|p2a: Let The Goons Out|88/100|[from] Stealth Rock\n|move|p1a: Scovillain|Giga Drain|p2a: Let The Goons Out\n|-resisted|p2a: Let The Goons Out\n|-damage|p2a: Let The Goons Out|78/100\n|-heal|p1a: Scovillain|67/100|[from] drain|[of] p2a: Let The Goons Out\n|-damage|p1a: Scovillain|57/100|[from] item: Life Orb\n|\n|-weather|Sandstorm|[upkeep]\n|-damage|p1a: Scovillain|51/100|[from] Sandstorm\n|-damage|p2a: Let The Goons Out|72/100|[from] Sandstorm\n|upkeep\n|turn|9\n|\n|t:|1782440177\n|move|p1a: Scovillain|Overheat|p2a: Let The Goons Out\n|-damage|p2a: Let The Goons Out|0 fnt\n|-unboost|p1a: Scovillain|spa|2\n|faint|p2a: Let The Goons Out\n|-damage|p1a: Scovillain|41/100|[from] item: Life Orb\n|\n|-weather|Sandstorm|[upkeep]\n|-damage|p1a: Scovillain|36/100|[from] Sandstorm\n|upkeep\n|\n|t:|1782440179\n|switch|p2a: ExGon'SpinIntoYa|Excadrill, M|100/100\n|-damage|p2a: ExGon'SpinIntoYa|97/100|[from] Stealth Rock\n|turn|10\n|\n|t:|1782440185\n|move|p2a: ExGon'SpinIntoYa|Substitute|p2a: ExGon'SpinIntoYa\n|-start|p2a: ExGon'SpinIntoYa|Substitute\n|-damage|p2a: ExGon'SpinIntoYa|73/100\n|move|p1a: Scovillain|Overheat|p2a: ExGon'SpinIntoYa\n|-supereffective|p2a: ExGon'SpinIntoYa\n|-end|p2a: ExGon'SpinIntoYa|Substitute\n|-unboost|p1a: Scovillain|spa|2\n|-damage|p1a: Scovillain|26/100|[from] item: Life Orb\n|\n|-weather|Sandstorm|[upkeep]\n|-damage|p1a: Scovillain|20/100|[from] Sandstorm\n|-heal|p2a: ExGon'SpinIntoYa|79/100|[from] item: Leftovers\n|upkeep\n|turn|11\n|\n|t:|1782440188\n|move|p2a: ExGon'SpinIntoYa|Rapid Spin|p1a: Scovillain\n|-damage|p1a: Scovillain|0 fnt\n|-boost|p2a: ExGon'SpinIntoYa|spe|1\n|-sideend|p2: PiggLad|Stealth Rock|[from] move: Rapid Spin|[of] p2a: ExGon'SpinIntoYa\n|faint|p1a: Scovillain\n|\n|-weather|none\n|-heal|p2a: ExGon'SpinIntoYa|85/100|[from] item: Leftovers\n|upkeep\n|\n|t:|1782440191\n|switch|p1a: Don|Great Tusk|100/100\n|turn|12\n|\n|t:|1782440196\n|move|p2a: ExGon'SpinIntoYa|Substitute|p2a: ExGon'SpinIntoYa\n|-start|p2a: ExGon'SpinIntoYa|Substitute\n|-damage|p2a: ExGon'SpinIntoYa|60/100\n|move|p1a: Don|Rapid Spin|p2a: ExGon'SpinIntoYa\n|-resisted|p2a: ExGon'SpinIntoYa\n|-activate|p2a: ExGon'SpinIntoYa|move: Substitute|[damage]\n|-boost|p1a: Don|spe|1\n|\n|-heal|p2a: ExGon'SpinIntoYa|66/100|[from] item: Leftovers\n|upkeep\n|turn|13\n|\n|t:|1782440198\n|move|p2a: ExGon'SpinIntoYa|Earthquake|p1a: Don\n|-damage|p1a: Don|61/100\n|move|p1a: Don|Ice Spinner|p2a: ExGon'SpinIntoYa\n|-end|p2a: ExGon'SpinIntoYa|Substitute\n|\n|-heal|p2a: ExGon'SpinIntoYa|72/100|[from] item: Leftovers\n|upkeep\n|turn|14\n|\n|t:|1782440203\n|switch|p2a: Alo Cortisol|Alomomola, F|100/100\n|move|p1a: Don|Rapid Spin|p2a: Alo Cortisol\n|-damage|p2a: Alo Cortisol|90/100\n|-boost|p1a: Don|spe|1\n|\n|upkeep\n|turn|15\n|\n|t:|1782440207\n|-end|p1a: Don|Protosynthesis|[silent]\n|switch|p1a: Walking Wake|Walking Wake, tera:Water|32/100\n|move|p2a: Alo Cortisol|Flip Turn|p1a: Walking Wake\n|-resisted|p1a: Walking Wake\n|-damage|p1a: Walking Wake|23/100\n|\n|t:|1782440209\n|switch|p2a: Larpin Diddy Foid|Enamorus, F|76/100|[from] Flip Turn\n|\n|upkeep\n|turn|16\n|\n|t:|1782440217\n|-end|p1a: Walking Wake|Protosynthesis|[silent]\n|switch|p1a: Hatterene|Hatterene, F|49/100\n|move|p2a: Larpin Diddy Foid|Earth Power|p1a: Hatterene\n|-damage|p1a: Hatterene|15/100\n|-unboost|p1a: Hatterene|spd|1\n|\n|upkeep\n|turn|17\n|\n|t:|1782440219\n|move|p2a: Larpin Diddy Foid|Earth Power|p1a: Hatterene\n|-damage|p1a: Hatterene|0 fnt\n|faint|p1a: Hatterene\n|\n|upkeep\n|\n|t:|1782440224\n|switch|p1a: Torkoal|Torkoal, F|100/100\n|-weather|SunnyDay|[from] ability: Drought|[of] p1a: Torkoal\n|turn|18\n|\n|t:|1782440225\n|switch|p2a: WhoBEdginTheyStone|Tyranitar, M|26/100\n|-weather|Sandstorm|[from] ability: Sand Stream|[of] p2a: WhoBEdginTheyStone\n|move|p1a: Torkoal|Flamethrower|p2a: WhoBEdginTheyStone\n|-resisted|p2a: WhoBEdginTheyStone\n|-damage|p2a: WhoBEdginTheyStone|14/100\n|\n|-weather|Sandstorm|[upkeep]\n|-damage|p1a: Torkoal|94/100|[from] Sandstorm\n|upkeep\n|turn|19\n|\n|t:|1782440234\n|switch|p1a: Don|Great Tusk|61/100\n|move|p2a: WhoBEdginTheyStone|Ice Punch|p1a: Don\n|-supereffective|p1a: Don\n|-damage|p1a: Don|0 fnt\n|-damage|p2a: WhoBEdginTheyStone|0 fnt|[from] item: Rocky Helmet|[of] p1a: Don\n|faint|p1a: Don\n|-end|p1a: Don|Protosynthesis|[silent]\n|faint|p2a: WhoBEdginTheyStone\n|\n|-weather|Sandstorm|[upkeep]\n|upkeep\n|\n|t:|1782440248\n|switch|p1a: Torkoal|Torkoal, F|94/100\n|switch|p2a: Larpin Diddy Foid|Enamorus, F|76/100\n|-weather|SunnyDay|[from] ability: Drought|[of] p1a: Torkoal\n|turn|20\n|\n|t:|1782440251\n|move|p2a: Larpin Diddy Foid|Earth Power|p1a: Torkoal\n|-supereffective|p1a: Torkoal\n|-damage|p1a: Torkoal|12/100\n|move|p1a: Torkoal|Flamethrower|p2a: Larpin Diddy Foid\n|-crit|p2a: Larpin Diddy Foid\n|-damage|p2a: Larpin Diddy Foid|0 fnt\n|faint|p2a: Larpin Diddy Foid\n|\n|-weather|SunnyDay|[upkeep]\n|upkeep\n|\n|t:|1782440258\n|switch|p2a: Alo Cortisol|Alomomola, F|100/100\n|turn|21\n|\n|t:|1782440261\n|move|p2a: Alo Cortisol|Flip Turn|p1a: Torkoal\n|-supereffective|p1a: Torkoal\n|-damage|p1a: Torkoal|0 fnt\n|faint|p1a: Torkoal\n|\n|t:|1782440263\n|switch|p2a: ExGon'SpinIntoYa|Excadrill, M|72/100|[from] Flip Turn\n|\n|-weather|SunnyDay|[upkeep]\n|-heal|p2a: ExGon'SpinIntoYa|78/100|[from] item: Leftovers\n|upkeep\n|\n|t:|1782440272\n|switch|p1a: Walking Wake|Walking Wake, tera:Water|23/100\n|-activate|p1a: Walking Wake|ability: Protosynthesis\n|-start|p1a: Walking Wake|protosynthesisspa\n|turn|22\n|-message|PiggLad forfeited.\n|\n|win|hillbilly z\n|raw|hillbilly z's rating: 1677 &rarr; <strong>1701</strong><br />(+24 for winning)\n|raw|PiggLad's rating: 1742 &rarr; <strong>1718</strong><br />(-24 for losing)\n|l|☆PiggLad\n|player|p2|\n", "uploadtime": 1782440277, "views": 21, "formatid": "gen9ou", "rating": 1701, "private": 0, "password": null}