{"id": "gen9ou-2647719832", "format": "[Gen 9] OU", "players": ["Josefe007", "OUBotBeepBoop"], "log": "|j|☆Josefe007\n|j|☆OUBotBeepBoop\n|t:|1783801346\n|gametype|singles\n|player|p1|Josefe007|pokemonranger-gen4|1285\n|player|p2|OUBotBeepBoop|102|1217\n|gen|9\n|tier|[Gen 9] OU\n|rated|\n|rule|HP Percentage Mod: HP is shown in percentages\n|rule|Endless Battle Clause: Forcing endless battles is banned\n|rule|Species Clause: Limit one of each Pokémon\n|rule|OHKO Clause: OHKO moves are banned\n|rule|Evasion Items Clause: Evasion items are banned\n|rule|Evasion Moves Clause: Evasion moves are banned\n|rule|Evasion Abilities Clause: Evasion abilities are banned\n|rule|Sleep Moves Clause: Sleep-inducing moves are banned\n|clearpoke\n|poke|p1|Mew|\n|poke|p1|Dragonite, F|\n|poke|p1|Alomomola, M|\n|poke|p1|Glimmora, F|\n|poke|p1|Snorlax, F|\n|poke|p1|Kingdra, F|\n|poke|p2|Glimmora, M|\n|poke|p2|Great Tusk|\n|poke|p2|Kingambit, F|\n|poke|p2|Dragapult, M|\n|poke|p2|Clefable, M|\n|poke|p2|Corviknight, M|\n|teampreview\n|inactive|Battle timer is ON: inactive players will automatically lose when time's up. (requested by OUBotBeepBoop)\n|\n|t:|1783801354\n|teamsize|p1|6\n|teamsize|p2|6\n|start\n|switch|p1a: Mew|Mew|100/100\n|switch|p2a: Glimmora|Glimmora, M|100/100\n|turn|1\n|\n|t:|1783801360\n|move|p1a: Mew|Iron Defense|p1a: Mew\n|-boost|p1a: Mew|def|2\n|move|p2a: Glimmora|Stealth Rock|p1a: Mew\n|-sidestart|p1: Josefe007|move: Stealth Rock\n|\n|upkeep\n|turn|2\n|\n|t:|1783801366\n|switch|p2a: Dragapult|Dragapult, M|100/100\n|move|p1a: Mew|Iron Defense|p1a: Mew\n|-boost|p1a: Mew|def|2\n|\n|upkeep\n|turn|3\n|\n|t:|1783801370\n|-terastallize|p1a: Mew|Normal\n|move|p2a: Dragapult|Shadow Ball|p1a: Mew\n|-immune|p1a: Mew\n|move|p1a: Mew|Stored Power|p2a: Dragapult\n|-damage|p2a: Dragapult|49/100\n|\n|upkeep\n|turn|4\n|\n|t:|1783801383\n|switch|p2a: Kingambit|Kingambit, F|100/100\n|move|p1a: Mew|Iron Defense|p1a: Mew\n|-boost|p1a: Mew|def|2\n|\n|upkeep\n|turn|5\n|\n|t:|1783801386\n|move|p1a: Mew|Body Press|p2a: Kingambit\n|-supereffective|p2a: Kingambit\n|-damage|p2a: Kingambit|0 fnt\n|faint|p2a: Kingambit\n|-end|p2a: Kingambit|fallenundefined|[silent]\n|\n|upkeep\n|\n|t:|1783801387\n|switch|p2a: Clefable|Clefable, M|100/100\n|turn|6\n|\n|t:|1783801391\n|move|p1a: Mew|Body Press|p2a: Clefable\n|-resisted|p2a: Clefable\n|-damage|p2a: Clefable|94/100\n|move|p2a: Clefable|Moonblast|p1a: Mew\n|-damage|p1a: Mew|76/100\n|\n|-heal|p1a: Mew|82/100|[from] item: Leftovers\n|-heal|p2a: Clefable|99/100|[from] item: Leftovers\n|upkeep\n|turn|7\n|\n|t:|1783801402\n|move|p1a: Mew|Stored Power|p2a: Clefable\n|-damage|p2a: Clefable|52/100\n|move|p2a: Clefable|Moonblast|p1a: Mew\n|-damage|p1a: Mew|55/100\n|\n|-heal|p1a: Mew|61/100|[from] item: Leftovers\n|-heal|p2a: Clefable|58/100|[from] item: Leftovers\n|upkeep\n|turn|8\n|\n|t:|1783801406\n|move|p1a: Mew|Stored Power|p2a: Clefable\n|-damage|p2a: Clefable|9/100\n|move|p2a: Clefable|Wish|p2a: Clefable\n|\n|-heal|p1a: Mew|68/100|[from] item: Leftovers\n|-heal|p2a: Clefable|15/100|[from] item: Leftovers\n|upkeep\n|turn|9\n|\n|t:|1783801408\n|switch|p2a: Corviknight|Corviknight, M|100/100\n|-ability|p2a: Corviknight|Pressure\n|move|p1a: Mew|Stored Power|p2a: Corviknight\n|-resisted|p2a: Corviknight\n|-damage|p2a: Corviknight|76/100\n|\n|-heal|p2a: Corviknight|100/100|[from] move: Wish|[wisher] Clefable\n|-heal|p1a: Mew|74/100|[from] item: Leftovers\n|upkeep\n|turn|10\n|\n|t:|1783801413\n|move|p1a: Mew|Body Press|p2a: Corviknight\n|-damage|p2a: Corviknight|55/100\n|move|p2a: Corviknight|Body Press|p1a: Mew\n|-supereffective|p1a: Mew\n|-damage|p1a: Mew|63/100\n|\n|-heal|p1a: Mew|69/100|[from] item: Leftovers\n|-heal|p2a: Corviknight|61/100|[from] item: Leftovers\n|upkeep\n|turn|11\n|\n|t:|1783801416\n|move|p1a: Mew|Body Press|p2a: Corviknight\n|-damage|p2a: Corviknight|21/100\n|move|p2a: Corviknight|Roost|p2a: Corviknight\n|-heal|p2a: Corviknight|71/100\n|-singleturn|p2a: Corviknight|move: Roost\n|\n|-heal|p1a: Mew|75/100|[from] item: Leftovers\n|-heal|p2a: Corviknight|78/100|[from] item: Leftovers\n|upkeep\n|turn|12\n|\n|t:|1783801419\n|move|p1a: Mew|Body Press|p2a: Corviknight\n|-damage|p2a: Corviknight|35/100\n|move|p2a: Corviknight|Body Press|p1a: Mew\n|-supereffective|p1a: Mew\n|-damage|p1a: Mew|64/100\n|\n|-heal|p1a: Mew|71/100|[from] item: Leftovers\n|-heal|p2a: Corviknight|41/100|[from] item: Leftovers\n|upkeep\n|turn|13\n|\n|t:|1783801423\n|move|p1a: Mew|Body Press|p2a: Corviknight\n|-damage|p2a: Corviknight|0 fnt\n|faint|p2a: Corviknight\n|\n|-heal|p1a: Mew|77/100|[from] item: Leftovers\n|upkeep\n|\n|t:|1783801423\n|switch|p2a: Glimmora|Glimmora, M|100/100\n|turn|14\n|\n|t:|1783801427\n|move|p1a: Mew|Stored Power|p2a: Glimmora\n|-supereffective|p2a: Glimmora\n|-enditem|p2a: Glimmora|Focus Sash\n|-damage|p2a: Glimmora|1/100\n|move|p2a: Glimmora|Power Gem|p1a: Mew\n|-damage|p1a: Mew|42/100\n|\n|-heal|p1a: Mew|48/100|[from] item: Leftovers\n|upkeep\n|turn|15\n|\n|t:|1783801430\n|switch|p2a: Dragapult|Dragapult, M|49/100\n|move|p1a: Mew|Stored Power|p2a: Dragapult\n|-damage|p2a: Dragapult|0 fnt\n|faint|p2a: Dragapult\n|\n|-heal|p1a: Mew|54/100|[from] item: Leftovers\n|upkeep\n|\n|t:|1783801430\n|switch|p2a: Glimmora|Glimmora, M|1/100\n|turn|16\n|\n|t:|1783801433\n|-terastallize|p2a: Glimmora|Grass\n|move|p1a: Mew|Stored Power|p2a: Glimmora\n|-damage|p2a: Glimmora|0 fnt\n|faint|p2a: Glimmora\n|\n|-heal|p1a: Mew|60/100|[from] item: Leftovers\n|upkeep\n|\n|t:|1783801434\n|switch|p2a: Clefable|Clefable, M|15/100\n|turn|17\n|\n|t:|1783801437\n|move|p1a: Mew|Stored Power|p2a: Clefable\n|-damage|p2a: Clefable|0 fnt\n|faint|p2a: Clefable\n|\n|-heal|p1a: Mew|66/100|[from] item: Leftovers\n|upkeep\n|\n|t:|1783801437\n|switch|p2a: Great Tusk|Great Tusk|100/100\n|turn|18\n|\n|t:|1783801441\n|move|p1a: Mew|Stored Power|p2a: Great Tusk\n|-supereffective|p2a: Great Tusk\n|-damage|p2a: Great Tusk|0 fnt\n|faint|p2a: Great Tusk\n|-end|p2a: Great Tusk|Protosynthesis|[silent]\n|\n|win|Josefe007\n|raw|Josefe007's rating: 1285 &rarr; <strong>1301</strong><br />(+16 for winning)\n|raw|OUBotBeepBoop's rating: 1150 &rarr; <strong>1134</strong><br />(-16 for losing)\n|l|☆OUBotBeepBoop\n|player|p2|\n|l|☆Josefe007\n|player|p1|\n", "uploadtime": 1783801817, "views": 5, "formatid": "gen9ou", "rating": 1134, "private": 0, "password": null}