{"id": "gen9ou-2647685322", "format": "[Gen 9] OU", "players": ["Mandandu", "icylikedecember"], "log": "|j|☆Mandandu\n|j|☆icylikedecember\n|t:|1783796068\n|gametype|singles\n|player|p1|Mandandu|101|1638\n|player|p2|icylikedecember|smasher|1698\n|gen|9\n|tier|[Gen 9] OU\n|rated|\n|rule|HP Percentage Mod: HP is shown in percentages\n|rule|Endless Battle Clause: Forcing endless battles is banned\n|rule|Species Clause: Limit one of each Pokémon\n|rule|OHKO Clause: OHKO moves are banned\n|rule|Evasion Items Clause: Evasion items are banned\n|rule|Evasion Moves Clause: Evasion moves are banned\n|rule|Evasion Abilities Clause: Evasion abilities are banned\n|rule|Sleep Moves Clause: Sleep-inducing moves are banned\n|clearpoke\n|poke|p1|Walking Wake|\n|poke|p1|Great Tusk|\n|poke|p1|Ninetales, M|\n|poke|p1|Cresselia, F|\n|poke|p1|Zarude|\n|poke|p1|Ceruledge, M|\n|poke|p2|Corviknight, F|\n|poke|p2|Slowking-Galar, M|\n|poke|p2|Darkrai|\n|poke|p2|Kyurem|\n|poke|p2|Zamazenta-*|\n|poke|p2|Crawdaunt, M|\n|teampreview\n|inactive|Battle timer is ON: inactive players will automatically lose when time's up. (requested by Mandandu)\n|\n|t:|1783796083\n|teamsize|p1|6\n|teamsize|p2|6\n|start\n|switch|p1a: Ninetales|Ninetales, M|100/100\n|switch|p2a: Kyurem|Kyurem|100/100\n|-weather|SunnyDay|[from] ability: Drought|[of] p1a: Ninetales\n|-ability|p2a: Kyurem|Pressure\n|turn|1\n|\n|t:|1783796099\n|switch|p1a: Cresselia|Cresselia, F|100/100\n|move|p2a: Kyurem|Earth Power|p1a: Cresselia\n|-immune|p1a: Cresselia|[from] ability: Levitate\n|\n|-weather|SunnyDay|[upkeep]\n|upkeep\n|turn|2\n|\n|t:|1783796107\n|switch|p2a: Slowking|Slowking-Galar, M, shiny|100/100\n|move|p1a: Cresselia|Thunder Wave|p2a: Slowking\n|-status|p2a: Slowking|par\n|\n|-weather|SunnyDay|[upkeep]\n|upkeep\n|turn|3\n|\n|t:|1783796123\n|switch|p1a: Zarude|Zarude|100/100\n|cant|p2a: Slowking|par\n|\n|-weather|SunnyDay|[upkeep]\n|upkeep\n|turn|4\n|\n|t:|1783796130\n|switch|p2a: Corviknight|Corviknight, F, shiny|100/100\n|-ability|p2a: Corviknight|Pressure\n|move|p1a: Zarude|Knock Off|p2a: Corviknight\n|-damage|p2a: Corviknight|70/100\n|-damage|p1a: Zarude|84/100|[from] item: Rocky Helmet|[of] p2a: Corviknight\n|-enditem|p2a: Corviknight|Rocky Helmet|[from] move: Knock Off|[of] p1a: Zarude\n|\n|-weather|SunnyDay|[upkeep]\n|-heal|p1a: Zarude|90/100|[from] item: Leftovers\n|upkeep\n|turn|5\n|\n|t:|1783796144\n|switch|p1a: Cresselia|Cresselia, F|100/100\n|move|p2a: Corviknight|U-turn|p1a: Cresselia\n|-supereffective|p1a: Cresselia\n|-damage|p1a: Cresselia|83/100\n|-enditem|p1a: Cresselia|Eject Button\n|\n|t:|1783796150\n|switch|p1a: Ceruledge|Ceruledge, M|100/100\n|\n|-weather|SunnyDay|[upkeep]\n|upkeep\n|turn|6\n|\n|t:|1783796158\n|move|p1a: Ceruledge|Swords Dance|p1a: Ceruledge\n|-boost|p1a: Ceruledge|atk|2\n|move|p2a: Corviknight|U-turn|p1a: Ceruledge\n|-resisted|p1a: Ceruledge\n|-damage|p1a: Ceruledge|96/100\n|-ability|p1a: Ceruledge|Weak Armor|boost\n|-unboost|p1a: Ceruledge|def|1\n|-boost|p1a: Ceruledge|spe|2\n|\n|t:|1783796167\n|switch|p2a: Zamazenta|Zamazenta|100/100|[from] U-turn\n|-ability|p2a: Zamazenta|Dauntless Shield|boost\n|-boost|p2a: Zamazenta|def|1\n|\n|-weather|SunnyDay|[upkeep]\n|upkeep\n|turn|7\n|\n|t:|1783796175\n|-terastallize|p2a: Zamazenta|Fire\n|move|p1a: Ceruledge|Poltergeist|p2a: Zamazenta\n|-activate|p2a: Zamazenta|move: Poltergeist|Leftovers\n|-damage|p2a: Zamazenta|43/100\n|move|p2a: Zamazenta|Crunch|p1a: Ceruledge\n|-supereffective|p1a: Ceruledge\n|-damage|p1a: Ceruledge|11/100\n|-unboost|p1a: Ceruledge|def|1\n|-ability|p1a: Ceruledge|Weak Armor|boost\n|-unboost|p1a: Ceruledge|def|1\n|-boost|p1a: Ceruledge|spe|2\n|\n|-weather|SunnyDay|[upkeep]\n|-heal|p2a: Zamazenta|49/100|[from] item: Leftovers\n|upkeep\n|turn|8\n|\n|t:|1783796188\n|move|p1a: Ceruledge|Poltergeist|p2a: Zamazenta|[miss]\n|-miss|p1a: Ceruledge|p2a: Zamazenta\n|move|p2a: Zamazenta|Crunch|p1a: Ceruledge\n|-supereffective|p1a: Ceruledge\n|-damage|p1a: Ceruledge|0 fnt\n|faint|p1a: Ceruledge\n|\n|-weather|none\n|-heal|p2a: Zamazenta|56/100|[from] item: Leftovers\n|upkeep\n|\n|t:|1783796201\n|switch|p1a: Ninetales|Ninetales, M|100/100\n|-weather|SunnyDay|[from] ability: Drought|[of] p1a: Ninetales\n|turn|9\n|\n|t:|1783796210\n|switch|p1a: Cresselia|Cresselia, F|83/100\n|move|p2a: Zamazenta|Body Press|p1a: Cresselia\n|-resisted|p1a: Cresselia\n|-damage|p1a: Cresselia|66/100\n|\n|-weather|SunnyDay|[upkeep]\n|-heal|p2a: Zamazenta|62/100|[from] item: Leftovers\n|upkeep\n|turn|10\n|\n|t:|1783796224\n|switch|p2a: Corviknight|Corviknight, F, shiny|70/100\n|-ability|p2a: Corviknight|Pressure\n|move|p1a: Cresselia|Thunder Wave|p2a: Corviknight\n|-status|p2a: Corviknight|par\n|\n|-weather|SunnyDay|[upkeep]\n|upkeep\n|turn|11\n|\n|t:|1783796230\n|switch|p1a: Walking Wake|Walking Wake|100/100\n|-activate|p1a: Walking Wake|ability: Protosynthesis\n|-start|p1a: Walking Wake|protosynthesisspe\n|cant|p2a: Corviknight|par\n|\n|-weather|SunnyDay|[upkeep]\n|upkeep\n|turn|12\n|j| lowladderubersnoob\n|\n|t:|1783796239\n|move|p1a: Walking Wake|Hydro Steam|p2a: Corviknight\n|-damage|p2a: Corviknight|0 fnt\n|faint|p2a: Corviknight\n|\n|-weather|SunnyDay|[upkeep]\n|upkeep\n|l| lowladderubersnoob\n|\n|t:|1783796244\n|switch|p2a: Kyurem|Kyurem|100/100\n|-ability|p2a: Kyurem|Pressure\n|turn|13\n|\n|t:|1783796254\n|-end|p1a: Walking Wake|Protosynthesis|[silent]\n|switch|p1a: Cresselia|Cresselia, F|66/100\n|move|p2a: Kyurem|Ice Beam|p1a: Cresselia\n|-crit|p1a: Cresselia\n|-damage|p1a: Cresselia|6/100\n|\n|-weather|SunnyDay|[upkeep]\n|upkeep\n|turn|14\n|\n|t:|1783796261\n|move|p2a: Kyurem|Ice Beam|p1a: Cresselia\n|-damage|p1a: Cresselia|0 fnt\n|faint|p1a: Cresselia\n|\n|-weather|SunnyDay|[upkeep]\n|upkeep\n|\n|t:|1783796264\n|switch|p1a: Walking Wake|Walking Wake|100/100\n|-activate|p1a: Walking Wake|ability: Protosynthesis\n|-start|p1a: Walking Wake|protosynthesisspe\n|turn|15\n|\n|t:|1783796273\n|switch|p2a: Slowking|Slowking-Galar, M, shiny|100/100 par\n|move|p1a: Walking Wake|Draco Meteor|p2a: Slowking\n|-damage|p2a: Slowking|48/100 par\n|-unboost|p1a: Walking Wake|spa|2\n|\n|-weather|SunnyDay|[upkeep]\n|upkeep\n|turn|16\n|\n|t:|1783796281\n|-end|p1a: Walking Wake|Protosynthesis|[silent]\n|switch|p1a: Zarude|Zarude|90/100\n|move|p2a: Slowking|Ice Beam|p1a: Zarude\n|-supereffective|p1a: Zarude\n|-damage|p1a: Zarude|30/100\n|\n|-weather|none\n|-heal|p1a: Zarude|36/100|[from] item: Leftovers\n|upkeep\n|turn|17\n|\n|t:|1783796292\n|switch|p2a: Zamazenta|Zamazenta, tera:Fire|62/100\n|move|p1a: Zarude|Synthesis|p1a: Zarude\n|-heal|p1a: Zarude|86/100\n|\n|-heal|p2a: Zamazenta|68/100|[from] item: Leftovers\n|-heal|p1a: Zarude|92/100|[from] item: Leftovers\n|upkeep\n|turn|18\n|\n|t:|1783796304\n|switch|p1a: Great Tusk|Great Tusk|100/100\n|move|p2a: Zamazenta|Iron Defense|p2a: Zamazenta\n|-boost|p2a: Zamazenta|def|2\n|\n|-heal|p2a: Zamazenta|74/100|[from] item: Leftovers\n|upkeep\n|turn|19\n|\n|t:|1783796309\n|move|p2a: Zamazenta|Body Press|p1a: Great Tusk\n|-damage|p1a: Great Tusk|50/100\n|move|p1a: Great Tusk|Headlong Rush|p2a: Zamazenta\n|-supereffective|p2a: Zamazenta\n|-damage|p2a: Zamazenta|25/100\n|-unboost|p1a: Great Tusk|def|1\n|-unboost|p1a: Great Tusk|spd|1\n|\n|-heal|p2a: Zamazenta|31/100|[from] item: Leftovers\n|upkeep\n|turn|20\n|\n|t:|1783796320\n|-end|p1a: Great Tusk|Protosynthesis|[silent]\n|switch|p1a: Ninetales|Ninetales, M|100/100\n|-weather|SunnyDay|[from] ability: Drought|[of] p1a: Ninetales\n|move|p2a: Zamazenta|Body Press|p1a: Ninetales\n|-damage|p1a: Ninetales|6/100\n|\n|-weather|SunnyDay|[upkeep]\n|-heal|p2a: Zamazenta|37/100|[from] item: Leftovers\n|upkeep\n|turn|21\n|\n|t:|1783796328\n|move|p2a: Zamazenta|Body Press|p1a: Ninetales\n|-damage|p1a: Ninetales|0 fnt\n|faint|p1a: Ninetales\n|\n|-weather|SunnyDay|[upkeep]\n|-heal|p2a: Zamazenta|43/100|[from] item: Leftovers\n|upkeep\n|\n|t:|1783796330\n|switch|p1a: Walking Wake|Walking Wake|100/100\n|-activate|p1a: Walking Wake|ability: Protosynthesis\n|-start|p1a: Walking Wake|protosynthesisspe\n|turn|22\n|\n|t:|1783796337\n|-terastallize|p1a: Walking Wake|Water\n|move|p1a: Walking Wake|Hydro Steam|p2a: Zamazenta\n|-supereffective|p2a: Zamazenta\n|-damage|p2a: Zamazenta|0 fnt\n|faint|p2a: Zamazenta\n|\n|-weather|SunnyDay|[upkeep]\n|upkeep\n|\n|t:|1783796344\n|switch|p2a: Kyurem|Kyurem|100/100\n|-ability|p2a: Kyurem|Pressure\n|turn|23\n|\n|t:|1783796349\n|move|p1a: Walking Wake|Hydro Steam|p2a: Kyurem\n|-resisted|p2a: Kyurem\n|-damage|p2a: Kyurem|40/100\n|move|p2a: Kyurem|Freeze-Dry|p1a: Walking Wake\n|-supereffective|p1a: Walking Wake\n|-damage|p1a: Walking Wake|0 fnt\n|faint|p1a: Walking Wake\n|-end|p1a: Walking Wake|Protosynthesis|[silent]\n|\n|-weather|SunnyDay|[upkeep]\n|upkeep\n|\n|t:|1783796365\n|switch|p1a: Zarude|Zarude|92/100\n|turn|24\n|\n|t:|1783796372\n|move|p1a: Zarude|Knock Off|p2a: Kyurem\n|-damage|p2a: Kyurem|0 fnt\n|-enditem|p2a: Kyurem|Choice Specs|[from] move: Knock Off|[of] p1a: Zarude\n|faint|p2a: Kyurem\n|\n|-weather|SunnyDay|[upkeep]\n|-heal|p1a: Zarude|98/100|[from] item: Leftovers\n|upkeep\n|\n|t:|1783796395\n|switch|p2a: Slowking|Slowking-Galar, M, shiny|82/100 par\n|turn|25\n|\n|t:|1783796401\n|move|p1a: Zarude|Knock Off|p2a: Slowking\n|-supereffective|p2a: Slowking\n|-damage|p2a: Slowking|0 fnt\n|-enditem|p2a: Slowking|Assault Vest|[from] move: Knock Off|[of] p1a: Zarude\n|faint|p2a: Slowking\n|\n|-weather|SunnyDay|[upkeep]\n|-heal|p1a: Zarude|100/100|[from] item: Leftovers\n|upkeep\n|\n|t:|1783796405\n|switch|p2a: Darkrai|Darkrai|100/100\n|turn|26\n|\n|t:|1783796411\n|move|p2a: Darkrai|Focus Blast|p1a: Zarude\n|-supereffective|p1a: Zarude\n|-damage|p1a: Zarude|7/100\n|move|p1a: Zarude|Power Whip|p2a: Darkrai|[miss]\n|-miss|p1a: Zarude|p2a: Darkrai\n|\n|-weather|SunnyDay|[upkeep]\n|-heal|p1a: Zarude|13/100|[from] item: Leftovers\n|upkeep\n|turn|27\n|\n|t:|1783796418\n|move|p2a: Darkrai|Ice Beam|p1a: Zarude\n|-supereffective|p1a: Zarude\n|-damage|p1a: Zarude|0 fnt\n|faint|p1a: Zarude\n|\n|-weather|none\n|upkeep\n|-message|Mandandu forfeited.\n|\n|win|icylikedecember\n|raw|Mandandu's rating: 1638 &rarr; <strong>1621</strong><br />(-17 for losing)\n|raw|icylikedecember's rating: 1698 &rarr; <strong>1715</strong><br />(+17 for winning)\n|l|☆Mandandu\n|player|p1|\n|l|☆icylikedecember\n|player|p2|\n", "uploadtime": 1783796660, "views": 18, "formatid": "gen9ou", "rating": 1621, "private": 0, "password": null}