{"id": "gen9ou-2647710507", "format": "[Gen 9] OU", "players": ["hat_fm", "gelatoasdf"], "log": "|j|☆hat_fm\n|j|☆gelatoasdf\n|t:|1783799936\n|gametype|singles\n|player|p1|hat_fm|pilot|1233\n|player|p2|gelatoasdf|265|1268\n|gen|9\n|tier|[Gen 9] OU\n|rated|\n|rule|HP Percentage Mod: HP is shown in percentages\n|rule|Endless Battle Clause: Forcing endless battles is banned\n|rule|Species Clause: Limit one of each Pokémon\n|rule|OHKO Clause: OHKO moves are banned\n|rule|Evasion Items Clause: Evasion items are banned\n|rule|Evasion Moves Clause: Evasion moves are banned\n|rule|Evasion Abilities Clause: Evasion abilities are banned\n|rule|Sleep Moves Clause: Sleep-inducing moves are banned\n|clearpoke\n|poke|p1|Zamazenta-*|\n|poke|p1|Darkrai|\n|poke|p1|Alomomola, F|\n|poke|p1|Cinderace, F|\n|poke|p1|Ninetales-Alola, M|\n|poke|p1|Skeledirge, M|\n|poke|p2|Tinkaton, F|\n|poke|p2|Lapras, M|\n|poke|p2|Pelipper, M|\n|poke|p2|Zapdos|\n|poke|p2|Barraskewda, M|\n|poke|p2|Pecharunt|\n|teampreview\n|\n|t:|1783799943\n|teamsize|p1|6\n|teamsize|p2|6\n|start\n|switch|p1a: Alomomola|Alomomola, F|100/100\n|switch|p2a: Pelipper|Pelipper, M|100/100\n|-weather|RainDance|[from] ability: Drizzle|[of] p2a: Pelipper\n|turn|1\n|\n|t:|1783799946\n|move|p1a: Alomomola|Flip Turn|p2a: Pelipper\n|-resisted|p2a: Pelipper\n|-damage|p2a: Pelipper|91/100\n|\n|t:|1783799950\n|switch|p1a: Ninetales|Ninetales-Alola, M|100/100|[from] Flip Turn\n|-weather|Snowscape|[from] ability: Snow Warning|[of] p1a: Ninetales\n|move|p2a: Pelipper|Knock Off|p1a: Ninetales\n|-resisted|p1a: Ninetales\n|-damage|p1a: Ninetales|95/100\n|-enditem|p1a: Ninetales|Light Clay|[from] move: Knock Off|[of] p2a: Pelipper\n|\n|-weather|Snowscape|[upkeep]\n|upkeep\n|turn|2\n|\n|t:|1783799959\n|switch|p2a: Tinkaton|Tinkaton, F|100/100\n|-ability|p2a: Tinkaton|Mold Breaker\n|-item|p2a: Tinkaton|Air Balloon\n|move|p1a: Ninetales|Aurora Veil|p1a: Ninetales\n|-sidestart|p1: hat_fm|move: Aurora Veil\n|\n|-weather|Snowscape|[upkeep]\n|upkeep\n|turn|3\n|\n|t:|1783799962\n|switch|p1a: Alomomola|Alomomola, F|100/100\n|move|p2a: Tinkaton|Stealth Rock|p1a: Alomomola\n|-sidestart|p1: hat_fm|move: Stealth Rock\n|\n|-weather|Snowscape|[upkeep]\n|upkeep\n|turn|4\n|\n|t:|1783799965\n|move|p2a: Tinkaton|Thunder Wave|p1a: Alomomola\n|-status|p1a: Alomomola|par\n|move|p1a: Alomomola|Body Slam|p2a: Tinkaton\n|-resisted|p2a: Tinkaton\n|-damage|p2a: Tinkaton|92/100\n|-enditem|p2a: Tinkaton|Air Balloon\n|\n|-weather|Snowscape|[upkeep]\n|upkeep\n|turn|5\n|\n|t:|1783799972\n|switch|p2a: Pecharunt|Pecharunt|100/100\n|move|p1a: Alomomola|Body Slam|p2a: Pecharunt\n|-immune|p2a: Pecharunt\n|\n|-weather|none\n|upkeep\n|turn|6\n|\n|t:|1783799978\n|move|p2a: Pecharunt|Malignant Chain|p1a: Alomomola\n|-damage|p1a: Alomomola|81/100 par\n|move|p1a: Alomomola|Flip Turn|p2a: Pecharunt\n|-damage|p2a: Pecharunt|92/100\n|\n|t:|1783799987\n|switch|p1a: Skeledirge|Skeledirge, M|100/100|[from] Flip Turn\n|\n|-sideend|p1: hat_fm|move: Aurora Veil\n|upkeep\n|turn|7\n|\n|t:|1783799993\n|switch|p2a: Pelipper|Pelipper, M|91/100\n|-weather|RainDance|[from] ability: Drizzle|[of] p2a: Pelipper\n|move|p1a: Skeledirge|Will-O-Wisp|p2a: Pelipper\n|-status|p2a: Pelipper|brn\n|\n|-weather|RainDance|[upkeep]\n|-damage|p2a: Pelipper|85/100 brn|[from] brn\n|upkeep\n|turn|8\n|\n|t:|1783800001\n|move|p1a: Skeledirge|Hex|p2a: Pelipper\n|-damage|p2a: Pelipper|15/100 brn\n|move|p2a: Pelipper|U-turn|p1a: Skeledirge\n|-resisted|p1a: Skeledirge\n|-damage|p1a: Skeledirge|99/100\n|\n|t:|1783800004\n|switch|p2a: Barraskewda|Barraskewda, M|100/100|[from] U-turn\n|\n|-weather|RainDance|[upkeep]\n|upkeep\n|turn|9\n|\n|t:|1783800011\n|switch|p1a: Alomomola|Alomomola, F|100/100 par\n|-damage|p1a: Alomomola|88/100 par|[from] Stealth Rock\n|move|p2a: Barraskewda|Flip Turn|p1a: Alomomola\n|-resisted|p1a: Alomomola\n|-damage|p1a: Alomomola|68/100 par\n|-damage|p2a: Barraskewda|84/100|[from] item: Rocky Helmet|[of] p1a: Alomomola\n|\n|t:|1783800015\n|switch|p2a: Zapdos|Zapdos|100/100|[from] Flip Turn\n|\n|-weather|RainDance|[upkeep]\n|upkeep\n|turn|10\n|\n|t:|1783800022\n|-terastallize|p1a: Alomomola|Ground\n|move|p2a: Zapdos|Thunder|p1a: Alomomola\n|-immune|p1a: Alomomola\n|cant|p1a: Alomomola|par\n|\n|-weather|RainDance|[upkeep]\n|upkeep\n|turn|11\n|\n|t:|1783800029\n|switch|p2a: Barraskewda|Barraskewda, M|84/100\n|cant|p1a: Alomomola|par\n|\n|-weather|RainDance|[upkeep]\n|upkeep\n|turn|12\n|\n|t:|1783800043\n|move|p1a: Alomomola|Protect|p1a: Alomomola\n|-singleturn|p1a: Alomomola|Protect\n|move|p2a: Barraskewda|Liquidation|p1a: Alomomola\n|-activate|p1a: Alomomola|move: Protect\n|\n|-weather|RainDance|[upkeep]\n|upkeep\n|turn|13\n|\n|t:|1783800048\n|move|p2a: Barraskewda|Liquidation|p1a: Alomomola\n|-supereffective|p1a: Alomomola\n|-damage|p1a: Alomomola|0 fnt\n|-damage|p2a: Barraskewda|68/100|[from] item: Rocky Helmet|[of] p1a: Alomomola\n|faint|p1a: Alomomola\n|\n|-weather|RainDance|[upkeep]\n|upkeep\n|\n|t:|1783800052\n|switch|p1a: Ninetales|Ninetales-Alola, M|95/100\n|-damage|p1a: Ninetales|70/100|[from] Stealth Rock\n|-weather|Snowscape|[from] ability: Snow Warning|[of] p1a: Ninetales\n|turn|14\n|\n|t:|1783800063\n|switch|p2a: Tinkaton|Tinkaton, F|92/100\n|-ability|p2a: Tinkaton|Mold Breaker\n|move|p1a: Ninetales|Freeze-Dry|p2a: Tinkaton\n|-resisted|p2a: Tinkaton\n|-damage|p2a: Tinkaton|84/100\n|\n|-weather|Snowscape|[upkeep]\n|upkeep\n|turn|15\n|\n|t:|1783800070\n|switch|p1a: Skeledirge|Skeledirge, M|99/100\n|move|p2a: Tinkaton|Gigaton Hammer|p1a: Skeledirge\n|-resisted|p1a: Skeledirge\n|-damage|p1a: Skeledirge|80/100\n|\n|-weather|Snowscape|[upkeep]\n|upkeep\n|turn|16\n|\n|t:|1783800074\n|move|p2a: Tinkaton|Thunder Wave|p1a: Skeledirge\n|-status|p1a: Skeledirge|par\n|move|p1a: Skeledirge|Will-O-Wisp|p2a: Tinkaton\n|-status|p2a: Tinkaton|brn\n|\n|-weather|Snowscape|[upkeep]\n|-damage|p2a: Tinkaton|78/100 brn|[from] brn\n|upkeep\n|turn|17\n|\n|t:|1783800087\n|move|p2a: Tinkaton|Encore|p1a: Skeledirge\n|-start|p1a: Skeledirge|Encore\n|cant|p1a: Skeledirge|par\n|\n|-weather|Snowscape|[upkeep]\n|-damage|p2a: Tinkaton|72/100 brn|[from] brn\n|upkeep\n|turn|18\n|\n|t:|1783800095\n|switch|p2a: Pelipper|Pelipper, M|15/100 brn\n|-weather|RainDance|[from] ability: Drizzle|[of] p2a: Pelipper\n|move|p1a: Skeledirge|Will-O-Wisp|p2a: Pelipper|[miss]\n|-miss|p1a: Skeledirge|p2a: Pelipper\n|\n|-weather|RainDance|[upkeep]\n|-damage|p2a: Pelipper|9/100 brn|[from] brn\n|upkeep\n|turn|19\n|\n|t:|1783800108\n|switch|p2a: Pecharunt|Pecharunt|92/100\n|cant|p1a: Skeledirge|par\n|\n|-weather|RainDance|[upkeep]\n|-end|p1a: Skeledirge|Encore\n|upkeep\n|turn|20\n|\n|t:|1783800115\n|move|p2a: Pecharunt|Shadow Ball|p1a: Skeledirge\n|-supereffective|p1a: Skeledirge\n|-damage|p1a: Skeledirge|47/100 par\n|cant|p1a: Skeledirge|par\n|\n|-weather|RainDance|[upkeep]\n|upkeep\n|turn|21\n|\n|t:|1783800124\n|move|p2a: Pecharunt|Shadow Ball|p1a: Skeledirge\n|-supereffective|p1a: Skeledirge\n|-damage|p1a: Skeledirge|8/100 par\n|-unboost|p1a: Skeledirge|spd|1\n|move|p1a: Skeledirge|Slack Off|p1a: Skeledirge\n|-heal|p1a: Skeledirge|58/100 par\n|\n|-weather|RainDance|[upkeep]\n|upkeep\n|turn|22\n|\n|t:|1783800135\n|move|p2a: Pecharunt|Shadow Ball|p1a: Skeledirge\n|-supereffective|p1a: Skeledirge\n|-damage|p1a: Skeledirge|4/100 par\n|cant|p1a: Skeledirge|par\n|\n|-weather|RainDance|[upkeep]\n|upkeep\n|turn|23\n|\n|t:|1783800161\n|switch|p1a: Darkrai|Darkrai|100/100\n|-damage|p1a: Darkrai|88/100|[from] Stealth Rock\n|move|p2a: Pecharunt|Shadow Ball|p1a: Darkrai\n|-resisted|p1a: Darkrai\n|-damage|p1a: Darkrai|73/100\n|\n|-weather|RainDance|[upkeep]\n|upkeep\n|turn|24\n|\n|t:|1783800176\n|switch|p2a: Tinkaton|Tinkaton, F|72/100 brn\n|-ability|p2a: Tinkaton|Mold Breaker\n|move|p1a: Darkrai|Dark Pulse|p2a: Tinkaton\n|-resisted|p2a: Tinkaton\n|-damage|p2a: Tinkaton|50/100 brn\n|\n|-weather|RainDance|[upkeep]\n|-damage|p2a: Tinkaton|44/100 brn|[from] brn\n|upkeep\n|turn|25\n|\n|t:|1783800219\n|move|p1a: Darkrai|Dark Pulse|p2a: Tinkaton\n|-resisted|p2a: Tinkaton\n|-damage|p2a: Tinkaton|24/100 brn\n|move|p2a: Tinkaton|Thunder Wave|p1a: Darkrai\n|-status|p1a: Darkrai|par\n|\n|-weather|none\n|-damage|p2a: Tinkaton|18/100 brn|[from] brn\n|upkeep\n|turn|26\n|\n|t:|1783800227\n|move|p2a: Tinkaton|Gigaton Hammer|p1a: Darkrai\n|-damage|p1a: Darkrai|44/100 par\n|move|p1a: Darkrai|Dark Pulse|p2a: Tinkaton\n|-resisted|p2a: Tinkaton\n|-damage|p2a: Tinkaton|0 fnt\n|faint|p2a: Tinkaton\n|\n|upkeep\n|\n|t:|1783800230\n|switch|p2a: Pelipper|Pelipper, M|9/100 brn\n|-weather|RainDance|[from] ability: Drizzle|[of] p2a: Pelipper\n|turn|27\n|\n|t:|1783800234\n|switch|p2a: Lapras|Lapras, M|100/100\n|move|p1a: Darkrai|Dark Pulse|p2a: Lapras\n|-damage|p2a: Lapras|56/100\n|\n|-weather|RainDance|[upkeep]\n|upkeep\n|turn|28\n|\n|t:|1783800240\n|move|p1a: Darkrai|Dark Pulse|p2a: Lapras\n|-damage|p2a: Lapras|13/100\n|move|p2a: Lapras|Dragon Dance|p2a: Lapras\n|-boost|p2a: Lapras|atk|1\n|-boost|p2a: Lapras|spe|1\n|\n|-weather|RainDance|[upkeep]\n|upkeep\n|turn|29\n|\n|t:|1783800245\n|move|p2a: Lapras|Rest|p2a: Lapras\n|-status|p2a: Lapras|slp|[from] move: Rest\n|-heal|p2a: Lapras|100/100 slp|[silent]\n|move|p1a: Darkrai|Dark Pulse|p2a: Lapras\n|-damage|p2a: Lapras|61/100 slp\n|\n|-weather|RainDance|[upkeep]\n|-activate|p2a: Lapras|ability: Hydration\n|-curestatus|p2a: Lapras|slp|[msg]\n|upkeep\n|turn|30\n|\n|t:|1783800249\n|move|p2a: Lapras|Dragon Dance|p2a: Lapras\n|-boost|p2a: Lapras|atk|1\n|-boost|p2a: Lapras|spe|1\n|move|p1a: Darkrai|Dark Pulse|p2a: Lapras\n|-damage|p2a: Lapras|23/100\n|\n|-weather|RainDance|[upkeep]\n|upkeep\n|turn|31\n|\n|t:|1783800267\n|move|p2a: Lapras|Rest|p2a: Lapras\n|-status|p2a: Lapras|slp|[from] move: Rest\n|-heal|p2a: Lapras|100/100 slp|[silent]\n|cant|p1a: Darkrai|par\n|\n|-weather|RainDance|[upkeep]\n|-activate|p2a: Lapras|ability: Hydration\n|-curestatus|p2a: Lapras|slp|[msg]\n|upkeep\n|turn|32\n|\n|t:|1783800299\n|move|p2a: Lapras|Liquidation|p1a: Darkrai\n|-damage|p1a: Darkrai|0 fnt\n|faint|p1a: Darkrai\n|\n|-weather|RainDance|[upkeep]\n|upkeep\n|\n|t:|1783800302\n|switch|p1a: Zamazenta|Zamazenta|100/100\n|-damage|p1a: Zamazenta|94/100|[from] Stealth Rock\n|-ability|p1a: Zamazenta|Dauntless Shield|boost\n|-boost|p1a: Zamazenta|def|1\n|turn|33\n|\n|t:|1783800332\n|move|p2a: Lapras|Liquidation|p1a: Zamazenta\n|-damage|p1a: Zamazenta|21/100\n|move|p1a: Zamazenta|Close Combat|p2a: Lapras\n|-supereffective|p2a: Lapras\n|-damage|p2a: Lapras|0 fnt\n|-unboost|p1a: Zamazenta|def|1\n|-unboost|p1a: Zamazenta|spd|1\n|faint|p2a: Lapras\n|\n|-weather|RainDance|[upkeep]\n|upkeep\n|\n|t:|1783800338\n|switch|p2a: Barraskewda|Barraskewda, M|68/100\n|turn|34\n|\n|t:|1783800343\n|switch|p1a: Skeledirge|Skeledirge, M|4/100 par\n|move|p2a: Barraskewda|Flip Turn|p1a: Skeledirge\n|-supereffective|p1a: Skeledirge\n|-damage|p1a: Skeledirge|0 fnt\n|faint|p1a: Skeledirge\n|\n|t:|1783800350\n|switch|p2a: Pecharunt|Pecharunt|92/100|[from] Flip Turn\n|\n|-weather|none\n|upkeep\n|\n|t:|1783800358\n|switch|p1a: Cinderace|Cinderace, F|100/100\n|turn|35\n|\n|t:|1783800424\n|move|p1a: Cinderace|Pyro Ball|p2a: Pecharunt\n|-damage|p2a: Pecharunt|67/100\n|move|p2a: Pecharunt|Parting Shot|p1a: Cinderace\n|-unboost|p1a: Cinderace|atk|1\n|-unboost|p1a: Cinderace|spa|1\n|\n|t:|1783800427\n|switch|p2a: Pelipper|Pelipper, M|9/100 brn|[from] Parting Shot\n|-weather|RainDance|[from] ability: Drizzle|[of] p2a: Pelipper\n|\n|-weather|RainDance|[upkeep]\n|-damage|p2a: Pelipper|2/100 brn|[from] brn\n|upkeep\n|turn|36\n|\n|t:|1783800436\n|switch|p2a: Pecharunt|Pecharunt|67/100\n|move|p1a: Cinderace|Pyro Ball|p2a: Pecharunt\n|-damage|p2a: Pecharunt|58/100\n|\n|-weather|RainDance|[upkeep]\n|upkeep\n|turn|37\n|\n|t:|1783800448\n|move|p1a: Cinderace|Court Change|p1a: Cinderace\n|-start|p1a: Cinderace|typechange|Normal|[from] ability: Libero\n|-swapsideconditions\n|-activate|p1a: Cinderace|move: Court Change\n|move|p2a: Pecharunt|Parting Shot|p1a: Cinderace\n|-unboost|p1a: Cinderace|atk|1\n|-unboost|p1a: Cinderace|spa|1\n|inactive|Battle timer is ON: inactive players will automatically lose when time's up. (requested by hat_fm)\n|inactive|gelatoasdf has 120 seconds left.\n|\n|t:|1783800581\n|switch|p2a: Barraskewda|Barraskewda, M|68/100|[from] Parting Shot\n|-damage|p2a: Barraskewda|56/100|[from] Stealth Rock\n|\n|-weather|RainDance|[upkeep]\n|upkeep\n|turn|38\n|\n|t:|1783800594\n|move|p1a: Cinderace|Sucker Punch|p2a: Barraskewda\n|-damage|p2a: Barraskewda|34/100\n|move|p2a: Barraskewda|Liquidation|p1a: Cinderace\n|-damage|p1a: Cinderace|0 fnt\n|faint|p1a: Cinderace\n|\n|-weather|RainDance|[upkeep]\n|upkeep\n|\n|t:|1783800599\n|switch|p1a: Ninetales|Ninetales-Alola, M|70/100\n|-weather|Snowscape|[from] ability: Snow Warning|[of] p1a: Ninetales\n|turn|39\n|\n|t:|1783800610\n|move|p2a: Barraskewda|Liquidation|p1a: Ninetales\n|-damage|p1a: Ninetales|8/100\n|move|p1a: Ninetales|Freeze-Dry|p2a: Barraskewda\n|-supereffective|p2a: Barraskewda\n|-damage|p2a: Barraskewda|0 fnt\n|faint|p2a: Barraskewda\n|\n|-weather|Snowscape|[upkeep]\n|upkeep\n|\n|t:|1783800613\n|switch|p2a: Pecharunt|Pecharunt|58/100\n|turn|40\n|\n|t:|1783800622\n|move|p1a: Ninetales|Aurora Veil|p1a: Ninetales\n|-sidestart|p1: hat_fm|move: Aurora Veil\n|move|p2a: Pecharunt|Malignant Chain|p1a: Ninetales\n|-supereffective|p1a: Ninetales\n|-damage|p1a: Ninetales|0 fnt\n|faint|p1a: Ninetales\n|\n|-weather|Snowscape|[upkeep]\n|upkeep\n|\n|t:|1783800624\n|switch|p1a: Zamazenta|Zamazenta|21/100\n|turn|41\n|\n|t:|1783800627\n|move|p1a: Zamazenta|Crunch|p2a: Pecharunt\n|-supereffective|p2a: Pecharunt\n|-damage|p2a: Pecharunt|18/100\n|move|p2a: Pecharunt|Recover|p2a: Pecharunt\n|-heal|p2a: Pecharunt|68/100\n|\n|-weather|Snowscape|[upkeep]\n|upkeep\n|turn|42\n|\n|t:|1783800630\n|move|p1a: Zamazenta|Crunch|p2a: Pecharunt\n|-supereffective|p2a: Pecharunt\n|-damage|p2a: Pecharunt|31/100\n|move|p2a: Pecharunt|Malignant Chain|p1a: Zamazenta\n|-damage|p1a: Zamazenta|8/100\n|-status|p1a: Zamazenta|tox\n|-start|p1a: Zamazenta|confusion|[from] ability: Poison Puppeteer|[of] p2a: Pecharunt\n|\n|-weather|Snowscape|[upkeep]\n|-damage|p1a: Zamazenta|1/100 tox|[from] psn\n|upkeep\n|turn|43\n|\n|t:|1783800634\n|-activate|p1a: Zamazenta|confusion\n|move|p1a: Zamazenta|Crunch|p2a: Pecharunt\n|-supereffective|p2a: Pecharunt\n|-damage|p2a: Pecharunt|0 fnt\n|faint|p2a: Pecharunt\n|\n|-weather|none\n|-damage|p1a: Zamazenta|0 fnt|[from] psn\n|faint|p1a: Zamazenta\n|\n|win|gelatoasdf\n|raw|hat_fm's rating: 1233 &rarr; <strong>1211</strong><br />(-22 for losing)\n|raw|gelatoasdf's rating: 1268 &rarr; <strong>1290</strong><br />(+22 for winning)\n|l|☆hat_fm\n|player|p1|\n", "uploadtime": 1783801013, "views": 8, "formatid": "gen9ou", "rating": 1211, "private": 0, "password": null}