{"id": "gen9ou-2647690867", "format": "[Gen 9] OU", "players": ["masuel_SUS", "Precise_pocket"], "log": "|j|☆masuel_SUS\n|j|☆Precise_pocket\n|t:|1783796916\n|gametype|singles\n|player|p1|masuel_SUS|1|1104\n|player|p2|Precise_pocket|101|1176\n|gen|9\n|tier|[Gen 9] OU\n|rated|\n|rule|HP Percentage Mod: HP is shown in percentages\n|rule|Endless Battle Clause: Forcing endless battles is banned\n|rule|Species Clause: Limit one of each Pokémon\n|rule|OHKO Clause: OHKO moves are banned\n|rule|Evasion Items Clause: Evasion items are banned\n|rule|Evasion Moves Clause: Evasion moves are banned\n|rule|Evasion Abilities Clause: Evasion abilities are banned\n|rule|Sleep Moves Clause: Sleep-inducing moves are banned\n|clearpoke\n|poke|p1|Clodsire, F|\n|poke|p1|Ogerpon, F|\n|poke|p1|Corviknight, F|\n|poke|p1|Dragapult, F|\n|poke|p1|Moltres|\n|poke|p1|Keldeo-Resolute|\n|poke|p2|Hydreigon, F|\n|poke|p2|Ogerpon-Wellspring, F|\n|poke|p2|Landorus-Therian, M|\n|poke|p2|Zapdos|\n|poke|p2|Great Tusk|\n|poke|p2|Slowking-Galar, M|\n|teampreview\n|inactive|Battle timer is ON: inactive players will automatically lose when time's up. (requested by masuel_SUS)\n|\n|t:|1783796949\n|teamsize|p1|6\n|teamsize|p2|6\n|start\n|switch|p1a: Dragapult|Dragapult, F|100/100\n|switch|p2a: Landorus|Landorus-Therian, M, shiny|100/100\n|-ability|p2a: Landorus|Intimidate|boost\n|-unboost|p1a: Dragapult|atk|1\n|turn|1\n|inactive|Precise_pocket has 120 seconds left.\n|\n|t:|1783796990\n|move|p1a: Dragapult|Draco Meteor|p2a: Landorus\n|-damage|p2a: Landorus|30/100\n|-unboost|p1a: Dragapult|spa|2\n|move|p2a: Landorus|Stealth Rock|p1a: Dragapult\n|-sidestart|p1: masuel_SUS|move: Stealth Rock\n|\n|-heal|p2a: Landorus|36/100|[from] item: Leftovers\n|upkeep\n|turn|2\n|\n|t:|1783797000\n|switch|p2a: Slowking|Slowking-Galar, M, shiny|100/100\n|move|p1a: Dragapult|Draco Meteor|p2a: Slowking\n|-damage|p2a: Slowking|82/100\n|-unboost|p1a: Dragapult|spa|2\n|\n|upkeep\n|turn|3\n|inactive|Precise_pocket has 120 seconds left.\n|inactive|Precise_pocket has 90 seconds left.\n|\n|t:|1783797050\n|switch|p1a: Corviknight|Corviknight, F|100/100\n|-damage|p1a: Corviknight|88/100|[from] Stealth Rock\n|switch|p2a: Hydreigon|Hydreigon, F|100/100\n|\n|-heal|p1a: Corviknight|94/100|[from] item: Leftovers\n|upkeep\n|turn|4\n|\n|t:|1783797065\n|switch|p2a: Slowking|Slowking-Galar, M, shiny|100/100\n|move|p1a: Corviknight|Iron Defense|p1a: Corviknight\n|-boost|p1a: Corviknight|def|2\n|\n|-heal|p1a: Corviknight|100/100|[from] item: Leftovers\n|upkeep\n|turn|5\n|\n|t:|1783797073\n|move|p1a: Corviknight|Defog|p2a: Slowking\n|-unboost|p2a: Slowking|evasion|1\n|-sideend|p1: masuel_SUS|Stealth Rock|[from] move: Defog|[of] p1a: Corviknight\n|move|p2a: Slowking|Flamethrower|p1a: Corviknight\n|-supereffective|p1a: Corviknight\n|-damage|p1a: Corviknight|56/100\n|\n|-heal|p1a: Corviknight|62/100|[from] item: Leftovers\n|upkeep\n|turn|6\n|\n|t:|1783797082\n|switch|p1a: Dragapult|Dragapult, F|100/100\n|move|p2a: Slowking|Flamethrower|p1a: Dragapult\n|-resisted|p1a: Dragapult\n|-damage|p1a: Dragapult|86/100\n|\n|upkeep\n|turn|7\n|\n|t:|1783797089\n|switch|p2a: Hydreigon|Hydreigon, F|100/100\n|move|p1a: Dragapult|Shadow Ball|p2a: Hydreigon\n|-resisted|p2a: Hydreigon\n|-damage|p2a: Hydreigon|68/100\n|\n|upkeep\n|turn|8\n|inactive|Precise_pocket has 90 seconds left.\n|\n|t:|1783797100\n|switch|p1a: Clodsire|Clodsire, F|100/100\n|-terastallize|p2a: Hydreigon|Fairy\n|move|p2a: Hydreigon|Draco Meteor|p1a: Clodsire\n|-damage|p1a: Clodsire|65/100\n|-unboost|p2a: Hydreigon|spa|2\n|\n|-heal|p1a: Clodsire|72/100|[from] item: Leftovers\n|upkeep\n|turn|9\n|inactive|Precise_pocket has 90 seconds left.\n|\n|t:|1783797123\n|switch|p2a: Slowking|Slowking-Galar, M, shiny|100/100\n|move|p1a: Clodsire|Stealth Rock|p2a: Slowking\n|-sidestart|p2: Precise_pocket|move: Stealth Rock\n|\n|-heal|p1a: Clodsire|78/100|[from] item: Leftovers\n|upkeep\n|turn|10\n|\n|t:|1783797133\n|move|p2a: Slowking|Future Sight|p1a: Clodsire\n|-start|p2a: Slowking|move: Future Sight\n|move|p1a: Clodsire|Earthquake|p2a: Slowking\n|-supereffective|p2a: Slowking\n|-damage|p2a: Slowking|47/100\n|\n|-heal|p1a: Clodsire|84/100|[from] item: Leftovers\n|upkeep\n|turn|11\n|\n|t:|1783797139\n|switch|p2a: Landorus|Landorus-Therian, M, shiny|36/100\n|-damage|p2a: Landorus|23/100|[from] Stealth Rock\n|-ability|p2a: Landorus|Intimidate|boost\n|-unboost|p1a: Clodsire|atk|1\n|move|p1a: Clodsire|Earthquake|p2a: Landorus\n|-immune|p2a: Landorus\n|\n|-heal|p2a: Landorus|29/100|[from] item: Leftovers\n|-heal|p1a: Clodsire|90/100|[from] item: Leftovers\n|upkeep\n|turn|12\n|inactive|Precise_pocket has 90 seconds left.\n|\n|t:|1783797164\n|switch|p1a: Corviknight|Corviknight, F|62/100\n|move|p2a: Landorus|Stealth Rock|p1a: Corviknight\n|-sidestart|p1: masuel_SUS|move: Stealth Rock\n|\n|-end|p1a: Corviknight|move: Future Sight\n|-resisted|p1a: Corviknight\n|-damage|p1a: Corviknight|40/100\n|-heal|p2a: Landorus|35/100|[from] item: Leftovers\n|-heal|p1a: Corviknight|46/100|[from] item: Leftovers\n|upkeep\n|turn|13\n|\n|t:|1783797175\n|move|p2a: Landorus|U-turn|p1a: Corviknight\n|-resisted|p1a: Corviknight\n|-damage|p1a: Corviknight|43/100\n|\n|t:|1783797193\n|switch|p2a: Zapdos|Zapdos, shiny|100/100|[from] U-turn\n|-damage|p2a: Zapdos|76/100|[from] Stealth Rock\n|move|p1a: Corviknight|Defog|p2a: Zapdos\n|-unboost|p2a: Zapdos|evasion|1\n|-sideend|p2: Precise_pocket|Stealth Rock|[from] move: Defog|[of] p1a: Corviknight\n|-sideend|p1: masuel_SUS|Stealth Rock|[from] move: Defog|[of] p1a: Corviknight\n|\n|-heal|p2a: Zapdos|82/100|[from] item: Leftovers\n|-heal|p1a: Corviknight|49/100|[from] item: Leftovers\n|upkeep\n|turn|14\n|\n|t:|1783797205\n|switch|p1a: Clodsire|Clodsire, F|90/100\n|move|p2a: Zapdos|Volt Switch|p1a: Clodsire\n|-immune|p1a: Clodsire\n|\n|-heal|p2a: Zapdos|88/100|[from] item: Leftovers\n|-heal|p1a: Clodsire|97/100|[from] item: Leftovers\n|upkeep\n|turn|15\n|\n|t:|1783797219\n|switch|p2a: Slowking|Slowking-Galar, M, shiny|80/100\n|move|p1a: Clodsire|Toxic|p2a: Slowking\n|-immune|p2a: Slowking\n|\n|-heal|p1a: Clodsire|100/100|[from] item: Leftovers\n|upkeep\n|turn|16\n|\n|t:|1783797237\n|switch|p2a: Landorus|Landorus-Therian, M, shiny|35/100\n|-ability|p2a: Landorus|Intimidate|boost\n|-unboost|p1a: Clodsire|atk|1\n|move|p1a: Clodsire|Earthquake|p2a: Landorus\n|-immune|p2a: Landorus\n|\n|-heal|p2a: Landorus|41/100|[from] item: Leftovers\n|upkeep\n|turn|17\n|\n|t:|1783797258\n|switch|p1a: Keldeo|Keldeo-Resolute|100/100\n|move|p2a: Landorus|Earthquake|p1a: Keldeo\n|-damage|p1a: Keldeo|58/100\n|\n|-heal|p2a: Landorus|47/100|[from] item: Leftovers\n|upkeep\n|turn|18\n|\n|t:|1783797275\n|switch|p2a: Zapdos|Zapdos, shiny|88/100\n|move|p1a: Keldeo|Surf|p2a: Zapdos\n|-damage|p2a: Zapdos|33/100\n|\n|-heal|p2a: Zapdos|39/100|[from] item: Leftovers\n|upkeep\n|turn|19\n|\n|t:|1783797288\n|switch|p2a: Slowking|Slowking-Galar, M, shiny|100/100\n|move|p1a: Keldeo|Surf|p2a: Slowking\n|-damage|p2a: Slowking|78/100\n|\n|upkeep\n|turn|20\n|\n|t:|1783797299\n|switch|p1a: Dragapult|Dragapult, F|86/100\n|move|p2a: Slowking|Future Sight|p1a: Dragapult\n|-start|p2a: Slowking|move: Future Sight\n|\n|upkeep\n|turn|21\n|\n|t:|1783797305\n|switch|p2a: Hydreigon|Hydreigon, F, tera:Fairy|68/100\n|move|p1a: Dragapult|Draco Meteor|p2a: Hydreigon\n|-immune|p2a: Hydreigon\n|\n|upkeep\n|turn|22\n|\n|t:|1783797312\n|switch|p1a: Moltres|Moltres|100/100\n|move|p2a: Hydreigon|Draco Meteor|p1a: Moltres\n|-damage|p1a: Moltres|38/100\n|-unboost|p2a: Hydreigon|spa|2\n|\n|-end|p1a: Moltres|move: Future Sight\n|-damage|p1a: Moltres|0 fnt\n|faint|p1a: Moltres\n|upkeep\n|-message|masuel_SUS forfeited.\n|\n|win|Precise_pocket\n|raw|masuel_SUS's rating: 1104 &rarr; <strong>1084</strong><br />(-20 for losing)\n|raw|Precise_pocket's rating: 1176 &rarr; <strong>1196</strong><br />(+20 for winning)\n|l|☆masuel_SUS\n|player|p1|\n|c|☆Precise_pocket|ggs\n", "uploadtime": 1783797336, "views": 7, "formatid": "gen9ou", "rating": 1084, "private": 0, "password": null}