{"id": "gen9ou-2540770661", "format": "[Gen 9] OU", "players": ["Mr Tpen", "Acastillo631"], "log": "|j|☆Mr Tpen\n|j|☆Acastillo631\n|t:|1771252080\n|gametype|singles\n|player|p1|Mr Tpen|101|1819\n|player|p2|Acastillo631|silver|1780\n|gen|9\n|tier|[Gen 9] OU\n|rated|\n|rule|HP Percentage Mod: HP is shown in percentages\n|rule|Endless Battle Clause: Forcing endless battles is banned\n|rule|Species Clause: Limit one of each Pokémon\n|rule|OHKO Clause: OHKO moves are banned\n|rule|Evasion Items Clause: Evasion items are banned\n|rule|Evasion Moves Clause: Evasion moves are banned\n|rule|Evasion Abilities Clause: Evasion abilities are banned\n|rule|Sleep Moves Clause: Sleep-inducing moves are banned\n|clearpoke\n|poke|p1|Enamorus, F|\n|poke|p1|Kyurem|\n|poke|p1|Landorus-Therian, M|\n|poke|p1|Kingambit, F|\n|poke|p1|Ogerpon-Wellspring, F|\n|poke|p1|Glimmora, F|\n|poke|p2|Iron Valiant|\n|poke|p2|Sinistcha|\n|poke|p2|Tyranitar, F|\n|poke|p2|Iron Treads|\n|poke|p2|Klefki, M|\n|poke|p2|Swampert, M|\n|teampreview\n|\n|t:|1771252085\n|teamsize|p1|6\n|teamsize|p2|6\n|start\n|switch|p1a: Landorus|Landorus-Therian, M|100/100\n|switch|p2a: Redips|Klefki, M|100/100\n|-ability|p1a: Landorus|Intimidate|boost\n|-unboost|p2a: Redips|atk|1\n|turn|1\n|\n|t:|1771252088\n|move|p2a: Redips|Magnet Rise|p2a: Redips\n|-start|p2a: Redips|Magnet Rise\n|move|p1a: Landorus|Taunt|p2a: Redips\n|-start|p2a: Redips|move: Taunt\n|\n|upkeep\n|turn|2\n|\n|t:|1771252091\n|move|p1a: Landorus|Stealth Rock|p2a: Redips\n|-sidestart|p2: Acastillo631|move: Stealth Rock\n|move|p2a: Redips|Dazzling Gleam|p1a: Landorus\n|-damage|p1a: Landorus|78/100\n|\n|upkeep\n|turn|3\n|\n|t:|1771252093\n|move|p1a: Landorus|Smack Down|p2a: Redips\n|-resisted|p2a: Redips\n|-damage|p2a: Redips|94/100\n|-start|p2a: Redips|Smack Down\n|move|p2a: Redips|Dazzling Gleam|p1a: Landorus\n|-damage|p1a: Landorus|53/100\n|\n|upkeep\n|turn|4\n|\n|t:|1771252127\n|switch|p2a: Armored Armadillo|Iron Treads|100/100\n|-damage|p2a: Armored Armadillo|97/100|[from] Stealth Rock\n|-item|p2a: Armored Armadillo|Air Balloon\n|move|p1a: Landorus|Earthquake|p2a: Armored Armadillo\n|-immune|p2a: Armored Armadillo\n|\n|upkeep\n|turn|5\n|\n|t:|1771252135\n|move|p2a: Armored Armadillo|Rapid Spin|p1a: Landorus\n|-damage|p1a: Landorus|38/100\n|-boost|p2a: Armored Armadillo|spe|1\n|-damage|p2a: Armored Armadillo|81/100|[from] item: Rocky Helmet|[of] p1a: Landorus\n|-sideend|p2: Acastillo631|Stealth Rock|[from] move: Rapid Spin|[of] p2a: Armored Armadillo\n|move|p1a: Landorus|Smack Down|p2a: Armored Armadillo\n|-resisted|p2a: Armored Armadillo\n|-damage|p2a: Armored Armadillo|78/100\n|-enditem|p2a: Armored Armadillo|Air Balloon\n|\n|upkeep\n|turn|6\n|\n|t:|1771252141\n|switch|p1a: Glimmora|Glimmora, F|100/100\n|move|p2a: Armored Armadillo|Ice Spinner|p1a: Glimmora\n|-damage|p1a: Glimmora|82/100\n|-activate|p1a: Glimmora|ability: Toxic Debris\n|-sidestart|p2: Acastillo631|move: Toxic Spikes\n|-enditem|p1a: Glimmora|Red Card|[of] p2a: Armored Armadillo\n|-end|p2a: Armored Armadillo|Quark Drive|[silent]\n|drag|p2a: Duff McWhalen|Swampert, M|100/100\n|-status|p2a: Duff McWhalen|psn\n|\n|-damage|p2a: Duff McWhalen|88/100 psn|[from] psn\n|upkeep\n|turn|7\n|\n|t:|1771252145\n|switch|p1a: Ogerpon|Ogerpon-Wellspring, F|100/100\n|move|p2a: Duff McWhalen|Stealth Rock|p1a: Ogerpon\n|-sidestart|p1: Mr Tpen|move: Stealth Rock\n|\n|-heal|p2a: Duff McWhalen|94/100 psn|[from] item: Leftovers\n|-damage|p2a: Duff McWhalen|82/100 psn|[from] psn\n|upkeep\n|turn|8\n|\n|t:|1771252151\n|switch|p2a: Wire Sponge|Sinistcha|100/100\n|move|p1a: Ogerpon|Knock Off|p2a: Wire Sponge\n|-supereffective|p2a: Wire Sponge\n|-damage|p2a: Wire Sponge|43/100\n|-enditem|p2a: Wire Sponge|Heavy-Duty Boots|[from] move: Knock Off|[of] p1a: Ogerpon\n|\n|upkeep\n|turn|9\n|\n|t:|1771252155\n|move|p1a: Ogerpon|Knock Off|p2a: Wire Sponge\n|-supereffective|p2a: Wire Sponge\n|-damage|p2a: Wire Sponge|3/100\n|move|p2a: Wire Sponge|Strength Sap|p1a: Ogerpon\n|-unboost|p1a: Ogerpon|atk|1\n|-heal|p2a: Wire Sponge|100/100\n|\n|upkeep\n|turn|10\n|\n|t:|1771252158\n|move|p1a: Ogerpon|U-turn|p2a: Wire Sponge\n|-damage|p2a: Wire Sponge|87/100\n|\n|t:|1771252160\n|switch|p1a: Enamorus|Enamorus, F|100/100|[from] U-turn\n|move|p2a: Wire Sponge|Shadow Ball|p1a: Enamorus\n|-damage|p1a: Enamorus|46/100\n|\n|upkeep\n|turn|11\n|\n|t:|1771252169\n|move|p1a: Enamorus|Moonblast|p2a: Wire Sponge\n|-damage|p2a: Wire Sponge|27/100\n|move|p2a: Wire Sponge|Strength Sap|p1a: Enamorus\n|-boost|p1a: Enamorus|atk|1\n|-heal|p2a: Wire Sponge|100/100\n|\n|upkeep\n|turn|12\n|\n|t:|1771252183\n|move|p1a: Enamorus|Moonblast|p2a: Wire Sponge\n|-crit|p2a: Wire Sponge\n|-damage|p2a: Wire Sponge|9/100\n|-unboost|p2a: Wire Sponge|spa|1\n|move|p2a: Wire Sponge|Shadow Ball|p1a: Enamorus\n|-damage|p1a: Enamorus|11/100\n|-boost|p1a: Enamorus|spd|1\n|\n|upkeep\n|turn|13\n|c|☆Acastillo631|Lord\n|j| Grimblez\n|\n|t:|1771252203\n|move|p1a: Enamorus|Earth Power|p2a: Wire Sponge\n|-resisted|p2a: Wire Sponge\n|-damage|p2a: Wire Sponge|0 fnt\n|faint|p2a: Wire Sponge\n|\n|upkeep\n|\n|t:|1771252216\n|switch|p2a: Redips|Klefki, M|94/100\n|turn|14\n|\n|t:|1771252223\n|move|p2a: Redips|Magnet Rise|p2a: Redips\n|-start|p2a: Redips|Magnet Rise\n|move|p1a: Enamorus|Superpower|p2a: Redips\n|-damage|p2a: Redips|53/100\n|-boost|p1a: Enamorus|atk|1\n|-boost|p1a: Enamorus|def|1\n|-damage|p1a: Enamorus|0 fnt|[from] item: Rocky Helmet|[of] p2a: Redips\n|faint|p1a: Enamorus\n|\n|upkeep\n|\n|t:|1771252227\n|switch|p1a: Landorus|Landorus-Therian, M|38/100\n|-damage|p1a: Landorus|26/100|[from] Stealth Rock\n|-ability|p1a: Landorus|Intimidate|boost\n|-unboost|p2a: Redips|atk|1\n|turn|15\n|\n|t:|1771252250\n|move|p1a: Landorus|Stealth Rock|p2a: Redips\n|-sidestart|p2: Acastillo631|move: Stealth Rock\n|move|p2a: Redips|Dazzling Gleam|p1a: Landorus\n|-damage|p1a: Landorus|2/100\n|\n|upkeep\n|turn|16\n|\n|t:|1771252253\n|move|p2a: Redips|Spikes|p1a: Landorus\n|-sidestart|p1: Mr Tpen|Spikes\n|move|p1a: Landorus|Smack Down|p2a: Redips\n|-resisted|p2a: Redips\n|-damage|p2a: Redips|46/100\n|-start|p2a: Redips|Smack Down\n|\n|upkeep\n|turn|17\n|\n|t:|1771252264\n|move|p1a: Landorus|Earthquake|p2a: Redips\n|-supereffective|p2a: Redips\n|-damage|p2a: Redips|0 fnt\n|faint|p2a: Redips\n|\n|upkeep\n|\n|t:|1771252267\n|switch|p2a: Armored Armadillo|Iron Treads|78/100\n|-damage|p2a: Armored Armadillo|75/100|[from] Stealth Rock\n|turn|18\n|\n|t:|1771252270\n|-terastallize|p1a: Landorus|Ghost\n|move|p2a: Armored Armadillo|Rapid Spin|p1a: Landorus\n|-immune|p1a: Landorus\n|move|p1a: Landorus|Earthquake|p2a: Armored Armadillo\n|-supereffective|p2a: Armored Armadillo\n|-damage|p2a: Armored Armadillo|0 fnt\n|faint|p2a: Armored Armadillo\n|-end|p2a: Armored Armadillo|Quark Drive|[silent]\n|\n|upkeep\n|\n|t:|1771252282\n|switch|p2a: Sage Harpuia|Iron Valiant|100/100\n|-status|p2a: Sage Harpuia|psn\n|-damage|p2a: Sage Harpuia|94/100 psn|[from] Stealth Rock\n|-enditem|p2a: Sage Harpuia|Booster Energy\n|-activate|p2a: Sage Harpuia|ability: Quark Drive|[fromitem]\n|-start|p2a: Sage Harpuia|quarkdrivespe\n|turn|19\n|\n|t:|1771252286\n|move|p2a: Sage Harpuia|Moonblast|p1a: Landorus\n|-damage|p1a: Landorus|0 fnt\n|faint|p1a: Landorus\n|\n|-damage|p2a: Sage Harpuia|82/100 psn|[from] psn\n|upkeep\n|\n|t:|1771252288\n|switch|p1a: Glimmora|Glimmora, F|82/100\n|-damage|p1a: Glimmora|70/100|[from] Stealth Rock\n|-damage|p1a: Glimmora|57/100|[from] Spikes\n|turn|20\n|j| FaronAan\n|l| FaronAan\n|j| FaronAan\n|-message|Acastillo631 forfeited.\n|\n|win|Mr Tpen\n|raw|Mr Tpen's rating: 1819 &rarr; <strong>1837</strong><br />(+18 for winning)\n|raw|Acastillo631's rating: 1780 &rarr; <strong>1762</strong><br />(-18 for losing)\n|l|☆Acastillo631\n|player|p2|\n|l| Grimblez\n|l|☆Mr Tpen\n|player|p1|\n|l| FaronAan\n", "uploadtime": 1771252576, "views": 6, "formatid": "gen9ou", "rating": 1762, "private": 0, "password": null}