{"id": "gen9ou-2639279799", "format": "[Gen 9] OU", "players": ["thepeakmons", "blythe<3"], "log": "|j|☆thepeakmons\n|j|☆blythe<3\n|t:|1782444992\n|gametype|singles\n|player|p1|thepeakmons|101|1269\n|player|p2|blythe<3|lady-gen4|1225\n|gen|9\n|tier|[Gen 9] OU\n|rated|\n|rule|HP Percentage Mod: HP is shown in percentages\n|rule|Endless Battle Clause: Forcing endless battles is banned\n|rule|Species Clause: Limit one of each Pokémon\n|rule|OHKO Clause: OHKO moves are banned\n|rule|Evasion Items Clause: Evasion items are banned\n|rule|Evasion Moves Clause: Evasion moves are banned\n|rule|Evasion Abilities Clause: Evasion abilities are banned\n|rule|Sleep Moves Clause: Sleep-inducing moves are banned\n|clearpoke\n|poke|p1|Dondozo, M|\n|poke|p1|Clodsire, F|\n|poke|p1|Corviknight, M|\n|poke|p1|Slowking-Galar, M|\n|poke|p1|Gholdengo|\n|poke|p1|Garganacl, M|\n|poke|p2|Rillaboom, M|\n|poke|p2|Garganacl, M|\n|poke|p2|Primarina, F|\n|poke|p2|Corviknight, M|\n|poke|p2|Clefable, M|\n|poke|p2|Dondozo, M|\n|teampreview\n|\n|t:|1782445005\n|teamsize|p1|6\n|teamsize|p2|6\n|start\n|switch|p1a: Clodsire|Clodsire, F|100/100\n|switch|p2a: Rillaboom|Rillaboom, M|100/100\n|-fieldstart|move: Grassy Terrain|[from] ability: Grassy Surge|[of] p2a: Rillaboom\n|turn|1\n|inactive|Battle timer is ON: inactive players will automatically lose when time's up. (requested by thepeakmons)\n|inactive|thepeakmons has 120 seconds left.\n|\n|t:|1782445041\n|switch|p1a: Corviknight|Corviknight, M|100/100\n|-ability|p1a: Corviknight|Pressure\n|move|p2a: Rillaboom|Leech Seed|p1a: Corviknight\n|-start|p1a: Corviknight|move: Leech Seed\n|\n|-damage|p1a: Corviknight|88/100|[from] Leech Seed|[of] p2a: Rillaboom\n|upkeep\n|turn|2\n|\n|t:|1782445053\n|switch|p1a: Gholdengo|Gholdengo|100/100\n|move|p2a: Rillaboom|U-turn|p1a: Gholdengo\n|-resisted|p1a: Gholdengo\n|-damage|p1a: Gholdengo|96/100\n|\n|t:|1782445058\n|switch|p2a: Garganacl|Garganacl, M|100/100|[from] U-turn\n|\n|-heal|p1a: Gholdengo|100/100|[from] Grassy Terrain\n|upkeep\n|turn|3\n|\n|t:|1782445069\n|move|p1a: Gholdengo|Nasty Plot|p1a: Gholdengo\n|-boost|p1a: Gholdengo|spa|2\n|move|p2a: Garganacl|Salt Cure|p1a: Gholdengo\n|-resisted|p1a: Gholdengo\n|-damage|p1a: Gholdengo|95/100\n|-start|p1a: Gholdengo|Salt Cure\n|\n|-heal|p1a: Gholdengo|100/100|[from] Grassy Terrain\n|-damage|p1a: Gholdengo|76/100|[from] Salt Cure\n|upkeep\n|turn|4\n|\n|t:|1782445084\n|move|p1a: Gholdengo|Nasty Plot|p1a: Gholdengo\n|-boost|p1a: Gholdengo|spa|2\n|move|p2a: Garganacl|Earthquake|p1a: Gholdengo\n|-supereffective|p1a: Gholdengo\n|-damage|p1a: Gholdengo|57/100\n|\n|-heal|p1a: Gholdengo|63/100|[from] Grassy Terrain\n|-damage|p1a: Gholdengo|38/100|[from] Salt Cure\n|upkeep\n|turn|5\n|\n|t:|1782445112\n|move|p1a: Gholdengo|Recover|p1a: Gholdengo\n|-heal|p1a: Gholdengo|88/100\n|move|p2a: Garganacl|Salt Cure|p1a: Gholdengo\n|-resisted|p1a: Gholdengo\n|-damage|p1a: Gholdengo|83/100\n|\n|-heal|p1a: Gholdengo|89/100|[from] Grassy Terrain\n|-damage|p1a: Gholdengo|64/100|[from] Salt Cure\n|-fieldend|move: Grassy Terrain\n|upkeep\n|turn|6\n|\n|t:|1782445128\n|move|p1a: Gholdengo|Make It Rain|p2a: Garganacl\n|-supereffective|p2a: Garganacl\n|-damage|p2a: Garganacl|0 fnt\n|-unboost|p1a: Gholdengo|spa|1\n|faint|p2a: Garganacl\n|\n|-damage|p1a: Gholdengo|39/100|[from] Salt Cure\n|upkeep\n|\n|t:|1782445142\n|switch|p2a: Corviknight|Corviknight, M|100/100\n|turn|7\n|\n|t:|1782445152\n|move|p1a: Gholdengo|Recover|p1a: Gholdengo\n|-heal|p1a: Gholdengo|89/100\n|move|p2a: Corviknight|Defog|p1a: Gholdengo\n|-immune|p1a: Gholdengo|[from] ability: Good as Gold\n|\n|-damage|p1a: Gholdengo|64/100|[from] Salt Cure\n|upkeep\n|turn|8\n|\n|t:|1782445167\n|move|p1a: Gholdengo|Recover|p1a: Gholdengo\n|-heal|p1a: Gholdengo|100/100\n|move|p2a: Corviknight|Iron Head|p1a: Gholdengo\n|-resisted|p1a: Gholdengo\n|-damage|p1a: Gholdengo|90/100\n|\n|-damage|p1a: Gholdengo|66/100|[from] Salt Cure\n|upkeep\n|turn|9\n|inactive|blythe<3 has 120 seconds left.\n|\n|t:|1782445195\n|switch|p2a: Rillaboom|Rillaboom, M|100/100\n|-fieldstart|move: Grassy Terrain|[from] ability: Grassy Surge|[of] p2a: Rillaboom\n|move|p1a: Gholdengo|Nasty Plot|p1a: Gholdengo\n|-boost|p1a: Gholdengo|spa|2\n|\n|-heal|p1a: Gholdengo|72/100|[from] Grassy Terrain\n|-damage|p1a: Gholdengo|47/100|[from] Salt Cure\n|upkeep\n|turn|10\n|inactive|blythe<3 has 120 seconds left.\n|\n|t:|1782445206\n|-terastallize|p2a: Rillaboom|Grass\n|move|p1a: Gholdengo|Make It Rain|p2a: Rillaboom\n|-damage|p2a: Rillaboom|0 fnt\n|-unboost|p1a: Gholdengo|spa|1\n|faint|p2a: Rillaboom\n|\n|-heal|p1a: Gholdengo|53/100|[from] Grassy Terrain\n|-damage|p1a: Gholdengo|28/100|[from] Salt Cure\n|upkeep\n|inactive|blythe<3 has 120 seconds left.\n|-message|blythe<3 forfeited.\n|\n|win|thepeakmons\n|raw|thepeakmons's rating: 1298 &rarr; <strong>1318</strong><br />(+20 for winning)\n|raw|blythe&lt;3's rating: 1225 &rarr; <strong>1205</strong><br />(-20 for losing)\n|l|☆blythe<3\n|player|p2|\n", "uploadtime": 1782445217, "views": 9, "formatid": "gen9ou", "rating": 1205, "private": 0, "password": null}