{"id": "gen9ou-2647837657", "format": "[Gen 9] OU", "players": ["Ouass78190", "daconnman"], "log": "|j|☆Ouass78190\n|j|☆daconnman\n|t:|1783821435\n|gametype|singles\n|player|p1|Ouass78190|266|1246\n|player|p2|daconnman|170|1255\n|gen|9\n|tier|[Gen 9] OU\n|rated|\n|rule|HP Percentage Mod: HP is shown in percentages\n|rule|Endless Battle Clause: Forcing endless battles is banned\n|rule|Species Clause: Limit one of each Pokémon\n|rule|OHKO Clause: OHKO moves are banned\n|rule|Evasion Items Clause: Evasion items are banned\n|rule|Evasion Moves Clause: Evasion moves are banned\n|rule|Evasion Abilities Clause: Evasion abilities are banned\n|rule|Sleep Moves Clause: Sleep-inducing moves are banned\n|clearpoke\n|poke|p1|Corviknight, F|\n|poke|p1|Pelipper, M|\n|poke|p1|Zamazenta-*|\n|poke|p1|Samurott-Hisui, F|\n|poke|p1|Cinderace, M|\n|poke|p1|Latias, F|\n|poke|p2|Blaziken, F|\n|poke|p2|Enamorus, F|\n|poke|p2|Cinderace, F|\n|poke|p2|Polteageist-Antique|\n|poke|p2|Feraligatr, M|\n|poke|p2|Meowscarada, M|\n|teampreview\n|inactive|Battle timer is ON: inactive players will automatically lose when time's up. (requested by daconnman)\n|\n|t:|1783821443\n|teamsize|p1|6\n|teamsize|p2|6\n|start\n|switch|p1a: Samurott|Samurott-Hisui, F|100/100\n|switch|p2a: Polteageist|Polteageist-Antique, shiny|100/100\n|turn|1\n|\n|t:|1783821446\n|-terastallize|p2a: Polteageist|Grass\n|move|p1a: Samurott|Ceaseless Edge|p2a: Polteageist\n|-damage|p2a: Polteageist|14/100\n|-ability|p2a: Polteageist|Weak Armor|boost\n|-unboost|p2a: Polteageist|def|1\n|-boost|p2a: Polteageist|spe|2\n|-sidestart|p2: daconnman|Spikes\n|-enditem|p2a: Polteageist|White Herb\n|-clearnegativeboost|p2a: Polteageist|[silent]\n|move|p2a: Polteageist|Shell Smash|p2a: Polteageist\n|-unboost|p2a: Polteageist|def|1\n|-unboost|p2a: Polteageist|spd|1\n|-boost|p2a: Polteageist|atk|2\n|-boost|p2a: Polteageist|spa|2\n|-boost|p2a: Polteageist|spe|2\n|\n|upkeep\n|turn|2\n|inactive|Ouass78190 has 120 seconds left.\n|\n|t:|1783821485\n|switch|p1a: Pelipper|Pelipper, M|100/100\n|-weather|RainDance|[from] ability: Drizzle|[of] p1a: Pelipper\n|move|p2a: Polteageist|Giga Drain|p1a: Pelipper\n|-damage|p1a: Pelipper|0 fnt\n|-heal|p2a: Polteageist|64/100|[from] drain|[of] p1a: Pelipper\n|faint|p1a: Pelipper\n|\n|-weather|RainDance|[upkeep]\n|upkeep\n|\n|t:|1783821492\n|switch|p1a: Latias|Latias, F|100/100\n|turn|3\n|inactive|Ouass78190 has 120 seconds left.\n|\n|t:|1783821498\n|-terastallize|p1a: Latias|Dragon\n|move|p2a: Polteageist|Shadow Ball|p1a: Latias\n|-damage|p1a: Latias|14/100\n|move|p1a: Latias|Mist Ball|p2a: Polteageist\n|-damage|p2a: Polteageist|0 fnt\n|faint|p2a: Polteageist\n|\n|-weather|RainDance|[upkeep]\n|upkeep\n|\n|t:|1783821506\n|switch|p2a: Feraligatr|Feraligatr, M|100/100\n|-damage|p2a: Feraligatr|88/100|[from] Spikes\n|turn|4\n|\n|t:|1783821511\n|move|p1a: Latias|Mist Ball|p2a: Feraligatr\n|-damage|p2a: Feraligatr|26/100\n|move|p2a: Feraligatr|Dragon Dance|p2a: Feraligatr\n|-boost|p2a: Feraligatr|atk|1\n|-boost|p2a: Feraligatr|spe|1\n|\n|-weather|RainDance|[upkeep]\n|upkeep\n|turn|5\n|\n|t:|1783821517\n|move|p2a: Feraligatr|Ice Punch|p1a: Latias\n|-supereffective|p1a: Latias\n|-damage|p1a: Latias|0 fnt\n|faint|p1a: Latias\n|\n|-weather|RainDance|[upkeep]\n|upkeep\n|\n|t:|1783821520\n|switch|p1a: Samurott|Samurott-Hisui, F|100/100\n|turn|6\n|\n|t:|1783821524\n|move|p1a: Samurott|Aqua Jet|p2a: Feraligatr\n|-resisted|p2a: Feraligatr\n|-damage|p2a: Feraligatr|10/100\n|move|p2a: Feraligatr|Waterfall|p1a: Samurott\n|-resisted|p1a: Samurott\n|-damage|p1a: Samurott|6/100\n|\n|-weather|RainDance|[upkeep]\n|upkeep\n|turn|7\n|\n|t:|1783821528\n|move|p1a: Samurott|Aqua Jet|p2a: Feraligatr\n|-resisted|p2a: Feraligatr\n|-damage|p2a: Feraligatr|0 fnt\n|faint|p2a: Feraligatr\n|\n|-weather|RainDance|[upkeep]\n|upkeep\n|\n|t:|1783821532\n|switch|p2a: Cinderace|Cinderace, F|100/100\n|turn|8\n|\n|t:|1783821535\n|move|p1a: Samurott|Aqua Jet|p2a: Cinderace\n|-supereffective|p2a: Cinderace\n|-damage|p2a: Cinderace|17/100\n|move|p2a: Cinderace|Court Change|p2a: Cinderace\n|-start|p2a: Cinderace|typechange|Normal|[from] ability: Libero\n|-swapsideconditions\n|-activate|p2a: Cinderace|move: Court Change\n|\n|-weather|RainDance|[upkeep]\n|upkeep\n|turn|9\n|\n|t:|1783821558\n|move|p1a: Samurott|Aqua Jet|p2a: Cinderace\n|-damage|p2a: Cinderace|0 fnt\n|faint|p2a: Cinderace\n|\n|-weather|none\n|upkeep\n|\n|t:|1783821565\n|switch|p2a: Enamorus|Enamorus, F|100/100\n|turn|10\n|\n|t:|1783821574\n|switch|p1a: Corviknight|Corviknight, F|100/100\n|-ability|p1a: Corviknight|Pressure\n|move|p2a: Enamorus|Superpower|p1a: Corviknight\n|-damage|p1a: Corviknight|75/100\n|-boost|p2a: Enamorus|atk|1\n|-boost|p2a: Enamorus|def|1\n|\n|-heal|p1a: Corviknight|81/100|[from] item: Leftovers\n|upkeep\n|turn|11\n|\n|t:|1783821580\n|move|p2a: Enamorus|Superpower|p1a: Corviknight\n|-damage|p1a: Corviknight|37/100\n|-boost|p2a: Enamorus|atk|1\n|-boost|p2a: Enamorus|def|1\n|move|p1a: Corviknight|Tailwind|p1a: Corviknight\n|-sidestart|p1: Ouass78190|move: Tailwind\n|\n|-heal|p1a: Corviknight|44/100|[from] item: Leftovers\n|upkeep\n|turn|12\n|\n|t:|1783821583\n|move|p2a: Enamorus|Superpower|p1a: Corviknight\n|-damage|p1a: Corviknight|0 fnt\n|-boost|p2a: Enamorus|atk|1\n|-boost|p2a: Enamorus|def|1\n|faint|p1a: Corviknight\n|\n|upkeep\n|\n|t:|1783821589\n|switch|p1a: Cinderace|Cinderace, M|100/100\n|turn|13\n|\n|t:|1783821592\n|move|p1a: Cinderace|Court Change|p1a: Cinderace\n|-start|p1a: Cinderace|typechange|Normal|[from] ability: Libero\n|-swapsideconditions\n|-activate|p1a: Cinderace|move: Court Change\n|move|p2a: Enamorus|Superpower|p1a: Cinderace\n|-supereffective|p1a: Cinderace\n|-damage|p1a: Cinderace|0 fnt\n|-boost|p2a: Enamorus|atk|1\n|-boost|p2a: Enamorus|def|1\n|faint|p1a: Cinderace\n|\n|upkeep\n|\n|t:|1783821594\n|switch|p1a: Samurott|Samurott-Hisui, F|6/100\n|turn|14\n|\n|t:|1783821597\n|move|p2a: Enamorus|Superpower|p1a: Samurott\n|-supereffective|p1a: Samurott\n|-damage|p1a: Samurott|0 fnt\n|-boost|p2a: Enamorus|atk|1\n|-boost|p2a: Enamorus|def|1\n|faint|p1a: Samurott\n|\n|-sideend|p2: daconnman|move: Tailwind\n|upkeep\n|\n|t:|1783821603\n|switch|p1a: Zamazenta|Zamazenta|100/100\n|-ability|p1a: Zamazenta|Dauntless Shield|boost\n|-boost|p1a: Zamazenta|def|1\n|turn|15\n|\n|t:|1783821607\n|-activate|p2a: Enamorus|move: Struggle\n|move|p2a: Enamorus|Struggle|p1a: Zamazenta\n|-damage|p1a: Zamazenta|64/100\n|-damage|p2a: Enamorus|76/100|[from] recoil\n|move|p1a: Zamazenta|Wild Charge|p2a: Enamorus\n|-supereffective|p2a: Enamorus\n|-damage|p2a: Enamorus|37/100\n|-damage|p1a: Zamazenta|55/100|[from] Recoil\n|\n|upkeep\n|turn|16\n|\n|t:|1783821615\n|-activate|p2a: Enamorus|move: Struggle\n|move|p2a: Enamorus|Struggle|p1a: Zamazenta\n|-damage|p1a: Zamazenta|19/100\n|-damage|p2a: Enamorus|12/100|[from] recoil\n|move|p1a: Zamazenta|Wild Charge|p2a: Enamorus\n|-supereffective|p2a: Enamorus\n|-damage|p2a: Enamorus|0 fnt\n|faint|p2a: Enamorus\n|-damage|p1a: Zamazenta|16/100|[from] Recoil\n|\n|upkeep\n|\n|t:|1783821622\n|switch|p2a: Blaziken|Blaziken, F|100/100\n|-damage|p2a: Blaziken|88/100|[from] Spikes\n|turn|17\n|\n|t:|1783821625\n|move|p1a: Zamazenta|Wild Charge|p2a: Blaziken\n|-damage|p2a: Blaziken|22/100\n|-damage|p1a: Zamazenta|1/100|[from] Recoil\n|move|p2a: Blaziken|Flamethrower|p1a: Zamazenta\n|-damage|p1a: Zamazenta|0 fnt\n|faint|p1a: Zamazenta\n|-damage|p2a: Blaziken|12/100|[from] item: Life Orb\n|\n|win|daconnman\n|raw|Ouass78190's rating: 1246 &rarr; <strong>1222</strong><br />(-24 for losing)\n|raw|daconnman's rating: 1255 &rarr; <strong>1279</strong><br />(+24 for winning)\n|l|☆daconnman\n|player|p2|\n|l|☆Ouass78190\n|player|p1|\n", "uploadtime": 1783821936, "views": 4, "formatid": "gen9ou", "rating": 1222, "private": 0, "password": null}