{"id": "gen9ou-2540916696", "format": "[Gen 9] OU", "players": ["usedcardownloader", "Ancia"], "log": "|j|☆usedcardownloader\n|j|☆Ancia\n|t:|1771266894\n|gametype|singles\n|player|p1|usedcardownloader|1|1520\n|player|p2|Ancia|169|1537\n|gen|9\n|tier|[Gen 9] OU\n|rated|\n|rule|HP Percentage Mod: HP is shown in percentages\n|rule|Endless Battle Clause: Forcing endless battles is banned\n|rule|Species Clause: Limit one of each Pokémon\n|rule|OHKO Clause: OHKO moves are banned\n|rule|Evasion Items Clause: Evasion items are banned\n|rule|Evasion Moves Clause: Evasion moves are banned\n|rule|Evasion Abilities Clause: Evasion abilities are banned\n|rule|Sleep Moves Clause: Sleep-inducing moves are banned\n|clearpoke\n|poke|p1|Regidrago|\n|poke|p1|Scizor, M|\n|poke|p1|Great Tusk|\n|poke|p1|Alomomola, F|\n|poke|p1|Garganacl, M|\n|poke|p1|Corviknight, M|\n|poke|p2|Hatterene, F|\n|poke|p2|Ceruledge, F|\n|poke|p2|Hydrapple, M|\n|poke|p2|Milotic, M|\n|poke|p2|Gallade, M|\n|poke|p2|Glimmora, F|\n|teampreview\n|inactive|Battle timer is ON: inactive players will automatically lose when time's up. (requested by usedcardownloader)\n|\n|t:|1771266911\n|teamsize|p1|6\n|teamsize|p2|6\n|start\n|switch|p1a: grand tongulus|Great Tusk|100/100\n|switch|p2a: Hatterene|Hatterene, F|100/100\n|turn|1\n|\n|t:|1771266920\n|-end|p1a: grand tongulus|Protosynthesis|[silent]\n|switch|p1a: alomomomomola|Alomomola, F|100/100\n|move|p2a: Hatterene|Calm Mind|p2a: Hatterene\n|-boost|p2a: Hatterene|spa|1\n|-boost|p2a: Hatterene|spd|1\n|\n|upkeep\n|turn|2\n|j| moodrandom\n|\n|t:|1771266927\n|move|p1a: alomomomomola|Body Slam|p2a: Hatterene\n|-damage|p2a: Hatterene|89/100\n|move|p2a: Hatterene|Calm Mind|p2a: Hatterene\n|-boost|p2a: Hatterene|spa|1\n|-boost|p2a: Hatterene|spd|1\n|\n|-heal|p2a: Hatterene|95/100|[from] item: Leftovers\n|upkeep\n|turn|3\n|\n|t:|1771266934\n|move|p2a: Hatterene|Psyshock|p1a: alomomomomola\n|-damage|p1a: alomomomomola|42/100\n|move|p1a: alomomomomola|Mirror Coat|p2a: Hatterene\n|-damage|p2a: Hatterene|0 fnt\n|faint|p2a: Hatterene\n|\n|upkeep\n|\n|t:|1771266943\n|switch|p2a: Glimmora|Glimmora, F|100/100\n|turn|4\n|\n|t:|1771266948\n|move|p2a: Glimmora|Meteor Beam||[still]\n|-prepare|p2a: Glimmora|Meteor Beam\n|-boost|p2a: Glimmora|spa|1\n|-enditem|p2a: Glimmora|Power Herb\n|-anim|p2a: Glimmora|Meteor Beam|p1a: alomomomomola\n|-damage|p1a: alomomomomola|0 fnt\n|faint|p1a: alomomomomola\n|\n|upkeep\n|\n|t:|1771266952\n|switch|p1a: redirago|Regidrago|100/100\n|turn|5\n|\n|t:|1771266968\n|move|p1a: redirago|Dragon Energy|p2a: Glimmora\n|-damage|p2a: Glimmora|0 fnt\n|faint|p2a: Glimmora\n|\n|upkeep\n|\n|t:|1771266972\n|switch|p2a: Ceruledge|Ceruledge, F|100/100\n|turn|6\n|\n|t:|1771266975\n|-terastallize|p2a: Ceruledge|Fairy\n|move|p1a: redirago|Dragon Energy|p2a: Ceruledge\n|-immune|p2a: Ceruledge\n|move|p2a: Ceruledge|Swords Dance|p2a: Ceruledge\n|-boost|p2a: Ceruledge|atk|2\n|\n|upkeep\n|turn|7\n|\n|t:|1771266981\n|switch|p1a: meltedbyjetfuel|Corviknight, M|100/100\n|-ability|p1a: meltedbyjetfuel|Pressure\n|move|p2a: Ceruledge|Bitter Blade|p1a: meltedbyjetfuel\n|-supereffective|p1a: meltedbyjetfuel\n|-damage|p1a: meltedbyjetfuel|0 fnt\n|-damage|p2a: Ceruledge|84/100|[from] item: Rocky Helmet|[of] p1a: meltedbyjetfuel\n|faint|p1a: meltedbyjetfuel\n|\n|upkeep\n|\n|t:|1771266989\n|switch|p1a: runningwithscizor|Scizor, M|100/100\n|turn|8\n|\n|t:|1771266993\n|switch|p2a: Milotic|Milotic, M|100/100\n|move|p1a: runningwithscizor|Bullet Punch|p2a: Milotic\n|-resisted|p2a: Milotic\n|-damage|p2a: Milotic|85/100\n|-damage|p1a: runningwithscizor|84/100|[from] item: Rocky Helmet|[of] p2a: Milotic\n|\n|upkeep\n|turn|9\n|\n|t:|1771267010\n|move|p2a: Milotic|Scald|p1a: runningwithscizor\n|-damage|p1a: runningwithscizor|45/100\n|move|p1a: runningwithscizor|Swords Dance|p1a: runningwithscizor\n|-boost|p1a: runningwithscizor|atk|2\n|\n|upkeep\n|turn|10\n|\n|t:|1771267017\n|move|p2a: Milotic|Scald|p1a: runningwithscizor\n|-damage|p1a: runningwithscizor|10/100\n|-status|p1a: runningwithscizor|brn\n|move|p1a: runningwithscizor|Swords Dance|p1a: runningwithscizor\n|-boost|p1a: runningwithscizor|atk|2\n|\n|-damage|p1a: runningwithscizor|4/100 brn|[from] brn\n|upkeep\n|turn|11\n|\n|t:|1771267024\n|move|p2a: Milotic|Substitute|p2a: Milotic\n|-start|p2a: Milotic|Substitute\n|-damage|p2a: Milotic|60/100\n|move|p1a: runningwithscizor|Close Combat|p2a: Milotic\n|-end|p2a: Milotic|Substitute\n|-unboost|p1a: runningwithscizor|def|1\n|-unboost|p1a: runningwithscizor|spd|1\n|\n|-damage|p1a: runningwithscizor|0 fnt|[from] brn\n|faint|p1a: runningwithscizor\n|upkeep\n|\n|t:|1771267028\n|switch|p1a: salty spitoon|Garganacl, M|100/100\n|turn|12\n|\n|t:|1771267033\n|switch|p2a: Gallade|Gallade, M|100/100\n|-terastallize|p1a: salty spitoon|Water\n|move|p1a: salty spitoon|Salt Cure|p2a: Gallade\n|-resisted|p2a: Gallade\n|-damage|p2a: Gallade|88/100\n|-start|p2a: Gallade|Salt Cure\n|\n|-damage|p2a: Gallade|76/100|[from] Salt Cure\n|upkeep\n|turn|13\n|\n|t:|1771267039\n|move|p1a: salty spitoon|Protect|p1a: salty spitoon\n|-singleturn|p1a: salty spitoon|Protect\n|move|p2a: Gallade|Leaf Blade|p1a: salty spitoon\n|-activate|p1a: salty spitoon|move: Protect\n|\n|-damage|p2a: Gallade|63/100|[from] Salt Cure\n|upkeep\n|turn|14\n|\n|t:|1771267046\n|move|p2a: Gallade|Leaf Blade|p1a: salty spitoon\n|-supereffective|p1a: salty spitoon\n|-damage|p1a: salty spitoon|37/100\n|move|p1a: salty spitoon|Recover|p1a: salty spitoon\n|-heal|p1a: salty spitoon|87/100\n|\n|-heal|p1a: salty spitoon|93/100|[from] item: Leftovers\n|-damage|p2a: Gallade|51/100|[from] Salt Cure\n|upkeep\n|turn|15\n|\n|t:|1771267062\n|move|p1a: salty spitoon|Protect|p1a: salty spitoon\n|-singleturn|p1a: salty spitoon|Protect\n|move|p2a: Gallade|Swords Dance|p2a: Gallade\n|-boost|p2a: Gallade|atk|2\n|\n|-heal|p1a: salty spitoon|99/100|[from] item: Leftovers\n|-damage|p2a: Gallade|39/100|[from] Salt Cure\n|upkeep\n|turn|16\n|l| moodrandom\n|\n|t:|1771267084\n|switch|p1a: grand tongulus|Great Tusk|100/100\n|move|p2a: Gallade|Leaf Blade|p1a: grand tongulus\n|-supereffective|p1a: grand tongulus\n|-damage|p1a: grand tongulus|0 fnt\n|faint|p1a: grand tongulus\n|-end|p1a: grand tongulus|Protosynthesis|[silent]\n|\n|-damage|p2a: Gallade|26/100|[from] Salt Cure\n|upkeep\n|\n|t:|1771267093\n|switch|p1a: redirago|Regidrago|100/100\n|turn|17\n|\n|t:|1771267098\n|move|p1a: redirago|Earth Power|p2a: Gallade\n|-damage|p2a: Gallade|0 fnt\n|faint|p2a: Gallade\n|\n|upkeep\n|\n|t:|1771267101\n|switch|p2a: Hydrapple|Hydrapple, M|100/100\n|turn|18\n|\n|t:|1771267104\n|switch|p1a: salty spitoon|Garganacl, M, tera:Water|99/100\n|move|p2a: Hydrapple|Nasty Plot|p2a: Hydrapple\n|-boost|p2a: Hydrapple|spa|2\n|\n|-heal|p1a: salty spitoon|100/100|[from] item: Leftovers\n|upkeep\n|turn|19\n|\n|t:|1771267118\n|move|p2a: Hydrapple|Giga Drain|p1a: salty spitoon\n|-supereffective|p1a: salty spitoon\n|-damage|p1a: salty spitoon|22/100\n|move|p1a: salty spitoon|Salt Cure|p2a: Hydrapple\n|-damage|p2a: Hydrapple|93/100\n|-start|p2a: Hydrapple|Salt Cure\n|\n|-heal|p1a: salty spitoon|28/100|[from] item: Leftovers\n|-damage|p2a: Hydrapple|80/100|[from] Salt Cure\n|upkeep\n|turn|20\n|\n|t:|1771267138\n|switch|p1a: redirago|Regidrago|100/100\n|move|p2a: Hydrapple|Nasty Plot|p2a: Hydrapple\n|-boost|p2a: Hydrapple|spa|2\n|\n|-damage|p2a: Hydrapple|68/100|[from] Salt Cure\n|upkeep\n|turn|21\n|\n|t:|1771267155\n|switch|p2a: Ceruledge|Ceruledge, F, tera:Fairy|84/100\n|move|p1a: redirago|Dragon Energy|p2a: Ceruledge\n|-immune|p2a: Ceruledge\n|\n|upkeep\n|turn|22\n|-message|usedcardownloader forfeited.\n|\n|win|Ancia\n|raw|usedcardownloader's rating: 1520 &rarr; <strong>1501</strong><br />(-19 for losing)\n|raw|Ancia's rating: 1537 &rarr; <strong>1556</strong><br />(+19 for winning)\n|l|☆usedcardownloader\n|player|p1|\n|l|☆Ancia\n|player|p2|\n", "uploadtime": 1771267406, "views": 3, "formatid": "gen9ou", "rating": 1501, "private": 0, "password": null}