{"id": "gen9ou-2639913687", "format": "[Gen 9] OU", "players": ["suprya", "LowEL0God"], "log": "|badge|p1|bronze|gen9ou|100-9\n|html|<div class=\"broadcast-red\"><strong>This battle is required to be public due to one or more player having a season medal.</strong><br />During the public phase, you can discuss the state of the ladder <a href=\"/seasondiscussion\">in a special chatroom.</a></div>\n|uhtml|medal-msg|<div class=\"broadcast-blue\">Curious what those medals under the avatar are? PS now has Ladder Seasons! For more information, check out the <a href=\"https://www.smogon.com/forums/threads/3740067/\">thread on Smogon.</a></div>\n|j|☆suprya\n|j|☆LowEL0God\n|t:|1782542170\n|gametype|singles\n|player|p1|suprya|clown|1744\n|player|p2|LowEL0God|2|1699\n|gen|9\n|tier|[Gen 9] OU\n|rated|\n|rule|HP Percentage Mod: HP is shown in percentages\n|rule|Endless Battle Clause: Forcing endless battles is banned\n|rule|Species Clause: Limit one of each Pokémon\n|rule|OHKO Clause: OHKO moves are banned\n|rule|Evasion Items Clause: Evasion items are banned\n|rule|Evasion Moves Clause: Evasion moves are banned\n|rule|Evasion Abilities Clause: Evasion abilities are banned\n|rule|Sleep Moves Clause: Sleep-inducing moves are banned\n|clearpoke\n|poke|p1|Pelipper, F|\n|poke|p1|Hydrapple, F|\n|poke|p1|Iron Treads|\n|poke|p1|Gholdengo|\n|poke|p1|Greninja-*, M|\n|poke|p1|Iron Hands|\n|poke|p2|Pelipper, F|\n|poke|p2|Torkoal, M|\n|poke|p2|Walking Wake|\n|poke|p2|Tyranitar, M|\n|poke|p2|Excadrill, F|\n|poke|p2|Ogerpon-Wellspring, F|\n|teampreview\n|inactive|Battle timer is ON: inactive players will automatically lose when time's up. (requested by suprya)\n|inactive|LowEL0God also wants the timer to be on.\n|j| Disscratch\n|j| pls game\n|\n|t:|1782542191\n|teamsize|p1|6\n|teamsize|p2|6\n|start\n|switch|p1a: Iron Hands|Iron Hands|100/100\n|switch|p2a: Walking Wake|Walking Wake|100/100\n|turn|1\n|\n|t:|1782542196\n|move|p2a: Walking Wake|Hydro Steam|p1a: Iron Hands\n|-damage|p1a: Iron Hands|70/100\n|move|p1a: Iron Hands|Drain Punch|p2a: Walking Wake\n|-damage|p2a: Walking Wake|53/100\n|-heal|p1a: Iron Hands|87/100|[from] drain|[of] p2a: Walking Wake\n|\n|upkeep\n|turn|2\n|\n|t:|1782542201\n|-end|p2a: Walking Wake|Protosynthesis|[silent]\n|switch|p2a: Torkoal|Torkoal, M|100/100\n|-weather|SunnyDay|[from] ability: Drought|[of] p2a: Torkoal\n|move|p1a: Iron Hands|Drain Punch|p2a: Torkoal\n|-damage|p2a: Torkoal|79/100\n|-heal|p1a: Iron Hands|96/100|[from] drain|[of] p2a: Torkoal\n|\n|-weather|SunnyDay|[upkeep]\n|upkeep\n|turn|3\n|\n|t:|1782542205\n|-end|p1a: Iron Hands|Quark Drive|[silent]\n|switch|p1a: Pelipper|Pelipper, F|100/100\n|-weather|RainDance|[from] ability: Drizzle|[of] p1a: Pelipper\n|move|p2a: Torkoal|Will-O-Wisp|p1a: Pelipper\n|-status|p1a: Pelipper|brn\n|\n|-weather|RainDance|[upkeep]\n|-damage|p1a: Pelipper|94/100 brn|[from] brn\n|upkeep\n|turn|4\n|\n|t:|1782542208\n|switch|p2a: Hurricane Spam|Pelipper, F, shiny|100/100\n|move|p1a: Pelipper|Hurricane|p2a: Hurricane Spam\n|-damage|p2a: Hurricane Spam|45/100\n|\n|-weather|RainDance|[upkeep]\n|-damage|p1a: Pelipper|88/100 brn|[from] brn\n|upkeep\n|turn|5\n|\n|t:|1782542214\n|switch|p1a: Iron Treads|Iron Treads|100/100\n|move|p2a: Hurricane Spam|Hurricane|p1a: Iron Treads\n|-resisted|p1a: Iron Treads\n|-damage|p1a: Iron Treads|72/100\n|-start|p1a: Iron Treads|confusion\n|\n|-weather|RainDance|[upkeep]\n|-heal|p1a: Iron Treads|78/100|[from] item: Leftovers\n|upkeep\n|turn|6\n|\n|t:|1782542220\n|-activate|p1a: Iron Treads|confusion\n|move|p1a: Iron Treads|Stealth Rock|p2a: Hurricane Spam\n|-sidestart|p2: LowEL0God|move: Stealth Rock\n|move|p2a: Hurricane Spam|Hurricane|p1a: Iron Treads\n|-resisted|p1a: Iron Treads\n|-damage|p1a: Iron Treads|45/100\n|\n|-weather|RainDance|[upkeep]\n|-heal|p1a: Iron Treads|51/100|[from] item: Leftovers\n|upkeep\n|turn|7\n|\n|t:|1782542230\n|-activate|p1a: Iron Treads|confusion\n|-damage|p1a: Iron Treads|43/100|[from] confusion\n|move|p2a: Hurricane Spam|Hurricane|p1a: Iron Treads\n|-resisted|p1a: Iron Treads\n|-damage|p1a: Iron Treads|12/100\n|\n|-weather|none\n|-heal|p1a: Iron Treads|18/100|[from] item: Leftovers\n|upkeep\n|turn|8\n|\n|t:|1782542233\n|-activate|p1a: Iron Treads|confusion\n|-damage|p1a: Iron Treads|10/100|[from] confusion\n|move|p2a: Hurricane Spam|Hurricane|p1a: Iron Treads\n|-resisted|p1a: Iron Treads\n|-damage|p1a: Iron Treads|0 fnt\n|faint|p1a: Iron Treads\n|-end|p1a: Iron Treads|Quark Drive|[silent]\n|\n|upkeep\n|\n|t:|1782542241\n|switch|p1a: Gholdengo|Gholdengo|100/100\n|turn|9\n|j| Kathryne Keyron\n|\n|t:|1782542245\n|switch|p2a: No Hazards for You|Excadrill, F, shiny|100/100\n|-damage|p2a: No Hazards for You|97/100|[from] Stealth Rock\n|move|p1a: Gholdengo|Shadow Ball|p2a: No Hazards for You\n|-crit|p2a: No Hazards for You\n|-damage|p2a: No Hazards for You|9/100\n|\n|upkeep\n|turn|10\n|\n|t:|1782542249\n|switch|p2a: No Lando Plz|Tyranitar, M, shiny|100/100\n|-weather|Sandstorm|[from] ability: Sand Stream|[of] p2a: No Lando Plz\n|move|p1a: Gholdengo|Shadow Ball|p2a: No Lando Plz\n|-resisted|p2a: No Lando Plz\n|-damage|p2a: No Lando Plz|93/100\n|\n|-weather|Sandstorm|[upkeep]\n|upkeep\n|turn|11\n|\n|t:|1782542257\n|switch|p1a: Hydrapple|Hydrapple, F|100/100\n|move|p2a: No Lando Plz|Stealth Rock|p1a: Hydrapple\n|-sidestart|p1: suprya|move: Stealth Rock\n|\n|-weather|Sandstorm|[upkeep]\n|-damage|p1a: Hydrapple|94/100|[from] Sandstorm\n|upkeep\n|turn|12\n|\n|t:|1782542265\n|move|p2a: No Lando Plz|Ice Beam|p1a: Hydrapple\n|-supereffective|p1a: Hydrapple\n|-damage|p1a: Hydrapple|22/100\n|move|p1a: Hydrapple|Fickle Beam|p2a: No Lando Plz\n|-damage|p2a: No Lando Plz|79/100\n|\n|-weather|Sandstorm|[upkeep]\n|-damage|p1a: Hydrapple|16/100|[from] Sandstorm\n|upkeep\n|turn|13\n|\n|t:|1782542271\n|switch|p2a: No Hazards for You|Excadrill, F, shiny|9/100\n|-damage|p2a: No Hazards for You|6/100|[from] Stealth Rock\n|switch|p1a: Iron Hands|Iron Hands|96/100\n|-damage|p1a: Iron Hands|89/100|[from] Stealth Rock\n|\n|-weather|Sandstorm|[upkeep]\n|-damage|p1a: Iron Hands|83/100|[from] Sandstorm\n|upkeep\n|turn|14\n|j| Yamhard\n|\n|t:|1782542277\n|-end|p1a: Iron Hands|Quark Drive|[silent]\n|switch|p1a: Pelipper|Pelipper, F|88/100 brn\n|-weather|RainDance|[from] ability: Drizzle|[of] p1a: Pelipper\n|move|p2a: No Hazards for You|Rapid Spin|p1a: Pelipper\n|-damage|p1a: Pelipper|64/100 brn\n|-boost|p2a: No Hazards for You|spe|1\n|-sideend|p2: LowEL0God|Stealth Rock|[from] move: Rapid Spin|[of] p2a: No Hazards for You\n|\n|-weather|RainDance|[upkeep]\n|-damage|p1a: Pelipper|57/100 brn|[from] brn\n|upkeep\n|turn|15\n|\n|t:|1782542281\n|move|p2a: No Hazards for You|Rapid Spin|p1a: Pelipper\n|-damage|p1a: Pelipper|36/100 brn\n|-boost|p2a: No Hazards for You|spe|1\n|move|p1a: Pelipper|Roost|p1a: Pelipper\n|-heal|p1a: Pelipper|87/100 brn\n|-singleturn|p1a: Pelipper|move: Roost\n|\n|-weather|RainDance|[upkeep]\n|-damage|p1a: Pelipper|80/100 brn|[from] brn\n|upkeep\n|turn|16\n|\n|t:|1782542285\n|move|p2a: No Hazards for You|Rapid Spin|p1a: Pelipper\n|-damage|p1a: Pelipper|60/100 brn\n|-boost|p2a: No Hazards for You|spe|1\n|move|p1a: Pelipper|Roost|p1a: Pelipper\n|-heal|p1a: Pelipper|100/100 brn\n|-singleturn|p1a: Pelipper|move: Roost\n|\n|-weather|RainDance|[upkeep]\n|-damage|p1a: Pelipper|94/100 brn|[from] brn\n|upkeep\n|turn|17\n|\n|t:|1782542294\n|move|p2a: No Hazards for You|Rapid Spin|p1a: Pelipper\n|-damage|p1a: Pelipper|72/100 brn\n|-boost|p2a: No Hazards for You|spe|1\n|move|p1a: Pelipper|Surf|p2a: No Hazards for You\n|-supereffective|p2a: No Hazards for You\n|-crit|p2a: No Hazards for You\n|-damage|p2a: No Hazards for You|0 fnt\n|faint|p2a: No Hazards for You\n|\n|-weather|RainDance|[upkeep]\n|-damage|p1a: Pelipper|66/100 brn|[from] brn\n|upkeep\n|\n|t:|1782542294\n|switch|p2a: Walking Wake|Walking Wake|53/100\n|turn|18\n|\n|t:|1782542300\n|move|p2a: Walking Wake|Dragon Pulse|p1a: Pelipper\n|-damage|p1a: Pelipper|0 fnt\n|faint|p1a: Pelipper\n|\n|-weather|none\n|upkeep\n|l| Yamhard\n|\n|t:|1782542305\n|switch|p1a: Gholdengo|Gholdengo|100/100\n|-damage|p1a: Gholdengo|94/100|[from] Stealth Rock\n|turn|19\n|\n|t:|1782542310\n|move|p1a: Gholdengo|Shadow Ball|p2a: Walking Wake\n|-damage|p2a: Walking Wake|6/100\n|move|p2a: Walking Wake|Dragon Pulse|p1a: Gholdengo\n|-resisted|p1a: Gholdengo\n|-damage|p1a: Gholdengo|54/100\n|\n|upkeep\n|turn|20\n|\n|t:|1782542312\n|-end|p2a: Walking Wake|Protosynthesis|[silent]\n|switch|p2a: No Lando Plz|Tyranitar, M, shiny|79/100\n|-weather|Sandstorm|[from] ability: Sand Stream|[of] p2a: No Lando Plz\n|move|p1a: Gholdengo|Shadow Ball|p2a: No Lando Plz\n|-resisted|p2a: No Lando Plz\n|-damage|p2a: No Lando Plz|70/100\n|\n|-weather|Sandstorm|[upkeep]\n|upkeep\n|turn|21\n|\n|t:|1782542319\n|switch|p1a: Iron Hands|Iron Hands|83/100\n|-damage|p1a: Iron Hands|77/100|[from] Stealth Rock\n|move|p2a: No Lando Plz|Ice Beam|p1a: Iron Hands\n|-damage|p1a: Iron Hands|68/100\n|\n|-weather|Sandstorm|[upkeep]\n|-damage|p1a: Iron Hands|62/100|[from] Sandstorm\n|upkeep\n|turn|22\n|\n|t:|1782542321\n|switch|p2a: Torkoal|Torkoal, M|79/100\n|-weather|SunnyDay|[from] ability: Drought|[of] p2a: Torkoal\n|move|p1a: Iron Hands|Drain Punch|p2a: Torkoal\n|-damage|p2a: Torkoal|56/100\n|-heal|p1a: Iron Hands|70/100|[from] drain|[of] p2a: Torkoal\n|\n|-weather|SunnyDay|[upkeep]\n|upkeep\n|turn|23\n|j| LuwerPVP\n|\n|t:|1782542332\n|-end|p1a: Iron Hands|Quark Drive|[silent]\n|switch|p1a: Greninja|Greninja, M|100/100\n|-damage|p1a: Greninja|88/100|[from] Stealth Rock\n|move|p2a: Torkoal|Will-O-Wisp|p1a: Greninja|[miss]\n|-miss|p2a: Torkoal|p1a: Greninja\n|\n|-weather|SunnyDay|[upkeep]\n|upkeep\n|turn|24\n|j| arturohdez\n|\n|t:|1782542339\n|switch|p2a: No Lando Plz|Tyranitar, M, shiny|70/100\n|-weather|Sandstorm|[from] ability: Sand Stream|[of] p2a: No Lando Plz\n|move|p1a: Greninja|Dark Pulse|p2a: No Lando Plz\n|-resisted|p2a: No Lando Plz\n|-damage|p2a: No Lando Plz|63/100\n|\n|-weather|Sandstorm|[upkeep]\n|-damage|p1a: Greninja|82/100|[from] Sandstorm\n|upkeep\n|turn|25\n|\n|t:|1782542342\n|move|p1a: Greninja|Hydro Pump|p2a: No Lando Plz\n|-supereffective|p2a: No Lando Plz\n|-damage|p2a: No Lando Plz|19/100\n|move|p2a: No Lando Plz|Stone Edge|p1a: Greninja\n|-damage|p1a: Greninja|7/100\n|\n|-weather|Sandstorm|[upkeep]\n|-damage|p1a: Greninja|1/100|[from] Sandstorm\n|upkeep\n|turn|26\n|j| euphoricpoptarts\n|\n|t:|1782542349\n|move|p1a: Greninja|Spikes|p2a: No Lando Plz\n|-sidestart|p2: LowEL0God|Spikes\n|move|p2a: No Lando Plz|Stone Edge|p1a: Greninja\n|-damage|p1a: Greninja|0 fnt\n|faint|p1a: Greninja\n|\n|-weather|Sandstorm|[upkeep]\n|upkeep\n|\n|t:|1782542352\n|switch|p1a: Iron Hands|Iron Hands|70/100\n|-damage|p1a: Iron Hands|64/100|[from] Stealth Rock\n|turn|27\n|\n|t:|1782542354\n|switch|p2a: Hurricane Spam|Pelipper, F, shiny|45/100\n|-weather|RainDance|[from] ability: Drizzle|[of] p2a: Hurricane Spam\n|move|p1a: Iron Hands|Drain Punch|p2a: Hurricane Spam\n|-resisted|p2a: Hurricane Spam\n|-damage|p2a: Hurricane Spam|26/100\n|-heal|p1a: Iron Hands|71/100|[from] drain|[of] p2a: Hurricane Spam\n|\n|-weather|RainDance|[upkeep]\n|upkeep\n|turn|28\n|\n|t:|1782542359\n|-end|p1a: Iron Hands|Quark Drive|[silent]\n|switch|p1a: Gholdengo|Gholdengo|54/100\n|-damage|p1a: Gholdengo|48/100|[from] Stealth Rock\n|move|p2a: Hurricane Spam|Weather Ball|p1a: Gholdengo\n|-damage|p1a: Gholdengo|0 fnt\n|faint|p1a: Gholdengo\n|\n|-weather|RainDance|[upkeep]\n|upkeep\n|\n|t:|1782542363\n|switch|p1a: Hydrapple|Hydrapple, F|49/100\n|turn|29\n|\n|t:|1782542365\n|move|p2a: Hurricane Spam|Weather Ball|p1a: Hydrapple\n|-resisted|p1a: Hydrapple\n|-damage|p1a: Hydrapple|26/100\n|move|p1a: Hydrapple|Giga Drain|p2a: Hurricane Spam\n|-damage|p2a: Hurricane Spam|0 fnt\n|-heal|p1a: Hydrapple|36/100|[from] drain|[of] p2a: Hurricane Spam\n|faint|p2a: Hurricane Spam\n|\n|-weather|RainDance|[upkeep]\n|upkeep\n|\n|t:|1782542367\n|switch|p2a: Ogerpon|Ogerpon-Wellspring, F|100/100\n|-damage|p2a: Ogerpon|88/100|[from] Spikes\n|turn|30\n|\n|t:|1782542372\n|move|p2a: Ogerpon|Play Rough|p1a: Hydrapple\n|-supereffective|p1a: Hydrapple\n|-damage|p1a: Hydrapple|0 fnt\n|faint|p1a: Hydrapple\n|\n|-weather|RainDance|[upkeep]\n|upkeep\n|\n|t:|1782542375\n|switch|p1a: Iron Hands|Iron Hands|71/100\n|-damage|p1a: Iron Hands|65/100|[from] Stealth Rock\n|turn|31\n|\n|t:|1782542378\n|-terastallize|p2a: Ogerpon|Water\n|detailschange|p2a: Ogerpon|Ogerpon-Wellspring-Tera, F, tera:Water\n|-ability|p2a: Ogerpon|Embody Aspect (Wellspring)|boost\n|-boost|p2a: Ogerpon|spd|1\n|-terastallize|p1a: Iron Hands|Steel\n|move|p2a: Ogerpon|Ivy Cudgel|p1a: Iron Hands|[anim] Ivy Cudgel Water\n|-damage|p1a: Iron Hands|0 fnt\n|faint|p1a: Iron Hands\n|-end|p1a: Iron Hands|Quark Drive|[silent]\n|\n|win|LowEL0God\n|raw|suprya's rating: 1744 &rarr; <strong>1721</strong><br />(-23 for losing)\n|raw|LowEL0God's rating: 1699 &rarr; <strong>1722</strong><br />(+23 for winning)\n|l|☆suprya\n|player|p1|\n|l| arturohdez\n|l|☆LowEL0God\n|player|p2|\n|l| Disscratch\n|l| euphoricpoptarts\n|l| pls game\n", "uploadtime": 1782542533, "views": 15, "formatid": "gen9ou", "rating": 1721, "private": 0, "password": null}