{"id": "gen9ou-2647815929", "format": "[Gen 9] OU", "players": ["rolandthemaleralts", "Realrap55"], "log": "|j|☆rolandthemaleralts\n|j|☆Realrap55\n|t:|1783817543\n|gametype|singles\n|player|p1|rolandthemaleralts|266|1259\n|player|p2|Realrap55|rocketgrunt|1237\n|gen|9\n|tier|[Gen 9] OU\n|rated|\n|rule|HP Percentage Mod: HP is shown in percentages\n|rule|Endless Battle Clause: Forcing endless battles is banned\n|rule|Species Clause: Limit one of each Pokémon\n|rule|OHKO Clause: OHKO moves are banned\n|rule|Evasion Items Clause: Evasion items are banned\n|rule|Evasion Moves Clause: Evasion moves are banned\n|rule|Evasion Abilities Clause: Evasion abilities are banned\n|rule|Sleep Moves Clause: Sleep-inducing moves are banned\n|clearpoke\n|poke|p1|Torkoal, F|\n|poke|p1|Charizard, M|\n|poke|p1|Venusaur, F|\n|poke|p1|Corviknight, F|\n|poke|p1|Walking Wake|\n|poke|p1|Iron Boulder|\n|poke|p2|Dragapult, F|\n|poke|p2|Ogerpon, F|\n|poke|p2|Pecharunt|\n|poke|p2|Great Tusk|\n|poke|p2|Slowking, F|\n|poke|p2|Moltres-Galar|\n|teampreview\n|inactive|Battle timer is ON: inactive players will automatically lose when time's up. (requested by Realrap55)\n|\n|t:|1783817562\n|teamsize|p1|6\n|teamsize|p2|6\n|start\n|switch|p1a: Torkoal|Torkoal, F|100/100\n|switch|p2a: Slowking|Slowking, F, shiny|100/100\n|-weather|SunnyDay|[from] ability: Drought|[of] p1a: Torkoal\n|turn|1\n|\n|t:|1783817571\n|switch|p1a: Venusaur|Venusaur, F|100/100\n|move|p2a: Slowking|Future Sight|p1a: Venusaur\n|-start|p2a: Slowking|move: Future Sight\n|\n|-weather|SunnyDay|[upkeep]\n|upkeep\n|turn|2\n|inactive|Realrap55 has 120 seconds left.\n|\n|t:|1783817611\n|move|p1a: Venusaur|Solar Beam||[still]\n|-prepare|p1a: Venusaur|Solar Beam\n|-anim|p1a: Venusaur|Solar Beam|p2a: Slowking\n|-supereffective|p2a: Slowking\n|-damage|p2a: Slowking|48/100\n|-damage|p1a: Venusaur|91/100|[from] item: Life Orb\n|move|p2a: Slowking|Fire Blast|p1a: Venusaur\n|-supereffective|p1a: Venusaur\n|-damage|p1a: Venusaur|1/100\n|\n|-weather|SunnyDay|[upkeep]\n|upkeep\n|turn|3\n|inactive|Realrap55 has 90 seconds left.\n|inactive|rolandthemaleralts has 120 seconds left.\n|\n|t:|1783817657\n|switch|p1a: Walking Wake|Walking Wake|100/100\n|-activate|p1a: Walking Wake|ability: Protosynthesis\n|-start|p1a: Walking Wake|protosynthesisspe\n|switch|p2a: Great Tusk|Great Tusk, shiny|100/100\n|-activate|p2a: Great Tusk|ability: Protosynthesis\n|-start|p2a: Great Tusk|protosynthesisatk\n|\n|-weather|SunnyDay|[upkeep]\n|-end|p1a: Walking Wake|move: Future Sight\n|-damage|p1a: Walking Wake|52/100\n|upkeep\n|turn|4\n|\n|t:|1783817671\n|-end|p2a: Great Tusk|Protosynthesis|[silent]\n|switch|p2a: Slowking|Slowking, F, shiny|82/100\n|move|p1a: Walking Wake|Hydro Steam|p2a: Slowking\n|-resisted|p2a: Slowking\n|-damage|p2a: Slowking|63/100\n|\n|-weather|SunnyDay|[upkeep]\n|upkeep\n|turn|5\n|inactive|rolandthemaleralts has 90 seconds left.\n|\n|t:|1783817706\n|-end|p1a: Walking Wake|Protosynthesis|[silent]\n|switch|p1a: Charizard|Charizard, M|100/100\n|move|p2a: Slowking|Future Sight|p1a: Charizard\n|-start|p2a: Slowking|move: Future Sight\n|\n|-weather|SunnyDay|[upkeep]\n|-damage|p1a: Charizard|88/100|[from] ability: Solar Power|[of] p1a: Charizard\n|upkeep\n|turn|6\n|inactive|rolandthemaleralts has 90 seconds left.\n|inactive|Realrap55 has 90 seconds left.\n|\n|t:|1783817739\n|-terastallize|p1a: Charizard|Fire\n|move|p1a: Charizard|Overheat|p2a: Slowking\n|-resisted|p2a: Slowking\n|-crit|p2a: Slowking\n|-damage|p2a: Slowking|12/100\n|-unboost|p1a: Charizard|spa|2\n|move|p2a: Slowking|Psyshock|p1a: Charizard\n|-damage|p1a: Charizard|49/100\n|\n|-weather|SunnyDay|[upkeep]\n|-damage|p1a: Charizard|37/100|[from] ability: Solar Power|[of] p1a: Charizard\n|upkeep\n|turn|7\n|inactive|rolandthemaleralts has 60 seconds left.\n|\n|t:|1783817778\n|switch|p2a: Great Tusk|Great Tusk, shiny|100/100\n|-activate|p2a: Great Tusk|ability: Protosynthesis\n|-start|p2a: Great Tusk|protosynthesisatk\n|move|p1a: Charizard|Overheat|p2a: Great Tusk\n|-damage|p2a: Great Tusk|12/100\n|-unboost|p1a: Charizard|spa|2\n|\n|-weather|SunnyDay|[upkeep]\n|-damage|p1a: Charizard|24/100|[from] ability: Solar Power|[of] p1a: Charizard\n|-end|p1a: Charizard|move: Future Sight\n|-damage|p1a: Charizard|0 fnt\n|faint|p1a: Charizard\n|upkeep\n|inactive|rolandthemaleralts has 30 seconds left.\n|-message|rolandthemaleralts forfeited.\n|\n|win|Realrap55\n|raw|rolandthemaleralts's rating: 1259 &rarr; <strong>1232</strong><br />(-27 for losing)\n|raw|Realrap55's rating: 1237 &rarr; <strong>1264</strong><br />(+27 for winning)\n|l|☆rolandthemaleralts\n|player|p1|\n|l|☆Realrap55\n|player|p2|\n", "uploadtime": 1783818126, "views": 3, "formatid": "gen9ou", "rating": 1232, "private": 0, "password": null}