{"id": "gen9ou-2639202810", "format": "[Gen 9] OU", "players": ["Cobalt Black", "miikuh"], "log": "|j|☆Cobalt Black\n|j|☆miikuh\n|t:|1782433462\n|gametype|singles\n|player|p1|Cobalt Black|266|1100\n|player|p2|miikuh|acetrainerf|1106\n|gen|9\n|tier|[Gen 9] OU\n|rated|\n|rule|HP Percentage Mod: HP is shown in percentages\n|rule|Endless Battle Clause: Forcing endless battles is banned\n|rule|Species Clause: Limit one of each Pokémon\n|rule|OHKO Clause: OHKO moves are banned\n|rule|Evasion Items Clause: Evasion items are banned\n|rule|Evasion Moves Clause: Evasion moves are banned\n|rule|Evasion Abilities Clause: Evasion abilities are banned\n|rule|Sleep Moves Clause: Sleep-inducing moves are banned\n|clearpoke\n|poke|p1|Rhydon, M|\n|poke|p1|Alomomola, F|\n|poke|p1|Iron Treads|\n|poke|p1|Garganacl, M|\n|poke|p1|Kommo-o, F|\n|poke|p1|Grimmsnarl, M|\n|poke|p2|Primarina, F|\n|poke|p2|Serperior, F|\n|poke|p2|Regieleki|\n|poke|p2|Blissey, F|\n|poke|p2|Landorus-Therian, M|\n|poke|p2|Deoxys-Speed|\n|teampreview\n|\n|t:|1782433477\n|teamsize|p1|6\n|teamsize|p2|6\n|start\n|switch|p1a: Grimmsnarl|Grimmsnarl, M|100/100\n|switch|p2a: Primarina|Primarina, F|100/100\n|turn|1\n|inactive|Battle timer is ON: inactive players will automatically lose when time's up. (requested by Cobalt Black)\n|\n|t:|1782433486\n|move|p1a: Grimmsnarl|Parting Shot|p2a: Primarina\n|-unboost|p2a: Primarina|atk|1\n|-unboost|p2a: Primarina|spa|1\n|\n|t:|1782433489\n|switch|p1a: Alomomola|Alomomola, F, shiny|100/100|[from] Parting Shot\n|move|p2a: Primarina|Calm Mind|p2a: Primarina\n|-boost|p2a: Primarina|spa|1\n|-boost|p2a: Primarina|spd|1\n|\n|upkeep\n|turn|2\n|\n|t:|1782433495\n|switch|p2a: Serperior|Serperior, F|100/100\n|move|p1a: Alomomola|Flip Turn|p2a: Serperior\n|-resisted|p2a: Serperior\n|-damage|p2a: Serperior|92/100\n|\n|t:|1782433505\n|switch|p1a: Rhydon|Rhydon, M|100/100|[from] Flip Turn\n|\n|-heal|p2a: Serperior|98/100|[from] item: Leftovers\n|upkeep\n|turn|3\n|\n|t:|1782433522\n|-terastallize|p1a: Rhydon|Flying\n|move|p2a: Serperior|Leaf Storm|p1a: Rhydon\n|-resisted|p1a: Rhydon\n|-damage|p1a: Rhydon|84/100\n|-boost|p2a: Serperior|spa|2\n|move|p1a: Rhydon|Ice Punch|p2a: Serperior\n|-supereffective|p2a: Serperior\n|-damage|p2a: Serperior|45/100\n|-status|p2a: Serperior|frz\n|\n|-heal|p2a: Serperior|51/100 frz|[from] item: Leftovers\n|upkeep\n|turn|4\n|\n|t:|1782433532\n|cant|p2a: Serperior|frz\n|move|p1a: Rhydon|Swords Dance|p1a: Rhydon\n|-boost|p1a: Rhydon|atk|2\n|\n|-heal|p2a: Serperior|58/100 frz|[from] item: Leftovers\n|upkeep\n|turn|5\n|\n|t:|1782433537\n|cant|p2a: Serperior|frz\n|move|p1a: Rhydon|Ice Punch|p2a: Serperior\n|-supereffective|p2a: Serperior\n|-damage|p2a: Serperior|0 fnt\n|faint|p2a: Serperior\n|\n|upkeep\n|\n|t:|1782433541\n|switch|p2a: Regieleki|Regieleki|100/100\n|turn|6\n|\n|t:|1782433545\n|move|p2a: Regieleki|Volt Switch|p1a: Rhydon\n|-ability|p1a: Rhydon|Lightning Rod|boost\n|-boost|p1a: Rhydon|spa|1\n|move|p1a: Rhydon|Earthquake|p2a: Regieleki\n|-supereffective|p2a: Regieleki\n|-damage|p2a: Regieleki|0 fnt\n|faint|p2a: Regieleki\n|\n|upkeep\n|\n|t:|1782433559\n|switch|p2a: Primarina|Primarina, F|100/100\n|turn|7\n|\n|t:|1782433570\n|move|p2a: Primarina|Ice Beam|p1a: Rhydon\n|-supereffective|p1a: Rhydon\n|-crit|p1a: Rhydon\n|-damage|p1a: Rhydon|0 fnt\n|faint|p1a: Rhydon\n|\n|upkeep\n|\n|t:|1782433577\n|switch|p1a: Grimmsnarl|Grimmsnarl, M|100/100\n|turn|8\n|\n|t:|1782433579\n|move|p1a: Grimmsnarl|Parting Shot|p2a: Primarina\n|-unboost|p2a: Primarina|atk|1\n|-unboost|p2a: Primarina|spa|1\n|\n|t:|1782433583\n|switch|p1a: Alomomola|Alomomola, F, shiny|100/100|[from] Parting Shot\n|move|p2a: Primarina|Calm Mind|p2a: Primarina\n|-boost|p2a: Primarina|spa|1\n|-boost|p2a: Primarina|spd|1\n|\n|upkeep\n|turn|9\n|\n|t:|1782433596\n|switch|p2a: Blissey|Blissey, F, shiny|100/100\n|move|p1a: Alomomola|Flip Turn|p2a: Blissey\n|-damage|p2a: Blissey|87/100\n|\n|t:|1782433601\n|switch|p1a: Grimmsnarl|Grimmsnarl, M|100/100|[from] Flip Turn\n|\n|upkeep\n|turn|10\n|\n|t:|1782433606\n|move|p1a: Grimmsnarl|Trick|p2a: Blissey\n|-activate|p1a: Grimmsnarl|move: Trick|[of] p2a: Blissey\n|-item|p2a: Blissey|Choice Scarf|[from] move: Trick\n|-item|p1a: Grimmsnarl|Heavy-Duty Boots|[from] move: Trick\n|move|p2a: Blissey|Calm Mind|p2a: Blissey\n|-boost|p2a: Blissey|spa|1\n|-boost|p2a: Blissey|spd|1\n|\n|upkeep\n|turn|11\n|\n|t:|1782433622\n|switch|p2a: Primarina|Primarina, F|100/100\n|move|p1a: Grimmsnarl|Thunder Wave|p2a: Primarina\n|-status|p2a: Primarina|par\n|\n|upkeep\n|turn|12\n|\n|t:|1782433629\n|move|p1a: Grimmsnarl|Parting Shot|p2a: Primarina\n|-unboost|p2a: Primarina|atk|1\n|-unboost|p2a: Primarina|spa|1\n|\n|t:|1782433633\n|switch|p1a: Alomomola|Alomomola, F, shiny|100/100|[from] Parting Shot\n|move|p2a: Primarina|Draining Kiss|p1a: Alomomola\n|-damage|p1a: Alomomola|85/100\n|-damage|p2a: Primarina|84/100 par|[from] item: Rocky Helmet|[of] p1a: Alomomola\n|\n|-heal|p2a: Primarina|90/100 par|[from] item: Leftovers\n|upkeep\n|turn|13\n|\n|t:|1782433650\n|move|p1a: Alomomola|Flip Turn|p2a: Primarina\n|-resisted|p2a: Primarina\n|-damage|p2a: Primarina|81/100 par\n|\n|t:|1782433673\n|switch|p1a: Grimmsnarl|Grimmsnarl, M|100/100|[from] Flip Turn\n|cant|p2a: Primarina|par\n|\n|-heal|p2a: Primarina|87/100 par|[from] item: Leftovers\n|upkeep\n|turn|14\n|\n|t:|1782433700\n|move|p1a: Grimmsnarl|Spirit Break|p2a: Primarina\n|-damage|p2a: Primarina|40/100 par\n|-unboost|p2a: Primarina|spa|1\n|cant|p2a: Primarina|par\n|\n|-heal|p2a: Primarina|46/100 par|[from] item: Leftovers\n|upkeep\n|turn|15\n|inactive|Cobalt Black has 120 seconds left.\n|\n|t:|1782433727\n|switch|p2a: Landorus|Landorus-Therian, M|100/100\n|-ability|p2a: Landorus|Intimidate|boost\n|-unboost|p1a: Grimmsnarl|atk|1\n|move|p1a: Grimmsnarl|Spirit Break|p2a: Landorus\n|-damage|p2a: Landorus|74/100\n|-unboost|p2a: Landorus|spa|1\n|-damage|p1a: Grimmsnarl|84/100|[from] item: Rocky Helmet|[of] p2a: Landorus\n|\n|upkeep\n|turn|16\n|inactive|Cobalt Black has 120 seconds left.\n|\n|t:|1782433741\n|move|p2a: Landorus|Stealth Rock|p1a: Grimmsnarl\n|-sidestart|p1: Cobalt Black|move: Stealth Rock\n|move|p1a: Grimmsnarl|Parting Shot|p2a: Landorus\n|-unboost|p2a: Landorus|atk|1\n|-unboost|p2a: Landorus|spa|1\n|\n|t:|1782433744\n|switch|p1a: Iron Treads|Iron Treads|100/100|[from] Parting Shot\n|-damage|p1a: Iron Treads|97/100|[from] Stealth Rock\n|\n|upkeep\n|turn|17\n|inactive|miikuh has 120 seconds left.\n|\n|t:|1782433771\n|move|p1a: Iron Treads|Rapid Spin|p2a: Landorus\n|-damage|p2a: Landorus|52/100\n|-boost|p1a: Iron Treads|spe|1\n|-damage|p1a: Iron Treads|81/100|[from] item: Rocky Helmet|[of] p2a: Landorus\n|-sideend|p1: Cobalt Black|Stealth Rock|[from] move: Rapid Spin|[of] p1a: Iron Treads\n|move|p2a: Landorus|Earthquake|p1a: Iron Treads\n|-supereffective|p1a: Iron Treads\n|-damage|p1a: Iron Treads|8/100\n|\n|upkeep\n|turn|18\n|inactive|Cobalt Black has 120 seconds left.\n|inactive|Cobalt Black has 90 seconds left.\n|\n|t:|1782433835\n|-end|p1a: Iron Treads|Quark Drive|[silent]\n|switch|p1a: Alomomola|Alomomola, F, shiny|100/100\n|move|p2a: Landorus|Stealth Rock|p1a: Alomomola\n|-sidestart|p1: Cobalt Black|move: Stealth Rock\n|\n|upkeep\n|turn|19\n|inactive|Cobalt Black has 90 seconds left.\n|\n|t:|1782433849\n|switch|p2a: Primarina|Primarina, F|46/100 par\n|move|p1a: Alomomola|Flip Turn|p2a: Primarina\n|-resisted|p2a: Primarina\n|-damage|p2a: Primarina|36/100 par\n|inactive|Cobalt Black has 90 seconds left.\n|\n|t:|1782433856\n|switch|p1a: Grimmsnarl|Grimmsnarl, M|84/100|[from] Flip Turn\n|\n|-heal|p2a: Primarina|42/100 par|[from] item: Leftovers\n|upkeep\n|turn|20\n|\n|t:|1782433866\n|move|p1a: Grimmsnarl|Spirit Break|p2a: Primarina\n|-damage|p2a: Primarina|0 fnt\n|faint|p2a: Primarina\n|\n|upkeep\n|\n|t:|1782433876\n|switch|p2a: Landorus|Landorus-Therian, M|52/100\n|-ability|p2a: Landorus|Intimidate|boost\n|-unboost|p1a: Grimmsnarl|atk|1\n|turn|21\n|\n|t:|1782433888\n|move|p2a: Landorus|Stone Edge|p1a: Grimmsnarl\n|-damage|p1a: Grimmsnarl|30/100\n|move|p1a: Grimmsnarl|Trick|p2a: Landorus\n|-activate|p1a: Grimmsnarl|move: Trick|[of] p2a: Landorus\n|-item|p2a: Landorus|Heavy-Duty Boots|[from] move: Trick\n|-item|p1a: Grimmsnarl|Rocky Helmet|[from] move: Trick\n|\n|upkeep\n|turn|22\n|\n|t:|1782433894\n|switch|p1a: Alomomola|Alomomola, F, shiny|100/100\n|-damage|p1a: Alomomola|88/100|[from] Stealth Rock\n|move|p2a: Landorus|Stone Edge|p1a: Alomomola\n|-damage|p1a: Alomomola|63/100\n|\n|upkeep\n|turn|23\n|\n|t:|1782433907\n|switch|p2a: Deoxys|Deoxys-Speed|100/100\n|-ability|p2a: Deoxys|Pressure\n|move|p1a: Alomomola|Wish|p1a: Alomomola\n|\n|upkeep\n|turn|24\n|inactive|Cobalt Black has 120 seconds left.\n|\n|t:|1782433915\n|move|p1a: Alomomola|Protect|p1a: Alomomola\n|-singleturn|p1a: Alomomola|Protect\n|move|p2a: Deoxys|Knock Off|p1a: Alomomola\n|-activate|p1a: Alomomola|move: Protect\n|\n|-heal|p1a: Alomomola|100/100|[from] move: Wish|[wisher] Alomomola\n|upkeep\n|turn|25\n|\n|t:|1782433924\n|move|p2a: Deoxys|Psycho Boost|p1a: Alomomola\n|-damage|p1a: Alomomola|56/100\n|-unboost|p2a: Deoxys|spa|2\n|-enditem|p2a: Deoxys|Eject Pack\n|\n|t:|1782433932\n|switch|p2a: Blissey|Blissey, F, shiny|87/100\n|move|p1a: Alomomola|Flip Turn|p2a: Blissey\n|-damage|p2a: Blissey|73/100\n|\n|t:|1782433938\n|switch|p1a: Kommo-o|Kommo-o, F|100/100|[from] Flip Turn\n|-damage|p1a: Kommo-o|94/100|[from] Stealth Rock\n|\n|upkeep\n|turn|26\n|\n|t:|1782433946\n|-terastallize|p2a: Blissey|Ghost\n|move|p1a: Kommo-o|Substitute|p1a: Kommo-o\n|-start|p1a: Kommo-o|Substitute\n|-damage|p1a: Kommo-o|69/100\n|move|p2a: Blissey|Calm Mind|p2a: Blissey\n|-boost|p2a: Blissey|spa|1\n|-boost|p2a: Blissey|spd|1\n|\n|upkeep\n|turn|27\n|\n|t:|1782433963\n|switch|p2a: Deoxys|Deoxys-Speed|100/100\n|-ability|p2a: Deoxys|Pressure\n|move|p1a: Kommo-o|Belly Drum|p1a: Kommo-o\n|-damage|p1a: Kommo-o|19/100\n|-setboost|p1a: Kommo-o|atk|6|[from] move: Belly Drum\n|\n|upkeep\n|turn|28\n|\n|t:|1782433968\n|move|p2a: Deoxys|Psycho Boost|p1a: Kommo-o\n|-supereffective|p1a: Kommo-o\n|-end|p1a: Kommo-o|Substitute\n|-unboost|p2a: Deoxys|spa|2\n|move|p1a: Kommo-o|Scale Shot|p2a: Deoxys|[miss]\n|-miss|p1a: Kommo-o|p2a: Deoxys\n|\n|upkeep\n|turn|29\n|\n|t:|1782433979\n|switch|p1a: Alomomola|Alomomola, F, shiny|89/100\n|-damage|p1a: Alomomola|77/100|[from] Stealth Rock\n|move|p2a: Deoxys|Psycho Boost|p1a: Alomomola\n|-damage|p1a: Alomomola|53/100\n|-unboost|p2a: Deoxys|spa|2\n|\n|upkeep\n|turn|30\n|\n|t:|1782433992\n|switch|p2a: Blissey|Blissey, F, shiny, tera:Ghost|73/100\n|move|p1a: Alomomola|Wish|p1a: Alomomola\n|\n|upkeep\n|turn|31\n|\n|t:|1782433998\n|move|p2a: Blissey|Seismic Toss|p1a: Alomomola\n|-damage|p1a: Alomomola|32/100\n|-damage|p2a: Blissey|57/100|[from] item: Rocky Helmet|[of] p1a: Alomomola\n|move|p1a: Alomomola|Flip Turn|p2a: Blissey\n|-damage|p2a: Blissey|42/100\n|\n|t:|1782434003\n|switch|p1a: Kommo-o|Kommo-o, F|19/100|[from] Flip Turn\n|-damage|p1a: Kommo-o|13/100|[from] Stealth Rock\n|\n|-heal|p1a: Kommo-o|94/100|[from] move: Wish|[wisher] Alomomola\n|upkeep\n|turn|32\n|\n|t:|1782434008\n|move|p1a: Kommo-o|Scale Shot|p2a: Blissey\n|-damage|p2a: Blissey|31/100\n|-damage|p2a: Blissey|20/100\n|-damage|p2a: Blissey|10/100\n|-damage|p2a: Blissey|0 fnt\n|faint|p2a: Blissey\n|-hitcount|p2: Blissey|4\n|-unboost|p1a: Kommo-o|def|1\n|-boost|p1a: Kommo-o|spe|1\n|\n|upkeep\n|\n|t:|1782434024\n|switch|p2a: Landorus|Landorus-Therian, M|52/100\n|-ability|p2a: Landorus|Intimidate|boost\n|-unboost|p1a: Kommo-o|atk|1\n|turn|33\n|\n|t:|1782434036\n|move|p1a: Kommo-o|Scale Shot|p2a: Landorus\n|-damage|p2a: Landorus|43/100\n|-damage|p2a: Landorus|33/100\n|-damage|p2a: Landorus|24/100\n|-damage|p2a: Landorus|14/100\n|-hitcount|p2a: Landorus|4\n|-unboost|p1a: Kommo-o|def|1\n|-boost|p1a: Kommo-o|spe|1\n|move|p2a: Landorus|Earthquake|p1a: Kommo-o\n|-damage|p1a: Kommo-o|0 fnt\n|faint|p1a: Kommo-o\n|\n|upkeep\n|\n|t:|1782434048\n|switch|p1a: Alomomola|Alomomola, F, shiny|65/100\n|-damage|p1a: Alomomola|53/100|[from] Stealth Rock\n|turn|34\n|\n|t:|1782434056\n|move|p2a: Landorus|Earthquake|p1a: Alomomola\n|-damage|p1a: Alomomola|17/100\n|move|p1a: Alomomola|Flip Turn|p2a: Landorus\n|-supereffective|p2a: Landorus\n|-damage|p2a: Landorus|0 fnt\n|faint|p2a: Landorus\n|\n|t:|1782434064\n|switch|p1a: Garganacl|Garganacl, M|100/100|[from] Flip Turn\n|-damage|p1a: Garganacl|88/100|[from] Stealth Rock\n|\n|upkeep\n|\n|t:|1782434068\n|switch|p2a: Deoxys|Deoxys-Speed|100/100\n|-ability|p2a: Deoxys|Pressure\n|turn|35\n|\n|t:|1782434072\n|move|p2a: Deoxys|Superpower|p1a: Garganacl\n|-supereffective|p1a: Garganacl\n|-damage|p1a: Garganacl|48/100\n|-unboost|p2a: Deoxys|atk|1\n|-unboost|p2a: Deoxys|def|1\n|-damage|p2a: Deoxys|84/100|[from] item: Rocky Helmet|[of] p1a: Garganacl\n|move|p1a: Garganacl|Recover|p1a: Garganacl\n|-heal|p1a: Garganacl|98/100\n|\n|upkeep\n|turn|36\n|\n|t:|1782434080\n|move|p2a: Deoxys|Ice Beam|p1a: Garganacl\n|-damage|p1a: Garganacl|78/100\n|move|p1a: Garganacl|Recover|p1a: Garganacl\n|-heal|p1a: Garganacl|100/100\n|\n|upkeep\n|turn|37\n|\n|t:|1782434087\n|move|p2a: Deoxys|Knock Off|p1a: Garganacl\n|-damage|p1a: Garganacl|89/100\n|-damage|p2a: Deoxys|67/100|[from] item: Rocky Helmet|[of] p1a: Garganacl\n|-enditem|p1a: Garganacl|Rocky Helmet|[from] move: Knock Off|[of] p2a: Deoxys\n|move|p1a: Garganacl|Salt Cure|p2a: Deoxys\n|-damage|p2a: Deoxys|35/100\n|-start|p2a: Deoxys|Salt Cure\n|\n|-damage|p2a: Deoxys|22/100|[from] Salt Cure\n|upkeep\n|turn|38\n|\n|t:|1782434096\n|move|p2a: Deoxys|Superpower|p1a: Garganacl\n|-supereffective|p1a: Garganacl\n|-damage|p1a: Garganacl|63/100\n|-unboost|p2a: Deoxys|atk|1\n|-unboost|p2a: Deoxys|def|1\n|move|p1a: Garganacl|Recover|p1a: Garganacl\n|-heal|p1a: Garganacl|100/100\n|\n|-damage|p2a: Deoxys|10/100|[from] Salt Cure\n|upkeep\n|turn|39\n|\n|t:|1782434106\n|move|p2a: Deoxys|Psycho Boost|p1a: Garganacl\n|-damage|p1a: Garganacl|54/100\n|-unboost|p2a: Deoxys|spa|2\n|move|p1a: Garganacl|Iron Defense|p1a: Garganacl\n|-boost|p1a: Garganacl|def|2\n|\n|-damage|p2a: Deoxys|0 fnt|[from] Salt Cure\n|faint|p2a: Deoxys\n|\n|win|Cobalt Black\n|raw|Cobalt Black's rating: 1100 &rarr; <strong>1125</strong><br />(+25 for winning)\n|raw|miikuh's rating: 1106 &rarr; <strong>1081</strong><br />(-25 for losing)\n|c|☆miikuh|gg\n|l|☆miikuh\n|player|p2|\n", "uploadtime": 1782434117, "views": 25, "formatid": "gen9ou", "rating": 1081, "private": 0, "password": null}