{"id": "gen9ou-2639984393", "format": "[Gen 9] OU", "players": ["brodiewhat", "choispecs ironmoth"], "log": "|j|☆brodiewhat\n|j|☆choispecs ironmoth\n|t:|1782558189\n|gametype|singles\n|player|p1|brodiewhat|palmer|1679\n|player|p2|choispecs ironmoth|steven|1744\n|gen|9\n|tier|[Gen 9] OU\n|rated|\n|rule|HP Percentage Mod: HP is shown in percentages\n|rule|Endless Battle Clause: Forcing endless battles is banned\n|rule|Species Clause: Limit one of each Pokémon\n|rule|OHKO Clause: OHKO moves are banned\n|rule|Evasion Items Clause: Evasion items are banned\n|rule|Evasion Moves Clause: Evasion moves are banned\n|rule|Evasion Abilities Clause: Evasion abilities are banned\n|rule|Sleep Moves Clause: Sleep-inducing moves are banned\n|clearpoke\n|poke|p1|Tornadus, M|\n|poke|p1|Hoopa-Unbound|\n|poke|p1|Brambleghast, M|\n|poke|p1|Armarouge, M|\n|poke|p1|Hatterene, F|\n|poke|p1|Ogerpon-Cornerstone, F|\n|poke|p2|Zamazenta-*|\n|poke|p2|Volcanion|\n|poke|p2|Ting-Lu|\n|poke|p2|Corviknight, M|\n|poke|p2|Hatterene, F|\n|poke|p2|Slowking-Galar, F|\n|teampreview\n|inactive|Battle timer is ON: inactive players will automatically lose when time's up. (requested by brodiewhat)\n|j| dante1310\n|\n|t:|1782558208\n|teamsize|p1|6\n|teamsize|p2|6\n|start\n|switch|p1a: Brambleghast|Brambleghast, M|100/100\n|switch|p2a: Volcanion|Volcanion|100/100\n|turn|1\n|\n|t:|1782558219\n|-terastallize|p1a: Brambleghast|Ghost\n|move|p1a: Brambleghast|Poltergeist|p2a: Volcanion\n|-activate|p2a: Volcanion|move: Poltergeist|Choice Specs\n|-damage|p2a: Volcanion|21/100\n|-damage|p1a: Brambleghast|91/100|[from] item: Life Orb\n|move|p2a: Volcanion|Flamethrower|p1a: Brambleghast\n|-damage|p1a: Brambleghast|0 fnt\n|faint|p1a: Brambleghast\n|\n|upkeep\n|c|☆brodiewhat|ou i did not calc that\n|j| jeffbuckleyenjoyer\n|c|☆brodiewhat|LOL\n|j| firecharmander004\n|\n|t:|1782558240\n|switch|p1a: Ogerpon|Ogerpon-Cornerstone, F|100/100\n|turn|2\n|\n|t:|1782558244\n|switch|p2a: Corviknight|Corviknight, M|100/100\n|-ability|p2a: Corviknight|Pressure\n|move|p1a: Ogerpon|Ivy Cudgel|p2a: Corviknight|[anim] Ivy Cudgel Rock\n|-damage|p2a: Corviknight|64/100\n|\n|upkeep\n|turn|3\n|\n|t:|1782558251\n|move|p1a: Ogerpon|Ivy Cudgel|p2a: Corviknight|[anim] Ivy Cudgel Rock\n|-damage|p2a: Corviknight|24/100\n|move|p2a: Corviknight|Roost|p2a: Corviknight\n|-heal|p2a: Corviknight|74/100\n|-singleturn|p2a: Corviknight|move: Roost\n|\n|upkeep\n|turn|4\n|\n|t:|1782558255\n|move|p1a: Ogerpon|Swords Dance|p1a: Ogerpon\n|-boost|p1a: Ogerpon|atk|2\n|move|p2a: Corviknight|Body Press|p1a: Ogerpon\n|-supereffective|p1a: Ogerpon\n|-damage|p1a: Ogerpon|40/100\n|\n|upkeep\n|turn|5\n|\n|t:|1782558257\n|move|p1a: Ogerpon|Ivy Cudgel|p2a: Corviknight|[anim] Ivy Cudgel Rock\n|-damage|p2a: Corviknight|0 fnt\n|faint|p2a: Corviknight\n|\n|upkeep\n|\n|t:|1782558260\n|switch|p2a: Zamazenta|Zamazenta|100/100\n|-ability|p2a: Zamazenta|Dauntless Shield|boost\n|-boost|p2a: Zamazenta|def|1\n|turn|6\n|\n|t:|1782558263\n|move|p2a: Zamazenta|Iron Head|p1a: Ogerpon\n|-supereffective|p1a: Ogerpon\n|-damage|p1a: Ogerpon|0 fnt\n|faint|p1a: Ogerpon\n|\n|upkeep\n|\n|t:|1782558266\n|switch|p1a: Armarouge|Armarouge, M|100/100\n|turn|7\n|\n|t:|1782558270\n|switch|p2a: Slowking|Slowking-Galar, F|100/100\n|move|p1a: Armarouge|Armor Cannon|p2a: Slowking\n|-damage|p2a: Slowking|64/100\n|-unboost|p1a: Armarouge|def|1\n|-unboost|p1a: Armarouge|spd|1\n|\n|-heal|p2a: Slowking|70/100|[from] item: Black Sludge\n|upkeep\n|turn|8\n|\n|t:|1782558275\n|switch|p1a: Hoopa|Hoopa-Unbound|100/100\n|move|p2a: Slowking|Trick|p1a: Hoopa\n|-activate|p2a: Slowking|move: Trick|[of] p1a: Hoopa\n|-item|p1a: Hoopa|Black Sludge|[from] move: Trick\n|-item|p2a: Slowking|Life Orb|[from] move: Trick\n|\n|-damage|p1a: Hoopa|88/100|[from] item: Black Sludge\n|upkeep\n|turn|9\n|\n|t:|1782558288\n|switch|p1a: Hatterene|Hatterene, F|100/100\n|switch|p2a: Ting-Lu|Ting-Lu|100/100\n|-ability|p2a: Ting-Lu|Vessel of Ruin\n|\n|upkeep\n|turn|10\n|\n|t:|1782558292\n|switch|p2a: Slowking|Slowking-Galar, F|100/100\n|move|p1a: Hatterene|Calm Mind|p1a: Hatterene\n|-boost|p1a: Hatterene|spa|1\n|-boost|p1a: Hatterene|spd|1\n|\n|upkeep\n|turn|11\n|\n|t:|1782558299\n|switch|p1a: Hoopa|Hoopa-Unbound|88/100\n|move|p2a: Slowking|Sludge Bomb|p1a: Hoopa\n|-damage|p1a: Hoopa|48/100\n|-damage|p2a: Slowking|91/100|[from] item: Life Orb\n|\n|-damage|p1a: Hoopa|36/100|[from] item: Black Sludge\n|upkeep\n|turn|12\n|\n|t:|1782558307\n|switch|p2a: Ting-Lu|Ting-Lu|100/100\n|-ability|p2a: Ting-Lu|Vessel of Ruin\n|move|p1a: Hoopa|Hyperspace Fury|p2a: Ting-Lu\n|-resisted|p2a: Ting-Lu\n|-damage|p2a: Ting-Lu|84/100\n|-unboost|p1a: Hoopa|def|1\n|\n|-damage|p1a: Hoopa|23/100|[from] item: Black Sludge\n|-heal|p2a: Ting-Lu|90/100|[from] item: Leftovers\n|upkeep\n|turn|13\n|\n|t:|1782558313\n|move|p1a: Hoopa|Hyperspace Fury|p2a: Ting-Lu\n|-resisted|p2a: Ting-Lu\n|-damage|p2a: Ting-Lu|74/100\n|-unboost|p1a: Hoopa|def|1\n|move|p2a: Ting-Lu|Earthquake|p1a: Hoopa\n|-damage|p1a: Hoopa|0 fnt\n|faint|p1a: Hoopa\n|\n|-heal|p2a: Ting-Lu|80/100|[from] item: Leftovers\n|upkeep\n|\n|t:|1782558318\n|switch|p1a: Armarouge|Armarouge, M|100/100\n|turn|14\n|\n|t:|1782558320\n|switch|p2a: Slowking|Slowking-Galar, F|100/100\n|move|p1a: Armarouge|Armor Cannon|p2a: Slowking\n|-damage|p2a: Slowking|59/100\n|-unboost|p1a: Armarouge|def|1\n|-unboost|p1a: Armarouge|spd|1\n|\n|upkeep\n|turn|15\n|\n|t:|1782558328\n|move|p1a: Armarouge|Armor Cannon|p2a: Slowking\n|-damage|p2a: Slowking|21/100\n|-unboost|p1a: Armarouge|def|1\n|-unboost|p1a: Armarouge|spd|1\n|move|p2a: Slowking|Sludge Bomb|p1a: Armarouge\n|-enditem|p1a: Armarouge|Focus Sash\n|-damage|p1a: Armarouge|1/100\n|-damage|p2a: Slowking|11/100|[from] item: Life Orb\n|\n|upkeep\n|turn|16\n|\n|t:|1782558339\n|switch|p2a: Ting-Lu|Ting-Lu|80/100\n|-ability|p2a: Ting-Lu|Vessel of Ruin\n|move|p1a: Armarouge|Armor Cannon|p2a: Ting-Lu\n|-damage|p2a: Ting-Lu|55/100\n|-unboost|p1a: Armarouge|def|1\n|-unboost|p1a: Armarouge|spd|1\n|\n|-heal|p2a: Ting-Lu|61/100|[from] item: Leftovers\n|upkeep\n|turn|17\n|\n|t:|1782558345\n|move|p1a: Armarouge|Armor Cannon|p2a: Ting-Lu\n|-damage|p2a: Ting-Lu|32/100\n|-unboost|p1a: Armarouge|def|1\n|-unboost|p1a: Armarouge|spd|1\n|move|p2a: Ting-Lu|Payback|p1a: Armarouge\n|-supereffective|p1a: Armarouge\n|-damage|p1a: Armarouge|0 fnt\n|faint|p1a: Armarouge\n|\n|-heal|p2a: Ting-Lu|39/100|[from] item: Leftovers\n|upkeep\n|\n|t:|1782558349\n|switch|p1a: Tornadus|Tornadus, M|100/100\n|turn|18\n|\n|t:|1782558353\n|move|p1a: Tornadus|Bleakwind Storm|p2a: Ting-Lu\n|-damage|p2a: Ting-Lu|16/100\n|-unboost|p2a: Ting-Lu|spe|1\n|move|p2a: Ting-Lu|Payback|p1a: Tornadus\n|-damage|p1a: Tornadus|45/100\n|-enditem|p1a: Tornadus|Eject Button\n|\n|t:|1782558359\n|switch|p1a: Hatterene|Hatterene, F|100/100\n|\n|-heal|p2a: Ting-Lu|22/100|[from] item: Leftovers\n|upkeep\n|turn|19\n|\n|t:|1782558363\n|switch|p2a: Slowking|Slowking-Galar, F|44/100\n|move|p1a: Hatterene|Calm Mind|p1a: Hatterene\n|-boost|p1a: Hatterene|spa|1\n|-boost|p1a: Hatterene|spd|1\n|\n|upkeep\n|turn|20\n|\n|t:|1782558370\n|move|p1a: Hatterene|Mystical Fire|p2a: Slowking\n|-damage|p2a: Slowking|20/100\n|-unboost|p2a: Slowking|spa|1\n|move|p2a: Slowking|Sludge Bomb|p1a: Hatterene\n|-supereffective|p1a: Hatterene\n|-damage|p1a: Hatterene|61/100\n|-damage|p2a: Slowking|10/100|[from] item: Life Orb\n|\n|-heal|p1a: Hatterene|67/100|[from] item: Leftovers\n|upkeep\n|turn|21\n|\n|t:|1782558379\n|switch|p2a: Ting-Lu|Ting-Lu|22/100\n|-ability|p2a: Ting-Lu|Vessel of Ruin\n|move|p1a: Hatterene|Calm Mind|p1a: Hatterene\n|-boost|p1a: Hatterene|spa|1\n|-boost|p1a: Hatterene|spd|1\n|\n|-heal|p2a: Ting-Lu|28/100|[from] item: Leftovers\n|-heal|p1a: Hatterene|73/100|[from] item: Leftovers\n|upkeep\n|turn|22\n|\n|t:|1782558383\n|move|p2a: Ting-Lu|Earthquake|p1a: Hatterene\n|-crit|p1a: Hatterene\n|-damage|p1a: Hatterene|19/100\n|move|p1a: Hatterene|Draining Kiss|p2a: Ting-Lu\n|-supereffective|p2a: Ting-Lu\n|-damage|p2a: Ting-Lu|0 fnt\n|-heal|p1a: Hatterene|53/100|[from] drain|[of] p2a: Ting-Lu\n|faint|p2a: Ting-Lu\n|\n|-heal|p1a: Hatterene|59/100|[from] item: Leftovers\n|upkeep\n|\n|t:|1782558389\n|switch|p2a: Slowking|Slowking-Galar, F|43/100\n|turn|23\n|\n|t:|1782558393\n|move|p1a: Hatterene|Mystical Fire|p2a: Slowking\n|-damage|p2a: Slowking|12/100\n|-unboost|p2a: Slowking|spa|1\n|move|p2a: Slowking|Sludge Bomb|p1a: Hatterene\n|-supereffective|p1a: Hatterene\n|-damage|p1a: Hatterene|27/100\n|-damage|p2a: Slowking|2/100|[from] item: Life Orb\n|\n|-heal|p1a: Hatterene|33/100|[from] item: Leftovers\n|upkeep\n|turn|24\n|\n|t:|1782558409\n|move|p2a: Slowking|Sludge Bomb|p1a: Hatterene\n|-supereffective|p1a: Hatterene\n|-damage|p1a: Hatterene|6/100\n|-damage|p2a: Slowking|0 fnt|[from] item: Life Orb\n|faint|p2a: Slowking\n|move|p1a: Hatterene|Trick Room|p1a: Hatterene\n|-fieldstart|move: Trick Room|[of] p1a: Hatterene\n|\n|-heal|p1a: Hatterene|12/100|[from] item: Leftovers\n|upkeep\n|\n|t:|1782558413\n|switch|p2a: Hatterene|Hatterene, F|100/100\n|turn|25\n|\n|t:|1782558417\n|move|p2a: Hatterene|Nuzzle|p1a: Hatterene\n|-crit|p1a: Hatterene\n|-damage|p1a: Hatterene|6/100\n|-status|p1a: Hatterene|par\n|move|p1a: Hatterene|Draining Kiss|p2a: Hatterene\n|-damage|p2a: Hatterene|46/100\n|-heal|p1a: Hatterene|47/100 par|[from] drain|[of] p2a: Hatterene\n|-damage|p1a: Hatterene|30/100 par|[from] item: Rocky Helmet|[of] p2a: Hatterene\n|\n|-heal|p1a: Hatterene|36/100 par|[from] item: Leftovers\n|upkeep\n|turn|26\n|\n|t:|1782558424\n|move|p1a: Hatterene|Draining Kiss|p2a: Hatterene\n|-damage|p2a: Hatterene|0 fnt\n|-heal|p1a: Hatterene|70/100 par|[from] drain|[of] p2a: Hatterene\n|-damage|p1a: Hatterene|53/100 par|[from] item: Rocky Helmet|[of] p2a: Hatterene\n|faint|p2a: Hatterene\n|\n|-heal|p1a: Hatterene|59/100 par|[from] item: Leftovers\n|upkeep\n|\n|t:|1782558427\n|switch|p2a: Volcanion|Volcanion|21/100\n|turn|27\n|\n|t:|1782558430\n|move|p1a: Hatterene|Draining Kiss|p2a: Volcanion\n|-resisted|p2a: Volcanion\n|-damage|p2a: Volcanion|0 fnt\n|-heal|p1a: Hatterene|74/100 par|[from] drain|[of] p2a: Volcanion\n|faint|p2a: Volcanion\n|\n|-heal|p1a: Hatterene|80/100 par|[from] item: Leftovers\n|upkeep\n|\n|t:|1782558433\n|switch|p2a: Zamazenta|Zamazenta|100/100\n|turn|28\n|\n|t:|1782558436\n|cant|p1a: Hatterene|par\n|move|p2a: Zamazenta|Iron Head|p1a: Hatterene\n|-supereffective|p1a: Hatterene\n|-damage|p1a: Hatterene|0 fnt\n|faint|p1a: Hatterene\n|\n|-fieldend|move: Trick Room\n|upkeep\n|c|☆brodiewhat|BROOOOOOOO\n|c|☆brodiewhat|FUCK THAT\n|c|☆brodiewhat|AAAAAAAAAAAA\n|inactive|brodiewhat has 120 seconds left.\n|\n|t:|1782558468\n|switch|p1a: Tornadus|Tornadus, M|45/100\n|turn|29\n|c|☆choispecs ironmoth|Haha\n|\n|t:|1782558474\n|-terastallize|p2a: Zamazenta|Dark\n|move|p2a: Zamazenta|Iron Head|p1a: Tornadus\n|-damage|p1a: Tornadus|0 fnt\n|faint|p1a: Tornadus\n|\n|win|choispecs ironmoth\n|raw|brodiewhat's rating: 1679 &rarr; <strong>1663</strong><br />(-16 for losing)\n|raw|choispecs ironmoth's rating: 1744 &rarr; <strong>1760</strong><br />(+16 for winning)\n|l|☆brodiewhat\n|player|p1|\n|l| dante1310\n|l|☆choispecs ironmoth\n|player|p2|\n|l| firecharmander004\n", "uploadtime": 1782558624, "views": 6, "formatid": "gen9ou", "rating": 1663, "private": 0, "password": null}