{"id": "gen9ou-2647753182", "format": "[Gen 9] OU", "players": ["turpz", "Pig Perfect"], "log": "|j|☆turpz\n|j|☆Pig Perfect\n|t:|1783806765\n|gametype|singles\n|player|p1|turpz|wally-masters|1443\n|player|p2|Pig Perfect|workerice|1437\n|gen|9\n|tier|[Gen 9] OU\n|rated|\n|rule|HP Percentage Mod: HP is shown in percentages\n|rule|Endless Battle Clause: Forcing endless battles is banned\n|rule|Species Clause: Limit one of each Pokémon\n|rule|OHKO Clause: OHKO moves are banned\n|rule|Evasion Items Clause: Evasion items are banned\n|rule|Evasion Moves Clause: Evasion moves are banned\n|rule|Evasion Abilities Clause: Evasion abilities are banned\n|rule|Sleep Moves Clause: Sleep-inducing moves are banned\n|clearpoke\n|poke|p1|Latias, F|\n|poke|p1|Mimikyu, F|\n|poke|p1|Glimmora, F|\n|poke|p1|Kingambit, M|\n|poke|p1|Iron Boulder|\n|poke|p1|Iron Moth|\n|poke|p2|Deoxys-Speed|\n|poke|p2|Garchomp, M|\n|poke|p2|Gholdengo|\n|poke|p2|Hawlucha, M|\n|poke|p2|Iron Thorns|\n|poke|p2|Rillaboom, M|\n|teampreview\n|inactive|Battle timer is ON: inactive players will automatically lose when time's up. (requested by turpz)\n|\n|t:|1783806791\n|teamsize|p1|6\n|teamsize|p2|6\n|start\n|switch|p1a: Senbonzakura|Glimmora, F|100/100\n|switch|p2a: Iron Thorns|Iron Thorns|100/100\n|-enditem|p2a: Iron Thorns|Booster Energy\n|-activate|p2a: Iron Thorns|ability: Quark Drive|[fromitem]\n|-start|p2a: Iron Thorns|quarkdrivespe\n|turn|1\n|\n|t:|1783806799\n|move|p2a: Iron Thorns|Taunt|p1a: Senbonzakura\n|-start|p1a: Senbonzakura|move: Taunt\n|move|p1a: Senbonzakura|Earth Power|p2a: Iron Thorns\n|-supereffective|p2a: Iron Thorns\n|-damage|p2a: Iron Thorns|0 fnt\n|faint|p2a: Iron Thorns\n|-end|p2a: Iron Thorns|Quark Drive|[silent]\n|\n|upkeep\n|\n|t:|1783806804\n|switch|p2a: Rillaboom|Rillaboom, M|100/100\n|-fieldstart|move: Grassy Terrain|[from] ability: Grassy Surge|[of] p2a: Rillaboom\n|turn|2\n|\n|t:|1783806809\n|switch|p2a: Garchomp|Garchomp, M|100/100\n|move|p1a: Senbonzakura|Power Gem|p2a: Garchomp\n|-resisted|p2a: Garchomp\n|-damage|p2a: Garchomp|78/100\n|\n|-heal|p2a: Garchomp|84/100|[from] Grassy Terrain\n|upkeep\n|turn|3\n|\n|t:|1783806818\n|move|p2a: Garchomp|Earth Power|p1a: Senbonzakura\n|-supereffective|p1a: Senbonzakura\n|-enditem|p1a: Senbonzakura|Focus Sash\n|-damage|p1a: Senbonzakura|1/100\n|move|p1a: Senbonzakura|Mortal Spin|p2a: Garchomp\n|-resisted|p2a: Garchomp\n|-damage|p2a: Garchomp|81/100\n|-status|p2a: Garchomp|psn\n|-damage|p1a: Senbonzakura|0 fnt|[from] ability: Rough Skin|[of] p2a: Garchomp\n|faint|p1a: Senbonzakura\n|\n|-heal|p2a: Garchomp|87/100 psn|[from] Grassy Terrain\n|-damage|p2a: Garchomp|75/100 psn|[from] psn\n|upkeep\n|\n|t:|1783806833\n|switch|p1a: Mimikyute|Mimikyu, F|100/100\n|turn|4\n|\n|t:|1783806842\n|switch|p2a: Gholdengo|Gholdengo|100/100\n|move|p1a: Mimikyute|Swords Dance|p1a: Mimikyute\n|-boost|p1a: Mimikyute|atk|2\n|\n|upkeep\n|turn|5\n|\n|t:|1783806849\n|move|p1a: Mimikyute|Shadow Claw|p2a: Gholdengo\n|-supereffective|p2a: Gholdengo\n|-damage|p2a: Gholdengo|0 fnt\n|faint|p2a: Gholdengo\n|-damage|p1a: Mimikyute|91/100|[from] item: Life Orb\n|\n|-heal|p1a: Mimikyute|97/100|[from] Grassy Terrain\n|upkeep\n|\n|t:|1783806856\n|switch|p2a: Hawlucha|Hawlucha, M|100/100\n|-enditem|p2a: Hawlucha|Grassy Seed\n|-boost|p2a: Hawlucha|def|1|[from] item: Grassy Seed\n|turn|6\n|\n|t:|1783806872\n|-terastallize|p2a: Hawlucha|Steel\n|move|p2a: Hawlucha|Acrobatics|p1a: Mimikyute\n|-activate|p1a: Mimikyute|ability: Disguise\n|-damage|p1a: Mimikyute|97/100\n|detailschange|p1a: Mimikyute|Mimikyu-Busted, F\n|-damage|p1a: Mimikyute|84/100|[from] pokemon: Mimikyu-Busted\n|move|p1a: Mimikyute|Play Rough|p2a: Hawlucha\n|-resisted|p2a: Hawlucha\n|-damage|p2a: Hawlucha|52/100\n|-damage|p1a: Mimikyute|74/100|[from] item: Life Orb\n|\n|-heal|p2a: Hawlucha|58/100|[from] Grassy Terrain\n|-heal|p1a: Mimikyute|80/100|[from] Grassy Terrain\n|-fieldend|move: Grassy Terrain\n|upkeep\n|turn|7\n|\n|t:|1783806888\n|move|p1a: Mimikyute|Shadow Sneak|p2a: Hawlucha\n|-damage|p2a: Hawlucha|15/100\n|-damage|p1a: Mimikyute|70/100|[from] item: Life Orb\n|move|p2a: Hawlucha|Acrobatics|p1a: Mimikyute\n|-damage|p1a: Mimikyute|0 fnt\n|faint|p1a: Mimikyute\n|\n|upkeep\n|\n|t:|1783806894\n|switch|p1a: Portal|Iron Moth|100/100\n|-enditem|p1a: Portal|Booster Energy\n|-activate|p1a: Portal|ability: Quark Drive|[fromitem]\n|-start|p1a: Portal|quarkdrivespe\n|turn|8\n|\n|t:|1783806906\n|move|p2a: Hawlucha|Acrobatics|p1a: Portal\n|-damage|p1a: Portal|26/100\n|move|p1a: Portal|Fiery Dance|p2a: Hawlucha\n|-supereffective|p2a: Hawlucha\n|-damage|p2a: Hawlucha|0 fnt\n|faint|p2a: Hawlucha\n|\n|upkeep\n|\n|t:|1783806911\n|switch|p2a: Garchomp|Garchomp, M|75/100 psn\n|turn|9\n|\n|t:|1783806939\n|-terastallize|p1a: Portal|Fairy\n|move|p1a: Portal|Dazzling Gleam|p2a: Garchomp\n|-supereffective|p2a: Garchomp\n|-damage|p2a: Garchomp|0 fnt\n|faint|p2a: Garchomp\n|\n|upkeep\n|\n|t:|1783806942\n|switch|p2a: Rillaboom|Rillaboom, M|100/100\n|-fieldstart|move: Grassy Terrain|[from] ability: Grassy Surge|[of] p2a: Rillaboom\n|turn|10\n|\n|t:|1783806958\n|move|p2a: Rillaboom|Grassy Glide|p1a: Portal\n|-damage|p1a: Portal|0 fnt\n|faint|p1a: Portal\n|-end|p1a: Portal|Quark Drive|[silent]\n|\n|upkeep\n|\n|t:|1783806961\n|switch|p1a: Kanaria|Kingambit, M|100/100\n|-activate|p1a: Kanaria|ability: Supreme Overlord\n|-start|p1a: Kanaria|fallen3|[silent]\n|turn|11\n|\n|t:|1783806968\n|move|p2a: Rillaboom|U-turn|p1a: Kanaria\n|-damage|p1a: Kanaria|79/100\n|\n|t:|1783806970\n|switch|p2a: Deoxys|Deoxys-Speed|100/100|[from] U-turn\n|-ability|p2a: Deoxys|Pressure\n|-enditem|p2a: Deoxys|Grassy Seed\n|-boost|p2a: Deoxys|def|1|[from] item: Grassy Seed\n|move|p1a: Kanaria|Swords Dance|p1a: Kanaria\n|-boost|p1a: Kanaria|atk|2\n|\n|-heal|p1a: Kanaria|85/100|[from] Grassy Terrain\n|-heal|p1a: Kanaria|91/100|[from] item: Leftovers\n|upkeep\n|turn|12\n|\n|t:|1783806979\n|move|p1a: Kanaria|Sucker Punch|p2a: Deoxys\n|-supereffective|p2a: Deoxys\n|-damage|p2a: Deoxys|0 fnt\n|faint|p2a: Deoxys\n|\n|-heal|p1a: Kanaria|97/100|[from] Grassy Terrain\n|-heal|p1a: Kanaria|100/100|[from] item: Leftovers\n|upkeep\n|-message|Pig Perfect forfeited.\n|\n|win|turpz\n|raw|turpz's rating: 1443 &rarr; <strong>1463</strong><br />(+20 for winning)\n|raw|Pig Perfect's rating: 1437 &rarr; <strong>1417</strong><br />(-20 for losing)\n|l|☆Pig Perfect\n|player|p2|\n|l|☆turpz\n|player|p1|\n", "uploadtime": 1783807309, "views": 10, "formatid": "gen9ou", "rating": 1417, "private": 0, "password": null}