{"id": "gen9ou-2647838644", "format": "[Gen 9] OU", "players": ["OUBotBeepBoop", "ZRC7"], "log": "|j|☆OUBotBeepBoop\n|j|☆ZRC7\n|t:|1783821605\n|gametype|singles\n|player|p1|OUBotBeepBoop|102|1182\n|player|p2|ZRC7|boarder|1203\n|gen|9\n|tier|[Gen 9] OU\n|rated|\n|rule|HP Percentage Mod: HP is shown in percentages\n|rule|Endless Battle Clause: Forcing endless battles is banned\n|rule|Species Clause: Limit one of each Pokémon\n|rule|OHKO Clause: OHKO moves are banned\n|rule|Evasion Items Clause: Evasion items are banned\n|rule|Evasion Moves Clause: Evasion moves are banned\n|rule|Evasion Abilities Clause: Evasion abilities are banned\n|rule|Sleep Moves Clause: Sleep-inducing moves are banned\n|clearpoke\n|poke|p1|Glimmora, F|\n|poke|p1|Great Tusk|\n|poke|p1|Kingambit, M|\n|poke|p1|Dragapult, M|\n|poke|p1|Clefable, M|\n|poke|p1|Corviknight, F|\n|poke|p2|Dragalge, F|\n|poke|p2|Talonflame, F|\n|poke|p2|Bisharp, F|\n|poke|p2|Hatterene, F|\n|poke|p2|Ogerpon-Wellspring, F|\n|poke|p2|Garchomp, M|\n|teampreview\n|inactive|Battle timer is ON: inactive players will automatically lose when time's up. (requested by ZRC7)\n|inactive|OUBotBeepBoop also wants the timer to be on.\n|\n|t:|1783821610\n|teamsize|p1|6\n|teamsize|p2|6\n|start\n|switch|p1a: Glimmora|Glimmora, F|100/100\n|switch|p2a: Garchomp|Garchomp, M|100/100\n|turn|1\n|\n|t:|1783821618\n|switch|p1a: Great Tusk|Great Tusk|100/100\n|move|p2a: Garchomp|Stealth Rock|p1a: Great Tusk\n|-sidestart|p1: OUBotBeepBoop|move: Stealth Rock\n|\n|upkeep\n|turn|2\n|\n|t:|1783821631\n|switch|p2a: Talonflame|Talonflame, F|100/100\n|move|p1a: Great Tusk|Ice Spinner|p2a: Talonflame\n|-damage|p2a: Talonflame|76/100\n|\n|upkeep\n|turn|3\n|\n|t:|1783821638\n|move|p2a: Talonflame|Brave Bird|p1a: Great Tusk\n|-supereffective|p1a: Great Tusk\n|-damage|p1a: Great Tusk|47/100\n|-damage|p2a: Talonflame|57/100|[from] Recoil\n|move|p1a: Great Tusk|Rapid Spin|p2a: Talonflame\n|-damage|p2a: Talonflame|42/100\n|-boost|p1a: Great Tusk|spe|1\n|-sideend|p1: OUBotBeepBoop|Stealth Rock|[from] move: Rapid Spin|[of] p1a: Great Tusk\n|\n|upkeep\n|turn|4\n|\n|t:|1783821648\n|move|p1a: Great Tusk|Knock Off|p2a: Talonflame\n|-damage|p2a: Talonflame|14/100\n|-enditem|p2a: Talonflame|Heavy-Duty Boots|[from] move: Knock Off|[of] p1a: Great Tusk\n|move|p2a: Talonflame|Roost|p2a: Talonflame\n|-heal|p2a: Talonflame|64/100\n|-singleturn|p2a: Talonflame|move: Roost\n|\n|upkeep\n|turn|5\n|\n|t:|1783821655\n|-end|p1a: Great Tusk|Protosynthesis|[silent]\n|switch|p1a: Glimmora|Glimmora, F|100/100\n|move|p2a: Talonflame|Roost|p2a: Talonflame\n|-heal|p2a: Talonflame|100/100\n|-singleturn|p2a: Talonflame|move: Roost\n|\n|upkeep\n|turn|6\n|\n|t:|1783821663\n|switch|p2a: Garchomp|Garchomp, M|100/100\n|move|p1a: Glimmora|Power Gem|p2a: Garchomp\n|-resisted|p2a: Garchomp\n|-damage|p2a: Garchomp|82/100\n|\n|upkeep\n|turn|7\n|\n|t:|1783821674\n|switch|p1a: Dragapult|Dragapult, M|100/100\n|move|p2a: Garchomp|Stealth Rock|p1a: Dragapult\n|-sidestart|p1: OUBotBeepBoop|move: Stealth Rock\n|\n|upkeep\n|turn|8\n|\n|t:|1783821680\n|switch|p2a: Hatterene|Hatterene, F|100/100\n|move|p1a: Dragapult|Draco Meteor|p2a: Hatterene\n|-immune|p2a: Hatterene\n|\n|upkeep\n|turn|9\n|\n|t:|1783821687\n|switch|p1a: Kingambit|Kingambit, M|100/100\n|-damage|p1a: Kingambit|94/100|[from] Stealth Rock\n|move|p2a: Hatterene|Calm Mind|p2a: Hatterene\n|-boost|p2a: Hatterene|spa|1\n|-boost|p2a: Hatterene|spd|1\n|\n|upkeep\n|turn|10\n|\n|t:|1783821695\n|move|p1a: Kingambit|Kowtow Cleave|p2a: Hatterene\n|-damage|p2a: Hatterene|52/100\n|move|p2a: Hatterene|Mystical Fire|p1a: Kingambit\n|-supereffective|p1a: Kingambit\n|-damage|p1a: Kingambit|25/100\n|-unboost|p1a: Kingambit|spa|1\n|\n|-heal|p2a: Hatterene|58/100|[from] item: Leftovers\n|upkeep\n|turn|11\n|\n|t:|1783821714\n|-end|p1a: Kingambit|fallenundefined|[silent]\n|switch|p1a: Dragapult|Dragapult, M|100/100\n|-damage|p1a: Dragapult|88/100|[from] Stealth Rock\n|move|p2a: Hatterene|Mystical Fire|p1a: Dragapult\n|-resisted|p1a: Dragapult\n|-damage|p1a: Dragapult|64/100\n|-unboost|p1a: Dragapult|spa|1\n|\n|-heal|p2a: Hatterene|64/100|[from] item: Leftovers\n|upkeep\n|turn|12\n|\n|t:|1783821720\n|-terastallize|p1a: Dragapult|Ghost\n|move|p1a: Dragapult|Shadow Ball|p2a: Hatterene\n|-supereffective|p2a: Hatterene\n|-damage|p2a: Hatterene|0 fnt\n|faint|p2a: Hatterene\n|\n|upkeep\n|\n|t:|1783821727\n|switch|p2a: Bisharp|Bisharp, F|100/100\n|turn|13\n|\n|t:|1783821732\n|switch|p1a: Great Tusk|Great Tusk|47/100\n|move|p2a: Bisharp|Swords Dance|p2a: Bisharp\n|-boost|p2a: Bisharp|atk|2\n|\n|upkeep\n|turn|14\n|\n|t:|1783821742\n|move|p2a: Bisharp|Sucker Punch|p1a: Great Tusk\n|-resisted|p1a: Great Tusk\n|-damage|p1a: Great Tusk|17/100\n|move|p1a: Great Tusk|Headlong Rush|p2a: Bisharp\n|-supereffective|p2a: Bisharp\n|-damage|p2a: Bisharp|19/100\n|-unboost|p1a: Great Tusk|def|1\n|-unboost|p1a: Great Tusk|spd|1\n|\n|upkeep\n|turn|15\n|\n|t:|1783821749\n|move|p2a: Bisharp|Sucker Punch|p1a: Great Tusk\n|-resisted|p1a: Great Tusk\n|-crit|p1a: Great Tusk\n|-damage|p1a: Great Tusk|0 fnt\n|faint|p1a: Great Tusk\n|-end|p1a: Great Tusk|Protosynthesis|[silent]\n|\n|upkeep\n|\n|t:|1783821750\n|switch|p1a: Glimmora|Glimmora, F|100/100\n|-damage|p1a: Glimmora|88/100|[from] Stealth Rock\n|turn|16\n|\n|t:|1783821757\n|switch|p2a: Talonflame|Talonflame, F|100/100\n|move|p1a: Glimmora|Earth Power|p2a: Talonflame\n|-immune|p2a: Talonflame\n|\n|upkeep\n|turn|17\n|\n|t:|1783821765\n|switch|p2a: Dragalge|Dragalge, F|100/100\n|move|p1a: Glimmora|Power Gem|p2a: Dragalge\n|-damage|p2a: Dragalge|78/100\n|\n|upkeep\n|turn|18\n|\n|t:|1783821780\n|move|p1a: Glimmora|Mortal Spin|p2a: Dragalge\n|-resisted|p2a: Dragalge\n|-damage|p2a: Dragalge|75/100\n|-sideend|p1: OUBotBeepBoop|Stealth Rock|[from] move: Mortal Spin|[of] p1a: Glimmora\n|move|p2a: Dragalge|Draco Meteor|p1a: Glimmora\n|-damage|p1a: Glimmora|0 fnt\n|-unboost|p2a: Dragalge|spa|2\n|faint|p1a: Glimmora\n|\n|upkeep\n|\n|t:|1783821781\n|switch|p1a: Dragapult|Dragapult, M, tera:Ghost|64/100\n|turn|19\n|\n|t:|1783821796\n|switch|p2a: Bisharp|Bisharp, F|19/100\n|move|p1a: Dragapult|Draco Meteor|p2a: Bisharp\n|-resisted|p2a: Bisharp\n|-damage|p2a: Bisharp|0 fnt\n|-unboost|p1a: Dragapult|spa|2\n|faint|p2a: Bisharp\n|\n|upkeep\n|\n|t:|1783821809\n|switch|p2a: Dragalge|Dragalge, F|75/100\n|turn|20\n|\n|t:|1783821813\n|move|p1a: Dragapult|Draco Meteor|p2a: Dragalge|[miss]\n|-miss|p1a: Dragapult|p2a: Dragalge\n|move|p2a: Dragalge|Sludge Wave|p1a: Dragapult\n|-resisted|p1a: Dragapult\n|-damage|p1a: Dragapult|23/100\n|\n|upkeep\n|turn|21\n|\n|t:|1783821822\n|-terastallize|p2a: Dragalge|Water\n|move|p1a: Dragapult|Draco Meteor|p2a: Dragalge\n|-damage|p2a: Dragalge|51/100\n|-unboost|p1a: Dragapult|spa|2\n|move|p2a: Dragalge|Sludge Wave|p1a: Dragapult\n|-resisted|p1a: Dragapult\n|-damage|p1a: Dragapult|0 fnt\n|faint|p1a: Dragapult\n|\n|upkeep\n|\n|t:|1783821822\n|switch|p1a: Corviknight|Corviknight, F|100/100\n|-ability|p1a: Corviknight|Pressure\n|turn|22\n|\n|t:|1783821835\n|switch|p2a: Garchomp|Garchomp, M|82/100\n|move|p1a: Corviknight|Body Press|p2a: Garchomp\n|-damage|p2a: Garchomp|66/100\n|-damage|p1a: Corviknight|88/100|[from] ability: Rough Skin|[of] p2a: Garchomp\n|-damage|p1a: Corviknight|71/100|[from] item: Rocky Helmet|[of] p2a: Garchomp\n|\n|-heal|p1a: Corviknight|78/100|[from] item: Leftovers\n|upkeep\n|turn|23\n|\n|t:|1783821846\n|move|p2a: Garchomp|Stealth Rock|p1a: Corviknight\n|-sidestart|p1: OUBotBeepBoop|move: Stealth Rock\n|move|p1a: Corviknight|U-turn|p2a: Garchomp\n|-damage|p2a: Garchomp|57/100\n|-damage|p1a: Corviknight|65/100|[from] ability: Rough Skin|[of] p2a: Garchomp\n|-damage|p1a: Corviknight|49/100|[from] item: Rocky Helmet|[of] p2a: Garchomp\n|\n|t:|1783821846\n|switch|p1a: Clefable|Clefable, M|100/100|[from] U-turn\n|-damage|p1a: Clefable|88/100|[from] Stealth Rock\n|\n|-heal|p1a: Clefable|94/100|[from] item: Leftovers\n|upkeep\n|turn|24\n|\n|t:|1783821860\n|switch|p2a: Talonflame|Talonflame, F|100/100\n|move|p1a: Clefable|Moonblast|p2a: Talonflame\n|-resisted|p2a: Talonflame\n|-damage|p2a: Talonflame|80/100\n|\n|-heal|p1a: Clefable|99/100|[from] item: Leftovers\n|upkeep\n|turn|25\n|\n|t:|1783821866\n|move|p2a: Talonflame|Flare Blitz|p1a: Clefable\n|-crit|p1a: Clefable\n|-damage|p1a: Clefable|58/100\n|-damage|p2a: Talonflame|65/100|[from] Recoil\n|move|p1a: Clefable|Calm Mind|p1a: Clefable\n|-boost|p1a: Clefable|spa|1\n|-boost|p1a: Clefable|spd|1\n|\n|-heal|p1a: Clefable|64/100|[from] item: Leftovers\n|upkeep\n|turn|26\n|\n|t:|1783821872\n|move|p2a: Talonflame|Flare Blitz|p1a: Clefable\n|-damage|p1a: Clefable|38/100\n|-damage|p2a: Talonflame|55/100|[from] Recoil\n|move|p1a: Clefable|Wish|p1a: Clefable\n|\n|-heal|p1a: Clefable|44/100|[from] item: Leftovers\n|upkeep\n|turn|27\n|\n|t:|1783821881\n|switch|p2a: Dragalge|Dragalge, F, tera:Water|51/100\n|move|p1a: Clefable|Wish||[still]\n|-fail|p1a: Clefable\n|\n|-heal|p1a: Clefable|94/100|[from] move: Wish|[wisher] Clefable\n|-heal|p1a: Clefable|100/100|[from] item: Leftovers\n|upkeep\n|turn|28\n|\n|t:|1783821887\n|move|p1a: Clefable|Moonblast|p2a: Dragalge\n|-damage|p2a: Dragalge|23/100\n|-unboost|p2a: Dragalge|spa|1\n|move|p2a: Dragalge|Sludge Wave|p1a: Clefable\n|-supereffective|p1a: Clefable\n|-crit|p1a: Clefable\n|-damage|p1a: Clefable|0 fnt\n|faint|p1a: Clefable\n|\n|upkeep\n|\n|t:|1783821887\n|switch|p1a: Corviknight|Corviknight, F|49/100\n|-damage|p1a: Corviknight|36/100|[from] Stealth Rock\n|-ability|p1a: Corviknight|Pressure\n|turn|29\n|\n|t:|1783821900\n|switch|p2a: Garchomp|Garchomp, M|57/100\n|move|p1a: Corviknight|Roost|p1a: Corviknight\n|-heal|p1a: Corviknight|86/100\n|-singleturn|p1a: Corviknight|move: Roost\n|\n|-heal|p1a: Corviknight|92/100|[from] item: Leftovers\n|upkeep\n|turn|30\n|\n|t:|1783821905\n|move|p1a: Corviknight|Defog|p2a: Garchomp\n|-unboost|p2a: Garchomp|evasion|1\n|-sideend|p1: OUBotBeepBoop|Stealth Rock|[from] move: Defog|[of] p1a: Corviknight\n|move|p2a: Garchomp|Dragon Tail|p1a: Corviknight\n|-resisted|p1a: Corviknight\n|-damage|p1a: Corviknight|85/100\n|drag|p1a: Kingambit|Kingambit, M|25/100\n|-activate|p1a: Kingambit|ability: Supreme Overlord\n|-start|p1a: Kingambit|fallen4|[silent]\n|\n|upkeep\n|turn|31\n|\n|t:|1783821919\n|-end|p1a: Kingambit|fallen4|[silent]\n|switch|p1a: Corviknight|Corviknight, F|85/100\n|-ability|p1a: Corviknight|Pressure\n|move|p2a: Garchomp|Stealth Rock|p1a: Corviknight\n|-sidestart|p1: OUBotBeepBoop|move: Stealth Rock\n|\n|-heal|p1a: Corviknight|91/100|[from] item: Leftovers\n|upkeep\n|turn|32\n|\n|t:|1783821923\n|switch|p2a: Talonflame|Talonflame, F|55/100\n|move|p1a: Corviknight|Defog|p2a: Talonflame\n|-unboost|p2a: Talonflame|evasion|1\n|-sideend|p1: OUBotBeepBoop|Stealth Rock|[from] move: Defog|[of] p1a: Corviknight\n|\n|-heal|p1a: Corviknight|97/100|[from] item: Leftovers\n|upkeep\n|turn|33\n|\n|t:|1783821929\n|move|p2a: Talonflame|Roost|p2a: Talonflame\n|-heal|p2a: Talonflame|100/100\n|-singleturn|p2a: Talonflame|move: Roost\n|move|p1a: Corviknight|U-turn|p2a: Talonflame\n|-resisted|p2a: Talonflame\n|-damage|p2a: Talonflame|94/100\n|-status|p1a: Corviknight|brn|[from] ability: Flame Body|[of] p2a: Talonflame\n|\n|t:|1783821929\n|switch|p1a: Kingambit|Kingambit, M|25/100|[from] U-turn\n|-activate|p1a: Kingambit|ability: Supreme Overlord\n|-start|p1a: Kingambit|fallen4|[silent]\n|\n|upkeep\n|turn|34\n|\n|t:|1783821940\n|move|p1a: Kingambit|Sucker Punch|p2a: Talonflame\n|-damage|p2a: Talonflame|35/100\n|move|p2a: Talonflame|Flare Blitz|p1a: Kingambit\n|-supereffective|p1a: Kingambit\n|-damage|p1a: Kingambit|0 fnt\n|faint|p1a: Kingambit\n|-end|p1a: Kingambit|fallen4|[silent]\n|-damage|p2a: Talonflame|26/100|[from] Recoil\n|\n|upkeep\n|\n|t:|1783821942\n|switch|p1a: Corviknight|Corviknight, F|97/100 brn\n|-ability|p1a: Corviknight|Pressure\n|turn|35\n|\n|t:|1783821948\n|move|p2a: Talonflame|Flare Blitz|p1a: Corviknight\n|-supereffective|p1a: Corviknight\n|-damage|p1a: Corviknight|55/100 brn\n|-damage|p2a: Talonflame|10/100|[from] Recoil\n|move|p1a: Corviknight|Body Press|p2a: Talonflame\n|-resisted|p2a: Talonflame\n|-damage|p2a: Talonflame|4/100\n|\n|-heal|p1a: Corviknight|61/100 brn|[from] item: Leftovers\n|-damage|p1a: Corviknight|55/100 brn|[from] brn\n|upkeep\n|turn|36\n|\n|t:|1783821954\n|move|p2a: Talonflame|Flare Blitz|p1a: Corviknight\n|-supereffective|p1a: Corviknight\n|-damage|p1a: Corviknight|14/100 brn\n|-damage|p2a: Talonflame|0 fnt|[from] Recoil\n|faint|p2a: Talonflame\n|move|p1a: Corviknight|Body Press|p2: Talonflame|[notarget]\n|-fail|p1a: Corviknight\n|\n|-heal|p1a: Corviknight|21/100 brn|[from] item: Leftovers\n|-damage|p1a: Corviknight|14/100 brn|[from] brn\n|upkeep\n|\n|t:|1783821961\n|switch|p2a: Ogerpon|Ogerpon-Wellspring, F|100/100\n|turn|37\n|\n|t:|1783821964\n|move|p2a: Ogerpon|Ivy Cudgel|p1a: Corviknight|[anim] Ivy Cudgel Water\n|-damage|p1a: Corviknight|0 fnt\n|faint|p1a: Corviknight\n|\n|win|ZRC7\n|raw|OUBotBeepBoop's rating: 1169 &rarr; <strong>1146</strong><br />(-23 for losing)\n|raw|ZRC7's rating: 1203 &rarr; <strong>1226</strong><br />(+23 for winning)\n|l|☆OUBotBeepBoop\n|player|p1|\n|l|☆ZRC7\n|player|p2|\n", "uploadtime": 1783822344, "views": 2, "formatid": "gen9ou", "rating": 1146, "private": 0, "password": null}