{"id": "gen9ou-2639957149", "format": "[Gen 9] OU", "players": ["choispecs ironmoth", "follow the money"], "log": "|badge|p2|silver|gen9ou|30-9\n|html|<div class=\"broadcast-red\"><strong>This battle is required to be public due to one or more player having a season medal.</strong><br />During the public phase, you can discuss the state of the ladder <a href=\"/seasondiscussion\">in a special chatroom.</a></div>\n|uhtml|medal-msg|<div class=\"broadcast-blue\">Curious what those medals under the avatar are? PS now has Ladder Seasons! For more information, check out the <a href=\"https://www.smogon.com/forums/threads/3740067/\">thread on Smogon.</a></div>\n|raw|<div class=\"broadcast-blue\"><strong>This battle is required to be public due to a player having a name starting with 'medal'.</div>\n|j|☆choispecs ironmoth\n|j|☆follow the money\n|t:|1782552204\n|gametype|singles\n|player|p1|choispecs ironmoth|steven|1735\n|player|p2|follow the money|lucas|2002\n|gen|9\n|tier|[Gen 9] OU\n|rated|\n|rule|HP Percentage Mod: HP is shown in percentages\n|rule|Endless Battle Clause: Forcing endless battles is banned\n|rule|Species Clause: Limit one of each Pokémon\n|rule|OHKO Clause: OHKO moves are banned\n|rule|Evasion Items Clause: Evasion items are banned\n|rule|Evasion Moves Clause: Evasion moves are banned\n|rule|Evasion Abilities Clause: Evasion abilities are banned\n|rule|Sleep Moves Clause: Sleep-inducing moves are banned\n|clearpoke\n|poke|p1|Zamazenta-*|\n|poke|p1|Volcanion|\n|poke|p1|Ting-Lu|\n|poke|p1|Corviknight, F|\n|poke|p1|Hatterene, F|\n|poke|p1|Slowking-Galar, M|\n|poke|p2|Gliscor, F|\n|poke|p2|Corviknight, F|\n|poke|p2|Dondozo, F|\n|poke|p2|Blissey, F|\n|poke|p2|Toxapex, F|\n|poke|p2|Clodsire, F|\n|teampreview\n|inactive|Battle timer is ON: inactive players will automatically lose when time's up. (requested by follow the money)\n|\n|t:|1782552221\n|teamsize|p1|6\n|teamsize|p2|6\n|start\n|switch|p1a: Slowking|Slowking-Galar, M|100/100\n|switch|p2a: Gliscor|Gliscor, F|100/100\n|turn|1\n|\n|t:|1782552224\n|move|p2a: Gliscor|Protect|p2a: Gliscor\n|-singleturn|p2a: Gliscor|Protect\n|move|p1a: Slowking|Trick|p2a: Gliscor\n|-activate|p2a: Gliscor|move: Protect\n|\n|-status|p2a: Gliscor|tox|[from] item: Toxic Orb\n|upkeep\n|turn|2\n|\n|t:|1782552227\n|switch|p2a: Toxapex|Toxapex, F|100/100\n|switch|p1a: Corviknight|Corviknight, F|100/100\n|-ability|p1a: Corviknight|Pressure\n|\n|upkeep\n|turn|3\n|\n|t:|1782552231\n|switch|p1a: Slowking|Slowking-Galar, M|100/100\n|switch|p2a: Gliscor|Gliscor, F|100/100 tox\n|\n|upkeep\n|turn|4\n|\n|t:|1782552236\n|switch|p2a: Toxapex|Toxapex, F|100/100\n|switch|p1a: Corviknight|Corviknight, F|100/100\n|-ability|p1a: Corviknight|Pressure\n|\n|upkeep\n|turn|5\n|\n|t:|1782552239\n|switch|p1a: Slowking|Slowking-Galar, M|100/100\n|switch|p2a: Gliscor|Gliscor, F|100/100 tox\n|\n|upkeep\n|turn|6\n|\n|t:|1782552241\n|switch|p2a: Toxapex|Toxapex, F|100/100\n|move|p1a: Slowking|Future Sight|p2a: Toxapex\n|-start|p1a: Slowking|move: Future Sight\n|\n|upkeep\n|turn|7\n|\n|t:|1782552248\n|switch|p2a: Clodsire|Clodsire, F|100/100\n|-prepare|p1a: Slowking|Chilly Reception|[premajor]\n|move|p1a: Slowking|Chilly Reception|p1a: Slowking\n|-weather|Snowscape\n|\n|t:|1782552255\n|switch|p1a: Hatterene|Hatterene, F|100/100|[from] Chilly Reception\n|\n|-weather|Snowscape|[upkeep]\n|upkeep\n|turn|8\n|j| Garden of Dreams\n|\n|t:|1782552272\n|move|p1a: Hatterene|Psychic Noise|p2a: Clodsire\n|-supereffective|p2a: Clodsire\n|-damage|p2a: Clodsire|61/100\n|-start|p2a: Clodsire|move: Heal Block\n|move|p2a: Clodsire|Poison Jab|p1a: Hatterene\n|-supereffective|p1a: Hatterene\n|-damage|p1a: Hatterene|65/100\n|-damage|p2a: Clodsire|45/100|[from] item: Rocky Helmet|[of] p1a: Hatterene\n|\n|-weather|Snowscape|[upkeep]\n|-end|p2a: Clodsire|move: Future Sight\n|-supereffective|p2a: Clodsire\n|-damage|p2a: Clodsire|0 fnt\n|faint|p2a: Clodsire\n|upkeep\n|\n|t:|1782552276\n|switch|p2a: Gliscor|Gliscor, F|100/100 tox\n|turn|9\n|\n|t:|1782552285\n|switch|p1a: Corviknight|Corviknight, F|100/100\n|-ability|p1a: Corviknight|Pressure\n|move|p2a: Gliscor|Knock Off|p1a: Corviknight\n|-damage|p1a: Corviknight|88/100\n|-damage|p2a: Gliscor|84/100 tox|[from] item: Rocky Helmet|[of] p1a: Corviknight\n|-enditem|p1a: Corviknight|Rocky Helmet|[from] move: Knock Off|[of] p2a: Gliscor\n|\n|-weather|Snowscape|[upkeep]\n|-heal|p2a: Gliscor|97/100 tox|[from] ability: Poison Heal\n|upkeep\n|turn|10\n|\n|t:|1782552288\n|move|p2a: Gliscor|Swords Dance|p2a: Gliscor\n|-boost|p2a: Gliscor|atk|2\n|move|p1a: Corviknight|Iron Defense|p1a: Corviknight\n|-boost|p1a: Corviknight|def|2\n|\n|-weather|Snowscape|[upkeep]\n|-heal|p2a: Gliscor|100/100 tox|[from] ability: Poison Heal\n|upkeep\n|turn|11\n|\n|t:|1782552290\n|move|p2a: Gliscor|Swords Dance|p2a: Gliscor\n|-boost|p2a: Gliscor|atk|2\n|move|p1a: Corviknight|Iron Defense|p1a: Corviknight\n|-boost|p1a: Corviknight|def|2\n|\n|-weather|none\n|upkeep\n|turn|12\n|\n|t:|1782552292\n|move|p2a: Gliscor|Facade|p1a: Corviknight\n|-resisted|p1a: Corviknight\n|-damage|p1a: Corviknight|80/100\n|move|p1a: Corviknight|Iron Defense|p1a: Corviknight\n|-boost|p1a: Corviknight|def|2\n|\n|upkeep\n|turn|13\n|\n|t:|1782552295\n|move|p2a: Gliscor|Knock Off|p1a: Corviknight\n|-damage|p1a: Corviknight|73/100\n|move|p1a: Corviknight|Body Press|p2a: Gliscor\n|-resisted|p2a: Gliscor\n|-damage|p2a: Gliscor|58/100 tox\n|\n|-heal|p2a: Gliscor|71/100 tox|[from] ability: Poison Heal\n|upkeep\n|turn|14\n|\n|t:|1782552298\n|move|p2a: Gliscor|Protect|p2a: Gliscor\n|-singleturn|p2a: Gliscor|Protect\n|move|p1a: Corviknight|Body Press|p2a: Gliscor\n|-activate|p2a: Gliscor|move: Protect\n|\n|-heal|p2a: Gliscor|83/100 tox|[from] ability: Poison Heal\n|upkeep\n|turn|15\n|\n|t:|1782552300\n|switch|p2a: Toxapex|Toxapex, F|100/100\n|move|p1a: Corviknight|Body Press|p2a: Toxapex\n|-resisted|p2a: Toxapex\n|-damage|p2a: Toxapex|69/100\n|\n|upkeep\n|turn|16\n|\n|t:|1782552303\n|switch|p1a: Slowking|Slowking-Galar, M|100/100\n|move|p2a: Toxapex|Haze|p2a: Toxapex\n|-clearallboost\n|\n|upkeep\n|turn|17\n|\n|t:|1782552307\n|move|p2a: Toxapex|Toxic Spikes|p1a: Slowking\n|-sidestart|p1: choispecs ironmoth|move: Toxic Spikes\n|move|p1a: Slowking|Trick|p2a: Toxapex\n|-activate|p1a: Slowking|move: Trick|[of] p2a: Toxapex\n|-item|p2a: Toxapex|Black Sludge|[from] move: Trick\n|-item|p1a: Slowking|Heavy-Duty Boots|[from] move: Trick\n|\n|-heal|p2a: Toxapex|75/100|[from] item: Black Sludge\n|upkeep\n|turn|18\n|\n|t:|1782552310\n|switch|p2a: Blissey|Blissey, F|100/100\n|move|p1a: Slowking|Trick|p2a: Blissey\n|-activate|p1a: Slowking|move: Trick|[of] p2a: Blissey\n|-item|p2a: Blissey|Heavy-Duty Boots|[from] move: Trick\n|-item|p1a: Slowking|Heavy-Duty Boots|[from] move: Trick\n|\n|upkeep\n|turn|19\n|\n|t:|1782552315\n|switch|p1a: Corviknight|Corviknight, F|73/100\n|-ability|p1a: Corviknight|Pressure\n|move|p2a: Blissey|Seismic Toss|p1a: Corviknight\n|-damage|p1a: Corviknight|48/100\n|\n|upkeep\n|turn|20\n|\n|t:|1782552322\n|move|p1a: Corviknight|Roost|p1a: Corviknight\n|-heal|p1a: Corviknight|98/100\n|-singleturn|p1a: Corviknight|move: Roost\n|move|p2a: Blissey|Stealth Rock|p1a: Corviknight\n|-sidestart|p1: choispecs ironmoth|move: Stealth Rock\n|\n|upkeep\n|turn|21\n|\n|t:|1782552324\n|move|p2a: Blissey|Protect|p2a: Blissey\n|-singleturn|p2a: Blissey|Protect\n|move|p1a: Corviknight|Defog|p2a: Blissey\n|-activate|p2a: Blissey|move: Protect\n|\n|upkeep\n|turn|22\n|\n|t:|1782552327\n|switch|p2a: Corviknight|Corviknight, F|100/100\n|-ability|p2a: Corviknight|Pressure\n|move|p1a: Corviknight|Defog|p2a: Corviknight\n|-unboost|p2a: Corviknight|evasion|1\n|-sideend|p1: choispecs ironmoth|Toxic Spikes|[from] move: Defog|[of] p1a: Corviknight\n|-sideend|p1: choispecs ironmoth|Stealth Rock|[from] move: Defog|[of] p1a: Corviknight\n|\n|upkeep\n|turn|23\n|\n|t:|1782552331\n|switch|p2a: Gliscor|Gliscor, F|83/100 tox\n|switch|p1a: Slowking|Slowking-Galar, M|100/100\n|\n|-heal|p2a: Gliscor|96/100 tox|[from] ability: Poison Heal\n|upkeep\n|turn|24\n|j| jdjsshixbc\n|\n|t:|1782552341\n|switch|p1a: Corviknight|Corviknight, F|98/100\n|-ability|p1a: Corviknight|Pressure\n|move|p2a: Gliscor|Swords Dance|p2a: Gliscor\n|-boost|p2a: Gliscor|atk|2\n|\n|-heal|p2a: Gliscor|100/100 tox|[from] ability: Poison Heal\n|upkeep\n|turn|25\n|\n|t:|1782552344\n|move|p2a: Gliscor|Facade|p1a: Corviknight\n|-resisted|p1a: Corviknight\n|-damage|p1a: Corviknight|80/100\n|move|p1a: Corviknight|Iron Defense|p1a: Corviknight\n|-boost|p1a: Corviknight|def|2\n|\n|upkeep\n|turn|26\n|\n|t:|1782552347\n|switch|p2a: Toxapex|Toxapex, F|100/100\n|move|p1a: Corviknight|Iron Defense|p1a: Corviknight\n|-boost|p1a: Corviknight|def|2\n|\n|upkeep\n|turn|27\n|\n|t:|1782552350\n|switch|p1a: Slowking|Slowking-Galar, M|100/100\n|move|p2a: Toxapex|Haze|p2a: Toxapex\n|-clearallboost\n|\n|upkeep\n|turn|28\n|\n|t:|1782552354\n|switch|p2a: Gliscor|Gliscor, F|100/100 tox\n|move|p1a: Slowking|Future Sight|p2a: Gliscor\n|-start|p1a: Slowking|move: Future Sight\n|\n|upkeep\n|turn|29\n|l| jdjsshixbc\n|\n|t:|1782552361\n|switch|p2a: Blissey|Blissey, F|100/100\n|switch|p1a: Volcanion|Volcanion|100/100\n|\n|upkeep\n|turn|30\n|\n|t:|1782552369\n|switch|p1a: Hatterene|Hatterene, F|65/100\n|move|p2a: Blissey|Seismic Toss|p1a: Hatterene\n|-damage|p1a: Hatterene|33/100\n|-damage|p2a: Blissey|84/100|[from] item: Rocky Helmet|[of] p1a: Hatterene\n|\n|-end|p2a: Blissey|move: Future Sight\n|-damage|p2a: Blissey|69/100\n|upkeep\n|turn|31\n|\n|t:|1782552377\n|move|p2a: Blissey|Seismic Toss|p1a: Hatterene\n|-damage|p1a: Hatterene|2/100\n|-damage|p2a: Blissey|53/100|[from] item: Rocky Helmet|[of] p1a: Hatterene\n|move|p1a: Hatterene|Pain Split|p2a: Blissey\n|-sethp|p2a: Blissey|27/100|[from] move: Pain Split|[silent]\n|-sethp|p1a: Hatterene|55/100|[from] move: Pain Split\n|\n|upkeep\n|turn|32\n|\n|t:|1782552385\n|move|p2a: Blissey|Soft-Boiled|p2a: Blissey\n|-heal|p2a: Blissey|77/100\n|move|p1a: Hatterene|Nuzzle|p2a: Blissey\n|-damage|p2a: Blissey|73/100\n|-status|p2a: Blissey|par\n|\n|upkeep\n|turn|33\n|\n|t:|1782552387\n|-curestatus|p2a: Blissey|par|[from] ability: Natural Cure|[silent]\n|switch|p2a: Gliscor|Gliscor, F|100/100 tox\n|move|p1a: Hatterene|Pain Split|p2a: Gliscor\n|-sethp|p2a: Gliscor|75/100 tox|[from] move: Pain Split|[silent]\n|-sethp|p1a: Hatterene|83/100|[from] move: Pain Split\n|\n|-heal|p2a: Gliscor|87/100 tox|[from] ability: Poison Heal\n|upkeep\n|turn|34\n|\n|t:|1782552397\n|switch|p1a: Corviknight|Corviknight, F|80/100\n|-ability|p1a: Corviknight|Pressure\n|move|p2a: Gliscor|Knock Off|p1a: Corviknight\n|-damage|p1a: Corviknight|71/100\n|\n|-heal|p2a: Gliscor|99/100 tox|[from] ability: Poison Heal\n|upkeep\n|turn|35\n|\n|t:|1782552400\n|move|p2a: Gliscor|Swords Dance|p2a: Gliscor\n|-boost|p2a: Gliscor|atk|2\n|move|p1a: Corviknight|Iron Defense|p1a: Corviknight\n|-boost|p1a: Corviknight|def|2\n|\n|-heal|p2a: Gliscor|100/100 tox|[from] ability: Poison Heal\n|upkeep\n|turn|36\n|\n|t:|1782552404\n|move|p2a: Gliscor|Facade|p1a: Corviknight\n|-resisted|p1a: Corviknight\n|-damage|p1a: Corviknight|63/100\n|move|p1a: Corviknight|Iron Defense|p1a: Corviknight\n|-boost|p1a: Corviknight|def|2\n|\n|upkeep\n|turn|37\n|\n|t:|1782552407\n|switch|p2a: Toxapex|Toxapex, F|100/100\n|move|p1a: Corviknight|Body Press|p2a: Toxapex\n|-resisted|p2a: Toxapex\n|-damage|p2a: Toxapex|75/100\n|\n|-heal|p2a: Toxapex|81/100|[from] item: Black Sludge\n|upkeep\n|turn|38\n|j| dasasfafas\n|\n|t:|1782552412\n|switch|p1a: Slowking|Slowking-Galar, M|100/100\n|move|p2a: Toxapex|Toxic Spikes|p1a: Slowking\n|-sidestart|p1: choispecs ironmoth|move: Toxic Spikes\n|\n|-heal|p2a: Toxapex|87/100|[from] item: Black Sludge\n|upkeep\n|turn|39\n|\n|t:|1782552415\n|switch|p2a: Blissey|Blissey, F|73/100\n|move|p1a: Slowking|Future Sight|p2a: Blissey\n|-start|p1a: Slowking|move: Future Sight\n|\n|upkeep\n|turn|40\n|\n|t:|1782552420\n|move|p2a: Blissey|Seismic Toss|p1a: Slowking\n|-damage|p1a: Slowking|75/100\n|-prepare|p1a: Slowking|Chilly Reception|[premajor]\n|move|p1a: Slowking|Chilly Reception|p1a: Slowking\n|-weather|Snowscape\n|\n|t:|1782552425\n|switch|p1a: Corviknight|Corviknight, F|63/100|[from] Chilly Reception\n|-ability|p1a: Corviknight|Pressure\n|\n|-weather|Snowscape|[upkeep]\n|upkeep\n|turn|41\n|\n|t:|1782552430\n|switch|p2a: Corviknight|Corviknight, F|100/100\n|-ability|p2a: Corviknight|Pressure\n|move|p1a: Corviknight|Body Press|p2a: Corviknight\n|-damage|p2a: Corviknight|82/100\n|-damage|p1a: Corviknight|46/100|[from] item: Rocky Helmet|[of] p2a: Corviknight\n|\n|-weather|Snowscape|[upkeep]\n|-end|p2a: Corviknight|move: Future Sight\n|-resisted|p2a: Corviknight\n|-damage|p2a: Corviknight|57/100\n|upkeep\n|turn|42\n|\n|t:|1782552434\n|move|p2a: Corviknight|Body Press|p1a: Corviknight\n|-damage|p1a: Corviknight|30/100\n|move|p1a: Corviknight|Roost|p1a: Corviknight\n|-heal|p1a: Corviknight|80/100\n|-singleturn|p1a: Corviknight|move: Roost\n|\n|-weather|Snowscape|[upkeep]\n|upkeep\n|turn|43\n|\n|t:|1782552437\n|move|p2a: Corviknight|Body Press|p1a: Corviknight\n|-damage|p1a: Corviknight|65/100\n|move|p1a: Corviknight|Defog|p2a: Corviknight\n|-unboost|p2a: Corviknight|evasion|1\n|-sideend|p1: choispecs ironmoth|Toxic Spikes|[from] move: Defog|[of] p1a: Corviknight\n|\n|-weather|Snowscape|[upkeep]\n|upkeep\n|turn|44\n|\n|t:|1782552441\n|switch|p1a: Volcanion|Volcanion|100/100\n|move|p2a: Corviknight|Roost|p2a: Corviknight\n|-heal|p2a: Corviknight|100/100\n|-singleturn|p2a: Corviknight|move: Roost\n|\n|-weather|none\n|upkeep\n|turn|45\n|\n|t:|1782552450\n|switch|p2a: Blissey|Blissey, F|73/100\n|move|p1a: Volcanion|Steam Eruption|p2a: Blissey\n|-damage|p2a: Blissey|42/100\n|-status|p2a: Blissey|brn\n|\n|-damage|p2a: Blissey|35/100 brn|[from] brn\n|upkeep\n|turn|46\n|\n|t:|1782552458\n|move|p1a: Volcanion|Steam Eruption|p2a: Blissey\n|-damage|p2a: Blissey|4/100 brn\n|move|p2a: Blissey|Soft-Boiled|p2a: Blissey\n|-heal|p2a: Blissey|54/100 brn\n|\n|-damage|p2a: Blissey|48/100 brn|[from] brn\n|upkeep\n|turn|47\n|\n|t:|1782552462\n|switch|p1a: Hatterene|Hatterene, F|83/100\n|move|p2a: Blissey|Soft-Boiled|p2a: Blissey\n|-heal|p2a: Blissey|98/100 brn\n|\n|-damage|p2a: Blissey|92/100 brn|[from] brn\n|upkeep\n|turn|48\n|\n|t:|1782552466\n|-curestatus|p2a: Blissey|brn|[from] ability: Natural Cure|[silent]\n|switch|p2a: Gliscor|Gliscor, F|100/100 tox\n|move|p1a: Hatterene|Psychic Noise|p2a: Gliscor\n|-damage|p2a: Gliscor|71/100 tox\n|-start|p2a: Gliscor|move: Heal Block\n|\n|upkeep\n|turn|49\n|\n|t:|1782552472\n|move|p2a: Gliscor|Knock Off|p1a: Hatterene\n|-damage|p1a: Hatterene|66/100\n|-damage|p2a: Gliscor|55/100 tox|[from] item: Rocky Helmet|[of] p1a: Hatterene\n|-enditem|p1a: Hatterene|Rocky Helmet|[from] move: Knock Off|[of] p2a: Gliscor\n|move|p1a: Hatterene|Draining Kiss|p2a: Gliscor\n|-damage|p2a: Gliscor|34/100 tox\n|-heal|p1a: Hatterene|83/100|[from] drain|[of] p2a: Gliscor\n|\n|-end|p2a: Gliscor|move: Heal Block\n|upkeep\n|turn|50\n|\n|t:|1782552479\n|move|p2a: Gliscor|Protect|p2a: Gliscor\n|-singleturn|p2a: Gliscor|Protect\n|move|p1a: Hatterene|Psychic Noise|p2a: Gliscor\n|-activate|p2a: Gliscor|move: Protect\n|\n|-heal|p2a: Gliscor|47/100 tox|[from] ability: Poison Heal\n|upkeep\n|turn|51\n|\n|t:|1782552488\n|switch|p2a: Toxapex|Toxapex, F|100/100\n|move|p1a: Hatterene|Psychic Noise|p2a: Toxapex\n|-supereffective|p2a: Toxapex\n|-damage|p2a: Toxapex|41/100\n|-start|p2a: Toxapex|move: Heal Block\n|\n|upkeep\n|turn|52\n|\n|t:|1782552492\n|switch|p2a: Blissey|Blissey, F|92/100\n|move|p1a: Hatterene|Psychic Noise|p2a: Blissey\n|-damage|p2a: Blissey|82/100\n|-start|p2a: Blissey|move: Heal Block\n|\n|upkeep\n|turn|53\n|\n|t:|1782552499\n|move|p2a: Blissey|Seismic Toss|p1a: Hatterene\n|-damage|p1a: Hatterene|51/100\n|move|p1a: Hatterene|Pain Split|p2a: Blissey\n|-sethp|p2a: Blissey|53/100|[from] move: Pain Split|[silent]\n|-sethp|p1a: Hatterene|100/100|[from] move: Pain Split\n|\n|-end|p2a: Blissey|move: Heal Block\n|upkeep\n|turn|54\n|\n|t:|1782552508\n|move|p2a: Blissey|Protect|p2a: Blissey\n|-singleturn|p2a: Blissey|Protect\n|move|p1a: Hatterene|Nuzzle|p2a: Blissey\n|-activate|p2a: Blissey|move: Protect\n|\n|upkeep\n|turn|55\n|\n|t:|1782552511\n|move|p2a: Blissey|Seismic Toss|p1a: Hatterene\n|-damage|p1a: Hatterene|69/100\n|move|p1a: Hatterene|Nuzzle|p2a: Blissey\n|-damage|p2a: Blissey|49/100\n|-status|p2a: Blissey|par\n|\n|upkeep\n|turn|56\n|\n|t:|1782552515\n|move|p2a: Blissey|Protect|p2a: Blissey\n|-singleturn|p2a: Blissey|Protect\n|move|p1a: Hatterene|Psychic Noise|p2a: Blissey\n|-activate|p2a: Blissey|move: Protect\n|\n|upkeep\n|turn|57\n|\n|t:|1782552519\n|-curestatus|p2a: Blissey|par|[from] ability: Natural Cure|[silent]\n|switch|p2a: Corviknight|Corviknight, F|100/100\n|-ability|p2a: Corviknight|Pressure\n|move|p1a: Hatterene|Pain Split|p2a: Corviknight\n|-sethp|p2a: Corviknight|81/100|[from] move: Pain Split|[silent]\n|-sethp|p1a: Hatterene|90/100|[from] move: Pain Split\n|\n|upkeep\n|turn|58\n|\n|t:|1782552529\n|switch|p2a: Toxapex|Toxapex, F|74/100\n|move|p1a: Hatterene|Psychic Noise|p2a: Toxapex\n|-supereffective|p2a: Toxapex\n|-damage|p2a: Toxapex|18/100\n|-start|p2a: Toxapex|move: Heal Block\n|\n|upkeep\n|turn|59\n|\n|t:|1782552534\n|switch|p2a: Blissey|Blissey, F|49/100\n|move|p1a: Hatterene|Nuzzle|p2a: Blissey\n|-damage|p2a: Blissey|45/100\n|-status|p2a: Blissey|par\n|\n|upkeep\n|turn|60\n|\n|t:|1782552545\n|-terastallize|p2a: Blissey|Dark\n|move|p1a: Hatterene|Psychic Noise|p2a: Blissey\n|-immune|p2a: Blissey\n|move|p2a: Blissey|Seismic Toss|p1a: Hatterene\n|-damage|p1a: Hatterene|59/100\n|\n|upkeep\n|turn|61\n|\n|t:|1782552550\n|-curestatus|p2a: Blissey|par|[from] ability: Natural Cure|[silent]\n|switch|p2a: Gliscor|Gliscor, F|47/100 tox\n|move|p1a: Hatterene|Draining Kiss|p2a: Gliscor\n|-damage|p2a: Gliscor|25/100 tox\n|-heal|p1a: Hatterene|77/100|[from] drain|[of] p2a: Gliscor\n|\n|-heal|p2a: Gliscor|38/100 tox|[from] ability: Poison Heal\n|upkeep\n|turn|62\n|\n|t:|1782552556\n|move|p2a: Gliscor|Protect|p2a: Gliscor\n|-singleturn|p2a: Gliscor|Protect\n|move|p1a: Hatterene|Psychic Noise|p2a: Gliscor\n|-activate|p2a: Gliscor|move: Protect\n|\n|-heal|p2a: Gliscor|50/100 tox|[from] ability: Poison Heal\n|upkeep\n|turn|63\n|\n|t:|1782552565\n|switch|p2a: Blissey|Blissey, F, tera:Dark|45/100\n|move|p1a: Hatterene|Draining Kiss|p2a: Blissey\n|-supereffective|p2a: Blissey\n|-damage|p2a: Blissey|31/100\n|-heal|p1a: Hatterene|98/100|[from] drain|[of] p2a: Blissey\n|\n|upkeep\n|turn|64\n|\n|t:|1782552573\n|switch|p1a: Slowking|Slowking-Galar, M|100/100\n|move|p2a: Blissey|Soft-Boiled|p2a: Blissey\n|-heal|p2a: Blissey|81/100\n|\n|upkeep\n|turn|65\n|\n|t:|1782552579\n|move|p2a: Blissey|Stealth Rock|p1a: Slowking\n|-sidestart|p1: choispecs ironmoth|move: Stealth Rock\n|move|p1a: Slowking|Future Sight|p2a: Blissey\n|-start|p1a: Slowking|move: Future Sight\n|\n|upkeep\n|turn|66\n|\n|t:|1782552582\n|move|p2a: Blissey|Seismic Toss|p1a: Slowking\n|-damage|p1a: Slowking|75/100\n|-prepare|p1a: Slowking|Chilly Reception|[premajor]\n|move|p1a: Slowking|Chilly Reception|p1a: Slowking\n|-weather|Snowscape\n|\n|t:|1782552588\n|switch|p1a: Zamazenta|Zamazenta|100/100|[from] Chilly Reception\n|-damage|p1a: Zamazenta|94/100|[from] Stealth Rock\n|-ability|p1a: Zamazenta|Dauntless Shield|boost\n|-boost|p1a: Zamazenta|def|1\n|\n|-weather|Snowscape|[upkeep]\n|upkeep\n|turn|67\n|\n|t:|1782552591\n|move|p2a: Blissey|Protect|p2a: Blissey\n|-singleturn|p2a: Blissey|Protect\n|move|p1a: Zamazenta|Close Combat|p2a: Blissey\n|-activate|p2a: Blissey|move: Protect\n|\n|-weather|Snowscape|[upkeep]\n|-end|p2a: Blissey|move: Future Sight\n|-immune|p2a: Blissey\n|upkeep\n|turn|68\n|\n|t:|1782552599\n|switch|p1a: Corviknight|Corviknight, F|65/100\n|-damage|p1a: Corviknight|53/100|[from] Stealth Rock\n|-ability|p1a: Corviknight|Pressure\n|switch|p2a: Toxapex|Toxapex, F|52/100\n|\n|-weather|Snowscape|[upkeep]\n|-heal|p2a: Toxapex|58/100|[from] item: Black Sludge\n|upkeep\n|turn|69\n|j| infopro play392\n|\n|t:|1782552602\n|switch|p2a: Gliscor|Gliscor, F|50/100 tox\n|move|p1a: Corviknight|Defog|p2a: Gliscor\n|-unboost|p2a: Gliscor|evasion|1\n|-sideend|p1: choispecs ironmoth|Stealth Rock|[from] move: Defog|[of] p1a: Corviknight\n|\n|-weather|Snowscape|[upkeep]\n|-heal|p2a: Gliscor|63/100 tox|[from] ability: Poison Heal\n|upkeep\n|turn|70\n|\n|t:|1782552605\n|switch|p1a: Hatterene|Hatterene, F|98/100\n|move|p2a: Gliscor|Swords Dance|p2a: Gliscor\n|-boost|p2a: Gliscor|atk|2\n|\n|-weather|none\n|-heal|p2a: Gliscor|75/100 tox|[from] ability: Poison Heal\n|upkeep\n|turn|71\n|\n|t:|1782552608\n|move|p2a: Gliscor|Facade|p1a: Hatterene\n|-damage|p1a: Hatterene|51/100\n|move|p1a: Hatterene|Psychic Noise|p2a: Gliscor\n|-damage|p2a: Gliscor|41/100 tox\n|-start|p2a: Gliscor|move: Heal Block\n|\n|upkeep\n|turn|72\n|\n|t:|1782552619\n|switch|p1a: Corviknight|Corviknight, F|53/100\n|-ability|p1a: Corviknight|Pressure\n|move|p2a: Gliscor|Facade|p1a: Corviknight\n|-resisted|p1a: Corviknight\n|-damage|p1a: Corviknight|33/100\n|\n|-end|p2a: Gliscor|move: Heal Block\n|upkeep\n|turn|73\n|\n|t:|1782552622\n|move|p2a: Gliscor|Facade|p1a: Corviknight\n|-resisted|p1a: Corviknight\n|-damage|p1a: Corviknight|14/100\n|move|p1a: Corviknight|Roost|p1a: Corviknight\n|-heal|p1a: Corviknight|64/100\n|-singleturn|p1a: Corviknight|move: Roost\n|\n|-heal|p2a: Gliscor|53/100 tox|[from] ability: Poison Heal\n|upkeep\n|turn|74\n|\n|t:|1782552625\n|move|p2a: Gliscor|Facade|p1a: Corviknight\n|-resisted|p1a: Corviknight\n|-damage|p1a: Corviknight|45/100\n|move|p1a: Corviknight|Iron Defense|p1a: Corviknight\n|-boost|p1a: Corviknight|def|2\n|\n|-heal|p2a: Gliscor|66/100 tox|[from] ability: Poison Heal\n|upkeep\n|turn|75\n|\n|t:|1782552630\n|move|p2a: Gliscor|Knock Off|p1a: Corviknight\n|-damage|p1a: Corviknight|36/100\n|move|p1a: Corviknight|Roost|p1a: Corviknight\n|-heal|p1a: Corviknight|86/100\n|-singleturn|p1a: Corviknight|move: Roost\n|\n|-heal|p2a: Gliscor|78/100 tox|[from] ability: Poison Heal\n|upkeep\n|turn|76\n|\n|t:|1782552634\n|move|p2a: Gliscor|Protect|p2a: Gliscor\n|-singleturn|p2a: Gliscor|Protect\n|move|p1a: Corviknight|Body Press|p2a: Gliscor\n|-activate|p2a: Gliscor|move: Protect\n|\n|-heal|p2a: Gliscor|91/100 tox|[from] ability: Poison Heal\n|upkeep\n|turn|77\n|\n|t:|1782552637\n|switch|p2a: Toxapex|Toxapex, F|91/100\n|move|p1a: Corviknight|Body Press|p2a: Toxapex\n|-resisted|p2a: Toxapex\n|-damage|p2a: Toxapex|75/100\n|\n|-heal|p2a: Toxapex|81/100|[from] item: Black Sludge\n|upkeep\n|turn|78\n|\n|t:|1782552642\n|switch|p1a: Slowking|Slowking-Galar, M|100/100\n|move|p2a: Toxapex|Toxic|p1a: Slowking\n|-immune|p1a: Slowking\n|\n|-heal|p2a: Toxapex|87/100|[from] item: Black Sludge\n|upkeep\n|turn|79\n|\n|t:|1782552645\n|switch|p2a: Blissey|Blissey, F, tera:Dark|81/100\n|move|p1a: Slowking|Sludge Bomb|p2a: Blissey\n|-damage|p2a: Blissey|70/100\n|\n|upkeep\n|turn|80\n|\n|t:|1782552652\n|move|p2a: Blissey|Stealth Rock|p1a: Slowking\n|-sidestart|p1: choispecs ironmoth|move: Stealth Rock\n|move|p1a: Slowking|Trick|p2a: Blissey\n|-activate|p1a: Slowking|move: Trick|[of] p2a: Blissey\n|-item|p2a: Blissey|Heavy-Duty Boots|[from] move: Trick\n|-item|p1a: Slowking|Heavy-Duty Boots|[from] move: Trick\n|\n|upkeep\n|turn|81\n|\n|t:|1782552655\n|move|p2a: Blissey|Seismic Toss|p1a: Slowking\n|-damage|p1a: Slowking|75/100\n|move|p1a: Slowking|Future Sight|p2a: Blissey\n|-start|p1a: Slowking|move: Future Sight\n|\n|upkeep\n|turn|82\n|\n|t:|1782552659\n|switch|p1a: Corviknight|Corviknight, F|86/100\n|-damage|p1a: Corviknight|73/100|[from] Stealth Rock\n|-ability|p1a: Corviknight|Pressure\n|move|p2a: Blissey|Seismic Toss|p1a: Corviknight\n|-damage|p1a: Corviknight|48/100\n|\n|upkeep\n|turn|83\n|\n|t:|1782552667\n|switch|p2a: Gliscor|Gliscor, F|91/100 tox\n|move|p1a: Corviknight|Roost|p1a: Corviknight\n|-heal|p1a: Corviknight|98/100\n|-singleturn|p1a: Corviknight|move: Roost\n|\n|-end|p2a: Gliscor|move: Future Sight\n|-damage|p2a: Gliscor|49/100 tox\n|-heal|p2a: Gliscor|61/100 tox|[from] ability: Poison Heal\n|upkeep\n|turn|84\n|\n|t:|1782552670\n|move|p2a: Gliscor|Protect|p2a: Gliscor\n|-singleturn|p2a: Gliscor|Protect\n|move|p1a: Corviknight|Defog|p2a: Gliscor\n|-activate|p2a: Gliscor|move: Protect\n|\n|-heal|p2a: Gliscor|74/100 tox|[from] ability: Poison Heal\n|upkeep\n|turn|85\n|\n|t:|1782552675\n|switch|p2a: Corviknight|Corviknight, F|81/100\n|-ability|p2a: Corviknight|Pressure\n|move|p1a: Corviknight|Defog|p2a: Corviknight\n|-unboost|p2a: Corviknight|evasion|1\n|-sideend|p1: choispecs ironmoth|Stealth Rock|[from] move: Defog|[of] p1a: Corviknight\n|\n|upkeep\n|turn|86\n|\n|t:|1782552685\n|switch|p2a: Gliscor|Gliscor, F|74/100 tox\n|switch|p1a: Hatterene|Hatterene, F|51/100\n|\n|-heal|p2a: Gliscor|86/100 tox|[from] ability: Poison Heal\n|upkeep\n|turn|87\n|\n|t:|1782552690\n|move|p2a: Gliscor|Swords Dance|p2a: Gliscor\n|-boost|p2a: Gliscor|atk|2\n|move|p1a: Hatterene|Pain Split|p2a: Gliscor\n|-sethp|p2a: Gliscor|66/100 tox|[from] move: Pain Split|[silent]\n|-sethp|p1a: Hatterene|73/100|[from] move: Pain Split\n|\n|-heal|p2a: Gliscor|79/100 tox|[from] ability: Poison Heal\n|upkeep\n|turn|88\n|\n|t:|1782552697\n|switch|p1a: Corviknight|Corviknight, F|98/100\n|-ability|p1a: Corviknight|Pressure\n|move|p2a: Gliscor|Swords Dance|p2a: Gliscor\n|-boost|p2a: Gliscor|atk|2\n|\n|-heal|p2a: Gliscor|91/100 tox|[from] ability: Poison Heal\n|upkeep\n|turn|89\n|\n|t:|1782552701\n|move|p2a: Gliscor|Facade|p1a: Corviknight\n|-resisted|p1a: Corviknight\n|-damage|p1a: Corviknight|70/100\n|move|p1a: Corviknight|Iron Defense|p1a: Corviknight\n|-boost|p1a: Corviknight|def|2\n|\n|-heal|p2a: Gliscor|100/100 tox|[from] ability: Poison Heal\n|upkeep\n|turn|90\n|\n|t:|1782552706\n|switch|p2a: Toxapex|Toxapex, F|100/100\n|move|p1a: Corviknight|Body Press|p2a: Toxapex\n|-resisted|p2a: Toxapex\n|-damage|p2a: Toxapex|85/100\n|\n|-heal|p2a: Toxapex|91/100|[from] item: Black Sludge\n|upkeep\n|turn|91\n|\n|t:|1782552708\n|switch|p1a: Hatterene|Hatterene, F|73/100\n|move|p2a: Toxapex|Toxic Spikes|p1a: Hatterene\n|move|p1a: Hatterene|Toxic Spikes|p2a: Toxapex|[from] ability: Magic Bounce\n|-sidestart|p2: follow the money|move: Toxic Spikes\n|\n|-heal|p2a: Toxapex|97/100|[from] item: Black Sludge\n|upkeep\n|turn|92\n|\n|t:|1782552716\n|switch|p2a: Gliscor|Gliscor, F|100/100 tox\n|move|p1a: Hatterene|Psychic Noise|p2a: Gliscor\n|-damage|p2a: Gliscor|70/100 tox\n|-start|p2a: Gliscor|move: Heal Block\n|\n|upkeep\n|turn|93\n|\n|t:|1782552720\n|switch|p1a: Volcanion|Volcanion|100/100\n|move|p2a: Gliscor|Swords Dance|p2a: Gliscor\n|-boost|p2a: Gliscor|atk|2\n|\n|-end|p2a: Gliscor|move: Heal Block\n|upkeep\n|turn|94\n|\n|t:|1782552723\n|move|p2a: Gliscor|Protect|p2a: Gliscor\n|-singleturn|p2a: Gliscor|Protect\n|move|p1a: Volcanion|Steam Eruption|p2a: Gliscor\n|-activate|p2a: Gliscor|move: Protect\n|\n|-heal|p2a: Gliscor|82/100 tox|[from] ability: Poison Heal\n|upkeep\n|turn|95\n|\n|t:|1782552727\n|switch|p2a: Toxapex|Toxapex, F|100/100\n|-sideend|p2: follow the money|move: Toxic Spikes|[of] p2a: Toxapex\n|move|p1a: Volcanion|Steam Eruption|p2a: Toxapex\n|-resisted|p2a: Toxapex\n|-damage|p2a: Toxapex|59/100\n|\n|-heal|p2a: Toxapex|65/100|[from] item: Black Sludge\n|upkeep\n|turn|96\n|\n|t:|1782552735\n|switch|p1a: Hatterene|Hatterene, F|73/100\n|move|p2a: Toxapex|Toxic|p1a: Hatterene\n|move|p1a: Hatterene|Toxic|p2a: Toxapex|[from] ability: Magic Bounce\n|-immune|p2a: Toxapex\n|\n|-heal|p2a: Toxapex|70/100|[from] item: Black Sludge\n|upkeep\n|turn|97\n|\n|t:|1782552742\n|switch|p2a: Gliscor|Gliscor, F|82/100 tox\n|switch|p1a: Volcanion|Volcanion|100/100\n|\n|-heal|p2a: Gliscor|95/100 tox|[from] ability: Poison Heal\n|upkeep\n|turn|98\n|\n|t:|1782552753\n|switch|p1a: Corviknight|Corviknight, F|70/100\n|-ability|p1a: Corviknight|Pressure\n|move|p2a: Gliscor|Protect||[still]\n|-fail|p2a: Gliscor\n|\n|-heal|p2a: Gliscor|100/100 tox|[from] ability: Poison Heal\n|upkeep\n|turn|99\n|\n|t:|1782552760\n|move|p2a: Gliscor|Swords Dance|p2a: Gliscor\n|-boost|p2a: Gliscor|atk|2\n|move|p1a: Corviknight|Iron Defense|p1a: Corviknight\n|-boost|p1a: Corviknight|def|2\n|\n|upkeep\n|turn|100\n|\n|t:|1782552765\n|switch|p2a: Toxapex|Toxapex, F|100/100\n|move|p1a: Corviknight|Iron Defense|p1a: Corviknight\n|-boost|p1a: Corviknight|def|2\n|\n|upkeep\n|turn|101\n|\n|t:|1782552768\n|switch|p1a: Slowking|Slowking-Galar, M|100/100\n|move|p2a: Toxapex|Toxic|p1a: Slowking\n|-immune|p1a: Slowking\n|\n|upkeep\n|turn|102\n|\n|t:|1782552770\n|switch|p2a: Blissey|Blissey, F, tera:Dark|70/100\n|move|p1a: Slowking|Trick|p2a: Blissey\n|-activate|p1a: Slowking|move: Trick|[of] p2a: Blissey\n|-item|p2a: Blissey|Heavy-Duty Boots|[from] move: Trick\n|-item|p1a: Slowking|Heavy-Duty Boots|[from] move: Trick\n|\n|upkeep\n|turn|103\n|\n|t:|1782552779\n|switch|p1a: Hatterene|Hatterene, F|73/100\n|move|p2a: Blissey|Seismic Toss|p1a: Hatterene\n|-damage|p1a: Hatterene|42/100\n|\n|upkeep\n|turn|104\n|\n|t:|1782552786\n|switch|p2a: Gliscor|Gliscor, F|100/100 tox\n|move|p1a: Hatterene|Pain Split|p2a: Gliscor\n|-sethp|p2a: Gliscor|69/100 tox|[from] move: Pain Split|[silent]\n|-sethp|p1a: Hatterene|76/100|[from] move: Pain Split\n|\n|-heal|p2a: Gliscor|81/100 tox|[from] ability: Poison Heal\n|upkeep\n|turn|105\n|\n|t:|1782552793\n|switch|p1a: Corviknight|Corviknight, F|70/100\n|-ability|p1a: Corviknight|Pressure\n|move|p2a: Gliscor|Swords Dance|p2a: Gliscor\n|-boost|p2a: Gliscor|atk|2\n|\n|-heal|p2a: Gliscor|94/100 tox|[from] ability: Poison Heal\n|upkeep\n|turn|106\n|\n|t:|1782552799\n|move|p2a: Gliscor|Knock Off|p1a: Corviknight\n|-damage|p1a: Corviknight|53/100\n|move|p1a: Corviknight|Iron Defense|p1a: Corviknight\n|-boost|p1a: Corviknight|def|2\n|\n|-heal|p2a: Gliscor|100/100 tox|[from] ability: Poison Heal\n|upkeep\n|turn|107\n|\n|t:|1782552807\n|move|p2a: Gliscor|Swords Dance|p2a: Gliscor\n|-boost|p2a: Gliscor|atk|2\n|move|p1a: Corviknight|Body Press|p2a: Gliscor\n|-resisted|p2a: Gliscor\n|-damage|p2a: Gliscor|80/100 tox\n|\n|-heal|p2a: Gliscor|93/100 tox|[from] ability: Poison Heal\n|upkeep\n|turn|108\n|\n|t:|1782552809\n|move|p2a: Gliscor|Knock Off|p1a: Corviknight\n|-damage|p1a: Corviknight|41/100\n|move|p1a: Corviknight|Iron Defense|p1a: Corviknight\n|-boost|p1a: Corviknight|def|2\n|\n|-heal|p2a: Gliscor|100/100 tox|[from] ability: Poison Heal\n|upkeep\n|turn|109\n|\n|t:|1782552812\n|switch|p2a: Toxapex|Toxapex, F|100/100\n|move|p1a: Corviknight|Roost|p1a: Corviknight\n|-heal|p1a: Corviknight|91/100\n|-singleturn|p1a: Corviknight|move: Roost\n|\n|upkeep\n|turn|110\n|\n|t:|1782552818\n|switch|p1a: Hatterene|Hatterene, F|76/100\n|move|p2a: Toxapex|Toxic Spikes|p1a: Hatterene\n|move|p1a: Hatterene|Toxic Spikes|p2a: Toxapex|[from] ability: Magic Bounce\n|-sidestart|p2: follow the money|move: Toxic Spikes\n|\n|upkeep\n|turn|111\n|\n|t:|1782552823\n|switch|p2a: Gliscor|Gliscor, F|100/100 tox\n|move|p1a: Hatterene|Psychic Noise|p2a: Gliscor\n|-damage|p2a: Gliscor|68/100 tox\n|-start|p2a: Gliscor|move: Heal Block\n|\n|upkeep\n|turn|112\n|\n|t:|1782552831\n|move|p2a: Gliscor|Swords Dance|p2a: Gliscor\n|-boost|p2a: Gliscor|atk|2\n|move|p1a: Hatterene|Draining Kiss|p2a: Gliscor\n|-damage|p2a: Gliscor|48/100 tox\n|-heal|p1a: Hatterene|93/100|[from] drain|[of] p2a: Gliscor\n|\n|-end|p2a: Gliscor|move: Heal Block\n|upkeep\n|turn|113\n|\n|t:|1782552840\n|move|p2a: Gliscor|Protect|p2a: Gliscor\n|-singleturn|p2a: Gliscor|Protect\n|move|p1a: Hatterene|Psychic Noise|p2a: Gliscor\n|-activate|p2a: Gliscor|move: Protect\n|\n|-heal|p2a: Gliscor|60/100 tox|[from] ability: Poison Heal\n|upkeep\n|turn|114\n|\n|t:|1782552846\n|move|p2a: Gliscor|Facade|p1a: Hatterene\n|-damage|p1a: Hatterene|43/100\n|move|p1a: Hatterene|Psychic Noise|p2a: Gliscor\n|-damage|p2a: Gliscor|31/100 tox\n|-start|p2a: Gliscor|move: Heal Block\n|\n|upkeep\n|turn|115\n|j| Kathryne Keyron\n|\n|t:|1782552859\n|switch|p1a: Corviknight|Corviknight, F|91/100\n|-ability|p1a: Corviknight|Pressure\n|move|p2a: Gliscor|Facade|p1a: Corviknight\n|-resisted|p1a: Corviknight\n|-damage|p1a: Corviknight|73/100\n|\n|-end|p2a: Gliscor|move: Heal Block\n|upkeep\n|turn|116\n|\n|t:|1782552866\n|move|p2a: Gliscor|Knock Off|p1a: Corviknight\n|-damage|p1a: Corviknight|57/100\n|move|p1a: Corviknight|Iron Defense|p1a: Corviknight\n|-boost|p1a: Corviknight|def|2\n|\n|-heal|p2a: Gliscor|44/100 tox|[from] ability: Poison Heal\n|upkeep\n|turn|117\n|\n|t:|1782552871\n|move|p2a: Gliscor|Knock Off|p1a: Corviknight\n|-damage|p1a: Corviknight|49/100\n|move|p1a: Corviknight|Roost|p1a: Corviknight\n|-heal|p1a: Corviknight|99/100\n|-singleturn|p1a: Corviknight|move: Roost\n|\n|-heal|p2a: Gliscor|56/100 tox|[from] ability: Poison Heal\n|upkeep\n|turn|118\n|\n|t:|1782552874\n|move|p2a: Gliscor|Protect|p2a: Gliscor\n|-singleturn|p2a: Gliscor|Protect\n|move|p1a: Corviknight|Body Press|p2a: Gliscor\n|-activate|p2a: Gliscor|move: Protect\n|\n|-heal|p2a: Gliscor|69/100 tox|[from] ability: Poison Heal\n|upkeep\n|turn|119\n|\n|t:|1782552880\n|switch|p2a: Toxapex|Toxapex, F|100/100\n|-sideend|p2: follow the money|move: Toxic Spikes|[of] p2a: Toxapex\n|move|p1a: Corviknight|Body Press|p2a: Toxapex\n|-resisted|p2a: Toxapex\n|-damage|p2a: Toxapex|84/100\n|\n|-heal|p2a: Toxapex|90/100|[from] item: Black Sludge\n|upkeep\n|turn|120\n|\n|t:|1782552884\n|switch|p1a: Slowking|Slowking-Galar, M|100/100\n|move|p2a: Toxapex|Toxic|p1a: Slowking\n|-immune|p1a: Slowking\n|\n|-heal|p2a: Toxapex|96/100|[from] item: Black Sludge\n|upkeep\n|turn|121\n|\n|t:|1782552887\n|switch|p2a: Blissey|Blissey, F, tera:Dark|70/100\n|move|p1a: Slowking|Future Sight|p2a: Blissey\n|-start|p1a: Slowking|move: Future Sight\n|\n|upkeep\n|turn|122\n|\n|t:|1782552894\n|move|p2a: Blissey|Stealth Rock|p1a: Slowking\n|-sidestart|p1: choispecs ironmoth|move: Stealth Rock\n|-prepare|p1a: Slowking|Chilly Reception|[premajor]\n|move|p1a: Slowking|Chilly Reception|p1a: Slowking\n|-weather|Snowscape\n|\n|t:|1782552899\n|switch|p1a: Corviknight|Corviknight, F|99/100|[from] Chilly Reception\n|-damage|p1a: Corviknight|87/100|[from] Stealth Rock\n|-ability|p1a: Corviknight|Pressure\n|\n|-weather|Snowscape|[upkeep]\n|upkeep\n|turn|123\n|\n|t:|1782552903\n|move|p2a: Blissey|Protect|p2a: Blissey\n|-singleturn|p2a: Blissey|Protect\n|move|p1a: Corviknight|Defog|p2a: Blissey\n|-activate|p2a: Blissey|move: Protect\n|\n|-weather|Snowscape|[upkeep]\n|-end|p2a: Blissey|move: Future Sight\n|-immune|p2a: Blissey\n|upkeep\n|turn|124\n|\n|t:|1782552906\n|switch|p2a: Gliscor|Gliscor, F|69/100 tox\n|move|p1a: Corviknight|Defog|p2a: Gliscor\n|-unboost|p2a: Gliscor|evasion|1\n|-sideend|p1: choispecs ironmoth|Stealth Rock|[from] move: Defog|[of] p1a: Corviknight\n|\n|-weather|Snowscape|[upkeep]\n|-heal|p2a: Gliscor|81/100 tox|[from] ability: Poison Heal\n|upkeep\n|turn|125\n|\n|t:|1782552912\n|move|p2a: Gliscor|Swords Dance|p2a: Gliscor\n|-boost|p2a: Gliscor|atk|2\n|move|p1a: Corviknight|Iron Defense|p1a: Corviknight\n|-boost|p1a: Corviknight|def|2\n|\n|-weather|Snowscape|[upkeep]\n|-heal|p2a: Gliscor|94/100 tox|[from] ability: Poison Heal\n|upkeep\n|turn|126\n|\n|t:|1782552914\n|switch|p2a: Toxapex|Toxapex, F|100/100\n|move|p1a: Corviknight|Iron Defense|p1a: Corviknight\n|-boost|p1a: Corviknight|def|2\n|\n|-weather|none\n|upkeep\n|turn|127\n|\n|t:|1782552917\n|switch|p1a: Hatterene|Hatterene, F|43/100\n|switch|p2a: Gliscor|Gliscor, F|94/100 tox\n|\n|-heal|p2a: Gliscor|100/100 tox|[from] ability: Poison Heal\n|upkeep\n|turn|128\n|\n|t:|1782552920\n|move|p2a: Gliscor|Swords Dance|p2a: Gliscor\n|-boost|p2a: Gliscor|atk|2\n|move|p1a: Hatterene|Pain Split|p2a: Gliscor\n|-sethp|p2a: Gliscor|70/100 tox|[from] move: Pain Split|[silent]\n|-sethp|p1a: Hatterene|77/100|[from] move: Pain Split\n|\n|-heal|p2a: Gliscor|82/100 tox|[from] ability: Poison Heal\n|upkeep\n|turn|129\n|\n|t:|1782552927\n|switch|p1a: Corviknight|Corviknight, F|87/100\n|-ability|p1a: Corviknight|Pressure\n|move|p2a: Gliscor|Swords Dance|p2a: Gliscor\n|-boost|p2a: Gliscor|atk|2\n|\n|-heal|p2a: Gliscor|95/100 tox|[from] ability: Poison Heal\n|upkeep\n|turn|130\n|\n|t:|1782552933\n|move|p2a: Gliscor|Facade|p1a: Corviknight\n|-resisted|p1a: Corviknight\n|-damage|p1a: Corviknight|59/100\n|move|p1a: Corviknight|Iron Defense|p1a: Corviknight\n|-boost|p1a: Corviknight|def|2\n|\n|-heal|p2a: Gliscor|100/100 tox|[from] ability: Poison Heal\n|upkeep\n|turn|131\n|\n|t:|1782552937\n|switch|p1a: Hatterene|Hatterene, F|77/100\n|move|p2a: Gliscor|Knock Off|p1a: Hatterene\n|-damage|p1a: Hatterene|45/100\n|\n|upkeep\n|turn|132\n|\n|t:|1782552941\n|switch|p1a: Corviknight|Corviknight, F|59/100\n|-ability|p1a: Corviknight|Pressure\n|move|p2a: Gliscor|Facade|p1a: Corviknight\n|-resisted|p1a: Corviknight\n|-damage|p1a: Corviknight|33/100\n|\n|upkeep\n|turn|133\n|\n|t:|1782552945\n|move|p2a: Gliscor|Swords Dance|p2a: Gliscor\n|-boost|p2a: Gliscor|atk|2\n|move|p1a: Corviknight|Roost|p1a: Corviknight\n|-heal|p1a: Corviknight|83/100\n|-singleturn|p1a: Corviknight|move: Roost\n|\n|upkeep\n|turn|134\n|\n|t:|1782552948\n|move|p2a: Gliscor|Facade|p1a: Corviknight\n|-resisted|p1a: Corviknight\n|-crit|p1a: Corviknight\n|-damage|p1a: Corviknight|30/100\n|move|p1a: Corviknight|Iron Defense|p1a: Corviknight\n|-boost|p1a: Corviknight|def|2\n|\n|upkeep\n|turn|135\n|\n|t:|1782552952\n|move|p2a: Gliscor|Knock Off|p1a: Corviknight\n|-damage|p1a: Corviknight|14/100\n|move|p1a: Corviknight|Body Press|p2a: Gliscor\n|-resisted|p2a: Gliscor\n|-damage|p2a: Gliscor|79/100 tox\n|\n|-heal|p2a: Gliscor|92/100 tox|[from] ability: Poison Heal\n|upkeep\n|turn|136\n|\n|t:|1782552955\n|move|p2a: Gliscor|Knock Off|p1a: Corviknight\n|-damage|p1a: Corviknight|0 fnt\n|faint|p1a: Corviknight\n|\n|-heal|p2a: Gliscor|100/100 tox|[from] ability: Poison Heal\n|upkeep\n|\n|t:|1782552960\n|switch|p1a: Volcanion|Volcanion|100/100\n|turn|137\n|inactive|follow the money has 120 seconds left.\n|\n|t:|1782553002\n|move|p2a: Gliscor|Protect|p2a: Gliscor\n|-singleturn|p2a: Gliscor|Protect\n|move|p1a: Volcanion|Steam Eruption|p2a: Gliscor\n|-activate|p2a: Gliscor|move: Protect\n|\n|upkeep\n|turn|138\n|\n|t:|1782553005\n|switch|p2a: Toxapex|Toxapex, F|100/100\n|move|p1a: Volcanion|Steam Eruption|p2a: Toxapex\n|-resisted|p2a: Toxapex\n|-damage|p2a: Toxapex|59/100\n|\n|-heal|p2a: Toxapex|65/100|[from] item: Black Sludge\n|upkeep\n|turn|139\n|\n|t:|1782553010\n|switch|p2a: Blissey|Blissey, F, tera:Dark|70/100\n|move|p1a: Volcanion|Steam Eruption|p2a: Blissey\n|-damage|p2a: Blissey|40/100\n|\n|upkeep\n|turn|140\n|\n|t:|1782553030\n|switch|p1a: Hatterene|Hatterene, F|45/100\n|move|p2a: Blissey|Seismic Toss|p1a: Hatterene\n|-damage|p1a: Hatterene|14/100\n|\n|upkeep\n|turn|141\n|\n|t:|1782553032\n|move|p2a: Blissey|Seismic Toss|p1a: Hatterene\n|-damage|p1a: Hatterene|0 fnt\n|faint|p1a: Hatterene\n|\n|upkeep\n|\n|t:|1782553035\n|switch|p1a: Zamazenta|Zamazenta|94/100\n|turn|142\n|\n|t:|1782553040\n|-terastallize|p1a: Zamazenta|Dark\n|move|p2a: Blissey|Protect|p2a: Blissey\n|-singleturn|p2a: Blissey|Protect\n|move|p1a: Zamazenta|Crunch|p2a: Blissey\n|-activate|p2a: Blissey|move: Protect\n|\n|upkeep\n|turn|143\n|inactive|follow the money has 120 seconds left.\n|\n|t:|1782553049\n|switch|p2a: Toxapex|Toxapex, F|98/100\n|move|p1a: Zamazenta|Crunch|p2a: Toxapex\n|-damage|p2a: Toxapex|62/100\n|\n|-heal|p2a: Toxapex|68/100|[from] item: Black Sludge\n|upkeep\n|turn|144\n|inactive|follow the money has 120 seconds left.\n|\n|t:|1782553054\n|switch|p1a: Slowking|Slowking-Galar, M|100/100\n|switch|p2a: Gliscor|Gliscor, F|100/100 tox\n|\n|upkeep\n|turn|145\n|inactive|follow the money has 120 seconds left.\n|\n|t:|1782553062\n|switch|p2a: Blissey|Blissey, F, tera:Dark|40/100\n|move|p1a: Slowking|Trick|p2a: Blissey\n|-activate|p1a: Slowking|move: Trick|[of] p2a: Blissey\n|-item|p2a: Blissey|Heavy-Duty Boots|[from] move: Trick\n|-item|p1a: Slowking|Heavy-Duty Boots|[from] move: Trick\n|\n|upkeep\n|turn|146\n|\n|t:|1782553067\n|move|p2a: Blissey|Stealth Rock|p1a: Slowking\n|-sidestart|p1: choispecs ironmoth|move: Stealth Rock\n|move|p1a: Slowking|Sludge Bomb|p2a: Blissey\n|-damage|p2a: Blissey|30/100\n|\n|upkeep\n|turn|147\n|\n|t:|1782553073\n|move|p2a: Blissey|Soft-Boiled|p2a: Blissey\n|-heal|p2a: Blissey|80/100\n|move|p1a: Slowking|Future Sight|p2a: Blissey\n|-start|p1a: Slowking|move: Future Sight\n|\n|upkeep\n|turn|148\n|j| turquoiselink\n|\n|t:|1782553077\n|move|p2a: Blissey|Seismic Toss|p1a: Slowking\n|-damage|p1a: Slowking|75/100\n|move|p1a: Slowking|Sludge Bomb|p2a: Blissey\n|-damage|p2a: Blissey|69/100\n|-status|p2a: Blissey|psn\n|\n|-damage|p2a: Blissey|56/100 psn|[from] psn\n|upkeep\n|turn|149\n|l| turquoiselink\n|\n|t:|1782553085\n|move|p2a: Blissey|Soft-Boiled|p2a: Blissey\n|-heal|p2a: Blissey|100/100 psn\n|move|p1a: Slowking|Sludge Bomb|p2a: Blissey\n|-damage|p2a: Blissey|90/100 psn\n|\n|-end|p2a: Blissey|move: Future Sight\n|-immune|p2a: Blissey\n|-damage|p2a: Blissey|78/100 psn|[from] psn\n|upkeep\n|turn|150\n|-message|choispecs ironmoth forfeited.\n|\n|win|follow the money\n|raw|choispecs ironmoth's rating: 1735 &rarr; <strong>1728</strong><br />(-7 for losing)\n|raw|follow the money's rating: 2002 &rarr; <strong>2009</strong><br />(+7 for winning)\n|l|☆choispecs ironmoth\n|player|p1|\n|l|☆follow the money\n|player|p2|\n", "uploadtime": 1782553323, "views": 12, "formatid": "gen9ou", "rating": 1728, "private": 0, "password": null}