{"id": "gen9ou-2639296339", "format": "[Gen 9] OU", "players": ["mr. mastadon farm", "fflamee"], "log": "|j|☆mr. mastadon farm\n|j|☆fflamee\n|t:|1782447920\n|gametype|singles\n|player|p1|mr. mastadon farm|blaine|1144\n|player|p2|fflamee|2|1204\n|gen|9\n|tier|[Gen 9] OU\n|rated|\n|rule|HP Percentage Mod: HP is shown in percentages\n|rule|Endless Battle Clause: Forcing endless battles is banned\n|rule|Species Clause: Limit one of each Pokémon\n|rule|OHKO Clause: OHKO moves are banned\n|rule|Evasion Items Clause: Evasion items are banned\n|rule|Evasion Moves Clause: Evasion moves are banned\n|rule|Evasion Abilities Clause: Evasion abilities are banned\n|rule|Sleep Moves Clause: Sleep-inducing moves are banned\n|clearpoke\n|poke|p1|Ditto|\n|poke|p1|Slaking, F|\n|poke|p1|Staraptor, F|\n|poke|p1|Chansey, F|\n|poke|p1|Furret, M|\n|poke|p1|Porygon2|\n|poke|p2|Dragapult, M|\n|poke|p2|Mamoswine, M|\n|poke|p2|Iron Valiant|\n|poke|p2|Rillaboom, F|\n|poke|p2|Kingambit, F|\n|poke|p2|Deoxys-Speed|\n|teampreview\n|inactive|Battle timer is ON: inactive players will automatically lose when time's up. (requested by fflamee)\n|\n|t:|1782447961\n|teamsize|p1|6\n|teamsize|p2|6\n|start\n|switch|p1a: Staraptor|Staraptor, F|100/100\n|switch|p2a: Dragapult|Dragapult, M|100/100\n|-ability|p1a: Staraptor|Intimidate|boost\n|-fail|p2a: Dragapult|unboost|[from] ability: Clear Body|[of] p2a: Dragapult\n|turn|1\n|\n|t:|1782447968\n|move|p2a: Dragapult|Dragon Dance|p2a: Dragapult\n|-boost|p2a: Dragapult|atk|1\n|-boost|p2a: Dragapult|spe|1\n|move|p1a: Staraptor|Brave Bird|p2a: Dragapult\n|-crit|p2a: Dragapult\n|-enditem|p2a: Dragapult|Focus Sash\n|-damage|p2a: Dragapult|1/100\n|-damage|p1a: Staraptor|67/100|[from] Recoil\n|\n|upkeep\n|turn|2\n|\n|t:|1782447978\n|move|p2a: Dragapult|Dragon Darts|p1a: Staraptor\n|-damage|p1a: Staraptor|3/100\n|-anim|p2a: Dragapult|Dragon Darts|p1a: Staraptor\n|-damage|p1a: Staraptor|0 fnt\n|faint|p1a: Staraptor\n|\n|upkeep\n|\n|t:|1782447987\n|switch|p1a: Ditto|Ditto, shiny|100/100\n|-transform|p1a: Ditto|p2a: Dragapult|[from] ability: Imposter\n|turn|3\n|\n|t:|1782447999\n|switch|p2a: Iron Valiant|Iron Valiant|100/100\n|-enditem|p2a: Iron Valiant|Booster Energy\n|-activate|p2a: Iron Valiant|ability: Quark Drive|[fromitem]\n|-start|p2a: Iron Valiant|quarkdrivespe\n|move|p1a: Ditto|Phantom Force||[still]\n|-prepare|p1a: Ditto|Phantom Force\n|\n|upkeep\n|turn|4\n|\n|t:|1782448010\n|-end|p2a: Iron Valiant|Quark Drive|[silent]\n|switch|p2a: Kingambit|Kingambit, F|100/100\n|move|p1a: Ditto|Phantom Force|p2a: Kingambit|[from] lockedmove\n|-resisted|p2a: Kingambit\n|-damage|p2a: Kingambit|72/100\n|\n|upkeep\n|turn|5\n|\n|t:|1782448031\n|switch|p1a: Slaking|Slaking, F, shiny|100/100\n|move|p2a: Kingambit|Kowtow Cleave|p1a: Slaking\n|-damage|p1a: Slaking|40/100\n|\n|upkeep\n|turn|6\n|\n|t:|1782448040\n|move|p1a: Slaking|Earthquake|p2a: Kingambit\n|-supereffective|p2a: Kingambit\n|-damage|p2a: Kingambit|0 fnt\n|faint|p2a: Kingambit\n|-end|p2a: Kingambit|fallenundefined|[silent]\n|\n|upkeep\n|\n|t:|1782448051\n|switch|p2a: Dragapult|Dragapult, M|1/100\n|turn|7\n|\n|t:|1782448063\n|move|p2a: Dragapult|Dragon Darts|p1a: Slaking\n|-damage|p1a: Slaking|20/100\n|-anim|p2a: Dragapult|Dragon Darts|p1a: Slaking\n|-damage|p1a: Slaking|0 fnt\n|faint|p1a: Slaking\n|\n|upkeep\n|\n|t:|1782448068\n|switch|p1a: Ditto|Ditto, shiny|100/100\n|-transform|p1a: Ditto|p2a: Dragapult|[from] ability: Imposter\n|turn|8\n|\n|t:|1782448074\n|move|p1a: Ditto|Dragon Darts|p2a: Dragapult\n|-supereffective|p2a: Dragapult\n|-damage|p2a: Dragapult|0 fnt\n|faint|p2a: Dragapult\n|\n|upkeep\n|\n|t:|1782448085\n|switch|p2a: Deoxys|Deoxys-Speed|100/100\n|-ability|p2a: Deoxys|Pressure\n|turn|9\n|\n|t:|1782448092\n|move|p1a: Ditto|Dragon Darts|p2a: Deoxys\n|-damage|p2a: Deoxys|61/100\n|-anim|p1a: Ditto|Dragon Darts|p2a: Deoxys\n|-damage|p2a: Deoxys|22/100\n|move|p2a: Deoxys|Dark Pulse|p1a: Ditto\n|-supereffective|p1a: Ditto\n|-damage|p1a: Ditto|11/100\n|\n|upkeep\n|turn|10\n|\n|t:|1782448111\n|switch|p2a: Mamoswine|Mamoswine, M|100/100\n|move|p1a: Ditto|Dragon Darts|p2a: Mamoswine\n|-damage|p2a: Mamoswine|82/100\n|-anim|p1a: Ditto|Dragon Darts|p2a: Mamoswine\n|-damage|p2a: Mamoswine|62/100\n|\n|-heal|p2a: Mamoswine|68/100|[from] item: Leftovers\n|upkeep\n|turn|11\n|\n|t:|1782448126\n|switch|p1a: Chansey|Chansey, F|100/100\n|move|p2a: Mamoswine|Curse|p2a: Mamoswine\n|-unboost|p2a: Mamoswine|spe|1\n|-boost|p2a: Mamoswine|atk|1\n|-boost|p2a: Mamoswine|def|1\n|\n|-heal|p2a: Mamoswine|74/100|[from] item: Leftovers\n|upkeep\n|turn|12\n|\n|t:|1782448132\n|move|p1a: Chansey|Stealth Rock|p2a: Mamoswine\n|-sidestart|p2: fflamee|move: Stealth Rock\n|move|p2a: Mamoswine|Curse|p2a: Mamoswine\n|-unboost|p2a: Mamoswine|spe|1\n|-boost|p2a: Mamoswine|atk|1\n|-boost|p2a: Mamoswine|def|1\n|\n|-heal|p2a: Mamoswine|80/100|[from] item: Leftovers\n|upkeep\n|turn|13\n|\n|t:|1782448137\n|move|p1a: Chansey|Seismic Toss|p2a: Mamoswine\n|-damage|p2a: Mamoswine|57/100\n|move|p2a: Mamoswine|Curse|p2a: Mamoswine\n|-unboost|p2a: Mamoswine|spe|1\n|-boost|p2a: Mamoswine|atk|1\n|-boost|p2a: Mamoswine|def|1\n|\n|-heal|p2a: Mamoswine|63/100|[from] item: Leftovers\n|upkeep\n|turn|14\n|\n|t:|1782448148\n|move|p1a: Chansey|Seismic Toss|p2a: Mamoswine\n|-damage|p2a: Mamoswine|39/100\n|move|p2a: Mamoswine|Curse|p2a: Mamoswine\n|-unboost|p2a: Mamoswine|spe|1\n|-boost|p2a: Mamoswine|atk|1\n|-boost|p2a: Mamoswine|def|1\n|\n|-heal|p2a: Mamoswine|45/100|[from] item: Leftovers\n|upkeep\n|turn|15\n|\n|t:|1782448155\n|move|p1a: Chansey|Seismic Toss|p2a: Mamoswine\n|-damage|p2a: Mamoswine|22/100\n|move|p2a: Mamoswine|Rest|p2a: Mamoswine\n|-status|p2a: Mamoswine|slp|[from] move: Rest\n|-heal|p2a: Mamoswine|100/100 slp|[silent]\n|\n|upkeep\n|turn|16\n|\n|t:|1782448168\n|switch|p1a: Furret|Furret, M, shiny|100/100\n|-item|p2a: Mamoswine|Leftovers|[from] ability: Frisk|[of] p1a: Furret\n|cant|p2a: Mamoswine|slp\n|move|p2a: Mamoswine|Sleep Talk|p2a: Mamoswine\n|move|p2a: Mamoswine|Rest||[from] move: Sleep Talk|[still]\n|-fail|p2a: Mamoswine\n|\n|upkeep\n|turn|17\n|\n|t:|1782448175\n|move|p1a: Furret|Trick|p2a: Mamoswine\n|-activate|p1a: Furret|move: Trick|[of] p2a: Mamoswine\n|-item|p2a: Mamoswine|Choice Scarf|[from] move: Trick\n|-item|p1a: Furret|Leftovers|[from] move: Trick\n|cant|p2a: Mamoswine|slp\n|move|p2a: Mamoswine|Sleep Talk|p2a: Mamoswine\n|move|p2a: Mamoswine|Avalanche|p1a: Furret|[from] move: Sleep Talk\n|-damage|p1a: Furret|0 fnt\n|faint|p1a: Furret\n|\n|upkeep\n|\n|t:|1782448184\n|switch|p1a: Ditto|Ditto, shiny|11/100\n|-transform|p1a: Ditto|p2a: Mamoswine|[from] ability: Imposter\n|turn|18\n|l|☆fflamee\n|inactive|fflamee disconnected and has a minute to reconnect!\n|player|p2|\n|inactive|fflamee has 30 seconds to reconnect!\n|inactive|fflamee has 20 seconds to reconnect!\n|inactive|fflamee has 15 seconds to reconnect!\n|j|☆fflamee\n|inactive|fflamee reconnected and has 90 seconds left.\n|player|p2|fflamee|2|\n|\n|t:|1782448257\n|move|p1a: Ditto|Rest|p1a: Ditto\n|-status|p1a: Ditto|slp|[from] move: Rest\n|-heal|p1a: Ditto|100/100 slp|[silent]\n|-curestatus|p2a: Mamoswine|slp|[msg]\n|move|p2a: Mamoswine|Sleep Talk||[still]\n|-fail|p2a: Mamoswine\n|\n|upkeep\n|turn|19\n|\n|t:|1782448277\n|switch|p2a: Iron Valiant|Iron Valiant|100/100\n|-damage|p2a: Iron Valiant|94/100|[from] Stealth Rock\n|switch|p1a: Chansey|Chansey, F|100/100\n|\n|upkeep\n|turn|20\n|\n|t:|1782448285\n|move|p2a: Iron Valiant|Close Combat|p1a: Chansey\n|-supereffective|p1a: Chansey\n|-damage|p1a: Chansey|17/100\n|-unboost|p2a: Iron Valiant|def|1\n|-unboost|p2a: Iron Valiant|spd|1\n|move|p1a: Chansey|Seismic Toss|p2a: Iron Valiant\n|-damage|p2a: Iron Valiant|60/100\n|\n|upkeep\n|turn|21\n|\n|t:|1782448296\n|move|p2a: Iron Valiant|Close Combat|p1a: Chansey\n|-supereffective|p1a: Chansey\n|-damage|p1a: Chansey|0 fnt\n|-unboost|p2a: Iron Valiant|def|1\n|-unboost|p2a: Iron Valiant|spd|1\n|faint|p1a: Chansey\n|\n|upkeep\n|\n|t:|1782448300\n|switch|p1a: Porygon2|Porygon2, shiny|100/100\n|turn|22\n|\n|t:|1782448305\n|-end|p2a: Iron Valiant|Quark Drive|[silent]\n|switch|p2a: Mamoswine|Mamoswine, M|100/100\n|-ability|p1a: Porygon2|Thick Fat|Trace|[from] ability: Trace|[of] p2a: Mamoswine\n|-damage|p2a: Mamoswine|88/100|[from] Stealth Rock\n|-terastallize|p1a: Porygon2|Poison\n|move|p1a: Porygon2|Charge Beam|p2a: Mamoswine\n|-immune|p2a: Mamoswine\n|\n|upkeep\n|turn|23\n|\n|t:|1782448318\n|move|p1a: Porygon2|Tri Attack|p2a: Mamoswine\n|-damage|p2a: Mamoswine|50/100\n|move|p2a: Mamoswine|Avalanche|p1a: Porygon2\n|-damage|p1a: Porygon2|85/100\n|\n|upkeep\n|turn|24\n|\n|t:|1782448325\n|move|p1a: Porygon2|Tri Attack|p2a: Mamoswine\n|-damage|p2a: Mamoswine|13/100\n|move|p2a: Mamoswine|Avalanche|p1a: Porygon2\n|-damage|p1a: Porygon2|71/100\n|\n|upkeep\n|turn|25\n|\n|t:|1782448330\n|move|p1a: Porygon2|Recover|p1a: Porygon2\n|-heal|p1a: Porygon2|100/100\n|move|p2a: Mamoswine|Avalanche|p1a: Porygon2\n|-damage|p1a: Porygon2|94/100\n|\n|upkeep\n|turn|26\n|\n|t:|1782448334\n|move|p1a: Porygon2|Tri Attack|p2a: Mamoswine\n|-crit|p2a: Mamoswine\n|-damage|p2a: Mamoswine|0 fnt\n|faint|p2a: Mamoswine\n|\n|upkeep\n|\n|t:|1782448336\n|switch|p2a: Deoxys|Deoxys-Speed|22/100\n|-damage|p2a: Deoxys|10/100|[from] Stealth Rock\n|-ability|p2a: Deoxys|Pressure\n|turn|27\n|\n|t:|1782448345\n|switch|p1a: Ditto|Ditto, shiny|100/100 slp\n|-transform|p1a: Ditto|p2a: Deoxys|[from] ability: Imposter\n|-ability|p1a: Ditto|Pressure\n|move|p2a: Deoxys|Psycho Boost|p1a: Ditto\n|-resisted|p1a: Ditto\n|-damage|p1a: Ditto|48/100 slp\n|-unboost|p2a: Deoxys|spa|2\n|\n|upkeep\n|turn|28\n|\n|t:|1782448357\n|switch|p2a: Iron Valiant|Iron Valiant|60/100\n|-damage|p2a: Iron Valiant|53/100|[from] Stealth Rock\n|cant|p1a: Ditto|slp\n|\n|upkeep\n|turn|29\n|\n|t:|1782448363\n|switch|p1a: Porygon2|Porygon2, shiny, tera:Poison|94/100\n|move|p2a: Iron Valiant|Moonblast|p1a: Porygon2\n|-resisted|p1a: Porygon2\n|-damage|p1a: Porygon2|82/100\n|\n|upkeep\n|turn|30\n|\n|t:|1782448368\n|switch|p1a: Ditto|Ditto, shiny|48/100 slp\n|-transform|p1a: Ditto|p2a: Iron Valiant|[from] ability: Imposter\n|move|p2a: Iron Valiant|Psycho Cut|p1a: Ditto\n|-supereffective|p1a: Ditto\n|-damage|p1a: Ditto|0 fnt\n|faint|p1a: Ditto\n|-end|p1a: Ditto|Quark Drive|[silent]\n|\n|upkeep\n|\n|t:|1782448371\n|switch|p1a: Porygon2|Porygon2, shiny, tera:Poison|82/100\n|turn|31\n|\n|t:|1782448375\n|move|p2a: Iron Valiant|Psycho Cut|p1a: Porygon2\n|-supereffective|p1a: Porygon2\n|-damage|p1a: Porygon2|57/100\n|move|p1a: Porygon2|Tri Attack|p2a: Iron Valiant\n|-damage|p2a: Iron Valiant|0 fnt\n|faint|p2a: Iron Valiant\n|-end|p2a: Iron Valiant|Quark Drive|[silent]\n|\n|upkeep\n|\n|t:|1782448387\n|switch|p2a: Rillaboom|Rillaboom, F|100/100\n|-ability|p1a: Porygon2|Grassy Surge|Trace|[from] ability: Trace|[of] p2a: Rillaboom\n|-fieldstart|move: Grassy Terrain|[from] ability: Grassy Surge|[of] p1a: Porygon2\n|-damage|p2a: Rillaboom|88/100|[from] Stealth Rock\n|turn|32\n|\n|t:|1782448395\n|-terastallize|p2a: Rillaboom|Grass\n|move|p2a: Rillaboom|Grassy Glide|p1a: Porygon2\n|-resisted|p1a: Porygon2\n|-damage|p1a: Porygon2|41/100\n|-damage|p2a: Rillaboom|78/100|[from] item: Life Orb\n|move|p1a: Porygon2|Recover|p1a: Porygon2\n|-heal|p1a: Porygon2|91/100\n|\n|-heal|p2a: Rillaboom|84/100|[from] Grassy Terrain\n|-heal|p1a: Porygon2|98/100|[from] Grassy Terrain\n|upkeep\n|turn|33\n|\n|t:|1782448401\n|move|p2a: Rillaboom|Earthquake|p1a: Porygon2\n|-supereffective|p1a: Porygon2\n|-damage|p1a: Porygon2|72/100\n|-damage|p2a: Rillaboom|74/100|[from] item: Life Orb\n|move|p1a: Porygon2|Charge Beam|p2a: Rillaboom\n|-resisted|p2a: Rillaboom\n|-damage|p2a: Rillaboom|65/100\n|\n|-heal|p2a: Rillaboom|72/100|[from] Grassy Terrain\n|-heal|p1a: Porygon2|79/100|[from] Grassy Terrain\n|upkeep\n|turn|34\n|\n|t:|1782448403\n|move|p2a: Rillaboom|Drain Punch|p1a: Porygon2\n|-resisted|p1a: Porygon2\n|-damage|p1a: Porygon2|70/100\n|-heal|p2a: Rillaboom|76/100|[from] drain|[of] p1a: Porygon2\n|-damage|p2a: Rillaboom|66/100|[from] item: Life Orb\n|move|p1a: Porygon2|Charge Beam|p2a: Rillaboom\n|-resisted|p2a: Rillaboom\n|-crit|p2a: Rillaboom\n|-damage|p2a: Rillaboom|52/100\n|-boost|p1a: Porygon2|spa|1\n|\n|-heal|p2a: Rillaboom|58/100|[from] Grassy Terrain\n|-heal|p1a: Porygon2|76/100|[from] Grassy Terrain\n|upkeep\n|turn|35\n|\n|t:|1782448407\n|move|p2a: Rillaboom|Swords Dance|p2a: Rillaboom\n|-boost|p2a: Rillaboom|atk|2\n|move|p1a: Porygon2|Recover|p1a: Porygon2\n|-heal|p1a: Porygon2|100/100\n|\n|-heal|p2a: Rillaboom|64/100|[from] Grassy Terrain\n|upkeep\n|turn|36\n|\n|t:|1782448410\n|move|p2a: Rillaboom|Drain Punch|p1a: Porygon2\n|-resisted|p1a: Porygon2\n|-damage|p1a: Porygon2|82/100\n|-heal|p2a: Rillaboom|74/100|[from] drain|[of] p1a: Porygon2\n|-damage|p2a: Rillaboom|65/100|[from] item: Life Orb\n|move|p1a: Porygon2|Ice Beam|p2a: Rillaboom\n|-supereffective|p2a: Rillaboom\n|-damage|p2a: Rillaboom|0 fnt\n|faint|p2a: Rillaboom\n|\n|-heal|p1a: Porygon2|88/100|[from] Grassy Terrain\n|-fieldend|move: Grassy Terrain\n|upkeep\n|\n|t:|1782448415\n|switch|p2a: Deoxys|Deoxys-Speed|10/100\n|-damage|p2a: Deoxys|0 fnt|[from] Stealth Rock\n|faint|p2a: Deoxys\n|\n|win|mr. mastadon farm\n|raw|mr. mastadon farm's rating: 1144 &rarr; <strong>1173</strong><br />(+29 for winning)\n|raw|fflamee's rating: 1204 &rarr; <strong>1175</strong><br />(-29 for losing)\n|l|☆fflamee\n|player|p2|\n|l|☆mr. mastadon farm\n|player|p1|\n", "uploadtime": 1782448701, "views": 3, "formatid": "gen9ou", "rating": 1173, "private": 0, "password": null}