{"id": "gen9ou-2647730864", "format": "[Gen 9] OU", "players": ["fregene97", "DriftedEx"], "log": "|j|☆fregene97\n|j|☆DriftedEx\n|t:|1783803036\n|gametype|singles\n|player|p1|fregene97|101|1677\n|player|p2|DriftedEx|rocketgrunt|1691\n|gen|9\n|tier|[Gen 9] OU\n|rated|\n|rule|HP Percentage Mod: HP is shown in percentages\n|rule|Endless Battle Clause: Forcing endless battles is banned\n|rule|Species Clause: Limit one of each Pokémon\n|rule|OHKO Clause: OHKO moves are banned\n|rule|Evasion Items Clause: Evasion items are banned\n|rule|Evasion Moves Clause: Evasion moves are banned\n|rule|Evasion Abilities Clause: Evasion abilities are banned\n|rule|Sleep Moves Clause: Sleep-inducing moves are banned\n|clearpoke\n|poke|p1|Dragonite, F|\n|poke|p1|Kingambit, F|\n|poke|p1|Iron Valiant|\n|poke|p1|Ogerpon-Wellspring, F|\n|poke|p1|Iron Moth|\n|poke|p1|Raging Bolt|\n|poke|p2|Dragapult, F|\n|poke|p2|Dragonite, F|\n|poke|p2|Ting-Lu|\n|poke|p2|Weezing-Galar, M|\n|poke|p2|Iron Crown|\n|poke|p2|Zapdos|\n|teampreview\n|inactive|Battle timer is ON: inactive players will automatically lose when time's up. (requested by DriftedEx)\n|\n|t:|1783803044\n|teamsize|p1|6\n|teamsize|p2|6\n|start\n|switch|p1a: Iron Moth|Iron Moth|100/100\n|switch|p2a: Weezing|Weezing-Galar, M|100/100\n|-ability|p2a: Weezing|Neutralizing Gas\n|turn|1\n|\n|t:|1783803046\n|-end|p2a: Weezing|ability: Neutralizing Gas\n|switch|p2a: Ting-Lu|Ting-Lu|100/100\n|-enditem|p1a: Iron Moth|Booster Energy\n|-activate|p1a: Iron Moth|ability: Quark Drive|[fromitem]\n|-start|p1a: Iron Moth|quarkdrivespe\n|-ability|p2a: Ting-Lu|Vessel of Ruin\n|move|p1a: Iron Moth|Fiery Dance|p2a: Ting-Lu\n|-damage|p2a: Ting-Lu|83/100\n|\n|-heal|p2a: Ting-Lu|89/100|[from] item: Leftovers\n|upkeep\n|turn|2\n|j| el alcachofas xdxd\n|\n|t:|1783803050\n|move|p1a: Iron Moth|Fiery Dance|p2a: Ting-Lu\n|-crit|p2a: Ting-Lu\n|-damage|p2a: Ting-Lu|66/100\n|-boost|p1a: Iron Moth|spa|1\n|move|p2a: Ting-Lu|Stealth Rock|p1a: Iron Moth\n|-sidestart|p1: fregene97|move: Stealth Rock\n|\n|-heal|p2a: Ting-Lu|72/100|[from] item: Leftovers\n|upkeep\n|turn|3\n|\n|t:|1783803054\n|-terastallize|p1a: Iron Moth|Fairy\n|move|p1a: Iron Moth|Fiery Dance|p2a: Ting-Lu\n|-damage|p2a: Ting-Lu|49/100\n|move|p2a: Ting-Lu|Earthquake|p1a: Iron Moth\n|-damage|p1a: Iron Moth|48/100\n|\n|-heal|p2a: Ting-Lu|55/100|[from] item: Leftovers\n|upkeep\n|turn|4\n|\n|t:|1783803060\n|move|p1a: Iron Moth|Dazzling Gleam|p2a: Ting-Lu\n|-supereffective|p2a: Ting-Lu\n|-damage|p2a: Ting-Lu|8/100\n|move|p2a: Ting-Lu|Earthquake|p1a: Iron Moth\n|-damage|p1a: Iron Moth|0 fnt\n|faint|p1a: Iron Moth\n|-end|p1a: Iron Moth|Quark Drive|[silent]\n|\n|-heal|p2a: Ting-Lu|15/100|[from] item: Leftovers\n|upkeep\n|\n|t:|1783803073\n|switch|p1a: Ogerpon|Ogerpon-Wellspring, F|100/100\n|-damage|p1a: Ogerpon|88/100|[from] Stealth Rock\n|turn|5\n|\n|t:|1783803075\n|switch|p2a: Dragapult|Dragapult, F|100/100\n|move|p1a: Ogerpon|Swords Dance|p1a: Ogerpon\n|-boost|p1a: Ogerpon|atk|2\n|\n|upkeep\n|turn|6\n|\n|t:|1783803077\n|move|p2a: Dragapult|Will-O-Wisp|p1a: Ogerpon|[miss]\n|-miss|p2a: Dragapult|p1a: Ogerpon\n|move|p1a: Ogerpon|Knock Off|p2a: Dragapult\n|-supereffective|p2a: Dragapult\n|-damage|p2a: Dragapult|0 fnt\n|-start|p1a: Ogerpon|Disable|Knock Off|[from] ability: Cursed Body|[of] p2a: Dragapult\n|-enditem|p2a: Dragapult|Heavy-Duty Boots|[from] move: Knock Off|[of] p1a: Ogerpon\n|faint|p2a: Dragapult\n|\n|upkeep\n|\n|t:|1783803088\n|switch|p2a: Weezing|Weezing-Galar, M|100/100\n|-ability|p2a: Weezing|Neutralizing Gas\n|turn|7\n|\n|t:|1783803099\n|move|p1a: Ogerpon|Ivy Cudgel|p2a: Weezing|[anim] Ivy Cudgel Water\n|-damage|p2a: Weezing|30/100\n|move|p2a: Weezing|Will-O-Wisp|p1a: Ogerpon\n|-status|p1a: Ogerpon|brn\n|\n|-damage|p1a: Ogerpon|82/100 brn|[from] brn\n|upkeep\n|turn|8\n|\n|t:|1783803102\n|move|p1a: Ogerpon|Ivy Cudgel|p2a: Weezing|[anim] Ivy Cudgel Water\n|-damage|p2a: Weezing|0 fnt\n|faint|p2a: Weezing\n|-end|p2a: Weezing|ability: Neutralizing Gas\n|\n|-damage|p1a: Ogerpon|76/100 brn|[from] brn\n|upkeep\n|\n|t:|1783803105\n|switch|p2a: Dragonite|Dragonite, F|100/100\n|turn|9\n|\n|t:|1783803108\n|move|p1a: Ogerpon|Ivy Cudgel|p2a: Dragonite|[anim] Ivy Cudgel Water\n|-resisted|p2a: Dragonite\n|-damage|p2a: Dragonite|84/100\n|move|p2a: Dragonite|Dragon Dance|p2a: Dragonite\n|-boost|p2a: Dragonite|atk|1\n|-boost|p2a: Dragonite|spe|1\n|\n|-damage|p1a: Ogerpon|70/100 brn|[from] brn\n|-end|p1a: Ogerpon|Disable\n|upkeep\n|turn|10\n|\n|t:|1783803111\n|move|p2a: Dragonite|Roost|p2a: Dragonite\n|-heal|p2a: Dragonite|100/100\n|-singleturn|p2a: Dragonite|move: Roost\n|move|p1a: Ogerpon|Horn Leech|p2a: Dragonite\n|-resisted|p2a: Dragonite\n|-damage|p2a: Dragonite|88/100\n|-heal|p1a: Ogerpon|77/100 brn|[from] drain|[of] p2a: Dragonite\n|\n|-damage|p1a: Ogerpon|71/100 brn|[from] brn\n|upkeep\n|turn|11\n|\n|t:|1783803122\n|move|p2a: Dragonite|Dragon Dance|p2a: Dragonite\n|-boost|p2a: Dragonite|atk|1\n|-boost|p2a: Dragonite|spe|1\n|move|p1a: Ogerpon|Ivy Cudgel|p2a: Dragonite|[anim] Ivy Cudgel Water\n|-resisted|p2a: Dragonite\n|-damage|p2a: Dragonite|59/100\n|\n|-damage|p1a: Ogerpon|65/100 brn|[from] brn\n|upkeep\n|turn|12\n|\n|t:|1783803124\n|move|p2a: Dragonite|Roost|p2a: Dragonite\n|-heal|p2a: Dragonite|100/100\n|-singleturn|p2a: Dragonite|move: Roost\n|move|p1a: Ogerpon|Ivy Cudgel|p2a: Dragonite|[anim] Ivy Cudgel Water\n|-resisted|p2a: Dragonite\n|-damage|p2a: Dragonite|86/100\n|\n|-damage|p1a: Ogerpon|59/100 brn|[from] brn\n|upkeep\n|turn|13\n|\n|t:|1783803126\n|move|p2a: Dragonite|Dragon Dance|p2a: Dragonite\n|-boost|p2a: Dragonite|atk|1\n|-boost|p2a: Dragonite|spe|1\n|move|p1a: Ogerpon|Knock Off|p2a: Dragonite\n|-damage|p2a: Dragonite|46/100\n|-enditem|p2a: Dragonite|Heavy-Duty Boots|[from] move: Knock Off|[of] p1a: Ogerpon\n|\n|-damage|p1a: Ogerpon|53/100 brn|[from] brn\n|upkeep\n|turn|14\n|\n|t:|1783803128\n|move|p2a: Dragonite|Roost|p2a: Dragonite\n|-heal|p2a: Dragonite|96/100\n|-singleturn|p2a: Dragonite|move: Roost\n|move|p1a: Ogerpon|Knock Off|p2a: Dragonite\n|-damage|p2a: Dragonite|69/100\n|\n|-damage|p1a: Ogerpon|47/100 brn|[from] brn\n|upkeep\n|turn|15\n|\n|t:|1783803131\n|move|p2a: Dragonite|Roost|p2a: Dragonite\n|-heal|p2a: Dragonite|100/100\n|-singleturn|p2a: Dragonite|move: Roost\n|move|p1a: Ogerpon|Knock Off|p2a: Dragonite\n|-crit|p2a: Dragonite\n|-damage|p2a: Dragonite|80/100\n|\n|-damage|p1a: Ogerpon|41/100 brn|[from] brn\n|upkeep\n|turn|16\n|\n|t:|1783803137\n|move|p2a: Dragonite|Extreme Speed|p1a: Ogerpon\n|-damage|p1a: Ogerpon|0 fnt\n|faint|p1a: Ogerpon\n|\n|upkeep\n|\n|t:|1783803140\n|switch|p1a: Dragonite|Dragonite, F|100/100\n|-damage|p1a: Dragonite|76/100|[from] Stealth Rock\n|turn|17\n|\n|t:|1783803143\n|-terastallize|p2a: Dragonite|Normal\n|move|p2a: Dragonite|Extreme Speed|p1a: Dragonite\n|-damage|p1a: Dragonite|0 fnt\n|faint|p1a: Dragonite\n|\n|upkeep\n|\n|t:|1783803147\n|switch|p1a: Kingambit|Kingambit, F|100/100\n|-damage|p1a: Kingambit|94/100|[from] Stealth Rock\n|-activate|p1a: Kingambit|ability: Supreme Overlord\n|-start|p1a: Kingambit|fallen3|[silent]\n|turn|18\n|\n|t:|1783803149\n|move|p2a: Dragonite|Earthquake|p1a: Kingambit\n|-supereffective|p1a: Kingambit\n|-damage|p1a: Kingambit|0 fnt\n|faint|p1a: Kingambit\n|-end|p1a: Kingambit|fallen3|[silent]\n|\n|upkeep\n|\n|t:|1783803151\n|switch|p1a: Raging Bolt|Raging Bolt|100/100\n|-damage|p1a: Raging Bolt|88/100|[from] Stealth Rock\n|-enditem|p1a: Raging Bolt|Booster Energy\n|-activate|p1a: Raging Bolt|ability: Protosynthesis|[fromitem]\n|-start|p1a: Raging Bolt|protosynthesisspa\n|turn|19\n|\n|t:|1783803155\n|move|p2a: Dragonite|Earthquake|p1a: Raging Bolt\n|-supereffective|p1a: Raging Bolt\n|-damage|p1a: Raging Bolt|0 fnt\n|faint|p1a: Raging Bolt\n|-end|p1a: Raging Bolt|Protosynthesis|[silent]\n|\n|upkeep\n|-message|fregene97 forfeited.\n|\n|win|DriftedEx\n|raw|fregene97's rating: 1677 &rarr; <strong>1658</strong><br />(-19 for losing)\n|raw|DriftedEx's rating: 1691 &rarr; <strong>1710</strong><br />(+19 for winning)\n|l|☆fregene97\n|player|p1|\n", "uploadtime": 1783803163, "views": 8, "formatid": "gen9ou", "rating": 1658, "private": 0, "password": null}