{"id": "gen9ou-2639309940", "format": "[Gen 9] OU", "players": ["zkuria", "SlackerDSI"], "log": "|j|☆zkuria\n|j|☆SlackerDSI\n|t:|1782450481\n|gametype|singles\n|player|p1|zkuria|101|1136\n|player|p2|SlackerDSI|hilbert|1126\n|gen|9\n|tier|[Gen 9] OU\n|rated|\n|rule|HP Percentage Mod: HP is shown in percentages\n|rule|Endless Battle Clause: Forcing endless battles is banned\n|rule|Species Clause: Limit one of each Pokémon\n|rule|OHKO Clause: OHKO moves are banned\n|rule|Evasion Items Clause: Evasion items are banned\n|rule|Evasion Moves Clause: Evasion moves are banned\n|rule|Evasion Abilities Clause: Evasion abilities are banned\n|rule|Sleep Moves Clause: Sleep-inducing moves are banned\n|clearpoke\n|poke|p1|Weavile, M|\n|poke|p1|Primarina, F|\n|poke|p1|Ting-Lu|\n|poke|p1|Alomomola, M|\n|poke|p1|Tornadus-Therian, M|\n|poke|p1|Porygon-Z|\n|poke|p2|Slowking-Galar, F|\n|poke|p2|Great Tusk|\n|poke|p2|Kyurem|\n|poke|p2|Kingambit, M|\n|poke|p2|Cinderace, F|\n|poke|p2|Zapdos|\n|teampreview\n|\n|t:|1782450485\n|teamsize|p1|6\n|teamsize|p2|6\n|start\n|switch|p1a: Porygon-Z|Porygon-Z|100/100\n|switch|p2a: Cinderace|Cinderace, F|100/100\n|-ability|p1a: Porygon-Z|Download|boost\n|-boost|p1a: Porygon-Z|spa|1\n|turn|1\n|\n|t:|1782450512\n|move|p2a: Cinderace|Will-O-Wisp|p1a: Porygon-Z\n|-status|p1a: Porygon-Z|brn\n|move|p1a: Porygon-Z|Tri Attack|p2a: Cinderace\n|-damage|p2a: Cinderace|0 fnt\n|faint|p2a: Cinderace\n|\n|-damage|p1a: Porygon-Z|94/100 brn|[from] brn\n|upkeep\n|\n|t:|1782450530\n|switch|p2a: Great Tusk|Great Tusk|100/100\n|turn|2\n|\n|t:|1782450543\n|move|p1a: Porygon-Z|Tri Attack|p2a: Great Tusk\n|-damage|p2a: Great Tusk|0 fnt\n|faint|p2a: Great Tusk\n|-end|p2a: Great Tusk|Protosynthesis|[silent]\n|\n|-damage|p1a: Porygon-Z|88/100 brn|[from] brn\n|upkeep\n|\n|t:|1782450560\n|switch|p2a: Kyurem|Kyurem|100/100\n|-ability|p2a: Kyurem|Pressure\n|turn|3\n|\n|t:|1782450574\n|move|p2a: Kyurem|Draco Meteor|p1a: Porygon-Z\n|-damage|p1a: Porygon-Z|0 fnt\n|-unboost|p2a: Kyurem|spa|2\n|faint|p1a: Porygon-Z\n|\n|upkeep\n|\n|t:|1782450581\n|switch|p1a: Primarina|Primarina, F|100/100\n|turn|4\n|\n|t:|1782450590\n|switch|p2a: Zapdos|Zapdos, shiny|100/100\n|move|p1a: Primarina|Moonblast|p2a: Zapdos\n|-damage|p2a: Zapdos|50/100\n|\n|upkeep\n|turn|5\n|\n|t:|1782450598\n|switch|p1a: Ting-Lu|Ting-Lu|100/100\n|-ability|p1a: Ting-Lu|Vessel of Ruin\n|move|p2a: Zapdos|Roost|p2a: Zapdos\n|-heal|p2a: Zapdos|100/100\n|-singleturn|p2a: Zapdos|move: Roost\n|\n|upkeep\n|turn|6\n|\n|t:|1782450617\n|move|p2a: Zapdos|Hurricane|p1a: Ting-Lu\n|-damage|p1a: Ting-Lu|82/100\n|-start|p1a: Ting-Lu|confusion\n|-activate|p1a: Ting-Lu|confusion\n|move|p1a: Ting-Lu|Stealth Rock|p2a: Zapdos\n|-sidestart|p2: SlackerDSI|move: Stealth Rock\n|\n|-heal|p1a: Ting-Lu|88/100|[from] item: Leftovers\n|upkeep\n|turn|7\n|\n|t:|1782450633\n|switch|p2a: Kingambit|Kingambit, M|100/100\n|-damage|p2a: Kingambit|94/100|[from] Stealth Rock\n|-activate|p2a: Kingambit|ability: Supreme Overlord\n|-start|p2a: Kingambit|fallen2|[silent]\n|-activate|p1a: Ting-Lu|confusion\n|move|p1a: Ting-Lu|Ruination|p2a: Kingambit\n|-damage|p2a: Kingambit|48/100\n|\n|-heal|p2a: Kingambit|54/100|[from] item: Leftovers\n|-heal|p1a: Ting-Lu|94/100|[from] item: Leftovers\n|upkeep\n|turn|8\n|\n|t:|1782450654\n|-terastallize|p2a: Kingambit|Flying\n|move|p2a: Kingambit|Swords Dance|p2a: Kingambit\n|-boost|p2a: Kingambit|atk|2\n|-activate|p1a: Ting-Lu|confusion\n|-damage|p1a: Ting-Lu|89/100|[from] confusion\n|\n|-heal|p2a: Kingambit|60/100|[from] item: Leftovers\n|-heal|p1a: Ting-Lu|95/100|[from] item: Leftovers\n|upkeep\n|turn|9\n|\n|t:|1782450666\n|move|p2a: Kingambit|Iron Head|p1a: Ting-Lu\n|-damage|p1a: Ting-Lu|32/100\n|cant|p1a: Ting-Lu|flinch\n|\n|-heal|p2a: Kingambit|66/100|[from] item: Leftovers\n|-heal|p1a: Ting-Lu|38/100|[from] item: Leftovers\n|upkeep\n|turn|10\n|\n|t:|1782450673\n|move|p2a: Kingambit|Iron Head|p1a: Ting-Lu\n|-damage|p1a: Ting-Lu|0 fnt\n|faint|p1a: Ting-Lu\n|\n|-heal|p2a: Kingambit|72/100|[from] item: Leftovers\n|upkeep\n|\n|t:|1782450681\n|switch|p1a: Alomomola|Alomomola, M|100/100\n|turn|11\n|\n|t:|1782450698\n|-end|p2a: Kingambit|fallen2|[silent]\n|switch|p2a: Slowking|Slowking-Galar, F|100/100\n|move|p1a: Alomomola|Tickle|p2a: Slowking\n|-unboost|p2a: Slowking|atk|1\n|-unboost|p2a: Slowking|def|1\n|\n|upkeep\n|turn|12\n|\n|t:|1782450709\n|move|p1a: Alomomola|Scald|p2a: Slowking\n|-damage|p2a: Slowking|92/100\n|-status|p2a: Slowking|brn\n|move|p2a: Slowking|Future Sight|p1a: Alomomola\n|-start|p2a: Slowking|move: Future Sight\n|\n|-damage|p2a: Slowking|86/100 brn|[from] brn\n|upkeep\n|turn|13\n|\n|t:|1782450720\n|move|p1a: Alomomola|Tickle|p2a: Slowking\n|-unboost|p2a: Slowking|atk|1\n|-unboost|p2a: Slowking|def|1\n|-prepare|p2a: Slowking|Chilly Reception|[premajor]\n|move|p2a: Slowking|Chilly Reception|p2a: Slowking\n|-weather|Snowscape\n|\n|t:|1782450725\n|switch|p2a: Zapdos|Zapdos, shiny|100/100|[from] Chilly Reception\n|\n|-weather|Snowscape|[upkeep]\n|upkeep\n|turn|14\n|\n|t:|1782450736\n|-terastallize|p1a: Alomomola|Fire\n|move|p2a: Zapdos|Thunder Wave|p1a: Alomomola\n|-status|p1a: Alomomola|par\n|move|p1a: Alomomola|Flip Turn|p2a: Zapdos\n|-damage|p2a: Zapdos|90/100\n|\n|t:|1782450748\n|switch|p1a: Weavile|Weavile, M|100/100|[from] Flip Turn\n|\n|-weather|Snowscape|[upkeep]\n|-end|p1a: Weavile|move: Future Sight\n|-immune|p1a: Weavile\n|upkeep\n|turn|15\n|\n|t:|1782450767\n|switch|p2a: Kingambit|Kingambit, M, tera:Flying|72/100\n|-damage|p2a: Kingambit|47/100|[from] Stealth Rock\n|-activate|p2a: Kingambit|ability: Supreme Overlord\n|-start|p2a: Kingambit|fallen2|[silent]\n|move|p1a: Weavile|Icicle Crash|p2a: Kingambit\n|-supereffective|p2a: Kingambit\n|-damage|p2a: Kingambit|0 fnt\n|faint|p2a: Kingambit\n|-end|p2a: Kingambit|fallen2|[silent]\n|\n|-weather|Snowscape|[upkeep]\n|upkeep\n|\n|t:|1782450777\n|switch|p2a: Kyurem|Kyurem|100/100\n|-damage|p2a: Kyurem|76/100|[from] Stealth Rock\n|-ability|p2a: Kyurem|Pressure\n|turn|16\n|\n|t:|1782450787\n|switch|p1a: Alomomola|Alomomola, M, tera:Fire|100/100 par\n|move|p2a: Kyurem|Draco Meteor|p1a: Alomomola\n|-damage|p1a: Alomomola|0 fnt\n|-unboost|p2a: Kyurem|spa|2\n|faint|p1a: Alomomola\n|\n|-weather|Snowscape|[upkeep]\n|upkeep\n|\n|t:|1782450809\n|switch|p1a: Primarina|Primarina, F|100/100\n|turn|17\n|\n|t:|1782450814\n|switch|p2a: Slowking|Slowking-Galar, F|100/100 brn\n|move|p1a: Primarina|Psychic Noise|p2a: Slowking\n|-damage|p2a: Slowking|73/100 brn\n|-start|p2a: Slowking|move: Heal Block\n|\n|-weather|none\n|-damage|p2a: Slowking|67/100 brn|[from] brn\n|upkeep\n|turn|18\n|\n|t:|1782450834\n|move|p1a: Primarina|Calm Mind|p1a: Primarina\n|-boost|p1a: Primarina|spa|1\n|-boost|p1a: Primarina|spd|1\n|move|p2a: Slowking|Sludge Bomb|p1a: Primarina\n|-supereffective|p1a: Primarina\n|-damage|p1a: Primarina|65/100\n|\n|-damage|p2a: Slowking|61/100 brn|[from] brn\n|-end|p2a: Slowking|move: Heal Block\n|upkeep\n|turn|19\n|\n|t:|1782450845\n|move|p1a: Primarina|Moonblast|p2a: Slowking\n|-resisted|p2a: Slowking\n|-damage|p2a: Slowking|38/100 brn\n|move|p2a: Slowking|Thunder Wave|p1a: Primarina|[miss]\n|-miss|p2a: Slowking|p1a: Primarina\n|\n|-damage|p2a: Slowking|31/100 brn|[from] brn\n|upkeep\n|turn|20\n|\n|t:|1782450858\n|move|p1a: Primarina|Moonblast|p2a: Slowking\n|-resisted|p2a: Slowking\n|-damage|p2a: Slowking|8/100 brn\n|move|p2a: Slowking|Thunder Wave|p1a: Primarina\n|-status|p1a: Primarina|par\n|\n|-damage|p2a: Slowking|2/100 brn|[from] brn\n|upkeep\n|turn|21\n|\n|t:|1782450873\n|move|p1a: Primarina|Draining Kiss|p2a: Slowking\n|-resisted|p2a: Slowking\n|-damage|p2a: Slowking|0 fnt\n|-heal|p1a: Primarina|66/100 par|[from] drain|[of] p2a: Slowking\n|faint|p2a: Slowking\n|\n|upkeep\n|\n|t:|1782450880\n|switch|p2a: Zapdos|Zapdos, shiny|90/100\n|turn|22\n|\n|t:|1782450884\n|move|p2a: Zapdos|Volt Switch|p1a: Primarina\n|-supereffective|p1a: Primarina\n|-damage|p1a: Primarina|31/100 par\n|\n|t:|1782450888\n|switch|p2a: Kyurem|Kyurem|76/100|[from] Volt Switch\n|-damage|p2a: Kyurem|51/100|[from] Stealth Rock\n|-ability|p2a: Kyurem|Pressure\n|move|p1a: Primarina|Moonblast|p2a: Kyurem\n|-supereffective|p2a: Kyurem\n|-damage|p2a: Kyurem|0 fnt\n|faint|p2a: Kyurem\n|\n|upkeep\n|c|☆zkuria|gg\n|\n|t:|1782450900\n|switch|p2a: Zapdos|Zapdos, shiny|90/100\n|turn|23\n|\n|t:|1782450905\n|move|p2a: Zapdos|Hurricane|p1a: Primarina\n|-damage|p1a: Primarina|6/100 par\n|move|p1a: Primarina|Moonblast|p2a: Zapdos\n|-damage|p2a: Zapdos|7/100\n|\n|upkeep\n|turn|24\n|\n|t:|1782450911\n|move|p2a: Zapdos|Hurricane|p1a: Primarina\n|-damage|p1a: Primarina|0 fnt\n|faint|p1a: Primarina\n|\n|upkeep\n|\n|t:|1782450916\n|switch|p1a: Weavile|Weavile, M|100/100\n|turn|25\n|\n|t:|1782450924\n|move|p1a: Weavile|Knock Off|p2a: Zapdos\n|-damage|p2a: Zapdos|0 fnt\n|-enditem|p2a: Zapdos|Heavy-Duty Boots|[from] move: Knock Off|[of] p1a: Weavile\n|faint|p2a: Zapdos\n|\n|win|zkuria\n|raw|zkuria's rating: 1136 &rarr; <strong>1160</strong><br />(+24 for winning)\n|raw|SlackerDSI's rating: 1126 &rarr; <strong>1102</strong><br />(-24 for losing)\n|l|☆zkuria\n|player|p1|\n|l|☆SlackerDSI\n|player|p2|\n", "uploadtime": 1782451256, "views": 3, "formatid": "gen9ou", "rating": 1102, "private": 0, "password": null}