{"id": "gen9ou-2647817386", "format": "[Gen 9] OU", "players": ["KnightKnaveSpy", "mcguuuuuuuuu"], "log": "|j|☆KnightKnaveSpy\n|j|☆mcguuuuuuuuu\n|t:|1783817802\n|gametype|singles\n|player|p1|KnightKnaveSpy|101|1390\n|player|p2|mcguuuuuuuuu|266|1396\n|gen|9\n|tier|[Gen 9] OU\n|rated|\n|rule|HP Percentage Mod: HP is shown in percentages\n|rule|Endless Battle Clause: Forcing endless battles is banned\n|rule|Species Clause: Limit one of each Pokémon\n|rule|OHKO Clause: OHKO moves are banned\n|rule|Evasion Items Clause: Evasion items are banned\n|rule|Evasion Moves Clause: Evasion moves are banned\n|rule|Evasion Abilities Clause: Evasion abilities are banned\n|rule|Sleep Moves Clause: Sleep-inducing moves are banned\n|clearpoke\n|poke|p1|Samurott-Hisui, F|\n|poke|p1|Blaziken, F|\n|poke|p1|Kingambit, F|\n|poke|p1|Raging Bolt|\n|poke|p1|Ogerpon-Wellspring, F|\n|poke|p1|Greninja-*, M|\n|poke|p2|Dondozo, F|\n|poke|p2|Iron Treads|\n|poke|p2|Pelipper, M|\n|poke|p2|Overqwil, F|\n|poke|p2|Enamorus, F|\n|poke|p2|Raging Bolt|\n|teampreview\n|inactive|Battle timer is ON: inactive players will automatically lose when time's up. (requested by KnightKnaveSpy)\n|\n|t:|1783817813\n|teamsize|p1|6\n|teamsize|p2|6\n|start\n|switch|p1a: Samurott|Samurott-Hisui, F|100/100\n|switch|p2a: Pelipper|Pelipper, M|100/100\n|-weather|RainDance|[from] ability: Drizzle|[of] p2a: Pelipper\n|turn|1\n|\n|t:|1783817821\n|switch|p2a: Dondozo|Dondozo, F|100/100\n|move|p1a: Samurott|Ceaseless Edge|p2a: Dondozo\n|-damage|p2a: Dondozo|79/100\n|-sidestart|p2: mcguuuuuuuuu|Spikes\n|\n|-weather|RainDance|[upkeep]\n|-heal|p2a: Dondozo|86/100|[from] item: Leftovers\n|upkeep\n|turn|2\n|\n|t:|1783817833\n|switch|p1a: Raging Bolt|Raging Bolt|100/100\n|-item|p1a: Raging Bolt|Air Balloon\n|move|p2a: Dondozo|Curse|p2a: Dondozo\n|-unboost|p2a: Dondozo|spe|1\n|-boost|p2a: Dondozo|atk|1\n|-boost|p2a: Dondozo|def|1\n|\n|-weather|RainDance|[upkeep]\n|-heal|p2a: Dondozo|92/100|[from] item: Leftovers\n|upkeep\n|turn|3\n|\n|t:|1783817843\n|move|p1a: Raging Bolt|Draco Meteor|p2a: Dondozo\n|-damage|p2a: Dondozo|16/100\n|-unboost|p1a: Raging Bolt|spa|2\n|move|p2a: Dondozo|Waterfall|p1a: Raging Bolt\n|-resisted|p1a: Raging Bolt\n|-crit|p1a: Raging Bolt\n|-damage|p1a: Raging Bolt|62/100\n|-enditem|p1a: Raging Bolt|Air Balloon\n|\n|-weather|RainDance|[upkeep]\n|-heal|p2a: Dondozo|22/100|[from] item: Leftovers\n|upkeep\n|turn|4\n|\n|t:|1783817853\n|move|p1a: Raging Bolt|Draco Meteor|p2a: Dondozo\n|-damage|p2a: Dondozo|0 fnt\n|-unboost|p1a: Raging Bolt|spa|2\n|faint|p2a: Dondozo\n|\n|-weather|RainDance|[upkeep]\n|upkeep\n|\n|t:|1783817868\n|switch|p2a: Raging Bolt|Raging Bolt|100/100\n|-damage|p2a: Raging Bolt|88/100|[from] Spikes\n|-enditem|p2a: Raging Bolt|Booster Energy\n|-activate|p2a: Raging Bolt|ability: Protosynthesis|[fromitem]\n|-start|p2a: Raging Bolt|protosynthesisspa\n|turn|5\n|\n|t:|1783817895\n|-terastallize|p1a: Raging Bolt|Fairy\n|move|p2a: Raging Bolt|Dragon Pulse|p1a: Raging Bolt\n|-immune|p1a: Raging Bolt\n|move|p1a: Raging Bolt|Draco Meteor|p2a: Raging Bolt\n|-supereffective|p2a: Raging Bolt\n|-crit|p2a: Raging Bolt\n|-damage|p2a: Raging Bolt|0 fnt\n|-unboost|p1a: Raging Bolt|spa|2\n|faint|p2a: Raging Bolt\n|-end|p2a: Raging Bolt|Protosynthesis|[silent]\n|\n|-weather|RainDance|[upkeep]\n|upkeep\n|\n|t:|1783817908\n|switch|p2a: Overqwil|Overqwil, F|100/100\n|-damage|p2a: Overqwil|88/100|[from] Spikes\n|turn|6\n|\n|t:|1783817921\n|-end|p1a: Raging Bolt|Protosynthesis|[silent]\n|switch|p1a: Blaziken|Blaziken, F|100/100\n|move|p2a: Overqwil|Swords Dance|p2a: Overqwil\n|-boost|p2a: Overqwil|atk|2\n|\n|-weather|RainDance|[upkeep]\n|upkeep\n|turn|7\n|\n|t:|1783817930\n|move|p1a: Blaziken|Detect|p1a: Blaziken\n|-singleturn|p1a: Blaziken|Protect\n|move|p2a: Overqwil|Waterfall|p1a: Blaziken\n|-activate|p1a: Blaziken|move: Protect\n|\n|-weather|RainDance|[upkeep]\n|-ability|p1a: Blaziken|Speed Boost|boost\n|-boost|p1a: Blaziken|spe|1\n|upkeep\n|turn|8\n|\n|t:|1783817942\n|move|p2a: Overqwil|Gunk Shot|p1a: Blaziken\n|-damage|p1a: Blaziken|0 fnt\n|faint|p1a: Blaziken\n|-damage|p2a: Overqwil|78/100|[from] item: Life Orb\n|\n|-weather|none\n|upkeep\n|\n|t:|1783817958\n|switch|p1a: Kingambit|Kingambit, F|100/100\n|-activate|p1a: Kingambit|ability: Supreme Overlord\n|-start|p1a: Kingambit|fallen1|[silent]\n|turn|9\n|\n|t:|1783817963\n|switch|p2a: Pelipper|Pelipper, M|100/100\n|-weather|RainDance|[from] ability: Drizzle|[of] p2a: Pelipper\n|move|p1a: Kingambit|Kowtow Cleave|p2a: Pelipper\n|-damage|p2a: Pelipper|51/100\n|\n|-weather|RainDance|[upkeep]\n|upkeep\n|turn|10\n|\n|t:|1783817978\n|switch|p2a: Iron Treads|Iron Treads|100/100\n|-damage|p2a: Iron Treads|88/100|[from] Spikes\n|-enditem|p2a: Iron Treads|Booster Energy\n|-activate|p2a: Iron Treads|ability: Quark Drive|[fromitem]\n|-start|p2a: Iron Treads|quarkdrivespe\n|-end|p1a: Kingambit|fallen1|[silent]\n|switch|p1a: Ogerpon|Ogerpon-Wellspring, F|100/100\n|\n|-weather|RainDance|[upkeep]\n|upkeep\n|turn|11\n|\n|t:|1783817992\n|move|p2a: Iron Treads|Rapid Spin|p1a: Ogerpon\n|-damage|p1a: Ogerpon|85/100\n|-boost|p2a: Iron Treads|spe|1\n|-sideend|p2: mcguuuuuuuuu|Spikes|[from] move: Rapid Spin|[of] p2a: Iron Treads\n|move|p1a: Ogerpon|Ivy Cudgel|p2a: Iron Treads|[anim] Ivy Cudgel Water\n|-supereffective|p2a: Iron Treads\n|-damage|p2a: Iron Treads|0 fnt\n|faint|p2a: Iron Treads\n|-end|p2a: Iron Treads|Quark Drive|[silent]\n|\n|-weather|RainDance|[upkeep]\n|upkeep\n|\n|t:|1783818002\n|switch|p2a: Overqwil|Overqwil, F|78/100\n|turn|12\n|\n|t:|1783818011\n|-terastallize|p2a: Overqwil|Water\n|move|p2a: Overqwil|Gunk Shot|p1a: Ogerpon\n|-supereffective|p1a: Ogerpon\n|-damage|p1a: Ogerpon|0 fnt\n|faint|p1a: Ogerpon\n|-damage|p2a: Overqwil|68/100|[from] item: Life Orb\n|\n|-weather|RainDance|[upkeep]\n|upkeep\n|\n|t:|1783818025\n|switch|p1a: Raging Bolt|Raging Bolt, tera:Fairy|62/100\n|turn|13\n|\n|t:|1783818029\n|move|p1a: Raging Bolt|Thunderclap|p2a: Overqwil\n|-supereffective|p2a: Overqwil\n|-damage|p2a: Overqwil|0 fnt\n|faint|p2a: Overqwil\n|\n|-weather|RainDance|[upkeep]\n|upkeep\n|\n|t:|1783818037\n|switch|p2a: Pelipper|Pelipper, M|51/100\n|turn|14\n|\n|t:|1783818042\n|move|p1a: Raging Bolt|Thunderclap|p2a: Pelipper\n|-supereffective|p2a: Pelipper\n|-damage|p2a: Pelipper|0 fnt\n|faint|p2a: Pelipper\n|\n|-weather|RainDance|[upkeep]\n|upkeep\n|-message|mcguuuuuuuuu forfeited.\n|\n|win|KnightKnaveSpy\n|raw|KnightKnaveSpy's rating: 1390 &rarr; <strong>1410</strong><br />(+20 for winning)\n|raw|mcguuuuuuuuu's rating: 1396 &rarr; <strong>1376</strong><br />(-20 for losing)\n|l|☆mcguuuuuuuuu\n|player|p2|\n|l|☆KnightKnaveSpy\n|player|p1|\n", "uploadtime": 1783818398, "views": 9, "formatid": "gen9ou", "rating": 1376, "private": 0, "password": null}