{"id": "gen9ou-2639288342", "format": "[Gen 9] OU", "players": ["how play pkm", "Johnny tots"], "log": "|j|☆how play pkm\n|j|☆Johnny tots\n|t:|1782446449\n|gametype|singles\n|player|p1|how play pkm|yellow|1652\n|player|p2|Johnny tots|1|1687\n|gen|9\n|tier|[Gen 9] OU\n|rated|\n|rule|HP Percentage Mod: HP is shown in percentages\n|rule|Endless Battle Clause: Forcing endless battles is banned\n|rule|Species Clause: Limit one of each Pokémon\n|rule|OHKO Clause: OHKO moves are banned\n|rule|Evasion Items Clause: Evasion items are banned\n|rule|Evasion Moves Clause: Evasion moves are banned\n|rule|Evasion Abilities Clause: Evasion abilities are banned\n|rule|Sleep Moves Clause: Sleep-inducing moves are banned\n|clearpoke\n|poke|p1|Weezing-Galar, F|\n|poke|p1|Hawlucha, F|\n|poke|p1|Cinderace, F|\n|poke|p1|Hatterene, F|\n|poke|p1|Okidogi, M|\n|poke|p1|Kyurem|\n|poke|p2|Rillaboom, F|\n|poke|p2|Klefki, M|\n|poke|p2|Manaphy|\n|poke|p2|Ogerpon-Wellspring, F|\n|poke|p2|Slowbro-Galar, M|\n|poke|p2|Clefable, M|\n|teampreview\n|inactive|Battle timer is ON: inactive players will automatically lose when time's up. (requested by how play pkm)\n|inactive|Johnny tots has 120 seconds left.\n|inactive|Johnny tots has 90 seconds left.\n|inactive|Johnny tots has 60 seconds left.\n|\n|t:|1782446546\n|teamsize|p1|6\n|teamsize|p2|6\n|start\n|switch|p1a: Weezing|Weezing-Galar, F|100/100\n|switch|p2a: Klefki|Klefki, M|100/100\n|-fieldstart|move: Misty Terrain|[from] ability: Misty Surge|[of] p1a: Weezing\n|turn|1\n|\n|t:|1782446550\n|switch|p1a: Cinderace|Cinderace, F|100/100\n|move|p2a: Klefki|Light Screen|p2a: Klefki\n|-sidestart|p2: Johnny tots|move: Light Screen\n|\n|upkeep\n|turn|2\n|\n|t:|1782446556\n|move|p2a: Klefki|Light Screen||[still]\n|-fail|p2a: Klefki\n|move|p1a: Cinderace|Swords Dance|p1a: Cinderace\n|-boost|p1a: Cinderace|atk|2\n|\n|upkeep\n|turn|3\n|\n|t:|1782446559\n|move|p2a: Klefki|Reflect|p2a: Klefki\n|-sidestart|p2: Johnny tots|Reflect\n|move|p1a: Cinderace|Swords Dance|p1a: Cinderace\n|-boost|p1a: Cinderace|atk|2\n|\n|upkeep\n|turn|4\n|\n|t:|1782446565\n|switch|p2a: Manaphy|Manaphy|100/100\n|move|p1a: Cinderace|Court Change|p1a: Cinderace\n|-swapsideconditions\n|-activate|p1a: Cinderace|move: Court Change\n|\n|upkeep\n|turn|5\n|\n|t:|1782446574\n|switch|p2a: Rillaboom|Rillaboom, F|100/100\n|-fieldstart|move: Grassy Terrain|[from] ability: Grassy Surge|[of] p2a: Rillaboom\n|move|p1a: Cinderace|Pyro Ball|p2a: Rillaboom\n|-supereffective|p2a: Rillaboom\n|-damage|p2a: Rillaboom|0 fnt\n|faint|p2a: Rillaboom\n|\n|upkeep\n|\n|t:|1782446576\n|switch|p2a: Klefki|Klefki, M|100/100\n|turn|6\n|\n|t:|1782446580\n|move|p2a: Klefki|Reflect|p2a: Klefki\n|-sidestart|p2: Johnny tots|Reflect\n|move|p1a: Cinderace|Pyro Ball|p2a: Klefki\n|-supereffective|p2a: Klefki\n|-damage|p2a: Klefki|0 fnt\n|faint|p2a: Klefki\n|\n|upkeep\n|\n|t:|1782446588\n|switch|p2a: Slowbro|Slowbro-Galar, M|100/100\n|turn|7\n|\n|t:|1782446595\n|move|p1a: Cinderace|Swords Dance|p1a: Cinderace\n|-boost|p1a: Cinderace|atk|2\n|move|p2a: Slowbro|Nasty Plot|p2a: Slowbro\n|-boost|p2a: Slowbro|spa|2\n|\n|upkeep\n|turn|8\n|-activate|p2a: Slowbro|ability: Quick Draw\n|\n|t:|1782446599\n|move|p2a: Slowbro|Sludge Bomb|p1a: Cinderace\n|-damage|p1a: Cinderace|49/100\n|move|p1a: Cinderace|Pyro Ball|p2a: Slowbro|[miss]\n|-miss|p1a: Cinderace|p2a: Slowbro\n|\n|-heal|p1a: Cinderace|55/100|[from] Grassy Terrain\n|-sideend|p1: how play pkm|move: Light Screen\n|upkeep\n|turn|9\n|\n|t:|1782446607\n|move|p1a: Cinderace|Pyro Ball|p2a: Slowbro\n|-damage|p2a: Slowbro|21/100\n|move|p2a: Slowbro|Sludge Bomb|p1a: Cinderace\n|-damage|p1a: Cinderace|0 fnt\n|faint|p1a: Cinderace\n|\n|-heal|p2a: Slowbro|27/100|[from] Grassy Terrain\n|upkeep\n|\n|t:|1782446619\n|switch|p1a: Weezing|Weezing-Galar, F|100/100\n|-fieldstart|move: Misty Terrain|[from] ability: Misty Surge|[of] p1a: Weezing\n|turn|10\n|inactive|Johnny tots has 120 seconds left.\n|\n|t:|1782446655\n|switch|p1a: Hatterene|Hatterene, F|100/100\n|move|p2a: Slowbro|Psyshock|p1a: Hatterene\n|-resisted|p1a: Hatterene\n|-damage|p1a: Hatterene|70/100\n|-enditem|p1a: Hatterene|Eject Button\n|inactive|how play pkm has 120 seconds left.\n|\n|t:|1782446697\n|switch|p1a: Kyurem|Kyurem|100/100\n|-ability|p1a: Kyurem|Pressure\n|\n|-sideend|p1: how play pkm|Reflect\n|upkeep\n|turn|11\n|-activate|p2a: Slowbro|item: Quick Claw\n|\n|t:|1782446700\n|move|p2a: Slowbro|Sludge Bomb|p1a: Kyurem\n|-damage|p1a: Kyurem|23/100\n|move|p1a: Kyurem|Icicle Spear|p2a: Slowbro\n|-damage|p2a: Slowbro|21/100\n|-damage|p2a: Slowbro|14/100\n|-damage|p2a: Slowbro|8/100\n|-damage|p2a: Slowbro|2/100\n|-hitcount|p2a: Slowbro|4\n|\n|upkeep\n|turn|12\n|-activate|p2a: Slowbro|ability: Quick Draw\n|\n|t:|1782446708\n|move|p2a: Slowbro|Sludge Bomb|p1a: Kyurem\n|-damage|p1a: Kyurem|0 fnt\n|faint|p1a: Kyurem\n|\n|upkeep\n|\n|t:|1782446717\n|switch|p1a: Hatterene|Hatterene, F|70/100\n|turn|13\n|\n|t:|1782446719\n|move|p2a: Slowbro|Sludge Bomb|p1a: Hatterene\n|-supereffective|p1a: Hatterene\n|-damage|p1a: Hatterene|0 fnt\n|faint|p1a: Hatterene\n|\n|-sideend|p2: Johnny tots|Reflect\n|upkeep\n|\n|t:|1782446723\n|switch|p1a: Okidogi|Okidogi, M|100/100\n|turn|14\n|\n|t:|1782446726\n|move|p1a: Okidogi|Knock Off|p2a: Slowbro\n|-supereffective|p2a: Slowbro\n|-crit|p2a: Slowbro\n|-damage|p2a: Slowbro|0 fnt\n|-enditem|p2a: Slowbro|Quick Claw|[from] move: Knock Off|[of] p1a: Okidogi\n|faint|p2a: Slowbro\n|\n|upkeep\n|\n|t:|1782446732\n|switch|p2a: Manaphy|Manaphy|100/100\n|turn|15\n|\n|t:|1782446736\n|move|p2a: Manaphy|Acid Armor|p2a: Manaphy\n|-boost|p2a: Manaphy|def|2\n|move|p1a: Okidogi|Bulk Up|p1a: Okidogi\n|-boost|p1a: Okidogi|atk|1\n|-boost|p1a: Okidogi|def|1\n|\n|upkeep\n|turn|16\n|\n|t:|1782446738\n|move|p2a: Manaphy|Acid Armor|p2a: Manaphy\n|-boost|p2a: Manaphy|def|2\n|move|p1a: Okidogi|Knock Off|p2a: Manaphy\n|-damage|p2a: Manaphy|88/100\n|-enditem|p2a: Manaphy|Leftovers|[from] move: Knock Off|[of] p1a: Okidogi\n|\n|upkeep\n|turn|17\n|\n|t:|1782446742\n|move|p2a: Manaphy|Take Heart|p2a: Manaphy\n|-boost|p2a: Manaphy|spa|1\n|-boost|p2a: Manaphy|spd|1\n|move|p1a: Okidogi|Drain Punch|p2a: Manaphy\n|-damage|p2a: Manaphy|73/100\n|\n|-fieldend|Misty Terrain\n|upkeep\n|turn|18\n|\n|t:|1782446744\n|move|p2a: Manaphy|Stored Power|p1a: Okidogi\n|-supereffective|p1a: Okidogi\n|-damage|p1a: Okidogi|0 fnt\n|faint|p1a: Okidogi\n|\n|upkeep\n|\n|t:|1782446746\n|switch|p1a: Weezing|Weezing-Galar, F|100/100\n|-fieldstart|move: Misty Terrain|[from] ability: Misty Surge|[of] p1a: Weezing\n|turn|19\n|\n|t:|1782446751\n|move|p2a: Manaphy|Stored Power|p1a: Weezing\n|-supereffective|p1a: Weezing\n|-crit|p1a: Weezing\n|-damage|p1a: Weezing|0 fnt\n|faint|p1a: Weezing\n|\n|upkeep\n|\n|t:|1782446752\n|switch|p1a: Hawlucha|Hawlucha, F|100/100\n|-enditem|p1a: Hawlucha|Misty Seed\n|-boost|p1a: Hawlucha|spd|1|[from] item: Misty Seed\n|turn|20\n|\n|t:|1782446754\n|-terastallize|p1a: Hawlucha|Electric\n|move|p1a: Hawlucha|Swords Dance|p1a: Hawlucha\n|-boost|p1a: Hawlucha|atk|2\n|move|p2a: Manaphy|Stored Power|p1a: Hawlucha\n|-damage|p1a: Hawlucha|38/100\n|\n|upkeep\n|turn|21\n|\n|t:|1782446757\n|move|p1a: Hawlucha|Acrobatics|p2a: Manaphy\n|-damage|p2a: Manaphy|43/100\n|move|p2a: Manaphy|Stored Power|p1a: Hawlucha\n|-damage|p1a: Hawlucha|0 fnt\n|faint|p1a: Hawlucha\n|\n|win|Johnny tots\n|raw|how play pkm's rating: 1652 &rarr; <strong>1634</strong><br />(-18 for losing)\n|raw|Johnny tots's rating: 1687 &rarr; <strong>1705</strong><br />(+18 for winning)\n|l|☆how play pkm\n|player|p1|\n|l|☆Johnny tots\n|player|p2|\n", "uploadtime": 1782447088, "views": 2, "formatid": "gen9ou", "rating": 1634, "private": 0, "password": null}