{"id": "gen9ou-2540416450", "format": "[Gen 9] OU", "players": ["Arboks Fangs", "doodle0205"], "log": "|j|‽Arboks Fangs\n|j|☆doodle0205\n|t:|1771199370\n|gametype|singles\n|player|p1|Arboks Fangs|fantina|1585\n|player|p2|doodle0205|101|1568\n|gen|9\n|tier|[Gen 9] OU\n|rated|\n|rule|HP Percentage Mod: HP is shown in percentages\n|rule|Endless Battle Clause: Forcing endless battles is banned\n|rule|Species Clause: Limit one of each Pokémon\n|rule|OHKO Clause: OHKO moves are banned\n|rule|Evasion Items Clause: Evasion items are banned\n|rule|Evasion Moves Clause: Evasion moves are banned\n|rule|Evasion Abilities Clause: Evasion abilities are banned\n|rule|Sleep Moves Clause: Sleep-inducing moves are banned\n|clearpoke\n|poke|p1|Ninetales-Alola, F|\n|poke|p1|Klefki, F|\n|poke|p1|Maushold-Four|\n|poke|p1|Latias, F|\n|poke|p1|Okidogi, M|\n|poke|p1|Kyurem|\n|poke|p2|Garchomp, M|\n|poke|p2|Darkrai|\n|poke|p2|Gholdengo|\n|poke|p2|Ogerpon-Wellspring, F|\n|poke|p2|Iron Valiant|\n|poke|p2|Iron Treads|\n|teampreview\n|inactive|Battle timer is ON: inactive players will automatically lose when time's up. (requested by Arboks Fangs)\n|\n|t:|1771199378\n|teamsize|p1|6\n|teamsize|p2|6\n|start\n|switch|p1a: Klefki|Klefki, F|100/100\n|switch|p2a: Darkrai|Darkrai|100/100\n|turn|1\n|\n|t:|1771199381\n|switch|p2a: Iron Treads|Iron Treads|100/100\n|move|p1a: Klefki|Light Screen|p1a: Klefki\n|-sidestart|p1: Arboks Fangs|move: Light Screen\n|\n|upkeep\n|turn|2\n|\n|t:|1771199388\n|switch|p1a: Latias|Latias, F|100/100\n|move|p2a: Iron Treads|Knock Off|p1a: Latias\n|-supereffective|p1a: Latias\n|-damage|p1a: Latias|55/100\n|-enditem|p1a: Latias|Weakness Policy\n|-boost|p1a: Latias|atk|2|[from] item: Weakness Policy\n|-boost|p1a: Latias|spa|2|[from] item: Weakness Policy\n|\n|upkeep\n|turn|3\n|\n|t:|1771199393\n|move|p2a: Iron Treads|Ice Spinner|p1a: Latias\n|-supereffective|p1a: Latias\n|-damage|p1a: Latias|14/100\n|move|p1a: Latias|Agility|p1a: Latias\n|-boost|p1a: Latias|spe|2\n|\n|upkeep\n|turn|4\n|\n|t:|1771199398\n|move|p1a: Latias|Aura Sphere|p2a: Iron Treads\n|-supereffective|p2a: Iron Treads\n|-damage|p2a: Iron Treads|0 fnt\n|faint|p2a: Iron Treads\n|-end|p2a: Iron Treads|Quark Drive|[silent]\n|\n|upkeep\n|\n|t:|1771199406\n|switch|p2a: Gholdengo|Gholdengo|100/100\n|-item|p2a: Gholdengo|Air Balloon\n|turn|5\n|\n|t:|1771199411\n|move|p1a: Latias|Stored Power|p2a: Gholdengo\n|-resisted|p2a: Gholdengo\n|-damage|p2a: Gholdengo|26/100\n|-enditem|p2a: Gholdengo|Air Balloon\n|move|p2a: Gholdengo|Make It Rain|p1a: Latias\n|-damage|p1a: Latias|0 fnt\n|-unboost|p2a: Gholdengo|spa|1\n|faint|p1a: Latias\n|\n|upkeep\n|\n|t:|1771199426\n|switch|p1a: Ninetales|Ninetales-Alola, F|100/100\n|-weather|Snowscape|[from] ability: Snow Warning|[of] p1a: Ninetales\n|turn|6\n|\n|t:|1771199428\n|move|p1a: Ninetales|Aurora Veil|p1a: Ninetales\n|-sidestart|p1: Arboks Fangs|move: Aurora Veil\n|move|p2a: Gholdengo|Make It Rain|p1a: Ninetales\n|-supereffective|p1a: Ninetales\n|-damage|p1a: Ninetales|16/100\n|-unboost|p2a: Gholdengo|spa|1\n|\n|-weather|Snowscape|[upkeep]\n|upkeep\n|turn|7\n|\n|t:|1771199433\n|move|p1a: Ninetales|Misty Terrain|p1a: Ninetales\n|-fieldstart|move: Misty Terrain\n|move|p2a: Gholdengo|Thunder Wave|p1a: Ninetales\n|-activate|p1a: Ninetales|move: Misty Terrain\n|\n|-weather|Snowscape|[upkeep]\n|upkeep\n|turn|8\n|\n|t:|1771199446\n|move|p1a: Ninetales|Freeze-Dry|p2a: Gholdengo\n|-resisted|p2a: Gholdengo\n|-damage|p2a: Gholdengo|17/100\n|move|p2a: Gholdengo|Make It Rain|p1a: Ninetales\n|-supereffective|p1a: Ninetales\n|-damage|p1a: Ninetales|0 fnt\n|-unboost|p2a: Gholdengo|spa|1\n|faint|p1a: Ninetales\n|\n|-weather|Snowscape|[upkeep]\n|-sideend|p1: Arboks Fangs|move: Light Screen\n|upkeep\n|\n|t:|1771199447\n|switch|p1a: Kyurem|Kyurem, shiny|100/100\n|-ability|p1a: Kyurem|Pressure\n|turn|9\n|\n|t:|1771199452\n|-terastallize|p1a: Kyurem|Fire\n|move|p1a: Kyurem|Dragon Dance|p1a: Kyurem\n|-boost|p1a: Kyurem|atk|1\n|-boost|p1a: Kyurem|spe|1\n|move|p2a: Gholdengo|Make It Rain|p1a: Kyurem\n|-resisted|p1a: Kyurem\n|-damage|p1a: Kyurem|96/100\n|-unboost|p2a: Gholdengo|spa|1\n|\n|-weather|Snowscape|[upkeep]\n|upkeep\n|turn|10\n|\n|t:|1771199456\n|switch|p2a: Garchomp|Garchomp, M|100/100\n|move|p1a: Kyurem|Dragon Dance|p1a: Kyurem\n|-boost|p1a: Kyurem|atk|1\n|-boost|p1a: Kyurem|spe|1\n|\n|-weather|none\n|upkeep\n|turn|11\n|\n|t:|1771199460\n|-terastallize|p2a: Garchomp|Ghost\n|move|p1a: Kyurem|Tera Blast|p2a: Garchomp|[anim] Tera Blast Fire\n|-damage|p2a: Garchomp|42/100\n|move|p2a: Garchomp|Dragon Tail|p1a: Kyurem\n|-damage|p1a: Kyurem|89/100\n|drag|p1a: Maushold|Maushold-Four|100/100\n|\n|-fieldend|Misty Terrain\n|upkeep\n|turn|12\n|\n|t:|1771199471\n|move|p1a: Maushold|Tidy Up|p1a: Maushold\n|-boost|p1a: Maushold|atk|1\n|-boost|p1a: Maushold|spe|1\n|move|p2a: Garchomp|Stealth Rock|p1a: Maushold\n|-sidestart|p1: Arboks Fangs|move: Stealth Rock\n|\n|upkeep\n|turn|13\n|\n|t:|1771199474\n|move|p1a: Maushold|Encore|p2a: Garchomp\n|-start|p2a: Garchomp|Encore\n|move|p2a: Garchomp|Stealth Rock||[still]\n|-fail|p2a: Garchomp\n|\n|-sideend|p1: Arboks Fangs|move: Aurora Veil\n|upkeep\n|turn|14\n|\n|t:|1771199478\n|switch|p2a: Gholdengo|Gholdengo|17/100\n|move|p1a: Maushold|Tidy Up|p1a: Maushold\n|-sideend|p1: Arboks Fangs|Stealth Rock\n|-activate|p1a: Maushold|move: Tidy Up\n|-boost|p1a: Maushold|atk|1\n|-boost|p1a: Maushold|spe|1\n|\n|upkeep\n|turn|15\n|\n|t:|1771199482\n|move|p1a: Maushold|Bite|p2a: Gholdengo\n|-supereffective|p2a: Gholdengo\n|-damage|p2a: Gholdengo|0 fnt\n|faint|p2a: Gholdengo\n|\n|upkeep\n|\n|t:|1771199486\n|switch|p2a: Garchomp|Garchomp, M, tera:Ghost|42/100\n|turn|16\n|\n|t:|1771199488\n|move|p1a: Maushold|Bite|p2a: Garchomp\n|-supereffective|p2a: Garchomp\n|-damage|p2a: Garchomp|0 fnt\n|-damage|p1a: Maushold|88/100|[from] ability: Rough Skin|[of] p2a: Garchomp\n|-damage|p1a: Maushold|72/100|[from] item: Rocky Helmet|[of] p2a: Garchomp\n|faint|p2a: Garchomp\n|\n|upkeep\n|\n|t:|1771199494\n|switch|p2a: Iron Valiant|Iron Valiant|100/100\n|-enditem|p2a: Iron Valiant|Booster Energy\n|-activate|p2a: Iron Valiant|ability: Quark Drive|[fromitem]\n|-start|p2a: Iron Valiant|quarkdrivespe\n|turn|17\n|\n|t:|1771199496\n|move|p1a: Maushold|Population Bomb|p2a: Iron Valiant\n|-damage|p2a: Iron Valiant|69/100\n|-damage|p2a: Iron Valiant|41/100\n|-damage|p2a: Iron Valiant|8/100\n|-damage|p2a: Iron Valiant|0 fnt\n|faint|p2a: Iron Valiant\n|-end|p2a: Iron Valiant|Quark Drive|[silent]\n|-hitcount|p2: Iron Valiant|4\n|\n|upkeep\n|-message|doodle0205 forfeited.\n|\n|win|Arboks Fangs\n|raw|Arboks Fangs's rating: 1585 &rarr; <strong>1604</strong><br />(+19 for winning)\n|raw|doodle0205's rating: 1568 &rarr; <strong>1549</strong><br />(-19 for losing)\n|l|☆doodle0205\n|player|p2|\n|l|‽Arboks Fangs\n|player|p1|\n", "uploadtime": 1771199704, "views": 17, "formatid": "gen9ou", "rating": 1549, "private": 0, "password": null}