{"id": "gen9ou-2639277612", "format": "[Gen 9] OU", "players": ["TheCollageDropout", "weiiiiiii"], "log": "|j|☆TheCollageDropout\n|j|☆weiiiiiii\n|t:|1782444646\n|gametype|singles\n|player|p1|TheCollageDropout|2|1440\n|player|p2|weiiiiiii|266|1510\n|gen|9\n|tier|[Gen 9] OU\n|rated|\n|rule|HP Percentage Mod: HP is shown in percentages\n|rule|Endless Battle Clause: Forcing endless battles is banned\n|rule|Species Clause: Limit one of each Pokémon\n|rule|OHKO Clause: OHKO moves are banned\n|rule|Evasion Items Clause: Evasion items are banned\n|rule|Evasion Moves Clause: Evasion moves are banned\n|rule|Evasion Abilities Clause: Evasion abilities are banned\n|rule|Sleep Moves Clause: Sleep-inducing moves are banned\n|clearpoke\n|poke|p1|Samurott-Hisui, F|\n|poke|p1|Garchomp, F|\n|poke|p1|Cresselia, F|\n|poke|p1|Great Tusk|\n|poke|p1|Gholdengo|\n|poke|p1|Zamazenta-*|\n|poke|p2|Salamence, M|\n|poke|p2|Glimmora, F|\n|poke|p2|Iron Valiant|\n|poke|p2|Ogerpon-Wellspring, F|\n|poke|p2|Scizor, M|\n|poke|p2|Raging Bolt|\n|teampreview\n|inactive|Battle timer is ON: inactive players will automatically lose when time's up. (requested by TheCollageDropout)\n|\n|t:|1782444669\n|teamsize|p1|6\n|teamsize|p2|6\n|start\n|switch|p1a: Garchomp|Garchomp, F|100/100\n|switch|p2a: Ogerpon|Ogerpon-Wellspring, F|100/100\n|turn|1\n|\n|t:|1782444681\n|move|p2a: Ogerpon|Ivy Cudgel|p1a: Garchomp|[anim] Ivy Cudgel Water\n|-damage|p1a: Garchomp|63/100\n|move|p1a: Garchomp|Stealth Rock|p2a: Ogerpon\n|-sidestart|p2: weiiiiiii|move: Stealth Rock\n|\n|upkeep\n|turn|2\n|\n|t:|1782444699\n|move|p2a: Ogerpon|Encore|p1a: Garchomp\n|-start|p1a: Garchomp|Encore\n|move|p1a: Garchomp|Stealth Rock||[still]\n|-fail|p1a: Garchomp\n|\n|upkeep\n|turn|3\n|\n|t:|1782444703\n|switch|p1a: Zamazenta|Zamazenta|100/100\n|-ability|p1a: Zamazenta|Dauntless Shield|boost\n|-boost|p1a: Zamazenta|def|1\n|move|p2a: Ogerpon|Swords Dance|p2a: Ogerpon\n|-boost|p2a: Ogerpon|atk|2\n|\n|upkeep\n|turn|4\n|\n|t:|1782444706\n|move|p1a: Zamazenta|Iron Defense|p1a: Zamazenta\n|-boost|p1a: Zamazenta|def|2\n|move|p2a: Ogerpon|Trailblaze|p1a: Zamazenta\n|-damage|p1a: Zamazenta|83/100\n|-boost|p2a: Ogerpon|spe|1\n|\n|-heal|p1a: Zamazenta|89/100|[from] item: Leftovers\n|upkeep\n|turn|5\n|\n|t:|1782444708\n|move|p2a: Ogerpon|Encore|p1a: Zamazenta\n|-start|p1a: Zamazenta|Encore\n|move|p1a: Zamazenta|Iron Defense|p1a: Zamazenta\n|-boost|p1a: Zamazenta|def|2\n|\n|-heal|p1a: Zamazenta|95/100|[from] item: Leftovers\n|upkeep\n|turn|6\n|\n|t:|1782444711\n|switch|p1a: Gholdengo|Gholdengo|100/100\n|move|p2a: Ogerpon|Swords Dance|p2a: Ogerpon\n|-boost|p2a: Ogerpon|atk|2\n|\n|upkeep\n|turn|7\n|\n|t:|1782444723\n|-terastallize|p2a: Ogerpon|Water\n|detailschange|p2a: Ogerpon|Ogerpon-Wellspring-Tera, F, tera:Water\n|-ability|p2a: Ogerpon|Embody Aspect (Wellspring)|boost\n|-boost|p2a: Ogerpon|spd|1\n|move|p2a: Ogerpon|Ivy Cudgel|p1a: Gholdengo|[anim] Ivy Cudgel Water\n|-damage|p1a: Gholdengo|0 fnt\n|faint|p1a: Gholdengo\n|\n|upkeep\n|\n|t:|1782444729\n|switch|p1a: Zamazenta|Zamazenta|95/100\n|turn|8\n|\n|t:|1782444733\n|move|p2a: Ogerpon|Ivy Cudgel|p1a: Zamazenta|[anim] Ivy Cudgel Water\n|-damage|p1a: Zamazenta|0 fnt\n|faint|p1a: Zamazenta\n|\n|upkeep\n|\n|t:|1782444738\n|switch|p1a: Samurott|Samurott-Hisui, F|100/100\n|turn|9\n|\n|t:|1782444741\n|move|p2a: Ogerpon|Trailblaze|p1a: Samurott\n|-supereffective|p1a: Samurott\n|-damage|p1a: Samurott|0 fnt\n|-boost|p2a: Ogerpon|spe|1\n|faint|p1a: Samurott\n|\n|upkeep\n|-message|TheCollageDropout forfeited.\n|\n|win|weiiiiiii\n|raw|TheCollageDropout's rating: 1440 &rarr; <strong>1424</strong><br />(-16 for losing)\n|raw|weiiiiiii's rating: 1510 &rarr; <strong>1526</strong><br />(+16 for winning)\n|l|☆TheCollageDropout\n|player|p1|\n|l|☆weiiiiiii\n|player|p2|\n|j|☆weiiiiiii\n|player|p2|weiiiiiii|266|\n", "uploadtime": 1782445060, "views": 16, "formatid": "gen9ou", "rating": 1424, "private": 0, "password": null}