{"id": "gen9ou-2647696760", "format": "[Gen 9] OU", "players": ["Gafooor", "phreshoatmeal"], "log": "|j|☆Gafooor\n|j|☆phreshoatmeal\n|t:|1783797846\n|gametype|singles\n|player|p1|Gafooor|265|1286\n|player|p2|phreshoatmeal|1|1288\n|gen|9\n|tier|[Gen 9] OU\n|rated|\n|rule|HP Percentage Mod: HP is shown in percentages\n|rule|Endless Battle Clause: Forcing endless battles is banned\n|rule|Species Clause: Limit one of each Pokémon\n|rule|OHKO Clause: OHKO moves are banned\n|rule|Evasion Items Clause: Evasion items are banned\n|rule|Evasion Moves Clause: Evasion moves are banned\n|rule|Evasion Abilities Clause: Evasion abilities are banned\n|rule|Sleep Moves Clause: Sleep-inducing moves are banned\n|clearpoke\n|poke|p1|Kingambit, M|\n|poke|p1|Rotom-Wash|\n|poke|p1|Glimmora, M|\n|poke|p1|Gyarados, F|\n|poke|p1|Grimmsnarl, M|\n|poke|p1|Great Tusk|\n|poke|p2|Great Tusk|\n|poke|p2|Regieleki|\n|poke|p2|Klefki, L1, M|\n|poke|p2|Kyurem|\n|poke|p2|Rillaboom, M|\n|poke|p2|Uxie|\n|teampreview\n|inactive|Battle timer is ON: inactive players will automatically lose when time's up. (requested by Gafooor)\n|\n|t:|1783797855\n|teamsize|p1|6\n|teamsize|p2|6\n|start\n|switch|p1a: Grimmsnarl|Grimmsnarl, M|100/100\n|switch|p2a: Uxie|Uxie|100/100\n|turn|1\n|\n|t:|1783797863\n|move|p1a: Grimmsnarl|Thunder Wave|p2a: Uxie\n|-status|p2a: Uxie|par\n|move|p2a: Uxie|Knock Off|p1a: Grimmsnarl\n|-resisted|p1a: Grimmsnarl\n|-damage|p1a: Grimmsnarl|96/100\n|-enditem|p1a: Grimmsnarl|Light Clay|[from] move: Knock Off|[of] p2a: Uxie\n|\n|upkeep\n|turn|2\n|\n|t:|1783797873\n|move|p1a: Grimmsnarl|Reflect|p1a: Grimmsnarl\n|-sidestart|p1: Gafooor|Reflect\n|cant|p2a: Uxie|par\n|\n|upkeep\n|turn|3\n|\n|t:|1783797879\n|move|p1a: Grimmsnarl|Light Screen|p1a: Grimmsnarl\n|-sidestart|p1: Gafooor|move: Light Screen\n|move|p2a: Uxie|Stealth Rock|p1a: Grimmsnarl\n|-sidestart|p1: Gafooor|move: Stealth Rock\n|\n|upkeep\n|turn|4\n|\n|t:|1783797883\n|move|p1a: Grimmsnarl|Parting Shot|p2a: Uxie\n|-unboost|p2a: Uxie|atk|1\n|-unboost|p2a: Uxie|spa|1\n|\n|t:|1783797896\n|switch|p1a: Great Tusk|Great Tusk|100/100|[from] Parting Shot\n|-damage|p1a: Great Tusk|98/100|[from] Stealth Rock\n|-enditem|p1a: Great Tusk|Booster Energy\n|-activate|p1a: Great Tusk|ability: Protosynthesis|[fromitem]\n|-start|p1a: Great Tusk|protosynthesisatk\n|move|p2a: Uxie|U-turn|p1a: Great Tusk\n|-resisted|p1a: Great Tusk\n|-damage|p1a: Great Tusk|96/100\n|\n|t:|1783797906\n|switch|p2a: Kyurem|Kyurem|100/100|[from] U-turn\n|-ability|p2a: Kyurem|Pressure\n|\n|upkeep\n|turn|5\n|\n|t:|1783797914\n|move|p2a: Kyurem|Ice Beam|p1a: Great Tusk\n|-supereffective|p1a: Great Tusk\n|-damage|p1a: Great Tusk|25/100\n|move|p1a: Great Tusk|Close Combat|p2a: Kyurem\n|-supereffective|p2a: Kyurem\n|-damage|p2a: Kyurem|0 fnt\n|-unboost|p1a: Great Tusk|def|1\n|-unboost|p1a: Great Tusk|spd|1\n|faint|p2a: Kyurem\n|\n|upkeep\n|\n|t:|1783797921\n|switch|p2a: Rillaboom|Rillaboom, M|100/100\n|-fieldstart|move: Grassy Terrain|[from] ability: Grassy Surge|[of] p2a: Rillaboom\n|turn|6\n|\n|t:|1783797935\n|move|p2a: Rillaboom|Grassy Glide|p1a: Great Tusk\n|-supereffective|p1a: Great Tusk\n|-damage|p1a: Great Tusk|0 fnt\n|faint|p1a: Great Tusk\n|-end|p1a: Great Tusk|Protosynthesis|[silent]\n|\n|-sideend|p1: Gafooor|Reflect\n|upkeep\n|\n|t:|1783797943\n|switch|p1a: Grimmsnarl|Grimmsnarl, M|96/100\n|-damage|p1a: Grimmsnarl|84/100|[from] Stealth Rock\n|turn|7\n|\n|t:|1783797961\n|switch|p2a: Regieleki|Regieleki|100/100\n|move|p1a: Grimmsnarl|Thunder Wave|p2a: Regieleki|[miss]\n|-miss|p1a: Grimmsnarl|p2a: Regieleki\n|\n|-heal|p1a: Grimmsnarl|90/100|[from] Grassy Terrain\n|-sideend|p1: Gafooor|move: Light Screen\n|upkeep\n|turn|8\n|\n|t:|1783797972\n|move|p1a: Grimmsnarl|Parting Shot|p2a: Regieleki\n|-unboost|p2a: Regieleki|atk|1\n|-unboost|p2a: Regieleki|spa|1\n|\n|t:|1783797980\n|switch|p1a: Glimmora|Glimmora, M|100/100|[from] Parting Shot\n|-damage|p1a: Glimmora|88/100|[from] Stealth Rock\n|move|p2a: Regieleki|Supercell Slam|p1a: Glimmora|[miss]\n|-miss|p2a: Regieleki|p1a: Glimmora\n|-damage|p2a: Regieleki|51/100|[from] supercellslam\n|\n|-heal|p2a: Regieleki|57/100|[from] Grassy Terrain\n|-heal|p1a: Glimmora|94/100|[from] Grassy Terrain\n|upkeep\n|turn|9\n|\n|t:|1783797993\n|move|p2a: Regieleki|Volt Switch|p1a: Glimmora\n|-crit|p1a: Glimmora\n|-damage|p1a: Glimmora|0 fnt\n|faint|p1a: Glimmora\n|\n|t:|1783798005\n|switch|p2a: Great Tusk|Great Tusk|100/100|[from] Volt Switch\n|-enditem|p2a: Great Tusk|Booster Energy\n|-activate|p2a: Great Tusk|ability: Protosynthesis|[fromitem]\n|-start|p2a: Great Tusk|protosynthesisspe\n|\n|upkeep\n|\n|t:|1783798012\n|switch|p1a: Grimmsnarl|Grimmsnarl, M|90/100\n|-damage|p1a: Grimmsnarl|77/100|[from] Stealth Rock\n|turn|10\n|\n|t:|1783798023\n|move|p1a: Grimmsnarl|Reflect|p1a: Grimmsnarl\n|-sidestart|p1: Gafooor|Reflect\n|move|p2a: Great Tusk|Bulk Up|p2a: Great Tusk\n|-boost|p2a: Great Tusk|atk|1\n|-boost|p2a: Great Tusk|def|1\n|\n|-heal|p1a: Grimmsnarl|83/100|[from] Grassy Terrain\n|-fieldend|move: Grassy Terrain\n|upkeep\n|turn|11\n|\n|t:|1783798035\n|move|p1a: Grimmsnarl|Light Screen|p1a: Grimmsnarl\n|-sidestart|p1: Gafooor|move: Light Screen\n|move|p2a: Great Tusk|Headlong Rush|p1a: Grimmsnarl\n|-damage|p1a: Grimmsnarl|47/100\n|-unboost|p2a: Great Tusk|def|1\n|-unboost|p2a: Great Tusk|spd|1\n|\n|upkeep\n|turn|12\n|\n|t:|1783798045\n|move|p1a: Grimmsnarl|Parting Shot|p2a: Great Tusk\n|-unboost|p2a: Great Tusk|atk|1\n|-unboost|p2a: Great Tusk|spa|1\n|\n|t:|1783798049\n|switch|p1a: Rotom|Rotom-Wash|100/100|[from] Parting Shot\n|-damage|p1a: Rotom|88/100|[from] Stealth Rock\n|move|p2a: Great Tusk|Headlong Rush|p1a: Rotom\n|-immune|p1a: Rotom|[from] ability: Levitate\n|\n|-heal|p1a: Rotom|94/100|[from] item: Leftovers\n|upkeep\n|turn|13\n|\n|t:|1783798060\n|-end|p2a: Great Tusk|Protosynthesis|[silent]\n|switch|p2a: Uxie|Uxie|100/100 par\n|move|p1a: Rotom|Hydro Pump|p2a: Uxie\n|-damage|p2a: Uxie|72/100 par\n|\n|-heal|p1a: Rotom|100/100|[from] item: Leftovers\n|-heal|p2a: Uxie|78/100 par|[from] item: Leftovers\n|upkeep\n|turn|14\n|\n|t:|1783798069\n|move|p1a: Rotom|Volt Switch|p2a: Uxie\n|-damage|p2a: Uxie|58/100 par\n|\n|t:|1783798075\n|switch|p1a: Gyarados|Gyarados, F|100/100|[from] Volt Switch\n|move|p2a: Uxie|Knock Off|p1a: Gyarados\n|-damage|p1a: Gyarados|89/100\n|-enditem|p1a: Gyarados|Heavy-Duty Boots|[from] move: Knock Off|[of] p2a: Uxie\n|\n|-heal|p2a: Uxie|64/100 par|[from] item: Leftovers\n|-sideend|p1: Gafooor|Reflect\n|upkeep\n|turn|15\n|\n|t:|1783798085\n|move|p1a: Gyarados|Dragon Dance|p1a: Gyarados\n|-boost|p1a: Gyarados|atk|1\n|-boost|p1a: Gyarados|spe|1\n|move|p2a: Uxie|U-turn|p1a: Gyarados\n|-resisted|p1a: Gyarados\n|-damage|p1a: Gyarados|81/100\n|\n|t:|1783798102\n|switch|p2a: Regieleki|Regieleki|57/100|[from] U-turn\n|\n|-sideend|p1: Gafooor|move: Light Screen\n|upkeep\n|turn|16\n|\n|t:|1783798111\n|switch|p2a: Rillaboom|Rillaboom, M|100/100\n|-fieldstart|move: Grassy Terrain|[from] ability: Grassy Surge|[of] p2a: Rillaboom\n|-terastallize|p1a: Gyarados|Ground\n|move|p1a: Gyarados|Dragon Dance|p1a: Gyarados\n|-boost|p1a: Gyarados|atk|1\n|-boost|p1a: Gyarados|spe|1\n|\n|-heal|p1a: Gyarados|87/100|[from] Grassy Terrain\n|upkeep\n|turn|17\n|\n|t:|1783798123\n|move|p2a: Rillaboom|Grassy Glide|p1a: Gyarados\n|-supereffective|p1a: Gyarados\n|-damage|p1a: Gyarados|0 fnt\n|faint|p1a: Gyarados\n|\n|upkeep\n|\n|t:|1783798131\n|switch|p1a: Grimmsnarl|Grimmsnarl, M|47/100\n|-damage|p1a: Grimmsnarl|35/100|[from] Stealth Rock\n|turn|18\n|\n|t:|1783798136\n|move|p2a: Rillaboom|Grassy Glide|p1a: Grimmsnarl\n|-damage|p1a: Grimmsnarl|0 fnt\n|faint|p1a: Grimmsnarl\n|\n|upkeep\n|\n|t:|1783798142\n|switch|p1a: Kingambit|Kingambit, M|100/100\n|-damage|p1a: Kingambit|94/100|[from] Stealth Rock\n|-activate|p1a: Kingambit|ability: Supreme Overlord\n|-start|p1a: Kingambit|fallen4|[silent]\n|turn|19\n|\n|t:|1783798150\n|switch|p2a: Uxie|Uxie|64/100 par\n|move|p1a: Kingambit|Swords Dance|p1a: Kingambit\n|-boost|p1a: Kingambit|atk|2\n|\n|-heal|p2a: Uxie|71/100 par|[from] item: Leftovers\n|-heal|p1a: Kingambit|100/100|[from] Grassy Terrain\n|upkeep\n|turn|20\n|\n|t:|1783798160\n|move|p2a: Uxie|Knock Off|p1a: Kingambit\n|-resisted|p1a: Kingambit\n|-damage|p1a: Kingambit|92/100\n|-enditem|p1a: Kingambit|Black Glasses|[from] move: Knock Off|[of] p2a: Uxie\n|move|p1a: Kingambit|Swords Dance|p1a: Kingambit\n|-boost|p1a: Kingambit|atk|2\n|\n|-heal|p2a: Uxie|77/100 par|[from] item: Leftovers\n|-heal|p1a: Kingambit|98/100|[from] Grassy Terrain\n|-fieldend|move: Grassy Terrain\n|upkeep\n|turn|21\n|\n|t:|1783798172\n|move|p1a: Kingambit|Sucker Punch|p2a: Uxie\n|-supereffective|p2a: Uxie\n|-damage|p2a: Uxie|0 fnt\n|faint|p2a: Uxie\n|\n|upkeep\n|\n|t:|1783798183\n|switch|p2a: Great Tusk|Great Tusk|100/100\n|turn|22\n|\n|t:|1783798187\n|move|p1a: Kingambit|Sucker Punch|p2a: Great Tusk\n|-resisted|p2a: Great Tusk\n|-crit|p2a: Great Tusk\n|-damage|p2a: Great Tusk|20/100\n|move|p2a: Great Tusk|Headlong Rush|p1a: Kingambit\n|-supereffective|p1a: Kingambit\n|-damage|p1a: Kingambit|7/100\n|-unboost|p2a: Great Tusk|def|1\n|-unboost|p2a: Great Tusk|spd|1\n|\n|upkeep\n|turn|23\n|\n|t:|1783798198\n|move|p1a: Kingambit|Sucker Punch|p2a: Great Tusk\n|-resisted|p2a: Great Tusk\n|-damage|p2a: Great Tusk|0 fnt\n|faint|p2a: Great Tusk\n|-end|p2a: Great Tusk|Protosynthesis|[silent]\n|\n|upkeep\n|\n|t:|1783798199\n|switch|p2a: Rillaboom|Rillaboom, M|100/100\n|-fieldstart|move: Grassy Terrain|[from] ability: Grassy Surge|[of] p2a: Rillaboom\n|turn|24\n|\n|t:|1783798207\n|move|p2a: Rillaboom|Grassy Glide|p1a: Kingambit\n|-resisted|p1a: Kingambit\n|-damage|p1a: Kingambit|0 fnt\n|faint|p1a: Kingambit\n|-end|p1a: Kingambit|fallen4|[silent]\n|\n|upkeep\n|\n|t:|1783798220\n|switch|p1a: Rotom|Rotom-Wash|100/100\n|-damage|p1a: Rotom|88/100|[from] Stealth Rock\n|turn|25\n|\n|t:|1783798233\n|-terastallize|p2a: Rillaboom|Grass\n|move|p2a: Rillaboom|Grassy Glide|p1a: Rotom\n|-supereffective|p1a: Rotom\n|-damage|p1a: Rotom|0 fnt\n|faint|p1a: Rotom\n|\n|win|phreshoatmeal\n|raw|Gafooor's rating: 1286 &rarr; <strong>1261</strong><br />(-25 for losing)\n|raw|phreshoatmeal's rating: 1288 &rarr; <strong>1313</strong><br />(+25 for winning)\n|l|☆Gafooor\n|player|p1|\n|l|☆phreshoatmeal\n|player|p2|\n", "uploadtime": 1783798430, "views": 5, "formatid": "gen9ou", "rating": 1261, "private": 0, "password": null}