{"id": "gen9ou-2639288973", "format": "[Gen 9] OU", "players": ["grgwrgwegwe", "darkphoenix268"], "log": "|j|☆grgwrgwegwe\n|j|☆darkphoenix268\n|t:|1782446567\n|gametype|singles\n|player|p1|grgwrgwegwe|nurse|1323\n|player|p2|darkphoenix268|265|1293\n|gen|9\n|tier|[Gen 9] OU\n|rated|\n|rule|HP Percentage Mod: HP is shown in percentages\n|rule|Endless Battle Clause: Forcing endless battles is banned\n|rule|Species Clause: Limit one of each Pokémon\n|rule|OHKO Clause: OHKO moves are banned\n|rule|Evasion Items Clause: Evasion items are banned\n|rule|Evasion Moves Clause: Evasion moves are banned\n|rule|Evasion Abilities Clause: Evasion abilities are banned\n|rule|Sleep Moves Clause: Sleep-inducing moves are banned\n|clearpoke\n|poke|p1|Rotom-Heat|\n|poke|p1|Iron Boulder|\n|poke|p1|Squawkabilly-Yellow, M|\n|poke|p1|Sylveon, F|\n|poke|p1|Slaking, M|\n|poke|p1|Enamorus, F|\n|poke|p2|Ogerpon-Wellspring, F|\n|poke|p2|Iron Moth|\n|poke|p2|Zamazenta-*|\n|poke|p2|Raging Bolt|\n|poke|p2|Kingambit, M|\n|poke|p2|Hatterene, F|\n|teampreview\n|inactive|Battle timer is ON: inactive players will automatically lose when time's up. (requested by darkphoenix268)\n|inactive|grgwrgwegwe has 120 seconds left.\n|\n|t:|1782446602\n|teamsize|p1|6\n|teamsize|p2|6\n|start\n|switch|p1a: Squawkabilly|Squawkabilly-Yellow, M, shiny|100/100\n|switch|p2a: Raging Bolt|Raging Bolt|100/100\n|turn|1\n|\n|t:|1782446608\n|switch|p1a: Rotom|Rotom-Heat|100/100\n|move|p2a: Raging Bolt|Thunderbolt|p1a: Rotom\n|-resisted|p1a: Rotom\n|-damage|p1a: Rotom|67/100\n|\n|upkeep\n|turn|2\n|\n|t:|1782446616\n|move|p1a: Rotom|Volt Switch|p2a: Raging Bolt\n|-resisted|p2a: Raging Bolt\n|-damage|p2a: Raging Bolt|90/100\n|\n|t:|1782446617\n|switch|p1a: Jbai|Sylveon, F|100/100|[from] Volt Switch\n|move|p2a: Raging Bolt|Volt Switch|p1a: Jbai\n|-damage|p1a: Jbai|67/100\n|\n|t:|1782446630\n|-end|p2a: Raging Bolt|Protosynthesis|[silent]\n|switch|p2a: Kingambit|Kingambit, M|100/100|[from] Volt Switch\n|\n|upkeep\n|turn|3\n|\n|t:|1782446641\n|move|p1a: Jbai|Hyper Beam|p2a: Kingambit\n|-damage|p2a: Kingambit|16/100\n|-mustrecharge|p1a: Jbai\n|move|p2a: Kingambit|Iron Head|p1a: Jbai\n|-supereffective|p1a: Jbai\n|-damage|p1a: Jbai|0 fnt\n|faint|p1a: Jbai\n|\n|upkeep\n|\n|t:|1782446644\n|switch|p1a: Rotom|Rotom-Heat|67/100\n|turn|4\n|\n|t:|1782446646\n|move|p2a: Kingambit|Sucker Punch|p1a: Rotom\n|-damage|p1a: Rotom|13/100\n|move|p1a: Rotom|Volt Switch|p2a: Kingambit\n|-damage|p2a: Kingambit|0 fnt\n|faint|p2a: Kingambit\n|-end|p2a: Kingambit|fallenundefined|[silent]\n|\n|t:|1782446664\n|switch|p1a: Squawkabilly|Squawkabilly-Yellow, M, shiny|100/100|[from] Volt Switch\n|\n|upkeep\n|\n|t:|1782446668\n|switch|p2a: Raging Bolt|Raging Bolt|90/100\n|turn|5\n|\n|t:|1782446675\n|move|p1a: Squawkabilly|Final Gambit|p2a: Raging Bolt\n|-damage|p2a: Raging Bolt|9/100\n|faint|p1a: Squawkabilly\n|move|p2a: Raging Bolt|Thunderbolt|p1: Squawkabilly|[notarget]\n|-fail|p2a: Raging Bolt\n|\n|upkeep\n|\n|t:|1782446681\n|switch|p1a: Iron Boulder|Iron Boulder|100/100\n|turn|6\n|\n|t:|1782446685\n|move|p2a: Raging Bolt|Thunderclap|p1a: Iron Boulder\n|-damage|p1a: Iron Boulder|61/100\n|move|p1a: Iron Boulder|Throat Chop|p2a: Raging Bolt\n|-damage|p2a: Raging Bolt|0 fnt\n|faint|p2a: Raging Bolt\n|-end|p2a: Raging Bolt|Protosynthesis|[silent]\n|\n|upkeep\n|\n|t:|1782446695\n|switch|p2a: Zamazenta|Zamazenta|100/100\n|-ability|p2a: Zamazenta|Dauntless Shield|boost\n|-boost|p2a: Zamazenta|def|1\n|turn|7\n|\n|t:|1782446702\n|-end|p1a: Iron Boulder|Quark Drive|[silent]\n|switch|p1a: Rotom|Rotom-Heat|13/100\n|move|p2a: Zamazenta|Heavy Slam|p1a: Rotom\n|-resisted|p1a: Rotom\n|-damage|p1a: Rotom|0 fnt\n|faint|p1a: Rotom\n|\n|upkeep\n|\n|t:|1782446704\n|switch|p1a: Enamorus|Enamorus, F|100/100\n|turn|8\n|\n|t:|1782446709\n|move|p2a: Zamazenta|Heavy Slam|p1a: Enamorus\n|-supereffective|p1a: Enamorus\n|-damage|p1a: Enamorus|0 fnt\n|faint|p1a: Enamorus\n|\n|upkeep\n|-message|grgwrgwegwe forfeited.\n|\n|win|darkphoenix268\n|raw|grgwrgwegwe's rating: 1323 &rarr; <strong>1301</strong><br />(-22 for losing)\n|raw|darkphoenix268's rating: 1293 &rarr; <strong>1320</strong><br />(+27 for winning)\n|l|☆grgwrgwegwe\n|player|p1|\n|l|☆darkphoenix268\n|player|p2|\n", "uploadtime": 1782447088, "views": 3, "formatid": "gen9ou", "rating": 1301, "private": 0, "password": null}