{"id": "gen9ou-2647822549", "format": "[Gen 9] OU", "players": ["Mr.Yessir", "grandmaster778"], "log": "|j|☆Mr.Yessir\n|j|☆grandmaster778\n|t:|1783818730\n|gametype|singles\n|player|p1|Mr.Yessir|wattson|1376\n|player|p2|grandmaster778|266|1375\n|gen|9\n|tier|[Gen 9] OU\n|rated|\n|rule|HP Percentage Mod: HP is shown in percentages\n|rule|Endless Battle Clause: Forcing endless battles is banned\n|rule|Species Clause: Limit one of each Pokémon\n|rule|OHKO Clause: OHKO moves are banned\n|rule|Evasion Items Clause: Evasion items are banned\n|rule|Evasion Moves Clause: Evasion moves are banned\n|rule|Evasion Abilities Clause: Evasion abilities are banned\n|rule|Sleep Moves Clause: Sleep-inducing moves are banned\n|clearpoke\n|poke|p1|Rillaboom, M|\n|poke|p1|Heatran, F|\n|poke|p1|Great Tusk|\n|poke|p1|Slowking-Galar, M|\n|poke|p1|Dragonite, M|\n|poke|p1|Dragapult, M|\n|poke|p2|Arcanine-Hisui, M|\n|poke|p2|Rillaboom, F|\n|poke|p2|Kingambit, F|\n|poke|p2|Great Tusk|\n|poke|p2|Zapdos|\n|poke|p2|Iron Boulder|\n|teampreview\n|\n|t:|1783818807\n|teamsize|p1|6\n|teamsize|p2|6\n|start\n|switch|p1a: Dragapult|Dragapult, M|100/100\n|switch|p2a: Great Tusk|Great Tusk|100/100\n|turn|1\n|\n|t:|1783818857\n|-end|p2a: Great Tusk|Protosynthesis|[silent]\n|switch|p2a: Zapdos|Zapdos|100/100\n|move|p1a: Dragapult|Draco Meteor|p2a: Zapdos\n|-damage|p2a: Zapdos|21/100\n|-unboost|p1a: Dragapult|spa|2\n|\n|upkeep\n|turn|2\n|\n|t:|1783818870\n|switch|p2a: Kingambit|Kingambit, F|100/100\n|move|p1a: Dragapult|Draco Meteor|p2a: Kingambit|[miss]\n|-miss|p1a: Dragapult|p2a: Kingambit\n|\n|upkeep\n|turn|3\n|\n|t:|1783818883\n|switch|p1a: Great Tusk|Great Tusk|100/100\n|move|p2a: Kingambit|Iron Head|p1a: Great Tusk\n|-damage|p1a: Great Tusk|66/100\n|\n|upkeep\n|turn|4\n|\n|t:|1783818894\n|-end|p2a: Kingambit|fallenundefined|[silent]\n|switch|p2a: Great Tusk|Great Tusk|100/100\n|move|p1a: Great Tusk|Knock Off|p2a: Great Tusk\n|-resisted|p2a: Great Tusk\n|-damage|p2a: Great Tusk|90/100\n|-enditem|p2a: Great Tusk|Heavy-Duty Boots|[from] move: Knock Off|[of] p1a: Great Tusk\n|\n|upkeep\n|turn|5\n|\n|t:|1783818901\n|-end|p1a: Great Tusk|Protosynthesis|[silent]\n|switch|p1a: Rillaboom|Rillaboom, M|100/100\n|-fieldstart|move: Grassy Terrain|[from] ability: Grassy Surge|[of] p1a: Rillaboom\n|move|p2a: Great Tusk|Stealth Rock|p1a: Rillaboom\n|-sidestart|p1: Mr.Yessir|move: Stealth Rock\n|\n|-heal|p2a: Great Tusk|96/100|[from] Grassy Terrain\n|upkeep\n|turn|6\n|\n|t:|1783818912\n|-end|p2a: Great Tusk|Protosynthesis|[silent]\n|switch|p2a: Rillaboom|Rillaboom, F|100/100\n|move|p1a: Rillaboom|Wood Hammer|p2a: Rillaboom\n|-resisted|p2a: Rillaboom\n|-damage|p2a: Rillaboom|36/100\n|-damage|p1a: Rillaboom|79/100|[from] Recoil\n|\n|-heal|p2a: Rillaboom|42/100|[from] Grassy Terrain\n|-heal|p1a: Rillaboom|85/100|[from] Grassy Terrain\n|upkeep\n|turn|7\n|\n|t:|1783818923\n|switch|p1a: Dragonite|Dragonite, M|100/100\n|move|p2a: Rillaboom|U-turn|p1a: Dragonite\n|-resisted|p1a: Dragonite\n|-damage|p1a: Dragonite|90/100\n|\n|t:|1783818934\n|switch|p2a: Iron Boulder|Iron Boulder|100/100|[from] U-turn\n|-enditem|p2a: Iron Boulder|Booster Energy\n|-activate|p2a: Iron Boulder|ability: Quark Drive|[fromitem]\n|-start|p2a: Iron Boulder|quarkdrivespe\n|\n|upkeep\n|turn|8\n|\n|t:|1783818966\n|switch|p1a: Slowking|Slowking-Galar, M|100/100\n|move|p2a: Iron Boulder|Swords Dance|p2a: Iron Boulder\n|-boost|p2a: Iron Boulder|atk|2\n|\n|upkeep\n|turn|9\n|\n|t:|1783818977\n|move|p2a: Iron Boulder|Mighty Cleave|p1a: Slowking\n|-damage|p1a: Slowking|3/100\n|move|p1a: Slowking|Surf|p2a: Iron Boulder\n|-supereffective|p2a: Iron Boulder\n|-damage|p2a: Iron Boulder|53/100\n|\n|-heal|p2a: Iron Boulder|59/100|[from] Grassy Terrain\n|-heal|p1a: Slowking|9/100|[from] Grassy Terrain\n|-fieldend|move: Grassy Terrain\n|upkeep\n|turn|10\n|\n|t:|1783819010\n|move|p2a: Iron Boulder|Psycho Cut|p1a: Slowking\n|-damage|p1a: Slowking|0 fnt\n|faint|p1a: Slowking\n|\n|upkeep\n|\n|t:|1783819011\n|switch|p1a: Rillaboom|Rillaboom, M|85/100\n|-damage|p1a: Rillaboom|73/100|[from] Stealth Rock\n|-fieldstart|move: Grassy Terrain|[from] ability: Grassy Surge|[of] p1a: Rillaboom\n|turn|11\n|inactive|Battle timer is ON: inactive players will automatically lose when time's up. (requested by grandmaster778)\n|inactive|grandmaster778 has 120 seconds left.\n|\n|t:|1783819045\n|-end|p2a: Iron Boulder|Quark Drive|[silent]\n|switch|p2a: Zapdos|Zapdos|21/100\n|move|p1a: Rillaboom|Grassy Glide|p2a: Zapdos\n|-resisted|p2a: Zapdos\n|-damage|p2a: Zapdos|1/100\n|-status|p1a: Rillaboom|par|[from] ability: Static|[of] p2a: Zapdos\n|\n|-heal|p1a: Rillaboom|79/100 par|[from] Grassy Terrain\n|upkeep\n|turn|12\n|\n|t:|1783819068\n|move|p1a: Rillaboom|Grassy Glide|p2a: Zapdos\n|-resisted|p2a: Zapdos\n|-damage|p2a: Zapdos|0 fnt\n|faint|p2a: Zapdos\n|\n|-heal|p1a: Rillaboom|85/100 par|[from] Grassy Terrain\n|upkeep\n|\n|t:|1783819072\n|switch|p2a: Rillaboom|Rillaboom, F|42/100\n|turn|13\n|\n|t:|1783819079\n|switch|p1a: Heatran|Heatran, F|100/100\n|-damage|p1a: Heatran|88/100|[from] Stealth Rock\n|move|p2a: Rillaboom|U-turn|p1a: Heatran\n|-resisted|p1a: Heatran\n|-damage|p1a: Heatran|80/100\n|\n|t:|1783819088\n|switch|p2a: Iron Boulder|Iron Boulder|59/100|[from] U-turn\n|\n|-heal|p2a: Iron Boulder|65/100|[from] Grassy Terrain\n|-heal|p1a: Heatran|87/100|[from] Grassy Terrain\n|-heal|p1a: Heatran|93/100|[from] item: Leftovers\n|upkeep\n|turn|14\n|\n|t:|1783819099\n|move|p2a: Iron Boulder|Close Combat|p1a: Heatran\n|-supereffective|p1a: Heatran\n|-damage|p1a: Heatran|21/100\n|-unboost|p2a: Iron Boulder|def|1\n|-unboost|p2a: Iron Boulder|spd|1\n|move|p1a: Heatran|Earth Power|p2a: Iron Boulder\n|-supereffective|p2a: Iron Boulder\n|-damage|p2a: Iron Boulder|0 fnt\n|faint|p2a: Iron Boulder\n|-end|p2a: Iron Boulder|Quark Drive|[silent]\n|\n|-heal|p1a: Heatran|27/100|[from] Grassy Terrain\n|-heal|p1a: Heatran|33/100|[from] item: Leftovers\n|upkeep\n|\n|t:|1783819110\n|switch|p2a: Arcanine|Arcanine-Hisui, M|100/100\n|turn|15\n|\n|t:|1783819114\n|move|p2a: Arcanine|Head Smash|p1a: Heatran\n|-damage|p1a: Heatran|0 fnt\n|faint|p1a: Heatran\n|\n|-fieldend|move: Grassy Terrain\n|upkeep\n|\n|t:|1783819119\n|switch|p1a: Great Tusk|Great Tusk|66/100\n|turn|16\n|\n|t:|1783819126\n|switch|p2a: Rillaboom|Rillaboom, F|42/100\n|-fieldstart|move: Grassy Terrain|[from] ability: Grassy Surge|[of] p2a: Rillaboom\n|move|p1a: Great Tusk|Rapid Spin|p2a: Rillaboom\n|-damage|p2a: Rillaboom|23/100\n|-boost|p1a: Great Tusk|spe|1\n|-sideend|p1: Mr.Yessir|Stealth Rock|[from] move: Rapid Spin|[of] p1a: Great Tusk\n|\n|-heal|p1a: Great Tusk|72/100|[from] Grassy Terrain\n|-heal|p2a: Rillaboom|29/100|[from] Grassy Terrain\n|upkeep\n|turn|17\n|\n|t:|1783819133\n|move|p2a: Rillaboom|Grassy Glide|p1a: Great Tusk\n|-supereffective|p1a: Great Tusk\n|-damage|p1a: Great Tusk|0 fnt\n|faint|p1a: Great Tusk\n|-end|p1a: Great Tusk|Protosynthesis|[silent]\n|\n|-heal|p2a: Rillaboom|35/100|[from] Grassy Terrain\n|upkeep\n|\n|t:|1783819140\n|switch|p1a: Dragapult|Dragapult, M|100/100\n|turn|18\n|\n|t:|1783819144\n|move|p2a: Rillaboom|Grassy Glide|p1a: Dragapult\n|-resisted|p1a: Dragapult\n|-damage|p1a: Dragapult|58/100\n|move|p1a: Dragapult|U-turn|p2a: Rillaboom\n|-supereffective|p2a: Rillaboom\n|-damage|p2a: Rillaboom|0 fnt\n|faint|p2a: Rillaboom\n|\n|t:|1783819147\n|switch|p1a: Rillaboom|Rillaboom, M|85/100 par|[from] U-turn\n|\n|-heal|p1a: Rillaboom|91/100 par|[from] Grassy Terrain\n|upkeep\n|\n|t:|1783819155\n|switch|p2a: Kingambit|Kingambit, F|100/100\n|-activate|p2a: Kingambit|ability: Supreme Overlord\n|-start|p2a: Kingambit|fallen3|[silent]\n|turn|19\n|\n|t:|1783819165\n|move|p2a: Kingambit|Iron Head|p1a: Rillaboom\n|-damage|p1a: Rillaboom|27/100 par\n|move|p1a: Rillaboom|U-turn|p2a: Kingambit\n|-damage|p2a: Kingambit|69/100\n|\n|t:|1783819168\n|switch|p1a: Dragonite|Dragonite, M|90/100|[from] U-turn\n|\n|-heal|p2a: Kingambit|75/100|[from] Grassy Terrain\n|-heal|p2a: Kingambit|81/100|[from] item: Leftovers\n|upkeep\n|turn|20\n|\n|t:|1783819174\n|move|p1a: Dragonite|Dragon Dance|p1a: Dragonite\n|-boost|p1a: Dragonite|atk|1\n|-boost|p1a: Dragonite|spe|1\n|move|p2a: Kingambit|Kowtow Cleave|p1a: Dragonite\n|-damage|p1a: Dragonite|17/100\n|\n|-heal|p2a: Kingambit|87/100|[from] Grassy Terrain\n|-heal|p2a: Kingambit|93/100|[from] item: Leftovers\n|-fieldend|move: Grassy Terrain\n|upkeep\n|turn|21\n|\n|t:|1783819183\n|move|p2a: Kingambit|Sucker Punch|p1a: Dragonite\n|-damage|p1a: Dragonite|0 fnt\n|faint|p1a: Dragonite\n|\n|-heal|p2a: Kingambit|99/100|[from] item: Leftovers\n|upkeep\n|-message|Mr.Yessir forfeited.\n|\n|win|grandmaster778\n|raw|Mr.Yessir's rating: 1376 &rarr; <strong>1356</strong><br />(-20 for losing)\n|raw|grandmaster778's rating: 1375 &rarr; <strong>1395</strong><br />(+20 for winning)\n|l|☆Mr.Yessir\n|player|p1|\n", "uploadtime": 1783819487, "views": 4, "formatid": "gen9ou", "rating": 1356, "private": 0, "password": null}