{"id": "gen9ou-2639291960", "format": "[Gen 9] OU", "players": ["znyz654321", "totallyrockingout"], "log": "|j|☆znyz654321\n|j|☆totallyrockingout\n|t:|1782447106\n|gametype|singles\n|player|p1|znyz654321|winona|1239\n|player|p2|totallyrockingout|brendan-contest|1207\n|gen|9\n|tier|[Gen 9] OU\n|rated|\n|rule|HP Percentage Mod: HP is shown in percentages\n|rule|Endless Battle Clause: Forcing endless battles is banned\n|rule|Species Clause: Limit one of each Pokémon\n|rule|OHKO Clause: OHKO moves are banned\n|rule|Evasion Items Clause: Evasion items are banned\n|rule|Evasion Moves Clause: Evasion moves are banned\n|rule|Evasion Abilities Clause: Evasion abilities are banned\n|rule|Sleep Moves Clause: Sleep-inducing moves are banned\n|clearpoke\n|poke|p1|Ting-Lu|\n|poke|p1|Gholdengo|\n|poke|p1|Ogerpon-Wellspring, F|\n|poke|p1|Corviknight, F|\n|poke|p1|Kingambit, F|\n|poke|p1|Enamorus, F|\n|poke|p2|Corviknight, M|\n|poke|p2|Clefable, M|\n|poke|p2|Alomomola, M|\n|poke|p2|Clodsire, M|\n|poke|p2|Toxapex, F|\n|poke|p2|Quagsire, M|\n|teampreview\n|inactive|Battle timer is ON: inactive players will automatically lose when time's up. (requested by totallyrockingout)\n|inactive|znyz654321 also wants the timer to be on.\n|\n|t:|1782447121\n|teamsize|p1|6\n|teamsize|p2|6\n|start\n|switch|p1a: Ogerpon|Ogerpon-Wellspring, F|100/100\n|switch|p2a: Clefable|Clefable, M|100/100\n|turn|1\n|\n|t:|1782447134\n|switch|p1a: Gholdengo|Gholdengo|100/100\n|switch|p2a: Toxapex|Toxapex, F|100/100\n|\n|upkeep\n|turn|2\n|\n|t:|1782447140\n|switch|p2a: Clodsire|Clodsire, M|100/100\n|move|p1a: Gholdengo|Trick|p2a: Clodsire\n|-activate|p1a: Gholdengo|move: Trick|[of] p2a: Clodsire\n|-item|p2a: Clodsire|Choice Scarf|[from] move: Trick\n|-item|p1a: Gholdengo|Heavy-Duty Boots|[from] move: Trick\n|\n|upkeep\n|turn|3\n|\n|t:|1782447151\n|switch|p1a: Ogerpon|Ogerpon-Wellspring, F|100/100\n|move|p2a: Clodsire|Spikes|p1a: Ogerpon\n|-sidestart|p1: znyz654321|Spikes\n|\n|upkeep\n|turn|4\n|\n|t:|1782447156\n|switch|p2a: Toxapex|Toxapex, F|100/100\n|move|p1a: Ogerpon|Taunt|p2a: Toxapex\n|-start|p2a: Toxapex|move: Taunt\n|\n|upkeep\n|turn|5\n|\n|t:|1782447162\n|switch|p1a: Corviknight|Corviknight, F|100/100\n|move|p2a: Toxapex|Poison Jab|p1a: Corviknight\n|-immune|p1a: Corviknight\n|\n|upkeep\n|turn|6\n|\n|t:|1782447187\n|switch|p2a: Alomomola|Alomomola, M|100/100\n|move|p1a: Corviknight|Defog|p2a: Alomomola\n|-unboost|p2a: Alomomola|evasion|1\n|-sideend|p1: znyz654321|Spikes|[from] move: Defog|[of] p1a: Corviknight\n|\n|upkeep\n|turn|7\n|\n|t:|1782447193\n|move|p1a: Corviknight|Body Press|p2a: Alomomola\n|-damage|p2a: Alomomola|82/100\n|move|p2a: Alomomola|Wish|p2a: Alomomola\n|\n|upkeep\n|turn|8\n|\n|t:|1782447197\n|move|p1a: Corviknight|Body Press|p2a: Alomomola\n|-damage|p2a: Alomomola|65/100\n|move|p2a: Alomomola|Flip Turn|p1a: Corviknight\n|-damage|p1a: Corviknight|90/100\n|-damage|p2a: Alomomola|49/100|[from] item: Rocky Helmet|[of] p1a: Corviknight\n|\n|t:|1782447205\n|switch|p2a: Quagsire|Quagsire, M|100/100|[from] Flip Turn\n|\n|upkeep\n|turn|9\n|\n|t:|1782447207\n|move|p1a: Corviknight|U-turn|p2a: Quagsire\n|-damage|p2a: Quagsire|91/100\n|\n|t:|1782447211\n|switch|p1a: Ogerpon|Ogerpon-Wellspring, F|100/100|[from] U-turn\n|move|p2a: Quagsire|Stealth Rock|p1a: Ogerpon\n|-sidestart|p1: znyz654321|move: Stealth Rock\n|\n|upkeep\n|turn|10\n|\n|t:|1782447223\n|switch|p2a: Corviknight|Corviknight, M|100/100\n|-ability|p2a: Corviknight|Pressure\n|move|p1a: Ogerpon|Ivy Cudgel|p2a: Corviknight|[anim] Ivy Cudgel Water\n|-damage|p2a: Corviknight|69/100\n|\n|upkeep\n|turn|11\n|\n|t:|1782447234\n|switch|p1a: Corviknight|Corviknight, F|90/100\n|-damage|p1a: Corviknight|77/100|[from] Stealth Rock\n|move|p2a: Corviknight|Iron Defense|p2a: Corviknight\n|-boost|p2a: Corviknight|def|2\n|\n|upkeep\n|turn|12\n|\n|t:|1782447239\n|move|p2a: Corviknight|Body Press|p1a: Corviknight\n|-damage|p1a: Corviknight|46/100\n|-damage|p2a: Corviknight|52/100|[from] item: Rocky Helmet|[of] p1a: Corviknight\n|move|p1a: Corviknight|U-turn|p2a: Corviknight\n|-resisted|p2a: Corviknight\n|-damage|p2a: Corviknight|51/100\n|\n|t:|1782447247\n|switch|p1a: Enamorus|Enamorus, F|100/100|[from] U-turn\n|-damage|p1a: Enamorus|76/100|[from] Stealth Rock\n|\n|upkeep\n|turn|13\n|\n|t:|1782447251\n|switch|p2a: Clefable|Clefable, M|100/100\n|move|p1a: Enamorus|Mystical Fire|p2a: Clefable\n|-crit|p2a: Clefable\n|-damage|p2a: Clefable|60/100\n|-unboost|p2a: Clefable|spa|1\n|\n|-heal|p2a: Clefable|66/100|[from] item: Leftovers\n|upkeep\n|turn|14\n|\n|t:|1782447258\n|switch|p1a: Gholdengo|Gholdengo|100/100\n|move|p2a: Clefable|Ice Beam|p1a: Gholdengo\n|-resisted|p1a: Gholdengo\n|-damage|p1a: Gholdengo|92/100\n|\n|-heal|p2a: Clefable|72/100|[from] item: Leftovers\n|upkeep\n|turn|15\n|\n|t:|1782447272\n|switch|p1a: Corviknight|Corviknight, F|46/100\n|-damage|p1a: Corviknight|34/100|[from] Stealth Rock\n|switch|p2a: Clodsire|Clodsire, M|100/100\n|\n|upkeep\n|turn|16\n|\n|t:|1782447276\n|move|p1a: Corviknight|Roost|p1a: Corviknight\n|-heal|p1a: Corviknight|84/100\n|-singleturn|p1a: Corviknight|move: Roost\n|move|p2a: Clodsire|Spikes|p1a: Corviknight\n|-sidestart|p1: znyz654321|Spikes\n|\n|upkeep\n|turn|17\n|\n|t:|1782447279\n|move|p1a: Corviknight|Defog|p2a: Clodsire\n|-unboost|p2a: Clodsire|evasion|1\n|-sideend|p1: znyz654321|Spikes|[from] move: Defog|[of] p1a: Corviknight\n|-sideend|p1: znyz654321|Stealth Rock|[from] move: Defog|[of] p1a: Corviknight\n|move|p2a: Clodsire|Spikes|p1a: Corviknight\n|-sidestart|p1: znyz654321|Spikes\n|\n|upkeep\n|turn|18\n|\n|t:|1782447287\n|move|p1a: Corviknight|Defog|p2a: Clodsire\n|-unboost|p2a: Clodsire|evasion|1\n|-sideend|p1: znyz654321|Spikes|[from] move: Defog|[of] p1a: Corviknight\n|move|p2a: Clodsire|Spikes|p1a: Corviknight\n|-sidestart|p1: znyz654321|Spikes\n|\n|upkeep\n|turn|19\n|\n|t:|1782447289\n|move|p1a: Corviknight|U-turn|p2a: Clodsire\n|-resisted|p2a: Clodsire\n|-damage|p2a: Clodsire|93/100\n|\n|t:|1782447303\n|switch|p1a: Enamorus|Enamorus, F|76/100|[from] U-turn\n|move|p2a: Clodsire|Spikes|p1a: Enamorus\n|-sidestart|p1: znyz654321|Spikes\n|\n|upkeep\n|turn|20\n|\n|t:|1782447313\n|switch|p2a: Clefable|Clefable, M|72/100\n|-terastallize|p1a: Enamorus|Fairy\n|move|p1a: Enamorus|Moonblast|p2a: Clefable\n|-damage|p2a: Clefable|0 fnt\n|faint|p2a: Clefable\n|\n|upkeep\n|\n|t:|1782447323\n|switch|p2a: Toxapex|Toxapex, F|100/100\n|turn|21\n|-message|totallyrockingout forfeited.\n|\n|win|znyz654321\n|raw|znyz654321's rating: 1239 &rarr; <strong>1262</strong><br />(+23 for winning)\n|raw|totallyrockingout's rating: 1207 &rarr; <strong>1184</strong><br />(-23 for losing)\n|l|☆totallyrockingout\n|player|p2|\n|l|☆znyz654321\n|player|p1|\n", "uploadtime": 1782447626, "views": 4, "formatid": "gen9ou", "rating": 1184, "private": 0, "password": null}