{"id": "gen9ou-2647837117", "format": "[Gen 9] OU", "players": ["daconnman", "OUBotBeepBoop"], "log": "|j|☆daconnman\n|j|☆OUBotBeepBoop\n|t:|1783821341\n|gametype|singles\n|player|p1|daconnman|170|1287\n|player|p2|OUBotBeepBoop|102|1233\n|gen|9\n|tier|[Gen 9] OU\n|rated|\n|rule|HP Percentage Mod: HP is shown in percentages\n|rule|Endless Battle Clause: Forcing endless battles is banned\n|rule|Species Clause: Limit one of each Pokémon\n|rule|OHKO Clause: OHKO moves are banned\n|rule|Evasion Items Clause: Evasion items are banned\n|rule|Evasion Moves Clause: Evasion moves are banned\n|rule|Evasion Abilities Clause: Evasion abilities are banned\n|rule|Sleep Moves Clause: Sleep-inducing moves are banned\n|clearpoke\n|poke|p1|Blaziken, F|\n|poke|p1|Enamorus, F|\n|poke|p1|Cinderace, M|\n|poke|p1|Polteageist-Antique|\n|poke|p1|Feraligatr, M|\n|poke|p1|Meowscarada, M|\n|poke|p2|Glimmora, M|\n|poke|p2|Great Tusk|\n|poke|p2|Kingambit, F|\n|poke|p2|Dragapult, F|\n|poke|p2|Clefable, F|\n|poke|p2|Corviknight, M|\n|teampreview\n|inactive|Battle timer is ON: inactive players will automatically lose when time's up. (requested by OUBotBeepBoop)\n|\n|t:|1783821344\n|teamsize|p1|6\n|teamsize|p2|6\n|start\n|switch|p1a: Polteageist|Polteageist-Antique, shiny|100/100\n|switch|p2a: Glimmora|Glimmora, M|100/100\n|turn|1\n|\n|t:|1783821348\n|move|p2a: Glimmora|Stealth Rock|p1a: Polteageist\n|-sidestart|p1: daconnman|move: Stealth Rock\n|move|p1a: Polteageist|Shell Smash|p1a: Polteageist\n|-unboost|p1a: Polteageist|def|1\n|-unboost|p1a: Polteageist|spd|1\n|-boost|p1a: Polteageist|atk|2\n|-boost|p1a: Polteageist|spa|2\n|-boost|p1a: Polteageist|spe|2\n|-enditem|p1a: Polteageist|White Herb\n|-clearnegativeboost|p1a: Polteageist|[silent]\n|\n|upkeep\n|turn|2\n|\n|t:|1783821354\n|switch|p2a: Kingambit|Kingambit, F|100/100\n|move|p1a: Polteageist|Stored Power|p2a: Kingambit\n|-immune|p2a: Kingambit\n|\n|upkeep\n|turn|3\n|\n|t:|1783821365\n|-terastallize|p1a: Polteageist|Grass\n|move|p1a: Polteageist|Giga Drain|p2a: Kingambit\n|-resisted|p2a: Kingambit\n|-crit|p2a: Kingambit\n|-damage|p2a: Kingambit|34/100\n|move|p2a: Kingambit|Kowtow Cleave|p1a: Polteageist\n|-damage|p1a: Polteageist|0 fnt\n|faint|p1a: Polteageist\n|\n|upkeep\n|\n|t:|1783821384\n|switch|p1a: Cinderace|Cinderace, M|100/100\n|turn|4\n|\n|t:|1783821385\n|-end|p2a: Kingambit|fallenundefined|[silent]\n|switch|p2a: Glimmora|Glimmora, M|100/100\n|move|p1a: Cinderace|Court Change|p1a: Cinderace\n|-start|p1a: Cinderace|typechange|Normal|[from] ability: Libero\n|-swapsideconditions\n|-activate|p1a: Cinderace|move: Court Change\n|\n|upkeep\n|turn|5\n|\n|t:|1783821391\n|switch|p1a: Blaziken|Blaziken, F|100/100\n|move|p2a: Glimmora|Mortal Spin|p1a: Blaziken\n|-damage|p1a: Blaziken|91/100\n|-status|p1a: Blaziken|psn\n|-sideend|p2: OUBotBeepBoop|Stealth Rock|[from] move: Mortal Spin|[of] p2a: Glimmora\n|\n|-damage|p1a: Blaziken|79/100 psn|[from] psn\n|upkeep\n|turn|6\n|\n|t:|1783821395\n|move|p2a: Glimmora|Earth Power|p1a: Blaziken\n|-supereffective|p1a: Blaziken\n|-damage|p1a: Blaziken|0 fnt\n|faint|p1a: Blaziken\n|\n|upkeep\n|\n|t:|1783821400\n|switch|p1a: Feraligatr|Feraligatr, M|100/100\n|turn|7\n|\n|t:|1783821401\n|move|p2a: Glimmora|Power Gem|p1a: Feraligatr\n|-damage|p1a: Feraligatr|47/100\n|move|p1a: Feraligatr|Dragon Dance|p1a: Feraligatr\n|-boost|p1a: Feraligatr|atk|1\n|-boost|p1a: Feraligatr|spe|1\n|\n|upkeep\n|turn|8\n|\n|t:|1783821404\n|move|p1a: Feraligatr|Earthquake|p2a: Glimmora\n|-supereffective|p2a: Glimmora\n|-enditem|p2a: Glimmora|Focus Sash\n|-damage|p2a: Glimmora|1/100\n|-activate|p2a: Glimmora|ability: Toxic Debris\n|-sidestart|p1: daconnman|move: Toxic Spikes\n|-damage|p1a: Feraligatr|37/100|[from] item: Life Orb\n|move|p2a: Glimmora|Power Gem|p1a: Feraligatr\n|-damage|p1a: Feraligatr|0 fnt\n|faint|p1a: Feraligatr\n|\n|upkeep\n|-message|daconnman forfeited.\n|\n|win|OUBotBeepBoop\n|raw|daconnman's rating: 1287 &rarr; <strong>1255</strong><br />(-32 for losing)\n|raw|OUBotBeepBoop's rating: 1187 &rarr; <strong>1219</strong><br />(+32 for winning)\n|l|☆OUBotBeepBoop\n|player|p2|\n|l|☆daconnman\n|player|p1|\n", "uploadtime": 1783821800, "views": 6, "formatid": "gen9ou", "rating": 1219, "private": 0, "password": null}