{"id": "gen9ou-2647749861", "format": "[Gen 9] OU", "players": ["Amromeoo", "cozyprincemshroom"], "log": "|j|☆Amromeoo\n|j|☆cozyprincemshroom\n|t:|1783806200\n|gametype|singles\n|player|p1|Amromeoo|bruno|1126\n|player|p2|cozyprincemshroom|waiter|1123\n|gen|9\n|tier|[Gen 9] OU\n|rated|\n|rule|HP Percentage Mod: HP is shown in percentages\n|rule|Endless Battle Clause: Forcing endless battles is banned\n|rule|Species Clause: Limit one of each Pokémon\n|rule|OHKO Clause: OHKO moves are banned\n|rule|Evasion Items Clause: Evasion items are banned\n|rule|Evasion Moves Clause: Evasion moves are banned\n|rule|Evasion Abilities Clause: Evasion abilities are banned\n|rule|Sleep Moves Clause: Sleep-inducing moves are banned\n|clearpoke\n|poke|p1|Mimikyu, F|\n|poke|p1|Gallade, M|\n|poke|p1|Toxtricity, F|\n|poke|p1|Kingambit, M|\n|poke|p1|Gliscor, F|\n|poke|p1|Maushold-Four|\n|poke|p2|Inteleon, M|\n|poke|p2|Munkidori, M|\n|poke|p2|Donphan, M|\n|poke|p2|Lycanroc-Dusk, M|\n|poke|p2|Meganium, F|\n|poke|p2|Quagsire, F|\n|teampreview\n|inactive|Battle timer is ON: inactive players will automatically lose when time's up. (requested by cozyprincemshroom)\n|\n|t:|1783806219\n|teamsize|p1|6\n|teamsize|p2|6\n|start\n|switch|p1a: Mimikyu|Mimikyu, F|100/100\n|switch|p2a: Munkidori|Munkidori, M|100/100\n|turn|1\n|\n|t:|1783806246\n|move|p2a: Munkidori|Trick|p1a: Mimikyu\n|-activate|p2a: Munkidori|move: Trick|[of] p1a: Mimikyu\n|-item|p1a: Mimikyu|Choice Scarf|[from] move: Trick\n|-item|p2a: Munkidori|Sitrus Berry|[from] move: Trick\n|move|p1a: Mimikyu|Curse|p2a: Munkidori\n|-start|p2a: Munkidori|Curse|[of] p1a: Mimikyu\n|-damage|p1a: Mimikyu|50/100\n|\n|-damage|p2a: Munkidori|76/100|[from] Curse\n|upkeep\n|turn|2\n|inactive|Amromeoo has 120 seconds left.\n|\n|t:|1783806261\n|switch|p1a: Kingambit|Kingambit, M|100/100\n|switch|p2a: Quagsire|Quagsire, F|100/100\n|\n|upkeep\n|turn|3\n|\n|t:|1783806271\n|switch|p2a: Munkidori|Munkidori, M|76/100\n|move|p1a: Kingambit|Swords Dance|p1a: Kingambit\n|-boost|p1a: Kingambit|atk|2\n|\n|upkeep\n|turn|4\n|\n|t:|1783806283\n|move|p2a: Munkidori|Focus Blast|p1a: Kingambit\n|-supereffective|p1a: Kingambit\n|-damage|p1a: Kingambit|0 fnt\n|faint|p1a: Kingambit\n|-end|p1a: Kingambit|fallenundefined|[silent]\n|\n|upkeep\n|\n|t:|1783806291\n|switch|p1a: Gliscor|Gliscor, F|100/100\n|turn|5\n|\n|t:|1783806294\n|move|p2a: Munkidori|Trick|p1a: Gliscor\n|-activate|p2a: Munkidori|move: Trick|[of] p1a: Gliscor\n|-item|p1a: Gliscor|Sitrus Berry|[from] move: Trick\n|-item|p2a: Munkidori|Toxic Orb|[from] move: Trick\n|move|p1a: Gliscor|Earthquake|p2a: Munkidori\n|-supereffective|p2a: Munkidori\n|-damage|p2a: Munkidori|0 fnt\n|faint|p2a: Munkidori\n|\n|upkeep\n|\n|t:|1783806302\n|switch|p2a: Inteleon|Inteleon, M|100/100\n|turn|6\n|\n|t:|1783806308\n|move|p2a: Inteleon|Scald|p1a: Gliscor\n|-supereffective|p1a: Gliscor\n|-damage|p1a: Gliscor|0 fnt\n|faint|p1a: Gliscor\n|\n|upkeep\n|\n|t:|1783806316\n|switch|p1a: Toxtricity|Toxtricity, F|100/100\n|turn|7\n|\n|t:|1783806325\n|switch|p2a: Quagsire|Quagsire, F|100/100\n|move|p1a: Toxtricity|Shift Gear|p1a: Toxtricity\n|-boost|p1a: Toxtricity|spe|2\n|-boost|p1a: Toxtricity|atk|1\n|\n|upkeep\n|turn|8\n|\n|t:|1783806332\n|move|p1a: Toxtricity|Boomburst|p2a: Quagsire\n|-damage|p2a: Quagsire|32/100\n|-enditem|p1a: Toxtricity|Throat Spray\n|-boost|p1a: Toxtricity|spa|1|[from] item: Throat Spray\n|move|p2a: Quagsire|Earthquake|p1a: Toxtricity\n|-supereffective|p1a: Toxtricity\n|-damage|p1a: Toxtricity|0 fnt\n|faint|p1a: Toxtricity\n|\n|-heal|p2a: Quagsire|38/100|[from] item: Leftovers\n|upkeep\n|inactive|Amromeoo has 120 seconds left.\n|inactive|Amromeoo has 90 seconds left.\n|\n|t:|1783806413\n|switch|p1a: Mimikyu|Mimikyu, F|50/100\n|turn|9\n|\n|t:|1783806420\n|move|p1a: Mimikyu|Protect|p1a: Mimikyu\n|-singleturn|p1a: Mimikyu|Protect\n|move|p2a: Quagsire|Recover|p2a: Quagsire\n|-heal|p2a: Quagsire|88/100\n|\n|-heal|p2a: Quagsire|94/100|[from] item: Leftovers\n|upkeep\n|turn|10\n|\n|t:|1783806434\n|switch|p1a: Gallade|Gallade, M|100/100\n|move|p2a: Quagsire|Toxic|p1a: Gallade\n|-status|p1a: Gallade|tox\n|\n|-heal|p2a: Quagsire|100/100|[from] item: Leftovers\n|-damage|p1a: Gallade|94/100 tox|[from] psn\n|upkeep\n|turn|11\n|inactive|Amromeoo has 60 seconds left.\n|\n|t:|1783806465\n|switch|p2a: Lycanroc|Lycanroc-Dusk, M|100/100\n|move|p1a: Gallade|Bulk Up|p1a: Gallade\n|-boost|p1a: Gallade|atk|1\n|-boost|p1a: Gallade|def|1\n|\n|-heal|p1a: Gallade|100/100 tox|[from] item: Leftovers\n|-damage|p1a: Gallade|88/100 tox|[from] psn\n|upkeep\n|turn|12\n|\n|t:|1783806474\n|move|p2a: Lycanroc|Play Rough|p1a: Gallade\n|-supereffective|p1a: Gallade\n|-damage|p1a: Gallade|8/100 tox\n|move|p1a: Gallade|Drain Punch|p2a: Lycanroc\n|-supereffective|p2a: Lycanroc\n|-damage|p2a: Lycanroc|0 fnt\n|-heal|p1a: Gallade|61/100 tox|[from] drain|[of] p2a: Lycanroc\n|faint|p2a: Lycanroc\n|\n|-heal|p1a: Gallade|67/100 tox|[from] item: Leftovers\n|-damage|p1a: Gallade|49/100 tox|[from] psn\n|upkeep\n|\n|t:|1783806488\n|switch|p2a: Quagsire|Quagsire, F|100/100\n|turn|13\n|\n|t:|1783806497\n|move|p1a: Gallade|Drain Punch|p2a: Quagsire\n|-damage|p2a: Quagsire|78/100\n|-heal|p1a: Gallade|65/100 tox|[from] drain|[of] p2a: Quagsire\n|move|p2a: Quagsire|Earthquake|p1a: Gallade\n|-damage|p1a: Gallade|21/100 tox\n|\n|-heal|p1a: Gallade|27/100 tox|[from] item: Leftovers\n|-heal|p2a: Quagsire|84/100|[from] item: Leftovers\n|-damage|p1a: Gallade|3/100 tox|[from] psn\n|upkeep\n|turn|14\n|\n|t:|1783806509\n|move|p1a: Gallade|Drain Punch|p2a: Quagsire\n|-damage|p2a: Quagsire|61/100\n|-heal|p1a: Gallade|19/100 tox|[from] drain|[of] p2a: Quagsire\n|move|p2a: Quagsire|Liquidation|p1a: Gallade\n|-damage|p1a: Gallade|0 fnt\n|faint|p1a: Gallade\n|\n|-heal|p2a: Quagsire|67/100|[from] item: Leftovers\n|upkeep\n|\n|t:|1783806527\n|switch|p1a: Maushold|Maushold-Four|100/100\n|turn|15\n|\n|t:|1783806532\n|-terastallize|p2a: Quagsire|Steel\n|move|p1a: Maushold|Tidy Up|p1a: Maushold\n|-boost|p1a: Maushold|atk|1\n|-boost|p1a: Maushold|spe|1\n|move|p2a: Quagsire|Toxic|p1a: Maushold\n|-status|p1a: Maushold|tox\n|\n|-heal|p2a: Quagsire|73/100|[from] item: Leftovers\n|-damage|p1a: Maushold|94/100 tox|[from] psn\n|upkeep\n|turn|16\n|\n|t:|1783806544\n|move|p1a: Maushold|Low Kick|p2a: Quagsire\n|-supereffective|p2a: Quagsire\n|-damage|p2a: Quagsire|46/100\n|move|p2a: Quagsire|Recover|p2a: Quagsire\n|-heal|p2a: Quagsire|96/100\n|\n|-heal|p2a: Quagsire|100/100|[from] item: Leftovers\n|-damage|p1a: Maushold|82/100 tox|[from] psn\n|upkeep\n|turn|17\n|\n|t:|1783806556\n|move|p1a: Maushold|Population Bomb|p2a: Quagsire\n|-resisted|p2a: Quagsire\n|-damage|p2a: Quagsire|97/100\n|-resisted|p2a: Quagsire\n|-damage|p2a: Quagsire|93/100\n|-resisted|p2a: Quagsire\n|-damage|p2a: Quagsire|89/100\n|-resisted|p2a: Quagsire\n|-damage|p2a: Quagsire|85/100\n|-resisted|p2a: Quagsire\n|-damage|p2a: Quagsire|81/100\n|-resisted|p2a: Quagsire\n|-damage|p2a: Quagsire|77/100\n|-resisted|p2a: Quagsire\n|-damage|p2a: Quagsire|73/100\n|-resisted|p2a: Quagsire\n|-damage|p2a: Quagsire|69/100\n|-resisted|p2a: Quagsire\n|-damage|p2a: Quagsire|65/100\n|-resisted|p2a: Quagsire\n|-crit|p2a: Quagsire\n|-damage|p2a: Quagsire|60/100\n|-hitcount|p2a: Quagsire|10\n|move|p2a: Quagsire|Liquidation|p1a: Maushold\n|-damage|p1a: Maushold|39/100 tox\n|\n|-heal|p2a: Quagsire|66/100|[from] item: Leftovers\n|-damage|p1a: Maushold|20/100 tox|[from] psn\n|upkeep\n|turn|18\n|inactive|Amromeoo has 90 seconds left.\n|\n|t:|1783806580\n|move|p1a: Maushold|Low Kick|p2a: Quagsire\n|-supereffective|p2a: Quagsire\n|-damage|p2a: Quagsire|41/100\n|move|p2a: Quagsire|Recover|p2a: Quagsire\n|-heal|p2a: Quagsire|91/100\n|\n|-heal|p2a: Quagsire|97/100|[from] item: Leftovers\n|-damage|p1a: Maushold|0 fnt|[from] psn\n|faint|p1a: Maushold\n|upkeep\n|inactive|Amromeoo has 60 seconds left.\n|l|☆Amromeoo\n|inactive|Amromeoo disconnected and has a minute to reconnect!\n|player|p1|\n|inactive|Amromeoo has 30 seconds to reconnect!\n|inactive|Amromeoo has 20 seconds to reconnect!\n|inactive|Amromeoo has 15 seconds to reconnect!\n|inactive|Amromeoo has 10 seconds to reconnect!\n|inactive|Amromeoo has 5 seconds to reconnect!\n|-message|Amromeoo lost due to inactivity.\n|\n|win|cozyprincemshroom\n|raw|Amromeoo's rating: 1126 &rarr; <strong>1101</strong><br />(-25 for losing)\n|raw|cozyprincemshroom's rating: 1123 &rarr; <strong>1148</strong><br />(+25 for winning)\n|l|☆cozyprincemshroom\n|player|p2|\n", "uploadtime": 1783807041, "views": 3, "formatid": "gen9ou", "rating": 1101, "private": 0, "password": null}