{"id": "gen9ou-2639223777", "format": "[Gen 9] OU", "players": ["littlesisterbitch", "Mice X Family"], "log": "|j|☆littlesisterbitch\n|j|☆Mice X Family\n|inactive|Battle timer is ON: inactive players will automatically lose when time's up.\n|t:|1782436613\n|gametype|singles\n|player|p1|littlesisterbitch|acerola|\n|player|p2|Mice X Family|serena-masters3|\n|gen|9\n|tier|[Gen 9] OU\n|rated|Tournament battle\n|rule|HP Percentage Mod: HP is shown in percentages\n|rule|Endless Battle Clause: Forcing endless battles is banned\n|rule|Species Clause: Limit one of each Pokémon\n|rule|OHKO Clause: OHKO moves are banned\n|rule|Evasion Items Clause: Evasion items are banned\n|rule|Evasion Moves Clause: Evasion moves are banned\n|rule|Evasion Abilities Clause: Evasion abilities are banned\n|rule|Sleep Moves Clause: Sleep-inducing moves are banned\n|clearpoke\n|poke|p1|Dragapult, F|\n|poke|p1|Primarina, F|\n|poke|p1|Iron Crown|\n|poke|p1|Samurott-Hisui, F|\n|poke|p1|Kingambit, F|\n|poke|p1|Landorus-Therian, M|\n|poke|p2|Kyurem|\n|poke|p2|Slowking-Galar, F|\n|poke|p2|Kingambit, M|\n|poke|p2|Hatterene, F|\n|poke|p2|Great Tusk|\n|poke|p2|Tornadus-Therian, M|\n|teampreview\n|\n|t:|1782436625\n|teamsize|p1|6\n|teamsize|p2|6\n|start\n|switch|p1a: Dragapult|Dragapult, F|100/100\n|switch|p2a: Hatterene|Hatterene, F|100/100\n|turn|1\n|\n|t:|1782436632\n|switch|p2a: Tornadus|Tornadus-Therian, M|100/100\n|-terastallize|p1a: Dragapult|Ghost\n|move|p1a: Dragapult|Astonish|p2a: Tornadus\n|-damage|p2a: Tornadus|32/100\n|\n|upkeep\n|turn|2\n|\n|t:|1782436638\n|switch|p2a: Kingambit|Kingambit, M|100/100\n|move|p1a: Dragapult|Astonish|p2a: Kingambit\n|-resisted|p2a: Kingambit\n|-damage|p2a: Kingambit|75/100\n|\n|-heal|p2a: Kingambit|81/100|[from] item: Leftovers\n|upkeep\n|turn|3\n|\n|t:|1782436643\n|switch|p1a: Landorus|Landorus-Therian, M|100/100\n|-ability|p1a: Landorus|Intimidate|boost\n|-unboost|p2a: Kingambit|atk|1\n|move|p2a: Kingambit|Swords Dance|p2a: Kingambit\n|-boost|p2a: Kingambit|atk|2\n|\n|-heal|p2a: Kingambit|87/100|[from] item: Leftovers\n|upkeep\n|turn|4\n|\n|t:|1782436648\n|-end|p2a: Kingambit|fallenundefined|[silent]\n|switch|p2a: Hatterene|Hatterene, F|100/100\n|move|p1a: Landorus|Earth Power|p2a: Hatterene\n|-damage|p2a: Hatterene|67/100\n|\n|-heal|p2a: Hatterene|73/100|[from] item: Leftovers\n|upkeep\n|turn|5\n|\n|t:|1782436652\n|move|p1a: Landorus|U-turn|p2a: Hatterene\n|-damage|p2a: Hatterene|55/100\n|\n|t:|1782436655\n|switch|p1a: Kingambit|Kingambit, F|100/100|[from] U-turn\n|move|p2a: Hatterene|Draining Kiss|p1a: Kingambit\n|-damage|p1a: Kingambit|78/100\n|-heal|p2a: Hatterene|75/100|[from] drain|[of] p1a: Kingambit\n|\n|-heal|p1a: Kingambit|84/100|[from] item: Leftovers\n|-heal|p2a: Hatterene|81/100|[from] item: Leftovers\n|upkeep\n|turn|6\n|\n|t:|1782436661\n|switch|p2a: Kingambit|Kingambit, M|87/100\n|move|p1a: Kingambit|Iron Head|p2a: Kingambit\n|-resisted|p2a: Kingambit\n|-damage|p2a: Kingambit|67/100\n|\n|-heal|p2a: Kingambit|73/100|[from] item: Leftovers\n|-heal|p1a: Kingambit|90/100|[from] item: Leftovers\n|upkeep\n|turn|7\n|\n|t:|1782436669\n|-end|p1a: Kingambit|fallenundefined|[silent]\n|switch|p1a: Landorus|Landorus-Therian, M|100/100\n|-ability|p1a: Landorus|Intimidate|boost\n|-unboost|p2a: Kingambit|atk|1\n|move|p2a: Kingambit|Low Kick|p1a: Landorus\n|-resisted|p1a: Landorus\n|-damage|p1a: Landorus|94/100\n|-damage|p2a: Kingambit|57/100|[from] item: Rocky Helmet|[of] p1a: Landorus\n|\n|-heal|p2a: Kingambit|63/100|[from] item: Leftovers\n|upkeep\n|turn|8\n|\n|t:|1782436673\n|-end|p2a: Kingambit|fallenundefined|[silent]\n|switch|p2a: Hatterene|Hatterene, F|81/100\n|move|p1a: Landorus|U-turn|p2a: Hatterene\n|-damage|p2a: Hatterene|64/100\n|\n|t:|1782436676\n|switch|p1a: Iron Crown|Iron Crown|100/100|[from] U-turn\n|\n|-heal|p2a: Hatterene|70/100|[from] item: Leftovers\n|upkeep\n|turn|9\n|\n|t:|1782436680\n|switch|p2a: Tornadus|Tornadus-Therian, M|65/100\n|move|p1a: Iron Crown|Volt Switch|p2a: Tornadus\n|-supereffective|p2a: Tornadus\n|-damage|p2a: Tornadus|31/100\n|\n|t:|1782436682\n|-end|p1a: Iron Crown|Quark Drive|[silent]\n|switch|p1a: Dragapult|Dragapult, F, tera:Ghost|100/100|[from] Volt Switch\n|\n|upkeep\n|turn|10\n|\n|t:|1782436686\n|switch|p2a: Kingambit|Kingambit, M|63/100\n|move|p1a: Dragapult|Astonish|p2a: Kingambit\n|-resisted|p2a: Kingambit\n|-damage|p2a: Kingambit|38/100\n|\n|-heal|p2a: Kingambit|44/100|[from] item: Leftovers\n|upkeep\n|turn|11\n|\n|t:|1782436690\n|switch|p1a: Landorus|Landorus-Therian, M|94/100\n|-ability|p1a: Landorus|Intimidate|boost\n|-unboost|p2a: Kingambit|atk|1\n|-end|p2a: Kingambit|fallenundefined|[silent]\n|switch|p2a: Kyurem|Kyurem|100/100\n|-ability|p2a: Kyurem|Pressure\n|\n|upkeep\n|turn|12\n|\n|t:|1782436696\n|switch|p1a: Iron Crown|Iron Crown|100/100\n|move|p2a: Kyurem|Earth Power|p1a: Iron Crown\n|-supereffective|p1a: Iron Crown\n|-damage|p1a: Iron Crown|38/100\n|-unboost|p1a: Iron Crown|spd|1\n|\n|upkeep\n|turn|13\n|\n|t:|1782436701\n|switch|p2a: Great Tusk|Great Tusk|100/100\n|move|p1a: Iron Crown|Tachyon Cutter|p2a: Great Tusk\n|-damage|p2a: Great Tusk|62/100\n|-damage|p2a: Great Tusk|25/100\n|-hitcount|p2a: Great Tusk|2\n|\n|upkeep\n|turn|14\n|\n|t:|1782436707\n|move|p2a: Great Tusk|Close Combat|p1a: Iron Crown\n|-damage|p1a: Iron Crown|0 fnt\n|-unboost|p2a: Great Tusk|def|1\n|-unboost|p2a: Great Tusk|spd|1\n|faint|p1a: Iron Crown\n|-end|p1a: Iron Crown|Quark Drive|[silent]\n|\n|upkeep\n|\n|t:|1782436712\n|switch|p1a: Dragapult|Dragapult, F, tera:Ghost|100/100\n|turn|15\n|\n|t:|1782436716\n|-end|p2a: Great Tusk|Protosynthesis|[silent]\n|switch|p2a: Kingambit|Kingambit, M|44/100\n|move|p1a: Dragapult|U-turn|p2a: Kingambit\n|-damage|p2a: Kingambit|17/100\n|\n|t:|1782436719\n|switch|p1a: Landorus|Landorus-Therian, M|94/100|[from] U-turn\n|-ability|p1a: Landorus|Intimidate|boost\n|-unboost|p2a: Kingambit|atk|1\n|\n|-heal|p2a: Kingambit|23/100|[from] item: Leftovers\n|upkeep\n|turn|16\n|\n|t:|1782436731\n|-end|p2a: Kingambit|fallenundefined|[silent]\n|switch|p2a: Tornadus|Tornadus-Therian, M|64/100\n|move|p1a: Landorus|U-turn|p2a: Tornadus\n|-resisted|p2a: Tornadus\n|-damage|p2a: Tornadus|52/100\n|\n|t:|1782436733\n|switch|p1a: Dragapult|Dragapult, F, tera:Ghost|100/100|[from] U-turn\n|\n|upkeep\n|turn|17\n|\n|t:|1782436742\n|switch|p2a: Great Tusk|Great Tusk|25/100\n|move|p1a: Dragapult|Astonish|p2a: Great Tusk\n|-damage|p2a: Great Tusk|0 fnt\n|faint|p2a: Great Tusk\n|-end|p2a: Great Tusk|Protosynthesis|[silent]\n|\n|upkeep\n|\n|t:|1782436747\n|switch|p2a: Kyurem|Kyurem|100/100\n|-ability|p2a: Kyurem|Pressure\n|turn|18\n|\n|t:|1782436754\n|move|p1a: Dragapult|Astonish|p2a: Kyurem\n|-damage|p2a: Kyurem|48/100\n|cant|p2a: Kyurem|flinch\n|\n|upkeep\n|turn|19\n|\n|t:|1782436763\n|switch|p2a: Kingambit|Kingambit, M|23/100\n|-activate|p2a: Kingambit|ability: Supreme Overlord\n|-start|p2a: Kingambit|fallen1|[silent]\n|move|p1a: Dragapult|Astonish|p2a: Kingambit\n|-resisted|p2a: Kingambit\n|-damage|p2a: Kingambit|0 fnt\n|faint|p2a: Kingambit\n|-end|p2a: Kingambit|fallen1|[silent]\n|\n|upkeep\n|\n|t:|1782436766\n|switch|p2a: Slowking|Slowking-Galar, F|100/100\n|turn|20\n|\n|t:|1782436769\n|-terastallize|p2a: Slowking|Water\n|move|p1a: Dragapult|Astonish|p2a: Slowking\n|-damage|p2a: Slowking|56/100\n|move|p2a: Slowking|Trick|p1a: Dragapult\n|-activate|p2a: Slowking|move: Trick|[of] p1a: Dragapult\n|-item|p1a: Dragapult|Black Sludge|[from] move: Trick\n|-item|p2a: Slowking|Choice Band|[from] move: Trick\n|\n|-damage|p1a: Dragapult|88/100|[from] item: Black Sludge\n|upkeep\n|turn|21\n|\n|t:|1782436775\n|move|p1a: Dragapult|Astonish|p2a: Slowking\n|-damage|p2a: Slowking|26/100\n|-prepare|p2a: Slowking|Chilly Reception|[premajor]\n|move|p2a: Slowking|Chilly Reception|p2a: Slowking\n|-weather|Snowscape\n|\n|t:|1782436778\n|switch|p2a: Tornadus|Tornadus-Therian, M|85/100|[from] Chilly Reception\n|\n|-weather|Snowscape|[upkeep]\n|-damage|p1a: Dragapult|76/100|[from] item: Black Sludge\n|upkeep\n|turn|22\n|\n|t:|1782436781\n|move|p1a: Dragapult|U-turn|p2a: Tornadus\n|-resisted|p2a: Tornadus\n|-damage|p2a: Tornadus|71/100\n|\n|t:|1782436785\n|switch|p1a: Landorus|Landorus-Therian, M|94/100|[from] U-turn\n|-ability|p1a: Landorus|Intimidate|boost\n|-unboost|p2a: Tornadus|atk|1\n|move|p2a: Tornadus|Knock Off|p1a: Landorus\n|-damage|p1a: Landorus|84/100\n|-damage|p2a: Tornadus|55/100|[from] item: Rocky Helmet|[of] p1a: Landorus\n|-enditem|p1a: Landorus|Rocky Helmet|[from] move: Knock Off|[of] p2a: Tornadus\n|\n|-weather|Snowscape|[upkeep]\n|upkeep\n|turn|23\n|\n|t:|1782436801\n|move|p2a: Tornadus|U-turn|p1a: Landorus\n|-resisted|p1a: Landorus\n|-damage|p1a: Landorus|80/100\n|\n|t:|1782436803\n|switch|p2a: Hatterene|Hatterene, F|70/100|[from] U-turn\n|move|p1a: Landorus|U-turn|p2a: Hatterene\n|-damage|p2a: Hatterene|54/100\n|\n|t:|1782436826\n|switch|p1a: Kingambit|Kingambit, F|90/100|[from] U-turn\n|-activate|p1a: Kingambit|ability: Supreme Overlord\n|-start|p1a: Kingambit|fallen1|[silent]\n|\n|-weather|Snowscape|[upkeep]\n|-heal|p1a: Kingambit|97/100|[from] item: Leftovers\n|-heal|p2a: Hatterene|60/100|[from] item: Leftovers\n|upkeep\n|turn|24\n|\n|t:|1782436831\n|move|p1a: Kingambit|Iron Head|p2a: Hatterene\n|-supereffective|p2a: Hatterene\n|-damage|p2a: Hatterene|0 fnt\n|faint|p2a: Hatterene\n|\n|-weather|Snowscape|[upkeep]\n|-heal|p1a: Kingambit|100/100|[from] item: Leftovers\n|upkeep\n|-message|Mice X Family forfeited.\n|\n|win|littlesisterbitch\n|n|☆littlesisterbitch|littlesisterbitch\n|n|☆Mice X Family|micexfamily\n|l|☆Mice X Family\n|player|p2|\n", "uploadtime": 1782436843, "views": 20, "formatid": "gen9ou", "rating": null, "private": 0, "password": null}