{"id": "gen9ou-2647750315", "format": "[Gen 9] OU", "players": ["stephensmiranda94", "Halloworlditsme"], "log": "|j|☆stephensmiranda94\n|j|☆Halloworlditsme\n|t:|1783806273\n|gametype|singles\n|player|p1|stephensmiranda94|170|1093\n|player|p2|Halloworlditsme|cheryl|1088\n|gen|9\n|tier|[Gen 9] OU\n|rated|\n|rule|HP Percentage Mod: HP is shown in percentages\n|rule|Endless Battle Clause: Forcing endless battles is banned\n|rule|Species Clause: Limit one of each Pokémon\n|rule|OHKO Clause: OHKO moves are banned\n|rule|Evasion Items Clause: Evasion items are banned\n|rule|Evasion Moves Clause: Evasion moves are banned\n|rule|Evasion Abilities Clause: Evasion abilities are banned\n|rule|Sleep Moves Clause: Sleep-inducing moves are banned\n|clearpoke\n|poke|p1|Great Tusk|\n|poke|p1|Gholdengo|\n|poke|p1|Gliscor, F|\n|poke|p1|Kingambit, M|\n|poke|p1|Toxapex, F|\n|poke|p1|Dragapult, F|\n|poke|p2|Decidueye-Hisui, F|\n|poke|p2|Weezing-Galar, M|\n|poke|p2|Zapdos|\n|poke|p2|Kyurem|\n|poke|p2|Ogerpon-Wellspring, F|\n|poke|p2|Persian-Alola, F|\n|teampreview\n|inactive|Battle timer is ON: inactive players will automatically lose when time's up. (requested by Halloworlditsme)\n|\n|t:|1783806277\n|teamsize|p1|6\n|teamsize|p2|6\n|start\n|switch|p1a: Toxapex|Toxapex, F|100/100\n|switch|p2a: Persian|Persian-Alola, F|100/100\n|turn|1\n|\n|t:|1783806283\n|move|p2a: Persian|Switcheroo|p1a: Toxapex\n|-activate|p2a: Persian|move: Trick|[of] p1a: Toxapex\n|-item|p1a: Toxapex|Choice Scarf|[from] move: Switcheroo\n|-item|p2a: Persian|Black Sludge|[from] move: Switcheroo\n|move|p1a: Toxapex|Toxic|p2a: Persian\n|-status|p2a: Persian|tox\n|\n|-damage|p2a: Persian|88/100 tox|[from] item: Black Sludge\n|-damage|p2a: Persian|82/100 tox|[from] psn\n|upkeep\n|turn|2\n|\n|t:|1783806303\n|move|p2a: Persian|Parting Shot|p1a: Toxapex\n|-unboost|p1a: Toxapex|atk|1\n|-unboost|p1a: Toxapex|spa|1\n|\n|t:|1783806305\n|switch|p2a: Weezing|Weezing-Galar, M|100/100|[from] Parting Shot\n|-ability|p2a: Weezing|Neutralizing Gas\n|move|p1a: Toxapex|Toxic|p2a: Weezing\n|-immune|p2a: Weezing\n|\n|upkeep\n|turn|3\n|\n|t:|1783806314\n|switch|p1a: Gliscor|Gliscor, F|100/100\n|move|p2a: Weezing|Will-O-Wisp|p1a: Gliscor\n|-status|p1a: Gliscor|brn\n|\n|-damage|p1a: Gliscor|94/100 brn|[from] brn\n|upkeep\n|turn|4\n|\n|t:|1783806323\n|-end|p2a: Weezing|ability: Neutralizing Gas\n|switch|p2a: Persian|Persian-Alola, F|82/100 tox\n|move|p1a: Gliscor|U-turn|p2a: Persian\n|-supereffective|p2a: Persian\n|-damage|p2a: Persian|71/100 tox\n|\n|t:|1783806333\n|switch|p1a: Dragapult|Dragapult, F|100/100|[from] U-turn\n|\n|-damage|p2a: Persian|59/100 tox|[from] item: Black Sludge\n|-damage|p2a: Persian|53/100 tox|[from] psn\n|upkeep\n|turn|5\n|\n|t:|1783806342\n|switch|p1a: Toxapex|Toxapex, F|100/100\n|move|p2a: Persian|Knock Off|p1a: Toxapex\n|-damage|p1a: Toxapex|86/100\n|-enditem|p1a: Toxapex|Choice Scarf|[from] move: Knock Off|[of] p2a: Persian\n|\n|-damage|p2a: Persian|40/100 tox|[from] item: Black Sludge\n|-damage|p2a: Persian|28/100 tox|[from] psn\n|upkeep\n|turn|6\n|\n|t:|1783806353\n|move|p2a: Persian|Endeavor|p1a: Toxapex\n|-damage|p1a: Toxapex|27/100\n|move|p1a: Toxapex|Surf|p2a: Persian\n|-damage|p2a: Persian|0 fnt\n|faint|p2a: Persian\n|\n|upkeep\n|\n|t:|1783806359\n|switch|p2a: Decidueye|Decidueye-Hisui, F|100/100\n|turn|7\n|\n|t:|1783806365\n|switch|p1a: Dragapult|Dragapult, F|100/100\n|move|p2a: Decidueye|Swords Dance|p2a: Decidueye\n|-boost|p2a: Decidueye|atk|2\n|\n|upkeep\n|turn|8\n|\n|t:|1783806375\n|move|p1a: Dragapult|Will-O-Wisp|p2a: Decidueye\n|-status|p2a: Decidueye|brn\n|move|p2a: Decidueye|Triple Arrows|p1a: Dragapult\n|-damage|p1a: Dragapult|43/100\n|-unboost|p1a: Dragapult|def|1\n|\n|-damage|p2a: Decidueye|95/100 brn|[from] brn\n|upkeep\n|turn|9\n|\n|t:|1783806386\n|switch|p1a: Toxapex|Toxapex, F|60/100\n|move|p2a: Decidueye|Shadow Sneak|p1a: Toxapex\n|-damage|p1a: Toxapex|52/100\n|\n|-damage|p2a: Decidueye|89/100 brn|[from] brn\n|upkeep\n|turn|10\n|\n|t:|1783806394\n|move|p2a: Decidueye|Swords Dance|p2a: Decidueye\n|-boost|p2a: Decidueye|atk|2\n|move|p1a: Toxapex|Recover|p1a: Toxapex\n|-heal|p1a: Toxapex|100/100\n|\n|-damage|p2a: Decidueye|83/100 brn|[from] brn\n|upkeep\n|turn|11\n|\n|t:|1783806402\n|move|p2a: Decidueye|Trailblaze|p1a: Toxapex\n|-damage|p1a: Toxapex|78/100\n|-boost|p2a: Decidueye|spe|1\n|move|p1a: Toxapex|Haze|p1a: Toxapex\n|-clearallboost\n|\n|-damage|p2a: Decidueye|77/100 brn|[from] brn\n|upkeep\n|turn|12\n|\n|t:|1783806413\n|switch|p2a: Weezing|Weezing-Galar, M|100/100\n|-ability|p2a: Weezing|Neutralizing Gas\n|switch|p1a: Gliscor|Gliscor, F|94/100 brn\n|\n|-damage|p1a: Gliscor|88/100 brn|[from] brn\n|upkeep\n|turn|13\n|\n|t:|1783806422\n|-end|p2a: Weezing|ability: Neutralizing Gas\n|switch|p2a: Zapdos|Zapdos|100/100\n|move|p1a: Gliscor|Earthquake|p2a: Zapdos\n|-immune|p2a: Zapdos\n|\n|-damage|p1a: Gliscor|82/100 brn|[from] brn\n|upkeep\n|turn|14\n|\n|t:|1783806431\n|move|p2a: Zapdos|Hurricane|p1a: Gliscor\n|-damage|p1a: Gliscor|25/100 brn\n|move|p1a: Gliscor|Toxic|p2a: Zapdos\n|-status|p2a: Zapdos|tox\n|\n|-damage|p2a: Zapdos|94/100 tox|[from] psn\n|-damage|p1a: Gliscor|19/100 brn|[from] brn\n|upkeep\n|turn|15\n|\n|t:|1783806441\n|switch|p2a: Weezing|Weezing-Galar, M|100/100\n|-ability|p2a: Weezing|Neutralizing Gas\n|switch|p1a: Toxapex|Toxapex, F|78/100\n|\n|upkeep\n|turn|16\n|\n|t:|1783806449\n|switch|p1a: Great Tusk|Great Tusk|100/100\n|move|p2a: Weezing|Will-O-Wisp|p1a: Great Tusk\n|-status|p1a: Great Tusk|brn\n|\n|-damage|p1a: Great Tusk|94/100 brn|[from] brn\n|upkeep\n|turn|17\n|\n|t:|1783806458\n|-end|p2a: Weezing|ability: Neutralizing Gas\n|switch|p2a: Zapdos|Zapdos|94/100 tox\n|move|p1a: Great Tusk|Stealth Rock|p2a: Zapdos\n|-sidestart|p2: Halloworlditsme|move: Stealth Rock\n|\n|-damage|p2a: Zapdos|88/100 tox|[from] psn\n|-damage|p1a: Great Tusk|88/100 brn|[from] brn\n|upkeep\n|turn|18\n|\n|t:|1783806469\n|-end|p1a: Great Tusk|Protosynthesis|[silent]\n|switch|p1a: Gliscor|Gliscor, F|19/100 brn\n|move|p2a: Zapdos|Hurricane|p1a: Gliscor\n|-damage|p1a: Gliscor|0 fnt\n|faint|p1a: Gliscor\n|\n|-damage|p2a: Zapdos|75/100 tox|[from] psn\n|upkeep\n|\n|t:|1783806485\n|switch|p1a: Dragapult|Dragapult, F|43/100\n|turn|19\n|\n|t:|1783806490\n|move|p1a: Dragapult|Draco Meteor|p2a: Zapdos\n|-damage|p2a: Zapdos|23/100 tox\n|-unboost|p1a: Dragapult|spa|2\n|move|p2a: Zapdos|Hurricane|p1a: Dragapult\n|-damage|p1a: Dragapult|0 fnt\n|faint|p1a: Dragapult\n|\n|-damage|p2a: Zapdos|4/100 tox|[from] psn\n|upkeep\n|\n|t:|1783806502\n|switch|p1a: Kingambit|Kingambit, M|100/100\n|-activate|p1a: Kingambit|ability: Supreme Overlord\n|-start|p1a: Kingambit|fallen2|[silent]\n|turn|20\n|\n|t:|1783806506\n|move|p1a: Kingambit|Sucker Punch|p2a: Zapdos\n|-damage|p2a: Zapdos|0 fnt\n|faint|p2a: Zapdos\n|\n|upkeep\n|\n|t:|1783806512\n|switch|p2a: Decidueye|Decidueye-Hisui, F|77/100 brn\n|-damage|p2a: Decidueye|71/100 brn|[from] Stealth Rock\n|turn|21\n|\n|t:|1783806518\n|-end|p1a: Kingambit|fallen2|[silent]\n|switch|p1a: Great Tusk|Great Tusk|88/100 brn\n|move|p2a: Decidueye|Triple Arrows|p1a: Great Tusk\n|-crit|p1a: Great Tusk\n|-damage|p1a: Great Tusk|74/100 brn\n|\n|-damage|p2a: Decidueye|65/100 brn|[from] brn\n|-damage|p1a: Great Tusk|68/100 brn|[from] brn\n|upkeep\n|turn|22\n|\n|t:|1783806528\n|move|p2a: Decidueye|Swords Dance|p2a: Decidueye\n|-boost|p2a: Decidueye|atk|2\n|move|p1a: Great Tusk|Rapid Spin|p2a: Decidueye\n|-damage|p2a: Decidueye|56/100 brn\n|-boost|p1a: Great Tusk|spe|1\n|\n|-damage|p1a: Great Tusk|61/100 brn|[from] brn\n|-damage|p2a: Decidueye|50/100 brn|[from] brn\n|upkeep\n|turn|23\n|\n|t:|1783806539\n|move|p2a: Decidueye|Shadow Sneak|p1a: Great Tusk\n|-damage|p1a: Great Tusk|55/100 brn\n|move|p1a: Great Tusk|Earthquake|p2a: Decidueye\n|-resisted|p2a: Decidueye\n|-damage|p2a: Decidueye|35/100 brn\n|\n|-damage|p1a: Great Tusk|48/100 brn|[from] brn\n|-damage|p2a: Decidueye|29/100 brn|[from] brn\n|upkeep\n|turn|24\n|\n|t:|1783806548\n|move|p1a: Great Tusk|Knock Off|p2a: Decidueye\n|-resisted|p2a: Decidueye\n|-damage|p2a: Decidueye|19/100 brn\n|-enditem|p2a: Decidueye|Spell Tag|[from] move: Knock Off|[of] p1a: Great Tusk\n|move|p2a: Decidueye|Triple Arrows|p1a: Great Tusk\n|-damage|p1a: Great Tusk|29/100 brn\n|-unboost|p1a: Great Tusk|def|1\n|\n|-damage|p1a: Great Tusk|22/100 brn|[from] brn\n|-damage|p2a: Decidueye|13/100 brn|[from] brn\n|upkeep\n|turn|25\n|\n|t:|1783806559\n|move|p1a: Great Tusk|Rapid Spin|p2a: Decidueye\n|-damage|p2a: Decidueye|4/100 brn\n|-boost|p1a: Great Tusk|spe|1\n|move|p2a: Decidueye|Triple Arrows|p1a: Great Tusk\n|-damage|p1a: Great Tusk|0 fnt\n|faint|p1a: Great Tusk\n|-end|p1a: Great Tusk|Protosynthesis|[silent]\n|\n|-damage|p2a: Decidueye|0 fnt|[from] brn\n|faint|p2a: Decidueye\n|upkeep\n|\n|t:|1783806570\n|switch|p2a: Weezing|Weezing-Galar, M|100/100\n|switch|p1a: Toxapex|Toxapex, F|78/100\n|-ability|p2a: Weezing|Neutralizing Gas\n|-damage|p2a: Weezing|88/100|[from] Stealth Rock\n|turn|26\n|\n|t:|1783806582\n|move|p2a: Weezing|Defog|p1a: Toxapex\n|-unboost|p1a: Toxapex|evasion|1\n|-sideend|p2: Halloworlditsme|Stealth Rock|[from] move: Defog|[of] p2a: Weezing\n|move|p1a: Toxapex|Surf|p2a: Weezing\n|-damage|p2a: Weezing|66/100\n|\n|-heal|p2a: Weezing|72/100|[from] item: Leftovers\n|upkeep\n|turn|27\n|\n|t:|1783806593\n|switch|p1a: Kingambit|Kingambit, M|100/100\n|move|p2a: Weezing|Will-O-Wisp|p1a: Kingambit|[miss]\n|-miss|p2a: Weezing|p1a: Kingambit\n|\n|-heal|p2a: Weezing|78/100|[from] item: Leftovers\n|upkeep\n|turn|28\n|\n|t:|1783806602\n|-end|p1a: Kingambit|fallenundefined|[silent]\n|switch|p1a: Gholdengo|Gholdengo|100/100\n|move|p2a: Weezing|Will-O-Wisp|p1a: Gholdengo\n|-status|p1a: Gholdengo|brn\n|\n|-heal|p2a: Weezing|84/100|[from] item: Leftovers\n|-damage|p1a: Gholdengo|94/100 brn|[from] brn\n|upkeep\n|turn|29\n|\n|t:|1783806619\n|move|p1a: Gholdengo|Nasty Plot|p1a: Gholdengo\n|-boost|p1a: Gholdengo|spa|2\n|move|p2a: Weezing|Will-O-Wisp|p1a: Gholdengo|[miss]\n|-miss|p2a: Weezing|p1a: Gholdengo\n|\n|-heal|p1a: Gholdengo|100/100 brn|[from] item: Leftovers\n|-heal|p2a: Weezing|90/100|[from] item: Leftovers\n|-damage|p1a: Gholdengo|94/100 brn|[from] brn\n|upkeep\n|turn|30\n|\n|t:|1783806634\n|move|p1a: Gholdengo|Nasty Plot|p1a: Gholdengo\n|-boost|p1a: Gholdengo|spa|2\n|move|p2a: Weezing|Defog|p1a: Gholdengo\n|-unboost|p1a: Gholdengo|evasion|1\n|\n|-heal|p1a: Gholdengo|100/100 brn|[from] item: Leftovers\n|-heal|p2a: Weezing|96/100|[from] item: Leftovers\n|-damage|p1a: Gholdengo|94/100 brn|[from] brn\n|upkeep\n|turn|31\n|\n|t:|1783806647\n|move|p1a: Gholdengo|Shadow Ball|p2a: Weezing\n|-damage|p2a: Weezing|0 fnt\n|faint|p2a: Weezing\n|-end|p2a: Weezing|ability: Neutralizing Gas\n|\n|-heal|p1a: Gholdengo|100/100 brn|[from] item: Leftovers\n|-damage|p1a: Gholdengo|94/100 brn|[from] brn\n|upkeep\n|\n|t:|1783806649\n|switch|p2a: Kyurem|Kyurem|100/100\n|-ability|p2a: Kyurem|Pressure\n|turn|32\n|\n|t:|1783806663\n|-terastallize|p2a: Kyurem|Ground\n|move|p2a: Kyurem|Earth Power|p1a: Gholdengo\n|-supereffective|p1a: Gholdengo\n|-damage|p1a: Gholdengo|0 fnt\n|faint|p1a: Gholdengo\n|\n|upkeep\n|\n|t:|1783806671\n|switch|p1a: Kingambit|Kingambit, M|100/100\n|-activate|p1a: Kingambit|ability: Supreme Overlord\n|-start|p1a: Kingambit|fallen4|[silent]\n|turn|33\n|\n|t:|1783806679\n|switch|p2a: Ogerpon|Ogerpon-Wellspring, F|100/100\n|-terastallize|p1a: Kingambit|Dark\n|move|p1a: Kingambit|Kowtow Cleave|p2a: Ogerpon\n|-damage|p2a: Ogerpon|0 fnt\n|faint|p2a: Ogerpon\n|\n|upkeep\n|\n|t:|1783806683\n|switch|p2a: Kyurem|Kyurem, tera:Ground|100/100\n|-ability|p2a: Kyurem|Pressure\n|turn|34\n|\n|t:|1783806693\n|move|p1a: Kingambit|Sucker Punch|p2a: Kyurem\n|-damage|p2a: Kyurem|8/100\n|move|p2a: Kyurem|Earth Power|p1a: Kingambit\n|-damage|p1a: Kingambit|51/100\n|\n|upkeep\n|turn|35\n|-message|Halloworlditsme forfeited.\n|\n|win|stephensmiranda94\n|raw|stephensmiranda94's rating: 1093 &rarr; <strong>1119</strong><br />(+26 for winning)\n|raw|Halloworlditsme's rating: 1088 &rarr; <strong>1065</strong><br />(-23 for losing)\n|l|☆Halloworlditsme\n|player|p2|\n|l|☆stephensmiranda94\n|player|p1|\n|j|☆stephensmiranda94\n|player|p1|stephensmiranda94|170|\n", "uploadtime": 1783807041, "views": 3, "formatid": "gen9ou", "rating": 1065, "private": 0, "password": null}