{"id": "gen9ou-2639302295", "format": "[Gen 9] OU", "players": ["GooberGary", "Stingrei"], "log": "|j|☆GooberGary\n|j|☆Stingrei\n|t:|1782449021\n|gametype|singles\n|player|p1|GooberGary|169|1309\n|player|p2|Stingrei|2|1271\n|gen|9\n|tier|[Gen 9] OU\n|rated|\n|rule|HP Percentage Mod: HP is shown in percentages\n|rule|Endless Battle Clause: Forcing endless battles is banned\n|rule|Species Clause: Limit one of each Pokémon\n|rule|OHKO Clause: OHKO moves are banned\n|rule|Evasion Items Clause: Evasion items are banned\n|rule|Evasion Moves Clause: Evasion moves are banned\n|rule|Evasion Abilities Clause: Evasion abilities are banned\n|rule|Sleep Moves Clause: Sleep-inducing moves are banned\n|clearpoke\n|poke|p1|Corviknight, F|\n|poke|p1|Clefable, F|\n|poke|p1|Alomomola, M|\n|poke|p1|Clodsire, M|\n|poke|p1|Toxapex, F|\n|poke|p1|Quagsire, M|\n|poke|p2|Regieleki|\n|poke|p2|Raging Bolt|\n|poke|p2|Overqwil, M|\n|poke|p2|Greninja-*, M|\n|poke|p2|Pelipper, M|\n|poke|p2|Iron Treads|\n|teampreview\n|inactive|Battle timer is ON: inactive players will automatically lose when time's up. (requested by GooberGary)\n|\n|t:|1782449034\n|teamsize|p1|6\n|teamsize|p2|6\n|start\n|switch|p1a: Alomomola|Alomomola, M|100/100\n|switch|p2a: Pelipper|Pelipper, M, shiny|100/100\n|-weather|RainDance|[from] ability: Drizzle|[of] p2a: Pelipper\n|turn|1\n|\n|t:|1782449040\n|move|p2a: Pelipper|Knock Off|p1a: Alomomola\n|-damage|p1a: Alomomola|92/100\n|-enditem|p1a: Alomomola|Heavy-Duty Boots|[from] move: Knock Off|[of] p2a: Pelipper\n|move|p1a: Alomomola|Wish|p1a: Alomomola\n|\n|-weather|RainDance|[upkeep]\n|upkeep\n|turn|2\n|\n|t:|1782449056\n|switch|p1a: Clodsire|Clodsire, M|100/100\n|move|p2a: Pelipper|Hurricane|p1a: Clodsire\n|-damage|p1a: Clodsire|73/100\n|\n|-weather|RainDance|[upkeep]\n|-heal|p1a: Clodsire|100/100|[from] move: Wish|[wisher] Alomomola\n|upkeep\n|turn|3\n|\n|t:|1782449077\n|move|p2a: Pelipper|Knock Off|p1a: Clodsire\n|-damage|p1a: Clodsire|87/100\n|-enditem|p1a: Clodsire|Heavy-Duty Boots|[from] move: Knock Off|[of] p2a: Pelipper\n|move|p1a: Clodsire|Toxic|p2a: Pelipper\n|-status|p2a: Pelipper|tox\n|\n|-weather|RainDance|[upkeep]\n|-damage|p2a: Pelipper|94/100 tox|[from] psn\n|upkeep\n|turn|4\n|\n|t:|1782449086\n|move|p2a: Pelipper|U-turn|p1a: Clodsire\n|-resisted|p1a: Clodsire\n|-damage|p1a: Clodsire|83/100\n|inactive|Stingrei has 120 seconds left.\n|\n|t:|1782449114\n|switch|p2a: Greninja|Greninja, M|100/100|[from] U-turn\n|move|p1a: Clodsire|Spikes|p2a: Greninja\n|-sidestart|p2: Stingrei|Spikes\n|\n|-weather|RainDance|[upkeep]\n|upkeep\n|turn|5\n|\n|t:|1782449125\n|move|p2a: Greninja|Surf|p1a: Clodsire\n|-supereffective|p1a: Clodsire\n|-damage|p1a: Clodsire|0 fnt\n|faint|p1a: Clodsire\n|-ability|p2a: Greninja|Battle Bond|boost\n|-boost|p2a: Greninja|atk|1\n|-boost|p2a: Greninja|spa|1\n|-boost|p2a: Greninja|spe|1\n|-activate|p2a: Greninja|ability: Battle Bond\n|-damage|p2a: Greninja|91/100|[from] item: Life Orb\n|\n|-weather|RainDance|[upkeep]\n|upkeep\n|\n|t:|1782449131\n|switch|p1a: Quagsire|Quagsire, M|100/100\n|turn|6\n|\n|t:|1782449135\n|move|p2a: Greninja|Taunt|p1a: Quagsire\n|-start|p1a: Quagsire|move: Taunt\n|cant|p1a: Quagsire|move: Taunt|Toxic\n|\n|-weather|RainDance|[upkeep]\n|upkeep\n|turn|7\n|\n|t:|1782449152\n|switch|p1a: Alomomola|Alomomola, M|100/100\n|move|p2a: Greninja|Dark Pulse|p1a: Alomomola\n|-damage|p1a: Alomomola|41/100\n|-damage|p2a: Greninja|81/100|[from] item: Life Orb\n|\n|-weather|RainDance|[upkeep]\n|upkeep\n|turn|8\n|\n|t:|1782449164\n|move|p1a: Alomomola|Protect|p1a: Alomomola\n|-singleturn|p1a: Alomomola|Protect\n|move|p2a: Greninja|Dark Pulse|p1a: Alomomola\n|-activate|p1a: Alomomola|move: Protect\n|\n|-weather|none\n|upkeep\n|turn|9\n|\n|t:|1782449168\n|switch|p1a: Clefable|Clefable, F|100/100\n|move|p2a: Greninja|Dark Pulse|p1a: Clefable\n|-resisted|p1a: Clefable\n|-damage|p1a: Clefable|75/100\n|-damage|p2a: Greninja|71/100|[from] item: Life Orb\n|\n|-heal|p1a: Clefable|81/100|[from] item: Leftovers\n|upkeep\n|turn|10\n|\n|t:|1782449185\n|move|p2a: Greninja|Taunt|p1a: Clefable\n|-start|p1a: Clefable|move: Taunt\n|move|p1a: Clefable|Moonblast|p2a: Greninja\n|-supereffective|p2a: Greninja\n|-damage|p2a: Greninja|0 fnt\n|faint|p2a: Greninja\n|\n|-heal|p1a: Clefable|87/100|[from] item: Leftovers\n|upkeep\n|\n|t:|1782449191\n|switch|p2a: Pelipper|Pelipper, M, shiny|94/100 tox\n|-weather|RainDance|[from] ability: Drizzle|[of] p2a: Pelipper\n|turn|11\n|\n|t:|1782449202\n|switch|p1a: Alomomola|Alomomola, M|74/100\n|move|p2a: Pelipper|Knock Off|p1a: Alomomola\n|-damage|p1a: Alomomola|69/100\n|\n|-weather|RainDance|[upkeep]\n|-damage|p2a: Pelipper|88/100 tox|[from] psn\n|upkeep\n|turn|12\n|\n|t:|1782449208\n|move|p2a: Pelipper|U-turn|p1a: Alomomola\n|-damage|p1a: Alomomola|63/100\n|\n|t:|1782449213\n|switch|p2a: Iron Treads|Iron Treads, shiny|100/100|[from] U-turn\n|-damage|p2a: Iron Treads|88/100|[from] Spikes\n|-enditem|p2a: Iron Treads|Booster Energy\n|-activate|p2a: Iron Treads|ability: Quark Drive|[fromitem]\n|-start|p2a: Iron Treads|quarkdrivespe\n|move|p1a: Alomomola|Wish|p1a: Alomomola\n|\n|-weather|RainDance|[upkeep]\n|upkeep\n|turn|13\n|\n|t:|1782449223\n|move|p2a: Iron Treads|Stealth Rock|p1a: Alomomola\n|-sidestart|p1: GooberGary|move: Stealth Rock\n|move|p1a: Alomomola|Flip Turn|p2a: Iron Treads\n|-supereffective|p2a: Iron Treads\n|-damage|p2a: Iron Treads|45/100\n|\n|t:|1782449230\n|switch|p1a: Corviknight|Corviknight, F|100/100|[from] Flip Turn\n|-ability|p1a: Corviknight|Pressure\n|\n|-weather|RainDance|[upkeep]\n|upkeep\n|turn|14\n|\n|t:|1782449243\n|-end|p2a: Iron Treads|Quark Drive|[silent]\n|switch|p2a: Regieleki|Regieleki, shiny|100/100\n|-damage|p2a: Regieleki|88/100|[from] Spikes\n|move|p1a: Corviknight|Body Press|p2a: Regieleki\n|-damage|p2a: Regieleki|42/100\n|\n|-weather|RainDance|[upkeep]\n|upkeep\n|turn|15\n|\n|t:|1782449260\n|switch|p1a: Quagsire|Quagsire, M|100/100\n|-terastallize|p2a: Regieleki|Normal\n|move|p2a: Regieleki|Hyper Beam|p1a: Quagsire\n|-damage|p1a: Quagsire|0 fnt\n|-mustrecharge|p2a: Regieleki\n|faint|p1a: Quagsire\n|\n|-weather|RainDance|[upkeep]\n|upkeep\n|c|☆Stingrei|w pred\n|\n|t:|1782449281\n|switch|p1a: Corviknight|Corviknight, F|100/100\n|-ability|p1a: Corviknight|Pressure\n|turn|16\n|\n|t:|1782449286\n|cant|p2a: Regieleki|recharge\n|move|p1a: Corviknight|Body Press|p2a: Regieleki\n|-supereffective|p2a: Regieleki\n|-damage|p2a: Regieleki|0 fnt\n|faint|p2a: Regieleki\n|\n|-weather|RainDance|[upkeep]\n|upkeep\n|\n|t:|1782449292\n|switch|p2a: Overqwil|Overqwil, M, shiny|100/100\n|-damage|p2a: Overqwil|88/100|[from] Spikes\n|turn|17\n|\n|t:|1782449299\n|switch|p2a: Raging Bolt|Raging Bolt|100/100\n|-damage|p2a: Raging Bolt|88/100|[from] Spikes\n|-enditem|p2a: Raging Bolt|Booster Energy\n|-activate|p2a: Raging Bolt|ability: Protosynthesis|[fromitem]\n|-start|p2a: Raging Bolt|protosynthesisspa\n|move|p1a: Corviknight|Body Press|p2a: Raging Bolt\n|-crit|p2a: Raging Bolt\n|-damage|p2a: Raging Bolt|57/100\n|\n|-weather|RainDance|[upkeep]\n|upkeep\n|turn|18\n|\n|t:|1782449312\n|switch|p1a: Clefable|Clefable, F|87/100\n|move|p2a: Raging Bolt|Thunderclap||[still]\n|-fail|p2a: Raging Bolt\n|\n|-weather|none\n|-heal|p1a: Clefable|93/100|[from] item: Leftovers\n|upkeep\n|turn|19\n|inactive|Stingrei has 120 seconds left.\n|\n|t:|1782449345\n|-end|p2a: Raging Bolt|Protosynthesis|[silent]\n|switch|p2a: Pelipper|Pelipper, M, shiny|88/100 tox\n|-weather|RainDance|[from] ability: Drizzle|[of] p2a: Pelipper\n|move|p1a: Clefable|Ice Beam|p2a: Pelipper\n|-damage|p2a: Pelipper|54/100 tox\n|\n|-weather|RainDance|[upkeep]\n|-heal|p1a: Clefable|99/100|[from] item: Leftovers\n|-damage|p2a: Pelipper|48/100 tox|[from] psn\n|upkeep\n|turn|20\n|\n|t:|1782449359\n|switch|p1a: Alomomola|Alomomola, M|97/100\n|-damage|p1a: Alomomola|84/100|[from] Stealth Rock\n|move|p2a: Pelipper|U-turn|p1a: Alomomola\n|-damage|p1a: Alomomola|79/100\n|inactive|Stingrei has 120 seconds left.\n|\n|t:|1782449383\n|switch|p2a: Raging Bolt|Raging Bolt|57/100|[from] U-turn\n|-damage|p2a: Raging Bolt|45/100|[from] Spikes\n|\n|-weather|RainDance|[upkeep]\n|upkeep\n|turn|21\n|\n|t:|1782449393\n|switch|p1a: Clefable|Clefable, F|99/100\n|move|p2a: Raging Bolt|Calm Mind|p2a: Raging Bolt\n|-boost|p2a: Raging Bolt|spa|1\n|-boost|p2a: Raging Bolt|spd|1\n|\n|-weather|RainDance|[upkeep]\n|-heal|p1a: Clefable|100/100|[from] item: Leftovers\n|upkeep\n|turn|22\n|\n|t:|1782449400\n|move|p2a: Raging Bolt|Weather Ball|p1a: Clefable\n|-damage|p1a: Clefable|32/100\n|move|p1a: Clefable|Moonblast|p2a: Raging Bolt\n|-supereffective|p2a: Raging Bolt\n|-damage|p2a: Raging Bolt|5/100\n|-unboost|p2a: Raging Bolt|spa|1\n|\n|-weather|RainDance|[upkeep]\n|-heal|p1a: Clefable|39/100|[from] item: Leftovers\n|upkeep\n|turn|23\n|inactive|Stingrei has 120 seconds left.\n|\n|t:|1782449412\n|move|p2a: Raging Bolt|Weather Ball|p1a: Clefable\n|-damage|p1a: Clefable|0 fnt\n|faint|p1a: Clefable\n|\n|-weather|RainDance|[upkeep]\n|upkeep\n|\n|t:|1782449426\n|switch|p1a: Toxapex|Toxapex, F|100/100\n|turn|24\n|\n|t:|1782449435\n|-terastallize|p1a: Toxapex|Grass\n|move|p2a: Raging Bolt|Dragon Pulse|p1a: Toxapex\n|-damage|p1a: Toxapex|59/100\n|move|p1a: Toxapex|Poison Jab|p2a: Raging Bolt\n|-damage|p2a: Raging Bolt|0 fnt\n|faint|p2a: Raging Bolt\n|-end|p2a: Raging Bolt|Protosynthesis|[silent]\n|\n|-weather|RainDance|[upkeep]\n|upkeep\n|\n|t:|1782449449\n|switch|p2a: Iron Treads|Iron Treads, shiny|45/100\n|-damage|p2a: Iron Treads|33/100|[from] Spikes\n|turn|25\n|\n|t:|1782449460\n|switch|p1a: Corviknight|Corviknight, F|100/100\n|-ability|p1a: Corviknight|Pressure\n|move|p2a: Iron Treads|Rapid Spin|p1a: Corviknight\n|-resisted|p1a: Corviknight\n|-damage|p1a: Corviknight|97/100\n|-boost|p2a: Iron Treads|spe|1\n|-sideend|p2: Stingrei|Spikes|[from] move: Rapid Spin|[of] p2a: Iron Treads\n|\n|-weather|RainDance|[upkeep]\n|upkeep\n|turn|26\n|\n|t:|1782449467\n|move|p2a: Iron Treads|Steel Beam|p1a: Corviknight\n|-resisted|p1a: Corviknight\n|-damage|p1a: Corviknight|71/100\n|-damage|p2a: Iron Treads|0 fnt|[from] steelbeam\n|faint|p2a: Iron Treads\n|-end|p2a: Iron Treads|Quark Drive|[silent]\n|move|p1a: Corviknight|Defog|p2: Iron Treads|[notarget]\n|-fail|p1a: Corviknight\n|\n|-weather|none\n|upkeep\n|\n|t:|1782449476\n|switch|p2a: Pelipper|Pelipper, M, shiny|48/100 tox\n|-weather|RainDance|[from] ability: Drizzle|[of] p2a: Pelipper\n|turn|27\n|\n|t:|1782449482\n|switch|p1a: Alomomola|Alomomola, M|100/100\n|-damage|p1a: Alomomola|88/100|[from] Stealth Rock\n|move|p2a: Pelipper|Weather Ball|p1a: Alomomola\n|-resisted|p1a: Alomomola\n|-damage|p1a: Alomomola|58/100\n|\n|-weather|RainDance|[upkeep]\n|-damage|p2a: Pelipper|42/100 tox|[from] psn\n|upkeep\n|turn|28\n|\n|t:|1782449489\n|move|p1a: Alomomola|Protect|p1a: Alomomola\n|-singleturn|p1a: Alomomola|Protect\n|move|p2a: Pelipper|Hurricane|p1a: Alomomola\n|-activate|p1a: Alomomola|move: Protect\n|\n|-weather|RainDance|[upkeep]\n|-damage|p2a: Pelipper|30/100 tox|[from] psn\n|upkeep\n|turn|29\n|\n|t:|1782449499\n|switch|p1a: Toxapex|Toxapex, F, tera:Grass|92/100\n|move|p2a: Pelipper|Hurricane|p1a: Toxapex\n|-supereffective|p1a: Toxapex\n|-damage|p1a: Toxapex|3/100\n|\n|-weather|RainDance|[upkeep]\n|-damage|p2a: Pelipper|11/100 tox|[from] psn\n|upkeep\n|turn|30\n|inactive|GooberGary has 120 seconds left.\n|\n|t:|1782449531\n|move|p2a: Pelipper|U-turn|p1a: Toxapex\n|-supereffective|p1a: Toxapex\n|-damage|p1a: Toxapex|0 fnt\n|faint|p1a: Toxapex\n|\n|t:|1782449538\n|switch|p2a: Overqwil|Overqwil, M, shiny|88/100|[from] U-turn\n|\n|-weather|RainDance|[upkeep]\n|upkeep\n|\n|t:|1782449543\n|switch|p1a: Corviknight|Corviknight, F|71/100\n|-ability|p1a: Corviknight|Pressure\n|turn|31\n|\n|t:|1782449556\n|move|p2a: Overqwil|Swords Dance|p2a: Overqwil\n|-boost|p2a: Overqwil|atk|2\n|move|p1a: Corviknight|Iron Defense|p1a: Corviknight\n|-boost|p1a: Corviknight|def|2\n|\n|-weather|RainDance|[upkeep]\n|upkeep\n|turn|32\n|c|☆Stingrei|gg\n|-message|Stingrei forfeited.\n|\n|win|GooberGary\n|raw|GooberGary's rating: 1309 &rarr; <strong>1327</strong><br />(+18 for winning)\n|raw|Stingrei's rating: 1271 &rarr; <strong>1249</strong><br />(-22 for losing)\n", "uploadtime": 1782449575, "views": 19, "formatid": "gen9ou", "rating": 1249, "private": 0, "password": null}