{"id": "gen9ou-2639300955", "format": "[Gen 9] OU", "players": ["GABito2002", "321godspeed"], "log": "|j|☆GABito2002\n|j|☆321godspeed\n|t:|1782448770\n|gametype|singles\n|player|p1|GABito2002|waitress-gen4|1368\n|player|p2|321godspeed|170|1402\n|gen|9\n|tier|[Gen 9] OU\n|rated|\n|rule|HP Percentage Mod: HP is shown in percentages\n|rule|Endless Battle Clause: Forcing endless battles is banned\n|rule|Species Clause: Limit one of each Pokémon\n|rule|OHKO Clause: OHKO moves are banned\n|rule|Evasion Items Clause: Evasion items are banned\n|rule|Evasion Moves Clause: Evasion moves are banned\n|rule|Evasion Abilities Clause: Evasion abilities are banned\n|rule|Sleep Moves Clause: Sleep-inducing moves are banned\n|clearpoke\n|poke|p1|Great Tusk|\n|poke|p1|Kingambit, F|\n|poke|p1|Raging Bolt|\n|poke|p1|Walking Wake|\n|poke|p1|Ninetales, F|\n|poke|p1|Ceruledge, M|\n|poke|p2|Ninetales-Alola, M|\n|poke|p2|Clefable, F|\n|poke|p2|Iron Moth|\n|poke|p2|Dragonite, F|\n|poke|p2|Darkrai|\n|poke|p2|Zamazenta-*|\n|teampreview\n|\n|t:|1782448788\n|teamsize|p1|6\n|teamsize|p2|6\n|start\n|switch|p1a: Ceruledge|Ceruledge, M|100/100\n|switch|p2a: Ninetales|Ninetales-Alola, M|100/100\n|-weather|Snowscape|[from] ability: Snow Warning|[of] p2a: Ninetales\n|turn|1\n|\n|t:|1782448799\n|move|p2a: Ninetales|Aurora Veil|p2a: Ninetales\n|-sidestart|p2: 321godspeed|move: Aurora Veil\n|move|p1a: Ceruledge|Bitter Blade|p2a: Ninetales\n|-supereffective|p2a: Ninetales\n|-damage|p2a: Ninetales|58/100\n|\n|-weather|Snowscape|[upkeep]\n|upkeep\n|turn|2\n|\n|t:|1782448809\n|move|p2a: Ninetales|Moonblast|p1a: Ceruledge\n|-resisted|p1a: Ceruledge\n|-damage|p1a: Ceruledge|88/100\n|move|p1a: Ceruledge|Swords Dance|p1a: Ceruledge\n|-boost|p1a: Ceruledge|atk|2\n|\n|-weather|Snowscape|[upkeep]\n|upkeep\n|turn|3\n|\n|t:|1782448815\n|move|p2a: Ninetales|Encore|p1a: Ceruledge\n|-start|p1a: Ceruledge|Encore\n|move|p1a: Ceruledge|Swords Dance|p1a: Ceruledge\n|-boost|p1a: Ceruledge|atk|2\n|\n|-weather|Snowscape|[upkeep]\n|upkeep\n|turn|4\n|\n|t:|1782448818\n|switch|p2a: Clefable|Clefable, F|100/100\n|move|p1a: Ceruledge|Swords Dance|p1a: Ceruledge\n|-boost|p1a: Ceruledge|atk|2\n|\n|-weather|Snowscape|[upkeep]\n|upkeep\n|turn|5\n|\n|t:|1782448822\n|switch|p1a: Ninetales|Ninetales, F|100/100\n|-weather|SunnyDay|[from] ability: Drought|[of] p1a: Ninetales\n|move|p2a: Clefable|Cosmic Power|p2a: Clefable\n|-boost|p2a: Clefable|def|1\n|-boost|p2a: Clefable|spd|1\n|\n|-weather|SunnyDay|[upkeep]\n|upkeep\n|turn|6\n|\n|t:|1782448830\n|move|p1a: Ninetales|Encore|p2a: Clefable\n|-start|p2a: Clefable|Encore\n|move|p2a: Clefable|Cosmic Power|p2a: Clefable\n|-boost|p2a: Clefable|def|1\n|-boost|p2a: Clefable|spd|1\n|\n|-weather|SunnyDay|[upkeep]\n|upkeep\n|turn|7\n|\n|t:|1782448841\n|switch|p1a: Raging Bolt|Raging Bolt|100/100\n|-activate|p1a: Raging Bolt|ability: Protosynthesis\n|-start|p1a: Raging Bolt|protosynthesisspa\n|move|p2a: Clefable|Cosmic Power|p2a: Clefable\n|-boost|p2a: Clefable|def|1\n|-boost|p2a: Clefable|spd|1\n|\n|-weather|SunnyDay|[upkeep]\n|upkeep\n|turn|8\n|\n|t:|1782448845\n|move|p1a: Raging Bolt|Solar Beam||[still]\n|-prepare|p1a: Raging Bolt|Solar Beam\n|-anim|p1a: Raging Bolt|Solar Beam|p2a: Clefable\n|-damage|p2a: Clefable|85/100\n|-damage|p1a: Raging Bolt|91/100|[from] item: Life Orb\n|move|p2a: Clefable|Cosmic Power|p2a: Clefable\n|-boost|p2a: Clefable|def|1\n|-boost|p2a: Clefable|spd|1\n|\n|-weather|SunnyDay|[upkeep]\n|-heal|p2a: Clefable|91/100|[from] item: Leftovers\n|-end|p2a: Clefable|Encore\n|-sideend|p2: 321godspeed|move: Aurora Veil\n|upkeep\n|turn|9\n|\n|t:|1782448855\n|-end|p1a: Raging Bolt|Protosynthesis|[silent]\n|switch|p1a: Ninetales|Ninetales, F|100/100\n|move|p2a: Clefable|Stored Power|p1a: Ninetales\n|-damage|p1a: Ninetales|32/100\n|\n|-weather|SunnyDay|[upkeep]\n|-heal|p2a: Clefable|97/100|[from] item: Leftovers\n|upkeep\n|turn|10\n|-message|GABito2002 forfeited.\n|\n|win|321godspeed\n|raw|GABito2002's rating: 1368 &rarr; <strong>1350</strong><br />(-18 for losing)\n|raw|321godspeed's rating: 1402 &rarr; <strong>1420</strong><br />(+18 for winning)\n|l|☆GABito2002\n|player|p1|\n|l|☆321godspeed\n|player|p2|\n", "uploadtime": 1782449240, "views": 4, "formatid": "gen9ou", "rating": 1350, "private": 0, "password": null}