{"id": "gen9ou-2540666902", "format": "[Gen 9] OU", "players": ["Maitredouard2", "theonReekGreyjoy93"], "log": "|j|☆Maitredouard2\n|j|☆theonReekGreyjoy93\n|t:|1771236985\n|gametype|singles\n|player|p1|Maitredouard2|266|1636\n|player|p2|theonReekGreyjoy93|102|1617\n|gen|9\n|tier|[Gen 9] OU\n|rated|\n|rule|HP Percentage Mod: HP is shown in percentages\n|rule|Endless Battle Clause: Forcing endless battles is banned\n|rule|Species Clause: Limit one of each Pokémon\n|rule|OHKO Clause: OHKO moves are banned\n|rule|Evasion Items Clause: Evasion items are banned\n|rule|Evasion Moves Clause: Evasion moves are banned\n|rule|Evasion Abilities Clause: Evasion abilities are banned\n|rule|Sleep Moves Clause: Sleep-inducing moves are banned\n|clearpoke\n|poke|p1|Great Tusk|\n|poke|p1|Dondozo, F|\n|poke|p1|Cinderace, M|\n|poke|p1|Hydrapple, F|\n|poke|p1|Garganacl, F|\n|poke|p1|Dragapult, M|\n|poke|p2|Dragapult, F|\n|poke|p2|Great Tusk|\n|poke|p2|Pawmot, F|\n|poke|p2|Samurott-Hisui, F|\n|poke|p2|Gholdengo|\n|poke|p2|Kingambit, M|\n|teampreview\n|inactive|Battle timer is ON: inactive players will automatically lose when time's up. (requested by Maitredouard2)\n|\n|t:|1771237009\n|teamsize|p1|6\n|teamsize|p2|6\n|start\n|switch|p1a: Hydrapple|Hydrapple, F|100/100\n|switch|p2a: Dragapult|Dragapult, F|100/100\n|turn|1\n|\n|t:|1771237013\n|-terastallize|p1a: Hydrapple|Steel\n|move|p2a: Dragapult|Substitute|p2a: Dragapult\n|-start|p2a: Dragapult|Substitute\n|-damage|p2a: Dragapult|76/100\n|move|p1a: Hydrapple|Fickle Beam|p2a: Dragapult\n|-supereffective|p2a: Dragapult\n|-end|p2a: Dragapult|Substitute\n|\n|-heal|p2a: Dragapult|82/100|[from] item: Leftovers\n|upkeep\n|turn|2\n|inactive|theonReekGreyjoy93 has 120 seconds left.\n|\n|t:|1771237050\n|-terastallize|p2a: Dragapult|Fairy\n|move|p2a: Dragapult|Will-O-Wisp|p1a: Hydrapple\n|-status|p1a: Hydrapple|brn\n|move|p1a: Hydrapple|Fickle Beam|p2a: Dragapult\n|-immune|p2a: Dragapult\n|\n|-heal|p2a: Dragapult|88/100|[from] item: Leftovers\n|-damage|p1a: Hydrapple|94/100 brn|[from] brn\n|upkeep\n|turn|3\n|inactive|theonReekGreyjoy93 has 120 seconds left.\n|\n|t:|1771237057\n|move|p2a: Dragapult|Substitute|p2a: Dragapult\n|-start|p2a: Dragapult|Substitute\n|-damage|p2a: Dragapult|63/100\n|move|p1a: Hydrapple|Tera Blast|p2a: Dragapult|[anim] Tera Blast Steel\n|-supereffective|p2a: Dragapult\n|-end|p2a: Dragapult|Substitute\n|\n|-heal|p2a: Dragapult|69/100|[from] item: Leftovers\n|-damage|p1a: Hydrapple|88/100 brn|[from] brn\n|upkeep\n|turn|4\n|inactive|theonReekGreyjoy93 has 120 seconds left.\n|\n|t:|1771237093\n|switch|p2a: Samurott|Samurott-Hisui, F|100/100\n|move|p1a: Hydrapple|Earth Power|p2a: Samurott\n|-damage|p2a: Samurott|55/100\n|\n|-damage|p1a: Hydrapple|82/100 brn|[from] brn\n|upkeep\n|turn|5\n|\n|t:|1771237100\n|switch|p1a: Great Tusk|Great Tusk|100/100\n|move|p2a: Samurott|Ceaseless Edge|p1a: Great Tusk|[miss]\n|-miss|p2a: Samurott|p1a: Great Tusk\n|\n|upkeep\n|turn|6\n|\n|t:|1771237110\n|switch|p2a: Gholdengo|Gholdengo|100/100\n|-item|p2a: Gholdengo|Air Balloon\n|move|p1a: Great Tusk|Close Combat|p2a: Gholdengo\n|-immune|p2a: Gholdengo\n|\n|upkeep\n|turn|7\n|\n|t:|1771237116\n|-end|p1a: Great Tusk|Protosynthesis|[silent]\n|switch|p1a: Cinderace|Cinderace, M|100/100\n|move|p2a: Gholdengo|Shadow Ball|p1a: Cinderace\n|-damage|p1a: Cinderace|38/100\n|\n|upkeep\n|turn|8\n|\n|t:|1771237130\n|switch|p2a: Samurott|Samurott-Hisui, F|55/100\n|move|p1a: Cinderace|Pyro Ball|p2a: Samurott\n|-resisted|p2a: Samurott\n|-damage|p2a: Samurott|20/100\n|\n|upkeep\n|turn|9\n|\n|t:|1771237134\n|move|p2a: Samurott|Aqua Jet|p1a: Cinderace\n|-supereffective|p1a: Cinderace\n|-damage|p1a: Cinderace|0 fnt\n|faint|p1a: Cinderace\n|\n|upkeep\n|\n|t:|1771237137\n|switch|p1a: Great Tusk|Great Tusk|100/100\n|turn|10\n|inactive|theonReekGreyjoy93 has 120 seconds left.\n|\n|t:|1771237161\n|switch|p2a: Great Tusk|Great Tusk|100/100\n|-enditem|p2a: Great Tusk|Booster Energy\n|-activate|p2a: Great Tusk|ability: Protosynthesis|[fromitem]\n|-start|p2a: Great Tusk|protosynthesisspe\n|move|p1a: Great Tusk|Ice Spinner|p2a: Great Tusk\n|-supereffective|p2a: Great Tusk\n|-damage|p2a: Great Tusk|62/100\n|\n|upkeep\n|turn|11\n|\n|t:|1771237169\n|-end|p1a: Great Tusk|Protosynthesis|[silent]\n|switch|p1a: Dondozo|Dondozo, F|100/100\n|move|p2a: Great Tusk|Bulk Up|p2a: Great Tusk\n|-boost|p2a: Great Tusk|atk|1\n|-boost|p2a: Great Tusk|def|1\n|\n|upkeep\n|turn|12\n|\n|t:|1771237184\n|-end|p2a: Great Tusk|Protosynthesis|[silent]\n|switch|p2a: Dragapult|Dragapult, F, tera:Fairy|69/100\n|move|p1a: Dondozo|Wave Crash|p2a: Dragapult\n|-damage|p2a: Dragapult|5/100\n|-damage|p1a: Dondozo|87/100|[from] Recoil\n|\n|-heal|p2a: Dragapult|11/100|[from] item: Leftovers\n|-heal|p1a: Dondozo|93/100|[from] item: Leftovers\n|upkeep\n|turn|13\n|\n|t:|1771237192\n|switch|p1a: Hydrapple|Hydrapple, F, tera:Steel|100/100 brn\n|move|p2a: Dragapult|Will-O-Wisp|p1a: Hydrapple\n|-fail|p1a: Hydrapple|brn\n|\n|-heal|p2a: Dragapult|17/100|[from] item: Leftovers\n|-damage|p1a: Hydrapple|94/100 brn|[from] brn\n|upkeep\n|turn|14\n|inactive|theonReekGreyjoy93 has 120 seconds left.\n|\n|t:|1771237228\n|move|p2a: Dragapult|Hex|p1a: Hydrapple\n|-damage|p1a: Hydrapple|57/100 brn\n|move|p1a: Hydrapple|Tera Blast|p2a: Dragapult|[anim] Tera Blast Steel\n|-supereffective|p2a: Dragapult\n|-damage|p2a: Dragapult|0 fnt\n|faint|p2a: Dragapult\n|\n|-damage|p1a: Hydrapple|51/100 brn|[from] brn\n|upkeep\n|\n|t:|1771237236\n|switch|p2a: Great Tusk|Great Tusk|62/100\n|turn|15\n|\n|t:|1771237240\n|-end|p2a: Great Tusk|Protosynthesis|[silent]\n|switch|p2a: Samurott|Samurott-Hisui, F|20/100\n|switch|p1a: Dondozo|Dondozo, F|93/100\n|\n|-heal|p1a: Dondozo|99/100|[from] item: Leftovers\n|upkeep\n|turn|16\n|\n|t:|1771237245\n|move|p2a: Samurott|Ceaseless Edge|p1a: Dondozo\n|-damage|p1a: Dondozo|81/100\n|-sidestart|p1: Maitredouard2|Spikes\n|move|p1a: Dondozo|Wave Crash|p2a: Samurott\n|-resisted|p2a: Samurott\n|-damage|p2a: Samurott|0 fnt\n|faint|p2a: Samurott\n|-damage|p1a: Dondozo|77/100|[from] Recoil\n|\n|-heal|p1a: Dondozo|83/100|[from] item: Leftovers\n|upkeep\n|inactive|theonReekGreyjoy93 has 120 seconds left.\n|\n|t:|1771237259\n|switch|p2a: Pawmot|Pawmot, F|100/100\n|turn|17\n|\n|t:|1771237261\n|move|p2a: Pawmot|Revival Blessing|p2a: Pawmot\n|-enditem|p2a: Pawmot|Leppa Berry|[eat]\n|-activate|p2a: Pawmot|item: Leppa Berry|Revival Blessing|[consumed]\n|\n|t:|1771237267\n|-heal|p2: Dragapult|50/100|[from] move: Revival Blessing\n|move|p1a: Dondozo|Body Press|p2a: Pawmot\n|-damage|p2a: Pawmot|56/100\n|\n|-heal|p1a: Dondozo|89/100|[from] item: Leftovers\n|upkeep\n|turn|18\n|\n|t:|1771237277\n|switch|p1a: Great Tusk|Great Tusk|100/100\n|-damage|p1a: Great Tusk|88/100|[from] Spikes\n|move|p2a: Pawmot|Nuzzle|p1a: Great Tusk\n|-immune|p1a: Great Tusk\n|\n|upkeep\n|turn|19\n|\n|t:|1771237285\n|switch|p2a: Gholdengo|Gholdengo|100/100\n|-item|p2a: Gholdengo|Air Balloon\n|move|p1a: Great Tusk|Ice Spinner|p2a: Gholdengo\n|-resisted|p2a: Gholdengo\n|-crit|p2a: Gholdengo\n|-damage|p2a: Gholdengo|76/100\n|-enditem|p2a: Gholdengo|Air Balloon\n|\n|upkeep\n|turn|20\n|inactive|theonReekGreyjoy93 has 120 seconds left.\n|\n|t:|1771237319\n|move|p1a: Great Tusk|Headlong Rush|p2a: Gholdengo\n|-supereffective|p2a: Gholdengo\n|-damage|p2a: Gholdengo|0 fnt\n|-unboost|p1a: Great Tusk|def|1\n|-unboost|p1a: Great Tusk|spd|1\n|faint|p2a: Gholdengo\n|\n|upkeep\n|inactive|theonReekGreyjoy93 has 120 seconds left.\n|\n|t:|1771237334\n|switch|p2a: Dragapult|Dragapult, F|50/100\n|turn|21\n|\n|t:|1771237340\n|-end|p1a: Great Tusk|Protosynthesis|[silent]\n|switch|p1a: Hydrapple|Hydrapple, F, tera:Steel|84/100 brn\n|-damage|p1a: Hydrapple|72/100 brn|[from] Spikes\n|move|p2a: Dragapult|Hex|p1a: Hydrapple\n|-damage|p1a: Hydrapple|36/100 brn\n|\n|-heal|p2a: Dragapult|56/100|[from] item: Leftovers\n|-damage|p1a: Hydrapple|29/100 brn|[from] brn\n|upkeep\n|turn|22\n|\n|t:|1771237352\n|switch|p1a: Garganacl|Garganacl, F|100/100\n|-damage|p1a: Garganacl|88/100|[from] Spikes\n|move|p2a: Dragapult|Substitute|p2a: Dragapult\n|-start|p2a: Dragapult|Substitute\n|-damage|p2a: Dragapult|31/100\n|\n|-heal|p2a: Dragapult|37/100|[from] item: Leftovers\n|-heal|p1a: Garganacl|94/100|[from] item: Leftovers\n|upkeep\n|turn|23\n|\n|t:|1771237357\n|move|p2a: Dragapult|Hex|p1a: Garganacl\n|-damage|p1a: Garganacl|86/100\n|move|p1a: Garganacl|Salt Cure|p2a: Dragapult\n|-activate|p2a: Dragapult|move: Substitute|[damage]\n|\n|-heal|p2a: Dragapult|43/100|[from] item: Leftovers\n|-heal|p1a: Garganacl|92/100|[from] item: Leftovers\n|upkeep\n|turn|24\n|\n|t:|1771237368\n|move|p2a: Dragapult|Dragon Darts|p1a: Garganacl\n|-damage|p1a: Garganacl|77/100\n|-anim|p2a: Dragapult|Dragon Darts|p1a: Garganacl\n|-damage|p1a: Garganacl|63/100\n|move|p1a: Garganacl|Salt Cure|p2a: Dragapult\n|-end|p2a: Dragapult|Substitute\n|\n|-heal|p2a: Dragapult|49/100|[from] item: Leftovers\n|-heal|p1a: Garganacl|69/100|[from] item: Leftovers\n|upkeep\n|turn|25\n|\n|t:|1771237376\n|switch|p2a: Great Tusk|Great Tusk|62/100\n|move|p1a: Garganacl|Iron Defense|p1a: Garganacl\n|-boost|p1a: Garganacl|def|2\n|\n|-heal|p1a: Garganacl|75/100|[from] item: Leftovers\n|upkeep\n|turn|26\n|\n|t:|1771237385\n|move|p2a: Great Tusk|Bulk Up|p2a: Great Tusk\n|-boost|p2a: Great Tusk|atk|1\n|-boost|p2a: Great Tusk|def|1\n|move|p1a: Garganacl|Salt Cure|p2a: Great Tusk\n|-resisted|p2a: Great Tusk\n|-damage|p2a: Great Tusk|60/100\n|-start|p2a: Great Tusk|Salt Cure\n|\n|-heal|p1a: Garganacl|82/100|[from] item: Leftovers\n|-damage|p2a: Great Tusk|48/100|[from] Salt Cure\n|upkeep\n|turn|27\n|\n|t:|1771237393\n|move|p2a: Great Tusk|Bulk Up|p2a: Great Tusk\n|-boost|p2a: Great Tusk|atk|1\n|-boost|p2a: Great Tusk|def|1\n|move|p1a: Garganacl|Iron Defense|p1a: Garganacl\n|-boost|p1a: Garganacl|def|2\n|\n|-heal|p1a: Garganacl|88/100|[from] item: Leftovers\n|-damage|p2a: Great Tusk|36/100|[from] Salt Cure\n|upkeep\n|turn|28\n|\n|t:|1771237397\n|move|p2a: Great Tusk|Earthquake|p1a: Garganacl\n|-supereffective|p1a: Garganacl\n|-damage|p1a: Garganacl|48/100\n|move|p1a: Garganacl|Iron Defense|p1a: Garganacl\n|-boost|p1a: Garganacl|def|2\n|\n|-heal|p1a: Garganacl|54/100|[from] item: Leftovers\n|-damage|p2a: Great Tusk|23/100|[from] Salt Cure\n|upkeep\n|turn|29\n|\n|t:|1771237405\n|-end|p2a: Great Tusk|Protosynthesis|[silent]\n|switch|p2a: Pawmot|Pawmot, F|56/100\n|move|p1a: Garganacl|Recover|p1a: Garganacl\n|-heal|p1a: Garganacl|100/100\n|\n|upkeep\n|turn|30\n|\n|t:|1771237407\n|move|p2a: Pawmot|Revival Blessing|p2a: Pawmot\n|\n|t:|1771237410\n|-heal|p2: Gholdengo|50/100|[from] move: Revival Blessing\n|move|p1a: Garganacl|Body Press|p2a: Pawmot\n|-damage|p2a: Pawmot|0 fnt\n|faint|p2a: Pawmot\n|\n|upkeep\n|\n|t:|1771237415\n|switch|p2a: Gholdengo|Gholdengo|50/100\n|turn|31\n|\n|t:|1771237420\n|switch|p1a: Hydrapple|Hydrapple, F, tera:Steel|63/100 brn\n|-damage|p1a: Hydrapple|50/100 brn|[from] Spikes\n|move|p2a: Gholdengo|Recover|p2a: Gholdengo\n|-heal|p2a: Gholdengo|100/100\n|\n|-damage|p1a: Hydrapple|44/100 brn|[from] brn\n|upkeep\n|turn|32\n|\n|t:|1771237433\n|move|p2a: Gholdengo|Shadow Ball|p1a: Hydrapple\n|-damage|p1a: Hydrapple|16/100 brn\n|move|p1a: Hydrapple|Earth Power|p2a: Gholdengo\n|-supereffective|p2a: Gholdengo\n|-damage|p2a: Gholdengo|28/100\n|\n|-damage|p1a: Hydrapple|10/100 brn|[from] brn\n|upkeep\n|turn|33\n|\n|t:|1771237444\n|move|p2a: Gholdengo|Shadow Ball|p1a: Hydrapple\n|-damage|p1a: Hydrapple|0 fnt\n|faint|p1a: Hydrapple\n|\n|upkeep\n|\n|t:|1771237446\n|switch|p1a: Great Tusk|Great Tusk|88/100\n|-damage|p1a: Great Tusk|76/100|[from] Spikes\n|turn|34\n|inactive|theonReekGreyjoy93 has 120 seconds left.\n|\n|t:|1771237479\n|switch|p2a: Great Tusk|Great Tusk|23/100\n|move|p1a: Great Tusk|Headlong Rush|p2a: Great Tusk\n|-damage|p2a: Great Tusk|0 fnt\n|-unboost|p1a: Great Tusk|def|1\n|-unboost|p1a: Great Tusk|spd|1\n|faint|p2a: Great Tusk\n|-end|p2a: Great Tusk|Protosynthesis|[silent]\n|\n|upkeep\n|\n|t:|1771237483\n|switch|p2a: Dragapult|Dragapult, F|49/100\n|turn|35\n|\n|t:|1771237496\n|move|p2a: Dragapult|Hex|p1a: Great Tusk\n|-damage|p1a: Great Tusk|18/100\n|move|p1a: Great Tusk|Headlong Rush|p2a: Dragapult\n|-damage|p2a: Dragapult|0 fnt\n|-unboost|p1a: Great Tusk|def|1\n|-unboost|p1a: Great Tusk|spd|1\n|faint|p2a: Dragapult\n|\n|upkeep\n|\n|t:|1771237502\n|switch|p2a: Kingambit|Kingambit, M|100/100\n|-activate|p2a: Kingambit|ability: Supreme Overlord\n|-start|p2a: Kingambit|fallen5|[silent]\n|turn|36\n|\n|t:|1771237505\n|-end|p1a: Great Tusk|Protosynthesis|[silent]\n|switch|p1a: Dondozo|Dondozo, F|89/100\n|-damage|p1a: Dondozo|77/100|[from] Spikes\n|move|p2a: Kingambit|Sucker Punch||[still]\n|-fail|p2a: Kingambit\n|\n|-heal|p1a: Dondozo|83/100|[from] item: Leftovers\n|upkeep\n|turn|37\n|\n|t:|1771237511\n|-end|p2a: Kingambit|fallen5|[silent]\n|switch|p2a: Gholdengo|Gholdengo|28/100\n|move|p1a: Dondozo|Body Press|p2a: Gholdengo\n|-immune|p2a: Gholdengo\n|\n|-heal|p1a: Dondozo|89/100|[from] item: Leftovers\n|upkeep\n|turn|38\n|\n|t:|1771237520\n|switch|p1a: Great Tusk|Great Tusk|18/100\n|-damage|p1a: Great Tusk|6/100|[from] Spikes\n|move|p2a: Gholdengo|Recover|p2a: Gholdengo\n|-heal|p2a: Gholdengo|78/100\n|\n|upkeep\n|turn|39\n|\n|t:|1771237529\n|move|p1a: Great Tusk|Headlong Rush|p2a: Gholdengo\n|-supereffective|p2a: Gholdengo\n|-damage|p2a: Gholdengo|0 fnt\n|-unboost|p1a: Great Tusk|def|1\n|-unboost|p1a: Great Tusk|spd|1\n|faint|p2a: Gholdengo\n|\n|upkeep\n|\n|t:|1771237531\n|switch|p2a: Kingambit|Kingambit, M|100/100\n|-activate|p2a: Kingambit|ability: Supreme Overlord\n|-start|p2a: Kingambit|fallen5|[silent]\n|turn|40\n|\n|t:|1771237533\n|move|p2a: Kingambit|Sucker Punch|p1a: Great Tusk\n|-resisted|p1a: Great Tusk\n|-damage|p1a: Great Tusk|0 fnt\n|faint|p1a: Great Tusk\n|-end|p1a: Great Tusk|Protosynthesis|[silent]\n|\n|upkeep\n|\n|t:|1771237539\n|switch|p1a: Garganacl|Garganacl, F|100/100\n|-damage|p1a: Garganacl|88/100|[from] Spikes\n|turn|41\n|\n|t:|1771237543\n|move|p2a: Kingambit|Iron Head|p1a: Garganacl\n|-supereffective|p1a: Garganacl\n|-damage|p1a: Garganacl|0 fnt\n|faint|p1a: Garganacl\n|\n|upkeep\n|\n|t:|1771237545\n|switch|p1a: Dondozo|Dondozo, F|89/100\n|-damage|p1a: Dondozo|76/100|[from] Spikes\n|turn|42\n|\n|t:|1771237550\n|move|p2a: Kingambit|Kowtow Cleave|p1a: Dondozo\n|-damage|p1a: Dondozo|36/100\n|move|p1a: Dondozo|Body Press|p2a: Kingambit\n|-supereffective|p2a: Kingambit\n|-damage|p2a: Kingambit|0 fnt\n|faint|p2a: Kingambit\n|-end|p2a: Kingambit|fallen5|[silent]\n|\n|win|Maitredouard2\n|raw|Maitredouard2's rating: 1636 &rarr; <strong>1655</strong><br />(+19 for winning)\n|raw|theonReekGreyjoy93's rating: 1617 &rarr; <strong>1598</strong><br />(-19 for losing)\n|l|☆theonReekGreyjoy93\n|player|p2|\n|l|☆Maitredouard2\n|player|p1|\n", "uploadtime": 1771237721, "views": 8, "formatid": "gen9ou", "rating": 1598, "private": 0, "password": null}