{"id": "gen9ou-2639223470", "format": "[Gen 9] OU", "players": ["squid3011", "thepeakmons"], "log": "|j|☆squid3011\n|j|☆thepeakmons\n|t:|1782436567\n|gametype|singles\n|player|p1|squid3011|benga|1233\n|player|p2|thepeakmons|101|1216\n|gen|9\n|tier|[Gen 9] OU\n|rated|\n|rule|HP Percentage Mod: HP is shown in percentages\n|rule|Endless Battle Clause: Forcing endless battles is banned\n|rule|Species Clause: Limit one of each Pokémon\n|rule|OHKO Clause: OHKO moves are banned\n|rule|Evasion Items Clause: Evasion items are banned\n|rule|Evasion Moves Clause: Evasion moves are banned\n|rule|Evasion Abilities Clause: Evasion abilities are banned\n|rule|Sleep Moves Clause: Sleep-inducing moves are banned\n|clearpoke\n|poke|p1|Weezing-Galar, M|\n|poke|p1|Gliscor, M|\n|poke|p1|Blissey, F|\n|poke|p1|Corviknight, M|\n|poke|p1|Dondozo, M|\n|poke|p1|Toxapex, F|\n|poke|p2|Gliscor, F|\n|poke|p2|Gholdengo|\n|poke|p2|Zamazenta-*|\n|poke|p2|Blissey, F|\n|poke|p2|Skarmory, F|\n|poke|p2|Pecharunt|\n|teampreview\n|inactive|Battle timer is ON: inactive players will automatically lose when time's up. (requested by squid3011)\n|\n|t:|1782436581\n|teamsize|p1|6\n|teamsize|p2|6\n|start\n|switch|p1a: Gliscor|Gliscor, M|100/100\n|switch|p2a: Skarmory|Skarmory, F|100/100\n|turn|1\n|inactive|thepeakmons also wants the timer to be on.\n|inactive|squid3011 has 120 seconds left.\n|inactive|thepeakmons has 120 seconds left.\n|inactive|squid3011 has 90 seconds left.\n|inactive|squid3011 has 60 seconds left.\n|inactive|squid3011 has 30 seconds left.\n|inactive|squid3011 has 20 seconds left.\n|inactive|squid3011 has 15 seconds left.\n|inactive|squid3011 has 10 seconds left.\n|inactive|squid3011 has 5 seconds left.\n|\n|t:|1782436729\n|move|p1a: Gliscor|Knock Off|p2a: Skarmory\n|-damage|p2a: Skarmory|87/100\n|-enditem|p2a: Skarmory|Heavy-Duty Boots|[from] move: Knock Off|[of] p1a: Gliscor\n|move|p2a: Skarmory|Spikes|p1a: Gliscor\n|-sidestart|p1: squid3011|Spikes\n|\n|-status|p1a: Gliscor|tox|[from] item: Toxic Orb\n|upkeep\n|turn|2\n|inactive|squid3011 has 15 seconds left this turn.\n|inactive|squid3011 has 10 seconds left.\n|inactive|squid3011 has 5 seconds left.\n|\n|t:|1782436744\n|switch|p1a: Corviknight|Corviknight, M|100/100\n|-ability|p1a: Corviknight|Pressure\n|move|p2a: Skarmory|Spikes|p1a: Corviknight\n|-sidestart|p1: squid3011|Spikes\n|\n|upkeep\n|turn|3\n|inactive|squid3011 has 15 seconds left this turn.\n|inactive|squid3011 has 10 seconds left.\n|\n|t:|1782436762\n|move|p2a: Skarmory|Spikes|p1a: Corviknight\n|-sidestart|p1: squid3011|Spikes\n|move|p1a: Corviknight|Defog|p2a: Skarmory\n|-unboost|p2a: Skarmory|evasion|1\n|-sideend|p1: squid3011|Spikes|[from] move: Defog|[of] p1a: Corviknight\n|\n|upkeep\n|turn|4\n|inactive|squid3011 has 20 seconds left this turn.\n|\n|t:|1782436769\n|switch|p2a: Gliscor|Gliscor, F|100/100\n|move|p1a: Corviknight|Iron Defense|p1a: Corviknight\n|-boost|p1a: Corviknight|def|2\n|\n|-status|p2a: Gliscor|tox|[from] item: Toxic Orb\n|upkeep\n|turn|5\n|inactive|squid3011 has 30 seconds left this turn.\n|\n|t:|1782436786\n|switch|p1a: Gliscor|Gliscor, M|100/100 tox\n|move|p2a: Gliscor|Swords Dance|p2a: Gliscor\n|-boost|p2a: Gliscor|atk|2\n|\n|upkeep\n|turn|6\n|\n|t:|1782436797\n|move|p2a: Gliscor|Swords Dance|p2a: Gliscor\n|-boost|p2a: Gliscor|atk|2\n|move|p1a: Gliscor|Swords Dance|p1a: Gliscor\n|-boost|p1a: Gliscor|atk|2\n|\n|upkeep\n|turn|7\n|\n|t:|1782436804\n|move|p2a: Gliscor|Knock Off|p1a: Gliscor\n|-damage|p1a: Gliscor|50/100 tox\n|-enditem|p1a: Gliscor|Toxic Orb|[from] move: Knock Off|[of] p2a: Gliscor\n|move|p1a: Gliscor|Swords Dance|p1a: Gliscor\n|-boost|p1a: Gliscor|atk|2\n|\n|-heal|p1a: Gliscor|62/100 tox|[from] ability: Poison Heal\n|upkeep\n|turn|8\n|\n|t:|1782436820\n|switch|p2a: Gholdengo|Gholdengo|100/100\n|move|p1a: Gliscor|Swords Dance|p1a: Gliscor\n|-boost|p1a: Gliscor|atk|2\n|\n|-heal|p1a: Gliscor|75/100 tox|[from] ability: Poison Heal\n|upkeep\n|turn|9\n|\n|t:|1782436832\n|move|p1a: Gliscor|Protect|p1a: Gliscor\n|-singleturn|p1a: Gliscor|Protect\n|move|p2a: Gholdengo|Nasty Plot|p2a: Gholdengo\n|-boost|p2a: Gholdengo|spa|2\n|\n|-heal|p1a: Gliscor|87/100 tox|[from] ability: Poison Heal\n|upkeep\n|turn|10\n|inactive|squid3011 has 60 seconds left.\n|\n|t:|1782436855\n|move|p1a: Gliscor|Knock Off|p2a: Gholdengo\n|-supereffective|p2a: Gholdengo\n|-damage|p2a: Gholdengo|0 fnt\n|-enditem|p2a: Gholdengo|Ability Shield|[from] move: Knock Off|[of] p1a: Gliscor\n|faint|p2a: Gholdengo\n|\n|-heal|p1a: Gliscor|99/100 tox|[from] ability: Poison Heal\n|upkeep\n|\n|t:|1782436864\n|switch|p2a: Skarmory|Skarmory, F|87/100\n|turn|11\n|\n|t:|1782436871\n|move|p1a: Gliscor|Knock Off|p2a: Skarmory\n|-crit|p2a: Skarmory\n|-damage|p2a: Skarmory|36/100\n|move|p2a: Skarmory|Whirlwind|p1a: Gliscor\n|drag|p1a: Corviknight|Corviknight, M|100/100\n|-ability|p1a: Corviknight|Pressure\n|\n|upkeep\n|turn|12\n|inactive|squid3011 has 60 seconds left.\n|\n|t:|1782436883\n|move|p2a: Skarmory|Roost|p2a: Skarmory\n|-heal|p2a: Skarmory|86/100\n|-singleturn|p2a: Skarmory|move: Roost\n|move|p1a: Corviknight|Body Press|p2a: Skarmory\n|-supereffective|p2a: Skarmory\n|-damage|p2a: Skarmory|52/100\n|\n|upkeep\n|turn|13\n|inactive|thepeakmons has 120 seconds left.\n|\n|t:|1782436896\n|move|p2a: Skarmory|Roost|p2a: Skarmory\n|-heal|p2a: Skarmory|100/100\n|-singleturn|p2a: Skarmory|move: Roost\n|move|p1a: Corviknight|Iron Defense|p1a: Corviknight\n|-boost|p1a: Corviknight|def|2\n|\n|upkeep\n|turn|14\n|inactive|thepeakmons has 120 seconds left.\n|\n|t:|1782436909\n|switch|p2a: Gliscor|Gliscor, F|100/100 tox\n|move|p1a: Corviknight|Iron Defense|p1a: Corviknight\n|-boost|p1a: Corviknight|def|2\n|\n|upkeep\n|turn|15\n|inactive|thepeakmons has 120 seconds left.\n|\n|t:|1782436927\n|switch|p1a: Toxapex|Toxapex, F|100/100\n|move|p2a: Gliscor|Swords Dance|p2a: Gliscor\n|-boost|p2a: Gliscor|atk|2\n|\n|upkeep\n|turn|16\n|\n|t:|1782436937\n|switch|p2a: Blissey|Blissey, F|100/100\n|move|p1a: Toxapex|Haze|p1a: Toxapex\n|-clearallboost\n|\n|upkeep\n|turn|17\n|\n|t:|1782436949\n|move|p2a: Blissey|Stealth Rock|p1a: Toxapex\n|-sidestart|p1: squid3011|move: Stealth Rock\n|move|p1a: Toxapex|Toxic|p2a: Blissey\n|-status|p2a: Blissey|tox\n|\n|-damage|p2a: Blissey|94/100 tox|[from] psn\n|upkeep\n|turn|18\n|inactive|squid3011 has 90 seconds left.\n|inactive|thepeakmons has 120 seconds left.\n|\n|t:|1782436969\n|-curestatus|p2a: Blissey|tox|[from] ability: Natural Cure|[silent]\n|switch|p2a: Pecharunt|Pecharunt|100/100\n|switch|p1a: Gliscor|Gliscor, M|99/100 tox\n|-damage|p1a: Gliscor|87/100 tox|[from] Stealth Rock\n|\n|-heal|p1a: Gliscor|99/100 tox|[from] ability: Poison Heal\n|upkeep\n|turn|19\n|inactive|squid3011 has 90 seconds left.\n|inactive|thepeakmons has 120 seconds left.\n|\n|t:|1782436988\n|move|p1a: Gliscor|Swords Dance|p1a: Gliscor\n|-boost|p1a: Gliscor|atk|2\n|move|p2a: Pecharunt|Parting Shot|p1a: Gliscor\n|-unboost|p1a: Gliscor|atk|1\n|-unboost|p1a: Gliscor|spa|1\n|\n|t:|1782437006\n|switch|p2a: Skarmory|Skarmory, F|100/100|[from] Parting Shot\n|\n|-heal|p1a: Gliscor|100/100 tox|[from] ability: Poison Heal\n|upkeep\n|turn|20\n|inactive|squid3011 has 90 seconds left.\n|\n|t:|1782437019\n|move|p1a: Gliscor|Swords Dance|p1a: Gliscor\n|-boost|p1a: Gliscor|atk|2\n|move|p2a: Skarmory|Whirlwind|p1a: Gliscor\n|drag|p1a: Dondozo|Dondozo, M|100/100\n|-damage|p1a: Dondozo|88/100|[from] Stealth Rock\n|\n|-heal|p1a: Dondozo|94/100|[from] item: Leftovers\n|upkeep\n|turn|21\n|inactive|squid3011 has 90 seconds left.\n|inactive|thepeakmons has 90 seconds left.\n|\n|t:|1782437042\n|move|p2a: Skarmory|Spikes|p1a: Dondozo\n|-sidestart|p1: squid3011|Spikes\n|move|p1a: Dondozo|Waterfall|p2a: Skarmory\n|-damage|p2a: Skarmory|83/100\n|\n|-heal|p1a: Dondozo|100/100|[from] item: Leftovers\n|upkeep\n|turn|22\n|inactive|squid3011 has 90 seconds left.\n|inactive|thepeakmons has 90 seconds left.\n|\n|t:|1782437058\n|switch|p1a: Weezing|Weezing-Galar, M|100/100\n|-ability|p1a: Weezing|Neutralizing Gas\n|move|p2a: Skarmory|Whirlwind|p1a: Weezing\n|-end|p1a: Weezing|ability: Neutralizing Gas\n|drag|p1a: Corviknight|Corviknight, M|100/100\n|-damage|p1a: Corviknight|88/100|[from] Stealth Rock\n|-ability|p1a: Corviknight|Pressure\n|\n|-heal|p1a: Corviknight|94/100|[from] item: Leftovers\n|upkeep\n|turn|23\n|inactive|thepeakmons has 90 seconds left.\n|inactive|squid3011 has 90 seconds left.\n|\n|t:|1782437095\n|move|p2a: Skarmory|Roost|p2a: Skarmory\n|-heal|p2a: Skarmory|100/100\n|-singleturn|p2a: Skarmory|move: Roost\n|move|p1a: Corviknight|Defog|p2a: Skarmory\n|-unboost|p2a: Skarmory|evasion|1\n|-sideend|p1: squid3011|Spikes|[from] move: Defog|[of] p1a: Corviknight\n|-sideend|p1: squid3011|Stealth Rock|[from] move: Defog|[of] p1a: Corviknight\n|\n|-heal|p1a: Corviknight|100/100|[from] item: Leftovers\n|upkeep\n|turn|24\n|\n|t:|1782437104\n|switch|p1a: Weezing|Weezing-Galar, M|100/100\n|-ability|p1a: Weezing|Neutralizing Gas\n|move|p2a: Skarmory|Spikes|p1a: Weezing\n|-sidestart|p1: squid3011|Spikes\n|\n|upkeep\n|turn|25\n|inactive|thepeakmons has 90 seconds left.\n|\n|t:|1782437116\n|switch|p2a: Blissey|Blissey, F|94/100\n|move|p1a: Weezing|Will-O-Wisp|p2a: Blissey\n|-status|p2a: Blissey|brn\n|\n|-damage|p2a: Blissey|88/100 brn|[from] brn\n|upkeep\n|turn|26\n|\n|t:|1782437124\n|switch|p2a: Gliscor|Gliscor, F|100/100 tox\n|move|p1a: Weezing|Toxic Spikes|p2a: Gliscor\n|-sidestart|p2: thepeakmons|move: Toxic Spikes\n|\n|-damage|p2a: Gliscor|94/100 tox|[from] psn\n|upkeep\n|turn|27\n|inactive|squid3011 has 90 seconds left.\n|\n|t:|1782437141\n|-end|p1a: Weezing|ability: Neutralizing Gas\n|switch|p1a: Corviknight|Corviknight, M|100/100\n|-ability|p1a: Corviknight|Pressure\n|move|p2a: Gliscor|Swords Dance|p2a: Gliscor\n|-boost|p2a: Gliscor|atk|2\n|\n|-heal|p2a: Gliscor|100/100 tox|[from] ability: Poison Heal\n|upkeep\n|turn|28\n|\n|t:|1782437149\n|move|p2a: Gliscor|Swords Dance|p2a: Gliscor\n|-boost|p2a: Gliscor|atk|2\n|move|p1a: Corviknight|Iron Defense|p1a: Corviknight\n|-boost|p1a: Corviknight|def|2\n|\n|upkeep\n|turn|29\n|inactive|squid3011 has 90 seconds left.\n|\n|t:|1782437166\n|move|p2a: Gliscor|Knock Off|p1a: Corviknight\n|-damage|p1a: Corviknight|81/100\n|-enditem|p1a: Corviknight|Leftovers|[from] move: Knock Off|[of] p2a: Gliscor\n|move|p1a: Corviknight|Iron Defense|p1a: Corviknight\n|-boost|p1a: Corviknight|def|2\n|\n|upkeep\n|turn|30\n|\n|t:|1782437182\n|move|p2a: Gliscor|Swords Dance|p2a: Gliscor\n|-boost|p2a: Gliscor|atk|2\n|move|p1a: Corviknight|Iron Defense|p1a: Corviknight\n|-boost|p1a: Corviknight|def|2\n|\n|upkeep\n|turn|31\n|inactive|squid3011 has 90 seconds left.\n|\n|t:|1782437217\n|move|p2a: Gliscor|Knock Off|p1a: Corviknight\n|-damage|p1a: Corviknight|72/100\n|move|p1a: Corviknight|Body Press|p2a: Gliscor\n|-resisted|p2a: Gliscor\n|-damage|p2a: Gliscor|60/100 tox\n|\n|-heal|p2a: Gliscor|72/100 tox|[from] ability: Poison Heal\n|upkeep\n|turn|32\n|inactive|thepeakmons has 90 seconds left.\n|\n|t:|1782437240\n|move|p2a: Gliscor|Protect|p2a: Gliscor\n|-singleturn|p2a: Gliscor|Protect\n|move|p1a: Corviknight|Body Press|p2a: Gliscor\n|-activate|p2a: Gliscor|move: Protect\n|\n|-heal|p2a: Gliscor|85/100 tox|[from] ability: Poison Heal\n|upkeep\n|turn|33\n|inactive|squid3011 has 60 seconds left.\n|\n|t:|1782437282\n|move|p2a: Gliscor|Protect||[still]\n|-fail|p2a: Gliscor\n|move|p1a: Corviknight|Body Press|p2a: Gliscor\n|-resisted|p2a: Gliscor\n|-damage|p2a: Gliscor|41/100 tox\n|\n|-heal|p2a: Gliscor|53/100 tox|[from] ability: Poison Heal\n|upkeep\n|turn|34\n|\n|t:|1782437295\n|move|p2a: Gliscor|Protect|p2a: Gliscor\n|-singleturn|p2a: Gliscor|Protect\n|move|p1a: Corviknight|Body Press|p2a: Gliscor\n|-activate|p2a: Gliscor|move: Protect\n|\n|-heal|p2a: Gliscor|66/100 tox|[from] ability: Poison Heal\n|upkeep\n|turn|35\n|\n|t:|1782437302\n|move|p2a: Gliscor|Knock Off|p1a: Corviknight\n|-damage|p1a: Corviknight|62/100\n|move|p1a: Corviknight|Body Press|p2a: Gliscor\n|-resisted|p2a: Gliscor\n|-damage|p2a: Gliscor|26/100 tox\n|\n|-heal|p2a: Gliscor|38/100 tox|[from] ability: Poison Heal\n|upkeep\n|turn|36\n|\n|t:|1782437318\n|switch|p2a: Pecharunt|Pecharunt|100/100\n|-sideend|p2: thepeakmons|move: Toxic Spikes|[of] p2a: Pecharunt\n|move|p1a: Corviknight|Body Press|p2a: Pecharunt\n|-immune|p2a: Pecharunt\n|\n|upkeep\n|turn|37\n|inactive|squid3011 has 60 seconds left.\n|\n|t:|1782437349\n|move|p2a: Pecharunt|Shadow Ball|p1a: Corviknight\n|-damage|p1a: Corviknight|37/100\n|move|p1a: Corviknight|Defog|p2a: Pecharunt\n|-unboost|p2a: Pecharunt|evasion|1\n|-sideend|p1: squid3011|Spikes|[from] move: Defog|[of] p1a: Corviknight\n|\n|upkeep\n|turn|38\n|inactive|thepeakmons has 90 seconds left.\n|\n|t:|1782437366\n|move|p2a: Pecharunt|Shadow Ball|p1a: Corviknight\n|-damage|p1a: Corviknight|11/100\n|-unboost|p1a: Corviknight|spd|1\n|move|p1a: Corviknight|Roost|p1a: Corviknight\n|-heal|p1a: Corviknight|61/100\n|-singleturn|p1a: Corviknight|move: Roost\n|\n|upkeep\n|turn|39\n|inactive|thepeakmons has 90 seconds left.\n|\n|t:|1782437385\n|switch|p1a: Gliscor|Gliscor, M|100/100 tox\n|move|p2a: Pecharunt|Shadow Ball|p1a: Gliscor\n|-damage|p1a: Gliscor|78/100 tox\n|\n|-heal|p1a: Gliscor|91/100 tox|[from] ability: Poison Heal\n|upkeep\n|turn|40\n|inactive|thepeakmons has 90 seconds left.\n|inactive|squid3011 has 60 seconds left.\n|\n|t:|1782437412\n|move|p1a: Gliscor|Swords Dance|p1a: Gliscor\n|-boost|p1a: Gliscor|atk|2\n|move|p2a: Pecharunt|Parting Shot|p1a: Gliscor\n|-unboost|p1a: Gliscor|atk|1\n|-unboost|p1a: Gliscor|spa|1\n|inactive|thepeakmons has 60 seconds left.\n|\n|t:|1782437437\n|switch|p2a: Gliscor|Gliscor, F|38/100 tox|[from] Parting Shot\n|\n|-heal|p2a: Gliscor|51/100 tox|[from] ability: Poison Heal\n|-heal|p1a: Gliscor|100/100 tox|[from] ability: Poison Heal\n|upkeep\n|turn|41\n|inactive|squid3011 has 60 seconds left.\n|\n|t:|1782437454\n|move|p2a: Gliscor|Swords Dance|p2a: Gliscor\n|-boost|p2a: Gliscor|atk|2\n|move|p1a: Gliscor|Swords Dance|p1a: Gliscor\n|-boost|p1a: Gliscor|atk|2\n|\n|-heal|p2a: Gliscor|63/100 tox|[from] ability: Poison Heal\n|upkeep\n|turn|42\n|inactive|thepeakmons has 60 seconds left.\n|\n|t:|1782437464\n|move|p2a: Gliscor|Protect|p2a: Gliscor\n|-singleturn|p2a: Gliscor|Protect\n|move|p1a: Gliscor|Swords Dance|p1a: Gliscor\n|-boost|p1a: Gliscor|atk|2\n|\n|-heal|p2a: Gliscor|76/100 tox|[from] ability: Poison Heal\n|upkeep\n|turn|43\n|inactive|thepeakmons has 60 seconds left.\n|inactive|squid3011 has 60 seconds left.\n|\n|t:|1782437485\n|switch|p2a: Skarmory|Skarmory, F|100/100\n|move|p1a: Gliscor|Knock Off|p2a: Skarmory\n|-crit|p2a: Skarmory\n|-damage|p2a: Skarmory|51/100\n|\n|upkeep\n|turn|44\n|inactive|thepeakmons has 60 seconds left.\n|\n|t:|1782437498\n|move|p1a: Gliscor|Knock Off|p2a: Skarmory\n|-damage|p2a: Skarmory|19/100\n|move|p2a: Skarmory|Roost|p2a: Skarmory\n|-heal|p2a: Skarmory|69/100\n|-singleturn|p2a: Skarmory|move: Roost\n|\n|upkeep\n|turn|45\n|inactive|thepeakmons has 60 seconds left.\n|inactive|squid3011 has 60 seconds left.\n|inactive|squid3011 has 30 seconds left.\n|\n|t:|1782437550\n|switch|p1a: Weezing|Weezing-Galar, M|100/100\n|-ability|p1a: Weezing|Neutralizing Gas\n|move|p2a: Skarmory|Roost|p2a: Skarmory\n|-heal|p2a: Skarmory|100/100\n|-singleturn|p2a: Skarmory|move: Roost\n|\n|upkeep\n|turn|46\n|\n|t:|1782437559\n|switch|p2a: Gliscor|Gliscor, F|76/100 tox\n|move|p1a: Weezing|Will-O-Wisp|p2a: Gliscor|[miss]\n|-miss|p1a: Weezing|p2a: Gliscor\n|\n|-damage|p2a: Gliscor|70/100 tox|[from] psn\n|upkeep\n|turn|47\n|inactive|thepeakmons has 60 seconds left.\n|inactive|squid3011 has 30 seconds left.\n|\n|t:|1782437581\n|switch|p2a: Blissey|Blissey, F|88/100 brn\n|-end|p1a: Weezing|ability: Neutralizing Gas\n|switch|p1a: Corviknight|Corviknight, M|61/100\n|-ability|p1a: Corviknight|Pressure\n|\n|-damage|p2a: Blissey|82/100 brn|[from] brn\n|upkeep\n|turn|48\n|inactive|thepeakmons has 60 seconds left.\n|\n|t:|1782437603\n|-curestatus|p2a: Blissey|brn|[from] ability: Natural Cure|[silent]\n|switch|p2a: Gliscor|Gliscor, F|70/100 tox\n|move|p1a: Corviknight|Body Press|p2a: Gliscor\n|-resisted|p2a: Gliscor\n|-damage|p2a: Gliscor|58/100 tox\n|\n|-heal|p2a: Gliscor|71/100 tox|[from] ability: Poison Heal\n|upkeep\n|turn|49\n|inactive|squid3011 has 30 seconds left.\n|inactive|squid3011 has 20 seconds left.\n|inactive|squid3011 has 15 seconds left.\n|inactive|squid3011 has 10 seconds left.\n|\n|t:|1782437641\n|switch|p1a: Dondozo|Dondozo, M|100/100\n|move|p2a: Gliscor|Swords Dance|p2a: Gliscor\n|-boost|p2a: Gliscor|atk|2\n|\n|-heal|p2a: Gliscor|83/100 tox|[from] ability: Poison Heal\n|upkeep\n|turn|50\n|inactive|squid3011 has 20 seconds left this turn.\n|\n|t:|1782437650\n|move|p2a: Gliscor|Knock Off|p1a: Dondozo\n|-damage|p1a: Dondozo|91/100\n|-enditem|p1a: Dondozo|Leftovers|[from] move: Knock Off|[of] p2a: Gliscor\n|move|p1a: Dondozo|Waterfall|p2a: Gliscor\n|-supereffective|p2a: Gliscor\n|-damage|p2a: Gliscor|38/100 tox\n|\n|-heal|p2a: Gliscor|51/100 tox|[from] ability: Poison Heal\n|upkeep\n|turn|51\n|inactive|squid3011 has 30 seconds left this turn.\n|\n|t:|1782437669\n|move|p2a: Gliscor|Protect|p2a: Gliscor\n|-singleturn|p2a: Gliscor|Protect\n|move|p1a: Dondozo|Waterfall|p2a: Gliscor\n|-activate|p2a: Gliscor|move: Protect\n|\n|-heal|p2a: Gliscor|63/100 tox|[from] ability: Poison Heal\n|upkeep\n|turn|52\n|inactive|squid3011 has 30 seconds left.\n|inactive|squid3011 has 20 seconds left.\n|\n|t:|1782437686\n|switch|p2a: Blissey|Blissey, F|82/100\n|move|p1a: Dondozo|Waterfall|p2a: Blissey\n|-damage|p2a: Blissey|54/100\n|\n|upkeep\n|turn|53\n|inactive|squid3011 has 30 seconds left this turn.\n|\n|t:|1782437705\n|move|p2a: Blissey|Soft-Boiled|p2a: Blissey\n|-heal|p2a: Blissey|100/100\n|move|p1a: Dondozo|Curse|p1a: Dondozo\n|-unboost|p1a: Dondozo|spe|1\n|-boost|p1a: Dondozo|atk|1\n|-boost|p1a: Dondozo|def|1\n|\n|upkeep\n|turn|54\n|\n|t:|1782437713\n|switch|p2a: Pecharunt|Pecharunt|100/100\n|move|p1a: Dondozo|Curse|p1a: Dondozo\n|-unboost|p1a: Dondozo|spe|1\n|-boost|p1a: Dondozo|atk|1\n|-boost|p1a: Dondozo|def|1\n|\n|upkeep\n|turn|55\n|\n|t:|1782437722\n|move|p2a: Pecharunt|Toxic|p1a: Dondozo\n|-status|p1a: Dondozo|tox\n|-start|p1a: Dondozo|confusion|[from] ability: Poison Puppeteer|[of] p2a: Pecharunt\n|-activate|p1a: Dondozo|confusion\n|move|p1a: Dondozo|Waterfall|p2a: Pecharunt\n|-damage|p2a: Pecharunt|74/100\n|\n|-damage|p1a: Dondozo|84/100 tox|[from] psn\n|upkeep\n|turn|56\n|inactive|squid3011 has 30 seconds left.\n|\n|t:|1782437747\n|move|p2a: Pecharunt|Recover|p2a: Pecharunt\n|-heal|p2a: Pecharunt|100/100\n|-activate|p1a: Dondozo|confusion\n|move|p1a: Dondozo|Rest|p1a: Dondozo\n|-status|p1a: Dondozo|slp|[from] move: Rest\n|-heal|p1a: Dondozo|100/100 slp|[silent]\n|\n|upkeep\n|turn|57\n|\n|t:|1782437754\n|move|p2a: Pecharunt|Parting Shot|p1a: Dondozo\n|-unboost|p1a: Dondozo|atk|1\n|-unboost|p1a: Dondozo|spa|1\n|\n|t:|1782437763\n|switch|p2a: Blissey|Blissey, F|100/100|[from] Parting Shot\n|cant|p1a: Dondozo|slp\n|-end|p1a: Dondozo|confusion\n|move|p1a: Dondozo|Sleep Talk|p1a: Dondozo\n|move|p1a: Dondozo|Waterfall|p2a: Blissey|[from] move: Sleep Talk\n|-crit|p2a: Blissey\n|-damage|p2a: Blissey|36/100\n|\n|upkeep\n|turn|58\n|\n|t:|1782437782\n|move|p2a: Blissey|Soft-Boiled|p2a: Blissey\n|-heal|p2a: Blissey|86/100\n|cant|p1a: Dondozo|slp\n|move|p1a: Dondozo|Sleep Talk|p1a: Dondozo\n|move|p1a: Dondozo|Rest||[from] move: Sleep Talk|[still]\n|-fail|p1a: Dondozo\n|\n|upkeep\n|turn|59\n|inactive|squid3011 has 30 seconds left.\n|\n|t:|1782437812\n|move|p2a: Blissey|Stealth Rock|p1a: Dondozo\n|-sidestart|p1: squid3011|move: Stealth Rock\n|-curestatus|p1a: Dondozo|slp|[msg]\n|move|p1a: Dondozo|Sleep Talk||[still]\n|-fail|p1a: Dondozo\n|\n|upkeep\n|turn|60\n|\n|t:|1782437825\n|move|p2a: Blissey|Calm Mind|p2a: Blissey\n|-boost|p2a: Blissey|spa|1\n|-boost|p2a: Blissey|spd|1\n|move|p1a: Dondozo|Curse|p1a: Dondozo\n|-unboost|p1a: Dondozo|spe|1\n|-boost|p1a: Dondozo|atk|1\n|-boost|p1a: Dondozo|def|1\n|\n|upkeep\n|turn|61\n|\n|t:|1782437842\n|switch|p2a: Pecharunt|Pecharunt|100/100\n|move|p1a: Dondozo|Waterfall|p2a: Pecharunt\n|-damage|p2a: Pecharunt|74/100\n|\n|upkeep\n|turn|62\n|inactive|thepeakmons has 30 seconds left.\n|inactive|squid3011 has 30 seconds left.\n|\n|t:|1782437872\n|move|p2a: Pecharunt|Parting Shot|p1a: Dondozo\n|-unboost|p1a: Dondozo|atk|1\n|-unboost|p1a: Dondozo|spa|1\n|inactive|thepeakmons has 30 seconds left.\n|\n|t:|1782437885\n|switch|p2a: Blissey|Blissey, F|86/100|[from] Parting Shot\n|move|p1a: Dondozo|Waterfall|p2a: Blissey\n|-damage|p2a: Blissey|47/100\n|\n|upkeep\n|turn|63\n|inactive|thepeakmons has 30 seconds left.\n|\n|t:|1782437897\n|move|p2a: Blissey|Soft-Boiled|p2a: Blissey\n|-heal|p2a: Blissey|97/100\n|move|p1a: Dondozo|Waterfall|p2a: Blissey\n|-damage|p2a: Blissey|58/100\n|\n|upkeep\n|turn|64\n|inactive|thepeakmons has 30 seconds left.\n|\n|t:|1782437910\n|move|p2a: Blissey|Soft-Boiled|p2a: Blissey\n|-heal|p2a: Blissey|100/100\n|move|p1a: Dondozo|Curse|p1a: Dondozo\n|-unboost|p1a: Dondozo|spe|1\n|-boost|p1a: Dondozo|atk|1\n|-boost|p1a: Dondozo|def|1\n|\n|upkeep\n|turn|65\n|inactive|thepeakmons has 30 seconds left.\n|\n|t:|1782437931\n|switch|p2a: Pecharunt|Pecharunt|74/100\n|move|p1a: Dondozo|Waterfall|p2a: Pecharunt\n|-damage|p2a: Pecharunt|50/100\n|\n|upkeep\n|turn|66\n|inactive|thepeakmons has 30 seconds left.\n|\n|t:|1782437942\n|move|p2a: Pecharunt|Recover|p2a: Pecharunt\n|-heal|p2a: Pecharunt|99/100\n|move|p1a: Dondozo|Curse|p1a: Dondozo\n|-unboost|p1a: Dondozo|spe|1\n|-boost|p1a: Dondozo|atk|1\n|-boost|p1a: Dondozo|def|1\n|\n|upkeep\n|turn|67\n|\n|t:|1782437950\n|move|p2a: Pecharunt|Shadow Ball|p1a: Dondozo\n|-damage|p1a: Dondozo|79/100\n|move|p1a: Dondozo|Curse|p1a: Dondozo\n|-unboost|p1a: Dondozo|spe|1\n|-boost|p1a: Dondozo|atk|1\n|-boost|p1a: Dondozo|def|1\n|\n|upkeep\n|turn|68\n|\n|t:|1782437963\n|move|p2a: Pecharunt|Toxic|p1a: Dondozo\n|-status|p1a: Dondozo|tox\n|-start|p1a: Dondozo|confusion|[from] ability: Poison Puppeteer|[of] p2a: Pecharunt\n|-activate|p1a: Dondozo|confusion\n|move|p1a: Dondozo|Curse|p1a: Dondozo\n|-boost|p1a: Dondozo|atk|1\n|\n|-damage|p1a: Dondozo|73/100 tox|[from] psn\n|upkeep\n|turn|69\n|\n|t:|1782437969\n|move|p2a: Pecharunt|Parting Shot|p1a: Dondozo\n|-unboost|p1a: Dondozo|atk|1\n|-unboost|p1a: Dondozo|spa|1\n|\n|t:|1782437978\n|switch|p2a: Skarmory|Skarmory, F|100/100|[from] Parting Shot\n|-activate|p1a: Dondozo|confusion\n|move|p1a: Dondozo|Rest|p1a: Dondozo\n|-status|p1a: Dondozo|slp|[from] move: Rest\n|-heal|p1a: Dondozo|100/100 slp|[silent]\n|\n|upkeep\n|turn|70\n|\n|t:|1782437988\n|cant|p1a: Dondozo|slp\n|-end|p1a: Dondozo|confusion\n|move|p1a: Dondozo|Sleep Talk|p1a: Dondozo\n|move|p1a: Dondozo|Waterfall|p2a: Skarmory|[from] move: Sleep Talk\n|-damage|p2a: Skarmory|49/100\n|move|p2a: Skarmory|Whirlwind|p1a: Dondozo\n|drag|p1a: Gliscor|Gliscor, M|100/100 tox\n|-damage|p1a: Gliscor|88/100 tox|[from] Stealth Rock\n|\n|-heal|p1a: Gliscor|100/100 tox|[from] ability: Poison Heal\n|upkeep\n|turn|71\n|\n|t:|1782437997\n|move|p1a: Gliscor|Knock Off|p2a: Skarmory\n|-damage|p2a: Skarmory|41/100\n|move|p2a: Skarmory|Whirlwind|p1a: Gliscor\n|drag|p1a: Toxapex|Toxapex, F|100/100\n|-damage|p1a: Toxapex|88/100|[from] Stealth Rock\n|\n|upkeep\n|turn|72\n|inactive|thepeakmons has 60 seconds left.\n|\n|t:|1782438013\n|switch|p1a: Weezing|Weezing-Galar, M|100/100\n|-ability|p1a: Weezing|Neutralizing Gas\n|move|p2a: Skarmory|Roost|p2a: Skarmory\n|-heal|p2a: Skarmory|91/100\n|-singleturn|p2a: Skarmory|move: Roost\n|\n|upkeep\n|turn|73\n|inactive|squid3011 has 90 seconds left.\n|inactive|thepeakmons has 60 seconds left.\n|\n|t:|1782438048\n|move|p2a: Skarmory|Spikes|p1a: Weezing\n|-sidestart|p1: squid3011|Spikes\n|move|p1a: Weezing|Will-O-Wisp|p2a: Skarmory\n|-status|p2a: Skarmory|brn\n|\n|-damage|p2a: Skarmory|85/100 brn|[from] brn\n|upkeep\n|turn|74\n|\n|t:|1782438057\n|switch|p2a: Gliscor|Gliscor, F|63/100 tox\n|move|p1a: Weezing|Defog|p2a: Gliscor\n|-unboost|p2a: Gliscor|evasion|1\n|-sideend|p1: squid3011|Spikes|[from] move: Defog|[of] p1a: Weezing\n|-sideend|p1: squid3011|Stealth Rock|[from] move: Defog|[of] p1a: Weezing\n|\n|-damage|p2a: Gliscor|57/100 tox|[from] psn\n|upkeep\n|turn|75\n|\n|t:|1782438069\n|-end|p1a: Weezing|ability: Neutralizing Gas\n|switch|p1a: Gliscor|Gliscor, M|100/100 tox\n|move|p2a: Gliscor|Swords Dance|p2a: Gliscor\n|-boost|p2a: Gliscor|atk|2\n|\n|-heal|p2a: Gliscor|70/100 tox|[from] ability: Poison Heal\n|upkeep\n|turn|76\n|\n|t:|1782438081\n|move|p2a: Gliscor|Swords Dance|p2a: Gliscor\n|-boost|p2a: Gliscor|atk|2\n|move|p1a: Gliscor|Swords Dance|p1a: Gliscor\n|-boost|p1a: Gliscor|atk|2\n|\n|-heal|p2a: Gliscor|82/100 tox|[from] ability: Poison Heal\n|upkeep\n|turn|77\n|inactive|squid3011 has 60 seconds left.\n|\n|t:|1782438126\n|switch|p2a: Zamazenta|Zamazenta|100/100\n|-ability|p2a: Zamazenta|Dauntless Shield|boost\n|-boost|p2a: Zamazenta|def|1\n|move|p1a: Gliscor|Swords Dance|p1a: Gliscor\n|-boost|p1a: Gliscor|atk|2\n|\n|upkeep\n|turn|78\n|\n|t:|1782438133\n|move|p2a: Zamazenta|Ice Fang|p1a: Gliscor\n|-supereffective|p1a: Gliscor\n|-damage|p1a: Gliscor|32/100 tox\n|move|p1a: Gliscor|Knock Off|p2a: Zamazenta\n|-resisted|p2a: Zamazenta\n|-crit|p2a: Zamazenta\n|-damage|p2a: Zamazenta|58/100\n|-enditem|p2a: Zamazenta|Heavy-Duty Boots|[from] move: Knock Off|[of] p1a: Gliscor\n|\n|-heal|p1a: Gliscor|45/100 tox|[from] ability: Poison Heal\n|upkeep\n|turn|79\n|inactive|thepeakmons has 90 seconds left.\n|inactive|squid3011 has 60 seconds left.\n|inactive|squid3011 has 30 seconds left.\n|\n|t:|1782438179\n|move|p1a: Gliscor|Protect|p1a: Gliscor\n|-singleturn|p1a: Gliscor|Protect\n|move|p2a: Zamazenta|Ice Fang|p1a: Gliscor\n|-activate|p1a: Gliscor|move: Protect\n|\n|-heal|p1a: Gliscor|57/100 tox|[from] ability: Poison Heal\n|upkeep\n|turn|80\n|inactive|squid3011 has 30 seconds left.\n|inactive|thepeakmons has 90 seconds left.\n|\n|t:|1782438189\n|switch|p1a: Weezing|Weezing-Galar, M|100/100\n|-ability|p1a: Weezing|Neutralizing Gas\n|move|p2a: Zamazenta|Ice Fang|p1a: Weezing\n|-damage|p1a: Weezing|86/100\n|\n|upkeep\n|turn|81\n|inactive|squid3011 has 30 seconds left.\n|inactive|thepeakmons has 90 seconds left.\n|inactive|squid3011 has 20 seconds left.\n|inactive|squid3011 has 15 seconds left.\n|inactive|thepeakmons has 60 seconds left.\n|\n|t:|1782438229\n|move|p2a: Zamazenta|Heavy Slam|p1a: Weezing\n|-supereffective|p1a: Weezing\n|-damage|p1a: Weezing|38/100\n|move|p1a: Weezing|Will-O-Wisp|p2a: Zamazenta|[miss]\n|-miss|p1a: Weezing|p2a: Zamazenta\n|\n|upkeep\n|turn|82\n|inactive|squid3011 has 25 seconds left this turn.\n|inactive|squid3011 has 20 seconds left.\n|inactive|squid3011 has 15 seconds left.\n|inactive|thepeakmons has 60 seconds left.\n|inactive|squid3011 has 10 seconds left.\n|\n|t:|1782438252\n|-end|p1a: Weezing|ability: Neutralizing Gas\n|switch|p1a: Dondozo|Dondozo, M|100/100 slp\n|move|p2a: Zamazenta|Heavy Slam|p1a: Dondozo\n|-resisted|p1a: Dondozo\n|-damage|p1a: Dondozo|98/100 slp\n|\n|upkeep\n|turn|83\n|inactive|squid3011 has 20 seconds left this turn.\n|inactive|squid3011 has 15 seconds left.\n|inactive|squid3011 has 10 seconds left.\n|inactive|squid3011 has 5 seconds left.\n|\n|t:|1782438282\n|move|p2a: Zamazenta|Close Combat|p1a: Dondozo\n|-damage|p1a: Dondozo|73/100 slp\n|-unboost|p2a: Zamazenta|def|1\n|-unboost|p2a: Zamazenta|spd|1\n|cant|p1a: Dondozo|slp\n|\n|upkeep\n|turn|84\n|inactive|squid3011 has 15 seconds left this turn.\n|inactive|squid3011 has 10 seconds left.\n|inactive|thepeakmons has 30 seconds left.\n|\n|t:|1782438298\n|switch|p2a: Pecharunt|Pecharunt|99/100\n|-curestatus|p1a: Dondozo|slp|[msg]\n|move|p1a: Dondozo|Sleep Talk||[still]\n|-fail|p1a: Dondozo\n|\n|upkeep\n|turn|85\n|inactive|squid3011 has 20 seconds left this turn.\n|inactive|squid3011 has 15 seconds left.\n|\n|t:|1782438307\n|move|p2a: Pecharunt|Parting Shot|p1a: Dondozo\n|-unboost|p1a: Dondozo|atk|1\n|-unboost|p1a: Dondozo|spa|1\n|inactive|thepeakmons has 30 seconds left.\n|\n|t:|1782438317\n|switch|p2a: Blissey|Blissey, F|100/100|[from] Parting Shot\n|move|p1a: Dondozo|Curse|p1a: Dondozo\n|-unboost|p1a: Dondozo|spe|1\n|-boost|p1a: Dondozo|atk|1\n|-boost|p1a: Dondozo|def|1\n|\n|upkeep\n|turn|86\n|inactive|squid3011 has 30 seconds left this turn.\n|\n|t:|1782438327\n|move|p2a: Blissey|Stealth Rock|p1a: Dondozo\n|-sidestart|p1: squid3011|move: Stealth Rock\n|move|p1a: Dondozo|Curse|p1a: Dondozo\n|-unboost|p1a: Dondozo|spe|1\n|-boost|p1a: Dondozo|atk|1\n|-boost|p1a: Dondozo|def|1\n|\n|upkeep\n|turn|87\n|inactive|squid3011 has 30 seconds left.\n|inactive|squid3011 has 20 seconds left.\n|inactive|squid3011 has 15 seconds left.\n|inactive|squid3011 has 10 seconds left.\n|inactive|squid3011 has 5 seconds left.\n|\n|t:|1782438360\n|switch|p2a: Pecharunt|Pecharunt|99/100\n|move|p1a: Dondozo|Waterfall|p2a: Pecharunt\n|-damage|p2a: Pecharunt|80/100\n|\n|upkeep\n|turn|88\n|inactive|squid3011 has 15 seconds left this turn.\n|\n|t:|1782438373\n|move|p2a: Pecharunt|Shadow Ball|p1a: Dondozo\n|-crit|p1a: Dondozo\n|-damage|p1a: Dondozo|35/100\n|move|p1a: Dondozo|Curse|p1a: Dondozo\n|-unboost|p1a: Dondozo|spe|1\n|-boost|p1a: Dondozo|atk|1\n|-boost|p1a: Dondozo|def|1\n|\n|upkeep\n|turn|89\n|inactive|squid3011 has 25 seconds left this turn.\n|inactive|squid3011 has 20 seconds left.\n|inactive|squid3011 has 15 seconds left.\n|\n|t:|1782438389\n|switch|p1a: Corviknight|Corviknight, M|61/100\n|-damage|p1a: Corviknight|49/100|[from] Stealth Rock\n|-ability|p1a: Corviknight|Pressure\n|move|p2a: Pecharunt|Recover|p2a: Pecharunt\n|-heal|p2a: Pecharunt|100/100\n|\n|upkeep\n|turn|90\n|inactive|squid3011 has 25 seconds left this turn.\n|\n|t:|1782438402\n|move|p2a: Pecharunt|Parting Shot|p1a: Corviknight\n|-unboost|p1a: Corviknight|atk|1\n|-unboost|p1a: Corviknight|spa|1\n|\n|t:|1782438408\n|switch|p2a: Blissey|Blissey, F|100/100|[from] Parting Shot\n|move|p1a: Corviknight|Defog|p2a: Blissey\n|-unboost|p2a: Blissey|evasion|1\n|-sideend|p1: squid3011|Stealth Rock|[from] move: Defog|[of] p1a: Corviknight\n|\n|upkeep\n|turn|91\n|\n|t:|1782438422\n|move|p1a: Corviknight|Roost|p1a: Corviknight\n|-heal|p1a: Corviknight|99/100\n|-singleturn|p1a: Corviknight|move: Roost\n|move|p2a: Blissey|Stealth Rock|p1a: Corviknight\n|-sidestart|p1: squid3011|move: Stealth Rock\n|\n|upkeep\n|turn|92\n|\n|t:|1782438431\n|move|p1a: Corviknight|Body Press|p2a: Blissey\n|-supereffective|p2a: Blissey\n|-damage|p2a: Blissey|41/100\n|move|p2a: Blissey|Stealth Rock||[still]\n|-fail|p2a: Blissey\n|\n|upkeep\n|turn|93\n|\n|t:|1782438450\n|switch|p2a: Gliscor|Gliscor, F|82/100 tox\n|move|p1a: Corviknight|Defog|p2a: Gliscor\n|-unboost|p2a: Gliscor|evasion|1\n|-sideend|p1: squid3011|Stealth Rock|[from] move: Defog|[of] p1a: Corviknight\n|\n|-heal|p2a: Gliscor|95/100 tox|[from] ability: Poison Heal\n|upkeep\n|turn|94\n|inactive|squid3011 has 60 seconds left.\n|\n|t:|1782438484\n|switch|p2a: Zamazenta|Zamazenta|58/100\n|switch|p1a: Dondozo|Dondozo, M|35/100\n|\n|upkeep\n|turn|95\n|\n|t:|1782438488\n|move|p2a: Zamazenta|Close Combat|p1a: Dondozo\n|-crit|p1a: Dondozo\n|-damage|p1a: Dondozo|0 fnt\n|-unboost|p2a: Zamazenta|def|1\n|-unboost|p2a: Zamazenta|spd|1\n|faint|p1a: Dondozo\n|\n|upkeep\n|inactive|squid3011 has 30 seconds left.\n|inactive|squid3011 has 20 seconds left.\n|inactive|squid3011 has 15 seconds left.\n|inactive|squid3011 has 10 seconds left.\n|inactive|squid3011 has 5 seconds left.\n|-message|squid3011 lost due to inactivity.\n|\n|win|thepeakmons\n|raw|squid3011's rating: 1233 &rarr; <strong>1202</strong><br />(-31 for losing)\n|raw|thepeakmons's rating: 1147 &rarr; <strong>1178</strong><br />(+31 for winning)\n", "uploadtime": 1782438547, "views": 21, "formatid": "gen9ou", "rating": 1178, "private": 0, "password": null}