{"id": "gen9ou-2639304957", "format": "[Gen 9] OU", "players": ["lowser", "thepeakmons"], "log": "|j|☆lowser\n|j|☆thepeakmons\n|t:|1782449528\n|gametype|singles\n|player|p1|lowser|170|1270\n|player|p2|thepeakmons|101|1328\n|gen|9\n|tier|[Gen 9] OU\n|rated|\n|rule|HP Percentage Mod: HP is shown in percentages\n|rule|Endless Battle Clause: Forcing endless battles is banned\n|rule|Species Clause: Limit one of each Pokémon\n|rule|OHKO Clause: OHKO moves are banned\n|rule|Evasion Items Clause: Evasion items are banned\n|rule|Evasion Moves Clause: Evasion moves are banned\n|rule|Evasion Abilities Clause: Evasion abilities are banned\n|rule|Sleep Moves Clause: Sleep-inducing moves are banned\n|clearpoke\n|poke|p1|Toxicroak, F|\n|poke|p1|Pelipper, M|\n|poke|p1|Kingambit, M|\n|poke|p1|Barraskewda, F|\n|poke|p1|Gliscor, F|\n|poke|p1|Goodra-Hisui, F|\n|poke|p2|Gliscor, F|\n|poke|p2|Gholdengo|\n|poke|p2|Zamazenta-*|\n|poke|p2|Blissey, F|\n|poke|p2|Skarmory, F|\n|poke|p2|Pecharunt|\n|teampreview\n|inactive|Battle timer is ON: inactive players will automatically lose when time's up. (requested by lowser)\n|\n|t:|1782449539\n|teamsize|p1|6\n|teamsize|p2|6\n|start\n|switch|p1a: Gliscor|Gliscor, F|100/100\n|switch|p2a: Skarmory|Skarmory, F|100/100\n|turn|1\n|inactive|thepeakmons also wants the timer to be on.\n|inactive|thepeakmons has 120 seconds left.\n|\n|t:|1782449573\n|move|p1a: Gliscor|Stealth Rock|p2a: Skarmory\n|-sidestart|p2: thepeakmons|move: Stealth Rock\n|move|p2a: Skarmory|Spikes|p1a: Gliscor\n|-sidestart|p1: lowser|Spikes\n|\n|-status|p1a: Gliscor|tox|[from] item: Toxic Orb\n|upkeep\n|turn|2\n|\n|t:|1782449585\n|switch|p1a: Goodra|Goodra-Hisui, F|100/100\n|-damage|p1a: Goodra|88/100|[from] Spikes\n|move|p2a: Skarmory|Spikes|p1a: Goodra\n|-sidestart|p1: lowser|Spikes\n|\n|upkeep\n|turn|3\n|\n|t:|1782449593\n|switch|p2a: Blissey|Blissey, F|100/100\n|move|p1a: Goodra|Flamethrower|p2a: Blissey\n|-damage|p2a: Blissey|93/100\n|\n|upkeep\n|turn|4\n|\n|t:|1782449603\n|move|p2a: Blissey|Stealth Rock|p1a: Goodra\n|-sidestart|p1: lowser|move: Stealth Rock\n|move|p1a: Goodra|Dragon Tail|p2a: Blissey\n|-damage|p2a: Blissey|75/100\n|drag|p2a: Skarmory|Skarmory, F|100/100\n|\n|upkeep\n|turn|5\n|\n|t:|1782449611\n|move|p2a: Skarmory|Body Press|p1a: Goodra\n|-supereffective|p1a: Goodra\n|-damage|p1a: Goodra|33/100\n|move|p1a: Goodra|Flamethrower|p2a: Skarmory\n|-supereffective|p2a: Skarmory\n|-damage|p2a: Skarmory|32/100\n|\n|upkeep\n|turn|6\n|\n|t:|1782449624\n|switch|p1a: Pelipper|Pelipper, M|100/100\n|-damage|p1a: Pelipper|75/100|[from] Stealth Rock\n|-weather|RainDance|[from] ability: Drizzle|[of] p1a: Pelipper\n|move|p2a: Skarmory|Body Press|p1a: Pelipper\n|-resisted|p1a: Pelipper\n|-damage|p1a: Pelipper|63/100\n|\n|-weather|RainDance|[upkeep]\n|upkeep\n|turn|7\n|\n|t:|1782449634\n|move|p2a: Skarmory|Roost|p2a: Skarmory\n|-heal|p2a: Skarmory|82/100\n|-singleturn|p2a: Skarmory|move: Roost\n|move|p1a: Pelipper|Roost|p1a: Pelipper\n|-heal|p1a: Pelipper|100/100\n|-singleturn|p1a: Pelipper|move: Roost\n|\n|-weather|RainDance|[upkeep]\n|upkeep\n|turn|8\n|\n|t:|1782449642\n|move|p2a: Skarmory|Spikes|p1a: Pelipper\n|-sidestart|p1: lowser|Spikes\n|move|p1a: Pelipper|Weather Ball|p2a: Skarmory\n|-damage|p2a: Skarmory|19/100\n|\n|-weather|RainDance|[upkeep]\n|upkeep\n|turn|9\n|\n|t:|1782449655\n|switch|p2a: Blissey|Blissey, F|75/100\n|move|p1a: Pelipper|Weather Ball|p2a: Blissey\n|-damage|p2a: Blissey|61/100\n|\n|-weather|RainDance|[upkeep]\n|upkeep\n|turn|10\n|\n|t:|1782449675\n|move|p1a: Pelipper|U-turn|p2a: Blissey\n|-damage|p2a: Blissey|52/100\n|\n|t:|1782449680\n|switch|p1a: Barraskewda|Barraskewda, F|100/100|[from] U-turn\n|-damage|p1a: Barraskewda|76/100|[from] Spikes\n|-damage|p1a: Barraskewda|64/100|[from] Stealth Rock\n|move|p2a: Blissey|Soft-Boiled|p2a: Blissey\n|-heal|p2a: Blissey|100/100\n|\n|-weather|RainDance|[upkeep]\n|upkeep\n|turn|11\n|\n|t:|1782449692\n|switch|p2a: Zamazenta|Zamazenta|100/100\n|-ability|p2a: Zamazenta|Dauntless Shield|boost\n|-boost|p2a: Zamazenta|def|1\n|move|p1a: Barraskewda|Close Combat|p2a: Zamazenta\n|-damage|p2a: Zamazenta|75/100\n|-unboost|p1a: Barraskewda|def|1\n|-unboost|p1a: Barraskewda|spd|1\n|\n|-weather|RainDance|[upkeep]\n|upkeep\n|turn|12\n|\n|t:|1782449708\n|switch|p1a: Goodra|Goodra-Hisui, F|33/100\n|-damage|p1a: Goodra|8/100|[from] Spikes\n|-damage|p1a: Goodra|2/100|[from] Stealth Rock\n|move|p2a: Zamazenta|Close Combat|p1a: Goodra\n|-supereffective|p1a: Goodra\n|-damage|p1a: Goodra|0 fnt\n|-unboost|p2a: Zamazenta|def|1\n|-unboost|p2a: Zamazenta|spd|1\n|faint|p1a: Goodra\n|\n|-weather|RainDance|[upkeep]\n|upkeep\n|\n|t:|1782449716\n|switch|p1a: Barraskewda|Barraskewda, F|64/100\n|-damage|p1a: Barraskewda|39/100|[from] Spikes\n|-damage|p1a: Barraskewda|27/100|[from] Stealth Rock\n|turn|13\n|\n|t:|1782449724\n|switch|p2a: Pecharunt|Pecharunt|100/100\n|move|p1a: Barraskewda|Liquidation|p2a: Pecharunt\n|-damage|p2a: Pecharunt|61/100\n|\n|-weather|none\n|upkeep\n|turn|14\n|\n|t:|1782449741\n|move|p1a: Barraskewda|Liquidation|p2a: Pecharunt\n|-damage|p2a: Pecharunt|36/100\n|move|p2a: Pecharunt|Recover|p2a: Pecharunt\n|-heal|p2a: Pecharunt|86/100\n|\n|upkeep\n|turn|15\n|\n|t:|1782449754\n|move|p1a: Barraskewda|Liquidation|p2a: Pecharunt\n|-damage|p2a: Pecharunt|58/100\n|-unboost|p2a: Pecharunt|def|1\n|move|p2a: Pecharunt|Recover|p2a: Pecharunt\n|-heal|p2a: Pecharunt|100/100\n|\n|upkeep\n|turn|16\n|\n|t:|1782449771\n|move|p1a: Barraskewda|Liquidation|p2a: Pecharunt\n|-damage|p2a: Pecharunt|60/100\n|-unboost|p2a: Pecharunt|def|1\n|move|p2a: Pecharunt|Shadow Ball|p1a: Barraskewda\n|-damage|p1a: Barraskewda|0 fnt\n|faint|p1a: Barraskewda\n|\n|upkeep\n|\n|t:|1782449785\n|switch|p1a: Kingambit|Kingambit, M|100/100\n|-damage|p1a: Kingambit|75/100|[from] Spikes\n|-damage|p1a: Kingambit|69/100|[from] Stealth Rock\n|-activate|p1a: Kingambit|ability: Supreme Overlord\n|-start|p1a: Kingambit|fallen2|[silent]\n|turn|17\n|\n|t:|1782449795\n|move|p2a: Pecharunt|Parting Shot|p1a: Kingambit\n|-unboost|p1a: Kingambit|atk|1\n|-unboost|p1a: Kingambit|spa|1\n|\n|t:|1782449806\n|switch|p2a: Skarmory|Skarmory, F|19/100|[from] Parting Shot\n|move|p1a: Kingambit|Swords Dance|p1a: Kingambit\n|-boost|p1a: Kingambit|atk|2\n|\n|-heal|p1a: Kingambit|75/100|[from] item: Leftovers\n|upkeep\n|turn|18\n|\n|t:|1782449818\n|-terastallize|p1a: Kingambit|Ghost\n|move|p2a: Skarmory|Roost|p2a: Skarmory\n|-heal|p2a: Skarmory|69/100\n|-singleturn|p2a: Skarmory|move: Roost\n|move|p1a: Kingambit|Kowtow Cleave|p2a: Skarmory\n|-damage|p2a: Skarmory|9/100\n|\n|-heal|p1a: Kingambit|82/100|[from] item: Leftovers\n|upkeep\n|turn|19\n|\n|t:|1782449833\n|move|p2a: Skarmory|Roost|p2a: Skarmory\n|-heal|p2a: Skarmory|59/100\n|-singleturn|p2a: Skarmory|move: Roost\n|move|p1a: Kingambit|Swords Dance|p1a: Kingambit\n|-boost|p1a: Kingambit|atk|2\n|\n|-heal|p1a: Kingambit|88/100|[from] item: Leftovers\n|upkeep\n|turn|20\n|\n|t:|1782449848\n|move|p1a: Kingambit|Kowtow Cleave|p2a: Skarmory\n|-damage|p2a: Skarmory|0 fnt\n|faint|p2a: Skarmory\n|\n|-heal|p1a: Kingambit|94/100|[from] item: Leftovers\n|upkeep\n|\n|t:|1782449860\n|switch|p2a: Gholdengo|Gholdengo|100/100\n|-damage|p2a: Gholdengo|94/100|[from] Stealth Rock\n|turn|21\n|\n|t:|1782449867\n|move|p1a: Kingambit|Sucker Punch||[still]\n|-fail|p1a: Kingambit\n|move|p2a: Gholdengo|Thunder Wave|p1a: Kingambit\n|-status|p1a: Kingambit|par\n|\n|-heal|p1a: Kingambit|99/100 par|[from] item: Leftovers\n|upkeep\n|turn|22\n|\n|t:|1782449875\n|move|p1a: Kingambit|Sucker Punch|p2a: Gholdengo\n|-supereffective|p2a: Gholdengo\n|-damage|p2a: Gholdengo|0 fnt\n|faint|p2a: Gholdengo\n|\n|-heal|p1a: Kingambit|100/100 par|[from] item: Leftovers\n|upkeep\n|\n|t:|1782449881\n|switch|p2a: Pecharunt|Pecharunt|60/100\n|turn|23\n|\n|t:|1782449888\n|move|p2a: Pecharunt|Parting Shot|p1a: Kingambit\n|-unboost|p1a: Kingambit|atk|1\n|-unboost|p1a: Kingambit|spa|1\n|\n|t:|1782449896\n|switch|p2a: Zamazenta|Zamazenta|75/100|[from] Parting Shot\n|move|p1a: Kingambit|Kowtow Cleave|p2a: Zamazenta\n|-resisted|p2a: Zamazenta\n|-damage|p2a: Zamazenta|15/100\n|\n|upkeep\n|turn|24\n|\n|t:|1782449909\n|cant|p1a: Kingambit|par\n|move|p2a: Zamazenta|Crunch|p1a: Kingambit\n|-supereffective|p1a: Kingambit\n|-damage|p1a: Kingambit|59/100 par\n|\n|-heal|p1a: Kingambit|66/100 par|[from] item: Leftovers\n|upkeep\n|turn|25\n|\n|t:|1782449920\n|switch|p2a: Gliscor|Gliscor, F|100/100\n|-damage|p2a: Gliscor|88/100|[from] Stealth Rock\n|move|p1a: Kingambit|Sucker Punch||[still]\n|-fail|p1a: Kingambit\n|\n|-heal|p1a: Kingambit|72/100 par|[from] item: Leftovers\n|-status|p2a: Gliscor|tox|[from] item: Toxic Orb\n|upkeep\n|turn|26\n|\n|t:|1782449928\n|move|p2a: Gliscor|Protect|p2a: Gliscor\n|-singleturn|p2a: Gliscor|Protect\n|move|p1a: Kingambit|Swords Dance|p1a: Kingambit\n|-boost|p1a: Kingambit|atk|2\n|\n|-heal|p1a: Kingambit|78/100 par|[from] item: Leftovers\n|-heal|p2a: Gliscor|100/100 tox|[from] ability: Poison Heal\n|upkeep\n|turn|27\n|\n|t:|1782449942\n|switch|p2a: Zamazenta|Zamazenta|15/100\n|move|p1a: Kingambit|Kowtow Cleave|p2a: Zamazenta\n|-resisted|p2a: Zamazenta\n|-damage|p2a: Zamazenta|0 fnt\n|faint|p2a: Zamazenta\n|\n|-heal|p1a: Kingambit|84/100 par|[from] item: Leftovers\n|upkeep\n|\n|t:|1782449949\n|switch|p2a: Pecharunt|Pecharunt|60/100\n|turn|28\n|\n|t:|1782449956\n|move|p2a: Pecharunt|Shadow Ball|p1a: Kingambit\n|-supereffective|p1a: Kingambit\n|-damage|p1a: Kingambit|34/100 par\n|move|p1a: Kingambit|Kowtow Cleave|p2a: Pecharunt\n|-supereffective|p2a: Pecharunt\n|-damage|p2a: Pecharunt|0 fnt\n|faint|p2a: Pecharunt\n|\n|-heal|p1a: Kingambit|40/100 par|[from] item: Leftovers\n|upkeep\n|\n|t:|1782449964\n|switch|p2a: Gliscor|Gliscor, F|100/100 tox\n|-damage|p2a: Gliscor|88/100 tox|[from] Stealth Rock\n|turn|29\n|\n|t:|1782449975\n|cant|p1a: Kingambit|par\n|move|p2a: Gliscor|Earthquake|p1a: Kingambit\n|-damage|p1a: Kingambit|17/100 par\n|\n|-heal|p1a: Kingambit|23/100 par|[from] item: Leftovers\n|-heal|p2a: Gliscor|100/100 tox|[from] ability: Poison Heal\n|upkeep\n|turn|30\n|\n|t:|1782449980\n|move|p1a: Kingambit|Sucker Punch|p2a: Gliscor\n|-damage|p2a: Gliscor|0 fnt\n|faint|p2a: Gliscor\n|\n|-heal|p1a: Kingambit|29/100 par|[from] item: Leftovers\n|upkeep\n|\n|t:|1782449997\n|switch|p2a: Blissey|Blissey, F|100/100\n|turn|31\n|\n|t:|1782449999\n|move|p2a: Blissey|Shadow Ball|p1a: Kingambit\n|-supereffective|p1a: Kingambit\n|-damage|p1a: Kingambit|0 fnt\n|faint|p1a: Kingambit\n|-end|p1a: Kingambit|fallen2|[silent]\n|\n|upkeep\n|\n|t:|1782450008\n|switch|p1a: Gliscor|Gliscor, F|100/100 tox\n|-damage|p1a: Gliscor|88/100 tox|[from] Stealth Rock\n|turn|32\n|\n|t:|1782450020\n|move|p1a: Gliscor|Toxic|p2a: Blissey\n|-status|p2a: Blissey|tox\n|move|p2a: Blissey|Calm Mind|p2a: Blissey\n|-boost|p2a: Blissey|spa|1\n|-boost|p2a: Blissey|spd|1\n|\n|-heal|p1a: Gliscor|100/100 tox|[from] ability: Poison Heal\n|-damage|p2a: Blissey|94/100 tox|[from] psn\n|upkeep\n|turn|33\n|\n|t:|1782450030\n|move|p1a: Gliscor|Earthquake|p2a: Blissey\n|-damage|p2a: Blissey|63/100 tox\n|move|p2a: Blissey|Soft-Boiled|p2a: Blissey\n|-heal|p2a: Blissey|100/100 tox\n|\n|-damage|p2a: Blissey|88/100 tox|[from] psn\n|upkeep\n|turn|34\n|\n|t:|1782450045\n|move|p1a: Gliscor|Earthquake|p2a: Blissey\n|-damage|p2a: Blissey|54/100 tox\n|move|p2a: Blissey|Soft-Boiled|p2a: Blissey\n|-heal|p2a: Blissey|100/100 tox\n|\n|-damage|p2a: Blissey|82/100 tox|[from] psn\n|upkeep\n|turn|35\n|\n|t:|1782450053\n|move|p1a: Gliscor|Earthquake|p2a: Blissey\n|-damage|p2a: Blissey|48/100 tox\n|move|p2a: Blissey|Soft-Boiled|p2a: Blissey\n|-heal|p2a: Blissey|98/100 tox\n|\n|-damage|p2a: Blissey|73/100 tox|[from] psn\n|upkeep\n|turn|36\n|c|☆lowser|bro\n|\n|t:|1782450068\n|move|p1a: Gliscor|Earthquake|p2a: Blissey\n|-damage|p2a: Blissey|41/100 tox\n|move|p2a: Blissey|Shadow Ball|p1a: Gliscor\n|-damage|p1a: Gliscor|81/100 tox\n|\n|-heal|p1a: Gliscor|93/100 tox|[from] ability: Poison Heal\n|-damage|p2a: Blissey|10/100 tox|[from] psn\n|upkeep\n|turn|37\n|\n|t:|1782450082\n|move|p1a: Gliscor|Earthquake|p2a: Blissey\n|-damage|p2a: Blissey|0 fnt\n|faint|p2a: Blissey\n|\n|win|lowser\n|raw|lowser's rating: 1270 &rarr; <strong>1298</strong><br />(+28 for winning)\n|raw|thepeakmons's rating: 1313 &rarr; <strong>1291</strong><br />(-22 for losing)\n|l|☆lowser\n|player|p1|\n", "uploadtime": 1782450097, "views": 13, "formatid": "gen9ou", "rating": 1291, "private": 0, "password": null}