{"id": "gen9ou-2639310206", "format": "[Gen 9] OU", "players": ["LegoesPeak", "psychlops"], "log": "|j|☆LegoesPeak\n|j|☆psychlops\n|t:|1782450535\n|gametype|singles\n|player|p1|LegoesPeak|n|1449\n|player|p2|psychlops|depotagent|1458\n|gen|9\n|tier|[Gen 9] OU\n|rated|\n|rule|HP Percentage Mod: HP is shown in percentages\n|rule|Endless Battle Clause: Forcing endless battles is banned\n|rule|Species Clause: Limit one of each Pokémon\n|rule|OHKO Clause: OHKO moves are banned\n|rule|Evasion Items Clause: Evasion items are banned\n|rule|Evasion Moves Clause: Evasion moves are banned\n|rule|Evasion Abilities Clause: Evasion abilities are banned\n|rule|Sleep Moves Clause: Sleep-inducing moves are banned\n|clearpoke\n|poke|p1|Lokix, M|\n|poke|p1|Iron Crown|\n|poke|p1|Gliscor, M|\n|poke|p1|Garganacl, F|\n|poke|p1|Pecharunt|\n|poke|p1|Cinderace, F|\n|poke|p2|Ting-Lu|\n|poke|p2|Gliscor, M|\n|poke|p2|Sinistcha-Masterpiece|\n|poke|p2|Keldeo|\n|poke|p2|Tinkaton, F|\n|poke|p2|Dragonite, M|\n|teampreview\n|inactive|Battle timer is ON: inactive players will automatically lose when time's up. (requested by LegoesPeak)\n|inactive|LegoesPeak has 120 seconds left.\n|\n|t:|1782450585\n|teamsize|p1|6\n|teamsize|p2|6\n|start\n|switch|p1a: Lokix|Lokix, M|100/100\n|switch|p2a: Gliscor|Gliscor, M|100/100\n|turn|1\n|\n|t:|1782450600\n|move|p2a: Gliscor|Protect|p2a: Gliscor\n|-singleturn|p2a: Gliscor|Protect\n|move|p1a: Lokix|Knock Off|p2a: Gliscor\n|-activate|p2a: Gliscor|move: Protect\n|\n|-status|p2a: Gliscor|tox|[from] item: Toxic Orb\n|upkeep\n|turn|2\n|\n|t:|1782450611\n|move|p2a: Gliscor|Knock Off|p1a: Lokix\n|-resisted|p1a: Lokix\n|-damage|p1a: Lokix|84/100\n|-enditem|p1a: Lokix|Silver Powder|[from] move: Knock Off|[of] p2a: Gliscor\n|move|p1a: Lokix|U-turn|p2a: Gliscor\n|-resisted|p2a: Gliscor\n|-damage|p2a: Gliscor|75/100 tox\n|\n|t:|1782450629\n|switch|p1a: Gliscor|Gliscor, M|100/100|[from] U-turn\n|\n|-heal|p2a: Gliscor|88/100 tox|[from] ability: Poison Heal\n|-status|p1a: Gliscor|tox|[from] item: Toxic Orb\n|upkeep\n|turn|3\n|\n|t:|1782450636\n|move|p1a: Gliscor|Swords Dance|p1a: Gliscor\n|-boost|p1a: Gliscor|atk|2\n|move|p2a: Gliscor|Swords Dance|p2a: Gliscor\n|-boost|p2a: Gliscor|atk|2\n|\n|-heal|p2a: Gliscor|100/100 tox|[from] ability: Poison Heal\n|upkeep\n|turn|4\n|inactive|psychlops has 120 seconds left.\n|\n|t:|1782450686\n|move|p2a: Gliscor|Swords Dance|p2a: Gliscor\n|-boost|p2a: Gliscor|atk|2\n|move|p1a: Gliscor|Swords Dance|p1a: Gliscor\n|-boost|p1a: Gliscor|atk|2\n|\n|upkeep\n|turn|5\n|\n|t:|1782450702\n|move|p1a: Gliscor|Facade|p2a: Gliscor\n|-damage|p2a: Gliscor|12/100 tox\n|move|p2a: Gliscor|Swords Dance|p2a: Gliscor\n|-boost|p2a: Gliscor|atk|2\n|\n|-heal|p2a: Gliscor|25/100 tox|[from] ability: Poison Heal\n|upkeep\n|turn|6\n|\n|t:|1782450707\n|move|p2a: Gliscor|Protect|p2a: Gliscor\n|-singleturn|p2a: Gliscor|Protect\n|move|p1a: Gliscor|Facade|p2a: Gliscor\n|-activate|p2a: Gliscor|move: Protect\n|\n|-heal|p2a: Gliscor|37/100 tox|[from] ability: Poison Heal\n|upkeep\n|turn|7\n|\n|t:|1782450711\n|move|p2a: Gliscor|Facade|p1a: Gliscor\n|-damage|p1a: Gliscor|0 fnt\n|faint|p1a: Gliscor\n|\n|-heal|p2a: Gliscor|50/100 tox|[from] ability: Poison Heal\n|upkeep\n|\n|t:|1782450724\n|switch|p1a: Iron Crown|Iron Crown|100/100\n|turn|8\n|\n|t:|1782450731\n|move|p2a: Gliscor|Protect|p2a: Gliscor\n|-singleturn|p2a: Gliscor|Protect\n|move|p1a: Iron Crown|Tachyon Cutter|p2a: Gliscor\n|-activate|p2a: Gliscor|move: Protect\n|\n|-heal|p2a: Gliscor|62/100 tox|[from] ability: Poison Heal\n|upkeep\n|turn|9\n|\n|t:|1782450737\n|switch|p2a: Ting-Lu|Ting-Lu|100/100\n|-ability|p2a: Ting-Lu|Vessel of Ruin\n|move|p1a: Iron Crown|Tachyon Cutter|p2a: Ting-Lu\n|-damage|p2a: Ting-Lu|85/100\n|-damage|p2a: Ting-Lu|69/100\n|-hitcount|p2a: Ting-Lu|2\n|\n|-heal|p2a: Ting-Lu|75/100|[from] item: Leftovers\n|upkeep\n|turn|10\n|\n|t:|1782450746\n|-end|p1a: Iron Crown|Quark Drive|[silent]\n|switch|p1a: Lokix|Lokix, M|84/100\n|move|p2a: Ting-Lu|Ruination|p1a: Lokix\n|-damage|p1a: Lokix|42/100\n|\n|-heal|p2a: Ting-Lu|81/100|[from] item: Leftovers\n|upkeep\n|turn|11\n|\n|t:|1782450752\n|switch|p2a: Gliscor|Gliscor, M|62/100 tox\n|move|p1a: Lokix|First Impression|p2a: Gliscor\n|-resisted|p2a: Gliscor\n|-damage|p2a: Gliscor|28/100 tox\n|\n|-heal|p2a: Gliscor|40/100 tox|[from] ability: Poison Heal\n|upkeep\n|turn|12\n|\n|t:|1782450761\n|switch|p1a: Garganacl|Garganacl, F|100/100\n|move|p2a: Gliscor|Protect||[still]\n|-fail|p2a: Gliscor\n|\n|-heal|p2a: Gliscor|53/100 tox|[from] ability: Poison Heal\n|upkeep\n|turn|13\n|inactive|psychlops has 120 seconds left.\n|\n|t:|1782450802\n|move|p2a: Gliscor|Protect|p2a: Gliscor\n|-singleturn|p2a: Gliscor|Protect\n|move|p1a: Garganacl|Salt Cure|p2a: Gliscor\n|-activate|p2a: Gliscor|move: Protect\n|\n|-heal|p2a: Gliscor|65/100 tox|[from] ability: Poison Heal\n|upkeep\n|turn|14\n|\n|t:|1782450810\n|move|p2a: Gliscor|Knock Off|p1a: Garganacl\n|-damage|p1a: Garganacl|85/100\n|-enditem|p1a: Garganacl|Leftovers|[from] move: Knock Off|[of] p2a: Gliscor\n|move|p1a: Garganacl|Salt Cure|p2a: Gliscor\n|-damage|p2a: Gliscor|55/100 tox\n|-start|p2a: Gliscor|Salt Cure\n|\n|-heal|p2a: Gliscor|67/100 tox|[from] ability: Poison Heal\n|-damage|p2a: Gliscor|55/100 tox|[from] Salt Cure\n|upkeep\n|turn|15\n|inactive|psychlops has 120 seconds left.\n|\n|t:|1782450828\n|switch|p2a: Sinistcha|Sinistcha-Masterpiece|100/100\n|move|p1a: Garganacl|Stealth Rock|p2a: Sinistcha\n|-sidestart|p2: psychlops|move: Stealth Rock\n|\n|upkeep\n|turn|16\n|\n|t:|1782450842\n|switch|p1a: Cinderace|Cinderace, F|100/100\n|move|p2a: Sinistcha|Calm Mind|p2a: Sinistcha\n|-boost|p2a: Sinistcha|spa|1\n|-boost|p2a: Sinistcha|spd|1\n|\n|upkeep\n|turn|17\n|\n|t:|1782450850\n|move|p1a: Cinderace|U-turn|p2a: Sinistcha\n|-start|p1a: Cinderace|typechange|Bug|[from] ability: Libero\n|-damage|p2a: Sinistcha|75/100\n|\n|t:|1782450861\n|switch|p1a: Pecharunt|Pecharunt|100/100|[from] U-turn\n|move|p2a: Sinistcha|Strength Sap|p1a: Pecharunt\n|-unboost|p1a: Pecharunt|atk|1\n|-heal|p2a: Sinistcha|100/100\n|\n|upkeep\n|turn|18\n|\n|t:|1782450871\n|switch|p2a: Tinkaton|Tinkaton, F|100/100\n|-damage|p2a: Tinkaton|94/100|[from] Stealth Rock\n|-ability|p2a: Tinkaton|Mold Breaker\n|-item|p2a: Tinkaton|Air Balloon\n|move|p1a: Pecharunt|Parting Shot|p2a: Tinkaton\n|-unboost|p2a: Tinkaton|atk|1\n|-unboost|p2a: Tinkaton|spa|1\n|\n|t:|1782450878\n|switch|p1a: Cinderace|Cinderace, F|100/100|[from] Parting Shot\n|\n|upkeep\n|turn|19\n|\n|t:|1782450883\n|switch|p2a: Dragonite|Dragonite, M|100/100\n|move|p1a: Cinderace|Pyro Ball|p2a: Dragonite\n|-resisted|p2a: Dragonite\n|-damage|p2a: Dragonite|88/100\n|\n|upkeep\n|turn|20\n|\n|t:|1782450892\n|move|p1a: Cinderace|Will-O-Wisp|p2a: Dragonite\n|-status|p2a: Dragonite|brn\n|move|p2a: Dragonite|Earthquake|p1a: Cinderace\n|-supereffective|p1a: Cinderace\n|-damage|p1a: Cinderace|44/100\n|\n|-damage|p2a: Dragonite|82/100 brn|[from] brn\n|upkeep\n|turn|21\n|\n|t:|1782450904\n|move|p1a: Cinderace|U-turn|p2a: Dragonite\n|-start|p1a: Cinderace|typechange|Bug|[from] ability: Libero\n|-resisted|p2a: Dragonite\n|-damage|p2a: Dragonite|67/100 brn\n|\n|t:|1782450922\n|switch|p1a: Pecharunt|Pecharunt|100/100|[from] U-turn\n|move|p2a: Dragonite|Dragon Tail|p1a: Pecharunt\n|-damage|p1a: Pecharunt|93/100\n|drag|p1a: Lokix|Lokix, M|42/100\n|\n|-damage|p2a: Dragonite|61/100 brn|[from] brn\n|upkeep\n|turn|22\n|\n|t:|1782450938\n|switch|p2a: Gliscor|Gliscor, M|55/100 tox\n|-damage|p2a: Gliscor|42/100 tox|[from] Stealth Rock\n|move|p1a: Lokix|Knock Off|p2a: Gliscor\n|-damage|p2a: Gliscor|6/100 tox\n|-enditem|p2a: Gliscor|Toxic Orb|[from] move: Knock Off|[of] p1a: Lokix\n|\n|-heal|p2a: Gliscor|19/100 tox|[from] ability: Poison Heal\n|upkeep\n|turn|23\n|\n|t:|1782450954\n|switch|p1a: Iron Crown|Iron Crown|100/100\n|move|p2a: Gliscor|Facade|p1a: Iron Crown\n|-resisted|p1a: Iron Crown\n|-damage|p1a: Iron Crown|85/100\n|\n|-heal|p2a: Gliscor|31/100 tox|[from] ability: Poison Heal\n|upkeep\n|turn|24\n|\n|t:|1782450961\n|move|p2a: Gliscor|Protect|p2a: Gliscor\n|-singleturn|p2a: Gliscor|Protect\n|move|p1a: Iron Crown|Tachyon Cutter|p2a: Gliscor\n|-activate|p2a: Gliscor|move: Protect\n|\n|-heal|p2a: Gliscor|44/100 tox|[from] ability: Poison Heal\n|upkeep\n|turn|25\n|\n|t:|1782450965\n|-end|p1a: Iron Crown|Quark Drive|[silent]\n|switch|p1a: Lokix|Lokix, M|42/100\n|switch|p2a: Ting-Lu|Ting-Lu|81/100\n|-damage|p2a: Ting-Lu|75/100|[from] Stealth Rock\n|-ability|p2a: Ting-Lu|Vessel of Ruin\n|\n|-heal|p2a: Ting-Lu|81/100|[from] item: Leftovers\n|upkeep\n|turn|26\n|\n|t:|1782450970\n|switch|p2a: Gliscor|Gliscor, M|44/100 tox\n|-damage|p2a: Gliscor|31/100 tox|[from] Stealth Rock\n|move|p1a: Lokix|First Impression|p2a: Gliscor\n|-resisted|p2a: Gliscor\n|-damage|p2a: Gliscor|0 fnt\n|faint|p2a: Gliscor\n|\n|upkeep\n|\n|t:|1782450975\n|switch|p2a: Keldeo|Keldeo|100/100\n|turn|27\n|\n|t:|1782450996\n|switch|p1a: Cinderace|Cinderace, F|44/100\n|move|p2a: Keldeo|Surf|p1a: Cinderace\n|-supereffective|p1a: Cinderace\n|-damage|p1a: Cinderace|0 fnt\n|faint|p1a: Cinderace\n|\n|upkeep\n|inactive|LegoesPeak has 120 seconds left.\n|\n|t:|1782451040\n|switch|p1a: Iron Crown|Iron Crown|85/100\n|turn|28\n|inactive|LegoesPeak has 90 seconds left.\n|\n|t:|1782451060\n|-end|p1a: Iron Crown|Quark Drive|[silent]\n|switch|p1a: Pecharunt|Pecharunt|93/100\n|move|p2a: Keldeo|Flip Turn|p1a: Pecharunt\n|-damage|p1a: Pecharunt|87/100\n|\n|t:|1782451070\n|switch|p2a: Tinkaton|Tinkaton, F|94/100|[from] Flip Turn\n|-damage|p2a: Tinkaton|88/100|[from] Stealth Rock\n|-ability|p2a: Tinkaton|Mold Breaker\n|-item|p2a: Tinkaton|Air Balloon\n|\n|upkeep\n|turn|29\n|\n|t:|1782451077\n|move|p2a: Tinkaton|Stealth Rock|p1a: Pecharunt\n|-sidestart|p1: LegoesPeak|move: Stealth Rock\n|move|p1a: Pecharunt|Parting Shot|p2a: Tinkaton\n|-unboost|p2a: Tinkaton|atk|1\n|-unboost|p2a: Tinkaton|spa|1\n|\n|t:|1782451085\n|switch|p1a: Iron Crown|Iron Crown|85/100|[from] Parting Shot\n|-damage|p1a: Iron Crown|78/100|[from] Stealth Rock\n|\n|upkeep\n|turn|30\n|inactive|psychlops has 120 seconds left.\n|-message|LegoesPeak forfeited.\n|\n|win|psychlops\n|raw|LegoesPeak's rating: 1449 &rarr; <strong>1431</strong><br />(-18 for losing)\n|raw|psychlops's rating: 1477 &rarr; <strong>1495</strong><br />(+18 for winning)\n|l|☆LegoesPeak\n|player|p1|\n|l|☆psychlops\n|player|p2|\n", "uploadtime": 1782451391, "views": 5, "formatid": "gen9ou", "rating": 1431, "private": 0, "password": null}