{"id": "gen9ou-2639197536", "format": "[Gen 9] OU", "players": ["walkingwini22", "Leap Call"], "log": "|j|☆walkingwini22\n|j|‽Leap Call\n|t:|1782432687\n|gametype|singles\n|player|p1|walkingwini22|265|1521\n|player|p2|Leap Call|170|1497\n|gen|9\n|tier|[Gen 9] OU\n|rated|\n|rule|HP Percentage Mod: HP is shown in percentages\n|rule|Endless Battle Clause: Forcing endless battles is banned\n|rule|Species Clause: Limit one of each Pokémon\n|rule|OHKO Clause: OHKO moves are banned\n|rule|Evasion Items Clause: Evasion items are banned\n|rule|Evasion Moves Clause: Evasion moves are banned\n|rule|Evasion Abilities Clause: Evasion abilities are banned\n|rule|Sleep Moves Clause: Sleep-inducing moves are banned\n|clearpoke\n|poke|p1|Gliscor, M|\n|poke|p1|Gholdengo|\n|poke|p1|Dragonite, M|\n|poke|p1|Ting-Lu|\n|poke|p1|Darkrai|\n|poke|p1|Zamazenta-*|\n|poke|p2|Hydrapple, M|\n|poke|p2|Cinderace, F|\n|poke|p2|Tornadus-Therian, M|\n|poke|p2|Great Tusk|\n|poke|p2|Slowking-Galar, M|\n|poke|p2|Lokix, F|\n|teampreview\n|\n|t:|1782432720\n|teamsize|p1|6\n|teamsize|p2|6\n|start\n|switch|p1a: Gliscor|Gliscor, M|100/100\n|switch|p2a: Lokix|Lokix, F|100/100\n|turn|1\n|\n|t:|1782432723\n|move|p1a: Gliscor|Protect|p1a: Gliscor\n|-singleturn|p1a: Gliscor|Protect\n|move|p2a: Lokix|U-turn|p1a: Gliscor\n|-activate|p1a: Gliscor|move: Protect\n|\n|-status|p1a: Gliscor|tox|[from] item: Toxic Orb\n|upkeep\n|turn|2\n|\n|t:|1782432732\n|move|p2a: Lokix|U-turn|p1a: Gliscor\n|-resisted|p1a: Gliscor\n|-damage|p1a: Gliscor|72/100 tox\n|\n|t:|1782432754\n|switch|p2a: Slowking|Slowking-Galar, M|100/100|[from] U-turn\n|move|p1a: Gliscor|Toxic|p2a: Slowking\n|-immune|p2a: Slowking\n|\n|-heal|p1a: Gliscor|84/100 tox|[from] ability: Poison Heal\n|upkeep\n|turn|3\n|\n|t:|1782432759\n|move|p1a: Gliscor|Earthquake|p2a: Slowking\n|-supereffective|p2a: Slowking\n|-damage|p2a: Slowking|28/100\n|move|p2a: Slowking|Psychic Noise|p1a: Gliscor\n|-damage|p1a: Gliscor|51/100 tox\n|-start|p1a: Gliscor|move: Heal Block\n|\n|upkeep\n|turn|4\n|\n|t:|1782432769\n|switch|p2a: Great Tusk|Great Tusk|100/100\n|move|p1a: Gliscor|Toxic|p2a: Great Tusk\n|-status|p2a: Great Tusk|tox\n|\n|-damage|p2a: Great Tusk|94/100 tox|[from] psn\n|-end|p1a: Gliscor|move: Heal Block\n|upkeep\n|turn|5\n|\n|t:|1782432772\n|move|p1a: Gliscor|Protect|p1a: Gliscor\n|-singleturn|p1a: Gliscor|Protect\n|move|p2a: Great Tusk|Stealth Rock|p1a: Gliscor\n|-sidestart|p1: walkingwini22|move: Stealth Rock\n|\n|-damage|p2a: Great Tusk|82/100 tox|[from] psn\n|-heal|p1a: Gliscor|63/100 tox|[from] ability: Poison Heal\n|upkeep\n|turn|6\n|\n|t:|1782432779\n|switch|p1a: Gholdengo|Gholdengo|100/100\n|-damage|p1a: Gholdengo|94/100|[from] Stealth Rock\n|move|p2a: Great Tusk|Ice Spinner|p1a: Gholdengo\n|-resisted|p1a: Gholdengo\n|-damage|p1a: Gholdengo|82/100\n|\n|-damage|p2a: Great Tusk|63/100 tox|[from] psn\n|upkeep\n|turn|7\n|\n|t:|1782432787\n|-end|p2a: Great Tusk|Protosynthesis|[silent]\n|switch|p2a: Tornadus|Tornadus-Therian, M|100/100\n|move|p1a: Gholdengo|Make It Rain|p2a: Tornadus\n|-damage|p2a: Tornadus|58/100\n|-unboost|p1a: Gholdengo|spa|1\n|\n|upkeep\n|turn|8\n|\n|t:|1782432796\n|switch|p1a: Ting-Lu|Ting-Lu|100/100\n|-damage|p1a: Ting-Lu|94/100|[from] Stealth Rock\n|-ability|p1a: Ting-Lu|Vessel of Ruin\n|move|p2a: Tornadus|U-turn|p1a: Ting-Lu\n|-supereffective|p1a: Ting-Lu\n|-damage|p1a: Ting-Lu|79/100\n|\n|t:|1782432798\n|switch|p2a: Lokix|Lokix, F|100/100|[from] U-turn\n|\n|-heal|p1a: Ting-Lu|85/100|[from] item: Leftovers\n|upkeep\n|turn|9\n|\n|t:|1782432805\n|move|p2a: Lokix|U-turn|p1a: Ting-Lu\n|-supereffective|p1a: Ting-Lu\n|-damage|p1a: Ting-Lu|30/100\n|\n|t:|1782432817\n|switch|p2a: Cinderace|Cinderace, F|100/100|[from] U-turn\n|move|p1a: Ting-Lu|Stealth Rock|p2a: Cinderace\n|-sidestart|p2: Leap Call|move: Stealth Rock\n|\n|-heal|p1a: Ting-Lu|37/100|[from] item: Leftovers\n|upkeep\n|turn|10\n|\n|t:|1782432844\n|switch|p1a: Gliscor|Gliscor, M|63/100 tox\n|-damage|p1a: Gliscor|51/100 tox|[from] Stealth Rock\n|move|p2a: Cinderace|U-turn|p1a: Gliscor\n|-resisted|p1a: Gliscor\n|-damage|p1a: Gliscor|45/100 tox\n|\n|t:|1782432860\n|switch|p2a: Slowking|Slowking-Galar, M|62/100|[from] U-turn\n|-damage|p2a: Slowking|49/100|[from] Stealth Rock\n|\n|-heal|p1a: Gliscor|57/100 tox|[from] ability: Poison Heal\n|upkeep\n|turn|11\n|\n|t:|1782432869\n|switch|p2a: Hydrapple|Hydrapple, M|100/100\n|-damage|p2a: Hydrapple|88/100|[from] Stealth Rock\n|move|p1a: Gliscor|Earthquake|p2a: Hydrapple\n|-resisted|p2a: Hydrapple\n|-crit|p2a: Hydrapple\n|-damage|p2a: Hydrapple|73/100\n|\n|-heal|p1a: Gliscor|70/100 tox|[from] ability: Poison Heal\n|upkeep\n|turn|12\n|\n|t:|1782432875\n|move|p1a: Gliscor|Toxic|p2a: Hydrapple|[miss]\n|-miss|p1a: Gliscor|p2a: Hydrapple\n|move|p2a: Hydrapple|Nasty Plot|p2a: Hydrapple\n|-boost|p2a: Hydrapple|spa|2\n|\n|-heal|p1a: Gliscor|82/100 tox|[from] ability: Poison Heal\n|upkeep\n|turn|13\n|\n|t:|1782432887\n|move|p1a: Gliscor|Protect|p1a: Gliscor\n|-singleturn|p1a: Gliscor|Protect\n|move|p2a: Hydrapple|Fickle Beam|p1a: Gliscor\n|-activate|p1a: Gliscor|move: Protect\n|\n|-heal|p1a: Gliscor|95/100 tox|[from] ability: Poison Heal\n|upkeep\n|turn|14\n|\n|t:|1782432890\n|move|p1a: Gliscor|Toxic|p2a: Hydrapple\n|-status|p2a: Hydrapple|tox\n|move|p2a: Hydrapple|Fickle Beam|p1a: Gliscor|[anim] Fickle Beam All Out\n|-activate|p2a: Hydrapple|move: Fickle Beam\n|-damage|p1a: Gliscor|0 fnt\n|faint|p1a: Gliscor\n|\n|-damage|p2a: Hydrapple|67/100 tox|[from] psn\n|upkeep\n|\n|t:|1782432895\n|switch|p1a: Darkrai|Darkrai|100/100\n|turn|15\n|\n|t:|1782432903\n|-terastallize|p2a: Hydrapple|Fairy\n|move|p1a: Darkrai|Ice Beam|p2a: Hydrapple\n|-damage|p2a: Hydrapple|36/100 tox\n|move|p2a: Hydrapple|Fickle Beam|p1a: Darkrai|[anim] Fickle Beam All Out\n|-activate|p2a: Hydrapple|move: Fickle Beam\n|-damage|p1a: Darkrai|0 fnt\n|faint|p1a: Darkrai\n|\n|-damage|p2a: Hydrapple|24/100 tox|[from] psn\n|upkeep\n|\n|t:|1782432929\n|switch|p1a: Gholdengo|Gholdengo|82/100\n|-damage|p1a: Gholdengo|76/100|[from] Stealth Rock\n|turn|16\n|inactive|Battle timer is ON: inactive players will automatically lose when time's up. (requested by walkingwini22)\n|\n|t:|1782432990\n|move|p1a: Gholdengo|Shadow Ball|p2a: Hydrapple\n|-damage|p2a: Hydrapple|0 fnt\n|faint|p2a: Hydrapple\n|\n|upkeep\n|\n|t:|1782433001\n|switch|p2a: Tornadus|Tornadus-Therian, M|91/100\n|-damage|p2a: Tornadus|67/100|[from] Stealth Rock\n|turn|17\n|\n|t:|1782433012\n|move|p1a: Gholdengo|Shadow Ball|p2a: Tornadus\n|-damage|p2a: Tornadus|37/100\n|move|p2a: Tornadus|Knock Off|p1a: Gholdengo\n|-supereffective|p1a: Gholdengo\n|-damage|p1a: Gholdengo|29/100\n|-enditem|p1a: Gholdengo|Choice Scarf|[from] move: Knock Off|[of] p2a: Tornadus\n|\n|upkeep\n|turn|18\n|\n|t:|1782433019\n|move|p2a: Tornadus|Heat Wave|p1a: Gholdengo\n|-supereffective|p1a: Gholdengo\n|-damage|p1a: Gholdengo|0 fnt\n|faint|p1a: Gholdengo\n|\n|upkeep\n|\n|t:|1782433023\n|switch|p1a: Zamazenta|Zamazenta|100/100\n|-ability|p1a: Zamazenta|Dauntless Shield|boost\n|-boost|p1a: Zamazenta|def|1\n|turn|19\n|\n|t:|1782433029\n|switch|p2a: Slowking|Slowking-Galar, M|82/100\n|-damage|p2a: Slowking|70/100|[from] Stealth Rock\n|move|p1a: Zamazenta|Stone Edge|p2a: Slowking\n|-damage|p2a: Slowking|39/100\n|\n|upkeep\n|turn|20\n|\n|t:|1782433044\n|move|p1a: Zamazenta|Crunch|p2a: Slowking\n|-supereffective|p2a: Slowking\n|-enditem|p2a: Slowking|Colbur Berry|[eat]\n|-enditem|p2a: Slowking|Colbur Berry|[weaken]\n|-damage|p2a: Slowking|13/100\n|-unboost|p2a: Slowking|def|1\n|move|p2a: Slowking|Psychic Noise|p1a: Zamazenta\n|-supereffective|p1a: Zamazenta\n|-damage|p1a: Zamazenta|52/100\n|-start|p1a: Zamazenta|move: Heal Block\n|\n|upkeep\n|turn|21\n|\n|t:|1782433059\n|move|p1a: Zamazenta|Heavy Slam|p2a: Slowking\n|-damage|p2a: Slowking|0 fnt\n|faint|p2a: Slowking\n|\n|-end|p1a: Zamazenta|move: Heal Block\n|upkeep\n|\n|t:|1782433071\n|switch|p2a: Great Tusk|Great Tusk|63/100 tox\n|-damage|p2a: Great Tusk|60/100 tox|[from] Stealth Rock\n|turn|22\n|\n|t:|1782433080\n|switch|p1a: Ting-Lu|Ting-Lu|37/100\n|-damage|p1a: Ting-Lu|30/100|[from] Stealth Rock\n|-ability|p1a: Ting-Lu|Vessel of Ruin\n|move|p2a: Great Tusk|Rapid Spin|p1a: Ting-Lu\n|-damage|p1a: Ting-Lu|23/100\n|-boost|p2a: Great Tusk|spe|1\n|-sideend|p2: Leap Call|Stealth Rock|[from] move: Rapid Spin|[of] p2a: Great Tusk\n|\n|-heal|p1a: Ting-Lu|29/100|[from] item: Leftovers\n|-damage|p2a: Great Tusk|54/100 tox|[from] psn\n|upkeep\n|turn|23\n|\n|t:|1782433096\n|move|p2a: Great Tusk|Ice Spinner|p1a: Ting-Lu\n|-supereffective|p1a: Ting-Lu\n|-damage|p1a: Ting-Lu|3/100\n|move|p1a: Ting-Lu|Stealth Rock|p2a: Great Tusk\n|-sidestart|p2: Leap Call|move: Stealth Rock\n|\n|-heal|p1a: Ting-Lu|10/100|[from] item: Leftovers\n|-damage|p2a: Great Tusk|42/100 tox|[from] psn\n|upkeep\n|turn|24\n|\n|t:|1782433102\n|move|p2a: Great Tusk|Rapid Spin|p1a: Ting-Lu\n|-damage|p1a: Ting-Lu|2/100\n|-boost|p2a: Great Tusk|spe|1\n|-sideend|p2: Leap Call|Stealth Rock|[from] move: Rapid Spin|[of] p2a: Great Tusk\n|move|p1a: Ting-Lu|Earthquake|p2a: Great Tusk\n|-damage|p2a: Great Tusk|18/100 tox\n|\n|-heal|p1a: Ting-Lu|8/100|[from] item: Leftovers\n|-damage|p2a: Great Tusk|0 fnt|[from] psn\n|faint|p2a: Great Tusk\n|-end|p2a: Great Tusk|Protosynthesis|[silent]\n|upkeep\n|\n|t:|1782433106\n|switch|p2a: Lokix|Lokix, F|100/100\n|turn|25\n|\n|t:|1782433110\n|move|p2a: Lokix|U-turn|p1a: Ting-Lu\n|-supereffective|p1a: Ting-Lu\n|-damage|p1a: Ting-Lu|0 fnt\n|faint|p1a: Ting-Lu\n|\n|t:|1782433117\n|switch|p2a: Cinderace|Cinderace, F|100/100|[from] U-turn\n|\n|upkeep\n|\n|t:|1782433120\n|switch|p1a: Zamazenta|Zamazenta|52/100\n|turn|26\n|\n|t:|1782433135\n|switch|p2a: Tornadus|Tornadus-Therian, M|70/100\n|move|p1a: Zamazenta|Stone Edge|p2a: Tornadus\n|-supereffective|p2a: Tornadus\n|-damage|p2a: Tornadus|0 fnt\n|faint|p2a: Tornadus\n|\n|upkeep\n|\n|t:|1782433140\n|switch|p2a: Lokix|Lokix, F|100/100\n|turn|27\n|\n|t:|1782433150\n|move|p2a: Lokix|First Impression|p1a: Zamazenta\n|-resisted|p1a: Zamazenta\n|-damage|p1a: Zamazenta|0 fnt\n|faint|p1a: Zamazenta\n|\n|upkeep\n|\n|t:|1782433153\n|switch|p1a: Dragonite|Dragonite, M|100/100\n|turn|28\n|\n|t:|1782433155\n|switch|p2a: Cinderace|Cinderace, F|100/100\n|move|p1a: Dragonite|Dragon Dance|p1a: Dragonite\n|-boost|p1a: Dragonite|atk|1\n|-boost|p1a: Dragonite|spe|1\n|\n|upkeep\n|turn|29\n|\n|t:|1782433173\n|move|p2a: Cinderace|Will-O-Wisp|p1a: Dragonite\n|-status|p1a: Dragonite|brn\n|move|p1a: Dragonite|Dragon Dance|p1a: Dragonite\n|-boost|p1a: Dragonite|atk|1\n|-boost|p1a: Dragonite|spe|1\n|\n|-damage|p1a: Dragonite|94/100 brn|[from] brn\n|upkeep\n|turn|30\n|\n|t:|1782433178\n|move|p1a: Dragonite|Dragon Dance|p1a: Dragonite\n|-boost|p1a: Dragonite|atk|1\n|-boost|p1a: Dragonite|spe|1\n|move|p2a: Cinderace|Pyro Ball|p1a: Dragonite\n|-resisted|p1a: Dragonite\n|-damage|p1a: Dragonite|73/100 brn\n|\n|-damage|p1a: Dragonite|66/100 brn|[from] brn\n|upkeep\n|turn|31\n|\n|t:|1782433187\n|move|p1a: Dragonite|Dragon Dance|p1a: Dragonite\n|-boost|p1a: Dragonite|atk|1\n|-boost|p1a: Dragonite|spe|1\n|move|p2a: Cinderace|Pyro Ball|p1a: Dragonite\n|-resisted|p1a: Dragonite\n|-damage|p1a: Dragonite|44/100 brn\n|\n|-damage|p1a: Dragonite|38/100 brn|[from] brn\n|upkeep\n|turn|32\n|\n|t:|1782433191\n|move|p1a: Dragonite|Roost|p1a: Dragonite\n|-heal|p1a: Dragonite|88/100 brn\n|-singleturn|p1a: Dragonite|move: Roost\n|move|p2a: Cinderace|Pyro Ball|p1a: Dragonite\n|-resisted|p1a: Dragonite\n|-damage|p1a: Dragonite|67/100 brn\n|\n|-damage|p1a: Dragonite|60/100 brn|[from] brn\n|upkeep\n|turn|33\n|\n|t:|1782433195\n|move|p1a: Dragonite|Dragon Dance|p1a: Dragonite\n|-boost|p1a: Dragonite|atk|1\n|-boost|p1a: Dragonite|spe|1\n|move|p2a: Cinderace|U-turn|p1a: Dragonite\n|-resisted|p1a: Dragonite\n|-damage|p1a: Dragonite|51/100 brn\n|\n|t:|1782433196\n|switch|p2a: Lokix|Lokix, F|100/100|[from] U-turn\n|\n|-damage|p1a: Dragonite|45/100 brn|[from] brn\n|upkeep\n|turn|34\n|\n|t:|1782433202\n|move|p2a: Lokix|First Impression|p1a: Dragonite\n|-resisted|p1a: Dragonite\n|-damage|p1a: Dragonite|0 fnt\n|faint|p1a: Dragonite\n|\n|win|Leap Call\n|raw|walkingwini22's rating: 1521 &rarr; <strong>1500</strong><br />(-21 for losing)\n|raw|Leap Call's rating: 1497 &rarr; <strong>1518</strong><br />(+21 for winning)\n", "uploadtime": 1782433206, "views": 15, "formatid": "gen9ou", "rating": 1500, "private": 0, "password": null}