{"id": "gen9ou-2639284882", "format": "[Gen 9] OU", "players": ["hennyhardaway1", "TheCollageDropout"], "log": "|j|☆hennyhardaway1\n|j|☆TheCollageDropout\n|t:|1782445842\n|gametype|singles\n|player|p1|hennyhardaway1|morty|1427\n|player|p2|TheCollageDropout|2|1492\n|gen|9\n|tier|[Gen 9] OU\n|rated|\n|rule|HP Percentage Mod: HP is shown in percentages\n|rule|Endless Battle Clause: Forcing endless battles is banned\n|rule|Species Clause: Limit one of each Pokémon\n|rule|OHKO Clause: OHKO moves are banned\n|rule|Evasion Items Clause: Evasion items are banned\n|rule|Evasion Moves Clause: Evasion moves are banned\n|rule|Evasion Abilities Clause: Evasion abilities are banned\n|rule|Sleep Moves Clause: Sleep-inducing moves are banned\n|clearpoke\n|poke|p1|Blaziken, F|\n|poke|p1|Alomomola, F|\n|poke|p1|Kyurem|\n|poke|p1|Corviknight, F|\n|poke|p1|Great Tusk|\n|poke|p1|Dragapult, F|\n|poke|p2|Gholdengo|\n|poke|p2|Garganacl, F|\n|poke|p2|Volcanion|\n|poke|p2|Great Tusk|\n|poke|p2|Zapdos|\n|poke|p2|Meowscarada, F|\n|teampreview\n|inactive|Battle timer is ON: inactive players will automatically lose when time's up. (requested by TheCollageDropout)\n|\n|t:|1782445883\n|teamsize|p1|6\n|teamsize|p2|6\n|start\n|switch|p1a: Blaziken|Blaziken, F, shiny|100/100\n|switch|p2a: Meowscarada|Meowscarada, F|100/100\n|turn|1\n|\n|t:|1782445890\n|switch|p2a: Zapdos|Zapdos|100/100\n|move|p1a: Blaziken|Substitute|p1a: Blaziken\n|-start|p1a: Blaziken|Substitute\n|-damage|p1a: Blaziken|76/100\n|\n|-heal|p1a: Blaziken|82/100|[from] item: Leftovers\n|-ability|p1a: Blaziken|Speed Boost|boost\n|-boost|p1a: Blaziken|spe|1\n|upkeep\n|turn|2\n|\n|t:|1782445898\n|switch|p1a: Kyurem|Kyurem|100/100\n|-ability|p1a: Kyurem|Pressure\n|move|p2a: Zapdos|Discharge|p1a: Kyurem\n|-resisted|p1a: Kyurem\n|-damage|p1a: Kyurem|86/100\n|\n|upkeep\n|turn|3\n|\n|t:|1782445908\n|switch|p2a: Volcanion|Volcanion|100/100\n|move|p1a: Kyurem|Draco Meteor|p2a: Volcanion\n|-damage|p2a: Volcanion|0 fnt\n|-unboost|p1a: Kyurem|spa|2\n|faint|p2a: Volcanion\n|\n|upkeep\n|\n|t:|1782445918\n|switch|p2a: Garganacl|Garganacl, F|100/100\n|turn|4\n|\n|t:|1782445920\n|switch|p1a: Great Tusk|Great Tusk|100/100\n|move|p2a: Garganacl|Stealth Rock|p1a: Great Tusk\n|-sidestart|p1: hennyhardaway1|move: Stealth Rock\n|\n|upkeep\n|turn|5\n|\n|t:|1782445928\n|switch|p2a: Gholdengo|Gholdengo|100/100\n|move|p1a: Great Tusk|Stealth Rock|p2a: Gholdengo\n|-sidestart|p2: TheCollageDropout|move: Stealth Rock\n|\n|upkeep\n|turn|6\n|\n|t:|1782445936\n|-end|p1a: Great Tusk|Protosynthesis|[silent]\n|switch|p1a: Alomomola|Alomomola, F|100/100\n|-damage|p1a: Alomomola|88/100|[from] Stealth Rock\n|move|p2a: Gholdengo|Make It Rain|p1a: Alomomola\n|-resisted|p1a: Alomomola\n|-damage|p1a: Alomomola|61/100\n|-unboost|p2a: Gholdengo|spa|1\n|\n|upkeep\n|turn|7\n|\n|t:|1782445942\n|switch|p2a: Meowscarada|Meowscarada, F|100/100\n|-damage|p2a: Meowscarada|88/100|[from] Stealth Rock\n|move|p1a: Alomomola|Flip Turn|p2a: Meowscarada\n|-resisted|p2a: Meowscarada\n|-damage|p2a: Meowscarada|76/100\n|\n|t:|1782445946\n|switch|p1a: Corviknight|Corviknight, F|100/100|[from] Flip Turn\n|-damage|p1a: Corviknight|88/100|[from] Stealth Rock\n|-ability|p1a: Corviknight|Pressure\n|\n|upkeep\n|turn|8\n|\n|t:|1782445950\n|switch|p2a: Gholdengo|Gholdengo|100/100\n|-damage|p2a: Gholdengo|94/100|[from] Stealth Rock\n|move|p1a: Corviknight|U-turn|p2a: Gholdengo\n|-resisted|p2a: Gholdengo\n|-damage|p2a: Gholdengo|91/100\n|\n|t:|1782445954\n|switch|p1a: Alomomola|Alomomola, F|94/100|[from] U-turn\n|-damage|p1a: Alomomola|82/100|[from] Stealth Rock\n|\n|upkeep\n|turn|9\n|\n|t:|1782445957\n|move|p2a: Gholdengo|Trick|p1a: Alomomola\n|-activate|p2a: Gholdengo|move: Trick|[of] p1a: Alomomola\n|-item|p1a: Alomomola|Choice Scarf|[from] move: Trick\n|-item|p2a: Gholdengo|Assault Vest|[from] move: Trick\n|move|p1a: Alomomola|Mirror Coat||[still]\n|-fail|p1a: Alomomola\n|\n|upkeep\n|turn|10\n|\n|t:|1782445968\n|switch|p1a: Corviknight|Corviknight, F|88/100\n|-damage|p1a: Corviknight|76/100|[from] Stealth Rock\n|-ability|p1a: Corviknight|Pressure\n|move|p2a: Gholdengo|Shadow Ball|p1a: Corviknight\n|-damage|p1a: Corviknight|26/100\n|\n|upkeep\n|turn|11\n|\n|t:|1782445976\n|move|p2a: Gholdengo|Shadow Ball|p1a: Corviknight\n|-damage|p1a: Corviknight|0 fnt\n|faint|p1a: Corviknight\n|\n|upkeep\n|\n|t:|1782445978\n|switch|p1a: Blaziken|Blaziken, F, shiny|82/100\n|-damage|p1a: Blaziken|69/100|[from] Stealth Rock\n|turn|12\n|\n|t:|1782445998\n|switch|p2a: Zapdos|Zapdos|100/100\n|-terastallize|p1a: Blaziken|Dark\n|move|p1a: Blaziken|Substitute|p1a: Blaziken\n|-start|p1a: Blaziken|Substitute\n|-damage|p1a: Blaziken|44/100\n|\n|-heal|p1a: Blaziken|50/100|[from] item: Leftovers\n|-ability|p1a: Blaziken|Speed Boost|boost\n|-boost|p1a: Blaziken|spe|1\n|upkeep\n|turn|13\n|\n|t:|1782446002\n|move|p1a: Blaziken|Knock Off|p2a: Zapdos\n|-crit|p2a: Zapdos\n|-damage|p2a: Zapdos|45/100\n|-enditem|p2a: Zapdos|Heavy-Duty Boots|[from] move: Knock Off|[of] p1a: Blaziken\n|move|p2a: Zapdos|Discharge|p1a: Blaziken\n|-end|p1a: Blaziken|Substitute\n|\n|-heal|p1a: Blaziken|56/100|[from] item: Leftovers\n|-ability|p1a: Blaziken|Speed Boost|boost\n|-boost|p1a: Blaziken|spe|1\n|upkeep\n|turn|14\n|\n|t:|1782446008\n|switch|p1a: Kyurem|Kyurem|86/100\n|-damage|p1a: Kyurem|61/100|[from] Stealth Rock\n|-ability|p1a: Kyurem|Pressure\n|move|p2a: Zapdos|Roost|p2a: Zapdos\n|-heal|p2a: Zapdos|96/100\n|-singleturn|p2a: Zapdos|move: Roost\n|\n|upkeep\n|turn|15\n|\n|t:|1782446026\n|switch|p2a: Meowscarada|Meowscarada, F|76/100\n|-damage|p2a: Meowscarada|63/100|[from] Stealth Rock\n|move|p1a: Kyurem|Earth Power|p2a: Meowscarada\n|-resisted|p2a: Meowscarada\n|-damage|p2a: Meowscarada|24/100\n|\n|upkeep\n|turn|16\n|\n|t:|1782446039\n|switch|p1a: Great Tusk|Great Tusk|100/100\n|-damage|p1a: Great Tusk|98/100|[from] Stealth Rock\n|move|p2a: Meowscarada|Triple Axel|p1a: Great Tusk\n|-start|p2a: Meowscarada|typechange|Ice|[from] ability: Protean\n|-supereffective|p1a: Great Tusk\n|-damage|p1a: Great Tusk|84/100\n|-supereffective|p1a: Great Tusk\n|-damage|p1a: Great Tusk|60/100\n|-supereffective|p1a: Great Tusk\n|-damage|p1a: Great Tusk|20/100\n|-hitcount|p1a: Great Tusk|3\n|\n|-heal|p1a: Great Tusk|26/100|[from] item: Leftovers\n|upkeep\n|turn|17\n|\n|t:|1782446049\n|-end|p1a: Great Tusk|Protosynthesis|[silent]\n|switch|p1a: Alomomola|Alomomola, F|100/100\n|-damage|p1a: Alomomola|88/100|[from] Stealth Rock\n|move|p2a: Meowscarada|Triple Axel|p1a: Alomomola\n|-resisted|p1a: Alomomola\n|-damage|p1a: Alomomola|84/100\n|-resisted|p1a: Alomomola\n|-damage|p1a: Alomomola|77/100\n|-resisted|p1a: Alomomola\n|-damage|p1a: Alomomola|65/100\n|-hitcount|p1a: Alomomola|3\n|\n|upkeep\n|turn|18\n|\n|t:|1782446063\n|move|p2a: Meowscarada|Triple Axel|p1a: Alomomola\n|-resisted|p1a: Alomomola\n|-damage|p1a: Alomomola|62/100\n|-hitcount|p1a: Alomomola|1\n|move|p1a: Alomomola|Flip Turn|p2a: Meowscarada\n|-damage|p2a: Meowscarada|0 fnt\n|faint|p2a: Meowscarada\n|\n|t:|1782446071\n|switch|p1a: Dragapult|Dragapult, F|100/100|[from] Flip Turn\n|\n|upkeep\n|\n|t:|1782446085\n|switch|p2a: Garganacl|Garganacl, F|100/100\n|-damage|p2a: Garganacl|88/100|[from] Stealth Rock\n|turn|19\n|\n|t:|1782446090\n|-terastallize|p2a: Garganacl|Fairy\n|move|p1a: Dragapult|U-turn|p2a: Garganacl\n|-resisted|p2a: Garganacl\n|-damage|p2a: Garganacl|81/100\n|\n|t:|1782446099\n|switch|p1a: Great Tusk|Great Tusk|26/100|[from] U-turn\n|-damage|p1a: Great Tusk|23/100|[from] Stealth Rock\n|move|p2a: Garganacl|Salt Cure|p1a: Great Tusk\n|-resisted|p1a: Great Tusk\n|-damage|p1a: Great Tusk|21/100\n|-start|p1a: Great Tusk|Salt Cure\n|\n|-heal|p1a: Great Tusk|27/100|[from] item: Leftovers\n|-heal|p2a: Garganacl|87/100|[from] item: Leftovers\n|-damage|p1a: Great Tusk|15/100|[from] Salt Cure\n|upkeep\n|turn|20\n|\n|t:|1782446105\n|switch|p2a: Great Tusk|Great Tusk|100/100\n|move|p1a: Great Tusk|Knock Off|p2a: Great Tusk\n|-resisted|p2a: Great Tusk\n|-damage|p2a: Great Tusk|89/100\n|-enditem|p2a: Great Tusk|Heavy-Duty Boots|[from] move: Knock Off|[of] p1a: Great Tusk\n|\n|-heal|p1a: Great Tusk|21/100|[from] item: Leftovers\n|-damage|p1a: Great Tusk|9/100|[from] Salt Cure\n|upkeep\n|turn|21\n|\n|t:|1782446113\n|-end|p1a: Great Tusk|Protosynthesis|[silent]\n|switch|p1a: Dragapult|Dragapult, F|100/100\n|move|p2a: Great Tusk|Rapid Spin|p1a: Dragapult\n|-immune|p1a: Dragapult\n|\n|upkeep\n|turn|22\n|\n|t:|1782446117\n|-end|p2a: Great Tusk|Protosynthesis|[silent]\n|switch|p2a: Garganacl|Garganacl, F, tera:Fairy|87/100\n|-damage|p2a: Garganacl|75/100|[from] Stealth Rock\n|move|p1a: Dragapult|Will-O-Wisp|p2a: Garganacl\n|-immune|p2a: Garganacl|[from] ability: Purifying Salt\n|\n|-heal|p2a: Garganacl|81/100|[from] item: Leftovers\n|upkeep\n|turn|23\n|\n|t:|1782446121\n|move|p1a: Dragapult|U-turn|p2a: Garganacl\n|-resisted|p2a: Garganacl\n|-damage|p2a: Garganacl|72/100\n|\n|t:|1782446122\n|switch|p1a: Great Tusk|Great Tusk|9/100|[from] U-turn\n|-damage|p1a: Great Tusk|6/100|[from] Stealth Rock\n|move|p2a: Garganacl|Salt Cure|p1a: Great Tusk\n|-resisted|p1a: Great Tusk\n|-damage|p1a: Great Tusk|4/100\n|-start|p1a: Great Tusk|Salt Cure\n|\n|-heal|p1a: Great Tusk|11/100|[from] item: Leftovers\n|-heal|p2a: Garganacl|78/100|[from] item: Leftovers\n|-damage|p1a: Great Tusk|0 fnt|[from] Salt Cure\n|faint|p1a: Great Tusk\n|-end|p1a: Great Tusk|Protosynthesis|[silent]\n|upkeep\n|\n|t:|1782446127\n|switch|p1a: Kyurem|Kyurem|61/100\n|-damage|p1a: Kyurem|36/100|[from] Stealth Rock\n|-ability|p1a: Kyurem|Pressure\n|turn|24\n|\n|t:|1782446130\n|move|p2a: Garganacl|Protect|p2a: Garganacl\n|-singleturn|p2a: Garganacl|Protect\n|move|p1a: Kyurem|Ice Beam|p2a: Garganacl\n|-activate|p2a: Garganacl|move: Protect\n|\n|-heal|p2a: Garganacl|85/100|[from] item: Leftovers\n|upkeep\n|turn|25\n|\n|t:|1782446135\n|switch|p2a: Gholdengo|Gholdengo|91/100\n|-damage|p2a: Gholdengo|85/100|[from] Stealth Rock\n|move|p1a: Kyurem|Ice Beam|p2a: Gholdengo\n|-resisted|p2a: Gholdengo\n|-damage|p2a: Gholdengo|59/100\n|\n|upkeep\n|turn|26\n|\n|t:|1782446145\n|switch|p1a: Alomomola|Alomomola, F|95/100\n|-damage|p1a: Alomomola|83/100|[from] Stealth Rock\n|move|p2a: Gholdengo|Shadow Ball|p1a: Alomomola\n|-damage|p1a: Alomomola|24/100\n|\n|upkeep\n|turn|27\n|\n|t:|1782446148\n|move|p2a: Gholdengo|Shadow Ball|p1a: Alomomola\n|-crit|p1a: Alomomola\n|-damage|p1a: Alomomola|0 fnt\n|faint|p1a: Alomomola\n|\n|upkeep\n|\n|t:|1782446152\n|switch|p1a: Blaziken|Blaziken, F, shiny, tera:Dark|56/100\n|-damage|p1a: Blaziken|44/100|[from] Stealth Rock\n|turn|28\n|-message|hennyhardaway1 forfeited.\n|\n|win|TheCollageDropout\n|raw|hennyhardaway1's rating: 1427 &rarr; <strong>1411</strong><br />(-16 for losing)\n|raw|TheCollageDropout's rating: 1492 &rarr; <strong>1508</strong><br />(+16 for winning)\n", "uploadtime": 1782446160, "views": 11, "formatid": "gen9ou", "rating": 1411, "private": 0, "password": null}