{"id": "gen9ou-2639279280", "format": "[Gen 9] OU", "players": ["chikadanceplz", "firecharmander004"], "log": "|j|☆chikadanceplz\n|j|☆firecharmander004\n|t:|1782444915\n|gametype|singles\n|player|p1|chikadanceplz|lass-gen4dp|1504\n|player|p2|firecharmander004|265|1551\n|gen|9\n|tier|[Gen 9] OU\n|rated|\n|rule|HP Percentage Mod: HP is shown in percentages\n|rule|Endless Battle Clause: Forcing endless battles is banned\n|rule|Species Clause: Limit one of each Pokémon\n|rule|OHKO Clause: OHKO moves are banned\n|rule|Evasion Items Clause: Evasion items are banned\n|rule|Evasion Moves Clause: Evasion moves are banned\n|rule|Evasion Abilities Clause: Evasion abilities are banned\n|rule|Sleep Moves Clause: Sleep-inducing moves are banned\n|clearpoke\n|poke|p1|Walking Wake|\n|poke|p1|Dragapult, M|\n|poke|p1|Great Tusk|\n|poke|p1|Ceruledge, M|\n|poke|p1|Iron Valiant|\n|poke|p1|Meowscarada, M|\n|poke|p2|Raging Bolt|\n|poke|p2|Great Tusk|\n|poke|p2|Gholdengo|\n|poke|p2|Ogerpon-Wellspring, F|\n|poke|p2|Alomomola, F|\n|poke|p2|Darkrai|\n|teampreview\n|inactive|Battle timer is ON: inactive players will automatically lose when time's up. (requested by chikadanceplz)\n|\n|t:|1782444948\n|teamsize|p1|6\n|teamsize|p2|6\n|start\n|switch|p1a: Meowscarada|Meowscarada, M|100/100\n|switch|p2a: my nightmares|Darkrai|100/100\n|turn|1\n|\n|t:|1782444961\n|move|p2a: my nightmares|Ice Beam|p1a: Meowscarada\n|-supereffective|p1a: Meowscarada\n|-damage|p1a: Meowscarada|0 fnt\n|faint|p1a: Meowscarada\n|\n|upkeep\n|\n|t:|1782444968\n|switch|p1a: Ceruledge|Ceruledge, M|100/100\n|turn|2\n|\n|t:|1782444976\n|switch|p2a: t-clap em cheeks|Raging Bolt|100/100\n|move|p1a: Ceruledge|Swords Dance|p1a: Ceruledge\n|-boost|p1a: Ceruledge|atk|2\n|\n|upkeep\n|turn|3\n|\n|t:|1782444980\n|move|p1a: Ceruledge|Poltergeist|p2a: t-clap em cheeks\n|-activate|p2a: t-clap em cheeks|move: Poltergeist|Assault Vest\n|-damage|p2a: t-clap em cheeks|0 fnt\n|faint|p2a: t-clap em cheeks\n|-end|p2a: t-clap em cheeks|Protosynthesis|[silent]\n|\n|upkeep\n|\n|t:|1782444988\n|switch|p2a: my nightmares|Darkrai|100/100\n|turn|4\n|\n|t:|1782444990\n|move|p2a: my nightmares|Dark Pulse|p1a: Ceruledge\n|-supereffective|p1a: Ceruledge\n|-enditem|p1a: Ceruledge|Focus Sash\n|-damage|p1a: Ceruledge|1/100\n|move|p1a: Ceruledge|Bitter Blade|p2a: my nightmares\n|-damage|p2a: my nightmares|0 fnt\n|-heal|p1a: Ceruledge|49/100|[from] drain|[of] p2a: my nightmares\n|faint|p2a: my nightmares\n|\n|upkeep\n|\n|t:|1782444997\n|switch|p2a: eats mola 4 lunch|Ogerpon-Wellspring, F|100/100\n|turn|5\n|\n|t:|1782445002\n|-terastallize|p1a: Ceruledge|Fighting\n|move|p2a: eats mola 4 lunch|Ivy Cudgel|p1a: Ceruledge|[anim] Ivy Cudgel Water\n|-damage|p1a: Ceruledge|0 fnt\n|faint|p1a: Ceruledge\n|\n|upkeep\n|\n|t:|1782445007\n|switch|p1a: Dragapult|Dragapult, M|100/100\n|turn|6\n|\n|t:|1782445014\n|switch|p2a: pinkacross gf|Alomomola, F|100/100\n|move|p1a: Dragapult|Thunder Wave|p2a: pinkacross gf\n|-status|p2a: pinkacross gf|par\n|\n|upkeep\n|turn|7\n|\n|t:|1782445020\n|move|p1a: Dragapult|Reflect|p1a: Dragapult\n|-sidestart|p1: chikadanceplz|Reflect\n|move|p2a: pinkacross gf|Flip Turn|p1a: Dragapult\n|-resisted|p1a: Dragapult\n|-damage|p1a: Dragapult|95/100\n|\n|t:|1782445026\n|switch|p2a: i love hazards|Gholdengo|100/100|[from] Flip Turn\n|-item|p2a: i love hazards|Air Balloon\n|\n|upkeep\n|turn|8\n|\n|t:|1782445028\n|move|p1a: Dragapult|Light Screen|p1a: Dragapult\n|-sidestart|p1: chikadanceplz|move: Light Screen\n|move|p2a: i love hazards|Nasty Plot|p2a: i love hazards\n|-boost|p2a: i love hazards|spa|2\n|\n|upkeep\n|turn|9\n|\n|t:|1782445034\n|switch|p1a: Great Tusk|Great Tusk|100/100\n|-enditem|p1a: Great Tusk|Booster Energy\n|-activate|p1a: Great Tusk|ability: Protosynthesis|[fromitem]\n|-start|p1a: Great Tusk|protosynthesisatk\n|move|p2a: i love hazards|Shadow Ball|p1a: Great Tusk\n|-damage|p1a: Great Tusk|38/100\n|\n|upkeep\n|turn|10\n|\n|t:|1782445039\n|move|p1a: Great Tusk|Ice Spinner|p2a: i love hazards\n|-resisted|p2a: i love hazards\n|-damage|p2a: i love hazards|81/100\n|-enditem|p2a: i love hazards|Air Balloon\n|move|p2a: i love hazards|Shadow Ball|p1a: Great Tusk\n|-damage|p1a: Great Tusk|0 fnt\n|faint|p1a: Great Tusk\n|-end|p1a: Great Tusk|Protosynthesis|[silent]\n|\n|upkeep\n|\n|t:|1782445047\n|switch|p1a: Walking Wake|Walking Wake|100/100\n|turn|11\n|\n|t:|1782445057\n|move|p1a: Walking Wake|Substitute|p1a: Walking Wake\n|-start|p1a: Walking Wake|Substitute\n|-damage|p1a: Walking Wake|76/100\n|move|p2a: i love hazards|Shadow Ball|p1a: Walking Wake\n|-end|p1a: Walking Wake|Substitute\n|\n|-heal|p1a: Walking Wake|82/100|[from] item: Leftovers\n|upkeep\n|turn|12\n|\n|t:|1782445060\n|move|p1a: Walking Wake|Liquidation|p2a: i love hazards\n|-damage|p2a: i love hazards|39/100\n|move|p2a: i love hazards|Shadow Ball|p1a: Walking Wake\n|-damage|p1a: Walking Wake|35/100\n|\n|-heal|p1a: Walking Wake|42/100|[from] item: Leftovers\n|upkeep\n|turn|13\n|\n|t:|1782445071\n|move|p1a: Walking Wake|Dragon Dance|p1a: Walking Wake\n|-boost|p1a: Walking Wake|atk|1\n|-boost|p1a: Walking Wake|spe|1\n|move|p2a: i love hazards|Shadow Ball|p1a: Walking Wake\n|-damage|p1a: Walking Wake|0 fnt\n|faint|p1a: Walking Wake\n|-end|p1a: Walking Wake|Protosynthesis|[silent]\n|\n|upkeep\n|-message|chikadanceplz forfeited.\n|\n|win|firecharmander004\n|raw|chikadanceplz's rating: 1504 &rarr; <strong>1487</strong><br />(-17 for losing)\n|raw|firecharmander004's rating: 1551 &rarr; <strong>1568</strong><br />(+17 for winning)\n|l|☆chikadanceplz\n|player|p1|\n", "uploadtime": 1782445081, "views": 16, "formatid": "gen9ou", "rating": 1487, "private": 0, "password": null}