{"id": "gen9ou-2647680450", "format": "[Gen 9] OU", "players": ["ploopy ploop", "kharagan"], "log": "|j|☆ploopy ploop\n|j|☆kharagan\n|t:|1783795318\n|gametype|singles\n|player|p1|ploopy ploop|maylene|1239\n|player|p2|kharagan|pokekid|1294\n|gen|9\n|tier|[Gen 9] OU\n|rated|\n|rule|HP Percentage Mod: HP is shown in percentages\n|rule|Endless Battle Clause: Forcing endless battles is banned\n|rule|Species Clause: Limit one of each Pokémon\n|rule|OHKO Clause: OHKO moves are banned\n|rule|Evasion Items Clause: Evasion items are banned\n|rule|Evasion Moves Clause: Evasion moves are banned\n|rule|Evasion Abilities Clause: Evasion abilities are banned\n|rule|Sleep Moves Clause: Sleep-inducing moves are banned\n|clearpoke\n|poke|p1|Kingdra, M|\n|poke|p1|Iron Treads|\n|poke|p1|Slowking-Galar, M|\n|poke|p1|Eiscue, M|\n|poke|p1|Greninja-*, F|\n|poke|p1|Samurott-Hisui, F|\n|poke|p2|Ninetales-Alola, F|\n|poke|p2|Kingambit, M|\n|poke|p2|Primarina, M|\n|poke|p2|Landorus-Therian, M|\n|poke|p2|Cinderace, M|\n|poke|p2|Gholdengo|\n|teampreview\n|inactive|Battle timer is ON: inactive players will automatically lose when time's up. (requested by ploopy ploop)\n|\n|t:|1783795337\n|teamsize|p1|6\n|teamsize|p2|6\n|start\n|switch|p1a: Greninja|Greninja, F|100/100\n|switch|p2a: Ninetales|Ninetales-Alola, F|100/100\n|-weather|Snowscape|[from] ability: Snow Warning|[of] p2a: Ninetales\n|turn|1\n|\n|t:|1783795350\n|move|p1a: Greninja|U-turn|p2a: Ninetales\n|-start|p1a: Greninja|typechange|Bug|[from] ability: Protean\n|-resisted|p2a: Ninetales\n|-damage|p2a: Ninetales|89/100\n|\n|t:|1783795355\n|switch|p1a: Slowking|Slowking-Galar, M|100/100|[from] U-turn\n|move|p2a: Ninetales|Aurora Veil|p2a: Ninetales\n|-sidestart|p2: kharagan|move: Aurora Veil\n|\n|-weather|Snowscape|[upkeep]\n|upkeep\n|turn|2\n|\n|t:|1783795364\n|switch|p2a: Kingambit|Kingambit, M|100/100\n|move|p1a: Slowking|Toxic Spikes|p2a: Kingambit\n|-sidestart|p2: kharagan|move: Toxic Spikes\n|\n|-weather|Snowscape|[upkeep]\n|upkeep\n|turn|3\n|\n|t:|1783795371\n|switch|p1a: Samurott|Samurott-Hisui, F|100/100\n|move|p2a: Kingambit|Swords Dance|p2a: Kingambit\n|-boost|p2a: Kingambit|atk|2\n|\n|-weather|Snowscape|[upkeep]\n|upkeep\n|turn|4\n|\n|t:|1783795378\n|move|p1a: Samurott|Sacred Sword|p2a: Kingambit\n|-supereffective|p2a: Kingambit\n|-damage|p2a: Kingambit|40/100\n|move|p2a: Kingambit|Kowtow Cleave|p1a: Samurott\n|-resisted|p1a: Samurott\n|-damage|p1a: Samurott|37/100\n|\n|-weather|Snowscape|[upkeep]\n|-heal|p2a: Kingambit|46/100|[from] item: Leftovers\n|upkeep\n|turn|5\n|\n|t:|1783795386\n|move|p2a: Kingambit|Sucker Punch|p1a: Samurott\n|-resisted|p1a: Samurott\n|-damage|p1a: Samurott|0 fnt\n|faint|p1a: Samurott\n|\n|-weather|none\n|-heal|p2a: Kingambit|52/100|[from] item: Leftovers\n|upkeep\n|\n|t:|1783795394\n|switch|p1a: Iron Treads|Iron Treads|100/100\n|turn|6\n|\n|t:|1783795401\n|-terastallize|p2a: Kingambit|Flying\n|move|p1a: Iron Treads|Earthquake|p2a: Kingambit\n|-immune|p2a: Kingambit\n|move|p2a: Kingambit|Kowtow Cleave|p1a: Iron Treads\n|-damage|p1a: Iron Treads|6/100\n|\n|-heal|p2a: Kingambit|58/100|[from] item: Leftovers\n|upkeep\n|turn|7\n|\n|t:|1783795407\n|move|p2a: Kingambit|Sucker Punch|p1a: Iron Treads\n|-damage|p1a: Iron Treads|0 fnt\n|faint|p1a: Iron Treads\n|-end|p1a: Iron Treads|Quark Drive|[silent]\n|\n|-heal|p2a: Kingambit|64/100|[from] item: Leftovers\n|upkeep\n|\n|t:|1783795411\n|switch|p1a: Greninja|Greninja, F|100/100\n|turn|8\n|\n|t:|1783795417\n|move|p2a: Kingambit|Sucker Punch|p1a: Greninja\n|-resisted|p1a: Greninja\n|-damage|p1a: Greninja|37/100\n|move|p1a: Greninja|Blizzard|p2a: Kingambit\n|-start|p1a: Greninja|typechange|Ice|[from] ability: Protean\n|-supereffective|p2a: Kingambit\n|-damage|p2a: Kingambit|0 fnt\n|faint|p2a: Kingambit\n|-end|p2a: Kingambit|fallenundefined|[silent]\n|\n|-sideend|p2: kharagan|move: Aurora Veil\n|upkeep\n|\n|t:|1783795440\n|switch|p2a: Cinderace|Cinderace, M|100/100\n|turn|9\n|\n|t:|1783795448\n|switch|p1a: Eiscue|Eiscue, M|100/100\n|move|p2a: Cinderace|U-turn|p1a: Eiscue\n|-start|p2a: Cinderace|typechange|Bug|[from] ability: Libero\n|-activate|p1a: Eiscue|ability: Ice Face\n|-damage|p1a: Eiscue|100/100\n|detailschange|p1a: Eiscue|Eiscue-Noice, M\n|\n|t:|1783795453\n|switch|p2a: Ninetales|Ninetales-Alola, F|89/100|[from] U-turn\n|-status|p2a: Ninetales|psn\n|-weather|Snowscape|[from] ability: Snow Warning|[of] p2a: Ninetales\n|-activate|p1a: Eiscue|ability: Ice Face\n|detailschange|p1a: Eiscue|Eiscue, M\n|\n|-weather|Snowscape|[upkeep]\n|-damage|p2a: Ninetales|77/100 psn|[from] psn\n|upkeep\n|turn|10\n|\n|t:|1783795464\n|switch|p1a: Slowking|Slowking-Galar, M|100/100\n|move|p2a: Ninetales|Aurora Veil|p2a: Ninetales\n|-sidestart|p2: kharagan|move: Aurora Veil\n|\n|-weather|Snowscape|[upkeep]\n|-damage|p2a: Ninetales|65/100 psn|[from] psn\n|upkeep\n|turn|11\n|\n|t:|1783795477\n|switch|p2a: Gholdengo|Gholdengo|100/100\n|move|p1a: Slowking|Sludge Bomb|p2a: Gholdengo\n|-immune|p2a: Gholdengo\n|\n|-weather|Snowscape|[upkeep]\n|upkeep\n|turn|12\n|\n|t:|1783795482\n|move|p2a: Gholdengo|Trick|p1a: Slowking\n|-activate|p2a: Gholdengo|move: Trick|[of] p1a: Slowking\n|-item|p1a: Slowking|Choice Scarf|[from] move: Trick\n|-item|p2a: Gholdengo|Black Sludge|[from] move: Trick\n|-prepare|p1a: Slowking|Chilly Reception|[premajor]\n|move|p1a: Slowking|Chilly Reception|p1a: Slowking\n|\n|t:|1783795500\n|switch|p1a: Greninja|Greninja, F|37/100|[from] Chilly Reception\n|\n|-weather|Snowscape|[upkeep]\n|-damage|p2a: Gholdengo|88/100|[from] item: Black Sludge\n|upkeep\n|turn|13\n|\n|t:|1783795515\n|switch|p2a: Primarina|Primarina, M|100/100\n|-status|p2a: Primarina|psn\n|move|p1a: Greninja|U-turn|p2a: Primarina\n|-start|p1a: Greninja|typechange|Bug|[from] ability: Protean\n|-resisted|p2a: Primarina\n|-damage|p2a: Primarina|95/100 psn\n|\n|t:|1783795521\n|switch|p1a: Slowking|Slowking-Galar, M|100/100|[from] U-turn\n|\n|-weather|none\n|-heal|p2a: Primarina|100/100 psn|[from] item: Leftovers\n|-damage|p2a: Primarina|88/100 psn|[from] psn\n|upkeep\n|turn|14\n|\n|t:|1783795529\n|switch|p2a: Landorus|Landorus-Therian, M|100/100\n|-ability|p2a: Landorus|Intimidate|boost\n|-unboost|p1a: Slowking|atk|1\n|-prepare|p1a: Slowking|Chilly Reception|[premajor]\n|move|p1a: Slowking|Chilly Reception|p1a: Slowking\n|-weather|Snowscape\n|\n|t:|1783795532\n|switch|p1a: Eiscue|Eiscue, M|100/100|[from] Chilly Reception\n|\n|-weather|Snowscape|[upkeep]\n|upkeep\n|turn|15\n|\n|t:|1783795543\n|move|p2a: Landorus|Stealth Rock|p1a: Eiscue\n|-sidestart|p1: ploopy ploop|move: Stealth Rock\n|move|p1a: Eiscue|Belly Drum|p1a: Eiscue\n|-damage|p1a: Eiscue|50/100\n|-setboost|p1a: Eiscue|atk|6|[from] move: Belly Drum\n|-enditem|p1a: Eiscue|Sitrus Berry|[eat]\n|-heal|p1a: Eiscue|75/100|[from] item: Sitrus Berry\n|\n|-weather|Snowscape|[upkeep]\n|upkeep\n|turn|16\n|\n|t:|1783795549\n|move|p2a: Landorus|U-turn|p1a: Eiscue\n|-activate|p1a: Eiscue|ability: Ice Face\n|-damage|p1a: Eiscue|75/100\n|detailschange|p1a: Eiscue|Eiscue-Noice, M\n|\n|t:|1783795552\n|switch|p2a: Ninetales|Ninetales-Alola, F|65/100 psn|[from] U-turn\n|move|p1a: Eiscue|Ice Spinner|p2a: Ninetales\n|-resisted|p2a: Ninetales\n|-damage|p2a: Ninetales|32/100 psn\n|\n|-weather|Snowscape|[upkeep]\n|-damage|p2a: Ninetales|20/100 psn|[from] psn\n|upkeep\n|turn|17\n|\n|t:|1783795565\n|move|p1a: Eiscue|Ice Spinner|p2a: Ninetales\n|-resisted|p2a: Ninetales\n|-damage|p2a: Ninetales|0 fnt\n|faint|p2a: Ninetales\n|\n|-weather|Snowscape|[upkeep]\n|-sideend|p2: kharagan|move: Aurora Veil\n|upkeep\n|inactive|kharagan has 120 seconds left.\n|\n|t:|1783795600\n|switch|p2a: Gholdengo|Gholdengo|88/100\n|turn|18\n|\n|t:|1783795604\n|-terastallize|p1a: Eiscue|Water\n|move|p1a: Eiscue|Liquidation|p2a: Gholdengo\n|-damage|p2a: Gholdengo|0 fnt\n|faint|p2a: Gholdengo\n|\n|-weather|none\n|upkeep\n|inactive|kharagan has 120 seconds left.\n|\n|t:|1783795647\n|switch|p2a: Primarina|Primarina, M|88/100 psn\n|turn|19\n|\n|t:|1783795658\n|move|p1a: Eiscue|Zen Headbutt|p2a: Primarina\n|-damage|p2a: Primarina|0 fnt\n|faint|p2a: Primarina\n|\n|upkeep\n|inactive|kharagan has 90 seconds left.\n|\n|t:|1783795692\n|switch|p2a: Cinderace|Cinderace, M|100/100\n|turn|20\n|\n|t:|1783795696\n|move|p2a: Cinderace|Sucker Punch|p1a: Eiscue\n|-start|p2a: Cinderace|typechange|Dark|[from] ability: Libero\n|-damage|p1a: Eiscue|26/100\n|move|p1a: Eiscue|Liquidation|p2a: Cinderace\n|-damage|p2a: Cinderace|0 fnt\n|faint|p2a: Cinderace\n|\n|upkeep\n|inactive|kharagan has 90 seconds left.\n|l|☆kharagan\n|inactive|kharagan disconnected and has a minute to reconnect!\n|player|p2|\n|inactive|kharagan has 30 seconds to reconnect!\n|inactive|kharagan has 20 seconds to reconnect!\n|inactive|kharagan has 15 seconds to reconnect!\n|inactive|kharagan has 10 seconds to reconnect!\n|inactive|kharagan has 5 seconds to reconnect!\n|-message|kharagan lost due to inactivity.\n|\n|win|ploopy ploop\n|raw|ploopy ploop's rating: 1239 &rarr; <strong>1268</strong><br />(+29 for winning)\n|raw|kharagan's rating: 1294 &rarr; <strong>1265</strong><br />(-29 for losing)\n|l|☆ploopy ploop\n|player|p1|\n", "uploadtime": 1783796116, "views": 5, "formatid": "gen9ou", "rating": 1265, "private": 0, "password": null}