{"id": "gen9ou-2647736773", "format": "[Gen 9] OU", "players": ["pepinoloko", "chu520"], "log": "|j|☆pepinoloko\n|j|☆chu520\n|t:|1783804000\n|gametype|singles\n|player|p1|pepinoloko|byron|1357\n|player|p2|chu520|1|1401\n|gen|9\n|tier|[Gen 9] OU\n|rated|\n|rule|HP Percentage Mod: HP is shown in percentages\n|rule|Endless Battle Clause: Forcing endless battles is banned\n|rule|Species Clause: Limit one of each Pokémon\n|rule|OHKO Clause: OHKO moves are banned\n|rule|Evasion Items Clause: Evasion items are banned\n|rule|Evasion Moves Clause: Evasion moves are banned\n|rule|Evasion Abilities Clause: Evasion abilities are banned\n|rule|Sleep Moves Clause: Sleep-inducing moves are banned\n|clearpoke\n|poke|p1|Salazzle, F|\n|poke|p1|Sceptile, F|\n|poke|p1|Indeedee, M|\n|poke|p1|Cinderace, F|\n|poke|p1|Primarina, M|\n|poke|p1|Chesnaught, M|\n|poke|p2|Gliscor, M|\n|poke|p2|Gholdengo|\n|poke|p2|Dragonite, F|\n|poke|p2|Ting-Lu|\n|poke|p2|Darkrai|\n|poke|p2|Zamazenta-*|\n|teampreview\n|\n|t:|1783804030\n|teamsize|p1|6\n|teamsize|p2|6\n|start\n|switch|p1a: Indeedee|Indeedee, M|100/100\n|switch|p2a: Gliscor|Gliscor, M|100/100\n|-fieldstart|move: Psychic Terrain|[from] ability: Psychic Surge|[of] p1a: Indeedee\n|turn|1\n|\n|t:|1783804037\n|move|p2a: Gliscor|Protect|p2a: Gliscor\n|-singleturn|p2a: Gliscor|Protect\n|move|p1a: Indeedee|Expanding Force|p2a: Gliscor\n|-activate|p2a: Gliscor|move: Protect\n|\n|-status|p2a: Gliscor|tox|[from] item: Toxic Orb\n|upkeep\n|turn|2\n|\n|t:|1783804043\n|switch|p2a: Ting-Lu|Ting-Lu|100/100\n|-ability|p2a: Ting-Lu|Vessel of Ruin\n|move|p1a: Indeedee|Psychic Noise|p2a: Ting-Lu\n|-immune|p2a: Ting-Lu\n|\n|upkeep\n|turn|3\n|inactive|Battle timer is ON: inactive players will automatically lose when time's up. (requested by pepinoloko)\n|\n|t:|1783804052\n|switch|p1a: Resist evil|Chesnaught, M|100/100\n|move|p2a: Ting-Lu|Stealth Rock|p1a: Resist evil\n|-sidestart|p1: pepinoloko|move: Stealth Rock\n|\n|upkeep\n|turn|4\n|\n|t:|1783804065\n|switch|p1a: U-Turn from sin|Cinderace, F|100/100\n|switch|p2a: Gliscor|Gliscor, M|100/100 tox\n|\n|upkeep\n|turn|5\n|\n|t:|1783804070\n|move|p1a: U-Turn from sin|Court Change|p1a: U-Turn from sin\n|-start|p1a: U-Turn from sin|typechange|Normal|[from] ability: Libero\n|-swapsideconditions\n|-activate|p1a: U-Turn from sin|move: Court Change\n|move|p2a: Gliscor|Toxic|p1a: U-Turn from sin|[miss]\n|-miss|p2a: Gliscor|p1a: U-Turn from sin\n|\n|upkeep\n|turn|6\n|\n|t:|1783804074\n|move|p1a: U-Turn from sin|U-turn|p2a: Gliscor\n|-resisted|p2a: Gliscor\n|-damage|p2a: Gliscor|93/100 tox\n|\n|t:|1783804078\n|switch|p1a: Forgive|Salazzle, F|100/100|[from] U-turn\n|move|p2a: Gliscor|Spikes|p1a: Forgive\n|-sidestart|p1: pepinoloko|Spikes\n|\n|-heal|p2a: Gliscor|100/100 tox|[from] ability: Poison Heal\n|upkeep\n|turn|7\n|\n|t:|1783804081\n|move|p1a: Forgive|Encore|p2a: Gliscor\n|-start|p2a: Gliscor|Encore\n|move|p2a: Gliscor|Spikes|p1a: Forgive\n|-sidestart|p1: pepinoloko|Spikes\n|\n|upkeep\n|turn|8\n|\n|t:|1783804092\n|switch|p1a: U-Turn from sin|Cinderace, F|100/100\n|switch|p2a: Ting-Lu|Ting-Lu|100/100\n|-damage|p2a: Ting-Lu|94/100|[from] Stealth Rock\n|-ability|p2a: Ting-Lu|Vessel of Ruin\n|\n|-heal|p2a: Ting-Lu|100/100|[from] item: Leftovers\n|-fieldend|move: Psychic Terrain\n|upkeep\n|turn|9\n|\n|t:|1783804101\n|switch|p2a: Gliscor|Gliscor, M|100/100 tox\n|-damage|p2a: Gliscor|88/100 tox|[from] Stealth Rock\n|move|p1a: U-Turn from sin|U-turn|p2a: Gliscor\n|-start|p1a: U-Turn from sin|typechange|Bug|[from] ability: Libero\n|-resisted|p2a: Gliscor\n|-damage|p2a: Gliscor|77/100 tox\n|\n|t:|1783804108\n|switch|p1a: Indeedee|Indeedee, M|100/100|[from] U-turn\n|-damage|p1a: Indeedee|84/100|[from] Spikes\n|-fieldstart|move: Psychic Terrain|[from] ability: Psychic Surge|[of] p1a: Indeedee\n|\n|-heal|p2a: Gliscor|90/100 tox|[from] ability: Poison Heal\n|upkeep\n|turn|10\n|\n|t:|1783804117\n|switch|p1a: Sceptile|Sceptile, F|100/100\n|-damage|p1a: Sceptile|84/100|[from] Spikes\n|-enditem|p1a: Sceptile|Psychic Seed\n|-boost|p1a: Sceptile|spd|1|[from] item: Psychic Seed\n|move|p2a: Gliscor|Protect||[still]\n|-fail|p2a: Gliscor\n|\n|-heal|p2a: Gliscor|100/100 tox|[from] ability: Poison Heal\n|upkeep\n|turn|11\n|\n|t:|1783804132\n|move|p1a: Sceptile|Swords Dance|p1a: Sceptile\n|-boost|p1a: Sceptile|atk|2\n|move|p2a: Gliscor|Toxic|p1a: Sceptile\n|-status|p1a: Sceptile|tox\n|\n|-damage|p1a: Sceptile|78/100 tox|[from] psn\n|upkeep\n|turn|12\n|\n|t:|1783804140\n|move|p1a: Sceptile|Swords Dance|p1a: Sceptile\n|-boost|p1a: Sceptile|atk|2\n|move|p2a: Gliscor|Earthquake|p1a: Sceptile\n|-resisted|p1a: Sceptile\n|-damage|p1a: Sceptile|48/100 tox\n|\n|-damage|p1a: Sceptile|36/100 tox|[from] psn\n|upkeep\n|turn|13\n|\n|t:|1783804146\n|move|p2a: Gliscor|Protect|p2a: Gliscor\n|-singleturn|p2a: Gliscor|Protect\n|move|p1a: Sceptile|Acrobatics|p2a: Gliscor\n|-activate|p2a: Gliscor|move: Protect\n|\n|-damage|p1a: Sceptile|18/100 tox|[from] psn\n|upkeep\n|turn|14\n|\n|t:|1783804152\n|move|p2a: Gliscor|Protect||[still]\n|-fail|p2a: Gliscor\n|move|p1a: Sceptile|Crunch|p2a: Gliscor\n|-damage|p2a: Gliscor|59/100 tox\n|\n|-damage|p1a: Sceptile|0 fnt|[from] psn\n|faint|p1a: Sceptile\n|-heal|p2a: Gliscor|71/100 tox|[from] ability: Poison Heal\n|upkeep\n|-message|pepinoloko forfeited.\n|\n|win|chu520\n|raw|pepinoloko's rating: 1357 &rarr; <strong>1340</strong><br />(-17 for losing)\n|raw|chu520's rating: 1401 &rarr; <strong>1418</strong><br />(+17 for winning)\n|l|☆pepinoloko\n|player|p1|\n|l|☆chu520\n|player|p2|\n", "uploadtime": 1783804496, "views": 14, "formatid": "gen9ou", "rating": 1340, "private": 0, "password": null}