{"id": "gen9ou-2647817588", "format": "[Gen 9] OU", "players": ["greysay", "monstar246"], "log": "|j|☆greysay\n|j|☆monstar246\n|t:|1783817840\n|gametype|singles\n|player|p1|greysay|bianca|1110\n|player|p2|monstar246|1|1143\n|gen|9\n|tier|[Gen 9] OU\n|rated|\n|rule|HP Percentage Mod: HP is shown in percentages\n|rule|Endless Battle Clause: Forcing endless battles is banned\n|rule|Species Clause: Limit one of each Pokémon\n|rule|OHKO Clause: OHKO moves are banned\n|rule|Evasion Items Clause: Evasion items are banned\n|rule|Evasion Moves Clause: Evasion moves are banned\n|rule|Evasion Abilities Clause: Evasion abilities are banned\n|rule|Sleep Moves Clause: Sleep-inducing moves are banned\n|clearpoke\n|poke|p1|Florges-Orange, F|\n|poke|p1|Torkoal, M|\n|poke|p1|Ninetales, F|\n|poke|p1|Emboar, M|\n|poke|p1|Milotic, F|\n|poke|p1|Leavanny, M|\n|poke|p2|Blaziken, M|\n|poke|p2|Greninja-*, M|\n|poke|p2|Metagross|\n|poke|p2|Diancie|\n|poke|p2|Dragonite, F|\n|poke|p2|Hoopa-Unbound|\n|teampreview\n|\n|t:|1783817879\n|teamsize|p1|6\n|teamsize|p2|6\n|start\n|switch|p1a: Milotic|Milotic, F|100/100\n|switch|p2a: Metagross|Metagross|100/100\n|turn|1\n|\n|t:|1783817900\n|move|p1a: Milotic|Scald|p2a: Metagross\n|-damage|p2a: Metagross|83/100\n|move|p2a: Metagross|Psychic Fangs|p1a: Milotic\n|-damage|p1a: Milotic|66/100\n|\n|-status|p1a: Milotic|brn|[from] item: Flame Orb\n|upkeep\n|turn|2\n|\n|t:|1783817908\n|move|p1a: Milotic|Recover|p1a: Milotic\n|-heal|p1a: Milotic|100/100 brn\n|move|p2a: Metagross|Psychic Fangs|p1a: Milotic\n|-damage|p1a: Milotic|76/100 brn\n|\n|-damage|p1a: Milotic|70/100 brn|[from] brn\n|upkeep\n|turn|3\n|\n|t:|1783817920\n|move|p1a: Milotic|Scald|p2a: Metagross\n|-damage|p2a: Metagross|66/100\n|move|p2a: Metagross|Earthquake|p1a: Milotic\n|-damage|p1a: Milotic|49/100 brn\n|\n|-damage|p1a: Milotic|43/100 brn|[from] brn\n|upkeep\n|turn|4\n|\n|t:|1783817934\n|move|p1a: Milotic|Recover|p1a: Milotic\n|-heal|p1a: Milotic|93/100 brn\n|move|p2a: Metagross|Psychic Fangs|p1a: Milotic\n|-damage|p1a: Milotic|70/100 brn\n|\n|-damage|p1a: Milotic|64/100 brn|[from] brn\n|upkeep\n|turn|5\n|\n|t:|1783817942\n|switch|p2a: Hoopa|Hoopa-Unbound|100/100\n|move|p1a: Milotic|Recover|p1a: Milotic\n|-heal|p1a: Milotic|100/100 brn\n|\n|-damage|p1a: Milotic|94/100 brn|[from] brn\n|upkeep\n|turn|6\n|\n|t:|1783817949\n|move|p2a: Hoopa|Energy Ball|p1a: Milotic\n|-supereffective|p1a: Milotic\n|-damage|p1a: Milotic|35/100 brn\n|-item|p2a: Hoopa|Flame Orb|[from] ability: Magician|[of] p1a: Milotic\n|move|p1a: Milotic|Dragon Tail|p2a: Hoopa\n|-damage|p2a: Hoopa|93/100\n|drag|p2a: Diancie|Diancie|100/100\n|\n|-damage|p1a: Milotic|28/100 brn|[from] brn\n|upkeep\n|turn|7\n|\n|t:|1783817968\n|switch|p2a: Hoopa|Hoopa-Unbound|93/100\n|move|p1a: Milotic|Recover|p1a: Milotic\n|-heal|p1a: Milotic|78/100 brn\n|\n|-damage|p1a: Milotic|72/100 brn|[from] brn\n|-status|p2a: Hoopa|brn|[from] item: Flame Orb\n|upkeep\n|turn|8\n|\n|t:|1783817979\n|switch|p1a: Torkoal|Torkoal, M|100/100\n|-weather|SunnyDay|[from] ability: Drought|[of] p1a: Torkoal\n|move|p2a: Hoopa|Energy Ball|p1a: Torkoal\n|-resisted|p1a: Torkoal\n|-damage|p1a: Torkoal|75/100\n|\n|-weather|SunnyDay|[upkeep]\n|-heal|p1a: Torkoal|81/100|[from] item: Leftovers\n|-damage|p2a: Hoopa|87/100 brn|[from] brn\n|upkeep\n|turn|9\n|\n|t:|1783817995\n|move|p2a: Hoopa|Future Sight|p1a: Torkoal\n|-start|p2a: Hoopa|move: Future Sight\n|move|p1a: Torkoal|Stone Edge|p2a: Hoopa\n|-damage|p2a: Hoopa|50/100 brn\n|\n|-weather|SunnyDay|[upkeep]\n|-heal|p1a: Torkoal|87/100|[from] item: Leftovers\n|-damage|p2a: Hoopa|44/100 brn|[from] brn\n|upkeep\n|turn|10\n|\n|t:|1783818004\n|switch|p2a: Diancie|Diancie|100/100\n|move|p1a: Torkoal|Stone Edge|p2a: Diancie|[miss]\n|-miss|p1a: Torkoal|p2a: Diancie\n|\n|-weather|SunnyDay|[upkeep]\n|-heal|p1a: Torkoal|93/100|[from] item: Leftovers\n|upkeep\n|turn|11\n|\n|t:|1783818017\n|switch|p1a: Florges|Florges-Orange, F, shiny|100/100\n|move|p2a: Diancie|Power Gem|p1a: Florges\n|-damage|p1a: Florges|77/100\n|\n|-weather|SunnyDay|[upkeep]\n|-end|p1a: Florges|move: Future Sight\n|-damage|p1a: Florges|27/100\n|-heal|p1a: Florges|34/100|[from] item: Leftovers\n|upkeep\n|turn|12\n|\n|t:|1783818027\n|move|p1a: Florges|Synthesis|p1a: Florges\n|-heal|p1a: Florges|99/100\n|move|p2a: Diancie|Flash Cannon|p1a: Florges\n|-supereffective|p1a: Florges\n|-damage|p1a: Florges|65/100\n|\n|-weather|none\n|-heal|p1a: Florges|71/100|[from] item: Leftovers\n|upkeep\n|turn|13\n|\n|t:|1783818036\n|move|p1a: Florges|Calm Mind|p1a: Florges\n|-boost|p1a: Florges|spa|1\n|-boost|p1a: Florges|spd|1\n|move|p2a: Diancie|Flash Cannon|p1a: Florges\n|-supereffective|p1a: Florges\n|-damage|p1a: Florges|47/100\n|\n|-heal|p1a: Florges|54/100|[from] item: Leftovers\n|upkeep\n|turn|14\n|\n|t:|1783818050\n|move|p1a: Florges|Synthesis|p1a: Florges\n|-heal|p1a: Florges|100/100\n|move|p2a: Diancie|Moonblast|p1a: Florges\n|-damage|p1a: Florges|80/100\n|\n|-heal|p1a: Florges|87/100|[from] item: Leftovers\n|upkeep\n|turn|15\n|\n|t:|1783818057\n|move|p1a: Florges|Calm Mind|p1a: Florges\n|-boost|p1a: Florges|spa|1\n|-boost|p1a: Florges|spd|1\n|move|p2a: Diancie|Flash Cannon|p1a: Florges\n|-supereffective|p1a: Florges\n|-damage|p1a: Florges|69/100\n|-unboost|p1a: Florges|spd|1\n|\n|-heal|p1a: Florges|75/100|[from] item: Leftovers\n|upkeep\n|turn|16\n|\n|t:|1783818074\n|move|p1a: Florges|Calm Mind|p1a: Florges\n|-boost|p1a: Florges|spa|1\n|-boost|p1a: Florges|spd|1\n|move|p2a: Diancie|Moonblast|p1a: Florges\n|-damage|p1a: Florges|61/100\n|\n|-heal|p1a: Florges|67/100|[from] item: Leftovers\n|upkeep\n|turn|17\n|\n|t:|1783818086\n|switch|p2a: Metagross|Metagross|66/100\n|move|p1a: Florges|Moonblast|p2a: Metagross\n|-resisted|p2a: Metagross\n|-damage|p2a: Metagross|25/100\n|\n|-heal|p1a: Florges|74/100|[from] item: Leftovers\n|upkeep\n|turn|18\n|inactive|Battle timer is ON: inactive players will automatically lose when time's up. (requested by monstar246)\n|\n|t:|1783818095\n|move|p1a: Florges|Moonblast|p2a: Metagross\n|-resisted|p2a: Metagross\n|-damage|p2a: Metagross|0 fnt\n|faint|p2a: Metagross\n|\n|-heal|p1a: Florges|80/100|[from] item: Leftovers\n|upkeep\n|\n|t:|1783818104\n|switch|p2a: Hoopa|Hoopa-Unbound|44/100 brn\n|turn|19\n|\n|t:|1783818110\n|move|p2a: Hoopa|Destiny Bond|p2a: Hoopa\n|-singlemove|p2a: Hoopa|Destiny Bond\n|move|p1a: Florges|Moonblast|p2a: Hoopa\n|-supereffective|p2a: Hoopa\n|-damage|p2a: Hoopa|0 fnt\n|faint|p2a: Hoopa\n|-activate|p2a: Hoopa|move: Destiny Bond\n|faint|p1a: Florges\n|\n|upkeep\n|\n|t:|1783818126\n|switch|p2a: Dragonite|Dragonite, F|100/100\n|switch|p1a: Ninetales|Ninetales, F|100/100\n|-weather|SunnyDay|[from] ability: Drought|[of] p1a: Ninetales\n|turn|20\n|\n|t:|1783818151\n|move|p1a: Ninetales|Encore||[still]\n|-fail|p1a: Ninetales\n|move|p2a: Dragonite|Dragon Dance|p2a: Dragonite\n|-boost|p2a: Dragonite|atk|1\n|-boost|p2a: Dragonite|spe|1\n|\n|-weather|SunnyDay|[upkeep]\n|upkeep\n|turn|21\n|\n|t:|1783818157\n|move|p2a: Dragonite|Dragon Dance|p2a: Dragonite\n|-boost|p2a: Dragonite|atk|1\n|-boost|p2a: Dragonite|spe|1\n|move|p1a: Ninetales|Shadow Ball|p2a: Dragonite\n|-damage|p2a: Dragonite|89/100\n|-unboost|p2a: Dragonite|spd|1\n|\n|-weather|SunnyDay|[upkeep]\n|upkeep\n|turn|22\n|\n|t:|1783818172\n|move|p2a: Dragonite|Dragon Claw|p1a: Ninetales\n|-damage|p1a: Ninetales|0 fnt\n|faint|p1a: Ninetales\n|\n|-weather|SunnyDay|[upkeep]\n|upkeep\n|\n|t:|1783818175\n|switch|p1a: Leavanny|Leavanny, M|100/100\n|turn|23\n|\n|t:|1783818192\n|move|p2a: Dragonite|Extreme Speed|p1a: Leavanny\n|-damage|p1a: Leavanny|6/100\n|move|p1a: Leavanny|Triple Axel|p2a: Dragonite\n|-supereffective|p2a: Dragonite\n|-damage|p2a: Dragonite|64/100\n|-enditem|p2a: Dragonite|Weakness Policy\n|-boost|p2a: Dragonite|atk|2|[from] item: Weakness Policy\n|-boost|p2a: Dragonite|spa|2|[from] item: Weakness Policy\n|-supereffective|p2a: Dragonite\n|-damage|p2a: Dragonite|11/100\n|-supereffective|p2a: Dragonite\n|-damage|p2a: Dragonite|0 fnt\n|faint|p2a: Dragonite\n|-hitcount|p2: Dragonite|3\n|\n|-weather|SunnyDay|[upkeep]\n|upkeep\n|\n|t:|1783818208\n|switch|p2a: Greninja|Greninja, M|100/100\n|turn|24\n|\n|t:|1783818215\n|move|p1a: Leavanny|Bullet Seed|p2a: Greninja\n|-supereffective|p2a: Greninja\n|-damage|p2a: Greninja|60/100\n|-supereffective|p2a: Greninja\n|-damage|p2a: Greninja|23/100\n|-supereffective|p2a: Greninja\n|-damage|p2a: Greninja|0 fnt\n|faint|p2a: Greninja\n|-hitcount|p2: Greninja|3\n|\n|-weather|SunnyDay|[upkeep]\n|upkeep\n|\n|t:|1783818224\n|switch|p2a: Blaziken|Blaziken, M|100/100\n|turn|25\n|\n|t:|1783818238\n|switch|p1a: Torkoal|Torkoal, M|93/100\n|move|p2a: Blaziken|Bulk Up|p2a: Blaziken\n|-boost|p2a: Blaziken|atk|1\n|-boost|p2a: Blaziken|def|1\n|\n|-weather|SunnyDay|[upkeep]\n|-heal|p1a: Torkoal|99/100|[from] item: Leftovers\n|-ability|p2a: Blaziken|Speed Boost|boost\n|-boost|p2a: Blaziken|spe|1\n|upkeep\n|turn|26\n|\n|t:|1783818253\n|move|p2a: Blaziken|Brick Break|p1a: Torkoal\n|-damage|p1a: Torkoal|51/100\n|move|p1a: Torkoal|Scorching Sands|p2a: Blaziken\n|-supereffective|p2a: Blaziken\n|-damage|p2a: Blaziken|39/100\n|\n|-weather|SunnyDay|[upkeep]\n|-heal|p1a: Torkoal|57/100|[from] item: Leftovers\n|-ability|p2a: Blaziken|Speed Boost|boost\n|-boost|p2a: Blaziken|spe|1\n|upkeep\n|turn|27\n|\n|t:|1783818263\n|move|p2a: Blaziken|Brave Bird|p1a: Torkoal\n|-damage|p1a: Torkoal|6/100\n|-damage|p2a: Blaziken|19/100|[from] Recoil\n|move|p1a: Torkoal|Scorching Sands|p2a: Blaziken\n|-supereffective|p2a: Blaziken\n|-damage|p2a: Blaziken|0 fnt\n|faint|p2a: Blaziken\n|\n|-weather|none\n|-heal|p1a: Torkoal|12/100|[from] item: Leftovers\n|upkeep\n|\n|t:|1783818273\n|switch|p2a: Diancie|Diancie|100/100\n|turn|28\n|\n|t:|1783818277\n|switch|p1a: Milotic|Milotic, F|72/100 brn\n|move|p2a: Diancie|Power Gem|p1a: Milotic\n|-damage|p1a: Milotic|46/100 brn\n|\n|-damage|p1a: Milotic|40/100 brn|[from] brn\n|upkeep\n|turn|29\n|\n|t:|1783818285\n|move|p1a: Milotic|Recover|p1a: Milotic\n|-heal|p1a: Milotic|90/100 brn\n|move|p2a: Diancie|Moonblast|p1a: Milotic\n|-damage|p1a: Milotic|57/100 brn\n|\n|-damage|p1a: Milotic|50/100 brn|[from] brn\n|upkeep\n|turn|30\n|\n|t:|1783818292\n|move|p1a: Milotic|Scald|p2a: Diancie\n|-supereffective|p2a: Diancie\n|-damage|p2a: Diancie|61/100\n|move|p2a: Diancie|Moonblast|p1a: Milotic\n|-damage|p1a: Milotic|15/100 brn\n|\n|-damage|p1a: Milotic|9/100 brn|[from] brn\n|upkeep\n|turn|31\n|\n|t:|1783818300\n|move|p1a: Milotic|Scald|p2a: Diancie\n|-supereffective|p2a: Diancie\n|-damage|p2a: Diancie|23/100\n|move|p2a: Diancie|Moonblast|p1a: Milotic\n|-damage|p1a: Milotic|0 fnt\n|faint|p1a: Milotic\n|\n|upkeep\n|\n|t:|1783818307\n|switch|p1a: Leavanny|Leavanny, M|6/100\n|turn|32\n|\n|t:|1783818312\n|move|p1a: Leavanny|Bullet Seed|p2a: Diancie\n|-supereffective|p2a: Diancie\n|-damage|p2a: Diancie|5/100\n|-supereffective|p2a: Diancie\n|-damage|p2a: Diancie|0 fnt\n|faint|p2a: Diancie\n|-hitcount|p2: Diancie|2\n|\n|win|greysay\n|raw|greysay's rating: 1110 &rarr; <strong>1137</strong><br />(+27 for winning)\n|raw|monstar246's rating: 1143 &rarr; <strong>1116</strong><br />(-27 for losing)\n|l|☆greysay\n|player|p1|\n", "uploadtime": 1783818671, "views": 15, "formatid": "gen9ou", "rating": 1116, "private": 0, "password": null}