{"id": "gen9ou-2647741279", "format": "[Gen 9] OU", "players": ["oseimak000", "realsketty"], "log": "|j|☆oseimak000\n|j|☆realsketty\n|t:|1783804757\n|gametype|singles\n|player|p1|oseimak000|benga|1205\n|player|p2|realsketty|clown|1186\n|gen|9\n|tier|[Gen 9] OU\n|rated|\n|rule|HP Percentage Mod: HP is shown in percentages\n|rule|Endless Battle Clause: Forcing endless battles is banned\n|rule|Species Clause: Limit one of each Pokémon\n|rule|OHKO Clause: OHKO moves are banned\n|rule|Evasion Items Clause: Evasion items are banned\n|rule|Evasion Moves Clause: Evasion moves are banned\n|rule|Evasion Abilities Clause: Evasion abilities are banned\n|rule|Sleep Moves Clause: Sleep-inducing moves are banned\n|clearpoke\n|poke|p1|Ceruledge, M|\n|poke|p1|Greninja-*, M|\n|poke|p1|Dragonite, F|\n|poke|p1|Lucario, M|\n|poke|p1|Ogerpon-Wellspring, F|\n|poke|p1|Blaziken, M|\n|poke|p2|Ogerpon, F|\n|poke|p2|Landorus-Therian, M|\n|poke|p2|Gholdengo|\n|poke|p2|Pecharunt|\n|poke|p2|Slowking-Galar, F|\n|poke|p2|Corviknight, M|\n|teampreview\n|\n|t:|1783804763\n|teamsize|p1|6\n|teamsize|p2|6\n|start\n|switch|p1a: Greninja|Greninja, M|100/100\n|switch|p2a: Landorus|Landorus-Therian, M|100/100\n|-ability|p2a: Landorus|Intimidate|boost\n|-unboost|p1a: Greninja|atk|1\n|turn|1\n|\n|t:|1783804771\n|move|p2a: Landorus|U-turn|p1a: Greninja\n|-supereffective|p1a: Greninja\n|-enditem|p1a: Greninja|Focus Sash\n|-damage|p1a: Greninja|1/100\n|\n|t:|1783804777\n|switch|p2a: Slowking|Slowking-Galar, F|100/100|[from] U-turn\n|move|p1a: Greninja|Ice Beam|p2a: Slowking\n|-damage|p2a: Slowking|88/100\n|\n|upkeep\n|turn|2\n|inactive|Battle timer is ON: inactive players will automatically lose when time's up. (requested by realsketty)\n|\n|t:|1783804789\n|move|p1a: Greninja|Dark Pulse|p2a: Slowking\n|-supereffective|p2a: Slowking\n|-damage|p2a: Slowking|50/100\n|move|p2a: Slowking|Chilling Water|p1a: Greninja\n|-resisted|p1a: Greninja\n|-damage|p1a: Greninja|0 fnt\n|faint|p1a: Greninja\n|\n|upkeep\n|\n|t:|1783804800\n|switch|p1a: Dragonite|Dragonite, F|100/100\n|turn|3\n|\n|t:|1783804803\n|move|p1a: Dragonite|Dragon Dance|p1a: Dragonite\n|-boost|p1a: Dragonite|atk|1\n|-boost|p1a: Dragonite|spe|1\n|move|p2a: Slowking|Ice Beam|p1a: Dragonite\n|-supereffective|p1a: Dragonite\n|-damage|p1a: Dragonite|50/100\n|-enditem|p1a: Dragonite|Weakness Policy\n|-boost|p1a: Dragonite|atk|2|[from] item: Weakness Policy\n|-boost|p1a: Dragonite|spa|2|[from] item: Weakness Policy\n|\n|upkeep\n|turn|4\n|\n|t:|1783804813\n|move|p1a: Dragonite|Earthquake|p2a: Slowking\n|-supereffective|p2a: Slowking\n|-crit|p2a: Slowking\n|-damage|p2a: Slowking|0 fnt\n|faint|p2a: Slowking\n|\n|upkeep\n|\n|t:|1783804817\n|switch|p2a: Pecharunt|Pecharunt|100/100\n|turn|5\n|\n|t:|1783804821\n|move|p1a: Dragonite|Earthquake|p2a: Pecharunt\n|-supereffective|p2a: Pecharunt\n|-damage|p2a: Pecharunt|15/100\n|move|p2a: Pecharunt|Malignant Chain|p1a: Dragonite\n|-damage|p1a: Dragonite|18/100\n|-status|p1a: Dragonite|tox\n|-start|p1a: Dragonite|confusion|[from] ability: Poison Puppeteer|[of] p2a: Pecharunt\n|\n|-damage|p1a: Dragonite|11/100 tox|[from] psn\n|upkeep\n|turn|6\n|\n|t:|1783804834\n|-activate|p1a: Dragonite|confusion\n|-damage|p1a: Dragonite|0 fnt|[from] confusion\n|faint|p1a: Dragonite\n|move|p2a: Pecharunt|Recover|p2a: Pecharunt\n|-heal|p2a: Pecharunt|65/100\n|\n|upkeep\n|\n|t:|1783804841\n|switch|p1a: Lucario|Lucario, M, shiny|100/100\n|turn|7\n|\n|t:|1783804844\n|move|p1a: Lucario|Swords Dance|p1a: Lucario\n|-boost|p1a: Lucario|atk|2\n|move|p2a: Pecharunt|Parting Shot|p1a: Lucario\n|-unboost|p1a: Lucario|atk|1\n|-unboost|p1a: Lucario|spa|1\n|\n|t:|1783804848\n|switch|p2a: Landorus|Landorus-Therian, M|100/100|[from] Parting Shot\n|-ability|p2a: Landorus|Intimidate|boost\n|-fail|p1a: Lucario|unboost|Attack|[from] ability: Inner Focus|[of] p1a: Lucario\n|\n|upkeep\n|turn|8\n|\n|t:|1783804855\n|move|p2a: Landorus|Earthquake|p1a: Lucario\n|-supereffective|p1a: Lucario\n|-enditem|p1a: Lucario|Focus Sash\n|-damage|p1a: Lucario|1/100\n|move|p1a: Lucario|Meteor Mash|p2a: Landorus\n|-damage|p2a: Landorus|33/100\n|-boost|p1a: Lucario|atk|1\n|\n|upkeep\n|turn|9\n|\n|t:|1783804864\n|move|p1a: Lucario|Extreme Speed|p2a: Landorus\n|-damage|p2a: Landorus|0 fnt\n|faint|p2a: Landorus\n|\n|upkeep\n|\n|t:|1783804869\n|switch|p2a: Corviknight|Corviknight, M|100/100\n|-ability|p2a: Corviknight|Pressure\n|turn|10\n|\n|t:|1783804874\n|move|p1a: Lucario|Close Combat|p2a: Corviknight\n|-damage|p2a: Corviknight|29/100\n|-unboost|p1a: Lucario|def|1\n|-unboost|p1a: Lucario|spd|1\n|-damage|p1a: Lucario|0 fnt|[from] item: Rocky Helmet|[of] p2a: Corviknight\n|faint|p1a: Lucario\n|move|p2a: Corviknight|U-turn|p1: Lucario|[notarget]\n|-fail|p2a: Corviknight\n|\n|upkeep\n|\n|t:|1783804889\n|switch|p1a: Blaziken|Blaziken, M, shiny|100/100\n|turn|11\n|\n|t:|1783804897\n|move|p1a: Blaziken|Swords Dance|p1a: Blaziken\n|-boost|p1a: Blaziken|atk|2\n|move|p2a: Corviknight|U-turn|p1a: Blaziken\n|-resisted|p1a: Blaziken\n|-damage|p1a: Blaziken|95/100\n|\n|t:|1783804900\n|switch|p2a: Ogerpon|Ogerpon, F|100/100|[from] U-turn\n|\n|-ability|p1a: Blaziken|Speed Boost|boost\n|-boost|p1a: Blaziken|spe|1\n|upkeep\n|turn|12\n|\n|t:|1783804908\n|-terastallize|p2a: Ogerpon|Grass\n|detailschange|p2a: Ogerpon|Ogerpon-Teal-Tera, F, tera:Grass\n|-ability|p2a: Ogerpon|Embody Aspect (Teal)|boost\n|-boost|p2a: Ogerpon|spe|1\n|move|p1a: Blaziken|Protect|p1a: Blaziken\n|-singleturn|p1a: Blaziken|Protect\n|move|p2a: Ogerpon|Encore|p1a: Blaziken\n|-activate|p1a: Blaziken|move: Protect\n|\n|-ability|p1a: Blaziken|Speed Boost|boost\n|-boost|p1a: Blaziken|spe|1\n|upkeep\n|turn|13\n|\n|t:|1783804920\n|switch|p2a: Corviknight|Corviknight, M|29/100\n|-ability|p2a: Corviknight|Pressure\n|move|p1a: Blaziken|Close Combat|p2a: Corviknight\n|-damage|p2a: Corviknight|0 fnt\n|-unboost|p1a: Blaziken|def|1\n|-unboost|p1a: Blaziken|spd|1\n|-damage|p1a: Blaziken|78/100|[from] item: Rocky Helmet|[of] p2a: Corviknight\n|faint|p2a: Corviknight\n|\n|-ability|p1a: Blaziken|Speed Boost|boost\n|-boost|p1a: Blaziken|spe|1\n|upkeep\n|\n|t:|1783804929\n|switch|p2a: Pecharunt|Pecharunt|65/100\n|turn|14\n|\n|t:|1783804936\n|move|p1a: Blaziken|Earthquake|p2a: Pecharunt\n|-supereffective|p2a: Pecharunt\n|-damage|p2a: Pecharunt|0 fnt\n|faint|p2a: Pecharunt\n|\n|-ability|p1a: Blaziken|Speed Boost|boost\n|-boost|p1a: Blaziken|spe|1\n|upkeep\n|-message|realsketty forfeited.\n|\n|win|oseimak000\n|raw|oseimak000's rating: 1205 &rarr; <strong>1229</strong><br />(+24 for winning)\n|raw|realsketty's rating: 1186 &rarr; <strong>1162</strong><br />(-24 for losing)\n|l|☆realsketty\n|player|p2|\n|l|☆oseimak000\n|player|p1|\n", "uploadtime": 1783805299, "views": 3, "formatid": "gen9ou", "rating": 1162, "private": 0, "password": null}