{"id": "gen9ou-2639241927", "format": "[Gen 9] OU", "players": ["thepeakmons", "spicetalk101"], "log": "|j|☆thepeakmons\n|j|☆spicetalk101\n|t:|1782439230\n|gametype|singles\n|player|p1|thepeakmons|101|1127\n|player|p2|spicetalk101|swimmerf-gen4|1165\n|gen|9\n|tier|[Gen 9] OU\n|rated|\n|rule|HP Percentage Mod: HP is shown in percentages\n|rule|Endless Battle Clause: Forcing endless battles is banned\n|rule|Species Clause: Limit one of each Pokémon\n|rule|OHKO Clause: OHKO moves are banned\n|rule|Evasion Items Clause: Evasion items are banned\n|rule|Evasion Moves Clause: Evasion moves are banned\n|rule|Evasion Abilities Clause: Evasion abilities are banned\n|rule|Sleep Moves Clause: Sleep-inducing moves are banned\n|clearpoke\n|poke|p1|Corviknight, M|\n|poke|p1|Ting-Lu|\n|poke|p1|Kyurem|\n|poke|p1|Dondozo, M|\n|poke|p1|Slowking-Galar, M|\n|poke|p1|Cinderace, M|\n|poke|p2|Empoleon, F|\n|poke|p2|Amoonguss, F|\n|poke|p2|Conkeldurr, F|\n|poke|p2|Bisharp, M|\n|poke|p2|Gallade, M|\n|poke|p2|Armarouge, F|\n|teampreview\n|j| shreves0\n|\n|t:|1782439241\n|teamsize|p1|6\n|teamsize|p2|6\n|start\n|switch|p1a: Cinderace|Cinderace, M|100/100\n|switch|p2a: Empoleon|Empoleon, F|100/100\n|turn|1\n|inactive|Battle timer is ON: inactive players will automatically lose when time's up. (requested by thepeakmons)\n|inactive|thepeakmons has 120 seconds left.\n|\n|t:|1782439296\n|move|p1a: Cinderace|Pyro Ball|p2a: Empoleon\n|-damage|p2a: Empoleon|50/100\n|move|p2a: Empoleon|Flip Turn|p1a: Cinderace\n|-supereffective|p1a: Cinderace\n|-damage|p1a: Cinderace|57/100\n|\n|t:|1782439323\n|switch|p2a: Conkeldurr|Conkeldurr, F|100/100|[from] Flip Turn\n|\n|-status|p2a: Conkeldurr|brn|[from] item: Flame Orb\n|upkeep\n|turn|2\n|\n|t:|1782439333\n|move|p1a: Cinderace|U-turn|p2a: Conkeldurr\n|-resisted|p2a: Conkeldurr\n|-damage|p2a: Conkeldurr|92/100 brn\n|\n|t:|1782439348\n|switch|p1a: Corviknight|Corviknight, M|100/100|[from] U-turn\n|-ability|p1a: Corviknight|Pressure\n|move|p2a: Conkeldurr|Knock Off|p1a: Corviknight\n|-damage|p1a: Corviknight|64/100\n|-damage|p2a: Conkeldurr|76/100 brn|[from] item: Rocky Helmet|[of] p1a: Corviknight\n|-enditem|p1a: Corviknight|Rocky Helmet|[from] move: Knock Off|[of] p2a: Conkeldurr\n|\n|-damage|p2a: Conkeldurr|70/100 brn|[from] brn\n|upkeep\n|turn|3\n|\n|t:|1782439372\n|switch|p2a: Bisharp|Bisharp, M|100/100\n|move|p1a: Corviknight|Brave Bird|p2a: Bisharp\n|-resisted|p2a: Bisharp\n|-damage|p2a: Bisharp|86/100\n|-damage|p1a: Corviknight|61/100|[from] Recoil\n|\n|upkeep\n|turn|4\n|\n|t:|1782439387\n|move|p2a: Bisharp|Swords Dance|p2a: Bisharp\n|-boost|p2a: Bisharp|atk|2\n|move|p1a: Corviknight|Roost|p1a: Corviknight\n|-heal|p1a: Corviknight|100/100\n|-singleturn|p1a: Corviknight|move: Roost\n|\n|upkeep\n|turn|5\n|\n|t:|1782439402\n|switch|p1a: Ting-Lu|Ting-Lu|100/100\n|-ability|p1a: Ting-Lu|Vessel of Ruin\n|move|p2a: Bisharp|Swords Dance|p2a: Bisharp\n|-boost|p2a: Bisharp|atk|2\n|\n|upkeep\n|turn|6\n|\n|t:|1782439414\n|move|p2a: Bisharp|Iron Head|p1a: Ting-Lu\n|-damage|p1a: Ting-Lu|31/100\n|cant|p1a: Ting-Lu|flinch\n|\n|-heal|p1a: Ting-Lu|37/100|[from] item: Leftovers\n|upkeep\n|turn|7\n|inactive|thepeakmons has 120 seconds left.\n|\n|t:|1782439433\n|switch|p1a: Dondozo|Dondozo, M|100/100\n|move|p2a: Bisharp|Iron Head|p1a: Dondozo\n|-resisted|p1a: Dondozo\n|-damage|p1a: Dondozo|87/100\n|\n|-heal|p1a: Dondozo|93/100|[from] item: Leftovers\n|upkeep\n|turn|8\n|inactive|thepeakmons has 120 seconds left.\n|\n|t:|1782439458\n|move|p2a: Bisharp|Night Slash|p1a: Dondozo\n|-damage|p1a: Dondozo|68/100\n|move|p1a: Dondozo|Body Press|p2a: Bisharp\n|-supereffective|p2a: Bisharp\n|-crit|p2a: Bisharp\n|-damage|p2a: Bisharp|0 fnt\n|faint|p2a: Bisharp\n|\n|-heal|p1a: Dondozo|74/100|[from] item: Leftovers\n|upkeep\n|\n|t:|1782439471\n|switch|p2a: Amoonguss|Amoonguss, F|100/100\n|turn|9\n|\n|t:|1782439484\n|switch|p1a: Corviknight|Corviknight, M|100/100\n|-ability|p1a: Corviknight|Pressure\n|move|p2a: Amoonguss|Toxic|p1a: Corviknight\n|-immune|p1a: Corviknight\n|\n|upkeep\n|turn|10\n|inactive|spicetalk101 has 120 seconds left.\n|\n|t:|1782439507\n|switch|p2a: Armarouge|Armarouge, F|100/100\n|move|p1a: Corviknight|Brave Bird|p2a: Armarouge\n|-damage|p2a: Armarouge|58/100\n|-ability|p2a: Armarouge|Weak Armor|boost\n|-unboost|p2a: Armarouge|def|1\n|-boost|p2a: Armarouge|spe|2\n|-damage|p1a: Corviknight|89/100|[from] Recoil\n|\n|upkeep\n|turn|11\n|inactive|spicetalk101 has 120 seconds left.\n|inactive|thepeakmons has 90 seconds left.\n|\n|t:|1782439536\n|switch|p1a: Dondozo|Dondozo, M|74/100\n|move|p2a: Armarouge|Calm Mind|p2a: Armarouge\n|-boost|p2a: Armarouge|spa|1\n|-boost|p2a: Armarouge|spd|1\n|\n|-heal|p1a: Dondozo|80/100|[from] item: Leftovers\n|upkeep\n|turn|12\n|inactive|thepeakmons has 90 seconds left.\n|\n|t:|1782439557\n|-terastallize|p2a: Armarouge|Psychic\n|move|p2a: Armarouge|Expanding Force|p1a: Dondozo\n|-damage|p1a: Dondozo|45/100\n|move|p1a: Dondozo|Waterfall|p2a: Armarouge\n|-damage|p2a: Armarouge|27/100\n|-ability|p2a: Armarouge|Weak Armor|boost\n|-unboost|p2a: Armarouge|def|1\n|-boost|p2a: Armarouge|spe|2\n|\n|-heal|p1a: Dondozo|51/100|[from] item: Leftovers\n|upkeep\n|turn|13\n|inactive|thepeakmons has 90 seconds left.\n|\n|t:|1782439576\n|move|p2a: Armarouge|Expanding Force|p1a: Dondozo\n|-damage|p1a: Dondozo|11/100\n|move|p1a: Dondozo|Waterfall|p2a: Armarouge\n|-damage|p2a: Armarouge|0 fnt\n|faint|p2a: Armarouge\n|\n|-heal|p1a: Dondozo|17/100|[from] item: Leftovers\n|upkeep\n|inactive|spicetalk101 has 90 seconds left.\n|\n|t:|1782439593\n|switch|p2a: Gallade|Gallade, M|100/100\n|turn|14\n|inactive|spicetalk101 has 90 seconds left.\n|\n|t:|1782439605\n|move|p2a: Gallade|Sacred Sword|p1a: Dondozo\n|-damage|p1a: Dondozo|0 fnt\n|faint|p1a: Dondozo\n|\n|upkeep\n|inactive|thepeakmons has 90 seconds left.\n|\n|t:|1782439619\n|switch|p1a: Cinderace|Cinderace, M|57/100\n|turn|15\n|\n|t:|1782439628\n|move|p2a: Gallade|Sacred Sword|p1a: Cinderace\n|-damage|p1a: Cinderace|0 fnt\n|faint|p1a: Cinderace\n|\n|upkeep\n|inactive|thepeakmons has 90 seconds left.\n|\n|t:|1782439643\n|switch|p1a: Corviknight|Corviknight, M|89/100\n|-ability|p1a: Corviknight|Pressure\n|turn|16\n|inactive|thepeakmons has 90 seconds left.\n|\n|t:|1782439658\n|move|p2a: Gallade|Sacred Sword|p1a: Corviknight\n|-damage|p1a: Corviknight|52/100\n|move|p1a: Corviknight|Brave Bird|p2a: Gallade\n|-supereffective|p2a: Gallade\n|-crit|p2a: Gallade\n|-damage|p2a: Gallade|0 fnt\n|faint|p2a: Gallade\n|-damage|p1a: Corviknight|29/100|[from] Recoil\n|\n|upkeep\n|\n|t:|1782439668\n|switch|p2a: Conkeldurr|Conkeldurr, F|70/100 brn\n|turn|17\n|\n|t:|1782439674\n|move|p2a: Conkeldurr|Mach Punch|p1a: Corviknight\n|-damage|p1a: Corviknight|7/100\n|move|p1a: Corviknight|Roost|p1a: Corviknight\n|-heal|p1a: Corviknight|57/100\n|-singleturn|p1a: Corviknight|move: Roost\n|\n|-damage|p2a: Conkeldurr|64/100 brn|[from] brn\n|upkeep\n|turn|18\n|inactive|thepeakmons has 90 seconds left.\n|\n|t:|1782439693\n|move|p1a: Corviknight|U-turn|p2a: Conkeldurr\n|-resisted|p2a: Conkeldurr\n|-damage|p2a: Conkeldurr|57/100 brn\n|inactive|thepeakmons has 90 seconds left.\n|\n|t:|1782439708\n|switch|p1a: Slowking|Slowking-Galar, M|100/100|[from] U-turn\n|move|p2a: Conkeldurr|Close Combat|p1a: Slowking\n|-resisted|p1a: Slowking\n|-damage|p1a: Slowking|81/100\n|-unboost|p2a: Conkeldurr|def|1\n|-unboost|p2a: Conkeldurr|spd|1\n|\n|-damage|p2a: Conkeldurr|51/100 brn|[from] brn\n|upkeep\n|turn|19\n|inactive|thepeakmons has 90 seconds left.\n|inactive|spicetalk101 has 120 seconds left.\n|\n|t:|1782439724\n|switch|p2a: Empoleon|Empoleon, F|50/100\n|-prepare|p1a: Slowking|Chilly Reception|[premajor]\n|move|p1a: Slowking|Chilly Reception|p1a: Slowking\n|-weather|Snowscape\n|\n|t:|1782439736\n|switch|p1a: Kyurem|Kyurem|100/100|[from] Chilly Reception\n|-ability|p1a: Kyurem|Pressure\n|\n|-weather|Snowscape|[upkeep]\n|-heal|p2a: Empoleon|56/100|[from] item: Leftovers\n|upkeep\n|turn|20\n|inactive|spicetalk101 has 120 seconds left.\n|\n|t:|1782439748\n|move|p1a: Kyurem|Earth Power|p2a: Empoleon\n|-supereffective|p2a: Empoleon\n|-damage|p2a: Empoleon|13/100\n|move|p2a: Empoleon|Flip Turn|p1a: Kyurem\n|-resisted|p1a: Kyurem\n|-damage|p1a: Kyurem|95/100\n|\n|t:|1782439756\n|switch|p2a: Conkeldurr|Conkeldurr, F|51/100 brn|[from] Flip Turn\n|\n|-weather|Snowscape|[upkeep]\n|-heal|p1a: Kyurem|100/100|[from] item: Leftovers\n|-damage|p2a: Conkeldurr|45/100 brn|[from] brn\n|upkeep\n|turn|21\n|inactive|spicetalk101 has 120 seconds left.\n|\n|t:|1782439767\n|move|p1a: Kyurem|Substitute|p1a: Kyurem\n|-start|p1a: Kyurem|Substitute\n|-damage|p1a: Kyurem|75/100\n|move|p2a: Conkeldurr|Facade|p1a: Kyurem\n|-end|p1a: Kyurem|Substitute\n|\n|-weather|Snowscape|[upkeep]\n|-heal|p1a: Kyurem|82/100|[from] item: Leftovers\n|-damage|p2a: Conkeldurr|39/100 brn|[from] brn\n|upkeep\n|turn|22\n|inactive|spicetalk101 has 120 seconds left.\n|\n|t:|1782439779\n|move|p1a: Kyurem|Freeze-Dry|p2a: Conkeldurr\n|-crit|p2a: Conkeldurr\n|-damage|p2a: Conkeldurr|0 fnt\n|faint|p2a: Conkeldurr\n|\n|-weather|Snowscape|[upkeep]\n|-heal|p1a: Kyurem|88/100|[from] item: Leftovers\n|upkeep\n|-message|spicetalk101 forfeited.\n|\n|win|thepeakmons\n|raw|thepeakmons's rating: 1176 &rarr; <strong>1200</strong><br />(+24 for winning)\n|raw|spicetalk101's rating: 1165 &rarr; <strong>1141</strong><br />(-24 for losing)\n|l|☆spicetalk101\n|player|p2|\n", "uploadtime": 1782439792, "views": 11, "formatid": "gen9ou", "rating": 1141, "private": 0, "password": null}