{"id": "gen9ou-2639241734", "format": "[Gen 9] OU", "players": ["Huxz", "thepeakmons"], "log": "|j|☆Huxz\n|j|☆thepeakmons\n|t:|1782439205\n|gametype|singles\n|player|p1|Huxz|elesa|1122\n|player|p2|thepeakmons|101|1127\n|gen|9\n|tier|[Gen 9] OU\n|rated|\n|rule|HP Percentage Mod: HP is shown in percentages\n|rule|Endless Battle Clause: Forcing endless battles is banned\n|rule|Species Clause: Limit one of each Pokémon\n|rule|OHKO Clause: OHKO moves are banned\n|rule|Evasion Items Clause: Evasion items are banned\n|rule|Evasion Moves Clause: Evasion moves are banned\n|rule|Evasion Abilities Clause: Evasion abilities are banned\n|rule|Sleep Moves Clause: Sleep-inducing moves are banned\n|clearpoke\n|poke|p1|Skeledirge, M|\n|poke|p1|Tinkaton, F|\n|poke|p1|Quaquaval, F|\n|poke|p1|Gumshoos, F|\n|poke|p1|Bisharp, F|\n|poke|p1|Galvantula, F|\n|poke|p2|Dondozo, M|\n|poke|p2|Clodsire, M|\n|poke|p2|Corviknight, F|\n|poke|p2|Slowking-Galar, F|\n|poke|p2|Gholdengo|\n|poke|p2|Garganacl, M|\n|teampreview\n|\n|t:|1782439214\n|teamsize|p1|6\n|teamsize|p2|6\n|start\n|switch|p1a: Tinkaton|Tinkaton, F|100/100\n|switch|p2a: Clodsire|Clodsire, M|100/100\n|-item|p1a: Tinkaton|Air Balloon\n|turn|1\n|inactive|Battle timer is ON: inactive players will automatically lose when time's up. (requested by thepeakmons)\n|\n|t:|1782439242\n|move|p1a: Tinkaton|Stealth Rock|p2a: Clodsire\n|-sidestart|p2: thepeakmons|move: Stealth Rock\n|move|p2a: Clodsire|Stealth Rock|p1a: Tinkaton\n|-sidestart|p1: Huxz|move: Stealth Rock\n|\n|upkeep\n|turn|2\n|\n|t:|1782439248\n|switch|p2a: Gholdengo|Gholdengo|100/100\n|move|p1a: Tinkaton|Encore|p2a: Gholdengo\n|-immune|p2a: Gholdengo|[from] ability: Good as Gold\n|\n|upkeep\n|turn|3\n|\n|t:|1782439259\n|move|p2a: Gholdengo|Nasty Plot|p2a: Gholdengo\n|-boost|p2a: Gholdengo|spa|2\n|move|p1a: Tinkaton|Knock Off|p2a: Gholdengo\n|-supereffective|p2a: Gholdengo\n|-damage|p2a: Gholdengo|63/100\n|-enditem|p2a: Gholdengo|Heavy-Duty Boots|[from] move: Knock Off|[of] p1a: Tinkaton\n|\n|upkeep\n|turn|4\n|\n|t:|1782439273\n|switch|p1a: Skeledirge|Skeledirge, M|100/100\n|move|p2a: Gholdengo|Make It Rain|p1a: Skeledirge\n|-resisted|p1a: Skeledirge\n|-damage|p1a: Skeledirge|80/100\n|-unboost|p2a: Gholdengo|spa|1\n|\n|upkeep\n|turn|5\n|\n|t:|1782439288\n|switch|p1a: Bisharp|Bisharp, F|100/100\n|-damage|p1a: Bisharp|95/100|[from] Stealth Rock\n|move|p2a: Gholdengo|Shadow Ball|p1a: Bisharp\n|-resisted|p1a: Bisharp\n|-damage|p1a: Bisharp|70/100\n|\n|upkeep\n|turn|6\n|\n|t:|1782439301\n|move|p2a: Gholdengo|Recover|p2a: Gholdengo\n|-heal|p2a: Gholdengo|100/100\n|move|p1a: Bisharp|Night Slash|p2a: Gholdengo\n|-supereffective|p2a: Gholdengo\n|-damage|p2a: Gholdengo|40/100\n|\n|upkeep\n|turn|7\n|\n|t:|1782439309\n|move|p2a: Gholdengo|Make It Rain|p1a: Bisharp\n|-resisted|p1a: Bisharp\n|-crit|p1a: Bisharp\n|-damage|p1a: Bisharp|18/100\n|-unboost|p2a: Gholdengo|spa|1\n|move|p1a: Bisharp|Night Slash|p2a: Gholdengo\n|-supereffective|p2a: Gholdengo\n|-damage|p2a: Gholdengo|0 fnt\n|faint|p2a: Gholdengo\n|\n|upkeep\n|\n|t:|1782439318\n|switch|p2a: Garganacl|Garganacl, M|100/100\n|-damage|p2a: Garganacl|88/100|[from] Stealth Rock\n|turn|8\n|\n|t:|1782439324\n|move|p1a: Bisharp|Low Kick|p2a: Garganacl\n|-supereffective|p2a: Garganacl\n|-damage|p2a: Garganacl|42/100\n|move|p2a: Garganacl|Salt Cure|p1a: Bisharp\n|-resisted|p1a: Bisharp\n|-damage|p1a: Bisharp|14/100\n|-start|p1a: Bisharp|Salt Cure\n|\n|-heal|p2a: Garganacl|48/100|[from] item: Leftovers\n|-damage|p1a: Bisharp|0 fnt|[from] Salt Cure\n|faint|p1a: Bisharp\n|upkeep\n|\n|t:|1782439329\n|switch|p1a: Quaquaval|Quaquaval, F|100/100\n|-damage|p1a: Quaquaval|94/100|[from] Stealth Rock\n|turn|9\n|\n|t:|1782439343\n|switch|p2a: Clodsire|Clodsire, M|100/100\n|move|p1a: Quaquaval|Aqua Step|p2a: Clodsire\n|-immune|p2a: Clodsire|[from] ability: Water Absorb\n|\n|upkeep\n|turn|10\n|\n|t:|1782439359\n|switch|p1a: Tinkaton|Tinkaton, F|100/100\n|-damage|p1a: Tinkaton|94/100|[from] Stealth Rock\n|-item|p1a: Tinkaton|Air Balloon\n|move|p2a: Clodsire|Earthquake|p1a: Tinkaton\n|-immune|p1a: Tinkaton\n|\n|upkeep\n|turn|11\n|\n|t:|1782439375\n|switch|p2a: Garganacl|Garganacl, M|48/100\n|-damage|p2a: Garganacl|35/100|[from] Stealth Rock\n|move|p1a: Tinkaton|Knock Off|p2a: Garganacl\n|-damage|p2a: Garganacl|22/100\n|-enditem|p2a: Garganacl|Leftovers|[from] move: Knock Off|[of] p1a: Tinkaton\n|\n|upkeep\n|turn|12\n|\n|t:|1782439395\n|move|p1a: Tinkaton|Gigaton Hammer|p2a: Garganacl\n|-supereffective|p2a: Garganacl\n|-damage|p2a: Garganacl|0 fnt\n|faint|p2a: Garganacl\n|\n|upkeep\n|inactive|thepeakmons has 120 seconds left.\n|\n|t:|1782439409\n|switch|p2a: Dondozo|Dondozo, M|100/100\n|turn|13\n|inactive|thepeakmons has 120 seconds left.\n|\n|t:|1782439432\n|move|p1a: Tinkaton|Stealth Rock||[still]\n|-fail|p1a: Tinkaton\n|move|p2a: Dondozo|Wave Crash|p1a: Tinkaton\n|-damage|p1a: Tinkaton|50/100\n|-enditem|p1a: Tinkaton|Air Balloon\n|-damage|p2a: Dondozo|90/100|[from] Recoil\n|-enditem|p2a: Dondozo|Heavy-Duty Boots|[silent]|[from] ability: Pickpocket|[of] p2a: Dondozo\n|-item|p1a: Tinkaton|Heavy-Duty Boots|[from] ability: Pickpocket|[of] p2a: Dondozo\n|\n|upkeep\n|turn|14\n|c|☆Huxz|people use heavy duty boots on dondozo?\n|\n|t:|1782439461\n|move|p1a: Tinkaton|Knock Off|p2a: Dondozo\n|-damage|p2a: Dondozo|82/100\n|move|p2a: Dondozo|Wave Crash|p1a: Tinkaton\n|-damage|p1a: Tinkaton|6/100\n|-damage|p2a: Dondozo|71/100|[from] Recoil\n|\n|upkeep\n|turn|15\n|\n|t:|1782439476\n|move|p1a: Tinkaton|Encore|p2a: Dondozo\n|-start|p2a: Dondozo|Encore\n|move|p2a: Dondozo|Wave Crash|p1a: Tinkaton\n|-damage|p1a: Tinkaton|0 fnt\n|faint|p1a: Tinkaton\n|-damage|p2a: Dondozo|70/100|[from] Recoil\n|\n|upkeep\n|\n|t:|1782439478\n|switch|p1a: Quaquaval|Quaquaval, F|94/100\n|-damage|p1a: Quaquaval|88/100|[from] Stealth Rock\n|turn|16\n|\n|t:|1782439491\n|switch|p2a: Clodsire|Clodsire, M|100/100\n|move|p1a: Quaquaval|Rapid Spin|p2a: Clodsire\n|-damage|p2a: Clodsire|77/100\n|-boost|p1a: Quaquaval|spe|1\n|-sideend|p1: Huxz|Stealth Rock|[from] move: Rapid Spin|[of] p1a: Quaquaval\n|-damage|p1a: Quaquaval|78/100|[from] item: Life Orb\n|\n|upkeep\n|turn|17\n|\n|t:|1782439507\n|switch|p1a: Gumshoos|Gumshoos, F|100/100\n|move|p2a: Clodsire|Toxic|p1a: Gumshoos\n|-status|p1a: Gumshoos|tox\n|\n|-damage|p1a: Gumshoos|94/100 tox|[from] psn\n|upkeep\n|turn|18\n|inactive|thepeakmons has 90 seconds left.\n|\n|t:|1782439527\n|move|p1a: Gumshoos|Thrash|p2a: Clodsire\n|-damage|p2a: Clodsire|0 fnt\n|faint|p2a: Clodsire\n|\n|-damage|p1a: Gumshoos|82/100 tox|[from] psn\n|upkeep\n|inactive|thepeakmons has 90 seconds left.\n|\n|t:|1782439543\n|switch|p2a: Corviknight|Corviknight, F|100/100\n|-ability|p2a: Corviknight|Pressure\n|turn|19\n|\n|t:|1782439549\n|move|p2a: Corviknight|Defog|p1a: Gumshoos\n|-unboost|p1a: Gumshoos|evasion|1\n|-sideend|p2: thepeakmons|Stealth Rock|[from] move: Defog|[of] p2a: Corviknight\n|move|p1a: Gumshoos|Thrash|p2a: Corviknight|[from] lockedmove\n|-resisted|p2a: Corviknight\n|-damage|p2a: Corviknight|65/100\n|\n|-damage|p1a: Gumshoos|64/100 tox|[from] psn\n|upkeep\n|turn|20\n|inactive|thepeakmons has 90 seconds left.\n|\n|t:|1782439562\n|move|p2a: Corviknight|Roost|p2a: Corviknight\n|-heal|p2a: Corviknight|100/100\n|-singleturn|p2a: Corviknight|move: Roost\n|move|p1a: Gumshoos|Thrash|p2a: Corviknight|[from] lockedmove\n|-resisted|p2a: Corviknight\n|-damage|p2a: Corviknight|65/100\n|-start|p1a: Gumshoos|confusion|[fatigue]\n|\n|-damage|p1a: Gumshoos|40/100 tox|[from] psn\n|upkeep\n|turn|21\n|inactive|thepeakmons has 90 seconds left.\n|\n|t:|1782439582\n|move|p2a: Corviknight|Roost|p2a: Corviknight\n|-heal|p2a: Corviknight|100/100\n|-singleturn|p2a: Corviknight|move: Roost\n|-activate|p1a: Gumshoos|confusion\n|-damage|p1a: Gumshoos|21/100 tox|[from] confusion\n|\n|-damage|p1a: Gumshoos|0 fnt|[from] psn\n|faint|p1a: Gumshoos\n|upkeep\n|\n|t:|1782439586\n|switch|p1a: Galvantula|Galvantula, F|100/100\n|turn|22\n|inactive|thepeakmons has 90 seconds left.\n|\n|t:|1782439595\n|switch|p2a: Slowking|Slowking-Galar, F|100/100\n|move|p1a: Galvantula|Volt Switch|p2a: Slowking\n|-damage|p2a: Slowking|83/100\n|\n|t:|1782439600\n|switch|p1a: Skeledirge|Skeledirge, M|80/100|[from] Volt Switch\n|\n|upkeep\n|turn|23\n|\n|t:|1782439613\n|move|p1a: Skeledirge|Torch Song|p2a: Slowking\n|-damage|p2a: Slowking|65/100\n|-boost|p1a: Skeledirge|spa|1\n|move|p2a: Slowking|Future Sight|p1a: Skeledirge\n|-start|p2a: Slowking|move: Future Sight\n|\n|upkeep\n|turn|24\n|\n|t:|1782439629\n|switch|p2a: Dondozo|Dondozo, M|70/100\n|move|p1a: Skeledirge|Torch Song|p2a: Dondozo\n|-resisted|p2a: Dondozo\n|-damage|p2a: Dondozo|57/100\n|-boost|p1a: Skeledirge|spa|1\n|\n|upkeep\n|turn|25\n|inactive|thepeakmons has 90 seconds left.\n|\n|t:|1782439648\n|move|p1a: Skeledirge|Will-O-Wisp|p2a: Dondozo\n|-status|p2a: Dondozo|brn\n|move|p2a: Dondozo|Wave Crash|p1a: Skeledirge\n|-supereffective|p1a: Skeledirge\n|-damage|p1a: Skeledirge|51/100\n|-damage|p2a: Dondozo|49/100 brn|[from] Recoil\n|\n|-end|p1a: Skeledirge|move: Future Sight\n|-damage|p1a: Skeledirge|17/100\n|-damage|p2a: Dondozo|42/100 brn|[from] brn\n|upkeep\n|turn|26\n|inactive|thepeakmons has 90 seconds left.\n|\n|t:|1782439660\n|move|p1a: Skeledirge|Slack Off|p1a: Skeledirge\n|-heal|p1a: Skeledirge|67/100\n|move|p2a: Dondozo|Rest|p2a: Dondozo\n|-status|p2a: Dondozo|slp|[from] move: Rest\n|-heal|p2a: Dondozo|100/100 slp|[silent]\n|\n|upkeep\n|turn|27\n|\n|t:|1782439668\n|move|p1a: Skeledirge|Hex|p2a: Dondozo\n|-damage|p2a: Dondozo|52/100 slp\n|cant|p2a: Dondozo|slp\n|\n|upkeep\n|turn|28\n|inactive|thepeakmons has 90 seconds left.\n|\n|t:|1782439687\n|switch|p2a: Slowking|Slowking-Galar, F|98/100\n|move|p1a: Skeledirge|Hex|p2a: Slowking\n|-supereffective|p2a: Slowking\n|-damage|p2a: Slowking|45/100\n|\n|upkeep\n|turn|29\n|inactive|thepeakmons has 90 seconds left.\n|\n|t:|1782439702\n|switch|p2a: Corviknight|Corviknight, F|100/100\n|-ability|p2a: Corviknight|Pressure\n|move|p1a: Skeledirge|Hex|p2a: Corviknight\n|-damage|p2a: Corviknight|51/100\n|\n|upkeep\n|turn|30\n|inactive|thepeakmons has 90 seconds left.\n|\n|t:|1782439714\n|switch|p2a: Slowking|Slowking-Galar, F|78/100\n|move|p1a: Skeledirge|Torch Song|p2a: Slowking\n|-damage|p2a: Slowking|42/100\n|-boost|p1a: Skeledirge|spa|1\n|\n|upkeep\n|turn|31\n|inactive|thepeakmons has 90 seconds left.\n|\n|t:|1782439729\n|switch|p2a: Dondozo|Dondozo, M|52/100 slp\n|move|p1a: Skeledirge|Hex|p2a: Dondozo\n|-damage|p2a: Dondozo|3/100 slp\n|\n|upkeep\n|turn|32\n|inactive|thepeakmons has 90 seconds left.\n|\n|t:|1782439742\n|switch|p2a: Slowking|Slowking-Galar, F|75/100\n|move|p1a: Skeledirge|Torch Song|p2a: Slowking\n|-damage|p2a: Slowking|29/100\n|-boost|p1a: Skeledirge|spa|1\n|\n|upkeep\n|turn|33\n|inactive|thepeakmons has 90 seconds left.\n|\n|t:|1782439761\n|switch|p2a: Dondozo|Dondozo, M|3/100 slp\n|move|p1a: Skeledirge|Torch Song|p2a: Dondozo\n|-resisted|p2a: Dondozo\n|-damage|p2a: Dondozo|0 fnt\n|-boost|p1a: Skeledirge|spa|1\n|faint|p2a: Dondozo\n|\n|upkeep\n|\n|t:|1782439773\n|switch|p2a: Slowking|Slowking-Galar, F|62/100\n|turn|34\n|\n|t:|1782439780\n|move|p1a: Skeledirge|Torch Song|p2a: Slowking\n|-damage|p2a: Slowking|0 fnt\n|-boost|p1a: Skeledirge|spa|1\n|faint|p2a: Slowking\n|\n|upkeep\n|\n|t:|1782439786\n|switch|p2a: Corviknight|Corviknight, F|51/100\n|-ability|p2a: Corviknight|Pressure\n|turn|35\n|inactive|thepeakmons has 90 seconds left.\n|\n|t:|1782439792\n|move|p2a: Corviknight|Roost|p2a: Corviknight\n|-heal|p2a: Corviknight|100/100\n|-singleturn|p2a: Corviknight|move: Roost\n|move|p1a: Skeledirge|Torch Song|p2a: Corviknight\n|-supereffective|p2a: Corviknight\n|-damage|p2a: Corviknight|0 fnt\n|faint|p2a: Corviknight\n|\n|win|Huxz\n|raw|Huxz's rating: 1122 &rarr; <strong>1153</strong><br />(+31 for winning)\n|raw|thepeakmons's rating: 1200 &rarr; <strong>1169</strong><br />(-31 for losing)\n|l|☆Huxz\n|player|p1|\n|l|☆thepeakmons\n|player|p2|\n", "uploadtime": 1782439793, "views": 11, "formatid": "gen9ou", "rating": 1153, "private": 0, "password": null}