{"id": "gen9ou-2639311673", "format": "[Gen 9] OU", "players": ["UGBlack", "678913a"], "log": "|j|☆UGBlack\n|j|☆678913a\n|t:|1782450826\n|gametype|singles\n|player|p1|UGBlack|169|1093\n|player|p2|678913a|lass-gen4dp|1136\n|gen|9\n|tier|[Gen 9] OU\n|rated|\n|rule|HP Percentage Mod: HP is shown in percentages\n|rule|Endless Battle Clause: Forcing endless battles is banned\n|rule|Species Clause: Limit one of each Pokémon\n|rule|OHKO Clause: OHKO moves are banned\n|rule|Evasion Items Clause: Evasion items are banned\n|rule|Evasion Moves Clause: Evasion moves are banned\n|rule|Evasion Abilities Clause: Evasion abilities are banned\n|rule|Sleep Moves Clause: Sleep-inducing moves are banned\n|clearpoke\n|poke|p1|Ditto|\n|poke|p1|Great Tusk|\n|poke|p1|Polteageist-Antique|\n|poke|p1|Maushold-Four|\n|poke|p1|Iron Jugulis|\n|poke|p1|Clefable, M|\n|poke|p2|Hydreigon, M|\n|poke|p2|Gholdengo|\n|poke|p2|Hatterene, F|\n|poke|p2|Iron Jugulis|\n|poke|p2|Great Tusk|\n|poke|p2|Alomomola, F|\n|teampreview\n|inactive|Battle timer is ON: inactive players will automatically lose when time's up. (requested by 678913a)\n|\n|t:|1782450843\n|teamsize|p1|6\n|teamsize|p2|6\n|start\n|switch|p1a: Happy Family :)|Maushold-Four, shiny|100/100\n|switch|p2a: Great Tusk|Great Tusk|100/100\n|turn|1\n|\n|t:|1782450863\n|move|p2a: Great Tusk|Earthquake|p1a: Happy Family :)\n|-damage|p1a: Happy Family :)|43/100\n|move|p1a: Happy Family :)|Tidy Up|p1a: Happy Family :)\n|-boost|p1a: Happy Family :)|atk|1\n|-boost|p1a: Happy Family :)|spe|1\n|\n|upkeep\n|turn|2\n|\n|t:|1782450871\n|move|p1a: Happy Family :)|Bullet Seed|p2a: Great Tusk\n|-supereffective|p2a: Great Tusk\n|-damage|p2a: Great Tusk|81/100\n|-supereffective|p2a: Great Tusk\n|-damage|p2a: Great Tusk|64/100\n|-supereffective|p2a: Great Tusk\n|-damage|p2a: Great Tusk|45/100\n|-supereffective|p2a: Great Tusk\n|-damage|p2a: Great Tusk|28/100\n|-supereffective|p2a: Great Tusk\n|-damage|p2a: Great Tusk|10/100\n|-hitcount|p2a: Great Tusk|5\n|move|p2a: Great Tusk|Earthquake|p1a: Happy Family :)\n|-damage|p1a: Happy Family :)|0 fnt\n|faint|p1a: Happy Family :)\n|\n|upkeep\n|inactive|UGBlack has 120 seconds left.\n|\n|t:|1782450897\n|switch|p1a: Ditto|Ditto|100/100\n|-transform|p1a: Ditto|p2a: Great Tusk|[from] ability: Imposter\n|turn|3\n|\n|t:|1782450905\n|-end|p2a: Great Tusk|Protosynthesis|[silent]\n|switch|p2a: Alomomola|Alomomola, F|100/100\n|move|p1a: Ditto|Earthquake|p2a: Alomomola\n|-crit|p2a: Alomomola\n|-damage|p2a: Alomomola|53/100\n|\n|upkeep\n|turn|4\n|\n|t:|1782450913\n|-end|p1a: Ditto|Protosynthesis|[silent]\n|switch|p1a: Iron Jugulis|Iron Jugulis|100/100\n|-enditem|p1a: Iron Jugulis|Booster Energy\n|-activate|p1a: Iron Jugulis|ability: Quark Drive|[fromitem]\n|-start|p1a: Iron Jugulis|quarkdrivespa\n|move|p2a: Alomomola|Wish|p2a: Alomomola\n|\n|upkeep\n|turn|5\n|\n|t:|1782450923\n|move|p1a: Iron Jugulis|Meteor Beam||[still]\n|-prepare|p1a: Iron Jugulis|Meteor Beam\n|-boost|p1a: Iron Jugulis|spa|1\n|move|p2a: Alomomola|Mirror Coat||[still]\n|-fail|p2a: Alomomola\n|\n|-heal|p2a: Alomomola|100/100|[from] move: Wish|[wisher] Alomomola\n|upkeep\n|turn|6\n|\n|t:|1782450932\n|move|p1a: Iron Jugulis|Meteor Beam|p2a: Alomomola|[from] lockedmove\n|-damage|p2a: Alomomola|39/100\n|move|p2a: Alomomola|Mirror Coat|p1a: Iron Jugulis\n|-immune|p1a: Iron Jugulis\n|\n|upkeep\n|turn|7\n|\n|t:|1782450939\n|move|p1a: Iron Jugulis|Dark Pulse|p2a: Alomomola\n|-damage|p2a: Alomomola|0 fnt\n|faint|p2a: Alomomola\n|\n|upkeep\n|\n|t:|1782450947\n|switch|p2a: Hatterene|Hatterene, F|100/100\n|turn|8\n|inactive|UGBlack has 120 seconds left.\n|\n|t:|1782450982\n|move|p1a: Iron Jugulis|Air Slash|p2a: Hatterene\n|-damage|p2a: Hatterene|18/100\n|cant|p2a: Hatterene|flinch\n|\n|-heal|p2a: Hatterene|24/100|[from] item: Leftovers\n|upkeep\n|turn|9\n|inactive|UGBlack has 120 seconds left.\n|\n|t:|1782450990\n|switch|p2a: Great Tusk|Great Tusk|10/100\n|move|p1a: Iron Jugulis|Dark Pulse|p2a: Great Tusk\n|-resisted|p2a: Great Tusk\n|-damage|p2a: Great Tusk|0 fnt\n|faint|p2a: Great Tusk\n|-end|p2a: Great Tusk|Protosynthesis|[silent]\n|\n|upkeep\n|\n|t:|1782451009\n|switch|p2a: Hydreigon|Hydreigon, M, shiny|100/100\n|turn|10\n|inactive|UGBlack has 120 seconds left.\n|\n|t:|1782451053\n|-terastallize|p1a: Iron Jugulis|Fairy\n|move|p2a: Hydreigon|U-turn|p1a: Iron Jugulis\n|-resisted|p1a: Iron Jugulis\n|-damage|p1a: Iron Jugulis|91/100\n|\n|t:|1782451059\n|switch|p2a: Hatterene|Hatterene, F|24/100|[from] U-turn\n|move|p1a: Iron Jugulis|Air Slash|p2a: Hatterene\n|-damage|p2a: Hatterene|0 fnt\n|faint|p2a: Hatterene\n|\n|upkeep\n|\n|t:|1782451067\n|switch|p2a: Gholdengo|Gholdengo|100/100\n|turn|11\n|\n|t:|1782451071\n|-terastallize|p2a: Gholdengo|Water\n|move|p1a: Iron Jugulis|Dark Pulse|p2a: Gholdengo\n|-damage|p2a: Gholdengo|6/100\n|move|p2a: Gholdengo|Make It Rain|p1a: Iron Jugulis\n|-supereffective|p1a: Iron Jugulis\n|-damage|p1a: Iron Jugulis|0 fnt\n|-unboost|p2a: Gholdengo|spa|1\n|faint|p1a: Iron Jugulis\n|-end|p1a: Iron Jugulis|Quark Drive|[silent]\n|\n|upkeep\n|\n|t:|1782451083\n|switch|p1a: Ditto|Ditto|100/100\n|-transform|p1a: Ditto|p2a: Gholdengo|[from] ability: Imposter\n|-start|p1a: Ditto|typechange|Steel/Ghost|[silent]\n|turn|12\n|-enditem|p2a: Gholdengo|Custap Berry|[eat]\n|-activate|p2a: Gholdengo|item: Custap Berry|[consumed]\n|\n|t:|1782451090\n|move|p2a: Gholdengo|Recover|p2a: Gholdengo\n|-heal|p2a: Gholdengo|56/100\n|move|p1a: Ditto|Shadow Ball|p2a: Gholdengo\n|-damage|p2a: Gholdengo|23/100\n|\n|upkeep\n|turn|13\n|inactive|UGBlack has 120 seconds left.\n|\n|t:|1782451097\n|move|p1a: Ditto|Shadow Ball|p2a: Gholdengo\n|-damage|p2a: Gholdengo|0 fnt\n|faint|p2a: Gholdengo\n|\n|upkeep\n|\n|t:|1782451105\n|switch|p2a: Hydreigon|Hydreigon, M, shiny|100/100\n|turn|14\n|\n|t:|1782451108\n|switch|p1a: Goku|Great Tusk, shiny|100/100\n|move|p2a: Hydreigon|Dark Pulse|p1a: Goku\n|-resisted|p1a: Goku\n|-damage|p1a: Goku|75/100\n|\n|upkeep\n|turn|15\n|\n|t:|1782451122\n|move|p2a: Hydreigon|Dark Pulse|p1a: Goku\n|-resisted|p1a: Goku\n|-damage|p1a: Goku|46/100\n|cant|p1a: Goku|flinch\n|\n|upkeep\n|turn|16\n|\n|t:|1782451131\n|move|p2a: Hydreigon|Dark Pulse|p1a: Goku\n|-resisted|p1a: Goku\n|-damage|p1a: Goku|20/100\n|cant|p1a: Goku|flinch\n|\n|upkeep\n|turn|17\n|\n|t:|1782451137\n|move|p2a: Hydreigon|Dark Pulse|p1a: Goku\n|-resisted|p1a: Goku\n|-damage|p1a: Goku|0 fnt\n|faint|p1a: Goku\n|-end|p1a: Goku|Protosynthesis|[silent]\n|\n|upkeep\n|\n|t:|1782451155\n|switch|p1a: Ditto|Ditto|100/100\n|-transform|p1a: Ditto|p2a: Hydreigon|[from] ability: Imposter\n|turn|18\n|\n|t:|1782451168\n|switch|p2a: Iron Jugulis|Iron Jugulis|100/100\n|move|p1a: Ditto|Draco Meteor|p2a: Iron Jugulis|[miss]\n|-miss|p1a: Ditto|p2a: Iron Jugulis\n|\n|upkeep\n|turn|19\n|\n|t:|1782451176\n|move|p1a: Ditto|Draco Meteor|p2a: Iron Jugulis\n|-damage|p2a: Iron Jugulis|20/100\n|-unboost|p1a: Ditto|spa|2\n|move|p2a: Iron Jugulis|Dragon Pulse|p1a: Ditto\n|-supereffective|p1a: Ditto\n|-damage|p1a: Ditto|30/100\n|\n|upkeep\n|turn|20\n|\n|t:|1782451187\n|-end|p2a: Iron Jugulis|Quark Drive|[silent]\n|switch|p2a: Hydreigon|Hydreigon, M, shiny|100/100\n|move|p1a: Ditto|Draco Meteor|p2a: Hydreigon\n|-supereffective|p2a: Hydreigon\n|-damage|p2a: Hydreigon|30/100\n|-unboost|p1a: Ditto|spa|2\n|\n|upkeep\n|turn|21\n|\n|t:|1782451198\n|move|p1a: Ditto|Draco Meteor|p2a: Hydreigon\n|-supereffective|p2a: Hydreigon\n|-damage|p2a: Hydreigon|0 fnt\n|-unboost|p1a: Ditto|spa|2\n|faint|p2a: Hydreigon\n|\n|upkeep\n|-message|678913a forfeited.\n|\n|win|UGBlack\n|raw|UGBlack's rating: 1093 &rarr; <strong>1122</strong><br />(+29 for winning)\n|raw|678913a's rating: 1136 &rarr; <strong>1108</strong><br />(-28 for losing)\n|l|☆678913a\n|player|p2|\n|l|☆UGBlack\n|player|p1|\n", "uploadtime": 1782451525, "views": 4, "formatid": "gen9ou", "rating": 1108, "private": 0, "password": null}