{"id": "gen9ou-2639311437", "format": "[Gen 9] OU", "players": ["mothcarona", "Pr0is0p"], "log": "|j|☆mothcarona\n|j|☆Pr0is0p\n|t:|1782450778\n|gametype|singles\n|player|p1|mothcarona|102|1602\n|player|p2|Pr0is0p|lusamine-nihilego|1569\n|gen|9\n|tier|[Gen 9] OU\n|rated|\n|rule|HP Percentage Mod: HP is shown in percentages\n|rule|Endless Battle Clause: Forcing endless battles is banned\n|rule|Species Clause: Limit one of each Pokémon\n|rule|OHKO Clause: OHKO moves are banned\n|rule|Evasion Items Clause: Evasion items are banned\n|rule|Evasion Moves Clause: Evasion moves are banned\n|rule|Evasion Abilities Clause: Evasion abilities are banned\n|rule|Sleep Moves Clause: Sleep-inducing moves are banned\n|clearpoke\n|poke|p1|Hatterene, F|\n|poke|p1|Dragonite, M|\n|poke|p1|Zamazenta-*|\n|poke|p1|Deoxys-Speed|\n|poke|p1|Kingambit, F|\n|poke|p1|Dragapult, M|\n|poke|p2|Hoopa-Unbound|\n|poke|p2|Clefable, M|\n|poke|p2|Great Tusk|\n|poke|p2|Cinderace, M|\n|poke|p2|Dragonite, M|\n|poke|p2|Slowking-Galar, M|\n|teampreview\n|inactive|Battle timer is ON: inactive players will automatically lose when time's up. (requested by mothcarona)\n|inactive|Pr0is0p also wants the timer to be on.\n|\n|t:|1782450803\n|teamsize|p1|6\n|teamsize|p2|6\n|start\n|switch|p1a: Dragapult|Dragapult, M|100/100\n|switch|p2a: Cinderace|Cinderace, M|100/100\n|turn|1\n|\n|t:|1782450817\n|switch|p2a: Slowking|Slowking-Galar, M|100/100\n|move|p1a: Dragapult|Draco Meteor|p2a: Slowking\n|-damage|p2a: Slowking|60/100\n|-unboost|p1a: Dragapult|spa|2\n|-damage|p1a: Dragapult|91/100|[from] item: Life Orb\n|\n|upkeep\n|turn|2\n|\n|t:|1782450823\n|switch|p1a: Kingambit|Kingambit, F|100/100\n|-prepare|p2a: Slowking|Chilly Reception|[premajor]\n|move|p2a: Slowking|Chilly Reception|p2a: Slowking\n|-weather|Snowscape\n|\n|t:|1782450828\n|switch|p2a: Great Tusk|Great Tusk|100/100|[from] Chilly Reception\n|\n|-weather|Snowscape|[upkeep]\n|upkeep\n|turn|3\n|\n|t:|1782450852\n|-end|p1a: Kingambit|fallenundefined|[silent]\n|switch|p1a: Hatterene|Hatterene, F|100/100\n|move|p2a: Great Tusk|Headlong Rush|p1a: Hatterene\n|-damage|p1a: Hatterene|49/100\n|-unboost|p2a: Great Tusk|def|1\n|-unboost|p2a: Great Tusk|spd|1\n|-damage|p2a: Great Tusk|84/100|[from] item: Rocky Helmet|[of] p1a: Hatterene\n|\n|-weather|Snowscape|[upkeep]\n|upkeep\n|turn|4\n|\n|t:|1782450860\n|switch|p1a: Dragonite|Dragonite, M|100/100\n|move|p2a: Great Tusk|Headlong Rush|p1a: Dragonite\n|-immune|p1a: Dragonite\n|\n|-weather|Snowscape|[upkeep]\n|upkeep\n|turn|5\n|\n|t:|1782450868\n|-end|p2a: Great Tusk|Protosynthesis|[silent]\n|switch|p2a: Clefable|Clefable, M|100/100\n|move|p1a: Dragonite|Scale Shot|p2a: Clefable\n|-immune|p2a: Clefable\n|\n|-weather|Snowscape|[upkeep]\n|upkeep\n|turn|6\n|\n|t:|1782450877\n|switch|p1a: Kingambit|Kingambit, F|100/100\n|move|p2a: Clefable|Stealth Rock|p1a: Kingambit\n|-sidestart|p1: mothcarona|move: Stealth Rock\n|\n|-weather|none\n|upkeep\n|turn|7\n|\n|t:|1782450886\n|switch|p2a: Cinderace|Cinderace, M|100/100\n|-end|p1a: Kingambit|fallenundefined|[silent]\n|switch|p1a: Deoxys|Deoxys-Speed|100/100\n|-damage|p1a: Deoxys|88/100|[from] Stealth Rock\n|-ability|p1a: Deoxys|Pressure\n|\n|upkeep\n|turn|8\n|\n|t:|1782450893\n|switch|p1a: Dragapult|Dragapult, M|91/100\n|-damage|p1a: Dragapult|78/100|[from] Stealth Rock\n|move|p2a: Cinderace|U-turn|p1a: Dragapult\n|-resisted|p1a: Dragapult\n|-damage|p1a: Dragapult|65/100\n|\n|t:|1782450908\n|switch|p2a: Clefable|Clefable, M|100/100|[from] U-turn\n|\n|upkeep\n|turn|9\n|\n|t:|1782450916\n|move|p1a: Dragapult|Shadow Ball|p2a: Clefable\n|-damage|p2a: Clefable|59/100\n|-damage|p1a: Dragapult|56/100|[from] item: Life Orb\n|move|p2a: Clefable|Moonblast|p1a: Dragapult\n|-supereffective|p1a: Dragapult\n|-damage|p1a: Dragapult|0 fnt\n|faint|p1a: Dragapult\n|\n|-heal|p2a: Clefable|65/100|[from] item: Leftovers\n|upkeep\n|\n|t:|1782450918\n|switch|p1a: Zamazenta|Zamazenta|100/100\n|-damage|p1a: Zamazenta|94/100|[from] Stealth Rock\n|-ability|p1a: Zamazenta|Dauntless Shield|boost\n|-boost|p1a: Zamazenta|def|1\n|turn|10\n|\n|t:|1782450935\n|switch|p2a: Cinderace|Cinderace, M|100/100\n|move|p1a: Zamazenta|Close Combat|p2a: Cinderace\n|-damage|p2a: Cinderace|13/100\n|-unboost|p1a: Zamazenta|def|1\n|-unboost|p1a: Zamazenta|spd|1\n|-damage|p1a: Zamazenta|84/100|[from] item: Life Orb\n|\n|upkeep\n|turn|11\n|\n|t:|1782450956\n|switch|p2a: Slowking|Slowking-Galar, M|93/100\n|move|p1a: Zamazenta|Stone Edge|p2a: Slowking\n|-damage|p2a: Slowking|46/100\n|-damage|p1a: Zamazenta|75/100|[from] item: Life Orb\n|\n|upkeep\n|turn|12\n|\n|t:|1782450967\n|switch|p2a: Great Tusk|Great Tusk|84/100\n|move|p1a: Zamazenta|Crunch|p2a: Great Tusk\n|-resisted|p2a: Great Tusk\n|-damage|p2a: Great Tusk|72/100\n|-damage|p1a: Zamazenta|65/100|[from] item: Life Orb\n|\n|upkeep\n|turn|13\n|\n|t:|1782450977\n|move|p1a: Zamazenta|Close Combat|p2a: Great Tusk\n|-damage|p2a: Great Tusk|20/100\n|-unboost|p1a: Zamazenta|def|1\n|-unboost|p1a: Zamazenta|spd|1\n|-damage|p1a: Zamazenta|55/100|[from] item: Life Orb\n|move|p2a: Great Tusk|Rapid Spin|p1a: Zamazenta\n|-damage|p1a: Zamazenta|29/100\n|-boost|p2a: Great Tusk|spe|1\n|\n|upkeep\n|turn|14\n|\n|t:|1782450989\n|switch|p1a: Hatterene|Hatterene, F|49/100\n|-damage|p1a: Hatterene|36/100|[from] Stealth Rock\n|move|p2a: Great Tusk|Ice Spinner|p1a: Hatterene\n|-damage|p1a: Hatterene|15/100\n|-damage|p2a: Great Tusk|4/100|[from] item: Rocky Helmet|[of] p1a: Hatterene\n|\n|upkeep\n|turn|15\n|inactive|Pr0is0p has 120 seconds left.\n|\n|t:|1782451011\n|-end|p2a: Great Tusk|Protosynthesis|[silent]\n|switch|p2a: Slowking|Slowking-Galar, M|79/100\n|move|p1a: Hatterene|Pain Split|p2a: Slowking\n|-sethp|p2a: Slowking|45/100|[from] move: Pain Split|[silent]\n|-sethp|p1a: Hatterene|56/100|[from] move: Pain Split\n|\n|upkeep\n|turn|16\n|\n|t:|1782451020\n|move|p1a: Hatterene|Psychic Noise|p2a: Slowking\n|-damage|p2a: Slowking|25/100\n|-start|p2a: Slowking|move: Heal Block\n|-prepare|p2a: Slowking|Chilly Reception|[premajor]\n|move|p2a: Slowking|Chilly Reception|p2a: Slowking\n|-weather|Snowscape\n|\n|t:|1782451028\n|switch|p2a: Hoopa|Hoopa-Unbound|100/100|[from] Chilly Reception\n|\n|-weather|Snowscape|[upkeep]\n|upkeep\n|turn|17\n|j| thing maker\n|\n|t:|1782451032\n|move|p2a: Hoopa|Knock Off|p1a: Hatterene\n|-damage|p1a: Hatterene|15/100\n|-damage|p2a: Hoopa|84/100|[from] item: Rocky Helmet|[of] p1a: Hatterene\n|-enditem|p1a: Hatterene|Rocky Helmet|[from] move: Knock Off|[of] p2a: Hoopa\n|move|p1a: Hatterene|Nuzzle|p2a: Hoopa\n|-damage|p2a: Hoopa|78/100\n|-status|p2a: Hoopa|par\n|\n|-weather|Snowscape|[upkeep]\n|upkeep\n|turn|18\n|l| thing maker\n|\n|t:|1782451056\n|cant|p2a: Hoopa|par\n|move|p1a: Hatterene|Pain Split|p2a: Hoopa\n|-sethp|p2a: Hoopa|46/100 par|[from] move: Pain Split|[silent]\n|-sethp|p1a: Hatterene|51/100|[from] move: Pain Split\n|\n|-weather|Snowscape|[upkeep]\n|upkeep\n|turn|19\n|\n|t:|1782451064\n|move|p2a: Hoopa|Thunderbolt|p1a: Hatterene\n|-damage|p1a: Hatterene|9/100\n|move|p1a: Hatterene|Draining Kiss|p2a: Hoopa\n|-supereffective|p2a: Hoopa\n|-damage|p2a: Hoopa|25/100 par\n|-heal|p1a: Hatterene|27/100|[from] drain|[of] p2a: Hoopa\n|\n|-weather|Snowscape|[upkeep]\n|upkeep\n|turn|20\n|\n|t:|1782451074\n|cant|p2a: Hoopa|par\n|move|p1a: Hatterene|Draining Kiss|p2a: Hoopa\n|-supereffective|p2a: Hoopa\n|-damage|p2a: Hoopa|3/100 par\n|-heal|p1a: Hatterene|45/100|[from] drain|[of] p2a: Hoopa\n|\n|-weather|none\n|upkeep\n|turn|21\n|inactive|Pr0is0p has 120 seconds left.\n|\n|t:|1782451105\n|cant|p2a: Hoopa|par\n|move|p1a: Hatterene|Draining Kiss|p2a: Hoopa\n|-supereffective|p2a: Hoopa\n|-damage|p2a: Hoopa|0 fnt\n|-heal|p1a: Hatterene|47/100|[from] drain|[of] p2a: Hoopa\n|faint|p2a: Hoopa\n|\n|upkeep\n|j| monkeywaters\n|\n|t:|1782451126\n|switch|p2a: Great Tusk|Great Tusk|4/100\n|turn|22\n|\n|t:|1782451135\n|move|p2a: Great Tusk|Headlong Rush|p1a: Hatterene\n|-damage|p1a: Hatterene|0 fnt\n|-unboost|p2a: Great Tusk|def|1\n|-unboost|p2a: Great Tusk|spd|1\n|faint|p1a: Hatterene\n|\n|upkeep\n|\n|t:|1782451141\n|switch|p1a: Zamazenta|Zamazenta|29/100\n|-damage|p1a: Zamazenta|23/100|[from] Stealth Rock\n|turn|23\n|\n|t:|1782451155\n|move|p1a: Zamazenta|Crunch|p2a: Great Tusk\n|-resisted|p2a: Great Tusk\n|-damage|p2a: Great Tusk|0 fnt\n|faint|p2a: Great Tusk\n|-end|p2a: Great Tusk|Protosynthesis|[silent]\n|-damage|p1a: Zamazenta|13/100|[from] item: Life Orb\n|\n|upkeep\n|\n|t:|1782451159\n|switch|p2a: Dragonite|Dragonite, M|100/100\n|turn|24\n|inactive|Pr0is0p has 120 seconds left.\n|\n|t:|1782451166\n|move|p1a: Zamazenta|Stone Edge|p2a: Dragonite\n|-supereffective|p2a: Dragonite\n|-damage|p2a: Dragonite|62/100\n|-damage|p1a: Zamazenta|3/100|[from] item: Life Orb\n|move|p2a: Dragonite|Dragon Dance|p2a: Dragonite\n|-boost|p2a: Dragonite|atk|1\n|-boost|p2a: Dragonite|spe|1\n|\n|upkeep\n|turn|25\n|j| Roseofrosarade\n|inactive|Pr0is0p has 120 seconds left.\n|\n|t:|1782451177\n|move|p2a: Dragonite|Extreme Speed|p1a: Zamazenta\n|-damage|p1a: Zamazenta|0 fnt\n|faint|p1a: Zamazenta\n|\n|upkeep\n|l| Roseofrosarade\n|\n|t:|1782451181\n|switch|p1a: Kingambit|Kingambit, F|100/100\n|-damage|p1a: Kingambit|94/100|[from] Stealth Rock\n|-activate|p1a: Kingambit|ability: Supreme Overlord\n|-start|p1a: Kingambit|fallen3|[silent]\n|turn|26\n|\n|t:|1782451185\n|-terastallize|p1a: Kingambit|Ghost\n|move|p2a: Dragonite|Roost|p2a: Dragonite\n|-heal|p2a: Dragonite|100/100\n|-singleturn|p2a: Dragonite|move: Roost\n|move|p1a: Kingambit|Kowtow Cleave|p2a: Dragonite\n|-damage|p2a: Dragonite|68/100\n|\n|-heal|p1a: Kingambit|100/100|[from] item: Leftovers\n|upkeep\n|turn|27\n|\n|t:|1782451195\n|move|p2a: Dragonite|Roost|p2a: Dragonite\n|-heal|p2a: Dragonite|100/100\n|-singleturn|p2a: Dragonite|move: Roost\n|move|p1a: Kingambit|Swords Dance|p1a: Kingambit\n|-boost|p1a: Kingambit|atk|2\n|\n|upkeep\n|turn|28\n|\n|t:|1782451198\n|move|p2a: Dragonite|Earthquake|p1a: Kingambit\n|-damage|p1a: Kingambit|57/100\n|move|p1a: Kingambit|Kowtow Cleave|p2a: Dragonite\n|-damage|p2a: Dragonite|33/100\n|\n|-heal|p1a: Kingambit|63/100|[from] item: Leftovers\n|upkeep\n|turn|29\n|j| Large_Rodent\n|\n|t:|1782451212\n|move|p2a: Dragonite|Earthquake|p1a: Kingambit\n|-damage|p1a: Kingambit|20/100\n|move|p1a: Kingambit|Kowtow Cleave|p2a: Dragonite\n|-damage|p2a: Dragonite|0 fnt\n|faint|p2a: Dragonite\n|\n|-heal|p1a: Kingambit|27/100|[from] item: Leftovers\n|upkeep\n|\n|t:|1782451219\n|switch|p2a: Cinderace|Cinderace, M|13/100\n|turn|30\n|\n|t:|1782451225\n|move|p1a: Kingambit|Sucker Punch||[still]\n|-fail|p1a: Kingambit\n|move|p2a: Cinderace|Will-O-Wisp|p1a: Kingambit\n|-status|p1a: Kingambit|brn\n|\n|-heal|p1a: Kingambit|33/100 brn|[from] item: Leftovers\n|-damage|p1a: Kingambit|27/100 brn|[from] brn\n|upkeep\n|turn|31\n|\n|t:|1782451241\n|move|p2a: Cinderace|Pyro Ball|p1a: Kingambit|[miss]\n|-miss|p2a: Cinderace|p1a: Kingambit\n|move|p1a: Kingambit|Kowtow Cleave|p2a: Cinderace\n|-damage|p2a: Cinderace|0 fnt\n|faint|p2a: Cinderace\n|\n|-heal|p1a: Kingambit|33/100 brn|[from] item: Leftovers\n|-damage|p1a: Kingambit|27/100 brn|[from] brn\n|upkeep\n|\n|t:|1782451247\n|switch|p2a: Clefable|Clefable, M|65/100\n|turn|32\n|j| maximilk\n|\n|t:|1782451253\n|-terastallize|p2a: Clefable|Water\n|move|p2a: Clefable|Moonblast|p1a: Kingambit\n|-damage|p1a: Kingambit|0 fnt\n|faint|p1a: Kingambit\n|-end|p1a: Kingambit|fallen3|[silent]\n|\n|-heal|p2a: Clefable|71/100|[from] item: Leftovers\n|upkeep\n|\n|t:|1782451261\n|switch|p1a: Dragonite|Dragonite, M|100/100\n|-damage|p1a: Dragonite|76/100|[from] Stealth Rock\n|turn|33\n|\n|t:|1782451264\n|move|p1a: Dragonite|Encore|p2a: Clefable\n|-start|p2a: Clefable|Encore\n|move|p2a: Clefable|Moonblast|p1a: Dragonite\n|-supereffective|p1a: Dragonite\n|-damage|p1a: Dragonite|14/100\n|\n|-heal|p2a: Clefable|77/100|[from] item: Leftovers\n|upkeep\n|turn|34\n|\n|t:|1782451269\n|move|p1a: Dragonite|Scale Shot|p2a: Clefable\n|-damage|p2a: Clefable|65/100\n|-damage|p2a: Clefable|53/100\n|-damage|p2a: Clefable|42/100\n|-damage|p2a: Clefable|31/100\n|-hitcount|p2a: Clefable|4\n|-unboost|p1a: Dragonite|def|1\n|-boost|p1a: Dragonite|spe|1\n|move|p2a: Clefable|Moonblast|p1a: Dragonite\n|-supereffective|p1a: Dragonite\n|-damage|p1a: Dragonite|0 fnt\n|faint|p1a: Dragonite\n|\n|-heal|p2a: Clefable|37/100|[from] item: Leftovers\n|upkeep\n|\n|t:|1782451272\n|switch|p1a: Deoxys|Deoxys-Speed|88/100\n|-damage|p1a: Deoxys|75/100|[from] Stealth Rock\n|-ability|p1a: Deoxys|Pressure\n|turn|35\n|\n|t:|1782451283\n|move|p1a: Deoxys|Cosmic Power|p1a: Deoxys\n|-boost|p1a: Deoxys|def|1\n|-boost|p1a: Deoxys|spd|1\n|move|p2a: Clefable|Moonblast|p1a: Deoxys\n|-damage|p1a: Deoxys|50/100\n|\n|-heal|p2a: Clefable|43/100|[from] item: Leftovers\n|-end|p2a: Clefable|Encore\n|upkeep\n|turn|36\n|\n|t:|1782451289\n|move|p1a: Deoxys|Recover|p1a: Deoxys\n|-heal|p1a: Deoxys|99/100\n|move|p2a: Clefable|Moonlight|p2a: Clefable\n|-heal|p2a: Clefable|93/100\n|\n|-heal|p2a: Clefable|99/100|[from] item: Leftovers\n|upkeep\n|turn|37\n|\n|t:|1782451292\n|move|p1a: Deoxys|Cosmic Power|p1a: Deoxys\n|-boost|p1a: Deoxys|def|1\n|-boost|p1a: Deoxys|spd|1\n|move|p2a: Clefable|Thunder Wave|p1a: Deoxys\n|-status|p1a: Deoxys|par\n|\n|-heal|p2a: Clefable|100/100|[from] item: Leftovers\n|upkeep\n|turn|38\n|\n|t:|1782451303\n|cant|p1a: Deoxys|par\n|move|p2a: Clefable|Moonblast|p1a: Deoxys\n|-damage|p1a: Deoxys|81/100 par\n|\n|upkeep\n|turn|39\n|\n|t:|1782451309\n|move|p1a: Deoxys|Cosmic Power|p1a: Deoxys\n|-boost|p1a: Deoxys|def|1\n|-boost|p1a: Deoxys|spd|1\n|move|p2a: Clefable|Moonblast|p1a: Deoxys\n|-damage|p1a: Deoxys|65/100 par\n|-unboost|p1a: Deoxys|spa|1\n|\n|upkeep\n|turn|40\n|\n|t:|1782451332\n|cant|p1a: Deoxys|par\n|move|p2a: Clefable|Moonblast|p1a: Deoxys\n|-damage|p1a: Deoxys|48/100 par\n|-unboost|p1a: Deoxys|spa|1\n|\n|upkeep\n|turn|41\n|\n|t:|1782451340\n|cant|p1a: Deoxys|par\n|move|p2a: Clefable|Moonblast|p1a: Deoxys\n|-damage|p1a: Deoxys|32/100 par\n|\n|upkeep\n|turn|42\n|\n|t:|1782451347\n|move|p1a: Deoxys|Recover|p1a: Deoxys\n|-heal|p1a: Deoxys|82/100 par\n|move|p2a: Clefable|Moonblast|p1a: Deoxys\n|-damage|p1a: Deoxys|66/100 par\n|\n|upkeep\n|turn|43\n|\n|t:|1782451352\n|move|p1a: Deoxys|Recover|p1a: Deoxys\n|-heal|p1a: Deoxys|100/100 par\n|move|p2a: Clefable|Moonblast|p1a: Deoxys\n|-damage|p1a: Deoxys|86/100 par\n|-unboost|p1a: Deoxys|spa|1\n|\n|upkeep\n|turn|44\n|\n|t:|1782451355\n|move|p1a: Deoxys|Cosmic Power|p1a: Deoxys\n|-boost|p1a: Deoxys|def|1\n|-boost|p1a: Deoxys|spd|1\n|move|p2a: Clefable|Moonblast|p1a: Deoxys\n|-damage|p1a: Deoxys|74/100 par\n|\n|upkeep\n|turn|45\n|\n|t:|1782451360\n|move|p1a: Deoxys|Cosmic Power|p1a: Deoxys\n|-boost|p1a: Deoxys|def|1\n|-boost|p1a: Deoxys|spd|1\n|move|p2a: Clefable|Moonblast|p1a: Deoxys\n|-damage|p1a: Deoxys|63/100 par\n|\n|upkeep\n|turn|46\n|\n|t:|1782451365\n|cant|p1a: Deoxys|par\n|move|p2a: Clefable|Moonblast|p1a: Deoxys\n|-damage|p1a: Deoxys|51/100 par\n|\n|upkeep\n|turn|47\n|inactive|mothcarona has 120 seconds left.\n|inactive|mothcarona has 90 seconds left.\n|inactive|mothcarona has 60 seconds left.\n|inactive|mothcarona has 30 seconds left.\n|inactive|mothcarona has 20 seconds left.\n|inactive|mothcarona has 15 seconds left.\n|inactive|mothcarona has 10 seconds left.\n|inactive|mothcarona has 5 seconds left.\n|-message|mothcarona lost due to inactivity.\n|\n|win|Pr0is0p\n|raw|mothcarona's rating: 1602 &rarr; <strong>1580</strong><br />(-22 for losing)\n|raw|Pr0is0p's rating: 1569 &rarr; <strong>1591</strong><br />(+22 for winning)\n|l|☆Pr0is0p\n|player|p2|\n|l| maximilk\n|l| monkeywaters\n", "uploadtime": 1782451659, "views": 5, "formatid": "gen9ou", "rating": 1580, "private": 0, "password": null}