{"id": "gen9ou-2647768212", "format": "[Gen 9] OU", "players": ["JoYuKneekYT", "bigburgerboss"], "log": "|j|☆JoYuKneekYT\n|j|☆bigburgerboss\n|t:|1783809196\n|gametype|singles\n|player|p1|JoYuKneekYT|cynthia|1275\n|player|p2|bigburgerboss|dawn|1319\n|gen|9\n|tier|[Gen 9] OU\n|rated|\n|rule|HP Percentage Mod: HP is shown in percentages\n|rule|Endless Battle Clause: Forcing endless battles is banned\n|rule|Species Clause: Limit one of each Pokémon\n|rule|OHKO Clause: OHKO moves are banned\n|rule|Evasion Items Clause: Evasion items are banned\n|rule|Evasion Moves Clause: Evasion moves are banned\n|rule|Evasion Abilities Clause: Evasion abilities are banned\n|rule|Sleep Moves Clause: Sleep-inducing moves are banned\n|clearpoke\n|poke|p1|Oricorio-Pom-Pom, F|\n|poke|p1|Ceruledge, M|\n|poke|p1|Grimmsnarl, M|\n|poke|p1|Decidueye-Hisui, F|\n|poke|p1|Cinderace, M|\n|poke|p1|Ogerpon-Wellspring, F|\n|poke|p2|Klefki, M|\n|poke|p2|Great Tusk|\n|poke|p2|Gholdengo|\n|poke|p2|Lokix, F|\n|poke|p2|Dragonite, F|\n|poke|p2|Primarina, M|\n|teampreview\n|inactive|Battle timer is ON: inactive players will automatically lose when time's up. (requested by bigburgerboss)\n|\n|t:|1783809215\n|teamsize|p1|6\n|teamsize|p2|6\n|start\n|switch|p1a: Grimmsnarl|Grimmsnarl, M|100/100\n|switch|p2a: Lokix|Lokix, F|100/100\n|turn|1\n|\n|t:|1783809224\n|move|p2a: Lokix|First Impression|p1a: Grimmsnarl\n|-damage|p1a: Grimmsnarl|44/100\n|move|p1a: Grimmsnarl|Parting Shot|p2a: Lokix\n|-hint|Since gen 7, Dark is immune to Prankster moves.\n|-immune|p2a: Lokix\n|\n|upkeep\n|turn|2\n|\n|t:|1783809235\n|move|p1a: Grimmsnarl|Reflect|p1a: Grimmsnarl\n|-sidestart|p1: JoYuKneekYT|Reflect\n|move|p2a: Lokix|Leech Life|p1a: Grimmsnarl\n|-damage|p1a: Grimmsnarl|17/100\n|\n|upkeep\n|turn|3\n|\n|t:|1783809255\n|move|p2a: Lokix|Leech Life|p1a: Grimmsnarl\n|-damage|p1a: Grimmsnarl|0 fnt\n|faint|p1a: Grimmsnarl\n|\n|upkeep\n|\n|t:|1783809258\n|switch|p1a: Oricorio|Oricorio-Pom-Pom, F|100/100\n|turn|4\n|\n|t:|1783809268\n|move|p2a: Lokix|Knock Off|p1a: Oricorio\n|-crit|p1a: Oricorio\n|-damage|p1a: Oricorio|20/100\n|-enditem|p1a: Oricorio|Kee Berry|[from] move: Knock Off|[of] p2a: Lokix\n|move|p1a: Oricorio|Quiver Dance|p1a: Oricorio\n|-boost|p1a: Oricorio|spa|1\n|-boost|p1a: Oricorio|spd|1\n|-boost|p1a: Oricorio|spe|1\n|\n|upkeep\n|turn|5\n|\n|t:|1783809281\n|switch|p2a: Dragonite|Dragonite, F|100/100\n|move|p1a: Oricorio|Roost|p1a: Oricorio\n|-heal|p1a: Oricorio|70/100\n|-singleturn|p1a: Oricorio|move: Roost\n|\n|upkeep\n|turn|6\n|\n|t:|1783809287\n|move|p1a: Oricorio|Air Slash|p2a: Dragonite\n|-damage|p2a: Dragonite|77/100\n|move|p2a: Dragonite|Dragon Dance|p2a: Dragonite\n|-boost|p2a: Dragonite|atk|1\n|-boost|p2a: Dragonite|spe|1\n|-activate|p1a: Oricorio|ability: Dancer\n|move|p1a: Oricorio|Dragon Dance|p1a: Oricorio|[from] ability: Dancer\n|-boost|p1a: Oricorio|atk|1\n|-boost|p1a: Oricorio|spe|1\n|\n|upkeep\n|turn|7\n|\n|t:|1783809294\n|move|p1a: Oricorio|Air Slash|p2a: Dragonite\n|-damage|p2a: Dragonite|33/100\n|cant|p2a: Dragonite|flinch\n|\n|upkeep\n|turn|8\n|\n|t:|1783809307\n|move|p1a: Oricorio|Revelation Dance|p2a: Dragonite\n|-damage|p2a: Dragonite|0 fnt\n|faint|p2a: Dragonite\n|\n|upkeep\n|\n|t:|1783809315\n|switch|p2a: Lokix|Lokix, F|100/100\n|turn|9\n|\n|t:|1783809321\n|-terastallize|p1a: Oricorio|Ground\n|-terastallize|p2a: Lokix|Bug\n|move|p2a: Lokix|First Impression|p1a: Oricorio\n|-damage|p1a: Oricorio|29/100\n|move|p1a: Oricorio|Air Slash|p2a: Lokix|[miss]\n|-miss|p1a: Oricorio|p2a: Lokix\n|\n|-sideend|p1: JoYuKneekYT|Reflect\n|upkeep\n|turn|10\n|\n|t:|1783809335\n|move|p1a: Oricorio|Air Slash|p2a: Lokix\n|-supereffective|p2a: Lokix\n|-damage|p2a: Lokix|0 fnt\n|faint|p2a: Lokix\n|\n|upkeep\n|\n|t:|1783809339\n|switch|p2a: Gholdengo|Gholdengo|100/100\n|-item|p2a: Gholdengo|Air Balloon\n|turn|11\n|\n|t:|1783809342\n|move|p1a: Oricorio|Roost|p1a: Oricorio\n|-heal|p1a: Oricorio|79/100\n|move|p2a: Gholdengo|Shadow Ball|p1a: Oricorio\n|-damage|p1a: Oricorio|44/100\n|-unboost|p1a: Oricorio|spd|1\n|\n|upkeep\n|turn|12\n|\n|t:|1783809349\n|move|p1a: Oricorio|Air Slash|p2a: Gholdengo\n|-resisted|p2a: Gholdengo\n|-damage|p2a: Gholdengo|77/100\n|-enditem|p2a: Gholdengo|Air Balloon\n|move|p2a: Gholdengo|Shadow Ball|p1a: Oricorio\n|-damage|p1a: Oricorio|0 fnt\n|faint|p1a: Oricorio\n|\n|upkeep\n|\n|t:|1783809366\n|switch|p1a: Decidueye|Decidueye-Hisui, F|100/100\n|turn|13\n|\n|t:|1783809371\n|move|p2a: Gholdengo|Dazzling Gleam|p1a: Decidueye\n|-supereffective|p1a: Decidueye\n|-damage|p1a: Decidueye|47/100\n|move|p1a: Decidueye|Bulk Up|p1a: Decidueye\n|-boost|p1a: Decidueye|atk|1\n|-boost|p1a: Decidueye|def|1\n|\n|-heal|p1a: Decidueye|53/100|[from] item: Leftovers\n|upkeep\n|turn|14\n|\n|t:|1783809378\n|move|p1a: Decidueye|Sucker Punch|p2a: Gholdengo\n|-supereffective|p2a: Gholdengo\n|-damage|p2a: Gholdengo|0 fnt\n|faint|p2a: Gholdengo\n|\n|-heal|p1a: Decidueye|59/100|[from] item: Leftovers\n|upkeep\n|\n|t:|1783809381\n|switch|p2a: Klefki|Klefki, M|100/100\n|turn|15\n|\n|t:|1783809393\n|switch|p1a: Cinderace|Cinderace, M|100/100\n|move|p2a: Klefki|Thunder Wave|p1a: Cinderace\n|-status|p1a: Cinderace|par\n|\n|upkeep\n|turn|16\n|\n|t:|1783809398\n|switch|p2a: Great Tusk|Great Tusk|100/100\n|cant|p1a: Cinderace|par\n|\n|upkeep\n|turn|17\n|\n|t:|1783809410\n|move|p2a: Great Tusk|Headlong Rush|p1a: Cinderace\n|-supereffective|p1a: Cinderace\n|-damage|p1a: Cinderace|0 fnt\n|-unboost|p2a: Great Tusk|def|1\n|-unboost|p2a: Great Tusk|spd|1\n|faint|p1a: Cinderace\n|\n|upkeep\n|\n|t:|1783809419\n|switch|p1a: Ogerpon|Ogerpon-Wellspring, F|100/100\n|turn|18\n|\n|t:|1783809425\n|-end|p2a: Great Tusk|Protosynthesis|[silent]\n|switch|p2a: Klefki|Klefki, M|100/100\n|move|p1a: Ogerpon|Ivy Cudgel|p2a: Klefki|[anim] Ivy Cudgel Water\n|-damage|p2a: Klefki|51/100\n|\n|upkeep\n|turn|19\n|\n|t:|1783809431\n|switch|p1a: Decidueye|Decidueye-Hisui, F|59/100\n|move|p2a: Klefki|Thunder Wave|p1a: Decidueye\n|-status|p1a: Decidueye|par\n|\n|-heal|p1a: Decidueye|66/100 par|[from] item: Leftovers\n|upkeep\n|turn|20\n|\n|t:|1783809435\n|move|p2a: Klefki|Draining Kiss|p1a: Decidueye\n|-supereffective|p1a: Decidueye\n|-damage|p1a: Decidueye|41/100 par\n|-heal|p2a: Klefki|72/100|[from] drain|[of] p1a: Decidueye\n|move|p1a: Decidueye|Roost|p1a: Decidueye\n|-heal|p1a: Decidueye|91/100 par\n|-singleturn|p1a: Decidueye|move: Roost\n|\n|-heal|p1a: Decidueye|98/100 par|[from] item: Leftovers\n|upkeep\n|turn|21\n|\n|t:|1783809442\n|move|p2a: Klefki|Draining Kiss|p1a: Decidueye\n|-supereffective|p1a: Decidueye\n|-damage|p1a: Decidueye|73/100 par\n|-heal|p2a: Klefki|92/100|[from] drain|[of] p1a: Decidueye\n|move|p1a: Decidueye|Triple Arrows|p2a: Klefki\n|-damage|p2a: Klefki|53/100\n|-unboost|p2a: Klefki|def|1\n|\n|-heal|p1a: Decidueye|80/100 par|[from] item: Leftovers\n|upkeep\n|turn|22\n|\n|t:|1783809452\n|switch|p2a: Primarina|Primarina, M|100/100\n|move|p1a: Decidueye|Triple Arrows|p2a: Primarina\n|-resisted|p2a: Primarina\n|-damage|p2a: Primarina|73/100\n|-unboost|p2a: Primarina|def|1\n|\n|-heal|p1a: Decidueye|86/100 par|[from] item: Leftovers\n|upkeep\n|turn|23\n|\n|t:|1783809461\n|move|p2a: Primarina|Moonblast|p1a: Decidueye\n|-supereffective|p1a: Decidueye\n|-damage|p1a: Decidueye|0 fnt\n|faint|p1a: Decidueye\n|\n|upkeep\n|\n|t:|1783809467\n|switch|p1a: Ceruledge|Ceruledge, M|100/100\n|turn|24\n|\n|t:|1783809474\n|switch|p2a: Great Tusk|Great Tusk|100/100\n|move|p1a: Ceruledge|Swords Dance|p1a: Ceruledge\n|-boost|p1a: Ceruledge|atk|2\n|\n|upkeep\n|turn|25\n|\n|t:|1783809485\n|move|p1a: Ceruledge|Bitter Blade|p2a: Great Tusk\n|-damage|p2a: Great Tusk|39/100\n|-damage|p1a: Ceruledge|84/100|[from] item: Rocky Helmet|[of] p2a: Great Tusk\n|move|p2a: Great Tusk|Ice Spinner|p1a: Ceruledge\n|-resisted|p1a: Ceruledge\n|-crit|p1a: Ceruledge\n|-damage|p1a: Ceruledge|51/100\n|-ability|p1a: Ceruledge|Weak Armor|boost\n|-unboost|p1a: Ceruledge|def|1\n|-boost|p1a: Ceruledge|spe|2\n|\n|upkeep\n|turn|26\n|\n|t:|1783809492\n|move|p1a: Ceruledge|Bitter Blade|p2a: Great Tusk\n|-damage|p2a: Great Tusk|0 fnt\n|-heal|p1a: Ceruledge|80/100|[from] drain|[of] p2a: Great Tusk\n|-damage|p1a: Ceruledge|63/100|[from] item: Rocky Helmet|[of] p2a: Great Tusk\n|faint|p2a: Great Tusk\n|-end|p2a: Great Tusk|Protosynthesis|[silent]\n|\n|upkeep\n|\n|t:|1783809495\n|switch|p2a: Klefki|Klefki, M|53/100\n|turn|27\n|\n|t:|1783809500\n|move|p2a: Klefki|Thunder Wave|p1a: Ceruledge\n|-status|p1a: Ceruledge|par\n|cant|p1a: Ceruledge|par\n|\n|upkeep\n|turn|28\n|\n|t:|1783809506\n|cant|p1a: Ceruledge|par\n|move|p2a: Klefki|Draining Kiss|p1a: Ceruledge\n|-resisted|p1a: Ceruledge\n|-damage|p1a: Ceruledge|55/100 par\n|-heal|p2a: Klefki|59/100|[from] drain|[of] p1a: Ceruledge\n|\n|upkeep\n|turn|29\n|\n|t:|1783809509\n|cant|p1a: Ceruledge|par\n|move|p2a: Klefki|Draining Kiss|p1a: Ceruledge\n|-resisted|p1a: Ceruledge\n|-damage|p1a: Ceruledge|47/100 par\n|-heal|p2a: Klefki|65/100|[from] drain|[of] p1a: Ceruledge\n|\n|upkeep\n|turn|30\n|\n|t:|1783809511\n|move|p1a: Ceruledge|Bitter Blade|p2a: Klefki\n|-supereffective|p2a: Klefki\n|-damage|p2a: Klefki|0 fnt\n|-heal|p1a: Ceruledge|82/100 par|[from] drain|[of] p2a: Klefki\n|-damage|p1a: Ceruledge|65/100 par|[from] item: Rocky Helmet|[of] p2a: Klefki\n|faint|p2a: Klefki\n|\n|upkeep\n|\n|t:|1783809513\n|switch|p2a: Primarina|Primarina, M|73/100\n|turn|31\n|\n|t:|1783809516\n|move|p1a: Ceruledge|Shadow Sneak|p2a: Primarina\n|-damage|p2a: Primarina|27/100\n|move|p2a: Primarina|Surf|p1a: Ceruledge\n|-supereffective|p1a: Ceruledge\n|-damage|p1a: Ceruledge|0 fnt\n|faint|p1a: Ceruledge\n|\n|upkeep\n|\n|t:|1783809518\n|switch|p1a: Ogerpon|Ogerpon-Wellspring, F|100/100\n|turn|32\n|\n|t:|1783809520\n|move|p1a: Ogerpon|Trailblaze|p2a: Primarina\n|-supereffective|p2a: Primarina\n|-crit|p2a: Primarina\n|-damage|p2a: Primarina|0 fnt\n|-boost|p1a: Ogerpon|spe|1\n|faint|p2a: Primarina\n|\n|win|JoYuKneekYT\n|raw|JoYuKneekYT's rating: 1275 &rarr; <strong>1303</strong><br />(+28 for winning)\n|raw|bigburgerboss's rating: 1319 &rarr; <strong>1296</strong><br />(-23 for losing)\n|l|☆bigburgerboss\n|player|p2|\n|l|☆JoYuKneekYT\n|player|p1|\n", "uploadtime": 1783809855, "views": 9, "formatid": "gen9ou", "rating": 1296, "private": 0, "password": null}