{"id": "gen9ou-2647798928", "format": "[Gen 9] OU", "players": ["Makalvin123", "stephensmiranda94"], "log": "|j|‽Makalvin123\n|j|☆stephensmiranda94\n|t:|1783814625\n|gametype|singles\n|player|p1|Makalvin123|266|1234\n|player|p2|stephensmiranda94|169|1167\n|gen|9\n|tier|[Gen 9] OU\n|rated|\n|rule|HP Percentage Mod: HP is shown in percentages\n|rule|Endless Battle Clause: Forcing endless battles is banned\n|rule|Species Clause: Limit one of each Pokémon\n|rule|OHKO Clause: OHKO moves are banned\n|rule|Evasion Items Clause: Evasion items are banned\n|rule|Evasion Moves Clause: Evasion moves are banned\n|rule|Evasion Abilities Clause: Evasion abilities are banned\n|rule|Sleep Moves Clause: Sleep-inducing moves are banned\n|clearpoke\n|poke|p1|Meowstic, M|\n|poke|p1|Cinderace, M|\n|poke|p1|Decidueye-Hisui, M|\n|poke|p1|Gholdengo|\n|poke|p1|Gliscor, M|\n|poke|p1|Dragonite, F|\n|poke|p2|Great Tusk|\n|poke|p2|Gholdengo|\n|poke|p2|Gliscor, F|\n|poke|p2|Kingambit, F|\n|poke|p2|Toxapex, M|\n|poke|p2|Dragapult, F|\n|teampreview\n|inactive|Battle timer is ON: inactive players will automatically lose when time's up. (requested by Makalvin123)\n|\n|t:|1783814645\n|teamsize|p1|6\n|teamsize|p2|6\n|start\n|switch|p1a: Gliscor|Gliscor, M|100/100\n|switch|p2a: Great Tusk|Great Tusk|100/100\n|turn|1\n|\n|t:|1783814654\n|-terastallize|p1a: Gliscor|Water\n|move|p1a: Gliscor|Sand Tomb|p2a: Great Tusk\n|-damage|p2a: Great Tusk|93/100\n|-activate|p2a: Great Tusk|move: Sand Tomb|[of] p1a: Gliscor\n|move|p2a: Great Tusk|Stealth Rock|p1a: Gliscor\n|-sidestart|p1: Makalvin123|move: Stealth Rock\n|\n|-damage|p2a: Great Tusk|81/100|[from] move: Sand Tomb|[partiallytrapped]\n|-status|p1a: Gliscor|tox|[from] item: Toxic Orb\n|upkeep\n|turn|2\n|\n|t:|1783814667\n|move|p1a: Gliscor|Crabhammer|p2a: Great Tusk\n|-supereffective|p2a: Great Tusk\n|-damage|p2a: Great Tusk|43/100\n|move|p2a: Great Tusk|Knock Off|p1a: Gliscor\n|-damage|p1a: Gliscor|79/100 tox\n|-enditem|p1a: Gliscor|Toxic Orb|[from] move: Knock Off|[of] p2a: Great Tusk\n|\n|-heal|p1a: Gliscor|92/100 tox|[from] ability: Poison Heal\n|-damage|p2a: Great Tusk|31/100|[from] move: Sand Tomb|[partiallytrapped]\n|upkeep\n|turn|3\n|\n|t:|1783814684\n|move|p1a: Gliscor|Crabhammer|p2a: Great Tusk\n|-supereffective|p2a: Great Tusk\n|-damage|p2a: Great Tusk|0 fnt\n|faint|p2a: Great Tusk\n|-end|p2a: Great Tusk|Protosynthesis|[silent]\n|\n|-heal|p1a: Gliscor|100/100 tox|[from] ability: Poison Heal\n|upkeep\n|\n|t:|1783814697\n|switch|p2a: Gholdengo|Gholdengo|100/100\n|turn|4\n|\n|t:|1783814704\n|move|p2a: Gholdengo|Nasty Plot|p2a: Gholdengo\n|-boost|p2a: Gholdengo|spa|2\n|move|p1a: Gliscor|Sand Tomb|p2a: Gholdengo\n|-supereffective|p2a: Gholdengo\n|-damage|p2a: Gholdengo|69/100\n|-activate|p2a: Gholdengo|move: Sand Tomb|[of] p1a: Gliscor\n|\n|-heal|p2a: Gholdengo|75/100|[from] item: Leftovers\n|-damage|p2a: Gholdengo|63/100|[from] move: Sand Tomb|[partiallytrapped]\n|upkeep\n|turn|5\n|\n|t:|1783814720\n|move|p1a: Gliscor|Protect|p1a: Gliscor\n|-singleturn|p1a: Gliscor|Protect\n|move|p2a: Gholdengo|Nasty Plot|p2a: Gholdengo\n|-boost|p2a: Gholdengo|spa|2\n|\n|-heal|p2a: Gholdengo|69/100|[from] item: Leftovers\n|-damage|p2a: Gholdengo|56/100|[from] move: Sand Tomb|[partiallytrapped]\n|upkeep\n|turn|6\n|inactive|Makalvin123 has 120 seconds left.\n|\n|t:|1783814751\n|move|p1a: Gliscor|Protect|p1a: Gliscor\n|-singleturn|p1a: Gliscor|Protect\n|move|p2a: Gholdengo|Shadow Ball|p1a: Gliscor\n|-activate|p1a: Gliscor|move: Protect\n|\n|-heal|p2a: Gholdengo|62/100|[from] item: Leftovers\n|-damage|p2a: Gholdengo|50/100|[from] move: Sand Tomb|[partiallytrapped]\n|upkeep\n|turn|7\n|\n|t:|1783814762\n|move|p2a: Gholdengo|Shadow Ball|p1a: Gliscor\n|-damage|p1a: Gliscor|0 fnt\n|faint|p1a: Gliscor\n|\n|-heal|p2a: Gholdengo|56/100|[from] item: Leftovers\n|-end|p2a: Gholdengo|Sand Tomb|[partiallytrapped]|[silent]\n|upkeep\n|inactive|Makalvin123 has 120 seconds left.\n|\n|t:|1783814775\n|switch|p1a: Decidueye|Decidueye-Hisui, M|100/100\n|-damage|p1a: Decidueye|95/100|[from] Stealth Rock\n|turn|8\n|\n|t:|1783814789\n|move|p1a: Decidueye|Sucker Punch|p2a: Gholdengo\n|-supereffective|p2a: Gholdengo\n|-crit|p2a: Gholdengo\n|-damage|p2a: Gholdengo|0 fnt\n|faint|p2a: Gholdengo\n|\n|upkeep\n|\n|t:|1783814795\n|switch|p2a: Toxapex|Toxapex, M|100/100\n|turn|9\n|\n|t:|1783814806\n|switch|p1a: Cinderace|Cinderace, M|100/100\n|move|p2a: Toxapex|Toxic|p1a: Cinderace\n|-status|p1a: Cinderace|tox\n|\n|-damage|p1a: Cinderace|95/100 tox|[from] psn\n|upkeep\n|turn|10\n|\n|t:|1783814815\n|switch|p2a: Dragapult|Dragapult, F|100/100\n|move|p1a: Cinderace|Court Change|p1a: Cinderace\n|-start|p1a: Cinderace|typechange|Normal|[from] ability: Libero\n|-swapsideconditions\n|-activate|p1a: Cinderace|move: Court Change\n|\n|-damage|p1a: Cinderace|83/100 tox|[from] psn\n|upkeep\n|turn|11\n|\n|t:|1783814827\n|move|p2a: Dragapult|Draco Meteor|p1a: Cinderace\n|-damage|p1a: Cinderace|4/100 tox\n|-unboost|p2a: Dragapult|spa|2\n|move|p1a: Cinderace|U-turn|p2a: Dragapult\n|-resisted|p2a: Dragapult\n|-crit|p2a: Dragapult\n|-damage|p2a: Dragapult|78/100\n|\n|t:|1783814844\n|switch|p1a: Gholdengo|Gholdengo|100/100|[from] U-turn\n|\n|upkeep\n|turn|12\n|\n|t:|1783814849\n|move|p2a: Dragapult|U-turn|p1a: Gholdengo\n|-resisted|p1a: Gholdengo\n|-damage|p1a: Gholdengo|95/100\n|\n|t:|1783814854\n|switch|p2a: Kingambit|Kingambit, F|100/100|[from] U-turn\n|-damage|p2a: Kingambit|94/100|[from] Stealth Rock\n|-activate|p2a: Kingambit|ability: Supreme Overlord\n|-start|p2a: Kingambit|fallen2|[silent]\n|move|p1a: Gholdengo|Trick|p2a: Kingambit\n|-activate|p1a: Gholdengo|move: Trick|[of] p2a: Kingambit\n|-item|p2a: Kingambit|Choice Scarf|[from] move: Trick\n|-item|p1a: Gholdengo|Black Glasses|[from] move: Trick\n|\n|upkeep\n|turn|13\n|\n|t:|1783814870\n|switch|p1a: Decidueye|Decidueye-Hisui, M|95/100\n|move|p2a: Kingambit|Kowtow Cleave|p1a: Decidueye\n|-resisted|p1a: Decidueye\n|-damage|p1a: Decidueye|55/100\n|\n|upkeep\n|turn|14\n|\n|t:|1783814883\n|-end|p2a: Kingambit|fallen2|[silent]\n|switch|p2a: Toxapex|Toxapex, M|100/100\n|-damage|p2a: Toxapex|88/100|[from] Stealth Rock\n|move|p1a: Decidueye|Brave Bird|p2a: Toxapex\n|-damage|p2a: Toxapex|61/100\n|-damage|p1a: Decidueye|47/100|[from] Recoil\n|\n|-heal|p2a: Toxapex|67/100|[from] item: Black Sludge\n|upkeep\n|turn|15\n|\n|t:|1783814894\n|move|p1a: Decidueye|Leaf Blade|p2a: Toxapex\n|-damage|p2a: Toxapex|40/100\n|move|p2a: Toxapex|Toxic|p1a: Decidueye\n|-status|p1a: Decidueye|tox\n|\n|-heal|p2a: Toxapex|46/100|[from] item: Black Sludge\n|-damage|p1a: Decidueye|41/100 tox|[from] psn\n|upkeep\n|turn|16\n|\n|t:|1783814905\n|switch|p1a: Gholdengo|Gholdengo|95/100\n|move|p2a: Toxapex|Recover|p2a: Toxapex\n|-heal|p2a: Toxapex|96/100\n|\n|-heal|p2a: Toxapex|100/100|[from] item: Black Sludge\n|upkeep\n|turn|17\n|\n|t:|1783814915\n|move|p1a: Gholdengo|Thunder|p2a: Toxapex\n|-supereffective|p2a: Toxapex\n|-damage|p2a: Toxapex|27/100\n|move|p2a: Toxapex|Haze|p2a: Toxapex\n|-clearallboost\n|\n|-heal|p2a: Toxapex|34/100|[from] item: Black Sludge\n|upkeep\n|turn|18\n|\n|t:|1783814924\n|switch|p2a: Gliscor|Gliscor, F|100/100\n|-damage|p2a: Gliscor|88/100|[from] Stealth Rock\n|move|p1a: Gholdengo|Shadow Ball|p2a: Gliscor\n|-damage|p2a: Gliscor|39/100\n|\n|-status|p2a: Gliscor|tox|[from] item: Toxic Orb\n|upkeep\n|turn|19\n|\n|t:|1783814946\n|move|p1a: Gholdengo|Shadow Ball|p2a: Gliscor\n|-damage|p2a: Gliscor|0 fnt\n|faint|p2a: Gliscor\n|\n|upkeep\n|\n|t:|1783814951\n|switch|p2a: Dragapult|Dragapult, F|78/100\n|turn|20\n|\n|t:|1783814963\n|move|p2a: Dragapult|Shadow Ball|p1a: Gholdengo\n|-supereffective|p1a: Gholdengo\n|-damage|p1a: Gholdengo|19/100\n|move|p1a: Gholdengo|Shadow Ball|p2a: Dragapult\n|-supereffective|p2a: Dragapult\n|-damage|p2a: Dragapult|0 fnt\n|faint|p2a: Dragapult\n|\n|upkeep\n|\n|t:|1783814972\n|switch|p2a: Kingambit|Kingambit, F|94/100\n|-damage|p2a: Kingambit|88/100|[from] Stealth Rock\n|-activate|p2a: Kingambit|ability: Supreme Overlord\n|-start|p2a: Kingambit|fallen4|[silent]\n|turn|21\n|\n|t:|1783814995\n|switch|p1a: Meowstic|Meowstic, M|100/100\n|move|p2a: Kingambit|Kowtow Cleave|p1a: Meowstic\n|-supereffective|p1a: Meowstic\n|-damage|p1a: Meowstic|0 fnt\n|faint|p1a: Meowstic\n|\n|upkeep\n|inactive|Makalvin123 has 120 seconds left.\n|\n|t:|1783815010\n|switch|p1a: Dragonite|Dragonite, F|100/100\n|turn|22\n|\n|t:|1783815015\n|move|p1a: Dragonite|Dragon Dance|p1a: Dragonite\n|-boost|p1a: Dragonite|atk|1\n|-boost|p1a: Dragonite|spe|1\n|move|p2a: Kingambit|Kowtow Cleave|p1a: Dragonite\n|-damage|p1a: Dragonite|61/100\n|\n|upkeep\n|turn|23\n|\n|t:|1783815022\n|move|p1a: Dragonite|Earthquake|p2a: Kingambit\n|-supereffective|p2a: Kingambit\n|-damage|p2a: Kingambit|0 fnt\n|faint|p2a: Kingambit\n|-end|p2a: Kingambit|fallen4|[silent]\n|\n|upkeep\n|\n|t:|1783815027\n|switch|p2a: Toxapex|Toxapex, M|67/100\n|-damage|p2a: Toxapex|54/100|[from] Stealth Rock\n|turn|24\n|\n|t:|1783815032\n|move|p1a: Dragonite|Earthquake|p2a: Toxapex\n|-supereffective|p2a: Toxapex\n|-damage|p2a: Toxapex|0 fnt\n|faint|p2a: Toxapex\n|\n|win|Makalvin123\n|raw|Makalvin123's rating: 1234 &rarr; <strong>1254</strong><br />(+20 for winning)\n|raw|stephensmiranda94's rating: 1167 &rarr; <strong>1147</strong><br />(-20 for losing)\n|l|‽Makalvin123\n|player|p1|\n", "uploadtime": 1783815405, "views": 3, "formatid": "gen9ou", "rating": 1147, "private": 0, "password": null}