{"id": "gen9ou-2639288878", "format": "[Gen 9] OU", "players": ["thatboi9000", "altyWIN"], "log": "|j|☆thatboi9000\n|j|☆altyWIN\n|t:|1782446550\n|gametype|singles\n|player|p1|thatboi9000|dancer|1172\n|player|p2|altyWIN|backpacker|1344\n|gen|9\n|tier|[Gen 9] OU\n|rated|\n|rule|HP Percentage Mod: HP is shown in percentages\n|rule|Endless Battle Clause: Forcing endless battles is banned\n|rule|Species Clause: Limit one of each Pokémon\n|rule|OHKO Clause: OHKO moves are banned\n|rule|Evasion Items Clause: Evasion items are banned\n|rule|Evasion Moves Clause: Evasion moves are banned\n|rule|Evasion Abilities Clause: Evasion abilities are banned\n|rule|Sleep Moves Clause: Sleep-inducing moves are banned\n|clearpoke\n|poke|p1|Ribombee, F|\n|poke|p1|Frosmoth, M|\n|poke|p1|Gholdengo|\n|poke|p1|Excadrill, F|\n|poke|p1|Slowking, F|\n|poke|p1|Zamazenta-*|\n|poke|p2|Grimmsnarl, M|\n|poke|p2|Blastoise, F|\n|poke|p2|Hatterene, F|\n|poke|p2|Iron Crown|\n|poke|p2|Great Tusk|\n|poke|p2|Ceruledge, F|\n|teampreview\n|\n|t:|1782446556\n|teamsize|p1|6\n|teamsize|p2|6\n|start\n|switch|p1a: Ribombee|Ribombee, F|100/100\n|switch|p2a: Grimmsnarl|Grimmsnarl, M|100/100\n|turn|1\n|inactive|Battle timer is ON: inactive players will automatically lose when time's up. (requested by altyWIN)\n|\n|t:|1782446559\n|move|p2a: Grimmsnarl|Taunt|p1a: Ribombee\n|-start|p1a: Ribombee|move: Taunt\n|cant|p1a: Ribombee|move: Taunt|Stun Spore\n|\n|upkeep\n|turn|2\n|\n|t:|1782446561\n|move|p2a: Grimmsnarl|Light Screen|p2a: Grimmsnarl\n|-sidestart|p2: altyWIN|move: Light Screen\n|move|p1a: Ribombee|U-turn|p2a: Grimmsnarl\n|-damage|p2a: Grimmsnarl|83/100\n|\n|t:|1782446564\n|switch|p1a: Excadrill|Excadrill, F|100/100|[from] U-turn\n|-ability|p1a: Excadrill|Mold Breaker\n|\n|upkeep\n|turn|3\n|\n|t:|1782446571\n|move|p2a: Grimmsnarl|Reflect|p2a: Grimmsnarl\n|-sidestart|p2: altyWIN|Reflect\n|move|p1a: Excadrill|Iron Head|p2a: Grimmsnarl\n|-supereffective|p2a: Grimmsnarl\n|-damage|p2a: Grimmsnarl|42/100\n|\n|upkeep\n|turn|4\n|\n|t:|1782446583\n|switch|p1a: Gholdengo|Gholdengo|100/100\n|-item|p1a: Gholdengo|Air Balloon\n|switch|p2a: Ceruledge|Ceruledge, F|100/100\n|\n|upkeep\n|turn|5\n|inactive|thatboi9000 has 120 seconds left.\n|inactive|thatboi9000 has 90 seconds left.\n|\n|t:|1782446669\n|switch|p1a: Ribombee|Ribombee, F|100/100\n|move|p2a: Ceruledge|Poltergeist|p1a: Ribombee\n|-activate|p1a: Ribombee|move: Poltergeist|Focus Sash\n|-enditem|p1a: Ribombee|Focus Sash\n|-damage|p1a: Ribombee|1/100\n|-damage|p2a: Ceruledge|91/100|[from] item: Life Orb\n|\n|upkeep\n|turn|6\n|\n|t:|1782446679\n|switch|p2a: Hatterene|Hatterene, F|100/100\n|move|p1a: Ribombee|Stun Spore|p2a: Hatterene\n|move|p2a: Hatterene|Stun Spore|p1a: Ribombee|[from] ability: Magic Bounce|[miss]\n|-miss|p2a: Hatterene|p1a: Ribombee\n|\n|upkeep\n|turn|7\n|\n|t:|1782446687\n|move|p1a: Ribombee|U-turn|p2a: Hatterene\n|-damage|p2a: Hatterene|94/100\n|\n|t:|1782446692\n|switch|p1a: Excadrill|Excadrill, F|100/100|[from] U-turn\n|-ability|p1a: Excadrill|Mold Breaker\n|move|p2a: Hatterene|Mystical Fire|p1a: Excadrill\n|-supereffective|p1a: Excadrill\n|-damage|p1a: Excadrill|51/100\n|-unboost|p1a: Excadrill|spa|1\n|\n|-heal|p2a: Hatterene|99/100|[from] item: Leftovers\n|upkeep\n|turn|8\n|\n|t:|1782446718\n|switch|p1a: Slowking|Slowking, F|100/100\n|move|p2a: Hatterene|Mystical Fire|p1a: Slowking\n|-resisted|p1a: Slowking\n|-crit|p1a: Slowking\n|-damage|p1a: Slowking|86/100\n|-unboost|p1a: Slowking|spa|1\n|\n|-heal|p2a: Hatterene|100/100|[from] item: Leftovers\n|upkeep\n|turn|9\n|inactive|thatboi9000 has 90 seconds left.\n|\n|t:|1782446725\n|move|p2a: Hatterene|Calm Mind|p2a: Hatterene\n|-boost|p2a: Hatterene|spa|1\n|-boost|p2a: Hatterene|spd|1\n|move|p1a: Slowking|Light Screen|p1a: Slowking\n|-sidestart|p1: thatboi9000|move: Light Screen\n|\n|-sideend|p2: altyWIN|move: Light Screen\n|upkeep\n|turn|10\n|\n|t:|1782446728\n|move|p2a: Hatterene|Calm Mind|p2a: Hatterene\n|-boost|p2a: Hatterene|spa|1\n|-boost|p2a: Hatterene|spd|1\n|move|p1a: Slowking|Reflect|p1a: Slowking\n|-sidestart|p1: thatboi9000|Reflect\n|\n|-sideend|p2: altyWIN|Reflect\n|upkeep\n|turn|11\n|\n|t:|1782446731\n|move|p2a: Hatterene|Calm Mind|p2a: Hatterene\n|-boost|p2a: Hatterene|spa|1\n|-boost|p2a: Hatterene|spd|1\n|-prepare|p1a: Slowking|Chilly Reception|[premajor]\n|move|p1a: Slowking|Chilly Reception|p1a: Slowking\n|-weather|Snowscape\n|\n|t:|1782446734\n|switch|p1a: Excadrill|Excadrill, F|51/100|[from] Chilly Reception\n|-ability|p1a: Excadrill|Mold Breaker\n|\n|-weather|Snowscape|[upkeep]\n|upkeep\n|turn|12\n|inactive|thatboi9000 has 120 seconds left.\n|\n|t:|1782446744\n|-terastallize|p2a: Hatterene|Water\n|move|p1a: Excadrill|Iron Head|p2a: Hatterene\n|-resisted|p2a: Hatterene\n|-damage|p2a: Hatterene|80/100\n|move|p2a: Hatterene|Mystical Fire|p1a: Excadrill\n|-supereffective|p1a: Excadrill\n|-damage|p1a: Excadrill|0 fnt\n|faint|p1a: Excadrill\n|\n|-weather|Snowscape|[upkeep]\n|-heal|p2a: Hatterene|86/100|[from] item: Leftovers\n|upkeep\n|inactive|thatboi9000 has 120 seconds left.\n|\n|t:|1782446755\n|switch|p1a: Zamazenta|Zamazenta|100/100\n|-ability|p1a: Zamazenta|Dauntless Shield|boost\n|-boost|p1a: Zamazenta|def|1\n|turn|13\n|\n|t:|1782446761\n|move|p1a: Zamazenta|Wild Charge|p2a: Hatterene\n|-supereffective|p2a: Hatterene\n|-damage|p2a: Hatterene|15/100\n|-damage|p1a: Zamazenta|83/100|[from] Recoil\n|move|p2a: Hatterene|Draining Kiss|p1a: Zamazenta\n|-supereffective|p1a: Zamazenta\n|-damage|p1a: Zamazenta|12/100\n|-heal|p2a: Hatterene|70/100|[from] drain|[of] p1a: Zamazenta\n|\n|-weather|Snowscape|[upkeep]\n|-heal|p2a: Hatterene|76/100|[from] item: Leftovers\n|upkeep\n|turn|14\n|\n|t:|1782446771\n|move|p1a: Zamazenta|Wild Charge|p2a: Hatterene\n|-supereffective|p2a: Hatterene\n|-damage|p2a: Hatterene|6/100\n|-damage|p1a: Zamazenta|0 fnt|[from] Recoil\n|faint|p1a: Zamazenta\n|move|p2a: Hatterene|Draining Kiss|p1: Zamazenta|[notarget]\n|-fail|p2a: Hatterene\n|\n|-weather|Snowscape|[upkeep]\n|-heal|p2a: Hatterene|12/100|[from] item: Leftovers\n|upkeep\n|-message|thatboi9000 forfeited.\n|\n|win|altyWIN\n|raw|thatboi9000's rating: 1172 &rarr; <strong>1158</strong><br />(-14 for losing)\n|raw|altyWIN's rating: 1344 &rarr; <strong>1355</strong><br />(+11 for winning)\n|l|☆thatboi9000\n|player|p1|\n|l|☆altyWIN\n|player|p2|\n", "uploadtime": 1782447088, "views": 3, "formatid": "gen9ou", "rating": 1158, "private": 0, "password": null}