{"id": "gen9ou-2647726985", "format": "[Gen 9] OU", "players": ["GoonxchoadI", "scorbunny11"], "log": "|j|☆GoonxchoadI\n|j|☆scorbunny11\n|t:|1783802438\n|gametype|singles\n|player|p1|GoonxchoadI|bugcatcher-gen4dp|1090\n|player|p2|scorbunny11|dawn|1102\n|gen|9\n|tier|[Gen 9] OU\n|rated|\n|rule|HP Percentage Mod: HP is shown in percentages\n|rule|Endless Battle Clause: Forcing endless battles is banned\n|rule|Species Clause: Limit one of each Pokémon\n|rule|OHKO Clause: OHKO moves are banned\n|rule|Evasion Items Clause: Evasion items are banned\n|rule|Evasion Moves Clause: Evasion moves are banned\n|rule|Evasion Abilities Clause: Evasion abilities are banned\n|rule|Sleep Moves Clause: Sleep-inducing moves are banned\n|clearpoke\n|poke|p1|Toxtricity-Low-Key, F|\n|poke|p1|Corviknight, F|\n|poke|p1|Gliscor, M|\n|poke|p1|Meowscarada, F|\n|poke|p1|Dragapult, M|\n|poke|p1|Samurott-Hisui, M|\n|poke|p2|Cinderace, M|\n|poke|p2|Chandelure, M|\n|poke|p2|Gastrodon-East, F|\n|poke|p2|Meowstic, M|\n|poke|p2|Kilowattrel, F|\n|poke|p2|Metagross|\n|teampreview\n|inactive|Battle timer is ON: inactive players will automatically lose when time's up. (requested by scorbunny11)\n|\n|t:|1783802445\n|teamsize|p1|6\n|teamsize|p2|6\n|start\n|switch|p1a: Samurott|Samurott-Hisui, M|100/100\n|switch|p2a: Kilowattrel|Kilowattrel, F|100/100\n|turn|1\n|\n|t:|1783802452\n|move|p2a: Kilowattrel|Thunderbolt|p1a: Samurott\n|-supereffective|p1a: Samurott\n|-enditem|p1a: Samurott|Focus Sash\n|-damage|p1a: Samurott|1/100\n|-damage|p2a: Kilowattrel|91/100|[from] item: Life Orb\n|move|p1a: Samurott|Ceaseless Edge|p2a: Kilowattrel\n|-damage|p2a: Kilowattrel|7/100\n|-sidestart|p2: scorbunny11|Spikes\n|\n|upkeep\n|turn|2\n|\n|t:|1783802461\n|move|p2a: Kilowattrel|Air Slash|p1a: Samurott\n|-damage|p1a: Samurott|0 fnt\n|faint|p1a: Samurott\n|-damage|p2a: Kilowattrel|0 fnt|[from] item: Life Orb\n|faint|p2a: Kilowattrel\n|\n|upkeep\n|\n|t:|1783802476\n|switch|p2a: Metagross|Metagross|100/100\n|switch|p1a: Gliscor|Gliscor, M|100/100\n|-damage|p2a: Metagross|88/100|[from] Spikes\n|turn|3\n|\n|t:|1783802481\n|move|p1a: Gliscor|Stealth Rock|p2a: Metagross\n|-sidestart|p2: scorbunny11|move: Stealth Rock\n|move|p2a: Metagross|Ice Punch|p1a: Gliscor\n|-supereffective|p1a: Gliscor\n|-damage|p1a: Gliscor|16/100\n|\n|-status|p1a: Gliscor|tox|[from] item: Toxic Orb\n|upkeep\n|turn|4\n|\n|t:|1783802493\n|move|p1a: Gliscor|Earthquake|p2a: Metagross\n|-supereffective|p2a: Metagross\n|-damage|p2a: Metagross|35/100\n|move|p2a: Metagross|Meteor Mash|p1a: Gliscor\n|-damage|p1a: Gliscor|0 fnt\n|faint|p1a: Gliscor\n|\n|upkeep\n|\n|t:|1783802500\n|switch|p1a: Meowscarada|Meowscarada, F|100/100\n|turn|5\n|\n|t:|1783802516\n|move|p1a: Meowscarada|Knock Off|p2a: Metagross\n|-start|p1a: Meowscarada|typechange|Dark|[from] ability: Protean\n|-supereffective|p2a: Metagross\n|-damage|p2a: Metagross|0 fnt\n|-enditem|p2a: Metagross|Assault Vest|[from] move: Knock Off|[of] p1a: Meowscarada\n|faint|p2a: Metagross\n|\n|upkeep\n|\n|t:|1783802523\n|switch|p2a: Cinderace|Cinderace, M|100/100\n|turn|6\n|\n|t:|1783802531\n|move|p1a: Meowscarada|U-turn|p2a: Cinderace\n|-resisted|p2a: Cinderace\n|-damage|p2a: Cinderace|86/100\n|\n|t:|1783802534\n|switch|p1a: Dragapult|Dragapult, M|100/100|[from] U-turn\n|move|p2a: Cinderace|High Jump Kick|p1a: Dragapult\n|-start|p2a: Cinderace|typechange|Fighting|[from] ability: Libero\n|-immune|p1a: Dragapult\n|-damage|p2a: Cinderace|36/100|[from] highjumpkick\n|\n|upkeep\n|turn|7\n|\n|t:|1783802547\n|switch|p2a: Meowstic|Meowstic, M|100/100\n|-damage|p2a: Meowstic|88/100|[from] Spikes\n|-damage|p2a: Meowstic|75/100|[from] Stealth Rock\n|move|p1a: Dragapult|Draco Meteor|p2a: Meowstic\n|-damage|p2a: Meowstic|16/100\n|-unboost|p1a: Dragapult|spa|2\n|\n|upkeep\n|turn|8\n|\n|t:|1783802559\n|move|p2a: Meowstic|Light Screen|p2a: Meowstic\n|-sidestart|p2: scorbunny11|move: Light Screen\n|move|p1a: Dragapult|Shadow Ball|p2a: Meowstic\n|-supereffective|p2a: Meowstic\n|-damage|p2a: Meowstic|0 fnt\n|faint|p2a: Meowstic\n|\n|upkeep\n|\n|t:|1783802566\n|switch|p2a: Cinderace|Cinderace, M|36/100\n|turn|9\n|\n|t:|1783802571\n|move|p2a: Cinderace|Sucker Punch|p1a: Dragapult\n|-start|p2a: Cinderace|typechange|Dark|[from] ability: Libero\n|-supereffective|p1a: Dragapult\n|-damage|p1a: Dragapult|4/100\n|move|p1a: Dragapult|Shadow Ball|p2a: Cinderace\n|-resisted|p2a: Cinderace\n|-damage|p2a: Cinderace|24/100\n|\n|upkeep\n|turn|10\n|\n|t:|1783802579\n|move|p2a: Cinderace|Sucker Punch|p1a: Dragapult\n|-supereffective|p1a: Dragapult\n|-damage|p1a: Dragapult|0 fnt\n|faint|p1a: Dragapult\n|\n|upkeep\n|\n|t:|1783802584\n|switch|p1a: Toxtricity|Toxtricity-Low-Key, F|100/100\n|turn|11\n|\n|t:|1783802591\n|-terastallize|p1a: Toxtricity|Normal\n|move|p2a: Cinderace|Pyro Ball|p1a: Toxtricity\n|-damage|p1a: Toxtricity|43/100\n|move|p1a: Toxtricity|Boomburst|p2a: Cinderace\n|-damage|p2a: Cinderace|0 fnt\n|faint|p2a: Cinderace\n|\n|upkeep\n|\n|t:|1783802600\n|switch|p2a: Gastrodon|Gastrodon-East, F|100/100\n|-damage|p2a: Gastrodon|88/100|[from] Spikes\n|-damage|p2a: Gastrodon|82/100|[from] Stealth Rock\n|turn|12\n|\n|t:|1783802602\n|move|p1a: Toxtricity|Boomburst|p2a: Gastrodon\n|-damage|p2a: Gastrodon|33/100\n|move|p2a: Gastrodon|Earth Power|p1a: Toxtricity\n|-damage|p1a: Toxtricity|0 fnt\n|faint|p1a: Toxtricity\n|\n|-heal|p2a: Gastrodon|39/100|[from] item: Leftovers\n|upkeep\n|\n|t:|1783802605\n|switch|p1a: Meowscarada|Meowscarada, F|100/100\n|turn|13\n|\n|t:|1783802608\n|-terastallize|p2a: Gastrodon|Fire\n|move|p1a: Meowscarada|Flower Trick|p2a: Gastrodon\n|-start|p1a: Meowscarada|typechange|Grass|[from] ability: Protean\n|-resisted|p2a: Gastrodon\n|-crit|p2a: Gastrodon\n|-damage|p2a: Gastrodon|13/100\n|move|p2a: Gastrodon|Recover|p2a: Gastrodon\n|-heal|p2a: Gastrodon|63/100\n|\n|-heal|p2a: Gastrodon|69/100|[from] item: Leftovers\n|upkeep\n|turn|14\n|\n|t:|1783802624\n|move|p1a: Meowscarada|U-turn|p2a: Gastrodon\n|-resisted|p2a: Gastrodon\n|-damage|p2a: Gastrodon|58/100\n|\n|t:|1783802625\n|switch|p1a: Corviknight|Corviknight, F|100/100|[from] U-turn\n|move|p2a: Gastrodon|Recover|p2a: Gastrodon\n|-heal|p2a: Gastrodon|100/100\n|\n|upkeep\n|turn|15\n|\n|t:|1783802631\n|move|p1a: Corviknight|Brave Bird|p2a: Gastrodon\n|-damage|p2a: Gastrodon|62/100\n|-damage|p1a: Corviknight|87/100|[from] Recoil\n|move|p2a: Gastrodon|Surf|p1a: Corviknight\n|-damage|p1a: Corviknight|57/100\n|\n|-heal|p1a: Corviknight|63/100|[from] item: Leftovers\n|-heal|p2a: Gastrodon|68/100|[from] item: Leftovers\n|-sideend|p2: scorbunny11|move: Light Screen\n|upkeep\n|turn|16\n|\n|t:|1783802638\n|move|p1a: Corviknight|Brave Bird|p2a: Gastrodon\n|-damage|p2a: Gastrodon|28/100\n|-damage|p1a: Corviknight|49/100|[from] Recoil\n|move|p2a: Gastrodon|Surf|p1a: Corviknight\n|-damage|p1a: Corviknight|21/100\n|\n|-heal|p1a: Corviknight|27/100|[from] item: Leftovers\n|-heal|p2a: Gastrodon|34/100|[from] item: Leftovers\n|upkeep\n|turn|17\n|\n|t:|1783802642\n|move|p1a: Corviknight|Brave Bird|p2a: Gastrodon\n|-damage|p2a: Gastrodon|0 fnt\n|faint|p2a: Gastrodon\n|-damage|p1a: Corviknight|15/100|[from] Recoil\n|\n|-heal|p1a: Corviknight|22/100|[from] item: Leftovers\n|upkeep\n|\n|t:|1783802645\n|switch|p2a: Chandelure|Chandelure, M|100/100\n|-damage|p2a: Chandelure|88/100|[from] Spikes\n|-damage|p2a: Chandelure|63/100|[from] Stealth Rock\n|turn|18\n|\n|t:|1783802649\n|move|p2a: Chandelure|Flamethrower|p1a: Corviknight\n|-supereffective|p1a: Corviknight\n|-damage|p1a: Corviknight|0 fnt\n|faint|p1a: Corviknight\n|\n|upkeep\n|\n|t:|1783802651\n|switch|p1a: Meowscarada|Meowscarada, F|100/100\n|turn|19\n|\n|t:|1783802653\n|move|p2a: Chandelure|Flamethrower|p1a: Meowscarada\n|-supereffective|p1a: Meowscarada\n|-damage|p1a: Meowscarada|0 fnt\n|faint|p1a: Meowscarada\n|\n|win|scorbunny11\n|raw|GoonxchoadI's rating: 1090 &rarr; <strong>1067</strong><br />(-23 for losing)\n|raw|scorbunny11's rating: 1102 &rarr; <strong>1126</strong><br />(+24 for winning)\n|l|☆GoonxchoadI\n|player|p1|\n|l|☆scorbunny11\n|player|p2|\n", "uploadtime": 1783803023, "views": 4, "formatid": "gen9ou", "rating": 1067, "private": 0, "password": null}