{"id": "gen9ou-2639312240", "format": "[Gen 9] OU", "players": ["jennster", "spinobot"], "log": "|j|☆jennster\n|j|☆spinobot\n|t:|1782450940\n|gametype|singles\n|player|p1|jennster|flannery|1201\n|player|p2|spinobot|pokemonranger-gen4|1158\n|gen|9\n|tier|[Gen 9] OU\n|rated|\n|rule|HP Percentage Mod: HP is shown in percentages\n|rule|Endless Battle Clause: Forcing endless battles is banned\n|rule|Species Clause: Limit one of each Pokémon\n|rule|OHKO Clause: OHKO moves are banned\n|rule|Evasion Items Clause: Evasion items are banned\n|rule|Evasion Moves Clause: Evasion moves are banned\n|rule|Evasion Abilities Clause: Evasion abilities are banned\n|rule|Sleep Moves Clause: Sleep-inducing moves are banned\n|clearpoke\n|poke|p1|Gengar, F|\n|poke|p1|Ninetales-Alola, F|\n|poke|p1|Metagross|\n|poke|p1|Blastoise, F|\n|poke|p1|Dragonite, M|\n|poke|p1|Arcanine-Hisui, F|\n|poke|p2|Forretress, M|\n|poke|p2|Chesnaught, M|\n|poke|p2|Rotom-Wash|\n|poke|p2|Lokix, M|\n|poke|p2|Ceruledge, F|\n|poke|p2|Salamence, M|\n|teampreview\n|\n|t:|1782450948\n|teamsize|p1|6\n|teamsize|p2|6\n|start\n|switch|p1a: Arcanine|Arcanine-Hisui, F, shiny|100/100\n|switch|p2a: Absolute defense|Forretress, M|100/100\n|turn|1\n|\n|t:|1782450958\n|move|p1a: Arcanine|Heat Crash|p2a: Absolute defense\n|-supereffective|p2a: Absolute defense\n|-damage|p2a: Absolute defense|45/100\n|move|p2a: Absolute defense|Stealth Rock|p1a: Arcanine\n|-sidestart|p1: jennster|move: Stealth Rock\n|\n|-heal|p2a: Absolute defense|51/100|[from] item: Leftovers\n|upkeep\n|turn|2\n|\n|t:|1782450966\n|move|p1a: Arcanine|Heat Crash|p2a: Absolute defense\n|-supereffective|p2a: Absolute defense\n|-damage|p2a: Absolute defense|0 fnt\n|faint|p2a: Absolute defense\n|\n|upkeep\n|\n|t:|1782450972\n|switch|p2a: Bubble gut|Rotom-Wash|100/100\n|turn|3\n|\n|t:|1782450978\n|switch|p1a: Ninetales|Ninetales-Alola, F|100/100\n|-damage|p1a: Ninetales|76/100|[from] Stealth Rock\n|-weather|Snowscape|[from] ability: Snow Warning|[of] p1a: Ninetales\n|move|p2a: Bubble gut|Hydro Pump|p1a: Ninetales\n|-damage|p1a: Ninetales|18/100\n|\n|-weather|Snowscape|[upkeep]\n|upkeep\n|turn|4\n|\n|t:|1782450990\n|move|p1a: Ninetales|Freeze-Dry|p2a: Bubble gut\n|-supereffective|p2a: Bubble gut\n|-damage|p2a: Bubble gut|31/100\n|move|p2a: Bubble gut|Volt Switch|p1a: Ninetales\n|-damage|p1a: Ninetales|0 fnt\n|faint|p1a: Ninetales\n|\n|t:|1782451006\n|switch|p2a: The rook!|Chesnaught, M|100/100|[from] Volt Switch\n|\n|-weather|Snowscape|[upkeep]\n|upkeep\n|\n|t:|1782451024\n|switch|p1a: Arcanine|Arcanine-Hisui, F, shiny|100/100\n|-damage|p1a: Arcanine|76/100|[from] Stealth Rock\n|turn|5\n|\n|t:|1782451037\n|move|p2a: The rook!|Spiky Shield|p2a: The rook!\n|-singleturn|p2a: The rook!|move: Protect\n|move|p1a: Arcanine|Outrage|p2a: The rook!\n|-activate|p2a: The rook!|move: Protect\n|-damage|p1a: Arcanine|63/100|[from] Spiky Shield|[of] p2a: The rook!\n|\n|-weather|Snowscape|[upkeep]\n|upkeep\n|turn|6\n|\n|t:|1782451044\n|move|p1a: Arcanine|Outrage|p2a: The rook!\n|-damage|p2a: The rook!|73/100\n|-damage|p1a: Arcanine|47/100|[from] item: Rocky Helmet|[of] p2a: The rook!\n|move|p2a: The rook!|Drain Punch|p1a: Arcanine\n|-supereffective|p1a: Arcanine\n|-damage|p1a: Arcanine|0 fnt\n|-heal|p2a: The rook!|94/100|[from] drain|[of] p1a: Arcanine\n|faint|p1a: Arcanine\n|\n|-weather|Snowscape|[upkeep]\n|upkeep\n|\n|t:|1782451056\n|switch|p1a: Gengar|Gengar, F|100/100\n|-damage|p1a: Gengar|88/100|[from] Stealth Rock\n|turn|7\n|\n|t:|1782451064\n|switch|p2a: Bubble gut|Rotom-Wash|31/100\n|move|p1a: Gengar|Sludge Bomb|p2a: Bubble gut\n|-damage|p2a: Bubble gut|0 fnt\n|faint|p2a: Bubble gut\n|\n|-weather|none\n|upkeep\n|\n|t:|1782451069\n|switch|p2a: Lokix|Lokix, M|100/100\n|turn|8\n|\n|t:|1782451073\n|switch|p1a: Blastoise|Blastoise, F|100/100\n|-damage|p1a: Blastoise|88/100|[from] Stealth Rock\n|move|p2a: Lokix|Knock Off|p1a: Blastoise\n|-damage|p1a: Blastoise|48/100\n|-enditem|p1a: Blastoise|Leftovers|[from] move: Knock Off|[of] p2a: Lokix\n|\n|upkeep\n|turn|9\n|\n|t:|1782451082\n|move|p2a: Lokix|Taunt|p1a: Blastoise\n|-start|p1a: Blastoise|move: Taunt\n|move|p1a: Blastoise|Rapid Spin|p2a: Lokix\n|-damage|p2a: Lokix|87/100\n|-boost|p1a: Blastoise|spe|1\n|-sideend|p1: jennster|Stealth Rock|[from] move: Rapid Spin|[of] p1a: Blastoise\n|\n|upkeep\n|turn|10\n|\n|t:|1782451096\n|move|p2a: Lokix|Knock Off|p1a: Blastoise\n|-damage|p1a: Blastoise|19/100\n|move|p1a: Blastoise|Surf|p2a: Lokix\n|-damage|p2a: Lokix|0 fnt\n|faint|p2a: Lokix\n|\n|upkeep\n|\n|t:|1782451102\n|switch|p2a: Salamence|Salamence, M|100/100\n|-ability|p2a: Salamence|Intimidate|boost\n|-unboost|p1a: Blastoise|atk|1\n|turn|11\n|\n|t:|1782451113\n|switch|p2a: Ceruledge|Ceruledge, F|100/100\n|move|p1a: Blastoise|Blizzard|p2a: Ceruledge|[miss]\n|-miss|p1a: Blastoise|p2a: Ceruledge\n|\n|-end|p1a: Blastoise|move: Taunt\n|upkeep\n|turn|12\n|\n|t:|1782451125\n|move|p2a: Ceruledge|Endure|p2a: Ceruledge\n|-singleturn|p2a: Ceruledge|move: Endure\n|move|p1a: Blastoise|Surf|p2a: Ceruledge\n|-supereffective|p2a: Ceruledge\n|-activate|p2a: Ceruledge|move: Endure\n|-damage|p2a: Ceruledge|1/100\n|-enditem|p2a: Ceruledge|Weakness Policy\n|-boost|p2a: Ceruledge|atk|2|[from] item: Weakness Policy\n|-boost|p2a: Ceruledge|spa|2|[from] item: Weakness Policy\n|\n|upkeep\n|turn|13\n|\n|t:|1782451134\n|move|p2a: Ceruledge|Shadow Sneak|p1a: Blastoise\n|-damage|p1a: Blastoise|0 fnt\n|faint|p1a: Blastoise\n|\n|upkeep\n|\n|t:|1782451138\n|switch|p1a: Metagross|Metagross|100/100\n|turn|14\n|\n|t:|1782451142\n|-terastallize|p1a: Metagross|Steel\n|move|p2a: Ceruledge|Shadow Sneak|p1a: Metagross\n|-damage|p1a: Metagross|69/100\n|move|p1a: Metagross|Bullet Punch|p2a: Ceruledge\n|-resisted|p2a: Ceruledge\n|-damage|p2a: Ceruledge|0 fnt\n|faint|p2a: Ceruledge\n|\n|upkeep\n|\n|t:|1782451148\n|switch|p2a: Salamence|Salamence, M|100/100\n|-ability|p2a: Salamence|Intimidate|boost\n|-fail|p1a: Metagross|unboost|[from] ability: Clear Body|[of] p1a: Metagross\n|turn|15\n|\n|t:|1782451155\n|move|p2a: Salamence|Dragon Dance|p2a: Salamence\n|-boost|p2a: Salamence|atk|1\n|-boost|p2a: Salamence|spe|1\n|move|p1a: Metagross|Psychic Fangs|p2a: Salamence\n|-damage|p2a: Salamence|35/100\n|\n|-heal|p2a: Salamence|41/100|[from] item: Leftovers\n|upkeep\n|turn|16\n|\n|t:|1782451163\n|-terastallize|p2a: Salamence|Fire\n|move|p2a: Salamence|Temper Flare|p1a: Metagross\n|-supereffective|p1a: Metagross\n|-damage|p1a: Metagross|0 fnt\n|faint|p1a: Metagross\n|\n|-heal|p2a: Salamence|47/100|[from] item: Leftovers\n|upkeep\n|\n|t:|1782451171\n|switch|p1a: Dragonite|Dragonite, M|100/100\n|turn|17\n|\n|t:|1782451176\n|move|p2a: Salamence|Dragon Claw|p1a: Dragonite\n|-supereffective|p1a: Dragonite\n|-damage|p1a: Dragonite|21/100\n|move|p1a: Dragonite|Earthquake|p2a: Salamence\n|-supereffective|p2a: Salamence\n|-damage|p2a: Salamence|0 fnt\n|faint|p2a: Salamence\n|\n|upkeep\n|\n|t:|1782451183\n|switch|p2a: The rook!|Chesnaught, M|94/100\n|turn|18\n|-message|spinobot forfeited.\n|\n|win|jennster\n|raw|jennster's rating: 1201 &rarr; <strong>1223</strong><br />(+22 for winning)\n|raw|spinobot's rating: 1158 &rarr; <strong>1136</strong><br />(-22 for losing)\n|l|☆spinobot\n|player|p2|\n|l|☆jennster\n|player|p1|\n", "uploadtime": 1782451525, "views": 4, "formatid": "gen9ou", "rating": 1136, "private": 0, "password": null}