{"id": "gen9ou-2647779492", "format": "[Gen 9] OU", "players": ["jsk69", "Kinjoshi"], "log": "|j|☆jsk69\n|j|☆Kinjoshi\n|t:|1783811200\n|gametype|singles\n|player|p1|jsk69|cynthia-gen4|1243\n|player|p2|Kinjoshi|burglar|1213\n|gen|9\n|tier|[Gen 9] OU\n|rated|\n|rule|HP Percentage Mod: HP is shown in percentages\n|rule|Endless Battle Clause: Forcing endless battles is banned\n|rule|Species Clause: Limit one of each Pokémon\n|rule|OHKO Clause: OHKO moves are banned\n|rule|Evasion Items Clause: Evasion items are banned\n|rule|Evasion Moves Clause: Evasion moves are banned\n|rule|Evasion Abilities Clause: Evasion abilities are banned\n|rule|Sleep Moves Clause: Sleep-inducing moves are banned\n|clearpoke\n|poke|p1|Samurott-Hisui, F|\n|poke|p1|Glimmora, M|\n|poke|p1|Gholdengo|\n|poke|p1|Great Tusk|\n|poke|p1|Iron Moth|\n|poke|p1|Garchomp, M|\n|poke|p2|Gastrodon-East, M|\n|poke|p2|Talonflame, F|\n|poke|p2|Hatterene, F|\n|poke|p2|Politoed, M|\n|poke|p2|Dondozo, F|\n|poke|p2|Corviknight, M|\n|teampreview\n|inactive|Battle timer is ON: inactive players will automatically lose when time's up. (requested by jsk69)\n|\n|t:|1783811212\n|teamsize|p1|6\n|teamsize|p2|6\n|start\n|switch|p1a: Glimmora|Glimmora, M, shiny|100/100\n|switch|p2a: Politoed|Politoed, M, shiny|100/100\n|-weather|RainDance|[from] ability: Drizzle|[of] p2a: Politoed\n|turn|1\n|\n|t:|1783811219\n|move|p1a: Glimmora|Mortal Spin|p2a: Politoed\n|-damage|p2a: Politoed|93/100\n|-status|p2a: Politoed|psn\n|move|p2a: Politoed|Weather Ball|p1a: Glimmora\n|-supereffective|p1a: Glimmora\n|-enditem|p1a: Glimmora|Focus Sash\n|-damage|p1a: Glimmora|1/100\n|\n|-weather|RainDance|[upkeep]\n|-heal|p2a: Politoed|99/100 psn|[from] item: Leftovers\n|-damage|p2a: Politoed|86/100 psn|[from] psn\n|upkeep\n|turn|2\n|\n|t:|1783811233\n|switch|p2a: Hatterene|Hatterene, F|100/100\n|move|p1a: Glimmora|Stealth Rock|p2a: Hatterene\n|move|p2a: Hatterene|Stealth Rock|p1a: Glimmora|[from] ability: Magic Bounce\n|-sidestart|p1: jsk69|move: Stealth Rock\n|\n|-weather|RainDance|[upkeep]\n|upkeep\n|turn|3\n|\n|t:|1783811259\n|-terastallize|p2a: Hatterene|Steel\n|move|p1a: Glimmora|Power Gem|p2a: Hatterene\n|-resisted|p2a: Hatterene\n|-damage|p2a: Hatterene|80/100\n|move|p2a: Hatterene|Draining Kiss|p1a: Glimmora\n|-resisted|p1a: Glimmora\n|-damage|p1a: Glimmora|0 fnt\n|-heal|p2a: Hatterene|81/100|[from] drain|[of] p1a: Glimmora\n|faint|p1a: Glimmora\n|\n|-weather|RainDance|[upkeep]\n|upkeep\n|\n|t:|1783811272\n|switch|p1a: Samurott|Samurott-Hisui, F, shiny|100/100\n|-damage|p1a: Samurott|88/100|[from] Stealth Rock\n|turn|4\n|\n|t:|1783811279\n|move|p1a: Samurott|Sacred Sword|p2a: Hatterene\n|-supereffective|p2a: Hatterene\n|-damage|p2a: Hatterene|18/100\n|move|p2a: Hatterene|Draining Kiss|p1a: Samurott\n|-supereffective|p1a: Samurott\n|-damage|p1a: Samurott|17/100\n|-heal|p2a: Hatterene|72/100|[from] drain|[of] p1a: Samurott\n|\n|-weather|RainDance|[upkeep]\n|upkeep\n|turn|5\n|\n|t:|1783811301\n|switch|p2a: Corviknight|Corviknight, M|100/100\n|-ability|p2a: Corviknight|Pressure\n|move|p1a: Samurott|Sacred Sword|p2a: Corviknight\n|-damage|p2a: Corviknight|75/100\n|\n|-weather|none\n|-heal|p2a: Corviknight|81/100|[from] item: Leftovers\n|upkeep\n|turn|6\n|\n|t:|1783811311\n|move|p1a: Samurott|Ceaseless Edge|p2a: Corviknight\n|-damage|p2a: Corviknight|48/100\n|-sidestart|p2: Kinjoshi|Spikes\n|move|p2a: Corviknight|U-turn|p1a: Samurott\n|-supereffective|p1a: Samurott\n|-damage|p1a: Samurott|0 fnt\n|faint|p1a: Samurott\n|inactive|Kinjoshi has 120 seconds left.\n|\n|t:|1783811335\n|switch|p2a: Talonflame|Talonflame, F|100/100|[from] U-turn\n|\n|upkeep\n|\n|t:|1783811342\n|switch|p1a: Iron Moth|Iron Moth, shiny|100/100\n|-damage|p1a: Iron Moth|76/100|[from] Stealth Rock\n|-enditem|p1a: Iron Moth|Booster Energy\n|-activate|p1a: Iron Moth|ability: Quark Drive|[fromitem]\n|-start|p1a: Iron Moth|quarkdrivespe\n|turn|7\n|inactive|Kinjoshi has 120 seconds left.\n|\n|t:|1783811354\n|switch|p2a: Dondozo|Dondozo, F|100/100\n|-damage|p2a: Dondozo|88/100|[from] Spikes\n|move|p1a: Iron Moth|Fiery Dance|p2a: Dondozo\n|-resisted|p2a: Dondozo\n|-damage|p2a: Dondozo|78/100\n|\n|upkeep\n|turn|8\n|inactive|Kinjoshi has 120 seconds left.\n|\n|t:|1783811370\n|move|p1a: Iron Moth|Energy Ball|p2a: Dondozo\n|-supereffective|p2a: Dondozo\n|-damage|p2a: Dondozo|46/100\n|move|p2a: Dondozo|Earthquake|p1a: Iron Moth\n|-supereffective|p1a: Iron Moth\n|-damage|p1a: Iron Moth|0 fnt\n|faint|p1a: Iron Moth\n|-end|p1a: Iron Moth|Quark Drive|[silent]\n|\n|upkeep\n|\n|t:|1783811378\n|switch|p1a: Gholdengo|Gholdengo, shiny|100/100\n|-damage|p1a: Gholdengo|94/100|[from] Stealth Rock\n|-item|p1a: Gholdengo|Air Balloon\n|turn|9\n|inactive|Kinjoshi has 120 seconds left.\n|\n|t:|1783811385\n|move|p1a: Gholdengo|Thunder Wave|p2a: Dondozo\n|-status|p2a: Dondozo|par\n|move|p2a: Dondozo|Crunch|p1a: Gholdengo\n|-supereffective|p1a: Gholdengo\n|-damage|p1a: Gholdengo|44/100\n|-unboost|p1a: Gholdengo|def|1\n|-enditem|p1a: Gholdengo|Air Balloon\n|\n|upkeep\n|turn|10\n|\n|t:|1783811394\n|move|p1a: Gholdengo|Hex|p2a: Dondozo\n|-damage|p2a: Dondozo|5/100 par\n|move|p2a: Dondozo|Earthquake|p1a: Gholdengo\n|-supereffective|p1a: Gholdengo\n|-damage|p1a: Gholdengo|0 fnt\n|faint|p1a: Gholdengo\n|\n|upkeep\n|\n|t:|1783811406\n|switch|p1a: Garchomp|Garchomp, M|100/100\n|-damage|p1a: Garchomp|94/100|[from] Stealth Rock\n|turn|11\n|\n|t:|1783811411\n|move|p1a: Garchomp|Scale Shot|p2a: Dondozo\n|-damage|p2a: Dondozo|0 fnt\n|faint|p2a: Dondozo\n|-hitcount|p2: Dondozo|1\n|-unboost|p1a: Garchomp|def|1\n|-boost|p1a: Garchomp|spe|1\n|\n|upkeep\n|\n|t:|1783811424\n|switch|p2a: Politoed|Politoed, M, shiny|86/100 psn\n|-damage|p2a: Politoed|74/100 psn|[from] Spikes\n|-weather|RainDance|[from] ability: Drizzle|[of] p2a: Politoed\n|turn|12\n|\n|t:|1783811431\n|move|p1a: Garchomp|Scale Shot|p2a: Politoed|[miss]\n|-miss|p1a: Garchomp|p2a: Politoed\n|move|p2a: Politoed|Icy Wind|p1a: Garchomp\n|-supereffective|p1a: Garchomp\n|-damage|p1a: Garchomp|26/100\n|-unboost|p1a: Garchomp|spe|1\n|\n|-weather|RainDance|[upkeep]\n|-heal|p2a: Politoed|80/100 psn|[from] item: Leftovers\n|-damage|p2a: Politoed|68/100 psn|[from] psn\n|upkeep\n|turn|13\n|\n|t:|1783811444\n|move|p1a: Garchomp|Scale Shot|p2a: Politoed\n|-damage|p2a: Politoed|53/100 psn\n|-damage|p2a: Politoed|37/100 psn\n|-damage|p2a: Politoed|21/100 psn\n|-damage|p2a: Politoed|5/100 psn\n|-hitcount|p2a: Politoed|4\n|-unboost|p1a: Garchomp|def|1\n|-boost|p1a: Garchomp|spe|1\n|move|p2a: Politoed|Icy Wind|p1a: Garchomp\n|-supereffective|p1a: Garchomp\n|-damage|p1a: Garchomp|0 fnt\n|faint|p1a: Garchomp\n|\n|-weather|RainDance|[upkeep]\n|-heal|p2a: Politoed|11/100 psn|[from] item: Leftovers\n|-damage|p2a: Politoed|0 fnt|[from] psn\n|faint|p2a: Politoed\n|upkeep\n|\n|t:|1783811461\n|switch|p1a: Great Tusk|Great Tusk, shiny|100/100\n|switch|p2a: Talonflame|Talonflame, F|100/100\n|-damage|p1a: Great Tusk|98/100|[from] Stealth Rock\n|-enditem|p1a: Great Tusk|Booster Energy\n|-activate|p1a: Great Tusk|ability: Protosynthesis|[fromitem]\n|-start|p1a: Great Tusk|protosynthesisatk\n|turn|14\n|\n|t:|1783811471\n|-terastallize|p1a: Great Tusk|Ghost\n|move|p2a: Talonflame|Hurricane|p1a: Great Tusk\n|-damage|p1a: Great Tusk|0 fnt\n|faint|p1a: Great Tusk\n|-end|p1a: Great Tusk|Protosynthesis|[silent]\n|\n|win|Kinjoshi\n|raw|jsk69's rating: 1243 &rarr; <strong>1216</strong><br />(-27 for losing)\n|raw|Kinjoshi's rating: 1213 &rarr; <strong>1240</strong><br />(+27 for winning)\n|l|☆jsk69\n|player|p1|\n|l|☆Kinjoshi\n|player|p2|\n", "uploadtime": 1783811866, "views": 3, "formatid": "gen9ou", "rating": 1216, "private": 0, "password": null}