{"id": "gen9ou-2647749602", "format": "[Gen 9] OU", "players": ["SAGOTO2006", "OUBotBeepBoop"], "log": "|j|☆SAGOTO2006\n|j|☆OUBotBeepBoop\n|t:|1783806155\n|gametype|singles\n|player|p1|SAGOTO2006|hiker-gen4|1143\n|player|p2|OUBotBeepBoop|102|1196\n|gen|9\n|tier|[Gen 9] OU\n|rated|\n|rule|HP Percentage Mod: HP is shown in percentages\n|rule|Endless Battle Clause: Forcing endless battles is banned\n|rule|Species Clause: Limit one of each Pokémon\n|rule|OHKO Clause: OHKO moves are banned\n|rule|Evasion Items Clause: Evasion items are banned\n|rule|Evasion Moves Clause: Evasion moves are banned\n|rule|Evasion Abilities Clause: Evasion abilities are banned\n|rule|Sleep Moves Clause: Sleep-inducing moves are banned\n|clearpoke\n|poke|p1|Sandslash-Alola, M|\n|poke|p1|Ninetales-Alola, F|\n|poke|p1|Abomasnow, M|\n|poke|p1|Avalugg, M|\n|poke|p1|Cetitan, M|\n|poke|p1|Cloyster, M|\n|poke|p2|Glimmora, F|\n|poke|p2|Great Tusk|\n|poke|p2|Kingambit, M|\n|poke|p2|Dragapult, F|\n|poke|p2|Clefable, M|\n|poke|p2|Corviknight, F|\n|teampreview\n|inactive|Battle timer is ON: inactive players will automatically lose when time's up. (requested by OUBotBeepBoop)\n|\n|t:|1783806166\n|teamsize|p1|6\n|teamsize|p2|6\n|start\n|switch|p1a: krampus|Cloyster, M|100/100\n|switch|p2a: Glimmora|Glimmora, F|100/100\n|turn|1\n|\n|t:|1783806169\n|move|p2a: Glimmora|Power Gem|p1a: krampus\n|-supereffective|p1a: krampus\n|-enditem|p1a: krampus|Focus Sash\n|-damage|p1a: krampus|1/100\n|move|p1a: krampus|Shell Smash|p1a: krampus\n|-unboost|p1a: krampus|def|1\n|-unboost|p1a: krampus|spd|1\n|-boost|p1a: krampus|atk|2\n|-boost|p1a: krampus|spa|2\n|-boost|p1a: krampus|spe|2\n|\n|upkeep\n|turn|2\n|\n|t:|1783806172\n|move|p1a: krampus|Icicle Spear|p2a: Glimmora\n|-damage|p2a: Glimmora|72/100\n|-activate|p2a: Glimmora|ability: Toxic Debris\n|-sidestart|p1: SAGOTO2006|move: Toxic Spikes\n|-damage|p2a: Glimmora|43/100\n|-activate|p2a: Glimmora|ability: Toxic Debris\n|-sidestart|p1: SAGOTO2006|move: Toxic Spikes\n|-crit|p2a: Glimmora\n|-damage|p2a: Glimmora|0 fnt\n|faint|p2a: Glimmora\n|-hitcount|p2: Glimmora|3\n|\n|upkeep\n|\n|t:|1783806173\n|switch|p2a: Kingambit|Kingambit, M|100/100\n|-activate|p2a: Kingambit|ability: Supreme Overlord\n|-start|p2a: Kingambit|fallen1|[silent]\n|turn|3\n|\n|t:|1783806177\n|move|p1a: krampus|Shell Smash|p1a: krampus\n|-unboost|p1a: krampus|def|1\n|-unboost|p1a: krampus|spd|1\n|-boost|p1a: krampus|atk|2\n|-boost|p1a: krampus|spa|2\n|-boost|p1a: krampus|spe|2\n|move|p2a: Kingambit|Kowtow Cleave|p1a: krampus\n|-damage|p1a: krampus|0 fnt\n|faint|p1a: krampus\n|\n|upkeep\n|\n|t:|1783806181\n|switch|p1a: Snowfort|Avalugg, M|100/100\n|turn|4\n|\n|t:|1783806183\n|-end|p2a: Kingambit|fallen1|[silent]\n|switch|p2a: Dragapult|Dragapult, F|100/100\n|move|p1a: Snowfort|Rapid Spin|p2a: Dragapult\n|-immune|p2a: Dragapult\n|\n|upkeep\n|turn|5\n|\n|t:|1783806187\n|move|p2a: Dragapult|Fire Blast|p1a: Snowfort\n|-supereffective|p1a: Snowfort\n|-ability|p1a: Snowfort|Sturdy\n|-damage|p1a: Snowfort|1/100\n|move|p1a: Snowfort|Avalanche|p2a: Dragapult\n|-supereffective|p2a: Dragapult\n|-damage|p2a: Dragapult|0 fnt\n|faint|p2a: Dragapult\n|\n|upkeep\n|\n|t:|1783806187\n|switch|p2a: Great Tusk|Great Tusk|100/100\n|turn|6\n|\n|t:|1783806196\n|move|p2a: Great Tusk|Rapid Spin|p1a: Snowfort\n|-damage|p1a: Snowfort|0 fnt\n|-boost|p2a: Great Tusk|spe|1\n|faint|p1a: Snowfort\n|\n|upkeep\n|\n|t:|1783806203\n|switch|p1a: Ho ho ho|Sandslash-Alola, M|100/100\n|turn|7\n|\n|t:|1783806212\n|-terastallize|p1a: Ho ho ho|Ground\n|move|p2a: Great Tusk|Headlong Rush|p1a: Ho ho ho\n|-damage|p1a: Ho ho ho|33/100\n|-unboost|p2a: Great Tusk|def|1\n|-unboost|p2a: Great Tusk|spd|1\n|move|p1a: Ho ho ho|Rapid Spin|p2a: Great Tusk\n|-damage|p2a: Great Tusk|81/100\n|-boost|p1a: Ho ho ho|spe|1\n|-sideend|p1: SAGOTO2006|Toxic Spikes|[from] move: Rapid Spin|[of] p1a: Ho ho ho\n|\n|upkeep\n|turn|8\n|\n|t:|1783806221\n|move|p2a: Great Tusk|Ice Spinner|p1a: Ho ho ho\n|-supereffective|p1a: Ho ho ho\n|-damage|p1a: Ho ho ho|0 fnt\n|faint|p1a: Ho ho ho\n|\n|upkeep\n|\n|t:|1783806225\n|switch|p1a: Santa Claus|Abomasnow, M|100/100\n|-weather|Snowscape|[from] ability: Snow Warning|[of] p1a: Santa Claus\n|turn|9\n|\n|t:|1783806228\n|-end|p2a: Great Tusk|Protosynthesis|[silent]\n|switch|p2a: Clefable|Clefable, M|100/100\n|move|p1a: Santa Claus|Giga Drain|p2a: Clefable\n|-damage|p2a: Clefable|66/100\n|\n|-weather|Snowscape|[upkeep]\n|-heal|p2a: Clefable|72/100|[from] item: Leftovers\n|upkeep\n|turn|10\n|\n|t:|1783806232\n|move|p1a: Santa Claus|Blizzard|p2a: Clefable\n|-damage|p2a: Clefable|24/100\n|move|p2a: Clefable|Flamethrower|p1a: Santa Claus\n|-supereffective|p1a: Santa Claus\n|-damage|p1a: Santa Claus|51/100\n|\n|-weather|Snowscape|[upkeep]\n|-heal|p2a: Clefable|30/100|[from] item: Leftovers\n|upkeep\n|turn|11\n|\n|t:|1783806237\n|-terastallize|p2a: Clefable|Steel\n|move|p1a: Santa Claus|Blizzard|p2a: Clefable\n|-resisted|p2a: Clefable\n|-damage|p2a: Clefable|7/100\n|move|p2a: Clefable|Flamethrower|p1a: Santa Claus\n|-supereffective|p1a: Santa Claus\n|-damage|p1a: Santa Claus|1/100\n|-status|p1a: Santa Claus|brn\n|\n|-weather|Snowscape|[upkeep]\n|-heal|p2a: Clefable|13/100|[from] item: Leftovers\n|-damage|p1a: Santa Claus|0 fnt|[from] brn\n|faint|p1a: Santa Claus\n|upkeep\n|\n|t:|1783806242\n|switch|p1a: Rudolph|Cetitan, M|100/100\n|turn|12\n|\n|t:|1783806245\n|switch|p2a: Corviknight|Corviknight, F|100/100\n|-ability|p2a: Corviknight|Pressure\n|move|p1a: Rudolph|Belly Drum|p1a: Rudolph\n|-damage|p1a: Rudolph|50/100\n|-setboost|p1a: Rudolph|atk|6|[from] move: Belly Drum\n|-enditem|p1a: Rudolph|Sitrus Berry|[eat]\n|-heal|p1a: Rudolph|75/100|[from] item: Sitrus Berry\n|\n|-weather|Snowscape|[upkeep]\n|upkeep\n|turn|13\n|\n|t:|1783806249\n|move|p1a: Rudolph|Ice Spinner|p2a: Corviknight\n|-damage|p2a: Corviknight|10/100\n|move|p2a: Corviknight|Body Press|p1a: Rudolph\n|-supereffective|p1a: Rudolph\n|-damage|p1a: Rudolph|41/100\n|\n|-weather|none\n|-heal|p2a: Corviknight|16/100|[from] item: Leftovers\n|upkeep\n|turn|14\n|\n|t:|1783806254\n|move|p1a: Rudolph|Ice Shard|p2a: Corviknight\n|-damage|p2a: Corviknight|0 fnt\n|faint|p2a: Corviknight\n|\n|upkeep\n|\n|t:|1783806254\n|switch|p2a: Great Tusk|Great Tusk|81/100\n|turn|15\n|\n|t:|1783806260\n|move|p1a: Rudolph|Ice Shard|p2a: Great Tusk\n|-supereffective|p2a: Great Tusk\n|-damage|p2a: Great Tusk|0 fnt\n|faint|p2a: Great Tusk\n|-end|p2a: Great Tusk|Protosynthesis|[silent]\n|\n|upkeep\n|\n|t:|1783806260\n|switch|p2a: Kingambit|Kingambit, M|100/100\n|-activate|p2a: Kingambit|ability: Supreme Overlord\n|-start|p2a: Kingambit|fallen4|[silent]\n|turn|16\n|\n|t:|1783806268\n|move|p2a: Kingambit|Sucker Punch|p1a: Rudolph\n|-damage|p1a: Rudolph|0 fnt\n|faint|p1a: Rudolph\n|\n|upkeep\n|\n|t:|1783806270\n|switch|p1a: Mrs Claus|Ninetales-Alola, F|100/100\n|-weather|Snowscape|[from] ability: Snow Warning|[of] p1a: Mrs Claus\n|turn|17\n|\n|t:|1783806279\n|move|p1a: Mrs Claus|Encore|p2a: Kingambit\n|-start|p2a: Kingambit|Encore\n|move|p2a: Kingambit|Sucker Punch||[still]\n|-fail|p2a: Kingambit\n|\n|-weather|Snowscape|[upkeep]\n|upkeep\n|turn|18\n|\n|t:|1783806281\n|move|p2a: Kingambit|Sucker Punch||[still]\n|-fail|p2a: Kingambit\n|move|p1a: Mrs Claus|Aurora Veil|p1a: Mrs Claus\n|-sidestart|p1: SAGOTO2006|move: Aurora Veil\n|\n|-weather|Snowscape|[upkeep]\n|upkeep\n|turn|19\n|\n|t:|1783806285\n|move|p2a: Kingambit|Sucker Punch|p1a: Mrs Claus\n|-resisted|p1a: Mrs Claus\n|-damage|p1a: Mrs Claus|87/100\n|move|p1a: Mrs Claus|Moonblast|p2a: Kingambit\n|-damage|p2a: Kingambit|72/100\n|\n|-weather|Snowscape|[upkeep]\n|-end|p2a: Kingambit|Encore\n|upkeep\n|turn|20\n|\n|t:|1783806291\n|move|p2a: Kingambit|Sucker Punch|p1a: Mrs Claus\n|-resisted|p1a: Mrs Claus\n|-damage|p1a: Mrs Claus|74/100\n|move|p1a: Mrs Claus|Moonblast|p2a: Kingambit\n|-damage|p2a: Kingambit|44/100\n|\n|-weather|Snowscape|[upkeep]\n|upkeep\n|turn|21\n|\n|t:|1783806297\n|move|p2a: Kingambit|Sucker Punch||[still]\n|-fail|p2a: Kingambit\n|move|p1a: Mrs Claus|Encore|p2a: Kingambit\n|-start|p2a: Kingambit|Encore\n|\n|-weather|Snowscape|[upkeep]\n|upkeep\n|turn|22\n|\n|t:|1783806300\n|move|p2a: Kingambit|Sucker Punch|p1a: Mrs Claus\n|-resisted|p1a: Mrs Claus\n|-damage|p1a: Mrs Claus|61/100\n|move|p1a: Mrs Claus|Moonblast|p2a: Kingambit\n|-damage|p2a: Kingambit|17/100\n|\n|-weather|Snowscape|[upkeep]\n|-sideend|p1: SAGOTO2006|move: Aurora Veil\n|upkeep\n|turn|23\n|\n|t:|1783806305\n|move|p2a: Kingambit|Sucker Punch|p1a: Mrs Claus\n|-resisted|p1a: Mrs Claus\n|-damage|p1a: Mrs Claus|34/100\n|move|p1a: Mrs Claus|Moonblast|p2a: Kingambit\n|-damage|p2a: Kingambit|0 fnt\n|faint|p2a: Kingambit\n|-end|p2a: Kingambit|fallen4|[silent]\n|\n|-weather|Snowscape|[upkeep]\n|upkeep\n|\n|t:|1783806308\n|switch|p2a: Clefable|Clefable, M, tera:Steel|13/100\n|turn|24\n|\n|t:|1783806314\n|move|p1a: Mrs Claus|Moonblast|p2a: Clefable\n|-resisted|p2a: Clefable\n|-damage|p2a: Clefable|0 fnt\n|faint|p2a: Clefable\n|\n|win|SAGOTO2006\n|raw|SAGOTO2006's rating: 1143 &rarr; <strong>1168</strong><br />(+25 for winning)\n|raw|OUBotBeepBoop's rating: 1145 &rarr; <strong>1120</strong><br />(-25 for losing)\n|l|☆OUBotBeepBoop\n|player|p2|\n|l|☆SAGOTO2006\n|player|p1|\n", "uploadtime": 1783806639, "views": 15, "formatid": "gen9ou", "rating": 1120, "private": 0, "password": null}