{"id": "gen9ou-2639919466", "format": "[Gen 9] OU", "players": ["goonarmy", "firewall1234"], "log": "|j|☆goonarmy\n|j|☆firewall1234\n|t:|1782543439\n|gametype|singles\n|player|p1|goonarmy|hiker-gen4|1610\n|player|p2|firewall1234|hugh|1650\n|gen|9\n|tier|[Gen 9] OU\n|rated|\n|rule|HP Percentage Mod: HP is shown in percentages\n|rule|Endless Battle Clause: Forcing endless battles is banned\n|rule|Species Clause: Limit one of each Pokémon\n|rule|OHKO Clause: OHKO moves are banned\n|rule|Evasion Items Clause: Evasion items are banned\n|rule|Evasion Moves Clause: Evasion moves are banned\n|rule|Evasion Abilities Clause: Evasion abilities are banned\n|rule|Sleep Moves Clause: Sleep-inducing moves are banned\n|clearpoke\n|poke|p1|Ceruledge, F|\n|poke|p1|Kyurem|\n|poke|p1|Slowking-Galar, M|\n|poke|p1|Kingambit, F|\n|poke|p1|Gliscor, M|\n|poke|p1|Cinderace, M|\n|poke|p2|Slowking-Galar, F|\n|poke|p2|Landorus-Therian, M|\n|poke|p2|Kyurem|\n|poke|p2|Iron Valiant|\n|poke|p2|Cinderace, F|\n|poke|p2|Kingambit, F|\n|teampreview\n|inactive|Battle timer is ON: inactive players will automatically lose when time's up. (requested by firewall1234)\n|\n|t:|1782543451\n|teamsize|p1|6\n|teamsize|p2|6\n|start\n|switch|p1a: Gliscor|Gliscor, M|100/100\n|switch|p2a: Landorus|Landorus-Therian, M|100/100\n|-ability|p2a: Landorus|Intimidate|boost\n|-unboost|p1a: Gliscor|atk|1\n|turn|1\n|\n|t:|1782543455\n|move|p1a: Gliscor|Protect|p1a: Gliscor\n|-singleturn|p1a: Gliscor|Protect\n|move|p2a: Landorus|Taunt|p1a: Gliscor\n|-activate|p1a: Gliscor|move: Protect\n|\n|-status|p1a: Gliscor|tox|[from] item: Toxic Orb\n|upkeep\n|turn|2\n|\n|t:|1782543464\n|move|p2a: Landorus|Stealth Rock|p1a: Gliscor\n|-sidestart|p1: goonarmy|move: Stealth Rock\n|move|p1a: Gliscor|U-turn|p2a: Landorus\n|-resisted|p2a: Landorus\n|-damage|p2a: Landorus|96/100\n|-damage|p1a: Gliscor|84/100 tox|[from] item: Rocky Helmet|[of] p2a: Landorus\n|\n|t:|1782543480\n|switch|p1a: Cinderace|Cinderace, M|100/100|[from] U-turn\n|\n|upkeep\n|turn|3\n|\n|t:|1782543486\n|move|p1a: Cinderace|Court Change|p1a: Cinderace\n|-start|p1a: Cinderace|typechange|Normal|[from] ability: Libero\n|-swapsideconditions\n|-activate|p1a: Cinderace|move: Court Change\n|move|p2a: Landorus|Earthquake|p1a: Cinderace\n|-damage|p1a: Cinderace|40/100\n|\n|upkeep\n|turn|4\n|\n|t:|1782543489\n|move|p1a: Cinderace|U-turn|p2a: Landorus\n|-resisted|p2a: Landorus\n|-damage|p2a: Landorus|86/100\n|-damage|p1a: Cinderace|23/100|[from] item: Rocky Helmet|[of] p2a: Landorus\n|\n|t:|1782543495\n|switch|p1a: Kyurem|Kyurem|100/100|[from] U-turn\n|-ability|p1a: Kyurem|Pressure\n|move|p2a: Landorus|Stealth Rock|p1a: Kyurem\n|-sidestart|p1: goonarmy|move: Stealth Rock\n|\n|upkeep\n|turn|5\n|\n|t:|1782543499\n|switch|p2a: Kyurem|Kyurem|100/100\n|-damage|p2a: Kyurem|76/100|[from] Stealth Rock\n|-ability|p2a: Kyurem|Pressure\n|move|p1a: Kyurem|Freeze-Dry|p2a: Kyurem\n|-damage|p2a: Kyurem|40/100\n|\n|upkeep\n|turn|6\n|\n|t:|1782543506\n|switch|p1a: Slowking|Slowking-Galar, M|100/100\n|switch|p2a: Slowking|Slowking-Galar, F|100/100\n|\n|upkeep\n|turn|7\n|\n|t:|1782543512\n|move|p1a: Slowking|Thunder Wave|p2a: Slowking\n|-status|p2a: Slowking|par\n|move|p2a: Slowking|Future Sight|p1a: Slowking\n|-start|p2a: Slowking|move: Future Sight\n|\n|upkeep\n|turn|8\n|\n|t:|1782543516\n|-prepare|p1a: Slowking|Chilly Reception|[premajor]\n|move|p1a: Slowking|Chilly Reception|p1a: Slowking\n|-weather|Snowscape\n|\n|t:|1782543533\n|switch|p1a: Kingambit|Kingambit, F|100/100|[from] Chilly Reception\n|-damage|p1a: Kingambit|94/100|[from] Stealth Rock\n|-prepare|p2a: Slowking|Chilly Reception|[premajor]\n|move|p2a: Slowking|Chilly Reception|p2a: Slowking\n|\n|t:|1782543545\n|switch|p2a: Cinderace|Cinderace, F|100/100|[from] Chilly Reception\n|\n|-weather|Snowscape|[upkeep]\n|-heal|p1a: Kingambit|100/100|[from] item: Leftovers\n|upkeep\n|turn|9\n|\n|t:|1782543553\n|-end|p1a: Kingambit|fallenundefined|[silent]\n|switch|p1a: Cinderace|Cinderace, M|23/100\n|move|p2a: Cinderace|Pyro Ball|p1a: Cinderace|[miss]\n|-miss|p2a: Cinderace|p1a: Cinderace\n|\n|-weather|Snowscape|[upkeep]\n|-end|p1a: Cinderace|move: Future Sight\n|-damage|p1a: Cinderace|0 fnt\n|faint|p1a: Cinderace\n|upkeep\n|\n|t:|1782543572\n|switch|p1a: Ceruledge|Ceruledge, F|100/100\n|turn|10\n|\n|t:|1782543576\n|switch|p2a: Landorus|Landorus-Therian, M|86/100\n|-damage|p2a: Landorus|74/100|[from] Stealth Rock\n|-ability|p2a: Landorus|Intimidate|boost\n|-unboost|p1a: Ceruledge|atk|1\n|move|p1a: Ceruledge|Swords Dance|p1a: Ceruledge\n|-boost|p1a: Ceruledge|atk|2\n|\n|-weather|Snowscape|[upkeep]\n|upkeep\n|turn|11\n|\n|t:|1782543582\n|move|p2a: Landorus|Earthquake|p1a: Ceruledge\n|-supereffective|p1a: Ceruledge\n|-damage|p1a: Ceruledge|0 fnt\n|faint|p1a: Ceruledge\n|\n|-weather|Snowscape|[upkeep]\n|upkeep\n|\n|t:|1782543588\n|switch|p1a: Kyurem|Kyurem|100/100\n|-damage|p1a: Kyurem|76/100|[from] Stealth Rock\n|-ability|p1a: Kyurem|Pressure\n|turn|12\n|\n|t:|1782543593\n|switch|p2a: Slowking|Slowking-Galar, F|100/100 par\n|move|p1a: Kyurem|Blizzard|p2a: Slowking\n|-damage|p2a: Slowking|66/100 par\n|\n|-weather|none\n|upkeep\n|turn|13\n|\n|t:|1782543599\n|switch|p1a: Slowking|Slowking-Galar, M|100/100\n|-prepare|p2a: Slowking|Chilly Reception|[premajor]\n|cant|p2a: Slowking|par\n|\n|upkeep\n|turn|14\n|\n|t:|1782543607\n|move|p1a: Slowking|Sludge Bomb|p2a: Slowking\n|-resisted|p2a: Slowking\n|-damage|p2a: Slowking|57/100 par\n|move|p2a: Slowking|Future Sight|p1a: Slowking\n|-start|p2a: Slowking|move: Future Sight\n|\n|upkeep\n|turn|15\n|\n|t:|1782543611\n|-prepare|p1a: Slowking|Chilly Reception|[premajor]\n|move|p1a: Slowking|Chilly Reception|p1a: Slowking\n|-weather|Snowscape\n|\n|t:|1782543614\n|switch|p1a: Kyurem|Kyurem|76/100|[from] Chilly Reception\n|-damage|p1a: Kyurem|51/100|[from] Stealth Rock\n|-ability|p1a: Kyurem|Pressure\n|-prepare|p2a: Slowking|Chilly Reception|[premajor]\n|move|p2a: Slowking|Chilly Reception|p2a: Slowking\n|inactive|firewall1234 has 120 seconds left.\n|inactive|firewall1234 has 90 seconds left.\n|\n|t:|1782543676\n|switch|p2a: Iron Valiant|Iron Valiant|100/100|[from] Chilly Reception\n|-damage|p2a: Iron Valiant|94/100|[from] Stealth Rock\n|-enditem|p2a: Iron Valiant|Booster Energy\n|-activate|p2a: Iron Valiant|ability: Quark Drive|[fromitem]\n|-start|p2a: Iron Valiant|quarkdrivespe\n|\n|-weather|Snowscape|[upkeep]\n|upkeep\n|turn|16\n|\n|t:|1782543693\n|move|p2a: Iron Valiant|Moonblast|p1a: Kyurem\n|-supereffective|p1a: Kyurem\n|-damage|p1a: Kyurem|0 fnt\n|faint|p1a: Kyurem\n|\n|-weather|Snowscape|[upkeep]\n|-hint|Future Sight did not hit because the target is fainted.\n|upkeep\n|\n|t:|1782543699\n|switch|p1a: Slowking|Slowking-Galar, M|100/100\n|turn|17\n|\n|t:|1782543702\n|move|p2a: Iron Valiant|Knock Off|p1a: Slowking\n|-supereffective|p1a: Slowking\n|-damage|p1a: Slowking|48/100\n|-enditem|p1a: Slowking|Heavy-Duty Boots|[from] move: Knock Off|[of] p2a: Iron Valiant\n|move|p1a: Slowking|Sludge Bomb|p2a: Iron Valiant\n|-supereffective|p2a: Iron Valiant\n|-damage|p2a: Iron Valiant|0 fnt\n|faint|p2a: Iron Valiant\n|-end|p2a: Iron Valiant|Quark Drive|[silent]\n|\n|-weather|Snowscape|[upkeep]\n|upkeep\n|\n|t:|1782543717\n|switch|p2a: Cinderace|Cinderace, F|100/100\n|turn|18\n|\n|t:|1782543730\n|move|p2a: Cinderace|Pyro Ball|p1a: Slowking\n|-damage|p1a: Slowking|0 fnt\n|faint|p1a: Slowking\n|\n|-weather|Snowscape|[upkeep]\n|upkeep\n|\n|t:|1782543737\n|switch|p1a: Gliscor|Gliscor, M|84/100 tox\n|-damage|p1a: Gliscor|71/100 tox|[from] Stealth Rock\n|turn|19\n|\n|t:|1782543743\n|move|p2a: Cinderace|U-turn|p1a: Gliscor\n|-start|p2a: Cinderace|typechange|Bug|[from] ability: Libero\n|-resisted|p1a: Gliscor\n|-damage|p1a: Gliscor|61/100 tox\n|\n|t:|1782543746\n|switch|p2a: Slowking|Slowking-Galar, F|90/100 par|[from] U-turn\n|move|p1a: Gliscor|Earthquake|p2a: Slowking\n|-supereffective|p2a: Slowking\n|-crit|p2a: Slowking\n|-damage|p2a: Slowking|0 fnt\n|faint|p2a: Slowking\n|\n|-weather|none\n|-heal|p1a: Gliscor|73/100 tox|[from] ability: Poison Heal\n|upkeep\n|\n|t:|1782543753\n|switch|p2a: Kingambit|Kingambit, F|100/100\n|-damage|p2a: Kingambit|94/100|[from] Stealth Rock\n|-activate|p2a: Kingambit|ability: Supreme Overlord\n|-start|p2a: Kingambit|fallen2|[silent]\n|turn|20\n|\n|t:|1782543758\n|-terastallize|p2a: Kingambit|Ghost\n|move|p1a: Gliscor|Earthquake|p2a: Kingambit\n|-damage|p2a: Kingambit|70/100\n|move|p2a: Kingambit|Swords Dance|p2a: Kingambit\n|-boost|p2a: Kingambit|atk|2\n|\n|-heal|p2a: Kingambit|77/100|[from] item: Leftovers\n|-heal|p1a: Gliscor|86/100 tox|[from] ability: Poison Heal\n|upkeep\n|turn|21\n|\n|t:|1782543767\n|move|p1a: Gliscor|Earthquake|p2a: Kingambit\n|-damage|p2a: Kingambit|50/100\n|move|p2a: Kingambit|Kowtow Cleave|p1a: Gliscor\n|-damage|p1a: Gliscor|18/100 tox\n|\n|-heal|p2a: Kingambit|57/100|[from] item: Leftovers\n|-heal|p1a: Gliscor|31/100 tox|[from] ability: Poison Heal\n|upkeep\n|turn|22\n|\n|t:|1782543773\n|move|p1a: Gliscor|Earthquake|p2a: Kingambit\n|-damage|p2a: Kingambit|34/100\n|move|p2a: Kingambit|Kowtow Cleave|p1a: Gliscor\n|-damage|p1a: Gliscor|0 fnt\n|faint|p1a: Gliscor\n|\n|-heal|p2a: Kingambit|40/100|[from] item: Leftovers\n|upkeep\n|\n|t:|1782543777\n|switch|p1a: Kingambit|Kingambit, F|100/100\n|-damage|p1a: Kingambit|94/100|[from] Stealth Rock\n|-activate|p1a: Kingambit|ability: Supreme Overlord\n|-start|p1a: Kingambit|fallen5|[silent]\n|turn|23\n|\n|t:|1782543791\n|-end|p2a: Kingambit|fallen2|[silent]\n|switch|p2a: Landorus|Landorus-Therian, M|74/100\n|-damage|p2a: Landorus|61/100|[from] Stealth Rock\n|-ability|p2a: Landorus|Intimidate|boost\n|-unboost|p1a: Kingambit|atk|1\n|-terastallize|p1a: Kingambit|Fairy\n|move|p1a: Kingambit|Swords Dance|p1a: Kingambit\n|-boost|p1a: Kingambit|atk|2\n|\n|-heal|p1a: Kingambit|100/100|[from] item: Leftovers\n|upkeep\n|turn|24\n|\n|t:|1782543795\n|move|p2a: Landorus|Taunt|p1a: Kingambit\n|-start|p1a: Kingambit|move: Taunt\n|move|p1a: Kingambit|Kowtow Cleave|p2a: Landorus\n|-damage|p2a: Landorus|0 fnt\n|-damage|p1a: Kingambit|84/100|[from] item: Rocky Helmet|[of] p2a: Landorus\n|faint|p2a: Landorus\n|\n|-heal|p1a: Kingambit|90/100|[from] item: Leftovers\n|upkeep\n|\n|t:|1782543798\n|switch|p2a: Cinderace|Cinderace, F|100/100\n|turn|25\n|\n|t:|1782543804\n|move|p1a: Kingambit|Sucker Punch||[still]\n|-fail|p1a: Kingambit\n|move|p2a: Cinderace|Will-O-Wisp|p1a: Kingambit\n|-status|p1a: Kingambit|brn\n|\n|-heal|p1a: Kingambit|96/100 brn|[from] item: Leftovers\n|-damage|p1a: Kingambit|90/100 brn|[from] brn\n|upkeep\n|turn|26\n|\n|t:|1782543808\n|move|p1a: Kingambit|Sucker Punch|p2a: Cinderace\n|-damage|p2a: Cinderace|32/100\n|move|p2a: Cinderace|Pyro Ball|p1a: Kingambit\n|-damage|p1a: Kingambit|46/100 brn\n|\n|-heal|p1a: Kingambit|52/100 brn|[from] item: Leftovers\n|-damage|p1a: Kingambit|46/100 brn|[from] brn\n|-end|p1a: Kingambit|move: Taunt\n|upkeep\n|turn|27\n|\n|t:|1782543813\n|move|p2a: Cinderace|Pyro Ball|p1a: Kingambit\n|-damage|p1a: Kingambit|1/100 brn\n|move|p1a: Kingambit|Swords Dance|p1a: Kingambit\n|-boost|p1a: Kingambit|atk|2\n|\n|-heal|p1a: Kingambit|8/100 brn|[from] item: Leftovers\n|-damage|p1a: Kingambit|1/100 brn|[from] brn\n|upkeep\n|turn|28\n|\n|t:|1782543827\n|move|p2a: Cinderace|Will-O-Wisp|p1a: Kingambit\n|-fail|p1a: Kingambit|brn\n|move|p1a: Kingambit|Kowtow Cleave|p2a: Cinderace\n|-damage|p2a: Cinderace|0 fnt\n|faint|p2a: Cinderace\n|\n|-heal|p1a: Kingambit|8/100 brn|[from] item: Leftovers\n|-damage|p1a: Kingambit|1/100 brn|[from] brn\n|upkeep\n|\n|t:|1782543830\n|switch|p2a: Kingambit|Kingambit, F, tera:Ghost|40/100\n|-damage|p2a: Kingambit|28/100|[from] Stealth Rock\n|-activate|p2a: Kingambit|ability: Supreme Overlord\n|-start|p2a: Kingambit|fallen4|[silent]\n|turn|29\n|\n|t:|1782543835\n|move|p2a: Kingambit|Sucker Punch|p1a: Kingambit\n|-resisted|p1a: Kingambit\n|-damage|p1a: Kingambit|0 fnt\n|faint|p1a: Kingambit\n|-end|p1a: Kingambit|fallen5|[silent]\n|\n|win|firewall1234\n|raw|goonarmy's rating: 1610 &rarr; <strong>1592</strong><br />(-18 for losing)\n|raw|firewall1234's rating: 1650 &rarr; <strong>1668</strong><br />(+18 for winning)\n|c|☆firewall1234|gg\n|c|☆goonarmy|Gg\n|l|☆firewall1234\n|player|p2|\n|l|☆goonarmy\n|player|p1|\n", "uploadtime": 1782544017, "views": 5, "formatid": "gen9ou", "rating": 1592, "private": 0, "password": null}