{"id": "gen9ou-2639289680", "format": "[Gen 9] OU", "players": ["Yvonne348", "Sceana"], "log": "|j|☆Yvonne348\n|j|☆Sceana\n|t:|1782446698\n|gametype|singles\n|player|p1|Yvonne348|dahlia|1084\n|player|p2|Sceana|swimmerf|1122\n|gen|9\n|tier|[Gen 9] OU\n|rated|\n|rule|HP Percentage Mod: HP is shown in percentages\n|rule|Endless Battle Clause: Forcing endless battles is banned\n|rule|Species Clause: Limit one of each Pokémon\n|rule|OHKO Clause: OHKO moves are banned\n|rule|Evasion Items Clause: Evasion items are banned\n|rule|Evasion Moves Clause: Evasion moves are banned\n|rule|Evasion Abilities Clause: Evasion abilities are banned\n|rule|Sleep Moves Clause: Sleep-inducing moves are banned\n|clearpoke\n|poke|p1|Ninetales, F|\n|poke|p1|Torkoal, M|\n|poke|p1|Cinderace, M|\n|poke|p1|Walking Wake|\n|poke|p1|Venusaur, M|\n|poke|p1|Lilligant-Hisui, F|\n|poke|p2|Charizard, F|\n|poke|p2|Garchomp, F|\n|poke|p2|Tyranitar, M|\n|poke|p2|Scizor, F|\n|poke|p2|Dragonite, F|\n|poke|p2|Espeon, M|\n|teampreview\n|inactive|Battle timer is ON: inactive players will automatically lose when time's up. (requested by Sceana)\n|\n|t:|1782446709\n|teamsize|p1|6\n|teamsize|p2|6\n|start\n|switch|p1a: Torkoal|Torkoal, M, shiny|100/100\n|switch|p2a: Charizard|Charizard, F|100/100\n|-weather|SunnyDay|[from] ability: Drought|[of] p1a: Torkoal\n|turn|1\n|\n|t:|1782446717\n|move|p2a: Charizard|Scorching Sands|p1a: Torkoal\n|-supereffective|p1a: Torkoal\n|-damage|p1a: Torkoal|54/100\n|move|p1a: Torkoal|Stealth Rock|p2a: Charizard\n|-sidestart|p2: Sceana|move: Stealth Rock\n|\n|-weather|SunnyDay|[upkeep]\n|upkeep\n|turn|2\n|\n|t:|1782446731\n|switch|p1a: Walking Wake|Walking Wake|100/100\n|-activate|p1a: Walking Wake|ability: Protosynthesis\n|-start|p1a: Walking Wake|protosynthesisspa\n|move|p2a: Charizard|Scorching Sands|p1a: Walking Wake\n|-damage|p1a: Walking Wake|74/100\n|\n|-weather|SunnyDay|[upkeep]\n|upkeep\n|turn|3\n|\n|t:|1782446755\n|move|p1a: Walking Wake|Hydro Steam|p2a: Charizard\n|-supereffective|p2a: Charizard\n|-enditem|p2a: Charizard|Focus Sash\n|-damage|p2a: Charizard|1/100\n|move|p2a: Charizard|Counter||[still]\n|-fail|p2a: Charizard\n|\n|-weather|SunnyDay|[upkeep]\n|upkeep\n|turn|4\n|\n|t:|1782446766\n|move|p1a: Walking Wake|Flamethrower|p2a: Charizard\n|-resisted|p2a: Charizard\n|-damage|p2a: Charizard|0 fnt\n|faint|p2a: Charizard\n|\n|-weather|SunnyDay|[upkeep]\n|upkeep\n|\n|t:|1782446778\n|switch|p2a: Tyranitar|Tyranitar, M|100/100\n|-damage|p2a: Tyranitar|88/100|[from] Stealth Rock\n|-weather|Sandstorm|[from] ability: Sand Stream|[of] p2a: Tyranitar\n|-end|p1a: Walking Wake|Protosynthesis\n|-enditem|p1a: Walking Wake|Booster Energy\n|-activate|p1a: Walking Wake|ability: Protosynthesis|[fromitem]\n|-start|p1a: Walking Wake|protosynthesisspa\n|turn|5\n|\n|t:|1782446786\n|move|p1a: Walking Wake|Hydro Steam|p2a: Tyranitar\n|-supereffective|p2a: Tyranitar\n|-damage|p2a: Tyranitar|10/100\n|move|p2a: Tyranitar|Dragon Dance|p2a: Tyranitar\n|-boost|p2a: Tyranitar|atk|1\n|-boost|p2a: Tyranitar|spe|1\n|\n|-weather|Sandstorm|[upkeep]\n|-damage|p1a: Walking Wake|68/100|[from] Sandstorm\n|upkeep\n|turn|6\n|\n|t:|1782446799\n|move|p2a: Tyranitar|Stone Edge|p1a: Walking Wake|[miss]\n|-miss|p2a: Tyranitar|p1a: Walking Wake\n|move|p1a: Walking Wake|Flamethrower|p2a: Tyranitar\n|-resisted|p2a: Tyranitar\n|-damage|p2a: Tyranitar|0 fnt\n|faint|p2a: Tyranitar\n|\n|-weather|Sandstorm|[upkeep]\n|-damage|p1a: Walking Wake|61/100|[from] Sandstorm\n|upkeep\n|\n|t:|1782446816\n|switch|p2a: Dragonite|Dragonite, F|100/100\n|-damage|p2a: Dragonite|75/100|[from] Stealth Rock\n|turn|7\n|\n|t:|1782446821\n|move|p1a: Walking Wake|Draco Meteor|p2a: Dragonite\n|-supereffective|p2a: Dragonite\n|-damage|p2a: Dragonite|0 fnt\n|-unboost|p1a: Walking Wake|spa|2\n|faint|p2a: Dragonite\n|\n|-weather|Sandstorm|[upkeep]\n|-damage|p1a: Walking Wake|55/100|[from] Sandstorm\n|upkeep\n|inactive|Sceana has 120 seconds left.\n|\n|t:|1782446837\n|switch|p2a: Garchomp|Garchomp, F|100/100\n|-damage|p2a: Garchomp|94/100|[from] Stealth Rock\n|turn|8\n|\n|t:|1782446842\n|move|p2a: Garchomp|Dragon Claw|p1a: Walking Wake\n|-supereffective|p1a: Walking Wake\n|-damage|p1a: Walking Wake|0 fnt\n|faint|p1a: Walking Wake\n|-end|p1a: Walking Wake|Protosynthesis|[silent]\n|\n|-weather|Sandstorm|[upkeep]\n|upkeep\n|\n|t:|1782446847\n|switch|p1a: Torkoal|Torkoal, M, shiny|54/100\n|-weather|SunnyDay|[from] ability: Drought|[of] p1a: Torkoal\n|turn|9\n|\n|t:|1782446853\n|move|p2a: Garchomp|Earthquake|p1a: Torkoal\n|-supereffective|p1a: Torkoal\n|-damage|p1a: Torkoal|0 fnt\n|faint|p1a: Torkoal\n|\n|-weather|SunnyDay|[upkeep]\n|upkeep\n|\n|t:|1782446857\n|switch|p1a: Ninetales|Ninetales, F, shiny|100/100\n|turn|10\n|\n|t:|1782446862\n|move|p2a: Garchomp|Earthquake|p1a: Ninetales\n|-supereffective|p1a: Ninetales\n|-damage|p1a: Ninetales|0 fnt\n|faint|p1a: Ninetales\n|\n|-weather|SunnyDay|[upkeep]\n|upkeep\n|\n|t:|1782446869\n|switch|p1a: Cinderace|Cinderace, M, shiny|100/100\n|turn|11\n|\n|t:|1782446875\n|-terastallize|p1a: Cinderace|Bug\n|move|p1a: Cinderace|U-turn|p2a: Garchomp\n|-damage|p2a: Garchomp|54/100\n|-damage|p1a: Cinderace|88/100|[from] ability: Rough Skin|[of] p2a: Garchomp\n|-damage|p1a: Cinderace|78/100|[from] item: Life Orb\n|\n|t:|1782446882\n|switch|p1a: Venusaur|Venusaur, M, shiny|100/100|[from] U-turn\n|move|p2a: Garchomp|Earthquake|p1a: Venusaur\n|-damage|p1a: Venusaur|40/100\n|\n|-weather|SunnyDay|[upkeep]\n|upkeep\n|turn|12\n|\n|t:|1782446898\n|switch|p2a: Espeon|Espeon, M|100/100\n|-damage|p2a: Espeon|88/100|[from] Stealth Rock\n|move|p1a: Venusaur|Earth Power|p2a: Espeon\n|-damage|p2a: Espeon|60/100\n|\n|-weather|SunnyDay|[upkeep]\n|-heal|p2a: Espeon|66/100|[from] item: Leftovers\n|upkeep\n|turn|13\n|\n|t:|1782446908\n|move|p1a: Venusaur|Giga Drain|p2a: Espeon\n|-damage|p2a: Espeon|28/100\n|-heal|p1a: Venusaur|61/100|[from] drain|[of] p2a: Espeon\n|move|p2a: Espeon|Wish|p2a: Espeon\n|\n|-weather|SunnyDay|[upkeep]\n|-heal|p2a: Espeon|34/100|[from] item: Leftovers\n|upkeep\n|turn|14\n|\n|t:|1782446917\n|move|p2a: Espeon|Protect|p2a: Espeon\n|-singleturn|p2a: Espeon|Protect\n|move|p1a: Venusaur|Giga Drain|p2a: Espeon\n|-activate|p2a: Espeon|move: Protect\n|\n|-weather|SunnyDay|[upkeep]\n|-heal|p2a: Espeon|84/100|[from] move: Wish|[wisher] Espeon\n|-heal|p2a: Espeon|90/100|[from] item: Leftovers\n|upkeep\n|turn|15\n|\n|t:|1782446927\n|move|p1a: Venusaur|Giga Drain|p2a: Espeon\n|-damage|p2a: Espeon|51/100\n|-heal|p1a: Venusaur|82/100|[from] drain|[of] p2a: Espeon\n|move|p2a: Espeon|Wish|p2a: Espeon\n|\n|-weather|SunnyDay|[upkeep]\n|-heal|p2a: Espeon|57/100|[from] item: Leftovers\n|upkeep\n|turn|16\n|\n|t:|1782446937\n|move|p1a: Venusaur|Weather Ball|p2a: Espeon\n|-damage|p2a: Espeon|2/100\n|move|p2a: Espeon|Psychic|p1a: Venusaur\n|-supereffective|p1a: Venusaur\n|-damage|p1a: Venusaur|20/100\n|\n|-weather|none\n|-heal|p2a: Espeon|52/100|[from] move: Wish|[wisher] Espeon\n|-heal|p2a: Espeon|58/100|[from] item: Leftovers\n|upkeep\n|turn|17\n|\n|t:|1782446948\n|move|p1a: Venusaur|Giga Drain|p2a: Espeon\n|-damage|p2a: Espeon|20/100\n|-heal|p1a: Venusaur|41/100|[from] drain|[of] p2a: Espeon\n|move|p2a: Espeon|Wish|p2a: Espeon\n|\n|-heal|p2a: Espeon|26/100|[from] item: Leftovers\n|upkeep\n|turn|18\n|\n|t:|1782446956\n|switch|p1a: Lilligant|Lilligant-Hisui, F, shiny|100/100\n|move|p2a: Espeon|Protect||[still]\n|-fail|p2a: Espeon\n|\n|-heal|p2a: Espeon|76/100|[from] move: Wish|[wisher] Espeon\n|-heal|p2a: Espeon|82/100|[from] item: Leftovers\n|upkeep\n|turn|19\n|\n|t:|1782446968\n|move|p1a: Lilligant|Victory Dance|p1a: Lilligant\n|-boost|p1a: Lilligant|atk|1\n|-boost|p1a: Lilligant|def|1\n|-boost|p1a: Lilligant|spe|1\n|move|p2a: Espeon|Wish|p2a: Espeon\n|\n|-heal|p2a: Espeon|88/100|[from] item: Leftovers\n|upkeep\n|turn|20\n|\n|t:|1782446977\n|move|p1a: Lilligant|Leaf Blade|p2a: Espeon\n|-damage|p2a: Espeon|21/100\n|move|p2a: Espeon|Psychic|p1a: Lilligant\n|-supereffective|p1a: Lilligant\n|-damage|p1a: Lilligant|0 fnt\n|faint|p1a: Lilligant\n|\n|-heal|p2a: Espeon|71/100|[from] move: Wish|[wisher] Espeon\n|-heal|p2a: Espeon|77/100|[from] item: Leftovers\n|upkeep\n|\n|t:|1782446983\n|switch|p1a: Cinderace|Cinderace, M, shiny, tera:Bug|78/100\n|turn|21\n|\n|t:|1782446993\n|move|p1a: Cinderace|U-turn|p2a: Espeon\n|-supereffective|p2a: Espeon\n|-crit|p2a: Espeon\n|-damage|p2a: Espeon|0 fnt\n|faint|p2a: Espeon\n|-damage|p1a: Cinderace|68/100|[from] item: Life Orb\n|\n|t:|1782446998\n|switch|p1a: Venusaur|Venusaur, M, shiny|41/100|[from] U-turn\n|\n|upkeep\n|\n|t:|1782447003\n|switch|p2a: Scizor|Scizor, F|100/100\n|-damage|p2a: Scizor|88/100|[from] Stealth Rock\n|turn|22\n|\n|t:|1782447007\n|move|p1a: Venusaur|Earth Power|p2a: Scizor\n|-damage|p2a: Scizor|46/100\n|move|p2a: Scizor|Swords Dance|p2a: Scizor\n|-boost|p2a: Scizor|atk|2\n|\n|upkeep\n|turn|23\n|\n|t:|1782447016\n|move|p1a: Venusaur|Earth Power|p2a: Scizor\n|-damage|p2a: Scizor|4/100\n|move|p2a: Scizor|Swords Dance|p2a: Scizor\n|-boost|p2a: Scizor|atk|2\n|\n|upkeep\n|turn|24\n|\n|t:|1782447023\n|move|p2a: Scizor|Bullet Punch|p1a: Venusaur\n|-damage|p1a: Venusaur|0 fnt\n|faint|p1a: Venusaur\n|\n|upkeep\n|\n|t:|1782447025\n|switch|p1a: Cinderace|Cinderace, M, shiny, tera:Bug|68/100\n|turn|25\n|\n|t:|1782447030\n|move|p2a: Scizor|Bullet Punch|p1a: Cinderace\n|-damage|p1a: Cinderace|0 fnt\n|faint|p1a: Cinderace\n|\n|win|Sceana\n|raw|Yvonne348's rating: 1084 &rarr; <strong>1064</strong><br />(-20 for losing)\n|raw|Sceana's rating: 1122 &rarr; <strong>1144</strong><br />(+22 for winning)\n|l|☆Sceana\n|player|p2|\n", "uploadtime": 1782447357, "views": 6, "formatid": "gen9ou", "rating": 1064, "private": 0, "password": null}