{"id": "gen9ou-2647748093", "format": "[Gen 9] OU", "players": ["radiofrogguy", "kilobyt3"], "log": "|j|☆radiofrogguy\n|j|☆kilobyt3\n|t:|1783805897\n|gametype|singles\n|player|p1|radiofrogguy|2|1397\n|player|p2|kilobyt3|gambler|1344\n|gen|9\n|tier|[Gen 9] OU\n|rated|\n|rule|HP Percentage Mod: HP is shown in percentages\n|rule|Endless Battle Clause: Forcing endless battles is banned\n|rule|Species Clause: Limit one of each Pokémon\n|rule|OHKO Clause: OHKO moves are banned\n|rule|Evasion Items Clause: Evasion items are banned\n|rule|Evasion Moves Clause: Evasion moves are banned\n|rule|Evasion Abilities Clause: Evasion abilities are banned\n|rule|Sleep Moves Clause: Sleep-inducing moves are banned\n|clearpoke\n|poke|p1|Gholdengo|\n|poke|p1|Landorus-Therian, M|\n|poke|p1|Ting-Lu|\n|poke|p1|Raging Bolt|\n|poke|p1|Iron Crown|\n|poke|p1|Great Tusk|\n|poke|p2|Toucannon, F|\n|poke|p2|Kingambit, M|\n|poke|p2|Salazzle, F|\n|poke|p2|Great Tusk|\n|poke|p2|Enamorus-Therian, F|\n|poke|p2|Ogerpon-Wellspring, F|\n|teampreview\n|inactive|Battle timer is ON: inactive players will automatically lose when time's up. (requested by kilobyt3)\n|\n|t:|1783805918\n|teamsize|p1|6\n|teamsize|p2|6\n|start\n|switch|p1a: Iron Crown|Iron Crown|100/100\n|switch|p2a: Toucannon|Toucannon, F|100/100\n|turn|1\n|\n|t:|1783805931\n|move|p1a: Iron Crown|Psychic|p2a: Toucannon\n|-damage|p2a: Toucannon|18/100\n|move|p2a: Toucannon|Knock Off|p1a: Iron Crown\n|-supereffective|p1a: Iron Crown\n|-damage|p1a: Iron Crown|21/100\n|-enditem|p1a: Iron Crown|Choice Specs|[from] move: Knock Off|[of] p2a: Toucannon\n|\n|upkeep\n|turn|2\n|\n|t:|1783805941\n|switch|p2a: Kingambit|Kingambit, M|100/100\n|move|p1a: Iron Crown|Volt Switch|p2a: Kingambit\n|-damage|p2a: Kingambit|78/100\n|\n|t:|1783805956\n|-end|p1a: Iron Crown|Quark Drive|[silent]\n|switch|p1a: Landorus|Landorus-Therian, M|100/100|[from] Volt Switch\n|-ability|p1a: Landorus|Intimidate|boost\n|-unboost|p2a: Kingambit|atk|1\n|\n|-heal|p2a: Kingambit|84/100|[from] item: Leftovers\n|upkeep\n|turn|3\n|\n|t:|1783805966\n|-end|p2a: Kingambit|fallenundefined|[silent]\n|switch|p2a: Toucannon|Toucannon, F|18/100\n|move|p1a: Landorus|U-turn|p2a: Toucannon\n|-resisted|p2a: Toucannon\n|-crit|p2a: Toucannon\n|-damage|p2a: Toucannon|0 fnt\n|faint|p2a: Toucannon\n|\n|t:|1783805985\n|switch|p1a: Gholdengo|Gholdengo|100/100|[from] U-turn\n|\n|upkeep\n|\n|t:|1783805992\n|switch|p2a: Salazzle|Salazzle, F|100/100\n|turn|4\n|\n|t:|1783806005\n|move|p2a: Salazzle|Fire Blast|p1a: Gholdengo\n|-supereffective|p1a: Gholdengo\n|-damage|p1a: Gholdengo|0 fnt\n|faint|p1a: Gholdengo\n|\n|upkeep\n|\n|t:|1783806022\n|switch|p1a: Raging Bolt|Raging Bolt|100/100\n|turn|5\n|\n|t:|1783806029\n|move|p2a: Salazzle|Substitute|p2a: Salazzle\n|-start|p2a: Salazzle|Substitute\n|-damage|p2a: Salazzle|76/100\n|move|p1a: Raging Bolt|Draco Meteor|p2a: Salazzle\n|-end|p2a: Salazzle|Substitute\n|-unboost|p1a: Raging Bolt|spa|2\n|\n|upkeep\n|turn|6\n|\n|t:|1783806034\n|move|p2a: Salazzle|Substitute|p2a: Salazzle\n|-start|p2a: Salazzle|Substitute\n|-damage|p2a: Salazzle|51/100\n|move|p1a: Raging Bolt|Volt Switch|p2a: Salazzle\n|-end|p2a: Salazzle|Substitute\n|\n|t:|1783806043\n|-end|p1a: Raging Bolt|Protosynthesis|[silent]\n|switch|p1a: Great Tusk|Great Tusk|100/100|[from] Volt Switch\n|\n|upkeep\n|turn|7\n|\n|t:|1783806051\n|move|p2a: Salazzle|Fire Blast|p1a: Great Tusk\n|-damage|p1a: Great Tusk|17/100\n|move|p1a: Great Tusk|Rapid Spin|p2a: Salazzle\n|-damage|p2a: Salazzle|15/100\n|-boost|p1a: Great Tusk|spe|1\n|\n|upkeep\n|turn|8\n|\n|t:|1783806061\n|move|p1a: Great Tusk|Rapid Spin|p2a: Salazzle\n|-damage|p2a: Salazzle|0 fnt\n|-boost|p1a: Great Tusk|spe|1\n|faint|p2a: Salazzle\n|\n|upkeep\n|\n|t:|1783806065\n|switch|p2a: Ogerpon|Ogerpon-Wellspring, F|100/100\n|turn|9\n|\n|t:|1783806070\n|move|p1a: Great Tusk|Close Combat|p2a: Ogerpon\n|-damage|p2a: Ogerpon|25/100\n|-unboost|p1a: Great Tusk|def|1\n|-unboost|p1a: Great Tusk|spd|1\n|move|p2a: Ogerpon|Horn Leech|p1a: Great Tusk\n|-supereffective|p1a: Great Tusk\n|-damage|p1a: Great Tusk|0 fnt\n|-heal|p2a: Ogerpon|35/100|[from] drain|[of] p1a: Great Tusk\n|faint|p1a: Great Tusk\n|-end|p1a: Great Tusk|Protosynthesis|[silent]\n|\n|upkeep\n|\n|t:|1783806080\n|switch|p1a: Landorus|Landorus-Therian, M|100/100\n|-ability|p1a: Landorus|Intimidate|boost\n|-unboost|p2a: Ogerpon|atk|1\n|turn|10\n|\n|t:|1783806090\n|switch|p2a: Great Tusk|Great Tusk|100/100\n|move|p1a: Landorus|U-turn|p2a: Great Tusk\n|-resisted|p2a: Great Tusk\n|-damage|p2a: Great Tusk|93/100\n|-damage|p1a: Landorus|84/100|[from] item: Rocky Helmet|[of] p2a: Great Tusk\n|\n|t:|1783806096\n|switch|p1a: Iron Crown|Iron Crown|21/100|[from] U-turn\n|\n|upkeep\n|turn|11\n|\n|t:|1783806103\n|-end|p2a: Great Tusk|Protosynthesis|[silent]\n|switch|p2a: Kingambit|Kingambit, M|84/100\n|-activate|p2a: Kingambit|ability: Supreme Overlord\n|-start|p2a: Kingambit|fallen2|[silent]\n|move|p1a: Iron Crown|Psychic|p2a: Kingambit\n|-immune|p2a: Kingambit\n|\n|-heal|p2a: Kingambit|90/100|[from] item: Leftovers\n|upkeep\n|turn|12\n|\n|t:|1783806109\n|move|p1a: Iron Crown|Focus Blast|p2a: Kingambit\n|-supereffective|p2a: Kingambit\n|-damage|p2a: Kingambit|0 fnt\n|faint|p2a: Kingambit\n|-end|p2a: Kingambit|fallen2|[silent]\n|\n|upkeep\n|\n|t:|1783806114\n|switch|p2a: Ogerpon|Ogerpon-Wellspring, F|35/100\n|turn|13\n|\n|t:|1783806125\n|-end|p1a: Iron Crown|Quark Drive|[silent]\n|switch|p1a: Raging Bolt|Raging Bolt|100/100\n|move|p2a: Ogerpon|Ivy Cudgel|p1a: Raging Bolt|[anim] Ivy Cudgel Water\n|-resisted|p1a: Raging Bolt\n|-crit|p1a: Raging Bolt\n|-damage|p1a: Raging Bolt|63/100\n|\n|upkeep\n|turn|14\n|\n|t:|1783806142\n|move|p2a: Ogerpon|Play Rough|p1a: Raging Bolt\n|-supereffective|p1a: Raging Bolt\n|-damage|p1a: Raging Bolt|5/100\n|move|p1a: Raging Bolt|Volt Switch|p2a: Ogerpon\n|-damage|p2a: Ogerpon|0 fnt\n|faint|p2a: Ogerpon\n|\n|t:|1783806148\n|-end|p1a: Raging Bolt|Protosynthesis|[silent]\n|switch|p1a: Landorus|Landorus-Therian, M|84/100|[from] Volt Switch\n|\n|upkeep\n|\n|t:|1783806167\n|switch|p2a: Enamorus|Enamorus-Therian, F|100/100\n|turn|15\n|\n|t:|1783806170\n|move|p1a: Landorus|Sludge Bomb|p2a: Enamorus\n|-supereffective|p2a: Enamorus\n|-damage|p2a: Enamorus|11/100\n|-enditem|p2a: Enamorus|Weakness Policy\n|-boost|p2a: Enamorus|atk|2|[from] item: Weakness Policy\n|-boost|p2a: Enamorus|spa|2|[from] item: Weakness Policy\n|move|p2a: Enamorus|Agility|p2a: Enamorus\n|-boost|p2a: Enamorus|spe|2\n|\n|upkeep\n|turn|16\n|\n|t:|1783806197\n|switch|p1a: Iron Crown|Iron Crown|21/100\n|-terastallize|p2a: Enamorus|Ground\n|move|p2a: Enamorus|Moonblast|p1a: Iron Crown\n|-resisted|p1a: Iron Crown\n|-damage|p1a: Iron Crown|0 fnt\n|faint|p1a: Iron Crown\n|-end|p1a: Iron Crown|Quark Drive|[silent]\n|\n|upkeep\n|inactive|radiofrogguy has 120 seconds left.\n|\n|t:|1783806211\n|switch|p1a: Ting-Lu|Ting-Lu|100/100\n|-ability|p1a: Ting-Lu|Vessel of Ruin\n|turn|17\n|\n|t:|1783806222\n|move|p2a: Enamorus|Moonblast|p1a: Ting-Lu\n|-supereffective|p1a: Ting-Lu\n|-damage|p1a: Ting-Lu|0 fnt\n|faint|p1a: Ting-Lu\n|\n|upkeep\n|-message|radiofrogguy forfeited.\n|\n|win|kilobyt3\n|raw|radiofrogguy's rating: 1397 &rarr; <strong>1374</strong><br />(-23 for losing)\n|raw|kilobyt3's rating: 1344 &rarr; <strong>1367</strong><br />(+23 for winning)\n|l|☆radiofrogguy\n|player|p1|\n", "uploadtime": 1783806231, "views": 18, "formatid": "gen9ou", "rating": 1367, "private": 0, "password": null}