{"id": "gen9ou-2640034649", "format": "[Gen 9] OU", "players": ["WrenTheBurb", "KnuckleTesting"], "log": "|j|☆WrenTheBurb\n|j|☆KnuckleTesting\n|t:|1782567442\n|gametype|singles\n|player|p1|WrenTheBurb|blackbelt|1531\n|player|p2|KnuckleTesting|265|1560\n|gen|9\n|tier|[Gen 9] OU\n|rated|\n|rule|HP Percentage Mod: HP is shown in percentages\n|rule|Endless Battle Clause: Forcing endless battles is banned\n|rule|Species Clause: Limit one of each Pokémon\n|rule|OHKO Clause: OHKO moves are banned\n|rule|Evasion Items Clause: Evasion items are banned\n|rule|Evasion Moves Clause: Evasion moves are banned\n|rule|Evasion Abilities Clause: Evasion abilities are banned\n|rule|Sleep Moves Clause: Sleep-inducing moves are banned\n|clearpoke\n|poke|p1|Raging Bolt|\n|poke|p1|Ribombee, F|\n|poke|p1|Gholdengo|\n|poke|p1|Ogerpon-Cornerstone, F|\n|poke|p1|Great Tusk|\n|poke|p1|Ceruledge, M|\n|poke|p2|Darkrai|\n|poke|p2|Garchomp, F|\n|poke|p2|Alomomola, M|\n|poke|p2|Corviknight, F|\n|poke|p2|Weezing-Galar, F|\n|poke|p2|Ogerpon, F|\n|teampreview\n|inactive|Battle timer is ON: inactive players will automatically lose when time's up. (requested by KnuckleTesting)\n|\n|t:|1782567458\n|teamsize|p1|6\n|teamsize|p2|6\n|start\n|switch|p1a: Ribombee|Ribombee, F|100/100\n|switch|p2a: Alomomola|Alomomola, M|100/100\n|turn|1\n|\n|t:|1782567463\n|move|p1a: Ribombee|Sticky Web|p2a: Alomomola\n|-sidestart|p2: KnuckleTesting|move: Sticky Web\n|move|p2a: Alomomola|Body Slam|p1a: Ribombee\n|-crit|p1a: Ribombee\n|-damage|p1a: Ribombee|53/100\n|\n|upkeep\n|turn|2\n|\n|t:|1782567467\n|move|p1a: Ribombee|Stun Spore|p2a: Alomomola|[miss]\n|-miss|p1a: Ribombee|p2a: Alomomola\n|move|p2a: Alomomola|Flip Turn|p1a: Ribombee\n|-damage|p1a: Ribombee|21/100\n|\n|t:|1782567472\n|switch|p2a: Weezing|Weezing-Galar, F|100/100|[from] Flip Turn\n|-ability|p2a: Weezing|Neutralizing Gas\n|\n|upkeep\n|turn|3\n|\n|t:|1782567476\n|move|p1a: Ribombee|Stun Spore|p2a: Weezing|[miss]\n|-miss|p1a: Ribombee|p2a: Weezing\n|move|p2a: Weezing|Sludge Bomb|p1a: Ribombee\n|-supereffective|p1a: Ribombee\n|-damage|p1a: Ribombee|0 fnt\n|faint|p1a: Ribombee\n|\n|upkeep\n|\n|t:|1782567482\n|switch|p1a: Raging Bolt|Raging Bolt|100/100\n|turn|4\n|\n|t:|1782567488\n|move|p1a: Raging Bolt|Calm Mind|p1a: Raging Bolt\n|-boost|p1a: Raging Bolt|spa|1\n|-boost|p1a: Raging Bolt|spd|1\n|move|p2a: Weezing|Defog|p1a: Raging Bolt\n|-unboost|p1a: Raging Bolt|evasion|1\n|-sideend|p2: KnuckleTesting|Sticky Web|[from] move: Defog|[of] p2a: Weezing\n|\n|upkeep\n|turn|5\n|\n|t:|1782567492\n|-end|p2a: Weezing|ability: Neutralizing Gas\n|switch|p2a: Garchomp|Garchomp, F|100/100\n|-enditem|p1a: Raging Bolt|Booster Energy\n|-activate|p1a: Raging Bolt|ability: Protosynthesis|[fromitem]\n|-start|p1a: Raging Bolt|protosynthesisspa\n|move|p1a: Raging Bolt|Thunderbolt|p2a: Garchomp\n|-immune|p2a: Garchomp\n|\n|upkeep\n|turn|6\n|\n|t:|1782567505\n|move|p2a: Garchomp|Spikes|p1a: Raging Bolt\n|-sidestart|p1: WrenTheBurb|Spikes\n|move|p1a: Raging Bolt|Dragon Pulse|p2a: Garchomp\n|-supereffective|p2a: Garchomp\n|-damage|p2a: Garchomp|0 fnt\n|faint|p2a: Garchomp\n|\n|upkeep\n|\n|t:|1782567513\n|switch|p2a: Alomomola|Alomomola, M|100/100\n|turn|7\n|\n|t:|1782567516\n|-terastallize|p2a: Alomomola|Normal\n|move|p1a: Raging Bolt|Thunderbolt|p2a: Alomomola\n|-damage|p2a: Alomomola|51/100\n|move|p2a: Alomomola|Mirror Coat|p1a: Raging Bolt\n|-damage|p1a: Raging Bolt|0 fnt\n|faint|p1a: Raging Bolt\n|-end|p1a: Raging Bolt|Protosynthesis|[silent]\n|\n|upkeep\n|\n|t:|1782567523\n|switch|p1a: Great Tusk|Great Tusk, shiny|100/100\n|-damage|p1a: Great Tusk|88/100|[from] Spikes\n|-enditem|p1a: Great Tusk|Booster Energy\n|-activate|p1a: Great Tusk|ability: Protosynthesis|[fromitem]\n|-start|p1a: Great Tusk|protosynthesisatk\n|turn|8\n|\n|t:|1782567527\n|move|p1a: Great Tusk|Rapid Spin|p2a: Alomomola\n|-damage|p2a: Alomomola|34/100\n|-boost|p1a: Great Tusk|spe|1\n|-sideend|p1: WrenTheBurb|Spikes|[from] move: Rapid Spin|[of] p1a: Great Tusk\n|move|p2a: Alomomola|Flip Turn|p1a: Great Tusk\n|-supereffective|p1a: Great Tusk\n|-damage|p1a: Great Tusk|64/100\n|\n|t:|1782567532\n|switch|p2a: Corviknight|Corviknight, F|100/100|[from] Flip Turn\n|-ability|p2a: Corviknight|Pressure\n|\n|upkeep\n|turn|9\n|\n|t:|1782567542\n|-end|p1a: Great Tusk|Protosynthesis|[silent]\n|switch|p1a: Gholdengo|Gholdengo|100/100\n|-item|p1a: Gholdengo|Air Balloon\n|move|p2a: Corviknight|Brave Bird|p1a: Gholdengo\n|-resisted|p1a: Gholdengo\n|-damage|p1a: Gholdengo|80/100\n|-enditem|p1a: Gholdengo|Air Balloon\n|-damage|p2a: Corviknight|95/100|[from] Recoil\n|\n|-heal|p2a: Corviknight|100/100|[from] item: Leftovers\n|upkeep\n|turn|10\n|\n|t:|1782567546\n|switch|p2a: Alomomola|Alomomola, M, tera:Normal|68/100\n|move|p1a: Gholdengo|Nasty Plot|p1a: Gholdengo\n|-boost|p1a: Gholdengo|spa|2\n|\n|upkeep\n|turn|11\n|\n|t:|1782567551\n|move|p1a: Gholdengo|Nasty Plot|p1a: Gholdengo\n|-boost|p1a: Gholdengo|spa|2\n|move|p2a: Alomomola|Mirror Coat||[still]\n|-fail|p2a: Alomomola\n|\n|upkeep\n|turn|12\n|\n|t:|1782567555\n|move|p1a: Gholdengo|Nasty Plot|p1a: Gholdengo\n|-boost|p1a: Gholdengo|spa|2\n|move|p2a: Alomomola|Flip Turn|p1a: Gholdengo\n|-damage|p1a: Gholdengo|63/100\n|\n|t:|1782567557\n|switch|p2a: Ogerpon|Ogerpon, F|100/100|[from] Flip Turn\n|\n|upkeep\n|turn|13\n|\n|t:|1782567561\n|move|p2a: Ogerpon|Encore|p1a: Gholdengo\n|-immune|p1a: Gholdengo|[from] ability: Good as Gold\n|move|p1a: Gholdengo|Shadow Ball|p2a: Ogerpon\n|-damage|p2a: Ogerpon|0 fnt\n|faint|p2a: Ogerpon\n|\n|upkeep\n|\n|t:|1782567567\n|switch|p2a: Darkrai|Darkrai|100/100\n|turn|14\n|\n|t:|1782567569\n|-terastallize|p1a: Gholdengo|Fairy\n|move|p2a: Darkrai|Dark Pulse|p1a: Gholdengo\n|-resisted|p1a: Gholdengo\n|-damage|p1a: Gholdengo|29/100\n|move|p1a: Gholdengo|Dazzling Gleam|p2a: Darkrai\n|-supereffective|p2a: Darkrai\n|-damage|p2a: Darkrai|0 fnt\n|faint|p2a: Darkrai\n|\n|upkeep\n|\n|t:|1782567572\n|switch|p2a: Alomomola|Alomomola, M, tera:Normal|100/100\n|turn|15\n|\n|t:|1782567576\n|move|p1a: Gholdengo|Psyshock|p2a: Alomomola\n|-damage|p2a: Alomomola|19/100\n|move|p2a: Alomomola|Mirror Coat|p1a: Gholdengo\n|-damage|p1a: Gholdengo|0 fnt\n|faint|p1a: Gholdengo\n|\n|upkeep\n|\n|t:|1782567581\n|switch|p1a: Ceruledge|Ceruledge, M, shiny|100/100\n|turn|16\n|\n|t:|1782567588\n|move|p1a: Ceruledge|Close Combat|p2a: Alomomola\n|-supereffective|p2a: Alomomola\n|-crit|p2a: Alomomola\n|-damage|p2a: Alomomola|0 fnt\n|-unboost|p1a: Ceruledge|def|1\n|-unboost|p1a: Ceruledge|spd|1\n|faint|p2a: Alomomola\n|\n|upkeep\n|\n|t:|1782567591\n|switch|p2a: Weezing|Weezing-Galar, F|100/100\n|-ability|p2a: Weezing|Neutralizing Gas\n|turn|17\n|\n|t:|1782567596\n|switch|p1a: Great Tusk|Great Tusk, shiny|64/100\n|move|p2a: Weezing|Sludge Bomb|p1a: Great Tusk\n|-resisted|p1a: Great Tusk\n|-damage|p1a: Great Tusk|43/100\n|\n|upkeep\n|turn|18\n|\n|t:|1782567602\n|-end|p2a: Weezing|ability: Neutralizing Gas\n|switch|p2a: Corviknight|Corviknight, F|100/100\n|-ability|p2a: Corviknight|Pressure\n|move|p1a: Great Tusk|Close Combat|p2a: Corviknight\n|-damage|p2a: Corviknight|45/100\n|-unboost|p1a: Great Tusk|def|1\n|-unboost|p1a: Great Tusk|spd|1\n|\n|-heal|p2a: Corviknight|52/100|[from] item: Leftovers\n|upkeep\n|turn|19\n|\n|t:|1782567606\n|move|p1a: Great Tusk|Close Combat|p2a: Corviknight\n|-damage|p2a: Corviknight|0 fnt\n|-unboost|p1a: Great Tusk|def|1\n|-unboost|p1a: Great Tusk|spd|1\n|faint|p2a: Corviknight\n|\n|upkeep\n|-message|KnuckleTesting forfeited.\n|\n|win|WrenTheBurb\n|raw|WrenTheBurb's rating: 1531 &rarr; <strong>1553</strong><br />(+22 for winning)\n|raw|KnuckleTesting's rating: 1560 &rarr; <strong>1538</strong><br />(-22 for losing)\n|l|☆KnuckleTesting\n|player|p2|\n|l|☆WrenTheBurb\n|player|p1|\n", "uploadtime": 1782567845, "views": 4, "formatid": "gen9ou", "rating": 1538, "private": 0, "password": null}