{"id": "gen9ou-2639184779", "format": "[Gen 9] OU", "players": ["SrCinccino", "icetypes02613"], "log": "|j|☆SrCinccino\n|j|☆icetypes02613\n|t:|1782430872\n|gametype|singles\n|player|p1|SrCinccino|kieran|1342\n|player|p2|icetypes02613|lorelei-gen3|1312\n|gen|9\n|tier|[Gen 9] OU\n|rated|\n|rule|HP Percentage Mod: HP is shown in percentages\n|rule|Endless Battle Clause: Forcing endless battles is banned\n|rule|Species Clause: Limit one of each Pokémon\n|rule|OHKO Clause: OHKO moves are banned\n|rule|Evasion Items Clause: Evasion items are banned\n|rule|Evasion Moves Clause: Evasion moves are banned\n|rule|Evasion Abilities Clause: Evasion abilities are banned\n|rule|Sleep Moves Clause: Sleep-inducing moves are banned\n|clearpoke\n|poke|p1|Ribombee, M|\n|poke|p1|Cinccino, M|\n|poke|p1|Mimikyu, F|\n|poke|p1|Hydrapple, F|\n|poke|p1|Greninja-*, M|\n|poke|p1|Tinkaton, F|\n|poke|p2|Landorus-Therian, M|\n|poke|p2|Keldeo-Resolute|\n|poke|p2|Excadrill, F|\n|poke|p2|Serperior, F|\n|poke|p2|Hydreigon, M|\n|poke|p2|Thundurus-Therian, M|\n|teampreview\n|\n|t:|1782430887\n|teamsize|p1|6\n|teamsize|p2|6\n|start\n|switch|p1a: Ribombee|Ribombee, M, shiny|100/100\n|switch|p2a: Excadrill|Excadrill, F|100/100\n|-ability|p2a: Excadrill|Mold Breaker\n|turn|1\n|\n|t:|1782430894\n|switch|p1a: Hydrapple|Hydrapple, F|100/100\n|move|p2a: Excadrill|Rock Slide|p1a: Hydrapple\n|-damage|p1a: Hydrapple|83/100\n|\n|-heal|p1a: Hydrapple|90/100|[from] item: Leftovers\n|upkeep\n|turn|2\n|\n|t:|1782430904\n|switch|p2a: Landorus|Landorus-Therian, M|100/100\n|-ability|p2a: Landorus|Intimidate|boost\n|-unboost|p1a: Hydrapple|atk|1\n|move|p1a: Hydrapple|Giga Drain|p2a: Landorus\n|-damage|p2a: Landorus|62/100\n|-heal|p1a: Hydrapple|100/100|[from] drain|[of] p2a: Landorus\n|\n|upkeep\n|turn|3\n|\n|t:|1782430909\n|move|p2a: Landorus|U-turn|p1a: Hydrapple\n|-supereffective|p1a: Hydrapple\n|-damage|p1a: Hydrapple|70/100\n|\n|t:|1782430917\n|switch|p2a: Excadrill|Excadrill, F|100/100|[from] U-turn\n|-ability|p2a: Excadrill|Mold Breaker\n|move|p1a: Hydrapple|Draco Meteor|p2a: Excadrill\n|-resisted|p2a: Excadrill\n|-damage|p2a: Excadrill|68/100\n|-unboost|p1a: Hydrapple|spa|2\n|\n|-heal|p1a: Hydrapple|76/100|[from] item: Leftovers\n|upkeep\n|turn|4\n|\n|t:|1782430925\n|switch|p2a: Landorus|Landorus-Therian, M|62/100\n|-ability|p2a: Landorus|Intimidate|boost\n|-unboost|p1a: Hydrapple|atk|1\n|move|p1a: Hydrapple|Earth Power|p2a: Landorus\n|-immune|p2a: Landorus\n|\n|-heal|p1a: Hydrapple|83/100|[from] item: Leftovers\n|upkeep\n|turn|5\n|\n|t:|1782430934\n|move|p2a: Landorus|U-turn|p1a: Hydrapple\n|-supereffective|p1a: Hydrapple\n|-crit|p1a: Hydrapple\n|-damage|p1a: Hydrapple|36/100\n|inactive|Battle timer is ON: inactive players will automatically lose when time's up. (requested by SrCinccino)\n|\n|t:|1782430954\n|switch|p2a: Excadrill|Excadrill, F|68/100|[from] U-turn\n|-ability|p2a: Excadrill|Mold Breaker\n|move|p1a: Hydrapple|Earth Power|p2a: Excadrill\n|-supereffective|p2a: Excadrill\n|-damage|p2a: Excadrill|34/100\n|\n|-heal|p1a: Hydrapple|42/100|[from] item: Leftovers\n|upkeep\n|turn|6\n|\n|t:|1782430970\n|switch|p2a: Landorus|Landorus-Therian, M|62/100\n|-ability|p2a: Landorus|Intimidate|boost\n|-unboost|p1a: Hydrapple|atk|1\n|switch|p1a: Tinkaton|Tinkaton, F|100/100\n|-item|p1a: Tinkaton|Air Balloon\n|\n|upkeep\n|turn|7\n|\n|t:|1782430977\n|move|p2a: Landorus|U-turn|p1a: Tinkaton\n|-resisted|p1a: Tinkaton\n|-damage|p1a: Tinkaton|94/100\n|-enditem|p1a: Tinkaton|Air Balloon\n|-enditem|p2a: Landorus|Choice Scarf|[silent]|[from] ability: Pickpocket|[of] p2a: Landorus\n|-item|p1a: Tinkaton|Choice Scarf|[from] ability: Pickpocket|[of] p2a: Landorus\n|\n|t:|1782430980\n|switch|p2a: Excadrill|Excadrill, F|34/100|[from] U-turn\n|-ability|p2a: Excadrill|Mold Breaker\n|move|p1a: Tinkaton|Gigaton Hammer|p2a: Excadrill\n|-resisted|p2a: Excadrill\n|-damage|p2a: Excadrill|3/100\n|-enditem|p2a: Excadrill|Salac Berry|[eat]\n|-boost|p2a: Excadrill|spe|1|[from] item: Salac Berry\n|\n|upkeep\n|turn|8\n|\n|t:|1782430984\n|move|p2a: Excadrill|Earthquake|p1a: Tinkaton\n|-supereffective|p1a: Tinkaton\n|-damage|p1a: Tinkaton|0 fnt\n|faint|p1a: Tinkaton\n|\n|upkeep\n|\n|t:|1782430993\n|switch|p1a: Mimikyu|Mimikyu, F, shiny|100/100\n|turn|9\n|\n|t:|1782430996\n|move|p1a: Mimikyu|Shadow Sneak|p2a: Excadrill\n|-damage|p2a: Excadrill|0 fnt\n|faint|p2a: Excadrill\n|\n|upkeep\n|\n|t:|1782430999\n|switch|p2a: Landorus|Landorus-Therian, M|62/100\n|-ability|p2a: Landorus|Intimidate|boost\n|-unboost|p1a: Mimikyu|atk|1\n|turn|10\n|\n|t:|1782431003\n|switch|p1a: Hydrapple|Hydrapple, F|75/100\n|move|p2a: Landorus|U-turn|p1a: Hydrapple\n|-supereffective|p1a: Hydrapple\n|-damage|p1a: Hydrapple|44/100\n|\n|t:|1782431008\n|switch|p2a: Hydreigon|Hydreigon, M|100/100|[from] U-turn\n|\n|-heal|p1a: Hydrapple|50/100|[from] item: Leftovers\n|upkeep\n|turn|11\n|\n|t:|1782431012\n|switch|p1a: Ribombee|Ribombee, M, shiny|100/100\n|move|p2a: Hydreigon|Draco Meteor|p1a: Ribombee\n|-immune|p1a: Ribombee\n|\n|upkeep\n|turn|12\n|\n|t:|1782431017\n|move|p1a: Ribombee|Quiver Dance|p1a: Ribombee\n|-boost|p1a: Ribombee|spa|1\n|-boost|p1a: Ribombee|spd|1\n|-boost|p1a: Ribombee|spe|1\n|move|p2a: Hydreigon|Flamethrower|p1a: Ribombee\n|-supereffective|p1a: Ribombee\n|-damage|p1a: Ribombee|25/100\n|\n|upkeep\n|turn|13\n|\n|t:|1782431022\n|-terastallize|p2a: Hydreigon|Poison\n|move|p1a: Ribombee|Moonblast|p2a: Hydreigon\n|-resisted|p2a: Hydreigon\n|-damage|p2a: Hydreigon|65/100\n|move|p2a: Hydreigon|Flamethrower|p1a: Ribombee\n|-supereffective|p1a: Ribombee\n|-damage|p1a: Ribombee|0 fnt\n|faint|p1a: Ribombee\n|\n|upkeep\n|\n|t:|1782431041\n|switch|p1a: Cinccino|Cinccino, M|100/100\n|turn|14\n|\n|t:|1782431048\n|switch|p2a: Keldeo|Keldeo-Resolute|100/100\n|move|p1a: Cinccino|Tail Slap|p2a: Keldeo\n|-crit|p2a: Keldeo\n|-damage|p2a: Keldeo|68/100\n|-damage|p2a: Keldeo|47/100\n|-damage|p2a: Keldeo|26/100\n|-damage|p2a: Keldeo|7/100\n|-damage|p2a: Keldeo|0 fnt\n|faint|p2a: Keldeo\n|-hitcount|p2: Keldeo|5\n|\n|upkeep\n|\n|t:|1782431057\n|switch|p2a: Landorus|Landorus-Therian, M|62/100\n|-ability|p2a: Landorus|Intimidate|boost\n|-unboost|p1a: Cinccino|atk|1\n|turn|15\n|\n|t:|1782431065\n|switch|p1a: Hydrapple|Hydrapple, F|84/100\n|move|p2a: Landorus|U-turn|p1a: Hydrapple\n|-supereffective|p1a: Hydrapple\n|-damage|p1a: Hydrapple|51/100\n|\n|t:|1782431070\n|switch|p2a: Hydreigon|Hydreigon, M, tera:Poison|65/100|[from] U-turn\n|\n|-heal|p1a: Hydrapple|58/100|[from] item: Leftovers\n|upkeep\n|turn|16\n|\n|t:|1782431083\n|switch|p1a: Mimikyu|Mimikyu, F, shiny|100/100\n|move|p2a: Hydreigon|Draco Meteor|p1a: Mimikyu\n|-immune|p1a: Mimikyu\n|\n|upkeep\n|turn|17\n|\n|t:|1782431092\n|switch|p2a: Landorus|Landorus-Therian, M|62/100\n|-ability|p2a: Landorus|Intimidate|boost\n|-unboost|p1a: Mimikyu|atk|1\n|move|p1a: Mimikyu|Swords Dance|p1a: Mimikyu\n|-boost|p1a: Mimikyu|atk|2\n|\n|upkeep\n|turn|18\n|\n|t:|1782431097\n|move|p1a: Mimikyu|Play Rough|p2a: Landorus\n|-damage|p2a: Landorus|0 fnt\n|faint|p2a: Landorus\n|\n|upkeep\n|inactive|icetypes02613 has 120 seconds left.\n|\n|t:|1782431147\n|switch|p2a: Thundurus|Thundurus-Therian, M|100/100\n|turn|19\n|\n|t:|1782431155\n|move|p2a: Thundurus|Volt Switch|p1a: Mimikyu\n|-activate|p1a: Mimikyu|ability: Disguise\n|-damage|p1a: Mimikyu|100/100\n|detailschange|p1a: Mimikyu|Mimikyu-Busted, F, shiny\n|-damage|p1a: Mimikyu|88/100|[from] pokemon: Mimikyu-Busted\n|\n|t:|1782431171\n|switch|p2a: Hydreigon|Hydreigon, M, tera:Poison|65/100|[from] Volt Switch\n|move|p1a: Mimikyu|Play Rough|p2a: Hydreigon\n|-resisted|p2a: Hydreigon\n|-damage|p2a: Hydreigon|33/100\n|\n|-heal|p1a: Mimikyu|94/100|[from] item: Leftovers\n|upkeep\n|turn|20\n|\n|t:|1782431181\n|switch|p2a: Thundurus|Thundurus-Therian, M|100/100\n|move|p1a: Mimikyu|Play Rough|p2a: Thundurus|[miss]\n|-miss|p1a: Mimikyu|p2a: Thundurus\n|\n|-heal|p1a: Mimikyu|99/100|[from] item: Leftovers\n|upkeep\n|turn|21\n|\n|t:|1782431188\n|move|p2a: Thundurus|Thunderbolt|p1a: Mimikyu\n|-damage|p1a: Mimikyu|30/100\n|move|p1a: Mimikyu|Play Rough|p2a: Thundurus|[miss]\n|-miss|p1a: Mimikyu|p2a: Thundurus\n|\n|-heal|p1a: Mimikyu|36/100|[from] item: Leftovers\n|upkeep\n|turn|22\n|\n|t:|1782431191\n|switch|p1a: Hydrapple|Hydrapple, F|91/100\n|move|p2a: Thundurus|Thunderbolt|p1a: Hydrapple\n|-resisted|p1a: Hydrapple\n|-damage|p1a: Hydrapple|79/100\n|\n|-heal|p1a: Hydrapple|86/100|[from] item: Leftovers\n|upkeep\n|turn|23\n|\n|t:|1782431200\n|move|p2a: Thundurus|Dark Pulse|p1a: Hydrapple\n|-damage|p1a: Hydrapple|55/100\n|move|p1a: Hydrapple|Draco Meteor|p2a: Thundurus\n|-damage|p2a: Thundurus|28/100\n|-unboost|p1a: Hydrapple|spa|2\n|\n|-heal|p1a: Hydrapple|61/100|[from] item: Leftovers\n|upkeep\n|turn|24\n|\n|t:|1782431207\n|switch|p1a: Mimikyu|Mimikyu-Busted, F, shiny|36/100\n|move|p2a: Thundurus|Dark Pulse|p1a: Mimikyu\n|-damage|p1a: Mimikyu|0 fnt\n|faint|p1a: Mimikyu\n|\n|upkeep\n|\n|t:|1782431212\n|switch|p1a: Greninja|Greninja, M|100/100\n|turn|25\n|\n|t:|1782431217\n|move|p1a: Greninja|Ice Beam|p2a: Thundurus\n|-supereffective|p2a: Thundurus\n|-damage|p2a: Thundurus|0 fnt\n|faint|p2a: Thundurus\n|-ability|p1a: Greninja|Battle Bond|boost\n|-boost|p1a: Greninja|atk|1\n|-boost|p1a: Greninja|spa|1\n|-boost|p1a: Greninja|spe|1\n|-activate|p1a: Greninja|ability: Battle Bond\n|-damage|p1a: Greninja|91/100|[from] item: Life Orb\n|\n|upkeep\n|\n|t:|1782431222\n|switch|p2a: Serperior|Serperior, F|100/100\n|turn|26\n|\n|t:|1782431229\n|move|p1a: Greninja|Sludge Wave|p2a: Serperior\n|-supereffective|p2a: Serperior\n|-enditem|p2a: Serperior|Focus Sash\n|-damage|p2a: Serperior|1/100\n|-damage|p1a: Greninja|81/100|[from] item: Life Orb\n|move|p2a: Serperior|Giga Drain|p1a: Greninja\n|-supereffective|p1a: Greninja\n|-damage|p1a: Greninja|0 fnt\n|-heal|p2a: Serperior|40/100|[from] drain|[of] p1a: Greninja\n|faint|p1a: Greninja\n|\n|upkeep\n|\n|t:|1782431238\n|switch|p1a: Hydrapple|Hydrapple, F|94/100\n|turn|27\n|\n|t:|1782431241\n|move|p2a: Serperior|Synthesis|p2a: Serperior\n|-heal|p2a: Serperior|90/100\n|move|p1a: Hydrapple|Draco Meteor|p2a: Serperior\n|-damage|p2a: Serperior|28/100\n|-unboost|p1a: Hydrapple|spa|2\n|\n|-heal|p1a: Hydrapple|99/100|[from] item: Leftovers\n|upkeep\n|turn|28\n|\n|t:|1782431249\n|switch|p1a: Cinccino|Cinccino, M|100/100\n|move|p2a: Serperior|Synthesis|p2a: Serperior\n|-heal|p2a: Serperior|78/100\n|\n|upkeep\n|turn|29\n|\n|t:|1782431258\n|move|p2a: Serperior|Leaf Storm|p1a: Cinccino\n|-crit|p1a: Cinccino\n|-damage|p1a: Cinccino|0 fnt\n|-boost|p2a: Serperior|spa|2\n|faint|p1a: Cinccino\n|\n|upkeep\n|\n|t:|1782431260\n|switch|p1a: Hydrapple|Hydrapple, F|100/100\n|turn|30\n|\n|t:|1782431263\n|move|p2a: Serperior|Dragon Pulse|p1a: Hydrapple\n|-supereffective|p1a: Hydrapple\n|-damage|p1a: Hydrapple|16/100\n|move|p1a: Hydrapple|Nasty Plot|p1a: Hydrapple\n|-boost|p1a: Hydrapple|spa|2\n|\n|-heal|p1a: Hydrapple|23/100|[from] item: Leftovers\n|upkeep\n|turn|31\n|\n|t:|1782431268\n|-terastallize|p1a: Hydrapple|Steel\n|move|p2a: Serperior|Dragon Pulse|p1a: Hydrapple\n|-resisted|p1a: Hydrapple\n|-damage|p1a: Hydrapple|3/100\n|move|p1a: Hydrapple|Draco Meteor|p2a: Serperior\n|-damage|p2a: Serperior|0 fnt\n|-unboost|p1a: Hydrapple|spa|2\n|faint|p2a: Serperior\n|\n|-heal|p1a: Hydrapple|9/100|[from] item: Leftovers\n|upkeep\n|\n|t:|1782431271\n|switch|p2a: Hydreigon|Hydreigon, M, tera:Poison|33/100\n|turn|32\n|c|☆SrCinccino|That crit was crazy\n|\n|t:|1782431279\n|move|p2a: Hydreigon|Flamethrower|p1a: Hydrapple\n|-supereffective|p1a: Hydrapple\n|-damage|p1a: Hydrapple|0 fnt\n|faint|p1a: Hydrapple\n|\n|win|icetypes02613\n|raw|SrCinccino's rating: 1342 &rarr; <strong>1320</strong><br />(-22 for losing)\n|raw|icetypes02613's rating: 1312 &rarr; <strong>1334</strong><br />(+22 for winning)\n|c|☆icetypes02613|yea sorry\n|l|☆SrCinccino\n|player|p1|\n|c|☆icetypes02613|ggs wp tho\n", "uploadtime": 1782431292, "views": 14, "formatid": "gen9ou", "rating": 1320, "private": 0, "password": null}