{"id": "gen9ou-2639298597", "format": "[Gen 9] OU", "players": ["natsunoyutsu", "Kulrit"], "log": "|j|☆natsunoyutsu\n|j|☆Kulrit\n|t:|1782448337\n|gametype|singles\n|player|p1|natsunoyutsu|youngster-gen4dp|1313\n|player|p2|Kulrit|170|1239\n|gen|9\n|tier|[Gen 9] OU\n|rated|\n|rule|HP Percentage Mod: HP is shown in percentages\n|rule|Endless Battle Clause: Forcing endless battles is banned\n|rule|Species Clause: Limit one of each Pokémon\n|rule|OHKO Clause: OHKO moves are banned\n|rule|Evasion Items Clause: Evasion items are banned\n|rule|Evasion Moves Clause: Evasion moves are banned\n|rule|Evasion Abilities Clause: Evasion abilities are banned\n|rule|Sleep Moves Clause: Sleep-inducing moves are banned\n|clearpoke\n|poke|p1|Dragapult, M|\n|poke|p1|Darkrai|\n|poke|p1|Great Tusk|\n|poke|p1|Slowking-Galar, M|\n|poke|p1|Iron Valiant|\n|poke|p1|Clefable, M|\n|poke|p2|Excadrill, F|\n|poke|p2|Pecharunt|\n|poke|p2|Entei|\n|poke|p2|Zapdos-Galar|\n|poke|p2|Ogerpon-Wellspring, F|\n|poke|p2|Manaphy|\n|teampreview\n|inactive|Battle timer is ON: inactive players will automatically lose when time's up. (requested by natsunoyutsu)\n|\n|t:|1782448348\n|teamsize|p1|6\n|teamsize|p2|6\n|start\n|switch|p1a: Dragapult|Dragapult, M|100/100\n|switch|p2a: Zapdos|Zapdos-Galar|100/100\n|turn|1\n|\n|t:|1782448363\n|switch|p2a: Entei|Entei|100/100\n|-ability|p2a: Entei|Pressure\n|move|p1a: Dragapult|Draco Meteor|p2a: Entei\n|-damage|p2a: Entei|0 fnt\n|-unboost|p1a: Dragapult|spa|2\n|faint|p2a: Entei\n|\n|upkeep\n|\n|t:|1782448374\n|switch|p2a: Manaphy|Manaphy|100/100\n|turn|2\n|\n|t:|1782448381\n|switch|p1a: Slowking|Slowking-Galar, M|100/100\n|move|p2a: Manaphy|Tail Glow|p2a: Manaphy\n|-boost|p2a: Manaphy|spa|3\n|\n|upkeep\n|turn|3\n|\n|t:|1782448391\n|move|p2a: Manaphy|Scald|p1a: Slowking\n|-damage|p1a: Slowking|51/100\n|move|p1a: Slowking|Sludge Bomb|p2a: Manaphy\n|-crit|p2a: Manaphy\n|-damage|p2a: Manaphy|50/100\n|\n|-heal|p2a: Manaphy|56/100|[from] item: Leftovers\n|-heal|p1a: Slowking|57/100|[from] item: Black Sludge\n|upkeep\n|turn|4\n|\n|t:|1782448402\n|move|p2a: Manaphy|Tail Glow|p2a: Manaphy\n|-boost|p2a: Manaphy|spa|3\n|-prepare|p1a: Slowking|Chilly Reception|[premajor]\n|move|p1a: Slowking|Chilly Reception|p1a: Slowking\n|-weather|Snowscape\n|\n|t:|1782448410\n|switch|p1a: Iron Valiant|Iron Valiant|100/100|[from] Chilly Reception\n|-enditem|p1a: Iron Valiant|Booster Energy\n|-activate|p1a: Iron Valiant|ability: Quark Drive|[fromitem]\n|-start|p1a: Iron Valiant|quarkdrivespe\n|\n|-weather|Snowscape|[upkeep]\n|-heal|p2a: Manaphy|62/100|[from] item: Leftovers\n|upkeep\n|turn|5\n|\n|t:|1782448419\n|move|p1a: Iron Valiant|Encore|p2a: Manaphy\n|-start|p2a: Manaphy|Encore\n|move|p2a: Manaphy|Tail Glow|p2a: Manaphy\n|-boost|p2a: Manaphy|spa|0\n|\n|-weather|Snowscape|[upkeep]\n|-heal|p2a: Manaphy|69/100|[from] item: Leftovers\n|upkeep\n|turn|6\n|\n|t:|1782448428\n|switch|p2a: Pecharunt|Pecharunt|100/100\n|move|p1a: Iron Valiant|Moonblast|p2a: Pecharunt\n|-resisted|p2a: Pecharunt\n|-damage|p2a: Pecharunt|84/100\n|-unboost|p2a: Pecharunt|spa|1\n|\n|-weather|Snowscape|[upkeep]\n|upkeep\n|turn|7\n|\n|t:|1782448440\n|-terastallize|p1a: Iron Valiant|Poison\n|move|p1a: Iron Valiant|Psychic|p2a: Pecharunt\n|-supereffective|p2a: Pecharunt\n|-damage|p2a: Pecharunt|46/100\n|move|p2a: Pecharunt|Parting Shot|p1a: Iron Valiant\n|-unboost|p1a: Iron Valiant|atk|1\n|-unboost|p1a: Iron Valiant|spa|1\n|\n|t:|1782448451\n|switch|p2a: Ogerpon|Ogerpon-Wellspring, F|100/100|[from] Parting Shot\n|\n|-weather|Snowscape|[upkeep]\n|upkeep\n|turn|8\n|\n|t:|1782448460\n|-end|p1a: Iron Valiant|Quark Drive|[silent]\n|switch|p1a: Dragapult|Dragapult, M|100/100\n|move|p2a: Ogerpon|Ivy Cudgel|p1a: Dragapult|[anim] Ivy Cudgel Water\n|-resisted|p1a: Dragapult\n|-damage|p1a: Dragapult|55/100\n|\n|-weather|none\n|upkeep\n|turn|9\n|inactive|natsunoyutsu has 120 seconds left.\n|inactive|natsunoyutsu has 90 seconds left.\n|\n|t:|1782448525\n|switch|p2a: Manaphy|Manaphy|69/100\n|move|p1a: Dragapult|Draco Meteor|p2a: Manaphy|[miss]\n|-miss|p1a: Dragapult|p2a: Manaphy\n|\n|-heal|p2a: Manaphy|75/100|[from] item: Leftovers\n|upkeep\n|turn|10\n|\n|t:|1782448534\n|move|p1a: Dragapult|Draco Meteor|p2a: Manaphy\n|-damage|p2a: Manaphy|0 fnt\n|-unboost|p1a: Dragapult|spa|2\n|faint|p2a: Manaphy\n|\n|upkeep\n|\n|t:|1782448549\n|switch|p2a: Pecharunt|Pecharunt|46/100\n|turn|11\n|\n|t:|1782448559\n|move|p1a: Dragapult|Draco Meteor|p2a: Pecharunt\n|-damage|p2a: Pecharunt|15/100\n|-unboost|p1a: Dragapult|spa|2\n|move|p2a: Pecharunt|Recover|p2a: Pecharunt\n|-heal|p2a: Pecharunt|65/100\n|\n|upkeep\n|turn|12\n|\n|t:|1782448571\n|switch|p1a: Slowking|Slowking-Galar, M|90/100\n|move|p2a: Pecharunt|Parting Shot|p1a: Slowking\n|-unboost|p1a: Slowking|atk|1\n|-unboost|p1a: Slowking|spa|1\n|\n|t:|1782448577\n|switch|p2a: Excadrill|Excadrill, F|100/100|[from] Parting Shot\n|-ability|p2a: Excadrill|Mold Breaker\n|\n|-heal|p1a: Slowking|96/100|[from] item: Black Sludge\n|upkeep\n|turn|13\n|\n|t:|1782448589\n|switch|p1a: Great Tusk|Great Tusk|100/100\n|-enditem|p1a: Great Tusk|Booster Energy\n|-activate|p1a: Great Tusk|ability: Protosynthesis|[fromitem]\n|-start|p1a: Great Tusk|protosynthesisatk\n|move|p2a: Excadrill|Earthquake|p1a: Great Tusk\n|-damage|p1a: Great Tusk|62/100\n|\n|upkeep\n|turn|14\n|\n|t:|1782448599\n|switch|p2a: Pecharunt|Pecharunt|65/100\n|move|p1a: Great Tusk|Rapid Spin|p2a: Pecharunt\n|-immune|p2a: Pecharunt\n|\n|upkeep\n|turn|15\n|\n|t:|1782448606\n|switch|p2a: Zapdos|Zapdos-Galar|100/100\n|move|p1a: Great Tusk|Headlong Rush|p2a: Zapdos\n|-immune|p2a: Zapdos\n|\n|upkeep\n|turn|16\n|inactive|natsunoyutsu has 120 seconds left.\n|\n|t:|1782448617\n|-terastallize|p2a: Zapdos|Flying\n|move|p2a: Zapdos|Brave Bird|p1a: Great Tusk\n|-supereffective|p1a: Great Tusk\n|-damage|p1a: Great Tusk|0 fnt\n|faint|p1a: Great Tusk\n|-end|p1a: Great Tusk|Protosynthesis|[silent]\n|-damage|p2a: Zapdos|77/100|[from] Recoil\n|\n|upkeep\n|\n|t:|1782448627\n|switch|p1a: Darkrai|Darkrai|100/100\n|turn|17\n|\n|t:|1782448631\n|move|p2a: Zapdos|Brave Bird|p1a: Darkrai\n|-damage|p1a: Darkrai|0 fnt\n|faint|p1a: Darkrai\n|-damage|p2a: Zapdos|48/100|[from] Recoil\n|\n|upkeep\n|inactive|natsunoyutsu has 120 seconds left.\n|\n|t:|1782448641\n|switch|p1a: Iron Valiant|Iron Valiant, tera:Poison|100/100\n|turn|18\n|inactive|natsunoyutsu has 120 seconds left.\n|\n|t:|1782448649\n|move|p2a: Zapdos|Brave Bird|p1a: Iron Valiant\n|-damage|p1a: Iron Valiant|0 fnt\n|faint|p1a: Iron Valiant\n|-end|p1a: Iron Valiant|Quark Drive|[silent]\n|-damage|p2a: Zapdos|19/100|[from] Recoil\n|\n|upkeep\n|-message|natsunoyutsu forfeited.\n|\n|win|Kulrit\n|raw|natsunoyutsu's rating: 1313 &rarr; <strong>1289</strong><br />(-24 for losing)\n|raw|Kulrit's rating: 1239 &rarr; <strong>1269</strong><br />(+30 for winning)\n|l|☆natsunoyutsu\n|player|p1|\n|l|☆Kulrit\n|player|p2|\n", "uploadtime": 1782448971, "views": 4, "formatid": "gen9ou", "rating": 1269, "private": 0, "password": null}