{"id": "gen9ou-2639253608", "format": "[Gen 9] OU", "players": ["TWENNY7", "imyou019"], "log": "|j|☆TWENNY7\n|j|☆imyou019\n|t:|1782440938\n|gametype|singles\n|player|p1|TWENNY7|hau-stance|1309\n|player|p2|imyou019|101|1343\n|gen|9\n|tier|[Gen 9] OU\n|rated|\n|rule|HP Percentage Mod: HP is shown in percentages\n|rule|Endless Battle Clause: Forcing endless battles is banned\n|rule|Species Clause: Limit one of each Pokémon\n|rule|OHKO Clause: OHKO moves are banned\n|rule|Evasion Items Clause: Evasion items are banned\n|rule|Evasion Moves Clause: Evasion moves are banned\n|rule|Evasion Abilities Clause: Evasion abilities are banned\n|rule|Sleep Moves Clause: Sleep-inducing moves are banned\n|clearpoke\n|poke|p1|Darkrai|\n|poke|p1|Okidogi, M|\n|poke|p1|Iron Valiant|\n|poke|p1|Tyranitar, F|\n|poke|p1|Iron Jugulis|\n|poke|p1|Dragonite, M|\n|poke|p2|Iron Moth|\n|poke|p2|Samurott-Hisui, M|\n|poke|p2|Pecharunt|\n|poke|p2|Deoxys-Speed|\n|poke|p2|Enamorus, F|\n|poke|p2|Great Tusk|\n|teampreview\n|\n|t:|1782440951\n|teamsize|p1|6\n|teamsize|p2|6\n|start\n|switch|p1a: NASTY WORKS|Iron Jugulis|100/100\n|switch|p2a: Deoxys|Deoxys-Speed|100/100\n|-ability|p2a: Deoxys|Pressure\n|-enditem|p1a: NASTY WORKS|Booster Energy\n|-activate|p1a: NASTY WORKS|ability: Quark Drive|[fromitem]\n|-start|p1a: NASTY WORKS|quarkdrivespe\n|turn|1\n|inactive|Battle timer is ON: inactive players will automatically lose when time's up. (requested by TWENNY7)\n|\n|t:|1782440959\n|move|p1a: NASTY WORKS|Focus Energy|p1a: NASTY WORKS\n|-start|p1a: NASTY WORKS|move: Focus Energy\n|move|p2a: Deoxys|Thunder Wave|p1a: NASTY WORKS\n|-status|p1a: NASTY WORKS|par\n|\n|upkeep\n|turn|2\n|\n|t:|1782440966\n|move|p2a: Deoxys|Stealth Rock|p1a: NASTY WORKS\n|-sidestart|p1: TWENNY7|move: Stealth Rock\n|move|p1a: NASTY WORKS|Charge Beam|p2a: Deoxys\n|-crit|p2a: Deoxys\n|-damage|p2a: Deoxys|68/100\n|-boost|p1a: NASTY WORKS|spa|1\n|\n|upkeep\n|turn|3\n|\n|t:|1782440973\n|switch|p2a: Great Tusk|Great Tusk|100/100\n|-enditem|p2a: Great Tusk|Booster Energy\n|-activate|p2a: Great Tusk|ability: Protosynthesis|[fromitem]\n|-start|p2a: Great Tusk|protosynthesisatk\n|move|p1a: NASTY WORKS|Hurricane|p2a: Great Tusk\n|-supereffective|p2a: Great Tusk\n|-damage|p2a: Great Tusk|0 fnt\n|faint|p2a: Great Tusk\n|-end|p2a: Great Tusk|Protosynthesis|[silent]\n|\n|upkeep\n|\n|t:|1782440985\n|switch|p2a: Iron Moth|Iron Moth|100/100\n|turn|4\n|\n|t:|1782440988\n|move|p2a: Iron Moth|Meteor Beam||[still]\n|-prepare|p2a: Iron Moth|Meteor Beam\n|-boost|p2a: Iron Moth|spa|1\n|-enditem|p2a: Iron Moth|Power Herb\n|-anim|p2a: Iron Moth|Meteor Beam|p1a: NASTY WORKS\n|-supereffective|p1a: NASTY WORKS\n|-damage|p1a: NASTY WORKS|0 fnt\n|faint|p1a: NASTY WORKS\n|-end|p1a: NASTY WORKS|Quark Drive|[silent]\n|\n|upkeep\n|\n|t:|1782440992\n|switch|p1a: CODE:red|Tyranitar, F, shiny|100/100\n|-damage|p1a: CODE:red|88/100|[from] Stealth Rock\n|-weather|Sandstorm|[from] ability: Sand Stream|[of] p1a: CODE:red\n|turn|5\n|\n|t:|1782441000\n|-terastallize|p2a: Iron Moth|Grass\n|move|p2a: Iron Moth|Energy Ball|p1a: CODE:red\n|-supereffective|p1a: CODE:red\n|-damage|p1a: CODE:red|29/100\n|-enditem|p1a: CODE:red|Red Card|[of] p2a: Iron Moth\n|-end|p2a: Iron Moth|Quark Drive|[silent]\n|drag|p2a: Samurott|Samurott-Hisui, M|100/100\n|move|p1a: CODE:red|Stealth Rock|p2a: Samurott\n|-sidestart|p2: imyou019|move: Stealth Rock\n|\n|-weather|Sandstorm|[upkeep]\n|-damage|p2a: Samurott|94/100|[from] Sandstorm\n|upkeep\n|turn|6\n|\n|t:|1782441009\n|switch|p1a: CASPER|Okidogi, M|100/100\n|-damage|p1a: CASPER|94/100|[from] Stealth Rock\n|move|p2a: Samurott|Sacred Sword|p1a: CASPER\n|-resisted|p1a: CASPER\n|-damage|p1a: CASPER|71/100\n|-damage|p2a: Samurott|84/100|[from] item: Life Orb\n|\n|-weather|Sandstorm|[upkeep]\n|-damage|p2a: Samurott|78/100|[from] Sandstorm\n|-damage|p1a: CASPER|65/100|[from] Sandstorm\n|-heal|p1a: CASPER|71/100|[from] item: Leftovers\n|upkeep\n|turn|7\n|\n|t:|1782441022\n|switch|p2a: Pecharunt|Pecharunt|100/100\n|-damage|p2a: Pecharunt|88/100|[from] Stealth Rock\n|move|p1a: CASPER|Bulk Up|p1a: CASPER\n|-boost|p1a: CASPER|atk|1\n|-boost|p1a: CASPER|def|1\n|\n|-weather|Sandstorm|[upkeep]\n|-damage|p1a: CASPER|65/100|[from] Sandstorm\n|-damage|p2a: Pecharunt|82/100|[from] Sandstorm\n|-heal|p1a: CASPER|71/100|[from] item: Leftovers\n|upkeep\n|turn|8\n|\n|t:|1782441032\n|move|p1a: CASPER|Knock Off|p2a: Pecharunt\n|-supereffective|p2a: Pecharunt\n|-crit|p2a: Pecharunt\n|-damage|p2a: Pecharunt|21/100\n|-damage|p1a: CASPER|54/100|[from] item: Rocky Helmet|[of] p2a: Pecharunt\n|-enditem|p2a: Pecharunt|Rocky Helmet|[from] move: Knock Off|[of] p1a: CASPER\n|move|p2a: Pecharunt|Hex|p1a: CASPER\n|-damage|p1a: CASPER|38/100\n|\n|-weather|Sandstorm|[upkeep]\n|-damage|p1a: CASPER|32/100|[from] Sandstorm\n|-damage|p2a: Pecharunt|15/100|[from] Sandstorm\n|-heal|p1a: CASPER|38/100|[from] item: Leftovers\n|upkeep\n|turn|9\n|\n|t:|1782441043\n|move|p1a: CASPER|Ice Punch|p2a: Pecharunt\n|-damage|p2a: Pecharunt|0 fnt\n|faint|p2a: Pecharunt\n|\n|-weather|none\n|-heal|p1a: CASPER|44/100|[from] item: Leftovers\n|upkeep\n|\n|t:|1782441048\n|switch|p2a: Deoxys|Deoxys-Speed|68/100\n|-damage|p2a: Deoxys|56/100|[from] Stealth Rock\n|-ability|p2a: Deoxys|Pressure\n|turn|10\n|\n|t:|1782441062\n|switch|p1a: CODE:red|Tyranitar, F, shiny|29/100\n|-damage|p1a: CODE:red|16/100|[from] Stealth Rock\n|-weather|Sandstorm|[from] ability: Sand Stream|[of] p1a: CODE:red\n|move|p2a: Deoxys|Thunder Wave|p1a: CODE:red\n|-status|p1a: CODE:red|par\n|\n|-weather|Sandstorm|[upkeep]\n|-damage|p2a: Deoxys|50/100|[from] Sandstorm\n|upkeep\n|turn|11\n|\n|t:|1782441072\n|move|p2a: Deoxys|Knock Off|p1a: CODE:red\n|-resisted|p1a: CODE:red\n|-damage|p1a: CODE:red|11/100 par\n|move|p1a: CODE:red|Knock Off|p2a: Deoxys\n|-supereffective|p2a: Deoxys\n|-damage|p2a: Deoxys|0 fnt\n|-enditem|p2a: Deoxys|Focus Sash|[from] move: Knock Off|[of] p1a: CODE:red\n|faint|p2a: Deoxys\n|\n|-weather|Sandstorm|[upkeep]\n|upkeep\n|\n|t:|1782441081\n|switch|p2a: Enamorus|Enamorus, F|100/100\n|-damage|p2a: Enamorus|76/100|[from] Stealth Rock\n|turn|12\n|\n|t:|1782441090\n|move|p2a: Enamorus|Superpower|p1a: CODE:red\n|-supereffective|p1a: CODE:red\n|-damage|p1a: CODE:red|0 fnt\n|-boost|p2a: Enamorus|atk|1\n|-boost|p2a: Enamorus|def|1\n|faint|p1a: CODE:red\n|\n|-weather|Sandstorm|[upkeep]\n|-damage|p2a: Enamorus|69/100|[from] Sandstorm\n|upkeep\n|\n|t:|1782441095\n|switch|p1a: Zzz|Darkrai|100/100\n|-damage|p1a: Zzz|88/100|[from] Stealth Rock\n|turn|13\n|\n|t:|1782441101\n|-terastallize|p1a: Zzz|Poison\n|move|p1a: Zzz|Sludge Bomb|p2a: Enamorus\n|-supereffective|p2a: Enamorus\n|-damage|p2a: Enamorus|0 fnt\n|faint|p2a: Enamorus\n|\n|-weather|Sandstorm|[upkeep]\n|-damage|p1a: Zzz|82/100|[from] Sandstorm\n|upkeep\n|-message|imyou019 forfeited.\n|\n|win|TWENNY7\n|raw|TWENNY7's rating: 1309 &rarr; <strong>1331</strong><br />(+22 for winning)\n|raw|imyou019's rating: 1343 &rarr; <strong>1321</strong><br />(-22 for losing)\n|l|☆imyou019\n|player|p2|\n|l|☆TWENNY7\n|player|p1|\n", "uploadtime": 1782441395, "views": 11, "formatid": "gen9ou", "rating": 1321, "private": 0, "password": null}