{"id": "gen9ou-2639287866", "format": "[Gen 9] OU", "players": ["PokeBlaze17", "maoboi"], "log": "|j|☆PokeBlaze17\n|j|☆maoboi\n|t:|1782446360\n|gametype|singles\n|player|p1|PokeBlaze17|cheren-gen5bw2|1274\n|player|p2|maoboi|170|1304\n|gen|9\n|tier|[Gen 9] OU\n|rated|\n|rule|HP Percentage Mod: HP is shown in percentages\n|rule|Endless Battle Clause: Forcing endless battles is banned\n|rule|Species Clause: Limit one of each Pokémon\n|rule|OHKO Clause: OHKO moves are banned\n|rule|Evasion Items Clause: Evasion items are banned\n|rule|Evasion Moves Clause: Evasion moves are banned\n|rule|Evasion Abilities Clause: Evasion abilities are banned\n|rule|Sleep Moves Clause: Sleep-inducing moves are banned\n|clearpoke\n|poke|p1|Suicune|\n|poke|p1|Brambleghast, M|\n|poke|p1|Delphox, F|\n|poke|p1|Sableye, M|\n|poke|p1|Zapdos|\n|poke|p1|Haxorus, F|\n|poke|p2|Okidogi, M|\n|poke|p2|Pecharunt|\n|poke|p2|Ogerpon-Wellspring, F|\n|poke|p2|Ting-Lu|\n|poke|p2|Cresselia, F|\n|poke|p2|Cinderace, F|\n|teampreview\n|inactive|Battle timer is ON: inactive players will automatically lose when time's up. (requested by PokeBlaze17)\n|\n|t:|1782446366\n|teamsize|p1|6\n|teamsize|p2|6\n|start\n|switch|p1a: Zapdos|Zapdos|100/100\n|switch|p2a: Okidogi|Okidogi, M|100/100\n|turn|1\n|\n|t:|1782446373\n|move|p1a: Zapdos|Rain Dance|p1a: Zapdos\n|-weather|RainDance\n|move|p2a: Okidogi|Knock Off|p1a: Zapdos\n|-damage|p1a: Zapdos|53/100\n|-enditem|p1a: Zapdos|Sitrus Berry|[from] move: Knock Off|[of] p2a: Okidogi\n|\n|-weather|RainDance|[upkeep]\n|upkeep\n|turn|2\n|\n|t:|1782446380\n|switch|p2a: Ting-Lu|Ting-Lu|100/100\n|-ability|p2a: Ting-Lu|Vessel of Ruin\n|move|p1a: Zapdos|Hurricane|p2a: Ting-Lu\n|-damage|p2a: Ting-Lu|67/100\n|\n|-weather|RainDance|[upkeep]\n|upkeep\n|turn|3\n|\n|t:|1782446389\n|move|p1a: Zapdos|Weather Ball|p2a: Ting-Lu\n|-supereffective|p2a: Ting-Lu\n|-damage|p2a: Ting-Lu|11/100\n|-enditem|p2a: Ting-Lu|Weakness Policy\n|-boost|p2a: Ting-Lu|atk|2|[from] item: Weakness Policy\n|-boost|p2a: Ting-Lu|spa|2|[from] item: Weakness Policy\n|move|p2a: Ting-Lu|Stealth Rock|p1a: Zapdos\n|-sidestart|p1: PokeBlaze17|move: Stealth Rock\n|\n|-weather|RainDance|[upkeep]\n|upkeep\n|turn|4\n|\n|t:|1782446399\n|switch|p2a: Ogerpon|Ogerpon-Wellspring, F|100/100\n|move|p1a: Zapdos|Hurricane|p2a: Ogerpon\n|-supereffective|p2a: Ogerpon\n|-damage|p2a: Ogerpon|0 fnt\n|faint|p2a: Ogerpon\n|\n|-weather|RainDance|[upkeep]\n|upkeep\n|\n|t:|1782446402\n|switch|p2a: Cresselia|Cresselia, F|100/100\n|turn|5\n|\n|t:|1782446411\n|move|p1a: Zapdos|Thunder|p2a: Cresselia\n|-damage|p2a: Cresselia|61/100\n|-status|p2a: Cresselia|par\n|cant|p2a: Cresselia|par\n|\n|-weather|none\n|-heal|p2a: Cresselia|67/100 par|[from] item: Leftovers\n|upkeep\n|turn|6\n|\n|t:|1782446422\n|move|p1a: Zapdos|Rain Dance|p1a: Zapdos\n|-weather|RainDance\n|move|p2a: Cresselia|Lunar Blessing|p2a: Cresselia\n|-heal|p2a: Cresselia|92/100 par\n|-curestatus|p2a: Cresselia|par|[msg]\n|\n|-weather|RainDance|[upkeep]\n|-heal|p2a: Cresselia|98/100|[from] item: Leftovers\n|upkeep\n|turn|7\n|\n|t:|1782446431\n|move|p1a: Zapdos|Thunder|p2a: Cresselia\n|-damage|p2a: Cresselia|63/100\n|move|p2a: Cresselia|Calm Mind|p2a: Cresselia\n|-boost|p2a: Cresselia|spa|1\n|-boost|p2a: Cresselia|spd|1\n|\n|-weather|RainDance|[upkeep]\n|-heal|p2a: Cresselia|69/100|[from] item: Leftovers\n|upkeep\n|turn|8\n|\n|t:|1782446441\n|switch|p1a: Sableye|Sableye, M, shiny|100/100\n|-damage|p1a: Sableye|88/100|[from] Stealth Rock\n|move|p2a: Cresselia|Calm Mind|p2a: Cresselia\n|-boost|p2a: Cresselia|spa|1\n|-boost|p2a: Cresselia|spd|1\n|\n|-weather|RainDance|[upkeep]\n|-heal|p2a: Cresselia|75/100|[from] item: Leftovers\n|upkeep\n|turn|9\n|\n|t:|1782446451\n|move|p1a: Sableye|Encore|p2a: Cresselia\n|-start|p2a: Cresselia|Encore\n|move|p2a: Cresselia|Calm Mind|p2a: Cresselia\n|-boost|p2a: Cresselia|spa|1\n|-boost|p2a: Cresselia|spd|1\n|\n|-weather|RainDance|[upkeep]\n|-heal|p2a: Cresselia|81/100|[from] item: Leftovers\n|upkeep\n|turn|10\n|\n|t:|1782446459\n|move|p1a: Sableye|Reflect|p1a: Sableye\n|-sidestart|p1: PokeBlaze17|Reflect\n|move|p2a: Cresselia|Calm Mind|p2a: Cresselia\n|-boost|p2a: Cresselia|spa|1\n|-boost|p2a: Cresselia|spd|1\n|\n|-weather|none\n|-heal|p2a: Cresselia|87/100|[from] item: Leftovers\n|upkeep\n|turn|11\n|\n|t:|1782446467\n|move|p1a: Sableye|Light Screen|p1a: Sableye\n|-sidestart|p1: PokeBlaze17|move: Light Screen\n|move|p2a: Cresselia|Calm Mind|p2a: Cresselia\n|-boost|p2a: Cresselia|spa|1\n|-boost|p2a: Cresselia|spd|1\n|\n|-heal|p2a: Cresselia|93/100|[from] item: Leftovers\n|-end|p2a: Cresselia|Encore\n|upkeep\n|turn|12\n|\n|t:|1782446475\n|move|p1a: Sableye|Encore|p2a: Cresselia\n|-start|p2a: Cresselia|Encore\n|move|p2a: Cresselia|Calm Mind|p2a: Cresselia\n|-boost|p2a: Cresselia|spa|1\n|-boost|p2a: Cresselia|spd|1\n|\n|-heal|p2a: Cresselia|99/100|[from] item: Leftovers\n|upkeep\n|turn|13\n|\n|t:|1782446484\n|switch|p1a: Brambleghast|Brambleghast, M|100/100\n|move|p2a: Cresselia|Calm Mind|p2a: Cresselia\n|-boost|p2a: Cresselia|spa|0\n|-boost|p2a: Cresselia|spd|0\n|\n|-heal|p2a: Cresselia|100/100|[from] item: Leftovers\n|upkeep\n|turn|14\n|\n|t:|1782446492\n|move|p1a: Brambleghast|Rapid Spin|p2a: Cresselia\n|-damage|p2a: Cresselia|89/100\n|-boost|p1a: Brambleghast|spe|1\n|-sideend|p1: PokeBlaze17|Stealth Rock|[from] move: Rapid Spin|[of] p1a: Brambleghast\n|move|p2a: Cresselia|Calm Mind|p2a: Cresselia\n|-boost|p2a: Cresselia|spa|0\n|-boost|p2a: Cresselia|spd|0\n|\n|-heal|p2a: Cresselia|95/100|[from] item: Leftovers\n|-end|p2a: Cresselia|Encore\n|upkeep\n|turn|15\n|\n|t:|1782446505\n|move|p1a: Brambleghast|Leech Seed|p2a: Cresselia\n|-start|p2a: Cresselia|move: Leech Seed\n|move|p2a: Cresselia|Stored Power|p1a: Brambleghast\n|-damage|p1a: Brambleghast|0 fnt\n|faint|p1a: Brambleghast\n|\n|-heal|p2a: Cresselia|100/100|[from] item: Leftovers\n|upkeep\n|\n|t:|1782446514\n|switch|p1a: Sableye|Sableye, M, shiny|88/100\n|turn|16\n|\n|t:|1782446519\n|move|p1a: Sableye|Encore|p2a: Cresselia\n|-start|p2a: Cresselia|Encore\n|move|p2a: Cresselia|Stored Power|p1a: Sableye\n|-immune|p1a: Sableye\n|\n|-damage|p2a: Cresselia|88/100|[from] Leech Seed|[of] p1a: Sableye\n|-heal|p1a: Sableye|100/100|[silent]\n|upkeep\n|turn|17\n|\n|t:|1782446527\n|switch|p2a: Ting-Lu|Ting-Lu|11/100\n|-ability|p2a: Ting-Lu|Vessel of Ruin\n|move|p1a: Sableye|Foul Play|p2a: Ting-Lu\n|-resisted|p2a: Ting-Lu\n|-crit|p2a: Ting-Lu\n|-damage|p2a: Ting-Lu|0 fnt\n|faint|p2a: Ting-Lu\n|\n|-sideend|p1: PokeBlaze17|Reflect\n|upkeep\n|\n|t:|1782446529\n|switch|p2a: Cinderace|Cinderace, F|100/100\n|turn|18\n|\n|t:|1782446540\n|move|p1a: Sableye|Reflect|p1a: Sableye\n|-sidestart|p1: PokeBlaze17|Reflect\n|move|p2a: Cinderace|Pyro Ball|p1a: Sableye|[miss]\n|-miss|p2a: Cinderace|p1a: Sableye\n|\n|-sideend|p1: PokeBlaze17|move: Light Screen\n|upkeep\n|turn|19\n|\n|t:|1782446547\n|move|p1a: Sableye|Light Screen|p1a: Sableye\n|-sidestart|p1: PokeBlaze17|move: Light Screen\n|move|p2a: Cinderace|Pyro Ball|p1a: Sableye\n|-damage|p1a: Sableye|71/100\n|\n|upkeep\n|turn|20\n|\n|t:|1782446552\n|move|p2a: Cinderace|Court Change|p2a: Cinderace\n|-swapsideconditions\n|-activate|p2a: Cinderace|move: Court Change\n|move|p1a: Sableye|Foul Play|p2a: Cinderace\n|-crit|p2a: Cinderace\n|-damage|p2a: Cinderace|3/100\n|\n|upkeep\n|turn|21\n|\n|t:|1782446559\n|move|p1a: Sableye|Reflect|p1a: Sableye\n|-sidestart|p1: PokeBlaze17|Reflect\n|move|p2a: Cinderace|Pyro Ball|p1a: Sableye|[miss]\n|-miss|p2a: Cinderace|p1a: Sableye\n|\n|upkeep\n|turn|22\n|\n|t:|1782446564\n|switch|p2a: Okidogi|Okidogi, M|100/100\n|move|p1a: Sableye|Foul Play|p2a: Okidogi\n|-resisted|p2a: Okidogi\n|-damage|p2a: Okidogi|88/100\n|\n|upkeep\n|turn|23\n|\n|t:|1782446571\n|move|p1a: Sableye|Light Screen|p1a: Sableye\n|-sidestart|p1: PokeBlaze17|move: Light Screen\n|move|p2a: Okidogi|Knock Off|p1a: Sableye\n|-crit|p1a: Sableye\n|-damage|p1a: Sableye|15/100\n|-enditem|p1a: Sableye|Light Clay|[from] move: Knock Off|[of] p2a: Okidogi\n|\n|upkeep\n|turn|24\n|\n|t:|1782446578\n|move|p1a: Sableye|Encore|p2a: Okidogi\n|-start|p2a: Okidogi|Encore\n|move|p2a: Okidogi|Knock Off|p1a: Sableye\n|-damage|p1a: Sableye|3/100\n|\n|upkeep\n|turn|25\n|\n|t:|1782446584\n|switch|p1a: Zapdos|Zapdos|53/100\n|move|p2a: Okidogi|Knock Off|p1a: Zapdos\n|-damage|p1a: Zapdos|38/100\n|-status|p2a: Okidogi|par|[from] ability: Static|[of] p1a: Zapdos\n|\n|-sideend|p2: maoboi|Reflect\n|upkeep\n|turn|26\n|c|☆maoboi|Why not bro\n|\n|t:|1782446595\n|switch|p2a: Pecharunt|Pecharunt|100/100\n|move|p1a: Zapdos|Rain Dance|p1a: Zapdos\n|-weather|RainDance\n|\n|-weather|RainDance|[upkeep]\n|-sideend|p2: maoboi|move: Light Screen\n|upkeep\n|turn|27\n|\n|t:|1782446602\n|move|p1a: Zapdos|Thunder|p2a: Pecharunt\n|-damage|p2a: Pecharunt|45/100\n|-status|p2a: Pecharunt|par\n|move|p2a: Pecharunt|Malignant Chain|p1a: Zapdos\n|-crit|p1a: Zapdos\n|-damage|p1a: Zapdos|0 fnt\n|faint|p1a: Zapdos\n|\n|-weather|RainDance|[upkeep]\n|upkeep\n|\n|t:|1782446615\n|switch|p1a: Delphox|Delphox, F, shiny|100/100\n|turn|28\n|\n|t:|1782446619\n|move|p1a: Delphox|Psyshock|p2a: Pecharunt\n|-supereffective|p2a: Pecharunt\n|-crit|p2a: Pecharunt\n|-damage|p2a: Pecharunt|0 fnt\n|faint|p2a: Pecharunt\n|\n|-weather|RainDance|[upkeep]\n|-sideend|p1: PokeBlaze17|Reflect\n|upkeep\n|\n|t:|1782446623\n|switch|p2a: Cresselia|Cresselia, F|88/100\n|turn|29\n|\n|t:|1782446631\n|switch|p1a: Sableye|Sableye, M, shiny|3/100\n|move|p2a: Cresselia|Calm Mind|p2a: Cresselia\n|-boost|p2a: Cresselia|spa|1\n|-boost|p2a: Cresselia|spd|1\n|\n|-weather|RainDance|[upkeep]\n|-heal|p2a: Cresselia|94/100|[from] item: Leftovers\n|upkeep\n|turn|30\n|\n|t:|1782446639\n|move|p1a: Sableye|Encore|p2a: Cresselia\n|-start|p2a: Cresselia|Encore\n|move|p2a: Cresselia|Calm Mind|p2a: Cresselia\n|-boost|p2a: Cresselia|spa|1\n|-boost|p2a: Cresselia|spd|1\n|\n|-weather|none\n|-heal|p2a: Cresselia|99/100|[from] item: Leftovers\n|-sideend|p1: PokeBlaze17|move: Light Screen\n|upkeep\n|turn|31\n|\n|t:|1782446649\n|switch|p2a: Cinderace|Cinderace, F|3/100\n|switch|p1a: Delphox|Delphox, F, shiny|100/100\n|\n|upkeep\n|turn|32\n|\n|t:|1782446659\n|move|p1a: Delphox|Psyshock|p2a: Cinderace\n|-damage|p2a: Cinderace|0 fnt\n|faint|p2a: Cinderace\n|\n|upkeep\n|\n|t:|1782446662\n|switch|p2a: Okidogi|Okidogi, M|88/100 par\n|turn|33\n|\n|t:|1782446671\n|move|p1a: Delphox|Psyshock|p2a: Okidogi\n|-supereffective|p2a: Okidogi\n|-damage|p2a: Okidogi|0 fnt\n|faint|p2a: Okidogi\n|\n|upkeep\n|\n|t:|1782446673\n|switch|p2a: Cresselia|Cresselia, F|99/100\n|turn|34\n|\n|t:|1782446679\n|switch|p1a: Sableye|Sableye, M, shiny|3/100\n|move|p2a: Cresselia|Calm Mind|p2a: Cresselia\n|-boost|p2a: Cresselia|spa|1\n|-boost|p2a: Cresselia|spd|1\n|\n|-heal|p2a: Cresselia|100/100|[from] item: Leftovers\n|upkeep\n|turn|35\n|\n|t:|1782446687\n|move|p1a: Sableye|Encore|p2a: Cresselia\n|-start|p2a: Cresselia|Encore\n|move|p2a: Cresselia|Calm Mind|p2a: Cresselia\n|-boost|p2a: Cresselia|spa|1\n|-boost|p2a: Cresselia|spd|1\n|\n|upkeep\n|turn|36\n|\n|t:|1782446694\n|switch|p1a: Delphox|Delphox, F, shiny|100/100\n|move|p2a: Cresselia|Calm Mind|p2a: Cresselia\n|-boost|p2a: Cresselia|spa|1\n|-boost|p2a: Cresselia|spd|1\n|\n|upkeep\n|turn|37\n|\n|t:|1782446704\n|move|p1a: Delphox|Trick|p2a: Cresselia\n|-activate|p1a: Delphox|move: Trick|[of] p2a: Cresselia\n|-item|p2a: Cresselia|Choice Scarf|[from] move: Trick\n|-item|p1a: Delphox|Leftovers|[from] move: Trick\n|move|p2a: Cresselia|Calm Mind|p2a: Cresselia\n|-boost|p2a: Cresselia|spa|1\n|-boost|p2a: Cresselia|spd|1\n|\n|-end|p2a: Cresselia|Encore\n|upkeep\n|turn|38\n|-message|maoboi forfeited.\n|\n|win|PokeBlaze17\n|raw|PokeBlaze17's rating: 1274 &rarr; <strong>1301</strong><br />(+27 for winning)\n|raw|maoboi's rating: 1304 &rarr; <strong>1282</strong><br />(-22 for losing)\n|l|☆PokeBlaze17\n|player|p1|\n", "uploadtime": 1782447088, "views": 2, "formatid": "gen9ou", "rating": 1282, "private": 0, "password": null}