{"id": "gen9ou-2639941501", "format": "[Gen 9] OU", "players": ["ninjastatus", "LowEL0God"], "log": "|j|☆ninjastatus\n|j|☆LowEL0God\n|t:|1782548629\n|gametype|singles\n|player|p1|ninjastatus|cynthia|1576\n|player|p2|LowEL0God|2|1586\n|gen|9\n|tier|[Gen 9] OU\n|rated|\n|rule|HP Percentage Mod: HP is shown in percentages\n|rule|Endless Battle Clause: Forcing endless battles is banned\n|rule|Species Clause: Limit one of each Pokémon\n|rule|OHKO Clause: OHKO moves are banned\n|rule|Evasion Items Clause: Evasion items are banned\n|rule|Evasion Moves Clause: Evasion moves are banned\n|rule|Evasion Abilities Clause: Evasion abilities are banned\n|rule|Sleep Moves Clause: Sleep-inducing moves are banned\n|clearpoke\n|poke|p1|Garganacl, F|\n|poke|p1|Cinderace, M|\n|poke|p1|Latias, F|\n|poke|p1|Clodsire, M|\n|poke|p1|Ogerpon-Wellspring, F|\n|poke|p1|Kingambit, F|\n|poke|p2|Pelipper, F|\n|poke|p2|Torkoal, F|\n|poke|p2|Walking Wake|\n|poke|p2|Tyranitar, M|\n|poke|p2|Excadrill, F|\n|poke|p2|Ogerpon-Wellspring, F|\n|teampreview\n|inactive|Battle timer is ON: inactive players will automatically lose when time's up. (requested by LowEL0God)\n|\n|t:|1782548640\n|teamsize|p1|6\n|teamsize|p2|6\n|start\n|switch|p1a: Cinderace|Cinderace, M|100/100\n|switch|p2a: Hurricane Spam|Pelipper, F, shiny|100/100\n|-weather|RainDance|[from] ability: Drizzle|[of] p2a: Hurricane Spam\n|turn|1\n|\n|t:|1782548642\n|move|p1a: Cinderace|U-turn|p2a: Hurricane Spam\n|-resisted|p2a: Hurricane Spam\n|-crit|p2a: Hurricane Spam\n|-damage|p2a: Hurricane Spam|84/100\n|\n|t:|1782548644\n|switch|p1a: Clodsire|Clodsire, M|100/100|[from] U-turn\n|move|p2a: Hurricane Spam|Hurricane|p1a: Clodsire\n|-damage|p1a: Clodsire|63/100\n|\n|-weather|RainDance|[upkeep]\n|-heal|p1a: Clodsire|69/100|[from] item: Leftovers\n|upkeep\n|turn|2\n|\n|t:|1782548648\n|move|p2a: Hurricane Spam|Hurricane|p1a: Clodsire\n|-damage|p1a: Clodsire|29/100\n|move|p1a: Clodsire|Stealth Rock|p2a: Hurricane Spam\n|-sidestart|p2: LowEL0God|move: Stealth Rock\n|\n|-weather|RainDance|[upkeep]\n|-heal|p1a: Clodsire|35/100|[from] item: Leftovers\n|upkeep\n|turn|3\n|\n|t:|1782548659\n|switch|p1a: Garganacl|Garganacl, F|100/100\n|move|p2a: Hurricane Spam|Hurricane|p1a: Garganacl\n|-resisted|p1a: Garganacl\n|-damage|p1a: Garganacl|78/100\n|\n|-weather|RainDance|[upkeep]\n|-heal|p1a: Garganacl|84/100|[from] item: Leftovers\n|upkeep\n|turn|4\n|\n|t:|1782548662\n|move|p2a: Hurricane Spam|Hurricane|p1a: Garganacl\n|-resisted|p1a: Garganacl\n|-damage|p1a: Garganacl|62/100\n|move|p1a: Garganacl|Salt Cure|p2a: Hurricane Spam\n|-supereffective|p2a: Hurricane Spam\n|-damage|p2a: Hurricane Spam|54/100\n|-start|p2a: Hurricane Spam|Salt Cure\n|\n|-weather|RainDance|[upkeep]\n|-heal|p1a: Garganacl|68/100|[from] item: Leftovers\n|-damage|p2a: Hurricane Spam|30/100|[from] Salt Cure\n|upkeep\n|turn|5\n|\n|t:|1782548664\n|move|p2a: Hurricane Spam|Hurricane|p1a: Garganacl\n|-resisted|p1a: Garganacl\n|-damage|p1a: Garganacl|42/100\n|move|p1a: Garganacl|Salt Cure|p2a: Hurricane Spam\n|-supereffective|p2a: Hurricane Spam\n|-damage|p2a: Hurricane Spam|4/100\n|\n|-weather|none\n|-heal|p1a: Garganacl|48/100|[from] item: Leftovers\n|-damage|p2a: Hurricane Spam|0 fnt|[from] Salt Cure\n|faint|p2a: Hurricane Spam\n|upkeep\n|\n|t:|1782548666\n|switch|p2a: No Hazards for You|Excadrill, F, shiny|100/100\n|-damage|p2a: No Hazards for You|97/100|[from] Stealth Rock\n|turn|6\n|\n|t:|1782548669\n|move|p2a: No Hazards for You|Iron Head|p1a: Garganacl\n|-supereffective|p1a: Garganacl\n|-damage|p1a: Garganacl|0 fnt\n|faint|p1a: Garganacl\n|\n|upkeep\n|\n|t:|1782548671\n|switch|p1a: Ogerpon|Ogerpon-Wellspring, F|100/100\n|turn|7\n|\n|t:|1782548675\n|switch|p2a: Torkoal|Torkoal, F|100/100\n|-damage|p2a: Torkoal|76/100|[from] Stealth Rock\n|-weather|SunnyDay|[from] ability: Drought|[of] p2a: Torkoal\n|move|p1a: Ogerpon|Ivy Cudgel|p2a: Torkoal|[anim] Ivy Cudgel Water\n|-supereffective|p2a: Torkoal\n|-damage|p2a: Torkoal|45/100\n|\n|-weather|SunnyDay|[upkeep]\n|upkeep\n|turn|8\n|\n|t:|1782548681\n|move|p1a: Ogerpon|Ivy Cudgel|p2a: Torkoal|[anim] Ivy Cudgel Water\n|-supereffective|p2a: Torkoal\n|-damage|p2a: Torkoal|12/100\n|move|p2a: Torkoal|Will-O-Wisp|p1a: Ogerpon\n|-status|p1a: Ogerpon|brn\n|\n|-weather|SunnyDay|[upkeep]\n|-damage|p1a: Ogerpon|95/100 brn|[from] brn\n|upkeep\n|turn|9\n|\n|t:|1782548685\n|move|p1a: Ogerpon|Ivy Cudgel|p2a: Torkoal|[anim] Ivy Cudgel Water\n|-supereffective|p2a: Torkoal\n|-damage|p2a: Torkoal|0 fnt\n|faint|p2a: Torkoal\n|\n|-weather|SunnyDay|[upkeep]\n|-damage|p1a: Ogerpon|89/100 brn|[from] brn\n|upkeep\n|\n|t:|1782548685\n|switch|p2a: No Hazards for You|Excadrill, F, shiny|97/100\n|-damage|p2a: No Hazards for You|94/100|[from] Stealth Rock\n|turn|10\n|\n|t:|1782548692\n|move|p1a: Ogerpon|Knock Off|p2a: No Hazards for You\n|-damage|p2a: No Hazards for You|66/100\n|-enditem|p2a: No Hazards for You|Choice Band|[from] move: Knock Off|[of] p1a: Ogerpon\n|move|p2a: No Hazards for You|Rapid Spin|p1a: Ogerpon\n|-damage|p1a: Ogerpon|61/100 brn\n|-boost|p2a: No Hazards for You|spe|1\n|-sideend|p2: LowEL0God|Stealth Rock|[from] move: Rapid Spin|[of] p2a: No Hazards for You\n|\n|-weather|SunnyDay|[upkeep]\n|-damage|p1a: Ogerpon|55/100 brn|[from] brn\n|upkeep\n|turn|11\n|\n|t:|1782548694\n|move|p2a: No Hazards for You|Iron Head|p1a: Ogerpon\n|-resisted|p1a: Ogerpon\n|-damage|p1a: Ogerpon|24/100 brn\n|move|p1a: Ogerpon|Encore|p2a: No Hazards for You\n|-start|p2a: No Hazards for You|Encore\n|\n|-weather|SunnyDay|[upkeep]\n|-damage|p1a: Ogerpon|18/100 brn|[from] brn\n|upkeep\n|turn|12\n|\n|t:|1782548698\n|switch|p1a: Kingambit|Kingambit, F|100/100\n|-activate|p1a: Kingambit|ability: Supreme Overlord\n|-start|p1a: Kingambit|fallen1|[silent]\n|move|p2a: No Hazards for You|Iron Head|p1a: Kingambit\n|-resisted|p1a: Kingambit\n|-damage|p1a: Kingambit|79/100\n|\n|-weather|SunnyDay|[upkeep]\n|-heal|p1a: Kingambit|86/100|[from] item: Leftovers\n|upkeep\n|turn|13\n|\n|t:|1782548700\n|switch|p2a: Walking Wake|Walking Wake|100/100\n|-activate|p2a: Walking Wake|ability: Protosynthesis\n|-start|p2a: Walking Wake|protosynthesisspe\n|move|p1a: Kingambit|Low Kick|p2a: Walking Wake\n|-damage|p2a: Walking Wake|54/100\n|\n|-weather|SunnyDay|[upkeep]\n|-heal|p1a: Kingambit|92/100|[from] item: Leftovers\n|upkeep\n|turn|14\n|\n|t:|1782548705\n|-end|p1a: Kingambit|fallen1|[silent]\n|switch|p1a: Clodsire|Clodsire, M|35/100\n|move|p2a: Walking Wake|Hydro Steam|p1a: Clodsire\n|-heal|p1a: Clodsire|60/100|[from] ability: Water Absorb|[of] p2a: Walking Wake\n|\n|-weather|none\n|-end|p2a: Walking Wake|Protosynthesis\n|-heal|p1a: Clodsire|66/100|[from] item: Leftovers\n|upkeep\n|turn|15\n|\n|t:|1782548709\n|-end|p2a: Walking Wake|Protosynthesis|[silent]\n|switch|p2a: Ogerpon|Ogerpon-Wellspring, F|100/100\n|move|p1a: Clodsire|Earthquake|p2a: Ogerpon\n|-resisted|p2a: Ogerpon\n|-damage|p2a: Ogerpon|82/100\n|\n|-heal|p1a: Clodsire|72/100|[from] item: Leftovers\n|upkeep\n|turn|16\n|\n|t:|1782548711\n|move|p2a: Ogerpon|Swords Dance|p2a: Ogerpon\n|-boost|p2a: Ogerpon|atk|2\n|move|p1a: Clodsire|Toxic|p2a: Ogerpon\n|-status|p2a: Ogerpon|tox\n|\n|-heal|p1a: Clodsire|78/100|[from] item: Leftovers\n|-damage|p2a: Ogerpon|76/100 tox|[from] psn\n|upkeep\n|turn|17\n|\n|t:|1782548716\n|switch|p1a: Cinderace|Cinderace, M|100/100\n|move|p2a: Ogerpon|Horn Leech|p1a: Cinderace\n|-resisted|p1a: Cinderace\n|-damage|p1a: Cinderace|32/100\n|-heal|p2a: Ogerpon|100/100 tox|[from] drain|[of] p1a: Cinderace\n|\n|-damage|p2a: Ogerpon|89/100 tox|[from] psn\n|upkeep\n|turn|18\n|\n|t:|1782548719\n|-terastallize|p2a: Ogerpon|Water\n|detailschange|p2a: Ogerpon|Ogerpon-Wellspring-Tera, F, tera:Water\n|-ability|p2a: Ogerpon|Embody Aspect (Wellspring)|boost\n|-boost|p2a: Ogerpon|spd|1\n|move|p1a: Cinderace|Pyro Ball|p2a: Ogerpon\n|-resisted|p2a: Ogerpon\n|-damage|p2a: Ogerpon|30/100 tox\n|move|p2a: Ogerpon|Horn Leech|p1a: Cinderace\n|-resisted|p1a: Cinderace\n|-damage|p1a: Cinderace|0 fnt\n|-heal|p2a: Ogerpon|46/100 tox|[from] drain|[of] p1a: Cinderace\n|faint|p1a: Cinderace\n|\n|-damage|p2a: Ogerpon|28/100 tox|[from] psn\n|upkeep\n|\n|t:|1782548724\n|switch|p1a: Kingambit|Kingambit, F|92/100\n|-activate|p1a: Kingambit|ability: Supreme Overlord\n|-start|p1a: Kingambit|fallen2|[silent]\n|turn|19\n|\n|t:|1782548725\n|move|p1a: Kingambit|Sucker Punch|p2a: Ogerpon\n|-crit|p2a: Ogerpon\n|-damage|p2a: Ogerpon|0 fnt\n|faint|p2a: Ogerpon\n|detailschange|p2: Ogerpon|Ogerpon-Wellspring, F|[silent]\n|\n|-heal|p1a: Kingambit|98/100|[from] item: Leftovers\n|upkeep\n|\n|t:|1782548726\n|switch|p2a: Walking Wake|Walking Wake|54/100\n|turn|20\n|\n|t:|1782548732\n|-end|p1a: Kingambit|fallen2|[silent]\n|switch|p1a: Clodsire|Clodsire, M|78/100\n|move|p2a: Walking Wake|Flamethrower|p1a: Clodsire\n|-damage|p1a: Clodsire|54/100\n|\n|-heal|p1a: Clodsire|60/100|[from] item: Leftovers\n|upkeep\n|turn|21\n|\n|t:|1782548736\n|move|p2a: Walking Wake|Flamethrower|p1a: Clodsire\n|-damage|p1a: Clodsire|34/100\n|move|p1a: Clodsire|Earthquake|p2a: Walking Wake\n|-crit|p2a: Walking Wake\n|-damage|p2a: Walking Wake|10/100\n|\n|-heal|p1a: Clodsire|40/100|[from] item: Leftovers\n|upkeep\n|turn|22\n|\n|t:|1782548739\n|move|p2a: Walking Wake|Flamethrower|p1a: Clodsire\n|-damage|p1a: Clodsire|17/100\n|move|p1a: Clodsire|Recover|p1a: Clodsire\n|-heal|p1a: Clodsire|67/100\n|\n|-heal|p1a: Clodsire|73/100|[from] item: Leftovers\n|upkeep\n|turn|23\n|\n|t:|1782548742\n|move|p2a: Walking Wake|Flamethrower|p1a: Clodsire\n|-damage|p1a: Clodsire|48/100\n|move|p1a: Clodsire|Recover|p1a: Clodsire\n|-heal|p1a: Clodsire|98/100\n|\n|-heal|p1a: Clodsire|100/100|[from] item: Leftovers\n|upkeep\n|turn|24\n|\n|t:|1782548743\n|move|p2a: Walking Wake|Flamethrower|p1a: Clodsire\n|-damage|p1a: Clodsire|75/100\n|move|p1a: Clodsire|Stealth Rock|p2a: Walking Wake\n|-sidestart|p2: LowEL0God|move: Stealth Rock\n|\n|-heal|p1a: Clodsire|81/100|[from] item: Leftovers\n|upkeep\n|turn|25\n|\n|t:|1782548745\n|move|p2a: Walking Wake|Flamethrower|p1a: Clodsire\n|-damage|p1a: Clodsire|57/100\n|move|p1a: Clodsire|Earthquake|p2a: Walking Wake\n|-damage|p2a: Walking Wake|0 fnt\n|faint|p2a: Walking Wake\n|-end|p2a: Walking Wake|Protosynthesis|[silent]\n|\n|-heal|p1a: Clodsire|63/100|[from] item: Leftovers\n|upkeep\n|\n|t:|1782548746\n|switch|p2a: No Hazards for You|Excadrill, F, shiny|66/100\n|-damage|p2a: No Hazards for You|63/100|[from] Stealth Rock\n|turn|26\n|\n|t:|1782548751\n|move|p2a: No Hazards for You|Earthquake|p1a: Clodsire\n|-supereffective|p1a: Clodsire\n|-damage|p1a: Clodsire|0 fnt\n|faint|p1a: Clodsire\n|\n|upkeep\n|\n|t:|1782548755\n|switch|p1a: Ogerpon|Ogerpon-Wellspring, F|18/100 brn\n|turn|27\n|\n|t:|1782548757\n|switch|p2a: No Lando Plz|Tyranitar, M, shiny|100/100\n|-weather|Sandstorm|[from] ability: Sand Stream|[of] p2a: No Lando Plz\n|move|p1a: Ogerpon|Ivy Cudgel|p2a: No Lando Plz|[anim] Ivy Cudgel Water\n|-supereffective|p2a: No Lando Plz\n|-damage|p2a: No Lando Plz|55/100\n|\n|-weather|Sandstorm|[upkeep]\n|-damage|p1a: Ogerpon|12/100 brn|[from] Sandstorm\n|-damage|p1a: Ogerpon|6/100 brn|[from] brn\n|upkeep\n|turn|28\n|\n|t:|1782548761\n|move|p1a: Ogerpon|Horn Leech|p2a: No Lando Plz\n|-supereffective|p2a: No Lando Plz\n|-damage|p2a: No Lando Plz|21/100\n|-heal|p1a: Ogerpon|29/100 brn|[from] drain|[of] p2a: No Lando Plz\n|move|p2a: No Lando Plz|Stone Edge|p1a: Ogerpon\n|-damage|p1a: Ogerpon|0 fnt\n|faint|p1a: Ogerpon\n|\n|-weather|Sandstorm|[upkeep]\n|upkeep\n|\n|t:|1782548772\n|switch|p1a: Latias|Latias, F|100/100\n|turn|29\n|\n|t:|1782548773\n|move|p1a: Latias|Aura Sphere|p2a: No Lando Plz\n|-supereffective|p2a: No Lando Plz\n|-damage|p2a: No Lando Plz|0 fnt\n|faint|p2a: No Lando Plz\n|\n|-weather|Sandstorm|[upkeep]\n|-damage|p1a: Latias|94/100|[from] Sandstorm\n|-heal|p1a: Latias|100/100|[from] item: Leftovers\n|upkeep\n|\n|t:|1782548774\n|switch|p2a: No Hazards for You|Excadrill, F, shiny|63/100\n|-damage|p2a: No Hazards for You|60/100|[from] Stealth Rock\n|turn|30\n|\n|t:|1782548779\n|-terastallize|p1a: Latias|Steel\n|move|p2a: No Hazards for You|Earthquake|p1a: Latias\n|-immune|p1a: Latias|[from] ability: Levitate\n|move|p1a: Latias|Aura Sphere|p2a: No Hazards for You\n|-supereffective|p2a: No Hazards for You\n|-damage|p2a: No Hazards for You|4/100\n|\n|-weather|Sandstorm|[upkeep]\n|upkeep\n|turn|31\n|\n|t:|1782548781\n|move|p2a: No Hazards for You|Iron Head|p1a: Latias\n|-resisted|p1a: Latias\n|-damage|p1a: Latias|79/100\n|move|p1a: Latias|Aura Sphere|p2a: No Hazards for You\n|-supereffective|p2a: No Hazards for You\n|-damage|p2a: No Hazards for You|0 fnt\n|faint|p2a: No Hazards for You\n|\n|win|ninjastatus\n|raw|ninjastatus's rating: 1576 &rarr; <strong>1597</strong><br />(+21 for winning)\n|raw|LowEL0God's rating: 1586 &rarr; <strong>1565</strong><br />(-21 for losing)\n", "uploadtime": 1782548781, "views": 11, "formatid": "gen9ou", "rating": 1565, "private": 0, "password": null}