{"id": "gen9ou-2639307699", "format": "[Gen 9] OU", "players": ["tasty sardine 408", "stevenstonersx69"], "log": "|j|‽tasty sardine 408\n|j|☆stevenstonersx69\n|t:|1782450045\n|gametype|singles\n|player|p1|tasty sardine 408|harlequin|1636\n|player|p2|stevenstonersx69|1|1530\n|gen|9\n|tier|[Gen 9] OU\n|rated|\n|rule|HP Percentage Mod: HP is shown in percentages\n|rule|Endless Battle Clause: Forcing endless battles is banned\n|rule|Species Clause: Limit one of each Pokémon\n|rule|OHKO Clause: OHKO moves are banned\n|rule|Evasion Items Clause: Evasion items are banned\n|rule|Evasion Moves Clause: Evasion moves are banned\n|rule|Evasion Abilities Clause: Evasion abilities are banned\n|rule|Sleep Moves Clause: Sleep-inducing moves are banned\n|clearpoke\n|poke|p1|Umbreon, M|\n|poke|p1|Serperior, F|\n|poke|p1|Cresselia, F|\n|poke|p1|Revavroom, F|\n|poke|p1|Skeledirge, M|\n|poke|p1|Manaphy|\n|poke|p2|Garchomp, F|\n|poke|p2|Azumarill, M|\n|poke|p2|Clefable, M|\n|poke|p2|Maushold-Four|\n|poke|p2|Blaziken, F|\n|poke|p2|Polteageist|\n|teampreview\n|j| Luckycabbage148\n|\n|t:|1782450059\n|teamsize|p1|6\n|teamsize|p2|6\n|start\n|switch|p1a: Serperior|Serperior, F, shiny|100/100\n|switch|p2a: Drink this bro|Polteageist|100/100\n|turn|1\n|\n|t:|1782450064\n|move|p1a: Serperior|Glare|p2a: Drink this bro\n|-status|p2a: Drink this bro|par\n|move|p2a: Drink this bro|Shell Smash|p2a: Drink this bro\n|-unboost|p2a: Drink this bro|def|1\n|-unboost|p2a: Drink this bro|spd|1\n|-boost|p2a: Drink this bro|atk|2\n|-boost|p2a: Drink this bro|spa|2\n|-boost|p2a: Drink this bro|spe|2\n|\n|upkeep\n|turn|2\n|\n|t:|1782450069\n|switch|p1a: Skeledirge|Skeledirge, M, shiny|100/100\n|move|p2a: Drink this bro|Stored Power|p1a: Skeledirge\n|-damage|p1a: Skeledirge|57/100\n|\n|upkeep\n|turn|3\n|\n|t:|1782450074\n|move|p2a: Drink this bro|Shadow Ball|p1a: Skeledirge\n|-supereffective|p1a: Skeledirge\n|-damage|p1a: Skeledirge|0 fnt\n|faint|p1a: Skeledirge\n|\n|upkeep\n|\n|t:|1782450077\n|switch|p1a: Umbreon|Umbreon, M, shiny|100/100\n|turn|4\n|\n|t:|1782450081\n|move|p2a: Drink this bro|Shell Smash|p2a: Drink this bro\n|-unboost|p2a: Drink this bro|def|1\n|-unboost|p2a: Drink this bro|spd|1\n|-boost|p2a: Drink this bro|atk|2\n|-boost|p2a: Drink this bro|spa|2\n|-boost|p2a: Drink this bro|spe|2\n|move|p1a: Umbreon|Foul Play|p2a: Drink this bro\n|-supereffective|p2a: Drink this bro\n|-enditem|p2a: Drink this bro|Focus Sash\n|-damage|p2a: Drink this bro|1/100 par\n|-ability|p2a: Drink this bro|Weak Armor|boost\n|-unboost|p2a: Drink this bro|def|1\n|-boost|p2a: Drink this bro|spe|2\n|\n|upkeep\n|turn|5\n|\n|t:|1782450085\n|cant|p2a: Drink this bro|par\n|move|p1a: Umbreon|Foul Play|p2a: Drink this bro\n|-supereffective|p2a: Drink this bro\n|-damage|p2a: Drink this bro|0 fnt\n|faint|p2a: Drink this bro\n|\n|upkeep\n|\n|t:|1782450088\n|switch|p2a: Youre cooked|Blaziken, F|100/100\n|turn|6\n|\n|t:|1782450091\n|move|p1a: Umbreon|Protect|p1a: Umbreon\n|-singleturn|p1a: Umbreon|Protect\n|move|p2a: Youre cooked|Swords Dance|p2a: Youre cooked\n|-boost|p2a: Youre cooked|atk|2\n|\n|-ability|p2a: Youre cooked|Speed Boost|boost\n|-boost|p2a: Youre cooked|spe|1\n|upkeep\n|turn|7\n|\n|t:|1782450099\n|switch|p1a: Cresselia|Cresselia, F, shiny|100/100\n|move|p2a: Youre cooked|Protect||[still]\n|-fail|p2a: Youre cooked\n|\n|-ability|p2a: Youre cooked|Speed Boost|boost\n|-boost|p2a: Youre cooked|spe|1\n|upkeep\n|turn|8\n|\n|t:|1782450105\n|move|p2a: Youre cooked|Flare Blitz|p1a: Cresselia\n|-damage|p1a: Cresselia|34/100\n|-damage|p2a: Youre cooked|68/100|[from] Recoil\n|move|p1a: Cresselia|Moonblast|p2a: Youre cooked\n|-damage|p2a: Youre cooked|41/100\n|\n|-heal|p1a: Cresselia|40/100|[from] item: Leftovers\n|-ability|p2a: Youre cooked|Speed Boost|boost\n|-boost|p2a: Youre cooked|spe|1\n|upkeep\n|turn|9\n|inactive|Battle timer is ON: inactive players will automatically lose when time's up. (requested by tasty sardine 408)\n|\n|t:|1782450110\n|move|p2a: Youre cooked|Flare Blitz|p1a: Cresselia\n|-damage|p1a: Cresselia|0 fnt\n|faint|p1a: Cresselia\n|-damage|p2a: Youre cooked|22/100|[from] Recoil\n|\n|-ability|p2a: Youre cooked|Speed Boost|boost\n|-boost|p2a: Youre cooked|spe|1\n|upkeep\n|\n|t:|1782450114\n|switch|p1a: Manaphy|Manaphy, shiny|100/100\n|turn|10\n|\n|t:|1782450117\n|-terastallize|p2a: Youre cooked|Fighting\n|move|p2a: Youre cooked|Close Combat|p1a: Manaphy\n|-damage|p1a: Manaphy|0 fnt\n|-unboost|p2a: Youre cooked|def|1\n|-unboost|p2a: Youre cooked|spd|1\n|faint|p1a: Manaphy\n|\n|-ability|p2a: Youre cooked|Speed Boost|boost\n|-boost|p2a: Youre cooked|spe|1\n|upkeep\n|\n|t:|1782450122\n|switch|p1a: Umbreon|Umbreon, M, shiny|100/100\n|turn|11\n|\n|t:|1782450124\n|move|p2a: Youre cooked|Close Combat|p1a: Umbreon\n|-supereffective|p1a: Umbreon\n|-damage|p1a: Umbreon|0 fnt\n|-unboost|p2a: Youre cooked|def|1\n|-unboost|p2a: Youre cooked|spd|1\n|faint|p1a: Umbreon\n|\n|-ability|p2a: Youre cooked|Speed Boost|boost\n|-boost|p2a: Youre cooked|spe|1\n|upkeep\n|-message|tasty sardine 408 forfeited.\n|\n|win|stevenstonersx69\n|raw|tasty sardine 408's rating: 1636 &rarr; <strong>1610</strong><br />(-26 for losing)\n|raw|stevenstonersx69's rating: 1530 &rarr; <strong>1556</strong><br />(+26 for winning)\n|l|‽tasty sardine 408\n|player|p1|\n|l|☆stevenstonersx69\n|player|p2|\n", "uploadtime": 1782450316, "views": 13, "formatid": "gen9ou", "rating": 1556, "private": 0, "password": null}