{"id": "gen9ou-2639243846", "format": "[Gen 9] OU", "players": ["fattfartdrinker", "eslide"], "log": "|j|☆fattfartdrinker\n|j|‽eslide\n|t:|1782439516\n|gametype|singles\n|player|p1|fattfartdrinker|colress|1120\n|player|p2|eslide|101|1070\n|gen|9\n|tier|[Gen 9] OU\n|rated|\n|rule|HP Percentage Mod: HP is shown in percentages\n|rule|Endless Battle Clause: Forcing endless battles is banned\n|rule|Species Clause: Limit one of each Pokémon\n|rule|OHKO Clause: OHKO moves are banned\n|rule|Evasion Items Clause: Evasion items are banned\n|rule|Evasion Moves Clause: Evasion moves are banned\n|rule|Evasion Abilities Clause: Evasion abilities are banned\n|rule|Sleep Moves Clause: Sleep-inducing moves are banned\n|clearpoke\n|poke|p1|Umbreon, M|\n|poke|p1|Serperior, F|\n|poke|p1|Garchomp, M|\n|poke|p1|Iron Treads|\n|poke|p1|Dragonite, M|\n|poke|p1|Iron Valiant|\n|poke|p2|Slowking-Galar, F|\n|poke|p2|Kyurem|\n|poke|p2|Landorus-Therian, M|\n|poke|p2|Hoopa-Unbound|\n|poke|p2|Corviknight, M|\n|poke|p2|Zamazenta-*|\n|teampreview\n|inactive|Battle timer is ON: inactive players will automatically lose when time's up. (requested by fattfartdrinker)\n|inactive|eslide has 120 seconds left.\n|\n|t:|1782439551\n|teamsize|p1|6\n|teamsize|p2|6\n|start\n|switch|p1a: Garchomp|Garchomp, M|100/100\n|switch|p2a: Corviknight|Corviknight, M|100/100\n|-ability|p2a: Corviknight|Pressure\n|turn|1\n|\n|t:|1782439564\n|move|p2a: Corviknight|Brave Bird|p1a: Garchomp\n|-damage|p1a: Garchomp|77/100\n|-damage|p2a: Corviknight|88/100|[from] ability: Rough Skin|[of] p1a: Garchomp\n|-damage|p2a: Corviknight|72/100|[from] item: Rocky Helmet|[of] p1a: Garchomp\n|-damage|p2a: Corviknight|63/100|[from] Recoil\n|move|p1a: Garchomp|Dragon Tail|p2a: Corviknight\n|-resisted|p2a: Corviknight\n|-damage|p2a: Corviknight|55/100\n|-damage|p1a: Garchomp|60/100|[from] item: Rocky Helmet|[of] p2a: Corviknight\n|drag|p2a: Hoopa|Hoopa-Unbound|100/100\n|\n|upkeep\n|turn|2\n|\n|t:|1782439580\n|switch|p2a: Corviknight|Corviknight, M|55/100\n|-ability|p2a: Corviknight|Pressure\n|move|p1a: Garchomp|Spikes|p2a: Corviknight\n|-sidestart|p2: eslide|Spikes\n|\n|upkeep\n|turn|3\n|\n|t:|1782439585\n|move|p2a: Corviknight|Roost|p2a: Corviknight\n|-heal|p2a: Corviknight|100/100\n|-singleturn|p2a: Corviknight|move: Roost\n|move|p1a: Garchomp|Dragon Tail|p2a: Corviknight\n|-resisted|p2a: Corviknight\n|-damage|p2a: Corviknight|92/100\n|-damage|p1a: Garchomp|44/100|[from] item: Rocky Helmet|[of] p2a: Corviknight\n|drag|p2a: Zamazenta|Zamazenta|100/100\n|-ability|p2a: Zamazenta|Dauntless Shield|boost\n|-boost|p2a: Zamazenta|def|1\n|\n|upkeep\n|turn|4\n|\n|t:|1782439596\n|switch|p2a: Corviknight|Corviknight, M|92/100\n|-ability|p2a: Corviknight|Pressure\n|move|p1a: Garchomp|Stealth Rock|p2a: Corviknight\n|-sidestart|p2: eslide|move: Stealth Rock\n|\n|upkeep\n|turn|5\n|\n|t:|1782439603\n|move|p2a: Corviknight|Defog|p1a: Garchomp\n|-unboost|p1a: Garchomp|evasion|1\n|-sideend|p2: eslide|Spikes|[from] move: Defog|[of] p2a: Corviknight\n|-sideend|p2: eslide|Stealth Rock|[from] move: Defog|[of] p2a: Corviknight\n|move|p1a: Garchomp|Dragon Tail|p2a: Corviknight\n|-resisted|p2a: Corviknight\n|-damage|p2a: Corviknight|85/100\n|-damage|p1a: Garchomp|27/100|[from] item: Rocky Helmet|[of] p2a: Corviknight\n|drag|p2a: Slowking|Slowking-Galar, F|100/100\n|\n|upkeep\n|turn|6\n|\n|t:|1782439631\n|switch|p2a: Corviknight|Corviknight, M|85/100\n|-ability|p2a: Corviknight|Pressure\n|move|p1a: Garchomp|Earthquake|p2a: Corviknight\n|-immune|p2a: Corviknight\n|\n|upkeep\n|turn|7\n|\n|t:|1782439649\n|move|p2a: Corviknight|Defog|p1a: Garchomp\n|-unboost|p1a: Garchomp|evasion|1\n|move|p1a: Garchomp|Dragon Tail|p2a: Corviknight\n|-resisted|p2a: Corviknight\n|-damage|p2a: Corviknight|76/100\n|-damage|p1a: Garchomp|11/100|[from] item: Rocky Helmet|[of] p2a: Corviknight\n|drag|p2a: Kyurem|Kyurem|100/100\n|-ability|p2a: Kyurem|Pressure\n|\n|upkeep\n|turn|8\n|inactive|eslide has 120 seconds left.\n|\n|t:|1782439677\n|switch|p2a: Corviknight|Corviknight, M|76/100\n|-ability|p2a: Corviknight|Pressure\n|move|p1a: Garchomp|Dragon Tail|p2a: Corviknight\n|-resisted|p2a: Corviknight\n|-crit|p2a: Corviknight\n|-damage|p2a: Corviknight|64/100\n|-damage|p1a: Garchomp|0 fnt|[from] item: Rocky Helmet|[of] p2a: Corviknight\n|faint|p1a: Garchomp\n|drag|p2a: Landorus|Landorus-Therian, M|100/100\n|\n|upkeep\n|\n|t:|1782439698\n|switch|p1a: Umbreon|Umbreon, M|100/100\n|turn|9\n|inactive|eslide has 120 seconds left.\n|\n|t:|1782439708\n|move|p2a: Landorus|Taunt|p1a: Umbreon\n|-start|p1a: Umbreon|move: Taunt\n|cant|p1a: Umbreon|move: Taunt|Toxic\n|\n|upkeep\n|turn|10\n|\n|t:|1782439714\n|move|p2a: Landorus|Stealth Rock|p1a: Umbreon\n|-sidestart|p1: fattfartdrinker|move: Stealth Rock\n|move|p1a: Umbreon|Foul Play|p2a: Landorus\n|-damage|p2a: Landorus|58/100\n|-damage|p1a: Umbreon|84/100|[from] item: Rocky Helmet|[of] p2a: Landorus\n|\n|-heal|p1a: Umbreon|90/100|[from] item: Leftovers\n|upkeep\n|turn|11\n|\n|t:|1782439724\n|move|p2a: Landorus|U-turn|p1a: Umbreon\n|-supereffective|p1a: Umbreon\n|-damage|p1a: Umbreon|63/100\n|\n|t:|1782439734\n|switch|p2a: Corviknight|Corviknight, M|64/100|[from] U-turn\n|-ability|p2a: Corviknight|Pressure\n|move|p1a: Umbreon|Foul Play|p2a: Corviknight\n|-damage|p2a: Corviknight|45/100\n|-damage|p1a: Umbreon|46/100|[from] item: Rocky Helmet|[of] p2a: Corviknight\n|\n|-heal|p1a: Umbreon|52/100|[from] item: Leftovers\n|-end|p1a: Umbreon|move: Taunt\n|upkeep\n|turn|12\n|\n|t:|1782439745\n|move|p2a: Corviknight|Roost|p2a: Corviknight\n|-heal|p2a: Corviknight|95/100\n|-singleturn|p2a: Corviknight|move: Roost\n|move|p1a: Umbreon|Wish|p1a: Umbreon\n|\n|-heal|p1a: Umbreon|58/100|[from] item: Leftovers\n|upkeep\n|turn|13\n|\n|t:|1782439763\n|move|p1a: Umbreon|Protect|p1a: Umbreon\n|-singleturn|p1a: Umbreon|Protect\n|move|p2a: Corviknight|U-turn|p1a: Umbreon\n|-activate|p1a: Umbreon|move: Protect\n|\n|-heal|p1a: Umbreon|100/100|[from] move: Wish|[wisher] Umbreon\n|upkeep\n|turn|14\n|inactive|eslide has 120 seconds left.\n|\n|t:|1782439789\n|switch|p1a: Serperior|Serperior, F|100/100\n|-damage|p1a: Serperior|88/100|[from] Stealth Rock\n|move|p2a: Corviknight|Brave Bird|p1a: Serperior\n|-supereffective|p1a: Serperior\n|-damage|p1a: Serperior|20/100\n|-damage|p2a: Corviknight|79/100|[from] item: Rocky Helmet|[of] p1a: Serperior\n|-damage|p2a: Corviknight|60/100|[from] Recoil\n|\n|upkeep\n|turn|15\n|inactive|eslide has 120 seconds left.\n|\n|t:|1782439815\n|move|p1a: Serperior|Glare|p2a: Corviknight\n|-status|p2a: Corviknight|par\n|cant|p2a: Corviknight|par\n|\n|upkeep\n|turn|16\n|\n|t:|1782439822\n|switch|p1a: Iron Treads|Iron Treads|100/100\n|-damage|p1a: Iron Treads|98/100|[from] Stealth Rock\n|-item|p1a: Iron Treads|Air Balloon\n|move|p2a: Corviknight|Brave Bird|p1a: Iron Treads\n|-resisted|p1a: Iron Treads\n|-damage|p1a: Iron Treads|83/100\n|-enditem|p1a: Iron Treads|Air Balloon\n|-damage|p2a: Corviknight|55/100 par|[from] Recoil\n|\n|upkeep\n|turn|17\n|inactive|eslide has 120 seconds left.\n|\n|t:|1782439844\n|switch|p2a: Landorus|Landorus-Therian, M|58/100\n|-ability|p2a: Landorus|Intimidate|boost\n|-unboost|p1a: Iron Treads|atk|1\n|move|p1a: Iron Treads|Rapid Spin|p2a: Landorus\n|-damage|p2a: Landorus|50/100\n|-boost|p1a: Iron Treads|spe|1\n|-damage|p1a: Iron Treads|67/100|[from] item: Rocky Helmet|[of] p2a: Landorus\n|-sideend|p1: fattfartdrinker|Stealth Rock|[from] move: Rapid Spin|[of] p1a: Iron Treads\n|\n|upkeep\n|turn|18\n|\n|t:|1782439863\n|move|p1a: Iron Treads|Knock Off|p2a: Landorus\n|-damage|p2a: Landorus|34/100\n|-damage|p1a: Iron Treads|50/100|[from] item: Rocky Helmet|[of] p2a: Landorus\n|-enditem|p2a: Landorus|Rocky Helmet|[from] move: Knock Off|[of] p1a: Iron Treads\n|move|p2a: Landorus|Earthquake|p1a: Iron Treads\n|-supereffective|p1a: Iron Treads\n|-damage|p1a: Iron Treads|0 fnt\n|faint|p1a: Iron Treads\n|-end|p1a: Iron Treads|Quark Drive|[silent]\n|\n|upkeep\n|\n|t:|1782439871\n|switch|p1a: Umbreon|Umbreon, M|100/100\n|turn|19\n|\n|t:|1782439878\n|move|p2a: Landorus|Taunt|p1a: Umbreon\n|-start|p1a: Umbreon|move: Taunt\n|cant|p1a: Umbreon|move: Taunt|Wish\n|\n|upkeep\n|turn|20\n|\n|t:|1782439883\n|move|p2a: Landorus|Stealth Rock|p1a: Umbreon\n|-sidestart|p1: fattfartdrinker|move: Stealth Rock\n|move|p1a: Umbreon|Foul Play|p2a: Landorus\n|-damage|p2a: Landorus|0 fnt\n|faint|p2a: Landorus\n|\n|upkeep\n|inactive|eslide has 120 seconds left.\n|\n|t:|1782439904\n|switch|p2a: Zamazenta|Zamazenta|100/100\n|turn|21\n|\n|t:|1782439914\n|switch|p1a: Dragonite|Dragonite, M|100/100\n|move|p2a: Zamazenta|Close Combat|p1a: Dragonite\n|-resisted|p1a: Dragonite\n|-damage|p1a: Dragonite|84/100\n|-unboost|p2a: Zamazenta|def|1\n|-unboost|p2a: Zamazenta|spd|1\n|\n|upkeep\n|turn|22\n|\n|t:|1782439932\n|switch|p2a: Kyurem|Kyurem|100/100\n|-ability|p2a: Kyurem|Pressure\n|move|p1a: Dragonite|Roost|p1a: Dragonite\n|-heal|p1a: Dragonite|100/100\n|-singleturn|p1a: Dragonite|move: Roost\n|\n|upkeep\n|turn|23\n|\n|t:|1782439945\n|-terastallize|p2a: Kyurem|Fairy\n|move|p2a: Kyurem|Ice Beam|p1a: Dragonite\n|-supereffective|p1a: Dragonite\n|-damage|p1a: Dragonite|0 fnt\n|faint|p1a: Dragonite\n|\n|upkeep\n|-message|fattfartdrinker forfeited.\n|\n|win|eslide\n|raw|fattfartdrinker's rating: 1120 &rarr; <strong>1091</strong><br />(-29 for losing)\n|raw|eslide's rating: 1070 &rarr; <strong>1104</strong><br />(+34 for winning)\n|l|☆fattfartdrinker\n|player|p1|\n", "uploadtime": 1782439954, "views": 8, "formatid": "gen9ou", "rating": 1091, "private": 0, "password": null}