{"id": "gen9ou-2647842379", "format": "[Gen 9] OU", "players": ["ikthoizzykil", "greenoid"], "log": "|j|☆ikthoizzykil\n|j|☆greenoid\n|t:|1783822261\n|gametype|singles\n|player|p1|ikthoizzykil|pokemaniac-gen3rs|1463\n|player|p2|greenoid|parasollady|1505\n|gen|9\n|tier|[Gen 9] OU\n|rated|\n|rule|HP Percentage Mod: HP is shown in percentages\n|rule|Endless Battle Clause: Forcing endless battles is banned\n|rule|Species Clause: Limit one of each Pokémon\n|rule|OHKO Clause: OHKO moves are banned\n|rule|Evasion Items Clause: Evasion items are banned\n|rule|Evasion Moves Clause: Evasion moves are banned\n|rule|Evasion Abilities Clause: Evasion abilities are banned\n|rule|Sleep Moves Clause: Sleep-inducing moves are banned\n|clearpoke\n|poke|p1|Regidrago|\n|poke|p1|Slowking-Galar, F|\n|poke|p1|Great Tusk|\n|poke|p1|Ogerpon-Wellspring, F|\n|poke|p1|Kingambit, M|\n|poke|p1|Landorus-Therian, M|\n|poke|p2|Pelipper, F|\n|poke|p2|Hatterene, F|\n|poke|p2|Iron Treads|\n|poke|p2|Toxicroak, F|\n|poke|p2|Barraskewda, F|\n|poke|p2|Zapdos|\n|teampreview\n|inactive|Battle timer is ON: inactive players will automatically lose when time's up. (requested by greenoid)\n|inactive|ikthoizzykil also wants the timer to be on.\n|\n|t:|1783822286\n|teamsize|p1|6\n|teamsize|p2|6\n|start\n|switch|p1a: Slowking|Slowking-Galar, F|100/100\n|switch|p2a: Not Counting|Pelipper, F|100/100\n|-weather|RainDance|[from] ability: Drizzle|[of] p2a: Not Counting\n|turn|1\n|\n|t:|1783822290\n|move|p2a: Not Counting|Knock Off|p1a: Slowking\n|-supereffective|p1a: Slowking\n|-crit|p1a: Slowking\n|-damage|p1a: Slowking|63/100\n|-enditem|p1a: Slowking|Heavy-Duty Boots|[from] move: Knock Off|[of] p2a: Not Counting\n|-prepare|p1a: Slowking|Chilly Reception|[premajor]\n|move|p1a: Slowking|Chilly Reception|p1a: Slowking\n|-weather|Snowscape\n|inactive|ikthoizzykil has 120 seconds left.\n|\n|t:|1783822321\n|switch|p1a: Ogerpon|Ogerpon-Wellspring, F|100/100|[from] Chilly Reception\n|\n|-weather|Snowscape|[upkeep]\n|upkeep\n|turn|2\n|\n|t:|1783822343\n|switch|p2a: Tyler S Psuedonym|Toxicroak, F|100/100\n|move|p1a: Ogerpon|U-turn|p2a: Tyler S Psuedonym\n|-resisted|p2a: Tyler S Psuedonym\n|-damage|p2a: Tyler S Psuedonym|95/100\n|-damage|p1a: Ogerpon|84/100|[from] item: Rocky Helmet|[of] p2a: Tyler S Psuedonym\n|\n|t:|1783822360\n|switch|p1a: Landorus|Landorus-Therian, M|100/100|[from] U-turn\n|-ability|p1a: Landorus|Intimidate|boost\n|-unboost|p2a: Tyler S Psuedonym|atk|1\n|\n|-weather|Snowscape|[upkeep]\n|upkeep\n|turn|3\n|\n|t:|1783822372\n|switch|p2a: Pop a Perky|Zapdos|100/100\n|move|p1a: Landorus|U-turn|p2a: Pop a Perky\n|-resisted|p2a: Pop a Perky\n|-damage|p2a: Pop a Perky|86/100\n|\n|t:|1783822376\n|switch|p1a: Slowking|Slowking-Galar, F|97/100|[from] U-turn\n|\n|-weather|Snowscape|[upkeep]\n|upkeep\n|turn|4\n|\n|t:|1783822382\n|move|p2a: Pop a Perky|Weather Ball|p1a: Slowking\n|-damage|p1a: Slowking|65/100\n|move|p1a: Slowking|Psychic Noise|p2a: Pop a Perky\n|-damage|p2a: Pop a Perky|53/100\n|-start|p2a: Pop a Perky|move: Heal Block\n|\n|-weather|Snowscape|[upkeep]\n|upkeep\n|turn|5\n|\n|t:|1783822388\n|move|p2a: Pop a Perky|Weather Ball|p1a: Slowking\n|-damage|p1a: Slowking|32/100\n|-prepare|p1a: Slowking|Chilly Reception|[premajor]\n|move|p1a: Slowking|Chilly Reception|p1a: Slowking\n|\n|t:|1783822391\n|switch|p1a: Landorus|Landorus-Therian, M|100/100|[from] Chilly Reception\n|-ability|p1a: Landorus|Intimidate|boost\n|-unboost|p2a: Pop a Perky|atk|1\n|\n|-weather|none\n|-end|p2a: Pop a Perky|move: Heal Block\n|upkeep\n|turn|6\n|\n|t:|1783822395\n|switch|p2a: Owo whats this|Iron Treads|100/100\n|move|p1a: Landorus|Stone Edge|p2a: Owo whats this\n|-resisted|p2a: Owo whats this\n|-damage|p2a: Owo whats this|93/100\n|\n|-heal|p2a: Owo whats this|99/100|[from] item: Leftovers\n|upkeep\n|turn|7\n|\n|t:|1783822399\n|switch|p1a: Great Tusk|Great Tusk|100/100\n|move|p2a: Owo whats this|Stealth Rock|p1a: Great Tusk\n|-sidestart|p1: ikthoizzykil|move: Stealth Rock\n|\n|-heal|p2a: Owo whats this|100/100|[from] item: Leftovers\n|upkeep\n|turn|8\n|\n|t:|1783822403\n|-end|p2a: Owo whats this|Quark Drive|[silent]\n|switch|p2a: Not Counting|Pelipper, F|100/100\n|-weather|RainDance|[from] ability: Drizzle|[of] p2a: Not Counting\n|move|p1a: Great Tusk|Rapid Spin|p2a: Not Counting\n|-damage|p2a: Not Counting|85/100\n|-boost|p1a: Great Tusk|spe|1\n|-sideend|p1: ikthoizzykil|Stealth Rock|[from] move: Rapid Spin|[of] p1a: Great Tusk\n|\n|-weather|RainDance|[upkeep]\n|upkeep\n|turn|9\n|\n|t:|1783822407\n|-end|p1a: Great Tusk|Protosynthesis|[silent]\n|switch|p1a: Slowking|Slowking-Galar, F|66/100\n|move|p2a: Not Counting|U-turn|p1a: Slowking\n|-damage|p1a: Slowking|58/100\n|\n|t:|1783822410\n|switch|p2a: Pop a Perky|Zapdos|53/100|[from] U-turn\n|\n|-weather|RainDance|[upkeep]\n|upkeep\n|turn|10\n|\n|t:|1783822413\n|move|p2a: Pop a Perky|Hurricane|p1a: Slowking\n|-damage|p1a: Slowking|1/100\n|-prepare|p1a: Slowking|Chilly Reception|[premajor]\n|move|p1a: Slowking|Chilly Reception|p1a: Slowking\n|-weather|Snowscape\n|\n|t:|1783822429\n|switch|p1a: Landorus|Landorus-Therian, M|100/100|[from] Chilly Reception\n|-ability|p1a: Landorus|Intimidate|boost\n|-unboost|p2a: Pop a Perky|atk|1\n|\n|-weather|Snowscape|[upkeep]\n|upkeep\n|turn|11\n|\n|t:|1783822433\n|switch|p2a: Deflector|Hatterene, F|100/100\n|move|p1a: Landorus|Earthquake|p2a: Deflector\n|-damage|p2a: Deflector|47/100\n|-enditem|p2a: Deflector|Eject Button\n|\n|t:|1783822436\n|switch|p2a: Not Counting|Pelipper, F|85/100\n|-weather|RainDance|[from] ability: Drizzle|[of] p2a: Not Counting\n|\n|-weather|RainDance|[upkeep]\n|upkeep\n|turn|12\n|\n|t:|1783822451\n|move|p1a: Landorus|Earthquake|p2a: Not Counting\n|-immune|p2a: Not Counting\n|move|p2a: Not Counting|U-turn|p1a: Landorus\n|-resisted|p1a: Landorus\n|-damage|p1a: Landorus|95/100\n|\n|t:|1783822454\n|switch|p2a: Pop a Perky|Zapdos|53/100|[from] U-turn\n|\n|-weather|RainDance|[upkeep]\n|upkeep\n|turn|13\n|\n|t:|1783822475\n|switch|p1a: Regidrago|Regidrago|100/100\n|move|p2a: Pop a Perky|Hurricane|p1a: Regidrago\n|-damage|p1a: Regidrago|11/100\n|-start|p1a: Regidrago|confusion\n|\n|-weather|RainDance|[upkeep]\n|upkeep\n|turn|14\n|\n|t:|1783822492\n|switch|p2a: Deflector|Hatterene, F|47/100\n|-activate|p1a: Regidrago|confusion\n|move|p1a: Regidrago|Dragon Pulse|p2a: Deflector\n|-immune|p2a: Deflector\n|\n|-weather|RainDance|[upkeep]\n|upkeep\n|turn|15\n|\n|t:|1783822497\n|switch|p1a: Slowking|Slowking-Galar, F|34/100\n|move|p2a: Deflector|Psychic Noise|p1a: Slowking\n|-damage|p1a: Slowking|12/100\n|-start|p1a: Slowking|move: Heal Block\n|\n|-weather|RainDance|[upkeep]\n|upkeep\n|turn|16\n|\n|t:|1783822502\n|switch|p1a: Kingambit|Kingambit, M|100/100\n|move|p2a: Deflector|Psychic Noise|p1a: Kingambit\n|-immune|p1a: Kingambit\n|\n|-weather|RainDance|[upkeep]\n|upkeep\n|turn|17\n|\n|t:|1783822511\n|move|p1a: Kingambit|Iron Head|p2a: Deflector\n|-supereffective|p2a: Deflector\n|-damage|p2a: Deflector|0 fnt\n|faint|p2a: Deflector\n|\n|-weather|RainDance|[upkeep]\n|upkeep\n|\n|t:|1783822514\n|switch|p2a: Tyler S Psuedonym|Toxicroak, F|95/100\n|turn|18\n|\n|t:|1783822523\n|-end|p1a: Kingambit|fallenundefined|[silent]\n|switch|p1a: Landorus|Landorus-Therian, M|95/100\n|-ability|p1a: Landorus|Intimidate|boost\n|-unboost|p2a: Tyler S Psuedonym|atk|1\n|move|p2a: Tyler S Psuedonym|Knock Off|p1a: Landorus\n|-damage|p1a: Landorus|77/100\n|-enditem|p1a: Landorus|Choice Scarf|[from] move: Knock Off|[of] p2a: Tyler S Psuedonym\n|\n|-weather|none\n|upkeep\n|turn|19\n|\n|t:|1783822528\n|switch|p2a: Not Counting|Pelipper, F|85/100\n|-weather|RainDance|[from] ability: Drizzle|[of] p2a: Not Counting\n|move|p1a: Landorus|Stealth Rock|p2a: Not Counting\n|-sidestart|p2: greenoid|move: Stealth Rock\n|\n|-weather|RainDance|[upkeep]\n|upkeep\n|turn|20\n|\n|t:|1783822535\n|switch|p2a: Owo whats this|Iron Treads|100/100\n|-damage|p2a: Owo whats this|98/100|[from] Stealth Rock\n|move|p1a: Landorus|U-turn|p2a: Owo whats this\n|-resisted|p2a: Owo whats this\n|-damage|p2a: Owo whats this|88/100\n|\n|t:|1783822538\n|switch|p1a: Great Tusk|Great Tusk|100/100|[from] U-turn\n|\n|-weather|RainDance|[upkeep]\n|-heal|p2a: Owo whats this|94/100|[from] item: Leftovers\n|upkeep\n|turn|21\n|\n|t:|1783822548\n|-end|p2a: Owo whats this|Quark Drive|[silent]\n|switch|p2a: Not Counting|Pelipper, F|85/100\n|-damage|p2a: Not Counting|60/100|[from] Stealth Rock\n|move|p1a: Great Tusk|Bulk Up|p1a: Great Tusk\n|-boost|p1a: Great Tusk|atk|1\n|-boost|p1a: Great Tusk|def|1\n|\n|-weather|RainDance|[upkeep]\n|upkeep\n|turn|22\n|\n|t:|1783822557\n|-end|p1a: Great Tusk|Protosynthesis|[silent]\n|switch|p1a: Slowking|Slowking-Galar, F|45/100\n|move|p2a: Not Counting|Hurricane|p1a: Slowking\n|-damage|p1a: Slowking|21/100\n|\n|-weather|RainDance|[upkeep]\n|upkeep\n|turn|23\n|\n|t:|1783822560\n|move|p2a: Not Counting|Hurricane|p1a: Slowking\n|-damage|p1a: Slowking|0 fnt\n|faint|p1a: Slowking\n|\n|-weather|RainDance|[upkeep]\n|upkeep\n|\n|t:|1783822567\n|switch|p1a: Landorus|Landorus-Therian, M|77/100\n|-ability|p1a: Landorus|Intimidate|boost\n|-unboost|p2a: Not Counting|atk|1\n|turn|24\n|\n|t:|1783822574\n|switch|p2a: Owo whats this|Iron Treads|94/100\n|-damage|p2a: Owo whats this|91/100|[from] Stealth Rock\n|move|p1a: Landorus|Stone Edge|p2a: Owo whats this\n|-resisted|p2a: Owo whats this\n|-crit|p2a: Owo whats this\n|-damage|p2a: Owo whats this|81/100\n|\n|-weather|RainDance|[upkeep]\n|-heal|p2a: Owo whats this|87/100|[from] item: Leftovers\n|upkeep\n|turn|25\n|\n|t:|1783822578\n|move|p1a: Landorus|Earthquake|p2a: Owo whats this\n|-supereffective|p2a: Owo whats this\n|-damage|p2a: Owo whats this|0 fnt\n|faint|p2a: Owo whats this\n|-end|p2a: Owo whats this|Quark Drive|[silent]\n|\n|-weather|RainDance|[upkeep]\n|upkeep\n|\n|t:|1783822580\n|switch|p2a: Rotisserie Chicken|Barraskewda, F|100/100\n|-damage|p2a: Rotisserie Chicken|88/100|[from] Stealth Rock\n|turn|26\n|\n|t:|1783822584\n|switch|p1a: Ogerpon|Ogerpon-Wellspring, F|84/100\n|move|p2a: Rotisserie Chicken|Close Combat|p1a: Ogerpon\n|-damage|p1a: Ogerpon|1/100\n|-unboost|p2a: Rotisserie Chicken|def|1\n|-unboost|p2a: Rotisserie Chicken|spd|1\n|\n|-weather|none\n|upkeep\n|turn|27\n|\n|t:|1783822588\n|switch|p1a: Landorus|Landorus-Therian, M|77/100\n|-ability|p1a: Landorus|Intimidate|boost\n|-unboost|p2a: Rotisserie Chicken|atk|1\n|move|p2a: Rotisserie Chicken|Close Combat|p1a: Landorus\n|-resisted|p1a: Landorus\n|-damage|p1a: Landorus|52/100\n|-unboost|p2a: Rotisserie Chicken|def|1\n|-unboost|p2a: Rotisserie Chicken|spd|1\n|\n|upkeep\n|turn|28\n|\n|t:|1783822592\n|switch|p2a: Not Counting|Pelipper, F|60/100\n|-damage|p2a: Not Counting|35/100|[from] Stealth Rock\n|-weather|RainDance|[from] ability: Drizzle|[of] p2a: Not Counting\n|move|p1a: Landorus|Stone Edge|p2a: Not Counting\n|-supereffective|p2a: Not Counting\n|-damage|p2a: Not Counting|0 fnt\n|faint|p2a: Not Counting\n|\n|-weather|RainDance|[upkeep]\n|upkeep\n|\n|t:|1783822595\n|switch|p2a: Pop a Perky|Zapdos|53/100\n|-damage|p2a: Pop a Perky|28/100|[from] Stealth Rock\n|turn|29\n|\n|t:|1783822597\n|move|p2a: Pop a Perky|Hurricane|p1a: Landorus\n|-damage|p1a: Landorus|0 fnt\n|faint|p1a: Landorus\n|\n|-weather|RainDance|[upkeep]\n|upkeep\n|\n|t:|1783822601\n|switch|p1a: Kingambit|Kingambit, M|100/100\n|-activate|p1a: Kingambit|ability: Supreme Overlord\n|-start|p1a: Kingambit|fallen2|[silent]\n|turn|30\n|\n|t:|1783822605\n|switch|p2a: Tyler S Psuedonym|Toxicroak, F|95/100\n|-damage|p2a: Tyler S Psuedonym|88/100|[from] Stealth Rock\n|move|p1a: Kingambit|Iron Head|p2a: Tyler S Psuedonym\n|-damage|p2a: Tyler S Psuedonym|34/100\n|-damage|p1a: Kingambit|84/100|[from] item: Rocky Helmet|[of] p2a: Tyler S Psuedonym\n|\n|-weather|RainDance|[upkeep]\n|-heal|p2a: Tyler S Psuedonym|46/100|[from] ability: Dry Skin\n|-heal|p1a: Kingambit|90/100|[from] item: Leftovers\n|upkeep\n|turn|31\n|\n|t:|1783822609\n|-end|p1a: Kingambit|fallen2|[silent]\n|switch|p1a: Regidrago|Regidrago|11/100\n|move|p2a: Tyler S Psuedonym|Drain Punch|p1a: Regidrago\n|-damage|p1a: Regidrago|0 fnt\n|-heal|p2a: Tyler S Psuedonym|54/100|[from] drain|[of] p1a: Regidrago\n|faint|p1a: Regidrago\n|\n|-weather|RainDance|[upkeep]\n|-heal|p2a: Tyler S Psuedonym|66/100|[from] ability: Dry Skin\n|upkeep\n|\n|t:|1783822612\n|switch|p1a: Great Tusk|Great Tusk|100/100\n|turn|32\n|\n|t:|1783822623\n|switch|p2a: Rotisserie Chicken|Barraskewda, F|88/100\n|-damage|p2a: Rotisserie Chicken|76/100|[from] Stealth Rock\n|move|p1a: Great Tusk|Rapid Spin|p2a: Rotisserie Chicken\n|-damage|p2a: Rotisserie Chicken|48/100\n|-boost|p1a: Great Tusk|spe|1\n|\n|-weather|RainDance|[upkeep]\n|upkeep\n|turn|33\n|\n|t:|1783822638\n|-terastallize|p1a: Great Tusk|Ghost\n|move|p2a: Rotisserie Chicken|Liquidation|p1a: Great Tusk\n|-damage|p1a: Great Tusk|32/100\n|move|p1a: Great Tusk|Bulk Up|p1a: Great Tusk\n|-boost|p1a: Great Tusk|atk|1\n|-boost|p1a: Great Tusk|def|1\n|\n|-weather|RainDance|[upkeep]\n|-heal|p1a: Great Tusk|38/100|[from] item: Leftovers\n|upkeep\n|turn|34\n|\n|t:|1783822644\n|move|p2a: Rotisserie Chicken|Liquidation|p1a: Great Tusk\n|-damage|p1a: Great Tusk|0 fnt\n|faint|p1a: Great Tusk\n|-end|p1a: Great Tusk|Protosynthesis|[silent]\n|\n|-weather|RainDance|[upkeep]\n|upkeep\n|\n|t:|1783822646\n|switch|p1a: Ogerpon|Ogerpon-Wellspring, F|1/100\n|turn|35\n|\n|t:|1783822649\n|switch|p2a: Pop a Perky|Zapdos|28/100\n|-damage|p2a: Pop a Perky|3/100|[from] Stealth Rock\n|move|p1a: Ogerpon|Ivy Cudgel|p2a: Pop a Perky|[anim] Ivy Cudgel Water\n|-damage|p2a: Pop a Perky|0 fnt\n|faint|p2a: Pop a Perky\n|\n|-weather|none\n|upkeep\n|\n|t:|1783822651\n|switch|p2a: Tyler S Psuedonym|Toxicroak, F|66/100\n|-damage|p2a: Tyler S Psuedonym|60/100|[from] Stealth Rock\n|turn|36\n|\n|t:|1783822661\n|move|p1a: Ogerpon|Power Whip|p2a: Tyler S Psuedonym\n|-resisted|p2a: Tyler S Psuedonym\n|-damage|p2a: Tyler S Psuedonym|27/100\n|-damage|p1a: Ogerpon|0 fnt|[from] item: Rocky Helmet|[of] p2a: Tyler S Psuedonym\n|faint|p1a: Ogerpon\n|move|p2a: Tyler S Psuedonym|Drain Punch|p1: Ogerpon|[notarget]\n|-fail|p2a: Tyler S Psuedonym\n|\n|upkeep\n|\n|t:|1783822664\n|switch|p1a: Kingambit|Kingambit, M|90/100\n|-activate|p1a: Kingambit|ability: Supreme Overlord\n|-start|p1a: Kingambit|fallen5|[silent]\n|turn|37\n|\n|t:|1783822669\n|move|p1a: Kingambit|Sucker Punch||[still]\n|-fail|p1a: Kingambit\n|move|p2a: Tyler S Psuedonym|Toxic|p1a: Kingambit\n|-immune|p1a: Kingambit\n|\n|-heal|p1a: Kingambit|97/100|[from] item: Leftovers\n|upkeep\n|turn|38\n|\n|t:|1783822671\n|move|p1a: Kingambit|Sucker Punch||[still]\n|-fail|p1a: Kingambit\n|move|p2a: Tyler S Psuedonym|Encore|p1a: Kingambit\n|-start|p1a: Kingambit|Encore\n|\n|-heal|p1a: Kingambit|100/100|[from] item: Leftovers\n|upkeep\n|turn|39\n|\n|t:|1783822674\n|move|p1a: Kingambit|Sucker Punch||[still]\n|-fail|p1a: Kingambit\n|move|p2a: Tyler S Psuedonym|Toxic|p1a: Kingambit\n|-immune|p1a: Kingambit\n|\n|upkeep\n|turn|40\n|\n|t:|1783822683\n|move|p1a: Kingambit|Sucker Punch||[still]\n|-fail|p1a: Kingambit\n|move|p2a: Tyler S Psuedonym|Toxic|p1a: Kingambit\n|-immune|p1a: Kingambit\n|\n|upkeep\n|turn|41\n|\n|t:|1783822689\n|move|p1a: Kingambit|Sucker Punch||[still]\n|-fail|p1a: Kingambit\n|move|p2a: Tyler S Psuedonym|Toxic|p1a: Kingambit\n|-immune|p1a: Kingambit\n|\n|-end|p1a: Kingambit|Encore\n|upkeep\n|turn|42\n|\n|t:|1783822691\n|move|p2a: Tyler S Psuedonym|Encore|p1a: Kingambit\n|-start|p1a: Kingambit|Encore\n|move|p1a: Kingambit|Sucker Punch||[still]\n|-fail|p1a: Kingambit\n|\n|upkeep\n|turn|43\n|\n|t:|1783822693\n|move|p1a: Kingambit|Sucker Punch||[still]\n|-fail|p1a: Kingambit\n|move|p2a: Tyler S Psuedonym|Toxic|p1a: Kingambit\n|-immune|p1a: Kingambit\n|\n|upkeep\n|turn|44\n|\n|t:|1783822703\n|move|p1a: Kingambit|Sucker Punch||[still]\n|-fail|p1a: Kingambit\n|move|p2a: Tyler S Psuedonym|Toxic|p1a: Kingambit\n|-immune|p1a: Kingambit\n|\n|-end|p1a: Kingambit|Encore\n|upkeep\n|turn|45\n|\n|t:|1783822706\n|move|p2a: Tyler S Psuedonym|Drain Punch|p1a: Kingambit\n|-supereffective|p1a: Kingambit\n|-damage|p1a: Kingambit|16/100\n|-heal|p2a: Tyler S Psuedonym|73/100|[from] drain|[of] p1a: Kingambit\n|move|p1a: Kingambit|Kowtow Cleave|p2a: Tyler S Psuedonym\n|-resisted|p2a: Tyler S Psuedonym\n|-damage|p2a: Tyler S Psuedonym|37/100\n|-damage|p1a: Kingambit|0 fnt|[from] item: Rocky Helmet|[of] p2a: Tyler S Psuedonym\n|faint|p1a: Kingambit\n|-end|p1a: Kingambit|fallen5|[silent]\n|\n|win|greenoid\n|raw|ikthoizzykil's rating: 1463 &rarr; <strong>1445</strong><br />(-18 for losing)\n|raw|greenoid's rating: 1505 &rarr; <strong>1523</strong><br />(+18 for winning)\n|l|☆ikthoizzykil\n|player|p1|\n|l|☆greenoid\n|player|p2|\n", "uploadtime": 1783823024, "views": 1, "formatid": "gen9ou", "rating": 1445, "private": 0, "password": null}