{"id": "gen9ou-2647686782", "format": "[Gen 9] OU", "players": ["RomanSan19", "snorlaxonsteds"], "log": "|j|☆RomanSan19\n|j|☆snorlaxonsteds\n|t:|1783796282\n|gametype|singles\n|player|p1|RomanSan19|169|1153\n|player|p2|snorlaxonsteds|rood|1131\n|gen|9\n|tier|[Gen 9] OU\n|rated|\n|rule|HP Percentage Mod: HP is shown in percentages\n|rule|Endless Battle Clause: Forcing endless battles is banned\n|rule|Species Clause: Limit one of each Pokémon\n|rule|OHKO Clause: OHKO moves are banned\n|rule|Evasion Items Clause: Evasion items are banned\n|rule|Evasion Moves Clause: Evasion moves are banned\n|rule|Evasion Abilities Clause: Evasion abilities are banned\n|rule|Sleep Moves Clause: Sleep-inducing moves are banned\n|clearpoke\n|poke|p1|Dragapult, M|\n|poke|p1|Gholdengo|\n|poke|p1|Heatran, M|\n|poke|p1|Great Tusk|\n|poke|p1|Primarina, F|\n|poke|p1|Weezing-Galar, F|\n|poke|p2|Corviknight, F|\n|poke|p2|Mew|\n|poke|p2|Alcremie, F|\n|poke|p2|Dondozo, M|\n|poke|p2|Skeledirge, F|\n|poke|p2|Jirachi|\n|teampreview\n|\n|t:|1783796296\n|teamsize|p1|6\n|teamsize|p2|6\n|start\n|switch|p1a: Heatran|Heatran, M|100/100\n|switch|p2a: Metallicaw|Corviknight, F|100/100\n|-item|p1a: Heatran|Air Balloon\n|turn|1\n|inactive|Battle timer is ON: inactive players will automatically lose when time's up. (requested by RomanSan19)\n|\n|t:|1783796328\n|switch|p2a: Namazu|Dondozo, M, shiny|100/100\n|move|p1a: Heatran|Stealth Rock|p2a: Namazu\n|-sidestart|p2: snorlaxonsteds|move: Stealth Rock\n|\n|upkeep\n|turn|2\n|\n|t:|1783796346\n|switch|p1a: Primarina|Primarina, F, shiny|100/100\n|move|p2a: Namazu|Curse|p2a: Namazu\n|-unboost|p2a: Namazu|spe|1\n|-boost|p2a: Namazu|atk|1\n|-boost|p2a: Namazu|def|1\n|\n|upkeep\n|turn|3\n|\n|t:|1783796354\n|move|p1a: Primarina|Energy Ball|p2a: Namazu\n|-supereffective|p2a: Namazu\n|-damage|p2a: Namazu|60/100\n|move|p2a: Namazu|Curse|p2a: Namazu\n|-unboost|p2a: Namazu|spe|1\n|-boost|p2a: Namazu|atk|1\n|-boost|p2a: Namazu|def|1\n|\n|-heal|p2a: Namazu|66/100|[from] item: Leftovers\n|upkeep\n|turn|4\n|\n|t:|1783796366\n|switch|p2a: ジラーチ|Jirachi|100/100\n|-damage|p2a: ジラーチ|94/100|[from] Stealth Rock\n|move|p1a: Primarina|Energy Ball|p2a: ジラーチ\n|-resisted|p2a: ジラーチ\n|-damage|p2a: ジラーチ|85/100\n|\n|-heal|p2a: ジラーチ|91/100|[from] item: Leftovers\n|upkeep\n|turn|5\n|\n|t:|1783796377\n|switch|p1a: Heatran|Heatran, M|100/100\n|-item|p1a: Heatran|Air Balloon\n|move|p2a: ジラーチ|Body Slam|p1a: Heatran\n|-resisted|p1a: Heatran\n|-damage|p1a: Heatran|92/100\n|-status|p1a: Heatran|par\n|-enditem|p1a: Heatran|Air Balloon\n|\n|-heal|p2a: ジラーチ|98/100|[from] item: Leftovers\n|upkeep\n|turn|6\n|\n|t:|1783796391\n|switch|p2a: Namazu|Dondozo, M, shiny|66/100\n|-damage|p2a: Namazu|53/100|[from] Stealth Rock\n|move|p1a: Heatran|Flamethrower|p2a: Namazu\n|-resisted|p2a: Namazu\n|-damage|p2a: Namazu|41/100\n|\n|-heal|p2a: Namazu|47/100|[from] item: Leftovers\n|upkeep\n|turn|7\n|\n|t:|1783796402\n|switch|p1a: Primarina|Primarina, F, shiny|100/100\n|move|p2a: Namazu|Waterfall|p1a: Primarina\n|-resisted|p1a: Primarina\n|-damage|p1a: Primarina|83/100\n|\n|-heal|p1a: Primarina|89/100|[from] item: Leftovers\n|-heal|p2a: Namazu|53/100|[from] item: Leftovers\n|upkeep\n|turn|8\n|\n|t:|1783796411\n|switch|p2a: Metallicaw|Corviknight, F|100/100\n|-damage|p2a: Metallicaw|88/100|[from] Stealth Rock\n|move|p1a: Primarina|Energy Ball|p2a: Metallicaw\n|-resisted|p2a: Metallicaw\n|-damage|p2a: Metallicaw|81/100\n|\n|-heal|p1a: Primarina|95/100|[from] item: Leftovers\n|upkeep\n|turn|9\n|\n|t:|1783796425\n|switch|p1a: Heatran|Heatran, M|92/100 par\n|move|p2a: Metallicaw|Defog|p1a: Heatran\n|-unboost|p1a: Heatran|evasion|1\n|-sideend|p2: snorlaxonsteds|Stealth Rock|[from] move: Defog|[of] p2a: Metallicaw\n|\n|upkeep\n|turn|10\n|\n|t:|1783796439\n|switch|p2a: Meow|Mew|100/100\n|move|p1a: Heatran|Flamethrower|p2a: Meow\n|-damage|p2a: Meow|63/100\n|\n|-heal|p2a: Meow|69/100|[from] item: Leftovers\n|upkeep\n|turn|11\n|\n|t:|1783796449\n|move|p2a: Meow|Calm Mind|p2a: Meow\n|-boost|p2a: Meow|spa|1\n|-boost|p2a: Meow|spd|1\n|move|p1a: Heatran|Stealth Rock|p2a: Meow\n|-sidestart|p2: snorlaxonsteds|move: Stealth Rock\n|\n|-heal|p2a: Meow|76/100|[from] item: Leftovers\n|upkeep\n|turn|12\n|\n|t:|1783796462\n|move|p2a: Meow|Encore|p1a: Heatran\n|-start|p1a: Heatran|Encore\n|move|p1a: Heatran|Stealth Rock||[still]\n|-fail|p1a: Heatran\n|\n|-heal|p2a: Meow|82/100|[from] item: Leftovers\n|upkeep\n|turn|13\n|\n|t:|1783796471\n|switch|p1a: Weezing|Weezing-Galar, F|100/100\n|move|p2a: Meow|Calm Mind|p2a: Meow\n|-boost|p2a: Meow|spa|1\n|-boost|p2a: Meow|spd|1\n|\n|-heal|p2a: Meow|88/100|[from] item: Leftovers\n|upkeep\n|turn|14\n|\n|t:|1783796481\n|move|p2a: Meow|Psychic Noise|p1a: Weezing\n|-supereffective|p1a: Weezing\n|-damage|p1a: Weezing|0 fnt\n|faint|p1a: Weezing\n|\n|-heal|p2a: Meow|94/100|[from] item: Leftovers\n|upkeep\n|\n|t:|1783796493\n|switch|p1a: Gholdengo|Gholdengo|100/100\n|turn|15\n|\n|t:|1783796502\n|switch|p1a: Heatran|Heatran, M|92/100 par\n|move|p2a: Meow|Psychic Noise|p1a: Heatran\n|-resisted|p1a: Heatran\n|-damage|p1a: Heatran|62/100 par\n|-start|p1a: Heatran|move: Heal Block\n|\n|-heal|p2a: Meow|99/100|[from] item: Leftovers\n|upkeep\n|turn|16\n|\n|t:|1783796515\n|move|p2a: Meow|Calm Mind|p2a: Meow\n|-boost|p2a: Meow|spa|1\n|-boost|p2a: Meow|spd|1\n|move|p1a: Heatran|Earth Power|p2a: Meow\n|-damage|p2a: Meow|90/100\n|\n|-heal|p2a: Meow|96/100|[from] item: Leftovers\n|-end|p1a: Heatran|move: Heal Block\n|upkeep\n|turn|17\n|\n|t:|1783796525\n|move|p2a: Meow|Psychic Noise|p1a: Heatran\n|-resisted|p1a: Heatran\n|-damage|p1a: Heatran|25/100 par\n|-start|p1a: Heatran|move: Heal Block\n|cant|p1a: Heatran|par\n|\n|-heal|p2a: Meow|100/100|[from] item: Leftovers\n|upkeep\n|turn|18\n|\n|t:|1783796535\n|move|p2a: Meow|Calm Mind|p2a: Meow\n|-boost|p2a: Meow|spa|1\n|-boost|p2a: Meow|spd|1\n|move|p1a: Heatran|Flamethrower|p2a: Meow\n|-damage|p2a: Meow|88/100\n|\n|-heal|p2a: Meow|94/100|[from] item: Leftovers\n|-end|p1a: Heatran|move: Heal Block\n|upkeep\n|turn|19\n|\n|t:|1783796547\n|move|p2a: Meow|Psychic Noise|p1a: Heatran\n|-resisted|p1a: Heatran\n|-damage|p1a: Heatran|0 fnt\n|faint|p1a: Heatran\n|\n|-heal|p2a: Meow|99/100|[from] item: Leftovers\n|upkeep\n|\n|t:|1783796556\n|switch|p1a: Dragapult|Dragapult, M, shiny|100/100\n|turn|20\n|\n|t:|1783796565\n|move|p1a: Dragapult|Phantom Force||[still]\n|-prepare|p1a: Dragapult|Phantom Force\n|move|p2a: Meow|Draining Kiss|p1a: Dragapult|[miss]\n|-miss|p2a: Meow|p1a: Dragapult\n|\n|-heal|p2a: Meow|100/100|[from] item: Leftovers\n|upkeep\n|turn|21\n|\n|t:|1783796573\n|move|p1a: Dragapult|Phantom Force|p2a: Meow|[from] lockedmove\n|-supereffective|p2a: Meow\n|-damage|p2a: Meow|11/100\n|move|p2a: Meow|Calm Mind|p2a: Meow\n|-boost|p2a: Meow|spa|1\n|-boost|p2a: Meow|spd|1\n|\n|-heal|p2a: Meow|17/100|[from] item: Leftovers\n|upkeep\n|turn|22\n|\n|t:|1783796583\n|move|p1a: Dragapult|Dragon Darts|p2a: Meow\n|-damage|p2a: Meow|0 fnt\n|faint|p2a: Meow\n|\n|upkeep\n|\n|t:|1783796594\n|switch|p2a: a tasty treat|Alcremie, F|100/100\n|-damage|p2a: a tasty treat|88/100|[from] Stealth Rock\n|turn|23\n|\n|t:|1783796602\n|switch|p1a: Gholdengo|Gholdengo|100/100\n|move|p2a: a tasty treat|Acid Armor|p2a: a tasty treat\n|-boost|p2a: a tasty treat|def|2\n|\n|-heal|p2a: a tasty treat|94/100|[from] item: Leftovers\n|upkeep\n|turn|24\n|\n|t:|1783796611\n|-terastallize|p2a: a tasty treat|Steel\n|move|p1a: Gholdengo|Make It Rain|p2a: a tasty treat\n|-resisted|p2a: a tasty treat\n|-damage|p2a: a tasty treat|72/100\n|-unboost|p1a: Gholdengo|spa|1\n|move|p2a: a tasty treat|Calm Mind|p2a: a tasty treat\n|-boost|p2a: a tasty treat|spa|1\n|-boost|p2a: a tasty treat|spd|1\n|\n|-heal|p2a: a tasty treat|78/100|[from] item: Leftovers\n|upkeep\n|turn|25\n|\n|t:|1783796625\n|switch|p1a: Great Tusk|Great Tusk, shiny|100/100\n|-enditem|p1a: Great Tusk|Booster Energy\n|-activate|p1a: Great Tusk|ability: Protosynthesis|[fromitem]\n|-start|p1a: Great Tusk|protosynthesisatk\n|move|p2a: a tasty treat|Acid Armor|p2a: a tasty treat\n|-boost|p2a: a tasty treat|def|2\n|\n|-heal|p2a: a tasty treat|84/100|[from] item: Leftovers\n|upkeep\n|turn|26\n|\n|t:|1783796636\n|move|p1a: Great Tusk|Headlong Rush|p2a: a tasty treat\n|-supereffective|p2a: a tasty treat\n|-damage|p2a: a tasty treat|28/100\n|-unboost|p1a: Great Tusk|def|1\n|-unboost|p1a: Great Tusk|spd|1\n|move|p2a: a tasty treat|Draining Kiss|p1a: Great Tusk\n|-supereffective|p1a: Great Tusk\n|-damage|p1a: Great Tusk|0 fnt\n|-heal|p2a: a tasty treat|100/100|[from] drain|[of] p1a: Great Tusk\n|faint|p1a: Great Tusk\n|-end|p1a: Great Tusk|Protosynthesis|[silent]\n|\n|upkeep\n|\n|t:|1783796648\n|switch|p1a: Gholdengo|Gholdengo|100/100\n|turn|27\n|\n|t:|1783796659\n|move|p1a: Gholdengo|Focus Blast|p2a: a tasty treat\n|-supereffective|p2a: a tasty treat\n|-damage|p2a: a tasty treat|60/100\n|move|p2a: a tasty treat|Calm Mind|p2a: a tasty treat\n|-boost|p2a: a tasty treat|spa|1\n|-boost|p2a: a tasty treat|spd|1\n|\n|-heal|p2a: a tasty treat|66/100|[from] item: Leftovers\n|upkeep\n|turn|28\n|-message|RomanSan19 forfeited.\n|\n|win|snorlaxonsteds\n|raw|RomanSan19's rating: 1153 &rarr; <strong>1126</strong><br />(-27 for losing)\n|raw|snorlaxonsteds's rating: 1131 &rarr; <strong>1158</strong><br />(+27 for winning)\n|l|☆RomanSan19\n|player|p1|\n|l|☆snorlaxonsteds\n|player|p2|\n", "uploadtime": 1783797069, "views": 5, "formatid": "gen9ou", "rating": 1126, "private": 0, "password": null}