{"id": "gen9ou-2639315439", "format": "[Gen 9] OU", "players": ["chaos_goat", "thepeakmons"], "log": "|j|☆chaos_goat\n|j|☆thepeakmons\n|t:|1782451579\n|gametype|singles\n|player|p1|chaos_goat|blue|1345\n|player|p2|thepeakmons|101|1391\n|gen|9\n|tier|[Gen 9] OU\n|rated|\n|rule|HP Percentage Mod: HP is shown in percentages\n|rule|Endless Battle Clause: Forcing endless battles is banned\n|rule|Species Clause: Limit one of each Pokémon\n|rule|OHKO Clause: OHKO moves are banned\n|rule|Evasion Items Clause: Evasion items are banned\n|rule|Evasion Moves Clause: Evasion moves are banned\n|rule|Evasion Abilities Clause: Evasion abilities are banned\n|rule|Sleep Moves Clause: Sleep-inducing moves are banned\n|clearpoke\n|poke|p1|Moltres-Galar|\n|poke|p1|Ribombee, M|\n|poke|p1|Gholdengo|\n|poke|p1|Hoopa-Unbound|\n|poke|p1|Iron Moth|\n|poke|p1|Quaquaval, F|\n|poke|p2|Corviknight, F|\n|poke|p2|Ting-Lu|\n|poke|p2|Kyurem|\n|poke|p2|Dondozo, F|\n|poke|p2|Slowking-Galar, F|\n|poke|p2|Cinderace, M|\n|teampreview\n|\n|t:|1782451597\n|teamsize|p1|6\n|teamsize|p2|6\n|start\n|switch|p1a: Quaquaval|Quaquaval, F|100/100\n|switch|p2a: Cinderace|Cinderace, M|100/100\n|turn|1\n|inactive|Battle timer is ON: inactive players will automatically lose when time's up. (requested by thepeakmons)\n|inactive|thepeakmons has 120 seconds left.\n|\n|t:|1782451643\n|move|p2a: Cinderace|Will-O-Wisp|p1a: Quaquaval\n|-status|p1a: Quaquaval|brn\n|move|p1a: Quaquaval|Swords Dance|p1a: Quaquaval\n|-boost|p1a: Quaquaval|atk|2\n|\n|-damage|p1a: Quaquaval|94/100 brn|[from] brn\n|upkeep\n|turn|2\n|\n|t:|1782451655\n|move|p2a: Cinderace|U-turn|p1a: Quaquaval\n|-resisted|p1a: Quaquaval\n|-damage|p1a: Quaquaval|82/100 brn\n|\n|t:|1782451673\n|switch|p2a: Dondozo|Dondozo, F|100/100|[from] U-turn\n|move|p1a: Quaquaval|Aqua Step|p2a: Dondozo\n|-resisted|p2a: Dondozo\n|-damage|p2a: Dondozo|94/100\n|-boost|p1a: Quaquaval|spe|1\n|\n|-heal|p2a: Dondozo|99/100|[from] item: Leftovers\n|-damage|p1a: Quaquaval|76/100 brn|[from] brn\n|upkeep\n|turn|3\n|inactive|thepeakmons has 120 seconds left.\n|\n|t:|1782451709\n|move|p1a: Quaquaval|Close Combat|p2a: Dondozo\n|-damage|p2a: Dondozo|81/100\n|-unboost|p1a: Quaquaval|def|1\n|-unboost|p1a: Quaquaval|spd|1\n|move|p2a: Dondozo|Body Press|p1a: Quaquaval\n|-damage|p1a: Quaquaval|48/100 brn\n|\n|-heal|p2a: Dondozo|88/100|[from] item: Leftovers\n|-damage|p1a: Quaquaval|42/100 brn|[from] brn\n|upkeep\n|turn|4\n|\n|t:|1782451725\n|move|p1a: Quaquaval|Close Combat|p2a: Dondozo\n|-damage|p2a: Dondozo|68/100\n|-unboost|p1a: Quaquaval|def|1\n|-unboost|p1a: Quaquaval|spd|1\n|move|p2a: Dondozo|Curse|p2a: Dondozo\n|-unboost|p2a: Dondozo|spe|1\n|-boost|p2a: Dondozo|atk|1\n|-boost|p2a: Dondozo|def|1\n|\n|-heal|p2a: Dondozo|75/100|[from] item: Leftovers\n|-damage|p1a: Quaquaval|36/100 brn|[from] brn\n|upkeep\n|turn|5\n|\n|t:|1782451737\n|move|p1a: Quaquaval|Close Combat|p2a: Dondozo\n|-damage|p2a: Dondozo|63/100\n|-unboost|p1a: Quaquaval|def|1\n|-unboost|p1a: Quaquaval|spd|1\n|move|p2a: Dondozo|Curse|p2a: Dondozo\n|-unboost|p2a: Dondozo|spe|1\n|-boost|p2a: Dondozo|atk|1\n|-boost|p2a: Dondozo|def|1\n|\n|-heal|p2a: Dondozo|69/100|[from] item: Leftovers\n|-damage|p1a: Quaquaval|29/100 brn|[from] brn\n|upkeep\n|turn|6\n|\n|t:|1782451752\n|move|p1a: Quaquaval|Liquidation|p2a: Dondozo\n|-resisted|p2a: Dondozo\n|-damage|p2a: Dondozo|66/100\n|move|p2a: Dondozo|Waterfall|p1a: Quaquaval\n|-resisted|p1a: Quaquaval\n|-damage|p1a: Quaquaval|0 fnt\n|faint|p1a: Quaquaval\n|\n|-heal|p2a: Dondozo|72/100|[from] item: Leftovers\n|upkeep\n|\n|t:|1782451767\n|switch|p1a: Hoopa|Hoopa-Unbound|100/100\n|turn|7\n|\n|t:|1782451779\n|move|p1a: Hoopa|Thunderbolt|p2a: Dondozo\n|-supereffective|p2a: Dondozo\n|-damage|p2a: Dondozo|1/100\n|move|p2a: Dondozo|Waterfall|p1a: Hoopa\n|-damage|p1a: Hoopa|13/100\n|\n|-heal|p2a: Dondozo|7/100|[from] item: Leftovers\n|upkeep\n|turn|8\n|\n|t:|1782451789\n|switch|p2a: Kyurem|Kyurem|100/100\n|-ability|p2a: Kyurem|Pressure\n|move|p1a: Hoopa|Thunderbolt|p2a: Kyurem\n|-resisted|p2a: Kyurem\n|-damage|p2a: Kyurem|76/100\n|\n|-heal|p2a: Kyurem|82/100|[from] item: Leftovers\n|upkeep\n|turn|9\n|\n|t:|1782451798\n|move|p2a: Kyurem|Freeze-Dry|p1a: Hoopa\n|-damage|p1a: Hoopa|0 fnt\n|faint|p1a: Hoopa\n|\n|-heal|p2a: Kyurem|88/100|[from] item: Leftovers\n|upkeep\n|\n|t:|1782451802\n|switch|p1a: Ribombee|Ribombee, M|100/100\n|turn|10\n|\n|t:|1782451811\n|switch|p2a: Cinderace|Cinderace, M|100/100\n|move|p1a: Ribombee|Sticky Web|p2a: Cinderace\n|-sidestart|p2: thepeakmons|move: Sticky Web\n|\n|upkeep\n|turn|11\n|inactive|thepeakmons has 120 seconds left.\n|\n|t:|1782451833\n|switch|p1a: Iron Moth|Iron Moth|100/100\n|-enditem|p1a: Iron Moth|Booster Energy\n|-activate|p1a: Iron Moth|ability: Quark Drive|[fromitem]\n|-start|p1a: Iron Moth|quarkdrivespa\n|move|p2a: Cinderace|Pyro Ball|p1a: Iron Moth\n|-resisted|p1a: Iron Moth\n|-crit|p1a: Iron Moth\n|-damage|p1a: Iron Moth|39/100\n|\n|upkeep\n|turn|12\n|\n|t:|1782451846\n|move|p2a: Cinderace|Court Change|p2a: Cinderace\n|-swapsideconditions\n|-activate|p2a: Cinderace|move: Court Change\n|move|p1a: Iron Moth|Fiery Dance|p2a: Cinderace\n|-resisted|p2a: Cinderace\n|-damage|p2a: Cinderace|65/100\n|-boost|p1a: Iron Moth|spa|1\n|\n|upkeep\n|turn|13\n|\n|t:|1782451854\n|move|p2a: Cinderace|Pyro Ball|p1a: Iron Moth\n|-resisted|p1a: Iron Moth\n|-damage|p1a: Iron Moth|0 fnt\n|faint|p1a: Iron Moth\n|-end|p1a: Iron Moth|Quark Drive|[silent]\n|\n|upkeep\n|\n|t:|1782451858\n|switch|p1a: Moltres|Moltres-Galar|100/100\n|turn|14\n|\n|t:|1782451869\n|move|p2a: Cinderace|Pyro Ball|p1a: Moltres\n|-damage|p1a: Moltres|44/100\n|-ability|p1a: Moltres|Berserk|boost\n|-boost|p1a: Moltres|spa|1\n|-enditem|p1a: Moltres|Sitrus Berry|[eat]\n|-heal|p1a: Moltres|69/100|[from] item: Sitrus Berry\n|move|p1a: Moltres|Shadow Ball|p2a: Cinderace\n|-damage|p2a: Cinderace|23/100\n|\n|upkeep\n|turn|15\n|\n|t:|1782451882\n|switch|p2a: Ting-Lu|Ting-Lu|100/100\n|-ability|p2a: Ting-Lu|Vessel of Ruin\n|move|p1a: Moltres|Fiery Wrath|p2a: Ting-Lu\n|-resisted|p2a: Ting-Lu\n|-damage|p2a: Ting-Lu|87/100\n|\n|-heal|p2a: Ting-Lu|93/100|[from] item: Leftovers\n|upkeep\n|turn|16\n|\n|t:|1782451900\n|switch|p2a: Dondozo|Dondozo, F|7/100\n|move|p1a: Moltres|Nasty Plot|p1a: Moltres\n|-boost|p1a: Moltres|spa|2\n|\n|-heal|p2a: Dondozo|13/100|[from] item: Leftovers\n|upkeep\n|turn|17\n|\n|t:|1782451912\n|move|p1a: Moltres|Fiery Wrath|p2a: Dondozo\n|-crit|p2a: Dondozo\n|-damage|p2a: Dondozo|0 fnt\n|faint|p2a: Dondozo\n|\n|upkeep\n|\n|t:|1782451924\n|switch|p2a: Cinderace|Cinderace, M|23/100\n|turn|18\n|\n|t:|1782451937\n|move|p2a: Cinderace|Pyro Ball|p1a: Moltres\n|-damage|p1a: Moltres|0 fnt\n|faint|p1a: Moltres\n|\n|upkeep\n|\n|t:|1782451941\n|switch|p1a: Gholdengo|Gholdengo|100/100\n|-item|p1a: Gholdengo|Air Balloon\n|turn|19\n|\n|t:|1782451946\n|move|p2a: Cinderace|Pyro Ball|p1a: Gholdengo\n|-supereffective|p1a: Gholdengo\n|-damage|p1a: Gholdengo|0 fnt\n|-enditem|p1a: Gholdengo|Air Balloon\n|faint|p1a: Gholdengo\n|\n|upkeep\n|\n|t:|1782451948\n|switch|p1a: Ribombee|Ribombee, M|100/100\n|-activate|p1a: Ribombee|move: Sticky Web\n|-unboost|p1a: Ribombee|spe|1\n|turn|20\n|-message|chaos_goat forfeited.\n|\n|win|thepeakmons\n|raw|chaos_goat's rating: 1345 &rarr; <strong>1326</strong><br />(-19 for losing)\n|raw|thepeakmons's rating: 1354 &rarr; <strong>1373</strong><br />(+19 for winning)\n|l|☆chaos_goat\n|player|p1|\n", "uploadtime": 1782452022, "views": 5, "formatid": "gen9ou", "rating": 1326, "private": 0, "password": null}