{"id": "gen9ou-2639239299", "format": "[Gen 9] OU", "players": ["Benice The Second", "CarrotStix"], "log": "|j|☆Benice The Second\n|j|☆CarrotStix\n|t:|1782438849\n|gametype|singles\n|player|p1|Benice The Second|maid|1317\n|player|p2|CarrotStix|plasmagruntf-gen5bw|1324\n|gen|9\n|tier|[Gen 9] OU\n|rated|\n|rule|HP Percentage Mod: HP is shown in percentages\n|rule|Endless Battle Clause: Forcing endless battles is banned\n|rule|Species Clause: Limit one of each Pokémon\n|rule|OHKO Clause: OHKO moves are banned\n|rule|Evasion Items Clause: Evasion items are banned\n|rule|Evasion Moves Clause: Evasion moves are banned\n|rule|Evasion Abilities Clause: Evasion abilities are banned\n|rule|Sleep Moves Clause: Sleep-inducing moves are banned\n|clearpoke\n|poke|p1|Latios, M|\n|poke|p1|Jirachi|\n|poke|p1|Hatterene, F|\n|poke|p1|Primarina, M|\n|poke|p1|Great Tusk|\n|poke|p1|Samurott-Hisui, F|\n|poke|p2|Electrode-Hisui|\n|poke|p2|Slowking-Galar, M|\n|poke|p2|Exeggutor-Alola, F|\n|poke|p2|Avalugg, M|\n|poke|p2|Iron Valiant|\n|poke|p2|Weezing-Galar, F|\n|teampreview\n|\n|t:|1782438869\n|teamsize|p1|6\n|teamsize|p2|6\n|start\n|switch|p1a: Jirachi|Jirachi|100/100\n|switch|p2a: The Prophet|Slowking-Galar, M|100/100\n|-item|p1a: Jirachi|Air Balloon\n|turn|1\n|\n|t:|1782438907\n|move|p1a: Jirachi|Stealth Rock|p2a: The Prophet\n|-sidestart|p2: CarrotStix|move: Stealth Rock\n|move|p2a: The Prophet|Fire Blast|p1a: Jirachi\n|-supereffective|p1a: Jirachi\n|-damage|p1a: Jirachi|52/100\n|-status|p1a: Jirachi|brn\n|-enditem|p1a: Jirachi|Air Balloon\n|\n|-damage|p1a: Jirachi|46/100 brn|[from] brn\n|upkeep\n|turn|2\n|\n|t:|1782438917\n|move|p1a: Jirachi|Doom Desire|p2a: The Prophet\n|-start|p1a: Jirachi|Doom Desire\n|move|p2a: The Prophet|Trick Room|p2a: The Prophet\n|-fieldstart|move: Trick Room|[of] p2a: The Prophet\n|\n|-damage|p1a: Jirachi|40/100 brn|[from] brn\n|upkeep\n|turn|3\n|\n|t:|1782438925\n|move|p2a: The Prophet|Fire Blast|p1a: Jirachi\n|-supereffective|p1a: Jirachi\n|-damage|p1a: Jirachi|0 fnt\n|faint|p1a: Jirachi\n|\n|upkeep\n|\n|t:|1782438937\n|switch|p1a: Latios|Latios, M|100/100\n|turn|4\n|\n|t:|1782438946\n|move|p2a: The Prophet|Sludge Bomb|p1a: Latios\n|-damage|p1a: Latios|65/100\n|-status|p1a: Latios|psn\n|move|p1a: Latios|Future Sight||[still]\n|-fail|p1a: Latios\n|\n|-end|p2a: The Prophet|move: Doom Desire\n|-damage|p2a: The Prophet|68/100\n|-heal|p2a: The Prophet|74/100|[from] item: Black Sludge\n|-damage|p1a: Latios|53/100 psn|[from] psn\n|upkeep\n|turn|5\n|\n|t:|1782438962\n|move|p2a: The Prophet|Sludge Bomb|p1a: Latios\n|-damage|p1a: Latios|17/100 psn\n|move|p1a: Latios|Recover|p1a: Latios\n|-heal|p1a: Latios|67/100 psn\n|\n|-heal|p2a: The Prophet|80/100|[from] item: Black Sludge\n|-damage|p1a: Latios|55/100 psn|[from] psn\n|upkeep\n|turn|6\n|\n|t:|1782438978\n|move|p2a: The Prophet|Sludge Bomb|p1a: Latios\n|-damage|p1a: Latios|14/100 psn\n|move|p1a: Latios|Future Sight|p2a: The Prophet\n|-start|p1a: Latios|move: Future Sight\n|\n|-heal|p2a: The Prophet|86/100|[from] item: Black Sludge\n|-damage|p1a: Latios|1/100 psn|[from] psn\n|-fieldend|move: Trick Room\n|upkeep\n|turn|7\n|\n|t:|1782438990\n|move|p1a: Latios|Draco Meteor|p2a: The Prophet\n|-damage|p2a: The Prophet|37/100\n|-unboost|p1a: Latios|spa|2\n|move|p2a: The Prophet|Trick Room|p2a: The Prophet\n|-fieldstart|move: Trick Room|[of] p2a: The Prophet\n|\n|-heal|p2a: The Prophet|43/100|[from] item: Black Sludge\n|-damage|p1a: Latios|0 fnt|[from] psn\n|faint|p1a: Latios\n|upkeep\n|\n|t:|1782438994\n|switch|p1a: Samurott|Samurott-Hisui, F|100/100\n|turn|8\n|\n|t:|1782439004\n|switch|p2a: WaWa|Iron Valiant|100/100\n|-damage|p2a: WaWa|94/100|[from] Stealth Rock\n|-enditem|p2a: WaWa|Booster Energy\n|-activate|p2a: WaWa|ability: Quark Drive|[fromitem]\n|-start|p2a: WaWa|quarkdrivespe\n|move|p1a: Samurott|Ceaseless Edge|p2a: WaWa\n|-resisted|p2a: WaWa\n|-damage|p2a: WaWa|80/100\n|-sidestart|p2: CarrotStix|Spikes\n|\n|-end|p2a: WaWa|move: Future Sight\n|-supereffective|p2a: WaWa\n|-damage|p2a: WaWa|0 fnt\n|faint|p2a: WaWa\n|-end|p2a: WaWa|Quark Drive|[silent]\n|upkeep\n|\n|t:|1782439021\n|switch|p2a: Resinous|Weezing-Galar, F|100/100\n|-damage|p2a: Resinous|88/100|[from] Stealth Rock\n|turn|9\n|\n|t:|1782439034\n|switch|p1a: Primarina|Primarina, M|100/100\n|move|p2a: Resinous|Play Rough|p1a: Primarina|[miss]\n|-miss|p2a: Resinous|p1a: Primarina\n|\n|upkeep\n|turn|10\n|\n|t:|1782439040\n|move|p2a: Resinous|Toxic|p1a: Primarina\n|-status|p1a: Primarina|tox\n|move|p1a: Primarina|Psychic Noise|p2a: Resinous\n|-supereffective|p2a: Resinous\n|-damage|p2a: Resinous|18/100\n|-start|p2a: Resinous|move: Heal Block\n|\n|-damage|p1a: Primarina|94/100 tox|[from] psn\n|upkeep\n|turn|11\n|\n|t:|1782439054\n|switch|p2a: The Prophet|Slowking-Galar, M|76/100\n|-damage|p2a: The Prophet|64/100|[from] Stealth Rock\n|-damage|p2a: The Prophet|51/100|[from] Spikes\n|move|p1a: Primarina|Psychic Noise|p2a: The Prophet\n|-damage|p2a: The Prophet|33/100\n|-start|p2a: The Prophet|move: Heal Block\n|\n|-damage|p1a: Primarina|82/100 tox|[from] psn\n|-fieldend|move: Trick Room\n|upkeep\n|turn|12\n|\n|t:|1782439067\n|move|p1a: Primarina|Surf|p2a: The Prophet\n|-damage|p2a: The Prophet|2/100\n|move|p2a: The Prophet|Trick Room|p2a: The Prophet\n|-fieldstart|move: Trick Room|[of] p2a: The Prophet\n|\n|-damage|p1a: Primarina|63/100 tox|[from] psn\n|-end|p2a: The Prophet|move: Heal Block\n|upkeep\n|turn|13\n|\n|t:|1782439073\n|move|p2a: The Prophet|Sludge Bomb|p1a: Primarina\n|-supereffective|p1a: Primarina\n|-damage|p1a: Primarina|20/100 tox\n|move|p1a: Primarina|Flip Turn|p2a: The Prophet\n|-damage|p2a: The Prophet|0 fnt\n|faint|p2a: The Prophet\n|\n|t:|1782439079\n|switch|p1a: Hatterene|Hatterene, F|100/100|[from] Flip Turn\n|\n|upkeep\n|\n|t:|1782439090\n|switch|p2a: Luggsy|Avalugg, M|100/100\n|-damage|p2a: Luggsy|76/100|[from] Stealth Rock\n|-damage|p2a: Luggsy|63/100|[from] Spikes\n|turn|14\n|\n|t:|1782439099\n|move|p2a: Luggsy|Ice Spinner|p1a: Hatterene\n|-damage|p1a: Hatterene|69/100\n|-damage|p2a: Luggsy|47/100|[from] item: Rocky Helmet|[of] p1a: Hatterene\n|move|p1a: Hatterene|Draining Kiss|p2a: Luggsy\n|-damage|p2a: Luggsy|12/100\n|-heal|p1a: Hatterene|100/100|[from] drain|[of] p2a: Luggsy\n|\n|upkeep\n|turn|15\n|-enditem|p2a: Luggsy|Custap Berry|[eat]\n|-activate|p2a: Luggsy|item: Custap Berry|[consumed]\n|\n|t:|1782439127\n|move|p2a: Luggsy|Ice Spinner|p1a: Hatterene\n|-damage|p1a: Hatterene|64/100\n|-damage|p2a: Luggsy|0 fnt|[from] item: Rocky Helmet|[of] p1a: Hatterene\n|faint|p2a: Luggsy\n|move|p1a: Hatterene|Draining Kiss|p2: Luggsy|[notarget]\n|-fail|p1a: Hatterene\n|\n|upkeep\n|\n|t:|1782439158\n|switch|p2a: CoCo|Exeggutor-Alola, F|100/100\n|-damage|p2a: CoCo|88/100|[from] Stealth Rock\n|-damage|p2a: CoCo|76/100|[from] Spikes\n|turn|16\n|\n|t:|1782439164\n|-terastallize|p2a: CoCo|Steel\n|move|p1a: Hatterene|Draining Kiss|p2a: CoCo\n|-resisted|p2a: CoCo\n|-damage|p2a: CoCo|62/100\n|-heal|p1a: Hatterene|76/100|[from] drain|[of] p2a: CoCo\n|move|p2a: CoCo|Trick Room|p2a: CoCo\n|-fieldend|move: Trick Room\n|\n|upkeep\n|turn|17\n|\n|t:|1782439171\n|move|p2a: CoCo|Calm Mind|p2a: CoCo\n|-boost|p2a: CoCo|spa|1\n|-boost|p2a: CoCo|spd|1\n|move|p1a: Hatterene|Psychic Noise|p2a: CoCo\n|-resisted|p2a: CoCo\n|-damage|p2a: CoCo|51/100\n|-start|p2a: CoCo|move: Heal Block\n|\n|upkeep\n|turn|18\n|\n|t:|1782439177\n|move|p2a: CoCo|Calm Mind|p2a: CoCo\n|-boost|p2a: CoCo|spa|1\n|-boost|p2a: CoCo|spd|1\n|move|p1a: Hatterene|Nuzzle|p2a: CoCo\n|-damage|p2a: CoCo|47/100\n|-status|p2a: CoCo|par\n|\n|-end|p2a: CoCo|move: Heal Block\n|upkeep\n|-enditem|p2a: CoCo|Sitrus Berry|[eat]\n|-heal|p2a: CoCo|72/100 par|[from] item: Sitrus Berry\n|turn|19\n|\n|t:|1782439184\n|switch|p1a: Primarina|Primarina, M|20/100 tox\n|move|p2a: CoCo|Trick Room|p2a: CoCo\n|-fieldstart|move: Trick Room|[of] p2a: CoCo\n|\n|-damage|p1a: Primarina|13/100 tox|[from] psn\n|upkeep\n|turn|20\n|\n|t:|1782439194\n|cant|p2a: CoCo|par\n|move|p1a: Primarina|Moonblast|p2a: CoCo\n|-resisted|p2a: CoCo\n|-damage|p2a: CoCo|58/100 par\n|-unboost|p2a: CoCo|spa|1\n|\n|-damage|p1a: Primarina|1/100 tox|[from] psn\n|-item|p2a: CoCo|Sitrus Berry|[from] ability: Harvest\n|upkeep\n|turn|21\n|\n|t:|1782439200\n|move|p2a: CoCo|Calm Mind|p2a: CoCo\n|-boost|p2a: CoCo|spa|1\n|-boost|p2a: CoCo|spd|1\n|move|p1a: Primarina|Moonblast|p2a: CoCo\n|-resisted|p2a: CoCo\n|-damage|p2a: CoCo|47/100 par\n|-unboost|p2a: CoCo|spa|1\n|-enditem|p2a: CoCo|Sitrus Berry|[eat]\n|-heal|p2a: CoCo|72/100 par|[from] item: Sitrus Berry\n|\n|-damage|p1a: Primarina|0 fnt|[from] psn\n|faint|p1a: Primarina\n|-item|p2a: CoCo|Sitrus Berry|[from] ability: Harvest\n|upkeep\n|\n|t:|1782439217\n|switch|p1a: Great Tusk|Great Tusk|100/100\n|turn|22\n|inactive|Battle timer is ON: inactive players will automatically lose when time's up. (requested by Benice The Second)\n|inactive|CarrotStix has 120 seconds left.\n|inactive|CarrotStix has 90 seconds left.\n|inactive|CarrotStix has 60 seconds left.\n|\n|t:|1782439393\n|-terastallize|p1a: Great Tusk|Steel\n|move|p2a: CoCo|Giga Drain|p1a: Great Tusk\n|-resisted|p1a: Great Tusk\n|-damage|p1a: Great Tusk|55/100\n|-heal|p2a: CoCo|93/100 par|[from] drain|[of] p1a: Great Tusk\n|move|p1a: Great Tusk|Headlong Rush|p2a: CoCo\n|-supereffective|p2a: CoCo\n|-crit|p2a: CoCo\n|-damage|p2a: CoCo|0 fnt\n|-unboost|p1a: Great Tusk|def|1\n|-unboost|p1a: Great Tusk|spd|1\n|faint|p2a: CoCo\n|\n|upkeep\n|inactive|CarrotStix has 120 seconds left.\n|\n|t:|1782439405\n|switch|p2a: Resinous|Weezing-Galar, F|18/100\n|-damage|p2a: Resinous|6/100|[from] Stealth Rock\n|turn|23\n|inactive|CarrotStix has 120 seconds left.\n|\n|t:|1782439414\n|move|p2a: Resinous|Pain Split|p1a: Great Tusk\n|-sethp|p1a: Great Tusk|30/100|[from] move: Pain Split|[silent]\n|-sethp|p2a: Resinous|33/100|[from] move: Pain Split\n|move|p1a: Great Tusk|Rapid Spin|p2a: Resinous\n|-damage|p2a: Resinous|20/100\n|-boost|p1a: Great Tusk|spe|1\n|-damage|p1a: Great Tusk|13/100|[from] item: Rocky Helmet|[of] p2a: Resinous\n|\n|-fieldend|move: Trick Room\n|upkeep\n|turn|24\n|inactive|CarrotStix has 120 seconds left.\n|\n|t:|1782439430\n|move|p1a: Great Tusk|Ice Spinner|p2a: Resinous\n|-damage|p2a: Resinous|2/100\n|-damage|p1a: Great Tusk|0 fnt|[from] item: Rocky Helmet|[of] p2a: Resinous\n|faint|p1a: Great Tusk\n|-end|p1a: Great Tusk|Protosynthesis|[silent]\n|move|p2a: Resinous|Play Rough|p1: Great Tusk|[notarget]\n|-fail|p2a: Resinous\n|\n|upkeep\n|\n|t:|1782439444\n|switch|p1a: Samurott|Samurott-Hisui, F|100/100\n|turn|25\n|inactive|CarrotStix has 120 seconds left.\n|\n|t:|1782439455\n|move|p1a: Samurott|Sacred Sword|p2a: Resinous\n|-resisted|p2a: Resinous\n|-damage|p2a: Resinous|0 fnt\n|-damage|p1a: Samurott|84/100|[from] item: Rocky Helmet|[of] p2a: Resinous\n|faint|p2a: Resinous\n|\n|upkeep\n|\n|t:|1782439458\n|switch|p2a: ZipZapZoop|Electrode-Hisui|100/100\n|-damage|p2a: ZipZapZoop|88/100|[from] Stealth Rock\n|-damage|p2a: ZipZapZoop|76/100|[from] Spikes\n|turn|26\n|\n|t:|1782439466\n|move|p1a: Samurott|Sacred Sword|p2a: ZipZapZoop\n|-damage|p2a: ZipZapZoop|0 fnt\n|-damage|p1a: Samurott|59/100|[from] ability: Aftermath|[of] p2a: ZipZapZoop\n|faint|p2a: ZipZapZoop\n|\n|win|Benice The Second\n|raw|Benice The Second's rating: 1317 &rarr; <strong>1337</strong><br />(+20 for winning)\n|raw|CarrotStix's rating: 1324 &rarr; <strong>1304</strong><br />(-20 for losing)\n|l|☆CarrotStix\n|player|p2|\n|l|☆Benice The Second\n|player|p1|\n", "uploadtime": 1782439762, "views": 7, "formatid": "gen9ou", "rating": 1304, "private": 0, "password": null}