{"id": "gen9ou-2639256631", "format": "[Gen 9] OU", "players": ["grgwrgwegwe", "Dubyaz13"], "log": "|j|☆grgwrgwegwe\n|j|☆Dubyaz13\n|t:|1782441388\n|gametype|singles\n|player|p1|grgwrgwegwe|nurse|1325\n|player|p2|Dubyaz13|linebacker|1281\n|gen|9\n|tier|[Gen 9] OU\n|rated|\n|rule|HP Percentage Mod: HP is shown in percentages\n|rule|Endless Battle Clause: Forcing endless battles is banned\n|rule|Species Clause: Limit one of each Pokémon\n|rule|OHKO Clause: OHKO moves are banned\n|rule|Evasion Items Clause: Evasion items are banned\n|rule|Evasion Moves Clause: Evasion moves are banned\n|rule|Evasion Abilities Clause: Evasion abilities are banned\n|rule|Sleep Moves Clause: Sleep-inducing moves are banned\n|clearpoke\n|poke|p1|Typhlosion-Hisui, M|\n|poke|p1|Iron Boulder|\n|poke|p1|Squawkabilly-Yellow, M|\n|poke|p1|Sylveon, F|\n|poke|p1|Slaking, M|\n|poke|p1|Great Tusk|\n|poke|p2|Hoopa-Unbound|\n|poke|p2|Pecharunt|\n|poke|p2|Landorus-Therian, M|\n|poke|p2|Cinderace, M|\n|poke|p2|Alomomola, M|\n|poke|p2|Iron Valiant|\n|teampreview\n|\n|t:|1782441423\n|teamsize|p1|6\n|teamsize|p2|6\n|start\n|switch|p1a: Squawkabilly|Squawkabilly-Yellow, M, shiny|100/100\n|switch|p2a: Landorus|Landorus-Therian, M|100/100\n|-ability|p2a: Landorus|Intimidate|boost\n|-unboost|p1a: Squawkabilly|atk|1\n|turn|1\n|\n|t:|1782441428\n|move|p2a: Landorus|Stone Edge|p1a: Squawkabilly\n|-supereffective|p1a: Squawkabilly\n|-damage|p1a: Squawkabilly|0 fnt\n|faint|p1a: Squawkabilly\n|\n|upkeep\n|\n|t:|1782441434\n|switch|p1a: Iron Boulder|Iron Boulder|100/100\n|turn|2\n|\n|t:|1782441445\n|switch|p2a: Alomomola|Alomomola, M|100/100\n|move|p1a: Iron Boulder|Stone Edge|p2a: Alomomola\n|-crit|p2a: Alomomola\n|-damage|p2a: Alomomola|46/100\n|\n|upkeep\n|turn|3\n|\n|t:|1782441449\n|switch|p2a: Landorus|Landorus-Therian, M|100/100\n|-ability|p2a: Landorus|Intimidate|boost\n|-unboost|p1a: Iron Boulder|atk|1\n|move|p1a: Iron Boulder|Stone Edge|p2a: Landorus\n|-damage|p2a: Landorus|59/100\n|\n|upkeep\n|turn|4\n|\n|t:|1782441457\n|-end|p1a: Iron Boulder|Quark Drive|[silent]\n|switch|p1a: Uno Reverse|Great Tusk|100/100\n|-enditem|p1a: Uno Reverse|Booster Energy\n|-activate|p1a: Uno Reverse|ability: Protosynthesis|[fromitem]\n|-start|p1a: Uno Reverse|protosynthesisspe\n|move|p2a: Landorus|Earthquake|p1a: Uno Reverse\n|-damage|p1a: Uno Reverse|64/100\n|\n|upkeep\n|turn|5\n|\n|t:|1782441469\n|switch|p2a: Alomomola|Alomomola, M|79/100\n|move|p1a: Uno Reverse|Bulk Up|p1a: Uno Reverse\n|-boost|p1a: Uno Reverse|atk|1\n|-boost|p1a: Uno Reverse|def|1\n|\n|upkeep\n|turn|6\n|\n|t:|1782441478\n|move|p1a: Uno Reverse|Body Press|p2a: Alomomola\n|-damage|p2a: Alomomola|46/100\n|move|p2a: Alomomola|Flip Turn|p1a: Uno Reverse\n|-supereffective|p1a: Uno Reverse\n|-damage|p1a: Uno Reverse|50/100\n|\n|t:|1782441490\n|switch|p2a: Landorus|Landorus-Therian, M|59/100|[from] Flip Turn\n|-ability|p2a: Landorus|Intimidate|boost\n|-unboost|p1a: Uno Reverse|atk|1\n|\n|upkeep\n|turn|7\n|\n|t:|1782441495\n|move|p2a: Landorus|Grass Knot|p1a: Uno Reverse\n|-supereffective|p1a: Uno Reverse\n|-damage|p1a: Uno Reverse|0 fnt\n|faint|p1a: Uno Reverse\n|-end|p1a: Uno Reverse|Protosynthesis|[silent]\n|\n|upkeep\n|\n|t:|1782441513\n|switch|p1a: Jbai|Sylveon, F|100/100\n|turn|8\n|\n|t:|1782441520\n|switch|p2a: Cinderace|Cinderace, M|100/100\n|move|p1a: Jbai|Shadow Ball|p2a: Cinderace\n|-damage|p2a: Cinderace|42/100\n|-unboost|p2a: Cinderace|spd|1\n|\n|upkeep\n|turn|9\n|\n|t:|1782441527\n|switch|p1a: Iron Boulder|Iron Boulder|100/100\n|move|p2a: Cinderace|U-turn|p1a: Iron Boulder\n|-start|p2a: Cinderace|typechange|Bug|[from] ability: Libero\n|-supereffective|p1a: Iron Boulder\n|-damage|p1a: Iron Boulder|9/100\n|\n|t:|1782441531\n|switch|p2a: Landorus|Landorus-Therian, M|59/100|[from] U-turn\n|-ability|p2a: Landorus|Intimidate|boost\n|-unboost|p1a: Iron Boulder|atk|1\n|\n|upkeep\n|turn|10\n|-message|grgwrgwegwe forfeited.\n|\n|win|Dubyaz13\n|raw|grgwrgwegwe's rating: 1325 &rarr; <strong>1302</strong><br />(-23 for losing)\n|raw|Dubyaz13's rating: 1281 &rarr; <strong>1309</strong><br />(+28 for winning)\n|l|☆grgwrgwegwe\n|player|p1|\n|l|☆Dubyaz13\n|player|p2|\n", "uploadtime": 1782441939, "views": 7, "formatid": "gen9ou", "rating": 1302, "private": 0, "password": null}