{"id": "gen9ou-2647812924", "format": "[Gen 9] OU", "players": ["buttologist", "josemgv357"], "log": "|j|☆buttologist\n|j|☆josemgv357\n|t:|1783817033\n|gametype|singles\n|player|p1|buttologist|266|1366\n|player|p2|josemgv357|hilda-wonderlauncher|1445\n|gen|9\n|tier|[Gen 9] OU\n|rated|\n|rule|HP Percentage Mod: HP is shown in percentages\n|rule|Endless Battle Clause: Forcing endless battles is banned\n|rule|Species Clause: Limit one of each Pokémon\n|rule|OHKO Clause: OHKO moves are banned\n|rule|Evasion Items Clause: Evasion items are banned\n|rule|Evasion Moves Clause: Evasion moves are banned\n|rule|Evasion Abilities Clause: Evasion abilities are banned\n|rule|Sleep Moves Clause: Sleep-inducing moves are banned\n|clearpoke\n|poke|p1|Grimmsnarl, M|\n|poke|p1|Hydrapple, F|\n|poke|p1|Slowbro-Galar, M|\n|poke|p1|Iron Hands|\n|poke|p1|Kingambit, M|\n|poke|p1|Enamorus-Therian, F|\n|poke|p2|Gholdengo|\n|poke|p2|Araquanid, M|\n|poke|p2|Iron Moth|\n|poke|p2|Great Tusk|\n|poke|p2|Kyurem|\n|poke|p2|Samurott-Hisui, M|\n|teampreview\n|inactive|Battle timer is ON: inactive players will automatically lose when time's up. (requested by buttologist)\n|\n|t:|1783817045\n|teamsize|p1|6\n|teamsize|p2|6\n|start\n|switch|p1a: Grimmsnarl|Grimmsnarl, M|100/100\n|switch|p2a: Old Money|Gholdengo|100/100\n|-item|p2a: Old Money|Air Balloon\n|turn|1\n|\n|t:|1783817048\n|move|p1a: Grimmsnarl|Light Screen|p1a: Grimmsnarl\n|-sidestart|p1: buttologist|move: Light Screen\n|move|p2a: Old Money|Make It Rain|p1a: Grimmsnarl\n|-supereffective|p1a: Grimmsnarl\n|-damage|p1a: Grimmsnarl|32/100\n|-unboost|p2a: Old Money|spa|1\n|\n|upkeep\n|turn|2\n|\n|t:|1783817060\n|switch|p2a: Okay Tusk|Great Tusk|100/100\n|move|p1a: Grimmsnarl|Reflect|p1a: Grimmsnarl\n|-sidestart|p1: buttologist|Reflect\n|\n|upkeep\n|turn|3\n|\n|t:|1783817064\n|-end|p2a: Okay Tusk|Protosynthesis|[silent]\n|switch|p2a: Old Money|Gholdengo|100/100\n|-item|p2a: Old Money|Air Balloon\n|move|p1a: Grimmsnarl|Taunt|p2a: Old Money\n|-immune|p2a: Old Money|[from] ability: Good as Gold\n|\n|upkeep\n|turn|4\n|\n|t:|1783817072\n|switch|p2a: Okay Tusk|Great Tusk|100/100\n|switch|p1a: Kingambit|Kingambit, M|100/100\n|\n|upkeep\n|turn|5\n|\n|t:|1783817076\n|-end|p1a: Kingambit|fallenundefined|[silent]\n|switch|p1a: Enamorus|Enamorus-Therian, F|100/100\n|move|p2a: Okay Tusk|Stealth Rock|p1a: Enamorus\n|-sidestart|p1: buttologist|move: Stealth Rock\n|\n|upkeep\n|turn|6\n|-activate|p1a: Enamorus|item: Quick Claw\n|\n|t:|1783817086\n|-end|p2a: Okay Tusk|Protosynthesis|[silent]\n|switch|p2a: Miguel|Araquanid, M|100/100\n|move|p1a: Enamorus|Calm Mind|p1a: Enamorus\n|-boost|p1a: Enamorus|spa|1\n|-boost|p1a: Enamorus|spd|1\n|\n|upkeep\n|turn|7\n|\n|t:|1783817092\n|move|p1a: Enamorus|Calm Mind|p1a: Enamorus\n|-boost|p1a: Enamorus|spa|1\n|-boost|p1a: Enamorus|spd|1\n|move|p2a: Miguel|Sticky Web|p1a: Enamorus\n|-sidestart|p1: buttologist|move: Sticky Web\n|\n|upkeep\n|turn|8\n|-activate|p1a: Enamorus|item: Quick Claw\n|\n|t:|1783817096\n|move|p1a: Enamorus|Moonblast|p2a: Miguel\n|-damage|p2a: Miguel|7/100\n|move|p2a: Miguel|Surf|p1a: Enamorus\n|-damage|p1a: Enamorus|93/100\n|\n|-sideend|p1: buttologist|move: Light Screen\n|upkeep\n|turn|9\n|-enditem|p2a: Miguel|Custap Berry|[eat]\n|-activate|p2a: Miguel|item: Custap Berry|[consumed]\n|\n|t:|1783817100\n|move|p2a: Miguel|Endeavor|p1a: Enamorus\n|-damage|p1a: Enamorus|6/100\n|move|p1a: Enamorus|Moonblast|p2a: Miguel\n|-damage|p2a: Miguel|0 fnt\n|faint|p2a: Miguel\n|\n|-sideend|p1: buttologist|Reflect\n|upkeep\n|\n|t:|1783817105\n|switch|p2a: Samurott|Samurott-Hisui, M|100/100\n|turn|10\n|\n|t:|1783817108\n|move|p2a: Samurott|Aqua Jet|p1a: Enamorus\n|-damage|p1a: Enamorus|0 fnt\n|faint|p1a: Enamorus\n|\n|upkeep\n|\n|t:|1783817111\n|switch|p1a: Iron Hands|Iron Hands|100/100\n|-damage|p1a: Iron Hands|94/100|[from] Stealth Rock\n|-activate|p1a: Iron Hands|move: Sticky Web\n|-unboost|p1a: Iron Hands|spe|1\n|turn|11\n|\n|t:|1783817114\n|switch|p2a: Okay Tusk|Great Tusk|100/100\n|move|p1a: Iron Hands|Swords Dance|p1a: Iron Hands\n|-boost|p1a: Iron Hands|atk|2\n|\n|upkeep\n|turn|12\n|\n|t:|1783817128\n|-end|p2a: Okay Tusk|Protosynthesis|[silent]\n|switch|p2a: Old Money|Gholdengo|100/100\n|-item|p2a: Old Money|Air Balloon\n|-end|p1a: Iron Hands|Quark Drive|[silent]\n|switch|p1a: Hydrapple|Hydrapple, F|100/100\n|-damage|p1a: Hydrapple|88/100|[from] Stealth Rock\n|-activate|p1a: Hydrapple|move: Sticky Web\n|-unboost|p1a: Hydrapple|spe|1\n|\n|upkeep\n|turn|13\n|\n|t:|1783817138\n|move|p2a: Old Money|Nasty Plot|p2a: Old Money\n|-boost|p2a: Old Money|spa|2\n|move|p1a: Hydrapple|Nasty Plot|p1a: Hydrapple\n|-boost|p1a: Hydrapple|spa|2\n|\n|upkeep\n|turn|14\n|-activate|p1a: Hydrapple|item: Quick Claw\n|\n|t:|1783817141\n|move|p1a: Hydrapple|Giga Drain|p2a: Old Money\n|-resisted|p2a: Old Money\n|-damage|p2a: Old Money|53/100\n|-heal|p1a: Hydrapple|100/100|[from] drain|[of] p2a: Old Money\n|-enditem|p2a: Old Money|Air Balloon\n|move|p2a: Old Money|Make It Rain|p1a: Hydrapple\n|-damage|p1a: Hydrapple|0 fnt\n|-unboost|p2a: Old Money|spa|1\n|faint|p1a: Hydrapple\n|\n|upkeep\n|\n|t:|1783817145\n|switch|p1a: Grimmsnarl|Grimmsnarl, M|32/100\n|-damage|p1a: Grimmsnarl|20/100|[from] Stealth Rock\n|-activate|p1a: Grimmsnarl|move: Sticky Web\n|-unboost|p1a: Grimmsnarl|spe|1\n|turn|15\n|\n|t:|1783817151\n|move|p1a: Grimmsnarl|Light Screen|p1a: Grimmsnarl\n|-sidestart|p1: buttologist|move: Light Screen\n|move|p2a: Old Money|Dazzling Gleam|p1a: Grimmsnarl\n|-supereffective|p1a: Grimmsnarl\n|-damage|p1a: Grimmsnarl|0 fnt\n|faint|p1a: Grimmsnarl\n|\n|upkeep\n|\n|t:|1783817154\n|switch|p1a: Iron Hands|Iron Hands|94/100\n|-damage|p1a: Iron Hands|88/100|[from] Stealth Rock\n|-activate|p1a: Iron Hands|move: Sticky Web\n|-unboost|p1a: Iron Hands|spe|1\n|turn|16\n|\n|t:|1783817165\n|move|p2a: Old Money|Shadow Ball|p1a: Iron Hands\n|-damage|p1a: Iron Hands|58/100\n|move|p1a: Iron Hands|Swords Dance|p1a: Iron Hands\n|-boost|p1a: Iron Hands|atk|2\n|\n|upkeep\n|turn|17\n|\n|t:|1783817169\n|move|p2a: Old Money|Shadow Ball|p1a: Iron Hands\n|-crit|p1a: Iron Hands\n|-damage|p1a: Iron Hands|0 fnt\n|faint|p1a: Iron Hands\n|-end|p1a: Iron Hands|Quark Drive|[silent]\n|\n|upkeep\n|\n|t:|1783817173\n|switch|p1a: Kingambit|Kingambit, M|100/100\n|-damage|p1a: Kingambit|94/100|[from] Stealth Rock\n|-activate|p1a: Kingambit|move: Sticky Web\n|-unboost|p1a: Kingambit|spe|1\n|-activate|p1a: Kingambit|ability: Supreme Overlord\n|-start|p1a: Kingambit|fallen4|[silent]\n|turn|18\n|\n|t:|1783817176\n|switch|p2a: Okay Tusk|Great Tusk|100/100\n|move|p1a: Kingambit|Swords Dance|p1a: Kingambit\n|-boost|p1a: Kingambit|atk|2\n|\n|upkeep\n|turn|19\n|\n|t:|1783817181\n|-terastallize|p1a: Kingambit|Flying\n|move|p2a: Okay Tusk|Headlong Rush|p1a: Kingambit\n|-immune|p1a: Kingambit\n|move|p1a: Kingambit|Low Kick|p2a: Okay Tusk\n|-damage|p2a: Okay Tusk|1/100\n|\n|upkeep\n|turn|20\n|-activate|p1a: Kingambit|item: Quick Claw\n|\n|t:|1783817196\n|-end|p2a: Okay Tusk|Protosynthesis|[silent]\n|switch|p2a: Samurott|Samurott-Hisui, M|100/100\n|move|p1a: Kingambit|Kowtow Cleave|p2a: Samurott\n|-resisted|p2a: Samurott\n|-damage|p2a: Samurott|18/100\n|\n|upkeep\n|turn|21\n|\n|t:|1783817201\n|move|p2a: Samurott|Aqua Jet|p1a: Kingambit\n|-damage|p1a: Kingambit|82/100\n|move|p1a: Kingambit|Low Kick|p2a: Samurott\n|-supereffective|p2a: Samurott\n|-damage|p2a: Samurott|0 fnt\n|faint|p2a: Samurott\n|\n|upkeep\n|\n|t:|1783817214\n|switch|p2a: Okay Tusk|Great Tusk|1/100\n|turn|22\n|\n|t:|1783817217\n|move|p2a: Okay Tusk|Knock Off|p1a: Kingambit\n|-damage|p1a: Kingambit|59/100\n|-enditem|p1a: Kingambit|Quick Claw|[from] move: Knock Off|[of] p2a: Okay Tusk\n|move|p1a: Kingambit|Iron Head|p2a: Okay Tusk\n|-damage|p2a: Okay Tusk|0 fnt\n|faint|p2a: Okay Tusk\n|-end|p2a: Okay Tusk|Protosynthesis|[silent]\n|\n|-sideend|p1: buttologist|move: Light Screen\n|upkeep\n|\n|t:|1783817227\n|switch|p2a: DORITO MOTH|Iron Moth|100/100\n|-enditem|p2a: DORITO MOTH|Booster Energy\n|-activate|p2a: DORITO MOTH|ability: Quark Drive|[fromitem]\n|-start|p2a: DORITO MOTH|quarkdrivespa\n|turn|23\n|\n|t:|1783817230\n|move|p2a: DORITO MOTH|Fiery Dance|p1a: Kingambit\n|-damage|p1a: Kingambit|7/100\n|-boost|p2a: DORITO MOTH|spa|1\n|move|p1a: Kingambit|Kowtow Cleave|p2a: DORITO MOTH\n|-damage|p2a: DORITO MOTH|0 fnt\n|faint|p2a: DORITO MOTH\n|-end|p2a: DORITO MOTH|Quark Drive|[silent]\n|\n|upkeep\n|\n|t:|1783817237\n|switch|p2a: Old Money|Gholdengo|53/100\n|turn|24\n|\n|t:|1783817240\n|move|p2a: Old Money|Shadow Ball|p1a: Kingambit\n|-damage|p1a: Kingambit|0 fnt\n|faint|p1a: Kingambit\n|-end|p1a: Kingambit|fallen4|[silent]\n|\n|upkeep\n|\n|t:|1783817243\n|switch|p1a: Slowbro|Slowbro-Galar, M|100/100\n|-damage|p1a: Slowbro|88/100|[from] Stealth Rock\n|-activate|p1a: Slowbro|move: Sticky Web\n|-unboost|p1a: Slowbro|spe|1\n|turn|25\n|-activate|p1a: Slowbro|item: Quick Claw\n|\n|t:|1783817245\n|move|p1a: Slowbro|Belly Drum|p1a: Slowbro\n|-damage|p1a: Slowbro|38/100\n|-setboost|p1a: Slowbro|atk|6|[from] move: Belly Drum\n|move|p2a: Old Money|Nasty Plot|p2a: Old Money\n|-boost|p2a: Old Money|spa|2\n|\n|upkeep\n|turn|26\n|-activate|p1a: Slowbro|item: Quick Claw\n|\n|t:|1783817249\n|move|p1a: Slowbro|Ice Punch|p2a: Old Money\n|-resisted|p2a: Old Money\n|-damage|p2a: Old Money|0 fnt\n|faint|p2a: Old Money\n|\n|upkeep\n|c|☆josemgv357|lets go gambling aaa team\n|\n|t:|1783817257\n|switch|p2a: Believe in Nothing|Kyurem|100/100\n|-ability|p2a: Believe in Nothing|Pressure\n|turn|27\n|\n|t:|1783817261\n|-terastallize|p2a: Believe in Nothing|Ground\n|move|p2a: Believe in Nothing|Earth Power|p1a: Slowbro\n|-supereffective|p1a: Slowbro\n|-damage|p1a: Slowbro|0 fnt\n|faint|p1a: Slowbro\n|\n|win|josemgv357\n|raw|buttologist's rating: 1366 &rarr; <strong>1350</strong><br />(-16 for losing)\n|raw|josemgv357's rating: 1445 &rarr; <strong>1461</strong><br />(+16 for winning)\n|l|☆buttologist\n|player|p1|\n|l|☆josemgv357\n|player|p2|\n", "uploadtime": 1783817582, "views": 13, "formatid": "gen9ou", "rating": 1350, "private": 0, "password": null}