{"id": "gen9ou-2647762853", "format": "[Gen 9] OU", "players": ["Prognathodon", "SDK04"], "log": "|j|☆Prognathodon\n|j|☆SDK04\n|inactive|Battle timer is ON: inactive players will automatically lose when time's up.\n|t:|1783808276\n|gametype|singles\n|player|p1|Prognathodon|n|\n|player|p2|SDK04|miku-ground|\n|gen|9\n|tier|[Gen 9] OU\n|rated|Tournament battle\n|rule|HP Percentage Mod: HP is shown in percentages\n|rule|Endless Battle Clause: Forcing endless battles is banned\n|rule|Species Clause: Limit one of each Pokémon\n|rule|OHKO Clause: OHKO moves are banned\n|rule|Evasion Items Clause: Evasion items are banned\n|rule|Evasion Moves Clause: Evasion moves are banned\n|rule|Evasion Abilities Clause: Evasion abilities are banned\n|rule|Sleep Moves Clause: Sleep-inducing moves are banned\n|clearpoke\n|poke|p1|Dragapult, M|\n|poke|p1|Glimmora, M|\n|poke|p1|Iron Valiant|\n|poke|p1|Samurott-Hisui, M|\n|poke|p1|Kingambit, M|\n|poke|p1|Walking Wake|\n|poke|p2|Rillaboom, M|\n|poke|p2|Raging Bolt|\n|poke|p2|Ogerpon-Wellspring, F|\n|poke|p2|Great Tusk|\n|poke|p2|Darkrai|\n|poke|p2|Bronzong|\n|teampreview\n|j|*Lady Monita \n|c|☆Prognathodon|hi\n|c|☆Prognathodon|glhf\n|\n|t:|1783808298\n|teamsize|p1|6\n|teamsize|p2|6\n|start\n|switch|p1a: Walking Wake|Walking Wake|100/100\n|switch|p2a: I got sleep banned|Darkrai|100/100\n|turn|1\n|\n|t:|1783808309\n|switch|p2a: Da Zong|Bronzong|100/100\n|move|p1a: Walking Wake|Dragon Pulse|p2a: Da Zong\n|-resisted|p2a: Da Zong\n|-damage|p2a: Da Zong|85/100\n|\n|-heal|p2a: Da Zong|92/100|[from] item: Leftovers\n|upkeep\n|turn|2\n|c|☆SDK04|u2\n|\n|t:|1783808314\n|move|p1a: Walking Wake|Flamethrower|p2a: Da Zong\n|-supereffective|p2a: Da Zong\n|-damage|p2a: Da Zong|50/100\n|move|p2a: Da Zong|Psychic Noise|p1a: Walking Wake\n|-damage|p1a: Walking Wake|71/100\n|-start|p1a: Walking Wake|move: Heal Block\n|\n|-heal|p2a: Da Zong|56/100|[from] item: Leftovers\n|upkeep\n|turn|3\n|\n|t:|1783808324\n|switch|p2a: fck da tickl mnstr|Ogerpon-Wellspring, F|100/100\n|move|p1a: Walking Wake|Flamethrower|p2a: fck da tickl mnstr\n|-damage|p2a: fck da tickl mnstr|66/100\n|-status|p2a: fck da tickl mnstr|brn\n|\n|-damage|p2a: fck da tickl mnstr|60/100 brn|[from] brn\n|-end|p1a: Walking Wake|move: Heal Block\n|upkeep\n|turn|4\n|\n|t:|1783808332\n|move|p2a: fck da tickl mnstr|Synthesis|p2a: fck da tickl mnstr\n|-heal|p2a: fck da tickl mnstr|100/100 brn\n|move|p1a: Walking Wake|Dragon Pulse|p2a: fck da tickl mnstr\n|-damage|p2a: fck da tickl mnstr|48/100 brn\n|\n|-damage|p2a: fck da tickl mnstr|42/100 brn|[from] brn\n|upkeep\n|turn|5\n|\n|t:|1783808338\n|move|p2a: fck da tickl mnstr|Wood Hammer|p1a: Walking Wake\n|-damage|p1a: Walking Wake|31/100\n|-damage|p2a: fck da tickl mnstr|27/100 brn|[from] Recoil\n|move|p1a: Walking Wake|Dragon Pulse|p2a: fck da tickl mnstr\n|-damage|p2a: fck da tickl mnstr|0 fnt\n|faint|p2a: fck da tickl mnstr\n|\n|upkeep\n|\n|t:|1783808345\n|switch|p2a: I got sleep banned|Darkrai|100/100\n|turn|6\n|\n|t:|1783808351\n|move|p2a: I got sleep banned|Nasty Plot|p2a: I got sleep banned\n|-boost|p2a: I got sleep banned|spa|2\n|move|p1a: Walking Wake|Dragon Pulse|p2a: I got sleep banned\n|-damage|p2a: I got sleep banned|57/100\n|\n|-heal|p2a: I got sleep banned|63/100|[from] item: Leftovers\n|upkeep\n|turn|7\n|j| POKEMASTAAHH\n|l| POKEMASTAAHH\n|\n|t:|1783808381\n|move|p2a: I got sleep banned|Dark Pulse|p1a: Walking Wake\n|-damage|p1a: Walking Wake|0 fnt\n|faint|p1a: Walking Wake\n|-end|p1a: Walking Wake|Protosynthesis|[silent]\n|\n|-heal|p2a: I got sleep banned|69/100|[from] item: Leftovers\n|upkeep\n|\n|t:|1783808384\n|switch|p1a: Samurott|Samurott-Hisui, M|100/100\n|turn|8\n|\n|t:|1783808387\n|move|p1a: Samurott|Sacred Sword|p2a: I got sleep banned\n|-supereffective|p2a: I got sleep banned\n|-damage|p2a: I got sleep banned|0 fnt\n|faint|p2a: I got sleep banned\n|\n|upkeep\n|\n|t:|1783808391\n|switch|p2a: Rillabeezy|Rillaboom, M, shiny|100/100\n|-fieldstart|move: Grassy Terrain|[from] ability: Grassy Surge|[of] p2a: Rillabeezy\n|turn|9\n|\n|t:|1783808398\n|switch|p2a: Da Zong|Bronzong|56/100\n|move|p1a: Samurott|Sacred Sword|p2a: Da Zong\n|-damage|p2a: Da Zong|19/100\n|\n|-heal|p2a: Da Zong|26/100|[from] item: Leftovers\n|upkeep\n|turn|10\n|\n|t:|1783808407\n|move|p1a: Samurott|Sacred Sword|p2a: Da Zong\n|-damage|p2a: Da Zong|0 fnt\n|faint|p2a: Da Zong\n|\n|upkeep\n|\n|t:|1783808411\n|switch|p2a: Raging Bolt|Raging Bolt|100/100\n|turn|11\n|\n|t:|1783808415\n|move|p1a: Samurott|Sacred Sword|p2a: Raging Bolt\n|-damage|p2a: Raging Bolt|62/100\n|move|p2a: Raging Bolt|Volt Switch|p1a: Samurott\n|-supereffective|p1a: Samurott\n|-damage|p1a: Samurott|0 fnt\n|faint|p1a: Samurott\n|\n|t:|1783808419\n|-end|p2a: Raging Bolt|Protosynthesis|[silent]\n|switch|p2a: Rillabeezy|Rillaboom, M, shiny|100/100|[from] Volt Switch\n|\n|upkeep\n|\n|t:|1783808423\n|switch|p1a: Glimmora|Glimmora, M, shiny|100/100\n|turn|12\n|\n|t:|1783808436\n|move|p1a: Glimmora|Sludge Bomb|p2a: Rillabeezy\n|-supereffective|p2a: Rillabeezy\n|-damage|p2a: Rillabeezy|0 fnt\n|faint|p2a: Rillabeezy\n|\n|upkeep\n|\n|t:|1783808437\n|switch|p2a: Raging Bolt|Raging Bolt|62/100\n|turn|13\n|\n|t:|1783808444\n|move|p1a: Glimmora|Sludge Bomb|p2a: Raging Bolt\n|-damage|p2a: Raging Bolt|13/100\n|move|p2a: Raging Bolt|Thunderbolt|p1a: Glimmora\n|-damage|p1a: Glimmora|0 fnt\n|faint|p1a: Glimmora\n|\n|-heal|p2a: Raging Bolt|19/100|[from] Grassy Terrain\n|-fieldend|move: Grassy Terrain\n|upkeep\n|\n|t:|1783808454\n|switch|p1a: Dragapult|Dragapult, M|100/100\n|turn|14\n|\n|t:|1783808460\n|-end|p2a: Raging Bolt|Protosynthesis|[silent]\n|switch|p2a: Donphan-Therian|Great Tusk|100/100\n|move|p1a: Dragapult|Dragon Darts|p2a: Donphan-Therian\n|-damage|p2a: Donphan-Therian|82/100\n|-anim|p1a: Dragapult|Dragon Darts|p2a: Donphan-Therian\n|-damage|p2a: Donphan-Therian|60/100\n|\n|upkeep\n|turn|15\n|\n|t:|1783808474\n|switch|p1a: Iron Valiant|Iron Valiant|100/100\n|-enditem|p1a: Iron Valiant|Booster Energy\n|-activate|p1a: Iron Valiant|ability: Quark Drive|[fromitem]\n|-start|p1a: Iron Valiant|quarkdrivespe\n|move|p2a: Donphan-Therian|Ice Spinner|p1a: Iron Valiant\n|-damage|p1a: Iron Valiant|65/100\n|\n|upkeep\n|turn|16\n|\n|t:|1783808479\n|move|p1a: Iron Valiant|Moonblast|p2a: Donphan-Therian\n|-supereffective|p2a: Donphan-Therian\n|-damage|p2a: Donphan-Therian|0 fnt\n|faint|p2a: Donphan-Therian\n|-end|p2a: Donphan-Therian|Protosynthesis|[silent]\n|\n|upkeep\n|\n|t:|1783808480\n|switch|p2a: Raging Bolt|Raging Bolt|19/100\n|turn|17\n|c|☆Prognathodon|gg\n|\n|t:|1783808486\n|move|p2a: Raging Bolt|Thunderclap|p1a: Iron Valiant\n|-damage|p1a: Iron Valiant|0 fnt\n|faint|p1a: Iron Valiant\n|-end|p1a: Iron Valiant|Quark Drive|[silent]\n|\n|upkeep\n|c|☆Prognathodon|o\n|\n|t:|1783808492\n|switch|p1a: Dragapult|Dragapult, M|100/100\n|turn|18\n|c|☆Prognathodon|gg\n|\n|t:|1783808514\n|-terastallize|p2a: Raging Bolt|Fairy\n|move|p2a: Raging Bolt|Thunderclap|p1a: Dragapult\n|-resisted|p1a: Dragapult\n|-damage|p1a: Dragapult|61/100\n|move|p1a: Dragapult|Dragon Darts|p2a: Raging Bolt\n|-immune|p2a: Raging Bolt\n|\n|upkeep\n|turn|19\n|\n|t:|1783808520\n|switch|p1a: Kingambit|Kingambit, M|100/100\n|-activate|p1a: Kingambit|ability: Supreme Overlord\n|-start|p1a: Kingambit|fallen4|[silent]\n|move|p2a: Raging Bolt|Thunderclap||[still]\n|-fail|p2a: Raging Bolt\n|\n|upkeep\n|turn|20\n|\n|t:|1783808527\n|move|p2a: Raging Bolt|Thunderclap|p1a: Kingambit\n|-damage|p1a: Kingambit|41/100\n|move|p1a: Kingambit|Iron Head|p2a: Raging Bolt\n|-supereffective|p2a: Raging Bolt\n|-damage|p2a: Raging Bolt|0 fnt\n|faint|p2a: Raging Bolt\n|-end|p2a: Raging Bolt|Protosynthesis|[silent]\n|-damage|p1a: Kingambit|31/100|[from] item: Life Orb\n|\n|win|Prognathodon\n|n|☆Prognathodon|prognathodon\n|n|☆SDK04|sdk04\n|n|*Lady Monita |ladymonita\n|l|*Lady Monita \n|c|☆Prognathodon|gg\n|c|☆SDK04|gg\n|c|☆SDK04|wp\n|c|☆Prognathodon|wp\n", "uploadtime": 1783808535, "views": 15, "formatid": "gen9ou", "rating": null, "private": 0, "password": null}