{"id": "gen9ou-2647802382", "format": "[Gen 9] OU", "players": ["Raygyun", "ChessDennis"], "log": "|j|☆Raygyun\n|j|☆ChessDennis\n|t:|1783815227\n|gametype|singles\n|player|p1|Raygyun|1|1358\n|player|p2|ChessDennis|2|1408\n|gen|9\n|tier|[Gen 9] OU\n|rated|\n|rule|HP Percentage Mod: HP is shown in percentages\n|rule|Endless Battle Clause: Forcing endless battles is banned\n|rule|Species Clause: Limit one of each Pokémon\n|rule|OHKO Clause: OHKO moves are banned\n|rule|Evasion Items Clause: Evasion items are banned\n|rule|Evasion Moves Clause: Evasion moves are banned\n|rule|Evasion Abilities Clause: Evasion abilities are banned\n|rule|Sleep Moves Clause: Sleep-inducing moves are banned\n|clearpoke\n|poke|p1|Darkrai|\n|poke|p1|Scizor, F|\n|poke|p1|Gliscor, M|\n|poke|p1|Slowking-Galar, M|\n|poke|p1|Alomomola, F|\n|poke|p1|Corviknight, F|\n|poke|p2|Hydreigon, F|\n|poke|p2|Gholdengo|\n|poke|p2|Ninetales-Alola, F|\n|poke|p2|Ting-Lu|\n|poke|p2|Amoonguss, F|\n|poke|p2|Tentacruel, M|\n|teampreview\n|inactive|Battle timer is ON: inactive players will automatically lose when time's up. (requested by Raygyun)\n|\n|t:|1783815232\n|teamsize|p1|6\n|teamsize|p2|6\n|start\n|switch|p1a: Scizor|Scizor, F|100/100\n|switch|p2a: Ninetales|Ninetales-Alola, F|100/100\n|-weather|Snowscape|[from] ability: Snow Warning|[of] p2a: Ninetales\n|turn|1\n|\n|t:|1783815237\n|switch|p2a: Tentacruel|Tentacruel, M|100/100\n|move|p1a: Scizor|Bullet Punch|p2a: Tentacruel\n|-resisted|p2a: Tentacruel\n|-damage|p2a: Tentacruel|68/100\n|\n|-weather|Snowscape|[upkeep]\n|-heal|p2a: Tentacruel|74/100|[from] item: Leftovers\n|upkeep\n|turn|2\n|\n|t:|1783815246\n|switch|p1a: Slowking|Slowking-Galar, M|100/100\n|move|p2a: Tentacruel|Rain Dance|p2a: Tentacruel\n|-weather|RainDance\n|\n|-weather|RainDance|[upkeep]\n|-heal|p2a: Tentacruel|80/100|[from] ability: Rain Dish\n|-heal|p2a: Tentacruel|86/100|[from] item: Leftovers\n|upkeep\n|turn|3\n|\n|t:|1783815250\n|move|p2a: Tentacruel|Rapid Spin|p1a: Slowking\n|-damage|p1a: Slowking|92/100\n|-boost|p2a: Tentacruel|spe|1\n|-prepare|p1a: Slowking|Chilly Reception|[premajor]\n|move|p1a: Slowking|Chilly Reception|p1a: Slowking\n|-weather|Snowscape\n|\n|t:|1783815261\n|switch|p1a: Gliscor|Gliscor, M|100/100|[from] Chilly Reception\n|\n|-weather|Snowscape|[upkeep]\n|-heal|p2a: Tentacruel|92/100|[from] item: Leftovers\n|-status|p1a: Gliscor|tox|[from] item: Toxic Orb\n|upkeep\n|turn|4\n|\n|t:|1783815268\n|switch|p1a: Alomomola|Alomomola, F|100/100\n|move|p2a: Tentacruel|Surf|p1a: Alomomola\n|-resisted|p1a: Alomomola\n|-damage|p1a: Alomomola|93/100\n|\n|-weather|Snowscape|[upkeep]\n|-heal|p2a: Tentacruel|98/100|[from] item: Leftovers\n|upkeep\n|turn|5\n|\n|t:|1783815274\n|switch|p1a: Slowking|Slowking-Galar, M|100/100\n|move|p2a: Tentacruel|Sludge Wave|p1a: Slowking\n|-resisted|p1a: Slowking\n|-damage|p1a: Slowking|91/100\n|\n|-weather|Snowscape|[upkeep]\n|-heal|p2a: Tentacruel|100/100|[from] item: Leftovers\n|upkeep\n|turn|6\n|\n|t:|1783815278\n|switch|p2a: Ting-Lu|Ting-Lu|100/100\n|-ability|p2a: Ting-Lu|Vessel of Ruin\n|move|p1a: Slowking|Psychic Noise|p2a: Ting-Lu\n|-immune|p2a: Ting-Lu\n|\n|-weather|Snowscape|[upkeep]\n|upkeep\n|turn|7\n|\n|t:|1783815280\n|move|p2a: Ting-Lu|Spikes|p1a: Slowking\n|-sidestart|p1: Raygyun|Spikes\n|move|p1a: Slowking|Toxic|p2a: Ting-Lu\n|-status|p2a: Ting-Lu|tox\n|\n|-weather|none\n|-damage|p2a: Ting-Lu|94/100 tox|[from] psn\n|upkeep\n|turn|8\n|\n|t:|1783815282\n|switch|p1a: Corviknight|Corviknight, F, shiny|100/100\n|-ability|p1a: Corviknight|Pressure\n|move|p2a: Ting-Lu|Spikes|p1a: Corviknight\n|-sidestart|p1: Raygyun|Spikes\n|\n|-heal|p2a: Ting-Lu|100/100 tox|[from] item: Leftovers\n|-damage|p2a: Ting-Lu|88/100 tox|[from] psn\n|upkeep\n|turn|9\n|\n|t:|1783815285\n|switch|p2a: Gholdengo|Gholdengo|100/100\n|move|p1a: Corviknight|U-turn|p2a: Gholdengo\n|-resisted|p2a: Gholdengo\n|-damage|p2a: Gholdengo|96/100\n|\n|t:|1783815288\n|switch|p1a: Darkrai|Darkrai|100/100|[from] U-turn\n|-damage|p1a: Darkrai|84/100|[from] Spikes\n|\n|upkeep\n|turn|10\n|\n|t:|1783815291\n|switch|p2a: Amoonguss|Amoonguss, F|100/100\n|move|p1a: Darkrai|Ice Beam|p2a: Amoonguss\n|-supereffective|p2a: Amoonguss\n|-damage|p2a: Amoonguss|37/100\n|\n|upkeep\n|turn|11\n|\n|t:|1783815297\n|switch|p2a: Ninetales|Ninetales-Alola, F|100/100\n|-weather|Snowscape|[from] ability: Snow Warning|[of] p2a: Ninetales\n|move|p1a: Darkrai|Ice Beam|p2a: Ninetales\n|-resisted|p2a: Ninetales\n|-damage|p2a: Ninetales|75/100\n|\n|-weather|Snowscape|[upkeep]\n|upkeep\n|turn|12\n|\n|t:|1783815302\n|switch|p1a: Corviknight|Corviknight, F, shiny|100/100\n|-ability|p1a: Corviknight|Pressure\n|move|p2a: Ninetales|Blizzard|p1a: Corviknight\n|-damage|p1a: Corviknight|52/100\n|\n|-weather|Snowscape|[upkeep]\n|upkeep\n|turn|13\n|\n|t:|1783815306\n|switch|p2a: Gholdengo|Gholdengo|96/100\n|move|p1a: Corviknight|Roost|p1a: Corviknight\n|-heal|p1a: Corviknight|100/100\n|-singleturn|p1a: Corviknight|move: Roost\n|\n|-weather|Snowscape|[upkeep]\n|upkeep\n|turn|14\n|\n|t:|1783815309\n|switch|p1a: Alomomola|Alomomola, F|100/100\n|-damage|p1a: Alomomola|84/100|[from] Spikes\n|move|p2a: Gholdengo|Shadow Ball|p1a: Alomomola\n|-damage|p1a: Alomomola|48/100\n|\n|-weather|Snowscape|[upkeep]\n|upkeep\n|turn|15\n|\n|t:|1783815312\n|move|p2a: Gholdengo|Shadow Ball|p1a: Alomomola\n|-damage|p1a: Alomomola|15/100\n|move|p1a: Alomomola|Mirror Coat|p2a: Gholdengo\n|-damage|p2a: Gholdengo|0 fnt\n|faint|p2a: Gholdengo\n|\n|-weather|none\n|upkeep\n|\n|t:|1783815317\n|switch|p2a: Ninetales|Ninetales-Alola, F|75/100\n|-weather|Snowscape|[from] ability: Snow Warning|[of] p2a: Ninetales\n|turn|16\n|\n|t:|1783815323\n|switch|p1a: Scizor|Scizor, F|100/100\n|-damage|p1a: Scizor|84/100|[from] Spikes\n|move|p2a: Ninetales|Blizzard|p1a: Scizor\n|-resisted|p1a: Scizor\n|-damage|p1a: Scizor|54/100\n|\n|-weather|Snowscape|[upkeep]\n|upkeep\n|turn|17\n|\n|t:|1783815333\n|switch|p2a: Tentacruel|Tentacruel, M|100/100\n|move|p1a: Scizor|U-turn|p2a: Tentacruel\n|-resisted|p2a: Tentacruel\n|-damage|p2a: Tentacruel|63/100\n|\n|t:|1783815338\n|switch|p1a: Gliscor|Gliscor, M|100/100 tox|[from] U-turn\n|\n|-weather|Snowscape|[upkeep]\n|-heal|p2a: Tentacruel|69/100|[from] item: Leftovers\n|upkeep\n|turn|18\n|\n|t:|1783815345\n|switch|p1a: Slowking|Slowking-Galar, M|100/100\n|move|p2a: Tentacruel|Sludge Wave|p1a: Slowking\n|-resisted|p1a: Slowking\n|-damage|p1a: Slowking|90/100\n|\n|-weather|Snowscape|[upkeep]\n|-heal|p2a: Tentacruel|75/100|[from] item: Leftovers\n|upkeep\n|turn|19\n|\n|t:|1783815353\n|switch|p2a: Ting-Lu|Ting-Lu|88/100 tox\n|-ability|p2a: Ting-Lu|Vessel of Ruin\n|-prepare|p1a: Slowking|Chilly Reception|[premajor]\n|move|p1a: Slowking|Chilly Reception|p1a: Slowking\n|\n|t:|1783815355\n|switch|p1a: Corviknight|Corviknight, F, shiny|100/100|[from] Chilly Reception\n|-ability|p1a: Corviknight|Pressure\n|\n|-weather|Snowscape|[upkeep]\n|-heal|p2a: Ting-Lu|94/100 tox|[from] item: Leftovers\n|-damage|p2a: Ting-Lu|88/100 tox|[from] psn\n|upkeep\n|turn|20\n|\n|t:|1783815361\n|move|p1a: Corviknight|Defog|p2a: Ting-Lu\n|-unboost|p2a: Ting-Lu|evasion|1\n|-sideend|p1: Raygyun|Spikes|[from] move: Defog|[of] p1a: Corviknight\n|move|p2a: Ting-Lu|Spikes|p1a: Corviknight\n|-sidestart|p1: Raygyun|Spikes\n|\n|-weather|none\n|-heal|p2a: Ting-Lu|94/100 tox|[from] item: Leftovers\n|-damage|p2a: Ting-Lu|82/100 tox|[from] psn\n|upkeep\n|turn|21\n|\n|t:|1783815365\n|switch|p2a: Hydreigon|Hydreigon, F|100/100\n|move|p1a: Corviknight|Defog|p2a: Hydreigon\n|-unboost|p2a: Hydreigon|evasion|1\n|-sideend|p1: Raygyun|Spikes|[from] move: Defog|[of] p1a: Corviknight\n|\n|upkeep\n|turn|22\n|\n|t:|1783815381\n|switch|p1a: Darkrai|Darkrai|84/100\n|-terastallize|p2a: Hydreigon|Steel\n|move|p2a: Hydreigon|Nasty Plot|p2a: Hydreigon\n|-boost|p2a: Hydreigon|spa|2\n|\n|upkeep\n|turn|23\n|\n|t:|1783815391\n|move|p1a: Darkrai|Focus Blast|p2a: Hydreigon\n|-supereffective|p2a: Hydreigon\n|-enditem|p2a: Hydreigon|Chople Berry|[eat]\n|-enditem|p2a: Hydreigon|Chople Berry|[weaken]\n|-damage|p2a: Hydreigon|26/100\n|move|p2a: Hydreigon|Flash Cannon|p1a: Darkrai\n|-damage|p1a: Darkrai|0 fnt\n|faint|p1a: Darkrai\n|\n|upkeep\n|\n|t:|1783815402\n|switch|p1a: Scizor|Scizor, F|54/100\n|turn|24\n|\n|t:|1783815410\n|switch|p2a: Amoonguss|Amoonguss, F|70/100\n|-terastallize|p1a: Scizor|Steel\n|move|p1a: Scizor|Bullet Punch|p2a: Amoonguss\n|-damage|p2a: Amoonguss|4/100\n|\n|upkeep\n|turn|25\n|\n|t:|1783815418\n|move|p1a: Scizor|Bullet Punch|p2a: Amoonguss\n|-damage|p2a: Amoonguss|0 fnt\n|faint|p2a: Amoonguss\n|\n|upkeep\n|\n|t:|1783815431\n|switch|p2a: Ting-Lu|Ting-Lu|82/100 tox\n|-ability|p2a: Ting-Lu|Vessel of Ruin\n|turn|26\n|\n|t:|1783815437\n|switch|p1a: Corviknight|Corviknight, F, shiny|100/100\n|-ability|p1a: Corviknight|Pressure\n|move|p2a: Ting-Lu|Whirlwind|p1a: Corviknight\n|drag|p1a: Scizor|Scizor, F, tera:Steel|54/100\n|\n|-heal|p2a: Ting-Lu|88/100 tox|[from] item: Leftovers\n|-damage|p2a: Ting-Lu|82/100 tox|[from] psn\n|upkeep\n|turn|27\n|\n|t:|1783815442\n|move|p1a: Scizor|U-turn|p2a: Ting-Lu\n|-supereffective|p2a: Ting-Lu\n|-damage|p2a: Ting-Lu|10/100 tox\n|\n|t:|1783815444\n|switch|p1a: Corviknight|Corviknight, F, shiny|100/100|[from] U-turn\n|-ability|p1a: Corviknight|Pressure\n|move|p2a: Ting-Lu|Spikes|p1a: Corviknight\n|-sidestart|p1: Raygyun|Spikes\n|\n|-heal|p2a: Ting-Lu|16/100 tox|[from] item: Leftovers\n|-damage|p2a: Ting-Lu|4/100 tox|[from] psn\n|upkeep\n|turn|28\n|\n|t:|1783815448\n|move|p1a: Corviknight|Defog|p2a: Ting-Lu\n|-unboost|p2a: Ting-Lu|evasion|1\n|-sideend|p1: Raygyun|Spikes|[from] move: Defog|[of] p1a: Corviknight\n|move|p2a: Ting-Lu|Spikes|p1a: Corviknight\n|-sidestart|p1: Raygyun|Spikes\n|\n|-heal|p2a: Ting-Lu|10/100 tox|[from] item: Leftovers\n|-damage|p2a: Ting-Lu|0 fnt|[from] psn\n|faint|p2a: Ting-Lu\n|upkeep\n|\n|t:|1783815451\n|switch|p2a: Hydreigon|Hydreigon, F, tera:Steel|26/100\n|turn|29\n|\n|t:|1783815456\n|move|p2a: Hydreigon|Dark Pulse|p1a: Corviknight\n|-damage|p1a: Corviknight|59/100\n|cant|p1a: Corviknight|flinch\n|\n|upkeep\n|turn|30\n|\n|t:|1783815464\n|move|p2a: Hydreigon|Dark Pulse|p1a: Corviknight\n|-damage|p1a: Corviknight|18/100\n|cant|p1a: Corviknight|flinch\n|\n|upkeep\n|turn|31\n|\n|t:|1783815467\n|move|p2a: Hydreigon|Dark Pulse|p1a: Corviknight\n|-damage|p1a: Corviknight|0 fnt\n|faint|p1a: Corviknight\n|\n|upkeep\n|\n|t:|1783815469\n|switch|p1a: Scizor|Scizor, F, tera:Steel|54/100\n|-damage|p1a: Scizor|42/100|[from] Spikes\n|turn|32\n|\n|t:|1783815476\n|switch|p2a: Ninetales|Ninetales-Alola, F|75/100\n|-weather|Snowscape|[from] ability: Snow Warning|[of] p2a: Ninetales\n|move|p1a: Scizor|Bullet Punch|p2a: Ninetales\n|-supereffective|p2a: Ninetales\n|-damage|p2a: Ninetales|0 fnt\n|faint|p2a: Ninetales\n|\n|-weather|Snowscape|[upkeep]\n|upkeep\n|\n|t:|1783815477\n|switch|p2a: Tentacruel|Tentacruel, M|75/100\n|turn|33\n|\n|t:|1783815481\n|switch|p1a: Slowking|Slowking-Galar, M|100/100\n|move|p2a: Tentacruel|Surf|p1a: Slowking\n|-damage|p1a: Slowking|81/100\n|\n|-weather|Snowscape|[upkeep]\n|-heal|p2a: Tentacruel|81/100|[from] item: Leftovers\n|upkeep\n|turn|34\n|\n|t:|1783815495\n|switch|p2a: Hydreigon|Hydreigon, F, tera:Steel|26/100\n|move|p1a: Slowking|Psychic Noise|p2a: Hydreigon\n|-resisted|p2a: Hydreigon\n|-damage|p2a: Hydreigon|10/100\n|-start|p2a: Hydreigon|move: Heal Block\n|\n|-weather|Snowscape|[upkeep]\n|upkeep\n|turn|35\n|\n|t:|1783815500\n|switch|p1a: Alomomola|Alomomola, F|49/100\n|-damage|p1a: Alomomola|36/100|[from] Spikes\n|move|p2a: Hydreigon|Dark Pulse|p1a: Alomomola\n|-damage|p1a: Alomomola|16/100\n|\n|-weather|Snowscape|[upkeep]\n|-end|p2a: Hydreigon|move: Heal Block\n|upkeep\n|turn|36\n|\n|t:|1783815503\n|move|p2a: Hydreigon|Dark Pulse|p1a: Alomomola\n|-damage|p1a: Alomomola|0 fnt\n|faint|p1a: Alomomola\n|\n|-weather|none\n|upkeep\n|\n|t:|1783815506\n|switch|p1a: Scizor|Scizor, F, tera:Steel|42/100\n|-damage|p1a: Scizor|29/100|[from] Spikes\n|turn|37\n|\n|t:|1783815511\n|switch|p2a: Tentacruel|Tentacruel, M|81/100\n|move|p1a: Scizor|Bullet Punch|p2a: Tentacruel\n|-resisted|p2a: Tentacruel\n|-damage|p2a: Tentacruel|40/100\n|\n|-heal|p2a: Tentacruel|46/100|[from] item: Leftovers\n|upkeep\n|turn|38\n|\n|t:|1783815516\n|switch|p1a: Slowking|Slowking-Galar, M|100/100\n|move|p2a: Tentacruel|Surf|p1a: Slowking\n|-damage|p1a: Slowking|81/100\n|\n|-heal|p2a: Tentacruel|53/100|[from] item: Leftovers\n|upkeep\n|turn|39\n|\n|t:|1783815521\n|move|p2a: Tentacruel|Rain Dance|p2a: Tentacruel\n|-weather|RainDance\n|move|p1a: Slowking|Psychic Noise|p2a: Tentacruel\n|-supereffective|p2a: Tentacruel\n|-damage|p2a: Tentacruel|5/100\n|-start|p2a: Tentacruel|move: Heal Block\n|\n|-weather|RainDance|[upkeep]\n|upkeep\n|turn|40\n|\n|t:|1783815528\n|move|p2a: Tentacruel|Surf|p1a: Slowking\n|-damage|p1a: Slowking|53/100\n|move|p1a: Slowking|Psychic Noise|p2a: Tentacruel\n|-supereffective|p2a: Tentacruel\n|-damage|p2a: Tentacruel|0 fnt\n|faint|p2a: Tentacruel\n|\n|-weather|RainDance|[upkeep]\n|upkeep\n|\n|t:|1783815530\n|switch|p2a: Hydreigon|Hydreigon, F, tera:Steel|10/100\n|turn|41\n|\n|t:|1783815533\n|move|p2a: Hydreigon|Dark Pulse|p1a: Slowking\n|-supereffective|p1a: Slowking\n|-damage|p1a: Slowking|5/100\n|move|p1a: Slowking|Psychic Noise|p2a: Hydreigon\n|-resisted|p2a: Hydreigon\n|-damage|p2a: Hydreigon|0 fnt\n|faint|p2a: Hydreigon\n|\n|win|Raygyun\n|raw|Raygyun's rating: 1358 &rarr; <strong>1381</strong><br />(+23 for winning)\n|raw|ChessDennis's rating: 1408 &rarr; <strong>1385</strong><br />(-23 for losing)\n|l|☆Raygyun\n|player|p1|\n|l|☆ChessDennis\n|player|p2|\n", "uploadtime": 1783815813, "views": 3, "formatid": "gen9ou", "rating": 1381, "private": 0, "password": null}