{"id": "gen9ou-2647818030", "format": "[Gen 9] OU", "players": ["DreigonJam", "scalling"], "log": "|j|☆DreigonJam\n|j|☆scalling\n|t:|1783817918\n|gametype|singles\n|player|p1|DreigonJam|nate|1148\n|player|p2|scalling|sailor|1179\n|gen|9\n|tier|[Gen 9] OU\n|rated|\n|rule|HP Percentage Mod: HP is shown in percentages\n|rule|Endless Battle Clause: Forcing endless battles is banned\n|rule|Species Clause: Limit one of each Pokémon\n|rule|OHKO Clause: OHKO moves are banned\n|rule|Evasion Items Clause: Evasion items are banned\n|rule|Evasion Moves Clause: Evasion moves are banned\n|rule|Evasion Abilities Clause: Evasion abilities are banned\n|rule|Sleep Moves Clause: Sleep-inducing moves are banned\n|clearpoke\n|poke|p1|Flygon, F|\n|poke|p1|Iron Moth|\n|poke|p1|Rotom-Wash|\n|poke|p1|Clefable, F|\n|poke|p1|Hitmontop, M|\n|poke|p1|Serperior, M|\n|poke|p2|Serperior, M|\n|poke|p2|Raging Bolt|\n|poke|p2|Landorus-Therian, M|\n|poke|p2|Great Tusk|\n|poke|p2|Gholdengo|\n|poke|p2|Bisharp, M|\n|teampreview\n|inactive|Battle timer is ON: inactive players will automatically lose when time's up. (requested by DreigonJam)\n|\n|t:|1783817933\n|teamsize|p1|6\n|teamsize|p2|6\n|start\n|switch|p1a: Rotom|Rotom-Wash|100/100\n|switch|p2a: Mayu|Landorus-Therian, M|100/100\n|-ability|p2a: Mayu|Intimidate|boost\n|-unboost|p1a: Rotom|atk|1\n|turn|1\n|\n|t:|1783817939\n|move|p2a: Mayu|Taunt|p1a: Rotom\n|-start|p1a: Rotom|move: Taunt\n|cant|p1a: Rotom|move: Taunt|Will-O-Wisp\n|\n|upkeep\n|turn|2\n|\n|t:|1783817945\n|switch|p2a: Yasuo|Bisharp, M, shiny|100/100\n|move|p1a: Rotom|Hydro Pump|p2a: Yasuo\n|-crit|p2a: Yasuo\n|-damage|p2a: Yasuo|23/100\n|\n|upkeep\n|turn|3\n|\n|t:|1783817955\n|move|p2a: Yasuo|Sucker Punch|p1a: Rotom\n|-damage|p1a: Rotom|54/100\n|move|p1a: Rotom|Discharge|p2a: Yasuo\n|-damage|p2a: Yasuo|0 fnt\n|faint|p2a: Yasuo\n|\n|-heal|p1a: Rotom|60/100|[from] item: Leftovers\n|-end|p1a: Rotom|move: Taunt\n|upkeep\n|\n|t:|1783817960\n|switch|p2a: Severo|Serperior, M|100/100\n|turn|4\n|\n|t:|1783817980\n|switch|p1a: Iron Moth|Iron Moth|100/100\n|move|p2a: Severo|Leaf Storm|p1a: Iron Moth\n|-resisted|p1a: Iron Moth\n|-damage|p1a: Iron Moth|88/100\n|-boost|p2a: Severo|spa|2\n|\n|upkeep\n|turn|5\n|\n|t:|1783817995\n|move|p1a: Iron Moth|Sludge Wave|p2a: Severo\n|-supereffective|p2a: Severo\n|-damage|p2a: Severo|0 fnt\n|faint|p2a: Severo\n|\n|upkeep\n|inactive|scalling has 120 seconds left.\n|\n|t:|1783818011\n|switch|p2a: Mayu|Landorus-Therian, M|100/100\n|-ability|p2a: Mayu|Intimidate|boost\n|-unboost|p1a: Iron Moth|atk|1\n|turn|6\n|\n|t:|1783818033\n|-end|p1a: Iron Moth|Quark Drive|[silent]\n|switch|p1a: Flygon|Flygon, F|100/100\n|move|p2a: Mayu|Earthquake|p1a: Flygon\n|-immune|p1a: Flygon|[from] ability: Levitate\n|\n|upkeep\n|turn|7\n|\n|t:|1783818038\n|move|p1a: Flygon|Dragon Dance|p1a: Flygon\n|-boost|p1a: Flygon|atk|1\n|-boost|p1a: Flygon|spe|1\n|move|p2a: Mayu|U-turn|p1a: Flygon\n|-damage|p1a: Flygon|73/100\n|\n|t:|1783818045\n|switch|p2a: Bananinho|Gholdengo|100/100|[from] U-turn\n|-item|p2a: Bananinho|Air Balloon\n|\n|upkeep\n|turn|8\n|inactive|DreigonJam has 120 seconds left.\n|\n|t:|1783818080\n|switch|p1a: Iron Moth|Iron Moth|88/100\n|move|p2a: Bananinho|Nasty Plot|p2a: Bananinho\n|-boost|p2a: Bananinho|spa|2\n|\n|upkeep\n|turn|9\n|inactive|scalling has 120 seconds left.\n|\n|t:|1783818121\n|move|p1a: Iron Moth|Fire Blast|p2a: Bananinho\n|-supereffective|p2a: Bananinho\n|-crit|p2a: Bananinho\n|-damage|p2a: Bananinho|0 fnt\n|-enditem|p2a: Bananinho|Air Balloon\n|faint|p2a: Bananinho\n|\n|upkeep\n|\n|t:|1783818128\n|switch|p2a: Uga|Great Tusk|100/100\n|turn|10\n|\n|t:|1783818134\n|-end|p1a: Iron Moth|Quark Drive|[silent]\n|switch|p1a: Flygon|Flygon, F|73/100\n|move|p2a: Uga|Earthquake|p1a: Flygon\n|-immune|p1a: Flygon|[from] ability: Levitate\n|\n|upkeep\n|turn|11\n|inactive|scalling has 120 seconds left.\n|\n|t:|1783818146\n|move|p1a: Flygon|Dragon Dance|p1a: Flygon\n|-boost|p1a: Flygon|atk|1\n|-boost|p1a: Flygon|spe|1\n|move|p2a: Uga|Knock Off|p1a: Flygon\n|-damage|p1a: Flygon|31/100\n|-enditem|p1a: Flygon|Salac Berry|[from] move: Knock Off|[of] p2a: Uga\n|\n|upkeep\n|turn|12\n|-message|scalling forfeited.\n|\n|win|DreigonJam\n|raw|DreigonJam's rating: 1148 &rarr; <strong>1175</strong><br />(+27 for winning)\n|raw|scalling's rating: 1179 &rarr; <strong>1152</strong><br />(-27 for losing)\n|l|☆scalling\n|player|p2|\n", "uploadtime": 1783818534, "views": 4, "formatid": "gen9ou", "rating": 1152, "private": 0, "password": null}