{"id": "gen9ou-2639286814", "format": "[Gen 9] OU", "players": ["santiagohurtadot", "hennyhardaway1"], "log": "|j|☆santiagohurtadot\n|j|☆hennyhardaway1\n|t:|1782446173\n|gametype|singles\n|player|p1|santiagohurtadot|richboy|1347\n|player|p2|hennyhardaway1|morty|1411\n|gen|9\n|tier|[Gen 9] OU\n|rated|\n|rule|HP Percentage Mod: HP is shown in percentages\n|rule|Endless Battle Clause: Forcing endless battles is banned\n|rule|Species Clause: Limit one of each Pokémon\n|rule|OHKO Clause: OHKO moves are banned\n|rule|Evasion Items Clause: Evasion items are banned\n|rule|Evasion Moves Clause: Evasion moves are banned\n|rule|Evasion Abilities Clause: Evasion abilities are banned\n|rule|Sleep Moves Clause: Sleep-inducing moves are banned\n|clearpoke\n|poke|p1|Cinccino, M|\n|poke|p1|Mew|\n|poke|p1|Rotom-Wash|\n|poke|p1|Primarina, F|\n|poke|p1|Arcanine-Hisui, M|\n|poke|p1|Dragonite, F|\n|poke|p2|Blaziken, F|\n|poke|p2|Alomomola, F|\n|poke|p2|Kyurem|\n|poke|p2|Corviknight, F|\n|poke|p2|Great Tusk|\n|poke|p2|Dragapult, F|\n|teampreview\n|\n|t:|1782446185\n|teamsize|p1|6\n|teamsize|p2|6\n|start\n|switch|p1a: WALSH|Rotom-Wash|100/100\n|switch|p2a: Kyurem|Kyurem|100/100\n|-ability|p2a: Kyurem|Pressure\n|turn|1\n|\n|t:|1782446192\n|move|p1a: WALSH|Volt Switch|p2a: Kyurem\n|-resisted|p2a: Kyurem\n|-damage|p2a: Kyurem|85/100\n|\n|t:|1782446196\n|switch|p1a: RK9|Arcanine-Hisui, M|100/100|[from] Volt Switch\n|move|p2a: Kyurem|Freeze-Dry|p1a: RK9\n|-resisted|p1a: RK9\n|-damage|p1a: RK9|65/100\n|\n|upkeep\n|turn|2\n|\n|t:|1782446204\n|switch|p2a: Great Tusk|Great Tusk|100/100\n|move|p1a: RK9|Flare Blitz|p2a: Great Tusk\n|-damage|p2a: Great Tusk|65/100\n|-damage|p1a: RK9|55/100|[from] item: Life Orb\n|\n|-heal|p2a: Great Tusk|71/100|[from] item: Leftovers\n|upkeep\n|turn|3\n|\n|t:|1782446214\n|switch|p1a: WALSH|Rotom-Wash|100/100\n|move|p2a: Great Tusk|Knock Off|p1a: WALSH\n|-damage|p1a: WALSH|65/100\n|-enditem|p1a: WALSH|Choice Scarf|[from] move: Knock Off|[of] p2a: Great Tusk\n|\n|-heal|p2a: Great Tusk|78/100|[from] item: Leftovers\n|upkeep\n|turn|4\n|\n|t:|1782446222\n|-end|p2a: Great Tusk|Protosynthesis|[silent]\n|switch|p2a: Kyurem|Kyurem|85/100\n|-ability|p2a: Kyurem|Pressure\n|move|p1a: WALSH|Hydro Pump|p2a: Kyurem\n|-resisted|p2a: Kyurem\n|-damage|p2a: Kyurem|61/100\n|\n|upkeep\n|turn|5\n|\n|t:|1782446231\n|switch|p1a: RK9|Arcanine-Hisui, M|55/100\n|move|p2a: Kyurem|Draco Meteor|p1a: RK9\n|-damage|p1a: RK9|0 fnt\n|-unboost|p2a: Kyurem|spa|2\n|faint|p1a: RK9\n|\n|upkeep\n|\n|t:|1782446240\n|switch|p1a: RINA|Primarina, F|100/100\n|turn|6\n|\n|t:|1782446244\n|switch|p2a: Alomomola|Alomomola, F|100/100\n|move|p1a: RINA|Moonblast|p2a: Alomomola\n|-damage|p2a: Alomomola|56/100\n|\n|upkeep\n|turn|7\n|\n|t:|1782446250\n|move|p1a: RINA|Energy Ball|p2a: Alomomola\n|-supereffective|p2a: Alomomola\n|-damage|p2a: Alomomola|0 fnt\n|faint|p2a: Alomomola\n|\n|upkeep\n|\n|t:|1782446256\n|switch|p2a: Kyurem|Kyurem|61/100\n|-ability|p2a: Kyurem|Pressure\n|turn|8\n|\n|t:|1782446262\n|-terastallize|p2a: Kyurem|Ghost\n|-terastallize|p1a: RINA|Steel\n|move|p2a: Kyurem|Freeze-Dry|p1a: RINA\n|-resisted|p1a: RINA\n|-damage|p1a: RINA|86/100\n|-status|p1a: RINA|frz\n|cant|p1a: RINA|frz\n|\n|upkeep\n|turn|9\n|\n|t:|1782446272\n|switch|p2a: Blaziken|Blaziken, F, shiny|100/100\n|cant|p1a: RINA|frz\n|\n|upkeep\n|turn|10\n|\n|t:|1782446282\n|switch|p1a: TOTA|Dragonite, F|100/100\n|move|p2a: Blaziken|Substitute|p2a: Blaziken\n|-start|p2a: Blaziken|Substitute\n|-damage|p2a: Blaziken|76/100\n|\n|-heal|p2a: Blaziken|82/100|[from] item: Leftovers\n|-ability|p2a: Blaziken|Speed Boost|boost\n|-boost|p2a: Blaziken|spe|1\n|upkeep\n|turn|11\n|\n|t:|1782446290\n|move|p2a: Blaziken|Knock Off|p1a: TOTA\n|-damage|p1a: TOTA|80/100\n|-enditem|p1a: TOTA|Leftovers|[from] move: Knock Off|[of] p2a: Blaziken\n|move|p1a: TOTA|Earthquake|p2a: Blaziken\n|-supereffective|p2a: Blaziken\n|-end|p2a: Blaziken|Substitute\n|\n|-heal|p2a: Blaziken|88/100|[from] item: Leftovers\n|-ability|p2a: Blaziken|Speed Boost|boost\n|-boost|p2a: Blaziken|spe|1\n|upkeep\n|turn|12\n|\n|t:|1782446300\n|switch|p2a: Corviknight|Corviknight, F|100/100\n|-ability|p2a: Corviknight|Pressure\n|move|p1a: TOTA|Earthquake|p2a: Corviknight\n|-immune|p2a: Corviknight\n|\n|upkeep\n|turn|13\n|\n|t:|1782446311\n|switch|p1a: RINA|Primarina, F, tera:Steel|86/100 frz\n|move|p2a: Corviknight|U-turn|p1a: RINA\n|-resisted|p1a: RINA\n|-damage|p1a: RINA|77/100 frz\n|\n|t:|1782446319\n|switch|p2a: Blaziken|Blaziken, F, shiny|88/100|[from] U-turn\n|\n|-heal|p2a: Blaziken|94/100|[from] item: Leftovers\n|upkeep\n|turn|14\n|\n|t:|1782446325\n|move|p2a: Blaziken|Blaze Kick|p1a: RINA\n|-supereffective|p1a: RINA\n|-damage|p1a: RINA|0 fnt\n|faint|p1a: RINA\n|\n|-heal|p2a: Blaziken|99/100|[from] item: Leftovers\n|-ability|p2a: Blaziken|Speed Boost|boost\n|-boost|p2a: Blaziken|spe|1\n|upkeep\n|\n|t:|1782446332\n|switch|p1a: MIUSHA|Mew|100/100\n|turn|15\n|\n|t:|1782446337\n|switch|p2a: Corviknight|Corviknight, F|100/100\n|-ability|p2a: Corviknight|Pressure\n|move|p1a: MIUSHA|Calm Mind|p1a: MIUSHA\n|-boost|p1a: MIUSHA|spa|1\n|-boost|p1a: MIUSHA|spd|1\n|\n|upkeep\n|turn|16\n|\n|t:|1782446343\n|move|p1a: MIUSHA|Ice Beam|p2a: Corviknight\n|-damage|p2a: Corviknight|60/100\n|move|p2a: Corviknight|U-turn|p1a: MIUSHA\n|-supereffective|p1a: MIUSHA\n|-damage|p1a: MIUSHA|72/100\n|\n|t:|1782446352\n|switch|p2a: Blaziken|Blaziken, F, shiny|99/100|[from] U-turn\n|\n|-heal|p1a: MIUSHA|78/100|[from] item: Leftovers\n|-heal|p2a: Blaziken|100/100|[from] item: Leftovers\n|upkeep\n|turn|17\n|\n|t:|1782446368\n|switch|p2a: Great Tusk|Great Tusk|78/100\n|move|p1a: MIUSHA|Psychic|p2a: Great Tusk\n|-supereffective|p2a: Great Tusk\n|-damage|p2a: Great Tusk|0 fnt\n|faint|p2a: Great Tusk\n|-end|p2a: Great Tusk|Protosynthesis|[silent]\n|\n|-heal|p1a: MIUSHA|84/100|[from] item: Leftovers\n|upkeep\n|\n|t:|1782446370\n|switch|p2a: Corviknight|Corviknight, F|60/100\n|-ability|p2a: Corviknight|Pressure\n|turn|18\n|\n|t:|1782446378\n|move|p1a: MIUSHA|Ice Beam|p2a: Corviknight\n|-damage|p2a: Corviknight|25/100\n|move|p2a: Corviknight|Brave Bird|p1a: MIUSHA\n|-damage|p1a: MIUSHA|44/100\n|-damage|p2a: Corviknight|13/100|[from] Recoil\n|\n|-heal|p1a: MIUSHA|50/100|[from] item: Leftovers\n|upkeep\n|turn|19\n|\n|t:|1782446386\n|move|p1a: MIUSHA|Psychic|p2a: Corviknight\n|-resisted|p2a: Corviknight\n|-damage|p2a: Corviknight|0 fnt\n|faint|p2a: Corviknight\n|\n|-heal|p1a: MIUSHA|56/100|[from] item: Leftovers\n|upkeep\n|\n|t:|1782446388\n|switch|p2a: Dragapult|Dragapult, F|100/100\n|turn|20\n|\n|t:|1782446398\n|move|p2a: Dragapult|U-turn|p1a: MIUSHA\n|-supereffective|p1a: MIUSHA\n|-damage|p1a: MIUSHA|3/100\n|\n|t:|1782446402\n|switch|p2a: Blaziken|Blaziken, F, shiny|100/100|[from] U-turn\n|move|p1a: MIUSHA|Ice Beam|p2a: Blaziken\n|-resisted|p2a: Blaziken\n|-damage|p2a: Blaziken|73/100\n|\n|-heal|p1a: MIUSHA|9/100|[from] item: Leftovers\n|-heal|p2a: Blaziken|79/100|[from] item: Leftovers\n|upkeep\n|turn|21\n|\n|t:|1782446410\n|move|p1a: MIUSHA|Psychic|p2a: Blaziken\n|-supereffective|p2a: Blaziken\n|-damage|p2a: Blaziken|0 fnt\n|faint|p2a: Blaziken\n|\n|-heal|p1a: MIUSHA|15/100|[from] item: Leftovers\n|upkeep\n|\n|t:|1782446412\n|switch|p2a: Dragapult|Dragapult, F|100/100\n|turn|22\n|\n|t:|1782446421\n|switch|p1a: WALSH|Rotom-Wash|65/100\n|move|p2a: Dragapult|U-turn|p1a: WALSH\n|-damage|p1a: WALSH|29/100\n|\n|t:|1782446423\n|switch|p2a: Kyurem|Kyurem, tera:Ghost|61/100|[from] U-turn\n|-ability|p2a: Kyurem|Pressure\n|\n|upkeep\n|turn|23\n|\n|t:|1782446429\n|move|p2a: Kyurem|Freeze-Dry|p1a: WALSH\n|-supereffective|p1a: WALSH\n|-damage|p1a: WALSH|0 fnt\n|faint|p1a: WALSH\n|\n|upkeep\n|\n|t:|1782446438\n|switch|p1a: MOCCA|Cinccino, M|100/100\n|turn|24\n|\n|t:|1782446441\n|move|p1a: MOCCA|Tidy Up|p1a: MOCCA\n|-boost|p1a: MOCCA|atk|1\n|-boost|p1a: MOCCA|spe|1\n|move|p2a: Kyurem|Freeze-Dry|p1a: MOCCA\n|-damage|p1a: MOCCA|0 fnt\n|faint|p1a: MOCCA\n|\n|upkeep\n|\n|t:|1782446450\n|switch|p1a: MIUSHA|Mew|15/100\n|turn|25\n|\n|t:|1782446453\n|move|p1a: MIUSHA|Psychic|p2a: Kyurem\n|-damage|p2a: Kyurem|21/100\n|move|p2a: Kyurem|Freeze-Dry|p1a: MIUSHA\n|-damage|p1a: MIUSHA|0 fnt\n|faint|p1a: MIUSHA\n|\n|upkeep\n|\n|t:|1782446459\n|switch|p1a: TOTA|Dragonite, F|80/100\n|turn|26\n|\n|t:|1782446464\n|move|p2a: Kyurem|Freeze-Dry|p1a: TOTA\n|-supereffective|p1a: TOTA\n|-damage|p1a: TOTA|0 fnt\n|faint|p1a: TOTA\n|\n|win|hennyhardaway1\n|raw|santiagohurtadot's rating: 1347 &rarr; <strong>1331</strong><br />(-16 for losing)\n|raw|hennyhardaway1's rating: 1411 &rarr; <strong>1427</strong><br />(+16 for winning)\n|l|☆santiagohurtadot\n|player|p1|\n", "uploadtime": 1782446473, "views": 12, "formatid": "gen9ou", "rating": 1331, "private": 0, "password": null}