{"id": "gen9ou-2639301201", "format": "[Gen 9] OU", "players": ["how play pkm", "msean3"], "log": "|j|☆how play pkm\n|j|‽msean3\n|t:|1782448818\n|gametype|singles\n|player|p1|how play pkm|yellow|1635\n|player|p2|msean3|101|1550\n|gen|9\n|tier|[Gen 9] OU\n|rated|\n|rule|HP Percentage Mod: HP is shown in percentages\n|rule|Endless Battle Clause: Forcing endless battles is banned\n|rule|Species Clause: Limit one of each Pokémon\n|rule|OHKO Clause: OHKO moves are banned\n|rule|Evasion Items Clause: Evasion items are banned\n|rule|Evasion Moves Clause: Evasion moves are banned\n|rule|Evasion Abilities Clause: Evasion abilities are banned\n|rule|Sleep Moves Clause: Sleep-inducing moves are banned\n|clearpoke\n|poke|p1|Deoxys-Speed|\n|poke|p1|Hatterene, F|\n|poke|p1|Kyurem|\n|poke|p1|Blaziken, M|\n|poke|p1|Iron Crown|\n|poke|p1|Gholdengo|\n|poke|p2|Darkrai|\n|poke|p2|Alomomola, M|\n|poke|p2|Corviknight, M|\n|poke|p2|Weezing-Galar, M|\n|poke|p2|Garchomp, M|\n|poke|p2|Ogerpon, F|\n|teampreview\n|inactive|Battle timer is ON: inactive players will automatically lose when time's up. (requested by how play pkm)\n|\n|t:|1782448834\n|teamsize|p1|6\n|teamsize|p2|6\n|start\n|switch|p1a: Deoxys|Deoxys-Speed|100/100\n|switch|p2a: Darkrai|Darkrai|100/100\n|-ability|p1a: Deoxys|Pressure\n|turn|1\n|\n|t:|1782448839\n|move|p1a: Deoxys|Reflect|p1a: Deoxys\n|-sidestart|p1: how play pkm|Reflect\n|move|p2a: Darkrai|Dark Pulse|p1a: Deoxys\n|-supereffective|p1a: Deoxys\n|-damage|p1a: Deoxys|0 fnt\n|faint|p1a: Deoxys\n|\n|upkeep\n|\n|t:|1782448842\n|switch|p1a: Blaziken|Blaziken, M|100/100\n|turn|2\n|\n|t:|1782448847\n|switch|p2a: Garchomp|Garchomp, M|100/100\n|move|p1a: Blaziken|Swords Dance|p1a: Blaziken\n|-boost|p1a: Blaziken|atk|2\n|\n|-ability|p1a: Blaziken|Speed Boost|boost\n|-boost|p1a: Blaziken|spe|1\n|upkeep\n|turn|3\n|\n|t:|1782448849\n|move|p1a: Blaziken|Close Combat|p2a: Garchomp\n|-damage|p2a: Garchomp|0 fnt\n|-unboost|p1a: Blaziken|def|1\n|-unboost|p1a: Blaziken|spd|1\n|-damage|p1a: Blaziken|88/100|[from] ability: Rough Skin|[of] p2a: Garchomp\n|-damage|p1a: Blaziken|72/100|[from] item: Rocky Helmet|[of] p2a: Garchomp\n|faint|p2a: Garchomp\n|-damage|p1a: Blaziken|62/100|[from] item: Life Orb\n|\n|-ability|p1a: Blaziken|Speed Boost|boost\n|-boost|p1a: Blaziken|spe|1\n|upkeep\n|\n|t:|1782448864\n|switch|p2a: Weezing|Weezing-Galar, M|100/100\n|-ability|p2a: Weezing|Neutralizing Gas\n|turn|4\n|\n|t:|1782448866\n|move|p1a: Blaziken|Flare Blitz|p2a: Weezing\n|-damage|p2a: Weezing|0 fnt\n|faint|p2a: Weezing\n|-end|p2a: Weezing|ability: Neutralizing Gas\n|-damage|p1a: Blaziken|25/100|[from] Recoil\n|-damage|p1a: Blaziken|15/100|[from] item: Life Orb\n|\n|-ability|p1a: Blaziken|Speed Boost|boost\n|-boost|p1a: Blaziken|spe|1\n|upkeep\n|\n|t:|1782448870\n|switch|p2a: Alomomola|Alomomola, M|100/100\n|turn|5\n|\n|t:|1782448874\n|move|p2a: Alomomola|Aqua Jet|p1a: Blaziken\n|-supereffective|p1a: Blaziken\n|-damage|p1a: Blaziken|0 fnt\n|faint|p1a: Blaziken\n|\n|upkeep\n|\n|t:|1782448879\n|switch|p1a: Kyurem|Kyurem|100/100\n|-ability|p1a: Kyurem|Pressure\n|turn|6\n|\n|t:|1782448884\n|move|p1a: Kyurem|Substitute|p1a: Kyurem\n|-start|p1a: Kyurem|Substitute\n|-damage|p1a: Kyurem|76/100\n|move|p2a: Alomomola|Flip Turn|p1a: Kyurem\n|-resisted|p1a: Kyurem\n|-activate|p1a: Kyurem|move: Substitute|[damage]\n|\n|t:|1782448886\n|switch|p2a: Ogerpon|Ogerpon, F|100/100|[from] Flip Turn\n|\n|upkeep\n|turn|7\n|\n|t:|1782448889\n|switch|p1a: Iron Crown|Iron Crown|100/100\n|-enditem|p1a: Iron Crown|Booster Energy\n|-activate|p1a: Iron Crown|ability: Quark Drive|[fromitem]\n|-start|p1a: Iron Crown|quarkdrivespe\n|move|p2a: Ogerpon|Encore||[still]\n|-fail|p2a: Ogerpon\n|\n|upkeep\n|turn|8\n|\n|t:|1782448903\n|move|p1a: Iron Crown|Tachyon Cutter|p2a: Ogerpon\n|-damage|p2a: Ogerpon|71/100\n|-damage|p2a: Ogerpon|42/100\n|-hitcount|p2a: Ogerpon|2\n|move|p2a: Ogerpon|Encore|p1a: Iron Crown\n|-start|p1a: Iron Crown|Encore\n|\n|-sideend|p1: how play pkm|Reflect\n|upkeep\n|turn|9\n|\n|t:|1782448907\n|switch|p2a: Alomomola|Alomomola, M|100/100\n|move|p1a: Iron Crown|Tachyon Cutter|p2a: Alomomola\n|-resisted|p2a: Alomomola\n|-damage|p2a: Alomomola|95/100\n|-resisted|p2a: Alomomola\n|-damage|p2a: Alomomola|89/100\n|-hitcount|p2a: Alomomola|2\n|\n|upkeep\n|turn|10\n|\n|t:|1782448910\n|move|p1a: Iron Crown|Tachyon Cutter|p2a: Alomomola\n|-resisted|p2a: Alomomola\n|-damage|p2a: Alomomola|83/100\n|-resisted|p2a: Alomomola\n|-crit|p2a: Alomomola\n|-damage|p2a: Alomomola|74/100\n|-hitcount|p2a: Alomomola|2\n|move|p2a: Alomomola|Flip Turn|p1a: Iron Crown\n|-damage|p1a: Iron Crown|83/100\n|\n|t:|1782448913\n|switch|p2a: Darkrai|Darkrai|100/100|[from] Flip Turn\n|\n|upkeep\n|turn|11\n|\n|t:|1782448915\n|move|p1a: Iron Crown|Tachyon Cutter|p2a: Darkrai\n|-damage|p2a: Darkrai|72/100\n|-damage|p2a: Darkrai|39/100\n|-hitcount|p2a: Darkrai|2\n|move|p2a: Darkrai|Dark Pulse|p1a: Iron Crown\n|-supereffective|p1a: Iron Crown\n|-damage|p1a: Iron Crown|0 fnt\n|faint|p1a: Iron Crown\n|-end|p1a: Iron Crown|Quark Drive|[silent]\n|\n|upkeep\n|\n|t:|1782448921\n|switch|p1a: Kyurem|Kyurem|76/100\n|-ability|p1a: Kyurem|Pressure\n|turn|12\n|\n|t:|1782448935\n|-terastallize|p2a: Darkrai|Dark\n|move|p2a: Darkrai|Dark Pulse|p1a: Kyurem\n|-damage|p1a: Kyurem|0 fnt\n|faint|p1a: Kyurem\n|\n|upkeep\n|\n|t:|1782448956\n|switch|p1a: Gholdengo|Gholdengo|100/100\n|turn|13\n|\n|t:|1782448960\n|switch|p2a: Alomomola|Alomomola, M|100/100\n|-terastallize|p1a: Gholdengo|Steel\n|move|p1a: Gholdengo|Make It Rain|p2a: Alomomola\n|-resisted|p2a: Alomomola\n|-damage|p2a: Alomomola|71/100\n|-unboost|p1a: Gholdengo|spa|1\n|\n|upkeep\n|turn|14\n|-message|how play pkm forfeited.\n|\n|win|msean3\n|raw|how play pkm's rating: 1635 &rarr; <strong>1610</strong><br />(-25 for losing)\n|raw|msean3's rating: 1550 &rarr; <strong>1575</strong><br />(+25 for winning)\n|l|☆how play pkm\n|player|p1|\n|l|‽msean3\n|player|p2|\n", "uploadtime": 1782449240, "views": 22, "formatid": "gen9ou", "rating": 1575, "private": 0, "password": null}