{"id": "gen9ou-2647752659", "format": "[Gen 9] OU", "players": ["top 500 mainstay", "a3720"], "log": "|j|☆top 500 mainstay\n|j|☆a3720\n|t:|1783806687\n|gametype|singles\n|player|p1|top 500 mainstay|266|1699\n|player|p2|a3720|1|1654\n|gen|9\n|tier|[Gen 9] OU\n|rated|\n|rule|HP Percentage Mod: HP is shown in percentages\n|rule|Endless Battle Clause: Forcing endless battles is banned\n|rule|Species Clause: Limit one of each Pokémon\n|rule|OHKO Clause: OHKO moves are banned\n|rule|Evasion Items Clause: Evasion items are banned\n|rule|Evasion Moves Clause: Evasion moves are banned\n|rule|Evasion Abilities Clause: Evasion abilities are banned\n|rule|Sleep Moves Clause: Sleep-inducing moves are banned\n|clearpoke\n|poke|p1|Rillaboom, F|\n|poke|p1|Hawlucha, F|\n|poke|p1|Raging Bolt|\n|poke|p1|Kingambit, F|\n|poke|p1|Keldeo-Resolute|\n|poke|p1|Glimmora, F|\n|poke|p2|Serperior, M|\n|poke|p2|Rillaboom, F|\n|poke|p2|Raging Bolt|\n|poke|p2|Glimmora, M|\n|poke|p2|Gholdengo|\n|poke|p2|Great Tusk|\n|teampreview\n|inactive|Battle timer is ON: inactive players will automatically lose when time's up. (requested by top 500 mainstay)\n|\n|t:|1783806704\n|teamsize|p1|6\n|teamsize|p2|6\n|start\n|switch|p1a: Glimmora|Glimmora, F|100/100\n|switch|p2a: Gholdengo|Gholdengo|100/100\n|-item|p2a: Gholdengo|Air Balloon\n|turn|1\n|\n|t:|1783806712\n|move|p1a: Glimmora|Stealth Rock|p2a: Gholdengo\n|-sidestart|p2: a3720|move: Stealth Rock\n|move|p2a: Gholdengo|Make It Rain|p1a: Glimmora\n|-supereffective|p1a: Glimmora\n|-enditem|p1a: Glimmora|Focus Sash\n|-damage|p1a: Glimmora|1/100\n|-unboost|p2a: Gholdengo|spa|1\n|\n|upkeep\n|turn|2\n|\n|t:|1783806735\n|move|p1a: Glimmora|Spikes|p2a: Gholdengo\n|-sidestart|p2: a3720|Spikes\n|move|p2a: Gholdengo|Hex|p1a: Glimmora\n|-damage|p1a: Glimmora|0 fnt\n|faint|p1a: Glimmora\n|\n|upkeep\n|\n|t:|1783806741\n|switch|p1a: Kingambit|Kingambit, F|100/100\n|-activate|p1a: Kingambit|ability: Supreme Overlord\n|-start|p1a: Kingambit|fallen1|[silent]\n|turn|3\n|\n|t:|1783806750\n|switch|p2a: Great Tusk|Great Tusk|100/100\n|-damage|p2a: Great Tusk|98/100|[from] Stealth Rock\n|-damage|p2a: Great Tusk|85/100|[from] Spikes\n|-enditem|p2a: Great Tusk|Booster Energy\n|-activate|p2a: Great Tusk|ability: Protosynthesis|[fromitem]\n|-start|p2a: Great Tusk|protosynthesisatk\n|move|p1a: Kingambit|Swords Dance|p1a: Kingambit\n|-boost|p1a: Kingambit|atk|2\n|\n|upkeep\n|turn|4\n|\n|t:|1783806769\n|-terastallize|p1a: Kingambit|Ghost\n|move|p2a: Great Tusk|Headlong Rush|p1a: Kingambit\n|-damage|p1a: Kingambit|41/100\n|-unboost|p2a: Great Tusk|def|1\n|-unboost|p2a: Great Tusk|spd|1\n|move|p1a: Kingambit|Iron Head|p2a: Great Tusk\n|-damage|p2a: Great Tusk|0 fnt\n|faint|p2a: Great Tusk\n|-end|p2a: Great Tusk|Protosynthesis|[silent]\n|\n|-heal|p1a: Kingambit|47/100|[from] item: Leftovers\n|upkeep\n|inactive|a3720 has 120 seconds left.\n|\n|t:|1783806806\n|switch|p2a: Rillaboom|Rillaboom, F|100/100\n|-damage|p2a: Rillaboom|88/100|[from] Stealth Rock\n|-damage|p2a: Rillaboom|76/100|[from] Spikes\n|-fieldstart|move: Grassy Terrain|[from] ability: Grassy Surge|[of] p2a: Rillaboom\n|turn|5\n|\n|t:|1783806818\n|-terastallize|p2a: Rillaboom|Grass\n|move|p2a: Rillaboom|Grassy Glide|p1a: Kingambit\n|-damage|p1a: Kingambit|0 fnt\n|faint|p1a: Kingambit\n|-end|p1a: Kingambit|fallen1|[silent]\n|-damage|p2a: Rillaboom|66/100|[from] item: Life Orb\n|\n|-heal|p2a: Rillaboom|72/100|[from] Grassy Terrain\n|upkeep\n|\n|t:|1783806820\n|switch|p1a: Hawlucha|Hawlucha, F|100/100\n|-enditem|p1a: Hawlucha|Grassy Seed\n|-boost|p1a: Hawlucha|def|1|[from] item: Grassy Seed\n|turn|6\n|inactive|a3720 has 120 seconds left.\n|inactive|a3720 has 90 seconds left.\n|\n|t:|1783806858\n|switch|p2a: Gholdengo|Gholdengo|100/100\n|-damage|p2a: Gholdengo|94/100|[from] Stealth Rock\n|-item|p2a: Gholdengo|Air Balloon\n|move|p1a: Hawlucha|Acrobatics|p2a: Gholdengo\n|-resisted|p2a: Gholdengo\n|-damage|p2a: Gholdengo|78/100\n|-enditem|p2a: Gholdengo|Air Balloon\n|\n|-heal|p2a: Gholdengo|84/100|[from] Grassy Terrain\n|upkeep\n|turn|7\n|\n|t:|1783806866\n|move|p1a: Hawlucha|Fire Punch|p2a: Gholdengo\n|-supereffective|p2a: Gholdengo\n|-damage|p2a: Gholdengo|55/100\n|move|p2a: Gholdengo|Thunder Wave|p1a: Hawlucha|[miss]\n|-miss|p2a: Gholdengo|p1a: Hawlucha\n|\n|-heal|p2a: Gholdengo|61/100|[from] Grassy Terrain\n|upkeep\n|turn|8\n|\n|t:|1783806877\n|move|p1a: Hawlucha|Swords Dance|p1a: Hawlucha\n|-boost|p1a: Hawlucha|atk|2\n|move|p2a: Gholdengo|Thunder Wave|p1a: Hawlucha\n|-status|p1a: Hawlucha|par\n|\n|-heal|p2a: Gholdengo|67/100|[from] Grassy Terrain\n|upkeep\n|turn|9\n|\n|t:|1783806886\n|cant|p1a: Hawlucha|par\n|move|p2a: Gholdengo|Hex|p1a: Hawlucha\n|-damage|p1a: Hawlucha|23/100 par\n|\n|-heal|p2a: Gholdengo|73/100|[from] Grassy Terrain\n|-fieldend|move: Grassy Terrain\n|upkeep\n|turn|10\n|\n|t:|1783806899\n|switch|p2a: Glimmora|Glimmora, M|100/100\n|-damage|p2a: Glimmora|88/100|[from] Stealth Rock\n|-damage|p2a: Glimmora|76/100|[from] Spikes\n|move|p1a: Hawlucha|Fire Punch|p2a: Glimmora\n|-resisted|p2a: Glimmora\n|-damage|p2a: Glimmora|56/100\n|-activate|p2a: Glimmora|ability: Toxic Debris\n|-sidestart|p1: top 500 mainstay|move: Toxic Spikes\n|-enditem|p2a: Glimmora|Red Card|[of] p1a: Hawlucha\n|drag|p1a: Rillaboom|Rillaboom, F|100/100\n|-status|p1a: Rillaboom|psn\n|-fieldstart|move: Grassy Terrain|[from] ability: Grassy Surge|[of] p1a: Rillaboom\n|\n|-heal|p2a: Glimmora|62/100|[from] Grassy Terrain\n|-damage|p1a: Rillaboom|88/100 psn|[from] psn\n|upkeep\n|turn|11\n|inactive|a3720 has 90 seconds left.\n|inactive|a3720 has 60 seconds left.\n|\n|t:|1783806956\n|switch|p1a: Hawlucha|Hawlucha, F|23/100 par\n|move|p2a: Glimmora|Power Gem|p1a: Hawlucha\n|-damage|p1a: Hawlucha|0 fnt\n|faint|p1a: Hawlucha\n|\n|-heal|p2a: Glimmora|69/100|[from] Grassy Terrain\n|upkeep\n|\n|t:|1783806964\n|switch|p1a: Keldeo|Keldeo-Resolute|100/100\n|-status|p1a: Keldeo|psn\n|turn|12\n|inactive|a3720 has 60 seconds left.\n|\n|t:|1783806988\n|move|p1a: Keldeo|Calm Mind|p1a: Keldeo\n|-boost|p1a: Keldeo|spa|1\n|-boost|p1a: Keldeo|spd|1\n|move|p2a: Glimmora|Earth Power|p1a: Keldeo\n|-damage|p1a: Keldeo|79/100 psn\n|\n|-heal|p1a: Keldeo|86/100 psn|[from] Grassy Terrain\n|-heal|p1a: Keldeo|92/100 psn|[from] item: Leftovers\n|-heal|p2a: Glimmora|75/100|[from] Grassy Terrain\n|-damage|p1a: Keldeo|79/100 psn|[from] psn\n|upkeep\n|turn|13\n|\n|t:|1783806998\n|move|p1a: Keldeo|Calm Mind|p1a: Keldeo\n|-boost|p1a: Keldeo|spa|1\n|-boost|p1a: Keldeo|spd|1\n|move|p2a: Glimmora|Earth Power|p1a: Keldeo\n|-damage|p1a: Keldeo|64/100 psn\n|\n|-heal|p1a: Keldeo|70/100 psn|[from] Grassy Terrain\n|-heal|p1a: Keldeo|77/100 psn|[from] item: Leftovers\n|-heal|p2a: Glimmora|81/100|[from] Grassy Terrain\n|-damage|p1a: Keldeo|64/100 psn|[from] psn\n|upkeep\n|turn|14\n|inactive|a3720 has 60 seconds left.\n|j| Eternity o2\n|\n|t:|1783807027\n|move|p1a: Keldeo|Calm Mind|p1a: Keldeo\n|-boost|p1a: Keldeo|spa|1\n|-boost|p1a: Keldeo|spd|1\n|move|p2a: Glimmora|Earth Power|p1a: Keldeo\n|-damage|p1a: Keldeo|51/100 psn\n|\n|-heal|p1a: Keldeo|57/100 psn|[from] Grassy Terrain\n|-heal|p1a: Keldeo|63/100 psn|[from] item: Leftovers\n|-heal|p2a: Glimmora|87/100|[from] Grassy Terrain\n|-damage|p1a: Keldeo|51/100 psn|[from] psn\n|-fieldend|move: Grassy Terrain\n|upkeep\n|turn|15\n|\n|t:|1783807044\n|switch|p2a: Rillaboom|Rillaboom, F, tera:Grass|72/100\n|-damage|p2a: Rillaboom|60/100|[from] Stealth Rock\n|-damage|p2a: Rillaboom|48/100|[from] Spikes\n|-fieldstart|move: Grassy Terrain|[from] ability: Grassy Surge|[of] p2a: Rillaboom\n|move|p1a: Keldeo|Surf|p2a: Rillaboom\n|-resisted|p2a: Rillaboom\n|-damage|p2a: Rillaboom|0 fnt\n|faint|p2a: Rillaboom\n|\n|-heal|p1a: Keldeo|57/100 psn|[from] Grassy Terrain\n|-heal|p1a: Keldeo|63/100 psn|[from] item: Leftovers\n|-damage|p1a: Keldeo|51/100 psn|[from] psn\n|upkeep\n|inactive|a3720 has 30 seconds left.\n|\n|t:|1783807061\n|switch|p2a: Serperior|Serperior, M|100/100\n|-damage|p2a: Serperior|88/100|[from] Stealth Rock\n|-damage|p2a: Serperior|76/100|[from] Spikes\n|turn|16\n|\n|t:|1783807064\n|move|p1a: Keldeo|Vacuum Wave|p2a: Serperior\n|-damage|p2a: Serperior|13/100\n|move|p2a: Serperior|Leaf Storm|p1a: Keldeo\n|-supereffective|p1a: Keldeo\n|-damage|p1a: Keldeo|0 fnt\n|-boost|p2a: Serperior|spa|2\n|faint|p1a: Keldeo\n|\n|-heal|p2a: Serperior|19/100|[from] Grassy Terrain\n|upkeep\n|\n|t:|1783807072\n|switch|p1a: Rillaboom|Rillaboom, F|88/100 psn\n|turn|17\n|\n|t:|1783807090\n|move|p1a: Rillaboom|Grassy Glide|p2a: Serperior\n|-resisted|p2a: Serperior\n|-damage|p2a: Serperior|0 fnt\n|faint|p2a: Serperior\n|-damage|p1a: Rillaboom|78/100 psn|[from] item: Life Orb\n|\n|-heal|p1a: Rillaboom|84/100 psn|[from] Grassy Terrain\n|-damage|p1a: Rillaboom|72/100 psn|[from] psn\n|upkeep\n|inactive|a3720 has 30 seconds left.\n|\n|t:|1783807107\n|switch|p2a: Raging Bolt|Raging Bolt|100/100\n|-damage|p2a: Raging Bolt|88/100|[from] Stealth Rock\n|-damage|p2a: Raging Bolt|76/100|[from] Spikes\n|-enditem|p2a: Raging Bolt|Booster Energy\n|-activate|p2a: Raging Bolt|ability: Protosynthesis|[fromitem]\n|-start|p2a: Raging Bolt|protosynthesisspa\n|turn|18\n|inactive|a3720 has 30 seconds left.\n|\n|t:|1783807119\n|move|p1a: Rillaboom|Drain Punch|p2a: Raging Bolt\n|-damage|p2a: Raging Bolt|43/100\n|-heal|p1a: Rillaboom|91/100 psn|[from] drain|[of] p2a: Raging Bolt\n|-damage|p1a: Rillaboom|81/100 psn|[from] item: Life Orb\n|move|p2a: Raging Bolt|Draco Meteor|p1a: Rillaboom\n|-damage|p1a: Rillaboom|0 fnt\n|-unboost|p2a: Raging Bolt|spa|2\n|faint|p1a: Rillaboom\n|\n|-heal|p2a: Raging Bolt|49/100|[from] Grassy Terrain\n|upkeep\n|\n|t:|1783807125\n|switch|p1a: Raging Bolt|Raging Bolt|100/100\n|-status|p1a: Raging Bolt|psn\n|-enditem|p1a: Raging Bolt|Booster Energy\n|-activate|p1a: Raging Bolt|ability: Protosynthesis|[fromitem]\n|-start|p1a: Raging Bolt|protosynthesisspa\n|turn|19\n|inactive|a3720 has 30 seconds left.\n|\n|t:|1783807138\n|move|p2a: Raging Bolt|Draco Meteor|p1a: Raging Bolt\n|-supereffective|p1a: Raging Bolt\n|-damage|p1a: Raging Bolt|20/100 psn\n|-unboost|p2a: Raging Bolt|spa|2\n|move|p1a: Raging Bolt|Dragon Pulse|p2a: Raging Bolt\n|-supereffective|p2a: Raging Bolt\n|-damage|p2a: Raging Bolt|0 fnt\n|faint|p2a: Raging Bolt\n|-end|p2a: Raging Bolt|Protosynthesis|[silent]\n|\n|-heal|p1a: Raging Bolt|26/100 psn|[from] Grassy Terrain\n|-damage|p1a: Raging Bolt|14/100 psn|[from] psn\n|-fieldend|move: Grassy Terrain\n|upkeep\n|inactive|a3720 has 30 seconds left.\n|inactive|a3720 has 20 seconds left.\n|\n|t:|1783807154\n|switch|p2a: Gholdengo|Gholdengo|73/100\n|-damage|p2a: Gholdengo|67/100|[from] Stealth Rock\n|-damage|p2a: Gholdengo|54/100|[from] Spikes\n|turn|20\n|inactive|a3720 has 30 seconds left this turn.\n|j| just-jaype\n|j| sffkqz\n|l| sffkqz\n|\n|t:|1783807159\n|move|p2a: Gholdengo|Hex|p1a: Raging Bolt\n|-damage|p1a: Raging Bolt|0 fnt\n|faint|p1a: Raging Bolt\n|-end|p1a: Raging Bolt|Protosynthesis|[silent]\n|\n|win|a3720\n|raw|top 500 mainstay's rating: 1699 &rarr; <strong>1676</strong><br />(-23 for losing)\n|raw|a3720's rating: 1654 &rarr; <strong>1677</strong><br />(+23 for winning)\n|l|☆top 500 mainstay\n|player|p1|\n|l|☆a3720\n|player|p2|\n|l| just-jaype\n", "uploadtime": 1783807309, "views": 11, "formatid": "gen9ou", "rating": 1676, "private": 0, "password": null}