{"id": "gen9ou-2540691171", "format": "[Gen 9] OU", "players": ["rentschler", "energy storm"], "log": "|badge|p1|bronze|gen9ru|100-8\n|uhtml|medal-msg|<div class=\"broadcast-blue\">Curious what those medals under the avatar are? PS now has Ladder Seasons! For more information, check out the <a href=\"https://www.smogon.com/forums/threads/3740067/\">thread on Smogon.</a></div>\n|j|☆rentschler\n|j|☆energy storm\n|t:|1771240972\n|gametype|singles\n|player|p1|rentschler|flint|1600\n|player|p2|energy storm|bugcatcher-gen4dp|1570\n|gen|9\n|tier|[Gen 9] OU\n|rated|\n|rule|HP Percentage Mod: HP is shown in percentages\n|rule|Endless Battle Clause: Forcing endless battles is banned\n|rule|Species Clause: Limit one of each Pokémon\n|rule|OHKO Clause: OHKO moves are banned\n|rule|Evasion Items Clause: Evasion items are banned\n|rule|Evasion Moves Clause: Evasion moves are banned\n|rule|Evasion Abilities Clause: Evasion abilities are banned\n|rule|Sleep Moves Clause: Sleep-inducing moves are banned\n|clearpoke\n|poke|p1|Ogerpon-Wellspring, F|\n|poke|p1|Kingambit, F|\n|poke|p1|Landorus-Therian, M|\n|poke|p1|Pelipper, M|\n|poke|p1|Raging Bolt|\n|poke|p1|Walking Wake|\n|poke|p2|Raging Bolt|\n|poke|p2|Hatterene, F|\n|poke|p2|Iron Treads|\n|poke|p2|Zapdos|\n|poke|p2|Meowscarada, M|\n|poke|p2|Alomomola, M|\n|teampreview\n|inactive|Battle timer is ON: inactive players will automatically lose when time's up. (requested by rentschler)\n|\n|t:|1771240999\n|teamsize|p1|6\n|teamsize|p2|6\n|start\n|switch|p1a: Pelipper|Pelipper, M|100/100\n|switch|p2a: Meowscarada|Meowscarada, M|100/100\n|-weather|RainDance|[from] ability: Drizzle|[of] p1a: Pelipper\n|turn|1\n|\n|t:|1771241016\n|move|p2a: Meowscarada|U-turn|p1a: Pelipper\n|-start|p2a: Meowscarada|typechange|Bug|[from] ability: Protean\n|-resisted|p1a: Pelipper\n|-damage|p1a: Pelipper|78/100\n|\n|t:|1771241024\n|switch|p2a: Zapdos|Zapdos|100/100|[from] U-turn\n|move|p1a: Pelipper|Hurricane|p2a: Zapdos\n|-resisted|p2a: Zapdos\n|-damage|p2a: Zapdos|76/100\n|\n|-weather|RainDance|[upkeep]\n|upkeep\n|turn|2\n|\n|t:|1771241035\n|move|p2a: Zapdos|Hurricane|p1a: Pelipper\n|-damage|p1a: Pelipper|0 fnt\n|faint|p1a: Pelipper\n|\n|-weather|RainDance|[upkeep]\n|upkeep\n|\n|t:|1771241041\n|switch|p1a: Ogerpon|Ogerpon-Wellspring, F|100/100\n|turn|3\n|\n|t:|1771241046\n|move|p1a: Ogerpon|Ivy Cudgel|p2a: Zapdos|[anim] Ivy Cudgel Water\n|-damage|p2a: Zapdos|15/100\n|move|p2a: Zapdos|Thunderbolt|p1a: Ogerpon\n|-damage|p1a: Ogerpon|59/100\n|\n|-weather|RainDance|[upkeep]\n|upkeep\n|turn|4\n|\n|t:|1771241054\n|move|p1a: Ogerpon|Power Whip|p2a: Zapdos\n|-resisted|p2a: Zapdos\n|-damage|p2a: Zapdos|0 fnt\n|faint|p2a: Zapdos\n|\n|-weather|RainDance|[upkeep]\n|upkeep\n|j| donothan dozo\n|\n|t:|1771241057\n|switch|p2a: Meowscarada|Meowscarada, M|100/100\n|turn|5\n|\n|t:|1771241066\n|switch|p1a: Landorus|Landorus-Therian, M|100/100\n|-ability|p1a: Landorus|Intimidate|boost\n|-unboost|p2a: Meowscarada|atk|1\n|move|p2a: Meowscarada|U-turn|p1a: Landorus\n|-start|p2a: Meowscarada|typechange|Bug|[from] ability: Protean\n|-resisted|p1a: Landorus\n|-damage|p1a: Landorus|88/100\n|\n|t:|1771241073\n|switch|p2a: Alomomola|Alomomola, M|100/100|[from] U-turn\n|\n|-weather|RainDance|[upkeep]\n|upkeep\n|turn|6\n|\n|t:|1771241081\n|move|p1a: Landorus|Earthquake|p2a: Alomomola\n|-damage|p2a: Alomomola|48/100\n|move|p2a: Alomomola|Body Slam|p1a: Landorus\n|-damage|p1a: Landorus|71/100\n|\n|-weather|RainDance|[upkeep]\n|upkeep\n|turn|7\n|\n|t:|1771241088\n|move|p1a: Landorus|Earthquake|p2a: Alomomola\n|-damage|p2a: Alomomola|0 fnt\n|faint|p2a: Alomomola\n|\n|-weather|RainDance|[upkeep]\n|upkeep\n|\n|t:|1771241092\n|switch|p2a: Meowscarada|Meowscarada, M|100/100\n|turn|8\n|\n|t:|1771241101\n|switch|p1a: Walking Wake|Walking Wake|100/100\n|-enditem|p1a: Walking Wake|Booster Energy\n|-activate|p1a: Walking Wake|ability: Protosynthesis|[fromitem]\n|-start|p1a: Walking Wake|protosynthesisspe\n|move|p2a: Meowscarada|Triple Axel|p1a: Walking Wake\n|-start|p2a: Meowscarada|typechange|Ice|[from] ability: Protean\n|-damage|p1a: Walking Wake|90/100\n|-damage|p1a: Walking Wake|72/100\n|-damage|p1a: Walking Wake|42/100\n|-hitcount|p1a: Walking Wake|3\n|\n|-weather|none\n|upkeep\n|turn|9\n|\n|t:|1771241122\n|move|p2a: Meowscarada|Triple Axel|p1a: Walking Wake|[miss]\n|-miss|p2a: Meowscarada|p1a: Walking Wake\n|move|p1a: Walking Wake|Hydro Steam|p2a: Meowscarada\n|-damage|p2a: Meowscarada|41/100\n|\n|upkeep\n|turn|10\n|\n|t:|1771241130\n|-end|p1a: Walking Wake|Protosynthesis|[silent]\n|switch|p1a: Kingambit|Kingambit, F|100/100\n|-activate|p1a: Kingambit|ability: Supreme Overlord\n|-start|p1a: Kingambit|fallen1|[silent]\n|-item|p1a: Kingambit|Air Balloon\n|move|p2a: Meowscarada|Triple Axel|p1a: Kingambit\n|-resisted|p1a: Kingambit\n|-damage|p1a: Kingambit|96/100\n|-enditem|p1a: Kingambit|Air Balloon\n|-resisted|p1a: Kingambit\n|-damage|p1a: Kingambit|88/100\n|-resisted|p1a: Kingambit\n|-damage|p1a: Kingambit|75/100\n|-hitcount|p1a: Kingambit|3\n|\n|upkeep\n|turn|11\n|\n|t:|1771241142\n|switch|p2a: Raging Bolt|Raging Bolt|100/100\n|move|p1a: Kingambit|Low Kick|p2a: Raging Bolt\n|-damage|p2a: Raging Bolt|57/100\n|\n|upkeep\n|turn|12\n|\n|t:|1771241151\n|move|p2a: Raging Bolt|Draco Meteor|p1a: Kingambit\n|-resisted|p1a: Kingambit\n|-damage|p1a: Kingambit|26/100\n|-unboost|p2a: Raging Bolt|spa|2\n|move|p1a: Kingambit|Low Kick|p2a: Raging Bolt\n|-damage|p2a: Raging Bolt|9/100\n|\n|upkeep\n|turn|13\n|\n|t:|1771241159\n|-end|p2a: Raging Bolt|Protosynthesis|[silent]\n|switch|p2a: Iron Treads|Iron Treads|100/100\n|move|p1a: Kingambit|Sucker Punch||[still]\n|-fail|p1a: Kingambit\n|\n|upkeep\n|turn|14\n|\n|t:|1771241165\n|move|p2a: Iron Treads|Stealth Rock|p1a: Kingambit\n|-sidestart|p1: rentschler|move: Stealth Rock\n|move|p1a: Kingambit|Low Kick|p2a: Iron Treads\n|-supereffective|p2a: Iron Treads\n|-damage|p2a: Iron Treads|28/100\n|\n|-heal|p2a: Iron Treads|34/100|[from] item: Leftovers\n|upkeep\n|turn|15\n|\n|t:|1771241171\n|move|p1a: Kingambit|Sucker Punch|p2a: Iron Treads\n|-damage|p2a: Iron Treads|2/100\n|move|p2a: Iron Treads|Earthquake|p1a: Kingambit\n|-supereffective|p1a: Kingambit\n|-damage|p1a: Kingambit|0 fnt\n|faint|p1a: Kingambit\n|-end|p1a: Kingambit|fallen1|[silent]\n|\n|-heal|p2a: Iron Treads|8/100|[from] item: Leftovers\n|upkeep\n|\n|t:|1771241180\n|switch|p1a: Ogerpon|Ogerpon-Wellspring, F|59/100\n|-damage|p1a: Ogerpon|46/100|[from] Stealth Rock\n|turn|16\n|\n|t:|1771241186\n|move|p1a: Ogerpon|Ivy Cudgel|p2a: Iron Treads|[anim] Ivy Cudgel Water\n|-supereffective|p2a: Iron Treads\n|-damage|p2a: Iron Treads|0 fnt\n|faint|p2a: Iron Treads\n|-end|p2a: Iron Treads|Quark Drive|[silent]\n|\n|upkeep\n|\n|t:|1771241193\n|switch|p2a: Meowscarada|Meowscarada, M|41/100\n|turn|17\n|\n|t:|1771241204\n|switch|p1a: Walking Wake|Walking Wake|42/100\n|-damage|p1a: Walking Wake|30/100|[from] Stealth Rock\n|move|p2a: Meowscarada|Triple Axel|p1a: Walking Wake\n|-start|p2a: Meowscarada|typechange|Ice|[from] ability: Protean\n|-damage|p1a: Walking Wake|20/100\n|-damage|p1a: Walking Wake|0 fnt\n|faint|p1a: Walking Wake\n|-end|p1a: Walking Wake|Protosynthesis|[silent]\n|-hitcount|p1: Walking Wake|2\n|\n|upkeep\n|\n|t:|1771241218\n|switch|p1a: Raging Bolt|Raging Bolt|100/100\n|-damage|p1a: Raging Bolt|88/100|[from] Stealth Rock\n|turn|18\n|\n|t:|1771241229\n|switch|p2a: Raging Bolt|Raging Bolt|9/100\n|-terastallize|p1a: Raging Bolt|Fairy\n|move|p1a: Raging Bolt|Thunderclap||[still]\n|-fail|p1a: Raging Bolt\n|\n|upkeep\n|turn|19\n|\n|t:|1771241237\n|-end|p2a: Raging Bolt|Protosynthesis|[silent]\n|switch|p2a: Hatterene|Hatterene, F|100/100\n|move|p1a: Raging Bolt|Weather Ball|p2a: Hatterene\n|-damage|p2a: Hatterene|79/100\n|\n|-heal|p2a: Hatterene|85/100|[from] item: Leftovers\n|upkeep\n|turn|20\n|\n|t:|1771241249\n|move|p1a: Raging Bolt|Thunder|p2a: Hatterene|[miss]\n|-miss|p1a: Raging Bolt|p2a: Hatterene\n|move|p2a: Hatterene|Nuzzle|p1a: Raging Bolt\n|-damage|p1a: Raging Bolt|85/100\n|-status|p1a: Raging Bolt|par\n|\n|-heal|p2a: Hatterene|91/100|[from] item: Leftovers\n|upkeep\n|turn|21\n|\n|t:|1771241261\n|move|p2a: Hatterene|Draining Kiss|p1a: Raging Bolt\n|-damage|p1a: Raging Bolt|72/100 par\n|-heal|p2a: Hatterene|100/100|[from] drain|[of] p1a: Raging Bolt\n|move|p1a: Raging Bolt|Thunder|p2a: Hatterene|[miss]\n|-miss|p1a: Raging Bolt|p2a: Hatterene\n|\n|upkeep\n|turn|22\n|\n|t:|1771241267\n|move|p2a: Hatterene|Psychic Noise|p1a: Raging Bolt\n|-damage|p1a: Raging Bolt|53/100 par\n|-start|p1a: Raging Bolt|move: Heal Block\n|cant|p1a: Raging Bolt|par\n|\n|upkeep\n|turn|23\n|\n|t:|1771241274\n|move|p2a: Hatterene|Psychic Noise|p1a: Raging Bolt\n|-damage|p1a: Raging Bolt|33/100 par\n|move|p1a: Raging Bolt|Thunder|p2a: Hatterene\n|-damage|p2a: Hatterene|28/100\n|-status|p2a: Hatterene|par\n|\n|-heal|p2a: Hatterene|34/100 par|[from] item: Leftovers\n|-end|p1a: Raging Bolt|move: Heal Block\n|upkeep\n|turn|24\n|\n|t:|1771241285\n|cant|p1a: Raging Bolt|par\n|move|p2a: Hatterene|Draining Kiss|p1a: Raging Bolt\n|-damage|p1a: Raging Bolt|20/100 par\n|-heal|p2a: Hatterene|46/100 par|[from] drain|[of] p1a: Raging Bolt\n|\n|-heal|p2a: Hatterene|52/100 par|[from] item: Leftovers\n|upkeep\n|turn|25\n|\n|t:|1771241300\n|move|p1a: Raging Bolt|Thunder|p2a: Hatterene|[miss]\n|-miss|p1a: Raging Bolt|p2a: Hatterene\n|move|p2a: Hatterene|Draining Kiss|p1a: Raging Bolt\n|-damage|p1a: Raging Bolt|8/100 par\n|-heal|p2a: Hatterene|63/100 par|[from] drain|[of] p1a: Raging Bolt\n|\n|-heal|p2a: Hatterene|69/100 par|[from] item: Leftovers\n|upkeep\n|turn|26\n|\n|t:|1771241308\n|cant|p1a: Raging Bolt|par\n|move|p2a: Hatterene|Draining Kiss|p1a: Raging Bolt\n|-damage|p1a: Raging Bolt|0 fnt\n|-heal|p2a: Hatterene|77/100 par|[from] drain|[of] p1a: Raging Bolt\n|faint|p1a: Raging Bolt\n|-end|p1a: Raging Bolt|Protosynthesis|[silent]\n|\n|-heal|p2a: Hatterene|83/100 par|[from] item: Leftovers\n|upkeep\n|\n|t:|1771241315\n|switch|p1a: Ogerpon|Ogerpon-Wellspring, F|46/100\n|-damage|p1a: Ogerpon|34/100|[from] Stealth Rock\n|turn|27\n|\n|t:|1771241326\n|move|p1a: Ogerpon|Ivy Cudgel|p2a: Hatterene|[anim] Ivy Cudgel Water\n|-damage|p2a: Hatterene|33/100 par\n|move|p2a: Hatterene|Psychic Noise|p1a: Ogerpon\n|-damage|p1a: Ogerpon|0 fnt\n|faint|p1a: Ogerpon\n|\n|-heal|p2a: Hatterene|39/100 par|[from] item: Leftovers\n|upkeep\n|\n|t:|1771241335\n|switch|p1a: Landorus|Landorus-Therian, M|71/100\n|-damage|p1a: Landorus|58/100|[from] Stealth Rock\n|-ability|p1a: Landorus|Intimidate|boost\n|-unboost|p2a: Hatterene|atk|1\n|turn|28\n|\n|t:|1771241343\n|move|p1a: Landorus|Earthquake|p2a: Hatterene\n|-damage|p2a: Hatterene|0 fnt\n|faint|p2a: Hatterene\n|\n|upkeep\n|\n|t:|1771241347\n|switch|p2a: Meowscarada|Meowscarada, M|41/100\n|turn|29\n|\n|t:|1771241351\n|move|p2a: Meowscarada|Triple Axel|p1a: Landorus\n|-start|p2a: Meowscarada|typechange|Ice|[from] ability: Protean\n|-supereffective|p1a: Landorus\n|-damage|p1a: Landorus|12/100\n|-supereffective|p1a: Landorus\n|-damage|p1a: Landorus|0 fnt\n|faint|p1a: Landorus\n|-hitcount|p1: Landorus|2\n|\n|win|energy storm\n|raw|rentschler's rating: 1600 &rarr; <strong>1578</strong><br />(-22 for losing)\n|raw|energy storm's rating: 1570 &rarr; <strong>1592</strong><br />(+22 for winning)\n|c|☆energy storm|gg\n|l|☆rentschler\n|player|p1|\n|l| donothan dozo\n|l|☆energy storm\n|player|p2|\n", "uploadtime": 1771241533, "views": 9, "formatid": "gen9ou", "rating": 1578, "private": 0, "password": null}