{"id": "gen9ou-2639292398", "format": "[Gen 9] OU", "players": ["Senpaicdub", "dark rivial"], "log": "|j|☆Senpaicdub\n|j|☆dark rivial\n|t:|1782447188\n|gametype|singles\n|player|p1|Senpaicdub|blackbelt-gen4dp|1346\n|player|p2|dark rivial|2|1363\n|gen|9\n|tier|[Gen 9] OU\n|rated|\n|rule|HP Percentage Mod: HP is shown in percentages\n|rule|Endless Battle Clause: Forcing endless battles is banned\n|rule|Species Clause: Limit one of each Pokémon\n|rule|OHKO Clause: OHKO moves are banned\n|rule|Evasion Items Clause: Evasion items are banned\n|rule|Evasion Moves Clause: Evasion moves are banned\n|rule|Evasion Abilities Clause: Evasion abilities are banned\n|rule|Sleep Moves Clause: Sleep-inducing moves are banned\n|clearpoke\n|poke|p1|Ceruledge, F|\n|poke|p1|Glimmora, M|\n|poke|p1|Gholdengo|\n|poke|p1|Great Tusk|\n|poke|p1|Raging Bolt|\n|poke|p1|Dragonite, M|\n|poke|p2|Zamazenta-*|\n|poke|p2|Meowscarada, M|\n|poke|p2|Ting-Lu|\n|poke|p2|Grafaiai, F|\n|poke|p2|Regieleki|\n|poke|p2|Glimmora, M|\n|teampreview\n|inactive|Battle timer is ON: inactive players will automatically lose when time's up. (requested by Senpaicdub)\n|\n|t:|1782447214\n|teamsize|p1|6\n|teamsize|p2|6\n|start\n|switch|p1a: Glimmora|Glimmora, M|100/100\n|switch|p2a: Meowscarada|Meowscarada, M|100/100\n|turn|1\n|\n|t:|1782447226\n|move|p2a: Meowscarada|Knock Off|p1a: Glimmora\n|-start|p2a: Meowscarada|typechange|Dark|[from] ability: Protean\n|-damage|p1a: Glimmora|13/100\n|-activate|p1a: Glimmora|ability: Toxic Debris\n|-sidestart|p2: dark rivial|move: Toxic Spikes\n|-enditem|p1a: Glimmora|Focus Sash|[from] move: Knock Off|[of] p2a: Meowscarada\n|move|p1a: Glimmora|Stealth Rock|p2a: Meowscarada\n|-sidestart|p2: dark rivial|move: Stealth Rock\n|\n|upkeep\n|turn|2\n|\n|t:|1782447253\n|move|p2a: Meowscarada|Knock Off|p1a: Glimmora\n|-damage|p1a: Glimmora|0 fnt\n|-activate|p1a: Glimmora|ability: Toxic Debris\n|-sidestart|p2: dark rivial|move: Toxic Spikes\n|faint|p1a: Glimmora\n|\n|upkeep\n|\n|t:|1782447282\n|switch|p1a: Great Tusk|Great Tusk|100/100\n|turn|3\n|inactive|dark rivial has 120 seconds left.\n|\n|t:|1782447304\n|switch|p2a: Glimmora|Glimmora, M|100/100\n|-sideend|p2: dark rivial|move: Toxic Spikes|[of] p2a: Glimmora\n|-damage|p2a: Glimmora|88/100|[from] Stealth Rock\n|move|p1a: Great Tusk|Close Combat|p2a: Glimmora\n|-damage|p2a: Glimmora|21/100\n|-unboost|p1a: Great Tusk|def|1\n|-unboost|p1a: Great Tusk|spd|1\n|-activate|p2a: Glimmora|ability: Toxic Debris\n|-sidestart|p1: Senpaicdub|move: Toxic Spikes\n|\n|-heal|p2a: Glimmora|27/100|[from] item: Black Sludge\n|upkeep\n|turn|4\n|inactive|dark rivial has 120 seconds left.\n|\n|t:|1782447321\n|move|p2a: Glimmora|Sludge Wave|p1a: Great Tusk\n|-resisted|p1a: Great Tusk\n|-damage|p1a: Great Tusk|48/100\n|move|p1a: Great Tusk|Rapid Spin|p2a: Glimmora\n|-resisted|p2a: Glimmora\n|-damage|p2a: Glimmora|17/100\n|-boost|p1a: Great Tusk|spe|1\n|-activate|p2a: Glimmora|ability: Toxic Debris\n|-sidestart|p1: Senpaicdub|move: Toxic Spikes\n|-sideend|p1: Senpaicdub|Toxic Spikes|[from] move: Rapid Spin|[of] p1a: Great Tusk\n|\n|-heal|p2a: Glimmora|24/100|[from] item: Black Sludge\n|upkeep\n|turn|5\n|inactive|dark rivial has 120 seconds left.\n|\n|t:|1782447331\n|move|p1a: Great Tusk|Earthquake|p2a: Glimmora\n|-supereffective|p2a: Glimmora\n|-damage|p2a: Glimmora|0 fnt\n|-activate|p2a: Glimmora|ability: Toxic Debris\n|-sidestart|p1: Senpaicdub|move: Toxic Spikes\n|faint|p2a: Glimmora\n|\n|upkeep\n|\n|t:|1782447338\n|switch|p2a: Grafaiai|Grafaiai, F|100/100\n|-damage|p2a: Grafaiai|88/100|[from] Stealth Rock\n|turn|6\n|inactive|dark rivial has 120 seconds left.\n|\n|t:|1782447343\n|move|p2a: Grafaiai|Switcheroo|p1a: Great Tusk\n|-activate|p2a: Grafaiai|move: Trick|[of] p1a: Great Tusk\n|-item|p1a: Great Tusk|Ring Target|[from] move: Switcheroo\n|-item|p2a: Grafaiai|Heavy-Duty Boots|[from] move: Switcheroo\n|move|p1a: Great Tusk|Rapid Spin|p2a: Grafaiai\n|-damage|p2a: Grafaiai|67/100\n|-boost|p1a: Great Tusk|spe|1\n|-sideend|p1: Senpaicdub|Toxic Spikes|[from] move: Rapid Spin|[of] p1a: Great Tusk\n|\n|upkeep\n|turn|7\n|inactive|dark rivial has 120 seconds left.\n|\n|t:|1782447354\n|move|p2a: Grafaiai|Encore|p1a: Great Tusk\n|-start|p1a: Great Tusk|Encore\n|move|p1a: Great Tusk|Rapid Spin|p2a: Grafaiai\n|-damage|p2a: Grafaiai|44/100\n|-boost|p1a: Great Tusk|spe|1\n|\n|upkeep\n|turn|8\n|\n|t:|1782447362\n|move|p2a: Grafaiai|Parting Shot|p1a: Great Tusk\n|-unboost|p1a: Great Tusk|atk|1\n|-unboost|p1a: Great Tusk|spa|1\n|\n|t:|1782447369\n|switch|p2a: Ting-Lu|Ting-Lu|100/100|[from] Parting Shot\n|-damage|p2a: Ting-Lu|94/100|[from] Stealth Rock\n|-ability|p2a: Ting-Lu|Vessel of Ruin\n|move|p1a: Great Tusk|Rapid Spin|p2a: Ting-Lu\n|-damage|p2a: Ting-Lu|89/100\n|-boost|p1a: Great Tusk|spe|1\n|\n|-heal|p2a: Ting-Lu|95/100|[from] item: Leftovers\n|upkeep\n|turn|9\n|\n|t:|1782447380\n|-end|p1a: Great Tusk|Protosynthesis|[silent]\n|switch|p1a: Gholdengo|Gholdengo|100/100\n|-item|p1a: Gholdengo|Air Balloon\n|move|p2a: Ting-Lu|Earthquake|p1a: Gholdengo\n|-immune|p1a: Gholdengo\n|\n|-heal|p2a: Ting-Lu|100/100|[from] item: Leftovers\n|upkeep\n|turn|10\n|\n|t:|1782447395\n|switch|p1a: Great Tusk|Great Tusk|48/100\n|move|p2a: Ting-Lu|Ruination|p1a: Great Tusk\n|-damage|p1a: Great Tusk|24/100\n|\n|upkeep\n|turn|11\n|inactive|dark rivial has 120 seconds left.\n|\n|t:|1782447428\n|move|p1a: Great Tusk|Knock Off|p2a: Ting-Lu\n|-resisted|p2a: Ting-Lu\n|-damage|p2a: Ting-Lu|93/100\n|-enditem|p2a: Ting-Lu|Leftovers|[from] move: Knock Off|[of] p1a: Great Tusk\n|move|p2a: Ting-Lu|Earthquake|p1a: Great Tusk\n|-damage|p1a: Great Tusk|6/100\n|\n|upkeep\n|turn|12\n|\n|t:|1782447435\n|move|p1a: Great Tusk|Close Combat|p2a: Ting-Lu\n|-supereffective|p2a: Ting-Lu\n|-damage|p2a: Ting-Lu|33/100\n|-unboost|p1a: Great Tusk|def|1\n|-unboost|p1a: Great Tusk|spd|1\n|move|p2a: Ting-Lu|Earthquake|p1a: Great Tusk\n|-damage|p1a: Great Tusk|0 fnt\n|faint|p1a: Great Tusk\n|-end|p1a: Great Tusk|Protosynthesis|[silent]\n|\n|upkeep\n|inactive|Senpaicdub has 120 seconds left.\n|\n|t:|1782447481\n|switch|p1a: Dragonite|Dragonite, M|100/100\n|turn|13\n|\n|t:|1782447488\n|move|p1a: Dragonite|Dragon Dance|p1a: Dragonite\n|-boost|p1a: Dragonite|atk|1\n|-boost|p1a: Dragonite|spe|1\n|move|p2a: Ting-Lu|Ruination|p1a: Dragonite\n|-damage|p1a: Dragonite|51/100\n|\n|upkeep\n|turn|14\n|inactive|Senpaicdub has 120 seconds left.\n|\n|t:|1782447503\n|move|p1a: Dragonite|Ice Spinner|p2a: Ting-Lu\n|-supereffective|p2a: Ting-Lu\n|-damage|p2a: Ting-Lu|0 fnt\n|faint|p2a: Ting-Lu\n|\n|upkeep\n|inactive|dark rivial has 120 seconds left.\n|\n|t:|1782447529\n|switch|p2a: Regieleki|Regieleki|100/100\n|-damage|p2a: Regieleki|88/100|[from] Stealth Rock\n|turn|15\n|inactive|Senpaicdub has 120 seconds left.\n|\n|t:|1782447545\n|move|p1a: Dragonite|Extreme Speed|p2a: Regieleki\n|-damage|p2a: Regieleki|0 fnt\n|faint|p2a: Regieleki\n|\n|upkeep\n|\n|t:|1782447551\n|switch|p2a: Zamazenta|Zamazenta|100/100\n|-damage|p2a: Zamazenta|94/100|[from] Stealth Rock\n|-ability|p2a: Zamazenta|Dauntless Shield|boost\n|-boost|p2a: Zamazenta|def|1\n|turn|16\n|inactive|Senpaicdub has 120 seconds left.\n|inactive|dark rivial has 120 seconds left.\n|\n|t:|1782447561\n|move|p1a: Dragonite|Extreme Speed|p2a: Zamazenta\n|-damage|p2a: Zamazenta|72/100\n|move|p2a: Zamazenta|Iron Defense|p2a: Zamazenta\n|-boost|p2a: Zamazenta|def|2\n|\n|-heal|p2a: Zamazenta|78/100|[from] item: Leftovers\n|upkeep\n|turn|17\n|inactive|Senpaicdub has 120 seconds left.\n|\n|t:|1782447573\n|move|p2a: Zamazenta|Substitute|p2a: Zamazenta\n|-start|p2a: Zamazenta|Substitute\n|-damage|p2a: Zamazenta|53/100\n|move|p1a: Dragonite|Dragon Dance|p1a: Dragonite\n|-boost|p1a: Dragonite|atk|1\n|-boost|p1a: Dragonite|spe|1\n|\n|-heal|p2a: Zamazenta|60/100|[from] item: Leftovers\n|upkeep\n|turn|18\n|inactive|Senpaicdub has 120 seconds left.\n|\n|t:|1782447596\n|move|p1a: Dragonite|Extreme Speed|p2a: Zamazenta\n|-activate|p2a: Zamazenta|move: Substitute|[damage]\n|move|p2a: Zamazenta|Iron Defense|p2a: Zamazenta\n|-boost|p2a: Zamazenta|def|2\n|\n|-heal|p2a: Zamazenta|66/100|[from] item: Leftovers\n|upkeep\n|turn|19\n|inactive|dark rivial has 120 seconds left.\n|inactive|dark rivial has 90 seconds left.\n|\n|t:|1782447666\n|move|p1a: Dragonite|Extreme Speed|p2a: Zamazenta\n|-end|p2a: Zamazenta|Substitute\n|move|p2a: Zamazenta|Body Press|p1a: Dragonite\n|-resisted|p1a: Dragonite\n|-damage|p1a: Dragonite|0 fnt\n|faint|p1a: Dragonite\n|\n|-heal|p2a: Zamazenta|72/100|[from] item: Leftovers\n|upkeep\n|\n|t:|1782447677\n|switch|p1a: Gholdengo|Gholdengo|100/100\n|-item|p1a: Gholdengo|Air Balloon\n|turn|20\n|\n|t:|1782447683\n|-terastallize|p2a: Zamazenta|Dark\n|move|p2a: Zamazenta|Substitute|p2a: Zamazenta\n|-start|p2a: Zamazenta|Substitute\n|-damage|p2a: Zamazenta|47/100\n|move|p1a: Gholdengo|Nasty Plot|p1a: Gholdengo\n|-boost|p1a: Gholdengo|spa|2\n|\n|-heal|p2a: Zamazenta|53/100|[from] item: Leftovers\n|upkeep\n|turn|21\n|inactive|dark rivial has 90 seconds left.\n|inactive|Senpaicdub has 120 seconds left.\n|\n|t:|1782447721\n|move|p2a: Zamazenta|Crunch|p1a: Gholdengo\n|-supereffective|p1a: Gholdengo\n|-damage|p1a: Gholdengo|31/100\n|-unboost|p1a: Gholdengo|def|1\n|-enditem|p1a: Gholdengo|Air Balloon\n|move|p1a: Gholdengo|Shadow Ball|p2a: Zamazenta\n|-resisted|p2a: Zamazenta\n|-end|p2a: Zamazenta|Substitute\n|\n|-heal|p2a: Zamazenta|59/100|[from] item: Leftovers\n|upkeep\n|turn|22\n|inactive|dark rivial has 90 seconds left.\n|\n|t:|1782447735\n|move|p2a: Zamazenta|Crunch|p1a: Gholdengo\n|-supereffective|p1a: Gholdengo\n|-damage|p1a: Gholdengo|0 fnt\n|faint|p1a: Gholdengo\n|\n|-heal|p2a: Zamazenta|65/100|[from] item: Leftovers\n|upkeep\n|\n|t:|1782447738\n|switch|p1a: Raging Bolt|Raging Bolt|100/100\n|turn|23\n|\n|t:|1782447750\n|-terastallize|p1a: Raging Bolt|Fairy\n|move|p2a: Zamazenta|Body Press|p1a: Raging Bolt\n|-resisted|p1a: Raging Bolt\n|-damage|p1a: Raging Bolt|49/100\n|move|p1a: Raging Bolt|Thunderbolt|p2a: Zamazenta\n|-damage|p2a: Zamazenta|17/100\n|\n|-heal|p2a: Zamazenta|23/100|[from] item: Leftovers\n|-heal|p1a: Raging Bolt|55/100|[from] item: Leftovers\n|upkeep\n|turn|24\n|\n|t:|1782447763\n|move|p2a: Zamazenta|Iron Defense|p2a: Zamazenta\n|-boost|p2a: Zamazenta|def|1\n|move|p1a: Raging Bolt|Thunderbolt|p2a: Zamazenta\n|-damage|p2a: Zamazenta|0 fnt\n|faint|p2a: Zamazenta\n|\n|-heal|p1a: Raging Bolt|61/100|[from] item: Leftovers\n|upkeep\n|\n|t:|1782447771\n|switch|p2a: Grafaiai|Grafaiai, F|44/100\n|turn|25\n|\n|t:|1782447782\n|move|p2a: Grafaiai|Toxic|p1a: Raging Bolt\n|-status|p1a: Raging Bolt|tox\n|move|p1a: Raging Bolt|Calm Mind|p1a: Raging Bolt\n|-boost|p1a: Raging Bolt|spa|1\n|-boost|p1a: Raging Bolt|spd|1\n|\n|-heal|p1a: Raging Bolt|67/100 tox|[from] item: Leftovers\n|-damage|p1a: Raging Bolt|61/100 tox|[from] psn\n|upkeep\n|turn|26\n|\n|t:|1782447794\n|move|p2a: Grafaiai|Encore|p1a: Raging Bolt\n|-start|p1a: Raging Bolt|Encore\n|move|p1a: Raging Bolt|Calm Mind|p1a: Raging Bolt\n|-boost|p1a: Raging Bolt|spa|1\n|-boost|p1a: Raging Bolt|spd|1\n|\n|-heal|p1a: Raging Bolt|67/100 tox|[from] item: Leftovers\n|-damage|p1a: Raging Bolt|55/100 tox|[from] psn\n|upkeep\n|turn|27\n|inactive|dark rivial has 90 seconds left.\n|\n|t:|1782447820\n|-end|p1a: Raging Bolt|Protosynthesis|[silent]\n|switch|p1a: Ceruledge|Ceruledge, F|100/100\n|move|p2a: Grafaiai|Parting Shot|p1a: Ceruledge\n|-unboost|p1a: Ceruledge|atk|1\n|-unboost|p1a: Ceruledge|spa|1\n|\n|t:|1782447827\n|switch|p2a: Meowscarada|Meowscarada, M|100/100|[from] Parting Shot\n|-damage|p2a: Meowscarada|88/100|[from] Stealth Rock\n|\n|upkeep\n|turn|28\n|inactive|dark rivial has 90 seconds left.\n|inactive|Senpaicdub has 120 seconds left.\n|\n|t:|1782447855\n|move|p2a: Meowscarada|Knock Off|p1a: Ceruledge\n|-start|p2a: Meowscarada|typechange|Dark|[from] ability: Protean\n|-supereffective|p1a: Ceruledge\n|-enditem|p1a: Ceruledge|Focus Sash\n|-damage|p1a: Ceruledge|1/100\n|-ability|p1a: Ceruledge|Weak Armor|boost\n|-unboost|p1a: Ceruledge|def|1\n|-boost|p1a: Ceruledge|spe|2\n|move|p1a: Ceruledge|Swords Dance|p1a: Ceruledge\n|-boost|p1a: Ceruledge|atk|2\n|\n|upkeep\n|turn|29\n|inactive|dark rivial has 90 seconds left.\n|\n|t:|1782447868\n|move|p1a: Ceruledge|Bitter Blade|p2a: Meowscarada\n|-crit|p2a: Meowscarada\n|-damage|p2a: Meowscarada|0 fnt\n|-heal|p1a: Ceruledge|45/100|[from] drain|[of] p2a: Meowscarada\n|faint|p2a: Meowscarada\n|\n|upkeep\n|inactive|dark rivial has 90 seconds left.\n|\n|t:|1782447874\n|switch|p2a: Grafaiai|Grafaiai, F|44/100\n|turn|30\n|\n|t:|1782447880\n|move|p2a: Grafaiai|Toxic|p1a: Ceruledge\n|-status|p1a: Ceruledge|tox\n|move|p1a: Ceruledge|Bitter Blade|p2a: Grafaiai\n|-damage|p2a: Grafaiai|0 fnt\n|-heal|p1a: Ceruledge|70/100 tox|[from] drain|[of] p2a: Grafaiai\n|faint|p2a: Grafaiai\n|\n|win|Senpaicdub\n|raw|Senpaicdub's rating: 1346 &rarr; <strong>1367</strong><br />(+21 for winning)\n|raw|dark rivial's rating: 1363 &rarr; <strong>1342</strong><br />(-21 for losing)\n|l|☆dark rivial\n|player|p2|\n|l|☆Senpaicdub\n|player|p1|\n|j|☆Senpaicdub\n|player|p1|Senpaicdub|blackbelt-gen4dp|\n|l|☆Senpaicdub\n|player|p1|\n|j|☆Senpaicdub\n|player|p1|Senpaicdub|blackbelt-gen4dp|\n", "uploadtime": 1782448164, "views": 7, "formatid": "gen9ou", "rating": 1342, "private": 0, "password": null}