{"id": "gen9ou-2647837837", "format": "[Gen 9] OU", "players": ["GoodorEevee", "pontinhu"], "log": "|j|☆GoodorEevee\n|j|☆pontinhu\n|t:|1783821466\n|gametype|singles\n|player|p1|GoodorEevee|hexmaniac-gen6|1194\n|player|p2|pontinhu|plasmagrunt-gen5bw|1146\n|gen|9\n|tier|[Gen 9] OU\n|rated|\n|rule|HP Percentage Mod: HP is shown in percentages\n|rule|Endless Battle Clause: Forcing endless battles is banned\n|rule|Species Clause: Limit one of each Pokémon\n|rule|OHKO Clause: OHKO moves are banned\n|rule|Evasion Items Clause: Evasion items are banned\n|rule|Evasion Moves Clause: Evasion moves are banned\n|rule|Evasion Abilities Clause: Evasion abilities are banned\n|rule|Sleep Moves Clause: Sleep-inducing moves are banned\n|clearpoke\n|poke|p1|Alomomola, F|\n|poke|p1|Clefable, F|\n|poke|p1|Morpeko, F|\n|poke|p1|Dragapult, F|\n|poke|p1|Iron Crown|\n|poke|p1|Latias, F|\n|poke|p2|Tentacruel, M|\n|poke|p2|Ariados, F|\n|poke|p2|Great Tusk|\n|poke|p2|Hydrapple, M|\n|poke|p2|Enamorus, F|\n|poke|p2|Kingambit, F|\n|teampreview\n|inactive|Battle timer is ON: inactive players will automatically lose when time's up. (requested by GoodorEevee)\n|\n|t:|1783821471\n|teamsize|p1|6\n|teamsize|p2|6\n|start\n|switch|p1a: Iron Crown|Iron Crown|100/100\n|switch|p2a: Ariados|Ariados, F|100/100\n|turn|1\n|\n|t:|1783821480\n|move|p1a: Iron Crown|Tachyon Cutter|p2a: Ariados\n|-damage|p2a: Ariados|64/100\n|-damage|p2a: Ariados|28/100\n|-hitcount|p2a: Ariados|2\n|move|p2a: Ariados|Sticky Web|p1a: Iron Crown\n|-sidestart|p1: GoodorEevee|move: Sticky Web\n|\n|upkeep\n|turn|2\n|\n|t:|1783821488\n|move|p1a: Iron Crown|Tachyon Cutter|p2a: Ariados\n|-damage|p2a: Ariados|0 fnt\n|faint|p2a: Ariados\n|-hitcount|p2: Ariados|1\n|\n|upkeep\n|\n|t:|1783821495\n|switch|p2a: Tentacruel|Tentacruel, M|100/100\n|turn|3\n|\n|t:|1783821503\n|-end|p1a: Iron Crown|Quark Drive|[silent]\n|switch|p1a: Dragapult|Dragapult, F|100/100\n|-activate|p1a: Dragapult|move: Sticky Web\n|-unboost|p1a: Dragapult|spe|1\n|move|p2a: Tentacruel|Knock Off|p1a: Dragapult\n|-supereffective|p1a: Dragapult\n|-damage|p1a: Dragapult|47/100\n|-enditem|p1a: Dragapult|Wide Lens|[from] move: Knock Off|[of] p2a: Tentacruel\n|\n|upkeep\n|turn|4\n|\n|t:|1783821515\n|switch|p1a: Morpeko|Morpeko, F, shiny|100/100\n|move|p2a: Tentacruel|Knock Off|p1a: Morpeko\n|-resisted|p1a: Morpeko\n|-damage|p1a: Morpeko|77/100\n|-enditem|p1a: Morpeko|Heavy-Duty Boots|[from] move: Knock Off|[of] p2a: Tentacruel\n|\n|-formechange|p1a: Morpeko|Morpeko-Hangry||[from] ability: Hunger Switch\n|upkeep\n|turn|5\n|\n|t:|1783821525\n|move|p2a: Tentacruel|Surf|p1a: Morpeko\n|-damage|p1a: Morpeko|25/100\n|move|p1a: Morpeko|Rapid Spin|p2a: Tentacruel\n|-damage|p2a: Tentacruel|76/100\n|-boost|p1a: Morpeko|spe|1\n|-sideend|p1: GoodorEevee|Sticky Web|[from] move: Rapid Spin|[of] p1a: Morpeko\n|\n|-formechange|p1a: Morpeko|Morpeko||[from] ability: Hunger Switch\n|upkeep\n|turn|6\n|\n|t:|1783821536\n|move|p1a: Morpeko|Aura Wheel|p2a: Tentacruel\n|-supereffective|p2a: Tentacruel\n|-damage|p2a: Tentacruel|0 fnt\n|-boost|p1a: Morpeko|spe|1\n|faint|p2a: Tentacruel\n|\n|-formechange|p1a: Morpeko|Morpeko-Hangry||[from] ability: Hunger Switch\n|upkeep\n|\n|t:|1783821546\n|switch|p2a: Enamorus|Enamorus, F|100/100\n|turn|7\n|\n|t:|1783821554\n|move|p1a: Morpeko|Parting Shot|p2a: Enamorus\n|-unboost|p2a: Enamorus|atk|1\n|-unboost|p2a: Enamorus|spa|1\n|\n|t:|1783821559\n|switch|p1a: Iron Crown|Iron Crown|100/100|[from] Parting Shot\n|move|p2a: Enamorus|Moonblast|p1a: Iron Crown\n|-resisted|p1a: Iron Crown\n|-damage|p1a: Iron Crown|85/100\n|\n|upkeep\n|turn|8\n|\n|t:|1783821568\n|switch|p2a: Hydrapple|Hydrapple, M|100/100\n|move|p1a: Iron Crown|Tachyon Cutter|p2a: Hydrapple\n|-damage|p2a: Hydrapple|76/100\n|-damage|p2a: Hydrapple|47/100\n|-hitcount|p2a: Hydrapple|2\n|\n|-heal|p2a: Hydrapple|54/100|[from] item: Leftovers\n|upkeep\n|turn|9\n|\n|t:|1783821581\n|move|p1a: Iron Crown|Tachyon Cutter|p2a: Hydrapple\n|-damage|p2a: Hydrapple|26/100\n|-damage|p2a: Hydrapple|0 fnt\n|faint|p2a: Hydrapple\n|-hitcount|p2: Hydrapple|2\n|\n|upkeep\n|\n|t:|1783821591\n|switch|p2a: Kingambit|Kingambit, F|100/100\n|-activate|p2a: Kingambit|ability: Supreme Overlord\n|-start|p2a: Kingambit|fallen3|[silent]\n|turn|10\n|\n|t:|1783821598\n|-end|p1a: Iron Crown|Quark Drive|[silent]\n|switch|p1a: Alomomola|Alomomola, F|100/100\n|move|p2a: Kingambit|Swords Dance|p2a: Kingambit\n|-boost|p2a: Kingambit|atk|2\n|\n|upkeep\n|turn|11\n|\n|t:|1783821605\n|move|p1a: Alomomola|Scald|p2a: Kingambit\n|-damage|p2a: Kingambit|88/100\n|move|p2a: Kingambit|Low Kick|p1a: Alomomola\n|-damage|p1a: Alomomola|71/100\n|\n|-heal|p1a: Alomomola|77/100|[from] item: Leftovers\n|-heal|p2a: Kingambit|94/100|[from] item: Leftovers\n|upkeep\n|turn|12\n|\n|t:|1783821617\n|-end|p2a: Kingambit|fallen3|[silent]\n|switch|p2a: Enamorus|Enamorus, F|100/100\n|move|p1a: Alomomola|Scald|p2a: Enamorus\n|-damage|p2a: Enamorus|80/100\n|\n|-heal|p1a: Alomomola|83/100|[from] item: Leftovers\n|upkeep\n|turn|13\n|\n|t:|1783821630\n|switch|p1a: Morpeko|Morpeko, F, shiny|25/100\n|move|p2a: Enamorus|Earth Power|p1a: Morpeko\n|-supereffective|p1a: Morpeko\n|-damage|p1a: Morpeko|0 fnt\n|faint|p1a: Morpeko\n|\n|upkeep\n|\n|t:|1783821638\n|switch|p1a: Clefable|Clefable, F|100/100\n|turn|14\n|\n|t:|1783821642\n|switch|p2a: Kingambit|Kingambit, F|94/100\n|-activate|p2a: Kingambit|ability: Supreme Overlord\n|-start|p2a: Kingambit|fallen3|[silent]\n|move|p1a: Clefable|Calm Mind|p1a: Clefable\n|-boost|p1a: Clefable|spa|1\n|-boost|p1a: Clefable|spd|1\n|\n|-heal|p2a: Kingambit|99/100|[from] item: Leftovers\n|upkeep\n|turn|15\n|\n|t:|1783821659\n|-end|p2a: Kingambit|fallen3|[silent]\n|switch|p2a: Enamorus|Enamorus, F|80/100\n|move|p1a: Clefable|Flamethrower|p2a: Enamorus\n|-damage|p2a: Enamorus|38/100\n|\n|upkeep\n|turn|16\n|\n|t:|1783821666\n|move|p2a: Enamorus|Sludge Bomb|p1a: Clefable\n|-supereffective|p1a: Clefable\n|-damage|p1a: Clefable|61/100\n|move|p1a: Clefable|Calm Mind|p1a: Clefable\n|-boost|p1a: Clefable|spa|1\n|-boost|p1a: Clefable|spd|1\n|\n|-heal|p1a: Clefable|67/100|[from] item: Leftovers\n|upkeep\n|turn|17\n|\n|t:|1783821675\n|move|p2a: Enamorus|Sludge Bomb|p1a: Clefable\n|-supereffective|p1a: Clefable\n|-damage|p1a: Clefable|36/100\n|move|p1a: Clefable|Draining Kiss|p2a: Enamorus\n|-damage|p2a: Enamorus|0 fnt\n|-heal|p1a: Clefable|56/100|[from] drain|[of] p2a: Enamorus\n|faint|p2a: Enamorus\n|\n|-heal|p1a: Clefable|62/100|[from] item: Leftovers\n|upkeep\n|\n|t:|1783821686\n|switch|p2a: Kingambit|Kingambit, F|99/100\n|-activate|p2a: Kingambit|ability: Supreme Overlord\n|-start|p2a: Kingambit|fallen4|[silent]\n|turn|18\n|\n|t:|1783821694\n|move|p1a: Clefable|Flamethrower|p2a: Kingambit\n|-supereffective|p2a: Kingambit\n|-damage|p2a: Kingambit|20/100\n|move|p2a: Kingambit|Swords Dance|p2a: Kingambit\n|-boost|p2a: Kingambit|atk|2\n|\n|-heal|p1a: Clefable|69/100|[from] item: Leftovers\n|-heal|p2a: Kingambit|26/100|[from] item: Leftovers\n|upkeep\n|turn|19\n|\n|t:|1783821704\n|move|p2a: Kingambit|Sucker Punch|p1a: Clefable\n|-resisted|p1a: Clefable\n|-damage|p1a: Clefable|21/100\n|move|p1a: Clefable|Draining Kiss|p2a: Kingambit\n|-damage|p2a: Kingambit|0 fnt\n|-heal|p1a: Clefable|41/100|[from] drain|[of] p2a: Kingambit\n|faint|p2a: Kingambit\n|-end|p2a: Kingambit|fallen4|[silent]\n|\n|-heal|p1a: Clefable|47/100|[from] item: Leftovers\n|upkeep\n|-message|pontinhu forfeited.\n|\n|win|GoodorEevee\n|raw|GoodorEevee's rating: 1194 &rarr; <strong>1216</strong><br />(+22 for winning)\n|raw|pontinhu's rating: 1146 &rarr; <strong>1124</strong><br />(-22 for losing)\n|l|☆pontinhu\n|player|p2|\n|l|☆GoodorEevee\n|player|p1|\n", "uploadtime": 1783822072, "views": 12, "formatid": "gen9ou", "rating": 1124, "private": 0, "password": null}