{"id": "gen9ou-2639215961", "format": "[Gen 9] OU", "players": ["Palm Squared", "DonovanIsNotHere"], "log": "|j|☆Palm Squared\n|j|☆DonovanIsNotHere\n|t:|1782435435\n|gametype|singles\n|player|p1|Palm Squared|caitlin|1393\n|player|p2|DonovanIsNotHere|2|1374\n|gen|9\n|tier|[Gen 9] OU\n|rated|\n|rule|HP Percentage Mod: HP is shown in percentages\n|rule|Endless Battle Clause: Forcing endless battles is banned\n|rule|Species Clause: Limit one of each Pokémon\n|rule|OHKO Clause: OHKO moves are banned\n|rule|Evasion Items Clause: Evasion items are banned\n|rule|Evasion Moves Clause: Evasion moves are banned\n|rule|Evasion Abilities Clause: Evasion abilities are banned\n|rule|Sleep Moves Clause: Sleep-inducing moves are banned\n|clearpoke\n|poke|p1|Dragonite, M|\n|poke|p1|Clefable, F|\n|poke|p1|Ting-Lu|\n|poke|p1|Gholdengo|\n|poke|p1|Zamazenta-*|\n|poke|p1|Heatran, M|\n|poke|p2|Dragonite, M|\n|poke|p2|Darkrai|\n|poke|p2|Samurott-Hisui, F|\n|poke|p2|Corviknight, M|\n|poke|p2|Landorus-Therian, M|\n|poke|p2|Gholdengo|\n|teampreview\n|inactive|Battle timer is ON: inactive players will automatically lose when time's up. (requested by Palm Squared)\n|\n|t:|1782435464\n|teamsize|p1|6\n|teamsize|p2|6\n|start\n|switch|p1a: WalkEmDownClef'|Clefable, F|100/100\n|switch|p2a: Thula|Samurott-Hisui, F, shiny|100/100\n|turn|1\n|\n|t:|1782435470\n|move|p2a: Thula|Flip Turn|p1a: WalkEmDownClef'\n|-damage|p1a: WalkEmDownClef'|80/100\n|inactive|DonovanIsNotHere has 120 seconds left.\n|\n|t:|1782435505\n|switch|p2a: Lucan|Corviknight, M, shiny|100/100|[from] Flip Turn\n|-ability|p2a: Lucan|Pressure\n|move|p1a: WalkEmDownClef'|Knock Off|p2a: Lucan\n|-damage|p2a: Lucan|87/100\n|-enditem|p2a: Lucan|Heavy-Duty Boots|[from] move: Knock Off|[of] p1a: WalkEmDownClef'\n|\n|-heal|p1a: WalkEmDownClef'|86/100|[from] item: Leftovers\n|upkeep\n|turn|2\n|\n|t:|1782435510\n|move|p2a: Lucan|U-turn|p1a: WalkEmDownClef'\n|-resisted|p1a: WalkEmDownClef'\n|-damage|p1a: WalkEmDownClef'|81/100\n|inactive|DonovanIsNotHere has 120 seconds left.\n|\n|t:|1782435537\n|switch|p2a: Anissa|Gholdengo|100/100|[from] U-turn\n|-item|p2a: Anissa|Air Balloon\n|move|p1a: WalkEmDownClef'|Calm Mind|p1a: WalkEmDownClef'\n|-boost|p1a: WalkEmDownClef'|spa|1\n|-boost|p1a: WalkEmDownClef'|spd|1\n|\n|-heal|p1a: WalkEmDownClef'|87/100|[from] item: Leftovers\n|upkeep\n|turn|3\n|\n|t:|1782435542\n|switch|p1a: Pump Da Jam|Heatran, M|100/100\n|move|p2a: Anissa|Thunder Wave|p1a: Pump Da Jam|[miss]\n|-miss|p2a: Anissa|p1a: Pump Da Jam\n|\n|upkeep\n|turn|4\n|inactive|DonovanIsNotHere has 120 seconds left.\n|\n|t:|1782435563\n|move|p1a: Pump Da Jam|Stealth Rock|p2a: Anissa\n|-sidestart|p2: DonovanIsNotHere|move: Stealth Rock\n|move|p2a: Anissa|Thunder Wave|p1a: Pump Da Jam\n|-status|p1a: Pump Da Jam|par\n|\n|upkeep\n|turn|5\n|\n|t:|1782435570\n|switch|p2a: Thula|Samurott-Hisui, F, shiny|100/100\n|-damage|p2a: Thula|88/100|[from] Stealth Rock\n|cant|p1a: Pump Da Jam|par\n|\n|upkeep\n|turn|6\n|inactive|DonovanIsNotHere has 120 seconds left.\n|\n|t:|1782435591\n|switch|p1a: WalkEmDownClef'|Clefable, F|87/100\n|move|p2a: Thula|Flip Turn|p1a: WalkEmDownClef'\n|-damage|p1a: WalkEmDownClef'|65/100\n|\n|t:|1782435594\n|switch|p2a: Anissa|Gholdengo|100/100|[from] Flip Turn\n|-damage|p2a: Anissa|94/100|[from] Stealth Rock\n|-item|p2a: Anissa|Air Balloon\n|\n|-heal|p1a: WalkEmDownClef'|71/100|[from] item: Leftovers\n|upkeep\n|turn|7\n|\n|t:|1782435599\n|switch|p1a: LuLu on dat BUTT|Ting-Lu|100/100\n|-ability|p1a: LuLu on dat BUTT|Vessel of Ruin\n|move|p2a: Anissa|Make It Rain|p1a: LuLu on dat BUTT\n|-damage|p1a: LuLu on dat BUTT|70/100\n|-unboost|p2a: Anissa|spa|1\n|\n|-heal|p1a: LuLu on dat BUTT|77/100|[from] item: Leftovers\n|upkeep\n|turn|8\n|\n|t:|1782435603\n|switch|p2a: Lucan|Corviknight, M, shiny|87/100\n|-damage|p2a: Lucan|74/100|[from] Stealth Rock\n|-ability|p2a: Lucan|Pressure\n|move|p1a: LuLu on dat BUTT|Ruination|p2a: Lucan\n|-damage|p2a: Lucan|37/100\n|\n|-heal|p1a: LuLu on dat BUTT|83/100|[from] item: Leftovers\n|upkeep\n|turn|9\n|\n|t:|1782435606\n|move|p2a: Lucan|Defog|p1a: LuLu on dat BUTT\n|-unboost|p1a: LuLu on dat BUTT|evasion|1\n|-sideend|p2: DonovanIsNotHere|Stealth Rock|[from] move: Defog|[of] p2a: Lucan\n|move|p1a: LuLu on dat BUTT|Earthquake|p2a: Lucan\n|-immune|p2a: Lucan\n|\n|-heal|p1a: LuLu on dat BUTT|89/100|[from] item: Leftovers\n|upkeep\n|turn|10\n|inactive|DonovanIsNotHere has 120 seconds left.\n|inactive|DonovanIsNotHere has 90 seconds left.\n|\n|t:|1782435669\n|move|p2a: Lucan|U-turn|p1a: LuLu on dat BUTT\n|-supereffective|p1a: LuLu on dat BUTT\n|-damage|p1a: LuLu on dat BUTT|73/100\n|\n|t:|1782435671\n|switch|p2a: Thula|Samurott-Hisui, F, shiny|88/100|[from] U-turn\n|move|p1a: LuLu on dat BUTT|Spikes|p2a: Thula\n|-sidestart|p2: DonovanIsNotHere|Spikes\n|\n|-heal|p1a: LuLu on dat BUTT|80/100|[from] item: Leftovers\n|upkeep\n|turn|11\n|\n|t:|1782435677\n|move|p2a: Thula|Aqua Cutter|p1a: LuLu on dat BUTT\n|-supereffective|p1a: LuLu on dat BUTT\n|-damage|p1a: LuLu on dat BUTT|32/100\n|move|p1a: LuLu on dat BUTT|Ruination|p2a: Thula\n|-damage|p2a: Thula|44/100\n|\n|-heal|p1a: LuLu on dat BUTT|39/100|[from] item: Leftovers\n|upkeep\n|turn|12\n|\n|t:|1782435684\n|switch|p1a: YG 400|Dragonite, M|100/100\n|move|p2a: Thula|Aqua Cutter|p1a: YG 400\n|-resisted|p1a: YG 400\n|-damage|p1a: YG 400|88/100\n|\n|upkeep\n|turn|13\n|\n|t:|1782435706\n|switch|p2a: Conquest|Landorus-Therian, M|100/100\n|-ability|p2a: Conquest|Intimidate|boost\n|-unboost|p1a: YG 400|atk|1\n|move|p1a: YG 400|Roost|p1a: YG 400\n|-heal|p1a: YG 400|100/100\n|-singleturn|p1a: YG 400|move: Roost\n|\n|upkeep\n|turn|14\n|\n|t:|1782435713\n|switch|p1a: WalkEmDownClef'|Clefable, F|71/100\n|move|p2a: Conquest|Stealth Rock|p1a: WalkEmDownClef'\n|-sidestart|p1: Palm Squared|move: Stealth Rock\n|\n|-heal|p1a: WalkEmDownClef'|77/100|[from] item: Leftovers\n|upkeep\n|turn|15\n|\n|t:|1782435724\n|move|p2a: Conquest|U-turn|p1a: WalkEmDownClef'\n|-resisted|p1a: WalkEmDownClef'\n|-damage|p1a: WalkEmDownClef'|67/100\n|\n|t:|1782435726\n|switch|p2a: Lucan|Corviknight, M, shiny|37/100|[from] U-turn\n|-ability|p2a: Lucan|Pressure\n|move|p1a: WalkEmDownClef'|Knock Off|p2a: Lucan\n|-damage|p2a: Lucan|28/100\n|\n|-heal|p1a: WalkEmDownClef'|73/100|[from] item: Leftovers\n|upkeep\n|turn|16\n|\n|t:|1782435737\n|move|p2a: Lucan|Roost|p2a: Lucan\n|-heal|p2a: Lucan|78/100\n|-singleturn|p2a: Lucan|move: Roost\n|move|p1a: WalkEmDownClef'|Moonblast|p2a: Lucan\n|-resisted|p2a: Lucan\n|-damage|p2a: Lucan|68/100\n|-unboost|p2a: Lucan|spa|1\n|\n|-heal|p1a: WalkEmDownClef'|79/100|[from] item: Leftovers\n|upkeep\n|turn|17\n|inactive|DonovanIsNotHere has 120 seconds left.\n|\n|t:|1782435765\n|move|p2a: Lucan|U-turn|p1a: WalkEmDownClef'\n|-resisted|p1a: WalkEmDownClef'\n|-damage|p1a: WalkEmDownClef'|74/100\n|\n|t:|1782435770\n|switch|p2a: Anissa|Gholdengo|94/100|[from] U-turn\n|-item|p2a: Anissa|Air Balloon\n|move|p1a: WalkEmDownClef'|Knock Off|p2a: Anissa\n|-supereffective|p2a: Anissa\n|-damage|p2a: Anissa|67/100\n|-enditem|p2a: Anissa|Air Balloon\n|\n|-heal|p1a: WalkEmDownClef'|80/100|[from] item: Leftovers\n|upkeep\n|turn|18\n|\n|t:|1782435781\n|switch|p1a: Pump Da Jam|Heatran, M|100/100 par\n|-damage|p1a: Pump Da Jam|88/100 par|[from] Stealth Rock\n|move|p2a: Anissa|Make It Rain|p1a: Pump Da Jam\n|-resisted|p1a: Pump Da Jam\n|-damage|p1a: Pump Da Jam|77/100 par\n|-unboost|p2a: Anissa|spa|1\n|\n|-heal|p1a: Pump Da Jam|83/100 par|[from] item: Leftovers\n|upkeep\n|turn|19\n|\n|t:|1782435788\n|switch|p2a: Thula|Samurott-Hisui, F, shiny|44/100\n|-damage|p2a: Thula|32/100|[from] Spikes\n|cant|p1a: Pump Da Jam|par\n|\n|-heal|p1a: Pump Da Jam|90/100 par|[from] item: Leftovers\n|upkeep\n|turn|20\n|\n|t:|1782435796\n|move|p2a: Thula|Ceaseless Edge|p1a: Pump Da Jam\n|-damage|p1a: Pump Da Jam|55/100 par\n|-sidestart|p1: Palm Squared|Spikes\n|cant|p1a: Pump Da Jam|par\n|\n|-heal|p1a: Pump Da Jam|61/100 par|[from] item: Leftovers\n|upkeep\n|turn|21\n|\n|t:|1782435801\n|switch|p1a: WalkEmDownClef'|Clefable, F|80/100\n|move|p2a: Thula|Ceaseless Edge|p1a: WalkEmDownClef'\n|-resisted|p1a: WalkEmDownClef'\n|-damage|p1a: WalkEmDownClef'|63/100\n|-sidestart|p1: Palm Squared|Spikes\n|\n|-heal|p1a: WalkEmDownClef'|69/100|[from] item: Leftovers\n|upkeep\n|turn|22\n|\n|t:|1782435805\n|switch|p2a: Anissa|Gholdengo|67/100\n|-damage|p2a: Anissa|54/100|[from] Spikes\n|move|p1a: WalkEmDownClef'|Calm Mind|p1a: WalkEmDownClef'\n|-boost|p1a: WalkEmDownClef'|spa|1\n|-boost|p1a: WalkEmDownClef'|spd|1\n|\n|-heal|p1a: WalkEmDownClef'|75/100|[from] item: Leftovers\n|upkeep\n|turn|23\n|\n|t:|1782435809\n|switch|p1a: LuLu on dat BUTT|Ting-Lu|39/100\n|-damage|p1a: LuLu on dat BUTT|32/100|[from] Stealth Rock\n|-damage|p1a: LuLu on dat BUTT|16/100|[from] Spikes\n|-ability|p1a: LuLu on dat BUTT|Vessel of Ruin\n|move|p2a: Anissa|Make It Rain|p1a: LuLu on dat BUTT\n|-damage|p1a: LuLu on dat BUTT|0 fnt\n|-unboost|p2a: Anissa|spa|1\n|faint|p1a: LuLu on dat BUTT\n|\n|upkeep\n|\n|t:|1782435812\n|switch|p1a: Lex Luger|Gholdengo|100/100\n|-damage|p1a: Lex Luger|94/100|[from] Stealth Rock\n|-damage|p1a: Lex Luger|78/100|[from] Spikes\n|turn|24\n|\n|t:|1782435817\n|switch|p2a: Lucan|Corviknight, M, shiny|68/100\n|-ability|p2a: Lucan|Pressure\n|move|p1a: Lex Luger|Make It Rain|p2a: Lucan\n|-resisted|p2a: Lucan\n|-damage|p2a: Lucan|44/100\n|-unboost|p1a: Lex Luger|spa|1\n|\n|upkeep\n|turn|25\n|\n|t:|1782435824\n|switch|p1a: Pump Da Jam|Heatran, M|61/100 par\n|-damage|p1a: Pump Da Jam|48/100 par|[from] Stealth Rock\n|-damage|p1a: Pump Da Jam|32/100 par|[from] Spikes\n|move|p2a: Lucan|Roost|p2a: Lucan\n|-heal|p2a: Lucan|94/100\n|-singleturn|p2a: Lucan|move: Roost\n|\n|-heal|p1a: Pump Da Jam|38/100 par|[from] item: Leftovers\n|upkeep\n|turn|26\n|\n|t:|1782435833\n|move|p2a: Lucan|U-turn|p1a: Pump Da Jam\n|-resisted|p1a: Pump Da Jam\n|-damage|p1a: Pump Da Jam|35/100 par\n|\n|t:|1782435837\n|switch|p2a: Thula|Samurott-Hisui, F, shiny|32/100|[from] U-turn\n|-damage|p2a: Thula|20/100|[from] Spikes\n|move|p1a: Pump Da Jam|Stealth Rock|p2a: Thula\n|-sidestart|p2: DonovanIsNotHere|move: Stealth Rock\n|\n|-heal|p1a: Pump Da Jam|41/100 par|[from] item: Leftovers\n|upkeep\n|turn|27\n|\n|t:|1782435846\n|move|p2a: Thula|Aqua Cutter|p1a: Pump Da Jam\n|-supereffective|p1a: Pump Da Jam\n|-damage|p1a: Pump Da Jam|0 fnt\n|faint|p1a: Pump Da Jam\n|\n|upkeep\n|\n|t:|1782435854\n|switch|p1a: WalkEmDownClef'|Clefable, F|75/100\n|turn|28\n|\n|t:|1782435858\n|move|p2a: Thula|Aqua Cutter|p1a: WalkEmDownClef'\n|-damage|p1a: WalkEmDownClef'|40/100\n|move|p1a: WalkEmDownClef'|Calm Mind|p1a: WalkEmDownClef'\n|-boost|p1a: WalkEmDownClef'|spa|1\n|-boost|p1a: WalkEmDownClef'|spd|1\n|\n|-heal|p1a: WalkEmDownClef'|46/100|[from] item: Leftovers\n|upkeep\n|turn|29\n|\n|t:|1782435863\n|move|p2a: Thula|Aqua Cutter|p1a: WalkEmDownClef'\n|-damage|p1a: WalkEmDownClef'|11/100\n|move|p1a: WalkEmDownClef'|Moonlight|p1a: WalkEmDownClef'\n|-heal|p1a: WalkEmDownClef'|61/100\n|\n|-heal|p1a: WalkEmDownClef'|67/100|[from] item: Leftovers\n|upkeep\n|turn|30\n|\n|t:|1782435872\n|switch|p2a: Anissa|Gholdengo|54/100\n|-damage|p2a: Anissa|42/100|[from] Spikes\n|-damage|p2a: Anissa|36/100|[from] Stealth Rock\n|move|p1a: WalkEmDownClef'|Calm Mind|p1a: WalkEmDownClef'\n|-boost|p1a: WalkEmDownClef'|spa|1\n|-boost|p1a: WalkEmDownClef'|spd|1\n|\n|-heal|p1a: WalkEmDownClef'|73/100|[from] item: Leftovers\n|upkeep\n|turn|31\n|\n|t:|1782435879\n|move|p2a: Anissa|Make It Rain|p1a: WalkEmDownClef'\n|-supereffective|p1a: WalkEmDownClef'\n|-damage|p1a: WalkEmDownClef'|12/100\n|-unboost|p2a: Anissa|spa|1\n|move|p1a: WalkEmDownClef'|Moonblast|p2a: Anissa\n|-resisted|p2a: Anissa\n|-damage|p2a: Anissa|3/100\n|-unboost|p2a: Anissa|spa|1\n|\n|-heal|p1a: WalkEmDownClef'|19/100|[from] item: Leftovers\n|upkeep\n|turn|32\n|\n|t:|1782435889\n|switch|p1a: Lex Luger|Gholdengo|78/100\n|-damage|p1a: Lex Luger|72/100|[from] Stealth Rock\n|-damage|p1a: Lex Luger|55/100|[from] Spikes\n|move|p2a: Anissa|Make It Rain|p1a: Lex Luger\n|-resisted|p1a: Lex Luger\n|-damage|p1a: Lex Luger|35/100\n|-unboost|p2a: Anissa|spa|1\n|\n|upkeep\n|turn|33\n|\n|t:|1782435898\n|move|p1a: Lex Luger|Shadow Ball|p2a: Anissa\n|-supereffective|p2a: Anissa\n|-damage|p2a: Anissa|0 fnt\n|faint|p2a: Anissa\n|\n|upkeep\n|\n|t:|1782435902\n|switch|p2a: Kregg|Darkrai|100/100\n|turn|34\n|\n|t:|1782435906\n|switch|p1a: WalkEmDownClef'|Clefable, F|19/100\n|move|p2a: Kregg|Nasty Plot|p2a: Kregg\n|-boost|p2a: Kregg|spa|2\n|\n|-heal|p1a: WalkEmDownClef'|25/100|[from] item: Leftovers\n|upkeep\n|turn|35\n|\n|t:|1782435915\n|move|p2a: Kregg|Dark Pulse|p1a: WalkEmDownClef'\n|-resisted|p1a: WalkEmDownClef'\n|-damage|p1a: WalkEmDownClef'|0 fnt\n|faint|p1a: WalkEmDownClef'\n|\n|upkeep\n|\n|t:|1782435918\n|switch|p1a: Lex Luger|Gholdengo|35/100\n|-damage|p1a: Lex Luger|29/100|[from] Stealth Rock\n|-damage|p1a: Lex Luger|13/100|[from] Spikes\n|turn|36\n|\n|t:|1782435930\n|move|p1a: Lex Luger|Trick|p2a: Kregg\n|-activate|p1a: Lex Luger|move: Trick|[of] p2a: Kregg\n|-item|p2a: Kregg|Choice Scarf|[from] move: Trick\n|-item|p1a: Lex Luger|Heavy-Duty Boots|[from] move: Trick\n|move|p2a: Kregg|Dark Pulse|p1a: Lex Luger\n|-supereffective|p1a: Lex Luger\n|-damage|p1a: Lex Luger|0 fnt\n|faint|p1a: Lex Luger\n|\n|upkeep\n|\n|t:|1782435938\n|switch|p1a: The Epic Dog|Zamazenta|100/100\n|-ability|p1a: The Epic Dog|Dauntless Shield|boost\n|-boost|p1a: The Epic Dog|def|1\n|turn|37\n|\n|t:|1782435949\n|move|p2a: Kregg|Dark Pulse|p1a: The Epic Dog\n|-resisted|p1a: The Epic Dog\n|-crit|p1a: The Epic Dog\n|-damage|p1a: The Epic Dog|36/100\n|move|p1a: The Epic Dog|Ice Fang|p2a: Kregg\n|-damage|p2a: Kregg|70/100\n|\n|upkeep\n|turn|38\n|-message|Palm Squared forfeited.\n|\n|win|DonovanIsNotHere\n|raw|Palm Squared's rating: 1393 &rarr; <strong>1372</strong><br />(-21 for losing)\n|raw|DonovanIsNotHere's rating: 1377 &rarr; <strong>1398</strong><br />(+21 for winning)\n|l|☆Palm Squared\n|player|p1|\n", "uploadtime": 1782435975, "views": 11, "formatid": "gen9ou", "rating": 1372, "private": 0, "password": null}