{"id": "gen9ou-2540592608", "format": "[Gen 9] OU", "players": ["DonovanIsNotHere", "asdfsadfsffsdfsdf"], "log": "|j|☆DonovanIsNotHere\n|j|☆asdfsadfsffsdfsdf\n|t:|1771223469\n|gametype|singles\n|player|p1|DonovanIsNotHere|102|1480\n|player|p2|asdfsadfsffsdfsdf|101|1534\n|gen|9\n|tier|[Gen 9] OU\n|rated|\n|rule|HP Percentage Mod: HP is shown in percentages\n|rule|Endless Battle Clause: Forcing endless battles is banned\n|rule|Species Clause: Limit one of each Pokémon\n|rule|OHKO Clause: OHKO moves are banned\n|rule|Evasion Items Clause: Evasion items are banned\n|rule|Evasion Moves Clause: Evasion moves are banned\n|rule|Evasion Abilities Clause: Evasion abilities are banned\n|rule|Sleep Moves Clause: Sleep-inducing moves are banned\n|clearpoke\n|poke|p1|Venusaur, M|\n|poke|p1|Ninetales, F|\n|poke|p1|Charizard, M|\n|poke|p1|Ceruledge, F|\n|poke|p1|Walking Wake|\n|poke|p1|Great Tusk|\n|poke|p2|Grimmsnarl, M|\n|poke|p2|Iron Treads|\n|poke|p2|Raging Bolt|\n|poke|p2|Deoxys-Speed|\n|poke|p2|Ogerpon-Wellspring, F|\n|poke|p2|Ceruledge, M|\n|teampreview\n|inactive|Battle timer is ON: inactive players will automatically lose when time's up. (requested by DonovanIsNotHere)\n|\n|t:|1771223494\n|teamsize|p1|6\n|teamsize|p2|6\n|start\n|switch|p1a: Ninetales|Ninetales, F|100/100\n|switch|p2a: Ogerpon|Ogerpon-Wellspring, F|100/100\n|-weather|SunnyDay|[from] ability: Drought|[of] p1a: Ninetales\n|turn|1\n|\n|t:|1771223523\n|switch|p1a: Dead Shot|Venusaur, M|100/100\n|move|p2a: Ogerpon|Trailblaze|p1a: Dead Shot\n|-resisted|p1a: Dead Shot\n|-damage|p1a: Dead Shot|91/100\n|-boost|p2a: Ogerpon|spe|1\n|\n|-weather|SunnyDay|[upkeep]\n|upkeep\n|turn|2\n|\n|t:|1771223536\n|switch|p2a: Iron Treads|Iron Treads, shiny|100/100\n|-enditem|p2a: Iron Treads|Booster Energy\n|-activate|p2a: Iron Treads|ability: Quark Drive|[fromitem]\n|-start|p2a: Iron Treads|quarkdrivespe\n|move|p1a: Dead Shot|Growth|p1a: Dead Shot\n|-boost|p1a: Dead Shot|atk|2\n|-boost|p1a: Dead Shot|spa|2\n|\n|-weather|SunnyDay|[upkeep]\n|upkeep\n|turn|3\n|inactive|asdfsadfsffsdfsdf has 120 seconds left.\n|\n|t:|1771223568\n|move|p1a: Dead Shot|Earthquake|p2a: Iron Treads\n|-supereffective|p2a: Iron Treads\n|-damage|p2a: Iron Treads|0 fnt\n|faint|p2a: Iron Treads\n|-end|p2a: Iron Treads|Quark Drive|[silent]\n|\n|-weather|SunnyDay|[upkeep]\n|upkeep\n|\n|t:|1771223580\n|switch|p2a: Grimmsnarl|Grimmsnarl, M, shiny|100/100\n|turn|4\n|\n|t:|1771223587\n|-terastallize|p1a: Dead Shot|Dark\n|move|p2a: Grimmsnarl|Reflect|p2a: Grimmsnarl\n|-sidestart|p2: asdfsadfsffsdfsdf|Reflect\n|move|p1a: Dead Shot|Bullet Seed|p2a: Grimmsnarl\n|-damage|p2a: Grimmsnarl|85/100\n|-damage|p2a: Grimmsnarl|69/100\n|-damage|p2a: Grimmsnarl|52/100\n|-damage|p2a: Grimmsnarl|36/100\n|-damage|p2a: Grimmsnarl|19/100\n|-hitcount|p2a: Grimmsnarl|5\n|\n|-weather|SunnyDay|[upkeep]\n|upkeep\n|turn|5\n|\n|t:|1771223600\n|move|p2a: Grimmsnarl|Taunt|p1a: Dead Shot\n|-hint|Since gen 7, Dark is immune to Prankster moves.\n|-immune|p1a: Dead Shot\n|move|p1a: Dead Shot|Earthquake|p2a: Grimmsnarl\n|-damage|p2a: Grimmsnarl|0 fnt\n|faint|p2a: Grimmsnarl\n|\n|-weather|none\n|upkeep\n|\n|t:|1771223615\n|switch|p2a: Ceruledge|Ceruledge, M, shiny|100/100\n|turn|6\n|\n|t:|1771223631\n|switch|p1a: Walking Wake|Walking Wake|100/100\n|move|p2a: Ceruledge|Bitter Blade|p1a: Walking Wake\n|-resisted|p1a: Walking Wake\n|-damage|p1a: Walking Wake|84/100\n|-damage|p2a: Ceruledge|91/100|[from] item: Life Orb\n|\n|upkeep\n|turn|7\n|inactive|asdfsadfsffsdfsdf has 90 seconds left.\n|\n|t:|1771223653\n|switch|p2a: Raging Bolt|Raging Bolt|100/100\n|-enditem|p2a: Raging Bolt|Booster Energy\n|-activate|p2a: Raging Bolt|ability: Protosynthesis|[fromitem]\n|-start|p2a: Raging Bolt|protosynthesisspa\n|move|p1a: Walking Wake|Draco Meteor|p2a: Raging Bolt|[miss]\n|-miss|p1a: Walking Wake|p2a: Raging Bolt\n|\n|upkeep\n|turn|8\n|inactive|asdfsadfsffsdfsdf has 90 seconds left.\n|c|☆asdfsadfsffsdfsdf|well that's lucky\n|\n|t:|1771223681\n|-end|p1a: Walking Wake|Protosynthesis|[silent]\n|switch|p1a: Charizard|Charizard, M|100/100\n|-terastallize|p2a: Raging Bolt|Flying\n|move|p2a: Raging Bolt|Dragon Pulse|p1a: Charizard\n|-damage|p1a: Charizard|9/100\n|\n|upkeep\n|turn|9\n|\n|t:|1771223701\n|switch|p1a: Ninetales|Ninetales, F|100/100\n|-weather|SunnyDay|[from] ability: Drought|[of] p1a: Ninetales\n|move|p2a: Raging Bolt|Calm Mind|p2a: Raging Bolt\n|-boost|p2a: Raging Bolt|spa|1\n|-boost|p2a: Raging Bolt|spd|1\n|\n|-weather|SunnyDay|[upkeep]\n|upkeep\n|turn|10\n|\n|t:|1771223717\n|move|p1a: Ninetales|Encore|p2a: Raging Bolt\n|-start|p2a: Raging Bolt|Encore\n|move|p2a: Raging Bolt|Calm Mind|p2a: Raging Bolt\n|-boost|p2a: Raging Bolt|spa|1\n|-boost|p2a: Raging Bolt|spd|1\n|\n|-weather|SunnyDay|[upkeep]\n|upkeep\n|turn|11\n|\n|t:|1771223728\n|switch|p1a: Ceruledge|Ceruledge, F|100/100\n|-end|p2a: Raging Bolt|Protosynthesis|[silent]\n|switch|p2a: Ceruledge|Ceruledge, M, shiny|91/100\n|\n|-weather|SunnyDay|[upkeep]\n|-sideend|p2: asdfsadfsffsdfsdf|Reflect\n|upkeep\n|turn|12\n|\n|t:|1771223735\n|move|p1a: Ceruledge|Poltergeist|p2a: Ceruledge\n|-activate|p2a: Ceruledge|move: Poltergeist|Life Orb\n|-supereffective|p2a: Ceruledge\n|-damage|p2a: Ceruledge|0 fnt\n|faint|p2a: Ceruledge\n|\n|-weather|SunnyDay|[upkeep]\n|upkeep\n|\n|t:|1771223744\n|switch|p2a: Ogerpon|Ogerpon-Wellspring, F|100/100\n|turn|13\n|inactive|asdfsadfsffsdfsdf has 90 seconds left.\n|inactive|DonovanIsNotHere has 120 seconds left.\n|\n|t:|1771223779\n|move|p2a: Ogerpon|Trailblaze|p1a: Ceruledge\n|-resisted|p1a: Ceruledge\n|-damage|p1a: Ceruledge|78/100\n|-boost|p2a: Ogerpon|spe|1\n|-ability|p1a: Ceruledge|Weak Armor|boost\n|-unboost|p1a: Ceruledge|def|1\n|-boost|p1a: Ceruledge|spe|2\n|move|p1a: Ceruledge|Swords Dance|p1a: Ceruledge\n|-boost|p1a: Ceruledge|atk|2\n|\n|-weather|none\n|upkeep\n|turn|14\n|inactive|DonovanIsNotHere has 120 seconds left.\n|\n|t:|1771223792\n|move|p1a: Ceruledge|Bitter Blade|p2a: Ogerpon\n|-damage|p2a: Ogerpon|0 fnt\n|-heal|p1a: Ceruledge|100/100|[from] drain|[of] p2a: Ogerpon\n|faint|p2a: Ogerpon\n|\n|upkeep\n|-message|asdfsadfsffsdfsdf forfeited.\n|\n|win|DonovanIsNotHere\n|raw|DonovanIsNotHere's rating: 1480 &rarr; <strong>1503</strong><br />(+23 for winning)\n|raw|asdfsadfsffsdfsdf's rating: 1534 &rarr; <strong>1511</strong><br />(-23 for losing)\n|l|☆asdfsadfsffsdfsdf\n|player|p2|\n|l|☆DonovanIsNotHere\n|player|p1|\n", "uploadtime": 1771223799, "views": 8, "formatid": "gen9ou", "rating": 1503, "private": 0, "password": null}