{"id": "gen9ou-2540887298", "format": "[Gen 9] OU", "players": ["dracula drip", "theonReekGreyjoy93"], "log": "|j|☆dracula drip\n|j|☆theonReekGreyjoy93\n|t:|1771264070\n|gametype|singles\n|player|p1|dracula drip|iris-gen5bw2|1590\n|player|p2|theonReekGreyjoy93|1|1637\n|gen|9\n|tier|[Gen 9] OU\n|rated|\n|rule|HP Percentage Mod: HP is shown in percentages\n|rule|Endless Battle Clause: Forcing endless battles is banned\n|rule|Species Clause: Limit one of each Pokémon\n|rule|OHKO Clause: OHKO moves are banned\n|rule|Evasion Items Clause: Evasion items are banned\n|rule|Evasion Moves Clause: Evasion moves are banned\n|rule|Evasion Abilities Clause: Evasion abilities are banned\n|rule|Sleep Moves Clause: Sleep-inducing moves are banned\n|clearpoke\n|poke|p1|Goodra-Hisui, M|\n|poke|p1|Pelipper, F|\n|poke|p1|Iron Treads|\n|poke|p1|Barraskewda, F|\n|poke|p1|Kingdra, M|\n|poke|p1|Iron Valiant|\n|poke|p2|Whimsicott, M|\n|poke|p2|Iron Moth|\n|poke|p2|Walking Wake|\n|poke|p2|Great Tusk|\n|poke|p2|Ninetales, F|\n|poke|p2|Comfey, F|\n|teampreview\n|inactive|Battle timer is ON: inactive players will automatically lose when time's up. (requested by dracula drip)\n|inactive|theonReekGreyjoy93 has 120 seconds left.\n|inactive|theonReekGreyjoy93 has 90 seconds left.\n|inactive|theonReekGreyjoy93 has 60 seconds left.\n|j| Samurajen\n|l|☆dracula drip\n|inactive|dracula drip disconnected and has a minute to reconnect!\n|player|p1|\n|inactive|theonReekGreyjoy93 has 30 seconds left.\n|\n|t:|1771264193\n|teamsize|p1|6\n|teamsize|p2|6\n|start\n|switch|p1a: Barraskewda|Barraskewda, F|100/100\n|switch|p2a: Walking Wake|Walking Wake|100/100\n|turn|1\n|j|☆dracula drip\n|inactive|dracula drip reconnected and has 140 seconds left.\n|player|p1|dracula drip|iris-gen5bw2|\n|\n|t:|1771264207\n|move|p1a: Barraskewda|Flip Turn|p2a: Walking Wake\n|-resisted|p2a: Walking Wake\n|-damage|p2a: Walking Wake|90/100\n|\n|t:|1771264212\n|switch|p1a: Pelipper|Pelipper, F|100/100|[from] Flip Turn\n|-weather|RainDance|[from] ability: Drizzle|[of] p1a: Pelipper\n|move|p2a: Walking Wake|Knock Off|p1a: Pelipper\n|-damage|p1a: Pelipper|86/100\n|-enditem|p1a: Pelipper|Damp Rock|[from] move: Knock Off|[of] p2a: Walking Wake\n|\n|-weather|RainDance|[upkeep]\n|upkeep\n|turn|2\n|\n|t:|1771264218\n|move|p2a: Walking Wake|Flip Turn|p1a: Pelipper\n|-resisted|p1a: Pelipper\n|-damage|p1a: Pelipper|78/100\n|\n|t:|1771264225\n|-end|p2a: Walking Wake|Protosynthesis|[silent]\n|switch|p2a: Ninetales|Ninetales, F|100/100|[from] Flip Turn\n|-weather|SunnyDay|[from] ability: Drought|[of] p2a: Ninetales\n|move|p1a: Pelipper|U-turn|p2a: Ninetales\n|-resisted|p2a: Ninetales\n|-damage|p2a: Ninetales|95/100\n|\n|t:|1771264227\n|switch|p1a: Barraskewda|Barraskewda, F|100/100|[from] U-turn\n|\n|-weather|SunnyDay|[upkeep]\n|upkeep\n|turn|3\n|\n|t:|1771264232\n|switch|p2a: Great Tusk|Great Tusk|100/100\n|-activate|p2a: Great Tusk|ability: Protosynthesis\n|-start|p2a: Great Tusk|protosynthesisspe\n|move|p1a: Barraskewda|Flip Turn|p2a: Great Tusk\n|-supereffective|p2a: Great Tusk\n|-damage|p2a: Great Tusk|68/100\n|-damage|p1a: Barraskewda|84/100|[from] item: Rocky Helmet|[of] p2a: Great Tusk\n|\n|t:|1771264235\n|switch|p1a: Pelipper|Pelipper, F|78/100|[from] Flip Turn\n|-weather|RainDance|[from] ability: Drizzle|[of] p1a: Pelipper\n|-end|p2a: Great Tusk|Protosynthesis\n|\n|-weather|RainDance|[upkeep]\n|upkeep\n|turn|4\n|\n|t:|1771264241\n|move|p2a: Great Tusk|Stealth Rock|p1a: Pelipper\n|-sidestart|p1: dracula drip|move: Stealth Rock\n|move|p1a: Pelipper|Surf|p2a: Great Tusk\n|-supereffective|p2a: Great Tusk\n|-damage|p2a: Great Tusk|0 fnt\n|faint|p2a: Great Tusk\n|-end|p2a: Great Tusk|Protosynthesis|[silent]\n|\n|-weather|RainDance|[upkeep]\n|upkeep\n|\n|t:|1771264253\n|switch|p2a: Walking Wake|Walking Wake|90/100\n|turn|5\n|\n|t:|1771264259\n|move|p2a: Walking Wake|Knock Off|p1a: Pelipper\n|-damage|p1a: Pelipper|69/100\n|move|p1a: Pelipper|Roost|p1a: Pelipper\n|-heal|p1a: Pelipper|100/100\n|-singleturn|p1a: Pelipper|move: Roost\n|\n|-weather|RainDance|[upkeep]\n|upkeep\n|turn|6\n|\n|t:|1771264264\n|move|p2a: Walking Wake|Hydro Steam|p1a: Pelipper\n|-resisted|p1a: Pelipper\n|-damage|p1a: Pelipper|63/100\n|move|p1a: Pelipper|U-turn|p2a: Walking Wake\n|-crit|p2a: Walking Wake\n|-damage|p2a: Walking Wake|76/100\n|\n|t:|1771264266\n|switch|p1a: Kingdra|Kingdra, M|100/100|[from] U-turn\n|-damage|p1a: Kingdra|88/100|[from] Stealth Rock\n|\n|-weather|RainDance|[upkeep]\n|upkeep\n|turn|7\n|\n|t:|1771264275\n|move|p1a: Kingdra|Dragon Pulse|p2a: Walking Wake\n|-supereffective|p2a: Walking Wake\n|-damage|p2a: Walking Wake|9/100\n|move|p2a: Walking Wake|Draco Meteor|p1a: Kingdra\n|-supereffective|p1a: Kingdra\n|-damage|p1a: Kingdra|0 fnt\n|-unboost|p2a: Walking Wake|spa|2\n|faint|p1a: Kingdra\n|\n|-weather|none\n|upkeep\n|\n|t:|1771264278\n|switch|p1a: Iron Treads|Iron Treads|100/100\n|-damage|p1a: Iron Treads|97/100|[from] Stealth Rock\n|-enditem|p1a: Iron Treads|Booster Energy\n|-activate|p1a: Iron Treads|ability: Quark Drive|[fromitem]\n|-start|p1a: Iron Treads|quarkdrivespe\n|turn|8\n|\n|t:|1771264294\n|-end|p2a: Walking Wake|Protosynthesis|[silent]\n|switch|p2a: Ninetales|Ninetales, F|95/100\n|-weather|SunnyDay|[from] ability: Drought|[of] p2a: Ninetales\n|move|p1a: Iron Treads|Rapid Spin|p2a: Ninetales\n|-damage|p2a: Ninetales|81/100\n|-boost|p1a: Iron Treads|spe|1\n|-sideend|p1: dracula drip|Stealth Rock|[from] move: Rapid Spin|[of] p1a: Iron Treads\n|\n|-weather|SunnyDay|[upkeep]\n|upkeep\n|turn|9\n|\n|t:|1771264312\n|switch|p2a: Whimsicott|Whimsicott, M|100/100\n|move|p1a: Iron Treads|Stealth Rock|p2a: Whimsicott\n|-sidestart|p2: theonReekGreyjoy93|move: Stealth Rock\n|\n|-weather|SunnyDay|[upkeep]\n|upkeep\n|turn|10\n|\n|t:|1771264321\n|move|p1a: Iron Treads|Steel Beam|p2a: Whimsicott\n|-supereffective|p2a: Whimsicott\n|-damage|p2a: Whimsicott|14/100\n|-damage|p1a: Iron Treads|47/100|[from] steelbeam\n|move|p2a: Whimsicott|Giga Drain|p1a: Iron Treads\n|-damage|p1a: Iron Treads|3/100\n|-heal|p2a: Whimsicott|42/100|[from] drain|[of] p1a: Iron Treads\n|-damage|p2a: Whimsicott|32/100|[from] item: Life Orb\n|\n|-weather|SunnyDay|[upkeep]\n|upkeep\n|turn|11\n|\n|t:|1771264331\n|move|p1a: Iron Treads|Earthquake|p2a: Whimsicott\n|-resisted|p2a: Whimsicott\n|-damage|p2a: Whimsicott|10/100\n|move|p2a: Whimsicott|Giga Drain|p1a: Iron Treads\n|-damage|p1a: Iron Treads|0 fnt\n|-heal|p2a: Whimsicott|12/100|[from] drain|[of] p1a: Iron Treads\n|faint|p1a: Iron Treads\n|-end|p1a: Iron Treads|Quark Drive|[silent]\n|-damage|p2a: Whimsicott|2/100|[from] item: Life Orb\n|\n|-weather|SunnyDay|[upkeep]\n|upkeep\n|\n|t:|1771264336\n|switch|p1a: Barraskewda|Barraskewda, F|84/100\n|turn|12\n|\n|t:|1771264346\n|switch|p2a: Comfey|Comfey, F|100/100\n|-damage|p2a: Comfey|88/100|[from] Stealth Rock\n|move|p1a: Barraskewda|Aqua Jet|p2a: Comfey\n|-damage|p2a: Comfey|67/100\n|\n|-weather|SunnyDay|[upkeep]\n|upkeep\n|turn|13\n|\n|t:|1771264349\n|switch|p1a: Goodra|Goodra-Hisui, M|100/100\n|move|p2a: Comfey|Growth|p2a: Comfey\n|-boost|p2a: Comfey|atk|2\n|-boost|p2a: Comfey|spa|2\n|\n|-weather|SunnyDay|[upkeep]\n|upkeep\n|turn|14\n|\n|t:|1771264354\n|-terastallize|p2a: Comfey|Water\n|move|p2a: Comfey|Draining Kiss|p1a: Goodra\n|-damage|p1a: Goodra|80/100\n|-heal|p2a: Comfey|86/100|[from] drain|[of] p1a: Goodra\n|-damage|p2a: Comfey|76/100|[from] item: Life Orb\n|move|p1a: Goodra|Flash Cannon|p2a: Comfey\n|-resisted|p2a: Comfey\n|-damage|p2a: Comfey|61/100\n|\n|-weather|SunnyDay|[upkeep]\n|upkeep\n|turn|15\n|\n|t:|1771264364\n|move|p2a: Comfey|Synthesis|p2a: Comfey\n|-heal|p2a: Comfey|100/100\n|move|p1a: Goodra|Knock Off|p2a: Comfey\n|-damage|p2a: Comfey|73/100\n|-enditem|p2a: Comfey|Life Orb|[from] move: Knock Off|[of] p1a: Goodra\n|\n|-weather|none\n|upkeep\n|turn|16\n|\n|t:|1771264371\n|move|p2a: Comfey|Draining Kiss|p1a: Goodra\n|-damage|p1a: Goodra|66/100\n|-heal|p2a: Comfey|85/100|[from] drain|[of] p1a: Goodra\n|move|p1a: Goodra|Earthquake|p2a: Comfey\n|-damage|p2a: Comfey|57/100\n|\n|upkeep\n|turn|17\n|\n|t:|1771264378\n|move|p2a: Comfey|Growth|p2a: Comfey\n|-boost|p2a: Comfey|atk|1\n|-boost|p2a: Comfey|spa|1\n|move|p1a: Goodra|Earthquake|p2a: Comfey\n|-damage|p2a: Comfey|26/100\n|\n|upkeep\n|turn|18\n|\n|t:|1771264381\n|move|p2a: Comfey|Synthesis|p2a: Comfey\n|-heal|p2a: Comfey|76/100\n|move|p1a: Goodra|Earthquake|p2a: Comfey\n|-damage|p2a: Comfey|44/100\n|\n|upkeep\n|turn|19\n|\n|t:|1771264387\n|move|p2a: Comfey|Synthesis|p2a: Comfey\n|-heal|p2a: Comfey|94/100\n|move|p1a: Goodra|Earthquake|p2a: Comfey\n|-damage|p2a: Comfey|66/100\n|\n|upkeep\n|turn|20\n|\n|t:|1771264390\n|move|p2a: Comfey|Draining Kiss|p1a: Goodra\n|-damage|p1a: Goodra|49/100\n|-heal|p2a: Comfey|81/100|[from] drain|[of] p1a: Goodra\n|move|p1a: Goodra|Earthquake|p2a: Comfey\n|-damage|p2a: Comfey|49/100\n|\n|upkeep\n|turn|21\n|\n|t:|1771264395\n|move|p2a: Comfey|Synthesis|p2a: Comfey\n|-heal|p2a: Comfey|99/100\n|move|p1a: Goodra|Earthquake|p2a: Comfey\n|-damage|p2a: Comfey|70/100\n|\n|upkeep\n|turn|22\n|\n|t:|1771264398\n|move|p2a: Comfey|Draining Kiss|p1a: Goodra\n|-damage|p1a: Goodra|32/100\n|-heal|p2a: Comfey|85/100|[from] drain|[of] p1a: Goodra\n|move|p1a: Goodra|Earthquake|p2a: Comfey\n|-damage|p2a: Comfey|54/100\n|\n|upkeep\n|turn|23\n|\n|t:|1771264404\n|move|p2a: Comfey|Draining Kiss|p1a: Goodra\n|-damage|p1a: Goodra|12/100\n|-heal|p2a: Comfey|71/100|[from] drain|[of] p1a: Goodra\n|move|p1a: Goodra|Earthquake|p2a: Comfey\n|-damage|p2a: Comfey|40/100\n|\n|upkeep\n|turn|24\n|\n|t:|1771264408\n|move|p2a: Comfey|Synthesis|p2a: Comfey\n|-heal|p2a: Comfey|90/100\n|move|p1a: Goodra|Earthquake|p2a: Comfey\n|-damage|p2a: Comfey|59/100\n|\n|upkeep\n|turn|25\n|\n|t:|1771264412\n|move|p2a: Comfey|Synthesis|p2a: Comfey\n|-heal|p2a: Comfey|100/100\n|move|p1a: Goodra|Earthquake|p2a: Comfey\n|-damage|p2a: Comfey|71/100\n|\n|upkeep\n|turn|26\n|\n|t:|1771264414\n|move|p2a: Comfey|Draining Kiss|p1a: Goodra\n|-damage|p1a: Goodra|0 fnt\n|-heal|p2a: Comfey|81/100|[from] drain|[of] p1a: Goodra\n|faint|p1a: Goodra\n|\n|upkeep\n|-message|dracula drip forfeited.\n|\n|win|theonReekGreyjoy93\n|raw|dracula drip's rating: 1590 &rarr; <strong>1573</strong><br />(-17 for losing)\n|raw|theonReekGreyjoy93's rating: 1637 &rarr; <strong>1654</strong><br />(+17 for winning)\n|l|☆dracula drip\n|player|p1|\n", "uploadtime": 1771264654, "views": 5, "formatid": "gen9ou", "rating": 1573, "private": 0, "password": null}