{"id": "gen9ou-2647800852", "format": "[Gen 9] OU", "players": ["gvgvjvfcgv", "longjello"], "log": "|j|☆gvgvjvfcgv\n|j|☆longjello\n|t:|1783814961\n|gametype|singles\n|player|p1|gvgvjvfcgv|102|1346\n|player|p2|longjello|169|1386\n|gen|9\n|tier|[Gen 9] OU\n|rated|\n|rule|HP Percentage Mod: HP is shown in percentages\n|rule|Endless Battle Clause: Forcing endless battles is banned\n|rule|Species Clause: Limit one of each Pokémon\n|rule|OHKO Clause: OHKO moves are banned\n|rule|Evasion Items Clause: Evasion items are banned\n|rule|Evasion Moves Clause: Evasion moves are banned\n|rule|Evasion Abilities Clause: Evasion abilities are banned\n|rule|Sleep Moves Clause: Sleep-inducing moves are banned\n|clearpoke\n|poke|p1|Dragonite, F|\n|poke|p1|Clefable, M|\n|poke|p1|Moltres|\n|poke|p1|Gengar, M|\n|poke|p1|Heracross, M|\n|poke|p1|Donphan, M|\n|poke|p2|Garganacl, M|\n|poke|p2|Gliscor, F|\n|poke|p2|Cinderace, F|\n|poke|p2|Alomomola, F|\n|poke|p2|Salazzle, F|\n|poke|p2|Slowking-Galar, F|\n|teampreview\n|inactive|Battle timer is ON: inactive players will automatically lose when time's up. (requested by gvgvjvfcgv)\n|inactive|longjello has 120 seconds left.\n|\n|t:|1783815013\n|teamsize|p1|6\n|teamsize|p2|6\n|start\n|switch|p1a: Donphan|Donphan, M|100/100\n|switch|p2a: Salazzle|Salazzle, F|100/100\n|turn|1\n|\n|t:|1783815027\n|move|p2a: Salazzle|Substitute|p2a: Salazzle\n|-start|p2a: Salazzle|Substitute\n|-damage|p2a: Salazzle|76/100\n|move|p1a: Donphan|Earthquake|p2a: Salazzle\n|-supereffective|p2a: Salazzle\n|-end|p2a: Salazzle|Substitute\n|\n|-heal|p2a: Salazzle|82/100|[from] item: Leftovers\n|upkeep\n|turn|2\n|\n|t:|1783815045\n|move|p2a: Salazzle|Substitute|p2a: Salazzle\n|-start|p2a: Salazzle|Substitute\n|-damage|p2a: Salazzle|57/100\n|move|p1a: Donphan|Earthquake|p2a: Salazzle\n|-supereffective|p2a: Salazzle\n|-end|p2a: Salazzle|Substitute\n|\n|-heal|p2a: Salazzle|63/100|[from] item: Leftovers\n|upkeep\n|turn|3\n|\n|t:|1783815057\n|move|p2a: Salazzle|Protect|p2a: Salazzle\n|-singleturn|p2a: Salazzle|Protect\n|move|p1a: Donphan|Earthquake|p2a: Salazzle\n|-activate|p2a: Salazzle|move: Protect\n|\n|-heal|p2a: Salazzle|70/100|[from] item: Leftovers\n|upkeep\n|turn|4\n|\n|t:|1783815071\n|switch|p2a: Gliscor|Gliscor, F|100/100\n|move|p1a: Donphan|Earthquake|p2a: Gliscor\n|-immune|p2a: Gliscor\n|\n|-status|p2a: Gliscor|tox|[from] item: Toxic Orb\n|upkeep\n|turn|5\n|\n|t:|1783815079\n|switch|p2a: Alomomola|Alomomola, F|100/100\n|move|p1a: Donphan|Ice Spinner|p2a: Alomomola\n|-resisted|p2a: Alomomola\n|-damage|p2a: Alomomola|92/100\n|-damage|p1a: Donphan|84/100|[from] item: Rocky Helmet|[of] p2a: Alomomola\n|\n|-heal|p1a: Donphan|90/100|[from] item: Leftovers\n|upkeep\n|turn|6\n|\n|t:|1783815095\n|switch|p1a: Heracross|Heracross, M|100/100\n|move|p2a: Alomomola|Wish|p2a: Alomomola\n|\n|-status|p1a: Heracross|brn|[from] item: Flame Orb\n|upkeep\n|turn|7\n|\n|t:|1783815101\n|move|p1a: Heracross|Trailblaze|p2a: Alomomola\n|-supereffective|p2a: Alomomola\n|-damage|p2a: Alomomola|64/100\n|-boost|p1a: Heracross|spe|1\n|-damage|p1a: Heracross|84/100 brn|[from] item: Rocky Helmet|[of] p2a: Alomomola\n|move|p2a: Alomomola|Chilling Water|p1a: Heracross\n|-damage|p1a: Heracross|74/100 brn\n|-unboost|p1a: Heracross|atk|1\n|\n|-heal|p2a: Alomomola|100/100|[from] move: Wish|[wisher] Alomomola\n|-damage|p1a: Heracross|68/100 brn|[from] brn\n|upkeep\n|turn|8\n|\n|t:|1783815113\n|move|p1a: Heracross|Knock Off|p2a: Alomomola\n|-damage|p2a: Alomomola|84/100\n|-damage|p1a: Heracross|51/100 brn|[from] item: Rocky Helmet|[of] p2a: Alomomola\n|-enditem|p2a: Alomomola|Rocky Helmet|[from] move: Knock Off|[of] p1a: Heracross\n|move|p2a: Alomomola|Chilling Water|p1a: Heracross\n|-damage|p1a: Heracross|41/100 brn\n|-unboost|p1a: Heracross|atk|1\n|\n|-damage|p1a: Heracross|35/100 brn|[from] brn\n|upkeep\n|turn|9\n|\n|t:|1783815124\n|switch|p1a: Big bro|Gengar, M|100/100\n|move|p2a: Alomomola|Wish|p2a: Alomomola\n|\n|upkeep\n|turn|10\n|inactive|gvgvjvfcgv has 120 seconds left.\n|\n|t:|1783815157\n|switch|p2a: Slowking|Slowking-Galar, F|100/100\n|move|p1a: Big bro|Trick|p2a: Slowking\n|-activate|p1a: Big bro|move: Trick|[of] p2a: Slowking\n|-item|p2a: Slowking|Choice Scarf|[from] move: Trick\n|-item|p1a: Big bro|Assault Vest|[from] move: Trick\n|\n|upkeep\n|turn|11\n|inactive|longjello has 120 seconds left.\n|\n|t:|1783815188\n|move|p1a: Big bro|Shadow Ball|p2a: Slowking\n|-supereffective|p2a: Slowking\n|-damage|p2a: Slowking|35/100\n|move|p2a: Slowking|Ice Beam|p1a: Big bro\n|-crit|p1a: Big bro\n|-damage|p1a: Big bro|54/100\n|\n|upkeep\n|turn|12\n|\n|t:|1783815196\n|switch|p2a: Garganacl|Garganacl, M|100/100\n|move|p1a: Big bro|Shadow Ball|p2a: Garganacl\n|-damage|p2a: Garganacl|86/100\n|\n|-heal|p2a: Garganacl|92/100|[from] item: Leftovers\n|upkeep\n|turn|13\n|\n|t:|1783815205\n|switch|p1a: Clefable|Clefable, M|100/100\n|move|p2a: Garganacl|Salt Cure|p1a: Clefable\n|-damage|p1a: Clefable|86/100\n|-start|p1a: Clefable|Salt Cure\n|\n|-heal|p1a: Clefable|92/100|[from] item: Leftovers\n|-heal|p2a: Garganacl|98/100|[from] item: Leftovers\n|upkeep\n|turn|14\n|\n|t:|1783815223\n|move|p1a: Clefable|Moonblast|p2a: Garganacl\n|-damage|p2a: Garganacl|79/100\n|move|p2a: Garganacl|Curse|p2a: Garganacl\n|-unboost|p2a: Garganacl|spe|1\n|-boost|p2a: Garganacl|atk|1\n|-boost|p2a: Garganacl|def|1\n|\n|-heal|p1a: Clefable|98/100|[from] item: Leftovers\n|-heal|p2a: Garganacl|85/100|[from] item: Leftovers\n|upkeep\n|turn|15\n|\n|t:|1783815235\n|move|p1a: Clefable|Calm Mind|p1a: Clefable\n|-boost|p1a: Clefable|spa|1\n|-boost|p1a: Clefable|spd|1\n|move|p2a: Garganacl|Curse|p2a: Garganacl\n|-unboost|p2a: Garganacl|spe|1\n|-boost|p2a: Garganacl|atk|1\n|-boost|p2a: Garganacl|def|1\n|\n|-heal|p1a: Clefable|100/100|[from] item: Leftovers\n|-heal|p2a: Garganacl|92/100|[from] item: Leftovers\n|upkeep\n|turn|16\n|\n|t:|1783815244\n|switch|p2a: Salazzle|Salazzle, F|70/100\n|move|p1a: Clefable|Calm Mind|p1a: Clefable\n|-boost|p1a: Clefable|spa|1\n|-boost|p1a: Clefable|spd|1\n|\n|-heal|p2a: Salazzle|76/100|[from] item: Leftovers\n|upkeep\n|turn|17\n|\n|t:|1783815252\n|switch|p1a: Donphan|Donphan, M|90/100\n|move|p2a: Salazzle|Encore||[still]\n|-fail|p2a: Salazzle\n|\n|-heal|p2a: Salazzle|82/100|[from] item: Leftovers\n|-heal|p1a: Donphan|96/100|[from] item: Leftovers\n|upkeep\n|turn|18\n|\n|t:|1783815259\n|switch|p2a: Alomomola|Alomomola, F|100/100\n|move|p1a: Donphan|Earthquake|p2a: Alomomola\n|-damage|p2a: Alomomola|71/100\n|\n|-heal|p1a: Donphan|100/100|[from] item: Leftovers\n|upkeep\n|turn|19\n|\n|t:|1783815268\n|move|p1a: Donphan|Stealth Rock|p2a: Alomomola\n|-sidestart|p2: longjello|move: Stealth Rock\n|move|p2a: Alomomola|Body Slam|p1a: Donphan\n|-damage|p1a: Donphan|88/100\n|\n|-heal|p1a: Donphan|94/100|[from] item: Leftovers\n|upkeep\n|turn|20\n|\n|t:|1783815277\n|move|p1a: Donphan|Earthquake|p2a: Alomomola\n|-damage|p2a: Alomomola|41/100\n|move|p2a: Alomomola|Flip Turn|p1a: Donphan\n|-supereffective|p1a: Donphan\n|-damage|p1a: Donphan|70/100\n|\n|t:|1783815283\n|switch|p2a: Cinderace|Cinderace, F|100/100|[from] Flip Turn\n|\n|-heal|p1a: Donphan|76/100|[from] item: Leftovers\n|upkeep\n|turn|21\n|\n|t:|1783815293\n|switch|p1a: Moltres|Moltres|100/100\n|move|p2a: Cinderace|U-turn|p1a: Moltres\n|-start|p2a: Cinderace|typechange|Bug|[from] ability: Libero\n|-resisted|p1a: Moltres\n|-damage|p1a: Moltres|95/100\n|\n|t:|1783815300\n|switch|p2a: Garganacl|Garganacl, M|92/100|[from] U-turn\n|-damage|p2a: Garganacl|79/100|[from] Stealth Rock\n|\n|-heal|p2a: Garganacl|85/100|[from] item: Leftovers\n|upkeep\n|turn|22\n|\n|t:|1783815326\n|switch|p1a: Heracross|Heracross, M|35/100 brn\n|move|p2a: Garganacl|Stealth Rock|p1a: Heracross\n|-sidestart|p1: gvgvjvfcgv|move: Stealth Rock\n|\n|-heal|p2a: Garganacl|92/100|[from] item: Leftovers\n|-damage|p1a: Heracross|29/100 brn|[from] brn\n|upkeep\n|turn|23\n|\n|t:|1783815336\n|switch|p2a: Gliscor|Gliscor, F|100/100 tox\n|-damage|p2a: Gliscor|88/100 tox|[from] Stealth Rock\n|move|p1a: Heracross|Close Combat|p2a: Gliscor\n|-resisted|p2a: Gliscor\n|-damage|p2a: Gliscor|58/100 tox\n|-unboost|p1a: Heracross|def|1\n|-unboost|p1a: Heracross|spd|1\n|\n|-heal|p2a: Gliscor|70/100 tox|[from] ability: Poison Heal\n|-damage|p1a: Heracross|23/100 brn|[from] brn\n|upkeep\n|turn|24\n|\n|t:|1783815350\n|switch|p1a: Donphan|Donphan, M|76/100\n|-damage|p1a: Donphan|70/100|[from] Stealth Rock\n|move|p2a: Gliscor|Protect||[still]\n|-fail|p2a: Gliscor\n|\n|-heal|p1a: Donphan|76/100|[from] item: Leftovers\n|-heal|p2a: Gliscor|83/100 tox|[from] ability: Poison Heal\n|upkeep\n|turn|25\n|\n|t:|1783815361\n|move|p2a: Gliscor|Substitute|p2a: Gliscor\n|-start|p2a: Gliscor|Substitute\n|-damage|p2a: Gliscor|58/100 tox\n|move|p1a: Donphan|Earthquake|p2a: Gliscor\n|-immune|p2a: Gliscor\n|\n|-heal|p1a: Donphan|82/100|[from] item: Leftovers\n|-heal|p2a: Gliscor|70/100 tox|[from] ability: Poison Heal\n|upkeep\n|turn|26\n|\n|t:|1783815374\n|move|p2a: Gliscor|Knock Off|p1a: Donphan\n|-damage|p1a: Donphan|67/100\n|-enditem|p1a: Donphan|Leftovers|[from] move: Knock Off|[of] p2a: Gliscor\n|move|p1a: Donphan|Ice Spinner|p2a: Gliscor\n|-supereffective|p2a: Gliscor\n|-end|p2a: Gliscor|Substitute\n|\n|-heal|p2a: Gliscor|83/100 tox|[from] ability: Poison Heal\n|upkeep\n|turn|27\n|\n|t:|1783815384\n|move|p2a: Gliscor|Protect|p2a: Gliscor\n|-singleturn|p2a: Gliscor|Protect\n|move|p1a: Donphan|Ice Spinner|p2a: Gliscor\n|-activate|p2a: Gliscor|move: Protect\n|\n|-heal|p2a: Gliscor|95/100 tox|[from] ability: Poison Heal\n|upkeep\n|turn|28\n|\n|t:|1783815391\n|switch|p2a: Alomomola|Alomomola, F|75/100\n|-damage|p2a: Alomomola|62/100|[from] Stealth Rock\n|move|p1a: Donphan|Rapid Spin|p2a: Alomomola\n|-damage|p2a: Alomomola|52/100\n|-boost|p1a: Donphan|spe|1\n|-sideend|p1: gvgvjvfcgv|Stealth Rock|[from] move: Rapid Spin|[of] p1a: Donphan\n|\n|upkeep\n|turn|29\n|\n|t:|1783815402\n|move|p1a: Donphan|Earthquake|p2a: Alomomola\n|-crit|p2a: Alomomola\n|-damage|p2a: Alomomola|8/100\n|move|p2a: Alomomola|Flip Turn|p1a: Donphan\n|-supereffective|p1a: Donphan\n|-damage|p1a: Donphan|41/100\n|\n|t:|1783815408\n|switch|p2a: Cinderace|Cinderace, F|100/100|[from] Flip Turn\n|\n|upkeep\n|turn|30\n|\n|t:|1783815412\n|move|p2a: Cinderace|Court Change|p2a: Cinderace\n|-start|p2a: Cinderace|typechange|Normal|[from] ability: Libero\n|-swapsideconditions\n|-activate|p2a: Cinderace|move: Court Change\n|move|p1a: Donphan|Earthquake|p2a: Cinderace\n|-damage|p2a: Cinderace|17/100\n|\n|upkeep\n|turn|31\n|\n|t:|1783815420\n|switch|p1a: Moltres|Moltres|95/100\n|move|p2a: Cinderace|U-turn|p1a: Moltres\n|-resisted|p1a: Moltres\n|-crit|p1a: Moltres\n|-damage|p1a: Moltres|89/100\n|\n|t:|1783815425\n|switch|p2a: Alomomola|Alomomola, F|41/100|[from] U-turn\n|\n|upkeep\n|turn|32\n|\n|t:|1783815429\n|move|p1a: Moltres|Will-O-Wisp|p2a: Alomomola|[miss]\n|-miss|p1a: Moltres|p2a: Alomomola\n|move|p2a: Alomomola|Wish|p2a: Alomomola\n|\n|upkeep\n|turn|33\n|\n|t:|1783815434\n|move|p1a: Moltres|Will-O-Wisp|p2a: Alomomola\n|-status|p2a: Alomomola|brn\n|move|p2a: Alomomola|Flip Turn|p1a: Moltres\n|-supereffective|p1a: Moltres\n|-damage|p1a: Moltres|77/100\n|\n|t:|1783815440\n|switch|p2a: Cinderace|Cinderace, F|17/100|[from] Flip Turn\n|\n|-heal|p2a: Cinderace|100/100|[from] move: Wish|[wisher] Alomomola\n|upkeep\n|turn|34\n|\n|t:|1783815447\n|switch|p2a: Alomomola|Alomomola, F|74/100 brn\n|move|p1a: Moltres|Flamethrower|p2a: Alomomola\n|-resisted|p2a: Alomomola\n|-damage|p2a: Alomomola|52/100 brn\n|\n|-damage|p2a: Alomomola|46/100 brn|[from] brn\n|upkeep\n|turn|35\n|\n|t:|1783815454\n|switch|p2a: Slowking|Slowking-Galar, F|68/100\n|move|p1a: Moltres|Flamethrower|p2a: Slowking\n|-damage|p2a: Slowking|40/100\n|\n|upkeep\n|turn|36\n|\n|t:|1783815463\n|switch|p2a: Garganacl|Garganacl, M|92/100\n|move|p1a: Moltres|Flamethrower|p2a: Garganacl\n|-resisted|p2a: Garganacl\n|-damage|p2a: Garganacl|80/100\n|\n|-heal|p2a: Garganacl|86/100|[from] item: Leftovers\n|upkeep\n|turn|37\n|\n|t:|1783815474\n|switch|p1a: Donphan|Donphan, M|41/100\n|-damage|p1a: Donphan|35/100|[from] Stealth Rock\n|switch|p2a: Slowking|Slowking-Galar, F|73/100\n|\n|upkeep\n|turn|38\n|\n|t:|1783815481\n|switch|p2a: Alomomola|Alomomola, F|79/100 brn\n|move|p1a: Donphan|Ice Spinner|p2a: Alomomola\n|-resisted|p2a: Alomomola\n|-damage|p2a: Alomomola|71/100 brn\n|\n|-damage|p2a: Alomomola|65/100 brn|[from] brn\n|upkeep\n|turn|39\n|\n|t:|1783815490\n|move|p1a: Donphan|Stealth Rock|p2a: Alomomola\n|-sidestart|p2: longjello|move: Stealth Rock\n|move|p2a: Alomomola|Chilling Water|p1a: Donphan\n|-supereffective|p1a: Donphan\n|-damage|p1a: Donphan|11/100\n|-unboost|p1a: Donphan|atk|1\n|\n|-damage|p2a: Alomomola|59/100 brn|[from] brn\n|upkeep\n|turn|40\n|\n|t:|1783815501\n|move|p1a: Donphan|Rapid Spin|p2a: Alomomola\n|-damage|p2a: Alomomola|52/100 brn\n|-boost|p1a: Donphan|spe|1\n|-sideend|p1: gvgvjvfcgv|Stealth Rock|[from] move: Rapid Spin|[of] p1a: Donphan\n|move|p2a: Alomomola|Wish|p2a: Alomomola\n|\n|-damage|p2a: Alomomola|46/100 brn|[from] brn\n|upkeep\n|turn|41\n|\n|t:|1783815508\n|move|p1a: Donphan|Earthquake|p2a: Alomomola\n|-damage|p2a: Alomomola|28/100 brn\n|move|p2a: Alomomola|Flip Turn|p1a: Donphan\n|-supereffective|p1a: Donphan\n|-damage|p1a: Donphan|0 fnt\n|faint|p1a: Donphan\n|\n|t:|1783815515\n|switch|p2a: Garganacl|Garganacl, M|86/100|[from] Flip Turn\n|-damage|p2a: Garganacl|74/100|[from] Stealth Rock\n|\n|-heal|p2a: Garganacl|100/100|[from] move: Wish|[wisher] Alomomola\n|upkeep\n|\n|t:|1783815522\n|switch|p1a: Heracross|Heracross, M|23/100 brn\n|turn|42\n|\n|t:|1783815532\n|switch|p2a: Gliscor|Gliscor, F|95/100 tox\n|-damage|p2a: Gliscor|83/100 tox|[from] Stealth Rock\n|move|p1a: Heracross|Close Combat|p2a: Gliscor\n|-resisted|p2a: Gliscor\n|-damage|p2a: Gliscor|54/100 tox\n|-unboost|p1a: Heracross|def|1\n|-unboost|p1a: Heracross|spd|1\n|\n|-heal|p2a: Gliscor|66/100 tox|[from] ability: Poison Heal\n|-damage|p1a: Heracross|17/100 brn|[from] brn\n|upkeep\n|turn|43\n|inactive|gvgvjvfcgv has 120 seconds left.\n|\n|t:|1783815564\n|-terastallize|p1a: Heracross|Normal\n|move|p2a: Gliscor|Protect|p2a: Gliscor\n|-singleturn|p2a: Gliscor|Protect\n|move|p1a: Heracross|Facade|p2a: Gliscor\n|-activate|p2a: Gliscor|move: Protect\n|\n|-heal|p2a: Gliscor|79/100 tox|[from] ability: Poison Heal\n|-damage|p1a: Heracross|11/100 brn|[from] brn\n|upkeep\n|turn|44\n|inactive|gvgvjvfcgv has 120 seconds left.\n|\n|t:|1783815581\n|move|p1a: Heracross|Facade|p2a: Gliscor\n|-damage|p2a: Gliscor|5/100 tox\n|move|p2a: Gliscor|Earthquake|p1a: Heracross\n|-damage|p1a: Heracross|0 fnt\n|faint|p1a: Heracross\n|\n|-heal|p2a: Gliscor|17/100 tox|[from] ability: Poison Heal\n|upkeep\n|inactive|gvgvjvfcgv has 120 seconds left.\n|\n|t:|1783815595\n|switch|p1a: Dragonite|Dragonite, F|100/100\n|turn|45\n|\n|t:|1783815599\n|switch|p2a: Garganacl|Garganacl, M|100/100\n|-damage|p2a: Garganacl|88/100|[from] Stealth Rock\n|move|p1a: Dragonite|Dragon Dance|p1a: Dragonite\n|-boost|p1a: Dragonite|atk|1\n|-boost|p1a: Dragonite|spe|1\n|\n|-heal|p2a: Garganacl|94/100|[from] item: Leftovers\n|upkeep\n|turn|46\n|inactive|gvgvjvfcgv has 120 seconds left.\n|\n|t:|1783815615\n|-terastallize|p2a: Garganacl|Ghost\n|move|p1a: Dragonite|Earthquake|p2a: Garganacl\n|-damage|p2a: Garganacl|57/100\n|move|p2a: Garganacl|Salt Cure|p1a: Dragonite\n|-supereffective|p1a: Dragonite\n|-damage|p1a: Dragonite|86/100\n|-start|p1a: Dragonite|Salt Cure\n|\n|-heal|p2a: Garganacl|63/100|[from] item: Leftovers\n|-damage|p1a: Dragonite|73/100|[from] Salt Cure\n|upkeep\n|turn|47\n|inactive|gvgvjvfcgv has 120 seconds left.\n|\n|t:|1783815626\n|move|p1a: Dragonite|Earthquake|p2a: Garganacl\n|-damage|p2a: Garganacl|25/100\n|move|p2a: Garganacl|Curse|p1a: Dragonite\n|-start|p1a: Dragonite|Curse|[of] p2a: Garganacl\n|-damage|p2a: Garganacl|0 fnt\n|faint|p2a: Garganacl\n|\n|-damage|p1a: Dragonite|48/100|[from] Curse\n|-damage|p1a: Dragonite|36/100|[from] Salt Cure\n|upkeep\n|\n|t:|1783815642\n|switch|p2a: Gliscor|Gliscor, F|17/100 tox\n|-damage|p2a: Gliscor|5/100 tox|[from] Stealth Rock\n|turn|48\n|\n|t:|1783815648\n|move|p2a: Gliscor|Protect|p2a: Gliscor\n|-singleturn|p2a: Gliscor|Protect\n|move|p1a: Dragonite|Dragon Dance|p1a: Dragonite\n|-boost|p1a: Dragonite|atk|1\n|-boost|p1a: Dragonite|spe|1\n|\n|-heal|p2a: Gliscor|17/100 tox|[from] ability: Poison Heal\n|-damage|p1a: Dragonite|11/100|[from] Curse\n|-damage|p1a: Dragonite|0 fnt|[from] Salt Cure\n|faint|p1a: Dragonite\n|upkeep\n|\n|t:|1783815658\n|switch|p1a: Big bro|Gengar, M|54/100\n|turn|49\n|\n|t:|1783815664\n|switch|p2a: Slowking|Slowking-Galar, F|100/100\n|-damage|p2a: Slowking|88/100|[from] Stealth Rock\n|move|p1a: Big bro|Shadow Ball|p2a: Slowking\n|-supereffective|p2a: Slowking\n|-damage|p2a: Slowking|15/100\n|\n|upkeep\n|turn|50\n|\n|t:|1783815671\n|move|p1a: Big bro|Shadow Ball|p2a: Slowking\n|-supereffective|p2a: Slowking\n|-damage|p2a: Slowking|0 fnt\n|faint|p2a: Slowking\n|\n|upkeep\n|\n|t:|1783815677\n|switch|p2a: Cinderace|Cinderace, F|100/100\n|turn|51\n|\n|t:|1783815681\n|switch|p1a: Moltres|Moltres|77/100\n|move|p2a: Cinderace|Sucker Punch||[still]\n|-fail|p2a: Cinderace\n|\n|upkeep\n|turn|52\n|\n|t:|1783815690\n|move|p2a: Cinderace|Court Change|p2a: Cinderace\n|-start|p2a: Cinderace|typechange|Normal|[from] ability: Libero\n|-swapsideconditions\n|-activate|p2a: Cinderace|move: Court Change\n|move|p1a: Moltres|Flamethrower|p2a: Cinderace\n|-damage|p2a: Cinderace|42/100\n|\n|upkeep\n|turn|53\n|\n|t:|1783815698\n|switch|p2a: Salazzle|Salazzle, F|82/100\n|move|p1a: Moltres|Flamethrower|p2a: Salazzle\n|-resisted|p2a: Salazzle\n|-damage|p2a: Salazzle|55/100\n|\n|-heal|p2a: Salazzle|61/100|[from] item: Leftovers\n|upkeep\n|turn|54\n|\n|t:|1783815710\n|move|p2a: Salazzle|Substitute|p2a: Salazzle\n|-start|p2a: Salazzle|Substitute\n|-damage|p2a: Salazzle|36/100\n|move|p1a: Moltres|Flamethrower|p2a: Salazzle\n|-resisted|p2a: Salazzle\n|-end|p2a: Salazzle|Substitute\n|\n|-heal|p2a: Salazzle|42/100|[from] item: Leftovers\n|upkeep\n|turn|55\n|\n|t:|1783815717\n|move|p2a: Salazzle|Toxic|p1a: Moltres\n|-status|p1a: Moltres|tox\n|move|p1a: Moltres|Flamethrower|p2a: Salazzle\n|-resisted|p2a: Salazzle\n|-damage|p2a: Salazzle|12/100\n|\n|-heal|p2a: Salazzle|18/100|[from] item: Leftovers\n|-damage|p1a: Moltres|71/100 tox|[from] psn\n|upkeep\n|turn|56\n|\n|t:|1783815725\n|move|p2a: Salazzle|Protect|p2a: Salazzle\n|-singleturn|p2a: Salazzle|Protect\n|move|p1a: Moltres|Flamethrower|p2a: Salazzle\n|-activate|p2a: Salazzle|move: Protect\n|\n|-heal|p2a: Salazzle|25/100|[from] item: Leftovers\n|-damage|p1a: Moltres|59/100 tox|[from] psn\n|upkeep\n|turn|57\n|\n|t:|1783815734\n|switch|p2a: Cinderace|Cinderace, F|42/100\n|move|p1a: Moltres|Flamethrower|p2a: Cinderace\n|-resisted|p2a: Cinderace\n|-damage|p2a: Cinderace|15/100\n|\n|-damage|p1a: Moltres|40/100 tox|[from] psn\n|upkeep\n|turn|58\n|\n|t:|1783815743\n|switch|p2a: Alomomola|Alomomola, F|62/100 brn\n|move|p1a: Moltres|Flamethrower|p2a: Alomomola\n|-resisted|p2a: Alomomola\n|-damage|p2a: Alomomola|40/100 brn\n|\n|-damage|p1a: Moltres|15/100 tox|[from] psn\n|-damage|p2a: Alomomola|33/100 brn|[from] brn\n|upkeep\n|turn|59\n|\n|t:|1783815755\n|move|p1a: Moltres|Flamethrower|p2a: Alomomola\n|-resisted|p2a: Alomomola\n|-damage|p2a: Alomomola|9/100 brn\n|move|p2a: Alomomola|Wish|p2a: Alomomola\n|\n|-damage|p1a: Moltres|0 fnt|[from] psn\n|faint|p1a: Moltres\n|-damage|p2a: Alomomola|3/100 brn|[from] brn\n|upkeep\n|\n|t:|1783815765\n|switch|p1a: Big bro|Gengar, M|54/100\n|-damage|p1a: Big bro|42/100|[from] Stealth Rock\n|turn|60\n|\n|t:|1783815770\n|move|p1a: Big bro|Shadow Ball|p2a: Alomomola\n|-damage|p2a: Alomomola|0 fnt\n|faint|p2a: Alomomola\n|\n|upkeep\n|\n|t:|1783815774\n|switch|p2a: Cinderace|Cinderace, F|15/100\n|turn|61\n|\n|t:|1783815780\n|move|p2a: Cinderace|Pyro Ball|p1a: Big bro\n|-damage|p1a: Big bro|0 fnt\n|-start|p2a: Cinderace|Disable|Pyro Ball|[from] ability: Cursed Body|[of] p1a: Big bro\n|faint|p1a: Big bro\n|\n|upkeep\n|\n|t:|1783815787\n|switch|p1a: Clefable|Clefable, M|100/100\n|turn|62\n|\n|t:|1783815808\n|switch|p2a: Salazzle|Salazzle, F|25/100\n|move|p1a: Clefable|Moonblast|p2a: Salazzle\n|-resisted|p2a: Salazzle\n|-damage|p2a: Salazzle|13/100\n|\n|-heal|p2a: Salazzle|19/100|[from] item: Leftovers\n|upkeep\n|turn|63\n|\n|t:|1783815820\n|move|p2a: Salazzle|Protect|p2a: Salazzle\n|-singleturn|p2a: Salazzle|Protect\n|move|p1a: Clefable|Moonblast|p2a: Salazzle\n|-activate|p2a: Salazzle|move: Protect\n|\n|-heal|p2a: Salazzle|25/100|[from] item: Leftovers\n|upkeep\n|turn|64\n|\n|t:|1783815829\n|move|p2a: Salazzle|Substitute|p2a: Salazzle\n|-fail|p2a: Salazzle|move: Substitute|[weak]\n|move|p1a: Clefable|Moonblast|p2a: Salazzle\n|-resisted|p2a: Salazzle\n|-damage|p2a: Salazzle|14/100\n|-unboost|p2a: Salazzle|spa|1\n|\n|-heal|p2a: Salazzle|20/100|[from] item: Leftovers\n|upkeep\n|turn|65\n|\n|t:|1783815840\n|move|p2a: Salazzle|Protect|p2a: Salazzle\n|-singleturn|p2a: Salazzle|Protect\n|move|p1a: Clefable|Thunder Wave|p2a: Salazzle\n|-activate|p2a: Salazzle|move: Protect\n|\n|-heal|p2a: Salazzle|26/100|[from] item: Leftovers\n|upkeep\n|turn|66\n|\n|t:|1783815848\n|move|p2a: Salazzle|Substitute|p2a: Salazzle\n|-start|p2a: Salazzle|Substitute\n|-damage|p2a: Salazzle|1/100\n|move|p1a: Clefable|Thunder Wave||[still]\n|-fail|p1a: Clefable\n|\n|-heal|p2a: Salazzle|8/100|[from] item: Leftovers\n|upkeep\n|turn|67\n|\n|t:|1783815855\n|move|p2a: Salazzle|Encore|p1a: Clefable\n|-start|p1a: Clefable|Encore\n|move|p1a: Clefable|Thunder Wave||[still]\n|-fail|p1a: Clefable\n|\n|-heal|p2a: Salazzle|14/100|[from] item: Leftovers\n|upkeep\n|turn|68\n|\n|t:|1783815862\n|move|p2a: Salazzle|Toxic|p1a: Clefable\n|-status|p1a: Clefable|tox\n|move|p1a: Clefable|Thunder Wave||[still]\n|-fail|p1a: Clefable\n|\n|-heal|p2a: Salazzle|20/100|[from] item: Leftovers\n|upkeep\n|turn|69\n|\n|t:|1783815868\n|move|p2a: Salazzle|Toxic|p1a: Clefable\n|-fail|p1a: Clefable|tox\n|move|p1a: Clefable|Thunder Wave||[still]\n|-fail|p1a: Clefable\n|\n|-heal|p2a: Salazzle|26/100|[from] item: Leftovers\n|-end|p1a: Clefable|Encore\n|upkeep\n|turn|70\n|\n|t:|1783815880\n|move|p2a: Salazzle|Encore|p1a: Clefable\n|-start|p1a: Clefable|Encore\n|move|p1a: Clefable|Thunder Wave||[still]\n|-fail|p1a: Clefable\n|\n|-heal|p2a: Salazzle|32/100|[from] item: Leftovers\n|upkeep\n|turn|71\n|\n|t:|1783815887\n|move|p2a: Salazzle|Toxic|p1a: Clefable\n|-fail|p1a: Clefable|tox\n|move|p1a: Clefable|Thunder Wave||[still]\n|-fail|p1a: Clefable\n|\n|-heal|p2a: Salazzle|39/100|[from] item: Leftovers\n|upkeep\n|turn|72\n|\n|t:|1783815895\n|move|p2a: Salazzle|Toxic|p1a: Clefable\n|-fail|p1a: Clefable|tox\n|move|p1a: Clefable|Thunder Wave||[still]\n|-fail|p1a: Clefable\n|\n|-heal|p2a: Salazzle|45/100|[from] item: Leftovers\n|-end|p1a: Clefable|Encore\n|upkeep\n|turn|73\n|\n|t:|1783815904\n|move|p2a: Salazzle|Toxic|p1a: Clefable\n|-fail|p1a: Clefable|tox\n|move|p1a: Clefable|Calm Mind|p1a: Clefable\n|-boost|p1a: Clefable|spa|1\n|-boost|p1a: Clefable|spd|1\n|\n|-heal|p2a: Salazzle|51/100|[from] item: Leftovers\n|upkeep\n|turn|74\n|\n|t:|1783815913\n|move|p2a: Salazzle|Encore|p1a: Clefable\n|-start|p1a: Clefable|Encore\n|move|p1a: Clefable|Calm Mind|p1a: Clefable\n|-boost|p1a: Clefable|spa|1\n|-boost|p1a: Clefable|spd|1\n|\n|-heal|p2a: Salazzle|57/100|[from] item: Leftovers\n|upkeep\n|turn|75\n|\n|t:|1783815920\n|switch|p2a: Cinderace|Cinderace, F|15/100\n|move|p1a: Clefable|Calm Mind|p1a: Clefable\n|-boost|p1a: Clefable|spa|1\n|-boost|p1a: Clefable|spd|1\n|\n|upkeep\n|turn|76\n|\n|t:|1783815926\n|move|p2a: Cinderace|Pyro Ball|p1a: Clefable|[miss]\n|-miss|p2a: Cinderace|p1a: Clefable\n|move|p1a: Clefable|Calm Mind|p1a: Clefable\n|-boost|p1a: Clefable|spa|1\n|-boost|p1a: Clefable|spd|1\n|\n|-end|p1a: Clefable|Encore\n|upkeep\n|turn|77\n|c|☆longjello|uh oh\n|\n|t:|1783815934\n|move|p2a: Cinderace|U-turn|p1a: Clefable\n|-start|p2a: Cinderace|typechange|Bug|[from] ability: Libero\n|-resisted|p1a: Clefable\n|-damage|p1a: Clefable|81/100 tox\n|\n|t:|1783815938\n|switch|p2a: Salazzle|Salazzle, F|57/100|[from] U-turn\n|move|p1a: Clefable|Moonblast|p2a: Salazzle\n|-resisted|p2a: Salazzle\n|-damage|p2a: Salazzle|21/100\n|-unboost|p2a: Salazzle|spa|1\n|\n|-heal|p2a: Salazzle|27/100|[from] item: Leftovers\n|-heal|p1a: Clefable|88/100 tox|[from] item: Leftovers\n|upkeep\n|turn|78\n|\n|t:|1783815949\n|move|p2a: Salazzle|Encore|p1a: Clefable\n|-start|p1a: Clefable|Encore\n|move|p1a: Clefable|Moonblast|p2a: Salazzle\n|-resisted|p2a: Salazzle\n|-damage|p2a: Salazzle|0 fnt\n|faint|p2a: Salazzle\n|\n|-heal|p1a: Clefable|94/100 tox|[from] item: Leftovers\n|upkeep\n|-message|longjello forfeited.\n|\n|win|gvgvjvfcgv\n|raw|gvgvjvfcgv's rating: 1346 &rarr; <strong>1368</strong><br />(+22 for winning)\n|raw|longjello's rating: 1386 &rarr; <strong>1364</strong><br />(-22 for losing)\n|l|☆longjello\n|player|p2|\n|l|☆gvgvjvfcgv\n|player|p1|\n", "uploadtime": 1783816222, "views": 5, "formatid": "gen9ou", "rating": 1364, "private": 0, "password": null}