{"id": "gen9ou-2639199837", "format": "[Gen 9] OU", "players": ["god_of_the_nw", "thepeakmons"], "log": "|j|☆god_of_the_nw\n|j|☆thepeakmons\n|t:|1782433019\n|gametype|singles\n|player|p1|god_of_the_nw|steven|1139\n|player|p2|thepeakmons|101|1176\n|gen|9\n|tier|[Gen 9] OU\n|rated|\n|rule|HP Percentage Mod: HP is shown in percentages\n|rule|Endless Battle Clause: Forcing endless battles is banned\n|rule|Species Clause: Limit one of each Pokémon\n|rule|OHKO Clause: OHKO moves are banned\n|rule|Evasion Items Clause: Evasion items are banned\n|rule|Evasion Moves Clause: Evasion moves are banned\n|rule|Evasion Abilities Clause: Evasion abilities are banned\n|rule|Sleep Moves Clause: Sleep-inducing moves are banned\n|clearpoke\n|poke|p1|Incineroar, F|\n|poke|p1|Maushold-Four|\n|poke|p1|Metagross|\n|poke|p1|Pikachu, L1, M|\n|poke|p1|Serperior, F|\n|poke|p1|Spiritomb, M|\n|poke|p2|Dondozo, F|\n|poke|p2|Clodsire, M|\n|poke|p2|Corviknight, F|\n|poke|p2|Slowking-Galar, F|\n|poke|p2|Gholdengo|\n|poke|p2|Garganacl, M|\n|teampreview\n|inactive|Battle timer is ON: inactive players will automatically lose when time's up. (requested by god_of_the_nw)\n|\n|t:|1782433030\n|teamsize|p1|6\n|teamsize|p2|6\n|start\n|switch|p1a: Pikachu|Pikachu, L1, M, shiny|100/100\n|switch|p2a: Clodsire|Clodsire, M|100/100\n|turn|1\n|inactive|thepeakmons also wants the timer to be on.\n|\n|t:|1782433054\n|move|p2a: Clodsire|Earthquake|p1a: Pikachu\n|-supereffective|p1a: Pikachu\n|-enditem|p1a: Pikachu|Focus Sash\n|-damage|p1a: Pikachu|9/100\n|move|p1a: Pikachu|Endeavor|p2a: Clodsire\n|-damage|p2a: Clodsire|1/100\n|\n|upkeep\n|turn|2\n|\n|t:|1782433065\n|move|p1a: Pikachu|Quick Attack|p2a: Clodsire\n|-damage|p2a: Clodsire|0 fnt\n|faint|p2a: Clodsire\n|\n|upkeep\n|\n|t:|1782433076\n|switch|p2a: Gholdengo|Gholdengo|100/100\n|turn|3\n|\n|t:|1782433083\n|switch|p1a: Incineroar|Incineroar, F, shiny|100/100\n|-ability|p1a: Incineroar|Intimidate|boost\n|-unboost|p2a: Gholdengo|atk|1\n|move|p2a: Gholdengo|Make It Rain|p1a: Incineroar\n|-resisted|p1a: Incineroar\n|-damage|p1a: Incineroar|82/100\n|-unboost|p2a: Gholdengo|spa|1\n|\n|upkeep\n|turn|4\n|\n|t:|1782433099\n|switch|p2a: Garganacl|Garganacl, M|100/100\n|move|p1a: Incineroar|Knock Off|p2a: Garganacl\n|-damage|p2a: Garganacl|80/100\n|-enditem|p2a: Garganacl|Leftovers|[from] move: Knock Off|[of] p1a: Incineroar\n|\n|upkeep\n|turn|5\n|\n|t:|1782433112\n|move|p1a: Incineroar|Will-O-Wisp|p2a: Garganacl\n|-immune|p2a: Garganacl|[from] ability: Purifying Salt\n|move|p2a: Garganacl|Salt Cure|p1a: Incineroar\n|-supereffective|p1a: Incineroar\n|-damage|p1a: Incineroar|58/100\n|-start|p1a: Incineroar|Salt Cure\n|\n|-damage|p1a: Incineroar|46/100|[from] Salt Cure\n|upkeep\n|turn|6\n|inactive|thepeakmons has 120 seconds left.\n|\n|t:|1782433130\n|move|p1a: Incineroar|Parting Shot|p2a: Garganacl\n|-unboost|p2a: Garganacl|atk|1\n|-unboost|p2a: Garganacl|spa|1\n|\n|t:|1782433134\n|switch|p1a: Serperior|Serperior, F, shiny|100/100|[from] Parting Shot\n|move|p2a: Garganacl|Salt Cure|p1a: Serperior\n|-damage|p1a: Serperior|89/100\n|-start|p1a: Serperior|Salt Cure\n|\n|-damage|p1a: Serperior|76/100|[from] Salt Cure\n|upkeep\n|turn|7\n|inactive|thepeakmons has 120 seconds left.\n|\n|t:|1782433150\n|switch|p2a: Gholdengo|Gholdengo|100/100\n|move|p1a: Serperior|Glare|p2a: Gholdengo\n|-immune|p2a: Gholdengo|[from] ability: Good as Gold\n|\n|-damage|p1a: Serperior|64/100|[from] Salt Cure\n|upkeep\n|turn|8\n|\n|t:|1782433157\n|switch|p1a: Spiritomb|Spiritomb, M, shiny|100/100\n|move|p2a: Gholdengo|Nasty Plot|p2a: Gholdengo\n|-boost|p2a: Gholdengo|spa|2\n|\n|upkeep\n|turn|9\n|\n|t:|1782433169\n|move|p2a: Gholdengo|Nasty Plot|p2a: Gholdengo\n|-boost|p2a: Gholdengo|spa|2\n|move|p1a: Spiritomb|Foul Play|p2a: Gholdengo\n|-supereffective|p2a: Gholdengo\n|-damage|p2a: Gholdengo|76/100\n|\n|upkeep\n|turn|10\n|\n|t:|1782433181\n|move|p2a: Gholdengo|Make It Rain|p1a: Spiritomb\n|-crit|p1a: Spiritomb\n|-damage|p1a: Spiritomb|0 fnt\n|-unboost|p2a: Gholdengo|spa|1\n|faint|p1a: Spiritomb\n|\n|upkeep\n|\n|t:|1782433188\n|switch|p1a: Metagross|Metagross, shiny|100/100\n|turn|11\n|\n|t:|1782433197\n|move|p2a: Gholdengo|Shadow Ball|p1a: Metagross\n|-supereffective|p1a: Metagross\n|-enditem|p1a: Metagross|Focus Sash\n|-damage|p1a: Metagross|1/100\n|move|p1a: Metagross|Earthquake|p2a: Gholdengo\n|-supereffective|p2a: Gholdengo\n|-damage|p2a: Gholdengo|13/100\n|\n|upkeep\n|turn|12\n|\n|t:|1782433213\n|move|p2a: Gholdengo|Make It Rain|p1a: Metagross\n|-resisted|p1a: Metagross\n|-damage|p1a: Metagross|0 fnt\n|-unboost|p2a: Gholdengo|spa|1\n|faint|p1a: Metagross\n|\n|upkeep\n|\n|t:|1782433219\n|switch|p1a: Serperior|Serperior, F, shiny|64/100\n|turn|13\n|\n|t:|1782433240\n|switch|p2a: Slowking|Slowking-Galar, F|100/100\n|move|p1a: Serperior|Leaf Storm|p2a: Slowking\n|-resisted|p2a: Slowking\n|-damage|p2a: Slowking|85/100\n|-boost|p1a: Serperior|spa|2\n|\n|upkeep\n|turn|14\n|\n|t:|1782433254\n|switch|p1a: Pikachu|Pikachu, L1, M, shiny|9/100\n|move|p2a: Slowking|Sludge Bomb|p1a: Pikachu\n|-damage|p1a: Pikachu|0 fnt\n|faint|p1a: Pikachu\n|\n|upkeep\n|\n|t:|1782433261\n|switch|p1a: Incineroar|Incineroar, F, shiny|46/100\n|-ability|p1a: Incineroar|Intimidate|boost\n|-unboost|p2a: Slowking|atk|1\n|turn|15\n|\n|t:|1782433268\n|move|p1a: Incineroar|Knock Off|p2a: Slowking\n|-supereffective|p2a: Slowking\n|-damage|p2a: Slowking|12/100\n|-enditem|p2a: Slowking|Heavy-Duty Boots|[from] move: Knock Off|[of] p1a: Incineroar\n|move|p2a: Slowking|Sludge Bomb|p1a: Incineroar\n|-damage|p1a: Incineroar|24/100\n|\n|upkeep\n|turn|16\n|inactive|thepeakmons has 120 seconds left.\n|\n|t:|1782433294\n|switch|p2a: Garganacl|Garganacl, M|80/100\n|move|p1a: Incineroar|Parting Shot|p2a: Garganacl\n|-unboost|p2a: Garganacl|atk|1\n|-unboost|p2a: Garganacl|spa|1\n|\n|t:|1782433299\n|switch|p1a: Serperior|Serperior, F, shiny|64/100|[from] Parting Shot\n|\n|upkeep\n|turn|17\n|\n|t:|1782433312\n|switch|p2a: Slowking|Slowking-Galar, F|46/100\n|move|p1a: Serperior|Glare|p2a: Slowking\n|-status|p2a: Slowking|par\n|\n|upkeep\n|turn|18\n|\n|t:|1782433319\n|switch|p1a: Maushold|Maushold-Four, shiny|100/100\n|cant|p2a: Slowking|par\n|\n|upkeep\n|turn|19\n|\n|t:|1782433336\n|switch|p2a: Dondozo|Dondozo, F|100/100\n|move|p1a: Maushold|Tidy Up|p1a: Maushold\n|-boost|p1a: Maushold|atk|1\n|-boost|p1a: Maushold|spe|1\n|\n|upkeep\n|turn|20\n|\n|t:|1782433352\n|move|p1a: Maushold|Tidy Up|p1a: Maushold\n|-boost|p1a: Maushold|atk|1\n|-boost|p1a: Maushold|spe|1\n|move|p2a: Dondozo|Body Press|p1a: Maushold\n|-supereffective|p1a: Maushold\n|-damage|p1a: Maushold|6/100\n|\n|upkeep\n|turn|21\n|inactive|thepeakmons has 120 seconds left.\n|\n|t:|1782433379\n|move|p1a: Maushold|Population Bomb|p2a: Dondozo\n|-damage|p2a: Dondozo|96/100\n|-damage|p2a: Dondozo|91/100\n|-damage|p2a: Dondozo|86/100\n|-damage|p2a: Dondozo|80/100\n|-damage|p2a: Dondozo|75/100\n|-damage|p2a: Dondozo|70/100\n|-damage|p2a: Dondozo|65/100\n|-damage|p2a: Dondozo|59/100\n|-damage|p2a: Dondozo|55/100\n|-damage|p2a: Dondozo|50/100\n|-hitcount|p2a: Dondozo|10\n|move|p2a: Dondozo|Body Press|p1a: Maushold\n|-supereffective|p1a: Maushold\n|-damage|p1a: Maushold|0 fnt\n|faint|p1a: Maushold\n|\n|upkeep\n|\n|t:|1782433393\n|switch|p1a: Serperior|Serperior, F, shiny|64/100\n|turn|22\n|inactive|thepeakmons has 120 seconds left.\n|\n|t:|1782433414\n|switch|p2a: Corviknight|Corviknight, F|100/100\n|-ability|p2a: Corviknight|Pressure\n|-terastallize|p1a: Serperior|Grass\n|move|p1a: Serperior|Leaf Storm|p2a: Corviknight\n|-resisted|p2a: Corviknight\n|-damage|p2a: Corviknight|85/100\n|-boost|p1a: Serperior|spa|2\n|\n|upkeep\n|turn|23\n|-message|god_of_the_nw forfeited.\n|\n|win|thepeakmons\n|raw|god_of_the_nw's rating: 1139 &rarr; <strong>1117</strong><br />(-22 for losing)\n|raw|thepeakmons's rating: 1176 &rarr; <strong>1198</strong><br />(+22 for winning)\n|l|☆god_of_the_nw\n|player|p1|\n", "uploadtime": 1782433434, "views": 15, "formatid": "gen9ou", "rating": 1117, "private": 0, "password": null}