{"id": "gen9ou-2647775297", "format": "[Gen 9] OU", "players": ["Marceeisanut", "acidosis"], "log": "|j|☆Marceeisanut\n|j|☆acidosis\n|t:|1783810476\n|gametype|singles\n|player|p1|Marceeisanut|clerk|1345\n|player|p2|acidosis|1|1464\n|gen|9\n|tier|[Gen 9] OU\n|rated|\n|rule|HP Percentage Mod: HP is shown in percentages\n|rule|Endless Battle Clause: Forcing endless battles is banned\n|rule|Species Clause: Limit one of each Pokémon\n|rule|OHKO Clause: OHKO moves are banned\n|rule|Evasion Items Clause: Evasion items are banned\n|rule|Evasion Moves Clause: Evasion moves are banned\n|rule|Evasion Abilities Clause: Evasion abilities are banned\n|rule|Sleep Moves Clause: Sleep-inducing moves are banned\n|clearpoke\n|poke|p1|Iron Crown|\n|poke|p1|Great Tusk|\n|poke|p1|Alomomola, M|\n|poke|p1|Dondozo, M|\n|poke|p1|Pecharunt|\n|poke|p1|Kingambit, F|\n|poke|p2|Arcanine-Hisui, M|\n|poke|p2|Ting-Lu|\n|poke|p2|Zapdos|\n|poke|p2|Slowking-Galar, F|\n|poke|p2|Dragapult, M|\n|poke|p2|Ogerpon-Wellspring, F|\n|teampreview\n|inactive|Battle timer is ON: inactive players will automatically lose when time's up. (requested by Marceeisanut)\n|\n|t:|1783810494\n|teamsize|p1|6\n|teamsize|p2|6\n|start\n|switch|p1a: Pecharunt|Pecharunt|100/100\n|switch|p2a: Arcanine|Arcanine-Hisui, M, shiny|100/100\n|turn|1\n|\n|t:|1783810500\n|switch|p2a: Slowking|Slowking-Galar, F, shiny|100/100\n|move|p1a: Pecharunt|Toxic|p2a: Slowking\n|-immune|p2a: Slowking\n|\n|upkeep\n|turn|2\n|\n|t:|1783810506\n|move|p1a: Pecharunt|Shadow Ball|p2a: Slowking\n|-supereffective|p2a: Slowking\n|-damage|p2a: Slowking|70/100\n|move|p2a: Slowking|Future Sight|p1a: Pecharunt\n|-start|p2a: Slowking|move: Future Sight\n|\n|upkeep\n|turn|3\n|\n|t:|1783810509\n|move|p1a: Pecharunt|Parting Shot|p2a: Slowking\n|-unboost|p2a: Slowking|atk|1\n|-unboost|p2a: Slowking|spa|1\n|\n|t:|1783810512\n|switch|p1a: Alomomola|Alomomola, M|100/100|[from] Parting Shot\n|move|p2a: Slowking|Thunder Wave|p1a: Alomomola\n|-status|p1a: Alomomola|par\n|\n|upkeep\n|turn|4\n|\n|t:|1783810518\n|move|p1a: Alomomola|Scald|p2a: Slowking\n|-damage|p2a: Slowking|62/100\n|-status|p2a: Slowking|brn\n|-prepare|p2a: Slowking|Chilly Reception|[premajor]\n|move|p2a: Slowking|Chilly Reception|p2a: Slowking\n|-weather|Snowscape\n|\n|t:|1783810525\n|switch|p2a: Ogerpon|Ogerpon-Wellspring, F|100/100|[from] Chilly Reception\n|\n|-weather|Snowscape|[upkeep]\n|-end|p1a: Alomomola|move: Future Sight\n|-damage|p1a: Alomomola|80/100 par\n|upkeep\n|turn|5\n|\n|t:|1783810529\n|switch|p1a: Pecharunt|Pecharunt|100/100\n|move|p2a: Ogerpon|Swords Dance|p2a: Ogerpon\n|-boost|p2a: Ogerpon|atk|2\n|\n|-weather|Snowscape|[upkeep]\n|upkeep\n|turn|6\n|\n|t:|1783810534\n|-terastallize|p2a: Ogerpon|Water\n|detailschange|p2a: Ogerpon|Ogerpon-Wellspring-Tera, F, tera:Water\n|-ability|p2a: Ogerpon|Embody Aspect (Wellspring)|boost\n|-boost|p2a: Ogerpon|spd|1\n|move|p2a: Ogerpon|Ivy Cudgel|p1a: Pecharunt|[anim] Ivy Cudgel Water\n|-damage|p1a: Pecharunt|26/100\n|move|p1a: Pecharunt|Toxic|p2a: Ogerpon\n|-status|p2a: Ogerpon|tox\n|-start|p2a: Ogerpon|confusion|[from] ability: Poison Puppeteer|[of] p1a: Pecharunt\n|\n|-weather|Snowscape|[upkeep]\n|-damage|p2a: Ogerpon|95/100 tox|[from] psn\n|upkeep\n|turn|7\n|\n|t:|1783810541\n|switch|p1a: Dondozo|Dondozo, M|100/100\n|-activate|p2a: Ogerpon|confusion\n|move|p2a: Ogerpon|Ivy Cudgel|p1a: Dondozo|[anim] Ivy Cudgel Water\n|-resisted|p1a: Dondozo\n|-damage|p1a: Dondozo|83/100\n|\n|-weather|Snowscape|[upkeep]\n|-heal|p1a: Dondozo|89/100|[from] item: Leftovers\n|-damage|p2a: Ogerpon|83/100 tox|[from] psn\n|upkeep\n|turn|8\n|inactive|Marceeisanut has 120 seconds left.\n|\n|t:|1783810571\n|switch|p2a: Zapdos|Zapdos, shiny|100/100\n|-terastallize|p1a: Dondozo|Grass\n|move|p1a: Dondozo|Curse|p1a: Dondozo\n|-unboost|p1a: Dondozo|spe|1\n|-boost|p1a: Dondozo|atk|1\n|-boost|p1a: Dondozo|def|1\n|\n|-weather|none\n|-heal|p1a: Dondozo|95/100|[from] item: Leftovers\n|upkeep\n|turn|9\n|\n|t:|1783810576\n|switch|p1a: Alomomola|Alomomola, M|100/100 par\n|move|p2a: Zapdos|Hurricane|p1a: Alomomola\n|-crit|p1a: Alomomola\n|-damage|p1a: Alomomola|69/100 par\n|\n|upkeep\n|turn|10\n|\n|t:|1783810587\n|move|p2a: Zapdos|Volt Switch|p1a: Alomomola\n|-supereffective|p1a: Alomomola\n|-damage|p1a: Alomomola|43/100 par\n|\n|t:|1783810593\n|switch|p2a: Slowking|Slowking-Galar, F, shiny|95/100 brn|[from] Volt Switch\n|cant|p1a: Alomomola|par\n|\n|-damage|p2a: Slowking|89/100 brn|[from] brn\n|upkeep\n|turn|11\n|\n|t:|1783810600\n|move|p1a: Alomomola|Flip Turn|p2a: Slowking\n|-damage|p2a: Slowking|73/100 brn\n|\n|t:|1783810608\n|switch|p1a: Iron Crown|Iron Crown|100/100|[from] Flip Turn\n|-prepare|p2a: Slowking|Chilly Reception|[premajor]\n|move|p2a: Slowking|Chilly Reception|p2a: Slowking\n|-weather|Snowscape\n|\n|t:|1783810615\n|switch|p2a: Arcanine|Arcanine-Hisui, M, shiny|100/100|[from] Chilly Reception\n|\n|-weather|Snowscape|[upkeep]\n|upkeep\n|turn|12\n|\n|t:|1783810619\n|-end|p1a: Iron Crown|Quark Drive|[silent]\n|switch|p1a: Dondozo|Dondozo, M, tera:Grass|95/100\n|move|p2a: Arcanine|Flare Blitz|p1a: Dondozo\n|-supereffective|p1a: Dondozo\n|-damage|p1a: Dondozo|4/100\n|\n|-weather|Snowscape|[upkeep]\n|-heal|p1a: Dondozo|10/100|[from] item: Leftovers\n|upkeep\n|turn|13\n|\n|t:|1783810629\n|move|p2a: Arcanine|Flare Blitz|p1a: Dondozo\n|-supereffective|p1a: Dondozo\n|-damage|p1a: Dondozo|0 fnt\n|faint|p1a: Dondozo\n|\n|-weather|Snowscape|[upkeep]\n|upkeep\n|\n|t:|1783810633\n|switch|p1a: Great Tusk|Great Tusk|100/100\n|turn|14\n|\n|t:|1783810638\n|-end|p1a: Great Tusk|Protosynthesis|[silent]\n|switch|p1a: Alomomola|Alomomola, M|76/100 par\n|switch|p2a: Zapdos|Zapdos, shiny|100/100\n|\n|-weather|Snowscape|[upkeep]\n|upkeep\n|turn|15\n|\n|t:|1783810640\n|move|p2a: Zapdos|Volt Switch|p1a: Alomomola\n|-supereffective|p1a: Alomomola\n|-damage|p1a: Alomomola|47/100 par\n|\n|t:|1783810644\n|switch|p2a: Slowking|Slowking-Galar, F, shiny|100/100 brn|[from] Volt Switch\n|cant|p1a: Alomomola|par\n|\n|-weather|none\n|-damage|p2a: Slowking|94/100 brn|[from] brn\n|upkeep\n|turn|16\n|\n|t:|1783810650\n|move|p1a: Alomomola|Flip Turn|p2a: Slowking\n|-damage|p2a: Slowking|78/100 brn\n|\n|t:|1783810652\n|switch|p1a: Great Tusk|Great Tusk|100/100|[from] Flip Turn\n|-prepare|p2a: Slowking|Chilly Reception|[premajor]\n|move|p2a: Slowking|Chilly Reception|p2a: Slowking\n|-weather|Snowscape\n|\n|t:|1783810656\n|switch|p2a: Ogerpon|Ogerpon-Wellspring-Tera, F, tera:Water|83/100 tox|[from] Chilly Reception\n|-ability|p2a: Ogerpon|Embody Aspect (Wellspring)|boost\n|-boost|p2a: Ogerpon|spd|1\n|\n|-weather|Snowscape|[upkeep]\n|-damage|p2a: Ogerpon|77/100 tox|[from] psn\n|upkeep\n|turn|17\n|\n|t:|1783810663\n|move|p2a: Ogerpon|Swords Dance|p2a: Ogerpon\n|-boost|p2a: Ogerpon|atk|2\n|move|p1a: Great Tusk|Headlong Rush|p2a: Ogerpon\n|-damage|p2a: Ogerpon|14/100 tox\n|-unboost|p1a: Great Tusk|def|1\n|-unboost|p1a: Great Tusk|spd|1\n|\n|-weather|Snowscape|[upkeep]\n|-damage|p2a: Ogerpon|2/100 tox|[from] psn\n|upkeep\n|turn|18\n|\n|t:|1783810670\n|move|p2a: Ogerpon|Trailblaze|p1a: Great Tusk\n|-supereffective|p1a: Great Tusk\n|-damage|p1a: Great Tusk|0 fnt\n|-boost|p2a: Ogerpon|spe|1\n|faint|p1a: Great Tusk\n|-end|p1a: Great Tusk|Protosynthesis|[silent]\n|\n|-weather|Snowscape|[upkeep]\n|-damage|p2a: Ogerpon|0 fnt|[from] psn\n|faint|p2a: Ogerpon\n|detailschange|p2: Ogerpon|Ogerpon-Wellspring, F|[silent]\n|upkeep\n|\n|t:|1783810677\n|switch|p2a: Arcanine|Arcanine-Hisui, M, shiny|100/100\n|switch|p1a: Alomomola|Alomomola, M|80/100 par\n|turn|19\n|\n|t:|1783810682\n|switch|p2a: Zapdos|Zapdos, shiny|100/100\n|move|p1a: Alomomola|Flip Turn|p2a: Zapdos\n|-damage|p2a: Zapdos|89/100\n|\n|t:|1783810687\n|switch|p1a: Iron Crown|Iron Crown|100/100|[from] Flip Turn\n|\n|-weather|Snowscape|[upkeep]\n|upkeep\n|turn|20\n|\n|t:|1783810692\n|-end|p1a: Iron Crown|Quark Drive|[silent]\n|switch|p1a: Alomomola|Alomomola, M|100/100 par\n|switch|p2a: Ting-Lu|Ting-Lu|100/100\n|-ability|p2a: Ting-Lu|Vessel of Ruin\n|\n|-weather|none\n|upkeep\n|turn|21\n|\n|t:|1783810701\n|move|p1a: Alomomola|Flip Turn|p2a: Ting-Lu\n|-supereffective|p2a: Ting-Lu\n|-damage|p2a: Ting-Lu|84/100\n|\n|t:|1783810704\n|switch|p1a: Pecharunt|Pecharunt|26/100|[from] Flip Turn\n|move|p2a: Ting-Lu|Whirlwind|p1a: Pecharunt\n|drag|p1a: Iron Crown|Iron Crown|100/100\n|\n|-heal|p2a: Ting-Lu|90/100|[from] item: Leftovers\n|upkeep\n|turn|22\n|\n|t:|1783810709\n|-end|p1a: Iron Crown|Quark Drive|[silent]\n|switch|p1a: Alomomola|Alomomola, M|100/100 par\n|move|p2a: Ting-Lu|Spikes|p1a: Alomomola\n|-sidestart|p1: Marceeisanut|Spikes\n|\n|-heal|p2a: Ting-Lu|96/100|[from] item: Leftovers\n|upkeep\n|turn|23\n|\n|t:|1783810719\n|move|p1a: Alomomola|Flip Turn|p2a: Ting-Lu\n|-supereffective|p2a: Ting-Lu\n|-damage|p2a: Ting-Lu|78/100\n|\n|t:|1783810720\n|switch|p1a: Pecharunt|Pecharunt|26/100|[from] Flip Turn\n|-damage|p1a: Pecharunt|13/100|[from] Spikes\n|move|p2a: Ting-Lu|Whirlwind|p1a: Pecharunt\n|drag|p1a: Iron Crown|Iron Crown|100/100\n|-damage|p1a: Iron Crown|88/100|[from] Spikes\n|\n|-heal|p2a: Ting-Lu|85/100|[from] item: Leftovers\n|upkeep\n|turn|24\n|-message|Marceeisanut forfeited.\n|\n|win|acidosis\n|raw|Marceeisanut's rating: 1345 &rarr; <strong>1332</strong><br />(-13 for losing)\n|raw|acidosis's rating: 1464 &rarr; <strong>1477</strong><br />(+13 for winning)\n|l|☆Marceeisanut\n|player|p1|\n", "uploadtime": 1783810801, "views": 6, "formatid": "gen9ou", "rating": 1332, "private": 0, "password": null}