{"id": "gen9ou-2639306308", "format": "[Gen 9] OU", "players": ["stevenstonersx69", "Dreilek"], "log": "|j|☆stevenstonersx69\n|j|☆Dreilek\n|t:|1782449788\n|gametype|singles\n|player|p1|stevenstonersx69|1|1514\n|player|p2|Dreilek|benga|1441\n|gen|9\n|tier|[Gen 9] OU\n|rated|\n|rule|HP Percentage Mod: HP is shown in percentages\n|rule|Endless Battle Clause: Forcing endless battles is banned\n|rule|Species Clause: Limit one of each Pokémon\n|rule|OHKO Clause: OHKO moves are banned\n|rule|Evasion Items Clause: Evasion items are banned\n|rule|Evasion Moves Clause: Evasion moves are banned\n|rule|Evasion Abilities Clause: Evasion abilities are banned\n|rule|Sleep Moves Clause: Sleep-inducing moves are banned\n|clearpoke\n|poke|p1|Garchomp, F|\n|poke|p1|Azumarill, M|\n|poke|p1|Clefable, M|\n|poke|p1|Maushold-Four|\n|poke|p1|Blaziken, F|\n|poke|p1|Polteageist|\n|poke|p2|Torkoal, M|\n|poke|p2|Great Tusk|\n|poke|p2|Walking Wake|\n|poke|p2|Raging Bolt|\n|poke|p2|Venusaur, F|\n|poke|p2|Hatterene, F|\n|teampreview\n|\n|t:|1782449803\n|teamsize|p1|6\n|teamsize|p2|6\n|start\n|switch|p1a: Polteageist|Polteageist|100/100\n|switch|p2a: Great Tusk|Great Tusk, shiny|100/100\n|turn|1\n|\n|t:|1782449821\n|move|p2a: Great Tusk|Earthquake|p1a: Polteageist\n|-damage|p1a: Polteageist|15/100\n|-ability|p1a: Polteageist|Weak Armor|boost\n|-unboost|p1a: Polteageist|def|1\n|-boost|p1a: Polteageist|spe|2\n|move|p1a: Polteageist|Shell Smash|p1a: Polteageist\n|-unboost|p1a: Polteageist|def|1\n|-unboost|p1a: Polteageist|spd|1\n|-boost|p1a: Polteageist|atk|2\n|-boost|p1a: Polteageist|spa|2\n|-boost|p1a: Polteageist|spe|2\n|\n|upkeep\n|turn|2\n|\n|t:|1782449829\n|-end|p2a: Great Tusk|Protosynthesis|[silent]\n|switch|p2a: Hatterene|Hatterene, F, shiny|100/100\n|move|p1a: Polteageist|Giga Drain|p2a: Hatterene\n|-damage|p2a: Hatterene|61/100\n|-heal|p1a: Polteageist|39/100|[from] drain|[of] p2a: Hatterene\n|\n|upkeep\n|turn|3\n|\n|t:|1782449840\n|-terastallize|p1a: Polteageist|Grass\n|move|p1a: Polteageist|Giga Drain|p2a: Hatterene\n|-damage|p2a: Hatterene|6/100\n|-heal|p1a: Polteageist|73/100|[from] drain|[of] p2a: Hatterene\n|move|p2a: Hatterene|Psyshock|p1a: Polteageist\n|-damage|p1a: Polteageist|0 fnt\n|faint|p1a: Polteageist\n|\n|upkeep\n|\n|t:|1782449855\n|switch|p1a: Blaziken|Blaziken, F|100/100\n|turn|4\n|\n|t:|1782449858\n|move|p1a: Blaziken|Flare Blitz|p2a: Hatterene\n|-damage|p2a: Hatterene|0 fnt\n|faint|p2a: Hatterene\n|-damage|p1a: Blaziken|99/100|[from] Recoil\n|\n|-ability|p1a: Blaziken|Speed Boost|boost\n|-boost|p1a: Blaziken|spe|1\n|upkeep\n|\n|t:|1782449862\n|switch|p2a: Walking Wake|Walking Wake|100/100\n|turn|5\n|\n|t:|1782449866\n|move|p1a: Blaziken|Protect|p1a: Blaziken\n|-singleturn|p1a: Blaziken|Protect\n|move|p2a: Walking Wake|Flip Turn|p1a: Blaziken\n|-activate|p1a: Blaziken|move: Protect\n|\n|-ability|p1a: Blaziken|Speed Boost|boost\n|-boost|p1a: Blaziken|spe|1\n|upkeep\n|turn|6\n|\n|t:|1782449868\n|-end|p2a: Walking Wake|Protosynthesis|[silent]\n|switch|p2a: Torkoal|Torkoal, M, shiny|100/100\n|-weather|SunnyDay|[from] ability: Drought|[of] p2a: Torkoal\n|move|p1a: Blaziken|Close Combat|p2a: Torkoal\n|-damage|p2a: Torkoal|64/100\n|-unboost|p1a: Blaziken|def|1\n|-unboost|p1a: Blaziken|spd|1\n|\n|-weather|SunnyDay|[upkeep]\n|-ability|p1a: Blaziken|Speed Boost|boost\n|-boost|p1a: Blaziken|spe|1\n|upkeep\n|turn|7\n|\n|t:|1782449874\n|move|p1a: Blaziken|Swords Dance|p1a: Blaziken\n|-boost|p1a: Blaziken|atk|2\n|move|p2a: Torkoal|Body Press|p1a: Blaziken\n|-damage|p1a: Blaziken|31/100\n|\n|-weather|SunnyDay|[upkeep]\n|-ability|p1a: Blaziken|Speed Boost|boost\n|-boost|p1a: Blaziken|spe|1\n|upkeep\n|turn|8\n|\n|t:|1782449881\n|-terastallize|p2a: Torkoal|Ghost\n|move|p1a: Blaziken|Close Combat|p2a: Torkoal\n|-immune|p2a: Torkoal\n|move|p2a: Torkoal|Body Press|p1a: Blaziken\n|-damage|p1a: Blaziken|0 fnt\n|faint|p1a: Blaziken\n|\n|-weather|SunnyDay|[upkeep]\n|upkeep\n|\n|t:|1782449894\n|switch|p1a: Garchomp|Garchomp, F|100/100\n|turn|9\n|\n|t:|1782449898\n|move|p1a: Garchomp|Substitute|p1a: Garchomp\n|-start|p1a: Garchomp|Substitute\n|-damage|p1a: Garchomp|76/100\n|move|p2a: Torkoal|Will-O-Wisp||[still]\n|-fail|p2a: Torkoal\n|\n|-weather|SunnyDay|[upkeep]\n|upkeep\n|turn|10\n|\n|t:|1782449903\n|switch|p2a: Venusaur|Venusaur, F, shiny|100/100\n|move|p1a: Garchomp|Swords Dance|p1a: Garchomp\n|-boost|p1a: Garchomp|atk|2\n|\n|-weather|SunnyDay|[upkeep]\n|upkeep\n|turn|11\n|\n|t:|1782449906\n|move|p2a: Venusaur|Giga Drain|p1a: Garchomp\n|-end|p1a: Garchomp|Substitute\n|-damage|p2a: Venusaur|91/100|[from] item: Life Orb\n|move|p1a: Garchomp|Scale Shot|p2a: Venusaur\n|-damage|p2a: Venusaur|52/100\n|-damage|p2a: Venusaur|14/100\n|-damage|p2a: Venusaur|0 fnt\n|faint|p2a: Venusaur\n|-hitcount|p2: Venusaur|3\n|-unboost|p1a: Garchomp|def|1\n|-boost|p1a: Garchomp|spe|1\n|\n|-weather|SunnyDay|[upkeep]\n|upkeep\n|\n|t:|1782449916\n|switch|p2a: Walking Wake|Walking Wake|100/100\n|-activate|p2a: Walking Wake|ability: Protosynthesis\n|-start|p2a: Walking Wake|protosynthesisspe\n|turn|12\n|\n|t:|1782449919\n|move|p2a: Walking Wake|Draco Meteor|p1a: Garchomp\n|-supereffective|p1a: Garchomp\n|-damage|p1a: Garchomp|0 fnt\n|-unboost|p2a: Walking Wake|spa|2\n|faint|p1a: Garchomp\n|\n|-weather|SunnyDay|[upkeep]\n|upkeep\n|\n|t:|1782449922\n|switch|p1a: Clefable|Clefable, M|100/100\n|turn|13\n|\n|t:|1782449926\n|-end|p2a: Walking Wake|Protosynthesis|[silent]\n|switch|p2a: Torkoal|Torkoal, M, shiny, tera:Ghost|64/100\n|move|p1a: Clefable|Cosmic Power|p1a: Clefable\n|-boost|p1a: Clefable|def|1\n|-boost|p1a: Clefable|spd|1\n|\n|-weather|none\n|upkeep\n|turn|14\n|\n|t:|1782449929\n|move|p1a: Clefable|Cosmic Power|p1a: Clefable\n|-boost|p1a: Clefable|def|1\n|-boost|p1a: Clefable|spd|1\n|move|p2a: Torkoal|Will-O-Wisp|p1a: Clefable\n|-status|p1a: Clefable|brn\n|\n|-damage|p1a: Clefable|94/100 brn|[from] brn\n|upkeep\n|turn|15\n|inactive|Battle timer is ON: inactive players will automatically lose when time's up. (requested by stevenstonersx69)\n|\n|t:|1782449937\n|move|p1a: Clefable|Cosmic Power|p1a: Clefable\n|-boost|p1a: Clefable|def|1\n|-boost|p1a: Clefable|spd|1\n|move|p2a: Torkoal|Stealth Rock|p1a: Clefable\n|-sidestart|p1: stevenstonersx69|move: Stealth Rock\n|\n|-heal|p1a: Clefable|100/100 brn|[from] item: Leftovers\n|-damage|p1a: Clefable|94/100 brn|[from] brn\n|upkeep\n|turn|16\n|\n|t:|1782449942\n|move|p1a: Clefable|Cosmic Power|p1a: Clefable\n|-boost|p1a: Clefable|def|1\n|-boost|p1a: Clefable|spd|1\n|move|p2a: Torkoal|Rapid Spin|p1a: Clefable\n|-damage|p1a: Clefable|91/100 brn\n|-boost|p2a: Torkoal|spe|1\n|\n|-heal|p1a: Clefable|97/100 brn|[from] item: Leftovers\n|-damage|p1a: Clefable|91/100 brn|[from] brn\n|upkeep\n|turn|17\n|\n|t:|1782449945\n|move|p1a: Clefable|Cosmic Power|p1a: Clefable\n|-boost|p1a: Clefable|def|1\n|-boost|p1a: Clefable|spd|1\n|move|p2a: Torkoal|Rapid Spin|p1a: Clefable\n|-damage|p1a: Clefable|87/100 brn\n|-boost|p2a: Torkoal|spe|1\n|\n|-heal|p1a: Clefable|93/100 brn|[from] item: Leftovers\n|-damage|p1a: Clefable|87/100 brn|[from] brn\n|upkeep\n|turn|18\n|\n|t:|1782449948\n|move|p1a: Clefable|Cosmic Power|p1a: Clefable\n|-boost|p1a: Clefable|def|1\n|-boost|p1a: Clefable|spd|1\n|move|p2a: Torkoal|Rapid Spin|p1a: Clefable\n|-damage|p1a: Clefable|84/100 brn\n|-boost|p2a: Torkoal|spe|1\n|\n|-heal|p1a: Clefable|90/100 brn|[from] item: Leftovers\n|-damage|p1a: Clefable|84/100 brn|[from] brn\n|upkeep\n|turn|19\n|\n|t:|1782449949\n|move|p2a: Torkoal|Rapid Spin|p1a: Clefable\n|-damage|p1a: Clefable|81/100 brn\n|-boost|p2a: Torkoal|spe|1\n|move|p1a: Clefable|Stored Power|p2a: Torkoal\n|-crit|p2a: Torkoal\n|-damage|p2a: Torkoal|0 fnt\n|faint|p2a: Torkoal\n|\n|-heal|p1a: Clefable|88/100 brn|[from] item: Leftovers\n|-damage|p1a: Clefable|81/100 brn|[from] brn\n|upkeep\n|\n|t:|1782449955\n|switch|p2a: Raging Bolt|Raging Bolt|100/100\n|turn|20\n|\n|t:|1782449960\n|move|p2a: Raging Bolt|Thunderbolt|p1a: Clefable\n|-damage|p1a: Clefable|70/100 brn\n|move|p1a: Clefable|Stored Power|p2a: Raging Bolt\n|-crit|p2a: Raging Bolt\n|-damage|p2a: Raging Bolt|0 fnt\n|faint|p2a: Raging Bolt\n|-end|p2a: Raging Bolt|Protosynthesis|[silent]\n|\n|-heal|p1a: Clefable|76/100 brn|[from] item: Leftovers\n|-damage|p1a: Clefable|70/100 brn|[from] brn\n|upkeep\n|-message|Dreilek forfeited.\n|\n|win|stevenstonersx69\n|raw|stevenstonersx69's rating: 1514 &rarr; <strong>1530</strong><br />(+16 for winning)\n|raw|Dreilek's rating: 1441 &rarr; <strong>1425</strong><br />(-16 for losing)\n|l|☆Dreilek\n|player|p2|\n|l|☆stevenstonersx69\n|player|p1|\n", "uploadtime": 1782450182, "views": 5, "formatid": "gen9ou", "rating": 1425, "private": 0, "password": null}