{"id": "gen9ou-2647836997", "format": "[Gen 9] OU", "players": ["ymb inc", "White Boy SZN"], "log": "|j|☆ymb inc\n|j|☆White Boy SZN\n|t:|1783821320\n|gametype|singles\n|player|p1|ymb inc|bruno-gen2|1651\n|player|p2|White Boy SZN|blue-gen7|1564\n|gen|9\n|tier|[Gen 9] OU\n|rated|\n|rule|HP Percentage Mod: HP is shown in percentages\n|rule|Endless Battle Clause: Forcing endless battles is banned\n|rule|Species Clause: Limit one of each Pokémon\n|rule|OHKO Clause: OHKO moves are banned\n|rule|Evasion Items Clause: Evasion items are banned\n|rule|Evasion Moves Clause: Evasion moves are banned\n|rule|Evasion Abilities Clause: Evasion abilities are banned\n|rule|Sleep Moves Clause: Sleep-inducing moves are banned\n|clearpoke\n|poke|p1|Pelipper, F|\n|poke|p1|Hatterene, F|\n|poke|p1|Toxicroak, F|\n|poke|p1|Iron Treads|\n|poke|p1|Barraskewda, F|\n|poke|p1|Zapdos|\n|poke|p2|Iron Treads|\n|poke|p2|Samurott-Hisui, F|\n|poke|p2|Pecharunt|\n|poke|p2|Moltres|\n|poke|p2|Zamazenta-*|\n|poke|p2|Darkrai|\n|teampreview\n|\n|t:|1783821335\n|teamsize|p1|6\n|teamsize|p2|6\n|start\n|switch|p1a: Pelipper|Pelipper, F|100/100\n|switch|p2a: Samurott|Samurott-Hisui, F|100/100\n|-weather|RainDance|[from] ability: Drizzle|[of] p1a: Pelipper\n|turn|1\n|\n|t:|1783821341\n|switch|p1a: Toxicroak|Toxicroak, F|100/100\n|move|p2a: Samurott|Ceaseless Edge|p1a: Toxicroak\n|-resisted|p1a: Toxicroak\n|-damage|p1a: Toxicroak|83/100\n|-damage|p2a: Samurott|84/100|[from] item: Rocky Helmet|[of] p1a: Toxicroak\n|-sidestart|p1: ymb inc|Spikes\n|\n|-weather|RainDance|[upkeep]\n|-heal|p1a: Toxicroak|95/100|[from] ability: Dry Skin\n|upkeep\n|turn|2\n|\n|t:|1783821349\n|switch|p2a: Pecharunt|Pecharunt|100/100\n|move|p1a: Toxicroak|Knock Off|p2a: Pecharunt\n|-supereffective|p2a: Pecharunt\n|-damage|p2a: Pecharunt|79/100\n|-enditem|p2a: Pecharunt|Kasib Berry|[from] move: Knock Off|[of] p1a: Toxicroak\n|\n|-weather|RainDance|[upkeep]\n|-heal|p1a: Toxicroak|100/100|[from] ability: Dry Skin\n|upkeep\n|turn|3\n|\n|t:|1783821356\n|switch|p1a: Iron Treads|Iron Treads|100/100\n|-damage|p1a: Iron Treads|88/100|[from] Spikes\n|move|p2a: Pecharunt|Parting Shot|p1a: Iron Treads\n|-unboost|p1a: Iron Treads|atk|1\n|-unboost|p1a: Iron Treads|spa|1\n|\n|t:|1783821363\n|switch|p2a: Samurott|Samurott-Hisui, F|84/100|[from] Parting Shot\n|\n|-weather|RainDance|[upkeep]\n|-heal|p1a: Iron Treads|94/100|[from] item: Leftovers\n|upkeep\n|turn|4\n|\n|t:|1783821371\n|move|p1a: Iron Treads|Stealth Rock|p2a: Samurott\n|-sidestart|p2: White Boy SZN|move: Stealth Rock\n|move|p2a: Samurott|Knock Off|p1a: Iron Treads\n|-damage|p1a: Iron Treads|64/100\n|-enditem|p1a: Iron Treads|Leftovers|[from] move: Knock Off|[of] p2a: Samurott\n|\n|-weather|RainDance|[upkeep]\n|upkeep\n|turn|5\n|\n|t:|1783821378\n|-end|p1a: Iron Treads|Quark Drive|[silent]\n|switch|p1a: Toxicroak|Toxicroak, F|100/100\n|-damage|p1a: Toxicroak|88/100|[from] Spikes\n|move|p2a: Samurott|Ceaseless Edge|p1a: Toxicroak\n|-resisted|p1a: Toxicroak\n|-damage|p1a: Toxicroak|68/100\n|-damage|p2a: Samurott|68/100|[from] item: Rocky Helmet|[of] p1a: Toxicroak\n|-sidestart|p1: ymb inc|Spikes\n|\n|-weather|RainDance|[upkeep]\n|-heal|p1a: Toxicroak|80/100|[from] ability: Dry Skin\n|upkeep\n|turn|6\n|\n|t:|1783821386\n|switch|p1a: Zapdos|Zapdos|100/100\n|move|p2a: Samurott|Knock Off|p1a: Zapdos\n|-damage|p1a: Zapdos|50/100\n|-enditem|p1a: Zapdos|Choice Specs|[from] move: Knock Off|[of] p2a: Samurott\n|\n|-weather|RainDance|[upkeep]\n|upkeep\n|turn|7\n|\n|t:|1783821401\n|move|p1a: Zapdos|Volt Switch|p2a: Samurott\n|-supereffective|p2a: Samurott\n|-damage|p2a: Samurott|17/100\n|\n|t:|1783821406\n|switch|p1a: Toxicroak|Toxicroak, F|80/100|[from] Volt Switch\n|-damage|p1a: Toxicroak|64/100|[from] Spikes\n|move|p2a: Samurott|Ceaseless Edge|p1a: Toxicroak\n|-resisted|p1a: Toxicroak\n|-damage|p1a: Toxicroak|43/100\n|-damage|p2a: Samurott|0 fnt|[from] item: Rocky Helmet|[of] p1a: Toxicroak\n|faint|p2a: Samurott\n|\n|-weather|RainDance|[upkeep]\n|-heal|p1a: Toxicroak|56/100|[from] ability: Dry Skin\n|upkeep\n|\n|t:|1783821415\n|switch|p2a: Moltres|Moltres|100/100\n|turn|8\n|\n|t:|1783821422\n|switch|p1a: Hatterene|Hatterene, F|100/100\n|-damage|p1a: Hatterene|84/100|[from] Spikes\n|move|p2a: Moltres|Roar|p1a: Hatterene\n|move|p1a: Hatterene|Roar|p2a: Moltres|[from] ability: Magic Bounce\n|drag|p2a: Zamazenta|Zamazenta|100/100\n|-damage|p2a: Zamazenta|94/100|[from] Stealth Rock\n|-ability|p2a: Zamazenta|Dauntless Shield|boost\n|-boost|p2a: Zamazenta|def|1\n|\n|-weather|none\n|-heal|p2a: Zamazenta|100/100|[from] item: Leftovers\n|upkeep\n|turn|9\n|\n|t:|1783821440\n|switch|p2a: Iron Treads|Iron Treads|100/100\n|move|p1a: Hatterene|Healing Wish|p1a: Hatterene\n|faint|p1a: Hatterene\n|\n|upkeep\n|\n|t:|1783821445\n|switch|p1a: Zapdos|Zapdos|50/100\n|-heal|p1a: Zapdos|100/100|[from] move: Healing Wish\n|turn|10\n|\n|t:|1783821453\n|switch|p1a: Pelipper|Pelipper, F|100/100\n|-weather|RainDance|[from] ability: Drizzle|[of] p1a: Pelipper\n|move|p2a: Iron Treads|Stealth Rock|p1a: Pelipper\n|-sidestart|p1: ymb inc|move: Stealth Rock\n|\n|-weather|RainDance|[upkeep]\n|upkeep\n|turn|11\n|\n|t:|1783821456\n|move|p2a: Iron Treads|Knock Off|p1a: Pelipper\n|-damage|p1a: Pelipper|72/100\n|-enditem|p1a: Pelipper|Damp Rock|[from] move: Knock Off|[of] p2a: Iron Treads\n|move|p1a: Pelipper|U-turn|p2a: Iron Treads\n|-resisted|p2a: Iron Treads\n|-damage|p2a: Iron Treads|97/100\n|\n|t:|1783821459\n|switch|p1a: Barraskewda|Barraskewda, F|100/100|[from] U-turn\n|-damage|p1a: Barraskewda|84/100|[from] Spikes\n|-damage|p1a: Barraskewda|72/100|[from] Stealth Rock\n|\n|-weather|RainDance|[upkeep]\n|upkeep\n|turn|12\n|\n|t:|1783821466\n|-end|p2a: Iron Treads|Quark Drive|[silent]\n|switch|p2a: Pecharunt|Pecharunt|79/100\n|-damage|p2a: Pecharunt|67/100|[from] Stealth Rock\n|move|p1a: Barraskewda|Liquidation|p2a: Pecharunt\n|-damage|p2a: Pecharunt|27/100\n|\n|-weather|RainDance|[upkeep]\n|upkeep\n|turn|13\n|\n|t:|1783821475\n|switch|p2a: Moltres|Moltres|100/100\n|move|p1a: Barraskewda|Liquidation|p2a: Moltres\n|-supereffective|p2a: Moltres\n|-damage|p2a: Moltres|0 fnt\n|faint|p2a: Moltres\n|\n|-weather|RainDance|[upkeep]\n|upkeep\n|\n|t:|1783821484\n|switch|p2a: Pecharunt|Pecharunt|27/100\n|-damage|p2a: Pecharunt|15/100|[from] Stealth Rock\n|turn|14\n|\n|t:|1783821488\n|move|p1a: Barraskewda|Liquidation|p2a: Pecharunt\n|-damage|p2a: Pecharunt|0 fnt\n|faint|p2a: Pecharunt\n|\n|-weather|RainDance|[upkeep]\n|upkeep\n|\n|t:|1783821490\n|switch|p2a: Zamazenta|Zamazenta|100/100\n|-damage|p2a: Zamazenta|94/100|[from] Stealth Rock\n|turn|15\n|\n|t:|1783821502\n|move|p1a: Barraskewda|Flip Turn|p2a: Zamazenta\n|-damage|p2a: Zamazenta|52/100\n|\n|t:|1783821507\n|switch|p1a: Toxicroak|Toxicroak, F|56/100|[from] Flip Turn\n|-damage|p1a: Toxicroak|39/100|[from] Spikes\n|-damage|p1a: Toxicroak|33/100|[from] Stealth Rock\n|move|p2a: Zamazenta|Substitute|p2a: Zamazenta\n|-start|p2a: Zamazenta|Substitute\n|-damage|p2a: Zamazenta|27/100\n|\n|-weather|RainDance|[upkeep]\n|-heal|p1a: Toxicroak|45/100|[from] ability: Dry Skin\n|-heal|p2a: Zamazenta|33/100|[from] item: Leftovers\n|upkeep\n|turn|16\n|\n|t:|1783821514\n|move|p2a: Zamazenta|Iron Defense|p2a: Zamazenta\n|-boost|p2a: Zamazenta|def|2\n|move|p1a: Toxicroak|Encore|p2a: Zamazenta\n|-start|p2a: Zamazenta|Encore\n|\n|-weather|RainDance|[upkeep]\n|-heal|p1a: Toxicroak|58/100|[from] ability: Dry Skin\n|-heal|p2a: Zamazenta|39/100|[from] item: Leftovers\n|upkeep\n|turn|17\n|\n|t:|1783821518\n|switch|p1a: Iron Treads|Iron Treads|64/100\n|-damage|p1a: Iron Treads|48/100|[from] Spikes\n|-damage|p1a: Iron Treads|45/100|[from] Stealth Rock\n|move|p2a: Zamazenta|Iron Defense|p2a: Zamazenta\n|-boost|p2a: Zamazenta|def|2\n|\n|-weather|none\n|-heal|p2a: Zamazenta|45/100|[from] item: Leftovers\n|upkeep\n|turn|18\n|\n|t:|1783821526\n|move|p2a: Zamazenta|Iron Defense|p2a: Zamazenta\n|-boost|p2a: Zamazenta|def|2\n|move|p1a: Iron Treads|Rapid Spin|p2a: Zamazenta\n|-activate|p2a: Zamazenta|move: Substitute|[damage]\n|-sideend|p1: ymb inc|Spikes|[from] move: Rapid Spin|[of] p1a: Iron Treads\n|-sideend|p1: ymb inc|Stealth Rock|[from] move: Rapid Spin|[of] p1a: Iron Treads\n|-boost|p1a: Iron Treads|spe|1\n|\n|-heal|p2a: Zamazenta|52/100|[from] item: Leftovers\n|upkeep\n|turn|19\n|\n|t:|1783821533\n|move|p2a: Zamazenta|Iron Defense|p2a: Zamazenta\n|-boost|p2a: Zamazenta|def|0\n|move|p1a: Iron Treads|Earthquake|p2a: Zamazenta\n|-activate|p2a: Zamazenta|move: Substitute|[damage]\n|\n|-heal|p2a: Zamazenta|58/100|[from] item: Leftovers\n|-end|p2a: Zamazenta|Encore\n|upkeep\n|turn|20\n|\n|t:|1783821538\n|move|p2a: Zamazenta|Body Press|p1a: Iron Treads\n|-supereffective|p1a: Iron Treads\n|-damage|p1a: Iron Treads|0 fnt\n|faint|p1a: Iron Treads\n|-end|p1a: Iron Treads|Quark Drive|[silent]\n|\n|-heal|p2a: Zamazenta|64/100|[from] item: Leftovers\n|upkeep\n|\n|t:|1783821544\n|switch|p1a: Toxicroak|Toxicroak, F|58/100\n|turn|21\n|\n|t:|1783821549\n|-terastallize|p1a: Toxicroak|Ghost\n|move|p2a: Zamazenta|Body Press|p1a: Toxicroak\n|-immune|p1a: Toxicroak\n|move|p1a: Toxicroak|Encore|p2a: Zamazenta\n|-start|p2a: Zamazenta|Encore\n|\n|-heal|p2a: Zamazenta|70/100|[from] item: Leftovers\n|upkeep\n|turn|22\n|\n|t:|1783821557\n|switch|p2a: Iron Treads|Iron Treads|97/100\n|switch|p1a: Pelipper|Pelipper, F|72/100\n|-weather|RainDance|[from] ability: Drizzle|[of] p1a: Pelipper\n|\n|-weather|RainDance|[upkeep]\n|upkeep\n|turn|23\n|\n|t:|1783821563\n|move|p2a: Iron Treads|Stealth Rock|p1a: Pelipper\n|-sidestart|p1: ymb inc|move: Stealth Rock\n|move|p1a: Pelipper|U-turn|p2a: Iron Treads\n|-resisted|p2a: Iron Treads\n|-damage|p2a: Iron Treads|93/100\n|\n|t:|1783821567\n|switch|p1a: Barraskewda|Barraskewda, F|72/100|[from] U-turn\n|-damage|p1a: Barraskewda|60/100|[from] Stealth Rock\n|\n|-weather|RainDance|[upkeep]\n|upkeep\n|turn|24\n|j| The Zard-X Fanboy\n|l| The Zard-X Fanboy\n|\n|t:|1783821595\n|-terastallize|p2a: Iron Treads|Ghost\n|move|p1a: Barraskewda|Liquidation|p2a: Iron Treads\n|-damage|p2a: Iron Treads|25/100\n|move|p2a: Iron Treads|Knock Off|p1a: Barraskewda\n|-damage|p1a: Barraskewda|12/100\n|-enditem|p1a: Barraskewda|Mystic Water|[from] move: Knock Off|[of] p2a: Iron Treads\n|\n|-weather|RainDance|[upkeep]\n|upkeep\n|turn|25\n|\n|t:|1783821606\n|move|p1a: Barraskewda|Liquidation|p2a: Iron Treads\n|-damage|p2a: Iron Treads|0 fnt\n|faint|p2a: Iron Treads\n|-end|p2a: Iron Treads|Quark Drive|[silent]\n|\n|-weather|RainDance|[upkeep]\n|upkeep\n|\n|t:|1783821616\n|switch|p2a: Zamazenta|Zamazenta|70/100\n|-damage|p2a: Zamazenta|64/100|[from] Stealth Rock\n|turn|26\n|\n|t:|1783821627\n|move|p1a: Barraskewda|Liquidation|p2a: Zamazenta\n|-damage|p2a: Zamazenta|9/100\n|move|p2a: Zamazenta|Body Press|p1a: Barraskewda\n|-damage|p1a: Barraskewda|0 fnt\n|faint|p1a: Barraskewda\n|\n|-weather|none\n|-heal|p2a: Zamazenta|15/100|[from] item: Leftovers\n|upkeep\n|\n|t:|1783821633\n|switch|p1a: Toxicroak|Toxicroak, F, tera:Ghost|58/100\n|-damage|p1a: Toxicroak|45/100|[from] Stealth Rock\n|turn|27\n|\n|t:|1783821637\n|move|p2a: Zamazenta|Heavy Slam|p1a: Toxicroak\n|-damage|p1a: Toxicroak|20/100\n|-damage|p2a: Zamazenta|0 fnt|[from] item: Rocky Helmet|[of] p1a: Toxicroak\n|faint|p2a: Zamazenta\n|move|p1a: Toxicroak|Drain Punch|p2: Zamazenta|[notarget]\n|-fail|p1a: Toxicroak\n|\n|upkeep\n|\n|t:|1783821643\n|switch|p2a: Darkrai|Darkrai|100/100\n|-damage|p2a: Darkrai|88/100|[from] Stealth Rock\n|turn|28\n|j| choispecs ironmoth\n|\n|t:|1783821651\n|move|p2a: Darkrai|Dark Pulse|p1a: Toxicroak\n|-supereffective|p1a: Toxicroak\n|-damage|p1a: Toxicroak|0 fnt\n|faint|p1a: Toxicroak\n|\n|-heal|p2a: Darkrai|94/100|[from] item: Leftovers\n|upkeep\n|\n|t:|1783821655\n|switch|p1a: Zapdos|Zapdos|100/100\n|-damage|p1a: Zapdos|76/100|[from] Stealth Rock\n|turn|29\n|\n|t:|1783821662\n|move|p2a: Darkrai|Ice Beam|p1a: Zapdos\n|-supereffective|p1a: Zapdos\n|-damage|p1a: Zapdos|0 fnt\n|faint|p1a: Zapdos\n|\n|-heal|p2a: Darkrai|99/100|[from] item: Leftovers\n|upkeep\n|\n|t:|1783821665\n|switch|p1a: Pelipper|Pelipper, F|72/100\n|-damage|p1a: Pelipper|48/100|[from] Stealth Rock\n|-weather|RainDance|[from] ability: Drizzle|[of] p1a: Pelipper\n|turn|30\n|\n|t:|1783821672\n|move|p2a: Darkrai|Dark Pulse|p1a: Pelipper\n|-damage|p1a: Pelipper|10/100\n|cant|p1a: Pelipper|flinch\n|\n|-weather|RainDance|[upkeep]\n|-heal|p2a: Darkrai|100/100|[from] item: Leftovers\n|upkeep\n|turn|31\n|-message|ymb inc forfeited.\n|\n|win|White Boy SZN\n|raw|ymb inc's rating: 1635 &rarr; <strong>1611</strong><br />(-24 for losing)\n|raw|White Boy SZN's rating: 1564 &rarr; <strong>1588</strong><br />(+24 for winning)\n|l|☆ymb inc\n|player|p1|\n", "uploadtime": 1783821936, "views": 2, "formatid": "gen9ou", "rating": 1588, "private": 0, "password": null}