{"id": "gen9ou-2647683426", "format": "[Gen 9] OU", "players": ["whodidwhatwhy", "tukocazador"], "log": "|j|☆whodidwhatwhy\n|j|☆tukocazador\n|t:|1783795779\n|gametype|singles\n|player|p1|whodidwhatwhy|2|1488\n|player|p2|tukocazador|bugcatcher-gen4dp|1528\n|gen|9\n|tier|[Gen 9] OU\n|rated|\n|rule|HP Percentage Mod: HP is shown in percentages\n|rule|Endless Battle Clause: Forcing endless battles is banned\n|rule|Species Clause: Limit one of each Pokémon\n|rule|OHKO Clause: OHKO moves are banned\n|rule|Evasion Items Clause: Evasion items are banned\n|rule|Evasion Moves Clause: Evasion moves are banned\n|rule|Evasion Abilities Clause: Evasion abilities are banned\n|rule|Sleep Moves Clause: Sleep-inducing moves are banned\n|clearpoke\n|poke|p1|Scream Tail|\n|poke|p1|Samurott-Hisui, M|\n|poke|p1|Garganacl, F|\n|poke|p1|Jirachi|\n|poke|p1|Ursaluna, F|\n|poke|p1|Kingambit, F|\n|poke|p2|Garganacl, F|\n|poke|p2|Armarouge, M|\n|poke|p2|Grimmsnarl, M|\n|poke|p2|Ceruledge, M|\n|poke|p2|Maushold-Four|\n|poke|p2|Jirachi|\n|teampreview\n|\n|t:|1783795787\n|teamsize|p1|6\n|teamsize|p2|6\n|start\n|switch|p1a: Samurott|Samurott-Hisui, M|100/100\n|switch|p2a: Grimmsnarl|Grimmsnarl, M|100/100\n|turn|1\n|\n|t:|1783795793\n|move|p1a: Samurott|Knock Off|p2a: Grimmsnarl\n|-resisted|p2a: Grimmsnarl\n|-damage|p2a: Grimmsnarl|87/100\n|-enditem|p2a: Grimmsnarl|Light Clay|[from] move: Knock Off|[of] p1a: Samurott\n|move|p2a: Grimmsnarl|Spirit Break|p1a: Samurott\n|-supereffective|p1a: Samurott\n|-damage|p1a: Samurott|38/100\n|-unboost|p1a: Samurott|spa|1\n|\n|upkeep\n|turn|2\n|\n|t:|1783795804\n|move|p1a: Samurott|Ceaseless Edge|p2a: Grimmsnarl\n|-resisted|p2a: Grimmsnarl\n|-damage|p2a: Grimmsnarl|74/100\n|-sidestart|p2: tukocazador|Spikes\n|move|p2a: Grimmsnarl|Spirit Break|p1a: Samurott\n|-supereffective|p1a: Samurott\n|-damage|p1a: Samurott|0 fnt\n|faint|p1a: Samurott\n|\n|upkeep\n|\n|t:|1783795807\n|switch|p1a: Jirachi|Jirachi|100/100\n|turn|3\n|\n|t:|1783795817\n|switch|p2a: Armarouge|Armarouge, M|100/100\n|-damage|p2a: Armarouge|88/100|[from] Spikes\n|move|p1a: Jirachi|Trick|p2a: Armarouge\n|-activate|p1a: Jirachi|move: Trick|[of] p2a: Armarouge\n|-item|p2a: Armarouge|Choice Scarf|[from] move: Trick\n|-item|p1a: Jirachi|Weakness Policy|[from] move: Trick\n|\n|upkeep\n|turn|4\n|\n|t:|1783795825\n|switch|p1a: Garganacl|Garganacl, F|100/100\n|move|p2a: Armarouge|Flamethrower|p1a: Garganacl\n|-resisted|p1a: Garganacl\n|-damage|p1a: Garganacl|85/100\n|\n|-heal|p1a: Garganacl|91/100|[from] item: Leftovers\n|upkeep\n|turn|5\n|\n|t:|1783795845\n|switch|p2a: Garganacl|Garganacl, F|100/100\n|-damage|p2a: Garganacl|88/100|[from] Spikes\n|move|p1a: Garganacl|Stealth Rock|p2a: Garganacl\n|-sidestart|p2: tukocazador|move: Stealth Rock\n|\n|-heal|p2a: Garganacl|94/100|[from] item: Leftovers\n|-heal|p1a: Garganacl|97/100|[from] item: Leftovers\n|upkeep\n|turn|6\n|\n|t:|1783795871\n|move|p2a: Garganacl|Curse|p2a: Garganacl\n|-unboost|p2a: Garganacl|spe|1\n|-boost|p2a: Garganacl|atk|1\n|-boost|p2a: Garganacl|def|1\n|move|p1a: Garganacl|Salt Cure|p2a: Garganacl\n|-crit|p2a: Garganacl\n|-damage|p2a: Garganacl|83/100\n|-start|p2a: Garganacl|Salt Cure\n|\n|-heal|p1a: Garganacl|100/100|[from] item: Leftovers\n|-heal|p2a: Garganacl|89/100|[from] item: Leftovers\n|-damage|p2a: Garganacl|77/100|[from] Salt Cure\n|upkeep\n|turn|7\n|\n|t:|1783795881\n|switch|p1a: Scream Tail|Scream Tail|100/100\n|move|p2a: Garganacl|Body Press|p1a: Scream Tail\n|-resisted|p1a: Scream Tail\n|-damage|p1a: Scream Tail|92/100\n|\n|-heal|p1a: Scream Tail|98/100|[from] item: Leftovers\n|-heal|p2a: Garganacl|83/100|[from] item: Leftovers\n|-damage|p2a: Garganacl|71/100|[from] Salt Cure\n|upkeep\n|turn|8\n|\n|t:|1783795891\n|move|p1a: Scream Tail|Encore|p2a: Garganacl\n|-start|p2a: Garganacl|Encore\n|move|p2a: Garganacl|Body Press|p1a: Scream Tail\n|-resisted|p1a: Scream Tail\n|-damage|p1a: Scream Tail|87/100\n|\n|-heal|p1a: Scream Tail|94/100|[from] item: Leftovers\n|-heal|p2a: Garganacl|77/100|[from] item: Leftovers\n|-damage|p2a: Garganacl|64/100|[from] Salt Cure\n|upkeep\n|turn|9\n|\n|t:|1783795900\n|switch|p2a: Maushold|Maushold-Four|100/100\n|-damage|p2a: Maushold|88/100|[from] Spikes\n|-damage|p2a: Maushold|76/100|[from] Stealth Rock\n|move|p1a: Scream Tail|Dazzling Gleam|p2a: Maushold\n|-damage|p2a: Maushold|46/100\n|\n|-heal|p1a: Scream Tail|99/100|[from] item: Leftovers\n|upkeep\n|turn|10\n|inactive|Battle timer is ON: inactive players will automatically lose when time's up. (requested by tukocazador)\n|\n|t:|1783795935\n|move|p2a: Maushold|Tidy Up|p2a: Maushold\n|-sideend|p2: tukocazador|Spikes\n|-sideend|p2: tukocazador|Stealth Rock\n|-activate|p2a: Maushold|move: Tidy Up\n|-boost|p2a: Maushold|atk|1\n|-boost|p2a: Maushold|spe|1\n|move|p1a: Scream Tail|Encore|p2a: Maushold\n|-start|p2a: Maushold|Encore\n|\n|-heal|p1a: Scream Tail|100/100|[from] item: Leftovers\n|upkeep\n|turn|11\n|\n|t:|1783795946\n|switch|p2a: Ceruledge|Ceruledge, M|100/100\n|move|p1a: Scream Tail|Dazzling Gleam|p2a: Ceruledge\n|-resisted|p2a: Ceruledge\n|-damage|p2a: Ceruledge|93/100\n|\n|upkeep\n|turn|12\n|\n|t:|1783795957\n|-end|p1a: Scream Tail|Protosynthesis|[silent]\n|switch|p1a: Garganacl|Garganacl, F|100/100\n|move|p2a: Ceruledge|Taunt|p1a: Garganacl\n|-start|p1a: Garganacl|move: Taunt\n|\n|upkeep\n|turn|13\n|\n|t:|1783795972\n|switch|p2a: Garganacl|Garganacl, F|64/100\n|switch|p1a: Scream Tail|Scream Tail|100/100\n|\n|-heal|p2a: Garganacl|71/100|[from] item: Leftovers\n|upkeep\n|turn|14\n|\n|t:|1783795980\n|-end|p1a: Scream Tail|Protosynthesis|[silent]\n|switch|p1a: Garganacl|Garganacl, F|100/100\n|move|p2a: Garganacl|Salt Cure|p1a: Garganacl\n|-damage|p1a: Garganacl|91/100\n|-start|p1a: Garganacl|Salt Cure\n|\n|-heal|p2a: Garganacl|77/100|[from] item: Leftovers\n|-heal|p1a: Garganacl|98/100|[from] item: Leftovers\n|-damage|p1a: Garganacl|85/100|[from] Salt Cure\n|upkeep\n|turn|15\n|\n|t:|1783795991\n|switch|p2a: Grimmsnarl|Grimmsnarl, M|74/100\n|move|p1a: Garganacl|Stealth Rock|p2a: Grimmsnarl\n|-sidestart|p2: tukocazador|move: Stealth Rock\n|\n|-heal|p1a: Garganacl|91/100|[from] item: Leftovers\n|-damage|p1a: Garganacl|79/100|[from] Salt Cure\n|upkeep\n|turn|16\n|\n|t:|1783796000\n|switch|p1a: Jirachi|Jirachi|100/100\n|move|p2a: Grimmsnarl|Reflect|p2a: Grimmsnarl\n|-sidestart|p2: tukocazador|Reflect\n|\n|upkeep\n|turn|17\n|\n|t:|1783796011\n|switch|p2a: Maushold|Maushold-Four|46/100\n|-damage|p2a: Maushold|34/100|[from] Stealth Rock\n|move|p1a: Jirachi|Iron Head|p2a: Maushold\n|-damage|p2a: Maushold|6/100\n|\n|upkeep\n|turn|18\n|\n|t:|1783796021\n|move|p2a: Maushold|Tidy Up|p2a: Maushold\n|-sideend|p2: tukocazador|Stealth Rock\n|-activate|p2a: Maushold|move: Tidy Up\n|-boost|p2a: Maushold|atk|1\n|-boost|p2a: Maushold|spe|1\n|move|p1a: Jirachi|Iron Head|p2a: Maushold\n|-damage|p2a: Maushold|0 fnt\n|faint|p2a: Maushold\n|\n|upkeep\n|\n|t:|1783796029\n|switch|p2a: Ceruledge|Ceruledge, M|93/100\n|turn|19\n|\n|t:|1783796033\n|switch|p1a: Garganacl|Garganacl, F|79/100\n|move|p2a: Ceruledge|Taunt|p1a: Garganacl\n|-start|p1a: Garganacl|move: Taunt\n|\n|-heal|p1a: Garganacl|85/100|[from] item: Leftovers\n|upkeep\n|turn|20\n|\n|t:|1783796046\n|switch|p1a: Scream Tail|Scream Tail|100/100\n|move|p2a: Ceruledge|Bulk Up|p2a: Ceruledge\n|-boost|p2a: Ceruledge|atk|1\n|-boost|p2a: Ceruledge|def|1\n|\n|-sideend|p2: tukocazador|Reflect\n|upkeep\n|turn|21\n|\n|t:|1783796055\n|-terastallize|p1a: Scream Tail|Water\n|move|p1a: Scream Tail|Encore|p2a: Ceruledge\n|-start|p2a: Ceruledge|Encore\n|move|p2a: Ceruledge|Bulk Up|p2a: Ceruledge\n|-boost|p2a: Ceruledge|atk|1\n|-boost|p2a: Ceruledge|def|1\n|\n|upkeep\n|turn|22\n|\n|t:|1783796069\n|-end|p1a: Scream Tail|Protosynthesis|[silent]\n|switch|p1a: Ursaluna|Ursaluna, F, shiny|100/100\n|move|p2a: Ceruledge|Bulk Up|p2a: Ceruledge\n|-boost|p2a: Ceruledge|atk|1\n|-boost|p2a: Ceruledge|def|1\n|\n|upkeep\n|turn|23\n|\n|t:|1783796076\n|-terastallize|p2a: Ceruledge|Bug\n|move|p2a: Ceruledge|Bulk Up|p2a: Ceruledge\n|-boost|p2a: Ceruledge|atk|1\n|-boost|p2a: Ceruledge|def|1\n|move|p1a: Ursaluna|Bulk Up|p1a: Ursaluna\n|-boost|p1a: Ursaluna|atk|1\n|-boost|p1a: Ursaluna|def|1\n|\n|-end|p2a: Ceruledge|Encore\n|upkeep\n|turn|24\n|\n|t:|1783796087\n|move|p2a: Ceruledge|Taunt|p1a: Ursaluna\n|-start|p1a: Ursaluna|move: Taunt\n|cant|p1a: Ursaluna|move: Taunt|Bulk Up\n|\n|upkeep\n|turn|25\n|\n|t:|1783796093\n|switch|p1a: Scream Tail|Scream Tail, tera:Water|100/100\n|move|p2a: Ceruledge|Bitter Blade|p1a: Scream Tail\n|-resisted|p1a: Scream Tail\n|-damage|p1a: Scream Tail|52/100\n|-heal|p2a: Ceruledge|100/100|[from] drain|[of] p1a: Scream Tail\n|\n|-heal|p1a: Scream Tail|59/100|[from] item: Leftovers\n|upkeep\n|turn|26\n|\n|t:|1783796102\n|move|p1a: Scream Tail|Wish|p1a: Scream Tail\n|move|p2a: Ceruledge|Bitter Blade|p1a: Scream Tail\n|-resisted|p1a: Scream Tail\n|-damage|p1a: Scream Tail|11/100\n|\n|-heal|p1a: Scream Tail|17/100|[from] item: Leftovers\n|upkeep\n|turn|27\n|\n|t:|1783796111\n|move|p1a: Scream Tail|Protect|p1a: Scream Tail\n|-singleturn|p1a: Scream Tail|Protect\n|move|p2a: Ceruledge|Shadow Sneak|p1a: Scream Tail\n|-activate|p1a: Scream Tail|move: Protect\n|\n|-heal|p1a: Scream Tail|67/100|[from] move: Wish|[wisher] Scream Tail\n|-heal|p1a: Scream Tail|73/100|[from] item: Leftovers\n|upkeep\n|turn|28\n|\n|t:|1783796120\n|move|p1a: Scream Tail|Encore|p2a: Ceruledge\n|-start|p2a: Ceruledge|Encore\n|move|p2a: Ceruledge|Shadow Sneak|p1a: Scream Tail\n|-damage|p1a: Scream Tail|31/100\n|\n|-heal|p1a: Scream Tail|37/100|[from] item: Leftovers\n|upkeep\n|turn|29\n|\n|t:|1783796128\n|-end|p1a: Scream Tail|Protosynthesis|[silent]\n|switch|p1a: Garganacl|Garganacl, F|85/100\n|move|p2a: Ceruledge|Shadow Sneak|p1a: Garganacl\n|-damage|p1a: Garganacl|70/100\n|\n|-heal|p1a: Garganacl|76/100|[from] item: Leftovers\n|upkeep\n|turn|30\n|\n|t:|1783796135\n|move|p2a: Ceruledge|Shadow Sneak|p1a: Garganacl\n|-damage|p1a: Garganacl|59/100\n|move|p1a: Garganacl|Salt Cure|p2a: Ceruledge\n|-supereffective|p2a: Ceruledge\n|-damage|p2a: Ceruledge|90/100\n|\n|-heal|p1a: Garganacl|65/100|[from] item: Leftovers\n|-end|p2a: Ceruledge|Encore\n|upkeep\n|turn|31\n|-message|whodidwhatwhy forfeited.\n|\n|win|tukocazador\n|raw|whodidwhatwhy's rating: 1488 &rarr; <strong>1470</strong><br />(-18 for losing)\n|raw|tukocazador's rating: 1528 &rarr; <strong>1546</strong><br />(+18 for winning)\n|l|☆whodidwhatwhy\n|player|p1|\n|l|☆tukocazador\n|player|p2|\n", "uploadtime": 1783796388, "views": 5, "formatid": "gen9ou", "rating": 1470, "private": 0, "password": null}