{"id": "gen9ou-2640014575", "format": "[Gen 9] OU", "players": ["fachkus", "SwordIsBored"], "log": "|j|☆fachkus\n|j|☆SwordIsBored\n|t:|1782564048\n|gametype|singles\n|player|p1|fachkus|102|1655\n|player|p2|SwordIsBored|#1v1plixheatrans|1733\n|gen|9\n|tier|[Gen 9] OU\n|rated|\n|rule|HP Percentage Mod: HP is shown in percentages\n|rule|Endless Battle Clause: Forcing endless battles is banned\n|rule|Species Clause: Limit one of each Pokémon\n|rule|OHKO Clause: OHKO moves are banned\n|rule|Evasion Items Clause: Evasion items are banned\n|rule|Evasion Moves Clause: Evasion moves are banned\n|rule|Evasion Abilities Clause: Evasion abilities are banned\n|rule|Sleep Moves Clause: Sleep-inducing moves are banned\n|clearpoke\n|poke|p1|Iron Moth|\n|poke|p1|Gliscor, M|\n|poke|p1|Hatterene, F|\n|poke|p1|Ogerpon-Wellspring, F|\n|poke|p1|Raging Bolt|\n|poke|p1|Zamazenta-*|\n|poke|p2|Glimmora, M|\n|poke|p2|Darkrai|\n|poke|p2|Raging Bolt|\n|poke|p2|Kingambit, M|\n|poke|p2|Primarina, F|\n|poke|p2|Iron Valiant|\n|teampreview\n|inactive|Battle timer is ON: inactive players will automatically lose when time's up. (requested by fachkus)\n|c|☆SwordIsBored|glhf\n|\n|t:|1782564087\n|teamsize|p1|6\n|teamsize|p2|6\n|start\n|switch|p1a: Zamazenta|Zamazenta|100/100\n|switch|p2a: Darkrai|Darkrai|100/100\n|-ability|p1a: Zamazenta|Dauntless Shield|boost\n|-boost|p1a: Zamazenta|def|1\n|turn|1\n|\n|t:|1782564099\n|switch|p2a: Glimmora|Glimmora, M|100/100\n|move|p1a: Zamazenta|Light Screen|p1a: Zamazenta\n|-sidestart|p1: fachkus|move: Light Screen\n|\n|upkeep\n|turn|2\n|\n|t:|1782564112\n|switch|p1a: Gliscor|Gliscor, M|100/100\n|move|p2a: Glimmora|Stealth Rock|p1a: Gliscor\n|-sidestart|p1: fachkus|move: Stealth Rock\n|\n|-status|p1a: Gliscor|tox|[from] item: Toxic Orb\n|upkeep\n|turn|3\n|\n|t:|1782564134\n|switch|p2a: Primarina|Primarina, F|100/100\n|move|p1a: Gliscor|Swords Dance|p1a: Gliscor\n|-boost|p1a: Gliscor|atk|2\n|\n|upkeep\n|turn|4\n|\n|t:|1782564147\n|move|p1a: Gliscor|Earthquake|p2a: Primarina\n|-damage|p2a: Primarina|7/100\n|move|p2a: Primarina|Encore|p1a: Gliscor\n|-start|p1a: Gliscor|Encore\n|\n|upkeep\n|turn|5\n|-enditem|p2a: Primarina|Custap Berry|[eat]\n|-activate|p2a: Primarina|item: Custap Berry|[consumed]\n|\n|t:|1782564162\n|move|p2a: Primarina|Surf|p1a: Gliscor\n|-supereffective|p1a: Gliscor\n|-damage|p1a: Gliscor|12/100 tox\n|move|p1a: Gliscor|Earthquake|p2a: Primarina\n|-damage|p2a: Primarina|0 fnt\n|faint|p2a: Primarina\n|\n|-heal|p1a: Gliscor|24/100 tox|[from] ability: Poison Heal\n|upkeep\n|\n|t:|1782564171\n|switch|p2a: Darkrai|Darkrai|100/100\n|turn|6\n|\n|t:|1782564184\n|switch|p1a: Raging Bolt|Raging Bolt|100/100\n|-damage|p1a: Raging Bolt|88/100|[from] Stealth Rock\n|-enditem|p1a: Raging Bolt|Booster Energy\n|-activate|p1a: Raging Bolt|ability: Protosynthesis|[fromitem]\n|-start|p1a: Raging Bolt|protosynthesisspa\n|move|p2a: Darkrai|Ice Beam|p1a: Raging Bolt\n|-supereffective|p1a: Raging Bolt\n|-damage|p1a: Raging Bolt|51/100\n|-damage|p2a: Darkrai|91/100|[from] item: Life Orb\n|\n|upkeep\n|turn|7\n|\n|t:|1782564197\n|switch|p2a: Glimmora|Glimmora, M|100/100\n|move|p1a: Raging Bolt|Thunderbolt|p2a: Glimmora\n|-damage|p2a: Glimmora|15/100\n|-enditem|p2a: Glimmora|Red Card|[of] p1a: Raging Bolt\n|-end|p1a: Raging Bolt|Protosynthesis|[silent]\n|drag|p1a: Iron Moth|Iron Moth|100/100\n|-damage|p1a: Iron Moth|76/100|[from] Stealth Rock\n|-enditem|p1a: Iron Moth|Booster Energy\n|-activate|p1a: Iron Moth|ability: Quark Drive|[fromitem]\n|-start|p1a: Iron Moth|quarkdrivespe\n|\n|upkeep\n|turn|8\n|\n|t:|1782564212\n|move|p1a: Iron Moth|Fiery Dance|p2a: Glimmora\n|-resisted|p2a: Glimmora\n|-damage|p2a: Glimmora|0 fnt\n|-boost|p1a: Iron Moth|spa|1\n|faint|p2a: Glimmora\n|\n|-sideend|p1: fachkus|move: Light Screen\n|upkeep\n|\n|t:|1782564216\n|switch|p2a: Kingambit|Kingambit, M|100/100\n|-activate|p2a: Kingambit|ability: Supreme Overlord\n|-start|p2a: Kingambit|fallen2|[silent]\n|turn|9\n|\n|t:|1782564237\n|move|p2a: Kingambit|Sucker Punch|p1a: Iron Moth\n|-damage|p1a: Iron Moth|0 fnt\n|faint|p1a: Iron Moth\n|-end|p1a: Iron Moth|Quark Drive|[silent]\n|\n|upkeep\n|\n|t:|1782564253\n|switch|p1a: Zamazenta|Zamazenta|100/100\n|-damage|p1a: Zamazenta|94/100|[from] Stealth Rock\n|turn|10\n|\n|t:|1782564265\n|-end|p2a: Kingambit|fallen2|[silent]\n|switch|p2a: Iron Valiant|Iron Valiant|100/100\n|-enditem|p2a: Iron Valiant|Booster Energy\n|-activate|p2a: Iron Valiant|ability: Quark Drive|[fromitem]\n|-start|p2a: Iron Valiant|quarkdrivespe\n|move|p1a: Zamazenta|Close Combat|p2a: Iron Valiant\n|-resisted|p2a: Iron Valiant\n|-damage|p2a: Iron Valiant|67/100\n|-unboost|p1a: Zamazenta|def|1\n|-unboost|p1a: Zamazenta|spd|1\n|\n|upkeep\n|turn|11\n|\n|t:|1782564278\n|switch|p1a: Hatterene|Hatterene, F|100/100\n|-damage|p1a: Hatterene|88/100|[from] Stealth Rock\n|move|p2a: Iron Valiant|Moonblast|p1a: Hatterene\n|-damage|p1a: Hatterene|44/100\n|\n|-heal|p1a: Hatterene|50/100|[from] item: Leftovers\n|upkeep\n|turn|12\n|\n|t:|1782564292\n|move|p2a: Iron Valiant|Shadow Ball|p1a: Hatterene\n|-supereffective|p1a: Hatterene\n|-damage|p1a: Hatterene|0 fnt\n|faint|p1a: Hatterene\n|\n|upkeep\n|\n|t:|1782564305\n|switch|p1a: Ogerpon|Ogerpon-Wellspring, F|100/100\n|-damage|p1a: Ogerpon|88/100|[from] Stealth Rock\n|turn|13\n|\n|t:|1782564317\n|-end|p2a: Iron Valiant|Quark Drive|[silent]\n|switch|p2a: Raging Bolt|Raging Bolt|100/100\n|-enditem|p2a: Raging Bolt|Booster Energy\n|-activate|p2a: Raging Bolt|ability: Protosynthesis|[fromitem]\n|-start|p2a: Raging Bolt|protosynthesisspa\n|move|p1a: Ogerpon|Ivy Cudgel|p2a: Raging Bolt|[anim] Ivy Cudgel Water\n|-resisted|p2a: Raging Bolt\n|-damage|p2a: Raging Bolt|72/100\n|\n|upkeep\n|turn|14\n|\n|t:|1782564331\n|switch|p1a: Raging Bolt|Raging Bolt|51/100\n|-damage|p1a: Raging Bolt|39/100|[from] Stealth Rock\n|move|p2a: Raging Bolt|Thunderbolt|p1a: Raging Bolt\n|-resisted|p1a: Raging Bolt\n|-crit|p1a: Raging Bolt\n|-damage|p1a: Raging Bolt|15/100\n|\n|upkeep\n|turn|15\n|\n|t:|1782564344\n|move|p2a: Raging Bolt|Dragon Pulse|p1a: Raging Bolt\n|-supereffective|p1a: Raging Bolt\n|-damage|p1a: Raging Bolt|0 fnt\n|faint|p1a: Raging Bolt\n|-end|p1a: Raging Bolt|Protosynthesis|[silent]\n|\n|upkeep\n|inactive|fachkus has 120 seconds left.\n|\n|t:|1782564357\n|switch|p1a: Gliscor|Gliscor, M|24/100 tox\n|-damage|p1a: Gliscor|12/100 tox|[from] Stealth Rock\n|turn|16\n|inactive|fachkus has 120 seconds left.\n|\n|t:|1782564390\n|move|p1a: Gliscor|Earthquake|p2a: Raging Bolt\n|-supereffective|p2a: Raging Bolt\n|-damage|p2a: Raging Bolt|0 fnt\n|faint|p2a: Raging Bolt\n|-end|p2a: Raging Bolt|Protosynthesis|[silent]\n|\n|-heal|p1a: Gliscor|24/100 tox|[from] ability: Poison Heal\n|upkeep\n|\n|t:|1782564397\n|switch|p2a: Darkrai|Darkrai|91/100\n|turn|17\n|inactive|SwordIsBored has 120 seconds left.\n|\n|t:|1782564425\n|move|p2a: Darkrai|Dark Pulse|p1a: Gliscor\n|-damage|p1a: Gliscor|0 fnt\n|faint|p1a: Gliscor\n|-damage|p2a: Darkrai|81/100|[from] item: Life Orb\n|\n|upkeep\n|inactive|fachkus has 120 seconds left.\n|\n|t:|1782564437\n|switch|p1a: Zamazenta|Zamazenta|94/100\n|-damage|p1a: Zamazenta|88/100|[from] Stealth Rock\n|turn|18\n|inactive|fachkus has 120 seconds left.\n|\n|t:|1782564450\n|move|p1a: Zamazenta|Ice Fang|p2a: Darkrai\n|-damage|p2a: Darkrai|57/100\n|-status|p2a: Darkrai|frz\n|cant|p2a: Darkrai|frz\n|\n|upkeep\n|turn|19\n|inactive|fachkus has 120 seconds left.\n|\n|t:|1782564462\n|switch|p2a: Iron Valiant|Iron Valiant|67/100\n|move|p1a: Zamazenta|Ice Fang|p2a: Iron Valiant\n|-damage|p2a: Iron Valiant|45/100\n|\n|upkeep\n|turn|20\n|inactive|fachkus has 120 seconds left.\n|\n|t:|1782564476\n|-terastallize|p1a: Zamazenta|Fire\n|move|p1a: Zamazenta|Ice Fang|p2a: Iron Valiant|[miss]\n|-miss|p1a: Zamazenta|p2a: Iron Valiant\n|move|p2a: Iron Valiant|Moonblast|p1a: Zamazenta\n|-resisted|p1a: Zamazenta\n|-crit|p1a: Zamazenta\n|-damage|p1a: Zamazenta|62/100\n|\n|upkeep\n|turn|21\n|inactive|fachkus has 120 seconds left.\n|\n|t:|1782564494\n|move|p1a: Zamazenta|Ice Fang|p2a: Iron Valiant\n|-damage|p2a: Iron Valiant|22/100\n|cant|p2a: Iron Valiant|flinch\n|\n|upkeep\n|turn|22\n|inactive|fachkus has 120 seconds left.\n|\n|t:|1782564513\n|-end|p2a: Iron Valiant|Quark Drive|[silent]\n|switch|p2a: Darkrai|Darkrai|57/100 frz\n|move|p1a: Zamazenta|Reflect|p1a: Zamazenta\n|-sidestart|p1: fachkus|Reflect\n|\n|upkeep\n|turn|23\n|inactive|fachkus has 120 seconds left.\n|\n|t:|1782564525\n|move|p1a: Zamazenta|Ice Fang|p2a: Darkrai\n|-crit|p2a: Darkrai\n|-damage|p2a: Darkrai|19/100 frz\n|cant|p2a: Darkrai|frz\n|\n|upkeep\n|turn|24\n|inactive|fachkus has 120 seconds left.\n|\n|t:|1782564538\n|move|p1a: Zamazenta|Light Screen|p1a: Zamazenta\n|-sidestart|p1: fachkus|move: Light Screen\n|-curestatus|p2a: Darkrai|frz|[msg]\n|move|p2a: Darkrai|Dark Pulse|p1a: Zamazenta\n|-damage|p1a: Zamazenta|40/100\n|-damage|p2a: Darkrai|9/100|[from] item: Life Orb\n|\n|upkeep\n|turn|25\n|inactive|fachkus has 120 seconds left.\n|\n|t:|1782564550\n|switch|p2a: Iron Valiant|Iron Valiant|22/100\n|move|p1a: Zamazenta|Ice Fang|p2a: Iron Valiant\n|-damage|p2a: Iron Valiant|0 fnt\n|faint|p2a: Iron Valiant\n|-end|p2a: Iron Valiant|Quark Drive|[silent]\n|\n|upkeep\n|\n|t:|1782564554\n|switch|p2a: Kingambit|Kingambit, M|100/100\n|-activate|p2a: Kingambit|ability: Supreme Overlord\n|-start|p2a: Kingambit|fallen4|[silent]\n|turn|26\n|inactive|SwordIsBored has 120 seconds left.\n|\n|t:|1782564592\n|-terastallize|p2a: Kingambit|Dark\n|move|p1a: Zamazenta|Close Combat|p2a: Kingambit\n|-supereffective|p2a: Kingambit\n|-damage|p2a: Kingambit|21/100\n|-unboost|p1a: Zamazenta|def|1\n|-unboost|p1a: Zamazenta|spd|1\n|move|p2a: Kingambit|Kowtow Cleave|p1a: Zamazenta\n|-damage|p1a: Zamazenta|0 fnt\n|faint|p1a: Zamazenta\n|\n|upkeep\n|inactive|fachkus has 120 seconds left.\n|\n|t:|1782564609\n|switch|p1a: Ogerpon|Ogerpon-Wellspring, F|88/100\n|-damage|p1a: Ogerpon|76/100|[from] Stealth Rock\n|turn|27\n|inactive|fachkus has 120 seconds left.\n|\n|t:|1782564621\n|move|p2a: Kingambit|Sucker Punch|p1a: Ogerpon\n|-damage|p1a: Ogerpon|15/100\n|move|p1a: Ogerpon|Trailblaze|p2a: Kingambit\n|-damage|p2a: Kingambit|0 fnt\n|-boost|p1a: Ogerpon|spe|1\n|faint|p2a: Kingambit\n|-end|p2a: Kingambit|fallen4|[silent]\n|\n|upkeep\n|\n|t:|1782564626\n|switch|p2a: Darkrai|Darkrai|9/100\n|turn|28\n|inactive|fachkus has 120 seconds left.\n|\n|t:|1782564637\n|move|p1a: Ogerpon|Ivy Cudgel|p2a: Darkrai|[anim] Ivy Cudgel Water\n|-damage|p2a: Darkrai|0 fnt\n|faint|p2a: Darkrai\n|\n|win|fachkus\n|raw|fachkus's rating: 1655 &rarr; <strong>1679</strong><br />(+24 for winning)\n|raw|SwordIsBored's rating: 1733 &rarr; <strong>1709</strong><br />(-24 for losing)\n", "uploadtime": 1782564638, "views": 9, "formatid": "gen9ou", "rating": 1679, "private": 0, "password": null}