{"id": "gen9ou-2647771538", "format": "[Gen 9] OU", "players": ["JoYuKneekYT", "Slawman117"], "log": "|j|☆JoYuKneekYT\n|j|☆Slawman117\n|t:|1783809790\n|gametype|singles\n|player|p1|JoYuKneekYT|cynthia|1285\n|player|p2|Slawman117|palmer|1283\n|gen|9\n|tier|[Gen 9] OU\n|rated|\n|rule|HP Percentage Mod: HP is shown in percentages\n|rule|Endless Battle Clause: Forcing endless battles is banned\n|rule|Species Clause: Limit one of each Pokémon\n|rule|OHKO Clause: OHKO moves are banned\n|rule|Evasion Items Clause: Evasion items are banned\n|rule|Evasion Moves Clause: Evasion moves are banned\n|rule|Evasion Abilities Clause: Evasion abilities are banned\n|rule|Sleep Moves Clause: Sleep-inducing moves are banned\n|clearpoke\n|poke|p1|Oricorio-Pom-Pom, F|\n|poke|p1|Ceruledge, F|\n|poke|p1|Grimmsnarl, M|\n|poke|p1|Decidueye-Hisui, M|\n|poke|p1|Cinderace, M|\n|poke|p1|Ogerpon-Wellspring, F|\n|poke|p2|Rillaboom, F|\n|poke|p2|Hawlucha, F|\n|poke|p2|Lycanroc-Dusk, F|\n|poke|p2|Goodra-Hisui, F|\n|poke|p2|Great Tusk|\n|poke|p2|Primarina, F|\n|teampreview\n|\n|t:|1783809810\n|teamsize|p1|6\n|teamsize|p2|6\n|start\n|switch|p1a: Cinderace|Cinderace, M|100/100\n|switch|p2a: Lycanroc|Lycanroc-Dusk, F|100/100\n|turn|1\n|\n|t:|1783809818\n|move|p1a: Cinderace|High Jump Kick|p2a: Lycanroc\n|-start|p1a: Cinderace|typechange|Fighting|[from] ability: Libero\n|-supereffective|p2a: Lycanroc\n|-enditem|p2a: Lycanroc|Focus Sash\n|-damage|p2a: Lycanroc|1/100\n|move|p2a: Lycanroc|Stealth Rock|p1a: Cinderace\n|-sidestart|p1: JoYuKneekYT|move: Stealth Rock\n|\n|upkeep\n|turn|2\n|\n|t:|1783809828\n|move|p2a: Lycanroc|Accelerock|p1a: Cinderace\n|-resisted|p1a: Cinderace\n|-damage|p1a: Cinderace|82/100\n|move|p1a: Cinderace|Pyro Ball|p2a: Lycanroc\n|-resisted|p2a: Lycanroc\n|-damage|p2a: Lycanroc|0 fnt\n|faint|p2a: Lycanroc\n|\n|upkeep\n|\n|t:|1783809834\n|switch|p2a: Primarina|Primarina, F|100/100\n|turn|3\n|\n|t:|1783809837\n|move|p1a: Cinderace|Court Change|p1a: Cinderace\n|-swapsideconditions\n|-activate|p1a: Cinderace|move: Court Change\n|move|p2a: Primarina|Flip Turn|p1a: Cinderace\n|-damage|p1a: Cinderace|61/100\n|\n|t:|1783809847\n|switch|p2a: Hawlucha|Hawlucha, F|100/100|[from] Flip Turn\n|-damage|p2a: Hawlucha|88/100|[from] Stealth Rock\n|\n|upkeep\n|turn|4\n|\n|t:|1783809851\n|switch|p2a: Primarina|Primarina, F|100/100\n|-damage|p2a: Primarina|88/100|[from] Stealth Rock\n|move|p1a: Cinderace|Pyro Ball|p2a: Primarina\n|-resisted|p2a: Primarina\n|-damage|p2a: Primarina|64/100\n|\n|upkeep\n|turn|5\n|\n|t:|1783809855\n|move|p1a: Cinderace|U-turn|p2a: Primarina\n|-resisted|p2a: Primarina\n|-damage|p2a: Primarina|48/100\n|\n|t:|1783809858\n|switch|p1a: Ogerpon|Ogerpon-Wellspring, F|100/100|[from] U-turn\n|move|p2a: Primarina|Moonblast|p1a: Ogerpon\n|-damage|p1a: Ogerpon|38/100\n|\n|upkeep\n|turn|6\n|\n|t:|1783809872\n|switch|p2a: Rillaboom|Rillaboom, F|100/100\n|-damage|p2a: Rillaboom|88/100|[from] Stealth Rock\n|-fieldstart|move: Grassy Terrain|[from] ability: Grassy Surge|[of] p2a: Rillaboom\n|move|p1a: Ogerpon|Trailblaze|p2a: Rillaboom\n|-resisted|p2a: Rillaboom\n|-damage|p2a: Rillaboom|68/100\n|-boost|p1a: Ogerpon|spe|1\n|\n|-heal|p1a: Ogerpon|44/100|[from] Grassy Terrain\n|-heal|p2a: Rillaboom|74/100|[from] Grassy Terrain\n|upkeep\n|turn|7\n|\n|t:|1783809883\n|switch|p1a: Cinderace|Cinderace, M|61/100\n|move|p2a: Rillaboom|U-turn|p1a: Cinderace\n|-resisted|p1a: Cinderace\n|-damage|p1a: Cinderace|33/100\n|\n|t:|1783809893\n|switch|p2a: Primarina|Primarina, F|48/100|[from] U-turn\n|-damage|p2a: Primarina|36/100|[from] Stealth Rock\n|\n|-heal|p1a: Cinderace|39/100|[from] Grassy Terrain\n|-heal|p2a: Primarina|42/100|[from] Grassy Terrain\n|upkeep\n|turn|8\n|\n|t:|1783809901\n|move|p1a: Cinderace|Pyro Ball|p2a: Primarina\n|-resisted|p2a: Primarina\n|-damage|p2a: Primarina|0 fnt\n|faint|p2a: Primarina\n|\n|-heal|p1a: Cinderace|45/100|[from] Grassy Terrain\n|upkeep\n|\n|t:|1783809907\n|switch|p2a: Hawlucha|Hawlucha, F|88/100\n|-damage|p2a: Hawlucha|76/100|[from] Stealth Rock\n|-enditem|p2a: Hawlucha|Grassy Seed\n|-boost|p2a: Hawlucha|def|1|[from] item: Grassy Seed\n|turn|9\n|\n|t:|1783809915\n|move|p2a: Hawlucha|Swords Dance|p2a: Hawlucha\n|-boost|p2a: Hawlucha|atk|2\n|move|p1a: Cinderace|Pyro Ball|p2a: Hawlucha\n|-damage|p2a: Hawlucha|19/100\n|\n|-heal|p1a: Cinderace|51/100|[from] Grassy Terrain\n|upkeep\n|turn|10\n|\n|t:|1783809920\n|move|p2a: Hawlucha|Acrobatics|p1a: Cinderace\n|-damage|p1a: Cinderace|0 fnt\n|faint|p1a: Cinderace\n|\n|-fieldend|move: Grassy Terrain\n|upkeep\n|\n|t:|1783809926\n|switch|p1a: Ceruledge|Ceruledge, F|100/100\n|turn|11\n|\n|t:|1783809934\n|move|p1a: Ceruledge|Shadow Sneak|p2a: Hawlucha\n|-damage|p2a: Hawlucha|0 fnt\n|faint|p2a: Hawlucha\n|\n|upkeep\n|\n|t:|1783809937\n|switch|p2a: Great Tusk|Great Tusk|100/100\n|turn|12\n|\n|t:|1783809940\n|move|p2a: Great Tusk|Rapid Spin|p1a: Ceruledge\n|-immune|p1a: Ceruledge\n|move|p1a: Ceruledge|Swords Dance|p1a: Ceruledge\n|-boost|p1a: Ceruledge|atk|2\n|\n|upkeep\n|turn|13\n|\n|t:|1783809945\n|move|p2a: Great Tusk|Headlong Rush|p1a: Ceruledge\n|-supereffective|p1a: Ceruledge\n|-enditem|p1a: Ceruledge|Focus Sash\n|-damage|p1a: Ceruledge|1/100\n|-unboost|p2a: Great Tusk|def|1\n|-unboost|p2a: Great Tusk|spd|1\n|-ability|p1a: Ceruledge|Weak Armor|boost\n|-unboost|p1a: Ceruledge|def|1\n|-boost|p1a: Ceruledge|spe|2\n|move|p1a: Ceruledge|Swords Dance|p1a: Ceruledge\n|-boost|p1a: Ceruledge|atk|2\n|\n|upkeep\n|turn|14\n|\n|t:|1783809950\n|move|p1a: Ceruledge|Bitter Blade|p2a: Great Tusk\n|-damage|p2a: Great Tusk|0 fnt\n|-heal|p1a: Ceruledge|65/100|[from] drain|[of] p2a: Great Tusk\n|faint|p2a: Great Tusk\n|-end|p2a: Great Tusk|Protosynthesis|[silent]\n|\n|upkeep\n|-message|Slawman117 forfeited.\n|\n|win|JoYuKneekYT\n|raw|JoYuKneekYT's rating: 1285 &rarr; <strong>1310</strong><br />(+25 for winning)\n|raw|Slawman117's rating: 1283 &rarr; <strong>1258</strong><br />(-25 for losing)\n|l|☆Slawman117\n|player|p2|\n|l|☆JoYuKneekYT\n|player|p1|\n", "uploadtime": 1783810257, "views": 14, "formatid": "gen9ou", "rating": 1258, "private": 0, "password": null}