{"id": "gen9ou-2639224840", "format": "[Gen 9] OU", "players": ["daeron's", "tbm22"], "log": "|j|☆daeron's\n|j|☆tbm22\n|t:|1782436767\n|gametype|singles\n|player|p1|daeron's|iris-gen5bw2|1196\n|player|p2|tbm22|1|1287\n|gen|9\n|tier|[Gen 9] OU\n|rated|\n|rule|HP Percentage Mod: HP is shown in percentages\n|rule|Endless Battle Clause: Forcing endless battles is banned\n|rule|Species Clause: Limit one of each Pokémon\n|rule|OHKO Clause: OHKO moves are banned\n|rule|Evasion Items Clause: Evasion items are banned\n|rule|Evasion Moves Clause: Evasion moves are banned\n|rule|Evasion Abilities Clause: Evasion abilities are banned\n|rule|Sleep Moves Clause: Sleep-inducing moves are banned\n|clearpoke\n|poke|p1|Appletun, F|\n|poke|p1|Cinderace, F|\n|poke|p1|Landorus-Therian, M|\n|poke|p1|Iron Crown|\n|poke|p1|Alomomola, M|\n|poke|p1|Gliscor, M|\n|poke|p2|Great Tusk|\n|poke|p2|Kingambit, M|\n|poke|p2|Raging Bolt|\n|poke|p2|Walking Wake|\n|poke|p2|Ninetales, M|\n|poke|p2|Ceruledge, F|\n|teampreview\n|inactive|Battle timer is ON: inactive players will automatically lose when time's up. (requested by daeron's)\n|\n|t:|1782436774\n|teamsize|p1|6\n|teamsize|p2|6\n|start\n|switch|p1a: Landorus|Landorus-Therian, M|100/100\n|switch|p2a: Ninetales|Ninetales, M|100/100\n|-weather|SunnyDay|[from] ability: Drought|[of] p2a: Ninetales\n|-ability|p1a: Landorus|Intimidate|boost\n|-unboost|p2a: Ninetales|atk|1\n|turn|1\n|\n|t:|1782436786\n|switch|p2a: Great Tusk|Great Tusk|100/100\n|-activate|p2a: Great Tusk|ability: Protosynthesis\n|-start|p2a: Great Tusk|protosynthesisatk\n|move|p1a: Landorus|Earthquake|p2a: Great Tusk\n|-damage|p2a: Great Tusk|62/100\n|\n|-weather|SunnyDay|[upkeep]\n|upkeep\n|turn|2\n|\n|t:|1782436795\n|move|p1a: Landorus|U-turn|p2a: Great Tusk\n|-resisted|p2a: Great Tusk\n|-damage|p2a: Great Tusk|53/100\n|\n|t:|1782436800\n|switch|p1a: Alomomola|Alomomola, M|100/100|[from] U-turn\n|move|p2a: Great Tusk|Ice Spinner|p1a: Alomomola\n|-resisted|p1a: Alomomola\n|-damage|p1a: Alomomola|89/100\n|\n|-weather|SunnyDay|[upkeep]\n|-heal|p1a: Alomomola|95/100|[from] item: Leftovers\n|upkeep\n|turn|3\n|\n|t:|1782436815\n|move|p2a: Great Tusk|Headlong Rush|p1a: Alomomola\n|-damage|p1a: Alomomola|38/100\n|-unboost|p2a: Great Tusk|def|1\n|-unboost|p2a: Great Tusk|spd|1\n|move|p1a: Alomomola|Flip Turn|p2a: Great Tusk\n|-supereffective|p2a: Great Tusk\n|-damage|p2a: Great Tusk|34/100\n|\n|t:|1782436826\n|switch|p1a: Cinderace|Cinderace, F|100/100|[from] Flip Turn\n|\n|-weather|SunnyDay|[upkeep]\n|upkeep\n|turn|4\n|\n|t:|1782436842\n|-end|p2a: Great Tusk|Protosynthesis|[silent]\n|switch|p2a: Walking Wake|Walking Wake|100/100\n|-activate|p2a: Walking Wake|ability: Protosynthesis\n|-start|p2a: Walking Wake|protosynthesisspe\n|move|p1a: Cinderace|Pyro Ball|p2a: Walking Wake\n|-resisted|p2a: Walking Wake\n|-crit|p2a: Walking Wake\n|-damage|p2a: Walking Wake|66/100\n|\n|-weather|SunnyDay|[upkeep]\n|upkeep\n|turn|5\n|\n|t:|1782436849\n|move|p2a: Walking Wake|Hydro Steam|p1a: Cinderace\n|-supereffective|p1a: Cinderace\n|-damage|p1a: Cinderace|0 fnt\n|faint|p1a: Cinderace\n|\n|-weather|SunnyDay|[upkeep]\n|upkeep\n|\n|t:|1782436854\n|switch|p1a: Gliscor|Gliscor, M|100/100\n|turn|6\n|\n|t:|1782436859\n|move|p2a: Walking Wake|Hydro Steam|p1a: Gliscor\n|-supereffective|p1a: Gliscor\n|-damage|p1a: Gliscor|0 fnt\n|faint|p1a: Gliscor\n|\n|-weather|SunnyDay|[upkeep]\n|upkeep\n|\n|t:|1782436872\n|switch|p1a: Appletun|Appletun, F|100/100\n|turn|7\n|\n|t:|1782436882\n|move|p2a: Walking Wake|Draco Meteor|p1a: Appletun|[miss]\n|-miss|p2a: Walking Wake|p1a: Appletun\n|move|p1a: Appletun|Leech Seed|p2a: Walking Wake\n|-start|p2a: Walking Wake|move: Leech Seed\n|\n|-weather|SunnyDay|[upkeep]\n|-damage|p2a: Walking Wake|54/100|[from] Leech Seed|[of] p1a: Appletun\n|upkeep\n|turn|8\n|\n|t:|1782436888\n|move|p1a: Appletun|Protect|p1a: Appletun\n|-singleturn|p1a: Appletun|Protect\n|move|p2a: Walking Wake|Flip Turn|p1a: Appletun\n|-activate|p1a: Appletun|move: Protect\n|\n|-weather|none\n|-end|p2a: Walking Wake|Protosynthesis\n|-damage|p2a: Walking Wake|41/100|[from] Leech Seed|[of] p1a: Appletun\n|upkeep\n|turn|9\n|\n|t:|1782436898\n|-end|p2a: Walking Wake|Protosynthesis|[silent]\n|switch|p2a: Ninetales|Ninetales, M|100/100\n|-weather|SunnyDay|[from] ability: Drought|[of] p2a: Ninetales\n|move|p1a: Appletun|Apple Acid|p2a: Ninetales\n|-resisted|p2a: Ninetales\n|-damage|p2a: Ninetales|85/100\n|-unboost|p2a: Ninetales|spd|1\n|\n|-weather|SunnyDay|[upkeep]\n|upkeep\n|turn|10\n|inactive|tbm22 has 120 seconds left.\n|inactive|tbm22 has 90 seconds left.\n|\n|t:|1782436960\n|move|p2a: Ninetales|Encore|p1a: Appletun\n|-start|p1a: Appletun|Encore\n|move|p1a: Appletun|Apple Acid|p2a: Ninetales\n|-resisted|p2a: Ninetales\n|-damage|p2a: Ninetales|59/100\n|-unboost|p2a: Ninetales|spd|1\n|\n|-weather|SunnyDay|[upkeep]\n|upkeep\n|turn|11\n|\n|t:|1782436974\n|switch|p2a: Raging Bolt|Raging Bolt|100/100\n|-activate|p2a: Raging Bolt|ability: Protosynthesis\n|-start|p2a: Raging Bolt|protosynthesisspa\n|move|p1a: Appletun|Apple Acid|p2a: Raging Bolt\n|-resisted|p2a: Raging Bolt\n|-damage|p2a: Raging Bolt|87/100\n|-unboost|p2a: Raging Bolt|spd|1\n|\n|-weather|SunnyDay|[upkeep]\n|upkeep\n|turn|12\n|\n|t:|1782436984\n|move|p2a: Raging Bolt|Dragon Pulse|p1a: Appletun\n|-supereffective|p1a: Appletun\n|-damage|p1a: Appletun|0 fnt\n|faint|p1a: Appletun\n|-damage|p2a: Raging Bolt|77/100|[from] item: Life Orb\n|\n|-weather|SunnyDay|[upkeep]\n|upkeep\n|-message|daeron's forfeited.\n|\n|win|tbm22\n|raw|daeron&apos;s's rating: 1196 &rarr; <strong>1177</strong><br />(-19 for losing)\n|raw|tbm22's rating: 1287 &rarr; <strong>1306</strong><br />(+19 for winning)\n|l|☆daeron's\n|player|p1|\n|l|☆tbm22\n|player|p2|\n", "uploadtime": 1782437315, "views": 4, "formatid": "gen9ou", "rating": 1177, "private": 0, "password": null}