{"id": "gen9ou-2647782218", "format": "[Gen 9] OU", "players": ["Randomstuf13", "error426"], "log": "|j|☆Randomstuf13\n|j|☆error426\n|t:|1783811687\n|gametype|singles\n|player|p1|Randomstuf13|266|1365\n|player|p2|error426|gentleman-gen4|1332\n|gen|9\n|tier|[Gen 9] OU\n|rated|\n|rule|HP Percentage Mod: HP is shown in percentages\n|rule|Endless Battle Clause: Forcing endless battles is banned\n|rule|Species Clause: Limit one of each Pokémon\n|rule|OHKO Clause: OHKO moves are banned\n|rule|Evasion Items Clause: Evasion items are banned\n|rule|Evasion Moves Clause: Evasion moves are banned\n|rule|Evasion Abilities Clause: Evasion abilities are banned\n|rule|Sleep Moves Clause: Sleep-inducing moves are banned\n|clearpoke\n|poke|p1|Iron Treads|\n|poke|p1|Zapdos|\n|poke|p1|Barraskewda, M|\n|poke|p1|Clodsire, M|\n|poke|p1|Scizor, M|\n|poke|p1|Pelipper, F|\n|poke|p2|Great Tusk|\n|poke|p2|Kingambit, M|\n|poke|p2|Raging Bolt|\n|poke|p2|Walking Wake|\n|poke|p2|Ninetales, M|\n|poke|p2|Venusaur, F|\n|teampreview\n|inactive|Battle timer is ON: inactive players will automatically lose when time's up. (requested by error426)\n|\n|t:|1783811692\n|teamsize|p1|6\n|teamsize|p2|6\n|start\n|switch|p1a: Pelipper|Pelipper, F|100/100\n|switch|p2a: Frisbee|Raging Bolt|100/100\n|-weather|RainDance|[from] ability: Drizzle|[of] p1a: Pelipper\n|turn|1\n|c|☆error426|//stats clodsire\n|inactive|error426 has 120 seconds left.\n|c|☆error426|wow thats embarassing\n|\n|t:|1783811734\n|switch|p1a: Clodsire|Clodsire, M|100/100\n|move|p2a: Frisbee|Dragon Pulse|p1a: Clodsire\n|-damage|p1a: Clodsire|67/100\n|-damage|p2a: Frisbee|91/100|[from] item: Life Orb\n|\n|-weather|RainDance|[upkeep]\n|-heal|p1a: Clodsire|73/100|[from] item: Leftovers\n|upkeep\n|turn|2\n|\n|t:|1783811745\n|-end|p2a: Frisbee|Protosynthesis|[silent]\n|switch|p2a: Pancake|Great Tusk|100/100\n|move|p1a: Clodsire|Stealth Rock|p2a: Pancake\n|-sidestart|p2: error426|move: Stealth Rock\n|\n|-weather|RainDance|[upkeep]\n|-heal|p1a: Clodsire|79/100|[from] item: Leftovers\n|upkeep\n|turn|3\n|\n|t:|1783811761\n|switch|p1a: Zapdos|Zapdos|100/100\n|move|p2a: Pancake|Ice Spinner|p1a: Zapdos\n|-supereffective|p1a: Zapdos\n|-damage|p1a: Zapdos|28/100\n|-status|p2a: Pancake|par|[from] ability: Static|[of] p1a: Zapdos\n|\n|-weather|RainDance|[upkeep]\n|upkeep\n|turn|4\n|\n|t:|1783811774\n|-end|p2a: Pancake|Protosynthesis|[silent]\n|switch|p2a: Frisbee|Raging Bolt|91/100\n|-damage|p2a: Frisbee|78/100|[from] Stealth Rock\n|move|p1a: Zapdos|Volt Switch|p2a: Frisbee\n|-resisted|p2a: Frisbee\n|-damage|p2a: Frisbee|68/100\n|-damage|p1a: Zapdos|19/100|[from] item: Life Orb\n|\n|t:|1783811784\n|switch|p1a: Scizor|Scizor, M|100/100|[from] Volt Switch\n|\n|-weather|RainDance|[upkeep]\n|upkeep\n|turn|5\n|\n|t:|1783811793\n|move|p2a: Frisbee|Thunderbolt|p1a: Scizor\n|-damage|p1a: Scizor|12/100\n|-damage|p2a: Frisbee|58/100|[from] item: Life Orb\n|move|p1a: Scizor|U-turn|p2a: Frisbee\n|-damage|p2a: Frisbee|4/100\n|\n|t:|1783811802\n|switch|p1a: Clodsire|Clodsire, M|79/100|[from] U-turn\n|\n|-weather|RainDance|[upkeep]\n|-heal|p1a: Clodsire|86/100|[from] item: Leftovers\n|upkeep\n|turn|6\n|\n|t:|1783811810\n|move|p2a: Frisbee|Dragon Pulse|p1a: Clodsire\n|-damage|p1a: Clodsire|52/100\n|-damage|p2a: Frisbee|0 fnt|[from] item: Life Orb\n|faint|p2a: Frisbee\n|-end|p2a: Frisbee|Protosynthesis|[silent]\n|move|p1a: Clodsire|Recover|p1a: Clodsire\n|-heal|p1a: Clodsire|100/100\n|\n|-weather|RainDance|[upkeep]\n|upkeep\n|\n|t:|1783811825\n|switch|p2a: Pancake|Great Tusk|100/100 par\n|-damage|p2a: Pancake|98/100 par|[from] Stealth Rock\n|turn|7\n|\n|t:|1783811837\n|switch|p1a: Scizor|Scizor, M|12/100\n|move|p2a: Pancake|Ice Spinner|p1a: Scizor\n|-resisted|p1a: Scizor\n|-damage|p1a: Scizor|0 fnt\n|faint|p1a: Scizor\n|\n|-weather|RainDance|[upkeep]\n|upkeep\n|\n|t:|1783811847\n|switch|p1a: Barraskewda|Barraskewda, M|100/100\n|turn|8\n|\n|t:|1783811853\n|-end|p2a: Pancake|Protosynthesis|[silent]\n|switch|p2a: Barney|Walking Wake|100/100\n|-damage|p2a: Barney|88/100|[from] Stealth Rock\n|-terastallize|p1a: Barraskewda|Water\n|move|p1a: Barraskewda|Flip Turn|p2a: Barney\n|-resisted|p2a: Barney\n|-damage|p2a: Barney|61/100\n|\n|t:|1783811862\n|switch|p1a: Pelipper|Pelipper, F|100/100|[from] Flip Turn\n|\n|-weather|none\n|upkeep\n|turn|9\n|\n|t:|1783811869\n|switch|p1a: Clodsire|Clodsire, M|100/100\n|move|p2a: Barney|Draco Meteor|p1a: Clodsire|[miss]\n|-miss|p2a: Barney|p1a: Clodsire\n|\n|upkeep\n|turn|10\n|\n|t:|1783811889\n|-end|p2a: Barney|Protosynthesis|[silent]\n|switch|p2a: Scissors|Kingambit, M|100/100\n|-damage|p2a: Scissors|94/100|[from] Stealth Rock\n|-activate|p2a: Scissors|ability: Supreme Overlord\n|-start|p2a: Scissors|fallen1|[silent]\n|-item|p2a: Scissors|Air Balloon\n|switch|p1a: Pelipper|Pelipper, F|100/100\n|-weather|RainDance|[from] ability: Drizzle|[of] p1a: Pelipper\n|\n|-weather|RainDance|[upkeep]\n|upkeep\n|turn|11\n|\n|t:|1783811911\n|-end|p2a: Scissors|fallen1|[silent]\n|switch|p2a: Barney|Walking Wake|61/100\n|-damage|p2a: Barney|49/100|[from] Stealth Rock\n|move|p1a: Pelipper|Hydro Pump|p2a: Barney\n|-resisted|p2a: Barney\n|-damage|p2a: Barney|33/100\n|\n|-weather|RainDance|[upkeep]\n|upkeep\n|turn|12\n|\n|t:|1783811925\n|switch|p1a: Clodsire|Clodsire, M|100/100\n|move|p2a: Barney|Draco Meteor|p1a: Clodsire|[miss]\n|-miss|p2a: Barney|p1a: Clodsire\n|\n|-weather|RainDance|[upkeep]\n|upkeep\n|turn|13\n|\n|t:|1783811938\n|-end|p2a: Barney|Protosynthesis|[silent]\n|switch|p2a: Kitty|Venusaur, F|100/100\n|-damage|p2a: Kitty|88/100|[from] Stealth Rock\n|switch|p1a: Barraskewda|Barraskewda, M, tera:Water|100/100\n|\n|-weather|RainDance|[upkeep]\n|-heal|p2a: Kitty|94/100|[from] item: Leftovers\n|upkeep\n|turn|14\n|\n|t:|1783811950\n|move|p1a: Barraskewda|Flip Turn|p2a: Kitty\n|-resisted|p2a: Kitty\n|-damage|p2a: Kitty|30/100\n|\n|t:|1783811959\n|switch|p1a: Clodsire|Clodsire, M|100/100|[from] Flip Turn\n|move|p2a: Kitty|Giga Drain|p1a: Clodsire\n|-damage|p1a: Clodsire|83/100\n|-heal|p2a: Kitty|43/100|[from] drain|[of] p1a: Clodsire\n|\n|-weather|RainDance|[upkeep]\n|-heal|p2a: Kitty|49/100|[from] item: Leftovers\n|-heal|p1a: Clodsire|89/100|[from] item: Leftovers\n|upkeep\n|turn|15\n|\n|t:|1783811973\n|switch|p1a: Zapdos|Zapdos|19/100\n|move|p2a: Kitty|Weather Ball|p1a: Zapdos\n|-damage|p1a: Zapdos|0 fnt\n|faint|p1a: Zapdos\n|\n|-weather|RainDance|[upkeep]\n|-heal|p2a: Kitty|55/100|[from] item: Leftovers\n|upkeep\n|\n|t:|1783811984\n|switch|p1a: Barraskewda|Barraskewda, M, tera:Water|100/100\n|turn|16\n|\n|t:|1783811996\n|switch|p2a: Barney|Walking Wake|33/100\n|-damage|p2a: Barney|21/100|[from] Stealth Rock\n|move|p1a: Barraskewda|Liquidation|p2a: Barney\n|-resisted|p2a: Barney\n|-damage|p2a: Barney|0 fnt\n|faint|p2a: Barney\n|-end|p2a: Barney|Protosynthesis|[silent]\n|\n|-weather|RainDance|[upkeep]\n|upkeep\n|inactive|error426 has 120 seconds left.\n|\n|t:|1783812042\n|switch|p2a: Covered Wagon|Ninetales, M|100/100\n|-damage|p2a: Covered Wagon|76/100|[from] Stealth Rock\n|-weather|SunnyDay|[from] ability: Drought|[of] p2a: Covered Wagon\n|turn|17\n|\n|t:|1783812050\n|switch|p2a: Kitty|Venusaur, F|55/100\n|-damage|p2a: Kitty|43/100|[from] Stealth Rock\n|move|p1a: Barraskewda|Liquidation|p2a: Kitty\n|-resisted|p2a: Kitty\n|-damage|p2a: Kitty|15/100\n|\n|-weather|SunnyDay|[upkeep]\n|-heal|p2a: Kitty|21/100|[from] item: Leftovers\n|upkeep\n|turn|18\n|\n|t:|1783812061\n|switch|p1a: Pelipper|Pelipper, F|100/100\n|-weather|RainDance|[from] ability: Drizzle|[of] p1a: Pelipper\n|move|p2a: Kitty|Giga Drain|p1a: Pelipper\n|-damage|p1a: Pelipper|67/100\n|-heal|p2a: Kitty|39/100|[from] drain|[of] p1a: Pelipper\n|\n|-weather|RainDance|[upkeep]\n|-heal|p2a: Kitty|45/100|[from] item: Leftovers\n|upkeep\n|turn|19\n|\n|t:|1783812073\n|move|p2a: Kitty|Giga Drain|p1a: Pelipper\n|-damage|p1a: Pelipper|30/100\n|-heal|p2a: Kitty|65/100|[from] drain|[of] p1a: Pelipper\n|move|p1a: Pelipper|U-turn|p2a: Kitty\n|-damage|p2a: Kitty|52/100\n|\n|t:|1783812079\n|switch|p1a: Barraskewda|Barraskewda, M, tera:Water|100/100|[from] U-turn\n|\n|-weather|RainDance|[upkeep]\n|-heal|p2a: Kitty|58/100|[from] item: Leftovers\n|upkeep\n|turn|20\n|\n|t:|1783812094\n|move|p1a: Barraskewda|Liquidation|p2a: Kitty\n|-resisted|p2a: Kitty\n|-damage|p2a: Kitty|0 fnt\n|faint|p2a: Kitty\n|\n|-weather|RainDance|[upkeep]\n|upkeep\n|\n|t:|1783812097\n|switch|p2a: Covered Wagon|Ninetales, M|76/100\n|-damage|p2a: Covered Wagon|51/100|[from] Stealth Rock\n|-weather|SunnyDay|[from] ability: Drought|[of] p2a: Covered Wagon\n|turn|21\n|\n|t:|1783812108\n|move|p1a: Barraskewda|Liquidation|p2a: Covered Wagon\n|-supereffective|p2a: Covered Wagon\n|-damage|p2a: Covered Wagon|0 fnt\n|faint|p2a: Covered Wagon\n|\n|-weather|SunnyDay|[upkeep]\n|upkeep\n|\n|t:|1783812121\n|switch|p2a: Scissors|Kingambit, M|94/100\n|-damage|p2a: Scissors|88/100|[from] Stealth Rock\n|-activate|p2a: Scissors|ability: Supreme Overlord\n|-start|p2a: Scissors|fallen4|[silent]\n|-item|p2a: Scissors|Air Balloon\n|turn|22\n|\n|t:|1783812131\n|switch|p1a: Pelipper|Pelipper, F|30/100\n|-weather|RainDance|[from] ability: Drizzle|[of] p1a: Pelipper\n|move|p2a: Scissors|Kowtow Cleave|p1a: Pelipper\n|-damage|p1a: Pelipper|0 fnt\n|faint|p1a: Pelipper\n|\n|-weather|RainDance|[upkeep]\n|upkeep\n|\n|t:|1783812146\n|switch|p1a: Barraskewda|Barraskewda, M, tera:Water|100/100\n|turn|23\n|\n|t:|1783812155\n|move|p2a: Scissors|Sucker Punch|p1a: Barraskewda\n|-damage|p1a: Barraskewda|0 fnt\n|faint|p1a: Barraskewda\n|\n|-weather|RainDance|[upkeep]\n|upkeep\n|c|☆Randomstuf13|Disgusting cancer character\n|c|☆Randomstuf13|Durr Durr I let everyone die and press sucker punch\n|c|☆Randomstuf13|durrrr\n|-message|Randomstuf13 forfeited.\n|\n|win|error426\n", "uploadtime": 1783812172, "views": 11, "formatid": "gen9ou", "rating": null, "private": 0, "password": null}