{"id": "gen9ou-2647844249", "format": "[Gen 9] OU", "players": ["direhands", "yesterdaymister"], "log": "|j|☆direhands\n|j|☆yesterdaymister\n|t:|1783822604\n|gametype|singles\n|player|p1|direhands|valerie|1630\n|player|p2|yesterdaymister|striker|1746\n|gen|9\n|tier|[Gen 9] OU\n|rated|\n|rule|HP Percentage Mod: HP is shown in percentages\n|rule|Endless Battle Clause: Forcing endless battles is banned\n|rule|Species Clause: Limit one of each Pokémon\n|rule|OHKO Clause: OHKO moves are banned\n|rule|Evasion Items Clause: Evasion items are banned\n|rule|Evasion Moves Clause: Evasion moves are banned\n|rule|Evasion Abilities Clause: Evasion abilities are banned\n|rule|Sleep Moves Clause: Sleep-inducing moves are banned\n|clearpoke\n|poke|p1|Ribombee, F|\n|poke|p1|Ogerpon-Wellspring, F|\n|poke|p1|Kyurem|\n|poke|p1|Weavile, F|\n|poke|p1|Great Tusk|\n|poke|p1|Zoroark-Hisui, F|\n|poke|p2|Ninetales, M|\n|poke|p2|Ceruledge, M|\n|poke|p2|Venusaur, M|\n|poke|p2|Hatterene, F|\n|poke|p2|Great Tusk|\n|poke|p2|Walking Wake|\n|teampreview\n|inactive|Battle timer is ON: inactive players will automatically lose when time's up. (requested by yesterdaymister)\n|\n|t:|1783822616\n|teamsize|p1|6\n|teamsize|p2|6\n|start\n|switch|p1a: Buzz Buzz MF|Ribombee, F|100/100\n|switch|p2a: arda guler|Ninetales, M|100/100\n|-weather|SunnyDay|[from] ability: Drought|[of] p2a: arda guler\n|turn|1\n|\n|t:|1783822620\n|move|p1a: Buzz Buzz MF|Skill Swap|p2a: arda guler\n|-activate|p1a: Buzz Buzz MF|Skill Swap|Drought|Shield Dust|[of] p2a: arda guler\n|move|p2a: arda guler|Encore|p1a: Buzz Buzz MF\n|-start|p1a: Buzz Buzz MF|Encore\n|\n|-weather|SunnyDay|[upkeep]\n|upkeep\n|turn|2\n|\n|t:|1783822627\n|switch|p1a: Iceman|Kyurem|100/100\n|-ability|p1a: Iceman|Pressure\n|switch|p2a: lebron|Ceruledge, M|100/100\n|\n|-weather|SunnyDay|[upkeep]\n|upkeep\n|turn|3\n|\n|t:|1783822635\n|move|p1a: Iceman|Earth Power|p2a: lebron\n|-supereffective|p2a: lebron\n|-enditem|p2a: lebron|Focus Sash\n|-damage|p2a: lebron|1/100\n|move|p2a: lebron|Bitter Blade|p1a: Iceman\n|-damage|p1a: Iceman|32/100\n|-heal|p2a: lebron|47/100|[from] drain|[of] p1a: Iceman\n|\n|-weather|SunnyDay|[upkeep]\n|upkeep\n|turn|4\n|\n|t:|1783822644\n|switch|p2a: maccabi|Hatterene, F|100/100\n|move|p1a: Iceman|Earth Power|p2a: maccabi\n|-damage|p2a: maccabi|52/100\n|-enditem|p2a: maccabi|Eject Button\n|\n|t:|1783822646\n|switch|p2a: hans vanaken|Venusaur, M|100/100\n|\n|-weather|SunnyDay|[upkeep]\n|upkeep\n|turn|5\n|\n|t:|1783822649\n|move|p2a: hans vanaken|Weather Ball|p1a: Iceman\n|-damage|p1a: Iceman|0 fnt\n|faint|p1a: Iceman\n|-damage|p2a: hans vanaken|91/100|[from] item: Life Orb\n|\n|-weather|SunnyDay|[upkeep]\n|upkeep\n|\n|t:|1783822652\n|switch|p1a: Buzz Buzz MF|Ribombee, F|100/100\n|turn|6\n|\n|t:|1783822659\n|move|p2a: hans vanaken|Weather Ball|p1a: Buzz Buzz MF\n|-supereffective|p1a: Buzz Buzz MF\n|-enditem|p1a: Buzz Buzz MF|Focus Sash\n|-damage|p1a: Buzz Buzz MF|1/100\n|-damage|p2a: hans vanaken|81/100|[from] item: Life Orb\n|move|p1a: Buzz Buzz MF|Skill Swap|p2a: hans vanaken\n|-activate|p1a: Buzz Buzz MF|Skill Swap|Chlorophyll|Shield Dust|[of] p2a: hans vanaken\n|\n|-weather|SunnyDay|[upkeep]\n|upkeep\n|turn|7\n|\n|t:|1783822667\n|switch|p2a: maccabi|Hatterene, F|52/100\n|move|p1a: Buzz Buzz MF|Psychic|p2a: maccabi\n|-resisted|p2a: maccabi\n|-damage|p2a: maccabi|40/100\n|\n|-weather|SunnyDay|[upkeep]\n|upkeep\n|turn|8\n|\n|t:|1783822671\n|move|p1a: Buzz Buzz MF|Moonblast|p2a: maccabi\n|-damage|p2a: maccabi|5/100\n|-unboost|p2a: maccabi|spa|1\n|move|p2a: maccabi|Dazzling Gleam|p1a: Buzz Buzz MF\n|-damage|p1a: Buzz Buzz MF|0 fnt\n|faint|p1a: Buzz Buzz MF\n|\n|-weather|none\n|upkeep\n|\n|t:|1783822677\n|switch|p1a: Great Bastard|Great Tusk|100/100\n|turn|9\n|\n|t:|1783822680\n|switch|p2a: lebron|Ceruledge, M|47/100\n|move|p1a: Great Bastard|Rapid Spin|p2a: lebron\n|-immune|p2a: lebron\n|\n|upkeep\n|turn|10\n|\n|t:|1783822684\n|switch|p2a: maccabi|Hatterene, F|5/100\n|move|p1a: Great Bastard|Earthquake|p2a: maccabi\n|-damage|p2a: maccabi|0 fnt\n|faint|p2a: maccabi\n|\n|upkeep\n|\n|t:|1783822686\n|switch|p2a: chama|Walking Wake|100/100\n|turn|11\n|\n|t:|1783822689\n|move|p2a: chama|Dragon Pulse|p1a: Great Bastard\n|-damage|p1a: Great Bastard|15/100\n|move|p1a: Great Bastard|Earthquake|p2a: chama\n|-damage|p2a: chama|52/100\n|\n|-heal|p1a: Great Bastard|21/100|[from] item: Leftovers\n|upkeep\n|turn|12\n|\n|t:|1783822693\n|move|p2a: chama|Dragon Pulse|p1a: Great Bastard\n|-damage|p1a: Great Bastard|0 fnt\n|faint|p1a: Great Bastard\n|-end|p1a: Great Bastard|Protosynthesis|[silent]\n|\n|upkeep\n|\n|t:|1783822698\n|switch|p1a: Chien-Low|Weavile, F|100/100\n|-ability|p1a: Chien-Low|Pressure\n|turn|13\n|\n|t:|1783822700\n|-end|p2a: chama|Protosynthesis|[silent]\n|switch|p2a: arda guler|Ninetales, M|100/100\n|-weather|SunnyDay|[from] ability: Drought|[of] p2a: arda guler\n|move|p1a: Chien-Low|Knock Off|p2a: arda guler\n|-damage|p2a: arda guler|25/100\n|-enditem|p2a: arda guler|Heat Rock|[from] move: Knock Off|[of] p1a: Chien-Low\n|-damage|p1a: Chien-Low|91/100|[from] item: Life Orb\n|\n|-weather|SunnyDay|[upkeep]\n|upkeep\n|turn|14\n|\n|t:|1783822721\n|switch|p2a: mignolet|Great Tusk|100/100\n|-activate|p2a: mignolet|ability: Protosynthesis\n|-start|p2a: mignolet|protosynthesisspe\n|move|p1a: Chien-Low|Knock Off|p2a: mignolet\n|-resisted|p2a: mignolet\n|-damage|p2a: mignolet|81/100\n|-damage|p1a: Chien-Low|74/100|[from] item: Rocky Helmet|[of] p2a: mignolet\n|-enditem|p2a: mignolet|Rocky Helmet|[from] move: Knock Off|[of] p1a: Chien-Low\n|-damage|p1a: Chien-Low|64/100|[from] item: Life Orb\n|\n|-weather|SunnyDay|[upkeep]\n|upkeep\n|turn|15\n|\n|t:|1783822733\n|-terastallize|p1a: Chien-Low|Ghost\n|move|p2a: mignolet|Headlong Rush|p1a: Chien-Low\n|-damage|p1a: Chien-Low|0 fnt\n|-unboost|p2a: mignolet|def|1\n|-unboost|p2a: mignolet|spd|1\n|faint|p1a: Chien-Low\n|\n|-weather|SunnyDay|[upkeep]\n|upkeep\n|\n|t:|1783822739\n|switch|p1a: Phantom of d Ogera|Ogerpon-Wellspring, F|100/100\n|turn|16\n|\n|t:|1783822742\n|move|p2a: mignolet|Headlong Rush|p1a: Phantom of d Ogera\n|-resisted|p1a: Phantom of d Ogera\n|-damage|p1a: Phantom of d Ogera|67/100\n|-unboost|p2a: mignolet|def|1\n|-unboost|p2a: mignolet|spd|1\n|move|p1a: Phantom of d Ogera|Horn Leech|p2a: mignolet\n|-supereffective|p2a: mignolet\n|-damage|p2a: mignolet|0 fnt\n|-heal|p1a: Phantom of d Ogera|100/100|[from] drain|[of] p2a: mignolet\n|faint|p2a: mignolet\n|-end|p2a: mignolet|Protosynthesis|[silent]\n|\n|-weather|SunnyDay|[upkeep]\n|upkeep\n|\n|t:|1783822750\n|switch|p2a: hans vanaken|Venusaur, M|81/100\n|turn|17\n|\n|t:|1783822757\n|move|p2a: hans vanaken|Sludge Bomb|p1a: Phantom of d Ogera\n|-supereffective|p1a: Phantom of d Ogera\n|-damage|p1a: Phantom of d Ogera|0 fnt\n|faint|p1a: Phantom of d Ogera\n|-damage|p2a: hans vanaken|71/100|[from] item: Life Orb\n|\n|-weather|SunnyDay|[upkeep]\n|upkeep\n|\n|t:|1783822760\n|switch|p1a: Zoroark|Zoroark-Hisui, F|100/100\n|turn|18\n|\n|t:|1783822763\n|-terastallize|p2a: hans vanaken|Fire\n|move|p2a: hans vanaken|Weather Ball|p1a: Zoroark\n|-damage|p1a: Zoroark|0 fnt\n|faint|p1a: Zoroark\n|-damage|p2a: hans vanaken|61/100|[from] item: Life Orb\n|\n|win|yesterdaymister\n|raw|direhands's rating: 1630 &rarr; <strong>1616</strong><br />(-14 for losing)\n|raw|yesterdaymister's rating: 1746 &rarr; <strong>1760</strong><br />(+14 for winning)\n|l|☆yesterdaymister\n|player|p2|\n|l|☆direhands\n|player|p1|\n", "uploadtime": 1783823024, "views": 1, "formatid": "gen9ou", "rating": 1616, "private": 0, "password": null}