{"id": "gen9ou-2639204415", "format": "[Gen 9] OU", "players": ["Makalvin123", "Seldon Fanatic"], "log": "|j|☆Makalvin123\n|j|☆Seldon Fanatic\n|t:|1782433698\n|gametype|singles\n|player|p1|Makalvin123|169|1183\n|player|p2|Seldon Fanatic|flint|1155\n|gen|9\n|tier|[Gen 9] OU\n|rated|\n|rule|HP Percentage Mod: HP is shown in percentages\n|rule|Endless Battle Clause: Forcing endless battles is banned\n|rule|Species Clause: Limit one of each Pokémon\n|rule|OHKO Clause: OHKO moves are banned\n|rule|Evasion Items Clause: Evasion items are banned\n|rule|Evasion Moves Clause: Evasion moves are banned\n|rule|Evasion Abilities Clause: Evasion abilities are banned\n|rule|Sleep Moves Clause: Sleep-inducing moves are banned\n|clearpoke\n|poke|p1|Rillaboom, F|\n|poke|p1|Hitmonlee, M|\n|poke|p1|Heatran, M|\n|poke|p1|Ogerpon-Wellspring, F|\n|poke|p1|Comfey, M|\n|poke|p1|Dusknoir, F|\n|poke|p2|Iron Valiant|\n|poke|p2|Garchomp, F|\n|poke|p2|Weavile, F|\n|poke|p2|Greninja-*, M|\n|poke|p2|Ceruledge, M|\n|poke|p2|Iron Moth|\n|teampreview\n|\n|t:|1782433706\n|teamsize|p1|6\n|teamsize|p2|6\n|start\n|switch|p1a: Dusknoir|Dusknoir, F|100/100\n|switch|p2a: Weavile|Weavile, F|100/100\n|-ability|p2a: Weavile|Pressure\n|-item|p2a: Weavile|Heavy-Duty Boots|[from] ability: Frisk|[of] p1a: Dusknoir\n|turn|1\n|\n|t:|1782433719\n|switch|p1a: Comfey|Comfey, M|100/100\n|move|p2a: Weavile|Knock Off|p1a: Comfey\n|-resisted|p1a: Comfey\n|-damage|p1a: Comfey|65/100\n|-enditem|p1a: Comfey|Big Root|[from] move: Knock Off|[of] p2a: Weavile\n|\n|upkeep\n|turn|2\n|\n|t:|1782433730\n|move|p1a: Comfey|Draining Kiss|p2a: Weavile\n|-supereffective|p2a: Weavile\n|-damage|p2a: Weavile|40/100\n|-heal|p1a: Comfey|100/100|[from] drain|[of] p2a: Weavile\n|move|p2a: Weavile|Triple Axel|p1a: Comfey|[miss]\n|-miss|p2a: Weavile|p1a: Comfey\n|\n|upkeep\n|turn|3\n|\n|t:|1782433740\n|move|p2a: Weavile|Ice Shard|p1a: Comfey\n|-damage|p1a: Comfey|68/100\n|move|p1a: Comfey|Calm Mind|p1a: Comfey\n|-boost|p1a: Comfey|spa|1\n|-boost|p1a: Comfey|spd|1\n|\n|upkeep\n|turn|4\n|\n|t:|1782433748\n|switch|p2a: Ceruledge|Ceruledge, M|100/100\n|move|p1a: Comfey|Draining Kiss|p2a: Ceruledge\n|-resisted|p2a: Ceruledge\n|-damage|p2a: Ceruledge|82/100\n|-heal|p1a: Comfey|84/100|[from] drain|[of] p2a: Ceruledge\n|\n|upkeep\n|turn|5\n|\n|t:|1782433759\n|move|p2a: Ceruledge|Swords Dance|p2a: Ceruledge\n|-boost|p2a: Ceruledge|atk|2\n|move|p1a: Comfey|Taunt|p2a: Ceruledge\n|-start|p2a: Ceruledge|move: Taunt\n|\n|upkeep\n|turn|6\n|\n|t:|1782433771\n|move|p1a: Comfey|Draining Kiss|p2a: Ceruledge\n|-resisted|p2a: Ceruledge\n|-damage|p2a: Ceruledge|64/100\n|-heal|p1a: Comfey|100/100|[from] drain|[of] p2a: Ceruledge\n|move|p2a: Ceruledge|Shadow Sneak|p1a: Comfey\n|-damage|p1a: Comfey|7/100\n|-damage|p2a: Ceruledge|54/100|[from] item: Life Orb\n|\n|upkeep\n|turn|7\n|\n|t:|1782433782\n|move|p1a: Comfey|Draining Kiss|p2a: Ceruledge\n|-resisted|p2a: Ceruledge\n|-damage|p2a: Ceruledge|37/100\n|-heal|p1a: Comfey|23/100|[from] drain|[of] p2a: Ceruledge\n|move|p2a: Ceruledge|Shadow Sneak|p1a: Comfey\n|-damage|p1a: Comfey|0 fnt\n|faint|p1a: Comfey\n|-damage|p2a: Ceruledge|27/100|[from] item: Life Orb\n|\n|upkeep\n|inactive|Battle timer is ON: inactive players will automatically lose when time's up. (requested by Seldon Fanatic)\n|\n|t:|1782433813\n|switch|p1a: Heatran|Heatran, M|100/100\n|turn|8\n|\n|t:|1782433818\n|move|p1a: Heatran|Earth Power|p2a: Ceruledge\n|-supereffective|p2a: Ceruledge\n|-damage|p2a: Ceruledge|0 fnt\n|faint|p2a: Ceruledge\n|\n|upkeep\n|\n|t:|1782433830\n|switch|p2a: Greninja|Greninja, M|100/100\n|turn|9\n|\n|t:|1782433835\n|switch|p1a: Rillaboom|Rillaboom, F|100/100\n|-fieldstart|move: Grassy Terrain|[from] ability: Grassy Surge|[of] p1a: Rillaboom\n|move|p2a: Greninja|Dark Pulse|p1a: Rillaboom\n|-damage|p1a: Rillaboom|41/100\n|-damage|p2a: Greninja|91/100|[from] item: Life Orb\n|\n|-heal|p2a: Greninja|97/100|[from] Grassy Terrain\n|-heal|p1a: Rillaboom|47/100|[from] Grassy Terrain\n|upkeep\n|turn|10\n|\n|t:|1782433849\n|move|p1a: Rillaboom|Grassy Glide|p2a: Greninja\n|-supereffective|p2a: Greninja\n|-damage|p2a: Greninja|0 fnt\n|faint|p2a: Greninja\n|\n|-heal|p1a: Rillaboom|53/100|[from] Grassy Terrain\n|upkeep\n|\n|t:|1782433859\n|switch|p2a: Garchomp|Garchomp, F|100/100\n|turn|11\n|\n|t:|1782433868\n|move|p2a: Garchomp|Scale Shot|p1a: Rillaboom|[miss]\n|-miss|p2a: Garchomp|p1a: Rillaboom\n|move|p1a: Rillaboom|Knock Off|p2a: Garchomp\n|-damage|p2a: Garchomp|63/100\n|-damage|p1a: Rillaboom|41/100|[from] ability: Rough Skin|[of] p2a: Garchomp\n|-enditem|p2a: Garchomp|Loaded Dice|[from] move: Knock Off|[of] p1a: Rillaboom\n|\n|-heal|p2a: Garchomp|69/100|[from] Grassy Terrain\n|-heal|p1a: Rillaboom|47/100|[from] Grassy Terrain\n|upkeep\n|turn|12\n|\n|t:|1782433887\n|move|p1a: Rillaboom|Grassy Glide|p2a: Garchomp\n|-damage|p2a: Garchomp|27/100\n|-damage|p1a: Rillaboom|35/100|[from] ability: Rough Skin|[of] p2a: Garchomp\n|move|p2a: Garchomp|Scale Shot|p1a: Rillaboom\n|-damage|p1a: Rillaboom|22/100\n|-damage|p1a: Rillaboom|10/100\n|-damage|p1a: Rillaboom|0 fnt\n|faint|p1a: Rillaboom\n|-hitcount|p1: Rillaboom|3\n|-unboost|p2a: Garchomp|def|1\n|-boost|p2a: Garchomp|spe|1\n|\n|-heal|p2a: Garchomp|33/100|[from] Grassy Terrain\n|upkeep\n|\n|t:|1782433903\n|switch|p1a: Hitmonlee|Hitmonlee, M|100/100\n|-enditem|p1a: Hitmonlee|Grassy Seed\n|-boost|p1a: Hitmonlee|def|1|[from] item: Grassy Seed\n|turn|13\n|\n|t:|1782433913\n|move|p1a: Hitmonlee|Knock Off|p2a: Garchomp\n|-damage|p2a: Garchomp|0 fnt\n|-damage|p1a: Hitmonlee|88/100|[from] ability: Rough Skin|[of] p2a: Garchomp\n|faint|p2a: Garchomp\n|\n|-heal|p1a: Hitmonlee|94/100|[from] Grassy Terrain\n|upkeep\n|\n|t:|1782433921\n|switch|p2a: Iron Valiant|Iron Valiant|100/100\n|-enditem|p2a: Iron Valiant|Booster Energy\n|-activate|p2a: Iron Valiant|ability: Quark Drive|[fromitem]\n|-start|p2a: Iron Valiant|quarkdrivespe\n|turn|14\n|inactive|Makalvin123 has 120 seconds left.\n|\n|t:|1782433951\n|-terastallize|p1a: Hitmonlee|Steel\n|move|p2a: Iron Valiant|Moonblast|p1a: Hitmonlee\n|-resisted|p1a: Hitmonlee\n|-damage|p1a: Hitmonlee|64/100\n|-unboost|p1a: Hitmonlee|spa|1\n|move|p1a: Hitmonlee|Poison Jab|p2a: Iron Valiant\n|-supereffective|p2a: Iron Valiant\n|-damage|p2a: Iron Valiant|21/100\n|-status|p2a: Iron Valiant|psn\n|\n|-heal|p1a: Hitmonlee|71/100|[from] Grassy Terrain\n|-heal|p2a: Iron Valiant|27/100 psn|[from] Grassy Terrain\n|-damage|p2a: Iron Valiant|15/100 psn|[from] psn\n|upkeep\n|turn|15\n|inactive|Makalvin123 has 120 seconds left.\n|\n|t:|1782433971\n|move|p1a: Hitmonlee|Rapid Spin|p2a: Iron Valiant\n|-damage|p2a: Iron Valiant|0 fnt\n|-boost|p1a: Hitmonlee|spe|1\n|faint|p2a: Iron Valiant\n|-end|p2a: Iron Valiant|Quark Drive|[silent]\n|\n|-heal|p1a: Hitmonlee|77/100|[from] Grassy Terrain\n|upkeep\n|\n|t:|1782433975\n|switch|p2a: Iron Moth|Iron Moth|100/100\n|-enditem|p2a: Iron Moth|Booster Energy\n|-activate|p2a: Iron Moth|ability: Quark Drive|[fromitem]\n|-start|p2a: Iron Moth|quarkdrivespe\n|turn|16\n|\n|t:|1782433984\n|move|p1a: Hitmonlee|Knock Off|p2a: Iron Moth\n|-damage|p2a: Iron Moth|60/100\n|move|p2a: Iron Moth|Fiery Dance|p1a: Hitmonlee\n|-supereffective|p1a: Hitmonlee\n|-damage|p1a: Hitmonlee|0 fnt\n|faint|p1a: Hitmonlee\n|\n|-heal|p2a: Iron Moth|66/100|[from] Grassy Terrain\n|-fieldend|move: Grassy Terrain\n|upkeep\n|inactive|Makalvin123 has 120 seconds left.\n|\n|t:|1782434004\n|switch|p1a: Dusknoir|Dusknoir, F|100/100\n|turn|17\n|\n|t:|1782434011\n|move|p2a: Iron Moth|Fiery Dance|p1a: Dusknoir\n|-damage|p1a: Dusknoir|68/100\n|-boost|p2a: Iron Moth|spa|1\n|move|p1a: Dusknoir|Curse|p2a: Iron Moth\n|-start|p2a: Iron Moth|Curse|[of] p1a: Dusknoir\n|-damage|p1a: Dusknoir|18/100\n|\n|-heal|p1a: Dusknoir|24/100|[from] item: Leftovers\n|-damage|p2a: Iron Moth|41/100|[from] Curse\n|upkeep\n|turn|18\n|inactive|Makalvin123 has 120 seconds left.\n|\n|t:|1782434024\n|move|p1a: Dusknoir|Protect|p1a: Dusknoir\n|-singleturn|p1a: Dusknoir|Protect\n|move|p2a: Iron Moth|Discharge|p1a: Dusknoir\n|-activate|p1a: Dusknoir|move: Protect\n|\n|-heal|p1a: Dusknoir|30/100|[from] item: Leftovers\n|-damage|p2a: Iron Moth|16/100|[from] Curse\n|upkeep\n|turn|19\n|inactive|Makalvin123 has 120 seconds left.\n|\n|t:|1782434040\n|move|p1a: Dusknoir|Protect|p1a: Dusknoir\n|-singleturn|p1a: Dusknoir|Protect\n|move|p2a: Iron Moth|Discharge|p1a: Dusknoir\n|-activate|p1a: Dusknoir|move: Protect\n|\n|-heal|p1a: Dusknoir|36/100|[from] item: Leftovers\n|-damage|p2a: Iron Moth|0 fnt|[from] Curse\n|faint|p2a: Iron Moth\n|-end|p2a: Iron Moth|Quark Drive|[silent]\n|upkeep\n|\n|t:|1782434043\n|switch|p2a: Weavile|Weavile, F|40/100\n|-ability|p2a: Weavile|Pressure\n|turn|20\n|inactive|Makalvin123 has 120 seconds left.\n|\n|t:|1782434056\n|move|p2a: Weavile|Swords Dance|p2a: Weavile\n|-boost|p2a: Weavile|atk|2\n|move|p1a: Dusknoir|Curse|p2a: Weavile\n|-start|p2a: Weavile|Curse|[of] p1a: Dusknoir\n|-damage|p1a: Dusknoir|0 fnt\n|faint|p1a: Dusknoir\n|\n|-damage|p2a: Weavile|15/100|[from] Curse\n|upkeep\n|\n|t:|1782434069\n|switch|p1a: Heatran|Heatran, M|100/100\n|turn|21\n|\n|t:|1782434073\n|move|p2a: Weavile|Knock Off|p1a: Heatran\n|-damage|p1a: Heatran|0 fnt\n|-status|p2a: Weavile|brn|[from] ability: Flame Body|[of] p1a: Heatran\n|-enditem|p1a: Heatran|Choice Scarf|[from] move: Knock Off|[of] p2a: Weavile\n|faint|p1a: Heatran\n|\n|-damage|p2a: Weavile|9/100 brn|[from] brn\n|-damage|p2a: Weavile|0 fnt|[from] Curse\n|faint|p2a: Weavile\n|\n|win|Makalvin123\n|raw|Makalvin123's rating: 1183 &rarr; <strong>1206</strong><br />(+23 for winning)\n|raw|Seldon Fanatic's rating: 1155 &rarr; <strong>1132</strong><br />(-23 for losing)\n|l|☆Seldon Fanatic\n|player|p2|\n|l|☆Makalvin123\n|player|p1|\n", "uploadtime": 1782434459, "views": 13, "formatid": "gen9ou", "rating": 1132, "private": 0, "password": null}