{"id": "gen9ou-2639295250", "format": "[Gen 9] OU", "players": ["yu280333015", "Smallerbaker"], "log": "|j|☆yu280333015\n|j|☆Smallerbaker\n|t:|1782447715\n|gametype|singles\n|player|p1|yu280333015|cynthia|1058\n|player|p2|Smallerbaker|pokemonrangerf|1086\n|gen|9\n|tier|[Gen 9] OU\n|rated|\n|rule|HP Percentage Mod: HP is shown in percentages\n|rule|Endless Battle Clause: Forcing endless battles is banned\n|rule|Species Clause: Limit one of each Pokémon\n|rule|OHKO Clause: OHKO moves are banned\n|rule|Evasion Items Clause: Evasion items are banned\n|rule|Evasion Moves Clause: Evasion moves are banned\n|rule|Evasion Abilities Clause: Evasion abilities are banned\n|rule|Sleep Moves Clause: Sleep-inducing moves are banned\n|clearpoke\n|poke|p1|Feraligatr, F|\n|poke|p1|Sylveon, M|\n|poke|p1|Garganacl, M|\n|poke|p1|Serperior, F|\n|poke|p1|Mew|\n|poke|p1|Iron Valiant|\n|poke|p2|Excadrill, F|\n|poke|p2|Emboar, F|\n|poke|p2|Mismagius, F|\n|poke|p2|Kingdra, M|\n|poke|p2|Tyranitar, F|\n|poke|p2|Deoxys-Speed|\n|teampreview\n|inactive|Battle timer is ON: inactive players will automatically lose when time's up. (requested by yu280333015)\n|\n|t:|1782447728\n|teamsize|p1|6\n|teamsize|p2|6\n|start\n|switch|p1a: Serperior|Serperior, F|100/100\n|switch|p2a: Tyranitar|Tyranitar, F|100/100\n|-weather|Sandstorm|[from] ability: Sand Stream|[of] p2a: Tyranitar\n|turn|1\n|\n|t:|1782447744\n|switch|p2a: Emboar|Emboar, F|100/100\n|move|p1a: Serperior|Leaf Storm|p2a: Emboar|[miss]\n|-miss|p1a: Serperior|p2a: Emboar\n|\n|-weather|Sandstorm|[upkeep]\n|-damage|p1a: Serperior|94/100|[from] Sandstorm\n|-damage|p2a: Emboar|94/100|[from] Sandstorm\n|-heal|p1a: Serperior|100/100|[from] item: Leftovers\n|upkeep\n|turn|2\n|\n|t:|1782447756\n|switch|p1a: Feraligatr|Feraligatr, F|100/100\n|move|p2a: Emboar|Flare Blitz|p1a: Feraligatr\n|-resisted|p1a: Feraligatr\n|-damage|p1a: Feraligatr|58/100\n|-status|p1a: Feraligatr|brn\n|-damage|p2a: Emboar|83/100|[from] Recoil\n|\n|-weather|Sandstorm|[upkeep]\n|-damage|p1a: Feraligatr|52/100 brn|[from] Sandstorm\n|-damage|p2a: Emboar|77/100|[from] Sandstorm\n|-damage|p1a: Feraligatr|46/100 brn|[from] brn\n|upkeep\n|turn|3\n|\n|t:|1782447769\n|move|p1a: Feraligatr|Liquidation|p2a: Emboar\n|-supereffective|p2a: Emboar\n|-damage|p2a: Emboar|0 fnt\n|faint|p2a: Emboar\n|\n|-weather|Sandstorm|[upkeep]\n|-damage|p1a: Feraligatr|40/100 brn|[from] Sandstorm\n|-damage|p1a: Feraligatr|34/100 brn|[from] brn\n|upkeep\n|\n|t:|1782447783\n|switch|p2a: Deoxys|Deoxys-Speed|100/100\n|-ability|p2a: Deoxys|Pressure\n|turn|4\n|\n|t:|1782447789\n|move|p2a: Deoxys|Thunderbolt|p1a: Feraligatr\n|-supereffective|p1a: Feraligatr\n|-crit|p1a: Feraligatr\n|-damage|p1a: Feraligatr|0 fnt\n|faint|p1a: Feraligatr\n|\n|-weather|Sandstorm|[upkeep]\n|-damage|p2a: Deoxys|95/100|[from] Sandstorm\n|upkeep\n|\n|t:|1782447801\n|switch|p1a: Mew|Mew|100/100\n|turn|5\n|\n|t:|1782447805\n|move|p2a: Deoxys|Thunderbolt|p1a: Mew\n|-damage|p1a: Mew|81/100\n|move|p1a: Mew|Imprison|p1a: Mew\n|-start|p1a: Mew|move: Imprison\n|\n|-weather|none\n|-heal|p1a: Mew|87/100|[from] item: Leftovers\n|upkeep\n|turn|6\n|\n|t:|1782447816\n|move|p2a: Deoxys|Extreme Speed|p1a: Mew\n|-damage|p1a: Mew|70/100\n|move|p1a: Mew|Whirlpool|p2a: Deoxys\n|-damage|p2a: Deoxys|82/100\n|-activate|p2a: Deoxys|move: Whirlpool|[of] p1a: Mew\n|\n|-heal|p1a: Mew|76/100|[from] item: Leftovers\n|-damage|p2a: Deoxys|69/100|[from] move: Whirlpool|[partiallytrapped]\n|upkeep\n|turn|7\n|\n|t:|1782447836\n|move|p2a: Deoxys|Extreme Speed|p1a: Mew\n|-damage|p1a: Mew|59/100\n|move|p1a: Mew|Transform|p2a: Deoxys\n|-transform|p1a: Mew|p2a: Deoxys\n|-ability|p1a: Mew|Pressure\n|\n|-heal|p1a: Mew|66/100|[from] item: Leftovers\n|-damage|p2a: Deoxys|57/100|[from] move: Whirlpool|[partiallytrapped]\n|upkeep\n|turn|8\n|\n|t:|1782447849\n|move|p1a: Mew|Extreme Speed|p2a: Deoxys\n|-damage|p2a: Deoxys|25/100\n|-activate|p2a: Deoxys|move: Struggle\n|move|p2a: Deoxys|Struggle|p1a: Mew\n|-damage|p1a: Mew|53/100\n|-damage|p2a: Deoxys|0 fnt|[from] recoil\n|faint|p2a: Deoxys\n|\n|-heal|p1a: Mew|59/100|[from] item: Leftovers\n|upkeep\n|\n|t:|1782447862\n|switch|p2a: Tyranitar|Tyranitar, F|100/100\n|-weather|Sandstorm|[from] ability: Sand Stream|[of] p2a: Tyranitar\n|turn|9\n|\n|t:|1782447869\n|move|p1a: Mew|Extreme Speed|p2a: Tyranitar\n|-resisted|p2a: Tyranitar\n|-crit|p2a: Tyranitar\n|-damage|p2a: Tyranitar|91/100\n|move|p2a: Tyranitar|Knock Off|p1a: Mew\n|-supereffective|p1a: Mew\n|-damage|p1a: Mew|0 fnt\n|-enditem|p1a: Mew|Leftovers|[from] move: Knock Off|[of] p2a: Tyranitar\n|faint|p1a: Mew\n|\n|-weather|Sandstorm|[upkeep]\n|upkeep\n|\n|t:|1782447883\n|switch|p1a: Serperior|Serperior, F|100/100\n|turn|10\n|\n|t:|1782447889\n|move|p1a: Serperior|Leaf Storm|p2a: Tyranitar\n|-supereffective|p2a: Tyranitar\n|-damage|p2a: Tyranitar|15/100\n|-boost|p1a: Serperior|spa|2\n|move|p2a: Tyranitar|Stone Edge|p1a: Serperior\n|-damage|p1a: Serperior|41/100\n|\n|-weather|Sandstorm|[upkeep]\n|-damage|p1a: Serperior|34/100|[from] Sandstorm\n|-heal|p1a: Serperior|41/100|[from] item: Leftovers\n|upkeep\n|turn|11\n|\n|t:|1782447901\n|move|p1a: Serperior|Giga Drain|p2a: Tyranitar\n|-supereffective|p2a: Tyranitar\n|-crit|p2a: Tyranitar\n|-damage|p2a: Tyranitar|0 fnt\n|-heal|p1a: Serperior|49/100|[from] drain|[of] p2a: Tyranitar\n|faint|p2a: Tyranitar\n|\n|-weather|Sandstorm|[upkeep]\n|-damage|p1a: Serperior|43/100|[from] Sandstorm\n|-heal|p1a: Serperior|49/100|[from] item: Leftovers\n|upkeep\n|\n|t:|1782447913\n|switch|p2a: Mismagius|Mismagius, F|100/100\n|turn|12\n|\n|t:|1782447920\n|move|p1a: Serperior|Leaf Storm|p2a: Mismagius\n|-damage|p2a: Mismagius|17/100\n|-boost|p1a: Serperior|spa|2\n|move|p2a: Mismagius|Will-O-Wisp|p1a: Serperior\n|-status|p1a: Serperior|brn\n|\n|-weather|Sandstorm|[upkeep]\n|-damage|p1a: Serperior|43/100 brn|[from] Sandstorm\n|-damage|p2a: Mismagius|11/100|[from] Sandstorm\n|-heal|p1a: Serperior|49/100 brn|[from] item: Leftovers\n|-damage|p1a: Serperior|43/100 brn|[from] brn\n|upkeep\n|turn|13\n|-activate|p2a: Mismagius|item: Quick Claw\n|\n|t:|1782447933\n|move|p2a: Mismagius|Hex|p1a: Serperior\n|-damage|p1a: Serperior|0 fnt\n|faint|p1a: Serperior\n|\n|-weather|none\n|upkeep\n|\n|t:|1782447945\n|switch|p1a: Garganacl|Garganacl, M|100/100\n|turn|14\n|\n|t:|1782447950\n|move|p2a: Mismagius|Will-O-Wisp|p1a: Garganacl|[miss]\n|-miss|p2a: Mismagius|p1a: Garganacl\n|move|p1a: Garganacl|Salt Cure|p2a: Mismagius\n|-damage|p2a: Mismagius|0 fnt\n|faint|p2a: Mismagius\n|\n|upkeep\n|\n|t:|1782447957\n|switch|p2a: Excadrill|Excadrill, F|100/100\n|-ability|p2a: Excadrill|Mold Breaker\n|turn|15\n|\n|t:|1782447963\n|move|p2a: Excadrill|Earthquake|p1a: Garganacl\n|-supereffective|p1a: Garganacl\n|-damage|p1a: Garganacl|37/100\n|move|p1a: Garganacl|Salt Cure|p2a: Excadrill\n|-resisted|p2a: Excadrill\n|-damage|p2a: Excadrill|96/100\n|-start|p2a: Excadrill|Salt Cure\n|\n|-heal|p1a: Garganacl|43/100|[from] item: Leftovers\n|-damage|p2a: Excadrill|71/100|[from] Salt Cure\n|upkeep\n|turn|16\n|\n|t:|1782447975\n|switch|p1a: Sylveon|Sylveon, M, shiny|100/100\n|move|p2a: Excadrill|Earthquake|p1a: Sylveon\n|-damage|p1a: Sylveon|32/100\n|\n|-heal|p1a: Sylveon|38/100|[from] item: Leftovers\n|-damage|p2a: Excadrill|47/100|[from] Salt Cure\n|upkeep\n|turn|17\n|\n|t:|1782447986\n|move|p1a: Sylveon|Protect|p1a: Sylveon\n|-singleturn|p1a: Sylveon|Protect\n|move|p2a: Excadrill|Earthquake|p1a: Sylveon\n|-activate|p1a: Sylveon|move: Protect\n|\n|-heal|p1a: Sylveon|44/100|[from] item: Leftovers\n|-damage|p2a: Excadrill|22/100|[from] Salt Cure\n|upkeep\n|turn|18\n|\n|t:|1782448005\n|move|p1a: Sylveon|Protect||[still]\n|-fail|p1a: Sylveon\n|move|p2a: Excadrill|Earthquake|p1a: Sylveon\n|-damage|p1a: Sylveon|0 fnt\n|faint|p1a: Sylveon\n|\n|-damage|p2a: Excadrill|0 fnt|[from] Salt Cure\n|faint|p2a: Excadrill\n|upkeep\n|\n|t:|1782448019\n|switch|p2a: Kingdra|Kingdra, M|100/100\n|switch|p1a: Iron Valiant|Iron Valiant|100/100\n|-enditem|p1a: Iron Valiant|Booster Energy\n|-activate|p1a: Iron Valiant|ability: Quark Drive|[fromitem]\n|-start|p1a: Iron Valiant|quarkdrivespe\n|turn|19\n|\n|t:|1782448032\n|-terastallize|p2a: Kingdra|Water\n|move|p1a: Iron Valiant|Spirit Break|p2a: Kingdra\n|-damage|p2a: Kingdra|57/100\n|-unboost|p2a: Kingdra|spa|1\n|move|p2a: Kingdra|Hydro Pump|p1a: Iron Valiant\n|-damage|p1a: Iron Valiant|23/100\n|\n|upkeep\n|turn|20\n|\n|t:|1782448049\n|-terastallize|p1a: Iron Valiant|Fighting\n|move|p1a: Iron Valiant|Close Combat|p2a: Kingdra\n|-damage|p2a: Kingdra|0 fnt\n|-unboost|p1a: Iron Valiant|def|1\n|-unboost|p1a: Iron Valiant|spd|1\n|faint|p2a: Kingdra\n|\n|win|yu280333015\n|raw|yu280333015's rating: 1058 &rarr; <strong>1092</strong><br />(+34 for winning)\n|raw|Smallerbaker's rating: 1086 &rarr; <strong>1061</strong><br />(-25 for losing)\n|l|☆Smallerbaker\n|player|p2|\n|l|☆yu280333015\n|player|p1|\n", "uploadtime": 1782448432, "views": 3, "formatid": "gen9ou", "rating": 1061, "private": 0, "password": null}