{"id": "gen9ou-2639239906", "format": "[Gen 9] OU", "players": ["Ryanop92", "iwannagogo"], "log": "|j|☆Ryanop92\n|j|☆iwannagogo\n|t:|1782438937\n|gametype|singles\n|player|p1|Ryanop92|roark|1459\n|player|p2|iwannagogo|unknownf|1479\n|gen|9\n|tier|[Gen 9] OU\n|rated|\n|rule|HP Percentage Mod: HP is shown in percentages\n|rule|Endless Battle Clause: Forcing endless battles is banned\n|rule|Species Clause: Limit one of each Pokémon\n|rule|OHKO Clause: OHKO moves are banned\n|rule|Evasion Items Clause: Evasion items are banned\n|rule|Evasion Moves Clause: Evasion moves are banned\n|rule|Evasion Abilities Clause: Evasion abilities are banned\n|rule|Sleep Moves Clause: Sleep-inducing moves are banned\n|clearpoke\n|poke|p1|Swalot, M|\n|poke|p1|Brambleghast, M|\n|poke|p1|Kingambit, M|\n|poke|p1|Gliscor, M|\n|poke|p1|Keldeo|\n|poke|p1|Scream Tail|\n|poke|p2|Scizor, M|\n|poke|p2|Deoxys-Speed|\n|poke|p2|Great Tusk|\n|poke|p2|Samurott-Hisui, M|\n|poke|p2|Dragonite, M|\n|poke|p2|Iron Moth|\n|teampreview\n|inactive|Battle timer is ON: inactive players will automatically lose when time's up. (requested by iwannagogo)\n|\n|t:|1782438950\n|teamsize|p1|6\n|teamsize|p2|6\n|start\n|switch|p1a: Susie|Scream Tail|100/100\n|switch|p2a: Samurott|Samurott-Hisui, M|100/100\n|turn|1\n|\n|t:|1782438977\n|move|p1a: Susie|Protect|p1a: Susie\n|-singleturn|p1a: Susie|Protect\n|move|p2a: Samurott|Flip Turn|p1a: Susie\n|-activate|p1a: Susie|move: Protect\n|\n|upkeep\n|turn|2\n|\n|t:|1782438989\n|-end|p1a: Susie|Protosynthesis|[silent]\n|switch|p1a: Drac|Gliscor, M|100/100\n|move|p2a: Samurott|Flip Turn|p1a: Drac\n|-supereffective|p1a: Drac\n|-damage|p1a: Drac|67/100\n|\n|t:|1782439016\n|switch|p2a: Great Tusk|Great Tusk|100/100|[from] Flip Turn\n|\n|-status|p1a: Drac|tox|[from] item: Toxic Orb\n|upkeep\n|turn|3\n|\n|t:|1782439028\n|move|p1a: Drac|Protect|p1a: Drac\n|-singleturn|p1a: Drac|Protect\n|move|p2a: Great Tusk|Ice Spinner|p1a: Drac\n|-activate|p1a: Drac|move: Protect\n|\n|-heal|p1a: Drac|79/100 tox|[from] ability: Poison Heal\n|upkeep\n|turn|4\n|\n|t:|1782439039\n|-end|p2a: Great Tusk|Protosynthesis|[silent]\n|switch|p2a: Deoxys|Deoxys-Speed|100/100\n|-ability|p2a: Deoxys|Pressure\n|move|p1a: Drac|Toxic|p2a: Deoxys|[miss]\n|-miss|p1a: Drac|p2a: Deoxys\n|\n|-heal|p1a: Drac|91/100 tox|[from] ability: Poison Heal\n|upkeep\n|turn|5\n|\n|t:|1782439049\n|switch|p1a: Susie|Scream Tail|100/100\n|move|p2a: Deoxys|Psycho Boost|p1a: Susie\n|-resisted|p1a: Susie\n|-damage|p1a: Susie|71/100\n|-unboost|p2a: Deoxys|spa|2\n|\n|upkeep\n|turn|6\n|\n|t:|1782439065\n|switch|p2a: Scizor|Scizor, M|100/100\n|move|p1a: Susie|Encore||[still]\n|-fail|p1a: Susie\n|\n|upkeep\n|turn|7\n|\n|t:|1782439073\n|-end|p1a: Susie|Protosynthesis|[silent]\n|switch|p1a: Drac|Gliscor, M|91/100 tox\n|move|p2a: Scizor|Bullet Punch|p1a: Drac\n|-damage|p1a: Drac|63/100 tox\n|\n|-heal|p1a: Drac|76/100 tox|[from] ability: Poison Heal\n|upkeep\n|turn|8\n|\n|t:|1782439090\n|switch|p2a: Iron Moth|Iron Moth|100/100\n|move|p1a: Drac|Stealth Rock|p2a: Iron Moth\n|-sidestart|p2: iwannagogo|move: Stealth Rock\n|\n|-heal|p1a: Drac|88/100 tox|[from] ability: Poison Heal\n|upkeep\n|turn|9\n|\n|t:|1782439098\n|move|p1a: Drac|Protect|p1a: Drac\n|-singleturn|p1a: Drac|Protect\n|move|p2a: Iron Moth|Fiery Dance|p1a: Drac\n|-activate|p1a: Drac|move: Protect\n|\n|-heal|p1a: Drac|100/100 tox|[from] ability: Poison Heal\n|upkeep\n|turn|10\n|\n|t:|1782439107\n|move|p2a: Iron Moth|Fiery Dance|p1a: Drac\n|-damage|p1a: Drac|21/100 tox\n|-boost|p2a: Iron Moth|spa|1\n|move|p1a: Drac|Earthquake|p2a: Iron Moth\n|-supereffective|p2a: Iron Moth\n|-damage|p2a: Iron Moth|0 fnt\n|faint|p2a: Iron Moth\n|-end|p2a: Iron Moth|Quark Drive|[silent]\n|\n|-heal|p1a: Drac|34/100 tox|[from] ability: Poison Heal\n|upkeep\n|\n|t:|1782439125\n|switch|p2a: Great Tusk|Great Tusk|100/100\n|-damage|p2a: Great Tusk|98/100|[from] Stealth Rock\n|turn|11\n|\n|t:|1782439136\n|-end|p2a: Great Tusk|Protosynthesis|[silent]\n|switch|p2a: Deoxys|Deoxys-Speed|100/100\n|-damage|p2a: Deoxys|88/100|[from] Stealth Rock\n|-ability|p2a: Deoxys|Pressure\n|move|p1a: Drac|Protect||[still]\n|-fail|p1a: Drac\n|\n|-heal|p1a: Drac|46/100 tox|[from] ability: Poison Heal\n|upkeep\n|turn|12\n|\n|t:|1782439146\n|move|p1a: Drac|Protect|p1a: Drac\n|-singleturn|p1a: Drac|Protect\n|move|p2a: Deoxys|Shadow Ball|p1a: Drac\n|-activate|p1a: Drac|move: Protect\n|\n|-heal|p1a: Drac|59/100 tox|[from] ability: Poison Heal\n|upkeep\n|turn|13\n|\n|t:|1782439155\n|switch|p1a: Shogun|Kingambit, M|100/100\n|move|p2a: Deoxys|Shadow Ball|p1a: Shogun\n|-resisted|p1a: Shogun\n|-damage|p1a: Shogun|82/100\n|\n|upkeep\n|turn|14\n|\n|t:|1782439166\n|switch|p2a: Great Tusk|Great Tusk|98/100\n|-damage|p2a: Great Tusk|95/100|[from] Stealth Rock\n|move|p1a: Shogun|Iron Head|p2a: Great Tusk\n|-damage|p2a: Great Tusk|46/100\n|\n|upkeep\n|turn|15\n|\n|t:|1782439176\n|switch|p1a: Thorne|Brambleghast, M, shiny|100/100\n|move|p2a: Great Tusk|Close Combat|p1a: Thorne\n|-immune|p1a: Thorne\n|\n|upkeep\n|turn|16\n|\n|t:|1782439183\n|-end|p2a: Great Tusk|Protosynthesis|[silent]\n|switch|p2a: Scizor|Scizor, M|100/100\n|-damage|p2a: Scizor|88/100|[from] Stealth Rock\n|move|p1a: Thorne|Spikes|p2a: Scizor\n|-sidestart|p2: iwannagogo|Spikes\n|\n|upkeep\n|turn|17\n|\n|t:|1782439193\n|switch|p1a: Drac|Gliscor, M|59/100 tox\n|move|p2a: Scizor|Knock Off|p1a: Drac\n|-damage|p1a: Drac|26/100 tox\n|-enditem|p1a: Drac|Toxic Orb|[from] move: Knock Off|[of] p2a: Scizor\n|\n|-heal|p1a: Drac|39/100 tox|[from] ability: Poison Heal\n|upkeep\n|turn|18\n|\n|t:|1782439204\n|switch|p2a: Samurott|Samurott-Hisui, M|100/100\n|-damage|p2a: Samurott|88/100|[from] Stealth Rock\n|-damage|p2a: Samurott|76/100|[from] Spikes\n|move|p1a: Drac|Earthquake|p2a: Samurott\n|-damage|p2a: Samurott|36/100\n|\n|-heal|p1a: Drac|51/100 tox|[from] ability: Poison Heal\n|upkeep\n|turn|19\n|\n|t:|1782439215\n|move|p1a: Drac|Protect|p1a: Drac\n|-singleturn|p1a: Drac|Protect\n|move|p2a: Samurott|Razor Shell|p1a: Drac\n|-activate|p1a: Drac|move: Protect\n|\n|-heal|p1a: Drac|63/100 tox|[from] ability: Poison Heal\n|upkeep\n|turn|20\n|\n|t:|1782439226\n|switch|p1a: Hero|Keldeo|100/100\n|move|p2a: Samurott|Razor Shell|p1a: Hero\n|-resisted|p1a: Hero\n|-damage|p1a: Hero|72/100\n|-unboost|p1a: Hero|def|1\n|\n|-heal|p1a: Hero|78/100|[from] item: Leftovers\n|upkeep\n|turn|21\n|\n|t:|1782439244\n|switch|p2a: Scizor|Scizor, M|88/100\n|-damage|p2a: Scizor|76/100|[from] Stealth Rock\n|-damage|p2a: Scizor|64/100|[from] Spikes\n|move|p1a: Hero|Vacuum Wave|p2a: Scizor\n|-damage|p2a: Scizor|36/100\n|\n|-heal|p1a: Hero|84/100|[from] item: Leftovers\n|upkeep\n|turn|22\n|\n|t:|1782439254\n|move|p1a: Hero|Surf|p2a: Scizor\n|-damage|p2a: Scizor|0 fnt\n|faint|p2a: Scizor\n|\n|-heal|p1a: Hero|91/100|[from] item: Leftovers\n|upkeep\n|\n|t:|1782439264\n|switch|p2a: Deoxys|Deoxys-Speed|88/100\n|-damage|p2a: Deoxys|76/100|[from] Stealth Rock\n|-damage|p2a: Deoxys|63/100|[from] Spikes\n|-ability|p2a: Deoxys|Pressure\n|turn|23\n|\n|t:|1782439278\n|switch|p1a: Susie|Scream Tail|71/100\n|move|p2a: Deoxys|Shadow Ball|p1a: Susie\n|-supereffective|p1a: Susie\n|-damage|p1a: Susie|24/100\n|\n|upkeep\n|turn|24\n|\n|t:|1782439287\n|-end|p1a: Susie|Protosynthesis|[silent]\n|switch|p1a: Shogun|Kingambit, M|82/100\n|move|p2a: Deoxys|Shadow Ball|p1a: Shogun\n|-resisted|p1a: Shogun\n|-damage|p1a: Shogun|63/100\n|\n|upkeep\n|turn|25\n|\n|t:|1782439295\n|switch|p2a: Great Tusk|Great Tusk|46/100\n|-damage|p2a: Great Tusk|43/100|[from] Stealth Rock\n|-damage|p2a: Great Tusk|31/100|[from] Spikes\n|move|p1a: Shogun|Iron Head|p2a: Great Tusk\n|-damage|p2a: Great Tusk|0 fnt\n|faint|p2a: Great Tusk\n|-end|p2a: Great Tusk|Protosynthesis|[silent]\n|\n|upkeep\n|\n|t:|1782439299\n|switch|p2a: Dragonite|Dragonite, M|100/100\n|-damage|p2a: Dragonite|76/100|[from] Stealth Rock\n|turn|26\n|\n|t:|1782439309\n|switch|p1a: Thorne|Brambleghast, M, shiny|100/100\n|move|p2a: Dragonite|Fire Punch|p1a: Thorne\n|-supereffective|p1a: Thorne\n|-damage|p1a: Thorne|0 fnt\n|faint|p1a: Thorne\n|\n|upkeep\n|\n|t:|1782439325\n|switch|p1a: Drac|Gliscor, M|63/100 tox\n|turn|27\n|\n|t:|1782439330\n|switch|p2a: Samurott|Samurott-Hisui, M|36/100\n|-damage|p2a: Samurott|24/100|[from] Stealth Rock\n|-damage|p2a: Samurott|11/100|[from] Spikes\n|move|p1a: Drac|Toxic|p2a: Samurott\n|-status|p2a: Samurott|tox\n|\n|-damage|p2a: Samurott|5/100 tox|[from] psn\n|-heal|p1a: Drac|76/100 tox|[from] ability: Poison Heal\n|upkeep\n|turn|28\n|\n|t:|1782439341\n|move|p1a: Drac|Protect|p1a: Drac\n|-singleturn|p1a: Drac|Protect\n|move|p2a: Samurott|Razor Shell|p1a: Drac\n|-activate|p1a: Drac|move: Protect\n|\n|-damage|p2a: Samurott|0 fnt|[from] psn\n|faint|p2a: Samurott\n|-heal|p1a: Drac|88/100 tox|[from] ability: Poison Heal\n|upkeep\n|\n|t:|1782439347\n|switch|p2a: Deoxys|Deoxys-Speed|63/100\n|-damage|p2a: Deoxys|51/100|[from] Stealth Rock\n|-damage|p2a: Deoxys|39/100|[from] Spikes\n|-ability|p2a: Deoxys|Pressure\n|turn|29\n|\n|t:|1782439358\n|switch|p1a: Shogun|Kingambit, M|63/100\n|move|p2a: Deoxys|Psycho Boost|p1a: Shogun\n|-immune|p1a: Shogun\n|\n|upkeep\n|turn|30\n|\n|t:|1782439365\n|switch|p2a: Dragonite|Dragonite, M|76/100\n|-damage|p2a: Dragonite|51/100|[from] Stealth Rock\n|move|p1a: Shogun|Sucker Punch||[still]\n|-fail|p1a: Shogun\n|\n|upkeep\n|turn|31\n|\n|t:|1782439374\n|move|p1a: Shogun|Sucker Punch|p2a: Dragonite\n|-damage|p2a: Dragonite|0 fnt\n|faint|p2a: Dragonite\n|\n|upkeep\n|\n|t:|1782439377\n|switch|p2a: Deoxys|Deoxys-Speed|39/100\n|-damage|p2a: Deoxys|26/100|[from] Stealth Rock\n|-damage|p2a: Deoxys|14/100|[from] Spikes\n|-ability|p2a: Deoxys|Pressure\n|turn|32\n|\n|t:|1782439385\n|-terastallize|p2a: Deoxys|Fighting\n|move|p1a: Shogun|Sucker Punch|p2a: Deoxys\n|-resisted|p2a: Deoxys\n|-damage|p2a: Deoxys|0 fnt\n|faint|p2a: Deoxys\n|\n|win|Ryanop92\n|raw|Ryanop92's rating: 1459 &rarr; <strong>1480</strong><br />(+21 for winning)\n|raw|iwannagogo's rating: 1479 &rarr; <strong>1458</strong><br />(-21 for losing)\n|l|☆iwannagogo\n|player|p2|\n|l|☆Ryanop92\n|player|p1|\n", "uploadtime": 1782439762, "views": 10, "formatid": "gen9ou", "rating": 1458, "private": 0, "password": null}