{"id": "gen9ou-2639254781", "format": "[Gen 9] OU", "players": ["imyou019", "thepeakmons"], "log": "|j|☆imyou019\n|j|☆thepeakmons\n|t:|1782441110\n|gametype|singles\n|player|p1|imyou019|101|1321\n|player|p2|thepeakmons|101|1292\n|gen|9\n|tier|[Gen 9] OU\n|rated|\n|rule|HP Percentage Mod: HP is shown in percentages\n|rule|Endless Battle Clause: Forcing endless battles is banned\n|rule|Species Clause: Limit one of each Pokémon\n|rule|OHKO Clause: OHKO moves are banned\n|rule|Evasion Items Clause: Evasion items are banned\n|rule|Evasion Moves Clause: Evasion moves are banned\n|rule|Evasion Abilities Clause: Evasion abilities are banned\n|rule|Sleep Moves Clause: Sleep-inducing moves are banned\n|clearpoke\n|poke|p1|Iron Moth|\n|poke|p1|Samurott-Hisui, M|\n|poke|p1|Pecharunt|\n|poke|p1|Deoxys-Speed|\n|poke|p1|Enamorus, F|\n|poke|p1|Great Tusk|\n|poke|p2|Dondozo, F|\n|poke|p2|Clodsire, M|\n|poke|p2|Corviknight, M|\n|poke|p2|Slowking-Galar, M|\n|poke|p2|Gholdengo|\n|poke|p2|Garganacl, M|\n|teampreview\n|inactive|Battle timer is ON: inactive players will automatically lose when time's up. (requested by thepeakmons)\n|inactive|imyou019 has 120 seconds left.\n|inactive|imyou019 has 90 seconds left.\n|inactive|imyou019 has 60 seconds left.\n|\n|t:|1782441228\n|teamsize|p1|6\n|teamsize|p2|6\n|start\n|switch|p1a: Deoxys|Deoxys-Speed|100/100\n|switch|p2a: Clodsire|Clodsire, M|100/100\n|-ability|p1a: Deoxys|Pressure\n|turn|1\n|\n|t:|1782441234\n|move|p1a: Deoxys|Taunt|p2a: Clodsire\n|-start|p2a: Clodsire|move: Taunt\n|move|p2a: Clodsire|Earthquake|p1a: Deoxys\n|-damage|p1a: Deoxys|67/100\n|\n|upkeep\n|turn|2\n|inactive|imyou019 has 120 seconds left.\n|\n|t:|1782441241\n|switch|p2a: Gholdengo|Gholdengo|100/100\n|move|p1a: Deoxys|Stealth Rock|p2a: Gholdengo\n|-sidestart|p2: thepeakmons|move: Stealth Rock\n|\n|upkeep\n|turn|3\n|\n|t:|1782441248\n|move|p1a: Deoxys|Knock Off|p2a: Gholdengo\n|-supereffective|p2a: Gholdengo\n|-damage|p2a: Gholdengo|67/100\n|-enditem|p2a: Gholdengo|Heavy-Duty Boots|[from] move: Knock Off|[of] p1a: Deoxys\n|move|p2a: Gholdengo|Shadow Ball|p1a: Deoxys\n|-supereffective|p1a: Deoxys\n|-damage|p1a: Deoxys|0 fnt\n|faint|p1a: Deoxys\n|\n|upkeep\n|\n|t:|1782441258\n|switch|p1a: Iron Moth|Iron Moth|100/100\n|turn|4\n|\n|t:|1782441272\n|switch|p2a: Garganacl|Garganacl, M|100/100\n|-damage|p2a: Garganacl|88/100|[from] Stealth Rock\n|move|p1a: Iron Moth|Fiery Dance|p2a: Garganacl\n|-resisted|p2a: Garganacl\n|-damage|p2a: Garganacl|68/100\n|-boost|p1a: Iron Moth|spa|1\n|\n|-heal|p2a: Garganacl|74/100|[from] item: Leftovers\n|upkeep\n|turn|5\n|\n|t:|1782441287\n|-terastallize|p1a: Iron Moth|Grass\n|move|p1a: Iron Moth|Energy Ball|p2a: Garganacl\n|-supereffective|p2a: Garganacl\n|-damage|p2a: Garganacl|0 fnt\n|faint|p2a: Garganacl\n|\n|upkeep\n|\n|t:|1782441301\n|switch|p2a: Slowking|Slowking-Galar, M|100/100\n|turn|6\n|\n|t:|1782441314\n|move|p1a: Iron Moth|Meteor Beam||[still]\n|-prepare|p1a: Iron Moth|Meteor Beam\n|-boost|p1a: Iron Moth|spa|1\n|-enditem|p1a: Iron Moth|Power Herb\n|-anim|p1a: Iron Moth|Meteor Beam|p2a: Slowking\n|-damage|p2a: Slowking|51/100\n|move|p2a: Slowking|Sludge Bomb|p1a: Iron Moth\n|-supereffective|p1a: Iron Moth\n|-damage|p1a: Iron Moth|34/100\n|-status|p1a: Iron Moth|psn\n|\n|-damage|p1a: Iron Moth|22/100 psn|[from] psn\n|upkeep\n|turn|7\n|\n|t:|1782441329\n|switch|p2a: Clodsire|Clodsire, M|100/100\n|move|p1a: Iron Moth|Fiery Dance|p2a: Clodsire\n|-damage|p2a: Clodsire|54/100\n|\n|-damage|p1a: Iron Moth|9/100 psn|[from] psn\n|upkeep\n|turn|8\n|\n|t:|1782441351\n|move|p1a: Iron Moth|Energy Ball|p2a: Clodsire\n|-damage|p2a: Clodsire|4/100\n|move|p2a: Clodsire|Recover|p2a: Clodsire\n|-heal|p2a: Clodsire|54/100\n|\n|-damage|p1a: Iron Moth|0 fnt|[from] psn\n|faint|p1a: Iron Moth\n|-end|p1a: Iron Moth|Quark Drive|[silent]\n|upkeep\n|\n|t:|1782441363\n|switch|p1a: Great Tusk|Great Tusk|100/100\n|-enditem|p1a: Great Tusk|Booster Energy\n|-activate|p1a: Great Tusk|ability: Protosynthesis|[fromitem]\n|-start|p1a: Great Tusk|protosynthesisatk\n|turn|9\n|\n|t:|1782441370\n|switch|p2a: Corviknight|Corviknight, M|100/100\n|-ability|p2a: Corviknight|Pressure\n|move|p1a: Great Tusk|Earthquake|p2a: Corviknight\n|-immune|p2a: Corviknight\n|\n|upkeep\n|turn|10\n|\n|t:|1782441378\n|move|p1a: Great Tusk|Close Combat|p2a: Corviknight\n|-damage|p2a: Corviknight|55/100\n|-unboost|p1a: Great Tusk|def|1\n|-unboost|p1a: Great Tusk|spd|1\n|move|p2a: Corviknight|Brave Bird|p1a: Great Tusk\n|-supereffective|p1a: Great Tusk\n|-damage|p1a: Great Tusk|21/100\n|-damage|p2a: Corviknight|31/100|[from] Recoil\n|\n|upkeep\n|turn|11\n|\n|t:|1782441391\n|switch|p2a: Slowking|Slowking-Galar, M|84/100\n|move|p1a: Great Tusk|Close Combat|p2a: Slowking\n|-resisted|p2a: Slowking\n|-damage|p2a: Slowking|65/100\n|-unboost|p1a: Great Tusk|def|1\n|-unboost|p1a: Great Tusk|spd|1\n|\n|upkeep\n|turn|12\n|\n|t:|1782441405\n|switch|p2a: Dondozo|Dondozo, F|100/100\n|move|p1a: Great Tusk|Earthquake|p2a: Dondozo\n|-damage|p2a: Dondozo|68/100\n|\n|upkeep\n|turn|13\n|\n|t:|1782441420\n|move|p1a: Great Tusk|Close Combat|p2a: Dondozo\n|-crit|p2a: Dondozo\n|-damage|p2a: Dondozo|13/100\n|-unboost|p1a: Great Tusk|def|1\n|-unboost|p1a: Great Tusk|spd|1\n|move|p2a: Dondozo|Wave Crash|p1a: Great Tusk\n|-supereffective|p1a: Great Tusk\n|-damage|p1a: Great Tusk|0 fnt\n|faint|p1a: Great Tusk\n|-end|p1a: Great Tusk|Protosynthesis|[silent]\n|-damage|p2a: Dondozo|8/100|[from] Recoil\n|\n|upkeep\n|\n|t:|1782441430\n|switch|p1a: Enamorus|Enamorus, F|100/100\n|turn|14\n|\n|t:|1782441439\n|switch|p2a: Slowking|Slowking-Galar, M|98/100\n|move|p1a: Enamorus|Superpower|p2a: Slowking\n|-resisted|p2a: Slowking\n|-damage|p2a: Slowking|88/100\n|-boost|p1a: Enamorus|atk|1\n|-boost|p1a: Enamorus|def|1\n|\n|upkeep\n|turn|15\n|\n|t:|1782441454\n|move|p1a: Enamorus|Iron Head|p2a: Slowking\n|-damage|p2a: Slowking|51/100\n|move|p2a: Slowking|Sludge Bomb|p1a: Enamorus\n|-supereffective|p1a: Enamorus\n|-damage|p1a: Enamorus|3/100\n|\n|upkeep\n|turn|16\n|\n|t:|1782441460\n|switch|p2a: Gholdengo|Gholdengo|67/100\n|-damage|p2a: Gholdengo|61/100|[from] Stealth Rock\n|move|p1a: Enamorus|Iron Head|p2a: Gholdengo\n|-resisted|p2a: Gholdengo\n|-damage|p2a: Gholdengo|45/100\n|\n|upkeep\n|turn|17\n|\n|t:|1782441473\n|move|p1a: Enamorus|Play Rough|p2a: Gholdengo\n|-resisted|p2a: Gholdengo\n|-damage|p2a: Gholdengo|18/100\n|move|p2a: Gholdengo|Recover|p2a: Gholdengo\n|-heal|p2a: Gholdengo|68/100\n|\n|upkeep\n|turn|18\n|\n|t:|1782441486\n|switch|p1a: Samurott|Samurott-Hisui, M|100/100\n|move|p2a: Gholdengo|Recover|p2a: Gholdengo\n|-heal|p2a: Gholdengo|100/100\n|\n|upkeep\n|turn|19\n|\n|t:|1782441500\n|move|p1a: Samurott|Ceaseless Edge|p2a: Gholdengo\n|-supereffective|p2a: Gholdengo\n|-damage|p2a: Gholdengo|11/100\n|-sidestart|p2: thepeakmons|Spikes\n|-damage|p1a: Samurott|91/100|[from] item: Life Orb\n|move|p2a: Gholdengo|Nasty Plot|p2a: Gholdengo\n|-boost|p2a: Gholdengo|spa|2\n|\n|upkeep\n|turn|20\n|\n|t:|1782441516\n|move|p1a: Samurott|Ceaseless Edge|p2a: Gholdengo\n|-supereffective|p2a: Gholdengo\n|-damage|p2a: Gholdengo|0 fnt\n|-sidestart|p2: thepeakmons|Spikes\n|faint|p2a: Gholdengo\n|-damage|p1a: Samurott|81/100|[from] item: Life Orb\n|\n|upkeep\n|\n|t:|1782441534\n|switch|p2a: Corviknight|Corviknight, M|31/100\n|-ability|p2a: Corviknight|Pressure\n|turn|21\n|\n|t:|1782441546\n|move|p1a: Samurott|Aqua Cutter|p2a: Corviknight\n|-damage|p2a: Corviknight|0 fnt\n|faint|p2a: Corviknight\n|-damage|p1a: Samurott|71/100|[from] item: Life Orb\n|\n|upkeep\n|inactive|thepeakmons has 120 seconds left.\n|\n|t:|1782441561\n|switch|p2a: Dondozo|Dondozo, F|8/100\n|turn|22\n|\n|t:|1782441568\n|move|p1a: Samurott|Sacred Sword|p2a: Dondozo\n|-damage|p2a: Dondozo|0 fnt\n|faint|p2a: Dondozo\n|-damage|p1a: Samurott|61/100|[from] item: Life Orb\n|\n|upkeep\n|inactive|thepeakmons has 120 seconds left.\n|\n|t:|1782441579\n|switch|p2a: Clodsire|Clodsire, M|54/100\n|turn|23\n|inactive|thepeakmons has 120 seconds left.\n|\n|t:|1782441597\n|move|p1a: Samurott|Aqua Cutter|p2a: Clodsire\n|-heal|p2a: Clodsire|79/100|[from] ability: Water Absorb|[of] p1a: Samurott\n|move|p2a: Clodsire|Recover|p2a: Clodsire\n|-heal|p2a: Clodsire|100/100\n|\n|upkeep\n|turn|24\n|inactive|thepeakmons has 120 seconds left.\n|\n|t:|1782441608\n|switch|p1a: Enamorus|Enamorus, F|3/100\n|move|p2a: Clodsire|Earthquake|p1a: Enamorus\n|-immune|p1a: Enamorus\n|\n|upkeep\n|turn|25\n|\n|t:|1782441618\n|move|p1a: Enamorus|Zen Headbutt|p2a: Clodsire\n|-supereffective|p2a: Clodsire\n|-damage|p2a: Clodsire|27/100\n|move|p2a: Clodsire|Stealth Rock|p1a: Enamorus\n|-sidestart|p1: imyou019|move: Stealth Rock\n|\n|upkeep\n|turn|26\n|inactive|thepeakmons has 120 seconds left.\n|\n|t:|1782441637\n|switch|p2a: Slowking|Slowking-Galar, M|85/100\n|move|p1a: Enamorus|Zen Headbutt|p2a: Slowking\n|-damage|p2a: Slowking|59/100\n|\n|upkeep\n|turn|27\n|inactive|thepeakmons has 120 seconds left.\n|\n|t:|1782441650\n|move|p1a: Enamorus|Iron Head|p2a: Slowking\n|-damage|p2a: Slowking|35/100\n|-prepare|p2a: Slowking|Chilly Reception|[premajor]\n|cant|p2a: Slowking|flinch\n|\n|upkeep\n|turn|28\n|inactive|thepeakmons has 120 seconds left.\n|\n|t:|1782441670\n|move|p1a: Enamorus|Iron Head|p2a: Slowking\n|-damage|p2a: Slowking|7/100\n|-prepare|p2a: Slowking|Chilly Reception|[premajor]\n|cant|p2a: Slowking|flinch\n|\n|upkeep\n|turn|29\n|\n|t:|1782441686\n|switch|p2a: Clodsire|Clodsire, M|27/100\n|move|p1a: Enamorus|Iron Head|p2a: Clodsire\n|-damage|p2a: Clodsire|0 fnt\n|faint|p2a: Clodsire\n|\n|upkeep\n|\n|t:|1782441703\n|switch|p2a: Slowking|Slowking-Galar, M|40/100\n|turn|30\n|inactive|thepeakmons has 90 seconds left.\n|\n|t:|1782441726\n|move|p1a: Enamorus|Iron Head|p2a: Slowking\n|-damage|p2a: Slowking|15/100\n|move|p2a: Slowking|Sludge Bomb|p1a: Enamorus\n|-supereffective|p1a: Enamorus\n|-damage|p1a: Enamorus|0 fnt\n|faint|p1a: Enamorus\n|\n|upkeep\n|\n|t:|1782441732\n|switch|p1a: Samurott|Samurott-Hisui, M|61/100\n|-damage|p1a: Samurott|48/100|[from] Stealth Rock\n|turn|31\n|inactive|thepeakmons has 90 seconds left.\n|\n|t:|1782441744\n|move|p1a: Samurott|Aqua Cutter|p2a: Slowking\n|-damage|p2a: Slowking|0 fnt\n|faint|p2a: Slowking\n|-damage|p1a: Samurott|38/100|[from] item: Life Orb\n|\n|win|imyou019\n|raw|imyou019's rating: 1321 &rarr; <strong>1342</strong><br />(+21 for winning)\n|raw|thepeakmons's rating: 1334 &rarr; <strong>1313</strong><br />(-21 for losing)\n|l|☆imyou019\n|player|p1|\n", "uploadtime": 1782441745, "views": 17, "formatid": "gen9ou", "rating": 1313, "private": 0, "password": null}