{"id": "gen9ou-2639296015", "format": "[Gen 9] OU", "players": ["LordQuantum", "ChilledGrease"], "log": "|j|☆LordQuantum\n|j|‽ChilledGrease\n|t:|1782447858\n|gametype|singles\n|player|p1|LordQuantum|102|1345\n|player|p2|ChilledGrease|boarder|1311\n|gen|9\n|tier|[Gen 9] OU\n|rated|\n|rule|HP Percentage Mod: HP is shown in percentages\n|rule|Endless Battle Clause: Forcing endless battles is banned\n|rule|Species Clause: Limit one of each Pokémon\n|rule|OHKO Clause: OHKO moves are banned\n|rule|Evasion Items Clause: Evasion items are banned\n|rule|Evasion Moves Clause: Evasion moves are banned\n|rule|Evasion Abilities Clause: Evasion abilities are banned\n|rule|Sleep Moves Clause: Sleep-inducing moves are banned\n|clearpoke\n|poke|p1|Tornadus-Therian, M|\n|poke|p1|Darkrai|\n|poke|p1|Great Tusk|\n|poke|p1|Gholdengo|\n|poke|p1|Alomomola, M|\n|poke|p1|Dragonite, M|\n|poke|p2|Volcanion|\n|poke|p2|Hoopa-Unbound|\n|poke|p2|Corviknight, F|\n|poke|p2|Pecharunt|\n|poke|p2|Hydreigon, F|\n|poke|p2|Great Tusk|\n|teampreview\n|inactive|Battle timer is ON: inactive players will automatically lose when time's up. (requested by ChilledGrease)\n|\n|t:|1782447867\n|teamsize|p1|6\n|teamsize|p2|6\n|start\n|switch|p1a: Great Tusk|Great Tusk|100/100\n|switch|p2a: Volcanion|Volcanion|100/100\n|-enditem|p1a: Great Tusk|Booster Energy\n|-activate|p1a: Great Tusk|ability: Protosynthesis|[fromitem]\n|-start|p1a: Great Tusk|protosynthesisspe\n|turn|1\n|\n|t:|1782447873\n|move|p1a: Great Tusk|Bulk Up|p1a: Great Tusk\n|-boost|p1a: Great Tusk|atk|1\n|-boost|p1a: Great Tusk|def|1\n|move|p2a: Volcanion|Steam Eruption|p1a: Great Tusk\n|-supereffective|p1a: Great Tusk\n|-damage|p1a: Great Tusk|0 fnt\n|faint|p1a: Great Tusk\n|-end|p1a: Great Tusk|Protosynthesis|[silent]\n|\n|upkeep\n|\n|t:|1782447878\n|switch|p1a: Dragonite|Dragonite, M|100/100\n|turn|2\n|\n|t:|1782447884\n|switch|p2a: Pecharunt|Pecharunt|100/100\n|move|p1a: Dragonite|Dragon Dance|p1a: Dragonite\n|-boost|p1a: Dragonite|atk|1\n|-boost|p1a: Dragonite|spe|1\n|\n|upkeep\n|turn|3\n|\n|t:|1782447895\n|move|p1a: Dragonite|Earthquake|p2a: Pecharunt\n|-supereffective|p2a: Pecharunt\n|-damage|p2a: Pecharunt|36/100\n|move|p2a: Pecharunt|Malignant Chain|p1a: Dragonite\n|-damage|p1a: Dragonite|79/100\n|-status|p1a: Dragonite|tox\n|-start|p1a: Dragonite|confusion|[from] ability: Poison Puppeteer|[of] p2a: Pecharunt\n|\n|-heal|p2a: Pecharunt|42/100|[from] item: Leftovers\n|-damage|p1a: Dragonite|72/100 tox|[from] psn\n|upkeep\n|turn|4\n|\n|t:|1782447907\n|switch|p1a: Tornadus|Tornadus-Therian, M|100/100\n|switch|p2a: Corviknight|Corviknight, F|100/100\n|\n|upkeep\n|turn|5\n|\n|t:|1782447912\n|move|p1a: Tornadus|Heat Wave|p2a: Corviknight\n|-supereffective|p2a: Corviknight\n|-damage|p2a: Corviknight|54/100\n|move|p2a: Corviknight|U-turn|p1a: Tornadus\n|-resisted|p1a: Tornadus\n|-damage|p1a: Tornadus|92/100\n|\n|t:|1782447929\n|switch|p2a: Volcanion|Volcanion|100/100|[from] U-turn\n|\n|upkeep\n|turn|6\n|\n|t:|1782447936\n|move|p1a: Tornadus|Bleakwind Storm|p2a: Volcanion\n|-damage|p2a: Volcanion|75/100\n|move|p2a: Volcanion|Sludge Bomb|p1a: Tornadus\n|-damage|p1a: Tornadus|67/100\n|-status|p1a: Tornadus|psn\n|\n|-damage|p1a: Tornadus|54/100 psn|[from] psn\n|upkeep\n|turn|7\n|\n|t:|1782447953\n|move|p1a: Tornadus|Knock Off|p2a: Volcanion\n|-damage|p2a: Volcanion|60/100\n|-enditem|p2a: Volcanion|Assault Vest|[from] move: Knock Off|[of] p1a: Tornadus\n|move|p2a: Volcanion|Sludge Bomb|p1a: Tornadus\n|-damage|p1a: Tornadus|29/100 psn\n|\n|-damage|p1a: Tornadus|17/100 psn|[from] psn\n|upkeep\n|turn|8\n|\n|t:|1782447965\n|move|p1a: Tornadus|U-turn|p2a: Volcanion\n|-resisted|p2a: Volcanion\n|-crit|p2a: Volcanion\n|-damage|p2a: Volcanion|51/100\n|\n|t:|1782447974\n|switch|p1a: Dragonite|Dragonite, M|72/100 tox|[from] U-turn\n|move|p2a: Volcanion|Sludge Bomb|p1a: Dragonite\n|-damage|p1a: Dragonite|38/100 tox\n|\n|-damage|p1a: Dragonite|32/100 tox|[from] psn\n|upkeep\n|turn|9\n|\n|t:|1782447982\n|switch|p2a: Corviknight|Corviknight, F|54/100\n|move|p1a: Dragonite|Earthquake|p2a: Corviknight\n|-immune|p2a: Corviknight\n|\n|-damage|p1a: Dragonite|20/100 tox|[from] psn\n|upkeep\n|turn|10\n|\n|t:|1782447991\n|switch|p1a: Darkrai|Darkrai|100/100\n|move|p2a: Corviknight|Roost|p2a: Corviknight\n|-heal|p2a: Corviknight|100/100\n|-singleturn|p2a: Corviknight|move: Roost\n|\n|upkeep\n|turn|11\n|inactive|ChilledGrease has 120 seconds left.\n|\n|t:|1782448033\n|move|p1a: Darkrai|Dark Pulse|p2a: Corviknight\n|-damage|p2a: Corviknight|46/100\n|-damage|p1a: Darkrai|91/100|[from] item: Life Orb\n|move|p2a: Corviknight|U-turn|p1a: Darkrai\n|-supereffective|p1a: Darkrai\n|-damage|p1a: Darkrai|49/100\n|\n|t:|1782448041\n|switch|p2a: Great Tusk|Great Tusk|100/100|[from] U-turn\n|\n|upkeep\n|turn|12\n|\n|t:|1782448045\n|move|p1a: Darkrai|Ice Beam|p2a: Great Tusk\n|-supereffective|p2a: Great Tusk\n|-crit|p2a: Great Tusk\n|-damage|p2a: Great Tusk|0 fnt\n|faint|p2a: Great Tusk\n|-end|p2a: Great Tusk|Protosynthesis|[silent]\n|-damage|p1a: Darkrai|40/100|[from] item: Life Orb\n|\n|upkeep\n|inactive|ChilledGrease has 120 seconds left.\n|\n|t:|1782448051\n|switch|p2a: Hoopa|Hoopa-Unbound|100/100\n|turn|13\n|\n|t:|1782448072\n|switch|p1a: Dragonite|Dragonite, M|20/100 tox\n|move|p2a: Hoopa|Drain Punch|p1a: Dragonite\n|-resisted|p1a: Dragonite\n|-damage|p1a: Dragonite|2/100 tox\n|\n|-damage|p1a: Dragonite|0 fnt|[from] psn\n|faint|p1a: Dragonite\n|upkeep\n|\n|t:|1782448074\n|switch|p1a: Tornadus|Tornadus-Therian, M|50/100 psn\n|turn|14\n|\n|t:|1782448085\n|move|p1a: Tornadus|U-turn|p2a: Hoopa\n|-supereffective|p2a: Hoopa\n|-damage|p2a: Hoopa|0 fnt\n|faint|p2a: Hoopa\n|\n|t:|1782448088\n|switch|p1a: Darkrai|Darkrai|40/100|[from] U-turn\n|\n|upkeep\n|\n|t:|1782448093\n|switch|p2a: Hydreigon|Hydreigon, F|100/100\n|turn|15\n|\n|t:|1782448097\n|-terastallize|p2a: Hydreigon|Steel\n|move|p1a: Darkrai|Focus Blast|p2a: Hydreigon|[miss]\n|-miss|p1a: Darkrai|p2a: Hydreigon\n|move|p2a: Hydreigon|Flash Cannon|p1a: Darkrai\n|-damage|p1a: Darkrai|0 fnt\n|faint|p1a: Darkrai\n|\n|upkeep\n|\n|t:|1782448110\n|switch|p1a: Tornadus|Tornadus-Therian, M|83/100 psn\n|turn|16\n|\n|t:|1782448113\n|move|p1a: Tornadus|Heat Wave|p2a: Hydreigon\n|-supereffective|p2a: Hydreigon\n|-damage|p2a: Hydreigon|45/100\n|move|p2a: Hydreigon|Flash Cannon|p1a: Tornadus\n|-damage|p1a: Tornadus|43/100 psn\n|\n|-damage|p1a: Tornadus|31/100 psn|[from] psn\n|upkeep\n|turn|17\n|\n|t:|1782448124\n|switch|p2a: Volcanion|Volcanion|51/100\n|move|p1a: Tornadus|Heat Wave|p2a: Volcanion\n|-resisted|p2a: Volcanion\n|-damage|p2a: Volcanion|45/100\n|\n|-damage|p1a: Tornadus|18/100 psn|[from] psn\n|upkeep\n|turn|18\n|\n|t:|1782448135\n|move|p1a: Tornadus|U-turn|p2a: Volcanion\n|-resisted|p2a: Volcanion\n|-crit|p2a: Volcanion\n|-damage|p2a: Volcanion|36/100\n|\n|t:|1782448137\n|switch|p1a: Alomomola|Alomomola, M|100/100|[from] U-turn\n|move|p2a: Volcanion|Flamethrower|p1a: Alomomola\n|-resisted|p1a: Alomomola\n|-damage|p1a: Alomomola|70/100\n|\n|upkeep\n|turn|19\n|\n|t:|1782448143\n|move|p2a: Volcanion|Sludge Bomb|p1a: Alomomola\n|-damage|p1a: Alomomola|27/100\n|-status|p1a: Alomomola|psn\n|move|p1a: Alomomola|Wish|p1a: Alomomola\n|\n|-damage|p1a: Alomomola|15/100 psn|[from] psn\n|upkeep\n|turn|20\n|\n|t:|1782448150\n|switch|p1a: Tornadus|Tornadus-Therian, M|51/100 psn\n|move|p2a: Volcanion|Flamethrower|p1a: Tornadus\n|-damage|p1a: Tornadus|14/100 psn\n|\n|-heal|p1a: Tornadus|88/100 psn|[from] move: Wish|[wisher] Alomomola\n|-damage|p1a: Tornadus|75/100 psn|[from] psn\n|upkeep\n|turn|21\n|\n|t:|1782448162\n|switch|p2a: Corviknight|Corviknight, F|46/100\n|move|p1a: Tornadus|Bleakwind Storm|p2a: Corviknight\n|-resisted|p2a: Corviknight\n|-damage|p2a: Corviknight|28/100\n|\n|-damage|p1a: Tornadus|63/100 psn|[from] psn\n|upkeep\n|turn|22\n|\n|t:|1782448172\n|move|p1a: Tornadus|Heat Wave|p2a: Corviknight\n|-supereffective|p2a: Corviknight\n|-damage|p2a: Corviknight|0 fnt\n|faint|p2a: Corviknight\n|\n|-damage|p1a: Tornadus|50/100 psn|[from] psn\n|upkeep\n|\n|t:|1782448181\n|switch|p2a: Pecharunt|Pecharunt|42/100\n|turn|23\n|\n|t:|1782448206\n|move|p1a: Tornadus|Bleakwind Storm|p2a: Pecharunt\n|-damage|p2a: Pecharunt|4/100\n|move|p2a: Pecharunt|Recover|p2a: Pecharunt\n|-heal|p2a: Pecharunt|54/100\n|\n|-heal|p2a: Pecharunt|60/100|[from] item: Leftovers\n|-damage|p1a: Tornadus|38/100 psn|[from] psn\n|upkeep\n|turn|24\n|\n|t:|1782448222\n|switch|p1a: Gholdengo|Gholdengo|100/100\n|-item|p1a: Gholdengo|Air Balloon\n|move|p2a: Pecharunt|Recover|p2a: Pecharunt\n|-heal|p2a: Pecharunt|100/100\n|\n|upkeep\n|turn|25\n|inactive|LordQuantum has 120 seconds left.\n|\n|t:|1782448244\n|move|p1a: Gholdengo|Shadow Ball|p2a: Pecharunt\n|-supereffective|p2a: Pecharunt\n|-damage|p2a: Pecharunt|26/100\n|move|p2a: Pecharunt|Shadow Ball|p1a: Gholdengo\n|-supereffective|p1a: Gholdengo\n|-damage|p1a: Gholdengo|32/100\n|-enditem|p1a: Gholdengo|Air Balloon\n|\n|-heal|p2a: Pecharunt|32/100|[from] item: Leftovers\n|upkeep\n|turn|26\n|inactive|LordQuantum has 120 seconds left.\n|\n|t:|1782448255\n|switch|p2a: Hydreigon|Hydreigon, F, tera:Steel|45/100\n|move|p1a: Gholdengo|Shadow Ball|p2a: Hydreigon\n|-damage|p2a: Hydreigon|1/100\n|\n|upkeep\n|turn|27\n|inactive|LordQuantum has 120 seconds left.\n|\n|t:|1782448265\n|switch|p1a: Alomomola|Alomomola, M|48/100 psn\n|move|p2a: Hydreigon|Dark Pulse|p1a: Alomomola\n|-damage|p1a: Alomomola|0 fnt\n|faint|p1a: Alomomola\n|\n|upkeep\n|\n|t:|1782448267\n|switch|p1a: Tornadus|Tornadus-Therian, M|71/100 psn\n|turn|28\n|\n|t:|1782448278\n|switch|p2a: Volcanion|Volcanion|36/100\n|move|p1a: Tornadus|Knock Off|p2a: Volcanion\n|-damage|p2a: Volcanion|26/100\n|\n|-damage|p1a: Tornadus|59/100 psn|[from] psn\n|upkeep\n|turn|29\n|\n|t:|1782448286\n|move|p1a: Tornadus|Bleakwind Storm|p2a: Volcanion|[miss]\n|-miss|p1a: Tornadus|p2a: Volcanion\n|move|p2a: Volcanion|Steam Eruption|p1a: Tornadus\n|-damage|p1a: Tornadus|14/100 psn\n|\n|-damage|p1a: Tornadus|2/100 psn|[from] psn\n|upkeep\n|turn|30\n|\n|t:|1782448295\n|switch|p1a: Gholdengo|Gholdengo|32/100\n|move|p2a: Volcanion|Flamethrower|p1a: Gholdengo\n|-supereffective|p1a: Gholdengo\n|-damage|p1a: Gholdengo|0 fnt\n|faint|p1a: Gholdengo\n|\n|upkeep\n|\n|t:|1782448297\n|switch|p1a: Tornadus|Tornadus-Therian, M|35/100 psn\n|turn|31\n|inactive|ChilledGrease has 120 seconds left.\n|\n|t:|1782448330\n|move|p1a: Tornadus|Bleakwind Storm|p2a: Volcanion\n|-damage|p2a: Volcanion|0 fnt\n|faint|p2a: Volcanion\n|\n|-damage|p1a: Tornadus|23/100 psn|[from] psn\n|upkeep\n|inactive|ChilledGrease has 120 seconds left.\n|\n|t:|1782448336\n|switch|p2a: Hydreigon|Hydreigon, F, tera:Steel|1/100\n|turn|32\n|\n|t:|1782448361\n|move|p1a: Tornadus|Knock Off|p2a: Hydreigon\n|-damage|p2a: Hydreigon|0 fnt\n|-enditem|p2a: Hydreigon|Choice Specs|[from] move: Knock Off|[of] p1a: Tornadus\n|faint|p2a: Hydreigon\n|\n|-damage|p1a: Tornadus|10/100 psn|[from] psn\n|upkeep\n|\n|t:|1782448367\n|switch|p2a: Pecharunt|Pecharunt|32/100\n|turn|33\n|\n|t:|1782448373\n|move|p1a: Tornadus|Bleakwind Storm|p2a: Pecharunt\n|-crit|p2a: Pecharunt\n|-damage|p2a: Pecharunt|0 fnt\n|faint|p2a: Pecharunt\n|\n|win|LordQuantum\n|raw|LordQuantum's rating: 1345 &rarr; <strong>1363</strong><br />(+18 for winning)\n|raw|ChilledGrease's rating: 1311 &rarr; <strong>1293</strong><br />(-18 for losing)\n|l|☆LordQuantum\n|player|p1|\n|l|‽ChilledGrease\n|player|p2|\n", "uploadtime": 1782448701, "views": 5, "formatid": "gen9ou", "rating": 1293, "private": 0, "password": null}