{"id": "gen9ou-2647775461", "format": "[Gen 9] OU", "players": ["Cdgyhyfe2.0", "zudin_sudin"], "log": "|j|☆Cdgyhyfe2.0\n|j|☆zudin_sudin\n|t:|1783810501\n|gametype|singles\n|player|p1|Cdgyhyfe2.0|n|1225\n|player|p2|zudin_sudin|cameraman|1198\n|gen|9\n|tier|[Gen 9] OU\n|rated|\n|rule|HP Percentage Mod: HP is shown in percentages\n|rule|Endless Battle Clause: Forcing endless battles is banned\n|rule|Species Clause: Limit one of each Pokémon\n|rule|OHKO Clause: OHKO moves are banned\n|rule|Evasion Items Clause: Evasion items are banned\n|rule|Evasion Moves Clause: Evasion moves are banned\n|rule|Evasion Abilities Clause: Evasion abilities are banned\n|rule|Sleep Moves Clause: Sleep-inducing moves are banned\n|clearpoke\n|poke|p1|Kingambit, M|\n|poke|p1|Darkrai|\n|poke|p1|Greninja-*, M|\n|poke|p1|Garchomp, M|\n|poke|p1|Skarmory, M|\n|poke|p1|Enamorus, F|\n|poke|p2|Tyranitar, M|\n|poke|p2|Excadrill, F|\n|poke|p2|Ambipom, M|\n|poke|p2|Hawlucha, M|\n|poke|p2|Talonflame, M|\n|poke|p2|Jolteon, F|\n|teampreview\n|\n|t:|1783810509\n|teamsize|p1|6\n|teamsize|p2|6\n|start\n|switch|p1a: Renshu|Greninja, M|100/100\n|switch|p2a: Handy man|Ambipom, M|100/100\n|turn|1\n|\n|t:|1783810526\n|move|p2a: Handy man|Fake Out|p1a: Renshu\n|-damage|p1a: Renshu|47/100\n|-damage|p2a: Handy man|91/100|[from] item: Life Orb\n|cant|p1a: Renshu|flinch\n|\n|upkeep\n|turn|2\n|\n|t:|1783810546\n|switch|p2a: Angry man|Tyranitar, M|100/100\n|-weather|Sandstorm|[from] ability: Sand Stream|[of] p2a: Angry man\n|switch|p1a: King|Kingambit, M|100/100\n|\n|-weather|Sandstorm|[upkeep]\n|upkeep\n|turn|3\n|\n|t:|1783810557\n|move|p1a: King|Swords Dance|p1a: King\n|-boost|p1a: King|atk|2\n|move|p2a: Angry man|Stealth Rock|p1a: King\n|-sidestart|p1: Cdgyhyfe2.0|move: Stealth Rock\n|\n|-weather|Sandstorm|[upkeep]\n|upkeep\n|turn|4\n|inactive|Battle timer is ON: inactive players will automatically lose when time's up. (requested by Cdgyhyfe2.0)\n|\n|t:|1783810564\n|switch|p2a: Docile man|Talonflame, M|100/100\n|move|p1a: King|Iron Head|p2a: Docile man\n|-resisted|p2a: Docile man\n|-damage|p2a: Docile man|43/100\n|\n|-weather|Sandstorm|[upkeep]\n|-damage|p2a: Docile man|37/100|[from] Sandstorm\n|upkeep\n|turn|5\n|\n|t:|1783810572\n|move|p1a: King|Sucker Punch||[still]\n|-fail|p1a: King\n|move|p2a: Docile man|Will-O-Wisp|p1a: King\n|-status|p1a: King|brn\n|\n|-weather|Sandstorm|[upkeep]\n|-damage|p2a: Docile man|31/100|[from] Sandstorm\n|-damage|p1a: King|94/100 brn|[from] brn\n|upkeep\n|turn|6\n|\n|t:|1783810581\n|switch|p2a: Hardworking man|Excadrill, F|100/100\n|move|p1a: King|Sucker Punch||[still]\n|-fail|p1a: King\n|\n|-weather|Sandstorm|[upkeep]\n|-heal|p1a: King|100/100 brn|[from] item: Leftovers\n|-damage|p1a: King|94/100 brn|[from] brn\n|upkeep\n|turn|7\n|\n|t:|1783810590\n|move|p2a: Hardworking man|Swords Dance|p2a: Hardworking man\n|-boost|p2a: Hardworking man|atk|2\n|move|p1a: King|Swords Dance|p1a: King\n|-boost|p1a: King|atk|2\n|\n|-weather|Sandstorm|[upkeep]\n|-heal|p1a: King|100/100 brn|[from] item: Leftovers\n|-damage|p1a: King|94/100 brn|[from] brn\n|upkeep\n|turn|8\n|\n|t:|1783810598\n|move|p1a: King|Sucker Punch|p2a: Hardworking man\n|-damage|p2a: Hardworking man|9/100\n|move|p2a: Hardworking man|Earthquake|p1a: King\n|-supereffective|p1a: King\n|-damage|p1a: King|0 fnt\n|faint|p1a: King\n|-end|p1a: King|fallenundefined|[silent]\n|\n|-weather|Sandstorm|[upkeep]\n|-heal|p2a: Hardworking man|15/100|[from] item: Leftovers\n|upkeep\n|\n|t:|1783810605\n|switch|p1a: Renshu|Greninja, M|47/100\n|-damage|p1a: Renshu|35/100|[from] Stealth Rock\n|turn|9\n|\n|t:|1783810618\n|move|p2a: Hardworking man|Earthquake|p1a: Renshu\n|-damage|p1a: Renshu|0 fnt\n|faint|p1a: Renshu\n|\n|-weather|none\n|-heal|p2a: Hardworking man|21/100|[from] item: Leftovers\n|upkeep\n|\n|t:|1783810629\n|switch|p1a: Met|Skarmory, M, shiny|100/100\n|-damage|p1a: Met|88/100|[from] Stealth Rock\n|turn|10\n|c|☆zudin_sudin|thought you were bout to use water shuriken for sec\n|c|☆zudin_sudin|thats scares me\n|\n|t:|1783810642\n|switch|p2a: Nervous man|Jolteon, F|100/100\n|move|p1a: Met|Iron Defense|p1a: Met\n|-boost|p1a: Met|def|2\n|\n|upkeep\n|turn|11\n|\n|t:|1783810650\n|-terastallize|p1a: Met|Fairy\n|move|p2a: Nervous man|Thunderbolt|p1a: Met\n|-damage|p1a: Met|26/100\n|move|p1a: Met|Iron Defense|p1a: Met\n|-boost|p1a: Met|def|2\n|\n|upkeep\n|turn|12\n|c|☆Cdgyhyfe2.0|Somehow you outsped me\n|\n|t:|1783810678\n|move|p1a: Met|Protect|p1a: Met\n|-singleturn|p1a: Met|Protect\n|move|p2a: Nervous man|Thunderbolt|p1a: Met\n|-activate|p1a: Met|move: Protect\n|\n|upkeep\n|turn|13\n|c|☆zudin_sudin|in what world is skarmory 130 speed fast\n|\n|t:|1783810689\n|switch|p1a: Jet|Garchomp, M, shiny|100/100\n|-damage|p1a: Jet|94/100|[from] Stealth Rock\n|move|p2a: Nervous man|Thunderbolt|p1a: Jet\n|-immune|p1a: Jet\n|\n|upkeep\n|turn|14\n|\n|t:|1783810701\n|switch|p2a: Confident man|Hawlucha, M, shiny|100/100\n|move|p1a: Jet|Swords Dance|p1a: Jet\n|-boost|p1a: Jet|atk|2\n|\n|upkeep\n|turn|15\n|\n|t:|1783810725\n|switch|p2a: Docile man|Talonflame, M|31/100\n|move|p1a: Jet|Swords Dance|p1a: Jet\n|-boost|p1a: Jet|atk|2\n|\n|upkeep\n|turn|16\n|c|☆zudin_sudin|2 sd?\n|\n|t:|1783810736\n|move|p2a: Docile man|Will-O-Wisp|p1a: Jet\n|-status|p1a: Jet|brn\n|move|p1a: Jet|Dragon Claw|p2a: Docile man\n|-damage|p2a: Docile man|0 fnt\n|faint|p2a: Docile man\n|\n|-damage|p1a: Jet|88/100 brn|[from] brn\n|upkeep\n|c|☆zudin_sudin|getting greedy huh\n|c|☆Cdgyhyfe2.0|?\n|\n|t:|1783810745\n|switch|p2a: Handy man|Ambipom, M|91/100\n|turn|17\n|c|☆Cdgyhyfe2.0|Yeah\n|\n|t:|1783810756\n|move|p2a: Handy man|Fake Out|p1a: Jet\n|-damage|p1a: Jet|55/100 brn\n|-damage|p2a: Handy man|78/100|[from] ability: Rough Skin|[of] p1a: Jet\n|-damage|p2a: Handy man|68/100|[from] item: Life Orb\n|cant|p1a: Jet|flinch\n|\n|-damage|p1a: Jet|49/100 brn|[from] brn\n|upkeep\n|turn|18\n|\n|t:|1783810765\n|move|p2a: Handy man|Triple Axel|p1a: Jet\n|-supereffective|p1a: Jet\n|-damage|p1a: Jet|2/100 brn\n|-damage|p2a: Handy man|56/100|[from] ability: Rough Skin|[of] p1a: Jet\n|-supereffective|p1a: Jet\n|-damage|p1a: Jet|0 fnt\n|-damage|p2a: Handy man|44/100|[from] ability: Rough Skin|[of] p1a: Jet\n|faint|p1a: Jet\n|-hitcount|p1: Jet|2\n|-damage|p2a: Handy man|34/100|[from] item: Life Orb\n|\n|upkeep\n|\n|t:|1783810769\n|switch|p1a: Satella|Darkrai|100/100\n|-damage|p1a: Satella|88/100|[from] Stealth Rock\n|turn|19\n|\n|t:|1783810782\n|switch|p2a: Angry man|Tyranitar, M|100/100\n|-weather|Sandstorm|[from] ability: Sand Stream|[of] p2a: Angry man\n|move|p1a: Satella|Nasty Plot|p1a: Satella\n|-boost|p1a: Satella|spa|2\n|\n|-weather|Sandstorm|[upkeep]\n|-damage|p1a: Satella|82/100|[from] Sandstorm\n|upkeep\n|turn|20\n|\n|t:|1783810793\n|move|p1a: Satella|Thunder|p2a: Angry man\n|-damage|p2a: Angry man|61/100\n|-damage|p1a: Satella|72/100|[from] item: Life Orb\n|move|p2a: Angry man|Thunder Wave|p1a: Satella\n|-status|p1a: Satella|par\n|\n|-weather|Sandstorm|[upkeep]\n|-damage|p1a: Satella|66/100 par|[from] Sandstorm\n|upkeep\n|turn|21\n|c|☆Cdgyhyfe2.0|I lost\n|c|☆zudin_sudin|could have swore darkrai learn focus blast\n|\n|t:|1783810818\n|cant|p1a: Satella|par\n|move|p2a: Angry man|Knock Off|p1a: Satella\n|-resisted|p1a: Satella\n|-damage|p1a: Satella|40/100 par\n|-enditem|p1a: Satella|Life Orb|[from] move: Knock Off|[of] p2a: Angry man\n|\n|-weather|Sandstorm|[upkeep]\n|-damage|p1a: Satella|33/100 par|[from] Sandstorm\n|upkeep\n|turn|22\n|c|☆Cdgyhyfe2.0|Idk\n|\n|t:|1783810826\n|move|p1a: Satella|Ice Beam|p2a: Angry man\n|-damage|p2a: Angry man|35/100\n|move|p2a: Angry man|Ice Punch|p1a: Satella\n|-damage|p1a: Satella|3/100 par\n|\n|-weather|Sandstorm|[upkeep]\n|-damage|p1a: Satella|0 fnt|[from] Sandstorm\n|faint|p1a: Satella\n|upkeep\n|\n|t:|1783810833\n|switch|p1a: Kaineva|Enamorus, F|100/100\n|-damage|p1a: Kaineva|76/100|[from] Stealth Rock\n|turn|23\n|\n|t:|1783810840\n|move|p1a: Kaineva|Moonblast|p2a: Angry man\n|-supereffective|p2a: Angry man\n|-damage|p2a: Angry man|0 fnt\n|faint|p2a: Angry man\n|\n|-weather|Sandstorm|[upkeep]\n|-damage|p1a: Kaineva|69/100|[from] Sandstorm\n|upkeep\n|\n|t:|1783810846\n|switch|p2a: Hardworking man|Excadrill, F|21/100\n|turn|24\n|\n|t:|1783810854\n|move|p2a: Hardworking man|Iron Head|p1a: Kaineva\n|-supereffective|p1a: Kaineva\n|-damage|p1a: Kaineva|0 fnt\n|faint|p1a: Kaineva\n|\n|-weather|Sandstorm|[upkeep]\n|-heal|p2a: Hardworking man|28/100|[from] item: Leftovers\n|upkeep\n|c|☆Cdgyhyfe2.0|Wht is wrong with your excadrill\n|c|☆Cdgyhyfe2.0|how does it outspeed me\n|\n|t:|1783810875\n|switch|p1a: Met|Skarmory, M, shiny, tera:Fairy|26/100\n|-damage|p1a: Met|14/100|[from] Stealth Rock\n|turn|25\n|c|☆zudin_sudin|sand rush double its speed btw\n|c|☆zudin_sudin|ttar and excadrill has always been double battles meta\n|c|☆Cdgyhyfe2.0|Sounds balenced\n|c|☆zudin_sudin|its so peak in singles too\n|inactive|zudin_sudin has 120 seconds left.\n|\n|t:|1783810908\n|move|p2a: Hardworking man|Iron Head|p1a: Met\n|-supereffective|p1a: Met\n|-damage|p1a: Met|0 fnt\n|-damage|p2a: Hardworking man|11/100|[from] item: Rocky Helmet|[of] p1a: Met\n|faint|p1a: Met\n|\n|win|zudin_sudin\n|raw|Cdgyhyfe2.0's rating: 1225 &rarr; <strong>1198</strong><br />(-27 for losing)\n|raw|zudin_sudin's rating: 1198 &rarr; <strong>1225</strong><br />(+27 for winning)\n|l|☆Cdgyhyfe2.0\n|player|p1|\n|l|☆zudin_sudin\n|player|p2|\n", "uploadtime": 1783811195, "views": 3, "formatid": "gen9ou", "rating": 1198, "private": 0, "password": null}