{"id": "gen9ou-2647779209", "format": "[Gen 9] OU", "players": ["PrayForMyPp", "OUBotBeepBoop"], "log": "|j|☆PrayForMyPp\n|j|☆OUBotBeepBoop\n|t:|1783811157\n|gametype|singles\n|player|p1|PrayForMyPp|1|1094\n|player|p2|OUBotBeepBoop|102|1120\n|gen|9\n|tier|[Gen 9] OU\n|rated|\n|rule|HP Percentage Mod: HP is shown in percentages\n|rule|Endless Battle Clause: Forcing endless battles is banned\n|rule|Species Clause: Limit one of each Pokémon\n|rule|OHKO Clause: OHKO moves are banned\n|rule|Evasion Items Clause: Evasion items are banned\n|rule|Evasion Moves Clause: Evasion moves are banned\n|rule|Evasion Abilities Clause: Evasion abilities are banned\n|rule|Sleep Moves Clause: Sleep-inducing moves are banned\n|clearpoke\n|poke|p1|Honchkrow, F|\n|poke|p1|Espeon, M|\n|poke|p1|Blaziken, F|\n|poke|p1|Skeledirge, M|\n|poke|p1|Blastoise, M|\n|poke|p1|Revavroom, M|\n|poke|p2|Glimmora, M|\n|poke|p2|Great Tusk|\n|poke|p2|Kingambit, M|\n|poke|p2|Dragapult, F|\n|poke|p2|Clefable, F|\n|poke|p2|Corviknight, F|\n|teampreview\n|inactive|Battle timer is ON: inactive players will automatically lose when time's up. (requested by OUBotBeepBoop)\n|\n|t:|1783811159\n|teamsize|p1|6\n|teamsize|p2|6\n|start\n|switch|p1a: Espeon|Espeon, M|100/100\n|switch|p2a: Glimmora|Glimmora, M|100/100\n|turn|1\n|\n|t:|1783811161\n|move|p1a: Espeon|Psychic|p2a: Glimmora\n|-supereffective|p2a: Glimmora\n|-enditem|p2a: Glimmora|Focus Sash\n|-damage|p2a: Glimmora|1/100\n|move|p2a: Glimmora|Stealth Rock|p1a: Espeon\n|move|p1a: Espeon|Stealth Rock|p2a: Glimmora|[from] ability: Magic Bounce\n|-sidestart|p2: OUBotBeepBoop|move: Stealth Rock\n|\n|upkeep\n|turn|2\n|\n|t:|1783811163\n|switch|p2a: Kingambit|Kingambit, M|100/100\n|-damage|p2a: Kingambit|94/100|[from] Stealth Rock\n|move|p1a: Espeon|Shadow Ball|p2a: Kingambit\n|-resisted|p2a: Kingambit\n|-damage|p2a: Kingambit|80/100\n|\n|upkeep\n|turn|3\n|\n|t:|1783811166\n|switch|p1a: Honchkrow|Honchkrow, F|100/100\n|move|p2a: Kingambit|Kowtow Cleave|p1a: Honchkrow\n|-resisted|p1a: Honchkrow\n|-damage|p1a: Honchkrow|58/100\n|-damage|p2a: Kingambit|64/100|[from] item: Rocky Helmet|[of] p1a: Honchkrow\n|\n|upkeep\n|turn|4\n|\n|t:|1783811168\n|move|p1a: Honchkrow|Heat Wave|p2a: Kingambit\n|-supereffective|p2a: Kingambit\n|-damage|p2a: Kingambit|27/100\n|move|p2a: Kingambit|Swords Dance|p2a: Kingambit\n|-boost|p2a: Kingambit|atk|2\n|\n|upkeep\n|turn|5\n|\n|t:|1783811173\n|-terastallize|p2a: Kingambit|Dark\n|move|p1a: Honchkrow|Sucker Punch|p2a: Kingambit\n|-resisted|p2a: Kingambit\n|-damage|p2a: Kingambit|14/100\n|move|p2a: Kingambit|Sucker Punch||[still]\n|-fail|p2a: Kingambit\n|\n|upkeep\n|turn|6\n|\n|t:|1783811177\n|move|p1a: Honchkrow|Sucker Punch|p2a: Kingambit\n|-resisted|p2a: Kingambit\n|-damage|p2a: Kingambit|0 fnt\n|faint|p2a: Kingambit\n|-end|p2a: Kingambit|fallenundefined|[silent]\n|-ability|p1a: Honchkrow|Moxie|boost\n|-boost|p1a: Honchkrow|atk|1\n|\n|upkeep\n|\n|t:|1783811177\n|switch|p2a: Great Tusk|Great Tusk|100/100\n|turn|7\n|\n|t:|1783811180\n|move|p2a: Great Tusk|Ice Spinner|p1a: Honchkrow\n|-supereffective|p1a: Honchkrow\n|-damage|p1a: Honchkrow|0 fnt\n|-damage|p2a: Great Tusk|84/100|[from] item: Rocky Helmet|[of] p1a: Honchkrow\n|faint|p1a: Honchkrow\n|\n|upkeep\n|\n|t:|1783811186\n|switch|p1a: Blastoise|Blastoise, M|100/100\n|turn|8\n|\n|t:|1783811187\n|move|p2a: Great Tusk|Rapid Spin|p1a: Blastoise\n|-damage|p1a: Blastoise|80/100\n|-boost|p2a: Great Tusk|spe|1\n|-sideend|p2: OUBotBeepBoop|Stealth Rock|[from] move: Rapid Spin|[of] p2a: Great Tusk\n|move|p1a: Blastoise|Shell Smash|p1a: Blastoise\n|-unboost|p1a: Blastoise|def|1\n|-unboost|p1a: Blastoise|spd|1\n|-boost|p1a: Blastoise|atk|2\n|-boost|p1a: Blastoise|spa|2\n|-boost|p1a: Blastoise|spe|2\n|-enditem|p1a: Blastoise|White Herb\n|-clearnegativeboost|p1a: Blastoise|[silent]\n|\n|upkeep\n|turn|9\n|\n|t:|1783811189\n|move|p1a: Blastoise|Hydro Pump|p2a: Great Tusk\n|-supereffective|p2a: Great Tusk\n|-damage|p2a: Great Tusk|0 fnt\n|faint|p2a: Great Tusk\n|-end|p2a: Great Tusk|Protosynthesis|[silent]\n|\n|upkeep\n|\n|t:|1783811189\n|switch|p2a: Dragapult|Dragapult, F|100/100\n|turn|10\n|\n|t:|1783811192\n|move|p1a: Blastoise|Ice Beam|p2a: Dragapult\n|-supereffective|p2a: Dragapult\n|-damage|p2a: Dragapult|0 fnt\n|faint|p2a: Dragapult\n|\n|upkeep\n|\n|t:|1783811192\n|switch|p2a: Clefable|Clefable, F|100/100\n|turn|11\n|\n|t:|1783811194\n|move|p1a: Blastoise|Hydro Pump|p2a: Clefable\n|-damage|p2a: Clefable|65/100\n|move|p2a: Clefable|Moonblast|p1a: Blastoise\n|-damage|p1a: Blastoise|52/100\n|-unboost|p1a: Blastoise|spa|1\n|\n|-heal|p2a: Clefable|72/100|[from] item: Leftovers\n|upkeep\n|turn|12\n|\n|t:|1783811198\n|move|p1a: Blastoise|Ice Beam|p2a: Clefable\n|-damage|p2a: Clefable|52/100\n|-status|p2a: Clefable|frz\n|cant|p2a: Clefable|frz\n|\n|-heal|p2a: Clefable|58/100 frz|[from] item: Leftovers\n|upkeep\n|turn|13\n|\n|t:|1783811201\n|move|p1a: Blastoise|Hydro Pump|p2a: Clefable|[miss]\n|-miss|p1a: Blastoise|p2a: Clefable\n|cant|p2a: Clefable|frz\n|\n|-heal|p2a: Clefable|64/100 frz|[from] item: Leftovers\n|upkeep\n|turn|14\n|\n|t:|1783811203\n|move|p1a: Blastoise|Shell Smash|p1a: Blastoise\n|-unboost|p1a: Blastoise|def|1\n|-unboost|p1a: Blastoise|spd|1\n|-boost|p1a: Blastoise|atk|2\n|-boost|p1a: Blastoise|spa|2\n|-boost|p1a: Blastoise|spe|2\n|-curestatus|p2a: Clefable|frz|[msg]\n|move|p2a: Clefable|Moonblast|p1a: Blastoise\n|-damage|p1a: Blastoise|23/100\n|-unboost|p1a: Blastoise|spa|1\n|\n|-heal|p2a: Clefable|70/100|[from] item: Leftovers\n|upkeep\n|turn|15\n|\n|t:|1783811204\n|move|p1a: Blastoise|Hydro Pump|p2a: Clefable\n|-damage|p2a: Clefable|21/100\n|move|p2a: Clefable|Moonblast|p1a: Blastoise\n|-damage|p1a: Blastoise|0 fnt\n|faint|p1a: Blastoise\n|\n|-heal|p2a: Clefable|27/100|[from] item: Leftovers\n|upkeep\n|\n|t:|1783811209\n|switch|p1a: Revavroom|Revavroom, M|100/100\n|-item|p1a: Revavroom|Air Balloon\n|turn|16\n|\n|t:|1783811210\n|switch|p2a: Corviknight|Corviknight, F|100/100\n|-ability|p2a: Corviknight|Pressure\n|move|p1a: Revavroom|Shift Gear|p1a: Revavroom\n|-boost|p1a: Revavroom|spe|2\n|-boost|p1a: Revavroom|atk|1\n|\n|upkeep\n|turn|17\n|\n|t:|1783811212\n|move|p1a: Revavroom|Iron Head|p2a: Corviknight\n|-resisted|p2a: Corviknight\n|-damage|p2a: Corviknight|82/100\n|cant|p2a: Corviknight|flinch\n|\n|-heal|p2a: Corviknight|88/100|[from] item: Leftovers\n|upkeep\n|turn|18\n|\n|t:|1783811214\n|move|p1a: Revavroom|Iron Head|p2a: Corviknight\n|-resisted|p2a: Corviknight\n|-damage|p2a: Corviknight|69/100\n|move|p2a: Corviknight|Body Press|p1a: Revavroom\n|-damage|p1a: Revavroom|75/100\n|-enditem|p1a: Revavroom|Air Balloon\n|\n|-heal|p2a: Corviknight|75/100|[from] item: Leftovers\n|upkeep\n|turn|19\n|\n|t:|1783811218\n|switch|p1a: Skeledirge|Skeledirge, M|100/100\n|move|p2a: Corviknight|Body Press|p1a: Skeledirge\n|-immune|p1a: Skeledirge\n|\n|-heal|p2a: Corviknight|82/100|[from] item: Leftovers\n|upkeep\n|turn|20\n|\n|t:|1783811219\n|switch|p2a: Glimmora|Glimmora, M|1/100\n|move|p1a: Skeledirge|Torch Song|p2a: Glimmora\n|-resisted|p2a: Glimmora\n|-damage|p2a: Glimmora|0 fnt\n|-boost|p1a: Skeledirge|spa|1\n|faint|p2a: Glimmora\n|\n|upkeep\n|\n|t:|1783811219\n|switch|p2a: Corviknight|Corviknight, F|82/100\n|-ability|p2a: Corviknight|Pressure\n|turn|21\n|\n|t:|1783811221\n|move|p2a: Corviknight|U-turn|p1a: Skeledirge\n|-resisted|p1a: Skeledirge\n|-damage|p1a: Skeledirge|98/100\n|\n|t:|1783811222\n|switch|p2a: Clefable|Clefable, F|27/100|[from] U-turn\n|move|p1a: Skeledirge|Torch Song|p2a: Clefable\n|-damage|p2a: Clefable|0 fnt\n|-boost|p1a: Skeledirge|spa|1\n|faint|p2a: Clefable\n|\n|-heal|p1a: Skeledirge|100/100|[from] item: Leftovers\n|upkeep\n|\n|t:|1783811223\n|switch|p2a: Corviknight|Corviknight, F|82/100\n|-ability|p2a: Corviknight|Pressure\n|turn|22\n|\n|t:|1783811224\n|move|p2a: Corviknight|U-turn|p1a: Skeledirge\n|-resisted|p1a: Skeledirge\n|-damage|p1a: Skeledirge|98/100\n|move|p1a: Skeledirge|Curse|p2a: Corviknight\n|-start|p2a: Corviknight|Curse|[of] p1a: Skeledirge\n|-damage|p1a: Skeledirge|48/100\n|\n|-heal|p2a: Corviknight|88/100|[from] item: Leftovers\n|-heal|p1a: Skeledirge|54/100|[from] item: Leftovers\n|-damage|p2a: Corviknight|63/100|[from] Curse\n|upkeep\n|turn|23\n|\n|t:|1783811225\n|move|p2a: Corviknight|U-turn|p1a: Skeledirge\n|-resisted|p1a: Skeledirge\n|-damage|p1a: Skeledirge|52/100\n|move|p1a: Skeledirge|Torch Song|p2a: Corviknight\n|-supereffective|p2a: Corviknight\n|-damage|p2a: Corviknight|0 fnt\n|-boost|p1a: Skeledirge|spa|1\n|faint|p2a: Corviknight\n|\n|win|PrayForMyPp\n|raw|PrayForMyPp's rating: 1094 &rarr; <strong>1119</strong><br />(+25 for winning)\n|raw|OUBotBeepBoop's rating: 1088 &rarr; <strong>1065</strong><br />(-23 for losing)\n|l|☆OUBotBeepBoop\n|player|p2|\n|l|☆PrayForMyPp\n|player|p1|\n", "uploadtime": 1783811598, "views": 17, "formatid": "gen9ou", "rating": 1065, "private": 0, "password": null}