{"id": "gen9ou-2639990251", "format": "[Gen 9] OU", "players": ["DuckyBro", "Migstaper"], "log": "|j|☆DuckyBro\n|j|☆Migstaper\n|t:|1782559400\n|gametype|singles\n|player|p1|DuckyBro|dragontamer|1676\n|player|p2|Migstaper|ltsurge|1661\n|gen|9\n|tier|[Gen 9] OU\n|rated|\n|rule|HP Percentage Mod: HP is shown in percentages\n|rule|Endless Battle Clause: Forcing endless battles is banned\n|rule|Species Clause: Limit one of each Pokémon\n|rule|OHKO Clause: OHKO moves are banned\n|rule|Evasion Items Clause: Evasion items are banned\n|rule|Evasion Moves Clause: Evasion moves are banned\n|rule|Evasion Abilities Clause: Evasion abilities are banned\n|rule|Sleep Moves Clause: Sleep-inducing moves are banned\n|clearpoke\n|poke|p1|Cinderace, F|\n|poke|p1|Corviknight, F|\n|poke|p1|Garganacl, F|\n|poke|p1|Slowking-Galar, F|\n|poke|p1|Rillaboom, F|\n|poke|p1|Lokix, M|\n|poke|p2|Darkrai|\n|poke|p2|Enamorus, F|\n|poke|p2|Dragapult, M|\n|poke|p2|Dragonite, M|\n|poke|p2|Great Tusk|\n|poke|p2|Kingambit, M|\n|teampreview\n|\n|t:|1782559416\n|teamsize|p1|6\n|teamsize|p2|6\n|start\n|switch|p1a: Lokix|Lokix, M|100/100\n|switch|p2a: Read Psalm 30|Dragapult, M, shiny|100/100\n|turn|1\n|inactive|Battle timer is ON: inactive players will automatically lose when time's up. (requested by Migstaper)\n|\n|t:|1782559431\n|-terastallize|p1a: Lokix|Bug\n|move|p1a: Lokix|First Impression|p2a: Read Psalm 30\n|-resisted|p2a: Read Psalm 30\n|-damage|p2a: Read Psalm 30|0 fnt\n|faint|p2a: Read Psalm 30\n|\n|upkeep\n|\n|t:|1782559441\n|switch|p2a: Read the Bible|Enamorus, F, shiny|100/100\n|turn|2\n|\n|t:|1782559444\n|switch|p1a: Corviknight|Corviknight, F|100/100\n|-ability|p1a: Corviknight|Pressure\n|move|p2a: Read the Bible|Earth Power|p1a: Corviknight\n|-immune|p1a: Corviknight\n|\n|upkeep\n|turn|3\n|\n|t:|1782559452\n|move|p2a: Read the Bible|Mystical Fire|p1a: Corviknight\n|-supereffective|p1a: Corviknight\n|-damage|p1a: Corviknight|37/100\n|-unboost|p1a: Corviknight|spa|1\n|-damage|p2a: Read the Bible|91/100|[from] item: Life Orb\n|move|p1a: Corviknight|U-turn|p2a: Read the Bible\n|-resisted|p2a: Read the Bible\n|-damage|p2a: Read the Bible|86/100\n|\n|t:|1782559467\n|switch|p1a: Cinderace|Cinderace, F|100/100|[from] U-turn\n|\n|upkeep\n|turn|4\n|\n|t:|1782559472\n|switch|p2a: Paul|Dragonite, M, shiny|100/100\n|move|p1a: Cinderace|Pyro Ball|p2a: Paul\n|-resisted|p2a: Paul\n|-damage|p2a: Paul|84/100\n|\n|upkeep\n|turn|5\n|\n|t:|1782559479\n|switch|p1a: Corviknight|Corviknight, F|37/100\n|-ability|p1a: Corviknight|Pressure\n|move|p2a: Paul|Dragon Dance|p2a: Paul\n|-boost|p2a: Paul|atk|1\n|-boost|p2a: Paul|spe|1\n|\n|upkeep\n|turn|6\n|\n|t:|1782559487\n|move|p2a: Paul|Outrage|p1a: Corviknight\n|-resisted|p1a: Corviknight\n|-damage|p1a: Corviknight|6/100\n|-damage|p2a: Paul|67/100|[from] item: Rocky Helmet|[of] p1a: Corviknight\n|move|p1a: Corviknight|U-turn|p2a: Paul\n|-resisted|p2a: Paul\n|-damage|p2a: Paul|60/100\n|\n|t:|1782559501\n|switch|p1a: Lokix|Lokix, M, tera:Bug|100/100|[from] U-turn\n|\n|upkeep\n|turn|7\n|\n|t:|1782559505\n|move|p1a: Lokix|First Impression|p2a: Paul\n|-resisted|p2a: Paul\n|-damage|p2a: Paul|0 fnt\n|faint|p2a: Paul\n|\n|upkeep\n|\n|t:|1782559522\n|switch|p2a: No condemnation|Kingambit, M, shiny|100/100\n|-activate|p2a: No condemnation|ability: Supreme Overlord\n|-start|p2a: No condemnation|fallen2|[silent]\n|turn|8\n|\n|t:|1782559527\n|switch|p1a: Corviknight|Corviknight, F|6/100\n|-ability|p1a: Corviknight|Pressure\n|move|p2a: No condemnation|Kowtow Cleave|p1a: Corviknight\n|-damage|p1a: Corviknight|0 fnt\n|-damage|p2a: No condemnation|84/100|[from] item: Rocky Helmet|[of] p1a: Corviknight\n|faint|p1a: Corviknight\n|\n|upkeep\n|\n|t:|1782559532\n|switch|p1a: Cinderace|Cinderace, F|100/100\n|turn|9\n|\n|t:|1782559552\n|move|p1a: Cinderace|Pyro Ball|p2a: No condemnation\n|-supereffective|p2a: No condemnation\n|-crit|p2a: No condemnation\n|-damage|p2a: No condemnation|0 fnt\n|faint|p2a: No condemnation\n|-end|p2a: No condemnation|fallen2|[silent]\n|\n|upkeep\n|\n|t:|1782559558\n|switch|p2a: ROMANS 10:9|Great Tusk, shiny|100/100\n|-enditem|p2a: ROMANS 10:9|Booster Energy\n|-activate|p2a: ROMANS 10:9|ability: Protosynthesis|[fromitem]\n|-start|p2a: ROMANS 10:9|protosynthesisatk\n|turn|10\n|\n|t:|1782559569\n|move|p1a: Cinderace|U-turn|p2a: ROMANS 10:9\n|-start|p1a: Cinderace|typechange|Bug|[from] ability: Libero\n|-resisted|p2a: ROMANS 10:9\n|-damage|p2a: ROMANS 10:9|89/100\n|\n|t:|1782559572\n|switch|p1a: Rillaboom|Rillaboom, F|100/100|[from] U-turn\n|-fieldstart|move: Grassy Terrain|[from] ability: Grassy Surge|[of] p1a: Rillaboom\n|move|p2a: ROMANS 10:9|Ice Spinner|p1a: Rillaboom\n|-supereffective|p1a: Rillaboom\n|-damage|p1a: Rillaboom|16/100\n|-fieldend|move: Grassy Terrain\n|\n|upkeep\n|turn|11\n|\n|t:|1782559584\n|move|p2a: ROMANS 10:9|Rapid Spin|p1a: Rillaboom\n|-damage|p1a: Rillaboom|0 fnt\n|-boost|p2a: ROMANS 10:9|spe|1\n|faint|p1a: Rillaboom\n|\n|upkeep\n|\n|t:|1782559593\n|switch|p1a: Garganacl|Garganacl, F|100/100\n|turn|12\n|inactive|Migstaper has 120 seconds left.\n|\n|t:|1782559626\n|move|p2a: ROMANS 10:9|Headlong Rush|p1a: Garganacl\n|-supereffective|p1a: Garganacl\n|-damage|p1a: Garganacl|17/100\n|-unboost|p2a: ROMANS 10:9|def|1\n|-unboost|p2a: ROMANS 10:9|spd|1\n|move|p1a: Garganacl|Salt Cure|p2a: ROMANS 10:9\n|-resisted|p2a: ROMANS 10:9\n|-damage|p2a: ROMANS 10:9|85/100\n|-start|p2a: ROMANS 10:9|Salt Cure\n|\n|-heal|p1a: Garganacl|24/100|[from] item: Leftovers\n|-damage|p2a: ROMANS 10:9|72/100|[from] Salt Cure\n|upkeep\n|turn|13\n|inactive|Migstaper has 120 seconds left.\n|\n|t:|1782559639\n|move|p1a: Garganacl|Protect|p1a: Garganacl\n|-singleturn|p1a: Garganacl|Protect\n|move|p2a: ROMANS 10:9|Headlong Rush|p1a: Garganacl\n|-activate|p1a: Garganacl|move: Protect\n|\n|-heal|p1a: Garganacl|30/100|[from] item: Leftovers\n|-damage|p2a: ROMANS 10:9|60/100|[from] Salt Cure\n|upkeep\n|turn|14\n|\n|t:|1782559648\n|move|p2a: ROMANS 10:9|Close Combat|p1a: Garganacl\n|-supereffective|p1a: Garganacl\n|-damage|p1a: Garganacl|0 fnt\n|-unboost|p2a: ROMANS 10:9|def|1\n|-unboost|p2a: ROMANS 10:9|spd|1\n|faint|p1a: Garganacl\n|\n|-damage|p2a: ROMANS 10:9|48/100|[from] Salt Cure\n|upkeep\n|\n|t:|1782559652\n|switch|p1a: Lokix|Lokix, M, tera:Bug|100/100\n|turn|15\n|\n|t:|1782559664\n|move|p1a: Lokix|First Impression|p2a: ROMANS 10:9\n|-resisted|p2a: ROMANS 10:9\n|-damage|p2a: ROMANS 10:9|0 fnt\n|faint|p2a: ROMANS 10:9\n|-end|p2a: ROMANS 10:9|Protosynthesis|[silent]\n|\n|upkeep\n|\n|t:|1782559676\n|switch|p2a: Old Testament|Darkrai, shiny|100/100\n|turn|16\n|\n|t:|1782559680\n|switch|p1a: Slowking|Slowking-Galar, F|100/100\n|move|p2a: Old Testament|Dark Pulse|p1a: Slowking\n|-supereffective|p1a: Slowking\n|-damage|p1a: Slowking|38/100\n|\n|-heal|p1a: Slowking|44/100|[from] item: Leftovers\n|upkeep\n|turn|17\n|\n|t:|1782559689\n|move|p2a: Old Testament|Dark Pulse|p1a: Slowking\n|-supereffective|p1a: Slowking\n|-damage|p1a: Slowking|0 fnt\n|faint|p1a: Slowking\n|\n|upkeep\n|\n|t:|1782559692\n|switch|p1a: Lokix|Lokix, M, tera:Bug|100/100\n|turn|18\n|\n|t:|1782559702\n|-terastallize|p2a: Old Testament|Poison\n|move|p1a: Lokix|First Impression|p2a: Old Testament\n|-resisted|p2a: Old Testament\n|-damage|p2a: Old Testament|0 fnt\n|faint|p2a: Old Testament\n|\n|upkeep\n|\n|t:|1782559709\n|switch|p2a: Read the Bible|Enamorus, F, shiny|86/100\n|turn|19\n|\n|t:|1782559715\n|switch|p1a: Cinderace|Cinderace, F|100/100\n|move|p2a: Read the Bible|Earth Power|p1a: Cinderace\n|-supereffective|p1a: Cinderace\n|-damage|p1a: Cinderace|0 fnt\n|faint|p1a: Cinderace\n|-damage|p2a: Read the Bible|76/100|[from] item: Life Orb\n|\n|upkeep\n|\n|t:|1782559717\n|switch|p1a: Lokix|Lokix, M, tera:Bug|100/100\n|turn|20\n|c|☆DuckyBro|i made a severe misstake\n|\n|t:|1782559738\n|move|p1a: Lokix|First Impression|p2a: Read the Bible\n|-resisted|p2a: Read the Bible\n|-damage|p2a: Read the Bible|14/100\n|move|p2a: Read the Bible|Mystical Fire|p1a: Lokix\n|-supereffective|p1a: Lokix\n|-crit|p1a: Lokix\n|-damage|p1a: Lokix|0 fnt\n|faint|p1a: Lokix\n|-damage|p2a: Read the Bible|4/100|[from] item: Life Orb\n|\n|win|Migstaper\n|raw|DuckyBro's rating: 1676 &rarr; <strong>1655</strong><br />(-21 for losing)\n|raw|Migstaper's rating: 1661 &rarr; <strong>1682</strong><br />(+21 for winning)\n|l|☆DuckyBro\n|player|p1|\n", "uploadtime": 1782559983, "views": 9, "formatid": "gen9ou", "rating": 1655, "private": 0, "password": null}