{"id": "gen9ou-2540821182", "format": "[Gen 9] OU", "players": ["Aureo", "Sunshinne"], "log": "|j|☆Aureo\n|j|☆Sunshinne\n|t:|1771257526\n|gametype|singles\n|player|p1|Aureo|lysandre-masters|1711\n|player|p2|Sunshinne|youngcouple-gen4dp|1718\n|gen|9\n|tier|[Gen 9] OU\n|rated|\n|rule|HP Percentage Mod: HP is shown in percentages\n|rule|Endless Battle Clause: Forcing endless battles is banned\n|rule|Species Clause: Limit one of each Pokémon\n|rule|OHKO Clause: OHKO moves are banned\n|rule|Evasion Items Clause: Evasion items are banned\n|rule|Evasion Moves Clause: Evasion moves are banned\n|rule|Evasion Abilities Clause: Evasion abilities are banned\n|rule|Sleep Moves Clause: Sleep-inducing moves are banned\n|clearpoke\n|poke|p1|Zamazenta-*|\n|poke|p1|Dragonite, F|\n|poke|p1|Iron Moth|\n|poke|p1|Corviknight, M|\n|poke|p1|Scizor, F|\n|poke|p1|Zapdos|\n|poke|p2|Ribombee, F|\n|poke|p2|Glimmora, F|\n|poke|p2|Manaphy|\n|poke|p2|Zamazenta-*|\n|poke|p2|Gholdengo|\n|poke|p2|Kingambit, F|\n|teampreview\n|inactive|Battle timer is ON: inactive players will automatically lose when time's up. (requested by Sunshinne)\n|inactive|Aureo also wants the timer to be on.\n|\n|t:|1771257534\n|teamsize|p1|6\n|teamsize|p2|6\n|start\n|switch|p1a: Dragonite|Dragonite, F|100/100\n|switch|p2a: Glimmora|Glimmora, F|100/100\n|turn|1\n|\n|t:|1771257540\n|move|p2a: Glimmora|Meteor Beam||[still]\n|-prepare|p2a: Glimmora|Meteor Beam\n|-boost|p2a: Glimmora|spa|1\n|-enditem|p2a: Glimmora|Power Herb\n|-anim|p2a: Glimmora|Meteor Beam|p1a: Dragonite\n|-supereffective|p1a: Dragonite\n|-damage|p1a: Dragonite|0 fnt\n|faint|p1a: Dragonite\n|\n|upkeep\n|\n|t:|1771257551\n|switch|p1a: Scizor|Scizor, F|100/100\n|turn|2\n|\n|t:|1771257556\n|move|p1a: Scizor|Bullet Punch|p2a: Glimmora\n|-supereffective|p2a: Glimmora\n|-damage|p2a: Glimmora|0 fnt\n|-activate|p2a: Glimmora|ability: Toxic Debris\n|-sidestart|p1: Aureo|move: Toxic Spikes\n|faint|p2a: Glimmora\n|-damage|p1a: Scizor|91/100|[from] item: Life Orb\n|\n|upkeep\n|\n|t:|1771257562\n|switch|p2a: Ribombee|Ribombee, F|100/100\n|turn|3\n|\n|t:|1771257566\n|move|p1a: Scizor|Bullet Punch|p2a: Ribombee\n|-supereffective|p2a: Ribombee\n|-enditem|p2a: Ribombee|Focus Sash\n|-damage|p2a: Ribombee|1/100\n|-damage|p1a: Scizor|81/100|[from] item: Life Orb\n|move|p2a: Ribombee|Sticky Web|p1a: Scizor\n|-sidestart|p1: Aureo|move: Sticky Web\n|\n|upkeep\n|turn|4\n|\n|t:|1771257574\n|move|p2a: Ribombee|Stun Spore|p1a: Scizor\n|-status|p1a: Scizor|par\n|cant|p1a: Scizor|par\n|\n|upkeep\n|turn|5\n|\n|t:|1771257582\n|move|p2a: Ribombee|Moonblast|p1a: Scizor\n|-resisted|p1a: Scizor\n|-damage|p1a: Scizor|55/100 par\n|move|p1a: Scizor|Swords Dance|p1a: Scizor\n|-boost|p1a: Scizor|atk|2\n|\n|upkeep\n|turn|6\n|\n|t:|1771257589\n|move|p1a: Scizor|Bullet Punch|p2a: Ribombee\n|-supereffective|p2a: Ribombee\n|-damage|p2a: Ribombee|0 fnt\n|faint|p2a: Ribombee\n|-damage|p1a: Scizor|45/100 par|[from] item: Life Orb\n|\n|upkeep\n|\n|t:|1771257598\n|switch|p2a: Gholdengo|Gholdengo|100/100\n|-item|p2a: Gholdengo|Air Balloon\n|turn|7\n|\n|t:|1771257602\n|move|p1a: Scizor|Bullet Punch|p2a: Gholdengo\n|-resisted|p2a: Gholdengo\n|-damage|p2a: Gholdengo|56/100\n|-enditem|p2a: Gholdengo|Air Balloon\n|-damage|p1a: Scizor|35/100 par|[from] item: Life Orb\n|move|p2a: Gholdengo|Hex|p1a: Scizor\n|-damage|p1a: Scizor|0 fnt\n|faint|p1a: Scizor\n|\n|upkeep\n|\n|t:|1771257613\n|switch|p1a: Zapdos|Zapdos|100/100\n|turn|8\n|j| tabata toxapex\n|\n|t:|1771257617\n|move|p1a: Zapdos|Heat Wave|p2a: Gholdengo\n|-supereffective|p2a: Gholdengo\n|-damage|p2a: Gholdengo|0 fnt\n|faint|p2a: Gholdengo\n|-damage|p1a: Zapdos|91/100|[from] item: Life Orb\n|\n|upkeep\n|\n|t:|1771257621\n|switch|p2a: Manaphy|Manaphy|100/100\n|turn|9\n|\n|t:|1771257624\n|move|p1a: Zapdos|Discharge|p2a: Manaphy\n|-supereffective|p2a: Manaphy\n|-damage|p2a: Manaphy|0 fnt\n|faint|p2a: Manaphy\n|-damage|p1a: Zapdos|81/100|[from] item: Life Orb\n|\n|upkeep\n|\n|t:|1771257631\n|switch|p2a: Zamazenta|Zamazenta|100/100\n|-ability|p2a: Zamazenta|Dauntless Shield|boost\n|-boost|p2a: Zamazenta|def|1\n|turn|10\n|\n|t:|1771257635\n|move|p2a: Zamazenta|Iron Defense|p2a: Zamazenta\n|-boost|p2a: Zamazenta|def|2\n|move|p1a: Zapdos|Discharge|p2a: Zamazenta\n|-crit|p2a: Zamazenta\n|-damage|p2a: Zamazenta|22/100\n|-damage|p1a: Zapdos|71/100|[from] item: Life Orb\n|\n|upkeep\n|turn|11\n|\n|t:|1771257642\n|move|p2a: Zamazenta|Stone Edge|p1a: Zapdos\n|-supereffective|p1a: Zapdos\n|-damage|p1a: Zapdos|2/100\n|move|p1a: Zapdos|Discharge|p2a: Zamazenta\n|-damage|p2a: Zamazenta|0 fnt\n|faint|p2a: Zamazenta\n|-damage|p1a: Zapdos|0 fnt|[from] item: Life Orb\n|faint|p1a: Zapdos\n|\n|upkeep\n|\n|t:|1771257651\n|switch|p2a: Kingambit|Kingambit, F|100/100\n|switch|p1a: Iron Moth|Iron Moth|100/100\n|-sideend|p1: Aureo|move: Toxic Spikes|[of] p1a: Iron Moth\n|-activate|p1a: Iron Moth|move: Sticky Web\n|-unboost|p1a: Iron Moth|spe|1\n|-activate|p2a: Kingambit|ability: Supreme Overlord\n|-start|p2a: Kingambit|fallen5|[silent]\n|-enditem|p1a: Iron Moth|Booster Energy\n|-activate|p1a: Iron Moth|ability: Quark Drive|[fromitem]\n|-start|p1a: Iron Moth|quarkdrivespa\n|turn|12\n|\n|t:|1771257662\n|-terastallize|p2a: Kingambit|Fairy\n|move|p1a: Iron Moth|Fiery Dance|p2a: Kingambit\n|-damage|p2a: Kingambit|48/100\n|-boost|p1a: Iron Moth|spa|1\n|move|p2a: Kingambit|Swords Dance|p2a: Kingambit\n|-boost|p2a: Kingambit|atk|2\n|\n|-heal|p2a: Kingambit|54/100|[from] item: Leftovers\n|upkeep\n|turn|13\n|\n|t:|1771257672\n|move|p2a: Kingambit|Sucker Punch|p1a: Iron Moth\n|-damage|p1a: Iron Moth|0 fnt\n|faint|p1a: Iron Moth\n|-end|p1a: Iron Moth|Quark Drive|[silent]\n|\n|-heal|p2a: Kingambit|60/100|[from] item: Leftovers\n|upkeep\n|\n|t:|1771257680\n|switch|p1a: Zamazenta|Zamazenta|100/100\n|-activate|p1a: Zamazenta|move: Sticky Web\n|-unboost|p1a: Zamazenta|spe|1\n|-ability|p1a: Zamazenta|Dauntless Shield|boost\n|-boost|p1a: Zamazenta|def|1\n|turn|14\n|\n|t:|1771257686\n|move|p1a: Zamazenta|Iron Defense|p1a: Zamazenta\n|-boost|p1a: Zamazenta|def|2\n|move|p2a: Kingambit|Tera Blast|p1a: Zamazenta|[anim] Tera Blast Fairy\n|-supereffective|p1a: Zamazenta\n|-damage|p1a: Zamazenta|15/100\n|\n|-heal|p1a: Zamazenta|22/100|[from] item: Leftovers\n|-heal|p2a: Kingambit|66/100|[from] item: Leftovers\n|upkeep\n|turn|15\n|\n|t:|1771257695\n|move|p1a: Zamazenta|Body Press|p2a: Kingambit\n|-resisted|p2a: Kingambit\n|-damage|p2a: Kingambit|32/100\n|move|p2a: Kingambit|Tera Blast|p1a: Zamazenta|[anim] Tera Blast Fairy\n|-supereffective|p1a: Zamazenta\n|-damage|p1a: Zamazenta|0 fnt\n|faint|p1a: Zamazenta\n|\n|-heal|p2a: Kingambit|38/100|[from] item: Leftovers\n|upkeep\n|\n|t:|1771257704\n|switch|p1a: Corviknight|Corviknight, M|100/100\n|turn|16\n|\n|t:|1771257707\n|move|p2a: Kingambit|Kowtow Cleave|p1a: Corviknight\n|-damage|p1a: Corviknight|0 fnt\n|faint|p1a: Corviknight\n|\n|win|Sunshinne\n|raw|Aureo's rating: 1711 &rarr; <strong>1691</strong><br />(-20 for losing)\n|raw|Sunshinne's rating: 1718 &rarr; <strong>1738</strong><br />(+20 for winning)\n|l|☆Aureo\n|player|p1|\n|l|☆Sunshinne\n|player|p2|\n|l| tabata toxapex\n", "uploadtime": 1771257714, "views": 6, "formatid": "gen9ou", "rating": 1691, "private": 0, "password": null}