{"id": "gen9ou-2639308489", "format": "[Gen 9] OU", "players": ["fearow sniper", "msean3"], "log": "|j|☆fearow sniper\n|j|‽msean3\n|t:|1782450202\n|gametype|singles\n|player|p1|fearow sniper|266|1539\n|player|p2|msean3|101|1596\n|gen|9\n|tier|[Gen 9] OU\n|rated|\n|rule|HP Percentage Mod: HP is shown in percentages\n|rule|Endless Battle Clause: Forcing endless battles is banned\n|rule|Species Clause: Limit one of each Pokémon\n|rule|OHKO Clause: OHKO moves are banned\n|rule|Evasion Items Clause: Evasion items are banned\n|rule|Evasion Moves Clause: Evasion moves are banned\n|rule|Evasion Abilities Clause: Evasion abilities are banned\n|rule|Sleep Moves Clause: Sleep-inducing moves are banned\n|clearpoke\n|poke|p1|Dragapult, M|\n|poke|p1|Pecharunt|\n|poke|p1|Alomomola, F|\n|poke|p1|Great Tusk|\n|poke|p1|Cinderace, F|\n|poke|p1|Latios, M|\n|poke|p2|Darkrai|\n|poke|p2|Alomomola, M|\n|poke|p2|Corviknight, F|\n|poke|p2|Weezing-Galar, F|\n|poke|p2|Garchomp, M|\n|poke|p2|Ogerpon, F|\n|teampreview\n|c|☆fearow sniper|hf hf\n|l|☆fearow sniper\n|player|p1|\n|j|☆fearow sniper\n|player|p1|fearow sniper|backersf|\n|inactive|Battle timer is ON: inactive players will automatically lose when time's up. (requested by fearow sniper)\n|\n|t:|1782450227\n|teamsize|p1|6\n|teamsize|p2|6\n|start\n|switch|p1a: Dragapult|Dragapult, M|100/100\n|switch|p2a: Corviknight|Corviknight, F|100/100\n|-ability|p2a: Corviknight|Pressure\n|turn|1\n|\n|t:|1782450235\n|switch|p1a: Great Tusk|Great Tusk|100/100\n|move|p2a: Corviknight|Brave Bird|p1a: Great Tusk\n|-supereffective|p1a: Great Tusk\n|-damage|p1a: Great Tusk|48/100\n|-damage|p2a: Corviknight|84/100|[from] item: Rocky Helmet|[of] p1a: Great Tusk\n|-damage|p2a: Corviknight|67/100|[from] Recoil\n|\n|-heal|p2a: Corviknight|74/100|[from] item: Leftovers\n|upkeep\n|turn|2\n|\n|t:|1782450244\n|move|p1a: Great Tusk|Stealth Rock|p2a: Corviknight\n|-sidestart|p2: msean3|move: Stealth Rock\n|move|p2a: Corviknight|Brave Bird|p1a: Great Tusk\n|-supereffective|p1a: Great Tusk\n|-damage|p1a: Great Tusk|0 fnt\n|-damage|p2a: Corviknight|57/100|[from] item: Rocky Helmet|[of] p1a: Great Tusk\n|faint|p1a: Great Tusk\n|-end|p1a: Great Tusk|Protosynthesis|[silent]\n|-damage|p2a: Corviknight|42/100|[from] Recoil\n|\n|-heal|p2a: Corviknight|48/100|[from] item: Leftovers\n|upkeep\n|\n|t:|1782450249\n|switch|p1a: Cinderace|Cinderace, F|100/100\n|turn|3\n|\n|t:|1782450252\n|switch|p2a: Alomomola|Alomomola, M|100/100\n|-damage|p2a: Alomomola|88/100|[from] Stealth Rock\n|move|p1a: Cinderace|Pyro Ball|p2a: Alomomola\n|-resisted|p2a: Alomomola\n|-damage|p2a: Alomomola|69/100\n|\n|upkeep\n|turn|4\n|\n|t:|1782450257\n|move|p1a: Cinderace|U-turn|p2a: Alomomola\n|-start|p1a: Cinderace|typechange|Bug|[from] ability: Libero\n|-damage|p2a: Alomomola|47/100\n|\n|t:|1782450262\n|switch|p1a: Alomomola|Alomomola, F, shiny|100/100|[from] U-turn\n|move|p2a: Alomomola|Flip Turn|p1a: Alomomola\n|-resisted|p1a: Alomomola\n|-damage|p1a: Alomomola|95/100\n|\n|t:|1782450264\n|switch|p2a: Garchomp|Garchomp, M|100/100|[from] Flip Turn\n|-damage|p2a: Garchomp|94/100|[from] Stealth Rock\n|\n|upkeep\n|turn|5\n|\n|t:|1782450271\n|switch|p1a: Dragapult|Dragapult, M|100/100\n|move|p2a: Garchomp|Stealth Rock|p1a: Dragapult\n|-sidestart|p1: fearow sniper|move: Stealth Rock\n|\n|upkeep\n|turn|6\n|\n|t:|1782450277\n|switch|p2a: Alomomola|Alomomola, M|80/100\n|-damage|p2a: Alomomola|67/100|[from] Stealth Rock\n|move|p1a: Dragapult|U-turn|p2a: Alomomola\n|-damage|p2a: Alomomola|40/100\n|\n|t:|1782450280\n|switch|p1a: Latios|Latios, M|100/100|[from] U-turn\n|-damage|p1a: Latios|88/100|[from] Stealth Rock\n|\n|upkeep\n|turn|7\n|\n|t:|1782450287\n|switch|p2a: Corviknight|Corviknight, F|48/100\n|-damage|p2a: Corviknight|36/100|[from] Stealth Rock\n|-ability|p2a: Corviknight|Pressure\n|move|p1a: Latios|Psyshock|p2a: Corviknight\n|-resisted|p2a: Corviknight\n|-damage|p2a: Corviknight|9/100\n|\n|-heal|p2a: Corviknight|15/100|[from] item: Leftovers\n|upkeep\n|turn|8\n|\n|t:|1782450293\n|move|p1a: Latios|Psyshock|p2a: Corviknight\n|-resisted|p2a: Corviknight\n|-damage|p2a: Corviknight|0 fnt\n|faint|p2a: Corviknight\n|\n|upkeep\n|\n|t:|1782450295\n|switch|p2a: Darkrai|Darkrai|100/100\n|-damage|p2a: Darkrai|88/100|[from] Stealth Rock\n|turn|9\n|\n|t:|1782450299\n|switch|p1a: Alomomola|Alomomola, F, shiny|100/100\n|-damage|p1a: Alomomola|88/100|[from] Stealth Rock\n|move|p2a: Darkrai|Dark Pulse|p1a: Alomomola\n|-damage|p1a: Alomomola|52/100\n|\n|upkeep\n|turn|10\n|\n|t:|1782450305\n|move|p2a: Darkrai|Dark Pulse|p1a: Alomomola\n|-damage|p1a: Alomomola|14/100\n|move|p1a: Alomomola|Flip Turn|p2a: Darkrai\n|-damage|p2a: Darkrai|63/100\n|\n|t:|1782450309\n|switch|p1a: Dragapult|Dragapult, M|100/100|[from] Flip Turn\n|-damage|p1a: Dragapult|88/100|[from] Stealth Rock\n|\n|upkeep\n|turn|11\n|\n|t:|1782450314\n|switch|p2a: Weezing|Weezing-Galar, F|100/100\n|-ability|p2a: Weezing|Neutralizing Gas\n|-damage|p2a: Weezing|88/100|[from] Stealth Rock\n|move|p1a: Dragapult|U-turn|p2a: Weezing\n|-resisted|p2a: Weezing\n|-damage|p2a: Weezing|82/100\n|\n|t:|1782450316\n|switch|p1a: Latios|Latios, M|88/100|[from] U-turn\n|-damage|p1a: Latios|76/100|[from] Stealth Rock\n|\n|-heal|p2a: Weezing|88/100|[from] item: Leftovers\n|upkeep\n|turn|12\n|\n|t:|1782450327\n|-end|p2a: Weezing|ability: Neutralizing Gas\n|switch|p2a: Alomomola|Alomomola, M|74/100\n|-damage|p2a: Alomomola|61/100|[from] Stealth Rock\n|move|p1a: Latios|Dragon Pulse|p2a: Alomomola\n|-damage|p2a: Alomomola|22/100\n|\n|upkeep\n|turn|13\n|\n|t:|1782450331\n|switch|p2a: Weezing|Weezing-Galar, F|88/100\n|-ability|p2a: Weezing|Neutralizing Gas\n|-damage|p2a: Weezing|76/100|[from] Stealth Rock\n|move|p1a: Latios|Dragon Pulse|p2a: Weezing\n|-immune|p2a: Weezing\n|\n|-heal|p2a: Weezing|82/100|[from] item: Leftovers\n|upkeep\n|turn|14\n|\n|t:|1782450339\n|switch|p1a: Cinderace|Cinderace, F|100/100\n|move|p2a: Weezing|Sludge Bomb|p1a: Cinderace\n|-damage|p1a: Cinderace|66/100\n|\n|-heal|p2a: Weezing|88/100|[from] item: Leftovers\n|upkeep\n|turn|15\n|\n|t:|1782450344\n|move|p1a: Cinderace|Pyro Ball|p2a: Weezing\n|-damage|p2a: Weezing|52/100\n|move|p2a: Weezing|Sludge Bomb|p1a: Cinderace\n|-damage|p1a: Cinderace|31/100\n|\n|-heal|p2a: Weezing|58/100|[from] item: Leftovers\n|upkeep\n|turn|16\n|\n|t:|1782450349\n|move|p1a: Cinderace|Pyro Ball|p2a: Weezing\n|-damage|p2a: Weezing|24/100\n|move|p2a: Weezing|Sludge Bomb|p1a: Cinderace\n|-damage|p1a: Cinderace|0 fnt\n|faint|p1a: Cinderace\n|\n|-heal|p2a: Weezing|30/100|[from] item: Leftovers\n|upkeep\n|\n|t:|1782450359\n|switch|p1a: Dragapult|Dragapult, M|88/100\n|-damage|p1a: Dragapult|76/100|[from] Stealth Rock\n|turn|17\n|\n|t:|1782450363\n|move|p1a: Dragapult|Phantom Force||[still]\n|-prepare|p1a: Dragapult|Phantom Force\n|move|p2a: Weezing|Will-O-Wisp|p1a: Dragapult|[miss]\n|-miss|p2a: Weezing|p1a: Dragapult\n|\n|-heal|p2a: Weezing|36/100|[from] item: Leftovers\n|upkeep\n|turn|18\n|\n|t:|1782450371\n|-end|p2a: Weezing|ability: Neutralizing Gas\n|switch|p2a: Garchomp|Garchomp, M|94/100\n|-damage|p2a: Garchomp|88/100|[from] Stealth Rock\n|move|p1a: Dragapult|Phantom Force|p2a: Garchomp|[from] lockedmove\n|-damage|p2a: Garchomp|45/100\n|-damage|p1a: Dragapult|64/100|[from] ability: Rough Skin|[of] p2a: Garchomp\n|-damage|p1a: Dragapult|47/100|[from] item: Rocky Helmet|[of] p2a: Garchomp\n|\n|upkeep\n|turn|19\n|\n|t:|1782450378\n|move|p1a: Dragapult|Phantom Force||[still]\n|-prepare|p1a: Dragapult|Phantom Force\n|move|p2a: Garchomp|Spikes|p1a: Dragapult\n|-sidestart|p1: fearow sniper|Spikes\n|\n|upkeep\n|turn|20\n|\n|t:|1782450382\n|move|p1a: Dragapult|Phantom Force|p2a: Garchomp|[from] lockedmove\n|-damage|p2a: Garchomp|0 fnt\n|-damage|p1a: Dragapult|35/100|[from] ability: Rough Skin|[of] p2a: Garchomp\n|-damage|p1a: Dragapult|18/100|[from] item: Rocky Helmet|[of] p2a: Garchomp\n|faint|p2a: Garchomp\n|\n|upkeep\n|\n|t:|1782450385\n|switch|p2a: Ogerpon|Ogerpon, F|100/100\n|turn|21\n|\n|t:|1782450391\n|-terastallize|p2a: Ogerpon|Grass\n|detailschange|p2a: Ogerpon|Ogerpon-Teal-Tera, F, tera:Grass\n|-ability|p2a: Ogerpon|Embody Aspect (Teal)|boost\n|-boost|p2a: Ogerpon|spe|1\n|move|p2a: Ogerpon|Knock Off|p1a: Dragapult\n|-supereffective|p1a: Dragapult\n|-damage|p1a: Dragapult|0 fnt\n|-enditem|p1a: Dragapult|Choice Band|[from] move: Knock Off|[of] p2a: Ogerpon\n|faint|p1a: Dragapult\n|\n|upkeep\n|\n|t:|1782450393\n|switch|p1a: Pecharunt|Pecharunt|100/100\n|turn|22\n|\n|t:|1782450401\n|switch|p1a: Alomomola|Alomomola, F, shiny|47/100\n|-damage|p1a: Alomomola|35/100|[from] Stealth Rock\n|-damage|p1a: Alomomola|23/100|[from] Spikes\n|move|p2a: Ogerpon|U-turn|p1a: Alomomola\n|-damage|p1a: Alomomola|8/100\n|\n|t:|1782450405\n|switch|p2a: Darkrai|Darkrai|63/100|[from] U-turn\n|-damage|p2a: Darkrai|51/100|[from] Stealth Rock\n|\n|upkeep\n|turn|23\n|\n|t:|1782450408\n|move|p2a: Darkrai|Dark Pulse|p1a: Alomomola\n|-damage|p1a: Alomomola|0 fnt\n|faint|p1a: Alomomola\n|\n|upkeep\n|\n|t:|1782450411\n|switch|p1a: Pecharunt|Pecharunt|100/100\n|turn|24\n|\n|t:|1782450415\n|-terastallize|p1a: Pecharunt|Dark\n|move|p2a: Darkrai|Dark Pulse|p1a: Pecharunt\n|-resisted|p1a: Pecharunt\n|-damage|p1a: Pecharunt|69/100\n|move|p1a: Pecharunt|Malignant Chain|p2a: Darkrai\n|-damage|p2a: Darkrai|11/100\n|-status|p2a: Darkrai|tox\n|-start|p2a: Darkrai|confusion|[from] ability: Poison Puppeteer|[of] p1a: Pecharunt\n|\n|-damage|p2a: Darkrai|5/100 tox|[from] psn\n|upkeep\n|turn|25\n|\n|t:|1782450422\n|-activate|p2a: Darkrai|confusion\n|move|p2a: Darkrai|Dark Pulse|p1a: Pecharunt\n|-resisted|p1a: Pecharunt\n|-damage|p1a: Pecharunt|38/100\n|move|p1a: Pecharunt|Recover|p1a: Pecharunt\n|-heal|p1a: Pecharunt|88/100\n|\n|-damage|p2a: Darkrai|0 fnt|[from] psn\n|faint|p2a: Darkrai\n|upkeep\n|\n|t:|1782450428\n|switch|p2a: Ogerpon|Ogerpon-Teal-Tera, F, tera:Grass|100/100\n|-ability|p2a: Ogerpon|Embody Aspect (Teal)|boost\n|-boost|p2a: Ogerpon|spe|1\n|turn|26\n|\n|t:|1782450433\n|switch|p1a: Latios|Latios, M|76/100\n|-damage|p1a: Latios|64/100|[from] Stealth Rock\n|move|p2a: Ogerpon|Encore||[still]\n|-fail|p2a: Ogerpon\n|\n|upkeep\n|turn|27\n|\n|t:|1782450441\n|move|p2a: Ogerpon|Knock Off|p1a: Latios\n|-supereffective|p1a: Latios\n|-damage|p1a: Latios|0 fnt\n|-enditem|p1a: Latios|Choice Specs|[from] move: Knock Off|[of] p2a: Ogerpon\n|faint|p1a: Latios\n|\n|upkeep\n|\n|t:|1782450444\n|switch|p1a: Pecharunt|Pecharunt, tera:Dark|88/100\n|turn|28\n|\n|t:|1782450447\n|move|p2a: Ogerpon|U-turn|p1a: Pecharunt\n|-supereffective|p1a: Pecharunt\n|-damage|p1a: Pecharunt|67/100\n|\n|t:|1782450450\n|switch|p2a: Alomomola|Alomomola, M|56/100|[from] U-turn\n|-damage|p2a: Alomomola|43/100|[from] Stealth Rock\n|move|p1a: Pecharunt|Malignant Chain|p2a: Alomomola\n|-damage|p2a: Alomomola|28/100\n|-status|p2a: Alomomola|tox\n|-start|p2a: Alomomola|confusion|[from] ability: Poison Puppeteer|[of] p1a: Pecharunt\n|\n|-damage|p2a: Alomomola|22/100 tox|[from] psn\n|upkeep\n|turn|29\n|\n|t:|1782450461\n|move|p1a: Pecharunt|Foul Play|p2a: Alomomola\n|-damage|p2a: Alomomola|4/100 tox\n|-activate|p2a: Alomomola|confusion\n|-damage|p2a: Alomomola|0 fnt|[from] confusion\n|faint|p2a: Alomomola\n|\n|upkeep\n|\n|t:|1782450464\n|switch|p2a: Weezing|Weezing-Galar, F|36/100\n|-ability|p2a: Weezing|Neutralizing Gas\n|-damage|p2a: Weezing|24/100|[from] Stealth Rock\n|turn|30\n|\n|t:|1782450467\n|move|p1a: Pecharunt|Malignant Chain|p2a: Weezing\n|-damage|p2a: Weezing|0 fnt\n|faint|p2a: Weezing\n|-end|p2a: Weezing|ability: Neutralizing Gas\n|\n|upkeep\n|\n|t:|1782450469\n|switch|p2a: Ogerpon|Ogerpon-Teal-Tera, F, tera:Grass|100/100\n|-ability|p2a: Ogerpon|Embody Aspect (Teal)|boost\n|-boost|p2a: Ogerpon|spe|1\n|turn|31\n|\n|t:|1782450475\n|move|p2a: Ogerpon|Ivy Cudgel|p1a: Pecharunt\n|-damage|p1a: Pecharunt|38/100\n|move|p1a: Pecharunt|Malignant Chain|p2a: Ogerpon\n|-supereffective|p2a: Ogerpon\n|-damage|p2a: Ogerpon|31/100\n|-status|p2a: Ogerpon|tox\n|-start|p2a: Ogerpon|confusion|[from] ability: Poison Puppeteer|[of] p1a: Pecharunt\n|\n|-damage|p2a: Ogerpon|25/100 tox|[from] psn\n|upkeep\n|turn|32\n|\n|t:|1782450481\n|-activate|p2a: Ogerpon|confusion\n|move|p2a: Ogerpon|Ivy Cudgel|p1a: Pecharunt\n|-damage|p1a: Pecharunt|9/100\n|move|p1a: Pecharunt|Recover|p1a: Pecharunt\n|-heal|p1a: Pecharunt|59/100\n|\n|-damage|p2a: Ogerpon|13/100 tox|[from] psn\n|upkeep\n|turn|33\n|\n|t:|1782450485\n|-end|p2a: Ogerpon|confusion\n|move|p2a: Ogerpon|Ivy Cudgel|p1a: Pecharunt\n|-damage|p1a: Pecharunt|28/100\n|move|p1a: Pecharunt|Recover|p1a: Pecharunt\n|-heal|p1a: Pecharunt|78/100\n|\n|-damage|p2a: Ogerpon|0 fnt|[from] psn\n|faint|p2a: Ogerpon\n|detailschange|p2: Ogerpon|Ogerpon, F|[silent]\n|\n|win|fearow sniper\n|raw|fearow sniper's rating: 1539 &rarr; <strong>1562</strong><br />(+23 for winning)\n|raw|msean3's rating: 1583 &rarr; <strong>1560</strong><br />(-23 for losing)\n|l|‽msean3\n|player|p2|\n|c|☆fearow sniper|gg\n|l|☆fearow sniper\n|player|p1|\n", "uploadtime": 1782450719, "views": 3, "formatid": "gen9ou", "rating": 1560, "private": 0, "password": null}