{"id": "gen9ou-2639270140", "format": "[Gen 9] OU", "players": ["dazhigg", "Grrrnom"], "log": "|j|☆dazhigg\n|j|☆Grrrnom\n|t:|1782443441\n|gametype|singles\n|player|p1|dazhigg|schoolkid-gen4|1579\n|player|p2|Grrrnom|101|1483\n|gen|9\n|tier|[Gen 9] OU\n|rated|\n|rule|HP Percentage Mod: HP is shown in percentages\n|rule|Endless Battle Clause: Forcing endless battles is banned\n|rule|Species Clause: Limit one of each Pokémon\n|rule|OHKO Clause: OHKO moves are banned\n|rule|Evasion Items Clause: Evasion items are banned\n|rule|Evasion Moves Clause: Evasion moves are banned\n|rule|Evasion Abilities Clause: Evasion abilities are banned\n|rule|Sleep Moves Clause: Sleep-inducing moves are banned\n|clearpoke\n|poke|p1|Iron Moth|\n|poke|p1|Walking Wake|\n|poke|p1|Torkoal, F|\n|poke|p1|Whimsicott, M|\n|poke|p1|Great Tusk|\n|poke|p1|Incineroar, F|\n|poke|p2|Ribombee, M|\n|poke|p2|Great Tusk|\n|poke|p2|Gholdengo|\n|poke|p2|Manaphy|\n|poke|p2|Kingambit, F|\n|poke|p2|Iron Valiant|\n|teampreview\n|inactive|Battle timer is ON: inactive players will automatically lose when time's up. (requested by Grrrnom)\n|\n|t:|1782443452\n|teamsize|p1|6\n|teamsize|p2|6\n|start\n|switch|p1a: Torkoal|Torkoal, F|100/100\n|switch|p2a: bzzzz|Ribombee, M|100/100\n|-weather|SunnyDay|[from] ability: Drought|[of] p1a: Torkoal\n|turn|1\n|\n|t:|1782443467\n|move|p2a: bzzzz|Sticky Web|p1a: Torkoal\n|-sidestart|p1: dazhigg|move: Sticky Web\n|move|p1a: Torkoal|Stealth Rock|p2a: bzzzz\n|-sidestart|p2: Grrrnom|move: Stealth Rock\n|\n|-weather|SunnyDay|[upkeep]\n|upkeep\n|turn|2\n|\n|t:|1782443477\n|switch|p2a: earthquake|Great Tusk|100/100\n|-damage|p2a: earthquake|98/100|[from] Stealth Rock\n|-activate|p2a: earthquake|ability: Protosynthesis\n|-start|p2a: earthquake|protosynthesisatk\n|move|p1a: Torkoal|Rapid Spin|p2a: earthquake\n|-damage|p2a: earthquake|91/100\n|-boost|p1a: Torkoal|spe|1\n|-sideend|p1: dazhigg|Sticky Web|[from] move: Rapid Spin|[of] p1a: Torkoal\n|\n|-weather|SunnyDay|[upkeep]\n|upkeep\n|turn|3\n|\n|t:|1782443493\n|switch|p1a: Incineroar|Incineroar, F|100/100\n|-ability|p1a: Incineroar|Intimidate|boost\n|-unboost|p2a: earthquake|atk|1\n|move|p2a: earthquake|Rapid Spin|p1a: Incineroar\n|-damage|p1a: Incineroar|86/100\n|-boost|p2a: earthquake|spe|1\n|-sideend|p2: Grrrnom|Stealth Rock|[from] move: Rapid Spin|[of] p2a: earthquake\n|-enditem|p1a: Incineroar|Eject Button\n|inactive|dazhigg has 120 seconds left.\n|\n|t:|1782443520\n|switch|p1a: Whimsicott|Whimsicott, M|100/100\n|\n|-weather|SunnyDay|[upkeep]\n|upkeep\n|turn|4\n|inactive|dazhigg has 120 seconds left.\n|\n|t:|1782443527\n|-end|p2a: earthquake|Protosynthesis|[silent]\n|switch|p2a: Gholdengo|Gholdengo|100/100\n|-item|p2a: Gholdengo|Air Balloon\n|move|p1a: Whimsicott|Growth|p1a: Whimsicott\n|-boost|p1a: Whimsicott|atk|2\n|-boost|p1a: Whimsicott|spa|2\n|\n|-weather|SunnyDay|[upkeep]\n|upkeep\n|turn|5\n|\n|t:|1782443539\n|-terastallize|p2a: Gholdengo|Fairy\n|move|p1a: Whimsicott|Shadow Ball|p2a: Gholdengo\n|-damage|p2a: Gholdengo|31/100\n|-enditem|p2a: Gholdengo|Air Balloon\n|-damage|p1a: Whimsicott|91/100|[from] item: Life Orb\n|move|p2a: Gholdengo|Make It Rain|p1a: Whimsicott\n|-supereffective|p1a: Whimsicott\n|-damage|p1a: Whimsicott|0 fnt\n|-unboost|p2a: Gholdengo|spa|1\n|faint|p1a: Whimsicott\n|\n|-weather|SunnyDay|[upkeep]\n|upkeep\n|inactive|dazhigg has 120 seconds left.\n|\n|t:|1782443569\n|switch|p1a: Walking Wake|Walking Wake|100/100\n|-activate|p1a: Walking Wake|ability: Protosynthesis\n|-start|p1a: Walking Wake|protosynthesisspe\n|turn|6\n|\n|t:|1782443586\n|move|p1a: Walking Wake|Hydro Steam|p2a: Gholdengo\n|-damage|p2a: Gholdengo|0 fnt\n|faint|p2a: Gholdengo\n|\n|-weather|SunnyDay|[upkeep]\n|upkeep\n|\n|t:|1782443592\n|switch|p2a: bzzzz|Ribombee, M|100/100\n|turn|7\n|\n|t:|1782443600\n|move|p1a: Walking Wake|Hydro Steam|p2a: bzzzz\n|-enditem|p2a: bzzzz|Focus Sash\n|-damage|p2a: bzzzz|1/100\n|move|p2a: bzzzz|Skill Swap||[still]\n|-fail|p2a: bzzzz\n|\n|-weather|SunnyDay|[upkeep]\n|upkeep\n|turn|8\n|\n|t:|1782443616\n|move|p1a: Walking Wake|Hydro Steam|p2a: bzzzz\n|-damage|p2a: bzzzz|0 fnt\n|faint|p2a: bzzzz\n|\n|-weather|none\n|-end|p1a: Walking Wake|Protosynthesis\n|upkeep\n|\n|t:|1782443620\n|switch|p2a: Manaphy|Manaphy|100/100\n|turn|9\n|\n|t:|1782443646\n|move|p1a: Walking Wake|Hydro Steam|p2a: Manaphy\n|-resisted|p2a: Manaphy\n|-damage|p2a: Manaphy|70/100\n|move|p2a: Manaphy|Substitute|p2a: Manaphy\n|-start|p2a: Manaphy|Substitute\n|-damage|p2a: Manaphy|45/100\n|\n|-heal|p2a: Manaphy|52/100|[from] item: Leftovers\n|upkeep\n|turn|10\n|\n|t:|1782443655\n|move|p1a: Walking Wake|Hydro Steam|p2a: Manaphy\n|-resisted|p2a: Manaphy\n|-end|p2a: Manaphy|Substitute\n|move|p2a: Manaphy|Tail Glow|p2a: Manaphy\n|-boost|p2a: Manaphy|spa|3\n|\n|-heal|p2a: Manaphy|58/100|[from] item: Leftovers\n|upkeep\n|turn|11\n|inactive|Grrrnom has 120 seconds left.\n|\n|t:|1782443686\n|move|p1a: Walking Wake|Hydro Steam|p2a: Manaphy\n|-resisted|p2a: Manaphy\n|-damage|p2a: Manaphy|27/100\n|move|p2a: Manaphy|Alluring Voice|p1a: Walking Wake\n|-supereffective|p1a: Walking Wake\n|-damage|p1a: Walking Wake|0 fnt\n|faint|p1a: Walking Wake\n|-end|p1a: Walking Wake|Protosynthesis|[silent]\n|\n|-heal|p2a: Manaphy|33/100|[from] item: Leftovers\n|upkeep\n|inactive|dazhigg has 90 seconds left.\n|\n|t:|1782443712\n|switch|p1a: Torkoal|Torkoal, F|100/100\n|-weather|SunnyDay|[from] ability: Drought|[of] p1a: Torkoal\n|turn|12\n|\n|t:|1782443725\n|move|p2a: Manaphy|Substitute|p2a: Manaphy\n|-start|p2a: Manaphy|Substitute\n|-damage|p2a: Manaphy|8/100\n|move|p1a: Torkoal|Clear Smog|p2a: Manaphy\n|-activate|p2a: Manaphy|move: Substitute|[damage]\n|\n|-weather|SunnyDay|[upkeep]\n|-heal|p2a: Manaphy|14/100|[from] item: Leftovers\n|upkeep\n|turn|13\n|inactive|Grrrnom has 120 seconds left.\n|\n|t:|1782443748\n|move|p2a: Manaphy|Tail Glow|p2a: Manaphy\n|-boost|p2a: Manaphy|spa|3\n|move|p1a: Torkoal|Clear Smog|p2a: Manaphy\n|-activate|p2a: Manaphy|move: Substitute|[damage]\n|\n|-weather|SunnyDay|[upkeep]\n|-heal|p2a: Manaphy|20/100|[from] item: Leftovers\n|upkeep\n|turn|14\n|inactive|dazhigg has 90 seconds left.\n|\n|t:|1782443765\n|move|p2a: Manaphy|Surf|p1a: Torkoal\n|-supereffective|p1a: Torkoal\n|-damage|p1a: Torkoal|0 fnt\n|faint|p1a: Torkoal\n|\n|-weather|SunnyDay|[upkeep]\n|-heal|p2a: Manaphy|26/100|[from] item: Leftovers\n|upkeep\n|inactive|dazhigg has 60 seconds left.\n|\n|t:|1782443812\n|switch|p1a: Iron Moth|Iron Moth|100/100\n|-enditem|p1a: Iron Moth|Booster Energy\n|-activate|p1a: Iron Moth|ability: Quark Drive|[fromitem]\n|-start|p1a: Iron Moth|quarkdrivespe\n|turn|15\n|inactive|Grrrnom has 120 seconds left.\n|\n|t:|1782443835\n|move|p1a: Iron Moth|Energy Ball|p2a: Manaphy\n|-supereffective|p2a: Manaphy\n|-end|p2a: Manaphy|Substitute\n|move|p2a: Manaphy|Surf|p1a: Iron Moth\n|-supereffective|p1a: Iron Moth\n|-damage|p1a: Iron Moth|0 fnt\n|faint|p1a: Iron Moth\n|-end|p1a: Iron Moth|Quark Drive|[silent]\n|\n|-weather|SunnyDay|[upkeep]\n|-heal|p2a: Manaphy|32/100|[from] item: Leftovers\n|upkeep\n|\n|t:|1782443849\n|switch|p1a: Great Tusk|Great Tusk|100/100\n|-activate|p1a: Great Tusk|ability: Protosynthesis\n|-start|p1a: Great Tusk|protosynthesisspe\n|turn|16\n|\n|t:|1782443861\n|move|p1a: Great Tusk|Headlong Rush|p2a: Manaphy\n|-damage|p2a: Manaphy|0 fnt\n|-unboost|p1a: Great Tusk|def|1\n|-unboost|p1a: Great Tusk|spd|1\n|faint|p2a: Manaphy\n|\n|-weather|SunnyDay|[upkeep]\n|upkeep\n|\n|t:|1782443863\n|switch|p2a: Iron Valiant|Iron Valiant|100/100\n|-enditem|p2a: Iron Valiant|Booster Energy\n|-activate|p2a: Iron Valiant|ability: Quark Drive|[fromitem]\n|-start|p2a: Iron Valiant|quarkdrivespe\n|turn|17\n|inactive|dazhigg has 30 seconds left.\n|inactive|dazhigg has 20 seconds left.\n|\n|t:|1782443899\n|-end|p1a: Great Tusk|Protosynthesis|[silent]\n|switch|p1a: Incineroar|Incineroar, F|86/100\n|-ability|p1a: Incineroar|Intimidate|boost\n|-unboost|p2a: Iron Valiant|atk|1\n|move|p2a: Iron Valiant|Moonblast|p1a: Incineroar\n|-damage|p1a: Incineroar|54/100\n|-unboost|p1a: Incineroar|spa|1\n|\n|-weather|SunnyDay|[upkeep]\n|upkeep\n|turn|18\n|inactive|dazhigg has 30 seconds left this turn.\n|inactive|dazhigg has 20 seconds left.\n|inactive|dazhigg has 15 seconds left.\n|inactive|Grrrnom has 120 seconds left.\n|\n|t:|1782443917\n|move|p1a: Incineroar|Fake Out|p2a: Iron Valiant\n|-damage|p2a: Iron Valiant|87/100\n|cant|p2a: Iron Valiant|flinch\n|\n|-weather|SunnyDay|[upkeep]\n|upkeep\n|turn|19\n|inactive|dazhigg has 25 seconds left this turn.\n|inactive|dazhigg has 20 seconds left.\n|inactive|dazhigg has 15 seconds left.\n|inactive|dazhigg has 10 seconds left.\n|\n|t:|1782443932\n|move|p2a: Iron Valiant|Calm Mind|p2a: Iron Valiant\n|-boost|p2a: Iron Valiant|spa|1\n|-boost|p2a: Iron Valiant|spd|1\n|move|p1a: Incineroar|Parting Shot|p2a: Iron Valiant\n|-unboost|p2a: Iron Valiant|atk|1\n|-unboost|p2a: Iron Valiant|spa|1\n|inactive|dazhigg has 15 seconds left this turn.\n|inactive|dazhigg has 10 seconds left.\n|\n|t:|1782443939\n|switch|p1a: Great Tusk|Great Tusk|100/100|[from] Parting Shot\n|-activate|p1a: Great Tusk|ability: Protosynthesis\n|-start|p1a: Great Tusk|protosynthesisspe\n|\n|-weather|none\n|-end|p1a: Great Tusk|Protosynthesis\n|upkeep\n|turn|20\n|inactive|dazhigg has 20 seconds left this turn.\n|inactive|dazhigg has 15 seconds left.\n|inactive|dazhigg has 10 seconds left.\n|\n|t:|1782443952\n|-terastallize|p1a: Great Tusk|Ice\n|move|p2a: Iron Valiant|Moonblast|p1a: Great Tusk\n|-damage|p1a: Great Tusk|52/100\n|-unboost|p1a: Great Tusk|spa|1\n|move|p1a: Great Tusk|Headlong Rush|p2a: Iron Valiant\n|-damage|p2a: Iron Valiant|21/100\n|-unboost|p1a: Great Tusk|def|1\n|-unboost|p1a: Great Tusk|spd|1\n|\n|-heal|p1a: Great Tusk|59/100|[from] item: Leftovers\n|upkeep\n|turn|21\n|inactive|dazhigg has 20 seconds left this turn.\n|inactive|dazhigg has 15 seconds left.\n|inactive|dazhigg has 10 seconds left.\n|\n|t:|1782443965\n|-end|p1a: Great Tusk|Protosynthesis|[silent]\n|switch|p1a: Incineroar|Incineroar, F|54/100\n|-ability|p1a: Incineroar|Intimidate|boost\n|-unboost|p2a: Iron Valiant|atk|1\n|move|p2a: Iron Valiant|Vacuum Wave|p1a: Incineroar\n|-supereffective|p1a: Incineroar\n|-damage|p1a: Incineroar|26/100\n|\n|upkeep\n|turn|22\n|inactive|dazhigg has 20 seconds left this turn.\n|inactive|dazhigg has 15 seconds left.\n|\n|t:|1782443974\n|move|p1a: Incineroar|Fake Out|p2a: Iron Valiant\n|-damage|p2a: Iron Valiant|7/100\n|cant|p2a: Iron Valiant|flinch\n|\n|upkeep\n|turn|23\n|inactive|dazhigg has 25 seconds left this turn.\n|inactive|dazhigg has 20 seconds left.\n|inactive|dazhigg has 15 seconds left.\n|\n|t:|1782443988\n|move|p2a: Iron Valiant|Vacuum Wave|p1a: Incineroar\n|-supereffective|p1a: Incineroar\n|-damage|p1a: Incineroar|0 fnt\n|faint|p1a: Incineroar\n|\n|upkeep\n|inactive|dazhigg has 20 seconds left this turn.\n|inactive|dazhigg has 15 seconds left.\n|\n|t:|1782443994\n|switch|p1a: Great Tusk|Great Tusk, tera:Ice|59/100\n|turn|24\n|inactive|dazhigg has 25 seconds left this turn.\n|inactive|dazhigg has 20 seconds left.\n|\n|t:|1782444002\n|move|p2a: Iron Valiant|Moonblast|p1a: Great Tusk\n|-damage|p1a: Great Tusk|12/100\n|-unboost|p1a: Great Tusk|spa|1\n|move|p1a: Great Tusk|Rapid Spin|p2a: Iron Valiant\n|-damage|p2a: Iron Valiant|0 fnt\n|-boost|p1a: Great Tusk|spe|1\n|faint|p2a: Iron Valiant\n|-end|p2a: Iron Valiant|Quark Drive|[silent]\n|\n|-heal|p1a: Great Tusk|18/100|[from] item: Leftovers\n|upkeep\n|\n|t:|1782444008\n|switch|p2a: earthquake|Great Tusk|91/100\n|-enditem|p2a: earthquake|Booster Energy\n|-activate|p2a: earthquake|ability: Protosynthesis|[fromitem]\n|-start|p2a: earthquake|protosynthesisatk\n|turn|25\n|inactive|dazhigg has 30 seconds left.\n|inactive|dazhigg has 20 seconds left.\n|\n|t:|1782444026\n|move|p1a: Great Tusk|Ice Spinner|p2a: earthquake\n|-supereffective|p2a: earthquake\n|-damage|p2a: earthquake|44/100\n|move|p2a: earthquake|Close Combat|p1a: Great Tusk\n|-supereffective|p1a: Great Tusk\n|-damage|p1a: Great Tusk|0 fnt\n|-unboost|p2a: earthquake|def|1\n|-unboost|p2a: earthquake|spd|1\n|faint|p1a: Great Tusk\n|-end|p1a: Great Tusk|Protosynthesis|[silent]\n|\n|win|Grrrnom\n|raw|dazhigg's rating: 1579 &rarr; <strong>1554</strong><br />(-25 for losing)\n|raw|Grrrnom's rating: 1483 &rarr; <strong>1508</strong><br />(+25 for winning)\n", "uploadtime": 1782444039, "views": 12, "formatid": "gen9ou", "rating": 1508, "private": 0, "password": null}