{"id": "gen9ou-2540605289", "format": "[Gen 9] OU", "players": ["Holy Air", "testingolem"], "log": "|j|☆Holy Air\n|j|☆testingolem\n|t:|1771225850\n|gametype|singles\n|player|p1|Holy Air|miku-ground|1529\n|player|p2|testingolem|hiker-gen4|1481\n|gen|9\n|tier|[Gen 9] OU\n|rated|\n|rule|HP Percentage Mod: HP is shown in percentages\n|rule|Endless Battle Clause: Forcing endless battles is banned\n|rule|Species Clause: Limit one of each Pokémon\n|rule|OHKO Clause: OHKO moves are banned\n|rule|Evasion Items Clause: Evasion items are banned\n|rule|Evasion Moves Clause: Evasion moves are banned\n|rule|Evasion Abilities Clause: Evasion abilities are banned\n|rule|Sleep Moves Clause: Sleep-inducing moves are banned\n|clearpoke\n|poke|p1|Raging Bolt|\n|poke|p1|Ninetales, F|\n|poke|p1|Walking Wake|\n|poke|p1|Hatterene, F|\n|poke|p1|Great Tusk|\n|poke|p1|Iron Moth|\n|poke|p2|Ribombee, F|\n|poke|p2|Serperior, M|\n|poke|p2|Gholdengo|\n|poke|p2|Great Tusk|\n|poke|p2|Kingambit, M|\n|poke|p2|Dragapult, M|\n|teampreview\n|inactive|Battle timer is ON: inactive players will automatically lose when time's up. (requested by Holy Air)\n|\n|t:|1771225863\n|teamsize|p1|6\n|teamsize|p2|6\n|start\n|switch|p1a: Ninetales|Ninetales, F, shiny|100/100\n|switch|p2a: Ribombee|Ribombee, F|100/100\n|-weather|SunnyDay|[from] ability: Drought|[of] p1a: Ninetales\n|turn|1\n|\n|t:|1771225868\n|move|p2a: Ribombee|Sticky Web|p1a: Ninetales\n|-sidestart|p1: Holy Air|move: Sticky Web\n|move|p1a: Ninetales|Encore|p2a: Ribombee\n|-start|p2a: Ribombee|Encore\n|\n|-weather|SunnyDay|[upkeep]\n|upkeep\n|turn|2\n|\n|t:|1771225878\n|switch|p2a: Dragapult|Dragapult, M|100/100\n|move|p1a: Ninetales|Will-O-Wisp|p2a: Dragapult\n|-status|p2a: Dragapult|brn\n|\n|-weather|SunnyDay|[upkeep]\n|-damage|p2a: Dragapult|95/100 brn|[from] brn\n|upkeep\n|turn|3\n|\n|t:|1771225884\n|switch|p1a: Hatterene|Hatterene, F, shiny|100/100\n|-activate|p1a: Hatterene|move: Sticky Web\n|-unboost|p1a: Hatterene|spe|1\n|move|p2a: Dragapult|Shadow Ball|p1a: Hatterene\n|-supereffective|p1a: Hatterene\n|-damage|p1a: Hatterene|26/100\n|\n|-weather|SunnyDay|[upkeep]\n|-damage|p2a: Dragapult|89/100 brn|[from] brn\n|upkeep\n|turn|4\n|\n|t:|1771225896\n|move|p2a: Dragapult|Shadow Ball|p1a: Hatterene\n|-supereffective|p1a: Hatterene\n|-damage|p1a: Hatterene|0 fnt\n|faint|p1a: Hatterene\n|\n|-weather|SunnyDay|[upkeep]\n|-damage|p2a: Dragapult|83/100 brn|[from] brn\n|upkeep\n|\n|t:|1771225899\n|switch|p1a: Raging Bolt|Raging Bolt|100/100\n|-activate|p1a: Raging Bolt|move: Sticky Web\n|-unboost|p1a: Raging Bolt|spe|1\n|-activate|p1a: Raging Bolt|ability: Protosynthesis\n|-start|p1a: Raging Bolt|protosynthesisspa\n|turn|5\n|\n|t:|1771225905\n|move|p2a: Dragapult|Shadow Ball|p1a: Raging Bolt\n|-damage|p1a: Raging Bolt|50/100\n|move|p1a: Raging Bolt|Weather Ball|p2a: Dragapult\n|-resisted|p2a: Dragapult\n|-damage|p2a: Dragapult|31/100 brn\n|\n|-weather|SunnyDay|[upkeep]\n|-damage|p2a: Dragapult|25/100 brn|[from] brn\n|upkeep\n|turn|6\n|\n|t:|1771225917\n|move|p2a: Dragapult|Shadow Ball|p1a: Raging Bolt\n|-damage|p1a: Raging Bolt|3/100\n|move|p1a: Raging Bolt|Weather Ball|p2a: Dragapult\n|-resisted|p2a: Dragapult\n|-damage|p2a: Dragapult|0 fnt\n|faint|p2a: Dragapult\n|\n|-weather|SunnyDay|[upkeep]\n|upkeep\n|\n|t:|1771225922\n|switch|p2a: Serperior|Serperior, M|100/100\n|turn|7\n|\n|t:|1771225928\n|-end|p1a: Raging Bolt|Protosynthesis|[silent]\n|switch|p1a: Iron Moth|Iron Moth|100/100\n|-activate|p1a: Iron Moth|move: Sticky Web\n|-unboost|p1a: Iron Moth|spe|1\n|-enditem|p1a: Iron Moth|Booster Energy\n|-activate|p1a: Iron Moth|ability: Quark Drive|[fromitem]\n|-start|p1a: Iron Moth|quarkdrivespa\n|move|p2a: Serperior|Leaf Storm|p1a: Iron Moth\n|-resisted|p1a: Iron Moth\n|-damage|p1a: Iron Moth|88/100\n|-boost|p2a: Serperior|spa|2\n|\n|-weather|SunnyDay|[upkeep]\n|upkeep\n|turn|8\n|\n|t:|1771225935\n|switch|p2a: Ribombee|Ribombee, F|100/100\n|move|p1a: Iron Moth|Fiery Dance|p2a: Ribombee\n|-supereffective|p2a: Ribombee\n|-enditem|p2a: Ribombee|Focus Sash\n|-damage|p2a: Ribombee|1/100\n|-boost|p1a: Iron Moth|spa|1\n|\n|-weather|none\n|upkeep\n|turn|9\n|\n|t:|1771225942\n|move|p2a: Ribombee|Stun Spore|p1a: Iron Moth|[miss]\n|-miss|p2a: Ribombee|p1a: Iron Moth\n|move|p1a: Iron Moth|Fiery Dance|p2a: Ribombee\n|-supereffective|p2a: Ribombee\n|-damage|p2a: Ribombee|0 fnt\n|-boost|p1a: Iron Moth|spa|1\n|faint|p2a: Ribombee\n|\n|upkeep\n|\n|t:|1771225944\n|switch|p2a: Great Tusk|Great Tusk|100/100\n|-enditem|p2a: Great Tusk|Booster Energy\n|-activate|p2a: Great Tusk|ability: Protosynthesis|[fromitem]\n|-start|p2a: Great Tusk|protosynthesisatk\n|turn|10\n|\n|t:|1771225952\n|-terastallize|p1a: Iron Moth|Grass\n|move|p2a: Great Tusk|Headlong Rush|p1a: Iron Moth\n|-resisted|p1a: Iron Moth\n|-damage|p1a: Iron Moth|13/100\n|-unboost|p2a: Great Tusk|def|1\n|-unboost|p2a: Great Tusk|spd|1\n|move|p1a: Iron Moth|Energy Ball|p2a: Great Tusk\n|-supereffective|p2a: Great Tusk\n|-damage|p2a: Great Tusk|0 fnt\n|faint|p2a: Great Tusk\n|-end|p2a: Great Tusk|Protosynthesis|[silent]\n|\n|upkeep\n|\n|t:|1771225957\n|switch|p2a: Serperior|Serperior, M|100/100\n|turn|11\n|\n|t:|1771225959\n|move|p2a: Serperior|Leaf Storm|p1a: Iron Moth\n|-resisted|p1a: Iron Moth\n|-damage|p1a: Iron Moth|0 fnt\n|-boost|p2a: Serperior|spa|2\n|faint|p1a: Iron Moth\n|-end|p1a: Iron Moth|Quark Drive|[silent]\n|\n|upkeep\n|\n|t:|1771225965\n|switch|p1a: Ninetales|Ninetales, F, shiny|100/100\n|-activate|p1a: Ninetales|move: Sticky Web\n|-unboost|p1a: Ninetales|spe|1\n|-weather|SunnyDay|[from] ability: Drought|[of] p1a: Ninetales\n|turn|12\n|inactive|testingolem has 120 seconds left.\n|inactive|testingolem has 90 seconds left.\n|\n|t:|1771226032\n|-terastallize|p2a: Serperior|Fire\n|move|p2a: Serperior|Glare|p1a: Ninetales\n|-status|p1a: Ninetales|par\n|move|p1a: Ninetales|Weather Ball|p2a: Serperior\n|-resisted|p2a: Serperior\n|-damage|p2a: Serperior|74/100\n|\n|-weather|SunnyDay|[upkeep]\n|-heal|p2a: Serperior|80/100|[from] item: Leftovers\n|upkeep\n|turn|13\n|\n|t:|1771226043\n|move|p2a: Serperior|Substitute|p2a: Serperior\n|-start|p2a: Serperior|Substitute\n|-damage|p2a: Serperior|55/100\n|move|p1a: Ninetales|Healing Wish|p1a: Ninetales\n|faint|p1a: Ninetales\n|\n|-weather|SunnyDay|[upkeep]\n|-heal|p2a: Serperior|62/100|[from] item: Leftovers\n|upkeep\n|\n|t:|1771226047\n|switch|p1a: Raging Bolt|Raging Bolt|3/100\n|-heal|p1a: Raging Bolt|100/100|[from] move: Healing Wish\n|-activate|p1a: Raging Bolt|move: Sticky Web\n|-unboost|p1a: Raging Bolt|spe|1\n|-activate|p1a: Raging Bolt|ability: Protosynthesis\n|-start|p1a: Raging Bolt|protosynthesisspa\n|turn|14\n|\n|t:|1771226051\n|move|p2a: Serperior|Leaf Storm|p1a: Raging Bolt\n|-resisted|p1a: Raging Bolt\n|-damage|p1a: Raging Bolt|55/100\n|-boost|p2a: Serperior|spa|2\n|move|p1a: Raging Bolt|Weather Ball|p2a: Serperior\n|-resisted|p2a: Serperior\n|-end|p2a: Serperior|Substitute\n|\n|-weather|SunnyDay|[upkeep]\n|-heal|p2a: Serperior|68/100|[from] item: Leftovers\n|upkeep\n|turn|15\n|\n|t:|1771226057\n|move|p2a: Serperior|Substitute|p2a: Serperior\n|-start|p2a: Serperior|Substitute\n|-damage|p2a: Serperior|43/100\n|move|p1a: Raging Bolt|Weather Ball|p2a: Serperior\n|-resisted|p2a: Serperior\n|-end|p2a: Serperior|Substitute\n|\n|-weather|SunnyDay|[upkeep]\n|-heal|p2a: Serperior|49/100|[from] item: Leftovers\n|upkeep\n|turn|16\n|\n|t:|1771226062\n|move|p2a: Serperior|Substitute|p2a: Serperior\n|-start|p2a: Serperior|Substitute\n|-damage|p2a: Serperior|25/100\n|move|p1a: Raging Bolt|Weather Ball|p2a: Serperior\n|-resisted|p2a: Serperior\n|-end|p2a: Serperior|Substitute\n|\n|-weather|SunnyDay|[upkeep]\n|-heal|p2a: Serperior|31/100|[from] item: Leftovers\n|upkeep\n|turn|17\n|\n|t:|1771226065\n|move|p2a: Serperior|Leaf Storm|p1a: Raging Bolt\n|-resisted|p1a: Raging Bolt\n|-damage|p1a: Raging Bolt|0 fnt\n|-boost|p2a: Serperior|spa|2\n|faint|p1a: Raging Bolt\n|-end|p1a: Raging Bolt|Protosynthesis|[silent]\n|\n|-weather|SunnyDay|[upkeep]\n|-heal|p2a: Serperior|37/100|[from] item: Leftovers\n|upkeep\n|\n|t:|1771226069\n|switch|p1a: Walking Wake|Walking Wake|100/100\n|-activate|p1a: Walking Wake|move: Sticky Web\n|-unboost|p1a: Walking Wake|spe|1\n|-activate|p1a: Walking Wake|ability: Protosynthesis\n|-start|p1a: Walking Wake|protosynthesisspa\n|turn|18\n|\n|t:|1771226073\n|move|p2a: Serperior|Leaf Storm|p1a: Walking Wake\n|-damage|p1a: Walking Wake|0 fnt\n|faint|p1a: Walking Wake\n|-end|p1a: Walking Wake|Protosynthesis|[silent]\n|\n|-weather|SunnyDay|[upkeep]\n|-heal|p2a: Serperior|43/100|[from] item: Leftovers\n|upkeep\n|-message|Holy Air forfeited.\n|\n|win|testingolem\n|raw|Holy Air's rating: 1529 &rarr; <strong>1506</strong><br />(-23 for losing)\n|raw|testingolem's rating: 1481 &rarr; <strong>1504</strong><br />(+23 for winning)\n|l|☆Holy Air\n|player|p1|\n|l|☆testingolem\n|player|p2|\n", "uploadtime": 1771226270, "views": 7, "formatid": "gen9ou", "rating": 1504, "private": 0, "password": null}