{"id": "gen9ou-2647801327", "format": "[Gen 9] OU", "players": ["sir.doff", "DragonMasterAdrian"], "log": "|j|☆sir.doff\n|j|☆DragonMasterAdrian\n|t:|1783815045\n|gametype|singles\n|player|p1|sir.doff|gentleman-gen4|1215\n|player|p2|DragonMasterAdrian|giovanni|1217\n|gen|9\n|tier|[Gen 9] OU\n|rated|\n|rule|HP Percentage Mod: HP is shown in percentages\n|rule|Endless Battle Clause: Forcing endless battles is banned\n|rule|Species Clause: Limit one of each Pokémon\n|rule|OHKO Clause: OHKO moves are banned\n|rule|Evasion Items Clause: Evasion items are banned\n|rule|Evasion Moves Clause: Evasion moves are banned\n|rule|Evasion Abilities Clause: Evasion abilities are banned\n|rule|Sleep Moves Clause: Sleep-inducing moves are banned\n|clearpoke\n|poke|p1|Pelipper, F|\n|poke|p1|Ludicolo, M|\n|poke|p1|Barraskewda, M|\n|poke|p1|Raging Bolt|\n|poke|p1|Iron Treads|\n|poke|p1|Overqwil, F|\n|poke|p2|Iron Crown|\n|poke|p2|Ninetales-Alola, F|\n|poke|p2|Clefable, F|\n|poke|p2|Ogerpon-Wellspring, F|\n|poke|p2|Gholdengo|\n|poke|p2|Glimmora, F|\n|teampreview\n|\n|t:|1783815053\n|teamsize|p1|6\n|teamsize|p2|6\n|start\n|switch|p1a: Bocona|Pelipper, F|100/100\n|switch|p2a: Iron Crown|Iron Crown|100/100\n|-weather|RainDance|[from] ability: Drizzle|[of] p1a: Bocona\n|turn|1\n|\n|t:|1783815059\n|switch|p1a: Defante|Iron Treads|100/100\n|move|p2a: Iron Crown|Volt Switch|p1a: Defante\n|-immune|p1a: Defante\n|\n|-weather|RainDance|[upkeep]\n|upkeep\n|turn|2\n|\n|t:|1783815067\n|-end|p2a: Iron Crown|Quark Drive|[silent]\n|switch|p2a: Clefable|Clefable, F|100/100\n|-terastallize|p1a: Defante|Ghost\n|move|p1a: Defante|Stealth Rock|p2a: Clefable\n|-sidestart|p2: DragonMasterAdrian|move: Stealth Rock\n|\n|-weather|RainDance|[upkeep]\n|upkeep\n|turn|3\n|\n|t:|1783815074\n|-end|p1a: Defante|Quark Drive|[silent]\n|switch|p1a: Overqwil|Overqwil, F|100/100\n|move|p2a: Clefable|Stealth Rock|p1a: Overqwil\n|-sidestart|p1: sir.doff|move: Stealth Rock\n|\n|-weather|RainDance|[upkeep]\n|upkeep\n|turn|4\n|\n|t:|1783815088\n|switch|p2a: Ninetales|Ninetales-Alola, F|100/100\n|-damage|p2a: Ninetales|76/100|[from] Stealth Rock\n|-weather|Snowscape|[from] ability: Snow Warning|[of] p2a: Ninetales\n|move|p1a: Overqwil|Swords Dance|p1a: Overqwil\n|-boost|p1a: Overqwil|atk|2\n|\n|-weather|Snowscape|[upkeep]\n|upkeep\n|turn|5\n|\n|t:|1783815093\n|switch|p2a: Glimmora|Glimmora, F|100/100\n|-damage|p2a: Glimmora|88/100|[from] Stealth Rock\n|move|p1a: Overqwil|Gunk Shot|p2a: Glimmora\n|-resisted|p2a: Glimmora\n|-crit|p2a: Glimmora\n|-damage|p2a: Glimmora|28/100\n|-activate|p2a: Glimmora|ability: Toxic Debris\n|-sidestart|p1: sir.doff|move: Toxic Spikes\n|\n|-weather|Snowscape|[upkeep]\n|upkeep\n|turn|6\n|\n|t:|1783815102\n|move|p2a: Glimmora|Meteor Beam||[still]\n|-prepare|p2a: Glimmora|Meteor Beam\n|-boost|p2a: Glimmora|spa|1\n|-enditem|p2a: Glimmora|Power Herb\n|-anim|p2a: Glimmora|Meteor Beam|p1a: Overqwil\n|-damage|p1a: Overqwil|0 fnt\n|faint|p1a: Overqwil\n|\n|-weather|Snowscape|[upkeep]\n|upkeep\n|\n|t:|1783815109\n|switch|p1a: Defante|Iron Treads, tera:Ghost|100/100\n|-damage|p1a: Defante|88/100|[from] Stealth Rock\n|-status|p1a: Defante|psn\n|turn|7\n|\n|t:|1783815115\n|switch|p2a: Gholdengo|Gholdengo|100/100\n|-damage|p2a: Gholdengo|94/100|[from] Stealth Rock\n|-item|p2a: Gholdengo|Air Balloon\n|move|p1a: Defante|Rapid Spin|p2a: Gholdengo\n|-immune|p2a: Gholdengo\n|\n|-weather|Snowscape|[upkeep]\n|-heal|p1a: Defante|94/100 psn|[from] item: Leftovers\n|-damage|p1a: Defante|82/100 psn|[from] psn\n|upkeep\n|turn|8\n|\n|t:|1783815130\n|-end|p1a: Defante|Quark Drive|[silent]\n|switch|p1a: Bocona|Pelipper, F|100/100\n|-damage|p1a: Bocona|76/100|[from] Stealth Rock\n|-weather|RainDance|[from] ability: Drizzle|[of] p1a: Bocona\n|move|p2a: Gholdengo|Hex|p1a: Bocona\n|-damage|p1a: Bocona|20/100\n|\n|-weather|RainDance|[upkeep]\n|upkeep\n|turn|9\n|\n|t:|1783815139\n|move|p2a: Gholdengo|Hex|p1a: Bocona\n|-damage|p1a: Bocona|0 fnt\n|faint|p1a: Bocona\n|\n|-weather|RainDance|[upkeep]\n|upkeep\n|\n|t:|1783815146\n|switch|p1a: Go Drinking|Ludicolo, M|100/100\n|-damage|p1a: Go Drinking|88/100|[from] Stealth Rock\n|-status|p1a: Go Drinking|psn\n|turn|10\n|\n|t:|1783815153\n|switch|p2a: Ogerpon|Ogerpon-Wellspring, F|100/100\n|-damage|p2a: Ogerpon|88/100|[from] Stealth Rock\n|move|p1a: Go Drinking|Weather Ball|p2a: Ogerpon\n|-heal|p2a: Ogerpon|100/100|[from] ability: Water Absorb|[of] p1a: Go Drinking\n|\n|-weather|RainDance|[upkeep]\n|-damage|p1a: Go Drinking|76/100 psn|[from] psn\n|upkeep\n|turn|11\n|\n|t:|1783815166\n|move|p1a: Go Drinking|Leaf Storm|p2a: Ogerpon\n|-damage|p2a: Ogerpon|12/100\n|-unboost|p1a: Go Drinking|spa|2\n|-damage|p1a: Go Drinking|66/100 psn|[from] item: Life Orb\n|move|p2a: Ogerpon|Play Rough|p1a: Go Drinking\n|-damage|p1a: Go Drinking|13/100 psn\n|\n|-weather|RainDance|[upkeep]\n|-damage|p1a: Go Drinking|0 fnt|[from] psn\n|faint|p1a: Go Drinking\n|upkeep\n|\n|t:|1783815170\n|switch|p1a: Defante|Iron Treads, tera:Ghost|82/100 psn\n|-damage|p1a: Defante|69/100 psn|[from] Stealth Rock\n|turn|12\n|\n|t:|1783815182\n|switch|p2a: Gholdengo|Gholdengo|94/100\n|-damage|p2a: Gholdengo|88/100|[from] Stealth Rock\n|-item|p2a: Gholdengo|Air Balloon\n|move|p1a: Defante|Ice Spinner|p2a: Gholdengo\n|-resisted|p2a: Gholdengo\n|-crit|p2a: Gholdengo\n|-damage|p2a: Gholdengo|74/100\n|-enditem|p2a: Gholdengo|Air Balloon\n|\n|-weather|RainDance|[upkeep]\n|-heal|p1a: Defante|75/100 psn|[from] item: Leftovers\n|-damage|p1a: Defante|63/100 psn|[from] psn\n|upkeep\n|turn|13\n|\n|t:|1783815191\n|move|p1a: Defante|Earthquake|p2a: Gholdengo\n|-supereffective|p2a: Gholdengo\n|-damage|p2a: Gholdengo|0 fnt\n|faint|p2a: Gholdengo\n|\n|-weather|RainDance|[upkeep]\n|-heal|p1a: Defante|69/100 psn|[from] item: Leftovers\n|-damage|p1a: Defante|57/100 psn|[from] psn\n|upkeep\n|\n|t:|1783815200\n|switch|p2a: Iron Crown|Iron Crown|100/100\n|-damage|p2a: Iron Crown|94/100|[from] Stealth Rock\n|turn|14\n|\n|t:|1783815204\n|move|p2a: Iron Crown|Tachyon Cutter|p1a: Defante\n|-damage|p1a: Defante|35/100 psn\n|-damage|p1a: Defante|11/100 psn\n|-hitcount|p1a: Defante|2\n|move|p1a: Defante|Rapid Spin|p2a: Iron Crown\n|-resisted|p2a: Iron Crown\n|-damage|p2a: Iron Crown|87/100\n|-boost|p1a: Defante|spe|1\n|-sideend|p1: sir.doff|Toxic Spikes|[from] move: Rapid Spin|[of] p1a: Defante\n|-sideend|p1: sir.doff|Stealth Rock|[from] move: Rapid Spin|[of] p1a: Defante\n|\n|-weather|RainDance|[upkeep]\n|-heal|p1a: Defante|17/100 psn|[from] item: Leftovers\n|-damage|p1a: Defante|5/100 psn|[from] psn\n|upkeep\n|turn|15\n|\n|t:|1783815207\n|move|p2a: Iron Crown|Tachyon Cutter|p1a: Defante\n|-damage|p1a: Defante|0 fnt\n|faint|p1a: Defante\n|-end|p1a: Defante|Quark Drive|[silent]\n|-hitcount|p1: Defante|1\n|\n|-weather|none\n|upkeep\n|\n|t:|1783815210\n|switch|p1a: Thor|Raging Bolt|100/100\n|-enditem|p1a: Thor|Booster Energy\n|-activate|p1a: Thor|ability: Protosynthesis|[fromitem]\n|-start|p1a: Thor|protosynthesisspa\n|turn|16\n|\n|t:|1783815220\n|-end|p2a: Iron Crown|Quark Drive|[silent]\n|switch|p2a: Clefable|Clefable, F|100/100\n|move|p1a: Thor|Thunderbolt|p2a: Clefable\n|-damage|p2a: Clefable|55/100\n|\n|-heal|p2a: Clefable|61/100|[from] item: Leftovers\n|upkeep\n|turn|17\n|\n|t:|1783815228\n|move|p1a: Thor|Thunderbolt|p2a: Clefable\n|-damage|p2a: Clefable|12/100\n|move|p2a: Clefable|Moonblast|p1a: Thor\n|-supereffective|p1a: Thor\n|-damage|p1a: Thor|43/100\n|-unboost|p1a: Thor|spa|1\n|\n|-heal|p2a: Clefable|18/100|[from] item: Leftovers\n|upkeep\n|turn|18\n|\n|t:|1783815236\n|move|p1a: Thor|Thunderclap||[still]\n|-fail|p1a: Thor\n|move|p2a: Clefable|Wish|p2a: Clefable\n|\n|-heal|p2a: Clefable|24/100|[from] item: Leftovers\n|upkeep\n|turn|19\n|\n|t:|1783815245\n|-end|p1a: Thor|Protosynthesis|[silent]\n|switch|p1a: Tilápio|Barraskewda, M|100/100\n|move|p2a: Clefable|Stealth Rock|p1a: Tilápio\n|-sidestart|p1: sir.doff|move: Stealth Rock\n|\n|-heal|p2a: Clefable|74/100|[from] move: Wish|[wisher] Clefable\n|-heal|p2a: Clefable|80/100|[from] item: Leftovers\n|upkeep\n|turn|20\n|\n|t:|1783815252\n|switch|p2a: Glimmora|Glimmora, F|28/100\n|-damage|p2a: Glimmora|15/100|[from] Stealth Rock\n|move|p1a: Tilápio|Liquidation|p2a: Glimmora\n|-supereffective|p2a: Glimmora\n|-damage|p2a: Glimmora|0 fnt\n|-activate|p2a: Glimmora|ability: Toxic Debris\n|-sidestart|p1: sir.doff|move: Toxic Spikes\n|faint|p2a: Glimmora\n|\n|upkeep\n|\n|t:|1783815264\n|switch|p2a: Iron Crown|Iron Crown|87/100\n|-damage|p2a: Iron Crown|81/100|[from] Stealth Rock\n|turn|21\n|inactive|Battle timer is ON: inactive players will automatically lose when time's up. (requested by sir.doff)\n|\n|t:|1783815270\n|move|p2a: Iron Crown|Volt Switch|p1a: Tilápio\n|-supereffective|p1a: Tilápio\n|-damage|p1a: Tilápio|0 fnt\n|faint|p1a: Tilápio\n|\n|t:|1783815274\n|-end|p2a: Iron Crown|Quark Drive|[silent]\n|switch|p2a: Ninetales|Ninetales-Alola, F|76/100|[from] Volt Switch\n|-damage|p2a: Ninetales|51/100|[from] Stealth Rock\n|-weather|Snowscape|[from] ability: Snow Warning|[of] p2a: Ninetales\n|\n|-weather|Snowscape|[upkeep]\n|upkeep\n|\n|t:|1783815276\n|switch|p1a: Thor|Raging Bolt|43/100\n|-damage|p1a: Thor|31/100|[from] Stealth Rock\n|-status|p1a: Thor|psn\n|turn|22\n|\n|t:|1783815281\n|move|p2a: Ninetales|Aurora Veil|p2a: Ninetales\n|-sidestart|p2: DragonMasterAdrian|move: Aurora Veil\n|move|p1a: Thor|Thunderbolt|p2a: Ninetales\n|-damage|p2a: Ninetales|18/100\n|\n|-weather|Snowscape|[upkeep]\n|-damage|p1a: Thor|19/100 psn|[from] psn\n|upkeep\n|turn|23\n|\n|t:|1783815285\n|move|p2a: Ninetales|Encore|p1a: Thor\n|-start|p1a: Thor|Encore\n|move|p1a: Thor|Thunderbolt|p2a: Ninetales\n|-damage|p2a: Ninetales|0 fnt\n|faint|p2a: Ninetales\n|\n|-weather|Snowscape|[upkeep]\n|-damage|p1a: Thor|6/100 psn|[from] psn\n|upkeep\n|\n|t:|1783815289\n|switch|p2a: Iron Crown|Iron Crown|81/100\n|-damage|p2a: Iron Crown|75/100|[from] Stealth Rock\n|turn|24\n|\n|t:|1783815291\n|move|p2a: Iron Crown|Psychic Noise|p1a: Thor\n|-damage|p1a: Thor|0 fnt\n|faint|p1a: Thor\n|-end|p1a: Thor|Protosynthesis|[silent]\n|\n|win|DragonMasterAdrian\n|raw|sir.doff's rating: 1215 &rarr; <strong>1190</strong><br />(-25 for losing)\n|raw|DragonMasterAdrian's rating: 1217 &rarr; <strong>1242</strong><br />(+25 for winning)\n|l|☆sir.doff\n|player|p1|\n|c|☆DragonMasterAdrian|gg\n", "uploadtime": 1783815677, "views": 14, "formatid": "gen9ou", "rating": 1190, "private": 0, "password": null}