{"id": "gen9ou-2647716367", "format": "[Gen 9] OU", "players": ["go faster ffs", "OUBotBeepBoop"], "log": "|j|☆go faster ffs\n|j|☆OUBotBeepBoop\n|t:|1783800815\n|gametype|singles\n|player|p1|go faster ffs|170|1204\n|player|p2|OUBotBeepBoop|102|1211\n|gen|9\n|tier|[Gen 9] OU\n|rated|\n|rule|HP Percentage Mod: HP is shown in percentages\n|rule|Endless Battle Clause: Forcing endless battles is banned\n|rule|Species Clause: Limit one of each Pokémon\n|rule|OHKO Clause: OHKO moves are banned\n|rule|Evasion Items Clause: Evasion items are banned\n|rule|Evasion Moves Clause: Evasion moves are banned\n|rule|Evasion Abilities Clause: Evasion abilities are banned\n|rule|Sleep Moves Clause: Sleep-inducing moves are banned\n|clearpoke\n|poke|p1|Blissey, F|\n|poke|p1|Scizor, M|\n|poke|p1|Trevenant, M|\n|poke|p1|Slowbro, F|\n|poke|p1|Darkrai|\n|poke|p1|Komala, M|\n|poke|p2|Glimmora, F|\n|poke|p2|Great Tusk|\n|poke|p2|Kingambit, M|\n|poke|p2|Dragapult, M|\n|poke|p2|Clefable, F|\n|poke|p2|Corviknight, M|\n|teampreview\n|inactive|Battle timer is ON: inactive players will automatically lose when time's up. (requested by OUBotBeepBoop)\n|\n|t:|1783800817\n|teamsize|p1|6\n|teamsize|p2|6\n|start\n|switch|p1a: Scizor|Scizor, M|100/100\n|switch|p2a: Glimmora|Glimmora, F|100/100\n|turn|1\n|\n|t:|1783800819\n|move|p1a: Scizor|Bullet Punch|p2a: Glimmora\n|-supereffective|p2a: Glimmora\n|-enditem|p2a: Glimmora|Focus Sash\n|-damage|p2a: Glimmora|1/100\n|-activate|p2a: Glimmora|ability: Toxic Debris\n|-sidestart|p1: go faster ffs|move: Toxic Spikes\n|move|p2a: Glimmora|Stealth Rock|p1a: Scizor\n|-sidestart|p1: go faster ffs|move: Stealth Rock\n|\n|upkeep\n|turn|2\n|\n|t:|1783800821\n|switch|p2a: Dragapult|Dragapult, M|100/100\n|move|p1a: Scizor|Bullet Punch|p2a: Dragapult\n|-damage|p2a: Dragapult|34/100\n|\n|upkeep\n|turn|3\n|\n|t:|1783800823\n|move|p1a: Scizor|Bullet Punch|p2a: Dragapult\n|-damage|p2a: Dragapult|0 fnt\n|faint|p2a: Dragapult\n|\n|upkeep\n|\n|t:|1783800823\n|switch|p2a: Great Tusk|Great Tusk|100/100\n|turn|4\n|\n|t:|1783800825\n|-end|p2a: Great Tusk|Protosynthesis|[silent]\n|switch|p2a: Glimmora|Glimmora, F|1/100\n|move|p1a: Scizor|Bullet Punch|p2a: Glimmora\n|-supereffective|p2a: Glimmora\n|-damage|p2a: Glimmora|0 fnt\n|-activate|p2a: Glimmora|ability: Toxic Debris\n|-sidestart|p1: go faster ffs|move: Toxic Spikes\n|faint|p2a: Glimmora\n|\n|upkeep\n|\n|t:|1783800825\n|switch|p2a: Great Tusk|Great Tusk|100/100\n|turn|5\n|\n|t:|1783800828\n|move|p1a: Scizor|Bullet Punch|p2a: Great Tusk\n|-damage|p2a: Great Tusk|64/100\n|move|p2a: Great Tusk|Knock Off|p1a: Scizor\n|-damage|p1a: Scizor|68/100\n|-enditem|p1a: Scizor|Choice Band|[from] move: Knock Off|[of] p2a: Great Tusk\n|\n|upkeep\n|turn|6\n|\n|t:|1783800832\n|move|p2a: Great Tusk|Headlong Rush|p1a: Scizor\n|-damage|p1a: Scizor|8/100\n|-unboost|p2a: Great Tusk|def|1\n|-unboost|p2a: Great Tusk|spd|1\n|move|p1a: Scizor|Defog|p2a: Great Tusk\n|-unboost|p2a: Great Tusk|evasion|1\n|-sideend|p1: go faster ffs|Toxic Spikes|[from] move: Defog|[of] p1a: Scizor\n|-sideend|p1: go faster ffs|Stealth Rock|[from] move: Defog|[of] p1a: Scizor\n|\n|upkeep\n|turn|7\n|\n|t:|1783800838\n|switch|p1a: Slowbro|Slowbro, F|100/100\n|move|p2a: Great Tusk|Rapid Spin|p1a: Slowbro\n|-damage|p1a: Slowbro|88/100\n|-boost|p2a: Great Tusk|spe|1\n|-damage|p2a: Great Tusk|48/100|[from] item: Rocky Helmet|[of] p1a: Slowbro\n|\n|upkeep\n|turn|8\n|\n|t:|1783800839\n|-end|p2a: Great Tusk|Protosynthesis|[silent]\n|switch|p2a: Clefable|Clefable, F|100/100\n|move|p1a: Slowbro|Scald|p2a: Clefable\n|-damage|p2a: Clefable|69/100\n|\n|-heal|p2a: Clefable|75/100|[from] item: Leftovers\n|upkeep\n|turn|9\n|\n|t:|1783800846\n|switch|p1a: Darkrai|Darkrai|100/100\n|move|p2a: Clefable|Moonblast|p1a: Darkrai\n|-supereffective|p1a: Darkrai\n|-damage|p1a: Darkrai|20/100\n|\n|-heal|p2a: Clefable|81/100|[from] item: Leftovers\n|upkeep\n|turn|10\n|\n|t:|1783800847\n|move|p1a: Darkrai|Sludge Bomb|p2a: Clefable\n|-supereffective|p2a: Clefable\n|-crit|p2a: Clefable\n|-damage|p2a: Clefable|0 fnt\n|faint|p2a: Clefable\n|\n|upkeep\n|\n|t:|1783800848\n|switch|p2a: Corviknight|Corviknight, M|100/100\n|-ability|p2a: Corviknight|Pressure\n|turn|11\n|\n|t:|1783800854\n|switch|p1a: Slowbro|Slowbro, F|100/100\n|move|p2a: Corviknight|U-turn|p1a: Slowbro\n|-supereffective|p1a: Slowbro\n|-damage|p1a: Slowbro|82/100\n|-damage|p2a: Corviknight|84/100|[from] item: Rocky Helmet|[of] p1a: Slowbro\n|\n|t:|1783800854\n|switch|p2a: Kingambit|Kingambit, M|100/100|[from] U-turn\n|-activate|p2a: Kingambit|ability: Supreme Overlord\n|-start|p2a: Kingambit|fallen3|[silent]\n|\n|upkeep\n|turn|12\n|\n|t:|1783800856\n|move|p2a: Kingambit|Kowtow Cleave|p1a: Slowbro\n|-supereffective|p1a: Slowbro\n|-damage|p1a: Slowbro|0 fnt\n|-damage|p2a: Kingambit|84/100|[from] item: Rocky Helmet|[of] p1a: Slowbro\n|faint|p1a: Slowbro\n|\n|upkeep\n|\n|t:|1783800859\n|switch|p1a: Trevenant|Trevenant, M|100/100\n|turn|13\n|\n|t:|1783800861\n|-terastallize|p1a: Trevenant|Fairy\n|move|p2a: Kingambit|Kowtow Cleave|p1a: Trevenant\n|-resisted|p1a: Trevenant\n|-damage|p1a: Trevenant|72/100\n|move|p1a: Trevenant|Will-O-Wisp|p2a: Kingambit\n|-status|p2a: Kingambit|brn\n|\n|-damage|p2a: Kingambit|78/100 brn|[from] brn\n|upkeep\n|turn|14\n|\n|t:|1783800863\n|move|p2a: Kingambit|Swords Dance|p2a: Kingambit\n|-boost|p2a: Kingambit|atk|2\n|move|p1a: Trevenant|Drain Punch|p2a: Kingambit\n|-supereffective|p2a: Kingambit\n|-damage|p2a: Kingambit|21/100 brn\n|-heal|p1a: Trevenant|100/100|[from] drain|[of] p2a: Kingambit\n|\n|-damage|p2a: Kingambit|15/100 brn|[from] brn\n|upkeep\n|turn|15\n|\n|t:|1783800865\n|-end|p2a: Kingambit|fallen3|[silent]\n|switch|p2a: Great Tusk|Great Tusk|48/100\n|move|p1a: Trevenant|Drain Punch|p2a: Great Tusk\n|-damage|p2a: Great Tusk|35/100\n|\n|upkeep\n|turn|16\n|\n|t:|1783800871\n|move|p2a: Great Tusk|Headlong Rush|p1a: Trevenant\n|-damage|p1a: Trevenant|52/100\n|-unboost|p2a: Great Tusk|def|1\n|-unboost|p2a: Great Tusk|spd|1\n|move|p1a: Trevenant|Will-O-Wisp|p2a: Great Tusk|[miss]\n|-miss|p1a: Trevenant|p2a: Great Tusk\n|\n|upkeep\n|turn|17\n|\n|t:|1783800874\n|move|p2a: Great Tusk|Headlong Rush|p1a: Trevenant\n|-damage|p1a: Trevenant|1/100\n|-unboost|p2a: Great Tusk|def|1\n|-unboost|p2a: Great Tusk|spd|1\n|-enditem|p1a: Trevenant|Sitrus Berry|[eat]\n|-heal|p1a: Trevenant|26/100|[from] item: Sitrus Berry\n|move|p1a: Trevenant|Drain Punch|p2a: Great Tusk\n|-damage|p2a: Great Tusk|8/100\n|-heal|p1a: Trevenant|39/100|[from] drain|[of] p2a: Great Tusk\n|\n|upkeep\n|turn|18\n|\n|t:|1783800900\n|move|p2a: Great Tusk|Headlong Rush|p1a: Trevenant\n|-damage|p1a: Trevenant|0 fnt\n|-unboost|p2a: Great Tusk|def|1\n|-unboost|p2a: Great Tusk|spd|1\n|faint|p1a: Trevenant\n|\n|upkeep\n|\n|t:|1783800903\n|switch|p1a: Scizor|Scizor, M|8/100\n|turn|19\n|\n|t:|1783800904\n|move|p1a: Scizor|Bullet Punch|p2a: Great Tusk\n|-damage|p2a: Great Tusk|0 fnt\n|faint|p2a: Great Tusk\n|-end|p2a: Great Tusk|Protosynthesis|[silent]\n|\n|upkeep\n|\n|t:|1783800904\n|switch|p2a: Corviknight|Corviknight, M|84/100\n|-ability|p2a: Corviknight|Pressure\n|turn|20\n|\n|t:|1783800906\n|switch|p1a: Komala|Komala, M|100/100\n|-ability|p1a: Komala|Comatose\n|move|p2a: Corviknight|Body Press|p1a: Komala\n|-supereffective|p1a: Komala\n|-damage|p1a: Komala|0 fnt\n|faint|p1a: Komala\n|\n|-heal|p2a: Corviknight|90/100|[from] item: Leftovers\n|upkeep\n|\n|t:|1783800909\n|switch|p1a: Darkrai|Darkrai|20/100\n|turn|21\n|\n|t:|1783800911\n|move|p1a: Darkrai|Ice Beam|p2a: Corviknight\n|-damage|p2a: Corviknight|55/100\n|move|p2a: Corviknight|Body Press|p1a: Darkrai\n|-supereffective|p1a: Darkrai\n|-damage|p1a: Darkrai|0 fnt\n|faint|p1a: Darkrai\n|\n|-heal|p2a: Corviknight|62/100|[from] item: Leftovers\n|upkeep\n|\n|t:|1783800915\n|switch|p1a: Blissey|Blissey, F|100/100\n|turn|22\n|\n|t:|1783800916\n|move|p2a: Corviknight|Body Press|p1a: Blissey\n|-supereffective|p1a: Blissey\n|-damage|p1a: Blissey|0 fnt\n|faint|p1a: Blissey\n|\n|-heal|p2a: Corviknight|68/100|[from] item: Leftovers\n|upkeep\n|\n|t:|1783800922\n|switch|p1a: Scizor|Scizor, M|8/100\n|turn|23\n|\n|t:|1783800924\n|move|p2a: Corviknight|Body Press|p1a: Scizor\n|-damage|p1a: Scizor|0 fnt\n|faint|p1a: Scizor\n|\n|win|OUBotBeepBoop\n|raw|go faster ffs's rating: 1204 &rarr; <strong>1177</strong><br />(-27 for losing)\n|raw|OUBotBeepBoop's rating: 1179 &rarr; <strong>1206</strong><br />(+27 for winning)\n|l|☆go faster ffs\n|player|p1|\n|l|☆OUBotBeepBoop\n|player|p2|\n", "uploadtime": 1783801281, "views": 6, "formatid": "gen9ou", "rating": 1177, "private": 0, "password": null}