{"id": "gen9ou-2639307571", "format": "[Gen 9] OU", "players": ["Player UNOWN", "rudeus greyat"], "log": "|j|☆Player UNOWN\n|j|☆rudeus greyat\n|t:|1782450022\n|gametype|singles\n|player|p1|Player UNOWN|scientist-gen4|1093\n|player|p2|rudeus greyat|giovanni|1123\n|gen|9\n|tier|[Gen 9] OU\n|rated|\n|rule|HP Percentage Mod: HP is shown in percentages\n|rule|Endless Battle Clause: Forcing endless battles is banned\n|rule|Species Clause: Limit one of each Pokémon\n|rule|OHKO Clause: OHKO moves are banned\n|rule|Evasion Items Clause: Evasion items are banned\n|rule|Evasion Moves Clause: Evasion moves are banned\n|rule|Evasion Abilities Clause: Evasion abilities are banned\n|rule|Sleep Moves Clause: Sleep-inducing moves are banned\n|clearpoke\n|poke|p1|Hippowdon, M|\n|poke|p1|Tyranitar, M|\n|poke|p1|Scizor, M|\n|poke|p1|Golem-Alola, M|\n|poke|p1|Empoleon, M|\n|poke|p1|Gastrodon, F|\n|poke|p2|Volcanion|\n|poke|p2|Pelipper, M|\n|poke|p2|Iron Treads|\n|poke|p2|Dragapult, M|\n|poke|p2|Overqwil, M|\n|poke|p2|Iron Valiant|\n|teampreview\n|inactive|Battle timer is ON: inactive players will automatically lose when time's up. (requested by rudeus greyat)\n|\n|t:|1782450029\n|teamsize|p1|6\n|teamsize|p2|6\n|start\n|switch|p1a: Hippowdon|Hippowdon, M|100/100\n|switch|p2a: Pelipper|Pelipper, M, shiny|100/100\n|-weather|RainDance|[from] ability: Drizzle|[of] p2a: Pelipper\n|-weather|Sandstorm|[from] ability: Sand Stream|[of] p1a: Hippowdon\n|turn|1\n|\n|t:|1782450043\n|switch|p2a: Volcanion|Volcanion|100/100\n|move|p1a: Hippowdon|Stealth Rock|p2a: Volcanion\n|-sidestart|p2: rudeus greyat|move: Stealth Rock\n|\n|-weather|Sandstorm|[upkeep]\n|-damage|p2a: Volcanion|94/100|[from] Sandstorm\n|upkeep\n|turn|2\n|\n|t:|1782450052\n|switch|p2a: Pelipper|Pelipper, M, shiny|100/100\n|-damage|p2a: Pelipper|76/100|[from] Stealth Rock\n|-weather|RainDance|[from] ability: Drizzle|[of] p2a: Pelipper\n|switch|p1a: Gastrodon|Gastrodon, F|100/100\n|\n|-weather|RainDance|[upkeep]\n|upkeep\n|turn|3\n|\n|t:|1782450066\n|move|p2a: Pelipper|Hurricane|p1a: Gastrodon\n|-damage|p1a: Gastrodon|61/100\n|-start|p1a: Gastrodon|confusion\n|-activate|p1a: Gastrodon|confusion\n|-damage|p1a: Gastrodon|54/100|[from] confusion\n|\n|-weather|RainDance|[upkeep]\n|upkeep\n|turn|4\n|\n|t:|1782450075\n|move|p2a: Pelipper|Hurricane|p1a: Gastrodon\n|-damage|p1a: Gastrodon|13/100\n|-end|p1a: Gastrodon|confusion\n|move|p1a: Gastrodon|Recover|p1a: Gastrodon\n|-heal|p1a: Gastrodon|63/100\n|\n|-weather|RainDance|[upkeep]\n|upkeep\n|turn|5\n|\n|t:|1782450084\n|move|p2a: Pelipper|Hurricane|p1a: Gastrodon\n|-crit|p1a: Gastrodon\n|-damage|p1a: Gastrodon|1/100\n|move|p1a: Gastrodon|Recover|p1a: Gastrodon\n|-heal|p1a: Gastrodon|51/100\n|\n|-weather|RainDance|[upkeep]\n|upkeep\n|turn|6\n|\n|t:|1782450093\n|move|p2a: Pelipper|Hurricane|p1a: Gastrodon\n|-damage|p1a: Gastrodon|14/100\n|move|p1a: Gastrodon|Recover|p1a: Gastrodon\n|-heal|p1a: Gastrodon|64/100\n|\n|-weather|RainDance|[upkeep]\n|upkeep\n|turn|7\n|\n|t:|1782450102\n|switch|p1a: Hippowdon|Hippowdon, M|100/100\n|-weather|Sandstorm|[from] ability: Sand Stream|[of] p1a: Hippowdon\n|move|p2a: Pelipper|Hurricane|p1a: Hippowdon|[miss]\n|-miss|p2a: Pelipper|p1a: Hippowdon\n|\n|-weather|Sandstorm|[upkeep]\n|-damage|p2a: Pelipper|69/100|[from] Sandstorm\n|upkeep\n|turn|8\n|\n|t:|1782450112\n|move|p2a: Pelipper|U-turn|p1a: Hippowdon\n|-damage|p1a: Hippowdon|95/100\n|-damage|p2a: Pelipper|53/100|[from] item: Rocky Helmet|[of] p1a: Hippowdon\n|\n|t:|1782450129\n|switch|p2a: Iron Valiant|Iron Valiant, shiny|100/100|[from] U-turn\n|-damage|p2a: Iron Valiant|94/100|[from] Stealth Rock\n|move|p1a: Hippowdon|Whirlwind|p2a: Iron Valiant\n|-end|p2a: Iron Valiant|Quark Drive|[silent]\n|drag|p2a: Volcanion|Volcanion|94/100\n|-damage|p2a: Volcanion|70/100|[from] Stealth Rock\n|\n|-weather|Sandstorm|[upkeep]\n|-damage|p2a: Volcanion|64/100|[from] Sandstorm\n|upkeep\n|turn|9\n|\n|t:|1782450145\n|switch|p2a: Pelipper|Pelipper, M, shiny|53/100\n|-damage|p2a: Pelipper|28/100|[from] Stealth Rock\n|-weather|RainDance|[from] ability: Drizzle|[of] p2a: Pelipper\n|switch|p1a: Gastrodon|Gastrodon, F|64/100\n|\n|-weather|RainDance|[upkeep]\n|upkeep\n|turn|10\n|\n|t:|1782450155\n|move|p2a: Pelipper|Hurricane|p1a: Gastrodon\n|-damage|p1a: Gastrodon|24/100\n|move|p1a: Gastrodon|Ice Beam|p2a: Pelipper\n|-damage|p2a: Pelipper|0 fnt\n|faint|p2a: Pelipper\n|\n|-weather|RainDance|[upkeep]\n|upkeep\n|\n|t:|1782450161\n|switch|p2a: Iron Treads|Iron Treads, shiny|100/100\n|-damage|p2a: Iron Treads|97/100|[from] Stealth Rock\n|-enditem|p2a: Iron Treads|Booster Energy\n|-activate|p2a: Iron Treads|ability: Quark Drive|[fromitem]\n|-start|p2a: Iron Treads|quarkdrivespe\n|turn|11\n|\n|t:|1782450170\n|move|p2a: Iron Treads|Rapid Spin|p1a: Gastrodon\n|-crit|p1a: Gastrodon\n|-damage|p1a: Gastrodon|8/100\n|-boost|p2a: Iron Treads|spe|1\n|-damage|p2a: Iron Treads|81/100|[from] item: Rocky Helmet|[of] p1a: Gastrodon\n|-sideend|p2: rudeus greyat|Stealth Rock|[from] move: Rapid Spin|[of] p2a: Iron Treads\n|move|p1a: Gastrodon|Recover|p1a: Gastrodon\n|-heal|p1a: Gastrodon|58/100\n|\n|-weather|RainDance|[upkeep]\n|upkeep\n|turn|12\n|\n|t:|1782450180\n|move|p2a: Iron Treads|Earth Power|p1a: Gastrodon\n|-damage|p1a: Gastrodon|33/100\n|move|p1a: Gastrodon|Recover|p1a: Gastrodon\n|-heal|p1a: Gastrodon|83/100\n|\n|-weather|RainDance|[upkeep]\n|upkeep\n|turn|13\n|\n|t:|1782450196\n|-end|p2a: Iron Treads|Quark Drive|[silent]\n|switch|p2a: Dragapult|Dragapult, M, shiny|100/100\n|move|p1a: Gastrodon|Recover|p1a: Gastrodon\n|-heal|p1a: Gastrodon|100/100\n|\n|-weather|RainDance|[upkeep]\n|upkeep\n|turn|14\n|\n|t:|1782450204\n|move|p2a: Dragapult|Will-O-Wisp|p1a: Gastrodon\n|-status|p1a: Gastrodon|brn\n|move|p1a: Gastrodon|Ice Beam|p2a: Dragapult\n|-supereffective|p2a: Dragapult\n|-damage|p2a: Dragapult|50/100\n|\n|-weather|RainDance|[upkeep]\n|-damage|p1a: Gastrodon|94/100 brn|[from] brn\n|upkeep\n|turn|15\n|\n|t:|1782450214\n|switch|p2a: Volcanion|Volcanion|64/100\n|move|p1a: Gastrodon|Ice Beam|p2a: Volcanion\n|-resisted|p2a: Volcanion\n|-damage|p2a: Volcanion|59/100\n|\n|-weather|RainDance|[upkeep]\n|-damage|p1a: Gastrodon|88/100 brn|[from] brn\n|upkeep\n|turn|16\n|\n|t:|1782450229\n|switch|p2a: Dragapult|Dragapult, M, shiny|50/100\n|move|p1a: Gastrodon|Earth Power|p2a: Dragapult\n|-damage|p2a: Dragapult|10/100\n|\n|-weather|none\n|-damage|p1a: Gastrodon|82/100 brn|[from] brn\n|upkeep\n|turn|17\n|\n|t:|1782450240\n|move|p2a: Dragapult|Dragon Darts|p1a: Gastrodon\n|-damage|p1a: Gastrodon|50/100 brn\n|-anim|p2a: Dragapult|Dragon Darts|p1a: Gastrodon\n|-damage|p1a: Gastrodon|16/100 brn\n|move|p1a: Gastrodon|Ice Beam|p2a: Dragapult\n|-supereffective|p2a: Dragapult\n|-damage|p2a: Dragapult|0 fnt\n|faint|p2a: Dragapult\n|\n|-damage|p1a: Gastrodon|10/100 brn|[from] brn\n|upkeep\n|\n|t:|1782450251\n|switch|p2a: Iron Valiant|Iron Valiant, shiny|94/100\n|turn|18\n|\n|t:|1782450261\n|move|p2a: Iron Valiant|Moonblast|p1a: Gastrodon\n|-damage|p1a: Gastrodon|0 fnt\n|faint|p1a: Gastrodon\n|\n|upkeep\n|\n|t:|1782450266\n|switch|p1a: Scizor|Scizor, M|100/100\n|turn|19\n|\n|t:|1782450284\n|-end|p2a: Iron Valiant|Quark Drive|[silent]\n|switch|p2a: Iron Treads|Iron Treads, shiny|81/100\n|move|p1a: Scizor|Swords Dance|p1a: Scizor\n|-boost|p1a: Scizor|atk|2\n|\n|upkeep\n|turn|20\n|\n|t:|1782450292\n|move|p2a: Iron Treads|Earth Power|p1a: Scizor\n|-damage|p1a: Scizor|50/100\n|move|p1a: Scizor|Knock Off|p2a: Iron Treads\n|-damage|p2a: Iron Treads|36/100\n|\n|upkeep\n|turn|21\n|\n|t:|1782450300\n|move|p1a: Scizor|Bullet Punch|p2a: Iron Treads\n|-resisted|p2a: Iron Treads\n|-damage|p2a: Iron Treads|6/100\n|move|p2a: Iron Treads|Earth Power|p1a: Scizor\n|-damage|p1a: Scizor|7/100\n|\n|upkeep\n|turn|22\n|\n|t:|1782450307\n|move|p1a: Scizor|Bullet Punch|p2a: Iron Treads\n|-resisted|p2a: Iron Treads\n|-damage|p2a: Iron Treads|0 fnt\n|faint|p2a: Iron Treads\n|-end|p2a: Iron Treads|Quark Drive|[silent]\n|\n|upkeep\n|\n|t:|1782450311\n|switch|p2a: Iron Valiant|Iron Valiant, shiny|94/100\n|turn|23\n|\n|t:|1782450315\n|move|p2a: Iron Valiant|Vacuum Wave|p1a: Scizor\n|-damage|p1a: Scizor|0 fnt\n|faint|p1a: Scizor\n|\n|upkeep\n|\n|t:|1782450323\n|switch|p1a: Golem|Golem-Alola, M|100/100\n|turn|24\n|\n|t:|1782450341\n|move|p2a: Iron Valiant|Vacuum Wave|p1a: Golem\n|-supereffective|p1a: Golem\n|-damage|p1a: Golem|47/100\n|move|p1a: Golem|Explosion|p2a: Iron Valiant\n|-damage|p2a: Iron Valiant|0 fnt\n|faint|p1a: Golem\n|faint|p2a: Iron Valiant\n|-end|p2a: Iron Valiant|Quark Drive|[silent]\n|\n|upkeep\n|\n|t:|1782450350\n|switch|p2a: Overqwil|Overqwil, M, shiny|100/100\n|switch|p1a: Tyranitar|Tyranitar, M|100/100\n|-weather|Sandstorm|[from] ability: Sand Stream|[of] p1a: Tyranitar\n|turn|25\n|\n|t:|1782450364\n|-terastallize|p1a: Tyranitar|Electric\n|move|p2a: Overqwil|Swords Dance|p2a: Overqwil\n|-boost|p2a: Overqwil|atk|2\n|move|p1a: Tyranitar|Knock Off|p2a: Overqwil\n|-resisted|p2a: Overqwil\n|-damage|p2a: Overqwil|66/100\n|-enditem|p2a: Overqwil|Life Orb|[from] move: Knock Off|[of] p1a: Tyranitar\n|\n|-weather|Sandstorm|[upkeep]\n|-damage|p2a: Overqwil|60/100|[from] Sandstorm\n|-damage|p1a: Tyranitar|94/100|[from] Sandstorm\n|upkeep\n|turn|26\n|\n|t:|1782450377\n|move|p2a: Overqwil|Gunk Shot|p1a: Tyranitar\n|-damage|p1a: Tyranitar|0 fnt\n|faint|p1a: Tyranitar\n|\n|-weather|Sandstorm|[upkeep]\n|-damage|p2a: Overqwil|54/100|[from] Sandstorm\n|upkeep\n|\n|t:|1782450385\n|switch|p1a: Hippowdon|Hippowdon, M|95/100\n|turn|27\n|\n|t:|1782450391\n|move|p2a: Overqwil|Liquidation|p1a: Hippowdon\n|-supereffective|p1a: Hippowdon\n|-damage|p1a: Hippowdon|16/100\n|-damage|p2a: Overqwil|37/100|[from] item: Rocky Helmet|[of] p1a: Hippowdon\n|move|p1a: Hippowdon|Earthquake|p2a: Overqwil\n|-supereffective|p2a: Overqwil\n|-damage|p2a: Overqwil|0 fnt\n|faint|p2a: Overqwil\n|\n|-weather|Sandstorm|[upkeep]\n|upkeep\n|\n|t:|1782450395\n|switch|p2a: Volcanion|Volcanion|59/100\n|turn|28\n|\n|t:|1782450404\n|move|p2a: Volcanion|Earth Power|p1a: Hippowdon\n|-damage|p1a: Hippowdon|0 fnt\n|faint|p1a: Hippowdon\n|\n|-weather|Sandstorm|[upkeep]\n|-damage|p2a: Volcanion|53/100|[from] Sandstorm\n|upkeep\n|\n|t:|1782450411\n|switch|p1a: Empoleon|Empoleon, M|100/100\n|turn|29\n|\n|t:|1782450419\n|move|p2a: Volcanion|Earth Power|p1a: Empoleon\n|-supereffective|p1a: Empoleon\n|-damage|p1a: Empoleon|19/100\n|move|p1a: Empoleon|Ice Beam|p2a: Volcanion\n|-resisted|p2a: Volcanion\n|-damage|p2a: Volcanion|47/100\n|\n|-weather|none\n|upkeep\n|turn|30\n|\n|t:|1782450428\n|move|p2a: Volcanion|Earth Power|p1a: Empoleon\n|-supereffective|p1a: Empoleon\n|-damage|p1a: Empoleon|0 fnt\n|faint|p1a: Empoleon\n|\n|win|rudeus greyat\n|raw|Player UNOWN's rating: 1093 &rarr; <strong>1071</strong><br />(-22 for losing)\n|raw|rudeus greyat's rating: 1123 &rarr; <strong>1146</strong><br />(+23 for winning)\n|l|☆Player UNOWN\n|player|p1|\n|l|☆rudeus greyat\n|player|p2|\n", "uploadtime": 1782450719, "views": 2, "formatid": "gen9ou", "rating": 1071, "private": 0, "password": null}