{"id": "gen9ou-2540929629", "format": "[Gen 9] OU", "players": ["dracula drip", "alakazam darnold"], "log": "|j|☆dracula drip\n|j|‽alakazam darnold\n|t:|1771268153\n|gametype|singles\n|player|p1|dracula drip|iris-gen5bw2|1607\n|player|p2|alakazam darnold|li|1670\n|gen|9\n|tier|[Gen 9] OU\n|rated|\n|rule|HP Percentage Mod: HP is shown in percentages\n|rule|Endless Battle Clause: Forcing endless battles is banned\n|rule|Species Clause: Limit one of each Pokémon\n|rule|OHKO Clause: OHKO moves are banned\n|rule|Evasion Items Clause: Evasion items are banned\n|rule|Evasion Moves Clause: Evasion moves are banned\n|rule|Evasion Abilities Clause: Evasion abilities are banned\n|rule|Sleep Moves Clause: Sleep-inducing moves are banned\n|clearpoke\n|poke|p1|Goodra-Hisui, F|\n|poke|p1|Pelipper, M|\n|poke|p1|Iron Treads|\n|poke|p1|Barraskewda, M|\n|poke|p1|Kingdra, M|\n|poke|p1|Iron Valiant|\n|poke|p2|Ninetales-Alola, M|\n|poke|p2|Raging Bolt|\n|poke|p2|Glimmora, F|\n|poke|p2|Kingambit, F|\n|poke|p2|Latias, F|\n|poke|p2|Ceruledge, F|\n|teampreview\n|inactive|Battle timer is ON: inactive players will automatically lose when time's up. (requested by dracula drip)\n|\n|t:|1771268178\n|teamsize|p1|6\n|teamsize|p2|6\n|start\n|switch|p1a: Iron Treads|Iron Treads|100/100\n|switch|p2a: Glimmora|Glimmora, F|100/100\n|-enditem|p1a: Iron Treads|Booster Energy\n|-activate|p1a: Iron Treads|ability: Quark Drive|[fromitem]\n|-start|p1a: Iron Treads|quarkdrivespe\n|turn|1\n|\n|t:|1771268191\n|move|p1a: Iron Treads|Earthquake|p2a: Glimmora\n|-supereffective|p2a: Glimmora\n|-enditem|p2a: Glimmora|Focus Sash\n|-damage|p2a: Glimmora|1/100\n|-activate|p2a: Glimmora|ability: Toxic Debris\n|-sidestart|p1: dracula drip|move: Toxic Spikes\n|move|p2a: Glimmora|Stealth Rock|p1a: Iron Treads\n|-sidestart|p1: dracula drip|move: Stealth Rock\n|\n|upkeep\n|turn|2\n|\n|t:|1771268196\n|-terastallize|p2a: Glimmora|Ghost\n|move|p1a: Iron Treads|Rapid Spin|p2a: Glimmora\n|-immune|p2a: Glimmora\n|move|p2a: Glimmora|Earth Power|p1a: Iron Treads\n|-supereffective|p1a: Iron Treads\n|-damage|p1a: Iron Treads|21/100\n|\n|upkeep\n|turn|3\n|\n|t:|1771268200\n|move|p1a: Iron Treads|Earthquake|p2a: Glimmora\n|-damage|p2a: Glimmora|0 fnt\n|-activate|p2a: Glimmora|ability: Toxic Debris\n|-sidestart|p1: dracula drip|move: Toxic Spikes\n|faint|p2a: Glimmora\n|\n|upkeep\n|\n|t:|1771268211\n|switch|p2a: Kingambit|Kingambit, F|100/100\n|-activate|p2a: Kingambit|ability: Supreme Overlord\n|-start|p2a: Kingambit|fallen1|[silent]\n|turn|4\n|\n|t:|1771268217\n|move|p2a: Kingambit|Sucker Punch||[still]\n|-fail|p2a: Kingambit\n|move|p1a: Iron Treads|Stealth Rock|p2a: Kingambit\n|-sidestart|p2: alakazam darnold|move: Stealth Rock\n|\n|upkeep\n|turn|5\n|\n|t:|1771268222\n|move|p2a: Kingambit|Sucker Punch|p1a: Iron Treads\n|-damage|p1a: Iron Treads|0 fnt\n|faint|p1a: Iron Treads\n|-end|p1a: Iron Treads|Quark Drive|[silent]\n|\n|upkeep\n|\n|t:|1771268225\n|switch|p1a: Iron Valiant|Iron Valiant|100/100\n|-status|p1a: Iron Valiant|tox\n|-damage|p1a: Iron Valiant|94/100 tox|[from] Stealth Rock\n|-enditem|p1a: Iron Valiant|Booster Energy\n|-activate|p1a: Iron Valiant|ability: Quark Drive|[fromitem]\n|-start|p1a: Iron Valiant|quarkdrivespe\n|turn|6\n|\n|t:|1771268237\n|-end|p2a: Kingambit|fallen1|[silent]\n|switch|p2a: Ninetales|Ninetales-Alola, M|100/100\n|-damage|p2a: Ninetales|75/100|[from] Stealth Rock\n|-weather|Snowscape|[from] ability: Snow Warning|[of] p2a: Ninetales\n|move|p1a: Iron Valiant|Knock Off|p2a: Ninetales\n|-resisted|p2a: Ninetales\n|-damage|p2a: Ninetales|60/100\n|-enditem|p2a: Ninetales|Light Clay|[from] move: Knock Off|[of] p1a: Iron Valiant\n|\n|-weather|Snowscape|[upkeep]\n|-damage|p1a: Iron Valiant|88/100 tox|[from] psn\n|upkeep\n|turn|7\n|\n|t:|1771268240\n|move|p1a: Iron Valiant|Moonblast|p2a: Ninetales\n|-damage|p2a: Ninetales|14/100\n|move|p2a: Ninetales|Aurora Veil|p2a: Ninetales\n|-sidestart|p2: alakazam darnold|move: Aurora Veil\n|\n|-weather|Snowscape|[upkeep]\n|-damage|p1a: Iron Valiant|76/100 tox|[from] psn\n|upkeep\n|turn|8\n|\n|t:|1771268244\n|move|p1a: Iron Valiant|Moonblast|p2a: Ninetales\n|-damage|p2a: Ninetales|0 fnt\n|faint|p2a: Ninetales\n|\n|-weather|Snowscape|[upkeep]\n|-damage|p1a: Iron Valiant|57/100 tox|[from] psn\n|upkeep\n|\n|t:|1771268246\n|switch|p2a: Latias|Latias, F|100/100\n|-damage|p2a: Latias|88/100|[from] Stealth Rock\n|turn|9\n|\n|t:|1771268253\n|move|p1a: Iron Valiant|Close Combat|p2a: Latias\n|-resisted|p2a: Latias\n|-damage|p2a: Latias|76/100\n|-unboost|p1a: Iron Valiant|def|1\n|-unboost|p1a: Iron Valiant|spd|1\n|move|p2a: Latias|Agility|p2a: Latias\n|-boost|p2a: Latias|spe|2\n|\n|-weather|Snowscape|[upkeep]\n|-damage|p1a: Iron Valiant|32/100 tox|[from] psn\n|upkeep\n|turn|10\n|\n|t:|1771268257\n|move|p1a: Iron Valiant|Encore|p2a: Latias\n|-start|p2a: Latias|Encore\n|move|p2a: Latias|Agility|p2a: Latias\n|-boost|p2a: Latias|spe|2\n|\n|-weather|none\n|-damage|p1a: Iron Valiant|1/100 tox|[from] psn\n|upkeep\n|turn|11\n|\n|t:|1771268268\n|move|p2a: Latias|Agility|p2a: Latias\n|-boost|p2a: Latias|spe|2\n|move|p1a: Iron Valiant|Moonblast|p2a: Latias\n|-supereffective|p2a: Latias\n|-damage|p2a: Latias|46/100\n|-unboost|p2a: Latias|spa|1\n|-enditem|p2a: Latias|Weakness Policy\n|-boost|p2a: Latias|atk|2|[from] item: Weakness Policy\n|-boost|p2a: Latias|spa|2|[from] item: Weakness Policy\n|\n|-damage|p1a: Iron Valiant|0 fnt|[from] psn\n|faint|p1a: Iron Valiant\n|-end|p1a: Iron Valiant|Quark Drive|[silent]\n|-sideend|p2: alakazam darnold|move: Aurora Veil\n|upkeep\n|\n|t:|1771268272\n|switch|p1a: Kingdra|Kingdra, M|100/100\n|-status|p1a: Kingdra|tox\n|-damage|p1a: Kingdra|88/100 tox|[from] Stealth Rock\n|turn|12\n|\n|t:|1771268277\n|move|p2a: Latias|Agility|p2a: Latias\n|-boost|p2a: Latias|spe|0\n|move|p1a: Kingdra|Draco Meteor|p2a: Latias\n|-supereffective|p2a: Latias\n|-damage|p2a: Latias|0 fnt\n|-unboost|p1a: Kingdra|spa|2\n|faint|p2a: Latias\n|\n|-damage|p1a: Kingdra|82/100 tox|[from] psn\n|upkeep\n|\n|t:|1771268286\n|switch|p2a: Raging Bolt|Raging Bolt|100/100\n|-damage|p2a: Raging Bolt|88/100|[from] Stealth Rock\n|-enditem|p2a: Raging Bolt|Booster Energy\n|-activate|p2a: Raging Bolt|ability: Protosynthesis|[fromitem]\n|-start|p2a: Raging Bolt|protosynthesisspa\n|turn|13\n|\n|t:|1771268289\n|move|p1a: Kingdra|Draco Meteor|p2a: Raging Bolt\n|-supereffective|p2a: Raging Bolt\n|-damage|p2a: Raging Bolt|9/100\n|-unboost|p1a: Kingdra|spa|2\n|move|p2a: Raging Bolt|Calm Mind|p2a: Raging Bolt\n|-boost|p2a: Raging Bolt|spa|1\n|-boost|p2a: Raging Bolt|spd|1\n|\n|-damage|p1a: Kingdra|70/100 tox|[from] psn\n|upkeep\n|turn|14\n|\n|t:|1771268296\n|move|p2a: Raging Bolt|Thunderclap|p1a: Kingdra\n|-damage|p1a: Kingdra|0 fnt\n|faint|p1a: Kingdra\n|\n|upkeep\n|\n|t:|1771268298\n|switch|p1a: Goodra|Goodra-Hisui, F|100/100\n|-damage|p1a: Goodra|94/100|[from] Stealth Rock\n|turn|15\n|\n|t:|1771268305\n|move|p2a: Raging Bolt|Dragon Pulse|p1a: Goodra\n|-damage|p1a: Goodra|61/100\n|move|p1a: Goodra|Knock Off|p2a: Raging Bolt\n|-damage|p2a: Raging Bolt|0 fnt\n|faint|p2a: Raging Bolt\n|-end|p2a: Raging Bolt|Protosynthesis|[silent]\n|\n|upkeep\n|\n|t:|1771268314\n|switch|p2a: Ceruledge|Ceruledge, F|100/100\n|-damage|p2a: Ceruledge|76/100|[from] Stealth Rock\n|turn|16\n|\n|t:|1771268319\n|move|p2a: Ceruledge|Bulk Up|p2a: Ceruledge\n|-boost|p2a: Ceruledge|atk|1\n|-boost|p2a: Ceruledge|def|1\n|move|p1a: Goodra|Earthquake|p2a: Ceruledge\n|-supereffective|p2a: Ceruledge\n|-damage|p2a: Ceruledge|37/100\n|\n|upkeep\n|turn|17\n|\n|t:|1771268323\n|switch|p1a: Pelipper|Pelipper, M|100/100\n|-damage|p1a: Pelipper|75/100|[from] Stealth Rock\n|-weather|RainDance|[from] ability: Drizzle|[of] p1a: Pelipper\n|move|p2a: Ceruledge|Bitter Blade|p1a: Pelipper\n|-resisted|p1a: Pelipper\n|-damage|p1a: Pelipper|65/100\n|-heal|p2a: Ceruledge|42/100|[from] drain|[of] p1a: Pelipper\n|\n|-weather|RainDance|[upkeep]\n|upkeep\n|turn|18\n|\n|t:|1771268334\n|move|p2a: Ceruledge|Shadow Sneak|p1a: Pelipper\n|-damage|p1a: Pelipper|46/100\n|move|p1a: Pelipper|Surf|p2a: Ceruledge\n|-supereffective|p2a: Ceruledge\n|-damage|p2a: Ceruledge|0 fnt\n|faint|p2a: Ceruledge\n|\n|-weather|RainDance|[upkeep]\n|upkeep\n|\n|t:|1771268337\n|switch|p2a: Kingambit|Kingambit, F|100/100\n|-damage|p2a: Kingambit|94/100|[from] Stealth Rock\n|-activate|p2a: Kingambit|ability: Supreme Overlord\n|-start|p2a: Kingambit|fallen5|[silent]\n|turn|19\n|\n|t:|1771268347\n|move|p2a: Kingambit|Sucker Punch|p1a: Pelipper\n|-damage|p1a: Pelipper|0 fnt\n|faint|p1a: Pelipper\n|\n|-weather|RainDance|[upkeep]\n|upkeep\n|\n|t:|1771268351\n|switch|p1a: Barraskewda|Barraskewda, M|100/100\n|-status|p1a: Barraskewda|tox\n|-damage|p1a: Barraskewda|88/100 tox|[from] Stealth Rock\n|turn|20\n|\n|t:|1771268363\n|-terastallize|p1a: Barraskewda|Water\n|move|p1a: Barraskewda|Aqua Jet|p2a: Kingambit\n|-damage|p2a: Kingambit|34/100\n|move|p2a: Kingambit|Kowtow Cleave|p1a: Barraskewda\n|-damage|p1a: Barraskewda|0 fnt\n|faint|p1a: Barraskewda\n|\n|-weather|RainDance|[upkeep]\n|upkeep\n|\n|t:|1771268365\n|switch|p1a: Goodra|Goodra-Hisui, F|61/100\n|-damage|p1a: Goodra|55/100|[from] Stealth Rock\n|turn|21\n|\n|t:|1771268374\n|move|p2a: Kingambit|Low Kick|p1a: Goodra\n|-supereffective|p1a: Goodra\n|-damage|p1a: Goodra|0 fnt\n|faint|p1a: Goodra\n|\n|win|alakazam darnold\n|raw|dracula drip's rating: 1607 &rarr; <strong>1591</strong><br />(-16 for losing)\n|raw|alakazam darnold's rating: 1670 &rarr; <strong>1686</strong><br />(+16 for winning)\n|l|☆dracula drip\n|player|p1|\n|l|‽alakazam darnold\n|player|p2|\n", "uploadtime": 1771268508, "views": 3, "formatid": "gen9ou", "rating": 1591, "private": 0, "password": null}