{"id": "gen9ou-2639918406", "format": "[Gen 9] OU", "players": ["hyp4roffender", "AnOriginalName3"], "log": "|j|☆hyp4roffender\n|j|☆AnOriginalName3\n|t:|1782543204\n|gametype|singles\n|player|p1|hyp4roffender|1|1526\n|player|p2|AnOriginalName3|richboy-gen4|1529\n|gen|9\n|tier|[Gen 9] OU\n|rated|\n|rule|HP Percentage Mod: HP is shown in percentages\n|rule|Endless Battle Clause: Forcing endless battles is banned\n|rule|Species Clause: Limit one of each Pokémon\n|rule|OHKO Clause: OHKO moves are banned\n|rule|Evasion Items Clause: Evasion items are banned\n|rule|Evasion Moves Clause: Evasion moves are banned\n|rule|Evasion Abilities Clause: Evasion abilities are banned\n|rule|Sleep Moves Clause: Sleep-inducing moves are banned\n|clearpoke\n|poke|p1|Kingambit, M|\n|poke|p1|Kommo-o, F|\n|poke|p1|Iron Valiant|\n|poke|p1|Kyurem|\n|poke|p1|Iron Crown|\n|poke|p1|Iron Treads|\n|poke|p2|Dragalge, F|\n|poke|p2|Alomomola, M|\n|poke|p2|Great Tusk|\n|poke|p2|Corviknight, F|\n|poke|p2|Weavile, M|\n|poke|p2|Darkrai|\n|teampreview\n|\n|t:|1782543229\n|teamsize|p1|6\n|teamsize|p2|6\n|start\n|switch|p1a: Iron Treads|Iron Treads|100/100\n|switch|p2a: Darkrai|Darkrai|100/100\n|-enditem|p1a: Iron Treads|Booster Energy\n|-activate|p1a: Iron Treads|ability: Quark Drive|[fromitem]\n|-start|p1a: Iron Treads|quarkdrivespe\n|turn|1\n|\n|t:|1782543235\n|move|p1a: Iron Treads|Stealth Rock|p2a: Darkrai\n|-sidestart|p2: AnOriginalName3|move: Stealth Rock\n|move|p2a: Darkrai|Focus Blast|p1a: Iron Treads\n|-supereffective|p1a: Iron Treads\n|-damage|p1a: Iron Treads|0 fnt\n|faint|p1a: Iron Treads\n|-end|p1a: Iron Treads|Quark Drive|[silent]\n|\n|upkeep\n|\n|t:|1782543245\n|switch|p1a: Kommo-o|Kommo-o, F|100/100\n|turn|2\n|inactive|Battle timer is ON: inactive players will automatically lose when time's up. (requested by hyp4roffender)\n|\n|t:|1782543257\n|switch|p2a: Great Tusk|Great Tusk|100/100\n|move|p1a: Kommo-o|Substitute|p1a: Kommo-o\n|-start|p1a: Kommo-o|Substitute\n|-damage|p1a: Kommo-o|75/100\n|\n|-heal|p1a: Kommo-o|82/100|[from] item: Leftovers\n|upkeep\n|turn|3\n|\n|t:|1782543261\n|move|p2a: Great Tusk|Rapid Spin|p1a: Kommo-o\n|-activate|p1a: Kommo-o|move: Substitute|[damage]\n|-sideend|p2: AnOriginalName3|Stealth Rock|[from] move: Rapid Spin|[of] p2a: Great Tusk\n|-boost|p2a: Great Tusk|spe|1\n|move|p1a: Kommo-o|Clangorous Soul|p1a: Kommo-o\n|-boost|p1a: Kommo-o|atk|1\n|-boost|p1a: Kommo-o|def|1\n|-boost|p1a: Kommo-o|spa|1\n|-boost|p1a: Kommo-o|spd|1\n|-boost|p1a: Kommo-o|spe|1\n|-damage|p1a: Kommo-o|49/100\n|\n|-heal|p1a: Kommo-o|55/100|[from] item: Leftovers\n|upkeep\n|turn|4\n|\n|t:|1782543266\n|move|p2a: Great Tusk|Headlong Rush|p1a: Kommo-o\n|-end|p1a: Kommo-o|Substitute\n|-unboost|p2a: Great Tusk|def|1\n|-unboost|p2a: Great Tusk|spd|1\n|move|p1a: Kommo-o|Clangorous Soul|p1a: Kommo-o\n|-boost|p1a: Kommo-o|atk|1\n|-boost|p1a: Kommo-o|def|1\n|-boost|p1a: Kommo-o|spa|1\n|-boost|p1a: Kommo-o|spd|1\n|-boost|p1a: Kommo-o|spe|1\n|-damage|p1a: Kommo-o|22/100\n|\n|-heal|p1a: Kommo-o|28/100|[from] item: Leftovers\n|upkeep\n|turn|5\n|\n|t:|1782543268\n|move|p1a: Kommo-o|Drain Punch|p2a: Great Tusk\n|-damage|p2a: Great Tusk|40/100\n|-heal|p1a: Kommo-o|60/100|[from] drain|[of] p2a: Great Tusk\n|move|p2a: Great Tusk|Headlong Rush|p1a: Kommo-o\n|-damage|p1a: Kommo-o|36/100\n|-unboost|p2a: Great Tusk|def|1\n|-unboost|p2a: Great Tusk|spd|1\n|\n|-heal|p1a: Kommo-o|43/100|[from] item: Leftovers\n|upkeep\n|turn|6\n|\n|t:|1782543272\n|move|p1a: Kommo-o|Drain Punch|p2a: Great Tusk\n|-crit|p2a: Great Tusk\n|-damage|p2a: Great Tusk|0 fnt\n|-heal|p1a: Kommo-o|63/100|[from] drain|[of] p2a: Great Tusk\n|faint|p2a: Great Tusk\n|-end|p2a: Great Tusk|Protosynthesis|[silent]\n|\n|-heal|p1a: Kommo-o|70/100|[from] item: Leftovers\n|upkeep\n|\n|t:|1782543280\n|switch|p2a: Dragalge|Dragalge, F|100/100\n|turn|7\n|\n|t:|1782543302\n|move|p1a: Kommo-o|Drain Punch|p2a: Dragalge\n|-resisted|p2a: Dragalge\n|-damage|p2a: Dragalge|67/100\n|-heal|p1a: Kommo-o|84/100|[from] drain|[of] p2a: Dragalge\n|move|p2a: Dragalge|Sludge Bomb|p1a: Kommo-o\n|-immune|p1a: Kommo-o|[from] ability: Bulletproof\n|\n|-heal|p1a: Kommo-o|90/100|[from] item: Leftovers\n|upkeep\n|turn|8\n|c|☆AnOriginalName3|okay man\n|c|☆AnOriginalName3|bulletproof over soundproof on a sub set is crazy\n|-message|AnOriginalName3 forfeited.\n|\n|win|hyp4roffender\n|raw|hyp4roffender's rating: 1526 &rarr; <strong>1546</strong><br />(+20 for winning)\n|raw|AnOriginalName3's rating: 1529 &rarr; <strong>1509</strong><br />(-20 for losing)\n|l|☆AnOriginalName3\n|player|p2|\n|l|☆hyp4roffender\n|player|p1|\n", "uploadtime": 1782543477, "views": 10, "formatid": "gen9ou", "rating": 1509, "private": 0, "password": null}