{"id": "gen9ou-2647800135", "format": "[Gen 9] OU", "players": ["trash dz", "iloveskarmory"], "log": "|j|☆trash dz\n|j|‽iloveskarmory\n|t:|1783814836\n|gametype|singles\n|player|p1|trash dz|265|\n|player|p2|iloveskarmory|170|\n|gen|9\n|tier|[Gen 9] OU\n|rule|HP Percentage Mod: HP is shown in percentages\n|rule|Endless Battle Clause: Forcing endless battles is banned\n|rule|Species Clause: Limit one of each Pokémon\n|rule|OHKO Clause: OHKO moves are banned\n|rule|Evasion Items Clause: Evasion items are banned\n|rule|Evasion Moves Clause: Evasion moves are banned\n|rule|Evasion Abilities Clause: Evasion abilities are banned\n|rule|Sleep Moves Clause: Sleep-inducing moves are banned\n|clearpoke\n|poke|p1|Araquanid, F|\n|poke|p1|Raging Bolt|\n|poke|p1|Iron Moth|\n|poke|p1|Great Tusk|\n|poke|p1|Gholdengo|\n|poke|p1|Kingambit, M|\n|poke|p2|Ninetales-Alola, F|\n|poke|p2|Gliscor, M|\n|poke|p2|Kingambit, M|\n|poke|p2|Dragonite, M|\n|poke|p2|Hatterene, F|\n|poke|p2|Great Tusk|\n|teampreview\n|inactive|Battle timer is ON: inactive players will automatically lose when time's up. (requested by iloveskarmory)\n|j| SS aoi\n|inactive|trash dz has 270 seconds left.\n|\n|t:|1783814880\n|teamsize|p1|6\n|teamsize|p2|6\n|start\n|switch|p1a: Araquanid|Araquanid, F|100/100\n|switch|p2a: Ninetales|Ninetales-Alola, F|100/100\n|-weather|Snowscape|[from] ability: Snow Warning|[of] p2a: Ninetales\n|turn|1\n|\n|t:|1783814888\n|switch|p2a: Hatterene|Hatterene, F|100/100\n|move|p1a: Araquanid|Sticky Web|p2a: Hatterene\n|move|p2a: Hatterene|Sticky Web|p1a: Araquanid|[from] ability: Magic Bounce\n|-sidestart|p1: trash dz|move: Sticky Web\n|\n|-weather|Snowscape|[upkeep]\n|upkeep\n|turn|2\n|\n|t:|1783814898\n|switch|p1a: Kingambit|Kingambit, M|100/100\n|-item|p1a: Kingambit|Air Balloon\n|switch|p2a: Dragonite|Dragonite, M|100/100\n|\n|-weather|Snowscape|[upkeep]\n|upkeep\n|turn|3\n|j| RhydonJuansFan\n|\n|t:|1783814912\n|switch|p2a: Great Tusk|Great Tusk|100/100\n|move|p1a: Kingambit|Swords Dance|p1a: Kingambit\n|-boost|p1a: Kingambit|atk|2\n|\n|-weather|Snowscape|[upkeep]\n|upkeep\n|turn|4\n|\n|t:|1783814920\n|-end|p1a: Kingambit|fallenundefined|[silent]\n|switch|p1a: Gholdengo|Gholdengo|100/100\n|-item|p1a: Gholdengo|Air Balloon\n|move|p2a: Great Tusk|Close Combat|p1a: Gholdengo\n|-immune|p1a: Gholdengo\n|\n|-weather|Snowscape|[upkeep]\n|upkeep\n|turn|5\n|inactive|iloveskarmory has 270 seconds left.\n|c| RhydonJuansFan|aiiiin dz\n|c| RhydonJuansFan|Vaiii\n|inactive|iloveskarmory has 240 seconds left.\n|j| small apex\n|inactive|iloveskarmory has 210 seconds left.\n|inactive|iloveskarmory has 180 seconds left.\n|inactive|iloveskarmory has 150 seconds left.\n|inactive|iloveskarmory has 120 seconds left.\n|\n|t:|1783815117\n|move|p2a: Great Tusk|Ice Spinner|p1a: Gholdengo\n|-resisted|p1a: Gholdengo\n|-damage|p1a: Gholdengo|84/100\n|-enditem|p1a: Gholdengo|Air Balloon\n|move|p1a: Gholdengo|Nasty Plot|p1a: Gholdengo\n|-boost|p1a: Gholdengo|spa|2\n|\n|-weather|none\n|upkeep\n|turn|6\n|j| vini_koraidon\n|l| vini_koraidon\n|j| vini_koraidon\n|inactive|trash dz has 270 seconds left.\n|\n|t:|1783815168\n|-terastallize|p1a: Gholdengo|Fairy\n|move|p2a: Great Tusk|Headlong Rush|p1a: Gholdengo\n|-damage|p1a: Gholdengo|9/100\n|-unboost|p2a: Great Tusk|def|1\n|-unboost|p2a: Great Tusk|spd|1\n|-enditem|p2a: Great Tusk|Eject Pack\n|l| RhydonJuansFan\n|\n|t:|1783815181\n|-end|p2a: Great Tusk|Protosynthesis|[silent]\n|switch|p2a: Kingambit|Kingambit, M|100/100\n|move|p1a: Gholdengo|Shadow Ball|p2a: Kingambit\n|-resisted|p2a: Kingambit\n|-damage|p2a: Kingambit|61/100\n|-unboost|p2a: Kingambit|spd|1\n|-ability|p2a: Kingambit|Defiant|boost\n|-boost|p2a: Kingambit|atk|2\n|\n|upkeep\n|turn|7\n|j| RhydonJuansFan\n|inactive|trash dz has 240 seconds left.\n|\n|t:|1783815218\n|move|p1a: Gholdengo|Nasty Plot|p1a: Gholdengo\n|-boost|p1a: Gholdengo|spa|2\n|move|p2a: Kingambit|Iron Head|p1a: Gholdengo\n|-supereffective|p1a: Gholdengo\n|-damage|p1a: Gholdengo|0 fnt\n|faint|p1a: Gholdengo\n|\n|upkeep\n|\n|t:|1783815223\n|switch|p1a: Great Tusk|Great Tusk|100/100\n|-activate|p1a: Great Tusk|move: Sticky Web\n|-unboost|p1a: Great Tusk|spe|1\n|-enditem|p1a: Great Tusk|Booster Energy\n|-activate|p1a: Great Tusk|ability: Protosynthesis|[fromitem]\n|-start|p1a: Great Tusk|protosynthesisatk\n|turn|8\n|inactive|iloveskarmory has 120 seconds left.\n|\n|t:|1783815242\n|move|p2a: Kingambit|Sucker Punch|p1a: Great Tusk\n|-resisted|p1a: Great Tusk\n|-damage|p1a: Great Tusk|72/100\n|move|p1a: Great Tusk|Rapid Spin|p2a: Kingambit\n|-resisted|p2a: Kingambit\n|-damage|p2a: Kingambit|53/100\n|-boost|p1a: Great Tusk|spe|1\n|-sideend|p1: trash dz|Sticky Web|[from] move: Rapid Spin|[of] p1a: Great Tusk\n|\n|upkeep\n|turn|9\n|inactive|iloveskarmory has 120 seconds left.\n|c| SS aoi|tu e mt burro israel\n|c| SS aoi|pqp\n|inactive|trash dz has 240 seconds left.\n|\n|t:|1783815258\n|switch|p2a: Great Tusk|Great Tusk|100/100\n|move|p1a: Great Tusk|Headlong Rush|p2a: Great Tusk\n|-damage|p2a: Great Tusk|39/100\n|-unboost|p1a: Great Tusk|def|1\n|-unboost|p1a: Great Tusk|spd|1\n|\n|upkeep\n|turn|10\n|j| itsrazorr\n|inactive|trash dz has 240 seconds left.\n|\n|t:|1783815274\n|move|p1a: Great Tusk|Ice Spinner|p2a: Great Tusk\n|-supereffective|p2a: Great Tusk\n|-damage|p2a: Great Tusk|0 fnt\n|faint|p2a: Great Tusk\n|-end|p2a: Great Tusk|Protosynthesis|[silent]\n|\n|upkeep\n|inactive|iloveskarmory has 120 seconds left.\n|\n|t:|1783815290\n|switch|p2a: Ninetales|Ninetales-Alola, F|100/100\n|-weather|Snowscape|[from] ability: Snow Warning|[of] p2a: Ninetales\n|turn|11\n|\n|t:|1783815296\n|move|p2a: Ninetales|Moonblast|p1a: Great Tusk\n|-supereffective|p1a: Great Tusk\n|-damage|p1a: Great Tusk|0 fnt\n|faint|p1a: Great Tusk\n|-end|p1a: Great Tusk|Protosynthesis|[silent]\n|\n|-weather|Snowscape|[upkeep]\n|upkeep\n|inactive|trash dz has 240 seconds left.\n|\n|t:|1783815313\n|switch|p1a: Iron Moth|Iron Moth|100/100\n|-enditem|p1a: Iron Moth|Booster Energy\n|-activate|p1a: Iron Moth|ability: Quark Drive|[fromitem]\n|-start|p1a: Iron Moth|quarkdrivespa\n|turn|12\n|\n|t:|1783815322\n|switch|p2a: Kingambit|Kingambit, M|53/100\n|move|p1a: Iron Moth|Fiery Dance|p2a: Kingambit\n|-supereffective|p2a: Kingambit\n|-damage|p2a: Kingambit|0 fnt\n|faint|p2a: Kingambit\n|\n|-weather|Snowscape|[upkeep]\n|upkeep\n|\n|t:|1783815328\n|switch|p2a: Dragonite|Dragonite, M|100/100\n|turn|13\n|\n|t:|1783815340\n|-end|p1a: Iron Moth|Quark Drive|[silent]\n|switch|p1a: Araquanid|Araquanid, F|100/100\n|move|p2a: Dragonite|Dragon Dance|p2a: Dragonite\n|-boost|p2a: Dragonite|atk|1\n|-boost|p2a: Dragonite|spe|1\n|\n|-weather|Snowscape|[upkeep]\n|upkeep\n|turn|14\n|inactive|iloveskarmory has 150 seconds left.\n|\n|t:|1783815346\n|move|p2a: Dragonite|Dragon Dance|p2a: Dragonite\n|-boost|p2a: Dragonite|atk|1\n|-boost|p2a: Dragonite|spe|1\n|move|p1a: Araquanid|Liquidation|p2a: Dragonite\n|-resisted|p2a: Dragonite\n|-damage|p2a: Dragonite|89/100\n|\n|-weather|Snowscape|[upkeep]\n|upkeep\n|turn|15\n|c| small apex|Que foi aoi ele ganhou isso provavelmente\n|\n|t:|1783815353\n|move|p2a: Dragonite|Dragon Claw|p1a: Araquanid\n|-damage|p1a: Araquanid|7/100\n|move|p1a: Araquanid|Lunge|p2a: Dragonite\n|-resisted|p2a: Dragonite\n|-damage|p2a: Dragonite|77/100\n|-unboost|p2a: Dragonite|atk|1\n|\n|-weather|none\n|upkeep\n|turn|16\n|-enditem|p1a: Araquanid|Custap Berry|[eat]\n|-activate|p1a: Araquanid|item: Custap Berry|[consumed]\n|\n|t:|1783815371\n|move|p1a: Araquanid|Lunge|p2a: Dragonite\n|-resisted|p2a: Dragonite\n|-damage|p2a: Dragonite|66/100\n|-unboost|p2a: Dragonite|atk|1\n|move|p2a: Dragonite|Dragon Claw|p1a: Araquanid\n|-damage|p1a: Araquanid|0 fnt\n|faint|p1a: Araquanid\n|\n|upkeep\n|c| small apex|A foda\n|\n|t:|1783815385\n|switch|p1a: Kingambit|Kingambit, M|100/100\n|-activate|p1a: Kingambit|ability: Supreme Overlord\n|-start|p1a: Kingambit|fallen3|[silent]\n|-item|p1a: Kingambit|Air Balloon\n|turn|17\n|inactive|iloveskarmory has 180 seconds left.\n|\n|t:|1783815395\n|move|p2a: Dragonite|Fire Punch|p1a: Kingambit\n|-supereffective|p1a: Kingambit\n|-damage|p1a: Kingambit|51/100\n|-enditem|p1a: Kingambit|Air Balloon\n|move|p1a: Kingambit|Kowtow Cleave|p2a: Dragonite\n|-damage|p2a: Dragonite|0 fnt\n|faint|p2a: Dragonite\n|\n|upkeep\n|c| itsrazorr|Rocks\n|inactive|iloveskarmory has 180 seconds left.\n|\n|t:|1783815402\n|switch|p2a: Ninetales|Ninetales-Alola, F|100/100\n|-weather|Snowscape|[from] ability: Snow Warning|[of] p2a: Ninetales\n|turn|18\n|c| itsrazorr|Pq vc n jogou na minha conta?\n|\n|t:|1783815411\n|move|p2a: Ninetales|Aurora Veil|p2a: Ninetales\n|-sidestart|p2: iloveskarmory|move: Aurora Veil\n|move|p1a: Kingambit|Kowtow Cleave|p2a: Ninetales\n|-resisted|p2a: Ninetales\n|-crit|p2a: Ninetales\n|-damage|p2a: Ninetales|59/100\n|\n|-weather|Snowscape|[upkeep]\n|upkeep\n|turn|19\n|c| itsrazorr|Era pra ser eu ai 😭👆\n|inactive|trash dz has 240 seconds left.\n|\n|t:|1783815447\n|-end|p1a: Kingambit|fallen3|[silent]\n|switch|p1a: Raging Bolt|Raging Bolt|100/100\n|-enditem|p1a: Raging Bolt|Booster Energy\n|-activate|p1a: Raging Bolt|ability: Protosynthesis|[fromitem]\n|-start|p1a: Raging Bolt|protosynthesisspa\n|move|p2a: Ninetales|Moonblast|p1a: Raging Bolt\n|-supereffective|p1a: Raging Bolt\n|-damage|p1a: Raging Bolt|48/100\n|\n|-weather|Snowscape|[upkeep]\n|upkeep\n|turn|20\n|c| small apex|Eu joguei\n|inactive|trash dz has 240 seconds left.\n|c| small apex|Mais vc foi contra o vinizin\n|c| small apex|Já tinha ganhou a battle\n|c| small apex|Seu troll\n|c| small apex|Ganhei por timer\n|c| small apex|Kkkkkk\n|inactive|iloveskarmory has 180 seconds left.\n|c| itsrazorr|Pdp\n|c| itsrazorr|Eu tive q sair\n|l| RhydonJuansFan\n|j| RhydonJuansFan\n|inactive|iloveskarmory has 150 seconds left.\n|\n|t:|1783815523\n|move|p1a: Raging Bolt|Thunderclap|p2a: Ninetales\n|-damage|p2a: Ninetales|34/100\n|move|p2a: Ninetales|Moonblast|p1a: Raging Bolt\n|-supereffective|p1a: Raging Bolt\n|-damage|p1a: Raging Bolt|0 fnt\n|faint|p1a: Raging Bolt\n|-end|p1a: Raging Bolt|Protosynthesis|[silent]\n|\n|-weather|Snowscape|[upkeep]\n|upkeep\n|inactive|trash dz has 240 seconds left.\n|\n|t:|1783815530\n|switch|p1a: Iron Moth|Iron Moth|100/100\n|turn|21\n|inactive|iloveskarmory has 120 seconds left.\n|\n|t:|1783815563\n|move|p1a: Iron Moth|Fiery Dance|p2a: Ninetales\n|-supereffective|p2a: Ninetales\n|-crit|p2a: Ninetales\n|-damage|p2a: Ninetales|0 fnt\n|faint|p2a: Ninetales\n|\n|-weather|Snowscape|[upkeep]\n|upkeep\n|\n|t:|1783815565\n|switch|p2a: Gliscor|Gliscor, M|100/100\n|turn|22\n|\n|t:|1783815573\n|move|p1a: Iron Moth|Fiery Dance|p2a: Gliscor\n|-damage|p2a: Gliscor|79/100\n|-boost|p1a: Iron Moth|spa|1\n|move|p2a: Gliscor|Earthquake|p1a: Iron Moth\n|-supereffective|p1a: Iron Moth\n|-damage|p1a: Iron Moth|0 fnt\n|faint|p1a: Iron Moth\n|-end|p1a: Iron Moth|Quark Drive|[silent]\n|\n|-weather|none\n|-status|p2a: Gliscor|tox|[from] item: Toxic Orb\n|upkeep\n|c| small apex|Iron moth com Ice beam vai d,\n|c| small apex|Dz\n|\n|t:|1783815591\n|switch|p1a: Kingambit|Kingambit, M|51/100\n|-activate|p1a: Kingambit|ability: Supreme Overlord\n|-start|p1a: Kingambit|fallen5|[silent]\n|turn|23\n|l| RhydonJuansFan\n|inactive|trash dz has 240 seconds left.\n|\n|t:|1783815617\n|move|p2a: Gliscor|Earthquake|p1a: Kingambit\n|-supereffective|p1a: Kingambit\n|-damage|p1a: Kingambit|0 fnt\n|faint|p1a: Kingambit\n|-end|p1a: Kingambit|fallen5|[silent]\n|\n|win|iloveskarmory\n", "uploadtime": 1783815622, "views": 10, "formatid": "gen9ou", "rating": null, "private": 0, "password": null}