{"id": "gen9ou-2639909797", "format": "[Gen 9] OU", "players": ["waffelss", "why yukina>~<"], "log": "|j|☆waffelss\n|j|☆why yukina>~<\n|t:|1782541305\n|gametype|singles\n|player|p1|waffelss|parasollady-gen4|1507\n|player|p2|why yukina>~<|teammates|1775\n|gen|9\n|tier|[Gen 9] OU\n|rated|\n|rule|HP Percentage Mod: HP is shown in percentages\n|rule|Endless Battle Clause: Forcing endless battles is banned\n|rule|Species Clause: Limit one of each Pokémon\n|rule|OHKO Clause: OHKO moves are banned\n|rule|Evasion Items Clause: Evasion items are banned\n|rule|Evasion Moves Clause: Evasion moves are banned\n|rule|Evasion Abilities Clause: Evasion abilities are banned\n|rule|Sleep Moves Clause: Sleep-inducing moves are banned\n|clearpoke\n|poke|p1|Ting-Lu|\n|poke|p1|Gholdengo|\n|poke|p1|Clefable, F|\n|poke|p1|Dragapult, F|\n|poke|p1|Ogerpon-Wellspring, F|\n|poke|p1|Dragonite, F|\n|poke|p2|Kyurem|\n|poke|p2|Zamazenta-*|\n|poke|p2|Dragonite, F|\n|poke|p2|Pecharunt|\n|poke|p2|Iron Treads|\n|poke|p2|Samurott-Hisui, F|\n|teampreview\n|\n|t:|1782541326\n|teamsize|p1|6\n|teamsize|p2|6\n|start\n|switch|p1a: Ogerpon|Ogerpon-Wellspring, F|100/100\n|switch|p2a: mouth breather|Kyurem|100/100\n|-ability|p2a: mouth breather|Pressure\n|turn|1\n|\n|t:|1782541331\n|move|p2a: mouth breather|Freeze-Dry|p1a: Ogerpon\n|-supereffective|p1a: Ogerpon\n|-damage|p1a: Ogerpon|0 fnt\n|faint|p1a: Ogerpon\n|\n|upkeep\n|\n|t:|1782541337\n|switch|p1a: Gholdengo|Gholdengo|100/100\n|turn|2\n|\n|t:|1782541346\n|switch|p2a: screens offendor|Samurott-Hisui, F|100/100\n|move|p1a: Gholdengo|Nasty Plot|p1a: Gholdengo\n|-boost|p1a: Gholdengo|spa|2\n|\n|upkeep\n|turn|3\n|\n|t:|1782541356\n|switch|p1a: Clefable|Clefable, F|100/100\n|move|p2a: screens offendor|Sucker Punch||[still]\n|-fail|p2a: screens offendor\n|\n|upkeep\n|turn|4\n|\n|t:|1782541364\n|switch|p2a: spider|Pecharunt|100/100\n|move|p1a: Clefable|Knock Off|p2a: spider\n|-supereffective|p2a: spider\n|-damage|p2a: spider|82/100\n|-enditem|p2a: spider|Heavy-Duty Boots|[from] move: Knock Off|[of] p1a: Clefable\n|\n|upkeep\n|turn|5\n|\n|t:|1782541371\n|switch|p1a: Ting-Lu|Ting-Lu|100/100\n|-ability|p1a: Ting-Lu|Vessel of Ruin\n|move|p2a: spider|Nasty Plot|p2a: spider\n|-boost|p2a: spider|spa|2\n|\n|upkeep\n|turn|6\n|\n|t:|1782541374\n|move|p2a: spider|Malignant Chain|p1a: Ting-Lu\n|-resisted|p1a: Ting-Lu\n|-damage|p1a: Ting-Lu|87/100\n|move|p1a: Ting-Lu|Spikes|p2a: spider\n|-sidestart|p2: why yukina>~<|Spikes\n|\n|-heal|p1a: Ting-Lu|93/100|[from] item: Leftovers\n|upkeep\n|turn|7\n|\n|t:|1782541381\n|move|p2a: spider|Malignant Chain|p1a: Ting-Lu\n|-resisted|p1a: Ting-Lu\n|-damage|p1a: Ting-Lu|81/100\n|move|p1a: Ting-Lu|Earthquake|p2a: spider\n|-supereffective|p2a: spider\n|-damage|p2a: spider|35/100\n|\n|-heal|p1a: Ting-Lu|87/100|[from] item: Leftovers\n|upkeep\n|turn|8\n|j| Disscratch\n|\n|t:|1782541390\n|move|p2a: spider|Recover|p2a: spider\n|-heal|p2a: spider|85/100\n|move|p1a: Ting-Lu|Spikes|p2a: spider\n|-sidestart|p2: why yukina>~<|Spikes\n|\n|-heal|p1a: Ting-Lu|94/100|[from] item: Leftovers\n|upkeep\n|turn|9\n|\n|t:|1782541393\n|move|p2a: spider|Malignant Chain|p1a: Ting-Lu\n|-resisted|p1a: Ting-Lu\n|-damage|p1a: Ting-Lu|81/100\n|-status|p1a: Ting-Lu|tox\n|-start|p1a: Ting-Lu|confusion|[from] ability: Poison Puppeteer|[of] p2a: spider\n|-activate|p1a: Ting-Lu|confusion\n|move|p1a: Ting-Lu|Earthquake|p2a: spider\n|-supereffective|p2a: spider\n|-damage|p2a: spider|37/100\n|\n|-heal|p1a: Ting-Lu|87/100 tox|[from] item: Leftovers\n|-damage|p1a: Ting-Lu|81/100 tox|[from] psn\n|upkeep\n|turn|10\n|\n|t:|1782541396\n|move|p2a: spider|Recover|p2a: spider\n|-heal|p2a: spider|87/100\n|-activate|p1a: Ting-Lu|confusion\n|-damage|p1a: Ting-Lu|75/100 tox|[from] confusion\n|\n|-heal|p1a: Ting-Lu|81/100 tox|[from] item: Leftovers\n|-damage|p1a: Ting-Lu|69/100 tox|[from] psn\n|upkeep\n|turn|11\n|\n|t:|1782541401\n|switch|p2a: lambo|Iron Treads|100/100\n|-damage|p2a: lambo|84/100|[from] Spikes\n|switch|p1a: Gholdengo|Gholdengo|100/100\n|\n|-heal|p2a: lambo|90/100|[from] item: Leftovers\n|upkeep\n|turn|12\n|inactive|Battle timer is ON: inactive players will automatically lose when time's up. (requested by why yukina>~<)\n|\n|t:|1782541423\n|move|p2a: lambo|Knock Off|p1a: Gholdengo\n|-supereffective|p1a: Gholdengo\n|-damage|p1a: Gholdengo|63/100\n|-enditem|p1a: Gholdengo|Heavy-Duty Boots|[from] move: Knock Off|[of] p2a: lambo\n|move|p1a: Gholdengo|Shadow Ball|p2a: lambo\n|-damage|p2a: lambo|62/100\n|-unboost|p2a: lambo|spd|1\n|\n|-heal|p2a: lambo|68/100|[from] item: Leftovers\n|upkeep\n|turn|13\n|\n|t:|1782541434\n|-end|p2a: lambo|Quark Drive|[silent]\n|switch|p2a: screens offendor|Samurott-Hisui, F|100/100\n|-damage|p2a: screens offendor|84/100|[from] Spikes\n|switch|p1a: Dragapult|Dragapult, F|100/100\n|\n|upkeep\n|turn|14\n|\n|t:|1782541442\n|move|p1a: Dragapult|Will-O-Wisp|p2a: screens offendor\n|-status|p2a: screens offendor|brn\n|move|p2a: screens offendor|Ceaseless Edge|p1a: Dragapult\n|-supereffective|p1a: Dragapult\n|-damage|p1a: Dragapult|41/100\n|-sidestart|p1: waffelss|Spikes\n|\n|-damage|p2a: screens offendor|78/100 brn|[from] brn\n|upkeep\n|turn|15\n|\n|t:|1782541445\n|move|p1a: Dragapult|U-turn|p2a: screens offendor\n|-supereffective|p2a: screens offendor\n|-damage|p2a: screens offendor|37/100 brn\n|\n|t:|1782541449\n|switch|p1a: Clefable|Clefable, F|100/100|[from] U-turn\n|move|p2a: screens offendor|Ceaseless Edge|p1a: Clefable\n|-resisted|p1a: Clefable\n|-damage|p1a: Clefable|92/100\n|-sidestart|p1: waffelss|Spikes\n|\n|-damage|p2a: screens offendor|31/100 brn|[from] brn\n|upkeep\n|turn|16\n|j| Kathryne Keyron\n|\n|t:|1782541458\n|move|p2a: screens offendor|Ceaseless Edge|p1a: Clefable\n|-resisted|p1a: Clefable\n|-damage|p1a: Clefable|84/100\n|-sidestart|p1: waffelss|Spikes\n|move|p1a: Clefable|Moonblast|p2a: screens offendor\n|-supereffective|p2a: screens offendor\n|-damage|p2a: screens offendor|0 fnt\n|faint|p2a: screens offendor\n|\n|upkeep\n|\n|t:|1782541463\n|switch|p2a: lambo|Iron Treads|68/100\n|-damage|p2a: lambo|52/100|[from] Spikes\n|turn|17\n|\n|t:|1782541485\n|switch|p1a: Dragapult|Dragapult, F|41/100\n|move|p2a: lambo|Stealth Rock|p1a: Dragapult\n|-sidestart|p1: waffelss|move: Stealth Rock\n|\n|-heal|p2a: lambo|58/100|[from] item: Leftovers\n|upkeep\n|turn|18\n|\n|t:|1782541496\n|move|p1a: Dragapult|Will-O-Wisp|p2a: lambo\n|-status|p2a: lambo|brn\n|move|p2a: lambo|Knock Off|p1a: Dragapult\n|-supereffective|p1a: Dragapult\n|-damage|p1a: Dragapult|6/100\n|-enditem|p1a: Dragapult|Heavy-Duty Boots|[from] move: Knock Off|[of] p2a: lambo\n|\n|-heal|p2a: lambo|64/100 brn|[from] item: Leftovers\n|-damage|p2a: lambo|58/100 brn|[from] brn\n|upkeep\n|turn|19\n|\n|t:|1782541501\n|move|p1a: Dragapult|Shadow Ball|p2a: lambo\n|-damage|p2a: lambo|29/100 brn\n|move|p2a: lambo|Earthquake|p1a: Dragapult\n|-damage|p1a: Dragapult|0 fnt\n|faint|p1a: Dragapult\n|\n|-heal|p2a: lambo|35/100 brn|[from] item: Leftovers\n|-damage|p2a: lambo|29/100 brn|[from] brn\n|upkeep\n|\n|t:|1782541517\n|switch|p1a: Gholdengo|Gholdengo|63/100\n|-damage|p1a: Gholdengo|38/100|[from] Spikes\n|-damage|p1a: Gholdengo|32/100|[from] Stealth Rock\n|turn|20\n|\n|t:|1782541520\n|move|p2a: lambo|Earthquake|p1a: Gholdengo\n|-supereffective|p1a: Gholdengo\n|-damage|p1a: Gholdengo|6/100\n|move|p1a: Gholdengo|Recover|p1a: Gholdengo\n|-heal|p1a: Gholdengo|56/100\n|\n|-heal|p2a: lambo|35/100 brn|[from] item: Leftovers\n|-damage|p2a: lambo|29/100 brn|[from] brn\n|upkeep\n|turn|21\n|\n|t:|1782541527\n|-end|p2a: lambo|Quark Drive|[silent]\n|switch|p2a: spider|Pecharunt|87/100\n|-damage|p2a: spider|70/100|[from] Spikes\n|move|p1a: Gholdengo|Recover|p1a: Gholdengo\n|-heal|p1a: Gholdengo|100/100\n|\n|upkeep\n|turn|22\n|\n|t:|1782541536\n|move|p2a: spider|Shadow Ball|p1a: Gholdengo\n|-supereffective|p1a: Gholdengo\n|-damage|p1a: Gholdengo|50/100\n|move|p1a: Gholdengo|Nasty Plot|p1a: Gholdengo\n|-boost|p1a: Gholdengo|spa|2\n|\n|upkeep\n|turn|23\n|\n|t:|1782541550\n|switch|p1a: Ting-Lu|Ting-Lu|69/100 tox\n|-damage|p1a: Ting-Lu|44/100 tox|[from] Spikes\n|-damage|p1a: Ting-Lu|38/100 tox|[from] Stealth Rock\n|-ability|p1a: Ting-Lu|Vessel of Ruin\n|move|p2a: spider|Shadow Ball|p1a: Ting-Lu\n|-resisted|p1a: Ting-Lu\n|-damage|p1a: Ting-Lu|33/100 tox\n|\n|-heal|p1a: Ting-Lu|39/100 tox|[from] item: Leftovers\n|-damage|p1a: Ting-Lu|33/100 tox|[from] psn\n|upkeep\n|turn|24\n|\n|t:|1782541559\n|switch|p2a: lambo|Iron Treads|29/100 brn\n|-damage|p2a: lambo|12/100 brn|[from] Spikes\n|move|p1a: Ting-Lu|Earthquake|p2a: lambo\n|-supereffective|p2a: lambo\n|-damage|p2a: lambo|0 fnt\n|faint|p2a: lambo\n|-end|p2a: lambo|Quark Drive|[silent]\n|\n|-heal|p1a: Ting-Lu|39/100 tox|[from] item: Leftovers\n|-damage|p1a: Ting-Lu|27/100 tox|[from] psn\n|upkeep\n|\n|t:|1782541561\n|switch|p2a: mouth breather|Kyurem|100/100\n|-damage|p2a: mouth breather|84/100|[from] Spikes\n|-ability|p2a: mouth breather|Pressure\n|turn|25\n|\n|t:|1782541567\n|-terastallize|p2a: mouth breather|Ice\n|move|p2a: mouth breather|Ice Beam|p1a: Ting-Lu\n|-supereffective|p1a: Ting-Lu\n|-damage|p1a: Ting-Lu|0 fnt\n|faint|p1a: Ting-Lu\n|\n|upkeep\n|\n|t:|1782541578\n|switch|p1a: Clefable|Clefable, F|84/100\n|turn|26\n|\n|t:|1782541599\n|-terastallize|p1a: Clefable|Water\n|move|p2a: mouth breather|Ice Beam|p1a: Clefable\n|-resisted|p1a: Clefable\n|-damage|p1a: Clefable|54/100\n|move|p1a: Clefable|Moonblast|p2a: mouth breather\n|-damage|p2a: mouth breather|54/100\n|-unboost|p2a: mouth breather|spa|1\n|\n|upkeep\n|turn|27\n|\n|t:|1782541611\n|switch|p2a: spider|Pecharunt|70/100\n|-damage|p2a: spider|54/100|[from] Spikes\n|move|p1a: Clefable|Moonlight|p1a: Clefable\n|-heal|p1a: Clefable|100/100\n|\n|upkeep\n|turn|28\n|\n|t:|1782541630\n|switch|p1a: Dragonite|Dragonite, F|100/100\n|move|p2a: spider|Nasty Plot|p2a: spider\n|-boost|p2a: spider|spa|2\n|\n|upkeep\n|turn|29\n|\n|t:|1782541641\n|move|p2a: spider|Malignant Chain|p1a: Dragonite\n|-damage|p1a: Dragonite|74/100\n|move|p1a: Dragonite|Dragon Dance|p1a: Dragonite\n|-boost|p1a: Dragonite|atk|1\n|-boost|p1a: Dragonite|spe|1\n|\n|upkeep\n|turn|30\n|\n|t:|1782541651\n|move|p2a: spider|Malignant Chain|p1a: Dragonite\n|-damage|p1a: Dragonite|17/100\n|-status|p1a: Dragonite|tox\n|-start|p1a: Dragonite|confusion|[from] ability: Poison Puppeteer|[of] p2a: spider\n|-activate|p1a: Dragonite|confusion\n|-damage|p1a: Dragonite|1/100 tox|[from] confusion\n|\n|-damage|p1a: Dragonite|0 fnt|[from] psn\n|faint|p1a: Dragonite\n|upkeep\n|-message|waffelss forfeited.\n|\n|win|why yukina>~<\n|raw|waffelss's rating: 1507 &rarr; <strong>1500</strong><br />(-7 for losing)\n|raw|why yukina&gt;~&lt;'s rating: 1775 &rarr; <strong>1782</strong><br />(+7 for winning)\n|l|☆waffelss\n|player|p1|\n|l|☆why yukina>~<\n|player|p2|\n|l| Disscratch\n", "uploadtime": 1782541858, "views": 6, "formatid": "gen9ou", "rating": 1500, "private": 0, "password": null}