{"id": "gen9ou-2639304656", "format": "[Gen 9] OU", "players": ["lupiit", "fearow sniper"], "log": "|j|‽lupiit\n|j|☆fearow sniper\n|t:|1782449472\n|gametype|singles\n|player|p1|lupiit|lucas|1544\n|player|p2|fearow sniper|266|1537\n|gen|9\n|tier|[Gen 9] OU\n|rated|\n|rule|HP Percentage Mod: HP is shown in percentages\n|rule|Endless Battle Clause: Forcing endless battles is banned\n|rule|Species Clause: Limit one of each Pokémon\n|rule|OHKO Clause: OHKO moves are banned\n|rule|Evasion Items Clause: Evasion items are banned\n|rule|Evasion Moves Clause: Evasion moves are banned\n|rule|Evasion Abilities Clause: Evasion abilities are banned\n|rule|Sleep Moves Clause: Sleep-inducing moves are banned\n|clearpoke\n|poke|p1|Comfey, F|\n|poke|p1|Darkrai|\n|poke|p1|Hoopa-Unbound|\n|poke|p1|Grimmsnarl, M|\n|poke|p1|Enamorus, F|\n|poke|p1|Kyurem|\n|poke|p2|Dragapult, F|\n|poke|p2|Pecharunt|\n|poke|p2|Alomomola, F|\n|poke|p2|Great Tusk|\n|poke|p2|Cinderace, F|\n|poke|p2|Latios, M|\n|teampreview\n|inactive|Battle timer is ON: inactive players will automatically lose when time's up. (requested by lupiit)\n|c|☆fearow sniper|3 fairies my worst nightmare\n|\n|t:|1782449498\n|teamsize|p1|6\n|teamsize|p2|6\n|start\n|switch|p1a: Darkrai|Darkrai|100/100\n|switch|p2a: Dragapult|Dragapult, F|100/100\n|turn|1\n|\n|t:|1782449503\n|move|p2a: Dragapult|U-turn|p1a: Darkrai\n|-supereffective|p1a: Darkrai\n|-damage|p1a: Darkrai|10/100\n|\n|t:|1782449507\n|switch|p2a: Alomomola|Alomomola, F, shiny|100/100|[from] U-turn\n|move|p1a: Darkrai|Dark Pulse|p2a: Alomomola\n|-damage|p2a: Alomomola|77/100\n|\n|upkeep\n|turn|2\n|\n|t:|1782449509\n|move|p1a: Darkrai|Sludge Bomb|p2a: Alomomola\n|-damage|p2a: Alomomola|60/100\n|-status|p2a: Alomomola|psn\n|move|p2a: Alomomola|Flip Turn|p1a: Darkrai\n|-damage|p1a: Darkrai|0 fnt\n|faint|p1a: Darkrai\n|\n|t:|1782449514\n|switch|p2a: Dragapult|Dragapult, F|100/100|[from] Flip Turn\n|\n|upkeep\n|\n|t:|1782449516\n|switch|p1a: Comfey|Comfey, F|100/100\n|turn|3\n|\n|t:|1782449521\n|move|p2a: Dragapult|Phantom Force||[still]\n|-prepare|p2a: Dragapult|Phantom Force\n|move|p1a: Comfey|Leech Seed|p2a: Dragapult|[miss]\n|-miss|p1a: Comfey|p2a: Dragapult\n|\n|upkeep\n|turn|4\n|\n|t:|1782449524\n|switch|p1a: Grimmsnarl|Grimmsnarl, M|100/100\n|move|p2a: Dragapult|Phantom Force|p1a: Grimmsnarl|[from] lockedmove\n|-resisted|p1a: Grimmsnarl\n|-damage|p1a: Grimmsnarl|48/100\n|\n|upkeep\n|turn|5\n|\n|t:|1782449532\n|switch|p2a: Alomomola|Alomomola, F, shiny|93/100 psn\n|move|p1a: Grimmsnarl|Reflect|p1a: Grimmsnarl\n|-sidestart|p1: lupiit|Reflect\n|\n|-damage|p2a: Alomomola|81/100 psn|[from] psn\n|upkeep\n|turn|6\n|\n|t:|1782449539\n|switch|p1a: Kyurem|Kyurem|100/100\n|-ability|p1a: Kyurem|Pressure\n|move|p2a: Alomomola|Flip Turn|p1a: Kyurem\n|-resisted|p1a: Kyurem\n|-damage|p1a: Kyurem|97/100\n|\n|t:|1782449544\n|switch|p2a: Latios|Latios, M|100/100|[from] Flip Turn\n|\n|upkeep\n|turn|7\n|\n|t:|1782449551\n|switch|p1a: Enamorus|Enamorus, F|100/100\n|move|p2a: Latios|Flip Turn|p1a: Enamorus\n|-damage|p1a: Enamorus|92/100\n|\n|t:|1782449570\n|switch|p2a: Pecharunt|Pecharunt|100/100|[from] Flip Turn\n|\n|upkeep\n|turn|8\n|\n|t:|1782449575\n|move|p1a: Enamorus|Earth Power|p2a: Pecharunt\n|-supereffective|p2a: Pecharunt\n|-damage|p2a: Pecharunt|38/100\n|-unboost|p2a: Pecharunt|spd|1\n|move|p2a: Pecharunt|Malignant Chain|p1a: Enamorus\n|-supereffective|p1a: Enamorus\n|-damage|p1a: Enamorus|2/100\n|-status|p1a: Enamorus|tox\n|-start|p1a: Enamorus|confusion|[from] ability: Poison Puppeteer|[of] p2a: Pecharunt\n|\n|-damage|p1a: Enamorus|0 fnt|[from] psn\n|faint|p1a: Enamorus\n|upkeep\n|\n|t:|1782449581\n|switch|p1a: Hoopa|Hoopa-Unbound|100/100\n|turn|9\n|\n|t:|1782449588\n|switch|p2a: Cinderace|Cinderace, F|100/100\n|move|p1a: Hoopa|Psychic|p2a: Cinderace\n|-damage|p2a: Cinderace|41/100\n|\n|upkeep\n|turn|10\n|\n|t:|1782449593\n|switch|p1a: Grimmsnarl|Grimmsnarl, M|48/100\n|move|p2a: Cinderace|U-turn|p1a: Grimmsnarl\n|-start|p2a: Cinderace|typechange|Bug|[from] ability: Libero\n|-damage|p1a: Grimmsnarl|26/100\n|\n|t:|1782449599\n|switch|p2a: Great Tusk|Great Tusk|100/100|[from] U-turn\n|\n|upkeep\n|turn|11\n|\n|t:|1782449602\n|move|p1a: Grimmsnarl|Light Screen|p1a: Grimmsnarl\n|-sidestart|p1: lupiit|move: Light Screen\n|move|p2a: Great Tusk|Headlong Rush|p1a: Grimmsnarl\n|-damage|p1a: Grimmsnarl|0 fnt\n|-unboost|p2a: Great Tusk|def|1\n|-unboost|p2a: Great Tusk|spd|1\n|faint|p1a: Grimmsnarl\n|\n|upkeep\n|\n|t:|1782449605\n|switch|p1a: Comfey|Comfey, F|100/100\n|turn|12\n|\n|t:|1782449611\n|-end|p2a: Great Tusk|Protosynthesis|[silent]\n|switch|p2a: Pecharunt|Pecharunt|38/100\n|move|p1a: Comfey|Calm Mind|p1a: Comfey\n|-boost|p1a: Comfey|spa|1\n|-boost|p1a: Comfey|spd|1\n|\n|-sideend|p1: lupiit|Reflect\n|upkeep\n|turn|13\n|\n|t:|1782449620\n|switch|p2a: Cinderace|Cinderace, F|41/100\n|-terastallize|p1a: Comfey|Steel\n|move|p1a: Comfey|Substitute|p1a: Comfey\n|-start|p1a: Comfey|Substitute\n|-damage|p1a: Comfey|76/100\n|\n|upkeep\n|turn|14\n|\n|t:|1782449626\n|move|p1a: Comfey|Draining Kiss|p2a: Cinderace\n|-resisted|p2a: Cinderace\n|-damage|p2a: Cinderace|20/100\n|-heal|p1a: Comfey|93/100|[from] drain|[of] p2a: Cinderace\n|move|p2a: Cinderace|Pyro Ball|p1a: Comfey\n|-supereffective|p1a: Comfey\n|-end|p1a: Comfey|Substitute\n|\n|upkeep\n|turn|15\n|\n|t:|1782449632\n|move|p1a: Comfey|Draining Kiss|p2a: Cinderace\n|-resisted|p2a: Cinderace\n|-damage|p2a: Cinderace|0 fnt\n|-heal|p1a: Comfey|100/100|[from] drain|[of] p2a: Cinderace\n|faint|p2a: Cinderace\n|\n|upkeep\n|\n|t:|1782449644\n|switch|p2a: Great Tusk|Great Tusk|100/100\n|turn|16\n|\n|t:|1782449647\n|switch|p1a: Kyurem|Kyurem|97/100\n|-ability|p1a: Kyurem|Pressure\n|-terastallize|p2a: Great Tusk|Steel\n|move|p2a: Great Tusk|Headlong Rush|p1a: Kyurem\n|-damage|p1a: Kyurem|38/100\n|-unboost|p2a: Great Tusk|def|1\n|-unboost|p2a: Great Tusk|spd|1\n|\n|upkeep\n|turn|17\n|\n|t:|1782449650\n|-end|p2a: Great Tusk|Protosynthesis|[silent]\n|switch|p2a: Pecharunt|Pecharunt|38/100\n|move|p1a: Kyurem|Earth Power|p2a: Pecharunt\n|-supereffective|p2a: Pecharunt\n|-damage|p2a: Pecharunt|0 fnt\n|faint|p2a: Pecharunt\n|\n|upkeep\n|\n|t:|1782449658\n|switch|p2a: Dragapult|Dragapult, F|100/100\n|turn|18\n|\n|t:|1782449662\n|move|p1a: Kyurem|Protect|p1a: Kyurem\n|-singleturn|p1a: Kyurem|Protect\n|move|p2a: Dragapult|Phantom Force||[still]\n|-prepare|p2a: Dragapult|Phantom Force\n|\n|-sideend|p1: lupiit|move: Light Screen\n|upkeep\n|turn|19\n|\n|t:|1782449666\n|move|p2a: Dragapult|Phantom Force|p1a: Kyurem|[from] lockedmove\n|-damage|p1a: Kyurem|0 fnt\n|faint|p1a: Kyurem\n|\n|upkeep\n|\n|t:|1782449668\n|switch|p1a: Comfey|Comfey, F, tera:Steel|100/100\n|turn|20\n|\n|t:|1782449672\n|move|p1a: Comfey|Draining Kiss|p2a: Dragapult\n|-supereffective|p2a: Dragapult\n|-damage|p2a: Dragapult|44/100\n|move|p2a: Dragapult|Phantom Force||[still]\n|-prepare|p2a: Dragapult|Phantom Force\n|\n|upkeep\n|turn|21\n|c|☆fearow sniper|gg\n|\n|t:|1782449684\n|switch|p1a: Hoopa|Hoopa-Unbound|100/100\n|move|p2a: Dragapult|Phantom Force|p1a: Hoopa|[from] lockedmove\n|-damage|p1a: Hoopa|0 fnt\n|faint|p1a: Hoopa\n|\n|upkeep\n|\n|t:|1782449686\n|switch|p1a: Comfey|Comfey, F, tera:Steel|100/100\n|turn|22\n|\n|t:|1782449693\n|move|p2a: Dragapult|Phantom Force||[still]\n|-prepare|p2a: Dragapult|Phantom Force\n|move|p1a: Comfey|Calm Mind|p1a: Comfey\n|-boost|p1a: Comfey|spa|1\n|-boost|p1a: Comfey|spd|1\n|\n|upkeep\n|turn|23\n|\n|t:|1782449697\n|move|p2a: Dragapult|Phantom Force|p1a: Comfey|[from] lockedmove\n|-damage|p1a: Comfey|13/100\n|move|p1a: Comfey|Calm Mind|p1a: Comfey\n|-boost|p1a: Comfey|spa|1\n|-boost|p1a: Comfey|spd|1\n|\n|upkeep\n|turn|24\n|\n|t:|1782449703\n|switch|p2a: Great Tusk|Great Tusk, tera:Steel|100/100\n|move|p1a: Comfey|Draining Kiss|p2a: Great Tusk\n|-resisted|p2a: Great Tusk\n|-damage|p2a: Great Tusk|70/100\n|-heal|p1a: Comfey|42/100|[from] drain|[of] p2a: Great Tusk\n|-damage|p1a: Comfey|25/100|[from] item: Rocky Helmet|[of] p2a: Great Tusk\n|\n|upkeep\n|turn|25\n|\n|t:|1782449708\n|move|p1a: Comfey|Draining Kiss|p2a: Great Tusk\n|-resisted|p2a: Great Tusk\n|-damage|p2a: Great Tusk|29/100\n|-heal|p1a: Comfey|63/100|[from] drain|[of] p2a: Great Tusk\n|-damage|p1a: Comfey|46/100|[from] item: Rocky Helmet|[of] p2a: Great Tusk\n|move|p2a: Great Tusk|Headlong Rush|p1a: Comfey\n|-supereffective|p1a: Comfey\n|-damage|p1a: Comfey|0 fnt\n|-unboost|p2a: Great Tusk|def|1\n|-unboost|p2a: Great Tusk|spd|1\n|faint|p1a: Comfey\n|\n|win|fearow sniper\n|raw|lupiit's rating: 1544 &rarr; <strong>1524</strong><br />(-20 for losing)\n|raw|fearow sniper's rating: 1537 &rarr; <strong>1557</strong><br />(+20 for winning)\n|l|‽lupiit\n|player|p1|\n|l|☆fearow sniper\n|player|p2|\n", "uploadtime": 1782449911, "views": 5, "formatid": "gen9ou", "rating": 1524, "private": 0, "password": null}