{"id": "gen9ou-2540917648", "format": "[Gen 9] OU", "players": ["nushinator", "zarross"], "log": "|j|☆nushinator\n|j|☆zarross\n|t:|1771266985\n|gametype|singles\n|player|p1|nushinator|bugcatcher-gen4dp|1739\n|player|p2|zarross|plumeria|1733\n|gen|9\n|tier|[Gen 9] OU\n|rated|\n|rule|HP Percentage Mod: HP is shown in percentages\n|rule|Endless Battle Clause: Forcing endless battles is banned\n|rule|Species Clause: Limit one of each Pokémon\n|rule|OHKO Clause: OHKO moves are banned\n|rule|Evasion Items Clause: Evasion items are banned\n|rule|Evasion Moves Clause: Evasion moves are banned\n|rule|Evasion Abilities Clause: Evasion abilities are banned\n|rule|Sleep Moves Clause: Sleep-inducing moves are banned\n|clearpoke\n|poke|p1|Ting-Lu|\n|poke|p1|Scizor, M|\n|poke|p1|Tornadus-Therian, M|\n|poke|p1|Raging Bolt|\n|poke|p1|Alomomola, M|\n|poke|p1|Hatterene, F|\n|poke|p2|Dondozo, F|\n|poke|p2|Gliscor, F|\n|poke|p2|Weezing-Galar, M|\n|poke|p2|Blissey, F|\n|poke|p2|Corviknight, F|\n|poke|p2|Amoonguss, F|\n|teampreview\n|inactive|Battle timer is ON: inactive players will automatically lose when time's up. (requested by zarross)\n|inactive|nushinator also wants the timer to be on.\n|\n|t:|1771266990\n|teamsize|p1|6\n|teamsize|p2|6\n|start\n|switch|p1a: Hatterene|Hatterene, F|100/100\n|switch|p2a: Gliscor|Gliscor, F|100/100\n|turn|1\n|j| Goldingus\n|\n|t:|1771266994\n|move|p2a: Gliscor|Protect|p2a: Gliscor\n|-singleturn|p2a: Gliscor|Protect\n|move|p1a: Hatterene|Psychic Noise|p2a: Gliscor\n|-activate|p2a: Gliscor|move: Protect\n|\n|-status|p2a: Gliscor|tox|[from] item: Toxic Orb\n|upkeep\n|turn|2\n|\n|t:|1771266999\n|move|p2a: Gliscor|Knock Off|p1a: Hatterene\n|-damage|p1a: Hatterene|83/100\n|-damage|p2a: Gliscor|84/100 tox|[from] item: Rocky Helmet|[of] p1a: Hatterene\n|-enditem|p1a: Hatterene|Rocky Helmet|[from] move: Knock Off|[of] p2a: Gliscor\n|move|p1a: Hatterene|Psychic Noise|p2a: Gliscor\n|-damage|p2a: Gliscor|42/100 tox\n|-start|p2a: Gliscor|move: Heal Block\n|\n|upkeep\n|turn|3\n|\n|t:|1771267008\n|move|p2a: Gliscor|Protect|p2a: Gliscor\n|-singleturn|p2a: Gliscor|Protect\n|move|p1a: Hatterene|Nuzzle|p2a: Gliscor\n|-activate|p2a: Gliscor|move: Protect\n|\n|-end|p2a: Gliscor|move: Heal Block\n|upkeep\n|turn|4\n|\n|t:|1771267023\n|switch|p2a: Flesh Tutu|Blissey, F, shiny|100/100\n|move|p1a: Hatterene|Psychic Noise|p2a: Flesh Tutu\n|-damage|p2a: Flesh Tutu|92/100\n|-start|p2a: Flesh Tutu|move: Heal Block\n|\n|upkeep\n|turn|5\n|\n|t:|1771267025\n|move|p2a: Flesh Tutu|Calm Mind|p2a: Flesh Tutu\n|-boost|p2a: Flesh Tutu|spa|1\n|-boost|p2a: Flesh Tutu|spd|1\n|move|p1a: Hatterene|Nuzzle|p2a: Flesh Tutu\n|-damage|p2a: Flesh Tutu|86/100\n|-status|p2a: Flesh Tutu|par\n|\n|-end|p2a: Flesh Tutu|move: Heal Block\n|upkeep\n|turn|6\n|\n|t:|1771267030\n|move|p1a: Hatterene|Psychic Noise|p2a: Flesh Tutu\n|-damage|p2a: Flesh Tutu|80/100 par\n|-start|p2a: Flesh Tutu|move: Heal Block\n|move|p2a: Flesh Tutu|Shadow Ball|p1a: Hatterene\n|-supereffective|p1a: Hatterene\n|-damage|p1a: Hatterene|35/100\n|\n|upkeep\n|turn|7\n|\n|t:|1771267035\n|switch|p1a: Ting-Lu|Ting-Lu|100/100\n|-ability|p1a: Ting-Lu|Vessel of Ruin\n|-curestatus|p2a: Flesh Tutu|par|[from] ability: Natural Cure\n|switch|p2a: Gliscor|Gliscor, F|42/100 tox\n|\n|-heal|p2a: Gliscor|54/100 tox|[from] ability: Poison Heal\n|upkeep\n|turn|8\n|\n|t:|1771267040\n|switch|p1a: Tornadus|Tornadus-Therian, M|100/100\n|move|p2a: Gliscor|Knock Off|p1a: Tornadus\n|-damage|p1a: Tornadus|70/100\n|-enditem|p1a: Tornadus|Life Orb|[from] move: Knock Off|[of] p2a: Gliscor\n|\n|-heal|p2a: Gliscor|67/100 tox|[from] ability: Poison Heal\n|upkeep\n|turn|9\n|\n|t:|1771267046\n|move|p1a: Tornadus|Nasty Plot|p1a: Tornadus\n|-boost|p1a: Tornadus|spa|2\n|move|p2a: Gliscor|Toxic|p1a: Tornadus\n|-status|p1a: Tornadus|tox\n|\n|-damage|p1a: Tornadus|64/100 tox|[from] psn\n|-heal|p2a: Gliscor|79/100 tox|[from] ability: Poison Heal\n|upkeep\n|turn|10\n|\n|t:|1771267049\n|switch|p2a: Flesh Tutu|Blissey, F, shiny|80/100\n|move|p1a: Tornadus|Nasty Plot|p1a: Tornadus\n|-boost|p1a: Tornadus|spa|2\n|\n|-damage|p1a: Tornadus|52/100 tox|[from] psn\n|upkeep\n|turn|11\n|\n|t:|1771267054\n|move|p1a: Tornadus|Bleakwind Storm|p2a: Flesh Tutu\n|-damage|p2a: Flesh Tutu|40/100\n|move|p2a: Flesh Tutu|Soft-Boiled|p2a: Flesh Tutu\n|-heal|p2a: Flesh Tutu|90/100\n|\n|-damage|p1a: Tornadus|34/100 tox|[from] psn\n|upkeep\n|turn|12\n|\n|t:|1771267058\n|switch|p1a: Scizor|Scizor, M|100/100\n|move|p2a: Flesh Tutu|Soft-Boiled|p2a: Flesh Tutu\n|-heal|p2a: Flesh Tutu|100/100\n|\n|upkeep\n|turn|13\n|\n|t:|1771267061\n|switch|p2a: Gliscor|Gliscor, F|79/100 tox\n|move|p1a: Scizor|U-turn|p2a: Gliscor\n|-resisted|p2a: Gliscor\n|-damage|p2a: Gliscor|68/100 tox\n|\n|t:|1771267067\n|switch|p1a: Hatterene|Hatterene, F|35/100|[from] U-turn\n|\n|-heal|p2a: Gliscor|80/100 tox|[from] ability: Poison Heal\n|upkeep\n|turn|14\n|\n|t:|1771267071\n|move|p2a: Gliscor|Protect|p2a: Gliscor\n|-singleturn|p2a: Gliscor|Protect\n|move|p1a: Hatterene|Pain Split|p2a: Gliscor\n|-activate|p2a: Gliscor|move: Protect\n|\n|-heal|p2a: Gliscor|93/100 tox|[from] ability: Poison Heal\n|upkeep\n|turn|15\n|\n|t:|1771267076\n|switch|p2a: Flesh Tutu|Blissey, F, shiny|100/100\n|move|p1a: Hatterene|Pain Split|p2a: Flesh Tutu\n|-sethp|p2a: Flesh Tutu|59/100|[from] move: Pain Split|[silent]\n|-sethp|p1a: Hatterene|100/100|[from] move: Pain Split\n|\n|upkeep\n|turn|16\n|\n|t:|1771267079\n|move|p2a: Flesh Tutu|Soft-Boiled|p2a: Flesh Tutu\n|-heal|p2a: Flesh Tutu|100/100\n|move|p1a: Hatterene|Nuzzle|p2a: Flesh Tutu\n|-damage|p2a: Flesh Tutu|96/100\n|-status|p2a: Flesh Tutu|par\n|\n|upkeep\n|turn|17\n|\n|t:|1771267081\n|move|p1a: Hatterene|Psychic Noise|p2a: Flesh Tutu\n|-damage|p2a: Flesh Tutu|86/100 par\n|-start|p2a: Flesh Tutu|move: Heal Block\n|move|p2a: Flesh Tutu|Calm Mind|p2a: Flesh Tutu\n|-boost|p2a: Flesh Tutu|spa|1\n|-boost|p2a: Flesh Tutu|spd|1\n|\n|upkeep\n|turn|18\n|\n|t:|1771267084\n|switch|p1a: Scizor|Scizor, M|100/100\n|cant|p2a: Flesh Tutu|par\n|\n|-end|p2a: Flesh Tutu|move: Heal Block\n|upkeep\n|turn|19\n|\n|t:|1771267086\n|-curestatus|p2a: Flesh Tutu|par|[from] ability: Natural Cure\n|switch|p2a: Gliscor|Gliscor, F|93/100 tox\n|move|p1a: Scizor|U-turn|p2a: Gliscor\n|-resisted|p2a: Gliscor\n|-damage|p2a: Gliscor|80/100 tox\n|\n|t:|1771267088\n|switch|p1a: Hatterene|Hatterene, F|100/100|[from] U-turn\n|\n|-heal|p2a: Gliscor|92/100 tox|[from] ability: Poison Heal\n|upkeep\n|turn|20\n|\n|t:|1771267095\n|switch|p2a: Flesh Tutu|Blissey, F, shiny|86/100\n|move|p1a: Hatterene|Psychic Noise|p2a: Flesh Tutu\n|-damage|p2a: Flesh Tutu|77/100\n|-start|p2a: Flesh Tutu|move: Heal Block\n|\n|upkeep\n|turn|21\n|\n|t:|1771267099\n|move|p2a: Flesh Tutu|Calm Mind|p2a: Flesh Tutu\n|-boost|p2a: Flesh Tutu|spa|1\n|-boost|p2a: Flesh Tutu|spd|1\n|move|p1a: Hatterene|Nuzzle|p2a: Flesh Tutu\n|-damage|p2a: Flesh Tutu|71/100\n|-status|p2a: Flesh Tutu|par\n|\n|-end|p2a: Flesh Tutu|move: Heal Block\n|upkeep\n|turn|22\n|\n|t:|1771267105\n|switch|p1a: Scizor|Scizor, M|100/100\n|move|p2a: Flesh Tutu|Shadow Ball|p1a: Scizor\n|-damage|p1a: Scizor|76/100\n|\n|upkeep\n|turn|23\n|\n|t:|1771267110\n|-curestatus|p2a: Flesh Tutu|par|[from] ability: Natural Cure\n|switch|p2a: Gliscor|Gliscor, F|92/100 tox\n|move|p1a: Scizor|U-turn|p2a: Gliscor\n|-resisted|p2a: Gliscor\n|-crit|p2a: Gliscor\n|-damage|p2a: Gliscor|74/100 tox\n|\n|t:|1771267113\n|switch|p1a: Hatterene|Hatterene, F|100/100|[from] U-turn\n|\n|-heal|p2a: Gliscor|86/100 tox|[from] ability: Poison Heal\n|upkeep\n|turn|24\n|\n|t:|1771267118\n|move|p2a: Gliscor|Protect|p2a: Gliscor\n|-singleturn|p2a: Gliscor|Protect\n|move|p1a: Hatterene|Psychic Noise|p2a: Gliscor\n|-activate|p2a: Gliscor|move: Protect\n|\n|-heal|p2a: Gliscor|99/100 tox|[from] ability: Poison Heal\n|upkeep\n|turn|25\n|\n|t:|1771267121\n|switch|p2a: Flesh Tutu|Blissey, F, shiny|71/100\n|move|p1a: Hatterene|Psychic Noise|p2a: Flesh Tutu\n|-damage|p2a: Flesh Tutu|62/100\n|-start|p2a: Flesh Tutu|move: Heal Block\n|\n|upkeep\n|turn|26\n|j| tinki1\n|\n|t:|1771267125\n|move|p2a: Flesh Tutu|Calm Mind|p2a: Flesh Tutu\n|-boost|p2a: Flesh Tutu|spa|1\n|-boost|p2a: Flesh Tutu|spd|1\n|move|p1a: Hatterene|Nuzzle|p2a: Flesh Tutu\n|-damage|p2a: Flesh Tutu|57/100\n|-status|p2a: Flesh Tutu|par\n|\n|-end|p2a: Flesh Tutu|move: Heal Block\n|upkeep\n|turn|27\n|\n|t:|1771267129\n|move|p1a: Hatterene|Psychic Noise|p2a: Flesh Tutu\n|-damage|p2a: Flesh Tutu|51/100 par\n|-start|p2a: Flesh Tutu|move: Heal Block\n|move|p2a: Flesh Tutu|Shadow Ball|p1a: Hatterene\n|-supereffective|p1a: Hatterene\n|-damage|p1a: Hatterene|58/100\n|\n|upkeep\n|turn|28\n|\n|t:|1771267135\n|switch|p1a: Ting-Lu|Ting-Lu|100/100\n|-ability|p1a: Ting-Lu|Vessel of Ruin\n|move|p2a: Flesh Tutu|Shadow Ball|p1a: Ting-Lu\n|-resisted|p1a: Ting-Lu\n|-damage|p1a: Ting-Lu|96/100\n|\n|-heal|p1a: Ting-Lu|100/100|[from] item: Leftovers\n|-end|p2a: Flesh Tutu|move: Heal Block\n|upkeep\n|turn|29\n|\n|t:|1771267141\n|-curestatus|p2a: Flesh Tutu|par|[from] ability: Natural Cure\n|switch|p2a: Gliscor|Gliscor, F|99/100 tox\n|move|p1a: Ting-Lu|Stealth Rock|p2a: Gliscor\n|-sidestart|p2: zarross|move: Stealth Rock\n|\n|-heal|p2a: Gliscor|100/100 tox|[from] ability: Poison Heal\n|upkeep\n|turn|30\n|\n|t:|1771267144\n|switch|p1a: Tornadus|Tornadus-Therian, M|67/100 tox\n|move|p2a: Gliscor|Knock Off|p1a: Tornadus\n|-damage|p1a: Tornadus|47/100 tox\n|\n|-damage|p1a: Tornadus|41/100 tox|[from] psn\n|upkeep\n|turn|31\n|\n|t:|1771267149\n|move|p1a: Tornadus|Nasty Plot|p1a: Tornadus\n|-boost|p1a: Tornadus|spa|2\n|move|p2a: Gliscor|Stealth Rock|p1a: Tornadus\n|-sidestart|p1: nushinator|move: Stealth Rock\n|\n|-damage|p1a: Tornadus|29/100 tox|[from] psn\n|upkeep\n|turn|32\n|c| tinki1|hello one of you can help im with my team im new in the game\n|\n|t:|1771267156\n|switch|p2a: Corviknight|Corviknight, F, shiny|100/100\n|-damage|p2a: Corviknight|88/100|[from] Stealth Rock\n|-ability|p2a: Corviknight|Pressure\n|move|p1a: Tornadus|Bleakwind Storm|p2a: Corviknight|[miss]\n|-miss|p1a: Tornadus|p2a: Corviknight\n|\n|-heal|p2a: Corviknight|94/100|[from] item: Leftovers\n|-damage|p1a: Tornadus|11/100 tox|[from] psn\n|upkeep\n|turn|33\n|\n|t:|1771267163\n|switch|p1a: Raging Bolt|Raging Bolt|100/100\n|-damage|p1a: Raging Bolt|88/100|[from] Stealth Rock\n|-enditem|p1a: Raging Bolt|Booster Energy\n|-activate|p1a: Raging Bolt|ability: Protosynthesis|[fromitem]\n|-start|p1a: Raging Bolt|protosynthesisspa\n|move|p2a: Corviknight|Protect||[still]\n|-fail|p2a: Corviknight\n|\n|-heal|p2a: Corviknight|99/100|[from] item: Leftovers\n|upkeep\n|turn|34\n|\n|t:|1771267166\n|switch|p2a: Amoonguss|Amoonguss, F, shiny|100/100\n|-damage|p2a: Amoonguss|88/100|[from] Stealth Rock\n|move|p1a: Raging Bolt|Calm Mind|p1a: Raging Bolt\n|-boost|p1a: Raging Bolt|spa|1\n|-boost|p1a: Raging Bolt|spd|1\n|\n|upkeep\n|turn|35\n|c|☆nushinator|what kind of team are u trynna build\n|\n|t:|1771267175\n|move|p1a: Raging Bolt|Dragon Pulse|p2a: Amoonguss\n|-damage|p2a: Amoonguss|44/100\n|move|p2a: Amoonguss|Clear Smog|p1a: Raging Bolt\n|-damage|p1a: Raging Bolt|79/100\n|-clearboost|p1a: Raging Bolt\n|\n|upkeep\n|turn|36\n|j| chase598\n|c| tinki1|offense\n|\n|t:|1771267184\n|switch|p2a: Flesh Tutu|Blissey, F, shiny|51/100\n|move|p1a: Raging Bolt|Dragon Pulse|p2a: Flesh Tutu\n|-damage|p2a: Flesh Tutu|33/100\n|\n|upkeep\n|turn|37\n|c|☆nushinator|word\n|c|☆nushinator|sun and screens are both really good builds for offense right now\n|\n|t:|1771267214\n|-end|p1a: Raging Bolt|Protosynthesis|[silent]\n|switch|p1a: Scizor|Scizor, M|76/100\n|move|p2a: Flesh Tutu|Soft-Boiled|p2a: Flesh Tutu\n|-heal|p2a: Flesh Tutu|83/100\n|\n|upkeep\n|turn|38\n|\n|t:|1771267220\n|switch|p2a: Gliscor|Gliscor, F|100/100 tox\n|-damage|p2a: Gliscor|88/100 tox|[from] Stealth Rock\n|move|p1a: Scizor|U-turn|p2a: Gliscor\n|-resisted|p2a: Gliscor\n|-damage|p2a: Gliscor|76/100 tox\n|c| tinki1|okay thanks\n|c|☆nushinator|np\n|\n|t:|1771267228\n|switch|p1a: Hatterene|Hatterene, F|58/100|[from] U-turn\n|-damage|p1a: Hatterene|46/100|[from] Stealth Rock\n|\n|-heal|p2a: Gliscor|88/100 tox|[from] ability: Poison Heal\n|upkeep\n|turn|39\n|c| tinki1|godd luck\n|c|☆nushinator|ty\n|\n|t:|1771267234\n|move|p2a: Gliscor|Protect|p2a: Gliscor\n|-singleturn|p2a: Gliscor|Protect\n|move|p1a: Hatterene|Pain Split|p2a: Gliscor\n|-activate|p2a: Gliscor|move: Protect\n|\n|-heal|p2a: Gliscor|100/100 tox|[from] ability: Poison Heal\n|upkeep\n|turn|40\n|\n|t:|1771267239\n|switch|p2a: Corviknight|Corviknight, F, shiny|99/100\n|-damage|p2a: Corviknight|88/100|[from] Stealth Rock\n|-ability|p2a: Corviknight|Pressure\n|move|p1a: Hatterene|Pain Split|p2a: Corviknight\n|-sethp|p2a: Corviknight|62/100|[from] move: Pain Split|[silent]\n|-sethp|p1a: Hatterene|78/100|[from] move: Pain Split\n|\n|-heal|p2a: Corviknight|68/100|[from] item: Leftovers\n|upkeep\n|turn|41\n|\n|t:|1771267243\n|move|p2a: Corviknight|Iron Head|p1a: Hatterene\n|-supereffective|p1a: Hatterene\n|-crit|p1a: Hatterene\n|-damage|p1a: Hatterene|5/100\n|move|p1a: Hatterene|Nuzzle|p2a: Corviknight\n|-supereffective|p2a: Corviknight\n|-damage|p2a: Corviknight|62/100\n|-status|p2a: Corviknight|par\n|\n|-heal|p2a: Corviknight|68/100 par|[from] item: Leftovers\n|upkeep\n|turn|42\n|\n|t:|1771267251\n|move|p1a: Hatterene|Pain Split|p2a: Corviknight\n|-sethp|p2a: Corviknight|36/100 par|[from] move: Pain Split|[silent]\n|-sethp|p1a: Hatterene|45/100|[from] move: Pain Split\n|move|p2a: Corviknight|Roost|p2a: Corviknight\n|-heal|p2a: Corviknight|86/100 par\n|-singleturn|p2a: Corviknight|move: Roost\n|\n|-heal|p2a: Corviknight|92/100 par|[from] item: Leftovers\n|upkeep\n|turn|43\n|\n|t:|1771267254\n|switch|p1a: Alomomola|Alomomola, M|100/100\n|cant|p2a: Corviknight|par\n|\n|-heal|p2a: Corviknight|98/100 par|[from] item: Leftovers\n|upkeep\n|turn|44\n|\n|t:|1771267257\n|switch|p2a: Weezing|Weezing-Galar, M|100/100\n|-ability|p2a: Weezing|Neutralizing Gas\n|move|p1a: Alomomola|Wish|p1a: Alomomola\n|\n|upkeep\n|turn|45\n|j| nonchalantbufalant\n|\n|t:|1771267273\n|-end|p2a: Weezing|ability: Neutralizing Gas\n|switch|p2a: Gliscor|Gliscor, F|100/100 tox\n|-damage|p2a: Gliscor|88/100 tox|[from] Stealth Rock\n|switch|p1a: Raging Bolt|Raging Bolt|79/100\n|-damage|p1a: Raging Bolt|66/100|[from] Stealth Rock\n|\n|-heal|p1a: Raging Bolt|100/100|[from] move: Wish|[wisher] Alomomola\n|-heal|p2a: Gliscor|100/100 tox|[from] ability: Poison Heal\n|upkeep\n|turn|46\n|\n|t:|1771267279\n|-end|p1a: Raging Bolt|Protosynthesis|[silent]\n|switch|p1a: Scizor|Scizor, M|76/100\n|move|p2a: Gliscor|Toxic|p1a: Scizor\n|-immune|p1a: Scizor\n|\n|upkeep\n|turn|47\n|\n|t:|1771267282\n|move|p2a: Gliscor|Knock Off|p1a: Scizor\n|-damage|p1a: Scizor|56/100\n|-enditem|p1a: Scizor|Heavy-Duty Boots|[from] move: Knock Off|[of] p2a: Gliscor\n|move|p1a: Scizor|U-turn|p2a: Gliscor\n|-resisted|p2a: Gliscor\n|-damage|p2a: Gliscor|88/100 tox\n|\n|t:|1771267284\n|switch|p1a: Hatterene|Hatterene, F|45/100|[from] U-turn\n|-damage|p1a: Hatterene|33/100|[from] Stealth Rock\n|\n|-heal|p2a: Gliscor|100/100 tox|[from] ability: Poison Heal\n|upkeep\n|turn|48\n|\n|t:|1771267295\n|switch|p2a: Amoonguss|Amoonguss, F, shiny|77/100\n|-damage|p2a: Amoonguss|65/100|[from] Stealth Rock\n|move|p1a: Hatterene|Pain Split|p2a: Amoonguss\n|-sethp|p2a: Amoonguss|45/100|[from] move: Pain Split|[silent]\n|-sethp|p1a: Hatterene|60/100|[from] move: Pain Split\n|\n|upkeep\n|turn|49\n|\n|t:|1771267302\n|switch|p2a: Corviknight|Corviknight, F, shiny|98/100 par\n|-damage|p2a: Corviknight|86/100 par|[from] Stealth Rock\n|-ability|p2a: Corviknight|Pressure\n|move|p1a: Hatterene|Psychic Noise|p2a: Corviknight\n|-resisted|p2a: Corviknight\n|-damage|p2a: Corviknight|73/100 par\n|-start|p2a: Corviknight|move: Heal Block\n|\n|upkeep\n|turn|50\n|\n|t:|1771267311\n|switch|p1a: Alomomola|Alomomola, M|100/100\n|move|p2a: Corviknight|Iron Head|p1a: Alomomola\n|-resisted|p1a: Alomomola\n|-damage|p1a: Alomomola|93/100\n|\n|-end|p2a: Corviknight|move: Heal Block\n|upkeep\n|turn|51\n|\n|t:|1771267314\n|switch|p2a: Gliscor|Gliscor, F|100/100 tox\n|-damage|p2a: Gliscor|88/100 tox|[from] Stealth Rock\n|move|p1a: Alomomola|Wish|p1a: Alomomola\n|\n|-heal|p2a: Gliscor|100/100 tox|[from] ability: Poison Heal\n|upkeep\n|turn|52\n|\n|t:|1771267318\n|switch|p1a: Tornadus|Tornadus-Therian, M|44/100 tox\n|-damage|p1a: Tornadus|19/100 tox|[from] Stealth Rock\n|move|p2a: Gliscor|Toxic|p1a: Tornadus\n|-fail|p1a: Tornadus|tox\n|\n|-heal|p1a: Tornadus|100/100 tox|[from] move: Wish|[wisher] Alomomola\n|-damage|p1a: Tornadus|94/100 tox|[from] psn\n|upkeep\n|turn|53\n|\n|t:|1771267322\n|switch|p2a: Flesh Tutu|Blissey, F, shiny|83/100\n|move|p1a: Tornadus|Nasty Plot|p1a: Tornadus\n|-boost|p1a: Tornadus|spa|2\n|\n|-damage|p1a: Tornadus|82/100 tox|[from] psn\n|upkeep\n|turn|54\n|\n|t:|1771267328\n|move|p1a: Tornadus|Bleakwind Storm|p2a: Flesh Tutu|[miss]\n|-miss|p1a: Tornadus|p2a: Flesh Tutu\n|move|p2a: Flesh Tutu|Soft-Boiled|p2a: Flesh Tutu\n|-heal|p2a: Flesh Tutu|100/100\n|\n|-damage|p1a: Tornadus|64/100 tox|[from] psn\n|upkeep\n|turn|55\n|\n|t:|1771267332\n|switch|p1a: Hatterene|Hatterene, F|60/100\n|-damage|p1a: Hatterene|48/100|[from] Stealth Rock\n|move|p2a: Flesh Tutu|Seismic Toss|p1a: Hatterene\n|-damage|p1a: Hatterene|17/100\n|\n|upkeep\n|turn|56\n|\n|t:|1771267339\n|switch|p1a: Scizor|Scizor, M|56/100\n|-damage|p1a: Scizor|44/100|[from] Stealth Rock\n|move|p2a: Flesh Tutu|Seismic Toss|p1a: Scizor\n|-damage|p1a: Scizor|14/100\n|\n|upkeep\n|turn|57\n|\n|t:|1771267344\n|switch|p2a: Gliscor|Gliscor, F|100/100 tox\n|-damage|p2a: Gliscor|88/100 tox|[from] Stealth Rock\n|move|p1a: Scizor|U-turn|p2a: Gliscor\n|-resisted|p2a: Gliscor\n|-damage|p2a: Gliscor|76/100 tox\n|l| nonchalantbufalant\n|\n|t:|1771267346\n|switch|p1a: Alomomola|Alomomola, M|100/100|[from] U-turn\n|\n|-heal|p2a: Gliscor|89/100 tox|[from] ability: Poison Heal\n|upkeep\n|turn|58\n|\n|t:|1771267348\n|move|p2a: Gliscor|Toxic|p1a: Alomomola\n|-status|p1a: Alomomola|tox\n|move|p1a: Alomomola|Wish|p1a: Alomomola\n|\n|-heal|p2a: Gliscor|100/100 tox|[from] ability: Poison Heal\n|-damage|p1a: Alomomola|94/100 tox|[from] psn\n|upkeep\n|turn|59\n|\n|t:|1771267356\n|move|p2a: Gliscor|Protect|p2a: Gliscor\n|-singleturn|p2a: Gliscor|Protect\n|move|p1a: Alomomola|Flip Turn|p2a: Gliscor\n|-activate|p2a: Gliscor|move: Protect\n|\n|-heal|p1a: Alomomola|100/100 tox|[from] move: Wish|[wisher] Alomomola\n|-damage|p1a: Alomomola|88/100 tox|[from] psn\n|upkeep\n|turn|60\n|\n|t:|1771267358\n|move|p2a: Gliscor|Knock Off|p1a: Alomomola\n|-damage|p1a: Alomomola|76/100 tox\n|-enditem|p1a: Alomomola|Heavy-Duty Boots|[from] move: Knock Off|[of] p2a: Gliscor\n|move|p1a: Alomomola|Wish|p1a: Alomomola\n|\n|-damage|p1a: Alomomola|58/100 tox|[from] psn\n|upkeep\n|turn|61\n|\n|t:|1771267364\n|move|p2a: Gliscor|Knock Off|p1a: Alomomola\n|-damage|p1a: Alomomola|50/100 tox\n|move|p1a: Alomomola|Flip Turn|p2a: Gliscor\n|-supereffective|p2a: Gliscor\n|-damage|p2a: Gliscor|79/100 tox\n|\n|t:|1771267365\n|switch|p1a: Hatterene|Hatterene, F|17/100|[from] Flip Turn\n|-damage|p1a: Hatterene|4/100|[from] Stealth Rock\n|\n|-heal|p1a: Hatterene|88/100|[from] move: Wish|[wisher] Alomomola\n|-heal|p2a: Gliscor|92/100 tox|[from] ability: Poison Heal\n|upkeep\n|turn|62\n|\n|t:|1771267370\n|switch|p2a: Corviknight|Corviknight, F, shiny|73/100 par\n|-damage|p2a: Corviknight|61/100 par|[from] Stealth Rock\n|-ability|p2a: Corviknight|Pressure\n|move|p1a: Hatterene|Psychic Noise|p2a: Corviknight\n|-resisted|p2a: Corviknight\n|-damage|p2a: Corviknight|48/100 par\n|-start|p2a: Corviknight|move: Heal Block\n|\n|upkeep\n|turn|63\n|\n|t:|1771267377\n|switch|p1a: Raging Bolt|Raging Bolt|100/100\n|-damage|p1a: Raging Bolt|88/100|[from] Stealth Rock\n|move|p2a: Corviknight|Iron Head|p1a: Raging Bolt\n|-resisted|p1a: Raging Bolt\n|-damage|p1a: Raging Bolt|77/100\n|\n|-end|p2a: Corviknight|move: Heal Block\n|upkeep\n|turn|64\n|\n|t:|1771267385\n|-end|p1a: Raging Bolt|Protosynthesis|[silent]\n|switch|p1a: Ting-Lu|Ting-Lu|100/100\n|-damage|p1a: Ting-Lu|94/100|[from] Stealth Rock\n|-ability|p1a: Ting-Lu|Vessel of Ruin\n|switch|p2a: Flesh Tutu|Blissey, F, shiny|100/100\n|\n|-heal|p1a: Ting-Lu|100/100|[from] item: Leftovers\n|upkeep\n|turn|65\n|\n|t:|1771267389\n|switch|p2a: Gliscor|Gliscor, F|92/100 tox\n|-damage|p2a: Gliscor|79/100 tox|[from] Stealth Rock\n|move|p1a: Ting-Lu|Ruination|p2a: Gliscor\n|-damage|p2a: Gliscor|40/100 tox\n|\n|-heal|p2a: Gliscor|52/100 tox|[from] ability: Poison Heal\n|upkeep\n|turn|66\n|\n|t:|1771267394\n|switch|p1a: Hatterene|Hatterene, F|88/100\n|-damage|p1a: Hatterene|76/100|[from] Stealth Rock\n|move|p2a: Gliscor|Knock Off|p1a: Hatterene\n|-damage|p1a: Hatterene|64/100\n|\n|-heal|p2a: Gliscor|65/100 tox|[from] ability: Poison Heal\n|upkeep\n|turn|67\n|\n|t:|1771267398\n|move|p2a: Gliscor|Protect|p2a: Gliscor\n|-singleturn|p2a: Gliscor|Protect\n|move|p1a: Hatterene|Draining Kiss|p2a: Gliscor\n|-activate|p2a: Gliscor|move: Protect\n|\n|-heal|p2a: Gliscor|77/100 tox|[from] ability: Poison Heal\n|upkeep\n|turn|68\n|\n|t:|1771267402\n|switch|p2a: Corviknight|Corviknight, F, shiny|48/100 par\n|-damage|p2a: Corviknight|36/100 par|[from] Stealth Rock\n|-ability|p2a: Corviknight|Pressure\n|move|p1a: Hatterene|Pain Split|p2a: Corviknight\n|-sethp|p2a: Corviknight|44/100 par|[from] move: Pain Split|[silent]\n|-sethp|p1a: Hatterene|55/100|[from] move: Pain Split\n|\n|-heal|p2a: Corviknight|50/100 par|[from] item: Leftovers\n|upkeep\n|turn|69\n|\n|t:|1771267406\n|move|p1a: Hatterene|Psychic Noise|p2a: Corviknight\n|-resisted|p2a: Corviknight\n|-damage|p2a: Corviknight|38/100 par\n|-start|p2a: Corviknight|move: Heal Block\n|cant|p2a: Corviknight|move: Heal Block|Roost\n|\n|upkeep\n|turn|70\n|\n|t:|1771267409\n|switch|p1a: Tornadus|Tornadus-Therian, M|97/100 tox\n|-damage|p1a: Tornadus|73/100 tox|[from] Stealth Rock\n|move|p2a: Corviknight|Iron Head|p1a: Tornadus\n|-damage|p1a: Tornadus|33/100 tox\n|\n|-damage|p1a: Tornadus|27/100 tox|[from] psn\n|-end|p2a: Corviknight|move: Heal Block\n|upkeep\n|turn|71\n|\n|t:|1771267418\n|move|p1a: Tornadus|Heat Wave|p2a: Corviknight\n|-supereffective|p2a: Corviknight\n|-damage|p2a: Corviknight|0 fnt\n|faint|p2a: Corviknight\n|\n|-damage|p1a: Tornadus|15/100 tox|[from] psn\n|upkeep\n|\n|t:|1771267421\n|switch|p2a: Gliscor|Gliscor, F|77/100 tox\n|-damage|p2a: Gliscor|65/100 tox|[from] Stealth Rock\n|turn|72\n|\n|t:|1771267428\n|move|p1a: Tornadus|Bleakwind Storm|p2a: Gliscor|[miss]\n|-miss|p1a: Tornadus|p2a: Gliscor\n|move|p2a: Gliscor|Knock Off|p1a: Tornadus\n|-damage|p1a: Tornadus|0 fnt\n|faint|p1a: Tornadus\n|\n|-heal|p2a: Gliscor|77/100 tox|[from] ability: Poison Heal\n|upkeep\n|\n|t:|1771267430\n|switch|p1a: Hatterene|Hatterene, F|55/100\n|-damage|p1a: Hatterene|42/100|[from] Stealth Rock\n|turn|73\n|\n|t:|1771267442\n|move|p2a: Gliscor|Knock Off|p1a: Hatterene\n|-damage|p1a: Hatterene|30/100\n|move|p1a: Hatterene|Pain Split|p2a: Gliscor\n|-sethp|p2a: Gliscor|52/100 tox|[from] move: Pain Split|[silent]\n|-sethp|p1a: Hatterene|58/100|[from] move: Pain Split\n|\n|-heal|p2a: Gliscor|65/100 tox|[from] ability: Poison Heal\n|upkeep\n|turn|74\n|\n|t:|1771267446\n|move|p2a: Gliscor|Protect|p2a: Gliscor\n|-singleturn|p2a: Gliscor|Protect\n|move|p1a: Hatterene|Pain Split|p2a: Gliscor\n|-activate|p2a: Gliscor|move: Protect\n|\n|-heal|p2a: Gliscor|77/100 tox|[from] ability: Poison Heal\n|upkeep\n|turn|75\n|\n|t:|1771267450\n|switch|p2a: Amoonguss|Amoonguss, F, shiny|78/100\n|-damage|p2a: Amoonguss|65/100|[from] Stealth Rock\n|move|p1a: Hatterene|Pain Split|p2a: Amoonguss\n|-sethp|p2a: Amoonguss|54/100|[from] move: Pain Split|[silent]\n|-sethp|p1a: Hatterene|73/100|[from] move: Pain Split\n|\n|upkeep\n|turn|76\n|\n|t:|1771267459\n|move|p2a: Amoonguss|Seed Bomb|p1a: Hatterene\n|-damage|p1a: Hatterene|53/100\n|move|p1a: Hatterene|Nuzzle|p2a: Amoonguss\n|-resisted|p2a: Amoonguss\n|-crit|p2a: Amoonguss\n|-damage|p2a: Amoonguss|51/100\n|-status|p2a: Amoonguss|par\n|\n|upkeep\n|turn|77\n|\n|t:|1771267464\n|move|p1a: Hatterene|Psychic Noise|p2a: Amoonguss\n|-supereffective|p2a: Amoonguss\n|-damage|p2a: Amoonguss|19/100 par\n|-start|p2a: Amoonguss|move: Heal Block\n|move|p2a: Amoonguss|Seed Bomb|p1a: Hatterene\n|-damage|p1a: Hatterene|33/100\n|\n|upkeep\n|turn|78\n|\n|t:|1771267472\n|switch|p1a: Raging Bolt|Raging Bolt|77/100\n|-damage|p1a: Raging Bolt|64/100|[from] Stealth Rock\n|switch|p2a: Weezing|Weezing-Galar, M|100/100\n|-ability|p2a: Weezing|Neutralizing Gas\n|\n|upkeep\n|turn|79\n|\n|t:|1771267477\n|-end|p2a: Weezing|ability: Neutralizing Gas\n|switch|p2a: Flesh Tutu|Blissey, F, shiny|100/100\n|move|p1a: Raging Bolt|Thunderbolt|p2a: Flesh Tutu\n|-damage|p2a: Flesh Tutu|85/100\n|-status|p2a: Flesh Tutu|par\n|\n|upkeep\n|turn|80\n|\n|t:|1771267480\n|-end|p1a: Raging Bolt|Protosynthesis|[silent]\n|switch|p1a: Ting-Lu|Ting-Lu|100/100\n|-damage|p1a: Ting-Lu|94/100|[from] Stealth Rock\n|-ability|p1a: Ting-Lu|Vessel of Ruin\n|move|p2a: Flesh Tutu|Seismic Toss|p1a: Ting-Lu\n|-damage|p1a: Ting-Lu|75/100\n|\n|-heal|p1a: Ting-Lu|81/100|[from] item: Leftovers\n|upkeep\n|turn|81\n|\n|t:|1771267484\n|-curestatus|p2a: Flesh Tutu|par|[from] ability: Natural Cure\n|switch|p2a: Gliscor|Gliscor, F|77/100 tox\n|-damage|p2a: Gliscor|65/100 tox|[from] Stealth Rock\n|move|p1a: Ting-Lu|Ruination|p2a: Gliscor\n|-damage|p2a: Gliscor|33/100 tox\n|\n|-heal|p1a: Ting-Lu|87/100|[from] item: Leftovers\n|-heal|p2a: Gliscor|45/100 tox|[from] ability: Poison Heal\n|upkeep\n|turn|82\n|\n|t:|1771267487\n|move|p2a: Gliscor|Knock Off|p1a: Ting-Lu\n|-resisted|p1a: Ting-Lu\n|-damage|p1a: Ting-Lu|81/100\n|-enditem|p1a: Ting-Lu|Leftovers|[from] move: Knock Off|[of] p2a: Gliscor\n|move|p1a: Ting-Lu|Whirlwind|p2a: Gliscor\n|drag|p2a: Flesh Tutu|Blissey, F, shiny|85/100\n|\n|upkeep\n|turn|83\n|\n|t:|1771267490\n|switch|p2a: Gliscor|Gliscor, F|45/100 tox\n|-damage|p2a: Gliscor|33/100 tox|[from] Stealth Rock\n|move|p1a: Ting-Lu|Ruination|p2a: Gliscor\n|-damage|p2a: Gliscor|17/100 tox\n|\n|-heal|p2a: Gliscor|29/100 tox|[from] ability: Poison Heal\n|upkeep\n|turn|84\n|\n|t:|1771267493\n|move|p2a: Gliscor|Toxic|p1a: Ting-Lu\n|-status|p1a: Ting-Lu|tox\n|move|p1a: Ting-Lu|Whirlwind|p2a: Gliscor\n|drag|p2a: Weezing|Weezing-Galar, M|100/100\n|-ability|p2a: Weezing|Neutralizing Gas\n|\n|-damage|p1a: Ting-Lu|75/100 tox|[from] psn\n|upkeep\n|turn|85\n|\n|t:|1771267498\n|-end|p2a: Weezing|ability: Neutralizing Gas\n|-ability|p1a: Ting-Lu|Vessel of Ruin\n|switch|p2a: Amoonguss|Amoonguss, F, shiny|52/100 par\n|-damage|p2a: Amoonguss|39/100 par|[from] Stealth Rock\n|move|p1a: Ting-Lu|Earthquake|p2a: Amoonguss\n|-damage|p2a: Amoonguss|0 fnt\n|faint|p2a: Amoonguss\n|\n|-damage|p1a: Ting-Lu|62/100 tox|[from] psn\n|upkeep\n|\n|t:|1771267501\n|switch|p2a: Gliscor|Gliscor, F|29/100 tox\n|-damage|p2a: Gliscor|17/100 tox|[from] Stealth Rock\n|turn|86\n|\n|t:|1771267503\n|move|p2a: Gliscor|Knock Off|p1a: Ting-Lu\n|-resisted|p1a: Ting-Lu\n|-damage|p1a: Ting-Lu|58/100 tox\n|move|p1a: Ting-Lu|Whirlwind|p2a: Gliscor\n|drag|p2a: Flesh Tutu|Blissey, F, shiny|85/100\n|\n|-damage|p1a: Ting-Lu|40/100 tox|[from] psn\n|upkeep\n|turn|87\n|\n|t:|1771267506\n|switch|p1a: Alomomola|Alomomola, M|83/100 tox\n|-damage|p1a: Alomomola|71/100 tox|[from] Stealth Rock\n|move|p2a: Flesh Tutu|Seismic Toss|p1a: Alomomola\n|-damage|p1a: Alomomola|52/100 tox\n|\n|-damage|p1a: Alomomola|46/100 tox|[from] psn\n|upkeep\n|turn|88\n|\n|t:|1771267511\n|switch|p2a: Weezing|Weezing-Galar, M|100/100\n|-ability|p2a: Weezing|Neutralizing Gas\n|move|p1a: Alomomola|Wish|p1a: Alomomola\n|\n|-damage|p1a: Alomomola|33/100 tox|[from] psn\n|upkeep\n|turn|89\n|\n|t:|1771267518\n|switch|p1a: Ting-Lu|Ting-Lu|40/100 tox\n|-damage|p1a: Ting-Lu|33/100 tox|[from] Stealth Rock\n|move|p2a: Weezing|Flamethrower|p1a: Ting-Lu\n|-damage|p1a: Ting-Lu|24/100 tox\n|\n|-heal|p1a: Ting-Lu|76/100 tox|[from] move: Wish|[wisher] Alomomola\n|-damage|p1a: Ting-Lu|70/100 tox|[from] psn\n|upkeep\n|turn|90\n|\n|t:|1771267526\n|-end|p2a: Weezing|ability: Neutralizing Gas\n|-ability|p1a: Ting-Lu|Vessel of Ruin\n|switch|p2a: Dondozo|Dondozo, F|100/100\n|-damage|p2a: Dondozo|88/100|[from] Stealth Rock\n|move|p1a: Ting-Lu|Whirlwind|p2a: Dondozo\n|drag|p2a: Weezing|Weezing-Galar, M|100/100\n|-ability|p2a: Weezing|Neutralizing Gas\n|\n|-damage|p1a: Ting-Lu|57/100 tox|[from] psn\n|upkeep\n|turn|91\n|\n|t:|1771267531\n|-end|p2a: Weezing|ability: Neutralizing Gas\n|-ability|p1a: Ting-Lu|Vessel of Ruin\n|switch|p2a: Dondozo|Dondozo, F|88/100\n|-damage|p2a: Dondozo|75/100|[from] Stealth Rock\n|move|p1a: Ting-Lu|Whirlwind|p2a: Dondozo\n|drag|p2a: Gliscor|Gliscor, F|17/100 tox\n|-damage|p2a: Gliscor|4/100 tox|[from] Stealth Rock\n|\n|-heal|p2a: Gliscor|17/100 tox|[from] ability: Poison Heal\n|-damage|p1a: Ting-Lu|39/100 tox|[from] psn\n|upkeep\n|turn|92\n|\n|t:|1771267536\n|move|p2a: Gliscor|Knock Off|p1a: Ting-Lu\n|-resisted|p1a: Ting-Lu\n|-damage|p1a: Ting-Lu|35/100 tox\n|move|p1a: Ting-Lu|Whirlwind|p2a: Gliscor\n|drag|p2a: Weezing|Weezing-Galar, M|100/100\n|-ability|p2a: Weezing|Neutralizing Gas\n|\n|-damage|p1a: Ting-Lu|10/100 tox|[from] psn\n|upkeep\n|turn|93\n|\n|t:|1771267541\n|move|p2a: Weezing|Flamethrower|p1a: Ting-Lu\n|-damage|p1a: Ting-Lu|0 fnt\n|faint|p1a: Ting-Lu\n|\n|upkeep\n|\n|t:|1771267547\n|switch|p1a: Raging Bolt|Raging Bolt|64/100\n|-damage|p1a: Raging Bolt|52/100|[from] Stealth Rock\n|turn|94\n|\n|t:|1771267550\n|-end|p2a: Weezing|ability: Neutralizing Gas\n|switch|p2a: Flesh Tutu|Blissey, F, shiny|85/100\n|move|p1a: Raging Bolt|Calm Mind|p1a: Raging Bolt\n|-boost|p1a: Raging Bolt|spa|1\n|-boost|p1a: Raging Bolt|spd|1\n|\n|upkeep\n|turn|95\n|\n|t:|1771267556\n|-end|p1a: Raging Bolt|Protosynthesis|[silent]\n|switch|p1a: Hatterene|Hatterene, F|33/100\n|-damage|p1a: Hatterene|20/100|[from] Stealth Rock\n|move|p2a: Flesh Tutu|Calm Mind|p2a: Flesh Tutu\n|-boost|p2a: Flesh Tutu|spa|1\n|-boost|p2a: Flesh Tutu|spd|1\n|\n|upkeep\n|turn|96\n|\n|t:|1771267563\n|move|p2a: Flesh Tutu|Shadow Ball|p1a: Hatterene\n|-supereffective|p1a: Hatterene\n|-damage|p1a: Hatterene|0 fnt\n|faint|p1a: Hatterene\n|\n|upkeep\n|c|☆nushinator|ggs\n|-message|nushinator forfeited.\n|\n|win|zarross\n|raw|nushinator's rating: 1739 &rarr; <strong>1719</strong><br />(-20 for losing)\n|raw|zarross's rating: 1733 &rarr; <strong>1753</strong><br />(+20 for winning)\n|l|☆nushinator\n|player|p1|\n|l|☆zarross\n|player|p2|\n|l| chase598\n", "uploadtime": 1771267820, "views": 4, "formatid": "gen9ou", "rating": 1719, "private": 0, "password": null}