{"id": "gen9ou-2540835112", "format": "[Gen 9] OU", "players": ["3idk", "CC Foot Soldier"], "log": "|j|☆3idk\n|j|☆CC Foot Soldier\n|t:|1771258942\n|gametype|singles\n|player|p1|3idk|cynthia-masters|1777\n|player|p2|CC Foot Soldier|waiter-gen4|1686\n|gen|9\n|tier|[Gen 9] OU\n|rated|\n|rule|HP Percentage Mod: HP is shown in percentages\n|rule|Endless Battle Clause: Forcing endless battles is banned\n|rule|Species Clause: Limit one of each Pokémon\n|rule|OHKO Clause: OHKO moves are banned\n|rule|Evasion Items Clause: Evasion items are banned\n|rule|Evasion Moves Clause: Evasion moves are banned\n|rule|Evasion Abilities Clause: Evasion abilities are banned\n|rule|Sleep Moves Clause: Sleep-inducing moves are banned\n|clearpoke\n|poke|p1|Pelipper, F|\n|poke|p1|Hatterene, F|\n|poke|p1|Iron Treads|\n|poke|p1|Toxicroak, F|\n|poke|p1|Barraskewda, F|\n|poke|p1|Zapdos|\n|poke|p2|Samurott-Hisui, F|\n|poke|p2|Raging Bolt|\n|poke|p2|Ogerpon, F|\n|poke|p2|Iron Treads|\n|poke|p2|Garganacl, F|\n|poke|p2|Pecharunt|\n|teampreview\n|inactive|Battle timer is ON: inactive players will automatically lose when time's up. (requested by CC Foot Soldier)\n|inactive|3idk also wants the timer to be on.\n|c|☆CC Foot Soldier|hf\n|\n|t:|1771258958\n|teamsize|p1|6\n|teamsize|p2|6\n|start\n|switch|p1a: Zapdos|Zapdos|100/100\n|switch|p2a: Garganacl|Garganacl, F|100/100\n|turn|1\n|\n|t:|1771258974\n|move|p1a: Zapdos|Volt Switch|p2a: Garganacl\n|-damage|p2a: Garganacl|66/100\n|\n|t:|1771258978\n|switch|p1a: Hatterene|Hatterene, F|100/100|[from] Volt Switch\n|move|p2a: Garganacl|Salt Cure|p1a: Hatterene\n|-damage|p1a: Hatterene|87/100\n|-start|p1a: Hatterene|Salt Cure\n|-enditem|p1a: Hatterene|Eject Button\n|\n|t:|1771258984\n|switch|p1a: Barraskewda|Barraskewda, F|100/100\n|\n|-heal|p2a: Garganacl|72/100|[from] item: Leftovers\n|upkeep\n|turn|2\n|\n|t:|1771258988\n|move|p2a: Garganacl|Protect|p2a: Garganacl\n|-singleturn|p2a: Garganacl|Protect\n|move|p1a: Barraskewda|Flip Turn|p2a: Garganacl\n|-activate|p2a: Garganacl|move: Protect\n|\n|-heal|p2a: Garganacl|78/100|[from] item: Leftovers\n|upkeep\n|turn|3\n|\n|t:|1771259007\n|-terastallize|p1a: Barraskewda|Water\n|move|p1a: Barraskewda|Flip Turn|p2a: Garganacl\n|-supereffective|p2a: Garganacl\n|-damage|p2a: Garganacl|0 fnt\n|faint|p2a: Garganacl\n|\n|t:|1771259015\n|switch|p1a: Zapdos|Zapdos|100/100|[from] Flip Turn\n|\n|upkeep\n|\n|t:|1771259019\n|switch|p2a: Iron Treads|Iron Treads|100/100\n|turn|4\n|\n|t:|1771259033\n|switch|p1a: Hatterene|Hatterene, F|87/100\n|move|p2a: Iron Treads|Volt Switch|p1a: Hatterene\n|-damage|p1a: Hatterene|76/100\n|\n|t:|1771259050\n|-end|p2a: Iron Treads|Quark Drive|[silent]\n|switch|p2a: Samurott|Samurott-Hisui, F|100/100|[from] Volt Switch\n|\n|upkeep\n|turn|5\n|\n|t:|1771259053\n|move|p2a: Samurott|Ceaseless Edge|p1a: Hatterene|[miss]\n|-miss|p2a: Samurott|p1a: Hatterene\n|move|p1a: Hatterene|Draining Kiss|p2a: Samurott\n|-supereffective|p2a: Samurott\n|-damage|p2a: Samurott|38/100\n|-heal|p1a: Hatterene|100/100|[from] drain|[of] p2a: Samurott\n|\n|upkeep\n|turn|6\n|\n|t:|1771259059\n|move|p2a: Samurott|Ceaseless Edge|p1a: Hatterene\n|-damage|p1a: Hatterene|63/100\n|-sidestart|p1: 3idk|Spikes\n|move|p1a: Hatterene|Draining Kiss|p2a: Samurott\n|-supereffective|p2a: Samurott\n|-damage|p2a: Samurott|0 fnt\n|-heal|p1a: Hatterene|92/100|[from] drain|[of] p2a: Samurott\n|faint|p2a: Samurott\n|\n|upkeep\n|\n|t:|1771259066\n|switch|p2a: Pecharunt|Pecharunt|100/100\n|turn|7\n|\n|t:|1771259073\n|move|p2a: Pecharunt|Malignant Chain|p1a: Hatterene\n|-supereffective|p1a: Hatterene\n|-damage|p1a: Hatterene|26/100\n|move|p1a: Hatterene|Psychic Noise|p2a: Pecharunt\n|-supereffective|p2a: Pecharunt\n|-damage|p2a: Pecharunt|30/100\n|-start|p2a: Pecharunt|move: Heal Block\n|\n|upkeep\n|turn|8\n|\n|t:|1771259086\n|switch|p1a: Iron Treads|Iron Treads|100/100\n|-damage|p1a: Iron Treads|88/100|[from] Spikes\n|move|p2a: Pecharunt|Hex|p1a: Iron Treads\n|-damage|p1a: Iron Treads|72/100\n|\n|-heal|p1a: Iron Treads|78/100|[from] item: Leftovers\n|-end|p2a: Pecharunt|move: Heal Block\n|upkeep\n|turn|9\n|\n|t:|1771259107\n|-terastallize|p2a: Pecharunt|Ghost\n|move|p1a: Iron Treads|Earthquake|p2a: Pecharunt\n|-damage|p2a: Pecharunt|14/100\n|move|p2a: Pecharunt|Recover|p2a: Pecharunt\n|-heal|p2a: Pecharunt|64/100\n|\n|-heal|p1a: Iron Treads|84/100|[from] item: Leftovers\n|upkeep\n|turn|10\n|\n|t:|1771259113\n|move|p1a: Iron Treads|Volt Switch|p2a: Pecharunt\n|-damage|p2a: Pecharunt|53/100\n|\n|t:|1771259117\n|-end|p1a: Iron Treads|Quark Drive|[silent]\n|switch|p1a: Toxicroak|Toxicroak, F|100/100|[from] Volt Switch\n|-damage|p1a: Toxicroak|88/100|[from] Spikes\n|move|p2a: Pecharunt|Recover|p2a: Pecharunt\n|-heal|p2a: Pecharunt|100/100\n|\n|upkeep\n|turn|11\n|\n|t:|1771259123\n|move|p1a: Toxicroak|Encore|p2a: Pecharunt\n|-start|p2a: Pecharunt|Encore\n|move|p2a: Pecharunt|Recover||[still]\n|-fail|p2a: Pecharunt|heal\n|\n|upkeep\n|turn|12\n|\n|t:|1771259128\n|switch|p1a: Pelipper|Pelipper, F|100/100\n|-weather|RainDance|[from] ability: Drizzle|[of] p1a: Pelipper\n|switch|p2a: Iron Treads|Iron Treads|100/100\n|\n|-weather|RainDance|[upkeep]\n|upkeep\n|turn|13\n|\n|t:|1771259135\n|switch|p1a: Hatterene|Hatterene, F|26/100\n|-damage|p1a: Hatterene|13/100|[from] Spikes\n|move|p2a: Iron Treads|Volt Switch|p1a: Hatterene\n|-damage|p1a: Hatterene|2/100\n|\n|t:|1771259138\n|-end|p2a: Iron Treads|Quark Drive|[silent]\n|switch|p2a: Ogerpon|Ogerpon, F|100/100|[from] Volt Switch\n|\n|-weather|RainDance|[upkeep]\n|upkeep\n|turn|14\n|\n|t:|1771259144\n|switch|p1a: Toxicroak|Toxicroak, F|88/100\n|-damage|p1a: Toxicroak|76/100|[from] Spikes\n|move|p2a: Ogerpon|U-turn|p1a: Toxicroak\n|-resisted|p1a: Toxicroak\n|-damage|p1a: Toxicroak|68/100\n|-damage|p2a: Ogerpon|84/100|[from] item: Rocky Helmet|[of] p1a: Toxicroak\n|\n|t:|1771259151\n|switch|p2a: Raging Bolt|Raging Bolt|100/100|[from] U-turn\n|\n|-weather|RainDance|[upkeep]\n|-heal|p1a: Toxicroak|81/100|[from] ability: Dry Skin\n|upkeep\n|turn|15\n|\n|t:|1771259158\n|switch|p1a: Iron Treads|Iron Treads|84/100\n|-damage|p1a: Iron Treads|72/100|[from] Spikes\n|move|p2a: Raging Bolt|Draco Meteor|p1a: Iron Treads\n|-resisted|p1a: Iron Treads\n|-crit|p1a: Iron Treads\n|-damage|p1a: Iron Treads|7/100\n|-unboost|p2a: Raging Bolt|spa|2\n|\n|-weather|RainDance|[upkeep]\n|-heal|p1a: Iron Treads|13/100|[from] item: Leftovers\n|upkeep\n|turn|16\n|\n|t:|1771259163\n|-end|p2a: Raging Bolt|Protosynthesis|[silent]\n|switch|p2a: Pecharunt|Pecharunt, tera:Ghost|100/100\n|move|p1a: Iron Treads|Stealth Rock|p2a: Pecharunt\n|-sidestart|p2: CC Foot Soldier|move: Stealth Rock\n|\n|-weather|RainDance|[upkeep]\n|-heal|p1a: Iron Treads|19/100|[from] item: Leftovers\n|upkeep\n|turn|17\n|\n|t:|1771259167\n|move|p1a: Iron Treads|Volt Switch|p2a: Pecharunt\n|-damage|p2a: Pecharunt|90/100\n|\n|t:|1771259171\n|-end|p1a: Iron Treads|Quark Drive|[silent]\n|switch|p1a: Hatterene|Hatterene, F|2/100|[from] Volt Switch\n|-damage|p1a: Hatterene|0 fnt|[from] Spikes\n|faint|p1a: Hatterene\n|move|p2a: Pecharunt|Hex|p1: Hatterene|[notarget]\n|-fail|p2a: Pecharunt\n|\n|-weather|RainDance|[upkeep]\n|upkeep\n|\n|t:|1771259174\n|switch|p1a: Zapdos|Zapdos|100/100\n|turn|18\n|\n|t:|1771259179\n|move|p1a: Zapdos|Hurricane|p2a: Pecharunt\n|-crit|p2a: Pecharunt\n|-damage|p2a: Pecharunt|0 fnt\n|faint|p2a: Pecharunt\n|\n|-weather|RainDance|[upkeep]\n|upkeep\n|\n|t:|1771259182\n|switch|p2a: Raging Bolt|Raging Bolt|100/100\n|-damage|p2a: Raging Bolt|88/100|[from] Stealth Rock\n|turn|19\n|\n|t:|1771259196\n|-end|p2a: Raging Bolt|Protosynthesis|[silent]\n|switch|p2a: Ogerpon|Ogerpon, F|84/100\n|-damage|p2a: Ogerpon|72/100|[from] Stealth Rock\n|move|p1a: Zapdos|Hurricane|p2a: Ogerpon\n|-supereffective|p2a: Ogerpon\n|-damage|p2a: Ogerpon|0 fnt\n|faint|p2a: Ogerpon\n|\n|-weather|none\n|upkeep\n|c|☆CC Foot Soldier|lol g\n|-message|CC Foot Soldier forfeited.\n|\n|win|3idk\n|raw|3idk's rating: 1777 &rarr; <strong>1792</strong><br />(+15 for winning)\n|raw|CC Foot Soldier's rating: 1686 &rarr; <strong>1671</strong><br />(-15 for losing)\n|l|☆CC Foot Soldier\n|player|p2|\n|c|☆3idk|ggs\n|l|☆3idk\n|player|p1|\n", "uploadtime": 1771259444, "views": 6, "formatid": "gen9ou", "rating": 1671, "private": 0, "password": null}