{"id": "gen9ou-2639242661", "format": "[Gen 9] OU", "players": ["nolan_k01", "Vecary"], "log": "|j|☆nolan_k01\n|j|☆Vecary\n|t:|1782439341\n|gametype|singles\n|player|p1|nolan_k01|dancer|1201\n|player|p2|Vecary|102|1325\n|gen|9\n|tier|[Gen 9] OU\n|rated|\n|rule|HP Percentage Mod: HP is shown in percentages\n|rule|Endless Battle Clause: Forcing endless battles is banned\n|rule|Species Clause: Limit one of each Pokémon\n|rule|OHKO Clause: OHKO moves are banned\n|rule|Evasion Items Clause: Evasion items are banned\n|rule|Evasion Moves Clause: Evasion moves are banned\n|rule|Evasion Abilities Clause: Evasion abilities are banned\n|rule|Sleep Moves Clause: Sleep-inducing moves are banned\n|clearpoke\n|poke|p1|Garchomp, M|\n|poke|p1|Greninja-*, M|\n|poke|p1|Torkoal, F|\n|poke|p1|Scovillain, M|\n|poke|p1|Ceruledge, F|\n|poke|p1|Venusaur, F|\n|poke|p2|Zamazenta-*|\n|poke|p2|Iron Hands|\n|poke|p2|Ceruledge, F|\n|poke|p2|Iron Valiant|\n|poke|p2|Deoxys-Speed|\n|poke|p2|Glimmora, F|\n|teampreview\n|inactive|Battle timer is ON: inactive players will automatically lose when time's up. (requested by nolan_k01)\n|\n|t:|1782439363\n|teamsize|p1|6\n|teamsize|p2|6\n|start\n|switch|p1a: ass|Torkoal, F|100/100\n|switch|p2a: Glimmora|Glimmora, F|100/100\n|-weather|SunnyDay|[from] ability: Drought|[of] p1a: ass\n|turn|1\n|inactive|nolan_k01 has 120 seconds left.\n|\n|t:|1782439416\n|move|p2a: Glimmora|Stealth Rock|p1a: ass\n|-sidestart|p1: nolan_k01|move: Stealth Rock\n|move|p1a: ass|Stealth Rock|p2a: Glimmora\n|-sidestart|p2: Vecary|move: Stealth Rock\n|\n|-weather|SunnyDay|[upkeep]\n|upkeep\n|turn|2\n|\n|t:|1782439421\n|move|p2a: Glimmora|Mortal Spin|p1a: ass\n|-damage|p1a: ass|96/100\n|-status|p1a: ass|psn\n|-sideend|p2: Vecary|Stealth Rock|[from] move: Mortal Spin|[of] p2a: Glimmora\n|move|p1a: ass|Rapid Spin|p2a: Glimmora\n|-resisted|p2a: Glimmora\n|-damage|p2a: Glimmora|97/100\n|-boost|p1a: ass|spe|1\n|-activate|p2a: Glimmora|ability: Toxic Debris\n|-sidestart|p1: nolan_k01|move: Toxic Spikes\n|-sideend|p1: nolan_k01|Toxic Spikes|[from] move: Rapid Spin|[of] p1a: ass\n|-sideend|p1: nolan_k01|Stealth Rock|[from] move: Rapid Spin|[of] p1a: ass\n|-enditem|p2a: Glimmora|Red Card|[of] p1a: ass\n|drag|p1a: rex killah|Garchomp, M, shiny|100/100\n|\n|-weather|SunnyDay|[upkeep]\n|upkeep\n|turn|3\n|\n|t:|1782439438\n|-terastallize|p1a: rex killah|Ground\n|-terastallize|p2a: Glimmora|Ghost\n|move|p1a: rex killah|Earthquake|p2a: Glimmora\n|-damage|p2a: Glimmora|43/100\n|-activate|p2a: Glimmora|ability: Toxic Debris\n|-sidestart|p1: nolan_k01|move: Toxic Spikes\n|move|p2a: Glimmora|Mortal Spin|p1a: rex killah\n|-resisted|p1a: rex killah\n|-damage|p1a: rex killah|98/100\n|-status|p1a: rex killah|psn\n|-damage|p2a: Glimmora|31/100|[from] ability: Rough Skin|[of] p1a: rex killah\n|-damage|p2a: Glimmora|14/100|[from] item: Rocky Helmet|[of] p1a: rex killah\n|\n|-weather|SunnyDay|[upkeep]\n|-damage|p1a: rex killah|85/100 psn|[from] psn\n|upkeep\n|turn|4\n|\n|t:|1782439458\n|move|p1a: rex killah|Dragon Claw|p2a: Glimmora\n|-damage|p2a: Glimmora|0 fnt\n|-activate|p2a: Glimmora|ability: Toxic Debris\n|-sidestart|p1: nolan_k01|move: Toxic Spikes\n|faint|p2a: Glimmora\n|\n|-weather|SunnyDay|[upkeep]\n|-damage|p1a: rex killah|73/100 psn|[from] psn\n|upkeep\n|\n|t:|1782439469\n|switch|p2a: Deoxys|Deoxys-Speed|100/100\n|-ability|p2a: Deoxys|Pressure\n|turn|5\n|\n|t:|1782439477\n|move|p2a: Deoxys|Reflect|p2a: Deoxys\n|-sidestart|p2: Vecary|Reflect\n|move|p1a: rex killah|Swords Dance|p1a: rex killah\n|-boost|p1a: rex killah|atk|2\n|\n|-weather|SunnyDay|[upkeep]\n|-damage|p1a: rex killah|61/100 psn|[from] psn\n|upkeep\n|turn|6\n|\n|t:|1782439482\n|move|p2a: Deoxys|Taunt|p1a: rex killah\n|-start|p1a: rex killah|move: Taunt\n|move|p1a: rex killah|Earthquake|p2a: Deoxys\n|-damage|p2a: Deoxys|23/100\n|\n|-weather|SunnyDay|[upkeep]\n|-damage|p1a: rex killah|49/100 psn|[from] psn\n|upkeep\n|turn|7\n|\n|t:|1782439490\n|move|p2a: Deoxys|Light Screen|p2a: Deoxys\n|-sidestart|p2: Vecary|move: Light Screen\n|move|p1a: rex killah|Earthquake|p2a: Deoxys\n|-damage|p2a: Deoxys|0 fnt\n|faint|p2a: Deoxys\n|\n|-weather|SunnyDay|[upkeep]\n|-damage|p1a: rex killah|36/100 psn|[from] psn\n|upkeep\n|\n|t:|1782439501\n|switch|p2a: Zamazenta|Zamazenta|100/100\n|-ability|p2a: Zamazenta|Dauntless Shield|boost\n|-boost|p2a: Zamazenta|def|1\n|turn|8\n|\n|t:|1782439508\n|move|p2a: Zamazenta|Iron Defense|p2a: Zamazenta\n|-boost|p2a: Zamazenta|def|2\n|move|p1a: rex killah|Earthquake|p2a: Zamazenta\n|-damage|p2a: Zamazenta|77/100\n|\n|-weather|none\n|-heal|p2a: Zamazenta|84/100|[from] item: Leftovers\n|-damage|p1a: rex killah|24/100 psn|[from] psn\n|-end|p1a: rex killah|move: Taunt\n|upkeep\n|turn|9\n|\n|t:|1782439516\n|move|p1a: rex killah|Facade|p2a: Zamazenta\n|-damage|p2a: Zamazenta|70/100\n|move|p2a: Zamazenta|Roar|p1a: rex killah\n|drag|p1a: Bartolomew|Greninja, M|100/100\n|-status|p1a: Bartolomew|tox\n|\n|-heal|p2a: Zamazenta|76/100|[from] item: Leftovers\n|-damage|p1a: Bartolomew|95/100 tox|[from] psn\n|upkeep\n|turn|10\n|\n|t:|1782439525\n|move|p2a: Zamazenta|Body Press|p1a: Bartolomew\n|-supereffective|p1a: Bartolomew\n|-damage|p1a: Bartolomew|0 fnt\n|faint|p1a: Bartolomew\n|\n|-heal|p2a: Zamazenta|82/100|[from] item: Leftovers\n|upkeep\n|\n|t:|1782439529\n|switch|p1a: dinoherb|Venusaur, F|100/100\n|-sideend|p1: nolan_k01|move: Toxic Spikes|[of] p1a: dinoherb\n|turn|11\n|\n|t:|1782439538\n|move|p1a: dinoherb|Sludge Bomb|p2a: Zamazenta\n|-damage|p2a: Zamazenta|68/100\n|move|p2a: Zamazenta|Roar|p1a: dinoherb\n|drag|p1a: rex killah|Garchomp, M, shiny, tera:Ground|24/100 psn\n|\n|-heal|p2a: Zamazenta|74/100|[from] item: Leftovers\n|-damage|p1a: rex killah|12/100 psn|[from] psn\n|upkeep\n|turn|12\n|\n|t:|1782439558\n|move|p2a: Zamazenta|Iron Defense|p2a: Zamazenta\n|-boost|p2a: Zamazenta|def|2\n|move|p1a: rex killah|Earthquake|p2a: Zamazenta\n|-damage|p2a: Zamazenta|65/100\n|\n|-heal|p2a: Zamazenta|72/100|[from] item: Leftovers\n|-damage|p1a: rex killah|0 fnt|[from] psn\n|faint|p1a: rex killah\n|-sideend|p2: Vecary|Reflect\n|upkeep\n|\n|t:|1782439564\n|switch|p1a: ass|Torkoal, F|96/100 psn\n|-weather|SunnyDay|[from] ability: Drought|[of] p1a: ass\n|turn|13\n|\n|t:|1782439570\n|move|p2a: Zamazenta|Body Press|p1a: ass\n|-damage|p1a: ass|3/100 psn\n|move|p1a: ass|Will-O-Wisp|p2a: Zamazenta\n|-status|p2a: Zamazenta|brn\n|\n|-weather|SunnyDay|[upkeep]\n|-heal|p2a: Zamazenta|78/100 brn|[from] item: Leftovers\n|-damage|p1a: ass|0 fnt|[from] psn\n|faint|p1a: ass\n|-damage|p2a: Zamazenta|72/100 brn|[from] brn\n|upkeep\n|\n|t:|1782439576\n|switch|p1a: Carni and Voro|Scovillain, M|100/100\n|turn|14\n|\n|t:|1782439580\n|move|p1a: Carni and Voro|Solar Beam||[still]\n|-prepare|p1a: Carni and Voro|Solar Beam\n|-anim|p1a: Carni and Voro|Solar Beam|p2a: Zamazenta\n|-damage|p2a: Zamazenta|33/100 brn\n|move|p2a: Zamazenta|Body Press|p1a: Carni and Voro\n|-damage|p1a: Carni and Voro|0 fnt\n|faint|p1a: Carni and Voro\n|\n|-weather|SunnyDay|[upkeep]\n|-heal|p2a: Zamazenta|39/100 brn|[from] item: Leftovers\n|-damage|p2a: Zamazenta|33/100 brn|[from] brn\n|-sideend|p2: Vecary|move: Light Screen\n|upkeep\n|\n|t:|1782439588\n|switch|p1a: Fernando|Ceruledge, F, shiny|100/100\n|turn|15\n|\n|t:|1782439604\n|move|p1a: Fernando|Bitter Blade|p2a: Zamazenta\n|-damage|p2a: Zamazenta|17/100 brn\n|move|p2a: Zamazenta|Roar|p1a: Fernando\n|drag|p1a: dinoherb|Venusaur, F|100/100\n|\n|-weather|SunnyDay|[upkeep]\n|-heal|p2a: Zamazenta|23/100 brn|[from] item: Leftovers\n|-damage|p2a: Zamazenta|17/100 brn|[from] brn\n|upkeep\n|turn|16\n|\n|t:|1782439612\n|move|p1a: dinoherb|Sludge Bomb|p2a: Zamazenta\n|-damage|p2a: Zamazenta|0 fnt\n|faint|p2a: Zamazenta\n|\n|-weather|SunnyDay|[upkeep]\n|upkeep\n|\n|t:|1782439621\n|switch|p2a: Ceruledge|Ceruledge, F|100/100\n|turn|17\n|\n|t:|1782439625\n|move|p1a: dinoherb|Leech Seed|p2a: Ceruledge\n|-start|p2a: Ceruledge|move: Leech Seed\n|move|p2a: Ceruledge|Swords Dance|p2a: Ceruledge\n|-boost|p2a: Ceruledge|atk|2\n|\n|-weather|SunnyDay|[upkeep]\n|-damage|p2a: Ceruledge|88/100|[from] Leech Seed|[of] p1a: dinoherb\n|upkeep\n|turn|18\n|\n|t:|1782439629\n|move|p1a: dinoherb|Substitute|p1a: dinoherb\n|-start|p1a: dinoherb|Substitute\n|-damage|p1a: dinoherb|75/100\n|move|p2a: Ceruledge|Bitter Blade|p1a: dinoherb\n|-supereffective|p1a: dinoherb\n|-end|p1a: dinoherb|Substitute\n|-heal|p2a: Ceruledge|100/100|[from] drain|[of] p1a: dinoherb\n|-damage|p2a: Ceruledge|91/100|[from] item: Life Orb\n|\n|-weather|SunnyDay|[upkeep]\n|-heal|p1a: dinoherb|82/100|[from] item: Black Sludge\n|-damage|p2a: Ceruledge|78/100|[from] Leech Seed|[of] p1a: dinoherb\n|-heal|p1a: dinoherb|92/100|[silent]\n|upkeep\n|turn|19\n|\n|t:|1782439636\n|move|p1a: dinoherb|Substitute|p1a: dinoherb\n|-start|p1a: dinoherb|Substitute\n|-damage|p1a: dinoherb|67/100\n|move|p2a: Ceruledge|Bitter Blade|p1a: dinoherb\n|-supereffective|p1a: dinoherb\n|-end|p1a: dinoherb|Substitute\n|-heal|p2a: Ceruledge|93/100|[from] drain|[of] p1a: dinoherb\n|-damage|p2a: Ceruledge|83/100|[from] item: Life Orb\n|\n|-weather|SunnyDay|[upkeep]\n|-heal|p1a: dinoherb|74/100|[from] item: Black Sludge\n|-damage|p2a: Ceruledge|70/100|[from] Leech Seed|[of] p1a: dinoherb\n|-heal|p1a: dinoherb|84/100|[silent]\n|upkeep\n|turn|20\n|\n|t:|1782439663\n|move|p1a: dinoherb|Substitute|p1a: dinoherb\n|-start|p1a: dinoherb|Substitute\n|-damage|p1a: dinoherb|59/100\n|move|p2a: Ceruledge|Bitter Blade|p1a: dinoherb\n|-supereffective|p1a: dinoherb\n|-end|p1a: dinoherb|Substitute\n|-heal|p2a: Ceruledge|85/100|[from] drain|[of] p1a: dinoherb\n|-damage|p2a: Ceruledge|75/100|[from] item: Life Orb\n|\n|-weather|none\n|-heal|p1a: dinoherb|66/100|[from] item: Black Sludge\n|-damage|p2a: Ceruledge|62/100|[from] Leech Seed|[of] p1a: dinoherb\n|-heal|p1a: dinoherb|76/100|[silent]\n|upkeep\n|turn|21\n|\n|t:|1782439672\n|move|p1a: dinoherb|Protect|p1a: dinoherb\n|-singleturn|p1a: dinoherb|Protect\n|move|p2a: Ceruledge|Poltergeist|p1a: dinoherb\n|-activate|p1a: dinoherb|move: Protect\n|\n|-heal|p1a: dinoherb|83/100|[from] item: Black Sludge\n|-damage|p2a: Ceruledge|50/100|[from] Leech Seed|[of] p1a: dinoherb\n|-heal|p1a: dinoherb|93/100|[silent]\n|upkeep\n|turn|22\n|inactive|nolan_k01 has 120 seconds left.\n|\n|t:|1782439694\n|move|p1a: dinoherb|Substitute|p1a: dinoherb\n|-start|p1a: dinoherb|Substitute\n|-damage|p1a: dinoherb|68/100\n|move|p2a: Ceruledge|Bitter Blade|p1a: dinoherb\n|-supereffective|p1a: dinoherb\n|-end|p1a: dinoherb|Substitute\n|-heal|p2a: Ceruledge|64/100|[from] drain|[of] p1a: dinoherb\n|-damage|p2a: Ceruledge|54/100|[from] item: Life Orb\n|\n|-heal|p1a: dinoherb|75/100|[from] item: Black Sludge\n|-damage|p2a: Ceruledge|42/100|[from] Leech Seed|[of] p1a: dinoherb\n|-heal|p1a: dinoherb|85/100|[silent]\n|upkeep\n|turn|23\n|\n|t:|1782439702\n|move|p2a: Ceruledge|Shadow Sneak|p1a: dinoherb\n|-damage|p1a: dinoherb|12/100\n|-damage|p2a: Ceruledge|32/100|[from] item: Life Orb\n|move|p1a: dinoherb|Substitute|p1a: dinoherb\n|-fail|p1a: dinoherb|move: Substitute|[weak]\n|\n|-heal|p1a: dinoherb|18/100|[from] item: Black Sludge\n|-damage|p2a: Ceruledge|20/100|[from] Leech Seed|[of] p1a: dinoherb\n|-heal|p1a: dinoherb|29/100|[silent]\n|upkeep\n|turn|24\n|\n|t:|1782439710\n|move|p1a: dinoherb|Protect|p1a: dinoherb\n|-singleturn|p1a: dinoherb|Protect\n|move|p2a: Ceruledge|Shadow Sneak|p1a: dinoherb\n|-activate|p1a: dinoherb|move: Protect\n|\n|-heal|p1a: dinoherb|35/100|[from] item: Black Sludge\n|-damage|p2a: Ceruledge|7/100|[from] Leech Seed|[of] p1a: dinoherb\n|-heal|p1a: dinoherb|46/100|[silent]\n|upkeep\n|turn|25\n|inactive|nolan_k01 has 120 seconds left.\n|\n|t:|1782439747\n|move|p1a: dinoherb|Protect|p1a: dinoherb\n|-singleturn|p1a: dinoherb|Protect\n|move|p2a: Ceruledge|Shadow Sneak|p1a: dinoherb\n|-activate|p1a: dinoherb|move: Protect\n|\n|-heal|p1a: dinoherb|52/100|[from] item: Black Sludge\n|-damage|p2a: Ceruledge|0 fnt|[from] Leech Seed|[of] p1a: dinoherb\n|-heal|p1a: dinoherb|58/100|[silent]\n|faint|p2a: Ceruledge\n|upkeep\n|\n|t:|1782439751\n|switch|p2a: Iron Hands|Iron Hands|100/100\n|-enditem|p2a: Iron Hands|Booster Energy\n|-activate|p2a: Iron Hands|ability: Quark Drive|[fromitem]\n|-start|p2a: Iron Hands|quarkdriveatk\n|turn|26\n|\n|t:|1782439767\n|move|p1a: dinoherb|Leech Seed|p2a: Iron Hands\n|-start|p2a: Iron Hands|move: Leech Seed\n|move|p2a: Iron Hands|Ice Punch|p1a: dinoherb\n|-supereffective|p1a: dinoherb\n|-damage|p1a: dinoherb|0 fnt\n|faint|p1a: dinoherb\n|\n|upkeep\n|\n|t:|1782439772\n|switch|p1a: Fernando|Ceruledge, F, shiny|100/100\n|turn|27\n|\n|t:|1782439794\n|move|p1a: Fernando|Bulk Up|p1a: Fernando\n|-boost|p1a: Fernando|atk|1\n|-boost|p1a: Fernando|def|1\n|move|p2a: Iron Hands|Supercell Slam|p1a: Fernando\n|-damage|p1a: Fernando|20/100\n|-ability|p1a: Fernando|Weak Armor|boost\n|-unboost|p1a: Fernando|def|1\n|-boost|p1a: Fernando|spe|2\n|\n|-damage|p2a: Iron Hands|88/100|[from] Leech Seed|[of] p1a: Fernando\n|-heal|p1a: Fernando|39/100|[silent]\n|upkeep\n|turn|28\n|inactive|nolan_k01 has 90 seconds left.\n|\n|t:|1782439834\n|move|p1a: Fernando|Poltergeist||[still]\n|-fail|p1a: Fernando\n|move|p2a: Iron Hands|Supercell Slam|p1a: Fernando\n|-damage|p1a: Fernando|0 fnt\n|faint|p1a: Fernando\n|\n|win|Vecary\n|raw|nolan_k01's rating: 1201 &rarr; <strong>1185</strong><br />(-16 for losing)\n|raw|Vecary's rating: 1325 &rarr; <strong>1338</strong><br />(+13 for winning)\n|c|☆Vecary|lol\n|l|☆nolan_k01\n|player|p1|\n|l|☆Vecary\n|player|p2|\n", "uploadtime": 1782440170, "views": 7, "formatid": "gen9ou", "rating": 1185, "private": 0, "password": null}