{"id": "gen9ou-2647716133", "format": "[Gen 9] OU", "players": ["Aggrhy", "adfjnalhdfb"], "log": "|j|☆Aggrhy\n|j|☆adfjnalhdfb\n|t:|1783800782\n|gametype|singles\n|player|p1|Aggrhy|red-masters|1346\n|player|p2|adfjnalhdfb|2|1327\n|gen|9\n|tier|[Gen 9] OU\n|rated|\n|rule|HP Percentage Mod: HP is shown in percentages\n|rule|Endless Battle Clause: Forcing endless battles is banned\n|rule|Species Clause: Limit one of each Pokémon\n|rule|OHKO Clause: OHKO moves are banned\n|rule|Evasion Items Clause: Evasion items are banned\n|rule|Evasion Moves Clause: Evasion moves are banned\n|rule|Evasion Abilities Clause: Evasion abilities are banned\n|rule|Sleep Moves Clause: Sleep-inducing moves are banned\n|clearpoke\n|poke|p1|Klawf, F|\n|poke|p1|Reuniclus, M|\n|poke|p1|Gliscor, M|\n|poke|p1|Exeggutor-Alola, F|\n|poke|p1|Blastoise, F|\n|poke|p1|Umbreon, F|\n|poke|p2|Arboliva, F|\n|poke|p2|Ninetales, F|\n|poke|p2|Great Tusk|\n|poke|p2|Walking Wake|\n|poke|p2|Hatterene, F|\n|poke|p2|Iron Moth|\n|teampreview\n|inactive|Battle timer is ON: inactive players will automatically lose when time's up. (requested by Aggrhy)\n|\n|t:|1783800796\n|teamsize|p1|6\n|teamsize|p2|6\n|start\n|switch|p1a: Reuniclus|Reuniclus, M|100/100\n|switch|p2a: Ninetales|Ninetales, F|100/100\n|-weather|SunnyDay|[from] ability: Drought|[of] p2a: Ninetales\n|turn|1\n|\n|t:|1783800814\n|switch|p2a: Arboliva|Arboliva, F|100/100\n|move|p1a: Reuniclus|Knock Off|p2a: Arboliva\n|-crit|p2a: Arboliva\n|-damage|p2a: Arboliva|75/100\n|-enditem|p2a: Arboliva|Custap Berry|[from] move: Knock Off|[of] p1a: Reuniclus\n|\n|-weather|SunnyDay|[upkeep]\n|upkeep\n|turn|2\n|\n|t:|1783800824\n|move|p2a: Arboliva|Growth|p2a: Arboliva\n|-boost|p2a: Arboliva|atk|2\n|-boost|p2a: Arboliva|spa|2\n|move|p1a: Reuniclus|Focus Blast|p2a: Arboliva\n|-supereffective|p2a: Arboliva\n|-damage|p2a: Arboliva|14/100\n|-unboost|p2a: Arboliva|spd|1\n|\n|-weather|SunnyDay|[upkeep]\n|upkeep\n|turn|3\n|\n|t:|1783800835\n|move|p2a: Arboliva|Solar Beam||[still]\n|-prepare|p2a: Arboliva|Solar Beam\n|-anim|p2a: Arboliva|Solar Beam|p1a: Reuniclus\n|-damage|p1a: Reuniclus|42/100\n|move|p1a: Reuniclus|Psychic Noise|p2a: Arboliva\n|-damage|p2a: Arboliva|0 fnt\n|faint|p2a: Arboliva\n|\n|-weather|SunnyDay|[upkeep]\n|upkeep\n|\n|t:|1783800843\n|switch|p2a: Walking Wake|Walking Wake|100/100\n|-activate|p2a: Walking Wake|ability: Protosynthesis\n|-start|p2a: Walking Wake|protosynthesisspa\n|turn|4\n|\n|t:|1783800856\n|switch|p1a: Blastoise|Blastoise, F|100/100\n|move|p2a: Walking Wake|Hydro Steam|p1a: Blastoise\n|-resisted|p1a: Blastoise\n|-damage|p1a: Blastoise|55/100\n|\n|-weather|SunnyDay|[upkeep]\n|upkeep\n|turn|5\n|\n|t:|1783800866\n|-terastallize|p2a: Walking Wake|Water\n|move|p2a: Walking Wake|Hydro Steam|p1a: Blastoise\n|-resisted|p1a: Blastoise\n|-damage|p1a: Blastoise|0 fnt\n|faint|p1a: Blastoise\n|\n|-weather|SunnyDay|[upkeep]\n|upkeep\n|\n|t:|1783800880\n|switch|p1a: Exeggutor|Exeggutor-Alola, F|100/100\n|turn|6\n|\n|t:|1783800898\n|-end|p2a: Walking Wake|Protosynthesis|[silent]\n|switch|p2a: Hatterene|Hatterene, F|100/100\n|move|p1a: Exeggutor|Dragon Pulse|p2a: Hatterene\n|-immune|p2a: Hatterene\n|\n|-weather|SunnyDay|[upkeep]\n|upkeep\n|turn|7\n|\n|t:|1783800908\n|switch|p1a: Gliscor|Gliscor, M|100/100\n|move|p2a: Hatterene|Mystical Fire|p1a: Gliscor\n|-damage|p1a: Gliscor|60/100\n|-unboost|p1a: Gliscor|spa|1\n|\n|-weather|SunnyDay|[upkeep]\n|-status|p1a: Gliscor|tox|[from] item: Toxic Orb\n|upkeep\n|turn|8\n|\n|t:|1783800919\n|move|p1a: Gliscor|Protect|p1a: Gliscor\n|-singleturn|p1a: Gliscor|Protect\n|move|p2a: Hatterene|Mystical Fire|p1a: Gliscor\n|-activate|p1a: Gliscor|move: Protect\n|\n|-weather|none\n|-heal|p1a: Gliscor|72/100 tox|[from] ability: Poison Heal\n|upkeep\n|turn|9\n|\n|t:|1783800930\n|move|p1a: Gliscor|Earthquake|p2a: Hatterene\n|-damage|p2a: Hatterene|73/100\n|-enditem|p2a: Hatterene|Eject Button\n|\n|t:|1783800932\n|switch|p2a: Ninetales|Ninetales, F|100/100\n|-weather|SunnyDay|[from] ability: Drought|[of] p2a: Ninetales\n|\n|-weather|SunnyDay|[upkeep]\n|-heal|p1a: Gliscor|85/100 tox|[from] ability: Poison Heal\n|upkeep\n|turn|10\n|\n|t:|1783800952\n|switch|p2a: Great Tusk|Great Tusk|100/100\n|-activate|p2a: Great Tusk|ability: Protosynthesis\n|-start|p2a: Great Tusk|protosynthesisspe\n|move|p1a: Gliscor|Earthquake|p2a: Great Tusk\n|-damage|p2a: Great Tusk|76/100\n|\n|-weather|SunnyDay|[upkeep]\n|-heal|p1a: Gliscor|97/100 tox|[from] ability: Poison Heal\n|upkeep\n|turn|11\n|\n|t:|1783800963\n|move|p2a: Great Tusk|Ice Spinner|p1a: Gliscor\n|-supereffective|p1a: Gliscor\n|-damage|p1a: Gliscor|36/100 tox\n|move|p1a: Gliscor|Toxic|p2a: Great Tusk\n|-status|p2a: Great Tusk|tox\n|\n|-weather|SunnyDay|[upkeep]\n|-damage|p2a: Great Tusk|69/100 tox|[from] psn\n|-heal|p1a: Gliscor|49/100 tox|[from] ability: Poison Heal\n|upkeep\n|turn|12\n|\n|t:|1783800977\n|-end|p2a: Great Tusk|Protosynthesis|[silent]\n|switch|p2a: Iron Moth|Iron Moth|100/100\n|-enditem|p2a: Iron Moth|Booster Energy\n|-activate|p2a: Iron Moth|ability: Quark Drive|[fromitem]\n|-start|p2a: Iron Moth|quarkdrivespe\n|move|p1a: Gliscor|Protect||[still]\n|-fail|p1a: Gliscor\n|\n|-weather|SunnyDay|[upkeep]\n|-heal|p1a: Gliscor|61/100 tox|[from] ability: Poison Heal\n|upkeep\n|turn|13\n|\n|t:|1783800988\n|move|p1a: Gliscor|Protect|p1a: Gliscor\n|-singleturn|p1a: Gliscor|Protect\n|move|p2a: Iron Moth|Fiery Dance|p1a: Gliscor\n|-activate|p1a: Gliscor|move: Protect\n|\n|-weather|SunnyDay|[upkeep]\n|-heal|p1a: Gliscor|73/100 tox|[from] ability: Poison Heal\n|upkeep\n|turn|14\n|\n|t:|1783801002\n|switch|p1a: Reuniclus|Reuniclus, M|75/100\n|move|p2a: Iron Moth|Fiery Dance|p1a: Reuniclus\n|-damage|p1a: Reuniclus|46/100\n|-boost|p2a: Iron Moth|spa|1\n|\n|-weather|SunnyDay|[upkeep]\n|upkeep\n|turn|15\n|\n|t:|1783801012\n|move|p2a: Iron Moth|Fiery Dance|p1a: Reuniclus\n|-damage|p1a: Reuniclus|10/100\n|move|p1a: Reuniclus|Psychic Noise|p2a: Iron Moth\n|-supereffective|p2a: Iron Moth\n|-damage|p2a: Iron Moth|32/100\n|-start|p2a: Iron Moth|move: Heal Block\n|\n|-weather|SunnyDay|[upkeep]\n|upkeep\n|turn|16\n|\n|t:|1783801023\n|move|p2a: Iron Moth|Fiery Dance|p1a: Reuniclus\n|-damage|p1a: Reuniclus|0 fnt\n|-boost|p2a: Iron Moth|spa|1\n|faint|p1a: Reuniclus\n|\n|-weather|none\n|-end|p2a: Iron Moth|move: Heal Block\n|upkeep\n|\n|t:|1783801032\n|switch|p1a: Umbreon|Umbreon, F|100/100\n|turn|17\n|\n|t:|1783801040\n|move|p2a: Iron Moth|Fiery Dance|p1a: Umbreon\n|-damage|p1a: Umbreon|52/100\n|-boost|p2a: Iron Moth|spa|1\n|move|p1a: Umbreon|Foul Play|p2a: Iron Moth\n|-damage|p2a: Iron Moth|6/100\n|\n|-heal|p1a: Umbreon|58/100|[from] item: Leftovers\n|upkeep\n|turn|18\n|\n|t:|1783801051\n|move|p1a: Umbreon|Protect|p1a: Umbreon\n|-singleturn|p1a: Umbreon|Protect\n|move|p2a: Iron Moth|Fiery Dance|p1a: Umbreon\n|-activate|p1a: Umbreon|move: Protect\n|\n|-heal|p1a: Umbreon|64/100|[from] item: Leftovers\n|upkeep\n|turn|19\n|\n|t:|1783801064\n|move|p2a: Iron Moth|Sludge Wave|p1a: Umbreon\n|-damage|p1a: Umbreon|0 fnt\n|faint|p1a: Umbreon\n|\n|upkeep\n|\n|t:|1783801072\n|switch|p1a: Klawf|Klawf, F|100/100\n|turn|20\n|c|☆adfjnalhdfb|this is why you need prority\n|\n|t:|1783801077\n|move|p2a: Iron Moth|Fiery Dance|p1a: Klawf\n|-resisted|p1a: Klawf\n|-damage|p1a: Klawf|17/100\n|-ability|p1a: Klawf|Anger Shell|boost\n|-boost|p1a: Klawf|atk|1\n|-boost|p1a: Klawf|spa|1\n|-boost|p1a: Klawf|spe|1\n|-unboost|p1a: Klawf|def|1\n|-unboost|p1a: Klawf|spd|1\n|move|p1a: Klawf|High Horsepower|p2a: Iron Moth\n|-supereffective|p2a: Iron Moth\n|-damage|p2a: Iron Moth|0 fnt\n|faint|p2a: Iron Moth\n|-end|p2a: Iron Moth|Quark Drive|[silent]\n|\n|upkeep\n|\n|t:|1783801091\n|switch|p2a: Ninetales|Ninetales, F|100/100\n|-weather|SunnyDay|[from] ability: Drought|[of] p2a: Ninetales\n|turn|21\n|\n|t:|1783801096\n|move|p1a: Klawf|Stone Edge|p2a: Ninetales\n|-supereffective|p2a: Ninetales\n|-damage|p2a: Ninetales|0 fnt\n|faint|p2a: Ninetales\n|\n|-weather|SunnyDay|[upkeep]\n|upkeep\n|\n|t:|1783801113\n|switch|p2a: Hatterene|Hatterene, F|73/100\n|turn|22\n|\n|t:|1783801117\n|move|p1a: Klawf|Stone Edge|p2a: Hatterene|[miss]\n|-miss|p1a: Klawf|p2a: Hatterene\n|move|p2a: Hatterene|Mystical Fire|p1a: Klawf\n|-resisted|p1a: Klawf\n|-damage|p1a: Klawf|0 fnt\n|faint|p1a: Klawf\n|\n|-weather|SunnyDay|[upkeep]\n|upkeep\n|\n|t:|1783801128\n|switch|p1a: Gliscor|Gliscor, M|73/100 tox\n|turn|23\n|\n|t:|1783801132\n|switch|p2a: Walking Wake|Walking Wake, tera:Water|100/100\n|-activate|p2a: Walking Wake|ability: Protosynthesis\n|-start|p2a: Walking Wake|protosynthesisspa\n|move|p1a: Gliscor|Protect||[still]\n|-fail|p1a: Gliscor\n|\n|-weather|SunnyDay|[upkeep]\n|-heal|p1a: Gliscor|86/100 tox|[from] ability: Poison Heal\n|upkeep\n|turn|24\n|\n|t:|1783801147\n|move|p1a: Gliscor|Protect|p1a: Gliscor\n|-singleturn|p1a: Gliscor|Protect\n|move|p2a: Walking Wake|Draco Meteor|p1a: Gliscor\n|-activate|p1a: Gliscor|move: Protect\n|\n|-weather|SunnyDay|[upkeep]\n|-heal|p1a: Gliscor|98/100 tox|[from] ability: Poison Heal\n|upkeep\n|turn|25\n|\n|t:|1783801157\n|move|p2a: Walking Wake|Draco Meteor|p1a: Gliscor\n|-damage|p1a: Gliscor|0 fnt\n|-unboost|p2a: Walking Wake|spa|2\n|faint|p1a: Gliscor\n|\n|-weather|SunnyDay|[upkeep]\n|upkeep\n|\n|t:|1783801166\n|switch|p1a: Exeggutor|Exeggutor-Alola, F|100/100\n|turn|26\n|\n|t:|1783801170\n|move|p2a: Walking Wake|Draco Meteor|p1a: Exeggutor\n|-supereffective|p1a: Exeggutor\n|-damage|p1a: Exeggutor|0 fnt\n|-unboost|p2a: Walking Wake|spa|2\n|faint|p1a: Exeggutor\n|\n|win|adfjnalhdfb\n|raw|Aggrhy's rating: 1346 &rarr; <strong>1325</strong><br />(-21 for losing)\n|raw|adfjnalhdfb's rating: 1327 &rarr; <strong>1348</strong><br />(+21 for winning)\n|l|☆Aggrhy\n|player|p1|\n|l|☆adfjnalhdfb\n|player|p2|\n", "uploadtime": 1783801549, "views": 5, "formatid": "gen9ou", "rating": 1325, "private": 0, "password": null}