{"id": "gen9ou-2639194894", "format": "[Gen 9] OU", "players": ["YuhNinja", "Cubsy"], "log": "|j|☆YuhNinja\n|j|☆Cubsy\n|t:|1782432300\n|gametype|singles\n|player|p1|YuhNinja|lusamine-nihilego|1265\n|player|p2|Cubsy|giovanni|1239\n|gen|9\n|tier|[Gen 9] OU\n|rated|\n|rule|HP Percentage Mod: HP is shown in percentages\n|rule|Endless Battle Clause: Forcing endless battles is banned\n|rule|Species Clause: Limit one of each Pokémon\n|rule|OHKO Clause: OHKO moves are banned\n|rule|Evasion Items Clause: Evasion items are banned\n|rule|Evasion Moves Clause: Evasion moves are banned\n|rule|Evasion Abilities Clause: Evasion abilities are banned\n|rule|Sleep Moves Clause: Sleep-inducing moves are banned\n|clearpoke\n|poke|p1|Magnezone|\n|poke|p1|Ursaluna, M|\n|poke|p1|Volcanion|\n|poke|p1|Weezing-Galar, M|\n|poke|p1|Cresselia, F|\n|poke|p1|Zamazenta-*|\n|poke|p2|Gengar, M|\n|poke|p2|Toxapex, F|\n|poke|p2|Grafaiai, M|\n|poke|p2|Glimmora, F|\n|poke|p2|Revavroom, F|\n|poke|p2|Muk-Alola, F|\n|teampreview\n|inactive|Battle timer is ON: inactive players will automatically lose when time's up. (requested by Cubsy)\n|\n|t:|1782432306\n|teamsize|p1|6\n|teamsize|p2|6\n|start\n|switch|p1a: Weezing|Weezing-Galar, M|100/100\n|switch|p2a: Mr steal your lead|Grafaiai, M|100/100\n|-fieldstart|move: Misty Terrain|[from] ability: Misty Surge|[of] p1a: Weezing\n|turn|1\n|\n|t:|1782432310\n|switch|p1a: Ursaluna|Ursaluna, M|100/100\n|move|p2a: Mr steal your lead|Switcheroo|p1a: Ursaluna\n|-activate|p2a: Mr steal your lead|move: Trick|[of] p1a: Ursaluna\n|-item|p1a: Ursaluna|Sticky Barb|[from] move: Switcheroo\n|-item|p2a: Mr steal your lead|Assault Vest|[from] move: Switcheroo\n|\n|-damage|p1a: Ursaluna|88/100|[from] item: Sticky Barb\n|upkeep\n|turn|2\n|\n|t:|1782432324\n|-activate|p2a: Mr steal your lead|move: Struggle\n|move|p2a: Mr steal your lead|Struggle|p1a: Ursaluna\n|-damage|p1a: Ursaluna|80/100\n|-damage|p2a: Mr steal your lead|75/100|[from] recoil\n|move|p1a: Ursaluna|Fire Punch|p2a: Mr steal your lead\n|-damage|p2a: Mr steal your lead|28/100\n|\n|-damage|p1a: Ursaluna|67/100|[from] item: Sticky Barb\n|upkeep\n|turn|3\n|\n|t:|1782432332\n|-activate|p2a: Mr steal your lead|move: Struggle\n|move|p2a: Mr steal your lead|Struggle|p1a: Ursaluna\n|-damage|p1a: Ursaluna|58/100\n|-damage|p2a: Mr steal your lead|3/100|[from] recoil\n|move|p1a: Ursaluna|Fire Punch|p2a: Mr steal your lead\n|-damage|p2a: Mr steal your lead|0 fnt\n|faint|p2a: Mr steal your lead\n|\n|-damage|p1a: Ursaluna|45/100|[from] item: Sticky Barb\n|upkeep\n|\n|t:|1782432339\n|switch|p2a: Kylie|Glimmora, F|100/100\n|turn|4\n|\n|t:|1782432341\n|move|p2a: Kylie|Energy Ball|p1a: Ursaluna\n|-immune|p1a: Ursaluna|[from] ability: Bulletproof\n|move|p1a: Ursaluna|Earthquake|p2a: Kylie\n|-supereffective|p2a: Kylie\n|-enditem|p2a: Kylie|Focus Sash\n|-damage|p2a: Kylie|1/100\n|\n|-damage|p1a: Ursaluna|33/100|[from] item: Sticky Barb\n|upkeep\n|turn|5\n|\n|t:|1782432350\n|move|p2a: Kylie|Earth Power|p1a: Ursaluna\n|-damage|p1a: Ursaluna|8/100\n|move|p1a: Ursaluna|Fire Punch|p2a: Kylie\n|-resisted|p2a: Kylie\n|-damage|p2a: Kylie|0 fnt\n|faint|p2a: Kylie\n|\n|-damage|p1a: Ursaluna|0 fnt|[from] item: Sticky Barb\n|faint|p1a: Ursaluna\n|upkeep\n|\n|t:|1782432359\n|switch|p2a: Volcarohno|Toxapex, F|100/100\n|switch|p1a: Magnezone|Magnezone|100/100\n|turn|6\n|\n|t:|1782432364\n|move|p1a: Magnezone|Thunderbolt|p2a: Volcarohno\n|-supereffective|p2a: Volcarohno\n|-damage|p2a: Volcarohno|27/100\n|move|p2a: Volcarohno|Liquidation|p1a: Magnezone\n|-damage|p1a: Magnezone|57/100\n|-damage|p2a: Volcarohno|17/100|[from] item: Life Orb\n|\n|upkeep\n|turn|7\n|\n|t:|1782432367\n|move|p1a: Magnezone|Thunderbolt|p2a: Volcarohno\n|-supereffective|p2a: Volcarohno\n|-damage|p2a: Volcarohno|0 fnt\n|faint|p2a: Volcarohno\n|\n|upkeep\n|\n|t:|1782432369\n|switch|p2a: Short sighted|Gengar, M|100/100\n|turn|8\n|\n|t:|1782432373\n|move|p1a: Magnezone|Thunderbolt|p2a: Short sighted\n|-damage|p2a: Short sighted|18/100\n|-start|p1a: Magnezone|Disable|Thunderbolt|[from] ability: Cursed Body|[of] p2a: Short sighted\n|move|p2a: Short sighted|Shadow Ball|p1a: Magnezone\n|-damage|p1a: Magnezone|0 fnt\n|faint|p1a: Magnezone\n|\n|-fieldend|Misty Terrain\n|upkeep\n|\n|t:|1782432388\n|switch|p1a: Weezing|Weezing-Galar, M|100/100\n|-fieldstart|move: Misty Terrain|[from] ability: Misty Surge|[of] p1a: Weezing\n|turn|9\n|\n|t:|1782432393\n|move|p2a: Short sighted|Shadow Ball|p1a: Weezing\n|-damage|p1a: Weezing|10/100\n|-unboost|p1a: Weezing|spd|1\n|move|p1a: Weezing|Strange Steam|p2a: Short sighted\n|-resisted|p2a: Short sighted\n|-damage|p2a: Short sighted|0 fnt\n|faint|p2a: Short sighted\n|\n|upkeep\n|\n|t:|1782432399\n|switch|p2a: Zoomin|Revavroom, F|100/100\n|-item|p2a: Zoomin|Air Balloon\n|turn|10\n|\n|t:|1782432404\n|move|p2a: Zoomin|Iron Head|p1a: Weezing\n|-supereffective|p1a: Weezing\n|-damage|p1a: Weezing|0 fnt\n|faint|p1a: Weezing\n|\n|upkeep\n|\n|t:|1782432408\n|switch|p1a: Zamazenta|Zamazenta|100/100\n|-ability|p1a: Zamazenta|Dauntless Shield|boost\n|-boost|p1a: Zamazenta|def|1\n|turn|11\n|\n|t:|1782432417\n|-terastallize|p2a: Zoomin|Flying\n|move|p1a: Zamazenta|Iron Defense|p1a: Zamazenta\n|-boost|p1a: Zamazenta|def|2\n|move|p2a: Zoomin|Shift Gear|p2a: Zoomin\n|-boost|p2a: Zoomin|spe|2\n|-boost|p2a: Zoomin|atk|1\n|\n|upkeep\n|turn|12\n|\n|t:|1782432428\n|move|p2a: Zoomin|Gunk Shot|p1a: Zamazenta|[miss]\n|-miss|p2a: Zoomin|p1a: Zamazenta\n|move|p1a: Zamazenta|Roar|p2a: Zoomin\n|drag|p2a: Fisticuffs|Muk-Alola, F|100/100\n|\n|upkeep\n|turn|13\n|\n|t:|1782432435\n|move|p1a: Zamazenta|Iron Defense|p1a: Zamazenta\n|-boost|p1a: Zamazenta|def|2\n|move|p2a: Fisticuffs|Knock Off|p1a: Zamazenta\n|-resisted|p1a: Zamazenta\n|-damage|p1a: Zamazenta|95/100\n|-enditem|p1a: Zamazenta|Leftovers|[from] move: Knock Off|[of] p2a: Fisticuffs\n|\n|upkeep\n|turn|14\n|-message|Cubsy forfeited.\n|\n|win|YuhNinja\n|raw|YuhNinja's rating: 1265 &rarr; <strong>1288</strong><br />(+23 for winning)\n|raw|Cubsy's rating: 1239 &rarr; <strong>1216</strong><br />(-23 for losing)\n|l|☆Cubsy\n|player|p2|\n|l|☆YuhNinja\n|player|p1|\n", "uploadtime": 1782432827, "views": 12, "formatid": "gen9ou", "rating": 1216, "private": 0, "password": null}