{"id": "gen9ou-2540790865", "format": "[Gen 9] OU", "players": ["Ancia", "AkidaCrispy"], "log": "|j|☆Ancia\n|j|☆AkidaCrispy\n|t:|1771254363\n|gametype|singles\n|player|p1|Ancia|169|1499\n|player|p2|AkidaCrispy|clerkf|1556\n|gen|9\n|tier|[Gen 9] OU\n|rated|\n|rule|HP Percentage Mod: HP is shown in percentages\n|rule|Endless Battle Clause: Forcing endless battles is banned\n|rule|Species Clause: Limit one of each Pokémon\n|rule|OHKO Clause: OHKO moves are banned\n|rule|Evasion Items Clause: Evasion items are banned\n|rule|Evasion Moves Clause: Evasion moves are banned\n|rule|Evasion Abilities Clause: Evasion abilities are banned\n|rule|Sleep Moves Clause: Sleep-inducing moves are banned\n|clearpoke\n|poke|p1|Hatterene, F|\n|poke|p1|Ceruledge, F|\n|poke|p1|Hydrapple, M|\n|poke|p1|Milotic, F|\n|poke|p1|Gallade, M|\n|poke|p1|Glimmora, F|\n|poke|p2|Tyranitar, F|\n|poke|p2|Excadrill, F|\n|poke|p2|Latios, M|\n|poke|p2|Sinistcha|\n|poke|p2|Ogerpon-Wellspring, F|\n|poke|p2|Scizor, M|\n|teampreview\n|inactive|Battle timer is ON: inactive players will automatically lose when time's up. (requested by AkidaCrispy)\n|\n|t:|1771254372\n|teamsize|p1|6\n|teamsize|p2|6\n|start\n|switch|p1a: Gallade|Gallade, M|100/100\n|switch|p2a: Latios|Latios, M, shiny|100/100\n|turn|1\n|\n|t:|1771254387\n|switch|p1a: Hatterene|Hatterene, F|100/100\n|move|p2a: Latios|Draco Meteor|p1a: Hatterene\n|-immune|p1a: Hatterene\n|\n|upkeep\n|turn|2\n|\n|t:|1771254395\n|move|p2a: Latios|Flip Turn|p1a: Hatterene\n|-damage|p1a: Hatterene|91/100\n|\n|t:|1771254397\n|switch|p2a: Tyranitar|Tyranitar, F|100/100|[from] Flip Turn\n|-weather|Sandstorm|[from] ability: Sand Stream|[of] p2a: Tyranitar\n|move|p1a: Hatterene|Calm Mind|p1a: Hatterene\n|-boost|p1a: Hatterene|spa|1\n|-boost|p1a: Hatterene|spd|1\n|\n|-weather|Sandstorm|[upkeep]\n|-damage|p1a: Hatterene|85/100|[from] Sandstorm\n|-heal|p1a: Hatterene|91/100|[from] item: Leftovers\n|upkeep\n|turn|3\n|\n|t:|1771254400\n|move|p2a: Tyranitar|Knock Off|p1a: Hatterene\n|-damage|p1a: Hatterene|20/100\n|-enditem|p1a: Hatterene|Leftovers|[from] move: Knock Off|[of] p2a: Tyranitar\n|move|p1a: Hatterene|Draining Kiss|p2a: Tyranitar\n|-supereffective|p2a: Tyranitar\n|-damage|p2a: Tyranitar|51/100\n|-heal|p1a: Hatterene|60/100|[from] drain|[of] p2a: Tyranitar\n|\n|-weather|Sandstorm|[upkeep]\n|-damage|p1a: Hatterene|54/100|[from] Sandstorm\n|upkeep\n|turn|4\n|\n|t:|1771254411\n|switch|p2a: Scizor|Scizor, M, shiny|100/100\n|move|p1a: Hatterene|Draining Kiss|p2a: Scizor\n|-resisted|p2a: Scizor\n|-damage|p2a: Scizor|79/100\n|-heal|p1a: Hatterene|70/100|[from] drain|[of] p2a: Scizor\n|\n|-weather|Sandstorm|[upkeep]\n|-damage|p1a: Hatterene|64/100|[from] Sandstorm\n|upkeep\n|turn|5\n|\n|t:|1771254415\n|-terastallize|p1a: Hatterene|Water\n|move|p2a: Scizor|Bullet Punch|p1a: Hatterene\n|-resisted|p1a: Hatterene\n|-damage|p1a: Hatterene|41/100\n|move|p1a: Hatterene|Mystical Fire|p2a: Scizor\n|-supereffective|p2a: Scizor\n|-damage|p2a: Scizor|0 fnt\n|faint|p2a: Scizor\n|\n|-weather|Sandstorm|[upkeep]\n|-damage|p1a: Hatterene|35/100|[from] Sandstorm\n|upkeep\n|\n|t:|1771254422\n|switch|p2a: Excadrill|Excadrill, F|100/100\n|-item|p2a: Excadrill|Air Balloon\n|turn|6\n|\n|t:|1771254434\n|move|p2a: Excadrill|Earthquake|p1a: Hatterene\n|-damage|p1a: Hatterene|0 fnt\n|faint|p1a: Hatterene\n|\n|-weather|none\n|upkeep\n|\n|t:|1771254439\n|switch|p1a: Ceruledge|Ceruledge, F|100/100\n|turn|7\n|\n|t:|1771254446\n|switch|p2a: Tyranitar|Tyranitar, F|51/100\n|-weather|Sandstorm|[from] ability: Sand Stream|[of] p2a: Tyranitar\n|move|p1a: Ceruledge|Swords Dance|p1a: Ceruledge\n|-boost|p1a: Ceruledge|atk|2\n|\n|-weather|Sandstorm|[upkeep]\n|-damage|p1a: Ceruledge|94/100|[from] Sandstorm\n|upkeep\n|turn|8\n|\n|t:|1771254452\n|switch|p2a: Ogerpon|Ogerpon-Wellspring, F|100/100\n|move|p1a: Ceruledge|Poltergeist|p2a: Ogerpon\n|-activate|p2a: Ogerpon|move: Poltergeist|Wellspring Mask\n|-damage|p2a: Ogerpon|0 fnt\n|faint|p2a: Ogerpon\n|\n|-weather|Sandstorm|[upkeep]\n|-damage|p1a: Ceruledge|88/100|[from] Sandstorm\n|upkeep\n|\n|t:|1771254459\n|switch|p2a: Excadrill|Excadrill, F|100/100\n|-item|p2a: Excadrill|Air Balloon\n|turn|9\n|\n|t:|1771254464\n|switch|p1a: Hydrapple|Hydrapple, M|100/100\n|move|p2a: Excadrill|Earthquake|p1a: Hydrapple\n|-resisted|p1a: Hydrapple\n|-damage|p1a: Hydrapple|85/100\n|\n|-weather|Sandstorm|[upkeep]\n|-damage|p1a: Hydrapple|79/100|[from] Sandstorm\n|upkeep\n|turn|10\n|\n|t:|1771254492\n|switch|p2a: Latios|Latios, M, shiny|100/100\n|move|p1a: Hydrapple|Giga Drain|p2a: Latios\n|-resisted|p2a: Latios\n|-damage|p2a: Latios|85/100\n|-heal|p1a: Hydrapple|84/100|[from] drain|[of] p2a: Latios\n|\n|-weather|Sandstorm|[upkeep]\n|-damage|p2a: Latios|79/100|[from] Sandstorm\n|-damage|p1a: Hydrapple|78/100|[from] Sandstorm\n|upkeep\n|turn|11\n|\n|t:|1771254500\n|move|p2a: Latios|Draco Meteor|p1a: Hydrapple\n|-supereffective|p1a: Hydrapple\n|-damage|p1a: Hydrapple|0 fnt\n|-unboost|p2a: Latios|spa|2\n|faint|p1a: Hydrapple\n|\n|-weather|none\n|upkeep\n|\n|t:|1771254509\n|switch|p1a: Glimmora|Glimmora, F|100/100\n|turn|12\n|\n|t:|1771254512\n|move|p2a: Latios|Psychic Noise|p1a: Glimmora\n|-supereffective|p1a: Glimmora\n|-damage|p1a: Glimmora|43/100\n|-start|p1a: Glimmora|move: Heal Block\n|move|p1a: Glimmora|Meteor Beam||[still]\n|-prepare|p1a: Glimmora|Meteor Beam\n|-boost|p1a: Glimmora|spa|1\n|-enditem|p1a: Glimmora|Power Herb\n|-anim|p1a: Glimmora|Meteor Beam|p2a: Latios\n|-damage|p2a: Latios|0 fnt\n|faint|p2a: Latios\n|\n|upkeep\n|\n|t:|1771254517\n|switch|p2a: Tyranitar|Tyranitar, F|51/100\n|-weather|Sandstorm|[from] ability: Sand Stream|[of] p2a: Tyranitar\n|turn|13\n|\n|t:|1771254534\n|move|p1a: Glimmora|Earth Power|p2a: Tyranitar\n|-supereffective|p2a: Tyranitar\n|-damage|p2a: Tyranitar|0 fnt\n|faint|p2a: Tyranitar\n|\n|-weather|Sandstorm|[upkeep]\n|-end|p1a: Glimmora|move: Heal Block\n|upkeep\n|\n|t:|1771254537\n|switch|p2a: Excadrill|Excadrill, F|100/100\n|-item|p2a: Excadrill|Air Balloon\n|turn|14\n|\n|t:|1771254542\n|move|p2a: Excadrill|Earthquake|p1a: Glimmora\n|-supereffective|p1a: Glimmora\n|-damage|p1a: Glimmora|0 fnt\n|-activate|p1a: Glimmora|ability: Toxic Debris\n|-sidestart|p2: AkidaCrispy|move: Toxic Spikes\n|faint|p1a: Glimmora\n|\n|-weather|Sandstorm|[upkeep]\n|upkeep\n|\n|t:|1771254546\n|switch|p1a: Milotic|Milotic, F|100/100\n|turn|15\n|\n|t:|1771254570\n|switch|p2a: Sinistcha|Sinistcha|100/100\n|move|p1a: Milotic|Scald|p2a: Sinistcha\n|-resisted|p2a: Sinistcha\n|-damage|p2a: Sinistcha|84/100\n|-status|p2a: Sinistcha|brn\n|\n|-weather|Sandstorm|[upkeep]\n|-damage|p1a: Milotic|94/100|[from] Sandstorm\n|-damage|p2a: Sinistcha|78/100 brn|[from] Sandstorm\n|-damage|p2a: Sinistcha|75/100 brn|[from] brn\n|upkeep\n|turn|16\n|\n|t:|1771254581\n|move|p1a: Milotic|Ice Beam|p2a: Sinistcha\n|-supereffective|p2a: Sinistcha\n|-damage|p2a: Sinistcha|22/100 brn\n|move|p2a: Sinistcha|Calm Mind|p2a: Sinistcha\n|-boost|p2a: Sinistcha|spa|1\n|-boost|p2a: Sinistcha|spd|1\n|\n|-weather|Sandstorm|[upkeep]\n|-damage|p1a: Milotic|88/100|[from] Sandstorm\n|-damage|p2a: Sinistcha|16/100 brn|[from] Sandstorm\n|-damage|p2a: Sinistcha|14/100 brn|[from] brn\n|upkeep\n|turn|17\n|\n|t:|1771254593\n|-terastallize|p2a: Sinistcha|Poison\n|move|p1a: Milotic|Ice Beam|p2a: Sinistcha\n|-damage|p2a: Sinistcha|0 fnt\n|faint|p2a: Sinistcha\n|\n|-weather|none\n|upkeep\n|\n|t:|1771254597\n|switch|p2a: Excadrill|Excadrill, F|100/100\n|-item|p2a: Excadrill|Air Balloon\n|turn|18\n|\n|t:|1771254606\n|move|p2a: Excadrill|Earthquake|p1a: Milotic\n|-damage|p1a: Milotic|43/100\n|move|p1a: Milotic|Scald|p2a: Excadrill\n|-supereffective|p2a: Excadrill\n|-damage|p2a: Excadrill|25/100\n|-status|p2a: Excadrill|brn\n|-enditem|p2a: Excadrill|Air Balloon\n|\n|-damage|p2a: Excadrill|19/100 brn|[from] brn\n|upkeep\n|turn|19\n|-message|AkidaCrispy forfeited.\n|\n|win|Ancia\n|raw|Ancia's rating: 1499 &rarr; <strong>1522</strong><br />(+23 for winning)\n|raw|AkidaCrispy's rating: 1556 &rarr; <strong>1533</strong><br />(-23 for losing)\n|l|☆AkidaCrispy\n|player|p2|\n|l|☆Ancia\n|player|p1|\n", "uploadtime": 1771254773, "views": 5, "formatid": "gen9ou", "rating": 1522, "private": 0, "password": null}