{"id": "gen9ou-2647823692", "format": "[Gen 9] OU", "players": ["sir.doff", "okusora ayane"], "log": "|j|☆sir.doff\n|j|☆okusora ayane\n|t:|1783818936\n|gametype|singles\n|player|p1|sir.doff|gentleman-gen4|1284\n|player|p2|okusora ayane|rosa|1263\n|gen|9\n|tier|[Gen 9] OU\n|rated|\n|rule|HP Percentage Mod: HP is shown in percentages\n|rule|Endless Battle Clause: Forcing endless battles is banned\n|rule|Species Clause: Limit one of each Pokémon\n|rule|OHKO Clause: OHKO moves are banned\n|rule|Evasion Items Clause: Evasion items are banned\n|rule|Evasion Moves Clause: Evasion moves are banned\n|rule|Evasion Abilities Clause: Evasion abilities are banned\n|rule|Sleep Moves Clause: Sleep-inducing moves are banned\n|clearpoke\n|poke|p1|Pelipper, F|\n|poke|p1|Ludicolo, M|\n|poke|p1|Barraskewda, M|\n|poke|p1|Raging Bolt|\n|poke|p1|Iron Treads|\n|poke|p1|Overqwil, M|\n|poke|p2|Sableye, M|\n|poke|p2|Meowscarada, F|\n|poke|p2|Talonflame, M|\n|poke|p2|Cetitan, F|\n|poke|p2|Clodsire, M|\n|poke|p2|Alomomola, M|\n|teampreview\n|inactive|Battle timer is ON: inactive players will automatically lose when time's up. (requested by okusora ayane)\n|\n|t:|1783818948\n|teamsize|p1|6\n|teamsize|p2|6\n|start\n|switch|p1a: Bocona|Pelipper, F|100/100\n|switch|p2a: Meowscarada|Meowscarada, F|100/100\n|-weather|RainDance|[from] ability: Drizzle|[of] p1a: Bocona\n|turn|1\n|\n|t:|1783818952\n|move|p2a: Meowscarada|Thunder Punch|p1a: Bocona\n|-start|p2a: Meowscarada|typechange|Electric|[from] ability: Protean\n|-supereffective|p1a: Bocona\n|-damage|p1a: Bocona|0 fnt\n|faint|p1a: Bocona\n|\n|-weather|RainDance|[upkeep]\n|upkeep\n|\n|t:|1783818958\n|switch|p1a: Overqwil|Overqwil, M|100/100\n|turn|2\n|\n|t:|1783818974\n|switch|p2a: Clodsire|Clodsire, M|100/100\n|move|p1a: Overqwil|Swords Dance|p1a: Overqwil\n|-boost|p1a: Overqwil|atk|2\n|\n|-weather|RainDance|[upkeep]\n|upkeep\n|turn|3\n|\n|t:|1783818980\n|move|p1a: Overqwil|Liquidation|p2a: Clodsire\n|-supereffective|p2a: Clodsire\n|-damage|p2a: Clodsire|19/100\n|-damage|p1a: Overqwil|84/100|[from] item: Rocky Helmet|[of] p2a: Clodsire\n|move|p2a: Clodsire|Earthquake|p1a: Overqwil\n|-supereffective|p1a: Overqwil\n|-crit|p1a: Overqwil\n|-damage|p1a: Overqwil|0 fnt\n|faint|p1a: Overqwil\n|\n|-weather|RainDance|[upkeep]\n|upkeep\n|\n|t:|1783818987\n|switch|p1a: Tilápio|Barraskewda, M|100/100\n|turn|4\n|\n|t:|1783818991\n|move|p2a: Clodsire|Protect|p2a: Clodsire\n|-singleturn|p2a: Clodsire|Protect\n|move|p1a: Tilápio|Liquidation|p2a: Clodsire\n|-activate|p2a: Clodsire|move: Protect\n|\n|-weather|RainDance|[upkeep]\n|upkeep\n|turn|5\n|\n|t:|1783818997\n|switch|p2a: Alomomola|Alomomola, M|100/100\n|move|p1a: Tilápio|Liquidation|p2a: Alomomola\n|-resisted|p2a: Alomomola\n|-damage|p2a: Alomomola|72/100\n|\n|-weather|RainDance|[upkeep]\n|-heal|p2a: Alomomola|79/100|[from] item: Leftovers\n|upkeep\n|turn|6\n|\n|t:|1783819003\n|switch|p1a: Thor|Raging Bolt|100/100\n|-enditem|p1a: Thor|Booster Energy\n|-activate|p1a: Thor|ability: Protosynthesis|[fromitem]\n|-start|p1a: Thor|protosynthesisspa\n|move|p2a: Alomomola|Wish|p2a: Alomomola\n|\n|-weather|RainDance|[upkeep]\n|-heal|p2a: Alomomola|85/100|[from] item: Leftovers\n|upkeep\n|turn|7\n|\n|t:|1783819010\n|switch|p2a: Clodsire|Clodsire, M|19/100\n|move|p1a: Thor|Weather Ball|p2a: Clodsire\n|-supereffective|p2a: Clodsire\n|-damage|p2a: Clodsire|0 fnt\n|faint|p2a: Clodsire\n|\n|-weather|RainDance|[upkeep]\n|upkeep\n|\n|t:|1783819019\n|switch|p2a: Sableye|Sableye, M|100/100\n|turn|8\n|\n|t:|1783819024\n|move|p1a: Thor|Weather Ball|p2a: Sableye\n|-damage|p2a: Sableye|16/100\n|move|p2a: Sableye|Foul Play|p1a: Thor\n|-damage|p1a: Thor|81/100\n|\n|-weather|none\n|upkeep\n|turn|9\n|\n|t:|1783819027\n|switch|p2a: Alomomola|Alomomola, M|100/100\n|move|p1a: Thor|Thunderbolt|p2a: Alomomola\n|-supereffective|p2a: Alomomola\n|-damage|p2a: Alomomola|0 fnt\n|faint|p2a: Alomomola\n|\n|upkeep\n|\n|t:|1783819033\n|switch|p2a: Meowscarada|Meowscarada, F|100/100\n|turn|10\n|\n|t:|1783819037\n|move|p2a: Meowscarada|Triple Axel|p1a: Thor\n|-start|p2a: Meowscarada|typechange|Ice|[from] ability: Protean\n|-supereffective|p1a: Thor\n|-damage|p1a: Thor|59/100\n|-supereffective|p1a: Thor\n|-damage|p1a: Thor|22/100\n|-supereffective|p1a: Thor\n|-damage|p1a: Thor|0 fnt\n|faint|p1a: Thor\n|-end|p1a: Thor|Protosynthesis|[silent]\n|-hitcount|p1: Thor|3\n|\n|upkeep\n|\n|t:|1783819042\n|switch|p1a: Defante|Iron Treads|100/100\n|turn|11\n|inactive|okusora ayane has 120 seconds left.\n|\n|t:|1783819084\n|switch|p2a: Talonflame|Talonflame, M|100/100\n|move|p1a: Defante|Stealth Rock|p2a: Talonflame\n|-sidestart|p2: okusora ayane|move: Stealth Rock\n|\n|upkeep\n|turn|12\n|\n|t:|1783819092\n|-end|p1a: Defante|Quark Drive|[silent]\n|switch|p1a: Tilápio|Barraskewda, M|100/100\n|move|p2a: Talonflame|U-turn|p1a: Tilápio\n|-damage|p1a: Tilápio|68/100\n|\n|t:|1783819097\n|switch|p2a: Meowscarada|Meowscarada, F|100/100|[from] U-turn\n|-damage|p2a: Meowscarada|88/100|[from] Stealth Rock\n|\n|upkeep\n|turn|13\n|\n|t:|1783819101\n|move|p2a: Meowscarada|Flower Trick|p1a: Tilápio\n|-start|p2a: Meowscarada|typechange|Grass|[from] ability: Protean\n|-supereffective|p1a: Tilápio\n|-crit|p1a: Tilápio\n|-damage|p1a: Tilápio|0 fnt\n|faint|p1a: Tilápio\n|\n|upkeep\n|\n|t:|1783819104\n|switch|p1a: Go Drinking|Ludicolo, M|100/100\n|turn|14\n|\n|t:|1783819108\n|switch|p2a: Cetitan|Cetitan, F|100/100\n|-damage|p2a: Cetitan|76/100|[from] Stealth Rock\n|move|p1a: Go Drinking|Ice Beam|p2a: Cetitan\n|-resisted|p2a: Cetitan\n|-damage|p2a: Cetitan|65/100\n|-damage|p1a: Go Drinking|91/100|[from] item: Life Orb\n|\n|upkeep\n|turn|15\n|inactive|okusora ayane has 120 seconds left.\n|\n|t:|1783819154\n|move|p2a: Cetitan|Belly Drum|p2a: Cetitan\n|-damage|p2a: Cetitan|15/100\n|-setboost|p2a: Cetitan|atk|6|[from] move: Belly Drum\n|-enditem|p2a: Cetitan|Sitrus Berry|[eat]\n|-heal|p2a: Cetitan|40/100|[from] item: Sitrus Berry\n|move|p1a: Go Drinking|Hydro Pump|p2a: Cetitan\n|-damage|p2a: Cetitan|0 fnt\n|faint|p2a: Cetitan\n|-damage|p1a: Go Drinking|81/100|[from] item: Life Orb\n|\n|upkeep\n|\n|t:|1783819163\n|switch|p2a: Talonflame|Talonflame, M|100/100\n|turn|16\n|\n|t:|1783819165\n|move|p2a: Talonflame|Brave Bird|p1a: Go Drinking\n|-supereffective|p1a: Go Drinking\n|-damage|p1a: Go Drinking|0 fnt\n|faint|p1a: Go Drinking\n|-damage|p2a: Talonflame|74/100|[from] Recoil\n|\n|upkeep\n|\n|t:|1783819167\n|switch|p1a: Defante|Iron Treads|100/100\n|turn|17\n|\n|t:|1783819169\n|-terastallize|p1a: Defante|Ghost\n|move|p2a: Talonflame|Flare Blitz|p1a: Defante\n|-damage|p1a: Defante|63/100\n|-damage|p2a: Talonflame|57/100|[from] Recoil\n|move|p1a: Defante|Ice Spinner|p2a: Talonflame\n|-damage|p2a: Talonflame|29/100\n|\n|-heal|p1a: Defante|69/100|[from] item: Leftovers\n|upkeep\n|turn|18\n|\n|t:|1783819174\n|move|p2a: Talonflame|Flare Blitz|p1a: Defante\n|-damage|p1a: Defante|35/100\n|-damage|p2a: Talonflame|14/100|[from] Recoil\n|move|p1a: Defante|Rapid Spin|p2a: Talonflame\n|-damage|p2a: Talonflame|0 fnt\n|-boost|p1a: Defante|spe|1\n|faint|p2a: Talonflame\n|\n|-heal|p1a: Defante|42/100|[from] item: Leftovers\n|upkeep\n|\n|t:|1783819182\n|switch|p2a: Sableye|Sableye, M|16/100\n|-damage|p2a: Sableye|4/100|[from] Stealth Rock\n|turn|19\n|\n|t:|1783819186\n|move|p2a: Sableye|Will-O-Wisp|p1a: Defante\n|-status|p1a: Defante|brn\n|move|p1a: Defante|Earthquake|p2a: Sableye\n|-damage|p2a: Sableye|0 fnt\n|faint|p2a: Sableye\n|\n|-heal|p1a: Defante|48/100 brn|[from] item: Leftovers\n|-damage|p1a: Defante|42/100 brn|[from] brn\n|upkeep\n|\n|t:|1783819189\n|switch|p2a: Meowscarada|Meowscarada, F|88/100\n|-damage|p2a: Meowscarada|76/100|[from] Stealth Rock\n|turn|20\n|\n|t:|1783819191\n|move|p2a: Meowscarada|Knock Off|p1a: Defante\n|-start|p2a: Meowscarada|typechange|Dark|[from] ability: Protean\n|-supereffective|p1a: Defante\n|-damage|p1a: Defante|0 fnt\n|-enditem|p1a: Defante|Leftovers|[from] move: Knock Off|[of] p2a: Meowscarada\n|faint|p1a: Defante\n|-end|p1a: Defante|Quark Drive|[silent]\n|\n|win|okusora ayane\n|raw|sir.doff's rating: 1284 &rarr; <strong>1257</strong><br />(-27 for losing)\n|raw|okusora ayane's rating: 1263 &rarr; <strong>1290</strong><br />(+27 for winning)\n|l|☆sir.doff\n|player|p1|\n|l|☆okusora ayane\n|player|p2|\n", "uploadtime": 1783819487, "views": 13, "formatid": "gen9ou", "rating": 1257, "private": 0, "password": null}