{"id": "gen9ou-2647692792", "format": "[Gen 9] OU", "players": ["mewfivewasrealguys", "DekuFoulerLab"], "log": "|j|☆mewfivewasrealguys\n|j|☆DekuFoulerLab\n|t:|1783797211\n|gametype|singles\n|player|p1|mewfivewasrealguys|pokekid|1280\n|player|p2|DekuFoulerLab|169|1297\n|gen|9\n|tier|[Gen 9] OU\n|rated|\n|rule|HP Percentage Mod: HP is shown in percentages\n|rule|Endless Battle Clause: Forcing endless battles is banned\n|rule|Species Clause: Limit one of each Pokémon\n|rule|OHKO Clause: OHKO moves are banned\n|rule|Evasion Items Clause: Evasion items are banned\n|rule|Evasion Moves Clause: Evasion moves are banned\n|rule|Evasion Abilities Clause: Evasion abilities are banned\n|rule|Sleep Moves Clause: Sleep-inducing moves are banned\n|clearpoke\n|poke|p1|Kingambit, F|\n|poke|p1|Kommo-o, F|\n|poke|p1|Iron Valiant|\n|poke|p1|Kyurem|\n|poke|p1|Iron Treads|\n|poke|p1|Iron Crown|\n|poke|p2|Corviknight, F|\n|poke|p2|Ting-Lu|\n|poke|p2|Kyurem|\n|poke|p2|Dondozo, M|\n|poke|p2|Slowking-Galar, M|\n|poke|p2|Cinderace, F|\n|teampreview\n|inactive|Battle timer is ON: inactive players will automatically lose when time's up. (requested by mewfivewasrealguys)\n|inactive|DekuFoulerLab also wants the timer to be on.\n|\n|t:|1783797219\n|teamsize|p1|6\n|teamsize|p2|6\n|start\n|switch|p1a: Iron Treads|Iron Treads, shiny|100/100\n|switch|p2a: Cinderace|Cinderace, F|100/100\n|-enditem|p1a: Iron Treads|Booster Energy\n|-activate|p1a: Iron Treads|ability: Quark Drive|[fromitem]\n|-start|p1a: Iron Treads|quarkdrivespe\n|turn|1\n|\n|t:|1783797225\n|switch|p2a: Ting-Lu|Ting-Lu|100/100\n|-ability|p2a: Ting-Lu|Vessel of Ruin\n|move|p1a: Iron Treads|Earthquake|p2a: Ting-Lu\n|-damage|p2a: Ting-Lu|78/100\n|\n|-heal|p2a: Ting-Lu|84/100|[from] item: Leftovers\n|upkeep\n|turn|2\n|\n|t:|1783797235\n|move|p1a: Iron Treads|Stealth Rock|p2a: Ting-Lu\n|-sidestart|p2: DekuFoulerLab|move: Stealth Rock\n|move|p2a: Ting-Lu|Earthquake|p1a: Iron Treads\n|-supereffective|p1a: Iron Treads\n|-damage|p1a: Iron Treads|44/100\n|\n|-heal|p2a: Ting-Lu|90/100|[from] item: Leftovers\n|upkeep\n|turn|3\n|\n|t:|1783797242\n|move|p1a: Iron Treads|Endeavor|p2a: Ting-Lu\n|-damage|p2a: Ting-Lu|32/100\n|move|p2a: Ting-Lu|Earthquake|p1a: Iron Treads\n|-supereffective|p1a: Iron Treads\n|-damage|p1a: Iron Treads|0 fnt\n|faint|p1a: Iron Treads\n|-end|p1a: Iron Treads|Quark Drive|[silent]\n|\n|-heal|p2a: Ting-Lu|38/100|[from] item: Leftovers\n|upkeep\n|\n|t:|1783797253\n|switch|p1a: Kyurem|Kyurem|100/100\n|-ability|p1a: Kyurem|Pressure\n|turn|4\n|\n|t:|1783797259\n|move|p1a: Kyurem|Dragon Dance|p1a: Kyurem\n|-boost|p1a: Kyurem|atk|1\n|-boost|p1a: Kyurem|spe|1\n|move|p2a: Ting-Lu|Earthquake|p1a: Kyurem\n|-damage|p1a: Kyurem|63/100\n|\n|-heal|p2a: Ting-Lu|44/100|[from] item: Leftovers\n|upkeep\n|turn|5\n|\n|t:|1783797266\n|switch|p2a: Corviknight|Corviknight, F|100/100\n|-damage|p2a: Corviknight|88/100|[from] Stealth Rock\n|-ability|p2a: Corviknight|Pressure\n|move|p1a: Kyurem|Icicle Spear|p2a: Corviknight\n|-damage|p2a: Corviknight|77/100\n|-damage|p2a: Corviknight|65/100\n|-damage|p2a: Corviknight|53/100\n|-damage|p2a: Corviknight|42/100\n|-hitcount|p2a: Corviknight|4\n|\n|upkeep\n|turn|6\n|\n|t:|1783797290\n|switch|p1a: Iron Crown|Iron Crown|100/100\n|-enditem|p1a: Iron Crown|Booster Energy\n|-activate|p1a: Iron Crown|ability: Quark Drive|[fromitem]\n|-start|p1a: Iron Crown|quarkdrivespe\n|move|p2a: Corviknight|Roost|p2a: Corviknight\n|-heal|p2a: Corviknight|92/100\n|-singleturn|p2a: Corviknight|move: Roost\n|\n|upkeep\n|turn|7\n|\n|t:|1783797302\n|move|p1a: Iron Crown|Calm Mind|p1a: Iron Crown\n|-boost|p1a: Iron Crown|spa|1\n|-boost|p1a: Iron Crown|spd|1\n|move|p2a: Corviknight|Defog|p1a: Iron Crown\n|-unboost|p1a: Iron Crown|evasion|1\n|-sideend|p2: DekuFoulerLab|Stealth Rock|[from] move: Defog|[of] p2a: Corviknight\n|\n|upkeep\n|turn|8\n|\n|t:|1783797308\n|move|p1a: Iron Crown|Focus Blast|p2a: Corviknight\n|-damage|p2a: Corviknight|35/100\n|move|p2a: Corviknight|U-turn|p1a: Iron Crown\n|-damage|p1a: Iron Crown|85/100\n|\n|t:|1783797315\n|switch|p2a: Ting-Lu|Ting-Lu|44/100|[from] U-turn\n|-ability|p2a: Ting-Lu|Vessel of Ruin\n|\n|-heal|p2a: Ting-Lu|50/100|[from] item: Leftovers\n|upkeep\n|turn|9\n|\n|t:|1783797321\n|move|p1a: Iron Crown|Focus Blast|p2a: Ting-Lu\n|-supereffective|p2a: Ting-Lu\n|-damage|p2a: Ting-Lu|0 fnt\n|faint|p2a: Ting-Lu\n|\n|upkeep\n|\n|t:|1783797328\n|switch|p2a: Cinderace|Cinderace, F|100/100\n|turn|10\n|\n|t:|1783797335\n|move|p1a: Iron Crown|Psychic Noise|p2a: Cinderace\n|-damage|p2a: Cinderace|39/100\n|-start|p2a: Cinderace|move: Heal Block\n|move|p2a: Cinderace|Pyro Ball|p1a: Iron Crown\n|-supereffective|p1a: Iron Crown\n|-damage|p1a: Iron Crown|0 fnt\n|faint|p1a: Iron Crown\n|-end|p1a: Iron Crown|Quark Drive|[silent]\n|\n|upkeep\n|\n|t:|1783797346\n|switch|p1a: Kommo-o|Kommo-o, F|100/100\n|turn|11\n|\n|t:|1783797353\n|move|p2a: Cinderace|Will-O-Wisp|p1a: Kommo-o\n|-status|p1a: Kommo-o|brn\n|move|p1a: Kommo-o|Clangorous Soul|p1a: Kommo-o\n|-boost|p1a: Kommo-o|atk|1\n|-boost|p1a: Kommo-o|def|1\n|-boost|p1a: Kommo-o|spa|1\n|-boost|p1a: Kommo-o|spd|1\n|-boost|p1a: Kommo-o|spe|1\n|-damage|p1a: Kommo-o|68/100 brn\n|\n|-heal|p1a: Kommo-o|74/100 brn|[from] item: Leftovers\n|-damage|p1a: Kommo-o|68/100 brn|[from] brn\n|-end|p2a: Cinderace|move: Heal Block\n|upkeep\n|turn|12\n|\n|t:|1783797370\n|switch|p2a: Corviknight|Corviknight, F|35/100\n|-ability|p2a: Corviknight|Pressure\n|move|p1a: Kommo-o|Drain Punch|p2a: Corviknight\n|-damage|p2a: Corviknight|23/100\n|-heal|p1a: Kommo-o|74/100 brn|[from] drain|[of] p2a: Corviknight\n|-damage|p1a: Kommo-o|58/100 brn|[from] item: Rocky Helmet|[of] p2a: Corviknight\n|\n|-heal|p1a: Kommo-o|64/100 brn|[from] item: Leftovers\n|-damage|p1a: Kommo-o|58/100 brn|[from] brn\n|upkeep\n|turn|13\n|\n|t:|1783797383\n|switch|p2a: Dondozo|Dondozo, M|100/100\n|move|p1a: Kommo-o|Drain Punch|p2a: Dondozo\n|-damage|p2a: Dondozo|92/100\n|-heal|p1a: Kommo-o|64/100 brn|[from] drain|[of] p2a: Dondozo\n|\n|-heal|p1a: Kommo-o|70/100 brn|[from] item: Leftovers\n|-heal|p2a: Dondozo|98/100|[from] item: Leftovers\n|-damage|p1a: Kommo-o|64/100 brn|[from] brn\n|upkeep\n|turn|14\n|\n|t:|1783797395\n|move|p1a: Kommo-o|Substitute|p1a: Kommo-o\n|-start|p1a: Kommo-o|Substitute\n|-damage|p1a: Kommo-o|39/100 brn\n|move|p2a: Dondozo|Body Press|p1a: Kommo-o\n|-activate|p1a: Kommo-o|move: Substitute|[damage]\n|\n|-heal|p1a: Kommo-o|45/100 brn|[from] item: Leftovers\n|-heal|p2a: Dondozo|100/100|[from] item: Leftovers\n|-damage|p1a: Kommo-o|39/100 brn|[from] brn\n|upkeep\n|turn|15\n|\n|t:|1783797404\n|switch|p2a: Corviknight|Corviknight, F|23/100\n|-ability|p2a: Corviknight|Pressure\n|move|p1a: Kommo-o|Drain Punch|p2a: Corviknight\n|-damage|p2a: Corviknight|10/100\n|-heal|p1a: Kommo-o|46/100 brn|[from] drain|[of] p2a: Corviknight\n|-damage|p1a: Kommo-o|30/100 brn|[from] item: Rocky Helmet|[of] p2a: Corviknight\n|\n|-heal|p1a: Kommo-o|36/100 brn|[from] item: Leftovers\n|-damage|p1a: Kommo-o|30/100 brn|[from] brn\n|upkeep\n|turn|16\n|\n|t:|1783797422\n|move|p1a: Kommo-o|Drain Punch|p2a: Corviknight\n|-damage|p2a: Corviknight|0 fnt\n|-heal|p1a: Kommo-o|35/100 brn|[from] drain|[of] p2a: Corviknight\n|-damage|p1a: Kommo-o|19/100 brn|[from] item: Rocky Helmet|[of] p2a: Corviknight\n|faint|p2a: Corviknight\n|\n|-heal|p1a: Kommo-o|25/100 brn|[from] item: Leftovers\n|-damage|p1a: Kommo-o|19/100 brn|[from] brn\n|upkeep\n|\n|t:|1783797434\n|switch|p2a: Slowking|Slowking-Galar, M|100/100\n|turn|17\n|\n|t:|1783797440\n|move|p1a: Kommo-o|Shadow Claw|p2a: Slowking\n|-supereffective|p2a: Slowking\n|-damage|p2a: Slowking|80/100\n|move|p2a: Slowking|Future Sight|p1a: Kommo-o\n|-start|p2a: Slowking|move: Future Sight\n|\n|-heal|p1a: Kommo-o|25/100 brn|[from] item: Leftovers\n|-damage|p1a: Kommo-o|19/100 brn|[from] brn\n|upkeep\n|turn|18\n|\n|t:|1783797449\n|switch|p2a: Dondozo|Dondozo, M|100/100\n|move|p1a: Kommo-o|Shadow Claw|p2a: Dondozo\n|-crit|p2a: Dondozo\n|-damage|p2a: Dondozo|92/100\n|\n|-heal|p1a: Kommo-o|25/100 brn|[from] item: Leftovers\n|-heal|p2a: Dondozo|98/100|[from] item: Leftovers\n|-damage|p1a: Kommo-o|19/100 brn|[from] brn\n|upkeep\n|turn|19\n|\n|t:|1783797458\n|move|p1a: Kommo-o|Drain Punch|p2a: Dondozo\n|-damage|p2a: Dondozo|89/100\n|-heal|p1a: Kommo-o|25/100 brn|[from] drain|[of] p2a: Dondozo\n|move|p2a: Dondozo|Curse|p2a: Dondozo\n|-unboost|p2a: Dondozo|spe|1\n|-boost|p2a: Dondozo|atk|1\n|-boost|p2a: Dondozo|def|1\n|\n|-end|p1a: Kommo-o|move: Future Sight\n|-supereffective|p1a: Kommo-o\n|-end|p1a: Kommo-o|Substitute\n|-heal|p1a: Kommo-o|32/100 brn|[from] item: Leftovers\n|-heal|p2a: Dondozo|95/100|[from] item: Leftovers\n|-damage|p1a: Kommo-o|25/100 brn|[from] brn\n|upkeep\n|turn|20\n|\n|t:|1783797465\n|switch|p1a: Iron Valiant|Iron Valiant|100/100\n|-enditem|p1a: Iron Valiant|Booster Energy\n|-activate|p1a: Iron Valiant|ability: Quark Drive|[fromitem]\n|-start|p1a: Iron Valiant|quarkdrivespe\n|move|p2a: Dondozo|Waterfall|p1a: Iron Valiant\n|-damage|p1a: Iron Valiant|48/100\n|\n|-heal|p2a: Dondozo|100/100|[from] item: Leftovers\n|upkeep\n|turn|21\n|\n|t:|1783797475\n|move|p1a: Iron Valiant|Moonblast|p2a: Dondozo\n|-damage|p2a: Dondozo|70/100\n|-unboost|p2a: Dondozo|spa|1\n|move|p2a: Dondozo|Waterfall|p1a: Iron Valiant\n|-damage|p1a: Iron Valiant|0 fnt\n|faint|p1a: Iron Valiant\n|-end|p1a: Iron Valiant|Quark Drive|[silent]\n|\n|-heal|p2a: Dondozo|76/100|[from] item: Leftovers\n|upkeep\n|\n|t:|1783797485\n|switch|p1a: Kingambit|Kingambit, F|100/100\n|-activate|p1a: Kingambit|ability: Supreme Overlord\n|-start|p1a: Kingambit|fallen3|[silent]\n|turn|22\n|\n|t:|1783797491\n|move|p1a: Kingambit|Swords Dance|p1a: Kingambit\n|-boost|p1a: Kingambit|atk|2\n|move|p2a: Dondozo|Body Press|p1a: Kingambit\n|-supereffective|p1a: Kingambit\n|-damage|p1a: Kingambit|0 fnt\n|faint|p1a: Kingambit\n|-end|p1a: Kingambit|fallen3|[silent]\n|\n|-heal|p2a: Dondozo|82/100|[from] item: Leftovers\n|upkeep\n|-message|mewfivewasrealguys forfeited.\n|\n|win|DekuFoulerLab\n|raw|mewfivewasrealguys's rating: 1280 &rarr; <strong>1256</strong><br />(-24 for losing)\n|raw|DekuFoulerLab's rating: 1297 &rarr; <strong>1321</strong><br />(+24 for winning)\n|l|☆mewfivewasrealguys\n|player|p1|\n", "uploadtime": 1783797499, "views": 16, "formatid": "gen9ou", "rating": 1256, "private": 0, "password": null}