{"id": "gen9ou-2639307168", "format": "[Gen 9] OU", "players": ["Venison02", "spinobot"], "log": "|j|☆Venison02\n|j|☆spinobot\n|t:|1782449950\n|gametype|singles\n|player|p1|Venison02|2|1105\n|player|p2|spinobot|pokemonranger-gen4|1138\n|gen|9\n|tier|[Gen 9] OU\n|rated|\n|rule|HP Percentage Mod: HP is shown in percentages\n|rule|Endless Battle Clause: Forcing endless battles is banned\n|rule|Species Clause: Limit one of each Pokémon\n|rule|OHKO Clause: OHKO moves are banned\n|rule|Evasion Items Clause: Evasion items are banned\n|rule|Evasion Moves Clause: Evasion moves are banned\n|rule|Evasion Abilities Clause: Evasion abilities are banned\n|rule|Sleep Moves Clause: Sleep-inducing moves are banned\n|clearpoke\n|poke|p1|Serperior, M|\n|poke|p1|Glaceon, F|\n|poke|p1|Gholdengo|\n|poke|p1|Cinderace, M|\n|poke|p1|Gyarados, M|\n|poke|p1|Slowking-Galar, M|\n|poke|p2|Forretress, M|\n|poke|p2|Chesnaught, M|\n|poke|p2|Rotom-Wash|\n|poke|p2|Lokix, M|\n|poke|p2|Ceruledge, F|\n|poke|p2|Salamence, M|\n|teampreview\n|\n|t:|1782449956\n|teamsize|p1|6\n|teamsize|p2|6\n|start\n|switch|p1a: mARTy|Slowking-Galar, M|100/100\n|switch|p2a: Absolute defense|Forretress, M|100/100\n|turn|1\n|\n|t:|1782449964\n|move|p2a: Absolute defense|Stealth Rock|p1a: mARTy\n|-sidestart|p1: Venison02|move: Stealth Rock\n|move|p1a: mARTy|Toxic Spikes|p2a: Absolute defense\n|-sidestart|p2: spinobot|move: Toxic Spikes\n|\n|upkeep\n|turn|2\n|\n|t:|1782449971\n|move|p2a: Absolute defense|Rapid Spin|p1a: mARTy\n|-damage|p1a: mARTy|90/100\n|-boost|p2a: Absolute defense|spe|1\n|-sideend|p2: spinobot|Toxic Spikes|[from] move: Rapid Spin|[of] p2a: Absolute defense\n|-prepare|p1a: mARTy|Chilly Reception|[premajor]\n|move|p1a: mARTy|Chilly Reception|p1a: mARTy\n|-weather|Snowscape\n|\n|t:|1782449980\n|switch|p1a: Mbappe|Cinderace, M|100/100|[from] Chilly Reception\n|-damage|p1a: Mbappe|76/100|[from] Stealth Rock\n|\n|-weather|Snowscape|[upkeep]\n|upkeep\n|turn|3\n|\n|t:|1782449987\n|move|p1a: Mbappe|Pyro Ball|p2a: Absolute defense\n|-supereffective|p2a: Absolute defense\n|-ability|p2a: Absolute defense|Sturdy\n|-damage|p2a: Absolute defense|1/100\n|move|p2a: Absolute defense|Body Press|p1a: Mbappe\n|-damage|p1a: Mbappe|38/100\n|\n|-weather|Snowscape|[upkeep]\n|-heal|p2a: Absolute defense|7/100|[from] item: Leftovers\n|upkeep\n|turn|4\n|\n|t:|1782449998\n|switch|p2a: The rook!|Chesnaught, M|100/100\n|move|p1a: Mbappe|Acrobatics|p2a: The rook!\n|-start|p1a: Mbappe|typechange|Flying|[from] ability: Libero\n|-supereffective|p2a: The rook!\n|-damage|p2a: The rook!|0 fnt\n|-damage|p1a: Mbappe|22/100|[from] item: Rocky Helmet|[of] p2a: The rook!\n|faint|p2a: The rook!\n|\n|-weather|Snowscape|[upkeep]\n|upkeep\n|\n|t:|1782450013\n|switch|p2a: Ceruledge|Ceruledge, F|100/100\n|turn|5\n|\n|t:|1782450020\n|move|p1a: Mbappe|Sucker Punch|p2a: Ceruledge\n|-supereffective|p2a: Ceruledge\n|-crit|p2a: Ceruledge\n|-damage|p2a: Ceruledge|2/100\n|-ability|p2a: Ceruledge|Weak Armor|boost\n|-unboost|p2a: Ceruledge|def|1\n|-boost|p2a: Ceruledge|spe|2\n|-enditem|p2a: Ceruledge|Weakness Policy\n|-boost|p2a: Ceruledge|atk|2|[from] item: Weakness Policy\n|-boost|p2a: Ceruledge|spa|2|[from] item: Weakness Policy\n|move|p2a: Ceruledge|Bitter Blade|p1a: Mbappe\n|-damage|p1a: Mbappe|0 fnt\n|-heal|p2a: Ceruledge|13/100|[from] drain|[of] p1a: Mbappe\n|faint|p1a: Mbappe\n|\n|-weather|Snowscape|[upkeep]\n|upkeep\n|\n|t:|1782450036\n|switch|p1a: Cutie|Gyarados, M|100/100\n|-damage|p1a: Cutie|76/100|[from] Stealth Rock\n|-ability|p1a: Cutie|Intimidate|boost\n|-unboost|p2a: Ceruledge|atk|1\n|turn|6\n|\n|t:|1782450043\n|move|p2a: Ceruledge|Shadow Sneak|p1a: Cutie\n|-damage|p1a: Cutie|39/100\n|move|p1a: Cutie|Aqua Tail|p2a: Ceruledge\n|-supereffective|p2a: Ceruledge\n|-damage|p2a: Ceruledge|0 fnt\n|faint|p2a: Ceruledge\n|\n|-weather|none\n|upkeep\n|\n|t:|1782450046\n|switch|p2a: Bubble gut|Rotom-Wash|100/100\n|turn|7\n|\n|t:|1782450056\n|move|p2a: Bubble gut|Volt Switch|p1a: Cutie\n|-supereffective|p1a: Cutie\n|-damage|p1a: Cutie|0 fnt\n|faint|p1a: Cutie\n|\n|t:|1782450064\n|switch|p2a: Lokix|Lokix, M|100/100|[from] Volt Switch\n|\n|upkeep\n|\n|t:|1782450079\n|switch|p1a: Rich|Gholdengo|100/100\n|-damage|p1a: Rich|94/100|[from] Stealth Rock\n|turn|8\n|\n|t:|1782450086\n|move|p2a: Lokix|Knock Off|p1a: Rich\n|-supereffective|p1a: Rich\n|-crit|p1a: Rich\n|-damage|p1a: Rich|0 fnt\n|-enditem|p1a: Rich|Weakness Policy|[from] move: Knock Off|[of] p2a: Lokix\n|faint|p1a: Rich\n|\n|upkeep\n|\n|t:|1782450095\n|switch|p1a: mARTy|Slowking-Galar, M|100/100\n|-damage|p1a: mARTy|88/100|[from] Stealth Rock\n|turn|9\n|\n|t:|1782450101\n|move|p2a: Lokix|Taunt|p1a: mARTy\n|-start|p1a: mARTy|move: Taunt\n|move|p1a: mARTy|Sludge Bomb|p2a: Lokix\n|-damage|p2a: Lokix|15/100\n|\n|upkeep\n|turn|10\n|\n|t:|1782450109\n|move|p2a: Lokix|Knock Off|p1a: mARTy\n|-supereffective|p1a: mARTy\n|-crit|p1a: mARTy\n|-damage|p1a: mARTy|0 fnt\n|faint|p1a: mARTy\n|\n|upkeep\n|\n|t:|1782450113\n|switch|p1a: Red|Serperior, M|100/100\n|-damage|p1a: Red|88/100|[from] Stealth Rock\n|turn|11\n|\n|t:|1782450117\n|switch|p2a: Absolute defense|Forretress, M|7/100\n|move|p1a: Red|Leaf Storm|p2a: Absolute defense|[miss]\n|-miss|p1a: Red|p2a: Absolute defense\n|\n|-heal|p2a: Absolute defense|13/100|[from] item: Leftovers\n|upkeep\n|turn|12\n|\n|t:|1782450124\n|move|p1a: Red|Leaf Storm|p2a: Absolute defense\n|-resisted|p2a: Absolute defense\n|-damage|p2a: Absolute defense|3/100\n|-boost|p1a: Red|spa|2\n|move|p2a: Absolute defense|Body Press|p1a: Red\n|-damage|p1a: Red|55/100\n|\n|-heal|p2a: Absolute defense|9/100|[from] item: Leftovers\n|upkeep\n|turn|13\n|\n|t:|1782450133\n|move|p1a: Red|Leaf Storm|p2a: Absolute defense\n|-resisted|p2a: Absolute defense\n|-damage|p2a: Absolute defense|0 fnt\n|-boost|p1a: Red|spa|2\n|faint|p2a: Absolute defense\n|\n|upkeep\n|\n|t:|1782450138\n|switch|p2a: Lokix|Lokix, M|15/100\n|turn|14\n|\n|t:|1782450141\n|move|p2a: Lokix|First Impression|p1a: Red\n|-supereffective|p1a: Red\n|-damage|p1a: Red|0 fnt\n|faint|p1a: Red\n|\n|upkeep\n|\n|t:|1782450146\n|switch|p1a: Galaxy Destroyer|Glaceon, F|100/100\n|-damage|p1a: Galaxy Destroyer|76/100|[from] Stealth Rock\n|turn|15\n|\n|t:|1782450149\n|move|p2a: Lokix|Axe Kick|p1a: Galaxy Destroyer\n|-supereffective|p1a: Galaxy Destroyer\n|-damage|p1a: Galaxy Destroyer|6/100\n|move|p1a: Galaxy Destroyer|Ice Beam|p2a: Lokix\n|-damage|p2a: Lokix|0 fnt\n|faint|p2a: Lokix\n|\n|upkeep\n|\n|t:|1782450155\n|switch|p2a: Bubble gut|Rotom-Wash|100/100\n|turn|16\n|\n|t:|1782450158\n|move|p2a: Bubble gut|Discharge|p1a: Galaxy Destroyer\n|-damage|p1a: Galaxy Destroyer|0 fnt\n|faint|p1a: Galaxy Destroyer\n|\n|win|spinobot\n|raw|Venison02's rating: 1105 &rarr; <strong>1082</strong><br />(-23 for losing)\n|raw|spinobot's rating: 1138 &rarr; <strong>1161</strong><br />(+23 for winning)\n|l|☆Venison02\n|player|p1|\n|l|☆spinobot\n|player|p2|\n", "uploadtime": 1782450451, "views": 3, "formatid": "gen9ou", "rating": 1082, "private": 0, "password": null}