{"id": "gen9ou-2540866294", "format": "[Gen 9] OU", "players": ["Alerjake", "5 Missed Calls"], "log": "|j|☆Alerjake\n|j|☆5 Missed Calls\n|t:|1771262032\n|gametype|singles\n|player|p1|Alerjake|169|1565\n|player|p2|5 Missed Calls|skierf-gen4dp|1633\n|gen|9\n|tier|[Gen 9] OU\n|rated|\n|rule|HP Percentage Mod: HP is shown in percentages\n|rule|Endless Battle Clause: Forcing endless battles is banned\n|rule|Species Clause: Limit one of each Pokémon\n|rule|OHKO Clause: OHKO moves are banned\n|rule|Evasion Items Clause: Evasion items are banned\n|rule|Evasion Moves Clause: Evasion moves are banned\n|rule|Evasion Abilities Clause: Evasion abilities are banned\n|rule|Sleep Moves Clause: Sleep-inducing moves are banned\n|clearpoke\n|poke|p1|Ribombee, F|\n|poke|p1|Slither Wing|\n|poke|p1|Gholdengo|\n|poke|p1|Ceruledge, F|\n|poke|p1|Primarina, M|\n|poke|p1|Ting-Lu|\n|poke|p2|Indeedee, M|\n|poke|p2|Hatterene, F|\n|poke|p2|Hitmonlee, M|\n|poke|p2|Iron Crown|\n|poke|p2|Zamazenta-*|\n|poke|p2|Polteageist-Antique|\n|teampreview\n|inactive|Battle timer is ON: inactive players will automatically lose when time's up. (requested by Alerjake)\n|\n|t:|1771262042\n|teamsize|p1|6\n|teamsize|p2|6\n|start\n|switch|p1a: Ribombee|Ribombee, F|100/100\n|switch|p2a: Indeedee|Indeedee, M, shiny|100/100\n|-fieldstart|move: Psychic Terrain|[from] ability: Psychic Surge|[of] p2a: Indeedee\n|turn|1\n|\n|t:|1771262049\n|switch|p2a: Hatterene|Hatterene, F|100/100\n|move|p1a: Ribombee|Sticky Web|p2a: Hatterene\n|move|p2a: Hatterene|Sticky Web|p1a: Ribombee|[from] ability: Magic Bounce\n|-sidestart|p1: Alerjake|move: Sticky Web\n|\n|upkeep\n|turn|2\n|\n|t:|1771262054\n|move|p1a: Ribombee|Skill Swap|p2a: Hatterene\n|-activate|p1a: Ribombee|Skill Swap|p2a: Hatterene|[ability] Magic Bounce|[ability2] Shield Dust\n|move|p2a: Hatterene|Expanding Force|p1a: Ribombee\n|-enditem|p1a: Ribombee|Focus Sash\n|-damage|p1a: Ribombee|1/100\n|\n|upkeep\n|turn|3\n|\n|t:|1771262057\n|switch|p2a: Hitmonlee|Hitmonlee, M|100/100\n|-enditem|p2a: Hitmonlee|Psychic Seed\n|-boost|p2a: Hitmonlee|spd|1|[from] item: Psychic Seed\n|move|p1a: Ribombee|Sticky Web|p2a: Hitmonlee\n|-sidestart|p2: 5 Missed Calls|move: Sticky Web\n|\n|upkeep\n|turn|4\n|\n|t:|1771262062\n|move|p2a: Hitmonlee|Rapid Spin|p1a: Ribombee\n|-damage|p1a: Ribombee|0 fnt\n|-boost|p2a: Hitmonlee|spe|1\n|-sideend|p2: 5 Missed Calls|Sticky Web|[from] move: Rapid Spin|[of] p2a: Hitmonlee\n|faint|p1a: Ribombee\n|\n|upkeep\n|\n|t:|1771262066\n|switch|p1a: Primarina|Primarina, M|100/100\n|-activate|p1a: Primarina|move: Sticky Web\n|-unboost|p1a: Primarina|spe|1\n|turn|5\n|\n|t:|1771262069\n|move|p2a: Hitmonlee|Swords Dance|p2a: Hitmonlee\n|-boost|p2a: Hitmonlee|atk|2\n|move|p1a: Primarina|Moonblast|p2a: Hitmonlee\n|-supereffective|p2a: Hitmonlee\n|-damage|p2a: Hitmonlee|0 fnt\n|faint|p2a: Hitmonlee\n|\n|upkeep\n|\n|t:|1771262073\n|switch|p2a: Iron Crown|Iron Crown|100/100\n|-enditem|p2a: Iron Crown|Booster Energy\n|-activate|p2a: Iron Crown|ability: Quark Drive|[fromitem]\n|-start|p2a: Iron Crown|quarkdrivespe\n|turn|6\n|\n|t:|1771262075\n|switch|p1a: Ting-Lu|Ting-Lu|100/100\n|-activate|p1a: Ting-Lu|move: Sticky Web\n|-unboost|p1a: Ting-Lu|spe|1\n|-ability|p1a: Ting-Lu|Vessel of Ruin\n|move|p2a: Iron Crown|Calm Mind|p2a: Iron Crown\n|-boost|p2a: Iron Crown|spa|1\n|-boost|p2a: Iron Crown|spd|1\n|\n|upkeep\n|turn|7\n|\n|t:|1771262082\n|move|p2a: Iron Crown|Focus Blast|p1a: Ting-Lu|[miss]\n|-miss|p2a: Iron Crown|p1a: Ting-Lu\n|move|p1a: Ting-Lu|Payback|p2a: Iron Crown\n|-supereffective|p2a: Iron Crown\n|-damage|p2a: Iron Crown|8/100\n|\n|upkeep\n|turn|8\n|\n|t:|1771262085\n|move|p2a: Iron Crown|Focus Blast|p1a: Ting-Lu\n|-supereffective|p1a: Ting-Lu\n|-damage|p1a: Ting-Lu|30/100\n|-enditem|p1a: Ting-Lu|Weakness Policy\n|-boost|p1a: Ting-Lu|atk|2|[from] item: Weakness Policy\n|-boost|p1a: Ting-Lu|spa|2|[from] item: Weakness Policy\n|move|p1a: Ting-Lu|Payback|p2a: Iron Crown\n|-supereffective|p2a: Iron Crown\n|-damage|p2a: Iron Crown|0 fnt\n|faint|p2a: Iron Crown\n|-end|p2a: Iron Crown|Quark Drive|[silent]\n|\n|-fieldend|move: Psychic Terrain\n|upkeep\n|\n|t:|1771262092\n|switch|p2a: Zamazenta|Zamazenta|100/100\n|-ability|p2a: Zamazenta|Dauntless Shield|boost\n|-boost|p2a: Zamazenta|def|1\n|turn|9\n|\n|t:|1771262094\n|move|p2a: Zamazenta|Close Combat|p1a: Ting-Lu\n|-supereffective|p1a: Ting-Lu\n|-damage|p1a: Ting-Lu|0 fnt\n|-unboost|p2a: Zamazenta|def|1\n|-unboost|p2a: Zamazenta|spd|1\n|faint|p1a: Ting-Lu\n|\n|upkeep\n|\n|t:|1771262097\n|switch|p1a: Ceruledge|Ceruledge, F|100/100\n|-activate|p1a: Ceruledge|move: Sticky Web\n|-unboost|p1a: Ceruledge|spe|1\n|turn|10\n|\n|t:|1771262100\n|switch|p2a: Indeedee|Indeedee, M, shiny|100/100\n|-fieldstart|move: Psychic Terrain|[from] ability: Psychic Surge|[of] p2a: Indeedee\n|move|p1a: Ceruledge|Bulk Up|p1a: Ceruledge\n|-boost|p1a: Ceruledge|atk|1\n|-boost|p1a: Ceruledge|def|1\n|\n|upkeep\n|turn|11\n|\n|t:|1771262102\n|move|p2a: Indeedee|Expanding Force|p1a: Ceruledge\n|-damage|p1a: Ceruledge|48/100\n|move|p1a: Ceruledge|Bulk Up|p1a: Ceruledge\n|-boost|p1a: Ceruledge|atk|1\n|-boost|p1a: Ceruledge|def|1\n|\n|upkeep\n|turn|12\n|\n|t:|1771262106\n|move|p2a: Indeedee|Expanding Force|p1a: Ceruledge\n|-damage|p1a: Ceruledge|0 fnt\n|faint|p1a: Ceruledge\n|\n|upkeep\n|\n|t:|1771262110\n|switch|p1a: Gholdengo|Gholdengo|100/100\n|-item|p1a: Gholdengo|Air Balloon\n|turn|13\n|\n|t:|1771262113\n|switch|p2a: Hatterene|Hatterene, F|100/100\n|move|p1a: Gholdengo|Make It Rain|p2a: Hatterene\n|-supereffective|p2a: Hatterene\n|-damage|p2a: Hatterene|0 fnt\n|-unboost|p1a: Gholdengo|spa|1\n|faint|p2a: Hatterene\n|\n|upkeep\n|\n|t:|1771262119\n|switch|p2a: Polteageist|Polteageist-Antique, shiny|100/100\n|turn|14\n|\n|t:|1771262122\n|move|p2a: Polteageist|Shell Smash|p2a: Polteageist\n|-unboost|p2a: Polteageist|def|1\n|-unboost|p2a: Polteageist|spd|1\n|-boost|p2a: Polteageist|atk|2\n|-boost|p2a: Polteageist|spa|2\n|-boost|p2a: Polteageist|spe|2\n|move|p1a: Gholdengo|Shadow Ball|p2a: Polteageist\n|-supereffective|p2a: Polteageist\n|-damage|p2a: Polteageist|22/100\n|\n|upkeep\n|turn|15\n|\n|t:|1771262126\n|move|p2a: Polteageist|Shadow Ball|p1a: Gholdengo\n|-supereffective|p1a: Gholdengo\n|-damage|p1a: Gholdengo|0 fnt\n|-enditem|p1a: Gholdengo|Air Balloon\n|faint|p1a: Gholdengo\n|\n|upkeep\n|\n|t:|1771262129\n|switch|p1a: Primarina|Primarina, M|100/100\n|-activate|p1a: Primarina|move: Sticky Web\n|-unboost|p1a: Primarina|spe|1\n|turn|16\n|\n|t:|1771262136\n|move|p2a: Polteageist|Stored Power|p1a: Primarina\n|-damage|p1a: Primarina|0 fnt\n|faint|p1a: Primarina\n|\n|upkeep\n|-message|Alerjake forfeited.\n|\n|win|5 Missed Calls\n|raw|Alerjake's rating: 1565 &rarr; <strong>1549</strong><br />(-16 for losing)\n|raw|5 Missed Calls's rating: 1633 &rarr; <strong>1649</strong><br />(+16 for winning)\n|l|☆Alerjake\n|player|p1|\n|l|☆5 Missed Calls\n|player|p2|\n", "uploadtime": 1771262313, "views": 5, "formatid": "gen9ou", "rating": 1549, "private": 0, "password": null}