{"id": "gen9ou-2647725526", "format": "[Gen 9] OU", "players": ["vitaoalve", "DriftedEx"], "log": "|j|☆vitaoalve\n|j|☆DriftedEx\n|t:|1783802216\n|gametype|singles\n|player|p1|vitaoalve|clay|1666\n|player|p2|DriftedEx|dawn|1657\n|gen|9\n|tier|[Gen 9] OU\n|rated|\n|rule|HP Percentage Mod: HP is shown in percentages\n|rule|Endless Battle Clause: Forcing endless battles is banned\n|rule|Species Clause: Limit one of each Pokémon\n|rule|OHKO Clause: OHKO moves are banned\n|rule|Evasion Items Clause: Evasion items are banned\n|rule|Evasion Moves Clause: Evasion moves are banned\n|rule|Evasion Abilities Clause: Evasion abilities are banned\n|rule|Sleep Moves Clause: Sleep-inducing moves are banned\n|clearpoke\n|poke|p1|Cresselia, F|\n|poke|p1|Ogerpon, F|\n|poke|p1|Kingambit, M|\n|poke|p1|Garchomp, F|\n|poke|p1|Dragapult, M|\n|poke|p1|Pecharunt|\n|poke|p2|Dragapult, F|\n|poke|p2|Dragonite, F|\n|poke|p2|Ting-Lu|\n|poke|p2|Weezing-Galar, F|\n|poke|p2|Iron Crown|\n|poke|p2|Zapdos|\n|teampreview\n|inactive|Battle timer is ON: inactive players will automatically lose when time's up. (requested by DriftedEx)\n|inactive|vitaoalve also wants the timer to be on.\n|\n|t:|1783802238\n|teamsize|p1|6\n|teamsize|p2|6\n|start\n|switch|p1a: Dragapult|Dragapult, M|100/100\n|switch|p2a: Dragapult|Dragapult, F|100/100\n|turn|1\n|\n|t:|1783802266\n|switch|p1a: Pecharunt|Pecharunt|100/100\n|move|p2a: Dragapult|Will-O-Wisp|p1a: Pecharunt\n|-status|p1a: Pecharunt|brn\n|\n|-damage|p1a: Pecharunt|94/100 brn|[from] brn\n|upkeep\n|turn|2\n|\n|t:|1783802270\n|move|p2a: Dragapult|Hex|p1a: Pecharunt\n|-supereffective|p1a: Pecharunt\n|-damage|p1a: Pecharunt|0 fnt\n|faint|p1a: Pecharunt\n|\n|upkeep\n|\n|t:|1783802286\n|switch|p1a: Dragapult|Dragapult, M|100/100\n|turn|3\n|\n|t:|1783802288\n|switch|p2a: Ting-Lu|Ting-Lu|100/100\n|-ability|p2a: Ting-Lu|Vessel of Ruin\n|move|p1a: Dragapult|Draco Meteor|p2a: Ting-Lu\n|-damage|p2a: Ting-Lu|77/100\n|-unboost|p1a: Dragapult|spa|2\n|\n|-heal|p2a: Ting-Lu|83/100|[from] item: Leftovers\n|upkeep\n|turn|4\n|\n|t:|1783802292\n|move|p1a: Dragapult|Will-O-Wisp|p2a: Ting-Lu\n|-status|p2a: Ting-Lu|brn\n|move|p2a: Ting-Lu|Stealth Rock|p1a: Dragapult\n|-sidestart|p1: vitaoalve|move: Stealth Rock\n|\n|-heal|p2a: Ting-Lu|90/100 brn|[from] item: Leftovers\n|-damage|p2a: Ting-Lu|83/100 brn|[from] brn\n|upkeep\n|turn|5\n|\n|t:|1783802295\n|switch|p1a: Garchomp|Garchomp, F|100/100\n|-damage|p1a: Garchomp|94/100|[from] Stealth Rock\n|move|p2a: Ting-Lu|Ruination|p1a: Garchomp\n|-damage|p1a: Garchomp|48/100\n|\n|-heal|p2a: Ting-Lu|90/100 brn|[from] item: Leftovers\n|-damage|p2a: Ting-Lu|83/100 brn|[from] brn\n|upkeep\n|turn|6\n|\n|t:|1783802298\n|move|p1a: Garchomp|Stealth Rock|p2a: Ting-Lu\n|-sidestart|p2: DriftedEx|move: Stealth Rock\n|move|p2a: Ting-Lu|Whirlwind|p1a: Garchomp\n|drag|p1a: Kingambit|Kingambit, M|100/100\n|-damage|p1a: Kingambit|94/100|[from] Stealth Rock\n|-activate|p1a: Kingambit|ability: Supreme Overlord\n|-start|p1a: Kingambit|fallen1|[silent]\n|\n|-heal|p1a: Kingambit|100/100|[from] item: Leftovers\n|-heal|p2a: Ting-Lu|90/100 brn|[from] item: Leftovers\n|-damage|p2a: Ting-Lu|83/100 brn|[from] brn\n|upkeep\n|turn|7\n|\n|t:|1783802306\n|-end|p1a: Kingambit|fallen1|[silent]\n|switch|p1a: Cresselia|Cresselia, F|100/100\n|-damage|p1a: Cresselia|88/100|[from] Stealth Rock\n|move|p2a: Ting-Lu|Ruination|p1a: Cresselia\n|-damage|p1a: Cresselia|44/100\n|\n|-heal|p1a: Cresselia|50/100|[from] item: Leftovers\n|-heal|p2a: Ting-Lu|90/100 brn|[from] item: Leftovers\n|-damage|p2a: Ting-Lu|83/100 brn|[from] brn\n|upkeep\n|turn|8\n|\n|t:|1783802308\n|move|p1a: Cresselia|Moonlight|p1a: Cresselia\n|-heal|p1a: Cresselia|99/100\n|move|p2a: Ting-Lu|Whirlwind|p1a: Cresselia\n|drag|p1a: Dragapult|Dragapult, M|100/100\n|\n|-heal|p2a: Ting-Lu|90/100 brn|[from] item: Leftovers\n|-damage|p2a: Ting-Lu|83/100 brn|[from] brn\n|upkeep\n|turn|9\n|\n|t:|1783802314\n|move|p1a: Dragapult|Draco Meteor|p2a: Ting-Lu\n|-damage|p2a: Ting-Lu|58/100 brn\n|-unboost|p1a: Dragapult|spa|2\n|move|p2a: Ting-Lu|Ruination|p1a: Dragapult\n|-damage|p1a: Dragapult|50/100\n|\n|-heal|p2a: Ting-Lu|64/100 brn|[from] item: Leftovers\n|-damage|p2a: Ting-Lu|58/100 brn|[from] brn\n|upkeep\n|turn|10\n|\n|t:|1783802317\n|switch|p1a: Cresselia|Cresselia, F|99/100\n|-damage|p1a: Cresselia|88/100|[from] Stealth Rock\n|move|p2a: Ting-Lu|Whirlwind|p1a: Cresselia\n|drag|p1a: Garchomp|Garchomp, F|48/100\n|-damage|p1a: Garchomp|41/100|[from] Stealth Rock\n|\n|-heal|p2a: Ting-Lu|64/100 brn|[from] item: Leftovers\n|-damage|p2a: Ting-Lu|58/100 brn|[from] brn\n|upkeep\n|turn|11\n|\n|t:|1783802320\n|move|p1a: Garchomp|Spikes|p2a: Ting-Lu\n|-sidestart|p2: DriftedEx|Spikes\n|move|p2a: Ting-Lu|Whirlwind|p1a: Garchomp\n|drag|p1a: Ogerpon|Ogerpon, F|100/100\n|\n|-heal|p2a: Ting-Lu|64/100 brn|[from] item: Leftovers\n|-damage|p2a: Ting-Lu|58/100 brn|[from] brn\n|upkeep\n|turn|12\n|\n|t:|1783802323\n|switch|p2a: Weezing|Weezing-Galar, F|100/100\n|-ability|p2a: Weezing|Neutralizing Gas\n|move|p1a: Ogerpon|Ivy Cudgel|p2a: Weezing\n|-resisted|p2a: Weezing\n|-damage|p2a: Weezing|86/100\n|\n|upkeep\n|turn|13\n|\n|t:|1783802326\n|move|p1a: Ogerpon|U-turn|p2a: Weezing\n|-resisted|p2a: Weezing\n|-damage|p2a: Weezing|82/100\n|\n|t:|1783802332\n|switch|p1a: Kingambit|Kingambit, M|100/100|[from] U-turn\n|-damage|p1a: Kingambit|94/100|[from] Stealth Rock\n|move|p2a: Weezing|Will-O-Wisp|p1a: Kingambit\n|-status|p1a: Kingambit|brn\n|\n|-heal|p1a: Kingambit|100/100 brn|[from] item: Leftovers\n|-damage|p1a: Kingambit|94/100 brn|[from] brn\n|upkeep\n|turn|14\n|\n|t:|1783802335\n|move|p1a: Kingambit|Iron Head|p2a: Weezing\n|-supereffective|p2a: Weezing\n|-damage|p2a: Weezing|51/100\n|move|p2a: Weezing|Toxic Spikes|p1a: Kingambit\n|-sidestart|p1: vitaoalve|move: Toxic Spikes\n|\n|-heal|p1a: Kingambit|100/100 brn|[from] item: Leftovers\n|-damage|p1a: Kingambit|94/100 brn|[from] brn\n|upkeep\n|turn|15\n|\n|t:|1783802337\n|move|p1a: Kingambit|Iron Head|p2a: Weezing\n|-supereffective|p2a: Weezing\n|-damage|p2a: Weezing|22/100\n|move|p2a: Weezing|Pain Split|p1a: Kingambit\n|-sethp|p1a: Kingambit|58/100 brn|[from] move: Pain Split|[silent]\n|-sethp|p2a: Weezing|59/100|[from] move: Pain Split\n|\n|-heal|p1a: Kingambit|64/100 brn|[from] item: Leftovers\n|-damage|p1a: Kingambit|58/100 brn|[from] brn\n|upkeep\n|turn|16\n|\n|t:|1783802339\n|move|p1a: Kingambit|Swords Dance|p1a: Kingambit\n|-boost|p1a: Kingambit|atk|2\n|move|p2a: Weezing|Toxic Spikes|p1a: Kingambit\n|-sidestart|p1: vitaoalve|move: Toxic Spikes\n|\n|-heal|p1a: Kingambit|64/100 brn|[from] item: Leftovers\n|-damage|p1a: Kingambit|58/100 brn|[from] brn\n|upkeep\n|turn|17\n|\n|t:|1783802341\n|-end|p2a: Weezing|ability: Neutralizing Gas\n|-activate|p1a: Kingambit|ability: Supreme Overlord\n|-start|p1a: Kingambit|fallen1|[silent]\n|switch|p2a: Zapdos|Zapdos|100/100\n|move|p1a: Kingambit|Iron Head|p2a: Zapdos\n|-resisted|p2a: Zapdos\n|-damage|p2a: Zapdos|71/100\n|\n|-heal|p1a: Kingambit|64/100 brn|[from] item: Leftovers\n|-damage|p1a: Kingambit|58/100 brn|[from] brn\n|upkeep\n|turn|18\n|\n|t:|1783802346\n|move|p1a: Kingambit|Sucker Punch|p2a: Zapdos\n|-damage|p2a: Zapdos|21/100\n|move|p2a: Zapdos|Heat Wave|p1a: Kingambit|[miss]\n|-miss|p2a: Zapdos|p1a: Kingambit\n|\n|-heal|p1a: Kingambit|64/100 brn|[from] item: Leftovers\n|-damage|p1a: Kingambit|58/100 brn|[from] brn\n|upkeep\n|turn|19\n|\n|t:|1783802350\n|move|p2a: Zapdos|Roost|p2a: Zapdos\n|-heal|p2a: Zapdos|71/100\n|-singleturn|p2a: Zapdos|move: Roost\n|move|p1a: Kingambit|Iron Head|p2a: Zapdos\n|-resisted|p2a: Zapdos\n|-damage|p2a: Zapdos|40/100\n|\n|-heal|p1a: Kingambit|64/100 brn|[from] item: Leftovers\n|-damage|p1a: Kingambit|58/100 brn|[from] brn\n|upkeep\n|turn|20\n|\n|t:|1783802355\n|-end|p1a: Kingambit|fallen1|[silent]\n|switch|p1a: Garchomp|Garchomp, F|41/100\n|-damage|p1a: Garchomp|35/100|[from] Stealth Rock\n|-status|p1a: Garchomp|tox\n|move|p2a: Zapdos|Roost|p2a: Zapdos\n|-heal|p2a: Zapdos|90/100\n|-singleturn|p2a: Zapdos|move: Roost\n|\n|-damage|p1a: Garchomp|29/100 tox|[from] psn\n|upkeep\n|turn|21\n|\n|t:|1783802361\n|move|p2a: Zapdos|Hurricane|p1a: Garchomp\n|-damage|p1a: Garchomp|0 fnt\n|faint|p1a: Garchomp\n|\n|upkeep\n|\n|t:|1783802369\n|switch|p1a: Dragapult|Dragapult, M|50/100\n|turn|22\n|\n|t:|1783802371\n|move|p1a: Dragapult|Draco Meteor|p2a: Zapdos\n|-damage|p2a: Zapdos|29/100\n|-unboost|p1a: Dragapult|spa|2\n|move|p2a: Zapdos|Hurricane|p1a: Dragapult\n|-damage|p1a: Dragapult|0 fnt\n|faint|p1a: Dragapult\n|\n|upkeep\n|\n|t:|1783802373\n|switch|p1a: Ogerpon|Ogerpon, F|100/100\n|turn|23\n|\n|t:|1783802375\n|move|p1a: Ogerpon|Knock Off|p2a: Zapdos\n|-damage|p2a: Zapdos|0 fnt\n|-enditem|p2a: Zapdos|Heavy-Duty Boots|[from] move: Knock Off|[of] p1a: Ogerpon\n|faint|p2a: Zapdos\n|\n|upkeep\n|\n|t:|1783802379\n|switch|p2a: Dragonite|Dragonite, F|100/100\n|turn|24\n|\n|t:|1783802382\n|move|p1a: Ogerpon|Knock Off|p2a: Dragonite\n|-damage|p2a: Dragonite|83/100\n|-enditem|p2a: Dragonite|Heavy-Duty Boots|[from] move: Knock Off|[of] p1a: Ogerpon\n|move|p2a: Dragonite|Dragon Dance|p2a: Dragonite\n|-boost|p2a: Dragonite|atk|1\n|-boost|p2a: Dragonite|spe|1\n|\n|upkeep\n|turn|25\n|\n|t:|1783802384\n|-terastallize|p2a: Dragonite|Normal\n|move|p2a: Dragonite|Extreme Speed|p1a: Ogerpon\n|-damage|p1a: Ogerpon|14/100\n|move|p1a: Ogerpon|Encore|p2a: Dragonite\n|-start|p2a: Dragonite|Encore\n|\n|upkeep\n|turn|26\n|\n|t:|1783802390\n|switch|p1a: Kingambit|Kingambit, M|58/100 brn\n|-damage|p1a: Kingambit|52/100 brn|[from] Stealth Rock\n|-activate|p1a: Kingambit|ability: Supreme Overlord\n|-start|p1a: Kingambit|fallen3|[silent]\n|move|p2a: Dragonite|Extreme Speed|p1a: Kingambit\n|-resisted|p1a: Kingambit\n|-damage|p1a: Kingambit|20/100 brn\n|\n|-heal|p1a: Kingambit|26/100 brn|[from] item: Leftovers\n|-damage|p1a: Kingambit|20/100 brn|[from] brn\n|upkeep\n|turn|27\n|-message|vitaoalve forfeited.\n|\n|win|DriftedEx\n|raw|vitaoalve's rating: 1666 &rarr; <strong>1645</strong><br />(-21 for losing)\n|raw|DriftedEx's rating: 1657 &rarr; <strong>1678</strong><br />(+21 for winning)\n|l|☆vitaoalve\n|player|p1|\n", "uploadtime": 1783802398, "views": 14, "formatid": "gen9ou", "rating": 1645, "private": 0, "password": null}