{"id": "gen9ou-2647838887", "format": "[Gen 9] OU", "players": ["Kirbo_420", "Hellskeeper12"], "log": "|j|☆Kirbo_420\n|j|☆Hellskeeper12\n|t:|1783821645\n|gametype|singles\n|player|p1|Kirbo_420|pilot|1060\n|player|p2|Hellskeeper12|169|1000\n|gen|9\n|tier|[Gen 9] OU\n|rated|\n|rule|HP Percentage Mod: HP is shown in percentages\n|rule|Endless Battle Clause: Forcing endless battles is banned\n|rule|Species Clause: Limit one of each Pokémon\n|rule|OHKO Clause: OHKO moves are banned\n|rule|Evasion Items Clause: Evasion items are banned\n|rule|Evasion Moves Clause: Evasion moves are banned\n|rule|Evasion Abilities Clause: Evasion abilities are banned\n|rule|Sleep Moves Clause: Sleep-inducing moves are banned\n|clearpoke\n|poke|p1|Typhlosion, M|\n|poke|p1|Qwilfish-Hisui, F|\n|poke|p1|Bruxish, F|\n|poke|p1|Carbink|\n|poke|p1|Raikou|\n|poke|p1|Araquanid, F|\n|poke|p2|Samurott-Hisui, M|\n|poke|p2|Cinderace, F|\n|poke|p2|Gliscor, M|\n|poke|p2|Dragonite, F|\n|poke|p2|Blaziken, M|\n|poke|p2|Thundurus-Therian, M|\n|teampreview\n|\n|t:|1783821666\n|teamsize|p1|6\n|teamsize|p2|6\n|start\n|switch|p1a: Carbink|Carbink|100/100\n|switch|p2a: Gliscor|Gliscor, M, shiny|100/100\n|-item|p1a: Carbink|Air Balloon\n|turn|1\n|\n|t:|1783821682\n|move|p2a: Gliscor|Toxic|p1a: Carbink\n|-status|p1a: Carbink|tox\n|move|p1a: Carbink|Iron Defense|p1a: Carbink\n|-boost|p1a: Carbink|def|2\n|\n|-damage|p1a: Carbink|94/100 tox|[from] psn\n|-status|p2a: Gliscor|tox|[from] item: Toxic Orb\n|upkeep\n|turn|2\n|\n|t:|1783821693\n|move|p2a: Gliscor|Lunge|p1a: Carbink\n|-resisted|p1a: Carbink\n|-damage|p1a: Carbink|90/100 tox\n|-enditem|p1a: Carbink|Air Balloon\n|move|p1a: Carbink|Iron Defense|p1a: Carbink\n|-boost|p1a: Carbink|def|2\n|\n|-damage|p2a: Gliscor|94/100 tox|[from] psn\n|-damage|p1a: Carbink|78/100 tox|[from] psn\n|upkeep\n|turn|3\n|\n|t:|1783821716\n|switch|p2a: Blaziken|Blaziken, M|100/100\n|move|p1a: Carbink|Body Press|p2a: Blaziken\n|-damage|p2a: Blaziken|0 fnt\n|faint|p2a: Blaziken\n|\n|-damage|p1a: Carbink|59/100 tox|[from] psn\n|upkeep\n|\n|t:|1783821732\n|switch|p2a: Gliscor|Gliscor, M, shiny|94/100 tox\n|turn|4\n|\n|t:|1783821738\n|move|p2a: Gliscor|Earthquake|p1a: Carbink\n|-supereffective|p1a: Carbink\n|-damage|p1a: Carbink|39/100 tox\n|move|p1a: Carbink|Body Press|p2a: Gliscor\n|-resisted|p2a: Gliscor\n|-damage|p2a: Gliscor|62/100 tox\n|\n|-damage|p2a: Gliscor|56/100 tox|[from] psn\n|-damage|p1a: Carbink|15/100 tox|[from] psn\n|upkeep\n|turn|5\n|\n|t:|1783821749\n|move|p2a: Gliscor|Lunge|p1a: Carbink\n|-resisted|p1a: Carbink\n|-damage|p1a: Carbink|12/100 tox\n|move|p1a: Carbink|Body Press|p2a: Gliscor\n|-resisted|p2a: Gliscor\n|-damage|p2a: Gliscor|21/100 tox\n|\n|-damage|p2a: Gliscor|8/100 tox|[from] psn\n|-damage|p1a: Carbink|0 fnt|[from] psn\n|faint|p1a: Carbink\n|upkeep\n|c|☆Kirbo_420|did you\n|c|☆Kirbo_420|put on  agliscor\n|c|☆Kirbo_420|with no pheal\n|\n|t:|1783821794\n|switch|p1a: Raikou|Raikou|100/100\n|-ability|p1a: Raikou|Pressure\n|turn|6\n|c|☆Hellskeeper12|lol yeah on accident\n|\n|t:|1783821826\n|move|p1a: Raikou|Extrasensory|p2a: Gliscor\n|-crit|p2a: Gliscor\n|-damage|p2a: Gliscor|0 fnt\n|faint|p2a: Gliscor\n|\n|upkeep\n|\n|t:|1783821860\n|switch|p2a: Samurott|Samurott-Hisui, M, shiny|100/100\n|turn|7\n|\n|t:|1783821901\n|switch|p2a: Thundurus|Thundurus-Therian, M, shiny|100/100\n|move|p1a: Raikou|Volt Switch|p2a: Thundurus\n|-immune|p2a: Thundurus|[from] ability: Volt Absorb\n|\n|upkeep\n|turn|8\n|\n|t:|1783821931\n|move|p2a: Thundurus|Dark Pulse|p1a: Raikou\n|-damage|p1a: Raikou|74/100\n|move|p1a: Raikou|Extrasensory|p2a: Thundurus\n|-damage|p2a: Thundurus|68/100\n|\n|-heal|p2a: Thundurus|74/100|[from] item: Leftovers\n|upkeep\n|turn|9\n|\n|t:|1783821956\n|move|p2a: Thundurus|Dark Pulse|p1a: Raikou\n|-damage|p1a: Raikou|48/100\n|move|p1a: Raikou|Extrasensory|p2a: Thundurus\n|-damage|p2a: Thundurus|37/100\n|\n|-heal|p2a: Thundurus|43/100|[from] item: Leftovers\n|upkeep\n|turn|10\n|\n|t:|1783821976\n|move|p2a: Thundurus|Focus Blast|p1a: Raikou|[miss]\n|-miss|p2a: Thundurus|p1a: Raikou\n|move|p1a: Raikou|Extrasensory|p2a: Thundurus\n|-damage|p2a: Thundurus|5/100\n|\n|-heal|p2a: Thundurus|11/100|[from] item: Leftovers\n|upkeep\n|turn|11\n|\n|t:|1783821983\n|move|p2a: Thundurus|Focus Blast|p1a: Raikou\n|-damage|p1a: Raikou|11/100\n|move|p1a: Raikou|Extrasensory|p2a: Thundurus\n|-damage|p2a: Thundurus|0 fnt\n|faint|p2a: Thundurus\n|\n|upkeep\n|\n|t:|1783822004\n|switch|p2a: Cinderace|Cinderace, F|100/100\n|turn|12\n|\n|t:|1783822015\n|move|p2a: Cinderace|Trailblaze|p1a: Raikou\n|-start|p2a: Cinderace|typechange|Grass|[from] ability: Libero\n|-damage|p1a: Raikou|0 fnt\n|-boost|p2a: Cinderace|spe|1\n|faint|p1a: Raikou\n|-damage|p2a: Cinderace|91/100|[from] item: Life Orb\n|\n|upkeep\n|\n|t:|1783822023\n|switch|p1a: Typhlosion|Typhlosion, M|100/100\n|turn|13\n|\n|t:|1783822040\n|switch|p2a: Samurott|Samurott-Hisui, M, shiny|100/100\n|-terastallize|p1a: Typhlosion|Fire\n|move|p1a: Typhlosion|Flamethrower|p2a: Samurott\n|-resisted|p2a: Samurott\n|-damage|p2a: Samurott|48/100\n|-status|p2a: Samurott|brn\n|\n|-damage|p2a: Samurott|42/100 brn|[from] brn\n|upkeep\n|turn|14\n|\n|t:|1783822053\n|switch|p1a: Araquanid|Araquanid, F|100/100\n|move|p2a: Samurott|Aqua Cutter|p1a: Araquanid\n|-resisted|p1a: Araquanid\n|-damage|p1a: Araquanid|89/100\n|\n|-damage|p2a: Samurott|36/100 brn|[from] brn\n|upkeep\n|turn|15\n|\n|t:|1783822061\n|move|p2a: Samurott|Air Slash|p1a: Araquanid\n|-supereffective|p1a: Araquanid\n|-damage|p1a: Araquanid|50/100\n|cant|p1a: Araquanid|flinch\n|\n|-damage|p2a: Samurott|29/100 brn|[from] brn\n|upkeep\n|turn|16\n|\n|t:|1783822068\n|move|p2a: Samurott|Air Slash|p1a: Araquanid\n|-supereffective|p1a: Araquanid\n|-damage|p1a: Araquanid|8/100\n|move|p1a: Araquanid|Bug Buzz|p2a: Samurott\n|-supereffective|p2a: Samurott\n|-damage|p2a: Samurott|0 fnt\n|faint|p2a: Samurott\n|\n|upkeep\n|\n|t:|1783822075\n|switch|p2a: Cinderace|Cinderace, F|91/100\n|turn|17\n|\n|t:|1783822094\n|move|p2a: Cinderace|Acrobatics|p1a: Araquanid\n|-start|p2a: Cinderace|typechange|Flying|[from] ability: Libero\n|-supereffective|p1a: Araquanid\n|-damage|p1a: Araquanid|0 fnt\n|faint|p1a: Araquanid\n|-damage|p2a: Cinderace|81/100|[from] item: Life Orb\n|\n|upkeep\n|\n|t:|1783822101\n|switch|p1a: Bruxish|Bruxish, F|100/100\n|turn|18\n|\n|t:|1783822108\n|move|p2a: Cinderace|Trailblaze|p1a: Bruxish\n|-supereffective|p1a: Bruxish\n|-damage|p1a: Bruxish|42/100\n|-boost|p2a: Cinderace|spe|1\n|-damage|p2a: Cinderace|71/100|[from] item: Life Orb\n|move|p1a: Bruxish|Psychic Fangs|p2a: Cinderace\n|-damage|p2a: Cinderace|0 fnt\n|faint|p2a: Cinderace\n|-damage|p1a: Bruxish|32/100|[from] item: Life Orb\n|\n|upkeep\n|\n|t:|1783822123\n|switch|p2a: Dragonite|Dragonite, F|100/100\n|turn|19\n|\n|t:|1783822134\n|move|p1a: Bruxish|Psychic Fangs|p2a: Dragonite\n|-damage|p2a: Dragonite|62/100\n|-damage|p1a: Bruxish|22/100|[from] item: Life Orb\n|move|p2a: Dragonite|Breaking Swipe|p1a: Bruxish\n|-damage|p1a: Bruxish|0 fnt\n|faint|p1a: Bruxish\n|\n|upkeep\n|\n|t:|1783822142\n|switch|p1a: Typhlosion|Typhlosion, M, tera:Fire|100/100\n|turn|20\n|\n|t:|1783822150\n|move|p1a: Typhlosion|Flamethrower|p2a: Dragonite\n|-resisted|p2a: Dragonite\n|-damage|p2a: Dragonite|36/100\n|move|p2a: Dragonite|Breaking Swipe|p1a: Typhlosion\n|-damage|p1a: Typhlosion|61/100\n|-unboost|p1a: Typhlosion|atk|1\n|\n|-heal|p1a: Typhlosion|67/100|[from] item: Leftovers\n|upkeep\n|turn|21\n|\n|t:|1783822165\n|-terastallize|p2a: Dragonite|Dragon\n|move|p1a: Typhlosion|Flamethrower|p2a: Dragonite\n|-resisted|p2a: Dragonite\n|-damage|p2a: Dragonite|12/100\n|move|p2a: Dragonite|Breaking Swipe|p1a: Typhlosion\n|-damage|p1a: Typhlosion|12/100\n|-unboost|p1a: Typhlosion|atk|1\n|\n|-heal|p1a: Typhlosion|18/100|[from] item: Leftovers\n|upkeep\n|turn|22\n|\n|t:|1783822176\n|move|p2a: Dragonite|Extreme Speed|p1a: Typhlosion\n|-damage|p1a: Typhlosion|0 fnt\n|faint|p1a: Typhlosion\n|\n|upkeep\n|\n|t:|1783822181\n|switch|p1a: Qwilfish|Qwilfish-Hisui, F|100/100\n|-ability|p1a: Qwilfish|Intimidate|boost\n|-unboost|p2a: Dragonite|atk|1\n|turn|23\n|\n|t:|1783822190\n|move|p1a: Qwilfish|Crunch|p2a: Dragonite\n|-damage|p2a: Dragonite|0 fnt\n|faint|p2a: Dragonite\n|\n|win|Kirbo_420\n|raw|Kirbo_420's rating: 1060 &rarr; <strong>1086</strong><br />(+26 for winning)\n|raw|Hellskeeper12's rating: 1000 &rarr; <strong>1000</strong><br />(+0 for losing)\n|l|☆Hellskeeper12\n|player|p2|\n|c|☆Kirbo_420|gg\n", "uploadtime": 1783822199, "views": 3, "formatid": "gen9ou", "rating": 1000, "private": 0, "password": null}