{"id": "gen9ou-2647690661", "format": "[Gen 9] OU", "players": ["ShamanKingfan", "Inkubone"], "log": "|j|☆ShamanKingfan\n|j|☆Inkubone\n|t:|1783796882\n|gametype|singles\n|player|p1|ShamanKingfan|morty|\n|player|p2|Inkubone|yellow|\n|gen|9\n|tier|[Gen 9] OU\n|rule|HP Percentage Mod: HP is shown in percentages\n|rule|Endless Battle Clause: Forcing endless battles is banned\n|rule|Species Clause: Limit one of each Pokémon\n|rule|OHKO Clause: OHKO moves are banned\n|rule|Evasion Items Clause: Evasion items are banned\n|rule|Evasion Moves Clause: Evasion moves are banned\n|rule|Evasion Abilities Clause: Evasion abilities are banned\n|rule|Sleep Moves Clause: Sleep-inducing moves are banned\n|clearpoke\n|poke|p1|Gyarados, M|\n|poke|p1|Porygon2|\n|poke|p1|Gliscor, M|\n|poke|p1|Skeledirge, M|\n|poke|p1|Slowbro, F|\n|poke|p1|Scizor, F|\n|poke|p2|Alomomola, F|\n|poke|p2|Dragonite, M|\n|poke|p2|Garganacl, M|\n|poke|p2|Polteageist-Antique|\n|poke|p2|Zamazenta-*|\n|poke|p2|Iron Treads|\n|teampreview\n|c|☆ShamanKingfan|Glhf\n|\n|t:|1783796916\n|teamsize|p1|6\n|teamsize|p2|6\n|start\n|switch|p1a: Slowbro|Slowbro, F|100/100\n|switch|p2a: Salt solution|Garganacl, M|100/100\n|turn|1\n|\n|t:|1783796920\n|move|p2a: Salt solution|Salt Cure|p1a: Slowbro\n|-damage|p1a: Slowbro|90/100\n|-start|p1a: Slowbro|Salt Cure\n|move|p1a: Slowbro|Scald|p2a: Salt solution\n|-supereffective|p2a: Salt solution\n|-damage|p2a: Salt solution|55/100\n|\n|-heal|p2a: Salt solution|61/100|[from] item: Leftovers\n|-heal|p1a: Slowbro|97/100|[from] item: Leftovers\n|-damage|p1a: Slowbro|72/100|[from] Salt Cure\n|upkeep\n|turn|2\n|c|☆Inkubone|Glhf\n|\n|t:|1783796935\n|move|p2a: Salt solution|Recover|p2a: Salt solution\n|-heal|p2a: Salt solution|100/100\n|move|p1a: Slowbro|Future Sight|p2a: Salt solution\n|-start|p1a: Slowbro|move: Future Sight\n|\n|-heal|p1a: Slowbro|78/100|[from] item: Leftovers\n|-damage|p1a: Slowbro|53/100|[from] Salt Cure\n|upkeep\n|turn|3\n|\n|t:|1783796943\n|switch|p1a: Scizor|Scizor, F|100/100\n|move|p2a: Salt solution|Stealth Rock|p1a: Scizor\n|-sidestart|p1: ShamanKingfan|move: Stealth Rock\n|\n|upkeep\n|turn|4\n|\n|t:|1783796949\n|move|p2a: Salt solution|Protect|p2a: Salt solution\n|-singleturn|p2a: Salt solution|Protect\n|move|p1a: Scizor|Swords Dance|p1a: Scizor\n|-boost|p1a: Scizor|atk|2\n|\n|-end|p2a: Salt solution|move: Future Sight\n|-damage|p2a: Salt solution|62/100\n|-heal|p2a: Salt solution|68/100|[from] item: Leftovers\n|upkeep\n|turn|5\n|\n|t:|1783796957\n|-terastallize|p2a: Salt solution|Ghost\n|move|p1a: Scizor|Bullet Punch|p2a: Salt solution\n|-damage|p2a: Salt solution|19/100\n|-damage|p1a: Scizor|91/100|[from] item: Life Orb\n|move|p2a: Salt solution|Salt Cure|p1a: Scizor\n|-damage|p1a: Scizor|77/100\n|-start|p1a: Scizor|Salt Cure\n|\n|-heal|p2a: Salt solution|25/100|[from] item: Leftovers\n|-damage|p1a: Scizor|52/100|[from] Salt Cure\n|upkeep\n|turn|6\n|\n|t:|1783796971\n|switch|p2a: Healamola|Alomomola, F|100/100\n|move|p1a: Scizor|Dual Wingbeat|p2a: Healamola\n|-damage|p2a: Healamola|67/100\n|-damage|p2a: Healamola|33/100\n|-hitcount|p2a: Healamola|2\n|-damage|p1a: Scizor|42/100|[from] item: Life Orb\n|\n|-heal|p2a: Healamola|39/100|[from] item: Leftovers\n|-damage|p1a: Scizor|17/100|[from] Salt Cure\n|upkeep\n|turn|7\n|\n|t:|1783796978\n|move|p2a: Healamola|Protect|p2a: Healamola\n|-singleturn|p2a: Healamola|Protect\n|move|p1a: Scizor|Dual Wingbeat|p2a: Healamola\n|-activate|p2a: Healamola|move: Protect\n|\n|-heal|p2a: Healamola|45/100|[from] item: Leftovers\n|-damage|p1a: Scizor|0 fnt|[from] Salt Cure\n|faint|p1a: Scizor\n|upkeep\n|\n|t:|1783796990\n|switch|p1a: Gliscor|Gliscor, M|100/100\n|-damage|p1a: Gliscor|88/100|[from] Stealth Rock\n|turn|8\n|\n|t:|1783796999\n|move|p1a: Gliscor|Swords Dance|p1a: Gliscor\n|-boost|p1a: Gliscor|atk|2\n|move|p2a: Healamola|Flip Turn|p1a: Gliscor\n|-supereffective|p1a: Gliscor\n|-damage|p1a: Gliscor|55/100\n|\n|t:|1783797003\n|switch|p2a: WingBarney|Dragonite, M, shiny|100/100|[from] Flip Turn\n|\n|-status|p1a: Gliscor|tox|[from] item: Toxic Orb\n|upkeep\n|turn|9\n|\n|t:|1783797009\n|move|p1a: Gliscor|Fling|p2a: WingBarney\n|-damage|p2a: WingBarney|93/100\n|-status|p2a: WingBarney|tox\n|-enditem|p1a: Gliscor|Toxic Orb|[from] move: Fling\n|move|p2a: WingBarney|Ice Spinner|p1a: Gliscor\n|-supereffective|p1a: Gliscor\n|-damage|p1a: Gliscor|0 fnt\n|faint|p1a: Gliscor\n|\n|-damage|p2a: WingBarney|87/100 tox|[from] psn\n|upkeep\n|\n|t:|1783797018\n|switch|p1a: Skeledirge|Skeledirge, M|100/100\n|-damage|p1a: Skeledirge|76/100|[from] Stealth Rock\n|turn|10\n|\n|t:|1783797024\n|move|p2a: WingBarney|Earthquake|p1a: Skeledirge\n|-supereffective|p1a: Skeledirge\n|-damage|p1a: Skeledirge|18/100\n|move|p1a: Skeledirge|Shadow Ball|p2a: WingBarney\n|-damage|p2a: WingBarney|48/100 tox\n|-unboost|p2a: WingBarney|spd|1\n|\n|-damage|p2a: WingBarney|35/100 tox|[from] psn\n|upkeep\n|turn|11\n|\n|t:|1783797030\n|move|p2a: WingBarney|Earthquake|p1a: Skeledirge\n|-supereffective|p1a: Skeledirge\n|-damage|p1a: Skeledirge|0 fnt\n|faint|p1a: Skeledirge\n|\n|-damage|p2a: WingBarney|17/100 tox|[from] psn\n|upkeep\n|\n|t:|1783797035\n|switch|p1a: Gyarados|Gyarados, M|100/100\n|-damage|p1a: Gyarados|75/100|[from] Stealth Rock\n|-ability|p1a: Gyarados|Intimidate|boost\n|-unboost|p2a: WingBarney|atk|1\n|turn|12\n|\n|t:|1783797044\n|move|p1a: Gyarados|Dragon Dance|p1a: Gyarados\n|-boost|p1a: Gyarados|atk|1\n|-boost|p1a: Gyarados|spe|1\n|move|p2a: WingBarney|Ice Spinner|p1a: Gyarados\n|-damage|p1a: Gyarados|56/100\n|\n|-heal|p1a: Gyarados|62/100|[from] item: Leftovers\n|-damage|p2a: WingBarney|0 fnt|[from] psn\n|faint|p2a: WingBarney\n|upkeep\n|\n|t:|1783797047\n|switch|p2a: Anteaca|Polteageist-Antique|100/100\n|turn|13\n|\n|t:|1783797053\n|move|p1a: Gyarados|Waterfall|p2a: Anteaca\n|-enditem|p2a: Anteaca|Focus Sash\n|-damage|p2a: Anteaca|1/100\n|-ability|p2a: Anteaca|Weak Armor|boost\n|-unboost|p2a: Anteaca|def|1\n|-boost|p2a: Anteaca|spe|2\n|move|p2a: Anteaca|Shell Smash|p2a: Anteaca\n|-unboost|p2a: Anteaca|def|1\n|-unboost|p2a: Anteaca|spd|1\n|-boost|p2a: Anteaca|atk|2\n|-boost|p2a: Anteaca|spa|2\n|-boost|p2a: Anteaca|spe|2\n|\n|-heal|p1a: Gyarados|68/100|[from] item: Leftovers\n|upkeep\n|turn|14\n|\n|t:|1783797059\n|move|p2a: Anteaca|Shadow Ball|p1a: Gyarados\n|-damage|p1a: Gyarados|0 fnt\n|faint|p1a: Gyarados\n|\n|upkeep\n|\n|t:|1783797061\n|switch|p1a: Porygon2|Porygon2|100/100\n|-damage|p1a: Porygon2|88/100|[from] Stealth Rock\n|turn|15\n|\n|t:|1783797064\n|move|p2a: Anteaca|Strength Sap|p1a: Porygon2\n|-unboost|p1a: Porygon2|atk|1\n|-heal|p2a: Anteaca|64/100\n|move|p1a: Porygon2|Shadow Ball|p2a: Anteaca\n|-supereffective|p2a: Anteaca\n|-damage|p2a: Anteaca|0 fnt\n|faint|p2a: Anteaca\n|\n|upkeep\n|\n|t:|1783797070\n|switch|p2a: Salt solution|Garganacl, M, tera:Ghost|25/100\n|turn|16\n|\n|t:|1783797072\n|move|p1a: Porygon2|Shadow Ball|p2a: Salt solution\n|-supereffective|p2a: Salt solution\n|-damage|p2a: Salt solution|7/100\n|-unboost|p2a: Salt solution|spd|1\n|move|p2a: Salt solution|Recover|p2a: Salt solution\n|-heal|p2a: Salt solution|57/100\n|\n|-heal|p2a: Salt solution|63/100|[from] item: Leftovers\n|upkeep\n|turn|17\n|\n|t:|1783797077\n|move|p1a: Porygon2|Shadow Ball|p2a: Salt solution\n|-supereffective|p2a: Salt solution\n|-damage|p2a: Salt solution|34/100\n|move|p2a: Salt solution|Recover|p2a: Salt solution\n|-heal|p2a: Salt solution|84/100\n|\n|-heal|p2a: Salt solution|91/100|[from] item: Leftovers\n|upkeep\n|turn|18\n|\n|t:|1783797087\n|switch|p2a: Healamola|Alomomola, F|78/100\n|move|p1a: Porygon2|Shadow Ball|p2a: Healamola\n|-damage|p2a: Healamola|51/100\n|-unboost|p2a: Healamola|spd|1\n|\n|-heal|p2a: Healamola|57/100|[from] item: Leftovers\n|upkeep\n|turn|19\n|\n|t:|1783797090\n|move|p2a: Healamola|Wish|p2a: Healamola\n|move|p1a: Porygon2|Tri Attack|p2a: Healamola\n|-damage|p2a: Healamola|0 fnt\n|faint|p2a: Healamola\n|\n|upkeep\n|\n|t:|1783797093\n|switch|p2a: Salt solution|Garganacl, M, tera:Ghost|91/100\n|turn|20\n|\n|t:|1783797096\n|move|p1a: Porygon2|Shadow Ball|p2a: Salt solution\n|-supereffective|p2a: Salt solution\n|-damage|p2a: Salt solution|74/100\n|move|p2a: Salt solution|Salt Cure|p1a: Porygon2\n|-damage|p1a: Porygon2|80/100\n|-start|p1a: Porygon2|Salt Cure\n|\n|-heal|p2a: Salt solution|100/100|[from] move: Wish|[wisher] Healamola\n|-damage|p1a: Porygon2|67/100|[from] Salt Cure\n|upkeep\n|turn|21\n|\n|t:|1783797101\n|switch|p1a: Slowbro|Slowbro, F|86/100\n|-damage|p1a: Slowbro|74/100|[from] Stealth Rock\n|switch|p2a: Bionic Tusk|Iron Treads|100/100\n|\n|-heal|p1a: Slowbro|80/100|[from] item: Leftovers\n|upkeep\n|turn|22\n|\n|t:|1783797107\n|move|p2a: Bionic Tusk|Knock Off|p1a: Slowbro\n|-supereffective|p1a: Slowbro\n|-damage|p1a: Slowbro|34/100\n|-enditem|p1a: Slowbro|Leftovers|[from] move: Knock Off|[of] p2a: Bionic Tusk\n|move|p1a: Slowbro|Scald|p2a: Bionic Tusk\n|-supereffective|p2a: Bionic Tusk\n|-damage|p2a: Bionic Tusk|48/100\n|\n|upkeep\n|turn|23\n|\n|t:|1783797116\n|move|p2a: Bionic Tusk|Volt Switch|p1a: Slowbro\n|-supereffective|p1a: Slowbro\n|-damage|p1a: Slowbro|12/100\n|\n|t:|1783797122\n|-end|p2a: Bionic Tusk|Quark Drive|[silent]\n|switch|p2a: Salt solution|Garganacl, M, tera:Ghost|100/100|[from] Volt Switch\n|move|p1a: Slowbro|Scald|p2a: Salt solution\n|-crit|p2a: Salt solution\n|-damage|p2a: Salt solution|64/100\n|\n|-heal|p2a: Salt solution|70/100|[from] item: Leftovers\n|upkeep\n|turn|24\n|\n|t:|1783797130\n|switch|p1a: Porygon2|Porygon2|67/100\n|-damage|p1a: Porygon2|55/100|[from] Stealth Rock\n|move|p2a: Salt solution|Salt Cure|p1a: Porygon2\n|-damage|p1a: Porygon2|46/100\n|-start|p1a: Porygon2|Salt Cure\n|\n|-heal|p2a: Salt solution|76/100|[from] item: Leftovers\n|-damage|p1a: Porygon2|34/100|[from] Salt Cure\n|upkeep\n|turn|25\n|\n|t:|1783797139\n|switch|p2a: Bionic Tusk|Iron Treads|48/100\n|move|p1a: Porygon2|Recover|p1a: Porygon2\n|-heal|p1a: Porygon2|84/100\n|\n|-damage|p1a: Porygon2|72/100|[from] Salt Cure\n|upkeep\n|turn|26\n|\n|t:|1783797145\n|switch|p1a: Slowbro|Slowbro, F|46/100\n|-damage|p1a: Slowbro|33/100|[from] Stealth Rock\n|move|p2a: Bionic Tusk|Knock Off|p1a: Slowbro\n|-supereffective|p1a: Slowbro\n|-damage|p1a: Slowbro|5/100\n|\n|upkeep\n|turn|27\n|\n|t:|1783797149\n|switch|p1a: Porygon2|Porygon2|72/100\n|-damage|p1a: Porygon2|60/100|[from] Stealth Rock\n|move|p2a: Bionic Tusk|Rapid Spin|p1a: Porygon2\n|-damage|p1a: Porygon2|49/100\n|-boost|p2a: Bionic Tusk|spe|1\n|\n|upkeep\n|turn|28\n|\n|t:|1783797156\n|move|p2a: Bionic Tusk|Knock Off|p1a: Porygon2\n|-crit|p1a: Porygon2\n|-damage|p1a: Porygon2|19/100\n|-enditem|p1a: Porygon2|Eviolite|[from] move: Knock Off|[of] p2a: Bionic Tusk\n|move|p1a: Porygon2|Recover|p1a: Porygon2\n|-heal|p1a: Porygon2|69/100\n|\n|upkeep\n|turn|29\n|\n|t:|1783797162\n|move|p2a: Bionic Tusk|Volt Switch|p1a: Porygon2\n|-damage|p1a: Porygon2|58/100\n|\n|t:|1783797165\n|-end|p2a: Bionic Tusk|Quark Drive|[silent]\n|switch|p2a: Salt solution|Garganacl, M, tera:Ghost|76/100|[from] Volt Switch\n|move|p1a: Porygon2|Ice Beam|p2a: Salt solution\n|-damage|p2a: Salt solution|48/100\n|\n|-heal|p2a: Salt solution|54/100|[from] item: Leftovers\n|upkeep\n|turn|30\n|\n|t:|1783797186\n|move|p1a: Porygon2|Ice Beam|p2a: Salt solution\n|-damage|p2a: Salt solution|36/100\n|move|p2a: Salt solution|Recover|p2a: Salt solution\n|-heal|p2a: Salt solution|86/100\n|\n|-heal|p2a: Salt solution|92/100|[from] item: Leftovers\n|upkeep\n|turn|31\n|\n|t:|1783797191\n|move|p1a: Porygon2|Shadow Ball|p2a: Salt solution\n|-supereffective|p2a: Salt solution\n|-damage|p2a: Salt solution|75/100\n|move|p2a: Salt solution|Salt Cure|p1a: Porygon2\n|-damage|p1a: Porygon2|45/100\n|-start|p1a: Porygon2|Salt Cure\n|\n|-heal|p2a: Salt solution|81/100|[from] item: Leftovers\n|-damage|p1a: Porygon2|33/100|[from] Salt Cure\n|upkeep\n|turn|32\n|\n|t:|1783797196\n|move|p1a: Porygon2|Recover|p1a: Porygon2\n|-heal|p1a: Porygon2|83/100\n|move|p2a: Salt solution|Salt Cure|p1a: Porygon2\n|-damage|p1a: Porygon2|69/100\n|\n|-heal|p2a: Salt solution|87/100|[from] item: Leftovers\n|-damage|p1a: Porygon2|57/100|[from] Salt Cure\n|upkeep\n|turn|33\n|\n|t:|1783797198\n|move|p1a: Porygon2|Ice Beam|p2a: Salt solution\n|-damage|p2a: Salt solution|68/100\n|move|p2a: Salt solution|Salt Cure|p1a: Porygon2\n|-damage|p1a: Porygon2|44/100\n|\n|-heal|p2a: Salt solution|74/100|[from] item: Leftovers\n|-damage|p1a: Porygon2|31/100|[from] Salt Cure\n|upkeep\n|turn|34\n|\n|t:|1783797206\n|move|p1a: Porygon2|Recover|p1a: Porygon2\n|-heal|p1a: Porygon2|82/100\n|move|p2a: Salt solution|Salt Cure|p1a: Porygon2\n|-damage|p1a: Porygon2|69/100\n|\n|-heal|p2a: Salt solution|80/100|[from] item: Leftovers\n|-damage|p1a: Porygon2|56/100|[from] Salt Cure\n|upkeep\n|turn|35\n|c|☆Inkubone|Gg\n|\n|t:|1783797215\n|move|p1a: Porygon2|Shadow Ball|p2a: Salt solution\n|-supereffective|p2a: Salt solution\n|-damage|p2a: Salt solution|63/100\n|move|p2a: Salt solution|Salt Cure|p1a: Porygon2\n|-damage|p1a: Porygon2|43/100\n|\n|-heal|p2a: Salt solution|69/100|[from] item: Leftovers\n|-damage|p1a: Porygon2|30/100|[from] Salt Cure\n|upkeep\n|turn|36\n|\n|t:|1783797220\n|move|p1a: Porygon2|Shadow Ball|p2a: Salt solution\n|-supereffective|p2a: Salt solution\n|-damage|p2a: Salt solution|52/100\n|-unboost|p2a: Salt solution|spd|1\n|move|p2a: Salt solution|Salt Cure|p1a: Porygon2\n|-damage|p1a: Porygon2|18/100\n|\n|-heal|p2a: Salt solution|58/100|[from] item: Leftovers\n|-damage|p1a: Porygon2|6/100|[from] Salt Cure\n|upkeep\n|turn|37\n|\n|t:|1783797225\n|move|p1a: Porygon2|Recover|p1a: Porygon2\n|-heal|p1a: Porygon2|56/100\n|move|p2a: Salt solution|Recover|p2a: Salt solution\n|-heal|p2a: Salt solution|100/100\n|\n|-damage|p1a: Porygon2|44/100|[from] Salt Cure\n|upkeep\n|turn|38\n|\n|t:|1783797235\n|switch|p2a: Bionic Tusk|Iron Treads|48/100\n|move|p1a: Porygon2|Shadow Ball|p2a: Bionic Tusk\n|-damage|p2a: Bionic Tusk|23/100\n|\n|-damage|p1a: Porygon2|31/100|[from] Salt Cure\n|upkeep\n|turn|39\n|\n|t:|1783797239\n|move|p2a: Bionic Tusk|Volt Switch|p1a: Porygon2\n|-damage|p1a: Porygon2|20/100\n|\n|t:|1783797242\n|-end|p2a: Bionic Tusk|Quark Drive|[silent]\n|switch|p2a: Salt solution|Garganacl, M, tera:Ghost|100/100|[from] Volt Switch\n|move|p1a: Porygon2|Shadow Ball|p2a: Salt solution\n|-supereffective|p2a: Salt solution\n|-damage|p2a: Salt solution|76/100\n|\n|-heal|p2a: Salt solution|82/100|[from] item: Leftovers\n|-damage|p1a: Porygon2|8/100|[from] Salt Cure\n|upkeep\n|turn|40\n|\n|t:|1783797247\n|move|p1a: Porygon2|Recover|p1a: Porygon2\n|-heal|p1a: Porygon2|58/100\n|move|p2a: Salt solution|Salt Cure|p1a: Porygon2\n|-damage|p1a: Porygon2|43/100\n|\n|-heal|p2a: Salt solution|88/100|[from] item: Leftovers\n|-damage|p1a: Porygon2|31/100|[from] Salt Cure\n|upkeep\n|turn|41\n|\n|t:|1783797254\n|move|p1a: Porygon2|Shadow Ball|p2a: Salt solution\n|-supereffective|p2a: Salt solution\n|-damage|p2a: Salt solution|69/100\n|move|p2a: Salt solution|Salt Cure|p1a: Porygon2\n|-damage|p1a: Porygon2|19/100\n|\n|-heal|p2a: Salt solution|75/100|[from] item: Leftovers\n|-damage|p1a: Porygon2|6/100|[from] Salt Cure\n|upkeep\n|turn|42\n|\n|t:|1783797258\n|switch|p2a: Hylian shield|Zamazenta|100/100\n|-ability|p2a: Hylian shield|Dauntless Shield|boost\n|-boost|p2a: Hylian shield|def|1\n|move|p1a: Porygon2|Shadow Ball|p2a: Hylian shield\n|-damage|p2a: Hylian shield|75/100\n|\n|-heal|p2a: Hylian shield|81/100|[from] item: Leftovers\n|-damage|p1a: Porygon2|0 fnt|[from] Salt Cure\n|faint|p1a: Porygon2\n|upkeep\n|\n|t:|1783797260\n|switch|p1a: Slowbro|Slowbro, F|38/100\n|-damage|p1a: Slowbro|26/100|[from] Stealth Rock\n|turn|43\n|\n|t:|1783797263\n|move|p2a: Hylian shield|Crunch|p1a: Slowbro\n|-supereffective|p1a: Slowbro\n|-damage|p1a: Slowbro|0 fnt\n|faint|p1a: Slowbro\n|\n|win|Inkubone\n|c|☆ShamanKingfan|Ggs\n|l|☆ShamanKingfan\n|player|p1|\n|c|☆Inkubone|Wp\n|j|☆ShamanKingfan\n|player|p1|ShamanKingfan|morty|\n", "uploadtime": 1783797301, "views": 18, "formatid": "gen9ou", "rating": null, "private": 0, "password": null}