{"id": "gen9ou-2540688034", "format": "[Gen 9] OU", "players": ["bobbyfelipe", "tuanquewang"], "log": "|j|☆bobbyfelipe\n|j|☆tuanquewang\n|t:|1771240460\n|gametype|singles\n|player|p1|bobbyfelipe|chase|1766\n|player|p2|tuanquewang|backersf|1776\n|gen|9\n|tier|[Gen 9] OU\n|rated|\n|rule|HP Percentage Mod: HP is shown in percentages\n|rule|Endless Battle Clause: Forcing endless battles is banned\n|rule|Species Clause: Limit one of each Pokémon\n|rule|OHKO Clause: OHKO moves are banned\n|rule|Evasion Items Clause: Evasion items are banned\n|rule|Evasion Moves Clause: Evasion moves are banned\n|rule|Evasion Abilities Clause: Evasion abilities are banned\n|rule|Sleep Moves Clause: Sleep-inducing moves are banned\n|clearpoke\n|poke|p1|Samurott-Hisui, F|\n|poke|p1|Kingambit, M|\n|poke|p1|Sandy Shocks|\n|poke|p1|Gholdengo|\n|poke|p1|Iron Valiant|\n|poke|p1|Walking Wake|\n|poke|p2|Slowking-Galar, M|\n|poke|p2|Alomomola, F|\n|poke|p2|Scizor, M|\n|poke|p2|Hydrapple, F|\n|poke|p2|Cinderace, M|\n|poke|p2|Sandy Shocks|\n|teampreview\n|inactive|Battle timer is ON: inactive players will automatically lose when time's up. (requested by tuanquewang)\n|c|☆bobbyfelipe|Hf big bro\n|\n|t:|1771240482\n|teamsize|p1|6\n|teamsize|p2|6\n|start\n|switch|p1a: Sandy Shocks|Sandy Shocks|100/100\n|switch|p2a: Hydrapple|Hydrapple, F, shiny|100/100\n|-enditem|p1a: Sandy Shocks|Booster Energy\n|-activate|p1a: Sandy Shocks|ability: Protosynthesis|[fromitem]\n|-start|p1a: Sandy Shocks|protosynthesisspe\n|turn|1\n|\n|t:|1771240488\n|switch|p2a: Slowking|Slowking-Galar, M|100/100\n|move|p1a: Sandy Shocks|Stealth Rock|p2a: Slowking\n|-sidestart|p2: tuanquewang|move: Stealth Rock\n|\n|upkeep\n|turn|2\n|\n|t:|1771240492\n|move|p1a: Sandy Shocks|Earth Power|p2a: Slowking\n|-supereffective|p2a: Slowking\n|-damage|p2a: Slowking|53/100\n|move|p2a: Slowking|Toxic|p1a: Sandy Shocks\n|-status|p1a: Sandy Shocks|tox\n|\n|-heal|p2a: Slowking|59/100|[from] item: Black Sludge\n|-damage|p1a: Sandy Shocks|94/100 tox|[from] psn\n|upkeep\n|turn|3\n|\n|t:|1771240496\n|switch|p2a: Hydrapple|Hydrapple, F, shiny|100/100\n|-damage|p2a: Hydrapple|88/100|[from] Stealth Rock\n|move|p1a: Sandy Shocks|Earth Power|p2a: Hydrapple\n|-resisted|p2a: Hydrapple\n|-damage|p2a: Hydrapple|66/100\n|\n|-damage|p1a: Sandy Shocks|82/100 tox|[from] psn\n|upkeep\n|turn|4\n|\n|t:|1771240501\n|move|p1a: Sandy Shocks|Tera Blast|p2a: Hydrapple\n|-damage|p2a: Hydrapple|39/100\n|move|p2a: Hydrapple|Earth Power|p1a: Sandy Shocks\n|-supereffective|p1a: Sandy Shocks\n|-damage|p1a: Sandy Shocks|0 fnt\n|faint|p1a: Sandy Shocks\n|-end|p1a: Sandy Shocks|Protosynthesis|[silent]\n|\n|upkeep\n|\n|t:|1771240508\n|switch|p1a: Gholdengo|Gholdengo|100/100\n|-item|p1a: Gholdengo|Air Balloon\n|turn|5\n|\n|t:|1771240510\n|switch|p2a: Cinderace|Cinderace, M|100/100\n|move|p1a: Gholdengo|Thunder Wave|p2a: Cinderace\n|-status|p2a: Cinderace|par\n|\n|upkeep\n|turn|6\n|\n|t:|1771240515\n|switch|p1a: Samurott|Samurott-Hisui, F|100/100\n|move|p2a: Cinderace|Pyro Ball|p1a: Samurott\n|-resisted|p1a: Samurott\n|-damage|p1a: Samurott|67/100\n|-status|p1a: Samurott|brn\n|\n|-damage|p1a: Samurott|60/100 brn|[from] brn\n|upkeep\n|turn|7\n|\n|t:|1771240522\n|switch|p2a: Alomomola|Alomomola, F|100/100\n|-damage|p2a: Alomomola|88/100|[from] Stealth Rock\n|move|p1a: Samurott|Razor Shell|p2a: Alomomola\n|-resisted|p2a: Alomomola\n|-damage|p2a: Alomomola|82/100\n|-unboost|p2a: Alomomola|def|1\n|\n|-heal|p2a: Alomomola|89/100|[from] item: Leftovers\n|-damage|p1a: Samurott|54/100 brn|[from] brn\n|upkeep\n|turn|8\n|\n|t:|1771240527\n|move|p2a: Alomomola|Protect|p2a: Alomomola\n|-singleturn|p2a: Alomomola|Protect\n|move|p1a: Samurott|Ceaseless Edge|p2a: Alomomola\n|-activate|p2a: Alomomola|move: Protect\n|\n|-heal|p2a: Alomomola|95/100|[from] item: Leftovers\n|-damage|p1a: Samurott|48/100 brn|[from] brn\n|upkeep\n|turn|9\n|\n|t:|1771240531\n|move|p1a: Samurott|Ceaseless Edge|p2a: Alomomola\n|-damage|p2a: Alomomola|79/100\n|-sidestart|p2: tuanquewang|Spikes\n|move|p2a: Alomomola|Wish|p2a: Alomomola\n|\n|-heal|p2a: Alomomola|86/100|[from] item: Leftovers\n|-damage|p1a: Samurott|42/100 brn|[from] brn\n|upkeep\n|turn|10\n|\n|t:|1771240539\n|move|p1a: Samurott|Ceaseless Edge|p2a: Alomomola\n|-damage|p2a: Alomomola|70/100\n|-sidestart|p2: tuanquewang|Spikes\n|move|p2a: Alomomola|Flip Turn|p1a: Samurott\n|-resisted|p1a: Samurott\n|-damage|p1a: Samurott|33/100 brn\n|\n|t:|1771240540\n|switch|p2a: Hydrapple|Hydrapple, F, shiny|73/100|[from] Flip Turn\n|-damage|p2a: Hydrapple|60/100|[from] Stealth Rock\n|-damage|p2a: Hydrapple|44/100|[from] Spikes\n|\n|-heal|p2a: Hydrapple|100/100|[from] move: Wish|[wisher] Alomomola\n|-damage|p1a: Samurott|27/100 brn|[from] brn\n|upkeep\n|turn|11\n|\n|t:|1771240547\n|move|p1a: Samurott|Ceaseless Edge|p2a: Hydrapple\n|-damage|p2a: Hydrapple|86/100\n|-sidestart|p2: tuanquewang|Spikes\n|move|p2a: Hydrapple|Hydro Pump|p1a: Samurott|[miss]\n|-miss|p2a: Hydrapple|p1a: Samurott\n|\n|-damage|p1a: Samurott|20/100 brn|[from] brn\n|upkeep\n|turn|12\n|\n|t:|1771240553\n|move|p1a: Samurott|Ceaseless Edge|p2a: Hydrapple|[miss]\n|-miss|p1a: Samurott|p2a: Hydrapple\n|move|p2a: Hydrapple|Hydro Pump|p1a: Samurott\n|-resisted|p1a: Samurott\n|-damage|p1a: Samurott|0 fnt\n|faint|p1a: Samurott\n|\n|upkeep\n|\n|t:|1771240566\n|switch|p1a: Iron Valiant|Iron Valiant|100/100\n|-enditem|p1a: Iron Valiant|Booster Energy\n|-activate|p1a: Iron Valiant|ability: Quark Drive|[fromitem]\n|-start|p1a: Iron Valiant|quarkdrivespe\n|turn|13\n|\n|t:|1771240573\n|move|p1a: Iron Valiant|Swords Dance|p1a: Iron Valiant\n|-boost|p1a: Iron Valiant|atk|2\n|move|p2a: Hydrapple|Hydro Pump|p1a: Iron Valiant\n|-damage|p1a: Iron Valiant|0 fnt\n|faint|p1a: Iron Valiant\n|-end|p1a: Iron Valiant|Quark Drive|[silent]\n|\n|upkeep\n|\n|t:|1771240583\n|switch|p1a: Walking Wake|Walking Wake|100/100\n|-enditem|p1a: Walking Wake|Booster Energy\n|-activate|p1a: Walking Wake|ability: Protosynthesis|[fromitem]\n|-start|p1a: Walking Wake|protosynthesisspa\n|turn|14\n|\n|t:|1771240587\n|switch|p2a: Slowking|Slowking-Galar, M|93/100\n|-damage|p2a: Slowking|80/100|[from] Stealth Rock\n|-damage|p2a: Slowking|55/100|[from] Spikes\n|move|p1a: Walking Wake|Agility|p1a: Walking Wake\n|-boost|p1a: Walking Wake|spe|2\n|\n|-heal|p2a: Slowking|61/100|[from] item: Black Sludge\n|upkeep\n|turn|15\n|\n|t:|1771240597\n|move|p1a: Walking Wake|Surf|p2a: Slowking\n|-damage|p2a: Slowking|26/100\n|move|p2a: Slowking|Toxic|p1a: Walking Wake\n|-status|p1a: Walking Wake|tox\n|\n|-heal|p2a: Slowking|32/100|[from] item: Black Sludge\n|-damage|p1a: Walking Wake|94/100 tox|[from] psn\n|upkeep\n|turn|16\n|j| nonchalantbufalant\n|\n|t:|1771240601\n|switch|p2a: Alomomola|Alomomola, F|100/100\n|-damage|p2a: Alomomola|88/100|[from] Stealth Rock\n|-damage|p2a: Alomomola|63/100|[from] Spikes\n|move|p1a: Walking Wake|Surf|p2a: Alomomola\n|-resisted|p2a: Alomomola\n|-damage|p2a: Alomomola|24/100\n|\n|-heal|p2a: Alomomola|31/100|[from] item: Leftovers\n|-damage|p1a: Walking Wake|82/100 tox|[from] psn\n|upkeep\n|turn|17\n|\n|t:|1771240604\n|move|p2a: Alomomola|Protect|p2a: Alomomola\n|-singleturn|p2a: Alomomola|Protect\n|move|p1a: Walking Wake|Dragon Pulse|p2a: Alomomola\n|-activate|p2a: Alomomola|move: Protect\n|\n|-heal|p2a: Alomomola|37/100|[from] item: Leftovers\n|-damage|p1a: Walking Wake|64/100 tox|[from] psn\n|upkeep\n|turn|18\n|\n|t:|1771240610\n|move|p1a: Walking Wake|Surf|p2a: Alomomola\n|-resisted|p2a: Alomomola\n|-damage|p2a: Alomomola|0 fnt\n|faint|p2a: Alomomola\n|\n|-damage|p1a: Walking Wake|40/100 tox|[from] psn\n|upkeep\n|\n|t:|1771240614\n|switch|p2a: Slowking|Slowking-Galar, M|65/100\n|-damage|p2a: Slowking|53/100|[from] Stealth Rock\n|-damage|p2a: Slowking|28/100|[from] Spikes\n|turn|19\n|\n|t:|1771240621\n|move|p1a: Walking Wake|Dragon Pulse|p2a: Slowking\n|-damage|p2a: Slowking|0 fnt\n|faint|p2a: Slowking\n|\n|-damage|p1a: Walking Wake|10/100 tox|[from] psn\n|upkeep\n|\n|t:|1771240636\n|switch|p2a: Cinderace|Cinderace, M|100/100 par\n|turn|20\n|\n|t:|1771240639\n|-terastallize|p2a: Cinderace|Fighting\n|move|p1a: Walking Wake|Surf|p2a: Cinderace\n|-damage|p2a: Cinderace|3/100 par\n|move|p2a: Cinderace|Court Change|p2a: Cinderace\n|-swapsideconditions\n|-activate|p2a: Cinderace|move: Court Change\n|\n|-damage|p1a: Walking Wake|0 fnt|[from] psn\n|faint|p1a: Walking Wake\n|-end|p1a: Walking Wake|Protosynthesis|[silent]\n|upkeep\n|\n|t:|1771240646\n|switch|p1a: Gholdengo|Gholdengo|100/100\n|-damage|p1a: Gholdengo|94/100|[from] Stealth Rock\n|-item|p1a: Gholdengo|Air Balloon\n|turn|21\n|\n|t:|1771240648\n|move|p1a: Gholdengo|Shadow Ball|p2a: Cinderace\n|-damage|p2a: Cinderace|0 fnt\n|faint|p2a: Cinderace\n|\n|upkeep\n|\n|t:|1771240653\n|switch|p2a: Sandy Shocks|Sandy Shocks, shiny|100/100\n|turn|22\n|\n|t:|1771240656\n|move|p2a: Sandy Shocks|Volt Switch|p1a: Gholdengo\n|-damage|p1a: Gholdengo|54/100\n|-enditem|p1a: Gholdengo|Air Balloon\n|\n|t:|1771240659\n|-end|p2a: Sandy Shocks|Protosynthesis|[silent]\n|switch|p2a: Hydrapple|Hydrapple, F, shiny|100/100|[from] Volt Switch\n|move|p1a: Gholdengo|Shadow Ball|p2a: Hydrapple\n|-damage|p2a: Hydrapple|60/100\n|\n|upkeep\n|turn|23\n|\n|t:|1771240662\n|move|p1a: Gholdengo|Make It Rain|p2a: Hydrapple\n|-damage|p2a: Hydrapple|0 fnt\n|-unboost|p1a: Gholdengo|spa|1\n|faint|p2a: Hydrapple\n|\n|upkeep\n|\n|t:|1771240665\n|switch|p2a: Sandy Shocks|Sandy Shocks, shiny|100/100\n|turn|24\n|\n|t:|1771240668\n|move|p2a: Sandy Shocks|Earth Power|p1a: Gholdengo\n|-supereffective|p1a: Gholdengo\n|-damage|p1a: Gholdengo|0 fnt\n|faint|p1a: Gholdengo\n|\n|upkeep\n|\n|t:|1771240670\n|switch|p1a: Kingambit|Kingambit, M|100/100\n|-damage|p1a: Kingambit|94/100|[from] Stealth Rock\n|-damage|p1a: Kingambit|69/100|[from] Spikes\n|-activate|p1a: Kingambit|ability: Supreme Overlord\n|-start|p1a: Kingambit|fallen5|[silent]\n|turn|25\n|\n|t:|1771240674\n|-terastallize|p1a: Kingambit|Dark\n|move|p1a: Kingambit|Sucker Punch|p2a: Sandy Shocks\n|-damage|p2a: Sandy Shocks|0 fnt\n|faint|p2a: Sandy Shocks\n|-end|p2a: Sandy Shocks|Protosynthesis|[silent]\n|\n|upkeep\n|\n|t:|1771240677\n|switch|p2a: Scizor|Scizor, M|100/100\n|turn|26\n|\n|t:|1771240694\n|move|p1a: Kingambit|Sucker Punch|p2a: Scizor\n|-damage|p2a: Scizor|0 fnt\n|faint|p2a: Scizor\n|\n|win|bobbyfelipe\n|raw|bobbyfelipe's rating: 1766 &rarr; <strong>1787</strong><br />(+21 for winning)\n|raw|tuanquewang's rating: 1776 &rarr; <strong>1755</strong><br />(-21 for losing)\n|l|☆tuanquewang\n|player|p2|\n|c| nonchalantbufalant|50/50 time\n|l|☆bobbyfelipe\n|player|p1|\n|l| nonchalantbufalant\n", "uploadtime": 1771240852, "views": 18, "formatid": "gen9ou", "rating": 1755, "private": 0, "password": null}