{"id": "gen9ou-2647749949", "format": "[Gen 9] OU", "players": ["LoscarGD", "Waterfleas"], "log": "|j|☆LoscarGD\n|j|☆Waterfleas\n|t:|1783806214\n|gametype|singles\n|player|p1|LoscarGD|benga|1201\n|player|p2|Waterfleas|169|1288\n|gen|9\n|tier|[Gen 9] OU\n|rated|\n|rule|HP Percentage Mod: HP is shown in percentages\n|rule|Endless Battle Clause: Forcing endless battles is banned\n|rule|Species Clause: Limit one of each Pokémon\n|rule|OHKO Clause: OHKO moves are banned\n|rule|Evasion Items Clause: Evasion items are banned\n|rule|Evasion Moves Clause: Evasion moves are banned\n|rule|Evasion Abilities Clause: Evasion abilities are banned\n|rule|Sleep Moves Clause: Sleep-inducing moves are banned\n|clearpoke\n|poke|p1|Swampert, M|\n|poke|p1|Keldeo-Resolute|\n|poke|p1|Thundurus-Therian, M|\n|poke|p1|Lokix, F|\n|poke|p1|Tyranitar, M|\n|poke|p1|Metagross|\n|poke|p2|Samurott-Hisui, F|\n|poke|p2|Pecharunt|\n|poke|p2|Scizor, F|\n|poke|p2|Iron Valiant|\n|poke|p2|Great Tusk|\n|poke|p2|Latios, M|\n|teampreview\n|\n|t:|1783806229\n|teamsize|p1|6\n|teamsize|p2|6\n|start\n|switch|p1a: Lokix|Lokix, F|100/100\n|switch|p2a: Scizor|Scizor, F|100/100\n|turn|1\n|\n|t:|1783806234\n|switch|p2a: Pecharunt|Pecharunt|100/100\n|move|p1a: Lokix|U-turn|p2a: Pecharunt\n|-resisted|p2a: Pecharunt\n|-damage|p2a: Pecharunt|92/100\n|-damage|p1a: Lokix|91/100|[from] item: Life Orb\n|\n|t:|1783806240\n|switch|p1a: Swampert|Swampert, M|100/100|[from] U-turn\n|\n|upkeep\n|turn|2\n|\n|t:|1783806249\n|move|p2a: Pecharunt|Malignant Chain|p1a: Swampert\n|-resisted|p1a: Swampert\n|-damage|p1a: Swampert|86/100\n|move|p1a: Swampert|Curse|p1a: Swampert\n|-unboost|p1a: Swampert|spe|1\n|-boost|p1a: Swampert|atk|1\n|-boost|p1a: Swampert|def|1\n|\n|upkeep\n|turn|3\n|\n|t:|1783806260\n|move|p2a: Pecharunt|Parting Shot|p1a: Swampert\n|-unboost|p1a: Swampert|atk|1\n|-unboost|p1a: Swampert|spa|1\n|\n|t:|1783806270\n|switch|p2a: Latios|Latios, M|100/100|[from] Parting Shot\n|move|p1a: Swampert|Earthquake|p2a: Latios\n|-immune|p2a: Latios|[from] ability: Levitate\n|\n|upkeep\n|turn|4\n|\n|t:|1783806276\n|-terastallize|p1a: Swampert|Dragon\n|move|p2a: Latios|Draco Meteor|p1a: Swampert\n|-supereffective|p1a: Swampert\n|-damage|p1a: Swampert|0 fnt\n|-unboost|p2a: Latios|spa|2\n|faint|p1a: Swampert\n|\n|upkeep\n|\n|t:|1783806287\n|switch|p1a: Lokix|Lokix, F|91/100\n|turn|5\n|\n|t:|1783806292\n|switch|p2a: Pecharunt|Pecharunt|92/100\n|move|p1a: Lokix|Swords Dance|p1a: Lokix\n|-boost|p1a: Lokix|atk|2\n|\n|upkeep\n|turn|6\n|\n|t:|1783806299\n|move|p1a: Lokix|Sucker Punch|p2a: Pecharunt\n|-supereffective|p2a: Pecharunt\n|-damage|p2a: Pecharunt|22/100\n|-damage|p1a: Lokix|81/100|[from] item: Life Orb\n|move|p2a: Pecharunt|Malignant Chain|p1a: Lokix\n|-damage|p1a: Lokix|23/100\n|\n|upkeep\n|turn|7\n|\n|t:|1783806310\n|move|p1a: Lokix|U-turn|p2a: Pecharunt\n|-resisted|p2a: Pecharunt\n|-damage|p2a: Pecharunt|1/100\n|-damage|p1a: Lokix|13/100|[from] item: Life Orb\n|\n|t:|1783806318\n|switch|p1a: Tyranitar|Tyranitar, M|100/100|[from] U-turn\n|-weather|Sandstorm|[from] ability: Sand Stream|[of] p1a: Tyranitar\n|-item|p1a: Tyranitar|Air Balloon\n|move|p2a: Pecharunt|Recover|p2a: Pecharunt\n|-heal|p2a: Pecharunt|51/100\n|\n|-weather|Sandstorm|[upkeep]\n|-damage|p2a: Pecharunt|45/100|[from] Sandstorm\n|upkeep\n|turn|8\n|\n|t:|1783806330\n|move|p2a: Pecharunt|Parting Shot|p1a: Tyranitar\n|-unboost|p1a: Tyranitar|atk|1\n|-unboost|p1a: Tyranitar|spa|1\n|\n|t:|1783806333\n|switch|p2a: Scizor|Scizor, F|100/100|[from] Parting Shot\n|move|p1a: Tyranitar|Dragon Dance|p1a: Tyranitar\n|-boost|p1a: Tyranitar|atk|1\n|-boost|p1a: Tyranitar|spe|1\n|\n|-weather|Sandstorm|[upkeep]\n|upkeep\n|turn|9\n|\n|t:|1783806339\n|move|p1a: Tyranitar|Earthquake|p2a: Scizor\n|-damage|p2a: Scizor|58/100\n|move|p2a: Scizor|U-turn|p1a: Tyranitar\n|-supereffective|p1a: Tyranitar\n|-damage|p1a: Tyranitar|10/100\n|-enditem|p1a: Tyranitar|Air Balloon\n|\n|t:|1783806342\n|switch|p2a: Samurott|Samurott-Hisui, F|100/100|[from] U-turn\n|\n|-weather|Sandstorm|[upkeep]\n|-damage|p2a: Samurott|94/100|[from] Sandstorm\n|upkeep\n|turn|10\n|\n|t:|1783806356\n|move|p2a: Samurott|Ceaseless Edge|p1a: Tyranitar\n|-resisted|p1a: Tyranitar\n|-damage|p1a: Tyranitar|0 fnt\n|-sidestart|p1: LoscarGD|Spikes\n|faint|p1a: Tyranitar\n|\n|-weather|Sandstorm|[upkeep]\n|-damage|p2a: Samurott|88/100|[from] Sandstorm\n|upkeep\n|-message|LoscarGD forfeited.\n|\n|win|Waterfleas\n|raw|LoscarGD's rating: 1201 &rarr; <strong>1182</strong><br />(-19 for losing)\n|raw|Waterfleas's rating: 1288 &rarr; <strong>1307</strong><br />(+19 for winning)\n|l|☆LoscarGD\n|player|p1|\n|l|☆Waterfleas\n|player|p2|\n", "uploadtime": 1783806773, "views": 9, "formatid": "gen9ou", "rating": 1182, "private": 0, "password": null}