{"id": "gen9ou-2540618444", "format": "[Gen 9] OU", "players": ["Tankman123", "chedeqing"], "log": "|j|☆Tankman123\n|j|☆chedeqing\n|t:|1771228316\n|gametype|singles\n|player|p1|Tankman123|169|1641\n|player|p2|chedeqing|170|1538\n|gen|9\n|tier|[Gen 9] OU\n|rated|\n|rule|HP Percentage Mod: HP is shown in percentages\n|rule|Endless Battle Clause: Forcing endless battles is banned\n|rule|Species Clause: Limit one of each Pokémon\n|rule|OHKO Clause: OHKO moves are banned\n|rule|Evasion Items Clause: Evasion items are banned\n|rule|Evasion Moves Clause: Evasion moves are banned\n|rule|Evasion Abilities Clause: Evasion abilities are banned\n|rule|Sleep Moves Clause: Sleep-inducing moves are banned\n|clearpoke\n|poke|p1|Pecharunt|\n|poke|p1|Kingambit, F|\n|poke|p1|Volcanion|\n|poke|p1|Iron Valiant|\n|poke|p1|Landorus-Therian, M|\n|poke|p1|Deoxys-Speed|\n|poke|p2|Tyranitar, M|\n|poke|p2|Rillaboom, M|\n|poke|p2|Weezing-Galar, M|\n|poke|p2|Zapdos|\n|poke|p2|Ursaluna, M|\n|poke|p2|Alomomola, F|\n|teampreview\n|inactive|Battle timer is ON: inactive players will automatically lose when time's up. (requested by chedeqing)\n|inactive|Tankman123 has 120 seconds left.\n|\n|t:|1771228360\n|teamsize|p1|6\n|teamsize|p2|6\n|start\n|switch|p1a: Landorus|Landorus-Therian, M|100/100\n|switch|p2a: Zapdos|Zapdos, shiny|100/100\n|-ability|p1a: Landorus|Intimidate|boost\n|-unboost|p2a: Zapdos|atk|1\n|turn|1\n|\n|t:|1771228368\n|move|p1a: Landorus|Stealth Rock|p2a: Zapdos\n|-sidestart|p2: chedeqing|move: Stealth Rock\n|move|p2a: Zapdos|Hurricane|p1a: Landorus\n|-damage|p1a: Landorus|53/100\n|\n|upkeep\n|turn|2\n|\n|t:|1771228388\n|switch|p1a: Kingambit|Kingambit, F|100/100\n|move|p2a: Zapdos|Volt Switch|p1a: Kingambit\n|-damage|p1a: Kingambit|66/100\n|\n|t:|1771228396\n|switch|p2a: Ursaluna|Ursaluna, M, shiny|100/100|[from] Volt Switch\n|-damage|p2a: Ursaluna|94/100|[from] Stealth Rock\n|\n|-heal|p1a: Kingambit|72/100|[from] item: Leftovers\n|-status|p2a: Ursaluna|brn|[from] item: Flame Orb\n|upkeep\n|turn|3\n|inactive|Tankman123 has 120 seconds left.\n|\n|t:|1771228429\n|move|p1a: Kingambit|Low Kick|p2a: Ursaluna\n|-supereffective|p2a: Ursaluna\n|-damage|p2a: Ursaluna|21/100 brn\n|move|p2a: Ursaluna|Facade|p1a: Kingambit\n|-resisted|p1a: Kingambit\n|-damage|p1a: Kingambit|16/100\n|\n|-heal|p1a: Kingambit|22/100|[from] item: Leftovers\n|-damage|p2a: Ursaluna|15/100 brn|[from] brn\n|upkeep\n|turn|4\n|inactive|Tankman123 has 120 seconds left.\n|\n|t:|1771228442\n|switch|p2a: Weezing|Weezing-Galar, M, shiny|100/100\n|-ability|p2a: Weezing|Neutralizing Gas\n|move|p1a: Kingambit|Iron Head|p2a: Weezing\n|-supereffective|p2a: Weezing\n|-damage|p2a: Weezing|50/100\n|\n|-heal|p1a: Kingambit|28/100|[from] item: Leftovers\n|upkeep\n|turn|5\n|\n|t:|1771228453\n|move|p1a: Kingambit|Iron Head|p2a: Weezing\n|-supereffective|p2a: Weezing\n|-crit|p2a: Weezing\n|-damage|p2a: Weezing|0 fnt\n|faint|p2a: Weezing\n|-end|p2a: Weezing|ability: Neutralizing Gas\n|\n|-heal|p1a: Kingambit|34/100|[from] item: Leftovers\n|upkeep\n|\n|t:|1771228461\n|switch|p2a: Zapdos|Zapdos, shiny|100/100\n|turn|6\n|\n|t:|1771228472\n|move|p1a: Kingambit|Sucker Punch|p2a: Zapdos\n|-damage|p2a: Zapdos|72/100\n|move|p2a: Zapdos|Heat Wave|p1a: Kingambit\n|-supereffective|p1a: Kingambit\n|-damage|p1a: Kingambit|0 fnt\n|faint|p1a: Kingambit\n|-end|p1a: Kingambit|fallenundefined|[silent]\n|\n|upkeep\n|\n|t:|1771228480\n|switch|p1a: Deoxys|Deoxys-Speed|100/100\n|-ability|p1a: Deoxys|Pressure\n|turn|7\n|\n|t:|1771228487\n|move|p1a: Deoxys|Spikes|p2a: Zapdos\n|-sidestart|p2: chedeqing|Spikes\n|move|p2a: Zapdos|Volt Switch|p1a: Deoxys\n|-damage|p1a: Deoxys|44/100\n|\n|t:|1771228496\n|switch|p2a: Alomomola|Alomomola, F, shiny|100/100|[from] Volt Switch\n|\n|upkeep\n|turn|8\n|\n|t:|1771228506\n|move|p1a: Deoxys|Spikes|p2a: Alomomola\n|-sidestart|p2: chedeqing|Spikes\n|move|p2a: Alomomola|Wish|p2a: Alomomola\n|\n|upkeep\n|turn|9\n|\n|t:|1771228513\n|switch|p2a: Zapdos|Zapdos, shiny|72/100\n|move|p1a: Deoxys|Knock Off|p2a: Zapdos\n|-damage|p2a: Zapdos|51/100\n|-status|p1a: Deoxys|par|[from] ability: Static|[of] p2a: Zapdos\n|-enditem|p2a: Zapdos|Heavy-Duty Boots|[from] move: Knock Off|[of] p1a: Deoxys\n|\n|-heal|p2a: Zapdos|100/100|[from] move: Wish|[wisher] Alomomola\n|upkeep\n|turn|10\n|\n|t:|1771228534\n|move|p2a: Zapdos|Hurricane|p1a: Deoxys\n|-damage|p1a: Deoxys|0 fnt\n|faint|p1a: Deoxys\n|\n|upkeep\n|inactive|Tankman123 has 120 seconds left.\n|\n|t:|1771228560\n|switch|p1a: Pecharunt|Pecharunt|100/100\n|turn|11\n|\n|t:|1771228572\n|move|p1a: Pecharunt|Malignant Chain|p2a: Zapdos\n|-damage|p2a: Zapdos|66/100\n|move|p2a: Zapdos|Volt Switch|p1a: Pecharunt\n|-damage|p1a: Pecharunt|65/100\n|\n|t:|1771228586\n|switch|p2a: Tyranitar|Tyranitar, M, shiny|100/100|[from] Volt Switch\n|-damage|p2a: Tyranitar|88/100|[from] Stealth Rock\n|-damage|p2a: Tyranitar|72/100|[from] Spikes\n|-weather|Sandstorm|[from] ability: Sand Stream|[of] p2a: Tyranitar\n|\n|-weather|Sandstorm|[upkeep]\n|-damage|p1a: Pecharunt|58/100|[from] Sandstorm\n|-heal|p2a: Tyranitar|78/100|[from] item: Leftovers\n|upkeep\n|turn|12\n|\n|t:|1771228601\n|switch|p1a: Landorus|Landorus-Therian, M|53/100\n|-ability|p1a: Landorus|Intimidate|boost\n|-unboost|p2a: Tyranitar|atk|1\n|move|p2a: Tyranitar|Stealth Rock|p1a: Landorus\n|-sidestart|p1: Tankman123|move: Stealth Rock\n|\n|-weather|Sandstorm|[upkeep]\n|-heal|p2a: Tyranitar|84/100|[from] item: Leftovers\n|upkeep\n|turn|13\n|\n|t:|1771228613\n|switch|p2a: Ursaluna|Ursaluna, M, shiny|15/100 brn\n|-damage|p2a: Ursaluna|8/100 brn|[from] Stealth Rock\n|-damage|p2a: Ursaluna|0 fnt|[from] Spikes\n|faint|p2a: Ursaluna\n|move|p1a: Landorus|U-turn|p2: Ursaluna|[notarget]\n|-fail|p1a: Landorus\n|\n|-weather|Sandstorm|[upkeep]\n|upkeep\n|\n|t:|1771228623\n|switch|p2a: Zapdos|Zapdos, shiny|66/100\n|-damage|p2a: Zapdos|41/100|[from] Stealth Rock\n|turn|14\n|\n|t:|1771228628\n|move|p1a: Landorus|Taunt|p2a: Zapdos\n|-start|p2a: Zapdos|move: Taunt\n|cant|p2a: Zapdos|move: Taunt|Roost\n|\n|-weather|Sandstorm|[upkeep]\n|-damage|p2a: Zapdos|35/100|[from] Sandstorm\n|upkeep\n|turn|15\n|\n|t:|1771228644\n|move|p1a: Landorus|Earthquake|p2a: Zapdos\n|-immune|p2a: Zapdos\n|move|p2a: Zapdos|Hurricane|p1a: Landorus|[miss]\n|-miss|p2a: Zapdos|p1a: Landorus\n|\n|-weather|none\n|upkeep\n|turn|16\n|\n|t:|1771228653\n|move|p1a: Landorus|Earthquake|p2a: Zapdos\n|-immune|p2a: Zapdos\n|move|p2a: Zapdos|Hurricane|p1a: Landorus\n|-damage|p1a: Landorus|2/100\n|-start|p1a: Landorus|confusion\n|\n|-end|p2a: Zapdos|move: Taunt\n|upkeep\n|turn|17\n|\n|t:|1771228664\n|-activate|p1a: Landorus|confusion\n|-damage|p1a: Landorus|0 fnt|[from] confusion\n|faint|p1a: Landorus\n|move|p2a: Zapdos|Roost|p2a: Zapdos\n|-heal|p2a: Zapdos|85/100\n|-singleturn|p2a: Zapdos|move: Roost\n|\n|upkeep\n|\n|t:|1771228670\n|switch|p1a: Iron Valiant|Iron Valiant|100/100\n|-damage|p1a: Iron Valiant|94/100|[from] Stealth Rock\n|-enditem|p1a: Iron Valiant|Booster Energy\n|-activate|p1a: Iron Valiant|ability: Quark Drive|[fromitem]\n|-start|p1a: Iron Valiant|quarkdrivespe\n|turn|18\n|\n|t:|1771228677\n|move|p1a: Iron Valiant|Encore|p2a: Zapdos\n|-start|p2a: Zapdos|Encore\n|move|p2a: Zapdos|Roost|p2a: Zapdos\n|-heal|p2a: Zapdos|100/100\n|-singleturn|p2a: Zapdos|move: Roost\n|\n|upkeep\n|turn|19\n|\n|t:|1771228686\n|switch|p2a: Alomomola|Alomomola, F, shiny|100/100\n|move|p1a: Iron Valiant|Moonblast|p2a: Alomomola\n|-damage|p2a: Alomomola|73/100\n|\n|upkeep\n|turn|20\n|\n|t:|1771228695\n|move|p1a: Iron Valiant|Knock Off|p2a: Alomomola\n|-damage|p2a: Alomomola|45/100\n|-enditem|p2a: Alomomola|Heavy-Duty Boots|[from] move: Knock Off|[of] p1a: Iron Valiant\n|move|p2a: Alomomola|Wish|p2a: Alomomola\n|\n|upkeep\n|turn|21\n|\n|t:|1771228710\n|move|p1a: Iron Valiant|Moonblast|p2a: Alomomola\n|-damage|p2a: Alomomola|17/100\n|-unboost|p2a: Alomomola|spa|1\n|move|p2a: Alomomola|Flip Turn|p1a: Iron Valiant\n|-damage|p1a: Iron Valiant|72/100\n|\n|t:|1771228714\n|switch|p2a: Zapdos|Zapdos, shiny|100/100|[from] Flip Turn\n|-damage|p2a: Zapdos|76/100|[from] Stealth Rock\n|\n|-heal|p2a: Zapdos|100/100|[from] move: Wish|[wisher] Alomomola\n|upkeep\n|turn|22\n|\n|t:|1771228733\n|move|p1a: Iron Valiant|Moonblast|p2a: Zapdos\n|-damage|p2a: Zapdos|63/100\n|-unboost|p2a: Zapdos|spa|1\n|move|p2a: Zapdos|Hurricane|p1a: Iron Valiant|[miss]\n|-miss|p2a: Zapdos|p1a: Iron Valiant\n|\n|upkeep\n|turn|23\n|\n|t:|1771228741\n|move|p1a: Iron Valiant|Moonblast|p2a: Zapdos\n|-damage|p2a: Zapdos|28/100\n|move|p2a: Zapdos|Hurricane|p1a: Iron Valiant|[miss]\n|-miss|p2a: Zapdos|p1a: Iron Valiant\n|\n|upkeep\n|turn|24\n|c|☆Tankman123|sorry\n|inactive|chedeqing has 120 seconds left.\n|\n|t:|1771228792\n|-terastallize|p2a: Zapdos|Steel\n|move|p1a: Iron Valiant|Moonblast|p2a: Zapdos\n|-resisted|p2a: Zapdos\n|-damage|p2a: Zapdos|9/100\n|move|p2a: Zapdos|Hurricane|p1a: Iron Valiant\n|-supereffective|p1a: Iron Valiant\n|-damage|p1a: Iron Valiant|0 fnt\n|faint|p1a: Iron Valiant\n|-end|p1a: Iron Valiant|Quark Drive|[silent]\n|\n|upkeep\n|\n|t:|1771228797\n|switch|p1a: Pecharunt|Pecharunt|58/100\n|turn|25\n|\n|t:|1771228809\n|switch|p2a: Tyranitar|Tyranitar, M, shiny|84/100\n|-damage|p2a: Tyranitar|71/100|[from] Stealth Rock\n|-damage|p2a: Tyranitar|55/100|[from] Spikes\n|-weather|Sandstorm|[from] ability: Sand Stream|[of] p2a: Tyranitar\n|move|p1a: Pecharunt|Shadow Ball|p2a: Tyranitar\n|-resisted|p2a: Tyranitar\n|-damage|p2a: Tyranitar|45/100\n|\n|-weather|Sandstorm|[upkeep]\n|-damage|p1a: Pecharunt|52/100|[from] Sandstorm\n|-heal|p2a: Tyranitar|51/100|[from] item: Leftovers\n|upkeep\n|turn|26\n|\n|t:|1771228826\n|switch|p1a: Volcanion|Volcanion|100/100\n|-damage|p1a: Volcanion|76/100|[from] Stealth Rock\n|move|p2a: Tyranitar|Stone Edge|p1a: Volcanion\n|-supereffective|p1a: Volcanion\n|-damage|p1a: Volcanion|0 fnt\n|faint|p1a: Volcanion\n|\n|-weather|Sandstorm|[upkeep]\n|-heal|p2a: Tyranitar|58/100|[from] item: Leftovers\n|upkeep\n|\n|t:|1771228832\n|switch|p1a: Pecharunt|Pecharunt|52/100\n|turn|27\n|\n|t:|1771228845\n|-terastallize|p1a: Pecharunt|Fairy\n|move|p1a: Pecharunt|Recover|p1a: Pecharunt\n|-heal|p1a: Pecharunt|100/100\n|move|p2a: Tyranitar|Knock Off|p1a: Pecharunt\n|-resisted|p1a: Pecharunt\n|-damage|p1a: Pecharunt|83/100\n|-enditem|p1a: Pecharunt|Heavy-Duty Boots|[from] move: Knock Off|[of] p2a: Tyranitar\n|\n|-weather|Sandstorm|[upkeep]\n|-damage|p1a: Pecharunt|77/100|[from] Sandstorm\n|-heal|p2a: Tyranitar|64/100|[from] item: Leftovers\n|upkeep\n|turn|28\n|\n|t:|1771228859\n|move|p1a: Pecharunt|Malignant Chain|p2a: Tyranitar\n|-resisted|p2a: Tyranitar\n|-damage|p2a: Tyranitar|52/100\n|move|p2a: Tyranitar|Stone Edge|p1a: Pecharunt\n|-damage|p1a: Pecharunt|35/100\n|\n|-weather|Sandstorm|[upkeep]\n|-damage|p1a: Pecharunt|29/100|[from] Sandstorm\n|-heal|p2a: Tyranitar|58/100|[from] item: Leftovers\n|upkeep\n|turn|29\n|\n|t:|1771228870\n|move|p1a: Pecharunt|Recover|p1a: Pecharunt\n|-heal|p1a: Pecharunt|79/100\n|move|p2a: Tyranitar|Stone Edge|p1a: Pecharunt|[miss]\n|-miss|p2a: Tyranitar|p1a: Pecharunt\n|\n|-weather|none\n|-heal|p2a: Tyranitar|64/100|[from] item: Leftovers\n|upkeep\n|turn|30\n|\n|t:|1771228892\n|switch|p2a: Zapdos|Zapdos, shiny, tera:Steel|9/100\n|-damage|p2a: Zapdos|3/100|[from] Stealth Rock\n|-damage|p2a: Zapdos|0 fnt|[from] Spikes\n|faint|p2a: Zapdos\n|move|p1a: Pecharunt|Malignant Chain|p2: Zapdos|[notarget]\n|-fail|p1a: Pecharunt\n|\n|upkeep\n|inactive|chedeqing has 90 seconds left.\n|\n|t:|1771228910\n|switch|p2a: Alomomola|Alomomola, F, shiny|50/100\n|-damage|p2a: Alomomola|38/100|[from] Stealth Rock\n|-damage|p2a: Alomomola|21/100|[from] Spikes\n|turn|31\n|\n|t:|1771228918\n|move|p1a: Pecharunt|Malignant Chain|p2a: Alomomola\n|-damage|p2a: Alomomola|0 fnt\n|faint|p2a: Alomomola\n|\n|upkeep\n|\n|t:|1771228923\n|switch|p2a: Rillaboom|Rillaboom, M, shiny|100/100\n|-damage|p2a: Rillaboom|88/100|[from] Stealth Rock\n|-damage|p2a: Rillaboom|72/100|[from] Spikes\n|-fieldstart|move: Grassy Terrain|[from] ability: Grassy Surge|[of] p2a: Rillaboom\n|turn|32\n|\n|t:|1771228933\n|move|p1a: Pecharunt|Malignant Chain|p2a: Rillaboom\n|-supereffective|p2a: Rillaboom\n|-damage|p2a: Rillaboom|0 fnt\n|faint|p2a: Rillaboom\n|\n|-heal|p1a: Pecharunt|85/100|[from] Grassy Terrain\n|upkeep\n|\n|t:|1771228941\n|switch|p2a: Tyranitar|Tyranitar, M, shiny|64/100\n|-damage|p2a: Tyranitar|52/100|[from] Stealth Rock\n|-damage|p2a: Tyranitar|35/100|[from] Spikes\n|-weather|Sandstorm|[from] ability: Sand Stream|[of] p2a: Tyranitar\n|turn|33\n|\n|t:|1771228947\n|move|p1a: Pecharunt|Malignant Chain|p2a: Tyranitar\n|-resisted|p2a: Tyranitar\n|-damage|p2a: Tyranitar|25/100\n|move|p2a: Tyranitar|Stone Edge|p1a: Pecharunt\n|-crit|p1a: Pecharunt\n|-damage|p1a: Pecharunt|24/100\n|\n|-weather|Sandstorm|[upkeep]\n|-damage|p1a: Pecharunt|18/100|[from] Sandstorm\n|-heal|p1a: Pecharunt|24/100|[from] Grassy Terrain\n|-heal|p2a: Tyranitar|31/100|[from] Grassy Terrain\n|-heal|p2a: Tyranitar|37/100|[from] item: Leftovers\n|upkeep\n|turn|34\n|\n|t:|1771228960\n|move|p1a: Pecharunt|Recover|p1a: Pecharunt\n|-heal|p1a: Pecharunt|74/100\n|move|p2a: Tyranitar|Stone Edge|p1a: Pecharunt|[miss]\n|-miss|p2a: Tyranitar|p1a: Pecharunt\n|\n|-weather|Sandstorm|[upkeep]\n|-damage|p1a: Pecharunt|68/100|[from] Sandstorm\n|-heal|p1a: Pecharunt|74/100|[from] Grassy Terrain\n|-heal|p2a: Tyranitar|43/100|[from] Grassy Terrain\n|-heal|p2a: Tyranitar|49/100|[from] item: Leftovers\n|upkeep\n|turn|35\n|\n|t:|1771228971\n|move|p1a: Pecharunt|Malignant Chain|p2a: Tyranitar\n|-resisted|p2a: Tyranitar\n|-damage|p2a: Tyranitar|37/100\n|move|p2a: Tyranitar|Stone Edge|p1a: Pecharunt|[miss]\n|-miss|p2a: Tyranitar|p1a: Pecharunt\n|\n|-weather|Sandstorm|[upkeep]\n|-damage|p1a: Pecharunt|68/100|[from] Sandstorm\n|-heal|p1a: Pecharunt|74/100|[from] Grassy Terrain\n|-heal|p2a: Tyranitar|43/100|[from] Grassy Terrain\n|-heal|p2a: Tyranitar|49/100|[from] item: Leftovers\n|upkeep\n|turn|36\n|\n|t:|1771228983\n|move|p1a: Pecharunt|Malignant Chain|p2a: Tyranitar\n|-resisted|p2a: Tyranitar\n|-damage|p2a: Tyranitar|39/100\n|move|p2a: Tyranitar|Stone Edge|p1a: Pecharunt\n|-damage|p1a: Pecharunt|36/100\n|\n|-weather|Sandstorm|[upkeep]\n|-damage|p1a: Pecharunt|30/100|[from] Sandstorm\n|-heal|p1a: Pecharunt|36/100|[from] Grassy Terrain\n|-heal|p2a: Tyranitar|45/100|[from] Grassy Terrain\n|-heal|p2a: Tyranitar|51/100|[from] item: Leftovers\n|-fieldend|move: Grassy Terrain\n|upkeep\n|turn|37\n|j| peneplain\n|inactive|chedeqing has 90 seconds left.\n|\n|t:|1771229006\n|move|p1a: Pecharunt|Recover|p1a: Pecharunt\n|-heal|p1a: Pecharunt|86/100\n|move|p2a: Tyranitar|Stone Edge|p1a: Pecharunt\n|-crit|p1a: Pecharunt\n|-damage|p1a: Pecharunt|29/100\n|\n|-weather|none\n|-heal|p2a: Tyranitar|57/100|[from] item: Leftovers\n|upkeep\n|turn|38\n|\n|t:|1771229016\n|move|p1a: Pecharunt|Recover|p1a: Pecharunt\n|-heal|p1a: Pecharunt|80/100\n|move|p2a: Tyranitar|Knock Off|p1a: Pecharunt\n|-resisted|p1a: Pecharunt\n|-damage|p1a: Pecharunt|68/100\n|\n|-heal|p2a: Tyranitar|63/100|[from] item: Leftovers\n|upkeep\n|turn|39\n|\n|t:|1771229024\n|move|p1a: Pecharunt|Nasty Plot|p1a: Pecharunt\n|-boost|p1a: Pecharunt|spa|2\n|move|p2a: Tyranitar|Knock Off|p1a: Pecharunt\n|-resisted|p1a: Pecharunt\n|-damage|p1a: Pecharunt|56/100\n|\n|-heal|p2a: Tyranitar|69/100|[from] item: Leftovers\n|upkeep\n|turn|40\n|l| peneplain\n|c|☆chedeqing|gg\n|inactive|chedeqing has 90 seconds left.\n|\n|t:|1771229049\n|move|p1a: Pecharunt|Nasty Plot|p1a: Pecharunt\n|-boost|p1a: Pecharunt|spa|2\n|move|p2a: Tyranitar|Knock Off|p1a: Pecharunt\n|-resisted|p1a: Pecharunt\n|-damage|p1a: Pecharunt|44/100\n|\n|-heal|p2a: Tyranitar|75/100|[from] item: Leftovers\n|upkeep\n|turn|41\n|\n|t:|1771229058\n|move|p1a: Pecharunt|Recover|p1a: Pecharunt\n|-heal|p1a: Pecharunt|94/100\n|move|p2a: Tyranitar|Knock Off|p1a: Pecharunt\n|-resisted|p1a: Pecharunt\n|-damage|p1a: Pecharunt|83/100\n|\n|-heal|p2a: Tyranitar|81/100|[from] item: Leftovers\n|upkeep\n|turn|42\n|\n|t:|1771229066\n|move|p1a: Pecharunt|Nasty Plot|p1a: Pecharunt\n|-boost|p1a: Pecharunt|spa|2\n|move|p2a: Tyranitar|Knock Off|p1a: Pecharunt\n|-resisted|p1a: Pecharunt\n|-damage|p1a: Pecharunt|71/100\n|\n|-heal|p2a: Tyranitar|87/100|[from] item: Leftovers\n|upkeep\n|turn|43\n|\n|t:|1771229075\n|move|p1a: Pecharunt|Shadow Ball|p2a: Tyranitar\n|-resisted|p2a: Tyranitar\n|-damage|p2a: Tyranitar|32/100\n|move|p2a: Tyranitar|Knock Off|p1a: Pecharunt\n|-resisted|p1a: Pecharunt\n|-damage|p1a: Pecharunt|59/100\n|\n|-heal|p2a: Tyranitar|39/100|[from] item: Leftovers\n|upkeep\n|turn|44\n|\n|t:|1771229087\n|move|p1a: Pecharunt|Shadow Ball|p2a: Tyranitar\n|-resisted|p2a: Tyranitar\n|-damage|p2a: Tyranitar|0 fnt\n|faint|p2a: Tyranitar\n|\n|win|Tankman123\n|raw|Tankman123's rating: 1641 &rarr; <strong>1655</strong><br />(+14 for winning)\n|raw|chedeqing's rating: 1538 &rarr; <strong>1524</strong><br />(-14 for losing)\n", "uploadtime": 1771229093, "views": 9, "formatid": "gen9ou", "rating": 1524, "private": 0, "password": null}