{"id": "gen9ou-2540790995", "format": "[Gen 9] OU", "players": ["Caloogan", "csgoAFK"], "log": "|j|☆Caloogan\n|j|☆csgoAFK\n|t:|1771254378\n|gametype|singles\n|player|p1|Caloogan|101|1582\n|player|p2|csgoAFK|steven|1581\n|gen|9\n|tier|[Gen 9] OU\n|rated|\n|rule|HP Percentage Mod: HP is shown in percentages\n|rule|Endless Battle Clause: Forcing endless battles is banned\n|rule|Species Clause: Limit one of each Pokémon\n|rule|OHKO Clause: OHKO moves are banned\n|rule|Evasion Items Clause: Evasion items are banned\n|rule|Evasion Moves Clause: Evasion moves are banned\n|rule|Evasion Abilities Clause: Evasion abilities are banned\n|rule|Sleep Moves Clause: Sleep-inducing moves are banned\n|clearpoke\n|poke|p1|Swalot, F|\n|poke|p1|Dragonite, F|\n|poke|p1|Ogerpon-Wellspring, F|\n|poke|p1|Landorus-Therian, M|\n|poke|p1|Kingambit, F|\n|poke|p1|Cinderace, F|\n|poke|p2|Great Tusk|\n|poke|p2|Pecharunt|\n|poke|p2|Iron Valiant|\n|poke|p2|Iron Crown|\n|poke|p2|Samurott-Hisui, M|\n|poke|p2|Dragonite, M|\n|teampreview\n|inactive|Battle timer is ON: inactive players will automatically lose when time's up. (requested by Caloogan)\n|\n|t:|1771254394\n|teamsize|p1|6\n|teamsize|p2|6\n|start\n|switch|p1a: ObÃ©lix|Kingambit, F|100/100\n|switch|p2a: Iron Valiant|Iron Valiant, shiny|100/100\n|turn|1\n|\n|t:|1771254396\n|-end|p1a: ObÃ©lix|fallenundefined|[silent]\n|switch|p1a: Takeru|Swalot, F|100/100\n|move|p2a: Iron Valiant|Vacuum Wave|p1a: Takeru\n|-resisted|p1a: Takeru\n|-damage|p1a: Takeru|87/100\n|\n|upkeep\n|turn|2\n|\n|t:|1771254399\n|-end|p2a: Iron Valiant|Quark Drive|[silent]\n|switch|p2a: Iron Crown|Iron Crown|100/100\n|move|p1a: Takeru|Toxic Spikes|p2a: Iron Crown\n|-sidestart|p2: csgoAFK|move: Toxic Spikes\n|\n|upkeep\n|turn|3\n|\n|t:|1771254403\n|switch|p1a: Homer|Dragonite, F|100/100\n|move|p2a: Iron Crown|Future Sight|p1a: Homer\n|-start|p2a: Iron Crown|move: Future Sight\n|\n|upkeep\n|turn|4\n|\n|t:|1771254405\n|move|p2a: Iron Crown|Volt Switch|p1a: Homer\n|-damage|p1a: Homer|89/100\n|\n|t:|1771254408\n|-end|p2a: Iron Crown|Quark Drive|[silent]\n|switch|p2a: Pecharunt|Pecharunt|100/100|[from] Volt Switch\n|-sideend|p2: csgoAFK|move: Toxic Spikes|[of] p2a: Pecharunt\n|move|p1a: Homer|Earthquake|p2a: Pecharunt\n|-supereffective|p2a: Pecharunt\n|-damage|p2a: Pecharunt|63/100\n|\n|upkeep\n|turn|5\n|\n|t:|1771254411\n|switch|p1a: ObÃ©lix|Kingambit, F|100/100\n|move|p2a: Pecharunt|Parting Shot|p1a: ObÃ©lix\n|-unboost|p1a: ObÃ©lix|atk|1\n|-unboost|p1a: ObÃ©lix|spa|1\n|\n|t:|1771254414\n|switch|p2a: Great Tusk|Great Tusk, shiny|100/100|[from] Parting Shot\n|\n|-end|p1a: ObÃ©lix|move: Future Sight\n|-immune|p1a: ObÃ©lix\n|upkeep\n|turn|6\n|\n|t:|1771254416\n|-end|p1a: ObÃ©lix|fallenundefined|[silent]\n|switch|p1a: Garfield|Landorus-Therian, M|100/100\n|-ability|p1a: Garfield|Intimidate|boost\n|-unboost|p2a: Great Tusk|atk|1\n|move|p2a: Great Tusk|Stealth Rock|p1a: Garfield\n|-sidestart|p1: Caloogan|move: Stealth Rock\n|\n|upkeep\n|turn|7\n|\n|t:|1771254419\n|move|p1a: Garfield|Stealth Rock|p2a: Great Tusk\n|-sidestart|p2: csgoAFK|move: Stealth Rock\n|move|p2a: Great Tusk|Ice Spinner|p1a: Garfield\n|-supereffective|p1a: Garfield\n|-damage|p1a: Garfield|31/100\n|-damage|p2a: Great Tusk|84/100|[from] item: Rocky Helmet|[of] p1a: Garfield\n|\n|upkeep\n|turn|8\n|\n|t:|1771254421\n|move|p1a: Garfield|Earth Power|p2a: Great Tusk\n|-damage|p2a: Great Tusk|32/100\n|move|p2a: Great Tusk|Rapid Spin|p1a: Garfield\n|-damage|p1a: Garfield|19/100\n|-boost|p2a: Great Tusk|spe|1\n|-damage|p2a: Great Tusk|16/100|[from] item: Rocky Helmet|[of] p1a: Garfield\n|-sideend|p2: csgoAFK|Stealth Rock|[from] move: Rapid Spin|[of] p2a: Great Tusk\n|\n|upkeep\n|turn|9\n|\n|t:|1771254427\n|move|p2a: Great Tusk|Ice Spinner|p1a: Garfield\n|-supereffective|p1a: Garfield\n|-damage|p1a: Garfield|0 fnt\n|-damage|p2a: Great Tusk|0 fnt|[from] item: Rocky Helmet|[of] p1a: Garfield\n|faint|p1a: Garfield\n|faint|p2a: Great Tusk\n|-end|p2a: Great Tusk|Protosynthesis|[silent]\n|\n|upkeep\n|\n|t:|1771254432\n|switch|p1a: Ronaldo|Cinderace, F|100/100\n|switch|p2a: Samurott|Samurott-Hisui, M, shiny|100/100\n|turn|10\n|\n|t:|1771254436\n|move|p1a: Ronaldo|Will-O-Wisp|p2a: Samurott\n|-status|p2a: Samurott|brn\n|move|p2a: Samurott|Ceaseless Edge|p1a: Ronaldo\n|-damage|p1a: Ronaldo|65/100\n|-sidestart|p1: Caloogan|Spikes\n|\n|-damage|p2a: Samurott|94/100 brn|[from] brn\n|upkeep\n|turn|11\n|\n|t:|1771254441\n|move|p1a: Ronaldo|Will-O-Wisp|p2a: Samurott\n|-fail|p2a: Samurott|brn\n|move|p2a: Samurott|Ceaseless Edge|p1a: Ronaldo\n|-crit|p1a: Ronaldo\n|-damage|p1a: Ronaldo|9/100\n|-sidestart|p1: Caloogan|Spikes\n|\n|-damage|p2a: Samurott|88/100 brn|[from] brn\n|upkeep\n|turn|12\n|\n|t:|1771254444\n|move|p1a: Ronaldo|Court Change|p1a: Ronaldo\n|-swapsideconditions\n|-activate|p1a: Ronaldo|move: Court Change\n|move|p2a: Samurott|Ceaseless Edge|p1a: Ronaldo\n|-damage|p1a: Ronaldo|0 fnt\n|-sidestart|p1: Caloogan|Spikes\n|faint|p1a: Ronaldo\n|\n|-damage|p2a: Samurott|82/100 brn|[from] brn\n|upkeep\n|\n|t:|1771254445\n|switch|p1a: ObÃ©lix|Kingambit, F|100/100\n|-damage|p1a: ObÃ©lix|88/100|[from] Spikes\n|-activate|p1a: ObÃ©lix|ability: Supreme Overlord\n|-start|p1a: ObÃ©lix|fallen2|[silent]\n|turn|13\n|\n|t:|1771254453\n|move|p2a: Samurott|Knock Off|p1a: ObÃ©lix\n|-resisted|p1a: ObÃ©lix\n|-damage|p1a: ObÃ©lix|76/100\n|-enditem|p1a: ObÃ©lix|Lum Berry|[from] move: Knock Off|[of] p2a: Samurott\n|move|p1a: ObÃ©lix|Swords Dance|p1a: ObÃ©lix\n|-boost|p1a: ObÃ©lix|atk|2\n|\n|-damage|p2a: Samurott|76/100 brn|[from] brn\n|upkeep\n|turn|14\n|\n|t:|1771254460\n|move|p2a: Samurott|Knock Off|p1a: ObÃ©lix\n|-resisted|p1a: ObÃ©lix\n|-damage|p1a: ObÃ©lix|68/100\n|move|p1a: ObÃ©lix|Swords Dance|p1a: ObÃ©lix\n|-boost|p1a: ObÃ©lix|atk|2\n|\n|-damage|p2a: Samurott|69/100 brn|[from] brn\n|upkeep\n|turn|15\n|\n|t:|1771254463\n|move|p2a: Samurott|Ceaseless Edge|p1a: ObÃ©lix\n|-resisted|p1a: ObÃ©lix\n|-damage|p1a: ObÃ©lix|55/100\n|-sidestart|p1: Caloogan|Spikes\n|move|p1a: ObÃ©lix|Swords Dance|p1a: ObÃ©lix\n|-boost|p1a: ObÃ©lix|atk|2\n|\n|-damage|p2a: Samurott|63/100 brn|[from] brn\n|upkeep\n|turn|16\n|\n|t:|1771254465\n|move|p2a: Samurott|Ceaseless Edge|p1a: ObÃ©lix\n|-resisted|p1a: ObÃ©lix\n|-damage|p1a: ObÃ©lix|43/100\n|-sidestart|p1: Caloogan|Spikes\n|move|p1a: ObÃ©lix|Swords Dance|p1a: ObÃ©lix\n|-boost|p1a: ObÃ©lix|atk|0\n|\n|-damage|p2a: Samurott|57/100 brn|[from] brn\n|upkeep\n|turn|17\n|\n|t:|1771254468\n|move|p2a: Samurott|Ceaseless Edge|p1a: ObÃ©lix|[miss]\n|-miss|p2a: Samurott|p1a: ObÃ©lix\n|move|p1a: ObÃ©lix|Swords Dance|p1a: ObÃ©lix\n|-boost|p1a: ObÃ©lix|atk|0\n|\n|-damage|p2a: Samurott|51/100 brn|[from] brn\n|upkeep\n|turn|18\n|\n|t:|1771254470\n|move|p2a: Samurott|Ceaseless Edge|p1a: ObÃ©lix\n|-resisted|p1a: ObÃ©lix\n|-damage|p1a: ObÃ©lix|30/100\n|move|p1a: ObÃ©lix|Swords Dance|p1a: ObÃ©lix\n|-boost|p1a: ObÃ©lix|atk|0\n|\n|-damage|p2a: Samurott|44/100 brn|[from] brn\n|upkeep\n|turn|19\n|\n|t:|1771254472\n|move|p2a: Samurott|Ceaseless Edge|p1a: ObÃ©lix\n|-resisted|p1a: ObÃ©lix\n|-damage|p1a: ObÃ©lix|18/100\n|move|p1a: ObÃ©lix|Swords Dance|p1a: ObÃ©lix\n|-boost|p1a: ObÃ©lix|atk|0\n|\n|-damage|p2a: Samurott|38/100 brn|[from] brn\n|upkeep\n|turn|20\n|\n|t:|1771254476\n|move|p2a: Samurott|Ceaseless Edge|p1a: ObÃ©lix\n|-resisted|p1a: ObÃ©lix\n|-damage|p1a: ObÃ©lix|6/100\n|move|p1a: ObÃ©lix|Kowtow Cleave|p2a: Samurott\n|-resisted|p2a: Samurott\n|-damage|p2a: Samurott|0 fnt\n|faint|p2a: Samurott\n|\n|upkeep\n|\n|t:|1771254478\n|switch|p2a: Iron Valiant|Iron Valiant, shiny|100/100\n|-damage|p2a: Iron Valiant|94/100|[from] Stealth Rock\n|-damage|p2a: Iron Valiant|78/100|[from] Spikes\n|turn|21\n|\n|t:|1771254480\n|move|p2a: Iron Valiant|Vacuum Wave|p1a: ObÃ©lix\n|-supereffective|p1a: ObÃ©lix\n|-damage|p1a: ObÃ©lix|0 fnt\n|faint|p1a: ObÃ©lix\n|-end|p1a: ObÃ©lix|fallen2|[silent]\n|\n|upkeep\n|\n|t:|1771254480\n|switch|p1a: Homer|Dragonite, F|89/100\n|turn|22\n|\n|t:|1771254485\n|-end|p2a: Iron Valiant|Quark Drive|[silent]\n|switch|p2a: Pecharunt|Pecharunt|63/100\n|-damage|p2a: Pecharunt|51/100|[from] Stealth Rock\n|-damage|p2a: Pecharunt|34/100|[from] Spikes\n|move|p1a: Homer|Dragon Dance|p1a: Homer\n|-boost|p1a: Homer|atk|1\n|-boost|p1a: Homer|spe|1\n|\n|upkeep\n|turn|23\n|\n|t:|1771254490\n|move|p1a: Homer|Earthquake|p2a: Pecharunt\n|-supereffective|p2a: Pecharunt\n|-damage|p2a: Pecharunt|0 fnt\n|faint|p2a: Pecharunt\n|\n|upkeep\n|\n|t:|1771254497\n|switch|p2a: Dragonite|Dragonite, M, shiny|100/100\n|turn|24\n|\n|t:|1771254502\n|-terastallize|p1a: Homer|Normal\n|move|p1a: Homer|Extreme Speed|p2a: Dragonite\n|-damage|p2a: Dragonite|59/100\n|move|p2a: Dragonite|Dragon Dance|p2a: Dragonite\n|-boost|p2a: Dragonite|atk|1\n|-boost|p2a: Dragonite|spe|1\n|\n|upkeep\n|turn|25\n|j| Ctannn\n|\n|t:|1771254516\n|-terastallize|p2a: Dragonite|Flying\n|move|p1a: Homer|Extreme Speed|p2a: Dragonite\n|-damage|p2a: Dragonite|0 fnt\n|faint|p2a: Dragonite\n|\n|upkeep\n|\n|t:|1771254519\n|switch|p2a: Iron Valiant|Iron Valiant, shiny|78/100\n|-damage|p2a: Iron Valiant|71/100|[from] Stealth Rock\n|-damage|p2a: Iron Valiant|55/100|[from] Spikes\n|turn|26\n|\n|t:|1771254520\n|move|p2a: Iron Valiant|Vacuum Wave|p1a: Homer\n|-supereffective|p1a: Homer\n|-damage|p1a: Homer|26/100\n|move|p1a: Homer|Earthquake|p2a: Iron Valiant\n|-damage|p2a: Iron Valiant|0 fnt\n|faint|p2a: Iron Valiant\n|-end|p2a: Iron Valiant|Quark Drive|[silent]\n|\n|upkeep\n|\n|t:|1771254522\n|switch|p2a: Iron Crown|Iron Crown|100/100\n|-damage|p2a: Iron Crown|94/100|[from] Stealth Rock\n|-damage|p2a: Iron Crown|78/100|[from] Spikes\n|turn|27\n|\n|t:|1771254523\n|move|p1a: Homer|Earthquake|p2a: Iron Crown\n|-supereffective|p2a: Iron Crown\n|-damage|p2a: Iron Crown|0 fnt\n|faint|p2a: Iron Crown\n|-end|p2a: Iron Crown|Quark Drive|[silent]\n|\n|win|Caloogan\n|raw|Caloogan's rating: 1582 &rarr; <strong>1602</strong><br />(+20 for winning)\n|raw|csgoAFK's rating: 1581 &rarr; <strong>1561</strong><br />(-20 for losing)\n|l|☆csgoAFK\n|player|p2|\n|l| Ctannn\n|j| Ctannn\n|l| Ctannn\n", "uploadtime": 1771254773, "views": 5, "formatid": "gen9ou", "rating": 1561, "private": 0, "password": null}