{"id": "gen9ou-2639296682", "format": "[Gen 9] OU", "players": ["BuilderSamBon", "Dragonitekilla100"], "log": "|j|☆BuilderSamBon\n|j|☆Dragonitekilla100\n|t:|1782447986\n|gametype|singles\n|player|p1|BuilderSamBon|benga|1398\n|player|p2|Dragonitekilla100|1|1346\n|gen|9\n|tier|[Gen 9] OU\n|rated|\n|rule|HP Percentage Mod: HP is shown in percentages\n|rule|Endless Battle Clause: Forcing endless battles is banned\n|rule|Species Clause: Limit one of each Pokémon\n|rule|OHKO Clause: OHKO moves are banned\n|rule|Evasion Items Clause: Evasion items are banned\n|rule|Evasion Moves Clause: Evasion moves are banned\n|rule|Evasion Abilities Clause: Evasion abilities are banned\n|rule|Sleep Moves Clause: Sleep-inducing moves are banned\n|clearpoke\n|poke|p1|Walking Wake|\n|poke|p1|Great Tusk|\n|poke|p1|Ninetales, M|\n|poke|p1|Cresselia, F|\n|poke|p1|Zarude|\n|poke|p1|Ceruledge, F|\n|poke|p2|Mamoswine, F|\n|poke|p2|Hoopa-Unbound|\n|poke|p2|Great Tusk|\n|poke|p2|Iron Valiant|\n|poke|p2|Samurott-Hisui, F|\n|poke|p2|Ting-Lu|\n|teampreview\n|inactive|Battle timer is ON: inactive players will automatically lose when time's up. (requested by Dragonitekilla100)\n|\n|t:|1782448020\n|teamsize|p1|6\n|teamsize|p2|6\n|start\n|switch|p1a: Zarude|Zarude|100/100\n|switch|p2a: Ting-Lu|Ting-Lu|100/100\n|-ability|p2a: Ting-Lu|Vessel of Ruin\n|turn|1\n|\n|t:|1782448025\n|move|p1a: Zarude|Knock Off|p2a: Ting-Lu\n|-resisted|p2a: Ting-Lu\n|-damage|p2a: Ting-Lu|89/100\n|-damage|p1a: Zarude|84/100|[from] item: Rocky Helmet|[of] p2a: Ting-Lu\n|-enditem|p2a: Ting-Lu|Rocky Helmet|[from] move: Knock Off|[of] p1a: Zarude\n|move|p2a: Ting-Lu|Spikes|p1a: Zarude\n|-sidestart|p1: BuilderSamBon|Spikes\n|\n|-heal|p1a: Zarude|90/100|[from] item: Leftovers\n|upkeep\n|turn|2\n|\n|t:|1782448039\n|move|p1a: Zarude|Power Whip|p2a: Ting-Lu\n|-supereffective|p2a: Ting-Lu\n|-damage|p2a: Ting-Lu|37/100\n|move|p2a: Ting-Lu|Spikes|p1a: Zarude\n|-sidestart|p1: BuilderSamBon|Spikes\n|\n|-heal|p1a: Zarude|96/100|[from] item: Leftovers\n|upkeep\n|turn|3\n|inactive|Dragonitekilla100 has 120 seconds left.\n|\n|t:|1782448092\n|move|p1a: Zarude|Power Whip|p2a: Ting-Lu\n|-supereffective|p2a: Ting-Lu\n|-damage|p2a: Ting-Lu|0 fnt\n|faint|p2a: Ting-Lu\n|\n|-heal|p1a: Zarude|100/100|[from] item: Leftovers\n|upkeep\n|\n|t:|1782448105\n|switch|p2a: Iron Valiant|Iron Valiant|100/100\n|-enditem|p2a: Iron Valiant|Booster Energy\n|-activate|p2a: Iron Valiant|ability: Quark Drive|[fromitem]\n|-start|p2a: Iron Valiant|quarkdrivespe\n|turn|4\n|inactive|BuilderSamBon has 120 seconds left.\n|\n|t:|1782448125\n|switch|p1a: Ninetales|Ninetales, M|100/100\n|-damage|p1a: Ninetales|84/100|[from] Spikes\n|-weather|SunnyDay|[from] ability: Drought|[of] p1a: Ninetales\n|-terastallize|p2a: Iron Valiant|Steel\n|move|p2a: Iron Valiant|Swords Dance|p2a: Iron Valiant\n|-boost|p2a: Iron Valiant|atk|2\n|\n|-weather|SunnyDay|[upkeep]\n|upkeep\n|turn|5\n|inactive|BuilderSamBon has 120 seconds left.\n|\n|t:|1782448150\n|switch|p1a: Ceruledge|Ceruledge, F|100/100\n|-damage|p1a: Ceruledge|84/100|[from] Spikes\n|move|p2a: Iron Valiant|Close Combat|p1a: Ceruledge\n|-immune|p1a: Ceruledge\n|\n|-weather|SunnyDay|[upkeep]\n|upkeep\n|turn|6\n|\n|t:|1782448168\n|-end|p2a: Iron Valiant|Quark Drive|[silent]\n|switch|p2a: Samurott|Samurott-Hisui, F|100/100\n|-terastallize|p1a: Ceruledge|Fairy\n|move|p1a: Ceruledge|Bitter Blade|p2a: Samurott\n|-resisted|p2a: Samurott\n|-damage|p2a: Samurott|57/100\n|-heal|p1a: Ceruledge|100/100|[from] drain|[of] p2a: Samurott\n|\n|-weather|SunnyDay|[upkeep]\n|upkeep\n|turn|7\n|\n|t:|1782448179\n|move|p2a: Samurott|Ceaseless Edge|p1a: Ceruledge\n|-resisted|p1a: Ceruledge\n|-damage|p1a: Ceruledge|50/100\n|-ability|p1a: Ceruledge|Weak Armor|boost\n|-unboost|p1a: Ceruledge|def|1\n|-boost|p1a: Ceruledge|spe|2\n|-sidestart|p1: BuilderSamBon|Spikes\n|move|p1a: Ceruledge|Close Combat|p2a: Samurott\n|-supereffective|p2a: Samurott\n|-damage|p2a: Samurott|0 fnt\n|-unboost|p1a: Ceruledge|def|1\n|-unboost|p1a: Ceruledge|spd|1\n|faint|p2a: Samurott\n|\n|-weather|SunnyDay|[upkeep]\n|upkeep\n|inactive|Dragonitekilla100 has 120 seconds left.\n|\n|t:|1782448190\n|switch|p2a: Mamoswine|Mamoswine, F|100/100\n|turn|8\n|\n|t:|1782448205\n|switch|p1a: Walking Wake|Walking Wake|100/100\n|-damage|p1a: Walking Wake|76/100|[from] Spikes\n|-activate|p1a: Walking Wake|ability: Protosynthesis\n|-start|p1a: Walking Wake|protosynthesisspe\n|move|p2a: Mamoswine|Ice Shard|p1a: Walking Wake\n|-damage|p1a: Walking Wake|46/100\n|-damage|p2a: Mamoswine|91/100|[from] item: Life Orb\n|\n|-weather|SunnyDay|[upkeep]\n|upkeep\n|turn|9\n|\n|t:|1782448222\n|move|p1a: Walking Wake|Hydro Steam|p2a: Mamoswine\n|-supereffective|p2a: Mamoswine\n|-damage|p2a: Mamoswine|0 fnt\n|faint|p2a: Mamoswine\n|\n|-weather|SunnyDay|[upkeep]\n|upkeep\n|\n|t:|1782448224\n|switch|p2a: Hoopa|Hoopa-Unbound|100/100\n|turn|10\n|inactive|BuilderSamBon has 90 seconds left.\n|\n|t:|1782448259\n|move|p1a: Walking Wake|Hydro Steam|p2a: Hoopa\n|-damage|p2a: Hoopa|42/100\n|move|p2a: Hoopa|Knock Off|p1a: Walking Wake\n|-damage|p1a: Walking Wake|0 fnt\n|-enditem|p1a: Walking Wake|Wise Glasses|[from] move: Knock Off|[of] p2a: Hoopa\n|faint|p1a: Walking Wake\n|-end|p1a: Walking Wake|Protosynthesis|[silent]\n|\n|-weather|SunnyDay|[upkeep]\n|upkeep\n|\n|t:|1782448277\n|switch|p1a: Zarude|Zarude|100/100\n|-damage|p1a: Zarude|76/100|[from] Spikes\n|turn|11\n|\n|t:|1782448297\n|switch|p1a: Cresselia|Cresselia, F|100/100\n|move|p2a: Hoopa|Knock Off|p1a: Cresselia\n|-supereffective|p1a: Cresselia\n|-damage|p1a: Cresselia|0 fnt\n|-enditem|p1a: Cresselia|Eject Button|[from] move: Knock Off|[of] p2a: Hoopa\n|faint|p1a: Cresselia\n|\n|-weather|none\n|upkeep\n|\n|t:|1782448306\n|switch|p1a: Zarude|Zarude|76/100\n|-damage|p1a: Zarude|51/100|[from] Spikes\n|turn|12\n|\n|t:|1782448316\n|move|p1a: Zarude|Power Whip|p2a: Hoopa|[miss]\n|-miss|p1a: Zarude|p2a: Hoopa\n|move|p2a: Hoopa|Knock Off|p1a: Zarude\n|-resisted|p1a: Zarude\n|-damage|p1a: Zarude|7/100\n|-enditem|p1a: Zarude|Leftovers|[from] move: Knock Off|[of] p2a: Hoopa\n|\n|upkeep\n|turn|13\n|\n|t:|1782448323\n|move|p1a: Zarude|Power Whip|p2a: Hoopa\n|-damage|p2a: Hoopa|0 fnt\n|faint|p2a: Hoopa\n|\n|upkeep\n|\n|t:|1782448328\n|switch|p2a: Iron Valiant|Iron Valiant, tera:Steel|100/100\n|turn|14\n|inactive|BuilderSamBon has 90 seconds left.\n|\n|t:|1782448344\n|switch|p1a: Ninetales|Ninetales, M|84/100\n|-damage|p1a: Ninetales|59/100|[from] Spikes\n|-weather|SunnyDay|[from] ability: Drought|[of] p1a: Ninetales\n|move|p2a: Iron Valiant|Swords Dance|p2a: Iron Valiant\n|-boost|p2a: Iron Valiant|atk|2\n|\n|-weather|SunnyDay|[upkeep]\n|upkeep\n|turn|15\n|\n|t:|1782448362\n|move|p2a: Iron Valiant|Close Combat|p1a: Ninetales\n|-damage|p1a: Ninetales|0 fnt\n|-unboost|p2a: Iron Valiant|def|1\n|-unboost|p2a: Iron Valiant|spd|1\n|faint|p1a: Ninetales\n|\n|-weather|SunnyDay|[upkeep]\n|upkeep\n|\n|t:|1782448377\n|switch|p1a: Great Tusk|Great Tusk|100/100\n|-damage|p1a: Great Tusk|75/100|[from] Spikes\n|-activate|p1a: Great Tusk|ability: Protosynthesis\n|-start|p1a: Great Tusk|protosynthesisatk\n|turn|16\n|\n|t:|1782448403\n|move|p2a: Iron Valiant|Close Combat|p1a: Great Tusk\n|-damage|p1a: Great Tusk|0 fnt\n|-unboost|p2a: Iron Valiant|def|1\n|-unboost|p2a: Iron Valiant|spd|1\n|faint|p1a: Great Tusk\n|-end|p1a: Great Tusk|Protosynthesis|[silent]\n|\n|-weather|SunnyDay|[upkeep]\n|upkeep\n|-message|BuilderSamBon forfeited.\n|\n|win|Dragonitekilla100\n|raw|BuilderSamBon's rating: 1398 &rarr; <strong>1375</strong><br />(-23 for losing)\n|raw|Dragonitekilla100's rating: 1346 &rarr; <strong>1369</strong><br />(+23 for winning)\n|l|☆BuilderSamBon\n|player|p1|\n|l|☆Dragonitekilla100\n|player|p2|\n", "uploadtime": 1782448701, "views": 3, "formatid": "gen9ou", "rating": 1369, "private": 0, "password": null}