{"id": "gen9ou-2639982895", "format": "[Gen 9] OU", "players": ["brodiewhat", "itsjustrps"], "log": "|j|☆brodiewhat\n|j|☆itsjustrps\n|t:|1782557875\n|gametype|singles\n|player|p1|brodiewhat|palmer|1658\n|player|p2|itsjustrps|1|1673\n|gen|9\n|tier|[Gen 9] OU\n|rated|\n|rule|HP Percentage Mod: HP is shown in percentages\n|rule|Endless Battle Clause: Forcing endless battles is banned\n|rule|Species Clause: Limit one of each Pokémon\n|rule|OHKO Clause: OHKO moves are banned\n|rule|Evasion Items Clause: Evasion items are banned\n|rule|Evasion Moves Clause: Evasion moves are banned\n|rule|Evasion Abilities Clause: Evasion abilities are banned\n|rule|Sleep Moves Clause: Sleep-inducing moves are banned\n|clearpoke\n|poke|p1|Tornadus, M|\n|poke|p1|Hoopa-Unbound|\n|poke|p1|Brambleghast, M|\n|poke|p1|Armarouge, M|\n|poke|p1|Hatterene, F|\n|poke|p1|Ogerpon-Cornerstone, F|\n|poke|p2|Clodsire, F|\n|poke|p2|Dondozo, M|\n|poke|p2|Garganacl, M|\n|poke|p2|Kyurem|\n|poke|p2|Corviknight, F|\n|poke|p2|Tornadus-Therian, M|\n|teampreview\n|inactive|Battle timer is ON: inactive players will automatically lose when time's up. (requested by brodiewhat)\n|\n|t:|1782557902\n|teamsize|p1|6\n|teamsize|p2|6\n|start\n|switch|p1a: Ogerpon|Ogerpon-Cornerstone, F|100/100\n|switch|p2a: Tornadus|Tornadus-Therian, M|100/100\n|turn|1\n|\n|t:|1782557907\n|move|p2a: Tornadus|U-turn|p1a: Ogerpon\n|-supereffective|p1a: Ogerpon\n|-damage|p1a: Ogerpon|60/100\n|\n|t:|1782557911\n|switch|p2a: Dondozo|Dondozo, M|100/100|[from] U-turn\n|move|p1a: Ogerpon|Ivy Cudgel|p2a: Dondozo|[anim] Ivy Cudgel Rock\n|-damage|p2a: Dondozo|71/100\n|\n|-heal|p2a: Dondozo|77/100|[from] item: Leftovers\n|upkeep\n|turn|2\n|j| 1017chy\n|\n|t:|1782557917\n|move|p1a: Ogerpon|Horn Leech|p2a: Dondozo\n|-supereffective|p2a: Dondozo\n|-damage|p2a: Dondozo|33/100\n|-heal|p1a: Ogerpon|93/100|[from] drain|[of] p2a: Dondozo\n|move|p2a: Dondozo|Body Press|p1a: Ogerpon\n|-supereffective|p1a: Ogerpon\n|-damage|p1a: Ogerpon|31/100\n|\n|-heal|p2a: Dondozo|39/100|[from] item: Leftovers\n|upkeep\n|turn|3\n|\n|t:|1782557922\n|switch|p2a: Tornadus|Tornadus-Therian, M|100/100\n|move|p1a: Ogerpon|Ivy Cudgel|p2a: Tornadus|[anim] Ivy Cudgel Rock\n|-supereffective|p2a: Tornadus\n|-damage|p2a: Tornadus|0 fnt\n|faint|p2a: Tornadus\n|\n|upkeep\n|\n|t:|1782557926\n|switch|p2a: Dondozo|Dondozo, M|39/100\n|turn|4\n|\n|t:|1782557932\n|-terastallize|p1a: Ogerpon|Rock\n|detailschange|p1a: Ogerpon|Ogerpon-Cornerstone-Tera, F, tera:Rock\n|-ability|p1a: Ogerpon|Embody Aspect (Cornerstone)|boost\n|-boost|p1a: Ogerpon|def|1\n|-terastallize|p2a: Dondozo|Fairy\n|move|p1a: Ogerpon|Ivy Cudgel|p2a: Dondozo|[anim] Ivy Cudgel Rock\n|-damage|p2a: Dondozo|4/100\n|move|p2a: Dondozo|Rest|p2a: Dondozo\n|-status|p2a: Dondozo|slp|[from] move: Rest\n|-heal|p2a: Dondozo|100/100 slp|[silent]\n|\n|upkeep\n|turn|5\n|\n|t:|1782557941\n|move|p1a: Ogerpon|Ivy Cudgel|p2a: Dondozo|[anim] Ivy Cudgel Rock\n|-crit|p2a: Dondozo\n|-damage|p2a: Dondozo|40/100 slp\n|cant|p2a: Dondozo|slp\n|move|p2a: Dondozo|Sleep Talk|p2a: Dondozo\n|move|p2a: Dondozo|Rest||[from] move: Sleep Talk|[still]\n|-fail|p2a: Dondozo\n|\n|-heal|p2a: Dondozo|46/100 slp|[from] item: Leftovers\n|upkeep\n|turn|6\n|\n|t:|1782557948\n|move|p1a: Ogerpon|Ivy Cudgel|p2a: Dondozo|[anim] Ivy Cudgel Rock\n|-damage|p2a: Dondozo|10/100 slp\n|cant|p2a: Dondozo|slp\n|move|p2a: Dondozo|Sleep Talk|p2a: Dondozo\n|move|p2a: Dondozo|Liquidation|p1a: Ogerpon|[from] move: Sleep Talk\n|-supereffective|p1a: Ogerpon\n|-damage|p1a: Ogerpon|0 fnt\n|faint|p1a: Ogerpon\n|detailschange|p1: Ogerpon|Ogerpon-Cornerstone, F|[silent]\n|\n|-heal|p2a: Dondozo|16/100 slp|[from] item: Leftovers\n|upkeep\n|\n|t:|1782557958\n|switch|p1a: Armarouge|Armarouge, M|100/100\n|turn|7\n|\n|t:|1782557962\n|switch|p2a: Garganacl|Garganacl, M|100/100\n|move|p1a: Armarouge|Psychic Terrain|p1a: Armarouge\n|-fieldstart|move: Psychic Terrain\n|\n|upkeep\n|turn|8\n|\n|t:|1782557966\n|move|p1a: Armarouge|Expanding Force|p2a: Garganacl\n|-damage|p2a: Garganacl|48/100\n|move|p2a: Garganacl|Salt Cure|p1a: Armarouge\n|-supereffective|p1a: Armarouge\n|-damage|p1a: Armarouge|70/100\n|-start|p1a: Armarouge|Salt Cure\n|-ability|p1a: Armarouge|Weak Armor|boost\n|-unboost|p1a: Armarouge|def|1\n|-boost|p1a: Armarouge|spe|2\n|\n|-damage|p1a: Armarouge|58/100|[from] Salt Cure\n|upkeep\n|turn|9\n|\n|t:|1782557969\n|switch|p2a: Corviknight|Corviknight, F|100/100\n|-ability|p2a: Corviknight|Pressure\n|move|p1a: Armarouge|Expanding Force|p2a: Corviknight\n|-resisted|p2a: Corviknight\n|-damage|p2a: Corviknight|72/100\n|\n|-damage|p1a: Armarouge|46/100|[from] Salt Cure\n|upkeep\n|turn|10\n|\n|t:|1782557978\n|switch|p2a: Garganacl|Garganacl, M|48/100\n|move|p1a: Armarouge|Armor Cannon|p2a: Garganacl\n|-resisted|p2a: Garganacl\n|-damage|p2a: Garganacl|25/100\n|-unboost|p1a: Armarouge|def|1\n|-unboost|p1a: Armarouge|spd|1\n|\n|-damage|p1a: Armarouge|34/100|[from] Salt Cure\n|upkeep\n|turn|11\n|\n|t:|1782557988\n|switch|p2a: Dondozo|Dondozo, M, tera:Fairy|16/100 slp\n|move|p1a: Armarouge|Armor Cannon|p2a: Dondozo\n|-damage|p2a: Dondozo|0 fnt\n|-unboost|p1a: Armarouge|def|1\n|-unboost|p1a: Armarouge|spd|1\n|faint|p2a: Dondozo\n|\n|-damage|p1a: Armarouge|21/100|[from] Salt Cure\n|-fieldend|move: Psychic Terrain\n|upkeep\n|\n|t:|1782558001\n|switch|p2a: Garganacl|Garganacl, M|25/100\n|turn|12\n|\n|t:|1782558004\n|move|p1a: Armarouge|Expanding Force|p2a: Garganacl\n|-damage|p2a: Garganacl|0 fnt\n|faint|p2a: Garganacl\n|\n|-damage|p1a: Armarouge|9/100|[from] Salt Cure\n|upkeep\n|\n|t:|1782558007\n|switch|p2a: Kyurem|Kyurem|100/100\n|-ability|p2a: Kyurem|Pressure\n|turn|13\n|\n|t:|1782558010\n|move|p2a: Kyurem|Protect|p2a: Kyurem\n|-singleturn|p2a: Kyurem|Protect\n|move|p1a: Armarouge|Armor Cannon|p2a: Kyurem\n|-activate|p2a: Kyurem|move: Protect\n|\n|-damage|p1a: Armarouge|0 fnt|[from] Salt Cure\n|faint|p1a: Armarouge\n|upkeep\n|\n|t:|1782558020\n|switch|p1a: Hoopa|Hoopa-Unbound|100/100\n|turn|14\n|\n|t:|1782558027\n|move|p2a: Kyurem|Protect||[still]\n|-fail|p2a: Kyurem\n|move|p1a: Hoopa|Hyperspace Fury|p2a: Kyurem\n|-damage|p2a: Kyurem|19/100\n|-unboost|p1a: Hoopa|def|1\n|-damage|p1a: Hoopa|91/100|[from] item: Life Orb\n|\n|-heal|p2a: Kyurem|25/100|[from] item: Leftovers\n|upkeep\n|turn|15\n|\n|t:|1782558034\n|move|p2a: Kyurem|Freeze-Dry|p1a: Hoopa\n|-damage|p1a: Hoopa|61/100\n|move|p1a: Hoopa|Hyperspace Fury|p2a: Kyurem\n|-damage|p2a: Kyurem|0 fnt\n|-unboost|p1a: Hoopa|def|1\n|faint|p2a: Kyurem\n|-damage|p1a: Hoopa|51/100|[from] item: Life Orb\n|\n|upkeep\n|\n|t:|1782558038\n|switch|p2a: Corviknight|Corviknight, F|72/100\n|-ability|p2a: Corviknight|Pressure\n|turn|16\n|\n|t:|1782558040\n|move|p1a: Hoopa|Hyperspace Fury|p2a: Corviknight\n|-crit|p2a: Corviknight\n|-damage|p2a: Corviknight|0 fnt\n|-unboost|p1a: Hoopa|def|1\n|faint|p2a: Corviknight\n|-damage|p1a: Hoopa|41/100|[from] item: Life Orb\n|\n|upkeep\n|\n|t:|1782558044\n|switch|p2a: Clodsire|Clodsire, F|100/100\n|turn|17\n|\n|t:|1782558047\n|move|p1a: Hoopa|Hyperspace Fury|p2a: Clodsire\n|-damage|p2a: Clodsire|3/100\n|-unboost|p1a: Hoopa|def|1\n|-damage|p1a: Hoopa|32/100|[from] item: Life Orb\n|move|p2a: Clodsire|Recover|p2a: Clodsire\n|-heal|p2a: Clodsire|53/100\n|\n|upkeep\n|turn|18\n|\n|t:|1782558049\n|move|p1a: Hoopa|Hyperspace Fury|p2a: Clodsire\n|-damage|p2a: Clodsire|0 fnt\n|-unboost|p1a: Hoopa|def|1\n|faint|p2a: Clodsire\n|-damage|p1a: Hoopa|22/100|[from] item: Life Orb\n|\n|win|brodiewhat\n|raw|brodiewhat's rating: 1658 &rarr; <strong>1679</strong><br />(+21 for winning)\n|raw|itsjustrps's rating: 1673 &rarr; <strong>1652</strong><br />(-21 for losing)\n|l|☆brodiewhat\n|player|p1|\n", "uploadtime": 1782558216, "views": 6, "formatid": "gen9ou", "rating": 1652, "private": 0, "password": null}