{"id": "gen9ou-2647685263", "format": "[Gen 9] OU", "players": ["Aight8755", "mertkan2009"], "log": "|j|☆Aight8755\n|j|☆mertkan2009\n|t:|1783796060\n|gametype|singles\n|player|p1|Aight8755|youngcouple-gen4dp|1129\n|player|p2|mertkan2009|hilbert|1149\n|gen|9\n|tier|[Gen 9] OU\n|rated|\n|rule|HP Percentage Mod: HP is shown in percentages\n|rule|Endless Battle Clause: Forcing endless battles is banned\n|rule|Species Clause: Limit one of each Pokémon\n|rule|OHKO Clause: OHKO moves are banned\n|rule|Evasion Items Clause: Evasion items are banned\n|rule|Evasion Moves Clause: Evasion moves are banned\n|rule|Evasion Abilities Clause: Evasion abilities are banned\n|rule|Sleep Moves Clause: Sleep-inducing moves are banned\n|clearpoke\n|poke|p1|Darkrai|\n|poke|p1|Iron Valiant|\n|poke|p1|Heatran, M|\n|poke|p1|Dragapult, M|\n|poke|p1|Glastrier|\n|poke|p1|Corviknight, F|\n|poke|p2|Samurott-Hisui, M|\n|poke|p2|Ogerpon-Wellspring, F|\n|poke|p2|Hoopa-Unbound|\n|poke|p2|Pecharunt|\n|poke|p2|Dragonite, F|\n|poke|p2|Gliscor, M|\n|teampreview\n|inactive|Battle timer is ON: inactive players will automatically lose when time's up. (requested by Aight8755)\n|\n|t:|1783796073\n|teamsize|p1|6\n|teamsize|p2|6\n|start\n|switch|p1a: Heatran|Heatran, M|100/100\n|switch|p2a: Samurott|Samurott-Hisui, M|100/100\n|turn|1\n|\n|t:|1783796077\n|move|p2a: Samurott|Ceaseless Edge|p1a: Heatran\n|-damage|p1a: Heatran|74/100\n|-status|p2a: Samurott|brn|[from] ability: Flame Body|[of] p1a: Heatran\n|-sidestart|p1: Aight8755|Spikes\n|move|p1a: Heatran|Will-O-Wisp|p2a: Samurott\n|-fail|p2a: Samurott|brn\n|\n|-heal|p1a: Heatran|80/100|[from] item: Leftovers\n|-damage|p2a: Samurott|94/100 brn|[from] brn\n|upkeep\n|turn|2\n|\n|t:|1783796083\n|move|p2a: Samurott|Ceaseless Edge|p1a: Heatran\n|-damage|p1a: Heatran|66/100\n|-sidestart|p1: Aight8755|Spikes\n|move|p1a: Heatran|Stealth Rock|p2a: Samurott\n|-sidestart|p2: mertkan2009|move: Stealth Rock\n|\n|-heal|p1a: Heatran|72/100|[from] item: Leftovers\n|-damage|p2a: Samurott|88/100 brn|[from] brn\n|upkeep\n|turn|3\n|\n|t:|1783796087\n|switch|p1a: Corviknight|Corviknight, F|100/100\n|-ability|p1a: Corviknight|Pressure\n|move|p2a: Samurott|Ceaseless Edge|p1a: Corviknight\n|-damage|p1a: Corviknight|79/100\n|-sidestart|p1: Aight8755|Spikes\n|\n|-damage|p2a: Samurott|82/100 brn|[from] brn\n|upkeep\n|turn|4\n|\n|t:|1783796110\n|switch|p2a: Dragonite|Dragonite, F|100/100\n|move|p1a: Corviknight|Defog|p2a: Dragonite\n|-unboost|p2a: Dragonite|evasion|1\n|-sideend|p2: mertkan2009|Stealth Rock|[from] move: Defog|[of] p1a: Corviknight\n|-sideend|p1: Aight8755|Spikes|[from] move: Defog|[of] p1a: Corviknight\n|\n|upkeep\n|turn|5\n|\n|t:|1783796115\n|switch|p1a: Glastrier|Glastrier|100/100\n|move|p2a: Dragonite|Dragon Dance|p2a: Dragonite\n|-boost|p2a: Dragonite|atk|1\n|-boost|p2a: Dragonite|spe|1\n|\n|upkeep\n|turn|6\n|\n|t:|1783796127\n|move|p2a: Dragonite|Dragon Dance|p2a: Dragonite\n|-boost|p2a: Dragonite|atk|1\n|-boost|p2a: Dragonite|spe|1\n|move|p1a: Glastrier|Avalanche|p2a: Dragonite\n|-supereffective|p2a: Dragonite\n|-damage|p2a: Dragonite|44/100\n|\n|upkeep\n|turn|7\n|\n|t:|1783796134\n|move|p2a: Dragonite|Dragon Claw|p1a: Glastrier\n|-damage|p1a: Glastrier|46/100\n|move|p1a: Glastrier|Avalanche|p2a: Dragonite\n|-supereffective|p2a: Dragonite\n|-damage|p2a: Dragonite|0 fnt\n|faint|p2a: Dragonite\n|-ability|p1a: Glastrier|Chilling Neigh|boost\n|-boost|p1a: Glastrier|atk|1\n|\n|-heal|p1a: Glastrier|52/100|[from] item: Leftovers\n|upkeep\n|-message|mertkan2009 forfeited.\n|\n|win|Aight8755\n|raw|Aight8755's rating: 1129 &rarr; <strong>1155</strong><br />(+26 for winning)\n|raw|mertkan2009's rating: 1149 &rarr; <strong>1123</strong><br />(-26 for losing)\n|l|☆mertkan2009\n|player|p2|\n|l|☆Aight8755\n|player|p1|\n", "uploadtime": 1783796524, "views": 5, "formatid": "gen9ou", "rating": 1123, "private": 0, "password": null}