{"id": "gen9ou-2639294186", "format": "[Gen 9] OU", "players": ["beeftoous", "wertnerve"], "log": "|j|☆beeftoous\n|j|☆wertnerve\n|t:|1782447517\n|gametype|singles\n|player|p1|beeftoous|266|1055\n|player|p2|wertnerve|shauntal|1094\n|gen|9\n|tier|[Gen 9] OU\n|rated|\n|rule|HP Percentage Mod: HP is shown in percentages\n|rule|Endless Battle Clause: Forcing endless battles is banned\n|rule|Species Clause: Limit one of each Pokémon\n|rule|OHKO Clause: OHKO moves are banned\n|rule|Evasion Items Clause: Evasion items are banned\n|rule|Evasion Moves Clause: Evasion moves are banned\n|rule|Evasion Abilities Clause: Evasion abilities are banned\n|rule|Sleep Moves Clause: Sleep-inducing moves are banned\n|clearpoke\n|poke|p1|Moltres|\n|poke|p1|Venusaur, F|\n|poke|p1|Ninetales, M|\n|poke|p1|Walking Wake|\n|poke|p1|Great Tusk|\n|poke|p1|Ogerpon-Wellspring, F|\n|poke|p2|Glaceon, M|\n|poke|p2|Slowking-Galar, F|\n|poke|p2|Ninetales-Alola, F|\n|poke|p2|Glastrier|\n|poke|p2|Quaquaval, M|\n|poke|p2|Blaziken, M|\n|teampreview\n|\n|t:|1782447542\n|teamsize|p1|6\n|teamsize|p2|6\n|start\n|switch|p1a: Ogerpon|Ogerpon-Wellspring, F|100/100\n|switch|p2a: Slowking|Slowking-Galar, F|100/100\n|turn|1\n|\n|t:|1782447548\n|move|p1a: Ogerpon|Knock Off|p2a: Slowking\n|-supereffective|p2a: Slowking\n|-damage|p2a: Slowking|30/100\n|-enditem|p2a: Slowking|Icy Rock|[from] move: Knock Off|[of] p1a: Ogerpon\n|move|p2a: Slowking|Trick Room|p2a: Slowking\n|-fieldstart|move: Trick Room|[of] p2a: Slowking\n|\n|upkeep\n|turn|2\n|inactive|Battle timer is ON: inactive players will automatically lose when time's up. (requested by beeftoous)\n|\n|t:|1782447555\n|-prepare|p2a: Slowking|Chilly Reception|[premajor]\n|move|p2a: Slowking|Chilly Reception|p2a: Slowking\n|-weather|Snowscape\n|\n|t:|1782447563\n|switch|p2a: Vaporeoñ|Glaceon, M, shiny|100/100|[from] Chilly Reception\n|move|p1a: Ogerpon|U-turn|p2a: Vaporeoñ\n|-damage|p2a: Vaporeoñ|83/100\n|\n|t:|1782447566\n|switch|p1a: Ninetales|Ninetales, M, shiny|100/100|[from] U-turn\n|-weather|SunnyDay|[from] ability: Drought|[of] p1a: Ninetales\n|\n|-weather|SunnyDay|[upkeep]\n|-heal|p2a: Vaporeoñ|89/100|[from] item: Leftovers\n|upkeep\n|turn|3\n|\n|t:|1782447580\n|switch|p2a: Blaziken|Blaziken, M, shiny|100/100\n|move|p1a: Ninetales|Weather Ball|p2a: Blaziken\n|-resisted|p2a: Blaziken\n|-damage|p2a: Blaziken|59/100\n|\n|-weather|SunnyDay|[upkeep]\n|upkeep\n|turn|4\n|\n|t:|1782447590\n|switch|p1a: Moltres|Moltres|100/100\n|move|p2a: Blaziken|Swords Dance|p2a: Blaziken\n|-boost|p2a: Blaziken|atk|2\n|\n|-weather|SunnyDay|[upkeep]\n|-ability|p2a: Blaziken|Speed Boost|boost\n|-boost|p2a: Blaziken|spe|1\n|upkeep\n|turn|5\n|\n|t:|1782447605\n|switch|p2a: Ninetales|Ninetales-Alola, F|100/100\n|-weather|Snowscape|[from] ability: Snow Warning|[of] p2a: Ninetales\n|move|p1a: Moltres|Air Slash|p2a: Ninetales\n|-damage|p2a: Ninetales|63/100\n|\n|-weather|Snowscape|[upkeep]\n|-fieldend|move: Trick Room\n|upkeep\n|turn|6\n|\n|t:|1782447613\n|move|p2a: Ninetales|Aurora Veil|p2a: Ninetales\n|-sidestart|p2: wertnerve|move: Aurora Veil\n|move|p1a: Moltres|Flamethrower|p2a: Ninetales\n|-supereffective|p2a: Ninetales\n|-damage|p2a: Ninetales|15/100\n|\n|-weather|Snowscape|[upkeep]\n|upkeep\n|turn|7\n|\n|t:|1782447622\n|switch|p2a: Blaziken|Blaziken, M, shiny|59/100\n|move|p1a: Moltres|Air Slash|p2a: Blaziken\n|-supereffective|p2a: Blaziken\n|-damage|p2a: Blaziken|18/100\n|\n|-weather|Snowscape|[upkeep]\n|upkeep\n|turn|8\n|\n|t:|1782447636\n|switch|p2a: Glastrier|Glastrier|100/100\n|move|p1a: Moltres|Air Slash|p2a: Glastrier\n|-damage|p2a: Glastrier|87/100\n|\n|-weather|Snowscape|[upkeep]\n|upkeep\n|turn|9\n|\n|t:|1782447655\n|move|p1a: Moltres|Flamethrower|p2a: Glastrier\n|-supereffective|p2a: Glastrier\n|-damage|p2a: Glastrier|59/100\n|move|p2a: Glastrier|Icicle Crash|p1a: Moltres\n|-damage|p1a: Moltres|52/100\n|\n|-weather|none\n|upkeep\n|turn|10\n|\n|t:|1782447678\n|switch|p2a: Ninetales|Ninetales-Alola, F|15/100\n|-weather|Snowscape|[from] ability: Snow Warning|[of] p2a: Ninetales\n|move|p1a: Moltres|Roost|p1a: Moltres\n|-heal|p1a: Moltres|100/100\n|-singleturn|p1a: Moltres|move: Roost\n|\n|-weather|Snowscape|[upkeep]\n|upkeep\n|turn|11\n|inactive|wertnerve has 120 seconds left.\n|\n|t:|1782447701\n|switch|p2a: Slowking|Slowking-Galar, F|64/100\n|move|p1a: Moltres|Air Slash|p2a: Slowking\n|-damage|p2a: Slowking|52/100\n|\n|-weather|Snowscape|[upkeep]\n|upkeep\n|turn|12\n|inactive|wertnerve has 120 seconds left.\n|\n|t:|1782447711\n|switch|p1a: Ogerpon|Ogerpon-Wellspring, F|100/100\n|move|p2a: Slowking|Psyshock|p1a: Ogerpon\n|-damage|p1a: Ogerpon|64/100\n|\n|-weather|Snowscape|[upkeep]\n|upkeep\n|turn|13\n|\n|t:|1782447716\n|move|p1a: Ogerpon|Spikes|p2a: Slowking\n|-sidestart|p2: wertnerve|Spikes\n|-prepare|p2a: Slowking|Chilly Reception|[premajor]\n|move|p2a: Slowking|Chilly Reception|p2a: Slowking\n|\n|t:|1782447718\n|switch|p2a: Blaziken|Blaziken, M, shiny|18/100|[from] Chilly Reception\n|-damage|p2a: Blaziken|6/100|[from] Spikes\n|\n|-weather|Snowscape|[upkeep]\n|-sideend|p2: wertnerve|move: Aurora Veil\n|upkeep\n|turn|14\n|\n|t:|1782447729\n|move|p1a: Ogerpon|Ivy Cudgel|p2a: Blaziken|[anim] Ivy Cudgel Water\n|-supereffective|p2a: Blaziken\n|-damage|p2a: Blaziken|0 fnt\n|faint|p2a: Blaziken\n|\n|-weather|none\n|upkeep\n|\n|t:|1782447732\n|switch|p2a: Quaquaval|Quaquaval, M|100/100\n|-damage|p2a: Quaquaval|88/100|[from] Spikes\n|turn|15\n|\n|t:|1782447737\n|-terastallize|p2a: Quaquaval|Dark\n|move|p1a: Ogerpon|Knock Off|p2a: Quaquaval\n|-resisted|p2a: Quaquaval\n|-damage|p2a: Quaquaval|64/100\n|-enditem|p2a: Quaquaval|Assault Vest|[from] move: Knock Off|[of] p1a: Ogerpon\n|move|p2a: Quaquaval|Rapid Spin|p1a: Ogerpon\n|-crit|p1a: Ogerpon\n|-damage|p1a: Ogerpon|26/100\n|-boost|p2a: Quaquaval|spe|1\n|-sideend|p2: wertnerve|Spikes|[from] move: Rapid Spin|[of] p2a: Quaquaval\n|\n|upkeep\n|turn|16\n|\n|t:|1782447757\n|switch|p1a: Venusaur|Venusaur, F, shiny|100/100\n|move|p2a: Quaquaval|Knock Off|p1a: Venusaur\n|-damage|p1a: Venusaur|33/100\n|-enditem|p1a: Venusaur|Leftovers|[from] move: Knock Off|[of] p2a: Quaquaval\n|\n|upkeep\n|turn|17\n|\n|t:|1782447771\n|move|p2a: Quaquaval|Knock Off|p1a: Venusaur\n|-damage|p1a: Venusaur|0 fnt\n|faint|p1a: Venusaur\n|-ability|p2a: Quaquaval|Moxie|boost\n|-boost|p2a: Quaquaval|atk|1\n|\n|upkeep\n|\n|t:|1782447777\n|switch|p1a: Ninetales|Ninetales, M, shiny|100/100\n|-weather|SunnyDay|[from] ability: Drought|[of] p1a: Ninetales\n|turn|18\n|\n|t:|1782447784\n|switch|p1a: Ogerpon|Ogerpon-Wellspring, F|26/100\n|move|p2a: Quaquaval|Close Combat|p1a: Ogerpon\n|-damage|p1a: Ogerpon|0 fnt\n|-unboost|p2a: Quaquaval|def|1\n|-unboost|p2a: Quaquaval|spd|1\n|faint|p1a: Ogerpon\n|-ability|p2a: Quaquaval|Moxie|boost\n|-boost|p2a: Quaquaval|atk|1\n|\n|-weather|SunnyDay|[upkeep]\n|upkeep\n|\n|t:|1782447788\n|switch|p1a: Walking Wake|Walking Wake|100/100\n|-activate|p1a: Walking Wake|ability: Protosynthesis\n|-start|p1a: Walking Wake|protosynthesisspe\n|turn|19\n|\n|t:|1782447799\n|switch|p2a: Ninetales|Ninetales-Alola, F|15/100\n|-weather|Snowscape|[from] ability: Snow Warning|[of] p2a: Ninetales\n|-end|p1a: Walking Wake|Protosynthesis\n|move|p1a: Walking Wake|Hydro Steam|p2a: Ninetales\n|-crit|p2a: Ninetales\n|-damage|p2a: Ninetales|0 fnt\n|faint|p2a: Ninetales\n|\n|-weather|Snowscape|[upkeep]\n|upkeep\n|\n|t:|1782447803\n|switch|p2a: Slowking|Slowking-Galar, F|85/100\n|turn|20\n|\n|t:|1782447811\n|-end|p1a: Walking Wake|Protosynthesis|[silent]\n|switch|p1a: Great Tusk|Great Tusk|100/100\n|move|p2a: Slowking|Trick Room|p2a: Slowking\n|-fieldstart|move: Trick Room|[of] p2a: Slowking\n|\n|-weather|Snowscape|[upkeep]\n|upkeep\n|turn|21\n|\n|t:|1782447816\n|-end|p1a: Great Tusk|Protosynthesis|[silent]\n|switch|p1a: Moltres|Moltres|100/100\n|move|p2a: Slowking|Psyshock|p1a: Moltres\n|-damage|p1a: Moltres|71/100\n|\n|-weather|Snowscape|[upkeep]\n|upkeep\n|turn|22\n|\n|t:|1782447823\n|move|p2a: Slowking|Toxic|p1a: Moltres\n|-status|p1a: Moltres|tox\n|move|p1a: Moltres|Flamethrower|p2a: Slowking\n|-damage|p2a: Slowking|54/100\n|\n|-weather|Snowscape|[upkeep]\n|-damage|p1a: Moltres|65/100 tox|[from] psn\n|upkeep\n|turn|23\n|\n|t:|1782447830\n|move|p2a: Slowking|Psyshock|p1a: Moltres\n|-damage|p1a: Moltres|35/100 tox\n|move|p1a: Moltres|Roost|p1a: Moltres\n|-heal|p1a: Moltres|85/100 tox\n|-singleturn|p1a: Moltres|move: Roost\n|\n|-weather|none\n|-damage|p1a: Moltres|73/100 tox|[from] psn\n|upkeep\n|turn|24\n|\n|t:|1782447836\n|-prepare|p2a: Slowking|Chilly Reception|[premajor]\n|move|p2a: Slowking|Chilly Reception|p2a: Slowking\n|-weather|Snowscape\n|inactive|wertnerve has 120 seconds left.\n|\n|t:|1782447868\n|switch|p2a: Quaquaval|Quaquaval, M, tera:Dark|64/100|[from] Chilly Reception\n|move|p1a: Moltres|Roost|p1a: Moltres\n|-heal|p1a: Moltres|100/100 tox\n|-singleturn|p1a: Moltres|move: Roost\n|\n|-weather|Snowscape|[upkeep]\n|-damage|p1a: Moltres|82/100 tox|[from] psn\n|-fieldend|move: Trick Room\n|upkeep\n|turn|25\n|\n|t:|1782447871\n|switch|p1a: Great Tusk|Great Tusk|100/100\n|move|p2a: Quaquaval|Aqua Step|p1a: Great Tusk\n|-supereffective|p1a: Great Tusk\n|-damage|p1a: Great Tusk|41/100\n|-boost|p2a: Quaquaval|spe|1\n|\n|-weather|Snowscape|[upkeep]\n|upkeep\n|turn|26\n|\n|t:|1782447878\n|-end|p1a: Great Tusk|Protosynthesis|[silent]\n|switch|p1a: Walking Wake|Walking Wake|100/100\n|move|p2a: Quaquaval|Aqua Step|p1a: Walking Wake\n|-resisted|p1a: Walking Wake\n|-damage|p1a: Walking Wake|88/100\n|-boost|p2a: Quaquaval|spe|1\n|\n|-weather|Snowscape|[upkeep]\n|upkeep\n|turn|27\n|\n|t:|1782447881\n|move|p2a: Quaquaval|Knock Off|p1a: Walking Wake\n|-damage|p1a: Walking Wake|34/100\n|-enditem|p1a: Walking Wake|Wise Glasses|[from] move: Knock Off|[of] p2a: Quaquaval\n|move|p1a: Walking Wake|Hydro Steam|p2a: Quaquaval\n|-damage|p2a: Quaquaval|17/100\n|\n|-weather|Snowscape|[upkeep]\n|upkeep\n|turn|28\n|\n|t:|1782447890\n|move|p1a: Walking Wake|Aqua Jet|p2a: Quaquaval\n|-damage|p2a: Quaquaval|4/100\n|move|p2a: Quaquaval|Close Combat|p1a: Walking Wake\n|-damage|p1a: Walking Wake|0 fnt\n|-unboost|p2a: Quaquaval|def|1\n|-unboost|p2a: Quaquaval|spd|1\n|faint|p1a: Walking Wake\n|-end|p1a: Walking Wake|Protosynthesis|[silent]\n|-ability|p2a: Quaquaval|Moxie|boost\n|-boost|p2a: Quaquaval|atk|1\n|\n|-weather|none\n|upkeep\n|\n|t:|1782447899\n|switch|p1a: Ninetales|Ninetales, M, shiny|100/100\n|-weather|SunnyDay|[from] ability: Drought|[of] p1a: Ninetales\n|turn|29\n|\n|t:|1782447910\n|-terastallize|p1a: Ninetales|Ghost\n|move|p2a: Quaquaval|Knock Off|p1a: Ninetales\n|-supereffective|p1a: Ninetales\n|-damage|p1a: Ninetales|0 fnt\n|-enditem|p1a: Ninetales|Heat Rock|[from] move: Knock Off|[of] p2a: Quaquaval\n|faint|p1a: Ninetales\n|-ability|p2a: Quaquaval|Moxie|boost\n|-boost|p2a: Quaquaval|atk|1\n|\n|-weather|SunnyDay|[upkeep]\n|upkeep\n|-message|beeftoous forfeited.\n|\n|win|wertnerve\n|raw|beeftoous's rating: 1055 &rarr; <strong>1039</strong><br />(-16 for losing)\n|raw|wertnerve's rating: 1094 &rarr; <strong>1117</strong><br />(+23 for winning)\n|l|☆beeftoous\n|player|p1|\n", "uploadtime": 1782448298, "views": 3, "formatid": "gen9ou", "rating": 1039, "private": 0, "password": null}