{"id": "gen9ou-2639258026", "format": "[Gen 9] OU", "players": ["eslide", "offense council 4"], "log": "|j|‽eslide\n|j|☆offense council 4\n|t:|1782441600\n|gametype|singles\n|player|p1|eslide|rosa|1152\n|player|p2|offense council 4|riley|1107\n|gen|9\n|tier|[Gen 9] OU\n|rated|\n|rule|HP Percentage Mod: HP is shown in percentages\n|rule|Endless Battle Clause: Forcing endless battles is banned\n|rule|Species Clause: Limit one of each Pokémon\n|rule|OHKO Clause: OHKO moves are banned\n|rule|Evasion Items Clause: Evasion items are banned\n|rule|Evasion Moves Clause: Evasion moves are banned\n|rule|Evasion Abilities Clause: Evasion abilities are banned\n|rule|Sleep Moves Clause: Sleep-inducing moves are banned\n|clearpoke\n|poke|p1|Slowking-Galar, F|\n|poke|p1|Kyurem|\n|poke|p1|Landorus-Therian, M|\n|poke|p1|Hoopa-Unbound|\n|poke|p1|Corviknight, M|\n|poke|p1|Zamazenta-*|\n|poke|p2|Slowking-Galar, F|\n|poke|p2|Suicune|\n|poke|p2|Weavile, F|\n|poke|p2|Armarouge, M|\n|poke|p2|Gliscor, F|\n|poke|p2|Brambleghast, F|\n|teampreview\n|\n|t:|1782441621\n|teamsize|p1|6\n|teamsize|p2|6\n|start\n|switch|p1a: Hoopa|Hoopa-Unbound|100/100\n|switch|p2a: Gliscor|Gliscor, F|100/100\n|turn|1\n|\n|t:|1782441632\n|move|p1a: Hoopa|Hyperspace Fury|p2a: Gliscor\n|-damage|p2a: Gliscor|28/100\n|-unboost|p1a: Hoopa|def|1\n|move|p2a: Gliscor|Lunge|p1a: Hoopa\n|-supereffective|p1a: Hoopa\n|-damage|p1a: Hoopa|0 fnt\n|faint|p1a: Hoopa\n|\n|-status|p2a: Gliscor|tox|[from] item: Toxic Orb\n|upkeep\n|\n|t:|1782441666\n|switch|p1a: Kyurem|Kyurem|100/100\n|-ability|p1a: Kyurem|Pressure\n|turn|2\n|\n|t:|1782441676\n|switch|p2a: Suicune|Suicune|100/100\n|move|p1a: Kyurem|Draco Meteor|p2a: Suicune\n|-damage|p2a: Suicune|7/100\n|-unboost|p1a: Kyurem|spa|2\n|\n|upkeep\n|turn|3\n|\n|t:|1782441713\n|move|p1a: Kyurem|Draco Meteor|p2a: Suicune\n|-damage|p2a: Suicune|0 fnt\n|-unboost|p1a: Kyurem|spa|2\n|faint|p2a: Suicune\n|\n|upkeep\n|\n|t:|1782441722\n|switch|p2a: Armarouge|Armarouge, M|100/100\n|turn|4\n|\n|t:|1782441736\n|switch|p1a: Slowking|Slowking-Galar, F, shiny|100/100\n|move|p2a: Armarouge|Flamethrower|p1a: Slowking\n|-damage|p1a: Slowking|78/100\n|\n|upkeep\n|turn|5\n|\n|t:|1782441752\n|move|p2a: Armarouge|Expanding Force|p1a: Slowking\n|-damage|p1a: Slowking|57/100\n|move|p1a: Slowking|Thunder Wave|p2a: Armarouge\n|-status|p2a: Armarouge|par\n|\n|upkeep\n|turn|6\n|\n|t:|1782441766\n|move|p2a: Armarouge|Flamethrower|p1a: Slowking\n|-damage|p1a: Slowking|32/100\n|-status|p1a: Slowking|brn\n|-prepare|p1a: Slowking|Chilly Reception|[premajor]\n|move|p1a: Slowking|Chilly Reception|p1a: Slowking\n|-weather|Snowscape\n|\n|t:|1782441788\n|switch|p1a: Landorus|Landorus-Therian, M|100/100|[from] Chilly Reception\n|-ability|p1a: Landorus|Intimidate|boost\n|-unboost|p2a: Armarouge|atk|1\n|\n|-weather|Snowscape|[upkeep]\n|upkeep\n|turn|7\n|\n|t:|1782441804\n|switch|p1a: Slowking|Slowking-Galar, F, shiny|65/100 brn\n|cant|p2a: Armarouge|par\n|\n|-weather|Snowscape|[upkeep]\n|-damage|p1a: Slowking|59/100 brn|[from] brn\n|upkeep\n|turn|8\n|\n|t:|1782441821\n|move|p2a: Armarouge|Flamethrower|p1a: Slowking\n|-damage|p1a: Slowking|36/100 brn\n|-prepare|p1a: Slowking|Chilly Reception|[premajor]\n|move|p1a: Slowking|Chilly Reception|p1a: Slowking\n|\n|t:|1782441825\n|switch|p1a: Landorus|Landorus-Therian, M|100/100|[from] Chilly Reception\n|-ability|p1a: Landorus|Intimidate|boost\n|-unboost|p2a: Armarouge|atk|1\n|\n|-weather|Snowscape|[upkeep]\n|upkeep\n|turn|9\n|\n|t:|1782441836\n|move|p1a: Landorus|Earthquake|p2a: Armarouge\n|-supereffective|p2a: Armarouge\n|-damage|p2a: Armarouge|20/100 par\n|move|p2a: Armarouge|Flamethrower|p1a: Landorus\n|-damage|p1a: Landorus|57/100\n|\n|-weather|Snowscape|[upkeep]\n|upkeep\n|turn|10\n|\n|t:|1782441858\n|switch|p2a: Gliscor|Gliscor, F|28/100 tox\n|move|p1a: Landorus|Earthquake|p2a: Gliscor\n|-immune|p2a: Gliscor\n|\n|-weather|none\n|-heal|p2a: Gliscor|40/100 tox|[from] ability: Poison Heal\n|upkeep\n|turn|11\n|\n|t:|1782441875\n|move|p1a: Landorus|Stealth Rock|p2a: Gliscor\n|-sidestart|p2: offense council 4|move: Stealth Rock\n|move|p2a: Gliscor|Stealth Rock|p1a: Landorus\n|-sidestart|p1: eslide|move: Stealth Rock\n|\n|-heal|p2a: Gliscor|52/100 tox|[from] ability: Poison Heal\n|upkeep\n|turn|12\n|\n|t:|1782441887\n|move|p1a: Landorus|U-turn|p2a: Gliscor\n|-resisted|p2a: Gliscor\n|-damage|p2a: Gliscor|44/100 tox\n|\n|t:|1782441895\n|switch|p1a: Slowking|Slowking-Galar, F, shiny|69/100 brn|[from] U-turn\n|move|p2a: Gliscor|Facade|p1a: Slowking\n|-damage|p1a: Slowking|40/100 brn\n|\n|-heal|p2a: Gliscor|56/100 tox|[from] ability: Poison Heal\n|-damage|p1a: Slowking|33/100 brn|[from] brn\n|upkeep\n|turn|13\n|\n|t:|1782441907\n|move|p2a: Gliscor|Earthquake|p1a: Slowking\n|-supereffective|p1a: Slowking\n|-damage|p1a: Slowking|0 fnt\n|faint|p1a: Slowking\n|\n|-heal|p2a: Gliscor|69/100 tox|[from] ability: Poison Heal\n|upkeep\n|\n|t:|1782441910\n|switch|p1a: Kyurem|Kyurem|100/100\n|-damage|p1a: Kyurem|76/100|[from] Stealth Rock\n|-ability|p1a: Kyurem|Pressure\n|turn|14\n|\n|t:|1782441931\n|switch|p2a: Armarouge|Armarouge, M|20/100 par\n|-damage|p2a: Armarouge|0 fnt|[from] Stealth Rock\n|faint|p2a: Armarouge\n|move|p1a: Kyurem|Ice Beam|p2: Armarouge|[notarget]\n|-fail|p1a: Kyurem\n|\n|upkeep\n|\n|t:|1782441947\n|switch|p2a: Weavile|Weavile, F|100/100\n|-damage|p2a: Weavile|76/100|[from] Stealth Rock\n|-ability|p2a: Weavile|Pressure\n|turn|15\n|\n|t:|1782441957\n|switch|p1a: Corviknight|Corviknight, M|100/100\n|-damage|p1a: Corviknight|88/100|[from] Stealth Rock\n|-ability|p1a: Corviknight|Pressure\n|move|p2a: Weavile|Throat Chop|p1a: Corviknight\n|-damage|p1a: Corviknight|62/100\n|-start|p1a: Corviknight|Throat Chop|[silent]\n|-damage|p2a: Weavile|59/100|[from] item: Rocky Helmet|[of] p1a: Corviknight\n|\n|upkeep\n|turn|16\n|\n|t:|1782441970\n|switch|p2a: Brambleghast|Brambleghast, F|100/100\n|-damage|p2a: Brambleghast|88/100|[from] Stealth Rock\n|move|p1a: Corviknight|Roost|p1a: Corviknight\n|-heal|p1a: Corviknight|100/100\n|-singleturn|p1a: Corviknight|move: Roost\n|\n|-heal|p2a: Brambleghast|94/100|[from] item: Leftovers\n|-end|p1a: Corviknight|Throat Chop|[silent]\n|upkeep\n|turn|17\n|\n|t:|1782441986\n|move|p2a: Brambleghast|Strength Sap|p1a: Corviknight\n|-unboost|p1a: Corviknight|atk|1\n|-heal|p2a: Brambleghast|100/100\n|move|p1a: Corviknight|Defog|p2a: Brambleghast\n|-unboost|p2a: Brambleghast|evasion|1\n|-sideend|p2: offense council 4|Stealth Rock|[from] move: Defog|[of] p1a: Corviknight\n|-sideend|p1: eslide|Stealth Rock|[from] move: Defog|[of] p1a: Corviknight\n|\n|upkeep\n|turn|18\n|\n|t:|1782441996\n|move|p2a: Brambleghast|Rapid Spin|p1a: Corviknight\n|-resisted|p1a: Corviknight\n|-damage|p1a: Corviknight|96/100\n|-boost|p2a: Brambleghast|spe|1\n|-damage|p2a: Brambleghast|84/100|[from] item: Rocky Helmet|[of] p1a: Corviknight\n|move|p1a: Corviknight|U-turn|p2a: Brambleghast\n|-damage|p2a: Brambleghast|70/100\n|\n|t:|1782442005\n|switch|p1a: Zamazenta|Zamazenta, shiny|100/100|[from] U-turn\n|-ability|p1a: Zamazenta|Dauntless Shield|boost\n|-boost|p1a: Zamazenta|def|1\n|\n|-heal|p2a: Brambleghast|76/100|[from] item: Leftovers\n|upkeep\n|turn|19\n|\n|t:|1782442018\n|move|p2a: Brambleghast|Power Whip|p1a: Zamazenta\n|-damage|p1a: Zamazenta|71/100\n|move|p1a: Zamazenta|Crunch|p2a: Brambleghast\n|-supereffective|p2a: Brambleghast\n|-damage|p2a: Brambleghast|0 fnt\n|faint|p2a: Brambleghast\n|\n|upkeep\n|\n|t:|1782442035\n|switch|p2a: Slowking|Slowking-Galar, F|100/100\n|turn|20\n|\n|t:|1782442053\n|switch|p1a: Landorus|Landorus-Therian, M|57/100\n|-ability|p1a: Landorus|Intimidate|boost\n|-unboost|p2a: Slowking|atk|1\n|move|p2a: Slowking|Psychic Noise|p1a: Landorus\n|-damage|p1a: Landorus|21/100\n|-start|p1a: Landorus|move: Heal Block\n|\n|upkeep\n|turn|21\n|\n|t:|1782442066\n|move|p1a: Landorus|Earthquake|p2a: Slowking\n|-supereffective|p2a: Slowking\n|-damage|p2a: Slowking|27/100\n|move|p2a: Slowking|Psychic Noise|p1a: Landorus\n|-damage|p1a: Landorus|0 fnt\n|faint|p1a: Landorus\n|\n|-heal|p2a: Slowking|33/100|[from] item: Black Sludge\n|upkeep\n|\n|t:|1782442089\n|switch|p1a: Kyurem|Kyurem|76/100\n|-ability|p1a: Kyurem|Pressure\n|turn|22\n|\n|t:|1782442107\n|move|p1a: Kyurem|Ice Beam|p2a: Slowking\n|-damage|p2a: Slowking|0 fnt\n|faint|p2a: Slowking\n|\n|upkeep\n|\n|t:|1782442117\n|switch|p2a: Gliscor|Gliscor, F|69/100 tox\n|turn|23\n|\n|t:|1782442133\n|switch|p1a: Corviknight|Corviknight, M|96/100\n|-ability|p1a: Corviknight|Pressure\n|-terastallize|p2a: Gliscor|Ground\n|move|p2a: Gliscor|Earthquake|p1a: Corviknight\n|-immune|p1a: Corviknight\n|\n|-heal|p2a: Gliscor|81/100 tox|[from] ability: Poison Heal\n|upkeep\n|turn|24\n|\n|t:|1782442155\n|move|p2a: Gliscor|Lunge|p1a: Corviknight\n|-resisted|p1a: Corviknight\n|-damage|p1a: Corviknight|94/100\n|-unboost|p1a: Corviknight|atk|1\n|-damage|p2a: Gliscor|65/100 tox|[from] item: Rocky Helmet|[of] p1a: Corviknight\n|move|p1a: Corviknight|Brave Bird|p2a: Gliscor\n|-damage|p2a: Gliscor|46/100 tox\n|-damage|p1a: Corviknight|88/100|[from] Recoil\n|\n|-heal|p2a: Gliscor|58/100 tox|[from] ability: Poison Heal\n|upkeep\n|turn|25\n|\n|t:|1782442196\n|move|p2a: Gliscor|Stealth Rock|p1a: Corviknight\n|-sidestart|p1: eslide|move: Stealth Rock\n|move|p1a: Corviknight|Brave Bird|p2a: Gliscor\n|-damage|p2a: Gliscor|41/100 tox\n|-damage|p1a: Corviknight|83/100|[from] Recoil\n|\n|-heal|p2a: Gliscor|53/100 tox|[from] ability: Poison Heal\n|upkeep\n|turn|26\n|\n|t:|1782442215\n|move|p2a: Gliscor|Facade|p1a: Corviknight\n|-resisted|p1a: Corviknight\n|-damage|p1a: Corviknight|74/100\n|-damage|p2a: Gliscor|37/100 tox|[from] item: Rocky Helmet|[of] p1a: Corviknight\n|move|p1a: Corviknight|Defog|p2a: Gliscor\n|-unboost|p2a: Gliscor|evasion|1\n|-sideend|p1: eslide|Stealth Rock|[from] move: Defog|[of] p1a: Corviknight\n|\n|-heal|p2a: Gliscor|49/100 tox|[from] ability: Poison Heal\n|upkeep\n|turn|27\n|-message|offense council 4 forfeited.\n|\n|win|eslide\n|raw|eslide's rating: 1152 &rarr; <strong>1174</strong><br />(+22 for winning)\n|raw|offense council 4's rating: 1107 &rarr; <strong>1085</strong><br />(-22 for losing)\n|l|☆offense council 4\n|player|p2|\n", "uploadtime": 1782442235, "views": 16, "formatid": "gen9ou", "rating": 1085, "private": 0, "password": null}