{"id": "gen9ou-2647778159", "format": "[Gen 9] OU", "players": ["Moxie3317", "Hike Mawk"], "log": "|j|☆Moxie3317\n|j|☆Hike Mawk\n|t:|1783810982\n|gametype|singles\n|player|p1|Moxie3317|falkner|1326\n|player|p2|Hike Mawk|riley|1316\n|gen|9\n|tier|[Gen 9] OU\n|rated|\n|rule|HP Percentage Mod: HP is shown in percentages\n|rule|Endless Battle Clause: Forcing endless battles is banned\n|rule|Species Clause: Limit one of each Pokémon\n|rule|OHKO Clause: OHKO moves are banned\n|rule|Evasion Items Clause: Evasion items are banned\n|rule|Evasion Moves Clause: Evasion moves are banned\n|rule|Evasion Abilities Clause: Evasion abilities are banned\n|rule|Sleep Moves Clause: Sleep-inducing moves are banned\n|clearpoke\n|poke|p1|Alomomola, F|\n|poke|p1|Great Tusk|\n|poke|p1|Clefable, F|\n|poke|p1|Corviknight, F|\n|poke|p1|Samurott-Hisui, M|\n|poke|p1|Hydrapple, M|\n|poke|p2|Gliscor, M|\n|poke|p2|Clefable, F|\n|poke|p2|Corviknight, M|\n|poke|p2|Blissey, F|\n|poke|p2|Forretress, F|\n|poke|p2|Garganacl, F|\n|teampreview\n|inactive|Battle timer is ON: inactive players will automatically lose when time's up. (requested by Moxie3317)\n|\n|t:|1783811002\n|teamsize|p1|6\n|teamsize|p2|6\n|start\n|switch|p1a: Samurott|Samurott-Hisui, M|100/100\n|switch|p2a: Rocki|Garganacl, F, shiny|100/100\n|turn|1\n|\n|t:|1783811006\n|move|p1a: Samurott|Flip Turn|p2a: Rocki\n|-supereffective|p2a: Rocki\n|-damage|p2a: Rocki|67/100\n|\n|t:|1783811031\n|switch|p1a: Hydrapple|Hydrapple, M|100/100|[from] Flip Turn\n|move|p2a: Rocki|Salt Cure|p1a: Hydrapple\n|-damage|p1a: Hydrapple|89/100\n|-start|p1a: Hydrapple|Salt Cure\n|\n|-damage|p1a: Hydrapple|77/100|[from] Salt Cure\n|upkeep\n|turn|2\n|\n|t:|1783811036\n|switch|p2a: Zira|Blissey, F|100/100\n|move|p1a: Hydrapple|Draco Meteor|p2a: Zira\n|-damage|p2a: Zira|81/100\n|-unboost|p1a: Hydrapple|spa|2\n|\n|-damage|p1a: Hydrapple|64/100|[from] Salt Cure\n|upkeep\n|turn|3\n|\n|t:|1783811047\n|switch|p1a: Great Tusk|Great Tusk|100/100\n|move|p2a: Zira|Ice Beam|p1a: Great Tusk\n|-supereffective|p1a: Great Tusk\n|-damage|p1a: Great Tusk|16/100\n|\n|upkeep\n|turn|4\n|\n|t:|1783811054\n|switch|p2a: Goldenuke|Forretress, F, shiny|100/100\n|move|p1a: Great Tusk|Stealth Rock|p2a: Goldenuke\n|-sidestart|p2: Hike Mawk|move: Stealth Rock\n|\n|upkeep\n|turn|5\n|\n|t:|1783811061\n|-end|p1a: Great Tusk|Protosynthesis|[silent]\n|switch|p1a: Alomomola|Alomomola, F|100/100\n|move|p2a: Goldenuke|Rapid Spin|p1a: Alomomola\n|-damage|p1a: Alomomola|94/100\n|-boost|p2a: Goldenuke|spe|1\n|-sideend|p2: Hike Mawk|Stealth Rock|[from] move: Rapid Spin|[of] p2a: Goldenuke\n|\n|upkeep\n|turn|6\n|\n|t:|1783811076\n|switch|p2a: Zira|Blissey, F|81/100\n|move|p1a: Alomomola|Scald|p2a: Zira\n|-damage|p2a: Zira|75/100\n|-status|p2a: Zira|brn\n|\n|-damage|p2a: Zira|69/100 brn|[from] brn\n|upkeep\n|turn|7\n|\n|t:|1783811080\n|move|p1a: Alomomola|Protect|p1a: Alomomola\n|-singleturn|p1a: Alomomola|Protect\n|move|p2a: Zira|Thunderbolt|p1a: Alomomola\n|-activate|p1a: Alomomola|move: Protect\n|\n|-damage|p2a: Zira|63/100 brn|[from] brn\n|upkeep\n|turn|8\n|\n|t:|1783811086\n|switch|p1a: Great Tusk|Great Tusk|16/100\n|move|p2a: Zira|Soft-Boiled|p2a: Zira\n|-heal|p2a: Zira|100/100 brn\n|\n|-damage|p2a: Zira|94/100 brn|[from] brn\n|upkeep\n|turn|9\n|\n|t:|1783811091\n|-curestatus|p2a: Zira|brn|[from] ability: Natural Cure|[silent]\n|switch|p2a: Goldenuke|Forretress, F, shiny|100/100\n|move|p1a: Great Tusk|Earthquake|p2a: Goldenuke\n|-damage|p2a: Goldenuke|69/100\n|\n|upkeep\n|turn|10\n|\n|t:|1783811097\n|move|p1a: Great Tusk|Stealth Rock|p2a: Goldenuke\n|-sidestart|p2: Hike Mawk|move: Stealth Rock\n|move|p2a: Goldenuke|Body Press|p1a: Great Tusk\n|-damage|p1a: Great Tusk|0 fnt\n|faint|p1a: Great Tusk\n|-end|p1a: Great Tusk|Protosynthesis|[silent]\n|\n|upkeep\n|\n|t:|1783811102\n|switch|p1a: Samurott|Samurott-Hisui, M|100/100\n|turn|11\n|\n|t:|1783811105\n|move|p1a: Samurott|Ceaseless Edge|p2a: Goldenuke\n|-damage|p2a: Goldenuke|46/100\n|-sidestart|p2: Hike Mawk|Spikes\n|move|p2a: Goldenuke|Rapid Spin|p1a: Samurott\n|-damage|p1a: Samurott|87/100\n|-boost|p2a: Goldenuke|spe|1\n|-sideend|p2: Hike Mawk|Spikes|[from] move: Rapid Spin|[of] p2a: Goldenuke\n|-sideend|p2: Hike Mawk|Stealth Rock|[from] move: Rapid Spin|[of] p2a: Goldenuke\n|\n|upkeep\n|turn|12\n|\n|t:|1783811109\n|move|p1a: Samurott|Ceaseless Edge|p2a: Goldenuke\n|-damage|p2a: Goldenuke|23/100\n|-sidestart|p2: Hike Mawk|Spikes\n|move|p2a: Goldenuke|Body Press|p1a: Samurott\n|-supereffective|p1a: Samurott\n|-damage|p1a: Samurott|8/100\n|\n|upkeep\n|turn|13\n|\n|t:|1783811113\n|move|p1a: Samurott|Ceaseless Edge|p2a: Goldenuke\n|-damage|p2a: Goldenuke|0 fnt\n|-sidestart|p2: Hike Mawk|Spikes\n|faint|p2a: Goldenuke\n|\n|upkeep\n|\n|t:|1783811125\n|switch|p2a: Cleffairable|Clefable, F, shiny|100/100\n|turn|14\n|\n|t:|1783811128\n|move|p1a: Samurott|Ceaseless Edge|p2a: Cleffairable\n|-resisted|p2a: Cleffairable\n|-damage|p2a: Cleffairable|79/100\n|-sidestart|p2: Hike Mawk|Spikes\n|move|p2a: Cleffairable|Flamethrower|p1a: Samurott\n|-resisted|p1a: Samurott\n|-damage|p1a: Samurott|0 fnt\n|faint|p1a: Samurott\n|\n|upkeep\n|\n|t:|1783811149\n|switch|p1a: Clefable|Clefable, F|100/100\n|turn|15\n|\n|t:|1783811152\n|move|p2a: Cleffairable|Moonblast|p1a: Clefable\n|-damage|p1a: Clefable|70/100\n|move|p1a: Clefable|Thunder Wave|p2a: Cleffairable\n|-status|p2a: Cleffairable|par\n|\n|upkeep\n|turn|16\n|\n|t:|1783811155\n|move|p1a: Clefable|Knock Off|p2a: Cleffairable\n|-resisted|p2a: Cleffairable\n|-damage|p2a: Cleffairable|70/100 par\n|-enditem|p2a: Cleffairable|Heavy-Duty Boots|[from] move: Knock Off|[of] p1a: Clefable\n|move|p2a: Cleffairable|Moonblast|p1a: Clefable\n|-damage|p1a: Clefable|43/100\n|\n|upkeep\n|turn|17\n|\n|t:|1783811162\n|move|p1a: Clefable|Moonlight|p1a: Clefable\n|-heal|p1a: Clefable|93/100\n|move|p2a: Cleffairable|Moonblast|p1a: Clefable\n|-damage|p1a: Clefable|64/100\n|-unboost|p1a: Clefable|spa|1\n|\n|upkeep\n|turn|18\n|\n|t:|1783811168\n|move|p1a: Clefable|Moonblast|p2a: Cleffairable\n|-damage|p2a: Cleffairable|39/100 par\n|move|p2a: Cleffairable|Moonblast|p1a: Clefable\n|-damage|p1a: Clefable|37/100\n|-unboost|p1a: Clefable|spa|1\n|\n|upkeep\n|turn|19\n|\n|t:|1783811174\n|move|p1a: Clefable|Moonlight|p1a: Clefable\n|-heal|p1a: Clefable|87/100\n|move|p2a: Cleffairable|Moonlight|p2a: Cleffairable\n|-heal|p2a: Cleffairable|89/100 par\n|\n|upkeep\n|turn|20\n|\n|t:|1783811177\n|move|p1a: Clefable|Moonblast|p2a: Cleffairable\n|-damage|p2a: Cleffairable|54/100 par\n|move|p2a: Cleffairable|Moonblast|p1a: Clefable\n|-damage|p1a: Clefable|58/100\n|\n|upkeep\n|turn|21\n|\n|t:|1783811184\n|move|p1a: Clefable|Moonblast|p2a: Cleffairable\n|-damage|p2a: Cleffairable|21/100 par\n|cant|p2a: Cleffairable|par\n|\n|upkeep\n|turn|22\n|\n|t:|1783811189\n|move|p1a: Clefable|Moonblast|p2a: Cleffairable\n|-damage|p2a: Cleffairable|0 fnt\n|faint|p2a: Cleffairable\n|\n|upkeep\n|\n|t:|1783811195\n|switch|p2a: Rocki|Garganacl, F, shiny|67/100\n|-damage|p2a: Rocki|42/100|[from] Spikes\n|-enditem|p2a: Rocki|Sitrus Berry|[eat]\n|-heal|p2a: Rocki|67/100|[from] item: Sitrus Berry\n|turn|23\n|\n|t:|1783811203\n|move|p1a: Clefable|Moonblast|p2a: Rocki\n|-damage|p2a: Rocki|51/100\n|move|p2a: Rocki|Recover|p2a: Rocki\n|-heal|p2a: Rocki|100/100\n|\n|upkeep\n|turn|24\n|\n|t:|1783811209\n|switch|p1a: Hydrapple|Hydrapple, M|98/100\n|move|p2a: Rocki|Earthquake|p1a: Hydrapple\n|-resisted|p1a: Hydrapple\n|-damage|p1a: Hydrapple|89/100\n|\n|upkeep\n|turn|25\n|\n|t:|1783811219\n|move|p2a: Rocki|Stealth Rock|p1a: Hydrapple\n|-sidestart|p1: Moxie3317|move: Stealth Rock\n|move|p1a: Hydrapple|Dragon Tail|p2a: Rocki\n|-damage|p2a: Rocki|89/100\n|drag|p2a: Rookidon|Corviknight, M|100/100\n|\n|upkeep\n|turn|26\n|\n|t:|1783811228\n|switch|p2a: Zira|Blissey, F|94/100\n|-damage|p2a: Zira|69/100|[from] Spikes\n|switch|p1a: Alomomola|Alomomola, F|100/100\n|\n|upkeep\n|turn|27\n|\n|t:|1783811234\n|move|p1a: Alomomola|Protect|p1a: Alomomola\n|-singleturn|p1a: Alomomola|Protect\n|move|p2a: Zira|Thunderbolt|p1a: Alomomola\n|-activate|p1a: Alomomola|move: Protect\n|\n|upkeep\n|turn|28\n|\n|t:|1783811242\n|switch|p1a: Clefable|Clefable, F|58/100\n|move|p2a: Zira|Calm Mind|p2a: Zira\n|-boost|p2a: Zira|spa|1\n|-boost|p2a: Zira|spd|1\n|\n|upkeep\n|turn|29\n|\n|t:|1783811248\n|move|p2a: Zira|Thunderbolt|p1a: Clefable\n|-damage|p1a: Clefable|42/100\n|move|p1a: Clefable|Knock Off|p2a: Zira\n|-damage|p2a: Zira|38/100\n|-enditem|p2a: Zira|Expert Belt|[from] move: Knock Off|[of] p1a: Clefable\n|\n|upkeep\n|turn|30\n|\n|t:|1783811253\n|move|p2a: Zira|Soft-Boiled|p2a: Zira\n|-heal|p2a: Zira|88/100\n|move|p1a: Clefable|Moonlight|p1a: Clefable\n|-heal|p1a: Clefable|92/100\n|\n|upkeep\n|turn|31\n|\n|t:|1783811256\n|move|p2a: Zira|Calm Mind|p2a: Zira\n|-boost|p2a: Zira|spa|1\n|-boost|p2a: Zira|spd|1\n|move|p1a: Clefable|Thunder Wave|p2a: Zira\n|-status|p2a: Zira|par\n|\n|upkeep\n|turn|32\n|\n|t:|1783811260\n|switch|p1a: Corviknight|Corviknight, F|100/100\n|-damage|p1a: Corviknight|88/100|[from] Stealth Rock\n|-ability|p1a: Corviknight|Pressure\n|move|p2a: Zira|Thunderbolt|p1a: Corviknight\n|-supereffective|p1a: Corviknight\n|-damage|p1a: Corviknight|6/100\n|\n|-heal|p1a: Corviknight|13/100|[from] item: Leftovers\n|upkeep\n|turn|33\n|\n|t:|1783811277\n|-terastallize|p2a: Zira|Ghost\n|move|p1a: Corviknight|Body Press|p2a: Zira\n|-immune|p2a: Zira\n|move|p2a: Zira|Thunderbolt|p1a: Corviknight\n|-supereffective|p1a: Corviknight\n|-damage|p1a: Corviknight|0 fnt\n|faint|p1a: Corviknight\n|\n|upkeep\n|\n|t:|1783811282\n|switch|p1a: Clefable|Clefable, F|92/100\n|turn|34\n|\n|t:|1783811290\n|move|p1a: Clefable|Knock Off|p2a: Zira\n|-supereffective|p2a: Zira\n|-damage|p2a: Zira|43/100 par\n|move|p2a: Zira|Thunderbolt|p1a: Clefable\n|-damage|p1a: Clefable|76/100\n|\n|upkeep\n|turn|35\n|\n|t:|1783811295\n|-curestatus|p2a: Zira|par|[from] ability: Natural Cure|[silent]\n|switch|p2a: Rocki|Garganacl, F, shiny|89/100\n|-damage|p2a: Rocki|64/100|[from] Spikes\n|move|p1a: Clefable|Knock Off|p2a: Rocki\n|-damage|p2a: Rocki|57/100\n|\n|upkeep\n|turn|36\n|\n|t:|1783811299\n|move|p1a: Clefable|Moonblast|p2a: Rocki\n|-damage|p2a: Rocki|27/100\n|-unboost|p2a: Rocki|spa|1\n|move|p2a: Rocki|Salt Cure|p1a: Clefable\n|-damage|p1a: Clefable|56/100\n|-start|p1a: Clefable|Salt Cure\n|\n|-damage|p1a: Clefable|44/100|[from] Salt Cure\n|upkeep\n|turn|37\n|\n|t:|1783811313\n|switch|p2a: Azulor|Gliscor, M, shiny|100/100\n|move|p1a: Clefable|Moonblast|p2a: Azulor\n|-damage|p2a: Azulor|66/100\n|\n|-damage|p1a: Clefable|31/100|[from] Salt Cure\n|-status|p2a: Azulor|tox|[from] item: Toxic Orb\n|upkeep\n|turn|38\n|\n|t:|1783811317\n|switch|p1a: Alomomola|Alomomola, F|100/100\n|move|p2a: Azulor|Fling|p1a: Alomomola\n|-damage|p1a: Alomomola|94/100\n|-status|p1a: Alomomola|tox\n|-enditem|p2a: Azulor|Toxic Orb|[from] move: Fling\n|\n|-heal|p2a: Azulor|78/100 tox|[from] ability: Poison Heal\n|-damage|p1a: Alomomola|88/100 tox|[from] psn\n|upkeep\n|turn|39\n|\n|t:|1783811323\n|move|p2a: Azulor|Knock Off|p1a: Alomomola\n|-damage|p1a: Alomomola|69/100 tox\n|-enditem|p1a: Alomomola|Heavy-Duty Boots|[from] move: Knock Off|[of] p2a: Azulor\n|move|p1a: Alomomola|Wish|p1a: Alomomola\n|\n|-heal|p2a: Azulor|91/100 tox|[from] ability: Poison Heal\n|-damage|p1a: Alomomola|57/100 tox|[from] psn\n|upkeep\n|turn|40\n|\n|t:|1783811327\n|move|p2a: Azulor|Acrobatics|p1a: Alomomola\n|-damage|p1a: Alomomola|24/100 tox\n|move|p1a: Alomomola|Scald|p2a: Azulor\n|-supereffective|p2a: Azulor\n|-damage|p2a: Azulor|59/100 tox\n|\n|-heal|p1a: Alomomola|74/100 tox|[from] move: Wish|[wisher] Alomomola\n|-heal|p2a: Azulor|71/100 tox|[from] ability: Poison Heal\n|-damage|p1a: Alomomola|56/100 tox|[from] psn\n|upkeep\n|turn|41\n|\n|t:|1783811340\n|switch|p1a: Hydrapple|Hydrapple, M|100/100\n|move|p2a: Azulor|Acrobatics|p1a: Hydrapple\n|-supereffective|p1a: Hydrapple\n|-damage|p1a: Hydrapple|40/100\n|\n|-heal|p2a: Azulor|83/100 tox|[from] ability: Poison Heal\n|upkeep\n|turn|42\n|\n|t:|1783811345\n|move|p2a: Azulor|Acrobatics|p1a: Hydrapple\n|-supereffective|p1a: Hydrapple\n|-damage|p1a: Hydrapple|0 fnt\n|faint|p1a: Hydrapple\n|\n|-heal|p2a: Azulor|96/100 tox|[from] ability: Poison Heal\n|upkeep\n|\n|t:|1783811354\n|switch|p1a: Alomomola|Alomomola, F|89/100 tox\n|-damage|p1a: Alomomola|77/100 tox|[from] Stealth Rock\n|turn|43\n|\n|t:|1783811359\n|move|p2a: Azulor|Acrobatics|p1a: Alomomola\n|-damage|p1a: Alomomola|47/100 tox\n|move|p1a: Alomomola|Scald|p2a: Azulor\n|-supereffective|p2a: Azulor\n|-crit|p2a: Azulor\n|-damage|p2a: Azulor|49/100 tox\n|\n|-heal|p2a: Azulor|61/100 tox|[from] ability: Poison Heal\n|-damage|p1a: Alomomola|41/100 tox|[from] psn\n|upkeep\n|turn|44\n|\n|t:|1783811362\n|move|p2a: Azulor|Acrobatics|p1a: Alomomola\n|-damage|p1a: Alomomola|8/100 tox\n|move|p1a: Alomomola|Scald|p2a: Azulor\n|-supereffective|p2a: Azulor\n|-damage|p2a: Azulor|33/100 tox\n|\n|-heal|p2a: Azulor|45/100 tox|[from] ability: Poison Heal\n|-damage|p1a: Alomomola|0 fnt|[from] psn\n|faint|p1a: Alomomola\n|upkeep\n|\n|t:|1783811368\n|switch|p1a: Clefable|Clefable, F|31/100\n|turn|45\n|c|☆Hike Mawk|GGs\n|\n|t:|1783811376\n|-terastallize|p1a: Clefable|Poison\n|move|p2a: Azulor|Acrobatics|p1a: Clefable\n|-damage|p1a: Clefable|0 fnt\n|faint|p1a: Clefable\n|\n|win|Hike Mawk\n|raw|Moxie3317's rating: 1326 &rarr; <strong>1305</strong><br />(-21 for losing)\n|raw|Hike Mawk's rating: 1316 &rarr; <strong>1337</strong><br />(+21 for winning)\n|l|☆Moxie3317\n|player|p1|\n", "uploadtime": 1783811388, "views": 8, "formatid": "gen9ou", "rating": 1305, "private": 0, "password": null}