{"id": "gen9ou-2639314513", "format": "[Gen 9] OU", "players": ["ascended tusk 69", "rblt ryo"], "log": "|j|‽ascended tusk 69\n|j|☆rblt ryo\n|t:|1782451397\n|gametype|singles\n|player|p1|ascended tusk 69|biker|1649\n|player|p2|rblt ryo|grimsley-gen7|1672\n|gen|9\n|tier|[Gen 9] OU\n|rated|\n|rule|HP Percentage Mod: HP is shown in percentages\n|rule|Endless Battle Clause: Forcing endless battles is banned\n|rule|Species Clause: Limit one of each Pokémon\n|rule|OHKO Clause: OHKO moves are banned\n|rule|Evasion Items Clause: Evasion items are banned\n|rule|Evasion Moves Clause: Evasion moves are banned\n|rule|Evasion Abilities Clause: Evasion abilities are banned\n|rule|Sleep Moves Clause: Sleep-inducing moves are banned\n|clearpoke\n|poke|p1|Ninetales-Alola, M|\n|poke|p1|Serperior, M|\n|poke|p1|Maushold|\n|poke|p1|Kingambit, M|\n|poke|p1|Latias, F|\n|poke|p1|Gliscor, F|\n|poke|p2|Slowking-Galar, F|\n|poke|p2|Ogerpon-Wellspring, F|\n|poke|p2|Mandibuzz, F|\n|poke|p2|Great Tusk|\n|poke|p2|Kyurem|\n|poke|p2|Cinderace, F|\n|teampreview\n|inactive|Battle timer is ON: inactive players will automatically lose when time's up. (requested by ascended tusk 69)\n|\n|t:|1782451406\n|teamsize|p1|6\n|teamsize|p2|6\n|start\n|switch|p1a: Maushold|Maushold|100/100\n|switch|p2a: Great Tusk|Great Tusk|100/100\n|turn|1\n|\n|t:|1782451412\n|move|p2a: Great Tusk|Close Combat|p1a: Maushold\n|-supereffective|p1a: Maushold\n|-damage|p1a: Maushold|0 fnt\n|-unboost|p2a: Great Tusk|def|1\n|-unboost|p2a: Great Tusk|spd|1\n|faint|p1a: Maushold\n|\n|upkeep\n|\n|t:|1782451421\n|switch|p1a: Gliscor|Gliscor, F|100/100\n|turn|2\n|\n|t:|1782451426\n|-end|p2a: Great Tusk|Protosynthesis|[silent]\n|switch|p2a: Mandibuzz|Mandibuzz, F|100/100\n|move|p1a: Gliscor|Knock Off|p2a: Mandibuzz\n|-resisted|p2a: Mandibuzz\n|-damage|p2a: Mandibuzz|91/100\n|-enditem|p2a: Mandibuzz|Heavy-Duty Boots|[from] move: Knock Off|[of] p1a: Gliscor\n|\n|-status|p1a: Gliscor|tox|[from] item: Toxic Orb\n|upkeep\n|turn|3\n|\n|t:|1782451436\n|move|p1a: Gliscor|Swords Dance|p1a: Gliscor\n|-boost|p1a: Gliscor|atk|2\n|move|p2a: Mandibuzz|Foul Play|p1a: Gliscor\n|-damage|p1a: Gliscor|22/100 tox\n|\n|-heal|p1a: Gliscor|34/100 tox|[from] ability: Poison Heal\n|upkeep\n|turn|4\n|\n|t:|1782451439\n|move|p1a: Gliscor|Knock Off|p2a: Mandibuzz\n|-resisted|p2a: Mandibuzz\n|-damage|p2a: Mandibuzz|80/100\n|move|p2a: Mandibuzz|Foul Play|p1a: Gliscor\n|-damage|p1a: Gliscor|0 fnt\n|faint|p1a: Gliscor\n|\n|upkeep\n|\n|t:|1782451442\n|switch|p1a: Ninetales|Ninetales-Alola, M|100/100\n|-weather|Snowscape|[from] ability: Snow Warning|[of] p1a: Ninetales\n|turn|5\n|\n|t:|1782451444\n|switch|p2a: Cinderace|Cinderace, F|100/100\n|move|p1a: Ninetales|Freeze-Dry|p2a: Cinderace\n|-resisted|p2a: Cinderace\n|-crit|p2a: Cinderace\n|-damage|p2a: Cinderace|78/100\n|\n|-weather|Snowscape|[upkeep]\n|upkeep\n|turn|6\n|\n|t:|1782451450\n|move|p2a: Cinderace|Pyro Ball|p1a: Ninetales\n|-supereffective|p1a: Ninetales\n|-damage|p1a: Ninetales|0 fnt\n|faint|p1a: Ninetales\n|\n|-weather|Snowscape|[upkeep]\n|upkeep\n|\n|t:|1782451453\n|switch|p1a: Serperior|Serperior, M|100/100\n|turn|7\n|\n|t:|1782451460\n|move|p2a: Cinderace|U-turn|p1a: Serperior\n|-start|p2a: Cinderace|typechange|Bug|[from] ability: Libero\n|-supereffective|p1a: Serperior\n|-damage|p1a: Serperior|19/100\n|\n|t:|1782451462\n|switch|p2a: Slowking|Slowking-Galar, F|100/100|[from] U-turn\n|move|p1a: Serperior|Glare|p2a: Slowking\n|-status|p2a: Slowking|par\n|\n|-weather|Snowscape|[upkeep]\n|-heal|p1a: Serperior|25/100|[from] item: Leftovers\n|upkeep\n|turn|8\n|\n|t:|1782451467\n|move|p1a: Serperior|Leech Seed|p2a: Slowking\n|-start|p2a: Slowking|move: Leech Seed\n|cant|p2a: Slowking|par\n|\n|-weather|Snowscape|[upkeep]\n|-heal|p1a: Serperior|31/100|[from] item: Leftovers\n|-damage|p2a: Slowking|88/100 par|[from] Leech Seed|[of] p1a: Serperior\n|-heal|p1a: Serperior|47/100|[silent]\n|upkeep\n|turn|9\n|\n|t:|1782451472\n|switch|p2a: Cinderace|Cinderace, F|78/100\n|move|p1a: Serperior|Substitute|p1a: Serperior\n|-start|p1a: Serperior|Substitute\n|-damage|p1a: Serperior|22/100\n|\n|-weather|none\n|-heal|p1a: Serperior|28/100|[from] item: Leftovers\n|upkeep\n|turn|10\n|\n|t:|1782451479\n|move|p2a: Cinderace|U-turn|p1a: Serperior\n|-start|p2a: Cinderace|typechange|Bug|[from] ability: Libero\n|-supereffective|p1a: Serperior\n|-end|p1a: Serperior|Substitute\n|\n|t:|1782451481\n|switch|p2a: Slowking|Slowking-Galar, F|100/100 par|[from] U-turn\n|move|p1a: Serperior|Glare|p2a: Slowking\n|-fail|p2a: Slowking|par\n|\n|-heal|p1a: Serperior|34/100|[from] item: Leftovers\n|upkeep\n|turn|11\n|\n|t:|1782451485\n|move|p1a: Serperior|Substitute|p1a: Serperior\n|-start|p1a: Serperior|Substitute\n|-damage|p1a: Serperior|9/100\n|move|p2a: Slowking|Sludge Bomb|p1a: Serperior\n|-supereffective|p1a: Serperior\n|-end|p1a: Serperior|Substitute\n|\n|-heal|p1a: Serperior|15/100|[from] item: Leftovers\n|upkeep\n|turn|12\n|\n|t:|1782451490\n|move|p1a: Serperior|Leech Seed|p2a: Slowking\n|-start|p2a: Slowking|move: Leech Seed\n|cant|p2a: Slowking|par\n|\n|-heal|p1a: Serperior|21/100|[from] item: Leftovers\n|-damage|p2a: Slowking|88/100 par|[from] Leech Seed|[of] p1a: Serperior\n|-heal|p1a: Serperior|36/100|[silent]\n|upkeep\n|turn|13\n|\n|t:|1782451494\n|switch|p2a: Cinderace|Cinderace, F|78/100\n|move|p1a: Serperior|Substitute|p1a: Serperior\n|-start|p1a: Serperior|Substitute\n|-damage|p1a: Serperior|12/100\n|\n|-heal|p1a: Serperior|17/100|[from] item: Leftovers\n|upkeep\n|turn|14\n|\n|t:|1782451497\n|move|p2a: Cinderace|U-turn|p1a: Serperior\n|-start|p2a: Cinderace|typechange|Bug|[from] ability: Libero\n|-supereffective|p1a: Serperior\n|-end|p1a: Serperior|Substitute\n|\n|t:|1782451499\n|switch|p2a: Slowking|Slowking-Galar, F|100/100 par|[from] U-turn\n|move|p1a: Serperior|Leaf Storm|p2a: Slowking\n|-resisted|p2a: Slowking\n|-damage|p2a: Slowking|82/100 par\n|-boost|p1a: Serperior|spa|2\n|\n|-heal|p1a: Serperior|23/100|[from] item: Leftovers\n|upkeep\n|turn|15\n|j| thing maker\n|\n|t:|1782451505\n|move|p1a: Serperior|Leaf Storm|p2a: Slowking\n|-resisted|p2a: Slowking\n|-damage|p2a: Slowking|49/100 par\n|-boost|p1a: Serperior|spa|2\n|move|p2a: Slowking|Sludge Bomb|p1a: Serperior\n|-supereffective|p1a: Serperior\n|-damage|p1a: Serperior|0 fnt\n|faint|p1a: Serperior\n|\n|upkeep\n|\n|t:|1782451508\n|switch|p1a: Latias|Latias, F|100/100\n|turn|16\n|\n|t:|1782451527\n|switch|p2a: Kyurem|Kyurem|100/100\n|-ability|p2a: Kyurem|Pressure\n|move|p1a: Latias|Agility|p1a: Latias\n|-boost|p1a: Latias|spe|2\n|\n|upkeep\n|turn|17\n|inactive|ascended tusk 69 has 120 seconds left.\n|\n|t:|1782451562\n|-terastallize|p1a: Latias|Poison\n|move|p1a: Latias|Calm Mind|p1a: Latias\n|-boost|p1a: Latias|spa|1\n|-boost|p1a: Latias|spd|1\n|move|p2a: Kyurem|Ice Beam|p1a: Latias\n|-damage|p1a: Latias|67/100\n|\n|-heal|p1a: Latias|73/100|[from] item: Leftovers\n|upkeep\n|turn|18\n|\n|t:|1782451567\n|move|p1a: Latias|Calm Mind|p1a: Latias\n|-boost|p1a: Latias|spa|1\n|-boost|p1a: Latias|spd|1\n|move|p2a: Kyurem|Ice Beam|p1a: Latias\n|-damage|p1a: Latias|48/100\n|\n|-heal|p1a: Latias|54/100|[from] item: Leftovers\n|upkeep\n|turn|19\n|\n|t:|1782451574\n|move|p1a: Latias|Calm Mind|p1a: Latias\n|-boost|p1a: Latias|spa|1\n|-boost|p1a: Latias|spd|1\n|move|p2a: Kyurem|Ice Beam|p1a: Latias\n|-damage|p1a: Latias|34/100\n|\n|-heal|p1a: Latias|40/100|[from] item: Leftovers\n|upkeep\n|turn|20\n|j| maximilk\n|\n|t:|1782451586\n|move|p1a: Latias|Stored Power|p2a: Kyurem\n|-damage|p2a: Kyurem|0 fnt\n|faint|p2a: Kyurem\n|\n|-heal|p1a: Latias|46/100|[from] item: Leftovers\n|upkeep\n|j| Ctannn\n|\n|t:|1782451596\n|switch|p2a: Mandibuzz|Mandibuzz, F|80/100\n|turn|21\n|\n|t:|1782451602\n|move|p1a: Latias|Aura Sphere|p2a: Mandibuzz\n|-damage|p2a: Mandibuzz|39/100\n|move|p2a: Mandibuzz|Foul Play|p1a: Latias\n|-damage|p1a: Latias|30/100\n|\n|-heal|p1a: Latias|36/100|[from] item: Leftovers\n|upkeep\n|turn|22\n|\n|t:|1782451607\n|move|p1a: Latias|Aura Sphere|p2a: Mandibuzz\n|-damage|p2a: Mandibuzz|0 fnt\n|faint|p2a: Mandibuzz\n|\n|-heal|p1a: Latias|42/100|[from] item: Leftovers\n|upkeep\n|\n|t:|1782451609\n|switch|p2a: Cinderace|Cinderace, F|78/100\n|turn|23\n|\n|t:|1782451612\n|-terastallize|p2a: Cinderace|Dark\n|move|p1a: Latias|Aura Sphere|p2a: Cinderace\n|-supereffective|p2a: Cinderace\n|-damage|p2a: Cinderace|0 fnt\n|faint|p2a: Cinderace\n|\n|-heal|p1a: Latias|48/100|[from] item: Leftovers\n|upkeep\n|j| Kyurem\n|-message|rblt ryo forfeited.\n|\n|win|ascended tusk 69\n|raw|ascended tusk 69's rating: 1649 &rarr; <strong>1670</strong><br />(+21 for winning)\n|raw|rblt ryo's rating: 1672 &rarr; <strong>1651</strong><br />(-21 for losing)\n|l|‽ascended tusk 69\n|player|p1|\n|l| Kyurem\n|l| thing maker\n|l| maximilk\n", "uploadtime": 1782451795, "views": 7, "formatid": "gen9ou", "rating": 1651, "private": 0, "password": null}