{"id": "gen9ou-2647713731", "format": "[Gen 9] OU", "players": ["esta man oe", "kakagarbage"], "log": "|j|☆esta man oe\n|j|☆kakagarbage\n|t:|1783800419\n|gametype|singles\n|player|p1|esta man oe|preschooler|1379\n|player|p2|kakagarbage|102|1392\n|gen|9\n|tier|[Gen 9] OU\n|rated|\n|rule|HP Percentage Mod: HP is shown in percentages\n|rule|Endless Battle Clause: Forcing endless battles is banned\n|rule|Species Clause: Limit one of each Pokémon\n|rule|OHKO Clause: OHKO moves are banned\n|rule|Evasion Items Clause: Evasion items are banned\n|rule|Evasion Moves Clause: Evasion moves are banned\n|rule|Evasion Abilities Clause: Evasion abilities are banned\n|rule|Sleep Moves Clause: Sleep-inducing moves are banned\n|clearpoke\n|poke|p1|Ogerpon-Wellspring, F|\n|poke|p1|Heatran, M|\n|poke|p1|Goodra-Hisui, F|\n|poke|p1|Thundurus-Therian, M|\n|poke|p1|Orthworm, M|\n|poke|p1|Grimmsnarl, M|\n|poke|p2|Hydrapple, M|\n|poke|p2|Moltres|\n|poke|p2|Darkrai|\n|poke|p2|Ting-Lu|\n|poke|p2|Tinkaton, F|\n|poke|p2|Zamazenta-*|\n|teampreview\n|inactive|Battle timer is ON: inactive players will automatically lose when time's up. (requested by esta man oe)\n|\n|t:|1783800435\n|teamsize|p1|6\n|teamsize|p2|6\n|start\n|switch|p1a: Ogerpon|Ogerpon-Wellspring, F|100/100\n|switch|p2a: Darkrai|Darkrai, shiny|100/100\n|turn|1\n|\n|t:|1783800449\n|switch|p1a: Heatran|Heatran, M|100/100\n|-terastallize|p2a: Darkrai|Poison\n|move|p2a: Darkrai|Sludge Bomb|p1a: Heatran\n|-immune|p1a: Heatran\n|\n|upkeep\n|turn|2\n|\n|t:|1783800454\n|switch|p2a: Ting-Lu|Ting-Lu|100/100\n|-ability|p2a: Ting-Lu|Vessel of Ruin\n|move|p1a: Heatran|Stealth Rock|p2a: Ting-Lu\n|-sidestart|p2: kakagarbage|move: Stealth Rock\n|\n|upkeep\n|turn|3\n|\n|t:|1783800458\n|switch|p1a: Orthworm|Orthworm, M|100/100\n|move|p2a: Ting-Lu|Spikes|p1a: Orthworm\n|-sidestart|p1: esta man oe|Spikes\n|\n|upkeep\n|turn|4\n|\n|t:|1783800461\n|move|p1a: Orthworm|Spikes|p2a: Ting-Lu\n|-sidestart|p2: kakagarbage|Spikes\n|move|p2a: Ting-Lu|Spikes|p1a: Orthworm\n|-sidestart|p1: esta man oe|Spikes\n|\n|upkeep\n|turn|5\n|\n|t:|1783800464\n|move|p1a: Orthworm|Spikes|p2a: Ting-Lu\n|-sidestart|p2: kakagarbage|Spikes\n|move|p2a: Ting-Lu|Spikes|p1a: Orthworm\n|-sidestart|p1: esta man oe|Spikes\n|\n|upkeep\n|turn|6\n|\n|t:|1783800466\n|move|p1a: Orthworm|Spikes|p2a: Ting-Lu\n|-sidestart|p2: kakagarbage|Spikes\n|move|p2a: Ting-Lu|Ruination|p1a: Orthworm\n|-damage|p1a: Orthworm|50/100\n|\n|-heal|p1a: Orthworm|57/100|[from] item: Leftovers\n|upkeep\n|turn|7\n|\n|t:|1783800468\n|move|p1a: Orthworm|Body Press|p2a: Ting-Lu\n|-supereffective|p2a: Ting-Lu\n|-damage|p2a: Ting-Lu|74/100\n|move|p2a: Ting-Lu|Whirlwind|p1a: Orthworm\n|drag|p1a: Grimmsnarl|Grimmsnarl, M|100/100\n|-damage|p1a: Grimmsnarl|76/100|[from] Spikes\n|\n|-heal|p2a: Ting-Lu|81/100|[from] item: Leftovers\n|upkeep\n|turn|8\n|\n|t:|1783800475\n|switch|p1a: Thundurus|Thundurus-Therian, M|100/100\n|move|p2a: Ting-Lu|Earthquake|p1a: Thundurus\n|-immune|p1a: Thundurus\n|\n|-heal|p2a: Ting-Lu|87/100|[from] item: Leftovers\n|upkeep\n|turn|9\n|\n|t:|1783800480\n|move|p1a: Thundurus|Focus Blast|p2a: Ting-Lu|[miss]\n|-miss|p1a: Thundurus|p2a: Ting-Lu\n|move|p2a: Ting-Lu|Ruination|p1a: Thundurus\n|-damage|p1a: Thundurus|50/100\n|\n|-heal|p2a: Ting-Lu|93/100|[from] item: Leftovers\n|upkeep\n|turn|10\n|\n|t:|1783800486\n|switch|p2a: Hydrapple|Hydrapple, M|100/100\n|move|p1a: Thundurus|Focus Blast|p2a: Hydrapple\n|-damage|p2a: Hydrapple|61/100\n|\n|upkeep\n|turn|11\n|\n|t:|1783800489\n|move|p1a: Thundurus|Volt Switch|p2a: Hydrapple\n|-resisted|p2a: Hydrapple\n|-damage|p2a: Hydrapple|52/100\n|\n|t:|1783800492\n|switch|p1a: Goodra|Goodra-Hisui, F|100/100|[from] Volt Switch\n|-damage|p1a: Goodra|75/100|[from] Spikes\n|move|p2a: Hydrapple|Giga Drain|p1a: Goodra\n|-ability|p1a: Goodra|Sap Sipper|boost\n|-boost|p1a: Goodra|atk|1\n|\n|upkeep\n|turn|12\n|\n|t:|1783800499\n|switch|p2a: Tinkaton|Tinkaton, F|100/100\n|-damage|p2a: Tinkaton|94/100|[from] Stealth Rock\n|-ability|p2a: Tinkaton|Mold Breaker\n|-item|p2a: Tinkaton|Air Balloon\n|move|p1a: Goodra|Dragon Pulse|p2a: Tinkaton\n|-immune|p2a: Tinkaton\n|\n|upkeep\n|turn|13\n|\n|t:|1783800505\n|move|p2a: Tinkaton|Stealth Rock|p1a: Goodra\n|-sidestart|p1: esta man oe|move: Stealth Rock\n|move|p1a: Goodra|Fire Blast|p2a: Tinkaton\n|-supereffective|p2a: Tinkaton\n|-damage|p2a: Tinkaton|29/100\n|-enditem|p2a: Tinkaton|Air Balloon\n|\n|upkeep\n|turn|14\n|\n|t:|1783800512\n|move|p2a: Tinkaton|Thunder Wave|p1a: Goodra\n|-status|p1a: Goodra|par\n|cant|p1a: Goodra|par\n|\n|upkeep\n|turn|15\n|\n|t:|1783800518\n|move|p2a: Tinkaton|Gigaton Hammer|p1a: Goodra\n|-resisted|p1a: Goodra\n|-damage|p1a: Goodra|54/100 par\n|move|p1a: Goodra|Fire Blast|p2a: Tinkaton\n|-supereffective|p2a: Tinkaton\n|-damage|p2a: Tinkaton|0 fnt\n|faint|p2a: Tinkaton\n|\n|upkeep\n|\n|t:|1783800522\n|switch|p2a: Moltres|Moltres|100/100\n|turn|16\n|\n|t:|1783800526\n|move|p2a: Moltres|Flamethrower|p1a: Goodra\n|-damage|p1a: Goodra|37/100 par\n|move|p1a: Goodra|Dragon Pulse|p2a: Moltres\n|-damage|p2a: Moltres|59/100\n|\n|upkeep\n|turn|17\n|\n|t:|1783800531\n|move|p2a: Moltres|Roost|p2a: Moltres\n|-heal|p2a: Moltres|100/100\n|-singleturn|p2a: Moltres|move: Roost\n|move|p1a: Goodra|Dragon Pulse|p2a: Moltres\n|-damage|p2a: Moltres|56/100\n|\n|upkeep\n|turn|18\n|\n|t:|1783800533\n|move|p2a: Moltres|Roost|p2a: Moltres\n|-heal|p2a: Moltres|100/100\n|-singleturn|p2a: Moltres|move: Roost\n|move|p1a: Goodra|Dragon Pulse|p2a: Moltres\n|-damage|p2a: Moltres|54/100\n|\n|upkeep\n|turn|19\n|\n|t:|1783800535\n|switch|p1a: Grimmsnarl|Grimmsnarl, M|76/100\n|-damage|p1a: Grimmsnarl|51/100|[from] Spikes\n|-damage|p1a: Grimmsnarl|38/100|[from] Stealth Rock\n|move|p2a: Moltres|Roost|p2a: Moltres\n|-heal|p2a: Moltres|100/100\n|-singleturn|p2a: Moltres|move: Roost\n|\n|upkeep\n|turn|20\n|\n|t:|1783800537\n|move|p1a: Grimmsnarl|Light Screen|p1a: Grimmsnarl\n|-sidestart|p1: esta man oe|move: Light Screen\n|move|p2a: Moltres|U-turn|p1a: Grimmsnarl\n|-crit|p1a: Grimmsnarl\n|-damage|p1a: Grimmsnarl|22/100\n|\n|t:|1783800541\n|switch|p2a: Darkrai|Darkrai, shiny, tera:Poison|100/100|[from] U-turn\n|\n|upkeep\n|turn|21\n|\n|t:|1783800544\n|move|p1a: Grimmsnarl|Thunder Wave|p2a: Darkrai\n|-status|p2a: Darkrai|par\n|cant|p2a: Darkrai|par\n|\n|upkeep\n|turn|22\n|\n|t:|1783800546\n|move|p1a: Grimmsnarl|Reflect|p1a: Grimmsnarl\n|-sidestart|p1: esta man oe|Reflect\n|move|p2a: Darkrai|Knock Off|p1a: Grimmsnarl\n|-resisted|p1a: Grimmsnarl\n|-damage|p1a: Grimmsnarl|19/100\n|-enditem|p1a: Grimmsnarl|Light Clay|[from] move: Knock Off|[of] p2a: Darkrai\n|\n|upkeep\n|turn|23\n|\n|t:|1783800550\n|move|p1a: Grimmsnarl|Parting Shot|p2a: Darkrai\n|-unboost|p2a: Darkrai|atk|1\n|-unboost|p2a: Darkrai|spa|1\n|\n|t:|1783800551\n|switch|p1a: Goodra|Goodra-Hisui, F|37/100 par|[from] Parting Shot\n|-damage|p1a: Goodra|12/100 par|[from] Spikes\n|-damage|p1a: Goodra|6/100 par|[from] Stealth Rock\n|cant|p2a: Darkrai|par\n|\n|upkeep\n|turn|24\n|\n|t:|1783800556\n|move|p2a: Darkrai|Dark Pulse|p1a: Goodra\n|-damage|p1a: Goodra|0 fnt\n|faint|p1a: Goodra\n|\n|upkeep\n|\n|t:|1783800558\n|switch|p1a: Heatran|Heatran, M|100/100\n|-damage|p1a: Heatran|76/100|[from] Spikes\n|-damage|p1a: Heatran|63/100|[from] Stealth Rock\n|turn|25\n|\n|t:|1783800569\n|switch|p2a: Moltres|Moltres|100/100\n|move|p1a: Heatran|Magma Storm|p2a: Moltres\n|-resisted|p2a: Moltres\n|-damage|p2a: Moltres|78/100\n|-activate|p2a: Moltres|move: Magma Storm|[of] p1a: Heatran\n|\n|-heal|p1a: Heatran|69/100|[from] item: Leftovers\n|-damage|p2a: Moltres|65/100|[from] move: Magma Storm|[partiallytrapped]\n|upkeep\n|turn|26\n|\n|t:|1783800576\n|move|p1a: Heatran|Protect|p1a: Heatran\n|-singleturn|p1a: Heatran|Protect\n|move|p2a: Moltres|U-turn|p1a: Heatran\n|-activate|p1a: Heatran|move: Protect\n|\n|-heal|p1a: Heatran|76/100|[from] item: Leftovers\n|-damage|p2a: Moltres|53/100|[from] move: Magma Storm|[partiallytrapped]\n|upkeep\n|turn|27\n|\n|t:|1783800584\n|switch|p1a: Grimmsnarl|Grimmsnarl, M|19/100\n|-damage|p1a: Grimmsnarl|0 fnt|[from] Spikes\n|faint|p1a: Grimmsnarl\n|move|p2a: Moltres|Roost|p2a: Moltres\n|-heal|p2a: Moltres|100/100\n|-singleturn|p2a: Moltres|move: Roost\n|\n|-end|p2a: Moltres|Magma Storm|[partiallytrapped]|[silent]\n|-sideend|p1: esta man oe|move: Light Screen\n|upkeep\n|\n|t:|1783800586\n|switch|p1a: Thundurus|Thundurus-Therian, M|50/100\n|turn|28\n|\n|t:|1783800592\n|switch|p2a: Hydrapple|Hydrapple, M|85/100\n|move|p1a: Thundurus|Volt Switch|p2a: Hydrapple\n|-resisted|p2a: Hydrapple\n|-damage|p2a: Hydrapple|77/100\n|\n|t:|1783800594\n|switch|p1a: Heatran|Heatran, M|76/100|[from] Volt Switch\n|-damage|p1a: Heatran|51/100|[from] Spikes\n|-damage|p1a: Heatran|38/100|[from] Stealth Rock\n|\n|-heal|p1a: Heatran|45/100|[from] item: Leftovers\n|upkeep\n|turn|29\n|\n|t:|1783800602\n|move|p1a: Heatran|Magma Storm|p2a: Hydrapple|[miss]\n|-miss|p1a: Heatran|p2a: Hydrapple\n|move|p2a: Hydrapple|Earth Power|p1a: Heatran\n|-supereffective|p1a: Heatran\n|-damage|p1a: Heatran|0 fnt\n|faint|p1a: Heatran\n|\n|-sideend|p1: esta man oe|Reflect\n|upkeep\n|\n|t:|1783800611\n|switch|p1a: Thundurus|Thundurus-Therian, M|50/100\n|turn|30\n|\n|t:|1783800616\n|move|p1a: Thundurus|Focus Blast|p2a: Hydrapple\n|-damage|p2a: Hydrapple|43/100\n|move|p2a: Hydrapple|Fickle Beam|p1a: Thundurus|[anim] Fickle Beam All Out\n|-activate|p2a: Hydrapple|move: Fickle Beam\n|-damage|p1a: Thundurus|0 fnt\n|faint|p1a: Thundurus\n|\n|upkeep\n|\n|t:|1783800623\n|switch|p1a: Ogerpon|Ogerpon-Wellspring, F|100/100\n|-damage|p1a: Ogerpon|76/100|[from] Spikes\n|-damage|p1a: Ogerpon|63/100|[from] Stealth Rock\n|turn|31\n|\n|t:|1783800627\n|switch|p2a: Darkrai|Darkrai, shiny, tera:Poison|100/100 par\n|move|p1a: Ogerpon|Play Rough|p2a: Darkrai\n|-resisted|p2a: Darkrai\n|-damage|p2a: Darkrai|76/100 par\n|\n|upkeep\n|turn|32\n|\n|t:|1783800638\n|move|p1a: Ogerpon|Ivy Cudgel|p2a: Darkrai|[anim] Ivy Cudgel Water\n|-damage|p2a: Darkrai|0 fnt\n|faint|p2a: Darkrai\n|\n|upkeep\n|\n|t:|1783800646\n|switch|p2a: Zamazenta|Zamazenta|100/100\n|-ability|p2a: Zamazenta|Dauntless Shield|boost\n|-boost|p2a: Zamazenta|def|1\n|turn|33\n|\n|t:|1783800653\n|move|p2a: Zamazenta|Close Combat|p1a: Ogerpon\n|-damage|p1a: Ogerpon|0 fnt\n|-unboost|p2a: Zamazenta|def|1\n|-unboost|p2a: Zamazenta|spd|1\n|faint|p1a: Ogerpon\n|\n|upkeep\n|\n|t:|1783800655\n|switch|p1a: Orthworm|Orthworm, M|57/100\n|-damage|p1a: Orthworm|32/100|[from] Spikes\n|-damage|p1a: Orthworm|25/100|[from] Stealth Rock\n|turn|34\n|-message|esta man oe forfeited.\n|\n|win|kakagarbage\n|raw|esta man oe's rating: 1379 &rarr; <strong>1360</strong><br />(-19 for losing)\n|raw|kakagarbage's rating: 1392 &rarr; <strong>1411</strong><br />(+19 for winning)\n|l|☆esta man oe\n|player|p1|\n|c|☆kakagarbage|/log kakagarbage made this room public.\n", "uploadtime": 1783800663, "views": 12, "formatid": "gen9ou", "rating": 1360, "private": 0, "password": null}