{"id": "gen9ou-2639293462", "format": "[Gen 9] OU", "players": ["UGBlack", "Fightingtimeteam"], "log": "|j|☆UGBlack\n|j|☆Fightingtimeteam\n|t:|1782447385\n|gametype|singles\n|player|p1|UGBlack|169|1121\n|player|p2|Fightingtimeteam|101|1081\n|gen|9\n|tier|[Gen 9] OU\n|rated|\n|rule|HP Percentage Mod: HP is shown in percentages\n|rule|Endless Battle Clause: Forcing endless battles is banned\n|rule|Species Clause: Limit one of each Pokémon\n|rule|OHKO Clause: OHKO moves are banned\n|rule|Evasion Items Clause: Evasion items are banned\n|rule|Evasion Moves Clause: Evasion moves are banned\n|rule|Evasion Abilities Clause: Evasion abilities are banned\n|rule|Sleep Moves Clause: Sleep-inducing moves are banned\n|clearpoke\n|poke|p1|Ditto|\n|poke|p1|Great Tusk|\n|poke|p1|Polteageist-Antique|\n|poke|p1|Maushold|\n|poke|p1|Iron Jugulis|\n|poke|p1|Clefable, M|\n|poke|p2|Blaziken, M|\n|poke|p2|Kommo-o, M|\n|poke|p2|Pawmot, M|\n|poke|p2|Hitmontop, M|\n|poke|p2|Heracross, M|\n|poke|p2|Gallade, M|\n|teampreview\n|\n|t:|1782447388\n|teamsize|p1|6\n|teamsize|p2|6\n|start\n|switch|p1a: Maushold|Maushold|100/100\n|switch|p2a: Gallade|Gallade, M|100/100\n|turn|1\n|\n|t:|1782447394\n|move|p1a: Maushold|Tidy Up|p1a: Maushold\n|-boost|p1a: Maushold|atk|1\n|-boost|p1a: Maushold|spe|1\n|move|p2a: Gallade|Sacred Sword|p1a: Maushold\n|-supereffective|p1a: Maushold\n|-crit|p1a: Maushold\n|-damage|p1a: Maushold|0 fnt\n|faint|p1a: Maushold\n|\n|upkeep\n|c|☆UGBlack|,,,\n|\n|t:|1782447408\n|switch|p1a: Iron Jugulis|Iron Jugulis|100/100\n|-enditem|p1a: Iron Jugulis|Booster Energy\n|-activate|p1a: Iron Jugulis|ability: Quark Drive|[fromitem]\n|-start|p1a: Iron Jugulis|quarkdrivespa\n|turn|2\n|\n|t:|1782447413\n|move|p1a: Iron Jugulis|Air Slash|p2a: Gallade\n|-supereffective|p2a: Gallade\n|-damage|p2a: Gallade|8/100\n|move|p2a: Gallade|Sacred Sword|p1a: Iron Jugulis\n|-damage|p1a: Iron Jugulis|16/100\n|\n|upkeep\n|turn|3\n|\n|t:|1782447421\n|move|p1a: Iron Jugulis|Dark Pulse|p2a: Gallade\n|-damage|p2a: Gallade|0 fnt\n|faint|p2a: Gallade\n|\n|upkeep\n|\n|t:|1782447424\n|switch|p2a: Hitmontop|Hitmontop, M|100/100\n|turn|4\n|\n|t:|1782447429\n|-end|p1a: Iron Jugulis|Quark Drive|[silent]\n|switch|p1a: Polteageist|Polteageist-Antique|100/100\n|move|p2a: Hitmontop|Triple Kick|p1a: Polteageist\n|-immune|p1a: Polteageist\n|\n|upkeep\n|turn|5\n|\n|t:|1782447436\n|move|p2a: Hitmontop|Bulldoze|p1a: Polteageist\n|-damage|p1a: Polteageist|63/100\n|-unboost|p1a: Polteageist|spe|1\n|-ability|p1a: Polteageist|Weak Armor|boost\n|-unboost|p1a: Polteageist|def|1\n|-boost|p1a: Polteageist|spe|2\n|-enditem|p1a: Polteageist|White Herb\n|-clearnegativeboost|p1a: Polteageist|[silent]\n|move|p1a: Polteageist|Shell Smash|p1a: Polteageist\n|-unboost|p1a: Polteageist|def|1\n|-unboost|p1a: Polteageist|spd|1\n|-boost|p1a: Polteageist|atk|2\n|-boost|p1a: Polteageist|spa|2\n|-boost|p1a: Polteageist|spe|2\n|\n|upkeep\n|turn|6\n|\n|t:|1782447450\n|move|p1a: Polteageist|Stored Power|p2a: Hitmontop\n|-supereffective|p2a: Hitmontop\n|-damage|p2a: Hitmontop|0 fnt\n|faint|p2a: Hitmontop\n|\n|upkeep\n|\n|t:|1782447465\n|switch|p2a: Heracross|Heracross, M|100/100\n|turn|7\n|\n|t:|1782447473\n|move|p1a: Polteageist|Stored Power|p2a: Heracross\n|-supereffective|p2a: Heracross\n|-damage|p2a: Heracross|0 fnt\n|faint|p2a: Heracross\n|\n|upkeep\n|\n|t:|1782447477\n|switch|p2a: Pawmot|Pawmot, M|100/100\n|turn|8\n|\n|t:|1782447480\n|move|p1a: Polteageist|Stored Power|p2a: Pawmot\n|-supereffective|p2a: Pawmot\n|-damage|p2a: Pawmot|0 fnt\n|faint|p2a: Pawmot\n|\n|upkeep\n|\n|t:|1782447482\n|switch|p2a: Kommo-o|Kommo-o, M|100/100\n|turn|9\n|c|☆UGBlack|all fighting?\n|\n|t:|1782447489\n|move|p1a: Polteageist|Stored Power|p2a: Kommo-o\n|-supereffective|p2a: Kommo-o\n|-damage|p2a: Kommo-o|0 fnt\n|faint|p2a: Kommo-o\n|\n|upkeep\n|\n|t:|1782447492\n|switch|p2a: Blaziken|Blaziken, M, shiny|100/100\n|turn|10\n|c|☆UGBlack|You need a fighting dark\n|\n|t:|1782447500\n|move|p1a: Polteageist|Stored Power|p2a: Blaziken\n|-supereffective|p2a: Blaziken\n|-damage|p2a: Blaziken|0 fnt\n|faint|p2a: Blaziken\n|\n|win|UGBlack\n|raw|UGBlack's rating: 1121 &rarr; <strong>1143</strong><br />(+22 for winning)\n|raw|Fightingtimeteam's rating: 1081 &rarr; <strong>1061</strong><br />(-20 for losing)\n|l|☆UGBlack\n|player|p1|\n|l|☆Fightingtimeteam\n|player|p2|\n", "uploadtime": 1782447895, "views": 4, "formatid": "gen9ou", "rating": 1061, "private": 0, "password": null}