{"id": "gen9ou-2639269970", "format": "[Gen 9] OU", "players": ["dior on ice", "fedboi"], "log": "|j|☆dior on ice\n|j|☆fedboi\n|t:|1782443417\n|gametype|singles\n|player|p1|dior on ice|swimmerf|1317\n|player|p2|fedboi|102|1291\n|gen|9\n|tier|[Gen 9] OU\n|rated|\n|rule|HP Percentage Mod: HP is shown in percentages\n|rule|Endless Battle Clause: Forcing endless battles is banned\n|rule|Species Clause: Limit one of each Pokémon\n|rule|OHKO Clause: OHKO moves are banned\n|rule|Evasion Items Clause: Evasion items are banned\n|rule|Evasion Moves Clause: Evasion moves are banned\n|rule|Evasion Abilities Clause: Evasion abilities are banned\n|rule|Sleep Moves Clause: Sleep-inducing moves are banned\n|clearpoke\n|poke|p1|Araquanid, F|\n|poke|p1|Raging Bolt|\n|poke|p1|Iron Moth|\n|poke|p1|Great Tusk|\n|poke|p1|Gholdengo|\n|poke|p1|Kingambit, F|\n|poke|p2|Zamazenta-*|\n|poke|p2|Galvantula, M|\n|poke|p2|Kommo-o, M|\n|poke|p2|Blastoise, M|\n|poke|p2|Iron Crown|\n|poke|p2|Blaziken, M|\n|teampreview\n|\n|t:|1782443422\n|teamsize|p1|6\n|teamsize|p2|6\n|start\n|switch|p1a: Iron Moth|Iron Moth, shiny|100/100\n|switch|p2a: The Merchant|Galvantula, M|100/100\n|turn|1\n|\n|t:|1782443437\n|move|p1a: Iron Moth|Fiery Dance|p2a: The Merchant\n|-supereffective|p2a: The Merchant\n|-enditem|p2a: The Merchant|Focus Sash\n|-damage|p2a: The Merchant|1/100\n|-boost|p1a: Iron Moth|spa|1\n|-damage|p1a: Iron Moth|91/100|[from] item: Life Orb\n|move|p2a: The Merchant|Thunder Wave|p1a: Iron Moth\n|-status|p1a: Iron Moth|par\n|\n|upkeep\n|turn|2\n|\n|t:|1782443447\n|move|p2a: The Merchant|Sticky Web|p1a: Iron Moth\n|-sidestart|p1: dior on ice|move: Sticky Web\n|move|p1a: Iron Moth|Fiery Dance|p2a: The Merchant\n|-supereffective|p2a: The Merchant\n|-damage|p2a: The Merchant|0 fnt\n|-boost|p1a: Iron Moth|spa|1\n|faint|p2a: The Merchant\n|-damage|p1a: Iron Moth|81/100 par|[from] item: Life Orb\n|\n|upkeep\n|\n|t:|1782443456\n|switch|p2a: The Big Man|Blastoise, M|100/100\n|turn|3\n|\n|t:|1782443459\n|move|p2a: The Big Man|Shell Smash|p2a: The Big Man\n|-unboost|p2a: The Big Man|def|1\n|-unboost|p2a: The Big Man|spd|1\n|-boost|p2a: The Big Man|atk|2\n|-boost|p2a: The Big Man|spa|2\n|-boost|p2a: The Big Man|spe|2\n|cant|p1a: Iron Moth|par\n|\n|upkeep\n|turn|4\n|\n|t:|1782443465\n|-terastallize|p1a: Iron Moth|Grass\n|move|p2a: The Big Man|Surf|p1a: Iron Moth\n|-resisted|p1a: Iron Moth\n|-damage|p1a: Iron Moth|38/100 par\n|move|p1a: Iron Moth|Energy Ball|p2a: The Big Man\n|-supereffective|p2a: The Big Man\n|-enditem|p2a: The Big Man|Focus Sash\n|-damage|p2a: The Big Man|1/100\n|-unboost|p2a: The Big Man|spd|1\n|-damage|p1a: Iron Moth|28/100 par|[from] item: Life Orb\n|\n|upkeep\n|turn|5\n|\n|t:|1782443482\n|move|p2a: The Big Man|Surf|p1a: Iron Moth\n|-resisted|p1a: Iron Moth\n|-damage|p1a: Iron Moth|0 fnt\n|faint|p1a: Iron Moth\n|-end|p1a: Iron Moth|Quark Drive|[silent]\n|\n|upkeep\n|\n|t:|1782443484\n|switch|p1a: Araquanid|Araquanid, F, shiny|100/100\n|-activate|p1a: Araquanid|move: Sticky Web\n|-unboost|p1a: Araquanid|spe|1\n|turn|6\n|\n|t:|1782443495\n|move|p2a: The Big Man|Dark Pulse|p1a: Araquanid\n|-damage|p1a: Araquanid|71/100\n|move|p1a: Araquanid|Liquidation|p2a: The Big Man\n|-resisted|p2a: The Big Man\n|-damage|p2a: The Big Man|0 fnt\n|faint|p2a: The Big Man\n|\n|upkeep\n|\n|t:|1782443506\n|switch|p2a: chicken|Blaziken, M|100/100\n|turn|7\n|\n|t:|1782443513\n|-terastallize|p2a: chicken|Fire\n|move|p2a: chicken|Flare Blitz|p1a: Araquanid\n|-damage|p1a: Araquanid|21/100\n|-damage|p2a: chicken|82/100|[from] Recoil\n|-damage|p2a: chicken|72/100|[from] item: Life Orb\n|move|p1a: Araquanid|Sticky Web|p2a: chicken\n|-sidestart|p2: fedboi|move: Sticky Web\n|\n|-ability|p2a: chicken|Speed Boost|boost\n|-boost|p2a: chicken|spe|1\n|upkeep\n|turn|8\n|-enditem|p1a: Araquanid|Custap Berry|[eat]\n|-activate|p1a: Araquanid|item: Custap Berry|[consumed]\n|\n|t:|1782443523\n|move|p1a: Araquanid|Liquidation|p2a: chicken\n|-supereffective|p2a: chicken\n|-damage|p2a: chicken|0 fnt\n|faint|p2a: chicken\n|\n|upkeep\n|-message|fedboi forfeited.\n|\n|win|dior on ice\n|raw|dior on ice's rating: 1317 &rarr; <strong>1336</strong><br />(+19 for winning)\n|raw|fedboi's rating: 1291 &rarr; <strong>1268</strong><br />(-23 for losing)\n|l|☆fedboi\n|player|p2|\n", "uploadtime": 1782443531, "views": 23, "formatid": "gen9ou", "rating": 1268, "private": 0, "password": null}