{"id": "gen9ou-2639187088", "format": "[Gen 9] OU", "players": ["carrotboi4", "WildCLAPSRido"], "log": "|j|☆carrotboi4\n|j|☆WildCLAPSRido\n|t:|1782431207\n|gametype|singles\n|player|p1|carrotboi4|265|1323\n|player|p2|WildCLAPSRido|1|1284\n|gen|9\n|tier|[Gen 9] OU\n|rated|\n|rule|HP Percentage Mod: HP is shown in percentages\n|rule|Endless Battle Clause: Forcing endless battles is banned\n|rule|Species Clause: Limit one of each Pokémon\n|rule|OHKO Clause: OHKO moves are banned\n|rule|Evasion Items Clause: Evasion items are banned\n|rule|Evasion Moves Clause: Evasion moves are banned\n|rule|Evasion Abilities Clause: Evasion abilities are banned\n|rule|Sleep Moves Clause: Sleep-inducing moves are banned\n|clearpoke\n|poke|p1|Hoopa-Unbound|\n|poke|p1|Slowking-Galar, F|\n|poke|p1|Dragapult, M|\n|poke|p1|Great Tusk|\n|poke|p1|Alomomola, M|\n|poke|p1|Tinkaton, F|\n|poke|p2|Iron Treads|\n|poke|p2|Darkrai|\n|poke|p2|Sylveon, F|\n|poke|p2|Slowking, M|\n|poke|p2|Meowscarada, F|\n|poke|p2|Garchomp, M|\n|teampreview\n|inactive|Battle timer is ON: inactive players will automatically lose when time's up. (requested by WildCLAPSRido)\n|inactive|carrotboi4 has 120 seconds left.\n|inactive|WildCLAPSRido has 120 seconds left.\n|\n|t:|1782431246\n|teamsize|p1|6\n|teamsize|p2|6\n|start\n|switch|p1a: Slowking|Slowking-Galar, F|100/100\n|switch|p2a: Meowscarada|Meowscarada, F|100/100\n|turn|1\n|inactive|carrotboi4 has 120 seconds left.\n|\n|t:|1782431281\n|move|p2a: Meowscarada|Knock Off|p1a: Slowking\n|-start|p2a: Meowscarada|typechange|Dark|[from] ability: Protean\n|-supereffective|p1a: Slowking\n|-damage|p1a: Slowking|2/100\n|-enditem|p1a: Slowking|Heavy-Duty Boots|[from] move: Knock Off|[of] p2a: Meowscarada\n|move|p1a: Slowking|Flamethrower|p2a: Meowscarada\n|-damage|p2a: Meowscarada|64/100\n|\n|upkeep\n|turn|2\n|inactive|carrotboi4 has 120 seconds left.\n|\n|t:|1782431292\n|switch|p1a: Alomomola|Alomomola, M|100/100\n|move|p2a: Meowscarada|Knock Off|p1a: Alomomola\n|-damage|p1a: Alomomola|63/100\n|-damage|p2a: Meowscarada|48/100|[from] item: Rocky Helmet|[of] p1a: Alomomola\n|-enditem|p1a: Alomomola|Rocky Helmet|[from] move: Knock Off|[of] p2a: Meowscarada\n|\n|upkeep\n|turn|3\n|inactive|carrotboi4 has 120 seconds left.\n|\n|t:|1782431305\n|switch|p2a: Slowking|Slowking, M|100/100\n|move|p1a: Alomomola|Scald|p2a: Slowking\n|-resisted|p2a: Slowking\n|-damage|p2a: Slowking|96/100\n|-status|p2a: Slowking|brn\n|\n|-damage|p2a: Slowking|90/100 brn|[from] brn\n|upkeep\n|turn|4\n|inactive|carrotboi4 has 120 seconds left.\n|\n|t:|1782431314\n|move|p1a: Alomomola|Wish|p1a: Alomomola\n|move|p2a: Slowking|Future Sight|p1a: Alomomola\n|-start|p2a: Slowking|move: Future Sight\n|\n|-damage|p2a: Slowking|84/100 brn|[from] brn\n|upkeep\n|turn|5\n|\n|t:|1782431325\n|move|p1a: Alomomola|Flip Turn|p2a: Slowking\n|-resisted|p2a: Slowking\n|-crit|p2a: Slowking\n|-damage|p2a: Slowking|73/100 brn\n|\n|t:|1782431334\n|switch|p1a: Tinkaton|Tinkaton, F|100/100|[from] Flip Turn\n|-ability|p1a: Tinkaton|Mold Breaker\n|-item|p1a: Tinkaton|Air Balloon\n|move|p2a: Slowking|Ice Beam|p1a: Tinkaton\n|-resisted|p1a: Tinkaton\n|-damage|p1a: Tinkaton|94/100\n|-enditem|p1a: Tinkaton|Air Balloon\n|\n|-heal|p1a: Tinkaton|100/100|[from] move: Wish|[wisher] Alomomola\n|-damage|p2a: Slowking|67/100 brn|[from] brn\n|upkeep\n|turn|6\n|\n|t:|1782431348\n|move|p1a: Tinkaton|Stealth Rock|p2a: Slowking\n|-sidestart|p2: WildCLAPSRido|move: Stealth Rock\n|-prepare|p2a: Slowking|Chilly Reception|[premajor]\n|move|p2a: Slowking|Chilly Reception|p2a: Slowking\n|-weather|Snowscape\n|\n|t:|1782431360\n|switch|p2a: Darkrai|Darkrai|100/100|[from] Chilly Reception\n|-damage|p2a: Darkrai|88/100|[from] Stealth Rock\n|\n|-weather|Snowscape|[upkeep]\n|-end|p1a: Tinkaton|move: Future Sight\n|-resisted|p1a: Tinkaton\n|-damage|p1a: Tinkaton|87/100\n|upkeep\n|turn|7\n|\n|t:|1782431369\n|move|p2a: Darkrai|Trick|p1a: Tinkaton\n|-activate|p2a: Darkrai|move: Trick|[of] p1a: Tinkaton\n|-item|p1a: Tinkaton|Choice Scarf|[from] move: Trick\n|-enditem|p2a: Darkrai|Choice Scarf|[silent]|[from] move: Trick\n|move|p1a: Tinkaton|Thunder Wave|p2a: Darkrai\n|-status|p2a: Darkrai|par\n|\n|-weather|Snowscape|[upkeep]\n|upkeep\n|turn|8\n|\n|t:|1782431385\n|switch|p1a: Slowking|Slowking-Galar, F|35/100\n|move|p2a: Darkrai|Will-O-Wisp|p1a: Slowking\n|-status|p1a: Slowking|brn\n|\n|-weather|Snowscape|[upkeep]\n|-damage|p1a: Slowking|29/100 brn|[from] brn\n|upkeep\n|turn|9\n|\n|t:|1782431395\n|switch|p1a: Alomomola|Alomomola, M|97/100\n|move|p2a: Darkrai|Dark Pulse|p1a: Alomomola\n|-damage|p1a: Alomomola|48/100\n|\n|-weather|Snowscape|[upkeep]\n|upkeep\n|turn|10\n|inactive|carrotboi4 has 120 seconds left.\n|\n|t:|1782431423\n|switch|p1a: Tinkaton|Tinkaton, F|87/100\n|-ability|p1a: Tinkaton|Mold Breaker\n|move|p2a: Darkrai|Dark Pulse|p1a: Tinkaton\n|-resisted|p1a: Tinkaton\n|-damage|p1a: Tinkaton|73/100\n|\n|-weather|none\n|upkeep\n|turn|11\n|\n|t:|1782431432\n|move|p1a: Tinkaton|Gigaton Hammer|p2a: Darkrai\n|-damage|p2a: Darkrai|27/100 par\n|move|p2a: Darkrai|Will-O-Wisp|p1a: Tinkaton\n|-status|p1a: Tinkaton|brn\n|\n|-damage|p1a: Tinkaton|67/100 brn|[from] brn\n|upkeep\n|turn|12\n|inactive|carrotboi4 has 120 seconds left.\n|\n|t:|1782431451\n|switch|p1a: Alomomola|Alomomola, M|81/100\n|switch|p2a: Slowking|Slowking, M|99/100 brn\n|\n|-damage|p2a: Slowking|94/100 brn|[from] brn\n|upkeep\n|turn|13\n|\n|t:|1782431459\n|move|p1a: Alomomola|Wish|p1a: Alomomola\n|move|p2a: Slowking|Future Sight|p1a: Alomomola\n|-start|p2a: Slowking|move: Future Sight\n|\n|-damage|p2a: Slowking|88/100 brn|[from] brn\n|upkeep\n|turn|14\n|\n|t:|1782431463\n|move|p1a: Alomomola|Flip Turn|p2a: Slowking\n|-resisted|p2a: Slowking\n|-damage|p2a: Slowking|81/100 brn\n|\n|t:|1782431469\n|switch|p1a: Hoopa|Hoopa-Unbound|100/100|[from] Flip Turn\n|-prepare|p2a: Slowking|Chilly Reception|[premajor]\n|move|p2a: Slowking|Chilly Reception|p2a: Slowking\n|-weather|Snowscape\n|\n|t:|1782431481\n|switch|p2a: Meowscarada|Meowscarada, F|48/100|[from] Chilly Reception\n|-damage|p2a: Meowscarada|35/100|[from] Stealth Rock\n|\n|-weather|Snowscape|[upkeep]\n|upkeep\n|turn|15\n|\n|t:|1782431503\n|switch|p1a: Alomomola|Alomomola, M|100/100\n|move|p2a: Meowscarada|U-turn|p1a: Alomomola\n|-start|p2a: Meowscarada|typechange|Bug|[from] ability: Protean\n|-damage|p1a: Alomomola|74/100\n|\n|t:|1782431516\n|switch|p2a: Iron Treads|Iron Treads|100/100|[from] U-turn\n|-damage|p2a: Iron Treads|97/100|[from] Stealth Rock\n|-item|p2a: Iron Treads|Air Balloon\n|\n|-weather|Snowscape|[upkeep]\n|-end|p1a: Alomomola|move: Future Sight\n|-damage|p1a: Alomomola|24/100\n|upkeep\n|turn|16\n|\n|t:|1782431531\n|move|p2a: Iron Treads|Rapid Spin|p1a: Alomomola\n|-damage|p1a: Alomomola|16/100\n|-boost|p2a: Iron Treads|spe|1\n|-sideend|p2: WildCLAPSRido|Stealth Rock|[from] move: Rapid Spin|[of] p2a: Iron Treads\n|move|p1a: Alomomola|Scald|p2a: Iron Treads\n|-supereffective|p2a: Iron Treads\n|-damage|p2a: Iron Treads|58/100\n|-enditem|p2a: Iron Treads|Air Balloon\n|\n|-weather|Snowscape|[upkeep]\n|upkeep\n|turn|17\n|\n|t:|1782431543\n|switch|p1a: Great Tusk|Great Tusk|100/100\n|move|p2a: Iron Treads|Knock Off|p1a: Great Tusk\n|-resisted|p1a: Great Tusk\n|-damage|p1a: Great Tusk|91/100\n|-enditem|p1a: Great Tusk|Leftovers|[from] move: Knock Off|[of] p2a: Iron Treads\n|\n|-weather|Snowscape|[upkeep]\n|upkeep\n|turn|18\n|\n|t:|1782431565\n|-terastallize|p2a: Iron Treads|Ghost\n|move|p2a: Iron Treads|Ice Spinner|p1a: Great Tusk\n|-supereffective|p1a: Great Tusk\n|-crit|p1a: Great Tusk\n|-damage|p1a: Great Tusk|44/100\n|move|p1a: Great Tusk|Close Combat|p2a: Iron Treads\n|-immune|p2a: Iron Treads\n|\n|-weather|none\n|upkeep\n|turn|19\n|\n|t:|1782431578\n|move|p2a: Iron Treads|Ice Spinner|p1a: Great Tusk\n|-supereffective|p1a: Great Tusk\n|-damage|p1a: Great Tusk|11/100\n|move|p1a: Great Tusk|Headlong Rush|p2a: Iron Treads\n|-damage|p2a: Iron Treads|6/100\n|-unboost|p1a: Great Tusk|def|1\n|-unboost|p1a: Great Tusk|spd|1\n|\n|upkeep\n|turn|20\n|inactive|carrotboi4 has 120 seconds left.\n|\n|t:|1782431594\n|-end|p1a: Great Tusk|Protosynthesis|[silent]\n|switch|p1a: Alomomola|Alomomola, M|49/100\n|move|p2a: Iron Treads|Ice Spinner|p1a: Alomomola\n|-resisted|p1a: Alomomola\n|-damage|p1a: Alomomola|43/100\n|\n|upkeep\n|turn|21\n|inactive|carrotboi4 has 120 seconds left.\n|\n|t:|1782431606\n|-end|p2a: Iron Treads|Quark Drive|[silent]\n|switch|p2a: Slowking|Slowking, M|100/100 brn\n|move|p1a: Alomomola|Flip Turn|p2a: Slowking\n|-resisted|p2a: Slowking\n|-damage|p2a: Slowking|94/100 brn\n|inactive|carrotboi4 has 120 seconds left.\n|\n|t:|1782431611\n|switch|p1a: Hoopa|Hoopa-Unbound|100/100|[from] Flip Turn\n|\n|-damage|p2a: Slowking|88/100 brn|[from] brn\n|upkeep\n|turn|22\n|\n|t:|1782431620\n|switch|p2a: Garchomp|Garchomp, M|100/100\n|move|p1a: Hoopa|Knock Off|p2a: Garchomp\n|-damage|p2a: Garchomp|45/100\n|-damage|p1a: Hoopa|88/100|[from] ability: Rough Skin|[of] p2a: Garchomp\n|-damage|p1a: Hoopa|72/100|[from] item: Rocky Helmet|[of] p2a: Garchomp\n|-enditem|p2a: Garchomp|Rocky Helmet|[from] move: Knock Off|[of] p1a: Hoopa\n|\n|upkeep\n|turn|23\n|\n|t:|1782431631\n|switch|p1a: Alomomola|Alomomola, M|76/100\n|move|p2a: Garchomp|Stealth Rock|p1a: Alomomola\n|-sidestart|p1: carrotboi4|move: Stealth Rock\n|\n|upkeep\n|turn|24\n|\n|t:|1782431647\n|move|p2a: Garchomp|Spikes|p1a: Alomomola\n|-sidestart|p1: carrotboi4|Spikes\n|move|p1a: Alomomola|Wish|p1a: Alomomola\n|\n|upkeep\n|turn|25\n|\n|t:|1782431650\n|move|p1a: Alomomola|Flip Turn|p2a: Garchomp\n|-damage|p2a: Garchomp|36/100\n|-damage|p1a: Alomomola|64/100|[from] ability: Rough Skin|[of] p2a: Garchomp\n|inactive|carrotboi4 has 120 seconds left.\n|\n|t:|1782431688\n|switch|p1a: Slowking|Slowking-Galar, F|62/100 brn|[from] Flip Turn\n|-damage|p1a: Slowking|49/100 brn|[from] Stealth Rock\n|-damage|p1a: Slowking|37/100 brn|[from] Spikes\n|move|p2a: Garchomp|Dragon Tail|p1a: Slowking\n|-damage|p1a: Slowking|20/100 brn\n|drag|p1a: Dragapult|Dragapult, M|100/100\n|-damage|p1a: Dragapult|88/100|[from] Stealth Rock\n|-damage|p1a: Dragapult|76/100|[from] Spikes\n|\n|-heal|p1a: Dragapult|100/100|[from] move: Wish|[wisher] Alomomola\n|upkeep\n|turn|26\n|\n|t:|1782431708\n|switch|p2a: Sylveon|Sylveon, F|100/100\n|move|p1a: Dragapult|Draco Meteor|p2a: Sylveon\n|-immune|p2a: Sylveon\n|\n|upkeep\n|turn|27\n|\n|t:|1782431720\n|switch|p1a: Tinkaton|Tinkaton, F|67/100 brn\n|-damage|p1a: Tinkaton|61/100 brn|[from] Stealth Rock\n|-damage|p1a: Tinkaton|49/100 brn|[from] Spikes\n|-ability|p1a: Tinkaton|Mold Breaker\n|move|p2a: Sylveon|Calm Mind|p2a: Sylveon\n|-boost|p2a: Sylveon|spa|1\n|-boost|p2a: Sylveon|spd|1\n|\n|-damage|p1a: Tinkaton|43/100 brn|[from] brn\n|upkeep\n|turn|28\n|\n|t:|1782431733\n|move|p1a: Tinkaton|Gigaton Hammer|p2a: Sylveon\n|-supereffective|p2a: Sylveon\n|-damage|p2a: Sylveon|65/100\n|move|p2a: Sylveon|Hyper Voice|p1a: Tinkaton\n|-resisted|p1a: Tinkaton\n|-damage|p1a: Tinkaton|25/100 brn\n|\n|-heal|p2a: Sylveon|71/100|[from] item: Leftovers\n|-damage|p1a: Tinkaton|19/100 brn|[from] brn\n|upkeep\n|turn|29\n|\n|t:|1782431743\n|switch|p1a: Slowking|Slowking-Galar, F|53/100 brn\n|-damage|p1a: Slowking|41/100 brn|[from] Stealth Rock\n|-damage|p1a: Slowking|28/100 brn|[from] Spikes\n|move|p2a: Sylveon|Protect||[still]\n|-fail|p2a: Sylveon\n|\n|-heal|p2a: Sylveon|77/100|[from] item: Leftovers\n|-damage|p1a: Slowking|22/100 brn|[from] brn\n|upkeep\n|turn|30\n|\n|t:|1782431753\n|move|p2a: Sylveon|Wish|p2a: Sylveon\n|move|p1a: Slowking|Future Sight|p2a: Sylveon\n|-start|p1a: Slowking|move: Future Sight\n|\n|-heal|p2a: Sylveon|83/100|[from] item: Leftovers\n|-damage|p1a: Slowking|16/100 brn|[from] brn\n|upkeep\n|turn|31\n|inactive|carrotboi4 has 120 seconds left.\n|\n|t:|1782431760\n|move|p2a: Sylveon|Hyper Voice|p1a: Slowking\n|-resisted|p1a: Slowking\n|-damage|p1a: Slowking|0 fnt\n|faint|p1a: Slowking\n|\n|-heal|p2a: Sylveon|100/100|[from] move: Wish|[wisher] Sylveon\n|upkeep\n|inactive|carrotboi4 has 120 seconds left.\n|\n|t:|1782431770\n|switch|p1a: Dragapult|Dragapult, M|100/100\n|-damage|p1a: Dragapult|88/100|[from] Stealth Rock\n|-damage|p1a: Dragapult|76/100|[from] Spikes\n|turn|32\n|inactive|carrotboi4 has 120 seconds left.\n|\n|t:|1782431778\n|move|p1a: Dragapult|Shadow Ball|p2a: Sylveon\n|-damage|p2a: Sylveon|78/100\n|move|p2a: Sylveon|Hyper Voice|p1a: Dragapult\n|-supereffective|p1a: Dragapult\n|-damage|p1a: Dragapult|0 fnt\n|faint|p1a: Dragapult\n|\n|-end|p2a: Sylveon|move: Future Sight\n|-damage|p2a: Sylveon|55/100\n|-heal|p2a: Sylveon|61/100|[from] item: Leftovers\n|upkeep\n|inactive|carrotboi4 has 120 seconds left.\n|-message|carrotboi4 forfeited.\n|\n|win|WildCLAPSRido\n|raw|carrotboi4's rating: 1323 &rarr; <strong>1301</strong><br />(-22 for losing)\n|raw|WildCLAPSRido's rating: 1284 &rarr; <strong>1312</strong><br />(+28 for winning)\n|l|☆carrotboi4\n|player|p1|\n", "uploadtime": 1782431866, "views": 18, "formatid": "gen9ou", "rating": 1301, "private": 0, "password": null}