{"id": "gen9ou-2647756015", "format": "[Gen 9] OU", "players": ["genuine chef", "oseimak000"], "log": "|j|☆genuine chef\n|j|☆oseimak000\n|t:|1783807185\n|gametype|singles\n|player|p1|genuine chef|fisherman|1339\n|player|p2|oseimak000|benga|1284\n|gen|9\n|tier|[Gen 9] OU\n|rated|\n|rule|HP Percentage Mod: HP is shown in percentages\n|rule|Endless Battle Clause: Forcing endless battles is banned\n|rule|Species Clause: Limit one of each Pokémon\n|rule|OHKO Clause: OHKO moves are banned\n|rule|Evasion Items Clause: Evasion items are banned\n|rule|Evasion Moves Clause: Evasion moves are banned\n|rule|Evasion Abilities Clause: Evasion abilities are banned\n|rule|Sleep Moves Clause: Sleep-inducing moves are banned\n|clearpoke\n|poke|p1|Sudowoodo, F|\n|poke|p1|Tyranitar, M|\n|poke|p1|Great Tusk|\n|poke|p1|Cinderace, F|\n|poke|p1|Excadrill, M|\n|poke|p1|Gholdengo|\n|poke|p2|Ceruledge, M|\n|poke|p2|Greninja-*, M|\n|poke|p2|Dragonite, M|\n|poke|p2|Lucario, M|\n|poke|p2|Ogerpon-Wellspring, F|\n|poke|p2|Blaziken, M|\n|teampreview\n|inactive|Battle timer is ON: inactive players will automatically lose when time's up. (requested by genuine chef)\n|\n|t:|1783807204\n|teamsize|p1|6\n|teamsize|p2|6\n|start\n|switch|p1a: Sudowoodo|Sudowoodo, F, shiny|100/100\n|switch|p2a: Dragonite|Dragonite, M|100/100\n|turn|1\n|\n|t:|1783807233\n|move|p2a: Dragonite|Dragon Dance|p2a: Dragonite\n|-boost|p2a: Dragonite|atk|1\n|-boost|p2a: Dragonite|spe|1\n|move|p1a: Sudowoodo|Stealth Rock|p2a: Dragonite\n|-sidestart|p2: oseimak000|move: Stealth Rock\n|\n|upkeep\n|turn|2\n|\n|t:|1783807241\n|move|p2a: Dragonite|Dragon Dance|p2a: Dragonite\n|-boost|p2a: Dragonite|atk|1\n|-boost|p2a: Dragonite|spe|1\n|move|p1a: Sudowoodo|Spikes|p2a: Dragonite\n|-sidestart|p2: oseimak000|Spikes\n|\n|upkeep\n|turn|3\n|\n|t:|1783807247\n|move|p2a: Dragonite|Dragon Dance|p2a: Dragonite\n|-boost|p2a: Dragonite|atk|1\n|-boost|p2a: Dragonite|spe|1\n|move|p1a: Sudowoodo|Endeavor|p2a: Dragonite\n|-damage|p2a: Dragonite|87/100\n|\n|upkeep\n|turn|4\n|\n|t:|1783807261\n|-terastallize|p2a: Dragonite|Fairy\n|move|p2a: Dragonite|Dragon Dance|p2a: Dragonite\n|-boost|p2a: Dragonite|atk|1\n|-boost|p2a: Dragonite|spe|1\n|move|p1a: Sudowoodo|Spikes|p2a: Dragonite\n|-sidestart|p2: oseimak000|Spikes\n|\n|upkeep\n|turn|5\n|\n|t:|1783807282\n|move|p2a: Dragonite|Scale Shot|p1a: Sudowoodo\n|-damage|p1a: Sudowoodo|56/100\n|-damage|p1a: Sudowoodo|5/100\n|-hitcount|p1a: Sudowoodo|2\n|-unboost|p2a: Dragonite|def|1\n|-boost|p2a: Dragonite|spe|1\n|move|p1a: Sudowoodo|Spikes|p2a: Dragonite\n|-sidestart|p2: oseimak000|Spikes\n|\n|upkeep\n|turn|6\n|-enditem|p1a: Sudowoodo|Custap Berry|[eat]\n|-activate|p1a: Sudowoodo|item: Custap Berry|[consumed]\n|\n|t:|1783807294\n|move|p2a: Dragonite|Extreme Speed|p1a: Sudowoodo\n|-resisted|p1a: Sudowoodo\n|-damage|p1a: Sudowoodo|0 fnt\n|faint|p1a: Sudowoodo\n|\n|upkeep\n|inactive|genuine chef has 120 seconds left.\n|\n|t:|1783807332\n|switch|p1a: Tyranitar|Tyranitar, M, shiny|100/100\n|-weather|Sandstorm|[from] ability: Sand Stream|[of] p1a: Tyranitar\n|turn|7\n|\n|t:|1783807347\n|move|p2a: Dragonite|Earthquake|p1a: Tyranitar\n|-supereffective|p1a: Tyranitar\n|-damage|p1a: Tyranitar|0 fnt\n|faint|p1a: Tyranitar\n|\n|-weather|Sandstorm|[upkeep]\n|-damage|p2a: Dragonite|81/100|[from] Sandstorm\n|upkeep\n|\n|t:|1783807354\n|switch|p1a: Gholdengo|Gholdengo|100/100\n|-item|p1a: Gholdengo|Air Balloon\n|turn|8\n|\n|t:|1783807359\n|move|p2a: Dragonite|Scale Shot|p1a: Gholdengo\n|-resisted|p1a: Gholdengo\n|-damage|p1a: Gholdengo|77/100\n|-enditem|p1a: Gholdengo|Air Balloon\n|-resisted|p1a: Gholdengo\n|-damage|p1a: Gholdengo|54/100\n|-resisted|p1a: Gholdengo\n|-damage|p1a: Gholdengo|31/100\n|-hitcount|p1a: Gholdengo|3\n|-unboost|p2a: Dragonite|def|1\n|-boost|p2a: Dragonite|spe|1\n|move|p1a: Gholdengo|Make It Rain|p2a: Dragonite\n|-supereffective|p2a: Dragonite\n|-damage|p2a: Dragonite|0 fnt\n|-unboost|p1a: Gholdengo|spa|1\n|faint|p2a: Dragonite\n|\n|-weather|Sandstorm|[upkeep]\n|upkeep\n|\n|t:|1783807377\n|switch|p2a: Greninja|Greninja, M|100/100\n|-damage|p2a: Greninja|88/100|[from] Stealth Rock\n|-damage|p2a: Greninja|63/100|[from] Spikes\n|turn|9\n|inactive|genuine chef has 120 seconds left.\n|\n|t:|1783807391\n|move|p2a: Greninja|Hydro Pump|p1a: Gholdengo\n|-damage|p1a: Gholdengo|0 fnt\n|faint|p1a: Gholdengo\n|-ability|p2a: Greninja|Battle Bond|boost\n|-boost|p2a: Greninja|atk|1\n|-boost|p2a: Greninja|spa|1\n|-boost|p2a: Greninja|spe|1\n|-activate|p2a: Greninja|ability: Battle Bond\n|\n|-weather|Sandstorm|[upkeep]\n|-damage|p2a: Greninja|57/100|[from] Sandstorm\n|upkeep\n|\n|t:|1783807394\n|switch|p1a: Excadrill|Excadrill, M|100/100\n|-item|p1a: Excadrill|Air Balloon\n|turn|10\n|\n|t:|1783807405\n|move|p1a: Excadrill|Earthquake|p2a: Greninja\n|-damage|p2a: Greninja|0 fnt\n|faint|p2a: Greninja\n|\n|-weather|Sandstorm|[upkeep]\n|upkeep\n|\n|t:|1783807420\n|switch|p2a: Ogerpon|Ogerpon-Wellspring, F|100/100\n|-damage|p2a: Ogerpon|88/100|[from] Stealth Rock\n|-damage|p2a: Ogerpon|63/100|[from] Spikes\n|turn|11\n|\n|t:|1783807431\n|move|p1a: Excadrill|Rock Slide|p2a: Ogerpon\n|-damage|p2a: Ogerpon|28/100\n|move|p2a: Ogerpon|Ivy Cudgel|p1a: Excadrill|[anim] Ivy Cudgel Water\n|-supereffective|p1a: Excadrill\n|-damage|p1a: Excadrill|0 fnt\n|-enditem|p1a: Excadrill|Air Balloon\n|faint|p1a: Excadrill\n|\n|-weather|Sandstorm|[upkeep]\n|-damage|p2a: Ogerpon|22/100|[from] Sandstorm\n|upkeep\n|\n|t:|1783807444\n|switch|p1a: Cinderace|Cinderace, F, shiny|100/100\n|turn|12\n|\n|t:|1783807448\n|move|p1a: Cinderace|U-turn|p2a: Ogerpon\n|-start|p1a: Cinderace|typechange|Bug|[from] ability: Libero\n|-supereffective|p2a: Ogerpon\n|-damage|p2a: Ogerpon|0 fnt\n|faint|p2a: Ogerpon\n|\n|t:|1783807451\n|switch|p1a: Great Tusk|Great Tusk, shiny|100/100|[from] U-turn\n|-enditem|p1a: Great Tusk|Booster Energy\n|-activate|p1a: Great Tusk|ability: Protosynthesis|[fromitem]\n|-start|p1a: Great Tusk|protosynthesisatk\n|\n|-weather|Sandstorm|[upkeep]\n|upkeep\n|\n|t:|1783807463\n|switch|p2a: Lucario|Lucario, M, shiny|100/100\n|-damage|p2a: Lucario|98/100|[from] Stealth Rock\n|-damage|p2a: Lucario|73/100|[from] Spikes\n|turn|13\n|\n|t:|1783807471\n|move|p2a: Lucario|Close Combat|p1a: Great Tusk\n|-damage|p1a: Great Tusk|62/100\n|-unboost|p2a: Lucario|def|1\n|-unboost|p2a: Lucario|spd|1\n|move|p1a: Great Tusk|Earthquake|p2a: Lucario\n|-supereffective|p2a: Lucario\n|-damage|p2a: Lucario|0 fnt\n|faint|p2a: Lucario\n|\n|-weather|Sandstorm|[upkeep]\n|upkeep\n|\n|t:|1783807482\n|switch|p2a: Ceruledge|Ceruledge, M|100/100\n|-damage|p2a: Ceruledge|76/100|[from] Stealth Rock\n|-damage|p2a: Ceruledge|51/100|[from] Spikes\n|turn|14\n|\n|t:|1783807492\n|-terastallize|p1a: Great Tusk|Water\n|move|p1a: Great Tusk|Earthquake|p2a: Ceruledge\n|-supereffective|p2a: Ceruledge\n|-damage|p2a: Ceruledge|0 fnt\n|faint|p2a: Ceruledge\n|\n|-weather|none\n|upkeep\n|\n|t:|1783807500\n|switch|p2a: Blaziken|Blaziken, M, shiny|100/100\n|-damage|p2a: Blaziken|88/100|[from] Stealth Rock\n|-damage|p2a: Blaziken|63/100|[from] Spikes\n|turn|15\n|\n|t:|1783807513\n|move|p2a: Blaziken|Protect|p2a: Blaziken\n|-singleturn|p2a: Blaziken|Protect\n|move|p1a: Great Tusk|Earthquake|p2a: Blaziken\n|-activate|p2a: Blaziken|move: Protect\n|\n|-ability|p2a: Blaziken|Speed Boost|boost\n|-boost|p2a: Blaziken|spe|1\n|upkeep\n|turn|16\n|\n|t:|1783807522\n|move|p2a: Blaziken|Close Combat|p1a: Great Tusk\n|-damage|p1a: Great Tusk|16/100\n|-unboost|p2a: Blaziken|def|1\n|-unboost|p2a: Blaziken|spd|1\n|move|p1a: Great Tusk|Earthquake|p2a: Blaziken\n|-supereffective|p2a: Blaziken\n|-damage|p2a: Blaziken|0 fnt\n|faint|p2a: Blaziken\n|\n|win|genuine chef\n|raw|genuine chef's rating: 1339 &rarr; <strong>1356</strong><br />(+17 for winning)\n|raw|oseimak000's rating: 1284 &rarr; <strong>1263</strong><br />(-21 for losing)\n|l|☆genuine chef\n|player|p1|\n|l|☆oseimak000\n|player|p2|\n", "uploadtime": 1783807845, "views": 10, "formatid": "gen9ou", "rating": 1263, "private": 0, "password": null}