{"id": "gen9ou-2647687983", "format": "[Gen 9] OU", "players": ["eserraba", "OUBotBeepBoop"], "log": "|j|☆eserraba\n|j|☆OUBotBeepBoop\n|t:|1783796463\n|gametype|singles\n|player|p1|eserraba|101|1110\n|player|p2|OUBotBeepBoop|102|1075\n|gen|9\n|tier|[Gen 9] OU\n|rated|\n|rule|HP Percentage Mod: HP is shown in percentages\n|rule|Endless Battle Clause: Forcing endless battles is banned\n|rule|Species Clause: Limit one of each Pokémon\n|rule|OHKO Clause: OHKO moves are banned\n|rule|Evasion Items Clause: Evasion items are banned\n|rule|Evasion Moves Clause: Evasion moves are banned\n|rule|Evasion Abilities Clause: Evasion abilities are banned\n|rule|Sleep Moves Clause: Sleep-inducing moves are banned\n|clearpoke\n|poke|p1|Masquerain, F|\n|poke|p1|Eelektross, M|\n|poke|p1|Shiftry, F|\n|poke|p1|Volbeat, M|\n|poke|p1|Seviper, F|\n|poke|p1|Golduck, M|\n|poke|p2|Glimmora, F|\n|poke|p2|Great Tusk|\n|poke|p2|Kingambit, M|\n|poke|p2|Dragapult, M|\n|poke|p2|Clefable, F|\n|poke|p2|Corviknight, M|\n|teampreview\n|inactive|Battle timer is ON: inactive players will automatically lose when time's up. (requested by OUBotBeepBoop)\n|inactive|eserraba also wants the timer to be on.\n|inactive|eserraba has 120 seconds left.\n|\n|t:|1783796501\n|teamsize|p1|6\n|teamsize|p2|6\n|start\n|switch|p1a: Seviper|Seviper, F|100/100\n|switch|p2a: Glimmora|Glimmora, F|100/100\n|turn|1\n|\n|t:|1783796509\n|move|p1a: Seviper|Earthquake|p2a: Glimmora\n|-supereffective|p2a: Glimmora\n|-enditem|p2a: Glimmora|Focus Sash\n|-damage|p2a: Glimmora|1/100\n|-activate|p2a: Glimmora|ability: Toxic Debris\n|-sidestart|p1: eserraba|move: Toxic Spikes\n|move|p2a: Glimmora|Earth Power|p1a: Seviper\n|-supereffective|p1a: Seviper\n|-damage|p1a: Seviper|1/100\n|\n|upkeep\n|turn|2\n|\n|t:|1783796514\n|move|p1a: Seviper|Earthquake|p2a: Glimmora\n|-supereffective|p2a: Glimmora\n|-damage|p2a: Glimmora|0 fnt\n|-activate|p2a: Glimmora|ability: Toxic Debris\n|-sidestart|p1: eserraba|move: Toxic Spikes\n|faint|p2a: Glimmora\n|\n|upkeep\n|\n|t:|1783796514\n|switch|p2a: Great Tusk|Great Tusk|100/100\n|turn|3\n|\n|t:|1783796519\n|switch|p1a: Masquerain|Masquerain, F|100/100\n|-ability|p1a: Masquerain|Intimidate|boost\n|-unboost|p2a: Great Tusk|atk|1\n|move|p2a: Great Tusk|Rapid Spin|p1a: Masquerain\n|-damage|p1a: Masquerain|81/100\n|-boost|p2a: Great Tusk|spe|1\n|\n|upkeep\n|turn|4\n|\n|t:|1783796533\n|move|p2a: Great Tusk|Ice Spinner|p1a: Masquerain\n|-supereffective|p1a: Masquerain\n|-damage|p1a: Masquerain|18/100\n|move|p1a: Masquerain|Giga Drain|p2a: Great Tusk\n|-supereffective|p2a: Great Tusk\n|-damage|p2a: Great Tusk|26/100\n|-heal|p1a: Masquerain|67/100|[from] drain|[of] p2a: Great Tusk\n|\n|upkeep\n|turn|5\n|\n|t:|1783796544\n|-terastallize|p2a: Great Tusk|Steel\n|move|p2a: Great Tusk|Ice Spinner|p1a: Masquerain\n|-supereffective|p1a: Masquerain\n|-damage|p1a: Masquerain|4/100\n|move|p1a: Masquerain|Giga Drain|p2a: Great Tusk\n|-resisted|p2a: Great Tusk\n|-damage|p2a: Great Tusk|8/100\n|-heal|p1a: Masquerain|15/100|[from] drain|[of] p2a: Great Tusk\n|\n|upkeep\n|turn|6\n|\n|t:|1783796556\n|switch|p1a: Eelektross|Eelektross, M|100/100\n|move|p2a: Great Tusk|Rapid Spin|p1a: Eelektross\n|-damage|p1a: Eelektross|86/100\n|-boost|p2a: Great Tusk|spe|1\n|\n|upkeep\n|turn|7\n|\n|t:|1783796562\n|-end|p2a: Great Tusk|Protosynthesis|[silent]\n|switch|p2a: Dragapult|Dragapult, M|100/100\n|move|p1a: Eelektross|Knock Off|p2a: Dragapult\n|-supereffective|p2a: Dragapult\n|-damage|p2a: Dragapult|1/100\n|-enditem|p2a: Dragapult|Choice Specs|[from] move: Knock Off|[of] p1a: Eelektross\n|\n|upkeep\n|turn|8\n|\n|t:|1783796568\n|switch|p2a: Kingambit|Kingambit, M|100/100\n|-activate|p2a: Kingambit|ability: Supreme Overlord\n|-start|p2a: Kingambit|fallen1|[silent]\n|move|p1a: Eelektross|U-turn|p2a: Kingambit\n|-damage|p2a: Kingambit|83/100\n|\n|t:|1783796574\n|switch|p1a: Seviper|Seviper, F|1/100|[from] U-turn\n|-sideend|p1: eserraba|move: Toxic Spikes|[of] p1a: Seviper\n|\n|upkeep\n|turn|9\n|\n|t:|1783796576\n|move|p1a: Seviper|Switcheroo|p2a: Kingambit\n|-activate|p1a: Seviper|move: Trick|[of] p2a: Kingambit\n|-item|p2a: Kingambit|Choice Scarf|[from] move: Switcheroo\n|-item|p1a: Seviper|Black Glasses|[from] move: Switcheroo\n|move|p2a: Kingambit|Swords Dance|p2a: Kingambit\n|-boost|p2a: Kingambit|atk|2\n|\n|upkeep\n|turn|10\n|\n|t:|1783796581\n|move|p1a: Seviper|Flamethrower|p2a: Kingambit\n|-supereffective|p2a: Kingambit\n|-damage|p2a: Kingambit|47/100\n|move|p2a: Kingambit|Swords Dance|p2a: Kingambit\n|-boost|p2a: Kingambit|atk|2\n|\n|upkeep\n|turn|11\n|\n|t:|1783796587\n|move|p1a: Seviper|Flamethrower|p2a: Kingambit\n|-supereffective|p2a: Kingambit\n|-damage|p2a: Kingambit|12/100\n|move|p2a: Kingambit|Swords Dance|p2a: Kingambit\n|-boost|p2a: Kingambit|atk|2\n|\n|upkeep\n|turn|12\n|\n|t:|1783796589\n|-end|p2a: Kingambit|fallen1|[silent]\n|switch|p2a: Dragapult|Dragapult, M|1/100\n|move|p1a: Seviper|Flamethrower|p2a: Dragapult\n|-resisted|p2a: Dragapult\n|-damage|p2a: Dragapult|0 fnt\n|faint|p2a: Dragapult\n|\n|upkeep\n|\n|t:|1783796590\n|switch|p2a: Clefable|Clefable, F|100/100\n|turn|13\n|\n|t:|1783796593\n|move|p1a: Seviper|Poison Jab|p2a: Clefable\n|-supereffective|p2a: Clefable\n|-damage|p2a: Clefable|47/100\n|-status|p2a: Clefable|psn\n|move|p2a: Clefable|Moonblast|p1a: Seviper\n|-resisted|p1a: Seviper\n|-damage|p1a: Seviper|0 fnt\n|faint|p1a: Seviper\n|\n|-heal|p2a: Clefable|53/100 psn|[from] item: Leftovers\n|-damage|p2a: Clefable|41/100 psn|[from] psn\n|upkeep\n|\n|t:|1783796614\n|switch|p1a: Eelektross|Eelektross, M|86/100\n|turn|14\n|\n|t:|1783796617\n|move|p2a: Clefable|Wish|p2a: Clefable\n|move|p1a: Eelektross|Supercell Slam|p2a: Clefable\n|-damage|p2a: Clefable|4/100 psn\n|\n|-heal|p2a: Clefable|10/100 psn|[from] item: Leftovers\n|-damage|p2a: Clefable|0 fnt|[from] psn\n|faint|p2a: Clefable\n|upkeep\n|\n|t:|1783796618\n|switch|p2a: Corviknight|Corviknight, M|100/100\n|-ability|p2a: Corviknight|Pressure\n|turn|15\n|\n|t:|1783796630\n|move|p2a: Corviknight|U-turn|p1a: Eelektross\n|-damage|p1a: Eelektross|71/100\n|\n|t:|1783796630\n|switch|p2a: Great Tusk|Great Tusk, tera:Steel|8/100|[from] U-turn\n|move|p1a: Eelektross|Supercell Slam|p2a: Great Tusk\n|-damage|p2a: Great Tusk|0 fnt\n|faint|p2a: Great Tusk\n|-end|p2a: Great Tusk|Protosynthesis|[silent]\n|\n|upkeep\n|\n|t:|1783796630\n|switch|p2a: Corviknight|Corviknight, M|100/100\n|-ability|p2a: Corviknight|Pressure\n|turn|16\n|\n|t:|1783796637\n|move|p2a: Corviknight|Body Press|p1a: Eelektross\n|-crit|p1a: Eelektross\n|-damage|p1a: Eelektross|30/100\n|move|p1a: Eelektross|Supercell Slam|p2a: Corviknight\n|-supereffective|p2a: Corviknight\n|-damage|p2a: Corviknight|36/100\n|\n|-heal|p2a: Corviknight|42/100|[from] item: Leftovers\n|upkeep\n|turn|17\n|\n|t:|1783796646\n|move|p2a: Corviknight|Body Press|p1a: Eelektross\n|-damage|p1a: Eelektross|0 fnt\n|faint|p1a: Eelektross\n|\n|-heal|p2a: Corviknight|48/100|[from] item: Leftovers\n|upkeep\n|\n|t:|1783796653\n|switch|p1a: Golduck|Golduck, M|100/100\n|-ability|p1a: Golduck|Cloud Nine\n|turn|18\n|\n|t:|1783796658\n|move|p1a: Golduck|Nasty Plot|p1a: Golduck\n|-boost|p1a: Golduck|spa|2\n|move|p2a: Corviknight|Roost|p2a: Corviknight\n|-heal|p2a: Corviknight|98/100\n|-singleturn|p2a: Corviknight|move: Roost\n|\n|-heal|p2a: Corviknight|100/100|[from] item: Leftovers\n|upkeep\n|turn|19\n|\n|t:|1783796661\n|move|p1a: Golduck|Surf|p2a: Corviknight\n|-damage|p2a: Corviknight|21/100\n|move|p2a: Corviknight|Body Press|p1a: Golduck\n|-damage|p1a: Golduck|66/100\n|\n|-heal|p2a: Corviknight|28/100|[from] item: Leftovers\n|upkeep\n|turn|20\n|\n|t:|1783796664\n|move|p1a: Golduck|Surf|p2a: Corviknight\n|-damage|p2a: Corviknight|0 fnt\n|faint|p2a: Corviknight\n|\n|upkeep\n|\n|t:|1783796664\n|switch|p2a: Kingambit|Kingambit, M|12/100\n|-activate|p2a: Kingambit|ability: Supreme Overlord\n|-start|p2a: Kingambit|fallen5|[silent]\n|turn|21\n|\n|t:|1783796667\n|move|p1a: Golduck|Vacuum Wave|p2a: Kingambit\n|-supereffective|p2a: Kingambit\n|-damage|p2a: Kingambit|0 fnt\n|faint|p2a: Kingambit\n|-end|p2a: Kingambit|fallen5|[silent]\n|\n|win|eserraba\n|raw|eserraba's rating: 1110 &rarr; <strong>1133</strong><br />(+23 for winning)\n|raw|OUBotBeepBoop's rating: 1080 &rarr; <strong>1060</strong><br />(-20 for losing)\n|l|☆OUBotBeepBoop\n|player|p2|\n|l|☆eserraba\n|player|p1|\n", "uploadtime": 1783797069, "views": 5, "formatid": "gen9ou", "rating": 1060, "private": 0, "password": null}