{"id": "gen9ou-2639999590", "format": "[Gen 9] OU", "players": ["dontdieplz", "Pinkacross"], "log": "|badge|p2|silver|gen9ou|30-9\n|html|<div class=\"broadcast-red\"><strong>This battle is required to be public due to one or more player having a season medal.</strong><br />During the public phase, you can discuss the state of the ladder <a href=\"/seasondiscussion\">in a special chatroom.</a></div>\n|uhtml|medal-msg|<div class=\"broadcast-blue\">Curious what those medals under the avatar are? PS now has Ladder Seasons! For more information, check out the <a href=\"https://www.smogon.com/forums/threads/3740067/\">thread on Smogon.</a></div>\n|raw|<div class=\"broadcast-blue\"><strong>This battle is required to be public due to a player having a name starting with 'medal'.</div>\n|j|☆dontdieplz\n|j|☆Pinkacross\n|t:|1782561245\n|gametype|singles\n|player|p1|dontdieplz|102|1711\n|player|p2|Pinkacross|artist|1914\n|gen|9\n|tier|[Gen 9] OU\n|rated|\n|rule|HP Percentage Mod: HP is shown in percentages\n|rule|Endless Battle Clause: Forcing endless battles is banned\n|rule|Species Clause: Limit one of each Pokémon\n|rule|OHKO Clause: OHKO moves are banned\n|rule|Evasion Items Clause: Evasion items are banned\n|rule|Evasion Moves Clause: Evasion moves are banned\n|rule|Evasion Abilities Clause: Evasion abilities are banned\n|rule|Sleep Moves Clause: Sleep-inducing moves are banned\n|clearpoke\n|poke|p1|Tyranitar, M|\n|poke|p1|Excadrill, M|\n|poke|p1|Zapdos|\n|poke|p1|Gholdengo|\n|poke|p1|Ogerpon-Wellspring, F|\n|poke|p1|Kingambit, M|\n|poke|p2|Slowking-Galar, F|\n|poke|p2|Landorus-Therian, M|\n|poke|p2|Kyurem|\n|poke|p2|Iron Valiant|\n|poke|p2|Cinderace, F|\n|poke|p2|Kingambit, F|\n|teampreview\n|c|☆Pinkacross|hf\n|inactive|Battle timer is ON: inactive players will automatically lose when time's up. (requested by Pinkacross)\n|\n|t:|1782561265\n|teamsize|p1|6\n|teamsize|p2|6\n|start\n|switch|p1a: Zapdos|Zapdos|100/100\n|switch|p2a: Kyurem|Kyurem|100/100\n|-ability|p2a: Kyurem|Pressure\n|turn|1\n|\n|t:|1782561280\n|move|p1a: Zapdos|Volt Switch|p2a: Kyurem\n|-resisted|p2a: Kyurem\n|-damage|p2a: Kyurem|76/100\n|\n|t:|1782561284\n|switch|p1a: Tyranitar|Tyranitar, M|100/100|[from] Volt Switch\n|-weather|Sandstorm|[from] ability: Sand Stream|[of] p1a: Tyranitar\n|move|p2a: Kyurem|Draco Meteor|p1a: Tyranitar\n|-damage|p1a: Tyranitar|29/100\n|-unboost|p2a: Kyurem|spa|2\n|\n|-weather|Sandstorm|[upkeep]\n|-damage|p2a: Kyurem|70/100|[from] Sandstorm\n|upkeep\n|turn|2\n|\n|t:|1782561289\n|switch|p2a: Landorus|Landorus-Therian, M|100/100\n|-ability|p2a: Landorus|Intimidate|boost\n|-unboost|p1a: Tyranitar|atk|1\n|switch|p1a: Gholdengo|Gholdengo|100/100\n|\n|-weather|Sandstorm|[upkeep]\n|upkeep\n|turn|3\n|\n|t:|1782561296\n|move|p1a: Gholdengo|Make It Rain|p2a: Landorus\n|-damage|p2a: Landorus|29/100\n|-unboost|p1a: Gholdengo|spa|1\n|move|p2a: Landorus|Earthquake|p1a: Gholdengo\n|-supereffective|p1a: Gholdengo\n|-damage|p1a: Gholdengo|0 fnt\n|faint|p1a: Gholdengo\n|\n|-weather|Sandstorm|[upkeep]\n|upkeep\n|\n|t:|1782561301\n|switch|p1a: Zapdos|Zapdos|100/100\n|turn|4\n|\n|t:|1782561305\n|switch|p2a: Slowking|Slowking-Galar, F|100/100\n|move|p1a: Zapdos|Hurricane|p2a: Slowking\n|-damage|p2a: Slowking|51/100\n|\n|-weather|Sandstorm|[upkeep]\n|-damage|p1a: Zapdos|94/100|[from] Sandstorm\n|-damage|p2a: Slowking|45/100|[from] Sandstorm\n|upkeep\n|turn|5\n|\n|t:|1782561315\n|switch|p2a: Kingambit|Kingambit, F|100/100\n|move|p1a: Zapdos|Hurricane|p2a: Kingambit\n|-resisted|p2a: Kingambit\n|-damage|p2a: Kingambit|61/100\n|\n|-weather|none\n|-heal|p2a: Kingambit|67/100|[from] item: Leftovers\n|upkeep\n|turn|6\n|\n|t:|1782561322\n|switch|p1a: Kingambit|Kingambit, M|100/100\n|-activate|p1a: Kingambit|ability: Supreme Overlord\n|-start|p1a: Kingambit|fallen1|[silent]\n|move|p2a: Kingambit|Kowtow Cleave|p1a: Kingambit\n|-resisted|p1a: Kingambit\n|-damage|p1a: Kingambit|78/100\n|\n|-heal|p2a: Kingambit|73/100|[from] item: Leftovers\n|upkeep\n|turn|7\n|\n|t:|1782561340\n|move|p1a: Kingambit|Iron Head|p2a: Kingambit\n|-resisted|p2a: Kingambit\n|-damage|p2a: Kingambit|56/100\n|move|p2a: Kingambit|Kowtow Cleave|p1a: Kingambit\n|-resisted|p1a: Kingambit\n|-damage|p1a: Kingambit|57/100\n|\n|-heal|p2a: Kingambit|62/100|[from] item: Leftovers\n|upkeep\n|turn|8\n|\n|t:|1782561346\n|-end|p2a: Kingambit|fallenundefined|[silent]\n|switch|p2a: Landorus|Landorus-Therian, M|29/100\n|-ability|p2a: Landorus|Intimidate|boost\n|-fail|p1a: Kingambit|unboost|[from] item: Clear Amulet|[of] p1a: Kingambit\n|move|p1a: Kingambit|Low Kick|p2a: Landorus\n|-resisted|p2a: Landorus\n|-damage|p2a: Landorus|13/100\n|-damage|p1a: Kingambit|40/100|[from] item: Rocky Helmet|[of] p2a: Landorus\n|\n|upkeep\n|turn|9\n|\n|t:|1782561350\n|move|p2a: Landorus|Stealth Rock|p1a: Kingambit\n|-sidestart|p1: dontdieplz|move: Stealth Rock\n|move|p1a: Kingambit|Iron Head|p2a: Landorus\n|-damage|p2a: Landorus|0 fnt\n|-damage|p1a: Kingambit|24/100|[from] item: Rocky Helmet|[of] p2a: Landorus\n|faint|p2a: Landorus\n|\n|upkeep\n|\n|t:|1782561357\n|switch|p2a: Cinderace|Cinderace, F|100/100\n|turn|10\n|\n|t:|1782561362\n|move|p1a: Kingambit|Sucker Punch|p2a: Cinderace\n|-damage|p2a: Cinderace|46/100\n|move|p2a: Cinderace|Pyro Ball|p1a: Kingambit\n|-supereffective|p1a: Kingambit\n|-damage|p1a: Kingambit|0 fnt\n|faint|p1a: Kingambit\n|-end|p1a: Kingambit|fallen1|[silent]\n|\n|upkeep\n|\n|t:|1782561368\n|switch|p1a: Tyranitar|Tyranitar, M|29/100\n|-damage|p1a: Tyranitar|17/100|[from] Stealth Rock\n|-weather|Sandstorm|[from] ability: Sand Stream|[of] p1a: Tyranitar\n|turn|11\n|\n|t:|1782561372\n|move|p2a: Cinderace|U-turn|p1a: Tyranitar\n|-start|p2a: Cinderace|typechange|Bug|[from] ability: Libero\n|-supereffective|p1a: Tyranitar\n|-damage|p1a: Tyranitar|0 fnt\n|faint|p1a: Tyranitar\n|\n|t:|1782561377\n|switch|p2a: Kingambit|Kingambit, F|62/100|[from] U-turn\n|-activate|p2a: Kingambit|ability: Supreme Overlord\n|-start|p2a: Kingambit|fallen1|[silent]\n|\n|-weather|Sandstorm|[upkeep]\n|-heal|p2a: Kingambit|69/100|[from] item: Leftovers\n|upkeep\n|\n|t:|1782561380\n|switch|p1a: Excadrill|Excadrill, M, shiny|100/100\n|-damage|p1a: Excadrill|97/100|[from] Stealth Rock\n|-item|p1a: Excadrill|Air Balloon\n|turn|12\n|\n|t:|1782561385\n|-terastallize|p2a: Kingambit|Ghost\n|move|p1a: Excadrill|Earthquake|p2a: Kingambit\n|-damage|p2a: Kingambit|27/100\n|move|p2a: Kingambit|Kowtow Cleave|p1a: Excadrill\n|-damage|p1a: Excadrill|22/100\n|-enditem|p1a: Excadrill|Air Balloon\n|\n|-weather|Sandstorm|[upkeep]\n|-damage|p2a: Kingambit|21/100|[from] Sandstorm\n|-heal|p2a: Kingambit|27/100|[from] item: Leftovers\n|upkeep\n|turn|13\n|\n|t:|1782561390\n|move|p2a: Kingambit|Sucker Punch||[still]\n|-fail|p2a: Kingambit\n|move|p1a: Excadrill|Swords Dance|p1a: Excadrill\n|-boost|p1a: Excadrill|atk|2\n|\n|-weather|Sandstorm|[upkeep]\n|-damage|p2a: Kingambit|21/100|[from] Sandstorm\n|-heal|p2a: Kingambit|27/100|[from] item: Leftovers\n|upkeep\n|turn|14\n|\n|t:|1782561395\n|move|p2a: Kingambit|Sucker Punch||[still]\n|-fail|p2a: Kingambit\n|move|p1a: Excadrill|Swords Dance|p1a: Excadrill\n|-boost|p1a: Excadrill|atk|2\n|\n|-weather|Sandstorm|[upkeep]\n|-damage|p2a: Kingambit|21/100|[from] Sandstorm\n|-heal|p2a: Kingambit|27/100|[from] item: Leftovers\n|upkeep\n|turn|15\n|\n|t:|1782561398\n|move|p2a: Kingambit|Sucker Punch||[still]\n|-fail|p2a: Kingambit\n|move|p1a: Excadrill|Swords Dance|p1a: Excadrill\n|-boost|p1a: Excadrill|atk|2\n|\n|-weather|none\n|-heal|p2a: Kingambit|33/100|[from] item: Leftovers\n|upkeep\n|turn|16\n|\n|t:|1782561401\n|move|p2a: Kingambit|Sucker Punch||[still]\n|-fail|p2a: Kingambit\n|move|p1a: Excadrill|Swords Dance|p1a: Excadrill\n|-boost|p1a: Excadrill|atk|0\n|\n|-heal|p2a: Kingambit|40/100|[from] item: Leftovers\n|upkeep\n|turn|17\n|\n|t:|1782561406\n|move|p2a: Kingambit|Sucker Punch||[still]\n|-fail|p2a: Kingambit\n|move|p1a: Excadrill|Swords Dance|p1a: Excadrill\n|-boost|p1a: Excadrill|atk|0\n|\n|-heal|p2a: Kingambit|46/100|[from] item: Leftovers\n|upkeep\n|turn|18\n|\n|t:|1782561411\n|move|p2a: Kingambit|Sucker Punch||[still]\n|-fail|p2a: Kingambit\n|move|p1a: Excadrill|Swords Dance|p1a: Excadrill\n|-boost|p1a: Excadrill|atk|0\n|\n|-heal|p2a: Kingambit|52/100|[from] item: Leftovers\n|upkeep\n|turn|19\n|\n|t:|1782561415\n|move|p2a: Kingambit|Sucker Punch||[still]\n|-fail|p2a: Kingambit\n|move|p1a: Excadrill|Swords Dance|p1a: Excadrill\n|-boost|p1a: Excadrill|atk|0\n|\n|-heal|p2a: Kingambit|58/100|[from] item: Leftovers\n|upkeep\n|turn|20\n|\n|t:|1782561426\n|move|p2a: Kingambit|Sucker Punch||[still]\n|-fail|p2a: Kingambit\n|move|p1a: Excadrill|Swords Dance|p1a: Excadrill\n|-boost|p1a: Excadrill|atk|0\n|\n|-heal|p2a: Kingambit|65/100|[from] item: Leftovers\n|upkeep\n|turn|21\n|\n|t:|1782561432\n|move|p1a: Excadrill|Earthquake|p2a: Kingambit\n|-damage|p2a: Kingambit|0 fnt\n|faint|p2a: Kingambit\n|-end|p2a: Kingambit|fallen1|[silent]\n|\n|upkeep\n|\n|t:|1782561435\n|switch|p2a: Kyurem|Kyurem|70/100\n|-ability|p2a: Kyurem|Pressure\n|turn|22\n|\n|t:|1782561441\n|move|p2a: Kyurem|Freeze-Dry|p1a: Excadrill\n|-damage|p1a: Excadrill|0 fnt\n|faint|p1a: Excadrill\n|\n|upkeep\n|\n|t:|1782561445\n|switch|p1a: Zapdos|Zapdos|94/100\n|-damage|p1a: Zapdos|69/100|[from] Stealth Rock\n|turn|23\n|\n|t:|1782561450\n|switch|p2a: Slowking|Slowking-Galar, F|78/100\n|move|p1a: Zapdos|Hurricane|p2a: Slowking\n|-damage|p2a: Slowking|32/100\n|\n|upkeep\n|turn|24\n|\n|t:|1782561453\n|move|p1a: Zapdos|Hurricane|p2a: Slowking|[miss]\n|-miss|p1a: Zapdos|p2a: Slowking\n|move|p2a: Slowking|Sludge Bomb|p1a: Zapdos\n|-damage|p1a: Zapdos|28/100\n|\n|upkeep\n|turn|25\n|\n|t:|1782561456\n|move|p1a: Zapdos|Hurricane|p2a: Slowking|[miss]\n|-miss|p1a: Zapdos|p2a: Slowking\n|move|p2a: Slowking|Sludge Bomb|p1a: Zapdos\n|-damage|p1a: Zapdos|0 fnt\n|faint|p1a: Zapdos\n|\n|upkeep\n|\n|t:|1782561460\n|switch|p1a: Ogerpon|Ogerpon-Wellspring, F|100/100\n|-damage|p1a: Ogerpon|88/100|[from] Stealth Rock\n|turn|26\n|\n|t:|1782561464\n|-terastallize|p1a: Ogerpon|Water\n|detailschange|p1a: Ogerpon|Ogerpon-Wellspring-Tera, F, tera:Water\n|-ability|p1a: Ogerpon|Embody Aspect (Wellspring)|boost\n|-boost|p1a: Ogerpon|spd|1\n|move|p1a: Ogerpon|Swords Dance|p1a: Ogerpon\n|-boost|p1a: Ogerpon|atk|2\n|move|p2a: Slowking|Toxic|p1a: Ogerpon\n|-status|p1a: Ogerpon|tox\n|\n|-damage|p1a: Ogerpon|82/100 tox|[from] psn\n|upkeep\n|turn|27\n|\n|t:|1782561476\n|move|p1a: Ogerpon|Trailblaze|p2a: Slowking\n|-resisted|p2a: Slowking\n|-damage|p2a: Slowking|4/100\n|-boost|p1a: Ogerpon|spe|1\n|move|p2a: Slowking|Sludge Bomb|p1a: Ogerpon\n|-damage|p1a: Ogerpon|54/100 tox\n|\n|-damage|p1a: Ogerpon|42/100 tox|[from] psn\n|upkeep\n|turn|28\n|\n|t:|1782561483\n|switch|p2a: Kyurem|Kyurem|70/100\n|-ability|p2a: Kyurem|Pressure\n|move|p1a: Ogerpon|Trailblaze|p2a: Kyurem\n|-resisted|p2a: Kyurem\n|-damage|p2a: Kyurem|39/100\n|-boost|p1a: Ogerpon|spe|1\n|\n|-damage|p1a: Ogerpon|24/100 tox|[from] psn\n|upkeep\n|turn|29\n|\n|t:|1782561487\n|move|p1a: Ogerpon|Ivy Cudgel|p2a: Kyurem|[anim] Ivy Cudgel Water\n|-resisted|p2a: Kyurem\n|-damage|p2a: Kyurem|0 fnt\n|faint|p2a: Kyurem\n|\n|-damage|p1a: Ogerpon|0 fnt|[from] psn\n|faint|p1a: Ogerpon\n|detailschange|p1: Ogerpon|Ogerpon-Wellspring, F|[silent]\n|\n|win|Pinkacross\n|raw|dontdieplz's rating: 1711 &rarr; <strong>1702</strong><br />(-9 for losing)\n|raw|Pinkacross's rating: 1914 &rarr; <strong>1923</strong><br />(+9 for winning)\n|c|☆Pinkacross|gg\n|l|☆dontdieplz\n|player|p1|\n", "uploadtime": 1782561492, "views": 19, "formatid": "gen9ou", "rating": 1702, "private": 0, "password": null}