{"id": "gen9ou-2647723803", "format": "[Gen 9] OU", "players": ["DekuFoulerLab", "eulermz"], "log": "|j|☆DekuFoulerLab\n|j|☆eulermz\n|t:|1783801953\n|gametype|singles\n|player|p1|DekuFoulerLab|169|1361\n|player|p2|eulermz|170|1306\n|gen|9\n|tier|[Gen 9] OU\n|rated|\n|rule|HP Percentage Mod: HP is shown in percentages\n|rule|Endless Battle Clause: Forcing endless battles is banned\n|rule|Species Clause: Limit one of each Pokémon\n|rule|OHKO Clause: OHKO moves are banned\n|rule|Evasion Items Clause: Evasion items are banned\n|rule|Evasion Moves Clause: Evasion moves are banned\n|rule|Evasion Abilities Clause: Evasion abilities are banned\n|rule|Sleep Moves Clause: Sleep-inducing moves are banned\n|clearpoke\n|poke|p1|Gliscor, F|\n|poke|p1|Gholdengo|\n|poke|p1|Zamazenta-*|\n|poke|p1|Blissey, F|\n|poke|p1|Skarmory, M|\n|poke|p1|Pecharunt|\n|poke|p2|Darkrai|\n|poke|p2|Moltres|\n|poke|p2|Ogerpon-Wellspring, F|\n|poke|p2|Zamazenta-*|\n|poke|p2|Tyranitar, M|\n|poke|p2|Excadrill, M|\n|teampreview\n|inactive|Battle timer is ON: inactive players will automatically lose when time's up. (requested by DekuFoulerLab)\n|\n|t:|1783801957\n|teamsize|p1|6\n|teamsize|p2|6\n|start\n|switch|p1a: Skarmory|Skarmory, M|100/100\n|switch|p2a: Darkrai|Darkrai|100/100\n|turn|1\n|\n|t:|1783801961\n|move|p2a: Darkrai|Trick|p1a: Skarmory\n|-activate|p2a: Darkrai|move: Trick|[of] p1a: Skarmory\n|-item|p1a: Skarmory|Choice Scarf|[from] move: Trick\n|-item|p2a: Darkrai|Heavy-Duty Boots|[from] move: Trick\n|move|p1a: Skarmory|Spikes|p2a: Darkrai\n|-sidestart|p2: eulermz|Spikes\n|\n|upkeep\n|turn|2\n|\n|t:|1783801970\n|switch|p2a: Tyranitar|Tyranitar, M|100/100\n|-damage|p2a: Tyranitar|88/100|[from] Spikes\n|-weather|Sandstorm|[from] ability: Sand Stream|[of] p2a: Tyranitar\n|switch|p1a: Blissey|Blissey, F|100/100\n|\n|-weather|Sandstorm|[upkeep]\n|-damage|p1a: Blissey|94/100|[from] Sandstorm\n|upkeep\n|turn|3\n|\n|t:|1783801976\n|switch|p1a: Skarmory|Skarmory, M|100/100\n|move|p2a: Tyranitar|Knock Off|p1a: Skarmory\n|-damage|p1a: Skarmory|73/100\n|-enditem|p1a: Skarmory|Choice Scarf|[from] move: Knock Off|[of] p2a: Tyranitar\n|\n|-weather|Sandstorm|[upkeep]\n|upkeep\n|turn|4\n|\n|t:|1783801986\n|move|p1a: Skarmory|Spikes|p2a: Tyranitar\n|-sidestart|p2: eulermz|Spikes\n|move|p2a: Tyranitar|Stealth Rock|p1a: Skarmory\n|-sidestart|p1: DekuFoulerLab|move: Stealth Rock\n|\n|-weather|Sandstorm|[upkeep]\n|upkeep\n|turn|5\n|\n|t:|1783801992\n|switch|p2a: Excadrill|Excadrill, M|100/100\n|-item|p2a: Excadrill|Air Balloon\n|move|p1a: Skarmory|Spikes|p2a: Excadrill\n|-sidestart|p2: eulermz|Spikes\n|\n|-weather|Sandstorm|[upkeep]\n|upkeep\n|turn|6\n|\n|t:|1783801998\n|move|p2a: Excadrill|Rapid Spin|p1a: Skarmory\n|-resisted|p1a: Skarmory\n|-damage|p1a: Skarmory|67/100\n|-boost|p2a: Excadrill|spe|1\n|-sideend|p2: eulermz|Spikes|[from] move: Rapid Spin|[of] p2a: Excadrill\n|move|p1a: Skarmory|Body Press|p2a: Excadrill\n|-supereffective|p2a: Excadrill\n|-damage|p2a: Excadrill|9/100\n|-enditem|p2a: Excadrill|Air Balloon\n|\n|-weather|Sandstorm|[upkeep]\n|upkeep\n|turn|7\n|\n|t:|1783802009\n|switch|p2a: Moltres|Moltres|100/100\n|move|p1a: Skarmory|Spikes|p2a: Moltres\n|-sidestart|p2: eulermz|Spikes\n|\n|-weather|Sandstorm|[upkeep]\n|-damage|p2a: Moltres|94/100|[from] Sandstorm\n|upkeep\n|turn|8\n|\n|t:|1783802015\n|switch|p1a: Blissey|Blissey, F|94/100\n|move|p2a: Moltres|Flamethrower|p1a: Blissey\n|-damage|p1a: Blissey|83/100\n|\n|-weather|Sandstorm|[upkeep]\n|-damage|p2a: Moltres|88/100|[from] Sandstorm\n|-damage|p1a: Blissey|77/100|[from] Sandstorm\n|upkeep\n|turn|9\n|-message|eulermz forfeited.\n|\n|win|DekuFoulerLab\n|raw|DekuFoulerLab's rating: 1361 &rarr; <strong>1378</strong><br />(+17 for winning)\n|raw|eulermz's rating: 1306 &rarr; <strong>1289</strong><br />(-17 for losing)\n|l|☆eulermz\n|player|p2|\n", "uploadtime": 1783802026, "views": 10, "formatid": "gen9ou", "rating": 1289, "private": 0, "password": null}