{"id": "gen9ou-2639232474", "format": "[Gen 9] OU", "players": ["random starmie", "Kochu_shak"], "log": "|badge|p2|silver|gen9ou|30-9\n|uhtml|medal-msg|<div class=\"broadcast-blue\">Curious what those medals under the avatar are? PS now has Ladder Seasons! For more information, check out the <a href=\"https://www.smogon.com/forums/threads/3740067/\">thread on Smogon.</a></div>\n|j|☆random starmie\n|j|☆Kochu_shak\n|t:|1782437869\n|gametype|singles\n|player|p1|random starmie|sabrina-frlg|1741\n|player|p2|Kochu_shak|101|1901\n|gen|9\n|tier|[Gen 9] OU\n|rated|\n|rule|HP Percentage Mod: HP is shown in percentages\n|rule|Endless Battle Clause: Forcing endless battles is banned\n|rule|Species Clause: Limit one of each Pokémon\n|rule|OHKO Clause: OHKO moves are banned\n|rule|Evasion Items Clause: Evasion items are banned\n|rule|Evasion Moves Clause: Evasion moves are banned\n|rule|Evasion Abilities Clause: Evasion abilities are banned\n|rule|Sleep Moves Clause: Sleep-inducing moves are banned\n|clearpoke\n|poke|p1|Zapdos|\n|poke|p1|Great Tusk|\n|poke|p1|Slowking-Galar, M|\n|poke|p1|Kyurem|\n|poke|p1|Kingambit, M|\n|poke|p1|Cinderace, M|\n|poke|p2|Araquanid, F|\n|poke|p2|Gholdengo|\n|poke|p2|Iron Moth|\n|poke|p2|Iron Valiant|\n|poke|p2|Raging Bolt|\n|poke|p2|Kingambit, F|\n|teampreview\n|inactive|Battle timer is ON: inactive players will automatically lose when time's up. (requested by Kochu_shak)\n|inactive|Kochu_shak has 120 seconds left.\n|l|☆Kochu_shak\n|inactive|Kochu_shak disconnected and has a minute to reconnect!\n|player|p2|\n|inactive|Kochu_shak has 30 seconds to reconnect!\n|j|☆Kochu_shak\n|inactive|Kochu_shak reconnected and has 85 seconds left.\n|player|p2|Kochu_shak|101|\n|inactive|Kochu_shak has 60 seconds left.\n|j| watch cats's\n|\n|t:|1782437964\n|teamsize|p1|6\n|teamsize|p2|6\n|start\n|switch|p1a: Zapdos|Zapdos|100/100\n|switch|p2a: TREE?|Gholdengo|100/100\n|-item|p2a: TREE?|Air Balloon\n|turn|1\n|\n|t:|1782437969\n|switch|p2a: DELI|Raging Bolt|100/100\n|-enditem|p2a: DELI|Booster Energy\n|-activate|p2a: DELI|ability: Protosynthesis|[fromitem]\n|-start|p2a: DELI|protosynthesisspa\n|move|p1a: Zapdos|Discharge|p2a: DELI\n|-resisted|p2a: DELI\n|-damage|p2a: DELI|92/100\n|\n|upkeep\n|turn|2\n|\n|t:|1782437975\n|move|p2a: DELI|Calm Mind|p2a: DELI\n|-boost|p2a: DELI|spa|1\n|-boost|p2a: DELI|spd|1\n|move|p1a: Zapdos|U-turn|p2a: DELI\n|-crit|p2a: DELI\n|-damage|p2a: DELI|74/100\n|\n|t:|1782437981\n|switch|p1a: Great Tusk|Great Tusk|100/100|[from] U-turn\n|\n|upkeep\n|turn|3\n|\n|t:|1782437985\n|-terastallize|p2a: DELI|Ghost\n|move|p1a: Great Tusk|Headlong Rush|p2a: DELI\n|-damage|p2a: DELI|11/100\n|-unboost|p1a: Great Tusk|def|1\n|-unboost|p1a: Great Tusk|spd|1\n|move|p2a: DELI|Dragon Pulse|p1a: Great Tusk\n|-damage|p1a: Great Tusk|0 fnt\n|faint|p1a: Great Tusk\n|-end|p1a: Great Tusk|Protosynthesis|[silent]\n|\n|upkeep\n|\n|t:|1782437989\n|switch|p1a: Kyurem|Kyurem|100/100\n|-ability|p1a: Kyurem|Pressure\n|turn|4\n|\n|t:|1782437994\n|move|p2a: DELI|Thunderclap|p1a: Kyurem\n|-resisted|p1a: Kyurem\n|-crit|p1a: Kyurem\n|-damage|p1a: Kyurem|42/100\n|move|p1a: Kyurem|Earth Power|p2a: DELI\n|-damage|p2a: DELI|0 fnt\n|faint|p2a: DELI\n|-end|p2a: DELI|Protosynthesis|[silent]\n|\n|upkeep\n|\n|t:|1782438001\n|switch|p2a: CALA|Iron Moth|100/100\n|-enditem|p2a: CALA|Booster Energy\n|-activate|p2a: CALA|ability: Quark Drive|[fromitem]\n|-start|p2a: CALA|quarkdrivespa\n|turn|5\n|\n|t:|1782438003\n|switch|p1a: Slowking|Slowking-Galar, M|100/100\n|move|p2a: CALA|Fiery Dance|p1a: Slowking\n|-damage|p1a: Slowking|66/100\n|\n|upkeep\n|turn|6\n|\n|t:|1782438008\n|move|p2a: CALA|Fiery Dance|p1a: Slowking\n|-damage|p1a: Slowking|34/100\n|move|p1a: Slowking|Psyshock|p2a: CALA\n|-supereffective|p2a: CALA\n|-damage|p2a: CALA|0 fnt\n|faint|p2a: CALA\n|-end|p2a: CALA|Quark Drive|[silent]\n|\n|upkeep\n|inactive|Kochu_shak has 120 seconds left.\n|\n|t:|1782438043\n|switch|p2a: TREE?|Gholdengo|100/100\n|-item|p2a: TREE?|Air Balloon\n|turn|7\n|\n|t:|1782438048\n|switch|p1a: Cinderace|Cinderace, M|100/100\n|move|p2a: TREE?|Shadow Ball|p1a: Cinderace\n|-damage|p1a: Cinderace|46/100\n|\n|upkeep\n|turn|8\n|\n|t:|1782438053\n|switch|p2a: QUIL|Araquanid, F|100/100\n|move|p1a: Cinderace|Pyro Ball|p2a: QUIL\n|-damage|p2a: QUIL|78/100\n|\n|upkeep\n|turn|9\n|\n|t:|1782438061\n|move|p1a: Cinderace|U-turn|p2a: QUIL\n|-damage|p2a: QUIL|60/100\n|\n|t:|1782438063\n|switch|p1a: Kyurem|Kyurem|42/100|[from] U-turn\n|-ability|p1a: Kyurem|Pressure\n|move|p2a: QUIL|Surf|p1a: Kyurem\n|-resisted|p1a: Kyurem\n|-damage|p1a: Kyurem|24/100\n|\n|upkeep\n|turn|10\n|\n|t:|1782438074\n|move|p1a: Kyurem|Freeze-Dry|p2a: QUIL\n|-supereffective|p2a: QUIL\n|-damage|p2a: QUIL|0 fnt\n|faint|p2a: QUIL\n|\n|upkeep\n|\n|t:|1782438077\n|switch|p2a: QUZZ|Iron Valiant|100/100\n|-enditem|p2a: QUZZ|Booster Energy\n|-activate|p2a: QUZZ|ability: Quark Drive|[fromitem]\n|-start|p2a: QUZZ|quarkdrivespa\n|turn|11\n|\n|t:|1782438082\n|move|p2a: QUZZ|Calm Mind|p2a: QUZZ\n|-boost|p2a: QUZZ|spa|1\n|-boost|p2a: QUZZ|spd|1\n|move|p1a: Kyurem|Freeze-Dry|p2a: QUZZ\n|-damage|p2a: QUZZ|41/100\n|\n|upkeep\n|turn|12\n|\n|t:|1782438101\n|move|p2a: QUZZ|Moonblast|p1a: Kyurem\n|-supereffective|p1a: Kyurem\n|-damage|p1a: Kyurem|0 fnt\n|faint|p1a: Kyurem\n|\n|upkeep\n|\n|t:|1782438103\n|switch|p1a: Cinderace|Cinderace, M|46/100\n|turn|13\n|\n|t:|1782438106\n|move|p2a: QUZZ|Vacuum Wave|p1a: Cinderace\n|-damage|p1a: Cinderace|0 fnt\n|faint|p1a: Cinderace\n|\n|upkeep\n|\n|t:|1782438108\n|switch|p1a: Slowking|Slowking-Galar, M|68/100\n|turn|14\n|l| watch cats's\n|\n|t:|1782438112\n|move|p2a: QUZZ|Shadow Ball|p1a: Slowking\n|-supereffective|p1a: Slowking\n|-damage|p1a: Slowking|4/100\n|-unboost|p1a: Slowking|spd|1\n|move|p1a: Slowking|Sludge Bomb|p2a: QUZZ\n|-supereffective|p2a: QUZZ\n|-damage|p2a: QUZZ|0 fnt\n|faint|p2a: QUZZ\n|-end|p2a: QUZZ|Quark Drive|[silent]\n|\n|upkeep\n|\n|t:|1782438122\n|switch|p2a: SUPA|Kingambit, F|100/100\n|-activate|p2a: SUPA|ability: Supreme Overlord\n|-start|p2a: SUPA|fallen4|[silent]\n|-item|p2a: SUPA|Air Balloon\n|turn|15\n|\n|t:|1782438125\n|move|p2a: SUPA|Swords Dance|p2a: SUPA\n|-boost|p2a: SUPA|atk|2\n|-prepare|p1a: Slowking|Chilly Reception|[premajor]\n|move|p1a: Slowking|Chilly Reception|p1a: Slowking\n|-weather|Snowscape\n|\n|t:|1782438126\n|switch|p1a: Kingambit|Kingambit, M|100/100|[from] Chilly Reception\n|-activate|p1a: Kingambit|ability: Supreme Overlord\n|-start|p1a: Kingambit|fallen3|[silent]\n|\n|-weather|Snowscape|[upkeep]\n|upkeep\n|turn|16\n|\n|t:|1782438129\n|move|p2a: SUPA|Iron Head|p1a: Kingambit\n|-resisted|p1a: Kingambit\n|-damage|p1a: Kingambit|48/100\n|cant|p1a: Kingambit|flinch\n|\n|-weather|Snowscape|[upkeep]\n|-heal|p1a: Kingambit|54/100|[from] item: Leftovers\n|upkeep\n|turn|17\n|\n|t:|1782438134\n|-terastallize|p1a: Kingambit|Flying\n|move|p2a: SUPA|Iron Head|p1a: Kingambit\n|-damage|p1a: Kingambit|0 fnt\n|faint|p1a: Kingambit\n|-end|p1a: Kingambit|fallen3|[silent]\n|\n|-weather|Snowscape|[upkeep]\n|upkeep\n|-message|random starmie forfeited.\n|\n|win|Kochu_shak\n|raw|random starmie's rating: 1741 &rarr; <strong>1730</strong><br />(-11 for losing)\n|raw|Kochu_shak's rating: 1901 &rarr; <strong>1912</strong><br />(+11 for winning)\n|l|☆random starmie\n|player|p1|\n", "uploadtime": 1782438403, "views": 11, "formatid": "gen9ou", "rating": 1730, "private": 0, "password": null}