{"id": "gen9ou-2639281489", "format": "[Gen 9] OU", "players": ["thepeakmons", "bitcoin millionare"], "log": "|j|☆thepeakmons\n|j|☆bitcoin millionare\n|t:|1782445276\n|gametype|singles\n|player|p1|thepeakmons|101|1318\n|player|p2|bitcoin millionare|102|1329\n|gen|9\n|tier|[Gen 9] OU\n|rated|\n|rule|HP Percentage Mod: HP is shown in percentages\n|rule|Endless Battle Clause: Forcing endless battles is banned\n|rule|Species Clause: Limit one of each Pokémon\n|rule|OHKO Clause: OHKO moves are banned\n|rule|Evasion Items Clause: Evasion items are banned\n|rule|Evasion Moves Clause: Evasion moves are banned\n|rule|Evasion Abilities Clause: Evasion abilities are banned\n|rule|Sleep Moves Clause: Sleep-inducing moves are banned\n|clearpoke\n|poke|p1|Dondozo, F|\n|poke|p1|Clodsire, M|\n|poke|p1|Corviknight, M|\n|poke|p1|Slowking-Galar, F|\n|poke|p1|Gholdengo|\n|poke|p1|Garganacl, F|\n|poke|p2|Tyranitar, M|\n|poke|p2|Landorus-Therian, M|\n|poke|p2|Kyurem|\n|poke|p2|Clefable, M|\n|poke|p2|Garchomp, M|\n|poke|p2|Cinderace, M|\n|teampreview\n|\n|t:|1782445289\n|teamsize|p1|6\n|teamsize|p2|6\n|start\n|switch|p1a: Clodsire|Clodsire, M|100/100\n|switch|p2a: Tyranitar|Tyranitar, M|100/100\n|-weather|Sandstorm|[from] ability: Sand Stream|[of] p2a: Tyranitar\n|turn|1\n|inactive|Battle timer is ON: inactive players will automatically lose when time's up. (requested by thepeakmons)\n|inactive|thepeakmons has 120 seconds left.\n|\n|t:|1782445328\n|switch|p1a: Gholdengo|Gholdengo|100/100\n|move|p2a: Tyranitar|Stealth Rock|p1a: Gholdengo\n|-sidestart|p1: thepeakmons|move: Stealth Rock\n|\n|-weather|Sandstorm|[upkeep]\n|upkeep\n|turn|2\n|\n|t:|1782445340\n|move|p1a: Gholdengo|Make It Rain|p2a: Tyranitar\n|-supereffective|p2a: Tyranitar\n|-damage|p2a: Tyranitar|55/100\n|-unboost|p1a: Gholdengo|spa|1\n|move|p2a: Tyranitar|Knock Off|p1a: Gholdengo\n|-supereffective|p1a: Gholdengo\n|-damage|p1a: Gholdengo|32/100\n|-enditem|p1a: Gholdengo|Heavy-Duty Boots|[from] move: Knock Off|[of] p2a: Tyranitar\n|\n|-weather|Sandstorm|[upkeep]\n|-heal|p2a: Tyranitar|62/100|[from] item: Leftovers\n|upkeep\n|turn|3\n|\n|t:|1782445351\n|move|p1a: Gholdengo|Recover|p1a: Gholdengo\n|-heal|p1a: Gholdengo|82/100\n|move|p2a: Tyranitar|Earthquake|p1a: Gholdengo\n|-supereffective|p1a: Gholdengo\n|-crit|p1a: Gholdengo\n|-damage|p1a: Gholdengo|12/100\n|\n|-weather|Sandstorm|[upkeep]\n|-heal|p2a: Tyranitar|68/100|[from] item: Leftovers\n|upkeep\n|turn|4\n|\n|t:|1782445360\n|move|p1a: Gholdengo|Recover|p1a: Gholdengo\n|-heal|p1a: Gholdengo|62/100\n|move|p2a: Tyranitar|Earthquake|p1a: Gholdengo\n|-supereffective|p1a: Gholdengo\n|-damage|p1a: Gholdengo|17/100\n|\n|-weather|Sandstorm|[upkeep]\n|-heal|p2a: Tyranitar|74/100|[from] item: Leftovers\n|upkeep\n|turn|5\n|\n|t:|1782445382\n|move|p1a: Gholdengo|Recover|p1a: Gholdengo\n|-heal|p1a: Gholdengo|67/100\n|move|p2a: Tyranitar|Earthquake|p1a: Gholdengo\n|-supereffective|p1a: Gholdengo\n|-damage|p1a: Gholdengo|21/100\n|\n|-weather|none\n|-heal|p2a: Tyranitar|80/100|[from] item: Leftovers\n|upkeep\n|turn|6\n|\n|t:|1782445400\n|switch|p2a: Cinderace|Cinderace, M|100/100\n|move|p1a: Gholdengo|Make It Rain|p2a: Cinderace\n|-resisted|p2a: Cinderace\n|-damage|p2a: Cinderace|75/100\n|-unboost|p1a: Gholdengo|spa|1\n|\n|upkeep\n|turn|7\n|\n|t:|1782445414\n|switch|p1a: Garganacl|Garganacl, F|100/100\n|-damage|p1a: Garganacl|88/100|[from] Stealth Rock\n|move|p2a: Cinderace|U-turn|p1a: Garganacl\n|-start|p2a: Cinderace|typechange|Bug|[from] ability: Libero\n|-damage|p1a: Garganacl|70/100\n|\n|t:|1782445418\n|switch|p2a: Garchomp|Garchomp, M|100/100|[from] U-turn\n|\n|-heal|p1a: Garganacl|76/100|[from] item: Leftovers\n|upkeep\n|turn|8\n|\n|t:|1782445428\n|switch|p1a: Corviknight|Corviknight, M|100/100\n|-ability|p1a: Corviknight|Pressure\n|move|p2a: Garchomp|Swords Dance|p2a: Garchomp\n|-boost|p2a: Garchomp|atk|2\n|\n|upkeep\n|turn|9\n|\n|t:|1782445449\n|move|p2a: Garchomp|Stone Edge|p1a: Corviknight\n|-damage|p1a: Corviknight|57/100\n|move|p1a: Corviknight|U-turn|p2a: Garchomp\n|-damage|p2a: Garchomp|87/100\n|-damage|p1a: Corviknight|45/100|[from] ability: Rough Skin|[of] p2a: Garchomp\n|inactive|thepeakmons has 120 seconds left.\n|\n|t:|1782445465\n|switch|p1a: Dondozo|Dondozo, F|100/100|[from] U-turn\n|\n|upkeep\n|turn|10\n|inactive|thepeakmons has 120 seconds left.\n|\n|t:|1782445478\n|switch|p2a: Clefable|Clefable, M|100/100\n|move|p1a: Dondozo|Curse|p1a: Dondozo\n|-unboost|p1a: Dondozo|spe|1\n|-boost|p1a: Dondozo|atk|1\n|-boost|p1a: Dondozo|def|1\n|\n|upkeep\n|turn|11\n|inactive|thepeakmons has 120 seconds left.\n|\n|t:|1782445490\n|move|p2a: Clefable|Calm Mind|p2a: Clefable\n|-boost|p2a: Clefable|spa|1\n|-boost|p2a: Clefable|spd|1\n|move|p1a: Dondozo|Wave Crash|p2a: Clefable\n|-damage|p2a: Clefable|27/100\n|-damage|p1a: Dondozo|82/100|[from] Recoil\n|\n|upkeep\n|turn|12\n|inactive|thepeakmons has 120 seconds left.\n|\n|t:|1782445506\n|move|p2a: Clefable|Thunderbolt|p1a: Dondozo\n|-supereffective|p1a: Dondozo\n|-damage|p1a: Dondozo|18/100\n|move|p1a: Dondozo|Wave Crash|p2a: Clefable\n|-damage|p2a: Clefable|0 fnt\n|faint|p2a: Clefable\n|-damage|p1a: Dondozo|11/100|[from] Recoil\n|\n|upkeep\n|\n|t:|1782445511\n|switch|p2a: Garchomp|Garchomp, M|87/100\n|turn|13\n|inactive|thepeakmons has 120 seconds left.\n|\n|t:|1782445526\n|switch|p1a: Corviknight|Corviknight, M|45/100\n|-ability|p1a: Corviknight|Pressure\n|move|p2a: Garchomp|Earthquake|p1a: Corviknight\n|-immune|p1a: Corviknight\n|\n|upkeep\n|turn|14\n|inactive|thepeakmons has 120 seconds left.\n|\n|t:|1782445540\n|move|p2a: Garchomp|Swords Dance|p2a: Garchomp\n|-boost|p2a: Garchomp|atk|2\n|move|p1a: Corviknight|Roost|p1a: Corviknight\n|-heal|p1a: Corviknight|95/100\n|-singleturn|p1a: Corviknight|move: Roost\n|\n|upkeep\n|turn|15\n|inactive|thepeakmons has 120 seconds left.\n|\n|t:|1782445552\n|move|p2a: Garchomp|Stone Edge|p1a: Corviknight\n|-damage|p1a: Corviknight|52/100\n|move|p1a: Corviknight|Roost|p1a: Corviknight\n|-heal|p1a: Corviknight|100/100\n|-singleturn|p1a: Corviknight|move: Roost\n|\n|upkeep\n|turn|16\n|inactive|thepeakmons has 120 seconds left.\n|\n|t:|1782445559\n|move|p2a: Garchomp|Swords Dance|p2a: Garchomp\n|-boost|p2a: Garchomp|atk|2\n|move|p1a: Corviknight|Brave Bird|p2a: Garchomp\n|-crit|p2a: Garchomp\n|-damage|p2a: Garchomp|36/100\n|-damage|p1a: Corviknight|88/100|[from] ability: Rough Skin|[of] p2a: Garchomp\n|-damage|p1a: Corviknight|73/100|[from] Recoil\n|\n|upkeep\n|turn|17\n|\n|t:|1782445565\n|move|p2a: Garchomp|Stone Edge|p1a: Corviknight|[miss]\n|-miss|p2a: Garchomp|p1a: Corviknight\n|move|p1a: Corviknight|Roost|p1a: Corviknight\n|-heal|p1a: Corviknight|100/100\n|-singleturn|p1a: Corviknight|move: Roost\n|\n|upkeep\n|turn|18\n|\n|t:|1782445572\n|move|p2a: Garchomp|Stone Edge|p1a: Corviknight\n|-damage|p1a: Corviknight|43/100\n|move|p1a: Corviknight|Brave Bird|p2a: Garchomp\n|-damage|p2a: Garchomp|0 fnt\n|-damage|p1a: Corviknight|31/100|[from] ability: Rough Skin|[of] p2a: Garchomp\n|faint|p2a: Garchomp\n|-damage|p1a: Corviknight|20/100|[from] Recoil\n|\n|upkeep\n|\n|t:|1782445587\n|switch|p2a: Kyurem|Kyurem|100/100\n|-ability|p2a: Kyurem|Pressure\n|turn|19\n|\n|t:|1782445593\n|switch|p1a: Slowking|Slowking-Galar, F|100/100\n|move|p2a: Kyurem|Ice Beam|p1a: Slowking\n|-damage|p1a: Slowking|51/100\n|\n|upkeep\n|turn|20\n|\n|t:|1782445601\n|move|p2a: Kyurem|Ice Beam|p1a: Slowking\n|-damage|p1a: Slowking|6/100\n|-status|p1a: Slowking|frz\n|cant|p1a: Slowking|frz\n|\n|upkeep\n|turn|21\n|\n|t:|1782445607\n|switch|p1a: Gholdengo|Gholdengo|21/100\n|-damage|p1a: Gholdengo|15/100|[from] Stealth Rock\n|move|p2a: Kyurem|Ice Beam|p1a: Gholdengo\n|-resisted|p1a: Gholdengo\n|-damage|p1a: Gholdengo|0 fnt\n|faint|p1a: Gholdengo\n|\n|upkeep\n|\n|t:|1782445621\n|switch|p1a: Garganacl|Garganacl, F|76/100\n|-damage|p1a: Garganacl|63/100|[from] Stealth Rock\n|turn|22\n|\n|t:|1782445630\n|move|p1a: Garganacl|Protect|p1a: Garganacl\n|-singleturn|p1a: Garganacl|Protect\n|move|p2a: Kyurem|Ice Beam|p1a: Garganacl\n|-activate|p1a: Garganacl|move: Protect\n|\n|-heal|p1a: Garganacl|70/100|[from] item: Leftovers\n|upkeep\n|turn|23\n|\n|t:|1782445638\n|move|p2a: Kyurem|Ice Beam|p1a: Garganacl\n|-damage|p1a: Garganacl|8/100\n|move|p1a: Garganacl|Salt Cure|p2a: Kyurem\n|-supereffective|p2a: Kyurem\n|-damage|p2a: Kyurem|75/100\n|-start|p2a: Kyurem|Salt Cure\n|\n|-heal|p1a: Garganacl|14/100|[from] item: Leftovers\n|-damage|p2a: Kyurem|63/100|[from] Salt Cure\n|upkeep\n|turn|24\n|\n|t:|1782445649\n|move|p1a: Garganacl|Protect|p1a: Garganacl\n|-singleturn|p1a: Garganacl|Protect\n|move|p2a: Kyurem|Ice Beam|p1a: Garganacl\n|-activate|p1a: Garganacl|move: Protect\n|\n|-heal|p1a: Garganacl|20/100|[from] item: Leftovers\n|-damage|p2a: Kyurem|51/100|[from] Salt Cure\n|upkeep\n|turn|25\n|\n|t:|1782445662\n|move|p1a: Garganacl|Protect||[still]\n|-fail|p1a: Garganacl\n|move|p2a: Kyurem|Ice Beam|p1a: Garganacl\n|-damage|p1a: Garganacl|0 fnt\n|faint|p1a: Garganacl\n|\n|-damage|p2a: Kyurem|39/100|[from] Salt Cure\n|upkeep\n|\n|t:|1782445673\n|switch|p1a: Slowking|Slowking-Galar, F|39/100 frz\n|turn|26\n|\n|t:|1782445688\n|switch|p1a: Dondozo|Dondozo, F|11/100\n|move|p2a: Kyurem|Ice Beam|p1a: Dondozo\n|-resisted|p1a: Dondozo\n|-damage|p1a: Dondozo|0 fnt\n|faint|p1a: Dondozo\n|\n|-damage|p2a: Kyurem|26/100|[from] Salt Cure\n|upkeep\n|\n|t:|1782445694\n|switch|p1a: Slowking|Slowking-Galar, F|73/100 frz\n|turn|27\n|\n|t:|1782445708\n|move|p2a: Kyurem|Ice Beam|p1a: Slowking\n|-damage|p1a: Slowking|28/100 frz\n|cant|p1a: Slowking|frz\n|\n|-damage|p2a: Kyurem|14/100|[from] Salt Cure\n|upkeep\n|turn|28\n|\n|t:|1782445716\n|switch|p1a: Corviknight|Corviknight, M|20/100\n|-ability|p1a: Corviknight|Pressure\n|move|p2a: Kyurem|Ice Beam|p1a: Corviknight\n|-damage|p1a: Corviknight|0 fnt\n|faint|p1a: Corviknight\n|\n|-damage|p2a: Kyurem|2/100|[from] Salt Cure\n|upkeep\n|inactive|thepeakmons has 120 seconds left.\n|\n|t:|1782445738\n|switch|p1a: Slowking|Slowking-Galar, F|61/100 frz\n|turn|29\n|inactive|thepeakmons has 120 seconds left.\n|\n|t:|1782445749\n|switch|p1a: Clodsire|Clodsire, M|100/100\n|move|p2a: Kyurem|Ice Beam|p1a: Clodsire\n|-supereffective|p1a: Clodsire\n|-damage|p1a: Clodsire|15/100\n|\n|-damage|p2a: Kyurem|0 fnt|[from] Salt Cure\n|faint|p2a: Kyurem\n|upkeep\n|\n|t:|1782445755\n|switch|p2a: Landorus|Landorus-Therian, M|100/100\n|-ability|p2a: Landorus|Intimidate|boost\n|-unboost|p1a: Clodsire|atk|1\n|turn|30\n|\n|t:|1782445763\n|switch|p1a: Slowking|Slowking-Galar, F|95/100 frz\n|move|p2a: Landorus|Earthquake|p1a: Slowking\n|-supereffective|p1a: Slowking\n|-damage|p1a: Slowking|0 fnt\n|faint|p1a: Slowking\n|\n|upkeep\n|inactive|thepeakmons has 120 seconds left.\n|\n|t:|1782445780\n|switch|p1a: Clodsire|Clodsire, M|15/100\n|turn|31\n|inactive|thepeakmons has 120 seconds left.\n|\n|t:|1782445798\n|move|p2a: Landorus|Earthquake|p1a: Clodsire\n|-supereffective|p1a: Clodsire\n|-damage|p1a: Clodsire|0 fnt\n|faint|p1a: Clodsire\n|\n|win|bitcoin millionare\n|raw|thepeakmons's rating: 1274 &rarr; <strong>1253</strong><br />(-21 for losing)\n|raw|bitcoin millionare's rating: 1329 &rarr; <strong>1346</strong><br />(+17 for winning)\n|l|☆bitcoin millionare\n|player|p2|\n", "uploadtime": 1782445805, "views": 10, "formatid": "gen9ou", "rating": 1253, "private": 0, "password": null}