{"id": "gen9ou-2639262185", "format": "[Gen 9] OU", "players": ["DarthToran", "dazhigg"], "log": "|j|☆DarthToran\n|j|☆dazhigg\n|t:|1782442229\n|gametype|singles\n|player|p1|DarthToran|1|1503\n|player|p2|dazhigg|schoolkid-gen4|1562\n|gen|9\n|tier|[Gen 9] OU\n|rated|\n|rule|HP Percentage Mod: HP is shown in percentages\n|rule|Endless Battle Clause: Forcing endless battles is banned\n|rule|Species Clause: Limit one of each Pokémon\n|rule|OHKO Clause: OHKO moves are banned\n|rule|Evasion Items Clause: Evasion items are banned\n|rule|Evasion Moves Clause: Evasion moves are banned\n|rule|Evasion Abilities Clause: Evasion abilities are banned\n|rule|Sleep Moves Clause: Sleep-inducing moves are banned\n|clearpoke\n|poke|p1|Rillaboom, M|\n|poke|p1|Clefable, F|\n|poke|p1|Ogerpon-Wellspring, F|\n|poke|p1|Heatran, F|\n|poke|p1|Goodra-Hisui, F|\n|poke|p1|Deoxys-Speed|\n|poke|p2|Iron Moth|\n|poke|p2|Walking Wake|\n|poke|p2|Torkoal, M|\n|poke|p2|Whimsicott, F|\n|poke|p2|Great Tusk|\n|poke|p2|Incineroar, M|\n|teampreview\n|\n|t:|1782442242\n|teamsize|p1|6\n|teamsize|p2|6\n|start\n|switch|p1a: Deoxys|Deoxys-Speed|100/100\n|switch|p2a: Torkoal|Torkoal, M|100/100\n|-ability|p1a: Deoxys|Pressure\n|-weather|SunnyDay|[from] ability: Drought|[of] p2a: Torkoal\n|turn|1\n|\n|t:|1782442257\n|move|p1a: Deoxys|Psycho Boost|p2a: Torkoal\n|-damage|p2a: Torkoal|1/100\n|-unboost|p1a: Deoxys|spa|2\n|-damage|p1a: Deoxys|91/100|[from] item: Life Orb\n|move|p2a: Torkoal|Stealth Rock|p1a: Deoxys\n|-sidestart|p1: DarthToran|move: Stealth Rock\n|\n|-weather|SunnyDay|[upkeep]\n|upkeep\n|turn|2\n|\n|t:|1782442307\n|switch|p2a: Incineroar|Incineroar, M|100/100\n|-ability|p2a: Incineroar|Intimidate|boost\n|-unboost|p1a: Deoxys|atk|1\n|move|p1a: Deoxys|Thunderbolt|p2a: Incineroar\n|-crit|p2a: Incineroar\n|-damage|p2a: Incineroar|61/100\n|-enditem|p2a: Incineroar|Eject Button\n|-damage|p1a: Deoxys|81/100|[from] item: Life Orb\n|\n|t:|1782442336\n|switch|p2a: Whimsicott|Whimsicott, F|100/100\n|\n|-weather|SunnyDay|[upkeep]\n|upkeep\n|turn|3\n|\n|t:|1782442355\n|move|p2a: Whimsicott|Growth|p2a: Whimsicott\n|-boost|p2a: Whimsicott|atk|2\n|-boost|p2a: Whimsicott|spa|2\n|move|p1a: Deoxys|Spikes|p2a: Whimsicott\n|-sidestart|p2: dazhigg|Spikes\n|\n|-weather|SunnyDay|[upkeep]\n|upkeep\n|turn|4\n|\n|t:|1782442368\n|switch|p1a: Heatran|Heatran, F|100/100\n|-damage|p1a: Heatran|88/100|[from] Stealth Rock\n|move|p2a: Whimsicott|Giga Drain|p1a: Heatran\n|-resisted|p1a: Heatran\n|-damage|p1a: Heatran|77/100\n|-damage|p2a: Whimsicott|91/100|[from] item: Life Orb\n|\n|-weather|SunnyDay|[upkeep]\n|-heal|p1a: Heatran|83/100|[from] item: Leftovers\n|upkeep\n|turn|5\n|\n|t:|1782442401\n|-terastallize|p2a: Whimsicott|Ghost\n|move|p2a: Whimsicott|Shadow Ball|p1a: Heatran\n|-damage|p1a: Heatran|32/100\n|-damage|p2a: Whimsicott|81/100|[from] item: Life Orb\n|move|p1a: Heatran|Stealth Rock|p2a: Whimsicott\n|-sidestart|p2: dazhigg|move: Stealth Rock\n|\n|-weather|SunnyDay|[upkeep]\n|-heal|p1a: Heatran|39/100|[from] item: Leftovers\n|upkeep\n|turn|6\n|\n|t:|1782442414\n|move|p1a: Heatran|Protect|p1a: Heatran\n|-singleturn|p1a: Heatran|Protect\n|move|p2a: Whimsicott|Shadow Ball|p1a: Heatran\n|-activate|p1a: Heatran|move: Protect\n|\n|-weather|SunnyDay|[upkeep]\n|-heal|p1a: Heatran|45/100|[from] item: Leftovers\n|upkeep\n|turn|7\n|\n|t:|1782442434\n|switch|p1a: Goodra|Goodra-Hisui, F|100/100\n|-damage|p1a: Goodra|94/100|[from] Stealth Rock\n|move|p2a: Whimsicott|Shadow Ball|p1a: Goodra\n|-damage|p1a: Goodra|60/100\n|-damage|p2a: Whimsicott|71/100|[from] item: Life Orb\n|\n|-weather|SunnyDay|[upkeep]\n|upkeep\n|turn|8\n|\n|t:|1782442451\n|move|p2a: Whimsicott|Moonblast|p1a: Goodra\n|-damage|p1a: Goodra|12/100\n|-damage|p2a: Whimsicott|62/100|[from] item: Life Orb\n|move|p1a: Goodra|Dragon Tail|p2a: Whimsicott\n|-damage|p2a: Whimsicott|38/100\n|drag|p2a: Iron Moth|Iron Moth|100/100\n|-damage|p2a: Iron Moth|88/100|[from] Spikes\n|-damage|p2a: Iron Moth|63/100|[from] Stealth Rock\n|-enditem|p2a: Iron Moth|Booster Energy\n|-activate|p2a: Iron Moth|ability: Quark Drive|[fromitem]\n|-start|p2a: Iron Moth|quarkdrivespe\n|\n|-weather|none\n|upkeep\n|turn|9\n|\n|t:|1782442469\n|move|p2a: Iron Moth|Fiery Dance|p1a: Goodra\n|-damage|p1a: Goodra|0 fnt\n|faint|p1a: Goodra\n|\n|upkeep\n|\n|t:|1782442484\n|switch|p1a: Heatran|Heatran, F|45/100\n|-damage|p1a: Heatran|32/100|[from] Stealth Rock\n|turn|10\n|\n|t:|1782442540\n|-end|p2a: Iron Moth|Quark Drive|[silent]\n|switch|p2a: Great Tusk|Great Tusk|100/100\n|-damage|p2a: Great Tusk|88/100|[from] Spikes\n|-damage|p2a: Great Tusk|85/100|[from] Stealth Rock\n|move|p1a: Heatran|Earth Power|p2a: Great Tusk\n|-damage|p2a: Great Tusk|56/100\n|\n|-heal|p2a: Great Tusk|63/100|[from] item: Leftovers\n|-heal|p1a: Heatran|39/100|[from] item: Leftovers\n|upkeep\n|turn|11\n|\n|t:|1782442558\n|move|p1a: Heatran|Protect|p1a: Heatran\n|-singleturn|p1a: Heatran|Protect\n|move|p2a: Great Tusk|Rapid Spin|p1a: Heatran\n|-activate|p1a: Heatran|move: Protect\n|\n|-heal|p2a: Great Tusk|69/100|[from] item: Leftovers\n|-heal|p1a: Heatran|45/100|[from] item: Leftovers\n|upkeep\n|turn|12\n|\n|t:|1782442591\n|move|p2a: Great Tusk|Rapid Spin|p1a: Heatran\n|-resisted|p1a: Heatran\n|-damage|p1a: Heatran|39/100\n|-boost|p2a: Great Tusk|spe|1\n|-sideend|p2: dazhigg|Spikes|[from] move: Rapid Spin|[of] p2a: Great Tusk\n|-sideend|p2: dazhigg|Stealth Rock|[from] move: Rapid Spin|[of] p2a: Great Tusk\n|move|p1a: Heatran|Magma Storm|p2a: Great Tusk\n|-damage|p2a: Great Tusk|26/100\n|-activate|p2a: Great Tusk|move: Magma Storm|[of] p1a: Heatran\n|\n|-heal|p2a: Great Tusk|32/100|[from] item: Leftovers\n|-heal|p1a: Heatran|45/100|[from] item: Leftovers\n|-damage|p2a: Great Tusk|20/100|[from] move: Magma Storm|[partiallytrapped]\n|upkeep\n|turn|13\n|\n|t:|1782442604\n|move|p1a: Heatran|Protect|p1a: Heatran\n|-singleturn|p1a: Heatran|Protect\n|move|p2a: Great Tusk|Headlong Rush|p1a: Heatran\n|-activate|p1a: Heatran|move: Protect\n|\n|-heal|p2a: Great Tusk|26/100|[from] item: Leftovers\n|-heal|p1a: Heatran|51/100|[from] item: Leftovers\n|-damage|p2a: Great Tusk|14/100|[from] move: Magma Storm|[partiallytrapped]\n|upkeep\n|turn|14\n|\n|t:|1782442624\n|-terastallize|p1a: Heatran|Grass\n|move|p2a: Great Tusk|Ice Spinner|p1a: Heatran\n|-supereffective|p1a: Heatran\n|-damage|p1a: Heatran|10/100\n|move|p1a: Heatran|Stealth Rock|p2a: Great Tusk\n|-sidestart|p2: dazhigg|move: Stealth Rock\n|\n|-heal|p2a: Great Tusk|20/100|[from] item: Leftovers\n|-heal|p1a: Heatran|16/100|[from] item: Leftovers\n|-damage|p2a: Great Tusk|8/100|[from] move: Magma Storm|[partiallytrapped]\n|upkeep\n|turn|15\n|\n|t:|1782442636\n|move|p1a: Heatran|Protect|p1a: Heatran\n|-singleturn|p1a: Heatran|Protect\n|move|p2a: Great Tusk|Bulk Up|p2a: Great Tusk\n|-boost|p2a: Great Tusk|atk|1\n|-boost|p2a: Great Tusk|def|1\n|\n|-heal|p2a: Great Tusk|14/100|[from] item: Leftovers\n|-heal|p1a: Heatran|22/100|[from] item: Leftovers\n|-damage|p2a: Great Tusk|2/100|[from] move: Magma Storm|[partiallytrapped]\n|upkeep\n|turn|16\n|\n|t:|1782442652\n|move|p2a: Great Tusk|Ice Spinner|p1a: Heatran\n|-supereffective|p1a: Heatran\n|-damage|p1a: Heatran|0 fnt\n|faint|p1a: Heatran\n|\n|-heal|p2a: Great Tusk|8/100|[from] item: Leftovers\n|-end|p2a: Great Tusk|Magma Storm|[partiallytrapped]|[silent]\n|upkeep\n|\n|t:|1782442655\n|switch|p1a: Rillaboom|Rillaboom, M|100/100\n|-damage|p1a: Rillaboom|88/100|[from] Stealth Rock\n|-fieldstart|move: Grassy Terrain|[from] ability: Grassy Surge|[of] p1a: Rillaboom\n|turn|17\n|\n|t:|1782442676\n|-end|p2a: Great Tusk|Protosynthesis|[silent]\n|switch|p2a: Incineroar|Incineroar, M|61/100\n|-damage|p2a: Incineroar|36/100|[from] Stealth Rock\n|-ability|p2a: Incineroar|Intimidate|boost\n|-unboost|p1a: Rillaboom|atk|1\n|move|p1a: Rillaboom|Substitute|p1a: Rillaboom\n|-start|p1a: Rillaboom|Substitute\n|-damage|p1a: Rillaboom|63/100\n|\n|-heal|p1a: Rillaboom|69/100|[from] Grassy Terrain\n|-heal|p1a: Rillaboom|75/100|[from] item: Leftovers\n|-heal|p2a: Incineroar|42/100|[from] Grassy Terrain\n|upkeep\n|turn|18\n|\n|t:|1782442691\n|move|p1a: Rillaboom|Leech Seed|p2a: Incineroar|[miss]\n|-miss|p1a: Rillaboom|p2a: Incineroar\n|move|p2a: Incineroar|Knock Off|p1a: Rillaboom\n|-end|p1a: Rillaboom|Substitute\n|\n|-heal|p1a: Rillaboom|82/100|[from] Grassy Terrain\n|-heal|p1a: Rillaboom|88/100|[from] item: Leftovers\n|-heal|p2a: Incineroar|48/100|[from] Grassy Terrain\n|upkeep\n|turn|19\n|\n|t:|1782442706\n|move|p1a: Rillaboom|Bulk Up|p1a: Rillaboom\n|-boost|p1a: Rillaboom|atk|1\n|-boost|p1a: Rillaboom|def|1\n|move|p2a: Incineroar|Knock Off|p1a: Rillaboom\n|-damage|p1a: Rillaboom|63/100\n|-enditem|p1a: Rillaboom|Leftovers|[from] move: Knock Off|[of] p2a: Incineroar\n|\n|-heal|p1a: Rillaboom|69/100|[from] Grassy Terrain\n|-heal|p2a: Incineroar|54/100|[from] Grassy Terrain\n|upkeep\n|turn|20\n|\n|t:|1782442716\n|move|p1a: Rillaboom|Leech Seed|p2a: Incineroar\n|-start|p2a: Incineroar|move: Leech Seed\n|move|p2a: Incineroar|Sunny Day|p2a: Incineroar\n|-weather|SunnyDay\n|\n|-weather|SunnyDay|[upkeep]\n|-heal|p1a: Rillaboom|76/100|[from] Grassy Terrain\n|-heal|p2a: Incineroar|60/100|[from] Grassy Terrain\n|-damage|p2a: Incineroar|48/100|[from] Leech Seed|[of] p1a: Rillaboom\n|-heal|p1a: Rillaboom|88/100|[silent]\n|upkeep\n|turn|21\n|\n|t:|1782442738\n|move|p1a: Rillaboom|Drain Punch|p2a: Incineroar\n|-supereffective|p2a: Incineroar\n|-damage|p2a: Incineroar|10/100\n|-heal|p1a: Rillaboom|100/100|[from] drain|[of] p2a: Incineroar\n|move|p2a: Incineroar|Parting Shot|p1a: Rillaboom\n|-unboost|p1a: Rillaboom|atk|1\n|-unboost|p1a: Rillaboom|spa|1\n|\n|t:|1782442763\n|switch|p2a: Great Tusk|Great Tusk|8/100|[from] Parting Shot\n|-damage|p2a: Great Tusk|5/100|[from] Stealth Rock\n|-activate|p2a: Great Tusk|ability: Protosynthesis\n|-start|p2a: Great Tusk|protosynthesisspe\n|\n|-weather|SunnyDay|[upkeep]\n|-heal|p2a: Great Tusk|11/100|[from] Grassy Terrain\n|-heal|p2a: Great Tusk|17/100|[from] item: Leftovers\n|-fieldend|move: Grassy Terrain\n|upkeep\n|turn|22\n|\n|t:|1782442778\n|move|p2a: Great Tusk|Rapid Spin|p1a: Rillaboom\n|-crit|p1a: Rillaboom\n|-damage|p1a: Rillaboom|80/100\n|-boost|p2a: Great Tusk|spe|1\n|-sideend|p2: dazhigg|Stealth Rock|[from] move: Rapid Spin|[of] p2a: Great Tusk\n|move|p1a: Rillaboom|Leech Seed|p2a: Great Tusk\n|-start|p2a: Great Tusk|move: Leech Seed\n|\n|-weather|SunnyDay|[upkeep]\n|-heal|p2a: Great Tusk|23/100|[from] item: Leftovers\n|-damage|p2a: Great Tusk|11/100|[from] Leech Seed|[of] p1a: Rillaboom\n|-heal|p1a: Rillaboom|92/100|[silent]\n|upkeep\n|turn|23\n|\n|t:|1782442792\n|-end|p2a: Great Tusk|Protosynthesis|[silent]\n|switch|p2a: Whimsicott|Whimsicott, F, tera:Ghost|38/100\n|switch|p1a: Deoxys|Deoxys-Speed|81/100\n|-damage|p1a: Deoxys|68/100|[from] Stealth Rock\n|-ability|p1a: Deoxys|Pressure\n|\n|-weather|SunnyDay|[upkeep]\n|upkeep\n|turn|24\n|\n|t:|1782442809\n|move|p2a: Whimsicott|Shadow Ball|p1a: Deoxys\n|-supereffective|p1a: Deoxys\n|-damage|p1a: Deoxys|0 fnt\n|faint|p1a: Deoxys\n|-damage|p2a: Whimsicott|28/100|[from] item: Life Orb\n|\n|-weather|none\n|upkeep\n|\n|t:|1782442831\n|switch|p1a: Rillaboom|Rillaboom, M|92/100\n|-damage|p1a: Rillaboom|79/100|[from] Stealth Rock\n|-fieldstart|move: Grassy Terrain|[from] ability: Grassy Surge|[of] p1a: Rillaboom\n|turn|25\n|\n|t:|1782442850\n|move|p2a: Whimsicott|Moonblast|p1a: Rillaboom\n|-damage|p1a: Rillaboom|38/100\n|-damage|p2a: Whimsicott|18/100|[from] item: Life Orb\n|move|p1a: Rillaboom|Leech Seed|p2a: Whimsicott\n|-start|p2a: Whimsicott|move: Leech Seed\n|\n|-heal|p2a: Whimsicott|24/100|[from] Grassy Terrain\n|-heal|p1a: Rillaboom|44/100|[from] Grassy Terrain\n|-damage|p2a: Whimsicott|12/100|[from] Leech Seed|[of] p1a: Rillaboom\n|-heal|p1a: Rillaboom|53/100|[silent]\n|upkeep\n|turn|26\n|\n|t:|1782442864\n|switch|p2a: Iron Moth|Iron Moth|63/100\n|move|p1a: Rillaboom|Bulk Up|p1a: Rillaboom\n|-boost|p1a: Rillaboom|atk|1\n|-boost|p1a: Rillaboom|def|1\n|\n|-heal|p2a: Iron Moth|69/100|[from] Grassy Terrain\n|-heal|p1a: Rillaboom|60/100|[from] Grassy Terrain\n|upkeep\n|turn|27\n|\n|t:|1782442874\n|move|p2a: Iron Moth|Fiery Dance|p1a: Rillaboom\n|-supereffective|p1a: Rillaboom\n|-damage|p1a: Rillaboom|0 fnt\n|faint|p1a: Rillaboom\n|\n|-heal|p2a: Iron Moth|75/100|[from] Grassy Terrain\n|upkeep\n|\n|t:|1782442878\n|switch|p1a: Clefable|Clefable, F|100/100\n|turn|28\n|\n|t:|1782442890\n|switch|p1a: Ogerpon|Ogerpon-Wellspring, F|100/100\n|-damage|p1a: Ogerpon|88/100|[from] Stealth Rock\n|move|p2a: Iron Moth|Sludge Wave|p1a: Ogerpon\n|-supereffective|p1a: Ogerpon\n|-damage|p1a: Ogerpon|0 fnt\n|faint|p1a: Ogerpon\n|\n|-heal|p2a: Iron Moth|81/100|[from] Grassy Terrain\n|upkeep\n|-message|DarthToran forfeited.\n|\n|win|dazhigg\n|raw|DarthToran's rating: 1503 &rarr; <strong>1486</strong><br />(-17 for losing)\n|raw|dazhigg's rating: 1562 &rarr; <strong>1579</strong><br />(+17 for winning)\n|l|☆DarthToran\n|player|p1|\n", "uploadtime": 1782442902, "views": 11, "formatid": "gen9ou", "rating": 1486, "private": 0, "password": null}