{"id": "gen9ou-2647779313", "format": "[Gen 9] OU", "players": ["xanduh7", "LeChunkalo"], "log": "|j|☆xanduh7\n|j|☆LeChunkalo\n|t:|1783811172\n|gametype|singles\n|player|p1|xanduh7|pokemaniac|1508\n|player|p2|LeChunkalo|biker-gen4|1466\n|gen|9\n|tier|[Gen 9] OU\n|rated|\n|rule|HP Percentage Mod: HP is shown in percentages\n|rule|Endless Battle Clause: Forcing endless battles is banned\n|rule|Species Clause: Limit one of each Pokémon\n|rule|OHKO Clause: OHKO moves are banned\n|rule|Evasion Items Clause: Evasion items are banned\n|rule|Evasion Moves Clause: Evasion moves are banned\n|rule|Evasion Abilities Clause: Evasion abilities are banned\n|rule|Sleep Moves Clause: Sleep-inducing moves are banned\n|clearpoke\n|poke|p1|Landorus-Therian, M|\n|poke|p1|Darkrai|\n|poke|p1|Hatterene, F|\n|poke|p1|Garchomp, M|\n|poke|p1|Gholdengo|\n|poke|p1|Ogerpon-Wellspring, F|\n|poke|p2|Ogerpon, F|\n|poke|p2|Gholdengo|\n|poke|p2|Dragonite, M|\n|poke|p2|Darkrai|\n|poke|p2|Samurott-Hisui, M|\n|poke|p2|Clefable, F|\n|teampreview\n|inactive|Battle timer is ON: inactive players will automatically lose when time's up. (requested by xanduh7)\n|inactive|LeChunkalo also wants the timer to be on.\n|l|☆LeChunkalo\n|inactive|LeChunkalo disconnected and has a minute to reconnect!\n|player|p2|\n|j|☆LeChunkalo\n|inactive|LeChunkalo reconnected and has 115 seconds left.\n|player|p2|LeChunkalo|biker-gen4|\n|\n|t:|1783811217\n|teamsize|p1|6\n|teamsize|p2|6\n|start\n|switch|p1a: Darkrai|Darkrai|100/100\n|switch|p2a: Ogerpon|Ogerpon, F|100/100\n|turn|1\n|\n|t:|1783811226\n|switch|p2a: Gholdengo|Gholdengo|100/100\n|move|p1a: Darkrai|Sludge Bomb|p2a: Gholdengo\n|-immune|p2a: Gholdengo\n|\n|upkeep\n|turn|2\n|\n|t:|1783811240\n|switch|p2a: Samurott|Samurott-Hisui, M|100/100\n|switch|p1a: Garchomp|Garchomp, M|100/100\n|\n|upkeep\n|turn|3\n|\n|t:|1783811249\n|move|p2a: Samurott|Ceaseless Edge|p1a: Garchomp|[miss]\n|-miss|p2a: Samurott|p1a: Garchomp\n|move|p1a: Garchomp|Earthquake|p2a: Samurott\n|-damage|p2a: Samurott|49/100\n|\n|upkeep\n|turn|4\n|\n|t:|1783811256\n|switch|p2a: Dragonite|Dragonite, M|100/100\n|move|p1a: Garchomp|Stealth Rock|p2a: Dragonite\n|-sidestart|p2: LeChunkalo|move: Stealth Rock\n|\n|upkeep\n|turn|5\n|\n|t:|1783811263\n|move|p1a: Garchomp|Dragon Tail|p2a: Dragonite\n|-supereffective|p2a: Dragonite\n|-damage|p2a: Dragonite|77/100\n|drag|p2a: Ogerpon|Ogerpon, F|100/100\n|\n|upkeep\n|turn|6\n|\n|t:|1783811270\n|switch|p1a: Landorus|Landorus-Therian, M|100/100\n|-ability|p1a: Landorus|Intimidate|boost\n|-unboost|p2a: Ogerpon|atk|1\n|-ability|p2a: Ogerpon|Defiant|boost\n|-boost|p2a: Ogerpon|atk|2\n|move|p2a: Ogerpon|Ivy Cudgel|p1a: Landorus\n|-damage|p1a: Landorus|9/100\n|\n|upkeep\n|turn|7\n|\n|t:|1783811279\n|move|p1a: Landorus|U-turn|p2a: Ogerpon\n|-supereffective|p2a: Ogerpon\n|-damage|p2a: Ogerpon|30/100\n|\n|t:|1783811294\n|switch|p1a: Gholdengo|Gholdengo|100/100|[from] U-turn\n|-item|p1a: Gholdengo|Air Balloon\n|move|p2a: Ogerpon|Ivy Cudgel|p1a: Gholdengo\n|-resisted|p1a: Gholdengo\n|-damage|p1a: Gholdengo|76/100\n|-enditem|p1a: Gholdengo|Air Balloon\n|\n|upkeep\n|turn|8\n|\n|t:|1783811298\n|move|p2a: Ogerpon|Knock Off|p1a: Gholdengo\n|-supereffective|p1a: Gholdengo\n|-damage|p1a: Gholdengo|26/100\n|move|p1a: Gholdengo|Shadow Ball|p2a: Ogerpon\n|-damage|p2a: Ogerpon|0 fnt\n|faint|p2a: Ogerpon\n|\n|upkeep\n|\n|t:|1783811303\n|switch|p2a: Samurott|Samurott-Hisui, M|49/100\n|turn|9\n|\n|t:|1783811306\n|move|p2a: Samurott|Ceaseless Edge|p1a: Gholdengo\n|-supereffective|p1a: Gholdengo\n|-damage|p1a: Gholdengo|0 fnt\n|-sidestart|p1: xanduh7|Spikes\n|faint|p1a: Gholdengo\n|\n|upkeep\n|\n|t:|1783811308\n|switch|p1a: Garchomp|Garchomp, M|100/100\n|-damage|p1a: Garchomp|88/100|[from] Spikes\n|turn|10\n|\n|t:|1783811311\n|move|p2a: Samurott|Ceaseless Edge|p1a: Garchomp\n|-damage|p1a: Garchomp|63/100\n|-damage|p2a: Samurott|37/100|[from] ability: Rough Skin|[of] p1a: Garchomp\n|-damage|p2a: Samurott|20/100|[from] item: Rocky Helmet|[of] p1a: Garchomp\n|-sidestart|p1: xanduh7|Spikes\n|move|p1a: Garchomp|Spikes|p2a: Samurott\n|-sidestart|p2: LeChunkalo|Spikes\n|\n|upkeep\n|turn|11\n|\n|t:|1783811314\n|move|p2a: Samurott|Ceaseless Edge|p1a: Garchomp\n|-damage|p1a: Garchomp|36/100\n|-damage|p2a: Samurott|8/100|[from] ability: Rough Skin|[of] p1a: Garchomp\n|-damage|p2a: Samurott|0 fnt|[from] item: Rocky Helmet|[of] p1a: Garchomp\n|faint|p2a: Samurott\n|move|p1a: Garchomp|Dragon Tail|p2: Samurott|[notarget]\n|-fail|p1a: Garchomp\n|\n|upkeep\n|\n|t:|1783811323\n|switch|p2a: Clefable|Clefable, F|100/100\n|turn|12\n|\n|t:|1783811329\n|move|p1a: Garchomp|Earthquake|p2a: Clefable\n|-damage|p2a: Clefable|70/100\n|move|p2a: Clefable|Moonblast|p1a: Garchomp\n|-supereffective|p1a: Garchomp\n|-damage|p1a: Garchomp|0 fnt\n|faint|p1a: Garchomp\n|\n|-heal|p2a: Clefable|76/100|[from] item: Leftovers\n|upkeep\n|\n|t:|1783811332\n|switch|p1a: Darkrai|Darkrai|100/100\n|-damage|p1a: Darkrai|84/100|[from] Spikes\n|turn|13\n|\n|t:|1783811339\n|move|p1a: Darkrai|Sludge Bomb|p2a: Clefable\n|-supereffective|p2a: Clefable\n|-damage|p2a: Clefable|0 fnt\n|faint|p2a: Clefable\n|\n|upkeep\n|\n|t:|1783811341\n|switch|p2a: Gholdengo|Gholdengo|100/100\n|-damage|p2a: Gholdengo|94/100|[from] Stealth Rock\n|-damage|p2a: Gholdengo|82/100|[from] Spikes\n|turn|14\n|\n|t:|1783811348\n|switch|p1a: Hatterene|Hatterene, F|100/100\n|-damage|p1a: Hatterene|84/100|[from] Spikes\n|move|p2a: Gholdengo|Shadow Ball|p1a: Hatterene\n|-supereffective|p1a: Hatterene\n|-damage|p1a: Hatterene|30/100\n|\n|upkeep\n|turn|15\n|\n|t:|1783811352\n|move|p2a: Gholdengo|Shadow Ball|p1a: Hatterene\n|-supereffective|p1a: Hatterene\n|-damage|p1a: Hatterene|0 fnt\n|faint|p1a: Hatterene\n|\n|upkeep\n|\n|t:|1783811353\n|switch|p1a: Landorus|Landorus-Therian, M|9/100\n|-ability|p1a: Landorus|Intimidate|boost\n|-unboost|p2a: Gholdengo|atk|1\n|turn|16\n|\n|t:|1783811355\n|move|p1a: Landorus|Earthquake|p2a: Gholdengo\n|-supereffective|p2a: Gholdengo\n|-damage|p2a: Gholdengo|0 fnt\n|faint|p2a: Gholdengo\n|\n|upkeep\n|\n|t:|1783811358\n|switch|p2a: Dragonite|Dragonite, M|77/100\n|turn|17\n|\n|t:|1783811361\n|switch|p1a: Ogerpon|Ogerpon-Wellspring, F|100/100\n|-damage|p1a: Ogerpon|84/100|[from] Spikes\n|move|p2a: Dragonite|Roost|p2a: Dragonite\n|-heal|p2a: Dragonite|100/100\n|-singleturn|p2a: Dragonite|move: Roost\n|\n|upkeep\n|turn|18\n|\n|t:|1783811364\n|move|p1a: Ogerpon|Encore|p2a: Dragonite\n|-start|p2a: Dragonite|Encore\n|move|p2a: Dragonite|Roost||[still]\n|-fail|p2a: Dragonite|heal\n|\n|upkeep\n|turn|19\n|\n|t:|1783811368\n|switch|p2a: Darkrai|Darkrai|100/100\n|move|p1a: Ogerpon|Knock Off|p2a: Darkrai\n|-resisted|p2a: Darkrai\n|-damage|p2a: Darkrai|77/100\n|-enditem|p2a: Darkrai|Heavy-Duty Boots|[from] move: Knock Off|[of] p1a: Ogerpon\n|\n|upkeep\n|turn|20\n|\n|t:|1783811371\n|move|p2a: Darkrai|Will-O-Wisp|p1a: Ogerpon\n|-status|p1a: Ogerpon|brn\n|move|p1a: Ogerpon|U-turn|p2a: Darkrai\n|-supereffective|p2a: Darkrai\n|-damage|p2a: Darkrai|37/100\n|\n|t:|1783811376\n|switch|p1a: Landorus|Landorus-Therian, M|9/100|[from] U-turn\n|-ability|p1a: Landorus|Intimidate|boost\n|-unboost|p2a: Darkrai|atk|1\n|\n|upkeep\n|turn|21\n|\n|t:|1783811382\n|move|p1a: Landorus|Stone Edge|p2a: Darkrai\n|-damage|p2a: Darkrai|0 fnt\n|faint|p2a: Darkrai\n|\n|upkeep\n|\n|t:|1783811385\n|switch|p2a: Dragonite|Dragonite, M|100/100\n|turn|22\n|\n|t:|1783811386\n|move|p2a: Dragonite|Extreme Speed|p1a: Landorus\n|-damage|p1a: Landorus|0 fnt\n|faint|p1a: Landorus\n|\n|upkeep\n|\n|t:|1783811390\n|switch|p1a: Ogerpon|Ogerpon-Wellspring, F|84/100 brn\n|-damage|p1a: Ogerpon|67/100 brn|[from] Spikes\n|turn|23\n|\n|t:|1783811397\n|move|p1a: Ogerpon|Encore|p2a: Dragonite\n|-start|p2a: Dragonite|Encore\n|move|p2a: Dragonite|Extreme Speed|p1a: Ogerpon\n|-damage|p1a: Ogerpon|26/100 brn\n|\n|-damage|p1a: Ogerpon|20/100 brn|[from] brn\n|upkeep\n|turn|24\n|\n|t:|1783811400\n|move|p2a: Dragonite|Extreme Speed|p1a: Ogerpon\n|-damage|p1a: Ogerpon|0 fnt\n|faint|p1a: Ogerpon\n|\n|upkeep\n|\n|t:|1783811402\n|switch|p1a: Darkrai|Darkrai|84/100\n|-damage|p1a: Darkrai|68/100|[from] Spikes\n|turn|25\n|\n|t:|1783811404\n|-terastallize|p2a: Dragonite|Normal\n|move|p2a: Dragonite|Extreme Speed|p1a: Darkrai\n|-damage|p1a: Darkrai|11/100\n|move|p1a: Darkrai|Ice Beam|p2a: Dragonite\n|-damage|p2a: Dragonite|79/100\n|-status|p2a: Dragonite|frz\n|\n|-end|p2a: Dragonite|Encore\n|upkeep\n|turn|26\n|\n|t:|1783811409\n|cant|p2a: Dragonite|frz\n|move|p1a: Darkrai|Ice Beam|p2a: Dragonite\n|-damage|p2a: Dragonite|34/100 frz\n|\n|upkeep\n|turn|27\n|\n|t:|1783811411\n|cant|p2a: Dragonite|frz\n|move|p1a: Darkrai|Ice Beam|p2a: Dragonite\n|-damage|p2a: Dragonite|0 fnt\n|faint|p2a: Dragonite\n|\n|win|xanduh7\n|raw|xanduh7's rating: 1508 &rarr; <strong>1526</strong><br />(+18 for winning)\n|raw|LeChunkalo's rating: 1466 &rarr; <strong>1448</strong><br />(-18 for losing)\n|l|☆xanduh7\n|player|p1|\n", "uploadtime": 1783811422, "views": 19, "formatid": "gen9ou", "rating": 1448, "private": 0, "password": null}