{"id": "gen9ou-2639203403", "format": "[Gen 9] OU", "players": ["fortclay", "Giddlywinkles"], "log": "|j|☆fortclay\n|j|☆Giddlywinkles\n|t:|1782433550\n|gametype|singles\n|player|p1|fortclay|veteran|1070\n|player|p2|Giddlywinkles|palmer|1032\n|gen|9\n|tier|[Gen 9] OU\n|rated|\n|rule|HP Percentage Mod: HP is shown in percentages\n|rule|Endless Battle Clause: Forcing endless battles is banned\n|rule|Species Clause: Limit one of each Pokémon\n|rule|OHKO Clause: OHKO moves are banned\n|rule|Evasion Items Clause: Evasion items are banned\n|rule|Evasion Moves Clause: Evasion moves are banned\n|rule|Evasion Abilities Clause: Evasion abilities are banned\n|rule|Sleep Moves Clause: Sleep-inducing moves are banned\n|clearpoke\n|poke|p1|Medicham, M|\n|poke|p1|Arcanine-Hisui, M|\n|poke|p1|Gyarados, M|\n|poke|p1|Gengar, M|\n|poke|p1|Corviknight, M|\n|poke|p1|Dondozo, M|\n|poke|p2|Feraligatr, M|\n|poke|p2|Gengar, M|\n|poke|p2|Snorlax, M|\n|poke|p2|Tyranitar, M|\n|poke|p2|Breloom, M|\n|poke|p2|Pyroar, M|\n|teampreview\n|\n|t:|1782433557\n|teamsize|p1|6\n|teamsize|p2|6\n|start\n|switch|p1a: Gyarados|Gyarados, M|100/100\n|switch|p2a: Tyranitar|Tyranitar, M|100/100\n|-weather|Sandstorm|[from] ability: Sand Stream|[of] p2a: Tyranitar\n|turn|1\n|\n|t:|1782433567\n|move|p2a: Tyranitar|Ice Beam|p1a: Gyarados\n|-damage|p1a: Gyarados|81/100\n|move|p1a: Gyarados|Dragon Dance|p1a: Gyarados\n|-boost|p1a: Gyarados|atk|1\n|-boost|p1a: Gyarados|spe|1\n|\n|-weather|Sandstorm|[upkeep]\n|-damage|p1a: Gyarados|75/100|[from] Sandstorm\n|upkeep\n|turn|2\n|inactive|Battle timer is ON: inactive players will automatically lose when time's up. (requested by fortclay)\n|\n|t:|1782433604\n|-terastallize|p2a: Tyranitar|Rock\n|move|p1a: Gyarados|Dragon Dance|p1a: Gyarados\n|-boost|p1a: Gyarados|atk|1\n|-boost|p1a: Gyarados|spe|1\n|move|p2a: Tyranitar|Ice Beam|p1a: Gyarados\n|-damage|p1a: Gyarados|56/100\n|\n|-weather|Sandstorm|[upkeep]\n|-damage|p1a: Gyarados|50/100|[from] Sandstorm\n|upkeep\n|turn|3\n|\n|t:|1782433619\n|move|p1a: Gyarados|Waterfall|p2a: Tyranitar\n|-supereffective|p2a: Tyranitar\n|-damage|p2a: Tyranitar|0 fnt\n|faint|p2a: Tyranitar\n|-ability|p1a: Gyarados|Moxie|boost\n|-boost|p1a: Gyarados|atk|1\n|\n|-weather|Sandstorm|[upkeep]\n|-damage|p1a: Gyarados|44/100|[from] Sandstorm\n|upkeep\n|\n|t:|1782433626\n|switch|p2a: Breloom|Breloom, M|100/100\n|turn|4\n|inactive|fortclay has 120 seconds left.\n|\n|t:|1782433657\n|move|p2a: Breloom|Giga Drain|p1a: Gyarados\n|-damage|p1a: Gyarados|26/100\n|move|p1a: Gyarados|Dragon Tail|p2a: Breloom|[miss]\n|-miss|p1a: Gyarados|p2a: Breloom\n|\n|-weather|Sandstorm|[upkeep]\n|-damage|p1a: Gyarados|20/100|[from] Sandstorm\n|-damage|p2a: Breloom|94/100|[from] Sandstorm\n|-status|p2a: Breloom|tox|[from] item: Toxic Orb\n|upkeep\n|turn|5\n|inactive|fortclay has 120 seconds left.\n|\n|t:|1782433668\n|move|p2a: Breloom|Giga Drain|p1a: Gyarados\n|-damage|p1a: Gyarados|4/100\n|-heal|p2a: Breloom|100/100 tox|[from] drain|[of] p1a: Gyarados\n|move|p1a: Gyarados|Dragon Tail|p2a: Breloom\n|-damage|p2a: Breloom|34/100 tox\n|drag|p2a: Pyroar|Pyroar, M|100/100\n|\n|-weather|none\n|upkeep\n|turn|6\n|inactive|fortclay has 120 seconds left.\n|\n|t:|1782433686\n|move|p1a: Gyarados|Earthquake|p2a: Pyroar\n|-supereffective|p2a: Pyroar\n|-damage|p2a: Pyroar|0 fnt\n|faint|p2a: Pyroar\n|-ability|p1a: Gyarados|Moxie|boost\n|-boost|p1a: Gyarados|atk|1\n|\n|upkeep\n|\n|t:|1782433694\n|switch|p2a: Breloom|Breloom, M|34/100 tox\n|turn|7\n|\n|t:|1782433699\n|move|p1a: Gyarados|Earthquake|p2a: Breloom\n|-resisted|p2a: Breloom\n|-damage|p2a: Breloom|0 fnt\n|faint|p2a: Breloom\n|-ability|p1a: Gyarados|Moxie|boost\n|-boost|p1a: Gyarados|atk|1\n|\n|upkeep\n|\n|t:|1782433723\n|switch|p2a: Gengar|Gengar, M|100/100\n|turn|8\n|\n|t:|1782433729\n|move|p1a: Gyarados|Waterfall|p2a: Gengar\n|-enditem|p2a: Gengar|Focus Sash\n|-damage|p2a: Gengar|1/100\n|move|p2a: Gengar|Giga Drain|p1a: Gyarados\n|-damage|p1a: Gyarados|0 fnt\n|-heal|p2a: Gengar|2/100|[from] drain|[of] p1a: Gyarados\n|faint|p1a: Gyarados\n|\n|upkeep\n|\n|t:|1782433744\n|switch|p1a: Gengar|Gengar, M|100/100\n|turn|9\n|c|☆Giddlywinkles|yo fuck yo gyarados bro\n|c|☆Giddlywinkles|slimed all my best fuckers\n|\n|t:|1782433765\n|move|p1a: Gengar|Shadow Ball|p2a: Gengar\n|-supereffective|p2a: Gengar\n|-damage|p2a: Gengar|0 fnt\n|faint|p2a: Gengar\n|\n|upkeep\n|\n|t:|1782433771\n|switch|p2a: Snorlax|Snorlax, M|100/100\n|turn|10\n|\n|t:|1782433775\n|move|p1a: Gengar|Toxic|p2a: Snorlax\n|-immune|p2a: Snorlax|[from] ability: Immunity\n|move|p2a: Snorlax|Shadow Ball|p1a: Gengar\n|-supereffective|p1a: Gengar\n|-damage|p1a: Gengar|55/100\n|\n|upkeep\n|turn|11\n|\n|t:|1782433786\n|move|p1a: Gengar|Venoshock|p2a: Snorlax\n|-damage|p2a: Snorlax|78/100\n|move|p2a: Snorlax|Shadow Ball|p1a: Gengar\n|-supereffective|p1a: Gengar\n|-damage|p1a: Gengar|13/100\n|\n|-heal|p2a: Snorlax|84/100|[from] item: Leftovers\n|upkeep\n|turn|12\n|\n|t:|1782433797\n|move|p1a: Gengar|Destiny Bond|p1a: Gengar\n|-singlemove|p1a: Gengar|Destiny Bond\n|move|p2a: Snorlax|Body Slam|p1a: Gengar\n|-immune|p1a: Gengar\n|\n|-heal|p2a: Snorlax|91/100|[from] item: Leftovers\n|upkeep\n|turn|13\n|\n|t:|1782433807\n|move|p1a: Gengar|Destiny Bond||[still]\n|-fail|p1a: Gengar\n|move|p2a: Snorlax|Shadow Ball|p1a: Gengar\n|-supereffective|p1a: Gengar\n|-damage|p1a: Gengar|0 fnt\n|faint|p1a: Gengar\n|\n|-heal|p2a: Snorlax|97/100|[from] item: Leftovers\n|upkeep\n|\n|t:|1782433817\n|switch|p1a: Medicham|Medicham, M|100/100\n|turn|14\n|\n|t:|1782433831\n|move|p1a: Medicham|Drain Punch|p2a: Snorlax\n|-supereffective|p2a: Snorlax\n|-damage|p2a: Snorlax|25/100\n|move|p2a: Snorlax|Earthquake|p1a: Medicham\n|-damage|p1a: Medicham|68/100\n|\n|-heal|p2a: Snorlax|31/100|[from] item: Leftovers\n|upkeep\n|turn|15\n|\n|t:|1782433842\n|move|p1a: Medicham|Drain Punch|p2a: Snorlax\n|-supereffective|p2a: Snorlax\n|-damage|p2a: Snorlax|0 fnt\n|-heal|p1a: Medicham|95/100|[from] drain|[of] p2a: Snorlax\n|faint|p2a: Snorlax\n|\n|upkeep\n|\n|t:|1782433848\n|switch|p2a: Feraligatr|Feraligatr, M|100/100\n|turn|16\n|\n|t:|1782433858\n|move|p2a: Feraligatr|Waterfall|p1a: Medicham\n|-damage|p1a: Medicham|43/100\n|-damage|p2a: Feraligatr|91/100|[from] item: Life Orb\n|move|p1a: Medicham|Drain Punch|p2a: Feraligatr\n|-damage|p2a: Feraligatr|36/100\n|-heal|p1a: Medicham|79/100|[from] drain|[of] p2a: Feraligatr\n|\n|upkeep\n|turn|17\n|\n|t:|1782433868\n|move|p2a: Feraligatr|Waterfall|p1a: Medicham\n|-damage|p1a: Medicham|27/100\n|-damage|p2a: Feraligatr|26/100|[from] item: Life Orb\n|move|p1a: Medicham|Drain Punch|p2a: Feraligatr\n|-damage|p2a: Feraligatr|0 fnt\n|-heal|p1a: Medicham|45/100|[from] drain|[of] p2a: Feraligatr\n|faint|p2a: Feraligatr\n|\n|win|fortclay\n", "uploadtime": 1782433753, "views": 4, "formatid": "gen9ou", "rating": null, "private": 0, "password": null}