{"id": "gen9ou-2639305440", "format": "[Gen 9] OU", "players": ["XDSABERY", "Pig Perfect"], "log": "|j|☆XDSABERY\n|j|☆Pig Perfect\n|t:|1782449626\n|gametype|singles\n|player|p1|XDSABERY|101|1469\n|player|p2|Pig Perfect|workerice|1522\n|gen|9\n|tier|[Gen 9] OU\n|rated|\n|rule|HP Percentage Mod: HP is shown in percentages\n|rule|Endless Battle Clause: Forcing endless battles is banned\n|rule|Species Clause: Limit one of each Pokémon\n|rule|OHKO Clause: OHKO moves are banned\n|rule|Evasion Items Clause: Evasion items are banned\n|rule|Evasion Moves Clause: Evasion moves are banned\n|rule|Evasion Abilities Clause: Evasion abilities are banned\n|rule|Sleep Moves Clause: Sleep-inducing moves are banned\n|clearpoke\n|poke|p1|Gholdengo|\n|poke|p1|Garganacl, F|\n|poke|p1|Volcanion|\n|poke|p1|Great Tusk|\n|poke|p1|Zapdos|\n|poke|p1|Meowscarada, F|\n|poke|p2|Corviknight, F|\n|poke|p2|Darkrai|\n|poke|p2|Mamoswine, M|\n|poke|p2|Ogerpon-Wellspring, F|\n|poke|p2|Slowking-Galar, M|\n|poke|p2|Zamazenta-*|\n|teampreview\n|inactive|Battle timer is ON: inactive players will automatically lose when time's up. (requested by XDSABERY)\n|\n|t:|1782449646\n|teamsize|p1|6\n|teamsize|p2|6\n|start\n|switch|p1a: Gholdengo|Gholdengo|100/100\n|switch|p2a: Mamoswine|Mamoswine, M|100/100\n|turn|1\n|\n|t:|1782449654\n|switch|p2a: Slowking|Slowking-Galar, M|100/100\n|move|p1a: Gholdengo|Make It Rain|p2a: Slowking\n|-damage|p2a: Slowking|58/100\n|-unboost|p1a: Gholdengo|spa|1\n|\n|upkeep\n|turn|2\n|\n|t:|1782449660\n|switch|p1a: Garganacl|Garganacl, F|100/100\n|move|p2a: Slowking|Future Sight|p1a: Garganacl\n|-start|p2a: Slowking|move: Future Sight\n|\n|upkeep\n|turn|3\n|\n|t:|1782449665\n|move|p1a: Garganacl|Stealth Rock|p2a: Slowking\n|-sidestart|p2: Pig Perfect|move: Stealth Rock\n|-prepare|p2a: Slowking|Chilly Reception|[premajor]\n|move|p2a: Slowking|Chilly Reception|p2a: Slowking\n|-weather|Snowscape\n|\n|t:|1782449669\n|switch|p2a: Mamoswine|Mamoswine, M|100/100|[from] Chilly Reception\n|-damage|p2a: Mamoswine|88/100|[from] Stealth Rock\n|\n|-weather|Snowscape|[upkeep]\n|upkeep\n|turn|4\n|\n|t:|1782449673\n|move|p1a: Garganacl|Protect|p1a: Garganacl\n|-singleturn|p1a: Garganacl|Protect\n|move|p2a: Mamoswine|Stealth Rock|p1a: Garganacl\n|-sidestart|p1: XDSABERY|move: Stealth Rock\n|\n|-weather|Snowscape|[upkeep]\n|-end|p1a: Garganacl|move: Future Sight\n|-damage|p1a: Garganacl|72/100\n|-heal|p1a: Garganacl|78/100|[from] item: Leftovers\n|upkeep\n|turn|5\n|\n|t:|1782449678\n|switch|p1a: Zapdos|Zapdos|100/100\n|move|p2a: Mamoswine|Earthquake|p1a: Zapdos\n|-immune|p1a: Zapdos\n|\n|-weather|Snowscape|[upkeep]\n|upkeep\n|turn|6\n|\n|t:|1782449690\n|move|p1a: Zapdos|Hurricane|p2a: Mamoswine\n|-damage|p2a: Mamoswine|32/100\n|move|p2a: Mamoswine|Icicle Crash|p1a: Zapdos\n|-supereffective|p1a: Zapdos\n|-damage|p1a: Zapdos|29/100\n|\n|-weather|Snowscape|[upkeep]\n|upkeep\n|turn|7\n|\n|t:|1782449704\n|move|p1a: Zapdos|Roost|p1a: Zapdos\n|-heal|p1a: Zapdos|80/100\n|-singleturn|p1a: Zapdos|move: Roost\n|move|p2a: Mamoswine|Earthquake|p1a: Zapdos\n|-supereffective|p1a: Zapdos\n|-damage|p1a: Zapdos|0 fnt\n|faint|p1a: Zapdos\n|\n|-weather|none\n|upkeep\n|\n|t:|1782449722\n|switch|p1a: Garganacl|Garganacl, F|78/100\n|-damage|p1a: Garganacl|65/100|[from] Stealth Rock\n|turn|8\n|\n|t:|1782449725\n|-terastallize|p1a: Garganacl|Fairy\n|move|p2a: Mamoswine|Earthquake|p1a: Garganacl\n|-damage|p1a: Garganacl|28/100\n|move|p1a: Garganacl|Salt Cure|p2a: Mamoswine\n|-damage|p2a: Mamoswine|18/100\n|-start|p2a: Mamoswine|Salt Cure\n|\n|-heal|p1a: Garganacl|34/100|[from] item: Leftovers\n|-damage|p2a: Mamoswine|6/100|[from] Salt Cure\n|upkeep\n|turn|9\n|\n|t:|1782449732\n|switch|p2a: Corviknight|Corviknight, F|100/100\n|-damage|p2a: Corviknight|88/100|[from] Stealth Rock\n|-ability|p2a: Corviknight|Pressure\n|move|p1a: Garganacl|Protect||[still]\n|-fail|p1a: Garganacl\n|\n|-heal|p1a: Garganacl|41/100|[from] item: Leftovers\n|upkeep\n|turn|10\n|\n|t:|1782449736\n|move|p2a: Corviknight|Defog|p1a: Garganacl\n|-unboost|p1a: Garganacl|evasion|1\n|-sideend|p1: XDSABERY|Stealth Rock|[from] move: Defog|[of] p2a: Corviknight\n|-sideend|p2: Pig Perfect|Stealth Rock|[from] move: Defog|[of] p2a: Corviknight\n|move|p1a: Garganacl|Recover|p1a: Garganacl\n|-heal|p1a: Garganacl|91/100\n|\n|-heal|p1a: Garganacl|97/100|[from] item: Leftovers\n|upkeep\n|turn|11\n|\n|t:|1782449745\n|switch|p2a: Darkrai|Darkrai|100/100\n|move|p1a: Garganacl|Stealth Rock|p2a: Darkrai\n|-sidestart|p2: Pig Perfect|move: Stealth Rock\n|\n|-heal|p1a: Garganacl|100/100|[from] item: Leftovers\n|upkeep\n|turn|12\n|\n|t:|1782449749\n|move|p2a: Darkrai|Trick|p1a: Garganacl\n|-activate|p2a: Darkrai|move: Trick|[of] p1a: Garganacl\n|-item|p1a: Garganacl|Choice Scarf|[from] move: Trick\n|-item|p2a: Darkrai|Leftovers|[from] move: Trick\n|move|p1a: Garganacl|Salt Cure|p2a: Darkrai\n|-damage|p2a: Darkrai|82/100\n|-start|p2a: Darkrai|Salt Cure\n|\n|-heal|p2a: Darkrai|88/100|[from] item: Leftovers\n|-damage|p2a: Darkrai|76/100|[from] Salt Cure\n|upkeep\n|turn|13\n|\n|t:|1782449756\n|switch|p2a: Corviknight|Corviknight, F|88/100\n|-damage|p2a: Corviknight|76/100|[from] Stealth Rock\n|-ability|p2a: Corviknight|Pressure\n|move|p1a: Garganacl|Salt Cure|p2a: Corviknight\n|-damage|p2a: Corviknight|68/100\n|-start|p2a: Corviknight|Salt Cure\n|\n|-damage|p2a: Corviknight|43/100|[from] Salt Cure\n|upkeep\n|turn|14\n|\n|t:|1782449759\n|switch|p1a: Gholdengo|Gholdengo|100/100\n|move|p2a: Corviknight|Defog|p1a: Gholdengo\n|-immune|p1a: Gholdengo|[from] ability: Good as Gold\n|\n|-damage|p2a: Corviknight|19/100|[from] Salt Cure\n|upkeep\n|turn|15\n|\n|t:|1782449765\n|switch|p2a: Darkrai|Darkrai|76/100\n|-damage|p2a: Darkrai|63/100|[from] Stealth Rock\n|move|p1a: Gholdengo|Trick|p2a: Darkrai\n|-activate|p1a: Gholdengo|move: Trick|[of] p2a: Darkrai\n|-item|p2a: Darkrai|Choice Scarf|[from] move: Trick\n|-item|p1a: Gholdengo|Leftovers|[from] move: Trick\n|\n|upkeep\n|turn|16\n|\n|t:|1782449778\n|switch|p2a: Corviknight|Corviknight, F|19/100\n|-damage|p2a: Corviknight|6/100|[from] Stealth Rock\n|-ability|p2a: Corviknight|Pressure\n|move|p1a: Gholdengo|Make It Rain|p2a: Corviknight\n|-resisted|p2a: Corviknight\n|-damage|p2a: Corviknight|0 fnt\n|-unboost|p1a: Gholdengo|spa|1\n|faint|p2a: Corviknight\n|\n|upkeep\n|\n|t:|1782449782\n|switch|p2a: Ogerpon|Ogerpon-Wellspring, F|100/100\n|-damage|p2a: Ogerpon|88/100|[from] Stealth Rock\n|turn|17\n|\n|t:|1782449792\n|switch|p1a: Volcanion|Volcanion|100/100\n|move|p2a: Ogerpon|Swords Dance|p2a: Ogerpon\n|-boost|p2a: Ogerpon|atk|2\n|\n|upkeep\n|turn|18\n|\n|t:|1782449809\n|-terastallize|p2a: Ogerpon|Water\n|detailschange|p2a: Ogerpon|Ogerpon-Wellspring-Tera, F, tera:Water\n|-ability|p2a: Ogerpon|Embody Aspect (Wellspring)|boost\n|-boost|p2a: Ogerpon|spd|1\n|move|p2a: Ogerpon|Swords Dance|p2a: Ogerpon\n|-boost|p2a: Ogerpon|atk|2\n|move|p1a: Volcanion|Will-O-Wisp|p2a: Ogerpon\n|-status|p2a: Ogerpon|brn\n|\n|-damage|p2a: Ogerpon|82/100 brn|[from] brn\n|upkeep\n|turn|19\n|\n|t:|1782449818\n|move|p2a: Ogerpon|Horn Leech|p1a: Volcanion\n|-damage|p1a: Volcanion|47/100\n|-heal|p2a: Ogerpon|100/100 brn|[from] drain|[of] p1a: Volcanion\n|move|p1a: Volcanion|Sludge Bomb|p2a: Ogerpon\n|-damage|p2a: Ogerpon|72/100 brn\n|\n|-damage|p2a: Ogerpon|66/100 brn|[from] brn\n|upkeep\n|turn|20\n|\n|t:|1782449826\n|move|p2a: Ogerpon|Horn Leech|p1a: Volcanion\n|-damage|p1a: Volcanion|0 fnt\n|-heal|p2a: Ogerpon|92/100 brn|[from] drain|[of] p1a: Volcanion\n|faint|p1a: Volcanion\n|\n|-damage|p2a: Ogerpon|86/100 brn|[from] brn\n|upkeep\n|\n|t:|1782449830\n|switch|p1a: Meowscarada|Meowscarada, F|100/100\n|turn|21\n|\n|t:|1782449855\n|switch|p2a: Slowking|Slowking-Galar, M|91/100\n|move|p1a: Meowscarada|Flower Trick|p2a: Slowking\n|-start|p1a: Meowscarada|typechange|Grass|[from] ability: Protean\n|-resisted|p2a: Slowking\n|-crit|p2a: Slowking\n|-damage|p2a: Slowking|56/100\n|\n|upkeep\n|turn|22\n|\n|t:|1782449863\n|switch|p1a: Garganacl|Garganacl, F, tera:Fairy|100/100\n|-prepare|p2a: Slowking|Chilly Reception|[premajor]\n|move|p2a: Slowking|Chilly Reception|p2a: Slowking\n|-weather|Snowscape\n|\n|t:|1782449870\n|switch|p2a: Ogerpon|Ogerpon-Wellspring-Tera, F, tera:Water|86/100 brn|[from] Chilly Reception\n|-damage|p2a: Ogerpon|74/100 brn|[from] Stealth Rock\n|-ability|p2a: Ogerpon|Embody Aspect (Wellspring)|boost\n|-boost|p2a: Ogerpon|spd|1\n|\n|-weather|Snowscape|[upkeep]\n|-damage|p2a: Ogerpon|68/100 brn|[from] brn\n|upkeep\n|turn|23\n|\n|t:|1782449884\n|move|p2a: Ogerpon|Ivy Cudgel|p1a: Garganacl|[anim] Ivy Cudgel Water\n|-damage|p1a: Garganacl|73/100\n|move|p1a: Garganacl|Salt Cure|p2a: Ogerpon\n|-damage|p2a: Ogerpon|51/100 brn\n|-start|p2a: Ogerpon|Salt Cure\n|\n|-weather|Snowscape|[upkeep]\n|-damage|p2a: Ogerpon|45/100 brn|[from] brn\n|-damage|p2a: Ogerpon|20/100 brn|[from] Salt Cure\n|upkeep\n|turn|24\n|\n|t:|1782449888\n|move|p2a: Ogerpon|Ivy Cudgel|p1a: Garganacl|[anim] Ivy Cudgel Water\n|-damage|p1a: Garganacl|48/100\n|move|p1a: Garganacl|Salt Cure|p2a: Ogerpon\n|-damage|p2a: Ogerpon|0 fnt\n|faint|p2a: Ogerpon\n|detailschange|p2: Ogerpon|Ogerpon-Wellspring, F|[silent]\n|\n|-weather|Snowscape|[upkeep]\n|upkeep\n|\n|t:|1782449894\n|switch|p2a: Slowking|Slowking-Galar, M|89/100\n|turn|25\n|\n|t:|1782449897\n|move|p1a: Garganacl|Salt Cure|p2a: Slowking\n|-damage|p2a: Slowking|75/100\n|-start|p2a: Slowking|Salt Cure\n|move|p2a: Slowking|Flamethrower|p1a: Garganacl\n|-damage|p1a: Garganacl|33/100\n|\n|-weather|Snowscape|[upkeep]\n|-damage|p2a: Slowking|62/100|[from] Salt Cure\n|upkeep\n|turn|26\n|\n|t:|1782449900\n|switch|p1a: Meowscarada|Meowscarada, F|100/100\n|-prepare|p2a: Slowking|Chilly Reception|[premajor]\n|move|p2a: Slowking|Chilly Reception|p2a: Slowking\n|\n|t:|1782449903\n|switch|p2a: Darkrai|Darkrai|63/100|[from] Chilly Reception\n|-damage|p2a: Darkrai|51/100|[from] Stealth Rock\n|\n|-weather|none\n|upkeep\n|turn|27\n|\n|t:|1782449908\n|switch|p1a: Gholdengo|Gholdengo|100/100\n|move|p2a: Darkrai|Blizzard|p1a: Gholdengo\n|-resisted|p1a: Gholdengo\n|-damage|p1a: Gholdengo|78/100\n|\n|-heal|p1a: Gholdengo|84/100|[from] item: Leftovers\n|upkeep\n|turn|28\n|\n|t:|1782449920\n|switch|p2a: Mamoswine|Mamoswine, M|6/100\n|-damage|p2a: Mamoswine|0 fnt|[from] Stealth Rock\n|faint|p2a: Mamoswine\n|switch|p1a: Meowscarada|Meowscarada, F|100/100\n|\n|upkeep\n|\n|t:|1782449925\n|switch|p2a: Zamazenta|Zamazenta|100/100\n|-damage|p2a: Zamazenta|94/100|[from] Stealth Rock\n|-ability|p2a: Zamazenta|Dauntless Shield|boost\n|-boost|p2a: Zamazenta|def|1\n|turn|29\n|\n|t:|1782449941\n|switch|p1a: Garganacl|Garganacl, F, tera:Fairy|33/100\n|move|p2a: Zamazenta|Close Combat|p1a: Garganacl\n|-resisted|p1a: Garganacl\n|-damage|p1a: Garganacl|13/100\n|-unboost|p2a: Zamazenta|def|1\n|-unboost|p2a: Zamazenta|spd|1\n|\n|upkeep\n|turn|30\n|\n|t:|1782449946\n|move|p2a: Zamazenta|Heavy Slam|p1a: Garganacl\n|-supereffective|p1a: Garganacl\n|-damage|p1a: Garganacl|0 fnt\n|faint|p1a: Garganacl\n|\n|upkeep\n|\n|t:|1782449949\n|switch|p1a: Gholdengo|Gholdengo|84/100\n|turn|31\n|\n|t:|1782449954\n|switch|p2a: Slowking|Slowking-Galar, M|95/100\n|move|p1a: Gholdengo|Shadow Ball|p2a: Slowking\n|-supereffective|p2a: Slowking\n|-damage|p2a: Slowking|42/100\n|\n|-heal|p1a: Gholdengo|90/100|[from] item: Leftovers\n|upkeep\n|turn|32\n|\n|t:|1782449964\n|move|p1a: Gholdengo|Shadow Ball|p2a: Slowking\n|-supereffective|p2a: Slowking\n|-damage|p2a: Slowking|0 fnt\n|faint|p2a: Slowking\n|\n|-heal|p1a: Gholdengo|96/100|[from] item: Leftovers\n|upkeep\n|\n|t:|1782449967\n|switch|p2a: Darkrai|Darkrai|51/100\n|-damage|p2a: Darkrai|39/100|[from] Stealth Rock\n|turn|33\n|\n|t:|1782449981\n|move|p2a: Darkrai|Blizzard|p1a: Gholdengo\n|-resisted|p1a: Gholdengo\n|-damage|p1a: Gholdengo|75/100\n|move|p1a: Gholdengo|Make It Rain|p2a: Darkrai\n|-damage|p2a: Darkrai|0 fnt\n|-unboost|p1a: Gholdengo|spa|1\n|faint|p2a: Darkrai\n|\n|-heal|p1a: Gholdengo|81/100|[from] item: Leftovers\n|upkeep\n|\n|t:|1782449986\n|switch|p2a: Zamazenta|Zamazenta|94/100\n|-damage|p2a: Zamazenta|88/100|[from] Stealth Rock\n|turn|34\n|\n|t:|1782449994\n|move|p2a: Zamazenta|Crunch|p1a: Gholdengo\n|-supereffective|p1a: Gholdengo\n|-damage|p1a: Gholdengo|5/100\n|-unboost|p1a: Gholdengo|def|1\n|move|p1a: Gholdengo|Make It Rain|p2a: Zamazenta\n|-damage|p2a: Zamazenta|43/100\n|-unboost|p1a: Gholdengo|spa|1\n|\n|-heal|p1a: Gholdengo|11/100|[from] item: Leftovers\n|upkeep\n|turn|35\n|\n|t:|1782450002\n|move|p2a: Zamazenta|Crunch|p1a: Gholdengo\n|-supereffective|p1a: Gholdengo\n|-damage|p1a: Gholdengo|0 fnt\n|faint|p1a: Gholdengo\n|\n|upkeep\n|\n|t:|1782450004\n|switch|p1a: Meowscarada|Meowscarada, F|100/100\n|turn|36\n|\n|t:|1782450010\n|move|p2a: Zamazenta|Close Combat|p1a: Meowscarada\n|-supereffective|p1a: Meowscarada\n|-damage|p1a: Meowscarada|0 fnt\n|-unboost|p2a: Zamazenta|def|1\n|-unboost|p2a: Zamazenta|spd|1\n|faint|p1a: Meowscarada\n|\n|upkeep\n|\n|t:|1782450012\n|switch|p1a: Great Tusk|Great Tusk|100/100\n|turn|37\n|\n|t:|1782450016\n|move|p2a: Zamazenta|Crunch|p1a: Great Tusk\n|-resisted|p1a: Great Tusk\n|-damage|p1a: Great Tusk|91/100\n|move|p1a: Great Tusk|Close Combat|p2a: Zamazenta\n|-damage|p2a: Zamazenta|0 fnt\n|-unboost|p1a: Great Tusk|def|1\n|-unboost|p1a: Great Tusk|spd|1\n|faint|p2a: Zamazenta\n|\n|win|XDSABERY\n|raw|XDSABERY's rating: 1469 &rarr; <strong>1492</strong><br />(+23 for winning)\n|raw|Pig Perfect's rating: 1522 &rarr; <strong>1499</strong><br />(-23 for losing)\n|l|☆Pig Perfect\n|player|p2|\n|l|☆XDSABERY\n|player|p1|\n", "uploadtime": 1782450182, "views": 3, "formatid": "gen9ou", "rating": 1492, "private": 0, "password": null}