{"id": "gen9ou-2647689215", "format": "[Gen 9] OU", "players": ["DonutElPro", "wLLLLLLLLLLLLLLLLL"], "log": "|j|☆DonutElPro\n|j|☆wLLLLLLLLLLLLLLLLL\n|t:|1783796653\n|gametype|singles\n|player|p1|DonutElPro|guitarist-gen4|1067\n|player|p2|wLLLLLLLLLLLLLLLLL|iris|1073\n|gen|9\n|tier|[Gen 9] OU\n|rated|\n|rule|HP Percentage Mod: HP is shown in percentages\n|rule|Endless Battle Clause: Forcing endless battles is banned\n|rule|Species Clause: Limit one of each Pokémon\n|rule|OHKO Clause: OHKO moves are banned\n|rule|Evasion Items Clause: Evasion items are banned\n|rule|Evasion Moves Clause: Evasion moves are banned\n|rule|Evasion Abilities Clause: Evasion abilities are banned\n|rule|Sleep Moves Clause: Sleep-inducing moves are banned\n|clearpoke\n|poke|p1|Serperior, M|\n|poke|p1|Toxtricity-Low-Key, M|\n|poke|p1|Kommo-o, M|\n|poke|p1|Krookodile, M|\n|poke|p1|Slowking-Galar, F|\n|poke|p1|Corviknight, F|\n|poke|p2|Feraligatr, F|\n|poke|p2|Golem, F|\n|poke|p2|Palossand, M|\n|poke|p2|Cinccino, M|\n|poke|p2|Cufant, F|\n|poke|p2|Ceruledge, F|\n|teampreview\n|\n|t:|1783796672\n|teamsize|p1|6\n|teamsize|p2|6\n|start\n|switch|p1a: Kommo-o|Kommo-o, M|100/100\n|switch|p2a: Feraligatr|Feraligatr, F|100/100\n|turn|1\n|\n|t:|1783796690\n|move|p1a: Kommo-o|Clangorous Soul|p1a: Kommo-o\n|-boost|p1a: Kommo-o|atk|1\n|-boost|p1a: Kommo-o|def|1\n|-boost|p1a: Kommo-o|spa|1\n|-boost|p1a: Kommo-o|spd|1\n|-boost|p1a: Kommo-o|spe|1\n|-damage|p1a: Kommo-o|68/100\n|move|p2a: Feraligatr|Ice Fang|p1a: Kommo-o\n|-supereffective|p1a: Kommo-o\n|-damage|p1a: Kommo-o|20/100\n|-enditem|p1a: Kommo-o|Sitrus Berry|[eat]\n|-heal|p1a: Kommo-o|45/100|[from] item: Sitrus Berry\n|\n|upkeep\n|turn|2\n|\n|t:|1783796703\n|move|p1a: Kommo-o|Drain Punch|p2a: Feraligatr\n|-crit|p2a: Feraligatr\n|-damage|p2a: Feraligatr|25/100\n|-heal|p1a: Kommo-o|85/100|[from] drain|[of] p2a: Feraligatr\n|move|p2a: Feraligatr|Ice Fang|p1a: Kommo-o\n|-supereffective|p1a: Kommo-o\n|-damage|p1a: Kommo-o|39/100\n|\n|upkeep\n|turn|3\n|\n|t:|1783796713\n|move|p1a: Kommo-o|Drain Punch|p2a: Feraligatr\n|-damage|p2a: Feraligatr|0 fnt\n|-heal|p1a: Kommo-o|53/100|[from] drain|[of] p2a: Feraligatr\n|faint|p2a: Feraligatr\n|\n|upkeep\n|\n|t:|1783796725\n|switch|p2a: Golem|Golem, F|100/100\n|turn|4\n|\n|t:|1783796769\n|move|p1a: Kommo-o|Drain Punch|p2a: Golem\n|-supereffective|p2a: Golem\n|-damage|p2a: Golem|40/100\n|-heal|p1a: Kommo-o|88/100|[from] drain|[of] p2a: Golem\n|move|p2a: Golem|Body Press|p1a: Kommo-o\n|-damage|p1a: Kommo-o|70/100\n|\n|upkeep\n|turn|5\n|\n|t:|1783796783\n|move|p1a: Kommo-o|Clangorous Soul|p1a: Kommo-o\n|-boost|p1a: Kommo-o|atk|1\n|-boost|p1a: Kommo-o|def|1\n|-boost|p1a: Kommo-o|spa|1\n|-boost|p1a: Kommo-o|spd|1\n|-boost|p1a: Kommo-o|spe|1\n|-damage|p1a: Kommo-o|37/100\n|move|p2a: Golem|Body Press|p1a: Kommo-o\n|-crit|p1a: Kommo-o\n|-damage|p1a: Kommo-o|0 fnt\n|faint|p1a: Kommo-o\n|\n|upkeep\n|\n|t:|1783796804\n|switch|p1a: Toxtricity|Toxtricity-Low-Key, M|100/100\n|turn|6\n|\n|t:|1783796812\n|move|p1a: Toxtricity|Psychic Noise|p2a: Golem\n|-damage|p2a: Golem|0 fnt\n|faint|p2a: Golem\n|\n|upkeep\n|\n|t:|1783796820\n|switch|p2a: Palossand|Palossand, M, shiny|100/100\n|turn|7\n|\n|t:|1783796829\n|move|p1a: Toxtricity|Psychic Noise|p2a: Palossand\n|-damage|p2a: Palossand|51/100\n|-start|p2a: Palossand|move: Heal Block\n|move|p2a: Palossand|Scorching Sands|p1a: Toxtricity\n|-supereffective|p1a: Toxtricity\n|-damage|p1a: Toxtricity|0 fnt\n|faint|p1a: Toxtricity\n|\n|upkeep\n|\n|t:|1783796841\n|switch|p1a: Serperior|Serperior, M|100/100\n|turn|8\n|\n|t:|1783796856\n|move|p1a: Serperior|Leaf Storm|p2a: Palossand\n|-supereffective|p2a: Palossand\n|-damage|p2a: Palossand|0 fnt\n|-boost|p1a: Serperior|spa|2\n|faint|p2a: Palossand\n|\n|upkeep\n|\n|t:|1783796862\n|switch|p2a: Ceruledge|Ceruledge, F|100/100\n|turn|9\n|\n|t:|1783796869\n|move|p1a: Serperior|Leech Seed|p2a: Ceruledge\n|-start|p2a: Ceruledge|move: Leech Seed\n|move|p2a: Ceruledge|Bitter Blade|p1a: Serperior\n|-supereffective|p1a: Serperior\n|-damage|p1a: Serperior|0 fnt\n|faint|p1a: Serperior\n|\n|upkeep\n|\n|t:|1783796877\n|switch|p1a: Krookodile|Krookodile, M|100/100\n|-ability|p1a: Krookodile|Intimidate|boost\n|-unboost|p2a: Ceruledge|atk|1\n|turn|10\n|\n|t:|1783796884\n|move|p1a: Krookodile|Knock Off|p2a: Ceruledge\n|-supereffective|p2a: Ceruledge\n|-damage|p2a: Ceruledge|0 fnt\n|-enditem|p2a: Ceruledge|Choice Band|[from] move: Knock Off|[of] p1a: Krookodile\n|faint|p2a: Ceruledge\n|\n|upkeep\n|\n|t:|1783796893\n|switch|p2a: Cinccino|Cinccino, M|100/100\n|turn|11\n|\n|t:|1783796900\n|switch|p1a: Corviknight|Corviknight, F|100/100\n|-ability|p1a: Corviknight|Pressure\n|move|p2a: Cinccino|Bullet Seed|p1a: Corviknight\n|-resisted|p1a: Corviknight\n|-damage|p1a: Corviknight|99/100\n|-resisted|p1a: Corviknight\n|-damage|p1a: Corviknight|97/100\n|-resisted|p1a: Corviknight\n|-damage|p1a: Corviknight|95/100\n|-resisted|p1a: Corviknight\n|-damage|p1a: Corviknight|93/100\n|-hitcount|p1a: Corviknight|4\n|\n|-heal|p1a: Corviknight|99/100|[from] item: Leftovers\n|upkeep\n|turn|12\n|\n|t:|1783796920\n|move|p2a: Cinccino|Encore||[still]\n|-fail|p2a: Cinccino\n|move|p1a: Corviknight|Iron Defense|p1a: Corviknight\n|-boost|p1a: Corviknight|def|2\n|\n|-heal|p1a: Corviknight|100/100|[from] item: Leftovers\n|upkeep\n|turn|13\n|\n|t:|1783796962\n|move|p2a: Cinccino|Bullet Seed|p1a: Corviknight\n|-resisted|p1a: Corviknight\n|-damage|p1a: Corviknight|99/100\n|-resisted|p1a: Corviknight\n|-damage|p1a: Corviknight|99/100\n|-resisted|p1a: Corviknight\n|-damage|p1a: Corviknight|98/100\n|-resisted|p1a: Corviknight\n|-damage|p1a: Corviknight|97/100\n|-resisted|p1a: Corviknight\n|-damage|p1a: Corviknight|96/100\n|-hitcount|p1a: Corviknight|5\n|move|p1a: Corviknight|Body Press|p2a: Cinccino\n|-supereffective|p2a: Cinccino\n|-damage|p2a: Cinccino|0 fnt\n|faint|p2a: Cinccino\n|\n|-heal|p1a: Corviknight|100/100|[from] item: Leftovers\n|upkeep\n|\n|t:|1783796981\n|switch|p2a: Cufant|Cufant, F|100/100\n|turn|14\n|\n|t:|1783796991\n|move|p1a: Corviknight|Body Press|p2a: Cufant\n|-supereffective|p2a: Cufant\n|-damage|p2a: Cufant|0 fnt\n|faint|p2a: Cufant\n|\n|win|DonutElPro\n|raw|DonutElPro's rating: 1067 &rarr; <strong>1097</strong><br />(+30 for winning)\n|raw|wLLLLLLLLLLLLLLLLL's rating: 1073 &rarr; <strong>1052</strong><br />(-21 for losing)\n|l|☆DonutElPro\n|player|p1|\n|l|☆wLLLLLLLLLLLLLLLLL\n|player|p2|\n", "uploadtime": 1783797342, "views": 11, "formatid": "gen9ou", "rating": 1052, "private": 0, "password": null}