{"id": "gen9ou-2647838347", "format": "[Gen 9] OU", "players": ["superprews", "a81523519"], "log": "|j|☆superprews\n|j|☆a81523519\n|t:|1783821552\n|gametype|singles\n|player|p1|superprews|101|1300\n|player|p2|a81523519|pokemonranger-gen4|1303\n|gen|9\n|tier|[Gen 9] OU\n|rated|\n|rule|HP Percentage Mod: HP is shown in percentages\n|rule|Endless Battle Clause: Forcing endless battles is banned\n|rule|Species Clause: Limit one of each Pokémon\n|rule|OHKO Clause: OHKO moves are banned\n|rule|Evasion Items Clause: Evasion items are banned\n|rule|Evasion Moves Clause: Evasion moves are banned\n|rule|Evasion Abilities Clause: Evasion abilities are banned\n|rule|Sleep Moves Clause: Sleep-inducing moves are banned\n|clearpoke\n|poke|p1|Gliscor, M|\n|poke|p1|Gholdengo|\n|poke|p1|Dragonite, M|\n|poke|p1|Ting-Lu|\n|poke|p1|Darkrai|\n|poke|p1|Zamazenta-*|\n|poke|p2|Mandibuzz, F|\n|poke|p2|Blaziken, M|\n|poke|p2|Mudsdale, M|\n|poke|p2|Frosmoth, F|\n|poke|p2|Iron Crown|\n|poke|p2|Zapdos|\n|teampreview\n|inactive|Battle timer is ON: inactive players will automatically lose when time's up. (requested by superprews)\n|\n|t:|1783821560\n|teamsize|p1|6\n|teamsize|p2|6\n|start\n|switch|p1a: Gliscor|Gliscor, M|100/100\n|switch|p2a: Frosmoth|Frosmoth, F|100/100\n|turn|1\n|\n|t:|1783821568\n|move|p2a: Frosmoth|Ice Beam|p1a: Gliscor\n|-supereffective|p1a: Gliscor\n|-damage|p1a: Gliscor|0 fnt\n|faint|p1a: Gliscor\n|\n|upkeep\n|\n|t:|1783821573\n|switch|p1a: Gholdengo|Gholdengo|100/100\n|turn|2\n|inactive|a81523519 has 120 seconds left.\n|\n|t:|1783821610\n|-terastallize|p2a: Frosmoth|Flying\n|move|p1a: Gholdengo|Trick|p2a: Frosmoth\n|-activate|p1a: Gholdengo|move: Trick|[of] p2a: Frosmoth\n|-item|p2a: Frosmoth|Choice Scarf|[from] move: Trick\n|-item|p1a: Gholdengo|Heavy-Duty Boots|[from] move: Trick\n|move|p2a: Frosmoth|Quiver Dance|p2a: Frosmoth\n|-boost|p2a: Frosmoth|spa|1\n|-boost|p2a: Frosmoth|spd|1\n|-boost|p2a: Frosmoth|spe|1\n|\n|upkeep\n|turn|3\n|inactive|a81523519 has 120 seconds left.\n|\n|t:|1783821624\n|switch|p2a: Zapdos|Zapdos|100/100\n|move|p1a: Gholdengo|Make It Rain|p2a: Zapdos\n|-resisted|p2a: Zapdos\n|-damage|p2a: Zapdos|65/100\n|-unboost|p1a: Gholdengo|spa|1\n|\n|-heal|p2a: Zapdos|71/100|[from] item: Leftovers\n|upkeep\n|turn|4\n|inactive|a81523519 has 120 seconds left.\n|\n|t:|1783821637\n|switch|p1a: Ting-Lu|Ting-Lu|100/100\n|-ability|p1a: Ting-Lu|Vessel of Ruin\n|move|p2a: Zapdos|Thunder Wave|p1a: Ting-Lu\n|-immune|p1a: Ting-Lu\n|\n|-heal|p2a: Zapdos|77/100|[from] item: Leftovers\n|upkeep\n|turn|5\n|inactive|a81523519 has 120 seconds left.\n|\n|t:|1783821648\n|move|p2a: Zapdos|Hurricane|p1a: Ting-Lu\n|-damage|p1a: Ting-Lu|75/100\n|-start|p1a: Ting-Lu|confusion\n|-activate|p1a: Ting-Lu|confusion\n|move|p1a: Ting-Lu|Ruination|p2a: Zapdos\n|-damage|p2a: Zapdos|39/100\n|\n|-heal|p2a: Zapdos|45/100|[from] item: Leftovers\n|-heal|p1a: Ting-Lu|82/100|[from] item: Leftovers\n|upkeep\n|turn|6\n|inactive|a81523519 has 120 seconds left.\n|\n|t:|1783821660\n|switch|p2a: Mandibuzz|Mandibuzz, F, shiny|100/100\n|-activate|p1a: Ting-Lu|confusion\n|move|p1a: Ting-Lu|Stealth Rock|p2a: Mandibuzz\n|-sidestart|p2: a81523519|move: Stealth Rock\n|\n|-heal|p1a: Ting-Lu|88/100|[from] item: Leftovers\n|upkeep\n|turn|7\n|inactive|a81523519 has 120 seconds left.\n|\n|t:|1783821669\n|move|p2a: Mandibuzz|Knock Off|p1a: Ting-Lu\n|-resisted|p1a: Ting-Lu\n|-damage|p1a: Ting-Lu|81/100\n|-enditem|p1a: Ting-Lu|Leftovers|[from] move: Knock Off|[of] p2a: Mandibuzz\n|-end|p1a: Ting-Lu|confusion\n|move|p1a: Ting-Lu|Ruination|p2a: Mandibuzz\n|-damage|p2a: Mandibuzz|50/100\n|\n|upkeep\n|turn|8\n|\n|t:|1783821678\n|move|p2a: Mandibuzz|Toxic|p1a: Ting-Lu|[miss]\n|-miss|p2a: Mandibuzz|p1a: Ting-Lu\n|move|p1a: Ting-Lu|Ruination|p2a: Mandibuzz\n|-damage|p2a: Mandibuzz|25/100\n|\n|upkeep\n|turn|9\n|\n|t:|1783821688\n|switch|p1a: Gholdengo|Gholdengo|100/100\n|move|p2a: Mandibuzz|Roost|p2a: Mandibuzz\n|-heal|p2a: Mandibuzz|75/100\n|-singleturn|p2a: Mandibuzz|move: Roost\n|\n|upkeep\n|turn|10\n|\n|t:|1783821698\n|switch|p1a: Zamazenta|Zamazenta|100/100\n|-ability|p1a: Zamazenta|Dauntless Shield|boost\n|-boost|p1a: Zamazenta|def|1\n|move|p2a: Mandibuzz|Knock Off|p1a: Zamazenta\n|-resisted|p1a: Zamazenta\n|-damage|p1a: Zamazenta|93/100\n|-enditem|p1a: Zamazenta|Heavy-Duty Boots|[from] move: Knock Off|[of] p2a: Mandibuzz\n|\n|upkeep\n|turn|11\n|\n|t:|1783821707\n|move|p1a: Zamazenta|Ice Fang|p2a: Mandibuzz\n|-supereffective|p2a: Mandibuzz\n|-damage|p2a: Mandibuzz|53/100\n|-status|p2a: Mandibuzz|frz\n|-damage|p1a: Zamazenta|76/100|[from] item: Rocky Helmet|[of] p2a: Mandibuzz\n|cant|p2a: Mandibuzz|frz\n|\n|upkeep\n|turn|12\n|\n|t:|1783821715\n|move|p1a: Zamazenta|Close Combat|p2a: Mandibuzz\n|-damage|p2a: Mandibuzz|21/100 frz\n|-unboost|p1a: Zamazenta|def|1\n|-unboost|p1a: Zamazenta|spd|1\n|-damage|p1a: Zamazenta|60/100|[from] item: Rocky Helmet|[of] p2a: Mandibuzz\n|cant|p2a: Mandibuzz|frz\n|\n|upkeep\n|turn|13\n|\n|t:|1783821724\n|move|p1a: Zamazenta|Close Combat|p2a: Mandibuzz\n|-damage|p2a: Mandibuzz|0 fnt\n|-unboost|p1a: Zamazenta|def|1\n|-unboost|p1a: Zamazenta|spd|1\n|-damage|p1a: Zamazenta|43/100|[from] item: Rocky Helmet|[of] p2a: Mandibuzz\n|faint|p2a: Mandibuzz\n|\n|upkeep\n|\n|t:|1783821733\n|switch|p2a: Mudsdale|Mudsdale, M, shiny|100/100\n|-damage|p2a: Mudsdale|94/100|[from] Stealth Rock\n|turn|14\n|\n|t:|1783821739\n|switch|p1a: Ting-Lu|Ting-Lu|81/100\n|-ability|p1a: Ting-Lu|Vessel of Ruin\n|move|p2a: Mudsdale|Stealth Rock|p1a: Ting-Lu\n|-sidestart|p1: superprews|move: Stealth Rock\n|\n|-heal|p2a: Mudsdale|100/100|[from] item: Leftovers\n|upkeep\n|turn|15\n|\n|t:|1783821753\n|move|p1a: Ting-Lu|Ruination|p2a: Mudsdale\n|-damage|p2a: Mudsdale|50/100\n|-ability|p2a: Mudsdale|Stamina|boost\n|-boost|p2a: Mudsdale|def|1\n|move|p2a: Mudsdale|Roar|p1a: Ting-Lu\n|drag|p1a: Dragonite|Dragonite, M|100/100\n|\n|-heal|p2a: Mudsdale|57/100|[from] item: Leftovers\n|upkeep\n|turn|16\n|\n|t:|1783821764\n|switch|p1a: Ting-Lu|Ting-Lu|81/100\n|-damage|p1a: Ting-Lu|75/100|[from] Stealth Rock\n|-ability|p1a: Ting-Lu|Vessel of Ruin\n|move|p2a: Mudsdale|Body Press|p1a: Ting-Lu\n|-supereffective|p1a: Ting-Lu\n|-damage|p1a: Ting-Lu|29/100\n|\n|-heal|p2a: Mudsdale|63/100|[from] item: Leftovers\n|upkeep\n|turn|17\n|\n|t:|1783821775\n|move|p1a: Ting-Lu|Ruination|p2a: Mudsdale\n|-damage|p2a: Mudsdale|32/100\n|-ability|p2a: Mudsdale|Stamina|boost\n|-boost|p2a: Mudsdale|def|1\n|move|p2a: Mudsdale|Body Press|p1a: Ting-Lu\n|-supereffective|p1a: Ting-Lu\n|-damage|p1a: Ting-Lu|0 fnt\n|faint|p1a: Ting-Lu\n|\n|-heal|p2a: Mudsdale|38/100|[from] item: Leftovers\n|upkeep\n|\n|t:|1783821778\n|switch|p1a: Darkrai|Darkrai|100/100\n|turn|18\n|\n|t:|1783821790\n|move|p1a: Darkrai|Dark Pulse|p2a: Mudsdale\n|-damage|p2a: Mudsdale|0 fnt\n|faint|p2a: Mudsdale\n|\n|upkeep\n|\n|t:|1783821804\n|switch|p2a: Blaziken|Blaziken, M, shiny|100/100\n|turn|19\n|\n|t:|1783821812\n|switch|p1a: Zamazenta|Zamazenta|43/100\n|-damage|p1a: Zamazenta|37/100|[from] Stealth Rock\n|move|p2a: Blaziken|Close Combat|p1a: Zamazenta\n|-damage|p1a: Zamazenta|0 fnt\n|-unboost|p2a: Blaziken|def|1\n|-unboost|p2a: Blaziken|spd|1\n|faint|p1a: Zamazenta\n|\n|-ability|p2a: Blaziken|Speed Boost|boost\n|-boost|p2a: Blaziken|spe|1\n|upkeep\n|\n|t:|1783821821\n|switch|p1a: Dragonite|Dragonite, M|100/100\n|turn|20\n|\n|t:|1783821834\n|move|p2a: Blaziken|Close Combat|p1a: Dragonite\n|-resisted|p1a: Dragonite\n|-damage|p1a: Dragonite|86/100\n|-unboost|p2a: Blaziken|def|1\n|-unboost|p2a: Blaziken|spd|1\n|move|p1a: Dragonite|Earthquake|p2a: Blaziken\n|-supereffective|p2a: Blaziken\n|-damage|p2a: Blaziken|0 fnt\n|faint|p2a: Blaziken\n|\n|upkeep\n|\n|t:|1783821849\n|switch|p2a: Frosmoth|Frosmoth, F, tera:Flying|100/100\n|-damage|p2a: Frosmoth|76/100|[from] Stealth Rock\n|turn|21\n|\n|t:|1783821857\n|switch|p1a: Gholdengo|Gholdengo|100/100\n|move|p2a: Frosmoth|Ice Beam|p1a: Gholdengo\n|-resisted|p1a: Gholdengo\n|-damage|p1a: Gholdengo|72/100\n|-status|p1a: Gholdengo|frz\n|\n|upkeep\n|turn|22\n|\n|t:|1783821865\n|move|p2a: Frosmoth|Ice Beam|p1a: Gholdengo\n|-resisted|p1a: Gholdengo\n|-damage|p1a: Gholdengo|43/100 frz\n|cant|p1a: Gholdengo|frz\n|\n|upkeep\n|turn|23\n|\n|t:|1783821871\n|move|p2a: Frosmoth|Ice Beam|p1a: Gholdengo\n|-resisted|p1a: Gholdengo\n|-damage|p1a: Gholdengo|19/100 frz\n|-curestatus|p1a: Gholdengo|frz|[msg]\n|move|p1a: Gholdengo|Recover|p1a: Gholdengo\n|-heal|p1a: Gholdengo|69/100\n|\n|upkeep\n|turn|24\n|\n|t:|1783821879\n|move|p2a: Frosmoth|Ice Beam|p1a: Gholdengo\n|-resisted|p1a: Gholdengo\n|-damage|p1a: Gholdengo|44/100\n|move|p1a: Gholdengo|Recover|p1a: Gholdengo\n|-heal|p1a: Gholdengo|94/100\n|\n|upkeep\n|turn|25\n|\n|t:|1783821885\n|move|p2a: Frosmoth|Ice Beam|p1a: Gholdengo\n|-resisted|p1a: Gholdengo\n|-damage|p1a: Gholdengo|68/100\n|move|p1a: Gholdengo|Shadow Ball|p2a: Frosmoth\n|-damage|p2a: Frosmoth|47/100\n|\n|upkeep\n|turn|26\n|\n|t:|1783821892\n|move|p2a: Frosmoth|Ice Beam|p1a: Gholdengo\n|-resisted|p1a: Gholdengo\n|-damage|p1a: Gholdengo|40/100\n|move|p1a: Gholdengo|Shadow Ball|p2a: Frosmoth\n|-damage|p2a: Frosmoth|17/100\n|\n|upkeep\n|turn|27\n|\n|t:|1783821900\n|move|p2a: Frosmoth|Ice Beam|p1a: Gholdengo\n|-resisted|p1a: Gholdengo\n|-damage|p1a: Gholdengo|14/100\n|move|p1a: Gholdengo|Recover|p1a: Gholdengo\n|-heal|p1a: Gholdengo|65/100\n|\n|upkeep\n|turn|28\n|\n|t:|1783821906\n|move|p2a: Frosmoth|Ice Beam|p1a: Gholdengo\n|-resisted|p1a: Gholdengo\n|-damage|p1a: Gholdengo|36/100\n|move|p1a: Gholdengo|Recover|p1a: Gholdengo\n|-heal|p1a: Gholdengo|87/100\n|\n|upkeep\n|turn|29\n|\n|t:|1783821913\n|move|p2a: Frosmoth|Ice Beam|p1a: Gholdengo\n|-resisted|p1a: Gholdengo\n|-damage|p1a: Gholdengo|58/100\n|move|p1a: Gholdengo|Recover|p1a: Gholdengo\n|-heal|p1a: Gholdengo|100/100\n|\n|upkeep\n|turn|30\n|\n|t:|1783821920\n|move|p2a: Frosmoth|Ice Beam|p1a: Gholdengo\n|-resisted|p1a: Gholdengo\n|-damage|p1a: Gholdengo|74/100\n|move|p1a: Gholdengo|Shadow Ball|p2a: Frosmoth\n|-damage|p2a: Frosmoth|0 fnt\n|faint|p2a: Frosmoth\n|\n|upkeep\n|\n|t:|1783821930\n|switch|p2a: Iron Crown|Iron Crown|100/100\n|-damage|p2a: Iron Crown|94/100|[from] Stealth Rock\n|turn|31\n|\n|t:|1783821936\n|move|p2a: Iron Crown|Volt Switch|p1a: Gholdengo\n|-damage|p1a: Gholdengo|42/100\n|\n|t:|1783821940\n|-end|p2a: Iron Crown|Quark Drive|[silent]\n|switch|p2a: Zapdos|Zapdos|45/100|[from] Volt Switch\n|-damage|p2a: Zapdos|20/100|[from] Stealth Rock\n|move|p1a: Gholdengo|Shadow Ball|p2a: Zapdos\n|-damage|p2a: Zapdos|0 fnt\n|faint|p2a: Zapdos\n|\n|upkeep\n|\n|t:|1783821949\n|switch|p2a: Iron Crown|Iron Crown|94/100\n|-damage|p2a: Iron Crown|88/100|[from] Stealth Rock\n|turn|32\n|\n|t:|1783821956\n|move|p2a: Iron Crown|Tachyon Cutter|p1a: Gholdengo\n|-resisted|p1a: Gholdengo\n|-damage|p1a: Gholdengo|26/100\n|-resisted|p1a: Gholdengo\n|-crit|p1a: Gholdengo\n|-damage|p1a: Gholdengo|3/100\n|-hitcount|p1a: Gholdengo|2\n|move|p1a: Gholdengo|Recover|p1a: Gholdengo\n|-heal|p1a: Gholdengo|54/100\n|\n|upkeep\n|turn|33\n|\n|t:|1783821965\n|move|p2a: Iron Crown|Tachyon Cutter|p1a: Gholdengo\n|-resisted|p1a: Gholdengo\n|-damage|p1a: Gholdengo|39/100\n|-resisted|p1a: Gholdengo\n|-damage|p1a: Gholdengo|21/100\n|-hitcount|p1a: Gholdengo|2\n|move|p1a: Gholdengo|Recover|p1a: Gholdengo\n|-heal|p1a: Gholdengo|72/100\n|\n|upkeep\n|turn|34\n|\n|t:|1783821974\n|move|p2a: Iron Crown|Tachyon Cutter|p1a: Gholdengo\n|-resisted|p1a: Gholdengo\n|-damage|p1a: Gholdengo|55/100\n|-resisted|p1a: Gholdengo\n|-damage|p1a: Gholdengo|40/100\n|-hitcount|p1a: Gholdengo|2\n|move|p1a: Gholdengo|Recover|p1a: Gholdengo\n|-heal|p1a: Gholdengo|90/100\n|\n|upkeep\n|turn|35\n|-message|a81523519 forfeited.\n|\n|win|superprews\n|raw|superprews's rating: 1300 &rarr; <strong>1325</strong><br />(+25 for winning)\n|raw|a81523519's rating: 1303 &rarr; <strong>1283</strong><br />(-20 for losing)\n|l|☆a81523519\n|player|p2|\n|l|☆superprews\n|player|p1|\n", "uploadtime": 1783822208, "views": 2, "formatid": "gen9ou", "rating": 1283, "private": 0, "password": null}