{"id": "gen9ou-2647735303", "format": "[Gen 9] OU", "players": ["AnonymousJon", "DriftedEx"], "log": "|badge|p1|bronze|gen9ou|100-10\n|uhtml|medal-msg|<div class=\"broadcast-blue\">Curious what those medals under the avatar are? PS now has Ladder Seasons! For more information, check out the <a href=\"https://www.smogon.com/forums/threads/3740067/\">thread on Smogon.</a></div>\n|j|☆AnonymousJon\n|j|☆DriftedEx\n|t:|1783803752\n|gametype|singles\n|player|p1|AnonymousJon|workerice|1791\n|player|p2|DriftedEx|rocketgrunt|1725\n|gen|9\n|tier|[Gen 9] OU\n|rated|\n|rule|HP Percentage Mod: HP is shown in percentages\n|rule|Endless Battle Clause: Forcing endless battles is banned\n|rule|Species Clause: Limit one of each Pokémon\n|rule|OHKO Clause: OHKO moves are banned\n|rule|Evasion Items Clause: Evasion items are banned\n|rule|Evasion Moves Clause: Evasion moves are banned\n|rule|Evasion Abilities Clause: Evasion abilities are banned\n|rule|Sleep Moves Clause: Sleep-inducing moves are banned\n|clearpoke\n|poke|p1|Great Tusk|\n|poke|p1|Ogerpon-Cornerstone, F|\n|poke|p1|Rillaboom, M|\n|poke|p1|Tyranitar, F|\n|poke|p1|Corviknight, F|\n|poke|p1|Dragapult, F|\n|poke|p2|Dragapult, M|\n|poke|p2|Dragonite, M|\n|poke|p2|Ting-Lu|\n|poke|p2|Weezing-Galar, F|\n|poke|p2|Iron Crown|\n|poke|p2|Zapdos|\n|teampreview\n|inactive|Battle timer is ON: inactive players will automatically lose when time's up. (requested by DriftedEx)\n|inactive|AnonymousJon also wants the timer to be on.\n|\n|t:|1783803765\n|teamsize|p1|6\n|teamsize|p2|6\n|start\n|switch|p1a: Dragapult|Dragapult, F|100/100\n|switch|p2a: Dragapult|Dragapult, M|100/100\n|turn|1\n|\n|t:|1783803788\n|switch|p1a: Corviknight|Corviknight, F|100/100\n|-ability|p1a: Corviknight|Pressure\n|move|p2a: Dragapult|Will-O-Wisp|p1a: Corviknight\n|-status|p1a: Corviknight|brn\n|\n|-damage|p1a: Corviknight|94/100 brn|[from] brn\n|upkeep\n|turn|2\n|\n|t:|1783803790\n|switch|p1a: Tyranitar|Tyranitar, F|100/100\n|-weather|Sandstorm|[from] ability: Sand Stream|[of] p1a: Tyranitar\n|move|p2a: Dragapult|Hex|p1a: Tyranitar\n|-resisted|p1a: Tyranitar\n|-damage|p1a: Tyranitar|95/100\n|\n|-weather|Sandstorm|[upkeep]\n|-damage|p2a: Dragapult|95/100|[from] Sandstorm\n|-heal|p1a: Tyranitar|100/100|[from] item: Leftovers\n|upkeep\n|turn|3\n|\n|t:|1783803794\n|move|p2a: Dragapult|U-turn|p1a: Tyranitar\n|-supereffective|p1a: Tyranitar\n|-damage|p1a: Tyranitar|70/100\n|\n|t:|1783803795\n|switch|p2a: Ting-Lu|Ting-Lu|100/100|[from] U-turn\n|-ability|p2a: Ting-Lu|Vessel of Ruin\n|move|p1a: Tyranitar|Knock Off|p2a: Ting-Lu\n|-resisted|p2a: Ting-Lu\n|-damage|p2a: Ting-Lu|89/100\n|-enditem|p2a: Ting-Lu|Leftovers|[from] move: Knock Off|[of] p1a: Tyranitar\n|\n|-weather|Sandstorm|[upkeep]\n|-heal|p1a: Tyranitar|76/100|[from] item: Leftovers\n|upkeep\n|turn|4\n|\n|t:|1783803800\n|move|p1a: Tyranitar|Stealth Rock|p2a: Ting-Lu\n|-sidestart|p2: DriftedEx|move: Stealth Rock\n|move|p2a: Ting-Lu|Stealth Rock|p1a: Tyranitar\n|-sidestart|p1: AnonymousJon|move: Stealth Rock\n|\n|-weather|Sandstorm|[upkeep]\n|-heal|p1a: Tyranitar|83/100|[from] item: Leftovers\n|upkeep\n|turn|5\n|\n|t:|1783803801\n|switch|p1a: Ogerpon|Ogerpon-Cornerstone, F|100/100\n|-damage|p1a: Ogerpon|88/100|[from] Stealth Rock\n|move|p2a: Ting-Lu|Whirlwind|p1a: Ogerpon\n|drag|p1a: Great Tusk|Great Tusk|100/100\n|-damage|p1a: Great Tusk|98/100|[from] Stealth Rock\n|\n|-weather|Sandstorm|[upkeep]\n|upkeep\n|turn|6\n|\n|t:|1783803804\n|move|p1a: Great Tusk|Rapid Spin|p2a: Ting-Lu\n|-damage|p2a: Ting-Lu|80/100\n|-boost|p1a: Great Tusk|spe|1\n|-sideend|p1: AnonymousJon|Stealth Rock|[from] move: Rapid Spin|[of] p1a: Great Tusk\n|move|p2a: Ting-Lu|Whirlwind|p1a: Great Tusk\n|-end|p1a: Great Tusk|Protosynthesis|[silent]\n|drag|p1a: Corviknight|Corviknight, F|94/100 brn\n|-ability|p1a: Corviknight|Pressure\n|\n|-weather|none\n|-damage|p1a: Corviknight|88/100 brn|[from] brn\n|upkeep\n|turn|7\n|\n|t:|1783803808\n|switch|p1a: Ogerpon|Ogerpon-Cornerstone, F|88/100\n|move|p2a: Ting-Lu|Stealth Rock|p1a: Ogerpon\n|-sidestart|p1: AnonymousJon|move: Stealth Rock\n|\n|upkeep\n|turn|8\n|j| w8tahh\n|\n|t:|1783803812\n|switch|p2a: Dragapult|Dragapult, M|95/100\n|move|p1a: Ogerpon|Ivy Cudgel|p2a: Dragapult|[anim] Ivy Cudgel Rock\n|-damage|p2a: Dragapult|14/100\n|\n|upkeep\n|turn|9\n|\n|t:|1783803816\n|switch|p1a: Tyranitar|Tyranitar, F|83/100\n|-damage|p1a: Tyranitar|70/100|[from] Stealth Rock\n|-weather|Sandstorm|[from] ability: Sand Stream|[of] p1a: Tyranitar\n|move|p2a: Dragapult|U-turn|p1a: Tyranitar\n|-supereffective|p1a: Tyranitar\n|-damage|p1a: Tyranitar|42/100\n|\n|t:|1783803818\n|switch|p2a: Iron Crown|Iron Crown|100/100|[from] U-turn\n|-damage|p2a: Iron Crown|94/100|[from] Stealth Rock\n|\n|-weather|Sandstorm|[upkeep]\n|-heal|p1a: Tyranitar|48/100|[from] item: Leftovers\n|upkeep\n|turn|10\n|\n|t:|1783803821\n|move|p2a: Iron Crown|Volt Switch|p1a: Tyranitar\n|-damage|p1a: Tyranitar|34/100\n|\n|t:|1783803825\n|-end|p2a: Iron Crown|Quark Drive|[silent]\n|switch|p2a: Ting-Lu|Ting-Lu|80/100|[from] Volt Switch\n|-damage|p2a: Ting-Lu|74/100|[from] Stealth Rock\n|-ability|p2a: Ting-Lu|Vessel of Ruin\n|move|p1a: Tyranitar|Knock Off|p2a: Ting-Lu\n|-resisted|p2a: Ting-Lu\n|-damage|p2a: Ting-Lu|65/100\n|\n|-weather|Sandstorm|[upkeep]\n|-heal|p1a: Tyranitar|40/100|[from] item: Leftovers\n|upkeep\n|turn|11\n|\n|t:|1783803829\n|switch|p1a: Great Tusk|Great Tusk|98/100\n|-damage|p1a: Great Tusk|95/100|[from] Stealth Rock\n|move|p2a: Ting-Lu|Whirlwind|p1a: Great Tusk\n|-end|p1a: Great Tusk|Protosynthesis|[silent]\n|drag|p1a: Tyranitar|Tyranitar, F|40/100\n|-damage|p1a: Tyranitar|28/100|[from] Stealth Rock\n|\n|-weather|Sandstorm|[upkeep]\n|-heal|p1a: Tyranitar|34/100|[from] item: Leftovers\n|upkeep\n|turn|12\n|\n|t:|1783803834\n|switch|p1a: Great Tusk|Great Tusk|95/100\n|-damage|p1a: Great Tusk|92/100|[from] Stealth Rock\n|move|p2a: Ting-Lu|Earthquake|p1a: Great Tusk\n|-damage|p1a: Great Tusk|66/100\n|\n|-weather|Sandstorm|[upkeep]\n|upkeep\n|turn|13\n|\n|t:|1783803841\n|move|p1a: Great Tusk|Rapid Spin|p2a: Ting-Lu\n|-crit|p2a: Ting-Lu\n|-damage|p2a: Ting-Lu|51/100\n|-boost|p1a: Great Tusk|spe|1\n|-sideend|p1: AnonymousJon|Stealth Rock|[from] move: Rapid Spin|[of] p1a: Great Tusk\n|move|p2a: Ting-Lu|Whirlwind|p1a: Great Tusk\n|-end|p1a: Great Tusk|Protosynthesis|[silent]\n|drag|p1a: Ogerpon|Ogerpon-Cornerstone, F|88/100\n|\n|-weather|none\n|upkeep\n|turn|14\n|\n|t:|1783803844\n|switch|p2a: Weezing|Weezing-Galar, F|100/100\n|-ability|p2a: Weezing|Neutralizing Gas\n|move|p1a: Ogerpon|Horn Leech|p2a: Weezing\n|-resisted|p2a: Weezing\n|-damage|p2a: Weezing|86/100\n|-heal|p1a: Ogerpon|96/100|[from] drain|[of] p2a: Weezing\n|\n|upkeep\n|turn|15\n|\n|t:|1783803858\n|switch|p1a: Corviknight|Corviknight, F|88/100 brn\n|move|p2a: Weezing|Will-O-Wisp|p1a: Corviknight\n|-fail|p1a: Corviknight|brn\n|\n|-damage|p1a: Corviknight|82/100 brn|[from] brn\n|upkeep\n|turn|16\n|\n|t:|1783803859\n|move|p1a: Corviknight|U-turn|p2a: Weezing\n|-resisted|p2a: Weezing\n|-damage|p2a: Weezing|84/100\n|\n|t:|1783803862\n|switch|p1a: Dragapult|Dragapult, F|100/100|[from] U-turn\n|move|p2a: Weezing|Toxic Spikes|p1a: Dragapult\n|-sidestart|p1: AnonymousJon|move: Toxic Spikes\n|\n|upkeep\n|turn|17\n|\n|t:|1783803865\n|-end|p2a: Weezing|ability: Neutralizing Gas\n|switch|p2a: Ting-Lu|Ting-Lu|51/100\n|-damage|p2a: Ting-Lu|45/100|[from] Stealth Rock\n|-ability|p2a: Ting-Lu|Vessel of Ruin\n|move|p1a: Dragapult|Substitute|p1a: Dragapult\n|-start|p1a: Dragapult|Substitute\n|-damage|p1a: Dragapult|76/100\n|\n|-heal|p1a: Dragapult|82/100|[from] item: Leftovers\n|upkeep\n|turn|18\n|\n|t:|1783803872\n|move|p1a: Dragapult|Will-O-Wisp|p2a: Ting-Lu|[miss]\n|-miss|p1a: Dragapult|p2a: Ting-Lu\n|move|p2a: Ting-Lu|Whirlwind|p1a: Dragapult\n|drag|p1a: Tyranitar|Tyranitar, F|34/100\n|-status|p1a: Tyranitar|psn\n|-weather|Sandstorm|[from] ability: Sand Stream|[of] p1a: Tyranitar\n|\n|-weather|Sandstorm|[upkeep]\n|-heal|p1a: Tyranitar|40/100 psn|[from] item: Leftovers\n|-damage|p1a: Tyranitar|28/100 psn|[from] psn\n|upkeep\n|turn|19\n|\n|t:|1783803879\n|switch|p1a: Corviknight|Corviknight, F|82/100 brn\n|-ability|p1a: Corviknight|Pressure\n|move|p2a: Ting-Lu|Stealth Rock|p1a: Corviknight\n|-sidestart|p1: AnonymousJon|move: Stealth Rock\n|\n|-weather|Sandstorm|[upkeep]\n|-damage|p1a: Corviknight|76/100 brn|[from] brn\n|upkeep\n|turn|20\n|\n|t:|1783803882\n|move|p1a: Corviknight|U-turn|p2a: Ting-Lu\n|-supereffective|p2a: Ting-Lu\n|-damage|p2a: Ting-Lu|37/100\n|\n|t:|1783803885\n|switch|p1a: Rillaboom|Rillaboom, M|100/100|[from] U-turn\n|-status|p1a: Rillaboom|psn\n|-damage|p1a: Rillaboom|88/100 psn|[from] Stealth Rock\n|-fieldstart|move: Grassy Terrain|[from] ability: Grassy Surge|[of] p1a: Rillaboom\n|move|p2a: Ting-Lu|Whirlwind|p1a: Rillaboom\n|drag|p1a: Tyranitar|Tyranitar, F|28/100 psn\n|-damage|p1a: Tyranitar|15/100 psn|[from] Stealth Rock\n|\n|-weather|Sandstorm|[upkeep]\n|-heal|p1a: Tyranitar|21/100 psn|[from] Grassy Terrain\n|-heal|p1a: Tyranitar|28/100 psn|[from] item: Leftovers\n|-heal|p2a: Ting-Lu|43/100|[from] Grassy Terrain\n|-damage|p1a: Tyranitar|15/100 psn|[from] psn\n|upkeep\n|turn|21\n|\n|t:|1783803891\n|move|p1a: Tyranitar|Stone Edge|p2a: Ting-Lu\n|-resisted|p2a: Ting-Lu\n|-damage|p2a: Ting-Lu|29/100\n|move|p2a: Ting-Lu|Earthquake|p1a: Tyranitar\n|-supereffective|p1a: Tyranitar\n|-crit|p1a: Tyranitar\n|-damage|p1a: Tyranitar|0 fnt\n|faint|p1a: Tyranitar\n|\n|-weather|Sandstorm|[upkeep]\n|-heal|p2a: Ting-Lu|36/100|[from] Grassy Terrain\n|upkeep\n|\n|t:|1783803893\n|switch|p1a: Great Tusk|Great Tusk|66/100\n|-status|p1a: Great Tusk|psn\n|-damage|p1a: Great Tusk|63/100 psn|[from] Stealth Rock\n|turn|22\n|\n|t:|1783803895\n|move|p1a: Great Tusk|Ice Spinner|p2a: Ting-Lu\n|-supereffective|p2a: Ting-Lu\n|-damage|p2a: Ting-Lu|6/100\n|-fieldend|move: Grassy Terrain\n|move|p2a: Ting-Lu|Whirlwind|p1a: Great Tusk\n|-end|p1a: Great Tusk|Protosynthesis|[silent]\n|drag|p1a: Dragapult|Dragapult, F|82/100\n|-status|p1a: Dragapult|psn\n|-damage|p1a: Dragapult|69/100 psn|[from] Stealth Rock\n|\n|-weather|none\n|-heal|p1a: Dragapult|76/100 psn|[from] item: Leftovers\n|-damage|p1a: Dragapult|63/100 psn|[from] psn\n|upkeep\n|turn|23\n|\n|t:|1783803902\n|move|p1a: Dragapult|Dragon Darts|p2a: Ting-Lu\n|-damage|p2a: Ting-Lu|0 fnt\n|faint|p2a: Ting-Lu\n|\n|-heal|p1a: Dragapult|69/100 psn|[from] item: Leftovers\n|-damage|p1a: Dragapult|57/100 psn|[from] psn\n|upkeep\n|\n|t:|1783803906\n|switch|p2a: Iron Crown|Iron Crown|94/100\n|-damage|p2a: Iron Crown|88/100|[from] Stealth Rock\n|turn|24\n|\n|t:|1783803908\n|move|p1a: Dragapult|Hex|p2a: Iron Crown\n|-supereffective|p2a: Iron Crown\n|-damage|p2a: Iron Crown|34/100\n|move|p2a: Iron Crown|Tachyon Cutter|p1a: Dragapult\n|-crit|p1a: Dragapult\n|-damage|p1a: Dragapult|0 fnt\n|faint|p1a: Dragapult\n|-hitcount|p1: Dragapult|1\n|\n|upkeep\n|\n|t:|1783803912\n|switch|p1a: Great Tusk|Great Tusk|63/100 psn\n|-damage|p1a: Great Tusk|60/100 psn|[from] Stealth Rock\n|turn|25\n|\n|t:|1783803914\n|move|p2a: Iron Crown|Tachyon Cutter|p1a: Great Tusk\n|-damage|p1a: Great Tusk|34/100 psn\n|-damage|p1a: Great Tusk|9/100 psn\n|-hitcount|p1a: Great Tusk|2\n|move|p1a: Great Tusk|Rapid Spin|p2a: Iron Crown\n|-resisted|p2a: Iron Crown\n|-damage|p2a: Iron Crown|25/100\n|-boost|p1a: Great Tusk|spe|1\n|-sideend|p1: AnonymousJon|Toxic Spikes|[from] move: Rapid Spin|[of] p1a: Great Tusk\n|-sideend|p1: AnonymousJon|Stealth Rock|[from] move: Rapid Spin|[of] p1a: Great Tusk\n|\n|-damage|p1a: Great Tusk|0 fnt|[from] psn\n|faint|p1a: Great Tusk\n|-end|p1a: Great Tusk|Protosynthesis|[silent]\n|upkeep\n|\n|t:|1783803918\n|switch|p1a: Ogerpon|Ogerpon-Cornerstone, F|96/100\n|turn|26\n|\n|t:|1783803921\n|move|p1a: Ogerpon|Low Kick|p2a: Iron Crown\n|-damage|p2a: Iron Crown|0 fnt\n|faint|p2a: Iron Crown\n|-end|p2a: Iron Crown|Quark Drive|[silent]\n|\n|upkeep\n|\n|t:|1783803922\n|switch|p2a: Weezing|Weezing-Galar, F|84/100\n|-ability|p2a: Weezing|Neutralizing Gas\n|turn|27\n|\n|t:|1783803927\n|move|p1a: Ogerpon|Swords Dance|p1a: Ogerpon\n|-boost|p1a: Ogerpon|atk|2\n|move|p2a: Weezing|Will-O-Wisp|p1a: Ogerpon\n|-status|p1a: Ogerpon|brn\n|\n|-damage|p1a: Ogerpon|90/100 brn|[from] brn\n|upkeep\n|turn|28\n|\n|t:|1783803929\n|move|p1a: Ogerpon|Swords Dance|p1a: Ogerpon\n|-boost|p1a: Ogerpon|atk|2\n|move|p2a: Weezing|Toxic Spikes|p1a: Ogerpon\n|-sidestart|p1: AnonymousJon|move: Toxic Spikes\n|\n|-damage|p1a: Ogerpon|84/100 brn|[from] brn\n|upkeep\n|turn|29\n|\n|t:|1783803932\n|move|p1a: Ogerpon|Ivy Cudgel|p2a: Weezing|[anim] Ivy Cudgel Rock\n|-damage|p2a: Weezing|26/100\n|move|p2a: Weezing|Pain Split|p1a: Ogerpon\n|-sethp|p1a: Ogerpon|56/100 brn|[from] move: Pain Split|[silent]\n|-sethp|p2a: Weezing|51/100|[from] move: Pain Split\n|\n|-damage|p1a: Ogerpon|50/100 brn|[from] brn\n|upkeep\n|turn|30\n|\n|t:|1783803935\n|move|p1a: Ogerpon|Ivy Cudgel|p2a: Weezing|[anim] Ivy Cudgel Rock\n|-damage|p2a: Weezing|0 fnt\n|faint|p2a: Weezing\n|-end|p2a: Weezing|ability: Neutralizing Gas\n|\n|-damage|p1a: Ogerpon|44/100 brn|[from] brn\n|upkeep\n|\n|t:|1783803936\n|switch|p2a: Dragapult|Dragapult, M|14/100\n|turn|31\n|\n|t:|1783803944\n|switch|p1a: Rillaboom|Rillaboom, M|88/100 psn\n|-fieldstart|move: Grassy Terrain|[from] ability: Grassy Surge|[of] p1a: Rillaboom\n|move|p2a: Dragapult|Hex|p1a: Rillaboom\n|-damage|p1a: Rillaboom|19/100 psn\n|\n|-heal|p2a: Dragapult|20/100|[from] Grassy Terrain\n|-heal|p1a: Rillaboom|25/100 psn|[from] Grassy Terrain\n|-damage|p1a: Rillaboom|13/100 psn|[from] psn\n|upkeep\n|turn|32\n|\n|t:|1783803947\n|switch|p2a: Zapdos|Zapdos|100/100\n|move|p1a: Rillaboom|Grassy Glide|p2a: Zapdos\n|-resisted|p2a: Zapdos\n|-crit|p2a: Zapdos\n|-damage|p2a: Zapdos|44/100\n|\n|-heal|p1a: Rillaboom|19/100 psn|[from] Grassy Terrain\n|-damage|p1a: Rillaboom|7/100 psn|[from] psn\n|upkeep\n|turn|33\n|\n|t:|1783803950\n|move|p1a: Rillaboom|Grassy Glide|p2a: Zapdos\n|-resisted|p2a: Zapdos\n|-damage|p2a: Zapdos|11/100\n|move|p2a: Zapdos|Roost|p2a: Zapdos\n|-heal|p2a: Zapdos|61/100\n|-singleturn|p2a: Zapdos|move: Roost\n|\n|-heal|p2a: Zapdos|67/100|[from] Grassy Terrain\n|-heal|p1a: Rillaboom|13/100 psn|[from] Grassy Terrain\n|-damage|p1a: Rillaboom|1/100 psn|[from] psn\n|upkeep\n|turn|34\n|\n|t:|1783803954\n|move|p1a: Rillaboom|Grassy Glide|p2a: Zapdos\n|-resisted|p2a: Zapdos\n|-damage|p2a: Zapdos|33/100\n|move|p2a: Zapdos|Roost|p2a: Zapdos\n|-heal|p2a: Zapdos|83/100\n|-singleturn|p2a: Zapdos|move: Roost\n|\n|-heal|p2a: Zapdos|89/100|[from] Grassy Terrain\n|-heal|p1a: Rillaboom|7/100 psn|[from] Grassy Terrain\n|-damage|p1a: Rillaboom|0 fnt|[from] psn\n|faint|p1a: Rillaboom\n|upkeep\n|\n|t:|1783803955\n|switch|p1a: Ogerpon|Ogerpon-Cornerstone, F|44/100 brn\n|turn|35\n|\n|t:|1783803958\n|-terastallize|p2a: Zapdos|Fairy\n|move|p1a: Ogerpon|Swords Dance|p1a: Ogerpon\n|-boost|p1a: Ogerpon|atk|2\n|move|p2a: Zapdos|Volt Switch|p1a: Ogerpon\n|-resisted|p1a: Ogerpon\n|-damage|p1a: Ogerpon|22/100 brn\n|\n|t:|1783803961\n|switch|p2a: Dragapult|Dragapult, M|20/100|[from] Volt Switch\n|\n|-heal|p2a: Dragapult|26/100|[from] Grassy Terrain\n|-heal|p1a: Ogerpon|28/100 brn|[from] Grassy Terrain\n|-damage|p1a: Ogerpon|22/100 brn|[from] brn\n|-fieldend|move: Grassy Terrain\n|upkeep\n|turn|36\n|-message|AnonymousJon forfeited.\n|\n|win|DriftedEx\n|raw|AnonymousJon's rating: 1791 &rarr; <strong>1767</strong><br />(-24 for losing)\n|raw|DriftedEx's rating: 1725 &rarr; <strong>1749</strong><br />(+24 for winning)\n|l|☆AnonymousJon\n|player|p1|\n", "uploadtime": 1783803967, "views": 18, "formatid": "gen9ou", "rating": 1749, "private": 0, "password": null}