{"id": "gen9ou-2647722228", "format": "[Gen 9] OU", "players": ["DekuFoulerLab", "Aggrhy"], "log": "|j|☆DekuFoulerLab\n|j|☆Aggrhy\n|t:|1783801708\n|gametype|singles\n|player|p1|DekuFoulerLab|169|1315\n|player|p2|Aggrhy|red-masters|1322\n|gen|9\n|tier|[Gen 9] OU\n|rated|\n|rule|HP Percentage Mod: HP is shown in percentages\n|rule|Endless Battle Clause: Forcing endless battles is banned\n|rule|Species Clause: Limit one of each Pokémon\n|rule|OHKO Clause: OHKO moves are banned\n|rule|Evasion Items Clause: Evasion items are banned\n|rule|Evasion Moves Clause: Evasion moves are banned\n|rule|Evasion Abilities Clause: Evasion abilities are banned\n|rule|Sleep Moves Clause: Sleep-inducing moves are banned\n|clearpoke\n|poke|p1|Dondozo, M|\n|poke|p1|Clodsire, F|\n|poke|p1|Corviknight, M|\n|poke|p1|Slowking-Galar, M|\n|poke|p1|Gholdengo|\n|poke|p1|Garganacl, F|\n|poke|p2|Klawf, M|\n|poke|p2|Reuniclus, F|\n|poke|p2|Gliscor, F|\n|poke|p2|Exeggutor-Alola, F|\n|poke|p2|Blastoise, F|\n|poke|p2|Umbreon, F|\n|teampreview\n|inactive|Battle timer is ON: inactive players will automatically lose when time's up. (requested by Aggrhy)\n|inactive|DekuFoulerLab also wants the timer to be on.\n|\n|t:|1783801720\n|teamsize|p1|6\n|teamsize|p2|6\n|start\n|switch|p1a: Corviknight|Corviknight, M|100/100\n|switch|p2a: Reuniclus|Reuniclus, F|100/100\n|-ability|p1a: Corviknight|Pressure\n|turn|1\n|\n|t:|1783801728\n|move|p1a: Corviknight|U-turn|p2a: Reuniclus\n|-supereffective|p2a: Reuniclus\n|-damage|p2a: Reuniclus|73/100\n|\n|t:|1783801738\n|switch|p1a: Gholdengo|Gholdengo|100/100|[from] U-turn\n|move|p2a: Reuniclus|Knock Off|p1a: Gholdengo\n|-supereffective|p1a: Gholdengo\n|-damage|p1a: Gholdengo|75/100\n|-enditem|p1a: Gholdengo|Heavy-Duty Boots|[from] move: Knock Off|[of] p2a: Reuniclus\n|\n|upkeep\n|turn|2\n|\n|t:|1783801747\n|move|p1a: Gholdengo|Nasty Plot|p1a: Gholdengo\n|-boost|p1a: Gholdengo|spa|2\n|move|p2a: Reuniclus|Shadow Ball|p1a: Gholdengo\n|-supereffective|p1a: Gholdengo\n|-damage|p1a: Gholdengo|32/100\n|\n|upkeep\n|turn|3\n|\n|t:|1783801755\n|switch|p2a: Umbreon|Umbreon, F|100/100\n|move|p1a: Gholdengo|Recover|p1a: Gholdengo\n|-heal|p1a: Gholdengo|82/100\n|\n|upkeep\n|turn|4\n|\n|t:|1783801762\n|move|p1a: Gholdengo|Nasty Plot|p1a: Gholdengo\n|-boost|p1a: Gholdengo|spa|2\n|move|p2a: Umbreon|Wish|p2a: Umbreon\n|\n|upkeep\n|turn|5\n|\n|t:|1783801769\n|move|p1a: Gholdengo|Make It Rain|p2a: Umbreon\n|-damage|p2a: Umbreon|0 fnt\n|-unboost|p1a: Gholdengo|spa|1\n|faint|p2a: Umbreon\n|\n|upkeep\n|\n|t:|1783801776\n|switch|p2a: Blastoise|Blastoise, F|100/100\n|turn|6\n|\n|t:|1783801782\n|move|p1a: Gholdengo|Shadow Ball|p2a: Blastoise\n|-damage|p2a: Blastoise|43/100\n|move|p2a: Blastoise|Wave Crash|p1a: Gholdengo\n|-damage|p1a: Gholdengo|45/100\n|-damage|p2a: Blastoise|29/100|[from] Recoil\n|\n|upkeep\n|turn|7\n|\n|t:|1783801790\n|move|p1a: Gholdengo|Shadow Ball|p2a: Blastoise\n|-crit|p2a: Blastoise\n|-damage|p2a: Blastoise|0 fnt\n|faint|p2a: Blastoise\n|\n|upkeep\n|\n|t:|1783801796\n|switch|p2a: Klawf|Klawf, M|100/100\n|turn|8\n|\n|t:|1783801802\n|move|p2a: Klawf|High Horsepower|p1a: Gholdengo\n|-supereffective|p1a: Gholdengo\n|-damage|p1a: Gholdengo|8/100\n|move|p1a: Gholdengo|Recover|p1a: Gholdengo\n|-heal|p1a: Gholdengo|58/100\n|\n|upkeep\n|turn|9\n|\n|t:|1783801811\n|move|p2a: Klawf|High Horsepower|p1a: Gholdengo\n|-supereffective|p1a: Gholdengo\n|-damage|p1a: Gholdengo|18/100\n|move|p1a: Gholdengo|Recover|p1a: Gholdengo\n|-heal|p1a: Gholdengo|68/100\n|\n|upkeep\n|turn|10\n|\n|t:|1783801818\n|move|p2a: Klawf|Swords Dance|p2a: Klawf\n|-boost|p2a: Klawf|atk|2\n|move|p1a: Gholdengo|Shadow Ball|p2a: Klawf\n|-damage|p2a: Klawf|0 fnt\n|faint|p2a: Klawf\n|\n|upkeep\n|-message|Aggrhy forfeited.\n|\n|win|DekuFoulerLab\n|raw|DekuFoulerLab's rating: 1315 &rarr; <strong>1335</strong><br />(+20 for winning)\n|raw|Aggrhy's rating: 1322 &rarr; <strong>1302</strong><br />(-20 for losing)\n|l|☆Aggrhy\n|player|p2|\n", "uploadtime": 1783801825, "views": 9, "formatid": "gen9ou", "rating": 1302, "private": 0, "password": null}