{"id": "gen9ou-2647833819", "format": "[Gen 9] OU", "players": ["daconnman", "OUBotBeepBoop"], "log": "|j|☆daconnman\n|j|☆OUBotBeepBoop\n|t:|1783820777\n|gametype|singles\n|player|p1|daconnman|170|1279\n|player|p2|OUBotBeepBoop|102|1224\n|gen|9\n|tier|[Gen 9] OU\n|rated|\n|rule|HP Percentage Mod: HP is shown in percentages\n|rule|Endless Battle Clause: Forcing endless battles is banned\n|rule|Species Clause: Limit one of each Pokémon\n|rule|OHKO Clause: OHKO moves are banned\n|rule|Evasion Items Clause: Evasion items are banned\n|rule|Evasion Moves Clause: Evasion moves are banned\n|rule|Evasion Abilities Clause: Evasion abilities are banned\n|rule|Sleep Moves Clause: Sleep-inducing moves are banned\n|clearpoke\n|poke|p1|Blaziken, F|\n|poke|p1|Enamorus, F|\n|poke|p1|Cinderace, F|\n|poke|p1|Polteageist-Antique|\n|poke|p1|Feraligatr, M|\n|poke|p1|Meowscarada, M|\n|poke|p2|Glimmora, F|\n|poke|p2|Great Tusk|\n|poke|p2|Kingambit, M|\n|poke|p2|Dragapult, F|\n|poke|p2|Clefable, M|\n|poke|p2|Corviknight, M|\n|teampreview\n|inactive|Battle timer is ON: inactive players will automatically lose when time's up. (requested by OUBotBeepBoop)\n|\n|t:|1783820794\n|teamsize|p1|6\n|teamsize|p2|6\n|start\n|switch|p1a: Polteageist|Polteageist-Antique, shiny|100/100\n|switch|p2a: Glimmora|Glimmora, F|100/100\n|turn|1\n|\n|t:|1783820798\n|move|p2a: Glimmora|Stealth Rock|p1a: Polteageist\n|-sidestart|p1: daconnman|move: Stealth Rock\n|move|p1a: Polteageist|Shell Smash|p1a: Polteageist\n|-unboost|p1a: Polteageist|def|1\n|-unboost|p1a: Polteageist|spd|1\n|-boost|p1a: Polteageist|atk|2\n|-boost|p1a: Polteageist|spa|2\n|-boost|p1a: Polteageist|spe|2\n|-enditem|p1a: Polteageist|White Herb\n|-clearnegativeboost|p1a: Polteageist|[silent]\n|\n|upkeep\n|turn|2\n|\n|t:|1783820801\n|switch|p2a: Kingambit|Kingambit, M|100/100\n|move|p1a: Polteageist|Stored Power|p2a: Kingambit\n|-immune|p2a: Kingambit\n|\n|upkeep\n|turn|3\n|\n|t:|1783820810\n|-terastallize|p1a: Polteageist|Grass\n|move|p1a: Polteageist|Giga Drain|p2a: Kingambit\n|-resisted|p2a: Kingambit\n|-crit|p2a: Kingambit\n|-damage|p2a: Kingambit|35/100\n|move|p2a: Kingambit|Kowtow Cleave|p1a: Polteageist\n|-damage|p1a: Polteageist|0 fnt\n|faint|p1a: Polteageist\n|\n|upkeep\n|\n|t:|1783820820\n|switch|p1a: Cinderace|Cinderace, F|100/100\n|turn|4\n|\n|t:|1783820822\n|-end|p2a: Kingambit|fallenundefined|[silent]\n|switch|p2a: Glimmora|Glimmora, F|100/100\n|move|p1a: Cinderace|Court Change|p1a: Cinderace\n|-start|p1a: Cinderace|typechange|Normal|[from] ability: Libero\n|-swapsideconditions\n|-activate|p1a: Cinderace|move: Court Change\n|\n|upkeep\n|turn|5\n|\n|t:|1783820840\n|switch|p1a: Blaziken|Blaziken, F|100/100\n|move|p2a: Glimmora|Mortal Spin|p1a: Blaziken\n|-damage|p1a: Blaziken|92/100\n|-status|p1a: Blaziken|psn\n|-sideend|p2: OUBotBeepBoop|Stealth Rock|[from] move: Mortal Spin|[of] p2a: Glimmora\n|\n|-damage|p1a: Blaziken|79/100 psn|[from] psn\n|upkeep\n|turn|6\n|\n|t:|1783820842\n|move|p2a: Glimmora|Earth Power|p1a: Blaziken\n|-supereffective|p1a: Blaziken\n|-damage|p1a: Blaziken|0 fnt\n|faint|p1a: Blaziken\n|\n|upkeep\n|\n|t:|1783820847\n|switch|p1a: Feraligatr|Feraligatr, M|100/100\n|turn|7\n|\n|t:|1783820849\n|move|p2a: Glimmora|Power Gem|p1a: Feraligatr\n|-damage|p1a: Feraligatr|51/100\n|move|p1a: Feraligatr|Dragon Dance|p1a: Feraligatr\n|-boost|p1a: Feraligatr|atk|1\n|-boost|p1a: Feraligatr|spe|1\n|\n|upkeep\n|turn|8\n|\n|t:|1783820855\n|move|p1a: Feraligatr|Earthquake|p2a: Glimmora\n|-supereffective|p2a: Glimmora\n|-enditem|p2a: Glimmora|Focus Sash\n|-damage|p2a: Glimmora|1/100\n|-activate|p2a: Glimmora|ability: Toxic Debris\n|-sidestart|p1: daconnman|move: Toxic Spikes\n|-damage|p1a: Feraligatr|41/100|[from] item: Life Orb\n|move|p2a: Glimmora|Power Gem|p1a: Feraligatr\n|-damage|p1a: Feraligatr|0 fnt\n|faint|p1a: Feraligatr\n|\n|upkeep\n|\n|t:|1783820862\n|switch|p1a: Cinderace|Cinderace, F|100/100\n|turn|9\n|\n|t:|1783820865\n|move|p1a: Cinderace|Court Change|p1a: Cinderace\n|-start|p1a: Cinderace|typechange|Normal|[from] ability: Libero\n|-swapsideconditions\n|-activate|p1a: Cinderace|move: Court Change\n|move|p2a: Glimmora|Power Gem|p1a: Cinderace\n|-damage|p1a: Cinderace|42/100\n|\n|upkeep\n|turn|10\n|\n|t:|1783820873\n|switch|p2a: Great Tusk|Great Tusk|100/100\n|move|p1a: Cinderace|U-turn|p2a: Great Tusk\n|-resisted|p2a: Great Tusk\n|-damage|p2a: Great Tusk|92/100\n|\n|t:|1783820880\n|switch|p1a: Meowscarada|Meowscarada, M|100/100|[from] U-turn\n|\n|upkeep\n|turn|11\n|\n|t:|1783820883\n|move|p1a: Meowscarada|Flower Trick|p2a: Great Tusk\n|-start|p1a: Meowscarada|typechange|Grass|[from] ability: Protean\n|-supereffective|p2a: Great Tusk\n|-crit|p2a: Great Tusk\n|-damage|p2a: Great Tusk|0 fnt\n|faint|p2a: Great Tusk\n|-end|p2a: Great Tusk|Protosynthesis|[silent]\n|\n|upkeep\n|\n|t:|1783820883\n|switch|p2a: Dragapult|Dragapult, F|100/100\n|-status|p2a: Dragapult|psn\n|turn|12\n|\n|t:|1783820903\n|switch|p1a: Cinderace|Cinderace, F|42/100\n|-terastallize|p2a: Dragapult|Ghost\n|move|p2a: Dragapult|Shadow Ball|p1a: Cinderace\n|-damage|p1a: Cinderace|0 fnt\n|faint|p1a: Cinderace\n|\n|-damage|p2a: Dragapult|88/100 psn|[from] psn\n|upkeep\n|\n|t:|1783820906\n|switch|p1a: Meowscarada|Meowscarada, M|100/100\n|turn|13\n|\n|t:|1783820909\n|switch|p2a: Corviknight|Corviknight, M|100/100\n|-ability|p2a: Corviknight|Pressure\n|move|p1a: Meowscarada|Knock Off|p2a: Corviknight\n|-start|p1a: Meowscarada|typechange|Dark|[from] ability: Protean\n|-damage|p2a: Corviknight|59/100\n|-enditem|p2a: Corviknight|Leftovers|[from] move: Knock Off|[of] p1a: Meowscarada\n|\n|upkeep\n|turn|14\n|\n|t:|1783820913\n|switch|p1a: Enamorus|Enamorus, F|100/100\n|move|p2a: Corviknight|U-turn|p1a: Enamorus\n|-resisted|p1a: Enamorus\n|-crit|p1a: Enamorus\n|-damage|p1a: Enamorus|93/100\n|\n|t:|1783820914\n|switch|p2a: Dragapult|Dragapult, F, tera:Ghost|88/100 psn|[from] U-turn\n|\n|-damage|p2a: Dragapult|76/100 psn|[from] psn\n|upkeep\n|turn|15\n|\n|t:|1783820917\n|move|p1a: Enamorus|Play Rough|p2a: Dragapult\n|-damage|p2a: Dragapult|10/100 psn\n|move|p2a: Dragapult|Shadow Ball|p1a: Enamorus\n|-damage|p1a: Enamorus|0 fnt\n|faint|p1a: Enamorus\n|\n|-damage|p2a: Dragapult|0 fnt|[from] psn\n|faint|p2a: Dragapult\n|upkeep\n|\n|t:|1783820921\n|switch|p2a: Corviknight|Corviknight, M|59/100\n|switch|p1a: Meowscarada|Meowscarada, M|100/100\n|-ability|p2a: Corviknight|Pressure\n|turn|16\n|\n|t:|1783820925\n|move|p1a: Meowscarada|Triple Axel|p2a: Corviknight\n|-start|p1a: Meowscarada|typechange|Ice|[from] ability: Protean\n|-damage|p2a: Corviknight|50/100\n|-damage|p2a: Corviknight|34/100\n|-damage|p2a: Corviknight|8/100\n|-hitcount|p2a: Corviknight|3\n|move|p2a: Corviknight|U-turn|p1a: Meowscarada\n|-damage|p1a: Meowscarada|79/100\n|\n|t:|1783820926\n|switch|p2a: Kingambit|Kingambit, M|35/100|[from] U-turn\n|-activate|p2a: Kingambit|ability: Supreme Overlord\n|-start|p2a: Kingambit|fallen2|[silent]\n|\n|upkeep\n|turn|17\n|\n|t:|1783820933\n|move|p1a: Meowscarada|Triple Axel|p2a: Kingambit\n|-resisted|p2a: Kingambit\n|-damage|p2a: Kingambit|30/100\n|-resisted|p2a: Kingambit\n|-damage|p2a: Kingambit|19/100\n|-resisted|p2a: Kingambit\n|-damage|p2a: Kingambit|5/100\n|-hitcount|p2a: Kingambit|3\n|move|p2a: Kingambit|Kowtow Cleave|p1a: Meowscarada\n|-damage|p1a: Meowscarada|0 fnt\n|faint|p1a: Meowscarada\n|\n|win|OUBotBeepBoop\n|raw|daconnman's rating: 1279 &rarr; <strong>1250</strong><br />(-29 for losing)\n|raw|OUBotBeepBoop's rating: 1227 &rarr; <strong>1256</strong><br />(+29 for winning)\n|l|☆OUBotBeepBoop\n|player|p2|\n|l|☆daconnman\n|player|p1|\n", "uploadtime": 1783821255, "views": 5, "formatid": "gen9ou", "rating": 1250, "private": 0, "password": null}