{"id": "gen9ou-2540573060", "format": "[Gen 9] OU", "players": ["bh.babiri", "minecraft pro 67"], "log": "|j|☆bh.babiri\n|j|☆minecraft pro 67\n|t:|1771220128\n|gametype|singles\n|player|p1|bh.babiri|pokemonbreederf-gen4|1589\n|player|p2|minecraft pro 67|cynthia-gen4|1663\n|gen|9\n|tier|[Gen 9] OU\n|rated|\n|rule|HP Percentage Mod: HP is shown in percentages\n|rule|Endless Battle Clause: Forcing endless battles is banned\n|rule|Species Clause: Limit one of each Pokémon\n|rule|OHKO Clause: OHKO moves are banned\n|rule|Evasion Items Clause: Evasion items are banned\n|rule|Evasion Moves Clause: Evasion moves are banned\n|rule|Evasion Abilities Clause: Evasion abilities are banned\n|rule|Sleep Moves Clause: Sleep-inducing moves are banned\n|clearpoke\n|poke|p1|Hatterene, F|\n|poke|p1|Gholdengo|\n|poke|p1|Ting-Lu|\n|poke|p1|Landorus-Therian, M|\n|poke|p1|Alomomola, F|\n|poke|p1|Tyranitar, M|\n|poke|p2|Gliscor, M|\n|poke|p2|Heatran, F|\n|poke|p2|Sinistcha|\n|poke|p2|Corviknight, F|\n|poke|p2|Iron Valiant|\n|poke|p2|Rotom-Wash|\n|teampreview\n|inactive|Battle timer is ON: inactive players will automatically lose when time's up. (requested by bh.babiri)\n|\n|t:|1771220148\n|teamsize|p1|6\n|teamsize|p2|6\n|start\n|switch|p1a: Landorus|Landorus-Therian, M|100/100\n|switch|p2a: Scrotom-Washed|Rotom-Wash|100/100\n|-ability|p1a: Landorus|Intimidate|boost\n|-unboost|p2a: Scrotom-Washed|atk|1\n|turn|1\n|\n|t:|1771220153\n|switch|p1a: Hatterene|Hatterene, F|100/100\n|move|p2a: Scrotom-Washed|Hydro Pump|p1a: Hatterene\n|-damage|p1a: Hatterene|71/100\n|\n|upkeep\n|turn|2\n|\n|t:|1771220159\n|move|p2a: Scrotom-Washed|Volt Switch|p1a: Hatterene\n|-crit|p1a: Hatterene\n|-damage|p1a: Hatterene|42/100\n|\n|t:|1771220175\n|switch|p2a: Gliskibidi 😂|Gliscor, M|100/100|[from] Volt Switch\n|move|p1a: Hatterene|Future Sight|p2a: Gliskibidi 😂\n|-start|p1a: Hatterene|move: Future Sight\n|\n|-status|p2a: Gliskibidi 😂|tox|[from] item: Toxic Orb\n|upkeep\n|turn|3\n|\n|t:|1771220180\n|switch|p1a: Alomomola|Alomomola, F|100/100\n|move|p2a: Gliskibidi 😂|Knock Off|p1a: Alomomola\n|-damage|p1a: Alomomola|90/100\n|-damage|p2a: Gliskibidi 😂|84/100 tox|[from] item: Rocky Helmet|[of] p1a: Alomomola\n|-enditem|p1a: Alomomola|Rocky Helmet|[from] move: Knock Off|[of] p2a: Gliskibidi 😂\n|\n|-heal|p2a: Gliskibidi 😂|97/100 tox|[from] ability: Poison Heal\n|upkeep\n|turn|4\n|\n|t:|1771220184\n|switch|p1a: Hatterene|Hatterene, F|42/100\n|move|p2a: Gliskibidi 😂|Spikes|p1a: Hatterene\n|move|p1a: Hatterene|Spikes|p2a: Gliskibidi 😂|[from] ability: Magic Bounce\n|-sidestart|p2: minecraft pro 67|Spikes\n|\n|-end|p2a: Gliskibidi 😂|move: Future Sight\n|-damage|p2a: Gliskibidi 😂|28/100 tox\n|-heal|p2a: Gliskibidi 😂|41/100 tox|[from] ability: Poison Heal\n|upkeep\n|turn|5\n|\n|t:|1771220192\n|move|p2a: Gliskibidi 😂|Knock Off|p1a: Hatterene\n|-damage|p1a: Hatterene|17/100\n|-enditem|p1a: Hatterene|Assault Vest|[from] move: Knock Off|[of] p2a: Gliskibidi 😂\n|move|p1a: Hatterene|Draining Kiss|p2a: Gliskibidi 😂\n|-damage|p2a: Gliskibidi 😂|14/100 tox\n|-heal|p1a: Hatterene|39/100|[from] drain|[of] p2a: Gliskibidi 😂\n|\n|-heal|p2a: Gliskibidi 😂|26/100 tox|[from] ability: Poison Heal\n|upkeep\n|turn|6\n|\n|t:|1771220195\n|move|p2a: Gliskibidi 😂|Earthquake|p1a: Hatterene\n|-damage|p1a: Hatterene|4/100\n|move|p1a: Hatterene|Future Sight|p2a: Gliskibidi 😂\n|-start|p1a: Hatterene|move: Future Sight\n|\n|-heal|p2a: Gliskibidi 😂|39/100 tox|[from] ability: Poison Heal\n|upkeep\n|turn|7\n|\n|t:|1771220198\n|switch|p1a: Alomomola|Alomomola, F|100/100\n|move|p2a: Gliskibidi 😂|Earthquake|p1a: Alomomola\n|-damage|p1a: Alomomola|82/100\n|\n|-heal|p2a: Gliskibidi 😂|51/100 tox|[from] ability: Poison Heal\n|upkeep\n|turn|8\n|\n|t:|1771220208\n|switch|p2a: MEGA KNIGHT|Corviknight, F|100/100\n|-ability|p2a: MEGA KNIGHT|Pressure\n|move|p1a: Alomomola|Flip Turn|p2a: MEGA KNIGHT\n|-damage|p2a: MEGA KNIGHT|91/100\n|-damage|p1a: Alomomola|66/100|[from] item: Rocky Helmet|[of] p2a: MEGA KNIGHT\n|\n|t:|1771220215\n|switch|p1a: Ting-Lu|Ting-Lu|100/100|[from] Flip Turn\n|-ability|p1a: Ting-Lu|Vessel of Ruin\n|\n|-end|p2a: MEGA KNIGHT|move: Future Sight\n|-resisted|p2a: MEGA KNIGHT\n|-crit|p2a: MEGA KNIGHT\n|-damage|p2a: MEGA KNIGHT|51/100\n|upkeep\n|turn|9\n|\n|t:|1771220229\n|move|p2a: MEGA KNIGHT|U-turn|p1a: Ting-Lu\n|-supereffective|p1a: Ting-Lu\n|-damage|p1a: Ting-Lu|89/100\n|\n|t:|1771220232\n|switch|p2a: Gliskibidi 😂|Gliscor, M|51/100 tox|[from] U-turn\n|move|p1a: Ting-Lu|Spikes|p2a: Gliskibidi 😂\n|-sidestart|p2: minecraft pro 67|Spikes\n|\n|-heal|p1a: Ting-Lu|95/100|[from] item: Leftovers\n|-heal|p2a: Gliskibidi 😂|64/100 tox|[from] ability: Poison Heal\n|upkeep\n|turn|10\n|\n|t:|1771220236\n|switch|p1a: Hatterene|Hatterene, F|4/100\n|move|p2a: Gliskibidi 😂|Knock Off|p1a: Hatterene\n|-damage|p1a: Hatterene|0 fnt\n|faint|p1a: Hatterene\n|\n|-heal|p2a: Gliskibidi 😂|76/100 tox|[from] ability: Poison Heal\n|upkeep\n|\n|t:|1771220242\n|switch|p1a: Tyranitar|Tyranitar, M|100/100\n|-weather|Sandstorm|[from] ability: Sand Stream|[of] p1a: Tyranitar\n|turn|11\n|\n|t:|1771220250\n|move|p2a: Gliskibidi 😂|Protect|p2a: Gliskibidi 😂\n|-singleturn|p2a: Gliskibidi 😂|Protect\n|move|p1a: Tyranitar|Ice Beam|p2a: Gliskibidi 😂\n|-activate|p2a: Gliskibidi 😂|move: Protect\n|\n|-weather|Sandstorm|[upkeep]\n|-heal|p2a: Gliskibidi 😂|89/100 tox|[from] ability: Poison Heal\n|upkeep\n|turn|12\n|\n|t:|1771220254\n|switch|p2a: Scrotom-Washed|Rotom-Wash|100/100\n|move|p1a: Tyranitar|Ice Beam|p2a: Scrotom-Washed\n|-resisted|p2a: Scrotom-Washed\n|-damage|p2a: Scrotom-Washed|90/100\n|\n|-weather|Sandstorm|[upkeep]\n|-damage|p2a: Scrotom-Washed|84/100|[from] Sandstorm\n|-heal|p2a: Scrotom-Washed|90/100|[from] item: Leftovers\n|upkeep\n|turn|13\n|\n|t:|1771220270\n|switch|p1a: Gholdengo|Gholdengo|100/100\n|move|p2a: Scrotom-Washed|Will-O-Wisp|p1a: Gholdengo\n|-immune|p1a: Gholdengo|[from] ability: Good as Gold\n|\n|-weather|Sandstorm|[upkeep]\n|-damage|p2a: Scrotom-Washed|84/100|[from] Sandstorm\n|-heal|p2a: Scrotom-Washed|90/100|[from] item: Leftovers\n|upkeep\n|turn|14\n|\n|t:|1771220275\n|switch|p2a: Gliskibidi 😂|Gliscor, M|89/100 tox\n|move|p1a: Gholdengo|Shadow Ball|p2a: Gliskibidi 😂\n|-damage|p2a: Gliskibidi 😂|52/100 tox\n|-unboost|p2a: Gliskibidi 😂|spd|1\n|\n|-weather|Sandstorm|[upkeep]\n|-heal|p2a: Gliskibidi 😂|65/100 tox|[from] ability: Poison Heal\n|upkeep\n|turn|15\n|\n|t:|1771220281\n|move|p2a: Gliskibidi 😂|Protect|p2a: Gliskibidi 😂\n|-singleturn|p2a: Gliskibidi 😂|Protect\n|move|p1a: Gholdengo|Shadow Ball|p2a: Gliskibidi 😂\n|-activate|p2a: Gliskibidi 😂|move: Protect\n|\n|-weather|none\n|-heal|p2a: Gliskibidi 😂|77/100 tox|[from] ability: Poison Heal\n|upkeep\n|turn|16\n|\n|t:|1771220289\n|switch|p1a: Landorus|Landorus-Therian, M|100/100\n|-ability|p1a: Landorus|Intimidate|boost\n|-unboost|p2a: Gliskibidi 😂|atk|1\n|move|p2a: Gliskibidi 😂|Knock Off|p1a: Landorus\n|-damage|p1a: Landorus|85/100\n|-enditem|p1a: Landorus|Light Ball|[from] move: Knock Off|[of] p2a: Gliskibidi 😂\n|\n|-heal|p2a: Gliskibidi 😂|90/100 tox|[from] ability: Poison Heal\n|upkeep\n|turn|17\n|\n|t:|1771220294\n|move|p1a: Landorus|Stealth Rock|p2a: Gliskibidi 😂\n|-sidestart|p2: minecraft pro 67|move: Stealth Rock\n|move|p2a: Gliskibidi 😂|Spikes|p1a: Landorus\n|-sidestart|p1: bh.babiri|Spikes\n|\n|-heal|p2a: Gliskibidi 😂|100/100 tox|[from] ability: Poison Heal\n|upkeep\n|turn|18\n|\n|t:|1771220300\n|switch|p1a: Alomomola|Alomomola, F|99/100\n|-damage|p1a: Alomomola|87/100|[from] Spikes\n|move|p2a: Gliskibidi 😂|Knock Off|p1a: Alomomola\n|-damage|p1a: Alomomola|82/100\n|\n|upkeep\n|turn|19\n|\n|t:|1771220305\n|move|p2a: Gliskibidi 😂|Spikes|p1a: Alomomola\n|-sidestart|p1: bh.babiri|Spikes\n|move|p1a: Alomomola|Wish|p1a: Alomomola\n|\n|upkeep\n|turn|20\n|\n|t:|1771220307\n|move|p2a: Gliskibidi 😂|Spikes|p1a: Alomomola\n|-sidestart|p1: bh.babiri|Spikes\n|move|p1a: Alomomola|Flip Turn|p2a: Gliskibidi 😂\n|-supereffective|p2a: Gliskibidi 😂\n|-damage|p2a: Gliskibidi 😂|76/100 tox\n|\n|t:|1771220314\n|switch|p1a: Ting-Lu|Ting-Lu|95/100|[from] Flip Turn\n|-damage|p1a: Ting-Lu|70/100|[from] Spikes\n|-ability|p1a: Ting-Lu|Vessel of Ruin\n|\n|-heal|p1a: Ting-Lu|100/100|[from] move: Wish|[wisher] Alomomola\n|-heal|p2a: Gliskibidi 😂|89/100 tox|[from] ability: Poison Heal\n|upkeep\n|turn|21\n|\n|t:|1771220319\n|move|p2a: Gliskibidi 😂|Earthquake|p1a: Ting-Lu\n|-damage|p1a: Ting-Lu|92/100\n|move|p1a: Ting-Lu|Spikes|p2a: Gliskibidi 😂\n|-sidestart|p2: minecraft pro 67|Spikes\n|\n|-heal|p1a: Ting-Lu|98/100|[from] item: Leftovers\n|-heal|p2a: Gliskibidi 😂|100/100 tox|[from] ability: Poison Heal\n|upkeep\n|turn|22\n|\n|t:|1771220325\n|switch|p2a: Iron Valiant|Iron Valiant|100/100\n|move|p1a: Ting-Lu|Whirlwind|p2a: Iron Valiant\n|-end|p2a: Iron Valiant|Quark Drive|[silent]\n|drag|p2a: Hephaepstein|Heatran, F|100/100\n|-damage|p2a: Hephaepstein|76/100|[from] Spikes\n|-damage|p2a: Hephaepstein|63/100|[from] Stealth Rock\n|\n|-heal|p2a: Hephaepstein|69/100|[from] item: Leftovers\n|-heal|p1a: Ting-Lu|100/100|[from] item: Leftovers\n|upkeep\n|turn|23\n|\n|t:|1771220329\n|move|p2a: Hephaepstein|Stealth Rock|p1a: Ting-Lu\n|-sidestart|p1: bh.babiri|move: Stealth Rock\n|move|p1a: Ting-Lu|Earthquake|p2a: Hephaepstein\n|-supereffective|p2a: Hephaepstein\n|-crit|p2a: Hephaepstein\n|-damage|p2a: Hephaepstein|0 fnt\n|faint|p2a: Hephaepstein\n|\n|upkeep\n|\n|t:|1771220336\n|switch|p2a: Iron Valiant|Iron Valiant|100/100\n|turn|24\n|\n|t:|1771220343\n|-terastallize|p1a: Ting-Lu|Poison\n|move|p2a: Iron Valiant|Moonblast|p1a: Ting-Lu\n|-resisted|p1a: Ting-Lu\n|-damage|p1a: Ting-Lu|89/100\n|move|p1a: Ting-Lu|Earthquake|p2a: Iron Valiant\n|-damage|p2a: Iron Valiant|54/100\n|\n|-heal|p1a: Ting-Lu|96/100|[from] item: Leftovers\n|upkeep\n|turn|25\n|\n|t:|1771220349\n|move|p2a: Iron Valiant|Knock Off|p1a: Ting-Lu\n|-damage|p1a: Ting-Lu|81/100\n|-enditem|p1a: Ting-Lu|Leftovers|[from] move: Knock Off|[of] p2a: Iron Valiant\n|move|p1a: Ting-Lu|Earthquake|p2a: Iron Valiant\n|-damage|p2a: Iron Valiant|8/100\n|\n|upkeep\n|turn|26\n|\n|t:|1771220354\n|-end|p2a: Iron Valiant|Quark Drive|[silent]\n|switch|p2a: Gliskibidi 😂|Gliscor, M|100/100 tox\n|-damage|p2a: Gliskibidi 😂|88/100 tox|[from] Stealth Rock\n|move|p1a: Ting-Lu|Earthquake|p2a: Gliskibidi 😂\n|-immune|p2a: Gliskibidi 😂\n|\n|-heal|p2a: Gliskibidi 😂|100/100 tox|[from] ability: Poison Heal\n|upkeep\n|turn|27\n|\n|t:|1771220359\n|switch|p1a: Alomomola|Alomomola, F|100/100\n|-damage|p1a: Alomomola|76/100|[from] Spikes\n|-damage|p1a: Alomomola|63/100|[from] Stealth Rock\n|move|p2a: Gliskibidi 😂|Earthquake|p1a: Alomomola\n|-damage|p1a: Alomomola|45/100\n|\n|upkeep\n|turn|28\n|\n|t:|1771220362\n|move|p2a: Gliskibidi 😂|Earthquake|p1a: Alomomola\n|-damage|p1a: Alomomola|28/100\n|move|p1a: Alomomola|Wish|p1a: Alomomola\n|\n|upkeep\n|turn|29\n|\n|t:|1771220364\n|move|p2a: Gliskibidi 😂|Earthquake|p1a: Alomomola\n|-damage|p1a: Alomomola|11/100\n|move|p1a: Alomomola|Flip Turn|p2a: Gliskibidi 😂\n|-supereffective|p2a: Gliskibidi 😂\n|-damage|p2a: Gliskibidi 😂|77/100 tox\n|\n|t:|1771220372\n|switch|p1a: Landorus|Landorus-Therian, M|85/100|[from] Flip Turn\n|-damage|p1a: Landorus|73/100|[from] Stealth Rock\n|-ability|p1a: Landorus|Intimidate|boost\n|-unboost|p2a: Gliskibidi 😂|atk|1\n|\n|-heal|p1a: Landorus|100/100|[from] move: Wish|[wisher] Alomomola\n|-heal|p2a: Gliskibidi 😂|89/100 tox|[from] ability: Poison Heal\n|upkeep\n|turn|30\n|\n|t:|1771220381\n|move|p1a: Landorus|U-turn|p2a: Gliskibidi 😂\n|-resisted|p2a: Gliskibidi 😂\n|-damage|p2a: Gliskibidi 😂|78/100 tox\n|\n|t:|1771220386\n|switch|p1a: Gholdengo|Gholdengo|100/100|[from] U-turn\n|-damage|p1a: Gholdengo|76/100|[from] Spikes\n|-damage|p1a: Gholdengo|70/100|[from] Stealth Rock\n|move|p2a: Gliskibidi 😂|Knock Off|p1a: Gholdengo\n|-supereffective|p1a: Gholdengo\n|-damage|p1a: Gholdengo|36/100\n|-enditem|p1a: Gholdengo|Choice Scarf|[from] move: Knock Off|[of] p2a: Gliskibidi 😂\n|\n|-heal|p2a: Gliskibidi 😂|90/100 tox|[from] ability: Poison Heal\n|upkeep\n|turn|31\n|\n|t:|1771220390\n|move|p1a: Gholdengo|Make It Rain|p2a: Gliskibidi 😂\n|-damage|p2a: Gliskibidi 😂|31/100 tox\n|-unboost|p1a: Gholdengo|spa|1\n|move|p2a: Gliskibidi 😂|Earthquake|p1a: Gholdengo\n|-supereffective|p1a: Gholdengo\n|-damage|p1a: Gholdengo|0 fnt\n|faint|p1a: Gholdengo\n|\n|-heal|p2a: Gliskibidi 😂|43/100 tox|[from] ability: Poison Heal\n|upkeep\n|\n|t:|1771220393\n|switch|p1a: Alomomola|Alomomola, F|44/100\n|-damage|p1a: Alomomola|19/100|[from] Spikes\n|-damage|p1a: Alomomola|7/100|[from] Stealth Rock\n|turn|32\n|\n|t:|1771220400\n|switch|p1a: Landorus|Landorus-Therian, M|100/100\n|-damage|p1a: Landorus|88/100|[from] Stealth Rock\n|-ability|p1a: Landorus|Intimidate|boost\n|-unboost|p2a: Gliskibidi 😂|atk|1\n|move|p2a: Gliskibidi 😂|Earthquake|p1a: Landorus\n|-immune|p1a: Landorus\n|\n|-heal|p2a: Gliskibidi 😂|56/100 tox|[from] ability: Poison Heal\n|upkeep\n|turn|33\n|\n|t:|1771220408\n|move|p1a: Landorus|Fling||[still]\n|-fail|p1a: Landorus\n|move|p2a: Gliskibidi 😂|Knock Off|p1a: Landorus\n|-damage|p1a: Landorus|79/100\n|\n|-heal|p2a: Gliskibidi 😂|68/100 tox|[from] ability: Poison Heal\n|upkeep\n|turn|34\n|\n|t:|1771220420\n|move|p1a: Landorus|U-turn|p2a: Gliskibidi 😂\n|-resisted|p2a: Gliskibidi 😂\n|-damage|p2a: Gliskibidi 😂|58/100 tox\n|\n|t:|1771220421\n|switch|p1a: Alomomola|Alomomola, F|40/100|[from] U-turn\n|-damage|p1a: Alomomola|15/100|[from] Spikes\n|-damage|p1a: Alomomola|3/100|[from] Stealth Rock\n|move|p2a: Gliskibidi 😂|Knock Off|p1a: Alomomola\n|-damage|p1a: Alomomola|0 fnt\n|faint|p1a: Alomomola\n|\n|-heal|p2a: Gliskibidi 😂|70/100 tox|[from] ability: Poison Heal\n|upkeep\n|\n|t:|1771220424\n|switch|p1a: Tyranitar|Tyranitar, M|100/100\n|-damage|p1a: Tyranitar|75/100|[from] Spikes\n|-damage|p1a: Tyranitar|63/100|[from] Stealth Rock\n|-weather|Sandstorm|[from] ability: Sand Stream|[of] p1a: Tyranitar\n|turn|35\n|\n|t:|1771220429\n|move|p2a: Gliskibidi 😂|Protect|p2a: Gliskibidi 😂\n|-singleturn|p2a: Gliskibidi 😂|Protect\n|move|p1a: Tyranitar|Ice Beam|p2a: Gliskibidi 😂\n|-activate|p2a: Gliskibidi 😂|move: Protect\n|\n|-weather|Sandstorm|[upkeep]\n|-heal|p2a: Gliskibidi 😂|83/100 tox|[from] ability: Poison Heal\n|upkeep\n|turn|36\n|-message|bh.babiri forfeited.\n|\n|win|minecraft pro 67\n|raw|bh.babiri's rating: 1589 &rarr; <strong>1573</strong><br />(-16 for losing)\n|raw|minecraft pro 67's rating: 1663 &rarr; <strong>1679</strong><br />(+16 for winning)\n|l|☆bh.babiri\n|player|p1|\n|l|☆minecraft pro 67\n|player|p2|\n", "uploadtime": 1771220622, "views": 7, "formatid": "gen9ou", "rating": 1573, "private": 0, "password": null}