{"id": "gen9ou-2647780579", "format": "[Gen 9] OU", "players": ["sir.doff", "RemusTDR"], "log": "|j|☆sir.doff\n|j|☆RemusTDR\n|t:|1783811385\n|gametype|singles\n|player|p1|sir.doff|gentleman-gen4|1143\n|player|p2|RemusTDR|266|1219\n|gen|9\n|tier|[Gen 9] OU\n|rated|\n|rule|HP Percentage Mod: HP is shown in percentages\n|rule|Endless Battle Clause: Forcing endless battles is banned\n|rule|Species Clause: Limit one of each Pokémon\n|rule|OHKO Clause: OHKO moves are banned\n|rule|Evasion Items Clause: Evasion items are banned\n|rule|Evasion Moves Clause: Evasion moves are banned\n|rule|Evasion Abilities Clause: Evasion abilities are banned\n|rule|Sleep Moves Clause: Sleep-inducing moves are banned\n|clearpoke\n|poke|p1|Pelipper, F|\n|poke|p1|Ludicolo, M|\n|poke|p1|Barraskewda, M|\n|poke|p1|Raging Bolt|\n|poke|p1|Iron Treads|\n|poke|p1|Overqwil, F|\n|poke|p2|Dragonite, M|\n|poke|p2|Gholdengo|\n|poke|p2|Pecharunt|\n|poke|p2|Samurott-Hisui, M|\n|poke|p2|Ting-Lu|\n|poke|p2|Walking Wake|\n|teampreview\n|\n|t:|1783811392\n|teamsize|p1|6\n|teamsize|p2|6\n|start\n|switch|p1a: Bocona|Pelipper, F|100/100\n|switch|p2a: Samurott|Samurott-Hisui, M|100/100\n|-weather|RainDance|[from] ability: Drizzle|[of] p1a: Bocona\n|turn|1\n|\n|t:|1783811403\n|move|p2a: Samurott|Ceaseless Edge|p1a: Bocona\n|-damage|p1a: Bocona|69/100\n|-sidestart|p1: sir.doff|Spikes\n|move|p1a: Bocona|Hurricane|p2a: Samurott\n|-crit|p2a: Samurott\n|-damage|p2a: Samurott|62/100\n|-start|p2a: Samurott|confusion\n|\n|-weather|RainDance|[upkeep]\n|upkeep\n|turn|2\n|\n|t:|1783811414\n|-activate|p2a: Samurott|confusion\n|-damage|p2a: Samurott|50/100|[from] confusion\n|move|p1a: Bocona|Roost|p1a: Bocona\n|-heal|p1a: Bocona|100/100\n|-singleturn|p1a: Bocona|move: Roost\n|\n|-weather|RainDance|[upkeep]\n|upkeep\n|turn|3\n|\n|t:|1783811423\n|-activate|p2a: Samurott|confusion\n|move|p2a: Samurott|Flip Turn|p1a: Bocona\n|-resisted|p1a: Bocona\n|-damage|p1a: Bocona|87/100\n|\n|t:|1783811429\n|switch|p2a: Walking Wake|Walking Wake|100/100|[from] Flip Turn\n|move|p1a: Bocona|Hurricane|p2a: Walking Wake\n|-damage|p2a: Walking Wake|58/100\n|-start|p2a: Walking Wake|confusion\n|\n|-weather|RainDance|[upkeep]\n|upkeep\n|turn|4\n|\n|t:|1783811442\n|switch|p1a: Go Drinking|Ludicolo, M|100/100\n|-damage|p1a: Go Drinking|88/100|[from] Spikes\n|-activate|p2a: Walking Wake|confusion\n|-damage|p2a: Walking Wake|50/100|[from] confusion\n|\n|-weather|RainDance|[upkeep]\n|upkeep\n|turn|5\n|\n|t:|1783811451\n|-end|p2a: Walking Wake|Protosynthesis|[silent]\n|switch|p2a: Ting-Lu|Ting-Lu|100/100\n|-ability|p2a: Ting-Lu|Vessel of Ruin\n|move|p1a: Go Drinking|Ice Beam|p2a: Ting-Lu\n|-supereffective|p2a: Ting-Lu\n|-damage|p2a: Ting-Lu|74/100\n|-damage|p1a: Go Drinking|78/100|[from] item: Life Orb\n|\n|-weather|RainDance|[upkeep]\n|-heal|p2a: Ting-Lu|80/100|[from] item: Leftovers\n|upkeep\n|turn|6\n|inactive|Battle timer is ON: inactive players will automatically lose when time's up. (requested by sir.doff)\n|\n|t:|1783811464\n|move|p1a: Go Drinking|Weather Ball|p2a: Ting-Lu\n|-supereffective|p2a: Ting-Lu\n|-damage|p2a: Ting-Lu|11/100\n|-damage|p1a: Go Drinking|68/100|[from] item: Life Orb\n|move|p2a: Ting-Lu|Stealth Rock|p1a: Go Drinking\n|-sidestart|p1: sir.doff|move: Stealth Rock\n|\n|-weather|RainDance|[upkeep]\n|-heal|p2a: Ting-Lu|18/100|[from] item: Leftovers\n|upkeep\n|turn|7\n|\n|t:|1783811476\n|switch|p2a: Gholdengo|Gholdengo|100/100\n|move|p1a: Go Drinking|Weather Ball|p2a: Gholdengo\n|-damage|p2a: Gholdengo|0 fnt\n|faint|p2a: Gholdengo\n|-damage|p1a: Go Drinking|58/100|[from] item: Life Orb\n|\n|-weather|RainDance|[upkeep]\n|upkeep\n|inactive|RemusTDR has 120 seconds left.\n|\n|t:|1783811502\n|switch|p2a: Pecharunt|Pecharunt|100/100\n|turn|8\n|\n|t:|1783811509\n|move|p1a: Go Drinking|Weather Ball|p2a: Pecharunt\n|-damage|p2a: Pecharunt|11/100\n|-damage|p1a: Go Drinking|48/100|[from] item: Life Orb\n|move|p2a: Pecharunt|Malignant Chain|p1a: Go Drinking\n|-supereffective|p1a: Go Drinking\n|-damage|p1a: Go Drinking|0 fnt\n|faint|p1a: Go Drinking\n|\n|-weather|none\n|upkeep\n|\n|t:|1783811513\n|switch|p1a: Bocona|Pelipper, F|87/100\n|-damage|p1a: Bocona|63/100|[from] Stealth Rock\n|-weather|RainDance|[from] ability: Drizzle|[of] p1a: Bocona\n|turn|9\n|\n|t:|1783811534\n|switch|p1a: Defante|Iron Treads|100/100\n|-damage|p1a: Defante|88/100|[from] Spikes\n|-damage|p1a: Defante|85/100|[from] Stealth Rock\n|move|p2a: Pecharunt|Recover|p2a: Pecharunt\n|-heal|p2a: Pecharunt|61/100\n|\n|-weather|RainDance|[upkeep]\n|-heal|p1a: Defante|91/100|[from] item: Leftovers\n|upkeep\n|turn|10\n|\n|t:|1783811548\n|switch|p2a: Dragonite|Dragonite, M|100/100\n|move|p1a: Defante|Stealth Rock|p2a: Dragonite\n|-sidestart|p2: RemusTDR|move: Stealth Rock\n|\n|-weather|RainDance|[upkeep]\n|-heal|p1a: Defante|97/100|[from] item: Leftovers\n|upkeep\n|turn|11\n|\n|t:|1783811556\n|move|p1a: Defante|Ice Spinner|p2a: Dragonite\n|-supereffective|p2a: Dragonite\n|-damage|p2a: Dragonite|63/100\n|move|p2a: Dragonite|Low Kick|p1a: Defante\n|-supereffective|p1a: Defante\n|-damage|p1a: Defante|29/100\n|\n|-weather|RainDance|[upkeep]\n|-heal|p1a: Defante|35/100|[from] item: Leftovers\n|upkeep\n|turn|12\n|inactive|RemusTDR has 120 seconds left.\n|\n|t:|1783811580\n|-terastallize|p2a: Dragonite|Normal\n|move|p1a: Defante|Rapid Spin|p2a: Dragonite\n|-damage|p2a: Dragonite|51/100\n|-boost|p1a: Defante|spe|1\n|-sideend|p1: sir.doff|Spikes|[from] move: Rapid Spin|[of] p1a: Defante\n|-sideend|p1: sir.doff|Stealth Rock|[from] move: Rapid Spin|[of] p1a: Defante\n|move|p2a: Dragonite|Low Kick|p1a: Defante\n|-supereffective|p1a: Defante\n|-damage|p1a: Defante|0 fnt\n|faint|p1a: Defante\n|-end|p1a: Defante|Quark Drive|[silent]\n|\n|-weather|RainDance|[upkeep]\n|upkeep\n|\n|t:|1783811591\n|switch|p1a: Tilápio|Barraskewda, M|100/100\n|turn|13\n|\n|t:|1783811596\n|move|p2a: Dragonite|Extreme Speed|p1a: Tilápio\n|-damage|p1a: Tilápio|9/100\n|move|p1a: Tilápio|Liquidation|p2a: Dragonite\n|-damage|p2a: Dragonite|0 fnt\n|faint|p2a: Dragonite\n|\n|-weather|RainDance|[upkeep]\n|upkeep\n|\n|t:|1783811609\n|switch|p2a: Samurott|Samurott-Hisui, M|50/100\n|-damage|p2a: Samurott|38/100|[from] Stealth Rock\n|turn|14\n|\n|t:|1783811620\n|move|p1a: Tilápio|Aqua Jet|p2a: Samurott\n|-resisted|p2a: Samurott\n|-damage|p2a: Samurott|17/100\n|move|p2a: Samurott|Ceaseless Edge|p1a: Tilápio\n|-damage|p1a: Tilápio|0 fnt\n|-sidestart|p1: sir.doff|Spikes\n|faint|p1a: Tilápio\n|\n|-weather|RainDance|[upkeep]\n|upkeep\n|\n|t:|1783811627\n|switch|p1a: Overqwil|Overqwil, F|100/100\n|-damage|p1a: Overqwil|88/100|[from] Spikes\n|turn|15\n|inactive|RemusTDR has 120 seconds left.\n|\n|t:|1783811656\n|switch|p2a: Walking Wake|Walking Wake|50/100\n|move|p1a: Overqwil|Swords Dance|p1a: Overqwil\n|-boost|p1a: Overqwil|atk|2\n|\n|-weather|RainDance|[upkeep]\n|upkeep\n|turn|16\n|inactive|RemusTDR has 120 seconds left.\n|\n|t:|1783811664\n|move|p1a: Overqwil|Gunk Shot|p2a: Walking Wake\n|-damage|p2a: Walking Wake|0 fnt\n|faint|p2a: Walking Wake\n|-end|p2a: Walking Wake|Protosynthesis|[silent]\n|\n|-weather|none\n|upkeep\n|inactive|RemusTDR has 120 seconds left.\n|\n|t:|1783811673\n|switch|p2a: Pecharunt|Pecharunt|61/100\n|turn|17\n|\n|t:|1783811680\n|move|p2a: Pecharunt|Shadow Ball|p1a: Overqwil\n|-resisted|p1a: Overqwil\n|-damage|p1a: Overqwil|71/100\n|move|p1a: Overqwil|Crunch|p2a: Pecharunt\n|-supereffective|p2a: Pecharunt\n|-damage|p2a: Pecharunt|0 fnt\n|faint|p2a: Pecharunt\n|\n|upkeep\n|-message|RemusTDR forfeited.\n|\n|win|sir.doff\n|raw|sir.doff's rating: 1143 &rarr; <strong>1173</strong><br />(+30 for winning)\n|raw|RemusTDR's rating: 1219 &rarr; <strong>1189</strong><br />(-30 for losing)\n|l|☆RemusTDR\n|player|p2|\n|l|☆sir.doff\n|player|p1|\n", "uploadtime": 1783812000, "views": 3, "formatid": "gen9ou", "rating": 1173, "private": 0, "password": null}