{"id": "gen9ou-2647691024", "format": "[Gen 9] OU", "players": ["OUBotBeepBoop", "TheSeraphAbove"], "log": "|j|☆OUBotBeepBoop\n|j|☆TheSeraphAbove\n|t:|1783796939\n|gametype|singles\n|player|p1|OUBotBeepBoop|102|1138\n|player|p2|TheSeraphAbove|iris-gen5bw2|1130\n|gen|9\n|tier|[Gen 9] OU\n|rated|\n|rule|HP Percentage Mod: HP is shown in percentages\n|rule|Endless Battle Clause: Forcing endless battles is banned\n|rule|Species Clause: Limit one of each Pokémon\n|rule|OHKO Clause: OHKO moves are banned\n|rule|Evasion Items Clause: Evasion items are banned\n|rule|Evasion Moves Clause: Evasion moves are banned\n|rule|Evasion Abilities Clause: Evasion abilities are banned\n|rule|Sleep Moves Clause: Sleep-inducing moves are banned\n|clearpoke\n|poke|p1|Glimmora, M|\n|poke|p1|Great Tusk|\n|poke|p1|Kingambit, M|\n|poke|p1|Dragapult, F|\n|poke|p1|Clefable, F|\n|poke|p1|Corviknight, F|\n|poke|p2|Zapdos|\n|poke|p2|Muk, F|\n|poke|p2|Iron Treads|\n|poke|p2|Alomomola, F|\n|poke|p2|Terrakion|\n|poke|p2|Hydreigon, M|\n|teampreview\n|inactive|Battle timer is ON: inactive players will automatically lose when time's up. (requested by TheSeraphAbove)\n|inactive|OUBotBeepBoop also wants the timer to be on.\n|inactive|TheSeraphAbove has 120 seconds left.\n|\n|t:|1783796972\n|teamsize|p1|6\n|teamsize|p2|6\n|start\n|switch|p1a: Glimmora|Glimmora, M|100/100\n|switch|p2a: Iron Treads|Iron Treads|100/100\n|turn|1\n|\n|t:|1783796979\n|switch|p1a: Great Tusk|Great Tusk|100/100\n|move|p2a: Iron Treads|Earthquake|p1a: Great Tusk\n|-damage|p1a: Great Tusk|68/100\n|\n|upkeep\n|turn|2\n|inactive|TheSeraphAbove has 120 seconds left.\n|\n|t:|1783797017\n|-terastallize|p2a: Iron Treads|Flying\n|move|p2a: Iron Treads|Ice Spinner|p1a: Great Tusk\n|-supereffective|p1a: Great Tusk\n|-damage|p1a: Great Tusk|20/100\n|move|p1a: Great Tusk|Headlong Rush|p2a: Iron Treads\n|-immune|p2a: Iron Treads\n|\n|upkeep\n|turn|3\n|\n|t:|1783797022\n|-terastallize|p1a: Great Tusk|Steel\n|move|p2a: Iron Treads|Ice Spinner|p1a: Great Tusk\n|-resisted|p1a: Great Tusk\n|-damage|p1a: Great Tusk|11/100\n|move|p1a: Great Tusk|Ice Spinner|p2a: Iron Treads\n|-supereffective|p2a: Iron Treads\n|-crit|p2a: Iron Treads\n|-damage|p2a: Iron Treads|24/100\n|\n|upkeep\n|turn|4\n|\n|t:|1783797026\n|move|p2a: Iron Treads|Earthquake|p1a: Great Tusk\n|-supereffective|p1a: Great Tusk\n|-damage|p1a: Great Tusk|0 fnt\n|faint|p1a: Great Tusk\n|-end|p1a: Great Tusk|Protosynthesis|[silent]\n|\n|upkeep\n|\n|t:|1783797027\n|switch|p1a: Dragapult|Dragapult, F|100/100\n|turn|5\n|\n|t:|1783797041\n|-end|p2a: Iron Treads|Quark Drive|[silent]\n|switch|p2a: The Slug|Muk, F, shiny|100/100\n|move|p1a: Dragapult|Shadow Ball|p2a: The Slug\n|-damage|p2a: The Slug|55/100\n|\n|upkeep\n|turn|6\n|\n|t:|1783797051\n|move|p1a: Dragapult|Shadow Ball|p2a: The Slug\n|-damage|p2a: The Slug|9/100\n|-unboost|p2a: The Slug|spd|1\n|move|p2a: The Slug|Knock Off|p1a: Dragapult\n|-supereffective|p1a: Dragapult\n|-damage|p1a: Dragapult|0 fnt\n|-enditem|p1a: Dragapult|Choice Specs|[from] move: Knock Off|[of] p2a: The Slug\n|faint|p1a: Dragapult\n|\n|upkeep\n|\n|t:|1783797052\n|switch|p1a: Clefable|Clefable, F|100/100\n|turn|7\n|\n|t:|1783797059\n|switch|p2a: Alomomola|Alomomola, F, shiny|100/100\n|move|p1a: Clefable|Flamethrower|p2a: Alomomola\n|-resisted|p2a: Alomomola\n|-damage|p2a: Alomomola|90/100\n|\n|upkeep\n|turn|8\n|\n|t:|1783797063\n|move|p1a: Clefable|Moonblast|p2a: Alomomola\n|-damage|p2a: Alomomola|51/100\n|-unboost|p2a: Alomomola|spa|1\n|move|p2a: Alomomola|Wish|p2a: Alomomola\n|\n|upkeep\n|turn|9\n|\n|t:|1783797067\n|move|p1a: Clefable|Moonblast|p2a: Alomomola\n|-damage|p2a: Alomomola|11/100\n|-unboost|p2a: Alomomola|spa|1\n|move|p2a: Alomomola|Flip Turn|p1a: Clefable\n|-crit|p1a: Clefable\n|-damage|p1a: Clefable|80/100\n|\n|t:|1783797091\n|switch|p2a: Iron Treads|Iron Treads, tera:Flying|24/100|[from] Flip Turn\n|\n|-heal|p2a: Iron Treads|100/100|[from] move: Wish|[wisher] Alomomola\n|-heal|p1a: Clefable|86/100|[from] item: Leftovers\n|upkeep\n|turn|10\n|\n|t:|1783797097\n|move|p2a: Iron Treads|Earthquake|p1a: Clefable\n|-damage|p1a: Clefable|53/100\n|move|p1a: Clefable|Moonblast|p2a: Iron Treads\n|-crit|p2a: Iron Treads\n|-damage|p2a: Iron Treads|31/100\n|\n|-heal|p1a: Clefable|59/100|[from] item: Leftovers\n|upkeep\n|turn|11\n|\n|t:|1783797120\n|move|p2a: Iron Treads|Earthquake|p1a: Clefable\n|-damage|p1a: Clefable|26/100\n|move|p1a: Clefable|Moonblast|p2a: Iron Treads\n|-damage|p2a: Iron Treads|0 fnt\n|faint|p2a: Iron Treads\n|-end|p2a: Iron Treads|Quark Drive|[silent]\n|\n|-heal|p1a: Clefable|32/100|[from] item: Leftovers\n|upkeep\n|\n|t:|1783797125\n|switch|p2a: The Slug|Muk, F, shiny|9/100\n|turn|12\n|\n|t:|1783797139\n|move|p1a: Clefable|Flamethrower|p2a: The Slug\n|-damage|p2a: The Slug|0 fnt\n|faint|p2a: The Slug\n|\n|-heal|p1a: Clefable|38/100|[from] item: Leftovers\n|upkeep\n|\n|t:|1783797148\n|switch|p2a: Hydreigon|Hydreigon, M|100/100\n|turn|13\n|\n|t:|1783797157\n|move|p2a: Hydreigon|Earth Power|p1a: Clefable\n|-damage|p1a: Clefable|0 fnt\n|faint|p1a: Clefable\n|\n|upkeep\n|\n|t:|1783797157\n|switch|p1a: Corviknight|Corviknight, F|100/100\n|-ability|p1a: Corviknight|Pressure\n|turn|14\n|\n|t:|1783797163\n|switch|p2a: Zapdos|Zapdos|100/100\n|move|p1a: Corviknight|Body Press|p2a: Zapdos\n|-resisted|p2a: Zapdos\n|-damage|p2a: Zapdos|87/100\n|-status|p1a: Corviknight|par|[from] ability: Static|[of] p2a: Zapdos\n|\n|upkeep\n|turn|15\n|\n|t:|1783797173\n|switch|p1a: Glimmora|Glimmora, M|100/100\n|move|p2a: Zapdos|Thunderbolt|p1a: Glimmora\n|-damage|p1a: Glimmora|34/100\n|-status|p1a: Glimmora|par\n|\n|upkeep\n|turn|16\n|\n|t:|1783797181\n|move|p2a: Zapdos|Volt Switch|p1a: Glimmora\n|-damage|p1a: Glimmora|0 fnt\n|faint|p1a: Glimmora\n|\n|t:|1783797196\n|switch|p2a: Terrakion|Terrakion|100/100|[from] Volt Switch\n|\n|upkeep\n|\n|t:|1783797197\n|switch|p1a: Corviknight|Corviknight, F|100/100 par\n|-ability|p1a: Corviknight|Pressure\n|turn|17\n|\n|t:|1783797203\n|switch|p2a: Zapdos|Zapdos|87/100\n|move|p1a: Corviknight|Body Press|p2a: Zapdos\n|-resisted|p2a: Zapdos\n|-damage|p2a: Zapdos|74/100\n|\n|upkeep\n|turn|18\n|\n|t:|1783797208\n|switch|p1a: Kingambit|Kingambit, M|100/100\n|-activate|p1a: Kingambit|ability: Supreme Overlord\n|-start|p1a: Kingambit|fallen4|[silent]\n|move|p2a: Zapdos|Thunderbolt|p1a: Kingambit\n|-damage|p1a: Kingambit|49/100\n|\n|upkeep\n|turn|19\n|\n|t:|1783797215\n|move|p2a: Zapdos|Thunderbolt|p1a: Kingambit\n|-damage|p1a: Kingambit|3/100\n|move|p1a: Kingambit|Kowtow Cleave|p2a: Zapdos\n|-damage|p2a: Zapdos|0 fnt\n|faint|p2a: Zapdos\n|\n|upkeep\n|\n|t:|1783797224\n|switch|p2a: Hydreigon|Hydreigon, M|100/100\n|turn|20\n|\n|t:|1783797230\n|-end|p1a: Kingambit|fallen4|[silent]\n|switch|p1a: Corviknight|Corviknight, F|100/100 par\n|-ability|p1a: Corviknight|Pressure\n|move|p2a: Hydreigon|Dark Pulse|p1a: Corviknight\n|-damage|p1a: Corviknight|44/100 par\n|\n|-heal|p1a: Corviknight|50/100 par|[from] item: Leftovers\n|upkeep\n|turn|21\n|\n|t:|1783797237\n|move|p2a: Hydreigon|Dark Pulse|p1a: Corviknight\n|-damage|p1a: Corviknight|0 fnt\n|faint|p1a: Corviknight\n|\n|upkeep\n|\n|t:|1783797237\n|switch|p1a: Kingambit|Kingambit, M|3/100\n|-activate|p1a: Kingambit|ability: Supreme Overlord\n|-start|p1a: Kingambit|fallen5|[silent]\n|turn|22\n|\n|t:|1783797240\n|move|p1a: Kingambit|Sucker Punch|p2a: Hydreigon\n|-resisted|p2a: Hydreigon\n|-damage|p2a: Hydreigon|59/100\n|move|p2a: Hydreigon|Dark Pulse|p1a: Kingambit\n|-resisted|p1a: Kingambit\n|-damage|p1a: Kingambit|0 fnt\n|faint|p1a: Kingambit\n|-end|p1a: Kingambit|fallen5|[silent]\n|\n|win|TheSeraphAbove\n|raw|OUBotBeepBoop's rating: 1185 &rarr; <strong>1156</strong><br />(-29 for losing)\n|raw|TheSeraphAbove's rating: 1130 &rarr; <strong>1159</strong><br />(+29 for winning)\n|l|☆OUBotBeepBoop\n|player|p1|\n|l|☆TheSeraphAbove\n|player|p2|\n", "uploadtime": 1783797614, "views": 6, "formatid": "gen9ou", "rating": 1156, "private": 0, "password": null}