{"id": "gen9ou-2647773959", "format": "[Gen 9] OU", "players": ["silame", "Ubl267"], "log": "|j|☆silame\n|j|☆Ubl267\n|t:|1783810230\n|gametype|singles\n|player|p1|silame|lady-gen4|\n|player|p2|Ubl267|veteranf|\n|gen|9\n|tier|[Gen 9] OU\n|rule|HP Percentage Mod: HP is shown in percentages\n|rule|Endless Battle Clause: Forcing endless battles is banned\n|rule|Species Clause: Limit one of each Pokémon\n|rule|OHKO Clause: OHKO moves are banned\n|rule|Evasion Items Clause: Evasion items are banned\n|rule|Evasion Moves Clause: Evasion moves are banned\n|rule|Evasion Abilities Clause: Evasion abilities are banned\n|rule|Sleep Moves Clause: Sleep-inducing moves are banned\n|clearpoke\n|poke|p1|Zoroark-Hisui, M|\n|poke|p1|Iron Valiant|\n|poke|p1|Reuniclus, F|\n|poke|p1|Flygon, M|\n|poke|p1|Crawdaunt, M|\n|poke|p1|Zapdos|\n|poke|p2|Mamoswine, F|\n|poke|p2|Rillaboom, F|\n|poke|p2|Duraludon, F|\n|poke|p2|Thundurus, M|\n|poke|p2|Corviknight, M|\n|poke|p2|Entei|\n|teampreview\n|c|☆silame|glhf\n|c|☆Ubl267|u2\n|j| roikeith\n|j| Ziiiiiii\n|\n|t:|1783810299\n|teamsize|p1|6\n|teamsize|p2|6\n|start\n|switch|p1a: Zapdos|Zapdos|100/100\n|switch|p2a: Mamoswine|Mamoswine, F|100/100\n|turn|1\n|\n|t:|1783810321\n|move|p1a: Zapdos|Shadow Ball|p2a: Mamoswine\n|-damage|p2a: Mamoswine|7/100\n|-unboost|p2a: Mamoswine|spd|1\n|move|p2a: Mamoswine|Icicle Crash|p1a: Zapdos\n|-crit|p1a: Zapdos\n|-damage|p1a: Zapdos|0 fnt\n|replace|p1a: Zoroark|Zoroark-Hisui, M\n|-end|p1a: Zoroark|Illusion\n|faint|p1a: Zoroark\n|\n|upkeep\n|c|☆silame|D:\n|c|☆Ubl267|o\n|\n|t:|1783810344\n|switch|p1a: Reuniclus|Reuniclus, F|100/100\n|turn|2\n|\n|t:|1783810353\n|move|p2a: Mamoswine|Earthquake|p1a: Reuniclus\n|-damage|p1a: Reuniclus|64/100\n|move|p1a: Reuniclus|Future Sight|p2a: Mamoswine\n|-start|p1a: Reuniclus|move: Future Sight\n|\n|-heal|p1a: Reuniclus|70/100|[from] item: Leftovers\n|upkeep\n|turn|3\n|\n|t:|1783810365\n|switch|p2a: Duraludon|Duraludon, F|100/100\n|switch|p1a: Flygon|Flygon, M|100/100\n|\n|upkeep\n|turn|4\n|\n|t:|1783810392\n|switch|p2a: Rillaboom|Rillaboom, F|100/100\n|-fieldstart|move: Grassy Terrain|[from] ability: Grassy Surge|[of] p2a: Rillaboom\n|move|p1a: Flygon|U-turn|p2a: Rillaboom\n|-supereffective|p2a: Rillaboom\n|-damage|p2a: Rillaboom|31/100\n|-damage|p1a: Flygon|91/100|[from] item: Life Orb\n|j| 2010AZ\n|c| 2010AZ|just in time\n|\n|t:|1783810426\n|switch|p1a: Reuniclus|Reuniclus, F|100/100|[from] U-turn\n|\n|-end|p2a: Rillaboom|move: Future Sight\n|-damage|p2a: Rillaboom|0 fnt\n|faint|p2a: Rillaboom\n|upkeep\n|\n|t:|1783810445\n|switch|p2a: Duraludon|Duraludon, F|100/100\n|turn|5\n|\n|t:|1783810452\n|move|p2a: Duraludon|Stealth Rock|p1a: Reuniclus\n|-sidestart|p1: silame|move: Stealth Rock\n|move|p1a: Reuniclus|Thunder Wave|p2a: Duraludon|[miss]\n|-miss|p1a: Reuniclus|p2a: Duraludon\n|\n|upkeep\n|turn|6\n|\n|t:|1783810464\n|move|p2a: Duraludon|Flash Cannon|p1a: Reuniclus\n|-damage|p1a: Reuniclus|64/100\n|move|p1a: Reuniclus|Future Sight|p2a: Duraludon\n|-start|p1a: Reuniclus|move: Future Sight\n|\n|-heal|p1a: Reuniclus|71/100|[from] Grassy Terrain\n|-heal|p1a: Reuniclus|77/100|[from] item: Leftovers\n|upkeep\n|turn|7\n|\n|t:|1783810472\n|switch|p1a: Crawdaunt|Crawdaunt, M|100/100\n|-damage|p1a: Crawdaunt|88/100|[from] Stealth Rock\n|move|p2a: Duraludon|Flash Cannon|p1a: Crawdaunt\n|-resisted|p1a: Crawdaunt\n|-damage|p1a: Crawdaunt|47/100\n|\n|-heal|p1a: Crawdaunt|53/100|[from] Grassy Terrain\n|upkeep\n|turn|8\n|c| 2010AZ|MR CRAW INCOMING\n|\n|t:|1783810489\n|-terastallize|p2a: Duraludon|Ghost\n|move|p1a: Crawdaunt|Knock Off|p2a: Duraludon\n|-supereffective|p2a: Duraludon\n|-damage|p2a: Duraludon|0 fnt\n|-enditem|p2a: Duraludon|Eviolite|[from] move: Knock Off|[of] p1a: Crawdaunt\n|faint|p2a: Duraludon\n|-damage|p1a: Crawdaunt|43/100|[from] item: Life Orb\n|\n|-hint|Future Sight did not hit because the target is fainted.\n|-heal|p1a: Crawdaunt|49/100|[from] Grassy Terrain\n|-fieldend|move: Grassy Terrain\n|upkeep\n|c|☆silame|ouch\n|c|☆Ubl267|damn dawg\n|c| 2010AZ|150000 ATTACK\n|c|☆Ubl267|please tell me that was a read\n|\n|t:|1783810511\n|switch|p2a: Thundurus|Thundurus, M|100/100\n|turn|9\n|c|☆silame|honestly knock was just the better option Q_Q\n|c|☆Ubl267|I do it to myself man\n|\n|t:|1783810547\n|move|p1a: Crawdaunt|Aqua Jet|p2a: Thundurus\n|-damage|p2a: Thundurus|39/100\n|-damage|p1a: Crawdaunt|40/100|[from] item: Life Orb\n|move|p2a: Thundurus|Volt Switch|p1a: Crawdaunt\n|-supereffective|p1a: Crawdaunt\n|-damage|p1a: Crawdaunt|0 fnt\n|faint|p1a: Crawdaunt\n|\n|t:|1783810559\n|switch|p2a: Corviknight|Corviknight, M|100/100|[from] Volt Switch\n|-ability|p2a: Corviknight|Pressure\n|\n|upkeep\n|\n|t:|1783810564\n|switch|p1a: Flygon|Flygon, M|91/100\n|-damage|p1a: Flygon|85/100|[from] Stealth Rock\n|turn|10\n|\n|t:|1783810588\n|move|p1a: Flygon|Stealth Rock|p2a: Corviknight\n|-sidestart|p2: Ubl267|move: Stealth Rock\n|move|p2a: Corviknight|U-turn|p1a: Flygon\n|-damage|p1a: Flygon|66/100\n|\n|t:|1783810600\n|switch|p2a: Thundurus|Thundurus, M|39/100|[from] U-turn\n|\n|upkeep\n|turn|11\n|\n|t:|1783810650\n|move|p2a: Thundurus|Dark Pulse|p1a: Flygon\n|-damage|p1a: Flygon|28/100\n|cant|p1a: Flygon|flinch\n|\n|upkeep\n|turn|12\n|c| 2010AZ|rigged\n|\n|t:|1783810656\n|switch|p1a: Iron Valiant|Iron Valiant|100/100\n|-damage|p1a: Iron Valiant|94/100|[from] Stealth Rock\n|move|p2a: Thundurus|Dark Pulse|p1a: Iron Valiant\n|-resisted|p1a: Iron Valiant\n|-damage|p1a: Iron Valiant|81/100\n|\n|upkeep\n|turn|13\n|\n|t:|1783810662\n|move|p2a: Thundurus|Thunder Wave|p1a: Iron Valiant\n|-status|p1a: Iron Valiant|par\n|move|p1a: Iron Valiant|Moonblast|p2a: Thundurus\n|-damage|p2a: Thundurus|0 fnt\n|faint|p2a: Thundurus\n|-damage|p1a: Iron Valiant|72/100 par|[from] item: Life Orb\n|\n|upkeep\n|c|☆silame|I forgor pranskster x-x\n|\n|t:|1783810679\n|switch|p2a: Corviknight|Corviknight, M|100/100\n|-damage|p2a: Corviknight|88/100|[from] Stealth Rock\n|-ability|p2a: Corviknight|Pressure\n|turn|14\n|c| 2010AZ|got pranked\n|j| gymleader avery\n|\n|t:|1783810690\n|-end|p1a: Iron Valiant|Quark Drive|[silent]\n|switch|p1a: Zapdos|Zapdos|100/100\n|move|p2a: Corviknight|Brave Bird|p1a: Zapdos\n|-resisted|p1a: Zapdos\n|-crit|p1a: Zapdos\n|-damage|p1a: Zapdos|81/100\n|-damage|p2a: Corviknight|82/100|[from] Recoil\n|\n|upkeep\n|turn|15\n|\n|t:|1783810705\n|move|p1a: Zapdos|Discharge|p2a: Corviknight\n|-supereffective|p2a: Corviknight\n|-damage|p2a: Corviknight|13/100\n|move|p2a: Corviknight|Defog|p1a: Zapdos\n|-unboost|p1a: Zapdos|evasion|1\n|-sideend|p1: silame|Stealth Rock|[from] move: Defog|[of] p2a: Corviknight\n|-sideend|p2: Ubl267|Stealth Rock|[from] move: Defog|[of] p2a: Corviknight\n|\n|upkeep\n|turn|16\n|c| 2010AZ|goodbye roc nation\n|\n|t:|1783810730\n|move|p1a: Zapdos|Hurricane|p2a: Corviknight\n|-resisted|p2a: Corviknight\n|-damage|p2a: Corviknight|0 fnt\n|faint|p2a: Corviknight\n|\n|upkeep\n|\n|t:|1783810748\n|switch|p2a: Mamoswine|Mamoswine, F|7/100\n|turn|17\n|\n|t:|1783810752\n|switch|p1a: Iron Valiant|Iron Valiant|72/100 par\n|move|p2a: Mamoswine|Icicle Crash|p1a: Iron Valiant|[miss]\n|-miss|p2a: Mamoswine|p1a: Iron Valiant\n|\n|upkeep\n|turn|18\n|\n|t:|1783810770\n|move|p1a: Iron Valiant|Vacuum Wave|p2a: Mamoswine\n|-supereffective|p2a: Mamoswine\n|-damage|p2a: Mamoswine|0 fnt\n|faint|p2a: Mamoswine\n|-damage|p1a: Iron Valiant|62/100 par|[from] item: Life Orb\n|\n|upkeep\n|c| 2010AZ|vacuum wave gaming\n|c| 2010AZ|let's go\n|c|☆Ubl267|oh\n|c|☆Ubl267|I didn't know\n|\n|t:|1783810779\n|switch|p2a: Entei|Entei|100/100\n|turn|19\n|\n|t:|1783810788\n|move|p2a: Entei|Flare Blitz|p1a: Iron Valiant\n|-damage|p1a: Iron Valiant|0 fnt\n|faint|p1a: Iron Valiant\n|-end|p1a: Iron Valiant|Quark Drive|[silent]\n|-damage|p2a: Entei|85/100|[from] Recoil\n|\n|-heal|p2a: Entei|91/100|[from] item: Leftovers\n|upkeep\n|\n|t:|1783810798\n|switch|p1a: Reuniclus|Reuniclus, F|100/100\n|turn|20\n|\n|t:|1783810805\n|-terastallize|p1a: Reuniclus|Fairy\n|move|p2a: Entei|Substitute|p2a: Entei\n|-start|p2a: Entei|Substitute\n|-damage|p2a: Entei|66/100\n|move|p1a: Reuniclus|Psychic|p2a: Entei\n|-end|p2a: Entei|Substitute\n|\n|-heal|p2a: Entei|72/100|[from] item: Leftovers\n|upkeep\n|turn|21\n|\n|t:|1783810815\n|move|p2a: Entei|Flare Blitz|p1a: Reuniclus\n|-damage|p1a: Reuniclus|62/100\n|-status|p1a: Reuniclus|brn\n|-damage|p2a: Entei|58/100|[from] Recoil\n|move|p1a: Reuniclus|Psychic|p2a: Entei\n|-damage|p2a: Entei|13/100\n|\n|-heal|p2a: Entei|20/100|[from] item: Leftovers\n|-heal|p1a: Reuniclus|68/100 brn|[from] item: Leftovers\n|-damage|p1a: Reuniclus|62/100 brn|[from] brn\n|upkeep\n|turn|22\n|c|☆silame|gg\n|\n|t:|1783810826\n|move|p2a: Entei|Flare Blitz|p1a: Reuniclus\n|-damage|p1a: Reuniclus|22/100 brn\n|-damage|p2a: Entei|4/100|[from] Recoil\n|move|p1a: Reuniclus|Psychic|p2a: Entei\n|-crit|p2a: Entei\n|-damage|p2a: Entei|0 fnt\n|faint|p2a: Entei\n|\n|win|silame\n|c|☆Ubl267|ggs\n|l| gymleader avery\n|l| Ziiiiiii\n", "uploadtime": 1783810830, "views": 21, "formatid": "gen9ou", "rating": null, "private": 0, "password": null}