{"id": "gen9ou-2647679604", "format": "[Gen 9] OU", "players": ["Caterpeace", "Akuma_Kitsune13"], "log": "|j|☆Caterpeace\n|j|☆Akuma_Kitsune13\n|t:|1783795198\n|gametype|singles\n|player|p1|Caterpeace|samsonoak|1379\n|player|p2|Akuma_Kitsune13|cynthia-gen4|1403\n|gen|9\n|tier|[Gen 9] OU\n|rated|\n|rule|HP Percentage Mod: HP is shown in percentages\n|rule|Endless Battle Clause: Forcing endless battles is banned\n|rule|Species Clause: Limit one of each Pokémon\n|rule|OHKO Clause: OHKO moves are banned\n|rule|Evasion Items Clause: Evasion items are banned\n|rule|Evasion Moves Clause: Evasion moves are banned\n|rule|Evasion Abilities Clause: Evasion abilities are banned\n|rule|Sleep Moves Clause: Sleep-inducing moves are banned\n|clearpoke\n|poke|p1|Flapple, M|\n|poke|p1|Alomomola, F|\n|poke|p1|Heatran, M|\n|poke|p1|Zamazenta-*|\n|poke|p1|Gardevoir, M|\n|poke|p1|Donphan, M|\n|poke|p2|Dragapult, M|\n|poke|p2|Great Tusk|\n|poke|p2|Tornadus-Therian, M|\n|poke|p2|Pecharunt|\n|poke|p2|Ogerpon-Wellspring, F|\n|poke|p2|Zamazenta-*|\n|teampreview\n|inactive|Battle timer is ON: inactive players will automatically lose when time's up. (requested by Caterpeace)\n|\n|t:|1783795217\n|teamsize|p1|6\n|teamsize|p2|6\n|start\n|switch|p1a: Gardevoir|Gardevoir, M|100/100\n|switch|p2a: Les Chicots|Great Tusk|100/100\n|turn|1\n|\n|t:|1783795224\n|move|p1a: Gardevoir|Moonblast|p2a: Les Chicots\n|-supereffective|p2a: Les Chicots\n|-damage|p2a: Les Chicots|0 fnt\n|faint|p2a: Les Chicots\n|-end|p2a: Les Chicots|Protosynthesis|[silent]\n|\n|upkeep\n|\n|t:|1783795226\n|switch|p2a: Pecharunt|Pecharunt|100/100\n|turn|2\n|\n|t:|1783795231\n|switch|p1a: Heatran|Heatran, M|100/100\n|-item|p1a: Heatran|Air Balloon\n|move|p2a: Pecharunt|Malignant Chain|p1a: Heatran\n|-immune|p1a: Heatran\n|\n|upkeep\n|turn|3\n|\n|t:|1783795240\n|move|p2a: Pecharunt|Foul Play|p1a: Heatran\n|-damage|p1a: Heatran|88/100\n|-enditem|p1a: Heatran|Air Balloon\n|move|p1a: Heatran|Stealth Rock|p2a: Pecharunt\n|-sidestart|p2: Akuma_Kitsune13|move: Stealth Rock\n|\n|upkeep\n|turn|4\n|\n|t:|1783795244\n|switch|p2a: Zamazenta|Zamazenta|100/100\n|-damage|p2a: Zamazenta|94/100|[from] Stealth Rock\n|-ability|p2a: Zamazenta|Dauntless Shield|boost\n|-boost|p2a: Zamazenta|def|1\n|move|p1a: Heatran|Lava Plume|p2a: Zamazenta\n|-crit|p2a: Zamazenta\n|-damage|p2a: Zamazenta|53/100\n|\n|-heal|p2a: Zamazenta|59/100|[from] item: Leftovers\n|upkeep\n|turn|5\n|\n|t:|1783795257\n|switch|p1a: Alomomola|Alomomola, F|100/100\n|move|p2a: Zamazenta|Body Press|p1a: Alomomola\n|-crit|p1a: Alomomola\n|-damage|p1a: Alomomola|37/100\n|\n|-heal|p2a: Zamazenta|65/100|[from] item: Leftovers\n|upkeep\n|turn|6\n|\n|t:|1783795264\n|move|p2a: Zamazenta|Iron Defense|p2a: Zamazenta\n|-boost|p2a: Zamazenta|def|2\n|move|p1a: Alomomola|Flip Turn|p2a: Zamazenta\n|-damage|p2a: Zamazenta|61/100\n|\n|t:|1783795267\n|switch|p1a: Gardevoir|Gardevoir, M|100/100|[from] Flip Turn\n|-ability|p1a: Gardevoir|Dauntless Shield|Trace|[from] ability: Trace|[of] p2a: Zamazenta\n|-ability|p1a: Gardevoir|Dauntless Shield|boost\n|-boost|p1a: Gardevoir|def|1\n|\n|-heal|p2a: Zamazenta|67/100|[from] item: Leftovers\n|upkeep\n|turn|7\n|\n|t:|1783795272\n|switch|p2a: Pecharunt|Pecharunt|100/100\n|move|p1a: Gardevoir|Moonblast|p2a: Pecharunt\n|-resisted|p2a: Pecharunt\n|-damage|p2a: Pecharunt|74/100\n|\n|upkeep\n|turn|8\n|\n|t:|1783795279\n|switch|p1a: Heatran|Heatran, M|88/100\n|move|p2a: Pecharunt|Parting Shot|p1a: Heatran\n|-unboost|p1a: Heatran|atk|1\n|-unboost|p1a: Heatran|spa|1\n|\n|t:|1783795281\n|switch|p2a: Ogerpon|Ogerpon-Wellspring, F|100/100|[from] Parting Shot\n|-damage|p2a: Ogerpon|88/100|[from] Stealth Rock\n|\n|upkeep\n|turn|9\n|\n|t:|1783795285\n|switch|p1a: Flapple|Flapple, M|100/100\n|move|p2a: Ogerpon|Spikes|p1a: Flapple\n|-sidestart|p1: Caterpeace|Spikes\n|\n|upkeep\n|turn|10\n|\n|t:|1783795295\n|switch|p2a: Pecharunt|Pecharunt|74/100\n|move|p1a: Flapple|Dragon Dance|p1a: Flapple\n|-boost|p1a: Flapple|atk|1\n|-boost|p1a: Flapple|spe|1\n|\n|upkeep\n|turn|11\n|\n|t:|1783795300\n|switch|p1a: Heatran|Heatran, M|88/100\n|-damage|p1a: Heatran|75/100|[from] Spikes\n|move|p2a: Pecharunt|Malignant Chain|p1a: Heatran\n|-immune|p1a: Heatran\n|\n|upkeep\n|turn|12\n|\n|t:|1783795309\n|move|p2a: Pecharunt|Parting Shot|p1a: Heatran\n|-unboost|p1a: Heatran|atk|1\n|-unboost|p1a: Heatran|spa|1\n|\n|t:|1783795313\n|switch|p2a: Zamazenta|Zamazenta|67/100|[from] Parting Shot\n|-damage|p2a: Zamazenta|61/100|[from] Stealth Rock\n|move|p1a: Heatran|Lava Plume|p2a: Zamazenta\n|-damage|p2a: Zamazenta|42/100\n|-status|p2a: Zamazenta|brn\n|\n|-heal|p2a: Zamazenta|48/100 brn|[from] item: Leftovers\n|-damage|p2a: Zamazenta|42/100 brn|[from] brn\n|upkeep\n|turn|13\n|\n|t:|1783795325\n|switch|p1a: Alomomola|Alomomola, F|71/100\n|-damage|p1a: Alomomola|58/100|[from] Spikes\n|move|p2a: Zamazenta|Body Press|p1a: Alomomola\n|-damage|p1a: Alomomola|46/100\n|\n|-heal|p2a: Zamazenta|48/100 brn|[from] item: Leftovers\n|-damage|p2a: Zamazenta|42/100 brn|[from] brn\n|upkeep\n|turn|14\n|\n|t:|1783795334\n|move|p1a: Alomomola|Flip Turn|p2a: Zamazenta\n|-damage|p2a: Zamazenta|30/100 brn\n|\n|t:|1783795337\n|switch|p1a: Gardevoir|Gardevoir, M|100/100|[from] Flip Turn\n|-damage|p1a: Gardevoir|88/100|[from] Spikes\n|-ability|p1a: Gardevoir|Dauntless Shield|Trace|[from] ability: Trace|[of] p2a: Zamazenta\n|move|p2a: Zamazenta|Roar|p1a: Gardevoir\n|drag|p1a: Zamazenta|Zamazenta|100/100\n|-damage|p1a: Zamazenta|88/100|[from] Spikes\n|-ability|p1a: Zamazenta|Dauntless Shield|boost\n|-boost|p1a: Zamazenta|def|1\n|\n|-heal|p2a: Zamazenta|36/100 brn|[from] item: Leftovers\n|-damage|p2a: Zamazenta|30/100 brn|[from] brn\n|upkeep\n|turn|15\n|\n|t:|1783795352\n|move|p1a: Zamazenta|Play Rough|p2a: Zamazenta\n|-supereffective|p2a: Zamazenta\n|-damage|p2a: Zamazenta|0 fnt\n|faint|p2a: Zamazenta\n|\n|upkeep\n|\n|t:|1783795357\n|switch|p2a: Tornadus|Tornadus-Therian, M|100/100\n|-damage|p2a: Tornadus|76/100|[from] Stealth Rock\n|turn|16\n|\n|t:|1783795364\n|switch|p1a: Heatran|Heatran, M|75/100\n|-damage|p1a: Heatran|63/100|[from] Spikes\n|move|p2a: Tornadus|Bleakwind Storm|p1a: Heatran\n|-resisted|p1a: Heatran\n|-damage|p1a: Heatran|47/100\n|\n|upkeep\n|turn|17\n|\n|t:|1783795372\n|move|p2a: Tornadus|U-turn|p1a: Heatran\n|-resisted|p1a: Heatran\n|-damage|p1a: Heatran|44/100\n|\n|t:|1783795376\n|switch|p2a: Ogerpon|Ogerpon-Wellspring, F|88/100|[from] U-turn\n|-damage|p2a: Ogerpon|76/100|[from] Stealth Rock\n|move|p1a: Heatran|Lava Plume|p2a: Ogerpon\n|-damage|p2a: Ogerpon|29/100\n|\n|upkeep\n|turn|18\n|\n|t:|1783795385\n|switch|p1a: Flapple|Flapple, M|100/100\n|-damage|p1a: Flapple|88/100|[from] Spikes\n|move|p2a: Ogerpon|U-turn|p1a: Flapple\n|-supereffective|p1a: Flapple\n|-damage|p1a: Flapple|9/100\n|-activate|p1a: Flapple|ability: Ripen\n|-enditem|p1a: Flapple|Liechi Berry|[eat]\n|-boost|p1a: Flapple|atk|2|[from] item: Liechi Berry\n|\n|t:|1783795393\n|switch|p2a: Air force One|Dragapult, M|100/100|[from] U-turn\n|-damage|p2a: Air force One|88/100|[from] Stealth Rock\n|\n|upkeep\n|turn|19\n|\n|t:|1783795404\n|switch|p1a: Donphan|Donphan, M|100/100\n|-damage|p1a: Donphan|88/100|[from] Spikes\n|move|p2a: Air force One|Shadow Ball|p1a: Donphan\n|-damage|p1a: Donphan|0 fnt\n|faint|p1a: Donphan\n|\n|upkeep\n|\n|t:|1783795413\n|switch|p1a: Gardevoir|Gardevoir, M|88/100\n|-damage|p1a: Gardevoir|76/100|[from] Spikes\n|-ability|p1a: Gardevoir|Infiltrator|Trace|[from] ability: Trace|[of] p2a: Air force One\n|turn|20\n|\n|t:|1783795426\n|-terastallize|p2a: Air force One|Ghost\n|move|p1a: Gardevoir|Psyshock|p2a: Air force One\n|-damage|p2a: Air force One|29/100\n|move|p2a: Air force One|Shadow Ball|p1a: Gardevoir\n|-supereffective|p1a: Gardevoir\n|-damage|p1a: Gardevoir|0 fnt\n|faint|p1a: Gardevoir\n|\n|upkeep\n|\n|t:|1783795438\n|switch|p1a: Alomomola|Alomomola, F|80/100\n|-damage|p1a: Alomomola|67/100|[from] Spikes\n|turn|21\n|\n|t:|1783795443\n|move|p2a: Air force One|Shadow Ball|p1a: Alomomola\n|-damage|p1a: Alomomola|31/100\n|move|p1a: Alomomola|Scald|p2a: Air force One\n|-damage|p2a: Air force One|11/100\n|\n|upkeep\n|turn|22\n|\n|t:|1783795454\n|switch|p1a: Flapple|Flapple, M|9/100\n|-damage|p1a: Flapple|0 fnt|[from] Spikes\n|faint|p1a: Flapple\n|move|p2a: Air force One|Shadow Ball|p1: Flapple|[notarget]\n|-fail|p2a: Air force One\n|\n|upkeep\n|\n|t:|1783795460\n|switch|p1a: Alomomola|Alomomola, F|64/100\n|-damage|p1a: Alomomola|52/100|[from] Spikes\n|turn|23\n|\n|t:|1783795466\n|move|p2a: Air force One|Shadow Ball|p1a: Alomomola\n|-damage|p1a: Alomomola|20/100\n|move|p1a: Alomomola|Ice Beam|p2a: Air force One\n|-damage|p2a: Air force One|0 fnt\n|faint|p2a: Air force One\n|\n|upkeep\n|\n|t:|1783795472\n|switch|p2a: Ogerpon|Ogerpon-Wellspring, F|29/100\n|-damage|p2a: Ogerpon|17/100|[from] Stealth Rock\n|turn|24\n|\n|t:|1783795483\n|-terastallize|p1a: Alomomola|Grass\n|move|p2a: Ogerpon|Knock Off|p1a: Alomomola\n|-damage|p1a: Alomomola|0 fnt\n|-enditem|p1a: Alomomola|Assault Vest|[from] move: Knock Off|[of] p2a: Ogerpon\n|faint|p1a: Alomomola\n|\n|upkeep\n|\n|t:|1783795491\n|switch|p1a: Zamazenta|Zamazenta|88/100\n|-damage|p1a: Zamazenta|76/100|[from] Spikes\n|turn|25\n|\n|t:|1783795509\n|move|p1a: Zamazenta|Play Rough|p2a: Ogerpon\n|-damage|p2a: Ogerpon|0 fnt\n|faint|p2a: Ogerpon\n|\n|upkeep\n|\n|t:|1783795512\n|switch|p2a: Pecharunt|Pecharunt|74/100\n|turn|26\n|\n|t:|1783795517\n|switch|p1a: Heatran|Heatran, M|44/100\n|-damage|p1a: Heatran|32/100|[from] Spikes\n|move|p2a: Pecharunt|Parting Shot|p1a: Heatran\n|-unboost|p1a: Heatran|atk|1\n|-unboost|p1a: Heatran|spa|1\n|\n|t:|1783795519\n|switch|p2a: Tornadus|Tornadus-Therian, M|100/100|[from] Parting Shot\n|-damage|p2a: Tornadus|76/100|[from] Stealth Rock\n|\n|upkeep\n|turn|27\n|\n|t:|1783795526\n|move|p2a: Tornadus|Bleakwind Storm|p1a: Heatran\n|-resisted|p1a: Heatran\n|-damage|p1a: Heatran|18/100\n|move|p1a: Heatran|Lava Plume|p2a: Tornadus\n|-damage|p2a: Tornadus|57/100\n|\n|upkeep\n|turn|28\n|\n|t:|1783795532\n|move|p2a: Tornadus|Bleakwind Storm|p1a: Heatran|[miss]\n|-miss|p2a: Tornadus|p1a: Heatran\n|move|p1a: Heatran|Lava Plume|p2a: Tornadus\n|-damage|p2a: Tornadus|39/100\n|\n|upkeep\n|turn|29\n|\n|t:|1783795534\n|move|p2a: Tornadus|Bleakwind Storm|p1a: Heatran\n|-resisted|p1a: Heatran\n|-damage|p1a: Heatran|2/100\n|-unboost|p1a: Heatran|spe|1\n|move|p1a: Heatran|Lava Plume|p2a: Tornadus\n|-damage|p2a: Tornadus|23/100\n|\n|upkeep\n|turn|30\n|\n|t:|1783795537\n|move|p2a: Tornadus|Bleakwind Storm|p1a: Heatran\n|-resisted|p1a: Heatran\n|-damage|p1a: Heatran|0 fnt\n|faint|p1a: Heatran\n|\n|upkeep\n|\n|t:|1783795539\n|switch|p1a: Zamazenta|Zamazenta|76/100\n|-damage|p1a: Zamazenta|64/100|[from] Spikes\n|turn|31\n|\n|t:|1783795547\n|move|p1a: Zamazenta|Play Rough|p2a: Tornadus\n|-damage|p2a: Tornadus|0 fnt\n|faint|p2a: Tornadus\n|\n|upkeep\n|\n|t:|1783795550\n|switch|p2a: Pecharunt|Pecharunt|74/100\n|turn|32\n|\n|t:|1783795553\n|move|p1a: Zamazenta|Crunch|p2a: Pecharunt\n|-supereffective|p2a: Pecharunt\n|-crit|p2a: Pecharunt\n|-damage|p2a: Pecharunt|36/100\n|move|p2a: Pecharunt|Malignant Chain|p1a: Zamazenta\n|-damage|p1a: Zamazenta|32/100\n|\n|upkeep\n|turn|33\n|\n|t:|1783795559\n|move|p1a: Zamazenta|Crunch|p2a: Pecharunt\n|-supereffective|p2a: Pecharunt\n|-damage|p2a: Pecharunt|10/100\n|-unboost|p2a: Pecharunt|def|1\n|move|p2a: Pecharunt|Recover|p2a: Pecharunt\n|-heal|p2a: Pecharunt|60/100\n|\n|upkeep\n|turn|34\n|\n|t:|1783795564\n|move|p1a: Zamazenta|Crunch|p2a: Pecharunt\n|-supereffective|p2a: Pecharunt\n|-damage|p2a: Pecharunt|21/100\n|move|p2a: Pecharunt|Malignant Chain|p1a: Zamazenta\n|-damage|p1a: Zamazenta|2/100\n|\n|upkeep\n|turn|35\n|\n|t:|1783795572\n|move|p1a: Zamazenta|Crunch|p2a: Pecharunt\n|-supereffective|p2a: Pecharunt\n|-damage|p2a: Pecharunt|0 fnt\n|faint|p2a: Pecharunt\n|\n|win|Caterpeace\n|raw|Caterpeace's rating: 1379 &rarr; <strong>1400</strong><br />(+21 for winning)\n|raw|Akuma_Kitsune13's rating: 1403 &rarr; <strong>1382</strong><br />(-21 for losing)\n|l|☆Akuma_Kitsune13\n|player|p2|\n", "uploadtime": 1783795707, "views": 5, "formatid": "gen9ou", "rating": 1382, "private": 0, "password": null}