{"id": "gen9ou-2647728991", "format": "[Gen 9] OU", "players": ["SaiyanSage", "cozyprincemshroom"], "log": "|j|☆SaiyanSage\n|j|☆cozyprincemshroom\n|t:|1783802747\n|gametype|singles\n|player|p1|SaiyanSage|hoopster|1176\n|player|p2|cozyprincemshroom|waiter|1134\n|gen|9\n|tier|[Gen 9] OU\n|rated|\n|rule|HP Percentage Mod: HP is shown in percentages\n|rule|Endless Battle Clause: Forcing endless battles is banned\n|rule|Species Clause: Limit one of each Pokémon\n|rule|OHKO Clause: OHKO moves are banned\n|rule|Evasion Items Clause: Evasion items are banned\n|rule|Evasion Moves Clause: Evasion moves are banned\n|rule|Evasion Abilities Clause: Evasion abilities are banned\n|rule|Sleep Moves Clause: Sleep-inducing moves are banned\n|clearpoke\n|poke|p1|Latias, F|\n|poke|p1|Blaziken, F|\n|poke|p1|Politoed, M|\n|poke|p1|Tornadus-Therian, M|\n|poke|p1|Moltres-Galar|\n|poke|p1|Thundurus-Therian, M|\n|poke|p2|Meganium, F|\n|poke|p2|Spidops, M|\n|poke|p2|Pawmot, F|\n|poke|p2|Munkidori, M|\n|poke|p2|Inteleon, M|\n|poke|p2|Torkoal, M|\n|teampreview\n|inactive|Battle timer is ON: inactive players will automatically lose when time's up. (requested by cozyprincemshroom)\n|\n|t:|1783802756\n|teamsize|p1|6\n|teamsize|p2|6\n|start\n|switch|p1a: Thundurus|Thundurus-Therian, M|100/100\n|switch|p2a: Spidops|Spidops, M, shiny|100/100\n|turn|1\n|\n|t:|1783802764\n|move|p1a: Thundurus|Wildbolt Storm|p2a: Spidops\n|-damage|p2a: Spidops|25/100\n|move|p2a: Spidops|Sticky Web|p1a: Thundurus\n|-sidestart|p1: SaiyanSage|move: Sticky Web\n|\n|upkeep\n|turn|2\n|\n|t:|1783802772\n|move|p2a: Spidops|Sucker Punch|p1a: Thundurus\n|-damage|p1a: Thundurus|64/100\n|-damage|p2a: Spidops|15/100|[from] item: Life Orb\n|move|p1a: Thundurus|Volt Switch|p2a: Spidops\n|-damage|p2a: Spidops|0 fnt\n|faint|p2a: Spidops\n|\n|t:|1783802783\n|switch|p1a: Tornadus|Tornadus-Therian, M|100/100|[from] Volt Switch\n|\n|upkeep\n|\n|t:|1783802792\n|switch|p2a: Pawmot|Pawmot, F|100/100\n|turn|3\n|\n|t:|1783802796\n|move|p1a: Tornadus|Bleakwind Storm|p2a: Pawmot\n|-damage|p2a: Pawmot|0 fnt\n|faint|p2a: Pawmot\n|\n|upkeep\n|\n|t:|1783802802\n|switch|p2a: Munkidori|Munkidori, M|100/100\n|turn|4\n|\n|t:|1783802809\n|switch|p1a: Thundurus|Thundurus-Therian, M|64/100\n|move|p2a: Munkidori|Sludge Bomb|p1a: Thundurus\n|-damage|p1a: Thundurus|0 fnt\n|faint|p1a: Thundurus\n|\n|upkeep\n|\n|t:|1783802814\n|switch|p1a: Moltres|Moltres-Galar|100/100\n|turn|5\n|\n|t:|1783802819\n|-terastallize|p1a: Moltres|Steel\n|move|p2a: Munkidori|Sludge Bomb|p1a: Moltres\n|-immune|p1a: Moltres\n|move|p1a: Moltres|Agility|p1a: Moltres\n|-boost|p1a: Moltres|spe|2\n|\n|upkeep\n|turn|6\n|\n|t:|1783802828\n|switch|p2a: Torkoal|Torkoal, M|100/100\n|-weather|SunnyDay|[from] ability: Drought|[of] p2a: Torkoal\n|move|p1a: Moltres|Fiery Wrath|p2a: Torkoal\n|-damage|p2a: Torkoal|57/100\n|\n|-weather|SunnyDay|[upkeep]\n|upkeep\n|turn|7\n|\n|t:|1783802837\n|move|p1a: Moltres|Fiery Wrath|p2a: Torkoal\n|-damage|p2a: Torkoal|16/100\n|move|p2a: Torkoal|Flamethrower|p1a: Moltres\n|-supereffective|p1a: Moltres\n|-damage|p1a: Moltres|35/100\n|-ability|p1a: Moltres|Berserk|boost\n|-boost|p1a: Moltres|spa|1\n|\n|-weather|SunnyDay|[upkeep]\n|upkeep\n|turn|8\n|\n|t:|1783802847\n|move|p1a: Moltres|Fiery Wrath|p2a: Torkoal\n|-damage|p2a: Torkoal|0 fnt\n|faint|p2a: Torkoal\n|\n|-weather|SunnyDay|[upkeep]\n|upkeep\n|\n|t:|1783802855\n|switch|p2a: Inteleon|Inteleon, M|100/100\n|turn|9\n|\n|t:|1783802859\n|-terastallize|p2a: Inteleon|Fighting\n|move|p2a: Inteleon|Vacuum Wave|p1a: Moltres\n|-supereffective|p1a: Moltres\n|-damage|p1a: Moltres|0 fnt\n|faint|p1a: Moltres\n|\n|-weather|SunnyDay|[upkeep]\n|upkeep\n|\n|t:|1783802867\n|switch|p1a: Politoed|Politoed, M|100/100\n|-activate|p1a: Politoed|move: Sticky Web\n|-unboost|p1a: Politoed|spe|1\n|-weather|RainDance|[from] ability: Drizzle|[of] p1a: Politoed\n|turn|10\n|\n|t:|1783802874\n|switch|p2a: Munkidori|Munkidori, M|100/100\n|move|p1a: Politoed|Surf|p2a: Munkidori\n|-damage|p2a: Munkidori|34/100\n|\n|-weather|RainDance|[upkeep]\n|upkeep\n|turn|11\n|\n|t:|1783802882\n|switch|p2a: Meganium|Meganium, F|100/100\n|move|p1a: Politoed|Surf|p2a: Meganium\n|-resisted|p2a: Meganium\n|-damage|p2a: Meganium|82/100\n|\n|-weather|RainDance|[upkeep]\n|-heal|p2a: Meganium|88/100|[from] item: Leftovers\n|upkeep\n|turn|12\n|\n|t:|1783802907\n|switch|p2a: Munkidori|Munkidori, M|34/100\n|move|p1a: Politoed|Ice Beam|p2a: Munkidori\n|-damage|p2a: Munkidori|3/100\n|-status|p2a: Munkidori|frz\n|\n|-weather|RainDance|[upkeep]\n|upkeep\n|turn|13\n|\n|t:|1783802915\n|cant|p2a: Munkidori|frz\n|move|p1a: Politoed|Ice Beam|p2a: Munkidori\n|-damage|p2a: Munkidori|0 fnt\n|faint|p2a: Munkidori\n|\n|-weather|RainDance|[upkeep]\n|upkeep\n|-message|cozyprincemshroom forfeited.\n|\n|win|SaiyanSage\n|raw|SaiyanSage's rating: 1176 &rarr; <strong>1198</strong><br />(+22 for winning)\n|raw|cozyprincemshroom's rating: 1134 &rarr; <strong>1112</strong><br />(-22 for losing)\n|l|☆cozyprincemshroom\n|player|p2|\n|l|☆SaiyanSage\n|player|p1|\n", "uploadtime": 1783803290, "views": 4, "formatid": "gen9ou", "rating": 1112, "private": 0, "password": null}