{"id": "gen9ou-2647723347", "format": "[Gen 9] OU", "players": ["reezobi", "ebizi"], "log": "|j|☆reezobi\n|j|☆ebizi\n|t:|1783801883\n|gametype|singles\n|player|p1|reezobi|2|1411\n|player|p2|ebizi|1|1459\n|gen|9\n|tier|[Gen 9] OU\n|rated|\n|rule|HP Percentage Mod: HP is shown in percentages\n|rule|Endless Battle Clause: Forcing endless battles is banned\n|rule|Species Clause: Limit one of each Pokémon\n|rule|OHKO Clause: OHKO moves are banned\n|rule|Evasion Items Clause: Evasion items are banned\n|rule|Evasion Moves Clause: Evasion moves are banned\n|rule|Evasion Abilities Clause: Evasion abilities are banned\n|rule|Sleep Moves Clause: Sleep-inducing moves are banned\n|clearpoke\n|poke|p1|Ting-Lu|\n|poke|p1|Gholdengo|\n|poke|p1|Ogerpon-Wellspring, F|\n|poke|p1|Dragonite, F|\n|poke|p1|Clefable, M|\n|poke|p1|Great Tusk|\n|poke|p2|Zamazenta-*|\n|poke|p2|Iron Hands|\n|poke|p2|Ceruledge, F|\n|poke|p2|Iron Valiant|\n|poke|p2|Deoxys-Speed|\n|poke|p2|Glimmora, F|\n|teampreview\n|inactive|Battle timer is ON: inactive players will automatically lose when time's up. (requested by ebizi)\n|inactive|reezobi has 120 seconds left.\n|\n|t:|1783801923\n|teamsize|p1|6\n|teamsize|p2|6\n|start\n|switch|p1a: Great Tusk|Great Tusk|100/100\n|switch|p2a: Deoxys|Deoxys-Speed|100/100\n|-ability|p2a: Deoxys|Pressure\n|turn|1\n|\n|t:|1783801930\n|-end|p1a: Great Tusk|Protosynthesis|[silent]\n|switch|p1a: Ting-Lu|Ting-Lu|100/100\n|-ability|p1a: Ting-Lu|Vessel of Ruin\n|move|p2a: Deoxys|Reflect|p2a: Deoxys\n|-sidestart|p2: ebizi|Reflect\n|\n|upkeep\n|turn|2\n|\n|t:|1783801937\n|move|p2a: Deoxys|Taunt|p1a: Ting-Lu\n|-start|p1a: Ting-Lu|move: Taunt\n|move|p1a: Ting-Lu|Ruination|p2a: Deoxys\n|-damage|p2a: Deoxys|51/100\n|\n|upkeep\n|turn|3\n|\n|t:|1783801950\n|switch|p2a: Iron Valiant|Iron Valiant|100/100\n|-enditem|p2a: Iron Valiant|Booster Energy\n|-activate|p2a: Iron Valiant|ability: Quark Drive|[fromitem]\n|-start|p2a: Iron Valiant|quarkdrivespe\n|move|p1a: Ting-Lu|Earthquake|p2a: Iron Valiant\n|-damage|p2a: Iron Valiant|78/100\n|\n|upkeep\n|turn|4\n|\n|t:|1783801961\n|switch|p1a: Clefable|Clefable, M|100/100\n|move|p2a: Iron Valiant|Moonblast|p1a: Clefable\n|-damage|p1a: Clefable|53/100\n|\n|upkeep\n|turn|5\n|\n|t:|1783801978\n|-end|p2a: Iron Valiant|Quark Drive|[silent]\n|switch|p2a: Glimmora|Glimmora, F|100/100\n|move|p1a: Clefable|Thunder Wave|p2a: Glimmora\n|-status|p2a: Glimmora|par\n|\n|upkeep\n|turn|6\n|\n|t:|1783801992\n|switch|p1a: Great Tusk|Great Tusk|100/100\n|cant|p2a: Glimmora|par\n|\n|upkeep\n|turn|7\n|\n|t:|1783802000\n|switch|p2a: Ceruledge|Ceruledge, F|100/100\n|move|p1a: Great Tusk|Stealth Rock|p2a: Ceruledge\n|-sidestart|p2: ebizi|move: Stealth Rock\n|\n|upkeep\n|turn|8\n|\n|t:|1783802022\n|-end|p1a: Great Tusk|Protosynthesis|[silent]\n|switch|p1a: Clefable|Clefable, M|53/100\n|move|p2a: Ceruledge|Swords Dance|p2a: Ceruledge\n|-boost|p2a: Ceruledge|atk|2\n|\n|-sideend|p2: ebizi|Reflect\n|upkeep\n|turn|9\n|\n|t:|1783802027\n|move|p2a: Ceruledge|Poltergeist|p1a: Clefable\n|-activate|p1a: Clefable|move: Poltergeist|Heavy-Duty Boots\n|-damage|p1a: Clefable|0 fnt\n|faint|p1a: Clefable\n|-damage|p2a: Ceruledge|91/100|[from] item: Life Orb\n|\n|upkeep\n|inactive|reezobi has 120 seconds left.\n|\n|t:|1783802057\n|switch|p1a: Great Tusk|Great Tusk|100/100\n|turn|10\n|\n|t:|1783802064\n|switch|p2a: Glimmora|Glimmora, F|100/100 par\n|-damage|p2a: Glimmora|88/100 par|[from] Stealth Rock\n|move|p1a: Great Tusk|Headlong Rush|p2a: Glimmora\n|-supereffective|p2a: Glimmora\n|-damage|p2a: Glimmora|0 fnt\n|-unboost|p1a: Great Tusk|def|1\n|-unboost|p1a: Great Tusk|spd|1\n|-activate|p2a: Glimmora|ability: Toxic Debris\n|-sidestart|p1: reezobi|move: Toxic Spikes\n|faint|p2a: Glimmora\n|\n|upkeep\n|\n|t:|1783802073\n|switch|p2a: Iron Valiant|Iron Valiant|78/100\n|-damage|p2a: Iron Valiant|72/100|[from] Stealth Rock\n|turn|11\n|inactive|reezobi has 120 seconds left.\n|\n|t:|1783802094\n|-end|p1a: Great Tusk|Protosynthesis|[silent]\n|switch|p1a: Gholdengo|Gholdengo|100/100\n|-item|p1a: Gholdengo|Air Balloon\n|move|p2a: Iron Valiant|Moonblast|p1a: Gholdengo\n|-resisted|p1a: Gholdengo\n|-damage|p1a: Gholdengo|79/100\n|-enditem|p1a: Gholdengo|Air Balloon\n|\n|upkeep\n|turn|12\n|inactive|reezobi has 120 seconds left.\n|\n|t:|1783802105\n|-end|p2a: Iron Valiant|Quark Drive|[silent]\n|switch|p2a: Iron Hands|Iron Hands|100/100\n|-damage|p2a: Iron Hands|94/100|[from] Stealth Rock\n|-enditem|p2a: Iron Hands|Booster Energy\n|-activate|p2a: Iron Hands|ability: Quark Drive|[fromitem]\n|-start|p2a: Iron Hands|quarkdriveatk\n|move|p1a: Gholdengo|Shadow Ball|p2a: Iron Hands\n|-damage|p2a: Iron Hands|58/100\n|\n|upkeep\n|turn|13\n|\n|t:|1783802114\n|move|p1a: Gholdengo|Shadow Ball|p2a: Iron Hands\n|-damage|p2a: Iron Hands|19/100\n|move|p2a: Iron Hands|Supercell Slam|p1a: Gholdengo\n|-damage|p1a: Gholdengo|20/100\n|\n|upkeep\n|turn|14\n|\n|t:|1783802121\n|move|p1a: Gholdengo|Recover|p1a: Gholdengo\n|-heal|p1a: Gholdengo|70/100\n|move|p2a: Iron Hands|Supercell Slam|p1a: Gholdengo\n|-crit|p1a: Gholdengo\n|-damage|p1a: Gholdengo|0 fnt\n|faint|p1a: Gholdengo\n|\n|upkeep\n|\n|t:|1783802132\n|switch|p1a: Great Tusk|Great Tusk|100/100\n|turn|15\n|\n|t:|1783802149\n|move|p1a: Great Tusk|Rapid Spin|p2a: Iron Hands\n|-damage|p2a: Iron Hands|5/100\n|-boost|p1a: Great Tusk|spe|1\n|-sideend|p1: reezobi|Toxic Spikes|[from] move: Rapid Spin|[of] p1a: Great Tusk\n|move|p2a: Iron Hands|Ice Punch|p1a: Great Tusk\n|-supereffective|p1a: Great Tusk\n|-damage|p1a: Great Tusk|40/100\n|-status|p1a: Great Tusk|frz\n|\n|upkeep\n|turn|16\n|\n|t:|1783802163\n|-curestatus|p1a: Great Tusk|frz|[msg]\n|move|p1a: Great Tusk|Rapid Spin|p2a: Iron Hands\n|-damage|p2a: Iron Hands|0 fnt\n|-boost|p1a: Great Tusk|spe|1\n|faint|p2a: Iron Hands\n|-end|p2a: Iron Hands|Quark Drive|[silent]\n|\n|upkeep\n|\n|t:|1783802169\n|switch|p2a: Zamazenta|Zamazenta|100/100\n|-damage|p2a: Zamazenta|94/100|[from] Stealth Rock\n|-ability|p2a: Zamazenta|Dauntless Shield|boost\n|-boost|p2a: Zamazenta|def|1\n|turn|17\n|\n|t:|1783802182\n|-end|p1a: Great Tusk|Protosynthesis|[silent]\n|switch|p1a: Dragonite|Dragonite, F|100/100\n|move|p2a: Zamazenta|Iron Defense|p2a: Zamazenta\n|-boost|p2a: Zamazenta|def|2\n|\n|-heal|p2a: Zamazenta|100/100|[from] item: Leftovers\n|upkeep\n|turn|18\n|\n|t:|1783802190\n|move|p1a: Dragonite|Dragon Dance|p1a: Dragonite\n|-boost|p1a: Dragonite|atk|1\n|-boost|p1a: Dragonite|spe|1\n|move|p2a: Zamazenta|Roar|p1a: Dragonite\n|drag|p1a: Ogerpon|Ogerpon-Wellspring, F|100/100\n|\n|upkeep\n|turn|19\n|\n|t:|1783802196\n|move|p2a: Zamazenta|Body Press|p1a: Ogerpon\n|-damage|p1a: Ogerpon|0 fnt\n|faint|p1a: Ogerpon\n|\n|upkeep\n|-message|reezobi forfeited.\n|\n|win|ebizi\n|raw|reezobi's rating: 1411 &rarr; <strong>1394</strong><br />(-17 for losing)\n|raw|ebizi's rating: 1459 &rarr; <strong>1476</strong><br />(+17 for winning)\n|l|☆reezobi\n|player|p1|\n", "uploadtime": 1783802203, "views": 5, "formatid": "gen9ou", "rating": 1394, "private": 0, "password": null}