{"id": "gen9ou-2647784039", "format": "[Gen 9] OU", "players": ["OUBotBeepBoop", "greysay"], "log": "|j|☆OUBotBeepBoop\n|j|☆greysay\n|t:|1783812015\n|gametype|singles\n|player|p1|OUBotBeepBoop|102|1121\n|player|p2|greysay|lenora|1087\n|gen|9\n|tier|[Gen 9] OU\n|rated|\n|rule|HP Percentage Mod: HP is shown in percentages\n|rule|Endless Battle Clause: Forcing endless battles is banned\n|rule|Species Clause: Limit one of each Pokémon\n|rule|OHKO Clause: OHKO moves are banned\n|rule|Evasion Items Clause: Evasion items are banned\n|rule|Evasion Moves Clause: Evasion moves are banned\n|rule|Evasion Abilities Clause: Evasion abilities are banned\n|rule|Sleep Moves Clause: Sleep-inducing moves are banned\n|clearpoke\n|poke|p1|Glimmora, F|\n|poke|p1|Great Tusk|\n|poke|p1|Kingambit, F|\n|poke|p1|Dragapult, F|\n|poke|p1|Clefable, M|\n|poke|p1|Corviknight, M|\n|poke|p2|Florges-Orange, F|\n|poke|p2|Torkoal, F|\n|poke|p2|Ninetales, F|\n|poke|p2|Emboar, M|\n|poke|p2|Lilligant, F|\n|poke|p2|Leavanny, M|\n|teampreview\n|inactive|Battle timer is ON: inactive players will automatically lose when time's up. (requested by OUBotBeepBoop)\n|\n|t:|1783812021\n|teamsize|p1|6\n|teamsize|p2|6\n|start\n|switch|p1a: Glimmora|Glimmora, F|100/100\n|switch|p2a: Torkoal|Torkoal, F|100/100\n|-weather|SunnyDay|[from] ability: Drought|[of] p2a: Torkoal\n|turn|1\n|\n|t:|1783812028\n|move|p1a: Glimmora|Power Gem|p2a: Torkoal\n|-supereffective|p2a: Torkoal\n|-damage|p2a: Torkoal|24/100\n|move|p2a: Torkoal|Scorching Sands|p1a: Glimmora\n|-supereffective|p1a: Glimmora\n|-enditem|p1a: Glimmora|Focus Sash\n|-damage|p1a: Glimmora|1/100\n|\n|-weather|SunnyDay|[upkeep]\n|upkeep\n|turn|2\n|\n|t:|1783812042\n|switch|p2a: Lilligant|Lilligant, F|100/100\n|move|p1a: Glimmora|Power Gem|p2a: Lilligant\n|-damage|p2a: Lilligant|32/100\n|\n|-weather|SunnyDay|[upkeep]\n|upkeep\n|turn|3\n|\n|t:|1783812052\n|move|p2a: Lilligant|Synthesis|p2a: Lilligant\n|-heal|p2a: Lilligant|99/100\n|move|p1a: Glimmora|Stealth Rock|p2a: Lilligant\n|-sidestart|p2: greysay|move: Stealth Rock\n|\n|-weather|SunnyDay|[upkeep]\n|upkeep\n|turn|4\n|\n|t:|1783812056\n|switch|p1a: Dragapult|Dragapult, F|100/100\n|move|p2a: Lilligant|Solar Beam||[still]\n|-prepare|p2a: Lilligant|Solar Beam\n|-anim|p2a: Lilligant|Solar Beam|p1a: Dragapult\n|-resisted|p1a: Dragapult\n|-damage|p1a: Dragapult|60/100\n|\n|-weather|SunnyDay|[upkeep]\n|upkeep\n|turn|5\n|\n|t:|1783812063\n|move|p2a: Lilligant|Quiver Dance|p2a: Lilligant\n|-boost|p2a: Lilligant|spa|1\n|-boost|p2a: Lilligant|spd|1\n|-boost|p2a: Lilligant|spe|1\n|move|p1a: Dragapult|Fire Blast|p2a: Lilligant\n|-supereffective|p2a: Lilligant\n|-damage|p2a: Lilligant|0 fnt\n|faint|p2a: Lilligant\n|\n|-weather|none\n|upkeep\n|\n|t:|1783812071\n|switch|p2a: Ninetales|Ninetales, F|100/100\n|-damage|p2a: Ninetales|76/100|[from] Stealth Rock\n|-weather|SunnyDay|[from] ability: Drought|[of] p2a: Ninetales\n|turn|6\n|\n|t:|1783812076\n|move|p1a: Dragapult|Fire Blast|p2a: Ninetales\n|-resisted|p2a: Ninetales\n|-damage|p2a: Ninetales|34/100\n|move|p2a: Ninetales|Hex|p1a: Dragapult\n|-supereffective|p1a: Dragapult\n|-damage|p1a: Dragapult|18/100\n|\n|-weather|SunnyDay|[upkeep]\n|upkeep\n|turn|7\n|\n|t:|1783812085\n|move|p1a: Dragapult|Fire Blast|p2a: Ninetales\n|-resisted|p2a: Ninetales\n|-damage|p2a: Ninetales|0 fnt\n|faint|p2a: Ninetales\n|\n|-weather|SunnyDay|[upkeep]\n|upkeep\n|\n|t:|1783812089\n|switch|p2a: Florges|Florges-Orange, F, shiny|100/100\n|-damage|p2a: Florges|88/100|[from] Stealth Rock\n|turn|8\n|\n|t:|1783812093\n|switch|p1a: Great Tusk|Great Tusk|100/100\n|-activate|p1a: Great Tusk|ability: Protosynthesis\n|-start|p1a: Great Tusk|protosynthesisatk\n|move|p2a: Florges|Calm Mind|p2a: Florges\n|-boost|p2a: Florges|spa|1\n|-boost|p2a: Florges|spd|1\n|\n|-weather|SunnyDay|[upkeep]\n|-heal|p2a: Florges|94/100|[from] item: Leftovers\n|upkeep\n|turn|9\n|\n|t:|1783812100\n|move|p1a: Great Tusk|Headlong Rush|p2a: Florges\n|-damage|p2a: Florges|0 fnt\n|-unboost|p1a: Great Tusk|def|1\n|-unboost|p1a: Great Tusk|spd|1\n|faint|p2a: Florges\n|\n|-weather|SunnyDay|[upkeep]\n|upkeep\n|\n|t:|1783812111\n|switch|p2a: Leavanny|Leavanny, M|100/100\n|-damage|p2a: Leavanny|76/100|[from] Stealth Rock\n|turn|10\n|\n|t:|1783812115\n|move|p2a: Leavanny|Leaf Blade|p1a: Great Tusk\n|-supereffective|p1a: Great Tusk\n|-damage|p1a: Great Tusk|0 fnt\n|faint|p1a: Great Tusk\n|-end|p1a: Great Tusk|Protosynthesis|[silent]\n|\n|-weather|SunnyDay|[upkeep]\n|upkeep\n|\n|t:|1783812115\n|switch|p1a: Clefable|Clefable, M|100/100\n|turn|11\n|\n|t:|1783812124\n|move|p2a: Leavanny|Poison Jab|p1a: Clefable\n|-supereffective|p1a: Clefable\n|-damage|p1a: Clefable|54/100\n|move|p1a: Clefable|Flamethrower|p2a: Leavanny\n|-supereffective|p2a: Leavanny\n|-damage|p2a: Leavanny|0 fnt\n|faint|p2a: Leavanny\n|\n|-weather|SunnyDay|[upkeep]\n|-heal|p1a: Clefable|60/100|[from] item: Leftovers\n|upkeep\n|\n|t:|1783812130\n|switch|p2a: Emboar|Emboar, M|100/100\n|-damage|p2a: Emboar|88/100|[from] Stealth Rock\n|turn|12\n|\n|t:|1783812132\n|switch|p1a: Glimmora|Glimmora, F|1/100\n|move|p2a: Emboar|Flare Blitz|p1a: Glimmora\n|-resisted|p1a: Glimmora\n|-crit|p1a: Glimmora\n|-damage|p1a: Glimmora|0 fnt\n|-activate|p1a: Glimmora|ability: Toxic Debris\n|-sidestart|p2: greysay|move: Toxic Spikes\n|faint|p1a: Glimmora\n|-damage|p2a: Emboar|88/100|[from] Recoil\n|\n|-weather|SunnyDay|[upkeep]\n|upkeep\n|\n|t:|1783812132\n|switch|p1a: Dragapult|Dragapult, F|18/100\n|turn|13\n|\n|t:|1783812135\n|move|p1a: Dragapult|Draco Meteor|p2a: Emboar\n|-crit|p2a: Emboar\n|-damage|p2a: Emboar|0 fnt\n|-unboost|p1a: Dragapult|spa|2\n|faint|p2a: Emboar\n|\n|-weather|none\n|upkeep\n|\n|t:|1783812138\n|switch|p2a: Torkoal|Torkoal, F|24/100\n|-damage|p2a: Torkoal|0 fnt|[from] Stealth Rock\n|faint|p2a: Torkoal\n|\n|win|OUBotBeepBoop\n|raw|OUBotBeepBoop's rating: 1171 &rarr; <strong>1190</strong><br />(+19 for winning)\n|raw|greysay's rating: 1087 &rarr; <strong>1069</strong><br />(-18 for losing)\n|l|☆OUBotBeepBoop\n|player|p1|\n|l|☆greysay\n|player|p2|\n", "uploadtime": 1783812535, "views": 16, "formatid": "gen9ou", "rating": 1069, "private": 0, "password": null}