{"id": "gen9ou-2647775670", "format": "[Gen 9] OU", "players": ["hat_fm", "Jellylegs"], "log": "|j|☆hat_fm\n|j|☆Jellylegs\n|t:|1783810541\n|gametype|singles\n|player|p1|hat_fm|pilot|1261\n|player|p2|Jellylegs|1|1332\n|gen|9\n|tier|[Gen 9] OU\n|rated|\n|rule|HP Percentage Mod: HP is shown in percentages\n|rule|Endless Battle Clause: Forcing endless battles is banned\n|rule|Species Clause: Limit one of each Pokémon\n|rule|OHKO Clause: OHKO moves are banned\n|rule|Evasion Items Clause: Evasion items are banned\n|rule|Evasion Moves Clause: Evasion moves are banned\n|rule|Evasion Abilities Clause: Evasion abilities are banned\n|rule|Sleep Moves Clause: Sleep-inducing moves are banned\n|clearpoke\n|poke|p1|Zamazenta-*|\n|poke|p1|Darkrai|\n|poke|p1|Alomomola, F|\n|poke|p1|Cinderace, M|\n|poke|p1|Ninetales-Alola, M|\n|poke|p1|Skeledirge, M|\n|poke|p2|Heatran, M|\n|poke|p2|Ogerpon-Wellspring, F|\n|poke|p2|Rillaboom, M|\n|poke|p2|Great Tusk|\n|poke|p2|Dragapult, M|\n|poke|p2|Bronzong|\n|teampreview\n|\n|t:|1783810588\n|teamsize|p1|6\n|teamsize|p2|6\n|start\n|switch|p1a: Alomomola|Alomomola, F|100/100\n|switch|p2a: Rillaboom|Rillaboom, M|100/100\n|-fieldstart|move: Grassy Terrain|[from] ability: Grassy Surge|[of] p2a: Rillaboom\n|turn|1\n|\n|t:|1783810597\n|move|p2a: Rillaboom|Knock Off|p1a: Alomomola\n|-damage|p1a: Alomomola|81/100\n|-damage|p2a: Rillaboom|84/100|[from] item: Rocky Helmet|[of] p1a: Alomomola\n|-enditem|p1a: Alomomola|Rocky Helmet|[from] move: Knock Off|[of] p2a: Rillaboom\n|move|p1a: Alomomola|Flip Turn|p2a: Rillaboom\n|-resisted|p2a: Rillaboom\n|-damage|p2a: Rillaboom|75/100\n|inactive|Battle timer is ON: inactive players will automatically lose when time's up. (requested by Jellylegs)\n|\n|t:|1783810604\n|switch|p1a: Cinderace|Cinderace, M|100/100|[from] Flip Turn\n|\n|-heal|p2a: Rillaboom|82/100|[from] Grassy Terrain\n|upkeep\n|turn|2\n|\n|t:|1783810620\n|switch|p2a: Heatran|Heatran, M|100/100\n|move|p1a: Cinderace|U-turn|p2a: Heatran\n|-start|p1a: Cinderace|typechange|Bug|[from] ability: Libero\n|-resisted|p2a: Heatran\n|-damage|p2a: Heatran|94/100\n|\n|t:|1783810640\n|switch|p1a: Zamazenta|Zamazenta|100/100|[from] U-turn\n|-ability|p1a: Zamazenta|Dauntless Shield|boost\n|-boost|p1a: Zamazenta|def|1\n|\n|-heal|p2a: Heatran|99/100|[from] Grassy Terrain\n|-heal|p2a: Heatran|100/100|[from] item: Leftovers\n|upkeep\n|turn|3\n|inactive|Jellylegs has 120 seconds left.\n|\n|t:|1783810676\n|move|p1a: Zamazenta|Crunch|p2a: Heatran\n|-damage|p2a: Heatran|68/100\n|move|p2a: Heatran|Taunt|p1a: Zamazenta\n|-start|p1a: Zamazenta|move: Taunt\n|\n|-heal|p2a: Heatran|74/100|[from] Grassy Terrain\n|-heal|p2a: Heatran|81/100|[from] item: Leftovers\n|upkeep\n|turn|4\n|inactive|Jellylegs has 120 seconds left.\n|\n|t:|1783810704\n|switch|p1a: Alomomola|Alomomola, F|100/100\n|move|p2a: Heatran|Magma Storm|p1a: Alomomola\n|-resisted|p1a: Alomomola\n|-damage|p1a: Alomomola|76/100\n|-activate|p1a: Alomomola|move: Magma Storm|[of] p2a: Heatran\n|\n|-heal|p2a: Heatran|87/100|[from] Grassy Terrain\n|-heal|p2a: Heatran|93/100|[from] item: Leftovers\n|-heal|p1a: Alomomola|82/100|[from] Grassy Terrain\n|-damage|p1a: Alomomola|69/100|[from] move: Magma Storm|[partiallytrapped]\n|upkeep\n|turn|5\n|inactive|Jellylegs has 90 seconds left.\n|\n|t:|1783810730\n|move|p2a: Heatran|Heavy Slam|p1a: Alomomola\n|-resisted|p1a: Alomomola\n|-damage|p1a: Alomomola|60/100\n|move|p1a: Alomomola|Wish|p1a: Alomomola\n|\n|-heal|p2a: Heatran|99/100|[from] Grassy Terrain\n|-heal|p2a: Heatran|100/100|[from] item: Leftovers\n|-heal|p1a: Alomomola|67/100|[from] Grassy Terrain\n|-damage|p1a: Alomomola|54/100|[from] move: Magma Storm|[partiallytrapped]\n|upkeep\n|turn|6\n|\n|t:|1783810738\n|move|p2a: Heatran|Taunt|p1a: Alomomola\n|-start|p1a: Alomomola|move: Taunt\n|move|p1a: Alomomola|Body Slam|p2a: Heatran\n|-resisted|p2a: Heatran\n|-damage|p2a: Heatran|94/100\n|\n|-heal|p1a: Alomomola|100/100|[from] move: Wish|[wisher] Alomomola\n|-heal|p2a: Heatran|99/100|[from] Grassy Terrain\n|-heal|p2a: Heatran|100/100|[from] item: Leftovers\n|-damage|p1a: Alomomola|88/100|[from] move: Magma Storm|[partiallytrapped]\n|upkeep\n|turn|7\n|inactive|Jellylegs has 90 seconds left.\n|\n|t:|1783810768\n|move|p2a: Heatran|Magma Storm|p1a: Alomomola|[miss]\n|-miss|p2a: Heatran|p1a: Alomomola\n|move|p1a: Alomomola|Body Slam|p2a: Heatran\n|-resisted|p2a: Heatran\n|-damage|p2a: Heatran|94/100\n|-status|p2a: Heatran|par\n|\n|-heal|p1a: Alomomola|94/100|[from] Grassy Terrain\n|-heal|p2a: Heatran|99/100 par|[from] Grassy Terrain\n|-heal|p2a: Heatran|100/100 par|[from] item: Leftovers\n|-damage|p1a: Alomomola|82/100|[from] move: Magma Storm|[partiallytrapped]\n|upkeep\n|turn|8\n|\n|t:|1783810777\n|move|p1a: Alomomola|Body Slam|p2a: Heatran\n|-resisted|p2a: Heatran\n|-damage|p2a: Heatran|94/100 par\n|move|p2a: Heatran|Magma Storm|p1a: Alomomola|[miss]\n|-miss|p2a: Heatran|p1a: Alomomola\n|\n|-heal|p1a: Alomomola|88/100|[from] Grassy Terrain\n|-heal|p2a: Heatran|100/100 par|[from] Grassy Terrain\n|-damage|p1a: Alomomola|76/100|[from] move: Magma Storm|[partiallytrapped]\n|-end|p1a: Alomomola|move: Taunt\n|-fieldend|move: Grassy Terrain\n|upkeep\n|turn|9\n|inactive|Jellylegs has 90 seconds left.\n|\n|t:|1783810790\n|move|p1a: Alomomola|Wish|p1a: Alomomola\n|cant|p2a: Heatran|par\n|\n|-end|p1a: Alomomola|Magma Storm|[partiallytrapped]\n|upkeep\n|turn|10\n|inactive|Jellylegs has 90 seconds left.\n|\n|t:|1783810800\n|switch|p1a: Zamazenta|Zamazenta|100/100\n|move|p2a: Heatran|Magma Storm|p1a: Zamazenta\n|-damage|p1a: Zamazenta|57/100\n|-activate|p1a: Zamazenta|move: Magma Storm|[of] p2a: Heatran\n|\n|-heal|p1a: Zamazenta|100/100|[from] move: Wish|[wisher] Alomomola\n|-damage|p1a: Zamazenta|88/100|[from] move: Magma Storm|[partiallytrapped]\n|upkeep\n|turn|11\n|inactive|Jellylegs has 90 seconds left.\n|\n|t:|1783810832\n|switch|p2a: Dragapult|Dragapult, M|100/100\n|move|p1a: Zamazenta|Crunch|p2a: Dragapult\n|-supereffective|p2a: Dragapult\n|-damage|p2a: Dragapult|0 fnt\n|faint|p2a: Dragapult\n|\n|-end|p1a: Zamazenta|Magma Storm|[partiallytrapped]|[silent]\n|upkeep\n|\n|t:|1783810837\n|switch|p2a: Heatran|Heatran, M|100/100 par\n|turn|12\n|\n|t:|1783810843\n|switch|p1a: Alomomola|Alomomola, F|100/100\n|move|p2a: Heatran|Magma Storm|p1a: Alomomola\n|-resisted|p1a: Alomomola\n|-damage|p1a: Alomomola|76/100\n|-activate|p1a: Alomomola|move: Magma Storm|[of] p2a: Heatran\n|\n|-damage|p1a: Alomomola|63/100|[from] move: Magma Storm|[partiallytrapped]\n|upkeep\n|turn|13\n|\n|t:|1783810847\n|move|p1a: Alomomola|Flip Turn|p2a: Heatran\n|-supereffective|p2a: Heatran\n|-damage|p2a: Heatran|72/100 par\n|\n|t:|1783810855\n|switch|p1a: Skeledirge|Skeledirge, M|100/100|[from] Flip Turn\n|move|p2a: Heatran|Taunt|p1a: Skeledirge\n|-start|p1a: Skeledirge|move: Taunt\n|\n|-heal|p2a: Heatran|78/100 par|[from] item: Leftovers\n|upkeep\n|turn|14\n|inactive|Jellylegs has 90 seconds left.\n|\n|t:|1783810884\n|switch|p2a: Great Tusk|Great Tusk|100/100\n|move|p1a: Skeledirge|Hex|p2a: Great Tusk\n|-damage|p2a: Great Tusk|61/100\n|\n|upkeep\n|turn|15\n|\n|t:|1783810893\n|switch|p1a: Alomomola|Alomomola, F|97/100\n|move|p2a: Great Tusk|Headlong Rush|p1a: Alomomola\n|-crit|p1a: Alomomola\n|-damage|p1a: Alomomola|50/100\n|-unboost|p2a: Great Tusk|def|1\n|-unboost|p2a: Great Tusk|spd|1\n|\n|upkeep\n|turn|16\n|inactive|Jellylegs has 90 seconds left.\n|\n|t:|1783810908\n|-end|p2a: Great Tusk|Protosynthesis|[silent]\n|switch|p2a: Bronzong|Bronzong, shiny|100/100\n|move|p1a: Alomomola|Wish|p1a: Alomomola\n|\n|upkeep\n|turn|17\n|\n|t:|1783810915\n|move|p1a: Alomomola|Flip Turn|p2a: Bronzong\n|-damage|p2a: Bronzong|90/100\n|\n|t:|1783810931\n|switch|p1a: Cinderace|Cinderace, M|100/100|[from] Flip Turn\n|move|p2a: Bronzong|Stealth Rock|p1a: Cinderace\n|-sidestart|p1: hat_fm|move: Stealth Rock\n|\n|upkeep\n|turn|18\n|\n|t:|1783810941\n|switch|p2a: Heatran|Heatran, M|78/100 par\n|move|p1a: Cinderace|Court Change|p1a: Cinderace\n|-start|p1a: Cinderace|typechange|Normal|[from] ability: Libero\n|-swapsideconditions\n|-activate|p1a: Cinderace|move: Court Change\n|\n|-heal|p2a: Heatran|84/100 par|[from] item: Leftovers\n|upkeep\n|turn|19\n|\n|t:|1783810964\n|move|p1a: Cinderace|U-turn|p2a: Heatran\n|-resisted|p2a: Heatran\n|-damage|p2a: Heatran|79/100 par\n|\n|t:|1783810969\n|switch|p1a: Zamazenta|Zamazenta|88/100|[from] U-turn\n|move|p2a: Heatran|Earth Power|p1a: Zamazenta\n|-damage|p1a: Zamazenta|65/100\n|\n|-heal|p2a: Heatran|85/100 par|[from] item: Leftovers\n|upkeep\n|turn|20\n|\n|t:|1783810990\n|move|p1a: Zamazenta|Close Combat|p2a: Heatran\n|-supereffective|p2a: Heatran\n|-damage|p2a: Heatran|0 fnt\n|-unboost|p1a: Zamazenta|def|1\n|-unboost|p1a: Zamazenta|spd|1\n|faint|p2a: Heatran\n|\n|upkeep\n|inactive|Jellylegs has 90 seconds left.\n|\n|t:|1783811021\n|switch|p2a: Rillaboom|Rillaboom, M|82/100\n|-damage|p2a: Rillaboom|69/100|[from] Stealth Rock\n|-fieldstart|move: Grassy Terrain|[from] ability: Grassy Surge|[of] p2a: Rillaboom\n|turn|21\n|\n|t:|1783811031\n|move|p1a: Zamazenta|Close Combat|p2a: Rillaboom\n|-damage|p2a: Rillaboom|0 fnt\n|-unboost|p1a: Zamazenta|def|1\n|-unboost|p1a: Zamazenta|spd|1\n|faint|p2a: Rillaboom\n|\n|-heal|p1a: Zamazenta|72/100|[from] Grassy Terrain\n|upkeep\n|inactive|Jellylegs has 60 seconds left.\n|\n|t:|1783811052\n|switch|p2a: Bronzong|Bronzong, shiny|90/100\n|-damage|p2a: Bronzong|83/100|[from] Stealth Rock\n|turn|22\n|\n|t:|1783811066\n|move|p1a: Zamazenta|Close Combat|p2a: Bronzong\n|-damage|p2a: Bronzong|27/100\n|-unboost|p1a: Zamazenta|def|1\n|-unboost|p1a: Zamazenta|spd|1\n|move|p2a: Bronzong|Psychic Noise|p1a: Zamazenta\n|-supereffective|p1a: Zamazenta\n|-damage|p1a: Zamazenta|0 fnt\n|faint|p1a: Zamazenta\n|\n|upkeep\n|\n|t:|1783811077\n|switch|p1a: Skeledirge|Skeledirge, M|100/100\n|turn|23\n|\n|t:|1783811085\n|move|p1a: Skeledirge|Torch Song|p2a: Bronzong\n|-supereffective|p2a: Bronzong\n|-damage|p2a: Bronzong|0 fnt\n|-boost|p1a: Skeledirge|spa|1\n|faint|p2a: Bronzong\n|\n|upkeep\n|inactive|Jellylegs has 60 seconds left.\n|\n|t:|1783811124\n|switch|p2a: Ogerpon|Ogerpon-Wellspring, F|100/100\n|-damage|p2a: Ogerpon|88/100|[from] Stealth Rock\n|turn|24\n|\n|t:|1783811139\n|-terastallize|p1a: Skeledirge|Fairy\n|move|p2a: Ogerpon|Ivy Cudgel|p1a: Skeledirge|[anim] Ivy Cudgel Water\n|-damage|p1a: Skeledirge|46/100\n|move|p1a: Skeledirge|Will-O-Wisp|p2a: Ogerpon\n|-status|p2a: Ogerpon|brn\n|\n|-heal|p2a: Ogerpon|94/100 brn|[from] Grassy Terrain\n|-heal|p1a: Skeledirge|52/100|[from] Grassy Terrain\n|-damage|p2a: Ogerpon|88/100 brn|[from] brn\n|upkeep\n|turn|25\n|inactive|Jellylegs has 60 seconds left.\n|\n|t:|1783811148\n|move|p2a: Ogerpon|Swords Dance|p2a: Ogerpon\n|-boost|p2a: Ogerpon|atk|2\n|move|p1a: Skeledirge|Slack Off|p1a: Skeledirge\n|-heal|p1a: Skeledirge|100/100\n|\n|-heal|p2a: Ogerpon|94/100 brn|[from] Grassy Terrain\n|-damage|p2a: Ogerpon|88/100 brn|[from] brn\n|upkeep\n|turn|26\n|-message|Jellylegs forfeited.\n|\n|win|hat_fm\n|raw|hat_fm's rating: 1261 &rarr; <strong>1291</strong><br />(+30 for winning)\n|raw|Jellylegs's rating: 1332 &rarr; <strong>1308</strong><br />(-24 for losing)\n|l|☆Jellylegs\n|player|p2|\n|l|☆hat_fm\n|player|p1|\n", "uploadtime": 1783811464, "views": 3, "formatid": "gen9ou", "rating": 1291, "private": 0, "password": null}