{"id": "gen9ou-2540569116", "format": "[Gen 9] OU", "players": ["biscit_sama", "Xwipe le nul"], "log": "|j|☆biscit_sama\n|j|☆Xwipe le nul\n|t:|1771219498\n|gametype|singles\n|player|p1|biscit_sama|170|1532\n|player|p2|Xwipe le nul|plasmagrunt|1518\n|gen|9\n|tier|[Gen 9] OU\n|rated|\n|rule|HP Percentage Mod: HP is shown in percentages\n|rule|Endless Battle Clause: Forcing endless battles is banned\n|rule|Species Clause: Limit one of each Pokémon\n|rule|OHKO Clause: OHKO moves are banned\n|rule|Evasion Items Clause: Evasion items are banned\n|rule|Evasion Moves Clause: Evasion moves are banned\n|rule|Evasion Abilities Clause: Evasion abilities are banned\n|rule|Sleep Moves Clause: Sleep-inducing moves are banned\n|clearpoke\n|poke|p1|Weezing-Galar, M|\n|poke|p1|Raging Bolt|\n|poke|p1|Iron Valiant|\n|poke|p1|Kingambit, F|\n|poke|p1|Great Tusk|\n|poke|p1|Dragapult, F|\n|poke|p2|Dragonite, F|\n|poke|p2|Jirachi|\n|poke|p2|Corviknight, F|\n|poke|p2|Garchomp, M|\n|poke|p2|Kingambit, F|\n|poke|p2|Iron Valiant|\n|teampreview\n|inactive|Battle timer is ON: inactive players will automatically lose when time's up. (requested by Xwipe le nul)\n|\n|t:|1771219515\n|teamsize|p1|6\n|teamsize|p2|6\n|start\n|switch|p1a: Dragapult|Dragapult, F|100/100\n|switch|p2a: Jirachi|Jirachi|100/100\n|turn|1\n|\n|t:|1771219519\n|move|p1a: Dragapult|U-turn|p2a: Jirachi\n|-damage|p2a: Jirachi|74/100\n|\n|t:|1771219522\n|switch|p1a: Raging Bolt|Raging Bolt|100/100|[from] U-turn\n|move|p2a: Jirachi|U-turn|p1a: Raging Bolt\n|-damage|p1a: Raging Bolt|86/100\n|\n|t:|1771219528\n|switch|p2a: do not spin|Garchomp, M|100/100|[from] U-turn\n|\n|-heal|p1a: Raging Bolt|92/100|[from] item: Leftovers\n|upkeep\n|turn|2\n|\n|t:|1771219533\n|move|p2a: do not spin|Earthquake|p1a: Raging Bolt\n|-supereffective|p1a: Raging Bolt\n|-damage|p1a: Raging Bolt|13/100\n|move|p1a: Raging Bolt|Draco Meteor|p2a: do not spin|[miss]\n|-miss|p1a: Raging Bolt|p2a: do not spin\n|\n|-heal|p1a: Raging Bolt|19/100|[from] item: Leftovers\n|upkeep\n|turn|3\n|\n|t:|1771219541\n|-end|p1a: Raging Bolt|Protosynthesis|[silent]\n|switch|p1a: Weezing|Weezing-Galar, M|100/100\n|move|p2a: do not spin|Earthquake|p1a: Weezing\n|-immune|p1a: Weezing|[from] ability: Levitate\n|\n|upkeep\n|turn|4\n|\n|t:|1771219545\n|switch|p2a: Jirachi|Jirachi|74/100\n|move|p1a: Weezing|Will-O-Wisp|p2a: Jirachi\n|-status|p2a: Jirachi|brn\n|\n|-heal|p2a: Jirachi|80/100 brn|[from] item: Leftovers\n|-damage|p2a: Jirachi|74/100 brn|[from] brn\n|upkeep\n|turn|5\n|\n|t:|1771219561\n|switch|p1a: Kingambit|Kingambit, F|100/100\n|move|p2a: Jirachi|Wish|p2a: Jirachi\n|\n|-heal|p2a: Jirachi|80/100 brn|[from] item: Leftovers\n|-damage|p2a: Jirachi|74/100 brn|[from] brn\n|upkeep\n|turn|6\n|\n|t:|1771219570\n|switch|p2a: Kingambit|Kingambit, F|100/100\n|move|p1a: Kingambit|Swords Dance|p1a: Kingambit\n|-boost|p1a: Kingambit|atk|2\n|\n|upkeep\n|turn|7\n|\n|t:|1771219581\n|-end|p1a: Kingambit|fallenundefined|[silent]\n|switch|p1a: Great Tusk|Great Tusk|100/100\n|move|p2a: Kingambit|Low Kick|p1a: Great Tusk\n|-damage|p1a: Great Tusk|73/100\n|\n|upkeep\n|turn|8\n|\n|t:|1771219594\n|-end|p2a: Kingambit|fallenundefined|[silent]\n|switch|p2a: Corviknight|Corviknight, F|100/100\n|-ability|p2a: Corviknight|Pressure\n|move|p1a: Great Tusk|Ice Spinner|p2a: Corviknight\n|-damage|p2a: Corviknight|77/100\n|\n|-heal|p2a: Corviknight|83/100|[from] item: Leftovers\n|upkeep\n|turn|9\n|\n|t:|1771219603\n|-end|p1a: Great Tusk|Protosynthesis|[silent]\n|switch|p1a: Dragapult|Dragapult, F|100/100\n|move|p2a: Corviknight|U-turn|p1a: Dragapult\n|-resisted|p1a: Dragapult\n|-damage|p1a: Dragapult|89/100\n|\n|t:|1771219608\n|switch|p2a: Kingambit|Kingambit, F|100/100|[from] U-turn\n|\n|upkeep\n|turn|10\n|\n|t:|1771219614\n|switch|p1a: Weezing|Weezing-Galar, M|100/100\n|move|p2a: Kingambit|Iron Head|p1a: Weezing\n|-supereffective|p1a: Weezing\n|-damage|p1a: Weezing|16/100\n|\n|-heal|p1a: Weezing|22/100|[from] item: Leftovers\n|upkeep\n|turn|11\n|\n|t:|1771219619\n|move|p2a: Kingambit|Iron Head|p1a: Weezing\n|-supereffective|p1a: Weezing\n|-damage|p1a: Weezing|0 fnt\n|faint|p1a: Weezing\n|\n|upkeep\n|\n|t:|1771219622\n|switch|p1a: Great Tusk|Great Tusk|73/100\n|turn|12\n|\n|t:|1771219627\n|-end|p2a: Kingambit|fallenundefined|[silent]\n|switch|p2a: Corviknight|Corviknight, F|83/100\n|-ability|p2a: Corviknight|Pressure\n|move|p1a: Great Tusk|Close Combat|p2a: Corviknight\n|-damage|p2a: Corviknight|22/100\n|-unboost|p1a: Great Tusk|def|1\n|-unboost|p1a: Great Tusk|spd|1\n|\n|-heal|p2a: Corviknight|28/100|[from] item: Leftovers\n|upkeep\n|turn|13\n|\n|t:|1771219638\n|-end|p1a: Great Tusk|Protosynthesis|[silent]\n|switch|p1a: Raging Bolt|Raging Bolt|19/100\n|move|p2a: Corviknight|Brave Bird|p1a: Raging Bolt\n|-resisted|p1a: Raging Bolt\n|-damage|p1a: Raging Bolt|4/100\n|-damage|p2a: Corviknight|23/100|[from] Recoil\n|\n|-heal|p1a: Raging Bolt|10/100|[from] item: Leftovers\n|-heal|p2a: Corviknight|29/100|[from] item: Leftovers\n|upkeep\n|turn|14\n|\n|t:|1771219647\n|switch|p2a: Jirachi|Jirachi|74/100 brn\n|move|p1a: Raging Bolt|Thunderbolt|p2a: Jirachi\n|-damage|p2a: Jirachi|38/100 brn\n|\n|-heal|p1a: Raging Bolt|16/100|[from] item: Leftovers\n|-heal|p2a: Jirachi|44/100 brn|[from] item: Leftovers\n|-damage|p2a: Jirachi|38/100 brn|[from] brn\n|upkeep\n|turn|15\n|\n|t:|1771219652\n|move|p1a: Raging Bolt|Thunderbolt|p2a: Jirachi\n|-damage|p2a: Jirachi|4/100 brn\n|move|p2a: Jirachi|Wish|p2a: Jirachi\n|\n|-heal|p1a: Raging Bolt|23/100|[from] item: Leftovers\n|-heal|p2a: Jirachi|11/100 brn|[from] item: Leftovers\n|-damage|p2a: Jirachi|4/100 brn|[from] brn\n|upkeep\n|turn|16\n|\n|t:|1771219660\n|move|p2a: Jirachi|Protect|p2a: Jirachi\n|-singleturn|p2a: Jirachi|Protect\n|move|p1a: Raging Bolt|Draco Meteor|p2a: Jirachi\n|-activate|p2a: Jirachi|move: Protect\n|\n|-heal|p2a: Jirachi|54/100 brn|[from] move: Wish|[wisher] Jirachi\n|-heal|p1a: Raging Bolt|29/100|[from] item: Leftovers\n|-heal|p2a: Jirachi|61/100 brn|[from] item: Leftovers\n|-damage|p2a: Jirachi|54/100 brn|[from] brn\n|upkeep\n|turn|17\n|\n|t:|1771219668\n|move|p1a: Raging Bolt|Thunderbolt|p2a: Jirachi\n|-damage|p2a: Jirachi|22/100 brn\n|move|p2a: Jirachi|Wish|p2a: Jirachi\n|\n|-heal|p1a: Raging Bolt|35/100|[from] item: Leftovers\n|-heal|p2a: Jirachi|28/100 brn|[from] item: Leftovers\n|-damage|p2a: Jirachi|22/100 brn|[from] brn\n|upkeep\n|turn|18\n|\n|t:|1771219672\n|move|p2a: Jirachi|Protect|p2a: Jirachi\n|-singleturn|p2a: Jirachi|Protect\n|move|p1a: Raging Bolt|Calm Mind|p1a: Raging Bolt\n|-boost|p1a: Raging Bolt|spa|1\n|-boost|p1a: Raging Bolt|spd|1\n|\n|-heal|p2a: Jirachi|72/100 brn|[from] move: Wish|[wisher] Jirachi\n|-heal|p1a: Raging Bolt|41/100|[from] item: Leftovers\n|-heal|p2a: Jirachi|78/100 brn|[from] item: Leftovers\n|-damage|p2a: Jirachi|72/100 brn|[from] brn\n|upkeep\n|turn|19\n|\n|t:|1771219677\n|move|p1a: Raging Bolt|Thunderbolt|p2a: Jirachi\n|-damage|p2a: Jirachi|24/100 brn\n|move|p2a: Jirachi|U-turn|p1a: Raging Bolt\n|-damage|p1a: Raging Bolt|34/100\n|\n|t:|1771219679\n|switch|p2a: do not spin|Garchomp, M|100/100|[from] U-turn\n|\n|-heal|p1a: Raging Bolt|41/100|[from] item: Leftovers\n|upkeep\n|turn|20\n|\n|t:|1771219693\n|-terastallize|p1a: Raging Bolt|Fairy\n|move|p2a: do not spin|Substitute|p2a: do not spin\n|-start|p2a: do not spin|Substitute\n|-damage|p2a: do not spin|76/100\n|move|p1a: Raging Bolt|Draco Meteor|p2a: do not spin\n|-supereffective|p2a: do not spin\n|-end|p2a: do not spin|Substitute\n|-unboost|p1a: Raging Bolt|spa|2\n|\n|-heal|p1a: Raging Bolt|47/100|[from] item: Leftovers\n|upkeep\n|turn|21\n|\n|t:|1771219699\n|switch|p2a: Jirachi|Jirachi|24/100 brn\n|move|p1a: Raging Bolt|Draco Meteor|p2a: Jirachi\n|-resisted|p2a: Jirachi\n|-damage|p2a: Jirachi|8/100 brn\n|-unboost|p1a: Raging Bolt|spa|2\n|\n|-heal|p1a: Raging Bolt|53/100|[from] item: Leftovers\n|-heal|p2a: Jirachi|15/100 brn|[from] item: Leftovers\n|-damage|p2a: Jirachi|8/100 brn|[from] brn\n|upkeep\n|turn|22\n|\n|t:|1771219703\n|-end|p1a: Raging Bolt|Protosynthesis|[silent]\n|switch|p1a: Dragapult|Dragapult, F|89/100\n|move|p2a: Jirachi|U-turn|p1a: Dragapult\n|-resisted|p1a: Dragapult\n|-damage|p1a: Dragapult|83/100\n|\n|t:|1771219706\n|switch|p2a: Kingambit|Kingambit, F|100/100|[from] U-turn\n|\n|upkeep\n|turn|23\n|\n|t:|1771219710\n|move|p2a: Kingambit|Sucker Punch|p1a: Dragapult\n|-supereffective|p1a: Dragapult\n|-damage|p1a: Dragapult|0 fnt\n|faint|p1a: Dragapult\n|\n|upkeep\n|\n|t:|1771219713\n|switch|p1a: Great Tusk|Great Tusk|73/100\n|turn|24\n|\n|t:|1771219728\n|-end|p2a: Kingambit|fallenundefined|[silent]\n|switch|p2a: Jirachi|Jirachi|8/100 brn\n|move|p1a: Great Tusk|Close Combat|p2a: Jirachi\n|-damage|p2a: Jirachi|0 fnt\n|-unboost|p1a: Great Tusk|def|1\n|-unboost|p1a: Great Tusk|spd|1\n|faint|p2a: Jirachi\n|\n|upkeep\n|\n|t:|1771219734\n|switch|p2a: Iron Valiant|Iron Valiant|100/100\n|-enditem|p2a: Iron Valiant|Booster Energy\n|-activate|p2a: Iron Valiant|ability: Quark Drive|[fromitem]\n|-start|p2a: Iron Valiant|quarkdrivespe\n|turn|25\n|\n|t:|1771219742\n|-end|p1a: Great Tusk|Protosynthesis|[silent]\n|switch|p1a: Kingambit|Kingambit, F|100/100\n|-activate|p1a: Kingambit|ability: Supreme Overlord\n|-start|p1a: Kingambit|fallen2|[silent]\n|move|p2a: Iron Valiant|Moonblast|p1a: Kingambit\n|-damage|p1a: Kingambit|57/100\n|\n|-heal|p1a: Kingambit|63/100|[from] item: Leftovers\n|upkeep\n|turn|26\n|\n|t:|1771219750\n|move|p1a: Kingambit|Sucker Punch|p2a: Iron Valiant\n|-resisted|p2a: Iron Valiant\n|-damage|p2a: Iron Valiant|86/100\n|move|p2a: Iron Valiant|Close Combat|p1a: Kingambit\n|-supereffective|p1a: Kingambit\n|-damage|p1a: Kingambit|0 fnt\n|-unboost|p2a: Iron Valiant|def|1\n|-unboost|p2a: Iron Valiant|spd|1\n|faint|p1a: Kingambit\n|-end|p1a: Kingambit|fallen2|[silent]\n|\n|upkeep\n|\n|t:|1771219756\n|switch|p1a: Iron Valiant|Iron Valiant|100/100\n|-enditem|p1a: Iron Valiant|Booster Energy\n|-activate|p1a: Iron Valiant|ability: Quark Drive|[fromitem]\n|-start|p1a: Iron Valiant|quarkdrivespe\n|turn|27\n|\n|t:|1771219765\n|-end|p2a: Iron Valiant|Quark Drive|[silent]\n|switch|p2a: Corviknight|Corviknight, F|29/100\n|-ability|p2a: Corviknight|Pressure\n|move|p1a: Iron Valiant|Encore||[still]\n|-fail|p1a: Iron Valiant\n|\n|-heal|p2a: Corviknight|35/100|[from] item: Leftovers\n|upkeep\n|turn|28\n|\n|t:|1771219771\n|move|p1a: Iron Valiant|Shadow Ball|p2a: Corviknight\n|-damage|p2a: Corviknight|18/100\n|move|p2a: Corviknight|Brave Bird|p1a: Iron Valiant\n|-supereffective|p1a: Iron Valiant\n|-damage|p1a: Iron Valiant|9/100\n|-damage|p2a: Corviknight|0 fnt|[from] Recoil\n|faint|p2a: Corviknight\n|\n|upkeep\n|\n|t:|1771219774\n|switch|p2a: Dragonite|Dragonite, F|100/100\n|turn|29\n|\n|t:|1771219780\n|move|p2a: Dragonite|Extreme Speed|p1a: Iron Valiant\n|-damage|p1a: Iron Valiant|0 fnt\n|faint|p1a: Iron Valiant\n|-end|p1a: Iron Valiant|Quark Drive|[silent]\n|\n|upkeep\n|\n|t:|1771219782\n|switch|p1a: Great Tusk|Great Tusk|73/100\n|turn|30\n|\n|t:|1771219789\n|-terastallize|p2a: Dragonite|Normal\n|move|p2a: Dragonite|Extreme Speed|p1a: Great Tusk\n|-damage|p1a: Great Tusk|29/100\n|move|p1a: Great Tusk|Ice Spinner|p2a: Dragonite\n|-damage|p2a: Dragonite|85/100\n|\n|upkeep\n|turn|31\n|\n|t:|1771219791\n|move|p2a: Dragonite|Extreme Speed|p1a: Great Tusk\n|-damage|p1a: Great Tusk|0 fnt\n|faint|p1a: Great Tusk\n|-end|p1a: Great Tusk|Protosynthesis|[silent]\n|\n|upkeep\n|\n|t:|1771219793\n|switch|p1a: Raging Bolt|Raging Bolt, tera:Fairy|53/100\n|turn|32\n|-message|biscit_sama forfeited.\n|\n|win|Xwipe le nul\n|raw|biscit_sama's rating: 1532 &rarr; <strong>1511</strong><br />(-21 for losing)\n|raw|Xwipe le nul's rating: 1518 &rarr; <strong>1539</strong><br />(+21 for winning)\n|l|☆biscit_sama\n|player|p1|\n|c|☆Xwipe le nul|gg\n", "uploadtime": 1771219934, "views": 6, "formatid": "gen9ou", "rating": 1511, "private": 0, "password": null}