{"id": "gen9ou-2647741841", "format": "[Gen 9] OU", "players": ["LoscarGD", "OUBotBeepBoop"], "log": "|j|☆LoscarGD\n|j|☆OUBotBeepBoop\n|t:|1783804856\n|gametype|singles\n|player|p1|LoscarGD|benga|1143\n|player|p2|OUBotBeepBoop|102|1141\n|gen|9\n|tier|[Gen 9] OU\n|rated|\n|rule|HP Percentage Mod: HP is shown in percentages\n|rule|Endless Battle Clause: Forcing endless battles is banned\n|rule|Species Clause: Limit one of each Pokémon\n|rule|OHKO Clause: OHKO moves are banned\n|rule|Evasion Items Clause: Evasion items are banned\n|rule|Evasion Moves Clause: Evasion moves are banned\n|rule|Evasion Abilities Clause: Evasion abilities are banned\n|rule|Sleep Moves Clause: Sleep-inducing moves are banned\n|clearpoke\n|poke|p1|Pelipper, F|\n|poke|p1|Deoxys-Speed|\n|poke|p1|Swampert, F|\n|poke|p1|Zapdos|\n|poke|p1|Blaziken, M|\n|poke|p1|Scizor, F|\n|poke|p2|Glimmora, M|\n|poke|p2|Great Tusk|\n|poke|p2|Kingambit, F|\n|poke|p2|Dragapult, M|\n|poke|p2|Clefable, F|\n|poke|p2|Corviknight, M|\n|teampreview\n|inactive|Battle timer is ON: inactive players will automatically lose when time's up. (requested by OUBotBeepBoop)\n|\n|t:|1783804867\n|teamsize|p1|6\n|teamsize|p2|6\n|start\n|switch|p1a: Alastor|Zapdos|100/100\n|switch|p2a: Glimmora|Glimmora, M|100/100\n|turn|1\n|\n|t:|1783804875\n|move|p1a: Alastor|Volt Switch|p2a: Glimmora\n|-damage|p2a: Glimmora|22/100\n|\n|t:|1783804883\n|switch|p1a: Lluvia|Pelipper, F|100/100|[from] Volt Switch\n|-weather|RainDance|[from] ability: Drizzle|[of] p1a: Lluvia\n|move|p2a: Glimmora|Stealth Rock|p1a: Lluvia\n|-sidestart|p1: LoscarGD|move: Stealth Rock\n|\n|-weather|RainDance|[upkeep]\n|upkeep\n|turn|2\n|\n|t:|1783804894\n|switch|p2a: Dragapult|Dragapult, M|100/100\n|move|p1a: Lluvia|Tailwind|p1a: Lluvia\n|-sidestart|p1: LoscarGD|move: Tailwind\n|\n|-weather|RainDance|[upkeep]\n|upkeep\n|turn|3\n|\n|t:|1783804901\n|move|p2a: Dragapult|Draco Meteor|p1a: Lluvia\n|-damage|p1a: Lluvia|4/100\n|-unboost|p2a: Dragapult|spa|2\n|move|p1a: Lluvia|Hurricane|p2a: Dragapult\n|-damage|p2a: Dragapult|54/100\n|\n|-weather|RainDance|[upkeep]\n|-heal|p1a: Lluvia|10/100|[from] item: Leftovers\n|upkeep\n|turn|4\n|\n|t:|1783804908\n|move|p2a: Dragapult|Draco Meteor|p1a: Lluvia\n|-damage|p1a: Lluvia|0 fnt\n|-unboost|p2a: Dragapult|spa|2\n|faint|p1a: Lluvia\n|\n|-weather|RainDance|[upkeep]\n|upkeep\n|\n|t:|1783804925\n|switch|p1a: Aquiles|Deoxys-Speed|100/100\n|-damage|p1a: Aquiles|88/100|[from] Stealth Rock\n|-ability|p1a: Aquiles|Pressure\n|turn|5\n|\n|t:|1783804929\n|switch|p2a: Kingambit|Kingambit, F|100/100\n|move|p1a: Aquiles|Ice Beam|p2a: Kingambit\n|-resisted|p2a: Kingambit\n|-damage|p2a: Kingambit|83/100\n|-damage|p1a: Aquiles|78/100|[from] item: Life Orb\n|\n|-weather|none\n|-sideend|p1: LoscarGD|move: Tailwind\n|upkeep\n|turn|6\n|\n|t:|1783804940\n|move|p1a: Aquiles|Knock Off|p2a: Kingambit\n|-resisted|p2a: Kingambit\n|-damage|p2a: Kingambit|73/100\n|-enditem|p2a: Kingambit|Black Glasses|[from] move: Knock Off|[of] p1a: Aquiles\n|-damage|p1a: Aquiles|68/100|[from] item: Life Orb\n|move|p2a: Kingambit|Kowtow Cleave|p1a: Aquiles\n|-supereffective|p1a: Aquiles\n|-damage|p1a: Aquiles|0 fnt\n|faint|p1a: Aquiles\n|\n|upkeep\n|\n|t:|1783804948\n|switch|p1a: Slou|Swampert, F|100/100\n|-damage|p1a: Slou|94/100|[from] Stealth Rock\n|turn|7\n|\n|t:|1783804953\n|move|p1a: Slou|Earthquake|p2a: Kingambit\n|-supereffective|p2a: Kingambit\n|-damage|p2a: Kingambit|0 fnt\n|faint|p2a: Kingambit\n|-end|p2a: Kingambit|fallenundefined|[silent]\n|\n|-heal|p1a: Slou|100/100|[from] item: Leftovers\n|upkeep\n|\n|t:|1783804953\n|switch|p2a: Corviknight|Corviknight, M|100/100\n|-ability|p2a: Corviknight|Pressure\n|turn|8\n|\n|t:|1783804970\n|move|p2a: Corviknight|U-turn|p1a: Slou\n|-damage|p1a: Slou|87/100\n|\n|t:|1783804972\n|switch|p2a: Clefable|Clefable, F|100/100|[from] U-turn\n|move|p1a: Slou|Waterfall|p2a: Clefable\n|-damage|p2a: Clefable|71/100\n|\n|-heal|p1a: Slou|93/100|[from] item: Leftovers\n|-heal|p2a: Clefable|77/100|[from] item: Leftovers\n|upkeep\n|turn|9\n|\n|t:|1783804990\n|move|p1a: Slou|Earthquake|p2a: Clefable\n|-damage|p2a: Clefable|42/100\n|move|p2a: Clefable|Moonblast|p1a: Slou\n|-damage|p1a: Slou|61/100\n|\n|-heal|p1a: Slou|68/100|[from] item: Leftovers\n|-heal|p2a: Clefable|48/100|[from] item: Leftovers\n|upkeep\n|turn|10\n|\n|t:|1783804995\n|move|p1a: Slou|Waterfall|p2a: Clefable\n|-damage|p2a: Clefable|16/100\n|cant|p2a: Clefable|flinch\n|\n|-heal|p1a: Slou|74/100|[from] item: Leftovers\n|-heal|p2a: Clefable|23/100|[from] item: Leftovers\n|upkeep\n|turn|11\n|\n|t:|1783804998\n|switch|p2a: Corviknight|Corviknight, M|100/100\n|-ability|p2a: Corviknight|Pressure\n|move|p1a: Slou|Earthquake|p2a: Corviknight\n|-immune|p2a: Corviknight\n|\n|-heal|p1a: Slou|80/100|[from] item: Leftovers\n|upkeep\n|turn|12\n|\n|t:|1783805010\n|move|p2a: Corviknight|U-turn|p1a: Slou\n|-damage|p1a: Slou|66/100\n|\n|t:|1783805011\n|switch|p2a: Dragapult|Dragapult, M|54/100|[from] U-turn\n|move|p1a: Slou|Waterfall|p2a: Dragapult\n|-resisted|p2a: Dragapult\n|-damage|p2a: Dragapult|24/100\n|\n|-heal|p1a: Slou|72/100|[from] item: Leftovers\n|upkeep\n|turn|13\n|\n|t:|1783805017\n|move|p2a: Dragapult|Draco Meteor|p1a: Slou|[miss]\n|-miss|p2a: Dragapult|p1a: Slou\n|move|p1a: Slou|Ice Punch|p2a: Dragapult\n|-supereffective|p2a: Dragapult\n|-damage|p2a: Dragapult|0 fnt\n|faint|p2a: Dragapult\n|\n|-heal|p1a: Slou|78/100|[from] item: Leftovers\n|upkeep\n|\n|t:|1783805017\n|switch|p2a: Corviknight|Corviknight, M|100/100\n|-ability|p2a: Corviknight|Pressure\n|turn|14\n|\n|t:|1783805030\n|move|p2a: Corviknight|U-turn|p1a: Slou\n|-damage|p1a: Slou|65/100\n|\n|t:|1783805030\n|switch|p2a: Great Tusk|Great Tusk|100/100|[from] U-turn\n|move|p1a: Slou|Ice Punch|p2a: Great Tusk\n|-supereffective|p2a: Great Tusk\n|-crit|p2a: Great Tusk\n|-damage|p2a: Great Tusk|43/100\n|\n|-heal|p1a: Slou|71/100|[from] item: Leftovers\n|upkeep\n|turn|15\n|l|☆LoscarGD\n|inactive|LoscarGD disconnected and has a minute to reconnect!\n|player|p1|\n|inactive|LoscarGD has 30 seconds to reconnect!\n|inactive|LoscarGD has 20 seconds to reconnect!\n|inactive|LoscarGD has 15 seconds to reconnect!\n|inactive|LoscarGD has 10 seconds to reconnect!\n|inactive|LoscarGD has 5 seconds to reconnect!\n|j|☆LoscarGD\n|inactive|LoscarGD reconnected and has 85 seconds left.\n|player|p1|LoscarGD|benga|\n|\n|t:|1783805099\n|-end|p2a: Great Tusk|Protosynthesis|[silent]\n|switch|p2a: Corviknight|Corviknight, M|100/100\n|-ability|p2a: Corviknight|Pressure\n|move|p1a: Slou|Waterfall|p2a: Corviknight\n|-damage|p2a: Corviknight|76/100\n|\n|-heal|p2a: Corviknight|82/100|[from] item: Leftovers\n|-heal|p1a: Slou|77/100|[from] item: Leftovers\n|upkeep\n|turn|16\n|inactive|LoscarGD has 90 seconds left.\n|\n|t:|1783805106\n|move|p2a: Corviknight|U-turn|p1a: Slou\n|-damage|p1a: Slou|63/100\n|\n|t:|1783805107\n|switch|p2a: Great Tusk|Great Tusk|43/100|[from] U-turn\n|move|p1a: Slou|Waterfall|p2a: Great Tusk\n|-supereffective|p2a: Great Tusk\n|-damage|p2a: Great Tusk|0 fnt\n|faint|p2a: Great Tusk\n|-end|p2a: Great Tusk|Protosynthesis|[silent]\n|\n|-heal|p1a: Slou|69/100|[from] item: Leftovers\n|upkeep\n|\n|t:|1783805107\n|switch|p2a: Corviknight|Corviknight, M|82/100\n|-ability|p2a: Corviknight|Pressure\n|turn|17\n|\n|t:|1783805114\n|move|p2a: Corviknight|Body Press|p1a: Slou\n|-damage|p1a: Slou|47/100\n|move|p1a: Slou|Waterfall|p2a: Corviknight\n|-damage|p2a: Corviknight|56/100\n|\n|-heal|p2a: Corviknight|63/100|[from] item: Leftovers\n|-heal|p1a: Slou|53/100|[from] item: Leftovers\n|upkeep\n|turn|18\n|\n|t:|1783805122\n|move|p2a: Corviknight|Roost|p2a: Corviknight\n|-heal|p2a: Corviknight|100/100\n|-singleturn|p2a: Corviknight|move: Roost\n|move|p1a: Slou|Ice Punch|p2a: Corviknight\n|-resisted|p2a: Corviknight\n|-damage|p2a: Corviknight|92/100\n|\n|-heal|p2a: Corviknight|99/100|[from] item: Leftovers\n|-heal|p1a: Slou|59/100|[from] item: Leftovers\n|upkeep\n|turn|19\n|\n|t:|1783805129\n|move|p2a: Corviknight|Body Press|p1a: Slou\n|-damage|p1a: Slou|33/100\n|move|p1a: Slou|Ice Punch|p2a: Corviknight\n|-damage|p2a: Corviknight|83/100\n|\n|-heal|p2a: Corviknight|89/100|[from] item: Leftovers\n|-heal|p1a: Slou|39/100|[from] item: Leftovers\n|upkeep\n|turn|20\n|inactive|LoscarGD has 120 seconds left.\n|\n|t:|1783805139\n|move|p2a: Corviknight|Body Press|p1a: Slou\n|-damage|p1a: Slou|15/100\n|move|p1a: Slou|Waterfall|p2a: Corviknight\n|-crit|p2a: Corviknight\n|-damage|p2a: Corviknight|30/100\n|\n|-heal|p2a: Corviknight|37/100|[from] item: Leftovers\n|-heal|p1a: Slou|21/100|[from] item: Leftovers\n|upkeep\n|turn|21\n|\n|t:|1783805142\n|move|p2a: Corviknight|Body Press|p1a: Slou\n|-damage|p1a: Slou|0 fnt\n|faint|p1a: Slou\n|\n|-heal|p2a: Corviknight|43/100|[from] item: Leftovers\n|upkeep\n|\n|t:|1783805150\n|switch|p1a: Angat|Blaziken, M|100/100\n|-damage|p1a: Angat|88/100|[from] Stealth Rock\n|turn|22\n|\n|t:|1783805153\n|-terastallize|p2a: Corviknight|Fighting\n|move|p1a: Angat|Blaze Kick|p2a: Corviknight\n|-crit|p2a: Corviknight\n|-damage|p2a: Corviknight|6/100\n|move|p2a: Corviknight|Body Press|p1a: Angat\n|-damage|p1a: Angat|25/100\n|\n|-heal|p2a: Corviknight|12/100|[from] item: Leftovers\n|-ability|p1a: Angat|Speed Boost|boost\n|-boost|p1a: Angat|spe|1\n|upkeep\n|turn|23\n|\n|t:|1783805160\n|move|p1a: Angat|Blaze Kick|p2a: Corviknight\n|-damage|p2a: Corviknight|0 fnt\n|faint|p2a: Corviknight\n|\n|-ability|p1a: Angat|Speed Boost|boost\n|-boost|p1a: Angat|spe|1\n|upkeep\n|\n|t:|1783805161\n|switch|p2a: Glimmora|Glimmora, M|22/100\n|turn|24\n|\n|t:|1783805165\n|move|p1a: Angat|Close Combat|p2a: Glimmora\n|-damage|p2a: Glimmora|0 fnt\n|-unboost|p1a: Angat|def|1\n|-unboost|p1a: Angat|spd|1\n|-activate|p2a: Glimmora|ability: Toxic Debris\n|-sidestart|p1: LoscarGD|move: Toxic Spikes\n|faint|p2a: Glimmora\n|\n|-ability|p1a: Angat|Speed Boost|boost\n|-boost|p1a: Angat|spe|1\n|upkeep\n|\n|t:|1783805165\n|switch|p2a: Clefable|Clefable, F|23/100\n|turn|25\n|\n|t:|1783805171\n|move|p1a: Angat|Blaze Kick|p2a: Clefable\n|-damage|p2a: Clefable|0 fnt\n|faint|p2a: Clefable\n|\n|win|LoscarGD\n|raw|LoscarGD's rating: 1143 &rarr; <strong>1171</strong><br />(+28 for winning)\n|raw|OUBotBeepBoop's rating: 1191 &rarr; <strong>1163</strong><br />(-28 for losing)\n|l|☆OUBotBeepBoop\n|player|p2|\n", "uploadtime": 1783805177, "views": 15, "formatid": "gen9ou", "rating": 1163, "private": 0, "password": null}