{"id": "gen9ou-2639211066", "format": "[Gen 9] OU", "players": ["Kanto's Finest", "Sharpergamer"], "log": "|j|☆Kanto's Finest\n|j|☆Sharpergamer\n|t:|1782434697\n|gametype|singles\n|player|p1|Kanto's Finest|red-masters|1219\n|player|p2|Sharpergamer|gentleman|1193\n|gen|9\n|tier|[Gen 9] OU\n|rated|\n|rule|HP Percentage Mod: HP is shown in percentages\n|rule|Endless Battle Clause: Forcing endless battles is banned\n|rule|Species Clause: Limit one of each Pokémon\n|rule|OHKO Clause: OHKO moves are banned\n|rule|Evasion Items Clause: Evasion items are banned\n|rule|Evasion Moves Clause: Evasion moves are banned\n|rule|Evasion Abilities Clause: Evasion abilities are banned\n|rule|Sleep Moves Clause: Sleep-inducing moves are banned\n|clearpoke\n|poke|p1|Dragonite, F|\n|poke|p1|Dugtrio, M|\n|poke|p1|Vaporeon, F|\n|poke|p1|Hitmonlee, M|\n|poke|p1|Clefable, F|\n|poke|p1|Weezing, M|\n|poke|p2|Clefable, M|\n|poke|p2|Vaporeon, F|\n|poke|p2|Kingambit, M|\n|poke|p2|Gengar, M|\n|poke|p2|Great Tusk|\n|poke|p2|Mamoswine, F|\n|teampreview\n|inactive|Battle timer is ON: inactive players will automatically lose when time's up. (requested by Kanto's Finest)\n|\n|t:|1782434707\n|teamsize|p1|6\n|teamsize|p2|6\n|start\n|switch|p1a: Vaporeon|Vaporeon, F|100/100\n|switch|p2a: Mamoswine|Mamoswine, F|100/100\n|turn|1\n|\n|t:|1782434712\n|move|p2a: Mamoswine|Earthquake|p1a: Vaporeon\n|-damage|p1a: Vaporeon|63/100\n|move|p1a: Vaporeon|Whirlpool|p2a: Mamoswine\n|-supereffective|p2a: Mamoswine\n|-damage|p2a: Mamoswine|70/100\n|-activate|p2a: Mamoswine|move: Whirlpool|[of] p1a: Vaporeon\n|\n|-damage|p2a: Mamoswine|58/100|[from] move: Whirlpool|[partiallytrapped]\n|upkeep\n|turn|2\n|\n|t:|1782434719\n|move|p2a: Mamoswine|Rock Blast|p1a: Vaporeon\n|-damage|p1a: Vaporeon|56/100\n|-damage|p1a: Vaporeon|48/100\n|-damage|p1a: Vaporeon|42/100\n|-damage|p1a: Vaporeon|35/100\n|-hitcount|p1a: Vaporeon|4\n|move|p1a: Vaporeon|Wish|p1a: Vaporeon\n|\n|-damage|p2a: Mamoswine|45/100|[from] move: Whirlpool|[partiallytrapped]\n|upkeep\n|turn|3\n|\n|t:|1782434727\n|move|p1a: Vaporeon|Protect|p1a: Vaporeon\n|-singleturn|p1a: Vaporeon|Protect\n|move|p2a: Mamoswine|Earthquake|p1a: Vaporeon\n|-activate|p1a: Vaporeon|move: Protect\n|\n|-heal|p1a: Vaporeon|85/100|[from] move: Wish|[wisher] Vaporeon\n|-damage|p2a: Mamoswine|33/100|[from] move: Whirlpool|[partiallytrapped]\n|upkeep\n|turn|4\n|\n|t:|1782434735\n|move|p2a: Mamoswine|Earthquake|p1a: Vaporeon\n|-damage|p1a: Vaporeon|42/100\n|move|p1a: Vaporeon|Wish|p1a: Vaporeon\n|\n|-damage|p2a: Mamoswine|20/100|[from] move: Whirlpool|[partiallytrapped]\n|upkeep\n|turn|5\n|\n|t:|1782434743\n|move|p1a: Vaporeon|Protect|p1a: Vaporeon\n|-singleturn|p1a: Vaporeon|Protect\n|move|p2a: Mamoswine|Earthquake|p1a: Vaporeon\n|-activate|p1a: Vaporeon|move: Protect\n|\n|-heal|p1a: Vaporeon|92/100|[from] move: Wish|[wisher] Vaporeon\n|-end|p2a: Mamoswine|Whirlpool|[partiallytrapped]\n|upkeep\n|turn|6\n|\n|t:|1782434755\n|switch|p2a: Gengar|Gengar, M|100/100\n|move|p1a: Vaporeon|Whirlpool|p2a: Gengar\n|-damage|p2a: Gengar|77/100\n|-activate|p2a: Gengar|move: Whirlpool|[of] p1a: Vaporeon\n|\n|-damage|p2a: Gengar|65/100|[from] move: Whirlpool|[partiallytrapped]\n|upkeep\n|turn|7\n|\n|t:|1782434762\n|-terastallize|p2a: Gengar|Stellar\n|move|p2a: Gengar|Thunderbolt|p1a: Vaporeon\n|-supereffective|p1a: Vaporeon\n|-damage|p1a: Vaporeon|36/100\n|move|p1a: Vaporeon|Copycat|p1a: Vaporeon\n|move|p1a: Vaporeon|Thunderbolt|p2a: Gengar|[from] move: Copycat\n|-damage|p2a: Gengar|30/100\n|-start|p1a: Vaporeon|Disable|Copycat|[from] ability: Cursed Body|[of] p2a: Gengar\n|\n|-damage|p2a: Gengar|18/100|[from] move: Whirlpool|[partiallytrapped]\n|upkeep\n|turn|8\n|\n|t:|1782434773\n|move|p1a: Vaporeon|Protect|p1a: Vaporeon\n|-singleturn|p1a: Vaporeon|Protect\n|move|p2a: Gengar|Thunderbolt|p1a: Vaporeon\n|-activate|p1a: Vaporeon|move: Protect\n|\n|-damage|p2a: Gengar|6/100|[from] move: Whirlpool|[partiallytrapped]\n|upkeep\n|turn|9\n|\n|t:|1782434781\n|switch|p1a: Dugtrio|Dugtrio, M|100/100\n|move|p2a: Gengar|Thunderbolt|p1a: Dugtrio\n|-immune|p1a: Dugtrio\n|\n|-end|p2a: Gengar|Whirlpool|[partiallytrapped]|[silent]\n|upkeep\n|turn|10\n|\n|t:|1782434787\n|switch|p2a: Mamoswine|Mamoswine, F|20/100\n|move|p1a: Dugtrio|Earthquake|p2a: Mamoswine\n|-damage|p2a: Mamoswine|0 fnt\n|faint|p2a: Mamoswine\n|\n|upkeep\n|\n|t:|1782434796\n|switch|p2a: Vaporeon|Vaporeon, F|100/100\n|turn|11\n|\n|t:|1782434799\n|move|p1a: Dugtrio|Stealth Rock|p2a: Vaporeon\n|-sidestart|p2: Sharpergamer|move: Stealth Rock\n|move|p2a: Vaporeon|Calm Mind|p2a: Vaporeon\n|-boost|p2a: Vaporeon|spa|1\n|-boost|p2a: Vaporeon|spd|1\n|\n|upkeep\n|turn|12\n|\n|t:|1782434804\n|switch|p1a: Vaporeon|Vaporeon, F|36/100\n|move|p2a: Vaporeon|Calm Mind|p2a: Vaporeon\n|-boost|p2a: Vaporeon|spa|1\n|-boost|p2a: Vaporeon|spd|1\n|\n|upkeep\n|turn|13\n|\n|t:|1782434810\n|move|p2a: Vaporeon|Shadow Ball|p1a: Vaporeon\n|-damage|p1a: Vaporeon|3/100\n|move|p1a: Vaporeon|Copycat|p1a: Vaporeon\n|move|p1a: Vaporeon|Shadow Ball|p2a: Vaporeon|[from] move: Copycat\n|-damage|p2a: Vaporeon|93/100\n|\n|-heal|p2a: Vaporeon|99/100|[from] item: Leftovers\n|upkeep\n|turn|14\n|\n|t:|1782434818\n|move|p2a: Vaporeon|Calm Mind|p2a: Vaporeon\n|-boost|p2a: Vaporeon|spa|1\n|-boost|p2a: Vaporeon|spd|1\n|move|p1a: Vaporeon|Wish|p1a: Vaporeon\n|\n|-heal|p2a: Vaporeon|100/100|[from] item: Leftovers\n|upkeep\n|turn|15\n|\n|t:|1782434828\n|move|p1a: Vaporeon|Protect|p1a: Vaporeon\n|-singleturn|p1a: Vaporeon|Protect\n|move|p2a: Vaporeon|Calm Mind|p2a: Vaporeon\n|-boost|p2a: Vaporeon|spa|1\n|-boost|p2a: Vaporeon|spd|1\n|\n|-heal|p1a: Vaporeon|53/100|[from] move: Wish|[wisher] Vaporeon\n|upkeep\n|turn|16\n|\n|t:|1782434835\n|switch|p1a: Dugtrio|Dugtrio, M|100/100\n|move|p2a: Vaporeon|Shadow Ball|p1a: Dugtrio\n|-enditem|p1a: Dugtrio|Focus Sash\n|-damage|p1a: Dugtrio|1/100\n|\n|upkeep\n|turn|17\n|\n|t:|1782434841\n|move|p1a: Dugtrio|Endeavor|p2a: Vaporeon\n|-damage|p2a: Vaporeon|1/100\n|move|p2a: Vaporeon|Scald|p1a: Dugtrio\n|-supereffective|p1a: Dugtrio\n|-damage|p1a: Dugtrio|0 fnt\n|faint|p1a: Dugtrio\n|\n|-heal|p2a: Vaporeon|7/100|[from] item: Leftovers\n|upkeep\n|\n|t:|1782434849\n|switch|p1a: Dragonite|Dragonite, F|100/100\n|turn|18\n|\n|t:|1782434851\n|move|p2a: Vaporeon|Detect|p2a: Vaporeon\n|-singleturn|p2a: Vaporeon|Protect\n|move|p1a: Dragonite|Scale Shot|p2a: Vaporeon\n|-activate|p2a: Vaporeon|move: Protect\n|\n|-heal|p2a: Vaporeon|13/100|[from] item: Leftovers\n|upkeep\n|turn|19\n|\n|t:|1782434859\n|move|p1a: Dragonite|Encore|p2a: Vaporeon\n|-start|p2a: Vaporeon|Encore\n|move|p2a: Vaporeon|Detect||[still]\n|-fail|p2a: Vaporeon\n|\n|-heal|p2a: Vaporeon|19/100|[from] item: Leftovers\n|upkeep\n|turn|20\n|\n|t:|1782434864\n|move|p2a: Vaporeon|Detect|p2a: Vaporeon\n|-singleturn|p2a: Vaporeon|Protect\n|move|p1a: Dragonite|Dragon Dance|p1a: Dragonite\n|-boost|p1a: Dragonite|atk|1\n|-boost|p1a: Dragonite|spe|1\n|\n|-heal|p2a: Vaporeon|26/100|[from] item: Leftovers\n|upkeep\n|turn|21\n|c|☆Sharpergamer|WOW YOU ARE A C\n|\n|t:|1782434876\n|move|p2a: Vaporeon|Detect|p2a: Vaporeon\n|-singleturn|p2a: Vaporeon|Protect\n|move|p1a: Dragonite|Dragon Dance|p1a: Dragonite\n|-boost|p1a: Dragonite|atk|1\n|-boost|p1a: Dragonite|spe|1\n|\n|-heal|p2a: Vaporeon|32/100|[from] item: Leftovers\n|-end|p2a: Vaporeon|Encore\n|upkeep\n|turn|22\n|\n|t:|1782434884\n|move|p1a: Dragonite|Scale Shot|p2a: Vaporeon\n|-damage|p2a: Vaporeon|2/100\n|-damage|p2a: Vaporeon|0 fnt\n|faint|p2a: Vaporeon\n|-hitcount|p2: Vaporeon|2\n|-unboost|p1a: Dragonite|def|1\n|-boost|p1a: Dragonite|spe|1\n|\n|upkeep\n|\n|t:|1782434891\n|switch|p2a: Gengar|Gengar, M, tera:Stellar|6/100\n|-damage|p2a: Gengar|0 fnt|[from] Stealth Rock\n|faint|p2a: Gengar\n|\n|t:|1782434895\n|switch|p2a: Great Tusk|Great Tusk|100/100\n|-damage|p2a: Great Tusk|97/100|[from] Stealth Rock\n|-enditem|p2a: Great Tusk|Booster Energy\n|-activate|p2a: Great Tusk|ability: Protosynthesis|[fromitem]\n|-start|p2a: Great Tusk|protosynthesisatk\n|turn|23\n|\n|t:|1782434901\n|move|p1a: Dragonite|Scale Shot|p2a: Great Tusk\n|-damage|p2a: Great Tusk|76/100\n|-damage|p2a: Great Tusk|57/100\n|-damage|p2a: Great Tusk|36/100\n|-damage|p2a: Great Tusk|17/100\n|-damage|p2a: Great Tusk|0 fnt\n|faint|p2a: Great Tusk\n|-end|p2a: Great Tusk|Protosynthesis|[silent]\n|-hitcount|p2: Great Tusk|5\n|-unboost|p1a: Dragonite|def|1\n|-boost|p1a: Dragonite|spe|1\n|\n|upkeep\n|\n|t:|1782434911\n|switch|p2a: Clefable|Clefable, M|100/100\n|-damage|p2a: Clefable|88/100|[from] Stealth Rock\n|turn|24\n|c|☆Kanto's Finest|Yiss\n|\n|t:|1782434920\n|-terastallize|p1a: Dragonite|Fire\n|move|p1a: Dragonite|Fire Punch|p2a: Clefable\n|-damage|p2a: Clefable|45/100\n|move|p2a: Clefable|Moonblast|p1a: Dragonite\n|-resisted|p1a: Dragonite\n|-damage|p1a: Dragonite|92/100\n|\n|upkeep\n|turn|25\n|n|!Sharpergamer|sharpergamer\n|c|☆Kanto's Finest|Yield to my gaping C\n|inactive|Sharpergamer has 120 seconds left.\n|inactive|Sharpergamer has 90 seconds left.\n|inactive|Sharpergamer has 60 seconds left.\n|inactive|Sharpergamer has 30 seconds left.\n|inactive|Sharpergamer has 20 seconds left.\n|\n|t:|1782435055\n|move|p1a: Dragonite|Fire Punch|p2a: Clefable\n|-damage|p2a: Clefable|1/100\n|move|p2a: Clefable|Moonlight|p2a: Clefable\n|-heal|p2a: Clefable|51/100\n|\n|upkeep\n|turn|26\n|inactive|Sharpergamer has 30 seconds left this turn.\n|\n|t:|1782435072\n|move|p1a: Dragonite|Encore|p2a: Clefable\n|-start|p2a: Clefable|Encore\n|move|p2a: Clefable|Moonlight|p2a: Clefable\n|-heal|p2a: Clefable|100/100\n|\n|upkeep\n|turn|27\n|inactive|Sharpergamer has 30 seconds left.\n|\n|t:|1782435078\n|move|p1a: Dragonite|Dragon Dance|p1a: Dragonite\n|-boost|p1a: Dragonite|atk|1\n|-boost|p1a: Dragonite|spe|1\n|-enditem|p2a: Clefable|Mirror Herb\n|-boost|p2a: Clefable|atk|1|[from] item: Mirror Herb\n|-boost|p2a: Clefable|spe|1|[from] item: Mirror Herb\n|move|p2a: Clefable|Moonlight|p2a: Clefable\n|-fail|p2a: Clefable|heal\n|\n|upkeep\n|turn|28\n|\n|t:|1782435086\n|move|p1a: Dragonite|Fire Punch|p2a: Clefable\n|-damage|p2a: Clefable|52/100\n|move|p2a: Clefable|Moonlight|p2a: Clefable\n|-heal|p2a: Clefable|100/100\n|\n|-end|p2a: Clefable|Encore\n|upkeep\n|turn|29\n|\n|t:|1782435095\n|move|p1a: Dragonite|Encore|p2a: Clefable\n|-start|p2a: Clefable|Encore\n|move|p2a: Clefable|Moonlight|p2a: Clefable\n|-fail|p2a: Clefable|heal\n|\n|upkeep\n|turn|30\n|\n|t:|1782435113\n|move|p1a: Dragonite|Fire Punch|p2a: Clefable\n|-damage|p2a: Clefable|54/100\n|move|p2a: Clefable|Moonlight|p2a: Clefable\n|-heal|p2a: Clefable|100/100\n|\n|upkeep\n|turn|31\n|inactive|Sharpergamer has 30 seconds left.\n|inactive|Sharpergamer has 20 seconds left.\n|\n|t:|1782435150\n|move|p1a: Dragonite|Fire Punch|p2a: Clefable\n|-damage|p2a: Clefable|54/100\n|move|p2a: Clefable|Moonlight|p2a: Clefable\n|-heal|p2a: Clefable|100/100\n|\n|-end|p2a: Clefable|Encore\n|upkeep\n|turn|32\n|inactive|Sharpergamer has 30 seconds left this turn.\n|\n|t:|1782435157\n|move|p1a: Dragonite|Encore|p2a: Clefable\n|-start|p2a: Clefable|Encore\n|move|p2a: Clefable|Moonlight|p2a: Clefable\n|-fail|p2a: Clefable|heal\n|\n|-end|p2a: Clefable|Encore\n|upkeep\n|turn|33\n|inactive|Sharpergamer has 30 seconds left.\n|\n|t:|1782435163\n|move|p1a: Dragonite|Fire Punch|p2a: Clefable\n|-damage|p2a: Clefable|53/100\n|move|p2a: Clefable|Moonblast|p1a: Dragonite\n|-resisted|p1a: Dragonite\n|-damage|p1a: Dragonite|73/100\n|-unboost|p1a: Dragonite|spa|1\n|\n|upkeep\n|turn|34\n|\n|t:|1782435171\n|move|p1a: Dragonite|Fire Punch|p2a: Clefable\n|-damage|p2a: Clefable|12/100\n|move|p2a: Clefable|Moonblast|p1a: Dragonite\n|-resisted|p1a: Dragonite\n|-damage|p1a: Dragonite|54/100\n|-unboost|p1a: Dragonite|spa|1\n|\n|upkeep\n|turn|35\n|\n|t:|1782435179\n|move|p1a: Dragonite|Fire Punch|p2a: Clefable\n|-damage|p2a: Clefable|0 fnt\n|faint|p2a: Clefable\n|\n|upkeep\n|\n|t:|1782435187\n|switch|p2a: Kingambit|Kingambit, M|100/100\n|-damage|p2a: Kingambit|94/100|[from] Stealth Rock\n|-activate|p2a: Kingambit|ability: Supreme Overlord\n|-start|p2a: Kingambit|fallen5|[silent]\n|turn|36\n|\n|t:|1782435194\n|move|p1a: Dragonite|Fire Punch|p2a: Kingambit\n|-supereffective|p2a: Kingambit\n|-damage|p2a: Kingambit|0 fnt\n|faint|p2a: Kingambit\n|-end|p2a: Kingambit|fallen5|[silent]\n|\n|win|Kanto's Finest\n|raw|Kanto&apos;s Finest's rating: 1219 &rarr; <strong>1242</strong><br />(+23 for winning)\n|raw|Sharpergamer's rating: 1193 &rarr; <strong>1170</strong><br />(-23 for losing)\n|l|!Sharpergamer\n|player|p2|\n|l|☆Kanto's Finest\n|player|p1|\n|j|☆Kanto's Finest\n|player|p1|Kanto's Finest|red-masters|\n|l|☆Kanto's Finest\n|player|p1|\n", "uploadtime": 1782434929, "views": 3, "formatid": "gen9ou", "rating": 1170, "private": 0, "password": null}