{"id": "gen9ou-2647836807", "format": "[Gen 9] OU", "players": ["seaean", "sky full of dubs"], "log": "|j|☆seaean\n|j|☆sky full of dubs\n|t:|1783821286\n|gametype|singles\n|player|p1|seaean|blue|1354\n|player|p2|sky full of dubs|iris-gen5bw2|1288\n|gen|9\n|tier|[Gen 9] OU\n|rated|\n|rule|HP Percentage Mod: HP is shown in percentages\n|rule|Endless Battle Clause: Forcing endless battles is banned\n|rule|Species Clause: Limit one of each Pokémon\n|rule|OHKO Clause: OHKO moves are banned\n|rule|Evasion Items Clause: Evasion items are banned\n|rule|Evasion Moves Clause: Evasion moves are banned\n|rule|Evasion Abilities Clause: Evasion abilities are banned\n|rule|Sleep Moves Clause: Sleep-inducing moves are banned\n|clearpoke\n|poke|p1|Landorus-Therian, M|\n|poke|p1|Zamazenta-*|\n|poke|p1|Raging Bolt|\n|poke|p1|Darkrai|\n|poke|p1|Gholdengo|\n|poke|p1|Dragonite, M|\n|poke|p2|Pelipper, F|\n|poke|p2|Beartic, F|\n|poke|p2|Barraskewda, F|\n|poke|p2|Ogerpon-Wellspring, F|\n|poke|p2|Zapdos|\n|poke|p2|Hatterene, F|\n|teampreview\n|inactive|Battle timer is ON: inactive players will automatically lose when time's up. (requested by seaean)\n|\n|t:|1783821306\n|teamsize|p1|6\n|teamsize|p2|6\n|start\n|switch|p1a: Raging Bolt|Raging Bolt|100/100\n|switch|p2a: Pelipper|Pelipper, F|100/100\n|-weather|RainDance|[from] ability: Drizzle|[of] p2a: Pelipper\n|-enditem|p1a: Raging Bolt|Booster Energy\n|-activate|p1a: Raging Bolt|ability: Protosynthesis|[fromitem]\n|-start|p1a: Raging Bolt|protosynthesisspa\n|turn|1\n|\n|t:|1783821329\n|switch|p2a: Hatterene|Hatterene, F|100/100\n|move|p1a: Raging Bolt|Thunderbolt|p2a: Hatterene\n|-damage|p2a: Hatterene|32/100\n|-enditem|p2a: Hatterene|Eject Button\n|\n|t:|1783821339\n|switch|p2a: Beartic|Beartic, F|100/100\n|\n|-weather|RainDance|[upkeep]\n|upkeep\n|turn|2\n|\n|t:|1783821345\n|-end|p1a: Raging Bolt|Protosynthesis|[silent]\n|switch|p1a: Zamazenta|Zamazenta|100/100\n|-ability|p1a: Zamazenta|Dauntless Shield|boost\n|-boost|p1a: Zamazenta|def|1\n|move|p2a: Beartic|Icicle Spear|p1a: Zamazenta\n|-damage|p1a: Zamazenta|94/100\n|-damage|p1a: Zamazenta|87/100\n|-damage|p1a: Zamazenta|81/100\n|-damage|p1a: Zamazenta|74/100\n|-damage|p1a: Zamazenta|68/100\n|-hitcount|p1a: Zamazenta|5\n|\n|-weather|RainDance|[upkeep]\n|-heal|p1a: Zamazenta|74/100|[from] item: Leftovers\n|upkeep\n|turn|3\n|\n|t:|1783821351\n|switch|p2a: Zapdos|Zapdos|100/100\n|move|p1a: Zamazenta|Roar|p2a: Zapdos\n|drag|p2a: Ogerpon|Ogerpon-Wellspring, F|100/100\n|\n|-weather|RainDance|[upkeep]\n|-heal|p1a: Zamazenta|80/100|[from] item: Leftovers\n|upkeep\n|turn|4\n|\n|t:|1783821359\n|move|p1a: Zamazenta|Iron Defense|p1a: Zamazenta\n|-boost|p1a: Zamazenta|def|2\n|move|p2a: Ogerpon|Encore|p1a: Zamazenta\n|-start|p1a: Zamazenta|Encore\n|\n|-weather|RainDance|[upkeep]\n|-heal|p1a: Zamazenta|86/100|[from] item: Leftovers\n|upkeep\n|turn|5\n|\n|t:|1783821363\n|switch|p1a: Raging Bolt|Raging Bolt|100/100\n|switch|p2a: Hatterene|Hatterene, F|32/100\n|\n|-weather|RainDance|[upkeep]\n|upkeep\n|turn|6\n|\n|t:|1783821366\n|move|p1a: Raging Bolt|Thunderbolt|p2a: Hatterene\n|-damage|p2a: Hatterene|0 fnt\n|faint|p2a: Hatterene\n|\n|-weather|RainDance|[upkeep]\n|upkeep\n|inactive|sky full of dubs has 120 seconds left.\n|\n|t:|1783821405\n|switch|p2a: Beartic|Beartic, F|100/100\n|turn|7\n|\n|t:|1783821412\n|-end|p1a: Raging Bolt|Protosynthesis|[silent]\n|switch|p1a: Gholdengo|Gholdengo|100/100\n|-item|p1a: Gholdengo|Air Balloon\n|move|p2a: Beartic|Icicle Spear|p1a: Gholdengo\n|-resisted|p1a: Gholdengo\n|-damage|p1a: Gholdengo|96/100\n|-enditem|p1a: Gholdengo|Air Balloon\n|-resisted|p1a: Gholdengo\n|-damage|p1a: Gholdengo|92/100\n|-resisted|p1a: Gholdengo\n|-damage|p1a: Gholdengo|87/100\n|-resisted|p1a: Gholdengo\n|-damage|p1a: Gholdengo|82/100\n|-resisted|p1a: Gholdengo\n|-damage|p1a: Gholdengo|77/100\n|-hitcount|p1a: Gholdengo|5\n|\n|-weather|RainDance|[upkeep]\n|upkeep\n|turn|8\n|\n|t:|1783821418\n|switch|p2a: Barraskewda|Barraskewda, F|100/100\n|move|p1a: Gholdengo|Hex|p2a: Barraskewda\n|-crit|p2a: Barraskewda\n|-damage|p2a: Barraskewda|5/100\n|\n|-weather|none\n|upkeep\n|turn|9\n|\n|t:|1783821423\n|switch|p1a: Landorus|Landorus-Therian, M|100/100\n|-ability|p1a: Landorus|Intimidate|boost\n|-unboost|p2a: Barraskewda|atk|1\n|move|p2a: Barraskewda|Liquidation|p1a: Landorus\n|-supereffective|p1a: Landorus\n|-crit|p1a: Landorus\n|-damage|p1a: Landorus|0 fnt\n|-damage|p2a: Barraskewda|0 fnt|[from] item: Rocky Helmet|[of] p1a: Landorus\n|faint|p1a: Landorus\n|faint|p2a: Barraskewda\n|\n|upkeep\n|\n|t:|1783821430\n|switch|p2a: Pelipper|Pelipper, F|100/100\n|switch|p1a: Darkrai|Darkrai|100/100\n|-weather|RainDance|[from] ability: Drizzle|[of] p2a: Pelipper\n|turn|10\n|\n|t:|1783821451\n|switch|p2a: Zapdos|Zapdos|100/100\n|move|p1a: Darkrai|Dark Pulse|p2a: Zapdos\n|-damage|p2a: Zapdos|70/100\n|\n|-weather|RainDance|[upkeep]\n|upkeep\n|turn|11\n|\n|t:|1783821457\n|switch|p1a: Gholdengo|Gholdengo|77/100\n|move|p2a: Zapdos|Volt Switch|p1a: Gholdengo\n|-damage|p1a: Gholdengo|45/100\n|\n|t:|1783821460\n|switch|p2a: Beartic|Beartic, F|100/100|[from] Volt Switch\n|\n|-weather|RainDance|[upkeep]\n|upkeep\n|turn|12\n|\n|t:|1783821463\n|move|p2a: Beartic|Earthquake|p1a: Gholdengo\n|-supereffective|p1a: Gholdengo\n|-damage|p1a: Gholdengo|0 fnt\n|faint|p1a: Gholdengo\n|\n|-weather|RainDance|[upkeep]\n|upkeep\n|\n|t:|1783821466\n|switch|p1a: Zamazenta|Zamazenta|86/100\n|turn|13\n|\n|t:|1783821484\n|switch|p2a: Pelipper|Pelipper, F|100/100\n|switch|p1a: Raging Bolt|Raging Bolt|100/100\n|\n|-weather|RainDance|[upkeep]\n|upkeep\n|turn|14\n|\n|t:|1783821487\n|switch|p2a: Zapdos|Zapdos|70/100\n|move|p1a: Raging Bolt|Thunderbolt|p2a: Zapdos\n|-damage|p2a: Zapdos|27/100\n|\n|-weather|RainDance|[upkeep]\n|upkeep\n|turn|15\n|\n|t:|1783821495\n|switch|p2a: Beartic|Beartic, F|100/100\n|move|p1a: Raging Bolt|Thunderbolt|p2a: Beartic\n|-damage|p2a: Beartic|31/100\n|\n|-weather|RainDance|[upkeep]\n|upkeep\n|turn|16\n|\n|t:|1783821498\n|-terastallize|p2a: Beartic|Ground\n|move|p1a: Raging Bolt|Thunderclap||[still]\n|-fail|p1a: Raging Bolt\n|move|p2a: Beartic|Swords Dance|p2a: Beartic\n|-boost|p2a: Beartic|atk|2\n|\n|-weather|RainDance|[upkeep]\n|upkeep\n|turn|17\n|\n|t:|1783821518\n|-end|p1a: Raging Bolt|Protosynthesis|[silent]\n|switch|p1a: Zamazenta|Zamazenta|86/100\n|move|p2a: Beartic|Icicle Spear|p1a: Zamazenta\n|-damage|p1a: Zamazenta|66/100\n|-damage|p1a: Zamazenta|47/100\n|-damage|p1a: Zamazenta|29/100\n|-damage|p1a: Zamazenta|10/100\n|-damage|p1a: Zamazenta|0 fnt\n|faint|p1a: Zamazenta\n|-hitcount|p1: Zamazenta|5\n|\n|-weather|none\n|upkeep\n|\n|t:|1783821519\n|switch|p1a: Dragonite|Dragonite, M|100/100\n|turn|18\n|\n|t:|1783821524\n|switch|p2a: Pelipper|Pelipper, F|100/100\n|-weather|RainDance|[from] ability: Drizzle|[of] p2a: Pelipper\n|-terastallize|p1a: Dragonite|Normal\n|move|p1a: Dragonite|Extreme Speed|p2a: Pelipper\n|-damage|p2a: Pelipper|67/100\n|\n|-weather|RainDance|[upkeep]\n|upkeep\n|turn|19\n|\n|t:|1783821528\n|move|p1a: Dragonite|Dragon Dance|p1a: Dragonite\n|-boost|p1a: Dragonite|atk|1\n|-boost|p1a: Dragonite|spe|1\n|move|p2a: Pelipper|U-turn|p1a: Dragonite\n|-damage|p1a: Dragonite|96/100\n|\n|t:|1783821535\n|switch|p2a: Ogerpon|Ogerpon-Wellspring, F|100/100|[from] U-turn\n|\n|-weather|RainDance|[upkeep]\n|upkeep\n|turn|20\n|\n|t:|1783821538\n|move|p1a: Dragonite|Extreme Speed|p2a: Ogerpon\n|-damage|p2a: Ogerpon|14/100\n|move|p2a: Ogerpon|Encore|p1a: Dragonite\n|-start|p1a: Dragonite|Encore\n|\n|-weather|RainDance|[upkeep]\n|upkeep\n|turn|21\n|\n|t:|1783821543\n|switch|p2a: Zapdos|Zapdos|27/100\n|move|p1a: Dragonite|Extreme Speed|p2a: Zapdos\n|-damage|p2a: Zapdos|0 fnt\n|faint|p2a: Zapdos\n|\n|-weather|RainDance|[upkeep]\n|upkeep\n|-message|sky full of dubs forfeited.\n|\n|win|seaean\n|raw|seaean's rating: 1354 &rarr; <strong>1370</strong><br />(+16 for winning)\n|raw|sky full of dubs's rating: 1288 &rarr; <strong>1268</strong><br />(-20 for losing)\n|l|☆sky full of dubs\n|player|p2|\n|l|☆seaean\n|player|p1|\n", "uploadtime": 1783821936, "views": 2, "formatid": "gen9ou", "rating": 1268, "private": 0, "password": null}