{"id": "gen9ou-2647726922", "format": "[Gen 9] OU", "players": ["DekuFoulerLab", "jkreyes1"], "log": "|j|☆DekuFoulerLab\n|j|☆jkreyes1\n|t:|1783802429\n|gametype|singles\n|player|p1|DekuFoulerLab|169|1354\n|player|p2|jkreyes1|volkner|1410\n|gen|9\n|tier|[Gen 9] OU\n|rated|\n|rule|HP Percentage Mod: HP is shown in percentages\n|rule|Endless Battle Clause: Forcing endless battles is banned\n|rule|Species Clause: Limit one of each Pokémon\n|rule|OHKO Clause: OHKO moves are banned\n|rule|Evasion Items Clause: Evasion items are banned\n|rule|Evasion Moves Clause: Evasion moves are banned\n|rule|Evasion Abilities Clause: Evasion abilities are banned\n|rule|Sleep Moves Clause: Sleep-inducing moves are banned\n|clearpoke\n|poke|p1|Corviknight, M|\n|poke|p1|Ting-Lu|\n|poke|p1|Kyurem|\n|poke|p1|Dondozo, F|\n|poke|p1|Slowking-Galar, M|\n|poke|p1|Cinderace, M|\n|poke|p2|Gastrodon-East, M|\n|poke|p2|Hippowdon, F|\n|poke|p2|Landorus-Therian, M|\n|poke|p2|Tyranitar, M|\n|poke|p2|Zapdos|\n|poke|p2|Excadrill, M|\n|teampreview\n|inactive|Battle timer is ON: inactive players will automatically lose when time's up. (requested by DekuFoulerLab)\n|inactive|jkreyes1 has 120 seconds left.\n|\n|t:|1783802469\n|teamsize|p1|6\n|teamsize|p2|6\n|start\n|switch|p1a: Kyurem|Kyurem|100/100\n|switch|p2a: Landorus|Landorus-Therian, M, shiny|100/100\n|-ability|p2a: Landorus|Intimidate|boost\n|-unboost|p1a: Kyurem|atk|1\n|-ability|p1a: Kyurem|Pressure\n|turn|1\n|\n|t:|1783802480\n|move|p2a: Landorus|U-turn|p1a: Kyurem\n|-damage|p1a: Kyurem|72/100\n|\n|t:|1783802482\n|switch|p2a: Tyranitar|Tyranitar, M, shiny|100/100|[from] U-turn\n|-weather|Sandstorm|[from] ability: Sand Stream|[of] p2a: Tyranitar\n|move|p1a: Kyurem|Freeze-Dry|p2a: Tyranitar\n|-damage|p2a: Tyranitar|81/100\n|\n|-weather|Sandstorm|[upkeep]\n|-damage|p1a: Kyurem|66/100|[from] Sandstorm\n|-heal|p1a: Kyurem|72/100|[from] item: Leftovers\n|upkeep\n|turn|2\n|\n|t:|1783802489\n|move|p1a: Kyurem|Protect|p1a: Kyurem\n|-singleturn|p1a: Kyurem|Protect\n|move|p2a: Tyranitar|Knock Off|p1a: Kyurem\n|-activate|p1a: Kyurem|move: Protect\n|\n|-weather|Sandstorm|[upkeep]\n|-damage|p1a: Kyurem|66/100|[from] Sandstorm\n|-heal|p1a: Kyurem|72/100|[from] item: Leftovers\n|upkeep\n|turn|3\n|inactive|jkreyes1 has 120 seconds left.\n|inactive|jkreyes1 has 90 seconds left.\n|\n|t:|1783802561\n|move|p1a: Kyurem|Freeze-Dry|p2a: Tyranitar\n|-damage|p2a: Tyranitar|62/100\n|move|p2a: Tyranitar|Knock Off|p1a: Kyurem\n|-damage|p1a: Kyurem|31/100\n|-enditem|p1a: Kyurem|Leftovers|[from] move: Knock Off|[of] p2a: Tyranitar\n|\n|-weather|Sandstorm|[upkeep]\n|-damage|p1a: Kyurem|25/100|[from] Sandstorm\n|upkeep\n|turn|4\n|\n|t:|1783802569\n|move|p1a: Kyurem|Freeze-Dry|p2a: Tyranitar\n|-damage|p2a: Tyranitar|43/100\n|move|p2a: Tyranitar|Knock Off|p1a: Kyurem\n|-damage|p1a: Kyurem|0 fnt\n|faint|p1a: Kyurem\n|\n|-weather|Sandstorm|[upkeep]\n|upkeep\n|\n|t:|1783802577\n|switch|p1a: Cinderace|Cinderace, M|100/100\n|turn|5\n|\n|t:|1783802584\n|switch|p2a: Gastrodon|Gastrodon-East, M, shiny|100/100\n|move|p1a: Cinderace|U-turn|p2a: Gastrodon\n|-damage|p2a: Gastrodon|81/100\n|\n|t:|1783802593\n|switch|p1a: Ting-Lu|Ting-Lu|100/100|[from] U-turn\n|-ability|p1a: Ting-Lu|Vessel of Ruin\n|\n|-weather|Sandstorm|[upkeep]\n|-heal|p2a: Gastrodon|88/100|[from] item: Leftovers\n|upkeep\n|turn|6\n|\n|t:|1783802599\n|move|p1a: Ting-Lu|Earthquake|p2a: Gastrodon\n|-damage|p2a: Gastrodon|50/100\n|move|p2a: Gastrodon|Ice Beam|p1a: Ting-Lu\n|-supereffective|p1a: Ting-Lu\n|-damage|p1a: Ting-Lu|85/100\n|\n|-weather|Sandstorm|[upkeep]\n|-heal|p1a: Ting-Lu|91/100|[from] item: Leftovers\n|-heal|p2a: Gastrodon|56/100|[from] item: Leftovers\n|upkeep\n|turn|7\n|\n|t:|1783802610\n|switch|p2a: Hippowdon|Hippowdon, F, shiny|100/100\n|move|p1a: Ting-Lu|Earthquake|p2a: Hippowdon\n|-damage|p2a: Hippowdon|80/100\n|\n|-weather|Sandstorm|[upkeep]\n|-heal|p1a: Ting-Lu|97/100|[from] item: Leftovers\n|upkeep\n|turn|8\n|inactive|jkreyes1 has 120 seconds left.\n|\n|t:|1783802618\n|move|p2a: Hippowdon|Stealth Rock|p1a: Ting-Lu\n|-sidestart|p1: DekuFoulerLab|move: Stealth Rock\n|move|p1a: Ting-Lu|Payback|p2a: Hippowdon\n|-crit|p2a: Hippowdon\n|-damage|p2a: Hippowdon|48/100\n|-damage|p1a: Ting-Lu|80/100|[from] item: Rocky Helmet|[of] p2a: Hippowdon\n|\n|-weather|none\n|-heal|p1a: Ting-Lu|87/100|[from] item: Leftovers\n|upkeep\n|turn|9\n|\n|t:|1783802625\n|move|p2a: Hippowdon|Slack Off|p2a: Hippowdon\n|-heal|p2a: Hippowdon|98/100\n|move|p1a: Ting-Lu|Earthquake|p2a: Hippowdon\n|-damage|p2a: Hippowdon|78/100\n|\n|-heal|p1a: Ting-Lu|93/100|[from] item: Leftovers\n|upkeep\n|turn|10\n|\n|t:|1783802632\n|move|p2a: Hippowdon|Earthquake|p1a: Ting-Lu\n|-damage|p1a: Ting-Lu|70/100\n|move|p1a: Ting-Lu|Earthquake|p2a: Hippowdon\n|-damage|p2a: Hippowdon|59/100\n|\n|-heal|p1a: Ting-Lu|76/100|[from] item: Leftovers\n|upkeep\n|turn|11\n|\n|t:|1783802640\n|move|p2a: Hippowdon|Earthquake|p1a: Ting-Lu\n|-damage|p1a: Ting-Lu|57/100\n|move|p1a: Ting-Lu|Earthquake|p2a: Hippowdon\n|-damage|p2a: Hippowdon|39/100\n|\n|-heal|p1a: Ting-Lu|63/100|[from] item: Leftovers\n|upkeep\n|turn|12\n|inactive|jkreyes1 has 120 seconds left.\n|\n|t:|1783802671\n|move|p2a: Hippowdon|Slack Off|p2a: Hippowdon\n|-heal|p2a: Hippowdon|89/100\n|move|p1a: Ting-Lu|Earthquake|p2a: Hippowdon\n|-damage|p2a: Hippowdon|70/100\n|\n|-heal|p1a: Ting-Lu|69/100|[from] item: Leftovers\n|upkeep\n|turn|13\n|\n|t:|1783802677\n|move|p2a: Hippowdon|Earthquake|p1a: Ting-Lu\n|-damage|p1a: Ting-Lu|48/100\n|move|p1a: Ting-Lu|Earthquake|p2a: Hippowdon\n|-damage|p2a: Hippowdon|49/100\n|\n|-heal|p1a: Ting-Lu|54/100|[from] item: Leftovers\n|upkeep\n|turn|14\n|\n|t:|1783802684\n|move|p2a: Hippowdon|Earthquake|p1a: Ting-Lu\n|-damage|p1a: Ting-Lu|34/100\n|move|p1a: Ting-Lu|Earthquake|p2a: Hippowdon\n|-damage|p2a: Hippowdon|29/100\n|\n|-heal|p1a: Ting-Lu|40/100|[from] item: Leftovers\n|upkeep\n|turn|15\n|\n|t:|1783802691\n|move|p2a: Hippowdon|Slack Off|p2a: Hippowdon\n|-heal|p2a: Hippowdon|79/100\n|move|p1a: Ting-Lu|Rest|p1a: Ting-Lu\n|-status|p1a: Ting-Lu|slp|[from] move: Rest\n|-heal|p1a: Ting-Lu|100/100 slp|[silent]\n|\n|upkeep\n|turn|16\n|\n|t:|1783802697\n|switch|p2a: Tyranitar|Tyranitar, M, shiny|43/100\n|-weather|Sandstorm|[from] ability: Sand Stream|[of] p2a: Tyranitar\n|cant|p1a: Ting-Lu|slp\n|move|p1a: Ting-Lu|Sleep Talk|p1a: Ting-Lu\n|move|p1a: Ting-Lu|Rest||[from] move: Sleep Talk|[still]\n|-fail|p1a: Ting-Lu\n|\n|-weather|Sandstorm|[upkeep]\n|upkeep\n|turn|17\n|\n|t:|1783802703\n|move|p2a: Tyranitar|Knock Off|p1a: Ting-Lu\n|-resisted|p1a: Ting-Lu\n|-damage|p1a: Ting-Lu|88/100 slp\n|-enditem|p1a: Ting-Lu|Leftovers|[from] move: Knock Off|[of] p2a: Tyranitar\n|cant|p1a: Ting-Lu|slp\n|move|p1a: Ting-Lu|Sleep Talk|p1a: Ting-Lu\n|move|p1a: Ting-Lu|Earthquake|p2a: Tyranitar|[from] move: Sleep Talk\n|-supereffective|p2a: Tyranitar\n|-damage|p2a: Tyranitar|0 fnt\n|faint|p2a: Tyranitar\n|\n|-weather|Sandstorm|[upkeep]\n|upkeep\n|\n|t:|1783802709\n|switch|p2a: Landorus|Landorus-Therian, M, shiny|100/100\n|-ability|p2a: Landorus|Intimidate|boost\n|-unboost|p1a: Ting-Lu|atk|1\n|turn|18\n|\n|t:|1783802715\n|switch|p1a: Corviknight|Corviknight, M|100/100\n|-damage|p1a: Corviknight|88/100|[from] Stealth Rock\n|-ability|p1a: Corviknight|Pressure\n|move|p2a: Landorus|U-turn|p1a: Corviknight\n|-resisted|p1a: Corviknight\n|-damage|p1a: Corviknight|84/100\n|-damage|p2a: Landorus|84/100|[from] item: Rocky Helmet|[of] p1a: Corviknight\n|\n|t:|1783802718\n|switch|p2a: Zapdos|Zapdos, shiny|100/100|[from] U-turn\n|\n|-weather|Sandstorm|[upkeep]\n|-damage|p2a: Zapdos|94/100|[from] Sandstorm\n|-heal|p2a: Zapdos|100/100|[from] item: Leftovers\n|upkeep\n|turn|19\n|\n|t:|1783802724\n|switch|p1a: Ting-Lu|Ting-Lu|88/100 slp\n|-damage|p1a: Ting-Lu|81/100 slp|[from] Stealth Rock\n|-ability|p1a: Ting-Lu|Vessel of Ruin\n|move|p2a: Zapdos|Hurricane|p1a: Ting-Lu|[miss]\n|-miss|p2a: Zapdos|p1a: Ting-Lu\n|\n|-weather|Sandstorm|[upkeep]\n|-damage|p2a: Zapdos|94/100|[from] Sandstorm\n|-heal|p2a: Zapdos|100/100|[from] item: Leftovers\n|upkeep\n|turn|20\n|\n|t:|1783802730\n|move|p2a: Zapdos|Hurricane|p1a: Ting-Lu|[miss]\n|-miss|p2a: Zapdos|p1a: Ting-Lu\n|-curestatus|p1a: Ting-Lu|slp|[msg]\n|move|p1a: Ting-Lu|Payback|p2a: Zapdos\n|-damage|p2a: Zapdos|65/100\n|\n|-weather|Sandstorm|[upkeep]\n|-damage|p2a: Zapdos|59/100|[from] Sandstorm\n|-heal|p2a: Zapdos|65/100|[from] item: Leftovers\n|upkeep\n|turn|21\n|\n|t:|1783802745\n|move|p2a: Zapdos|Hurricane|p1a: Ting-Lu\n|-damage|p1a: Ting-Lu|57/100\n|-start|p1a: Ting-Lu|confusion\n|-activate|p1a: Ting-Lu|confusion\n|move|p1a: Ting-Lu|Payback|p2a: Zapdos\n|-damage|p2a: Zapdos|26/100\n|\n|-weather|Sandstorm|[upkeep]\n|-damage|p2a: Zapdos|20/100|[from] Sandstorm\n|-heal|p2a: Zapdos|26/100|[from] item: Leftovers\n|upkeep\n|turn|22\n|\n|t:|1783802752\n|move|p2a: Zapdos|Roost|p2a: Zapdos\n|-heal|p2a: Zapdos|76/100\n|-singleturn|p2a: Zapdos|move: Roost\n|-activate|p1a: Ting-Lu|confusion\n|-damage|p1a: Ting-Lu|52/100|[from] confusion\n|\n|-weather|Sandstorm|[upkeep]\n|-damage|p2a: Zapdos|70/100|[from] Sandstorm\n|-heal|p2a: Zapdos|76/100|[from] item: Leftovers\n|upkeep\n|turn|23\n|\n|t:|1783802758\n|switch|p2a: Landorus|Landorus-Therian, M, shiny|84/100\n|-ability|p2a: Landorus|Intimidate|boost\n|-unboost|p1a: Ting-Lu|atk|1\n|-activate|p1a: Ting-Lu|confusion\n|move|p1a: Ting-Lu|Rest|p1a: Ting-Lu\n|-status|p1a: Ting-Lu|slp|[from] move: Rest\n|-heal|p1a: Ting-Lu|100/100 slp|[silent]\n|\n|-weather|none\n|upkeep\n|turn|24\n|\n|t:|1783802765\n|switch|p2a: Zapdos|Zapdos, shiny|76/100\n|switch|p1a: Corviknight|Corviknight, M|84/100\n|-damage|p1a: Corviknight|72/100|[from] Stealth Rock\n|-ability|p1a: Corviknight|Pressure\n|\n|-heal|p2a: Zapdos|82/100|[from] item: Leftovers\n|upkeep\n|turn|25\n|\n|t:|1783802771\n|switch|p1a: Ting-Lu|Ting-Lu|100/100 slp\n|-damage|p1a: Ting-Lu|94/100 slp|[from] Stealth Rock\n|-ability|p1a: Ting-Lu|Vessel of Ruin\n|move|p2a: Zapdos|Heat Wave|p1a: Ting-Lu\n|-damage|p1a: Ting-Lu|79/100 slp\n|\n|-heal|p2a: Zapdos|88/100|[from] item: Leftovers\n|upkeep\n|turn|26\n|\n|t:|1783802777\n|move|p2a: Zapdos|Hurricane|p1a: Ting-Lu\n|-damage|p1a: Ting-Lu|55/100 slp\n|-start|p1a: Ting-Lu|confusion\n|cant|p1a: Ting-Lu|slp\n|-activate|p1a: Ting-Lu|confusion\n|move|p1a: Ting-Lu|Sleep Talk|p1a: Ting-Lu\n|move|p1a: Ting-Lu|Rest||[from] move: Sleep Talk|[still]\n|-fail|p1a: Ting-Lu\n|\n|-heal|p2a: Zapdos|94/100|[from] item: Leftovers\n|upkeep\n|turn|27\n|\n|t:|1783802783\n|move|p2a: Zapdos|Hurricane|p1a: Ting-Lu|[miss]\n|-miss|p2a: Zapdos|p1a: Ting-Lu\n|cant|p1a: Ting-Lu|slp\n|-activate|p1a: Ting-Lu|confusion\n|move|p1a: Ting-Lu|Sleep Talk|p1a: Ting-Lu\n|move|p1a: Ting-Lu|Earthquake|p2a: Zapdos|[from] move: Sleep Talk\n|-immune|p2a: Zapdos\n|\n|-heal|p2a: Zapdos|99/100|[from] item: Leftovers\n|upkeep\n|turn|28\n|\n|t:|1783802789\n|move|p2a: Zapdos|Hurricane|p1a: Ting-Lu|[miss]\n|-miss|p2a: Zapdos|p1a: Ting-Lu\n|-curestatus|p1a: Ting-Lu|slp|[msg]\n|-end|p1a: Ting-Lu|confusion\n|move|p1a: Ting-Lu|Rest|p1a: Ting-Lu\n|-status|p1a: Ting-Lu|slp|[from] move: Rest\n|-heal|p1a: Ting-Lu|100/100 slp|[silent]\n|\n|-heal|p2a: Zapdos|100/100|[from] item: Leftovers\n|upkeep\n|turn|29\n|\n|t:|1783802795\n|move|p2a: Zapdos|Hurricane|p1a: Ting-Lu\n|-damage|p1a: Ting-Lu|74/100 slp\n|cant|p1a: Ting-Lu|slp\n|move|p1a: Ting-Lu|Sleep Talk|p1a: Ting-Lu\n|move|p1a: Ting-Lu|Payback|p2a: Zapdos|[from] move: Sleep Talk\n|-damage|p2a: Zapdos|63/100\n|\n|-heal|p2a: Zapdos|69/100|[from] item: Leftovers\n|upkeep\n|turn|30\n|\n|t:|1783802801\n|move|p2a: Zapdos|Hurricane|p1a: Ting-Lu\n|-damage|p1a: Ting-Lu|50/100 slp\n|cant|p1a: Ting-Lu|slp\n|move|p1a: Ting-Lu|Sleep Talk|p1a: Ting-Lu\n|move|p1a: Ting-Lu|Rest||[from] move: Sleep Talk|[still]\n|-fail|p1a: Ting-Lu\n|\n|-heal|p2a: Zapdos|75/100|[from] item: Leftovers\n|upkeep\n|turn|31\n|\n|t:|1783802824\n|move|p2a: Zapdos|Hurricane|p1a: Ting-Lu\n|-damage|p1a: Ting-Lu|24/100 slp\n|-start|p1a: Ting-Lu|confusion\n|-curestatus|p1a: Ting-Lu|slp|[msg]\n|-activate|p1a: Ting-Lu|confusion\n|move|p1a: Ting-Lu|Payback|p2a: Zapdos\n|-damage|p2a: Zapdos|35/100\n|\n|-heal|p2a: Zapdos|41/100|[from] item: Leftovers\n|upkeep\n|turn|32\n|\n|t:|1783802831\n|switch|p1a: Cinderace|Cinderace, M|100/100\n|move|p2a: Zapdos|Hurricane|p1a: Cinderace|[miss]\n|-miss|p2a: Zapdos|p1a: Cinderace\n|\n|-heal|p2a: Zapdos|47/100|[from] item: Leftovers\n|upkeep\n|turn|33\n|\n|t:|1783802834\n|move|p1a: Cinderace|Pyro Ball|p2a: Zapdos\n|-crit|p2a: Zapdos\n|-damage|p2a: Zapdos|0 fnt\n|faint|p2a: Zapdos\n|\n|upkeep\n|\n|t:|1783802837\n|switch|p2a: Landorus|Landorus-Therian, M, shiny|84/100\n|-ability|p2a: Landorus|Intimidate|boost\n|-unboost|p1a: Cinderace|atk|1\n|turn|34\n|\n|t:|1783802843\n|switch|p1a: Corviknight|Corviknight, M|72/100\n|-damage|p1a: Corviknight|60/100|[from] Stealth Rock\n|-ability|p1a: Corviknight|Pressure\n|move|p2a: Landorus|U-turn|p1a: Corviknight\n|-resisted|p1a: Corviknight\n|-damage|p1a: Corviknight|55/100\n|-damage|p2a: Landorus|67/100|[from] item: Rocky Helmet|[of] p1a: Corviknight\n|\n|t:|1783802846\n|switch|p2a: Excadrill|Excadrill, M, shiny|100/100|[from] U-turn\n|\n|upkeep\n|turn|35\n|\n|t:|1783802852\n|move|p2a: Excadrill|Swords Dance|p2a: Excadrill\n|-boost|p2a: Excadrill|atk|2\n|move|p1a: Corviknight|Roost|p1a: Corviknight\n|-heal|p1a: Corviknight|100/100\n|-singleturn|p1a: Corviknight|move: Roost\n|\n|upkeep\n|turn|36\n|\n|t:|1783802858\n|move|p2a: Excadrill|Swords Dance|p2a: Excadrill\n|-boost|p2a: Excadrill|atk|2\n|move|p1a: Corviknight|Defog|p2a: Excadrill\n|-unboost|p2a: Excadrill|evasion|1\n|-sideend|p1: DekuFoulerLab|Stealth Rock|[from] move: Defog|[of] p1a: Corviknight\n|\n|upkeep\n|turn|37\n|\n|t:|1783802863\n|move|p2a: Excadrill|Iron Head|p1a: Corviknight\n|-resisted|p1a: Corviknight\n|-damage|p1a: Corviknight|43/100\n|-damage|p2a: Excadrill|84/100|[from] item: Rocky Helmet|[of] p1a: Corviknight\n|-damage|p2a: Excadrill|74/100|[from] item: Life Orb\n|cant|p1a: Corviknight|flinch\n|\n|upkeep\n|turn|38\n|\n|t:|1783802872\n|switch|p1a: Dondozo|Dondozo, F|100/100\n|move|p2a: Excadrill|Iron Head|p1a: Dondozo\n|-resisted|p1a: Dondozo\n|-damage|p1a: Dondozo|81/100\n|-damage|p2a: Excadrill|64/100|[from] item: Life Orb\n|\n|-heal|p1a: Dondozo|88/100|[from] item: Leftovers\n|upkeep\n|turn|39\n|-message|jkreyes1 forfeited.\n|\n|win|DekuFoulerLab\n|raw|DekuFoulerLab's rating: 1354 &rarr; <strong>1377</strong><br />(+23 for winning)\n|raw|jkreyes1's rating: 1410 &rarr; <strong>1387</strong><br />(-23 for losing)\n|l|☆jkreyes1\n|player|p2|\n|l|☆DekuFoulerLab\n|player|p1|\n", "uploadtime": 1783802879, "views": 8, "formatid": "gen9ou", "rating": 1377, "private": 0, "password": null}