{"id": "gen9ou-2639239112", "format": "[Gen 9] OU", "players": ["mememan254", "Sonion Goku"], "log": "|j|☆mememan254\n|j|☆Sonion Goku\n|t:|1782438821\n|gametype|singles\n|player|p1|mememan254|101|1678\n|player|p2|Sonion Goku|170|1692\n|gen|9\n|tier|[Gen 9] OU\n|rated|\n|rule|HP Percentage Mod: HP is shown in percentages\n|rule|Endless Battle Clause: Forcing endless battles is banned\n|rule|Species Clause: Limit one of each Pokémon\n|rule|OHKO Clause: OHKO moves are banned\n|rule|Evasion Items Clause: Evasion items are banned\n|rule|Evasion Moves Clause: Evasion moves are banned\n|rule|Evasion Abilities Clause: Evasion abilities are banned\n|rule|Sleep Moves Clause: Sleep-inducing moves are banned\n|clearpoke\n|poke|p1|Darkrai|\n|poke|p1|Garchomp, M|\n|poke|p1|Alomomola, F|\n|poke|p1|Corviknight, M|\n|poke|p1|Weezing-Galar, F|\n|poke|p1|Ogerpon, F|\n|poke|p2|Clefable, F|\n|poke|p2|Iron Moth|\n|poke|p2|Skarmory, M|\n|poke|p2|Dragonite, M|\n|poke|p2|Ting-Lu|\n|poke|p2|Gholdengo|\n|teampreview\n|j| atvin\n|\n|t:|1782438854\n|teamsize|p1|6\n|teamsize|p2|6\n|start\n|switch|p1a: Ogerpon|Ogerpon, F|100/100\n|switch|p2a: Ting-Lu|Ting-Lu|100/100\n|-ability|p2a: Ting-Lu|Vessel of Ruin\n|turn|1\n|\n|t:|1782438861\n|switch|p2a: Skarmory|Skarmory, M|100/100\n|move|p1a: Ogerpon|Ivy Cudgel|p2a: Skarmory\n|-resisted|p2a: Skarmory\n|-damage|p2a: Skarmory|94/100\n|\n|upkeep\n|turn|2\n|\n|t:|1782438876\n|switch|p1a: Weezing|Weezing-Galar, F|100/100\n|-ability|p1a: Weezing|Neutralizing Gas\n|move|p2a: Skarmory|Spikes|p1a: Weezing\n|-sidestart|p1: mememan254|Spikes\n|\n|upkeep\n|turn|3\n|\n|t:|1782438886\n|switch|p2a: Gholdengo|Gholdengo|100/100\n|move|p1a: Weezing|Will-O-Wisp|p2a: Gholdengo|[miss]\n|-miss|p1a: Weezing|p2a: Gholdengo\n|\n|upkeep\n|turn|4\n|\n|t:|1782438891\n|-end|p1a: Weezing|ability: Neutralizing Gas\n|switch|p1a: Alomomola|Alomomola, F|100/100\n|-damage|p1a: Alomomola|88/100|[from] Spikes\n|move|p2a: Gholdengo|Make It Rain|p1a: Alomomola\n|-resisted|p1a: Alomomola\n|-damage|p1a: Alomomola|72/100\n|-unboost|p2a: Gholdengo|spa|1\n|\n|upkeep\n|turn|5\n|\n|t:|1782438896\n|switch|p2a: Skarmory|Skarmory, M|94/100\n|move|p1a: Alomomola|Flip Turn|p2a: Skarmory\n|-damage|p2a: Skarmory|84/100\n|-damage|p1a: Alomomola|55/100|[from] item: Rocky Helmet|[of] p2a: Skarmory\n|\n|t:|1782438908\n|switch|p1a: Corviknight|Corviknight, M|100/100|[from] Flip Turn\n|-ability|p1a: Corviknight|Pressure\n|\n|upkeep\n|turn|6\n|\n|t:|1782438912\n|move|p2a: Skarmory|Spikes|p1a: Corviknight\n|-sidestart|p1: mememan254|Spikes\n|move|p1a: Corviknight|Defog|p2a: Skarmory\n|-unboost|p2a: Skarmory|evasion|1\n|-sideend|p1: mememan254|Spikes|[from] move: Defog|[of] p1a: Corviknight\n|\n|upkeep\n|turn|7\n|\n|t:|1782438915\n|switch|p1a: Alomomola|Alomomola, F|89/100\n|move|p2a: Skarmory|Spikes|p1a: Alomomola\n|-sidestart|p1: mememan254|Spikes\n|\n|upkeep\n|turn|8\n|\n|t:|1782438918\n|switch|p1a: Corviknight|Corviknight, M|100/100\n|-ability|p1a: Corviknight|Pressure\n|move|p2a: Skarmory|Spikes|p1a: Corviknight\n|-sidestart|p1: mememan254|Spikes\n|\n|upkeep\n|turn|9\n|\n|t:|1782438920\n|switch|p2a: Gholdengo|Gholdengo|100/100\n|move|p1a: Corviknight|Defog|p2a: Gholdengo\n|-immune|p2a: Gholdengo|[from] ability: Good as Gold\n|\n|upkeep\n|turn|10\n|\n|t:|1782438927\n|switch|p1a: Alomomola|Alomomola, F|100/100\n|-damage|p1a: Alomomola|84/100|[from] Spikes\n|move|p2a: Gholdengo|Shadow Ball|p1a: Alomomola\n|-damage|p1a: Alomomola|62/100\n|-unboost|p1a: Alomomola|spd|1\n|\n|upkeep\n|turn|11\n|\n|t:|1782438931\n|move|p2a: Gholdengo|Shadow Ball|p1a: Alomomola\n|-damage|p1a: Alomomola|30/100\n|move|p1a: Alomomola|Flip Turn|p2a: Gholdengo\n|-damage|p2a: Gholdengo|82/100\n|\n|t:|1782438940\n|switch|p1a: Darkrai|Darkrai|100/100|[from] Flip Turn\n|-damage|p1a: Darkrai|84/100|[from] Spikes\n|\n|upkeep\n|turn|12\n|\n|t:|1782438946\n|switch|p2a: Ting-Lu|Ting-Lu|100/100\n|-ability|p2a: Ting-Lu|Vessel of Ruin\n|move|p1a: Darkrai|Trick|p2a: Ting-Lu\n|-activate|p1a: Darkrai|move: Trick|[of] p2a: Ting-Lu\n|-item|p2a: Ting-Lu|Choice Specs|[from] move: Trick\n|-item|p1a: Darkrai|Rocky Helmet|[from] move: Trick\n|\n|upkeep\n|turn|13\n|\n|t:|1782438952\n|switch|p1a: Weezing|Weezing-Galar, F|100/100\n|-ability|p1a: Weezing|Neutralizing Gas\n|-damage|p1a: Weezing|84/100|[from] Spikes\n|move|p2a: Ting-Lu|Stealth Rock|p1a: Weezing\n|-sidestart|p1: mememan254|move: Stealth Rock\n|\n|-heal|p1a: Weezing|90/100|[from] item: Leftovers\n|upkeep\n|turn|14\n|\n|t:|1782438956\n|switch|p2a: Gholdengo|Gholdengo|82/100\n|move|p1a: Weezing|Defog|p2a: Gholdengo\n|-unboost|p2a: Gholdengo|evasion|1\n|-sideend|p1: mememan254|Spikes|[from] move: Defog|[of] p1a: Weezing\n|-sideend|p1: mememan254|Stealth Rock|[from] move: Defog|[of] p1a: Weezing\n|\n|-heal|p1a: Weezing|96/100|[from] item: Leftovers\n|upkeep\n|turn|15\n|\n|t:|1782438961\n|-end|p1a: Weezing|ability: Neutralizing Gas\n|switch|p1a: Alomomola|Alomomola, F|63/100\n|move|p2a: Gholdengo|Trick|p1a: Alomomola\n|-activate|p2a: Gholdengo|move: Trick|[of] p1a: Alomomola\n|-item|p1a: Alomomola|Choice Scarf|[from] move: Trick\n|-item|p2a: Gholdengo|Assault Vest|[from] move: Trick\n|\n|upkeep\n|turn|16\n|\n|t:|1782438964\n|move|p2a: Gholdengo|Shadow Ball|p1a: Alomomola\n|-damage|p1a: Alomomola|32/100\n|move|p1a: Alomomola|Flip Turn|p2a: Gholdengo\n|-damage|p2a: Gholdengo|65/100\n|\n|t:|1782438969\n|switch|p1a: Darkrai|Darkrai|84/100|[from] Flip Turn\n|\n|upkeep\n|turn|17\n|\n|t:|1782438972\n|switch|p2a: Ting-Lu|Ting-Lu|100/100\n|-ability|p2a: Ting-Lu|Vessel of Ruin\n|move|p1a: Darkrai|Dark Pulse|p2a: Ting-Lu\n|-resisted|p2a: Ting-Lu\n|-damage|p2a: Ting-Lu|91/100\n|\n|upkeep\n|turn|18\n|\n|t:|1782438979\n|switch|p1a: Corviknight|Corviknight, M|100/100\n|-ability|p1a: Corviknight|Pressure\n|move|p2a: Ting-Lu|Earthquake|p1a: Corviknight\n|-immune|p1a: Corviknight\n|\n|upkeep\n|turn|19\n|\n|t:|1782438982\n|switch|p2a: Skarmory|Skarmory, M|84/100\n|move|p1a: Corviknight|U-turn|p2a: Skarmory\n|-resisted|p2a: Skarmory\n|-crit|p2a: Skarmory\n|-damage|p2a: Skarmory|81/100\n|-damage|p1a: Corviknight|84/100|[from] item: Rocky Helmet|[of] p2a: Skarmory\n|inactive|Battle timer is ON: inactive players will automatically lose when time's up. (requested by Sonion Goku)\n|\n|t:|1782438994\n|switch|p1a: Alomomola|Alomomola, F|66/100|[from] U-turn\n|\n|upkeep\n|turn|20\n|\n|t:|1782438998\n|switch|p1a: Weezing|Weezing-Galar, F|96/100\n|-ability|p1a: Weezing|Neutralizing Gas\n|move|p2a: Skarmory|Spikes|p1a: Weezing\n|-sidestart|p1: mememan254|Spikes\n|\n|-heal|p1a: Weezing|100/100|[from] item: Leftovers\n|upkeep\n|turn|21\n|\n|t:|1782439001\n|switch|p2a: Gholdengo|Gholdengo|65/100\n|move|p1a: Weezing|Defog|p2a: Gholdengo\n|-unboost|p2a: Gholdengo|evasion|1\n|-sideend|p1: mememan254|Spikes|[from] move: Defog|[of] p1a: Weezing\n|\n|upkeep\n|turn|22\n|\n|t:|1782439009\n|switch|p2a: Ting-Lu|Ting-Lu|91/100\n|-end|p1a: Weezing|ability: Neutralizing Gas\n|-ability|p2a: Ting-Lu|Vessel of Ruin\n|switch|p1a: Alomomola|Alomomola, F|99/100\n|\n|upkeep\n|turn|23\n|\n|t:|1782439014\n|move|p1a: Alomomola|Flip Turn|p2a: Ting-Lu\n|-supereffective|p2a: Ting-Lu\n|-damage|p2a: Ting-Lu|74/100\n|\n|t:|1782439017\n|switch|p1a: Corviknight|Corviknight, M|84/100|[from] Flip Turn\n|-ability|p1a: Corviknight|Pressure\n|move|p2a: Ting-Lu|Stealth Rock|p1a: Corviknight\n|-sidestart|p1: mememan254|move: Stealth Rock\n|\n|-heal|p1a: Corviknight|90/100|[from] item: Leftovers\n|upkeep\n|turn|24\n|\n|t:|1782439022\n|switch|p2a: Gholdengo|Gholdengo|65/100\n|move|p1a: Corviknight|U-turn|p2a: Gholdengo\n|-resisted|p2a: Gholdengo\n|-damage|p2a: Gholdengo|61/100\n|\n|t:|1782439028\n|switch|p1a: Alomomola|Alomomola, F|100/100|[from] U-turn\n|-damage|p1a: Alomomola|88/100|[from] Stealth Rock\n|\n|upkeep\n|turn|25\n|\n|t:|1782439032\n|switch|p2a: Skarmory|Skarmory, M|81/100\n|move|p1a: Alomomola|Flip Turn|p2a: Skarmory\n|-crit|p2a: Skarmory\n|-damage|p2a: Skarmory|66/100\n|-damage|p1a: Alomomola|72/100|[from] item: Rocky Helmet|[of] p2a: Skarmory\n|\n|t:|1782439036\n|switch|p1a: Weezing|Weezing-Galar, F|100/100|[from] Flip Turn\n|-ability|p1a: Weezing|Neutralizing Gas\n|-damage|p1a: Weezing|88/100|[from] Stealth Rock\n|\n|-heal|p1a: Weezing|94/100|[from] item: Leftovers\n|upkeep\n|turn|26\n|\n|t:|1782439040\n|switch|p2a: Gholdengo|Gholdengo|61/100\n|move|p1a: Weezing|Will-O-Wisp|p2a: Gholdengo\n|-status|p2a: Gholdengo|brn\n|\n|-heal|p1a: Weezing|99/100|[from] item: Leftovers\n|-damage|p2a: Gholdengo|55/100 brn|[from] brn\n|upkeep\n|turn|27\n|\n|t:|1782439052\n|switch|p2a: Clefable|Clefable, F|100/100\n|-end|p1a: Weezing|ability: Neutralizing Gas\n|switch|p1a: Alomomola|Alomomola, F|100/100\n|-damage|p1a: Alomomola|88/100|[from] Stealth Rock\n|\n|upkeep\n|turn|28\n|c| atvin|not looking to hot for my friend sonion goku.\n|\n|t:|1782439073\n|move|p1a: Alomomola|Body Slam|p2a: Clefable\n|-damage|p2a: Clefable|89/100\n|move|p2a: Clefable|Calm Mind|p2a: Clefable\n|-boost|p2a: Clefable|spa|1\n|-boost|p2a: Clefable|spd|1\n|\n|-heal|p2a: Clefable|95/100|[from] item: Leftovers\n|upkeep\n|turn|29\n|c|☆Sonion Goku|Very easy for Sonion Goku.\n|\n|t:|1782439078\n|move|p1a: Alomomola|Body Slam|p2a: Clefable\n|-damage|p2a: Clefable|83/100\n|move|p2a: Clefable|Moonblast|p1a: Alomomola\n|-damage|p1a: Alomomola|54/100\n|\n|-heal|p2a: Clefable|89/100|[from] item: Leftovers\n|upkeep\n|turn|30\n|c| atvin|nvm\n|\n|t:|1782439084\n|move|p1a: Alomomola|Body Slam|p2a: Clefable\n|-damage|p2a: Clefable|77/100\n|-status|p2a: Clefable|par\n|cant|p2a: Clefable|par\n|\n|-heal|p2a: Clefable|83/100 par|[from] item: Leftovers\n|upkeep\n|turn|31\n|c| atvin|sonion goku has WON\n|c| atvin|k\n|c| atvin|slammed.\n|\n|t:|1782439100\n|switch|p1a: Weezing|Weezing-Galar, F|99/100\n|-ability|p1a: Weezing|Neutralizing Gas\n|-damage|p1a: Weezing|88/100|[from] Stealth Rock\n|cant|p2a: Clefable|par\n|\n|-heal|p1a: Weezing|94/100|[from] item: Leftovers\n|-heal|p2a: Clefable|89/100 par|[from] item: Leftovers\n|upkeep\n|turn|32\n|\n|t:|1782439103\n|move|p1a: Weezing|Defog|p2a: Clefable\n|-unboost|p2a: Clefable|evasion|1\n|-sideend|p1: mememan254|Stealth Rock|[from] move: Defog|[of] p1a: Weezing\n|move|p2a: Clefable|Knock Off|p1a: Weezing\n|-resisted|p1a: Weezing\n|-damage|p1a: Weezing|89/100\n|-enditem|p1a: Weezing|Leftovers|[from] move: Knock Off|[of] p2a: Clefable\n|\n|-heal|p2a: Clefable|95/100 par|[from] item: Leftovers\n|upkeep\n|turn|33\n|\n|t:|1782439108\n|switch|p2a: Ting-Lu|Ting-Lu|74/100\n|move|p1a: Weezing|Sludge Bomb|p2a: Ting-Lu\n|-resisted|p2a: Ting-Lu\n|-damage|p2a: Ting-Lu|66/100\n|-status|p2a: Ting-Lu|psn\n|\n|-damage|p2a: Ting-Lu|53/100 psn|[from] psn\n|upkeep\n|turn|34\n|c| atvin|k\n|\n|t:|1782439115\n|-end|p1a: Weezing|ability: Neutralizing Gas\n|-ability|p2a: Ting-Lu|Vessel of Ruin\n|switch|p1a: Alomomola|Alomomola, F|88/100\n|move|p2a: Ting-Lu|Earthquake|p1a: Alomomola\n|-damage|p1a: Alomomola|61/100\n|\n|-damage|p2a: Ting-Lu|41/100 psn|[from] psn\n|upkeep\n|turn|35\n|c| atvin|k\n|\n|t:|1782439118\n|switch|p2a: Skarmory|Skarmory, M|66/100\n|move|p1a: Alomomola|Flip Turn|p2a: Skarmory\n|-damage|p2a: Skarmory|57/100\n|-damage|p1a: Alomomola|44/100|[from] item: Rocky Helmet|[of] p2a: Skarmory\n|c|☆Sonion Goku|Perhaps now it is over.\n|c| atvin|U CAN DO IT SONION GOKU.\n|\n|t:|1782439133\n|switch|p1a: Darkrai|Darkrai|84/100|[from] Flip Turn\n|\n|upkeep\n|turn|36\n|\n|t:|1782439143\n|switch|p2a: Ting-Lu|Ting-Lu|41/100 psn\n|-ability|p2a: Ting-Lu|Vessel of Ruin\n|move|p1a: Darkrai|Dark Pulse|p2a: Ting-Lu\n|-resisted|p2a: Ting-Lu\n|-damage|p2a: Ting-Lu|32/100 psn\n|\n|-damage|p2a: Ting-Lu|19/100 psn|[from] psn\n|upkeep\n|turn|37\n|\n|t:|1782439146\n|move|p1a: Darkrai|Ice Beam|p2a: Ting-Lu\n|-supereffective|p2a: Ting-Lu\n|-damage|p2a: Ting-Lu|0 fnt\n|faint|p2a: Ting-Lu\n|\n|upkeep\n|j| FrozenCold\n|\n|t:|1782439152\n|switch|p2a: Iron Moth|Iron Moth|100/100\n|turn|38\n|c| atvin|MOTH IN\n|c| atvin|OHHHHHHH\n|c| atvin|THE FROZENCOLD\n|c| atvin|IN THE BIG 27\n|\n|t:|1782439166\n|move|p1a: Darkrai|Dark Pulse|p2a: Iron Moth\n|-damage|p2a: Iron Moth|60/100\n|move|p2a: Iron Moth|Toxic|p1a: Darkrai\n|-status|p1a: Darkrai|tox\n|\n|-damage|p1a: Darkrai|78/100 tox|[from] psn\n|upkeep\n|turn|39\n|c| FrozenCold|yeah\n|\n|t:|1782439171\n|switch|p1a: Alomomola|Alomomola, F|78/100\n|move|p2a: Iron Moth|Morning Sun|p2a: Iron Moth\n|-heal|p2a: Iron Moth|100/100\n|\n|upkeep\n|turn|40\n|\n|t:|1782439175\n|move|p2a: Iron Moth|Toxic|p1a: Alomomola\n|-status|p1a: Alomomola|tox\n|move|p1a: Alomomola|Flip Turn|p2a: Iron Moth\n|-supereffective|p2a: Iron Moth\n|-damage|p2a: Iron Moth|48/100\n|c| atvin|Yep. Toxic.\n|\n|t:|1782439186\n|switch|p1a: Corviknight|Corviknight, M|90/100|[from] Flip Turn\n|-ability|p1a: Corviknight|Pressure\n|\n|-heal|p1a: Corviknight|96/100|[from] item: Leftovers\n|upkeep\n|turn|41\n|\n|t:|1782439192\n|switch|p1a: Alomomola|Alomomola, F|100/100 tox\n|move|p2a: Iron Moth|Morning Sun|p2a: Iron Moth\n|-heal|p2a: Iron Moth|98/100\n|\n|-damage|p1a: Alomomola|94/100 tox|[from] psn\n|upkeep\n|turn|42\n|\n|t:|1782439198\n|-end|p2a: Iron Moth|Quark Drive|[silent]\n|switch|p2a: Skarmory|Skarmory, M|57/100\n|move|p1a: Alomomola|Flip Turn|p2a: Skarmory\n|-damage|p2a: Skarmory|48/100\n|-damage|p1a: Alomomola|78/100 tox|[from] item: Rocky Helmet|[of] p2a: Skarmory\n|c| atvin|Yep. Almomaoamaomala.\n|c| atvin|You can forfeit now, Sonion Goku.\n|\n|t:|1782439216\n|switch|p1a: Darkrai|Darkrai|78/100 tox|[from] Flip Turn\n|\n|-damage|p1a: Darkrai|72/100 tox|[from] psn\n|upkeep\n|turn|43\n|\n|t:|1782439226\n|switch|p1a: Alomomola|Alomomola, F|100/100 tox\n|switch|p2a: Clefable|Clefable, F|95/100 par\n|\n|-heal|p2a: Clefable|100/100 par|[from] item: Leftovers\n|-damage|p1a: Alomomola|94/100 tox|[from] psn\n|upkeep\n|turn|44\n|\n|t:|1782439232\n|move|p1a: Alomomola|Flip Turn|p2a: Clefable\n|-damage|p2a: Clefable|87/100 par\n|\n|t:|1782439236\n|switch|p1a: Weezing|Weezing-Galar, F|89/100|[from] Flip Turn\n|-ability|p1a: Weezing|Neutralizing Gas\n|move|p2a: Clefable|Calm Mind|p2a: Clefable\n|-boost|p2a: Clefable|spa|1\n|-boost|p2a: Clefable|spd|1\n|\n|-heal|p2a: Clefable|93/100 par|[from] item: Leftovers\n|upkeep\n|turn|45\n|\n|t:|1782439241\n|switch|p2a: Iron Moth|Iron Moth|98/100\n|move|p1a: Weezing|Sludge Bomb|p2a: Iron Moth\n|-resisted|p2a: Iron Moth\n|-damage|p2a: Iron Moth|84/100\n|\n|upkeep\n|turn|46\n|\n|t:|1782439246\n|-end|p1a: Weezing|ability: Neutralizing Gas\n|switch|p1a: Alomomola|Alomomola, F|100/100 tox\n|move|p2a: Iron Moth|Fiery Dance|p1a: Alomomola\n|-resisted|p1a: Alomomola\n|-damage|p1a: Alomomola|85/100 tox\n|-boost|p2a: Iron Moth|spa|1\n|\n|-damage|p1a: Alomomola|79/100 tox|[from] psn\n|upkeep\n|turn|47\n|\n|t:|1782439255\n|move|p2a: Iron Moth|Overheat|p1a: Alomomola\n|-resisted|p1a: Alomomola\n|-damage|p1a: Alomomola|40/100 tox\n|-unboost|p2a: Iron Moth|spa|2\n|move|p1a: Alomomola|Flip Turn|p2a: Iron Moth\n|-supereffective|p2a: Iron Moth\n|-damage|p2a: Iron Moth|32/100\n|c| atvin|k\n|c| atvin|heated\n|inactive|mememan254 has 120 seconds left.\n|\n|t:|1782439293\n|switch|p1a: Ogerpon|Ogerpon, F|100/100|[from] Flip Turn\n|\n|upkeep\n|turn|48\n|\n|t:|1782439297\n|-end|p2a: Iron Moth|Quark Drive|[silent]\n|switch|p2a: Skarmory|Skarmory, M|48/100\n|-terastallize|p1a: Ogerpon|Grass\n|detailschange|p1a: Ogerpon|Ogerpon-Teal-Tera, F, tera:Grass\n|-ability|p1a: Ogerpon|Embody Aspect (Teal)|boost\n|-boost|p1a: Ogerpon|spe|1\n|move|p1a: Ogerpon|Knock Off|p2a: Skarmory\n|-damage|p2a: Skarmory|28/100\n|-damage|p1a: Ogerpon|84/100|[from] item: Rocky Helmet|[of] p2a: Skarmory\n|-enditem|p2a: Skarmory|Rocky Helmet|[from] move: Knock Off|[of] p1a: Ogerpon\n|\n|upkeep\n|turn|49\n|c| atvin|Yep. Terad\n|inactive|mememan254 has 120 seconds left.\n|\n|t:|1782439328\n|switch|p1a: Alomomola|Alomomola, F|73/100 tox\n|move|p2a: Skarmory|Roost|p2a: Skarmory\n|-heal|p2a: Skarmory|78/100\n|-singleturn|p2a: Skarmory|move: Roost\n|\n|-damage|p1a: Alomomola|67/100 tox|[from] psn\n|upkeep\n|turn|50\n|c| atvin|kek\n|\n|t:|1782439331\n|move|p1a: Alomomola|Flip Turn|p2a: Skarmory\n|-damage|p2a: Skarmory|68/100\n|\n|t:|1782439335\n|switch|p1a: Corviknight|Corviknight, M|96/100|[from] Flip Turn\n|-ability|p1a: Corviknight|Pressure\n|move|p2a: Skarmory|Spikes|p1a: Corviknight\n|-sidestart|p1: mememan254|Spikes\n|\n|-heal|p1a: Corviknight|100/100|[from] item: Leftovers\n|upkeep\n|turn|51\n|c| atvin|intesritng choice\n|\n|t:|1782439342\n|move|p2a: Skarmory|Roost|p2a: Skarmory\n|-heal|p2a: Skarmory|100/100\n|-singleturn|p2a: Skarmory|move: Roost\n|move|p1a: Corviknight|U-turn|p2a: Skarmory\n|-resisted|p2a: Skarmory\n|-damage|p2a: Skarmory|96/100\n|\n|t:|1782439345\n|switch|p1a: Weezing|Weezing-Galar, F|89/100|[from] U-turn\n|-ability|p1a: Weezing|Neutralizing Gas\n|-damage|p1a: Weezing|76/100|[from] Spikes\n|\n|upkeep\n|turn|52\n|\n|t:|1782439350\n|switch|p2a: Iron Moth|Iron Moth|32/100\n|move|p1a: Weezing|Defog|p2a: Iron Moth\n|-unboost|p2a: Iron Moth|evasion|1\n|-sideend|p1: mememan254|Spikes|[from] move: Defog|[of] p1a: Weezing\n|\n|upkeep\n|turn|53\n|\n|t:|1782439353\n|-end|p1a: Weezing|ability: Neutralizing Gas\n|switch|p1a: Alomomola|Alomomola, F|100/100 tox\n|move|p2a: Iron Moth|Morning Sun|p2a: Iron Moth\n|-heal|p2a: Iron Moth|81/100\n|\n|-damage|p1a: Alomomola|94/100 tox|[from] psn\n|upkeep\n|turn|54\n|c| atvin|very interesting sequence of events going on\n|\n|t:|1782439358\n|-end|p2a: Iron Moth|Quark Drive|[silent]\n|switch|p2a: Skarmory|Skarmory, M|96/100\n|move|p1a: Alomomola|Flip Turn|p2a: Skarmory\n|-damage|p2a: Skarmory|87/100\n|inactive|mememan254 has 120 seconds left.\n|\n|t:|1782439401\n|switch|p1a: Garchomp|Garchomp, M|100/100|[from] Flip Turn\n|\n|upkeep\n|turn|55\n|j| Beauszl\n|c| atvin|yep. chomper.\n|\n|t:|1782439413\n|move|p1a: Garchomp|Stealth Rock|p2a: Skarmory\n|-sidestart|p2: Sonion Goku|move: Stealth Rock\n|move|p2a: Skarmory|Spikes|p1a: Garchomp\n|-sidestart|p1: mememan254|Spikes\n|\n|upkeep\n|turn|56\n|\n|t:|1782439417\n|move|p1a: Garchomp|Spikes|p2a: Skarmory\n|-sidestart|p2: Sonion Goku|Spikes\n|move|p2a: Skarmory|Spikes|p1a: Garchomp\n|-sidestart|p1: mememan254|Spikes\n|\n|upkeep\n|turn|57\n|c| atvin|OH?\n|\n|t:|1782439421\n|move|p1a: Garchomp|Spikes|p2a: Skarmory\n|-sidestart|p2: Sonion Goku|Spikes\n|move|p2a: Skarmory|Spikes|p1a: Garchomp\n|-sidestart|p1: mememan254|Spikes\n|\n|upkeep\n|turn|58\n|\n|t:|1782439424\n|move|p1a: Garchomp|Dragon Tail|p2a: Skarmory\n|-resisted|p2a: Skarmory\n|-damage|p2a: Skarmory|80/100\n|drag|p2a: Dragonite|Dragonite, M|100/100\n|\n|upkeep\n|turn|59\n|c| atvin|kek\n|\n|t:|1782439431\n|move|p1a: Garchomp|Dragon Tail|p2a: Dragonite|[miss]\n|-miss|p1a: Garchomp|p2a: Dragonite\n|move|p2a: Dragonite|Dragon Tail|p1a: Garchomp\n|-supereffective|p1a: Garchomp\n|-damage|p1a: Garchomp|58/100\n|-damage|p2a: Dragonite|88/100|[from] ability: Rough Skin|[of] p1a: Garchomp\n|-damage|p2a: Dragonite|71/100|[from] item: Rocky Helmet|[of] p1a: Garchomp\n|drag|p1a: Darkrai|Darkrai|72/100 tox\n|-damage|p1a: Darkrai|47/100 tox|[from] Spikes\n|\n|-damage|p1a: Darkrai|41/100 tox|[from] psn\n|upkeep\n|turn|60\n|c| atvin|yo ss\n|\n|t:|1782439440\n|switch|p2a: Clefable|Clefable, F|93/100 par\n|move|p1a: Darkrai|Ice Beam|p2a: Clefable\n|-damage|p2a: Clefable|64/100 par\n|\n|-heal|p2a: Clefable|70/100 par|[from] item: Leftovers\n|-damage|p1a: Darkrai|29/100 tox|[from] psn\n|upkeep\n|turn|61\n|\n|t:|1782439453\n|switch|p1a: Corviknight|Corviknight, M|100/100\n|-ability|p1a: Corviknight|Pressure\n|move|p2a: Clefable|Moonlight|p2a: Clefable\n|-heal|p2a: Clefable|100/100 par\n|\n|upkeep\n|turn|62\n|\n|t:|1782439457\n|move|p1a: Corviknight|Brave Bird|p2a: Clefable\n|-damage|p2a: Clefable|71/100 par\n|-damage|p1a: Corviknight|91/100|[from] Recoil\n|cant|p2a: Clefable|par\n|\n|-heal|p1a: Corviknight|97/100|[from] item: Leftovers\n|-heal|p2a: Clefable|77/100 par|[from] item: Leftovers\n|upkeep\n|turn|63\n|\n|t:|1782439461\n|move|p1a: Corviknight|Brave Bird|p2a: Clefable\n|-damage|p2a: Clefable|50/100 par\n|-damage|p1a: Corviknight|88/100|[from] Recoil\n|cant|p2a: Clefable|par\n|\n|-heal|p1a: Corviknight|94/100|[from] item: Leftovers\n|-heal|p2a: Clefable|56/100 par|[from] item: Leftovers\n|upkeep\n|turn|64\n|\n|t:|1782439465\n|move|p1a: Corviknight|Brave Bird|p2a: Clefable\n|-damage|p2a: Clefable|30/100 par\n|-damage|p1a: Corviknight|86/100|[from] Recoil\n|move|p2a: Clefable|Moonlight|p2a: Clefable\n|-heal|p2a: Clefable|80/100 par\n|\n|-heal|p1a: Corviknight|92/100|[from] item: Leftovers\n|-heal|p2a: Clefable|86/100 par|[from] item: Leftovers\n|upkeep\n|turn|65\n|c| atvin|Sonion Goku Has DONE IT\n|c| atvin|HOW!\n|\n|t:|1782439472\n|switch|p2a: Iron Moth|Iron Moth|81/100\n|move|p1a: Corviknight|Brave Bird|p2a: Iron Moth\n|-damage|p2a: Iron Moth|28/100\n|-damage|p1a: Corviknight|78/100|[from] Recoil\n|\n|-heal|p1a: Corviknight|84/100|[from] item: Leftovers\n|upkeep\n|turn|66\n|\n|t:|1782439478\n|move|p2a: Iron Moth|Fiery Dance|p1a: Corviknight\n|-supereffective|p1a: Corviknight\n|-damage|p1a: Corviknight|26/100\n|move|p1a: Corviknight|Brave Bird|p2a: Iron Moth\n|-damage|p2a: Iron Moth|0 fnt\n|faint|p2a: Iron Moth\n|-end|p2a: Iron Moth|Quark Drive|[silent]\n|-damage|p1a: Corviknight|19/100|[from] Recoil\n|\n|-heal|p1a: Corviknight|25/100|[from] item: Leftovers\n|upkeep\n|c| atvin|?\n|-message|Sonion Goku forfeited.\n|\n|win|mememan254\n|raw|mememan254's rating: 1678 &rarr; <strong>1699</strong><br />(+21 for winning)\n|raw|Sonion Goku's rating: 1692 &rarr; <strong>1671</strong><br />(-21 for losing)\n|c| atvin|?\n|c|☆Sonion Goku|Hi guys.\n|c| FrozenCold|Sonion.\n|l|☆Sonion Goku\n|player|p2|\n|l| Beauszl\n|l| FrozenCold\n|c|☆mememan254|are you guys friends or something\n", "uploadtime": 1782439762, "views": 9, "formatid": "gen9ou", "rating": 1671, "private": 0, "password": null}