{"id": "gen9ou-2540763627", "format": "[Gen 9] OU", "players": ["testingolem", "wuxinshushu1"], "log": "|j|☆testingolem\n|j|☆wuxinshushu1\n|t:|1771251267\n|gametype|singles\n|player|p1|testingolem|hiker-gen4|1564\n|player|p2|wuxinshushu1|hiker-gen4|1575\n|gen|9\n|tier|[Gen 9] OU\n|rated|\n|rule|HP Percentage Mod: HP is shown in percentages\n|rule|Endless Battle Clause: Forcing endless battles is banned\n|rule|Species Clause: Limit one of each Pokémon\n|rule|OHKO Clause: OHKO moves are banned\n|rule|Evasion Items Clause: Evasion items are banned\n|rule|Evasion Moves Clause: Evasion moves are banned\n|rule|Evasion Abilities Clause: Evasion abilities are banned\n|rule|Sleep Moves Clause: Sleep-inducing moves are banned\n|clearpoke\n|poke|p1|Ribombee, M|\n|poke|p1|Serperior, F|\n|poke|p1|Gholdengo|\n|poke|p1|Great Tusk|\n|poke|p1|Kingambit, M|\n|poke|p1|Dragapult, M|\n|poke|p2|Blissey, F|\n|poke|p2|Corviknight, M|\n|poke|p2|Clodsire, F|\n|poke|p2|Alomomola, F|\n|poke|p2|Sinistcha-Masterpiece|\n|poke|p2|Tornadus-Therian, M|\n|teampreview\n|\n|t:|1771251277\n|teamsize|p1|6\n|teamsize|p2|6\n|start\n|switch|p1a: Great Tusk|Great Tusk|100/100\n|switch|p2a: Tornadus|Tornadus-Therian, M|100/100\n|-enditem|p1a: Great Tusk|Booster Energy\n|-activate|p1a: Great Tusk|ability: Protosynthesis|[fromitem]\n|-start|p1a: Great Tusk|protosynthesisatk\n|turn|1\n|\n|t:|1771251287\n|-end|p1a: Great Tusk|Protosynthesis|[silent]\n|switch|p1a: Kingambit|Kingambit, M|100/100\n|move|p2a: Tornadus|Taunt|p1a: Kingambit\n|-start|p1a: Kingambit|move: Taunt\n|\n|upkeep\n|turn|2\n|\n|t:|1771251294\n|-end|p1a: Kingambit|fallenundefined|[silent]\n|switch|p1a: Dragapult|Dragapult, M|100/100\n|move|p2a: Tornadus|Knock Off|p1a: Dragapult\n|-supereffective|p1a: Dragapult\n|-damage|p1a: Dragapult|41/100\n|-enditem|p1a: Dragapult|Choice Specs|[from] move: Knock Off|[of] p2a: Tornadus\n|\n|upkeep\n|turn|3\n|\n|t:|1771251302\n|move|p1a: Dragapult|Draco Meteor|p2a: Tornadus|[miss]\n|-miss|p1a: Dragapult|p2a: Tornadus\n|move|p2a: Tornadus|U-turn|p1a: Dragapult\n|-resisted|p1a: Dragapult\n|-damage|p1a: Dragapult|31/100\n|\n|t:|1771251313\n|switch|p2a: Blissey|Blissey, F|100/100|[from] U-turn\n|\n|upkeep\n|turn|4\n|\n|t:|1771251317\n|move|p1a: Dragapult|U-turn|p2a: Blissey\n|-damage|p2a: Blissey|84/100\n|\n|t:|1771251320\n|switch|p1a: Great Tusk|Great Tusk|100/100|[from] U-turn\n|move|p2a: Blissey|Stealth Rock|p1a: Great Tusk\n|-sidestart|p1: testingolem|move: Stealth Rock\n|\n|-heal|p2a: Blissey|91/100|[from] item: Leftovers\n|upkeep\n|turn|5\n|\n|t:|1771251329\n|switch|p2a: Sinistcha|Sinistcha-Masterpiece|100/100\n|move|p1a: Great Tusk|Knock Off|p2a: Sinistcha\n|-supereffective|p2a: Sinistcha\n|-damage|p2a: Sinistcha|52/100\n|-enditem|p2a: Sinistcha|Leftovers|[from] move: Knock Off|[of] p1a: Great Tusk\n|\n|upkeep\n|turn|6\n|\n|t:|1771251338\n|-end|p1a: Great Tusk|Protosynthesis|[silent]\n|switch|p1a: Kingambit|Kingambit, M|100/100\n|-damage|p1a: Kingambit|94/100|[from] Stealth Rock\n|move|p2a: Sinistcha|Strength Sap|p1a: Kingambit\n|-unboost|p1a: Kingambit|atk|1\n|-heal|p2a: Sinistcha|100/100\n|\n|upkeep\n|turn|7\n|\n|t:|1771251349\n|switch|p2a: Corviknight|Corviknight, M|100/100\n|-ability|p2a: Corviknight|Pressure\n|move|p1a: Kingambit|Swords Dance|p1a: Kingambit\n|-boost|p1a: Kingambit|atk|2\n|\n|upkeep\n|turn|8\n|\n|t:|1771251357\n|-terastallize|p1a: Kingambit|Dark\n|move|p2a: Corviknight|Body Press|p1a: Kingambit\n|-supereffective|p1a: Kingambit\n|-damage|p1a: Kingambit|57/100\n|move|p1a: Kingambit|Kowtow Cleave|p2a: Corviknight\n|-damage|p2a: Corviknight|34/100\n|\n|-heal|p2a: Corviknight|40/100|[from] item: Leftovers\n|upkeep\n|turn|9\n|\n|t:|1771251369\n|move|p2a: Corviknight|U-turn|p1a: Kingambit\n|-supereffective|p1a: Kingambit\n|-damage|p1a: Kingambit|38/100\n|\n|t:|1771251372\n|switch|p2a: Alomomola|Alomomola, F|100/100|[from] U-turn\n|move|p1a: Kingambit|Kowtow Cleave|p2a: Alomomola\n|-crit|p2a: Alomomola\n|-damage|p2a: Alomomola|0 fnt\n|-damage|p1a: Kingambit|21/100|[from] item: Rocky Helmet|[of] p2a: Alomomola\n|faint|p2a: Alomomola\n|\n|upkeep\n|\n|t:|1771251384\n|switch|p2a: Tornadus|Tornadus-Therian, M|100/100\n|turn|10\n|\n|t:|1771251387\n|move|p1a: Kingambit|Sucker Punch|p2a: Tornadus\n|-damage|p2a: Tornadus|0 fnt\n|faint|p2a: Tornadus\n|\n|upkeep\n|\n|t:|1771251392\n|switch|p2a: Clodsire|Clodsire, F|100/100\n|turn|11\n|\n|t:|1771251397\n|move|p1a: Kingambit|Kowtow Cleave|p2a: Clodsire\n|-damage|p2a: Clodsire|16/100\n|move|p2a: Clodsire|Toxic|p1a: Kingambit\n|-status|p1a: Kingambit|tox\n|\n|-heal|p2a: Clodsire|22/100|[from] item: Leftovers\n|-damage|p1a: Kingambit|15/100 tox|[from] psn\n|upkeep\n|turn|12\n|\n|t:|1771251411\n|switch|p2a: Corviknight|Corviknight, M|40/100\n|-ability|p2a: Corviknight|Pressure\n|move|p1a: Kingambit|Kowtow Cleave|p2a: Corviknight\n|-damage|p2a: Corviknight|0 fnt\n|faint|p2a: Corviknight\n|\n|-damage|p1a: Kingambit|3/100 tox|[from] psn\n|upkeep\n|\n|t:|1771251423\n|switch|p2a: Sinistcha|Sinistcha-Masterpiece|100/100\n|turn|13\n|\n|t:|1771251427\n|move|p2a: Sinistcha|Strength Sap|p1a: Kingambit\n|-unboost|p1a: Kingambit|atk|1\n|move|p1a: Kingambit|Kowtow Cleave|p2a: Sinistcha\n|-supereffective|p2a: Sinistcha\n|-damage|p2a: Sinistcha|0 fnt\n|faint|p2a: Sinistcha\n|\n|-damage|p1a: Kingambit|0 fnt|[from] psn\n|faint|p1a: Kingambit\n|-end|p1a: Kingambit|fallenundefined|[silent]\n|upkeep\n|\n|t:|1771251443\n|switch|p2a: Clodsire|Clodsire, F|22/100\n|switch|p1a: Great Tusk|Great Tusk|100/100\n|-damage|p1a: Great Tusk|98/100|[from] Stealth Rock\n|turn|14\n|-message|wuxinshushu1 forfeited.\n|\n|win|testingolem\n|raw|testingolem's rating: 1564 &rarr; <strong>1585</strong><br />(+21 for winning)\n|raw|wuxinshushu1's rating: 1575 &rarr; <strong>1554</strong><br />(-21 for losing)\n|l|☆wuxinshushu1\n|player|p2|\n|l|☆testingolem\n|player|p1|\n", "uploadtime": 1771251615, "views": 6, "formatid": "gen9ou", "rating": 1554, "private": 0, "password": null}