{"id": "gen9ou-2647723515", "format": "[Gen 9] OU", "players": ["mcguuuuuuuuu", "nosenomeables"], "log": "|j|☆mcguuuuuuuuu\n|j|☆nosenomeables\n|t:|1783801909\n|gametype|singles\n|player|p1|mcguuuuuuuuu|102|1252\n|player|p2|nosenomeables|2|1223\n|gen|9\n|tier|[Gen 9] OU\n|rated|\n|rule|HP Percentage Mod: HP is shown in percentages\n|rule|Endless Battle Clause: Forcing endless battles is banned\n|rule|Species Clause: Limit one of each Pokémon\n|rule|OHKO Clause: OHKO moves are banned\n|rule|Evasion Items Clause: Evasion items are banned\n|rule|Evasion Moves Clause: Evasion moves are banned\n|rule|Evasion Abilities Clause: Evasion abilities are banned\n|rule|Sleep Moves Clause: Sleep-inducing moves are banned\n|clearpoke\n|poke|p1|Dondozo, F|\n|poke|p1|Iron Treads|\n|poke|p1|Pelipper, F|\n|poke|p1|Overqwil, F|\n|poke|p1|Enamorus, F|\n|poke|p1|Raging Bolt|\n|poke|p2|Farigiraf, M|\n|poke|p2|Golem-Alola, F|\n|poke|p2|Noivern, F|\n|poke|p2|Kommo-o, M|\n|poke|p2|Goodra-Hisui, F|\n|poke|p2|Zangoose, M|\n|teampreview\n|\n|t:|1783801911\n|teamsize|p1|6\n|teamsize|p2|6\n|start\n|switch|p1a: Enamorus|Enamorus, F|100/100\n|switch|p2a: Kommo-o|Kommo-o, M|100/100\n|turn|1\n|\n|t:|1783801915\n|-terastallize|p2a: Kommo-o|Normal\n|move|p1a: Enamorus|Moonblast|p2a: Kommo-o\n|-damage|p2a: Kommo-o|35/100\n|move|p2a: Kommo-o|Boomburst|p1a: Enamorus\n|-damage|p1a: Enamorus|13/100\n|-enditem|p2a: Kommo-o|Throat Spray\n|-boost|p2a: Kommo-o|spa|1|[from] item: Throat Spray\n|\n|upkeep\n|turn|2\n|\n|t:|1783801923\n|move|p2a: Kommo-o|Protect|p2a: Kommo-o\n|-singleturn|p2a: Kommo-o|Protect\n|move|p1a: Enamorus|Moonblast|p2a: Kommo-o\n|-activate|p2a: Kommo-o|move: Protect\n|\n|upkeep\n|turn|3\n|\n|t:|1783801929\n|switch|p2a: Noivern|Noivern, F|100/100\n|-item|p1a: Enamorus|Choice Scarf|[from] ability: Frisk|[of] p2a: Noivern\n|move|p1a: Enamorus|Moonblast|p2a: Noivern\n|-supereffective|p2a: Noivern\n|-damage|p2a: Noivern|0 fnt\n|faint|p2a: Noivern\n|\n|upkeep\n|\n|t:|1783801934\n|switch|p2a: Golem|Golem-Alola, F|100/100\n|turn|4\n|\n|t:|1783801938\n|move|p1a: Enamorus|Moonblast|p2a: Golem\n|-damage|p2a: Golem|20/100\n|-unboost|p2a: Golem|spa|1\n|move|p2a: Golem|Stealth Rock|p1a: Enamorus\n|-sidestart|p1: mcguuuuuuuuu|move: Stealth Rock\n|\n|upkeep\n|turn|5\n|-enditem|p2a: Golem|Custap Berry|[eat]\n|-activate|p2a: Golem|item: Custap Berry|[consumed]\n|\n|t:|1783801944\n|move|p2a: Golem|Thunder Wave|p1a: Enamorus\n|-status|p1a: Enamorus|par\n|move|p1a: Enamorus|Moonblast|p2a: Golem\n|-damage|p2a: Golem|0 fnt\n|faint|p2a: Golem\n|\n|upkeep\n|\n|t:|1783801949\n|switch|p2a: Kommo-o|Kommo-o, M, tera:Normal|35/100\n|turn|6\n|\n|t:|1783801953\n|move|p2a: Kommo-o|Clangorous Soul|p2a: Kommo-o\n|-boost|p2a: Kommo-o|atk|1\n|-boost|p2a: Kommo-o|def|1\n|-boost|p2a: Kommo-o|spa|1\n|-boost|p2a: Kommo-o|spd|1\n|-boost|p2a: Kommo-o|spe|1\n|-damage|p2a: Kommo-o|3/100\n|cant|p1a: Enamorus|par\n|\n|upkeep\n|turn|7\n|\n|t:|1783801962\n|move|p2a: Kommo-o|Clangorous Soul||[still]\n|-fail|p2a: Kommo-o\n|cant|p1a: Enamorus|par\n|\n|upkeep\n|turn|8\n|\n|t:|1783801966\n|move|p2a: Kommo-o|Boomburst|p1a: Enamorus\n|-damage|p1a: Enamorus|0 fnt\n|faint|p1a: Enamorus\n|\n|upkeep\n|\n|t:|1783801971\n|switch|p1a: Pelipper|Pelipper, F|100/100\n|-damage|p1a: Pelipper|75/100|[from] Stealth Rock\n|-weather|RainDance|[from] ability: Drizzle|[of] p1a: Pelipper\n|turn|9\n|\n|t:|1783801976\n|move|p2a: Kommo-o|Boomburst|p1a: Pelipper\n|-damage|p1a: Pelipper|0 fnt\n|faint|p1a: Pelipper\n|\n|-weather|RainDance|[upkeep]\n|upkeep\n|\n|t:|1783801980\n|switch|p1a: Overqwil|Overqwil, F|100/100\n|-damage|p1a: Overqwil|88/100|[from] Stealth Rock\n|turn|10\n|inactive|Battle timer is ON: inactive players will automatically lose when time's up. (requested by nosenomeables)\n|\n|t:|1783801985\n|move|p2a: Kommo-o|Protect|p2a: Kommo-o\n|-singleturn|p2a: Kommo-o|Protect\n|move|p1a: Overqwil|Waterfall|p2a: Kommo-o\n|-activate|p2a: Kommo-o|move: Protect\n|\n|-weather|RainDance|[upkeep]\n|upkeep\n|turn|11\n|\n|t:|1783801991\n|move|p1a: Overqwil|Waterfall|p2a: Kommo-o\n|-damage|p2a: Kommo-o|0 fnt\n|faint|p2a: Kommo-o\n|-damage|p1a: Overqwil|78/100|[from] item: Life Orb\n|\n|-weather|RainDance|[upkeep]\n|upkeep\n|\n|t:|1783801994\n|switch|p2a: Farigiraf|Farigiraf, M|100/100\n|turn|12\n|\n|t:|1783801999\n|move|p1a: Overqwil|Gunk Shot|p2a: Farigiraf|[miss]\n|-miss|p1a: Overqwil|p2a: Farigiraf\n|move|p2a: Farigiraf|Trick Room|p2a: Farigiraf\n|-fieldstart|move: Trick Room|[of] p2a: Farigiraf\n|\n|-weather|RainDance|[upkeep]\n|upkeep\n|turn|13\n|\n|t:|1783802008\n|switch|p1a: Dondozo|Dondozo, F|100/100\n|-damage|p1a: Dondozo|88/100|[from] Stealth Rock\n|move|p2a: Farigiraf|Future Sight|p1a: Dondozo\n|-start|p2a: Farigiraf|move: Future Sight\n|\n|-weather|RainDance|[upkeep]\n|-heal|p1a: Dondozo|94/100|[from] item: Leftovers\n|upkeep\n|turn|14\n|\n|t:|1783802018\n|move|p1a: Dondozo|Curse|p1a: Dondozo\n|-unboost|p1a: Dondozo|spe|1\n|-boost|p1a: Dondozo|atk|1\n|-boost|p1a: Dondozo|def|1\n|move|p2a: Farigiraf|Endeavor|p1a: Dondozo\n|-damage|p1a: Dondozo|89/100\n|\n|-weather|RainDance|[upkeep]\n|-heal|p1a: Dondozo|95/100|[from] item: Leftovers\n|upkeep\n|turn|15\n|\n|t:|1783802027\n|switch|p2a: Goodra|Goodra-Hisui, F|100/100\n|move|p1a: Dondozo|Waterfall|p2a: Goodra\n|-resisted|p2a: Goodra\n|-damage|p2a: Goodra|72/100\n|\n|-weather|RainDance|[upkeep]\n|-end|p1a: Dondozo|move: Future Sight\n|-damage|p1a: Dondozo|53/100\n|-heal|p1a: Dondozo|60/100|[from] item: Leftovers\n|-heal|p2a: Goodra|79/100|[from] item: Leftovers\n|upkeep\n|turn|16\n|\n|t:|1783802037\n|move|p1a: Dondozo|Waterfall|p2a: Goodra\n|-resisted|p2a: Goodra\n|-damage|p2a: Goodra|47/100\n|move|p2a: Goodra|Curse|p2a: Goodra\n|-unboost|p2a: Goodra|spe|1\n|-boost|p2a: Goodra|atk|1\n|-boost|p2a: Goodra|def|1\n|\n|-weather|none\n|-heal|p1a: Dondozo|66/100|[from] item: Leftovers\n|-heal|p2a: Goodra|54/100|[from] item: Leftovers\n|-fieldend|move: Trick Room\n|upkeep\n|turn|17\n|\n|t:|1783802047\n|move|p1a: Dondozo|Curse|p1a: Dondozo\n|-unboost|p1a: Dondozo|spe|1\n|-boost|p1a: Dondozo|atk|1\n|-boost|p1a: Dondozo|def|1\n|move|p2a: Goodra|Dragon Tail|p1a: Dondozo|[miss]\n|-miss|p2a: Goodra|p1a: Dondozo\n|\n|-heal|p2a: Goodra|60/100|[from] item: Leftovers\n|-heal|p1a: Dondozo|72/100|[from] item: Leftovers\n|upkeep\n|turn|18\n|\n|t:|1783802055\n|move|p1a: Dondozo|Waterfall|p2a: Goodra\n|-resisted|p2a: Goodra\n|-damage|p2a: Goodra|33/100\n|move|p2a: Goodra|Dragon Tail|p1a: Dondozo\n|-damage|p1a: Dondozo|67/100\n|drag|p1a: Iron Treads|Iron Treads|100/100\n|-damage|p1a: Iron Treads|97/100|[from] Stealth Rock\n|-enditem|p1a: Iron Treads|Booster Energy\n|-activate|p1a: Iron Treads|ability: Quark Drive|[fromitem]\n|-start|p1a: Iron Treads|quarkdrivespe\n|\n|-heal|p2a: Goodra|40/100|[from] item: Leftovers\n|upkeep\n|turn|19\n|\n|t:|1783802066\n|move|p1a: Iron Treads|Earthquake|p2a: Goodra\n|-supereffective|p2a: Goodra\n|-damage|p2a: Goodra|0 fnt\n|faint|p2a: Goodra\n|\n|upkeep\n|\n|t:|1783802070\n|switch|p2a: Zangoose|Zangoose, M|100/100\n|turn|20\n|\n|t:|1783802074\n|move|p1a: Iron Treads|Earthquake|p2a: Zangoose\n|-damage|p2a: Zangoose|32/100\n|move|p2a: Zangoose|Substitute|p2a: Zangoose\n|-start|p2a: Zangoose|Substitute\n|-damage|p2a: Zangoose|7/100\n|-enditem|p2a: Zangoose|Aguav Berry|[eat]\n|-heal|p2a: Zangoose|40/100|[from] item: Aguav Berry\n|\n|upkeep\n|turn|21\n|-message|nosenomeables forfeited.\n|\n|win|mcguuuuuuuuu\n|raw|mcguuuuuuuuu's rating: 1252 &rarr; <strong>1275</strong><br />(+23 for winning)\n|raw|nosenomeables's rating: 1223 &rarr; <strong>1200</strong><br />(-23 for losing)\n|l|☆nosenomeables\n|player|p2|\n|l|☆mcguuuuuuuuu\n|player|p1|\n", "uploadtime": 1783802353, "views": 7, "formatid": "gen9ou", "rating": 1200, "private": 0, "password": null}