{"id": "gen9ou-2647801412", "format": "[Gen 9] OU", "players": ["OUBotBeepBoop", "Makalvin123"], "log": "|j|☆OUBotBeepBoop\n|j|‽Makalvin123\n|t:|1783815059\n|gametype|singles\n|player|p1|OUBotBeepBoop|102|1195\n|player|p2|Makalvin123|266|1254\n|gen|9\n|tier|[Gen 9] OU\n|rated|\n|rule|HP Percentage Mod: HP is shown in percentages\n|rule|Endless Battle Clause: Forcing endless battles is banned\n|rule|Species Clause: Limit one of each Pokémon\n|rule|OHKO Clause: OHKO moves are banned\n|rule|Evasion Items Clause: Evasion items are banned\n|rule|Evasion Moves Clause: Evasion moves are banned\n|rule|Evasion Abilities Clause: Evasion abilities are banned\n|rule|Sleep Moves Clause: Sleep-inducing moves are banned\n|clearpoke\n|poke|p1|Glimmora, M|\n|poke|p1|Great Tusk|\n|poke|p1|Kingambit, M|\n|poke|p1|Dragapult, M|\n|poke|p1|Clefable, M|\n|poke|p1|Corviknight, F|\n|poke|p2|Indeedee, M|\n|poke|p2|Hawlucha, M|\n|poke|p2|Polteageist-Antique|\n|poke|p2|Slowking-Galar, M|\n|poke|p2|Rotom-Frost|\n|poke|p2|Kleavor, M|\n|teampreview\n|inactive|Battle timer is ON: inactive players will automatically lose when time's up. (requested by OUBotBeepBoop)\n|\n|t:|1783815065\n|teamsize|p1|6\n|teamsize|p2|6\n|start\n|switch|p1a: Glimmora|Glimmora, M|100/100\n|switch|p2a: Rotom|Rotom-Frost|100/100\n|turn|1\n|\n|t:|1783815073\n|move|p2a: Rotom|Volt Switch|p1a: Glimmora\n|-damage|p1a: Glimmora|62/100\n|\n|t:|1783815077\n|switch|p2a: Kleavor|Kleavor, M|100/100|[from] Volt Switch\n|move|p1a: Glimmora|Power Gem|p2a: Kleavor\n|-supereffective|p2a: Kleavor\n|-damage|p2a: Kleavor|0 fnt\n|faint|p2a: Kleavor\n|\n|upkeep\n|\n|t:|1783815092\n|switch|p2a: Indeedee|Indeedee, M|100/100\n|-fieldstart|move: Psychic Terrain|[from] ability: Psychic Surge|[of] p2a: Indeedee\n|turn|2\n|\n|t:|1783815097\n|switch|p1a: Kingambit|Kingambit, M|100/100\n|move|p2a: Indeedee|Expanding Force|p1a: Kingambit\n|-immune|p1a: Kingambit\n|\n|upkeep\n|turn|3\n|\n|t:|1783815106\n|-terastallize|p2a: Indeedee|Fairy\n|move|p2a: Indeedee|Dazzling Gleam|p1a: Kingambit\n|-damage|p1a: Kingambit|69/100\n|move|p1a: Kingambit|Kowtow Cleave|p2a: Indeedee\n|-resisted|p2a: Indeedee\n|-damage|p2a: Indeedee|39/100\n|\n|upkeep\n|turn|4\n|\n|t:|1783815119\n|move|p2a: Indeedee|Dazzling Gleam|p1a: Kingambit\n|-damage|p1a: Kingambit|32/100\n|move|p1a: Kingambit|Kowtow Cleave|p2a: Indeedee\n|-resisted|p2a: Indeedee\n|-damage|p2a: Indeedee|0 fnt\n|faint|p2a: Indeedee\n|\n|upkeep\n|\n|t:|1783815128\n|switch|p2a: Hawlucha|Hawlucha, M|100/100\n|-enditem|p2a: Hawlucha|Psychic Seed\n|-boost|p2a: Hawlucha|spd|1|[from] item: Psychic Seed\n|turn|5\n|\n|t:|1783815132\n|-end|p1a: Kingambit|fallenundefined|[silent]\n|switch|p1a: Clefable|Clefable, M|100/100\n|move|p2a: Hawlucha|Swords Dance|p2a: Hawlucha\n|-boost|p2a: Hawlucha|atk|2\n|\n|upkeep\n|turn|6\n|\n|t:|1783815139\n|move|p2a: Hawlucha|Acrobatics|p1a: Clefable\n|-damage|p1a: Clefable|62/100\n|move|p1a: Clefable|Moonblast|p2a: Hawlucha\n|-supereffective|p2a: Hawlucha\n|-damage|p2a: Hawlucha|0 fnt\n|faint|p2a: Hawlucha\n|\n|-heal|p1a: Clefable|69/100|[from] item: Leftovers\n|upkeep\n|\n|t:|1783815156\n|switch|p2a: Slowking|Slowking-Galar, M|100/100\n|turn|7\n|\n|t:|1783815160\n|switch|p1a: Great Tusk|Great Tusk|100/100\n|move|p2a: Slowking|Expanding Force|p1a: Great Tusk\n|-supereffective|p1a: Great Tusk\n|-damage|p1a: Great Tusk|0 fnt\n|faint|p1a: Great Tusk\n|-end|p1a: Great Tusk|Protosynthesis|[silent]\n|-damage|p2a: Slowking|91/100|[from] item: Life Orb\n|\n|upkeep\n|\n|t:|1783815161\n|switch|p1a: Kingambit|Kingambit, M|32/100\n|-activate|p1a: Kingambit|ability: Supreme Overlord\n|-start|p1a: Kingambit|fallen1|[silent]\n|turn|8\n|\n|t:|1783815173\n|move|p1a: Kingambit|Kowtow Cleave|p2a: Slowking\n|-supereffective|p2a: Slowking\n|-damage|p2a: Slowking|0 fnt\n|faint|p2a: Slowking\n|\n|upkeep\n|\n|t:|1783815181\n|switch|p2a: Rotom|Rotom-Frost|100/100\n|turn|9\n|\n|t:|1783815186\n|move|p1a: Kingambit|Sucker Punch|p2a: Rotom\n|-hint|Psychic Terrain doesn't affect airborne Pokémon.\n|-damage|p2a: Rotom|34/100\n|move|p2a: Rotom|Volt Switch|p1a: Kingambit\n|-damage|p1a: Kingambit|4/100\n|\n|t:|1783815192\n|switch|p2a: Polteageist|Polteageist-Antique|100/100|[from] Volt Switch\n|\n|-fieldend|move: Psychic Terrain\n|upkeep\n|turn|10\n|\n|t:|1783815198\n|move|p2a: Polteageist|Shell Smash|p2a: Polteageist\n|-unboost|p2a: Polteageist|def|1\n|-unboost|p2a: Polteageist|spd|1\n|-boost|p2a: Polteageist|atk|2\n|-boost|p2a: Polteageist|spa|2\n|-boost|p2a: Polteageist|spe|2\n|move|p1a: Kingambit|Kowtow Cleave|p2a: Polteageist\n|-supereffective|p2a: Polteageist\n|-enditem|p2a: Polteageist|Focus Sash\n|-damage|p2a: Polteageist|1/100\n|-ability|p2a: Polteageist|Weak Armor|boost\n|-unboost|p2a: Polteageist|def|1\n|-boost|p2a: Polteageist|spe|2\n|\n|upkeep\n|turn|11\n|\n|t:|1783815211\n|move|p2a: Polteageist|Shell Smash|p2a: Polteageist\n|-unboost|p2a: Polteageist|def|1\n|-unboost|p2a: Polteageist|spd|1\n|-boost|p2a: Polteageist|atk|2\n|-boost|p2a: Polteageist|spa|2\n|-boost|p2a: Polteageist|spe|2\n|move|p1a: Kingambit|Kowtow Cleave|p2a: Polteageist\n|-supereffective|p2a: Polteageist\n|-damage|p2a: Polteageist|0 fnt\n|faint|p2a: Polteageist\n|\n|upkeep\n|-message|Makalvin123 forfeited.\n|\n|win|OUBotBeepBoop\n|raw|OUBotBeepBoop's rating: 1201 &rarr; <strong>1230</strong><br />(+29 for winning)\n|raw|Makalvin123's rating: 1254 &rarr; <strong>1225</strong><br />(-29 for losing)\n|l|‽Makalvin123\n|player|p2|\n|l|☆OUBotBeepBoop\n|player|p1|\n|j|‽Makalvin123\n|player|p2|Makalvin123|266|\n|l|‽Makalvin123\n|player|p2|\n", "uploadtime": 1783815541, "views": 7, "formatid": "gen9ou", "rating": 1225, "private": 0, "password": null}