{"id": "gen9ou-2639290535", "format": "[Gen 9] OU", "players": ["telawn", "Issei11"], "log": "|j|☆telawn\n|j|☆Issei11\n|t:|1782446853\n|gametype|singles\n|player|p1|telawn|169|1320\n|player|p2|Issei11|101|1319\n|gen|9\n|tier|[Gen 9] OU\n|rated|\n|rule|HP Percentage Mod: HP is shown in percentages\n|rule|Endless Battle Clause: Forcing endless battles is banned\n|rule|Species Clause: Limit one of each Pokémon\n|rule|OHKO Clause: OHKO moves are banned\n|rule|Evasion Items Clause: Evasion items are banned\n|rule|Evasion Moves Clause: Evasion moves are banned\n|rule|Evasion Abilities Clause: Evasion abilities are banned\n|rule|Sleep Moves Clause: Sleep-inducing moves are banned\n|clearpoke\n|poke|p1|Darkrai|\n|poke|p1|Landorus-Therian, M|\n|poke|p1|Gholdengo|\n|poke|p1|Ogerpon-Wellspring, F|\n|poke|p1|Great Tusk|\n|poke|p1|Raging Bolt|\n|poke|p2|Dragonite, M|\n|poke|p2|Zamazenta-*|\n|poke|p2|Gholdengo|\n|poke|p2|Ting-Lu|\n|poke|p2|Pecharunt|\n|poke|p2|Gliscor, F|\n|teampreview\n|inactive|Battle timer is ON: inactive players will automatically lose when time's up. (requested by telawn)\n|\n|t:|1782446873\n|teamsize|p1|6\n|teamsize|p2|6\n|start\n|switch|p1a: Ogerpon|Ogerpon-Wellspring, F|100/100\n|switch|p2a: Gliscor|Gliscor, F|100/100\n|turn|1\n|\n|t:|1782446879\n|move|p2a: Gliscor|Protect|p2a: Gliscor\n|-singleturn|p2a: Gliscor|Protect\n|move|p1a: Ogerpon|Knock Off|p2a: Gliscor\n|-activate|p2a: Gliscor|move: Protect\n|\n|-status|p2a: Gliscor|tox|[from] item: Toxic Orb\n|upkeep\n|turn|2\n|\n|t:|1782446893\n|switch|p2a: Pecharunt|Pecharunt|100/100\n|move|p1a: Ogerpon|Spikes|p2a: Pecharunt\n|-sidestart|p2: Issei11|Spikes\n|\n|upkeep\n|turn|3\n|\n|t:|1782446904\n|move|p1a: Ogerpon|U-turn|p2a: Pecharunt\n|-resisted|p2a: Pecharunt\n|-damage|p2a: Pecharunt|97/100\n|\n|t:|1782446906\n|switch|p1a: Landorus|Landorus-Therian, M|100/100|[from] U-turn\n|-ability|p1a: Landorus|Intimidate|boost\n|-unboost|p2a: Pecharunt|atk|1\n|move|p2a: Pecharunt|Parting Shot|p1a: Landorus\n|-unboost|p1a: Landorus|atk|1\n|-unboost|p1a: Landorus|spa|1\n|\n|t:|1782446917\n|switch|p2a: Dragonite|Dragonite, M|100/100|[from] Parting Shot\n|\n|upkeep\n|turn|4\n|\n|t:|1782446921\n|move|p1a: Landorus|Taunt|p2a: Dragonite\n|-start|p2a: Dragonite|move: Taunt\n|cant|p2a: Dragonite|move: Taunt|Dragon Dance\n|\n|upkeep\n|turn|5\n|\n|t:|1782446925\n|move|p1a: Landorus|Stealth Rock|p2a: Dragonite\n|-sidestart|p2: Issei11|move: Stealth Rock\n|move|p2a: Dragonite|Ice Spinner|p1a: Landorus\n|-supereffective|p1a: Landorus\n|-damage|p1a: Landorus|0 fnt\n|-damage|p2a: Dragonite|84/100|[from] item: Rocky Helmet|[of] p1a: Landorus\n|faint|p1a: Landorus\n|\n|upkeep\n|inactive|telawn has 120 seconds left.\n|\n|t:|1782446978\n|switch|p1a: Great Tusk|Great Tusk|100/100\n|turn|6\n|\n|t:|1782446989\n|switch|p2a: Gliscor|Gliscor, F|100/100 tox\n|-damage|p2a: Gliscor|88/100 tox|[from] Stealth Rock\n|move|p1a: Great Tusk|Ice Spinner|p2a: Gliscor\n|-supereffective|p2a: Gliscor\n|-damage|p2a: Gliscor|0 fnt\n|faint|p2a: Gliscor\n|\n|upkeep\n|\n|t:|1782447006\n|switch|p2a: Zamazenta|Zamazenta|100/100\n|-damage|p2a: Zamazenta|88/100|[from] Spikes\n|-damage|p2a: Zamazenta|82/100|[from] Stealth Rock\n|-ability|p2a: Zamazenta|Dauntless Shield|boost\n|-boost|p2a: Zamazenta|def|1\n|turn|7\n|\n|t:|1782447017\n|-end|p1a: Great Tusk|Protosynthesis|[silent]\n|switch|p1a: Gholdengo|Gholdengo|100/100\n|move|p2a: Zamazenta|Iron Defense|p2a: Zamazenta\n|-boost|p2a: Zamazenta|def|2\n|\n|-heal|p2a: Zamazenta|88/100|[from] item: Leftovers\n|upkeep\n|turn|8\n|\n|t:|1782447021\n|move|p2a: Zamazenta|Crunch|p1a: Gholdengo\n|-supereffective|p1a: Gholdengo\n|-damage|p1a: Gholdengo|71/100\n|move|p1a: Gholdengo|Thunder Wave|p2a: Zamazenta\n|-status|p2a: Zamazenta|par\n|\n|-heal|p1a: Gholdengo|77/100|[from] item: Leftovers\n|-heal|p2a: Zamazenta|94/100 par|[from] item: Leftovers\n|upkeep\n|turn|9\n|\n|t:|1782447034\n|switch|p1a: Ogerpon|Ogerpon-Wellspring, F|100/100\n|switch|p2a: Gholdengo|Gholdengo|100/100\n|-damage|p2a: Gholdengo|94/100|[from] Stealth Rock\n|-item|p2a: Gholdengo|Air Balloon\n|\n|upkeep\n|turn|10\n|\n|t:|1782447041\n|switch|p2a: Pecharunt|Pecharunt|97/100\n|move|p1a: Ogerpon|Knock Off|p2a: Pecharunt\n|-supereffective|p2a: Pecharunt\n|-damage|p2a: Pecharunt|60/100\n|-enditem|p2a: Pecharunt|Heavy-Duty Boots|[from] move: Knock Off|[of] p1a: Ogerpon\n|\n|upkeep\n|turn|11\n|\n|t:|1782447051\n|move|p1a: Ogerpon|Spikes|p2a: Pecharunt\n|-sidestart|p2: Issei11|Spikes\n|move|p2a: Pecharunt|Foul Play|p1a: Ogerpon\n|-crit|p1a: Ogerpon\n|-damage|p1a: Ogerpon|35/100\n|\n|upkeep\n|turn|12\n|\n|t:|1782447059\n|move|p1a: Ogerpon|U-turn|p2a: Pecharunt\n|-resisted|p2a: Pecharunt\n|-damage|p2a: Pecharunt|58/100\n|\n|t:|1782447061\n|switch|p1a: Raging Bolt|Raging Bolt|100/100|[from] U-turn\n|move|p2a: Pecharunt|Malignant Chain|p1a: Raging Bolt\n|-damage|p1a: Raging Bolt|68/100\n|\n|upkeep\n|turn|13\n|\n|t:|1782447070\n|switch|p2a: Ting-Lu|Ting-Lu|100/100\n|-damage|p2a: Ting-Lu|84/100|[from] Spikes\n|-damage|p2a: Ting-Lu|78/100|[from] Stealth Rock\n|-ability|p2a: Ting-Lu|Vessel of Ruin\n|move|p1a: Raging Bolt|Draco Meteor|p2a: Ting-Lu\n|-damage|p2a: Ting-Lu|28/100\n|-unboost|p1a: Raging Bolt|spa|2\n|\n|-heal|p2a: Ting-Lu|34/100|[from] item: Leftovers\n|upkeep\n|turn|14\n|\n|t:|1782447091\n|-end|p1a: Raging Bolt|Protosynthesis|[silent]\n|switch|p1a: Gholdengo|Gholdengo|77/100\n|move|p2a: Ting-Lu|Earthquake|p1a: Gholdengo\n|-supereffective|p1a: Gholdengo\n|-damage|p1a: Gholdengo|25/100\n|\n|-heal|p1a: Gholdengo|31/100|[from] item: Leftovers\n|-heal|p2a: Ting-Lu|40/100|[from] item: Leftovers\n|upkeep\n|turn|15\n|\n|t:|1782447098\n|move|p1a: Gholdengo|Make It Rain|p2a: Ting-Lu\n|-damage|p2a: Ting-Lu|18/100\n|-unboost|p1a: Gholdengo|spa|1\n|move|p2a: Ting-Lu|Earthquake|p1a: Gholdengo\n|-supereffective|p1a: Gholdengo\n|-damage|p1a: Gholdengo|0 fnt\n|faint|p1a: Gholdengo\n|\n|-heal|p2a: Ting-Lu|24/100|[from] item: Leftovers\n|upkeep\n|\n|t:|1782447102\n|switch|p1a: Great Tusk|Great Tusk|100/100\n|turn|16\n|\n|t:|1782447113\n|move|p1a: Great Tusk|Ice Spinner|p2a: Ting-Lu\n|-supereffective|p2a: Ting-Lu\n|-damage|p2a: Ting-Lu|0 fnt\n|faint|p2a: Ting-Lu\n|\n|upkeep\n|\n|t:|1782447118\n|switch|p2a: Zamazenta|Zamazenta|94/100 par\n|-damage|p2a: Zamazenta|78/100 par|[from] Spikes\n|-damage|p2a: Zamazenta|72/100 par|[from] Stealth Rock\n|turn|17\n|\n|t:|1782447128\n|-end|p1a: Great Tusk|Protosynthesis|[silent]\n|switch|p1a: Raging Bolt|Raging Bolt|68/100\n|cant|p2a: Zamazenta|par\n|\n|-heal|p2a: Zamazenta|78/100 par|[from] item: Leftovers\n|upkeep\n|turn|18\n|\n|t:|1782447138\n|move|p1a: Raging Bolt|Thunderbolt|p2a: Zamazenta\n|-damage|p2a: Zamazenta|13/100 par\n|move|p2a: Zamazenta|Body Press|p1a: Raging Bolt\n|-damage|p1a: Raging Bolt|38/100\n|\n|-heal|p2a: Zamazenta|19/100 par|[from] item: Leftovers\n|upkeep\n|turn|19\n|\n|t:|1782447143\n|move|p1a: Raging Bolt|Thunderbolt|p2a: Zamazenta\n|-damage|p2a: Zamazenta|0 fnt\n|faint|p2a: Zamazenta\n|\n|upkeep\n|\n|t:|1782447145\n|switch|p2a: Dragonite|Dragonite, M|84/100\n|turn|20\n|\n|t:|1782447152\n|-end|p1a: Raging Bolt|Protosynthesis|[silent]\n|switch|p1a: Ogerpon|Ogerpon-Wellspring, F|35/100\n|move|p2a: Dragonite|Dragon Dance|p2a: Dragonite\n|-boost|p2a: Dragonite|atk|1\n|-boost|p2a: Dragonite|spe|1\n|\n|upkeep\n|turn|21\n|\n|t:|1782447162\n|move|p2a: Dragonite|Extreme Speed|p1a: Ogerpon\n|-damage|p1a: Ogerpon|0 fnt\n|faint|p1a: Ogerpon\n|\n|upkeep\n|\n|t:|1782447165\n|switch|p1a: Raging Bolt|Raging Bolt|38/100\n|turn|22\n|\n|t:|1782447169\n|-terastallize|p1a: Raging Bolt|Fairy\n|move|p2a: Dragonite|Ice Spinner|p1a: Raging Bolt\n|-damage|p1a: Raging Bolt|0 fnt\n|faint|p1a: Raging Bolt\n|-end|p1a: Raging Bolt|Protosynthesis|[silent]\n|\n|upkeep\n|\n|t:|1782447173\n|switch|p1a: Darkrai|Darkrai|100/100\n|turn|23\n|\n|t:|1782447198\n|move|p2a: Dragonite|Earthquake|p1a: Darkrai\n|-damage|p1a: Darkrai|18/100\n|move|p1a: Darkrai|Ice Beam|p2a: Dragonite\n|-supereffective|p2a: Dragonite\n|-damage|p2a: Dragonite|0 fnt\n|faint|p2a: Dragonite\n|\n|-heal|p1a: Darkrai|24/100|[from] item: Leftovers\n|upkeep\n|\n|t:|1782447208\n|switch|p2a: Pecharunt|Pecharunt|58/100\n|-damage|p2a: Pecharunt|41/100|[from] Spikes\n|-damage|p2a: Pecharunt|29/100|[from] Stealth Rock\n|turn|24\n|\n|t:|1782447212\n|move|p1a: Darkrai|Dark Pulse|p2a: Pecharunt\n|-supereffective|p2a: Pecharunt\n|-damage|p2a: Pecharunt|0 fnt\n|faint|p2a: Pecharunt\n|\n|-heal|p1a: Darkrai|30/100|[from] item: Leftovers\n|upkeep\n|\n|t:|1782447214\n|switch|p2a: Gholdengo|Gholdengo|94/100\n|-damage|p2a: Gholdengo|88/100|[from] Stealth Rock\n|-item|p2a: Gholdengo|Air Balloon\n|turn|25\n|\n|t:|1782447226\n|-terastallize|p2a: Gholdengo|Fairy\n|move|p1a: Darkrai|Dark Pulse|p2a: Gholdengo\n|-resisted|p2a: Gholdengo\n|-damage|p2a: Gholdengo|65/100\n|-enditem|p2a: Gholdengo|Air Balloon\n|move|p2a: Gholdengo|Focus Blast|p1a: Darkrai\n|-supereffective|p1a: Darkrai\n|-damage|p1a: Darkrai|0 fnt\n|faint|p1a: Darkrai\n|\n|upkeep\n|\n|t:|1782447230\n|switch|p1a: Great Tusk|Great Tusk|100/100\n|turn|26\n|\n|t:|1782447236\n|move|p1a: Great Tusk|Headlong Rush|p2a: Gholdengo\n|-damage|p2a: Gholdengo|0 fnt\n|-unboost|p1a: Great Tusk|def|1\n|-unboost|p1a: Great Tusk|spd|1\n|faint|p2a: Gholdengo\n|\n|win|telawn\n|raw|telawn's rating: 1320 &rarr; <strong>1340</strong><br />(+20 for winning)\n|raw|Issei11's rating: 1319 &rarr; <strong>1299</strong><br />(-20 for losing)\n|l|☆Issei11\n|player|p2|\n|l|☆telawn\n|player|p1|\n", "uploadtime": 1782447626, "views": 4, "formatid": "gen9ou", "rating": 1299, "private": 0, "password": null}