{"id": "gen9ou-2647685179", "format": "[Gen 9] OU", "players": ["deasonator", "a3720"], "log": "|j|☆deasonator\n|j|☆a3720\n|t:|1783796045\n|gametype|singles\n|player|p1|deasonator|169|1531\n|player|p2|a3720|1|1633\n|gen|9\n|tier|[Gen 9] OU\n|rated|\n|rule|HP Percentage Mod: HP is shown in percentages\n|rule|Endless Battle Clause: Forcing endless battles is banned\n|rule|Species Clause: Limit one of each Pokémon\n|rule|OHKO Clause: OHKO moves are banned\n|rule|Evasion Items Clause: Evasion items are banned\n|rule|Evasion Moves Clause: Evasion moves are banned\n|rule|Evasion Abilities Clause: Evasion abilities are banned\n|rule|Sleep Moves Clause: Sleep-inducing moves are banned\n|clearpoke\n|poke|p1|Rillaboom, M|\n|poke|p1|Hitmonlee, M|\n|poke|p1|Samurott-Hisui, M|\n|poke|p1|Slowking-Galar, M|\n|poke|p1|Zamazenta-*|\n|poke|p1|Heatran, M|\n|poke|p2|Indeedee, M|\n|poke|p2|Dragapult, F|\n|poke|p2|Deoxys-Speed|\n|poke|p2|Excadrill, F|\n|poke|p2|Quaquaval, F|\n|poke|p2|Armarouge, M|\n|teampreview\n|j| lowladderubersnoob\n|inactive|Battle timer is ON: inactive players will automatically lose when time's up. (requested by deasonator)\n|\n|t:|1783796079\n|teamsize|p1|6\n|teamsize|p2|6\n|start\n|switch|p1a: Samurott|Samurott-Hisui, M|100/100\n|switch|p2a: Quaquaval|Quaquaval, F|100/100\n|turn|1\n|\n|t:|1783796093\n|switch|p1a: Rillaboom|Rillaboom, M|100/100\n|-fieldstart|move: Grassy Terrain|[from] ability: Grassy Surge|[of] p1a: Rillaboom\n|move|p2a: Quaquaval|Close Combat|p1a: Rillaboom\n|-damage|p1a: Rillaboom|10/100\n|-unboost|p2a: Quaquaval|def|1\n|-unboost|p2a: Quaquaval|spd|1\n|-damage|p2a: Quaquaval|91/100|[from] item: Life Orb\n|\n|-heal|p1a: Rillaboom|16/100|[from] Grassy Terrain\n|-heal|p2a: Quaquaval|97/100|[from] Grassy Terrain\n|upkeep\n|turn|2\n|inactive|a3720 has 120 seconds left.\n|\n|t:|1783796129\n|-terastallize|p2a: Quaquaval|Fighting\n|move|p1a: Rillaboom|Grassy Glide|p2a: Quaquaval\n|-damage|p2a: Quaquaval|23/100\n|move|p2a: Quaquaval|Aqua Step|p1a: Rillaboom\n|-resisted|p1a: Rillaboom\n|-damage|p1a: Rillaboom|0 fnt\n|-boost|p2a: Quaquaval|spe|1\n|faint|p1a: Rillaboom\n|-ability|p2a: Quaquaval|Moxie|boost\n|-boost|p2a: Quaquaval|atk|1\n|-damage|p2a: Quaquaval|13/100|[from] item: Life Orb\n|\n|-heal|p2a: Quaquaval|19/100|[from] Grassy Terrain\n|upkeep\n|\n|t:|1783796142\n|switch|p1a: Samurott|Samurott-Hisui, M|100/100\n|turn|3\n|inactive|a3720 has 120 seconds left.\n|\n|t:|1783796153\n|switch|p2a: Indeedee|Indeedee, M|100/100\n|-fieldstart|move: Psychic Terrain|[from] ability: Psychic Surge|[of] p2a: Indeedee\n|move|p1a: Samurott|Ceaseless Edge|p2a: Indeedee\n|-supereffective|p2a: Indeedee\n|-damage|p2a: Indeedee|0 fnt\n|-sidestart|p2: a3720|Spikes\n|faint|p2a: Indeedee\n|\n|upkeep\n|inactive|a3720 has 120 seconds left.\n|\n|t:|1783796184\n|switch|p2a: Quaquaval|Quaquaval, F, tera:Fighting|19/100\n|-damage|p2a: Quaquaval|7/100|[from] Spikes\n|turn|4\n|\n|t:|1783796190\n|move|p1a: Samurott|Ceaseless Edge|p2a: Quaquaval|[miss]\n|-miss|p1a: Samurott|p2a: Quaquaval\n|move|p2a: Quaquaval|Close Combat|p1a: Samurott\n|-supereffective|p1a: Samurott\n|-enditem|p1a: Samurott|Focus Sash\n|-damage|p1a: Samurott|1/100\n|-unboost|p2a: Quaquaval|def|1\n|-unboost|p2a: Quaquaval|spd|1\n|-damage|p2a: Quaquaval|0 fnt|[from] item: Life Orb\n|faint|p2a: Quaquaval\n|\n|upkeep\n|\n|t:|1783796207\n|switch|p2a: Excadrill|Excadrill, F|100/100\n|-damage|p2a: Excadrill|88/100|[from] Spikes\n|-ability|p2a: Excadrill|Mold Breaker\n|turn|5\n|\n|t:|1783796213\n|move|p2a: Excadrill|Rapid Spin|p1a: Samurott\n|-damage|p1a: Samurott|0 fnt\n|-boost|p2a: Excadrill|spe|1\n|-sideend|p2: a3720|Spikes|[from] move: Rapid Spin|[of] p2a: Excadrill\n|faint|p1a: Samurott\n|\n|upkeep\n|\n|t:|1783796227\n|switch|p1a: Zamazenta|Zamazenta|100/100\n|-ability|p1a: Zamazenta|Dauntless Shield|boost\n|-boost|p1a: Zamazenta|def|1\n|turn|6\n|\n|t:|1783796232\n|switch|p2a: Armarouge|Armarouge, M|100/100\n|move|p1a: Zamazenta|Body Press|p2a: Armarouge\n|-resisted|p2a: Armarouge\n|-damage|p2a: Armarouge|68/100\n|-ability|p2a: Armarouge|Weak Armor|boost\n|-unboost|p2a: Armarouge|def|1\n|-boost|p2a: Armarouge|spe|2\n|\n|upkeep\n|turn|7\n|l| lowladderubersnoob\n|\n|t:|1783796242\n|switch|p1a: Heatran|Heatran, M|100/100\n|move|p2a: Armarouge|Expanding Force|p1a: Heatran\n|-resisted|p1a: Heatran\n|-damage|p1a: Heatran|53/100\n|\n|upkeep\n|turn|8\n|inactive|a3720 has 120 seconds left.\n|\n|t:|1783796258\n|move|p2a: Armarouge|Expanding Force|p1a: Heatran\n|-resisted|p1a: Heatran\n|-damage|p1a: Heatran|10/100\n|move|p1a: Heatran|Earth Power|p2a: Armarouge\n|-supereffective|p2a: Armarouge\n|-damage|p2a: Armarouge|0 fnt\n|faint|p2a: Armarouge\n|\n|upkeep\n|inactive|a3720 has 120 seconds left.\n|\n|t:|1783796274\n|switch|p2a: Deoxys|Deoxys-Speed|100/100\n|-ability|p2a: Deoxys|Pressure\n|turn|9\n|\n|t:|1783796282\n|move|p2a: Deoxys|Expanding Force|p1a: Heatran\n|-resisted|p1a: Heatran\n|-damage|p1a: Heatran|0 fnt\n|faint|p1a: Heatran\n|-damage|p2a: Deoxys|91/100|[from] item: Life Orb\n|\n|upkeep\n|\n|t:|1783796288\n|switch|p1a: Slowking|Slowking-Galar, M|100/100\n|turn|10\n|\n|t:|1783796299\n|move|p2a: Deoxys|Expanding Force|p1a: Slowking\n|-damage|p1a: Slowking|47/100\n|-damage|p2a: Deoxys|81/100|[from] item: Life Orb\n|move|p1a: Slowking|Sludge Bomb|p2a: Deoxys\n|-crit|p2a: Deoxys\n|-damage|p2a: Deoxys|4/100\n|-status|p2a: Deoxys|psn\n|\n|-damage|p2a: Deoxys|0 fnt|[from] psn\n|faint|p2a: Deoxys\n|-fieldend|move: Psychic Terrain\n|upkeep\n|inactive|a3720 has 120 seconds left.\n|\n|t:|1783796313\n|switch|p2a: Dragapult|Dragapult, F|100/100\n|turn|11\n|\n|t:|1783796317\n|move|p2a: Dragapult|Dragon Dance|p2a: Dragapult\n|-boost|p2a: Dragapult|atk|1\n|-boost|p2a: Dragapult|spe|1\n|move|p1a: Slowking|Sludge Bomb|p2a: Dragapult\n|-resisted|p2a: Dragapult\n|-damage|p2a: Dragapult|79/100\n|\n|upkeep\n|turn|12\n|inactive|a3720 has 120 seconds left.\n|\n|t:|1783796366\n|move|p2a: Dragapult|Dragon Dance|p2a: Dragapult\n|-boost|p2a: Dragapult|atk|1\n|-boost|p2a: Dragapult|spe|1\n|move|p1a: Slowking|Future Sight|p2a: Dragapult\n|-start|p1a: Slowking|move: Future Sight\n|\n|upkeep\n|turn|13\n|\n|t:|1783796377\n|switch|p1a: Hitmonlee|Hitmonlee, M|100/100\n|move|p2a: Dragapult|Dragon Darts|p1a: Hitmonlee\n|-damage|p1a: Hitmonlee|0 fnt\n|faint|p1a: Hitmonlee\n|-damage|p2a: Dragapult|69/100|[from] item: Life Orb\n|\n|upkeep\n|\n|t:|1783796385\n|switch|p1a: Slowking|Slowking-Galar, M|80/100\n|turn|14\n|\n|t:|1783796390\n|move|p2a: Dragapult|Phantom Force||[still]\n|-prepare|p2a: Dragapult|Phantom Force\n|move|p1a: Slowking|Sludge Bomb|p2a: Dragapult|[miss]|[miss]\n|-miss|p1a: Slowking|p2a: Dragapult\n|\n|-end|p2a: Dragapult|move: Future Sight\n|-miss|p1a: Slowking|p2a: Dragapult\n|upkeep\n|turn|15\n|\n|t:|1783796405\n|move|p2a: Dragapult|Phantom Force|p1a: Slowking|[from] lockedmove\n|-supereffective|p1a: Slowking\n|-damage|p1a: Slowking|0 fnt\n|faint|p1a: Slowking\n|-damage|p2a: Dragapult|59/100|[from] item: Life Orb\n|\n|upkeep\n|\n|t:|1783796411\n|switch|p1a: Zamazenta|Zamazenta|100/100\n|turn|16\n|\n|t:|1783796417\n|move|p2a: Dragapult|Dragon Darts|p1a: Zamazenta\n|-damage|p1a: Zamazenta|50/100\n|-anim|p2a: Dragapult|Dragon Darts|p1a: Zamazenta\n|-damage|p1a: Zamazenta|2/100\n|-damage|p2a: Dragapult|49/100|[from] item: Life Orb\n|move|p1a: Zamazenta|Crunch|p2a: Dragapult\n|-supereffective|p2a: Dragapult\n|-damage|p2a: Dragapult|0 fnt\n|faint|p2a: Dragapult\n|\n|upkeep\n|\n|t:|1783796421\n|switch|p2a: Excadrill|Excadrill, F|88/100\n|-ability|p2a: Excadrill|Mold Breaker\n|turn|17\n|\n|t:|1783796430\n|-terastallize|p1a: Zamazenta|Fighting\n|move|p1a: Zamazenta|Body Press|p2a: Excadrill\n|-supereffective|p2a: Excadrill\n|-damage|p2a: Excadrill|0 fnt\n|faint|p2a: Excadrill\n|\n|win|deasonator\n|raw|deasonator's rating: 1531 &rarr; <strong>1557</strong><br />(+26 for winning)\n|raw|a3720's rating: 1633 &rarr; <strong>1607</strong><br />(-26 for losing)\n|c|☆deasonator|lol\n|l|☆a3720\n|player|p2|\n|l|☆deasonator\n|player|p1|\n", "uploadtime": 1783796660, "views": 7, "formatid": "gen9ou", "rating": 1557, "private": 0, "password": null}