{"id": "gen9ou-2639196198", "format": "[Gen 9] OU", "players": ["Power Panpour", "Seldon Fanatic"], "log": "|j|☆Power Panpour\n|j|☆Seldon Fanatic\n|t:|1782432489\n|gametype|singles\n|player|p1|Power Panpour|pokemonranger|1203\n|player|p2|Seldon Fanatic|flint|1155\n|gen|9\n|tier|[Gen 9] OU\n|rated|\n|rule|HP Percentage Mod: HP is shown in percentages\n|rule|Endless Battle Clause: Forcing endless battles is banned\n|rule|Species Clause: Limit one of each Pokémon\n|rule|OHKO Clause: OHKO moves are banned\n|rule|Evasion Items Clause: Evasion items are banned\n|rule|Evasion Moves Clause: Evasion moves are banned\n|rule|Evasion Abilities Clause: Evasion abilities are banned\n|rule|Sleep Moves Clause: Sleep-inducing moves are banned\n|clearpoke\n|poke|p1|Alomomola, M|\n|poke|p1|Landorus-Therian, M|\n|poke|p1|Cinderace, M|\n|poke|p1|Slowking-Galar, M|\n|poke|p1|Regice|\n|poke|p1|Iron Valiant|\n|poke|p2|Iron Valiant|\n|poke|p2|Garchomp, M|\n|poke|p2|Weavile, F|\n|poke|p2|Greninja-*, M|\n|poke|p2|Ceruledge, F|\n|poke|p2|Iron Moth|\n|teampreview\n|inactive|Battle timer is ON: inactive players will automatically lose when time's up. (requested by Power Panpour)\n|\n|t:|1782432518\n|teamsize|p1|6\n|teamsize|p2|6\n|start\n|switch|p1a: Drake|Regice|100/100\n|switch|p2a: Ceruledge|Ceruledge, F|100/100\n|turn|1\n|\n|t:|1782432529\n|switch|p1a: ランドロスの王|Landorus-Therian, M|100/100\n|-ability|p1a: ランドロスの王|Intimidate|boost\n|-unboost|p2a: Ceruledge|atk|1\n|move|p2a: Ceruledge|Swords Dance|p2a: Ceruledge\n|-boost|p2a: Ceruledge|atk|2\n|\n|upkeep\n|turn|2\n|\n|t:|1782432538\n|move|p1a: ランドロスの王|Earthquake|p2a: Ceruledge\n|-supereffective|p2a: Ceruledge\n|-enditem|p2a: Ceruledge|Focus Sash\n|-damage|p2a: Ceruledge|1/100\n|-ability|p2a: Ceruledge|Weak Armor|boost\n|-unboost|p2a: Ceruledge|def|1\n|-boost|p2a: Ceruledge|spe|2\n|move|p2a: Ceruledge|Poltergeist|p1a: ランドロスの王\n|-activate|p1a: ランドロスの王|move: Poltergeist|Leftovers\n|-damage|p1a: ランドロスの王|0 fnt\n|faint|p1a: ランドロスの王\n|\n|upkeep\n|\n|t:|1782432543\n|switch|p1a: Wih fih 💔|Alomomola, M|100/100\n|turn|3\n|\n|t:|1782432549\n|move|p2a: Ceruledge|Poltergeist|p1a: Wih fih 💔\n|-activate|p1a: Wih fih 💔|move: Poltergeist|Rocky Helmet\n|-damage|p1a: Wih fih 💔|54/100\n|move|p1a: Wih fih 💔|Flip Turn|p2a: Ceruledge\n|-supereffective|p2a: Ceruledge\n|-damage|p2a: Ceruledge|0 fnt\n|faint|p2a: Ceruledge\n|\n|t:|1782432560\n|switch|p1a: Drake|Regice|100/100|[from] Flip Turn\n|\n|upkeep\n|\n|t:|1782432567\n|switch|p2a: Iron Valiant|Iron Valiant|100/100\n|-enditem|p2a: Iron Valiant|Booster Energy\n|-activate|p2a: Iron Valiant|ability: Quark Drive|[fromitem]\n|-start|p2a: Iron Valiant|quarkdrivespe\n|turn|4\n|\n|t:|1782432571\n|switch|p1a: Wih fih 💔|Alomomola, M|88/100\n|move|p2a: Iron Valiant|Calm Mind|p2a: Iron Valiant\n|-boost|p2a: Iron Valiant|spa|1\n|-boost|p2a: Iron Valiant|spd|1\n|\n|upkeep\n|turn|5\n|\n|t:|1782432575\n|switch|p1a: Drake|Regice|100/100\n|move|p2a: Iron Valiant|Energy Ball|p1a: Drake\n|-damage|p1a: Drake|85/100\n|\n|upkeep\n|turn|6\n|\n|t:|1782432578\n|move|p2a: Iron Valiant|Moonblast|p1a: Drake\n|-damage|p1a: Drake|62/100\n|move|p1a: Drake|Zap Cannon|p2a: Iron Valiant|[miss]\n|-miss|p1a: Drake|p2a: Iron Valiant\n|\n|upkeep\n|turn|7\n|\n|t:|1782432584\n|move|p2a: Iron Valiant|Aura Sphere|p1a: Drake\n|-supereffective|p1a: Drake\n|-damage|p1a: Drake|19/100\n|move|p1a: Drake|Zap Cannon|p2a: Iron Valiant\n|-damage|p2a: Iron Valiant|58/100\n|-status|p2a: Iron Valiant|par\n|\n|upkeep\n|turn|8\n|\n|t:|1782432592\n|switch|p1a: Erm ackshually...|Slowking-Galar, M|100/100\n|move|p2a: Iron Valiant|Moonblast|p1a: Erm ackshually...\n|-resisted|p1a: Erm ackshually...\n|-damage|p1a: Erm ackshually...|86/100\n|\n|upkeep\n|turn|9\n|\n|t:|1782432601\n|move|p2a: Iron Valiant|Moonblast|p1a: Erm ackshually...\n|-resisted|p1a: Erm ackshually...\n|-damage|p1a: Erm ackshually...|73/100\n|move|p1a: Erm ackshually...|Future Sight|p2a: Iron Valiant\n|-start|p1a: Erm ackshually...|move: Future Sight\n|\n|upkeep\n|turn|10\n|\n|t:|1782432608\n|move|p2a: Iron Valiant|Moonblast|p1a: Erm ackshually...\n|-resisted|p1a: Erm ackshually...\n|-damage|p1a: Erm ackshually...|59/100\n|-unboost|p1a: Erm ackshually...|spa|1\n|move|p1a: Erm ackshually...|Sludge Bomb|p2a: Iron Valiant\n|-supereffective|p2a: Iron Valiant\n|-damage|p2a: Iron Valiant|1/100 par\n|\n|upkeep\n|turn|11\n|\n|t:|1782432618\n|move|p2a: Iron Valiant|Moonblast|p1a: Erm ackshually...\n|-resisted|p1a: Erm ackshually...\n|-damage|p1a: Erm ackshually...|46/100\n|-unboost|p1a: Erm ackshually...|spa|1\n|move|p1a: Erm ackshually...|Sludge Bomb|p2a: Iron Valiant\n|-supereffective|p2a: Iron Valiant\n|-damage|p2a: Iron Valiant|0 fnt\n|faint|p2a: Iron Valiant\n|-end|p2a: Iron Valiant|Quark Drive|[silent]\n|\n|-hint|Future Sight did not hit because the target is fainted.\n|upkeep\n|\n|t:|1782432636\n|switch|p2a: Greninja|Greninja, M|100/100\n|turn|12\n|\n|t:|1782432641\n|-terastallize|p1a: Erm ackshually...|Dark\n|move|p2a: Greninja|Dark Pulse|p1a: Erm ackshually...\n|-resisted|p1a: Erm ackshually...\n|-crit|p1a: Erm ackshually...\n|-damage|p1a: Erm ackshually...|32/100\n|-damage|p2a: Greninja|91/100|[from] item: Life Orb\n|cant|p1a: Erm ackshually...|flinch\n|\n|upkeep\n|turn|13\n|\n|t:|1782432651\n|switch|p1a: Wih fih 💔|Alomomola, M|100/100\n|move|p2a: Greninja|Hydro Pump|p1a: Wih fih 💔\n|-resisted|p1a: Wih fih 💔\n|-damage|p1a: Wih fih 💔|63/100\n|-damage|p2a: Greninja|81/100|[from] item: Life Orb\n|\n|upkeep\n|turn|14\n|\n|t:|1782432664\n|switch|p1a: Erm ackshually...|Slowking-Galar, M, tera:Dark|66/100\n|move|p2a: Greninja|Dark Pulse|p1a: Erm ackshually...\n|-resisted|p1a: Erm ackshually...\n|-damage|p1a: Erm ackshually...|57/100\n|-damage|p2a: Greninja|71/100|[from] item: Life Orb\n|\n|upkeep\n|turn|15\n|\n|t:|1782432671\n|move|p2a: Greninja|Dark Pulse|p1a: Erm ackshually...\n|-resisted|p1a: Erm ackshually...\n|-damage|p1a: Erm ackshually...|47/100\n|-damage|p2a: Greninja|61/100|[from] item: Life Orb\n|move|p1a: Erm ackshually...|Sludge Bomb|p2a: Greninja\n|-damage|p2a: Greninja|4/100\n|\n|upkeep\n|turn|16\n|\n|t:|1782432677\n|move|p2a: Greninja|Hydro Pump|p1a: Erm ackshually...|[miss]\n|-miss|p2a: Greninja|p1a: Erm ackshually...\n|move|p1a: Erm ackshually...|Sludge Bomb|p2a: Greninja\n|-damage|p2a: Greninja|0 fnt\n|faint|p2a: Greninja\n|\n|upkeep\n|\n|t:|1782432682\n|switch|p2a: Garchomp|Garchomp, M|100/100\n|turn|17\n|\n|t:|1782432690\n|switch|p1a: Wih fih 💔|Alomomola, M|97/100\n|move|p2a: Garchomp|Earthquake|p1a: Wih fih 💔\n|-damage|p1a: Wih fih 💔|65/100\n|\n|upkeep\n|turn|18\n|\n|t:|1782432695\n|move|p2a: Garchomp|Scale Shot|p1a: Wih fih 💔\n|-damage|p1a: Wih fih 💔|58/100\n|-damage|p1a: Wih fih 💔|50/100\n|-damage|p1a: Wih fih 💔|42/100\n|-damage|p1a: Wih fih 💔|35/100\n|-damage|p1a: Wih fih 💔|28/100\n|-hitcount|p1a: Wih fih 💔|5\n|-unboost|p2a: Garchomp|def|1\n|-boost|p2a: Garchomp|spe|1\n|move|p1a: Wih fih 💔|Scald|p2a: Garchomp\n|-damage|p2a: Garchomp|85/100\n|\n|upkeep\n|turn|19\n|\n|t:|1782432712\n|switch|p1a: Erm ackshually...|Slowking-Galar, M, tera:Dark|80/100\n|move|p2a: Garchomp|Earthquake|p1a: Erm ackshually...\n|-damage|p1a: Erm ackshually...|24/100\n|\n|upkeep\n|turn|20\n|\n|t:|1782432716\n|switch|p1a: Wih fih 💔|Alomomola, M|61/100\n|move|p2a: Garchomp|Earthquake|p1a: Wih fih 💔\n|-damage|p1a: Wih fih 💔|29/100\n|\n|upkeep\n|turn|21\n|\n|t:|1782432720\n|switch|p1a: Erm ackshually...|Slowking-Galar, M, tera:Dark|57/100\n|move|p2a: Garchomp|Earthquake|p1a: Erm ackshually...\n|-damage|p1a: Erm ackshually...|0 fnt\n|faint|p1a: Erm ackshually...\n|\n|upkeep\n|\n|t:|1782432722\n|switch|p1a: Wih fih 💔|Alomomola, M|62/100\n|turn|22\n|\n|t:|1782432729\n|move|p2a: Garchomp|Scale Shot|p1a: Wih fih 💔\n|-damage|p1a: Wih fih 💔|55/100\n|-damage|p1a: Wih fih 💔|46/100\n|-damage|p1a: Wih fih 💔|39/100\n|-damage|p1a: Wih fih 💔|32/100\n|-hitcount|p1a: Wih fih 💔|4\n|-unboost|p2a: Garchomp|def|1\n|-boost|p2a: Garchomp|spe|1\n|move|p1a: Wih fih 💔|Scald|p2a: Garchomp\n|-crit|p2a: Garchomp\n|-damage|p2a: Garchomp|63/100\n|-status|p2a: Garchomp|brn\n|\n|-damage|p2a: Garchomp|57/100 brn|[from] brn\n|upkeep\n|turn|23\n|\n|t:|1782432741\n|move|p2a: Garchomp|Swords Dance|p2a: Garchomp\n|-boost|p2a: Garchomp|atk|2\n|move|p1a: Wih fih 💔|Wish|p1a: Wih fih 💔\n|\n|-damage|p2a: Garchomp|50/100 brn|[from] brn\n|upkeep\n|turn|24\n|\n|t:|1782432744\n|move|p2a: Garchomp|Earthquake|p1a: Wih fih 💔\n|-damage|p1a: Wih fih 💔|0 fnt\n|faint|p1a: Wih fih 💔\n|\n|-damage|p2a: Garchomp|44/100 brn|[from] brn\n|upkeep\n|\n|t:|1782432748\n|switch|p1a: Aegis|Iron Valiant|100/100\n|turn|25\n|\n|t:|1782432757\n|-terastallize|p2a: Garchomp|Fire\n|move|p2a: Garchomp|Fire Fang|p1a: Aegis\n|-damage|p1a: Aegis|54/100\n|-status|p1a: Aegis|brn\n|cant|p1a: Aegis|flinch\n|\n|-damage|p2a: Garchomp|38/100 brn|[from] brn\n|-damage|p1a: Aegis|48/100 brn|[from] brn\n|upkeep\n|turn|26\n|-message|Power Panpour forfeited.\n|\n|win|Seldon Fanatic\n|raw|Power Panpour's rating: 1203 &rarr; <strong>1175</strong><br />(-28 for losing)\n|raw|Seldon Fanatic's rating: 1155 &rarr; <strong>1183</strong><br />(+28 for winning)\n|l|☆Power Panpour\n|player|p1|\n|l|☆Seldon Fanatic\n|player|p2|\n", "uploadtime": 1782433099, "views": 13, "formatid": "gen9ou", "rating": 1175, "private": 0, "password": null}