{"id": "gen9ou-2639965652", "format": "[Gen 9] OU", "players": ["choispecs ironmoth", "magikarp soup"], "log": "|j|☆choispecs ironmoth\n|j|☆magikarp soup\n|t:|1782554086\n|gametype|singles\n|player|p1|choispecs ironmoth|steven|1743\n|player|p2|magikarp soup|medium|1745\n|gen|9\n|tier|[Gen 9] OU\n|rated|\n|rule|HP Percentage Mod: HP is shown in percentages\n|rule|Endless Battle Clause: Forcing endless battles is banned\n|rule|Species Clause: Limit one of each Pokémon\n|rule|OHKO Clause: OHKO moves are banned\n|rule|Evasion Items Clause: Evasion items are banned\n|rule|Evasion Moves Clause: Evasion moves are banned\n|rule|Evasion Abilities Clause: Evasion abilities are banned\n|rule|Sleep Moves Clause: Sleep-inducing moves are banned\n|clearpoke\n|poke|p1|Zamazenta-*|\n|poke|p1|Volcanion|\n|poke|p1|Ting-Lu|\n|poke|p1|Corviknight, M|\n|poke|p1|Hatterene, F|\n|poke|p1|Slowking-Galar, F|\n|poke|p2|Landorus-Therian, M|\n|poke|p2|Gholdengo|\n|poke|p2|Samurott-Hisui, F|\n|poke|p2|Deoxys-Speed|\n|poke|p2|Zamazenta-*|\n|poke|p2|Pecharunt|\n|teampreview\n|c|☆magikarp soup|glhf\n|inactive|Battle timer is ON: inactive players will automatically lose when time's up. (requested by choispecs ironmoth)\n|\n|t:|1782554098\n|teamsize|p1|6\n|teamsize|p2|6\n|start\n|switch|p1a: Slowking|Slowking-Galar, F|100/100\n|switch|p2a: Landorus|Landorus-Therian, M|100/100\n|-ability|p2a: Landorus|Intimidate|boost\n|-unboost|p1a: Slowking|atk|1\n|turn|1\n|\n|t:|1782554102\n|move|p2a: Landorus|Nasty Plot|p2a: Landorus\n|-boost|p2a: Landorus|spa|2\n|-prepare|p1a: Slowking|Chilly Reception|[premajor]\n|move|p1a: Slowking|Chilly Reception|p1a: Slowking\n|-weather|Snowscape\n|j| Kathryne Keyron\n|\n|t:|1782554107\n|switch|p1a: Corviknight|Corviknight, M|100/100|[from] Chilly Reception\n|-ability|p1a: Corviknight|Pressure\n|\n|-weather|Snowscape|[upkeep]\n|upkeep\n|turn|2\n|\n|t:|1782554110\n|move|p2a: Landorus|Stealth Rock|p1a: Corviknight\n|-sidestart|p1: choispecs ironmoth|move: Stealth Rock\n|move|p1a: Corviknight|Defog|p2a: Landorus\n|-unboost|p2a: Landorus|evasion|1\n|-sideend|p1: choispecs ironmoth|Stealth Rock|[from] move: Defog|[of] p1a: Corviknight\n|\n|-weather|Snowscape|[upkeep]\n|upkeep\n|turn|3\n|\n|t:|1782554114\n|switch|p1a: Hatterene|Hatterene, F|100/100\n|move|p2a: Landorus|Stealth Rock|p1a: Hatterene\n|move|p1a: Hatterene|Stealth Rock|p2a: Landorus|[from] ability: Magic Bounce\n|-sidestart|p2: magikarp soup|move: Stealth Rock\n|\n|-weather|Snowscape|[upkeep]\n|upkeep\n|turn|4\n|\n|t:|1782554122\n|switch|p1a: Corviknight|Corviknight, M|100/100\n|-ability|p1a: Corviknight|Pressure\n|move|p2a: Landorus|Stealth Rock|p1a: Corviknight\n|-sidestart|p1: choispecs ironmoth|move: Stealth Rock\n|\n|-weather|Snowscape|[upkeep]\n|upkeep\n|turn|5\n|\n|t:|1782554125\n|move|p2a: Landorus|Nasty Plot|p2a: Landorus\n|-boost|p2a: Landorus|spa|2\n|move|p1a: Corviknight|Defog|p2a: Landorus\n|-unboost|p2a: Landorus|evasion|1\n|-sideend|p2: magikarp soup|Stealth Rock|[from] move: Defog|[of] p1a: Corviknight\n|-sideend|p1: choispecs ironmoth|Stealth Rock|[from] move: Defog|[of] p1a: Corviknight\n|\n|-weather|none\n|upkeep\n|turn|6\n|\n|t:|1782554128\n|move|p2a: Landorus|Stealth Rock|p1a: Corviknight\n|-sidestart|p1: choispecs ironmoth|move: Stealth Rock\n|move|p1a: Corviknight|Iron Defense|p1a: Corviknight\n|-boost|p1a: Corviknight|def|2\n|\n|upkeep\n|turn|7\n|\n|t:|1782554132\n|switch|p2a: Gholdengo|Gholdengo|100/100\n|switch|p1a: Volcanion|Volcanion|100/100\n|-damage|p1a: Volcanion|76/100|[from] Stealth Rock\n|\n|upkeep\n|turn|8\n|\n|t:|1782554136\n|switch|p2a: Samurott|Samurott-Hisui, F|100/100\n|move|p1a: Volcanion|Steam Eruption|p2a: Samurott\n|-resisted|p2a: Samurott\n|-damage|p2a: Samurott|67/100\n|-status|p2a: Samurott|brn\n|\n|-damage|p2a: Samurott|61/100 brn|[from] brn\n|upkeep\n|turn|9\n|\n|t:|1782554143\n|switch|p1a: Hatterene|Hatterene, F|100/100\n|-damage|p1a: Hatterene|88/100|[from] Stealth Rock\n|move|p2a: Samurott|Ceaseless Edge|p1a: Hatterene\n|-damage|p1a: Hatterene|73/100\n|-damage|p2a: Samurott|45/100 brn|[from] item: Rocky Helmet|[of] p1a: Hatterene\n|-sidestart|p1: choispecs ironmoth|Spikes\n|\n|-damage|p2a: Samurott|39/100 brn|[from] brn\n|upkeep\n|turn|10\n|\n|t:|1782554145\n|move|p2a: Samurott|Flip Turn|p1a: Hatterene\n|-damage|p1a: Hatterene|62/100\n|-damage|p2a: Samurott|22/100 brn|[from] item: Rocky Helmet|[of] p1a: Hatterene\n|\n|t:|1782554150\n|switch|p2a: Landorus|Landorus-Therian, M|100/100|[from] Flip Turn\n|-ability|p2a: Landorus|Intimidate|boost\n|-unboost|p1a: Hatterene|atk|1\n|move|p1a: Hatterene|Nuzzle|p2a: Landorus\n|-immune|p2a: Landorus\n|\n|upkeep\n|turn|11\n|\n|t:|1782554154\n|move|p2a: Landorus|Nasty Plot|p2a: Landorus\n|-boost|p2a: Landorus|spa|2\n|move|p1a: Hatterene|Pain Split|p2a: Landorus\n|-sethp|p2a: Landorus|81/100|[from] move: Pain Split|[silent]\n|-sethp|p1a: Hatterene|81/100|[from] move: Pain Split\n|\n|upkeep\n|turn|12\n|\n|t:|1782554162\n|switch|p1a: Corviknight|Corviknight, M|100/100\n|-damage|p1a: Corviknight|88/100|[from] Stealth Rock\n|-ability|p1a: Corviknight|Pressure\n|move|p2a: Landorus|Earth Power|p1a: Corviknight\n|-immune|p1a: Corviknight\n|\n|upkeep\n|turn|13\n|\n|t:|1782554165\n|switch|p2a: Gholdengo|Gholdengo|100/100\n|move|p1a: Corviknight|Defog|p2a: Gholdengo\n|-immune|p2a: Gholdengo|[from] ability: Good as Gold\n|\n|upkeep\n|turn|14\n|j| have we gone\n|\n|t:|1782554171\n|switch|p2a: Zamazenta|Zamazenta|100/100\n|-ability|p2a: Zamazenta|Dauntless Shield|boost\n|-boost|p2a: Zamazenta|def|1\n|switch|p1a: Ting-Lu|Ting-Lu|100/100\n|-damage|p1a: Ting-Lu|94/100|[from] Stealth Rock\n|-damage|p1a: Ting-Lu|82/100|[from] Spikes\n|-ability|p1a: Ting-Lu|Vessel of Ruin\n|\n|-heal|p1a: Ting-Lu|88/100|[from] item: Leftovers\n|upkeep\n|turn|15\n|\n|t:|1782554175\n|switch|p1a: Corviknight|Corviknight, M|88/100\n|-damage|p1a: Corviknight|75/100|[from] Stealth Rock\n|-ability|p1a: Corviknight|Pressure\n|move|p2a: Zamazenta|Howl|p2a: Zamazenta\n|-boost|p2a: Zamazenta|atk|1\n|\n|upkeep\n|turn|16\n|\n|t:|1782554178\n|move|p2a: Zamazenta|Close Combat|p1a: Corviknight\n|-damage|p1a: Corviknight|3/100\n|-unboost|p2a: Zamazenta|def|1\n|-unboost|p2a: Zamazenta|spd|1\n|-damage|p2a: Zamazenta|84/100|[from] item: Rocky Helmet|[of] p1a: Corviknight\n|-damage|p2a: Zamazenta|74/100|[from] item: Life Orb\n|move|p1a: Corviknight|Iron Defense|p1a: Corviknight\n|-boost|p1a: Corviknight|def|2\n|\n|upkeep\n|turn|17\n|\n|t:|1782554182\n|move|p2a: Zamazenta|Close Combat|p1a: Corviknight\n|-damage|p1a: Corviknight|0 fnt\n|-unboost|p2a: Zamazenta|def|1\n|-unboost|p2a: Zamazenta|spd|1\n|-damage|p2a: Zamazenta|58/100|[from] item: Rocky Helmet|[of] p1a: Corviknight\n|faint|p1a: Corviknight\n|-damage|p2a: Zamazenta|48/100|[from] item: Life Orb\n|\n|upkeep\n|\n|t:|1782554185\n|switch|p1a: Hatterene|Hatterene, F|81/100\n|-damage|p1a: Hatterene|69/100|[from] Stealth Rock\n|-damage|p1a: Hatterene|57/100|[from] Spikes\n|turn|18\n|\n|t:|1782554190\n|-terastallize|p2a: Zamazenta|Dark\n|move|p2a: Zamazenta|Crunch|p1a: Hatterene\n|-damage|p1a: Hatterene|0 fnt\n|-damage|p2a: Zamazenta|31/100|[from] item: Rocky Helmet|[of] p1a: Hatterene\n|faint|p1a: Hatterene\n|-damage|p2a: Zamazenta|21/100|[from] item: Life Orb\n|\n|upkeep\n|\n|t:|1782554196\n|switch|p1a: Zamazenta|Zamazenta|100/100\n|-damage|p1a: Zamazenta|94/100|[from] Stealth Rock\n|-damage|p1a: Zamazenta|82/100|[from] Spikes\n|-ability|p1a: Zamazenta|Dauntless Shield|boost\n|-boost|p1a: Zamazenta|def|1\n|turn|19\n|\n|t:|1782554199\n|switch|p2a: Landorus|Landorus-Therian, M|81/100\n|-ability|p2a: Landorus|Intimidate|boost\n|-unboost|p1a: Zamazenta|atk|1\n|-terastallize|p1a: Zamazenta|Dark\n|move|p1a: Zamazenta|Crunch|p2a: Landorus\n|-damage|p2a: Landorus|27/100\n|\n|upkeep\n|turn|20\n|\n|t:|1782554209\n|move|p1a: Zamazenta|Crunch|p2a: Landorus\n|-damage|p2a: Landorus|0 fnt\n|faint|p2a: Landorus\n|\n|upkeep\n|j| infopro play392\n|\n|t:|1782554216\n|switch|p2a: Pecharunt|Pecharunt|100/100\n|turn|21\n|\n|t:|1782554220\n|switch|p1a: Slowking|Slowking-Galar, F|100/100\n|-damage|p1a: Slowking|88/100|[from] Stealth Rock\n|-damage|p1a: Slowking|76/100|[from] Spikes\n|move|p2a: Pecharunt|Toxic|p1a: Slowking\n|-immune|p1a: Slowking\n|\n|-heal|p1a: Slowking|82/100|[from] item: Black Sludge\n|upkeep\n|turn|22\n|\n|t:|1782554223\n|move|p2a: Pecharunt|Parting Shot|p1a: Slowking\n|-unboost|p1a: Slowking|atk|1\n|-unboost|p1a: Slowking|spa|1\n|\n|t:|1782554228\n|switch|p2a: Gholdengo|Gholdengo|100/100|[from] Parting Shot\n|-prepare|p1a: Slowking|Chilly Reception|[premajor]\n|move|p1a: Slowking|Chilly Reception|p1a: Slowking\n|-weather|Snowscape\n|\n|t:|1782554232\n|switch|p1a: Zamazenta|Zamazenta, tera:Dark|82/100|[from] Chilly Reception\n|-damage|p1a: Zamazenta|70/100|[from] Stealth Rock\n|-damage|p1a: Zamazenta|57/100|[from] Spikes\n|\n|-weather|Snowscape|[upkeep]\n|upkeep\n|turn|23\n|\n|t:|1782554235\n|move|p1a: Zamazenta|Crunch|p2a: Gholdengo\n|-supereffective|p2a: Gholdengo\n|-damage|p2a: Gholdengo|13/100\n|-unboost|p2a: Gholdengo|def|1\n|move|p2a: Gholdengo|Make It Rain|p1a: Zamazenta\n|-damage|p1a: Zamazenta|1/100\n|-unboost|p2a: Gholdengo|spa|1\n|\n|-weather|Snowscape|[upkeep]\n|upkeep\n|turn|24\n|-enditem|p2a: Gholdengo|Custap Berry|[eat]\n|-activate|p2a: Gholdengo|item: Custap Berry|[consumed]\n|\n|t:|1782554239\n|move|p2a: Gholdengo|Shadow Ball|p1a: Zamazenta\n|-resisted|p1a: Zamazenta\n|-damage|p1a: Zamazenta|0 fnt\n|faint|p1a: Zamazenta\n|\n|-weather|Snowscape|[upkeep]\n|upkeep\n|-message|choispecs ironmoth forfeited.\n|\n|win|magikarp soup\n|raw|choispecs ironmoth's rating: 1743 &rarr; <strong>1723</strong><br />(-20 for losing)\n|raw|magikarp soup's rating: 1745 &rarr; <strong>1765</strong><br />(+20 for winning)\n|l|☆choispecs ironmoth\n|player|p1|\n|l| have we gone\n|l|☆magikarp soup\n|player|p2|\n", "uploadtime": 1782554410, "views": 10, "formatid": "gen9ou", "rating": 1723, "private": 0, "password": null}