{"id": "gen9ou-2639260914", "format": "[Gen 9] OU", "players": ["firecharmander004", "Cebollino3435"], "log": "|j|☆firecharmander004\n|j|☆Cebollino3435\n|t:|1782442033\n|gametype|singles\n|player|p1|firecharmander004|265|1505\n|player|p2|Cebollino3435|n|1514\n|gen|9\n|tier|[Gen 9] OU\n|rated|\n|rule|HP Percentage Mod: HP is shown in percentages\n|rule|Endless Battle Clause: Forcing endless battles is banned\n|rule|Species Clause: Limit one of each Pokémon\n|rule|OHKO Clause: OHKO moves are banned\n|rule|Evasion Items Clause: Evasion items are banned\n|rule|Evasion Moves Clause: Evasion moves are banned\n|rule|Evasion Abilities Clause: Evasion abilities are banned\n|rule|Sleep Moves Clause: Sleep-inducing moves are banned\n|clearpoke\n|poke|p1|Raging Bolt|\n|poke|p1|Great Tusk|\n|poke|p1|Gholdengo|\n|poke|p1|Ogerpon-Wellspring, F|\n|poke|p1|Alomomola, F|\n|poke|p1|Darkrai|\n|poke|p2|Charizard, F|\n|poke|p2|Torkoal, M|\n|poke|p2|Walking Wake|\n|poke|p2|Hatterene, F|\n|poke|p2|Great Tusk|\n|poke|p2|Slither Wing|\n|teampreview\n|inactive|Battle timer is ON: inactive players will automatically lose when time's up. (requested by firecharmander004)\n|\n|t:|1782442049\n|teamsize|p1|6\n|teamsize|p2|6\n|start\n|switch|p1a: t-clap em cheeks|Raging Bolt|100/100\n|switch|p2a: Slither Wing|Slither Wing, shiny|100/100\n|turn|1\n|\n|t:|1782442058\n|move|p1a: t-clap em cheeks|Volt Switch|p2a: Slither Wing\n|-damage|p2a: Slither Wing|74/100\n|\n|t:|1782442062\n|-end|p1a: t-clap em cheeks|Protosynthesis|[silent]\n|switch|p1a: pinkacross gf|Alomomola, F|100/100|[from] Volt Switch\n|move|p2a: Slither Wing|Close Combat|p1a: pinkacross gf\n|-damage|p1a: pinkacross gf|65/100\n|-unboost|p2a: Slither Wing|def|1\n|-unboost|p2a: Slither Wing|spd|1\n|\n|upkeep\n|turn|2\n|\n|t:|1782442077\n|-end|p2a: Slither Wing|Protosynthesis|[silent]\n|switch|p2a: Torkoal|Torkoal, M|100/100\n|-weather|SunnyDay|[from] ability: Drought|[of] p2a: Torkoal\n|move|p1a: pinkacross gf|Flip Turn|p2a: Torkoal\n|-supereffective|p2a: Torkoal\n|-damage|p2a: Torkoal|89/100\n|\n|t:|1782442085\n|switch|p1a: t-clap em cheeks|Raging Bolt|100/100|[from] Flip Turn\n|-activate|p1a: t-clap em cheeks|ability: Protosynthesis\n|-start|p1a: t-clap em cheeks|protosynthesisspa\n|\n|-weather|SunnyDay|[upkeep]\n|upkeep\n|turn|3\n|\n|t:|1782442093\n|switch|p2a: Hatterene|Hatterene, F|100/100\n|move|p1a: t-clap em cheeks|Draco Meteor|p2a: Hatterene\n|-immune|p2a: Hatterene\n|\n|-weather|SunnyDay|[upkeep]\n|upkeep\n|turn|4\n|\n|t:|1782442110\n|move|p1a: t-clap em cheeks|Thunderbolt|p2a: Hatterene\n|-damage|p2a: Hatterene|31/100\n|-enditem|p2a: Hatterene|Eject Button\n|\n|t:|1782442114\n|switch|p2a: Slither Wing|Slither Wing, shiny|74/100\n|-activate|p2a: Slither Wing|ability: Protosynthesis\n|-start|p2a: Slither Wing|protosynthesisatk\n|\n|-weather|SunnyDay|[upkeep]\n|upkeep\n|turn|5\n|\n|t:|1782442125\n|-end|p1a: t-clap em cheeks|Protosynthesis|[silent]\n|switch|p1a: pinkacross gf|Alomomola, F|98/100\n|move|p2a: Slither Wing|First Impression|p1a: pinkacross gf\n|-damage|p1a: pinkacross gf|64/100\n|\n|-weather|SunnyDay|[upkeep]\n|upkeep\n|turn|6\n|\n|t:|1782442132\n|move|p2a: Slither Wing|U-turn|p1a: pinkacross gf\n|-damage|p1a: pinkacross gf|33/100\n|\n|t:|1782442140\n|-end|p2a: Slither Wing|Protosynthesis|[silent]\n|switch|p2a: Walking Wake|Walking Wake|100/100|[from] U-turn\n|-activate|p2a: Walking Wake|ability: Protosynthesis\n|-start|p2a: Walking Wake|protosynthesisspe\n|move|p1a: pinkacross gf|Flip Turn|p2a: Walking Wake\n|-resisted|p2a: Walking Wake\n|-damage|p2a: Walking Wake|98/100\n|\n|t:|1782442159\n|switch|p1a: t-clap em cheeks|Raging Bolt|100/100|[from] Flip Turn\n|-activate|p1a: t-clap em cheeks|ability: Protosynthesis\n|-start|p1a: t-clap em cheeks|protosynthesisspa\n|\n|-weather|SunnyDay|[upkeep]\n|upkeep\n|turn|7\n|\n|t:|1782442163\n|-terastallize|p1a: t-clap em cheeks|Fairy\n|move|p2a: Walking Wake|Flip Turn|p1a: t-clap em cheeks\n|-damage|p1a: t-clap em cheeks|94/100\n|\n|t:|1782442165\n|-end|p2a: Walking Wake|Protosynthesis|[silent]\n|switch|p2a: Hatterene|Hatterene, F|31/100|[from] Flip Turn\n|move|p1a: t-clap em cheeks|Draco Meteor|p2a: Hatterene\n|-immune|p2a: Hatterene\n|\n|-weather|SunnyDay|[upkeep]\n|upkeep\n|turn|8\n|\n|t:|1782442176\n|move|p1a: t-clap em cheeks|Volt Switch|p2a: Hatterene\n|-damage|p2a: Hatterene|0 fnt\n|faint|p2a: Hatterene\n|inactive|firecharmander004 has 120 seconds left.\n|\n|t:|1782442211\n|-end|p1a: t-clap em cheeks|Protosynthesis|[silent]\n|switch|p1a: my nightmares|Darkrai|100/100|[from] Volt Switch\n|\n|-weather|SunnyDay|[upkeep]\n|upkeep\n|\n|t:|1782442222\n|switch|p2a: Slither Wing|Slither Wing, shiny|74/100\n|-activate|p2a: Slither Wing|ability: Protosynthesis\n|-start|p2a: Slither Wing|protosynthesisatk\n|turn|9\n|\n|t:|1782442227\n|switch|p1a: elephantintheroom|Great Tusk|100/100\n|-activate|p1a: elephantintheroom|ability: Protosynthesis\n|-start|p1a: elephantintheroom|protosynthesisatk\n|move|p2a: Slither Wing|First Impression|p1a: elephantintheroom\n|-resisted|p1a: elephantintheroom\n|-damage|p1a: elephantintheroom|76/100\n|\n|-weather|none\n|-end|p1a: elephantintheroom|Protosynthesis\n|-end|p2a: Slither Wing|Protosynthesis\n|upkeep\n|turn|10\n|\n|t:|1782442236\n|-end|p2a: Slither Wing|Protosynthesis|[silent]\n|switch|p2a: Great Tusk|Great Tusk|100/100\n|move|p1a: elephantintheroom|Stealth Rock|p2a: Great Tusk\n|-sidestart|p2: Cebollino3435|move: Stealth Rock\n|\n|upkeep\n|turn|11\n|\n|t:|1782442243\n|-end|p1a: elephantintheroom|Protosynthesis|[silent]\n|switch|p1a: pinkacross gf|Alomomola, F|66/100\n|move|p2a: Great Tusk|Rapid Spin|p1a: pinkacross gf\n|-damage|p1a: pinkacross gf|59/100\n|-boost|p2a: Great Tusk|spe|1\n|-sideend|p2: Cebollino3435|Stealth Rock|[from] move: Rapid Spin|[of] p2a: Great Tusk\n|\n|upkeep\n|turn|12\n|\n|t:|1782442261\n|-end|p2a: Great Tusk|Protosynthesis|[silent]\n|switch|p2a: Walking Wake|Walking Wake|98/100\n|move|p1a: pinkacross gf|Flip Turn|p2a: Walking Wake\n|-resisted|p2a: Walking Wake\n|-damage|p2a: Walking Wake|94/100\n|\n|t:|1782442270\n|switch|p1a: t-clap em cheeks|Raging Bolt, tera:Fairy|94/100|[from] Flip Turn\n|\n|upkeep\n|turn|13\n|\n|t:|1782442276\n|move|p2a: Walking Wake|Flip Turn|p1a: t-clap em cheeks\n|-damage|p1a: t-clap em cheeks|81/100\n|\n|t:|1782442283\n|-end|p2a: Walking Wake|Protosynthesis|[silent]\n|switch|p2a: Slither Wing|Slither Wing, shiny|74/100|[from] Flip Turn\n|move|p1a: t-clap em cheeks|Draco Meteor|p2a: Slither Wing|[miss]\n|-miss|p1a: t-clap em cheeks|p2a: Slither Wing\n|\n|upkeep\n|turn|14\n|\n|t:|1782442294\n|-end|p1a: t-clap em cheeks|Protosynthesis|[silent]\n|switch|p1a: pinkacross gf|Alomomola, F|92/100\n|move|p2a: Slither Wing|Flare Blitz|p1a: pinkacross gf\n|-resisted|p1a: pinkacross gf\n|-damage|p1a: pinkacross gf|79/100\n|-damage|p2a: Slither Wing|68/100|[from] Recoil\n|\n|upkeep\n|turn|15\n|\n|t:|1782442300\n|move|p2a: Slither Wing|U-turn|p1a: pinkacross gf\n|-damage|p1a: pinkacross gf|56/100\n|\n|t:|1782442303\n|-end|p2a: Slither Wing|Protosynthesis|[silent]\n|switch|p2a: Torkoal|Torkoal, M|89/100|[from] U-turn\n|-weather|SunnyDay|[from] ability: Drought|[of] p2a: Torkoal\n|move|p1a: pinkacross gf|Flip Turn|p2a: Torkoal\n|-supereffective|p2a: Torkoal\n|-damage|p2a: Torkoal|78/100\n|\n|t:|1782442307\n|switch|p1a: t-clap em cheeks|Raging Bolt, tera:Fairy|81/100|[from] Flip Turn\n|-activate|p1a: t-clap em cheeks|ability: Protosynthesis\n|-start|p1a: t-clap em cheeks|protosynthesisspa\n|\n|-weather|SunnyDay|[upkeep]\n|upkeep\n|turn|16\n|\n|t:|1782442316\n|switch|p2a: Slither Wing|Slither Wing, shiny|68/100\n|-activate|p2a: Slither Wing|ability: Protosynthesis\n|-start|p2a: Slither Wing|protosynthesisatk\n|move|p1a: t-clap em cheeks|Volt Switch|p2a: Slither Wing\n|-damage|p2a: Slither Wing|36/100\n|\n|t:|1782442338\n|-end|p1a: t-clap em cheeks|Protosynthesis|[silent]\n|switch|p1a: elephantintheroom|Great Tusk|76/100|[from] Volt Switch\n|-activate|p1a: elephantintheroom|ability: Protosynthesis\n|-start|p1a: elephantintheroom|protosynthesisatk\n|\n|-weather|SunnyDay|[upkeep]\n|upkeep\n|turn|17\n|\n|t:|1782442343\n|move|p1a: elephantintheroom|Headlong Rush|p2a: Slither Wing\n|-resisted|p2a: Slither Wing\n|-damage|p2a: Slither Wing|0 fnt\n|-unboost|p1a: elephantintheroom|def|1\n|-unboost|p1a: elephantintheroom|spd|1\n|faint|p2a: Slither Wing\n|-end|p2a: Slither Wing|Protosynthesis|[silent]\n|\n|-weather|SunnyDay|[upkeep]\n|upkeep\n|\n|t:|1782442347\n|switch|p2a: Walking Wake|Walking Wake|94/100\n|-activate|p2a: Walking Wake|ability: Protosynthesis\n|-start|p2a: Walking Wake|protosynthesisspe\n|turn|18\n|\n|t:|1782442360\n|-end|p1a: elephantintheroom|Protosynthesis|[silent]\n|switch|p1a: eats mola 4 lunch|Ogerpon-Wellspring, F|100/100\n|move|p2a: Walking Wake|Draco Meteor|p1a: eats mola 4 lunch\n|-damage|p1a: eats mola 4 lunch|11/100\n|-unboost|p2a: Walking Wake|spa|2\n|\n|-weather|SunnyDay|[upkeep]\n|upkeep\n|turn|19\n|\n|t:|1782442370\n|switch|p1a: t-clap em cheeks|Raging Bolt, tera:Fairy|81/100\n|-activate|p1a: t-clap em cheeks|ability: Protosynthesis\n|-start|p1a: t-clap em cheeks|protosynthesisspa\n|move|p2a: Walking Wake|Weather Ball|p1a: t-clap em cheeks\n|-damage|p1a: t-clap em cheeks|64/100\n|\n|-weather|SunnyDay|[upkeep]\n|upkeep\n|turn|20\n|\n|t:|1782442379\n|move|p2a: Walking Wake|Flip Turn|p1a: t-clap em cheeks\n|-damage|p1a: t-clap em cheeks|58/100\n|\n|t:|1782442382\n|-end|p2a: Walking Wake|Protosynthesis|[silent]\n|switch|p2a: Chorizo Prime|Charizard, F, shiny|100/100|[from] Flip Turn\n|move|p1a: t-clap em cheeks|Draco Meteor|p2a: Chorizo Prime\n|-damage|p2a: Chorizo Prime|0 fnt\n|-unboost|p1a: t-clap em cheeks|spa|2\n|faint|p2a: Chorizo Prime\n|\n|-weather|SunnyDay|[upkeep]\n|upkeep\n|\n|t:|1782442393\n|switch|p2a: Great Tusk|Great Tusk|100/100\n|-activate|p2a: Great Tusk|ability: Protosynthesis\n|-start|p2a: Great Tusk|protosynthesisspe\n|turn|21\n|\n|t:|1782442399\n|-end|p1a: t-clap em cheeks|Protosynthesis|[silent]\n|switch|p1a: eats mola 4 lunch|Ogerpon-Wellspring, F|11/100\n|move|p2a: Great Tusk|Ice Spinner|p1a: eats mola 4 lunch\n|-damage|p1a: eats mola 4 lunch|0 fnt\n|faint|p1a: eats mola 4 lunch\n|\n|-weather|SunnyDay|[upkeep]\n|upkeep\n|\n|t:|1782442420\n|switch|p1a: i love hazards|Gholdengo|100/100\n|-item|p1a: i love hazards|Air Balloon\n|turn|22\n|\n|t:|1782442428\n|-end|p2a: Great Tusk|Protosynthesis|[silent]\n|switch|p2a: Walking Wake|Walking Wake|94/100\n|-activate|p2a: Walking Wake|ability: Protosynthesis\n|-start|p2a: Walking Wake|protosynthesisspe\n|move|p1a: i love hazards|Make It Rain|p2a: Walking Wake\n|-resisted|p2a: Walking Wake\n|-damage|p2a: Walking Wake|59/100\n|-unboost|p1a: i love hazards|spa|1\n|\n|-weather|none\n|-end|p2a: Walking Wake|Protosynthesis\n|upkeep\n|turn|23\n|\n|t:|1782442448\n|switch|p1a: pinkacross gf|Alomomola, F|90/100\n|move|p2a: Walking Wake|Flip Turn|p1a: pinkacross gf\n|-resisted|p1a: pinkacross gf\n|-damage|p1a: pinkacross gf|86/100\n|\n|t:|1782442452\n|-end|p2a: Walking Wake|Protosynthesis|[silent]\n|switch|p2a: Torkoal|Torkoal, M|78/100|[from] Flip Turn\n|-weather|SunnyDay|[from] ability: Drought|[of] p2a: Torkoal\n|\n|-weather|SunnyDay|[upkeep]\n|upkeep\n|turn|24\n|\n|t:|1782442457\n|move|p1a: pinkacross gf|Wish|p1a: pinkacross gf\n|move|p2a: Torkoal|Stealth Rock|p1a: pinkacross gf\n|-sidestart|p1: firecharmander004|move: Stealth Rock\n|\n|-weather|SunnyDay|[upkeep]\n|upkeep\n|turn|25\n|\n|t:|1782442468\n|move|p1a: pinkacross gf|Flip Turn|p2a: Torkoal\n|-supereffective|p2a: Torkoal\n|-damage|p2a: Torkoal|66/100\n|\n|t:|1782442474\n|switch|p1a: t-clap em cheeks|Raging Bolt, tera:Fairy|58/100|[from] Flip Turn\n|-damage|p1a: t-clap em cheeks|45/100|[from] Stealth Rock\n|-activate|p1a: t-clap em cheeks|ability: Protosynthesis\n|-start|p1a: t-clap em cheeks|protosynthesisspa\n|move|p2a: Torkoal|Overheat|p1a: t-clap em cheeks|[miss]\n|-miss|p2a: Torkoal|p1a: t-clap em cheeks\n|\n|-weather|SunnyDay|[upkeep]\n|-heal|p1a: t-clap em cheeks|100/100|[from] move: Wish|[wisher] pinkacross gf\n|upkeep\n|turn|26\n|-message|Cebollino3435 forfeited.\n|\n|win|firecharmander004\n|raw|firecharmander004's rating: 1505 &rarr; <strong>1526</strong><br />(+21 for winning)\n|raw|Cebollino3435's rating: 1514 &rarr; <strong>1493</strong><br />(-21 for losing)\n|l|☆Cebollino3435\n|player|p2|\n", "uploadtime": 1782442492, "views": 33, "formatid": "gen9ou", "rating": 1493, "private": 0, "password": null}