{"id": "gen9ou-2647839755", "format": "[Gen 9] OU", "players": ["ikthoizzykil", "showbiz_carton"], "log": "|j|☆ikthoizzykil\n|j|☆showbiz_carton\n|t:|1783821796\n|gametype|singles\n|player|p1|ikthoizzykil|pokemaniac-gen3rs|1428\n|player|p2|showbiz_carton|hugh|1329\n|gen|9\n|tier|[Gen 9] OU\n|rated|\n|rule|HP Percentage Mod: HP is shown in percentages\n|rule|Endless Battle Clause: Forcing endless battles is banned\n|rule|Species Clause: Limit one of each Pokémon\n|rule|OHKO Clause: OHKO moves are banned\n|rule|Evasion Items Clause: Evasion items are banned\n|rule|Evasion Moves Clause: Evasion moves are banned\n|rule|Evasion Abilities Clause: Evasion abilities are banned\n|rule|Sleep Moves Clause: Sleep-inducing moves are banned\n|clearpoke\n|poke|p1|Regidrago|\n|poke|p1|Slowking-Galar, M|\n|poke|p1|Great Tusk|\n|poke|p1|Ogerpon-Wellspring, F|\n|poke|p1|Kingambit, F|\n|poke|p1|Landorus-Therian, M|\n|poke|p2|Sandslash-Alola, F|\n|poke|p2|Slowking-Galar, F|\n|poke|p2|Samurott-Hisui, M|\n|poke|p2|Dragapult, M|\n|poke|p2|Conkeldurr, M|\n|poke|p2|Talonflame, M|\n|teampreview\n|inactive|Battle timer is ON: inactive players will automatically lose when time's up. (requested by ikthoizzykil)\n|\n|t:|1783821809\n|teamsize|p1|6\n|teamsize|p2|6\n|start\n|switch|p1a: Landorus|Landorus-Therian, M|100/100\n|switch|p2a: Talonflame|Talonflame, M, shiny|100/100\n|-ability|p1a: Landorus|Intimidate|boost\n|-unboost|p2a: Talonflame|atk|1\n|turn|1\n|\n|t:|1783821816\n|move|p1a: Landorus|Stone Edge|p2a: Talonflame\n|-supereffective|p2a: Talonflame\n|-damage|p2a: Talonflame|0 fnt\n|faint|p2a: Talonflame\n|\n|upkeep\n|\n|t:|1783821822\n|switch|p2a: Buggy|Conkeldurr, M, shiny|100/100\n|turn|2\n|\n|t:|1783821842\n|switch|p1a: Great Tusk|Great Tusk|100/100\n|move|p2a: Buggy|Ice Punch|p1a: Great Tusk\n|-supereffective|p1a: Great Tusk\n|-crit|p1a: Great Tusk\n|-damage|p1a: Great Tusk|48/100\n|\n|-heal|p1a: Great Tusk|54/100|[from] item: Leftovers\n|-status|p2a: Buggy|brn|[from] item: Flame Orb\n|upkeep\n|turn|3\n|\n|t:|1783821855\n|move|p1a: Great Tusk|Bulk Up|p1a: Great Tusk\n|-boost|p1a: Great Tusk|atk|1\n|-boost|p1a: Great Tusk|def|1\n|move|p2a: Buggy|Drain Punch|p1a: Great Tusk\n|-damage|p1a: Great Tusk|27/100\n|\n|-heal|p1a: Great Tusk|33/100|[from] item: Leftovers\n|-damage|p2a: Buggy|94/100 brn|[from] brn\n|upkeep\n|turn|4\n|\n|t:|1783821867\n|move|p1a: Great Tusk|Headlong Rush|p2a: Buggy\n|-damage|p2a: Buggy|26/100 brn\n|-unboost|p1a: Great Tusk|def|1\n|-unboost|p1a: Great Tusk|spd|1\n|move|p2a: Buggy|Drain Punch|p1a: Great Tusk\n|-damage|p1a: Great Tusk|0 fnt\n|-heal|p2a: Buggy|43/100 brn|[from] drain|[of] p1a: Great Tusk\n|faint|p1a: Great Tusk\n|-end|p1a: Great Tusk|Protosynthesis|[silent]\n|\n|-damage|p2a: Buggy|37/100 brn|[from] brn\n|upkeep\n|\n|t:|1783821870\n|switch|p1a: Ogerpon|Ogerpon-Wellspring, F|100/100\n|turn|5\n|\n|t:|1783821883\n|move|p2a: Buggy|Mach Punch|p1a: Ogerpon\n|-damage|p1a: Ogerpon|54/100\n|move|p1a: Ogerpon|Ivy Cudgel|p2a: Buggy|[anim] Ivy Cudgel Water\n|-damage|p2a: Buggy|0 fnt\n|faint|p2a: Buggy\n|\n|upkeep\n|\n|t:|1783821890\n|switch|p2a: Jet|Dragapult, M|100/100\n|turn|6\n|inactive|ikthoizzykil has 120 seconds left.\n|\n|t:|1783821922\n|switch|p1a: Kingambit|Kingambit, F|100/100\n|-activate|p1a: Kingambit|ability: Supreme Overlord\n|-start|p1a: Kingambit|fallen1|[silent]\n|move|p2a: Jet|U-turn|p1a: Kingambit\n|-damage|p1a: Kingambit|86/100\n|\n|t:|1783821930\n|switch|p2a: Amidamaru|Samurott-Hisui, M|100/100|[from] U-turn\n|\n|-heal|p1a: Kingambit|92/100|[from] item: Leftovers\n|upkeep\n|turn|7\n|\n|t:|1783821937\n|-end|p1a: Kingambit|fallen1|[silent]\n|switch|p1a: Landorus|Landorus-Therian, M|100/100\n|-ability|p1a: Landorus|Intimidate|boost\n|-unboost|p2a: Amidamaru|atk|1\n|move|p2a: Amidamaru|Sacred Sword|p1a: Landorus\n|-resisted|p1a: Landorus\n|-damage|p1a: Landorus|85/100\n|\n|upkeep\n|turn|8\n|\n|t:|1783821947\n|-terastallize|p1a: Landorus|Ground\n|move|p2a: Amidamaru|Aqua Jet|p1a: Landorus\n|-supereffective|p1a: Landorus\n|-damage|p1a: Landorus|54/100\n|move|p1a: Landorus|Earthquake|p2a: Amidamaru\n|-enditem|p2a: Amidamaru|Focus Sash\n|-damage|p2a: Amidamaru|1/100\n|\n|upkeep\n|turn|9\n|\n|t:|1783821957\n|switch|p1a: Ogerpon|Ogerpon-Wellspring, F|54/100\n|move|p2a: Amidamaru|Aqua Jet|p1a: Ogerpon\n|-heal|p1a: Ogerpon|79/100|[from] ability: Water Absorb|[of] p2a: Amidamaru\n|\n|upkeep\n|turn|10\n|-message|showbiz_carton forfeited.\n|\n|win|ikthoizzykil\n|raw|ikthoizzykil's rating: 1428 &rarr; <strong>1442</strong><br />(+14 for winning)\n|raw|showbiz_carton's rating: 1329 &rarr; <strong>1315</strong><br />(-14 for losing)\n|l|☆showbiz_carton\n|player|p2|\n", "uploadtime": 1783821963, "views": 4, "formatid": "gen9ou", "rating": 1315, "private": 0, "password": null}