{"id": "gen9ou-2647800584", "format": "[Gen 9] OU", "players": ["yakuzer123", "Kongjin"], "log": "|j|☆yakuzer123\n|j|☆Kongjin\n|t:|1783814913\n|gametype|singles\n|player|p1|yakuzer123|cheren-gen5bw2|1178\n|player|p2|Kongjin|265|1184\n|gen|9\n|tier|[Gen 9] OU\n|rated|\n|rule|HP Percentage Mod: HP is shown in percentages\n|rule|Endless Battle Clause: Forcing endless battles is banned\n|rule|Species Clause: Limit one of each Pokémon\n|rule|OHKO Clause: OHKO moves are banned\n|rule|Evasion Items Clause: Evasion items are banned\n|rule|Evasion Moves Clause: Evasion moves are banned\n|rule|Evasion Abilities Clause: Evasion abilities are banned\n|rule|Sleep Moves Clause: Sleep-inducing moves are banned\n|clearpoke\n|poke|p1|Primeape, F|\n|poke|p1|Pawmot, F|\n|poke|p1|Rabsca, F|\n|poke|p1|Cinderace, M|\n|poke|p1|Krookodile, F|\n|poke|p1|Zoroark-Hisui, M|\n|poke|p2|Slither Wing|\n|poke|p2|Ninetales, F|\n|poke|p2|Ceruledge, F|\n|poke|p2|Walking Wake|\n|poke|p2|Great Tusk|\n|poke|p2|Venusaur, M|\n|teampreview\n|\n|t:|1783814932\n|teamsize|p1|6\n|teamsize|p2|6\n|start\n|switch|p1a: Primeape|Primeape, F|100/100\n|switch|p2a: naruto|Ninetales, F|100/100\n|-weather|SunnyDay|[from] ability: Drought|[of] p2a: naruto\n|turn|1\n|\n|t:|1783814947\n|move|p1a: Primeape|Earthquake|p2a: naruto\n|-supereffective|p2a: naruto\n|-damage|p2a: naruto|1/100\n|move|p2a: naruto|Will-O-Wisp|p1a: Primeape\n|-status|p1a: Primeape|brn\n|\n|-weather|SunnyDay|[upkeep]\n|-damage|p1a: Primeape|94/100 brn|[from] brn\n|upkeep\n|turn|2\n|\n|t:|1783814954\n|switch|p2a: OMG ILY|Slither Wing|100/100\n|-activate|p2a: OMG ILY|ability: Protosynthesis\n|-start|p2a: OMG ILY|protosynthesisatk\n|move|p1a: Primeape|Earthquake|p2a: OMG ILY\n|-resisted|p2a: OMG ILY\n|-damage|p2a: OMG ILY|91/100\n|\n|-weather|SunnyDay|[upkeep]\n|-damage|p1a: Primeape|88/100 brn|[from] brn\n|upkeep\n|turn|3\n|\n|t:|1783814961\n|move|p1a: Primeape|Earthquake|p2a: OMG ILY\n|-resisted|p2a: OMG ILY\n|-damage|p2a: OMG ILY|82/100\n|move|p2a: OMG ILY|U-turn|p1a: Primeape\n|-resisted|p1a: Primeape\n|-damage|p1a: Primeape|40/100 brn\n|\n|t:|1783814965\n|-end|p2a: OMG ILY|Protosynthesis|[silent]\n|switch|p2a: flowey|Venusaur, M|100/100|[from] U-turn\n|\n|-weather|SunnyDay|[upkeep]\n|-damage|p1a: Primeape|34/100 brn|[from] brn\n|upkeep\n|turn|4\n|\n|t:|1783814968\n|move|p2a: flowey|Weather Ball|p1a: Primeape\n|-damage|p1a: Primeape|0 fnt\n|faint|p1a: Primeape\n|-damage|p2a: flowey|91/100|[from] item: Life Orb\n|\n|-weather|SunnyDay|[upkeep]\n|upkeep\n|\n|t:|1783814993\n|switch|p1a: Cinderace|Cinderace, M|100/100\n|turn|5\n|\n|t:|1783815006\n|switch|p2a: Walkenheimer|Walking Wake|100/100\n|-activate|p2a: Walkenheimer|ability: Protosynthesis\n|-start|p2a: Walkenheimer|protosynthesisspe\n|move|p1a: Cinderace|Pyro Ball|p2a: Walkenheimer\n|-resisted|p2a: Walkenheimer\n|-damage|p2a: Walkenheimer|78/100\n|\n|-weather|SunnyDay|[upkeep]\n|upkeep\n|turn|6\n|\n|t:|1783815015\n|move|p1a: Cinderace|Sucker Punch|p2a: Walkenheimer\n|-start|p1a: Cinderace|typechange|Dark|[from] ability: Libero\n|-damage|p2a: Walkenheimer|42/100\n|move|p2a: Walkenheimer|Hydro Steam|p1a: Cinderace\n|-damage|p1a: Cinderace|0 fnt\n|faint|p1a: Cinderace\n|\n|-weather|SunnyDay|[upkeep]\n|upkeep\n|inactive|Battle timer is ON: inactive players will automatically lose when time's up. (requested by Kongjin)\n|\n|t:|1783815071\n|switch|p1a: Rabsca|Rabsca, F|100/100\n|turn|7\n|inactive|Kongjin has 120 seconds left.\n|inactive|Kongjin has 90 seconds left.\n|\n|t:|1783815141\n|-terastallize|p1a: Rabsca|Fairy\n|move|p2a: Walkenheimer|Draco Meteor|p1a: Rabsca\n|-immune|p1a: Rabsca\n|move|p1a: Rabsca|Revival Blessing|p1a: Rabsca\n|-enditem|p1a: Rabsca|Leppa Berry|[eat]\n|-activate|p1a: Rabsca|item: Leppa Berry|Revival Blessing|[consumed]\n|\n|t:|1783815147\n|-heal|p1: Primeape|50/100|[from] move: Revival Blessing\n|\n|-weather|SunnyDay|[upkeep]\n|upkeep\n|turn|8\n|inactive|Kongjin has 90 seconds left.\n|\n|t:|1783815154\n|move|p2a: Walkenheimer|Hydro Steam|p1a: Rabsca\n|-damage|p1a: Rabsca|45/100\n|move|p1a: Rabsca|Psychic Noise|p2a: Walkenheimer\n|-damage|p2a: Walkenheimer|9/100\n|-start|p2a: Walkenheimer|move: Heal Block\n|\n|-weather|none\n|-end|p2a: Walkenheimer|Protosynthesis\n|upkeep\n|turn|9\n|\n|t:|1783815163\n|move|p2a: Walkenheimer|Flip Turn|p1a: Rabsca\n|-damage|p1a: Rabsca|25/100\n|\n|t:|1783815166\n|-end|p2a: Walkenheimer|Protosynthesis|[silent]\n|switch|p2a: naruto|Ninetales, F|1/100|[from] Flip Turn\n|-weather|SunnyDay|[from] ability: Drought|[of] p2a: naruto\n|move|p1a: Rabsca|Recover|p1a: Rabsca\n|-heal|p1a: Rabsca|75/100\n|\n|-weather|SunnyDay|[upkeep]\n|upkeep\n|turn|10\n|\n|t:|1783815170\n|move|p2a: naruto|Overheat|p1a: Rabsca\n|-damage|p1a: Rabsca|27/100\n|-unboost|p2a: naruto|spa|2\n|move|p1a: Rabsca|Psychic Noise|p2a: naruto\n|-damage|p2a: naruto|0 fnt\n|faint|p2a: naruto\n|\n|-weather|SunnyDay|[upkeep]\n|upkeep\n|\n|t:|1783815179\n|switch|p2a: red judas|Ceruledge, F|100/100\n|-item|p2a: red judas|Air Balloon\n|turn|11\n|inactive|yakuzer123 has 120 seconds left.\n|\n|t:|1783815210\n|move|p2a: red judas|Swords Dance|p2a: red judas\n|-boost|p2a: red judas|atk|2\n|move|p1a: Rabsca|Memento|p2a: red judas\n|-unboost|p2a: red judas|atk|2\n|-unboost|p2a: red judas|spa|2\n|faint|p1a: Rabsca\n|\n|-weather|SunnyDay|[upkeep]\n|upkeep\n|inactive|yakuzer123 has 120 seconds left.\n|\n|t:|1783815226\n|switch|p1a: Primeape|Primeape, F|50/100\n|turn|12\n|\n|t:|1783815240\n|move|p1a: Primeape|Rage Fist|p2a: red judas\n|-supereffective|p2a: red judas\n|-damage|p2a: red judas|0 fnt\n|-enditem|p2a: red judas|Air Balloon\n|faint|p2a: red judas\n|\n|-weather|SunnyDay|[upkeep]\n|upkeep\n|c|☆Kongjin|!dt rage fist\n|c|☆Kongjin|/raw <ul class=\"utilichart\"><li class=\"result\"><span class=\"col movenamecol\"><a href=\"https://dex.pokemonshowdown.com/moves/ragefist\">Rage Fist</a></span> <span class=\"col typecol\"><img src=\"//play.pokemonshowdown.com/sprites/types/Ghost.png\" alt=\"Ghost\" width=\"32\" height=\"14\"><img src=\"//play.pokemonshowdown.com/sprites/categories/Physical.png\" alt=\"Physical\" width=\"32\" height=\"14\"></span> <span class=\"col labelcol\"><em>Power</em><br>50</span> <span class=\"col widelabelcol\"><em>Accuracy</em><br>100%</span> <span class=\"col pplabelcol\"><em>PP</em><br>16</span> <span class=\"col movedesccol\">+50 power for each time user was hit. Max 6 hits.</span> </li><li style=\"clear:both\"></li></ul>\n|c|☆Kongjin|/raw <font size=\"1\"><font color=\"#686868\">Priority:</font> 0&nbsp;|&ThickSpace;<font color=\"#686868\">Gen:</font> 9&nbsp;|&ThickSpace;&#10003; Contact&nbsp;|&ThickSpace;&#10003; Punch&nbsp;|&ThickSpace;<font color=\"#686868\">Z-Power:</font> 100&nbsp;|&ThickSpace;<font color=\"#686868\">Target:</font> One Adjacent Pokémon</font>\n\n|inactive|Kongjin has 120 seconds left.\n|\n|t:|1783815252\n|switch|p2a: OMG ILY|Slither Wing|82/100\n|-activate|p2a: OMG ILY|ability: Protosynthesis\n|-start|p2a: OMG ILY|protosynthesisatk\n|turn|13\n|\n|t:|1783815260\n|move|p2a: OMG ILY|First Impression|p1a: Primeape\n|-resisted|p1a: Primeape\n|-damage|p1a: Primeape|0 fnt\n|faint|p1a: Primeape\n|\n|-weather|SunnyDay|[upkeep]\n|upkeep\n|\n|t:|1783815273\n|switch|p1a: Krookodile|Krookodile, F|100/100\n|turn|14\n|\n|t:|1783815279\n|move|p1a: Krookodile|Hyper Voice|p2a: OMG ILY\n|-damage|p2a: OMG ILY|39/100\n|move|p2a: OMG ILY|U-turn|p1a: Krookodile\n|-resisted|p1a: Krookodile\n|-damage|p1a: Krookodile|45/100\n|replace|p1a: Zoroark|Zoroark-Hisui, M\n|-end|p1a: Zoroark|Illusion\n|\n|t:|1783815289\n|-end|p2a: OMG ILY|Protosynthesis|[silent]\n|switch|p2a: Walkenheimer|Walking Wake|9/100|[from] U-turn\n|-activate|p2a: Walkenheimer|ability: Protosynthesis\n|-start|p2a: Walkenheimer|protosynthesisspe\n|\n|-weather|SunnyDay|[upkeep]\n|upkeep\n|turn|15\n|\n|t:|1783815300\n|move|p2a: Walkenheimer|Hydro Steam|p1a: Zoroark\n|-damage|p1a: Zoroark|0 fnt\n|faint|p1a: Zoroark\n|\n|-weather|SunnyDay|[upkeep]\n|upkeep\n|\n|t:|1783815302\n|switch|p1a: Pawmot|Pawmot, F|100/100\n|turn|16\n|inactive|Kongjin has 120 seconds left.\n|\n|t:|1783815332\n|move|p1a: Pawmot|Mach Punch|p2a: Walkenheimer\n|-damage|p2a: Walkenheimer|0 fnt\n|faint|p2a: Walkenheimer\n|-end|p2a: Walkenheimer|Protosynthesis|[silent]\n|\n|-weather|none\n|upkeep\n|\n|t:|1783815337\n|switch|p2a: flowey|Venusaur, M|91/100\n|turn|17\n|\n|t:|1783815349\n|move|p1a: Pawmot|Revival Blessing|p1a: Pawmot\n|-enditem|p1a: Pawmot|Leppa Berry|[eat]\n|-activate|p1a: Pawmot|item: Leppa Berry|Revival Blessing|[consumed]\n|c|☆Kongjin|q porra é essa irmao\n|c|☆Kongjin|vtnc\n|\n|t:|1783815371\n|-heal|p1: Zoroark|50/100|[from] move: Revival Blessing\n|move|p2a: flowey|Earthquake|p1a: Pawmot\n|-supereffective|p1a: Pawmot\n|-damage|p1a: Pawmot|22/100\n|-damage|p2a: flowey|81/100|[from] item: Life Orb\n|\n|upkeep\n|turn|18\n|\n|t:|1783815380\n|move|p1a: Pawmot|Revival Blessing|p1a: Pawmot\n|\n|t:|1783815382\n|-heal|p1: Primeape|50/100|[from] move: Revival Blessing\n|move|p2a: flowey|Earthquake|p1a: Pawmot\n|-supereffective|p1a: Pawmot\n|-damage|p1a: Pawmot|0 fnt\n|faint|p1a: Pawmot\n|-damage|p2a: flowey|71/100|[from] item: Life Orb\n|\n|upkeep\n|\n|t:|1783815385\n|switch|p1a: Primeape|Primeape, F|50/100\n|turn|19\n|\n|t:|1783815390\n|move|p1a: Primeape|Rage Fist|p2a: flowey\n|-damage|p2a: flowey|0 fnt\n|faint|p2a: flowey\n|\n|upkeep\n|\n|t:|1783815392\n|switch|p2a: OMG ILY|Slither Wing|39/100\n|turn|20\n|\n|t:|1783815396\n|move|p2a: OMG ILY|First Impression|p1a: Primeape\n|-resisted|p1a: Primeape\n|-crit|p1a: Primeape\n|-damage|p1a: Primeape|0 fnt\n|faint|p1a: Primeape\n|\n|upkeep\n|\n|t:|1783815399\n|switch|p1a: Krookodile|Krookodile, F|50/100\n|turn|21\n|c|☆Kongjin|essa porra desse primeape\n|c|☆Kongjin|matei 3 vezes ele\n|\n|t:|1783815409\n|move|p1a: Krookodile|Hyper Voice|p2a: OMG ILY\n|-damage|p2a: OMG ILY|1/100\n|move|p2a: OMG ILY|U-turn|p1a: Krookodile\n|-resisted|p1a: Krookodile\n|-damage|p1a: Krookodile|8/100\n|replace|p1a: Zoroark|Zoroark-Hisui, M\n|-end|p1a: Zoroark|Illusion\n|\n|t:|1783815413\n|-end|p2a: OMG ILY|Protosynthesis|[silent]\n|switch|p2a: nah i'd spin|Great Tusk|100/100|[from] U-turn\n|\n|upkeep\n|turn|22\n|\n|t:|1783815417\n|move|p1a: Zoroark|Hyper Voice|p2a: nah i'd spin\n|-damage|p2a: nah i'd spin|23/100\n|move|p2a: nah i'd spin|Earthquake|p1a: Zoroark\n|-damage|p1a: Zoroark|0 fnt\n|faint|p1a: Zoroark\n|\n|upkeep\n|\n|t:|1783815420\n|switch|p1a: Krookodile|Krookodile, F|100/100\n|turn|23\n|\n|t:|1783815424\n|move|p1a: Krookodile|Earthquake|p2a: nah i'd spin\n|-damage|p2a: nah i'd spin|0 fnt\n|faint|p2a: nah i'd spin\n|-end|p2a: nah i'd spin|Protosynthesis|[silent]\n|-ability|p1a: Krookodile|Moxie|boost\n|-boost|p1a: Krookodile|atk|1\n|\n|upkeep\n|\n|t:|1783815427\n|switch|p2a: OMG ILY|Slither Wing|1/100\n|turn|24\n|\n|t:|1783815429\n|move|p2a: OMG ILY|First Impression|p1a: Krookodile\n|-supereffective|p1a: Krookodile\n|-damage|p1a: Krookodile|0 fnt\n|faint|p1a: Krookodile\n|\n|win|Kongjin\n|raw|yakuzer123's rating: 1178 &rarr; <strong>1153</strong><br />(-25 for losing)\n|raw|Kongjin's rating: 1184 &rarr; <strong>1209</strong><br />(+25 for winning)\n|l|☆yakuzer123\n|player|p1|\n|c|☆Kongjin|!dt Revival Blessing\n|c|☆Kongjin|/raw <ul class=\"utilichart\"><li class=\"result\"><span class=\"col movenamecol\"><a href=\"https://dex.pokemonshowdown.com/moves/revivalblessing\">Revival Blessing</a></span> <span class=\"col typecol\"><img src=\"//play.pokemonshowdown.com/sprites/types/Normal.png\" alt=\"Normal\" width=\"32\" height=\"14\"><img src=\"//play.pokemonshowdown.com/sprites/categories/Status.png\" alt=\"Status\" width=\"32\" height=\"14\"></span> <span class=\"col widelabelcol\"><em>Accuracy</em><br>—</span> <span class=\"col pplabelcol\"><em>PP</em><br>1</span> <span class=\"col movedesccol\">Revives a fainted Pokemon to 50% HP.</span> </li><li style=\"clear:both\"></li></ul>\n|c|☆Kongjin|/raw <font size=\"1\"><font color=\"#686868\">Priority:</font> 0&nbsp;|&ThickSpace;<font color=\"#686868\">Gen:</font> 9&nbsp;|&ThickSpace;<font color=\"#686868\">Z-Effect:</font> None&nbsp;|&ThickSpace;<font color=\"#686868\">Target:</font> User</font>\n\n", "uploadtime": 1783815813, "views": 3, "formatid": "gen9ou", "rating": 1153, "private": 0, "password": null}