{"id": "gen9ou-2639312499", "format": "[Gen 9] OU", "players": ["Bulby28", "crazey19"], "log": "|j|☆Bulby28\n|j|☆crazey19\n|t:|1782450987\n|gametype|singles\n|player|p1|Bulby28|harlequin|1392\n|player|p2|crazey19|101|1359\n|gen|9\n|tier|[Gen 9] OU\n|rated|\n|rule|HP Percentage Mod: HP is shown in percentages\n|rule|Endless Battle Clause: Forcing endless battles is banned\n|rule|Species Clause: Limit one of each Pokémon\n|rule|OHKO Clause: OHKO moves are banned\n|rule|Evasion Items Clause: Evasion items are banned\n|rule|Evasion Moves Clause: Evasion moves are banned\n|rule|Evasion Abilities Clause: Evasion abilities are banned\n|rule|Sleep Moves Clause: Sleep-inducing moves are banned\n|clearpoke\n|poke|p1|Slowking-Galar, M|\n|poke|p1|Great Tusk|\n|poke|p1|Kyurem|\n|poke|p1|Kingambit, M|\n|poke|p1|Cinderace, F|\n|poke|p1|Zapdos|\n|poke|p2|Hawlucha, M|\n|poke|p2|Rillaboom, F|\n|poke|p2|Iron Moth|\n|poke|p2|Deoxys-Speed|\n|poke|p2|Gholdengo|\n|poke|p2|Raging Bolt|\n|teampreview\n|inactive|Battle timer is ON: inactive players will automatically lose when time's up. (requested by Bulby28)\n|\n|t:|1782451015\n|teamsize|p1|6\n|teamsize|p2|6\n|start\n|switch|p1a: Zapdos|Zapdos, shiny|100/100\n|switch|p2a: Deoxys|Deoxys-Speed|100/100\n|-ability|p2a: Deoxys|Pressure\n|turn|1\n|\n|t:|1782451027\n|move|p2a: Deoxys|Knock Off|p1a: Zapdos\n|-damage|p1a: Zapdos|85/100\n|-enditem|p1a: Zapdos|Heavy-Duty Boots|[from] move: Knock Off|[of] p2a: Deoxys\n|move|p1a: Zapdos|Thunder Wave|p2a: Deoxys\n|-status|p2a: Deoxys|par\n|\n|upkeep\n|turn|2\n|\n|t:|1782451033\n|move|p2a: Deoxys|Stealth Rock|p1a: Zapdos\n|-sidestart|p1: Bulby28|move: Stealth Rock\n|move|p1a: Zapdos|Volt Switch|p2a: Deoxys\n|-damage|p2a: Deoxys|58/100 par\n|\n|t:|1782451041\n|switch|p1a: Cinderace|Cinderace, F|100/100|[from] Volt Switch\n|\n|upkeep\n|turn|3\n|\n|t:|1782451055\n|move|p1a: Cinderace|Pyro Ball|p2a: Deoxys\n|-damage|p2a: Deoxys|0 fnt\n|faint|p2a: Deoxys\n|\n|upkeep\n|\n|t:|1782451063\n|switch|p2a: Iron Moth|Iron Moth|100/100\n|-enditem|p2a: Iron Moth|Booster Energy\n|-activate|p2a: Iron Moth|ability: Quark Drive|[fromitem]\n|-start|p2a: Iron Moth|quarkdrivespe\n|turn|4\n|\n|t:|1782451082\n|move|p2a: Iron Moth|Substitute|p2a: Iron Moth\n|-start|p2a: Iron Moth|Substitute\n|-damage|p2a: Iron Moth|76/100\n|move|p1a: Cinderace|U-turn|p2a: Iron Moth\n|-resisted|p2a: Iron Moth\n|-activate|p2a: Iron Moth|move: Substitute|[damage]\n|\n|t:|1782451089\n|switch|p1a: Great Tusk|Great Tusk|100/100|[from] U-turn\n|-damage|p1a: Great Tusk|97/100|[from] Stealth Rock\n|\n|-heal|p1a: Great Tusk|100/100|[from] item: Leftovers\n|upkeep\n|turn|5\n|\n|t:|1782451095\n|move|p2a: Iron Moth|Dazzling Gleam|p1a: Great Tusk\n|-supereffective|p1a: Great Tusk\n|-damage|p1a: Great Tusk|24/100\n|move|p1a: Great Tusk|Rapid Spin|p2a: Iron Moth\n|-end|p2a: Iron Moth|Substitute\n|-sideend|p1: Bulby28|Stealth Rock|[from] move: Rapid Spin|[of] p1a: Great Tusk\n|-boost|p1a: Great Tusk|spe|1\n|\n|-heal|p1a: Great Tusk|30/100|[from] item: Leftovers\n|upkeep\n|turn|6\n|\n|t:|1782451104\n|move|p2a: Iron Moth|Fiery Dance|p1a: Great Tusk\n|-damage|p1a: Great Tusk|0 fnt\n|faint|p1a: Great Tusk\n|-end|p1a: Great Tusk|Protosynthesis|[silent]\n|\n|upkeep\n|\n|t:|1782451126\n|switch|p1a: Slowking|Slowking-Galar, M|100/100\n|turn|7\n|\n|t:|1782451132\n|-end|p2a: Iron Moth|Quark Drive|[silent]\n|switch|p2a: Rillaboom|Rillaboom, F|100/100\n|-fieldstart|move: Grassy Terrain|[from] ability: Grassy Surge|[of] p2a: Rillaboom\n|move|p1a: Slowking|Future Sight|p2a: Rillaboom\n|-start|p1a: Slowking|move: Future Sight\n|\n|upkeep\n|turn|8\n|\n|t:|1782451138\n|move|p2a: Rillaboom|U-turn|p1a: Slowking\n|-damage|p1a: Slowking|76/100\n|\n|t:|1782451141\n|switch|p2a: Gholdengo|Gholdengo|100/100|[from] U-turn\n|-item|p2a: Gholdengo|Air Balloon\n|move|p1a: Slowking|Sludge Bomb|p2a: Gholdengo\n|-immune|p2a: Gholdengo\n|\n|-heal|p1a: Slowking|82/100|[from] Grassy Terrain\n|upkeep\n|turn|9\n|\n|t:|1782451147\n|move|p2a: Gholdengo|Thunder Wave|p1a: Slowking\n|-status|p1a: Slowking|par\n|-prepare|p1a: Slowking|Chilly Reception|[premajor]\n|move|p1a: Slowking|Chilly Reception|p1a: Slowking\n|-weather|Snowscape\n|\n|t:|1782451152\n|switch|p1a: Cinderace|Cinderace, F|100/100|[from] Chilly Reception\n|\n|-weather|Snowscape|[upkeep]\n|-end|p2a: Gholdengo|move: Future Sight\n|-resisted|p2a: Gholdengo\n|-damage|p2a: Gholdengo|79/100\n|-enditem|p2a: Gholdengo|Air Balloon\n|-heal|p2a: Gholdengo|85/100|[from] Grassy Terrain\n|upkeep\n|turn|10\n|\n|t:|1782451155\n|move|p1a: Cinderace|Pyro Ball|p2a: Gholdengo|[miss]\n|-miss|p1a: Cinderace|p2a: Gholdengo\n|move|p2a: Gholdengo|Thunder Wave|p1a: Cinderace\n|-status|p1a: Cinderace|par\n|\n|-weather|Snowscape|[upkeep]\n|-heal|p2a: Gholdengo|91/100|[from] Grassy Terrain\n|upkeep\n|turn|11\n|\n|t:|1782451162\n|switch|p2a: Rillaboom|Rillaboom, F|100/100\n|cant|p1a: Cinderace|par\n|\n|-weather|Snowscape|[upkeep]\n|upkeep\n|turn|12\n|\n|t:|1782451173\n|move|p2a: Rillaboom|Knock Off|p1a: Cinderace\n|-damage|p1a: Cinderace|57/100 par\n|-enditem|p1a: Cinderace|Heavy-Duty Boots|[from] move: Knock Off|[of] p2a: Rillaboom\n|move|p1a: Cinderace|Pyro Ball|p2a: Rillaboom\n|-supereffective|p2a: Rillaboom\n|-damage|p2a: Rillaboom|10/100\n|\n|-weather|Snowscape|[upkeep]\n|-heal|p2a: Rillaboom|16/100|[from] Grassy Terrain\n|-heal|p1a: Cinderace|63/100 par|[from] Grassy Terrain\n|upkeep\n|turn|13\n|\n|t:|1782451182\n|move|p2a: Rillaboom|Knock Off|p1a: Cinderace\n|-crit|p1a: Cinderace\n|-damage|p1a: Cinderace|20/100 par\n|cant|p1a: Cinderace|par\n|\n|-weather|none\n|-heal|p2a: Rillaboom|22/100|[from] Grassy Terrain\n|-heal|p1a: Cinderace|26/100 par|[from] Grassy Terrain\n|upkeep\n|turn|14\n|\n|t:|1782451191\n|move|p2a: Rillaboom|U-turn|p1a: Cinderace\n|-resisted|p1a: Cinderace\n|-damage|p1a: Cinderace|10/100 par\n|\n|t:|1782451194\n|switch|p2a: Iron Moth|Iron Moth|76/100|[from] U-turn\n|move|p1a: Cinderace|U-turn|p2a: Iron Moth\n|-resisted|p2a: Iron Moth\n|-damage|p2a: Iron Moth|70/100\n|\n|t:|1782451206\n|switch|p1a: Zapdos|Zapdos, shiny|85/100|[from] U-turn\n|\n|-heal|p2a: Iron Moth|76/100|[from] Grassy Terrain\n|-fieldend|move: Grassy Terrain\n|upkeep\n|turn|15\n|\n|t:|1782451216\n|move|p2a: Iron Moth|Sludge Wave|p1a: Zapdos\n|-damage|p1a: Zapdos|36/100\n|move|p1a: Zapdos|Volt Switch|p2a: Iron Moth\n|-damage|p2a: Iron Moth|42/100\n|\n|t:|1782451219\n|switch|p1a: Slowking|Slowking-Galar, M|100/100 par|[from] Volt Switch\n|\n|upkeep\n|turn|16\n|\n|t:|1782451223\n|move|p2a: Iron Moth|Fiery Dance|p1a: Slowking\n|-damage|p1a: Slowking|74/100 par\n|-prepare|p1a: Slowking|Chilly Reception|[premajor]\n|move|p1a: Slowking|Chilly Reception|p1a: Slowking\n|-weather|Snowscape\n|\n|t:|1782451226\n|switch|p1a: Kyurem|Kyurem|100/100|[from] Chilly Reception\n|-ability|p1a: Kyurem|Pressure\n|\n|-weather|Snowscape|[upkeep]\n|upkeep\n|turn|17\n|\n|t:|1782451230\n|move|p2a: Iron Moth|Dazzling Gleam|p1a: Kyurem\n|-supereffective|p1a: Kyurem\n|-crit|p1a: Kyurem\n|-damage|p1a: Kyurem|25/100\n|move|p1a: Kyurem|Blizzard|p2a: Iron Moth\n|-resisted|p2a: Iron Moth\n|-damage|p2a: Iron Moth|0 fnt\n|faint|p2a: Iron Moth\n|-end|p2a: Iron Moth|Quark Drive|[silent]\n|\n|-weather|Snowscape|[upkeep]\n|upkeep\n|\n|t:|1782451236\n|switch|p2a: Rillaboom|Rillaboom, F|22/100\n|-fieldstart|move: Grassy Terrain|[from] ability: Grassy Surge|[of] p2a: Rillaboom\n|turn|18\n|\n|t:|1782451239\n|switch|p1a: Zapdos|Zapdos, shiny|36/100\n|move|p2a: Rillaboom|Grassy Glide|p1a: Zapdos\n|-resisted|p1a: Zapdos\n|-damage|p1a: Zapdos|22/100\n|\n|-weather|Snowscape|[upkeep]\n|-heal|p2a: Rillaboom|29/100|[from] Grassy Terrain\n|upkeep\n|turn|19\n|\n|t:|1782451245\n|move|p1a: Zapdos|Roost|p1a: Zapdos\n|-heal|p1a: Zapdos|73/100\n|-singleturn|p1a: Zapdos|move: Roost\n|move|p2a: Rillaboom|U-turn|p1a: Zapdos\n|-damage|p1a: Zapdos|52/100\n|\n|t:|1782451248\n|switch|p2a: Raging Bolt|Raging Bolt|100/100|[from] U-turn\n|-enditem|p2a: Raging Bolt|Booster Energy\n|-activate|p2a: Raging Bolt|ability: Protosynthesis|[fromitem]\n|-start|p2a: Raging Bolt|protosynthesisspa\n|\n|-weather|Snowscape|[upkeep]\n|-heal|p1a: Zapdos|58/100|[from] Grassy Terrain\n|upkeep\n|turn|20\n|\n|t:|1782451252\n|move|p2a: Raging Bolt|Thunderbolt|p1a: Zapdos\n|-damage|p1a: Zapdos|0 fnt\n|faint|p1a: Zapdos\n|\n|-weather|none\n|upkeep\n|\n|t:|1782451262\n|switch|p1a: Slowking|Slowking-Galar, M|100/100 par\n|turn|21\n|\n|t:|1782451264\n|move|p2a: Raging Bolt|Calm Mind|p2a: Raging Bolt\n|-boost|p2a: Raging Bolt|spa|1\n|-boost|p2a: Raging Bolt|spd|1\n|move|p1a: Slowking|Future Sight|p2a: Raging Bolt\n|-start|p1a: Slowking|move: Future Sight\n|\n|upkeep\n|turn|22\n|\n|t:|1782451269\n|move|p2a: Raging Bolt|Thunderbolt|p1a: Slowking\n|-damage|p1a: Slowking|41/100 par\n|move|p1a: Slowking|Sludge Bomb|p2a: Raging Bolt\n|-damage|p2a: Raging Bolt|80/100\n|\n|-heal|p2a: Raging Bolt|86/100|[from] Grassy Terrain\n|-heal|p1a: Slowking|47/100 par|[from] Grassy Terrain\n|upkeep\n|turn|23\n|\n|t:|1782451278\n|move|p2a: Raging Bolt|Thunderbolt|p1a: Slowking\n|-crit|p1a: Slowking\n|-damage|p1a: Slowking|0 fnt\n|faint|p1a: Slowking\n|\n|-end|p2a: Raging Bolt|move: Future Sight\n|-damage|p2a: Raging Bolt|56/100\n|-heal|p2a: Raging Bolt|62/100|[from] Grassy Terrain\n|upkeep\n|\n|t:|1782451281\n|switch|p1a: Kingambit|Kingambit, M|100/100\n|-activate|p1a: Kingambit|ability: Supreme Overlord\n|-start|p1a: Kingambit|fallen3|[silent]\n|turn|24\n|\n|t:|1782451291\n|move|p2a: Raging Bolt|Thunderclap|p1a: Kingambit\n|-damage|p1a: Kingambit|9/100\n|move|p1a: Kingambit|Low Kick|p2a: Raging Bolt\n|-damage|p2a: Raging Bolt|6/100\n|\n|-heal|p2a: Raging Bolt|13/100|[from] Grassy Terrain\n|-heal|p1a: Kingambit|15/100|[from] Grassy Terrain\n|-heal|p1a: Kingambit|21/100|[from] item: Leftovers\n|upkeep\n|turn|25\n|\n|t:|1782451298\n|move|p2a: Raging Bolt|Thunderbolt|p1a: Kingambit\n|-damage|p1a: Kingambit|0 fnt\n|faint|p1a: Kingambit\n|-end|p1a: Kingambit|fallen3|[silent]\n|\n|-heal|p2a: Raging Bolt|19/100|[from] Grassy Terrain\n|-fieldend|move: Grassy Terrain\n|upkeep\n|\n|t:|1782451303\n|switch|p1a: Kyurem|Kyurem|25/100\n|-ability|p1a: Kyurem|Pressure\n|turn|26\n|inactive|Bulby28 has 120 seconds left.\n|inactive|Bulby28 has 90 seconds left.\n|inactive|Bulby28 has 60 seconds left.\n|c|☆Bulby28|Not a single static + 3/4 para or miss on ace, crit on kyurem\n|-message|Bulby28 forfeited.\n|\n|win|crazey19\n|raw|Bulby28's rating: 1392 &rarr; <strong>1370</strong><br />(-22 for losing)\n|raw|crazey19's rating: 1359 &rarr; <strong>1381</strong><br />(+22 for winning)\n|l|☆Bulby28\n|player|p1|\n|l|☆crazey19\n|player|p2|\n", "uploadtime": 1782451659, "views": 5, "formatid": "gen9ou", "rating": 1370, "private": 0, "password": null}