{"id": "gen9ou-2540819669", "format": "[Gen 9] OU", "players": ["MiaTaylor612", "gon_freakster"], "log": "|j|☆MiaTaylor612\n|j|☆gon_freakster\n|t:|1771257367\n|gametype|singles\n|player|p1|MiaTaylor612|lady-gen4|1632\n|player|p2|gon_freakster|101|1623\n|gen|9\n|tier|[Gen 9] OU\n|rated|\n|rule|HP Percentage Mod: HP is shown in percentages\n|rule|Endless Battle Clause: Forcing endless battles is banned\n|rule|Species Clause: Limit one of each Pokémon\n|rule|OHKO Clause: OHKO moves are banned\n|rule|Evasion Items Clause: Evasion items are banned\n|rule|Evasion Moves Clause: Evasion moves are banned\n|rule|Evasion Abilities Clause: Evasion abilities are banned\n|rule|Sleep Moves Clause: Sleep-inducing moves are banned\n|clearpoke\n|poke|p1|Hoopa-Unbound|\n|poke|p1|Weezing-Galar, F|\n|poke|p1|Iron Treads|\n|poke|p1|Alomomola, M|\n|poke|p1|Zapdos|\n|poke|p1|Dragonite, F|\n|poke|p2|Pelipper, F|\n|poke|p2|Raging Bolt|\n|poke|p2|Overqwil, F|\n|poke|p2|Barraskewda, F|\n|poke|p2|Iron Treads|\n|poke|p2|Kingambit, F|\n|teampreview\n|inactive|Battle timer is ON: inactive players will automatically lose when time's up. (requested by MiaTaylor612)\n|\n|t:|1771257381\n|teamsize|p1|6\n|teamsize|p2|6\n|start\n|switch|p1a: Wishmaster|Hoopa-Unbound|100/100\n|switch|p2a: Pelipper|Pelipper, F|100/100\n|-weather|RainDance|[from] ability: Drizzle|[of] p2a: Pelipper\n|turn|1\n|\n|t:|1771257394\n|move|p1a: Wishmaster|Thunderbolt|p2a: Pelipper\n|-supereffective|p2a: Pelipper\n|-damage|p2a: Pelipper|0 fnt\n|faint|p2a: Pelipper\n|\n|-weather|RainDance|[upkeep]\n|upkeep\n|\n|t:|1771257398\n|switch|p2a: lil swimmer|Barraskewda, F|100/100\n|turn|2\n|\n|t:|1771257411\n|switch|p1a: Alomomola|Alomomola, M|100/100\n|move|p2a: lil swimmer|Flip Turn|p1a: Alomomola\n|-resisted|p1a: Alomomola\n|-damage|p1a: Alomomola|77/100\n|\n|t:|1771257413\n|switch|p2a: UNBEATABLE THROAT|Raging Bolt|100/100|[from] Flip Turn\n|-enditem|p2a: UNBEATABLE THROAT|Booster Energy\n|-activate|p2a: UNBEATABLE THROAT|ability: Protosynthesis|[fromitem]\n|-start|p2a: UNBEATABLE THROAT|protosynthesisspa\n|\n|-weather|RainDance|[upkeep]\n|upkeep\n|turn|3\n|\n|t:|1771257427\n|switch|p1a: Iron Treads|Iron Treads|100/100\n|move|p2a: UNBEATABLE THROAT|Weather Ball|p1a: Iron Treads\n|-supereffective|p1a: Iron Treads\n|-damage|p1a: Iron Treads|0 fnt\n|faint|p1a: Iron Treads\n|-end|p1a: Iron Treads|Quark Drive|[silent]\n|\n|-weather|RainDance|[upkeep]\n|upkeep\n|\n|t:|1771257434\n|switch|p1a: Wishmaster|Hoopa-Unbound|100/100\n|turn|4\n|\n|t:|1771257438\n|move|p1a: Wishmaster|Psychic Noise|p2a: UNBEATABLE THROAT\n|-damage|p2a: UNBEATABLE THROAT|59/100\n|-start|p2a: UNBEATABLE THROAT|move: Heal Block\n|move|p2a: UNBEATABLE THROAT|Thunder|p1a: Wishmaster\n|-damage|p1a: Wishmaster|57/100\n|-status|p1a: Wishmaster|par\n|\n|-weather|RainDance|[upkeep]\n|upkeep\n|turn|5\n|\n|t:|1771257444\n|move|p2a: UNBEATABLE THROAT|Thunder|p1a: Wishmaster\n|-damage|p1a: Wishmaster|16/100 par\n|move|p1a: Wishmaster|Psychic Noise|p2a: UNBEATABLE THROAT\n|-damage|p2a: UNBEATABLE THROAT|19/100\n|\n|-weather|RainDance|[upkeep]\n|-end|p2a: UNBEATABLE THROAT|move: Heal Block\n|upkeep\n|turn|6\n|\n|t:|1771257449\n|move|p2a: UNBEATABLE THROAT|Thunderclap|p1a: Wishmaster\n|-damage|p1a: Wishmaster|0 fnt\n|faint|p1a: Wishmaster\n|\n|-weather|RainDance|[upkeep]\n|upkeep\n|\n|t:|1771257452\n|switch|p1a: Dragonite|Dragonite, F|100/100\n|turn|7\n|\n|t:|1771257456\n|move|p1a: Dragonite|Extreme Speed|p2a: UNBEATABLE THROAT\n|-damage|p2a: UNBEATABLE THROAT|0 fnt\n|faint|p2a: UNBEATABLE THROAT\n|-end|p2a: UNBEATABLE THROAT|Protosynthesis|[silent]\n|\n|-weather|RainDance|[upkeep]\n|upkeep\n|\n|t:|1771257460\n|switch|p2a: UShould2GetTested|Overqwil, F|100/100\n|turn|8\n|\n|t:|1771257464\n|switch|p1a: Weezing|Weezing-Galar, F|100/100\n|-ability|p1a: Weezing|Neutralizing Gas\n|move|p2a: UShould2GetTested|Gunk Shot|p1a: Weezing\n|-damage|p1a: Weezing|48/100\n|-damage|p2a: UShould2GetTested|91/100|[from] item: Life Orb\n|\n|-weather|none\n|upkeep\n|turn|9\n|j| tabata toxapex\n|j| graylv\n|\n|t:|1771257481\n|move|p2a: UShould2GetTested|Swords Dance|p2a: UShould2GetTested\n|-boost|p2a: UShould2GetTested|atk|2\n|move|p1a: Weezing|Will-O-Wisp|p2a: UShould2GetTested\n|-status|p2a: UShould2GetTested|brn\n|\n|-damage|p2a: UShould2GetTested|85/100 brn|[from] brn\n|upkeep\n|turn|10\n|\n|t:|1771257486\n|move|p2a: UShould2GetTested|Swords Dance|p2a: UShould2GetTested\n|-boost|p2a: UShould2GetTested|atk|2\n|move|p1a: Weezing|Pain Split|p2a: UShould2GetTested\n|-sethp|p2a: UShould2GetTested|67/100 brn|[from] move: Pain Split|[silent]\n|-sethp|p1a: Weezing|64/100|[from] move: Pain Split\n|\n|-damage|p2a: UShould2GetTested|62/100 brn|[from] brn\n|upkeep\n|turn|11\n|\n|t:|1771257489\n|move|p2a: UShould2GetTested|Gunk Shot|p1a: Weezing\n|-damage|p1a: Weezing|0 fnt\n|faint|p1a: Weezing\n|-end|p1a: Weezing|ability: Neutralizing Gas\n|-damage|p2a: UShould2GetTested|52/100 brn|[from] item: Life Orb\n|\n|-damage|p2a: UShould2GetTested|46/100 brn|[from] brn\n|upkeep\n|\n|t:|1771257495\n|switch|p1a: Zapdos|Zapdos|100/100\n|turn|12\n|\n|t:|1771257497\n|move|p1a: Zapdos|Volt Switch|p2a: UShould2GetTested\n|-damage|p2a: UShould2GetTested|0 fnt\n|faint|p2a: UShould2GetTested\n|\n|t:|1771257501\n|switch|p1a: Dragonite|Dragonite, F|100/100|[from] Volt Switch\n|\n|upkeep\n|\n|t:|1771257503\n|switch|p2a: Iron Treads|Iron Treads|100/100\n|-enditem|p2a: Iron Treads|Booster Energy\n|-activate|p2a: Iron Treads|ability: Quark Drive|[fromitem]\n|-start|p2a: Iron Treads|quarkdrivespe\n|turn|13\n|\n|t:|1771257507\n|switch|p1a: Alomomola|Alomomola, M|100/100\n|move|p2a: Iron Treads|Stealth Rock|p1a: Alomomola\n|-sidestart|p1: MiaTaylor612|move: Stealth Rock\n|\n|upkeep\n|turn|14\n|\n|t:|1771257509\n|move|p2a: Iron Treads|Earth Power|p1a: Alomomola\n|-damage|p1a: Alomomola|82/100\n|move|p1a: Alomomola|Scald|p2a: Iron Treads\n|-supereffective|p2a: Iron Treads\n|-crit|p2a: Iron Treads\n|-damage|p2a: Iron Treads|43/100\n|\n|upkeep\n|turn|15\n|\n|t:|1771257513\n|move|p2a: Iron Treads|Steel Beam|p1a: Alomomola\n|-resisted|p1a: Alomomola\n|-damage|p1a: Alomomola|68/100\n|-damage|p2a: Iron Treads|0 fnt|[from] steelbeam\n|faint|p2a: Iron Treads\n|-end|p2a: Iron Treads|Quark Drive|[silent]\n|move|p1a: Alomomola|Scald|p2: Iron Treads|[notarget]\n|-fail|p1a: Alomomola\n|\n|upkeep\n|\n|t:|1771257516\n|switch|p2a: lil swimmer|Barraskewda, F|100/100\n|turn|16\n|\n|t:|1771257518\n|move|p2a: lil swimmer|Close Combat|p1a: Alomomola\n|-damage|p1a: Alomomola|22/100\n|-unboost|p2a: lil swimmer|def|1\n|-unboost|p2a: lil swimmer|spd|1\n|move|p1a: Alomomola|Flip Turn|p2a: lil swimmer\n|-resisted|p2a: lil swimmer\n|-damage|p2a: lil swimmer|77/100\n|\n|t:|1771257521\n|switch|p1a: Dragonite|Dragonite, F|100/100|[from] Flip Turn\n|\n|upkeep\n|turn|17\n|\n|t:|1771257523\n|switch|p2a: Kingambit|Kingambit, F|100/100\n|-activate|p2a: Kingambit|ability: Supreme Overlord\n|-start|p2a: Kingambit|fallen4|[silent]\n|move|p1a: Dragonite|Dragon Dance|p1a: Dragonite\n|-boost|p1a: Dragonite|atk|1\n|-boost|p1a: Dragonite|spe|1\n|\n|upkeep\n|turn|18\n|\n|t:|1771257526\n|-terastallize|p2a: Kingambit|Dark\n|move|p1a: Dragonite|Earthquake|p2a: Kingambit\n|-damage|p2a: Kingambit|60/100\n|move|p2a: Kingambit|Kowtow Cleave|p1a: Dragonite\n|-damage|p1a: Dragonite|53/100\n|\n|-heal|p2a: Kingambit|66/100|[from] item: Leftovers\n|upkeep\n|turn|19\n|\n|t:|1771257532\n|-terastallize|p1a: Dragonite|Normal\n|move|p1a: Dragonite|Extreme Speed|p2a: Kingambit\n|-damage|p2a: Kingambit|12/100\n|move|p2a: Kingambit|Kowtow Cleave|p1a: Dragonite\n|-damage|p1a: Dragonite|0 fnt\n|faint|p1a: Dragonite\n|\n|-heal|p2a: Kingambit|18/100|[from] item: Leftovers\n|upkeep\n|\n|t:|1771257536\n|switch|p1a: Zapdos|Zapdos|100/100\n|turn|20\n|\n|t:|1771257539\n|move|p2a: Kingambit|Sucker Punch|p1a: Zapdos\n|-damage|p1a: Zapdos|13/100\n|move|p1a: Zapdos|Heat Wave|p2a: Kingambit\n|-damage|p2a: Kingambit|0 fnt\n|faint|p2a: Kingambit\n|-end|p2a: Kingambit|fallen4|[silent]\n|\n|upkeep\n|\n|t:|1771257542\n|switch|p2a: lil swimmer|Barraskewda, F|77/100\n|turn|21\n|\n|t:|1771257544\n|move|p2a: lil swimmer|Close Combat|p1a: Zapdos\n|-resisted|p1a: Zapdos\n|-damage|p1a: Zapdos|0 fnt\n|-unboost|p2a: lil swimmer|def|1\n|-unboost|p2a: lil swimmer|spd|1\n|faint|p1a: Zapdos\n|\n|upkeep\n|\n|t:|1771257548\n|switch|p1a: Alomomola|Alomomola, M|56/100\n|-damage|p1a: Alomomola|43/100|[from] Stealth Rock\n|turn|22\n|\n|t:|1771257550\n|move|p2a: lil swimmer|Close Combat|p1a: Alomomola\n|-damage|p1a: Alomomola|2/100\n|-unboost|p2a: lil swimmer|def|1\n|-unboost|p2a: lil swimmer|spd|1\n|move|p1a: Alomomola|Body Slam|p2a: lil swimmer\n|-damage|p2a: lil swimmer|19/100\n|\n|upkeep\n|turn|23\n|c|☆gon_freakster|gg\n|\n|t:|1771257556\n|move|p2a: lil swimmer|Close Combat|p1a: Alomomola\n|-damage|p1a: Alomomola|0 fnt\n|-unboost|p2a: lil swimmer|def|1\n|-unboost|p2a: lil swimmer|spd|1\n|faint|p1a: Alomomola\n|\n|win|gon_freakster\n|raw|MiaTaylor612's rating: 1632 &rarr; <strong>1611</strong><br />(-21 for losing)\n|raw|gon_freakster's rating: 1623 &rarr; <strong>1644</strong><br />(+21 for winning)\n|l|☆MiaTaylor612\n|player|p1|\n|l|☆gon_freakster\n|player|p2|\n|l| graylv\n|l| tabata toxapex\n", "uploadtime": 1771257796, "views": 5, "formatid": "gen9ou", "rating": 1611, "private": 0, "password": null}