{"id": "gen9ou-2540572242", "format": "[Gen 9] OU", "players": ["yesterdaymister", "chaheed"], "log": "|badge|p2|bronze|gen9ou|100-8\n|uhtml|medal-msg|<div class=\"broadcast-blue\">Curious what those medals under the avatar are? PS now has Ladder Seasons! For more information, check out the <a href=\"https://www.smogon.com/forums/threads/3740067/\">thread on Smogon.</a></div>\n|j|☆yesterdaymister\n|j|☆chaheed\n|t:|1771219995\n|gametype|singles\n|player|p1|yesterdaymister|169|1748\n|player|p2|chaheed|ninjaboy|1842\n|gen|9\n|tier|[Gen 9] OU\n|rated|\n|rule|HP Percentage Mod: HP is shown in percentages\n|rule|Endless Battle Clause: Forcing endless battles is banned\n|rule|Species Clause: Limit one of each Pokémon\n|rule|OHKO Clause: OHKO moves are banned\n|rule|Evasion Items Clause: Evasion items are banned\n|rule|Evasion Moves Clause: Evasion moves are banned\n|rule|Evasion Abilities Clause: Evasion abilities are banned\n|rule|Sleep Moves Clause: Sleep-inducing moves are banned\n|clearpoke\n|poke|p1|Ninetales, F|\n|poke|p1|Ceruledge, M|\n|poke|p1|Venusaur, F|\n|poke|p1|Hatterene, F|\n|poke|p1|Great Tusk|\n|poke|p1|Walking Wake|\n|poke|p2|Dragonite, F|\n|poke|p2|Dragapult, M|\n|poke|p2|Iron Moth|\n|poke|p2|Greninja-*, M|\n|poke|p2|Serperior, F|\n|poke|p2|Iron Treads|\n|teampreview\n|inactive|Battle timer is ON: inactive players will automatically lose when time's up. (requested by yesterdaymister)\n|\n|t:|1771220004\n|teamsize|p1|6\n|teamsize|p2|6\n|start\n|switch|p1a: arda guler|Ninetales, F|100/100\n|switch|p2a: Iron Moth|Iron Moth|100/100\n|-weather|SunnyDay|[from] ability: Drought|[of] p1a: arda guler\n|-enditem|p2a: Iron Moth|Booster Energy\n|-activate|p2a: Iron Moth|ability: Quark Drive|[fromitem]\n|-start|p2a: Iron Moth|quarkdrivespe\n|turn|1\n|\n|t:|1771220012\n|switch|p1a: lebron|Ceruledge, M|100/100\n|move|p2a: Iron Moth|Sludge Wave|p1a: lebron\n|-resisted|p1a: lebron\n|-damage|p1a: lebron|73/100\n|\n|-weather|SunnyDay|[upkeep]\n|upkeep\n|turn|2\n|\n|t:|1771220020\n|-end|p2a: Iron Moth|Quark Drive|[silent]\n|switch|p2a: Greninja|Greninja, M|100/100\n|move|p1a: lebron|Bitter Blade|p2a: Greninja\n|-resisted|p2a: Greninja\n|-damage|p2a: Greninja|45/100\n|-heal|p1a: lebron|99/100|[from] drain|[of] p2a: Greninja\n|\n|-weather|SunnyDay|[upkeep]\n|upkeep\n|turn|3\n|\n|t:|1771220029\n|switch|p1a: mignolet|Great Tusk|100/100\n|-activate|p1a: mignolet|ability: Protosynthesis\n|-start|p1a: mignolet|protosynthesisspe\n|move|p2a: Greninja|Dark Pulse|p1a: mignolet\n|-resisted|p1a: mignolet\n|-damage|p1a: mignolet|69/100\n|-damage|p2a: Greninja|35/100|[from] item: Life Orb\n|\n|-weather|SunnyDay|[upkeep]\n|upkeep\n|turn|4\n|\n|t:|1771220040\n|move|p2a: Greninja|Water Shuriken|p1a: mignolet\n|-supereffective|p1a: mignolet\n|-damage|p1a: mignolet|58/100\n|-supereffective|p1a: mignolet\n|-damage|p1a: mignolet|47/100\n|-supereffective|p1a: mignolet\n|-damage|p1a: mignolet|36/100\n|-hitcount|p1a: mignolet|3\n|-damage|p2a: Greninja|25/100|[from] item: Life Orb\n|move|p1a: mignolet|Headlong Rush|p2a: Greninja\n|-damage|p2a: Greninja|0 fnt\n|-unboost|p1a: mignolet|def|1\n|-unboost|p1a: mignolet|spd|1\n|faint|p2a: Greninja\n|\n|-weather|SunnyDay|[upkeep]\n|upkeep\n|\n|t:|1771220054\n|switch|p2a: Iron Treads|Iron Treads|100/100\n|-enditem|p2a: Iron Treads|Booster Energy\n|-activate|p2a: Iron Treads|ability: Quark Drive|[fromitem]\n|-start|p2a: Iron Treads|quarkdrivespe\n|turn|5\n|\n|t:|1771220060\n|-end|p1a: mignolet|Protosynthesis|[silent]\n|switch|p1a: maccabi|Hatterene, F|100/100\n|move|p2a: Iron Treads|Earthquake|p1a: maccabi\n|-damage|p1a: maccabi|63/100\n|-enditem|p1a: maccabi|Eject Button\n|\n|t:|1771220071\n|switch|p1a: lebron|Ceruledge, M|99/100\n|\n|-weather|SunnyDay|[upkeep]\n|upkeep\n|turn|6\n|\n|t:|1771220076\n|move|p2a: Iron Treads|Earthquake|p1a: lebron\n|-supereffective|p1a: lebron\n|-damage|p1a: lebron|0 fnt\n|faint|p1a: lebron\n|\n|-weather|SunnyDay|[upkeep]\n|upkeep\n|\n|t:|1771220082\n|switch|p1a: hans vanaken|Venusaur, F|100/100\n|turn|7\n|\n|t:|1771220088\n|-end|p2a: Iron Treads|Quark Drive|[silent]\n|switch|p2a: Dragonite|Dragonite, F|100/100\n|move|p1a: hans vanaken|Weather Ball|p2a: Dragonite\n|-resisted|p2a: Dragonite\n|-damage|p2a: Dragonite|83/100\n|-damage|p1a: hans vanaken|91/100|[from] item: Life Orb\n|\n|-weather|SunnyDay|[upkeep]\n|upkeep\n|turn|8\n|j| Dogedgr8\n|\n|t:|1771220096\n|move|p1a: hans vanaken|Sludge Bomb|p2a: Dragonite\n|-damage|p2a: Dragonite|19/100\n|-damage|p1a: hans vanaken|81/100|[from] item: Life Orb\n|move|p2a: Dragonite|Dragon Dance|p2a: Dragonite\n|-boost|p2a: Dragonite|atk|1\n|-boost|p2a: Dragonite|spe|1\n|\n|-weather|none\n|upkeep\n|turn|9\n|\n|t:|1771220104\n|move|p2a: Dragonite|Fire Punch|p1a: hans vanaken\n|-supereffective|p1a: hans vanaken\n|-damage|p1a: hans vanaken|0 fnt\n|faint|p1a: hans vanaken\n|\n|upkeep\n|\n|t:|1771220118\n|switch|p1a: maccabi|Hatterene, F|63/100\n|turn|10\n|\n|t:|1771220120\n|move|p2a: Dragonite|Fire Punch|p1a: maccabi\n|-damage|p1a: maccabi|26/100\n|move|p1a: maccabi|Dazzling Gleam|p2a: Dragonite\n|-supereffective|p2a: Dragonite\n|-damage|p2a: Dragonite|0 fnt\n|faint|p2a: Dragonite\n|\n|upkeep\n|\n|t:|1771220132\n|switch|p2a: Iron Moth|Iron Moth|100/100\n|turn|11\n|\n|t:|1771220137\n|move|p2a: Iron Moth|Substitute|p2a: Iron Moth\n|-start|p2a: Iron Moth|Substitute\n|-damage|p2a: Iron Moth|76/100\n|move|p1a: maccabi|Psychic Noise|p2a: Iron Moth\n|-supereffective|p2a: Iron Moth\n|-damage|p2a: Iron Moth|12/100\n|-start|p2a: Iron Moth|move: Heal Block\n|\n|upkeep\n|turn|12\n|\n|t:|1771220149\n|move|p2a: Iron Moth|Fiery Dance|p1a: maccabi\n|-damage|p1a: maccabi|0 fnt\n|-boost|p2a: Iron Moth|spa|1\n|faint|p1a: maccabi\n|\n|-end|p2a: Iron Moth|move: Heal Block\n|upkeep\n|\n|t:|1771220155\n|switch|p1a: chama|Walking Wake|100/100\n|turn|13\n|\n|t:|1771220158\n|-terastallize|p1a: chama|Water\n|move|p2a: Iron Moth|Sludge Wave|p1a: chama\n|-damage|p1a: chama|23/100\n|-status|p1a: chama|psn\n|move|p1a: chama|Hydro Steam|p2a: Iron Moth\n|-supereffective|p2a: Iron Moth\n|-end|p2a: Iron Moth|Substitute\n|\n|-damage|p1a: chama|10/100 psn|[from] psn\n|upkeep\n|turn|14\n|\n|t:|1771220175\n|-end|p1a: chama|Protosynthesis|[silent]\n|switch|p1a: arda guler|Ninetales, F|100/100\n|-weather|SunnyDay|[from] ability: Drought|[of] p1a: arda guler\n|move|p2a: Iron Moth|Fiery Dance|p1a: arda guler\n|-resisted|p1a: arda guler\n|-damage|p1a: arda guler|53/100\n|\n|-weather|SunnyDay|[upkeep]\n|upkeep\n|turn|15\n|\n|t:|1771220183\n|move|p2a: Iron Moth|Sludge Wave|p1a: arda guler\n|-damage|p1a: arda guler|0 fnt\n|faint|p1a: arda guler\n|\n|-weather|SunnyDay|[upkeep]\n|upkeep\n|\n|t:|1771220185\n|switch|p1a: chama|Walking Wake, tera:Water|10/100 psn\n|-activate|p1a: chama|ability: Protosynthesis\n|-start|p1a: chama|protosynthesisspa\n|turn|16\n|\n|t:|1771220190\n|move|p2a: Iron Moth|Fiery Dance|p1a: chama\n|-resisted|p1a: chama\n|-damage|p1a: chama|0 fnt\n|-boost|p2a: Iron Moth|spa|1\n|faint|p1a: chama\n|-end|p1a: chama|Protosynthesis|[silent]\n|\n|-weather|SunnyDay|[upkeep]\n|upkeep\n|\n|t:|1771220198\n|switch|p1a: mignolet|Great Tusk|36/100\n|-activate|p1a: mignolet|ability: Protosynthesis\n|-start|p1a: mignolet|protosynthesisspe\n|turn|17\n|\n|t:|1771220202\n|move|p1a: mignolet|Rapid Spin|p2a: Iron Moth\n|-damage|p2a: Iron Moth|0 fnt\n|-boost|p1a: mignolet|spe|1\n|faint|p2a: Iron Moth\n|-end|p2a: Iron Moth|Quark Drive|[silent]\n|\n|-weather|SunnyDay|[upkeep]\n|upkeep\n|\n|t:|1771220210\n|switch|p2a: Dragapult|Dragapult, M|100/100\n|turn|18\n|\n|t:|1771220213\n|move|p1a: mignolet|Ice Spinner|p2a: Dragapult\n|-supereffective|p2a: Dragapult\n|-damage|p2a: Dragapult|32/100\n|move|p2a: Dragapult|Hex|p1a: mignolet\n|-damage|p1a: mignolet|2/100\n|\n|-weather|SunnyDay|[upkeep]\n|upkeep\n|turn|19\n|\n|t:|1771220220\n|move|p1a: mignolet|Ice Spinner|p2a: Dragapult\n|-supereffective|p2a: Dragapult\n|-damage|p2a: Dragapult|0 fnt\n|faint|p2a: Dragapult\n|\n|-weather|SunnyDay|[upkeep]\n|upkeep\n|\n|t:|1771220233\n|switch|p2a: Iron Treads|Iron Treads|100/100\n|turn|20\n|\n|t:|1771220241\n|-terastallize|p2a: Iron Treads|Ghost\n|move|p1a: mignolet|Headlong Rush|p2a: Iron Treads\n|-damage|p2a: Iron Treads|52/100\n|-unboost|p1a: mignolet|def|1\n|-unboost|p1a: mignolet|spd|1\n|move|p2a: Iron Treads|Earthquake|p1a: mignolet\n|-damage|p1a: mignolet|0 fnt\n|faint|p1a: mignolet\n|-end|p1a: mignolet|Protosynthesis|[silent]\n|\n|win|chaheed\n|raw|yesterdaymister's rating: 1748 &rarr; <strong>1733</strong><br />(-15 for losing)\n|raw|chaheed's rating: 1842 &rarr; <strong>1857</strong><br />(+15 for winning)\n|l|☆yesterdaymister\n|player|p1|\n|l|☆chaheed\n|player|p2|\n|l| Dogedgr8\n", "uploadtime": 1771220485, "views": 9, "formatid": "gen9ou", "rating": 1733, "private": 0, "password": null}