{"id": "gen9ou-2647815718", "format": "[Gen 9] OU", "players": ["TonySopranosWife", "Shoresy81"], "log": "|j|☆TonySopranosWife\n|j|‽Shoresy81\n|t:|1783817508\n|gametype|singles\n|player|p1|TonySopranosWife|battlegirl-gen4|1193\n|player|p2|Shoresy81|brawly|1201\n|gen|9\n|tier|[Gen 9] OU\n|rated|\n|rule|HP Percentage Mod: HP is shown in percentages\n|rule|Endless Battle Clause: Forcing endless battles is banned\n|rule|Species Clause: Limit one of each Pokémon\n|rule|OHKO Clause: OHKO moves are banned\n|rule|Evasion Items Clause: Evasion items are banned\n|rule|Evasion Moves Clause: Evasion moves are banned\n|rule|Evasion Abilities Clause: Evasion abilities are banned\n|rule|Sleep Moves Clause: Sleep-inducing moves are banned\n|clearpoke\n|poke|p1|Ting-Lu|\n|poke|p1|Registeel|\n|poke|p1|Alomomola, M|\n|poke|p1|Garganacl, F|\n|poke|p1|Pecharunt|\n|poke|p1|Tsareena, F|\n|poke|p2|Dragonite, M|\n|poke|p2|Gengar, F|\n|poke|p2|Ceruledge, M|\n|poke|p2|Darkrai|\n|poke|p2|Salazzle, F|\n|poke|p2|Hatterene, F|\n|teampreview\n|inactive|Battle timer is ON: inactive players will automatically lose when time's up. (requested by Shoresy81)\n|\n|t:|1783817514\n|teamsize|p1|6\n|teamsize|p2|6\n|start\n|switch|p1a: Pecharunt|Pecharunt|100/100\n|switch|p2a: Gengar|Gengar, F|100/100\n|turn|1\n|\n|t:|1783817517\n|move|p2a: Gengar|Shadow Ball|p1a: Pecharunt\n|-supereffective|p1a: Pecharunt\n|-damage|p1a: Pecharunt|21/100\n|move|p1a: Pecharunt|Shadow Ball|p2a: Gengar\n|-supereffective|p2a: Gengar\n|-damage|p2a: Gengar|20/100\n|-unboost|p2a: Gengar|spd|1\n|\n|upkeep\n|turn|2\n|\n|t:|1783817522\n|switch|p1a: ⠙⠑⠍⠕⠝|Registeel|100/100\n|move|p2a: Gengar|Shadow Ball|p1a: ⠙⠑⠍⠕⠝\n|-damage|p1a: ⠙⠑⠍⠕⠝|74/100\n|\n|upkeep\n|turn|3\n|\n|t:|1783817530\n|switch|p2a: Salazzle|Salazzle, F|100/100\n|switch|p1a: TING GOES BRRR|Ting-Lu|100/100\n|-ability|p1a: TING GOES BRRR|Vessel of Ruin\n|\n|upkeep\n|turn|4\n|\n|t:|1783817533\n|switch|p2a: Hatterene|Hatterene, F|100/100\n|move|p1a: TING GOES BRRR|Earthquake|p2a: Hatterene\n|-damage|p2a: Hatterene|54/100\n|\n|-heal|p2a: Hatterene|60/100|[from] item: Leftovers\n|upkeep\n|turn|5\n|\n|t:|1783817538\n|move|p1a: TING GOES BRRR|Heavy Slam|p2a: Hatterene\n|-supereffective|p2a: Hatterene\n|-damage|p2a: Hatterene|0 fnt\n|faint|p2a: Hatterene\n|\n|upkeep\n|\n|t:|1783817543\n|switch|p2a: Gengar|Gengar, F|20/100\n|turn|6\n|\n|t:|1783817547\n|switch|p1a: Pecharunt|Pecharunt|21/100\n|move|p2a: Gengar|Destiny Bond|p2a: Gengar\n|-singlemove|p2a: Gengar|Destiny Bond\n|\n|upkeep\n|turn|7\n|\n|t:|1783817552\n|switch|p1a: Garganacl|Garganacl, F|100/100\n|move|p2a: Gengar|Shadow Ball|p1a: Garganacl\n|-damage|p1a: Garganacl|87/100\n|\n|-heal|p1a: Garganacl|93/100|[from] item: Leftovers\n|upkeep\n|turn|8\n|\n|t:|1783817557\n|move|p2a: Gengar|Destiny Bond|p2a: Gengar\n|-singlemove|p2a: Gengar|Destiny Bond\n|move|p1a: Garganacl|Curse|p1a: Garganacl\n|-unboost|p1a: Garganacl|spe|1\n|-boost|p1a: Garganacl|atk|1\n|-boost|p1a: Garganacl|def|1\n|\n|-heal|p1a: Garganacl|99/100|[from] item: Leftovers\n|upkeep\n|turn|9\n|\n|t:|1783817560\n|move|p2a: Gengar|Encore|p1a: Garganacl\n|-start|p1a: Garganacl|Encore\n|move|p1a: Garganacl|Curse|p1a: Garganacl\n|-unboost|p1a: Garganacl|spe|1\n|-boost|p1a: Garganacl|atk|1\n|-boost|p1a: Garganacl|def|1\n|\n|-heal|p1a: Garganacl|100/100|[from] item: Leftovers\n|upkeep\n|turn|10\n|\n|t:|1783817565\n|switch|p1a: TING GOES BRRR|Ting-Lu|100/100\n|-ability|p1a: TING GOES BRRR|Vessel of Ruin\n|move|p2a: Gengar|Shadow Ball|p1a: TING GOES BRRR\n|-resisted|p1a: TING GOES BRRR\n|-damage|p1a: TING GOES BRRR|90/100\n|\n|upkeep\n|turn|11\n|\n|t:|1783817569\n|move|p2a: Gengar|Will-O-Wisp|p1a: TING GOES BRRR|[miss]\n|-miss|p2a: Gengar|p1a: TING GOES BRRR\n|move|p1a: TING GOES BRRR|Zen Headbutt|p2a: Gengar\n|-supereffective|p2a: Gengar\n|-damage|p2a: Gengar|0 fnt\n|-start|p1a: TING GOES BRRR|Disable|Zen Headbutt|[from] ability: Cursed Body|[of] p2a: Gengar\n|faint|p2a: Gengar\n|\n|upkeep\n|\n|t:|1783817579\n|switch|p2a: Darkrai|Darkrai|100/100\n|turn|12\n|\n|t:|1783817582\n|move|p2a: Darkrai|Ice Beam|p1a: TING GOES BRRR\n|-supereffective|p1a: TING GOES BRRR\n|-damage|p1a: TING GOES BRRR|49/100\n|-enditem|p1a: TING GOES BRRR|Weakness Policy\n|-boost|p1a: TING GOES BRRR|atk|2|[from] item: Weakness Policy\n|-boost|p1a: TING GOES BRRR|spa|2|[from] item: Weakness Policy\n|move|p1a: TING GOES BRRR|Earthquake|p2a: Darkrai\n|-damage|p2a: Darkrai|0 fnt\n|faint|p2a: Darkrai\n|\n|upkeep\n|\n|t:|1783817591\n|switch|p2a: Salazzle|Salazzle, F|100/100\n|turn|13\n|\n|t:|1783817593\n|move|p2a: Salazzle|Toxic|p1a: TING GOES BRRR\n|-status|p1a: TING GOES BRRR|tox\n|move|p1a: TING GOES BRRR|Earthquake|p2a: Salazzle\n|-supereffective|p2a: Salazzle\n|-enditem|p2a: Salazzle|Focus Sash\n|-damage|p2a: Salazzle|1/100\n|\n|-damage|p1a: TING GOES BRRR|43/100 tox|[from] psn\n|upkeep\n|turn|14\n|\n|t:|1783817595\n|move|p2a: Salazzle|Endeavor|p1a: TING GOES BRRR\n|-damage|p1a: TING GOES BRRR|1/100 tox\n|move|p1a: TING GOES BRRR|Payback|p2a: Salazzle\n|-damage|p2a: Salazzle|0 fnt\n|faint|p2a: Salazzle\n|\n|-damage|p1a: TING GOES BRRR|0 fnt|[from] psn\n|faint|p1a: TING GOES BRRR\n|upkeep\n|\n|t:|1783817599\n|switch|p2a: Ceruledge|Ceruledge, M|100/100\n|switch|p1a: Queen|Tsareena, F|100/100\n|turn|15\n|\n|t:|1783817603\n|switch|p1a: Sloppy Toppy|Alomomola, M|100/100\n|move|p2a: Ceruledge|Swords Dance|p2a: Ceruledge\n|-boost|p2a: Ceruledge|atk|2\n|\n|upkeep\n|turn|16\n|\n|t:|1783817605\n|-terastallize|p2a: Ceruledge|Fighting\n|move|p2a: Ceruledge|Close Combat|p1a: Sloppy Toppy\n|-damage|p1a: Sloppy Toppy|35/100\n|-unboost|p2a: Ceruledge|def|1\n|-unboost|p2a: Ceruledge|spd|1\n|move|p1a: Sloppy Toppy|Scald|p2a: Ceruledge\n|-damage|p2a: Ceruledge|79/100\n|\n|upkeep\n|turn|17\n|\n|t:|1783817611\n|move|p2a: Ceruledge|Close Combat|p1a: Sloppy Toppy\n|-damage|p1a: Sloppy Toppy|0 fnt\n|-unboost|p2a: Ceruledge|def|1\n|-unboost|p2a: Ceruledge|spd|1\n|faint|p1a: Sloppy Toppy\n|\n|upkeep\n|\n|t:|1783817618\n|switch|p1a: Pecharunt|Pecharunt|21/100\n|turn|18\n|\n|t:|1783817619\n|move|p2a: Ceruledge|Shadow Sneak|p1a: Pecharunt\n|-supereffective|p1a: Pecharunt\n|-crit|p1a: Pecharunt\n|-damage|p1a: Pecharunt|0 fnt\n|faint|p1a: Pecharunt\n|\n|upkeep\n|\n|t:|1783817622\n|switch|p1a: ⠙⠑⠍⠕⠝|Registeel|74/100\n|turn|19\n|\n|t:|1783817626\n|-terastallize|p1a: ⠙⠑⠍⠕⠝|Ghost\n|move|p2a: Ceruledge|Bitter Blade|p1a: ⠙⠑⠍⠕⠝\n|-damage|p1a: ⠙⠑⠍⠕⠝|23/100\n|-heal|p2a: Ceruledge|100/100|[from] drain|[of] p1a: ⠙⠑⠍⠕⠝\n|move|p1a: ⠙⠑⠍⠕⠝|Iron Defense|p1a: ⠙⠑⠍⠕⠝\n|-boost|p1a: ⠙⠑⠍⠕⠝|def|2\n|\n|upkeep\n|turn|20\n|\n|t:|1783817632\n|move|p2a: Ceruledge|Shadow Sneak|p1a: ⠙⠑⠍⠕⠝\n|-supereffective|p1a: ⠙⠑⠍⠕⠝\n|-damage|p1a: ⠙⠑⠍⠕⠝|2/100\n|move|p1a: ⠙⠑⠍⠕⠝|Rest|p1a: ⠙⠑⠍⠕⠝\n|-status|p1a: ⠙⠑⠍⠕⠝|slp|[from] move: Rest\n|-heal|p1a: ⠙⠑⠍⠕⠝|100/100 slp|[silent]\n|-enditem|p1a: ⠙⠑⠍⠕⠝|Chesto Berry|[eat]\n|-curestatus|p1a: ⠙⠑⠍⠕⠝|slp|[msg]\n|\n|upkeep\n|turn|21\n|\n|t:|1783817639\n|move|p2a: Ceruledge|Swords Dance|p2a: Ceruledge\n|-boost|p2a: Ceruledge|atk|2\n|move|p1a: ⠙⠑⠍⠕⠝|Body Press|p2a: Ceruledge\n|-damage|p2a: Ceruledge|0 fnt\n|faint|p2a: Ceruledge\n|\n|upkeep\n|\n|t:|1783817641\n|switch|p2a: Dragonite|Dragonite, M|100/100\n|turn|22\n|\n|t:|1783817647\n|move|p2a: Dragonite|Dragon Dance|p2a: Dragonite\n|-boost|p2a: Dragonite|atk|1\n|-boost|p2a: Dragonite|spe|1\n|move|p1a: ⠙⠑⠍⠕⠝|Iron Defense|p1a: ⠙⠑⠍⠕⠝\n|-boost|p1a: ⠙⠑⠍⠕⠝|def|2\n|\n|upkeep\n|turn|23\n|\n|t:|1783817651\n|move|p2a: Dragonite|Encore|p1a: ⠙⠑⠍⠕⠝\n|-start|p1a: ⠙⠑⠍⠕⠝|Encore\n|move|p1a: ⠙⠑⠍⠕⠝|Iron Defense|p1a: ⠙⠑⠍⠕⠝\n|-boost|p1a: ⠙⠑⠍⠕⠝|def|2\n|\n|upkeep\n|turn|24\n|\n|t:|1783817660\n|switch|p1a: Garganacl|Garganacl, F|100/100\n|move|p2a: Dragonite|Dragon Dance|p2a: Dragonite\n|-boost|p2a: Dragonite|atk|1\n|-boost|p2a: Dragonite|spe|1\n|\n|upkeep\n|turn|25\n|\n|t:|1783817663\n|move|p2a: Dragonite|Earthquake|p1a: Garganacl\n|-supereffective|p1a: Garganacl\n|-damage|p1a: Garganacl|13/100\n|move|p1a: Garganacl|Salt Cure|p2a: Dragonite\n|-supereffective|p2a: Dragonite\n|-damage|p2a: Dragonite|85/100\n|-start|p2a: Dragonite|Salt Cure\n|\n|-heal|p1a: Garganacl|20/100|[from] item: Leftovers\n|-damage|p2a: Dragonite|72/100|[from] Salt Cure\n|upkeep\n|turn|26\n|\n|t:|1783817666\n|move|p2a: Dragonite|Earthquake|p1a: Garganacl\n|-supereffective|p1a: Garganacl\n|-damage|p1a: Garganacl|0 fnt\n|faint|p1a: Garganacl\n|\n|-damage|p2a: Dragonite|60/100|[from] Salt Cure\n|upkeep\n|\n|t:|1783817669\n|switch|p1a: Queen|Tsareena, F|100/100\n|turn|27\n|\n|t:|1783817671\n|move|p2a: Dragonite|Extreme Speed||[still]\n|cant|p1a: Queen|ability: Queenly Majesty|Extreme Speed|[of] p2a: Dragonite\n|move|p1a: Queen|Triple Axel|p2a: Dragonite\n|-supereffective|p2a: Dragonite\n|-damage|p2a: Dragonite|25/100\n|-supereffective|p2a: Dragonite\n|-damage|p2a: Dragonite|0 fnt\n|faint|p2a: Dragonite\n|-hitcount|p2: Dragonite|2\n|\n|win|TonySopranosWife\n|raw|TonySopranosWife's rating: 1193 &rarr; <strong>1219</strong><br />(+26 for winning)\n|raw|Shoresy81's rating: 1201 &rarr; <strong>1175</strong><br />(-26 for losing)\n|l|‽Shoresy81\n|player|p2|\n|l|☆TonySopranosWife\n|player|p1|\n", "uploadtime": 1783817990, "views": 10, "formatid": "gen9ou", "rating": 1175, "private": 0, "password": null}