{"id": "gen9ou-2640027130", "format": "[Gen 9] OU", "players": ["liliou", "Pinkacross"], "log": "|badge|p2|silver|gen9ou|30-9\n|html|<div class=\"broadcast-red\"><strong>This battle is required to be public due to one or more player having a season medal.</strong><br />During the public phase, you can discuss the state of the ladder <a href=\"/seasondiscussion\">in a special chatroom.</a></div>\n|uhtml|medal-msg|<div class=\"broadcast-blue\">Curious what those medals under the avatar are? PS now has Ladder Seasons! For more information, check out the <a href=\"https://www.smogon.com/forums/threads/3740067/\">thread on Smogon.</a></div>\n|raw|<div class=\"broadcast-blue\"><strong>This battle is required to be public due to a player having a name starting with 'medal'.</div>\n|j|‽liliou\n|j|☆Pinkacross\n|t:|1782566212\n|gametype|singles\n|player|p1|liliou|erika|1702\n|player|p2|Pinkacross|artist|1880\n|gen|9\n|tier|[Gen 9] OU\n|rated|\n|rule|HP Percentage Mod: HP is shown in percentages\n|rule|Endless Battle Clause: Forcing endless battles is banned\n|rule|Species Clause: Limit one of each Pokémon\n|rule|OHKO Clause: OHKO moves are banned\n|rule|Evasion Items Clause: Evasion items are banned\n|rule|Evasion Moves Clause: Evasion moves are banned\n|rule|Evasion Abilities Clause: Evasion abilities are banned\n|rule|Sleep Moves Clause: Sleep-inducing moves are banned\n|clearpoke\n|poke|p1|Kingambit, M|\n|poke|p1|Landorus-Therian, M|\n|poke|p1|Raging Bolt|\n|poke|p1|Great Tusk|\n|poke|p1|Ceruledge, M|\n|poke|p1|Primarina, M|\n|poke|p2|Rillaboom, M|\n|poke|p2|Dondozo, M|\n|poke|p2|Clodsire, F|\n|poke|p2|Blissey, F|\n|poke|p2|Gholdengo|\n|poke|p2|Cinderace, F|\n|teampreview\n|inactive|Battle timer is ON: inactive players will automatically lose when time's up. (requested by liliou)\n|c|☆Pinkacross|hf\n|inactive|Pinkacross has 120 seconds left.\n|inactive|Pinkacross has 90 seconds left.\n|j| Garden of Dreams\n|inactive|Pinkacross has 60 seconds left.\n|\n|t:|1782566313\n|teamsize|p1|6\n|teamsize|p2|6\n|start\n|switch|p1a: Ceruledge|Ceruledge, M|100/100\n|switch|p2a: Cinderace|Cinderace, F|100/100\n|turn|1\n|\n|t:|1782566324\n|move|p2a: Cinderace|U-turn|p1a: Ceruledge\n|-start|p2a: Cinderace|typechange|Bug|[from] ability: Libero\n|-resisted|p1a: Ceruledge\n|-damage|p1a: Ceruledge|88/100\n|l| Garden of Dreams\n|inactive|Pinkacross has 120 seconds left.\n|\n|t:|1782566341\n|switch|p2a: Dondozo|Dondozo, M|100/100|[from] U-turn\n|move|p1a: Ceruledge|Poltergeist|p2a: Dondozo\n|-activate|p2a: Dondozo|move: Poltergeist|Leftovers\n|-crit|p2a: Dondozo\n|-damage|p2a: Dondozo|33/100\n|-damage|p1a: Ceruledge|78/100|[from] item: Life Orb\n|\n|-heal|p2a: Dondozo|39/100|[from] item: Leftovers\n|upkeep\n|turn|2\n|\n|t:|1782566349\n|move|p2a: Dondozo|Protect|p2a: Dondozo\n|-singleturn|p2a: Dondozo|Protect\n|move|p1a: Ceruledge|Poltergeist|p2a: Dondozo\n|-activate|p2a: Dondozo|move: Protect\n|\n|-heal|p2a: Dondozo|45/100|[from] item: Leftovers\n|upkeep\n|turn|3\n|\n|t:|1782566352\n|-terastallize|p2a: Dondozo|Dark\n|move|p1a: Ceruledge|Poltergeist|p2a: Dondozo\n|-activate|p2a: Dondozo|move: Poltergeist|Leftovers\n|-resisted|p2a: Dondozo\n|-damage|p2a: Dondozo|25/100\n|-damage|p1a: Ceruledge|68/100|[from] item: Life Orb\n|move|p2a: Dondozo|Crunch|p1a: Ceruledge\n|-supereffective|p1a: Ceruledge\n|-damage|p1a: Ceruledge|0 fnt\n|faint|p1a: Ceruledge\n|\n|-heal|p2a: Dondozo|31/100|[from] item: Leftovers\n|upkeep\n|\n|t:|1782566365\n|switch|p1a: Primarina|Primarina, M|100/100\n|turn|4\n|inactive|Pinkacross has 120 seconds left.\n|\n|t:|1782566400\n|switch|p2a: Rillaboom|Rillaboom, M|100/100\n|-fieldstart|move: Grassy Terrain|[from] ability: Grassy Surge|[of] p2a: Rillaboom\n|move|p1a: Primarina|Moonblast|p2a: Rillaboom\n|-damage|p2a: Rillaboom|36/100\n|\n|-heal|p2a: Rillaboom|42/100|[from] Grassy Terrain\n|upkeep\n|turn|5\n|\n|t:|1782566416\n|switch|p2a: Dondozo|Dondozo, M, tera:Dark|31/100\n|switch|p1a: Raging Bolt|Raging Bolt|100/100\n|\n|-heal|p2a: Dondozo|37/100|[from] Grassy Terrain\n|-heal|p2a: Dondozo|43/100|[from] item: Leftovers\n|upkeep\n|turn|6\n|\n|t:|1782566426\n|move|p2a: Dondozo|Protect|p2a: Dondozo\n|-singleturn|p2a: Dondozo|Protect\n|move|p1a: Raging Bolt|Calm Mind|p1a: Raging Bolt\n|-boost|p1a: Raging Bolt|spa|1\n|-boost|p1a: Raging Bolt|spd|1\n|\n|-heal|p2a: Dondozo|49/100|[from] Grassy Terrain\n|-heal|p2a: Dondozo|55/100|[from] item: Leftovers\n|upkeep\n|turn|7\n|\n|t:|1782566430\n|switch|p2a: Clodsire|Clodsire, F|100/100\n|move|p1a: Raging Bolt|Dragon Pulse|p2a: Clodsire\n|-damage|p2a: Clodsire|78/100\n|\n|-heal|p2a: Clodsire|85/100|[from] Grassy Terrain\n|-heal|p2a: Clodsire|91/100|[from] item: Leftovers\n|upkeep\n|turn|8\n|\n|t:|1782566444\n|-end|p1a: Raging Bolt|Protosynthesis|[silent]\n|switch|p1a: Great Tusk|Great Tusk|100/100\n|switch|p2a: Blissey|Blissey, F|100/100\n|\n|upkeep\n|turn|9\n|\n|t:|1782566450\n|move|p1a: Great Tusk|Stealth Rock|p2a: Blissey\n|-sidestart|p2: Pinkacross|move: Stealth Rock\n|move|p2a: Blissey|Ice Beam|p1a: Great Tusk\n|-supereffective|p1a: Great Tusk\n|-damage|p1a: Great Tusk|56/100\n|\n|-heal|p1a: Great Tusk|62/100|[from] Grassy Terrain\n|upkeep\n|turn|10\n|\n|t:|1782566461\n|move|p1a: Great Tusk|Ice Spinner|p2a: Blissey\n|-damage|p2a: Blissey|80/100\n|-fieldend|move: Grassy Terrain\n|move|p2a: Blissey|Ice Beam|p1a: Great Tusk\n|-supereffective|p1a: Great Tusk\n|-damage|p1a: Great Tusk|22/100\n|\n|-heal|p2a: Blissey|86/100|[from] item: Leftovers\n|upkeep\n|turn|11\n|\n|t:|1782566469\n|move|p1a: Great Tusk|Headlong Rush|p2a: Blissey\n|-damage|p2a: Blissey|41/100\n|-unboost|p1a: Great Tusk|def|1\n|-unboost|p1a: Great Tusk|spd|1\n|move|p2a: Blissey|Ice Beam|p1a: Great Tusk\n|-supereffective|p1a: Great Tusk\n|-crit|p1a: Great Tusk\n|-damage|p1a: Great Tusk|0 fnt\n|faint|p1a: Great Tusk\n|-end|p1a: Great Tusk|Protosynthesis|[silent]\n|\n|-heal|p2a: Blissey|47/100|[from] item: Leftovers\n|upkeep\n|\n|t:|1782566480\n|switch|p1a: Landorus|Landorus-Therian, M|100/100\n|-ability|p1a: Landorus|Intimidate|boost\n|-unboost|p2a: Blissey|atk|1\n|turn|12\n|j| E1lie\n|inactive|Pinkacross has 120 seconds left.\n|l|☆Pinkacross\n|inactive|Pinkacross disconnected and has a minute to reconnect!\n|player|p2|\n|j|☆Pinkacross\n|inactive|Pinkacross reconnected and has 105 seconds left.\n|player|p2|Pinkacross|artist|\n|inactive|Pinkacross has 90 seconds left.\n|\n|t:|1782566563\n|move|p1a: Landorus|Earthquake|p2a: Blissey\n|-damage|p2a: Blissey|0 fnt\n|faint|p2a: Blissey\n|\n|upkeep\n|\n|t:|1782566568\n|switch|p2a: Rillaboom|Rillaboom, M|42/100\n|-damage|p2a: Rillaboom|30/100|[from] Stealth Rock\n|-fieldstart|move: Grassy Terrain|[from] ability: Grassy Surge|[of] p2a: Rillaboom\n|turn|13\n|\n|t:|1782566575\n|switch|p1a: Raging Bolt|Raging Bolt|100/100\n|move|p2a: Rillaboom|Grassy Glide|p1a: Raging Bolt\n|-resisted|p1a: Raging Bolt\n|-damage|p1a: Raging Bolt|85/100\n|\n|-heal|p1a: Raging Bolt|92/100|[from] Grassy Terrain\n|-heal|p1a: Raging Bolt|98/100|[from] item: Leftovers\n|-heal|p2a: Rillaboom|36/100|[from] Grassy Terrain\n|upkeep\n|turn|14\n|\n|t:|1782566582\n|-end|p1a: Raging Bolt|Protosynthesis|[silent]\n|switch|p1a: Landorus|Landorus-Therian, M|100/100\n|-ability|p1a: Landorus|Intimidate|boost\n|-unboost|p2a: Rillaboom|atk|1\n|switch|p2a: Cinderace|Cinderace, F|100/100\n|\n|upkeep\n|turn|15\n|\n|t:|1782566589\n|move|p1a: Landorus|Stone Edge|p2a: Cinderace\n|-supereffective|p2a: Cinderace\n|-damage|p2a: Cinderace|0 fnt\n|faint|p2a: Cinderace\n|\n|upkeep\n|j| Garden of Dreams\n|\n|t:|1782566599\n|switch|p2a: Clodsire|Clodsire, F|91/100\n|-damage|p2a: Clodsire|85/100|[from] Stealth Rock\n|turn|16\n|\n|t:|1782566603\n|switch|p1a: Kingambit|Kingambit, M|100/100\n|-activate|p1a: Kingambit|ability: Supreme Overlord\n|-start|p1a: Kingambit|fallen2|[silent]\n|move|p2a: Clodsire|Curse|p2a: Clodsire\n|-unboost|p2a: Clodsire|spe|1\n|-boost|p2a: Clodsire|atk|1\n|-boost|p2a: Clodsire|def|1\n|\n|-heal|p2a: Clodsire|91/100|[from] Grassy Terrain\n|-heal|p2a: Clodsire|97/100|[from] item: Leftovers\n|upkeep\n|turn|17\n|\n|t:|1782566610\n|-end|p1a: Kingambit|fallen2|[silent]\n|switch|p1a: Primarina|Primarina, M|100/100\n|move|p2a: Clodsire|Curse|p2a: Clodsire\n|-unboost|p2a: Clodsire|spe|1\n|-boost|p2a: Clodsire|atk|1\n|-boost|p2a: Clodsire|def|1\n|\n|-heal|p2a: Clodsire|100/100|[from] Grassy Terrain\n|upkeep\n|turn|18\n|\n|t:|1782566617\n|move|p1a: Primarina|Surf|p2a: Clodsire\n|-supereffective|p2a: Clodsire\n|-damage|p2a: Clodsire|42/100\n|move|p2a: Clodsire|Liquidation|p1a: Primarina\n|-resisted|p1a: Primarina\n|-damage|p1a: Primarina|81/100\n|-unboost|p1a: Primarina|def|1\n|\n|-heal|p1a: Primarina|87/100|[from] Grassy Terrain\n|-heal|p2a: Clodsire|49/100|[from] Grassy Terrain\n|-heal|p2a: Clodsire|55/100|[from] item: Leftovers\n|upkeep\n|turn|19\n|inactive|Pinkacross has 120 seconds left.\n|-message|Pinkacross forfeited.\n|\n|win|liliou\n|raw|liliou's rating: 1702 &rarr; <strong>1731</strong><br />(+29 for winning)\n|raw|Pinkacross's rating: 1877 &rarr; <strong>1848</strong><br />(-29 for losing)\n|c|☆Pinkacross|gg\n|l|☆Pinkacross\n|player|p2|\n|j| jeffbuckleyenjoyer\n|l|‽liliou\n|player|p1|\n|l| Garden of Dreams\n|l| E1lie\n|l| jeffbuckleyenjoyer\n", "uploadtime": 1782566638, "views": 6, "formatid": "gen9ou", "rating": 1731, "private": 0, "password": null}