{"id": "gen9ou-2639870668", "format": "[Gen 9] OU", "players": ["sumwun", "Palm X"], "log": "|j|☆sumwun\n|j|☆Palm X\n|t:|1782533493\n|gametype|singles\n|player|p1|sumwun|lass-gen4dp|1623\n|player|p2|Palm X|caitlin|1637\n|gen|9\n|tier|[Gen 9] OU\n|rated|\n|rule|HP Percentage Mod: HP is shown in percentages\n|rule|Endless Battle Clause: Forcing endless battles is banned\n|rule|Species Clause: Limit one of each Pokémon\n|rule|OHKO Clause: OHKO moves are banned\n|rule|Evasion Items Clause: Evasion items are banned\n|rule|Evasion Moves Clause: Evasion moves are banned\n|rule|Evasion Abilities Clause: Evasion abilities are banned\n|rule|Sleep Moves Clause: Sleep-inducing moves are banned\n|clearpoke\n|poke|p1|Blissey, F|\n|poke|p1|Gliscor, F|\n|poke|p1|Mandibuzz, F|\n|poke|p1|Talonflame, F|\n|poke|p1|Toxapex, F|\n|poke|p1|Dondozo, F|\n|poke|p2|Dragapult, F|\n|poke|p2|Zamazenta-*|\n|poke|p2|Slowking-Galar, F|\n|poke|p2|Moltres|\n|poke|p2|Ting-Lu|\n|poke|p2|Weezing-Galar, F|\n|teampreview\n|inactive|Battle timer is ON: inactive players will automatically lose when time's up. (requested by Palm X)\n|\n|t:|1782533505\n|teamsize|p1|6\n|teamsize|p2|6\n|start\n|switch|p1a: Gliscor|Gliscor, F|100/100\n|switch|p2a: BoySlowDown😭😂✌️|Slowking-Galar, F, shiny|100/100\n|turn|1\n|\n|t:|1782533510\n|move|p1a: Gliscor|Knock Off|p2a: BoySlowDown😭😂✌️\n|-supereffective|p2a: BoySlowDown😭😂✌️\n|-damage|p2a: BoySlowDown😭😂✌️|60/100\n|-enditem|p2a: BoySlowDown😭😂✌️|Heavy-Duty Boots|[from] move: Knock Off|[of] p1a: Gliscor\n|move|p2a: BoySlowDown😭😂✌️|Future Sight|p1a: Gliscor\n|-start|p2a: BoySlowDown😭😂✌️|move: Future Sight\n|\n|-status|p1a: Gliscor|tox|[from] item: Toxic Orb\n|upkeep\n|turn|2\n|\n|t:|1782533518\n|move|p1a: Gliscor|Spikes|p2a: BoySlowDown😭😂✌️\n|-sidestart|p2: Palm X|Spikes\n|-prepare|p2a: BoySlowDown😭😂✌️|Chilly Reception|[premajor]\n|move|p2a: BoySlowDown😭😂✌️|Chilly Reception|p2a: BoySlowDown😭😂✌️\n|-weather|Snowscape\n|\n|t:|1782533520\n|switch|p2a: Autozone Meatballs|Weezing-Galar, F|100/100|[from] Chilly Reception\n|-ability|p2a: Autozone Meatballs|Neutralizing Gas\n|\n|-weather|Snowscape|[upkeep]\n|-damage|p1a: Gliscor|94/100 tox|[from] psn\n|upkeep\n|turn|3\n|\n|t:|1782533528\n|move|p1a: Gliscor|Knock Off|p2a: Autozone Meatballs\n|-resisted|p2a: Autozone Meatballs\n|-damage|p2a: Autozone Meatballs|93/100\n|-enditem|p2a: Autozone Meatballs|Heavy-Duty Boots|[from] move: Knock Off|[of] p1a: Gliscor\n|move|p2a: Autozone Meatballs|Defog|p1a: Gliscor\n|-unboost|p1a: Gliscor|evasion|1\n|-sideend|p2: Palm X|Spikes|[from] move: Defog|[of] p2a: Autozone Meatballs\n|\n|-weather|Snowscape|[upkeep]\n|-end|p1a: Gliscor|move: Future Sight\n|-damage|p1a: Gliscor|54/100 tox\n|-damage|p1a: Gliscor|42/100 tox|[from] psn\n|upkeep\n|turn|4\n|j| dillonbrookssimp\n|\n|t:|1782533551\n|switch|p1a: Blissey|Blissey, F|100/100\n|move|p2a: Autozone Meatballs|Will-O-Wisp|p1a: Blissey\n|-status|p1a: Blissey|brn\n|\n|-weather|Snowscape|[upkeep]\n|-damage|p1a: Blissey|94/100 brn|[from] brn\n|upkeep\n|turn|5\n|\n|t:|1782533561\n|-end|p2a: Autozone Meatballs|ability: Neutralizing Gas\n|switch|p2a: LuLu on dat BUTT|Ting-Lu|100/100\n|-ability|p2a: LuLu on dat BUTT|Vessel of Ruin\n|move|p1a: Blissey|Stealth Rock|p2a: LuLu on dat BUTT\n|-sidestart|p2: Palm X|move: Stealth Rock\n|\n|-weather|Snowscape|[upkeep]\n|-heal|p1a: Blissey|100/100 brn|[from] item: Leftovers\n|-damage|p1a: Blissey|94/100 brn|[from] brn\n|upkeep\n|turn|6\n|\n|t:|1782533571\n|-curestatus|p1a: Blissey|brn|[from] ability: Natural Cure|[silent]\n|switch|p1a: Gliscor|Gliscor, F|42/100 tox\n|move|p2a: LuLu on dat BUTT|Stealth Rock|p1a: Gliscor\n|-sidestart|p1: sumwun|move: Stealth Rock\n|\n|-weather|none\n|-heal|p1a: Gliscor|54/100 tox|[from] ability: Poison Heal\n|upkeep\n|turn|7\n|\n|t:|1782533578\n|switch|p2a: Autozone Meatballs|Weezing-Galar, F|93/100\n|-ability|p2a: Autozone Meatballs|Neutralizing Gas\n|-damage|p2a: Autozone Meatballs|81/100|[from] Stealth Rock\n|move|p1a: Gliscor|Knock Off|p2a: Autozone Meatballs\n|-resisted|p2a: Autozone Meatballs\n|-crit|p2a: Autozone Meatballs\n|-damage|p2a: Autozone Meatballs|74/100\n|\n|-damage|p1a: Gliscor|42/100 tox|[from] psn\n|upkeep\n|turn|8\n|\n|t:|1782533591\n|switch|p1a: Talonflame|Talonflame, F|100/100\n|move|p2a: Autozone Meatballs|Strange Steam|p1a: Talonflame\n|-resisted|p1a: Talonflame\n|-damage|p1a: Talonflame|84/100\n|\n|upkeep\n|turn|9\n|\n|t:|1782533598\n|-end|p2a: Autozone Meatballs|ability: Neutralizing Gas\n|switch|p2a: BoySlowDown😭😂✌️|Slowking-Galar, F, shiny|94/100\n|-damage|p2a: BoySlowDown😭😂✌️|81/100|[from] Stealth Rock\n|move|p1a: Talonflame|Will-O-Wisp|p2a: BoySlowDown😭😂✌️\n|-status|p2a: BoySlowDown😭😂✌️|brn\n|\n|-damage|p2a: BoySlowDown😭😂✌️|75/100 brn|[from] brn\n|upkeep\n|turn|10\n|l| dillonbrookssimp\n|\n|t:|1782533607\n|switch|p1a: Gliscor|Gliscor, F|42/100 tox\n|-damage|p1a: Gliscor|29/100 tox|[from] Stealth Rock\n|move|p2a: BoySlowDown😭😂✌️|Future Sight|p1a: Gliscor\n|-start|p2a: BoySlowDown😭😂✌️|move: Future Sight\n|\n|-heal|p1a: Gliscor|42/100 tox|[from] ability: Poison Heal\n|-damage|p2a: BoySlowDown😭😂✌️|69/100 brn|[from] brn\n|upkeep\n|turn|11\n|\n|t:|1782533620\n|move|p1a: Gliscor|Protect|p1a: Gliscor\n|-singleturn|p1a: Gliscor|Protect\n|-prepare|p2a: BoySlowDown😭😂✌️|Chilly Reception|[premajor]\n|move|p2a: BoySlowDown😭😂✌️|Chilly Reception|p2a: BoySlowDown😭😂✌️\n|-weather|Snowscape\n|\n|t:|1782533626\n|switch|p2a: Autozone Meatballs|Weezing-Galar, F|74/100|[from] Chilly Reception\n|-ability|p2a: Autozone Meatballs|Neutralizing Gas\n|-damage|p2a: Autozone Meatballs|62/100|[from] Stealth Rock\n|\n|-weather|Snowscape|[upkeep]\n|-damage|p1a: Gliscor|29/100 tox|[from] psn\n|upkeep\n|turn|12\n|\n|t:|1782533634\n|switch|p1a: Talonflame|Talonflame, F|84/100\n|move|p2a: Autozone Meatballs|Strange Steam|p1a: Talonflame\n|-resisted|p1a: Talonflame\n|-crit|p1a: Talonflame\n|-damage|p1a: Talonflame|56/100\n|\n|-weather|Snowscape|[upkeep]\n|-end|p1a: Talonflame|move: Future Sight\n|-damage|p1a: Talonflame|3/100\n|upkeep\n|turn|13\n|\n|t:|1782533642\n|move|p1a: Talonflame|Roost|p1a: Talonflame\n|-heal|p1a: Talonflame|53/100\n|-singleturn|p1a: Talonflame|move: Roost\n|move|p2a: Autozone Meatballs|Strange Steam|p1a: Talonflame\n|-resisted|p1a: Talonflame\n|-damage|p1a: Talonflame|34/100\n|\n|-weather|Snowscape|[upkeep]\n|upkeep\n|turn|14\n|\n|t:|1782533649\n|-end|p2a: Autozone Meatballs|ability: Neutralizing Gas\n|switch|p2a: NoDominicanPapi|Moltres, shiny|100/100\n|move|p1a: Talonflame|Roost|p1a: Talonflame\n|-heal|p1a: Talonflame|84/100\n|-singleturn|p1a: Talonflame|move: Roost\n|\n|-weather|Snowscape|[upkeep]\n|upkeep\n|turn|15\n|\n|t:|1782533658\n|move|p1a: Talonflame|Defog|p2a: NoDominicanPapi\n|-unboost|p2a: NoDominicanPapi|evasion|1\n|-sideend|p2: Palm X|Stealth Rock|[from] move: Defog|[of] p1a: Talonflame\n|-sideend|p1: sumwun|Stealth Rock|[from] move: Defog|[of] p1a: Talonflame\n|move|p2a: NoDominicanPapi|Hurricane|p1a: Talonflame\n|-damage|p1a: Talonflame|24/100\n|-start|p1a: Talonflame|confusion\n|\n|-weather|none\n|upkeep\n|turn|16\n|\n|t:|1782533668\n|switch|p1a: Blissey|Blissey, F|94/100\n|switch|p2a: Dragoonette|Dragapult, F, shiny|100/100\n|\n|-heal|p1a: Blissey|100/100|[from] item: Leftovers\n|upkeep\n|turn|17\n|\n|t:|1782533675\n|move|p2a: Dragoonette|Dragon Darts|p1a: Blissey\n|-damage|p1a: Blissey|78/100\n|-anim|p2a: Dragoonette|Dragon Darts|p1a: Blissey\n|-damage|p1a: Blissey|56/100\n|move|p1a: Blissey|Stealth Rock|p2a: Dragoonette\n|-sidestart|p2: Palm X|move: Stealth Rock\n|\n|-heal|p1a: Blissey|62/100|[from] item: Leftovers\n|upkeep\n|turn|18\n|\n|t:|1782533683\n|move|p2a: Dragoonette|Dragon Darts|p1a: Blissey\n|-damage|p1a: Blissey|40/100\n|-anim|p2a: Dragoonette|Dragon Darts|p1a: Blissey\n|-damage|p1a: Blissey|19/100\n|move|p1a: Blissey|Soft-Boiled|p1a: Blissey\n|-heal|p1a: Blissey|69/100\n|\n|-heal|p1a: Blissey|75/100|[from] item: Leftovers\n|upkeep\n|turn|19\n|\n|t:|1782533692\n|switch|p1a: Mandibuzz|Mandibuzz, F|100/100\n|move|p2a: Dragoonette|Thunder Wave|p1a: Mandibuzz\n|-status|p1a: Mandibuzz|par\n|\n|upkeep\n|turn|20\n|\n|t:|1782533697\n|move|p2a: Dragoonette|U-turn|p1a: Mandibuzz\n|-damage|p1a: Mandibuzz|86/100 par\n|\n|t:|1782533700\n|switch|p2a: BoySlowDown😭😂✌️|Slowking-Galar, F, shiny|100/100 brn|[from] U-turn\n|-damage|p2a: BoySlowDown😭😂✌️|88/100 brn|[from] Stealth Rock\n|move|p1a: Mandibuzz|Knock Off|p2a: BoySlowDown😭😂✌️\n|-supereffective|p2a: BoySlowDown😭😂✌️\n|-damage|p2a: BoySlowDown😭😂✌️|59/100 brn\n|\n|-damage|p2a: BoySlowDown😭😂✌️|53/100 brn|[from] brn\n|upkeep\n|turn|21\n|\n|t:|1782533708\n|switch|p1a: Gliscor|Gliscor, F|29/100 tox\n|-prepare|p2a: BoySlowDown😭😂✌️|Chilly Reception|[premajor]\n|move|p2a: BoySlowDown😭😂✌️|Chilly Reception|p2a: BoySlowDown😭😂✌️\n|-weather|Snowscape\n|\n|t:|1782533712\n|switch|p2a: Autozone Meatballs|Weezing-Galar, F|62/100|[from] Chilly Reception\n|-ability|p2a: Autozone Meatballs|Neutralizing Gas\n|-damage|p2a: Autozone Meatballs|50/100|[from] Stealth Rock\n|\n|-weather|Snowscape|[upkeep]\n|-damage|p1a: Gliscor|23/100 tox|[from] psn\n|upkeep\n|turn|22\n|\n|t:|1782533720\n|switch|p1a: Talonflame|Talonflame, F|24/100\n|move|p2a: Autozone Meatballs|Strange Steam|p1a: Talonflame\n|-resisted|p1a: Talonflame\n|-damage|p1a: Talonflame|5/100\n|\n|-weather|Snowscape|[upkeep]\n|upkeep\n|turn|23\n|\n|t:|1782533728\n|-end|p2a: Autozone Meatballs|ability: Neutralizing Gas\n|switch|p2a: Dragoonette|Dragapult, F, shiny|100/100\n|move|p1a: Talonflame|Roost|p1a: Talonflame\n|-heal|p1a: Talonflame|55/100\n|-singleturn|p1a: Talonflame|move: Roost\n|\n|-weather|Snowscape|[upkeep]\n|upkeep\n|turn|24\n|\n|t:|1782533736\n|switch|p1a: Mandibuzz|Mandibuzz, F|86/100 par\n|move|p2a: Dragoonette|Dragon Darts|p1a: Mandibuzz\n|-damage|p1a: Mandibuzz|73/100 par\n|-anim|p2a: Dragoonette|Dragon Darts|p1a: Mandibuzz\n|-damage|p1a: Mandibuzz|59/100 par\n|\n|-weather|Snowscape|[upkeep]\n|upkeep\n|turn|25\n|\n|t:|1782533744\n|move|p2a: Dragoonette|U-turn|p1a: Mandibuzz\n|-damage|p1a: Mandibuzz|45/100 par\n|\n|t:|1782533747\n|switch|p2a: LuLu on dat BUTT|Ting-Lu|100/100|[from] U-turn\n|-damage|p2a: LuLu on dat BUTT|94/100|[from] Stealth Rock\n|-ability|p2a: LuLu on dat BUTT|Vessel of Ruin\n|cant|p1a: Mandibuzz|par\n|\n|-weather|none\n|-heal|p2a: LuLu on dat BUTT|100/100|[from] item: Leftovers\n|upkeep\n|turn|26\n|\n|t:|1782533757\n|switch|p2a: BoySlowDown😭😂✌️|Slowking-Galar, F, shiny|86/100 brn\n|-damage|p2a: BoySlowDown😭😂✌️|73/100 brn|[from] Stealth Rock\n|move|p1a: Mandibuzz|Roost|p1a: Mandibuzz\n|-heal|p1a: Mandibuzz|95/100 par\n|-singleturn|p1a: Mandibuzz|move: Roost\n|\n|-damage|p2a: BoySlowDown😭😂✌️|67/100 brn|[from] brn\n|upkeep\n|turn|27\n|\n|t:|1782533768\n|move|p1a: Mandibuzz|Knock Off|p2a: BoySlowDown😭😂✌️\n|-supereffective|p2a: BoySlowDown😭😂✌️\n|-damage|p2a: BoySlowDown😭😂✌️|32/100 brn\n|move|p2a: BoySlowDown😭😂✌️|Future Sight|p1a: Mandibuzz\n|-start|p2a: BoySlowDown😭😂✌️|move: Future Sight\n|\n|-damage|p2a: BoySlowDown😭😂✌️|26/100 brn|[from] brn\n|upkeep\n|turn|28\n|\n|t:|1782533773\n|switch|p2a: Autozone Meatballs|Weezing-Galar, F|50/100\n|-ability|p2a: Autozone Meatballs|Neutralizing Gas\n|-damage|p2a: Autozone Meatballs|38/100|[from] Stealth Rock\n|cant|p1a: Mandibuzz|par\n|\n|upkeep\n|turn|29\n|\n|t:|1782533781\n|switch|p1a: Blissey|Blissey, F|75/100\n|move|p2a: Autozone Meatballs|Pain Split|p1a: Blissey\n|-sethp|p1a: Blissey|47/100|[from] move: Pain Split|[silent]\n|-sethp|p2a: Autozone Meatballs|92/100|[from] move: Pain Split\n|\n|-end|p1a: Blissey|move: Future Sight\n|-damage|p1a: Blissey|32/100\n|-heal|p1a: Blissey|39/100|[from] item: Leftovers\n|upkeep\n|turn|30\n|\n|t:|1782533790\n|move|p2a: Autozone Meatballs|Will-O-Wisp|p1a: Blissey\n|-status|p1a: Blissey|brn\n|move|p1a: Blissey|Soft-Boiled|p1a: Blissey\n|-heal|p1a: Blissey|89/100 brn\n|\n|-heal|p1a: Blissey|95/100 brn|[from] item: Leftovers\n|-damage|p1a: Blissey|89/100 brn|[from] brn\n|upkeep\n|turn|31\n|\n|t:|1782533802\n|switch|p1a: Talonflame|Talonflame, F|55/100\n|move|p2a: Autozone Meatballs|Defog|p1a: Talonflame\n|-unboost|p1a: Talonflame|evasion|1\n|-sideend|p2: Palm X|Stealth Rock|[from] move: Defog|[of] p2a: Autozone Meatballs\n|\n|upkeep\n|turn|32\n|\n|t:|1782533808\n|-end|p2a: Autozone Meatballs|ability: Neutralizing Gas\n|switch|p2a: NoDominicanPapi|Moltres, shiny|100/100\n|move|p1a: Talonflame|Will-O-Wisp|p2a: NoDominicanPapi\n|-immune|p2a: NoDominicanPapi\n|\n|upkeep\n|turn|33\n|\n|t:|1782533816\n|switch|p1a: Mandibuzz|Mandibuzz, F|95/100 par\n|switch|p2a: BoySlowDown😭😂✌️|Slowking-Galar, F, shiny|59/100 brn\n|\n|-damage|p2a: BoySlowDown😭😂✌️|53/100 brn|[from] brn\n|upkeep\n|turn|34\n|\n|t:|1782533824\n|move|p1a: Mandibuzz|Knock Off|p2a: BoySlowDown😭😂✌️\n|-supereffective|p2a: BoySlowDown😭😂✌️\n|-damage|p2a: BoySlowDown😭😂✌️|20/100 brn\n|-prepare|p2a: BoySlowDown😭😂✌️|Chilly Reception|[premajor]\n|move|p2a: BoySlowDown😭😂✌️|Chilly Reception|p2a: BoySlowDown😭😂✌️\n|-weather|Snowscape\n|\n|t:|1782533829\n|switch|p2a: Autozone Meatballs|Weezing-Galar, F|92/100|[from] Chilly Reception\n|-ability|p2a: Autozone Meatballs|Neutralizing Gas\n|\n|-weather|Snowscape|[upkeep]\n|upkeep\n|turn|35\n|\n|t:|1782533835\n|switch|p1a: Talonflame|Talonflame, F|55/100\n|move|p2a: Autozone Meatballs|Strange Steam|p1a: Talonflame\n|-resisted|p1a: Talonflame\n|-damage|p1a: Talonflame|37/100\n|\n|-weather|Snowscape|[upkeep]\n|upkeep\n|turn|36\n|\n|t:|1782533842\n|-end|p2a: Autozone Meatballs|ability: Neutralizing Gas\n|switch|p2a: BoySlowDown😭😂✌️|Slowking-Galar, F, shiny|53/100 brn\n|move|p1a: Talonflame|Roost|p1a: Talonflame\n|-heal|p1a: Talonflame|87/100\n|-singleturn|p1a: Talonflame|move: Roost\n|\n|-weather|Snowscape|[upkeep]\n|-damage|p2a: BoySlowDown😭😂✌️|47/100 brn|[from] brn\n|upkeep\n|turn|37\n|\n|t:|1782533856\n|switch|p1a: Blissey|Blissey, F|89/100 brn\n|move|p2a: BoySlowDown😭😂✌️|Future Sight|p1a: Blissey\n|-start|p2a: BoySlowDown😭😂✌️|move: Future Sight\n|\n|-weather|Snowscape|[upkeep]\n|-heal|p1a: Blissey|95/100 brn|[from] item: Leftovers\n|-damage|p1a: Blissey|89/100 brn|[from] brn\n|-damage|p2a: BoySlowDown😭😂✌️|41/100 brn|[from] brn\n|upkeep\n|turn|38\n|\n|t:|1782533864\n|move|p1a: Blissey|Stealth Rock|p2a: BoySlowDown😭😂✌️\n|-sidestart|p2: Palm X|move: Stealth Rock\n|-prepare|p2a: BoySlowDown😭😂✌️|Chilly Reception|[premajor]\n|move|p2a: BoySlowDown😭😂✌️|Chilly Reception|p2a: BoySlowDown😭😂✌️\n|\n|t:|1782533868\n|switch|p2a: Dragoonette|Dragapult, F, shiny|100/100|[from] Chilly Reception\n|\n|-weather|none\n|-heal|p1a: Blissey|95/100 brn|[from] item: Leftovers\n|-damage|p1a: Blissey|89/100 brn|[from] brn\n|upkeep\n|turn|39\n|\n|t:|1782533874\n|-curestatus|p1a: Blissey|brn|[from] ability: Natural Cure|[silent]\n|switch|p1a: Mandibuzz|Mandibuzz, F|95/100 par\n|move|p2a: Dragoonette|Dragon Darts|p1a: Mandibuzz\n|-damage|p1a: Mandibuzz|82/100 par\n|-anim|p2a: Dragoonette|Dragon Darts|p1a: Mandibuzz\n|-damage|p1a: Mandibuzz|67/100 par\n|\n|-end|p1a: Mandibuzz|move: Future Sight\n|-immune|p1a: Mandibuzz\n|upkeep\n|turn|40\n|\n|t:|1782533885\n|move|p2a: Dragoonette|U-turn|p1a: Mandibuzz\n|-damage|p1a: Mandibuzz|53/100 par\n|\n|t:|1782533887\n|switch|p2a: Autozone Meatballs|Weezing-Galar, F|92/100|[from] U-turn\n|-ability|p2a: Autozone Meatballs|Neutralizing Gas\n|-damage|p2a: Autozone Meatballs|80/100|[from] Stealth Rock\n|move|p1a: Mandibuzz|Knock Off|p2a: Autozone Meatballs\n|-resisted|p2a: Autozone Meatballs\n|-damage|p2a: Autozone Meatballs|75/100\n|\n|upkeep\n|turn|41\n|\n|t:|1782533895\n|switch|p1a: Talonflame|Talonflame, F|87/100\n|move|p2a: Autozone Meatballs|Strange Steam|p1a: Talonflame\n|-resisted|p1a: Talonflame\n|-damage|p1a: Talonflame|70/100\n|\n|upkeep\n|turn|42\n|\n|t:|1782533903\n|-end|p2a: Autozone Meatballs|ability: Neutralizing Gas\n|switch|p2a: NoDominicanPapi|Moltres, shiny|100/100\n|move|p1a: Talonflame|Will-O-Wisp|p2a: NoDominicanPapi\n|-immune|p2a: NoDominicanPapi\n|\n|upkeep\n|turn|43\n|\n|t:|1782533912\n|switch|p1a: Blissey|Blissey, F|89/100\n|move|p2a: NoDominicanPapi|Will-O-Wisp|p1a: Blissey\n|-status|p1a: Blissey|brn\n|\n|-heal|p1a: Blissey|95/100 brn|[from] item: Leftovers\n|-damage|p1a: Blissey|89/100 brn|[from] brn\n|upkeep\n|turn|44\n|j| goobix\n|\n|t:|1782533920\n|switch|p2a: Autozone Meatballs|Weezing-Galar, F|75/100\n|-ability|p2a: Autozone Meatballs|Neutralizing Gas\n|-damage|p2a: Autozone Meatballs|63/100|[from] Stealth Rock\n|move|p1a: Blissey|Seismic Toss|p2a: Autozone Meatballs\n|-damage|p2a: Autozone Meatballs|33/100\n|\n|-heal|p1a: Blissey|95/100 brn|[from] item: Leftovers\n|-damage|p1a: Blissey|89/100 brn|[from] brn\n|upkeep\n|turn|45\n|\n|t:|1782533939\n|switch|p1a: Talonflame|Talonflame, F|70/100\n|move|p2a: Autozone Meatballs|Pain Split|p1a: Talonflame\n|-sethp|p1a: Talonflame|50/100|[from] move: Pain Split|[silent]\n|-sethp|p2a: Autozone Meatballs|54/100|[from] move: Pain Split\n|\n|upkeep\n|turn|46\n|\n|t:|1782533948\n|-end|p2a: Autozone Meatballs|ability: Neutralizing Gas\n|switch|p2a: NoDominicanPapi|Moltres, shiny|100/100\n|move|p1a: Talonflame|Roost|p1a: Talonflame\n|-heal|p1a: Talonflame|100/100\n|-singleturn|p1a: Talonflame|move: Roost\n|\n|upkeep\n|turn|47\n|\n|t:|1782533959\n|switch|p1a: Blissey|Blissey, F|89/100 brn\n|switch|p2a: LuLu on dat BUTT|Ting-Lu|100/100\n|-damage|p2a: LuLu on dat BUTT|94/100|[from] Stealth Rock\n|-ability|p2a: LuLu on dat BUTT|Vessel of Ruin\n|\n|-heal|p1a: Blissey|95/100 brn|[from] item: Leftovers\n|-heal|p2a: LuLu on dat BUTT|100/100|[from] item: Leftovers\n|-damage|p1a: Blissey|89/100 brn|[from] brn\n|upkeep\n|turn|48\n|\n|t:|1782533970\n|-curestatus|p1a: Blissey|brn|[from] ability: Natural Cure|[silent]\n|switch|p1a: Gliscor|Gliscor, F|23/100 tox\n|move|p2a: LuLu on dat BUTT|Stealth Rock|p1a: Gliscor\n|-sidestart|p1: sumwun|move: Stealth Rock\n|\n|-heal|p1a: Gliscor|35/100 tox|[from] ability: Poison Heal\n|upkeep\n|turn|49\n|\n|t:|1782533981\n|move|p1a: Gliscor|Earthquake|p2a: LuLu on dat BUTT\n|-damage|p2a: LuLu on dat BUTT|83/100\n|move|p2a: LuLu on dat BUTT|Ruination|p1a: Gliscor\n|-damage|p1a: Gliscor|18/100 tox\n|\n|-heal|p2a: LuLu on dat BUTT|89/100|[from] item: Leftovers\n|-heal|p1a: Gliscor|31/100 tox|[from] ability: Poison Heal\n|upkeep\n|turn|50\n|j| brother iggins\n|\n|t:|1782533990\n|switch|p2a: NoDominicanPapi|Moltres, shiny|100/100\n|move|p1a: Gliscor|Earthquake|p2a: NoDominicanPapi\n|-immune|p2a: NoDominicanPapi\n|\n|-heal|p1a: Gliscor|43/100 tox|[from] ability: Poison Heal\n|upkeep\n|turn|51\n|\n|t:|1782533997\n|switch|p2a: Autozone Meatballs|Weezing-Galar, F|54/100\n|-ability|p2a: Autozone Meatballs|Neutralizing Gas\n|-damage|p2a: Autozone Meatballs|42/100|[from] Stealth Rock\n|move|p1a: Gliscor|Protect||[still]\n|-fail|p1a: Gliscor\n|\n|-damage|p1a: Gliscor|18/100 tox|[from] psn\n|upkeep\n|turn|52\n|l| goobix\n|\n|t:|1782534008\n|-end|p2a: Autozone Meatballs|ability: Neutralizing Gas\n|switch|p2a: Dragoonette|Dragapult, F, shiny|100/100\n|move|p1a: Gliscor|Earthquake|p2a: Dragoonette\n|-damage|p2a: Dragoonette|59/100\n|\n|-heal|p1a: Gliscor|31/100 tox|[from] ability: Poison Heal\n|upkeep\n|turn|53\n|\n|t:|1782534015\n|move|p1a: Gliscor|Protect|p1a: Gliscor\n|-singleturn|p1a: Gliscor|Protect\n|move|p2a: Dragoonette|Dragon Darts|p1a: Gliscor\n|-activate|p1a: Gliscor|move: Protect\n|\n|-heal|p1a: Gliscor|43/100 tox|[from] ability: Poison Heal\n|upkeep\n|turn|54\n|\n|t:|1782534026\n|switch|p1a: Toxapex|Toxapex, F|100/100\n|-damage|p1a: Toxapex|88/100|[from] Stealth Rock\n|move|p2a: Dragoonette|Hex|p1a: Toxapex\n|-damage|p1a: Toxapex|68/100\n|\n|-heal|p1a: Toxapex|75/100|[from] item: Black Sludge\n|upkeep\n|turn|55\n|\n|t:|1782534035\n|switch|p2a: Autozone Meatballs|Weezing-Galar, F|42/100\n|-ability|p2a: Autozone Meatballs|Neutralizing Gas\n|-damage|p2a: Autozone Meatballs|30/100|[from] Stealth Rock\n|switch|p1a: Blissey|Blissey, F|89/100\n|-damage|p1a: Blissey|76/100|[from] Stealth Rock\n|\n|-heal|p1a: Blissey|82/100|[from] item: Leftovers\n|upkeep\n|turn|56\n|\n|t:|1782534046\n|move|p2a: Autozone Meatballs|Pain Split|p1a: Blissey\n|-sethp|p1a: Blissey|49/100|[from] move: Pain Split|[silent]\n|-sethp|p2a: Autozone Meatballs|95/100|[from] move: Pain Split\n|move|p1a: Blissey|Seismic Toss|p2a: Autozone Meatballs\n|-damage|p2a: Autozone Meatballs|65/100\n|\n|-heal|p1a: Blissey|55/100|[from] item: Leftovers\n|upkeep\n|turn|57\n|\n|t:|1782534056\n|switch|p1a: Talonflame|Talonflame, F|100/100\n|move|p2a: Autozone Meatballs|Pain Split|p1a: Talonflame\n|-sethp|p1a: Talonflame|81/100|[from] move: Pain Split|[silent]\n|-sethp|p2a: Autozone Meatballs|87/100|[from] move: Pain Split\n|\n|upkeep\n|turn|58\n|\n|t:|1782534064\n|-end|p2a: Autozone Meatballs|ability: Neutralizing Gas\n|switch|p2a: NoDominicanPapi|Moltres, shiny|100/100\n|move|p1a: Talonflame|Overheat|p2a: NoDominicanPapi\n|-resisted|p2a: NoDominicanPapi\n|-damage|p2a: NoDominicanPapi|81/100\n|-unboost|p1a: Talonflame|spa|2\n|\n|upkeep\n|turn|59\n|\n|t:|1782534071\n|switch|p1a: Blissey|Blissey, F|55/100\n|-damage|p1a: Blissey|43/100|[from] Stealth Rock\n|switch|p2a: Dragoonette|Dragapult, F, shiny|59/100\n|\n|-heal|p1a: Blissey|49/100|[from] item: Leftovers\n|upkeep\n|turn|60\n|\n|t:|1782534079\n|move|p2a: Dragoonette|Dragon Darts|p1a: Blissey\n|-damage|p1a: Blissey|28/100\n|-anim|p2a: Dragoonette|Dragon Darts|p1a: Blissey\n|-damage|p1a: Blissey|9/100\n|move|p1a: Blissey|Soft-Boiled|p1a: Blissey\n|-heal|p1a: Blissey|59/100\n|\n|-heal|p1a: Blissey|65/100|[from] item: Leftovers\n|upkeep\n|turn|61\n|\n|t:|1782534094\n|move|p2a: Dragoonette|U-turn|p1a: Blissey\n|-damage|p1a: Blissey|46/100\n|\n|t:|1782534096\n|switch|p2a: LuLu on dat BUTT|Ting-Lu|89/100|[from] U-turn\n|-damage|p2a: LuLu on dat BUTT|83/100|[from] Stealth Rock\n|-ability|p2a: LuLu on dat BUTT|Vessel of Ruin\n|move|p1a: Blissey|Seismic Toss|p2a: LuLu on dat BUTT\n|-damage|p2a: LuLu on dat BUTT|63/100\n|\n|-heal|p1a: Blissey|52/100|[from] item: Leftovers\n|-heal|p2a: LuLu on dat BUTT|69/100|[from] item: Leftovers\n|upkeep\n|turn|62\n|\n|t:|1782534111\n|switch|p1a: Gliscor|Gliscor, F|43/100 tox\n|-damage|p1a: Gliscor|31/100 tox|[from] Stealth Rock\n|switch|p2a: Autozone Meatballs|Weezing-Galar, F|87/100\n|-ability|p2a: Autozone Meatballs|Neutralizing Gas\n|-damage|p2a: Autozone Meatballs|74/100|[from] Stealth Rock\n|\n|-damage|p1a: Gliscor|24/100 tox|[from] psn\n|upkeep\n|turn|63\n|\n|t:|1782534121\n|switch|p1a: Talonflame|Talonflame, F|81/100\n|move|p2a: Autozone Meatballs|Defog|p1a: Talonflame\n|-unboost|p1a: Talonflame|evasion|1\n|-sideend|p1: sumwun|Stealth Rock|[from] move: Defog|[of] p2a: Autozone Meatballs\n|-sideend|p2: Palm X|Stealth Rock|[from] move: Defog|[of] p2a: Autozone Meatballs\n|\n|upkeep\n|turn|64\n|\n|t:|1782534127\n|switch|p1a: Mandibuzz|Mandibuzz, F|53/100 par\n|-end|p2a: Autozone Meatballs|ability: Neutralizing Gas\n|switch|p2a: BoySlowDown😭😂✌️|Slowking-Galar, F, shiny|74/100 brn\n|\n|-damage|p2a: BoySlowDown😭😂✌️|68/100 brn|[from] brn\n|upkeep\n|turn|65\n|\n|t:|1782534134\n|move|p1a: Mandibuzz|Roost|p1a: Mandibuzz\n|-heal|p1a: Mandibuzz|100/100 par\n|-singleturn|p1a: Mandibuzz|move: Roost\n|move|p2a: BoySlowDown😭😂✌️|Sludge Bomb|p1a: Mandibuzz\n|-damage|p1a: Mandibuzz|79/100 par\n|\n|-damage|p2a: BoySlowDown😭😂✌️|62/100 brn|[from] brn\n|upkeep\n|turn|66\n|\n|t:|1782534141\n|move|p1a: Mandibuzz|Knock Off|p2a: BoySlowDown😭😂✌️\n|-supereffective|p2a: BoySlowDown😭😂✌️\n|-damage|p2a: BoySlowDown😭😂✌️|31/100 brn\n|-prepare|p2a: BoySlowDown😭😂✌️|Chilly Reception|[premajor]\n|move|p2a: BoySlowDown😭😂✌️|Chilly Reception|p2a: BoySlowDown😭😂✌️\n|-weather|Snowscape\n|\n|t:|1782534145\n|switch|p2a: Autozone Meatballs|Weezing-Galar, F|74/100|[from] Chilly Reception\n|-ability|p2a: Autozone Meatballs|Neutralizing Gas\n|\n|-weather|Snowscape|[upkeep]\n|upkeep\n|turn|67\n|\n|t:|1782534152\n|switch|p1a: Talonflame|Talonflame, F|81/100\n|move|p2a: Autozone Meatballs|Strange Steam|p1a: Talonflame\n|-resisted|p1a: Talonflame\n|-damage|p1a: Talonflame|62/100\n|\n|-weather|Snowscape|[upkeep]\n|upkeep\n|turn|68\n|\n|t:|1782534158\n|switch|p1a: Mandibuzz|Mandibuzz, F|79/100 par\n|-end|p2a: Autozone Meatballs|ability: Neutralizing Gas\n|switch|p2a: NoDominicanPapi|Moltres, shiny|81/100\n|\n|-weather|Snowscape|[upkeep]\n|upkeep\n|turn|69\n|\n|t:|1782534165\n|switch|p2a: Autozone Meatballs|Weezing-Galar, F|74/100\n|-ability|p2a: Autozone Meatballs|Neutralizing Gas\n|move|p1a: Mandibuzz|Knock Off|p2a: Autozone Meatballs\n|-resisted|p2a: Autozone Meatballs\n|-damage|p2a: Autozone Meatballs|69/100\n|\n|-weather|Snowscape|[upkeep]\n|upkeep\n|turn|70\n|\n|t:|1782534172\n|switch|p1a: Talonflame|Talonflame, F|62/100\n|move|p2a: Autozone Meatballs|Strange Steam|p1a: Talonflame\n|-resisted|p1a: Talonflame\n|-damage|p1a: Talonflame|45/100\n|\n|-weather|none\n|upkeep\n|turn|71\n|\n|t:|1782534180\n|-end|p2a: Autozone Meatballs|ability: Neutralizing Gas\n|switch|p2a: BoySlowDown😭😂✌️|Slowking-Galar, F, shiny|65/100 brn\n|move|p1a: Talonflame|Roost|p1a: Talonflame\n|-heal|p1a: Talonflame|95/100\n|-singleturn|p1a: Talonflame|move: Roost\n|\n|-damage|p2a: BoySlowDown😭😂✌️|59/100 brn|[from] brn\n|upkeep\n|turn|72\n|\n|t:|1782534189\n|switch|p1a: Gliscor|Gliscor, F|24/100 tox\n|move|p2a: BoySlowDown😭😂✌️|Future Sight|p1a: Gliscor\n|-start|p2a: BoySlowDown😭😂✌️|move: Future Sight\n|\n|-heal|p1a: Gliscor|37/100 tox|[from] ability: Poison Heal\n|-damage|p2a: BoySlowDown😭😂✌️|53/100 brn|[from] brn\n|upkeep\n|turn|73\n|\n|t:|1782534202\n|switch|p1a: Talonflame|Talonflame, F|95/100\n|switch|p2a: LuLu on dat BUTT|Ting-Lu|69/100\n|-ability|p2a: LuLu on dat BUTT|Vessel of Ruin\n|\n|-heal|p2a: LuLu on dat BUTT|75/100|[from] item: Leftovers\n|upkeep\n|turn|74\n|\n|t:|1782534210\n|switch|p1a: Mandibuzz|Mandibuzz, F|79/100 par\n|move|p2a: LuLu on dat BUTT|Whirlwind|p1a: Mandibuzz\n|drag|p1a: Toxapex|Toxapex, F|75/100\n|\n|-end|p1a: Toxapex|move: Future Sight\n|-supereffective|p1a: Toxapex\n|-damage|p1a: Toxapex|27/100\n|-heal|p2a: LuLu on dat BUTT|81/100|[from] item: Leftovers\n|-heal|p1a: Toxapex|33/100|[from] item: Black Sludge\n|upkeep\n|turn|75\n|\n|t:|1782534220\n|switch|p1a: Mandibuzz|Mandibuzz, F|79/100 par\n|move|p2a: LuLu on dat BUTT|Stealth Rock|p1a: Mandibuzz\n|-sidestart|p1: sumwun|move: Stealth Rock\n|\n|-heal|p2a: LuLu on dat BUTT|88/100|[from] item: Leftovers\n|upkeep\n|turn|76\n|\n|t:|1782534226\n|switch|p2a: Autozone Meatballs|Weezing-Galar, F|69/100\n|-ability|p2a: Autozone Meatballs|Neutralizing Gas\n|move|p1a: Mandibuzz|Defog|p2a: Autozone Meatballs\n|-unboost|p2a: Autozone Meatballs|evasion|1\n|-sideend|p1: sumwun|Stealth Rock|[from] move: Defog|[of] p1a: Mandibuzz\n|\n|upkeep\n|turn|77\n|\n|t:|1782534236\n|-end|p2a: Autozone Meatballs|ability: Neutralizing Gas\n|switch|p2a: BoySlowDown😭😂✌️|Slowking-Galar, F, shiny|86/100 brn\n|switch|p1a: Toxapex|Toxapex, F|67/100\n|\n|-heal|p1a: Toxapex|73/100|[from] item: Black Sludge\n|-damage|p2a: BoySlowDown😭😂✌️|80/100 brn|[from] brn\n|upkeep\n|turn|78\n|\n|t:|1782534249\n|switch|p1a: Mandibuzz|Mandibuzz, F|79/100 par\n|move|p2a: BoySlowDown😭😂✌️|Future Sight|p1a: Mandibuzz\n|-start|p2a: BoySlowDown😭😂✌️|move: Future Sight\n|\n|-damage|p2a: BoySlowDown😭😂✌️|74/100 brn|[from] brn\n|upkeep\n|turn|79\n|\n|t:|1782534255\n|cant|p1a: Mandibuzz|par\n|-prepare|p2a: BoySlowDown😭😂✌️|Chilly Reception|[premajor]\n|move|p2a: BoySlowDown😭😂✌️|Chilly Reception|p2a: BoySlowDown😭😂✌️\n|-weather|Snowscape\n|\n|t:|1782534257\n|switch|p2a: Autozone Meatballs|Weezing-Galar, F|69/100|[from] Chilly Reception\n|-ability|p2a: Autozone Meatballs|Neutralizing Gas\n|\n|-weather|Snowscape|[upkeep]\n|upkeep\n|turn|80\n|\n|t:|1782534266\n|switch|p1a: Talonflame|Talonflame, F|95/100\n|move|p2a: Autozone Meatballs|Strange Steam|p1a: Talonflame\n|-resisted|p1a: Talonflame\n|-damage|p1a: Talonflame|79/100\n|-start|p1a: Talonflame|confusion\n|\n|-weather|Snowscape|[upkeep]\n|-end|p1a: Talonflame|move: Future Sight\n|-damage|p1a: Talonflame|18/100\n|upkeep\n|turn|81\n|\n|t:|1782534276\n|-end|p2a: Autozone Meatballs|ability: Neutralizing Gas\n|switch|p2a: BoySlowDown😭😂✌️|Slowking-Galar, F, shiny|100/100 brn\n|-activate|p1a: Talonflame|confusion\n|move|p1a: Talonflame|Roost|p1a: Talonflame\n|-heal|p1a: Talonflame|68/100\n|-singleturn|p1a: Talonflame|move: Roost\n|\n|-weather|Snowscape|[upkeep]\n|-damage|p2a: BoySlowDown😭😂✌️|94/100 brn|[from] brn\n|upkeep\n|turn|82\n|\n|t:|1782534291\n|switch|p1a: Mandibuzz|Mandibuzz, F|79/100 par\n|move|p2a: BoySlowDown😭😂✌️|Future Sight|p1a: Mandibuzz\n|-start|p2a: BoySlowDown😭😂✌️|move: Future Sight\n|\n|-weather|Snowscape|[upkeep]\n|-damage|p2a: BoySlowDown😭😂✌️|88/100 brn|[from] brn\n|upkeep\n|turn|83\n|\n|t:|1782534297\n|move|p1a: Mandibuzz|Knock Off|p2a: BoySlowDown😭😂✌️\n|-supereffective|p2a: BoySlowDown😭😂✌️\n|-damage|p2a: BoySlowDown😭😂✌️|56/100 brn\n|-prepare|p2a: BoySlowDown😭😂✌️|Chilly Reception|[premajor]\n|move|p2a: BoySlowDown😭😂✌️|Chilly Reception|p2a: BoySlowDown😭😂✌️\n|\n|t:|1782534300\n|switch|p2a: LuLu on dat BUTT|Ting-Lu|88/100|[from] Chilly Reception\n|-ability|p2a: LuLu on dat BUTT|Vessel of Ruin\n|\n|-weather|none\n|-heal|p2a: LuLu on dat BUTT|94/100|[from] item: Leftovers\n|upkeep\n|turn|84\n|\n|t:|1782534310\n|move|p1a: Mandibuzz|Toxic|p2a: LuLu on dat BUTT\n|-status|p2a: LuLu on dat BUTT|tox\n|move|p2a: LuLu on dat BUTT|Whirlwind|p1a: Mandibuzz\n|drag|p1a: Blissey|Blissey, F|52/100\n|\n|-end|p1a: Blissey|move: Future Sight\n|-damage|p1a: Blissey|41/100\n|-heal|p1a: Blissey|48/100|[from] item: Leftovers\n|-heal|p2a: LuLu on dat BUTT|99/100 tox|[from] item: Leftovers\n|-damage|p2a: LuLu on dat BUTT|94/100 tox|[from] psn\n|upkeep\n|turn|85\n|\n|t:|1782534321\n|move|p1a: Blissey|Stealth Rock|p2a: LuLu on dat BUTT\n|-sidestart|p2: Palm X|move: Stealth Rock\n|move|p2a: LuLu on dat BUTT|Stealth Rock|p1a: Blissey\n|-sidestart|p1: sumwun|move: Stealth Rock\n|\n|-heal|p1a: Blissey|54/100|[from] item: Leftovers\n|-heal|p2a: LuLu on dat BUTT|99/100 tox|[from] item: Leftovers\n|-damage|p2a: LuLu on dat BUTT|88/100 tox|[from] psn\n|upkeep\n|turn|86\n|\n|t:|1782534331\n|switch|p2a: Dragoonette|Dragapult, F, shiny|59/100\n|move|p1a: Blissey|Seismic Toss|p2a: Dragoonette\n|-immune|p2a: Dragoonette\n|\n|-heal|p1a: Blissey|60/100|[from] item: Leftovers\n|upkeep\n|turn|87\n|\n|t:|1782534344\n|move|p2a: Dragoonette|Dragon Darts|p1a: Blissey\n|-damage|p1a: Blissey|40/100\n|-anim|p2a: Dragoonette|Dragon Darts|p1a: Blissey\n|-damage|p1a: Blissey|18/100\n|move|p1a: Blissey|Soft-Boiled|p1a: Blissey\n|-heal|p1a: Blissey|68/100\n|\n|-heal|p1a: Blissey|74/100|[from] item: Leftovers\n|upkeep\n|turn|88\n|\n|t:|1782534353\n|switch|p1a: Mandibuzz|Mandibuzz, F|79/100 par\n|move|p2a: Dragoonette|Dragon Darts|p1a: Mandibuzz\n|-damage|p1a: Mandibuzz|66/100 par\n|-anim|p2a: Dragoonette|Dragon Darts|p1a: Mandibuzz\n|-damage|p1a: Mandibuzz|51/100 par\n|\n|upkeep\n|turn|89\n|\n|t:|1782534360\n|move|p2a: Dragoonette|U-turn|p1a: Mandibuzz\n|-damage|p1a: Mandibuzz|38/100 par\n|\n|t:|1782534362\n|switch|p2a: Autozone Meatballs|Weezing-Galar, F|69/100|[from] U-turn\n|-ability|p2a: Autozone Meatballs|Neutralizing Gas\n|-damage|p2a: Autozone Meatballs|57/100|[from] Stealth Rock\n|move|p1a: Mandibuzz|Roost|p1a: Mandibuzz\n|-heal|p1a: Mandibuzz|88/100 par\n|-singleturn|p1a: Mandibuzz|move: Roost\n|\n|upkeep\n|turn|90\n|\n|t:|1782534372\n|switch|p1a: Talonflame|Talonflame, F|68/100\n|move|p2a: Autozone Meatballs|Pain Split|p1a: Talonflame\n|-sethp|p1a: Talonflame|60/100|[from] move: Pain Split|[silent]\n|-sethp|p2a: Autozone Meatballs|65/100|[from] move: Pain Split\n|\n|upkeep\n|turn|91\n|\n|t:|1782534379\n|switch|p1a: Mandibuzz|Mandibuzz, F|88/100 par\n|-end|p2a: Autozone Meatballs|ability: Neutralizing Gas\n|switch|p2a: NoDominicanPapi|Moltres, shiny|81/100\n|\n|upkeep\n|turn|92\n|\n|t:|1782534387\n|switch|p2a: Autozone Meatballs|Weezing-Galar, F|65/100\n|-ability|p2a: Autozone Meatballs|Neutralizing Gas\n|-damage|p2a: Autozone Meatballs|53/100|[from] Stealth Rock\n|cant|p1a: Mandibuzz|par\n|\n|upkeep\n|turn|93\n|inactive|sumwun has 120 seconds left.\n|\n|t:|1782534422\n|switch|p1a: Talonflame|Talonflame, F|60/100\n|move|p2a: Autozone Meatballs|Strange Steam|p1a: Talonflame\n|-resisted|p1a: Talonflame\n|-damage|p1a: Talonflame|41/100\n|\n|upkeep\n|turn|94\n|inactive|sumwun has 120 seconds left.\n|\n|t:|1782534429\n|-end|p2a: Autozone Meatballs|ability: Neutralizing Gas\n|switch|p2a: BoySlowDown😭😂✌️|Slowking-Galar, F, shiny|90/100 brn\n|-damage|p2a: BoySlowDown😭😂✌️|77/100 brn|[from] Stealth Rock\n|move|p1a: Talonflame|Roost|p1a: Talonflame\n|-heal|p1a: Talonflame|92/100\n|-singleturn|p1a: Talonflame|move: Roost\n|\n|-damage|p2a: BoySlowDown😭😂✌️|71/100 brn|[from] brn\n|upkeep\n|turn|95\n|inactive|sumwun has 120 seconds left.\n|\n|t:|1782534441\n|switch|p1a: Mandibuzz|Mandibuzz, F|88/100 par\n|-prepare|p2a: BoySlowDown😭😂✌️|Chilly Reception|[premajor]\n|move|p2a: BoySlowDown😭😂✌️|Chilly Reception|p2a: BoySlowDown😭😂✌️\n|-weather|Snowscape\n|\n|t:|1782534446\n|switch|p2a: Autozone Meatballs|Weezing-Galar, F|53/100|[from] Chilly Reception\n|-ability|p2a: Autozone Meatballs|Neutralizing Gas\n|-damage|p2a: Autozone Meatballs|40/100|[from] Stealth Rock\n|\n|-weather|Snowscape|[upkeep]\n|upkeep\n|turn|96\n|\n|t:|1782534453\n|switch|p1a: Talonflame|Talonflame, F|92/100\n|move|p2a: Autozone Meatballs|Pain Split|p1a: Talonflame\n|-sethp|p1a: Talonflame|65/100|[from] move: Pain Split|[silent]\n|-sethp|p2a: Autozone Meatballs|69/100|[from] move: Pain Split\n|\n|-weather|Snowscape|[upkeep]\n|upkeep\n|turn|97\n|\n|t:|1782534462\n|-end|p2a: Autozone Meatballs|ability: Neutralizing Gas\n|switch|p2a: BoySlowDown😭😂✌️|Slowking-Galar, F, shiny|100/100 brn\n|-damage|p2a: BoySlowDown😭😂✌️|88/100 brn|[from] Stealth Rock\n|move|p1a: Talonflame|Will-O-Wisp|p2a: BoySlowDown😭😂✌️\n|-fail|p2a: BoySlowDown😭😂✌️|brn\n|\n|-weather|Snowscape|[upkeep]\n|-damage|p2a: BoySlowDown😭😂✌️|82/100 brn|[from] brn\n|upkeep\n|turn|98\n|\n|t:|1782534471\n|switch|p1a: Mandibuzz|Mandibuzz, F|88/100 par\n|move|p2a: BoySlowDown😭😂✌️|Future Sight|p1a: Mandibuzz\n|-start|p2a: BoySlowDown😭😂✌️|move: Future Sight\n|\n|-weather|Snowscape|[upkeep]\n|-damage|p2a: BoySlowDown😭😂✌️|76/100 brn|[from] brn\n|upkeep\n|turn|99\n|\n|t:|1782534477\n|cant|p1a: Mandibuzz|par\n|-prepare|p2a: BoySlowDown😭😂✌️|Chilly Reception|[premajor]\n|move|p2a: BoySlowDown😭😂✌️|Chilly Reception|p2a: BoySlowDown😭😂✌️\n|\n|t:|1782534479\n|switch|p2a: Autozone Meatballs|Weezing-Galar, F|69/100|[from] Chilly Reception\n|-ability|p2a: Autozone Meatballs|Neutralizing Gas\n|-damage|p2a: Autozone Meatballs|57/100|[from] Stealth Rock\n|\n|-weather|none\n|upkeep\n|turn|100\n|\n|t:|1782534487\n|switch|p1a: Blissey|Blissey, F|74/100\n|-damage|p1a: Blissey|62/100|[from] Stealth Rock\n|move|p2a: Autozone Meatballs|Strange Steam|p1a: Blissey\n|-damage|p1a: Blissey|54/100\n|\n|-end|p1a: Blissey|move: Future Sight\n|-damage|p1a: Blissey|39/100\n|-heal|p1a: Blissey|45/100|[from] item: Leftovers\n|upkeep\n|turn|101\n|\n|t:|1782534496\n|move|p2a: Autozone Meatballs|Will-O-Wisp|p1a: Blissey\n|-status|p1a: Blissey|brn\n|move|p1a: Blissey|Soft-Boiled|p1a: Blissey\n|-heal|p1a: Blissey|95/100 brn\n|\n|-heal|p1a: Blissey|100/100 brn|[from] item: Leftovers\n|-damage|p1a: Blissey|94/100 brn|[from] brn\n|upkeep\n|turn|102\n|\n|t:|1782534506\n|switch|p1a: Toxapex|Toxapex, F|100/100\n|-damage|p1a: Toxapex|88/100|[from] Stealth Rock\n|move|p2a: Autozone Meatballs|Pain Split|p1a: Toxapex\n|-sethp|p1a: Toxapex|75/100|[from] move: Pain Split|[silent]\n|-sethp|p2a: Autozone Meatballs|68/100|[from] move: Pain Split\n|\n|-heal|p1a: Toxapex|81/100|[from] item: Black Sludge\n|upkeep\n|turn|103\n|\n|t:|1782534521\n|-end|p2a: Autozone Meatballs|ability: Neutralizing Gas\n|switch|p2a: LuLu on dat BUTT|Ting-Lu|88/100 tox\n|-damage|p2a: LuLu on dat BUTT|81/100 tox|[from] Stealth Rock\n|-ability|p2a: LuLu on dat BUTT|Vessel of Ruin\n|switch|p1a: Talonflame|Talonflame, F|65/100\n|\n|-heal|p2a: LuLu on dat BUTT|88/100 tox|[from] item: Leftovers\n|-damage|p2a: LuLu on dat BUTT|81/100 tox|[from] psn\n|upkeep\n|turn|104\n|\n|t:|1782534532\n|switch|p1a: Gliscor|Gliscor, F|37/100 tox\n|-damage|p1a: Gliscor|24/100 tox|[from] Stealth Rock\n|move|p2a: LuLu on dat BUTT|Ruination|p1a: Gliscor\n|-damage|p1a: Gliscor|12/100 tox\n|\n|-heal|p2a: LuLu on dat BUTT|88/100 tox|[from] item: Leftovers\n|-heal|p1a: Gliscor|25/100 tox|[from] ability: Poison Heal\n|-damage|p2a: LuLu on dat BUTT|75/100 tox|[from] psn\n|upkeep\n|turn|105\n|inactive|sumwun has 120 seconds left.\n|\n|t:|1782534545\n|switch|p2a: Autozone Meatballs|Weezing-Galar, F|68/100\n|-ability|p2a: Autozone Meatballs|Neutralizing Gas\n|-damage|p2a: Autozone Meatballs|56/100|[from] Stealth Rock\n|move|p1a: Gliscor|Earthquake|p2a: Autozone Meatballs\n|-supereffective|p2a: Autozone Meatballs\n|-damage|p2a: Autozone Meatballs|15/100\n|\n|-damage|p1a: Gliscor|12/100 tox|[from] psn\n|upkeep\n|turn|106\n|inactive|sumwun has 120 seconds left.\n|\n|t:|1782534559\n|-terastallize|p2a: Autozone Meatballs|Flying\n|move|p1a: Gliscor|Earthquake|p2a: Autozone Meatballs\n|-immune|p2a: Autozone Meatballs\n|move|p2a: Autozone Meatballs|Defog|p1a: Gliscor\n|-unboost|p1a: Gliscor|evasion|1\n|-sideend|p1: sumwun|Stealth Rock|[from] move: Defog|[of] p2a: Autozone Meatballs\n|-sideend|p2: Palm X|Stealth Rock|[from] move: Defog|[of] p2a: Autozone Meatballs\n|\n|-damage|p1a: Gliscor|0 fnt|[from] psn\n|faint|p1a: Gliscor\n|upkeep\n|\n|t:|1782534569\n|switch|p1a: Mandibuzz|Mandibuzz, F|88/100 par\n|turn|107\n|\n|t:|1782534574\n|-end|p2a: Autozone Meatballs|ability: Neutralizing Gas\n|switch|p2a: BoySlowDown😭😂✌️|Slowking-Galar, F, shiny|100/100 brn\n|move|p1a: Mandibuzz|Toxic|p2a: BoySlowDown😭😂✌️|[miss]\n|-miss|p1a: Mandibuzz|p2a: BoySlowDown😭😂✌️\n|\n|-damage|p2a: BoySlowDown😭😂✌️|94/100 brn|[from] brn\n|upkeep\n|turn|108\n|inactive|sumwun has 120 seconds left.\n|\n|t:|1782534582\n|move|p1a: Mandibuzz|Knock Off|p2a: BoySlowDown😭😂✌️\n|-supereffective|p2a: BoySlowDown😭😂✌️\n|-damage|p2a: BoySlowDown😭😂✌️|64/100 brn\n|move|p2a: BoySlowDown😭😂✌️|Future Sight|p1a: Mandibuzz\n|-start|p2a: BoySlowDown😭😂✌️|move: Future Sight\n|\n|-damage|p2a: BoySlowDown😭😂✌️|58/100 brn|[from] brn\n|upkeep\n|turn|109\n|inactive|sumwun has 120 seconds left.\n|\n|t:|1782534588\n|move|p1a: Mandibuzz|Knock Off|p2a: BoySlowDown😭😂✌️\n|-supereffective|p2a: BoySlowDown😭😂✌️\n|-damage|p2a: BoySlowDown😭😂✌️|25/100 brn\n|move|p2a: BoySlowDown😭😂✌️|Sludge Bomb|p1a: Mandibuzz\n|-crit|p1a: Mandibuzz\n|-damage|p1a: Mandibuzz|53/100 par\n|\n|-damage|p2a: BoySlowDown😭😂✌️|19/100 brn|[from] brn\n|upkeep\n|turn|110\n|inactive|sumwun has 120 seconds left.\n|\n|t:|1782534597\n|switch|p2a: LuLu on dat BUTT|Ting-Lu|75/100 tox\n|-ability|p2a: LuLu on dat BUTT|Vessel of Ruin\n|move|p1a: Mandibuzz|Knock Off|p2a: LuLu on dat BUTT\n|-resisted|p2a: LuLu on dat BUTT\n|-damage|p2a: LuLu on dat BUTT|69/100 tox\n|-enditem|p2a: LuLu on dat BUTT|Leftovers|[from] move: Knock Off|[of] p1a: Mandibuzz\n|\n|-end|p1a: Mandibuzz|move: Future Sight\n|-immune|p1a: Mandibuzz\n|-damage|p2a: LuLu on dat BUTT|63/100 tox|[from] psn\n|upkeep\n|turn|111\n|inactive|sumwun has 120 seconds left.\n|\n|t:|1782534610\n|switch|p2a: Autozone Meatballs|Weezing-Galar, F, tera:Flying|15/100\n|-ability|p2a: Autozone Meatballs|Neutralizing Gas\n|move|p1a: Mandibuzz|Roost|p1a: Mandibuzz\n|-heal|p1a: Mandibuzz|100/100 par\n|-singleturn|p1a: Mandibuzz|move: Roost\n|\n|upkeep\n|turn|112\n|\n|t:|1782534617\n|move|p2a: Autozone Meatballs|Pain Split|p1a: Mandibuzz\n|-sethp|p1a: Mandibuzz|56/100 par|[from] move: Pain Split|[silent]\n|-sethp|p2a: Autozone Meatballs|71/100|[from] move: Pain Split\n|cant|p1a: Mandibuzz|par\n|\n|upkeep\n|turn|113\n|\n|t:|1782534622\n|-end|p2a: Autozone Meatballs|ability: Neutralizing Gas\n|switch|p2a: BoySlowDown😭😂✌️|Slowking-Galar, F, shiny|53/100 brn\n|move|p1a: Mandibuzz|Toxic||[still]\n|-fail|p1a: Mandibuzz\n|\n|-damage|p2a: BoySlowDown😭😂✌️|46/100 brn|[from] brn\n|upkeep\n|turn|114\n|\n|t:|1782534629\n|switch|p2a: LuLu on dat BUTT|Ting-Lu|63/100 tox\n|-ability|p2a: LuLu on dat BUTT|Vessel of Ruin\n|cant|p1a: Mandibuzz|par\n|\n|-damage|p2a: LuLu on dat BUTT|57/100 tox|[from] psn\n|upkeep\n|turn|115\n|\n|t:|1782534643\n|switch|p1a: Toxapex|Toxapex, F|100/100\n|move|p2a: LuLu on dat BUTT|Ruination|p1a: Toxapex\n|-damage|p1a: Toxapex|50/100\n|\n|-heal|p1a: Toxapex|57/100|[from] item: Black Sludge\n|-damage|p2a: LuLu on dat BUTT|44/100 tox|[from] psn\n|upkeep\n|turn|116\n|\n|t:|1782534652\n|move|p2a: LuLu on dat BUTT|Stealth Rock|p1a: Toxapex\n|-sidestart|p1: sumwun|move: Stealth Rock\n|move|p1a: Toxapex|Toxic Spikes|p2a: LuLu on dat BUTT\n|-sidestart|p2: Palm X|move: Toxic Spikes\n|\n|-heal|p1a: Toxapex|63/100|[from] item: Black Sludge\n|-damage|p2a: LuLu on dat BUTT|26/100 tox|[from] psn\n|upkeep\n|turn|117\n|\n|t:|1782534660\n|switch|p2a: BoySlowDown😭😂✌️|Slowking-Galar, F, shiny|80/100 brn\n|-sideend|p2: Palm X|move: Toxic Spikes|[of] p2a: BoySlowDown😭😂✌️\n|move|p1a: Toxapex|Toxic Spikes|p2a: BoySlowDown😭😂✌️\n|-sidestart|p2: Palm X|move: Toxic Spikes\n|\n|-heal|p1a: Toxapex|69/100|[from] item: Black Sludge\n|-damage|p2a: BoySlowDown😭😂✌️|74/100 brn|[from] brn\n|upkeep\n|turn|118\n|\n|t:|1782534673\n|move|p1a: Toxapex|Sludge Bomb|p2a: BoySlowDown😭😂✌️\n|-resisted|p2a: BoySlowDown😭😂✌️\n|-damage|p2a: BoySlowDown😭😂✌️|68/100 brn\n|move|p2a: BoySlowDown😭😂✌️|Sludge Bomb|p1a: Toxapex\n|-resisted|p1a: Toxapex\n|-damage|p1a: Toxapex|58/100\n|\n|-heal|p1a: Toxapex|65/100|[from] item: Black Sludge\n|-damage|p2a: BoySlowDown😭😂✌️|62/100 brn|[from] brn\n|upkeep\n|turn|119\n|\n|t:|1782534691\n|switch|p1a: Mandibuzz|Mandibuzz, F|56/100 par\n|move|p2a: BoySlowDown😭😂✌️|Future Sight|p1a: Mandibuzz\n|-start|p2a: BoySlowDown😭😂✌️|move: Future Sight\n|\n|-damage|p2a: BoySlowDown😭😂✌️|56/100 brn|[from] brn\n|upkeep\n|turn|120\n|\n|t:|1782534696\n|move|p1a: Mandibuzz|Defog|p2a: BoySlowDown😭😂✌️\n|-unboost|p2a: BoySlowDown😭😂✌️|evasion|1\n|-sideend|p2: Palm X|Toxic Spikes|[from] move: Defog|[of] p1a: Mandibuzz\n|-sideend|p1: sumwun|Stealth Rock|[from] move: Defog|[of] p1a: Mandibuzz\n|-prepare|p2a: BoySlowDown😭😂✌️|Chilly Reception|[premajor]\n|move|p2a: BoySlowDown😭😂✌️|Chilly Reception|p2a: BoySlowDown😭😂✌️\n|-weather|Snowscape\n|\n|t:|1782534700\n|switch|p2a: NoDominicanPapi|Moltres, shiny|81/100|[from] Chilly Reception\n|\n|-weather|Snowscape|[upkeep]\n|upkeep\n|turn|121\n|\n|t:|1782534706\n|move|p2a: NoDominicanPapi|Hurricane|p1a: Mandibuzz|[miss]\n|-miss|p2a: NoDominicanPapi|p1a: Mandibuzz\n|move|p1a: Mandibuzz|Knock Off|p2a: NoDominicanPapi\n|-damage|p2a: NoDominicanPapi|64/100\n|-enditem|p2a: NoDominicanPapi|Heavy-Duty Boots|[from] move: Knock Off|[of] p1a: Mandibuzz\n|\n|-weather|Snowscape|[upkeep]\n|-end|p1a: Mandibuzz|move: Future Sight\n|-immune|p1a: Mandibuzz\n|upkeep\n|turn|122\n|\n|t:|1782534715\n|switch|p1a: Blissey|Blissey, F|94/100 brn\n|move|p2a: NoDominicanPapi|Flamethrower|p1a: Blissey\n|-damage|p1a: Blissey|84/100 brn\n|\n|-weather|Snowscape|[upkeep]\n|-heal|p1a: Blissey|90/100 brn|[from] item: Leftovers\n|-damage|p1a: Blissey|84/100 brn|[from] brn\n|upkeep\n|turn|123\n|\n|t:|1782534723\n|switch|p2a: Autozone Meatballs|Weezing-Galar, F, tera:Flying|71/100\n|-ability|p2a: Autozone Meatballs|Neutralizing Gas\n|move|p1a: Blissey|Stealth Rock|p2a: Autozone Meatballs\n|-sidestart|p2: Palm X|move: Stealth Rock\n|\n|-weather|Snowscape|[upkeep]\n|-heal|p1a: Blissey|90/100 brn|[from] item: Leftovers\n|-damage|p1a: Blissey|84/100 brn|[from] brn\n|upkeep\n|turn|124\n|inactive|sumwun has 90 seconds left.\n|\n|t:|1782534740\n|switch|p1a: Dondozo|Dondozo, F|100/100\n|move|p2a: Autozone Meatballs|Strange Steam|p1a: Dondozo\n|-damage|p1a: Dondozo|73/100\n|\n|-weather|none\n|-heal|p1a: Dondozo|79/100|[from] item: Leftovers\n|upkeep\n|turn|125\n|inactive|sumwun has 90 seconds left.\n|\n|t:|1782534748\n|move|p2a: Autozone Meatballs|Will-O-Wisp|p1a: Dondozo\n|-status|p1a: Dondozo|brn\n|move|p1a: Dondozo|Avalanche|p2a: Autozone Meatballs\n|-supereffective|p2a: Autozone Meatballs\n|-damage|p2a: Autozone Meatballs|62/100\n|\n|-heal|p1a: Dondozo|85/100 brn|[from] item: Leftovers\n|-damage|p1a: Dondozo|79/100 brn|[from] brn\n|upkeep\n|turn|126\n|inactive|sumwun has 90 seconds left.\n|\n|t:|1782534756\n|move|p2a: Autozone Meatballs|Defog|p1a: Dondozo\n|-unboost|p1a: Dondozo|evasion|1\n|-sideend|p2: Palm X|Stealth Rock|[from] move: Defog|[of] p2a: Autozone Meatballs\n|move|p1a: Dondozo|Avalanche|p2a: Autozone Meatballs\n|-supereffective|p2a: Autozone Meatballs\n|-damage|p2a: Autozone Meatballs|52/100\n|\n|-heal|p1a: Dondozo|85/100 brn|[from] item: Leftovers\n|-damage|p1a: Dondozo|79/100 brn|[from] brn\n|upkeep\n|turn|127\n|inactive|sumwun has 90 seconds left.\n|\n|t:|1782534765\n|move|p2a: Autozone Meatballs|Pain Split|p1a: Dondozo\n|-sethp|p1a: Dondozo|57/100 brn|[from] move: Pain Split|[silent]\n|-sethp|p2a: Autozone Meatballs|86/100|[from] move: Pain Split\n|move|p1a: Dondozo|Avalanche|p2a: Autozone Meatballs\n|-supereffective|p2a: Autozone Meatballs\n|-damage|p2a: Autozone Meatballs|77/100\n|\n|-heal|p1a: Dondozo|63/100 brn|[from] item: Leftovers\n|-damage|p1a: Dondozo|57/100 brn|[from] brn\n|upkeep\n|turn|128\n|inactive|sumwun has 90 seconds left.\n|\n|t:|1782534774\n|-end|p2a: Autozone Meatballs|ability: Neutralizing Gas\n|switch|p2a: BoySlowDown😭😂✌️|Slowking-Galar, F, shiny|89/100 brn\n|move|p1a: Dondozo|Avalanche|p2a: BoySlowDown😭😂✌️\n|-damage|p2a: BoySlowDown😭😂✌️|82/100 brn\n|\n|-heal|p1a: Dondozo|63/100 brn|[from] item: Leftovers\n|-damage|p1a: Dondozo|57/100 brn|[from] brn\n|-damage|p2a: BoySlowDown😭😂✌️|76/100 brn|[from] brn\n|upkeep\n|turn|129\n|inactive|sumwun has 90 seconds left.\n|\n|t:|1782534783\n|switch|p1a: Mandibuzz|Mandibuzz, F|56/100 par\n|-prepare|p2a: BoySlowDown😭😂✌️|Chilly Reception|[premajor]\n|move|p2a: BoySlowDown😭😂✌️|Chilly Reception|p2a: BoySlowDown😭😂✌️\n|-weather|Snowscape\n|\n|t:|1782534789\n|switch|p2a: NoDominicanPapi|Moltres, shiny|64/100|[from] Chilly Reception\n|\n|-weather|Snowscape|[upkeep]\n|upkeep\n|turn|130\n|\n|t:|1782534793\n|switch|p1a: Blissey|Blissey, F|84/100 brn\n|move|p2a: NoDominicanPapi|Flamethrower|p1a: Blissey\n|-damage|p1a: Blissey|72/100 brn\n|\n|-weather|Snowscape|[upkeep]\n|-heal|p1a: Blissey|78/100 brn|[from] item: Leftovers\n|-damage|p1a: Blissey|72/100 brn|[from] brn\n|upkeep\n|turn|131\n|\n|t:|1782534802\n|switch|p2a: Autozone Meatballs|Weezing-Galar, F, tera:Flying|77/100\n|-ability|p2a: Autozone Meatballs|Neutralizing Gas\n|move|p1a: Blissey|Stealth Rock|p2a: Autozone Meatballs\n|-sidestart|p2: Palm X|move: Stealth Rock\n|\n|-weather|Snowscape|[upkeep]\n|-heal|p1a: Blissey|78/100 brn|[from] item: Leftovers\n|-damage|p1a: Blissey|72/100 brn|[from] brn\n|upkeep\n|turn|132\n|\n|t:|1782534811\n|switch|p1a: Mandibuzz|Mandibuzz, F|56/100 par\n|move|p2a: Autozone Meatballs|Defog|p1a: Mandibuzz\n|-unboost|p1a: Mandibuzz|evasion|1\n|-sideend|p2: Palm X|Stealth Rock|[from] move: Defog|[of] p2a: Autozone Meatballs\n|\n|-weather|Snowscape|[upkeep]\n|upkeep\n|turn|133\n|\n|t:|1782534817\n|switch|p1a: Dondozo|Dondozo, F|57/100 brn\n|move|p2a: Autozone Meatballs|Strange Steam|p1a: Dondozo\n|-damage|p1a: Dondozo|30/100 brn\n|\n|-weather|none\n|-heal|p1a: Dondozo|36/100 brn|[from] item: Leftovers\n|-damage|p1a: Dondozo|30/100 brn|[from] brn\n|upkeep\n|turn|134\n|\n|t:|1782534826\n|move|p2a: Autozone Meatballs|Will-O-Wisp|p1a: Dondozo\n|-fail|p1a: Dondozo|brn\n|move|p1a: Dondozo|Rest|p1a: Dondozo\n|-status|p1a: Dondozo|slp|[from] move: Rest\n|-heal|p1a: Dondozo|100/100 slp|[silent]\n|\n|upkeep\n|turn|135\n|\n|t:|1782534836\n|-end|p2a: Autozone Meatballs|ability: Neutralizing Gas\n|switch|p2a: Dragoonette|Dragapult, F, shiny|59/100\n|cant|p1a: Dondozo|slp\n|move|p1a: Dondozo|Sleep Talk|p1a: Dondozo\n|move|p1a: Dondozo|Body Press|p2a: Dragoonette|[from] move: Sleep Talk\n|-immune|p2a: Dragoonette\n|\n|upkeep\n|turn|136\n|\n|t:|1782534846\n|switch|p1a: Mandibuzz|Mandibuzz, F|56/100 par\n|move|p2a: Dragoonette|Hex|p1a: Mandibuzz\n|-resisted|p1a: Mandibuzz\n|-damage|p1a: Mandibuzz|38/100 par\n|\n|upkeep\n|turn|137\n|\n|t:|1782534851\n|move|p2a: Dragoonette|U-turn|p1a: Mandibuzz\n|-damage|p1a: Mandibuzz|24/100 par\n|\n|t:|1782534854\n|switch|p2a: BoySlowDown😭😂✌️|Slowking-Galar, F, shiny|100/100 brn|[from] U-turn\n|move|p1a: Mandibuzz|Roost|p1a: Mandibuzz\n|-heal|p1a: Mandibuzz|74/100 par\n|-singleturn|p1a: Mandibuzz|move: Roost\n|\n|-damage|p2a: BoySlowDown😭😂✌️|94/100 brn|[from] brn\n|upkeep\n|turn|138\n|\n|t:|1782534862\n|cant|p1a: Mandibuzz|par\n|move|p2a: BoySlowDown😭😂✌️|Sludge Bomb|p1a: Mandibuzz\n|-damage|p1a: Mandibuzz|51/100 par\n|\n|-damage|p2a: BoySlowDown😭😂✌️|88/100 brn|[from] brn\n|upkeep\n|turn|139\n|\n|t:|1782534870\n|switch|p1a: Blissey|Blissey, F|72/100 brn\n|move|p2a: BoySlowDown😭😂✌️|Sludge Bomb|p1a: Blissey\n|-damage|p1a: Blissey|60/100 brn\n|\n|-heal|p1a: Blissey|67/100 brn|[from] item: Leftovers\n|-damage|p1a: Blissey|60/100 brn|[from] brn\n|-damage|p2a: BoySlowDown😭😂✌️|82/100 brn|[from] brn\n|upkeep\n|turn|140\n|\n|t:|1782534879\n|switch|p2a: Autozone Meatballs|Weezing-Galar, F, tera:Flying|77/100\n|-ability|p2a: Autozone Meatballs|Neutralizing Gas\n|move|p1a: Blissey|Stealth Rock|p2a: Autozone Meatballs\n|-sidestart|p2: Palm X|move: Stealth Rock\n|\n|-heal|p1a: Blissey|67/100 brn|[from] item: Leftovers\n|-damage|p1a: Blissey|60/100 brn|[from] brn\n|upkeep\n|turn|141\n|\n|t:|1782534887\n|switch|p1a: Dondozo|Dondozo, F|100/100 slp\n|move|p2a: Autozone Meatballs|Defog|p1a: Dondozo\n|-unboost|p1a: Dondozo|evasion|1\n|-sideend|p2: Palm X|Stealth Rock|[from] move: Defog|[of] p2a: Autozone Meatballs\n|\n|upkeep\n|turn|142\n|\n|t:|1782534895\n|-end|p2a: Autozone Meatballs|ability: Neutralizing Gas\n|switch|p2a: BoySlowDown😭😂✌️|Slowking-Galar, F, shiny|100/100 brn\n|cant|p1a: Dondozo|slp\n|move|p1a: Dondozo|Sleep Talk|p1a: Dondozo\n|move|p1a: Dondozo|Avalanche|p2a: BoySlowDown😭😂✌️|[from] move: Sleep Talk\n|-damage|p2a: BoySlowDown😭😂✌️|86/100 brn\n|\n|-damage|p2a: BoySlowDown😭😂✌️|80/100 brn|[from] brn\n|upkeep\n|turn|143\n|\n|t:|1782534906\n|switch|p1a: Blissey|Blissey, F|60/100 brn\n|move|p2a: BoySlowDown😭😂✌️|Future Sight|p1a: Blissey\n|-start|p2a: BoySlowDown😭😂✌️|move: Future Sight\n|\n|-heal|p1a: Blissey|67/100 brn|[from] item: Leftovers\n|-damage|p1a: Blissey|60/100 brn|[from] brn\n|-damage|p2a: BoySlowDown😭😂✌️|74/100 brn|[from] brn\n|upkeep\n|turn|144\n|\n|t:|1782534914\n|move|p1a: Blissey|Seismic Toss|p2a: BoySlowDown😭😂✌️\n|-damage|p2a: BoySlowDown😭😂✌️|48/100 brn\n|-prepare|p2a: BoySlowDown😭😂✌️|Chilly Reception|[premajor]\n|move|p2a: BoySlowDown😭😂✌️|Chilly Reception|p2a: BoySlowDown😭😂✌️\n|-weather|Snowscape\n|\n|t:|1782534917\n|switch|p2a: Dragoonette|Dragapult, F, shiny|59/100|[from] Chilly Reception\n|\n|-weather|Snowscape|[upkeep]\n|-heal|p1a: Blissey|67/100 brn|[from] item: Leftovers\n|-damage|p1a: Blissey|60/100 brn|[from] brn\n|upkeep\n|turn|145\n|\n|t:|1782534925\n|-curestatus|p1a: Blissey|brn|[from] ability: Natural Cure|[silent]\n|switch|p1a: Mandibuzz|Mandibuzz, F|51/100 par\n|move|p2a: Dragoonette|Dragon Darts|p1a: Mandibuzz\n|-damage|p1a: Mandibuzz|38/100 par\n|-anim|p2a: Dragoonette|Dragon Darts|p1a: Mandibuzz\n|-damage|p1a: Mandibuzz|21/100 par\n|\n|-weather|Snowscape|[upkeep]\n|-end|p1a: Mandibuzz|move: Future Sight\n|-immune|p1a: Mandibuzz\n|upkeep\n|turn|146\n|inactive|sumwun has 90 seconds left.\n|\n|t:|1782534942\n|switch|p1a: Blissey|Blissey, F|60/100\n|move|p2a: Dragoonette|Hex|p1a: Blissey\n|-immune|p1a: Blissey\n|\n|-weather|Snowscape|[upkeep]\n|-heal|p1a: Blissey|67/100|[from] item: Leftovers\n|upkeep\n|turn|147\n|inactive|sumwun has 90 seconds left.\n|\n|t:|1782534949\n|move|p2a: Dragoonette|U-turn|p1a: Blissey\n|-damage|p1a: Blissey|46/100\n|\n|t:|1782534952\n|switch|p2a: Autozone Meatballs|Weezing-Galar, F, tera:Flying|77/100|[from] U-turn\n|-ability|p2a: Autozone Meatballs|Neutralizing Gas\n|move|p1a: Blissey|Seismic Toss|p2a: Autozone Meatballs\n|-damage|p2a: Autozone Meatballs|47/100\n|\n|-weather|Snowscape|[upkeep]\n|-heal|p1a: Blissey|52/100|[from] item: Leftovers\n|upkeep\n|turn|148\n|\n|t:|1782534961\n|switch|p1a: Dondozo|Dondozo, F|100/100 slp\n|move|p2a: Autozone Meatballs|Strange Steam|p1a: Dondozo\n|-damage|p1a: Dondozo|74/100 slp\n|\n|-weather|none\n|-heal|p1a: Dondozo|80/100 slp|[from] item: Leftovers\n|upkeep\n|turn|149\n|\n|t:|1782534971\n|move|p2a: Autozone Meatballs|Pain Split|p1a: Dondozo\n|-sethp|p1a: Dondozo|56/100 slp|[from] move: Pain Split|[silent]\n|-sethp|p2a: Autozone Meatballs|83/100|[from] move: Pain Split\n|-curestatus|p1a: Dondozo|slp|[msg]\n|move|p1a: Dondozo|Avalanche|p2a: Autozone Meatballs\n|-supereffective|p2a: Autozone Meatballs\n|-damage|p2a: Autozone Meatballs|66/100\n|\n|-heal|p1a: Dondozo|62/100|[from] item: Leftovers\n|upkeep\n|turn|150\n|inactive|sumwun has 90 seconds left.\n|\n|t:|1782534983\n|move|p2a: Autozone Meatballs|Will-O-Wisp|p1a: Dondozo\n|-status|p1a: Dondozo|brn\n|move|p1a: Dondozo|Avalanche|p2a: Autozone Meatballs\n|-supereffective|p2a: Autozone Meatballs\n|-damage|p2a: Autozone Meatballs|56/100\n|\n|-heal|p1a: Dondozo|68/100 brn|[from] item: Leftovers\n|-damage|p1a: Dondozo|62/100 brn|[from] brn\n|upkeep\n|turn|151\n|inactive|sumwun has 90 seconds left.\n|\n|t:|1782534994\n|-end|p2a: Autozone Meatballs|ability: Neutralizing Gas\n|switch|p2a: BoySlowDown😭😂✌️|Slowking-Galar, F, shiny|82/100 brn\n|move|p1a: Dondozo|Avalanche|p2a: BoySlowDown😭😂✌️\n|-damage|p2a: BoySlowDown😭😂✌️|74/100 brn\n|\n|-heal|p1a: Dondozo|68/100 brn|[from] item: Leftovers\n|-damage|p1a: Dondozo|62/100 brn|[from] brn\n|-damage|p2a: BoySlowDown😭😂✌️|68/100 brn|[from] brn\n|upkeep\n|turn|152\n|\n|t:|1782535003\n|switch|p1a: Mandibuzz|Mandibuzz, F|21/100 par\n|-prepare|p2a: BoySlowDown😭😂✌️|Chilly Reception|[premajor]\n|move|p2a: BoySlowDown😭😂✌️|Chilly Reception|p2a: BoySlowDown😭😂✌️\n|-weather|Snowscape\n|\n|t:|1782535006\n|switch|p2a: Dragoonette|Dragapult, F, shiny|59/100|[from] Chilly Reception\n|\n|-weather|Snowscape|[upkeep]\n|upkeep\n|turn|153\n|inactive|sumwun has 90 seconds left.\n|\n|t:|1782535012\n|switch|p1a: Blissey|Blissey, F|52/100\n|move|p2a: Dragoonette|Dragon Darts|p1a: Blissey\n|-damage|p1a: Blissey|30/100\n|-anim|p2a: Dragoonette|Dragon Darts|p1a: Blissey\n|-damage|p1a: Blissey|10/100\n|\n|-weather|Snowscape|[upkeep]\n|-heal|p1a: Blissey|16/100|[from] item: Leftovers\n|upkeep\n|turn|154\n|inactive|sumwun has 90 seconds left.\n|\n|t:|1782535025\n|move|p2a: Dragoonette|Dragon Darts|p1a: Blissey\n|-damage|p1a: Blissey|0 fnt\n|faint|p1a: Blissey\n|\n|-weather|Snowscape|[upkeep]\n|upkeep\n|\n|t:|1782535037\n|switch|p1a: Toxapex|Toxapex, F|98/100\n|turn|155\n|\n|t:|1782535043\n|switch|p2a: BoySlowDown😭😂✌️|Slowking-Galar, F, shiny|100/100 brn\n|move|p1a: Toxapex|Sludge Bomb|p2a: BoySlowDown😭😂✌️\n|-resisted|p2a: BoySlowDown😭😂✌️\n|-damage|p2a: BoySlowDown😭😂✌️|95/100 brn\n|\n|-weather|Snowscape|[upkeep]\n|-heal|p1a: Toxapex|100/100|[from] item: Black Sludge\n|-damage|p2a: BoySlowDown😭😂✌️|89/100 brn|[from] brn\n|upkeep\n|turn|156\n|\n|t:|1782535052\n|switch|p1a: Mandibuzz|Mandibuzz, F|21/100 par\n|-prepare|p2a: BoySlowDown😭😂✌️|Chilly Reception|[premajor]\n|move|p2a: BoySlowDown😭😂✌️|Chilly Reception|p2a: BoySlowDown😭😂✌️\n|\n|t:|1782535055\n|switch|p2a: Dragoonette|Dragapult, F, shiny|59/100|[from] Chilly Reception\n|\n|-weather|none\n|upkeep\n|turn|157\n|inactive|sumwun has 90 seconds left.\n|\n|t:|1782535065\n|switch|p1a: Toxapex|Toxapex, F|100/100\n|move|p2a: Dragoonette|Thunder Wave|p1a: Toxapex\n|-status|p1a: Toxapex|par\n|\n|upkeep\n|turn|158\n|inactive|sumwun has 90 seconds left.\n|\n|t:|1782535070\n|move|p2a: Dragoonette|Hex|p1a: Toxapex\n|-damage|p1a: Toxapex|60/100 par\n|cant|p1a: Toxapex|par\n|\n|-heal|p1a: Toxapex|66/100 par|[from] item: Black Sludge\n|upkeep\n|turn|159\n|inactive|sumwun has 90 seconds left.\n|\n|t:|1782535076\n|switch|p2a: BoySlowDown😭😂✌️|Slowking-Galar, F, shiny|100/100 brn\n|cant|p1a: Toxapex|par\n|\n|-heal|p1a: Toxapex|72/100 par|[from] item: Black Sludge\n|-damage|p2a: BoySlowDown😭😂✌️|94/100 brn|[from] brn\n|upkeep\n|turn|160\n|inactive|sumwun has 90 seconds left.\n|\n|t:|1782535083\n|switch|p1a: Mandibuzz|Mandibuzz, F|21/100 par\n|move|p2a: BoySlowDown😭😂✌️|Future Sight|p1a: Mandibuzz\n|-start|p2a: BoySlowDown😭😂✌️|move: Future Sight\n|\n|-damage|p2a: BoySlowDown😭😂✌️|88/100 brn|[from] brn\n|upkeep\n|turn|161\n|inactive|sumwun has 90 seconds left.\n|\n|t:|1782535090\n|move|p1a: Mandibuzz|Roost|p1a: Mandibuzz\n|-heal|p1a: Mandibuzz|71/100 par\n|-singleturn|p1a: Mandibuzz|move: Roost\n|move|p2a: BoySlowDown😭😂✌️|Sludge Bomb|p1a: Mandibuzz\n|-crit|p1a: Mandibuzz\n|-damage|p1a: Mandibuzz|40/100 par\n|\n|-damage|p2a: BoySlowDown😭😂✌️|82/100 brn|[from] brn\n|upkeep\n|turn|162\n|inactive|sumwun has 90 seconds left.\n|\n|t:|1782535098\n|move|p1a: Mandibuzz|Roost|p1a: Mandibuzz\n|-heal|p1a: Mandibuzz|90/100 par\n|-singleturn|p1a: Mandibuzz|move: Roost\n|move|p2a: BoySlowDown😭😂✌️|Sludge Bomb|p1a: Mandibuzz\n|-damage|p1a: Mandibuzz|68/100 par\n|\n|-end|p1a: Mandibuzz|move: Future Sight\n|-immune|p1a: Mandibuzz\n|-damage|p2a: BoySlowDown😭😂✌️|76/100 brn|[from] brn\n|upkeep\n|turn|163\n|inactive|sumwun has 90 seconds left.\n|\n|t:|1782535107\n|switch|p2a: NoDominicanPapi|Moltres, shiny|64/100\n|move|p1a: Mandibuzz|Knock Off|p2a: NoDominicanPapi\n|-damage|p2a: NoDominicanPapi|52/100\n|\n|upkeep\n|turn|164\n|\n|t:|1782535112\n|switch|p2a: LuLu on dat BUTT|Ting-Lu|26/100 tox\n|-ability|p2a: LuLu on dat BUTT|Vessel of Ruin\n|move|p1a: Mandibuzz|Toxic|p2a: LuLu on dat BUTT\n|-fail|p2a: LuLu on dat BUTT|tox\n|\n|-damage|p2a: LuLu on dat BUTT|20/100 tox|[from] psn\n|upkeep\n|turn|165\n|\n|t:|1782535120\n|move|p2a: LuLu on dat BUTT|Ruination|p1a: Mandibuzz\n|-damage|p1a: Mandibuzz|34/100 par\n|move|p1a: Mandibuzz|Knock Off|p2a: LuLu on dat BUTT\n|-resisted|p2a: LuLu on dat BUTT\n|-damage|p2a: LuLu on dat BUTT|15/100 tox\n|\n|-damage|p2a: LuLu on dat BUTT|2/100 tox|[from] psn\n|upkeep\n|turn|166\n|\n|t:|1782535127\n|move|p2a: LuLu on dat BUTT|Stealth Rock|p1a: Mandibuzz\n|-sidestart|p1: sumwun|move: Stealth Rock\n|move|p1a: Mandibuzz|Roost|p1a: Mandibuzz\n|-heal|p1a: Mandibuzz|84/100 par\n|-singleturn|p1a: Mandibuzz|move: Roost\n|\n|-damage|p2a: LuLu on dat BUTT|0 fnt|[from] psn\n|faint|p2a: LuLu on dat BUTT\n|upkeep\n|\n|t:|1782535133\n|switch|p2a: NoDominicanPapi|Moltres, shiny|52/100\n|turn|167\n|\n|t:|1782535138\n|move|p2a: NoDominicanPapi|Flamethrower|p1a: Mandibuzz\n|-damage|p1a: Mandibuzz|61/100 par\n|move|p1a: Mandibuzz|Defog|p2a: NoDominicanPapi\n|-unboost|p2a: NoDominicanPapi|evasion|1\n|-sideend|p1: sumwun|Stealth Rock|[from] move: Defog|[of] p1a: Mandibuzz\n|\n|upkeep\n|turn|168\n|\n|t:|1782535146\n|switch|p2a: BoySlowDown😭😂✌️|Slowking-Galar, F, shiny|100/100 brn\n|switch|p1a: Toxapex|Toxapex, F|100/100 par\n|\n|-damage|p2a: BoySlowDown😭😂✌️|94/100 brn|[from] brn\n|upkeep\n|turn|169\n|\n|t:|1782535153\n|move|p2a: BoySlowDown😭😂✌️|Future Sight|p1a: Toxapex\n|-start|p2a: BoySlowDown😭😂✌️|move: Future Sight\n|move|p1a: Toxapex|Surf|p2a: BoySlowDown😭😂✌️\n|-damage|p2a: BoySlowDown😭😂✌️|82/100 brn\n|\n|-damage|p2a: BoySlowDown😭😂✌️|76/100 brn|[from] brn\n|upkeep\n|turn|170\n|\n|t:|1782535159\n|move|p2a: BoySlowDown😭😂✌️|Sludge Bomb|p1a: Toxapex\n|-resisted|p1a: Toxapex\n|-damage|p1a: Toxapex|88/100 par\n|cant|p1a: Toxapex|par\n|\n|-heal|p1a: Toxapex|94/100 par|[from] item: Black Sludge\n|-damage|p2a: BoySlowDown😭😂✌️|70/100 brn|[from] brn\n|upkeep\n|turn|171\n|\n|t:|1782535167\n|switch|p1a: Mandibuzz|Mandibuzz, F|61/100 par\n|move|p2a: BoySlowDown😭😂✌️|Sludge Bomb|p1a: Mandibuzz\n|-damage|p1a: Mandibuzz|37/100 par\n|\n|-end|p1a: Mandibuzz|move: Future Sight\n|-immune|p1a: Mandibuzz\n|-damage|p2a: BoySlowDown😭😂✌️|64/100 brn|[from] brn\n|upkeep\n|turn|172\n|\n|t:|1782535176\n|move|p1a: Mandibuzz|Knock Off|p2a: BoySlowDown😭😂✌️\n|-supereffective|p2a: BoySlowDown😭😂✌️\n|-damage|p2a: BoySlowDown😭😂✌️|33/100 brn\n|move|p2a: BoySlowDown😭😂✌️|Sludge Bomb|p1a: Mandibuzz\n|-damage|p1a: Mandibuzz|14/100 par\n|\n|-damage|p2a: BoySlowDown😭😂✌️|27/100 brn|[from] brn\n|upkeep\n|turn|173\n|\n|t:|1782535183\n|switch|p2a: NoDominicanPapi|Moltres, shiny|52/100\n|cant|p1a: Mandibuzz|par\n|\n|upkeep\n|turn|174\n|\n|t:|1782535189\n|move|p2a: NoDominicanPapi|Flamethrower|p1a: Mandibuzz\n|-damage|p1a: Mandibuzz|0 fnt\n|faint|p1a: Mandibuzz\n|\n|upkeep\n|c|☆Palm X|#farmed\n|\n|t:|1782535199\n|switch|p1a: Toxapex|Toxapex, F|100/100 par\n|turn|175\n|\n|t:|1782535203\n|switch|p2a: BoySlowDown😭😂✌️|Slowking-Galar, F, shiny|60/100 brn\n|move|p1a: Toxapex|Surf|p2a: BoySlowDown😭😂✌️\n|-damage|p2a: BoySlowDown😭😂✌️|48/100 brn\n|\n|-damage|p2a: BoySlowDown😭😂✌️|42/100 brn|[from] brn\n|upkeep\n|turn|176\n|\n|t:|1782535209\n|move|p2a: BoySlowDown😭😂✌️|Future Sight|p1a: Toxapex\n|-start|p2a: BoySlowDown😭😂✌️|move: Future Sight\n|move|p1a: Toxapex|Surf|p2a: BoySlowDown😭😂✌️\n|-damage|p2a: BoySlowDown😭😂✌️|31/100 brn\n|\n|-damage|p2a: BoySlowDown😭😂✌️|25/100 brn|[from] brn\n|upkeep\n|turn|177\n|\n|t:|1782535216\n|-prepare|p2a: BoySlowDown😭😂✌️|Chilly Reception|[premajor]\n|move|p2a: BoySlowDown😭😂✌️|Chilly Reception|p2a: BoySlowDown😭😂✌️\n|-weather|Snowscape\n|\n|t:|1782535218\n|switch|p2a: NoDominicanPapi|Moltres, shiny|52/100|[from] Chilly Reception\n|cant|p1a: Toxapex|par\n|\n|-weather|Snowscape|[upkeep]\n|upkeep\n|turn|178\n|\n|t:|1782535224\n|move|p2a: NoDominicanPapi|Hurricane|p1a: Toxapex\n|-damage|p1a: Toxapex|68/100 par\n|move|p1a: Toxapex|Surf|p2a: NoDominicanPapi\n|-supereffective|p2a: NoDominicanPapi\n|-damage|p2a: NoDominicanPapi|13/100\n|\n|-weather|Snowscape|[upkeep]\n|-end|p1a: Toxapex|move: Future Sight\n|-supereffective|p1a: Toxapex\n|-damage|p1a: Toxapex|8/100 par\n|-heal|p1a: Toxapex|14/100 par|[from] item: Black Sludge\n|upkeep\n|turn|179\n|\n|t:|1782535234\n|switch|p1a: Talonflame|Talonflame, F|65/100\n|move|p2a: NoDominicanPapi|Roost|p2a: NoDominicanPapi\n|-heal|p2a: NoDominicanPapi|63/100\n|-singleturn|p2a: NoDominicanPapi|move: Roost\n|\n|-weather|Snowscape|[upkeep]\n|upkeep\n|turn|180\n|\n|t:|1782535242\n|move|p1a: Talonflame|Will-O-Wisp|p2a: NoDominicanPapi\n|-immune|p2a: NoDominicanPapi\n|move|p2a: NoDominicanPapi|Hurricane|p1a: Talonflame|[miss]\n|-miss|p2a: NoDominicanPapi|p1a: Talonflame\n|\n|-weather|Snowscape|[upkeep]\n|upkeep\n|turn|181\n|\n|t:|1782535249\n|switch|p1a: Dondozo|Dondozo, F|62/100 brn\n|move|p2a: NoDominicanPapi|Hurricane|p1a: Dondozo\n|-damage|p1a: Dondozo|20/100 brn\n|\n|-weather|none\n|-heal|p1a: Dondozo|26/100 brn|[from] item: Leftovers\n|-damage|p1a: Dondozo|20/100 brn|[from] brn\n|upkeep\n|turn|182\n|\n|t:|1782535257\n|move|p2a: NoDominicanPapi|Hurricane|p1a: Dondozo\n|-damage|p1a: Dondozo|0 fnt\n|faint|p1a: Dondozo\n|\n|upkeep\n|c|☆sumwun|gg\n|c|☆Palm X|gg\n|\n|t:|1782535262\n|switch|p1a: Toxapex|Toxapex, F|47/100 par\n|turn|183\n|\n|t:|1782535265\n|switch|p2a: BoySlowDown😭😂✌️|Slowking-Galar, F, shiny|58/100 brn\n|move|p1a: Toxapex|Recover|p1a: Toxapex\n|-heal|p1a: Toxapex|97/100 par\n|\n|-heal|p1a: Toxapex|100/100 par|[from] item: Black Sludge\n|-damage|p2a: BoySlowDown😭😂✌️|52/100 brn|[from] brn\n|upkeep\n|turn|184\n|\n|t:|1782535275\n|move|p2a: BoySlowDown😭😂✌️|Future Sight|p1a: Toxapex\n|-start|p2a: BoySlowDown😭😂✌️|move: Future Sight\n|move|p1a: Toxapex|Surf|p2a: BoySlowDown😭😂✌️\n|-damage|p2a: BoySlowDown😭😂✌️|42/100 brn\n|\n|-damage|p2a: BoySlowDown😭😂✌️|36/100 brn|[from] brn\n|upkeep\n|turn|185\n|\n|t:|1782535280\n|switch|p2a: Autozone Meatballs|Weezing-Galar, F, tera:Flying|56/100\n|-ability|p2a: Autozone Meatballs|Neutralizing Gas\n|move|p1a: Toxapex|Sludge Bomb|p2a: Autozone Meatballs\n|-damage|p2a: Autozone Meatballs|33/100\n|\n|upkeep\n|turn|186\n|\n|t:|1782535288\n|move|p2a: Autozone Meatballs|Pain Split|p1a: Toxapex\n|-sethp|p1a: Toxapex|68/100 par|[from] move: Pain Split|[silent]\n|-sethp|p2a: Autozone Meatballs|62/100|[from] move: Pain Split\n|move|p1a: Toxapex|Sludge Bomb|p2a: Autozone Meatballs\n|-damage|p2a: Autozone Meatballs|38/100\n|-status|p2a: Autozone Meatballs|psn\n|\n|-end|p1a: Toxapex|move: Future Sight\n|-supereffective|p1a: Toxapex\n|-damage|p1a: Toxapex|5/100 par\n|-heal|p1a: Toxapex|11/100 par|[from] item: Black Sludge\n|-damage|p2a: Autozone Meatballs|26/100 psn|[from] psn\n|upkeep\n|turn|187\n|inactive|sumwun has 120 seconds left.\n|\n|t:|1782535301\n|switch|p1a: Talonflame|Talonflame, F|65/100\n|move|p2a: Autozone Meatballs|Strange Steam|p1a: Talonflame\n|-resisted|p1a: Talonflame\n|-damage|p1a: Talonflame|48/100\n|\n|-damage|p2a: Autozone Meatballs|14/100 psn|[from] psn\n|upkeep\n|turn|188\n|inactive|sumwun has 120 seconds left.\n|\n|t:|1782535309\n|move|p1a: Talonflame|Overheat|p2a: Autozone Meatballs\n|-damage|p2a: Autozone Meatballs|0 fnt\n|-unboost|p1a: Talonflame|spa|2\n|faint|p2a: Autozone Meatballs\n|-end|p2a: Autozone Meatballs|ability: Neutralizing Gas\n|\n|upkeep\n|\n|t:|1782535311\n|switch|p2a: Dragoonette|Dragapult, F, shiny|59/100\n|turn|189\n|\n|t:|1782535318\n|move|p2a: Dragoonette|Hex|p1a: Talonflame\n|-damage|p1a: Talonflame|14/100\n|move|p1a: Talonflame|Will-O-Wisp|p2a: Dragoonette\n|-status|p2a: Dragoonette|brn\n|\n|-damage|p2a: Dragoonette|53/100 brn|[from] brn\n|upkeep\n|turn|190\n|\n|t:|1782535327\n|move|p2a: Dragoonette|Hex|p1a: Talonflame\n|-damage|p1a: Talonflame|0 fnt\n|faint|p1a: Talonflame\n|\n|-damage|p2a: Dragoonette|47/100 brn|[from] brn\n|upkeep\n|\n|t:|1782535332\n|switch|p1a: Toxapex|Toxapex, F|11/100 par\n|turn|191\n|\n|t:|1782535334\n|move|p2a: Dragoonette|Hex|p1a: Toxapex\n|-damage|p1a: Toxapex|0 fnt\n|faint|p1a: Toxapex\n|\n|win|Palm X\n|raw|sumwun's rating: 1623 &rarr; <strong>1604</strong><br />(-19 for losing)\n|raw|Palm X's rating: 1637 &rarr; <strong>1656</strong><br />(+19 for winning)\n|l|☆sumwun\n|player|p1|\n", "uploadtime": 1782535341, "views": 222, "formatid": "gen9ou", "rating": 1604, "private": 0, "password": null}