{"id": "gen9ou-2540455386", "format": "[Gen 9] OU", "players": ["eljugoaaron", "ph111"], "log": "|j|☆eljugoaaron\n|j|☆ph111\n|t:|1771204168\n|gametype|singles\n|player|p1|eljugoaaron|101|1534\n|player|p2|ph111|265|1581\n|gen|9\n|tier|[Gen 9] OU\n|rated|\n|rule|HP Percentage Mod: HP is shown in percentages\n|rule|Endless Battle Clause: Forcing endless battles is banned\n|rule|Species Clause: Limit one of each Pokémon\n|rule|OHKO Clause: OHKO moves are banned\n|rule|Evasion Items Clause: Evasion items are banned\n|rule|Evasion Moves Clause: Evasion moves are banned\n|rule|Evasion Abilities Clause: Evasion abilities are banned\n|rule|Sleep Moves Clause: Sleep-inducing moves are banned\n|clearpoke\n|poke|p1|Pelipper, F|\n|poke|p1|Iron Treads|\n|poke|p1|Barraskewda, M|\n|poke|p1|Kingdra, M|\n|poke|p1|Iron Valiant|\n|poke|p1|Goodra-Hisui, F|\n|poke|p2|Great Tusk|\n|poke|p2|Tornadus-Therian, M|\n|poke|p2|Raging Bolt|\n|poke|p2|Slowking-Galar, M|\n|poke|p2|Hoopa-Unbound|\n|poke|p2|Clefable, F|\n|teampreview\n|inactive|Battle timer is ON: inactive players will automatically lose when time's up. (requested by ph111)\n|\n|t:|1771204197\n|teamsize|p1|6\n|teamsize|p2|6\n|start\n|switch|p1a: Pelipper|Pelipper, F|100/100\n|switch|p2a: Tornadus|Tornadus-Therian, M|100/100\n|-weather|RainDance|[from] ability: Drizzle|[of] p1a: Pelipper\n|turn|1\n|\n|t:|1771204217\n|move|p2a: Tornadus|Bleakwind Storm|p1a: Pelipper\n|-damage|p1a: Pelipper|50/100\n|-unboost|p1a: Pelipper|spe|1\n|move|p1a: Pelipper|U-turn|p2a: Tornadus\n|-resisted|p2a: Tornadus\n|-damage|p2a: Tornadus|96/100\n|\n|t:|1771204227\n|switch|p1a: Kingdra|Kingdra, M|100/100|[from] U-turn\n|\n|-weather|RainDance|[upkeep]\n|upkeep\n|turn|2\n|\n|t:|1771204231\n|move|p1a: Kingdra|Weather Ball|p2a: Tornadus\n|-damage|p2a: Tornadus|29/100\n|move|p2a: Tornadus|Bleakwind Storm|p1a: Kingdra\n|-damage|p1a: Kingdra|56/100\n|\n|-weather|RainDance|[upkeep]\n|upkeep\n|turn|3\n|\n|t:|1771204237\n|switch|p2a: Raging Bolt|Raging Bolt|100/100\n|move|p1a: Kingdra|Weather Ball|p2a: Raging Bolt\n|-resisted|p2a: Raging Bolt\n|-damage|p2a: Raging Bolt|54/100\n|\n|-weather|RainDance|[upkeep]\n|upkeep\n|turn|4\n|\n|t:|1771204246\n|switch|p1a: Goodra|Goodra-Hisui, F|100/100\n|move|p2a: Raging Bolt|Draco Meteor|p1a: Goodra\n|-damage|p1a: Goodra|59/100\n|-unboost|p2a: Raging Bolt|spa|2\n|\n|-weather|RainDance|[upkeep]\n|upkeep\n|turn|5\n|\n|t:|1771204253\n|-end|p2a: Raging Bolt|Protosynthesis|[silent]\n|switch|p2a: Clefable|Clefable, F|100/100\n|move|p1a: Goodra|Draco Meteor|p2a: Clefable\n|-immune|p2a: Clefable\n|\n|-weather|RainDance|[upkeep]\n|upkeep\n|turn|6\n|\n|t:|1771204257\n|move|p2a: Clefable|Stealth Rock|p1a: Goodra\n|-sidestart|p1: eljugoaaron|move: Stealth Rock\n|move|p1a: Goodra|Flash Cannon|p2a: Clefable\n|-supereffective|p2a: Clefable\n|-damage|p2a: Clefable|44/100\n|\n|-weather|RainDance|[upkeep]\n|upkeep\n|turn|7\n|\n|t:|1771204270\n|switch|p2a: Slowking|Slowking-Galar, M|100/100\n|move|p1a: Goodra|Flash Cannon|p2a: Slowking\n|-damage|p2a: Slowking|78/100\n|\n|-weather|RainDance|[upkeep]\n|upkeep\n|turn|8\n|\n|t:|1771204276\n|move|p1a: Goodra|Knock Off|p2a: Slowking\n|-supereffective|p2a: Slowking\n|-damage|p2a: Slowking|40/100\n|-enditem|p2a: Slowking|Heavy-Duty Boots|[from] move: Knock Off|[of] p1a: Goodra\n|move|p2a: Slowking|Thunder Wave|p1a: Goodra\n|-status|p1a: Goodra|par\n|\n|-weather|none\n|upkeep\n|turn|9\n|\n|t:|1771204283\n|move|p1a: Goodra|Draco Meteor|p2a: Slowking|[miss]\n|-miss|p1a: Goodra|p2a: Slowking\n|-prepare|p2a: Slowking|Chilly Reception|[premajor]\n|move|p2a: Slowking|Chilly Reception|p2a: Slowking\n|-weather|Snowscape\n|\n|t:|1771204288\n|switch|p2a: Hoopa|Hoopa-Unbound|100/100|[from] Chilly Reception\n|\n|-weather|Snowscape|[upkeep]\n|upkeep\n|turn|10\n|\n|t:|1771204293\n|move|p2a: Hoopa|Hyperspace Fury|p1a: Goodra\n|-damage|p1a: Goodra|0 fnt\n|-unboost|p2a: Hoopa|def|1\n|faint|p1a: Goodra\n|\n|-weather|Snowscape|[upkeep]\n|upkeep\n|\n|t:|1771204304\n|switch|p1a: Iron Valiant|Iron Valiant|100/100\n|-damage|p1a: Iron Valiant|94/100|[from] Stealth Rock\n|-enditem|p1a: Iron Valiant|Booster Energy\n|-activate|p1a: Iron Valiant|ability: Quark Drive|[fromitem]\n|-start|p1a: Iron Valiant|quarkdrivespe\n|turn|11\n|\n|t:|1771204310\n|switch|p2a: Clefable|Clefable, F|44/100\n|move|p1a: Iron Valiant|Close Combat|p2a: Clefable\n|-resisted|p2a: Clefable\n|-damage|p2a: Clefable|19/100\n|-unboost|p1a: Iron Valiant|def|1\n|-unboost|p1a: Iron Valiant|spd|1\n|-damage|p1a: Iron Valiant|78/100|[from] item: Rocky Helmet|[of] p2a: Clefable\n|\n|-weather|Snowscape|[upkeep]\n|upkeep\n|turn|12\n|\n|t:|1771204318\n|move|p1a: Iron Valiant|Moonblast|p2a: Clefable\n|-damage|p2a: Clefable|0 fnt\n|faint|p2a: Clefable\n|\n|-weather|Snowscape|[upkeep]\n|upkeep\n|\n|t:|1771204326\n|switch|p2a: Tornadus|Tornadus-Therian, M|62/100\n|turn|13\n|\n|t:|1771204330\n|move|p1a: Iron Valiant|Moonblast|p2a: Tornadus\n|-damage|p2a: Tornadus|34/100\n|move|p2a: Tornadus|Bleakwind Storm|p1a: Iron Valiant|[miss]\n|-miss|p2a: Tornadus|p1a: Iron Valiant\n|\n|-weather|none\n|upkeep\n|turn|14\n|\n|t:|1771204340\n|move|p1a: Iron Valiant|Close Combat|p2a: Tornadus\n|-resisted|p2a: Tornadus\n|-damage|p2a: Tornadus|0 fnt\n|-unboost|p1a: Iron Valiant|def|1\n|-unboost|p1a: Iron Valiant|spd|1\n|faint|p2a: Tornadus\n|\n|upkeep\n|\n|t:|1771204350\n|switch|p2a: Slowking|Slowking-Galar, M|74/100\n|turn|15\n|\n|t:|1771204353\n|move|p1a: Iron Valiant|Knock Off|p2a: Slowking\n|-supereffective|p2a: Slowking\n|-damage|p2a: Slowking|39/100\n|-prepare|p2a: Slowking|Chilly Reception|[premajor]\n|move|p2a: Slowking|Chilly Reception|p2a: Slowking\n|-weather|Snowscape\n|-message|ph111 forfeited.\n|\n|win|eljugoaaron\n|raw|eljugoaaron's rating: 1534 &rarr; <strong>1557</strong><br />(+23 for winning)\n|raw|ph111's rating: 1581 &rarr; <strong>1558</strong><br />(-23 for losing)\n|l|☆ph111\n|player|p2|\n|l|☆eljugoaaron\n|player|p1|\n", "uploadtime": 1771204560, "views": 10, "formatid": "gen9ou", "rating": 1557, "private": 0, "password": null}