{"id": "gen9ou-2647813794", "format": "[Gen 9] OU", "players": ["sandorivera22", "OUBotBeepBoop"], "log": "|j|☆sandorivera22\n|j|☆OUBotBeepBoop\n|t:|1783817179\n|gametype|singles\n|player|p1|sandorivera22|lucas|1241\n|player|p2|OUBotBeepBoop|102|1234\n|gen|9\n|tier|[Gen 9] OU\n|rated|\n|rule|HP Percentage Mod: HP is shown in percentages\n|rule|Endless Battle Clause: Forcing endless battles is banned\n|rule|Species Clause: Limit one of each Pokémon\n|rule|OHKO Clause: OHKO moves are banned\n|rule|Evasion Items Clause: Evasion items are banned\n|rule|Evasion Moves Clause: Evasion moves are banned\n|rule|Evasion Abilities Clause: Evasion abilities are banned\n|rule|Sleep Moves Clause: Sleep-inducing moves are banned\n|clearpoke\n|poke|p1|Walking Wake|\n|poke|p1|Torkoal, F|\n|poke|p1|Venusaur, F|\n|poke|p1|Skarmory, M|\n|poke|p1|Mimikyu, F|\n|poke|p1|Wyrdeer, F|\n|poke|p2|Glimmora, M|\n|poke|p2|Great Tusk|\n|poke|p2|Kingambit, M|\n|poke|p2|Dragapult, F|\n|poke|p2|Clefable, M|\n|poke|p2|Corviknight, M|\n|teampreview\n|inactive|Battle timer is ON: inactive players will automatically lose when time's up. (requested by OUBotBeepBoop)\n|\n|t:|1783817181\n|teamsize|p1|6\n|teamsize|p2|6\n|start\n|switch|p1a: Torkoal|Torkoal, F, shiny|100/100\n|switch|p2a: Glimmora|Glimmora, M|100/100\n|-weather|SunnyDay|[from] ability: Drought|[of] p1a: Torkoal\n|turn|1\n|\n|t:|1783817188\n|move|p2a: Glimmora|Power Gem|p1a: Torkoal\n|-supereffective|p1a: Torkoal\n|-damage|p1a: Torkoal|0 fnt\n|faint|p1a: Torkoal\n|\n|-weather|SunnyDay|[upkeep]\n|upkeep\n|\n|t:|1783817204\n|switch|p1a: Wyrdeer|Wyrdeer, F|100/100\n|-ability|p1a: Wyrdeer|Intimidate|boost\n|-unboost|p2a: Glimmora|atk|1\n|turn|2\n|\n|t:|1783817212\n|move|p2a: Glimmora|Stealth Rock|p1a: Wyrdeer\n|-sidestart|p1: sandorivera22|move: Stealth Rock\n|move|p1a: Wyrdeer|Psyshield Bash|p2a: Glimmora\n|-supereffective|p2a: Glimmora\n|-damage|p2a: Glimmora|12/100\n|-boost|p1a: Wyrdeer|def|1\n|-activate|p2a: Glimmora|ability: Toxic Debris\n|-sidestart|p1: sandorivera22|move: Toxic Spikes\n|\n|-weather|SunnyDay|[upkeep]\n|upkeep\n|turn|3\n|\n|t:|1783817216\n|switch|p2a: Kingambit|Kingambit, M|100/100\n|move|p1a: Wyrdeer|Psyshield Bash|p2a: Kingambit\n|-immune|p2a: Kingambit\n|\n|-weather|SunnyDay|[upkeep]\n|upkeep\n|turn|4\n|\n|t:|1783817220\n|move|p1a: Wyrdeer|Earthquake|p2a: Kingambit\n|-supereffective|p2a: Kingambit\n|-damage|p2a: Kingambit|53/100\n|move|p2a: Kingambit|Kowtow Cleave|p1a: Wyrdeer\n|-supereffective|p1a: Wyrdeer\n|-damage|p1a: Wyrdeer|8/100\n|\n|-weather|SunnyDay|[upkeep]\n|-heal|p1a: Wyrdeer|14/100|[from] item: Leftovers\n|upkeep\n|turn|5\n|\n|t:|1783817227\n|move|p1a: Wyrdeer|Thunder Wave|p2a: Kingambit\n|-status|p2a: Kingambit|par\n|move|p2a: Kingambit|Kowtow Cleave|p1a: Wyrdeer\n|-supereffective|p1a: Wyrdeer\n|-damage|p1a: Wyrdeer|0 fnt\n|faint|p1a: Wyrdeer\n|\n|-weather|SunnyDay|[upkeep]\n|upkeep\n|\n|t:|1783817232\n|switch|p1a: Walking Wake|Walking Wake|100/100\n|-damage|p1a: Walking Wake|88/100|[from] Stealth Rock\n|-status|p1a: Walking Wake|psn\n|-activate|p1a: Walking Wake|ability: Protosynthesis\n|-start|p1a: Walking Wake|protosynthesisspa\n|turn|6\n|\n|t:|1783817239\n|-end|p2a: Kingambit|fallenundefined|[silent]\n|switch|p2a: Clefable|Clefable, M|100/100\n|move|p1a: Walking Wake|Flamethrower|p2a: Clefable\n|-damage|p2a: Clefable|42/100\n|\n|-weather|SunnyDay|[upkeep]\n|-heal|p2a: Clefable|48/100|[from] item: Leftovers\n|-damage|p1a: Walking Wake|76/100 psn|[from] psn\n|upkeep\n|turn|7\n|\n|t:|1783817242\n|switch|p2a: Great Tusk|Great Tusk|100/100\n|-activate|p2a: Great Tusk|ability: Protosynthesis\n|-start|p2a: Great Tusk|protosynthesisatk\n|move|p1a: Walking Wake|Hydro Steam|p2a: Great Tusk\n|-supereffective|p2a: Great Tusk\n|-damage|p2a: Great Tusk|0 fnt\n|faint|p2a: Great Tusk\n|-end|p2a: Great Tusk|Protosynthesis|[silent]\n|\n|-weather|SunnyDay|[upkeep]\n|-damage|p1a: Walking Wake|63/100 psn|[from] psn\n|upkeep\n|\n|t:|1783817242\n|switch|p2a: Clefable|Clefable, M|48/100\n|turn|8\n|\n|t:|1783817250\n|move|p1a: Walking Wake|Hydro Steam|p2a: Clefable\n|-damage|p2a: Clefable|0 fnt\n|faint|p2a: Clefable\n|\n|-weather|none\n|-end|p1a: Walking Wake|Protosynthesis\n|-damage|p1a: Walking Wake|51/100 psn|[from] psn\n|upkeep\n|\n|t:|1783817250\n|switch|p2a: Dragapult|Dragapult, F|100/100\n|turn|9\n|\n|t:|1783817268\n|-end|p1a: Walking Wake|Protosynthesis|[silent]\n|switch|p1a: Skarmory|Skarmory, M|100/100\n|-damage|p1a: Skarmory|88/100|[from] Stealth Rock\n|-terastallize|p2a: Dragapult|Ghost\n|move|p2a: Dragapult|Shadow Ball|p1a: Skarmory\n|-damage|p1a: Skarmory|0 fnt\n|faint|p1a: Skarmory\n|\n|upkeep\n|\n|t:|1783817279\n|switch|p1a: Mimikyu|Mimikyu, F, shiny|100/100\n|-damage|p1a: Mimikyu|88/100|[from] Stealth Rock\n|-status|p1a: Mimikyu|psn\n|turn|10\n|\n|t:|1783817282\n|move|p2a: Dragapult|Shadow Ball|p1a: Mimikyu\n|-activate|p1a: Mimikyu|ability: Disguise\n|-damage|p1a: Mimikyu|88/100 psn\n|detailschange|p1a: Mimikyu|Mimikyu-Busted, F, shiny\n|-damage|p1a: Mimikyu|76/100 psn|[from] pokemon: Mimikyu-Busted\n|move|p1a: Mimikyu|Swords Dance|p1a: Mimikyu\n|-boost|p1a: Mimikyu|atk|2\n|\n|-damage|p1a: Mimikyu|64/100 psn|[from] psn\n|upkeep\n|turn|11\n|\n|t:|1783817286\n|move|p1a: Mimikyu|Shadow Sneak|p2a: Dragapult\n|-supereffective|p2a: Dragapult\n|-damage|p2a: Dragapult|0 fnt\n|faint|p2a: Dragapult\n|\n|-damage|p1a: Mimikyu|51/100 psn|[from] psn\n|upkeep\n|\n|t:|1783817286\n|switch|p2a: Kingambit|Kingambit, M|53/100 par\n|-activate|p2a: Kingambit|ability: Supreme Overlord\n|-start|p2a: Kingambit|fallen3|[silent]\n|turn|12\n|\n|t:|1783817289\n|move|p1a: Mimikyu|Drain Punch|p2a: Kingambit\n|-supereffective|p2a: Kingambit\n|-damage|p2a: Kingambit|0 fnt\n|-heal|p1a: Mimikyu|94/100 psn|[from] drain|[of] p2a: Kingambit\n|faint|p2a: Kingambit\n|-end|p2a: Kingambit|fallen3|[silent]\n|\n|-damage|p1a: Mimikyu|81/100 psn|[from] psn\n|upkeep\n|\n|t:|1783817290\n|switch|p2a: Corviknight|Corviknight, M|100/100\n|-ability|p2a: Corviknight|Pressure\n|turn|13\n|\n|t:|1783817298\n|-terastallize|p1a: Mimikyu|Fighting\n|move|p1a: Mimikyu|Drain Punch|p2a: Corviknight\n|-damage|p2a: Corviknight|66/100\n|-heal|p1a: Mimikyu|100/100 psn|[from] drain|[of] p2a: Corviknight\n|move|p2a: Corviknight|U-turn|p1a: Mimikyu\n|-resisted|p1a: Mimikyu\n|-damage|p1a: Mimikyu|89/100 psn\n|\n|t:|1783817298\n|switch|p2a: Glimmora|Glimmora, M|12/100|[from] U-turn\n|\n|-damage|p1a: Mimikyu|77/100 psn|[from] psn\n|upkeep\n|turn|14\n|\n|t:|1783817306\n|switch|p2a: Corviknight|Corviknight, M|66/100\n|-ability|p2a: Corviknight|Pressure\n|move|p1a: Mimikyu|Shadow Sneak|p2a: Corviknight\n|-damage|p2a: Corviknight|47/100\n|\n|-heal|p2a: Corviknight|54/100|[from] item: Leftovers\n|-damage|p1a: Mimikyu|65/100 psn|[from] psn\n|upkeep\n|turn|15\n|\n|t:|1783817311\n|move|p1a: Mimikyu|Swords Dance|p1a: Mimikyu\n|-boost|p1a: Mimikyu|atk|2\n|move|p2a: Corviknight|Roost|p2a: Corviknight\n|-heal|p2a: Corviknight|100/100\n|-singleturn|p2a: Corviknight|move: Roost\n|\n|-damage|p1a: Mimikyu|52/100 psn|[from] psn\n|upkeep\n|turn|16\n|\n|t:|1783817315\n|move|p1a: Mimikyu|Drain Punch|p2a: Corviknight\n|-damage|p2a: Corviknight|50/100\n|-heal|p1a: Mimikyu|93/100 psn|[from] drain|[of] p2a: Corviknight\n|move|p2a: Corviknight|Body Press|p1a: Mimikyu\n|-damage|p1a: Mimikyu|51/100 psn\n|\n|-heal|p2a: Corviknight|56/100|[from] item: Leftovers\n|-damage|p1a: Mimikyu|39/100 psn|[from] psn\n|upkeep\n|turn|17\n|\n|t:|1783817320\n|move|p1a: Mimikyu|Drain Punch|p2a: Corviknight\n|-damage|p2a: Corviknight|0 fnt\n|-heal|p1a: Mimikyu|83/100 psn|[from] drain|[of] p2a: Corviknight\n|faint|p2a: Corviknight\n|\n|-damage|p1a: Mimikyu|71/100 psn|[from] psn\n|upkeep\n|\n|t:|1783817320\n|switch|p2a: Glimmora|Glimmora, M|12/100\n|turn|18\n|\n|t:|1783817324\n|move|p1a: Mimikyu|Shadow Sneak|p2a: Glimmora\n|-damage|p2a: Glimmora|0 fnt\n|-activate|p2a: Glimmora|ability: Toxic Debris\n|-sidestart|p1: sandorivera22|move: Toxic Spikes\n|faint|p2a: Glimmora\n|\n|win|sandorivera22\n|raw|sandorivera22's rating: 1241 &rarr; <strong>1266</strong><br />(+25 for winning)\n|raw|OUBotBeepBoop's rating: 1239 &rarr; <strong>1214</strong><br />(-25 for losing)\n|l|☆OUBotBeepBoop\n|player|p2|\n|c|☆sandorivera22|gg\n|l|☆sandorivera22\n|player|p1|\n", "uploadtime": 1783817718, "views": 11, "formatid": "gen9ou", "rating": 1214, "private": 0, "password": null}