{"id": "gen9ou-2639311886", "format": "[Gen 9] OU", "players": ["PiNgOrAxX", "unaware clodsire"], "log": "|j|☆PiNgOrAxX\n|j|☆unaware clodsire\n|t:|1782450872\n|gametype|singles\n|player|p1|PiNgOrAxX|ethan|1513\n|player|p2|unaware clodsire|acetrainerf-gen2|1497\n|gen|9\n|tier|[Gen 9] OU\n|rated|\n|rule|HP Percentage Mod: HP is shown in percentages\n|rule|Endless Battle Clause: Forcing endless battles is banned\n|rule|Species Clause: Limit one of each Pokémon\n|rule|OHKO Clause: OHKO moves are banned\n|rule|Evasion Items Clause: Evasion items are banned\n|rule|Evasion Moves Clause: Evasion moves are banned\n|rule|Evasion Abilities Clause: Evasion abilities are banned\n|rule|Sleep Moves Clause: Sleep-inducing moves are banned\n|clearpoke\n|poke|p1|Ceruledge, M|\n|poke|p1|Great Tusk|\n|poke|p1|Iron Crown|\n|poke|p1|Galvantula, M|\n|poke|p1|Overqwil, M|\n|poke|p1|Glimmora, M|\n|poke|p2|Iron Treads|\n|poke|p2|Samurott-Hisui, M|\n|poke|p2|Moltres|\n|poke|p2|Garganacl, M|\n|poke|p2|Zamazenta-*|\n|poke|p2|Gholdengo|\n|teampreview\n|inactive|Battle timer is ON: inactive players will automatically lose when time's up. (requested by unaware clodsire)\n|\n|t:|1782450881\n|teamsize|p1|6\n|teamsize|p2|6\n|start\n|switch|p1a: Galvantula|Galvantula, M|100/100\n|switch|p2a: Iron Treads|Iron Treads|100/100\n|turn|1\n|\n|t:|1782450889\n|move|p1a: Galvantula|Giga Drain|p2a: Iron Treads\n|-damage|p2a: Iron Treads|75/100\n|move|p2a: Iron Treads|Knock Off|p1a: Galvantula\n|-damage|p1a: Galvantula|48/100\n|-enditem|p1a: Galvantula|Focus Sash|[from] move: Knock Off|[of] p2a: Iron Treads\n|\n|upkeep\n|turn|2\n|\n|t:|1782450897\n|move|p1a: Galvantula|Giga Drain|p2a: Iron Treads\n|-damage|p2a: Iron Treads|49/100\n|-heal|p1a: Galvantula|64/100|[from] drain|[of] p2a: Iron Treads\n|move|p2a: Iron Treads|Stealth Rock|p1a: Galvantula\n|-sidestart|p1: PiNgOrAxX|move: Stealth Rock\n|\n|upkeep\n|turn|3\n|\n|t:|1782450904\n|move|p1a: Galvantula|Giga Drain|p2a: Iron Treads\n|-damage|p2a: Iron Treads|23/100\n|-heal|p1a: Galvantula|80/100|[from] drain|[of] p2a: Iron Treads\n|move|p2a: Iron Treads|Rapid Spin|p1a: Galvantula\n|-damage|p1a: Galvantula|53/100\n|-boost|p2a: Iron Treads|spe|1\n|\n|upkeep\n|turn|4\n|\n|t:|1782450913\n|move|p2a: Iron Treads|Earthquake|p1a: Galvantula\n|-damage|p1a: Galvantula|0 fnt\n|faint|p1a: Galvantula\n|\n|upkeep\n|\n|t:|1782450919\n|switch|p1a: Great Tusk|Great Tusk|100/100\n|-damage|p1a: Great Tusk|98/100|[from] Stealth Rock\n|turn|5\n|\n|t:|1782450924\n|-end|p2a: Iron Treads|Quark Drive|[silent]\n|switch|p2a: Gholdengo|Gholdengo|100/100\n|-item|p2a: Gholdengo|Air Balloon\n|move|p1a: Great Tusk|Rapid Spin|p2a: Gholdengo\n|-immune|p2a: Gholdengo\n|\n|upkeep\n|turn|6\n|\n|t:|1782450932\n|move|p1a: Great Tusk|Ice Spinner|p2a: Gholdengo\n|-resisted|p2a: Gholdengo\n|-damage|p2a: Gholdengo|84/100\n|-enditem|p2a: Gholdengo|Air Balloon\n|move|p2a: Gholdengo|Make It Rain|p1a: Great Tusk\n|-damage|p1a: Great Tusk|1/100\n|-unboost|p2a: Gholdengo|spa|1\n|\n|upkeep\n|turn|7\n|\n|t:|1782450945\n|switch|p2a: Samurott|Samurott-Hisui, M|100/100\n|move|p1a: Great Tusk|Earthquake|p2a: Samurott\n|-damage|p2a: Samurott|24/100\n|\n|upkeep\n|turn|8\n|\n|t:|1782450951\n|move|p2a: Samurott|Ceaseless Edge|p1a: Great Tusk\n|-resisted|p1a: Great Tusk\n|-damage|p1a: Great Tusk|0 fnt\n|-sidestart|p1: PiNgOrAxX|Spikes\n|faint|p1a: Great Tusk\n|-end|p1a: Great Tusk|Protosynthesis|[silent]\n|\n|upkeep\n|\n|t:|1782450958\n|switch|p1a: Overqwil|Overqwil, M|100/100\n|-damage|p1a: Overqwil|88/100|[from] Stealth Rock\n|-damage|p1a: Overqwil|75/100|[from] Spikes\n|-ability|p1a: Overqwil|Intimidate|boost\n|-unboost|p2a: Samurott|atk|1\n|turn|9\n|\n|t:|1782450964\n|switch|p2a: Garganacl|Garganacl, M|100/100\n|move|p1a: Overqwil|Scale Shot|p2a: Garganacl\n|-damage|p2a: Garganacl|94/100\n|-damage|p2a: Garganacl|88/100\n|-damage|p2a: Garganacl|82/100\n|-damage|p2a: Garganacl|76/100\n|-damage|p2a: Garganacl|71/100\n|-hitcount|p2a: Garganacl|5\n|-unboost|p1a: Overqwil|def|1\n|-boost|p1a: Overqwil|spe|1\n|-enditem|p1a: Overqwil|White Herb\n|-clearnegativeboost|p1a: Overqwil|[silent]\n|\n|-heal|p2a: Garganacl|77/100|[from] item: Leftovers\n|upkeep\n|turn|10\n|\n|t:|1782450981\n|move|p1a: Overqwil|Swords Dance|p1a: Overqwil\n|-boost|p1a: Overqwil|atk|2\n|move|p2a: Garganacl|Salt Cure|p1a: Overqwil\n|-damage|p1a: Overqwil|60/100\n|-start|p1a: Overqwil|Salt Cure\n|\n|-heal|p2a: Garganacl|83/100|[from] item: Leftovers\n|-damage|p1a: Overqwil|48/100|[from] Salt Cure\n|upkeep\n|turn|11\n|\n|t:|1782450990\n|move|p1a: Overqwil|Crunch|p2a: Garganacl\n|-damage|p2a: Garganacl|24/100\n|move|p2a: Garganacl|Recover|p2a: Garganacl\n|-heal|p2a: Garganacl|74/100\n|\n|-heal|p2a: Garganacl|80/100|[from] item: Leftovers\n|-damage|p1a: Overqwil|35/100|[from] Salt Cure\n|upkeep\n|turn|12\n|\n|t:|1782450999\n|move|p1a: Overqwil|Crunch|p2a: Garganacl\n|-damage|p2a: Garganacl|20/100\n|move|p2a: Garganacl|Recover|p2a: Garganacl\n|-heal|p2a: Garganacl|70/100\n|\n|-heal|p2a: Garganacl|76/100|[from] item: Leftovers\n|-damage|p1a: Overqwil|23/100|[from] Salt Cure\n|upkeep\n|turn|13\n|\n|t:|1782451008\n|move|p1a: Overqwil|Swords Dance|p1a: Overqwil\n|-boost|p1a: Overqwil|atk|2\n|move|p2a: Garganacl|Recover|p2a: Garganacl\n|-heal|p2a: Garganacl|100/100\n|\n|-damage|p1a: Overqwil|10/100|[from] Salt Cure\n|upkeep\n|turn|14\n|\n|t:|1782451016\n|switch|p2a: Iron Treads|Iron Treads|23/100\n|move|p1a: Overqwil|Crunch|p2a: Iron Treads\n|-damage|p2a: Iron Treads|0 fnt\n|faint|p2a: Iron Treads\n|-end|p2a: Iron Treads|Quark Drive|[silent]\n|\n|-damage|p1a: Overqwil|0 fnt|[from] Salt Cure\n|faint|p1a: Overqwil\n|upkeep\n|\n|t:|1782451028\n|switch|p2a: Samurott|Samurott-Hisui, M|24/100\n|switch|p1a: Iron Crown|Iron Crown|100/100\n|-damage|p1a: Iron Crown|94/100|[from] Stealth Rock\n|-damage|p1a: Iron Crown|82/100|[from] Spikes\n|turn|15\n|\n|t:|1782451051\n|-terastallize|p1a: Iron Crown|Fighting\n|move|p2a: Samurott|Ceaseless Edge|p1a: Iron Crown\n|-resisted|p1a: Iron Crown\n|-damage|p1a: Iron Crown|59/100\n|-sidestart|p1: PiNgOrAxX|Spikes\n|move|p1a: Iron Crown|Agility|p1a: Iron Crown\n|-boost|p1a: Iron Crown|spe|2\n|\n|upkeep\n|turn|16\n|\n|t:|1782451075\n|switch|p2a: Garganacl|Garganacl, M|100/100\n|move|p1a: Iron Crown|Tachyon Cutter|p2a: Garganacl\n|-supereffective|p2a: Garganacl\n|-damage|p2a: Garganacl|66/100\n|-supereffective|p2a: Garganacl\n|-crit|p2a: Garganacl\n|-damage|p2a: Garganacl|11/100\n|-hitcount|p2a: Garganacl|2\n|\n|-heal|p2a: Garganacl|17/100|[from] item: Leftovers\n|upkeep\n|turn|17\n|\n|t:|1782451086\n|move|p1a: Iron Crown|Psychic|p2a: Garganacl\n|-damage|p2a: Garganacl|0 fnt\n|faint|p2a: Garganacl\n|\n|upkeep\n|\n|t:|1782451092\n|switch|p2a: Gholdengo|Gholdengo|84/100\n|turn|18\n|\n|t:|1782451097\n|move|p1a: Iron Crown|Psychic|p2a: Gholdengo\n|-resisted|p2a: Gholdengo\n|-damage|p2a: Gholdengo|60/100\n|-unboost|p2a: Gholdengo|spd|1\n|move|p2a: Gholdengo|Nasty Plot|p2a: Gholdengo\n|-boost|p2a: Gholdengo|spa|2\n|\n|upkeep\n|turn|19\n|\n|t:|1782451106\n|move|p1a: Iron Crown|Tachyon Cutter|p2a: Gholdengo\n|-resisted|p2a: Gholdengo\n|-damage|p2a: Gholdengo|38/100\n|-resisted|p2a: Gholdengo\n|-damage|p2a: Gholdengo|16/100\n|-hitcount|p2a: Gholdengo|2\n|move|p2a: Gholdengo|Make It Rain|p1a: Iron Crown\n|-damage|p1a: Iron Crown|0 fnt\n|-unboost|p2a: Gholdengo|spa|1\n|faint|p1a: Iron Crown\n|-end|p1a: Iron Crown|Quark Drive|[silent]\n|\n|upkeep\n|\n|t:|1782451121\n|switch|p1a: Ceruledge|Ceruledge, M|100/100\n|-damage|p1a: Ceruledge|76/100|[from] Stealth Rock\n|-damage|p1a: Ceruledge|59/100|[from] Spikes\n|turn|20\n|\n|t:|1782451127\n|move|p1a: Ceruledge|Shadow Sneak|p2a: Gholdengo\n|-supereffective|p2a: Gholdengo\n|-damage|p2a: Gholdengo|0 fnt\n|faint|p2a: Gholdengo\n|\n|upkeep\n|\n|t:|1782451130\n|switch|p2a: Zamazenta|Zamazenta|100/100\n|-ability|p2a: Zamazenta|Dauntless Shield|boost\n|-boost|p2a: Zamazenta|def|1\n|turn|21\n|\n|t:|1782451135\n|move|p1a: Ceruledge|Endure|p1a: Ceruledge\n|-singleturn|p1a: Ceruledge|move: Endure\n|move|p2a: Zamazenta|Stone Edge|p1a: Ceruledge\n|-supereffective|p1a: Ceruledge\n|-activate|p1a: Ceruledge|move: Endure\n|-damage|p1a: Ceruledge|1/100\n|-ability|p1a: Ceruledge|Weak Armor|boost\n|-unboost|p1a: Ceruledge|def|1\n|-boost|p1a: Ceruledge|spe|2\n|-enditem|p1a: Ceruledge|Weakness Policy\n|-boost|p1a: Ceruledge|atk|2|[from] item: Weakness Policy\n|-boost|p1a: Ceruledge|spa|2|[from] item: Weakness Policy\n|\n|upkeep\n|turn|22\n|\n|t:|1782451147\n|move|p1a: Ceruledge|Poltergeist|p2a: Zamazenta|[miss]\n|-miss|p1a: Ceruledge|p2a: Zamazenta\n|move|p2a: Zamazenta|Crunch|p1a: Ceruledge\n|-supereffective|p1a: Ceruledge\n|-damage|p1a: Ceruledge|0 fnt\n|faint|p1a: Ceruledge\n|\n|upkeep\n|-message|PiNgOrAxX forfeited.\n|\n|win|unaware clodsire\n|raw|PiNgOrAxX's rating: 1513 &rarr; <strong>1492</strong><br />(-21 for losing)\n|raw|unaware clodsire's rating: 1497 &rarr; <strong>1518</strong><br />(+21 for winning)\n|l|☆PiNgOrAxX\n|player|p1|\n|l|☆unaware clodsire\n|player|p2|\n", "uploadtime": 1782451391, "views": 6, "formatid": "gen9ou", "rating": 1492, "private": 0, "password": null}