{"id": "gen9ou-2540436931", "format": "[Gen 9] OU", "players": ["Flex Plays Only", "Quaqrash"], "log": "|j|☆Flex Plays Only\n|j|☆Quaqrash\n|t:|1771201886\n|gametype|singles\n|player|p1|Flex Plays Only|iono-masters2|1747\n|player|p2|Quaqrash|170|1762\n|gen|9\n|tier|[Gen 9] OU\n|rated|\n|rule|HP Percentage Mod: HP is shown in percentages\n|rule|Endless Battle Clause: Forcing endless battles is banned\n|rule|Species Clause: Limit one of each Pokémon\n|rule|OHKO Clause: OHKO moves are banned\n|rule|Evasion Items Clause: Evasion items are banned\n|rule|Evasion Moves Clause: Evasion moves are banned\n|rule|Evasion Abilities Clause: Evasion abilities are banned\n|rule|Sleep Moves Clause: Sleep-inducing moves are banned\n|clearpoke\n|poke|p1|Pecharunt|\n|poke|p1|Heatran, F|\n|poke|p1|Ting-Lu|\n|poke|p1|Dragonite, M|\n|poke|p1|Rotom-Wash|\n|poke|p1|Darkrai|\n|poke|p2|Excadrill, M|\n|poke|p2|Tyranitar, F|\n|poke|p2|Gholdengo|\n|poke|p2|Chesnaught, M|\n|poke|p2|Tornadus-Therian, M|\n|poke|p2|Iron Valiant|\n|teampreview\n|inactive|Battle timer is ON: inactive players will automatically lose when time's up. (requested by Flex Plays Only)\n|\n|t:|1771201904\n|teamsize|p1|6\n|teamsize|p2|6\n|start\n|switch|p1a: Heatran|Heatran, F|100/100\n|switch|p2a: The Tyrant|Tyranitar, F|100/100\n|-weather|Sandstorm|[from] ability: Sand Stream|[of] p2a: The Tyrant\n|turn|1\n|\n|t:|1771201913\n|switch|p1a: Ting-Lu|Ting-Lu|100/100\n|-ability|p1a: Ting-Lu|Vessel of Ruin\n|move|p2a: The Tyrant|Stealth Rock|p1a: Ting-Lu\n|-sidestart|p1: Flex Plays Only|move: Stealth Rock\n|\n|-weather|Sandstorm|[upkeep]\n|upkeep\n|turn|2\n|\n|t:|1771201925\n|move|p2a: The Tyrant|Low Kick|p1a: Ting-Lu\n|-supereffective|p1a: Ting-Lu\n|-damage|p1a: Ting-Lu|64/100\n|move|p1a: Ting-Lu|Stealth Rock|p2a: The Tyrant\n|-sidestart|p2: Quaqrash|move: Stealth Rock\n|\n|-weather|Sandstorm|[upkeep]\n|-heal|p1a: Ting-Lu|70/100|[from] item: Leftovers\n|upkeep\n|turn|3\n|\n|t:|1771201928\n|move|p2a: The Tyrant|Knock Off|p1a: Ting-Lu\n|-resisted|p1a: Ting-Lu\n|-crit|p1a: Ting-Lu\n|-damage|p1a: Ting-Lu|53/100\n|-enditem|p1a: Ting-Lu|Leftovers|[from] move: Knock Off|[of] p2a: The Tyrant\n|move|p1a: Ting-Lu|Ruination|p2a: The Tyrant|[miss]\n|-miss|p1a: Ting-Lu|p2a: The Tyrant\n|\n|-weather|Sandstorm|[upkeep]\n|upkeep\n|turn|4\n|j| STYROFOAMS & MULAH\n|\n|t:|1771201935\n|switch|p2a: The Juggernaught|Chesnaught, M|100/100\n|-damage|p2a: The Juggernaught|94/100|[from] Stealth Rock\n|move|p1a: Ting-Lu|Ruination|p2a: The Juggernaught\n|-damage|p2a: The Juggernaught|48/100\n|\n|-weather|Sandstorm|[upkeep]\n|-damage|p2a: The Juggernaught|42/100|[from] Sandstorm\n|upkeep\n|turn|5\n|\n|t:|1771201939\n|switch|p1a: Heatran|Heatran, F|100/100\n|-damage|p1a: Heatran|88/100|[from] Stealth Rock\n|move|p2a: The Juggernaught|Spikes|p1a: Heatran\n|-sidestart|p1: Flex Plays Only|Spikes\n|\n|-weather|none\n|-heal|p1a: Heatran|94/100|[from] item: Leftovers\n|upkeep\n|turn|6\n|\n|t:|1771201946\n|switch|p2a: The Tyrant|Tyranitar, F|100/100\n|-damage|p2a: The Tyrant|88/100|[from] Stealth Rock\n|-weather|Sandstorm|[from] ability: Sand Stream|[of] p2a: The Tyrant\n|move|p1a: Heatran|Magma Storm|p2a: The Tyrant\n|-resisted|p2a: The Tyrant\n|-damage|p2a: The Tyrant|77/100\n|-activate|p2a: The Tyrant|move: Magma Storm|[of] p1a: Heatran\n|\n|-weather|Sandstorm|[upkeep]\n|-heal|p1a: Heatran|100/100|[from] item: Leftovers\n|-heal|p2a: The Tyrant|83/100|[from] item: Leftovers\n|-damage|p2a: The Tyrant|71/100|[from] move: Magma Storm|[partiallytrapped]\n|upkeep\n|turn|7\n|\n|t:|1771201950\n|move|p1a: Heatran|Earth Power|p2a: The Tyrant\n|-supereffective|p2a: The Tyrant\n|-damage|p2a: The Tyrant|43/100\n|move|p2a: The Tyrant|Knock Off|p1a: Heatran\n|-damage|p1a: Heatran|61/100\n|-enditem|p1a: Heatran|Leftovers|[from] move: Knock Off|[of] p2a: The Tyrant\n|\n|-weather|Sandstorm|[upkeep]\n|-heal|p2a: The Tyrant|49/100|[from] item: Leftovers\n|-damage|p2a: The Tyrant|37/100|[from] move: Magma Storm|[partiallytrapped]\n|upkeep\n|turn|8\n|\n|t:|1771201955\n|move|p1a: Heatran|Earth Power|p2a: The Tyrant\n|-supereffective|p2a: The Tyrant\n|-damage|p2a: The Tyrant|8/100\n|move|p2a: The Tyrant|Low Kick|p1a: Heatran\n|-supereffective|p1a: Heatran\n|-damage|p1a: Heatran|0 fnt\n|faint|p1a: Heatran\n|\n|-weather|Sandstorm|[upkeep]\n|-heal|p2a: The Tyrant|14/100|[from] item: Leftovers\n|-end|p2a: The Tyrant|Magma Storm|[partiallytrapped]|[silent]\n|upkeep\n|\n|t:|1771201962\n|switch|p1a: Darkrai|Darkrai|100/100\n|turn|9\n|\n|t:|1771201966\n|move|p1a: Darkrai|Knock Off|p2a: The Tyrant\n|-resisted|p2a: The Tyrant\n|-damage|p2a: The Tyrant|4/100\n|-enditem|p2a: The Tyrant|Leftovers|[from] move: Knock Off|[of] p1a: Darkrai\n|move|p2a: The Tyrant|Knock Off|p1a: Darkrai\n|-resisted|p1a: Darkrai\n|-damage|p1a: Darkrai|71/100\n|-enditem|p1a: Darkrai|Heavy-Duty Boots|[from] move: Knock Off|[of] p2a: The Tyrant\n|\n|-weather|Sandstorm|[upkeep]\n|-damage|p1a: Darkrai|65/100|[from] Sandstorm\n|upkeep\n|turn|10\n|\n|t:|1771201986\n|switch|p2a: The Juggernaught|Chesnaught, M|42/100\n|-damage|p2a: The Juggernaught|35/100|[from] Stealth Rock\n|move|p1a: Darkrai|Knock Off|p2a: The Juggernaught\n|-resisted|p2a: The Juggernaught\n|-damage|p2a: The Juggernaught|28/100\n|-damage|p1a: Darkrai|48/100|[from] item: Rocky Helmet|[of] p2a: The Juggernaught\n|-enditem|p2a: The Juggernaught|Rocky Helmet|[from] move: Knock Off|[of] p1a: Darkrai\n|\n|-weather|none\n|upkeep\n|turn|11\n|\n|t:|1771201994\n|move|p1a: Darkrai|Ice Beam|p2a: The Juggernaught\n|-supereffective|p2a: The Juggernaught\n|-damage|p2a: The Juggernaught|0 fnt\n|faint|p2a: The Juggernaught\n|\n|upkeep\n|\n|t:|1771201996\n|switch|p2a: The Excalibur|Excadrill, M|100/100\n|-damage|p2a: The Excalibur|97/100|[from] Stealth Rock\n|-item|p2a: The Excalibur|Air Balloon\n|turn|12\n|\n|t:|1771202002\n|switch|p1a: Pecharunt|Pecharunt|100/100\n|move|p2a: The Excalibur|Rapid Spin|p1a: Pecharunt\n|-immune|p1a: Pecharunt\n|\n|upkeep\n|turn|13\n|\n|t:|1771202012\n|switch|p2a: The Reigner|Tornadus-Therian, M|100/100\n|-damage|p2a: The Reigner|76/100|[from] Stealth Rock\n|move|p1a: Pecharunt|Foul Play|p2a: The Reigner\n|-damage|p2a: The Reigner|52/100\n|\n|upkeep\n|turn|14\n|\n|t:|1771202016\n|move|p2a: The Reigner|Bleakwind Storm|p1a: Pecharunt\n|-damage|p1a: Pecharunt|62/100\n|move|p1a: Pecharunt|Malignant Chain|p2a: The Reigner\n|-damage|p2a: The Reigner|14/100\n|\n|upkeep\n|turn|15\n|\n|t:|1771202023\n|move|p2a: The Reigner|Taunt|p1a: Pecharunt\n|-start|p1a: Pecharunt|move: Taunt\n|cant|p1a: Pecharunt|move: Taunt|Recover\n|\n|upkeep\n|turn|16\n|\n|t:|1771202028\n|switch|p2a: The Golden Child|Gholdengo|100/100\n|-damage|p2a: The Golden Child|94/100|[from] Stealth Rock\n|move|p1a: Pecharunt|Foul Play|p2a: The Golden Child\n|-supereffective|p2a: The Golden Child\n|-damage|p2a: The Golden Child|72/100\n|\n|upkeep\n|turn|17\n|\n|t:|1771202036\n|switch|p1a: Ting-Lu|Ting-Lu|53/100\n|-damage|p1a: Ting-Lu|46/100|[from] Stealth Rock\n|-damage|p1a: Ting-Lu|34/100|[from] Spikes\n|-ability|p1a: Ting-Lu|Vessel of Ruin\n|move|p2a: The Golden Child|Make It Rain|p1a: Ting-Lu\n|-damage|p1a: Ting-Lu|0 fnt\n|-unboost|p2a: The Golden Child|spa|1\n|faint|p1a: Ting-Lu\n|\n|upkeep\n|\n|t:|1771202041\n|switch|p1a: Rotom|Rotom-Wash|100/100\n|-damage|p1a: Rotom|88/100|[from] Stealth Rock\n|turn|18\n|j| Noir Z\n|\n|t:|1771202059\n|move|p2a: The Golden Child|Nasty Plot|p2a: The Golden Child\n|-boost|p2a: The Golden Child|spa|2\n|move|p1a: Rotom|Hydro Pump|p2a: The Golden Child|[miss]\n|-miss|p1a: Rotom|p2a: The Golden Child\n|\n|upkeep\n|turn|19\n|\n|t:|1771202064\n|move|p2a: The Golden Child|Thunderbolt|p1a: Rotom\n|-damage|p1a: Rotom|30/100\n|move|p1a: Rotom|Hydro Pump|p2a: The Golden Child\n|-damage|p2a: The Golden Child|30/100\n|\n|upkeep\n|turn|20\n|\n|t:|1771202071\n|move|p2a: The Golden Child|Recover|p2a: The Golden Child\n|-heal|p2a: The Golden Child|80/100\n|move|p1a: Rotom|Volt Switch|p2a: The Golden Child\n|-damage|p2a: The Golden Child|54/100\n|j| Mmijk\n|\n|t:|1771202074\n|switch|p1a: Darkrai|Darkrai|48/100|[from] Volt Switch\n|-damage|p1a: Darkrai|36/100|[from] Stealth Rock\n|-damage|p1a: Darkrai|23/100|[from] Spikes\n|\n|upkeep\n|turn|21\n|\n|t:|1771202087\n|switch|p2a: The Tyrant|Tyranitar, F|4/100\n|-damage|p2a: The Tyrant|0 fnt|[from] Stealth Rock\n|faint|p2a: The Tyrant\n|move|p1a: Darkrai|Dark Pulse|p2: The Tyrant|[notarget]\n|-fail|p1a: Darkrai\n|\n|upkeep\n|\n|t:|1771202089\n|switch|p2a: The Excalibur|Excadrill, M|97/100\n|-damage|p2a: The Excalibur|94/100|[from] Stealth Rock\n|-item|p2a: The Excalibur|Air Balloon\n|turn|22\n|\n|t:|1771202093\n|switch|p1a: Pecharunt|Pecharunt|62/100\n|move|p2a: The Excalibur|Rapid Spin|p1a: Pecharunt\n|-immune|p1a: Pecharunt\n|\n|upkeep\n|turn|23\n|\n|t:|1771202098\n|move|p2a: The Excalibur|Earthquake|p1a: Pecharunt\n|-supereffective|p1a: Pecharunt\n|-damage|p1a: Pecharunt|8/100\n|move|p1a: Pecharunt|Foul Play|p2a: The Excalibur\n|-damage|p2a: The Excalibur|46/100\n|-enditem|p2a: The Excalibur|Air Balloon\n|\n|upkeep\n|turn|24\n|j| prof dankness\n|\n|t:|1771202103\n|move|p2a: The Excalibur|Earthquake|p1a: Pecharunt\n|-supereffective|p1a: Pecharunt\n|-damage|p1a: Pecharunt|0 fnt\n|faint|p1a: Pecharunt\n|\n|upkeep\n|\n|t:|1771202105\n|switch|p1a: Dragonite|Dragonite, M|100/100\n|turn|25\n|\n|t:|1771202109\n|move|p2a: The Excalibur|Rapid Spin|p1a: Dragonite\n|-damage|p1a: Dragonite|92/100\n|-boost|p2a: The Excalibur|spe|1\n|-sideend|p2: Quaqrash|Stealth Rock|[from] move: Rapid Spin|[of] p2a: The Excalibur\n|move|p1a: Dragonite|Dragon Dance|p1a: Dragonite\n|-boost|p1a: Dragonite|atk|1\n|-boost|p1a: Dragonite|spe|1\n|\n|upkeep\n|turn|26\n|\n|t:|1771202117\n|move|p2a: The Excalibur|Rock Slide|p1a: Dragonite\n|-supereffective|p1a: Dragonite\n|-damage|p1a: Dragonite|35/100\n|move|p1a: Dragonite|Dragon Dance|p1a: Dragonite\n|-boost|p1a: Dragonite|atk|1\n|-boost|p1a: Dragonite|spe|1\n|\n|upkeep\n|turn|27\n|\n|t:|1771202132\n|-terastallize|p1a: Dragonite|Normal\n|move|p1a: Dragonite|Extreme Speed|p2a: The Excalibur\n|-resisted|p2a: The Excalibur\n|-damage|p2a: The Excalibur|0 fnt\n|faint|p2a: The Excalibur\n|\n|upkeep\n|\n|t:|1771202135\n|switch|p2a: The Valiant|Iron Valiant|100/100\n|-enditem|p2a: The Valiant|Booster Energy\n|-activate|p2a: The Valiant|ability: Quark Drive|[fromitem]\n|-start|p2a: The Valiant|quarkdrivespe\n|turn|28\n|\n|t:|1771202147\n|-terastallize|p2a: The Valiant|Ghost\n|move|p1a: Dragonite|Extreme Speed|p2a: The Valiant\n|-immune|p2a: The Valiant\n|move|p2a: The Valiant|Moonblast|p1a: Dragonite\n|-damage|p1a: Dragonite|0 fnt\n|faint|p1a: Dragonite\n|\n|upkeep\n|-message|Flex Plays Only forfeited.\n|\n|win|Quaqrash\n|raw|Flex Plays Only's rating: 1747 &rarr; <strong>1728</strong><br />(-19 for losing)\n|raw|Quaqrash's rating: 1762 &rarr; <strong>1781</strong><br />(+19 for winning)\n|l|☆Flex Plays Only\n|player|p1|\n|l| Mmijk\n|l|☆Quaqrash\n|player|p2|\n|l| Noir Z\n|j|☆Quaqrash\n|player|p2|Quaqrash|170|\n|l|☆Quaqrash\n|player|p2|\n", "uploadtime": 1771202229, "views": 12, "formatid": "gen9ou", "rating": 1728, "private": 0, "password": null}