{"id": "gen9ou-2647825713", "format": "[Gen 9] OU", "players": ["Pig Perfect", "looklookneed"], "log": "|j|☆Pig Perfect\n|j|☆looklookneed\n|t:|1783819306\n|gametype|singles\n|player|p1|Pig Perfect|workerice|1352\n|player|p2|looklookneed|169|1340\n|gen|9\n|tier|[Gen 9] OU\n|rated|\n|rule|HP Percentage Mod: HP is shown in percentages\n|rule|Endless Battle Clause: Forcing endless battles is banned\n|rule|Species Clause: Limit one of each Pokémon\n|rule|OHKO Clause: OHKO moves are banned\n|rule|Evasion Items Clause: Evasion items are banned\n|rule|Evasion Moves Clause: Evasion moves are banned\n|rule|Evasion Abilities Clause: Evasion abilities are banned\n|rule|Sleep Moves Clause: Sleep-inducing moves are banned\n|clearpoke\n|poke|p1|Deoxys-Speed|\n|poke|p1|Garchomp, M|\n|poke|p1|Gholdengo|\n|poke|p1|Hawlucha, M|\n|poke|p1|Iron Thorns|\n|poke|p1|Rillaboom, M|\n|poke|p2|Torkoal, M|\n|poke|p2|Walking Wake|\n|poke|p2|Lilligant-Hisui, F|\n|poke|p2|Raging Bolt|\n|poke|p2|Ceruledge, M|\n|poke|p2|Scizor, M|\n|teampreview\n|\n|t:|1783819354\n|teamsize|p1|6\n|teamsize|p2|6\n|start\n|switch|p1a: Rillaboom|Rillaboom, M|100/100\n|switch|p2a: Torkoal|Torkoal, M|100/100\n|-fieldstart|move: Grassy Terrain|[from] ability: Grassy Surge|[of] p1a: Rillaboom\n|-weather|SunnyDay|[from] ability: Drought|[of] p2a: Torkoal\n|turn|1\n|\n|t:|1783819364\n|move|p1a: Rillaboom|U-turn|p2a: Torkoal\n|-resisted|p2a: Torkoal\n|-damage|p2a: Torkoal|91/100\n|\n|t:|1783819370\n|switch|p1a: Hawlucha|Hawlucha, M|100/100|[from] U-turn\n|-enditem|p1a: Hawlucha|Grassy Seed\n|-boost|p1a: Hawlucha|def|1|[from] item: Grassy Seed\n|move|p2a: Torkoal|Overheat|p1a: Hawlucha\n|-crit|p1a: Hawlucha\n|-damage|p1a: Hawlucha|0 fnt\n|-unboost|p2a: Torkoal|spa|2\n|faint|p1a: Hawlucha\n|\n|-weather|SunnyDay|[upkeep]\n|-heal|p2a: Torkoal|97/100|[from] Grassy Terrain\n|upkeep\n|\n|t:|1783819376\n|switch|p1a: Deoxys|Deoxys-Speed|100/100\n|-ability|p1a: Deoxys|Pressure\n|-enditem|p1a: Deoxys|Grassy Seed\n|-boost|p1a: Deoxys|def|1|[from] item: Grassy Seed\n|turn|2\n|\n|t:|1783819397\n|switch|p2a: Raging Bolt|Raging Bolt|100/100\n|-activate|p2a: Raging Bolt|ability: Protosynthesis\n|-start|p2a: Raging Bolt|protosynthesisspa\n|move|p1a: Deoxys|Nasty Plot|p1a: Deoxys\n|-boost|p1a: Deoxys|spa|2\n|\n|-weather|SunnyDay|[upkeep]\n|upkeep\n|turn|3\n|\n|t:|1783819413\n|move|p1a: Deoxys|Stored Power|p2a: Raging Bolt\n|-damage|p2a: Raging Bolt|63/100\n|move|p2a: Raging Bolt|Thunderbolt|p1a: Deoxys\n|-damage|p1a: Deoxys|0 fnt\n|faint|p1a: Deoxys\n|\n|-weather|SunnyDay|[upkeep]\n|-heal|p2a: Raging Bolt|69/100|[from] Grassy Terrain\n|upkeep\n|\n|t:|1783819427\n|switch|p1a: Garchomp|Garchomp, M|100/100\n|turn|4\n|\n|t:|1783819434\n|-end|p2a: Raging Bolt|Protosynthesis|[silent]\n|switch|p2a: Lilligant|Lilligant-Hisui, F|100/100\n|move|p1a: Garchomp|Earth Power|p2a: Lilligant\n|-resisted|p2a: Lilligant\n|-damage|p2a: Lilligant|60/100\n|\n|-weather|SunnyDay|[upkeep]\n|-heal|p2a: Lilligant|66/100|[from] Grassy Terrain\n|upkeep\n|turn|5\n|\n|t:|1783819444\n|switch|p1a: Gholdengo|Gholdengo|100/100\n|move|p2a: Lilligant|Triple Axel|p1a: Gholdengo\n|-resisted|p1a: Gholdengo\n|-damage|p1a: Gholdengo|97/100\n|-resisted|p1a: Gholdengo\n|-damage|p1a: Gholdengo|91/100\n|-resisted|p1a: Gholdengo\n|-damage|p1a: Gholdengo|81/100\n|-hitcount|p1a: Gholdengo|3\n|-damage|p2a: Lilligant|56/100|[from] item: Life Orb\n|\n|-weather|SunnyDay|[upkeep]\n|-heal|p2a: Lilligant|62/100|[from] Grassy Terrain\n|-heal|p1a: Gholdengo|88/100|[from] Grassy Terrain\n|-fieldend|move: Grassy Terrain\n|upkeep\n|turn|6\n|\n|t:|1783819471\n|switch|p2a: Walking Wake|Walking Wake|100/100\n|-activate|p2a: Walking Wake|ability: Protosynthesis\n|-start|p2a: Walking Wake|protosynthesisspe\n|move|p1a: Gholdengo|Shadow Ball|p2a: Walking Wake\n|-damage|p2a: Walking Wake|60/100\n|-unboost|p2a: Walking Wake|spd|1\n|\n|-weather|SunnyDay|[upkeep]\n|upkeep\n|turn|7\n|\n|t:|1783819483\n|move|p2a: Walking Wake|Hydro Steam|p1a: Gholdengo\n|-damage|p1a: Gholdengo|8/100\n|move|p1a: Gholdengo|Dazzling Gleam|p2a: Walking Wake\n|-supereffective|p2a: Walking Wake\n|-damage|p2a: Walking Wake|0 fnt\n|faint|p2a: Walking Wake\n|-end|p2a: Walking Wake|Protosynthesis|[silent]\n|\n|-weather|SunnyDay|[upkeep]\n|upkeep\n|\n|t:|1783819495\n|switch|p2a: Scizor|Scizor, M|100/100\n|turn|8\n|\n|t:|1783819500\n|switch|p1a: Garchomp|Garchomp, M|100/100\n|move|p2a: Scizor|Bullet Punch|p1a: Garchomp\n|-damage|p1a: Garchomp|52/100\n|-damage|p2a: Scizor|88/100|[from] ability: Rough Skin|[of] p1a: Garchomp\n|-damage|p2a: Scizor|78/100|[from] item: Life Orb\n|\n|-weather|none\n|upkeep\n|turn|9\n|\n|t:|1783819511\n|move|p1a: Garchomp|Fire Blast|p2a: Scizor\n|-supereffective|p2a: Scizor\n|-crit|p2a: Scizor\n|-damage|p2a: Scizor|0 fnt\n|faint|p2a: Scizor\n|\n|upkeep\n|\n|t:|1783819520\n|switch|p2a: Torkoal|Torkoal, M|97/100\n|-weather|SunnyDay|[from] ability: Drought|[of] p2a: Torkoal\n|turn|10\n|\n|t:|1783819527\n|switch|p1a: Iron Thorns|Iron Thorns|100/100\n|-enditem|p1a: Iron Thorns|Booster Energy\n|-activate|p1a: Iron Thorns|ability: Quark Drive|[fromitem]\n|-start|p1a: Iron Thorns|quarkdrivespe\n|move|p2a: Torkoal|Overheat|p1a: Iron Thorns\n|-resisted|p1a: Iron Thorns\n|-damage|p1a: Iron Thorns|58/100\n|-unboost|p2a: Torkoal|spa|2\n|\n|-weather|SunnyDay|[upkeep]\n|upkeep\n|turn|11\n|\n|t:|1783819548\n|switch|p2a: Ceruledge|Ceruledge, M|100/100\n|move|p1a: Iron Thorns|Ice Beam|p2a: Ceruledge\n|-resisted|p2a: Ceruledge\n|-damage|p2a: Ceruledge|89/100\n|\n|-weather|SunnyDay|[upkeep]\n|upkeep\n|turn|12\n|\n|t:|1783819560\n|move|p1a: Iron Thorns|Stealth Rock|p2a: Ceruledge\n|-sidestart|p2: looklookneed|move: Stealth Rock\n|move|p2a: Ceruledge|Poltergeist||[still]\n|-fail|p2a: Ceruledge\n|\n|-weather|SunnyDay|[upkeep]\n|upkeep\n|turn|13\n|\n|t:|1783819571\n|move|p1a: Iron Thorns|Rock Blast|p2a: Ceruledge|[miss]\n|-miss|p1a: Iron Thorns|p2a: Ceruledge\n|move|p2a: Ceruledge|Close Combat|p1a: Iron Thorns\n|-supereffective|p1a: Iron Thorns\n|-damage|p1a: Iron Thorns|0 fnt\n|-unboost|p2a: Ceruledge|def|1\n|-unboost|p2a: Ceruledge|spd|1\n|faint|p1a: Iron Thorns\n|-end|p1a: Iron Thorns|Quark Drive|[silent]\n|-damage|p2a: Ceruledge|79/100|[from] item: Life Orb\n|\n|-weather|SunnyDay|[upkeep]\n|upkeep\n|\n|t:|1783819579\n|switch|p1a: Garchomp|Garchomp, M|52/100\n|turn|14\n|\n|t:|1783819588\n|move|p1a: Garchomp|Earth Power|p2a: Ceruledge\n|-supereffective|p2a: Ceruledge\n|-damage|p2a: Ceruledge|0 fnt\n|faint|p2a: Ceruledge\n|\n|-weather|SunnyDay|[upkeep]\n|upkeep\n|\n|t:|1783819598\n|switch|p2a: Lilligant|Lilligant-Hisui, F|62/100\n|-damage|p2a: Lilligant|56/100|[from] Stealth Rock\n|turn|15\n|\n|t:|1783819605\n|switch|p2a: Raging Bolt|Raging Bolt|69/100\n|-damage|p2a: Raging Bolt|57/100|[from] Stealth Rock\n|-activate|p2a: Raging Bolt|ability: Protosynthesis\n|-start|p2a: Raging Bolt|protosynthesisspa\n|switch|p1a: Gholdengo|Gholdengo|8/100\n|\n|-weather|SunnyDay|[upkeep]\n|upkeep\n|turn|16\n|\n|t:|1783819617\n|move|p1a: Gholdengo|Dazzling Gleam|p2a: Raging Bolt\n|-supereffective|p2a: Raging Bolt\n|-damage|p2a: Raging Bolt|32/100\n|move|p2a: Raging Bolt|Weather Ball|p1a: Gholdengo\n|-supereffective|p1a: Gholdengo\n|-damage|p1a: Gholdengo|0 fnt\n|faint|p1a: Gholdengo\n|\n|-weather|SunnyDay|[upkeep]\n|upkeep\n|\n|t:|1783819632\n|switch|p1a: Garchomp|Garchomp, M|52/100\n|turn|17\n|\n|t:|1783819643\n|move|p1a: Garchomp|Draco Meteor|p2a: Raging Bolt\n|-supereffective|p2a: Raging Bolt\n|-damage|p2a: Raging Bolt|0 fnt\n|-unboost|p1a: Garchomp|spa|2\n|faint|p2a: Raging Bolt\n|-end|p2a: Raging Bolt|Protosynthesis|[silent]\n|\n|-weather|none\n|upkeep\n|\n|t:|1783819651\n|switch|p2a: Torkoal|Torkoal, M|97/100\n|-damage|p2a: Torkoal|72/100|[from] Stealth Rock\n|-weather|SunnyDay|[from] ability: Drought|[of] p2a: Torkoal\n|turn|18\n|\n|t:|1783819657\n|move|p1a: Garchomp|Draco Meteor|p2a: Torkoal\n|-damage|p2a: Torkoal|4/100\n|-unboost|p1a: Garchomp|spa|2\n|move|p2a: Torkoal|Overheat|p1a: Garchomp\n|-resisted|p1a: Garchomp\n|-damage|p1a: Garchomp|14/100\n|-unboost|p2a: Torkoal|spa|2\n|\n|-weather|SunnyDay|[upkeep]\n|upkeep\n|turn|19\n|\n|t:|1783819668\n|move|p1a: Garchomp|Draco Meteor|p2a: Torkoal\n|-damage|p2a: Torkoal|0 fnt\n|-unboost|p1a: Garchomp|spa|2\n|faint|p2a: Torkoal\n|\n|-weather|SunnyDay|[upkeep]\n|upkeep\n|\n|t:|1783819676\n|switch|p2a: Lilligant|Lilligant-Hisui, F|56/100\n|-damage|p2a: Lilligant|50/100|[from] Stealth Rock\n|turn|20\n|\n|t:|1783819680\n|move|p2a: Lilligant|Triple Axel|p1a: Garchomp\n|-supereffective|p1a: Garchomp\n|-damage|p1a: Garchomp|0 fnt\n|-damage|p2a: Lilligant|37/100|[from] ability: Rough Skin|[of] p1a: Garchomp\n|faint|p1a: Garchomp\n|-hitcount|p1: Garchomp|1\n|-damage|p2a: Lilligant|27/100|[from] item: Life Orb\n|\n|-weather|SunnyDay|[upkeep]\n|upkeep\n|\n|t:|1783819687\n|switch|p1a: Rillaboom|Rillaboom, M|100/100\n|-fieldstart|move: Grassy Terrain|[from] ability: Grassy Surge|[of] p1a: Rillaboom\n|turn|21\n|\n|t:|1783819693\n|-terastallize|p1a: Rillaboom|Grass\n|move|p1a: Rillaboom|Grassy Glide|p2a: Lilligant\n|-resisted|p2a: Lilligant\n|-damage|p2a: Lilligant|0 fnt\n|faint|p2a: Lilligant\n|\n|win|Pig Perfect\n|raw|Pig Perfect's rating: 1352 &rarr; <strong>1371</strong><br />(+19 for winning)\n|raw|looklookneed's rating: 1340 &rarr; <strong>1321</strong><br />(-19 for losing)\n|c|☆Pig Perfect|Gg\n|l|☆Pig Perfect\n|player|p1|\n", "uploadtime": 1783820031, "views": 3, "formatid": "gen9ou", "rating": 1321, "private": 0, "password": null}