{"id": "gen9ou-2540885189", "format": "[Gen 9] OU", "players": ["Titanosaurus", "Alerjake"], "log": "|j|☆Titanosaurus\n|j|☆Alerjake\n|t:|1771263863\n|gametype|singles\n|player|p1|Titanosaurus|byron|1570\n|player|p2|Alerjake|169|1530\n|gen|9\n|tier|[Gen 9] OU\n|rated|\n|rule|HP Percentage Mod: HP is shown in percentages\n|rule|Endless Battle Clause: Forcing endless battles is banned\n|rule|Species Clause: Limit one of each Pokémon\n|rule|OHKO Clause: OHKO moves are banned\n|rule|Evasion Items Clause: Evasion items are banned\n|rule|Evasion Moves Clause: Evasion moves are banned\n|rule|Evasion Abilities Clause: Evasion abilities are banned\n|rule|Sleep Moves Clause: Sleep-inducing moves are banned\n|clearpoke\n|poke|p1|Torkoal, F|\n|poke|p1|Lilligant, F|\n|poke|p1|Cinderace, F|\n|poke|p1|Sandy Shocks|\n|poke|p1|Skeledirge, M|\n|poke|p1|Brute Bonnet|\n|poke|p2|Ribombee, F|\n|poke|p2|Slither Wing|\n|poke|p2|Gholdengo|\n|poke|p2|Ceruledge, M|\n|poke|p2|Primarina, F|\n|poke|p2|Ting-Lu|\n|teampreview\n|inactive|Battle timer is ON: inactive players will automatically lose when time's up. (requested by Alerjake)\n|\n|t:|1771263869\n|teamsize|p1|6\n|teamsize|p2|6\n|start\n|switch|p1a: Sandy Shocks|Sandy Shocks|100/100\n|switch|p2a: Ribombee|Ribombee, F|100/100\n|turn|1\n|\n|t:|1771263875\n|move|p1a: Sandy Shocks|Volt Switch|p2a: Ribombee\n|-damage|p2a: Ribombee|36/100\n|\n|t:|1771263880\n|-end|p1a: Sandy Shocks|Protosynthesis|[silent]\n|switch|p1a: Torkoal|Torkoal, F|100/100|[from] Volt Switch\n|-weather|SunnyDay|[from] ability: Drought|[of] p1a: Torkoal\n|move|p2a: Ribombee|Sticky Web|p1a: Torkoal\n|-sidestart|p1: Titanosaurus|move: Sticky Web\n|\n|-weather|SunnyDay|[upkeep]\n|upkeep\n|turn|2\n|\n|t:|1771263892\n|move|p2a: Ribombee|Stun Spore|p1a: Torkoal\n|-status|p1a: Torkoal|par\n|cant|p1a: Torkoal|par\n|\n|-weather|SunnyDay|[upkeep]\n|upkeep\n|turn|3\n|\n|t:|1771263898\n|switch|p2a: Ceruledge|Ceruledge, M|100/100\n|move|p1a: Torkoal|Lava Plume|p2a: Ceruledge\n|-start|p2a: Ceruledge|ability: Flash Fire\n|\n|-weather|SunnyDay|[upkeep]\n|upkeep\n|turn|4\n|\n|t:|1771263910\n|switch|p1a: Skeledirge|Skeledirge, M|100/100\n|-activate|p1a: Skeledirge|move: Sticky Web\n|-unboost|p1a: Skeledirge|spe|1\n|move|p2a: Ceruledge|Bulk Up|p2a: Ceruledge\n|-boost|p2a: Ceruledge|atk|1\n|-boost|p2a: Ceruledge|def|1\n|\n|-weather|SunnyDay|[upkeep]\n|upkeep\n|turn|5\n|\n|t:|1771263919\n|-terastallize|p2a: Ceruledge|Bug\n|-terastallize|p1a: Skeledirge|Water\n|move|p2a: Ceruledge|Taunt|p1a: Skeledirge\n|-start|p1a: Skeledirge|move: Taunt\n|move|p1a: Skeledirge|Hex|p2a: Ceruledge\n|-damage|p2a: Ceruledge|82/100\n|\n|-weather|SunnyDay|[upkeep]\n|upkeep\n|turn|6\n|\n|t:|1771263926\n|move|p2a: Ceruledge|Bulk Up|p2a: Ceruledge\n|-boost|p2a: Ceruledge|atk|1\n|-boost|p2a: Ceruledge|def|1\n|move|p1a: Skeledirge|Hex|p2a: Ceruledge\n|-damage|p2a: Ceruledge|65/100\n|\n|-weather|SunnyDay|[upkeep]\n|upkeep\n|turn|7\n|\n|t:|1771263929\n|move|p2a: Ceruledge|Bitter Blade|p1a: Skeledirge\n|-resisted|p1a: Skeledirge\n|-damage|p1a: Skeledirge|75/100\n|-heal|p2a: Ceruledge|80/100|[from] drain|[of] p1a: Skeledirge\n|move|p1a: Skeledirge|Hex|p2a: Ceruledge\n|-damage|p2a: Ceruledge|63/100\n|\n|-weather|SunnyDay|[upkeep]\n|-heal|p1a: Skeledirge|81/100|[from] item: Leftovers\n|-end|p1a: Skeledirge|move: Taunt\n|upkeep\n|turn|8\n|\n|t:|1771263933\n|move|p2a: Ceruledge|Bitter Blade|p1a: Skeledirge\n|-resisted|p1a: Skeledirge\n|-damage|p1a: Skeledirge|57/100\n|-heal|p2a: Ceruledge|77/100|[from] drain|[of] p1a: Skeledirge\n|move|p1a: Skeledirge|Hex|p2a: Ceruledge\n|-damage|p2a: Ceruledge|59/100\n|\n|-weather|none\n|-heal|p1a: Skeledirge|63/100|[from] item: Leftovers\n|upkeep\n|turn|9\n|\n|t:|1771263937\n|move|p2a: Ceruledge|Taunt|p1a: Skeledirge\n|-start|p1a: Skeledirge|move: Taunt\n|move|p1a: Skeledirge|Hex|p2a: Ceruledge\n|-damage|p2a: Ceruledge|41/100\n|\n|-heal|p1a: Skeledirge|69/100|[from] item: Leftovers\n|upkeep\n|turn|10\n|\n|t:|1771263940\n|move|p2a: Ceruledge|Bitter Blade|p1a: Skeledirge\n|-resisted|p1a: Skeledirge\n|-damage|p1a: Skeledirge|53/100\n|-heal|p2a: Ceruledge|51/100|[from] drain|[of] p1a: Skeledirge\n|move|p1a: Skeledirge|Hex|p2a: Ceruledge\n|-damage|p2a: Ceruledge|33/100\n|\n|-heal|p1a: Skeledirge|59/100|[from] item: Leftovers\n|upkeep\n|turn|11\n|\n|t:|1771263944\n|move|p2a: Ceruledge|Bitter Blade|p1a: Skeledirge\n|-resisted|p1a: Skeledirge\n|-damage|p1a: Skeledirge|43/100\n|-heal|p2a: Ceruledge|43/100|[from] drain|[of] p1a: Skeledirge\n|move|p1a: Skeledirge|Hex|p2a: Ceruledge\n|-damage|p2a: Ceruledge|25/100\n|\n|-heal|p1a: Skeledirge|49/100|[from] item: Leftovers\n|-end|p1a: Skeledirge|move: Taunt\n|upkeep\n|turn|12\n|\n|t:|1771263947\n|move|p2a: Ceruledge|Taunt|p1a: Skeledirge\n|-start|p1a: Skeledirge|move: Taunt\n|move|p1a: Skeledirge|Hex|p2a: Ceruledge\n|-damage|p2a: Ceruledge|8/100\n|\n|-heal|p1a: Skeledirge|55/100|[from] item: Leftovers\n|upkeep\n|turn|13\n|\n|t:|1771263950\n|move|p2a: Ceruledge|Bitter Blade|p1a: Skeledirge\n|-resisted|p1a: Skeledirge\n|-damage|p1a: Skeledirge|37/100\n|-heal|p2a: Ceruledge|18/100|[from] drain|[of] p1a: Skeledirge\n|move|p1a: Skeledirge|Hex|p2a: Ceruledge\n|-damage|p2a: Ceruledge|0 fnt\n|faint|p2a: Ceruledge\n|\n|-heal|p1a: Skeledirge|43/100|[from] item: Leftovers\n|upkeep\n|\n|t:|1771263955\n|switch|p2a: Primarina|Primarina, F|100/100\n|turn|14\n|\n|t:|1771263962\n|switch|p1a: Brute Bonnet|Brute Bonnet|100/100\n|-activate|p1a: Brute Bonnet|move: Sticky Web\n|-unboost|p1a: Brute Bonnet|spe|1\n|move|p2a: Primarina|Moonblast|p1a: Brute Bonnet\n|-supereffective|p1a: Brute Bonnet\n|-damage|p1a: Brute Bonnet|28/100\n|\n|upkeep\n|turn|15\n|\n|t:|1771263970\n|move|p2a: Primarina|Moonblast|p1a: Brute Bonnet\n|-supereffective|p1a: Brute Bonnet\n|-damage|p1a: Brute Bonnet|0 fnt\n|faint|p1a: Brute Bonnet\n|-end|p1a: Brute Bonnet|Protosynthesis|[silent]\n|\n|upkeep\n|\n|t:|1771263973\n|switch|p1a: Cinderace|Cinderace, F|100/100\n|turn|16\n|\n|t:|1771263976\n|move|p1a: Cinderace|Court Change|p1a: Cinderace\n|-start|p1a: Cinderace|typechange|Normal|[from] ability: Libero\n|-swapsideconditions\n|-activate|p1a: Cinderace|move: Court Change\n|move|p2a: Primarina|Moonblast|p1a: Cinderace\n|-damage|p1a: Cinderace|1/100\n|\n|upkeep\n|turn|17\n|\n|t:|1771263982\n|move|p1a: Cinderace|Gunk Shot|p2a: Primarina\n|-supereffective|p2a: Primarina\n|-damage|p2a: Primarina|7/100\n|move|p2a: Primarina|Moonblast|p1a: Cinderace\n|-damage|p1a: Cinderace|0 fnt\n|faint|p1a: Cinderace\n|\n|upkeep\n|\n|t:|1771263996\n|switch|p1a: Lilligant|Lilligant, F|100/100\n|turn|18\n|\n|t:|1771264008\n|move|p1a: Lilligant|Giga Drain|p2a: Primarina\n|-supereffective|p2a: Primarina\n|-damage|p2a: Primarina|0 fnt\n|faint|p2a: Primarina\n|-damage|p1a: Lilligant|91/100|[from] item: Life Orb\n|\n|upkeep\n|\n|t:|1771264011\n|switch|p2a: Ribombee|Ribombee, F|36/100\n|-activate|p2a: Ribombee|move: Sticky Web\n|-unboost|p2a: Ribombee|spe|1\n|turn|19\n|\n|t:|1771264018\n|move|p1a: Lilligant|Alluring Voice|p2a: Ribombee\n|-damage|p2a: Ribombee|0 fnt\n|faint|p2a: Ribombee\n|-damage|p1a: Lilligant|81/100|[from] item: Life Orb\n|\n|upkeep\n|\n|t:|1771264024\n|switch|p2a: Gholdengo|Gholdengo|100/100\n|-item|p2a: Gholdengo|Air Balloon\n|turn|20\n|\n|t:|1771264029\n|switch|p1a: Torkoal|Torkoal, F|100/100 par\n|-weather|SunnyDay|[from] ability: Drought|[of] p1a: Torkoal\n|move|p2a: Gholdengo|Nasty Plot|p2a: Gholdengo\n|-boost|p2a: Gholdengo|spa|2\n|\n|-weather|SunnyDay|[upkeep]\n|upkeep\n|turn|21\n|\n|t:|1771264034\n|move|p2a: Gholdengo|Shadow Ball|p1a: Torkoal\n|-damage|p1a: Torkoal|8/100 par\n|-unboost|p1a: Torkoal|spd|1\n|move|p1a: Torkoal|Lava Plume|p2a: Gholdengo\n|-supereffective|p2a: Gholdengo\n|-damage|p2a: Gholdengo|34/100\n|-status|p2a: Gholdengo|brn\n|-enditem|p2a: Gholdengo|Air Balloon\n|\n|-weather|SunnyDay|[upkeep]\n|-damage|p2a: Gholdengo|28/100 brn|[from] brn\n|upkeep\n|turn|22\n|\n|t:|1771264037\n|move|p2a: Gholdengo|Shadow Ball|p1a: Torkoal\n|-damage|p1a: Torkoal|0 fnt\n|faint|p1a: Torkoal\n|\n|-weather|SunnyDay|[upkeep]\n|-damage|p2a: Gholdengo|22/100 brn|[from] brn\n|upkeep\n|\n|t:|1771264041\n|switch|p1a: Lilligant|Lilligant, F|81/100\n|turn|23\n|\n|t:|1771264043\n|move|p1a: Lilligant|Weather Ball|p2a: Gholdengo\n|-supereffective|p2a: Gholdengo\n|-damage|p2a: Gholdengo|0 fnt\n|faint|p2a: Gholdengo\n|-damage|p1a: Lilligant|71/100|[from] item: Life Orb\n|\n|-weather|SunnyDay|[upkeep]\n|upkeep\n|\n|t:|1771264046\n|switch|p2a: Ting-Lu|Ting-Lu|100/100\n|-activate|p2a: Ting-Lu|move: Sticky Web\n|-unboost|p2a: Ting-Lu|spe|1\n|-ability|p2a: Ting-Lu|Vessel of Ruin\n|turn|24\n|\n|t:|1771264049\n|move|p1a: Lilligant|Giga Drain|p2a: Ting-Lu\n|-supereffective|p2a: Ting-Lu\n|-damage|p2a: Ting-Lu|31/100\n|-heal|p1a: Lilligant|100/100|[from] drain|[of] p2a: Ting-Lu\n|-enditem|p2a: Ting-Lu|Weakness Policy\n|-boost|p2a: Ting-Lu|atk|2|[from] item: Weakness Policy\n|-boost|p2a: Ting-Lu|spa|2|[from] item: Weakness Policy\n|-damage|p1a: Lilligant|91/100|[from] item: Life Orb\n|move|p2a: Ting-Lu|Payback|p1a: Lilligant\n|-damage|p1a: Lilligant|0 fnt\n|faint|p1a: Lilligant\n|\n|-weather|SunnyDay|[upkeep]\n|upkeep\n|\n|t:|1771264058\n|switch|p1a: Sandy Shocks|Sandy Shocks|100/100\n|-activate|p1a: Sandy Shocks|ability: Protosynthesis\n|-start|p1a: Sandy Shocks|protosynthesisspa\n|turn|25\n|inactive|Alerjake has 120 seconds left.\n|\n|t:|1771264093\n|move|p1a: Sandy Shocks|Earth Power|p2a: Ting-Lu\n|-damage|p2a: Ting-Lu|0 fnt\n|faint|p2a: Ting-Lu\n|\n|-weather|SunnyDay|[upkeep]\n|upkeep\n|\n|t:|1771264096\n|switch|p2a: Slither Wing|Slither Wing|100/100\n|-activate|p2a: Slither Wing|move: Sticky Web\n|-unboost|p2a: Slither Wing|spe|1\n|-activate|p2a: Slither Wing|ability: Protosynthesis\n|-start|p2a: Slither Wing|protosynthesisatk\n|turn|26\n|\n|t:|1771264100\n|move|p1a: Sandy Shocks|Earth Power|p2a: Slither Wing\n|-resisted|p2a: Slither Wing\n|-damage|p2a: Slither Wing|73/100\n|move|p2a: Slither Wing|Bulk Up|p2a: Slither Wing\n|-boost|p2a: Slither Wing|atk|1\n|-boost|p2a: Slither Wing|def|1\n|\n|-weather|SunnyDay|[upkeep]\n|upkeep\n|turn|27\n|\n|t:|1771264105\n|move|p1a: Sandy Shocks|Earth Power|p2a: Slither Wing\n|-resisted|p2a: Slither Wing\n|-damage|p2a: Slither Wing|45/100\n|-unboost|p2a: Slither Wing|spd|1\n|move|p2a: Slither Wing|Earthquake|p1a: Sandy Shocks\n|-supereffective|p1a: Sandy Shocks\n|-damage|p1a: Sandy Shocks|0 fnt\n|faint|p1a: Sandy Shocks\n|-end|p1a: Sandy Shocks|Protosynthesis|[silent]\n|\n|-weather|none\n|-end|p2a: Slither Wing|Protosynthesis\n|upkeep\n|-enditem|p2a: Slither Wing|Booster Energy\n|-activate|p2a: Slither Wing|ability: Protosynthesis|[fromitem]\n|-start|p2a: Slither Wing|protosynthesisatk\n|\n|t:|1771264109\n|switch|p1a: Skeledirge|Skeledirge, M, tera:Water|43/100\n|turn|28\n|\n|t:|1771264111\n|move|p2a: Slither Wing|Close Combat|p1a: Skeledirge\n|-damage|p1a: Skeledirge|0 fnt\n|-unboost|p2a: Slither Wing|def|1\n|-unboost|p2a: Slither Wing|spd|1\n|faint|p1a: Skeledirge\n|\n|win|Alerjake\n|raw|Titanosaurus's rating: 1570 &rarr; <strong>1548</strong><br />(-22 for losing)\n|raw|Alerjake's rating: 1530 &rarr; <strong>1552</strong><br />(+22 for winning)\n|l|☆Alerjake\n|player|p2|\n|l|☆Titanosaurus\n|player|p1|\n", "uploadtime": 1771264379, "views": 5, "formatid": "gen9ou", "rating": 1548, "private": 0, "password": null}