{"id": "gen9ou-2639274189", "format": "[Gen 9] OU", "players": ["DonovanIsNotHere", "PauloPVRM"], "log": "|j|☆DonovanIsNotHere\n|j|☆PauloPVRM\n|t:|1782444088\n|gametype|singles\n|player|p1|DonovanIsNotHere|2|1445\n|player|p2|PauloPVRM|wattson|1477\n|gen|9\n|tier|[Gen 9] OU\n|rated|\n|rule|HP Percentage Mod: HP is shown in percentages\n|rule|Endless Battle Clause: Forcing endless battles is banned\n|rule|Species Clause: Limit one of each Pokémon\n|rule|OHKO Clause: OHKO moves are banned\n|rule|Evasion Items Clause: Evasion items are banned\n|rule|Evasion Moves Clause: Evasion moves are banned\n|rule|Evasion Abilities Clause: Evasion abilities are banned\n|rule|Sleep Moves Clause: Sleep-inducing moves are banned\n|clearpoke\n|poke|p1|Dragonite, M|\n|poke|p1|Weezing-Galar, F|\n|poke|p1|Gholdengo|\n|poke|p1|Clodsire, F|\n|poke|p1|Zapdos|\n|poke|p1|Rillaboom, F|\n|poke|p2|Moltres|\n|poke|p2|Great Tusk|\n|poke|p2|Ogerpon-Wellspring, F|\n|poke|p2|Slowking-Galar, F|\n|poke|p2|Kyurem|\n|poke|p2|Ting-Lu|\n|teampreview\n|\n|t:|1782444100\n|teamsize|p1|6\n|teamsize|p2|6\n|start\n|switch|p1a: Rillaboom|Rillaboom, F|100/100\n|switch|p2a: Ogerpon|Ogerpon-Wellspring, F|100/100\n|-fieldstart|move: Grassy Terrain|[from] ability: Grassy Surge|[of] p1a: Rillaboom\n|turn|1\n|\n|t:|1782444105\n|switch|p2a: Moltres|Moltres|100/100\n|switch|p1a: Zapdos|Zapdos|100/100\n|\n|upkeep\n|turn|2\n|\n|t:|1782444109\n|switch|p2a: Ting-Lu|Ting-Lu|100/100\n|-ability|p2a: Ting-Lu|Vessel of Ruin\n|move|p1a: Zapdos|U-turn|p2a: Ting-Lu\n|-supereffective|p2a: Ting-Lu\n|-damage|p2a: Ting-Lu|86/100\n|\n|t:|1782444111\n|switch|p1a: Rillaboom|Rillaboom, F|100/100|[from] U-turn\n|\n|-heal|p2a: Ting-Lu|92/100|[from] Grassy Terrain\n|-heal|p2a: Ting-Lu|99/100|[from] item: Leftovers\n|upkeep\n|turn|3\n|\n|t:|1782444122\n|switch|p2a: Moltres|Moltres|100/100\n|move|p1a: Rillaboom|Wood Hammer|p2a: Moltres\n|-resisted|p2a: Moltres\n|-damage|p2a: Moltres|87/100\n|-damage|p1a: Rillaboom|96/100|[from] Recoil\n|\n|-heal|p1a: Rillaboom|100/100|[from] Grassy Terrain\n|upkeep\n|turn|4\n|\n|t:|1782444127\n|switch|p1a: Clodsire|Clodsire, F|100/100\n|move|p2a: Moltres|U-turn|p1a: Clodsire\n|-resisted|p1a: Clodsire\n|-damage|p1a: Clodsire|92/100\n|inactive|Battle timer is ON: inactive players will automatically lose when time's up. (requested by DonovanIsNotHere)\n|\n|t:|1782444133\n|switch|p2a: Ogerpon|Ogerpon-Wellspring, F|100/100|[from] U-turn\n|\n|-heal|p1a: Clodsire|99/100|[from] Grassy Terrain\n|-heal|p1a: Clodsire|100/100|[from] item: Leftovers\n|upkeep\n|turn|5\n|\n|t:|1782444137\n|move|p2a: Ogerpon|Ivy Cudgel|p1a: Clodsire|[anim] Ivy Cudgel Water\n|-immune|p1a: Clodsire|[from] ability: Water Absorb\n|move|p1a: Clodsire|Toxic|p2a: Ogerpon\n|-status|p2a: Ogerpon|tox\n|\n|-damage|p2a: Ogerpon|95/100 tox|[from] psn\n|-fieldend|move: Grassy Terrain\n|upkeep\n|turn|6\n|\n|t:|1782444145\n|move|p2a: Ogerpon|Knock Off|p1a: Clodsire\n|-damage|p1a: Clodsire|58/100\n|-enditem|p1a: Clodsire|Leftovers|[from] move: Knock Off|[of] p2a: Ogerpon\n|move|p1a: Clodsire|Stealth Rock|p2a: Ogerpon\n|-sidestart|p2: PauloPVRM|move: Stealth Rock\n|\n|-damage|p2a: Ogerpon|83/100 tox|[from] psn\n|upkeep\n|turn|7\n|\n|t:|1782444152\n|move|p2a: Ogerpon|Power Whip|p1a: Clodsire\n|-damage|p1a: Clodsire|0 fnt\n|faint|p1a: Clodsire\n|\n|-damage|p2a: Ogerpon|65/100 tox|[from] psn\n|upkeep\n|\n|t:|1782444155\n|switch|p1a: Rillaboom|Rillaboom, F|100/100\n|-fieldstart|move: Grassy Terrain|[from] ability: Grassy Surge|[of] p1a: Rillaboom\n|turn|8\n|\n|t:|1782444158\n|switch|p2a: Moltres|Moltres|87/100\n|move|p1a: Rillaboom|Knock Off|p2a: Moltres\n|-damage|p2a: Moltres|65/100\n|-status|p1a: Rillaboom|brn|[from] ability: Flame Body|[of] p2a: Moltres\n|-enditem|p2a: Moltres|Heavy-Duty Boots|[from] move: Knock Off|[of] p1a: Rillaboom\n|\n|-damage|p1a: Rillaboom|94/100 brn|[from] brn\n|upkeep\n|turn|9\n|\n|t:|1782444167\n|move|p1a: Rillaboom|U-turn|p2a: Moltres\n|-resisted|p2a: Moltres\n|-crit|p2a: Moltres\n|-damage|p2a: Moltres|62/100\n|\n|t:|1782444178\n|switch|p1a: Zapdos|Zapdos|100/100|[from] U-turn\n|move|p2a: Moltres|U-turn|p1a: Zapdos\n|-resisted|p1a: Zapdos\n|-damage|p1a: Zapdos|91/100\n|\n|t:|1782444181\n|switch|p2a: Great Tusk|Great Tusk|100/100|[from] U-turn\n|\n|upkeep\n|turn|10\n|\n|t:|1782444184\n|move|p1a: Zapdos|Hurricane|p2a: Great Tusk\n|-supereffective|p2a: Great Tusk\n|-damage|p2a: Great Tusk|0 fnt\n|faint|p2a: Great Tusk\n|-end|p2a: Great Tusk|Protosynthesis|[silent]\n|\n|upkeep\n|\n|t:|1782444191\n|switch|p2a: Slowking|Slowking-Galar, F|100/100\n|turn|11\n|\n|t:|1782444195\n|move|p1a: Zapdos|U-turn|p2a: Slowking\n|-damage|p2a: Slowking|86/100\n|\n|t:|1782444196\n|switch|p1a: Gholdengo|Gholdengo|100/100|[from] U-turn\n|-prepare|p2a: Slowking|Chilly Reception|[premajor]\n|move|p2a: Slowking|Chilly Reception|p2a: Slowking\n|-weather|Snowscape\n|\n|t:|1782444210\n|switch|p2a: Ting-Lu|Ting-Lu|99/100|[from] Chilly Reception\n|-damage|p2a: Ting-Lu|92/100|[from] Stealth Rock\n|-ability|p2a: Ting-Lu|Vessel of Ruin\n|\n|-weather|Snowscape|[upkeep]\n|-heal|p2a: Ting-Lu|99/100|[from] Grassy Terrain\n|-heal|p2a: Ting-Lu|100/100|[from] item: Leftovers\n|upkeep\n|turn|12\n|\n|t:|1782444219\n|move|p1a: Gholdengo|Trick|p2a: Ting-Lu\n|-activate|p1a: Gholdengo|move: Trick|[of] p2a: Ting-Lu\n|-item|p2a: Ting-Lu|Choice Scarf|[from] move: Trick\n|-item|p1a: Gholdengo|Leftovers|[from] move: Trick\n|move|p2a: Ting-Lu|Spikes|p1a: Gholdengo\n|-sidestart|p1: DonovanIsNotHere|Spikes\n|\n|-weather|Snowscape|[upkeep]\n|-fieldend|move: Grassy Terrain\n|upkeep\n|turn|13\n|\n|t:|1782444225\n|move|p1a: Gholdengo|Dazzling Gleam|p2a: Ting-Lu\n|-supereffective|p2a: Ting-Lu\n|-damage|p2a: Ting-Lu|77/100\n|move|p2a: Ting-Lu|Spikes|p1a: Gholdengo\n|-sidestart|p1: DonovanIsNotHere|Spikes\n|\n|-weather|Snowscape|[upkeep]\n|upkeep\n|turn|14\n|\n|t:|1782444229\n|move|p1a: Gholdengo|Dazzling Gleam|p2a: Ting-Lu\n|-supereffective|p2a: Ting-Lu\n|-damage|p2a: Ting-Lu|54/100\n|move|p2a: Ting-Lu|Spikes|p1a: Gholdengo\n|-sidestart|p1: DonovanIsNotHere|Spikes\n|\n|-weather|Snowscape|[upkeep]\n|upkeep\n|turn|15\n|\n|t:|1782444238\n|switch|p2a: Slowking|Slowking-Galar, F|100/100\n|move|p1a: Gholdengo|Shadow Ball|p2a: Slowking\n|-supereffective|p2a: Slowking\n|-damage|p2a: Slowking|53/100\n|\n|-weather|none\n|upkeep\n|turn|16\n|\n|t:|1782444245\n|switch|p2a: Ting-Lu|Ting-Lu|54/100\n|-damage|p2a: Ting-Lu|48/100|[from] Stealth Rock\n|-ability|p2a: Ting-Lu|Vessel of Ruin\n|move|p1a: Gholdengo|Shadow Ball|p2a: Ting-Lu\n|-resisted|p2a: Ting-Lu\n|-damage|p2a: Ting-Lu|39/100\n|-unboost|p2a: Ting-Lu|spd|1\n|\n|upkeep\n|turn|17\n|\n|t:|1782444248\n|switch|p1a: Zapdos|Zapdos|91/100\n|move|p2a: Ting-Lu|Earthquake|p1a: Zapdos\n|-immune|p1a: Zapdos\n|\n|upkeep\n|turn|18\n|\n|t:|1782444254\n|switch|p2a: Slowking|Slowking-Galar, F|87/100\n|move|p1a: Zapdos|Hurricane|p2a: Slowking|[miss]\n|-miss|p1a: Zapdos|p2a: Slowking\n|\n|upkeep\n|turn|19\n|\n|t:|1782444265\n|move|p1a: Zapdos|U-turn|p2a: Slowking\n|-damage|p2a: Slowking|72/100\n|\n|t:|1782444266\n|switch|p1a: Gholdengo|Gholdengo|100/100|[from] U-turn\n|-damage|p1a: Gholdengo|76/100|[from] Spikes\n|-prepare|p2a: Slowking|Chilly Reception|[premajor]\n|move|p2a: Slowking|Chilly Reception|p2a: Slowking\n|-weather|Snowscape\n|\n|t:|1782444271\n|switch|p2a: Kyurem|Kyurem, shiny|100/100|[from] Chilly Reception\n|-damage|p2a: Kyurem|76/100|[from] Stealth Rock\n|-ability|p2a: Kyurem|Pressure\n|\n|-weather|Snowscape|[upkeep]\n|-heal|p1a: Gholdengo|82/100|[from] item: Leftovers\n|upkeep\n|turn|20\n|\n|t:|1782444275\n|move|p2a: Kyurem|Earth Power|p1a: Gholdengo\n|-supereffective|p1a: Gholdengo\n|-damage|p1a: Gholdengo|0 fnt\n|faint|p1a: Gholdengo\n|\n|-weather|Snowscape|[upkeep]\n|upkeep\n|\n|t:|1782444282\n|switch|p1a: Zapdos|Zapdos|91/100\n|turn|21\n|\n|t:|1782444294\n|switch|p2a: Ting-Lu|Ting-Lu|39/100\n|-damage|p2a: Ting-Lu|33/100|[from] Stealth Rock\n|-ability|p2a: Ting-Lu|Vessel of Ruin\n|move|p1a: Zapdos|Hurricane|p2a: Ting-Lu\n|-damage|p2a: Ting-Lu|9/100\n|\n|-weather|Snowscape|[upkeep]\n|upkeep\n|turn|22\n|\n|t:|1782444306\n|move|p1a: Zapdos|Hurricane|p2a: Ting-Lu\n|-damage|p2a: Ting-Lu|0 fnt\n|faint|p2a: Ting-Lu\n|\n|-weather|Snowscape|[upkeep]\n|upkeep\n|\n|t:|1782444317\n|switch|p2a: Kyurem|Kyurem, shiny|76/100\n|-damage|p2a: Kyurem|51/100|[from] Stealth Rock\n|-ability|p2a: Kyurem|Pressure\n|turn|23\n|inactive|DonovanIsNotHere has 120 seconds left.\n|\n|t:|1782444348\n|move|p1a: Zapdos|Hurricane|p2a: Kyurem\n|-damage|p2a: Kyurem|0 fnt\n|faint|p2a: Kyurem\n|\n|-weather|none\n|upkeep\n|\n|t:|1782444352\n|switch|p2a: Ogerpon|Ogerpon-Wellspring, F|65/100 tox\n|-damage|p2a: Ogerpon|52/100 tox|[from] Stealth Rock\n|turn|24\n|\n|t:|1782444358\n|-terastallize|p2a: Ogerpon|Water\n|detailschange|p2a: Ogerpon|Ogerpon-Wellspring-Tera, F, tera:Water\n|-ability|p2a: Ogerpon|Embody Aspect (Wellspring)|boost\n|-boost|p2a: Ogerpon|spd|1\n|move|p2a: Ogerpon|Ivy Cudgel|p1a: Zapdos|[anim] Ivy Cudgel Water\n|-damage|p1a: Zapdos|4/100\n|move|p1a: Zapdos|Thunderbolt|p2a: Ogerpon\n|-supereffective|p2a: Ogerpon\n|-damage|p2a: Ogerpon|0 fnt\n|faint|p2a: Ogerpon\n|detailschange|p2: Ogerpon|Ogerpon-Wellspring, F|[silent]\n|\n|upkeep\n|\n|t:|1782444361\n|switch|p2a: Moltres|Moltres|62/100\n|-damage|p2a: Moltres|12/100|[from] Stealth Rock\n|turn|25\n|\n|t:|1782444363\n|move|p1a: Zapdos|Thunderbolt|p2a: Moltres\n|-supereffective|p2a: Moltres\n|-damage|p2a: Moltres|0 fnt\n|faint|p2a: Moltres\n|\n|upkeep\n|\n|t:|1782444364\n|switch|p2a: Slowking|Slowking-Galar, F|100/100\n|turn|26\n|\n|t:|1782444368\n|move|p1a: Zapdos|Thunderbolt|p2a: Slowking\n|-damage|p2a: Slowking|75/100\n|move|p2a: Slowking|Psyshock|p1a: Zapdos\n|-damage|p1a: Zapdos|0 fnt\n|faint|p1a: Zapdos\n|\n|upkeep\n|\n|t:|1782444370\n|switch|p1a: Rillaboom|Rillaboom, F|94/100 brn\n|-fieldstart|move: Grassy Terrain|[from] ability: Grassy Surge|[of] p1a: Rillaboom\n|turn|27\n|\n|t:|1782444372\n|move|p1a: Rillaboom|Knock Off|p2a: Slowking\n|-supereffective|p2a: Slowking\n|-damage|p2a: Slowking|40/100\n|-enditem|p2a: Slowking|Heavy-Duty Boots|[from] move: Knock Off|[of] p1a: Rillaboom\n|move|p2a: Slowking|Sludge Bomb|p1a: Rillaboom\n|-supereffective|p1a: Rillaboom\n|-crit|p1a: Rillaboom\n|-damage|p1a: Rillaboom|0 fnt\n|faint|p1a: Rillaboom\n|\n|-heal|p2a: Slowking|46/100|[from] Grassy Terrain\n|upkeep\n|\n|t:|1782444374\n|switch|p1a: Dragonite|Dragonite, M|100/100\n|turn|28\n|\n|t:|1782444378\n|move|p1a: Dragonite|Outrage|p2a: Slowking\n|-damage|p2a: Slowking|0 fnt\n|faint|p2a: Slowking\n|\n|win|DonovanIsNotHere\n|raw|DonovanIsNotHere's rating: 1445 &rarr; <strong>1467</strong><br />(+22 for winning)\n|raw|PauloPVRM's rating: 1477 &rarr; <strong>1455</strong><br />(-22 for losing)\n", "uploadtime": 1782444380, "views": 37, "formatid": "gen9ou", "rating": 1455, "private": 0, "password": null}