{"id": "gen9ou-2647771614", "format": "[Gen 9] OU", "players": ["thegtothen", "SAGOTO2006"], "log": "|j|☆thegtothen\n|j|☆SAGOTO2006\n|t:|1783809804\n|gametype|singles\n|player|p1|thegtothen|swimmerf-gen4dp|1266\n|player|p2|SAGOTO2006|hiker-gen4|1236\n|gen|9\n|tier|[Gen 9] OU\n|rated|\n|rule|HP Percentage Mod: HP is shown in percentages\n|rule|Endless Battle Clause: Forcing endless battles is banned\n|rule|Species Clause: Limit one of each Pokémon\n|rule|OHKO Clause: OHKO moves are banned\n|rule|Evasion Items Clause: Evasion items are banned\n|rule|Evasion Moves Clause: Evasion moves are banned\n|rule|Evasion Abilities Clause: Evasion abilities are banned\n|rule|Sleep Moves Clause: Sleep-inducing moves are banned\n|clearpoke\n|poke|p1|Zapdos-Galar|\n|poke|p1|Latios, M|\n|poke|p1|Alomomola, F|\n|poke|p1|Iron Treads|\n|poke|p1|Okidogi, M|\n|poke|p1|Primarina, F|\n|poke|p2|Ninetales-Alola, F|\n|poke|p2|Abomasnow, M|\n|poke|p2|Avalugg, M|\n|poke|p2|Cetitan, M|\n|poke|p2|Cloyster, F|\n|poke|p2|Mamoswine, M|\n|teampreview\n|inactive|Battle timer is ON: inactive players will automatically lose when time's up. (requested by SAGOTO2006)\n|\n|t:|1783809816\n|teamsize|p1|6\n|teamsize|p2|6\n|start\n|switch|p1a: Iron Treads|Iron Treads|100/100\n|switch|p2a: Yeti|Abomasnow, M|100/100\n|-weather|Snowscape|[from] ability: Snow Warning|[of] p2a: Yeti\n|turn|1\n|\n|t:|1783809827\n|move|p1a: Iron Treads|Stealth Rock|p2a: Yeti\n|-sidestart|p2: SAGOTO2006|move: Stealth Rock\n|move|p2a: Yeti|Earth Power|p1a: Iron Treads\n|-supereffective|p1a: Iron Treads\n|-damage|p1a: Iron Treads|18/100\n|\n|-weather|Snowscape|[upkeep]\n|upkeep\n|turn|2\n|\n|t:|1783809832\n|move|p1a: Iron Treads|Steel Beam|p2a: Yeti\n|-supereffective|p2a: Yeti\n|-damage|p2a: Yeti|35/100\n|-damage|p1a: Iron Treads|0 fnt|[from] steelbeam\n|faint|p1a: Iron Treads\n|-end|p1a: Iron Treads|Quark Drive|[silent]\n|move|p2a: Yeti|Blizzard|p1: Iron Treads|[notarget]\n|-fail|p2a: Yeti\n|\n|-weather|Snowscape|[upkeep]\n|upkeep\n|\n|t:|1783809854\n|switch|p1a: Zapdos|Zapdos-Galar|100/100\n|turn|3\n|\n|t:|1783809860\n|move|p1a: Zapdos|U-turn|p2a: Yeti\n|-supereffective|p2a: Yeti\n|-damage|p2a: Yeti|0 fnt\n|faint|p2a: Yeti\n|\n|t:|1783809867\n|switch|p1a: Primarina|Primarina, F|100/100|[from] U-turn\n|\n|-weather|Snowscape|[upkeep]\n|upkeep\n|\n|t:|1783809871\n|switch|p2a: GRUG|Avalugg, M|100/100\n|turn|4\n|\n|t:|1783809888\n|move|p1a: Primarina|Moonblast|p2a: GRUG\n|-ability|p2a: GRUG|Sturdy\n|-damage|p2a: GRUG|1/100\n|-unboost|p2a: GRUG|spa|1\n|move|p2a: GRUG|Rapid Spin|p1a: Primarina\n|-damage|p1a: Primarina|84/100\n|-boost|p2a: GRUG|spe|1\n|-sideend|p2: SAGOTO2006|Stealth Rock|[from] move: Rapid Spin|[of] p2a: GRUG\n|\n|-weather|Snowscape|[upkeep]\n|upkeep\n|turn|5\n|\n|t:|1783809896\n|move|p1a: Primarina|Moonblast|p2a: GRUG\n|-damage|p2a: GRUG|0 fnt\n|faint|p2a: GRUG\n|\n|-weather|none\n|upkeep\n|\n|t:|1783809903\n|switch|p2a: Lorelei|Cloyster, F|100/100\n|turn|6\n|\n|t:|1783809912\n|move|p2a: Lorelei|Shell Smash|p2a: Lorelei\n|-unboost|p2a: Lorelei|def|1\n|-unboost|p2a: Lorelei|spd|1\n|-boost|p2a: Lorelei|atk|2\n|-boost|p2a: Lorelei|spa|2\n|-boost|p2a: Lorelei|spe|2\n|move|p1a: Primarina|Moonblast|p2a: Lorelei\n|-enditem|p2a: Lorelei|Focus Sash\n|-damage|p2a: Lorelei|1/100\n|\n|upkeep\n|turn|7\n|\n|t:|1783809923\n|-terastallize|p2a: Lorelei|Ground\n|move|p2a: Lorelei|Drill Run|p1a: Primarina\n|-damage|p1a: Primarina|0 fnt\n|faint|p1a: Primarina\n|\n|upkeep\n|\n|t:|1783809929\n|switch|p1a: Alomomola|Alomomola, F, shiny|100/100\n|turn|8\n|\n|t:|1783809932\n|move|p1a: Alomomola|Aqua Jet|p2a: Lorelei\n|-supereffective|p2a: Lorelei\n|-damage|p2a: Lorelei|0 fnt\n|faint|p2a: Lorelei\n|\n|upkeep\n|\n|t:|1783809937\n|switch|p2a: Manny|Mamoswine, M|100/100\n|turn|9\n|\n|t:|1783809941\n|move|p2a: Manny|Knock Off|p1a: Alomomola\n|-damage|p1a: Alomomola|72/100\n|-enditem|p1a: Alomomola|Assault Vest|[from] move: Knock Off|[of] p2a: Manny\n|move|p1a: Alomomola|Flip Turn|p2a: Manny\n|-supereffective|p2a: Manny\n|-damage|p2a: Manny|61/100\n|\n|t:|1783809951\n|switch|p1a: Okidogi|Okidogi, M|100/100|[from] Flip Turn\n|\n|upkeep\n|turn|10\n|\n|t:|1783809960\n|move|p2a: Manny|Ice Shard|p1a: Okidogi\n|-damage|p1a: Okidogi|78/100\n|move|p1a: Okidogi|Drain Punch|p2a: Manny\n|-supereffective|p2a: Manny\n|-damage|p2a: Manny|0 fnt\n|-heal|p1a: Okidogi|100/100|[from] drain|[of] p2a: Manny\n|faint|p2a: Manny\n|\n|upkeep\n|\n|t:|1783809965\n|switch|p2a: Elsa|Ninetales-Alola, F|100/100\n|-weather|Snowscape|[from] ability: Snow Warning|[of] p2a: Elsa\n|turn|11\n|\n|t:|1783809973\n|move|p2a: Elsa|Aurora Veil|p2a: Elsa\n|-sidestart|p2: SAGOTO2006|move: Aurora Veil\n|move|p1a: Okidogi|Bulk Up|p1a: Okidogi\n|-boost|p1a: Okidogi|atk|1\n|-boost|p1a: Okidogi|def|1\n|\n|-weather|Snowscape|[upkeep]\n|upkeep\n|turn|12\n|\n|t:|1783809979\n|move|p2a: Elsa|Encore|p1a: Okidogi\n|-start|p1a: Okidogi|Encore\n|move|p1a: Okidogi|Bulk Up|p1a: Okidogi\n|-boost|p1a: Okidogi|atk|1\n|-boost|p1a: Okidogi|def|1\n|\n|-weather|Snowscape|[upkeep]\n|upkeep\n|turn|13\n|\n|t:|1783809985\n|switch|p1a: Alomomola|Alomomola, F, shiny|100/100\n|move|p2a: Elsa|Moonblast|p1a: Alomomola\n|-damage|p1a: Alomomola|79/100\n|\n|-weather|Snowscape|[upkeep]\n|upkeep\n|turn|14\n|\n|t:|1783809992\n|move|p2a: Elsa|Freeze-Dry|p1a: Alomomola\n|-supereffective|p1a: Alomomola\n|-damage|p1a: Alomomola|48/100\n|move|p1a: Alomomola|Mirror Coat|p2a: Elsa\n|-damage|p2a: Elsa|7/100\n|\n|-weather|Snowscape|[upkeep]\n|upkeep\n|turn|15\n|\n|t:|1783810002\n|move|p1a: Alomomola|Aqua Jet|p2a: Elsa\n|-damage|p2a: Elsa|2/100\n|move|p2a: Elsa|Encore|p1a: Alomomola\n|-start|p1a: Alomomola|Encore\n|\n|-weather|Snowscape|[upkeep]\n|-sideend|p2: SAGOTO2006|move: Aurora Veil\n|upkeep\n|turn|16\n|\n|t:|1783810008\n|switch|p2a: Mody Dick|Cetitan, M|100/100\n|move|p1a: Alomomola|Aqua Jet|p2a: Mody Dick\n|-damage|p2a: Mody Dick|93/100\n|\n|-weather|Snowscape|[upkeep]\n|upkeep\n|turn|17\n|\n|t:|1783810020\n|switch|p1a: Zapdos|Zapdos-Galar|100/100\n|move|p2a: Mody Dick|Belly Drum|p2a: Mody Dick\n|-damage|p2a: Mody Dick|43/100\n|-setboost|p2a: Mody Dick|atk|6|[from] move: Belly Drum\n|-enditem|p2a: Mody Dick|Sitrus Berry|[eat]\n|-heal|p2a: Mody Dick|68/100|[from] item: Sitrus Berry\n|\n|-weather|Snowscape|[upkeep]\n|upkeep\n|turn|18\n|\n|t:|1783810029\n|move|p2a: Mody Dick|Ice Spinner|p1a: Zapdos\n|-supereffective|p1a: Zapdos\n|-damage|p1a: Zapdos|0 fnt\n|faint|p1a: Zapdos\n|\n|-weather|none\n|upkeep\n|\n|t:|1783810036\n|switch|p1a: Latios|Latios, M|100/100\n|turn|19\n|\n|t:|1783810042\n|move|p2a: Mody Dick|Ice Shard|p1a: Latios\n|-supereffective|p1a: Latios\n|-damage|p1a: Latios|0 fnt\n|faint|p1a: Latios\n|\n|upkeep\n|\n|t:|1783810049\n|switch|p1a: Okidogi|Okidogi, M|100/100\n|turn|20\n|\n|t:|1783810053\n|move|p2a: Mody Dick|Ice Shard|p1a: Okidogi\n|-damage|p1a: Okidogi|37/100\n|move|p1a: Okidogi|Drain Punch|p2a: Mody Dick\n|-supereffective|p2a: Mody Dick\n|-damage|p2a: Mody Dick|7/100\n|-heal|p1a: Okidogi|76/100|[from] drain|[of] p2a: Mody Dick\n|\n|-heal|p1a: Okidogi|82/100|[from] item: Leftovers\n|upkeep\n|turn|21\n|\n|t:|1783810064\n|move|p2a: Mody Dick|Ice Shard|p1a: Okidogi\n|-damage|p1a: Okidogi|16/100\n|move|p1a: Okidogi|Drain Punch|p2a: Mody Dick\n|-supereffective|p2a: Mody Dick\n|-damage|p2a: Mody Dick|0 fnt\n|-heal|p1a: Okidogi|20/100|[from] drain|[of] p2a: Mody Dick\n|faint|p2a: Mody Dick\n|\n|-heal|p1a: Okidogi|27/100|[from] item: Leftovers\n|upkeep\n|\n|t:|1783810067\n|switch|p2a: Elsa|Ninetales-Alola, F|2/100\n|-weather|Snowscape|[from] ability: Snow Warning|[of] p2a: Elsa\n|turn|22\n|\n|t:|1783810078\n|switch|p1a: Alomomola|Alomomola, F, shiny|81/100\n|move|p2a: Elsa|Moonblast|p1a: Alomomola\n|-damage|p1a: Alomomola|60/100\n|-unboost|p1a: Alomomola|spa|1\n|\n|-weather|Snowscape|[upkeep]\n|upkeep\n|turn|23\n|\n|t:|1783810085\n|move|p1a: Alomomola|Aqua Jet|p2a: Elsa\n|-damage|p2a: Elsa|0 fnt\n|faint|p2a: Elsa\n|\n|win|thegtothen\n|raw|thegtothen's rating: 1266 &rarr; <strong>1289</strong><br />(+23 for winning)\n|raw|SAGOTO2006's rating: 1236 &rarr; <strong>1213</strong><br />(-23 for losing)\n|l|☆SAGOTO2006\n|player|p2|\n|l|☆thegtothen\n|player|p1|\n", "uploadtime": 1783810391, "views": 9, "formatid": "gen9ou", "rating": 1213, "private": 0, "password": null}