{"id": "gen9ou-2639290056", "format": "[Gen 9] OU", "players": ["T1veslow", "DoomIncarnated"], "log": "|j|☆T1veslow\n|j|☆DoomIncarnated\n|t:|1782446767\n|gametype|singles\n|player|p1|T1veslow|swimmerf|1195\n|player|p2|DoomIncarnated|red|1234\n|gen|9\n|tier|[Gen 9] OU\n|rated|\n|rule|HP Percentage Mod: HP is shown in percentages\n|rule|Endless Battle Clause: Forcing endless battles is banned\n|rule|Species Clause: Limit one of each Pokémon\n|rule|OHKO Clause: OHKO moves are banned\n|rule|Evasion Items Clause: Evasion items are banned\n|rule|Evasion Moves Clause: Evasion moves are banned\n|rule|Evasion Abilities Clause: Evasion abilities are banned\n|rule|Sleep Moves Clause: Sleep-inducing moves are banned\n|clearpoke\n|poke|p1|Skarmory, F|\n|poke|p1|Rillaboom, M|\n|poke|p1|Tyranitar, F|\n|poke|p1|Dragapult, M|\n|poke|p1|Gholdengo|\n|poke|p1|Cinderace, M|\n|poke|p2|Tyranitar, F|\n|poke|p2|Scizor, F|\n|poke|p2|Garchomp, F|\n|poke|p2|Clefable, M|\n|poke|p2|Moltres-Galar|\n|poke|p2|Ogerpon-Wellspring, F|\n|teampreview\n|\n|t:|1782446785\n|teamsize|p1|6\n|teamsize|p2|6\n|start\n|switch|p1a: Skarmory|Skarmory, F, shiny|100/100\n|switch|p2a: Moltres|Moltres-Galar|100/100\n|turn|1\n|\n|t:|1782446793\n|move|p2a: Moltres|Taunt|p1a: Skarmory\n|-start|p1a: Skarmory|move: Taunt\n|cant|p1a: Skarmory|move: Taunt|Stealth Rock\n|\n|upkeep\n|turn|2\n|\n|t:|1782446802\n|switch|p1a: Tyranitar|Tyranitar, F, shiny|100/100\n|-weather|Sandstorm|[from] ability: Sand Stream|[of] p1a: Tyranitar\n|move|p2a: Moltres|Substitute|p2a: Moltres\n|-start|p2a: Moltres|Substitute\n|-damage|p2a: Moltres|76/100\n|\n|-weather|Sandstorm|[upkeep]\n|-damage|p2a: Moltres|69/100|[from] Sandstorm\n|-heal|p2a: Moltres|76/100|[from] item: Leftovers\n|upkeep\n|turn|3\n|\n|t:|1782446806\n|move|p2a: Moltres|Fiery Wrath|p1a: Tyranitar\n|-resisted|p1a: Tyranitar\n|-damage|p1a: Tyranitar|90/100\n|move|p1a: Tyranitar|Avalanche|p2a: Moltres\n|-supereffective|p2a: Moltres\n|-end|p2a: Moltres|Substitute\n|-damage|p1a: Tyranitar|80/100|[from] item: Life Orb\n|\n|-weather|Sandstorm|[upkeep]\n|-damage|p2a: Moltres|69/100|[from] Sandstorm\n|-heal|p2a: Moltres|76/100|[from] item: Leftovers\n|upkeep\n|turn|4\n|\n|t:|1782446812\n|move|p2a: Moltres|U-turn|p1a: Tyranitar\n|-supereffective|p1a: Tyranitar\n|-damage|p1a: Tyranitar|56/100\n|inactive|Battle timer is ON: inactive players will automatically lose when time's up. (requested by T1veslow)\n|\n|t:|1782446816\n|switch|p2a: Scizor|Scizor, F|100/100|[from] U-turn\n|move|p1a: Tyranitar|Avalanche|p2a: Scizor\n|-resisted|p2a: Scizor\n|-damage|p2a: Scizor|81/100\n|-damage|p1a: Tyranitar|46/100|[from] item: Life Orb\n|\n|-weather|Sandstorm|[upkeep]\n|upkeep\n|turn|5\n|\n|t:|1782446827\n|switch|p1a: Skarmory|Skarmory, F, shiny|100/100\n|move|p2a: Scizor|U-turn|p1a: Skarmory\n|-resisted|p1a: Skarmory\n|-crit|p1a: Skarmory\n|-damage|p1a: Skarmory|82/100\n|\n|t:|1782446834\n|switch|p2a: Clefable|Clefable, M|100/100|[from] U-turn\n|\n|-weather|Sandstorm|[upkeep]\n|-heal|p1a: Skarmory|88/100|[from] item: Leftovers\n|upkeep\n|turn|6\n|\n|t:|1782446841\n|move|p1a: Skarmory|Stealth Rock|p2a: Clefable\n|-sidestart|p2: DoomIncarnated|move: Stealth Rock\n|move|p2a: Clefable|Calm Mind|p2a: Clefable\n|-boost|p2a: Clefable|spa|1\n|-boost|p2a: Clefable|spd|1\n|\n|-weather|none\n|-heal|p1a: Skarmory|94/100|[from] item: Leftovers\n|upkeep\n|turn|7\n|\n|t:|1782446846\n|move|p2a: Clefable|Fire Blast|p1a: Skarmory\n|-supereffective|p1a: Skarmory\n|-damage|p1a: Skarmory|22/100\n|move|p1a: Skarmory|Roar|p2a: Clefable\n|drag|p2a: Tyranitar|Tyranitar, F|100/100\n|-damage|p2a: Tyranitar|88/100|[from] Stealth Rock\n|-weather|Sandstorm|[from] ability: Sand Stream|[of] p2a: Tyranitar\n|\n|-weather|Sandstorm|[upkeep]\n|-heal|p1a: Skarmory|28/100|[from] item: Leftovers\n|upkeep\n|turn|8\n|\n|t:|1782446852\n|move|p1a: Skarmory|Roost|p1a: Skarmory\n|-heal|p1a: Skarmory|78/100\n|-singleturn|p1a: Skarmory|move: Roost\n|move|p2a: Tyranitar|Stealth Rock|p1a: Skarmory\n|-sidestart|p1: T1veslow|move: Stealth Rock\n|\n|-weather|Sandstorm|[upkeep]\n|-heal|p1a: Skarmory|84/100|[from] item: Leftovers\n|upkeep\n|turn|9\n|\n|t:|1782446857\n|move|p1a: Skarmory|Spikes|p2a: Tyranitar\n|-sidestart|p2: DoomIncarnated|Spikes\n|move|p2a: Tyranitar|Knock Off|p1a: Skarmory\n|-damage|p1a: Skarmory|33/100\n|-enditem|p1a: Skarmory|Leftovers|[from] move: Knock Off|[of] p2a: Tyranitar\n|-damage|p2a: Tyranitar|78/100|[from] item: Life Orb\n|\n|-weather|Sandstorm|[upkeep]\n|upkeep\n|turn|10\n|\n|t:|1782446861\n|move|p1a: Skarmory|Roost|p1a: Skarmory\n|-heal|p1a: Skarmory|83/100\n|-singleturn|p1a: Skarmory|move: Roost\n|move|p2a: Tyranitar|Knock Off|p1a: Skarmory\n|-damage|p1a: Skarmory|48/100\n|-damage|p2a: Tyranitar|68/100|[from] item: Life Orb\n|\n|-weather|Sandstorm|[upkeep]\n|upkeep\n|turn|11\n|\n|t:|1782446865\n|switch|p2a: Garchomp|Garchomp, F|100/100\n|-damage|p2a: Garchomp|94/100|[from] Stealth Rock\n|-damage|p2a: Garchomp|82/100|[from] Spikes\n|move|p1a: Skarmory|Roost|p1a: Skarmory\n|-heal|p1a: Skarmory|98/100\n|-singleturn|p1a: Skarmory|move: Roost\n|\n|-weather|none\n|upkeep\n|turn|12\n|\n|t:|1782446869\n|move|p2a: Garchomp|Swords Dance|p2a: Garchomp\n|-boost|p2a: Garchomp|atk|2\n|move|p1a: Skarmory|Roar|p2a: Garchomp\n|drag|p2a: Clefable|Clefable, M|100/100\n|\n|upkeep\n|turn|13\n|\n|t:|1782446872\n|move|p1a: Skarmory|Spikes|p2a: Clefable\n|-sidestart|p2: DoomIncarnated|Spikes\n|move|p2a: Clefable|Thunder Wave|p1a: Skarmory\n|-status|p1a: Skarmory|par\n|\n|upkeep\n|turn|14\n|\n|t:|1782446875\n|switch|p2a: Garchomp|Garchomp, F|82/100\n|-damage|p2a: Garchomp|76/100|[from] Stealth Rock\n|-damage|p2a: Garchomp|59/100|[from] Spikes\n|move|p1a: Skarmory|Spikes|p2a: Garchomp\n|-sidestart|p2: DoomIncarnated|Spikes\n|\n|upkeep\n|turn|15\n|\n|t:|1782446880\n|move|p2a: Garchomp|Spikes|p1a: Skarmory\n|-sidestart|p1: T1veslow|Spikes\n|move|p1a: Skarmory|Roar|p2a: Garchomp\n|drag|p2a: Scizor|Scizor, F|81/100\n|-damage|p2a: Scizor|68/100|[from] Stealth Rock\n|-damage|p2a: Scizor|43/100|[from] Spikes\n|\n|upkeep\n|turn|16\n|\n|t:|1782446886\n|move|p2a: Scizor|Close Combat|p1a: Skarmory\n|-damage|p1a: Skarmory|41/100 par\n|-unboost|p2a: Scizor|def|1\n|-unboost|p2a: Scizor|spd|1\n|move|p1a: Skarmory|Roar|p2a: Scizor\n|drag|p2a: Tyranitar|Tyranitar, F|68/100\n|-damage|p2a: Tyranitar|56/100|[from] Stealth Rock\n|-damage|p2a: Tyranitar|31/100|[from] Spikes\n|-weather|Sandstorm|[from] ability: Sand Stream|[of] p2a: Tyranitar\n|\n|-weather|Sandstorm|[upkeep]\n|upkeep\n|turn|17\n|\n|t:|1782446892\n|move|p2a: Tyranitar|Knock Off|p1a: Skarmory\n|-damage|p1a: Skarmory|4/100 par\n|-damage|p2a: Tyranitar|21/100|[from] item: Life Orb\n|move|p1a: Skarmory|Roost|p1a: Skarmory\n|-heal|p1a: Skarmory|54/100 par\n|-singleturn|p1a: Skarmory|move: Roost\n|\n|-weather|Sandstorm|[upkeep]\n|upkeep\n|turn|18\n|\n|t:|1782446897\n|move|p2a: Tyranitar|Knock Off|p1a: Skarmory\n|-damage|p1a: Skarmory|21/100 par\n|-damage|p2a: Tyranitar|11/100|[from] item: Life Orb\n|move|p1a: Skarmory|Roost|p1a: Skarmory\n|-heal|p1a: Skarmory|71/100 par\n|-singleturn|p1a: Skarmory|move: Roost\n|\n|-weather|Sandstorm|[upkeep]\n|upkeep\n|turn|19\n|\n|t:|1782446900\n|move|p2a: Tyranitar|Knock Off|p1a: Skarmory\n|-damage|p1a: Skarmory|33/100 par\n|-damage|p2a: Tyranitar|1/100|[from] item: Life Orb\n|move|p1a: Skarmory|Roar|p2a: Tyranitar\n|drag|p2a: Ogerpon|Ogerpon-Wellspring, F|100/100\n|-damage|p2a: Ogerpon|88/100|[from] Stealth Rock\n|-damage|p2a: Ogerpon|63/100|[from] Spikes\n|\n|-weather|Sandstorm|[upkeep]\n|-damage|p2a: Ogerpon|57/100|[from] Sandstorm\n|upkeep\n|turn|20\n|\n|t:|1782446907\n|move|p2a: Ogerpon|Ivy Cudgel|p1a: Skarmory|[anim] Ivy Cudgel Water\n|-damage|p1a: Skarmory|0 fnt\n|faint|p1a: Skarmory\n|\n|-weather|none\n|upkeep\n|\n|t:|1782446911\n|switch|p1a: Dragapult|Dragapult, M, shiny|100/100\n|-damage|p1a: Dragapult|88/100|[from] Stealth Rock\n|-damage|p1a: Dragapult|76/100|[from] Spikes\n|turn|21\n|\n|t:|1782446920\n|move|p1a: Dragapult|Dragon Darts|p2a: Ogerpon\n|-damage|p2a: Ogerpon|10/100\n|-anim|p1a: Dragapult|Dragon Darts|p2a: Ogerpon\n|-damage|p2a: Ogerpon|0 fnt\n|faint|p2a: Ogerpon\n|\n|upkeep\n|\n|t:|1782446923\n|switch|p2a: Moltres|Moltres-Galar|76/100\n|-damage|p2a: Moltres|51/100|[from] Stealth Rock\n|turn|22\n|\n|t:|1782446927\n|move|p1a: Dragapult|Dragon Darts|p2a: Moltres\n|-damage|p2a: Moltres|14/100\n|-anim|p1a: Dragapult|Dragon Darts|p2a: Moltres\n|-damage|p2a: Moltres|0 fnt\n|faint|p2a: Moltres\n|\n|upkeep\n|\n|t:|1782446929\n|switch|p2a: Clefable|Clefable, M|100/100\n|turn|23\n|\n|t:|1782446937\n|switch|p1a: Gholdengo|Gholdengo, shiny|100/100\n|-damage|p1a: Gholdengo|94/100|[from] Stealth Rock\n|-damage|p1a: Gholdengo|82/100|[from] Spikes\n|move|p2a: Clefable|Thunder Wave|p1a: Gholdengo\n|-immune|p1a: Gholdengo|[from] ability: Good as Gold\n|\n|upkeep\n|turn|24\n|\n|t:|1782446943\n|-terastallize|p2a: Clefable|Steel\n|move|p1a: Gholdengo|Make It Rain|p2a: Clefable\n|-resisted|p2a: Clefable\n|-damage|p2a: Clefable|76/100\n|-unboost|p1a: Gholdengo|spa|1\n|move|p2a: Clefable|Calm Mind|p2a: Clefable\n|-boost|p2a: Clefable|spa|1\n|-boost|p2a: Clefable|spd|1\n|\n|-heal|p2a: Clefable|82/100|[from] item: Leftovers\n|upkeep\n|turn|25\n|\n|t:|1782446950\n|switch|p1a: Tyranitar|Tyranitar, F, shiny|46/100\n|-damage|p1a: Tyranitar|34/100|[from] Stealth Rock\n|-damage|p1a: Tyranitar|21/100|[from] Spikes\n|-weather|Sandstorm|[from] ability: Sand Stream|[of] p1a: Tyranitar\n|move|p2a: Clefable|Calm Mind|p2a: Clefable\n|-boost|p2a: Clefable|spa|1\n|-boost|p2a: Clefable|spd|1\n|\n|-weather|Sandstorm|[upkeep]\n|-heal|p2a: Clefable|88/100|[from] item: Leftovers\n|upkeep\n|turn|26\n|\n|t:|1782446956\n|move|p1a: Tyranitar|Brick Break|p2a: Clefable\n|-supereffective|p2a: Clefable\n|-crit|p2a: Clefable\n|-damage|p2a: Clefable|0 fnt\n|faint|p2a: Clefable\n|-damage|p1a: Tyranitar|11/100|[from] item: Life Orb\n|\n|-weather|Sandstorm|[upkeep]\n|upkeep\n|\n|t:|1782446963\n|switch|p2a: Scizor|Scizor, F|43/100\n|-damage|p2a: Scizor|31/100|[from] Stealth Rock\n|-damage|p2a: Scizor|6/100|[from] Spikes\n|turn|27\n|\n|t:|1782446966\n|move|p2a: Scizor|Bullet Punch|p1a: Tyranitar\n|-supereffective|p1a: Tyranitar\n|-damage|p1a: Tyranitar|0 fnt\n|faint|p1a: Tyranitar\n|\n|-weather|Sandstorm|[upkeep]\n|upkeep\n|\n|t:|1782446973\n|switch|p1a: Rillaboom|Rillaboom, M, shiny|100/100\n|-damage|p1a: Rillaboom|88/100|[from] Stealth Rock\n|-damage|p1a: Rillaboom|76/100|[from] Spikes\n|-fieldstart|move: Grassy Terrain|[from] ability: Grassy Surge|[of] p1a: Rillaboom\n|turn|28\n|\n|t:|1782446976\n|move|p1a: Rillaboom|Grassy Glide|p2a: Scizor\n|-resisted|p2a: Scizor\n|-damage|p2a: Scizor|0 fnt\n|faint|p2a: Scizor\n|\n|-weather|Sandstorm|[upkeep]\n|-damage|p1a: Rillaboom|70/100|[from] Sandstorm\n|-heal|p1a: Rillaboom|76/100|[from] Grassy Terrain\n|-heal|p1a: Rillaboom|82/100|[from] item: Leftovers\n|upkeep\n|\n|t:|1782446978\n|switch|p2a: Garchomp|Garchomp, F|59/100\n|-damage|p2a: Garchomp|53/100|[from] Stealth Rock\n|-damage|p2a: Garchomp|28/100|[from] Spikes\n|turn|29\n|\n|t:|1782446982\n|move|p1a: Rillaboom|Grassy Glide|p2a: Garchomp\n|-damage|p2a: Garchomp|0 fnt\n|-damage|p1a: Rillaboom|70/100|[from] ability: Rough Skin|[of] p2a: Garchomp\n|-damage|p1a: Rillaboom|53/100|[from] item: Rocky Helmet|[of] p2a: Garchomp\n|faint|p2a: Garchomp\n|\n|-weather|none\n|-heal|p1a: Rillaboom|59/100|[from] Grassy Terrain\n|-heal|p1a: Rillaboom|65/100|[from] item: Leftovers\n|upkeep\n|\n|t:|1782446983\n|switch|p2a: Tyranitar|Tyranitar, F|1/100\n|-damage|p2a: Tyranitar|0 fnt|[from] Stealth Rock\n|faint|p2a: Tyranitar\n|\n|win|T1veslow\n|raw|T1veslow's rating: 1195 &rarr; <strong>1223</strong><br />(+28 for winning)\n|raw|DoomIncarnated's rating: 1234 &rarr; <strong>1206</strong><br />(-28 for losing)\n|l|☆DoomIncarnated\n|player|p2|\n|l|☆T1veslow\n|player|p1|\n", "uploadtime": 1782447357, "views": 7, "formatid": "gen9ou", "rating": 1206, "private": 0, "password": null}