{"id": "gen9ou-2647714985", "format": "[Gen 9] OU", "players": ["Aight8755", "kolo290n"], "log": "|j|☆Aight8755\n|j|☆kolo290n\n|t:|1783800610\n|gametype|singles\n|player|p1|Aight8755|youngcouple-gen4dp|1139\n|player|p2|kolo290n|giovanni|1062\n|gen|9\n|tier|[Gen 9] OU\n|rated|\n|rule|HP Percentage Mod: HP is shown in percentages\n|rule|Endless Battle Clause: Forcing endless battles is banned\n|rule|Species Clause: Limit one of each Pokémon\n|rule|OHKO Clause: OHKO moves are banned\n|rule|Evasion Items Clause: Evasion items are banned\n|rule|Evasion Moves Clause: Evasion moves are banned\n|rule|Evasion Abilities Clause: Evasion abilities are banned\n|rule|Sleep Moves Clause: Sleep-inducing moves are banned\n|clearpoke\n|poke|p1|Darkrai|\n|poke|p1|Iron Valiant|\n|poke|p1|Heatran, M|\n|poke|p1|Dragapult, M|\n|poke|p1|Glastrier|\n|poke|p1|Corviknight, M|\n|poke|p2|Lurantis, M|\n|poke|p2|Mimikyu, F|\n|poke|p2|Deoxys-Speed|\n|poke|p2|Primarina, F|\n|poke|p2|Azumarill, M|\n|poke|p2|Gliscor, M|\n|teampreview\n|inactive|Battle timer is ON: inactive players will automatically lose when time's up. (requested by Aight8755)\n|\n|t:|1783800639\n|teamsize|p1|6\n|teamsize|p2|6\n|start\n|switch|p1a: Iron Valiant|Iron Valiant|100/100\n|switch|p2a: Gliscor|Gliscor, M|100/100\n|turn|1\n|\n|t:|1783800649\n|-terastallize|p1a: Iron Valiant|Fairy\n|move|p1a: Iron Valiant|Moonblast|p2a: Gliscor\n|-damage|p2a: Gliscor|0 fnt\n|faint|p2a: Gliscor\n|\n|upkeep\n|\n|t:|1783800658\n|switch|p2a: Deoxys|Deoxys-Speed|100/100\n|-ability|p2a: Deoxys|Pressure\n|turn|2\n|\n|t:|1783800668\n|-end|p1a: Iron Valiant|Quark Drive|[silent]\n|switch|p1a: Darkrai|Darkrai|100/100\n|move|p2a: Deoxys|Flash Cannon|p1a: Darkrai\n|-damage|p1a: Darkrai|69/100\n|\n|upkeep\n|turn|3\n|\n|t:|1783800680\n|move|p1a: Darkrai|Dark Pulse|p2a: Deoxys\n|-supereffective|p2a: Deoxys\n|-damage|p2a: Deoxys|0 fnt\n|faint|p2a: Deoxys\n|\n|upkeep\n|\n|t:|1783800685\n|switch|p2a: Azumarill|Azumarill, M|100/100\n|turn|4\n|\n|t:|1783800695\n|switch|p1a: Heatran|Heatran, M|100/100\n|move|p2a: Azumarill|Ice Spinner|p1a: Heatran\n|-resisted|p1a: Heatran\n|-damage|p1a: Heatran|95/100\n|-status|p2a: Azumarill|brn|[from] ability: Flame Body|[of] p1a: Heatran\n|\n|-heal|p1a: Heatran|100/100|[from] item: Leftovers\n|-damage|p2a: Azumarill|94/100 brn|[from] brn\n|upkeep\n|turn|5\n|\n|t:|1783800705\n|-terastallize|p2a: Azumarill|Water\n|move|p2a: Azumarill|Aqua Jet|p1a: Heatran\n|-supereffective|p1a: Heatran\n|-damage|p1a: Heatran|73/100\n|move|p1a: Heatran|Stealth Rock|p2a: Azumarill\n|-sidestart|p2: kolo290n|move: Stealth Rock\n|\n|-heal|p1a: Heatran|80/100|[from] item: Leftovers\n|-damage|p2a: Azumarill|88/100 brn|[from] brn\n|upkeep\n|turn|6\n|\n|t:|1783800713\n|move|p2a: Azumarill|Aqua Jet|p1a: Heatran\n|-supereffective|p1a: Heatran\n|-damage|p1a: Heatran|54/100\n|move|p1a: Heatran|Magma Storm|p2a: Azumarill\n|-resisted|p2a: Azumarill\n|-damage|p2a: Azumarill|62/100 brn\n|-activate|p2a: Azumarill|move: Magma Storm|[of] p1a: Heatran\n|\n|-heal|p1a: Heatran|60/100|[from] item: Leftovers\n|-damage|p2a: Azumarill|56/100 brn|[from] brn\n|-damage|p2a: Azumarill|43/100 brn|[from] move: Magma Storm|[partiallytrapped]\n|upkeep\n|turn|7\n|\n|t:|1783800720\n|move|p2a: Azumarill|Aqua Jet|p1a: Heatran\n|-supereffective|p1a: Heatran\n|-damage|p1a: Heatran|32/100\n|move|p1a: Heatran|Earth Power|p2a: Azumarill\n|-damage|p2a: Azumarill|9/100 brn\n|\n|-heal|p1a: Heatran|39/100|[from] item: Leftovers\n|-damage|p2a: Azumarill|3/100 brn|[from] brn\n|-damage|p2a: Azumarill|0 fnt|[from] move: Magma Storm|[partiallytrapped]\n|faint|p2a: Azumarill\n|upkeep\n|\n|t:|1783800731\n|switch|p2a: Primarina|Primarina, F|100/100\n|-damage|p2a: Primarina|88/100|[from] Stealth Rock\n|turn|8\n|\n|t:|1783800738\n|move|p2a: Primarina|Hydro Pump|p1a: Heatran\n|-supereffective|p1a: Heatran\n|-damage|p1a: Heatran|0 fnt\n|faint|p1a: Heatran\n|\n|upkeep\n|\n|t:|1783800741\n|switch|p1a: Dragapult|Dragapult, M|100/100\n|turn|9\n|\n|t:|1783800748\n|switch|p2a: Mimikyu|Mimikyu, F|100/100\n|-damage|p2a: Mimikyu|88/100|[from] Stealth Rock\n|move|p1a: Dragapult|Substitute|p1a: Dragapult\n|-start|p1a: Dragapult|Substitute\n|-damage|p1a: Dragapult|76/100\n|\n|-heal|p1a: Dragapult|82/100|[from] item: Leftovers\n|upkeep\n|turn|10\n|\n|t:|1783800763\n|move|p1a: Dragapult|Phantom Force||[still]\n|-prepare|p1a: Dragapult|Phantom Force\n|move|p2a: Mimikyu|Shadow Claw|p1a: Dragapult|[miss]\n|-miss|p2a: Mimikyu|p1a: Dragapult\n|\n|-heal|p1a: Dragapult|88/100|[from] item: Leftovers\n|upkeep\n|turn|11\n|\n|t:|1783800770\n|move|p1a: Dragapult|Phantom Force|p2a: Mimikyu|[from] lockedmove\n|-activate|p2a: Mimikyu|ability: Disguise\n|-damage|p2a: Mimikyu|88/100\n|detailschange|p2a: Mimikyu|Mimikyu-Busted, F\n|-damage|p2a: Mimikyu|76/100|[from] pokemon: Mimikyu-Busted\n|move|p2a: Mimikyu|Play Rough|p1a: Dragapult\n|-supereffective|p1a: Dragapult\n|-end|p1a: Dragapult|Substitute\n|-damage|p2a: Mimikyu|66/100|[from] item: Life Orb\n|\n|-heal|p1a: Dragapult|94/100|[from] item: Leftovers\n|upkeep\n|turn|12\n|\n|t:|1783800781\n|move|p1a: Dragapult|Phantom Force||[still]\n|-prepare|p1a: Dragapult|Phantom Force\n|move|p2a: Mimikyu|Play Rough|p1a: Dragapult|[miss]\n|-miss|p2a: Mimikyu|p1a: Dragapult\n|\n|-heal|p1a: Dragapult|99/100|[from] item: Leftovers\n|upkeep\n|turn|13\n|\n|t:|1783800787\n|move|p1a: Dragapult|Phantom Force|p2a: Mimikyu|[from] lockedmove\n|-supereffective|p2a: Mimikyu\n|-damage|p2a: Mimikyu|0 fnt\n|faint|p2a: Mimikyu\n|\n|-heal|p1a: Dragapult|100/100|[from] item: Leftovers\n|upkeep\n|\n|t:|1783800793\n|switch|p2a: Primarina|Primarina, F|88/100\n|-damage|p2a: Primarina|76/100|[from] Stealth Rock\n|turn|14\n|\n|t:|1783800797\n|switch|p1a: Corviknight|Corviknight, M|100/100\n|-ability|p1a: Corviknight|Pressure\n|move|p2a: Primarina|Blizzard|p1a: Corviknight|[miss]\n|-miss|p2a: Primarina|p1a: Corviknight\n|\n|upkeep\n|turn|15\n|\n|t:|1783800804\n|move|p1a: Corviknight|Brave Bird|p2a: Primarina\n|-damage|p2a: Primarina|12/100\n|-damage|p1a: Corviknight|82/100|[from] Recoil\n|move|p2a: Primarina|Blizzard|p1a: Corviknight\n|-damage|p1a: Corviknight|37/100\n|\n|upkeep\n|turn|16\n|\n|t:|1783800811\n|move|p1a: Corviknight|Brave Bird|p2a: Primarina\n|-damage|p2a: Primarina|0 fnt\n|faint|p2a: Primarina\n|-damage|p1a: Corviknight|34/100|[from] Recoil\n|\n|upkeep\n|\n|t:|1783800816\n|switch|p2a: Lurantis|Lurantis, M|100/100\n|-damage|p2a: Lurantis|88/100|[from] Stealth Rock\n|turn|17\n|\n|t:|1783800821\n|move|p1a: Corviknight|Brave Bird|p2a: Lurantis\n|-supereffective|p2a: Lurantis\n|-damage|p2a: Lurantis|0 fnt\n|faint|p2a: Lurantis\n|-damage|p1a: Corviknight|9/100|[from] Recoil\n|\n|win|Aight8755\n|raw|Aight8755's rating: 1139 &rarr; <strong>1159</strong><br />(+20 for winning)\n|raw|kolo290n's rating: 1062 &rarr; <strong>1047</strong><br />(-15 for losing)\n|l|☆kolo290n\n|player|p2|\n", "uploadtime": 1783800844, "views": 7, "formatid": "gen9ou", "rating": 1047, "private": 0, "password": null}