{"id": "gen9ou-2647767436", "format": "[Gen 9] OU", "players": ["sw1n", "bengalitoh"], "log": "|j|☆sw1n\n|j|☆bengalitoh\n|t:|1783809081\n|gametype|singles\n|player|p1|sw1n|veteran|1175\n|player|p2|bengalitoh|janine|1192\n|gen|9\n|tier|[Gen 9] OU\n|rated|\n|rule|HP Percentage Mod: HP is shown in percentages\n|rule|Endless Battle Clause: Forcing endless battles is banned\n|rule|Species Clause: Limit one of each Pokémon\n|rule|OHKO Clause: OHKO moves are banned\n|rule|Evasion Items Clause: Evasion items are banned\n|rule|Evasion Moves Clause: Evasion moves are banned\n|rule|Evasion Abilities Clause: Evasion abilities are banned\n|rule|Sleep Moves Clause: Sleep-inducing moves are banned\n|clearpoke\n|poke|p1|Sylveon, M|\n|poke|p1|Kyurem|\n|poke|p1|Great Tusk|\n|poke|p1|Ogerpon-Wellspring, F|\n|poke|p1|Dragapult, F|\n|poke|p1|Kingambit, F|\n|poke|p2|Tyranitar, M|\n|poke|p2|Excadrill, M|\n|poke|p2|Gliscor, M|\n|poke|p2|Dragonite, M|\n|poke|p2|Mienshao, F|\n|poke|p2|Scizor, M|\n|teampreview\n|inactive|Battle timer is ON: inactive players will automatically lose when time's up. (requested by bengalitoh)\n|\n|t:|1783809096\n|teamsize|p1|6\n|teamsize|p2|6\n|start\n|switch|p1a: Ogerpon|Ogerpon-Wellspring, F|100/100\n|switch|p2a: Mienshao|Mienshao, F, shiny|100/100\n|turn|1\n|\n|t:|1783809106\n|move|p1a: Ogerpon|Swords Dance|p1a: Ogerpon\n|-boost|p1a: Ogerpon|atk|2\n|move|p2a: Mienshao|U-turn|p1a: Ogerpon\n|-supereffective|p1a: Ogerpon\n|-damage|p1a: Ogerpon|42/100\n|\n|t:|1783809121\n|switch|p2a: Dragonite|Dragonite, M|100/100|[from] U-turn\n|\n|upkeep\n|turn|2\n|\n|t:|1783809139\n|switch|p1a: Yup|Sylveon, M|100/100\n|move|p2a: Dragonite|Dragon Dance|p2a: Dragonite\n|-boost|p2a: Dragonite|atk|1\n|-boost|p2a: Dragonite|spe|1\n|\n|upkeep\n|turn|3\n|\n|t:|1783809152\n|switch|p2a: Scizor|Scizor, M|100/100\n|move|p1a: Yup|Alluring Voice|p2a: Scizor\n|-resisted|p2a: Scizor\n|-damage|p2a: Scizor|77/100\n|\n|upkeep\n|turn|4\n|inactive|sw1n has 120 seconds left.\n|\n|t:|1783809180\n|move|p2a: Scizor|Knock Off|p1a: Yup\n|-resisted|p1a: Yup\n|-damage|p1a: Yup|71/100\n|-enditem|p1a: Yup|Leftovers|[from] move: Knock Off|[of] p2a: Scizor\n|-damage|p2a: Scizor|67/100|[from] item: Life Orb\n|move|p1a: Yup|Wish|p1a: Yup\n|\n|upkeep\n|turn|5\n|inactive|sw1n has 120 seconds left.\n|\n|t:|1783809194\n|switch|p1a: Ogerpon|Ogerpon-Wellspring, F|42/100\n|move|p2a: Scizor|Swords Dance|p2a: Scizor\n|-boost|p2a: Scizor|atk|2\n|\n|-heal|p1a: Ogerpon|100/100|[from] move: Wish|[wisher] Yup\n|upkeep\n|turn|6\n|inactive|sw1n has 120 seconds left.\n|\n|t:|1783809219\n|-terastallize|p1a: Ogerpon|Water\n|detailschange|p1a: Ogerpon|Ogerpon-Wellspring-Tera, F, tera:Water\n|-ability|p1a: Ogerpon|Embody Aspect (Wellspring)|boost\n|-boost|p1a: Ogerpon|spd|1\n|move|p1a: Ogerpon|Ivy Cudgel|p2a: Scizor|[anim] Ivy Cudgel Water\n|-damage|p2a: Scizor|0 fnt\n|faint|p2a: Scizor\n|\n|upkeep\n|\n|t:|1783809239\n|switch|p2a: Dragonite|Dragonite, M|100/100\n|turn|7\n|inactive|sw1n has 120 seconds left.\n|\n|t:|1783809258\n|switch|p1a: Yup|Sylveon, M|71/100\n|move|p2a: Dragonite|Dragon Dance|p2a: Dragonite\n|-boost|p2a: Dragonite|atk|1\n|-boost|p2a: Dragonite|spe|1\n|\n|upkeep\n|turn|8\n|\n|t:|1783809266\n|move|p2a: Dragonite|Earthquake|p1a: Yup\n|-damage|p1a: Yup|6/100\n|move|p1a: Yup|Alluring Voice|p2a: Dragonite\n|-supereffective|p2a: Dragonite\n|-damage|p2a: Dragonite|65/100\n|\n|upkeep\n|turn|9\n|inactive|sw1n has 120 seconds left.\n|\n|t:|1783809279\n|move|p1a: Yup|Quick Attack|p2a: Dragonite\n|-supereffective|p2a: Dragonite\n|-damage|p2a: Dragonite|41/100\n|move|p2a: Dragonite|Earthquake|p1a: Yup\n|-damage|p1a: Yup|0 fnt\n|faint|p1a: Yup\n|\n|upkeep\n|\n|t:|1783809303\n|switch|p1a: Great Tusk|Great Tusk|100/100\n|turn|10\n|\n|t:|1783809312\n|move|p2a: Dragonite|Outrage|p1a: Great Tusk\n|-damage|p1a: Great Tusk|46/100\n|move|p1a: Great Tusk|Ice Spinner|p2a: Dragonite\n|-supereffective|p2a: Dragonite\n|-damage|p2a: Dragonite|0 fnt\n|faint|p2a: Dragonite\n|\n|upkeep\n|\n|t:|1783809323\n|switch|p2a: Mienshao|Mienshao, F, shiny|100/100\n|turn|11\n|\n|t:|1783809338\n|-end|p1a: Great Tusk|Protosynthesis|[silent]\n|switch|p1a: Dragapult|Dragapult, F|100/100\n|move|p2a: Mienshao|Triple Axel|p1a: Dragapult\n|-supereffective|p1a: Dragapult\n|-damage|p1a: Dragapult|85/100\n|-supereffective|p1a: Dragapult\n|-damage|p1a: Dragapult|55/100\n|-supereffective|p1a: Dragapult\n|-damage|p1a: Dragapult|11/100\n|-hitcount|p1a: Dragapult|3\n|\n|upkeep\n|turn|12\n|\n|t:|1783809368\n|switch|p2a: Tyranitar|Tyranitar, M|100/100\n|-weather|Sandstorm|[from] ability: Sand Stream|[of] p2a: Tyranitar\n|move|p1a: Dragapult|Dragon Darts|p2a: Tyranitar\n|-damage|p2a: Tyranitar|82/100\n|-anim|p1a: Dragapult|Dragon Darts|p2a: Tyranitar\n|-damage|p2a: Tyranitar|62/100\n|\n|-weather|Sandstorm|[upkeep]\n|-damage|p1a: Dragapult|5/100|[from] Sandstorm\n|upkeep\n|turn|13\n|inactive|sw1n has 90 seconds left.\n|inactive|bengalitoh has 120 seconds left.\n|\n|t:|1783809394\n|switch|p1a: Ogerpon|Ogerpon-Wellspring-Tera, F, tera:Water|100/100\n|-ability|p1a: Ogerpon|Embody Aspect (Wellspring)|boost\n|-boost|p1a: Ogerpon|spd|1\n|move|p2a: Tyranitar|Stone Edge|p1a: Ogerpon|[miss]\n|-miss|p2a: Tyranitar|p1a: Ogerpon\n|\n|-weather|Sandstorm|[upkeep]\n|-damage|p1a: Ogerpon|95/100|[from] Sandstorm\n|upkeep\n|turn|14\n|inactive|bengalitoh has 120 seconds left.\n|inactive|sw1n has 90 seconds left.\n|\n|t:|1783809411\n|switch|p2a: Mienshao|Mienshao, F, shiny|100/100\n|move|p1a: Ogerpon|Swords Dance|p1a: Ogerpon\n|-boost|p1a: Ogerpon|atk|2\n|\n|-weather|Sandstorm|[upkeep]\n|-damage|p1a: Ogerpon|89/100|[from] Sandstorm\n|-damage|p2a: Mienshao|94/100|[from] Sandstorm\n|upkeep\n|turn|15\n|inactive|sw1n has 90 seconds left.\n|\n|t:|1783809429\n|move|p1a: Ogerpon|Ivy Cudgel|p2a: Mienshao|[anim] Ivy Cudgel Water\n|-damage|p2a: Mienshao|0 fnt\n|faint|p2a: Mienshao\n|\n|-weather|Sandstorm|[upkeep]\n|-damage|p1a: Ogerpon|83/100|[from] Sandstorm\n|upkeep\n|\n|t:|1783809438\n|switch|p2a: Excadrill|Excadrill, M|100/100\n|-item|p2a: Excadrill|Air Balloon\n|turn|16\n|inactive|sw1n has 90 seconds left.\n|inactive|bengalitoh has 120 seconds left.\n|\n|t:|1783809471\n|-terastallize|p2a: Excadrill|Dragon\n|move|p2a: Excadrill|Earthquake|p1a: Ogerpon\n|-damage|p1a: Ogerpon|0 fnt\n|faint|p1a: Ogerpon\n|detailschange|p1: Ogerpon|Ogerpon-Wellspring, F|[silent]\n|\n|-weather|none\n|upkeep\n|\n|t:|1783809487\n|switch|p1a: Kyurem|Kyurem|100/100\n|-ability|p1a: Kyurem|Pressure\n|turn|17\n|inactive|bengalitoh has 90 seconds left.\n|\n|t:|1783809517\n|switch|p2a: Tyranitar|Tyranitar, M|62/100\n|-weather|Sandstorm|[from] ability: Sand Stream|[of] p2a: Tyranitar\n|move|p1a: Kyurem|Icicle Spear|p2a: Tyranitar\n|-damage|p2a: Tyranitar|50/100\n|-damage|p2a: Tyranitar|37/100\n|-damage|p2a: Tyranitar|25/100\n|-damage|p2a: Tyranitar|10/100\n|-hitcount|p2a: Tyranitar|4\n|\n|-weather|Sandstorm|[upkeep]\n|-damage|p1a: Kyurem|94/100|[from] Sandstorm\n|upkeep\n|turn|18\n|inactive|sw1n has 60 seconds left.\n|\n|t:|1783809533\n|move|p1a: Kyurem|Icicle Spear|p2a: Tyranitar\n|-damage|p2a: Tyranitar|0 fnt\n|faint|p2a: Tyranitar\n|-hitcount|p2: Tyranitar|1\n|\n|-weather|Sandstorm|[upkeep]\n|-damage|p1a: Kyurem|88/100|[from] Sandstorm\n|upkeep\n|inactive|bengalitoh has 90 seconds left.\n|\n|t:|1783809545\n|switch|p2a: Excadrill|Excadrill, M, tera:Dragon|100/100\n|-item|p2a: Excadrill|Air Balloon\n|turn|19\n|\n|t:|1783809554\n|move|p2a: Excadrill|Iron Head|p1a: Kyurem\n|-supereffective|p1a: Kyurem\n|-damage|p1a: Kyurem|8/100\n|move|p1a: Kyurem|Icicle Spear|p2a: Excadrill\n|-supereffective|p2a: Excadrill\n|-damage|p2a: Excadrill|59/100\n|-enditem|p2a: Excadrill|Air Balloon\n|-supereffective|p2a: Excadrill\n|-damage|p2a: Excadrill|16/100\n|-supereffective|p2a: Excadrill\n|-damage|p2a: Excadrill|0 fnt\n|faint|p2a: Excadrill\n|-hitcount|p2: Excadrill|3\n|\n|-weather|Sandstorm|[upkeep]\n|-damage|p1a: Kyurem|2/100|[from] Sandstorm\n|upkeep\n|\n|t:|1783809559\n|switch|p2a: Gliscor|Gliscor, M, shiny|100/100\n|turn|20\n|\n|t:|1783809568\n|move|p2a: Gliscor|Protect|p2a: Gliscor\n|-singleturn|p2a: Gliscor|Protect\n|move|p1a: Kyurem|Icicle Spear|p2a: Gliscor\n|-activate|p2a: Gliscor|move: Protect\n|\n|-weather|Sandstorm|[upkeep]\n|-damage|p1a: Kyurem|0 fnt|[from] Sandstorm\n|faint|p1a: Kyurem\n|-status|p2a: Gliscor|tox|[from] item: Toxic Orb\n|upkeep\n|\n|t:|1783809579\n|switch|p1a: Great Tusk|Great Tusk|46/100\n|turn|21\n|\n|t:|1783809590\n|move|p1a: Great Tusk|Ice Spinner|p2a: Gliscor\n|-supereffective|p2a: Gliscor\n|-damage|p2a: Gliscor|25/100 tox\n|move|p2a: Gliscor|Toxic|p1a: Great Tusk\n|-status|p1a: Great Tusk|tox\n|\n|-weather|none\n|-damage|p1a: Great Tusk|39/100 tox|[from] psn\n|-heal|p2a: Gliscor|38/100 tox|[from] ability: Poison Heal\n|upkeep\n|turn|22\n|\n|t:|1783809611\n|-end|p1a: Great Tusk|Protosynthesis|[silent]\n|switch|p1a: Kingambit|Kingambit, F|100/100\n|-activate|p1a: Kingambit|ability: Supreme Overlord\n|-start|p1a: Kingambit|fallen3|[silent]\n|move|p2a: Gliscor|Protect||[still]\n|-fail|p2a: Gliscor\n|\n|-heal|p2a: Gliscor|50/100 tox|[from] ability: Poison Heal\n|upkeep\n|turn|23\n|\n|t:|1783809626\n|move|p2a: Gliscor|Knock Off|p1a: Kingambit\n|-resisted|p1a: Kingambit\n|-damage|p1a: Kingambit|92/100\n|-enditem|p1a: Kingambit|Black Glasses|[from] move: Knock Off|[of] p2a: Gliscor\n|move|p1a: Kingambit|Kowtow Cleave|p2a: Gliscor\n|-damage|p2a: Gliscor|6/100 tox\n|\n|-heal|p2a: Gliscor|18/100 tox|[from] ability: Poison Heal\n|upkeep\n|turn|24\n|\n|t:|1783809637\n|move|p2a: Gliscor|Stealth Rock|p1a: Kingambit\n|-sidestart|p1: sw1n|move: Stealth Rock\n|move|p1a: Kingambit|Kowtow Cleave|p2a: Gliscor\n|-damage|p2a: Gliscor|0 fnt\n|faint|p2a: Gliscor\n|\n|win|sw1n\n|raw|sw1n's rating: 1175 &rarr; <strong>1201</strong><br />(+26 for winning)\n|raw|bengalitoh's rating: 1192 &rarr; <strong>1166</strong><br />(-26 for losing)\n|l|☆bengalitoh\n|player|p2|\n|l|☆sw1n\n|player|p1|\n", "uploadtime": 1783809989, "views": 5, "formatid": "gen9ou", "rating": 1166, "private": 0, "password": null}