{"id": "gen9ou-2647787737", "format": "[Gen 9] OU", "players": ["OUBotBeepBoop", "sir.doff"], "log": "|j|☆OUBotBeepBoop\n|j|☆sir.doff\n|t:|1783812645\n|gametype|singles\n|player|p1|OUBotBeepBoop|102|1166\n|player|p2|sir.doff|gentleman-gen4|1149\n|gen|9\n|tier|[Gen 9] OU\n|rated|\n|rule|HP Percentage Mod: HP is shown in percentages\n|rule|Endless Battle Clause: Forcing endless battles is banned\n|rule|Species Clause: Limit one of each Pokémon\n|rule|OHKO Clause: OHKO moves are banned\n|rule|Evasion Items Clause: Evasion items are banned\n|rule|Evasion Moves Clause: Evasion moves are banned\n|rule|Evasion Abilities Clause: Evasion abilities are banned\n|rule|Sleep Moves Clause: Sleep-inducing moves are banned\n|clearpoke\n|poke|p1|Glimmora, M|\n|poke|p1|Great Tusk|\n|poke|p1|Kingambit, M|\n|poke|p1|Dragapult, M|\n|poke|p1|Clefable, F|\n|poke|p1|Corviknight, M|\n|poke|p2|Pelipper, F|\n|poke|p2|Ludicolo, M|\n|poke|p2|Barraskewda, M|\n|poke|p2|Raging Bolt|\n|poke|p2|Iron Treads|\n|poke|p2|Overqwil, M|\n|teampreview\n|inactive|Battle timer is ON: inactive players will automatically lose when time's up. (requested by OUBotBeepBoop)\n|\n|t:|1783812647\n|teamsize|p1|6\n|teamsize|p2|6\n|start\n|switch|p1a: Glimmora|Glimmora, M|100/100\n|switch|p2a: Bocona|Pelipper, F|100/100\n|-weather|RainDance|[from] ability: Drizzle|[of] p2a: Bocona\n|turn|1\n|\n|t:|1783812650\n|move|p1a: Glimmora|Power Gem|p2a: Bocona\n|-supereffective|p2a: Bocona\n|-damage|p2a: Bocona|0 fnt\n|faint|p2a: Bocona\n|\n|-weather|RainDance|[upkeep]\n|upkeep\n|\n|t:|1783812658\n|switch|p2a: Go Drinking|Ludicolo, M|100/100\n|turn|2\n|\n|t:|1783812659\n|move|p2a: Go Drinking|Weather Ball|p1a: Glimmora\n|-supereffective|p1a: Glimmora\n|-enditem|p1a: Glimmora|Focus Sash\n|-damage|p1a: Glimmora|1/100\n|-damage|p2a: Go Drinking|91/100|[from] item: Life Orb\n|move|p1a: Glimmora|Power Gem|p2a: Go Drinking\n|-damage|p2a: Go Drinking|39/100\n|\n|-weather|RainDance|[upkeep]\n|upkeep\n|turn|3\n|\n|t:|1783812665\n|move|p2a: Go Drinking|Hydro Pump|p1a: Glimmora\n|-supereffective|p1a: Glimmora\n|-damage|p1a: Glimmora|0 fnt\n|faint|p1a: Glimmora\n|-damage|p2a: Go Drinking|29/100|[from] item: Life Orb\n|\n|-weather|RainDance|[upkeep]\n|upkeep\n|\n|t:|1783812665\n|switch|p1a: Dragapult|Dragapult, M|100/100\n|turn|4\n|\n|t:|1783812669\n|move|p2a: Go Drinking|Ice Beam|p1a: Dragapult\n|-supereffective|p1a: Dragapult\n|-damage|p1a: Dragapult|9/100\n|-damage|p2a: Go Drinking|19/100|[from] item: Life Orb\n|move|p1a: Dragapult|U-turn|p2a: Go Drinking\n|-supereffective|p2a: Go Drinking\n|-damage|p2a: Go Drinking|0 fnt\n|faint|p2a: Go Drinking\n|\n|t:|1783812669\n|switch|p1a: Kingambit|Kingambit, M|100/100|[from] U-turn\n|-activate|p1a: Kingambit|ability: Supreme Overlord\n|-start|p1a: Kingambit|fallen1|[silent]\n|\n|-weather|RainDance|[upkeep]\n|upkeep\n|\n|t:|1783812674\n|switch|p2a: Defante|Iron Treads|100/100\n|turn|5\n|\n|t:|1783812675\n|-end|p1a: Kingambit|fallen1|[silent]\n|switch|p1a: Great Tusk|Great Tusk|100/100\n|move|p2a: Defante|Stealth Rock|p1a: Great Tusk\n|-sidestart|p1: OUBotBeepBoop|move: Stealth Rock\n|\n|-weather|RainDance|[upkeep]\n|upkeep\n|turn|6\n|\n|t:|1783812679\n|move|p1a: Great Tusk|Headlong Rush|p2a: Defante\n|-supereffective|p2a: Defante\n|-damage|p2a: Defante|0 fnt\n|-unboost|p1a: Great Tusk|def|1\n|-unboost|p1a: Great Tusk|spd|1\n|faint|p2a: Defante\n|-end|p2a: Defante|Quark Drive|[silent]\n|\n|-weather|RainDance|[upkeep]\n|upkeep\n|\n|t:|1783812682\n|switch|p2a: Tilápio|Barraskewda, M|100/100\n|turn|7\n|\n|t:|1783812684\n|-end|p1a: Great Tusk|Protosynthesis|[silent]\n|switch|p1a: Dragapult|Dragapult, M|9/100\n|-damage|p1a: Dragapult|0 fnt|[from] Stealth Rock\n|faint|p1a: Dragapult\n|move|p2a: Tilápio|Liquidation|p1: Dragapult|[notarget]\n|-fail|p2a: Tilápio\n|\n|-weather|RainDance|[upkeep]\n|upkeep\n|\n|t:|1783812685\n|switch|p1a: Clefable|Clefable, F|100/100\n|-damage|p1a: Clefable|88/100|[from] Stealth Rock\n|turn|8\n|\n|t:|1783812690\n|move|p2a: Tilápio|Liquidation|p1a: Clefable\n|-damage|p1a: Clefable|25/100\n|-unboost|p1a: Clefable|def|1\n|move|p1a: Clefable|Moonblast|p2a: Tilápio\n|-damage|p2a: Tilápio|24/100\n|\n|-weather|none\n|-heal|p1a: Clefable|31/100|[from] item: Leftovers\n|upkeep\n|turn|9\n|\n|t:|1783812696\n|switch|p1a: Corviknight|Corviknight, M|100/100\n|-damage|p1a: Corviknight|88/100|[from] Stealth Rock\n|-ability|p1a: Corviknight|Pressure\n|move|p2a: Tilápio|Liquidation|p1a: Corviknight\n|-damage|p1a: Corviknight|53/100\n|\n|-heal|p1a: Corviknight|59/100|[from] item: Leftovers\n|upkeep\n|turn|10\n|\n|t:|1783812699\n|move|p2a: Tilápio|Flip Turn|p1a: Corviknight\n|-damage|p1a: Corviknight|35/100\n|\n|t:|1783812703\n|switch|p2a: Thor|Raging Bolt|100/100|[from] Flip Turn\n|-enditem|p2a: Thor|Booster Energy\n|-activate|p2a: Thor|ability: Protosynthesis|[fromitem]\n|-start|p2a: Thor|protosynthesisspa\n|move|p1a: Corviknight|Roost|p1a: Corviknight\n|-heal|p1a: Corviknight|85/100\n|-singleturn|p1a: Corviknight|move: Roost\n|\n|-heal|p1a: Corviknight|91/100|[from] item: Leftovers\n|upkeep\n|turn|11\n|\n|t:|1783812704\n|switch|p1a: Great Tusk|Great Tusk|100/100\n|move|p2a: Thor|Thunderbolt|p1a: Great Tusk\n|-immune|p1a: Great Tusk\n|\n|upkeep\n|turn|12\n|\n|t:|1783812708\n|-terastallize|p2a: Thor|Fairy\n|move|p1a: Great Tusk|Headlong Rush|p2a: Thor\n|-damage|p2a: Thor|38/100\n|-unboost|p1a: Great Tusk|def|1\n|-unboost|p1a: Great Tusk|spd|1\n|move|p2a: Thor|Dragon Pulse|p1a: Great Tusk\n|-damage|p1a: Great Tusk|0 fnt\n|faint|p1a: Great Tusk\n|-end|p1a: Great Tusk|Protosynthesis|[silent]\n|\n|upkeep\n|\n|t:|1783812709\n|switch|p1a: Kingambit|Kingambit, M|100/100\n|-damage|p1a: Kingambit|94/100|[from] Stealth Rock\n|-activate|p1a: Kingambit|ability: Supreme Overlord\n|-start|p1a: Kingambit|fallen3|[silent]\n|turn|13\n|\n|t:|1783812714\n|move|p2a: Thor|Thunderbolt|p1a: Kingambit\n|-damage|p1a: Kingambit|29/100\n|move|p1a: Kingambit|Kowtow Cleave|p2a: Thor\n|-resisted|p2a: Thor\n|-crit|p2a: Thor\n|-damage|p2a: Thor|0 fnt\n|faint|p2a: Thor\n|-end|p2a: Thor|Protosynthesis|[silent]\n|\n|upkeep\n|\n|t:|1783812717\n|switch|p2a: Tilápio|Barraskewda, M|24/100\n|turn|14\n|\n|t:|1783812720\n|-terastallize|p1a: Kingambit|Dark\n|move|p2a: Tilápio|Aqua Jet|p1a: Kingambit\n|-damage|p1a: Kingambit|8/100\n|move|p1a: Kingambit|Sucker Punch||[still]\n|-fail|p1a: Kingambit\n|\n|upkeep\n|turn|15\n|\n|t:|1783812722\n|move|p2a: Tilápio|Aqua Jet|p1a: Kingambit\n|-damage|p1a: Kingambit|0 fnt\n|faint|p1a: Kingambit\n|-end|p1a: Kingambit|fallen3|[silent]\n|\n|upkeep\n|\n|t:|1783812723\n|switch|p1a: Corviknight|Corviknight, M|91/100\n|-damage|p1a: Corviknight|79/100|[from] Stealth Rock\n|-ability|p1a: Corviknight|Pressure\n|turn|16\n|\n|t:|1783812728\n|move|p2a: Tilápio|Liquidation|p1a: Corviknight\n|-damage|p1a: Corviknight|45/100\n|move|p1a: Corviknight|Body Press|p2a: Tilápio\n|-damage|p2a: Tilápio|0 fnt\n|faint|p2a: Tilápio\n|\n|-heal|p1a: Corviknight|52/100|[from] item: Leftovers\n|upkeep\n|\n|t:|1783812730\n|switch|p2a: Overqwil|Overqwil, M|100/100\n|turn|17\n|\n|t:|1783812731\n|move|p2a: Overqwil|Swords Dance|p2a: Overqwil\n|-boost|p2a: Overqwil|atk|2\n|move|p1a: Corviknight|Roost|p1a: Corviknight\n|-heal|p1a: Corviknight|100/100\n|-singleturn|p1a: Corviknight|move: Roost\n|\n|upkeep\n|turn|18\n|\n|t:|1783812741\n|move|p2a: Overqwil|Liquidation|p1a: Corviknight\n|-damage|p1a: Corviknight|65/100\n|move|p1a: Corviknight|Defog|p2a: Overqwil\n|-fail|p2a: Overqwil|unboost|[from] item: Clear Amulet|[of] p2a: Overqwil\n|-sideend|p1: OUBotBeepBoop|Stealth Rock|[from] move: Defog|[of] p1a: Corviknight\n|\n|-heal|p1a: Corviknight|71/100|[from] item: Leftovers\n|upkeep\n|turn|19\n|\n|t:|1783812744\n|move|p2a: Overqwil|Swords Dance|p2a: Overqwil\n|-boost|p2a: Overqwil|atk|2\n|move|p1a: Corviknight|Roost|p1a: Corviknight\n|-heal|p1a: Corviknight|100/100\n|-singleturn|p1a: Corviknight|move: Roost\n|\n|upkeep\n|turn|20\n|\n|t:|1783812747\n|move|p2a: Overqwil|Swords Dance|p2a: Overqwil\n|-boost|p2a: Overqwil|atk|2\n|move|p1a: Corviknight|Body Press|p2a: Overqwil\n|-damage|p2a: Overqwil|72/100\n|\n|upkeep\n|turn|21\n|\n|t:|1783812749\n|move|p2a: Overqwil|Liquidation|p1a: Corviknight\n|-damage|p1a: Corviknight|26/100\n|move|p1a: Corviknight|Body Press|p2a: Overqwil\n|-damage|p2a: Overqwil|45/100\n|\n|-heal|p1a: Corviknight|32/100|[from] item: Leftovers\n|upkeep\n|turn|22\n|\n|t:|1783812752\n|move|p2a: Overqwil|Liquidation|p1a: Corviknight\n|-damage|p1a: Corviknight|0 fnt\n|faint|p1a: Corviknight\n|\n|upkeep\n|\n|t:|1783812752\n|switch|p1a: Clefable|Clefable, F|31/100\n|turn|23\n|\n|t:|1783812754\n|move|p2a: Overqwil|Liquidation|p1a: Clefable\n|-damage|p1a: Clefable|10/100\n|-unboost|p1a: Clefable|def|1\n|move|p1a: Clefable|Moonblast|p2a: Overqwil\n|-damage|p2a: Overqwil|0 fnt\n|faint|p2a: Overqwil\n|\n|win|OUBotBeepBoop\n|raw|OUBotBeepBoop's rating: 1148 &rarr; <strong>1173</strong><br />(+25 for winning)\n|raw|sir.doff's rating: 1149 &rarr; <strong>1124</strong><br />(-25 for losing)\n|l|☆OUBotBeepBoop\n|player|p1|\n|l|☆sir.doff\n|player|p2|\n", "uploadtime": 1783813071, "views": 28, "formatid": "gen9ou", "rating": 1124, "private": 0, "password": null}