{"id": "gen9ou-2647820381", "format": "[Gen 9] OU", "players": ["greysay", "EthanMcl22"], "log": "|j|☆greysay\n|j|☆EthanMcl22\n|t:|1783818332\n|gametype|singles\n|player|p1|greysay|bianca|1137\n|player|p2|EthanMcl22|266|1117\n|gen|9\n|tier|[Gen 9] OU\n|rated|\n|rule|HP Percentage Mod: HP is shown in percentages\n|rule|Endless Battle Clause: Forcing endless battles is banned\n|rule|Species Clause: Limit one of each Pokémon\n|rule|OHKO Clause: OHKO moves are banned\n|rule|Evasion Items Clause: Evasion items are banned\n|rule|Evasion Moves Clause: Evasion moves are banned\n|rule|Evasion Abilities Clause: Evasion abilities are banned\n|rule|Sleep Moves Clause: Sleep-inducing moves are banned\n|clearpoke\n|poke|p1|Florges-Orange, F|\n|poke|p1|Torkoal, F|\n|poke|p1|Ninetales, M|\n|poke|p1|Emboar, F|\n|poke|p1|Milotic, F|\n|poke|p1|Leavanny, F|\n|poke|p2|Ting-Lu|\n|poke|p2|Weezing-Galar, M|\n|poke|p2|Iron Crown|\n|poke|p2|Tornadus-Therian, M|\n|poke|p2|Ogerpon-Wellspring, F|\n|poke|p2|Arcanine-Hisui, F|\n|teampreview\n|\n|t:|1783818363\n|teamsize|p1|6\n|teamsize|p2|6\n|start\n|switch|p1a: Torkoal|Torkoal, F|100/100\n|switch|p2a: Weezing|Weezing-Galar, M|100/100\n|-ability|p2a: Weezing|Neutralizing Gas\n|turn|1\n|\n|t:|1783818381\n|-end|p2a: Weezing|ability: Neutralizing Gas\n|-weather|SunnyDay|[from] ability: Drought|[of] p1a: Torkoal\n|switch|p2a: Arcanine|Arcanine-Hisui, F|100/100\n|move|p1a: Torkoal|Scorching Sands|p2a: Arcanine\n|-supereffective|p2a: Arcanine\n|-damage|p2a: Arcanine|0 fnt\n|faint|p2a: Arcanine\n|\n|-weather|SunnyDay|[upkeep]\n|upkeep\n|\n|t:|1783818397\n|switch|p2a: Ting-Lu|Ting-Lu|100/100\n|-ability|p2a: Ting-Lu|Vessel of Ruin\n|turn|2\n|\n|t:|1783818405\n|switch|p1a: Leavanny|Leavanny, F|100/100\n|move|p2a: Ting-Lu|Stealth Rock|p1a: Leavanny\n|-sidestart|p1: greysay|move: Stealth Rock\n|\n|-weather|SunnyDay|[upkeep]\n|upkeep\n|turn|3\n|\n|t:|1783818412\n|move|p1a: Leavanny|Bullet Seed|p2a: Ting-Lu\n|-supereffective|p2a: Ting-Lu\n|-damage|p2a: Ting-Lu|92/100\n|-supereffective|p2a: Ting-Lu\n|-damage|p2a: Ting-Lu|83/100\n|-supereffective|p2a: Ting-Lu\n|-damage|p2a: Ting-Lu|73/100\n|-supereffective|p2a: Ting-Lu\n|-damage|p2a: Ting-Lu|65/100\n|-hitcount|p2a: Ting-Lu|4\n|move|p2a: Ting-Lu|Spikes|p1a: Leavanny\n|-sidestart|p1: greysay|Spikes\n|\n|-weather|SunnyDay|[upkeep]\n|upkeep\n|turn|4\n|\n|t:|1783818424\n|move|p1a: Leavanny|Triple Axel|p2a: Ting-Lu\n|-supereffective|p2a: Ting-Lu\n|-damage|p2a: Ting-Lu|60/100\n|-damage|p1a: Leavanny|84/100|[from] item: Rocky Helmet|[of] p2a: Ting-Lu\n|-supereffective|p2a: Ting-Lu\n|-damage|p2a: Ting-Lu|50/100\n|-damage|p1a: Leavanny|68/100|[from] item: Rocky Helmet|[of] p2a: Ting-Lu\n|-supereffective|p2a: Ting-Lu\n|-damage|p2a: Ting-Lu|36/100\n|-damage|p1a: Leavanny|51/100|[from] item: Rocky Helmet|[of] p2a: Ting-Lu\n|-hitcount|p2a: Ting-Lu|3\n|move|p2a: Ting-Lu|Whirlwind|p1a: Leavanny\n|drag|p1a: Emboar|Emboar, F|100/100\n|-damage|p1a: Emboar|88/100|[from] Stealth Rock\n|-damage|p1a: Emboar|76/100|[from] Spikes\n|\n|-weather|SunnyDay|[upkeep]\n|upkeep\n|turn|5\n|\n|t:|1783818446\n|move|p1a: Emboar|Drain Punch|p2a: Ting-Lu\n|-supereffective|p2a: Ting-Lu\n|-damage|p2a: Ting-Lu|0 fnt\n|-heal|p1a: Emboar|97/100|[from] drain|[of] p2a: Ting-Lu\n|-damage|p1a: Emboar|81/100|[from] item: Rocky Helmet|[of] p2a: Ting-Lu\n|faint|p2a: Ting-Lu\n|\n|-weather|none\n|upkeep\n|\n|t:|1783818455\n|switch|p2a: Ogerpon|Ogerpon-Wellspring, F|100/100\n|turn|6\n|\n|t:|1783818468\n|switch|p1a: Torkoal|Torkoal, F|100/100\n|-damage|p1a: Torkoal|76/100|[from] Stealth Rock\n|-damage|p1a: Torkoal|63/100|[from] Spikes\n|-weather|SunnyDay|[from] ability: Drought|[of] p1a: Torkoal\n|move|p2a: Ogerpon|Swords Dance|p2a: Ogerpon\n|-boost|p2a: Ogerpon|atk|2\n|\n|-weather|SunnyDay|[upkeep]\n|-heal|p1a: Torkoal|70/100|[from] item: Leftovers\n|upkeep\n|turn|7\n|\n|t:|1783818483\n|move|p2a: Ogerpon|Ivy Cudgel|p1a: Torkoal|[anim] Ivy Cudgel Water\n|-supereffective|p1a: Torkoal\n|-damage|p1a: Torkoal|0 fnt\n|faint|p1a: Torkoal\n|\n|-weather|SunnyDay|[upkeep]\n|upkeep\n|\n|t:|1783818493\n|switch|p1a: Leavanny|Leavanny, F|51/100\n|-damage|p1a: Leavanny|26/100|[from] Stealth Rock\n|-damage|p1a: Leavanny|14/100|[from] Spikes\n|turn|8\n|\n|t:|1783818502\n|-terastallize|p1a: Leavanny|Bug\n|move|p1a: Leavanny|X-Scissor|p2a: Ogerpon\n|-supereffective|p2a: Ogerpon\n|-crit|p2a: Ogerpon\n|-damage|p2a: Ogerpon|0 fnt\n|faint|p2a: Ogerpon\n|\n|-weather|SunnyDay|[upkeep]\n|upkeep\n|\n|t:|1783818514\n|switch|p2a: Tornadus|Tornadus-Therian, M|100/100\n|turn|9\n|\n|t:|1783818519\n|move|p1a: Leavanny|Triple Axel|p2a: Tornadus\n|-supereffective|p2a: Tornadus\n|-damage|p2a: Tornadus|81/100\n|-supereffective|p2a: Tornadus\n|-damage|p2a: Tornadus|43/100\n|-supereffective|p2a: Tornadus\n|-damage|p2a: Tornadus|0 fnt\n|faint|p2a: Tornadus\n|-hitcount|p2: Tornadus|3\n|\n|-weather|SunnyDay|[upkeep]\n|upkeep\n|\n|t:|1783818529\n|switch|p2a: Iron Crown|Iron Crown|100/100\n|-enditem|p2a: Iron Crown|Booster Energy\n|-activate|p2a: Iron Crown|ability: Quark Drive|[fromitem]\n|-start|p2a: Iron Crown|quarkdrivespe\n|turn|10\n|\n|t:|1783818536\n|move|p1a: Leavanny|Sticky Web|p2a: Iron Crown\n|-sidestart|p2: EthanMcl22|move: Sticky Web\n|move|p2a: Iron Crown|Tachyon Cutter|p1a: Leavanny\n|-damage|p1a: Leavanny|0 fnt\n|faint|p1a: Leavanny\n|-hitcount|p1: Leavanny|1\n|\n|-weather|none\n|upkeep\n|\n|t:|1783818547\n|switch|p1a: Ninetales|Ninetales, M|100/100\n|-damage|p1a: Ninetales|76/100|[from] Stealth Rock\n|-damage|p1a: Ninetales|64/100|[from] Spikes\n|-weather|SunnyDay|[from] ability: Drought|[of] p1a: Ninetales\n|turn|11\n|\n|t:|1783818560\n|move|p2a: Iron Crown|Future Sight|p1a: Ninetales\n|-start|p2a: Iron Crown|move: Future Sight\n|move|p1a: Ninetales|Weather Ball|p2a: Iron Crown\n|-supereffective|p2a: Iron Crown\n|-damage|p2a: Iron Crown|0 fnt\n|faint|p2a: Iron Crown\n|-end|p2a: Iron Crown|Quark Drive|[silent]\n|\n|-weather|SunnyDay|[upkeep]\n|upkeep\n|-message|EthanMcl22 forfeited.\n|\n|win|greysay\n|raw|greysay's rating: 1137 &rarr; <strong>1161</strong><br />(+24 for winning)\n|raw|EthanMcl22's rating: 1117 &rarr; <strong>1093</strong><br />(-24 for losing)\n|l|☆EthanMcl22\n|player|p2|\n|l|☆greysay\n|player|p1|\n", "uploadtime": 1783818943, "views": 14, "formatid": "gen9ou", "rating": 1093, "private": 0, "password": null}