{"id": "gen9ou-2647810025", "format": "[Gen 9] OU", "players": ["robert3475", "offense council 4"], "log": "|j|☆robert3475\n|j|☆offense council 4\n|t:|1783816524\n|gametype|singles\n|player|p1|robert3475|dragontamer|1177\n|player|p2|offense council 4|riley|1193\n|gen|9\n|tier|[Gen 9] OU\n|rated|\n|rule|HP Percentage Mod: HP is shown in percentages\n|rule|Endless Battle Clause: Forcing endless battles is banned\n|rule|Species Clause: Limit one of each Pokémon\n|rule|OHKO Clause: OHKO moves are banned\n|rule|Evasion Items Clause: Evasion items are banned\n|rule|Evasion Moves Clause: Evasion moves are banned\n|rule|Evasion Abilities Clause: Evasion abilities are banned\n|rule|Sleep Moves Clause: Sleep-inducing moves are banned\n|clearpoke\n|poke|p1|Hydreigon, M|\n|poke|p1|Ceruledge, M|\n|poke|p1|Darkrai|\n|poke|p1|Grimmsnarl, M|\n|poke|p1|Iron Crown|\n|poke|p1|Salamence, M|\n|poke|p2|Braviary-Hisui, M|\n|poke|p2|Zamazenta-*|\n|poke|p2|Iron Moth|\n|poke|p2|Darkrai|\n|poke|p2|Glimmora, F|\n|poke|p2|Zebstrika, M|\n|teampreview\n|\n|t:|1783816532\n|teamsize|p1|6\n|teamsize|p2|6\n|start\n|switch|p1a: Grimmsnarl|Grimmsnarl, M|100/100\n|switch|p2a: Glimmora|Glimmora, F|100/100\n|turn|1\n|\n|t:|1783816540\n|move|p1a: Grimmsnarl|Light Screen|p1a: Grimmsnarl\n|-sidestart|p1: robert3475|move: Light Screen\n|move|p2a: Glimmora|Stealth Rock|p1a: Grimmsnarl\n|-sidestart|p1: robert3475|move: Stealth Rock\n|\n|upkeep\n|turn|2\n|\n|t:|1783816550\n|move|p1a: Grimmsnarl|Thunder Wave|p2a: Glimmora\n|-status|p2a: Glimmora|par\n|move|p2a: Glimmora|Mortal Spin|p1a: Grimmsnarl\n|-supereffective|p1a: Grimmsnarl\n|-damage|p1a: Grimmsnarl|86/100\n|-status|p1a: Grimmsnarl|psn\n|\n|-damage|p1a: Grimmsnarl|74/100 psn|[from] psn\n|upkeep\n|turn|3\n|\n|t:|1783816562\n|move|p1a: Grimmsnarl|Play Rough|p2a: Glimmora\n|-resisted|p2a: Glimmora\n|-damage|p2a: Glimmora|80/100 par\n|-activate|p2a: Glimmora|ability: Toxic Debris\n|-sidestart|p1: robert3475|move: Toxic Spikes\n|move|p2a: Glimmora|Power Gem|p1a: Grimmsnarl\n|-crit|p1a: Grimmsnarl\n|-damage|p1a: Grimmsnarl|19/100 psn\n|\n|-damage|p1a: Grimmsnarl|6/100 psn|[from] psn\n|upkeep\n|turn|4\n|\n|t:|1783816574\n|switch|p1a: Hydreigon|Hydreigon, M|100/100\n|-damage|p1a: Hydreigon|88/100|[from] Stealth Rock\n|move|p2a: Glimmora|Power Gem|p1a: Hydreigon\n|-damage|p1a: Hydreigon|75/100\n|\n|upkeep\n|turn|5\n|\n|t:|1783816584\n|move|p1a: Hydreigon|Earth Power|p2a: Glimmora\n|-supereffective|p2a: Glimmora\n|-damage|p2a: Glimmora|0 fnt\n|faint|p2a: Glimmora\n|\n|upkeep\n|\n|t:|1783816597\n|switch|p2a: Darkrai|Darkrai|100/100\n|turn|6\n|\n|t:|1783816613\n|-terastallize|p1a: Hydreigon|Fairy\n|move|p2a: Darkrai|Nasty Plot|p2a: Darkrai\n|-boost|p2a: Darkrai|spa|2\n|move|p1a: Hydreigon|Flash Cannon|p2a: Darkrai\n|-damage|p2a: Darkrai|59/100\n|\n|upkeep\n|turn|7\n|\n|t:|1783816624\n|move|p2a: Darkrai|Ice Beam|p1a: Hydreigon\n|-damage|p1a: Hydreigon|50/100\n|-damage|p2a: Darkrai|49/100|[from] item: Life Orb\n|move|p1a: Hydreigon|Flash Cannon|p2a: Darkrai\n|-damage|p2a: Darkrai|6/100\n|\n|upkeep\n|turn|8\n|\n|t:|1783816645\n|move|p2a: Darkrai|Dark Pulse|p1a: Hydreigon\n|-resisted|p1a: Hydreigon\n|-damage|p1a: Hydreigon|32/100\n|-damage|p2a: Darkrai|0 fnt|[from] item: Life Orb\n|faint|p2a: Darkrai\n|move|p1a: Hydreigon|Flash Cannon|p2: Darkrai|[notarget]\n|-fail|p1a: Hydreigon\n|\n|-sideend|p1: robert3475|move: Light Screen\n|upkeep\n|\n|t:|1783816663\n|switch|p2a: Braviary|Braviary-Hisui, M|100/100\n|turn|9\n|\n|t:|1783816668\n|move|p1a: Hydreigon|Dark Pulse|p2a: Braviary\n|-supereffective|p2a: Braviary\n|-damage|p2a: Braviary|21/100\n|move|p2a: Braviary|Esper Wing|p1a: Hydreigon\n|-damage|p1a: Hydreigon|8/100\n|-boost|p2a: Braviary|spe|1\n|\n|upkeep\n|turn|10\n|\n|t:|1783816677\n|move|p2a: Braviary|Esper Wing|p1a: Hydreigon\n|-damage|p1a: Hydreigon|0 fnt\n|-boost|p2a: Braviary|spe|1\n|faint|p1a: Hydreigon\n|\n|upkeep\n|\n|t:|1783816681\n|switch|p1a: Ceruledge|Ceruledge, M, shiny|100/100\n|-damage|p1a: Ceruledge|76/100|[from] Stealth Rock\n|-item|p1a: Ceruledge|Air Balloon\n|turn|11\n|\n|t:|1783816688\n|move|p1a: Ceruledge|Shadow Sneak|p2a: Braviary\n|-supereffective|p2a: Braviary\n|-damage|p2a: Braviary|0 fnt\n|faint|p2a: Braviary\n|\n|upkeep\n|\n|t:|1783816698\n|switch|p2a: Zebstrika|Zebstrika, M|100/100\n|turn|12\n|\n|t:|1783816716\n|move|p2a: Zebstrika|Supercell Slam|p1a: Ceruledge\n|-damage|p1a: Ceruledge|13/100\n|-ability|p1a: Ceruledge|Weak Armor|boost\n|-unboost|p1a: Ceruledge|def|1\n|-boost|p1a: Ceruledge|spe|2\n|-enditem|p1a: Ceruledge|Air Balloon\n|move|p1a: Ceruledge|Bitter Blade|p2a: Zebstrika\n|-damage|p2a: Zebstrika|26/100\n|-heal|p1a: Ceruledge|50/100|[from] drain|[of] p2a: Zebstrika\n|\n|upkeep\n|turn|13\n|\n|t:|1783816732\n|move|p1a: Ceruledge|Shadow Sneak|p2a: Zebstrika\n|-damage|p2a: Zebstrika|0 fnt\n|faint|p2a: Zebstrika\n|\n|upkeep\n|\n|t:|1783816747\n|switch|p2a: Zamazenta|Zamazenta|100/100\n|-ability|p2a: Zamazenta|Dauntless Shield|boost\n|-boost|p2a: Zamazenta|def|1\n|turn|14\n|\n|t:|1783816763\n|move|p1a: Ceruledge|Bitter Blade|p2a: Zamazenta\n|-damage|p2a: Zamazenta|83/100\n|-heal|p1a: Ceruledge|62/100|[from] drain|[of] p2a: Zamazenta\n|move|p2a: Zamazenta|Crunch|p1a: Ceruledge\n|-supereffective|p1a: Ceruledge\n|-damage|p1a: Ceruledge|0 fnt\n|faint|p1a: Ceruledge\n|\n|-heal|p2a: Zamazenta|89/100|[from] item: Leftovers\n|upkeep\n|\n|t:|1783816768\n|switch|p1a: Grimmsnarl|Grimmsnarl, M|6/100 psn\n|-damage|p1a: Grimmsnarl|0 fnt|[from] Stealth Rock\n|faint|p1a: Grimmsnarl\n|\n|t:|1783816787\n|switch|p1a: Iron Crown|Iron Crown|100/100\n|-damage|p1a: Iron Crown|94/100|[from] Stealth Rock\n|-enditem|p1a: Iron Crown|Booster Energy\n|-activate|p1a: Iron Crown|ability: Quark Drive|[fromitem]\n|-start|p1a: Iron Crown|quarkdrivespe\n|turn|15\n|\n|t:|1783816798\n|-terastallize|p2a: Zamazenta|Steel\n|move|p1a: Iron Crown|Psychic|p2a: Zamazenta\n|-resisted|p2a: Zamazenta\n|-crit|p2a: Zamazenta\n|-damage|p2a: Zamazenta|63/100\n|move|p2a: Zamazenta|Iron Defense|p2a: Zamazenta\n|-boost|p2a: Zamazenta|def|2\n|\n|-heal|p2a: Zamazenta|69/100|[from] item: Leftovers\n|upkeep\n|turn|16\n|\n|t:|1783816811\n|move|p1a: Iron Crown|Focus Blast|p2a: Zamazenta\n|-supereffective|p2a: Zamazenta\n|-crit|p2a: Zamazenta\n|-damage|p2a: Zamazenta|0 fnt\n|faint|p2a: Zamazenta\n|\n|upkeep\n|\n|t:|1783816820\n|switch|p2a: Iron Moth|Iron Moth|100/100\n|-enditem|p2a: Iron Moth|Booster Energy\n|-activate|p2a: Iron Moth|ability: Quark Drive|[fromitem]\n|-start|p2a: Iron Moth|quarkdrivespe\n|turn|17\n|\n|t:|1783816834\n|move|p2a: Iron Moth|Fiery Dance|p1a: Iron Crown\n|-supereffective|p1a: Iron Crown\n|-damage|p1a: Iron Crown|22/100\n|-boost|p2a: Iron Moth|spa|1\n|move|p1a: Iron Crown|Psychic|p2a: Iron Moth\n|-supereffective|p2a: Iron Moth\n|-damage|p2a: Iron Moth|20/100\n|\n|upkeep\n|turn|18\n|\n|t:|1783816843\n|move|p2a: Iron Moth|Fiery Dance|p1a: Iron Crown\n|-supereffective|p1a: Iron Crown\n|-damage|p1a: Iron Crown|0 fnt\n|-boost|p2a: Iron Moth|spa|1\n|faint|p1a: Iron Crown\n|-end|p1a: Iron Crown|Quark Drive|[silent]\n|\n|upkeep\n|\n|t:|1783816847\n|switch|p1a: Salamence|Salamence, M|100/100\n|-damage|p1a: Salamence|76/100|[from] Stealth Rock\n|turn|19\n|\n|t:|1783816858\n|move|p2a: Iron Moth|Sludge Wave|p1a: Salamence\n|-damage|p1a: Salamence|0 fnt\n|faint|p1a: Salamence\n|\n|upkeep\n|\n|t:|1783816863\n|switch|p1a: Darkrai|Darkrai|100/100\n|-damage|p1a: Darkrai|88/100|[from] Stealth Rock\n|-status|p1a: Darkrai|psn\n|turn|20\n|\n|t:|1783816873\n|move|p2a: Iron Moth|Sludge Wave|p1a: Darkrai\n|-damage|p1a: Darkrai|0 fnt\n|faint|p1a: Darkrai\n|\n|win|offense council 4\n|raw|robert3475's rating: 1177 &rarr; <strong>1153</strong><br />(-24 for losing)\n|raw|offense council 4's rating: 1193 &rarr; <strong>1217</strong><br />(+24 for winning)\n|l|☆robert3475\n|player|p1|\n|l|☆offense council 4\n|player|p2|\n", "uploadtime": 1783817174, "views": 3, "formatid": "gen9ou", "rating": 1153, "private": 0, "password": null}