{"id": "gen9ou-2639200749", "format": "[Gen 9] OU", "players": ["shimuu", "wertnerve"], "log": "|j|☆shimuu\n|j|☆wertnerve\n|t:|1782433153\n|gametype|singles\n|player|p1|shimuu|1|1142\n|player|p2|wertnerve|shauntal|1199\n|gen|9\n|tier|[Gen 9] OU\n|rated|\n|rule|HP Percentage Mod: HP is shown in percentages\n|rule|Endless Battle Clause: Forcing endless battles is banned\n|rule|Species Clause: Limit one of each Pokémon\n|rule|OHKO Clause: OHKO moves are banned\n|rule|Evasion Items Clause: Evasion items are banned\n|rule|Evasion Moves Clause: Evasion moves are banned\n|rule|Evasion Abilities Clause: Evasion abilities are banned\n|rule|Sleep Moves Clause: Sleep-inducing moves are banned\n|clearpoke\n|poke|p1|Clefable, M|\n|poke|p1|Kingambit, M|\n|poke|p1|Kyurem|\n|poke|p1|Gliscor, F|\n|poke|p1|Slowking-Galar, F|\n|poke|p1|Rillaboom, F|\n|poke|p2|Glaceon, M|\n|poke|p2|Slowking-Galar, M|\n|poke|p2|Ninetales-Alola, F|\n|poke|p2|Glastrier|\n|poke|p2|Quaquaval, F|\n|poke|p2|Porygon2|\n|teampreview\n|\n|t:|1782433161\n|teamsize|p1|6\n|teamsize|p2|6\n|start\n|switch|p1a: Slowking|Slowking-Galar, F|100/100\n|switch|p2a: Slowking|Slowking-Galar, M|100/100\n|turn|1\n|\n|t:|1782433169\n|move|p1a: Slowking|Future Sight|p2a: Slowking\n|-start|p1a: Slowking|move: Future Sight\n|move|p2a: Slowking|Trick Room|p2a: Slowking\n|-fieldstart|move: Trick Room|[of] p2a: Slowking\n|\n|upkeep\n|turn|2\n|\n|t:|1782433181\n|switch|p1a: Gliscor|Gliscor, F|100/100\n|-prepare|p2a: Slowking|Chilly Reception|[premajor]\n|move|p2a: Slowking|Chilly Reception|p2a: Slowking\n|-weather|Snowscape\n|\n|t:|1782433202\n|switch|p2a: Glastrier|Glastrier|100/100|[from] Chilly Reception\n|\n|-weather|Snowscape|[upkeep]\n|-status|p1a: Gliscor|tox|[from] item: Toxic Orb\n|upkeep\n|turn|3\n|\n|t:|1782433211\n|switch|p1a: Kyurem|Kyurem|100/100\n|-ability|p1a: Kyurem|Pressure\n|move|p2a: Glastrier|Icicle Crash|p1a: Kyurem\n|-damage|p1a: Kyurem|65/100\n|\n|-weather|Snowscape|[upkeep]\n|-end|p2a: Glastrier|move: Future Sight\n|-damage|p2a: Glastrier|53/100\n|upkeep\n|turn|4\n|\n|t:|1782433226\n|move|p2a: Glastrier|Close Combat|p1a: Kyurem\n|-supereffective|p1a: Kyurem\n|-damage|p1a: Kyurem|6/100\n|-unboost|p2a: Glastrier|def|1\n|-unboost|p2a: Glastrier|spd|1\n|move|p1a: Kyurem|Draco Meteor|p2a: Glastrier\n|-damage|p2a: Glastrier|0 fnt\n|-unboost|p1a: Kyurem|spa|2\n|faint|p2a: Glastrier\n|\n|-weather|Snowscape|[upkeep]\n|upkeep\n|\n|t:|1782433243\n|switch|p2a: Ninetales|Ninetales-Alola, F|100/100\n|turn|5\n|\n|t:|1782433255\n|switch|p1a: Clefable|Clefable, M|100/100\n|move|p2a: Ninetales|Aurora Veil|p2a: Ninetales\n|-sidestart|p2: wertnerve|move: Aurora Veil\n|\n|-weather|Snowscape|[upkeep]\n|-fieldend|move: Trick Room\n|upkeep\n|turn|6\n|\n|t:|1782433276\n|move|p2a: Ninetales|Nasty Plot|p2a: Ninetales\n|-boost|p2a: Ninetales|spa|2\n|move|p1a: Clefable|Stealth Rock|p2a: Ninetales\n|-sidestart|p2: wertnerve|move: Stealth Rock\n|\n|-weather|Snowscape|[upkeep]\n|upkeep\n|turn|7\n|\n|t:|1782433288\n|move|p2a: Ninetales|Draining Kiss|p1a: Clefable\n|-damage|p1a: Clefable|69/100\n|move|p1a: Clefable|Moonlight|p1a: Clefable\n|-heal|p1a: Clefable|93/100\n|\n|-weather|Snowscape|[upkeep]\n|-heal|p1a: Clefable|99/100|[from] item: Leftovers\n|upkeep\n|turn|8\n|\n|t:|1782433293\n|move|p2a: Ninetales|Nasty Plot|p2a: Ninetales\n|-boost|p2a: Ninetales|spa|2\n|move|p1a: Clefable|Moonblast|p2a: Ninetales\n|-damage|p2a: Ninetales|82/100\n|-unboost|p2a: Ninetales|spa|1\n|\n|-weather|Snowscape|[upkeep]\n|-heal|p1a: Clefable|100/100|[from] item: Leftovers\n|upkeep\n|turn|9\n|c|☆shimuu|wrong\n|c|☆shimuu|ggs\n|\n|t:|1782433303\n|switch|p1a: Rillaboom|Rillaboom, F|100/100\n|-fieldstart|move: Grassy Terrain|[from] ability: Grassy Surge|[of] p1a: Rillaboom\n|move|p2a: Ninetales|Nasty Plot|p2a: Ninetales\n|-boost|p2a: Ninetales|spa|2\n|\n|-weather|none\n|-heal|p2a: Ninetales|88/100|[from] Grassy Terrain\n|upkeep\n|turn|10\n|\n|t:|1782433313\n|move|p1a: Rillaboom|Grassy Glide|p2a: Ninetales\n|-damage|p2a: Ninetales|54/100\n|move|p2a: Ninetales|Draining Kiss|p1a: Rillaboom\n|-damage|p1a: Rillaboom|26/100\n|-heal|p2a: Ninetales|100/100|[from] drain|[of] p1a: Rillaboom\n|\n|-heal|p1a: Rillaboom|32/100|[from] Grassy Terrain\n|upkeep\n|turn|11\n|\n|t:|1782433328\n|switch|p1a: Kyurem|Kyurem|6/100\n|-ability|p1a: Kyurem|Pressure\n|move|p2a: Ninetales|Draining Kiss|p1a: Kyurem\n|-supereffective|p1a: Kyurem\n|-crit|p1a: Kyurem\n|-damage|p1a: Kyurem|0 fnt\n|faint|p1a: Kyurem\n|\n|upkeep\n|\n|t:|1782433337\n|switch|p1a: Slowking|Slowking-Galar, F|100/100\n|turn|12\n|\n|t:|1782433354\n|move|p2a: Ninetales|Dark Pulse|p1a: Slowking\n|-supereffective|p1a: Slowking\n|-damage|p1a: Slowking|40/100\n|move|p1a: Slowking|Future Sight|p2a: Ninetales\n|-start|p1a: Slowking|move: Future Sight\n|\n|-heal|p1a: Slowking|46/100|[from] Grassy Terrain\n|-sideend|p2: wertnerve|move: Aurora Veil\n|upkeep\n|turn|13\n|\n|t:|1782433371\n|switch|p1a: Gliscor|Gliscor, F|100/100 tox\n|move|p2a: Ninetales|Nasty Plot|p2a: Ninetales\n|-boost|p2a: Ninetales|spa|1\n|\n|-fieldend|move: Grassy Terrain\n|upkeep\n|turn|14\n|\n|t:|1782433380\n|switch|p1a: Clefable|Clefable, M|100/100\n|move|p2a: Ninetales|Draining Kiss|p1a: Clefable\n|-damage|p1a: Clefable|33/100\n|\n|-end|p2a: Ninetales|move: Future Sight\n|-damage|p2a: Ninetales|39/100\n|-heal|p1a: Clefable|39/100|[from] item: Leftovers\n|upkeep\n|turn|15\n|inactive|Battle timer is ON: inactive players will automatically lose when time's up. (requested by wertnerve)\n|\n|t:|1782433410\n|move|p2a: Ninetales|Draining Kiss|p1a: Clefable\n|-damage|p1a: Clefable|0 fnt\n|-heal|p2a: Ninetales|79/100|[from] drain|[of] p1a: Clefable\n|faint|p1a: Clefable\n|\n|upkeep\n|\n|t:|1782433417\n|switch|p1a: Slowking|Slowking-Galar, F|79/100\n|turn|16\n|\n|t:|1782433425\n|-terastallize|p2a: Ninetales|Dark\n|move|p2a: Ninetales|Dark Pulse|p1a: Slowking\n|-supereffective|p1a: Slowking\n|-damage|p1a: Slowking|0 fnt\n|faint|p1a: Slowking\n|\n|upkeep\n|\n|t:|1782433431\n|switch|p1a: Kingambit|Kingambit, M|100/100\n|-activate|p1a: Kingambit|ability: Supreme Overlord\n|-start|p1a: Kingambit|fallen3|[silent]\n|-item|p1a: Kingambit|Air Balloon\n|turn|17\n|\n|t:|1782433446\n|move|p2a: Ninetales|Draining Kiss|p1a: Kingambit\n|-damage|p1a: Kingambit|38/100\n|-heal|p2a: Ninetales|100/100|[from] drain|[of] p1a: Kingambit\n|-enditem|p1a: Kingambit|Air Balloon\n|move|p1a: Kingambit|Low Kick|p2a: Ninetales\n|-supereffective|p2a: Ninetales\n|-crit|p2a: Ninetales\n|-damage|p2a: Ninetales|34/100\n|\n|upkeep\n|turn|18\n|\n|t:|1782433454\n|move|p1a: Kingambit|Sucker Punch|p2a: Ninetales\n|-resisted|p2a: Ninetales\n|-damage|p2a: Ninetales|2/100\n|move|p2a: Ninetales|Draining Kiss|p1a: Kingambit\n|-damage|p1a: Kingambit|0 fnt\n|-heal|p2a: Ninetales|41/100|[from] drain|[of] p1a: Kingambit\n|faint|p1a: Kingambit\n|-end|p1a: Kingambit|fallen3|[silent]\n|\n|upkeep\n|\n|t:|1782433463\n|switch|p1a: Rillaboom|Rillaboom, F|32/100\n|-fieldstart|move: Grassy Terrain|[from] ability: Grassy Surge|[of] p1a: Rillaboom\n|turn|19\n|\n|t:|1782433469\n|switch|p2a: Slowking|Slowking-Galar, M|100/100\n|-damage|p2a: Slowking|88/100|[from] Stealth Rock\n|move|p1a: Rillaboom|Grassy Glide|p2a: Slowking\n|-resisted|p2a: Slowking\n|-damage|p2a: Slowking|61/100\n|\n|-heal|p1a: Rillaboom|39/100|[from] Grassy Terrain\n|-heal|p2a: Slowking|67/100|[from] Grassy Terrain\n|upkeep\n|turn|20\n|-message|shimuu forfeited.\n|\n|win|wertnerve\n|raw|shimuu's rating: 1142 &rarr; <strong>1121</strong><br />(-21 for losing)\n|raw|wertnerve's rating: 1199 &rarr; <strong>1220</strong><br />(+21 for winning)\n|l|☆shimuu\n|player|p1|\n|c|☆wertnerve|GG\n", "uploadtime": 1782433488, "views": 9, "formatid": "gen9ou", "rating": 1121, "private": 0, "password": null}