{"id": "gen9ou-2540656224", "format": "[Gen 9] OU", "players": ["St4rfl1tT 2", "fck_yellow_magic"], "log": "|j|☆St4rfl1tT 2\n|j|☆fck_yellow_magic\n|t:|1771235166\n|gametype|singles\n|player|p1|St4rfl1tT 2|acetrainer|1537\n|player|p2|fck_yellow_magic|janitor-gen9|1609\n|gen|9\n|tier|[Gen 9] OU\n|rated|\n|rule|HP Percentage Mod: HP is shown in percentages\n|rule|Endless Battle Clause: Forcing endless battles is banned\n|rule|Species Clause: Limit one of each Pokémon\n|rule|OHKO Clause: OHKO moves are banned\n|rule|Evasion Items Clause: Evasion items are banned\n|rule|Evasion Moves Clause: Evasion moves are banned\n|rule|Evasion Abilities Clause: Evasion abilities are banned\n|rule|Sleep Moves Clause: Sleep-inducing moves are banned\n|clearpoke\n|poke|p1|Garchomp, M|\n|poke|p1|Darkrai|\n|poke|p1|Zapdos|\n|poke|p1|Zamazenta-*|\n|poke|p1|Heatran, M|\n|poke|p1|Ogerpon-Wellspring, F|\n|poke|p2|Iron Crown|\n|poke|p2|Enamorus, F|\n|poke|p2|Deoxys-Speed|\n|poke|p2|Probopass, F|\n|poke|p2|Great Tusk|\n|poke|p2|Dragapult, M|\n|teampreview\n|inactive|Battle timer is ON: inactive players will automatically lose when time's up. (requested by St4rfl1tT 2)\n|\n|t:|1771235182\n|teamsize|p1|6\n|teamsize|p2|6\n|start\n|switch|p1a: Darkrai|Darkrai|100/100\n|switch|p2a: Deoxys|Deoxys-Speed|100/100\n|-ability|p2a: Deoxys|Pressure\n|turn|1\n|\n|t:|1771235187\n|move|p1a: Darkrai|Dark Pulse|p2a: Deoxys\n|-supereffective|p2a: Deoxys\n|-damage|p2a: Deoxys|0 fnt\n|faint|p2a: Deoxys\n|\n|upkeep\n|\n|t:|1771235191\n|switch|p2a: Enamorus|Enamorus, F|100/100\n|turn|2\n|\n|t:|1771235199\n|switch|p1a: Heatran|Heatran, M|100/100\n|move|p2a: Enamorus|Calm Mind|p2a: Enamorus\n|-boost|p2a: Enamorus|spa|1\n|-boost|p2a: Enamorus|spd|1\n|\n|upkeep\n|turn|3\n|\n|t:|1771235209\n|-terastallize|p1a: Heatran|Grass\n|move|p2a: Enamorus|Substitute|p2a: Enamorus\n|-start|p2a: Enamorus|Substitute\n|-damage|p2a: Enamorus|75/100\n|move|p1a: Heatran|Magma Storm|p2a: Enamorus|[miss]\n|-miss|p1a: Heatran|p2a: Enamorus\n|\n|-heal|p2a: Enamorus|82/100|[from] item: Leftovers\n|upkeep\n|turn|4\n|\n|t:|1771235217\n|move|p2a: Enamorus|Calm Mind|p2a: Enamorus\n|-boost|p2a: Enamorus|spa|1\n|-boost|p2a: Enamorus|spd|1\n|move|p1a: Heatran|Magma Storm|p2a: Enamorus\n|-end|p2a: Enamorus|Substitute\n|\n|-heal|p2a: Enamorus|88/100|[from] item: Leftovers\n|upkeep\n|turn|5\n|\n|t:|1771235224\n|move|p2a: Enamorus|Substitute|p2a: Enamorus\n|-start|p2a: Enamorus|Substitute\n|-damage|p2a: Enamorus|63/100\n|move|p1a: Heatran|Magma Storm|p2a: Enamorus\n|-end|p2a: Enamorus|Substitute\n|\n|-heal|p2a: Enamorus|69/100|[from] item: Leftovers\n|upkeep\n|turn|6\n|\n|t:|1771235236\n|switch|p1a: Ogerpon|Ogerpon-Wellspring, F|100/100\n|move|p2a: Enamorus|Substitute|p2a: Enamorus\n|-start|p2a: Enamorus|Substitute\n|-damage|p2a: Enamorus|44/100\n|\n|-heal|p2a: Enamorus|50/100|[from] item: Leftovers\n|upkeep\n|turn|7\n|\n|t:|1771235242\n|move|p1a: Ogerpon|Encore|p2a: Enamorus\n|-start|p2a: Enamorus|Encore\n|move|p2a: Enamorus|Substitute|p2a: Enamorus\n|-fail|p2a: Enamorus|move: Substitute\n|\n|-heal|p2a: Enamorus|56/100|[from] item: Leftovers\n|upkeep\n|turn|8\n|\n|t:|1771235247\n|switch|p2a: Probopass|Probopass, F|100/100\n|move|p1a: Ogerpon|Ivy Cudgel|p2a: Probopass|[anim] Ivy Cudgel Water\n|-supereffective|p2a: Probopass\n|-damage|p2a: Probopass|35/100\n|\n|upkeep\n|turn|9\n|\n|t:|1771235253\n|move|p1a: Ogerpon|Ivy Cudgel|p2a: Probopass|[anim] Ivy Cudgel Water\n|-supereffective|p2a: Probopass\n|-damage|p2a: Probopass|0 fnt\n|faint|p2a: Probopass\n|\n|upkeep\n|\n|t:|1771235255\n|switch|p2a: Dragapult|Dragapult, M|100/100\n|turn|10\n|\n|t:|1771235259\n|switch|p1a: Heatran|Heatran, M, tera:Grass|100/100\n|move|p2a: Dragapult|Dragon Dance|p2a: Dragapult\n|-boost|p2a: Dragapult|atk|1\n|-boost|p2a: Dragapult|spe|1\n|\n|upkeep\n|turn|11\n|\n|t:|1771235265\n|move|p2a: Dragapult|Substitute|p2a: Dragapult\n|-start|p2a: Dragapult|Substitute\n|-damage|p2a: Dragapult|76/100\n|move|p1a: Heatran|Taunt|p2a: Dragapult\n|-start|p2a: Dragapult|move: Taunt\n|\n|-heal|p2a: Dragapult|82/100|[from] item: Leftovers\n|upkeep\n|turn|12\n|\n|t:|1771235272\n|switch|p1a: Zamazenta|Zamazenta|100/100\n|-ability|p1a: Zamazenta|Dauntless Shield|boost\n|-boost|p1a: Zamazenta|def|1\n|move|p2a: Dragapult|Dragon Darts|p1a: Zamazenta\n|-damage|p1a: Zamazenta|78/100\n|-anim|p2a: Dragapult|Dragon Darts|p1a: Zamazenta\n|-damage|p1a: Zamazenta|56/100\n|\n|-heal|p2a: Dragapult|88/100|[from] item: Leftovers\n|-heal|p1a: Zamazenta|62/100|[from] item: Leftovers\n|upkeep\n|turn|13\n|j| g89puu8pp\n|\n|t:|1771235283\n|move|p2a: Dragapult|Dragon Darts|p1a: Zamazenta\n|-damage|p1a: Zamazenta|39/100\n|-anim|p2a: Dragapult|Dragon Darts|p1a: Zamazenta\n|-damage|p1a: Zamazenta|19/100\n|move|p1a: Zamazenta|Roar|p2a: Dragapult\n|drag|p2a: Iron Crown|Iron Crown|100/100\n|-enditem|p2a: Iron Crown|Booster Energy\n|-activate|p2a: Iron Crown|ability: Quark Drive|[fromitem]\n|-start|p2a: Iron Crown|quarkdrivespa\n|\n|-heal|p1a: Zamazenta|25/100|[from] item: Leftovers\n|upkeep\n|turn|14\n|\n|t:|1771235294\n|move|p2a: Iron Crown|Agility|p2a: Iron Crown\n|-boost|p2a: Iron Crown|spe|2\n|move|p1a: Zamazenta|Roar|p2a: Iron Crown\n|-end|p2a: Iron Crown|Quark Drive|[silent]\n|drag|p2a: Enamorus|Enamorus, F|56/100\n|\n|-heal|p1a: Zamazenta|31/100|[from] item: Leftovers\n|-heal|p2a: Enamorus|62/100|[from] item: Leftovers\n|upkeep\n|turn|15\n|\n|t:|1771235303\n|switch|p1a: Ogerpon|Ogerpon-Wellspring, F|100/100\n|move|p2a: Enamorus|Moonblast|p1a: Ogerpon\n|-damage|p1a: Ogerpon|44/100\n|\n|-heal|p2a: Enamorus|68/100|[from] item: Leftovers\n|upkeep\n|turn|16\n|\n|t:|1771235313\n|switch|p2a: Iron Crown|Iron Crown|100/100\n|move|p1a: Ogerpon|Ivy Cudgel|p2a: Iron Crown|[anim] Ivy Cudgel Water\n|-damage|p2a: Iron Crown|39/100\n|\n|upkeep\n|turn|17\n|\n|t:|1771235319\n|move|p1a: Ogerpon|Ivy Cudgel|p2a: Iron Crown|[anim] Ivy Cudgel Water\n|-damage|p2a: Iron Crown|0 fnt\n|faint|p2a: Iron Crown\n|-end|p2a: Iron Crown|Quark Drive|[silent]\n|\n|upkeep\n|\n|t:|1771235321\n|switch|p2a: Dragapult|Dragapult, M|88/100\n|turn|18\n|\n|t:|1771235324\n|move|p2a: Dragapult|Dragon Darts|p1a: Ogerpon\n|-damage|p1a: Ogerpon|9/100\n|-anim|p2a: Dragapult|Dragon Darts|p1a: Ogerpon\n|-damage|p1a: Ogerpon|0 fnt\n|faint|p1a: Ogerpon\n|\n|-heal|p2a: Dragapult|94/100|[from] item: Leftovers\n|upkeep\n|\n|t:|1771235330\n|switch|p1a: Darkrai|Darkrai|100/100\n|turn|19\n|\n|t:|1771235333\n|switch|p2a: Great Tusk|Great Tusk|100/100\n|-enditem|p2a: Great Tusk|Booster Energy\n|-activate|p2a: Great Tusk|ability: Protosynthesis|[fromitem]\n|-start|p2a: Great Tusk|protosynthesisspe\n|move|p1a: Darkrai|Ice Beam|p2a: Great Tusk\n|-supereffective|p2a: Great Tusk\n|-damage|p2a: Great Tusk|20/100\n|\n|upkeep\n|turn|20\n|\n|t:|1771235340\n|move|p1a: Darkrai|Ice Beam|p2a: Great Tusk\n|-supereffective|p2a: Great Tusk\n|-damage|p2a: Great Tusk|0 fnt\n|faint|p2a: Great Tusk\n|-end|p2a: Great Tusk|Protosynthesis|[silent]\n|\n|upkeep\n|\n|t:|1771235343\n|switch|p2a: Dragapult|Dragapult, M|94/100\n|turn|21\n|\n|t:|1771235347\n|-terastallize|p2a: Dragapult|Normal\n|move|p1a: Darkrai|Ice Beam|p2a: Dragapult\n|-damage|p2a: Dragapult|48/100\n|move|p2a: Dragapult|Dragon Dance|p2a: Dragapult\n|-boost|p2a: Dragapult|atk|1\n|-boost|p2a: Dragapult|spe|1\n|\n|-heal|p2a: Dragapult|53/100|[from] item: Leftovers\n|upkeep\n|turn|22\n|\n|t:|1771235360\n|switch|p1a: Zamazenta|Zamazenta|31/100\n|move|p2a: Dragapult|Dragon Darts|p1a: Zamazenta\n|-damage|p1a: Zamazenta|0 fnt\n|faint|p1a: Zamazenta\n|\n|-heal|p2a: Dragapult|59/100|[from] item: Leftovers\n|upkeep\n|\n|t:|1771235367\n|switch|p1a: Heatran|Heatran, M, tera:Grass|100/100\n|turn|23\n|\n|t:|1771235382\n|move|p2a: Dragapult|Substitute|p2a: Dragapult\n|-start|p2a: Dragapult|Substitute\n|-damage|p2a: Dragapult|35/100\n|move|p1a: Heatran|Magma Storm|p2a: Dragapult\n|-end|p2a: Dragapult|Substitute\n|\n|-heal|p2a: Dragapult|41/100|[from] item: Leftovers\n|upkeep\n|turn|24\n|\n|t:|1771235388\n|move|p2a: Dragapult|Dragon Darts|p1a: Heatran\n|-crit|p1a: Heatran\n|-damage|p1a: Heatran|52/100\n|-anim|p2a: Dragapult|Dragon Darts|p1a: Heatran\n|-damage|p1a: Heatran|16/100\n|move|p1a: Heatran|Magma Storm|p2a: Dragapult\n|-damage|p2a: Dragapult|0 fnt\n|faint|p2a: Dragapult\n|\n|-heal|p1a: Heatran|23/100|[from] item: Leftovers\n|upkeep\n|\n|t:|1771235392\n|switch|p2a: Enamorus|Enamorus, F|68/100\n|turn|25\n|\n|t:|1771235402\n|move|p2a: Enamorus|Substitute|p2a: Enamorus\n|-start|p2a: Enamorus|Substitute\n|-damage|p2a: Enamorus|43/100\n|move|p1a: Heatran|Taunt|p2a: Enamorus\n|-start|p2a: Enamorus|move: Taunt\n|\n|-heal|p2a: Enamorus|49/100|[from] item: Leftovers\n|-heal|p1a: Heatran|29/100|[from] item: Leftovers\n|upkeep\n|turn|26\n|\n|t:|1771235409\n|move|p2a: Enamorus|Moonblast|p1a: Heatran\n|-crit|p1a: Heatran\n|-damage|p1a: Heatran|0 fnt\n|faint|p1a: Heatran\n|\n|-heal|p2a: Enamorus|55/100|[from] item: Leftovers\n|upkeep\n|\n|t:|1771235415\n|switch|p1a: Zapdos|Zapdos|100/100\n|turn|27\n|\n|t:|1771235418\n|move|p2a: Enamorus|Moonblast|p1a: Zapdos\n|-damage|p1a: Zapdos|45/100\n|move|p1a: Zapdos|Volt Switch|p2a: Enamorus\n|-supereffective|p2a: Enamorus\n|-end|p2a: Enamorus|Substitute\n|\n|t:|1771235423\n|switch|p1a: Darkrai|Darkrai|100/100|[from] Volt Switch\n|\n|-heal|p2a: Enamorus|61/100|[from] item: Leftovers\n|upkeep\n|turn|28\n|\n|t:|1771235427\n|move|p1a: Darkrai|Sludge Bomb|p2a: Enamorus\n|-supereffective|p2a: Enamorus\n|-damage|p2a: Enamorus|0 fnt\n|faint|p2a: Enamorus\n|\n|win|St4rfl1tT 2\n|raw|St4rfl1tT 2's rating: 1537 &rarr; <strong>1561</strong><br />(+24 for winning)\n|raw|fck_yellow_magic's rating: 1609 &rarr; <strong>1585</strong><br />(-24 for losing)\n|l|☆fck_yellow_magic\n|player|p2|\n|l|☆St4rfl1tT 2\n|player|p1|\n", "uploadtime": 1771235679, "views": 8, "formatid": "gen9ou", "rating": 1561, "private": 0, "password": null}