{"id": "gen9ou-2647723276", "format": "[Gen 9] OU", "players": ["temporarylight", "omari p"], "log": "|j|☆temporarylight\n|j|☆omari p\n|t:|1783801872\n|gametype|singles\n|player|p1|temporarylight|jogger|\n|player|p2|omari p|pokemonrangerf|\n|gen|9\n|tier|[Gen 9] OU\n|rule|HP Percentage Mod: HP is shown in percentages\n|rule|Endless Battle Clause: Forcing endless battles is banned\n|rule|Species Clause: Limit one of each Pokémon\n|rule|OHKO Clause: OHKO moves are banned\n|rule|Evasion Items Clause: Evasion items are banned\n|rule|Evasion Moves Clause: Evasion moves are banned\n|rule|Evasion Abilities Clause: Evasion abilities are banned\n|rule|Sleep Moves Clause: Sleep-inducing moves are banned\n|clearpoke\n|poke|p1|Kyurem|\n|poke|p1|Zamazenta-*|\n|poke|p1|Primarina, F|\n|poke|p1|Darkrai|\n|poke|p1|Iron Crown|\n|poke|p1|Glimmora, F|\n|poke|p2|Deoxys-Speed|\n|poke|p2|Staraptor, M|\n|poke|p2|Oricorio-Pom-Pom, M|\n|poke|p2|Mandibuzz, F|\n|poke|p2|Cinderace, M|\n|poke|p2|Kyurem|\n|teampreview\n|c|☆omari p|orio will win\n|inactive|Battle timer is ON: inactive players will automatically lose when time's up. (requested by omari p)\n|inactive|temporarylight has 270 seconds left.\n|inactive|temporarylight has 240 seconds left.\n|\n|t:|1783801945\n|teamsize|p1|6\n|teamsize|p2|6\n|start\n|switch|p1a: Primarina|Primarina, F|100/100\n|switch|p2a: Cinderace|Cinderace, M|100/100\n|turn|1\n|\n|t:|1783801957\n|switch|p2a: Deoxys|Deoxys-Speed|100/100\n|-ability|p2a: Deoxys|Pressure\n|move|p1a: Primarina|Psychic Noise|p2a: Deoxys\n|-damage|p2a: Deoxys|45/100\n|-start|p2a: Deoxys|move: Heal Block\n|\n|upkeep\n|turn|2\n|\n|t:|1783801970\n|move|p2a: Deoxys|Stealth Rock|p1a: Primarina\n|-sidestart|p1: temporarylight|move: Stealth Rock\n|move|p1a: Primarina|Psychic Noise|p2a: Deoxys\n|-damage|p2a: Deoxys|0 fnt\n|faint|p2a: Deoxys\n|\n|upkeep\n|\n|t:|1783801975\n|switch|p2a: Oricorio|Oricorio-Pom-Pom, M|100/100\n|turn|3\n|\n|t:|1783801979\n|switch|p1a: Glimmora|Glimmora, F|100/100\n|-damage|p1a: Glimmora|88/100|[from] Stealth Rock\n|move|p2a: Oricorio|Quiver Dance|p2a: Oricorio\n|-boost|p2a: Oricorio|spa|1\n|-boost|p2a: Oricorio|spd|1\n|-boost|p2a: Oricorio|spe|1\n|\n|upkeep\n|turn|4\n|c|☆temporarylight|oh shittings'\n|\n|t:|1783801995\n|move|p2a: Oricorio|Quiver Dance|p2a: Oricorio\n|-boost|p2a: Oricorio|spa|1\n|-boost|p2a: Oricorio|spd|1\n|-boost|p2a: Oricorio|spe|1\n|move|p1a: Glimmora|Power Gem|p2a: Oricorio\n|-supereffective|p2a: Oricorio\n|-damage|p2a: Oricorio|55/100\n|\n|upkeep\n|turn|5\n|c|☆temporarylight|wait i think im swept\n|\n|t:|1783802014\n|move|p2a: Oricorio|Roost|p2a: Oricorio\n|-heal|p2a: Oricorio|100/100\n|-singleturn|p2a: Oricorio|move: Roost\n|move|p1a: Glimmora|Power Gem|p2a: Oricorio\n|-damage|p2a: Oricorio|77/100\n|\n|upkeep\n|turn|6\n|\n|t:|1783802019\n|move|p2a: Oricorio|Quiver Dance|p2a: Oricorio\n|-boost|p2a: Oricorio|spa|1\n|-boost|p2a: Oricorio|spd|1\n|-boost|p2a: Oricorio|spe|1\n|move|p1a: Glimmora|Power Gem|p2a: Oricorio\n|-supereffective|p2a: Oricorio\n|-damage|p2a: Oricorio|42/100\n|\n|upkeep\n|turn|7\n|\n|t:|1783802027\n|switch|p1a: Zamazenta|Zamazenta|100/100\n|-damage|p1a: Zamazenta|94/100|[from] Stealth Rock\n|-ability|p1a: Zamazenta|Dauntless Shield|boost\n|-boost|p1a: Zamazenta|def|1\n|move|p2a: Oricorio|Roost|p2a: Oricorio\n|-heal|p2a: Oricorio|92/100\n|-singleturn|p2a: Oricorio|move: Roost\n|\n|-heal|p1a: Zamazenta|100/100|[from] item: Leftovers\n|upkeep\n|turn|8\n|\n|t:|1783802030\n|-terastallize|p1a: Zamazenta|Fire\n|move|p2a: Oricorio|Air Slash|p1a: Zamazenta\n|-damage|p1a: Zamazenta|32/100\n|cant|p1a: Zamazenta|flinch\n|\n|-heal|p1a: Zamazenta|38/100|[from] item: Leftovers\n|upkeep\n|turn|9\n|c|☆temporarylight|FUCK\n|c|☆temporarylight|uhh\n|c|☆temporarylight|!dt revelation dance\n|c|☆temporarylight|/raw <ul class=\"utilichart\"><li class=\"result\"><span class=\"col movenamecol\"><a href=\"https://dex.pokemonshowdown.com/moves/revelationdance\">Revelation Dance</a></span> <span class=\"col typecol\"><img src=\"//play.pokemonshowdown.com/sprites/types/Normal.png\" alt=\"Normal\" width=\"32\" height=\"14\"><img src=\"//play.pokemonshowdown.com/sprites/categories/Special.png\" alt=\"Special\" width=\"32\" height=\"14\"></span> <span class=\"col labelcol\"><em>Power</em><br>90</span> <span class=\"col widelabelcol\"><em>Accuracy</em><br>100%</span> <span class=\"col pplabelcol\"><em>PP</em><br>24</span> <span class=\"col movedesccol\">Type varies based on the user's primary type.</span> </li><li style=\"clear:both\"></li></ul>\n|c|☆temporarylight|/raw <font size=\"1\"><font color=\"#686868\">Priority:</font> 0&nbsp;|&ThickSpace;<font color=\"#686868\">Gen:</font> 7&nbsp;|&ThickSpace;&#10003; Dance move&nbsp;|&ThickSpace;<font color=\"#686868\">Z-Power:</font> 175&nbsp;|&ThickSpace;<font color=\"#686868\">Target:</font> One Adjacent Pokémon</font>\n\n|\n|t:|1783802046\n|switch|p1a: Glimmora|Glimmora, F|88/100\n|-damage|p1a: Glimmora|76/100|[from] Stealth Rock\n|move|p2a: Oricorio|Revelation Dance|p1a: Glimmora\n|-damage|p1a: Glimmora|0 fnt\n|faint|p1a: Glimmora\n|\n|upkeep\n|\n|t:|1783802050\n|switch|p1a: Zamazenta|Zamazenta, tera:Fire|38/100\n|-damage|p1a: Zamazenta|14/100|[from] Stealth Rock\n|turn|10\n|\n|t:|1783802060\n|move|p2a: Oricorio|Revelation Dance|p1a: Zamazenta\n|-damage|p1a: Zamazenta|0 fnt\n|faint|p1a: Zamazenta\n|\n|upkeep\n|c|☆temporarylight|i had roar bruhhh\n|c|☆temporarylight|ok well i deserve it for last game\n|\n|t:|1783802071\n|switch|p1a: Iron Crown|Iron Crown|100/100\n|-damage|p1a: Iron Crown|94/100|[from] Stealth Rock\n|-enditem|p1a: Iron Crown|Booster Energy\n|-activate|p1a: Iron Crown|ability: Quark Drive|[fromitem]\n|-start|p1a: Iron Crown|quarkdrivespe\n|turn|11\n|\n|t:|1783802075\n|-terastallize|p2a: Oricorio|Ground\n|move|p2a: Oricorio|Revelation Dance|p1a: Iron Crown\n|-supereffective|p1a: Iron Crown\n|-damage|p1a: Iron Crown|0 fnt\n|faint|p1a: Iron Crown\n|-end|p1a: Iron Crown|Quark Drive|[silent]\n|\n|upkeep\n|\n|t:|1783802078\n|switch|p1a: Primarina|Primarina, F|100/100\n|-damage|p1a: Primarina|88/100|[from] Stealth Rock\n|turn|12\n|\n|t:|1783802082\n|move|p2a: Oricorio|Revelation Dance|p1a: Primarina\n|-damage|p1a: Primarina|2/100\n|move|p1a: Primarina|Draining Kiss|p2a: Oricorio\n|-damage|p2a: Oricorio|80/100\n|-heal|p1a: Primarina|12/100|[from] drain|[of] p2a: Oricorio\n|\n|-heal|p1a: Primarina|18/100|[from] item: Leftovers\n|upkeep\n|turn|13\n|\n|t:|1783802098\n|move|p2a: Oricorio|Revelation Dance|p1a: Primarina\n|-damage|p1a: Primarina|0 fnt\n|faint|p1a: Primarina\n|\n|upkeep\n|\n|t:|1783802104\n|switch|p1a: Darkrai|Darkrai|100/100\n|-damage|p1a: Darkrai|88/100|[from] Stealth Rock\n|turn|14\n|\n|t:|1783802110\n|move|p2a: Oricorio|Revelation Dance|p1a: Darkrai\n|-damage|p1a: Darkrai|0 fnt\n|faint|p1a: Darkrai\n|\n|upkeep\n|\n|t:|1783802114\n|switch|p1a: Kyurem|Kyurem|100/100\n|-damage|p1a: Kyurem|76/100|[from] Stealth Rock\n|-ability|p1a: Kyurem|Pressure\n|turn|15\n|c|☆temporarylight|oh i shoulda just gone this guy\n|c|☆temporarylight|im dumb\n|\n|t:|1783802144\n|move|p2a: Oricorio|Air Slash|p1a: Kyurem\n|-damage|p1a: Kyurem|0 fnt\n|faint|p1a: Kyurem\n|\n|win|omari p\n|l|☆temporarylight\n|player|p1|\n|c|☆omari p|gg\n|l|☆omari p\n|player|p2|\n|j|☆temporarylight\n|player|p1|temporarylight|jogger|\n", "uploadtime": 1783802522, "views": 5, "formatid": "gen9ou", "rating": null, "private": 0, "password": null}