{"id": "gen9ou-2647841930", "format": "[Gen 9] OU", "players": ["sandorivera22", "error426"], "log": "|j|☆sandorivera22\n|j|☆error426\n|t:|1783822181\n|gametype|singles\n|player|p1|sandorivera22|lucas|1304\n|player|p2|error426|gentleman-gen4|1311\n|gen|9\n|tier|[Gen 9] OU\n|rated|\n|rule|HP Percentage Mod: HP is shown in percentages\n|rule|Endless Battle Clause: Forcing endless battles is banned\n|rule|Species Clause: Limit one of each Pokémon\n|rule|OHKO Clause: OHKO moves are banned\n|rule|Evasion Items Clause: Evasion items are banned\n|rule|Evasion Moves Clause: Evasion moves are banned\n|rule|Evasion Abilities Clause: Evasion abilities are banned\n|rule|Sleep Moves Clause: Sleep-inducing moves are banned\n|clearpoke\n|poke|p1|Quaquaval, M|\n|poke|p1|Samurott-Hisui, M|\n|poke|p1|Hydrapple, F|\n|poke|p1|Heatran, M|\n|poke|p1|Dedenne, F|\n|poke|p1|Froslass, F|\n|poke|p2|Great Tusk|\n|poke|p2|Kingambit, M|\n|poke|p2|Raging Bolt|\n|poke|p2|Walking Wake|\n|poke|p2|Ninetales, F|\n|poke|p2|Venusaur, F|\n|teampreview\n|inactive|Battle timer is ON: inactive players will automatically lose when time's up. (requested by error426)\n|\n|t:|1783822191\n|teamsize|p1|6\n|teamsize|p2|6\n|start\n|switch|p1a: Samurott|Samurott-Hisui, M, shiny|100/100\n|switch|p2a: Covered Wagon|Ninetales, F|100/100\n|-weather|SunnyDay|[from] ability: Drought|[of] p2a: Covered Wagon\n|turn|1\n|\n|t:|1783822209\n|switch|p2a: Kitty|Venusaur, F|100/100\n|switch|p1a: Heatran|Heatran, M, shiny|100/100\n|-item|p1a: Heatran|Air Balloon\n|\n|-weather|SunnyDay|[upkeep]\n|upkeep\n|turn|2\n|\n|t:|1783822222\n|switch|p2a: Barney|Walking Wake|100/100\n|-activate|p2a: Barney|ability: Protosynthesis\n|-start|p2a: Barney|protosynthesisspe\n|move|p1a: Heatran|Flamethrower|p2a: Barney\n|-resisted|p2a: Barney\n|-damage|p2a: Barney|83/100\n|\n|-weather|SunnyDay|[upkeep]\n|upkeep\n|turn|3\n|\n|t:|1783822241\n|switch|p1a: Quaquaval|Quaquaval, M|100/100\n|move|p2a: Barney|Draco Meteor|p1a: Quaquaval|[miss]\n|-miss|p2a: Barney|p1a: Quaquaval\n|\n|-weather|SunnyDay|[upkeep]\n|upkeep\n|turn|4\n|\n|t:|1783822251\n|move|p2a: Barney|Draco Meteor|p1a: Quaquaval\n|-damage|p1a: Quaquaval|48/100\n|-unboost|p2a: Barney|spa|2\n|move|p1a: Quaquaval|Close Combat|p2a: Barney\n|-damage|p2a: Barney|21/100\n|-unboost|p1a: Quaquaval|def|1\n|-unboost|p1a: Quaquaval|spd|1\n|\n|-weather|SunnyDay|[upkeep]\n|upkeep\n|turn|5\n|\n|t:|1783822261\n|-end|p2a: Barney|Protosynthesis|[silent]\n|switch|p2a: Kitty|Venusaur, F|100/100\n|switch|p1a: Dedenne|Dedenne, F, shiny|100/100\n|\n|-weather|SunnyDay|[upkeep]\n|upkeep\n|turn|6\n|\n|t:|1783822279\n|move|p2a: Kitty|Sludge Bomb|p1a: Dedenne\n|-supereffective|p1a: Dedenne\n|-damage|p1a: Dedenne|0 fnt\n|faint|p1a: Dedenne\n|\n|-weather|SunnyDay|[upkeep]\n|upkeep\n|\n|t:|1783822286\n|switch|p1a: Heatran|Heatran, M, shiny|100/100\n|-item|p1a: Heatran|Air Balloon\n|turn|7\n|\n|t:|1783822295\n|switch|p2a: Barney|Walking Wake|21/100\n|-activate|p2a: Barney|ability: Protosynthesis\n|-start|p2a: Barney|protosynthesisspe\n|move|p1a: Heatran|Stealth Rock|p2a: Barney\n|-sidestart|p2: error426|move: Stealth Rock\n|\n|-weather|SunnyDay|[upkeep]\n|upkeep\n|turn|8\n|\n|t:|1783822306\n|move|p2a: Barney|Hydro Steam|p1a: Heatran\n|-supereffective|p1a: Heatran\n|-damage|p1a: Heatran|17/100\n|-enditem|p1a: Heatran|Air Balloon\n|move|p1a: Heatran|Flamethrower|p2a: Barney\n|-resisted|p2a: Barney\n|-damage|p2a: Barney|3/100\n|\n|-weather|none\n|-end|p2a: Barney|Protosynthesis\n|upkeep\n|turn|9\n|\n|t:|1783822318\n|switch|p1a: Quaquaval|Quaquaval, M|48/100\n|move|p2a: Barney|Hydro Steam|p1a: Quaquaval\n|-resisted|p1a: Quaquaval\n|-damage|p1a: Quaquaval|30/100\n|\n|upkeep\n|turn|10\n|\n|t:|1783822325\n|move|p2a: Barney|Draco Meteor|p1a: Quaquaval\n|-damage|p1a: Quaquaval|0 fnt\n|-unboost|p2a: Barney|spa|2\n|faint|p1a: Quaquaval\n|\n|upkeep\n|-message|sandorivera22 forfeited.\n|\n|win|error426\n|raw|sandorivera22's rating: 1304 &rarr; <strong>1284</strong><br />(-20 for losing)\n|raw|error426's rating: 1311 &rarr; <strong>1331</strong><br />(+20 for winning)\n|l|☆sandorivera22\n|player|p1|\n|l|☆error426\n|player|p2|\n", "uploadtime": 1783822616, "views": 7, "formatid": "gen9ou", "rating": 1284, "private": 0, "password": null}