{"id": "gen9ou-2647693914", "format": "[Gen 9] OU", "players": ["mrshachosh", "DetroitYami"], "log": "|j|☆mrshachosh\n|j|☆DetroitYami\n|t:|1783797390\n|gametype|singles\n|player|p1|mrshachosh|169|1123\n|player|p2|DetroitYami|clerkf|1058\n|gen|9\n|tier|[Gen 9] OU\n|rated|\n|rule|HP Percentage Mod: HP is shown in percentages\n|rule|Endless Battle Clause: Forcing endless battles is banned\n|rule|Species Clause: Limit one of each Pokémon\n|rule|OHKO Clause: OHKO moves are banned\n|rule|Evasion Items Clause: Evasion items are banned\n|rule|Evasion Moves Clause: Evasion moves are banned\n|rule|Evasion Abilities Clause: Evasion abilities are banned\n|rule|Sleep Moves Clause: Sleep-inducing moves are banned\n|clearpoke\n|poke|p1|Torkoal, M|\n|poke|p1|Raging Bolt|\n|poke|p1|Lilligant, F|\n|poke|p1|Dragapult, F|\n|poke|p1|Kingambit, F|\n|poke|p1|Clodsire, F|\n|poke|p2|Ceruledge, F|\n|poke|p2|Hatterene, F|\n|poke|p2|Umbreon, M|\n|poke|p2|Lycanroc-Dusk, M|\n|poke|p2|Meowscarada, F|\n|poke|p2|Gardevoir, M|\n|teampreview\n|inactive|Battle timer is ON: inactive players will automatically lose when time's up. (requested by DetroitYami)\n|\n|t:|1783797397\n|teamsize|p1|6\n|teamsize|p2|6\n|start\n|switch|p1a: Torkoal|Torkoal, M|100/100\n|switch|p2a: Meowscarada|Meowscarada, F|100/100\n|-weather|SunnyDay|[from] ability: Drought|[of] p1a: Torkoal\n|turn|1\n|\n|t:|1783797407\n|move|p2a: Meowscarada|U-turn|p1a: Torkoal\n|-resisted|p1a: Torkoal\n|-damage|p1a: Torkoal|92/100\n|\n|t:|1783797409\n|switch|p2a: Umbreon|Umbreon, M, shiny|100/100|[from] U-turn\n|move|p1a: Torkoal|Will-O-Wisp|p2a: Umbreon\n|-status|p2a: Umbreon|brn\n|\n|-weather|SunnyDay|[upkeep]\n|-damage|p2a: Umbreon|94/100 brn|[from] brn\n|upkeep\n|turn|2\n|\n|t:|1783797419\n|switch|p1a: Dragapult|Dragapult, F|100/100\n|move|p2a: Umbreon|Toxic|p1a: Dragapult\n|-status|p1a: Dragapult|tox\n|\n|-weather|SunnyDay|[upkeep]\n|-damage|p1a: Dragapult|95/100 tox|[from] psn\n|-damage|p2a: Umbreon|88/100 brn|[from] brn\n|upkeep\n|turn|3\n|\n|t:|1783797436\n|switch|p1a: Clodsire|Clodsire, F|100/100\n|move|p2a: Umbreon|Reflect|p2a: Umbreon\n|-sidestart|p2: DetroitYami|Reflect\n|\n|-weather|SunnyDay|[upkeep]\n|-damage|p2a: Umbreon|82/100 brn|[from] brn\n|upkeep\n|turn|4\n|\n|t:|1783797445\n|switch|p2a: Hatterene|Hatterene, F|100/100\n|move|p1a: Clodsire|Stealth Rock|p2a: Hatterene\n|move|p2a: Hatterene|Stealth Rock|p1a: Clodsire|[from] ability: Magic Bounce\n|-sidestart|p1: mrshachosh|move: Stealth Rock\n|\n|-weather|SunnyDay|[upkeep]\n|upkeep\n|turn|5\n|\n|t:|1783797460\n|switch|p1a: Kingambit|Kingambit, F|100/100\n|-damage|p1a: Kingambit|94/100|[from] Stealth Rock\n|-terastallize|p2a: Hatterene|Poison\n|move|p2a: Hatterene|Psychic|p1a: Kingambit\n|-immune|p1a: Kingambit\n|\n|-weather|SunnyDay|[upkeep]\n|upkeep\n|turn|6\n|\n|t:|1783797480\n|switch|p2a: Umbreon|Umbreon, M, shiny|82/100 brn\n|move|p1a: Kingambit|Swords Dance|p1a: Kingambit\n|-boost|p1a: Kingambit|atk|2\n|\n|-weather|SunnyDay|[upkeep]\n|-damage|p2a: Umbreon|76/100 brn|[from] brn\n|upkeep\n|turn|7\n|\n|t:|1783797492\n|move|p2a: Umbreon|Foul Play|p1a: Kingambit\n|-resisted|p1a: Kingambit\n|-damage|p1a: Kingambit|73/100\n|move|p1a: Kingambit|Iron Head|p2a: Umbreon\n|-damage|p2a: Umbreon|47/100 brn\n|-damage|p1a: Kingambit|56/100|[from] item: Rocky Helmet|[of] p2a: Umbreon\n|\n|-weather|SunnyDay|[upkeep]\n|-damage|p2a: Umbreon|41/100 brn|[from] brn\n|-sideend|p2: DetroitYami|Reflect\n|upkeep\n|turn|8\n|\n|t:|1783797505\n|move|p2a: Umbreon|Moonlight|p2a: Umbreon\n|-heal|p2a: Umbreon|100/100 brn\n|move|p1a: Kingambit|Iron Head|p2a: Umbreon\n|-damage|p2a: Umbreon|45/100 brn\n|-damage|p1a: Kingambit|40/100|[from] item: Rocky Helmet|[of] p2a: Umbreon\n|\n|-weather|none\n|-damage|p2a: Umbreon|39/100 brn|[from] brn\n|upkeep\n|turn|9\n|\n|t:|1783797524\n|-end|p1a: Kingambit|fallenundefined|[silent]\n|switch|p1a: Lilligant|Lilligant, F|100/100\n|-damage|p1a: Lilligant|88/100|[from] Stealth Rock\n|move|p2a: Umbreon|Reflect|p2a: Umbreon\n|-sidestart|p2: DetroitYami|Reflect\n|\n|-damage|p2a: Umbreon|32/100 brn|[from] brn\n|upkeep\n|turn|10\n|\n|t:|1783797532\n|move|p1a: Lilligant|Quiver Dance|p1a: Lilligant\n|-boost|p1a: Lilligant|spa|1\n|-boost|p1a: Lilligant|spd|1\n|-boost|p1a: Lilligant|spe|1\n|move|p2a: Umbreon|Moonlight|p2a: Umbreon\n|-heal|p2a: Umbreon|82/100 brn\n|\n|-damage|p2a: Umbreon|76/100 brn|[from] brn\n|upkeep\n|turn|11\n|\n|t:|1783797541\n|move|p1a: Lilligant|Quiver Dance|p1a: Lilligant\n|-boost|p1a: Lilligant|spa|1\n|-boost|p1a: Lilligant|spd|1\n|-boost|p1a: Lilligant|spe|1\n|move|p2a: Umbreon|Toxic|p1a: Lilligant\n|-status|p1a: Lilligant|tox\n|\n|-damage|p1a: Lilligant|82/100 tox|[from] psn\n|-damage|p2a: Umbreon|70/100 brn|[from] brn\n|upkeep\n|turn|12\n|\n|t:|1783797550\n|move|p1a: Lilligant|Quiver Dance|p1a: Lilligant\n|-boost|p1a: Lilligant|spa|1\n|-boost|p1a: Lilligant|spd|1\n|-boost|p1a: Lilligant|spe|1\n|move|p2a: Umbreon|Foul Play|p1a: Lilligant\n|-damage|p1a: Lilligant|69/100 tox\n|\n|-damage|p1a: Lilligant|57/100 tox|[from] psn\n|-damage|p2a: Umbreon|64/100 brn|[from] brn\n|upkeep\n|turn|13\n|\n|t:|1783797563\n|move|p1a: Lilligant|Alluring Voice|p2a: Umbreon\n|-supereffective|p2a: Umbreon\n|-damage|p2a: Umbreon|0 fnt\n|faint|p2a: Umbreon\n|\n|-damage|p1a: Lilligant|39/100 tox|[from] psn\n|-sideend|p2: DetroitYami|Reflect\n|upkeep\n|inactive|DetroitYami has 120 seconds left.\n|\n|t:|1783797589\n|switch|p2a: Ceruledge|Ceruledge, F|100/100\n|turn|14\n|\n|t:|1783797609\n|-terastallize|p1a: Lilligant|Fire\n|move|p1a: Lilligant|Energy Ball|p2a: Ceruledge\n|-resisted|p2a: Ceruledge\n|-damage|p2a: Ceruledge|39/100\n|move|p2a: Ceruledge|Bitter Blade|p1a: Lilligant\n|-resisted|p1a: Lilligant\n|-damage|p1a: Lilligant|0 fnt\n|-heal|p2a: Ceruledge|58/100|[from] drain|[of] p1a: Lilligant\n|faint|p1a: Lilligant\n|\n|upkeep\n|\n|t:|1783797626\n|switch|p1a: Clodsire|Clodsire, F|100/100\n|turn|15\n|\n|t:|1783797637\n|move|p2a: Ceruledge|Phantom Force||[still]\n|-prepare|p2a: Ceruledge|Phantom Force\n|move|p1a: Clodsire|Earthquake|p2a: Ceruledge|[miss]\n|-miss|p1a: Clodsire|p2a: Ceruledge\n|\n|upkeep\n|turn|16\n|\n|t:|1783797641\n|move|p2a: Ceruledge|Phantom Force|p1a: Clodsire|[from] lockedmove\n|-damage|p1a: Clodsire|47/100\n|move|p1a: Clodsire|Toxic|p2a: Ceruledge\n|-status|p2a: Ceruledge|tox\n|\n|-damage|p2a: Ceruledge|52/100 tox|[from] psn\n|upkeep\n|turn|17\n|\n|t:|1783797647\n|move|p2a: Ceruledge|Phantom Force||[still]\n|-prepare|p2a: Ceruledge|Phantom Force\n|move|p1a: Clodsire|Recover|p1a: Clodsire\n|-heal|p1a: Clodsire|97/100\n|\n|-damage|p2a: Ceruledge|40/100 tox|[from] psn\n|upkeep\n|turn|18\n|\n|t:|1783797651\n|move|p2a: Ceruledge|Phantom Force|p1a: Clodsire|[from] lockedmove\n|-damage|p1a: Clodsire|42/100\n|move|p1a: Clodsire|Earthquake|p2a: Ceruledge\n|-supereffective|p2a: Ceruledge\n|-damage|p2a: Ceruledge|0 fnt\n|faint|p2a: Ceruledge\n|\n|upkeep\n|\n|t:|1783797660\n|switch|p2a: Gardevoir|Gardevoir, M|100/100\n|-ability|p2a: Gardevoir|Water Absorb|Trace|[from] ability: Trace|[of] p1a: Clodsire\n|turn|19\n|\n|t:|1783797673\n|switch|p1a: Kingambit|Kingambit, F|40/100\n|-damage|p1a: Kingambit|34/100|[from] Stealth Rock\n|-activate|p1a: Kingambit|ability: Supreme Overlord\n|-start|p1a: Kingambit|fallen1|[silent]\n|move|p2a: Gardevoir|Aura Sphere|p1a: Kingambit\n|-supereffective|p1a: Kingambit\n|-enditem|p1a: Kingambit|Chople Berry|[eat]\n|-enditem|p1a: Kingambit|Chople Berry|[weaken]\n|-damage|p1a: Kingambit|0 fnt\n|faint|p1a: Kingambit\n|-end|p1a: Kingambit|fallen1|[silent]\n|\n|upkeep\n|\n|t:|1783797684\n|switch|p1a: Dragapult|Dragapult, F|95/100 tox\n|-damage|p1a: Dragapult|82/100 tox|[from] Stealth Rock\n|turn|20\n|\n|t:|1783797689\n|move|p1a: Dragapult|Phantom Force||[still]\n|-prepare|p1a: Dragapult|Phantom Force\n|move|p2a: Gardevoir|Moonblast|p1a: Dragapult|[miss]\n|-miss|p2a: Gardevoir|p1a: Dragapult\n|\n|-heal|p1a: Dragapult|88/100 tox|[from] item: Leftovers\n|-damage|p1a: Dragapult|82/100 tox|[from] psn\n|upkeep\n|turn|21\n|\n|t:|1783797694\n|move|p1a: Dragapult|Phantom Force|p2a: Gardevoir|[from] lockedmove\n|-supereffective|p2a: Gardevoir\n|-enditem|p2a: Gardevoir|Focus Sash\n|-damage|p2a: Gardevoir|1/100\n|move|p2a: Gardevoir|Moonblast|p1a: Dragapult\n|-supereffective|p1a: Dragapult\n|-damage|p1a: Dragapult|0 fnt\n|faint|p1a: Dragapult\n|\n|upkeep\n|\n|t:|1783797707\n|switch|p1a: Torkoal|Torkoal, M|92/100\n|-damage|p1a: Torkoal|68/100|[from] Stealth Rock\n|-weather|SunnyDay|[from] ability: Drought|[of] p1a: Torkoal\n|turn|22\n|\n|t:|1783797718\n|move|p2a: Gardevoir|Thunderbolt|p1a: Torkoal\n|-damage|p1a: Torkoal|20/100\n|move|p1a: Torkoal|Earth Power|p2a: Gardevoir\n|-damage|p2a: Gardevoir|0 fnt\n|faint|p2a: Gardevoir\n|\n|-weather|SunnyDay|[upkeep]\n|upkeep\n|\n|t:|1783797723\n|switch|p2a: Hatterene|Hatterene, F, tera:Poison|100/100\n|turn|23\n|\n|t:|1783797730\n|move|p1a: Torkoal|Overheat|p2a: Hatterene\n|-damage|p2a: Hatterene|10/100\n|-unboost|p1a: Torkoal|spa|2\n|move|p2a: Hatterene|Psychic|p1a: Torkoal\n|-damage|p1a: Torkoal|0 fnt\n|faint|p1a: Torkoal\n|\n|-weather|SunnyDay|[upkeep]\n|upkeep\n|\n|t:|1783797738\n|switch|p1a: Raging Bolt|Raging Bolt|100/100\n|-damage|p1a: Raging Bolt|88/100|[from] Stealth Rock\n|-activate|p1a: Raging Bolt|ability: Protosynthesis\n|-start|p1a: Raging Bolt|protosynthesisspa\n|turn|24\n|\n|t:|1783797745\n|move|p1a: Raging Bolt|Solar Beam||[still]\n|-prepare|p1a: Raging Bolt|Solar Beam\n|-anim|p1a: Raging Bolt|Solar Beam|p2a: Hatterene\n|-resisted|p2a: Hatterene\n|-damage|p2a: Hatterene|0 fnt\n|faint|p2a: Hatterene\n|\n|-weather|SunnyDay|[upkeep]\n|upkeep\n|\n|t:|1783797755\n|switch|p2a: Lycanroc|Lycanroc-Dusk, M|100/100\n|turn|25\n|\n|t:|1783797759\n|move|p2a: Lycanroc|Drill Run|p1a: Raging Bolt\n|-supereffective|p1a: Raging Bolt\n|-damage|p1a: Raging Bolt|31/100\n|move|p1a: Raging Bolt|Solar Beam||[still]\n|-prepare|p1a: Raging Bolt|Solar Beam\n|-anim|p1a: Raging Bolt|Solar Beam|p2a: Lycanroc\n|-supereffective|p2a: Lycanroc\n|-enditem|p2a: Lycanroc|Focus Sash\n|-damage|p2a: Lycanroc|1/100\n|\n|-weather|SunnyDay|[upkeep]\n|upkeep\n|turn|26\n|\n|t:|1783797770\n|move|p2a: Lycanroc|Drill Run|p1a: Raging Bolt\n|-supereffective|p1a: Raging Bolt\n|-damage|p1a: Raging Bolt|0 fnt\n|faint|p1a: Raging Bolt\n|-end|p1a: Raging Bolt|Protosynthesis|[silent]\n|\n|-weather|SunnyDay|[upkeep]\n|upkeep\n|\n|t:|1783797772\n|switch|p1a: Clodsire|Clodsire, F|42/100\n|turn|27\n|\n|t:|1783797777\n|move|p2a: Lycanroc|Drill Run|p1a: Clodsire\n|-supereffective|p1a: Clodsire\n|-damage|p1a: Clodsire|0 fnt\n|faint|p1a: Clodsire\n|\n|win|DetroitYami\n|raw|mrshachosh's rating: 1123 &rarr; <strong>1093</strong><br />(-30 for losing)\n|raw|DetroitYami's rating: 1058 &rarr; <strong>1095</strong><br />(+37 for winning)\n|l|☆mrshachosh\n|player|p1|\n|l|☆DetroitYami\n|player|p2|\n", "uploadtime": 1783798158, "views": 5, "formatid": "gen9ou", "rating": 1093, "private": 0, "password": null}