{"id": "gen9ou-2647810755", "format": "[Gen 9] OU", "players": ["Aggrhy", "foodtest6marker"], "log": "|j|☆Aggrhy\n|j|☆foodtest6marker\n|t:|1783816649\n|gametype|singles\n|player|p1|Aggrhy|red-masters|1352\n|player|p2|foodtest6marker|lady|1410\n|gen|9\n|tier|[Gen 9] OU\n|rated|\n|rule|HP Percentage Mod: HP is shown in percentages\n|rule|Endless Battle Clause: Forcing endless battles is banned\n|rule|Species Clause: Limit one of each Pokémon\n|rule|OHKO Clause: OHKO moves are banned\n|rule|Evasion Items Clause: Evasion items are banned\n|rule|Evasion Moves Clause: Evasion moves are banned\n|rule|Evasion Abilities Clause: Evasion abilities are banned\n|rule|Sleep Moves Clause: Sleep-inducing moves are banned\n|clearpoke\n|poke|p1|Breloom, F|\n|poke|p1|Gliscor, F|\n|poke|p1|Delphox, F|\n|poke|p1|Donphan, M|\n|poke|p1|Rabsca, M|\n|poke|p1|Slowking, F|\n|poke|p2|Darkrai|\n|poke|p2|Ogerpon, F|\n|poke|p2|Kingambit, F|\n|poke|p2|Garchomp, M|\n|poke|p2|Iron Treads|\n|poke|p2|Hippowdon, F|\n|teampreview\n|inactive|Battle timer is ON: inactive players will automatically lose when time's up. (requested by foodtest6marker)\n|inactive|Aggrhy also wants the timer to be on.\n|\n|t:|1783816672\n|teamsize|p1|6\n|teamsize|p2|6\n|start\n|switch|p1a: Breloom|Breloom, F|100/100\n|switch|p2a: Garchomp|Garchomp, M|100/100\n|turn|1\n|\n|t:|1783816679\n|move|p2a: Garchomp|Stealth Rock|p1a: Breloom\n|-sidestart|p1: Aggrhy|move: Stealth Rock\n|move|p1a: Breloom|Toxic|p2a: Garchomp\n|-status|p2a: Garchomp|tox\n|\n|-damage|p2a: Garchomp|94/100 tox|[from] psn\n|-status|p1a: Breloom|tox|[from] item: Toxic Orb\n|upkeep\n|turn|2\n|\n|t:|1783816688\n|move|p1a: Breloom|Substitute|p1a: Breloom\n|-start|p1a: Breloom|Substitute\n|-damage|p1a: Breloom|75/100 tox\n|move|p2a: Garchomp|Dragon Tail|p1a: Breloom\n|-end|p1a: Breloom|Substitute\n|\n|-damage|p2a: Garchomp|82/100 tox|[from] psn\n|-heal|p1a: Breloom|88/100 tox|[from] ability: Poison Heal\n|upkeep\n|turn|3\n|\n|t:|1783816698\n|switch|p2a: Hippowdon|Hippowdon, F|100/100\n|-weather|Sandstorm|[from] ability: Sand Stream|[of] p2a: Hippowdon\n|move|p1a: Breloom|Substitute|p1a: Breloom\n|-start|p1a: Breloom|Substitute\n|-damage|p1a: Breloom|63/100 tox\n|\n|-weather|Sandstorm|[upkeep]\n|-damage|p1a: Breloom|57/100 tox|[from] Sandstorm\n|-heal|p1a: Breloom|69/100 tox|[from] ability: Poison Heal\n|upkeep\n|turn|4\n|\n|t:|1783816712\n|move|p1a: Breloom|Leech Seed|p2a: Hippowdon\n|-start|p2a: Hippowdon|move: Leech Seed\n|move|p2a: Hippowdon|Roar|p1a: Breloom\n|drag|p1a: Gliscor|Gliscor, F|100/100\n|-damage|p1a: Gliscor|88/100|[from] Stealth Rock\n|\n|-weather|Sandstorm|[upkeep]\n|-damage|p2a: Hippowdon|88/100|[from] Leech Seed|[of] p1a: Gliscor\n|-heal|p1a: Gliscor|100/100|[silent]\n|-status|p1a: Gliscor|tox|[from] item: Toxic Orb\n|upkeep\n|turn|5\n|\n|t:|1783816724\n|switch|p2a: Garchomp|Garchomp, M|82/100 tox\n|move|p1a: Gliscor|Toxic|p2a: Garchomp\n|-fail|p2a: Garchomp|tox\n|\n|-weather|Sandstorm|[upkeep]\n|-damage|p2a: Garchomp|76/100 tox|[from] psn\n|upkeep\n|turn|6\n|\n|t:|1783816736\n|move|p1a: Gliscor|Protect|p1a: Gliscor\n|-singleturn|p1a: Gliscor|Protect\n|move|p2a: Garchomp|Spikes|p1a: Gliscor\n|-sidestart|p1: Aggrhy|Spikes\n|\n|-weather|Sandstorm|[upkeep]\n|-damage|p2a: Garchomp|64/100 tox|[from] psn\n|upkeep\n|turn|7\n|\n|t:|1783816745\n|move|p2a: Garchomp|Spikes|p1a: Gliscor\n|-sidestart|p1: Aggrhy|Spikes\n|move|p1a: Gliscor|Earthquake|p2a: Garchomp\n|-damage|p2a: Garchomp|32/100 tox\n|\n|-weather|none\n|-damage|p2a: Garchomp|14/100 tox|[from] psn\n|upkeep\n|turn|8\n|\n|t:|1783816754\n|move|p1a: Gliscor|Protect|p1a: Gliscor\n|-singleturn|p1a: Gliscor|Protect\n|move|p2a: Garchomp|Spikes|p1a: Gliscor\n|-sidestart|p1: Aggrhy|Spikes\n|\n|-damage|p2a: Garchomp|0 fnt|[from] psn\n|faint|p2a: Garchomp\n|upkeep\n|\n|t:|1783816765\n|switch|p2a: Darkrai|Darkrai|100/100\n|turn|9\n|\n|t:|1783816778\n|-terastallize|p2a: Darkrai|Dark\n|move|p2a: Darkrai|Dark Pulse|p1a: Gliscor\n|-damage|p1a: Gliscor|25/100 tox\n|move|p1a: Gliscor|Toxic|p2a: Darkrai\n|-status|p2a: Darkrai|tox\n|\n|-damage|p2a: Darkrai|94/100 tox|[from] psn\n|-heal|p1a: Gliscor|37/100 tox|[from] ability: Poison Heal\n|upkeep\n|turn|10\n|\n|t:|1783816790\n|move|p1a: Gliscor|Protect|p1a: Gliscor\n|-singleturn|p1a: Gliscor|Protect\n|move|p2a: Darkrai|Dark Pulse|p1a: Gliscor\n|-activate|p1a: Gliscor|move: Protect\n|\n|-damage|p2a: Darkrai|82/100 tox|[from] psn\n|-heal|p1a: Gliscor|50/100 tox|[from] ability: Poison Heal\n|upkeep\n|turn|11\n|\n|t:|1783816800\n|move|p1a: Gliscor|Protect|p1a: Gliscor\n|-singleturn|p1a: Gliscor|Protect\n|move|p2a: Darkrai|Dark Pulse|p1a: Gliscor\n|-activate|p1a: Gliscor|move: Protect\n|\n|-damage|p2a: Darkrai|64/100 tox|[from] psn\n|-heal|p1a: Gliscor|62/100 tox|[from] ability: Poison Heal\n|upkeep\n|turn|12\n|\n|t:|1783816810\n|move|p1a: Gliscor|Protect||[still]\n|-fail|p1a: Gliscor\n|move|p2a: Darkrai|Dark Pulse|p1a: Gliscor\n|-damage|p1a: Gliscor|0 fnt\n|faint|p1a: Gliscor\n|\n|-damage|p2a: Darkrai|40/100 tox|[from] psn\n|upkeep\n|\n|t:|1783816820\n|switch|p1a: Donphan|Donphan, M|100/100\n|turn|13\n|\n|t:|1783816826\n|move|p2a: Darkrai|Dark Pulse|p1a: Donphan\n|-ability|p1a: Donphan|Sturdy\n|-damage|p1a: Donphan|1/100\n|move|p1a: Donphan|Rapid Spin|p2a: Darkrai\n|-damage|p2a: Darkrai|21/100 tox\n|-boost|p1a: Donphan|spe|1\n|-sideend|p1: Aggrhy|Spikes|[from] move: Rapid Spin|[of] p1a: Donphan\n|-sideend|p1: Aggrhy|Stealth Rock|[from] move: Rapid Spin|[of] p1a: Donphan\n|\n|-damage|p2a: Darkrai|0 fnt|[from] psn\n|faint|p2a: Darkrai\n|upkeep\n|\n|t:|1783816841\n|switch|p2a: Ogerpon|Ogerpon, F|100/100\n|turn|14\n|\n|t:|1783816846\n|move|p1a: Donphan|Ice Shard|p2a: Ogerpon\n|-supereffective|p2a: Ogerpon\n|-damage|p2a: Ogerpon|69/100\n|move|p2a: Ogerpon|U-turn|p1a: Donphan\n|-damage|p1a: Donphan|0 fnt\n|faint|p1a: Donphan\n|\n|t:|1783816854\n|switch|p2a: Hippowdon|Hippowdon, F|88/100|[from] U-turn\n|-weather|Sandstorm|[from] ability: Sand Stream|[of] p2a: Hippowdon\n|\n|-weather|Sandstorm|[upkeep]\n|upkeep\n|\n|t:|1783816861\n|switch|p1a: Rabsca|Rabsca, M|100/100\n|turn|15\n|\n|t:|1783816868\n|move|p1a: Rabsca|Revival Blessing|p1a: Rabsca\n|\n|t:|1783816871\n|-heal|p1: Gliscor|50/100|[from] move: Revival Blessing\n|move|p2a: Hippowdon|Curse|p2a: Hippowdon\n|-unboost|p2a: Hippowdon|spe|1\n|-boost|p2a: Hippowdon|atk|1\n|-boost|p2a: Hippowdon|def|1\n|\n|-weather|Sandstorm|[upkeep]\n|-damage|p1a: Rabsca|94/100|[from] Sandstorm\n|upkeep\n|turn|16\n|\n|t:|1783816889\n|switch|p1a: Gliscor|Gliscor, F|50/100\n|move|p2a: Hippowdon|Roar|p1a: Gliscor\n|drag|p1a: Rabsca|Rabsca, M|94/100\n|\n|-weather|Sandstorm|[upkeep]\n|-damage|p1a: Rabsca|88/100|[from] Sandstorm\n|upkeep\n|turn|17\n|\n|t:|1783816898\n|switch|p1a: Gliscor|Gliscor, F|50/100\n|switch|p2a: Ogerpon|Ogerpon, F|69/100\n|\n|-weather|Sandstorm|[upkeep]\n|-damage|p2a: Ogerpon|63/100|[from] Sandstorm\n|-status|p1a: Gliscor|tox|[from] item: Toxic Orb\n|upkeep\n|turn|18\n|\n|t:|1783816917\n|switch|p1a: Breloom|Breloom, F|69/100 tox\n|move|p2a: Ogerpon|Ivy Cudgel|p1a: Breloom\n|-resisted|p1a: Breloom\n|-damage|p1a: Breloom|35/100 tox\n|\n|-weather|none\n|-heal|p1a: Breloom|47/100 tox|[from] ability: Poison Heal\n|upkeep\n|turn|19\n|\n|t:|1783816940\n|switch|p2a: Hippowdon|Hippowdon, F|88/100\n|-weather|Sandstorm|[from] ability: Sand Stream|[of] p2a: Hippowdon\n|move|p1a: Breloom|Toxic|p2a: Hippowdon\n|-status|p2a: Hippowdon|tox\n|\n|-weather|Sandstorm|[upkeep]\n|-damage|p1a: Breloom|41/100 tox|[from] Sandstorm\n|-heal|p1a: Breloom|53/100 tox|[from] ability: Poison Heal\n|-damage|p2a: Hippowdon|82/100 tox|[from] psn\n|upkeep\n|turn|20\n|\n|t:|1783816954\n|move|p1a: Breloom|Leech Seed|p2a: Hippowdon\n|-start|p2a: Hippowdon|move: Leech Seed\n|move|p2a: Hippowdon|Roar|p1a: Breloom\n|drag|p1a: Gliscor|Gliscor, F|50/100 tox\n|\n|-weather|Sandstorm|[upkeep]\n|-damage|p2a: Hippowdon|70/100 tox|[from] Leech Seed|[of] p1a: Gliscor\n|-heal|p1a: Gliscor|65/100 tox|[silent]\n|-heal|p1a: Gliscor|78/100 tox|[from] ability: Poison Heal\n|-damage|p2a: Hippowdon|57/100 tox|[from] psn\n|upkeep\n|turn|21\n|inactive|foodtest6marker has 120 seconds left.\n|\n|t:|1783816993\n|switch|p1a: Breloom|Breloom, F|53/100 tox\n|switch|p2a: Iron Treads|Iron Treads|100/100\n|-enditem|p2a: Iron Treads|Booster Energy\n|-activate|p2a: Iron Treads|ability: Quark Drive|[fromitem]\n|-start|p2a: Iron Treads|quarkdrivespe\n|\n|-weather|Sandstorm|[upkeep]\n|-damage|p1a: Breloom|47/100 tox|[from] Sandstorm\n|-heal|p1a: Breloom|59/100 tox|[from] ability: Poison Heal\n|upkeep\n|turn|22\n|\n|t:|1783817006\n|move|p2a: Iron Treads|Stealth Rock|p1a: Breloom\n|-sidestart|p1: Aggrhy|move: Stealth Rock\n|move|p1a: Breloom|Leech Seed|p2a: Iron Treads\n|-start|p2a: Iron Treads|move: Leech Seed\n|\n|-weather|Sandstorm|[upkeep]\n|-damage|p1a: Breloom|53/100 tox|[from] Sandstorm\n|-damage|p2a: Iron Treads|88/100|[from] Leech Seed|[of] p1a: Breloom\n|-heal|p1a: Breloom|66/100 tox|[silent]\n|-heal|p1a: Breloom|78/100 tox|[from] ability: Poison Heal\n|upkeep\n|turn|23\n|inactive|foodtest6marker has 120 seconds left.\n|inactive|foodtest6marker has 90 seconds left.\n|\n|t:|1783817049\n|move|p2a: Iron Treads|Knock Off|p1a: Breloom\n|-resisted|p1a: Breloom\n|-damage|p1a: Breloom|65/100 tox\n|-enditem|p1a: Breloom|Toxic Orb|[from] move: Knock Off|[of] p2a: Iron Treads\n|move|p1a: Breloom|Substitute|p1a: Breloom\n|-start|p1a: Breloom|Substitute\n|-damage|p1a: Breloom|40/100 tox\n|\n|-weather|none\n|-damage|p2a: Iron Treads|76/100|[from] Leech Seed|[of] p1a: Breloom\n|-heal|p1a: Breloom|53/100 tox|[silent]\n|-heal|p1a: Breloom|65/100 tox|[from] ability: Poison Heal\n|upkeep\n|turn|24\n|inactive|foodtest6marker has 90 seconds left.\n|inactive|foodtest6marker has 60 seconds left.\n|\n|t:|1783817098\n|-end|p2a: Iron Treads|Quark Drive|[silent]\n|switch|p2a: Kingambit|Kingambit, F|100/100\n|-activate|p2a: Kingambit|ability: Supreme Overlord\n|-start|p2a: Kingambit|fallen2|[silent]\n|move|p1a: Breloom|Seed Bomb|p2a: Kingambit\n|-resisted|p2a: Kingambit\n|-damage|p2a: Kingambit|87/100\n|\n|-heal|p1a: Breloom|77/100 tox|[from] ability: Poison Heal\n|upkeep\n|turn|25\n|\n|t:|1783817111\n|move|p2a: Kingambit|Swords Dance|p2a: Kingambit\n|-boost|p2a: Kingambit|atk|2\n|move|p1a: Breloom|Leech Seed|p2a: Kingambit\n|-start|p2a: Kingambit|move: Leech Seed\n|\n|-damage|p2a: Kingambit|75/100|[from] Leech Seed|[of] p1a: Breloom\n|-heal|p1a: Breloom|90/100 tox|[silent]\n|-heal|p1a: Breloom|100/100 tox|[from] ability: Poison Heal\n|upkeep\n|turn|26\n|\n|t:|1783817121\n|move|p2a: Kingambit|Iron Head|p1a: Breloom\n|-end|p1a: Breloom|Substitute\n|move|p1a: Breloom|Substitute|p1a: Breloom\n|-start|p1a: Breloom|Substitute\n|-damage|p1a: Breloom|75/100 tox\n|\n|-damage|p2a: Kingambit|62/100|[from] Leech Seed|[of] p1a: Breloom\n|-heal|p1a: Breloom|88/100 tox|[silent]\n|-heal|p1a: Breloom|100/100 tox|[from] ability: Poison Heal\n|upkeep\n|turn|27\n|inactive|foodtest6marker has 60 seconds left.\n|inactive|foodtest6marker has 30 seconds left.\n|\n|t:|1783817175\n|move|p2a: Kingambit|Iron Head|p1a: Breloom\n|-end|p1a: Breloom|Substitute\n|move|p1a: Breloom|Substitute|p1a: Breloom\n|-start|p1a: Breloom|Substitute\n|-damage|p1a: Breloom|75/100 tox\n|\n|-damage|p2a: Kingambit|50/100|[from] Leech Seed|[of] p1a: Breloom\n|-heal|p1a: Breloom|88/100 tox|[silent]\n|-heal|p1a: Breloom|100/100 tox|[from] ability: Poison Heal\n|upkeep\n|turn|28\n|-message|foodtest6marker forfeited.\n|\n|win|Aggrhy\n|raw|Aggrhy's rating: 1352 &rarr; <strong>1375</strong><br />(+23 for winning)\n|raw|foodtest6marker's rating: 1410 &rarr; <strong>1387</strong><br />(-23 for losing)\n|l|☆foodtest6marker\n|player|p2|\n|l|☆Aggrhy\n|player|p1|\n", "uploadtime": 1783817582, "views": 8, "formatid": "gen9ou", "rating": 1375, "private": 0, "password": null}