{"id": "gen9ou-2647831885", "format": "[Gen 9] OU", "players": ["shaq in da paint", "waha8"], "log": "|j|☆shaq in da paint\n|j|☆waha8\n|t:|1783820432\n|gametype|singles\n|player|p1|shaq in da paint|dancer|1671\n|player|p2|waha8|266|1622\n|gen|9\n|tier|[Gen 9] OU\n|rated|\n|rule|HP Percentage Mod: HP is shown in percentages\n|rule|Endless Battle Clause: Forcing endless battles is banned\n|rule|Species Clause: Limit one of each Pokémon\n|rule|OHKO Clause: OHKO moves are banned\n|rule|Evasion Items Clause: Evasion items are banned\n|rule|Evasion Moves Clause: Evasion moves are banned\n|rule|Evasion Abilities Clause: Evasion abilities are banned\n|rule|Sleep Moves Clause: Sleep-inducing moves are banned\n|clearpoke\n|poke|p1|Ceruledge, F|\n|poke|p1|Iron Valiant|\n|poke|p1|Kyurem|\n|poke|p1|Zapdos|\n|poke|p1|Kingambit, M|\n|poke|p1|Ting-Lu|\n|poke|p2|Kyurem|\n|poke|p2|Cetitan, F|\n|poke|p2|Ninetales-Alola, F|\n|poke|p2|Dragonite, M|\n|poke|p2|Blaziken, F|\n|poke|p2|Zamazenta-*|\n|teampreview\n|inactive|Battle timer is ON: inactive players will automatically lose when time's up. (requested by waha8)\n|\n|t:|1783820487\n|teamsize|p1|6\n|teamsize|p2|6\n|start\n|switch|p1a: Edward Scizorhands|Ceruledge, F|100/100\n|switch|p2a: Mavis|Ninetales-Alola, F|100/100\n|-weather|Snowscape|[from] ability: Snow Warning|[of] p2a: Mavis\n|turn|1\n|\n|t:|1783820493\n|move|p2a: Mavis|Aurora Veil|p2a: Mavis\n|-sidestart|p2: waha8|move: Aurora Veil\n|move|p1a: Edward Scizorhands|Bitter Blade|p2a: Mavis\n|-supereffective|p2a: Mavis\n|-damage|p2a: Mavis|48/100\n|\n|-weather|Snowscape|[upkeep]\n|upkeep\n|turn|2\n|\n|t:|1783820500\n|move|p2a: Mavis|Freeze-Dry|p1a: Edward Scizorhands\n|-resisted|p1a: Edward Scizorhands\n|-damage|p1a: Edward Scizorhands|87/100\n|move|p1a: Edward Scizorhands|Bitter Blade|p2a: Mavis\n|-supereffective|p2a: Mavis\n|-damage|p2a: Mavis|0 fnt\n|-heal|p1a: Edward Scizorhands|100/100|[from] drain|[of] p2a: Mavis\n|faint|p2a: Mavis\n|\n|-weather|Snowscape|[upkeep]\n|upkeep\n|\n|t:|1783820509\n|switch|p2a: Thing|Cetitan, F|100/100\n|turn|3\n|\n|t:|1783820516\n|-terastallize|p2a: Thing|Ground\n|move|p2a: Thing|Belly Drum|p2a: Thing\n|-damage|p2a: Thing|50/100\n|-setboost|p2a: Thing|atk|6|[from] move: Belly Drum\n|-enditem|p2a: Thing|Sitrus Berry|[eat]\n|-heal|p2a: Thing|75/100|[from] item: Sitrus Berry\n|move|p1a: Edward Scizorhands|Bitter Blade|p2a: Thing\n|-damage|p2a: Thing|49/100\n|\n|-weather|Snowscape|[upkeep]\n|upkeep\n|turn|4\n|\n|t:|1783820526\n|move|p1a: Edward Scizorhands|Shadow Sneak|p2a: Thing\n|-damage|p2a: Thing|38/100\n|move|p2a: Thing|Icicle Spear|p1a: Edward Scizorhands\n|-resisted|p1a: Edward Scizorhands\n|-damage|p1a: Edward Scizorhands|65/100\n|-ability|p1a: Edward Scizorhands|Weak Armor|boost\n|-unboost|p1a: Edward Scizorhands|def|1\n|-boost|p1a: Edward Scizorhands|spe|2\n|-resisted|p1a: Edward Scizorhands\n|-damage|p1a: Edward Scizorhands|15/100\n|-ability|p1a: Edward Scizorhands|Weak Armor|boost\n|-unboost|p1a: Edward Scizorhands|def|1\n|-boost|p1a: Edward Scizorhands|spe|2\n|-resisted|p1a: Edward Scizorhands\n|-damage|p1a: Edward Scizorhands|0 fnt\n|faint|p1a: Edward Scizorhands\n|-hitcount|p1: Edward Scizorhands|3\n|\n|-weather|Snowscape|[upkeep]\n|upkeep\n|\n|t:|1783820539\n|switch|p1a: RAWWWWWR|Kyurem|100/100\n|-ability|p1a: RAWWWWWR|Pressure\n|turn|5\n|\n|t:|1783820543\n|move|p2a: Thing|Earthquake|p1a: RAWWWWWR\n|-damage|p1a: RAWWWWWR|0 fnt\n|faint|p1a: RAWWWWWR\n|\n|-weather|Snowscape|[upkeep]\n|-sideend|p2: waha8|move: Aurora Veil\n|upkeep\n|j| Manxas\n|\n|t:|1783820552\n|switch|p1a: Lucifer's Son|Kingambit, M|100/100\n|-activate|p1a: Lucifer's Son|ability: Supreme Overlord\n|-start|p1a: Lucifer's Son|fallen2|[silent]\n|turn|6\n|\n|t:|1783820556\n|move|p2a: Thing|Ice Shard|p1a: Lucifer's Son\n|-resisted|p1a: Lucifer's Son\n|-damage|p1a: Lucifer's Son|68/100\n|move|p1a: Lucifer's Son|Sucker Punch||[still]\n|-fail|p1a: Lucifer's Son\n|\n|-weather|Snowscape|[upkeep]\n|-heal|p1a: Lucifer's Son|74/100|[from] item: Leftovers\n|upkeep\n|turn|7\n|\n|t:|1783820562\n|move|p2a: Thing|Ice Shard|p1a: Lucifer's Son\n|-resisted|p1a: Lucifer's Son\n|-damage|p1a: Lucifer's Son|41/100\n|move|p1a: Lucifer's Son|Sucker Punch||[still]\n|-fail|p1a: Lucifer's Son\n|\n|-weather|Snowscape|[upkeep]\n|-heal|p1a: Lucifer's Son|47/100|[from] item: Leftovers\n|upkeep\n|turn|8\n|\n|t:|1783820568\n|move|p1a: Lucifer's Son|Sucker Punch|p2a: Thing\n|-damage|p2a: Thing|0 fnt\n|faint|p2a: Thing\n|\n|-weather|none\n|-heal|p1a: Lucifer's Son|53/100|[from] item: Leftovers\n|upkeep\n|\n|t:|1783820575\n|switch|p2a: Ken|Blaziken, F|100/100\n|turn|9\n|\n|t:|1783820578\n|-end|p1a: Lucifer's Son|fallen2|[silent]\n|switch|p1a: KWAHHHHH|Zapdos|100/100\n|move|p2a: Ken|Focus Energy|p2a: Ken\n|-start|p2a: Ken|move: Focus Energy\n|\n|-ability|p2a: Ken|Speed Boost|boost\n|-boost|p2a: Ken|spe|1\n|upkeep\n|turn|10\n|\n|t:|1783820585\n|move|p2a: Ken|Overheat|p1a: KWAHHHHH\n|-crit|p1a: KWAHHHHH\n|-damage|p1a: KWAHHHHH|22/100\n|-unboost|p2a: Ken|spa|2\n|move|p1a: KWAHHHHH|Thunder Wave|p2a: Ken\n|-status|p2a: Ken|par\n|\n|-ability|p2a: Ken|Speed Boost|boost\n|-boost|p2a: Ken|spe|1\n|upkeep\n|turn|11\n|\n|t:|1783820593\n|cant|p2a: Ken|par\n|move|p1a: KWAHHHHH|Hurricane|p2a: Ken\n|-supereffective|p2a: Ken\n|-damage|p2a: Ken|0 fnt\n|faint|p2a: Ken\n|\n|upkeep\n|\n|t:|1783820602\n|switch|p2a: Dknight|Dragonite, M|100/100\n|turn|12\n|\n|t:|1783820607\n|move|p1a: KWAHHHHH|Thunder Wave|p2a: Dknight\n|-status|p2a: Dknight|par\n|move|p2a: Dknight|Dragon Dance|p2a: Dknight\n|-boost|p2a: Dknight|atk|1\n|-boost|p2a: Dknight|spe|1\n|\n|upkeep\n|turn|13\n|l|☆shaq in da paint\n|inactive|shaq in da paint disconnected and has a minute to reconnect!\n|player|p1|\n|inactive|shaq in da paint has 30 seconds to reconnect!\n|j|☆shaq in da paint\n|inactive|shaq in da paint reconnected and has 105 seconds left.\n|player|p1|shaq in da paint|dancer|\n|\n|t:|1783820658\n|cant|p2a: Dknight|par\n|move|p1a: KWAHHHHH|Roost|p1a: KWAHHHHH\n|-heal|p1a: KWAHHHHH|72/100\n|-singleturn|p1a: KWAHHHHH|move: Roost\n|\n|upkeep\n|turn|14\n|\n|t:|1783820665\n|switch|p1a: THE TOILET|Ting-Lu|100/100\n|-ability|p1a: THE TOILET|Vessel of Ruin\n|move|p2a: Dknight|Dragon Dance|p2a: Dknight\n|-boost|p2a: Dknight|atk|1\n|-boost|p2a: Dknight|spe|1\n|\n|upkeep\n|turn|15\n|\n|t:|1783820672\n|cant|p2a: Dknight|par\n|move|p1a: THE TOILET|Ruination|p2a: Dknight\n|-damage|p2a: Dknight|51/100 par\n|\n|-heal|p2a: Dknight|57/100 par|[from] item: Leftovers\n|upkeep\n|turn|16\n|\n|t:|1783820677\n|move|p2a: Dknight|Earthquake|p1a: THE TOILET\n|-damage|p1a: THE TOILET|60/100\n|move|p1a: THE TOILET|Whirlwind|p2a: Dknight\n|drag|p2a: SubZero|Kyurem|100/100\n|-ability|p2a: SubZero|Pressure\n|\n|-heal|p1a: THE TOILET|67/100|[from] item: Leftovers\n|upkeep\n|turn|17\n|\n|t:|1783820686\n|move|p2a: SubZero|Icicle Spear|p1a: THE TOILET\n|-supereffective|p1a: THE TOILET\n|-damage|p1a: THE TOILET|50/100\n|-supereffective|p1a: THE TOILET\n|-damage|p1a: THE TOILET|35/100\n|-supereffective|p1a: THE TOILET\n|-damage|p1a: THE TOILET|20/100\n|-supereffective|p1a: THE TOILET\n|-damage|p1a: THE TOILET|3/100\n|-hitcount|p1a: THE TOILET|4\n|move|p1a: THE TOILET|Ruination|p2a: SubZero\n|-damage|p2a: SubZero|51/100\n|\n|-heal|p1a: THE TOILET|9/100|[from] item: Leftovers\n|upkeep\n|turn|18\n|\n|t:|1783820699\n|move|p2a: SubZero|Dragon Dance|p2a: SubZero\n|-boost|p2a: SubZero|atk|1\n|-boost|p2a: SubZero|spe|1\n|move|p1a: THE TOILET|Earthquake|p2a: SubZero\n|-damage|p2a: SubZero|12/100\n|\n|-heal|p1a: THE TOILET|16/100|[from] item: Leftovers\n|upkeep\n|turn|19\n|\n|t:|1783820706\n|move|p2a: SubZero|Scale Shot|p1a: THE TOILET|[miss]\n|-miss|p2a: SubZero|p1a: THE TOILET\n|move|p1a: THE TOILET|Earthquake|p2a: SubZero\n|-crit|p2a: SubZero\n|-damage|p2a: SubZero|0 fnt\n|faint|p2a: SubZero\n|\n|-heal|p1a: THE TOILET|22/100|[from] item: Leftovers\n|upkeep\n|\n|t:|1783820714\n|switch|p2a: Dknight|Dragonite, M|57/100 par\n|turn|20\n|-message|waha8 forfeited.\n|\n|win|shaq in da paint\n|raw|shaq in da paint's rating: 1671 &rarr; <strong>1688</strong><br />(+17 for winning)\n|raw|waha8's rating: 1622 &rarr; <strong>1605</strong><br />(-17 for losing)\n|l|☆waha8\n|player|p2|\n|l|☆shaq in da paint\n|player|p1|\n|l| Manxas\n", "uploadtime": 1783820983, "views": 3, "formatid": "gen9ou", "rating": 1605, "private": 0, "password": null}