{"id": "gen9ou-2647677683", "format": "[Gen 9] OU", "players": ["idealist", "DriftedEx"], "log": "|j|☆idealist\n|j|☆DriftedEx\n|t:|1783794901\n|gametype|singles\n|player|p1|idealist|2|1621\n|player|p2|DriftedEx|rocketgrunt|1627\n|gen|9\n|tier|[Gen 9] OU\n|rated|\n|rule|HP Percentage Mod: HP is shown in percentages\n|rule|Endless Battle Clause: Forcing endless battles is banned\n|rule|Species Clause: Limit one of each Pokémon\n|rule|OHKO Clause: OHKO moves are banned\n|rule|Evasion Items Clause: Evasion items are banned\n|rule|Evasion Moves Clause: Evasion moves are banned\n|rule|Evasion Abilities Clause: Evasion abilities are banned\n|rule|Sleep Moves Clause: Sleep-inducing moves are banned\n|clearpoke\n|poke|p1|Hydrapple, M|\n|poke|p1|Tyranitar, F|\n|poke|p1|Moltres|\n|poke|p1|Zamazenta-*|\n|poke|p1|Slowking-Galar, F|\n|poke|p1|Excadrill, F|\n|poke|p2|Dragapult, M|\n|poke|p2|Dragonite, M|\n|poke|p2|Ting-Lu|\n|poke|p2|Weezing-Galar, M|\n|poke|p2|Iron Crown|\n|poke|p2|Zapdos|\n|teampreview\n|inactive|Battle timer is ON: inactive players will automatically lose when time's up. (requested by DriftedEx)\n|\n|t:|1783794912\n|teamsize|p1|6\n|teamsize|p2|6\n|start\n|switch|p1a: Slowking|Slowking-Galar, F|100/100\n|switch|p2a: Dragapult|Dragapult, M|100/100\n|turn|1\n|\n|t:|1783794918\n|move|p2a: Dragapult|U-turn|p1a: Slowking\n|-crit|p1a: Slowking\n|-damage|p1a: Slowking|78/100\n|\n|t:|1783794919\n|switch|p2a: Ting-Lu|Ting-Lu|100/100|[from] U-turn\n|-ability|p2a: Ting-Lu|Vessel of Ruin\n|move|p1a: Slowking|Ice Beam|p2a: Ting-Lu\n|-supereffective|p2a: Ting-Lu\n|-damage|p2a: Ting-Lu|81/100\n|\n|-heal|p2a: Ting-Lu|87/100|[from] item: Leftovers\n|upkeep\n|turn|2\n|\n|t:|1783794929\n|switch|p1a: Hydrapple|Hydrapple, M|100/100\n|move|p2a: Ting-Lu|Stealth Rock|p1a: Hydrapple\n|-sidestart|p1: idealist|move: Stealth Rock\n|\n|-heal|p2a: Ting-Lu|93/100|[from] item: Leftovers\n|upkeep\n|turn|3\n|\n|t:|1783794935\n|switch|p2a: Zapdos|Zapdos|100/100\n|move|p1a: Hydrapple|Nasty Plot|p1a: Hydrapple\n|-boost|p1a: Hydrapple|spa|2\n|\n|upkeep\n|turn|4\n|\n|t:|1783794942\n|-terastallize|p1a: Hydrapple|Poison\n|move|p2a: Zapdos|Hurricane|p1a: Hydrapple\n|-damage|p1a: Hydrapple|39/100\n|move|p1a: Hydrapple|Fickle Beam|p2a: Zapdos\n|-damage|p2a: Zapdos|26/100\n|\n|upkeep\n|turn|5\n|\n|t:|1783794950\n|switch|p1a: Slowking|Slowking-Galar, F|100/100\n|-damage|p1a: Slowking|88/100|[from] Stealth Rock\n|move|p2a: Zapdos|Hurricane|p1a: Slowking|[miss]\n|-miss|p2a: Zapdos|p1a: Slowking\n|\n|upkeep\n|turn|6\n|\n|t:|1783794957\n|move|p2a: Zapdos|Roost|p2a: Zapdos\n|-heal|p2a: Zapdos|76/100\n|-singleturn|p2a: Zapdos|move: Roost\n|move|p1a: Slowking|Sludge Bomb|p2a: Zapdos\n|-damage|p2a: Zapdos|34/100\n|\n|upkeep\n|turn|7\n|\n|t:|1783794964\n|move|p2a: Zapdos|Roost|p2a: Zapdos\n|-heal|p2a: Zapdos|84/100\n|-singleturn|p2a: Zapdos|move: Roost\n|move|p1a: Slowking|Ice Beam|p2a: Zapdos\n|-damage|p2a: Zapdos|57/100\n|\n|upkeep\n|turn|8\n|\n|t:|1783794972\n|move|p2a: Zapdos|Volt Switch|p1a: Slowking\n|-damage|p1a: Slowking|68/100\n|\n|t:|1783794974\n|switch|p2a: Ting-Lu|Ting-Lu|93/100|[from] Volt Switch\n|-ability|p2a: Ting-Lu|Vessel of Ruin\n|move|p1a: Slowking|Ice Beam|p2a: Ting-Lu\n|-supereffective|p2a: Ting-Lu\n|-damage|p2a: Ting-Lu|73/100\n|\n|-heal|p2a: Ting-Lu|79/100|[from] item: Leftovers\n|upkeep\n|turn|9\n|\n|t:|1783794987\n|switch|p1a: Zamazenta|Zamazenta|100/100\n|-damage|p1a: Zamazenta|94/100|[from] Stealth Rock\n|-ability|p1a: Zamazenta|Dauntless Shield|boost\n|-boost|p1a: Zamazenta|def|1\n|move|p2a: Ting-Lu|Whirlwind|p1a: Zamazenta\n|drag|p1a: Excadrill|Excadrill, F|100/100\n|-damage|p1a: Excadrill|97/100|[from] Stealth Rock\n|-item|p1a: Excadrill|Air Balloon\n|\n|-heal|p2a: Ting-Lu|85/100|[from] item: Leftovers\n|upkeep\n|turn|10\n|\n|t:|1783794998\n|move|p1a: Excadrill|Iron Head|p2a: Ting-Lu\n|-damage|p2a: Ting-Lu|60/100\n|move|p2a: Ting-Lu|Ruination|p1a: Excadrill\n|-damage|p1a: Excadrill|49/100\n|-enditem|p1a: Excadrill|Air Balloon\n|\n|-heal|p2a: Ting-Lu|66/100|[from] item: Leftovers\n|upkeep\n|turn|11\n|\n|t:|1783795008\n|move|p1a: Excadrill|Iron Head|p2a: Ting-Lu\n|-damage|p2a: Ting-Lu|42/100\n|move|p2a: Ting-Lu|Earthquake|p1a: Excadrill\n|-supereffective|p1a: Excadrill\n|-damage|p1a: Excadrill|0 fnt\n|faint|p1a: Excadrill\n|\n|-heal|p2a: Ting-Lu|49/100|[from] item: Leftovers\n|upkeep\n|\n|t:|1783795016\n|switch|p1a: Hydrapple|Hydrapple, M, tera:Poison|72/100\n|turn|12\n|\n|t:|1783795019\n|move|p1a: Hydrapple|Giga Drain|p2a: Ting-Lu\n|-supereffective|p2a: Ting-Lu\n|-damage|p2a: Ting-Lu|19/100\n|-heal|p1a: Hydrapple|91/100|[from] drain|[of] p2a: Ting-Lu\n|move|p2a: Ting-Lu|Earthquake|p1a: Hydrapple\n|-supereffective|p1a: Hydrapple\n|-damage|p1a: Hydrapple|45/100\n|\n|-heal|p2a: Ting-Lu|26/100|[from] item: Leftovers\n|upkeep\n|turn|13\n|\n|t:|1783795030\n|switch|p2a: Iron Crown|Iron Crown|100/100\n|move|p1a: Hydrapple|Fickle Beam|p2a: Iron Crown\n|-resisted|p2a: Iron Crown\n|-damage|p2a: Iron Crown|84/100\n|\n|upkeep\n|turn|14\n|\n|t:|1783795037\n|switch|p1a: Slowking|Slowking-Galar, F|100/100\n|-damage|p1a: Slowking|88/100|[from] Stealth Rock\n|move|p2a: Iron Crown|Volt Switch|p1a: Slowking\n|-damage|p1a: Slowking|71/100\n|\n|t:|1783795040\n|-end|p2a: Iron Crown|Quark Drive|[silent]\n|switch|p2a: Ting-Lu|Ting-Lu|26/100|[from] Volt Switch\n|-ability|p2a: Ting-Lu|Vessel of Ruin\n|\n|-heal|p2a: Ting-Lu|32/100|[from] item: Leftovers\n|upkeep\n|turn|15\n|\n|t:|1783795048\n|move|p2a: Ting-Lu|Ruination|p1a: Slowking\n|-damage|p1a: Slowking|36/100\n|move|p1a: Slowking|Ice Beam|p2a: Ting-Lu\n|-supereffective|p2a: Ting-Lu\n|-damage|p2a: Ting-Lu|13/100\n|\n|-heal|p2a: Ting-Lu|19/100|[from] item: Leftovers\n|upkeep\n|turn|16\n|\n|t:|1783795055\n|switch|p1a: Moltres|Moltres|100/100\n|move|p2a: Ting-Lu|Earthquake|p1a: Moltres\n|-immune|p1a: Moltres\n|\n|-heal|p2a: Ting-Lu|25/100|[from] item: Leftovers\n|upkeep\n|turn|17\n|\n|t:|1783795062\n|move|p1a: Moltres|U-turn|p2a: Ting-Lu\n|-supereffective|p2a: Ting-Lu\n|-damage|p2a: Ting-Lu|9/100\n|\n|t:|1783795067\n|switch|p1a: Tyranitar|Tyranitar, F|100/100|[from] U-turn\n|-damage|p1a: Tyranitar|88/100|[from] Stealth Rock\n|-weather|Sandstorm|[from] ability: Sand Stream|[of] p1a: Tyranitar\n|move|p2a: Ting-Lu|Whirlwind|p1a: Tyranitar\n|drag|p1a: Zamazenta|Zamazenta|94/100\n|-damage|p1a: Zamazenta|88/100|[from] Stealth Rock\n|\n|-weather|Sandstorm|[upkeep]\n|-damage|p1a: Zamazenta|82/100|[from] Sandstorm\n|-heal|p1a: Zamazenta|88/100|[from] item: Leftovers\n|-heal|p2a: Ting-Lu|15/100|[from] item: Leftovers\n|upkeep\n|turn|18\n|\n|t:|1783795079\n|switch|p2a: Weezing|Weezing-Galar, M|100/100\n|-ability|p2a: Weezing|Neutralizing Gas\n|move|p1a: Zamazenta|Iron Defense|p1a: Zamazenta\n|-boost|p1a: Zamazenta|def|2\n|\n|-weather|Sandstorm|[upkeep]\n|-damage|p1a: Zamazenta|82/100|[from] Sandstorm\n|-damage|p2a: Weezing|95/100|[from] Sandstorm\n|-heal|p1a: Zamazenta|88/100|[from] item: Leftovers\n|upkeep\n|turn|19\n|\n|t:|1783795089\n|switch|p1a: Slowking|Slowking-Galar, F|69/100\n|-damage|p1a: Slowking|56/100|[from] Stealth Rock\n|move|p2a: Weezing|Will-O-Wisp|p1a: Slowking\n|-status|p1a: Slowking|brn\n|\n|-weather|Sandstorm|[upkeep]\n|-damage|p2a: Weezing|89/100|[from] Sandstorm\n|-damage|p1a: Slowking|50/100 brn|[from] Sandstorm\n|-damage|p1a: Slowking|44/100 brn|[from] brn\n|upkeep\n|turn|20\n|\n|t:|1783795100\n|-end|p2a: Weezing|ability: Neutralizing Gas\n|switch|p2a: Ting-Lu|Ting-Lu|15/100\n|-ability|p2a: Ting-Lu|Vessel of Ruin\n|move|p1a: Slowking|Sludge Bomb|p2a: Ting-Lu\n|-resisted|p2a: Ting-Lu\n|-damage|p2a: Ting-Lu|8/100\n|\n|-weather|Sandstorm|[upkeep]\n|-damage|p1a: Slowking|38/100 brn|[from] Sandstorm\n|-heal|p2a: Ting-Lu|15/100|[from] item: Leftovers\n|-damage|p1a: Slowking|32/100 brn|[from] brn\n|upkeep\n|turn|21\n|\n|t:|1783795111\n|move|p2a: Ting-Lu|Earthquake|p1a: Slowking\n|-supereffective|p1a: Slowking\n|-damage|p1a: Slowking|0 fnt\n|faint|p1a: Slowking\n|\n|-weather|Sandstorm|[upkeep]\n|-heal|p2a: Ting-Lu|21/100|[from] item: Leftovers\n|upkeep\n|\n|t:|1783795118\n|switch|p1a: Hydrapple|Hydrapple, M, tera:Poison|78/100\n|turn|22\n|\n|t:|1783795121\n|move|p1a: Hydrapple|Fickle Beam|p2a: Ting-Lu\n|-damage|p2a: Ting-Lu|8/100\n|move|p2a: Ting-Lu|Earthquake|p1a: Hydrapple\n|-supereffective|p1a: Hydrapple\n|-damage|p1a: Hydrapple|32/100\n|\n|-weather|Sandstorm|[upkeep]\n|-damage|p1a: Hydrapple|26/100|[from] Sandstorm\n|-heal|p2a: Ting-Lu|14/100|[from] item: Leftovers\n|upkeep\n|turn|23\n|\n|t:|1783795130\n|switch|p2a: Iron Crown|Iron Crown|84/100\n|move|p1a: Hydrapple|Earth Power|p2a: Iron Crown\n|-supereffective|p2a: Iron Crown\n|-damage|p2a: Iron Crown|30/100\n|\n|-weather|Sandstorm|[upkeep]\n|-damage|p1a: Hydrapple|20/100|[from] Sandstorm\n|upkeep\n|turn|24\n|\n|t:|1783795139\n|switch|p1a: Moltres|Moltres|100/100\n|move|p2a: Iron Crown|Tachyon Cutter|p1a: Moltres\n|-resisted|p1a: Moltres\n|-damage|p1a: Moltres|82/100\n|-resisted|p1a: Moltres\n|-damage|p1a: Moltres|64/100\n|-hitcount|p1a: Moltres|2\n|\n|-weather|none\n|upkeep\n|turn|25\n|\n|t:|1783795147\n|-end|p2a: Iron Crown|Quark Drive|[silent]\n|switch|p2a: Zapdos|Zapdos|57/100\n|move|p1a: Moltres|Flamethrower|p2a: Zapdos\n|-damage|p2a: Zapdos|15/100\n|\n|upkeep\n|turn|26\n|\n|t:|1783795153\n|move|p2a: Zapdos|Volt Switch|p1a: Moltres\n|-supereffective|p1a: Moltres\n|-damage|p1a: Moltres|0 fnt\n|faint|p1a: Moltres\n|\n|t:|1783795158\n|switch|p2a: Dragapult|Dragapult, M|100/100|[from] Volt Switch\n|\n|upkeep\n|\n|t:|1783795161\n|switch|p1a: Tyranitar|Tyranitar, F|88/100\n|-damage|p1a: Tyranitar|76/100|[from] Stealth Rock\n|-weather|Sandstorm|[from] ability: Sand Stream|[of] p1a: Tyranitar\n|turn|27\n|\n|t:|1783795167\n|move|p2a: Dragapult|U-turn|p1a: Tyranitar\n|-supereffective|p1a: Tyranitar\n|-damage|p1a: Tyranitar|42/100\n|\n|t:|1783795169\n|switch|p2a: Ting-Lu|Ting-Lu|14/100|[from] U-turn\n|-ability|p2a: Ting-Lu|Vessel of Ruin\n|move|p1a: Tyranitar|Ice Beam|p2a: Ting-Lu\n|-supereffective|p2a: Ting-Lu\n|-damage|p2a: Ting-Lu|0 fnt\n|faint|p2a: Ting-Lu\n|\n|-weather|Sandstorm|[upkeep]\n|upkeep\n|\n|t:|1783795172\n|switch|p2a: Dragonite|Dragonite, M|100/100\n|turn|28\n|\n|t:|1783795179\n|-terastallize|p2a: Dragonite|Normal\n|move|p2a: Dragonite|Dragon Dance|p2a: Dragonite\n|-boost|p2a: Dragonite|atk|1\n|-boost|p2a: Dragonite|spe|1\n|move|p1a: Tyranitar|Thunder Wave|p2a: Dragonite\n|-status|p2a: Dragonite|par\n|\n|-weather|Sandstorm|[upkeep]\n|-damage|p2a: Dragonite|94/100 par|[from] Sandstorm\n|upkeep\n|turn|29\n|\n|t:|1783795187\n|move|p2a: Dragonite|Dragon Dance|p2a: Dragonite\n|-boost|p2a: Dragonite|atk|1\n|-boost|p2a: Dragonite|spe|1\n|move|p1a: Tyranitar|Knock Off|p2a: Dragonite\n|-damage|p2a: Dragonite|53/100 par\n|-enditem|p2a: Dragonite|Heavy-Duty Boots|[from] move: Knock Off|[of] p1a: Tyranitar\n|\n|-weather|Sandstorm|[upkeep]\n|-damage|p2a: Dragonite|47/100 par|[from] Sandstorm\n|upkeep\n|turn|30\n|\n|t:|1783795197\n|move|p2a: Dragonite|Earthquake|p1a: Tyranitar\n|-supereffective|p1a: Tyranitar\n|-damage|p1a: Tyranitar|0 fnt\n|faint|p1a: Tyranitar\n|\n|-weather|Sandstorm|[upkeep]\n|-damage|p2a: Dragonite|41/100 par|[from] Sandstorm\n|upkeep\n|\n|t:|1783795203\n|switch|p1a: Hydrapple|Hydrapple, M, tera:Poison|53/100\n|turn|31\n|\n|t:|1783795209\n|switch|p1a: Zamazenta|Zamazenta|88/100\n|-damage|p1a: Zamazenta|82/100|[from] Stealth Rock\n|move|p2a: Dragonite|Earthquake|p1a: Zamazenta\n|-damage|p1a: Zamazenta|20/100\n|\n|-weather|Sandstorm|[upkeep]\n|-damage|p1a: Zamazenta|14/100|[from] Sandstorm\n|-damage|p2a: Dragonite|35/100 par|[from] Sandstorm\n|-heal|p1a: Zamazenta|20/100|[from] item: Leftovers\n|upkeep\n|turn|32\n|\n|t:|1783795218\n|cant|p2a: Dragonite|par\n|move|p1a: Zamazenta|Body Press|p2a: Dragonite\n|-supereffective|p2a: Dragonite\n|-damage|p2a: Dragonite|0 fnt\n|faint|p2a: Dragonite\n|\n|-weather|Sandstorm|[upkeep]\n|-damage|p1a: Zamazenta|14/100|[from] Sandstorm\n|-heal|p1a: Zamazenta|20/100|[from] item: Leftovers\n|upkeep\n|\n|t:|1783795225\n|switch|p2a: Dragapult|Dragapult, M|100/100\n|turn|33\n|\n|t:|1783795228\n|move|p2a: Dragapult|Dragon Darts|p1a: Zamazenta\n|-damage|p1a: Zamazenta|3/100\n|-anim|p2a: Dragapult|Dragon Darts|p1a: Zamazenta\n|-damage|p1a: Zamazenta|0 fnt\n|faint|p1a: Zamazenta\n|\n|-weather|Sandstorm|[upkeep]\n|-damage|p2a: Dragapult|95/100|[from] Sandstorm\n|upkeep\n|\n|t:|1783795235\n|switch|p1a: Hydrapple|Hydrapple, M, tera:Poison|86/100\n|turn|34\n|\n|t:|1783795238\n|move|p2a: Dragapult|Will-O-Wisp|p1a: Hydrapple\n|-status|p1a: Hydrapple|brn\n|move|p1a: Hydrapple|Fickle Beam|p2a: Dragapult\n|-supereffective|p2a: Dragapult\n|-crit|p2a: Dragapult\n|-damage|p2a: Dragapult|0 fnt\n|faint|p2a: Dragapult\n|\n|-weather|none\n|-damage|p1a: Hydrapple|80/100 brn|[from] brn\n|upkeep\n|\n|t:|1783795241\n|switch|p2a: Iron Crown|Iron Crown|30/100\n|turn|35\n|\n|t:|1783795248\n|move|p2a: Iron Crown|Psyshock|p1a: Hydrapple\n|-supereffective|p1a: Hydrapple\n|-damage|p1a: Hydrapple|9/100 brn\n|move|p1a: Hydrapple|Earth Power|p2a: Iron Crown\n|-supereffective|p2a: Iron Crown\n|-damage|p2a: Iron Crown|0 fnt\n|faint|p2a: Iron Crown\n|-end|p2a: Iron Crown|Quark Drive|[silent]\n|\n|-damage|p1a: Hydrapple|3/100 brn|[from] brn\n|upkeep\n|\n|t:|1783795252\n|switch|p2a: Zapdos|Zapdos|15/100\n|turn|36\n|\n|t:|1783795258\n|move|p2a: Zapdos|Volt Switch|p1a: Hydrapple\n|-damage|p1a: Hydrapple|0 fnt\n|faint|p1a: Hydrapple\n|\n|win|DriftedEx\n|raw|idealist's rating: 1621 &rarr; <strong>1601</strong><br />(-20 for losing)\n|raw|DriftedEx's rating: 1627 &rarr; <strong>1647</strong><br />(+20 for winning)\n|l|☆idealist\n|player|p1|\n", "uploadtime": 1783795436, "views": 14, "formatid": "gen9ou", "rating": 1601, "private": 0, "password": null}