{"id": "gen9ou-2647781057", "format": "[Gen 9] OU", "players": ["dandandankekeke", "tigereyehs"], "log": "|j|☆dandandankekeke\n|j|☆tigereyehs\n|t:|1783811475\n|gametype|singles\n|player|p1|dandandankekeke|sailor|1322\n|player|p2|tigereyehs|gambler|1411\n|gen|9\n|tier|[Gen 9] OU\n|rated|\n|rule|HP Percentage Mod: HP is shown in percentages\n|rule|Endless Battle Clause: Forcing endless battles is banned\n|rule|Species Clause: Limit one of each Pokémon\n|rule|OHKO Clause: OHKO moves are banned\n|rule|Evasion Items Clause: Evasion items are banned\n|rule|Evasion Moves Clause: Evasion moves are banned\n|rule|Evasion Abilities Clause: Evasion abilities are banned\n|rule|Sleep Moves Clause: Sleep-inducing moves are banned\n|clearpoke\n|poke|p1|Armarouge, M|\n|poke|p1|Iron Crown|\n|poke|p1|Indeedee, M|\n|poke|p1|Espeon, M|\n|poke|p1|Hawlucha, M|\n|poke|p1|Azumarill, F|\n|poke|p2|Iron Moth|\n|poke|p2|Gliscor, M|\n|poke|p2|Hatterene, F|\n|poke|p2|Ogerpon-Wellspring, F|\n|poke|p2|Raging Bolt|\n|poke|p2|Grimmsnarl, M|\n|teampreview\n|\n|t:|1783811481\n|teamsize|p1|6\n|teamsize|p2|6\n|start\n|switch|p1a: Indeedee|Indeedee, M|100/100\n|switch|p2a: Grimmsnarl|Grimmsnarl, M|100/100\n|-fieldstart|move: Psychic Terrain|[from] ability: Psychic Surge|[of] p1a: Indeedee\n|turn|1\n|\n|t:|1783811491\n|move|p2a: Grimmsnarl|Light Screen|p2a: Grimmsnarl\n|-sidestart|p2: tigereyehs|move: Light Screen\n|move|p1a: Indeedee|Encore|p2a: Grimmsnarl\n|-start|p2a: Grimmsnarl|Encore\n|\n|upkeep\n|turn|2\n|inactive|Battle timer is ON: inactive players will automatically lose when time's up. (requested by tigereyehs)\n|\n|t:|1783811532\n|switch|p1a: Azumarill|Azumarill, F|100/100\n|switch|p2a: Hatterene|Hatterene, F|100/100\n|\n|upkeep\n|turn|3\n|\n|t:|1783811545\n|switch|p2a: Ogerpon|Ogerpon-Wellspring, F|100/100\n|move|p1a: Azumarill|Play Rough|p2a: Ogerpon\n|-damage|p2a: Ogerpon|0 fnt\n|faint|p2a: Ogerpon\n|\n|upkeep\n|\n|t:|1783811551\n|switch|p2a: Raging Bolt|Raging Bolt|100/100\n|-enditem|p2a: Raging Bolt|Booster Energy\n|-activate|p2a: Raging Bolt|ability: Protosynthesis|[fromitem]\n|-start|p2a: Raging Bolt|protosynthesisspa\n|turn|4\n|\n|t:|1783811564\n|-terastallize|p1a: Azumarill|Ground\n|move|p2a: Raging Bolt|Thunderbolt|p1a: Azumarill\n|-immune|p1a: Azumarill\n|move|p1a: Azumarill|Play Rough|p2a: Raging Bolt\n|-supereffective|p2a: Raging Bolt\n|-damage|p2a: Raging Bolt|0 fnt\n|faint|p2a: Raging Bolt\n|-end|p2a: Raging Bolt|Protosynthesis|[silent]\n|\n|upkeep\n|\n|t:|1783811583\n|switch|p2a: Grimmsnarl|Grimmsnarl, M|100/100\n|turn|5\n|\n|t:|1783811586\n|move|p2a: Grimmsnarl|Reflect|p2a: Grimmsnarl\n|-sidestart|p2: tigereyehs|Reflect\n|move|p1a: Azumarill|Play Rough|p2a: Grimmsnarl\n|-supereffective|p2a: Grimmsnarl\n|-damage|p2a: Grimmsnarl|24/100\n|\n|upkeep\n|turn|6\n|\n|t:|1783811591\n|move|p2a: Grimmsnarl|Parting Shot|p1a: Azumarill\n|-activate|p1a: Azumarill|move: Psychic Terrain\n|move|p1a: Azumarill|Play Rough|p2a: Grimmsnarl|[miss]\n|-miss|p1a: Azumarill|p2a: Grimmsnarl\n|\n|upkeep\n|turn|7\n|\n|t:|1783811600\n|switch|p2a: Hatterene|Hatterene, F|100/100\n|move|p1a: Azumarill|Play Rough|p2a: Hatterene\n|-damage|p2a: Hatterene|67/100\n|\n|-heal|p2a: Hatterene|73/100|[from] item: Leftovers\n|upkeep\n|turn|8\n|\n|t:|1783811619\n|switch|p1a: Indeedee|Indeedee, M|100/100\n|move|p2a: Hatterene|Calm Mind|p2a: Hatterene\n|-boost|p2a: Hatterene|spa|1\n|-boost|p2a: Hatterene|spd|1\n|\n|-heal|p2a: Hatterene|79/100|[from] item: Leftovers\n|-sideend|p2: tigereyehs|move: Light Screen\n|-fieldend|move: Psychic Terrain\n|upkeep\n|turn|9\n|\n|t:|1783811626\n|move|p1a: Indeedee|Encore|p2a: Hatterene\n|move|p2a: Hatterene|Encore||[from] ability: Magic Bounce|[still]\n|-fail|p2a: Hatterene\n|move|p2a: Hatterene|Calm Mind|p2a: Hatterene\n|-boost|p2a: Hatterene|spa|1\n|-boost|p2a: Hatterene|spd|1\n|\n|-heal|p2a: Hatterene|85/100|[from] item: Leftovers\n|upkeep\n|turn|10\n|\n|t:|1783811649\n|switch|p1a: Iron Crown|Iron Crown|100/100\n|-enditem|p1a: Iron Crown|Booster Energy\n|-activate|p1a: Iron Crown|ability: Quark Drive|[fromitem]\n|-start|p1a: Iron Crown|quarkdrivespe\n|move|p2a: Hatterene|Calm Mind|p2a: Hatterene\n|-boost|p2a: Hatterene|spa|1\n|-boost|p2a: Hatterene|spd|1\n|\n|-heal|p2a: Hatterene|91/100|[from] item: Leftovers\n|upkeep\n|turn|11\n|\n|t:|1783811658\n|-terastallize|p2a: Hatterene|Water\n|move|p1a: Iron Crown|Calm Mind|p1a: Iron Crown\n|-boost|p1a: Iron Crown|spa|1\n|-boost|p1a: Iron Crown|spd|1\n|move|p2a: Hatterene|Mystical Fire|p1a: Iron Crown\n|-supereffective|p1a: Iron Crown\n|-damage|p1a: Iron Crown|34/100\n|-unboost|p1a: Iron Crown|spa|1\n|\n|-heal|p2a: Hatterene|97/100|[from] item: Leftovers\n|upkeep\n|turn|12\n|inactive|dandandankekeke has 120 seconds left.\n|\n|t:|1783811689\n|move|p1a: Iron Crown|Focus Blast|p2a: Hatterene\n|-damage|p2a: Hatterene|83/100\n|move|p2a: Hatterene|Calm Mind|p2a: Hatterene\n|-boost|p2a: Hatterene|spa|1\n|-boost|p2a: Hatterene|spd|1\n|\n|-heal|p2a: Hatterene|89/100|[from] item: Leftovers\n|-sideend|p2: tigereyehs|Reflect\n|upkeep\n|turn|13\n|inactive|dandandankekeke has 120 seconds left.\n|\n|t:|1783811708\n|move|p1a: Iron Crown|Expanding Force|p2a: Hatterene\n|-damage|p2a: Hatterene|75/100\n|move|p2a: Hatterene|Calm Mind|p2a: Hatterene\n|-boost|p2a: Hatterene|spa|1\n|-boost|p2a: Hatterene|spd|1\n|\n|-heal|p2a: Hatterene|81/100|[from] item: Leftovers\n|upkeep\n|turn|14\n|\n|t:|1783811722\n|-end|p1a: Iron Crown|Quark Drive|[silent]\n|switch|p1a: Hawlucha|Hawlucha, M|100/100\n|move|p2a: Hatterene|Calm Mind|p2a: Hatterene\n|-boost|p2a: Hatterene|spa|1\n|-boost|p2a: Hatterene|spd|1\n|\n|-heal|p2a: Hatterene|87/100|[from] item: Leftovers\n|upkeep\n|turn|15\n|inactive|dandandankekeke has 120 seconds left.\n|\n|t:|1783811735\n|switch|p1a: Indeedee|Indeedee, M|100/100\n|-fieldstart|move: Psychic Terrain|[from] ability: Psychic Surge|[of] p1a: Indeedee\n|move|p2a: Hatterene|Draining Kiss|p1a: Indeedee\n|-damage|p1a: Indeedee|0 fnt\n|-heal|p2a: Hatterene|100/100|[from] drain|[of] p1a: Indeedee\n|faint|p1a: Indeedee\n|\n|upkeep\n|\n|t:|1783811743\n|switch|p1a: Azumarill|Azumarill, F, tera:Ground|100/100\n|turn|16\n|inactive|dandandankekeke has 120 seconds left.\n|\n|t:|1783811752\n|move|p1a: Azumarill|Play Rough|p2a: Hatterene\n|-damage|p2a: Hatterene|24/100\n|move|p2a: Hatterene|Draining Kiss|p1a: Azumarill\n|-damage|p1a: Azumarill|8/100\n|-heal|p2a: Hatterene|100/100|[from] drain|[of] p1a: Azumarill\n|\n|upkeep\n|turn|17\n|\n|t:|1783811760\n|move|p1a: Azumarill|Play Rough|p2a: Hatterene\n|-damage|p2a: Hatterene|31/100\n|move|p2a: Hatterene|Draining Kiss|p1a: Azumarill\n|-damage|p1a: Azumarill|0 fnt\n|-heal|p2a: Hatterene|37/100|[from] drain|[of] p1a: Azumarill\n|faint|p1a: Azumarill\n|\n|-heal|p2a: Hatterene|43/100|[from] item: Leftovers\n|upkeep\n|\n|t:|1783811765\n|switch|p1a: Hawlucha|Hawlucha, M|100/100\n|-enditem|p1a: Hawlucha|Psychic Seed\n|-boost|p1a: Hawlucha|spd|1|[from] item: Psychic Seed\n|turn|18\n|\n|t:|1783811782\n|move|p1a: Hawlucha|Close Combat|p2a: Hatterene\n|-damage|p2a: Hatterene|0 fnt\n|-unboost|p1a: Hawlucha|def|1\n|-unboost|p1a: Hawlucha|spd|1\n|faint|p2a: Hatterene\n|\n|upkeep\n|\n|t:|1783811788\n|switch|p2a: Grimmsnarl|Grimmsnarl, M|24/100\n|turn|19\n|\n|t:|1783811799\n|move|p2a: Grimmsnarl|Light Screen|p2a: Grimmsnarl\n|-sidestart|p2: tigereyehs|move: Light Screen\n|move|p1a: Hawlucha|Substitute|p1a: Hawlucha\n|-start|p1a: Hawlucha|Substitute\n|-damage|p1a: Hawlucha|76/100\n|\n|upkeep\n|turn|20\n|inactive|dandandankekeke has 120 seconds left.\n|\n|t:|1783811821\n|move|p2a: Grimmsnarl|Reflect|p2a: Grimmsnarl\n|-sidestart|p2: tigereyehs|Reflect\n|move|p1a: Hawlucha|Swords Dance|p1a: Hawlucha\n|-boost|p1a: Hawlucha|atk|2\n|\n|upkeep\n|turn|21\n|\n|t:|1783811826\n|switch|p2a: Iron Moth|Iron Moth|100/100\n|-enditem|p2a: Iron Moth|Booster Energy\n|-activate|p2a: Iron Moth|ability: Quark Drive|[fromitem]\n|-start|p2a: Iron Moth|quarkdrivespe\n|move|p1a: Hawlucha|Swords Dance|p1a: Hawlucha\n|-boost|p1a: Hawlucha|atk|2\n|\n|upkeep\n|turn|22\n|\n|t:|1783811834\n|move|p1a: Hawlucha|Acrobatics|p2a: Iron Moth\n|-damage|p2a: Iron Moth|0 fnt\n|faint|p2a: Iron Moth\n|-end|p2a: Iron Moth|Quark Drive|[silent]\n|\n|-fieldend|move: Psychic Terrain\n|upkeep\n|\n|t:|1783811839\n|switch|p2a: Gliscor|Gliscor, M|100/100\n|turn|23\n|\n|t:|1783811857\n|move|p1a: Hawlucha|Swords Dance|p1a: Hawlucha\n|-boost|p1a: Hawlucha|atk|2\n|move|p2a: Gliscor|Facade|p1a: Hawlucha\n|-end|p1a: Hawlucha|Substitute\n|\n|-status|p2a: Gliscor|tox|[from] item: Toxic Orb\n|upkeep\n|turn|24\n|\n|t:|1783811868\n|move|p1a: Hawlucha|Substitute|p1a: Hawlucha\n|-start|p1a: Hawlucha|Substitute\n|-damage|p1a: Hawlucha|51/100\n|move|p2a: Gliscor|Facade|p1a: Hawlucha\n|-end|p1a: Hawlucha|Substitute\n|\n|upkeep\n|turn|25\n|\n|t:|1783811882\n|move|p1a: Hawlucha|Acrobatics|p2a: Gliscor\n|-damage|p2a: Gliscor|21/100 tox\n|move|p2a: Gliscor|Facade|p1a: Hawlucha\n|-damage|p1a: Hawlucha|0 fnt\n|faint|p1a: Hawlucha\n|\n|-heal|p2a: Gliscor|33/100 tox|[from] ability: Poison Heal\n|upkeep\n|inactive|dandandankekeke has 120 seconds left.\n|\n|t:|1783811905\n|switch|p1a: Armarouge|Armarouge, M|100/100\n|turn|26\n|\n|t:|1783811917\n|move|p1a: Armarouge|Endure|p1a: Armarouge\n|-singleturn|p1a: Armarouge|move: Endure\n|move|p2a: Gliscor|Earthquake|p1a: Armarouge\n|-supereffective|p1a: Armarouge\n|-damage|p1a: Armarouge|1/100\n|-ability|p1a: Armarouge|Weak Armor|boost\n|-unboost|p1a: Armarouge|def|1\n|-boost|p1a: Armarouge|spe|2\n|-enditem|p1a: Armarouge|Weakness Policy\n|-boost|p1a: Armarouge|atk|2|[from] item: Weakness Policy\n|-boost|p1a: Armarouge|spa|2|[from] item: Weakness Policy\n|\n|-heal|p2a: Gliscor|46/100 tox|[from] ability: Poison Heal\n|-sideend|p2: tigereyehs|move: Light Screen\n|upkeep\n|turn|27\n|\n|t:|1783811928\n|move|p1a: Armarouge|Armor Cannon|p2a: Gliscor\n|-damage|p2a: Gliscor|0 fnt\n|-unboost|p1a: Armarouge|def|1\n|-unboost|p1a: Armarouge|spd|1\n|faint|p2a: Gliscor\n|\n|-sideend|p2: tigereyehs|Reflect\n|upkeep\n|-message|tigereyehs forfeited.\n|\n|win|dandandankekeke\n|raw|dandandankekeke's rating: 1322 &rarr; <strong>1347</strong><br />(+25 for winning)\n|raw|tigereyehs's rating: 1411 &rarr; <strong>1386</strong><br />(-25 for losing)\n|l|☆tigereyehs\n|player|p2|\n", "uploadtime": 1783811935, "views": 7, "formatid": "gen9ou", "rating": 1347, "private": 0, "password": null}