{"id": "gen9ou-2540822321", "format": "[Gen 9] OU", "players": ["mechabicho_14", "mickeyb2"], "log": "|j|☆mechabicho_14\n|j|☆mickeyb2\n|t:|1771257650\n|gametype|singles\n|player|p1|mechabicho_14|iris-gen5bw2|1612\n|player|p2|mickeyb2|flint|1622\n|gen|9\n|tier|[Gen 9] OU\n|rated|\n|rule|HP Percentage Mod: HP is shown in percentages\n|rule|Endless Battle Clause: Forcing endless battles is banned\n|rule|Species Clause: Limit one of each Pokémon\n|rule|OHKO Clause: OHKO moves are banned\n|rule|Evasion Items Clause: Evasion items are banned\n|rule|Evasion Moves Clause: Evasion moves are banned\n|rule|Evasion Abilities Clause: Evasion abilities are banned\n|rule|Sleep Moves Clause: Sleep-inducing moves are banned\n|clearpoke\n|poke|p1|Great Tusk|\n|poke|p1|Samurott-Hisui, F|\n|poke|p1|Gholdengo|\n|poke|p1|Iron Moth|\n|poke|p1|Rillaboom, F|\n|poke|p1|Zapdos|\n|poke|p2|Kyurem|\n|poke|p2|Reuniclus, F|\n|poke|p2|Enamorus, F|\n|poke|p2|Lokix, F|\n|poke|p2|Cinderace, M|\n|poke|p2|Slowking, F|\n|teampreview\n|inactive|Battle timer is ON: inactive players will automatically lose when time's up. (requested by mickeyb2)\n|inactive|mechabicho_14 has 120 seconds left.\n|\n|t:|1771257700\n|teamsize|p1|6\n|teamsize|p2|6\n|start\n|switch|p1a: Zapdos|Zapdos|100/100\n|switch|p2a: Enamorus|Enamorus, F|100/100\n|turn|1\n|\n|t:|1771257711\n|switch|p2a: Kyurem|Kyurem|100/100\n|-ability|p2a: Kyurem|Pressure\n|move|p1a: Zapdos|Volt Switch|p2a: Kyurem\n|-resisted|p2a: Kyurem\n|-damage|p2a: Kyurem|93/100\n|\n|t:|1771257718\n|switch|p1a: Gholdengo|Gholdengo|100/100|[from] Volt Switch\n|\n|upkeep\n|turn|2\n|\n|t:|1771257728\n|-terastallize|p2a: Kyurem|Ground\n|move|p2a: Kyurem|Earth Power|p1a: Gholdengo\n|-supereffective|p1a: Gholdengo\n|-damage|p1a: Gholdengo|37/100\n|move|p1a: Gholdengo|Shadow Ball|p2a: Kyurem\n|-damage|p2a: Kyurem|74/100\n|\n|upkeep\n|turn|3\n|\n|t:|1771257740\n|switch|p1a: Samurott|Samurott-Hisui, F|100/100\n|move|p2a: Kyurem|Freeze-Dry|p1a: Samurott\n|-supereffective|p1a: Samurott\n|-damage|p1a: Samurott|41/100\n|\n|upkeep\n|turn|4\n|\n|t:|1771257744\n|move|p1a: Samurott|Sucker Punch|p2a: Kyurem\n|-damage|p2a: Kyurem|44/100\n|move|p2a: Kyurem|Freeze-Dry|p1a: Samurott\n|-supereffective|p1a: Samurott\n|-damage|p1a: Samurott|0 fnt\n|faint|p1a: Samurott\n|\n|upkeep\n|\n|t:|1771257749\n|switch|p1a: Rillaboom|Rillaboom, F|100/100\n|-fieldstart|move: Grassy Terrain|[from] ability: Grassy Surge|[of] p1a: Rillaboom\n|turn|5\n|\n|t:|1771257760\n|switch|p2a: Cinderace|Cinderace, M|100/100\n|move|p1a: Rillaboom|Grassy Glide|p2a: Cinderace\n|-resisted|p2a: Cinderace\n|-damage|p2a: Cinderace|61/100\n|\n|-heal|p2a: Cinderace|67/100|[from] Grassy Terrain\n|upkeep\n|turn|6\n|\n|t:|1771257770\n|switch|p2a: Reuniclus|Reuniclus, F|100/100\n|switch|p1a: Zapdos|Zapdos|100/100\n|\n|upkeep\n|turn|7\n|\n|t:|1771257773\n|move|p1a: Zapdos|Thunder Wave|p2a: Reuniclus\n|-status|p2a: Reuniclus|par\n|move|p2a: Reuniclus|Trick Room|p2a: Reuniclus\n|-fieldstart|move: Trick Room|[of] p2a: Reuniclus\n|\n|upkeep\n|turn|8\n|\n|t:|1771257780\n|move|p2a: Reuniclus|Psychic Noise|p1a: Zapdos\n|-damage|p1a: Zapdos|62/100\n|-start|p1a: Zapdos|move: Heal Block\n|move|p1a: Zapdos|Volt Switch|p2a: Reuniclus\n|-damage|p2a: Reuniclus|69/100 par\n|\n|t:|1771257784\n|switch|p1a: Gholdengo|Gholdengo|37/100|[from] Volt Switch\n|-enditem|p1a: Gholdengo|Grassy Seed\n|-boost|p1a: Gholdengo|def|1|[from] item: Grassy Seed\n|\n|-heal|p2a: Reuniclus|75/100 par|[from] Grassy Terrain\n|-heal|p1a: Gholdengo|43/100|[from] Grassy Terrain\n|upkeep\n|turn|9\n|\n|t:|1771257807\n|move|p2a: Reuniclus|Psychic Noise|p1a: Gholdengo\n|-resisted|p1a: Gholdengo\n|-damage|p1a: Gholdengo|28/100\n|-start|p1a: Gholdengo|move: Heal Block\n|cant|p1a: Gholdengo|move: Heal Block|Recover\n|\n|-heal|p2a: Reuniclus|81/100 par|[from] Grassy Terrain\n|-fieldend|move: Grassy Terrain\n|upkeep\n|turn|10\n|\n|t:|1771257812\n|move|p2a: Reuniclus|Psyshock|p1a: Gholdengo\n|-resisted|p1a: Gholdengo\n|-damage|p1a: Gholdengo|14/100\n|move|p1a: Gholdengo|Shadow Ball|p2a: Reuniclus\n|-supereffective|p2a: Reuniclus\n|-damage|p2a: Reuniclus|0 fnt\n|faint|p2a: Reuniclus\n|\n|-end|p1a: Gholdengo|move: Heal Block\n|upkeep\n|\n|t:|1771257816\n|switch|p2a: Lokix|Lokix, F|100/100\n|turn|11\n|\n|t:|1771257829\n|move|p1a: Gholdengo|Recover|p1a: Gholdengo\n|-heal|p1a: Gholdengo|64/100\n|move|p2a: Lokix|Leech Life|p1a: Gholdengo\n|-resisted|p1a: Gholdengo\n|-damage|p1a: Gholdengo|53/100\n|\n|-fieldend|move: Trick Room\n|upkeep\n|turn|12\n|c|☆mickeyb2|damn\n|\n|t:|1771257836\n|move|p2a: Lokix|Swords Dance|p2a: Lokix\n|-boost|p2a: Lokix|atk|2\n|move|p1a: Gholdengo|Recover|p1a: Gholdengo\n|-heal|p1a: Gholdengo|100/100\n|\n|upkeep\n|turn|13\n|c|☆mickeyb2|slow hengo\n|\n|t:|1771257842\n|move|p2a: Lokix|Sucker Punch|p1a: Gholdengo\n|-supereffective|p1a: Gholdengo\n|-damage|p1a: Gholdengo|17/100\n|move|p1a: Gholdengo|Make It Rain|p2a: Lokix\n|-damage|p2a: Lokix|1/100\n|-unboost|p1a: Gholdengo|spa|1\n|\n|-heal|p2a: Lokix|7/100|[from] item: Leftovers\n|upkeep\n|turn|14\n|\n|t:|1771257846\n|move|p2a: Lokix|Leech Life|p1a: Gholdengo\n|-resisted|p1a: Gholdengo\n|-damage|p1a: Gholdengo|0 fnt\n|-heal|p2a: Lokix|18/100|[from] drain|[of] p1a: Gholdengo\n|faint|p1a: Gholdengo\n|\n|-heal|p2a: Lokix|24/100|[from] item: Leftovers\n|upkeep\n|\n|t:|1771257853\n|switch|p1a: Great Tusk|Great Tusk|100/100\n|turn|15\n|\n|t:|1771257862\n|switch|p2a: Slowking|Slowking, F|100/100\n|move|p1a: Great Tusk|Ice Spinner|p2a: Slowking\n|-resisted|p2a: Slowking\n|-damage|p2a: Slowking|89/100\n|-damage|p1a: Great Tusk|84/100|[from] item: Rocky Helmet|[of] p2a: Slowking\n|\n|upkeep\n|turn|16\n|\n|t:|1771257870\n|move|p1a: Great Tusk|Stealth Rock|p2a: Slowking\n|-sidestart|p2: mickeyb2|move: Stealth Rock\n|move|p2a: Slowking|Scald|p1a: Great Tusk\n|-supereffective|p1a: Great Tusk\n|-damage|p1a: Great Tusk|0 fnt\n|faint|p1a: Great Tusk\n|-end|p1a: Great Tusk|Protosynthesis|[silent]\n|\n|upkeep\n|\n|t:|1771257876\n|switch|p1a: Rillaboom|Rillaboom, F|100/100\n|-fieldstart|move: Grassy Terrain|[from] ability: Grassy Surge|[of] p1a: Rillaboom\n|turn|17\n|\n|t:|1771257882\n|move|p1a: Rillaboom|Wood Hammer|p2a: Slowking\n|-supereffective|p2a: Slowking\n|-damage|p2a: Slowking|0 fnt\n|-damage|p1a: Rillaboom|84/100|[from] item: Rocky Helmet|[of] p2a: Slowking\n|faint|p2a: Slowking\n|-damage|p1a: Rillaboom|56/100|[from] Recoil\n|\n|-heal|p1a: Rillaboom|62/100|[from] Grassy Terrain\n|upkeep\n|\n|t:|1771257900\n|switch|p2a: Cinderace|Cinderace, M|67/100\n|turn|18\n|\n|t:|1771257907\n|-terastallize|p1a: Rillaboom|Grass\n|move|p2a: Cinderace|Court Change|p2a: Cinderace\n|-start|p2a: Cinderace|typechange|Normal|[from] ability: Libero\n|-swapsideconditions\n|-activate|p2a: Cinderace|move: Court Change\n|move|p1a: Rillaboom|Wood Hammer|p2a: Cinderace\n|-damage|p2a: Cinderace|0 fnt\n|faint|p2a: Cinderace\n|-damage|p1a: Rillaboom|39/100|[from] Recoil\n|\n|-heal|p1a: Rillaboom|45/100|[from] Grassy Terrain\n|upkeep\n|\n|t:|1771257917\n|switch|p2a: Enamorus|Enamorus, F|100/100\n|turn|19\n|\n|t:|1771257924\n|switch|p1a: Zapdos|Zapdos|62/100\n|move|p2a: Enamorus|Superpower|p1a: Zapdos\n|-resisted|p1a: Zapdos\n|-damage|p1a: Zapdos|47/100\n|-boost|p2a: Enamorus|atk|1\n|-boost|p2a: Enamorus|def|1\n|\n|upkeep\n|turn|20\n|\n|t:|1771257931\n|move|p2a: Enamorus|Play Rough|p1a: Zapdos\n|-damage|p1a: Zapdos|0 fnt\n|faint|p1a: Zapdos\n|\n|upkeep\n|\n|t:|1771257938\n|switch|p1a: Iron Moth|Iron Moth|100/100\n|-damage|p1a: Iron Moth|75/100|[from] Stealth Rock\n|-enditem|p1a: Iron Moth|Booster Energy\n|-activate|p1a: Iron Moth|ability: Quark Drive|[fromitem]\n|-start|p1a: Iron Moth|quarkdrivespe\n|turn|21\n|\n|t:|1771257944\n|switch|p2a: Lokix|Lokix, F|24/100\n|move|p1a: Iron Moth|Substitute|p1a: Iron Moth\n|-start|p1a: Iron Moth|Substitute\n|-damage|p1a: Iron Moth|50/100\n|\n|-heal|p1a: Iron Moth|57/100|[from] Grassy Terrain\n|-heal|p2a: Lokix|30/100|[from] Grassy Terrain\n|-heal|p2a: Lokix|36/100|[from] item: Leftovers\n|-fieldend|move: Grassy Terrain\n|upkeep\n|turn|22\n|\n|t:|1771257948\n|move|p2a: Lokix|Sucker Punch|p1a: Iron Moth\n|-end|p1a: Iron Moth|Substitute\n|move|p1a: Iron Moth|Fiery Dance|p2a: Lokix\n|-supereffective|p2a: Lokix\n|-crit|p2a: Lokix\n|-damage|p2a: Lokix|0 fnt\n|-boost|p1a: Iron Moth|spa|1\n|faint|p2a: Lokix\n|\n|upkeep\n|\n|t:|1771257950\n|switch|p2a: Kyurem|Kyurem, tera:Ground|44/100\n|-ability|p2a: Kyurem|Pressure\n|turn|23\n|\n|t:|1771257955\n|move|p1a: Iron Moth|Fiery Dance|p2a: Kyurem\n|-damage|p2a: Kyurem|13/100\n|-boost|p1a: Iron Moth|spa|1\n|move|p2a: Kyurem|Earth Power|p1a: Iron Moth\n|-supereffective|p1a: Iron Moth\n|-damage|p1a: Iron Moth|0 fnt\n|faint|p1a: Iron Moth\n|-end|p1a: Iron Moth|Quark Drive|[silent]\n|\n|upkeep\n|\n|t:|1771257969\n|switch|p1a: Rillaboom|Rillaboom, F, tera:Grass|45/100\n|-damage|p1a: Rillaboom|33/100|[from] Stealth Rock\n|-fieldstart|move: Grassy Terrain|[from] ability: Grassy Surge|[of] p1a: Rillaboom\n|turn|24\n|\n|t:|1771257982\n|move|p1a: Rillaboom|Grassy Glide|p2a: Kyurem\n|-supereffective|p2a: Kyurem\n|-damage|p2a: Kyurem|0 fnt\n|faint|p2a: Kyurem\n|\n|-heal|p1a: Rillaboom|39/100|[from] Grassy Terrain\n|upkeep\n|\n|t:|1771257983\n|switch|p2a: Enamorus|Enamorus, F|100/100\n|turn|25\n|\n|t:|1771257986\n|move|p1a: Rillaboom|Grassy Glide|p2a: Enamorus\n|-resisted|p2a: Enamorus\n|-damage|p2a: Enamorus|55/100\n|move|p2a: Enamorus|Superpower|p1a: Rillaboom\n|-damage|p1a: Rillaboom|0 fnt\n|-boost|p2a: Enamorus|atk|1\n|-boost|p2a: Enamorus|def|1\n|faint|p1a: Rillaboom\n|\n|win|mickeyb2\n|raw|mechabicho_14's rating: 1612 &rarr; <strong>1591</strong><br />(-21 for losing)\n|raw|mickeyb2's rating: 1603 &rarr; <strong>1624</strong><br />(+21 for winning)\n|l|☆mechabicho_14\n|player|p1|\n|l|☆mickeyb2\n|player|p2|\n", "uploadtime": 1771258208, "views": 5, "formatid": "gen9ou", "rating": 1591, "private": 0, "password": null}