{"id": "gen9ou-2647749623", "format": "[Gen 9] OU", "players": ["ItzPoptarts", "RevGirlUtena"], "log": "|j|☆ItzPoptarts\n|j|☆RevGirlUtena\n|t:|1783806159\n|gametype|singles\n|player|p1|ItzPoptarts|101|1348\n|player|p2|RevGirlUtena|gardenia|1286\n|gen|9\n|tier|[Gen 9] OU\n|rated|\n|rule|HP Percentage Mod: HP is shown in percentages\n|rule|Endless Battle Clause: Forcing endless battles is banned\n|rule|Species Clause: Limit one of each Pokémon\n|rule|OHKO Clause: OHKO moves are banned\n|rule|Evasion Items Clause: Evasion items are banned\n|rule|Evasion Moves Clause: Evasion moves are banned\n|rule|Evasion Abilities Clause: Evasion abilities are banned\n|rule|Sleep Moves Clause: Sleep-inducing moves are banned\n|clearpoke\n|poke|p1|Landorus-Therian, M|\n|poke|p1|Iron Hands|\n|poke|p1|Samurott-Hisui, M|\n|poke|p1|Hoopa-Unbound|\n|poke|p1|Enamorus-Therian, F|\n|poke|p1|Greninja-*, M|\n|poke|p2|Iron Moth|\n|poke|p2|Gliscor, F|\n|poke|p2|Hatterene, F|\n|poke|p2|Ogerpon-Wellspring, F|\n|poke|p2|Raging Bolt|\n|poke|p2|Zamazenta-*|\n|teampreview\n|\n|t:|1783806172\n|teamsize|p1|6\n|teamsize|p2|6\n|start\n|switch|p1a: Samurott|Samurott-Hisui, M|100/100\n|switch|p2a: Zamazenta|Zamazenta|100/100\n|-ability|p2a: Zamazenta|Dauntless Shield|boost\n|-boost|p2a: Zamazenta|def|1\n|turn|1\n|\n|t:|1783806181\n|switch|p1a: Enamorus|Enamorus-Therian, F|100/100\n|move|p2a: Zamazenta|Close Combat|p1a: Enamorus\n|-resisted|p1a: Enamorus\n|-damage|p1a: Enamorus|89/100\n|-unboost|p2a: Zamazenta|def|1\n|-unboost|p2a: Zamazenta|spd|1\n|\n|upkeep\n|turn|2\n|\n|t:|1783806195\n|switch|p2a: Iron Moth|Iron Moth|100/100\n|-enditem|p2a: Iron Moth|Booster Energy\n|-activate|p2a: Iron Moth|ability: Quark Drive|[fromitem]\n|-start|p2a: Iron Moth|quarkdrivespe\n|move|p1a: Enamorus|Earth Power|p2a: Iron Moth\n|-supereffective|p2a: Iron Moth\n|-damage|p2a: Iron Moth|0 fnt\n|faint|p2a: Iron Moth\n|-end|p2a: Iron Moth|Quark Drive|[silent]\n|\n|upkeep\n|inactive|Battle timer is ON: inactive players will automatically lose when time's up. (requested by ItzPoptarts)\n|\n|t:|1783806211\n|switch|p2a: Gliscor|Gliscor, F|100/100\n|turn|3\n|\n|t:|1783806225\n|move|p2a: Gliscor|Swords Dance|p2a: Gliscor\n|-boost|p2a: Gliscor|atk|2\n|move|p1a: Enamorus|Moonblast|p2a: Gliscor\n|-damage|p2a: Gliscor|25/100\n|\n|-status|p2a: Gliscor|tox|[from] item: Toxic Orb\n|upkeep\n|turn|4\n|\n|t:|1783806235\n|-terastallize|p2a: Gliscor|Normal\n|move|p2a: Gliscor|Facade|p1a: Enamorus\n|-damage|p1a: Enamorus|0 fnt\n|faint|p1a: Enamorus\n|\n|-heal|p2a: Gliscor|37/100 tox|[from] ability: Poison Heal\n|upkeep\n|\n|t:|1783806251\n|switch|p1a: Greninja|Greninja, M|100/100\n|turn|5\n|\n|t:|1783806259\n|switch|p2a: Ogerpon|Ogerpon-Wellspring, F|100/100\n|move|p1a: Greninja|Dark Pulse|p2a: Ogerpon\n|-damage|p2a: Ogerpon|58/100\n|\n|upkeep\n|turn|6\n|\n|t:|1783806267\n|move|p1a: Greninja|Sludge Wave|p2a: Ogerpon\n|-supereffective|p2a: Ogerpon\n|-damage|p2a: Ogerpon|0 fnt\n|faint|p2a: Ogerpon\n|-ability|p1a: Greninja|Battle Bond|boost\n|-boost|p1a: Greninja|atk|1\n|-boost|p1a: Greninja|spa|1\n|-boost|p1a: Greninja|spe|1\n|-activate|p1a: Greninja|ability: Battle Bond\n|\n|upkeep\n|\n|t:|1783806274\n|switch|p2a: Raging Bolt|Raging Bolt|100/100\n|-enditem|p2a: Raging Bolt|Booster Energy\n|-activate|p2a: Raging Bolt|ability: Protosynthesis|[fromitem]\n|-start|p2a: Raging Bolt|protosynthesisspa\n|turn|7\n|\n|t:|1783806285\n|-terastallize|p1a: Greninja|Ghost\n|move|p1a: Greninja|Water Shuriken|p2a: Raging Bolt\n|-resisted|p2a: Raging Bolt\n|-damage|p2a: Raging Bolt|96/100\n|-resisted|p2a: Raging Bolt\n|-damage|p2a: Raging Bolt|92/100\n|-resisted|p2a: Raging Bolt\n|-damage|p2a: Raging Bolt|86/100\n|-resisted|p2a: Raging Bolt\n|-damage|p2a: Raging Bolt|81/100\n|-hitcount|p2a: Raging Bolt|4\n|move|p2a: Raging Bolt|Thunderclap||[still]\n|-fail|p2a: Raging Bolt\n|\n|upkeep\n|turn|8\n|\n|t:|1783806302\n|move|p1a: Greninja|Ice Beam|p2a: Raging Bolt\n|-supereffective|p2a: Raging Bolt\n|-damage|p2a: Raging Bolt|0 fnt\n|faint|p2a: Raging Bolt\n|-end|p2a: Raging Bolt|Protosynthesis|[silent]\n|\n|upkeep\n|-message|RevGirlUtena forfeited.\n|\n|win|ItzPoptarts\n|raw|ItzPoptarts's rating: 1348 &rarr; <strong>1364</strong><br />(+16 for winning)\n|raw|RevGirlUtena's rating: 1286 &rarr; <strong>1265</strong><br />(-21 for losing)\n|l|☆RevGirlUtena\n|player|p2|\n", "uploadtime": 1783806327, "views": 22, "formatid": "gen9ou", "rating": 1265, "private": 0, "password": null}