{"id": "gen9ou-2647802619", "format": "[Gen 9] OU", "players": ["pikachuplanet", "Makalvin123"], "log": "|j|☆pikachuplanet\n|j|‽Makalvin123\n|t:|1783815268\n|gametype|singles\n|player|p1|pikachuplanet|pokekid|1154\n|player|p2|Makalvin123|266|1198\n|gen|9\n|tier|[Gen 9] OU\n|rated|\n|rule|HP Percentage Mod: HP is shown in percentages\n|rule|Endless Battle Clause: Forcing endless battles is banned\n|rule|Species Clause: Limit one of each Pokémon\n|rule|OHKO Clause: OHKO moves are banned\n|rule|Evasion Items Clause: Evasion items are banned\n|rule|Evasion Moves Clause: Evasion moves are banned\n|rule|Evasion Abilities Clause: Evasion abilities are banned\n|rule|Sleep Moves Clause: Sleep-inducing moves are banned\n|clearpoke\n|poke|p1|Samurott-Hisui, M|\n|poke|p1|Cinderace, M|\n|poke|p1|Kyurem|\n|poke|p1|Iron Treads|\n|poke|p1|Gardevoir, F|\n|poke|p1|Zamazenta-*|\n|poke|p2|Cinccino, M|\n|poke|p2|Rillaboom, M|\n|poke|p2|Ogerpon-Cornerstone, F|\n|poke|p2|Hitmonlee, M|\n|poke|p2|Rotom-Mow|\n|poke|p2|Greninja-*, M|\n|teampreview\n|inactive|Battle timer is ON: inactive players will automatically lose when time's up. (requested by Makalvin123)\n|\n|t:|1783815276\n|teamsize|p1|6\n|teamsize|p2|6\n|start\n|switch|p1a: Samurott|Samurott-Hisui, M|100/100\n|switch|p2a: Rotom|Rotom-Mow, shiny|100/100\n|turn|1\n|\n|t:|1783815284\n|move|p1a: Samurott|Ceaseless Edge|p2a: Rotom\n|-damage|p2a: Rotom|42/100\n|-sidestart|p2: Makalvin123|Spikes\n|move|p2a: Rotom|Leaf Storm|p1a: Samurott\n|-supereffective|p1a: Samurott\n|-damage|p1a: Samurott|0 fnt\n|-unboost|p2a: Rotom|spa|2\n|faint|p1a: Samurott\n|\n|upkeep\n|\n|t:|1783815296\n|switch|p1a: Gardevoir|Gardevoir, F|100/100\n|-ability|p1a: Gardevoir|Levitate|Trace|[from] ability: Trace|[of] p2a: Rotom\n|turn|2\n|\n|t:|1783815302\n|switch|p2a: Rillaboom|Rillaboom, M, shiny|100/100\n|-damage|p2a: Rillaboom|88/100|[from] Spikes\n|-fieldstart|move: Grassy Terrain|[from] ability: Grassy Surge|[of] p2a: Rillaboom\n|move|p1a: Gardevoir|Moonblast|p2a: Rillaboom\n|-damage|p2a: Rillaboom|22/100\n|-unboost|p2a: Rillaboom|spa|1\n|\n|-heal|p2a: Rillaboom|29/100|[from] Grassy Terrain\n|upkeep\n|turn|3\n|\n|t:|1783815317\n|switch|p1a: Cinderace|Cinderace, M|100/100\n|move|p2a: Rillaboom|Grassy Glide|p1a: Cinderace\n|-resisted|p1a: Cinderace\n|-damage|p1a: Cinderace|74/100\n|\n|-heal|p1a: Cinderace|80/100|[from] Grassy Terrain\n|-heal|p2a: Rillaboom|35/100|[from] Grassy Terrain\n|upkeep\n|turn|4\n|\n|t:|1783815334\n|move|p2a: Rillaboom|Grassy Glide|p1a: Cinderace\n|-resisted|p1a: Cinderace\n|-damage|p1a: Cinderace|50/100\n|move|p1a: Cinderace|U-turn|p2a: Rillaboom\n|-start|p1a: Cinderace|typechange|Bug|[from] ability: Libero\n|-supereffective|p2a: Rillaboom\n|-damage|p2a: Rillaboom|0 fnt\n|faint|p2a: Rillaboom\n|\n|t:|1783815340\n|switch|p1a: Zamazenta|Zamazenta|100/100|[from] U-turn\n|-ability|p1a: Zamazenta|Dauntless Shield|boost\n|-boost|p1a: Zamazenta|def|1\n|\n|upkeep\n|\n|t:|1783815349\n|switch|p2a: Rotom|Rotom-Mow, shiny|42/100\n|turn|5\n|\n|t:|1783815353\n|move|p1a: Zamazenta|Close Combat|p2a: Rotom\n|-damage|p2a: Rotom|0 fnt\n|-unboost|p1a: Zamazenta|def|1\n|-unboost|p1a: Zamazenta|spd|1\n|faint|p2a: Rotom\n|\n|upkeep\n|\n|t:|1783815365\n|switch|p2a: Hitmonlee|Hitmonlee, M, shiny|100/100\n|-damage|p2a: Hitmonlee|88/100|[from] Spikes\n|-enditem|p2a: Hitmonlee|Grassy Seed\n|-boost|p2a: Hitmonlee|def|1|[from] item: Grassy Seed\n|turn|6\n|\n|t:|1783815371\n|move|p2a: Hitmonlee|Rapid Spin|p1a: Zamazenta\n|-damage|p1a: Zamazenta|84/100\n|-boost|p2a: Hitmonlee|spe|1\n|-sideend|p2: Makalvin123|Spikes|[from] move: Rapid Spin|[of] p2a: Hitmonlee\n|move|p1a: Zamazenta|Close Combat|p2a: Hitmonlee\n|-damage|p2a: Hitmonlee|0 fnt\n|-unboost|p1a: Zamazenta|def|1\n|-unboost|p1a: Zamazenta|spd|1\n|faint|p2a: Hitmonlee\n|\n|-heal|p1a: Zamazenta|90/100|[from] Grassy Terrain\n|upkeep\n|\n|t:|1783815383\n|switch|p2a: Greninja|Greninja, M|100/100\n|turn|7\n|\n|t:|1783815389\n|-terastallize|p2a: Greninja|Poison\n|move|p1a: Zamazenta|Close Combat|p2a: Greninja\n|-resisted|p2a: Greninja\n|-damage|p2a: Greninja|25/100\n|-unboost|p1a: Zamazenta|def|1\n|-unboost|p1a: Zamazenta|spd|1\n|move|p2a: Greninja|Sludge Wave|p1a: Zamazenta\n|-damage|p1a: Zamazenta|0 fnt\n|faint|p1a: Zamazenta\n|-ability|p2a: Greninja|Battle Bond|boost\n|-boost|p2a: Greninja|atk|1\n|-boost|p2a: Greninja|spa|1\n|-boost|p2a: Greninja|spe|1\n|-activate|p2a: Greninja|ability: Battle Bond\n|\n|-heal|p2a: Greninja|31/100|[from] Grassy Terrain\n|upkeep\n|\n|t:|1783815406\n|switch|p1a: Cinderace|Cinderace, M|50/100\n|turn|8\n|\n|t:|1783815410\n|move|p2a: Greninja|Water Shuriken|p1a: Cinderace\n|-supereffective|p1a: Cinderace\n|-damage|p1a: Cinderace|20/100\n|-supereffective|p1a: Cinderace\n|-damage|p1a: Cinderace|0 fnt\n|faint|p1a: Cinderace\n|-hitcount|p1: Cinderace|2\n|\n|-heal|p2a: Greninja|37/100|[from] Grassy Terrain\n|upkeep\n|\n|t:|1783815412\n|switch|p1a: Kyurem|Kyurem|100/100\n|-ability|p1a: Kyurem|Pressure\n|turn|9\n|\n|t:|1783815425\n|move|p2a: Greninja|Dark Pulse|p1a: Kyurem\n|-damage|p1a: Kyurem|50/100\n|cant|p1a: Kyurem|flinch\n|\n|-heal|p2a: Greninja|43/100|[from] Grassy Terrain\n|-heal|p1a: Kyurem|56/100|[from] Grassy Terrain\n|-fieldend|move: Grassy Terrain\n|upkeep\n|turn|10\n|\n|t:|1783815434\n|move|p2a: Greninja|Ice Beam|p1a: Kyurem\n|-damage|p1a: Kyurem|21/100\n|move|p1a: Kyurem|Earth Power|p2a: Greninja\n|-supereffective|p2a: Greninja\n|-damage|p2a: Greninja|0 fnt\n|faint|p2a: Greninja\n|\n|upkeep\n|\n|t:|1783815464\n|switch|p2a: Cinccino|Cinccino, M, shiny|100/100\n|turn|11\n|\n|t:|1783815474\n|move|p2a: Cinccino|Tail Slap|p1a: Kyurem\n|-damage|p1a: Kyurem|11/100\n|-damage|p1a: Kyurem|0 fnt\n|faint|p1a: Kyurem\n|-hitcount|p1: Kyurem|2\n|\n|upkeep\n|\n|t:|1783815478\n|switch|p1a: Iron Treads|Iron Treads|100/100\n|-item|p1a: Iron Treads|Air Balloon\n|turn|12\n|\n|t:|1783815487\n|move|p2a: Cinccino|Tidy Up|p2a: Cinccino\n|-boost|p2a: Cinccino|atk|1\n|-boost|p2a: Cinccino|spe|1\n|move|p1a: Iron Treads|Rapid Spin|p2a: Cinccino\n|-damage|p2a: Cinccino|73/100\n|-boost|p1a: Iron Treads|spe|1\n|\n|upkeep\n|turn|13\n|\n|t:|1783815495\n|move|p2a: Cinccino|Bullet Seed|p1a: Iron Treads\n|-damage|p1a: Iron Treads|91/100\n|-enditem|p1a: Iron Treads|Air Balloon\n|-damage|p1a: Iron Treads|82/100\n|-damage|p1a: Iron Treads|72/100\n|-damage|p1a: Iron Treads|63/100\n|-crit|p1a: Iron Treads\n|-damage|p1a: Iron Treads|48/100\n|-hitcount|p1a: Iron Treads|5\n|move|p1a: Iron Treads|Earthquake|p2a: Cinccino\n|-damage|p2a: Cinccino|0 fnt\n|faint|p2a: Cinccino\n|\n|upkeep\n|\n|t:|1783815508\n|switch|p2a: Ogerpon|Ogerpon-Cornerstone, F|100/100\n|turn|14\n|\n|t:|1783815525\n|move|p1a: Iron Treads|Earthquake|p2a: Ogerpon\n|-damage|p2a: Ogerpon|44/100\n|move|p2a: Ogerpon|Grassy Glide|p1a: Iron Treads\n|-damage|p1a: Iron Treads|20/100\n|\n|upkeep\n|turn|15\n|\n|t:|1783815533\n|move|p1a: Iron Treads|Iron Head|p2a: Ogerpon\n|-supereffective|p2a: Ogerpon\n|-damage|p2a: Ogerpon|0 fnt\n|faint|p2a: Ogerpon\n|\n|win|pikachuplanet\n|raw|pikachuplanet's rating: 1154 &rarr; <strong>1182</strong><br />(+28 for winning)\n|raw|Makalvin123's rating: 1198 &rarr; <strong>1170</strong><br />(-28 for losing)\n|l|☆pikachuplanet\n|player|p1|\n|l|‽Makalvin123\n|player|p2|\n", "uploadtime": 1783815813, "views": 11, "formatid": "gen9ou", "rating": 1170, "private": 0, "password": null}