{"id": "gen9ou-2647819222", "format": "[Gen 9] OU", "players": ["Poemsilent", "erjtsers"], "log": "|j|☆Poemsilent\n|j|☆erjtsers\n|t:|1783818126\n|gametype|singles\n|player|p1|Poemsilent|byron|1493\n|player|p2|erjtsers|birdkeeper|1542\n|gen|9\n|tier|[Gen 9] OU\n|rated|\n|rule|HP Percentage Mod: HP is shown in percentages\n|rule|Endless Battle Clause: Forcing endless battles is banned\n|rule|Species Clause: Limit one of each Pokémon\n|rule|OHKO Clause: OHKO moves are banned\n|rule|Evasion Items Clause: Evasion items are banned\n|rule|Evasion Moves Clause: Evasion moves are banned\n|rule|Evasion Abilities Clause: Evasion abilities are banned\n|rule|Sleep Moves Clause: Sleep-inducing moves are banned\n|clearpoke\n|poke|p1|Great Tusk|\n|poke|p1|Pecharunt|\n|poke|p1|Iron Valiant|\n|poke|p1|Iron Crown|\n|poke|p1|Samurott-Hisui, F|\n|poke|p1|Dragonite, F|\n|poke|p2|Clodsire, F|\n|poke|p2|Toxapex, F|\n|poke|p2|Corviknight, M|\n|poke|p2|Dondozo, M|\n|poke|p2|Clefable, F|\n|poke|p2|Gliscor, M|\n|teampreview\n|inactive|Battle timer is ON: inactive players will automatically lose when time's up. (requested by Poemsilent)\n|c|☆Poemsilent|glhf\n|c|☆erjtsers|u2\n|\n|t:|1783818141\n|teamsize|p1|6\n|teamsize|p2|6\n|start\n|switch|p1a: Samurott|Samurott-Hisui, F|100/100\n|switch|p2a: Gliscor|Gliscor, M|100/100\n|turn|1\n|\n|t:|1783818144\n|move|p2a: Gliscor|Protect|p2a: Gliscor\n|-singleturn|p2a: Gliscor|Protect\n|move|p1a: Samurott|Knock Off|p2a: Gliscor\n|-activate|p2a: Gliscor|move: Protect\n|\n|-status|p2a: Gliscor|tox|[from] item: Toxic Orb\n|upkeep\n|turn|2\n|\n|t:|1783818150\n|move|p2a: Gliscor|Toxic|p1a: Samurott\n|-status|p1a: Samurott|tox\n|move|p1a: Samurott|Ceaseless Edge|p2a: Gliscor\n|-damage|p2a: Gliscor|54/100 tox\n|-sidestart|p2: erjtsers|Spikes\n|\n|-heal|p2a: Gliscor|67/100 tox|[from] ability: Poison Heal\n|-damage|p1a: Samurott|94/100 tox|[from] psn\n|upkeep\n|turn|3\n|\n|t:|1783818156\n|move|p2a: Gliscor|Protect|p2a: Gliscor\n|-singleturn|p2a: Gliscor|Protect\n|move|p1a: Samurott|Ceaseless Edge|p2a: Gliscor\n|-activate|p2a: Gliscor|move: Protect\n|\n|-heal|p2a: Gliscor|79/100 tox|[from] ability: Poison Heal\n|-damage|p1a: Samurott|82/100 tox|[from] psn\n|upkeep\n|turn|4\n|\n|t:|1783818161\n|move|p2a: Gliscor|Knock Off|p1a: Samurott\n|-resisted|p1a: Samurott\n|-damage|p1a: Samurott|67/100 tox\n|-enditem|p1a: Samurott|Black Glasses|[from] move: Knock Off|[of] p2a: Gliscor\n|move|p1a: Samurott|Flip Turn|p2a: Gliscor\n|-supereffective|p2a: Gliscor\n|-crit|p2a: Gliscor\n|-damage|p2a: Gliscor|7/100 tox\n|\n|t:|1783818166\n|switch|p1a: Iron Crown|Iron Crown|100/100|[from] Flip Turn\n|\n|-heal|p2a: Gliscor|20/100 tox|[from] ability: Poison Heal\n|upkeep\n|turn|5\n|\n|t:|1783818172\n|move|p2a: Gliscor|Protect|p2a: Gliscor\n|-singleturn|p2a: Gliscor|Protect\n|move|p1a: Iron Crown|Psychic Noise|p2a: Gliscor\n|-activate|p2a: Gliscor|move: Protect\n|\n|-heal|p2a: Gliscor|32/100 tox|[from] ability: Poison Heal\n|upkeep\n|turn|6\n|\n|t:|1783818177\n|-terastallize|p2a: Gliscor|Dark\n|move|p1a: Iron Crown|Tachyon Cutter|p2a: Gliscor\n|-damage|p2a: Gliscor|3/100 tox\n|-damage|p2a: Gliscor|0 fnt\n|faint|p2a: Gliscor\n|-hitcount|p2: Gliscor|2\n|\n|upkeep\n|\n|t:|1783818191\n|switch|p2a: Clodsire|Clodsire, F|100/100\n|turn|7\n|\n|t:|1783818200\n|move|p1a: Iron Crown|Psychic Noise|p2a: Clodsire\n|-supereffective|p2a: Clodsire\n|-damage|p2a: Clodsire|62/100\n|-start|p2a: Clodsire|move: Heal Block\n|move|p2a: Clodsire|Earthquake|p1a: Iron Crown\n|-supereffective|p1a: Iron Crown\n|-damage|p1a: Iron Crown|38/100\n|\n|upkeep\n|turn|8\n|\n|t:|1783818207\n|-end|p1a: Iron Crown|Quark Drive|[silent]\n|switch|p1a: Great Tusk|Great Tusk|100/100\n|move|p2a: Clodsire|Earthquake|p1a: Great Tusk\n|-damage|p1a: Great Tusk|79/100\n|\n|-end|p2a: Clodsire|move: Heal Block\n|upkeep\n|turn|9\n|\n|t:|1783818212\n|switch|p2a: Corviknight|Corviknight, M|100/100\n|-ability|p2a: Corviknight|Pressure\n|move|p1a: Great Tusk|Stealth Rock|p2a: Corviknight\n|-sidestart|p2: erjtsers|move: Stealth Rock\n|\n|upkeep\n|turn|10\n|\n|t:|1783818215\n|-end|p1a: Great Tusk|Protosynthesis|[silent]\n|switch|p1a: Iron Valiant|Iron Valiant|100/100\n|move|p2a: Corviknight|Defog|p1a: Iron Valiant\n|-unboost|p1a: Iron Valiant|evasion|1\n|-sideend|p2: erjtsers|Spikes|[from] move: Defog|[of] p2a: Corviknight\n|-sideend|p2: erjtsers|Stealth Rock|[from] move: Defog|[of] p2a: Corviknight\n|\n|upkeep\n|turn|11\n|\n|t:|1783818221\n|move|p2a: Corviknight|Protect|p2a: Corviknight\n|-singleturn|p2a: Corviknight|Protect\n|move|p1a: Iron Valiant|Shadow Ball|p2a: Corviknight\n|-activate|p2a: Corviknight|move: Protect\n|\n|upkeep\n|turn|12\n|\n|t:|1783818224\n|move|p1a: Iron Valiant|Shadow Ball|p2a: Corviknight\n|-damage|p2a: Corviknight|74/100\n|move|p2a: Corviknight|Brave Bird|p1a: Iron Valiant\n|-supereffective|p1a: Iron Valiant\n|-damage|p1a: Iron Valiant|1/100\n|-damage|p2a: Corviknight|50/100|[from] Recoil\n|\n|-heal|p2a: Corviknight|56/100|[from] item: Leftovers\n|upkeep\n|turn|13\n|\n|t:|1783818229\n|-end|p1a: Iron Valiant|Quark Drive|[silent]\n|switch|p1a: Iron Crown|Iron Crown|38/100\n|move|p2a: Corviknight|Roost|p2a: Corviknight\n|-heal|p2a: Corviknight|100/100\n|-singleturn|p2a: Corviknight|move: Roost\n|\n|upkeep\n|turn|14\n|\n|t:|1783818232\n|move|p2a: Corviknight|Protect|p2a: Corviknight\n|-singleturn|p2a: Corviknight|Protect\n|move|p1a: Iron Crown|Future Sight|p2a: Corviknight\n|-start|p1a: Iron Crown|move: Future Sight\n|\n|upkeep\n|turn|15\n|\n|t:|1783818237\n|move|p1a: Iron Crown|Volt Switch|p2a: Corviknight\n|-supereffective|p2a: Corviknight\n|-damage|p2a: Corviknight|67/100\n|\n|t:|1783818240\n|-end|p1a: Iron Crown|Quark Drive|[silent]\n|switch|p1a: Samurott|Samurott-Hisui, F|67/100 tox|[from] Volt Switch\n|move|p2a: Corviknight|Brave Bird|p1a: Samurott\n|-damage|p1a: Samurott|22/100 tox\n|-damage|p2a: Corviknight|55/100|[from] Recoil\n|\n|-heal|p2a: Corviknight|61/100|[from] item: Leftovers\n|-damage|p1a: Samurott|15/100 tox|[from] psn\n|upkeep\n|turn|16\n|\n|t:|1783818244\n|move|p2a: Corviknight|Protect|p2a: Corviknight\n|-singleturn|p2a: Corviknight|Protect\n|move|p1a: Samurott|Ceaseless Edge|p2a: Corviknight\n|-activate|p2a: Corviknight|move: Protect\n|\n|-end|p2a: Corviknight|move: Future Sight\n|-resisted|p2a: Corviknight\n|-damage|p2a: Corviknight|39/100\n|-heal|p2a: Corviknight|45/100|[from] item: Leftovers\n|-damage|p1a: Samurott|3/100 tox|[from] psn\n|upkeep\n|turn|17\n|\n|t:|1783818252\n|move|p1a: Samurott|Ceaseless Edge|p2a: Corviknight|[miss]\n|-miss|p1a: Samurott|p2a: Corviknight\n|move|p2a: Corviknight|Roost|p2a: Corviknight\n|-heal|p2a: Corviknight|95/100\n|-singleturn|p2a: Corviknight|move: Roost\n|\n|-heal|p2a: Corviknight|100/100|[from] item: Leftovers\n|-damage|p1a: Samurott|0 fnt|[from] psn\n|faint|p1a: Samurott\n|upkeep\n|-message|Poemsilent forfeited.\n|\n|win|erjtsers\n|raw|Poemsilent's rating: 1493 &rarr; <strong>1476</strong><br />(-17 for losing)\n|raw|erjtsers's rating: 1542 &rarr; <strong>1559</strong><br />(+17 for winning)\n|l|☆Poemsilent\n|player|p1|\n", "uploadtime": 1783818331, "views": 13, "formatid": "gen9ou", "rating": 1476, "private": 0, "password": null}