{"id": "gen9ou-2647720225", "format": "[Gen 9] OU", "players": ["Waterfleas", "Skoolboi"], "log": "|j|☆Waterfleas\n|j|☆Skoolboi\n|t:|1783801407\n|gametype|singles\n|player|p1|Waterfleas|169|1155\n|player|p2|Skoolboi|2|1263\n|gen|9\n|tier|[Gen 9] OU\n|rated|\n|rule|HP Percentage Mod: HP is shown in percentages\n|rule|Endless Battle Clause: Forcing endless battles is banned\n|rule|Species Clause: Limit one of each Pokémon\n|rule|OHKO Clause: OHKO moves are banned\n|rule|Evasion Items Clause: Evasion items are banned\n|rule|Evasion Moves Clause: Evasion moves are banned\n|rule|Evasion Abilities Clause: Evasion abilities are banned\n|rule|Sleep Moves Clause: Sleep-inducing moves are banned\n|clearpoke\n|poke|p1|Samurott-Hisui, F|\n|poke|p1|Pecharunt|\n|poke|p1|Scizor, M|\n|poke|p1|Iron Valiant|\n|poke|p1|Great Tusk|\n|poke|p1|Latios, M|\n|poke|p2|Grimmsnarl, M|\n|poke|p2|Ogerpon-Wellspring, F|\n|poke|p2|Okidogi, M|\n|poke|p2|Rabsca, M|\n|poke|p2|Toxapex, M|\n|poke|p2|Pawmot, M|\n|teampreview\n|\n|t:|1783801420\n|teamsize|p1|6\n|teamsize|p2|6\n|start\n|switch|p1a: Scizor|Scizor, M|100/100\n|switch|p2a: Floyd Mayweather|Grimmsnarl, M|100/100\n|turn|1\n|\n|t:|1783801427\n|switch|p2a: Evander Holyfield|Toxapex, M, shiny|100/100\n|move|p1a: Scizor|Bullet Punch|p2a: Evander Holyfield\n|-resisted|p2a: Evander Holyfield\n|-damage|p2a: Evander Holyfield|85/100\n|-damage|p1a: Scizor|84/100|[from] item: Rocky Helmet|[of] p2a: Evander Holyfield\n|\n|upkeep\n|turn|2\n|\n|t:|1783801440\n|switch|p1a: Latios|Latios, M|100/100\n|move|p2a: Evander Holyfield|Chilling Water|p1a: Latios\n|-resisted|p1a: Latios\n|-damage|p1a: Latios|95/100\n|-unboost|p1a: Latios|atk|1\n|\n|upkeep\n|turn|3\n|\n|t:|1783801448\n|switch|p2a: Floyd Mayweather|Grimmsnarl, M|100/100\n|move|p1a: Latios|Draco Meteor|p2a: Floyd Mayweather\n|-immune|p2a: Floyd Mayweather\n|\n|upkeep\n|turn|4\n|\n|t:|1783801455\n|switch|p1a: Scizor|Scizor, M|84/100\n|move|p2a: Floyd Mayweather|Light Screen|p2a: Floyd Mayweather\n|-sidestart|p2: Skoolboi|move: Light Screen\n|\n|upkeep\n|turn|5\n|\n|t:|1783801461\n|switch|p2a: Evander Holyfield|Toxapex, M, shiny|100/100\n|move|p1a: Scizor|U-turn|p2a: Evander Holyfield\n|-resisted|p2a: Evander Holyfield\n|-damage|p2a: Evander Holyfield|82/100\n|-damage|p1a: Scizor|68/100|[from] item: Rocky Helmet|[of] p2a: Evander Holyfield\n|\n|t:|1783801468\n|switch|p1a: Great Tusk|Great Tusk|100/100|[from] U-turn\n|\n|upkeep\n|turn|6\n|\n|t:|1783801479\n|switch|p2a: Floyd Mayweather|Grimmsnarl, M|100/100\n|move|p1a: Great Tusk|Stealth Rock|p2a: Floyd Mayweather\n|-sidestart|p2: Skoolboi|move: Stealth Rock\n|\n|upkeep\n|turn|7\n|\n|t:|1783801485\n|-end|p1a: Great Tusk|Protosynthesis|[silent]\n|switch|p1a: Samurott|Samurott-Hisui, F|100/100\n|move|p2a: Floyd Mayweather|Reflect|p2a: Floyd Mayweather\n|-sidestart|p2: Skoolboi|Reflect\n|\n|upkeep\n|turn|8\n|\n|t:|1783801490\n|move|p1a: Samurott|Knock Off|p2a: Floyd Mayweather\n|-resisted|p2a: Floyd Mayweather\n|-damage|p2a: Floyd Mayweather|94/100\n|-enditem|p2a: Floyd Mayweather|Light Clay|[from] move: Knock Off|[of] p1a: Samurott\n|move|p2a: Floyd Mayweather|Spirit Break|p1a: Samurott\n|-supereffective|p1a: Samurott\n|-damage|p1a: Samurott|40/100\n|-unboost|p1a: Samurott|spa|1\n|\n|upkeep\n|turn|9\n|\n|t:|1783801509\n|switch|p1a: Pecharunt|Pecharunt|100/100\n|move|p2a: Floyd Mayweather|Spirit Break|p1a: Pecharunt\n|-resisted|p1a: Pecharunt\n|-damage|p1a: Pecharunt|93/100\n|-unboost|p1a: Pecharunt|spa|1\n|\n|upkeep\n|turn|10\n|\n|t:|1783801523\n|switch|p2a: Evander Holyfield|Toxapex, M, shiny|100/100\n|-damage|p2a: Evander Holyfield|88/100|[from] Stealth Rock\n|move|p1a: Pecharunt|Malignant Chain|p2a: Evander Holyfield\n|-resisted|p2a: Evander Holyfield\n|-damage|p2a: Evander Holyfield|84/100\n|\n|upkeep\n|turn|11\n|\n|t:|1783801536\n|move|p1a: Pecharunt|Parting Shot|p2a: Evander Holyfield\n|-unboost|p2a: Evander Holyfield|atk|1\n|-unboost|p2a: Evander Holyfield|spa|1\n|\n|t:|1783801538\n|switch|p1a: Samurott|Samurott-Hisui, F|40/100|[from] Parting Shot\n|move|p2a: Evander Holyfield|Chilling Water|p1a: Samurott\n|-resisted|p1a: Samurott\n|-damage|p1a: Samurott|38/100\n|-unboost|p1a: Samurott|atk|1\n|\n|-sideend|p2: Skoolboi|move: Light Screen\n|upkeep\n|turn|12\n|\n|t:|1783801549\n|move|p1a: Samurott|Knock Off|p2a: Evander Holyfield\n|-damage|p2a: Evander Holyfield|75/100\n|-damage|p1a: Samurott|22/100|[from] item: Rocky Helmet|[of] p2a: Evander Holyfield\n|-enditem|p2a: Evander Holyfield|Rocky Helmet|[from] move: Knock Off|[of] p1a: Samurott\n|move|p2a: Evander Holyfield|Toxic|p1a: Samurott\n|-status|p1a: Samurott|tox\n|\n|-damage|p1a: Samurott|16/100 tox|[from] psn\n|upkeep\n|turn|13\n|\n|t:|1783801561\n|switch|p2a: Floyd Mayweather|Grimmsnarl, M|94/100\n|-damage|p2a: Floyd Mayweather|82/100|[from] Stealth Rock\n|move|p1a: Samurott|Ceaseless Edge|p2a: Floyd Mayweather\n|-resisted|p2a: Floyd Mayweather\n|-damage|p2a: Floyd Mayweather|77/100\n|-sidestart|p2: Skoolboi|Spikes\n|\n|-damage|p1a: Samurott|4/100 tox|[from] psn\n|upkeep\n|turn|14\n|\n|t:|1783801572\n|move|p2a: Floyd Mayweather|Light Screen|p2a: Floyd Mayweather\n|-sidestart|p2: Skoolboi|move: Light Screen\n|move|p1a: Samurott|Ceaseless Edge|p2a: Floyd Mayweather\n|-resisted|p2a: Floyd Mayweather\n|-damage|p2a: Floyd Mayweather|73/100\n|-sidestart|p2: Skoolboi|Spikes\n|\n|-damage|p1a: Samurott|0 fnt|[from] psn\n|faint|p1a: Samurott\n|-sideend|p2: Skoolboi|Reflect\n|upkeep\n|\n|t:|1783801584\n|switch|p1a: Scizor|Scizor, M|68/100\n|turn|15\n|\n|t:|1783801594\n|switch|p2a: George Foreman|Okidogi, M|100/100\n|-damage|p2a: George Foreman|94/100|[from] Stealth Rock\n|-damage|p2a: George Foreman|78/100|[from] Spikes\n|move|p1a: Scizor|U-turn|p2a: George Foreman\n|-resisted|p2a: George Foreman\n|-damage|p2a: George Foreman|66/100\n|\n|t:|1783801608\n|switch|p1a: Latios|Latios, M|95/100|[from] U-turn\n|\n|-heal|p2a: George Foreman|72/100|[from] item: Leftovers\n|upkeep\n|turn|16\n|\n|t:|1783801619\n|switch|p2a: Floyd Mayweather|Grimmsnarl, M|73/100\n|-damage|p2a: Floyd Mayweather|61/100|[from] Stealth Rock\n|-damage|p2a: Floyd Mayweather|44/100|[from] Spikes\n|move|p1a: Latios|Psychic Noise|p2a: Floyd Mayweather\n|-immune|p2a: Floyd Mayweather\n|\n|upkeep\n|turn|17\n|\n|t:|1783801629\n|switch|p1a: Scizor|Scizor, M|68/100\n|move|p2a: Floyd Mayweather|Reflect|p2a: Floyd Mayweather\n|-sidestart|p2: Skoolboi|Reflect\n|\n|upkeep\n|turn|18\n|\n|t:|1783801642\n|switch|p2a: Evander Holyfield|Toxapex, M, shiny|100/100\n|-damage|p2a: Evander Holyfield|88/100|[from] Stealth Rock\n|-damage|p2a: Evander Holyfield|72/100|[from] Spikes\n|move|p1a: Scizor|U-turn|p2a: Evander Holyfield\n|-resisted|p2a: Evander Holyfield\n|-damage|p2a: Evander Holyfield|63/100\n|\n|t:|1783801652\n|switch|p1a: Latios|Latios, M|95/100|[from] U-turn\n|\n|-sideend|p2: Skoolboi|move: Light Screen\n|upkeep\n|turn|19\n|\n|t:|1783801660\n|switch|p2a: Floyd Mayweather|Grimmsnarl, M|44/100\n|-damage|p2a: Floyd Mayweather|32/100|[from] Stealth Rock\n|-damage|p2a: Floyd Mayweather|15/100|[from] Spikes\n|move|p1a: Latios|Psychic Noise|p2a: Floyd Mayweather\n|-immune|p2a: Floyd Mayweather\n|\n|upkeep\n|turn|20\n|\n|t:|1783801674\n|switch|p1a: Scizor|Scizor, M|68/100\n|move|p2a: Floyd Mayweather|Spirit Break|p1a: Scizor\n|-resisted|p1a: Scizor\n|-damage|p1a: Scizor|50/100\n|-unboost|p1a: Scizor|spa|1\n|\n|upkeep\n|turn|21\n|\n|t:|1783801688\n|move|p1a: Scizor|Bullet Punch|p2a: Floyd Mayweather\n|-supereffective|p2a: Floyd Mayweather\n|-damage|p2a: Floyd Mayweather|0 fnt\n|faint|p2a: Floyd Mayweather\n|\n|-sideend|p2: Skoolboi|Reflect\n|upkeep\n|\n|t:|1783801694\n|switch|p2a: Tyson Fury|Rabsca, M, shiny|100/100\n|-damage|p2a: Tyson Fury|76/100|[from] Stealth Rock\n|-damage|p2a: Tyson Fury|59/100|[from] Spikes\n|turn|22\n|\n|t:|1783801703\n|-terastallize|p1a: Scizor|Steel\n|-terastallize|p2a: Tyson Fury|Steel\n|move|p1a: Scizor|Bullet Punch|p2a: Tyson Fury\n|-resisted|p2a: Tyson Fury\n|-crit|p2a: Tyson Fury\n|-damage|p2a: Tyson Fury|5/100\n|move|p2a: Tyson Fury|Trick Room|p2a: Tyson Fury\n|-fieldstart|move: Trick Room|[of] p2a: Tyson Fury\n|\n|upkeep\n|turn|23\n|\n|t:|1783801716\n|switch|p2a: George Foreman|Okidogi, M|72/100\n|-damage|p2a: George Foreman|66/100|[from] Stealth Rock\n|-damage|p2a: George Foreman|49/100|[from] Spikes\n|move|p1a: Scizor|Bullet Punch|p2a: George Foreman\n|-damage|p2a: George Foreman|0 fnt\n|faint|p2a: George Foreman\n|\n|upkeep\n|\n|t:|1783801726\n|switch|p2a: Pawmot|Pawmot, M|100/100\n|-damage|p2a: Pawmot|94/100|[from] Stealth Rock\n|-damage|p2a: Pawmot|78/100|[from] Spikes\n|turn|24\n|\n|t:|1783801735\n|switch|p1a: Pecharunt|Pecharunt|93/100\n|move|p2a: Pawmot|Revival Blessing|p2a: Pawmot\n|-enditem|p2a: Pawmot|Leppa Berry|[eat]\n|-activate|p2a: Pawmot|item: Leppa Berry|Revival Blessing|[consumed]\n|\n|t:|1783801744\n|-heal|p2: George Foreman|50/100|[from] move: Revival Blessing\n|\n|upkeep\n|turn|25\n|\n|t:|1783801754\n|switch|p2a: Evander Holyfield|Toxapex, M, shiny|96/100\n|-damage|p2a: Evander Holyfield|83/100|[from] Stealth Rock\n|-damage|p2a: Evander Holyfield|67/100|[from] Spikes\n|move|p1a: Pecharunt|Malignant Chain|p2a: Evander Holyfield\n|-resisted|p2a: Evander Holyfield\n|-damage|p2a: Evander Holyfield|54/100\n|\n|upkeep\n|turn|26\n|\n|t:|1783801768\n|move|p2a: Evander Holyfield|Infestation|p1a: Pecharunt\n|-resisted|p1a: Pecharunt\n|-damage|p1a: Pecharunt|93/100\n|-activate|p1a: Pecharunt|move: Infestation|[of] p2a: Evander Holyfield\n|move|p1a: Pecharunt|Parting Shot|p2a: Evander Holyfield\n|-unboost|p2a: Evander Holyfield|atk|1\n|-unboost|p2a: Evander Holyfield|spa|1\n|\n|t:|1783801776\n|switch|p1a: Latios|Latios, M|95/100|[from] Parting Shot\n|\n|-fieldend|move: Trick Room\n|upkeep\n|turn|27\n|\n|t:|1783801790\n|switch|p1a: Scizor|Scizor, M, tera:Steel|50/100\n|switch|p2a: Tyson Fury|Rabsca, M, shiny, tera:Steel|5/100\n|-damage|p2a: Tyson Fury|0 fnt|[from] Stealth Rock\n|faint|p2a: Tyson Fury\n|\n|upkeep\n|\n|t:|1783801799\n|switch|p2a: Pawmot|Pawmot, M|78/100\n|-damage|p2a: Pawmot|72/100|[from] Stealth Rock\n|-damage|p2a: Pawmot|55/100|[from] Spikes\n|turn|28\n|\n|t:|1783801808\n|move|p2a: Pawmot|Revival Blessing|p2a: Pawmot\n|\n|t:|1783801814\n|-heal|p2: Floyd Mayweather|50/100|[from] move: Revival Blessing\n|move|p1a: Scizor|Close Combat|p2a: Pawmot\n|-damage|p2a: Pawmot|0 fnt\n|-unboost|p1a: Scizor|def|1\n|-unboost|p1a: Scizor|spd|1\n|faint|p2a: Pawmot\n|\n|upkeep\n|\n|t:|1783801828\n|switch|p2a: Mike Tyson|Ogerpon-Wellspring, F|100/100\n|-damage|p2a: Mike Tyson|88/100|[from] Stealth Rock\n|-damage|p2a: Mike Tyson|72/100|[from] Spikes\n|turn|29\n|\n|t:|1783801837\n|switch|p1a: Pecharunt|Pecharunt|93/100\n|move|p2a: Mike Tyson|Ivy Cudgel|p1a: Pecharunt|[anim] Ivy Cudgel Water\n|-crit|p1a: Pecharunt\n|-damage|p1a: Pecharunt|53/100\n|\n|upkeep\n|turn|30\n|\n|t:|1783801844\n|move|p2a: Mike Tyson|Knock Off|p1a: Pecharunt\n|-supereffective|p1a: Pecharunt\n|-damage|p1a: Pecharunt|18/100\n|-enditem|p1a: Pecharunt|Heavy-Duty Boots|[from] move: Knock Off|[of] p2a: Mike Tyson\n|move|p1a: Pecharunt|Recover|p1a: Pecharunt\n|-heal|p1a: Pecharunt|68/100\n|\n|upkeep\n|turn|31\n|\n|t:|1783801863\n|switch|p2a: Evander Holyfield|Toxapex, M, shiny|87/100\n|-damage|p2a: Evander Holyfield|75/100|[from] Stealth Rock\n|-damage|p2a: Evander Holyfield|58/100|[from] Spikes\n|move|p1a: Pecharunt|Parting Shot|p2a: Evander Holyfield\n|-unboost|p2a: Evander Holyfield|atk|1\n|-unboost|p2a: Evander Holyfield|spa|1\n|\n|t:|1783801868\n|switch|p1a: Great Tusk|Great Tusk|100/100|[from] Parting Shot\n|\n|upkeep\n|turn|32\n|\n|t:|1783801881\n|switch|p2a: Mike Tyson|Ogerpon-Wellspring, F|72/100\n|-damage|p2a: Mike Tyson|59/100|[from] Stealth Rock\n|-damage|p2a: Mike Tyson|43/100|[from] Spikes\n|move|p1a: Great Tusk|Headlong Rush|p2a: Mike Tyson\n|-resisted|p2a: Mike Tyson\n|-damage|p2a: Mike Tyson|0 fnt\n|-unboost|p1a: Great Tusk|def|1\n|-unboost|p1a: Great Tusk|spd|1\n|faint|p2a: Mike Tyson\n|\n|upkeep\n|l|☆Skoolboi\n|player|p2|\n|inactive|Battle timer is ON: inactive players will automatically lose when time's up. (requested by Waterfleas)\n|inactive|Skoolboi has 30 seconds to reconnect!\n|inactive|Skoolboi has 20 seconds to reconnect!\n|inactive|Skoolboi has 15 seconds to reconnect!\n|inactive|Skoolboi has 10 seconds to reconnect!\n|inactive|Skoolboi has 5 seconds to reconnect!\n|-message|Skoolboi lost due to inactivity.\n|\n|win|Waterfleas\n|raw|Waterfleas's rating: 1155 &rarr; <strong>1188</strong><br />(+33 for winning)\n|raw|Skoolboi's rating: 1263 &rarr; <strong>1230</strong><br />(-33 for losing)\n|l|☆Waterfleas\n|player|p1|\n", "uploadtime": 1783802353, "views": 4, "formatid": "gen9ou", "rating": 1188, "private": 0, "password": null}