{"id": "gen9ou-2540697889", "format": "[Gen 9] OU", "players": ["hbgzd", "dante1310"], "log": "|j|☆hbgzd\n|j|☆dante1310\n|t:|1771242053\n|gametype|singles\n|player|p1|hbgzd|zinnia|1721\n|player|p2|dante1310|morty-gen2|1668\n|gen|9\n|tier|[Gen 9] OU\n|rated|\n|rule|HP Percentage Mod: HP is shown in percentages\n|rule|Endless Battle Clause: Forcing endless battles is banned\n|rule|Species Clause: Limit one of each Pokémon\n|rule|OHKO Clause: OHKO moves are banned\n|rule|Evasion Items Clause: Evasion items are banned\n|rule|Evasion Moves Clause: Evasion moves are banned\n|rule|Evasion Abilities Clause: Evasion abilities are banned\n|rule|Sleep Moves Clause: Sleep-inducing moves are banned\n|clearpoke\n|poke|p1|Rillaboom, M|\n|poke|p1|Iron Crown|\n|poke|p1|Serperior, M|\n|poke|p1|Zamazenta-*|\n|poke|p1|Heatran, F|\n|poke|p1|Great Tusk|\n|poke|p2|Tyranitar, F|\n|poke|p2|Excadrill, M|\n|poke|p2|Hydrapple, M|\n|poke|p2|Moltres|\n|poke|p2|Azumarill, M|\n|poke|p2|Slowking-Galar, M|\n|teampreview\n|l|☆dante1310\n|player|p2|\n|j|☆dante1310\n|player|p2|dante1310|morty-gen2|\n|inactive|Battle timer is ON: inactive players will automatically lose when time's up. (requested by dante1310)\n|\n|t:|1771242071\n|teamsize|p1|6\n|teamsize|p2|6\n|start\n|switch|p1a: Rillaboom|Rillaboom, M, shiny|100/100\n|switch|p2a: Slowking|Slowking-Galar, M|100/100\n|-fieldstart|move: Grassy Terrain|[from] ability: Grassy Surge|[of] p1a: Rillaboom\n|turn|1\n|\n|t:|1771242076\n|move|p1a: Rillaboom|Knock Off|p2a: Slowking\n|-supereffective|p2a: Slowking\n|-damage|p2a: Slowking|42/100\n|-enditem|p2a: Slowking|Black Sludge|[from] move: Knock Off|[of] p1a: Rillaboom\n|-damage|p1a: Rillaboom|91/100|[from] item: Life Orb\n|move|p2a: Slowking|Trick|p1a: Rillaboom\n|-activate|p2a: Slowking|move: Trick|[of] p1a: Rillaboom\n|-enditem|p1a: Rillaboom|Life Orb|[silent]|[from] move: Trick\n|-item|p2a: Slowking|Life Orb|[from] move: Trick\n|\n|-heal|p1a: Rillaboom|97/100|[from] Grassy Terrain\n|-heal|p2a: Slowking|48/100|[from] Grassy Terrain\n|upkeep\n|turn|2\n|\n|t:|1771242084\n|move|p1a: Rillaboom|Swords Dance|p1a: Rillaboom\n|-boost|p1a: Rillaboom|atk|2\n|-prepare|p2a: Slowking|Chilly Reception|[premajor]\n|move|p2a: Slowking|Chilly Reception|p2a: Slowking\n|-weather|Snowscape\n|\n|t:|1771242092\n|switch|p2a: Moltres|Moltres|100/100|[from] Chilly Reception\n|\n|-weather|Snowscape|[upkeep]\n|-heal|p1a: Rillaboom|100/100|[from] Grassy Terrain\n|upkeep\n|turn|3\n|\n|t:|1771242095\n|move|p1a: Rillaboom|Knock Off|p2a: Moltres\n|-damage|p2a: Moltres|53/100\n|-status|p1a: Rillaboom|brn|[from] ability: Flame Body|[of] p2a: Moltres\n|-enditem|p2a: Moltres|Heavy-Duty Boots|[from] move: Knock Off|[of] p1a: Rillaboom\n|move|p2a: Moltres|Flamethrower|p1a: Rillaboom\n|-supereffective|p1a: Rillaboom\n|-damage|p1a: Rillaboom|4/100 brn\n|\n|-weather|Snowscape|[upkeep]\n|-heal|p1a: Rillaboom|10/100 brn|[from] Grassy Terrain\n|-damage|p1a: Rillaboom|4/100 brn|[from] brn\n|upkeep\n|turn|4\n|j| Samurajen\n|\n|t:|1771242109\n|switch|p1a: Iron Crown|Iron Crown|100/100\n|-enditem|p1a: Iron Crown|Grassy Seed\n|-boost|p1a: Iron Crown|def|1|[from] item: Grassy Seed\n|move|p2a: Moltres|Roost|p2a: Moltres\n|-heal|p2a: Moltres|100/100\n|-singleturn|p2a: Moltres|move: Roost\n|\n|-weather|Snowscape|[upkeep]\n|upkeep\n|turn|5\n|\n|t:|1771242112\n|move|p1a: Iron Crown|Calm Mind|p1a: Iron Crown\n|-boost|p1a: Iron Crown|spa|1\n|-boost|p1a: Iron Crown|spd|1\n|move|p2a: Moltres|Roar|p1a: Iron Crown\n|-end|p1a: Iron Crown|Quark Drive|[silent]\n|drag|p1a: Rillaboom|Rillaboom, M, shiny|4/100 brn\n|\n|-weather|Snowscape|[upkeep]\n|-heal|p1a: Rillaboom|10/100 brn|[from] Grassy Terrain\n|-damage|p1a: Rillaboom|4/100 brn|[from] brn\n|-fieldend|move: Grassy Terrain\n|upkeep\n|turn|6\n|\n|t:|1771242117\n|switch|p1a: Heatran|Heatran, F|100/100\n|-item|p1a: Heatran|Air Balloon\n|move|p2a: Moltres|U-turn|p1a: Heatran\n|-resisted|p1a: Heatran\n|-damage|p1a: Heatran|97/100\n|-enditem|p1a: Heatran|Air Balloon\n|\n|t:|1771242121\n|switch|p2a: Excadrill|Excadrill, M|100/100|[from] U-turn\n|\n|-weather|none\n|upkeep\n|turn|7\n|\n|t:|1771242130\n|switch|p1a: Rillaboom|Rillaboom, M, shiny|4/100 brn\n|-fieldstart|move: Grassy Terrain|[from] ability: Grassy Surge|[of] p1a: Rillaboom\n|move|p2a: Excadrill|Substitute|p2a: Excadrill\n|-start|p2a: Excadrill|Substitute\n|-damage|p2a: Excadrill|76/100\n|\n|-heal|p1a: Rillaboom|10/100 brn|[from] Grassy Terrain\n|-heal|p2a: Excadrill|82/100|[from] Grassy Terrain\n|-heal|p2a: Excadrill|88/100|[from] item: Leftovers\n|-damage|p1a: Rillaboom|4/100 brn|[from] brn\n|upkeep\n|turn|8\n|\n|t:|1771242132\n|move|p1a: Rillaboom|Grassy Glide|p2a: Excadrill\n|-crit|p2a: Excadrill\n|-end|p2a: Excadrill|Substitute\n|move|p2a: Excadrill|Rapid Spin|p1a: Rillaboom\n|-damage|p1a: Rillaboom|0 fnt\n|-boost|p2a: Excadrill|spe|1\n|faint|p1a: Rillaboom\n|\n|-heal|p2a: Excadrill|94/100|[from] Grassy Terrain\n|-heal|p2a: Excadrill|99/100|[from] item: Leftovers\n|upkeep\n|\n|t:|1771242136\n|switch|p1a: Serperior|Serperior, M|100/100\n|turn|9\n|\n|t:|1771242140\n|switch|p2a: Slowking|Slowking-Galar, M|82/100\n|move|p1a: Serperior|Leaf Storm|p2a: Slowking\n|-resisted|p2a: Slowking\n|-damage|p2a: Slowking|59/100\n|-boost|p1a: Serperior|spa|2\n|\n|-heal|p2a: Slowking|65/100|[from] Grassy Terrain\n|upkeep\n|turn|10\n|\n|t:|1771242143\n|move|p1a: Serperior|Leaf Storm|p2a: Slowking\n|-resisted|p2a: Slowking\n|-damage|p2a: Slowking|16/100\n|-boost|p1a: Serperior|spa|2\n|move|p2a: Slowking|Sludge Bomb|p1a: Serperior\n|-supereffective|p1a: Serperior\n|-damage|p1a: Serperior|0 fnt\n|faint|p1a: Serperior\n|-damage|p2a: Slowking|6/100|[from] item: Life Orb\n|\n|-heal|p2a: Slowking|12/100|[from] Grassy Terrain\n|upkeep\n|\n|t:|1771242148\n|switch|p1a: Iron Crown|Iron Crown|100/100\n|turn|11\n|\n|t:|1771242154\n|move|p1a: Iron Crown|Calm Mind|p1a: Iron Crown\n|-boost|p1a: Iron Crown|spa|1\n|-boost|p1a: Iron Crown|spd|1\n|-prepare|p2a: Slowking|Chilly Reception|[premajor]\n|move|p2a: Slowking|Chilly Reception|p2a: Slowking\n|-weather|Snowscape\n|\n|t:|1771242156\n|switch|p2a: Moltres|Moltres|100/100|[from] Chilly Reception\n|\n|-weather|Snowscape|[upkeep]\n|-fieldend|move: Grassy Terrain\n|upkeep\n|turn|12\n|\n|t:|1771242159\n|move|p1a: Iron Crown|Stored Power|p2a: Moltres\n|-damage|p2a: Moltres|54/100\n|move|p2a: Moltres|Roar|p1a: Iron Crown\n|-end|p1a: Iron Crown|Quark Drive|[silent]\n|drag|p1a: Heatran|Heatran, F|97/100\n|\n|-weather|Snowscape|[upkeep]\n|upkeep\n|turn|13\n|\n|t:|1771242164\n|move|p2a: Moltres|Roost|p2a: Moltres\n|-heal|p2a: Moltres|100/100\n|-singleturn|p2a: Moltres|move: Roost\n|move|p1a: Heatran|Stealth Rock|p2a: Moltres\n|-sidestart|p2: dante1310|move: Stealth Rock\n|\n|-weather|Snowscape|[upkeep]\n|upkeep\n|turn|14\n|\n|t:|1771242169\n|move|p2a: Moltres|U-turn|p1a: Heatran\n|-resisted|p1a: Heatran\n|-damage|p1a: Heatran|95/100\n|\n|t:|1771242173\n|switch|p2a: Tyranitar|Tyranitar, F|100/100|[from] U-turn\n|-weather|Sandstorm|[from] ability: Sand Stream|[of] p2a: Tyranitar\n|move|p1a: Heatran|Will-O-Wisp|p2a: Tyranitar\n|-status|p2a: Tyranitar|brn\n|\n|-weather|Sandstorm|[upkeep]\n|-damage|p2a: Tyranitar|94/100 brn|[from] brn\n|upkeep\n|turn|15\n|\n|t:|1771242178\n|switch|p1a: Great Tusk|Great Tusk|100/100\n|-enditem|p1a: Great Tusk|Booster Energy\n|-activate|p1a: Great Tusk|ability: Protosynthesis|[fromitem]\n|-start|p1a: Great Tusk|protosynthesisspe\n|move|p2a: Tyranitar|Stealth Rock|p1a: Great Tusk\n|-sidestart|p1: hbgzd|move: Stealth Rock\n|\n|-weather|Sandstorm|[upkeep]\n|-damage|p2a: Tyranitar|88/100 brn|[from] brn\n|upkeep\n|turn|16\n|\n|t:|1771242185\n|move|p1a: Great Tusk|Rapid Spin|p2a: Tyranitar\n|-resisted|p2a: Tyranitar\n|-damage|p2a: Tyranitar|82/100 brn\n|-boost|p1a: Great Tusk|spe|1\n|-sideend|p1: hbgzd|Stealth Rock|[from] move: Rapid Spin|[of] p1a: Great Tusk\n|move|p2a: Tyranitar|Ice Beam|p1a: Great Tusk\n|-supereffective|p1a: Great Tusk\n|-damage|p1a: Great Tusk|51/100\n|\n|-weather|Sandstorm|[upkeep]\n|-damage|p2a: Tyranitar|76/100 brn|[from] brn\n|upkeep\n|turn|17\n|\n|t:|1771242191\n|switch|p2a: Hydrapple|Hydrapple, M|100/100\n|move|p1a: Great Tusk|Headlong Rush|p2a: Hydrapple\n|-resisted|p2a: Hydrapple\n|-damage|p2a: Hydrapple|87/100\n|-unboost|p1a: Great Tusk|def|1\n|-unboost|p1a: Great Tusk|spd|1\n|\n|-weather|Sandstorm|[upkeep]\n|-damage|p2a: Hydrapple|81/100|[from] Sandstorm\n|upkeep\n|turn|18\n|\n|t:|1771242196\n|-end|p1a: Great Tusk|Protosynthesis|[silent]\n|switch|p1a: Heatran|Heatran, F|95/100\n|move|p2a: Hydrapple|Giga Drain|p1a: Heatran\n|-resisted|p1a: Heatran\n|-damage|p1a: Heatran|90/100\n|-heal|p2a: Hydrapple|83/100|[from] drain|[of] p1a: Heatran\n|\n|-weather|none\n|upkeep\n|turn|19\n|\n|t:|1771242200\n|move|p1a: Heatran|Magma Storm|p2a: Hydrapple\n|-damage|p2a: Hydrapple|41/100\n|-activate|p2a: Hydrapple|move: Magma Storm|[of] p1a: Heatran\n|move|p2a: Hydrapple|Earth Power|p1a: Heatran\n|-supereffective|p1a: Heatran\n|-damage|p1a: Heatran|31/100\n|\n|-damage|p2a: Hydrapple|28/100|[from] move: Magma Storm|[partiallytrapped]\n|upkeep\n|turn|20\n|\n|t:|1771242205\n|move|p1a: Heatran|Heavy Slam|p2a: Hydrapple\n|-damage|p2a: Hydrapple|10/100\n|move|p2a: Hydrapple|Earth Power|p1a: Heatran\n|-supereffective|p1a: Heatran\n|-damage|p1a: Heatran|0 fnt\n|faint|p1a: Heatran\n|\n|-end|p2a: Hydrapple|Magma Storm|[partiallytrapped]|[silent]\n|upkeep\n|\n|t:|1771242209\n|switch|p1a: Iron Crown|Iron Crown|100/100\n|turn|21\n|\n|t:|1771242213\n|switch|p2a: Excadrill|Excadrill, M|99/100\n|-damage|p2a: Excadrill|97/100|[from] Stealth Rock\n|move|p1a: Iron Crown|Calm Mind|p1a: Iron Crown\n|-boost|p1a: Iron Crown|spa|1\n|-boost|p1a: Iron Crown|spd|1\n|\n|-heal|p2a: Excadrill|100/100|[from] item: Leftovers\n|upkeep\n|turn|22\n|\n|t:|1771242216\n|-terastallize|p2a: Excadrill|Ghost\n|move|p1a: Iron Crown|Focus Blast|p2a: Excadrill\n|-immune|p2a: Excadrill\n|move|p2a: Excadrill|Rapid Spin|p1a: Iron Crown\n|-resisted|p1a: Iron Crown\n|-damage|p1a: Iron Crown|91/100\n|-boost|p2a: Excadrill|spe|1\n|-sideend|p2: dante1310|Stealth Rock|[from] move: Rapid Spin|[of] p2a: Excadrill\n|\n|upkeep\n|turn|23\n|\n|t:|1771242221\n|-terastallize|p1a: Iron Crown|Fighting\n|move|p2a: Excadrill|Earthquake|p1a: Iron Crown\n|-damage|p1a: Iron Crown|37/100\n|move|p1a: Iron Crown|Agility|p1a: Iron Crown\n|-boost|p1a: Iron Crown|spe|2\n|\n|upkeep\n|turn|24\n|\n|t:|1771242223\n|move|p1a: Iron Crown|Stored Power|p2a: Excadrill\n|-damage|p2a: Excadrill|4/100\n|move|p2a: Excadrill|Earthquake|p1a: Iron Crown\n|-damage|p1a: Iron Crown|0 fnt\n|faint|p1a: Iron Crown\n|-end|p1a: Iron Crown|Quark Drive|[silent]\n|\n|-heal|p2a: Excadrill|10/100|[from] item: Leftovers\n|upkeep\n|\n|t:|1771242227\n|switch|p1a: Zamazenta|Zamazenta|100/100\n|-ability|p1a: Zamazenta|Dauntless Shield|boost\n|-boost|p1a: Zamazenta|def|1\n|turn|25\n|-message|hbgzd forfeited.\n|\n|win|dante1310\n|raw|hbgzd's rating: 1721 &rarr; <strong>1698</strong><br />(-23 for losing)\n|raw|dante1310's rating: 1668 &rarr; <strong>1691</strong><br />(+23 for winning)\n|l|☆hbgzd\n|player|p1|\n|c|☆dante1310|gg\n|l|☆dante1310\n|player|p2|\n", "uploadtime": 1771242487, "views": 10, "formatid": "gen9ou", "rating": 1691, "private": 0, "password": null}