{"id": "gen9ou-2647754066", "format": "[Gen 9] OU", "players": ["chrizrd1", "cozyprincemshroom"], "log": "|j|☆chrizrd1\n|j|☆cozyprincemshroom\n|t:|1783806900\n|gametype|singles\n|player|p1|chrizrd1|youngster-gen4dp|1142\n|player|p2|cozyprincemshroom|waiter|1121\n|gen|9\n|tier|[Gen 9] OU\n|rated|\n|rule|HP Percentage Mod: HP is shown in percentages\n|rule|Endless Battle Clause: Forcing endless battles is banned\n|rule|Species Clause: Limit one of each Pokémon\n|rule|OHKO Clause: OHKO moves are banned\n|rule|Evasion Items Clause: Evasion items are banned\n|rule|Evasion Moves Clause: Evasion moves are banned\n|rule|Evasion Abilities Clause: Evasion abilities are banned\n|rule|Sleep Moves Clause: Sleep-inducing moves are banned\n|clearpoke\n|poke|p1|Great Tusk|\n|poke|p1|Gholdengo|\n|poke|p1|Kingambit, F|\n|poke|p1|Dragapult, M|\n|poke|p1|Ogerpon-Wellspring, F|\n|poke|p1|Dragonite, F|\n|poke|p2|Meganium, M|\n|poke|p2|Pawmot, M|\n|poke|p2|Munkidori, M|\n|poke|p2|Inteleon, F|\n|poke|p2|Torkoal, M|\n|poke|p2|Lycanroc-Dusk, M|\n|teampreview\n|inactive|Battle timer is ON: inactive players will automatically lose when time's up. (requested by cozyprincemshroom)\n|\n|t:|1783806910\n|teamsize|p1|6\n|teamsize|p2|6\n|start\n|switch|p1a: Great Tusk|Great Tusk|100/100\n|switch|p2a: Munkidori|Munkidori, M|100/100\n|turn|1\n|\n|t:|1783806925\n|-terastallize|p1a: Great Tusk|Steel\n|move|p2a: Munkidori|Trick|p1a: Great Tusk\n|-activate|p2a: Munkidori|move: Trick|[of] p1a: Great Tusk\n|-item|p1a: Great Tusk|Choice Scarf|[from] move: Trick\n|-item|p2a: Munkidori|Leftovers|[from] move: Trick\n|move|p1a: Great Tusk|Stealth Rock|p2a: Munkidori\n|-sidestart|p2: cozyprincemshroom|move: Stealth Rock\n|\n|upkeep\n|turn|2\n|\n|t:|1783806938\n|-end|p1a: Great Tusk|Protosynthesis|[silent]\n|switch|p1a: Gholdengo|Gholdengo|100/100\n|-item|p1a: Gholdengo|Air Balloon\n|move|p2a: Munkidori|Psychic|p1a: Gholdengo\n|-resisted|p1a: Gholdengo\n|-damage|p1a: Gholdengo|75/100\n|-enditem|p1a: Gholdengo|Air Balloon\n|\n|upkeep\n|turn|3\n|\n|t:|1783806950\n|move|p2a: Munkidori|Psychic|p1a: Gholdengo\n|-resisted|p1a: Gholdengo\n|-damage|p1a: Gholdengo|48/100\n|move|p1a: Gholdengo|Make It Rain|p2a: Munkidori\n|-damage|p2a: Munkidori|26/100\n|-unboost|p1a: Gholdengo|spa|1\n|\n|-heal|p2a: Munkidori|32/100|[from] item: Leftovers\n|upkeep\n|turn|4\n|\n|t:|1783806962\n|move|p2a: Munkidori|Psychic|p1a: Gholdengo\n|-resisted|p1a: Gholdengo\n|-damage|p1a: Gholdengo|23/100\n|move|p1a: Gholdengo|Make It Rain|p2a: Munkidori\n|-damage|p2a: Munkidori|0 fnt\n|-unboost|p1a: Gholdengo|spa|1\n|faint|p2a: Munkidori\n|\n|upkeep\n|\n|t:|1783806972\n|switch|p2a: Pawmot|Pawmot, M|100/100\n|-damage|p2a: Pawmot|94/100|[from] Stealth Rock\n|turn|5\n|\n|t:|1783806994\n|move|p2a: Pawmot|Nuzzle|p1a: Gholdengo\n|-damage|p1a: Gholdengo|12/100\n|-status|p1a: Gholdengo|par\n|cant|p1a: Gholdengo|par\n|\n|upkeep\n|turn|6\n|\n|t:|1783807002\n|move|p2a: Pawmot|Fire Punch|p1a: Gholdengo\n|-supereffective|p1a: Gholdengo\n|-damage|p1a: Gholdengo|0 fnt\n|faint|p1a: Gholdengo\n|\n|upkeep\n|\n|t:|1783807020\n|switch|p1a: Dragapult|Dragapult, M|100/100\n|turn|7\n|\n|t:|1783807026\n|move|p1a: Dragapult|Shadow Ball|p2a: Pawmot\n|-damage|p2a: Pawmot|2/100\n|move|p2a: Pawmot|Nuzzle|p1a: Dragapult\n|-resisted|p1a: Dragapult\n|-damage|p1a: Dragapult|95/100\n|-status|p1a: Dragapult|par\n|\n|upkeep\n|turn|8\n|\n|t:|1783807035\n|move|p2a: Pawmot|Ice Punch|p1a: Dragapult\n|-supereffective|p1a: Dragapult\n|-crit|p1a: Dragapult\n|-damage|p1a: Dragapult|0 fnt\n|faint|p1a: Dragapult\n|\n|upkeep\n|\n|t:|1783807041\n|switch|p1a: Dragonite|Dragonite, F|100/100\n|turn|9\n|\n|t:|1783807048\n|move|p1a: Dragonite|Extreme Speed|p2a: Pawmot\n|-damage|p2a: Pawmot|0 fnt\n|faint|p2a: Pawmot\n|\n|upkeep\n|\n|t:|1783807053\n|switch|p2a: Torkoal|Torkoal, M|100/100\n|-weather|SunnyDay|[from] ability: Drought|[of] p2a: Torkoal\n|turn|10\n|\n|t:|1783807073\n|move|p1a: Dragonite|Dragon Dance|p1a: Dragonite\n|-boost|p1a: Dragonite|atk|1\n|-boost|p1a: Dragonite|spe|1\n|move|p2a: Torkoal|Will-O-Wisp|p1a: Dragonite\n|-status|p1a: Dragonite|brn\n|\n|-weather|SunnyDay|[upkeep]\n|-damage|p1a: Dragonite|94/100 brn|[from] brn\n|upkeep\n|turn|11\n|\n|t:|1783807083\n|move|p1a: Dragonite|Earthquake|p2a: Torkoal\n|-supereffective|p2a: Torkoal\n|-damage|p2a: Torkoal|59/100\n|move|p2a: Torkoal|Rapid Spin|p1a: Dragonite\n|-damage|p1a: Dragonite|84/100 brn\n|-boost|p2a: Torkoal|spe|1\n|-sideend|p2: cozyprincemshroom|Stealth Rock|[from] move: Rapid Spin|[of] p2a: Torkoal\n|\n|-weather|SunnyDay|[upkeep]\n|-damage|p1a: Dragonite|78/100 brn|[from] brn\n|upkeep\n|turn|12\n|\n|t:|1783807095\n|switch|p2a: Meganium|Meganium, M|100/100\n|move|p1a: Dragonite|Dragon Dance|p1a: Dragonite\n|-boost|p1a: Dragonite|atk|1\n|-boost|p1a: Dragonite|spe|1\n|\n|-weather|SunnyDay|[upkeep]\n|-damage|p1a: Dragonite|72/100 brn|[from] brn\n|upkeep\n|turn|13\n|\n|t:|1783807112\n|move|p1a: Dragonite|Extreme Speed|p2a: Meganium\n|-damage|p2a: Meganium|72/100\n|move|p2a: Meganium|Counter|p1a: Dragonite\n|-damage|p1a: Dragonite|7/100 brn\n|\n|-weather|SunnyDay|[upkeep]\n|-heal|p2a: Meganium|78/100|[from] item: Leftovers\n|-damage|p1a: Dragonite|0 fnt|[from] brn\n|faint|p1a: Dragonite\n|upkeep\n|inactive|chrizrd1 has 120 seconds left.\n|\n|t:|1783807128\n|switch|p1a: Ogerpon|Ogerpon-Wellspring, F|100/100\n|turn|14\n|inactive|chrizrd1 has 120 seconds left.\n|\n|t:|1783807137\n|move|p1a: Ogerpon|Swords Dance|p1a: Ogerpon\n|-boost|p1a: Ogerpon|atk|2\n|move|p2a: Meganium|Counter||[still]\n|-fail|p2a: Meganium\n|\n|-weather|none\n|-heal|p2a: Meganium|84/100|[from] item: Leftovers\n|upkeep\n|turn|15\n|\n|t:|1783807145\n|switch|p2a: Torkoal|Torkoal, M|59/100\n|-weather|SunnyDay|[from] ability: Drought|[of] p2a: Torkoal\n|move|p1a: Ogerpon|Swords Dance|p1a: Ogerpon\n|-boost|p1a: Ogerpon|atk|2\n|\n|-weather|SunnyDay|[upkeep]\n|upkeep\n|turn|16\n|\n|t:|1783807157\n|-terastallize|p2a: Torkoal|Grass\n|move|p1a: Ogerpon|Ivy Cudgel|p2a: Torkoal|[anim] Ivy Cudgel Water\n|-resisted|p2a: Torkoal\n|-damage|p2a: Torkoal|24/100\n|move|p2a: Torkoal|Will-O-Wisp|p1a: Ogerpon\n|-status|p1a: Ogerpon|brn\n|\n|-weather|SunnyDay|[upkeep]\n|-damage|p1a: Ogerpon|95/100 brn|[from] brn\n|upkeep\n|turn|17\n|\n|t:|1783807170\n|move|p1a: Ogerpon|Ivy Cudgel|p2a: Torkoal|[anim] Ivy Cudgel Water\n|-resisted|p2a: Torkoal\n|-damage|p2a: Torkoal|8/100\n|move|p2a: Torkoal|Flamethrower|p1a: Ogerpon\n|-damage|p1a: Ogerpon|44/100 brn\n|\n|-weather|SunnyDay|[upkeep]\n|-damage|p1a: Ogerpon|38/100 brn|[from] brn\n|upkeep\n|turn|18\n|\n|t:|1783807180\n|switch|p2a: Inteleon|Inteleon, F|100/100\n|move|p1a: Ogerpon|Ivy Cudgel|p2a: Inteleon|[anim] Ivy Cudgel Water\n|-resisted|p2a: Inteleon\n|-damage|p2a: Inteleon|66/100\n|\n|-weather|SunnyDay|[upkeep]\n|-damage|p1a: Ogerpon|32/100 brn|[from] brn\n|upkeep\n|turn|19\n|\n|t:|1783807192\n|move|p2a: Inteleon|Ice Beam|p1a: Ogerpon\n|-damage|p1a: Ogerpon|0 fnt\n|faint|p1a: Ogerpon\n|\n|-weather|none\n|upkeep\n|\n|t:|1783807199\n|switch|p1a: Great Tusk|Great Tusk, tera:Steel|100/100\n|turn|20\n|\n|t:|1783807204\n|move|p2a: Inteleon|Scald|p1a: Great Tusk\n|-damage|p1a: Great Tusk|43/100\n|-status|p1a: Great Tusk|brn\n|move|p1a: Great Tusk|Earthquake|p2a: Inteleon\n|-damage|p2a: Inteleon|31/100\n|\n|-damage|p1a: Great Tusk|37/100 brn|[from] brn\n|upkeep\n|turn|21\n|\n|t:|1783807215\n|move|p2a: Inteleon|Scald|p1a: Great Tusk\n|-damage|p1a: Great Tusk|0 fnt\n|faint|p1a: Great Tusk\n|-end|p1a: Great Tusk|Protosynthesis|[silent]\n|\n|upkeep\n|\n|t:|1783807220\n|switch|p1a: Kingambit|Kingambit, F|100/100\n|-activate|p1a: Kingambit|ability: Supreme Overlord\n|-start|p1a: Kingambit|fallen5|[silent]\n|turn|22\n|\n|t:|1783807232\n|move|p2a: Inteleon|Vacuum Wave|p1a: Kingambit\n|-supereffective|p1a: Kingambit\n|-damage|p1a: Kingambit|30/100\n|move|p1a: Kingambit|Iron Head|p2a: Inteleon\n|-resisted|p2a: Inteleon\n|-damage|p2a: Inteleon|0 fnt\n|faint|p2a: Inteleon\n|\n|upkeep\n|\n|t:|1783807240\n|switch|p2a: Lycanroc|Lycanroc-Dusk, M|100/100\n|turn|23\n|\n|t:|1783807244\n|move|p2a: Lycanroc|Accelerock|p1a: Kingambit\n|-resisted|p1a: Kingambit\n|-damage|p1a: Kingambit|17/100\n|-damage|p2a: Lycanroc|91/100|[from] item: Life Orb\n|move|p1a: Kingambit|Sucker Punch||[still]\n|-fail|p1a: Kingambit\n|\n|upkeep\n|turn|24\n|\n|t:|1783807255\n|move|p2a: Lycanroc|Accelerock|p1a: Kingambit\n|-resisted|p1a: Kingambit\n|-damage|p1a: Kingambit|3/100\n|-damage|p2a: Lycanroc|81/100|[from] item: Life Orb\n|move|p1a: Kingambit|Kowtow Cleave|p2a: Lycanroc\n|-crit|p2a: Lycanroc\n|-damage|p2a: Lycanroc|0 fnt\n|faint|p2a: Lycanroc\n|\n|upkeep\n|\n|t:|1783807267\n|switch|p2a: Meganium|Meganium, M|84/100\n|turn|25\n|\n|t:|1783807276\n|move|p1a: Kingambit|Kowtow Cleave|p2a: Meganium\n|-damage|p2a: Meganium|18/100\n|move|p2a: Meganium|Counter|p1a: Kingambit\n|-damage|p1a: Kingambit|0 fnt\n|faint|p1a: Kingambit\n|-end|p1a: Kingambit|fallen5|[silent]\n|\n|win|cozyprincemshroom\n|raw|chrizrd1's rating: 1142 &rarr; <strong>1115</strong><br />(-27 for losing)\n|raw|cozyprincemshroom's rating: 1121 &rarr; <strong>1148</strong><br />(+27 for winning)\n|l|☆chrizrd1\n|player|p1|\n|l|☆cozyprincemshroom\n|player|p2|\n", "uploadtime": 1783807577, "views": 4, "formatid": "gen9ou", "rating": 1115, "private": 0, "password": null}