{"id": "gen9ou-2640024250", "format": "[Gen 9] OU", "players": ["anislefrui", "LowEL0God"], "log": "|j|☆anislefrui\n|j|☆LowEL0God\n|t:|1782565738\n|gametype|singles\n|player|p1|anislefrui|red|1554\n|player|p2|LowEL0God|2|1617\n|gen|9\n|tier|[Gen 9] OU\n|rated|\n|rule|HP Percentage Mod: HP is shown in percentages\n|rule|Endless Battle Clause: Forcing endless battles is banned\n|rule|Species Clause: Limit one of each Pokémon\n|rule|OHKO Clause: OHKO moves are banned\n|rule|Evasion Items Clause: Evasion items are banned\n|rule|Evasion Moves Clause: Evasion moves are banned\n|rule|Evasion Abilities Clause: Evasion abilities are banned\n|rule|Sleep Moves Clause: Sleep-inducing moves are banned\n|clearpoke\n|poke|p1|Clodsire, M|\n|poke|p1|Sinistcha|\n|poke|p1|Skarmory, F|\n|poke|p1|Zapdos|\n|poke|p1|Ceruledge, F|\n|poke|p1|Conkeldurr, F|\n|poke|p2|Pelipper, M|\n|poke|p2|Torkoal, M|\n|poke|p2|Walking Wake|\n|poke|p2|Tyranitar, F|\n|poke|p2|Excadrill, M|\n|poke|p2|Ogerpon-Wellspring, F|\n|teampreview\n|inactive|Battle timer is ON: inactive players will automatically lose when time's up. (requested by anislefrui)\n|inactive|LowEL0God also wants the timer to be on.\n|\n|t:|1782565759\n|teamsize|p1|6\n|teamsize|p2|6\n|start\n|switch|p1a: ERASERHEAD|Conkeldurr, F|100/100\n|switch|p2a: Walking Wake|Walking Wake|100/100\n|turn|1\n|\n|t:|1782565763\n|move|p2a: Walking Wake|Draco Meteor|p1a: ERASERHEAD\n|-damage|p1a: ERASERHEAD|0 fnt\n|-unboost|p2a: Walking Wake|spa|2\n|faint|p1a: ERASERHEAD\n|\n|upkeep\n|\n|t:|1782565767\n|switch|p1a: BLUE VELVET|Clodsire, M, shiny|100/100\n|turn|2\n|\n|t:|1782565770\n|move|p2a: Walking Wake|Draco Meteor|p1a: BLUE VELVET\n|-damage|p1a: BLUE VELVET|75/100\n|-unboost|p2a: Walking Wake|spa|2\n|move|p1a: BLUE VELVET|Stealth Rock|p2a: Walking Wake\n|-sidestart|p2: LowEL0God|move: Stealth Rock\n|\n|-heal|p1a: BLUE VELVET|82/100|[from] item: Leftovers\n|upkeep\n|turn|3\n|\n|t:|1782565773\n|-end|p2a: Walking Wake|Protosynthesis|[silent]\n|switch|p2a: No Hazards for You|Excadrill, M, shiny|100/100\n|-damage|p2a: No Hazards for You|97/100|[from] Stealth Rock\n|move|p1a: BLUE VELVET|Earthquake|p2a: No Hazards for You\n|-supereffective|p2a: No Hazards for You\n|-damage|p2a: No Hazards for You|16/100\n|\n|-heal|p1a: BLUE VELVET|88/100|[from] item: Leftovers\n|upkeep\n|turn|4\n|\n|t:|1782565777\n|switch|p1a: WILD AT HEART|Sinistcha|100/100\n|move|p2a: No Hazards for You|Iron Head|p1a: WILD AT HEART\n|-damage|p1a: WILD AT HEART|48/100\n|\n|upkeep\n|turn|5\n|\n|t:|1782565783\n|switch|p1a: INLAND EMPIRE|Skarmory, F|100/100\n|move|p2a: No Hazards for You|Iron Head|p1a: INLAND EMPIRE\n|-resisted|p1a: INLAND EMPIRE\n|-damage|p1a: INLAND EMPIRE|77/100\n|\n|-heal|p1a: INLAND EMPIRE|83/100|[from] item: Leftovers\n|upkeep\n|turn|6\n|\n|t:|1782565787\n|switch|p1a: FIRE WALK WITH ME|Ceruledge, F|100/100\n|move|p2a: No Hazards for You|Iron Head|p1a: FIRE WALK WITH ME\n|-resisted|p1a: FIRE WALK WITH ME\n|-damage|p1a: FIRE WALK WITH ME|60/100\n|\n|upkeep\n|turn|7\n|\n|t:|1782565792\n|move|p1a: FIRE WALK WITH ME|Shadow Sneak|p2a: No Hazards for You\n|-crit|p2a: No Hazards for You\n|-damage|p2a: No Hazards for You|0 fnt\n|faint|p2a: No Hazards for You\n|\n|upkeep\n|\n|t:|1782565793\n|switch|p2a: Ogerpon|Ogerpon-Wellspring, F|100/100\n|-damage|p2a: Ogerpon|88/100|[from] Stealth Rock\n|turn|8\n|\n|t:|1782565801\n|switch|p1a: INLAND EMPIRE|Skarmory, F|83/100\n|move|p2a: Ogerpon|Swords Dance|p2a: Ogerpon\n|-boost|p2a: Ogerpon|atk|2\n|\n|-heal|p1a: INLAND EMPIRE|89/100|[from] item: Leftovers\n|upkeep\n|turn|9\n|\n|t:|1782565808\n|-terastallize|p2a: Ogerpon|Water\n|detailschange|p2a: Ogerpon|Ogerpon-Wellspring-Tera, F, tera:Water\n|-ability|p2a: Ogerpon|Embody Aspect (Wellspring)|boost\n|-boost|p2a: Ogerpon|spd|1\n|move|p2a: Ogerpon|Ivy Cudgel|p1a: INLAND EMPIRE|[anim] Ivy Cudgel Water\n|-damage|p1a: INLAND EMPIRE|0 fnt\n|faint|p1a: INLAND EMPIRE\n|\n|upkeep\n|\n|t:|1782565816\n|switch|p1a: WILD AT HEART|Sinistcha|48/100\n|turn|10\n|\n|t:|1782565820\n|move|p2a: Ogerpon|Ivy Cudgel|p1a: WILD AT HEART|[anim] Ivy Cudgel Water\n|-resisted|p1a: WILD AT HEART\n|-crit|p1a: WILD AT HEART\n|-damage|p1a: WILD AT HEART|0 fnt\n|faint|p1a: WILD AT HEART\n|\n|upkeep\n|\n|t:|1782565823\n|switch|p1a: LOST HIGHWAY|Zapdos|100/100\n|-ability|p1a: LOST HIGHWAY|Pressure\n|turn|11\n|\n|t:|1782565825\n|move|p2a: Ogerpon|Ivy Cudgel|p1a: LOST HIGHWAY|[anim] Ivy Cudgel Water\n|-crit|p1a: LOST HIGHWAY\n|-damage|p1a: LOST HIGHWAY|0 fnt\n|faint|p1a: LOST HIGHWAY\n|\n|upkeep\n|\n|t:|1782565829\n|switch|p1a: BLUE VELVET|Clodsire, M, shiny|88/100\n|turn|12\n|\n|t:|1782565831\n|move|p2a: Ogerpon|Horn Leech|p1a: BLUE VELVET\n|-damage|p1a: BLUE VELVET|0 fnt\n|-heal|p2a: Ogerpon|100/100|[from] drain|[of] p1a: BLUE VELVET\n|faint|p1a: BLUE VELVET\n|\n|upkeep\n|-message|anislefrui forfeited.\n|\n|win|LowEL0God\n|raw|anislefrui's rating: 1554 &rarr; <strong>1538</strong><br />(-16 for losing)\n|raw|LowEL0God's rating: 1617 &rarr; <strong>1633</strong><br />(+16 for winning)\n|l|☆anislefrui\n|player|p1|\n|l|☆LowEL0God\n|player|p2|\n", "uploadtime": 1782566084, "views": 10, "formatid": "gen9ou", "rating": 1538, "private": 0, "password": null}