{"id": "gen9ou-2639969883", "format": "[Gen 9] OU", "players": ["choispecs ironmoth", "hyp4roffender"], "log": "|j|☆choispecs ironmoth\n|j|☆hyp4roffender\n|t:|1782555018\n|gametype|singles\n|player|p1|choispecs ironmoth|steven|1680\n|player|p2|hyp4roffender|1|1657\n|gen|9\n|tier|[Gen 9] OU\n|rated|\n|rule|HP Percentage Mod: HP is shown in percentages\n|rule|Endless Battle Clause: Forcing endless battles is banned\n|rule|Species Clause: Limit one of each Pokémon\n|rule|OHKO Clause: OHKO moves are banned\n|rule|Evasion Items Clause: Evasion items are banned\n|rule|Evasion Moves Clause: Evasion moves are banned\n|rule|Evasion Abilities Clause: Evasion abilities are banned\n|rule|Sleep Moves Clause: Sleep-inducing moves are banned\n|clearpoke\n|poke|p1|Zamazenta-*|\n|poke|p1|Volcanion|\n|poke|p1|Ting-Lu|\n|poke|p1|Corviknight, F|\n|poke|p1|Hatterene, F|\n|poke|p1|Slowking-Galar, M|\n|poke|p2|Galvantula, M|\n|poke|p2|Zamazenta-*|\n|poke|p2|Gholdengo|\n|poke|p2|Enamorus, F|\n|poke|p2|Iron Treads|\n|poke|p2|Ogerpon-Wellspring, F|\n|teampreview\n|\n|t:|1782555028\n|teamsize|p1|6\n|teamsize|p2|6\n|start\n|switch|p1a: Ting-Lu|Ting-Lu|100/100\n|switch|p2a: Galvantula|Galvantula, M|100/100\n|-ability|p1a: Ting-Lu|Vessel of Ruin\n|turn|1\n|\n|t:|1782555031\n|switch|p1a: Hatterene|Hatterene, F|100/100\n|move|p2a: Galvantula|Sticky Web|p1a: Hatterene\n|move|p1a: Hatterene|Sticky Web|p2a: Galvantula|[from] ability: Magic Bounce\n|-sidestart|p2: hyp4roffender|move: Sticky Web\n|\n|upkeep\n|turn|2\n|\n|t:|1782555038\n|move|p2a: Galvantula|Thunder|p1a: Hatterene\n|-damage|p1a: Hatterene|55/100\n|move|p1a: Hatterene|Psychic Noise|p2a: Galvantula\n|-damage|p2a: Galvantula|37/100\n|-start|p2a: Galvantula|move: Heal Block\n|\n|upkeep\n|turn|3\n|\n|t:|1782555045\n|move|p2a: Galvantula|Thunder|p1a: Hatterene\n|-damage|p1a: Hatterene|8/100\n|move|p1a: Hatterene|Draining Kiss|p2a: Galvantula\n|-damage|p2a: Galvantula|0 fnt\n|-heal|p1a: Hatterene|33/100|[from] drain|[of] p2a: Galvantula\n|faint|p2a: Galvantula\n|\n|upkeep\n|\n|t:|1782555049\n|switch|p2a: Iron Treads|Iron Treads|100/100\n|-activate|p2a: Iron Treads|move: Sticky Web\n|-unboost|p2a: Iron Treads|spe|1\n|-enditem|p2a: Iron Treads|Booster Energy\n|-activate|p2a: Iron Treads|ability: Quark Drive|[fromitem]\n|-start|p2a: Iron Treads|quarkdriveatk\n|turn|4\n|\n|t:|1782555055\n|switch|p1a: Corviknight|Corviknight, F|100/100\n|-ability|p1a: Corviknight|Pressure\n|move|p2a: Iron Treads|Rapid Spin|p1a: Corviknight\n|-resisted|p1a: Corviknight\n|-damage|p1a: Corviknight|93/100\n|-boost|p2a: Iron Treads|spe|1\n|-damage|p2a: Iron Treads|84/100|[from] item: Rocky Helmet|[of] p1a: Corviknight\n|-sideend|p2: hyp4roffender|Sticky Web|[from] move: Rapid Spin|[of] p2a: Iron Treads\n|\n|upkeep\n|turn|5\n|\n|t:|1782555060\n|-end|p2a: Iron Treads|Quark Drive|[silent]\n|switch|p2a: Gholdengo|Gholdengo|100/100\n|-item|p2a: Gholdengo|Air Balloon\n|switch|p1a: Hatterene|Hatterene, F|33/100\n|\n|upkeep\n|turn|6\n|\n|t:|1782555064\n|switch|p1a: Ting-Lu|Ting-Lu|100/100\n|-ability|p1a: Ting-Lu|Vessel of Ruin\n|move|p2a: Gholdengo|Shadow Ball|p1a: Ting-Lu\n|-resisted|p1a: Ting-Lu\n|-damage|p1a: Ting-Lu|91/100\n|\n|-heal|p1a: Ting-Lu|97/100|[from] item: Leftovers\n|upkeep\n|turn|7\n|\n|t:|1782555071\n|move|p2a: Gholdengo|Nasty Plot|p2a: Gholdengo\n|-boost|p2a: Gholdengo|spa|2\n|move|p1a: Ting-Lu|Payback|p2a: Gholdengo\n|-supereffective|p2a: Gholdengo\n|-damage|p2a: Gholdengo|9/100\n|-enditem|p2a: Gholdengo|Air Balloon\n|\n|-heal|p1a: Ting-Lu|100/100|[from] item: Leftovers\n|upkeep\n|turn|8\n|\n|t:|1782555077\n|move|p2a: Gholdengo|Make It Rain|p1a: Ting-Lu\n|-damage|p1a: Ting-Lu|42/100\n|-unboost|p2a: Gholdengo|spa|1\n|move|p1a: Ting-Lu|Earthquake|p2a: Gholdengo\n|-supereffective|p2a: Gholdengo\n|-damage|p2a: Gholdengo|0 fnt\n|faint|p2a: Gholdengo\n|\n|-heal|p1a: Ting-Lu|48/100|[from] item: Leftovers\n|upkeep\n|\n|t:|1782555080\n|switch|p2a: Ogerpon|Ogerpon-Wellspring, F|100/100\n|turn|9\n|\n|t:|1782555084\n|switch|p1a: Zamazenta|Zamazenta|100/100\n|-ability|p1a: Zamazenta|Dauntless Shield|boost\n|-boost|p1a: Zamazenta|def|1\n|move|p2a: Ogerpon|Swords Dance|p2a: Ogerpon\n|-boost|p2a: Ogerpon|atk|2\n|\n|upkeep\n|turn|10\n|inactive|Battle timer is ON: inactive players will automatically lose when time's up. (requested by choispecs ironmoth)\n|\n|t:|1782555091\n|move|p1a: Zamazenta|Close Combat|p2a: Ogerpon\n|-damage|p2a: Ogerpon|0 fnt\n|-unboost|p1a: Zamazenta|def|1\n|-unboost|p1a: Zamazenta|spd|1\n|faint|p2a: Ogerpon\n|\n|upkeep\n|\n|t:|1782555096\n|switch|p2a: Zamazenta|Zamazenta|100/100\n|-ability|p2a: Zamazenta|Dauntless Shield|boost\n|-boost|p2a: Zamazenta|def|1\n|turn|11\n|\n|t:|1782555101\n|switch|p1a: Hatterene|Hatterene, F|33/100\n|move|p2a: Zamazenta|Reflect|p2a: Zamazenta\n|-sidestart|p2: hyp4roffender|Reflect\n|\n|upkeep\n|turn|12\n|\n|t:|1782555105\n|switch|p2a: Iron Treads|Iron Treads|84/100\n|move|p1a: Hatterene|Nuzzle|p2a: Iron Treads\n|-immune|p2a: Iron Treads\n|\n|upkeep\n|turn|13\n|\n|t:|1782555110\n|-end|p2a: Iron Treads|Quark Drive|[silent]\n|switch|p2a: Enamorus|Enamorus, F|100/100\n|switch|p1a: Corviknight|Corviknight, F|93/100\n|-ability|p1a: Corviknight|Pressure\n|\n|upkeep\n|turn|14\n|\n|t:|1782555113\n|switch|p1a: Slowking|Slowking-Galar, M|100/100\n|move|p2a: Enamorus|Substitute|p2a: Enamorus\n|-start|p2a: Enamorus|Substitute\n|-damage|p2a: Enamorus|76/100\n|\n|upkeep\n|turn|15\n|\n|t:|1782555116\n|move|p2a: Enamorus|Earth Power|p1a: Slowking\n|-supereffective|p1a: Slowking\n|-damage|p1a: Slowking|44/100\n|-damage|p2a: Enamorus|66/100|[from] item: Life Orb\n|move|p1a: Slowking|Sludge Bomb|p2a: Enamorus\n|-supereffective|p2a: Enamorus\n|-end|p2a: Enamorus|Substitute\n|\n|-heal|p1a: Slowking|50/100|[from] item: Black Sludge\n|upkeep\n|turn|16\n|\n|t:|1782555120\n|move|p2a: Enamorus|Draining Kiss|p1a: Slowking\n|-resisted|p1a: Slowking\n|-damage|p1a: Slowking|40/100\n|-heal|p2a: Enamorus|77/100|[from] drain|[of] p1a: Slowking\n|-damage|p2a: Enamorus|67/100|[from] item: Life Orb\n|move|p1a: Slowking|Sludge Bomb|p2a: Enamorus\n|-supereffective|p2a: Enamorus\n|-damage|p2a: Enamorus|0 fnt\n|faint|p2a: Enamorus\n|\n|-heal|p1a: Slowking|46/100|[from] item: Black Sludge\n|upkeep\n|-message|hyp4roffender forfeited.\n|\n|win|choispecs ironmoth\n|raw|choispecs ironmoth's rating: 1680 &rarr; <strong>1699</strong><br />(+19 for winning)\n|raw|hyp4roffender's rating: 1657 &rarr; <strong>1638</strong><br />(-19 for losing)\n|l|☆hyp4roffender\n|player|p2|\n", "uploadtime": 1782555361, "views": 7, "formatid": "gen9ou", "rating": 1638, "private": 0, "password": null}