{"id": "gen9ou-2647835797", "format": "[Gen 9] OU", "players": ["yankeesdiso24", "ikthoizzykil"], "log": "|j|☆yankeesdiso24\n|j|☆ikthoizzykil\n|t:|1783821124\n|gametype|singles\n|player|p1|yankeesdiso24|102|1456\n|player|p2|ikthoizzykil|pokemaniac-gen3rs|1386\n|gen|9\n|tier|[Gen 9] OU\n|rated|\n|rule|HP Percentage Mod: HP is shown in percentages\n|rule|Endless Battle Clause: Forcing endless battles is banned\n|rule|Species Clause: Limit one of each Pokémon\n|rule|OHKO Clause: OHKO moves are banned\n|rule|Evasion Items Clause: Evasion items are banned\n|rule|Evasion Moves Clause: Evasion moves are banned\n|rule|Evasion Abilities Clause: Evasion abilities are banned\n|rule|Sleep Moves Clause: Sleep-inducing moves are banned\n|clearpoke\n|poke|p1|Kingambit, F|\n|poke|p1|Gyarados, F|\n|poke|p1|Iron Valiant|\n|poke|p1|Kyurem|\n|poke|p1|Iron Treads|\n|poke|p1|Iron Crown|\n|poke|p2|Regidrago|\n|poke|p2|Slowking-Galar, M|\n|poke|p2|Great Tusk|\n|poke|p2|Ogerpon-Wellspring, F|\n|poke|p2|Kingambit, F|\n|poke|p2|Landorus-Therian, M|\n|teampreview\n|inactive|Battle timer is ON: inactive players will automatically lose when time's up. (requested by ikthoizzykil)\n|inactive|yankeesdiso24 also wants the timer to be on.\n|\n|t:|1783821143\n|teamsize|p1|6\n|teamsize|p2|6\n|start\n|switch|p1a: Gyarados|Gyarados, F|100/100\n|switch|p2a: Slowking|Slowking-Galar, M|100/100\n|turn|1\n|\n|t:|1783821156\n|move|p1a: Gyarados|Earthquake|p2a: Slowking\n|-supereffective|p2a: Slowking\n|-damage|p2a: Slowking|30/100\n|move|p2a: Slowking|Thunder Wave|p1a: Gyarados|[miss]\n|-miss|p2a: Slowking|p1a: Gyarados\n|\n|upkeep\n|turn|2\n|\n|t:|1783821161\n|switch|p2a: Landorus|Landorus-Therian, M|100/100\n|-ability|p2a: Landorus|Intimidate|boost\n|-unboost|p1a: Gyarados|atk|1\n|move|p1a: Gyarados|Earthquake|p2a: Landorus\n|-immune|p2a: Landorus\n|\n|upkeep\n|turn|3\n|\n|t:|1783821172\n|move|p2a: Landorus|U-turn|p1a: Gyarados\n|-resisted|p1a: Gyarados\n|-damage|p1a: Gyarados|85/100\n|\n|t:|1783821176\n|switch|p2a: Ogerpon|Ogerpon-Wellspring, F|100/100|[from] U-turn\n|move|p1a: Gyarados|Dragon Dance|p1a: Gyarados\n|-boost|p1a: Gyarados|atk|1\n|-boost|p1a: Gyarados|spe|1\n|\n|upkeep\n|turn|4\n|\n|t:|1783821183\n|move|p1a: Gyarados|Crunch|p2a: Ogerpon\n|-damage|p2a: Ogerpon|59/100\n|move|p2a: Ogerpon|Power Whip|p1a: Gyarados\n|-damage|p1a: Gyarados|0 fnt\n|faint|p1a: Gyarados\n|\n|upkeep\n|\n|t:|1783821198\n|switch|p1a: Iron Valiant|Iron Valiant|100/100\n|-enditem|p1a: Iron Valiant|Booster Energy\n|-activate|p1a: Iron Valiant|ability: Quark Drive|[fromitem]\n|-start|p1a: Iron Valiant|quarkdrivespe\n|turn|5\n|\n|t:|1783821218\n|switch|p2a: Slowking|Slowking-Galar, M|64/100\n|move|p1a: Iron Valiant|Moonblast|p2a: Slowking\n|-resisted|p2a: Slowking\n|-damage|p2a: Slowking|47/100\n|\n|upkeep\n|turn|6\n|inactive|ikthoizzykil has 120 seconds left.\n|\n|t:|1783821242\n|switch|p2a: Kingambit|Kingambit, F|100/100\n|-terastallize|p1a: Iron Valiant|Ghost\n|move|p1a: Iron Valiant|Shadow Ball|p2a: Kingambit\n|-resisted|p2a: Kingambit\n|-damage|p2a: Kingambit|80/100\n|\n|-heal|p2a: Kingambit|86/100|[from] item: Leftovers\n|upkeep\n|turn|7\n|\n|t:|1783821249\n|move|p2a: Kingambit|Sucker Punch|p1a: Iron Valiant\n|-supereffective|p1a: Iron Valiant\n|-damage|p1a: Iron Valiant|2/100\n|move|p1a: Iron Valiant|Focus Blast|p2a: Kingambit\n|-supereffective|p2a: Kingambit\n|-damage|p2a: Kingambit|0 fnt\n|faint|p2a: Kingambit\n|-end|p2a: Kingambit|fallenundefined|[silent]\n|\n|upkeep\n|inactive|ikthoizzykil has 120 seconds left.\n|\n|t:|1783821265\n|switch|p2a: Landorus|Landorus-Therian, M|100/100\n|-ability|p2a: Landorus|Intimidate|boost\n|-unboost|p1a: Iron Valiant|atk|1\n|turn|8\n|\n|t:|1783821269\n|move|p1a: Iron Valiant|Moonblast|p2a: Landorus\n|-crit|p2a: Landorus\n|-damage|p2a: Landorus|7/100\n|-unboost|p2a: Landorus|spa|1\n|move|p2a: Landorus|U-turn|p1a: Iron Valiant\n|-resisted|p1a: Iron Valiant\n|-damage|p1a: Iron Valiant|0 fnt\n|faint|p1a: Iron Valiant\n|-end|p1a: Iron Valiant|Quark Drive|[silent]\n|inactive|ikthoizzykil has 120 seconds left.\n|\n|t:|1783821280\n|switch|p2a: Slowking|Slowking-Galar, M|80/100|[from] U-turn\n|\n|upkeep\n|\n|t:|1783821285\n|switch|p1a: Kyurem|Kyurem|100/100\n|-ability|p1a: Kyurem|Pressure\n|turn|9\n|\n|t:|1783821294\n|move|p1a: Kyurem|Scale Shot|p2a: Slowking\n|-crit|p2a: Slowking\n|-damage|p2a: Slowking|63/100\n|-damage|p2a: Slowking|51/100\n|-damage|p2a: Slowking|39/100\n|-damage|p2a: Slowking|28/100\n|-hitcount|p2a: Slowking|4\n|-unboost|p1a: Kyurem|def|1\n|-boost|p1a: Kyurem|spe|1\n|move|p2a: Slowking|Thunder Wave|p1a: Kyurem\n|-status|p1a: Kyurem|par\n|\n|upkeep\n|turn|10\n|\n|t:|1783821313\n|move|p1a: Kyurem|Scale Shot|p2a: Slowking\n|-damage|p2a: Slowking|16/100\n|-damage|p2a: Slowking|5/100\n|-damage|p2a: Slowking|0 fnt\n|faint|p2a: Slowking\n|-hitcount|p2: Slowking|3\n|-unboost|p1a: Kyurem|def|1\n|-boost|p1a: Kyurem|spe|1\n|\n|upkeep\n|inactive|ikthoizzykil has 120 seconds left.\n|\n|t:|1783821340\n|switch|p2a: Ogerpon|Ogerpon-Wellspring, F|59/100\n|turn|11\n|\n|t:|1783821349\n|move|p2a: Ogerpon|Knock Off|p1a: Kyurem\n|-damage|p1a: Kyurem|32/100 par\n|-enditem|p1a: Kyurem|Loaded Dice|[from] move: Knock Off|[of] p2a: Ogerpon\n|move|p1a: Kyurem|Icicle Spear|p2a: Ogerpon\n|-damage|p2a: Ogerpon|42/100\n|-damage|p2a: Ogerpon|26/100\n|-damage|p2a: Ogerpon|10/100\n|-hitcount|p2a: Ogerpon|3\n|\n|upkeep\n|turn|12\n|inactive|ikthoizzykil has 120 seconds left.\n|\n|t:|1783821357\n|move|p2a: Ogerpon|Ivy Cudgel|p1a: Kyurem|[anim] Ivy Cudgel Water\n|-resisted|p1a: Kyurem\n|-damage|p1a: Kyurem|0 fnt\n|faint|p1a: Kyurem\n|\n|upkeep\n|\n|t:|1783821361\n|switch|p1a: Iron Treads|Iron Treads|100/100\n|-enditem|p1a: Iron Treads|Booster Energy\n|-activate|p1a: Iron Treads|ability: Quark Drive|[fromitem]\n|-start|p1a: Iron Treads|quarkdrivespe\n|turn|13\n|\n|t:|1783821371\n|switch|p2a: Landorus|Landorus-Therian, M|7/100\n|-ability|p2a: Landorus|Intimidate|boost\n|-unboost|p1a: Iron Treads|atk|1\n|move|p1a: Iron Treads|Rapid Spin|p2a: Landorus\n|-damage|p2a: Landorus|0 fnt\n|-boost|p1a: Iron Treads|spe|1\n|faint|p2a: Landorus\n|\n|upkeep\n|\n|t:|1783821374\n|switch|p2a: Great Tusk|Great Tusk|100/100\n|turn|14\n|\n|t:|1783821380\n|move|p1a: Iron Treads|Earthquake|p2a: Great Tusk\n|-damage|p2a: Great Tusk|84/100\n|move|p2a: Great Tusk|Bulk Up|p2a: Great Tusk\n|-boost|p2a: Great Tusk|atk|1\n|-boost|p2a: Great Tusk|def|1\n|\n|-heal|p2a: Great Tusk|91/100|[from] item: Leftovers\n|upkeep\n|turn|15\n|\n|t:|1783821390\n|move|p1a: Iron Treads|Stealth Rock|p2a: Great Tusk\n|-sidestart|p2: ikthoizzykil|move: Stealth Rock\n|move|p2a: Great Tusk|Rapid Spin|p1a: Iron Treads\n|-resisted|p1a: Iron Treads\n|-damage|p1a: Iron Treads|93/100\n|-boost|p2a: Great Tusk|spe|1\n|-sideend|p2: ikthoizzykil|Stealth Rock|[from] move: Rapid Spin|[of] p2a: Great Tusk\n|\n|-heal|p2a: Great Tusk|97/100|[from] item: Leftovers\n|upkeep\n|turn|16\n|\n|t:|1783821398\n|-end|p1a: Iron Treads|Quark Drive|[silent]\n|switch|p1a: Iron Crown|Iron Crown|100/100\n|-enditem|p1a: Iron Crown|Booster Energy\n|-activate|p1a: Iron Crown|ability: Quark Drive|[fromitem]\n|-start|p1a: Iron Crown|quarkdrivespe\n|move|p2a: Great Tusk|Rapid Spin|p1a: Iron Crown\n|-resisted|p1a: Iron Crown\n|-damage|p1a: Iron Crown|89/100\n|-boost|p2a: Great Tusk|spe|1\n|\n|-heal|p2a: Great Tusk|100/100|[from] item: Leftovers\n|upkeep\n|turn|17\n|\n|t:|1783821404\n|move|p2a: Great Tusk|Headlong Rush|p1a: Iron Crown\n|-supereffective|p1a: Iron Crown\n|-crit|p1a: Iron Crown\n|-damage|p1a: Iron Crown|0 fnt\n|-unboost|p2a: Great Tusk|def|1\n|-unboost|p2a: Great Tusk|spd|1\n|faint|p1a: Iron Crown\n|-end|p1a: Iron Crown|Quark Drive|[silent]\n|\n|upkeep\n|\n|t:|1783821407\n|switch|p1a: Kingambit|Kingambit, F|100/100\n|-activate|p1a: Kingambit|ability: Supreme Overlord\n|-start|p1a: Kingambit|fallen4|[silent]\n|turn|18\n|\n|t:|1783821413\n|move|p2a: Great Tusk|Headlong Rush|p1a: Kingambit\n|-supereffective|p1a: Kingambit\n|-damage|p1a: Kingambit|0 fnt\n|-unboost|p2a: Great Tusk|def|1\n|-unboost|p2a: Great Tusk|spd|1\n|faint|p1a: Kingambit\n|-end|p1a: Kingambit|fallen4|[silent]\n|\n|upkeep\n|\n|t:|1783821416\n|switch|p1a: Iron Treads|Iron Treads|93/100\n|turn|19\n|\n|t:|1783821417\n|move|p2a: Great Tusk|Bulk Up|p2a: Great Tusk\n|-boost|p2a: Great Tusk|atk|1\n|-boost|p2a: Great Tusk|def|1\n|move|p1a: Iron Treads|Earthquake|p2a: Great Tusk\n|-damage|p2a: Great Tusk|77/100\n|\n|-heal|p2a: Great Tusk|83/100|[from] item: Leftovers\n|upkeep\n|turn|20\n|\n|t:|1783821421\n|move|p2a: Great Tusk|Bulk Up|p2a: Great Tusk\n|-boost|p2a: Great Tusk|atk|1\n|-boost|p2a: Great Tusk|def|1\n|move|p1a: Iron Treads|Earthquake|p2a: Great Tusk\n|-damage|p2a: Great Tusk|67/100\n|\n|-heal|p2a: Great Tusk|73/100|[from] item: Leftovers\n|upkeep\n|turn|21\n|\n|t:|1783821423\n|move|p2a: Great Tusk|Headlong Rush|p1a: Iron Treads\n|-supereffective|p1a: Iron Treads\n|-damage|p1a: Iron Treads|0 fnt\n|-unboost|p2a: Great Tusk|def|1\n|-unboost|p2a: Great Tusk|spd|1\n|faint|p1a: Iron Treads\n|-end|p1a: Iron Treads|Quark Drive|[silent]\n|\n|win|ikthoizzykil\n|raw|yankeesdiso24's rating: 1456 &rarr; <strong>1432</strong><br />(-24 for losing)\n|raw|ikthoizzykil's rating: 1386 &rarr; <strong>1410</strong><br />(+24 for winning)\n|l|☆yankeesdiso24\n|player|p1|\n", "uploadtime": 1783821425, "views": 15, "formatid": "gen9ou", "rating": 1410, "private": 0, "password": null}