{"id": "gen9ou-2540909424", "format": "[Gen 9] OU", "players": ["glass bugle", "SlimyTime"], "log": "|j|☆glass bugle\n|j|☆SlimyTime\n|t:|1771266194\n|gametype|singles\n|player|p1|glass bugle|swimmer-gen4dp|1553\n|player|p2|SlimyTime|ltsurge|1582\n|gen|9\n|tier|[Gen 9] OU\n|rated|\n|rule|HP Percentage Mod: HP is shown in percentages\n|rule|Endless Battle Clause: Forcing endless battles is banned\n|rule|Species Clause: Limit one of each Pokémon\n|rule|OHKO Clause: OHKO moves are banned\n|rule|Evasion Items Clause: Evasion items are banned\n|rule|Evasion Moves Clause: Evasion moves are banned\n|rule|Evasion Abilities Clause: Evasion abilities are banned\n|rule|Sleep Moves Clause: Sleep-inducing moves are banned\n|clearpoke\n|poke|p1|Bronzong|\n|poke|p1|Clodsire, M|\n|poke|p1|Gholdengo|\n|poke|p1|Pecharunt|\n|poke|p1|Chesnaught, F|\n|poke|p1|Weavile, F|\n|poke|p2|Ogerpon-Wellspring, F|\n|poke|p2|Zamazenta-*|\n|poke|p2|Iron Treads|\n|poke|p2|Pecharunt|\n|poke|p2|Samurott-Hisui, M|\n|poke|p2|Hatterene, F|\n|teampreview\n|\n|t:|1771266201\n|teamsize|p1|6\n|teamsize|p2|6\n|start\n|switch|p1a: Chesnaught|Chesnaught, F|100/100\n|switch|p2a: Samurott|Samurott-Hisui, M|100/100\n|turn|1\n|\n|t:|1771266204\n|switch|p2a: Hatterene|Hatterene, F|100/100\n|move|p1a: Chesnaught|Knock Off|p2a: Hatterene\n|-damage|p2a: Hatterene|73/100\n|-enditem|p2a: Hatterene|Assault Vest|[from] move: Knock Off|[of] p1a: Chesnaught\n|\n|upkeep\n|turn|2\n|\n|t:|1771266208\n|switch|p1a: Bronzong|Bronzong|100/100\n|move|p2a: Hatterene|Psychic Noise|p1a: Bronzong\n|-resisted|p1a: Bronzong\n|-damage|p1a: Bronzong|93/100\n|-start|p1a: Bronzong|move: Heal Block\n|\n|upkeep\n|turn|3\n|\n|t:|1771266211\n|switch|p2a: Samurott|Samurott-Hisui, M|100/100\n|move|p1a: Bronzong|Stealth Rock|p2a: Samurott\n|-sidestart|p2: SlimyTime|move: Stealth Rock\n|\n|-end|p1a: Bronzong|move: Heal Block\n|upkeep\n|turn|4\n|\n|t:|1771266213\n|switch|p1a: Chesnaught|Chesnaught, F|100/100\n|move|p2a: Samurott|Ceaseless Edge|p1a: Chesnaught\n|-resisted|p1a: Chesnaught\n|-damage|p1a: Chesnaught|87/100\n|-damage|p2a: Samurott|84/100|[from] item: Rocky Helmet|[of] p1a: Chesnaught\n|-sidestart|p1: glass bugle|Spikes\n|\n|upkeep\n|turn|5\n|\n|t:|1771266217\n|switch|p2a: Pecharunt|Pecharunt|100/100\n|move|p1a: Chesnaught|Knock Off|p2a: Pecharunt\n|-supereffective|p2a: Pecharunt\n|-damage|p2a: Pecharunt|76/100\n|-enditem|p2a: Pecharunt|Heavy-Duty Boots|[from] move: Knock Off|[of] p1a: Chesnaught\n|\n|upkeep\n|turn|6\n|\n|t:|1771266221\n|switch|p1a: Gholdengo|Gholdengo|100/100\n|-item|p1a: Gholdengo|Air Balloon\n|move|p2a: Pecharunt|Shadow Ball|p1a: Gholdengo\n|-supereffective|p1a: Gholdengo\n|-damage|p1a: Gholdengo|53/100\n|-enditem|p1a: Gholdengo|Air Balloon\n|\n|upkeep\n|turn|7\n|\n|t:|1771266227\n|switch|p2a: Samurott|Samurott-Hisui, M|84/100\n|move|p1a: Gholdengo|Make It Rain|p2a: Samurott\n|-resisted|p2a: Samurott\n|-damage|p2a: Samurott|28/100\n|-unboost|p1a: Gholdengo|spa|1\n|\n|upkeep\n|turn|8\n|\n|t:|1771266229\n|switch|p1a: Chesnaught|Chesnaught, F|87/100\n|-damage|p1a: Chesnaught|74/100|[from] Spikes\n|move|p2a: Samurott|Knock Off|p1a: Chesnaught\n|-resisted|p1a: Chesnaught\n|-damage|p1a: Chesnaught|61/100\n|-damage|p2a: Samurott|11/100|[from] item: Rocky Helmet|[of] p1a: Chesnaught\n|-enditem|p1a: Chesnaught|Rocky Helmet|[from] move: Knock Off|[of] p2a: Samurott\n|\n|upkeep\n|turn|9\n|\n|t:|1771266233\n|move|p2a: Samurott|Flip Turn|p1a: Chesnaught\n|-resisted|p1a: Chesnaught\n|-damage|p1a: Chesnaught|53/100\n|\n|t:|1771266235\n|switch|p2a: Pecharunt|Pecharunt|76/100|[from] Flip Turn\n|-damage|p2a: Pecharunt|63/100|[from] Stealth Rock\n|move|p1a: Chesnaught|Synthesis|p1a: Chesnaught\n|-heal|p1a: Chesnaught|100/100\n|\n|upkeep\n|turn|10\n|\n|t:|1771266239\n|switch|p1a: Gholdengo|Gholdengo|53/100\n|-damage|p1a: Gholdengo|40/100|[from] Spikes\n|move|p2a: Pecharunt|Parting Shot|p1a: Gholdengo\n|-immune|p1a: Gholdengo|[from] ability: Good as Gold\n|\n|upkeep\n|turn|11\n|\n|t:|1771266242\n|switch|p2a: Iron Treads|Iron Treads|100/100\n|-damage|p2a: Iron Treads|97/100|[from] Stealth Rock\n|move|p1a: Gholdengo|Recover|p1a: Gholdengo\n|-heal|p1a: Gholdengo|90/100\n|\n|-heal|p2a: Iron Treads|100/100|[from] item: Leftovers\n|upkeep\n|turn|12\n|\n|t:|1771266250\n|switch|p1a: Bronzong|Bronzong|93/100\n|move|p2a: Iron Treads|Stealth Rock|p1a: Bronzong\n|-sidestart|p1: glass bugle|move: Stealth Rock\n|\n|-heal|p1a: Bronzong|99/100|[from] item: Leftovers\n|upkeep\n|turn|13\n|\n|t:|1771266255\n|move|p2a: Iron Treads|Knock Off|p1a: Bronzong\n|-supereffective|p1a: Bronzong\n|-damage|p1a: Bronzong|40/100\n|-enditem|p1a: Bronzong|Leftovers|[from] move: Knock Off|[of] p2a: Iron Treads\n|move|p1a: Bronzong|Earthquake|p2a: Iron Treads\n|-supereffective|p2a: Iron Treads\n|-damage|p2a: Iron Treads|61/100\n|\n|-heal|p2a: Iron Treads|67/100|[from] item: Leftovers\n|upkeep\n|turn|14\n|\n|t:|1771266262\n|switch|p1a: Pecharunt|Pecharunt|100/100\n|move|p2a: Iron Treads|Rapid Spin|p1a: Pecharunt\n|-immune|p1a: Pecharunt\n|\n|-heal|p2a: Iron Treads|74/100|[from] item: Leftovers\n|upkeep\n|turn|15\n|\n|t:|1771266265\n|move|p2a: Iron Treads|Knock Off|p1a: Pecharunt\n|-supereffective|p1a: Pecharunt\n|-damage|p1a: Pecharunt|73/100\n|-enditem|p1a: Pecharunt|Heavy-Duty Boots|[from] move: Knock Off|[of] p2a: Iron Treads\n|move|p1a: Pecharunt|Foul Play|p2a: Iron Treads\n|-damage|p2a: Iron Treads|48/100\n|\n|-heal|p2a: Iron Treads|55/100|[from] item: Leftovers\n|upkeep\n|turn|16\n|\n|t:|1771266269\n|move|p2a: Iron Treads|Earthquake|p1a: Pecharunt\n|-supereffective|p1a: Pecharunt\n|-damage|p1a: Pecharunt|30/100\n|move|p1a: Pecharunt|Recover|p1a: Pecharunt\n|-heal|p1a: Pecharunt|80/100\n|\n|-heal|p2a: Iron Treads|61/100|[from] item: Leftovers\n|upkeep\n|turn|17\n|\n|t:|1771266271\n|move|p2a: Iron Treads|Earthquake|p1a: Pecharunt\n|-supereffective|p1a: Pecharunt\n|-damage|p1a: Pecharunt|37/100\n|move|p1a: Pecharunt|Foul Play|p2a: Iron Treads\n|-damage|p2a: Iron Treads|35/100\n|\n|-heal|p2a: Iron Treads|41/100|[from] item: Leftovers\n|upkeep\n|turn|18\n|\n|t:|1771266277\n|move|p2a: Iron Treads|Earthquake|p1a: Pecharunt\n|-supereffective|p1a: Pecharunt\n|-damage|p1a: Pecharunt|0 fnt\n|faint|p1a: Pecharunt\n|\n|-heal|p2a: Iron Treads|48/100|[from] item: Leftovers\n|upkeep\n|\n|t:|1771266278\n|switch|p1a: Weavile|Weavile, F|100/100\n|-ability|p1a: Weavile|Pressure\n|turn|19\n|\n|t:|1771266281\n|-end|p2a: Iron Treads|Quark Drive|[silent]\n|switch|p2a: Zamazenta|Zamazenta|100/100\n|-damage|p2a: Zamazenta|94/100|[from] Stealth Rock\n|-ability|p2a: Zamazenta|Dauntless Shield|boost\n|-boost|p2a: Zamazenta|def|1\n|move|p1a: Weavile|Triple Axel|p2a: Zamazenta\n|-damage|p2a: Zamazenta|90/100\n|-damage|p2a: Zamazenta|80/100\n|-damage|p2a: Zamazenta|66/100\n|-hitcount|p2a: Zamazenta|3\n|\n|-heal|p2a: Zamazenta|72/100|[from] item: Leftovers\n|upkeep\n|turn|20\n|\n|t:|1771266289\n|switch|p1a: Gholdengo|Gholdengo|90/100\n|-damage|p1a: Gholdengo|78/100|[from] Spikes\n|-damage|p1a: Gholdengo|72/100|[from] Stealth Rock\n|move|p2a: Zamazenta|Crunch|p1a: Gholdengo\n|-supereffective|p1a: Gholdengo\n|-crit|p1a: Gholdengo\n|-damage|p1a: Gholdengo|3/100\n|\n|-heal|p2a: Zamazenta|78/100|[from] item: Leftovers\n|upkeep\n|turn|21\n|\n|t:|1771266293\n|move|p2a: Zamazenta|Crunch|p1a: Gholdengo\n|-supereffective|p1a: Gholdengo\n|-damage|p1a: Gholdengo|0 fnt\n|faint|p1a: Gholdengo\n|\n|-heal|p2a: Zamazenta|84/100|[from] item: Leftovers\n|upkeep\n|\n|t:|1771266294\n|switch|p1a: Chesnaught|Chesnaught, F|100/100\n|-damage|p1a: Chesnaught|88/100|[from] Spikes\n|-damage|p1a: Chesnaught|82/100|[from] Stealth Rock\n|turn|22\n|\n|t:|1771266297\n|move|p2a: Zamazenta|Substitute|p2a: Zamazenta\n|-start|p2a: Zamazenta|Substitute\n|-damage|p2a: Zamazenta|60/100\n|move|p1a: Chesnaught|Iron Defense|p1a: Chesnaught\n|-boost|p1a: Chesnaught|def|2\n|\n|-heal|p2a: Zamazenta|66/100|[from] item: Leftovers\n|upkeep\n|turn|23\n|\n|t:|1771266299\n|move|p2a: Zamazenta|Iron Defense|p2a: Zamazenta\n|-boost|p2a: Zamazenta|def|2\n|move|p1a: Chesnaught|Body Press|p2a: Zamazenta\n|-end|p2a: Zamazenta|Substitute\n|\n|-heal|p2a: Zamazenta|72/100|[from] item: Leftovers\n|upkeep\n|turn|24\n|\n|t:|1771266301\n|move|p2a: Zamazenta|Iron Defense|p2a: Zamazenta\n|-boost|p2a: Zamazenta|def|2\n|move|p1a: Chesnaught|Body Press|p2a: Zamazenta\n|-damage|p2a: Zamazenta|52/100\n|\n|-heal|p2a: Zamazenta|58/100|[from] item: Leftovers\n|upkeep\n|turn|25\n|\n|t:|1771266303\n|move|p2a: Zamazenta|Iron Defense|p2a: Zamazenta\n|-boost|p2a: Zamazenta|def|1\n|move|p1a: Chesnaught|Iron Defense|p1a: Chesnaught\n|-boost|p1a: Chesnaught|def|2\n|\n|-heal|p2a: Zamazenta|64/100|[from] item: Leftovers\n|upkeep\n|turn|26\n|\n|t:|1771266305\n|move|p2a: Zamazenta|Body Press|p1a: Chesnaught\n|-damage|p1a: Chesnaught|52/100\n|move|p1a: Chesnaught|Iron Defense|p1a: Chesnaught\n|-boost|p1a: Chesnaught|def|2\n|\n|-heal|p2a: Zamazenta|71/100|[from] item: Leftovers\n|upkeep\n|turn|27\n|\n|t:|1771266309\n|move|p2a: Zamazenta|Body Press|p1a: Chesnaught\n|-damage|p1a: Chesnaught|31/100\n|move|p1a: Chesnaught|Body Press|p2a: Zamazenta\n|-damage|p2a: Zamazenta|38/100\n|\n|-heal|p2a: Zamazenta|44/100|[from] item: Leftovers\n|upkeep\n|turn|28\n|\n|t:|1771266312\n|move|p2a: Zamazenta|Body Press|p1a: Chesnaught\n|-damage|p1a: Chesnaught|11/100\n|move|p1a: Chesnaught|Synthesis|p1a: Chesnaught\n|-heal|p1a: Chesnaught|61/100\n|\n|-heal|p2a: Zamazenta|50/100|[from] item: Leftovers\n|upkeep\n|turn|29\n|\n|t:|1771266317\n|switch|p2a: Hatterene|Hatterene, F|73/100\n|-damage|p2a: Hatterene|61/100|[from] Stealth Rock\n|move|p1a: Chesnaught|Synthesis|p1a: Chesnaught\n|-heal|p1a: Chesnaught|100/100\n|\n|upkeep\n|turn|30\n|\n|t:|1771266319\n|-terastallize|p1a: Chesnaught|Fire\n|move|p1a: Chesnaught|Body Press|p2a: Hatterene\n|-resisted|p2a: Hatterene\n|-damage|p2a: Hatterene|9/100\n|move|p2a: Hatterene|Draining Kiss|p1a: Chesnaught\n|-resisted|p1a: Chesnaught\n|-damage|p1a: Chesnaught|86/100\n|-heal|p2a: Hatterene|22/100|[from] drain|[of] p1a: Chesnaught\n|\n|upkeep\n|turn|31\n|\n|t:|1771266323\n|move|p1a: Chesnaught|Body Press|p2a: Hatterene\n|-resisted|p2a: Hatterene\n|-damage|p2a: Hatterene|0 fnt\n|faint|p2a: Hatterene\n|\n|upkeep\n|\n|t:|1771266325\n|switch|p2a: Pecharunt|Pecharunt|63/100\n|-damage|p2a: Pecharunt|51/100|[from] Stealth Rock\n|turn|32\n|\n|t:|1771266327\n|move|p2a: Pecharunt|Recover|p2a: Pecharunt\n|-heal|p2a: Pecharunt|100/100\n|move|p1a: Chesnaught|Knock Off|p2a: Pecharunt\n|-supereffective|p2a: Pecharunt\n|-damage|p2a: Pecharunt|84/100\n|\n|upkeep\n|turn|33\n|\n|t:|1771266333\n|switch|p1a: Clodsire|Clodsire, M|100/100\n|-damage|p1a: Clodsire|88/100|[from] Spikes\n|-damage|p1a: Clodsire|82/100|[from] Stealth Rock\n|move|p2a: Pecharunt|Shadow Ball|p1a: Clodsire\n|-damage|p1a: Clodsire|69/100\n|\n|-heal|p1a: Clodsire|75/100|[from] item: Leftovers\n|upkeep\n|turn|34\n|\n|t:|1771266335\n|move|p2a: Pecharunt|Parting Shot|p1a: Clodsire\n|-unboost|p1a: Clodsire|atk|1\n|-unboost|p1a: Clodsire|spa|1\n|\n|t:|1771266338\n|switch|p2a: Ogerpon|Ogerpon-Wellspring, F|100/100|[from] Parting Shot\n|-damage|p2a: Ogerpon|88/100|[from] Stealth Rock\n|move|p1a: Clodsire|Earthquake|p2a: Ogerpon\n|-resisted|p2a: Ogerpon\n|-damage|p2a: Ogerpon|75/100\n|\n|-heal|p1a: Clodsire|81/100|[from] item: Leftovers\n|upkeep\n|turn|35\n|\n|t:|1771266344\n|switch|p1a: Bronzong|Bronzong|40/100\n|-damage|p1a: Bronzong|34/100|[from] Stealth Rock\n|move|p2a: Ogerpon|Knock Off|p1a: Bronzong\n|-supereffective|p1a: Bronzong\n|-damage|p1a: Bronzong|0 fnt\n|faint|p1a: Bronzong\n|\n|upkeep\n|\n|t:|1771266346\n|switch|p1a: Weavile|Weavile, F|100/100\n|-ability|p1a: Weavile|Pressure\n|turn|36\n|\n|t:|1771266355\n|-terastallize|p2a: Ogerpon|Water\n|detailschange|p2a: Ogerpon|Ogerpon-Wellspring-Tera, F, tera:Water\n|-ability|p2a: Ogerpon|Embody Aspect (Wellspring)|boost\n|-boost|p2a: Ogerpon|spd|1\n|move|p1a: Weavile|Triple Axel|p2a: Ogerpon\n|-resisted|p2a: Ogerpon\n|-damage|p2a: Ogerpon|69/100\n|-hitcount|p2a: Ogerpon|1\n|move|p2a: Ogerpon|Ivy Cudgel|p1a: Weavile|[anim] Ivy Cudgel Water\n|-damage|p1a: Weavile|0 fnt\n|faint|p1a: Weavile\n|\n|upkeep\n|-message|glass bugle forfeited.\n|\n|win|SlimyTime\n|raw|glass bugle's rating: 1553 &rarr; <strong>1535</strong><br />(-18 for losing)\n|raw|SlimyTime's rating: 1582 &rarr; <strong>1600</strong><br />(+18 for winning)\n|l|☆glass bugle\n|player|p1|\n|l|☆SlimyTime\n|player|p2|\n", "uploadtime": 1771266581, "views": 4, "formatid": "gen9ou", "rating": 1535, "private": 0, "password": null}