{"id": "gen9ou-2647718798", "format": "[Gen 9] OU", "players": ["Aight8755", "OUBotBeepBoop"], "log": "|j|☆Aight8755\n|j|☆OUBotBeepBoop\n|t:|1783801184\n|gametype|singles\n|player|p1|Aight8755|youngcouple-gen4dp|1187\n|player|p2|OUBotBeepBoop|102|1172\n|gen|9\n|tier|[Gen 9] OU\n|rated|\n|rule|HP Percentage Mod: HP is shown in percentages\n|rule|Endless Battle Clause: Forcing endless battles is banned\n|rule|Species Clause: Limit one of each Pokémon\n|rule|OHKO Clause: OHKO moves are banned\n|rule|Evasion Items Clause: Evasion items are banned\n|rule|Evasion Moves Clause: Evasion moves are banned\n|rule|Evasion Abilities Clause: Evasion abilities are banned\n|rule|Sleep Moves Clause: Sleep-inducing moves are banned\n|clearpoke\n|poke|p1|Darkrai|\n|poke|p1|Iron Valiant|\n|poke|p1|Heatran, M|\n|poke|p1|Dragapult, F|\n|poke|p1|Glastrier|\n|poke|p1|Corviknight, M|\n|poke|p2|Glimmora, M|\n|poke|p2|Great Tusk|\n|poke|p2|Kingambit, F|\n|poke|p2|Dragapult, F|\n|poke|p2|Clefable, M|\n|poke|p2|Corviknight, F|\n|teampreview\n|inactive|Battle timer is ON: inactive players will automatically lose when time's up. (requested by Aight8755)\n|inactive|OUBotBeepBoop also wants the timer to be on.\n|\n|t:|1783801192\n|teamsize|p1|6\n|teamsize|p2|6\n|start\n|switch|p1a: Dragapult|Dragapult, F|100/100\n|switch|p2a: Glimmora|Glimmora, M|100/100\n|turn|1\n|\n|t:|1783801194\n|switch|p2a: Kingambit|Kingambit, F|100/100\n|move|p1a: Dragapult|Substitute|p1a: Dragapult\n|-start|p1a: Dragapult|Substitute\n|-damage|p1a: Dragapult|76/100\n|\n|-heal|p1a: Dragapult|82/100|[from] item: Leftovers\n|upkeep\n|turn|2\n|\n|t:|1783801198\n|move|p1a: Dragapult|Dragon Darts|p2a: Kingambit\n|-resisted|p2a: Kingambit\n|-damage|p2a: Kingambit|92/100\n|-anim|p1a: Dragapult|Dragon Darts|p2a: Kingambit\n|-resisted|p2a: Kingambit\n|-damage|p2a: Kingambit|82/100\n|move|p2a: Kingambit|Kowtow Cleave|p1a: Dragapult\n|-supereffective|p1a: Dragapult\n|-end|p1a: Dragapult|Substitute\n|\n|-heal|p1a: Dragapult|88/100|[from] item: Leftovers\n|upkeep\n|turn|3\n|\n|t:|1783801204\n|switch|p1a: Heatran|Heatran, M|100/100\n|move|p2a: Kingambit|Kowtow Cleave|p1a: Heatran\n|-damage|p1a: Heatran|60/100\n|-status|p2a: Kingambit|brn|[from] ability: Flame Body|[of] p1a: Heatran\n|\n|-heal|p1a: Heatran|67/100|[from] item: Leftovers\n|-damage|p2a: Kingambit|76/100 brn|[from] brn\n|upkeep\n|turn|4\n|\n|t:|1783801213\n|-end|p2a: Kingambit|fallenundefined|[silent]\n|switch|p2a: Great Tusk|Great Tusk|100/100\n|move|p1a: Heatran|Stealth Rock|p2a: Great Tusk\n|-sidestart|p2: OUBotBeepBoop|move: Stealth Rock\n|\n|-heal|p1a: Heatran|73/100|[from] item: Leftovers\n|upkeep\n|turn|5\n|\n|t:|1783801236\n|move|p2a: Great Tusk|Headlong Rush|p1a: Heatran\n|-supereffective|p1a: Heatran\n|-damage|p1a: Heatran|0 fnt\n|-unboost|p2a: Great Tusk|def|1\n|-unboost|p2a: Great Tusk|spd|1\n|-status|p2a: Great Tusk|brn|[from] ability: Flame Body|[of] p1a: Heatran\n|faint|p1a: Heatran\n|\n|-damage|p2a: Great Tusk|94/100 brn|[from] brn\n|upkeep\n|\n|t:|1783801239\n|switch|p1a: Iron Valiant|Iron Valiant|100/100\n|turn|6\n|\n|t:|1783801243\n|-end|p2a: Great Tusk|Protosynthesis|[silent]\n|switch|p2a: Clefable|Clefable, M|100/100\n|-damage|p2a: Clefable|88/100|[from] Stealth Rock\n|move|p1a: Iron Valiant|Moonblast|p2a: Clefable\n|-damage|p2a: Clefable|17/100\n|\n|-heal|p2a: Clefable|23/100|[from] item: Leftovers\n|upkeep\n|turn|7\n|\n|t:|1783801247\n|move|p1a: Iron Valiant|Moonblast|p2a: Clefable\n|-damage|p2a: Clefable|0 fnt\n|faint|p2a: Clefable\n|\n|upkeep\n|\n|t:|1783801247\n|switch|p2a: Glimmora|Glimmora, M|100/100\n|-damage|p2a: Glimmora|88/100|[from] Stealth Rock\n|turn|8\n|\n|t:|1783801266\n|-end|p1a: Iron Valiant|Quark Drive|[silent]\n|switch|p1a: Corviknight|Corviknight, M|100/100\n|-ability|p1a: Corviknight|Pressure\n|move|p2a: Glimmora|Mortal Spin|p1a: Corviknight\n|-immune|p1a: Corviknight\n|\n|upkeep\n|turn|9\n|\n|t:|1783801273\n|move|p1a: Corviknight|Iron Head|p2a: Glimmora\n|-supereffective|p2a: Glimmora\n|-damage|p2a: Glimmora|13/100\n|-activate|p2a: Glimmora|ability: Toxic Debris\n|-sidestart|p1: Aight8755|move: Toxic Spikes\n|cant|p2a: Glimmora|flinch\n|\n|upkeep\n|turn|10\n|\n|t:|1783801276\n|switch|p2a: Dragapult|Dragapult, F|100/100\n|-damage|p2a: Dragapult|88/100|[from] Stealth Rock\n|move|p1a: Corviknight|Iron Head|p2a: Dragapult\n|-damage|p2a: Dragapult|47/100\n|\n|upkeep\n|turn|11\n|\n|t:|1783801291\n|move|p2a: Dragapult|Fire Blast|p1a: Corviknight\n|-supereffective|p1a: Corviknight\n|-damage|p1a: Corviknight|0 fnt\n|faint|p1a: Corviknight\n|\n|upkeep\n|\n|t:|1783801293\n|switch|p1a: Darkrai|Darkrai|100/100\n|-status|p1a: Darkrai|psn\n|turn|12\n|\n|t:|1783801300\n|switch|p2a: Corviknight|Corviknight, F|100/100\n|-damage|p2a: Corviknight|88/100|[from] Stealth Rock\n|-ability|p2a: Corviknight|Pressure\n|move|p1a: Darkrai|Ice Beam|p2a: Corviknight\n|-damage|p2a: Corviknight|54/100\n|\n|-heal|p2a: Corviknight|60/100|[from] item: Leftovers\n|-damage|p1a: Darkrai|88/100 psn|[from] psn\n|upkeep\n|turn|13\n|\n|t:|1783801303\n|move|p1a: Darkrai|Ice Beam|p2a: Corviknight\n|-damage|p2a: Corviknight|28/100\n|move|p2a: Corviknight|Roost|p2a: Corviknight\n|-heal|p2a: Corviknight|78/100\n|-singleturn|p2a: Corviknight|move: Roost\n|\n|-heal|p2a: Corviknight|84/100|[from] item: Leftovers\n|-damage|p1a: Darkrai|76/100 psn|[from] psn\n|upkeep\n|turn|14\n|\n|t:|1783801309\n|switch|p1a: Dragapult|Dragapult, F|88/100\n|-status|p1a: Dragapult|psn\n|move|p2a: Corviknight|U-turn|p1a: Dragapult\n|-resisted|p1a: Dragapult\n|-damage|p1a: Dragapult|78/100 psn\n|\n|t:|1783801309\n|switch|p2a: Dragapult|Dragapult, F|47/100|[from] U-turn\n|-damage|p2a: Dragapult|35/100|[from] Stealth Rock\n|\n|-heal|p1a: Dragapult|84/100 psn|[from] item: Leftovers\n|-damage|p1a: Dragapult|72/100 psn|[from] psn\n|upkeep\n|turn|15\n|\n|t:|1783801314\n|-terastallize|p2a: Dragapult|Ghost\n|move|p2a: Dragapult|Shadow Ball|p1a: Dragapult\n|-supereffective|p1a: Dragapult\n|-damage|p1a: Dragapult|0 fnt\n|faint|p1a: Dragapult\n|\n|upkeep\n|\n|t:|1783801317\n|switch|p1a: Darkrai|Darkrai|76/100 psn\n|turn|16\n|\n|t:|1783801330\n|switch|p2a: Corviknight|Corviknight, F|84/100\n|-damage|p2a: Corviknight|72/100|[from] Stealth Rock\n|-ability|p2a: Corviknight|Pressure\n|-terastallize|p1a: Darkrai|Dark\n|move|p1a: Darkrai|Dark Pulse|p2a: Corviknight\n|-damage|p2a: Corviknight|15/100\n|\n|-heal|p2a: Corviknight|21/100|[from] item: Leftovers\n|-damage|p1a: Darkrai|63/100 psn|[from] psn\n|upkeep\n|turn|17\n|\n|t:|1783801331\n|switch|p2a: Dragapult|Dragapult, F, tera:Ghost|35/100\n|-damage|p2a: Dragapult|23/100|[from] Stealth Rock\n|move|p1a: Darkrai|Dark Pulse|p2a: Dragapult\n|-supereffective|p2a: Dragapult\n|-damage|p2a: Dragapult|0 fnt\n|faint|p2a: Dragapult\n|\n|-damage|p1a: Darkrai|51/100 psn|[from] psn\n|upkeep\n|\n|t:|1783801331\n|switch|p2a: Glimmora|Glimmora, M|13/100\n|-damage|p2a: Glimmora|1/100|[from] Stealth Rock\n|turn|18\n|\n|t:|1783801334\n|move|p1a: Darkrai|Dark Pulse|p2a: Glimmora\n|-damage|p2a: Glimmora|0 fnt\n|faint|p2a: Glimmora\n|\n|-damage|p1a: Darkrai|38/100 psn|[from] psn\n|upkeep\n|\n|t:|1783801334\n|switch|p2a: Corviknight|Corviknight, F|21/100\n|-damage|p2a: Corviknight|9/100|[from] Stealth Rock\n|-ability|p2a: Corviknight|Pressure\n|turn|19\n|\n|t:|1783801335\n|move|p1a: Darkrai|Dark Pulse|p2a: Corviknight\n|-damage|p2a: Corviknight|0 fnt\n|faint|p2a: Corviknight\n|\n|-damage|p1a: Darkrai|26/100 psn|[from] psn\n|upkeep\n|\n|t:|1783801335\n|switch|p2a: Great Tusk|Great Tusk|94/100 brn\n|turn|20\n|\n|t:|1783801337\n|move|p1a: Darkrai|Dark Pulse|p2a: Great Tusk\n|-resisted|p2a: Great Tusk\n|-damage|p2a: Great Tusk|48/100 brn\n|move|p2a: Great Tusk|Rapid Spin|p1a: Darkrai\n|-damage|p1a: Darkrai|15/100 psn\n|-boost|p2a: Great Tusk|spe|1\n|-sideend|p2: OUBotBeepBoop|Stealth Rock|[from] move: Rapid Spin|[of] p2a: Great Tusk\n|\n|-damage|p1a: Darkrai|3/100 psn|[from] psn\n|-damage|p2a: Great Tusk|42/100 brn|[from] brn\n|upkeep\n|turn|21\n|\n|t:|1783801342\n|move|p1a: Darkrai|Dark Pulse|p2a: Great Tusk\n|-resisted|p2a: Great Tusk\n|-damage|p2a: Great Tusk|0 fnt\n|faint|p2a: Great Tusk\n|-end|p2a: Great Tusk|Protosynthesis|[silent]\n|\n|-damage|p1a: Darkrai|0 fnt|[from] psn\n|faint|p1a: Darkrai\n|upkeep\n|\n|t:|1783801345\n|switch|p1a: Iron Valiant|Iron Valiant|100/100\n|switch|p2a: Kingambit|Kingambit, F|76/100 brn\n|-status|p1a: Iron Valiant|psn\n|-activate|p2a: Kingambit|ability: Supreme Overlord\n|-start|p2a: Kingambit|fallen5|[silent]\n|turn|22\n|\n|t:|1783801346\n|move|p1a: Iron Valiant|Vacuum Wave|p2a: Kingambit\n|-supereffective|p2a: Kingambit\n|-damage|p2a: Kingambit|0 fnt\n|faint|p2a: Kingambit\n|-end|p2a: Kingambit|fallen5|[silent]\n|\n|win|Aight8755\n|raw|Aight8755's rating: 1187 &rarr; <strong>1214</strong><br />(+27 for winning)\n|raw|OUBotBeepBoop's rating: 1217 &rarr; <strong>1190</strong><br />(-27 for losing)\n|l|☆OUBotBeepBoop\n|player|p2|\n", "uploadtime": 1783801350, "views": 18, "formatid": "gen9ou", "rating": 1190, "private": 0, "password": null}