{"id": "gen9ou-2647683603", "format": "[Gen 9] OU", "players": ["idealist", "LanceStern"], "log": "|j|☆idealist\n|j|☆LanceStern\n|t:|1783795808\n|gametype|singles\n|player|p1|idealist|2|1621\n|player|p2|LanceStern|brock|1589\n|gen|9\n|tier|[Gen 9] OU\n|rated|\n|rule|HP Percentage Mod: HP is shown in percentages\n|rule|Endless Battle Clause: Forcing endless battles is banned\n|rule|Species Clause: Limit one of each Pokémon\n|rule|OHKO Clause: OHKO moves are banned\n|rule|Evasion Items Clause: Evasion items are banned\n|rule|Evasion Moves Clause: Evasion moves are banned\n|rule|Evasion Abilities Clause: Evasion abilities are banned\n|rule|Sleep Moves Clause: Sleep-inducing moves are banned\n|clearpoke\n|poke|p1|Hydrapple, M|\n|poke|p1|Tyranitar, F|\n|poke|p1|Moltres|\n|poke|p1|Zamazenta-*|\n|poke|p1|Slowking-Galar, M|\n|poke|p1|Excadrill, F|\n|poke|p2|Deoxys-Speed|\n|poke|p2|Iron Moth|\n|poke|p2|Samurott-Hisui, F|\n|poke|p2|Great Tusk|\n|poke|p2|Scizor, F|\n|poke|p2|Sinistcha-Masterpiece|\n|teampreview\n|\n|t:|1783795933\n|teamsize|p1|6\n|teamsize|p2|6\n|start\n|switch|p1a: Moltres|Moltres|100/100\n|switch|p2a: Scizor|Scizor, F|100/100\n|turn|1\n|\n|t:|1783795951\n|-terastallize|p2a: Scizor|Dark\n|move|p1a: Moltres|Flamethrower|p2a: Scizor\n|-damage|p2a: Scizor|53/100\n|move|p2a: Scizor|Knock Off|p1a: Moltres\n|-damage|p1a: Moltres|41/100\n|-enditem|p1a: Moltres|Heavy-Duty Boots|[from] move: Knock Off|[of] p2a: Scizor\n|\n|upkeep\n|turn|2\n|\n|t:|1783795960\n|switch|p2a: Great Tusk|Great Tusk|100/100\n|move|p1a: Moltres|Roost|p1a: Moltres\n|-heal|p1a: Moltres|92/100\n|-singleturn|p1a: Moltres|move: Roost\n|\n|upkeep\n|turn|3\n|j| lowladderubersnoob\n|\n|t:|1783795966\n|move|p2a: Great Tusk|Stealth Rock|p1a: Moltres\n|-sidestart|p1: idealist|move: Stealth Rock\n|move|p1a: Moltres|Flamethrower|p2a: Great Tusk\n|-damage|p2a: Great Tusk|50/100\n|\n|upkeep\n|turn|4\n|\n|t:|1783795973\n|move|p2a: Great Tusk|Rapid Spin|p1a: Moltres\n|-damage|p1a: Moltres|82/100\n|-boost|p2a: Great Tusk|spe|1\n|move|p1a: Moltres|Flamethrower|p2a: Great Tusk\n|-damage|p2a: Great Tusk|0 fnt\n|faint|p2a: Great Tusk\n|-end|p2a: Great Tusk|Protosynthesis|[silent]\n|\n|upkeep\n|\n|t:|1783795977\n|switch|p2a: Samurott|Samurott-Hisui, F|100/100\n|turn|5\n|\n|t:|1783795981\n|move|p2a: Samurott|Aqua Cutter|p1a: Moltres\n|-supereffective|p1a: Moltres\n|-damage|p1a: Moltres|9/100\n|move|p1a: Moltres|Roost|p1a: Moltres\n|-heal|p1a: Moltres|59/100\n|-singleturn|p1a: Moltres|move: Roost\n|\n|upkeep\n|turn|6\n|\n|t:|1783796000\n|move|p2a: Samurott|Encore|p1a: Moltres\n|-start|p1a: Moltres|Encore\n|move|p1a: Moltres|Roost|p1a: Moltres\n|-heal|p1a: Moltres|100/100\n|-singleturn|p1a: Moltres|move: Roost\n|\n|upkeep\n|turn|7\n|\n|t:|1783796007\n|move|p2a: Samurott|Aqua Cutter|p1a: Moltres\n|-supereffective|p1a: Moltres\n|-damage|p1a: Moltres|37/100\n|move|p1a: Moltres|Roost|p1a: Moltres\n|-heal|p1a: Moltres|87/100\n|-singleturn|p1a: Moltres|move: Roost\n|\n|upkeep\n|turn|8\n|\n|t:|1783796014\n|move|p2a: Samurott|Aqua Cutter|p1a: Moltres\n|-supereffective|p1a: Moltres\n|-damage|p1a: Moltres|15/100\n|move|p1a: Moltres|Roost|p1a: Moltres\n|-heal|p1a: Moltres|66/100\n|-singleturn|p1a: Moltres|move: Roost\n|\n|-end|p1a: Moltres|Encore\n|upkeep\n|turn|9\n|\n|t:|1783796023\n|move|p2a: Samurott|Aqua Cutter|p1a: Moltres\n|-supereffective|p1a: Moltres\n|-crit|p1a: Moltres\n|-damage|p1a: Moltres|0 fnt\n|faint|p1a: Moltres\n|\n|upkeep\n|c|☆idealist|damn no burn at all\n|c|☆idealist|or is it not contact?\n|c|☆LanceStern|Not contact\n|c|☆idealist|ahh\n|c|☆idealist|i thought all sharp moves were\n|\n|t:|1783796052\n|switch|p1a: Zamazenta|Zamazenta|100/100\n|-damage|p1a: Zamazenta|94/100|[from] Stealth Rock\n|-ability|p1a: Zamazenta|Dauntless Shield|boost\n|-boost|p1a: Zamazenta|def|1\n|turn|10\n|\n|t:|1783796058\n|switch|p2a: Sinistcha|Sinistcha-Masterpiece|100/100\n|move|p1a: Zamazenta|Crunch|p2a: Sinistcha\n|-supereffective|p2a: Sinistcha\n|-damage|p2a: Sinistcha|69/100\n|\n|-heal|p1a: Zamazenta|100/100|[from] item: Leftovers\n|upkeep\n|turn|11\n|\n|t:|1783796066\n|-terastallize|p1a: Zamazenta|Fire\n|move|p1a: Zamazenta|Crunch|p2a: Sinistcha\n|-supereffective|p2a: Sinistcha\n|-crit|p2a: Sinistcha\n|-damage|p2a: Sinistcha|24/100\n|move|p2a: Sinistcha|Matcha Gotcha|p1a: Zamazenta\n|-resisted|p1a: Zamazenta\n|-damage|p1a: Zamazenta|84/100\n|-heal|p2a: Sinistcha|32/100|[from] drain|[of] p1a: Zamazenta\n|\n|-heal|p1a: Zamazenta|90/100|[from] item: Leftovers\n|upkeep\n|turn|12\n|\n|t:|1783796077\n|move|p1a: Zamazenta|Crunch|p2a: Sinistcha\n|-supereffective|p2a: Sinistcha\n|-damage|p2a: Sinistcha|0 fnt\n|faint|p2a: Sinistcha\n|\n|-heal|p1a: Zamazenta|96/100|[from] item: Leftovers\n|upkeep\n|\n|t:|1783796087\n|switch|p2a: Deoxys|Deoxys-Speed|100/100\n|-ability|p2a: Deoxys|Pressure\n|turn|13\n|\n|t:|1783796091\n|move|p2a: Deoxys|Psychic|p1a: Zamazenta\n|-damage|p1a: Zamazenta|58/100\n|move|p1a: Zamazenta|Roar|p2a: Deoxys\n|drag|p2a: Iron Moth|Iron Moth|100/100\n|-enditem|p2a: Iron Moth|Booster Energy\n|-activate|p2a: Iron Moth|ability: Quark Drive|[fromitem]\n|-start|p2a: Iron Moth|quarkdrivespe\n|\n|-heal|p1a: Zamazenta|64/100|[from] item: Leftovers\n|upkeep\n|turn|14\n|\n|t:|1783796099\n|move|p2a: Iron Moth|Fiery Dance|p1a: Zamazenta\n|-resisted|p1a: Zamazenta\n|-damage|p1a: Zamazenta|44/100\n|move|p1a: Zamazenta|Roar|p2a: Iron Moth\n|-end|p2a: Iron Moth|Quark Drive|[silent]\n|drag|p2a: Scizor|Scizor, F, tera:Dark|53/100\n|\n|-heal|p1a: Zamazenta|50/100|[from] item: Leftovers\n|upkeep\n|turn|15\n|\n|t:|1783796108\n|move|p1a: Zamazenta|Body Press|p2a: Scizor\n|-supereffective|p2a: Scizor\n|-damage|p2a: Scizor|0 fnt\n|faint|p2a: Scizor\n|\n|-heal|p1a: Zamazenta|56/100|[from] item: Leftovers\n|upkeep\n|\n|t:|1783796113\n|switch|p2a: Deoxys|Deoxys-Speed|100/100\n|-ability|p2a: Deoxys|Pressure\n|turn|16\n|\n|t:|1783796116\n|move|p2a: Deoxys|Psychic|p1a: Zamazenta\n|-damage|p1a: Zamazenta|14/100\n|move|p1a: Zamazenta|Crunch|p2a: Deoxys\n|-supereffective|p2a: Deoxys\n|-damage|p2a: Deoxys|22/100\n|\n|-heal|p1a: Zamazenta|20/100|[from] item: Leftovers\n|upkeep\n|turn|17\n|\n|t:|1783796123\n|move|p2a: Deoxys|Psychic|p1a: Zamazenta\n|-damage|p1a: Zamazenta|0 fnt\n|faint|p1a: Zamazenta\n|\n|upkeep\n|\n|t:|1783796130\n|switch|p1a: Slowking|Slowking-Galar, M|100/100\n|-damage|p1a: Slowking|88/100|[from] Stealth Rock\n|turn|18\n|\n|t:|1783796135\n|move|p2a: Deoxys|Psychic|p1a: Slowking\n|-damage|p1a: Slowking|67/100\n|move|p1a: Slowking|Psyshock|p2a: Deoxys\n|-resisted|p2a: Deoxys\n|-damage|p2a: Deoxys|0 fnt\n|faint|p2a: Deoxys\n|\n|upkeep\n|\n|t:|1783796138\n|switch|p2a: Samurott|Samurott-Hisui, F|100/100\n|turn|19\n|\n|t:|1783796143\n|move|p2a: Samurott|Ceaseless Edge|p1a: Slowking\n|-supereffective|p1a: Slowking\n|-damage|p1a: Slowking|0 fnt\n|-sidestart|p1: idealist|Spikes\n|faint|p1a: Slowking\n|\n|upkeep\n|\n|t:|1783796148\n|switch|p1a: Tyranitar|Tyranitar, F|100/100\n|-damage|p1a: Tyranitar|88/100|[from] Stealth Rock\n|-damage|p1a: Tyranitar|76/100|[from] Spikes\n|-weather|Sandstorm|[from] ability: Sand Stream|[of] p1a: Tyranitar\n|turn|20\n|\n|t:|1783796154\n|move|p2a: Samurott|Sacred Sword|p1a: Tyranitar\n|-supereffective|p1a: Tyranitar\n|-damage|p1a: Tyranitar|0 fnt\n|faint|p1a: Tyranitar\n|\n|-weather|Sandstorm|[upkeep]\n|-damage|p2a: Samurott|94/100|[from] Sandstorm\n|upkeep\n|\n|t:|1783796160\n|switch|p1a: Hydrapple|Hydrapple, M|100/100\n|turn|21\n|\n|t:|1783796168\n|switch|p2a: Iron Moth|Iron Moth|100/100\n|move|p1a: Hydrapple|Giga Drain|p2a: Iron Moth\n|-resisted|p2a: Iron Moth\n|-damage|p2a: Iron Moth|92/100\n|\n|-weather|Sandstorm|[upkeep]\n|-damage|p2a: Iron Moth|86/100|[from] Sandstorm\n|-damage|p1a: Hydrapple|94/100|[from] Sandstorm\n|upkeep\n|turn|22\n|\n|t:|1783796186\n|move|p2a: Iron Moth|Sludge Wave|p1a: Hydrapple\n|-supereffective|p1a: Hydrapple\n|-damage|p1a: Hydrapple|1/100\n|move|p1a: Hydrapple|Earth Power|p2a: Iron Moth\n|-supereffective|p2a: Iron Moth\n|-damage|p2a: Iron Moth|0 fnt\n|faint|p2a: Iron Moth\n|-end|p2a: Iron Moth|Quark Drive|[silent]\n|\n|-weather|Sandstorm|[upkeep]\n|-damage|p1a: Hydrapple|0 fnt|[from] Sandstorm\n|faint|p1a: Hydrapple\n|upkeep\n|\n|t:|1783796195\n|switch|p2a: Samurott|Samurott-Hisui, F|94/100\n|switch|p1a: Excadrill|Excadrill, F|100/100\n|-damage|p1a: Excadrill|97/100|[from] Stealth Rock\n|-item|p1a: Excadrill|Air Balloon\n|turn|23\n|\n|t:|1783796201\n|move|p1a: Excadrill|Iron Head|p2a: Samurott\n|-resisted|p2a: Samurott\n|-damage|p2a: Samurott|69/100\n|move|p2a: Samurott|Aqua Cutter|p1a: Excadrill\n|-supereffective|p1a: Excadrill\n|-damage|p1a: Excadrill|0 fnt\n|-enditem|p1a: Excadrill|Air Balloon\n|faint|p1a: Excadrill\n|\n|win|LanceStern\n|raw|idealist's rating: 1621 &rarr; <strong>1599</strong><br />(-22 for losing)\n|raw|LanceStern's rating: 1589 &rarr; <strong>1611</strong><br />(+22 for winning)\n|c|☆idealist|gg\n|c|☆idealist|wp\n|c|☆LanceStern|gg\n|c|☆LanceStern|u2\n|l|☆idealist\n|player|p1|\n|l| lowladderubersnoob\n", "uploadtime": 1783796388, "views": 5, "formatid": "gen9ou", "rating": 1599, "private": 0, "password": null}