{"id": "gen9ou-2647826039", "format": "[Gen 9] OU", "players": ["banjo guro", "sky full of dubs"], "log": "|j|☆banjo guro\n|j|☆sky full of dubs\n|t:|1783819364\n|gametype|singles\n|player|p1|banjo guro|erika|1313\n|player|p2|sky full of dubs|iris-gen5bw2|1262\n|gen|9\n|tier|[Gen 9] OU\n|rated|\n|rule|HP Percentage Mod: HP is shown in percentages\n|rule|Endless Battle Clause: Forcing endless battles is banned\n|rule|Species Clause: Limit one of each Pokémon\n|rule|OHKO Clause: OHKO moves are banned\n|rule|Evasion Items Clause: Evasion items are banned\n|rule|Evasion Moves Clause: Evasion moves are banned\n|rule|Evasion Abilities Clause: Evasion abilities are banned\n|rule|Sleep Moves Clause: Sleep-inducing moves are banned\n|clearpoke\n|poke|p1|Serperior, F|\n|poke|p1|Garganacl, M|\n|poke|p1|Maushold|\n|poke|p1|Chimecho, F|\n|poke|p1|Mimikyu, F|\n|poke|p1|Polteageist-Antique|\n|poke|p2|Tinkaton, F|\n|poke|p2|Dragapult, M|\n|poke|p2|Gliscor, M|\n|poke|p2|Mandibuzz, F|\n|poke|p2|Samurott-Hisui, F|\n|poke|p2|Kyurem|\n|teampreview\n|inactive|Battle timer is ON: inactive players will automatically lose when time's up. (requested by banjo guro)\n|inactive|sky full of dubs has 120 seconds left.\n|\n|t:|1783819399\n|teamsize|p1|6\n|teamsize|p2|6\n|start\n|switch|p1a: Serperior|Serperior, F|100/100\n|switch|p2a: Tinkaton|Tinkaton, F|100/100\n|-ability|p2a: Tinkaton|Mold Breaker\n|turn|1\n|\n|t:|1783819403\n|move|p1a: Serperior|Glare|p2a: Tinkaton\n|-status|p2a: Tinkaton|par\n|move|p2a: Tinkaton|Thunder Wave|p1a: Serperior|[miss]\n|-miss|p2a: Tinkaton|p1a: Serperior\n|\n|upkeep\n|turn|2\n|\n|t:|1783819409\n|move|p1a: Serperior|Substitute|p1a: Serperior\n|-start|p1a: Serperior|Substitute\n|-damage|p1a: Serperior|76/100\n|move|p2a: Tinkaton|Stealth Rock|p1a: Serperior\n|-sidestart|p1: banjo guro|move: Stealth Rock\n|\n|-heal|p1a: Serperior|82/100|[from] item: Leftovers\n|upkeep\n|turn|3\n|\n|t:|1783819414\n|move|p1a: Serperior|Leech Seed|p2a: Tinkaton\n|-start|p2a: Tinkaton|move: Leech Seed\n|move|p2a: Tinkaton|Knock Off|p1a: Serperior\n|-activate|p1a: Serperior|move: Substitute|[damage]\n|\n|-heal|p1a: Serperior|88/100|[from] item: Leftovers\n|-damage|p2a: Tinkaton|88/100 par|[from] Leech Seed|[of] p1a: Serperior\n|-heal|p1a: Serperior|100/100|[silent]\n|upkeep\n|turn|4\n|\n|t:|1783819421\n|move|p1a: Serperior|Leaf Storm|p2a: Tinkaton\n|-resisted|p2a: Tinkaton\n|-damage|p2a: Tinkaton|77/100 par\n|-boost|p1a: Serperior|spa|2\n|move|p2a: Tinkaton|Knock Off|p1a: Serperior\n|-end|p1a: Serperior|Substitute\n|\n|-heal|p2a: Tinkaton|83/100 par|[from] item: Leftovers\n|-damage|p2a: Tinkaton|71/100 par|[from] Leech Seed|[of] p1a: Serperior\n|upkeep\n|turn|5\n|\n|t:|1783819431\n|switch|p2a: Samurott|Samurott-Hisui, F|100/100\n|move|p1a: Serperior|Substitute|p1a: Serperior\n|-start|p1a: Serperior|Substitute\n|-damage|p1a: Serperior|76/100\n|\n|-heal|p1a: Serperior|82/100|[from] item: Leftovers\n|upkeep\n|turn|6\n|\n|t:|1783819434\n|move|p2a: Samurott|Ceaseless Edge|p1a: Serperior\n|-end|p1a: Serperior|Substitute\n|-sidestart|p1: banjo guro|Spikes\n|move|p1a: Serperior|Glare|p2a: Samurott\n|-status|p2a: Samurott|par\n|\n|-heal|p1a: Serperior|88/100|[from] item: Leftovers\n|upkeep\n|turn|7\n|\n|t:|1783819439\n|move|p1a: Serperior|Substitute|p1a: Serperior\n|-start|p1a: Serperior|Substitute\n|-damage|p1a: Serperior|63/100\n|cant|p2a: Samurott|par\n|\n|-heal|p1a: Serperior|69/100|[from] item: Leftovers\n|upkeep\n|turn|8\n|\n|t:|1783819445\n|move|p1a: Serperior|Leaf Storm|p2a: Samurott\n|-supereffective|p2a: Samurott\n|-damage|p2a: Samurott|0 fnt\n|-boost|p1a: Serperior|spa|2\n|faint|p2a: Samurott\n|\n|-heal|p1a: Serperior|76/100|[from] item: Leftovers\n|upkeep\n|\n|t:|1783819447\n|switch|p2a: Dragapult|Dragapult, M|100/100\n|turn|9\n|\n|t:|1783819450\n|move|p2a: Dragapult|U-turn|p1a: Serperior\n|-supereffective|p1a: Serperior\n|-end|p1a: Serperior|Substitute\n|\n|t:|1783819453\n|switch|p2a: Tinkaton|Tinkaton, F|71/100 par|[from] U-turn\n|-ability|p2a: Tinkaton|Mold Breaker\n|move|p1a: Serperior|Glare|p2a: Tinkaton\n|-fail|p2a: Tinkaton|par\n|\n|-heal|p1a: Serperior|82/100|[from] item: Leftovers\n|-heal|p2a: Tinkaton|77/100 par|[from] item: Leftovers\n|upkeep\n|turn|10\n|\n|t:|1783819457\n|switch|p2a: Dragapult|Dragapult, M|100/100\n|move|p1a: Serperior|Substitute|p1a: Serperior\n|-start|p1a: Serperior|Substitute\n|-damage|p1a: Serperior|57/100\n|\n|-heal|p1a: Serperior|63/100|[from] item: Leftovers\n|upkeep\n|turn|11\n|\n|t:|1783819464\n|move|p2a: Dragapult|Hex|p1a: Serperior\n|-end|p1a: Serperior|Substitute\n|move|p1a: Serperior|Leech Seed|p2a: Dragapult\n|-start|p2a: Dragapult|move: Leech Seed\n|\n|-heal|p1a: Serperior|69/100|[from] item: Leftovers\n|-damage|p2a: Dragapult|88/100|[from] Leech Seed|[of] p1a: Serperior\n|-heal|p1a: Serperior|80/100|[silent]\n|upkeep\n|turn|12\n|\n|t:|1783819472\n|move|p2a: Dragapult|U-turn|p1a: Serperior\n|-supereffective|p1a: Serperior\n|-damage|p1a: Serperior|51/100\n|\n|t:|1783819474\n|switch|p2a: Tinkaton|Tinkaton, F|77/100 par|[from] U-turn\n|-ability|p2a: Tinkaton|Mold Breaker\n|move|p1a: Serperior|Glare|p2a: Tinkaton\n|-fail|p2a: Tinkaton|par\n|\n|-heal|p1a: Serperior|57/100|[from] item: Leftovers\n|-heal|p2a: Tinkaton|83/100 par|[from] item: Leftovers\n|upkeep\n|turn|13\n|\n|t:|1783819477\n|switch|p2a: Dragapult|Dragapult, M|88/100\n|move|p1a: Serperior|Leaf Storm|p2a: Dragapult\n|-resisted|p2a: Dragapult\n|-damage|p2a: Dragapult|18/100\n|-boost|p1a: Serperior|spa|2\n|\n|-heal|p1a: Serperior|63/100|[from] item: Leftovers\n|upkeep\n|turn|14\n|\n|t:|1783819484\n|move|p2a: Dragapult|Draco Meteor|p1a: Serperior|[miss]\n|-miss|p2a: Dragapult|p1a: Serperior\n|move|p1a: Serperior|Leaf Storm|p2a: Dragapult\n|-resisted|p2a: Dragapult\n|-damage|p2a: Dragapult|0 fnt\n|faint|p2a: Dragapult\n|\n|-heal|p1a: Serperior|70/100|[from] item: Leftovers\n|upkeep\n|\n|t:|1783819488\n|switch|p2a: Kyurem|Kyurem|100/100\n|-ability|p2a: Kyurem|Pressure\n|turn|15\n|\n|t:|1783819492\n|move|p2a: Kyurem|Ice Beam|p1a: Serperior\n|-supereffective|p1a: Serperior\n|-damage|p1a: Serperior|0 fnt\n|faint|p1a: Serperior\n|\n|upkeep\n|\n|t:|1783819495\n|switch|p1a: Maushold|Maushold|100/100\n|-damage|p1a: Maushold|88/100|[from] Stealth Rock\n|-damage|p1a: Maushold|76/100|[from] Spikes\n|turn|16\n|\n|t:|1783819500\n|move|p1a: Maushold|Tidy Up|p1a: Maushold\n|-sideend|p1: banjo guro|Spikes\n|-sideend|p1: banjo guro|Stealth Rock\n|-activate|p1a: Maushold|move: Tidy Up\n|-boost|p1a: Maushold|atk|1\n|-boost|p1a: Maushold|spe|1\n|move|p2a: Kyurem|Ice Beam|p1a: Maushold\n|-damage|p1a: Maushold|0 fnt\n|faint|p1a: Maushold\n|\n|upkeep\n|\n|t:|1783819504\n|switch|p1a: Mimikyu|Mimikyu, F|100/100\n|turn|17\n|\n|t:|1783819508\n|switch|p2a: Tinkaton|Tinkaton, F|83/100 par\n|-ability|p2a: Tinkaton|Mold Breaker\n|move|p1a: Mimikyu|Swords Dance|p1a: Mimikyu\n|-boost|p1a: Mimikyu|atk|2\n|\n|-heal|p2a: Tinkaton|89/100 par|[from] item: Leftovers\n|upkeep\n|turn|18\n|\n|t:|1783819517\n|move|p1a: Mimikyu|Swords Dance|p1a: Mimikyu\n|-boost|p1a: Mimikyu|atk|2\n|cant|p2a: Tinkaton|par\n|\n|-heal|p2a: Tinkaton|95/100 par|[from] item: Leftovers\n|upkeep\n|turn|19\n|\n|t:|1783819522\n|move|p1a: Mimikyu|Shadow Sneak|p2a: Tinkaton\n|-damage|p2a: Tinkaton|45/100 par\n|move|p2a: Tinkaton|Gigaton Hammer|p1a: Mimikyu\n|-supereffective|p1a: Mimikyu\n|-damage|p1a: Mimikyu|0 fnt\n|faint|p1a: Mimikyu\n|\n|-heal|p2a: Tinkaton|51/100 par|[from] item: Leftovers\n|upkeep\n|\n|t:|1783819527\n|switch|p1a: Garganacl|Garganacl, M|100/100\n|turn|20\n|\n|t:|1783819532\n|move|p2a: Tinkaton|Thunder Wave|p1a: Garganacl\n|-status|p1a: Garganacl|par\n|move|p1a: Garganacl|Salt Cure|p2a: Tinkaton\n|-resisted|p2a: Tinkaton\n|-damage|p2a: Tinkaton|43/100 par\n|-start|p2a: Tinkaton|Salt Cure\n|\n|-heal|p2a: Tinkaton|49/100 par|[from] item: Leftovers\n|-damage|p2a: Tinkaton|24/100 par|[from] Salt Cure\n|upkeep\n|turn|21\n|\n|t:|1783819546\n|switch|p1a: Chimecho|Chimecho, F, shiny|100/100\n|move|p2a: Tinkaton|Gigaton Hammer|p1a: Chimecho\n|-crit|p1a: Chimecho\n|-damage|p1a: Chimecho|48/100\n|\n|-heal|p1a: Chimecho|54/100|[from] item: Leftovers\n|-heal|p2a: Tinkaton|30/100 par|[from] item: Leftovers\n|-damage|p2a: Tinkaton|6/100 par|[from] Salt Cure\n|upkeep\n|turn|22\n|\n|t:|1783819555\n|move|p1a: Chimecho|Recover|p1a: Chimecho\n|-heal|p1a: Chimecho|100/100\n|cant|p2a: Tinkaton|par\n|\n|-heal|p2a: Tinkaton|12/100 par|[from] item: Leftovers\n|-damage|p2a: Tinkaton|0 fnt|[from] Salt Cure\n|faint|p2a: Tinkaton\n|upkeep\n|\n|t:|1783819561\n|switch|p2a: Gliscor|Gliscor, M|100/100\n|turn|23\n|\n|t:|1783819566\n|-terastallize|p1a: Chimecho|Electric\n|move|p2a: Gliscor|Toxic Spikes|p1a: Chimecho\n|-sidestart|p1: banjo guro|move: Toxic Spikes\n|move|p1a: Chimecho|Cosmic Power|p1a: Chimecho\n|-boost|p1a: Chimecho|def|1\n|-boost|p1a: Chimecho|spd|1\n|\n|-status|p2a: Gliscor|tox|[from] item: Toxic Orb\n|upkeep\n|turn|24\n|\n|t:|1783819575\n|switch|p2a: Kyurem|Kyurem|100/100\n|-ability|p2a: Kyurem|Pressure\n|move|p1a: Chimecho|Cosmic Power|p1a: Chimecho\n|-boost|p1a: Chimecho|def|1\n|-boost|p1a: Chimecho|spd|1\n|\n|upkeep\n|turn|25\n|\n|t:|1783819578\n|-terastallize|p2a: Kyurem|Ice\n|move|p2a: Kyurem|Ice Beam|p1a: Chimecho\n|-damage|p1a: Chimecho|54/100\n|move|p1a: Chimecho|Charge Beam|p2a: Kyurem\n|-damage|p2a: Kyurem|80/100\n|-boost|p1a: Chimecho|spa|1\n|\n|-heal|p1a: Chimecho|60/100|[from] item: Leftovers\n|upkeep\n|turn|26\n|\n|t:|1783819589\n|move|p2a: Kyurem|Ice Beam|p1a: Chimecho\n|-damage|p1a: Chimecho|10/100\n|move|p1a: Chimecho|Stored Power|p2a: Kyurem\n|-damage|p2a: Kyurem|26/100\n|\n|-heal|p1a: Chimecho|16/100|[from] item: Leftovers\n|upkeep\n|turn|27\n|\n|t:|1783819598\n|move|p2a: Kyurem|Ice Beam|p1a: Chimecho\n|-crit|p1a: Chimecho\n|-damage|p1a: Chimecho|0 fnt\n|faint|p1a: Chimecho\n|\n|upkeep\n|\n|t:|1783819600\n|switch|p1a: Garganacl|Garganacl, M|100/100 par\n|turn|28\n|\n|t:|1783819605\n|move|p2a: Kyurem|Ice Beam|p1a: Garganacl\n|-damage|p1a: Garganacl|37/100 par\n|move|p1a: Garganacl|Body Press|p2a: Kyurem\n|-supereffective|p2a: Kyurem\n|-damage|p2a: Kyurem|0 fnt\n|faint|p2a: Kyurem\n|\n|-heal|p1a: Garganacl|43/100 par|[from] item: Leftovers\n|upkeep\n|\n|t:|1783819610\n|switch|p2a: Gliscor|Gliscor, M|100/100 tox\n|turn|29\n|\n|t:|1783819611\n|move|p2a: Gliscor|Earthquake|p1a: Garganacl\n|-supereffective|p1a: Garganacl\n|-damage|p1a: Garganacl|0 fnt\n|faint|p1a: Garganacl\n|\n|upkeep\n|\n|t:|1783819617\n|switch|p1a: Polteageist|Polteageist-Antique|100/100\n|-status|p1a: Polteageist|psn\n|turn|30\n|\n|t:|1783819620\n|move|p1a: Polteageist|Shell Smash|p1a: Polteageist\n|-unboost|p1a: Polteageist|def|1\n|-unboost|p1a: Polteageist|spd|1\n|-boost|p1a: Polteageist|atk|2\n|-boost|p1a: Polteageist|spa|2\n|-boost|p1a: Polteageist|spe|2\n|move|p2a: Gliscor|Knock Off|p1a: Polteageist\n|-supereffective|p1a: Polteageist\n|-enditem|p1a: Polteageist|Focus Sash\n|-damage|p1a: Polteageist|1/100 psn\n|-ability|p1a: Polteageist|Weak Armor|boost\n|-unboost|p1a: Polteageist|def|1\n|-boost|p1a: Polteageist|spe|2\n|\n|-damage|p1a: Polteageist|0 fnt|[from] psn\n|faint|p1a: Polteageist\n|\n|win|sky full of dubs\n|raw|banjo guro's rating: 1313 &rarr; <strong>1290</strong><br />(-23 for losing)\n|raw|sky full of dubs's rating: 1262 &rarr; <strong>1291</strong><br />(+29 for winning)\n|l|☆banjo guro\n|player|p1|\n|l|☆sky full of dubs\n|player|p2|\n", "uploadtime": 1783819895, "views": 12, "formatid": "gen9ou", "rating": 1290, "private": 0, "password": null}