{"id": "gen9ou-2639962597", "format": "[Gen 9] OU", "players": ["der grosse z", "hawkins0"], "log": "|j|☆der grosse z\n|j|☆hawkins0\n|t:|1782553416\n|gametype|singles\n|player|p1|der grosse z|265|1588\n|player|p2|hawkins0|102|1715\n|gen|9\n|tier|[Gen 9] OU\n|rated|\n|rule|HP Percentage Mod: HP is shown in percentages\n|rule|Endless Battle Clause: Forcing endless battles is banned\n|rule|Species Clause: Limit one of each Pokémon\n|rule|OHKO Clause: OHKO moves are banned\n|rule|Evasion Items Clause: Evasion items are banned\n|rule|Evasion Moves Clause: Evasion moves are banned\n|rule|Evasion Abilities Clause: Evasion abilities are banned\n|rule|Sleep Moves Clause: Sleep-inducing moves are banned\n|clearpoke\n|poke|p1|Slowking-Galar, M|\n|poke|p1|Kyurem|\n|poke|p1|Great Tusk|\n|poke|p1|Hatterene, F|\n|poke|p1|Moltres|\n|poke|p1|Meowscarada, F|\n|poke|p2|Hoopa-Unbound|\n|poke|p2|Pecharunt|\n|poke|p2|Landorus-Therian, M|\n|poke|p2|Cinderace, M|\n|poke|p2|Alomomola, M|\n|poke|p2|Iron Valiant|\n|teampreview\n|\n|t:|1782553424\n|teamsize|p1|6\n|teamsize|p2|6\n|start\n|switch|p1a: Meowscarada|Meowscarada, F|100/100\n|switch|p2a: Pisces|Alomomola, M, shiny|100/100\n|turn|1\n|\n|t:|1782553443\n|switch|p2a: Overseer|Pecharunt|100/100\n|move|p1a: Meowscarada|Knock Off|p2a: Overseer\n|-start|p1a: Meowscarada|typechange|Dark|[from] ability: Protean\n|-supereffective|p2a: Overseer\n|-damage|p2a: Overseer|61/100\n|-enditem|p2a: Overseer|Heavy-Duty Boots|[from] move: Knock Off|[of] p1a: Meowscarada\n|\n|upkeep\n|turn|2\n|\n|t:|1782553467\n|switch|p1a: Slowking|Slowking-Galar, M|100/100\n|move|p2a: Overseer|Recover|p2a: Overseer\n|-heal|p2a: Overseer|100/100\n|\n|upkeep\n|turn|3\n|inactive|Battle timer is ON: inactive players will automatically lose when time's up. (requested by hawkins0)\n|c|☆der grosse z|!dt hyperspace fury\n|c|☆der grosse z|/raw <ul class=\"utilichart\"><li class=\"result\"><span class=\"col movenamecol\"><a href=\"https://dex.pokemonshowdown.com/moves/hyperspacefury\">Hyperspace Fury</a></span> <span class=\"col typecol\"><img src=\"//play.pokemonshowdown.com/sprites/types/Dark.png\" alt=\"Dark\" width=\"32\" height=\"14\"><img src=\"//play.pokemonshowdown.com/sprites/categories/Physical.png\" alt=\"Physical\" width=\"32\" height=\"14\"></span> <span class=\"col labelcol\"><em>Power</em><br>100</span> <span class=\"col widelabelcol\"><em>Accuracy</em><br>—</span> <span class=\"col pplabelcol\"><em>PP</em><br>8</span> <span class=\"col movedesccol\">Hoopa-U: Lowers user's Def by 1; breaks protect.</span> </li><li style=\"clear:both\"></li></ul>\n|c|☆der grosse z|/raw <font size=\"1\"><font color=\"#686868\">Priority:</font> 0&nbsp;|&ThickSpace;<font color=\"#686868\">Gen:</font> 6&nbsp;|&ThickSpace;&#10003; Bypasses Protect&nbsp;|&ThickSpace;&#10003; Bypasses Substitutes&nbsp;|&ThickSpace;<font color=\"#686868\">Z-Power:</font> 180&nbsp;|&ThickSpace;<font color=\"#686868\">Target:</font> One Adjacent Pokémon</font>\n\n|inactive|der grosse z has 120 seconds left.\n|c|☆der grosse z|!dt u turn\n|c|☆der grosse z|/raw <ul class=\"utilichart\"><li class=\"result\"><span class=\"col movenamecol\"><a href=\"https://dex.pokemonshowdown.com/moves/uturn\">U-turn</a></span> <span class=\"col typecol\"><img src=\"//play.pokemonshowdown.com/sprites/types/Bug.png\" alt=\"Bug\" width=\"32\" height=\"14\"><img src=\"//play.pokemonshowdown.com/sprites/categories/Physical.png\" alt=\"Physical\" width=\"32\" height=\"14\"></span> <span class=\"col labelcol\"><em>Power</em><br>70</span> <span class=\"col widelabelcol\"><em>Accuracy</em><br>100%</span> <span class=\"col pplabelcol\"><em>PP</em><br>32</span> <span class=\"col movedesccol\">User switches out after damaging the target.</span> </li><li style=\"clear:both\"></li></ul>\n|c|☆der grosse z|/raw <font size=\"1\"><font color=\"#686868\">Priority:</font> 0&nbsp;|&ThickSpace;<font color=\"#686868\">Gen:</font> 4&nbsp;|&ThickSpace;&#10003; Contact&nbsp;|&ThickSpace;<font color=\"#686868\">Z-Power:</font> 140&nbsp;|&ThickSpace;<font color=\"#686868\">Target:</font> One Adjacent Pokémon</font>\n\n|\n|t:|1782553528\n|move|p2a: Overseer|Parting Shot|p1a: Slowking\n|-unboost|p1a: Slowking|atk|1\n|-unboost|p1a: Slowking|spa|1\n|inactive|hawkins0 has 120 seconds left.\n|\n|t:|1782553573\n|switch|p2a: Enten|Landorus-Therian, M, shiny|100/100|[from] Parting Shot\n|-ability|p2a: Enten|Intimidate|boost\n|-unboost|p1a: Slowking|atk|1\n|-prepare|p1a: Slowking|Chilly Reception|[premajor]\n|move|p1a: Slowking|Chilly Reception|p1a: Slowking\n|-weather|Snowscape\n|\n|t:|1782553577\n|switch|p1a: Kyurem|Kyurem|100/100|[from] Chilly Reception\n|-ability|p1a: Kyurem|Pressure\n|\n|-weather|Snowscape|[upkeep]\n|upkeep\n|turn|4\n|\n|t:|1782553583\n|move|p2a: Enten|U-turn|p1a: Kyurem\n|-damage|p1a: Kyurem|83/100\n|\n|t:|1782553584\n|switch|p2a: Pisces|Alomomola, M, shiny|100/100|[from] U-turn\n|move|p1a: Kyurem|Blizzard|p2a: Pisces\n|-resisted|p2a: Pisces\n|-damage|p2a: Pisces|79/100\n|\n|-weather|Snowscape|[upkeep]\n|upkeep\n|turn|5\n|\n|t:|1782553592\n|switch|p1a: Slowking|Slowking-Galar, M|100/100\n|move|p2a: Pisces|Flip Turn|p1a: Slowking\n|-crit|p1a: Slowking\n|-damage|p1a: Slowking|74/100\n|\n|t:|1782553600\n|switch|p2a: Khaos|Hoopa-Unbound|100/100|[from] Flip Turn\n|\n|-weather|Snowscape|[upkeep]\n|upkeep\n|turn|6\n|\n|t:|1782553606\n|switch|p1a: Meowscarada|Meowscarada, F|100/100\n|move|p2a: Khaos|Hyperspace Fury|p1a: Meowscarada\n|-resisted|p1a: Meowscarada\n|-damage|p1a: Meowscarada|22/100\n|-unboost|p2a: Khaos|def|1\n|\n|-weather|Snowscape|[upkeep]\n|upkeep\n|turn|7\n|inactive|hawkins0 has 120 seconds left.\n|\n|t:|1782553662\n|switch|p2a: Overseer|Pecharunt|100/100\n|move|p1a: Meowscarada|U-turn|p2a: Overseer\n|-start|p1a: Meowscarada|typechange|Bug|[from] ability: Protean\n|-resisted|p2a: Overseer\n|-damage|p2a: Overseer|97/100\n|\n|t:|1782553665\n|switch|p1a: Kyurem|Kyurem|83/100|[from] U-turn\n|-ability|p1a: Kyurem|Pressure\n|\n|-weather|none\n|upkeep\n|turn|8\n|\n|t:|1782553679\n|move|p1a: Kyurem|Earth Power|p2a: Overseer\n|-supereffective|p2a: Overseer\n|-damage|p2a: Overseer|9/100\n|move|p2a: Overseer|Malignant Chain|p1a: Kyurem\n|-damage|p1a: Kyurem|52/100\n|-status|p1a: Kyurem|tox\n|-start|p1a: Kyurem|confusion|[from] ability: Poison Puppeteer|[of] p2a: Overseer\n|\n|-damage|p1a: Kyurem|46/100 tox|[from] psn\n|upkeep\n|turn|9\n|\n|t:|1782553688\n|switch|p1a: Meowscarada|Meowscarada, F|22/100\n|switch|p2a: Pisces|Alomomola, M, shiny|100/100\n|\n|upkeep\n|turn|10\n|\n|t:|1782553696\n|switch|p2a: Overseer|Pecharunt|9/100\n|move|p1a: Meowscarada|Knock Off|p2a: Overseer\n|-start|p1a: Meowscarada|typechange|Dark|[from] ability: Protean\n|-supereffective|p2a: Overseer\n|-damage|p2a: Overseer|0 fnt\n|faint|p2a: Overseer\n|\n|upkeep\n|inactive|hawkins0 has 120 seconds left.\n|inactive|hawkins0 has 90 seconds left.\n|\n|t:|1782553736\n|switch|p2a: Enten|Landorus-Therian, M, shiny|100/100\n|-ability|p2a: Enten|Intimidate|boost\n|-unboost|p1a: Meowscarada|atk|1\n|turn|11\n|\n|t:|1782553739\n|move|p1a: Meowscarada|Knock Off|p2a: Enten\n|-damage|p2a: Enten|64/100\n|-enditem|p2a: Enten|Choice Scarf|[from] move: Knock Off|[of] p1a: Meowscarada\n|move|p2a: Enten|Stone Edge|p1a: Meowscarada\n|-damage|p1a: Meowscarada|0 fnt\n|faint|p1a: Meowscarada\n|\n|upkeep\n|\n|t:|1782553745\n|switch|p1a: Kyurem|Kyurem|46/100 tox\n|-ability|p1a: Kyurem|Pressure\n|turn|12\n|\n|t:|1782553753\n|switch|p2a: Pisces|Alomomola, M, shiny|100/100\n|move|p1a: Kyurem|Freeze-Dry|p2a: Pisces\n|-supereffective|p2a: Pisces\n|-damage|p2a: Pisces|46/100\n|\n|-damage|p1a: Kyurem|39/100 tox|[from] psn\n|upkeep\n|turn|13\n|\n|t:|1782553758\n|switch|p2a: Liberacy|Cinderace, M, shiny|100/100\n|move|p1a: Kyurem|Freeze-Dry|p2a: Liberacy\n|-resisted|p2a: Liberacy\n|-damage|p2a: Liberacy|61/100\n|\n|-damage|p1a: Kyurem|27/100 tox|[from] psn\n|upkeep\n|turn|14\n|\n|t:|1782553764\n|switch|p1a: Moltres|Moltres|100/100\n|move|p2a: Liberacy|U-turn|p1a: Moltres\n|-start|p2a: Liberacy|typechange|Bug|[from] ability: Libero\n|-resisted|p1a: Moltres\n|-damage|p1a: Moltres|95/100\n|\n|t:|1782553767\n|switch|p2a: Calamity|Iron Valiant, shiny|100/100|[from] U-turn\n|\n|upkeep\n|turn|15\n|\n|t:|1782553775\n|-end|p2a: Calamity|Quark Drive|[silent]\n|switch|p2a: Khaos|Hoopa-Unbound|100/100\n|switch|p1a: Slowking|Slowking-Galar, M|100/100\n|\n|upkeep\n|turn|16\n|\n|t:|1782553785\n|switch|p1a: Great Tusk|Great Tusk|100/100\n|move|p2a: Khaos|Zen Headbutt|p1a: Great Tusk\n|-supereffective|p1a: Great Tusk\n|-damage|p1a: Great Tusk|0 fnt\n|faint|p1a: Great Tusk\n|-end|p1a: Great Tusk|Protosynthesis|[silent]\n|\n|upkeep\n|\n|t:|1782553794\n|switch|p1a: Hatterene|Hatterene, F|100/100\n|turn|17\n|\n|t:|1782553799\n|switch|p2a: Pisces|Alomomola, M, shiny|79/100\n|move|p1a: Hatterene|Nuzzle|p2a: Pisces\n|-supereffective|p2a: Pisces\n|-damage|p2a: Pisces|74/100\n|-status|p2a: Pisces|par\n|\n|upkeep\n|turn|18\n|\n|t:|1782553804\n|move|p1a: Hatterene|Draining Kiss|p2a: Pisces\n|-damage|p2a: Pisces|62/100 par\n|cant|p2a: Pisces|par\n|\n|upkeep\n|turn|19\n|\n|t:|1782553822\n|move|p1a: Hatterene|Psychic Noise|p2a: Pisces\n|-damage|p2a: Pisces|45/100 par\n|-start|p2a: Pisces|move: Heal Block\n|move|p2a: Pisces|Flip Turn|p1a: Hatterene\n|-damage|p1a: Hatterene|88/100\n|-damage|p2a: Pisces|28/100 par|[from] item: Rocky Helmet|[of] p1a: Hatterene\n|\n|t:|1782553824\n|switch|p2a: Khaos|Hoopa-Unbound|100/100|[from] Flip Turn\n|\n|upkeep\n|turn|20\n|\n|t:|1782553838\n|move|p2a: Khaos|Hyperspace Fury|p1a: Hatterene\n|-damage|p1a: Hatterene|2/100\n|-unboost|p2a: Khaos|def|1\n|move|p1a: Hatterene|Nuzzle|p2a: Khaos\n|-damage|p2a: Khaos|91/100\n|-status|p2a: Khaos|par\n|\n|upkeep\n|turn|21\n|\n|t:|1782553850\n|move|p2a: Khaos|Hyperspace Fury|p1a: Hatterene\n|-damage|p1a: Hatterene|0 fnt\n|-unboost|p2a: Khaos|def|1\n|faint|p1a: Hatterene\n|\n|upkeep\n|\n|t:|1782553854\n|switch|p1a: Kyurem|Kyurem|27/100 tox\n|-ability|p1a: Kyurem|Pressure\n|turn|22\n|\n|t:|1782553864\n|switch|p2a: Pisces|Alomomola, M, shiny|61/100 par\n|move|p1a: Kyurem|Freeze-Dry|p2a: Pisces\n|-supereffective|p2a: Pisces\n|-crit|p2a: Pisces\n|-damage|p2a: Pisces|0 fnt\n|faint|p2a: Pisces\n|\n|-damage|p1a: Kyurem|21/100 tox|[from] psn\n|upkeep\n|\n|t:|1782553871\n|switch|p2a: Calamity|Iron Valiant, shiny|100/100\n|turn|23\n|\n|t:|1782553874\n|switch|p1a: Slowking|Slowking-Galar, M|100/100\n|move|p2a: Calamity|Shadow Ball|p1a: Slowking\n|-supereffective|p1a: Slowking\n|-damage|p1a: Slowking|58/100\n|-unboost|p1a: Slowking|spd|1\n|\n|upkeep\n|turn|24\n|\n|t:|1782553881\n|switch|p1a: Moltres|Moltres|95/100\n|move|p2a: Calamity|Shadow Ball|p1a: Moltres\n|-damage|p1a: Moltres|53/100\n|\n|upkeep\n|turn|25\n|\n|t:|1782553890\n|move|p2a: Calamity|Shadow Ball|p1a: Moltres\n|-damage|p1a: Moltres|13/100\n|move|p1a: Moltres|Roost|p1a: Moltres\n|-heal|p1a: Moltres|63/100\n|-singleturn|p1a: Moltres|move: Roost\n|\n|upkeep\n|turn|26\n|\n|t:|1782553899\n|-end|p2a: Calamity|Quark Drive|[silent]\n|switch|p2a: Enten|Landorus-Therian, M, shiny|64/100\n|-ability|p2a: Enten|Intimidate|boost\n|-unboost|p1a: Moltres|atk|1\n|move|p1a: Moltres|U-turn|p2a: Enten\n|-resisted|p2a: Enten\n|-damage|p2a: Enten|58/100\n|\n|t:|1782553901\n|switch|p1a: Kyurem|Kyurem|21/100 tox|[from] U-turn\n|-ability|p1a: Kyurem|Pressure\n|\n|-damage|p1a: Kyurem|15/100 tox|[from] psn\n|upkeep\n|turn|27\n|\n|t:|1782553904\n|move|p1a: Kyurem|Ice Beam|p2a: Enten\n|-supereffective|p2a: Enten\n|-damage|p2a: Enten|0 fnt\n|faint|p2a: Enten\n|\n|-damage|p1a: Kyurem|3/100 tox|[from] psn\n|upkeep\n|\n|t:|1782553908\n|switch|p2a: Liberacy|Cinderace, M, shiny|61/100\n|turn|28\n|\n|t:|1782553911\n|switch|p1a: Moltres|Moltres|63/100\n|move|p2a: Liberacy|U-turn|p1a: Moltres\n|-start|p2a: Liberacy|typechange|Bug|[from] ability: Libero\n|-resisted|p1a: Moltres\n|-damage|p1a: Moltres|57/100\n|\n|t:|1782553915\n|switch|p2a: Calamity|Iron Valiant, shiny|100/100|[from] U-turn\n|\n|upkeep\n|turn|29\n|\n|t:|1782553921\n|move|p2a: Calamity|Shadow Ball|p1a: Moltres\n|-damage|p1a: Moltres|18/100\n|move|p1a: Moltres|Roost|p1a: Moltres\n|-heal|p1a: Moltres|68/100\n|-singleturn|p1a: Moltres|move: Roost\n|\n|upkeep\n|turn|30\n|\n|t:|1782553925\n|-end|p2a: Calamity|Quark Drive|[silent]\n|switch|p2a: Khaos|Hoopa-Unbound|91/100 par\n|move|p1a: Moltres|U-turn|p2a: Khaos\n|-supereffective|p2a: Khaos\n|-damage|p2a: Khaos|0 fnt\n|faint|p2a: Khaos\n|\n|t:|1782553929\n|switch|p1a: Kyurem|Kyurem|3/100 tox|[from] U-turn\n|-ability|p1a: Kyurem|Pressure\n|\n|-damage|p1a: Kyurem|0 fnt|[from] psn\n|faint|p1a: Kyurem\n|upkeep\n|\n|t:|1782553939\n|switch|p1a: Slowking|Slowking-Galar, M|91/100\n|switch|p2a: Calamity|Iron Valiant, shiny|100/100\n|turn|31\n|\n|t:|1782553942\n|-end|p2a: Calamity|Quark Drive|[silent]\n|switch|p2a: Liberacy|Cinderace, M, shiny|61/100\n|-terastallize|p1a: Slowking|Water\n|move|p1a: Slowking|Sludge Bomb|p2a: Liberacy\n|-damage|p2a: Liberacy|10/100\n|-status|p2a: Liberacy|psn\n|\n|-damage|p2a: Liberacy|0 fnt|[from] psn\n|faint|p2a: Liberacy\n|upkeep\n|\n|t:|1782553945\n|switch|p2a: Calamity|Iron Valiant, shiny|100/100\n|turn|32\n|\n|t:|1782553947\n|move|p2a: Calamity|Thunderbolt|p1a: Slowking\n|-supereffective|p1a: Slowking\n|-damage|p1a: Slowking|37/100\n|move|p1a: Slowking|Sludge Bomb|p2a: Calamity\n|-supereffective|p2a: Calamity\n|-damage|p2a: Calamity|0 fnt\n|faint|p2a: Calamity\n|-end|p2a: Calamity|Quark Drive|[silent]\n|\n|win|der grosse z\n|raw|der grosse z's rating: 1588 &rarr; <strong>1614</strong><br />(+26 for winning)\n|raw|hawkins0's rating: 1692 &rarr; <strong>1666</strong><br />(-26 for losing)\n|l|☆hawkins0\n|player|p2|\n|l|☆der grosse z\n|player|p1|\n", "uploadtime": 1782554138, "views": 7, "formatid": "gen9ou", "rating": 1614, "private": 0, "password": null}