{"id": "gen9ou-2647751661", "format": "[Gen 9] OU", "players": ["Mister_P4e", "917Kevin"], "log": "|j|☆Mister_P4e\n|j|☆917Kevin\n|t:|1783806512\n|gametype|singles\n|player|p1|Mister_P4e|169|1127\n|player|p2|917Kevin|hugh|1229\n|gen|9\n|tier|[Gen 9] OU\n|rated|\n|rule|HP Percentage Mod: HP is shown in percentages\n|rule|Endless Battle Clause: Forcing endless battles is banned\n|rule|Species Clause: Limit one of each Pokémon\n|rule|OHKO Clause: OHKO moves are banned\n|rule|Evasion Items Clause: Evasion items are banned\n|rule|Evasion Moves Clause: Evasion moves are banned\n|rule|Evasion Abilities Clause: Evasion abilities are banned\n|rule|Sleep Moves Clause: Sleep-inducing moves are banned\n|clearpoke\n|poke|p1|Lycanroc-Midnight, F|\n|poke|p1|Passimian, M|\n|poke|p1|Palossand, F|\n|poke|p1|Cinccino, M|\n|poke|p1|Exeggutor-Alola, M|\n|poke|p1|Hippowdon, F|\n|poke|p2|Weavile, M|\n|poke|p2|Gardevoir, F|\n|poke|p2|Garchomp, M|\n|poke|p2|Scizor, M|\n|poke|p2|Infernape, M|\n|poke|p2|Blastoise, M|\n|teampreview\n|inactive|Battle timer is ON: inactive players will automatically lose when time's up. (requested by 917Kevin)\n|c|☆Mister_P4e|glhf\n|\n|t:|1783806533\n|teamsize|p1|6\n|teamsize|p2|6\n|start\n|switch|p1a: Hippowdon|Hippowdon, F|100/100\n|switch|p2a: Weavile|Weavile, M|100/100\n|-ability|p2a: Weavile|Pressure\n|-weather|Sandstorm|[from] ability: Sand Stream|[of] p1a: Hippowdon\n|turn|1\n|\n|t:|1783806551\n|switch|p1a: Passimian|Passimian, M|100/100\n|move|p2a: Weavile|Fake Out|p1a: Passimian\n|-damage|p1a: Passimian|86/100\n|\n|-weather|Sandstorm|[upkeep]\n|-damage|p1a: Passimian|79/100|[from] Sandstorm\n|-damage|p2a: Weavile|94/100|[from] Sandstorm\n|upkeep\n|turn|2\n|\n|t:|1783806561\n|move|p1a: Passimian|Close Combat|p2a: Weavile\n|-supereffective|p2a: Weavile\n|-damage|p2a: Weavile|0 fnt\n|-unboost|p1a: Passimian|def|1\n|-unboost|p1a: Passimian|spd|1\n|faint|p2a: Weavile\n|\n|-weather|Sandstorm|[upkeep]\n|-damage|p1a: Passimian|73/100|[from] Sandstorm\n|upkeep\n|\n|t:|1783806570\n|switch|p2a: Scizor|Scizor, M|100/100\n|turn|3\n|\n|t:|1783806586\n|switch|p1a: Hippowdon|Hippowdon, F|100/100\n|move|p2a: Scizor|Bullet Punch|p1a: Hippowdon\n|-damage|p1a: Hippowdon|68/100\n|-damage|p2a: Scizor|91/100|[from] item: Life Orb\n|\n|-weather|Sandstorm|[upkeep]\n|-heal|p1a: Hippowdon|74/100|[from] item: Leftovers\n|upkeep\n|turn|4\n|inactive|917Kevin has 120 seconds left.\n|\n|t:|1783806621\n|move|p2a: Scizor|Swords Dance|p2a: Scizor\n|-boost|p2a: Scizor|atk|2\n|move|p1a: Hippowdon|Stealth Rock|p2a: Scizor\n|-sidestart|p2: 917Kevin|move: Stealth Rock\n|\n|-weather|Sandstorm|[upkeep]\n|-heal|p1a: Hippowdon|80/100|[from] item: Leftovers\n|upkeep\n|turn|5\n|inactive|917Kevin has 120 seconds left.\n|\n|t:|1783806629\n|move|p2a: Scizor|Dual Wingbeat|p1a: Hippowdon\n|-damage|p1a: Hippowdon|35/100\n|-damage|p1a: Hippowdon|0 fnt\n|faint|p1a: Hippowdon\n|-hitcount|p1: Hippowdon|2\n|-damage|p2a: Scizor|81/100|[from] item: Life Orb\n|\n|-weather|none\n|upkeep\n|\n|t:|1783806638\n|switch|p1a: Passimian|Passimian, M|73/100\n|turn|6\n|\n|t:|1783806641\n|move|p2a: Scizor|Bullet Punch|p1a: Passimian\n|-damage|p1a: Passimian|0 fnt\n|faint|p1a: Passimian\n|-damage|p2a: Scizor|71/100|[from] item: Life Orb\n|\n|upkeep\n|\n|t:|1783806648\n|switch|p1a: Palossand|Palossand, F|100/100\n|turn|7\n|\n|t:|1783806654\n|move|p2a: Scizor|Bullet Punch|p1a: Palossand\n|-damage|p1a: Palossand|47/100\n|-damage|p2a: Scizor|61/100|[from] item: Life Orb\n|move|p1a: Palossand|Earth Power|p2a: Scizor\n|-damage|p2a: Scizor|22/100\n|\n|-heal|p1a: Palossand|53/100|[from] item: Leftovers\n|upkeep\n|turn|8\n|\n|t:|1783806663\n|move|p2a: Scizor|Dual Wingbeat|p1a: Palossand\n|-damage|p1a: Palossand|18/100\n|-damage|p1a: Palossand|0 fnt\n|faint|p1a: Palossand\n|-hitcount|p1: Palossand|2\n|-damage|p2a: Scizor|12/100|[from] item: Life Orb\n|\n|upkeep\n|\n|t:|1783806666\n|switch|p1a: Lycanroc|Lycanroc-Midnight, F|100/100\n|turn|9\n|\n|t:|1783806671\n|move|p1a: Lycanroc|Sucker Punch|p2a: Scizor\n|-damage|p2a: Scizor|0 fnt\n|faint|p2a: Scizor\n|\n|upkeep\n|\n|t:|1783806674\n|switch|p2a: Blastoise|Blastoise, M|100/100\n|-damage|p2a: Blastoise|88/100|[from] Stealth Rock\n|turn|10\n|\n|t:|1783806681\n|switch|p1a: Exeggutor|Exeggutor-Alola, M|100/100\n|move|p2a: Blastoise|Rapid Spin|p1a: Exeggutor\n|-damage|p1a: Exeggutor|92/100\n|-boost|p2a: Blastoise|spe|1\n|-sideend|p2: 917Kevin|Stealth Rock|[from] move: Rapid Spin|[of] p2a: Blastoise\n|\n|upkeep\n|turn|11\n|\n|t:|1783806694\n|move|p2a: Blastoise|Ice Beam|p1a: Exeggutor\n|-supereffective|p1a: Exeggutor\n|-damage|p1a: Exeggutor|0 fnt\n|faint|p1a: Exeggutor\n|\n|upkeep\n|\n|t:|1783806698\n|switch|p1a: Cinccino|Cinccino, M|100/100\n|turn|12\n|\n|t:|1783806707\n|move|p2a: Blastoise|Surf|p1a: Cinccino\n|-damage|p1a: Cinccino|31/100\n|move|p1a: Cinccino|Bullet Seed|p2a: Blastoise\n|-supereffective|p2a: Blastoise\n|-damage|p2a: Blastoise|63/100\n|-supereffective|p2a: Blastoise\n|-damage|p2a: Blastoise|38/100\n|-supereffective|p2a: Blastoise\n|-damage|p2a: Blastoise|13/100\n|-supereffective|p2a: Blastoise\n|-damage|p2a: Blastoise|0 fnt\n|faint|p2a: Blastoise\n|-hitcount|p2: Blastoise|4\n|\n|upkeep\n|\n|t:|1783806723\n|switch|p2a: Gardevoir|Gardevoir, F|100/100\n|-ability|p2a: Gardevoir|Skill Link|Trace|[from] ability: Trace|[of] p1a: Cinccino\n|turn|13\n|\n|t:|1783806729\n|switch|p1a: Lycanroc|Lycanroc-Midnight, F|100/100\n|move|p2a: Gardevoir|Moonblast|p1a: Lycanroc\n|-damage|p1a: Lycanroc|32/100\n|\n|upkeep\n|turn|14\n|\n|t:|1783806736\n|switch|p2a: Infernape|Infernape, M|100/100\n|move|p1a: Lycanroc|Stone Edge|p2a: Infernape\n|-damage|p2a: Infernape|23/100\n|\n|upkeep\n|turn|15\n|\n|t:|1783806743\n|move|p1a: Lycanroc|Sucker Punch|p2a: Infernape\n|-resisted|p2a: Infernape\n|-damage|p2a: Infernape|6/100\n|move|p2a: Infernape|Close Combat|p1a: Lycanroc\n|-supereffective|p1a: Lycanroc\n|-damage|p1a: Lycanroc|0 fnt\n|-unboost|p2a: Infernape|def|1\n|-unboost|p2a: Infernape|spd|1\n|faint|p1a: Lycanroc\n|\n|upkeep\n|\n|t:|1783806745\n|switch|p1a: Cinccino|Cinccino, M|31/100\n|turn|16\n|\n|t:|1783806753\n|-terastallize|p1a: Cinccino|Normal\n|move|p1a: Cinccino|Tail Slap|p2a: Infernape\n|-damage|p2a: Infernape|0 fnt\n|faint|p2a: Infernape\n|-hitcount|p2: Infernape|1\n|\n|upkeep\n|\n|t:|1783806758\n|switch|p2a: Garchomp|Garchomp, M|100/100\n|turn|17\n|\n|t:|1783806763\n|move|p1a: Cinccino|Tail Slap|p2a: Garchomp|[miss]\n|-miss|p1a: Cinccino|p2a: Garchomp\n|move|p2a: Garchomp|Poison Jab|p1a: Cinccino\n|-damage|p1a: Cinccino|0 fnt\n|faint|p1a: Cinccino\n|\n|win|917Kevin\n|raw|Mister_P4e's rating: 1127 &rarr; <strong>1109</strong><br />(-18 for losing)\n|raw|917Kevin's rating: 1229 &rarr; <strong>1247</strong><br />(+18 for winning)\n|l|☆Mister_P4e\n|player|p1|\n|c|☆917Kevin|gg\n|l|☆917Kevin\n|player|p2|\n", "uploadtime": 1783807041, "views": 3, "formatid": "gen9ou", "rating": 1109, "private": 0, "password": null}