{"id": "gen9ou-2639216808", "format": "[Gen 9] OU", "players": ["thepeakmons", "xzq1532"], "log": "|j|☆thepeakmons\n|j|☆xzq1532\n|t:|1782435565\n|gametype|singles\n|player|p1|thepeakmons|101|1240\n|player|p2|xzq1532|acetrainerf-gen4dp|1280\n|gen|9\n|tier|[Gen 9] OU\n|rated|\n|rule|HP Percentage Mod: HP is shown in percentages\n|rule|Endless Battle Clause: Forcing endless battles is banned\n|rule|Species Clause: Limit one of each Pokémon\n|rule|OHKO Clause: OHKO moves are banned\n|rule|Evasion Items Clause: Evasion items are banned\n|rule|Evasion Moves Clause: Evasion moves are banned\n|rule|Evasion Abilities Clause: Evasion abilities are banned\n|rule|Sleep Moves Clause: Sleep-inducing moves are banned\n|clearpoke\n|poke|p1|Corviknight, M|\n|poke|p1|Ting-Lu|\n|poke|p1|Kyurem|\n|poke|p1|Dondozo, F|\n|poke|p1|Slowking-Galar, F|\n|poke|p1|Cinderace, F|\n|poke|p2|Maushold-Four|\n|poke|p2|Iron Moth|\n|poke|p2|Frosmoth, F|\n|poke|p2|Pecharunt|\n|poke|p2|Landorus-Therian, M|\n|poke|p2|Hoopa-Unbound|\n|teampreview\n|inactive|Battle timer is ON: inactive players will automatically lose when time's up. (requested by thepeakmons)\n|\n|t:|1782435584\n|teamsize|p1|6\n|teamsize|p2|6\n|start\n|switch|p1a: Cinderace|Cinderace, F|100/100\n|switch|p2a: Hoppy|Hoopa-Unbound|100/100\n|turn|1\n|\n|t:|1782435590\n|switch|p2a: OU man|Landorus-Therian, M|100/100\n|-ability|p2a: OU man|Intimidate|boost\n|-unboost|p1a: Cinderace|atk|1\n|move|p1a: Cinderace|Pyro Ball|p2a: OU man\n|-damage|p2a: OU man|62/100\n|\n|upkeep\n|turn|2\n|\n|t:|1782435603\n|switch|p1a: Corviknight|Corviknight, M|100/100\n|-ability|p1a: Corviknight|Pressure\n|move|p2a: OU man|Stone Edge|p1a: Corviknight|[miss]\n|-miss|p2a: OU man|p1a: Corviknight\n|\n|upkeep\n|turn|3\n|\n|t:|1782435613\n|move|p2a: OU man|Stealth Rock|p1a: Corviknight\n|-sidestart|p1: thepeakmons|move: Stealth Rock\n|move|p1a: Corviknight|Brave Bird|p2a: OU man\n|-damage|p2a: OU man|20/100\n|-damage|p1a: Corviknight|84/100|[from] item: Rocky Helmet|[of] p2a: OU man\n|-damage|p1a: Corviknight|73/100|[from] Recoil\n|\n|upkeep\n|turn|4\n|\n|t:|1782435624\n|move|p2a: OU man|U-turn|p1a: Corviknight\n|-resisted|p1a: Corviknight\n|-damage|p1a: Corviknight|69/100\n|-damage|p2a: OU man|3/100|[from] item: Rocky Helmet|[of] p1a: Corviknight\n|\n|t:|1782435637\n|switch|p2a: Hoppy|Hoopa-Unbound|100/100|[from] U-turn\n|move|p1a: Corviknight|Defog|p2a: Hoppy\n|-unboost|p2a: Hoppy|evasion|1\n|-sideend|p1: thepeakmons|Stealth Rock|[from] move: Defog|[of] p1a: Corviknight\n|\n|upkeep\n|turn|5\n|\n|t:|1782435646\n|move|p2a: Hoppy|Fling|p1a: Corviknight\n|-damage|p1a: Corviknight|13/100\n|-enditem|p2a: Hoppy|Big Nugget|[from] move: Fling\n|move|p1a: Corviknight|Brave Bird|p2a: Hoppy\n|-damage|p2a: Hoppy|43/100\n|-damage|p1a: Corviknight|0 fnt|[from] Recoil\n|faint|p1a: Corviknight\n|\n|upkeep\n|\n|t:|1782435660\n|switch|p1a: Ting-Lu|Ting-Lu|100/100\n|-ability|p1a: Ting-Lu|Vessel of Ruin\n|turn|6\n|\n|t:|1782435673\n|move|p2a: Hoppy|Drain Punch|p1a: Ting-Lu\n|-supereffective|p1a: Ting-Lu\n|-damage|p1a: Ting-Lu|64/100\n|-heal|p2a: Hoppy|74/100|[from] drain|[of] p1a: Ting-Lu\n|-item|p2a: Hoppy|Leftovers|[from] ability: Magician|[of] p1a: Ting-Lu\n|move|p1a: Ting-Lu|Payback|p2a: Hoppy\n|-damage|p2a: Hoppy|11/100\n|\n|-heal|p2a: Hoppy|17/100|[from] item: Leftovers\n|upkeep\n|turn|7\n|\n|t:|1782435691\n|switch|p2a: OU man|Landorus-Therian, M|3/100\n|-ability|p2a: OU man|Intimidate|boost\n|-unboost|p1a: Ting-Lu|atk|1\n|switch|p1a: Slowking|Slowking-Galar, F|100/100\n|\n|upkeep\n|turn|8\n|\n|t:|1782435699\n|move|p2a: OU man|Stealth Rock|p1a: Slowking\n|-sidestart|p1: thepeakmons|move: Stealth Rock\n|-prepare|p1a: Slowking|Chilly Reception|[premajor]\n|move|p1a: Slowking|Chilly Reception|p1a: Slowking\n|-weather|Snowscape\n|\n|t:|1782435711\n|switch|p1a: Cinderace|Cinderace, F|100/100|[from] Chilly Reception\n|\n|-weather|Snowscape|[upkeep]\n|upkeep\n|turn|9\n|\n|t:|1782435723\n|move|p1a: Cinderace|Pyro Ball|p2a: OU man|[miss]\n|-miss|p1a: Cinderace|p2a: OU man\n|move|p2a: OU man|Earthquake|p1a: Cinderace\n|-supereffective|p1a: Cinderace\n|-damage|p1a: Cinderace|0 fnt\n|faint|p1a: Cinderace\n|\n|-weather|Snowscape|[upkeep]\n|upkeep\n|\n|t:|1782435742\n|switch|p1a: Dondozo|Dondozo, F|100/100\n|-damage|p1a: Dondozo|88/100|[from] Stealth Rock\n|turn|10\n|\n|t:|1782435756\n|move|p2a: OU man|U-turn|p1a: Dondozo\n|-damage|p1a: Dondozo|73/100\n|\n|t:|1782435759\n|switch|p2a: Hoppy|Hoopa-Unbound|17/100|[from] U-turn\n|move|p1a: Dondozo|Waterfall|p2a: Hoppy\n|-damage|p2a: Hoppy|0 fnt\n|faint|p2a: Hoppy\n|\n|-weather|Snowscape|[upkeep]\n|-heal|p1a: Dondozo|79/100|[from] item: Leftovers\n|upkeep\n|\n|t:|1782435765\n|switch|p2a: Berry|Pecharunt|100/100\n|turn|11\n|\n|t:|1782435776\n|move|p2a: Berry|Malignant Chain|p1a: Dondozo\n|-damage|p1a: Dondozo|51/100\n|move|p1a: Dondozo|Waterfall|p2a: Berry\n|-damage|p2a: Berry|84/100\n|\n|-weather|Snowscape|[upkeep]\n|-heal|p2a: Berry|90/100|[from] item: Leftovers\n|-heal|p1a: Dondozo|57/100|[from] item: Leftovers\n|upkeep\n|turn|12\n|\n|t:|1782435793\n|move|p2a: Berry|Malignant Chain|p1a: Dondozo\n|-damage|p1a: Dondozo|26/100\n|move|p1a: Dondozo|Rest|p1a: Dondozo\n|-status|p1a: Dondozo|slp|[from] move: Rest\n|-heal|p1a: Dondozo|100/100 slp|[silent]\n|\n|-weather|none\n|-heal|p2a: Berry|96/100|[from] item: Leftovers\n|upkeep\n|turn|13\n|\n|t:|1782435813\n|switch|p1a: Ting-Lu|Ting-Lu|64/100\n|-damage|p1a: Ting-Lu|58/100|[from] Stealth Rock\n|-ability|p1a: Ting-Lu|Vessel of Ruin\n|move|p2a: Berry|Hex|p1a: Ting-Lu\n|-resisted|p1a: Ting-Lu\n|-damage|p1a: Ting-Lu|51/100\n|\n|-heal|p2a: Berry|100/100|[from] item: Leftovers\n|upkeep\n|turn|14\n|inactive|thepeakmons has 120 seconds left.\n|\n|t:|1782435834\n|switch|p2a: OU man|Landorus-Therian, M|3/100\n|-ability|p2a: OU man|Intimidate|boost\n|-unboost|p1a: Ting-Lu|atk|1\n|move|p1a: Ting-Lu|Earthquake|p2a: OU man\n|-immune|p2a: OU man\n|\n|upkeep\n|turn|15\n|inactive|thepeakmons has 120 seconds left.\n|\n|t:|1782435848\n|move|p2a: OU man|Earthquake|p1a: Ting-Lu\n|-damage|p1a: Ting-Lu|18/100\n|move|p1a: Ting-Lu|Rest|p1a: Ting-Lu\n|-status|p1a: Ting-Lu|slp|[from] move: Rest\n|-heal|p1a: Ting-Lu|100/100 slp|[silent]\n|\n|upkeep\n|turn|16\n|inactive|thepeakmons has 120 seconds left.\n|\n|t:|1782435863\n|move|p2a: OU man|Earthquake|p1a: Ting-Lu\n|-damage|p1a: Ting-Lu|70/100 slp\n|cant|p1a: Ting-Lu|slp\n|move|p1a: Ting-Lu|Sleep Talk|p1a: Ting-Lu\n|move|p1a: Ting-Lu|Earthquake|p2a: OU man|[from] move: Sleep Talk\n|-immune|p2a: OU man\n|\n|upkeep\n|turn|17\n|inactive|thepeakmons has 120 seconds left.\n|\n|t:|1782435882\n|move|p2a: OU man|Earthquake|p1a: Ting-Lu\n|-damage|p1a: Ting-Lu|36/100 slp\n|cant|p1a: Ting-Lu|slp\n|move|p1a: Ting-Lu|Sleep Talk|p1a: Ting-Lu\n|move|p1a: Ting-Lu|Payback|p2a: OU man|[from] move: Sleep Talk\n|-damage|p2a: OU man|0 fnt\n|-damage|p1a: Ting-Lu|20/100 slp|[from] item: Rocky Helmet|[of] p2a: OU man\n|faint|p2a: OU man\n|\n|upkeep\n|\n|t:|1782435890\n|switch|p2a: Moth A|Iron Moth|100/100\n|-enditem|p2a: Moth A|Booster Energy\n|-activate|p2a: Moth A|ability: Quark Drive|[fromitem]\n|-start|p2a: Moth A|quarkdrivespe\n|turn|18\n|inactive|thepeakmons has 120 seconds left.\n|\n|t:|1782435898\n|move|p2a: Moth A|Dazzling Gleam|p1a: Ting-Lu\n|-supereffective|p1a: Ting-Lu\n|-damage|p1a: Ting-Lu|0 fnt\n|faint|p1a: Ting-Lu\n|\n|upkeep\n|inactive|thepeakmons has 120 seconds left.\n|\n|t:|1782435918\n|switch|p1a: Slowking|Slowking-Galar, F|100/100\n|-damage|p1a: Slowking|88/100|[from] Stealth Rock\n|turn|19\n|\n|t:|1782435933\n|move|p2a: Moth A|Fiery Dance|p1a: Slowking\n|-damage|p1a: Slowking|55/100\n|-boost|p2a: Moth A|spa|1\n|move|p1a: Slowking|Future Sight|p2a: Moth A\n|-start|p1a: Slowking|move: Future Sight\n|\n|upkeep\n|turn|20\n|\n|t:|1782435946\n|switch|p1a: Dondozo|Dondozo, F|100/100 slp\n|-damage|p1a: Dondozo|88/100 slp|[from] Stealth Rock\n|move|p2a: Moth A|Fiery Dance|p1a: Dondozo\n|-resisted|p1a: Dondozo\n|-damage|p1a: Dondozo|75/100 slp\n|\n|-heal|p1a: Dondozo|81/100 slp|[from] item: Leftovers\n|upkeep\n|turn|21\n|\n|t:|1782435967\n|-end|p2a: Moth A|Quark Drive|[silent]\n|switch|p2a: Moth B|Frosmoth, F|100/100\n|switch|p1a: Slowking|Slowking-Galar, F|88/100\n|-damage|p1a: Slowking|76/100|[from] Stealth Rock\n|\n|-end|p2a: Moth B|move: Future Sight\n|-damage|p2a: Moth B|90/100\n|upkeep\n|turn|22\n|\n|t:|1782435979\n|switch|p1a: Dondozo|Dondozo, F|81/100 slp\n|-damage|p1a: Dondozo|69/100 slp|[from] Stealth Rock\n|move|p2a: Moth B|Ice Beam|p1a: Dondozo\n|-resisted|p1a: Dondozo\n|-damage|p1a: Dondozo|57/100 slp\n|\n|-heal|p1a: Dondozo|63/100 slp|[from] item: Leftovers\n|upkeep\n|turn|23\n|\n|t:|1782435991\n|move|p2a: Moth B|Giga Drain|p1a: Dondozo\n|-supereffective|p1a: Dondozo\n|-damage|p1a: Dondozo|35/100 slp\n|-heal|p2a: Moth B|100/100|[from] drain|[of] p1a: Dondozo\n|cant|p1a: Dondozo|slp\n|\n|-heal|p1a: Dondozo|41/100 slp|[from] item: Leftovers\n|upkeep\n|turn|24\n|\n|t:|1782436003\n|-terastallize|p2a: Moth B|Water\n|move|p2a: Moth B|Giga Drain|p1a: Dondozo\n|-supereffective|p1a: Dondozo\n|-damage|p1a: Dondozo|14/100 slp\n|cant|p1a: Dondozo|slp\n|\n|-heal|p1a: Dondozo|21/100 slp|[from] item: Leftovers\n|upkeep\n|turn|25\n|\n|t:|1782436021\n|switch|p1a: Slowking|Slowking-Galar, F|100/100\n|-damage|p1a: Slowking|88/100|[from] Stealth Rock\n|move|p2a: Moth B|Giga Drain|p1a: Slowking\n|-resisted|p1a: Slowking\n|-damage|p1a: Slowking|80/100\n|\n|upkeep\n|turn|26\n|\n|t:|1782436033\n|move|p2a: Moth B|Infestation|p1a: Slowking\n|-damage|p1a: Slowking|73/100\n|-activate|p1a: Slowking|move: Infestation|[of] p2a: Moth B\n|move|p1a: Slowking|Sludge Bomb|p2a: Moth B\n|-damage|p2a: Moth B|92/100\n|\n|-damage|p1a: Slowking|61/100|[from] move: Infestation|[partiallytrapped]\n|upkeep\n|turn|27\n|\n|t:|1782436046\n|move|p2a: Moth B|Ice Beam|p1a: Slowking\n|-crit|p1a: Slowking\n|-damage|p1a: Slowking|12/100\n|-prepare|p1a: Slowking|Chilly Reception|[premajor]\n|move|p1a: Slowking|Chilly Reception|p1a: Slowking\n|-weather|Snowscape\n|\n|t:|1782436053\n|switch|p1a: Kyurem|Kyurem|100/100|[from] Chilly Reception\n|-damage|p1a: Kyurem|75/100|[from] Stealth Rock\n|-ability|p1a: Kyurem|Pressure\n|\n|-weather|Snowscape|[upkeep]\n|-heal|p1a: Kyurem|82/100|[from] item: Leftovers\n|upkeep\n|turn|28\n|\n|t:|1782436064\n|move|p1a: Kyurem|Protect|p1a: Kyurem\n|-singleturn|p1a: Kyurem|Protect\n|move|p2a: Moth B|Dazzling Gleam|p1a: Kyurem\n|-activate|p1a: Kyurem|move: Protect\n|\n|-weather|Snowscape|[upkeep]\n|-heal|p1a: Kyurem|88/100|[from] item: Leftovers\n|upkeep\n|turn|29\n|\n|t:|1782436075\n|move|p1a: Kyurem|Substitute|p1a: Kyurem\n|-start|p1a: Kyurem|Substitute\n|-damage|p1a: Kyurem|63/100\n|move|p2a: Moth B|Dazzling Gleam|p1a: Kyurem\n|-supereffective|p1a: Kyurem\n|-end|p1a: Kyurem|Substitute\n|\n|-weather|Snowscape|[upkeep]\n|-heal|p1a: Kyurem|69/100|[from] item: Leftovers\n|upkeep\n|turn|30\n|\n|t:|1782436093\n|move|p1a: Kyurem|Protect|p1a: Kyurem\n|-singleturn|p1a: Kyurem|Protect\n|move|p2a: Moth B|Dazzling Gleam|p1a: Kyurem\n|-activate|p1a: Kyurem|move: Protect\n|\n|-weather|Snowscape|[upkeep]\n|-heal|p1a: Kyurem|75/100|[from] item: Leftovers\n|upkeep\n|turn|31\n|\n|t:|1782436104\n|move|p1a: Kyurem|Substitute|p1a: Kyurem\n|-start|p1a: Kyurem|Substitute\n|-damage|p1a: Kyurem|50/100\n|move|p2a: Moth B|Dazzling Gleam|p1a: Kyurem\n|-supereffective|p1a: Kyurem\n|-end|p1a: Kyurem|Substitute\n|\n|-weather|none\n|-heal|p1a: Kyurem|56/100|[from] item: Leftovers\n|upkeep\n|turn|32\n|\n|t:|1782436113\n|move|p1a: Kyurem|Earth Power|p2a: Moth B\n|-damage|p2a: Moth B|84/100\n|move|p2a: Moth B|Dazzling Gleam|p1a: Kyurem\n|-supereffective|p1a: Kyurem\n|-damage|p1a: Kyurem|13/100\n|\n|-heal|p1a: Kyurem|19/100|[from] item: Leftovers\n|upkeep\n|turn|33\n|\n|t:|1782436130\n|move|p1a: Kyurem|Protect|p1a: Kyurem\n|-singleturn|p1a: Kyurem|Protect\n|move|p2a: Moth B|Dazzling Gleam|p1a: Kyurem\n|-activate|p1a: Kyurem|move: Protect\n|\n|-heal|p1a: Kyurem|25/100|[from] item: Leftovers\n|upkeep\n|turn|34\n|\n|t:|1782436142\n|move|p1a: Kyurem|Earth Power|p2a: Moth B\n|-damage|p2a: Moth B|76/100\n|move|p2a: Moth B|Dazzling Gleam|p1a: Kyurem\n|-supereffective|p1a: Kyurem\n|-damage|p1a: Kyurem|0 fnt\n|faint|p1a: Kyurem\n|\n|upkeep\n|\n|t:|1782436155\n|switch|p1a: Slowking|Slowking-Galar, F|45/100\n|-damage|p1a: Slowking|32/100|[from] Stealth Rock\n|turn|35\n|\n|t:|1782436162\n|switch|p1a: Dondozo|Dondozo, F|21/100 slp\n|-damage|p1a: Dondozo|8/100 slp|[from] Stealth Rock\n|move|p2a: Moth B|Ice Beam|p1a: Dondozo\n|-resisted|p1a: Dondozo\n|-damage|p1a: Dondozo|0 fnt\n|faint|p1a: Dondozo\n|\n|upkeep\n|\n|t:|1782436169\n|switch|p1a: Slowking|Slowking-Galar, F|66/100\n|-damage|p1a: Slowking|53/100|[from] Stealth Rock\n|turn|36\n|\n|t:|1782436175\n|move|p2a: Moth B|Infestation|p1a: Slowking\n|-damage|p1a: Slowking|47/100\n|-activate|p1a: Slowking|move: Infestation|[of] p2a: Moth B\n|move|p1a: Slowking|Sludge Bomb|p2a: Moth B\n|-damage|p2a: Moth B|68/100\n|\n|-damage|p1a: Slowking|35/100|[from] move: Infestation|[partiallytrapped]\n|upkeep\n|turn|37\n|\n|t:|1782436181\n|move|p2a: Moth B|Ice Beam|p1a: Slowking\n|-damage|p1a: Slowking|2/100\n|-status|p1a: Slowking|frz\n|cant|p1a: Slowking|frz\n|\n|-damage|p1a: Slowking|0 fnt|[from] move: Infestation|[partiallytrapped]\n|faint|p1a: Slowking\n|\n|win|xzq1532\n|raw|thepeakmons's rating: 1240 &rarr; <strong>1218</strong><br />(-22 for losing)\n|raw|xzq1532's rating: 1280 &rarr; <strong>1302</strong><br />(+22 for winning)\n", "uploadtime": 1782436181, "views": 14, "formatid": "gen9ou", "rating": 1218, "private": 0, "password": null}