{"id": "gen9ou-2647688024", "format": "[Gen 9] OU", "players": ["Tele-Flurry Spam", "a3720"], "log": "|j|☆Tele-Flurry Spam\n|j|☆a3720\n|t:|1783796471\n|gametype|singles\n|player|p1|Tele-Flurry Spam|hugh|1593\n|player|p2|a3720|1|1607\n|gen|9\n|tier|[Gen 9] OU\n|rated|\n|rule|HP Percentage Mod: HP is shown in percentages\n|rule|Endless Battle Clause: Forcing endless battles is banned\n|rule|Species Clause: Limit one of each Pokémon\n|rule|OHKO Clause: OHKO moves are banned\n|rule|Evasion Items Clause: Evasion items are banned\n|rule|Evasion Moves Clause: Evasion moves are banned\n|rule|Evasion Abilities Clause: Evasion abilities are banned\n|rule|Sleep Moves Clause: Sleep-inducing moves are banned\n|clearpoke\n|poke|p1|Kyurem|\n|poke|p1|Iron Treads|\n|poke|p1|Primarina, M|\n|poke|p1|Alomomola, M|\n|poke|p1|Cinderace, F|\n|poke|p1|Darkrai|\n|poke|p2|Indeedee, M|\n|poke|p2|Dragapult, M|\n|poke|p2|Deoxys-Speed|\n|poke|p2|Excadrill, M|\n|poke|p2|Quaquaval, F|\n|poke|p2|Armarouge, F|\n|teampreview\n|inactive|Battle timer is ON: inactive players will automatically lose when time's up. (requested by Tele-Flurry Spam)\n|\n|t:|1783796493\n|teamsize|p1|6\n|teamsize|p2|6\n|start\n|switch|p1a: Darkrai|Darkrai|100/100\n|switch|p2a: Excadrill|Excadrill, M|100/100\n|-ability|p2a: Excadrill|Mold Breaker\n|turn|1\n|inactive|Tele-Flurry Spam has 120 seconds left.\n|\n|t:|1783796533\n|switch|p2a: Quaquaval|Quaquaval, F|100/100\n|move|p1a: Darkrai|Dark Pulse|p2a: Quaquaval\n|-resisted|p2a: Quaquaval\n|-damage|p2a: Quaquaval|73/100\n|\n|upkeep\n|turn|2\n|\n|t:|1783796541\n|switch|p1a: Alomomola|Alomomola, M|100/100\n|move|p2a: Quaquaval|Aqua Step|p1a: Alomomola\n|-resisted|p1a: Alomomola\n|-damage|p1a: Alomomola|85/100\n|-boost|p2a: Quaquaval|spe|1\n|-damage|p2a: Quaquaval|64/100|[from] item: Life Orb\n|\n|upkeep\n|turn|3\n|inactive|Tele-Flurry Spam has 120 seconds left.\n|\n|t:|1783796557\n|move|p2a: Quaquaval|Swords Dance|p2a: Quaquaval\n|-boost|p2a: Quaquaval|atk|2\n|move|p1a: Alomomola|Flip Turn|p2a: Quaquaval\n|-resisted|p2a: Quaquaval\n|-damage|p2a: Quaquaval|53/100\n|inactive|Tele-Flurry Spam has 120 seconds left.\n|\n|t:|1783796588\n|switch|p1a: Kyurem|Kyurem|100/100|[from] Flip Turn\n|-ability|p1a: Kyurem|Pressure\n|\n|upkeep\n|turn|4\n|\n|t:|1783796601\n|switch|p1a: Alomomola|Alomomola, M|100/100\n|move|p2a: Quaquaval|Close Combat|p1a: Alomomola\n|-damage|p1a: Alomomola|3/100\n|-unboost|p2a: Quaquaval|def|1\n|-unboost|p2a: Quaquaval|spd|1\n|-damage|p2a: Quaquaval|43/100|[from] item: Life Orb\n|\n|upkeep\n|turn|5\n|\n|t:|1783796615\n|move|p2a: Quaquaval|Aqua Step|p1a: Alomomola\n|-resisted|p1a: Alomomola\n|-damage|p1a: Alomomola|0 fnt\n|-boost|p2a: Quaquaval|spe|1\n|faint|p1a: Alomomola\n|-ability|p2a: Quaquaval|Moxie|boost\n|-boost|p2a: Quaquaval|atk|1\n|-damage|p2a: Quaquaval|33/100|[from] item: Life Orb\n|\n|upkeep\n|\n|t:|1783796624\n|switch|p1a: Cinderace|Cinderace, F|100/100\n|turn|6\n|j| lowladderubersnoob\n|\n|t:|1783796650\n|switch|p2a: Indeedee|Indeedee, M|100/100\n|-fieldstart|move: Psychic Terrain|[from] ability: Psychic Surge|[of] p2a: Indeedee\n|move|p1a: Cinderace|Sucker Punch||[still]\n|-fail|p1a: Cinderace\n|\n|upkeep\n|turn|7\n|\n|t:|1783796662\n|switch|p2a: Armarouge|Armarouge, F|100/100\n|move|p1a: Cinderace|U-turn|p2a: Armarouge\n|-start|p1a: Cinderace|typechange|Bug|[from] ability: Libero\n|-damage|p2a: Armarouge|64/100\n|-ability|p2a: Armarouge|Weak Armor|boost\n|-unboost|p2a: Armarouge|def|1\n|-boost|p2a: Armarouge|spe|2\n|inactive|Tele-Flurry Spam has 90 seconds left.\n|\n|t:|1783796715\n|switch|p1a: Primarina|Primarina, M|100/100|[from] U-turn\n|\n|upkeep\n|turn|8\n|\n|t:|1783796723\n|move|p2a: Armarouge|Endure|p2a: Armarouge\n|-singleturn|p2a: Armarouge|move: Endure\n|move|p1a: Primarina|Surf|p2a: Armarouge\n|-supereffective|p2a: Armarouge\n|-activate|p2a: Armarouge|move: Endure\n|-damage|p2a: Armarouge|1/100\n|-enditem|p2a: Armarouge|Weakness Policy\n|-boost|p2a: Armarouge|atk|2|[from] item: Weakness Policy\n|-boost|p2a: Armarouge|spa|2|[from] item: Weakness Policy\n|\n|upkeep\n|turn|9\n|\n|t:|1783796736\n|switch|p1a: Darkrai|Darkrai|100/100\n|move|p2a: Armarouge|Expanding Force|p1a: Darkrai\n|-immune|p1a: Darkrai\n|\n|upkeep\n|turn|10\n|\n|t:|1783796745\n|move|p1a: Darkrai|Dark Pulse|p2a: Armarouge\n|-supereffective|p2a: Armarouge\n|-damage|p2a: Armarouge|0 fnt\n|faint|p2a: Armarouge\n|\n|upkeep\n|\n|t:|1783796758\n|switch|p2a: Quaquaval|Quaquaval, F|33/100\n|turn|11\n|inactive|Tele-Flurry Spam has 90 seconds left.\n|inactive|Tele-Flurry Spam has 60 seconds left.\n|\n|t:|1783796821\n|switch|p1a: Cinderace|Cinderace, F|100/100\n|move|p2a: Quaquaval|Close Combat|p1a: Cinderace\n|-damage|p1a: Cinderace|0 fnt\n|-unboost|p2a: Quaquaval|def|1\n|-unboost|p2a: Quaquaval|spd|1\n|faint|p1a: Cinderace\n|-ability|p2a: Quaquaval|Moxie|boost\n|-boost|p2a: Quaquaval|atk|1\n|-damage|p2a: Quaquaval|23/100|[from] item: Life Orb\n|\n|upkeep\n|\n|t:|1783796833\n|switch|p1a: Iron Treads|Iron Treads|100/100\n|turn|12\n|\n|t:|1783796844\n|move|p1a: Iron Treads|Earthquake|p2a: Quaquaval\n|-damage|p2a: Quaquaval|0 fnt\n|faint|p2a: Quaquaval\n|\n|upkeep\n|inactive|a3720 has 120 seconds left.\n|inactive|a3720 has 90 seconds left.\n|\n|t:|1783796899\n|switch|p2a: Deoxys|Deoxys-Speed|100/100\n|-ability|p2a: Deoxys|Pressure\n|turn|13\n|\n|t:|1783796912\n|move|p2a: Deoxys|Focus Blast|p1a: Iron Treads\n|-supereffective|p1a: Iron Treads\n|-damage|p1a: Iron Treads|0 fnt\n|faint|p1a: Iron Treads\n|-end|p1a: Iron Treads|Quark Drive|[silent]\n|-damage|p2a: Deoxys|91/100|[from] item: Life Orb\n|\n|-fieldend|move: Psychic Terrain\n|upkeep\n|\n|t:|1783796928\n|switch|p1a: Darkrai|Darkrai|100/100\n|turn|14\n|inactive|a3720 has 90 seconds left.\n|inactive|Tele-Flurry Spam has 30 seconds left.\n|inactive|Tele-Flurry Spam has 20 seconds left.\n|inactive|Tele-Flurry Spam has 15 seconds left.\n|inactive|Tele-Flurry Spam has 10 seconds left.\n|inactive|a3720 has 60 seconds left.\n|inactive|Tele-Flurry Spam has 5 seconds left.\n|\n|t:|1783796996\n|switch|p1a: Primarina|Primarina, M|100/100\n|move|p2a: Deoxys|Focus Blast|p1a: Primarina|[miss]\n|-miss|p2a: Deoxys|p1a: Primarina\n|\n|upkeep\n|turn|15\n|inactive|Tele-Flurry Spam has 15 seconds left this turn.\n|inactive|Tele-Flurry Spam has 10 seconds left.\n|\n|t:|1783797011\n|switch|p2a: Indeedee|Indeedee, M|100/100\n|-fieldstart|move: Psychic Terrain|[from] ability: Psychic Surge|[of] p2a: Indeedee\n|move|p1a: Primarina|Surf|p2a: Indeedee\n|-damage|p2a: Indeedee|41/100\n|\n|upkeep\n|turn|16\n|inactive|Tele-Flurry Spam has 20 seconds left this turn.\n|inactive|Tele-Flurry Spam has 15 seconds left.\n|inactive|Tele-Flurry Spam has 10 seconds left.\n|\n|t:|1783797028\n|move|p2a: Indeedee|Healing Wish|p2a: Indeedee\n|faint|p2a: Indeedee\n|move|p1a: Primarina|Surf|p2: Indeedee|[notarget]\n|-fail|p1a: Primarina\n|\n|upkeep\n|\n|t:|1783797038\n|switch|p2a: Excadrill|Excadrill, M|100/100\n|-ability|p2a: Excadrill|Mold Breaker\n|turn|17\n|inactive|Tele-Flurry Spam has 25 seconds left this turn.\n|inactive|Tele-Flurry Spam has 20 seconds left.\n|inactive|Tele-Flurry Spam has 15 seconds left.\n|inactive|a3720 has 30 seconds left.\n|inactive|a3720 has 20 seconds left.\n|\n|t:|1783797070\n|switch|p1a: Kyurem|Kyurem|100/100\n|-ability|p1a: Kyurem|Pressure\n|move|p2a: Excadrill|Earthquake|p1a: Kyurem\n|-damage|p1a: Kyurem|50/100\n|\n|-heal|p1a: Kyurem|56/100|[from] item: Leftovers\n|upkeep\n|turn|18\n|inactive|Tele-Flurry Spam has 25 seconds left this turn.\n|inactive|a3720 has 30 seconds left this turn.\n|inactive|Tele-Flurry Spam has 20 seconds left.\n|inactive|Tele-Flurry Spam has 15 seconds left.\n|\n|t:|1783797080\n|move|p1a: Kyurem|Earth Power|p2a: Excadrill\n|-supereffective|p2a: Excadrill\n|-damage|p2a: Excadrill|22/100\n|move|p2a: Excadrill|Iron Head|p1a: Kyurem\n|-supereffective|p1a: Kyurem\n|-damage|p1a: Kyurem|0 fnt\n|faint|p1a: Kyurem\n|\n|upkeep\n|inactive|Tele-Flurry Spam has 20 seconds left this turn.\n|inactive|Tele-Flurry Spam has 15 seconds left.\n|\n|t:|1783797086\n|switch|p1a: Darkrai|Darkrai|100/100\n|turn|19\n|inactive|Tele-Flurry Spam has 25 seconds left this turn.\n|inactive|a3720 has 30 seconds left.\n|inactive|a3720 has 20 seconds left.\n|inactive|a3720 has 15 seconds left.\n|inactive|a3720 has 10 seconds left.\n|inactive|a3720 has 5 seconds left.\n|\n|t:|1783797121\n|move|p1a: Darkrai|Dark Pulse|p2a: Excadrill\n|-damage|p2a: Excadrill|0 fnt\n|faint|p2a: Excadrill\n|\n|upkeep\n|inactive|a3720 has 10 seconds left this turn.\n|\n|t:|1783797124\n|switch|p2a: Dragapult|Dragapult, M|100/100\n|turn|20\n|inactive|a3720 has 20 seconds left this turn.\n|inactive|a3720 has 15 seconds left.\n|\n|t:|1783797131\n|switch|p1a: Primarina|Primarina, M|100/100\n|-terastallize|p2a: Dragapult|Fire\n|move|p2a: Dragapult|Dragon Darts|p1a: Primarina\n|-immune|p1a: Primarina\n|\n|upkeep\n|turn|21\n|inactive|a3720 has 25 seconds left this turn.\n|inactive|a3720 has 20 seconds left.\n|inactive|a3720 has 15 seconds left.\n|\n|t:|1783797145\n|switch|p2a: Deoxys|Deoxys-Speed|91/100\n|-heal|p2a: Deoxys|100/100|[from] move: Healing Wish\n|-ability|p2a: Deoxys|Pressure\n|move|p1a: Primarina|Surf|p2a: Deoxys\n|-damage|p2a: Deoxys|27/100\n|\n|upkeep\n|turn|22\n|inactive|a3720 has 25 seconds left this turn.\n|inactive|Tele-Flurry Spam has 30 seconds left.\n|\n|t:|1783797167\n|move|p2a: Deoxys|Expanding Force|p1a: Primarina\n|-damage|p1a: Primarina|45/100\n|-damage|p2a: Deoxys|17/100|[from] item: Life Orb\n|move|p1a: Primarina|Surf|p2a: Deoxys\n|-damage|p2a: Deoxys|0 fnt\n|faint|p2a: Deoxys\n|\n|-fieldend|move: Psychic Terrain\n|upkeep\n|inactive|a3720 has 30 seconds left this turn.\n|\n|t:|1783797170\n|switch|p2a: Dragapult|Dragapult, M, tera:Fire|100/100\n|turn|23\n|\n|t:|1783797173\n|move|p2a: Dragapult|Phantom Force||[still]\n|-prepare|p2a: Dragapult|Phantom Force\n|move|p1a: Primarina|Surf|p2a: Dragapult|[miss]\n|-miss|p1a: Primarina|p2a: Dragapult\n|\n|upkeep\n|turn|24\n|\n|t:|1783797185\n|move|p2a: Dragapult|Phantom Force|p1a: Primarina|[from] lockedmove\n|-damage|p1a: Primarina|0 fnt\n|faint|p1a: Primarina\n|-damage|p2a: Dragapult|91/100|[from] item: Life Orb\n|\n|upkeep\n|\n|t:|1783797190\n|switch|p1a: Darkrai|Darkrai|100/100\n|turn|25\n|\n|t:|1783797200\n|move|p1a: Darkrai|Dark Pulse|p2a: Dragapult\n|-damage|p2a: Dragapult|28/100\n|move|p2a: Dragapult|Dragon Darts|p1a: Darkrai\n|-damage|p1a: Darkrai|56/100\n|-anim|p2a: Dragapult|Dragon Darts|p1a: Darkrai\n|-damage|p1a: Darkrai|10/100\n|-damage|p2a: Dragapult|18/100|[from] item: Life Orb\n|\n|upkeep\n|turn|26\n|\n|t:|1783797212\n|move|p1a: Darkrai|Dark Pulse|p2a: Dragapult\n|-damage|p2a: Dragapult|0 fnt\n|faint|p2a: Dragapult\n|\n|win|Tele-Flurry Spam\n|raw|Tele-Flurry Spam's rating: 1593 &rarr; <strong>1614</strong><br />(+21 for winning)\n|raw|a3720's rating: 1607 &rarr; <strong>1586</strong><br />(-21 for losing)\n|l|☆a3720\n|player|p2|\n|c|☆Tele-Flurry Spam|Gg\n|l|☆Tele-Flurry Spam\n|player|p1|\n|l| lowladderubersnoob\n", "uploadtime": 1783797478, "views": 17, "formatid": "gen9ou", "rating": 1586, "private": 0, "password": null}