{"id": "gen9ou-2639892678", "format": "[Gen 9] OU", "players": ["suprya", "Draw Your Sword"], "log": "|badge|p1|bronze|gen9ou|100-9\n|html|<div class=\"broadcast-red\"><strong>This battle is required to be public due to one or more player having a season medal.</strong><br />During the public phase, you can discuss the state of the ladder <a href=\"/seasondiscussion\">in a special chatroom.</a></div>\n|uhtml|medal-msg|<div class=\"broadcast-blue\">Curious what those medals under the avatar are? PS now has Ladder Seasons! For more information, check out the <a href=\"https://www.smogon.com/forums/threads/3740067/\">thread on Smogon.</a></div>\n|badge|p2|bronze|gen9ou|100-9\n|uhtml|medal-msg|<div class=\"broadcast-blue\">Curious what those medals under the avatar are? PS now has Ladder Seasons! For more information, check out the <a href=\"https://www.smogon.com/forums/threads/3740067/\">thread on Smogon.</a></div>\n|raw|<div class=\"broadcast-blue\"><strong>This battle is required to be public due to a player having a name starting with 'medal'.</div>\n|j|☆suprya\n|j|☆Draw Your Sword\n|t:|1782537646\n|gametype|singles\n|player|p1|suprya|clown|1861\n|player|p2|Draw Your Sword|psychic-gen4|1779\n|gen|9\n|tier|[Gen 9] OU\n|rated|\n|rule|HP Percentage Mod: HP is shown in percentages\n|rule|Endless Battle Clause: Forcing endless battles is banned\n|rule|Species Clause: Limit one of each Pokémon\n|rule|OHKO Clause: OHKO moves are banned\n|rule|Evasion Items Clause: Evasion items are banned\n|rule|Evasion Moves Clause: Evasion moves are banned\n|rule|Evasion Abilities Clause: Evasion abilities are banned\n|rule|Sleep Moves Clause: Sleep-inducing moves are banned\n|clearpoke\n|poke|p1|Pelipper, F|\n|poke|p1|Hydrapple, F|\n|poke|p1|Iron Treads|\n|poke|p1|Gholdengo|\n|poke|p1|Greninja-*, M|\n|poke|p1|Iron Hands|\n|poke|p2|Darkrai|\n|poke|p2|Tinkaton, F|\n|poke|p2|Moltres|\n|poke|p2|Pecharunt|\n|poke|p2|Rillaboom, M|\n|poke|p2|Gliscor, F|\n|teampreview\n|inactive|Battle timer is ON: inactive players will automatically lose when time's up. (requested by suprya)\n|\n|t:|1782537674\n|teamsize|p1|6\n|teamsize|p2|6\n|start\n|switch|p1a: Greninja|Greninja, M|100/100\n|switch|p2a: Darkrai|Darkrai, shiny|100/100\n|turn|1\n|\n|t:|1782537689\n|switch|p1a: Iron Hands|Iron Hands|100/100\n|move|p2a: Darkrai|Knock Off|p1a: Iron Hands\n|-resisted|p1a: Iron Hands\n|-damage|p1a: Iron Hands|91/100\n|-enditem|p1a: Iron Hands|Assault Vest|[from] move: Knock Off|[of] p2a: Darkrai\n|\n|upkeep\n|turn|2\n|\n|t:|1782537697\n|switch|p2a: Pecharunt|Pecharunt|100/100\n|move|p1a: Iron Hands|Ice Punch|p2a: Pecharunt\n|-damage|p2a: Pecharunt|88/100\n|\n|upkeep\n|turn|3\n|\n|t:|1782537712\n|move|p2a: Pecharunt|Nasty Plot|p2a: Pecharunt\n|-boost|p2a: Pecharunt|spa|2\n|move|p1a: Iron Hands|Ice Punch|p2a: Pecharunt\n|-damage|p2a: Pecharunt|76/100\n|\n|upkeep\n|turn|4\n|\n|t:|1782537720\n|-end|p1a: Iron Hands|Quark Drive|[silent]\n|switch|p1a: Iron Treads|Iron Treads|100/100\n|move|p2a: Pecharunt|Shadow Ball|p1a: Iron Treads\n|-damage|p1a: Iron Treads|59/100\n|\n|-heal|p1a: Iron Treads|65/100|[from] item: Leftovers\n|upkeep\n|turn|5\n|\n|t:|1782537723\n|move|p1a: Iron Treads|Earthquake|p2a: Pecharunt\n|-supereffective|p2a: Pecharunt\n|-damage|p2a: Pecharunt|38/100\n|move|p2a: Pecharunt|Recover|p2a: Pecharunt\n|-heal|p2a: Pecharunt|88/100\n|\n|-heal|p1a: Iron Treads|71/100|[from] item: Leftovers\n|upkeep\n|turn|6\n|\n|t:|1782537728\n|move|p1a: Iron Treads|Stealth Rock|p2a: Pecharunt\n|-sidestart|p2: Draw Your Sword|move: Stealth Rock\n|move|p2a: Pecharunt|Shadow Ball|p1a: Iron Treads\n|-damage|p1a: Iron Treads|30/100\n|-unboost|p1a: Iron Treads|spd|1\n|\n|-heal|p1a: Iron Treads|36/100|[from] item: Leftovers\n|upkeep\n|turn|7\n|\n|t:|1782537731\n|-end|p1a: Iron Treads|Quark Drive|[silent]\n|switch|p1a: Greninja|Greninja, M|100/100\n|move|p2a: Pecharunt|Recover|p2a: Pecharunt\n|-heal|p2a: Pecharunt|100/100\n|\n|upkeep\n|turn|8\n|\n|t:|1782537740\n|switch|p2a: Rillaboom|Rillaboom, M, shiny|100/100\n|-fieldstart|move: Grassy Terrain|[from] ability: Grassy Surge|[of] p2a: Rillaboom\n|move|p1a: Greninja|Dark Pulse|p2a: Rillaboom\n|-damage|p2a: Rillaboom|55/100\n|\n|-heal|p2a: Rillaboom|61/100|[from] Grassy Terrain\n|upkeep\n|turn|9\n|\n|t:|1782537747\n|switch|p1a: Hydrapple|Hydrapple, F|100/100\n|move|p2a: Rillaboom|U-turn|p1a: Hydrapple\n|-supereffective|p1a: Hydrapple\n|-damage|p1a: Hydrapple|70/100\n|-damage|p2a: Rillaboom|45/100|[from] item: Rocky Helmet|[of] p1a: Hydrapple\n|\n|t:|1782537755\n|switch|p2a: Darkrai|Darkrai, shiny|100/100|[from] U-turn\n|\n|-heal|p1a: Hydrapple|76/100|[from] Grassy Terrain\n|upkeep\n|turn|10\n|\n|t:|1782537762\n|switch|p1a: Iron Hands|Iron Hands|91/100\n|move|p2a: Darkrai|Will-O-Wisp|p1a: Iron Hands\n|-status|p1a: Iron Hands|brn\n|\n|-heal|p1a: Iron Hands|97/100 brn|[from] Grassy Terrain\n|-damage|p1a: Iron Hands|91/100 brn|[from] brn\n|upkeep\n|turn|11\n|\n|t:|1782537768\n|switch|p2a: Gliscor|Gliscor, F, shiny|100/100\n|-damage|p2a: Gliscor|88/100|[from] Stealth Rock\n|move|p1a: Iron Hands|Drain Punch|p2a: Gliscor\n|-resisted|p2a: Gliscor\n|-damage|p2a: Gliscor|80/100\n|-heal|p1a: Iron Hands|94/100 brn|[from] drain|[of] p2a: Gliscor\n|\n|-heal|p1a: Iron Hands|99/100 brn|[from] Grassy Terrain\n|-damage|p1a: Iron Hands|94/100 brn|[from] brn\n|-status|p2a: Gliscor|tox|[from] item: Toxic Orb\n|upkeep\n|turn|12\n|\n|t:|1782537772\n|-end|p1a: Iron Hands|Quark Drive|[silent]\n|switch|p1a: Hydrapple|Hydrapple, F|100/100\n|move|p2a: Gliscor|Spikes|p1a: Hydrapple\n|-sidestart|p1: suprya|Spikes\n|\n|-heal|p2a: Gliscor|93/100 tox|[from] ability: Poison Heal\n|-fieldend|move: Grassy Terrain\n|upkeep\n|turn|13\n|\n|t:|1782537775\n|move|p2a: Gliscor|Toxic|p1a: Hydrapple\n|-status|p1a: Hydrapple|tox\n|move|p1a: Hydrapple|Nasty Plot|p1a: Hydrapple\n|-boost|p1a: Hydrapple|spa|2\n|\n|-heal|p2a: Gliscor|100/100 tox|[from] ability: Poison Heal\n|-damage|p1a: Hydrapple|94/100 tox|[from] psn\n|upkeep\n|turn|14\n|\n|t:|1782537779\n|switch|p2a: Tinkaton|Tinkaton, F|100/100\n|-damage|p2a: Tinkaton|94/100|[from] Stealth Rock\n|-ability|p2a: Tinkaton|Mold Breaker\n|move|p1a: Hydrapple|Giga Drain|p2a: Tinkaton\n|-resisted|p2a: Tinkaton\n|-damage|p2a: Tinkaton|69/100\n|-heal|p1a: Hydrapple|100/100 tox|[from] drain|[of] p2a: Tinkaton\n|\n|-heal|p2a: Tinkaton|75/100|[from] item: Leftovers\n|-damage|p1a: Hydrapple|88/100 tox|[from] psn\n|upkeep\n|turn|15\n|\n|t:|1782537784\n|move|p2a: Tinkaton|Encore|p1a: Hydrapple\n|-start|p1a: Hydrapple|Encore\n|move|p1a: Hydrapple|Giga Drain|p2a: Tinkaton\n|-resisted|p2a: Tinkaton\n|-damage|p2a: Tinkaton|51/100\n|-heal|p1a: Hydrapple|99/100 tox|[from] drain|[of] p2a: Tinkaton\n|\n|-heal|p2a: Tinkaton|57/100|[from] item: Leftovers\n|-damage|p1a: Hydrapple|81/100 tox|[from] psn\n|upkeep\n|turn|16\n|\n|t:|1782537789\n|switch|p1a: Iron Treads|Iron Treads|36/100\n|-damage|p1a: Iron Treads|24/100|[from] Spikes\n|move|p2a: Tinkaton|Stealth Rock|p1a: Iron Treads\n|-sidestart|p1: suprya|move: Stealth Rock\n|\n|-heal|p2a: Tinkaton|63/100|[from] item: Leftovers\n|-heal|p1a: Iron Treads|30/100|[from] item: Leftovers\n|upkeep\n|turn|17\n|\n|t:|1782537795\n|switch|p2a: Pecharunt|Pecharunt|100/100\n|move|p1a: Iron Treads|Knock Off|p2a: Pecharunt\n|-supereffective|p2a: Pecharunt\n|-damage|p2a: Pecharunt|77/100\n|-enditem|p2a: Pecharunt|Heavy-Duty Boots|[from] move: Knock Off|[of] p1a: Iron Treads\n|\n|-heal|p1a: Iron Treads|36/100|[from] item: Leftovers\n|upkeep\n|turn|18\n|\n|t:|1782537799\n|move|p1a: Iron Treads|Earthquake|p2a: Pecharunt\n|-supereffective|p2a: Pecharunt\n|-damage|p2a: Pecharunt|43/100\n|move|p2a: Pecharunt|Recover|p2a: Pecharunt\n|-heal|p2a: Pecharunt|93/100\n|\n|-heal|p1a: Iron Treads|42/100|[from] item: Leftovers\n|upkeep\n|turn|19\n|\n|t:|1782537804\n|move|p1a: Iron Treads|Earthquake|p2a: Pecharunt\n|-supereffective|p2a: Pecharunt\n|-damage|p2a: Pecharunt|57/100\n|move|p2a: Pecharunt|Shadow Ball|p1a: Iron Treads\n|-damage|p1a: Iron Treads|21/100\n|-unboost|p1a: Iron Treads|spd|1\n|\n|-heal|p1a: Iron Treads|27/100|[from] item: Leftovers\n|upkeep\n|turn|20\n|\n|t:|1782537810\n|-end|p1a: Iron Treads|Quark Drive|[silent]\n|switch|p1a: Gholdengo|Gholdengo|100/100\n|-damage|p1a: Gholdengo|88/100|[from] Spikes\n|-damage|p1a: Gholdengo|82/100|[from] Stealth Rock\n|move|p2a: Pecharunt|Recover|p2a: Pecharunt\n|-heal|p2a: Pecharunt|100/100\n|\n|upkeep\n|turn|21\n|\n|t:|1782537822\n|switch|p1a: Greninja|Greninja, M|100/100\n|-damage|p1a: Greninja|88/100|[from] Spikes\n|-damage|p1a: Greninja|76/100|[from] Stealth Rock\n|switch|p2a: Moltres|Moltres, shiny|100/100\n|\n|upkeep\n|turn|22\n|\n|t:|1782537835\n|-terastallize|p2a: Moltres|Dragon\n|move|p1a: Greninja|Spikes|p2a: Moltres\n|-sidestart|p2: Draw Your Sword|Spikes\n|move|p2a: Moltres|Flamethrower|p1a: Greninja\n|-resisted|p1a: Greninja\n|-damage|p1a: Greninja|48/100\n|\n|upkeep\n|turn|23\n|\n|t:|1782537853\n|switch|p1a: Pelipper|Pelipper, F|100/100\n|-weather|RainDance|[from] ability: Drizzle|[of] p1a: Pelipper\n|move|p2a: Moltres|Roar|p1a: Pelipper\n|drag|p1a: Gholdengo|Gholdengo|82/100\n|-damage|p1a: Gholdengo|70/100|[from] Spikes\n|-damage|p1a: Gholdengo|64/100|[from] Stealth Rock\n|\n|-weather|RainDance|[upkeep]\n|upkeep\n|turn|24\n|\n|t:|1782537859\n|move|p1a: Gholdengo|Make It Rain|p2a: Moltres\n|-damage|p2a: Moltres|43/100\n|-unboost|p1a: Gholdengo|spa|1\n|move|p2a: Moltres|Flamethrower|p1a: Gholdengo\n|-supereffective|p1a: Gholdengo\n|-damage|p1a: Gholdengo|23/100\n|\n|-weather|RainDance|[upkeep]\n|upkeep\n|turn|25\n|\n|t:|1782537866\n|switch|p1a: Pelipper|Pelipper, F|100/100\n|move|p2a: Moltres|Roar|p1a: Pelipper\n|drag|p1a: Iron Hands|Iron Hands|94/100 brn\n|-damage|p1a: Iron Hands|81/100 brn|[from] Spikes\n|-damage|p1a: Iron Hands|75/100 brn|[from] Stealth Rock\n|\n|-weather|RainDance|[upkeep]\n|-damage|p1a: Iron Hands|69/100 brn|[from] brn\n|upkeep\n|turn|26\n|\n|t:|1782537869\n|move|p2a: Moltres|Roost|p2a: Moltres\n|-heal|p2a: Moltres|93/100\n|move|p1a: Iron Hands|Ice Punch|p2a: Moltres\n|-supereffective|p2a: Moltres\n|-damage|p2a: Moltres|71/100\n|\n|-weather|RainDance|[upkeep]\n|-damage|p1a: Iron Hands|63/100 brn|[from] brn\n|upkeep\n|turn|27\n|\n|t:|1782537875\n|move|p1a: Iron Hands|Ice Punch|p2a: Moltres\n|-supereffective|p2a: Moltres\n|-damage|p2a: Moltres|49/100\n|move|p2a: Moltres|Roar|p1a: Iron Hands\n|-end|p1a: Iron Hands|Quark Drive|[silent]\n|drag|p1a: Iron Treads|Iron Treads|27/100\n|-damage|p1a: Iron Treads|15/100|[from] Spikes\n|-damage|p1a: Iron Treads|12/100|[from] Stealth Rock\n|\n|-weather|none\n|-heal|p1a: Iron Treads|18/100|[from] item: Leftovers\n|upkeep\n|turn|28\n|\n|t:|1782537880\n|switch|p2a: Pecharunt|Pecharunt|100/100\n|-damage|p2a: Pecharunt|88/100|[from] Stealth Rock\n|-damage|p2a: Pecharunt|76/100|[from] Spikes\n|move|p1a: Iron Treads|Rapid Spin|p2a: Pecharunt\n|-immune|p2a: Pecharunt\n|\n|-heal|p1a: Iron Treads|24/100|[from] item: Leftovers\n|upkeep\n|turn|29\n|\n|t:|1782537883\n|move|p1a: Iron Treads|Earthquake|p2a: Pecharunt\n|-supereffective|p2a: Pecharunt\n|-damage|p2a: Pecharunt|36/100\n|move|p2a: Pecharunt|Shadow Ball|p1a: Iron Treads\n|-damage|p1a: Iron Treads|2/100\n|\n|-heal|p1a: Iron Treads|8/100|[from] item: Leftovers\n|upkeep\n|turn|30\n|\n|t:|1782537887\n|move|p1a: Iron Treads|Earthquake|p2a: Pecharunt\n|-supereffective|p2a: Pecharunt\n|-damage|p2a: Pecharunt|0 fnt\n|faint|p2a: Pecharunt\n|\n|-heal|p1a: Iron Treads|14/100|[from] item: Leftovers\n|upkeep\n|\n|t:|1782537888\n|switch|p2a: Darkrai|Darkrai, shiny|100/100\n|turn|31\n|j| Golem Test\n|\n|t:|1782537898\n|move|p2a: Darkrai|Dark Pulse|p1a: Iron Treads\n|-damage|p1a: Iron Treads|0 fnt\n|faint|p1a: Iron Treads\n|-end|p1a: Iron Treads|Quark Drive|[silent]\n|\n|upkeep\n|\n|t:|1782537902\n|switch|p1a: Gholdengo|Gholdengo|23/100\n|-damage|p1a: Gholdengo|11/100|[from] Spikes\n|-damage|p1a: Gholdengo|5/100|[from] Stealth Rock\n|turn|32\n|\n|t:|1782537905\n|switch|p2a: Gliscor|Gliscor, F, shiny|100/100 tox\n|-damage|p2a: Gliscor|88/100 tox|[from] Stealth Rock\n|move|p1a: Gholdengo|Make It Rain|p2a: Gliscor\n|-damage|p2a: Gliscor|31/100 tox\n|-unboost|p1a: Gholdengo|spa|1\n|\n|-heal|p2a: Gliscor|44/100 tox|[from] ability: Poison Heal\n|upkeep\n|turn|33\n|\n|t:|1782537914\n|switch|p1a: Greninja|Greninja, M|48/100\n|-damage|p1a: Greninja|36/100|[from] Spikes\n|-damage|p1a: Greninja|23/100|[from] Stealth Rock\n|move|p2a: Gliscor|Spikes|p1a: Greninja\n|-sidestart|p1: suprya|Spikes\n|\n|-heal|p2a: Gliscor|56/100 tox|[from] ability: Poison Heal\n|upkeep\n|turn|34\n|\n|t:|1782537925\n|-terastallize|p1a: Greninja|Water\n|move|p2a: Gliscor|Protect|p2a: Gliscor\n|-singleturn|p2a: Gliscor|Protect\n|move|p1a: Greninja|Hydro Pump|p2a: Gliscor\n|-activate|p2a: Gliscor|move: Protect\n|\n|-heal|p2a: Gliscor|69/100 tox|[from] ability: Poison Heal\n|upkeep\n|turn|35\n|\n|t:|1782537937\n|switch|p2a: Tinkaton|Tinkaton, F|63/100\n|-damage|p2a: Tinkaton|57/100|[from] Stealth Rock\n|-damage|p2a: Tinkaton|45/100|[from] Spikes\n|-ability|p2a: Tinkaton|Mold Breaker\n|move|p1a: Greninja|Hydro Pump|p2a: Tinkaton\n|-damage|p2a: Tinkaton|0 fnt\n|faint|p2a: Tinkaton\n|-ability|p1a: Greninja|Battle Bond|boost\n|-boost|p1a: Greninja|atk|1\n|-boost|p1a: Greninja|spa|1\n|-boost|p1a: Greninja|spe|1\n|-activate|p1a: Greninja|ability: Battle Bond\n|\n|upkeep\n|\n|t:|1782537939\n|switch|p2a: Rillaboom|Rillaboom, M, shiny|45/100\n|-fieldstart|move: Grassy Terrain|[from] ability: Grassy Surge|[of] p2a: Rillaboom\n|turn|36\n|\n|t:|1782537942\n|move|p1a: Greninja|Water Shuriken|p2a: Rillaboom\n|-resisted|p2a: Rillaboom\n|-damage|p2a: Rillaboom|36/100\n|-resisted|p2a: Rillaboom\n|-damage|p2a: Rillaboom|26/100\n|-resisted|p2a: Rillaboom\n|-damage|p2a: Rillaboom|16/100\n|-hitcount|p2a: Rillaboom|3\n|move|p2a: Rillaboom|Grassy Glide|p1a: Greninja\n|-supereffective|p1a: Greninja\n|-damage|p1a: Greninja|0 fnt\n|faint|p1a: Greninja\n|\n|-heal|p2a: Rillaboom|22/100|[from] Grassy Terrain\n|upkeep\n|j| Garden of Dreams\n|\n|t:|1782537953\n|switch|p1a: Hydrapple|Hydrapple, F|100/100 tox\n|-damage|p1a: Hydrapple|84/100 tox|[from] Spikes\n|-damage|p1a: Hydrapple|72/100 tox|[from] Stealth Rock\n|turn|37\n|\n|t:|1782537956\n|move|p2a: Rillaboom|U-turn|p1a: Hydrapple\n|-supereffective|p1a: Hydrapple\n|-crit|p1a: Hydrapple\n|-damage|p1a: Hydrapple|30/100 tox\n|-damage|p2a: Rillaboom|6/100|[from] item: Rocky Helmet|[of] p1a: Hydrapple\n|\n|t:|1782537959\n|switch|p2a: Gliscor|Gliscor, F, shiny|69/100 tox|[from] U-turn\n|-damage|p2a: Gliscor|56/100 tox|[from] Stealth Rock\n|move|p1a: Hydrapple|Fickle Beam|p2a: Gliscor\n|-damage|p2a: Gliscor|30/100 tox\n|\n|-heal|p1a: Hydrapple|36/100 tox|[from] Grassy Terrain\n|-heal|p2a: Gliscor|43/100 tox|[from] ability: Poison Heal\n|-damage|p1a: Hydrapple|30/100 tox|[from] psn\n|upkeep\n|turn|38\n|\n|t:|1782537965\n|switch|p1a: Pelipper|Pelipper, F|100/100\n|-weather|RainDance|[from] ability: Drizzle|[of] p1a: Pelipper\n|move|p2a: Gliscor|Spikes|p1a: Pelipper\n|-sidestart|p1: suprya|Spikes\n|\n|-weather|RainDance|[upkeep]\n|-heal|p2a: Gliscor|55/100 tox|[from] ability: Poison Heal\n|upkeep\n|turn|39\n|\n|t:|1782537967\n|move|p2a: Gliscor|Protect|p2a: Gliscor\n|-singleturn|p2a: Gliscor|Protect\n|move|p1a: Pelipper|Surf|p2a: Gliscor\n|-activate|p2a: Gliscor|move: Protect\n|\n|-weather|RainDance|[upkeep]\n|-heal|p2a: Gliscor|68/100 tox|[from] ability: Poison Heal\n|upkeep\n|turn|40\n|\n|t:|1782537969\n|move|p2a: Gliscor|Toxic|p1a: Pelipper\n|-status|p1a: Pelipper|tox\n|move|p1a: Pelipper|Surf|p2a: Gliscor\n|-supereffective|p2a: Gliscor\n|-damage|p2a: Gliscor|0 fnt\n|faint|p2a: Gliscor\n|\n|-weather|RainDance|[upkeep]\n|-damage|p1a: Pelipper|94/100 tox|[from] psn\n|-fieldend|move: Grassy Terrain\n|upkeep\n|\n|t:|1782537977\n|switch|p2a: Moltres|Moltres, shiny, tera:Dragon|49/100\n|turn|41\n|\n|t:|1782537985\n|move|p2a: Moltres|Roost|p2a: Moltres\n|-heal|p2a: Moltres|99/100\n|move|p1a: Pelipper|Hurricane|p2a: Moltres\n|-damage|p2a: Moltres|65/100\n|\n|-weather|RainDance|[upkeep]\n|-damage|p1a: Pelipper|82/100 tox|[from] psn\n|upkeep\n|turn|42\n|\n|t:|1782537989\n|move|p2a: Moltres|Roost|p2a: Moltres\n|-heal|p2a: Moltres|100/100\n|move|p1a: Pelipper|Hurricane|p2a: Moltres\n|-damage|p2a: Moltres|65/100\n|\n|-weather|none\n|-damage|p1a: Pelipper|63/100 tox|[from] psn\n|upkeep\n|turn|43\n|-message|suprya forfeited.\n|\n|win|Draw Your Sword\n|raw|suprya's rating: 1861 &rarr; <strong>1836</strong><br />(-25 for losing)\n|raw|Draw Your Sword's rating: 1779 &rarr; <strong>1804</strong><br />(+25 for winning)\n|l|☆suprya\n|player|p1|\n|l| Garden of Dreams\n|l|☆Draw Your Sword\n|player|p2|\n", "uploadtime": 1782538211, "views": 8, "formatid": "gen9ou", "rating": 1804, "private": 0, "password": null}