{"id": "gen9ou-2647831480", "format": "[Gen 9] OU", "players": ["Oydess222", "Aggrhy"], "log": "|j|☆Oydess222\n|j|☆Aggrhy\n|t:|1783820357\n|gametype|singles\n|player|p1|Oydess222|169|1349\n|player|p2|Aggrhy|red-masters|1387\n|gen|9\n|tier|[Gen 9] OU\n|rated|\n|rule|HP Percentage Mod: HP is shown in percentages\n|rule|Endless Battle Clause: Forcing endless battles is banned\n|rule|Species Clause: Limit one of each Pokémon\n|rule|OHKO Clause: OHKO moves are banned\n|rule|Evasion Items Clause: Evasion items are banned\n|rule|Evasion Moves Clause: Evasion moves are banned\n|rule|Evasion Abilities Clause: Evasion abilities are banned\n|rule|Sleep Moves Clause: Sleep-inducing moves are banned\n|clearpoke\n|poke|p1|Gardevoir, F|\n|poke|p1|Ambipom, F|\n|poke|p1|Pecharunt|\n|poke|p1|Ogerpon-Wellspring, F|\n|poke|p1|Galvantula, F|\n|poke|p1|Great Tusk|\n|poke|p2|Breloom, M|\n|poke|p2|Gliscor, M|\n|poke|p2|Delphox, M|\n|poke|p2|Donphan, F|\n|poke|p2|Rabsca, F|\n|poke|p2|Slowking, F|\n|teampreview\n|inactive|Battle timer is ON: inactive players will automatically lose when time's up. (requested by Aggrhy)\n|\n|t:|1783820372\n|teamsize|p1|6\n|teamsize|p2|6\n|start\n|switch|p1a: Ambipom|Ambipom, F|100/100\n|switch|p2a: Delphox|Delphox, M|100/100\n|-item|p2a: Delphox|Air Balloon\n|turn|1\n|\n|t:|1783820386\n|switch|p2a: Breloom|Breloom, M|100/100\n|move|p1a: Ambipom|Fake Out|p2a: Breloom\n|-damage|p2a: Breloom|79/100\n|\n|-status|p2a: Breloom|tox|[from] item: Toxic Orb\n|upkeep\n|turn|2\n|\n|t:|1783820396\n|move|p1a: Ambipom|Protect|p1a: Ambipom\n|-singleturn|p1a: Ambipom|Protect\n|move|p2a: Breloom|Toxic|p1a: Ambipom\n|-activate|p1a: Ambipom|move: Protect\n|\n|-heal|p2a: Breloom|92/100 tox|[from] ability: Poison Heal\n|upkeep\n|turn|3\n|\n|t:|1783820406\n|switch|p1a: Pecharunt|Pecharunt|100/100\n|move|p2a: Breloom|Leech Seed|p1a: Pecharunt\n|-start|p1a: Pecharunt|move: Leech Seed\n|\n|-damage|p1a: Pecharunt|88/100|[from] Leech Seed|[of] p2a: Breloom\n|-heal|p2a: Breloom|100/100 tox|[silent]\n|upkeep\n|turn|4\n|\n|t:|1783820416\n|switch|p2a: Slowking|Slowking, F|100/100\n|move|p1a: Pecharunt|Malignant Chain|p2a: Slowking\n|-damage|p2a: Slowking|81/100\n|\n|-heal|p1a: Pecharunt|94/100|[from] item: Leftovers\n|-damage|p1a: Pecharunt|82/100|[from] Leech Seed|[of] p2a: Slowking\n|-heal|p2a: Slowking|93/100|[silent]\n|upkeep\n|turn|5\n|\n|t:|1783820428\n|switch|p1a: Ogerpon|Ogerpon-Wellspring, F|100/100\n|move|p2a: Slowking|Psychic|p1a: Ogerpon\n|-damage|p1a: Ogerpon|63/100\n|\n|upkeep\n|turn|6\n|\n|t:|1783820435\n|switch|p2a: Breloom|Breloom, M|100/100 tox\n|move|p1a: Ogerpon|Knock Off|p2a: Breloom\n|-resisted|p2a: Breloom\n|-damage|p2a: Breloom|84/100 tox\n|-enditem|p2a: Breloom|Toxic Orb|[from] move: Knock Off|[of] p1a: Ogerpon\n|\n|-heal|p2a: Breloom|96/100 tox|[from] ability: Poison Heal\n|upkeep\n|turn|7\n|\n|t:|1783820446\n|switch|p1a: Pecharunt|Pecharunt|82/100\n|move|p2a: Breloom|Seed Bomb|p1a: Pecharunt\n|-resisted|p1a: Pecharunt\n|-damage|p1a: Pecharunt|72/100\n|\n|-heal|p1a: Pecharunt|78/100|[from] item: Leftovers\n|-heal|p2a: Breloom|100/100 tox|[from] ability: Poison Heal\n|upkeep\n|turn|8\n|\n|t:|1783820458\n|move|p1a: Pecharunt|Shadow Ball|p2a: Breloom\n|-damage|p2a: Breloom|62/100 tox\n|-unboost|p2a: Breloom|spd|1\n|move|p2a: Breloom|Leech Seed|p1a: Pecharunt\n|-start|p1a: Pecharunt|move: Leech Seed\n|\n|-heal|p1a: Pecharunt|84/100|[from] item: Leftovers\n|-damage|p1a: Pecharunt|72/100|[from] Leech Seed|[of] p2a: Breloom\n|-heal|p2a: Breloom|76/100 tox|[silent]\n|-heal|p2a: Breloom|88/100 tox|[from] ability: Poison Heal\n|upkeep\n|turn|9\n|\n|t:|1783820477\n|switch|p1a: Gardevoir|Gardevoir, F|100/100\n|-ability|p1a: Gardevoir|Poison Heal|Trace|[from] ability: Trace|[of] p2a: Breloom\n|switch|p2a: Slowking|Slowking, F|100/100\n|\n|upkeep\n|turn|10\n|\n|t:|1783820495\n|switch|p2a: Delphox|Delphox, M|100/100\n|-item|p2a: Delphox|Air Balloon\n|move|p1a: Gardevoir|Thunderbolt|p2a: Delphox\n|-damage|p2a: Delphox|67/100\n|-enditem|p2a: Delphox|Air Balloon\n|\n|upkeep\n|turn|11\n|\n|t:|1783820505\n|switch|p1a: Pecharunt|Pecharunt|72/100\n|move|p2a: Delphox|Flamethrower|p1a: Pecharunt\n|-damage|p1a: Pecharunt|36/100\n|-item|p2a: Delphox|Leftovers|[from] ability: Magician|[of] p1a: Pecharunt\n|\n|-heal|p2a: Delphox|73/100|[from] item: Leftovers\n|upkeep\n|turn|12\n|\n|t:|1783820515\n|move|p1a: Pecharunt|Protect|p1a: Pecharunt\n|-singleturn|p1a: Pecharunt|Protect\n|move|p2a: Delphox|Psychic Noise|p1a: Pecharunt\n|-activate|p1a: Pecharunt|move: Protect\n|\n|-heal|p2a: Delphox|80/100|[from] item: Leftovers\n|upkeep\n|turn|13\n|\n|t:|1783820525\n|switch|p1a: Galvantula|Galvantula, F|100/100\n|move|p2a: Delphox|Psychic Noise|p1a: Galvantula\n|-damage|p1a: Galvantula|35/100\n|-start|p1a: Galvantula|move: Heal Block\n|\n|-heal|p2a: Delphox|86/100|[from] item: Leftovers\n|upkeep\n|turn|14\n|\n|t:|1783820535\n|move|p1a: Galvantula|Discharge|p2a: Delphox\n|-damage|p2a: Delphox|46/100\n|move|p2a: Delphox|Flamethrower|p1a: Galvantula\n|-supereffective|p1a: Galvantula\n|-damage|p1a: Galvantula|0 fnt\n|faint|p1a: Galvantula\n|\n|-heal|p2a: Delphox|53/100|[from] item: Leftovers\n|upkeep\n|\n|t:|1783820543\n|switch|p1a: Ambipom|Ambipom, F|100/100\n|turn|15\n|\n|t:|1783820548\n|switch|p2a: Breloom|Breloom, M|88/100 tox\n|move|p1a: Ambipom|Fake Out|p2a: Breloom\n|-damage|p2a: Breloom|65/100 tox\n|\n|-heal|p2a: Breloom|78/100 tox|[from] ability: Poison Heal\n|upkeep\n|turn|16\n|\n|t:|1783820558\n|switch|p1a: Gardevoir|Gardevoir, F|100/100\n|-ability|p1a: Gardevoir|Poison Heal|Trace|[from] ability: Trace|[of] p2a: Breloom\n|move|p2a: Breloom|Leech Seed|p1a: Gardevoir|[miss]\n|-miss|p2a: Breloom|p1a: Gardevoir\n|\n|-heal|p2a: Breloom|90/100 tox|[from] ability: Poison Heal\n|upkeep\n|turn|17\n|\n|t:|1783820569\n|switch|p2a: Delphox|Delphox, M|53/100\n|move|p1a: Gardevoir|Psychic Noise|p2a: Delphox\n|-resisted|p2a: Delphox\n|-damage|p2a: Delphox|29/100\n|-start|p2a: Delphox|move: Heal Block\n|\n|upkeep\n|turn|18\n|\n|t:|1783820578\n|move|p2a: Delphox|Flamethrower|p1a: Gardevoir\n|-crit|p1a: Gardevoir\n|-damage|p1a: Gardevoir|29/100\n|move|p1a: Gardevoir|Thunderbolt|p2a: Delphox\n|-damage|p2a: Delphox|0 fnt\n|faint|p2a: Delphox\n|\n|upkeep\n|\n|t:|1783820591\n|switch|p2a: Gliscor|Gliscor, M|100/100\n|turn|19\n|\n|t:|1783820596\n|switch|p1a: Pecharunt|Pecharunt|36/100\n|move|p2a: Gliscor|Earthquake|p1a: Pecharunt\n|-supereffective|p1a: Pecharunt\n|-damage|p1a: Pecharunt|0 fnt\n|faint|p1a: Pecharunt\n|\n|-status|p2a: Gliscor|tox|[from] item: Toxic Orb\n|upkeep\n|\n|t:|1783820599\n|switch|p1a: Ambipom|Ambipom, F|100/100\n|turn|20\n|\n|t:|1783820610\n|move|p1a: Ambipom|Triple Axel|p2a: Gliscor\n|-supereffective|p2a: Gliscor\n|-damage|p2a: Gliscor|73/100 tox\n|-supereffective|p2a: Gliscor\n|-damage|p2a: Gliscor|19/100 tox\n|-supereffective|p2a: Gliscor\n|-crit|p2a: Gliscor\n|-damage|p2a: Gliscor|0 fnt\n|faint|p2a: Gliscor\n|-hitcount|p2: Gliscor|3\n|\n|upkeep\n|\n|t:|1783820620\n|switch|p2a: Rabsca|Rabsca, F|100/100\n|turn|21\n|\n|t:|1783820634\n|move|p1a: Ambipom|Triple Axel|p2a: Rabsca\n|-damage|p2a: Rabsca|90/100\n|-damage|p2a: Rabsca|71/100\n|-damage|p2a: Rabsca|44/100\n|-hitcount|p2a: Rabsca|3\n|move|p2a: Rabsca|Revival Blessing|p2a: Rabsca\n|\n|t:|1783820655\n|-heal|p2: Delphox|50/100|[from] move: Revival Blessing\n|\n|upkeep\n|turn|22\n|\n|t:|1783820662\n|move|p1a: Ambipom|Triple Axel|p2a: Rabsca\n|-damage|p2a: Rabsca|34/100\n|-damage|p2a: Rabsca|15/100\n|-damage|p2a: Rabsca|0 fnt\n|faint|p2a: Rabsca\n|-hitcount|p2: Rabsca|3\n|\n|upkeep\n|\n|t:|1783820671\n|switch|p2a: Delphox|Delphox, M|50/100\n|turn|23\n|\n|t:|1783820683\n|switch|p1a: Gardevoir|Gardevoir, F|29/100\n|-ability|p1a: Gardevoir|Magician|Trace|[from] ability: Trace|[of] p2a: Delphox\n|move|p2a: Delphox|Flamethrower|p1a: Gardevoir\n|-damage|p1a: Gardevoir|0 fnt\n|faint|p1a: Gardevoir\n|\n|-heal|p2a: Delphox|57/100|[from] item: Leftovers\n|upkeep\n|\n|t:|1783820686\n|switch|p1a: Ambipom|Ambipom, F|100/100\n|turn|24\n|\n|t:|1783820706\n|move|p1a: Ambipom|Fake Out|p2a: Delphox\n|-damage|p2a: Delphox|17/100\n|cant|p2a: Delphox|flinch\n|\n|-heal|p2a: Delphox|23/100|[from] item: Leftovers\n|upkeep\n|turn|25\n|inactive|Aggrhy has 120 seconds left.\n|\n|t:|1783820732\n|switch|p2a: Donphan|Donphan, F|100/100\n|move|p1a: Ambipom|Triple Axel|p2a: Donphan\n|-supereffective|p2a: Donphan\n|-damage|p2a: Donphan|90/100\n|-supereffective|p2a: Donphan\n|-damage|p2a: Donphan|70/100\n|-supereffective|p2a: Donphan\n|-damage|p2a: Donphan|42/100\n|-hitcount|p2a: Donphan|3\n|\n|upkeep\n|turn|26\n|inactive|Aggrhy has 120 seconds left.\n|\n|t:|1783820743\n|move|p1a: Ambipom|Triple Axel|p2a: Donphan\n|-supereffective|p2a: Donphan\n|-damage|p2a: Donphan|32/100\n|-supereffective|p2a: Donphan\n|-damage|p2a: Donphan|14/100\n|-supereffective|p2a: Donphan\n|-damage|p2a: Donphan|0 fnt\n|faint|p2a: Donphan\n|-hitcount|p2: Donphan|3\n|\n|upkeep\n|\n|t:|1783820755\n|switch|p2a: Breloom|Breloom, M|90/100 tox\n|turn|27\n|\n|t:|1783820768\n|-terastallize|p2a: Breloom|Steel\n|move|p1a: Ambipom|Triple Axel|p2a: Breloom\n|-resisted|p2a: Breloom\n|-damage|p2a: Breloom|86/100 tox\n|-resisted|p2a: Breloom\n|-damage|p2a: Breloom|78/100 tox\n|-resisted|p2a: Breloom\n|-damage|p2a: Breloom|67/100 tox\n|-hitcount|p2a: Breloom|3\n|move|p2a: Breloom|Toxic|p1a: Ambipom\n|-status|p1a: Ambipom|tox\n|\n|-damage|p1a: Ambipom|94/100 tox|[from] psn\n|-heal|p2a: Breloom|79/100 tox|[from] ability: Poison Heal\n|upkeep\n|turn|28\n|\n|t:|1783820784\n|move|p1a: Ambipom|Brick Break|p2a: Breloom\n|-supereffective|p2a: Breloom\n|-damage|p2a: Breloom|42/100 tox\n|move|p2a: Breloom|Seed Bomb|p1a: Ambipom\n|-damage|p1a: Ambipom|37/100 tox\n|\n|-damage|p1a: Ambipom|24/100 tox|[from] psn\n|-heal|p2a: Breloom|54/100 tox|[from] ability: Poison Heal\n|upkeep\n|turn|29\n|\n|t:|1783820796\n|move|p1a: Ambipom|Brick Break|p2a: Breloom\n|-supereffective|p2a: Breloom\n|-damage|p2a: Breloom|18/100 tox\n|move|p2a: Breloom|Leech Seed|p1a: Ambipom\n|-start|p1a: Ambipom|move: Leech Seed\n|\n|-damage|p1a: Ambipom|12/100 tox|[from] Leech Seed|[of] p2a: Breloom\n|-heal|p2a: Breloom|29/100 tox|[silent]\n|-damage|p1a: Ambipom|0 fnt|[from] psn\n|faint|p1a: Ambipom\n|-heal|p2a: Breloom|42/100 tox|[from] ability: Poison Heal\n|upkeep\n|\n|t:|1783820799\n|switch|p1a: Great Tusk|Great Tusk|100/100\n|turn|30\n|\n|t:|1783820814\n|-terastallize|p1a: Great Tusk|Fairy\n|move|p1a: Great Tusk|Rapid Spin|p2a: Breloom\n|-resisted|p2a: Breloom\n|-damage|p2a: Breloom|35/100 tox\n|-boost|p1a: Great Tusk|spe|1\n|move|p2a: Breloom|Seed Bomb|p1a: Great Tusk\n|-damage|p1a: Great Tusk|84/100\n|\n|-heal|p2a: Breloom|48/100 tox|[from] ability: Poison Heal\n|upkeep\n|turn|31\n|\n|t:|1783820826\n|move|p1a: Great Tusk|Earthquake|p2a: Breloom\n|-supereffective|p2a: Breloom\n|-damage|p2a: Breloom|0 fnt\n|faint|p2a: Breloom\n|\n|upkeep\n|\n|t:|1783820833\n|switch|p2a: Delphox|Delphox, M|23/100\n|turn|32\n|\n|t:|1783820838\n|move|p2a: Delphox|Flamethrower|p1a: Great Tusk\n|-damage|p1a: Great Tusk|26/100\n|move|p1a: Great Tusk|Knock Off|p2a: Delphox\n|-supereffective|p2a: Delphox\n|-damage|p2a: Delphox|0 fnt\n|-enditem|p2a: Delphox|Leftovers|[from] move: Knock Off|[of] p1a: Great Tusk\n|faint|p2a: Delphox\n|\n|upkeep\n|inactive|Aggrhy has 120 seconds left.\n|\n|t:|1783820847\n|switch|p2a: Slowking|Slowking, F|100/100\n|turn|33\n|-message|Aggrhy forfeited.\n|\n|win|Oydess222\n|raw|Oydess222's rating: 1349 &rarr; <strong>1371</strong><br />(+22 for winning)\n|raw|Aggrhy's rating: 1387 &rarr; <strong>1365</strong><br />(-22 for losing)\n|l|☆Aggrhy\n|player|p2|\n|l|☆Oydess222\n|player|p1|\n", "uploadtime": 1783821255, "views": 4, "formatid": "gen9ou", "rating": 1365, "private": 0, "password": null}