{"id": "gen9ou-2647739325", "format": "[Gen 9] OU", "players": ["andre4295", "turpz"], "log": "|j|☆andre4295\n|j|☆turpz\n|t:|1783804432\n|gametype|singles\n|player|p1|andre4295|1|1380\n|player|p2|turpz|wally-masters|1396\n|gen|9\n|tier|[Gen 9] OU\n|rated|\n|rule|HP Percentage Mod: HP is shown in percentages\n|rule|Endless Battle Clause: Forcing endless battles is banned\n|rule|Species Clause: Limit one of each Pokémon\n|rule|OHKO Clause: OHKO moves are banned\n|rule|Evasion Items Clause: Evasion items are banned\n|rule|Evasion Moves Clause: Evasion moves are banned\n|rule|Evasion Abilities Clause: Evasion abilities are banned\n|rule|Sleep Moves Clause: Sleep-inducing moves are banned\n|clearpoke\n|poke|p1|Regieleki|\n|poke|p1|Clefable, F|\n|poke|p1|Scizor, M|\n|poke|p1|Zamazenta-*|\n|poke|p1|Gliscor, M|\n|poke|p1|Ogerpon-Wellspring, F|\n|poke|p2|Latias, F|\n|poke|p2|Mimikyu, F|\n|poke|p2|Glimmora, F|\n|poke|p2|Kingambit, F|\n|poke|p2|Iron Boulder|\n|poke|p2|Iron Moth|\n|teampreview\n|inactive|Battle timer is ON: inactive players will automatically lose when time's up. (requested by turpz)\n|\n|t:|1783804438\n|teamsize|p1|6\n|teamsize|p2|6\n|start\n|switch|p1a: Arli|Regieleki, shiny|100/100\n|switch|p2a: Senbonzakura|Glimmora, F|100/100\n|turn|1\n|\n|t:|1783804444\n|move|p1a: Arli|Volt Switch|p2a: Senbonzakura\n|-damage|p2a: Senbonzakura|34/100\n|-damage|p1a: Arli|91/100|[from] item: Life Orb\n|\n|t:|1783804457\n|switch|p1a: Vitor|Scizor, M|100/100|[from] Volt Switch\n|move|p2a: Senbonzakura|Earth Power|p1a: Vitor\n|-damage|p1a: Vitor|64/100\n|\n|upkeep\n|turn|2\n|\n|t:|1783804468\n|move|p1a: Vitor|Bullet Punch|p2a: Senbonzakura\n|-supereffective|p2a: Senbonzakura\n|-damage|p2a: Senbonzakura|0 fnt\n|-activate|p2a: Senbonzakura|ability: Toxic Debris\n|-sidestart|p1: andre4295|move: Toxic Spikes\n|faint|p2a: Senbonzakura\n|\n|upkeep\n|\n|t:|1783804475\n|switch|p2a: Mimikyute|Mimikyu, F|100/100\n|turn|3\n|\n|t:|1783804480\n|move|p1a: Vitor|Bullet Punch|p2a: Mimikyute\n|-activate|p2a: Mimikyute|ability: Disguise\n|-damage|p2a: Mimikyute|100/100\n|detailschange|p2a: Mimikyute|Mimikyu-Busted, F\n|-damage|p2a: Mimikyute|88/100|[from] pokemon: Mimikyu-Busted\n|move|p2a: Mimikyute|Swords Dance|p2a: Mimikyute\n|-boost|p2a: Mimikyute|atk|2\n|\n|upkeep\n|turn|4\n|\n|t:|1783804496\n|-terastallize|p2a: Mimikyute|Ghost\n|-terastallize|p1a: Vitor|Steel\n|move|p2a: Mimikyute|Shadow Sneak|p1a: Vitor\n|-damage|p1a: Vitor|5/100\n|-damage|p2a: Mimikyute|78/100|[from] item: Life Orb\n|move|p1a: Vitor|Bullet Punch|p2a: Mimikyute\n|-damage|p2a: Mimikyute|0 fnt\n|faint|p2a: Mimikyute\n|\n|upkeep\n|\n|t:|1783804505\n|switch|p2a: Portal|Iron Moth|100/100\n|-enditem|p2a: Portal|Booster Energy\n|-activate|p2a: Portal|ability: Quark Drive|[fromitem]\n|-start|p2a: Portal|quarkdrivespe\n|turn|5\n|\n|t:|1783804515\n|move|p1a: Vitor|Bullet Punch|p2a: Portal\n|-resisted|p2a: Portal\n|-damage|p2a: Portal|64/100\n|move|p2a: Portal|Substitute|p2a: Portal\n|-start|p2a: Portal|Substitute\n|-damage|p2a: Portal|39/100\n|\n|upkeep\n|turn|6\n|\n|t:|1783804520\n|move|p1a: Vitor|Bullet Punch|p2a: Portal\n|-resisted|p2a: Portal\n|-end|p2a: Portal|Substitute\n|move|p2a: Portal|Fiery Dance|p1a: Vitor\n|-supereffective|p1a: Vitor\n|-damage|p1a: Vitor|0 fnt\n|-boost|p2a: Portal|spa|1\n|faint|p1a: Vitor\n|\n|upkeep\n|\n|t:|1783804526\n|switch|p1a: Arli|Regieleki, shiny|91/100\n|-status|p1a: Arli|psn\n|turn|7\n|\n|t:|1783804533\n|move|p1a: Arli|Extreme Speed|p2a: Portal\n|-damage|p2a: Portal|0 fnt\n|faint|p2a: Portal\n|-end|p2a: Portal|Quark Drive|[silent]\n|-damage|p1a: Arli|81/100 psn|[from] item: Life Orb\n|\n|-damage|p1a: Arli|68/100 psn|[from] psn\n|upkeep\n|\n|t:|1783804544\n|switch|p2a: Smithy|Iron Boulder|100/100\n|-enditem|p2a: Smithy|Booster Energy\n|-activate|p2a: Smithy|ability: Quark Drive|[fromitem]\n|-start|p2a: Smithy|quarkdrivespe\n|turn|8\n|\n|t:|1783804551\n|switch|p1a: Daniel|Gliscor, M|100/100\n|move|p2a: Smithy|Swords Dance|p2a: Smithy\n|-boost|p2a: Smithy|atk|2\n|\n|-status|p1a: Daniel|tox|[from] item: Toxic Orb\n|upkeep\n|turn|9\n|\n|t:|1783804555\n|move|p2a: Smithy|Mighty Cleave|p1a: Daniel\n|-damage|p1a: Daniel|45/100 tox\n|move|p1a: Daniel|Toxic|p2a: Smithy\n|-status|p2a: Smithy|tox\n|\n|-damage|p2a: Smithy|94/100 tox|[from] psn\n|-heal|p1a: Daniel|58/100 tox|[from] ability: Poison Heal\n|upkeep\n|turn|10\n|\n|t:|1783804568\n|move|p2a: Smithy|Mighty Cleave|p1a: Daniel\n|-damage|p1a: Daniel|0 fnt\n|faint|p1a: Daniel\n|\n|-damage|p2a: Smithy|82/100 tox|[from] psn\n|upkeep\n|\n|t:|1783804571\n|switch|p1a: Helenice|Clefable, F|100/100\n|turn|11\n|\n|t:|1783804584\n|move|p2a: Smithy|Zen Headbutt|p1a: Helenice\n|-damage|p1a: Helenice|54/100\n|move|p1a: Helenice|Moonblast|p2a: Smithy\n|-damage|p2a: Smithy|36/100 tox\n|\n|-damage|p2a: Smithy|17/100 tox|[from] psn\n|upkeep\n|turn|12\n|\n|t:|1783804595\n|move|p2a: Smithy|Mighty Cleave|p1a: Helenice\n|-damage|p1a: Helenice|0 fnt\n|faint|p1a: Helenice\n|\n|-damage|p2a: Smithy|0 fnt|[from] psn\n|faint|p2a: Smithy\n|-end|p2a: Smithy|Quark Drive|[silent]\n|upkeep\n|\n|t:|1783804602\n|switch|p2a: Latinas|Latias, F|100/100\n|switch|p1a: Arli|Regieleki, shiny|68/100 psn\n|turn|13\n|\n|t:|1783804605\n|move|p1a: Arli|Rapid Spin|p2a: Latinas\n|-damage|p2a: Latinas|78/100\n|-boost|p1a: Arli|spe|1\n|-sideend|p1: andre4295|Toxic Spikes|[from] move: Rapid Spin|[of] p1a: Arli\n|-enditem|p2a: Latinas|Kee Berry|[eat]\n|-boost|p2a: Latinas|def|1|[from] item: Kee Berry\n|-damage|p1a: Arli|58/100 psn|[from] item: Life Orb\n|move|p2a: Latinas|Calm Mind|p2a: Latinas\n|-boost|p2a: Latinas|spa|1\n|-boost|p2a: Latinas|spd|1\n|\n|-damage|p1a: Arli|46/100 psn|[from] psn\n|upkeep\n|turn|14\n|\n|t:|1783804621\n|move|p1a: Arli|Supercell Slam|p2a: Latinas\n|-resisted|p2a: Latinas\n|-damage|p2a: Latinas|51/100\n|-damage|p1a: Arli|36/100 psn|[from] item: Life Orb\n|move|p2a: Latinas|Calm Mind|p2a: Latinas\n|-boost|p2a: Latinas|spa|1\n|-boost|p2a: Latinas|spd|1\n|\n|-damage|p1a: Arli|24/100 psn|[from] psn\n|upkeep\n|turn|15\n|\n|t:|1783804630\n|move|p1a: Arli|Extreme Speed|p2a: Latinas\n|-damage|p2a: Latinas|29/100\n|-damage|p1a: Arli|14/100 psn|[from] item: Life Orb\n|move|p2a: Latinas|Recover|p2a: Latinas\n|-heal|p2a: Latinas|79/100\n|\n|-damage|p1a: Arli|1/100 psn|[from] psn\n|upkeep\n|turn|16\n|\n|t:|1783804644\n|switch|p1a: Ju|Ogerpon-Wellspring, F|100/100\n|move|p2a: Latinas|Recover|p2a: Latinas\n|-heal|p2a: Latinas|100/100\n|\n|upkeep\n|turn|17\n|\n|t:|1783804653\n|move|p2a: Latinas|Stored Power|p1a: Ju\n|-damage|p1a: Ju|5/100\n|move|p1a: Ju|Encore|p2a: Latinas\n|-start|p2a: Latinas|Encore\n|\n|upkeep\n|turn|18\n|c|☆turpz|ty\n|-message|andre4295 forfeited.\n|\n|win|turpz\n|raw|andre4295's rating: 1380 &rarr; <strong>1361</strong><br />(-19 for losing)\n|raw|turpz's rating: 1396 &rarr; <strong>1415</strong><br />(+19 for winning)\n|l|☆andre4295\n|player|p1|\n|l|☆turpz\n|player|p2|\n", "uploadtime": 1783805032, "views": 14, "formatid": "gen9ou", "rating": 1361, "private": 0, "password": null}