{"id": "gen9ou-2639293470", "format": "[Gen 9] OU", "players": ["grgwrgwegwe", "drumpuu"], "log": "|j|☆grgwrgwegwe\n|j|☆drumpuu\n|t:|1782447386\n|gametype|singles\n|player|p1|grgwrgwegwe|nurse|1301\n|player|p2|drumpuu|clair|1228\n|gen|9\n|tier|[Gen 9] OU\n|rated|\n|rule|HP Percentage Mod: HP is shown in percentages\n|rule|Endless Battle Clause: Forcing endless battles is banned\n|rule|Species Clause: Limit one of each Pokémon\n|rule|OHKO Clause: OHKO moves are banned\n|rule|Evasion Items Clause: Evasion items are banned\n|rule|Evasion Moves Clause: Evasion moves are banned\n|rule|Evasion Abilities Clause: Evasion abilities are banned\n|rule|Sleep Moves Clause: Sleep-inducing moves are banned\n|clearpoke\n|poke|p1|Rotom-Heat|\n|poke|p1|Iron Boulder|\n|poke|p1|Squawkabilly-Yellow, F|\n|poke|p1|Sylveon, F|\n|poke|p1|Slaking, M|\n|poke|p1|Enamorus, F|\n|poke|p2|Goodra-Hisui, F|\n|poke|p2|Rotom-Wash|\n|poke|p2|Rillaboom, M|\n|poke|p2|Heatran, M|\n|poke|p2|Zoroark-Hisui, M|\n|poke|p2|Azumarill, M|\n|teampreview\n|\n|t:|1782447405\n|teamsize|p1|6\n|teamsize|p2|6\n|start\n|switch|p1a: Squawkabilly|Squawkabilly-Yellow, F, shiny|100/100\n|switch|p2a: Azumarill|Azumarill, M|100/100\n|turn|1\n|\n|t:|1782447412\n|move|p1a: Squawkabilly|Giga Impact|p2a: Azumarill\n|-damage|p2a: Azumarill|7/100\n|-mustrecharge|p1a: Squawkabilly\n|move|p2a: Azumarill|Liquidation|p1a: Squawkabilly\n|-damage|p1a: Squawkabilly|11/100\n|\n|upkeep\n|turn|2\n|\n|t:|1782447420\n|cant|p1a: Squawkabilly|recharge\n|move|p2a: Azumarill|Liquidation|p1a: Squawkabilly\n|-damage|p1a: Squawkabilly|0 fnt\n|faint|p1a: Squawkabilly\n|\n|upkeep\n|\n|t:|1782447428\n|switch|p1a: Enamorus|Enamorus, F|100/100\n|turn|3\n|\n|t:|1782447439\n|switch|p2a: Goodra|Goodra-Hisui, F|100/100\n|move|p1a: Enamorus|Draining Kiss|p2a: Goodra\n|-crit|p2a: Goodra\n|-damage|p2a: Goodra|82/100\n|-ability|p2a: Goodra|Gooey\n|-unboost|p1a: Enamorus|spe|1\n|\n|upkeep\n|turn|4\n|\n|t:|1782447451\n|switch|p1a: Rotom|Rotom-Heat|100/100\n|move|p2a: Goodra|Flash Cannon|p1a: Rotom\n|-resisted|p1a: Rotom\n|-damage|p1a: Rotom|90/100\n|\n|upkeep\n|turn|5\n|\n|t:|1782447463\n|switch|p2a: Heatran|Heatran, M|100/100\n|move|p1a: Rotom|Overheat|p2a: Heatran\n|-start|p2a: Heatran|ability: Flash Fire\n|\n|upkeep\n|turn|6\n|\n|t:|1782447474\n|switch|p1a: Iron Boulder|Iron Boulder|100/100\n|move|p2a: Heatran|Magma Storm|p1a: Iron Boulder\n|-resisted|p1a: Iron Boulder\n|-damage|p1a: Iron Boulder|59/100\n|-activate|p1a: Iron Boulder|move: Magma Storm|[of] p2a: Heatran\n|\n|-damage|p1a: Iron Boulder|46/100|[from] move: Magma Storm|[partiallytrapped]\n|upkeep\n|turn|7\n|\n|t:|1782447499\n|move|p1a: Iron Boulder|Stone Edge|p2a: Heatran\n|-crit|p2a: Heatran\n|-damage|p2a: Heatran|34/100\n|move|p2a: Heatran|Earth Power|p1a: Iron Boulder\n|-supereffective|p1a: Iron Boulder\n|-damage|p1a: Iron Boulder|0 fnt\n|faint|p1a: Iron Boulder\n|-end|p1a: Iron Boulder|Quark Drive|[silent]\n|\n|upkeep\n|\n|t:|1782447508\n|switch|p1a: Enamorus|Enamorus, F|100/100\n|turn|8\n|\n|t:|1782447513\n|-end|p2a: Heatran|ability: Flash Fire|[silent]\n|switch|p2a: Goodra|Goodra-Hisui, F|82/100\n|move|p1a: Enamorus|Earth Power|p2a: Goodra\n|-supereffective|p2a: Goodra\n|-damage|p2a: Goodra|54/100\n|\n|upkeep\n|turn|9\n|\n|t:|1782447531\n|move|p1a: Enamorus|Calm Mind|p1a: Enamorus\n|-boost|p1a: Enamorus|spa|1\n|-boost|p1a: Enamorus|spd|1\n|move|p2a: Goodra|Thunderbolt|p1a: Enamorus\n|-supereffective|p1a: Enamorus\n|-damage|p1a: Enamorus|52/100\n|\n|upkeep\n|turn|10\n|\n|t:|1782447537\n|-terastallize|p1a: Enamorus|Stellar\n|move|p1a: Enamorus|Draining Kiss|p2a: Goodra\n|-damage|p2a: Goodra|28/100\n|-heal|p1a: Enamorus|84/100|[from] drain|[of] p2a: Goodra\n|-ability|p2a: Goodra|Gooey\n|-unboost|p1a: Enamorus|spe|1\n|move|p2a: Goodra|Flash Cannon|p1a: Enamorus\n|-supereffective|p1a: Enamorus\n|-damage|p1a: Enamorus|20/100\n|\n|upkeep\n|turn|11\n|\n|t:|1782447549\n|switch|p1a: Rotom|Rotom-Heat|90/100\n|move|p2a: Goodra|Flash Cannon|p1a: Rotom\n|-resisted|p1a: Rotom\n|-damage|p1a: Rotom|80/100\n|\n|upkeep\n|turn|12\n|\n|t:|1782447564\n|switch|p2a: Rotom|Rotom-Wash|100/100\n|move|p1a: Rotom|Overheat|p2a: Rotom\n|-resisted|p2a: Rotom\n|-damage|p2a: Rotom|55/100\n|-unboost|p1a: Rotom|spa|2\n|\n|-heal|p2a: Rotom|61/100|[from] item: Leftovers\n|upkeep\n|turn|13\n|\n|t:|1782447574\n|switch|p1a: Jbai|Sylveon, F|100/100\n|move|p2a: Rotom|Volt Switch|p1a: Jbai\n|-damage|p1a: Jbai|71/100\n|\n|t:|1782447582\n|switch|p2a: Heatran|Heatran, M|34/100|[from] Volt Switch\n|\n|upkeep\n|turn|14\n|\n|t:|1782447591\n|switch|p1a: Rotom|Rotom-Heat|80/100\n|move|p2a: Heatran|Flash Cannon|p1a: Rotom\n|-resisted|p1a: Rotom\n|-damage|p1a: Rotom|65/100\n|\n|upkeep\n|turn|15\n|\n|t:|1782447598\n|switch|p2a: Goodra|Goodra-Hisui, F|28/100\n|move|p1a: Rotom|Volt Switch|p2a: Goodra\n|-resisted|p2a: Goodra\n|-damage|p2a: Goodra|18/100\n|\n|t:|1782447604\n|switch|p1a: Enamorus|Enamorus, F, tera:Stellar|20/100|[from] Volt Switch\n|\n|upkeep\n|turn|16\n|\n|t:|1782447609\n|move|p1a: Enamorus|Moonblast|p2a: Goodra\n|-damage|p2a: Goodra|0 fnt\n|faint|p2a: Goodra\n|\n|upkeep\n|\n|t:|1782447620\n|switch|p2a: Azumarill|Azumarill, M|7/100\n|turn|17\n|\n|t:|1782447628\n|switch|p1a: >.*{|Slaking, M|100/100\n|move|p2a: Azumarill|Aqua Jet|p1a: >.*{\n|-damage|p1a: >.*{|80/100\n|\n|upkeep\n|turn|18\n|\n|t:|1782447635\n|switch|p2a: Rotom|Rotom-Wash|100/100\n|move|p1a: >.*{|Knock Off|p2a: Rotom\n|-supereffective|p2a: Rotom\n|-crit|p2a: Rotom\n|-damage|p2a: Rotom|0 fnt\n|replace|p2a: Zoroark|Zoroark-Hisui, M\n|-end|p2a: Zoroark|Illusion\n|-enditem|p2a: Zoroark|Choice Specs|[from] move: Knock Off|[of] p1a: >.*{\n|faint|p2a: Zoroark\n|\n|upkeep\n|\n|t:|1782447647\n|switch|p2a: Rillaboom|Rillaboom, M|100/100\n|-fieldstart|move: Grassy Terrain|[from] ability: Grassy Surge|[of] p2a: Rillaboom\n|turn|19\n|\n|t:|1782447654\n|switch|p1a: Enamorus|Enamorus, F, tera:Stellar|20/100\n|move|p2a: Rillaboom|Leech Seed|p1a: Enamorus\n|-start|p1a: Enamorus|move: Leech Seed\n|\n|-damage|p1a: Enamorus|7/100|[from] Leech Seed|[of] p2a: Rillaboom\n|upkeep\n|turn|20\n|\n|t:|1782447661\n|move|p2a: Rillaboom|Grassy Glide|p1a: Enamorus\n|-resisted|p1a: Enamorus\n|-damage|p1a: Enamorus|0 fnt\n|-start|p2a: Rillaboom|Attract|[from] ability: Cute Charm|[of] p1a: Enamorus\n|faint|p1a: Enamorus\n|-end|p2a: Rillaboom|Attract|[silent]\n|\n|upkeep\n|\n|t:|1782447663\n|switch|p1a: Rotom|Rotom-Heat|65/100\n|turn|21\n|\n|t:|1782447673\n|switch|p2a: Rotom|Rotom-Wash|61/100\n|move|p1a: Rotom|Overheat|p2a: Rotom\n|-resisted|p2a: Rotom\n|-damage|p2a: Rotom|13/100\n|-unboost|p1a: Rotom|spa|2\n|\n|-heal|p2a: Rotom|19/100|[from] item: Leftovers\n|upkeep\n|turn|22\n|\n|t:|1782447688\n|move|p1a: Rotom|Overheat|p2a: Rotom\n|-resisted|p2a: Rotom\n|-damage|p2a: Rotom|0 fnt\n|-unboost|p1a: Rotom|spa|2\n|faint|p2a: Rotom\n|\n|upkeep\n|\n|t:|1782447695\n|switch|p2a: Azumarill|Azumarill, M|7/100\n|turn|23\n|\n|t:|1782447698\n|move|p2a: Azumarill|Aqua Jet|p1a: Rotom\n|-supereffective|p1a: Rotom\n|-damage|p1a: Rotom|0 fnt\n|faint|p1a: Rotom\n|\n|-heal|p2a: Azumarill|14/100|[from] Grassy Terrain\n|-fieldend|move: Grassy Terrain\n|upkeep\n|\n|t:|1782447703\n|switch|p1a: >.*{|Slaking, M|80/100\n|turn|24\n|\n|t:|1782447709\n|move|p2a: Azumarill|Aqua Jet|p1a: >.*{\n|-damage|p1a: >.*{|61/100\n|move|p1a: >.*{|Earthquake|p2a: Azumarill\n|-damage|p2a: Azumarill|0 fnt\n|faint|p2a: Azumarill\n|\n|upkeep\n|\n|t:|1782447716\n|switch|p2a: Rillaboom|Rillaboom, M|100/100\n|-fieldstart|move: Grassy Terrain|[from] ability: Grassy Surge|[of] p2a: Rillaboom\n|turn|25\n|\n|t:|1782447722\n|switch|p1a: Jbai|Sylveon, F|71/100\n|move|p2a: Rillaboom|Leech Seed|p1a: Jbai\n|-start|p1a: Jbai|move: Leech Seed\n|\n|-heal|p1a: Jbai|77/100|[from] Grassy Terrain\n|-damage|p1a: Jbai|65/100|[from] Leech Seed|[of] p2a: Rillaboom\n|upkeep\n|turn|26\n|\n|t:|1782447731\n|switch|p2a: Heatran|Heatran, M|34/100\n|switch|p1a: >.*{|Slaking, M|61/100\n|\n|-heal|p1a: >.*{|67/100|[from] Grassy Terrain\n|-heal|p2a: Heatran|41/100|[from] Grassy Terrain\n|upkeep\n|turn|27\n|\n|t:|1782447746\n|move|p1a: >.*{|Knock Off|p2a: Heatran\n|-damage|p2a: Heatran|0 fnt\n|-enditem|p2a: Heatran|Assault Vest|[from] move: Knock Off|[of] p1a: >.*{\n|faint|p2a: Heatran\n|\n|-heal|p1a: >.*{|73/100|[from] Grassy Terrain\n|upkeep\n|\n|t:|1782447753\n|switch|p2a: Rillaboom|Rillaboom, M|100/100\n|turn|28\n|\n|t:|1782447786\n|switch|p1a: Jbai|Sylveon, F|65/100\n|move|p2a: Rillaboom|Grassy Glide|p1a: Jbai\n|-crit|p1a: Jbai\n|-damage|p1a: Jbai|0 fnt\n|faint|p1a: Jbai\n|\n|upkeep\n|\n|t:|1782447787\n|switch|p1a: >.*{|Slaking, M|73/100\n|turn|29\n|\n|t:|1782447799\n|move|p1a: >.*{|Mega Kick|p2a: Rillaboom\n|-damage|p2a: Rillaboom|0 fnt\n|faint|p2a: Rillaboom\n|\n|win|grgwrgwegwe\n|raw|grgwrgwegwe's rating: 1301 &rarr; <strong>1317</strong><br />(+16 for winning)\n|raw|drumpuu's rating: 1228 &rarr; <strong>1208</strong><br />(-20 for losing)\n|l|☆drumpuu\n|player|p2|\n|l|☆grgwrgwegwe\n|player|p1|\n", "uploadtime": 1782448164, "views": 7, "formatid": "gen9ou", "rating": 1208, "private": 0, "password": null}