{"id": "gen9ou-2647708315", "format": "[Gen 9] OU", "players": ["DekuFoulerLab", "ONutest"], "log": "|j|☆DekuFoulerLab\n|j|☆ONutest\n|t:|1783799606\n|gametype|singles\n|player|p1|DekuFoulerLab|169|1302\n|player|p2|ONutest|marlon|1340\n|gen|9\n|tier|[Gen 9] OU\n|rated|\n|rule|HP Percentage Mod: HP is shown in percentages\n|rule|Endless Battle Clause: Forcing endless battles is banned\n|rule|Species Clause: Limit one of each Pokémon\n|rule|OHKO Clause: OHKO moves are banned\n|rule|Evasion Items Clause: Evasion items are banned\n|rule|Evasion Moves Clause: Evasion moves are banned\n|rule|Evasion Abilities Clause: Evasion abilities are banned\n|rule|Sleep Moves Clause: Sleep-inducing moves are banned\n|clearpoke\n|poke|p1|Gliscor, F|\n|poke|p1|Gholdengo|\n|poke|p1|Zamazenta-*|\n|poke|p1|Blissey, F|\n|poke|p1|Skarmory, F|\n|poke|p1|Pecharunt|\n|poke|p2|Dragonite, M|\n|poke|p2|Clefable, F|\n|poke|p2|Darkrai|\n|poke|p2|Slowking-Galar, F|\n|poke|p2|Great Tusk|\n|poke|p2|Zapdos|\n|teampreview\n|inactive|Battle timer is ON: inactive players will automatically lose when time's up. (requested by DekuFoulerLab)\n|\n|t:|1783799618\n|teamsize|p1|6\n|teamsize|p2|6\n|start\n|switch|p1a: Skarmory|Skarmory, F|100/100\n|switch|p2a: Zapdos|Zapdos|100/100\n|turn|1\n|\n|t:|1783799624\n|switch|p1a: Blissey|Blissey, F|100/100\n|move|p2a: Zapdos|Discharge|p1a: Blissey\n|-damage|p1a: Blissey|91/100\n|\n|upkeep\n|turn|2\n|\n|t:|1783799632\n|switch|p2a: Great Tusk|Great Tusk|100/100\n|move|p1a: Blissey|Stealth Rock|p2a: Great Tusk\n|-sidestart|p2: ONutest|move: Stealth Rock\n|\n|upkeep\n|turn|3\n|\n|t:|1783799638\n|switch|p1a: Pecharunt|Pecharunt|100/100\n|move|p2a: Great Tusk|Stealth Rock|p1a: Pecharunt\n|-sidestart|p1: DekuFoulerLab|move: Stealth Rock\n|\n|upkeep\n|turn|4\n|\n|t:|1783799644\n|-end|p2a: Great Tusk|Protosynthesis|[silent]\n|switch|p2a: Slowking|Slowking-Galar, F|100/100\n|switch|p1a: Gliscor|Gliscor, F|100/100\n|-damage|p1a: Gliscor|88/100|[from] Stealth Rock\n|\n|-status|p1a: Gliscor|tox|[from] item: Toxic Orb\n|upkeep\n|turn|5\n|\n|t:|1783799656\n|switch|p2a: Zapdos|Zapdos|100/100\n|move|p1a: Gliscor|Earthquake|p2a: Zapdos\n|-immune|p2a: Zapdos\n|\n|-heal|p1a: Gliscor|100/100 tox|[from] ability: Poison Heal\n|upkeep\n|turn|6\n|\n|t:|1783799662\n|move|p1a: Gliscor|Knock Off|p2a: Zapdos\n|-damage|p2a: Zapdos|84/100\n|-enditem|p2a: Zapdos|Heavy-Duty Boots|[from] move: Knock Off|[of] p1a: Gliscor\n|move|p2a: Zapdos|Hurricane|p1a: Gliscor\n|-damage|p1a: Gliscor|61/100 tox\n|\n|-heal|p1a: Gliscor|74/100 tox|[from] ability: Poison Heal\n|upkeep\n|turn|7\n|\n|t:|1783799680\n|move|p1a: Gliscor|Protect|p1a: Gliscor\n|-singleturn|p1a: Gliscor|Protect\n|move|p2a: Zapdos|Hurricane|p1a: Gliscor\n|-activate|p1a: Gliscor|move: Protect\n|\n|-heal|p1a: Gliscor|86/100 tox|[from] ability: Poison Heal\n|upkeep\n|turn|8\n|\n|t:|1783799686\n|move|p1a: Gliscor|Protect|p1a: Gliscor\n|-singleturn|p1a: Gliscor|Protect\n|move|p2a: Zapdos|Hurricane|p1a: Gliscor\n|-activate|p1a: Gliscor|move: Protect\n|\n|-heal|p1a: Gliscor|99/100 tox|[from] ability: Poison Heal\n|upkeep\n|turn|9\n|\n|t:|1783799691\n|move|p1a: Gliscor|Swords Dance|p1a: Gliscor\n|-boost|p1a: Gliscor|atk|2\n|move|p2a: Zapdos|Hurricane|p1a: Gliscor|[miss]\n|-miss|p2a: Zapdos|p1a: Gliscor\n|\n|-heal|p1a: Gliscor|100/100 tox|[from] ability: Poison Heal\n|upkeep\n|turn|10\n|\n|t:|1783799706\n|switch|p2a: Clefable|Clefable, F|100/100\n|move|p1a: Gliscor|Protect||[still]\n|-fail|p1a: Gliscor\n|\n|upkeep\n|turn|11\n|\n|t:|1783799717\n|move|p1a: Gliscor|Earthquake|p2a: Clefable\n|-damage|p2a: Clefable|75/100\n|move|p2a: Clefable|Moonblast|p1a: Gliscor\n|-damage|p1a: Gliscor|74/100 tox\n|\n|-heal|p1a: Gliscor|87/100 tox|[from] ability: Poison Heal\n|upkeep\n|turn|12\n|\n|t:|1783799725\n|move|p1a: Gliscor|Earthquake|p2a: Clefable\n|-damage|p2a: Clefable|51/100\n|move|p2a: Clefable|Calm Mind|p2a: Clefable\n|-boost|p2a: Clefable|spa|1\n|-boost|p2a: Clefable|spd|1\n|\n|-heal|p1a: Gliscor|99/100 tox|[from] ability: Poison Heal\n|upkeep\n|turn|13\n|\n|t:|1783799731\n|move|p1a: Gliscor|Earthquake|p2a: Clefable\n|-damage|p2a: Clefable|24/100\n|move|p2a: Clefable|Moonlight|p2a: Clefable\n|-heal|p2a: Clefable|74/100\n|\n|-heal|p1a: Gliscor|100/100 tox|[from] ability: Poison Heal\n|upkeep\n|turn|14\n|\n|t:|1783799737\n|switch|p1a: Pecharunt|Pecharunt|100/100\n|move|p2a: Clefable|Calm Mind|p2a: Clefable\n|-boost|p2a: Clefable|spa|1\n|-boost|p2a: Clefable|spd|1\n|\n|upkeep\n|turn|15\n|\n|t:|1783799743\n|switch|p2a: Slowking|Slowking-Galar, F|100/100\n|move|p1a: Pecharunt|Toxic|p2a: Slowking\n|-immune|p2a: Slowking\n|\n|upkeep\n|turn|16\n|\n|t:|1783799750\n|move|p1a: Pecharunt|Parting Shot|p2a: Slowking\n|-unboost|p2a: Slowking|atk|1\n|-unboost|p2a: Slowking|spa|1\n|\n|t:|1783799755\n|switch|p1a: Gliscor|Gliscor, F|100/100 tox|[from] Parting Shot\n|-damage|p1a: Gliscor|88/100 tox|[from] Stealth Rock\n|move|p2a: Slowking|Thunder Wave|p1a: Gliscor\n|-immune|p1a: Gliscor\n|\n|-heal|p1a: Gliscor|100/100 tox|[from] ability: Poison Heal\n|upkeep\n|turn|17\n|\n|t:|1783799762\n|switch|p2a: Zapdos|Zapdos|84/100\n|-damage|p2a: Zapdos|60/100|[from] Stealth Rock\n|move|p1a: Gliscor|Earthquake|p2a: Zapdos\n|-immune|p2a: Zapdos\n|\n|upkeep\n|turn|18\n|\n|t:|1783799768\n|move|p1a: Gliscor|Swords Dance|p1a: Gliscor\n|-boost|p1a: Gliscor|atk|2\n|move|p2a: Zapdos|Roost|p2a: Zapdos\n|-heal|p2a: Zapdos|100/100\n|-singleturn|p2a: Zapdos|move: Roost\n|\n|upkeep\n|turn|19\n|\n|t:|1783799775\n|switch|p2a: Clefable|Clefable, F|74/100\n|move|p1a: Gliscor|Knock Off|p2a: Clefable\n|-resisted|p2a: Clefable\n|-damage|p2a: Clefable|65/100\n|-enditem|p2a: Clefable|Heavy-Duty Boots|[from] move: Knock Off|[of] p1a: Gliscor\n|\n|upkeep\n|turn|20\n|\n|t:|1783799781\n|move|p1a: Gliscor|Earthquake|p2a: Clefable\n|-damage|p2a: Clefable|41/100\n|move|p2a: Clefable|Moonlight|p2a: Clefable\n|-heal|p2a: Clefable|91/100\n|\n|upkeep\n|turn|21\n|\n|t:|1783799787\n|move|p1a: Gliscor|Earthquake|p2a: Clefable\n|-damage|p2a: Clefable|68/100\n|move|p2a: Clefable|Calm Mind|p2a: Clefable\n|-boost|p2a: Clefable|spa|1\n|-boost|p2a: Clefable|spd|1\n|\n|upkeep\n|turn|22\n|\n|t:|1783799793\n|switch|p1a: Pecharunt|Pecharunt|100/100\n|move|p2a: Clefable|Calm Mind|p2a: Clefable\n|-boost|p2a: Clefable|spa|1\n|-boost|p2a: Clefable|spd|1\n|\n|upkeep\n|turn|23\n|\n|t:|1783799804\n|switch|p2a: Slowking|Slowking-Galar, F|100/100\n|move|p1a: Pecharunt|Toxic|p2a: Slowking\n|-immune|p2a: Slowking\n|\n|upkeep\n|turn|24\n|\n|t:|1783799810\n|move|p1a: Pecharunt|Parting Shot|p2a: Slowking\n|-unboost|p2a: Slowking|atk|1\n|-unboost|p2a: Slowking|spa|1\n|\n|t:|1783799816\n|switch|p1a: Gliscor|Gliscor, F|100/100 tox|[from] Parting Shot\n|-damage|p1a: Gliscor|88/100 tox|[from] Stealth Rock\n|-prepare|p2a: Slowking|Chilly Reception|[premajor]\n|move|p2a: Slowking|Chilly Reception|p2a: Slowking\n|-weather|Snowscape\n|\n|t:|1783799822\n|switch|p2a: Darkrai|Darkrai|100/100|[from] Chilly Reception\n|-damage|p2a: Darkrai|88/100|[from] Stealth Rock\n|\n|-weather|Snowscape|[upkeep]\n|-heal|p1a: Gliscor|100/100 tox|[from] ability: Poison Heal\n|upkeep\n|turn|25\n|\n|t:|1783799828\n|switch|p1a: Blissey|Blissey, F|91/100\n|move|p2a: Darkrai|Ice Beam|p1a: Blissey\n|-damage|p1a: Blissey|82/100\n|\n|-weather|Snowscape|[upkeep]\n|upkeep\n|turn|26\n|\n|t:|1783799836\n|switch|p2a: Great Tusk|Great Tusk|100/100\n|move|p1a: Blissey|Soft-Boiled|p1a: Blissey\n|-heal|p1a: Blissey|100/100\n|\n|-weather|Snowscape|[upkeep]\n|upkeep\n|turn|27\n|\n|t:|1783799842\n|switch|p1a: Skarmory|Skarmory, F|100/100\n|move|p2a: Great Tusk|Rapid Spin|p1a: Skarmory\n|-resisted|p1a: Skarmory\n|-damage|p1a: Skarmory|96/100\n|-boost|p2a: Great Tusk|spe|1\n|-sideend|p2: ONutest|Stealth Rock|[from] move: Rapid Spin|[of] p2a: Great Tusk\n|\n|-weather|Snowscape|[upkeep]\n|upkeep\n|turn|28\n|\n|t:|1783799849\n|-end|p2a: Great Tusk|Protosynthesis|[silent]\n|switch|p2a: Zapdos|Zapdos|100/100\n|move|p1a: Skarmory|Spikes|p2a: Zapdos\n|-sidestart|p2: ONutest|Spikes\n|\n|-weather|none\n|upkeep\n|turn|29\n|\n|t:|1783799856\n|switch|p1a: Blissey|Blissey, F|100/100\n|move|p2a: Zapdos|Hurricane|p1a: Blissey\n|-damage|p1a: Blissey|87/100\n|\n|upkeep\n|turn|30\n|\n|t:|1783799863\n|switch|p2a: Great Tusk|Great Tusk|100/100\n|move|p1a: Blissey|Stealth Rock|p2a: Great Tusk\n|-sidestart|p2: ONutest|move: Stealth Rock\n|\n|upkeep\n|turn|31\n|\n|t:|1783799869\n|switch|p1a: Pecharunt|Pecharunt|100/100\n|move|p2a: Great Tusk|Earthquake|p1a: Pecharunt\n|-supereffective|p1a: Pecharunt\n|-damage|p1a: Pecharunt|57/100\n|\n|upkeep\n|turn|32\n|\n|t:|1783799886\n|-end|p2a: Great Tusk|Protosynthesis|[silent]\n|switch|p2a: Slowking|Slowking-Galar, F|100/100\n|move|p1a: Pecharunt|Recover|p1a: Pecharunt\n|-heal|p1a: Pecharunt|100/100\n|\n|upkeep\n|turn|33\n|\n|t:|1783799897\n|move|p1a: Pecharunt|Parting Shot|p2a: Slowking\n|-unboost|p2a: Slowking|atk|1\n|-unboost|p2a: Slowking|spa|1\n|\n|t:|1783799903\n|switch|p1a: Gholdengo|Gholdengo|100/100|[from] Parting Shot\n|-damage|p1a: Gholdengo|94/100|[from] Stealth Rock\n|-prepare|p2a: Slowking|Chilly Reception|[premajor]\n|move|p2a: Slowking|Chilly Reception|p2a: Slowking\n|-weather|Snowscape\n|\n|t:|1783799906\n|switch|p2a: Darkrai|Darkrai|88/100|[from] Chilly Reception\n|-damage|p2a: Darkrai|76/100|[from] Spikes\n|-damage|p2a: Darkrai|63/100|[from] Stealth Rock\n|\n|-weather|Snowscape|[upkeep]\n|upkeep\n|turn|34\n|\n|t:|1783799911\n|move|p2a: Darkrai|Dark Pulse|p1a: Gholdengo\n|-supereffective|p1a: Gholdengo\n|-damage|p1a: Gholdengo|8/100\n|move|p1a: Gholdengo|Thunder Wave|p2a: Darkrai\n|-status|p2a: Darkrai|par\n|\n|-weather|Snowscape|[upkeep]\n|upkeep\n|turn|35\n|\n|t:|1783799918\n|move|p2a: Darkrai|Dark Pulse|p1a: Gholdengo\n|-supereffective|p1a: Gholdengo\n|-damage|p1a: Gholdengo|0 fnt\n|faint|p1a: Gholdengo\n|\n|-weather|Snowscape|[upkeep]\n|upkeep\n|\n|t:|1783799924\n|switch|p1a: Zamazenta|Zamazenta|100/100\n|-ability|p1a: Zamazenta|Dauntless Shield|boost\n|-boost|p1a: Zamazenta|def|1\n|turn|36\n|\n|t:|1783799928\n|switch|p2a: Zapdos|Zapdos|100/100\n|-damage|p2a: Zapdos|76/100|[from] Stealth Rock\n|move|p1a: Zamazenta|Close Combat|p2a: Zapdos\n|-resisted|p2a: Zapdos\n|-damage|p2a: Zapdos|54/100\n|-unboost|p1a: Zamazenta|def|1\n|-unboost|p1a: Zamazenta|spd|1\n|\n|-weather|Snowscape|[upkeep]\n|upkeep\n|turn|37\n|\n|t:|1783799936\n|switch|p1a: Blissey|Blissey, F|87/100\n|move|p2a: Zapdos|Hurricane|p1a: Blissey\n|-damage|p1a: Blissey|72/100\n|\n|-weather|none\n|upkeep\n|turn|38\n|\n|t:|1783799942\n|move|p2a: Zapdos|U-turn|p1a: Blissey\n|-damage|p1a: Blissey|59/100\n|\n|t:|1783799946\n|switch|p2a: Great Tusk|Great Tusk|100/100|[from] U-turn\n|move|p1a: Blissey|Calm Mind|p1a: Blissey\n|-boost|p1a: Blissey|spa|1\n|-boost|p1a: Blissey|spd|1\n|\n|upkeep\n|turn|39\n|\n|t:|1783799952\n|move|p2a: Great Tusk|Earthquake|p1a: Blissey\n|-damage|p1a: Blissey|11/100\n|move|p1a: Blissey|Soft-Boiled|p1a: Blissey\n|-heal|p1a: Blissey|61/100\n|\n|upkeep\n|turn|40\n|\n|t:|1783799958\n|move|p2a: Great Tusk|Rapid Spin|p1a: Blissey\n|-damage|p1a: Blissey|45/100\n|-boost|p2a: Great Tusk|spe|1\n|-sideend|p2: ONutest|Spikes|[from] move: Rapid Spin|[of] p2a: Great Tusk\n|-sideend|p2: ONutest|Stealth Rock|[from] move: Rapid Spin|[of] p2a: Great Tusk\n|move|p1a: Blissey|Soft-Boiled|p1a: Blissey\n|-heal|p1a: Blissey|95/100\n|\n|upkeep\n|turn|41\n|\n|t:|1783799965\n|move|p2a: Great Tusk|Earthquake|p1a: Blissey\n|-damage|p1a: Blissey|48/100\n|move|p1a: Blissey|Stealth Rock|p2a: Great Tusk\n|-sidestart|p2: ONutest|move: Stealth Rock\n|\n|upkeep\n|turn|42\n|\n|t:|1783799971\n|move|p2a: Great Tusk|Earthquake|p1a: Blissey\n|-damage|p1a: Blissey|6/100\n|move|p1a: Blissey|Soft-Boiled|p1a: Blissey\n|-heal|p1a: Blissey|56/100\n|\n|upkeep\n|turn|43\n|\n|t:|1783799978\n|switch|p1a: Gliscor|Gliscor, F|100/100 tox\n|-damage|p1a: Gliscor|88/100 tox|[from] Stealth Rock\n|move|p2a: Great Tusk|Rapid Spin|p1a: Gliscor\n|-damage|p1a: Gliscor|77/100 tox\n|-boost|p2a: Great Tusk|spe|1\n|-sideend|p2: ONutest|Stealth Rock|[from] move: Rapid Spin|[of] p2a: Great Tusk\n|\n|-heal|p1a: Gliscor|89/100 tox|[from] ability: Poison Heal\n|upkeep\n|turn|44\n|\n|t:|1783799985\n|-end|p2a: Great Tusk|Protosynthesis|[silent]\n|switch|p2a: Zapdos|Zapdos|54/100\n|move|p1a: Gliscor|Swords Dance|p1a: Gliscor\n|-boost|p1a: Gliscor|atk|2\n|\n|-heal|p1a: Gliscor|100/100 tox|[from] ability: Poison Heal\n|upkeep\n|turn|45\n|\n|t:|1783799991\n|move|p1a: Gliscor|Swords Dance|p1a: Gliscor\n|-boost|p1a: Gliscor|atk|2\n|move|p2a: Zapdos|Roost|p2a: Zapdos\n|-heal|p2a: Zapdos|100/100\n|-singleturn|p2a: Zapdos|move: Roost\n|\n|upkeep\n|turn|46\n|\n|t:|1783799997\n|switch|p2a: Clefable|Clefable, F|68/100\n|move|p1a: Gliscor|Protect||[still]\n|-fail|p1a: Gliscor\n|\n|upkeep\n|turn|47\n|\n|t:|1783800003\n|move|p1a: Gliscor|Earthquake|p2a: Clefable\n|-damage|p2a: Clefable|43/100\n|move|p2a: Clefable|Moonlight|p2a: Clefable\n|-heal|p2a: Clefable|93/100\n|\n|upkeep\n|turn|48\n|\n|t:|1783800009\n|switch|p1a: Zamazenta|Zamazenta|100/100\n|move|p2a: Clefable|Calm Mind|p2a: Clefable\n|-boost|p2a: Clefable|spa|1\n|-boost|p2a: Clefable|spd|1\n|\n|upkeep\n|turn|49\n|\n|t:|1783800019\n|switch|p1a: Blissey|Blissey, F|56/100\n|-terastallize|p2a: Clefable|Poison\n|move|p2a: Clefable|Thunder Wave|p1a: Blissey\n|-status|p1a: Blissey|par\n|\n|upkeep\n|turn|50\n|\n|t:|1783800028\n|move|p2a: Clefable|Calm Mind|p2a: Clefable\n|-boost|p2a: Clefable|spa|1\n|-boost|p2a: Clefable|spd|1\n|move|p1a: Blissey|Stealth Rock|p2a: Clefable\n|-sidestart|p2: ONutest|move: Stealth Rock\n|\n|upkeep\n|turn|51\n|\n|t:|1783800035\n|move|p2a: Clefable|Calm Mind|p2a: Clefable\n|-boost|p2a: Clefable|spa|1\n|-boost|p2a: Clefable|spd|1\n|move|p1a: Blissey|Soft-Boiled|p1a: Blissey\n|-heal|p1a: Blissey|100/100 par\n|\n|upkeep\n|turn|52\n|\n|t:|1783800042\n|move|p2a: Clefable|Moonblast|p1a: Blissey\n|-damage|p1a: Blissey|75/100 par\n|move|p1a: Blissey|Calm Mind|p1a: Blissey\n|-boost|p1a: Blissey|spa|1\n|-boost|p1a: Blissey|spd|1\n|\n|upkeep\n|turn|53\n|\n|t:|1783800049\n|move|p2a: Clefable|Calm Mind|p2a: Clefable\n|-boost|p2a: Clefable|spa|1\n|-boost|p2a: Clefable|spd|1\n|move|p1a: Blissey|Soft-Boiled|p1a: Blissey\n|-heal|p1a: Blissey|100/100 par\n|\n|upkeep\n|turn|54\n|\n|t:|1783800055\n|move|p2a: Clefable|Calm Mind|p2a: Clefable\n|-boost|p2a: Clefable|spa|1\n|-boost|p2a: Clefable|spd|1\n|move|p1a: Blissey|Calm Mind|p1a: Blissey\n|-boost|p1a: Blissey|spa|1\n|-boost|p1a: Blissey|spd|1\n|\n|upkeep\n|turn|55\n|\n|t:|1783800061\n|move|p2a: Clefable|Calm Mind|p2a: Clefable\n|-boost|p2a: Clefable|spa|1\n|-boost|p2a: Clefable|spd|1\n|move|p1a: Blissey|Calm Mind|p1a: Blissey\n|-boost|p1a: Blissey|spa|1\n|-boost|p1a: Blissey|spd|1\n|\n|upkeep\n|turn|56\n|\n|t:|1783800067\n|move|p2a: Clefable|Moonblast|p1a: Blissey\n|-damage|p1a: Blissey|62/100 par\n|move|p1a: Blissey|Shadow Ball|p2a: Clefable\n|-damage|p2a: Clefable|90/100\n|\n|upkeep\n|turn|57\n|\n|t:|1783800073\n|move|p2a: Clefable|Moonblast|p1a: Blissey\n|-crit|p1a: Blissey\n|-damage|p1a: Blissey|8/100 par\n|cant|p1a: Blissey|par\n|\n|upkeep\n|turn|58\n|\n|t:|1783800081\n|move|p2a: Clefable|Moonblast|p1a: Blissey\n|-damage|p1a: Blissey|0 fnt\n|faint|p1a: Blissey\n|\n|upkeep\n|\n|t:|1783800086\n|switch|p1a: Skarmory|Skarmory, F|96/100\n|turn|59\n|\n|t:|1783800094\n|move|p2a: Clefable|Moonblast|p1a: Skarmory\n|-resisted|p1a: Skarmory\n|-damage|p1a: Skarmory|14/100\n|move|p1a: Skarmory|Whirlwind|p2a: Clefable\n|drag|p2a: Dragonite|Dragonite, M|100/100\n|\n|upkeep\n|turn|60\n|\n|t:|1783800106\n|switch|p2a: Zapdos|Zapdos|100/100\n|-damage|p2a: Zapdos|76/100|[from] Stealth Rock\n|move|p1a: Skarmory|Roost|p1a: Skarmory\n|-heal|p1a: Skarmory|64/100\n|-singleturn|p1a: Skarmory|move: Roost\n|\n|upkeep\n|turn|61\n|\n|t:|1783800113\n|switch|p1a: Gliscor|Gliscor, F|100/100 tox\n|-damage|p1a: Gliscor|88/100 tox|[from] Stealth Rock\n|move|p2a: Zapdos|Discharge|p1a: Gliscor\n|-immune|p1a: Gliscor\n|\n|-heal|p1a: Gliscor|100/100 tox|[from] ability: Poison Heal\n|upkeep\n|turn|62\n|\n|t:|1783800119\n|move|p1a: Gliscor|Swords Dance|p1a: Gliscor\n|-boost|p1a: Gliscor|atk|2\n|move|p2a: Zapdos|Hurricane|p1a: Gliscor\n|-damage|p1a: Gliscor|59/100 tox\n|-start|p1a: Gliscor|confusion\n|\n|-heal|p1a: Gliscor|71/100 tox|[from] ability: Poison Heal\n|upkeep\n|turn|63\n|\n|t:|1783800125\n|-activate|p1a: Gliscor|confusion\n|move|p1a: Gliscor|Protect|p1a: Gliscor\n|-singleturn|p1a: Gliscor|Protect\n|move|p2a: Zapdos|Hurricane|p1a: Gliscor\n|-activate|p1a: Gliscor|move: Protect\n|\n|-heal|p1a: Gliscor|84/100 tox|[from] ability: Poison Heal\n|upkeep\n|turn|64\n|\n|t:|1783800132\n|-activate|p1a: Gliscor|confusion\n|move|p1a: Gliscor|Protect|p1a: Gliscor\n|-singleturn|p1a: Gliscor|Protect\n|move|p2a: Zapdos|Hurricane|p1a: Gliscor\n|-activate|p1a: Gliscor|move: Protect\n|\n|-heal|p1a: Gliscor|96/100 tox|[from] ability: Poison Heal\n|upkeep\n|turn|65\n|\n|t:|1783800137\n|-activate|p1a: Gliscor|confusion\n|-damage|p1a: Gliscor|81/100 tox|[from] confusion\n|move|p2a: Zapdos|Hurricane|p1a: Gliscor|[miss]\n|-miss|p2a: Zapdos|p1a: Gliscor\n|\n|-heal|p1a: Gliscor|94/100 tox|[from] ability: Poison Heal\n|upkeep\n|turn|66\n|\n|t:|1783800144\n|switch|p2a: Great Tusk|Great Tusk|100/100\n|-activate|p1a: Gliscor|confusion\n|-damage|p1a: Gliscor|78/100 tox|[from] confusion\n|\n|-heal|p1a: Gliscor|91/100 tox|[from] ability: Poison Heal\n|upkeep\n|turn|67\n|\n|t:|1783800149\n|switch|p1a: Pecharunt|Pecharunt|100/100\n|move|p2a: Great Tusk|Ice Spinner|p1a: Pecharunt\n|-damage|p1a: Pecharunt|89/100\n|\n|upkeep\n|turn|68\n|\n|t:|1783800156\n|-end|p2a: Great Tusk|Protosynthesis|[silent]\n|switch|p2a: Slowking|Slowking-Galar, F|100/100\n|move|p1a: Pecharunt|Shadow Ball|p2a: Slowking\n|-supereffective|p2a: Slowking\n|-damage|p2a: Slowking|74/100\n|\n|upkeep\n|turn|69\n|\n|t:|1783800165\n|move|p1a: Pecharunt|Shadow Ball|p2a: Slowking\n|-supereffective|p2a: Slowking\n|-crit|p2a: Slowking\n|-damage|p2a: Slowking|28/100\n|-prepare|p2a: Slowking|Chilly Reception|[premajor]\n|move|p2a: Slowking|Chilly Reception|p2a: Slowking\n|-weather|Snowscape\n|\n|t:|1783800167\n|switch|p2a: Darkrai|Darkrai|63/100 par|[from] Chilly Reception\n|-damage|p2a: Darkrai|51/100 par|[from] Stealth Rock\n|\n|-weather|Snowscape|[upkeep]\n|upkeep\n|turn|70\n|\n|t:|1783800174\n|move|p2a: Darkrai|Trick|p1a: Pecharunt\n|-activate|p2a: Darkrai|move: Trick|[of] p1a: Pecharunt\n|-item|p1a: Pecharunt|Choice Scarf|[from] move: Trick\n|-item|p2a: Darkrai|Heavy-Duty Boots|[from] move: Trick\n|move|p1a: Pecharunt|Parting Shot|p2a: Darkrai\n|-unboost|p2a: Darkrai|atk|1\n|-unboost|p2a: Darkrai|spa|1\n|\n|t:|1783800179\n|switch|p1a: Gliscor|Gliscor, F|91/100 tox|[from] Parting Shot\n|-damage|p1a: Gliscor|78/100 tox|[from] Stealth Rock\n|\n|-weather|Snowscape|[upkeep]\n|-heal|p1a: Gliscor|91/100 tox|[from] ability: Poison Heal\n|upkeep\n|turn|71\n|\n|t:|1783800186\n|move|p1a: Gliscor|Earthquake|p2a: Darkrai\n|-damage|p2a: Darkrai|5/100 par\n|move|p2a: Darkrai|Ice Beam|p1a: Gliscor\n|-supereffective|p1a: Gliscor\n|-damage|p1a: Gliscor|18/100 tox\n|\n|-weather|Snowscape|[upkeep]\n|-heal|p1a: Gliscor|31/100 tox|[from] ability: Poison Heal\n|upkeep\n|turn|72\n|\n|t:|1783800194\n|move|p1a: Gliscor|Earthquake|p2a: Darkrai\n|-damage|p2a: Darkrai|0 fnt\n|faint|p2a: Darkrai\n|\n|-weather|Snowscape|[upkeep]\n|-heal|p1a: Gliscor|43/100 tox|[from] ability: Poison Heal\n|upkeep\n|\n|t:|1783800197\n|switch|p2a: Great Tusk|Great Tusk|100/100\n|turn|73\n|\n|t:|1783800203\n|switch|p1a: Skarmory|Skarmory, F|64/100\n|move|p2a: Great Tusk|Ice Spinner|p1a: Skarmory\n|-damage|p1a: Skarmory|49/100\n|\n|-weather|none\n|upkeep\n|turn|74\n|\n|t:|1783800209\n|-end|p2a: Great Tusk|Protosynthesis|[silent]\n|switch|p2a: Zapdos|Zapdos|76/100\n|-damage|p2a: Zapdos|51/100|[from] Stealth Rock\n|move|p1a: Skarmory|Roost|p1a: Skarmory\n|-heal|p1a: Skarmory|99/100\n|-singleturn|p1a: Skarmory|move: Roost\n|\n|upkeep\n|turn|75\n|\n|t:|1783800217\n|switch|p1a: Gliscor|Gliscor, F|43/100 tox\n|-damage|p1a: Gliscor|31/100 tox|[from] Stealth Rock\n|move|p2a: Zapdos|Roost|p2a: Zapdos\n|-heal|p2a: Zapdos|100/100\n|-singleturn|p2a: Zapdos|move: Roost\n|\n|-heal|p1a: Gliscor|43/100 tox|[from] ability: Poison Heal\n|upkeep\n|turn|76\n|\n|t:|1783800223\n|move|p1a: Gliscor|Protect|p1a: Gliscor\n|-singleturn|p1a: Gliscor|Protect\n|move|p2a: Zapdos|Hurricane|p1a: Gliscor\n|-activate|p1a: Gliscor|move: Protect\n|\n|-heal|p1a: Gliscor|56/100 tox|[from] ability: Poison Heal\n|upkeep\n|turn|77\n|\n|t:|1783800229\n|move|p1a: Gliscor|Protect|p1a: Gliscor\n|-singleturn|p1a: Gliscor|Protect\n|move|p2a: Zapdos|Hurricane|p1a: Gliscor\n|-activate|p1a: Gliscor|move: Protect\n|\n|-heal|p1a: Gliscor|68/100 tox|[from] ability: Poison Heal\n|upkeep\n|turn|78\n|\n|t:|1783800238\n|move|p1a: Gliscor|Swords Dance|p1a: Gliscor\n|-boost|p1a: Gliscor|atk|2\n|move|p2a: Zapdos|Hurricane|p1a: Gliscor|[miss]\n|-miss|p2a: Zapdos|p1a: Gliscor\n|\n|-heal|p1a: Gliscor|81/100 tox|[from] ability: Poison Heal\n|upkeep\n|turn|79\n|\n|t:|1783800244\n|move|p1a: Gliscor|Protect|p1a: Gliscor\n|-singleturn|p1a: Gliscor|Protect\n|move|p2a: Zapdos|Hurricane|p1a: Gliscor\n|-activate|p1a: Gliscor|move: Protect\n|\n|-heal|p1a: Gliscor|93/100 tox|[from] ability: Poison Heal\n|upkeep\n|turn|80\n|\n|t:|1783800250\n|move|p1a: Gliscor|Swords Dance|p1a: Gliscor\n|-boost|p1a: Gliscor|atk|2\n|move|p2a: Zapdos|Hurricane|p1a: Gliscor\n|-damage|p1a: Gliscor|50/100 tox\n|\n|-heal|p1a: Gliscor|63/100 tox|[from] ability: Poison Heal\n|upkeep\n|turn|81\n|\n|t:|1783800257\n|move|p1a: Gliscor|Protect|p1a: Gliscor\n|-singleturn|p1a: Gliscor|Protect\n|move|p2a: Zapdos|Hurricane|p1a: Gliscor\n|-activate|p1a: Gliscor|move: Protect\n|\n|-heal|p1a: Gliscor|75/100 tox|[from] ability: Poison Heal\n|upkeep\n|turn|82\n|\n|t:|1783800270\n|move|p1a: Gliscor|Knock Off|p2a: Zapdos\n|-damage|p2a: Zapdos|71/100\n|move|p2a: Zapdos|Discharge|p1a: Gliscor\n|-immune|p1a: Gliscor\n|\n|-heal|p1a: Gliscor|88/100 tox|[from] ability: Poison Heal\n|upkeep\n|turn|83\n|\n|t:|1783800281\n|switch|p2a: Great Tusk|Great Tusk|100/100\n|move|p1a: Gliscor|Knock Off|p2a: Great Tusk\n|-resisted|p2a: Great Tusk\n|-damage|p2a: Great Tusk|86/100\n|-enditem|p2a: Great Tusk|Heavy-Duty Boots|[from] move: Knock Off|[of] p1a: Gliscor\n|\n|-heal|p1a: Gliscor|99/100 tox|[from] ability: Poison Heal\n|upkeep\n|turn|84\n|\n|t:|1783800288\n|move|p1a: Gliscor|Earthquake|p2a: Great Tusk\n|-damage|p2a: Great Tusk|39/100\n|move|p2a: Great Tusk|Ice Spinner|p1a: Gliscor\n|-supereffective|p1a: Gliscor\n|-damage|p1a: Gliscor|29/100 tox\n|\n|-heal|p1a: Gliscor|41/100 tox|[from] ability: Poison Heal\n|upkeep\n|turn|85\n|\n|t:|1783800294\n|move|p1a: Gliscor|Knock Off|p2a: Great Tusk\n|-resisted|p2a: Great Tusk\n|-damage|p2a: Great Tusk|27/100\n|move|p2a: Great Tusk|Ice Spinner|p1a: Gliscor\n|-supereffective|p1a: Gliscor\n|-damage|p1a: Gliscor|0 fnt\n|faint|p1a: Gliscor\n|\n|upkeep\n|\n|t:|1783800301\n|switch|p1a: Pecharunt|Pecharunt|89/100\n|-damage|p1a: Pecharunt|77/100|[from] Stealth Rock\n|turn|86\n|\n|t:|1783800305\n|move|p1a: Pecharunt|Shadow Ball|p2a: Great Tusk\n|-crit|p2a: Great Tusk\n|-damage|p2a: Great Tusk|0 fnt\n|faint|p2a: Great Tusk\n|-end|p2a: Great Tusk|Protosynthesis|[silent]\n|\n|upkeep\n|\n|t:|1783800332\n|switch|p2a: Zapdos|Zapdos|71/100\n|-damage|p2a: Zapdos|46/100|[from] Stealth Rock\n|turn|87\n|\n|t:|1783800338\n|move|p1a: Pecharunt|Shadow Ball|p2a: Zapdos\n|-damage|p2a: Zapdos|21/100\n|move|p2a: Zapdos|Discharge|p1a: Pecharunt\n|-damage|p1a: Pecharunt|42/100\n|\n|upkeep\n|turn|88\n|\n|t:|1783800349\n|move|p1a: Pecharunt|Shadow Ball|p2a: Zapdos\n|-damage|p2a: Zapdos|0 fnt\n|faint|p2a: Zapdos\n|\n|upkeep\n|\n|t:|1783800355\n|switch|p2a: Dragonite|Dragonite, M|100/100\n|turn|89\n|\n|t:|1783800361\n|switch|p1a: Skarmory|Skarmory, F|99/100\n|move|p2a: Dragonite|Earthquake|p1a: Skarmory\n|-immune|p1a: Skarmory\n|\n|upkeep\n|turn|90\n|\n|t:|1783800367\n|switch|p2a: Slowking|Slowking-Galar, F|61/100\n|move|p1a: Skarmory|Spikes|p2a: Slowking\n|-sidestart|p2: ONutest|Spikes\n|\n|upkeep\n|turn|91\n|\n|t:|1783800373\n|move|p1a: Skarmory|Spikes|p2a: Slowking\n|-sidestart|p2: ONutest|Spikes\n|move|p2a: Slowking|Thunder Wave|p1a: Skarmory\n|-status|p1a: Skarmory|par\n|\n|upkeep\n|turn|92\n|\n|t:|1783800379\n|switch|p1a: Zamazenta|Zamazenta|100/100\n|move|p2a: Slowking|Future Sight|p1a: Zamazenta\n|-start|p2a: Slowking|move: Future Sight\n|\n|upkeep\n|turn|93\n|\n|t:|1783800384\n|move|p1a: Zamazenta|Crunch|p2a: Slowking\n|-supereffective|p2a: Slowking\n|-damage|p2a: Slowking|7/100\n|-prepare|p2a: Slowking|Chilly Reception|[premajor]\n|move|p2a: Slowking|Chilly Reception|p2a: Slowking\n|-weather|Snowscape\n|\n|t:|1783800387\n|switch|p2a: Clefable|Clefable, F, tera:Poison|90/100|[from] Chilly Reception\n|-damage|p2a: Clefable|77/100|[from] Stealth Rock\n|-damage|p2a: Clefable|61/100|[from] Spikes\n|\n|-weather|Snowscape|[upkeep]\n|upkeep\n|turn|94\n|\n|t:|1783800393\n|switch|p1a: Skarmory|Skarmory, F|99/100 par\n|move|p2a: Clefable|Moonlight|p2a: Clefable\n|-heal|p2a: Clefable|86/100\n|\n|-weather|Snowscape|[upkeep]\n|-end|p1a: Skarmory|move: Future Sight\n|-resisted|p1a: Skarmory\n|-damage|p1a: Skarmory|68/100 par\n|upkeep\n|turn|95\n|\n|t:|1783800399\n|move|p2a: Clefable|Calm Mind|p2a: Clefable\n|-boost|p2a: Clefable|spa|1\n|-boost|p2a: Clefable|spd|1\n|move|p1a: Skarmory|Roost|p1a: Skarmory\n|-heal|p1a: Skarmory|100/100 par\n|-singleturn|p1a: Skarmory|move: Roost\n|\n|-weather|Snowscape|[upkeep]\n|upkeep\n|turn|96\n|\n|t:|1783800405\n|move|p2a: Clefable|Moonblast|p1a: Skarmory\n|-resisted|p1a: Skarmory\n|-crit|p1a: Skarmory\n|-damage|p1a: Skarmory|55/100 par\n|cant|p1a: Skarmory|par\n|\n|-weather|Snowscape|[upkeep]\n|upkeep\n|turn|97\n|\n|t:|1783800411\n|move|p2a: Clefable|Moonblast|p1a: Skarmory\n|-resisted|p1a: Skarmory\n|-damage|p1a: Skarmory|20/100 par\n|move|p1a: Skarmory|Whirlwind|p2a: Clefable\n|drag|p2a: Slowking|Slowking-Galar, F|40/100\n|\n|-weather|none\n|upkeep\n|turn|98\n|\n|t:|1783800417\n|move|p1a: Skarmory|Roost|p1a: Skarmory\n|-heal|p1a: Skarmory|70/100 par\n|-singleturn|p1a: Skarmory|move: Roost\n|-prepare|p2a: Slowking|Chilly Reception|[premajor]\n|move|p2a: Slowking|Chilly Reception|p2a: Slowking\n|-weather|Snowscape\n|\n|t:|1783800419\n|switch|p2a: Clefable|Clefable, F, tera:Poison|86/100|[from] Chilly Reception\n|-damage|p2a: Clefable|73/100|[from] Stealth Rock\n|-damage|p2a: Clefable|57/100|[from] Spikes\n|\n|-weather|Snowscape|[upkeep]\n|upkeep\n|turn|99\n|\n|t:|1783800425\n|move|p2a: Clefable|Moonlight|p2a: Clefable\n|-heal|p2a: Clefable|82/100\n|move|p1a: Skarmory|Roost|p1a: Skarmory\n|-heal|p1a: Skarmory|100/100 par\n|-singleturn|p1a: Skarmory|move: Roost\n|\n|-weather|Snowscape|[upkeep]\n|upkeep\n|turn|100\n|\n|t:|1783800434\n|move|p2a: Clefable|Calm Mind|p2a: Clefable\n|-boost|p2a: Clefable|spa|1\n|-boost|p2a: Clefable|spd|1\n|move|p1a: Skarmory|Whirlwind|p2a: Clefable\n|drag|p2a: Slowking|Slowking-Galar, F|73/100\n|\n|-weather|Snowscape|[upkeep]\n|upkeep\n|turn|101\n|\n|t:|1783800440\n|switch|p1a: Zamazenta|Zamazenta|100/100\n|-prepare|p2a: Slowking|Chilly Reception|[premajor]\n|move|p2a: Slowking|Chilly Reception|p2a: Slowking\n|\n|t:|1783800442\n|switch|p2a: Clefable|Clefable, F, tera:Poison|82/100|[from] Chilly Reception\n|-damage|p2a: Clefable|69/100|[from] Stealth Rock\n|-damage|p2a: Clefable|53/100|[from] Spikes\n|\n|-weather|Snowscape|[upkeep]\n|upkeep\n|turn|102\n|\n|t:|1783800448\n|move|p1a: Zamazenta|Heavy Slam|p2a: Clefable\n|-damage|p2a: Clefable|22/100\n|move|p2a: Clefable|Moonlight|p2a: Clefable\n|-heal|p2a: Clefable|46/100\n|\n|-weather|none\n|upkeep\n|turn|103\n|\n|t:|1783800454\n|move|p1a: Zamazenta|Ice Fang|p2a: Clefable\n|-damage|p2a: Clefable|30/100\n|-status|p2a: Clefable|frz\n|cant|p2a: Clefable|frz\n|\n|upkeep\n|turn|104\n|\n|t:|1783800456\n|move|p1a: Zamazenta|Close Combat|p2a: Clefable\n|-resisted|p2a: Clefable\n|-damage|p2a: Clefable|8/100 frz\n|-unboost|p1a: Zamazenta|def|1\n|-unboost|p1a: Zamazenta|spd|1\n|cant|p2a: Clefable|frz\n|\n|upkeep\n|turn|105\n|\n|t:|1783800459\n|move|p1a: Zamazenta|Crunch|p2a: Clefable\n|-damage|p2a: Clefable|0 fnt\n|faint|p2a: Clefable\n|\n|upkeep\n|\n|t:|1783800466\n|switch|p2a: Slowking|Slowking-Galar, F|100/100\n|turn|106\n|\n|t:|1783800472\n|move|p1a: Zamazenta|Crunch|p2a: Slowking\n|-supereffective|p2a: Slowking\n|-damage|p2a: Slowking|44/100\n|move|p2a: Slowking|Future Sight|p1a: Zamazenta\n|-start|p2a: Slowking|move: Future Sight\n|\n|upkeep\n|turn|107\n|\n|t:|1783800475\n|move|p1a: Zamazenta|Crunch|p2a: Slowking\n|-supereffective|p2a: Slowking\n|-damage|p2a: Slowking|0 fnt\n|faint|p2a: Slowking\n|\n|upkeep\n|\n|t:|1783800478\n|switch|p2a: Dragonite|Dragonite, M|100/100\n|turn|108\n|\n|t:|1783800483\n|move|p1a: Zamazenta|Ice Fang|p2a: Dragonite|[miss]\n|-miss|p1a: Zamazenta|p2a: Dragonite\n|move|p2a: Dragonite|Dragon Dance|p2a: Dragonite\n|-boost|p2a: Dragonite|atk|1\n|-boost|p2a: Dragonite|spe|1\n|\n|-end|p1a: Zamazenta|move: Future Sight\n|-supereffective|p1a: Zamazenta\n|-damage|p1a: Zamazenta|0 fnt\n|faint|p1a: Zamazenta\n|upkeep\n|\n|t:|1783800489\n|switch|p1a: Skarmory|Skarmory, F|100/100 par\n|turn|109\n|\n|t:|1783800495\n|move|p2a: Dragonite|Dragon Dance|p2a: Dragonite\n|-boost|p2a: Dragonite|atk|1\n|-boost|p2a: Dragonite|spe|1\n|move|p1a: Skarmory|Body Press|p2a: Dragonite\n|-resisted|p2a: Dragonite\n|-damage|p2a: Dragonite|92/100\n|\n|upkeep\n|turn|110\n|\n|t:|1783800504\n|move|p2a: Dragonite|Dragon Dance|p2a: Dragonite\n|-boost|p2a: Dragonite|atk|1\n|-boost|p2a: Dragonite|spe|1\n|move|p1a: Skarmory|Body Press|p2a: Dragonite\n|-resisted|p2a: Dragonite\n|-damage|p2a: Dragonite|77/100\n|\n|upkeep\n|turn|111\n|\n|t:|1783800511\n|move|p2a: Dragonite|Dragon Dance|p2a: Dragonite\n|-boost|p2a: Dragonite|atk|1\n|-boost|p2a: Dragonite|spe|1\n|move|p1a: Skarmory|Body Press|p2a: Dragonite\n|-resisted|p2a: Dragonite\n|-damage|p2a: Dragonite|60/100\n|\n|upkeep\n|turn|112\n|\n|t:|1783800519\n|move|p2a: Dragonite|Dragon Dance|p2a: Dragonite\n|-boost|p2a: Dragonite|atk|1\n|-boost|p2a: Dragonite|spe|1\n|cant|p1a: Skarmory|par\n|\n|upkeep\n|turn|113\n|\n|t:|1783800525\n|move|p2a: Dragonite|Ice Spinner|p1a: Skarmory\n|-damage|p1a: Skarmory|37/100 par\n|move|p1a: Skarmory|Whirlwind||[still]\n|-fail|p1a: Skarmory\n|\n|upkeep\n|turn|114\n|\n|t:|1783800532\n|move|p2a: Dragonite|Ice Spinner|p1a: Skarmory\n|-damage|p1a: Skarmory|0 fnt\n|faint|p1a: Skarmory\n|\n|upkeep\n|\n|t:|1783800532\n|switch|p1a: Pecharunt|Pecharunt|42/100\n|-damage|p1a: Pecharunt|29/100|[from] Stealth Rock\n|turn|115\n|\n|t:|1783800538\n|move|p2a: Dragonite|Earthquake|p1a: Pecharunt\n|-supereffective|p1a: Pecharunt\n|-damage|p1a: Pecharunt|0 fnt\n|faint|p1a: Pecharunt\n|\n|win|ONutest\n|raw|DekuFoulerLab's rating: 1302 &rarr; <strong>1284</strong><br />(-18 for losing)\n|raw|ONutest's rating: 1340 &rarr; <strong>1358</strong><br />(+18 for winning)\n|c|☆ONutest|gg\n|c|☆ONutest|loser\n|l|☆ONutest\n|player|p2|\n", "uploadtime": 1783800538, "views": 16, "formatid": "gen9ou", "rating": 1284, "private": 0, "password": null}