{"id": "gen9ou-2639911752", "format": "[Gen 9] OU", "players": ["suprya", "rblt ryo"], "log": "|badge|p1|bronze|gen9ou|100-9\n|html|<div class=\"broadcast-red\"><strong>This battle is required to be public due to one or more player having a season medal.</strong><br />During the public phase, you can discuss the state of the ladder <a href=\"/seasondiscussion\">in a special chatroom.</a></div>\n|uhtml|medal-msg|<div class=\"broadcast-blue\">Curious what those medals under the avatar are? PS now has Ladder Seasons! For more information, check out the <a href=\"https://www.smogon.com/forums/threads/3740067/\">thread on Smogon.</a></div>\n|j|☆suprya\n|j|☆rblt ryo\n|t:|1782541734\n|gametype|singles\n|player|p1|suprya|clown|1759\n|player|p2|rblt ryo|grimsley-gen7|1687\n|gen|9\n|tier|[Gen 9] OU\n|rated|\n|rule|HP Percentage Mod: HP is shown in percentages\n|rule|Endless Battle Clause: Forcing endless battles is banned\n|rule|Species Clause: Limit one of each Pokémon\n|rule|OHKO Clause: OHKO moves are banned\n|rule|Evasion Items Clause: Evasion items are banned\n|rule|Evasion Moves Clause: Evasion moves are banned\n|rule|Evasion Abilities Clause: Evasion abilities are banned\n|rule|Sleep Moves Clause: Sleep-inducing moves are banned\n|clearpoke\n|poke|p1|Pelipper, F|\n|poke|p1|Hydrapple, M|\n|poke|p1|Iron Treads|\n|poke|p1|Gholdengo|\n|poke|p1|Greninja-*, M|\n|poke|p1|Iron Hands|\n|poke|p2|Ting-Lu|\n|poke|p2|Corviknight, F|\n|poke|p2|Hatterene, F|\n|poke|p2|Amoonguss, M|\n|poke|p2|Dondozo, M|\n|poke|p2|Hoopa-Unbound|\n|teampreview\n|inactive|Battle timer is ON: inactive players will automatically lose when time's up. (requested by suprya)\n|j| Disscratch\n|inactive|suprya has 120 seconds left.\n|\n|t:|1782541772\n|teamsize|p1|6\n|teamsize|p2|6\n|start\n|switch|p1a: Pelipper|Pelipper, F|100/100\n|switch|p2a: Hoopa|Hoopa-Unbound|100/100\n|-weather|RainDance|[from] ability: Drizzle|[of] p1a: Pelipper\n|turn|1\n|\n|t:|1782541787\n|switch|p2a: Amoonguss|Amoonguss, M|100/100\n|switch|p1a: Hydrapple|Hydrapple, M|100/100\n|\n|-weather|RainDance|[upkeep]\n|upkeep\n|turn|2\n|\n|t:|1782541803\n|switch|p1a: Iron Treads|Iron Treads|100/100\n|move|p2a: Amoonguss|Stun Spore|p1a: Iron Treads|[miss]\n|-miss|p2a: Amoonguss|p1a: Iron Treads\n|\n|-weather|RainDance|[upkeep]\n|upkeep\n|turn|3\n|\n|t:|1782541812\n|move|p1a: Iron Treads|Stealth Rock|p2a: Amoonguss\n|-sidestart|p2: rblt ryo|move: Stealth Rock\n|move|p2a: Amoonguss|Stun Spore|p1a: Iron Treads\n|-status|p1a: Iron Treads|par\n|\n|-weather|RainDance|[upkeep]\n|upkeep\n|turn|4\n|\n|t:|1782541819\n|cant|p1a: Iron Treads|par\n|move|p2a: Amoonguss|Foul Play|p1a: Iron Treads\n|-damage|p1a: Iron Treads|81/100 par\n|\n|-weather|RainDance|[upkeep]\n|-heal|p1a: Iron Treads|87/100 par|[from] item: Leftovers\n|upkeep\n|turn|5\n|\n|t:|1782541833\n|move|p1a: Iron Treads|Knock Off|p2a: Amoonguss\n|-damage|p2a: Amoonguss|82/100\n|-enditem|p2a: Amoonguss|Heavy-Duty Boots|[from] move: Knock Off|[of] p1a: Iron Treads\n|move|p2a: Amoonguss|Foul Play|p1a: Iron Treads\n|-damage|p1a: Iron Treads|69/100 par\n|\n|-weather|none\n|-heal|p1a: Iron Treads|75/100 par|[from] item: Leftovers\n|upkeep\n|turn|6\n|\n|t:|1782541841\n|move|p1a: Iron Treads|Earthquake|p2a: Amoonguss\n|-damage|p2a: Amoonguss|56/100\n|move|p2a: Amoonguss|Foul Play|p1a: Iron Treads\n|-damage|p1a: Iron Treads|57/100 par\n|\n|-heal|p1a: Iron Treads|63/100 par|[from] item: Leftovers\n|upkeep\n|turn|7\n|\n|t:|1782541848\n|cant|p1a: Iron Treads|par\n|move|p2a: Amoonguss|Foul Play|p1a: Iron Treads\n|-damage|p1a: Iron Treads|45/100 par\n|\n|-heal|p1a: Iron Treads|51/100 par|[from] item: Leftovers\n|upkeep\n|turn|8\n|\n|t:|1782541850\n|cant|p1a: Iron Treads|par\n|move|p2a: Amoonguss|Foul Play|p1a: Iron Treads\n|-damage|p1a: Iron Treads|34/100 par\n|\n|-heal|p1a: Iron Treads|40/100 par|[from] item: Leftovers\n|upkeep\n|turn|9\n|\n|t:|1782541853\n|move|p1a: Iron Treads|Earthquake|p2a: Amoonguss\n|-damage|p2a: Amoonguss|29/100\n|move|p2a: Amoonguss|Foul Play|p1a: Iron Treads\n|-damage|p1a: Iron Treads|22/100 par\n|\n|-heal|p1a: Iron Treads|28/100 par|[from] item: Leftovers\n|upkeep\n|turn|10\n|\n|t:|1782541857\n|-end|p1a: Iron Treads|Quark Drive|[silent]\n|switch|p1a: Iron Hands|Iron Hands|100/100\n|switch|p2a: Corviknight|Corviknight, F|100/100\n|-damage|p2a: Corviknight|88/100|[from] Stealth Rock\n|-ability|p2a: Corviknight|Pressure\n|\n|upkeep\n|turn|11\n|\n|t:|1782541872\n|-end|p1a: Iron Hands|Quark Drive|[silent]\n|switch|p1a: Gholdengo|Gholdengo|100/100\n|move|p2a: Corviknight|Defog|p1a: Gholdengo\n|-immune|p1a: Gholdengo|[from] ability: Good as Gold\n|\n|upkeep\n|turn|12\n|\n|t:|1782541886\n|switch|p2a: Ting-Lu|Ting-Lu|100/100\n|-damage|p2a: Ting-Lu|94/100|[from] Stealth Rock\n|-ability|p2a: Ting-Lu|Vessel of Ruin\n|move|p1a: Gholdengo|Trick|p2a: Ting-Lu\n|-activate|p1a: Gholdengo|move: Trick|[of] p2a: Ting-Lu\n|-item|p2a: Ting-Lu|Choice Scarf|[from] move: Trick\n|-item|p1a: Gholdengo|Leftovers|[from] move: Trick\n|\n|upkeep\n|turn|13\n|\n|t:|1782541903\n|switch|p1a: Hydrapple|Hydrapple, M|100/100\n|switch|p2a: Hatterene|Hatterene, F|100/100\n|-damage|p2a: Hatterene|88/100|[from] Stealth Rock\n|\n|-heal|p2a: Hatterene|94/100|[from] item: Leftovers\n|upkeep\n|turn|14\n|\n|t:|1782541912\n|switch|p1a: Gholdengo|Gholdengo|100/100\n|move|p2a: Hatterene|Calm Mind|p2a: Hatterene\n|-boost|p2a: Hatterene|spa|1\n|-boost|p2a: Hatterene|spd|1\n|\n|-heal|p2a: Hatterene|99/100|[from] item: Leftovers\n|upkeep\n|turn|15\n|\n|t:|1782541921\n|move|p1a: Gholdengo|Nasty Plot|p1a: Gholdengo\n|-boost|p1a: Gholdengo|spa|2\n|move|p2a: Hatterene|Mystical Fire|p1a: Gholdengo\n|-supereffective|p1a: Gholdengo\n|-damage|p1a: Gholdengo|15/100\n|-unboost|p1a: Gholdengo|spa|1\n|\n|-heal|p1a: Gholdengo|21/100|[from] item: Leftovers\n|-heal|p2a: Hatterene|100/100|[from] item: Leftovers\n|upkeep\n|turn|16\n|\n|t:|1782541927\n|-terastallize|p2a: Hatterene|Dragon\n|move|p1a: Gholdengo|Make It Rain|p2a: Hatterene\n|-crit|p2a: Hatterene\n|-damage|p2a: Hatterene|0 fnt\n|-unboost|p1a: Gholdengo|spa|1\n|faint|p2a: Hatterene\n|\n|-heal|p1a: Gholdengo|27/100|[from] item: Leftovers\n|upkeep\n|inactive|rblt ryo has 120 seconds left.\n|\n|t:|1782541969\n|switch|p2a: Hoopa|Hoopa-Unbound|100/100\n|-damage|p2a: Hoopa|88/100|[from] Stealth Rock\n|turn|17\n|\n|t:|1782541985\n|switch|p1a: Hydrapple|Hydrapple, M|100/100\n|move|p2a: Hoopa|Knock Off|p1a: Hydrapple\n|-crit|p1a: Hydrapple\n|-damage|p1a: Hydrapple|54/100\n|-enditem|p1a: Hydrapple|Heavy-Duty Boots|[from] move: Knock Off|[of] p2a: Hoopa\n|\n|upkeep\n|turn|18\n|j| LuwerPVP\n|\n|t:|1782541994\n|move|p2a: Hoopa|Ice Punch|p1a: Hydrapple\n|-supereffective|p1a: Hydrapple\n|-damage|p1a: Hydrapple|0 fnt\n|faint|p1a: Hydrapple\n|\n|upkeep\n|\n|t:|1782541996\n|switch|p1a: Iron Hands|Iron Hands|100/100\n|turn|19\n|\n|t:|1782542006\n|switch|p2a: Corviknight|Corviknight, F|88/100\n|-damage|p2a: Corviknight|76/100|[from] Stealth Rock\n|-ability|p2a: Corviknight|Pressure\n|move|p1a: Iron Hands|Drain Punch|p2a: Corviknight\n|-damage|p2a: Corviknight|52/100\n|-damage|p1a: Iron Hands|84/100|[from] item: Rocky Helmet|[of] p2a: Corviknight\n|\n|upkeep\n|turn|20\n|\n|t:|1782542016\n|move|p2a: Corviknight|Defog|p1a: Iron Hands\n|-unboost|p1a: Iron Hands|evasion|1\n|-sideend|p2: rblt ryo|Stealth Rock|[from] move: Defog|[of] p2a: Corviknight\n|move|p1a: Iron Hands|Wild Charge|p2a: Corviknight\n|-supereffective|p2a: Corviknight\n|-damage|p2a: Corviknight|0 fnt\n|-damage|p1a: Iron Hands|67/100|[from] item: Rocky Helmet|[of] p2a: Corviknight\n|faint|p2a: Corviknight\n|-damage|p1a: Iron Hands|56/100|[from] Recoil\n|\n|upkeep\n|\n|t:|1782542030\n|switch|p2a: Amoonguss|Amoonguss, M|62/100\n|turn|21\n|\n|t:|1782542049\n|-end|p1a: Iron Hands|Quark Drive|[silent]\n|switch|p1a: Iron Treads|Iron Treads|28/100 par\n|switch|p2a: Hoopa|Hoopa-Unbound|88/100\n|\n|-heal|p1a: Iron Treads|34/100 par|[from] item: Leftovers\n|upkeep\n|turn|22\n|\n|t:|1782542058\n|move|p2a: Hoopa|Drain Punch|p1a: Iron Treads\n|-supereffective|p1a: Iron Treads\n|-damage|p1a: Iron Treads|0 fnt\n|-heal|p2a: Hoopa|100/100|[from] drain|[of] p1a: Iron Treads\n|faint|p1a: Iron Treads\n|-end|p1a: Iron Treads|Quark Drive|[silent]\n|\n|upkeep\n|\n|t:|1782542059\n|switch|p1a: Iron Hands|Iron Hands|56/100\n|turn|23\n|\n|t:|1782542067\n|switch|p2a: Amoonguss|Amoonguss, M|95/100\n|move|p1a: Iron Hands|Drain Punch|p2a: Amoonguss\n|-resisted|p2a: Amoonguss\n|-damage|p2a: Amoonguss|81/100\n|-heal|p1a: Iron Hands|63/100|[from] drain|[of] p2a: Amoonguss\n|\n|upkeep\n|turn|24\n|\n|t:|1782542073\n|move|p1a: Iron Hands|Ice Punch|p2a: Amoonguss\n|-supereffective|p2a: Amoonguss\n|-damage|p2a: Amoonguss|42/100\n|-status|p2a: Amoonguss|frz\n|cant|p2a: Amoonguss|frz\n|\n|upkeep\n|turn|25\n|\n|t:|1782542083\n|move|p1a: Iron Hands|Drain Punch|p2a: Amoonguss\n|-resisted|p2a: Amoonguss\n|-damage|p2a: Amoonguss|28/100 frz\n|-heal|p1a: Iron Hands|70/100|[from] drain|[of] p2a: Amoonguss\n|cant|p2a: Amoonguss|frz\n|\n|upkeep\n|turn|26\n|\n|t:|1782542095\n|move|p1a: Iron Hands|Ice Punch|p2a: Amoonguss\n|-supereffective|p2a: Amoonguss\n|-damage|p2a: Amoonguss|0 fnt\n|faint|p2a: Amoonguss\n|\n|upkeep\n|\n|t:|1782542097\n|switch|p2a: Dondozo|Dondozo, M|100/100\n|turn|27\n|\n|t:|1782542103\n|-end|p1a: Iron Hands|Quark Drive|[silent]\n|switch|p1a: Pelipper|Pelipper, F|100/100\n|-weather|RainDance|[from] ability: Drizzle|[of] p1a: Pelipper\n|move|p2a: Dondozo|Curse|p2a: Dondozo\n|-unboost|p2a: Dondozo|spe|1\n|-boost|p2a: Dondozo|atk|1\n|-boost|p2a: Dondozo|def|1\n|\n|-weather|RainDance|[upkeep]\n|upkeep\n|turn|28\n|\n|t:|1782542112\n|move|p1a: Pelipper|Hurricane|p2a: Dondozo\n|-damage|p2a: Dondozo|78/100\n|-start|p2a: Dondozo|confusion\n|-activate|p2a: Dondozo|confusion\n|-damage|p2a: Dondozo|73/100|[from] confusion\n|\n|-weather|RainDance|[upkeep]\n|-heal|p2a: Dondozo|79/100|[from] item: Leftovers\n|upkeep\n|turn|29\n|\n|t:|1782542120\n|move|p1a: Pelipper|Hurricane|p2a: Dondozo\n|-damage|p2a: Dondozo|57/100\n|-activate|p2a: Dondozo|confusion\n|move|p2a: Dondozo|Liquidation|p1a: Pelipper\n|-resisted|p1a: Pelipper\n|-damage|p1a: Pelipper|74/100\n|-unboost|p1a: Pelipper|def|1\n|\n|-weather|RainDance|[upkeep]\n|-heal|p2a: Dondozo|63/100|[from] item: Leftovers\n|upkeep\n|turn|30\n|\n|t:|1782542127\n|move|p1a: Pelipper|Hurricane|p2a: Dondozo\n|-damage|p2a: Dondozo|40/100\n|-activate|p2a: Dondozo|confusion\n|-damage|p2a: Dondozo|35/100|[from] confusion\n|\n|-weather|RainDance|[upkeep]\n|-heal|p2a: Dondozo|41/100|[from] item: Leftovers\n|upkeep\n|turn|31\n|\n|t:|1782542132\n|move|p1a: Pelipper|U-turn|p2a: Dondozo\n|-damage|p2a: Dondozo|38/100\n|\n|t:|1782542136\n|switch|p1a: Greninja|Greninja, M|100/100|[from] U-turn\n|-end|p2a: Dondozo|confusion\n|move|p2a: Dondozo|Rest|p2a: Dondozo\n|-status|p2a: Dondozo|slp|[from] move: Rest\n|-heal|p2a: Dondozo|100/100 slp|[silent]\n|\n|-weather|none\n|upkeep\n|turn|32\n|\n|t:|1782542139\n|move|p1a: Greninja|Dark Pulse|p2a: Dondozo\n|-damage|p2a: Dondozo|80/100 slp\n|cant|p2a: Dondozo|slp\n|move|p2a: Dondozo|Sleep Talk|p2a: Dondozo\n|move|p2a: Dondozo|Curse|p2a: Dondozo|[from] move: Sleep Talk\n|-unboost|p2a: Dondozo|spe|1\n|-boost|p2a: Dondozo|atk|1\n|-boost|p2a: Dondozo|def|1\n|\n|-heal|p2a: Dondozo|86/100 slp|[from] item: Leftovers\n|upkeep\n|turn|33\n|\n|t:|1782542143\n|move|p1a: Greninja|Dark Pulse|p2a: Dondozo\n|-damage|p2a: Dondozo|63/100 slp\n|cant|p2a: Dondozo|slp\n|move|p2a: Dondozo|Sleep Talk|p2a: Dondozo\n|move|p2a: Dondozo|Liquidation|p1a: Greninja|[from] move: Sleep Talk\n|-resisted|p1a: Greninja\n|-damage|p1a: Greninja|53/100\n|\n|-heal|p2a: Dondozo|69/100 slp|[from] item: Leftovers\n|upkeep\n|turn|34\n|\n|t:|1782542148\n|move|p1a: Greninja|Dark Pulse|p2a: Dondozo\n|-damage|p2a: Dondozo|47/100 slp\n|-curestatus|p2a: Dondozo|slp|[msg]\n|move|p2a: Dondozo|Rest|p2a: Dondozo\n|-status|p2a: Dondozo|slp|[from] move: Rest\n|-heal|p2a: Dondozo|100/100 slp|[silent]\n|\n|upkeep\n|turn|35\n|j| Kathryne Keyron\n|\n|t:|1782542152\n|move|p1a: Greninja|Dark Pulse|p2a: Dondozo\n|-damage|p2a: Dondozo|78/100 slp\n|cant|p2a: Dondozo|slp\n|move|p2a: Dondozo|Sleep Talk|p2a: Dondozo\n|move|p2a: Dondozo|Rest||[from] move: Sleep Talk|[still]\n|-fail|p2a: Dondozo\n|\n|-heal|p2a: Dondozo|85/100 slp|[from] item: Leftovers\n|upkeep\n|turn|36\n|\n|t:|1782542156\n|move|p1a: Greninja|Dark Pulse|p2a: Dondozo\n|-damage|p2a: Dondozo|61/100 slp\n|cant|p2a: Dondozo|slp\n|cant|p2a: Dondozo|flinch\n|\n|-heal|p2a: Dondozo|68/100 slp|[from] item: Leftovers\n|upkeep\n|turn|37\n|\n|t:|1782542158\n|move|p1a: Greninja|Dark Pulse|p2a: Dondozo\n|-damage|p2a: Dondozo|47/100 slp\n|-curestatus|p2a: Dondozo|slp|[msg]\n|move|p2a: Dondozo|Rest|p2a: Dondozo\n|-status|p2a: Dondozo|slp|[from] move: Rest\n|-heal|p2a: Dondozo|100/100 slp|[silent]\n|\n|upkeep\n|turn|38\n|\n|t:|1782542161\n|move|p1a: Greninja|Dark Pulse|p2a: Dondozo\n|-damage|p2a: Dondozo|79/100 slp\n|cant|p2a: Dondozo|slp\n|cant|p2a: Dondozo|flinch\n|\n|-heal|p2a: Dondozo|85/100 slp|[from] item: Leftovers\n|upkeep\n|turn|39\n|\n|t:|1782542163\n|move|p1a: Greninja|Dark Pulse|p2a: Dondozo\n|-damage|p2a: Dondozo|62/100 slp\n|cant|p2a: Dondozo|slp\n|move|p2a: Dondozo|Sleep Talk|p2a: Dondozo\n|move|p2a: Dondozo|Liquidation|p1a: Greninja|[from] move: Sleep Talk\n|-resisted|p1a: Greninja\n|-damage|p1a: Greninja|5/100\n|\n|-heal|p2a: Dondozo|68/100 slp|[from] item: Leftovers\n|upkeep\n|turn|40\n|-message|suprya forfeited.\n|\n|win|rblt ryo\n|raw|suprya's rating: 1769 &rarr; <strong>1744</strong><br />(-25 for losing)\n|raw|rblt ryo's rating: 1687 &rarr; <strong>1712</strong><br />(+25 for winning)\n|l|☆suprya\n|player|p1|\n|l| LuwerPVP\n|l| Disscratch\n", "uploadtime": 1782542398, "views": 5, "formatid": "gen9ou", "rating": 1712, "private": 0, "password": null}