{"id": "gen9ou-2647841100", "format": "[Gen 9] OU", "players": ["Partynparadise", "ikthoizzykil"], "log": "|j|☆Partynparadise\n|j|☆ikthoizzykil\n|t:|1783822035\n|gametype|singles\n|player|p1|Partynparadise|brawly|1463\n|player|p2|ikthoizzykil|pokemaniac-gen3rs|1442\n|gen|9\n|tier|[Gen 9] OU\n|rated|\n|rule|HP Percentage Mod: HP is shown in percentages\n|rule|Endless Battle Clause: Forcing endless battles is banned\n|rule|Species Clause: Limit one of each Pokémon\n|rule|OHKO Clause: OHKO moves are banned\n|rule|Evasion Items Clause: Evasion items are banned\n|rule|Evasion Moves Clause: Evasion moves are banned\n|rule|Evasion Abilities Clause: Evasion abilities are banned\n|rule|Sleep Moves Clause: Sleep-inducing moves are banned\n|clearpoke\n|poke|p1|Raging Bolt|\n|poke|p1|Samurott-Hisui, M|\n|poke|p1|Araquanid, M|\n|poke|p1|Iron Valiant|\n|poke|p1|Slowking-Galar, M|\n|poke|p1|Ceruledge, M|\n|poke|p2|Regidrago|\n|poke|p2|Slowking-Galar, F|\n|poke|p2|Great Tusk|\n|poke|p2|Ogerpon-Wellspring, F|\n|poke|p2|Kingambit, M|\n|poke|p2|Landorus-Therian, M|\n|teampreview\n|inactive|Battle timer is ON: inactive players will automatically lose when time's up. (requested by ikthoizzykil)\n|\n|t:|1783822043\n|teamsize|p1|6\n|teamsize|p2|6\n|start\n|switch|p1a: Araquanid|Araquanid, M|100/100\n|switch|p2a: Regidrago|Regidrago|100/100\n|turn|1\n|\n|t:|1783822046\n|move|p2a: Regidrago|Dragon Energy|p1a: Araquanid\n|-damage|p1a: Araquanid|0 fnt\n|faint|p1a: Araquanid\n|\n|upkeep\n|\n|t:|1783822054\n|switch|p1a: Iron Valiant|Iron Valiant|100/100\n|-enditem|p1a: Iron Valiant|Booster Energy\n|-activate|p1a: Iron Valiant|ability: Quark Drive|[fromitem]\n|-start|p1a: Iron Valiant|quarkdrivespe\n|turn|2\n|\n|t:|1783822059\n|switch|p2a: Slowking|Slowking-Galar, F|100/100\n|move|p1a: Iron Valiant|Knock Off|p2a: Slowking\n|-supereffective|p2a: Slowking\n|-damage|p2a: Slowking|44/100\n|-enditem|p2a: Slowking|Heavy-Duty Boots|[from] move: Knock Off|[of] p1a: Iron Valiant\n|\n|upkeep\n|turn|3\n|\n|t:|1783822063\n|move|p1a: Iron Valiant|Knock Off|p2a: Slowking\n|-supereffective|p2a: Slowking\n|-damage|p2a: Slowking|5/100\n|-prepare|p2a: Slowking|Chilly Reception|[premajor]\n|move|p2a: Slowking|Chilly Reception|p2a: Slowking\n|-weather|Snowscape\n|\n|t:|1783822070\n|switch|p2a: Landorus|Landorus-Therian, M|100/100|[from] Chilly Reception\n|-ability|p2a: Landorus|Intimidate|boost\n|-unboost|p1a: Iron Valiant|atk|1\n|\n|-weather|Snowscape|[upkeep]\n|upkeep\n|turn|4\n|\n|t:|1783822077\n|move|p1a: Iron Valiant|Moonblast|p2a: Landorus\n|-damage|p2a: Landorus|49/100\n|move|p2a: Landorus|Earthquake|p1a: Iron Valiant\n|-damage|p1a: Iron Valiant|21/100\n|\n|-weather|Snowscape|[upkeep]\n|upkeep\n|turn|5\n|\n|t:|1783822086\n|switch|p2a: Slowking|Slowking-Galar, F|39/100\n|move|p1a: Iron Valiant|Knock Off|p2a: Slowking\n|-supereffective|p2a: Slowking\n|-damage|p2a: Slowking|13/100\n|\n|-weather|Snowscape|[upkeep]\n|upkeep\n|turn|6\n|\n|t:|1783822112\n|move|p1a: Iron Valiant|Close Combat|p2a: Slowking\n|-resisted|p2a: Slowking\n|-damage|p2a: Slowking|3/100\n|-unboost|p1a: Iron Valiant|def|1\n|-unboost|p1a: Iron Valiant|spd|1\n|move|p2a: Slowking|Sludge Bomb|p1a: Iron Valiant\n|-supereffective|p1a: Iron Valiant\n|-damage|p1a: Iron Valiant|0 fnt\n|faint|p1a: Iron Valiant\n|-end|p1a: Iron Valiant|Quark Drive|[silent]\n|\n|-weather|Snowscape|[upkeep]\n|upkeep\n|\n|t:|1783822116\n|switch|p1a: Samurott|Samurott-Hisui, M, shiny|100/100\n|turn|7\n|\n|t:|1783822123\n|switch|p2a: Great Tusk|Great Tusk|100/100\n|move|p1a: Samurott|Flip Turn|p2a: Great Tusk\n|-supereffective|p2a: Great Tusk\n|-damage|p2a: Great Tusk|62/100\n|\n|t:|1783822128\n|switch|p1a: Ceruledge|Ceruledge, M|100/100|[from] Flip Turn\n|-item|p1a: Ceruledge|Air Balloon\n|\n|-weather|none\n|-heal|p2a: Great Tusk|68/100|[from] item: Leftovers\n|upkeep\n|turn|8\n|\n|t:|1783822136\n|-end|p2a: Great Tusk|Protosynthesis|[silent]\n|switch|p2a: Landorus|Landorus-Therian, M|49/100\n|-ability|p2a: Landorus|Intimidate|boost\n|-unboost|p1a: Ceruledge|atk|1\n|move|p1a: Ceruledge|Swords Dance|p1a: Ceruledge\n|-boost|p1a: Ceruledge|atk|2\n|\n|upkeep\n|turn|9\n|\n|t:|1783822142\n|move|p2a: Landorus|Stone Edge|p1a: Ceruledge\n|-supereffective|p1a: Ceruledge\n|-damage|p1a: Ceruledge|0 fnt\n|-enditem|p1a: Ceruledge|Air Balloon\n|faint|p1a: Ceruledge\n|\n|upkeep\n|\n|t:|1783822146\n|switch|p1a: Samurott|Samurott-Hisui, M, shiny|100/100\n|turn|10\n|\n|t:|1783822151\n|switch|p2a: Great Tusk|Great Tusk|68/100\n|move|p1a: Samurott|Ceaseless Edge|p2a: Great Tusk|[miss]\n|-miss|p1a: Samurott|p2a: Great Tusk\n|\n|-heal|p2a: Great Tusk|75/100|[from] item: Leftovers\n|upkeep\n|turn|11\n|\n|t:|1783822155\n|move|p2a: Great Tusk|Rapid Spin|p1a: Samurott\n|-damage|p1a: Samurott|82/100\n|-boost|p2a: Great Tusk|spe|1\n|move|p1a: Samurott|Razor Shell|p2a: Great Tusk\n|-supereffective|p2a: Great Tusk\n|-damage|p2a: Great Tusk|1/100\n|-unboost|p2a: Great Tusk|def|1\n|\n|-heal|p2a: Great Tusk|7/100|[from] item: Leftovers\n|upkeep\n|turn|12\n|\n|t:|1783822163\n|move|p2a: Great Tusk|Headlong Rush|p1a: Samurott\n|-damage|p1a: Samurott|17/100\n|-unboost|p2a: Great Tusk|def|1\n|-unboost|p2a: Great Tusk|spd|1\n|move|p1a: Samurott|Flip Turn|p2a: Great Tusk\n|-supereffective|p2a: Great Tusk\n|-damage|p2a: Great Tusk|0 fnt\n|faint|p2a: Great Tusk\n|-end|p2a: Great Tusk|Protosynthesis|[silent]\n|\n|t:|1783822169\n|switch|p1a: Raging Bolt|Raging Bolt|100/100|[from] Flip Turn\n|\n|upkeep\n|\n|t:|1783822172\n|switch|p2a: Landorus|Landorus-Therian, M|49/100\n|-ability|p2a: Landorus|Intimidate|boost\n|-unboost|p1a: Raging Bolt|atk|1\n|turn|13\n|\n|t:|1783822177\n|-terastallize|p2a: Landorus|Ground\n|-terastallize|p1a: Raging Bolt|Fairy\n|move|p2a: Landorus|Earthquake|p1a: Raging Bolt\n|-damage|p1a: Raging Bolt|34/100\n|move|p1a: Raging Bolt|Dragon Pulse|p2a: Landorus\n|-damage|p2a: Landorus|0 fnt\n|faint|p2a: Landorus\n|\n|upkeep\n|\n|t:|1783822191\n|switch|p2a: Regidrago|Regidrago|100/100\n|turn|14\n|\n|t:|1783822196\n|-end|p1a: Raging Bolt|Protosynthesis|[silent]\n|switch|p1a: Slowking|Slowking-Galar, M|100/100\n|move|p2a: Regidrago|Earth Power|p1a: Slowking\n|-supereffective|p1a: Slowking\n|-damage|p1a: Slowking|48/100\n|\n|upkeep\n|turn|15\n|\n|t:|1783822204\n|switch|p1a: Samurott|Samurott-Hisui, M, shiny|17/100\n|move|p2a: Regidrago|Earth Power|p1a: Samurott\n|-damage|p1a: Samurott|0 fnt\n|faint|p1a: Samurott\n|\n|upkeep\n|\n|t:|1783822208\n|switch|p1a: Slowking|Slowking-Galar, M|81/100\n|turn|16\n|\n|t:|1783822211\n|switch|p2a: Kingambit|Kingambit, M|100/100\n|-activate|p2a: Kingambit|ability: Supreme Overlord\n|-start|p2a: Kingambit|fallen2|[silent]\n|move|p1a: Slowking|Thunder Wave|p2a: Kingambit\n|-status|p2a: Kingambit|par\n|\n|upkeep\n|turn|17\n|\n|t:|1783822215\n|-prepare|p1a: Slowking|Chilly Reception|[premajor]\n|move|p1a: Slowking|Chilly Reception|p1a: Slowking\n|-weather|Snowscape\n|\n|t:|1783822218\n|switch|p1a: Raging Bolt|Raging Bolt, tera:Fairy|34/100|[from] Chilly Reception\n|cant|p2a: Kingambit|par\n|\n|-weather|Snowscape|[upkeep]\n|upkeep\n|turn|18\n|\n|t:|1783822221\n|move|p1a: Raging Bolt|Thunderbolt|p2a: Kingambit\n|-damage|p2a: Kingambit|52/100 par\n|cant|p2a: Kingambit|par\n|\n|-weather|Snowscape|[upkeep]\n|-heal|p2a: Kingambit|58/100 par|[from] item: Leftovers\n|upkeep\n|turn|19\n|\n|t:|1783822225\n|move|p1a: Raging Bolt|Thunderbolt|p2a: Kingambit\n|-damage|p2a: Kingambit|2/100 par\n|move|p2a: Kingambit|Iron Head|p1a: Raging Bolt\n|-supereffective|p1a: Raging Bolt\n|-damage|p1a: Raging Bolt|0 fnt\n|faint|p1a: Raging Bolt\n|-end|p1a: Raging Bolt|Protosynthesis|[silent]\n|\n|-weather|Snowscape|[upkeep]\n|-heal|p2a: Kingambit|8/100 par|[from] item: Leftovers\n|upkeep\n|\n|t:|1783822228\n|switch|p1a: Slowking|Slowking-Galar, M|100/100\n|turn|20\n|\n|t:|1783822231\n|move|p1a: Slowking|Psychic Noise|p2a: Kingambit\n|-immune|p2a: Kingambit\n|cant|p2a: Kingambit|par\n|\n|-weather|Snowscape|[upkeep]\n|-heal|p2a: Kingambit|14/100 par|[from] item: Leftovers\n|upkeep\n|turn|21\n|\n|t:|1783822234\n|move|p2a: Kingambit|Sucker Punch|p1a: Slowking\n|-supereffective|p1a: Slowking\n|-damage|p1a: Slowking|4/100\n|move|p1a: Slowking|Future Sight|p2a: Kingambit\n|-start|p1a: Slowking|move: Future Sight\n|\n|-weather|none\n|-heal|p2a: Kingambit|21/100 par|[from] item: Leftovers\n|upkeep\n|turn|22\n|\n|t:|1783822238\n|move|p1a: Slowking|Psychic Noise|p2a: Kingambit\n|-immune|p2a: Kingambit\n|move|p2a: Kingambit|Kowtow Cleave|p1a: Slowking\n|-supereffective|p1a: Slowking\n|-damage|p1a: Slowking|0 fnt\n|faint|p1a: Slowking\n|\n|win|ikthoizzykil\n|raw|Partynparadise's rating: 1463 &rarr; <strong>1442</strong><br />(-21 for losing)\n|raw|ikthoizzykil's rating: 1442 &rarr; <strong>1463</strong><br />(+21 for winning)\n|l|☆ikthoizzykil\n|player|p2|\n|l|☆Partynparadise\n|player|p1|\n", "uploadtime": 1783822242, "views": 4, "formatid": "gen9ou", "rating": 1442, "private": 0, "password": null}