{"id": "gen9ou-2647811967", "format": "[Gen 9] OU", "players": ["sandorivera22", "newalambrito"], "log": "|j|☆sandorivera22\n|j|☆newalambrito\n|t:|1783816858\n|gametype|singles\n|player|p1|sandorivera22|lucas|1214\n|player|p2|newalambrito|265|1243\n|gen|9\n|tier|[Gen 9] OU\n|rated|\n|rule|HP Percentage Mod: HP is shown in percentages\n|rule|Endless Battle Clause: Forcing endless battles is banned\n|rule|Species Clause: Limit one of each Pokémon\n|rule|OHKO Clause: OHKO moves are banned\n|rule|Evasion Items Clause: Evasion items are banned\n|rule|Evasion Moves Clause: Evasion moves are banned\n|rule|Evasion Abilities Clause: Evasion abilities are banned\n|rule|Sleep Moves Clause: Sleep-inducing moves are banned\n|clearpoke\n|poke|p1|Walking Wake|\n|poke|p1|Torkoal, M|\n|poke|p1|Venusaur, M|\n|poke|p1|Skarmory, M|\n|poke|p1|Mimikyu, M|\n|poke|p1|Wyrdeer, M|\n|poke|p2|Zapdos-Galar|\n|poke|p2|Hatterene, F|\n|poke|p2|Kingambit, M|\n|poke|p2|Flareon, M|\n|poke|p2|Ogerpon-Wellspring, F|\n|poke|p2|Garchomp, F|\n|teampreview\n|inactive|Battle timer is ON: inactive players will automatically lose when time's up. (requested by sandorivera22)\n|\n|t:|1783816870\n|teamsize|p1|6\n|teamsize|p2|6\n|start\n|switch|p1a: Torkoal|Torkoal, M, shiny|100/100\n|switch|p2a: Kingambit|Kingambit, M|100/100\n|-weather|SunnyDay|[from] ability: Drought|[of] p1a: Torkoal\n|turn|1\n|\n|t:|1783816883\n|-end|p2a: Kingambit|fallenundefined|[silent]\n|switch|p2a: Flareon|Flareon, M|100/100\n|move|p1a: Torkoal|Stealth Rock|p2a: Flareon\n|-sidestart|p2: newalambrito|move: Stealth Rock\n|\n|-weather|SunnyDay|[upkeep]\n|upkeep\n|turn|2\n|\n|t:|1783816900\n|switch|p1a: Wyrdeer|Wyrdeer, M|100/100\n|-ability|p1a: Wyrdeer|Intimidate|boost\n|-unboost|p2a: Flareon|atk|1\n|move|p2a: Flareon|Body Slam|p1a: Wyrdeer\n|-damage|p1a: Wyrdeer|81/100\n|\n|-weather|SunnyDay|[upkeep]\n|upkeep\n|turn|3\n|\n|t:|1783816908\n|move|p2a: Flareon|Body Slam|p1a: Wyrdeer\n|-damage|p1a: Wyrdeer|62/100\n|-status|p1a: Wyrdeer|par\n|move|p1a: Wyrdeer|Earthquake|p2a: Flareon\n|-supereffective|p2a: Flareon\n|-damage|p2a: Flareon|6/100\n|\n|-weather|SunnyDay|[upkeep]\n|-heal|p2a: Flareon|12/100|[from] item: Leftovers\n|upkeep\n|turn|4\n|\n|t:|1783816918\n|switch|p2a: Zapdos|Zapdos-Galar|100/100\n|-damage|p2a: Zapdos|88/100|[from] Stealth Rock\n|move|p1a: Wyrdeer|Psyshield Bash|p2a: Zapdos\n|-supereffective|p2a: Zapdos\n|-damage|p2a: Zapdos|2/100\n|-boost|p1a: Wyrdeer|def|1\n|\n|-weather|SunnyDay|[upkeep]\n|upkeep\n|turn|5\n|\n|t:|1783816929\n|move|p2a: Zapdos|Knock Off|p1a: Wyrdeer\n|-supereffective|p1a: Wyrdeer\n|-damage|p1a: Wyrdeer|10/100 par\n|-enditem|p1a: Wyrdeer|Assault Vest|[from] move: Knock Off|[of] p2a: Zapdos\n|cant|p1a: Wyrdeer|par\n|\n|-weather|SunnyDay|[upkeep]\n|upkeep\n|turn|6\n|\n|t:|1783816933\n|move|p2a: Zapdos|Knock Off|p1a: Wyrdeer\n|-supereffective|p1a: Wyrdeer\n|-damage|p1a: Wyrdeer|0 fnt\n|faint|p1a: Wyrdeer\n|\n|-weather|SunnyDay|[upkeep]\n|upkeep\n|\n|t:|1783816952\n|switch|p1a: Walking Wake|Walking Wake|100/100\n|-activate|p1a: Walking Wake|ability: Protosynthesis\n|-start|p1a: Walking Wake|protosynthesisspa\n|turn|7\n|\n|t:|1783816958\n|move|p2a: Zapdos|Thunderous Kick|p1a: Walking Wake\n|-damage|p1a: Walking Wake|55/100\n|-unboost|p1a: Walking Wake|def|1\n|-enditem|p1a: Walking Wake|White Herb\n|-clearnegativeboost|p1a: Walking Wake|[silent]\n|move|p1a: Walking Wake|Hydro Steam|p2a: Zapdos\n|-crit|p2a: Zapdos\n|-damage|p2a: Zapdos|0 fnt\n|faint|p2a: Zapdos\n|\n|-weather|SunnyDay|[upkeep]\n|upkeep\n|\n|t:|1783816967\n|switch|p2a: Flareon|Flareon, M|12/100\n|-damage|p2a: Flareon|0 fnt|[from] Stealth Rock\n|faint|p2a: Flareon\n|\n|t:|1783816968\n|switch|p2a: Garchomp|Garchomp, F|100/100\n|-damage|p2a: Garchomp|94/100|[from] Stealth Rock\n|turn|8\n|\n|t:|1783816988\n|switch|p2a: Ogerpon|Ogerpon-Wellspring, F|100/100\n|-damage|p2a: Ogerpon|88/100|[from] Stealth Rock\n|-end|p1a: Walking Wake|Protosynthesis|[silent]\n|switch|p1a: Skarmory|Skarmory, M|100/100\n|\n|-weather|none\n|upkeep\n|turn|9\n|\n|t:|1783816995\n|move|p2a: Ogerpon|Knock Off|p1a: Skarmory\n|-damage|p1a: Skarmory|77/100\n|-enditem|p1a: Skarmory|Leftovers|[from] move: Knock Off|[of] p2a: Ogerpon\n|move|p1a: Skarmory|Brave Bird|p2a: Ogerpon\n|-supereffective|p2a: Ogerpon\n|-damage|p2a: Ogerpon|0 fnt\n|faint|p2a: Ogerpon\n|-damage|p1a: Skarmory|50/100|[from] Recoil\n|\n|upkeep\n|\n|t:|1783817003\n|switch|p2a: Hatterene|Hatterene, F|100/100\n|-damage|p2a: Hatterene|88/100|[from] Stealth Rock\n|turn|10\n|\n|t:|1783817008\n|switch|p1a: Torkoal|Torkoal, M, shiny|100/100\n|-weather|SunnyDay|[from] ability: Drought|[of] p1a: Torkoal\n|move|p2a: Hatterene|Mystical Fire|p1a: Torkoal\n|-resisted|p1a: Torkoal\n|-damage|p1a: Torkoal|70/100\n|-unboost|p1a: Torkoal|spa|1\n|\n|-weather|SunnyDay|[upkeep]\n|-heal|p2a: Hatterene|94/100|[from] item: Leftovers\n|upkeep\n|turn|11\n|\n|t:|1783817020\n|move|p2a: Hatterene|Calm Mind|p2a: Hatterene\n|-boost|p2a: Hatterene|spa|1\n|-boost|p2a: Hatterene|spd|1\n|move|p1a: Torkoal|Lava Plume|p2a: Hatterene\n|-damage|p2a: Hatterene|67/100\n|\n|-weather|SunnyDay|[upkeep]\n|-heal|p2a: Hatterene|73/100|[from] item: Leftovers\n|upkeep\n|turn|12\n|\n|t:|1783817031\n|switch|p1a: Skarmory|Skarmory, M|50/100\n|move|p2a: Hatterene|Calm Mind|p2a: Hatterene\n|-boost|p2a: Hatterene|spa|1\n|-boost|p2a: Hatterene|spd|1\n|\n|-weather|SunnyDay|[upkeep]\n|-heal|p2a: Hatterene|79/100|[from] item: Leftovers\n|upkeep\n|turn|13\n|\n|t:|1783817033\n|move|p2a: Hatterene|Mystical Fire|p1a: Skarmory\n|-supereffective|p1a: Skarmory\n|-damage|p1a: Skarmory|0 fnt\n|faint|p1a: Skarmory\n|\n|-weather|SunnyDay|[upkeep]\n|-heal|p2a: Hatterene|85/100|[from] item: Leftovers\n|upkeep\n|\n|t:|1783817038\n|switch|p1a: Mimikyu|Mimikyu, M, shiny|100/100\n|turn|14\n|\n|t:|1783817044\n|move|p1a: Mimikyu|Swords Dance|p1a: Mimikyu\n|-boost|p1a: Mimikyu|atk|2\n|move|p2a: Hatterene|Draining Kiss|p1a: Mimikyu\n|-activate|p1a: Mimikyu|ability: Disguise\n|-damage|p1a: Mimikyu|100/100\n|detailschange|p1a: Mimikyu|Mimikyu-Busted, M, shiny\n|-damage|p1a: Mimikyu|88/100|[from] pokemon: Mimikyu-Busted\n|\n|-weather|SunnyDay|[upkeep]\n|-heal|p2a: Hatterene|91/100|[from] item: Leftovers\n|upkeep\n|turn|15\n|\n|t:|1783817053\n|move|p1a: Mimikyu|Shadow Sneak|p2a: Hatterene\n|-supereffective|p2a: Hatterene\n|-damage|p2a: Hatterene|3/100\n|move|p2a: Hatterene|Draining Kiss|p1a: Mimikyu\n|-damage|p1a: Mimikyu|18/100\n|-heal|p2a: Hatterene|45/100|[from] drain|[of] p1a: Mimikyu\n|\n|-weather|SunnyDay|[upkeep]\n|-heal|p2a: Hatterene|51/100|[from] item: Leftovers\n|upkeep\n|turn|16\n|\n|t:|1783817057\n|move|p1a: Mimikyu|Shadow Sneak|p2a: Hatterene\n|-supereffective|p2a: Hatterene\n|-damage|p2a: Hatterene|0 fnt\n|faint|p2a: Hatterene\n|\n|-weather|SunnyDay|[upkeep]\n|upkeep\n|\n|t:|1783817063\n|switch|p2a: Kingambit|Kingambit, M|100/100\n|-damage|p2a: Kingambit|94/100|[from] Stealth Rock\n|-activate|p2a: Kingambit|ability: Supreme Overlord\n|-start|p2a: Kingambit|fallen4|[silent]\n|turn|17\n|\n|t:|1783817068\n|move|p1a: Mimikyu|Swords Dance|p1a: Mimikyu\n|-boost|p1a: Mimikyu|atk|2\n|move|p2a: Kingambit|Swords Dance|p2a: Kingambit\n|-boost|p2a: Kingambit|atk|2\n|\n|-weather|none\n|upkeep\n|turn|18\n|\n|t:|1783817073\n|move|p2a: Kingambit|Sucker Punch|p1a: Mimikyu\n|-damage|p1a: Mimikyu|0 fnt\n|faint|p1a: Mimikyu\n|\n|upkeep\n|\n|t:|1783817079\n|switch|p1a: Torkoal|Torkoal, M, shiny|70/100\n|-weather|SunnyDay|[from] ability: Drought|[of] p1a: Torkoal\n|turn|19\n|\n|t:|1783817096\n|move|p2a: Kingambit|Sucker Punch|p1a: Torkoal\n|-damage|p1a: Torkoal|0 fnt\n|faint|p1a: Torkoal\n|\n|-weather|SunnyDay|[upkeep]\n|upkeep\n|\n|t:|1783817102\n|switch|p1a: Venusaur|Venusaur, M, shiny|100/100\n|turn|20\n|\n|t:|1783817107\n|move|p1a: Venusaur|Growth|p1a: Venusaur\n|-boost|p1a: Venusaur|atk|2\n|-boost|p1a: Venusaur|spa|2\n|move|p2a: Kingambit|Zen Headbutt|p1a: Venusaur|[miss]\n|-miss|p2a: Kingambit|p1a: Venusaur\n|\n|-weather|SunnyDay|[upkeep]\n|upkeep\n|turn|21\n|\n|t:|1783817116\n|move|p1a: Venusaur|Weather Ball|p2a: Kingambit\n|-supereffective|p2a: Kingambit\n|-damage|p2a: Kingambit|0 fnt\n|faint|p2a: Kingambit\n|-end|p2a: Kingambit|fallen4|[silent]\n|-damage|p1a: Venusaur|91/100|[from] item: Life Orb\n|\n|-weather|SunnyDay|[upkeep]\n|upkeep\n|\n|t:|1783817118\n|switch|p2a: Garchomp|Garchomp, F|94/100\n|-damage|p2a: Garchomp|88/100|[from] Stealth Rock\n|turn|22\n|\n|t:|1783817128\n|-terastallize|p2a: Garchomp|Poison\n|move|p1a: Venusaur|Giga Drain|p2a: Garchomp\n|-resisted|p2a: Garchomp\n|-damage|p2a: Garchomp|37/100\n|-heal|p1a: Venusaur|100/100|[from] drain|[of] p2a: Garchomp\n|-damage|p1a: Venusaur|91/100|[from] item: Life Orb\n|move|p2a: Garchomp|Scale Shot|p1a: Venusaur\n|-damage|p1a: Venusaur|74/100\n|-damage|p1a: Venusaur|55/100\n|-damage|p1a: Venusaur|37/100\n|-damage|p1a: Venusaur|20/100\n|-hitcount|p1a: Venusaur|4\n|-unboost|p2a: Garchomp|def|1\n|-boost|p2a: Garchomp|spe|1\n|\n|-weather|SunnyDay|[upkeep]\n|-heal|p2a: Garchomp|44/100|[from] item: Leftovers\n|upkeep\n|turn|23\n|\n|t:|1783817143\n|move|p1a: Venusaur|Weather Ball|p2a: Garchomp\n|-damage|p2a: Garchomp|0 fnt\n|faint|p2a: Garchomp\n|-damage|p1a: Venusaur|10/100|[from] item: Life Orb\n|\n|win|sandorivera22\n|raw|sandorivera22's rating: 1214 &rarr; <strong>1241</strong><br />(+27 for winning)\n|raw|newalambrito's rating: 1243 &rarr; <strong>1216</strong><br />(-27 for losing)\n|l|☆sandorivera22\n|player|p1|\n|l|☆newalambrito\n|player|p2|\n", "uploadtime": 1783817446, "views": 11, "formatid": "gen9ou", "rating": 1216, "private": 0, "password": null}