{"id": "gen9ou-2639267020", "format": "[Gen 9] OU", "players": ["abhii.g", "raviolikid"], "log": "|j|☆abhii.g\n|j|☆raviolikid\n|t:|1782442962\n|gametype|singles\n|player|p1|abhii.g|benga|1570\n|player|p2|raviolikid|anabel|1585\n|gen|9\n|tier|[Gen 9] OU\n|rated|\n|rule|HP Percentage Mod: HP is shown in percentages\n|rule|Endless Battle Clause: Forcing endless battles is banned\n|rule|Species Clause: Limit one of each Pokémon\n|rule|OHKO Clause: OHKO moves are banned\n|rule|Evasion Items Clause: Evasion items are banned\n|rule|Evasion Moves Clause: Evasion moves are banned\n|rule|Evasion Abilities Clause: Evasion abilities are banned\n|rule|Sleep Moves Clause: Sleep-inducing moves are banned\n|clearpoke\n|poke|p1|Hoopa-Unbound|\n|poke|p1|Pecharunt|\n|poke|p1|Landorus-Therian, M|\n|poke|p1|Cinderace, M|\n|poke|p1|Alomomola, M|\n|poke|p1|Iron Valiant|\n|poke|p2|Dragapult, F|\n|poke|p2|Gliscor, M|\n|poke|p2|Ogerpon-Wellspring, F|\n|poke|p2|Iron Crown|\n|poke|p2|Ting-Lu|\n|poke|p2|Kingambit, F|\n|teampreview\n|inactive|Battle timer is ON: inactive players will automatically lose when time's up. (requested by raviolikid)\n|\n|t:|1782442980\n|teamsize|p1|6\n|teamsize|p2|6\n|start\n|switch|p1a: Landorus|Landorus-Therian, M, shiny|100/100\n|switch|p2a: Ogerpon|Ogerpon-Wellspring, F|100/100\n|-ability|p1a: Landorus|Intimidate|boost\n|-unboost|p2a: Ogerpon|atk|1\n|turn|1\n|\n|t:|1782442986\n|move|p1a: Landorus|U-turn|p2a: Ogerpon\n|-supereffective|p2a: Ogerpon\n|-damage|p2a: Ogerpon|29/100\n|\n|t:|1782442990\n|switch|p1a: Pecharunt|Pecharunt|100/100|[from] U-turn\n|move|p2a: Ogerpon|Ivy Cudgel|p1a: Pecharunt|[anim] Ivy Cudgel Water\n|-damage|p1a: Pecharunt|81/100\n|\n|upkeep\n|turn|2\n|inactive|raviolikid has 120 seconds left.\n|inactive|raviolikid has 90 seconds left.\n|\n|t:|1782443078\n|switch|p2a: Ting-Lu|Ting-Lu|100/100\n|-ability|p2a: Ting-Lu|Vessel of Ruin\n|move|p1a: Pecharunt|Malignant Chain|p2a: Ting-Lu\n|-resisted|p2a: Ting-Lu\n|-damage|p2a: Ting-Lu|92/100\n|-status|p2a: Ting-Lu|tox\n|-start|p2a: Ting-Lu|confusion|[from] ability: Poison Puppeteer|[of] p1a: Pecharunt\n|\n|-damage|p2a: Ting-Lu|86/100 tox|[from] psn\n|upkeep\n|turn|3\n|\n|t:|1782443086\n|move|p1a: Pecharunt|Parting Shot|p2a: Ting-Lu\n|-unboost|p2a: Ting-Lu|atk|1\n|-unboost|p2a: Ting-Lu|spa|1\n|\n|t:|1782443089\n|switch|p1a: Landorus|Landorus-Therian, M, shiny|100/100|[from] Parting Shot\n|-ability|p1a: Landorus|Intimidate|boost\n|-unboost|p2a: Ting-Lu|atk|1\n|-activate|p2a: Ting-Lu|confusion\n|move|p2a: Ting-Lu|Stealth Rock|p1a: Landorus\n|-sidestart|p1: abhii.g|move: Stealth Rock\n|\n|-damage|p2a: Ting-Lu|74/100 tox|[from] psn\n|upkeep\n|turn|4\n|l|☆raviolikid\n|inactive|raviolikid disconnected and has a minute to reconnect!\n|player|p2|\n|j|☆raviolikid\n|inactive|raviolikid reconnected and has 85 seconds left.\n|player|p2|raviolikid|anabel|\n|inactive|raviolikid has 60 seconds left.\n|\n|t:|1782443132\n|switch|p2a: Gliscor|Gliscor, M|100/100\n|move|p1a: Landorus|U-turn|p2a: Gliscor\n|-resisted|p2a: Gliscor\n|-damage|p2a: Gliscor|90/100\n|\n|t:|1782443137\n|switch|p1a: Hoopa|Hoopa-Unbound|100/100|[from] U-turn\n|-damage|p1a: Hoopa|88/100|[from] Stealth Rock\n|\n|-status|p2a: Gliscor|tox|[from] item: Toxic Orb\n|upkeep\n|turn|5\n|inactive|raviolikid has 60 seconds left.\n|\n|t:|1782443156\n|switch|p2a: Ting-Lu|Ting-Lu|74/100 tox\n|-ability|p2a: Ting-Lu|Vessel of Ruin\n|move|p1a: Hoopa|Hyperspace Fury|p2a: Ting-Lu\n|-resisted|p2a: Ting-Lu\n|-damage|p2a: Ting-Lu|44/100 tox\n|-unboost|p1a: Hoopa|def|1\n|\n|-damage|p2a: Ting-Lu|38/100 tox|[from] psn\n|upkeep\n|turn|6\n|inactive|raviolikid has 60 seconds left.\n|\n|t:|1782443163\n|switch|p1a: Landorus|Landorus-Therian, M, shiny|100/100\n|-damage|p1a: Landorus|88/100|[from] Stealth Rock\n|-ability|p1a: Landorus|Intimidate|boost\n|-unboost|p2a: Ting-Lu|atk|1\n|move|p2a: Ting-Lu|Ruination|p1a: Landorus\n|-damage|p1a: Landorus|44/100\n|\n|-damage|p2a: Ting-Lu|25/100 tox|[from] psn\n|upkeep\n|turn|7\n|\n|t:|1782443172\n|move|p1a: Landorus|U-turn|p2a: Ting-Lu\n|-supereffective|p2a: Ting-Lu\n|-damage|p2a: Ting-Lu|0 fnt\n|-damage|p1a: Landorus|28/100|[from] item: Rocky Helmet|[of] p2a: Ting-Lu\n|faint|p2a: Ting-Lu\n|\n|t:|1782443179\n|switch|p1a: Liberacy|Cinderace, M|100/100|[from] U-turn\n|\n|upkeep\n|\n|t:|1782443195\n|switch|p2a: Gliscor|Gliscor, M|90/100 tox\n|turn|8\n|\n|t:|1782443198\n|move|p1a: Liberacy|U-turn|p2a: Gliscor\n|-start|p1a: Liberacy|typechange|Bug|[from] ability: Libero\n|-resisted|p2a: Gliscor\n|-crit|p2a: Gliscor\n|-damage|p2a: Gliscor|69/100 tox\n|\n|t:|1782443203\n|switch|p1a: Landorus|Landorus-Therian, M, shiny|28/100|[from] U-turn\n|-damage|p1a: Landorus|16/100|[from] Stealth Rock\n|-ability|p1a: Landorus|Intimidate|boost\n|-unboost|p2a: Gliscor|atk|1\n|move|p2a: Gliscor|Toxic Spikes|p1a: Landorus\n|-sidestart|p1: abhii.g|move: Toxic Spikes\n|\n|-heal|p2a: Gliscor|81/100 tox|[from] ability: Poison Heal\n|upkeep\n|turn|9\n|\n|t:|1782443207\n|move|p2a: Gliscor|Protect|p2a: Gliscor\n|-singleturn|p2a: Gliscor|Protect\n|move|p1a: Landorus|U-turn|p2a: Gliscor\n|-activate|p2a: Gliscor|move: Protect\n|\n|-heal|p2a: Gliscor|94/100 tox|[from] ability: Poison Heal\n|upkeep\n|turn|10\n|inactive|raviolikid has 90 seconds left.\n|\n|t:|1782443219\n|move|p1a: Landorus|U-turn|p2a: Gliscor\n|-resisted|p2a: Gliscor\n|-damage|p2a: Gliscor|83/100 tox\n|\n|t:|1782443222\n|switch|p1a: Hoopa|Hoopa-Unbound|88/100|[from] U-turn\n|-damage|p1a: Hoopa|76/100|[from] Stealth Rock\n|-status|p1a: Hoopa|psn\n|move|p2a: Gliscor|Earthquake|p1a: Hoopa\n|-damage|p1a: Hoopa|40/100 psn\n|\n|-heal|p2a: Gliscor|96/100 tox|[from] ability: Poison Heal\n|-damage|p1a: Hoopa|28/100 psn|[from] psn\n|upkeep\n|turn|11\n|\n|t:|1782443237\n|move|p2a: Gliscor|Earthquake|p1a: Hoopa\n|-damage|p1a: Hoopa|0 fnt\n|faint|p1a: Hoopa\n|\n|-heal|p2a: Gliscor|100/100 tox|[from] ability: Poison Heal\n|upkeep\n|\n|t:|1782443244\n|switch|p1a: Pecharunt|Pecharunt|81/100\n|-sideend|p1: abhii.g|move: Toxic Spikes|[of] p1a: Pecharunt\n|turn|12\n|\n|t:|1782443255\n|switch|p1a: Landorus|Landorus-Therian, M, shiny|16/100\n|-damage|p1a: Landorus|3/100|[from] Stealth Rock\n|-ability|p1a: Landorus|Intimidate|boost\n|-unboost|p2a: Gliscor|atk|1\n|move|p2a: Gliscor|Earthquake|p1a: Landorus\n|-immune|p1a: Landorus\n|\n|upkeep\n|turn|13\n|\n|t:|1782443269\n|move|p2a: Gliscor|Protect|p2a: Gliscor\n|-singleturn|p2a: Gliscor|Protect\n|move|p1a: Landorus|Stone Edge|p2a: Gliscor\n|-activate|p2a: Gliscor|move: Protect\n|\n|upkeep\n|turn|14\n|\n|t:|1782443288\n|move|p1a: Landorus|Stone Edge|p2a: Gliscor\n|-damage|p2a: Gliscor|68/100 tox\n|move|p2a: Gliscor|Toxic|p1a: Landorus\n|-status|p1a: Landorus|tox\n|\n|-damage|p1a: Landorus|0 fnt|[from] psn\n|faint|p1a: Landorus\n|-heal|p2a: Gliscor|81/100 tox|[from] ability: Poison Heal\n|upkeep\n|\n|t:|1782443295\n|switch|p1a: Iron Valiant|Iron Valiant, shiny|100/100\n|-damage|p1a: Iron Valiant|94/100|[from] Stealth Rock\n|turn|15\n|\n|t:|1782443302\n|switch|p2a: Iron Crown|Iron Crown|100/100\n|-enditem|p2a: Iron Crown|Booster Energy\n|-activate|p2a: Iron Crown|ability: Quark Drive|[fromitem]\n|-start|p2a: Iron Crown|quarkdrivespe\n|-terastallize|p1a: Iron Valiant|Fairy\n|move|p1a: Iron Valiant|Moonblast|p2a: Iron Crown\n|-resisted|p2a: Iron Crown\n|-crit|p2a: Iron Crown\n|-damage|p2a: Iron Crown|35/100\n|\n|upkeep\n|turn|16\n|inactive|raviolikid has 120 seconds left.\n|\n|t:|1782443316\n|-end|p1a: Iron Valiant|Quark Drive|[silent]\n|switch|p1a: Alomomola|Alomomola, M|100/100\n|-damage|p1a: Alomomola|88/100|[from] Stealth Rock\n|move|p2a: Iron Crown|Tachyon Cutter|p1a: Alomomola\n|-resisted|p1a: Alomomola\n|-crit|p1a: Alomomola\n|-damage|p1a: Alomomola|79/100\n|-resisted|p1a: Alomomola\n|-damage|p1a: Alomomola|73/100\n|-hitcount|p1a: Alomomola|2\n|\n|upkeep\n|turn|17\n|inactive|raviolikid has 120 seconds left.\n|\n|t:|1782443330\n|-end|p2a: Iron Crown|Quark Drive|[silent]\n|switch|p2a: Ogerpon|Ogerpon-Wellspring, F|29/100\n|switch|p1a: Liberacy|Cinderace, M|100/100\n|\n|upkeep\n|turn|18\n|\n|t:|1782443334\n|move|p1a: Liberacy|U-turn|p2a: Ogerpon\n|-start|p1a: Liberacy|typechange|Bug|[from] ability: Libero\n|-supereffective|p2a: Ogerpon\n|-damage|p2a: Ogerpon|0 fnt\n|faint|p2a: Ogerpon\n|\n|t:|1782443340\n|switch|p1a: Iron Valiant|Iron Valiant, shiny, tera:Fairy|94/100|[from] U-turn\n|-damage|p1a: Iron Valiant|82/100|[from] Stealth Rock\n|\n|upkeep\n|inactive|raviolikid has 120 seconds left.\n|\n|t:|1782443363\n|switch|p2a: Gliscor|Gliscor, M|81/100 tox\n|turn|19\n|\n|t:|1782443367\n|move|p2a: Gliscor|Protect|p2a: Gliscor\n|-singleturn|p2a: Gliscor|Protect\n|move|p1a: Iron Valiant|Moonblast|p2a: Gliscor\n|-activate|p2a: Gliscor|move: Protect\n|\n|-heal|p2a: Gliscor|93/100 tox|[from] ability: Poison Heal\n|upkeep\n|turn|20\n|\n|t:|1782443372\n|move|p1a: Iron Valiant|Moonblast|p2a: Gliscor\n|-damage|p2a: Gliscor|13/100 tox\n|move|p2a: Gliscor|Earthquake|p1a: Iron Valiant\n|-damage|p1a: Iron Valiant|36/100\n|\n|-heal|p2a: Gliscor|25/100 tox|[from] ability: Poison Heal\n|upkeep\n|turn|21\n|\n|t:|1782443378\n|move|p1a: Iron Valiant|Moonblast|p2a: Gliscor\n|-damage|p2a: Gliscor|0 fnt\n|faint|p2a: Gliscor\n|\n|upkeep\n|\n|t:|1782443384\n|switch|p2a: Dragapult|Dragapult, F|100/100\n|turn|22\n|\n|t:|1782443387\n|move|p2a: Dragapult|U-turn|p1a: Iron Valiant\n|-resisted|p1a: Iron Valiant\n|-damage|p1a: Iron Valiant|23/100\n|\n|t:|1782443389\n|switch|p2a: Iron Crown|Iron Crown|35/100|[from] U-turn\n|move|p1a: Iron Valiant|Moonblast|p2a: Iron Crown\n|-resisted|p2a: Iron Crown\n|-crit|p2a: Iron Crown\n|-damage|p2a: Iron Crown|0 fnt\n|faint|p2a: Iron Crown\n|-end|p2a: Iron Crown|Quark Drive|[silent]\n|\n|upkeep\n|\n|t:|1782443390\n|switch|p2a: Dragapult|Dragapult, F|100/100\n|turn|23\n|\n|t:|1782443393\n|move|p2a: Dragapult|Hex|p1a: Iron Valiant\n|-damage|p1a: Iron Valiant|0 fnt\n|faint|p1a: Iron Valiant\n|-end|p1a: Iron Valiant|Quark Drive|[silent]\n|\n|upkeep\n|\n|t:|1782443396\n|switch|p1a: Alomomola|Alomomola, M|100/100\n|-damage|p1a: Alomomola|88/100|[from] Stealth Rock\n|turn|24\n|\n|t:|1782443399\n|move|p2a: Dragapult|Will-O-Wisp|p1a: Alomomola\n|-status|p1a: Alomomola|brn\n|move|p1a: Alomomola|Flip Turn|p2a: Dragapult\n|-resisted|p2a: Dragapult\n|-damage|p2a: Dragapult|95/100\n|\n|t:|1782443401\n|switch|p1a: Pecharunt|Pecharunt|81/100|[from] Flip Turn\n|\n|upkeep\n|turn|25\n|\n|t:|1782443409\n|move|p2a: Dragapult|Hex|p1a: Pecharunt\n|-supereffective|p1a: Pecharunt\n|-damage|p1a: Pecharunt|27/100\n|move|p1a: Pecharunt|Shadow Ball|p2a: Dragapult\n|-supereffective|p2a: Dragapult\n|-damage|p2a: Dragapult|15/100\n|\n|upkeep\n|turn|26\n|\n|t:|1782443416\n|move|p2a: Dragapult|Dragon Darts|p1a: Pecharunt\n|-damage|p1a: Pecharunt|17/100\n|-anim|p2a: Dragapult|Dragon Darts|p1a: Pecharunt\n|-damage|p1a: Pecharunt|6/100\n|move|p1a: Pecharunt|Recover|p1a: Pecharunt\n|-heal|p1a: Pecharunt|56/100\n|\n|upkeep\n|turn|27\n|\n|t:|1782443421\n|move|p2a: Dragapult|Will-O-Wisp|p1a: Pecharunt\n|-status|p1a: Pecharunt|brn\n|move|p1a: Pecharunt|Shadow Ball|p2a: Dragapult\n|-supereffective|p2a: Dragapult\n|-damage|p2a: Dragapult|0 fnt\n|faint|p2a: Dragapult\n|\n|-damage|p1a: Pecharunt|50/100 brn|[from] brn\n|upkeep\n|\n|t:|1782443423\n|switch|p2a: Big Gambito|Kingambit, F|100/100\n|-activate|p2a: Big Gambito|ability: Supreme Overlord\n|-start|p2a: Big Gambito|fallen5|[silent]\n|-item|p2a: Big Gambito|Air Balloon\n|turn|28\n|\n|t:|1782443427\n|move|p2a: Big Gambito|Swords Dance|p2a: Big Gambito\n|-boost|p2a: Big Gambito|atk|2\n|move|p1a: Pecharunt|Parting Shot|p2a: Big Gambito\n|-unboost|p2a: Big Gambito|atk|1\n|-unboost|p2a: Big Gambito|spa|1\n|\n|t:|1782443432\n|switch|p1a: Alomomola|Alomomola, M|100/100 brn|[from] Parting Shot\n|-damage|p1a: Alomomola|88/100 brn|[from] Stealth Rock\n|\n|-damage|p1a: Alomomola|82/100 brn|[from] brn\n|upkeep\n|turn|29\n|\n|t:|1782443441\n|-terastallize|p2a: Big Gambito|Dark\n|move|p2a: Big Gambito|Kowtow Cleave|p1a: Alomomola\n|-damage|p1a: Alomomola|0 fnt\n|faint|p1a: Alomomola\n|\n|upkeep\n|\n|t:|1782443446\n|switch|p1a: Pecharunt|Pecharunt|50/100 brn\n|turn|30\n|\n|t:|1782443468\n|move|p2a: Big Gambito|Sucker Punch|p1a: Pecharunt\n|-supereffective|p1a: Pecharunt\n|-damage|p1a: Pecharunt|0 fnt\n|faint|p1a: Pecharunt\n|\n|upkeep\n|\n|t:|1782443471\n|switch|p1a: Liberacy|Cinderace, M|100/100\n|turn|31\n|\n|t:|1782443479\n|move|p1a: Liberacy|Sucker Punch|p2a: Big Gambito\n|-start|p1a: Liberacy|typechange|Dark|[from] ability: Libero\n|-resisted|p2a: Big Gambito\n|-damage|p2a: Big Gambito|86/100\n|-enditem|p2a: Big Gambito|Air Balloon\n|move|p2a: Big Gambito|Sucker Punch||[still]\n|-fail|p2a: Big Gambito\n|\n|upkeep\n|turn|32\n|\n|t:|1782443488\n|move|p1a: Liberacy|U-turn|p2a: Big Gambito\n|-supereffective|p2a: Big Gambito\n|-crit|p2a: Big Gambito\n|-damage|p2a: Big Gambito|23/100\n|move|p2a: Big Gambito|Low Kick|p1a: Liberacy\n|-supereffective|p1a: Liberacy\n|-damage|p1a: Liberacy|0 fnt\n|faint|p1a: Liberacy\n|\n|win|raviolikid\n|raw|abhii.g's rating: 1570 &rarr; <strong>1551</strong><br />(-19 for losing)\n|raw|raviolikid's rating: 1585 &rarr; <strong>1604</strong><br />(+19 for winning)\n", "uploadtime": 1782443490, "views": 9, "formatid": "gen9ou", "rating": 1551, "private": 0, "password": null}