{"id": "gen9ou-2639190626", "format": "[Gen 9] OU", "players": ["sea mates", "psychlops"], "log": "|j|☆sea mates\n|j|‽psychlops\n|t:|1782431699\n|gametype|singles\n|player|p1|sea mates|aquasuit|1548\n|player|p2|psychlops|170|1513\n|gen|9\n|tier|[Gen 9] OU\n|rated|\n|rule|HP Percentage Mod: HP is shown in percentages\n|rule|Endless Battle Clause: Forcing endless battles is banned\n|rule|Species Clause: Limit one of each Pokémon\n|rule|OHKO Clause: OHKO moves are banned\n|rule|Evasion Items Clause: Evasion items are banned\n|rule|Evasion Moves Clause: Evasion moves are banned\n|rule|Evasion Abilities Clause: Evasion abilities are banned\n|rule|Sleep Moves Clause: Sleep-inducing moves are banned\n|clearpoke\n|poke|p1|Weavile, M|\n|poke|p1|Volcanion|\n|poke|p1|Great Tusk|\n|poke|p1|Hatterene, F|\n|poke|p1|Gholdengo|\n|poke|p1|Dragonite, F|\n|poke|p2|Ting-Lu|\n|poke|p2|Gliscor, M|\n|poke|p2|Sinistcha-Masterpiece|\n|poke|p2|Keldeo-Resolute|\n|poke|p2|Tinkaton, F|\n|poke|p2|Dragonite, M|\n|teampreview\n|inactive|Battle timer is ON: inactive players will automatically lose when time's up. (requested by sea mates)\n|\n|t:|1782431727\n|teamsize|p1|6\n|teamsize|p2|6\n|start\n|switch|p1a: Great Tusk|Great Tusk|100/100\n|switch|p2a: Keldeo|Keldeo-Resolute|100/100\n|turn|1\n|\n|t:|1782431734\n|move|p2a: Keldeo|Secret Sword|p1a: Great Tusk\n|-damage|p1a: Great Tusk|66/100\n|move|p1a: Great Tusk|Headlong Rush|p2a: Keldeo\n|-damage|p2a: Keldeo|40/100\n|-unboost|p1a: Great Tusk|def|1\n|-unboost|p1a: Great Tusk|spd|1\n|\n|upkeep\n|turn|2\n|\n|t:|1782431741\n|-end|p1a: Great Tusk|Protosynthesis|[silent]\n|switch|p1a: Volcanion|Volcanion|100/100\n|move|p2a: Keldeo|Secret Sword|p1a: Volcanion\n|-damage|p1a: Volcanion|65/100\n|\n|upkeep\n|turn|3\n|\n|t:|1782431758\n|switch|p2a: Dragonite|Dragonite, M|100/100\n|move|p1a: Volcanion|Earth Power|p2a: Dragonite\n|-immune|p2a: Dragonite\n|\n|upkeep\n|turn|4\n|\n|t:|1782431762\n|move|p1a: Volcanion|Will-O-Wisp|p2a: Dragonite\n|-status|p2a: Dragonite|brn\n|move|p2a: Dragonite|Dragon Tail|p1a: Volcanion\n|-damage|p1a: Volcanion|49/100\n|drag|p1a: Dragonite|Dragonite, F|100/100\n|\n|-damage|p2a: Dragonite|94/100 brn|[from] brn\n|upkeep\n|turn|5\n|\n|t:|1782431768\n|switch|p2a: Tinkaton|Tinkaton, F|100/100\n|-ability|p2a: Tinkaton|Mold Breaker\n|-item|p2a: Tinkaton|Air Balloon\n|move|p1a: Dragonite|Ice Spinner|p2a: Tinkaton\n|-resisted|p2a: Tinkaton\n|-damage|p2a: Tinkaton|86/100\n|-enditem|p2a: Tinkaton|Air Balloon\n|\n|upkeep\n|turn|6\n|\n|t:|1782431776\n|switch|p1a: Volcanion|Volcanion|49/100\n|move|p2a: Tinkaton|Stealth Rock|p1a: Volcanion\n|-sidestart|p1: sea mates|move: Stealth Rock\n|\n|upkeep\n|turn|7\n|\n|t:|1782431791\n|switch|p2a: Dragonite|Dragonite, M|94/100 brn\n|move|p1a: Volcanion|Flamethrower|p2a: Dragonite\n|-resisted|p2a: Dragonite\n|-damage|p2a: Dragonite|74/100 brn\n|\n|-damage|p2a: Dragonite|68/100 brn|[from] brn\n|upkeep\n|turn|8\n|\n|t:|1782431798\n|move|p1a: Volcanion|Steam Eruption|p2a: Dragonite\n|-resisted|p2a: Dragonite\n|-damage|p2a: Dragonite|44/100 brn\n|move|p2a: Dragonite|Dragon Tail|p1a: Volcanion\n|-damage|p1a: Volcanion|35/100\n|drag|p1a: Hatterene|Hatterene, F|100/100\n|-damage|p1a: Hatterene|88/100|[from] Stealth Rock\n|\n|-damage|p2a: Dragonite|37/100 brn|[from] brn\n|upkeep\n|turn|9\n|\n|t:|1782431805\n|switch|p2a: Ting-Lu|Ting-Lu|100/100\n|-ability|p2a: Ting-Lu|Vessel of Ruin\n|move|p1a: Hatterene|Draining Kiss|p2a: Ting-Lu\n|-supereffective|p2a: Ting-Lu\n|-damage|p2a: Ting-Lu|81/100\n|-heal|p1a: Hatterene|100/100|[from] drain|[of] p2a: Ting-Lu\n|\n|-heal|p2a: Ting-Lu|87/100|[from] item: Leftovers\n|upkeep\n|turn|10\n|inactive|sea mates has 120 seconds left.\n|\n|t:|1782431859\n|move|p2a: Ting-Lu|Ruination|p1a: Hatterene\n|-damage|p1a: Hatterene|51/100\n|move|p1a: Hatterene|Psychic Noise|p2a: Ting-Lu\n|-immune|p2a: Ting-Lu\n|\n|-heal|p2a: Ting-Lu|93/100|[from] item: Leftovers\n|upkeep\n|turn|11\n|\n|t:|1782431865\n|move|p2a: Ting-Lu|Ruination|p1a: Hatterene\n|-damage|p1a: Hatterene|26/100\n|move|p1a: Hatterene|Draining Kiss|p2a: Ting-Lu\n|-supereffective|p2a: Ting-Lu\n|-damage|p2a: Ting-Lu|74/100\n|-heal|p1a: Hatterene|48/100|[from] drain|[of] p2a: Ting-Lu\n|\n|-heal|p2a: Ting-Lu|81/100|[from] item: Leftovers\n|upkeep\n|turn|12\n|\n|t:|1782431870\n|move|p2a: Ting-Lu|Ruination|p1a: Hatterene\n|-damage|p1a: Hatterene|24/100\n|move|p1a: Hatterene|Draining Kiss|p2a: Ting-Lu\n|-supereffective|p2a: Ting-Lu\n|-damage|p2a: Ting-Lu|62/100\n|-heal|p1a: Hatterene|48/100|[from] drain|[of] p2a: Ting-Lu\n|\n|-heal|p2a: Ting-Lu|68/100|[from] item: Leftovers\n|upkeep\n|turn|13\n|\n|t:|1782431873\n|move|p2a: Ting-Lu|Earthquake|p1a: Hatterene\n|-damage|p1a: Hatterene|14/100\n|move|p1a: Hatterene|Draining Kiss|p2a: Ting-Lu\n|-supereffective|p2a: Ting-Lu\n|-damage|p2a: Ting-Lu|50/100\n|-heal|p1a: Hatterene|35/100|[from] drain|[of] p2a: Ting-Lu\n|\n|-heal|p2a: Ting-Lu|57/100|[from] item: Leftovers\n|upkeep\n|turn|14\n|\n|t:|1782431877\n|switch|p1a: Dragonite|Dragonite, F|100/100\n|-damage|p1a: Dragonite|76/100|[from] Stealth Rock\n|move|p2a: Ting-Lu|Earthquake|p1a: Dragonite\n|-immune|p1a: Dragonite\n|\n|-heal|p1a: Dragonite|82/100|[from] item: Leftovers\n|-heal|p2a: Ting-Lu|63/100|[from] item: Leftovers\n|upkeep\n|turn|15\n|\n|t:|1782431895\n|switch|p2a: Dragonite|Dragonite, M|37/100 brn\n|move|p1a: Dragonite|Dragon Dance|p1a: Dragonite\n|-boost|p1a: Dragonite|atk|1\n|-boost|p1a: Dragonite|spe|1\n|\n|-heal|p1a: Dragonite|88/100|[from] item: Leftovers\n|-damage|p2a: Dragonite|31/100 brn|[from] brn\n|upkeep\n|turn|16\n|\n|t:|1782431898\n|move|p1a: Dragonite|Ice Spinner|p2a: Dragonite\n|-supereffective|p2a: Dragonite\n|-damage|p2a: Dragonite|0 fnt\n|faint|p2a: Dragonite\n|\n|-heal|p1a: Dragonite|94/100|[from] item: Leftovers\n|upkeep\n|\n|t:|1782431908\n|switch|p2a: Tinkaton|Tinkaton, F|86/100\n|-ability|p2a: Tinkaton|Mold Breaker\n|turn|17\n|\n|t:|1782431914\n|-terastallize|p2a: Tinkaton|Water\n|move|p1a: Dragonite|Earthquake|p2a: Tinkaton\n|-damage|p2a: Tinkaton|31/100\n|move|p2a: Tinkaton|Thunder Wave|p1a: Dragonite|[miss]\n|-miss|p2a: Tinkaton|p1a: Dragonite\n|\n|-heal|p1a: Dragonite|100/100|[from] item: Leftovers\n|upkeep\n|turn|18\n|-message|psychlops forfeited.\n|\n|win|sea mates\n|raw|sea mates's rating: 1533 &rarr; <strong>1552</strong><br />(+19 for winning)\n|raw|psychlops's rating: 1513 &rarr; <strong>1494</strong><br />(-19 for losing)\n|l|‽psychlops\n|player|p2|\n", "uploadtime": 1782431923, "views": 19, "formatid": "gen9ou", "rating": 1494, "private": 0, "password": null}