{"id": "gen9ou-2647808704", "format": "[Gen 9] OU", "players": ["Flanderdude2009", "costes"], "log": "|j|☆Flanderdude2009\n|j|☆costes\n|t:|1783816302\n|gametype|singles\n|player|p1|Flanderdude2009|102|1102\n|player|p2|costes|medium|1073\n|gen|9\n|tier|[Gen 9] OU\n|rated|\n|rule|HP Percentage Mod: HP is shown in percentages\n|rule|Endless Battle Clause: Forcing endless battles is banned\n|rule|Species Clause: Limit one of each Pokémon\n|rule|OHKO Clause: OHKO moves are banned\n|rule|Evasion Items Clause: Evasion items are banned\n|rule|Evasion Moves Clause: Evasion moves are banned\n|rule|Evasion Abilities Clause: Evasion abilities are banned\n|rule|Sleep Moves Clause: Sleep-inducing moves are banned\n|clearpoke\n|poke|p1|Bisharp, F|\n|poke|p1|Pelipper, M|\n|poke|p1|Venusaur, F|\n|poke|p1|Great Tusk|\n|poke|p1|Volcanion|\n|poke|p1|Dragapult, M|\n|poke|p2|Weezing, M|\n|poke|p2|Venomoth, M|\n|poke|p2|Mew|\n|poke|p2|Rhyhorn, M|\n|poke|p2|Scyther, F|\n|poke|p2|Poliwrath, M|\n|teampreview\n|inactive|Battle timer is ON: inactive players will automatically lose when time's up. (requested by Flanderdude2009)\n|\n|t:|1783816318\n|teamsize|p1|6\n|teamsize|p2|6\n|start\n|switch|p1a: Pelipper|Pelipper, M, shiny|100/100\n|switch|p2a: Mew|Mew|100/100\n|-weather|RainDance|[from] ability: Drizzle|[of] p1a: Pelipper\n|turn|1\n|\n|t:|1783816325\n|move|p2a: Mew|Psychic|p1a: Pelipper\n|-damage|p1a: Pelipper|48/100\n|move|p1a: Pelipper|Knock Off|p2a: Mew\n|-supereffective|p2a: Mew\n|-damage|p2a: Mew|74/100\n|-enditem|p2a: Mew|Wiki Berry|[from] move: Knock Off|[of] p1a: Pelipper\n|\n|-weather|RainDance|[upkeep]\n|upkeep\n|turn|2\n|\n|t:|1783816339\n|switch|p1a: Bisharp|Bisharp, F, shiny|100/100\n|move|p2a: Mew|Psychic|p1a: Bisharp\n|-immune|p1a: Bisharp\n|\n|-weather|RainDance|[upkeep]\n|upkeep\n|turn|3\n|\n|t:|1783816345\n|-terastallize|p2a: Mew|Fire\n|move|p2a: Mew|Flamethrower|p1a: Bisharp\n|-supereffective|p1a: Bisharp\n|-damage|p1a: Bisharp|68/100\n|move|p1a: Bisharp|Swords Dance|p1a: Bisharp\n|-boost|p1a: Bisharp|atk|2\n|\n|-weather|RainDance|[upkeep]\n|upkeep\n|turn|4\n|\n|t:|1783816354\n|move|p1a: Bisharp|Sucker Punch|p2a: Mew\n|-damage|p2a: Mew|0 fnt\n|faint|p2a: Mew\n|\n|-weather|RainDance|[upkeep]\n|upkeep\n|\n|t:|1783816358\n|switch|p2a: Scyther|Scyther, F, shiny|100/100\n|turn|5\n|\n|t:|1783816364\n|move|p1a: Bisharp|Sucker Punch||[still]\n|-fail|p1a: Bisharp\n|move|p2a: Scyther|Swords Dance|p2a: Scyther\n|-boost|p2a: Scyther|atk|2\n|\n|-weather|RainDance|[upkeep]\n|upkeep\n|turn|6\n|\n|t:|1783816369\n|move|p1a: Bisharp|Sucker Punch||[still]\n|-fail|p1a: Bisharp\n|move|p2a: Scyther|Swords Dance|p2a: Scyther\n|-boost|p2a: Scyther|atk|2\n|\n|-weather|RainDance|[upkeep]\n|upkeep\n|turn|7\n|\n|t:|1783816376\n|-terastallize|p1a: Bisharp|Ghost\n|move|p2a: Scyther|Swords Dance|p2a: Scyther\n|-boost|p2a: Scyther|atk|2\n|move|p1a: Bisharp|Shadow Claw|p2a: Scyther\n|-damage|p2a: Scyther|26/100\n|\n|-weather|RainDance|[upkeep]\n|upkeep\n|turn|8\n|\n|t:|1783816384\n|move|p1a: Bisharp|Sucker Punch||[still]\n|-fail|p1a: Bisharp\n|move|p2a: Scyther|Swords Dance|p2a: Scyther\n|-boost|p2a: Scyther|atk|0\n|\n|-weather|none\n|upkeep\n|turn|9\n|\n|t:|1783816390\n|move|p1a: Bisharp|Sucker Punch|p2a: Scyther\n|-damage|p2a: Scyther|0 fnt\n|faint|p2a: Scyther\n|\n|upkeep\n|\n|t:|1783816398\n|switch|p2a: Weezing|Weezing, M|100/100\n|turn|10\n|\n|t:|1783816407\n|move|p1a: Bisharp|Shadow Claw|p2a: Weezing\n|-damage|p2a: Weezing|29/100\n|move|p2a: Weezing|Flamethrower|p1a: Bisharp\n|-damage|p1a: Bisharp|48/100\n|\n|upkeep\n|turn|11\n|\n|t:|1783816419\n|switch|p2a: Poliwrath|Poliwrath, M|100/100\n|move|p1a: Bisharp|Shadow Claw|p2a: Poliwrath\n|-damage|p2a: Poliwrath|19/100\n|-enditem|p2a: Poliwrath|Aguav Berry|[eat]\n|-heal|p2a: Poliwrath|52/100|[from] item: Aguav Berry\n|\n|upkeep\n|turn|12\n|\n|t:|1783816434\n|switch|p2a: Rhyhorn|Rhyhorn, M|100/100\n|move|p1a: Bisharp|Sucker Punch||[still]\n|-fail|p1a: Bisharp\n|\n|upkeep\n|turn|13\n|\n|t:|1783816445\n|move|p1a: Bisharp|Iron Head|p2a: Rhyhorn\n|-supereffective|p2a: Rhyhorn\n|-damage|p2a: Rhyhorn|0 fnt\n|faint|p2a: Rhyhorn\n|\n|upkeep\n|\n|t:|1783816448\n|switch|p2a: Venomoth|Venomoth, M|100/100\n|turn|14\n|\n|t:|1783816454\n|move|p2a: Venomoth|Quiver Dance|p2a: Venomoth\n|-boost|p2a: Venomoth|spa|1\n|-boost|p2a: Venomoth|spd|1\n|-boost|p2a: Venomoth|spe|1\n|move|p1a: Bisharp|Shadow Claw|p2a: Venomoth\n|-damage|p2a: Venomoth|0 fnt\n|faint|p2a: Venomoth\n|\n|upkeep\n|-message|costes forfeited.\n|\n|win|Flanderdude2009\n|raw|Flanderdude2009's rating: 1102 &rarr; <strong>1125</strong><br />(+23 for winning)\n|raw|costes's rating: 1073 &rarr; <strong>1054</strong><br />(-19 for losing)\n|l|☆costes\n|player|p2|\n|l|☆Flanderdude2009\n|player|p1|\n|j|☆Flanderdude2009\n|player|p1|Flanderdude2009|102|\n|l|☆Flanderdude2009\n|player|p1|\n", "uploadtime": 1783816766, "views": 5, "formatid": "gen9ou", "rating": 1054, "private": 0, "password": null}