{"id": "gen9ou-2639287952", "format": "[Gen 9] OU", "players": ["spookyaudrey", "Kulrit"], "log": "|j|☆spookyaudrey\n|j|☆Kulrit\n|t:|1782446377\n|gametype|singles\n|player|p1|spookyaudrey|clown|1112\n|player|p2|Kulrit|170|1197\n|gen|9\n|tier|[Gen 9] OU\n|rated|\n|rule|HP Percentage Mod: HP is shown in percentages\n|rule|Endless Battle Clause: Forcing endless battles is banned\n|rule|Species Clause: Limit one of each Pokémon\n|rule|OHKO Clause: OHKO moves are banned\n|rule|Evasion Items Clause: Evasion items are banned\n|rule|Evasion Moves Clause: Evasion moves are banned\n|rule|Evasion Abilities Clause: Evasion abilities are banned\n|rule|Sleep Moves Clause: Sleep-inducing moves are banned\n|clearpoke\n|poke|p1|Overqwil, F|\n|poke|p1|Lapras, F|\n|poke|p1|Moltres|\n|poke|p1|Electrode-Hisui|\n|poke|p1|Swampert, F|\n|poke|p1|Malamar, F|\n|poke|p2|Ogerpon-Wellspring, F|\n|poke|p2|Kingambit, M|\n|poke|p2|Iron Treads|\n|poke|p2|Tornadus-Therian, M|\n|poke|p2|Iron Valiant|\n|poke|p2|Slowking-Galar, M|\n|teampreview\n|inactive|Battle timer is ON: inactive players will automatically lose when time's up. (requested by spookyaudrey)\n|\n|t:|1782446384\n|teamsize|p1|6\n|teamsize|p2|6\n|start\n|switch|p1a: Malamar|Malamar, F|100/100\n|switch|p2a: Slowking|Slowking-Galar, M|100/100\n|turn|1\n|\n|t:|1782446391\n|move|p1a: Malamar|Knock Off|p2a: Slowking\n|-supereffective|p2a: Slowking\n|-damage|p2a: Slowking|22/100\n|-enditem|p2a: Slowking|Black Sludge|[from] move: Knock Off|[of] p1a: Malamar\n|move|p2a: Slowking|Toxic Spikes|p1a: Malamar\n|-sidestart|p1: spookyaudrey|move: Toxic Spikes\n|\n|upkeep\n|turn|2\n|\n|t:|1782446399\n|switch|p2a: Kingambit|Kingambit, M|100/100\n|move|p1a: Malamar|Superpower|p2a: Kingambit\n|-supereffective|p2a: Kingambit\n|-damage|p2a: Kingambit|0 fnt\n|-boost|p1a: Malamar|atk|1\n|-boost|p1a: Malamar|def|1\n|faint|p2a: Kingambit\n|-end|p2a: Kingambit|fallenundefined|[silent]\n|\n|upkeep\n|\n|t:|1782446415\n|switch|p2a: Tornadus|Tornadus-Therian, M|100/100\n|turn|3\n|\n|t:|1782446418\n|move|p2a: Tornadus|Bleakwind Storm|p1a: Malamar\n|-damage|p1a: Malamar|59/100\n|move|p1a: Malamar|Knock Off|p2a: Tornadus\n|-damage|p2a: Tornadus|28/100\n|-enditem|p2a: Tornadus|Assault Vest|[from] move: Knock Off|[of] p1a: Malamar\n|\n|upkeep\n|turn|4\n|\n|t:|1782446426\n|move|p2a: Tornadus|U-turn|p1a: Malamar\n|-supereffective|p1a: Malamar\n|-damage|p1a: Malamar|16/100\n|\n|t:|1782446432\n|switch|p2a: Iron Valiant|Iron Valiant|100/100|[from] U-turn\n|-enditem|p2a: Iron Valiant|Booster Energy\n|-activate|p2a: Iron Valiant|ability: Quark Drive|[fromitem]\n|-start|p2a: Iron Valiant|quarkdrivespe\n|move|p1a: Malamar|Knock Off|p2a: Iron Valiant\n|-resisted|p2a: Iron Valiant\n|-crit|p2a: Iron Valiant\n|-damage|p2a: Iron Valiant|80/100\n|\n|upkeep\n|turn|5\n|\n|t:|1782446441\n|switch|p1a: Moltres|Moltres|100/100\n|move|p2a: Iron Valiant|Moonblast|p1a: Moltres\n|-resisted|p1a: Moltres\n|-damage|p1a: Moltres|72/100\n|\n|upkeep\n|turn|6\n|\n|t:|1782446447\n|-end|p2a: Iron Valiant|Quark Drive|[silent]\n|switch|p2a: Tornadus|Tornadus-Therian, M|61/100\n|move|p1a: Moltres|Air Slash|p2a: Tornadus\n|-damage|p2a: Tornadus|20/100\n|\n|upkeep\n|turn|7\n|\n|t:|1782446454\n|switch|p2a: Slowking|Slowking-Galar, M|55/100\n|move|p1a: Moltres|Ancient Power|p2a: Slowking\n|-damage|p2a: Slowking|39/100\n|\n|upkeep\n|turn|8\n|\n|t:|1782446461\n|switch|p1a: Overqwil|Overqwil, F|100/100\n|-sideend|p1: spookyaudrey|move: Toxic Spikes|[of] p1a: Overqwil\n|switch|p2a: Ogerpon|Ogerpon-Wellspring, F|100/100\n|\n|upkeep\n|turn|9\n|\n|t:|1782446471\n|switch|p2a: Iron Treads|Iron Treads|100/100\n|move|p1a: Overqwil|Poison Jab|p2a: Iron Treads\n|-immune|p2a: Iron Treads\n|\n|upkeep\n|turn|10\n|\n|t:|1782446476\n|move|p2a: Iron Treads|Earthquake|p1a: Overqwil\n|-supereffective|p1a: Overqwil\n|-damage|p1a: Overqwil|2/100\n|move|p1a: Overqwil|Taunt|p2a: Iron Treads\n|-start|p2a: Iron Treads|move: Taunt\n|\n|upkeep\n|turn|11\n|\n|t:|1782446482\n|switch|p1a: Moltres|Moltres|72/100\n|move|p2a: Iron Treads|Iron Head|p1a: Moltres\n|-resisted|p1a: Moltres\n|-damage|p1a: Moltres|54/100\n|\n|upkeep\n|turn|12\n|\n|t:|1782446487\n|-end|p2a: Iron Treads|Quark Drive|[silent]\n|switch|p2a: Slowking|Slowking-Galar, M|72/100\n|move|p1a: Moltres|Scorching Sands|p2a: Slowking\n|-supereffective|p2a: Slowking\n|-damage|p2a: Slowking|31/100\n|\n|upkeep\n|turn|13\n|\n|t:|1782446494\n|switch|p2a: Tornadus|Tornadus-Therian, M|53/100\n|move|p1a: Moltres|Flamethrower|p2a: Tornadus\n|-damage|p2a: Tornadus|5/100\n|-status|p2a: Tornadus|brn\n|\n|-damage|p2a: Tornadus|0 fnt|[from] brn\n|faint|p2a: Tornadus\n|upkeep\n|\n|t:|1782446499\n|switch|p2a: Ogerpon|Ogerpon-Wellspring, F|100/100\n|turn|14\n|\n|t:|1782446504\n|switch|p1a: Lapras|Lapras, F, shiny|100/100\n|move|p2a: Ogerpon|Swords Dance|p2a: Ogerpon\n|-boost|p2a: Ogerpon|atk|2\n|\n|upkeep\n|turn|15\n|\n|t:|1782446509\n|-terastallize|p2a: Ogerpon|Water\n|detailschange|p2a: Ogerpon|Ogerpon-Wellspring-Tera, F, tera:Water\n|-ability|p2a: Ogerpon|Embody Aspect (Wellspring)|boost\n|-boost|p2a: Ogerpon|spd|1\n|move|p2a: Ogerpon|Play Rough|p1a: Lapras\n|-damage|p1a: Lapras|38/100\n|move|p1a: Lapras|Freeze-Dry|p2a: Ogerpon\n|-supereffective|p2a: Ogerpon\n|-damage|p2a: Ogerpon|54/100\n|\n|upkeep\n|turn|16\n|\n|t:|1782446523\n|switch|p1a: Moltres|Moltres|54/100\n|move|p2a: Ogerpon|Play Rough|p1a: Moltres|[miss]\n|-miss|p2a: Ogerpon|p1a: Moltres\n|\n|upkeep\n|turn|17\n|\n|t:|1782446530\n|switch|p1a: Lapras|Lapras, F, shiny|38/100\n|move|p2a: Ogerpon|Ivy Cudgel|p1a: Lapras|[anim] Ivy Cudgel Water\n|-heal|p1a: Lapras|63/100|[from] ability: Water Absorb|[of] p2a: Ogerpon\n|\n|upkeep\n|turn|18\n|\n|t:|1782446536\n|move|p2a: Ogerpon|Play Rough|p1a: Lapras\n|-damage|p1a: Lapras|1/100\n|move|p1a: Lapras|Freeze-Dry|p2a: Ogerpon\n|-supereffective|p2a: Ogerpon\n|-damage|p2a: Ogerpon|8/100\n|\n|upkeep\n|turn|19\n|\n|t:|1782446545\n|move|p2a: Ogerpon|Play Rough|p1a: Lapras\n|-damage|p1a: Lapras|0 fnt\n|faint|p1a: Lapras\n|\n|upkeep\n|\n|t:|1782446549\n|switch|p1a: Electrode|Electrode-Hisui|100/100\n|turn|20\n|\n|t:|1782446553\n|switch|p2a: Slowking|Slowking-Galar, M|64/100\n|move|p1a: Electrode|Volt Switch|p2a: Slowking\n|-damage|p2a: Slowking|49/100\n|\n|t:|1782446560\n|switch|p1a: Overqwil|Overqwil, F|2/100|[from] Volt Switch\n|\n|upkeep\n|turn|21\n|\n|t:|1782446564\n|switch|p2a: Iron Valiant|Iron Valiant|80/100\n|move|p1a: Overqwil|Crunch|p2a: Iron Valiant\n|-resisted|p2a: Iron Valiant\n|-damage|p2a: Iron Valiant|65/100\n|\n|upkeep\n|turn|22\n|\n|t:|1782446570\n|move|p2a: Iron Valiant|Moonblast|p1a: Overqwil\n|-damage|p1a: Overqwil|0 fnt\n|faint|p1a: Overqwil\n|\n|upkeep\n|\n|t:|1782446575\n|switch|p1a: Moltres|Moltres|54/100\n|turn|23\n|\n|t:|1782446578\n|-end|p2a: Iron Valiant|Quark Drive|[silent]\n|switch|p2a: Slowking|Slowking-Galar, M|82/100\n|move|p1a: Moltres|Air Slash|p2a: Slowking|[miss]\n|-miss|p1a: Moltres|p2a: Slowking\n|\n|upkeep\n|turn|24\n|\n|t:|1782446585\n|move|p1a: Moltres|Scorching Sands|p2a: Slowking\n|-supereffective|p2a: Slowking\n|-damage|p2a: Slowking|44/100\n|move|p2a: Slowking|Light Screen|p2a: Slowking\n|-sidestart|p2: Kulrit|move: Light Screen\n|\n|upkeep\n|turn|25\n|\n|t:|1782446592\n|move|p1a: Moltres|Ancient Power|p2a: Slowking\n|-damage|p2a: Slowking|35/100\n|move|p2a: Slowking|Toxic Spikes|p1a: Moltres\n|-sidestart|p1: spookyaudrey|move: Toxic Spikes\n|\n|upkeep\n|turn|26\n|\n|t:|1782446597\n|move|p1a: Moltres|Scorching Sands|p2a: Slowking\n|-supereffective|p2a: Slowking\n|-damage|p2a: Slowking|17/100\n|-status|p2a: Slowking|brn\n|-prepare|p2a: Slowking|Chilly Reception|[premajor]\n|move|p2a: Slowking|Chilly Reception|p2a: Slowking\n|-weather|Snowscape\n|\n|t:|1782446600\n|switch|p2a: Ogerpon|Ogerpon-Wellspring-Tera, F, tera:Water|8/100|[from] Chilly Reception\n|-ability|p2a: Ogerpon|Embody Aspect (Wellspring)|boost\n|-boost|p2a: Ogerpon|spd|1\n|\n|-weather|Snowscape|[upkeep]\n|upkeep\n|turn|27\n|\n|t:|1782446610\n|move|p2a: Ogerpon|Ivy Cudgel|p1a: Moltres|[anim] Ivy Cudgel Water\n|-supereffective|p1a: Moltres\n|-damage|p1a: Moltres|0 fnt\n|faint|p1a: Moltres\n|\n|-weather|Snowscape|[upkeep]\n|upkeep\n|\n|t:|1782446615\n|switch|p1a: Electrode|Electrode-Hisui|100/100\n|-status|p1a: Electrode|psn\n|turn|28\n|\n|t:|1782446619\n|switch|p2a: Iron Treads|Iron Treads|100/100\n|move|p1a: Electrode|Energy Ball|p2a: Iron Treads\n|-damage|p2a: Iron Treads|86/100\n|\n|-weather|Snowscape|[upkeep]\n|-heal|p2a: Iron Treads|93/100|[from] item: Leftovers\n|-damage|p1a: Electrode|88/100 psn|[from] psn\n|-sideend|p2: Kulrit|move: Light Screen\n|upkeep\n|turn|29\n|\n|t:|1782446631\n|move|p1a: Electrode|Taunt|p2a: Iron Treads\n|-start|p2a: Iron Treads|move: Taunt\n|cant|p2a: Iron Treads|move: Taunt|Stealth Rock\n|\n|-weather|Snowscape|[upkeep]\n|-heal|p2a: Iron Treads|99/100|[from] item: Leftovers\n|-damage|p1a: Electrode|76/100 psn|[from] psn\n|upkeep\n|turn|30\n|\n|t:|1782446637\n|move|p1a: Electrode|Energy Ball|p2a: Iron Treads\n|-damage|p2a: Iron Treads|67/100\n|move|p2a: Iron Treads|Rapid Spin|p1a: Electrode\n|-damage|p1a: Electrode|57/100 psn\n|-boost|p2a: Iron Treads|spe|1\n|\n|-weather|none\n|-heal|p2a: Iron Treads|73/100|[from] item: Leftovers\n|-damage|p1a: Electrode|45/100 psn|[from] psn\n|upkeep\n|turn|31\n|\n|t:|1782446644\n|move|p2a: Iron Treads|Earthquake|p1a: Electrode\n|-damage|p1a: Electrode|0 fnt\n|faint|p1a: Electrode\n|\n|-heal|p2a: Iron Treads|79/100|[from] item: Leftovers\n|-end|p2a: Iron Treads|move: Taunt\n|upkeep\n|\n|t:|1782446648\n|switch|p1a: Malamar|Malamar, F|16/100\n|-status|p1a: Malamar|psn\n|turn|32\n|\n|t:|1782446650\n|move|p2a: Iron Treads|Earthquake|p1a: Malamar\n|-damage|p1a: Malamar|0 fnt\n|faint|p1a: Malamar\n|\n|-heal|p2a: Iron Treads|85/100|[from] item: Leftovers\n|upkeep\n|\n|t:|1782446653\n|switch|p1a: swampy|Swampert, F, shiny|100/100\n|-status|p1a: swampy|psn\n|turn|33\n|\n|t:|1782446658\n|move|p2a: Iron Treads|Earthquake|p1a: swampy\n|-damage|p1a: swampy|64/100 psn\n|move|p1a: swampy|Waterfall|p2a: Iron Treads\n|-supereffective|p2a: Iron Treads\n|-damage|p2a: Iron Treads|18/100\n|\n|-heal|p2a: Iron Treads|24/100|[from] item: Leftovers\n|-damage|p1a: swampy|51/100 psn|[from] psn\n|upkeep\n|turn|34\n|\n|t:|1782446663\n|move|p2a: Iron Treads|Earthquake|p1a: swampy\n|-damage|p1a: swampy|14/100 psn\n|move|p1a: swampy|Waterfall|p2a: Iron Treads\n|-supereffective|p2a: Iron Treads\n|-damage|p2a: Iron Treads|0 fnt\n|faint|p2a: Iron Treads\n|-end|p2a: Iron Treads|Quark Drive|[silent]\n|\n|-damage|p1a: swampy|1/100 psn|[from] psn\n|upkeep\n|\n|t:|1782446666\n|switch|p2a: Iron Valiant|Iron Valiant|65/100\n|turn|35\n|c|☆Kulrit|gg\n|\n|t:|1782446691\n|move|p2a: Iron Valiant|Moonblast|p1a: swampy\n|-damage|p1a: swampy|0 fnt\n|faint|p1a: swampy\n|\n|win|Kulrit\n|raw|spookyaudrey's rating: 1112 &rarr; <strong>1093</strong><br />(-19 for losing)\n|raw|Kulrit's rating: 1197 &rarr; <strong>1216</strong><br />(+19 for winning)\n|l|☆Kulrit\n|player|p2|\n|l|☆spookyaudrey\n|player|p1|\n", "uploadtime": 1782447088, "views": 2, "formatid": "gen9ou", "rating": 1093, "private": 0, "password": null}