{"id": "gen9ou-2639217213", "format": "[Gen 9] OU", "players": ["Swagachu125", "colress1234"], "log": "|badge|p1|bronze|gen9pu|100-9\n|uhtml|medal-msg|<div class=\"broadcast-blue\">Curious what those medals under the avatar are? PS now has Ladder Seasons! For more information, check out the <a href=\"https://www.smogon.com/forums/threads/3740067/\">thread on Smogon.</a></div>\n|j|☆Swagachu125\n|j|☆colress1234\n|t:|1782435627\n|gametype|singles\n|player|p1|Swagachu125|gentleman-gen4|1548\n|player|p2|colress1234|will|1693\n|gen|9\n|tier|[Gen 9] OU\n|rated|\n|rule|HP Percentage Mod: HP is shown in percentages\n|rule|Endless Battle Clause: Forcing endless battles is banned\n|rule|Species Clause: Limit one of each Pokémon\n|rule|OHKO Clause: OHKO moves are banned\n|rule|Evasion Items Clause: Evasion items are banned\n|rule|Evasion Moves Clause: Evasion moves are banned\n|rule|Evasion Abilities Clause: Evasion abilities are banned\n|rule|Sleep Moves Clause: Sleep-inducing moves are banned\n|clearpoke\n|poke|p1|Great Tusk|\n|poke|p1|Hatterene, F|\n|poke|p1|Alomomola, F|\n|poke|p1|Kleavor, M|\n|poke|p1|Kyurem|\n|poke|p1|Kingambit, F|\n|poke|p2|Slowking-Galar, F|\n|poke|p2|Cinderace, F|\n|poke|p2|Landorus-Therian, M|\n|poke|p2|Regieleki|\n|poke|p2|Kingambit, F|\n|poke|p2|Ogerpon-Wellspring, F|\n|teampreview\n|inactive|Battle timer is ON: inactive players will automatically lose when time's up. (requested by colress1234)\n|inactive|Swagachu125 also wants the timer to be on.\n|\n|t:|1782435639\n|teamsize|p1|6\n|teamsize|p2|6\n|start\n|switch|p1a: Kleavor|Kleavor, M|100/100\n|switch|p2a: Landorus|Landorus-Therian, M|100/100\n|-ability|p2a: Landorus|Intimidate|boost\n|-unboost|p1a: Kleavor|atk|1\n|turn|1\n|\n|t:|1782435644\n|move|p1a: Kleavor|U-turn|p2a: Landorus\n|-resisted|p2a: Landorus\n|-damage|p2a: Landorus|88/100\n|-damage|p1a: Kleavor|84/100|[from] item: Rocky Helmet|[of] p2a: Landorus\n|\n|t:|1782435647\n|switch|p1a: Hatterene|Hatterene, F|100/100|[from] U-turn\n|move|p2a: Landorus|Earth Power|p1a: Hatterene\n|-damage|p1a: Hatterene|69/100\n|\n|-heal|p1a: Hatterene|75/100|[from] item: Leftovers\n|upkeep\n|turn|2\n|\n|t:|1782435655\n|switch|p2a: Slowking|Slowking-Galar, F|100/100\n|move|p1a: Hatterene|Pain Split|p2a: Slowking\n|-sethp|p2a: Slowking|81/100|[from] move: Pain Split|[silent]\n|-sethp|p1a: Hatterene|99/100|[from] move: Pain Split\n|\n|-heal|p1a: Hatterene|100/100|[from] item: Leftovers\n|upkeep\n|turn|3\n|\n|t:|1782435666\n|switch|p1a: Alomomola|Alomomola, F|100/100\n|move|p2a: Slowking|Future Sight|p1a: Alomomola\n|-start|p2a: Slowking|move: Future Sight\n|\n|upkeep\n|turn|4\n|\n|t:|1782435672\n|move|p1a: Alomomola|Flip Turn|p2a: Slowking\n|-damage|p2a: Slowking|69/100\n|\n|t:|1782435680\n|switch|p1a: Kyurem|Kyurem|100/100|[from] Flip Turn\n|-ability|p1a: Kyurem|Pressure\n|-prepare|p2a: Slowking|Chilly Reception|[premajor]\n|move|p2a: Slowking|Chilly Reception|p2a: Slowking\n|-weather|Snowscape\n|\n|t:|1782435700\n|switch|p2a: Cinderace|Cinderace, F|100/100|[from] Chilly Reception\n|\n|-weather|Snowscape|[upkeep]\n|upkeep\n|turn|5\n|\n|t:|1782435705\n|switch|p1a: Alomomola|Alomomola, F|100/100\n|move|p2a: Cinderace|High Jump Kick|p1a: Alomomola\n|-start|p2a: Cinderace|typechange|Fighting|[from] ability: Libero\n|-damage|p1a: Alomomola|46/100\n|-damage|p2a: Cinderace|91/100|[from] item: Life Orb\n|\n|-weather|Snowscape|[upkeep]\n|-end|p1a: Alomomola|move: Future Sight\n|-damage|p1a: Alomomola|19/100\n|upkeep\n|turn|6\n|\n|t:|1782435724\n|switch|p2a: Slowking|Slowking-Galar, F|100/100\n|switch|p1a: Hatterene|Hatterene, F|100/100\n|\n|-weather|Snowscape|[upkeep]\n|upkeep\n|turn|7\n|\n|t:|1782435740\n|switch|p1a: Great Tusk|Great Tusk|100/100\n|move|p2a: Slowking|Future Sight|p1a: Great Tusk\n|-start|p2a: Slowking|move: Future Sight\n|\n|-weather|Snowscape|[upkeep]\n|upkeep\n|turn|8\n|\n|t:|1782435756\n|switch|p2a: Ogerpon|Ogerpon-Wellspring, F|100/100\n|move|p1a: Great Tusk|Knock Off|p2a: Ogerpon\n|-crit|p2a: Ogerpon\n|-damage|p2a: Ogerpon|58/100\n|\n|-weather|none\n|upkeep\n|turn|9\n|\n|t:|1782435779\n|-end|p1a: Great Tusk|Protosynthesis|[silent]\n|switch|p1a: Hatterene|Hatterene, F|100/100\n|move|p2a: Ogerpon|Ivy Cudgel|p1a: Hatterene|[anim] Ivy Cudgel Water\n|-damage|p1a: Hatterene|50/100\n|\n|-end|p1a: Hatterene|move: Future Sight\n|-resisted|p1a: Hatterene\n|-damage|p1a: Hatterene|27/100\n|-heal|p1a: Hatterene|33/100|[from] item: Leftovers\n|upkeep\n|turn|10\n|\n|t:|1782435789\n|switch|p1a: Kyurem|Kyurem|100/100\n|-ability|p1a: Kyurem|Pressure\n|move|p2a: Ogerpon|Ivy Cudgel|p1a: Kyurem|[anim] Ivy Cudgel Water\n|-resisted|p1a: Kyurem\n|-damage|p1a: Kyurem|71/100\n|\n|-heal|p1a: Kyurem|77/100|[from] item: Leftovers\n|upkeep\n|turn|11\n|\n|t:|1782435800\n|switch|p2a: Slowking|Slowking-Galar, F|100/100\n|move|p1a: Kyurem|Substitute|p1a: Kyurem\n|-start|p1a: Kyurem|Substitute\n|-damage|p1a: Kyurem|52/100\n|\n|-heal|p1a: Kyurem|58/100|[from] item: Leftovers\n|upkeep\n|turn|12\n|\n|t:|1782435807\n|move|p1a: Kyurem|Earth Power|p2a: Slowking\n|-supereffective|p2a: Slowking\n|-enditem|p2a: Slowking|Shuca Berry|[eat]\n|-enditem|p2a: Slowking|Shuca Berry|[weaken]\n|-damage|p2a: Slowking|78/100\n|move|p2a: Slowking|Sludge Bomb|p1a: Kyurem\n|-end|p1a: Kyurem|Substitute\n|\n|-heal|p1a: Kyurem|64/100|[from] item: Leftovers\n|upkeep\n|turn|13\n|\n|t:|1782435816\n|move|p1a: Kyurem|Substitute|p1a: Kyurem\n|-start|p1a: Kyurem|Substitute\n|-damage|p1a: Kyurem|39/100\n|move|p2a: Slowking|Sludge Bomb|p1a: Kyurem\n|-end|p1a: Kyurem|Substitute\n|\n|-heal|p1a: Kyurem|46/100|[from] item: Leftovers\n|upkeep\n|turn|14\n|\n|t:|1782435822\n|switch|p1a: Kingambit|Kingambit, F|100/100\n|move|p2a: Slowking|Future Sight|p1a: Kingambit\n|-start|p2a: Slowking|move: Future Sight\n|\n|upkeep\n|turn|15\n|\n|t:|1782435836\n|-end|p1a: Kingambit|fallenundefined|[silent]\n|switch|p1a: Kleavor|Kleavor, M|84/100\n|switch|p2a: Kingambit|Kingambit, F|100/100\n|\n|upkeep\n|turn|16\n|\n|t:|1782435849\n|-end|p2a: Kingambit|fallenundefined|[silent]\n|switch|p2a: Landorus|Landorus-Therian, M|88/100\n|-ability|p2a: Landorus|Intimidate|boost\n|-unboost|p1a: Kleavor|atk|1\n|move|p1a: Kleavor|Stone Axe|p2a: Landorus\n|-damage|p2a: Landorus|56/100\n|-damage|p1a: Kleavor|68/100|[from] item: Rocky Helmet|[of] p2a: Landorus\n|-sidestart|p2: colress1234|move: Stealth Rock\n|\n|-end|p1a: Kleavor|move: Future Sight\n|-damage|p1a: Kleavor|0 fnt\n|faint|p1a: Kleavor\n|upkeep\n|\n|t:|1782435855\n|switch|p1a: Kyurem|Kyurem|46/100\n|-ability|p1a: Kyurem|Pressure\n|turn|17\n|\n|t:|1782435880\n|switch|p2a: Slowking|Slowking-Galar, F|100/100\n|-damage|p2a: Slowking|88/100|[from] Stealth Rock\n|move|p1a: Kyurem|Earth Power|p2a: Slowking\n|-supereffective|p2a: Slowking\n|-damage|p2a: Slowking|42/100\n|\n|-heal|p1a: Kyurem|52/100|[from] item: Leftovers\n|upkeep\n|turn|18\n|\n|t:|1782435889\n|switch|p2a: Ogerpon|Ogerpon-Wellspring, F|58/100\n|-damage|p2a: Ogerpon|45/100|[from] Stealth Rock\n|move|p1a: Kyurem|Substitute|p1a: Kyurem\n|-start|p1a: Kyurem|Substitute\n|-damage|p1a: Kyurem|27/100\n|\n|-heal|p1a: Kyurem|33/100|[from] item: Leftovers\n|upkeep\n|turn|19\n|\n|t:|1782435897\n|move|p2a: Ogerpon|Encore|p1a: Kyurem\n|-start|p1a: Kyurem|Encore\n|move|p1a: Kyurem|Substitute|p1a: Kyurem\n|-fail|p1a: Kyurem|move: Substitute\n|\n|-heal|p1a: Kyurem|39/100|[from] item: Leftovers\n|upkeep\n|turn|20\n|\n|t:|1782435907\n|switch|p1a: Hatterene|Hatterene, F|33/100\n|move|p2a: Ogerpon|Ivy Cudgel|p1a: Hatterene|[anim] Ivy Cudgel Water\n|-damage|p1a: Hatterene|0 fnt\n|faint|p1a: Hatterene\n|\n|upkeep\n|\n|t:|1782435913\n|switch|p1a: Kyurem|Kyurem|39/100\n|-ability|p1a: Kyurem|Pressure\n|turn|21\n|\n|t:|1782435922\n|-terastallize|p2a: Ogerpon|Water\n|detailschange|p2a: Ogerpon|Ogerpon-Wellspring-Tera, F, tera:Water\n|-ability|p2a: Ogerpon|Embody Aspect (Wellspring)|boost\n|-boost|p2a: Ogerpon|spd|1\n|move|p2a: Ogerpon|Ivy Cudgel|p1a: Kyurem|[anim] Ivy Cudgel Water\n|-resisted|p1a: Kyurem\n|-damage|p1a: Kyurem|2/100\n|move|p1a: Kyurem|Freeze-Dry|p2a: Ogerpon\n|-supereffective|p2a: Ogerpon\n|-damage|p2a: Ogerpon|0 fnt\n|faint|p2a: Ogerpon\n|detailschange|p2: Ogerpon|Ogerpon-Wellspring, F|[silent]\n|\n|-heal|p1a: Kyurem|9/100|[from] item: Leftovers\n|upkeep\n|\n|t:|1782435940\n|switch|p2a: Cinderace|Cinderace, F|91/100\n|-damage|p2a: Cinderace|66/100|[from] Stealth Rock\n|turn|22\n|\n|t:|1782435946\n|move|p2a: Cinderace|Pyro Ball|p1a: Kyurem\n|-damage|p1a: Kyurem|0 fnt\n|faint|p1a: Kyurem\n|-damage|p2a: Cinderace|56/100|[from] item: Life Orb\n|\n|upkeep\n|\n|t:|1782435950\n|switch|p1a: Great Tusk|Great Tusk|100/100\n|turn|23\n|\n|t:|1782435978\n|move|p2a: Cinderace|High Jump Kick|p1a: Great Tusk\n|-start|p2a: Cinderace|typechange|Fighting|[from] ability: Libero\n|-damage|p1a: Great Tusk|39/100\n|-damage|p2a: Cinderace|46/100|[from] item: Life Orb\n|move|p1a: Great Tusk|Rapid Spin|p2a: Cinderace\n|-damage|p2a: Cinderace|17/100\n|-boost|p1a: Great Tusk|spe|1\n|\n|upkeep\n|turn|24\n|\n|t:|1782435993\n|switch|p2a: Landorus|Landorus-Therian, M|56/100\n|-damage|p2a: Landorus|43/100|[from] Stealth Rock\n|-ability|p2a: Landorus|Intimidate|boost\n|-unboost|p1a: Great Tusk|atk|1\n|move|p1a: Great Tusk|Headlong Rush|p2a: Landorus\n|-immune|p2a: Landorus\n|\n|upkeep\n|turn|25\n|\n|t:|1782436012\n|-end|p1a: Great Tusk|Protosynthesis|[silent]\n|switch|p1a: Alomomola|Alomomola, F|52/100\n|switch|p2a: Kingambit|Kingambit, F|100/100\n|-damage|p2a: Kingambit|94/100|[from] Stealth Rock\n|-activate|p2a: Kingambit|ability: Supreme Overlord\n|-start|p2a: Kingambit|fallen1|[silent]\n|\n|-heal|p2a: Kingambit|100/100|[from] item: Leftovers\n|upkeep\n|turn|26\n|\n|t:|1782436021\n|move|p2a: Kingambit|Kowtow Cleave|p1a: Alomomola\n|-damage|p1a: Alomomola|19/100\n|move|p1a: Alomomola|Scald|p2a: Kingambit\n|-damage|p2a: Kingambit|86/100\n|\n|-heal|p2a: Kingambit|92/100|[from] item: Leftovers\n|upkeep\n|turn|27\n|\n|t:|1782436030\n|move|p2a: Kingambit|Kowtow Cleave|p1a: Alomomola\n|-damage|p1a: Alomomola|0 fnt\n|faint|p1a: Alomomola\n|\n|-heal|p2a: Kingambit|98/100|[from] item: Leftovers\n|upkeep\n|\n|t:|1782436031\n|switch|p1a: Great Tusk|Great Tusk|39/100\n|turn|28\n|\n|t:|1782436042\n|-end|p2a: Kingambit|fallen1|[silent]\n|switch|p2a: Cinderace|Cinderace, F|17/100\n|-damage|p2a: Cinderace|0 fnt|[from] Stealth Rock\n|faint|p2a: Cinderace\n|move|p1a: Great Tusk|Close Combat|p2: Cinderace|[notarget]\n|-fail|p1a: Great Tusk\n|\n|upkeep\n|\n|t:|1782436057\n|switch|p2a: Landorus|Landorus-Therian, M|43/100\n|-damage|p2a: Landorus|31/100|[from] Stealth Rock\n|-ability|p2a: Landorus|Intimidate|boost\n|-unboost|p1a: Great Tusk|atk|1\n|turn|29\n|\n|t:|1782436063\n|move|p2a: Landorus|Grass Knot|p1a: Great Tusk\n|-supereffective|p1a: Great Tusk\n|-damage|p1a: Great Tusk|0 fnt\n|faint|p1a: Great Tusk\n|-end|p1a: Great Tusk|Protosynthesis|[silent]\n|\n|upkeep\n|\n|t:|1782436065\n|switch|p1a: Kingambit|Kingambit, F|100/100\n|-activate|p1a: Kingambit|ability: Supreme Overlord\n|-start|p1a: Kingambit|fallen5|[silent]\n|turn|30\n|\n|t:|1782436075\n|-terastallize|p1a: Kingambit|Dark\n|move|p2a: Landorus|Taunt|p1a: Kingambit\n|-start|p1a: Kingambit|move: Taunt\n|cant|p1a: Kingambit|move: Taunt|Swords Dance\n|\n|upkeep\n|turn|31\n|\n|t:|1782436081\n|move|p1a: Kingambit|Sucker Punch|p2a: Landorus\n|-crit|p2a: Landorus\n|-damage|p2a: Landorus|0 fnt\n|-damage|p1a: Kingambit|84/100|[from] item: Rocky Helmet|[of] p2a: Landorus\n|faint|p2a: Landorus\n|\n|upkeep\n|\n|t:|1782436087\n|switch|p2a: Kingambit|Kingambit, F|98/100\n|-damage|p2a: Kingambit|92/100|[from] Stealth Rock\n|-activate|p2a: Kingambit|ability: Supreme Overlord\n|-start|p2a: Kingambit|fallen3|[silent]\n|turn|32\n|\n|t:|1782436092\n|move|p2a: Kingambit|Low Kick|p1a: Kingambit\n|-supereffective|p1a: Kingambit\n|-damage|p1a: Kingambit|8/100\n|move|p1a: Kingambit|Kowtow Cleave|p2a: Kingambit\n|-resisted|p2a: Kingambit\n|-damage|p2a: Kingambit|38/100\n|\n|-heal|p2a: Kingambit|44/100|[from] item: Leftovers\n|-end|p1a: Kingambit|move: Taunt\n|upkeep\n|turn|33\n|\n|t:|1782436103\n|move|p2a: Kingambit|Sucker Punch||[still]\n|-fail|p2a: Kingambit\n|move|p1a: Kingambit|Swords Dance|p1a: Kingambit\n|-boost|p1a: Kingambit|atk|2\n|\n|-heal|p2a: Kingambit|50/100|[from] item: Leftovers\n|upkeep\n|turn|34\n|\n|t:|1782436109\n|move|p2a: Kingambit|Sucker Punch|p1a: Kingambit\n|-resisted|p1a: Kingambit\n|-damage|p1a: Kingambit|0 fnt\n|faint|p1a: Kingambit\n|-end|p1a: Kingambit|fallen5|[silent]\n|\n|win|colress1234\n|raw|Swagachu125's rating: 1548 &rarr; <strong>1536</strong><br />(-12 for losing)\n|raw|colress1234's rating: 1693 &rarr; <strong>1705</strong><br />(+12 for winning)\n", "uploadtime": 1782436114, "views": 19, "formatid": "gen9ou", "rating": 1536, "private": 0, "password": null}