{"id": "gen9ou-2640001058", "format": "[Gen 9] OU", "players": ["tb poke", "Fridgoris"], "log": "|j|☆tb poke\n|j|☆Fridgoris\n|t:|1782561523\n|gametype|singles\n|player|p1|tb poke|170|1584\n|player|p2|Fridgoris|marley|1540\n|gen|9\n|tier|[Gen 9] OU\n|rated|\n|rule|HP Percentage Mod: HP is shown in percentages\n|rule|Endless Battle Clause: Forcing endless battles is banned\n|rule|Species Clause: Limit one of each Pokémon\n|rule|OHKO Clause: OHKO moves are banned\n|rule|Evasion Items Clause: Evasion items are banned\n|rule|Evasion Moves Clause: Evasion moves are banned\n|rule|Evasion Abilities Clause: Evasion abilities are banned\n|rule|Sleep Moves Clause: Sleep-inducing moves are banned\n|clearpoke\n|poke|p1|Kingambit, F|\n|poke|p1|Garganacl, F|\n|poke|p1|Pecharunt|\n|poke|p1|Alomomola, F|\n|poke|p1|Great Tusk|\n|poke|p1|Tornadus-Therian, M|\n|poke|p2|Keldeo-Resolute|\n|poke|p2|Ting-Lu|\n|poke|p2|Gliscor, F|\n|poke|p2|Gholdengo|\n|poke|p2|Corviknight, F|\n|poke|p2|Slowking-Galar, F|\n|teampreview\n|inactive|Battle timer is ON: inactive players will automatically lose when time's up. (requested by tb poke)\n|\n|t:|1782561541\n|teamsize|p1|6\n|teamsize|p2|6\n|start\n|switch|p1a: Tornadus|Tornadus-Therian, M|100/100\n|switch|p2a: Gliscor|Gliscor, F|100/100\n|turn|1\n|\n|t:|1782561545\n|move|p2a: Gliscor|Protect|p2a: Gliscor\n|-singleturn|p2a: Gliscor|Protect\n|move|p1a: Tornadus|Knock Off|p2a: Gliscor\n|-activate|p2a: Gliscor|move: Protect\n|\n|-status|p2a: Gliscor|tox|[from] item: Toxic Orb\n|upkeep\n|turn|2\n|\n|t:|1782561550\n|switch|p1a: Garganacl|Garganacl, F|100/100\n|move|p2a: Gliscor|Knock Off|p1a: Garganacl\n|-damage|p1a: Garganacl|87/100\n|-enditem|p1a: Garganacl|Leftovers|[from] move: Knock Off|[of] p2a: Gliscor\n|\n|upkeep\n|turn|3\n|\n|t:|1782561553\n|switch|p2a: Slowking|Slowking-Galar, F|100/100\n|move|p1a: Garganacl|Curse|p1a: Garganacl\n|-unboost|p1a: Garganacl|spe|1\n|-boost|p1a: Garganacl|atk|1\n|-boost|p1a: Garganacl|def|1\n|\n|upkeep\n|turn|4\n|\n|t:|1782561557\n|move|p1a: Garganacl|Curse|p1a: Garganacl\n|-unboost|p1a: Garganacl|spe|1\n|-boost|p1a: Garganacl|atk|1\n|-boost|p1a: Garganacl|def|1\n|move|p2a: Slowking|Psychic Noise|p1a: Garganacl\n|-damage|p1a: Garganacl|67/100\n|-start|p1a: Garganacl|move: Heal Block\n|\n|upkeep\n|turn|5\n|\n|t:|1782561561\n|-prepare|p2a: Slowking|Chilly Reception|[premajor]\n|move|p2a: Slowking|Chilly Reception|p2a: Slowking\n|-weather|Snowscape\n|\n|t:|1782561563\n|switch|p2a: Gliscor|Gliscor, F|100/100 tox|[from] Chilly Reception\n|move|p1a: Garganacl|Earthquake|p2a: Gliscor\n|-immune|p2a: Gliscor\n|\n|-weather|Snowscape|[upkeep]\n|-end|p1a: Garganacl|move: Heal Block\n|upkeep\n|turn|6\n|\n|t:|1782561568\n|switch|p2a: Slowking|Slowking-Galar, F|100/100\n|move|p1a: Garganacl|Curse|p1a: Garganacl\n|-unboost|p1a: Garganacl|spe|1\n|-boost|p1a: Garganacl|atk|1\n|-boost|p1a: Garganacl|def|1\n|\n|-weather|Snowscape|[upkeep]\n|upkeep\n|turn|7\n|\n|t:|1782561572\n|move|p2a: Slowking|Psychic Noise|p1a: Garganacl\n|-damage|p1a: Garganacl|48/100\n|-start|p1a: Garganacl|move: Heal Block\n|move|p1a: Garganacl|Earthquake|p2a: Slowking\n|-supereffective|p2a: Slowking\n|-damage|p2a: Slowking|0 fnt\n|faint|p2a: Slowking\n|\n|-weather|Snowscape|[upkeep]\n|upkeep\n|\n|t:|1782561578\n|switch|p2a: Keldeo|Keldeo-Resolute|100/100\n|turn|8\n|\n|t:|1782561584\n|switch|p1a: Alomomola|Alomomola, F|100/100\n|move|p2a: Keldeo|Flip Turn|p1a: Alomomola\n|-resisted|p1a: Alomomola\n|-damage|p1a: Alomomola|96/100\n|-damage|p2a: Keldeo|84/100|[from] item: Rocky Helmet|[of] p1a: Alomomola\n|\n|t:|1782561588\n|switch|p2a: Ting-Lu|Ting-Lu|100/100|[from] Flip Turn\n|-ability|p2a: Ting-Lu|Vessel of Ruin\n|\n|-weather|Snowscape|[upkeep]\n|upkeep\n|turn|9\n|\n|t:|1782561591\n|move|p2a: Ting-Lu|Stealth Rock|p1a: Alomomola\n|-sidestart|p1: tb poke|move: Stealth Rock\n|move|p1a: Alomomola|Wish|p1a: Alomomola\n|\n|-weather|none\n|upkeep\n|turn|10\n|\n|t:|1782561595\n|move|p1a: Alomomola|Flip Turn|p2a: Ting-Lu\n|-supereffective|p2a: Ting-Lu\n|-damage|p2a: Ting-Lu|84/100\n|\n|t:|1782561600\n|switch|p1a: Tornadus|Tornadus-Therian, M|100/100|[from] Flip Turn\n|-damage|p1a: Tornadus|76/100|[from] Stealth Rock\n|move|p2a: Ting-Lu|Whirlwind|p1a: Tornadus\n|drag|p1a: Alomomola|Alomomola, F|100/100\n|-damage|p1a: Alomomola|88/100|[from] Stealth Rock\n|\n|-heal|p1a: Alomomola|100/100|[from] move: Wish|[wisher] Alomomola\n|-heal|p2a: Ting-Lu|90/100|[from] item: Leftovers\n|upkeep\n|turn|11\n|\n|t:|1782561608\n|move|p2a: Ting-Lu|Spikes|p1a: Alomomola\n|-sidestart|p1: tb poke|Spikes\n|move|p1a: Alomomola|Wish|p1a: Alomomola\n|\n|-heal|p2a: Ting-Lu|96/100|[from] item: Leftovers\n|upkeep\n|turn|12\n|\n|t:|1782561611\n|move|p2a: Ting-Lu|Spikes|p1a: Alomomola\n|-sidestart|p1: tb poke|Spikes\n|move|p1a: Alomomola|Flip Turn|p2a: Ting-Lu\n|-supereffective|p2a: Ting-Lu\n|-damage|p2a: Ting-Lu|77/100\n|\n|t:|1782561613\n|switch|p1a: Great Tusk|Great Tusk|100/100|[from] Flip Turn\n|-damage|p1a: Great Tusk|98/100|[from] Stealth Rock\n|-damage|p1a: Great Tusk|81/100|[from] Spikes\n|-enditem|p1a: Great Tusk|Booster Energy\n|-activate|p1a: Great Tusk|ability: Protosynthesis|[fromitem]\n|-start|p1a: Great Tusk|protosynthesisspe\n|\n|-heal|p1a: Great Tusk|100/100|[from] move: Wish|[wisher] Alomomola\n|-heal|p2a: Ting-Lu|83/100|[from] item: Leftovers\n|upkeep\n|turn|13\n|\n|t:|1782561619\n|-terastallize|p2a: Ting-Lu|Ghost\n|move|p1a: Great Tusk|Ice Spinner|p2a: Ting-Lu\n|-damage|p2a: Ting-Lu|72/100\n|move|p2a: Ting-Lu|Whirlwind|p1a: Great Tusk\n|-end|p1a: Great Tusk|Protosynthesis|[silent]\n|drag|p1a: Garganacl|Garganacl, F|48/100\n|-damage|p1a: Garganacl|36/100|[from] Stealth Rock\n|-damage|p1a: Garganacl|19/100|[from] Spikes\n|\n|-heal|p2a: Ting-Lu|78/100|[from] item: Leftovers\n|upkeep\n|turn|14\n|\n|t:|1782561624\n|move|p2a: Ting-Lu|Earthquake|p1a: Garganacl\n|-supereffective|p1a: Garganacl\n|-crit|p1a: Garganacl\n|-damage|p1a: Garganacl|0 fnt\n|faint|p1a: Garganacl\n|\n|-heal|p2a: Ting-Lu|84/100|[from] item: Leftovers\n|upkeep\n|\n|t:|1782561633\n|switch|p1a: Tornadus|Tornadus-Therian, M|100/100\n|-damage|p1a: Tornadus|76/100|[from] Stealth Rock\n|turn|15\n|\n|t:|1782561636\n|switch|p2a: Gliscor|Gliscor, F|100/100 tox\n|move|p1a: Tornadus|Knock Off|p2a: Gliscor\n|-damage|p2a: Gliscor|85/100 tox\n|-enditem|p2a: Gliscor|Toxic Orb|[from] move: Knock Off|[of] p1a: Tornadus\n|\n|-heal|p2a: Gliscor|98/100 tox|[from] ability: Poison Heal\n|upkeep\n|turn|16\n|\n|t:|1782561640\n|move|p1a: Tornadus|U-turn|p2a: Gliscor\n|-resisted|p2a: Gliscor\n|-damage|p2a: Gliscor|92/100 tox\n|\n|t:|1782561647\n|switch|p1a: Great Tusk|Great Tusk|100/100|[from] U-turn\n|-damage|p1a: Great Tusk|98/100|[from] Stealth Rock\n|-damage|p1a: Great Tusk|81/100|[from] Spikes\n|move|p2a: Gliscor|Knock Off|p1a: Great Tusk\n|-resisted|p1a: Great Tusk\n|-damage|p1a: Great Tusk|77/100\n|\n|-heal|p2a: Gliscor|100/100 tox|[from] ability: Poison Heal\n|upkeep\n|turn|17\n|\n|t:|1782561652\n|switch|p2a: Gholdengo|Gholdengo|100/100\n|move|p1a: Great Tusk|Ice Spinner|p2a: Gholdengo\n|-resisted|p2a: Gholdengo\n|-damage|p2a: Gholdengo|87/100\n|\n|upkeep\n|turn|18\n|\n|t:|1782561659\n|-end|p1a: Great Tusk|Protosynthesis|[silent]\n|switch|p1a: Alomomola|Alomomola, F|100/100\n|-damage|p1a: Alomomola|88/100|[from] Stealth Rock\n|-damage|p1a: Alomomola|71/100|[from] Spikes\n|move|p2a: Gholdengo|Make It Rain|p1a: Alomomola\n|-resisted|p1a: Alomomola\n|-damage|p1a: Alomomola|43/100\n|-unboost|p2a: Gholdengo|spa|1\n|\n|upkeep\n|turn|19\n|\n|t:|1782561668\n|switch|p2a: Ting-Lu|Ting-Lu, tera:Ghost|84/100\n|-ability|p2a: Ting-Lu|Vessel of Ruin\n|move|p1a: Alomomola|Flip Turn|p2a: Ting-Lu\n|-damage|p2a: Ting-Lu|74/100\n|\n|t:|1782561673\n|switch|p1a: Tornadus|Tornadus-Therian, M|100/100|[from] Flip Turn\n|-damage|p1a: Tornadus|76/100|[from] Stealth Rock\n|\n|-heal|p2a: Ting-Lu|81/100|[from] item: Leftovers\n|upkeep\n|turn|20\n|\n|t:|1782561676\n|switch|p2a: Gliscor|Gliscor, F|100/100 tox\n|move|p1a: Tornadus|U-turn|p2a: Gliscor\n|-resisted|p2a: Gliscor\n|-damage|p2a: Gliscor|95/100 tox\n|\n|t:|1782561683\n|switch|p1a: Great Tusk|Great Tusk|77/100|[from] U-turn\n|-damage|p1a: Great Tusk|74/100|[from] Stealth Rock\n|-damage|p1a: Great Tusk|57/100|[from] Spikes\n|\n|-heal|p2a: Gliscor|100/100 tox|[from] ability: Poison Heal\n|upkeep\n|turn|21\n|\n|t:|1782561688\n|move|p2a: Gliscor|Protect|p2a: Gliscor\n|-singleturn|p2a: Gliscor|Protect\n|move|p1a: Great Tusk|Stealth Rock|p2a: Gliscor\n|-sidestart|p2: Fridgoris|move: Stealth Rock\n|\n|upkeep\n|turn|22\n|\n|t:|1782561696\n|switch|p2a: Gholdengo|Gholdengo|87/100\n|-damage|p2a: Gholdengo|80/100|[from] Stealth Rock\n|move|p1a: Great Tusk|Rapid Spin|p2a: Gholdengo\n|-immune|p2a: Gholdengo\n|\n|upkeep\n|turn|23\n|\n|t:|1782561702\n|-end|p1a: Great Tusk|Protosynthesis|[silent]\n|switch|p1a: Alomomola|Alomomola, F|76/100\n|-damage|p1a: Alomomola|64/100|[from] Stealth Rock\n|-damage|p1a: Alomomola|47/100|[from] Spikes\n|move|p2a: Gholdengo|Make It Rain|p1a: Alomomola\n|-resisted|p1a: Alomomola\n|-damage|p1a: Alomomola|20/100\n|-unboost|p2a: Gholdengo|spa|1\n|\n|upkeep\n|turn|24\n|\n|t:|1782561707\n|move|p2a: Gholdengo|Make It Rain|p1a: Alomomola\n|-resisted|p1a: Alomomola\n|-damage|p1a: Alomomola|2/100\n|-unboost|p2a: Gholdengo|spa|1\n|move|p1a: Alomomola|Flip Turn|p2a: Gholdengo\n|-damage|p2a: Gholdengo|62/100\n|\n|t:|1782561712\n|switch|p1a: Tornadus|Tornadus-Therian, M|100/100|[from] Flip Turn\n|-damage|p1a: Tornadus|76/100|[from] Stealth Rock\n|\n|upkeep\n|turn|25\n|\n|t:|1782561715\n|switch|p2a: Gliscor|Gliscor, F|100/100 tox\n|-damage|p2a: Gliscor|88/100 tox|[from] Stealth Rock\n|move|p1a: Tornadus|Bleakwind Storm|p2a: Gliscor\n|-damage|p2a: Gliscor|54/100 tox\n|-unboost|p2a: Gliscor|spe|1\n|\n|-heal|p2a: Gliscor|66/100 tox|[from] ability: Poison Heal\n|upkeep\n|turn|26\n|\n|t:|1782561722\n|move|p2a: Gliscor|Protect|p2a: Gliscor\n|-singleturn|p2a: Gliscor|Protect\n|move|p1a: Tornadus|Bleakwind Storm|p2a: Gliscor\n|-activate|p2a: Gliscor|move: Protect\n|\n|-heal|p2a: Gliscor|79/100 tox|[from] ability: Poison Heal\n|upkeep\n|turn|27\n|\n|t:|1782561724\n|move|p1a: Tornadus|Bleakwind Storm|p2a: Gliscor\n|-damage|p2a: Gliscor|40/100 tox\n|-unboost|p2a: Gliscor|spe|1\n|move|p2a: Gliscor|Knock Off|p1a: Tornadus\n|-damage|p1a: Tornadus|50/100\n|-enditem|p1a: Tornadus|Assault Vest|[from] move: Knock Off|[of] p2a: Gliscor\n|\n|-heal|p2a: Gliscor|52/100 tox|[from] ability: Poison Heal\n|upkeep\n|turn|28\n|\n|t:|1782561730\n|move|p2a: Gliscor|Protect|p2a: Gliscor\n|-singleturn|p2a: Gliscor|Protect\n|move|p1a: Tornadus|Bleakwind Storm|p2a: Gliscor\n|-activate|p2a: Gliscor|move: Protect\n|\n|-heal|p2a: Gliscor|65/100 tox|[from] ability: Poison Heal\n|upkeep\n|turn|29\n|\n|t:|1782561732\n|switch|p2a: Corviknight|Corviknight, F|100/100\n|-damage|p2a: Corviknight|88/100|[from] Stealth Rock\n|-ability|p2a: Corviknight|Pressure\n|move|p1a: Tornadus|Bleakwind Storm|p2a: Corviknight\n|-resisted|p2a: Corviknight\n|-damage|p2a: Corviknight|70/100\n|\n|upkeep\n|turn|30\n|\n|t:|1782561736\n|move|p1a: Tornadus|Heat Wave|p2a: Corviknight\n|-supereffective|p2a: Corviknight\n|-damage|p2a: Corviknight|23/100\n|move|p2a: Corviknight|Roost|p2a: Corviknight\n|-heal|p2a: Corviknight|73/100\n|-singleturn|p2a: Corviknight|move: Roost\n|\n|upkeep\n|turn|31\n|\n|t:|1782561751\n|move|p1a: Tornadus|U-turn|p2a: Corviknight\n|-resisted|p2a: Corviknight\n|-damage|p2a: Corviknight|71/100\n|-damage|p1a: Tornadus|33/100|[from] item: Rocky Helmet|[of] p2a: Corviknight\n|\n|t:|1782561752\n|switch|p1a: Pecharunt|Pecharunt|100/100|[from] U-turn\n|move|p2a: Corviknight|U-turn|p1a: Pecharunt\n|-resisted|p1a: Pecharunt\n|-damage|p1a: Pecharunt|98/100\n|\n|t:|1782561759\n|switch|p2a: Ting-Lu|Ting-Lu, tera:Ghost|81/100|[from] U-turn\n|-damage|p2a: Ting-Lu|68/100|[from] Stealth Rock\n|-ability|p2a: Ting-Lu|Vessel of Ruin\n|\n|-heal|p2a: Ting-Lu|74/100|[from] item: Leftovers\n|upkeep\n|turn|32\n|\n|t:|1782561766\n|switch|p2a: Corviknight|Corviknight, F|71/100\n|-damage|p2a: Corviknight|59/100|[from] Stealth Rock\n|-ability|p2a: Corviknight|Pressure\n|-terastallize|p1a: Pecharunt|Water\n|move|p1a: Pecharunt|Malignant Chain|p2a: Corviknight\n|-immune|p2a: Corviknight\n|\n|upkeep\n|turn|33\n|\n|t:|1782561775\n|move|p1a: Pecharunt|Nasty Plot|p1a: Pecharunt\n|-boost|p1a: Pecharunt|spa|2\n|move|p2a: Corviknight|Roost|p2a: Corviknight\n|-heal|p2a: Corviknight|100/100\n|-singleturn|p2a: Corviknight|move: Roost\n|\n|upkeep\n|turn|34\n|\n|t:|1782561781\n|move|p1a: Pecharunt|Shadow Ball|p2a: Corviknight\n|-damage|p2a: Corviknight|56/100\n|move|p2a: Corviknight|Brave Bird|p1a: Pecharunt\n|-damage|p1a: Pecharunt|76/100\n|-damage|p2a: Corviknight|49/100|[from] Recoil\n|\n|upkeep\n|turn|35\n|\n|t:|1782561785\n|move|p1a: Pecharunt|Nasty Plot|p1a: Pecharunt\n|-boost|p1a: Pecharunt|spa|2\n|move|p2a: Corviknight|U-turn|p1a: Pecharunt\n|-damage|p1a: Pecharunt|67/100\n|\n|t:|1782561789\n|switch|p2a: Gholdengo|Gholdengo|62/100|[from] U-turn\n|-damage|p2a: Gholdengo|56/100|[from] Stealth Rock\n|\n|upkeep\n|turn|36\n|\n|t:|1782561805\n|move|p2a: Gholdengo|Trick|p1a: Pecharunt\n|-activate|p2a: Gholdengo|move: Trick|[of] p1a: Pecharunt\n|-item|p1a: Pecharunt|Choice Scarf|[from] move: Trick\n|-item|p2a: Gholdengo|Heavy-Duty Boots|[from] move: Trick\n|move|p1a: Pecharunt|Shadow Ball|p2a: Gholdengo\n|-supereffective|p2a: Gholdengo\n|-damage|p2a: Gholdengo|0 fnt\n|faint|p2a: Gholdengo\n|\n|upkeep\n|\n|t:|1782561815\n|switch|p2a: Ting-Lu|Ting-Lu, tera:Ghost|74/100\n|-damage|p2a: Ting-Lu|62/100|[from] Stealth Rock\n|-ability|p2a: Ting-Lu|Vessel of Ruin\n|turn|37\n|\n|t:|1782561817\n|move|p1a: Pecharunt|Shadow Ball|p2a: Ting-Lu\n|-supereffective|p2a: Ting-Lu\n|-damage|p2a: Ting-Lu|3/100\n|move|p2a: Ting-Lu|Whirlwind|p1a: Pecharunt\n|drag|p1a: Alomomola|Alomomola, F|36/100\n|-damage|p1a: Alomomola|23/100|[from] Stealth Rock\n|-damage|p1a: Alomomola|7/100|[from] Spikes\n|\n|-heal|p2a: Ting-Lu|9/100|[from] item: Leftovers\n|upkeep\n|turn|38\n|\n|t:|1782561832\n|move|p2a: Ting-Lu|Spikes|p1a: Alomomola\n|-sidestart|p1: tb poke|Spikes\n|move|p1a: Alomomola|Flip Turn|p2a: Ting-Lu\n|-damage|p2a: Ting-Lu|1/100\n|\n|t:|1782561837\n|switch|p1a: Tornadus|Tornadus-Therian, M|67/100|[from] Flip Turn\n|-damage|p1a: Tornadus|42/100|[from] Stealth Rock\n|\n|-heal|p2a: Ting-Lu|7/100|[from] item: Leftovers\n|upkeep\n|turn|39\n|\n|t:|1782561843\n|move|p1a: Tornadus|Bleakwind Storm|p2a: Ting-Lu\n|-damage|p2a: Ting-Lu|0 fnt\n|faint|p2a: Ting-Lu\n|\n|upkeep\n|\n|t:|1782561846\n|switch|p2a: Gliscor|Gliscor, F|65/100 tox\n|-damage|p2a: Gliscor|52/100 tox|[from] Stealth Rock\n|turn|40\n|\n|t:|1782561849\n|move|p2a: Gliscor|Protect|p2a: Gliscor\n|-singleturn|p2a: Gliscor|Protect\n|move|p1a: Tornadus|U-turn|p2a: Gliscor\n|-activate|p2a: Gliscor|move: Protect\n|\n|-heal|p2a: Gliscor|65/100 tox|[from] ability: Poison Heal\n|upkeep\n|turn|41\n|\n|t:|1782561853\n|move|p1a: Tornadus|U-turn|p2a: Gliscor\n|-resisted|p2a: Gliscor\n|-damage|p2a: Gliscor|59/100 tox\n|\n|t:|1782561854\n|switch|p1a: Great Tusk|Great Tusk|57/100|[from] U-turn\n|-damage|p1a: Great Tusk|54/100|[from] Stealth Rock\n|-damage|p1a: Great Tusk|29/100|[from] Spikes\n|move|p2a: Gliscor|Facade|p1a: Great Tusk\n|-damage|p1a: Great Tusk|11/100\n|\n|-heal|p2a: Gliscor|72/100 tox|[from] ability: Poison Heal\n|upkeep\n|turn|42\n|\n|t:|1782561871\n|-end|p1a: Great Tusk|Protosynthesis|[silent]\n|switch|p1a: Alomomola|Alomomola, F|40/100\n|-damage|p1a: Alomomola|28/100|[from] Stealth Rock\n|-damage|p1a: Alomomola|3/100|[from] Spikes\n|move|p2a: Gliscor|Facade|p1a: Alomomola\n|-damage|p1a: Alomomola|0 fnt\n|-damage|p2a: Gliscor|55/100 tox|[from] item: Rocky Helmet|[of] p1a: Alomomola\n|faint|p1a: Alomomola\n|\n|-heal|p2a: Gliscor|68/100 tox|[from] ability: Poison Heal\n|upkeep\n|\n|t:|1782561882\n|switch|p1a: Kingambit|Kingambit, F|100/100\n|-damage|p1a: Kingambit|94/100|[from] Stealth Rock\n|-damage|p1a: Kingambit|70/100|[from] Spikes\n|-activate|p1a: Kingambit|ability: Supreme Overlord\n|-start|p1a: Kingambit|fallen2|[silent]\n|turn|43\n|\n|t:|1782561887\n|switch|p2a: Keldeo|Keldeo-Resolute|84/100\n|move|p1a: Kingambit|Iron Head|p2a: Keldeo\n|-resisted|p2a: Keldeo\n|-damage|p2a: Keldeo|53/100\n|\n|upkeep\n|turn|44\n|\n|t:|1782561897\n|move|p1a: Kingambit|Sucker Punch|p2a: Keldeo\n|-resisted|p2a: Keldeo\n|-damage|p2a: Keldeo|22/100\n|-ability|p2a: Keldeo|Justified|boost\n|-boost|p2a: Keldeo|atk|1\n|move|p2a: Keldeo|Secret Sword|p1a: Kingambit\n|-supereffective|p1a: Kingambit\n|-damage|p1a: Kingambit|0 fnt\n|faint|p1a: Kingambit\n|-end|p1a: Kingambit|fallen2|[silent]\n|\n|upkeep\n|\n|t:|1782561904\n|switch|p1a: Pecharunt|Pecharunt, tera:Water|67/100\n|-damage|p1a: Pecharunt|55/100|[from] Stealth Rock\n|-damage|p1a: Pecharunt|30/100|[from] Spikes\n|turn|45\n|\n|t:|1782561911\n|move|p1a: Pecharunt|Shadow Ball|p2a: Keldeo\n|-damage|p2a: Keldeo|0 fnt\n|faint|p2a: Keldeo\n|\n|upkeep\n|\n|t:|1782561913\n|switch|p2a: Gliscor|Gliscor, F|68/100 tox\n|-damage|p2a: Gliscor|55/100 tox|[from] Stealth Rock\n|turn|46\n|\n|t:|1782561919\n|switch|p1a: Great Tusk|Great Tusk|11/100\n|-damage|p1a: Great Tusk|8/100|[from] Stealth Rock\n|-damage|p1a: Great Tusk|0 fnt|[from] Spikes\n|faint|p1a: Great Tusk\n|-end|p1a: Great Tusk|Protosynthesis|[silent]\n|move|p2a: Gliscor|Protect||[still]\n|-fail|p2a: Gliscor\n|\n|-heal|p2a: Gliscor|68/100 tox|[from] ability: Poison Heal\n|upkeep\n|\n|t:|1782561931\n|switch|p1a: Pecharunt|Pecharunt, tera:Water|30/100\n|-damage|p1a: Pecharunt|17/100|[from] Stealth Rock\n|-damage|p1a: Pecharunt|0 fnt|[from] Spikes\n|faint|p1a: Pecharunt\n|\n|t:|1782561932\n|switch|p1a: Tornadus|Tornadus-Therian, M|75/100\n|-damage|p1a: Tornadus|50/100|[from] Stealth Rock\n|turn|47\n|\n|t:|1782561935\n|move|p2a: Gliscor|Protect|p2a: Gliscor\n|-singleturn|p2a: Gliscor|Protect\n|move|p1a: Tornadus|Bleakwind Storm|p2a: Gliscor\n|-activate|p2a: Gliscor|move: Protect\n|\n|-heal|p2a: Gliscor|80/100 tox|[from] ability: Poison Heal\n|upkeep\n|turn|48\n|\n|t:|1782561938\n|move|p1a: Tornadus|Bleakwind Storm|p2a: Gliscor|[miss]\n|-miss|p1a: Tornadus|p2a: Gliscor\n|move|p2a: Gliscor|Facade|p1a: Tornadus\n|-damage|p1a: Tornadus|14/100\n|\n|-heal|p2a: Gliscor|93/100 tox|[from] ability: Poison Heal\n|upkeep\n|turn|49\n|\n|t:|1782561940\n|move|p2a: Gliscor|Protect|p2a: Gliscor\n|-singleturn|p2a: Gliscor|Protect\n|move|p1a: Tornadus|Bleakwind Storm|p2a: Gliscor\n|-activate|p2a: Gliscor|move: Protect\n|\n|-heal|p2a: Gliscor|100/100 tox|[from] ability: Poison Heal\n|upkeep\n|turn|50\n|\n|t:|1782561941\n|move|p1a: Tornadus|Bleakwind Storm|p2a: Gliscor|[miss]\n|-miss|p1a: Tornadus|p2a: Gliscor\n|move|p2a: Gliscor|Facade|p1a: Tornadus\n|-damage|p1a: Tornadus|0 fnt\n|faint|p1a: Tornadus\n|\n|win|Fridgoris\n|raw|tb poke's rating: 1584 &rarr; <strong>1561</strong><br />(-23 for losing)\n|raw|Fridgoris's rating: 1540 &rarr; <strong>1563</strong><br />(+23 for winning)\n|l|☆tb poke\n|player|p1|\n|l|☆Fridgoris\n|player|p2|\n", "uploadtime": 1782562286, "views": 7, "formatid": "gen9ou", "rating": 1561, "private": 0, "password": null}