{"id": "gen9ou-2639304780", "format": "[Gen 9] OU", "players": ["naexnae", "Venison02"], "log": "|j|☆naexnae\n|j|☆Venison02\n|t:|1782449494\n|gametype|singles\n|player|p1|naexnae|hilda|1050\n|player|p2|Venison02|2|1108\n|gen|9\n|tier|[Gen 9] OU\n|rated|\n|rule|HP Percentage Mod: HP is shown in percentages\n|rule|Endless Battle Clause: Forcing endless battles is banned\n|rule|Species Clause: Limit one of each Pokémon\n|rule|OHKO Clause: OHKO moves are banned\n|rule|Evasion Items Clause: Evasion items are banned\n|rule|Evasion Moves Clause: Evasion moves are banned\n|rule|Evasion Abilities Clause: Evasion abilities are banned\n|rule|Sleep Moves Clause: Sleep-inducing moves are banned\n|clearpoke\n|poke|p1|Flareon, M|\n|poke|p1|Corviknight, M|\n|poke|p1|Hatterene, F|\n|poke|p1|Breloom, F|\n|poke|p1|Pecharunt|\n|poke|p1|Dewgong, F|\n|poke|p2|Serperior, F|\n|poke|p2|Glaceon, F|\n|poke|p2|Gholdengo|\n|poke|p2|Cinderace, M|\n|poke|p2|Gyarados, F|\n|poke|p2|Slowking-Galar, M|\n|teampreview\n|\n|t:|1782449501\n|teamsize|p1|6\n|teamsize|p2|6\n|start\n|switch|p1a: Valeria|Pecharunt|100/100\n|switch|p2a: mARTy|Slowking-Galar, M|100/100\n|turn|1\n|\n|t:|1782449507\n|move|p1a: Valeria|Foul Play|p2a: mARTy\n|-supereffective|p2a: mARTy\n|-damage|p2a: mARTy|78/100\n|move|p2a: mARTy|Psyshock|p1a: Valeria\n|-supereffective|p1a: Valeria\n|-damage|p1a: Valeria|49/100\n|\n|-heal|p1a: Valeria|56/100|[from] item: Leftovers\n|upkeep\n|turn|2\n|\n|t:|1782449520\n|switch|p1a: raven|Corviknight, M|100/100\n|-ability|p1a: raven|Pressure\n|move|p2a: mARTy|Toxic Spikes|p1a: raven\n|-sidestart|p1: naexnae|move: Toxic Spikes\n|\n|upkeep\n|turn|3\n|\n|t:|1782449530\n|move|p1a: raven|Brave Bird|p2a: mARTy\n|-damage|p2a: mARTy|31/100\n|-damage|p1a: raven|83/100|[from] Recoil\n|-prepare|p2a: mARTy|Chilly Reception|[premajor]\n|move|p2a: mARTy|Chilly Reception|p2a: mARTy\n|-weather|Snowscape\n|\n|t:|1782449538\n|switch|p2a: Galaxy Destroyer|Glaceon, F|100/100|[from] Chilly Reception\n|\n|-weather|Snowscape|[upkeep]\n|upkeep\n|turn|4\n|\n|t:|1782449548\n|move|p1a: raven|Flash Cannon|p2a: Galaxy Destroyer\n|-supereffective|p2a: Galaxy Destroyer\n|-damage|p2a: Galaxy Destroyer|68/100\n|move|p2a: Galaxy Destroyer|Ice Beam|p1a: raven\n|-damage|p1a: raven|10/100\n|\n|-weather|Snowscape|[upkeep]\n|-heal|p2a: Galaxy Destroyer|74/100|[from] ability: Ice Body\n|upkeep\n|turn|5\n|\n|t:|1782449563\n|switch|p1a: Flareon|Flareon, M|100/100\n|-status|p1a: Flareon|psn\n|move|p2a: Galaxy Destroyer|Calm Mind|p2a: Galaxy Destroyer\n|-boost|p2a: Galaxy Destroyer|spa|1\n|-boost|p2a: Galaxy Destroyer|spd|1\n|\n|-weather|Snowscape|[upkeep]\n|-heal|p2a: Galaxy Destroyer|80/100|[from] ability: Ice Body\n|-damage|p1a: Flareon|88/100 psn|[from] psn\n|upkeep\n|turn|6\n|\n|t:|1782449576\n|move|p1a: Flareon|Fire Blast|p2a: Galaxy Destroyer\n|-supereffective|p2a: Galaxy Destroyer\n|-damage|p2a: Galaxy Destroyer|15/100\n|move|p2a: Galaxy Destroyer|Ice Beam|p1a: Flareon\n|-resisted|p1a: Flareon\n|-damage|p1a: Flareon|52/100 psn\n|\n|-weather|Snowscape|[upkeep]\n|-heal|p2a: Galaxy Destroyer|21/100|[from] ability: Ice Body\n|-damage|p1a: Flareon|40/100 psn|[from] psn\n|upkeep\n|turn|7\n|\n|t:|1782449596\n|switch|p2a: Cutie|Gyarados, F|100/100\n|-ability|p2a: Cutie|Intimidate|boost\n|-unboost|p1a: Flareon|atk|1\n|move|p1a: Flareon|Fire Blast|p2a: Cutie\n|-resisted|p2a: Cutie\n|-damage|p2a: Cutie|75/100\n|\n|-weather|none\n|-damage|p1a: Flareon|27/100 psn|[from] psn\n|upkeep\n|turn|8\n|\n|t:|1782449611\n|switch|p1a: dd|Hatterene, F|100/100\n|move|p2a: Cutie|Aqua Tail|p1a: dd\n|-damage|p1a: dd|36/100\n|\n|upkeep\n|turn|9\n|\n|t:|1782449617\n|move|p2a: Cutie|Earthquake|p1a: dd\n|-damage|p1a: dd|0 fnt\n|faint|p1a: dd\n|\n|upkeep\n|\n|t:|1782449623\n|switch|p1a: caterpillar|Breloom, F|100/100\n|-status|p1a: caterpillar|psn\n|turn|10\n|\n|t:|1782449634\n|switch|p2a: Red|Serperior, F|100/100\n|move|p1a: caterpillar|Giga Drain|p2a: Red\n|-resisted|p2a: Red\n|-damage|p2a: Red|87/100\n|\n|-damage|p1a: caterpillar|88/100 psn|[from] psn\n|upkeep\n|turn|11\n|\n|t:|1782449643\n|move|p2a: Red|Leaf Storm|p1a: caterpillar\n|-resisted|p1a: caterpillar\n|-damage|p1a: caterpillar|56/100 psn\n|-boost|p2a: Red|spa|2\n|move|p1a: caterpillar|Gunk Shot|p2a: Red|[miss]\n|-miss|p1a: caterpillar|p2a: Red\n|\n|-damage|p1a: caterpillar|44/100 psn|[from] psn\n|upkeep\n|turn|12\n|-message|naexnae forfeited.\n|\n|win|Venison02\n|raw|naexnae's rating: 1050 &rarr; <strong>1035</strong><br />(-15 for losing)\n|raw|Venison02's rating: 1108 &rarr; <strong>1129</strong><br />(+21 for winning)\n|l|☆naexnae\n|player|p1|\n|l|☆Venison02\n|player|p2|\n", "uploadtime": 1782450047, "views": 5, "formatid": "gen9ou", "rating": 1035, "private": 0, "password": null}