{"id": "gen9ou-2639289363", "format": "[Gen 9] OU", "players": ["LaynusNotLeenus", "kicchen"], "log": "|j|☆LaynusNotLeenus\n|j|☆kicchen\n|t:|1782446639\n|gametype|singles\n|player|p1|LaynusNotLeenus|lucas|1128\n|player|p2|kicchen|unknownf|1074\n|gen|9\n|tier|[Gen 9] OU\n|rated|\n|rule|HP Percentage Mod: HP is shown in percentages\n|rule|Endless Battle Clause: Forcing endless battles is banned\n|rule|Species Clause: Limit one of each Pokémon\n|rule|OHKO Clause: OHKO moves are banned\n|rule|Evasion Items Clause: Evasion items are banned\n|rule|Evasion Moves Clause: Evasion moves are banned\n|rule|Evasion Abilities Clause: Evasion abilities are banned\n|rule|Sleep Moves Clause: Sleep-inducing moves are banned\n|clearpoke\n|poke|p1|Corviknight, M|\n|poke|p1|Garchomp, F|\n|poke|p1|Iron Moth|\n|poke|p1|Galvantula, M|\n|poke|p1|Quaquaval, F|\n|poke|p1|Kingambit, M|\n|poke|p2|Darkrai|\n|poke|p2|Great Tusk|\n|poke|p2|Hatterene, F|\n|poke|p2|Ogerpon-Wellspring, F|\n|poke|p2|Gholdengo|\n|poke|p2|Dragonite, M|\n|teampreview\n|inactive|Battle timer is ON: inactive players will automatically lose when time's up. (requested by LaynusNotLeenus)\n|\n|t:|1782446662\n|teamsize|p1|6\n|teamsize|p2|6\n|start\n|switch|p1a: Aegean|Quaquaval, F|100/100\n|switch|p2a: Great Tusk|Great Tusk|100/100\n|turn|1\n|\n|t:|1782446672\n|-end|p2a: Great Tusk|Protosynthesis|[silent]\n|switch|p2a: Ogerpon|Ogerpon-Wellspring, F|100/100\n|move|p1a: Aegean|Aqua Step|p2a: Ogerpon\n|-immune|p2a: Ogerpon|[from] ability: Water Absorb\n|\n|upkeep\n|turn|2\n|\n|t:|1782446685\n|move|p2a: Ogerpon|Spikes|p1a: Aegean\n|-sidestart|p1: LaynusNotLeenus|Spikes\n|move|p1a: Aegean|Close Combat|p2a: Ogerpon\n|-damage|p2a: Ogerpon|26/100\n|-unboost|p1a: Aegean|def|1\n|-unboost|p1a: Aegean|spd|1\n|\n|upkeep\n|turn|3\n|\n|t:|1782446693\n|move|p2a: Ogerpon|U-turn|p1a: Aegean\n|-resisted|p1a: Aegean\n|-damage|p1a: Aegean|75/100\n|\n|t:|1782446702\n|switch|p2a: Gholdengo|Gholdengo|100/100|[from] U-turn\n|move|p1a: Aegean|Rapid Spin|p2a: Gholdengo\n|-immune|p2a: Gholdengo\n|\n|upkeep\n|turn|4\n|\n|t:|1782446714\n|switch|p1a: Magnus|Kingambit, M|100/100\n|-damage|p1a: Magnus|88/100|[from] Spikes\n|move|p2a: Gholdengo|Nasty Plot|p2a: Gholdengo\n|-boost|p2a: Gholdengo|spa|2\n|\n|-heal|p1a: Magnus|94/100|[from] item: Leftovers\n|upkeep\n|turn|5\n|\n|t:|1782446735\n|switch|p2a: Dragonite|Dragonite, M|100/100\n|move|p1a: Magnus|Kowtow Cleave|p2a: Dragonite\n|-damage|p2a: Dragonite|74/100\n|\n|-heal|p1a: Magnus|100/100|[from] item: Leftovers\n|upkeep\n|turn|6\n|inactive|kicchen has 120 seconds left.\n|\n|t:|1782446761\n|move|p2a: Dragonite|Earthquake|p1a: Magnus\n|-supereffective|p1a: Magnus\n|-damage|p1a: Magnus|47/100\n|move|p1a: Magnus|Swords Dance|p1a: Magnus\n|-boost|p1a: Magnus|atk|2\n|\n|-heal|p1a: Magnus|53/100|[from] item: Leftovers\n|upkeep\n|turn|7\n|inactive|kicchen has 120 seconds left.\n|\n|t:|1782446772\n|move|p1a: Magnus|Sucker Punch||[still]\n|-fail|p1a: Magnus\n|move|p2a: Dragonite|Dragon Dance|p2a: Dragonite\n|-boost|p2a: Dragonite|atk|1\n|-boost|p2a: Dragonite|spe|1\n|\n|-heal|p1a: Magnus|59/100|[from] item: Leftovers\n|upkeep\n|turn|8\n|inactive|kicchen has 120 seconds left.\n|\n|t:|1782446779\n|move|p1a: Magnus|Sucker Punch||[still]\n|-fail|p1a: Magnus\n|move|p2a: Dragonite|Dragon Dance|p2a: Dragonite\n|-boost|p2a: Dragonite|atk|1\n|-boost|p2a: Dragonite|spe|1\n|\n|-heal|p1a: Magnus|65/100|[from] item: Leftovers\n|upkeep\n|turn|9\n|\n|t:|1782446786\n|move|p1a: Magnus|Sucker Punch||[still]\n|-fail|p1a: Magnus\n|move|p2a: Dragonite|Dragon Dance|p2a: Dragonite\n|-boost|p2a: Dragonite|atk|1\n|-boost|p2a: Dragonite|spe|1\n|\n|-heal|p1a: Magnus|71/100|[from] item: Leftovers\n|upkeep\n|turn|10\n|inactive|kicchen has 120 seconds left.\n|\n|t:|1782446801\n|move|p1a: Magnus|Sucker Punch||[still]\n|-fail|p1a: Magnus\n|move|p2a: Dragonite|Dragon Dance|p2a: Dragonite\n|-boost|p2a: Dragonite|atk|1\n|-boost|p2a: Dragonite|spe|1\n|\n|-heal|p1a: Magnus|77/100|[from] item: Leftovers\n|upkeep\n|turn|11\n|\n|t:|1782446814\n|move|p1a: Magnus|Sucker Punch|p2a: Dragonite\n|-damage|p2a: Dragonite|0 fnt\n|faint|p2a: Dragonite\n|\n|-heal|p1a: Magnus|83/100|[from] item: Leftovers\n|upkeep\n|\n|t:|1782446822\n|switch|p2a: Great Tusk|Great Tusk|100/100\n|turn|12\n|inactive|LaynusNotLeenus has 120 seconds left.\n|\n|t:|1782446853\n|-end|p1a: Magnus|fallenundefined|[silent]\n|switch|p1a: Parallel|Iron Moth|100/100\n|-damage|p1a: Parallel|88/100|[from] Spikes\n|-enditem|p1a: Parallel|Booster Energy\n|-activate|p1a: Parallel|ability: Quark Drive|[fromitem]\n|-start|p1a: Parallel|quarkdrivespa\n|move|p2a: Great Tusk|Rapid Spin|p1a: Parallel\n|-damage|p1a: Parallel|60/100\n|-boost|p2a: Great Tusk|spe|1\n|\n|upkeep\n|turn|13\n|inactive|LaynusNotLeenus has 120 seconds left.\n|inactive|kicchen has 120 seconds left.\n|\n|t:|1782446899\n|-terastallize|p1a: Parallel|Grass\n|move|p2a: Great Tusk|Headlong Rush|p1a: Parallel\n|-resisted|p1a: Parallel\n|-damage|p1a: Parallel|8/100\n|-unboost|p2a: Great Tusk|def|1\n|-unboost|p2a: Great Tusk|spd|1\n|move|p1a: Parallel|Energy Ball|p2a: Great Tusk\n|-supereffective|p2a: Great Tusk\n|-damage|p2a: Great Tusk|0 fnt\n|faint|p2a: Great Tusk\n|-end|p2a: Great Tusk|Protosynthesis|[silent]\n|\n|upkeep\n|inactive|kicchen has 90 seconds left.\n|\n|t:|1782446912\n|switch|p2a: Darkrai|Darkrai|100/100\n|turn|14\n|inactive|LaynusNotLeenus has 120 seconds left.\n|\n|t:|1782446924\n|move|p2a: Darkrai|Ice Beam|p1a: Parallel\n|-supereffective|p1a: Parallel\n|-damage|p1a: Parallel|0 fnt\n|faint|p1a: Parallel\n|-end|p1a: Parallel|Quark Drive|[silent]\n|\n|upkeep\n|\n|t:|1782446929\n|switch|p1a: Aegean|Quaquaval, F|75/100\n|-damage|p1a: Aegean|63/100|[from] Spikes\n|turn|15\n|inactive|LaynusNotLeenus has 120 seconds left.\n|\n|t:|1782446946\n|switch|p2a: Gholdengo|Gholdengo|100/100\n|move|p1a: Aegean|Aqua Step|p2a: Gholdengo\n|-damage|p2a: Gholdengo|58/100\n|-boost|p1a: Aegean|spe|1\n|\n|upkeep\n|turn|16\n|inactive|LaynusNotLeenus has 120 seconds left.\n|\n|t:|1782446956\n|move|p1a: Aegean|Aqua Step|p2a: Gholdengo\n|-damage|p2a: Gholdengo|14/100\n|-boost|p1a: Aegean|spe|1\n|move|p2a: Gholdengo|Shadow Ball|p1a: Aegean\n|-damage|p1a: Aegean|6/100\n|-unboost|p1a: Aegean|spd|1\n|\n|upkeep\n|turn|17\n|inactive|LaynusNotLeenus has 120 seconds left.\n|\n|t:|1782446967\n|switch|p2a: Ogerpon|Ogerpon-Wellspring, F|26/100\n|move|p1a: Aegean|Close Combat|p2a: Ogerpon\n|-damage|p2a: Ogerpon|0 fnt\n|-unboost|p1a: Aegean|def|1\n|-unboost|p1a: Aegean|spd|1\n|faint|p2a: Ogerpon\n|-ability|p1a: Aegean|Moxie|boost\n|-boost|p1a: Aegean|atk|1\n|\n|upkeep\n|\n|t:|1782446977\n|switch|p2a: Gholdengo|Gholdengo|14/100\n|turn|18\n|\n|t:|1782446982\n|switch|p2a: Hatterene|Hatterene, F|100/100\n|move|p1a: Aegean|Aqua Step|p2a: Hatterene\n|-damage|p2a: Hatterene|39/100\n|-boost|p1a: Aegean|spe|1\n|\n|upkeep\n|turn|19\n|\n|t:|1782446990\n|move|p1a: Aegean|Aqua Step|p2a: Hatterene\n|-damage|p2a: Hatterene|0 fnt\n|-boost|p1a: Aegean|spe|1\n|faint|p2a: Hatterene\n|-ability|p1a: Aegean|Moxie|boost\n|-boost|p1a: Aegean|atk|1\n|\n|upkeep\n|\n|t:|1782447002\n|switch|p2a: Gholdengo|Gholdengo|14/100\n|turn|20\n|\n|t:|1782447004\n|move|p1a: Aegean|Aqua Step|p2a: Gholdengo\n|-damage|p2a: Gholdengo|0 fnt\n|-boost|p1a: Aegean|spe|1\n|faint|p2a: Gholdengo\n|-ability|p1a: Aegean|Moxie|boost\n|-boost|p1a: Aegean|atk|1\n|\n|upkeep\n|-message|kicchen forfeited.\n|\n|win|LaynusNotLeenus\n|raw|LaynusNotLeenus's rating: 1128 &rarr; <strong>1149</strong><br />(+21 for winning)\n|raw|kicchen's rating: 1074 &rarr; <strong>1056</strong><br />(-18 for losing)\n|l|☆kicchen\n|player|p2|\n|l|☆LaynusNotLeenus\n|player|p1|\n", "uploadtime": 1782447358, "views": 8, "formatid": "gen9ou", "rating": 1056, "private": 0, "password": null}