{"id": "gen9ou-2540583949", "format": "[Gen 9] OU", "players": ["henry_gaslitz", "mikeim520"], "log": "|j|☆henry_gaslitz\n|j|☆mikeim520\n|t:|1771221941\n|gametype|singles\n|player|p1|henry_gaslitz|cynthia|1664\n|player|p2|mikeim520|1|1837\n|gen|9\n|tier|[Gen 9] OU\n|rated|\n|rule|HP Percentage Mod: HP is shown in percentages\n|rule|Endless Battle Clause: Forcing endless battles is banned\n|rule|Species Clause: Limit one of each Pokémon\n|rule|OHKO Clause: OHKO moves are banned\n|rule|Evasion Items Clause: Evasion items are banned\n|rule|Evasion Moves Clause: Evasion moves are banned\n|rule|Evasion Abilities Clause: Evasion abilities are banned\n|rule|Sleep Moves Clause: Sleep-inducing moves are banned\n|clearpoke\n|poke|p1|Kyurem|\n|poke|p1|Zamazenta-*|\n|poke|p1|Toxapex, F|\n|poke|p1|Corviknight, F|\n|poke|p1|Ting-Lu|\n|poke|p1|Weezing-Galar, F|\n|poke|p2|Latios, M|\n|poke|p2|Toxapex, F|\n|poke|p2|Darkrai|\n|poke|p2|Corviknight, F|\n|poke|p2|Iron Treads|\n|poke|p2|Gliscor, F|\n|teampreview\n|inactive|Battle timer is ON: inactive players will automatically lose when time's up. (requested by mikeim520)\n|\n|t:|1771221963\n|teamsize|p1|6\n|teamsize|p2|6\n|start\n|switch|p1a: Ting-Lu|Ting-Lu|100/100\n|switch|p2a: Darkrai|Darkrai|100/100\n|-ability|p1a: Ting-Lu|Vessel of Ruin\n|turn|1\n|\n|t:|1771221971\n|move|p2a: Darkrai|Focus Blast|p1a: Ting-Lu|[miss]\n|-miss|p2a: Darkrai|p1a: Ting-Lu\n|move|p1a: Ting-Lu|Stealth Rock|p2a: Darkrai\n|-sidestart|p2: mikeim520|move: Stealth Rock\n|\n|upkeep\n|turn|2\n|\n|t:|1771221979\n|move|p2a: Darkrai|Focus Blast|p1a: Ting-Lu\n|-supereffective|p1a: Ting-Lu\n|-damage|p1a: Ting-Lu|43/100\n|move|p1a: Ting-Lu|Ruination|p2a: Darkrai\n|-damage|p2a: Darkrai|51/100\n|\n|-heal|p1a: Ting-Lu|49/100|[from] item: Leftovers\n|upkeep\n|turn|3\n|\n|t:|1771221988\n|switch|p1a: Toxapex|Toxapex, F|100/100\n|move|p2a: Darkrai|Focus Blast|p1a: Toxapex\n|-resisted|p1a: Toxapex\n|-damage|p1a: Toxapex|83/100\n|\n|upkeep\n|turn|4\n|\n|t:|1771221996\n|switch|p2a: Iron Treads|Iron Treads|100/100\n|-damage|p2a: Iron Treads|98/100|[from] Stealth Rock\n|move|p1a: Toxapex|Ice Beam|p2a: Iron Treads\n|-damage|p2a: Iron Treads|81/100\n|\n|-heal|p2a: Iron Treads|87/100|[from] item: Leftovers\n|upkeep\n|turn|5\n|\n|t:|1771222005\n|switch|p1a: Ting-Lu|Ting-Lu|49/100\n|-ability|p1a: Ting-Lu|Vessel of Ruin\n|move|p2a: Iron Treads|Stealth Rock|p1a: Ting-Lu\n|-sidestart|p1: henry_gaslitz|move: Stealth Rock\n|\n|-heal|p2a: Iron Treads|93/100|[from] item: Leftovers\n|-heal|p1a: Ting-Lu|55/100|[from] item: Leftovers\n|upkeep\n|turn|6\n|\n|t:|1771222013\n|-end|p2a: Iron Treads|Quark Drive|[silent]\n|switch|p2a: Gliscor|Gliscor, F|100/100\n|-damage|p2a: Gliscor|88/100|[from] Stealth Rock\n|move|p1a: Ting-Lu|Ruination|p2a: Gliscor\n|-damage|p2a: Gliscor|44/100\n|\n|-heal|p1a: Ting-Lu|61/100|[from] item: Leftovers\n|-status|p2a: Gliscor|tox|[from] item: Toxic Orb\n|upkeep\n|turn|7\n|\n|t:|1771222023\n|move|p2a: Gliscor|Knock Off|p1a: Ting-Lu\n|-resisted|p1a: Ting-Lu\n|-damage|p1a: Ting-Lu|56/100\n|-enditem|p1a: Ting-Lu|Leftovers|[from] move: Knock Off|[of] p2a: Gliscor\n|move|p1a: Ting-Lu|Ruination|p2a: Gliscor\n|-damage|p2a: Gliscor|22/100 tox\n|\n|-heal|p2a: Gliscor|35/100 tox|[from] ability: Poison Heal\n|upkeep\n|turn|8\n|\n|t:|1771222033\n|move|p2a: Gliscor|Spikes|p1a: Ting-Lu\n|-sidestart|p1: henry_gaslitz|Spikes\n|move|p1a: Ting-Lu|Ruination|p2a: Gliscor|[miss]\n|-miss|p1a: Ting-Lu|p2a: Gliscor\n|\n|-heal|p2a: Gliscor|47/100 tox|[from] ability: Poison Heal\n|upkeep\n|turn|9\n|inactive|mikeim520 has 120 seconds left.\n|\n|t:|1771222067\n|move|p2a: Gliscor|Earthquake|p1a: Ting-Lu\n|-crit|p1a: Ting-Lu\n|-damage|p1a: Ting-Lu|29/100\n|move|p1a: Ting-Lu|Ruination|p2a: Gliscor\n|-damage|p2a: Gliscor|24/100 tox\n|\n|-heal|p2a: Gliscor|37/100 tox|[from] ability: Poison Heal\n|upkeep\n|turn|10\n|\n|t:|1771222074\n|move|p2a: Gliscor|Earthquake|p1a: Ting-Lu\n|-damage|p1a: Ting-Lu|10/100\n|move|p1a: Ting-Lu|Rest|p1a: Ting-Lu\n|-status|p1a: Ting-Lu|slp|[from] move: Rest\n|-heal|p1a: Ting-Lu|100/100 slp|[silent]\n|\n|-heal|p2a: Gliscor|49/100 tox|[from] ability: Poison Heal\n|upkeep\n|turn|11\n|\n|t:|1771222084\n|switch|p1a: Weezing|Weezing-Galar, F|100/100\n|-ability|p1a: Weezing|Neutralizing Gas\n|move|p2a: Gliscor|Spikes|p1a: Weezing\n|-sidestart|p1: henry_gaslitz|Spikes\n|\n|-damage|p2a: Gliscor|18/100 tox|[from] psn\n|upkeep\n|turn|12\n|\n|t:|1771222092\n|switch|p2a: Iron Treads|Iron Treads|93/100\n|-damage|p2a: Iron Treads|90/100|[from] Stealth Rock\n|move|p1a: Weezing|Defog|p2a: Iron Treads\n|-unboost|p2a: Iron Treads|evasion|1\n|-sideend|p2: mikeim520|Stealth Rock|[from] move: Defog|[of] p1a: Weezing\n|-sideend|p1: henry_gaslitz|Spikes|[from] move: Defog|[of] p1a: Weezing\n|-sideend|p1: henry_gaslitz|Stealth Rock|[from] move: Defog|[of] p1a: Weezing\n|\n|-heal|p2a: Iron Treads|96/100|[from] item: Leftovers\n|upkeep\n|turn|13\n|\n|t:|1771222100\n|move|p2a: Iron Treads|Earthquake|p1a: Weezing\n|-supereffective|p1a: Weezing\n|-damage|p1a: Weezing|51/100\n|move|p1a: Weezing|Will-O-Wisp|p2a: Iron Treads\n|-status|p2a: Iron Treads|brn\n|\n|-heal|p2a: Iron Treads|100/100 brn|[from] item: Leftovers\n|-damage|p2a: Iron Treads|94/100 brn|[from] brn\n|upkeep\n|turn|14\n|\n|t:|1771222109\n|move|p2a: Iron Treads|Knock Off|p1a: Weezing\n|-resisted|p1a: Weezing\n|-damage|p1a: Weezing|48/100\n|-enditem|p1a: Weezing|Heavy-Duty Boots|[from] move: Knock Off|[of] p2a: Iron Treads\n|move|p1a: Weezing|Strange Steam|p2a: Iron Treads\n|-resisted|p2a: Iron Treads\n|-damage|p2a: Iron Treads|85/100 brn\n|\n|-heal|p2a: Iron Treads|91/100 brn|[from] item: Leftovers\n|-damage|p2a: Iron Treads|85/100 brn|[from] brn\n|upkeep\n|turn|15\n|\n|t:|1771222114\n|move|p2a: Iron Treads|Stealth Rock|p1a: Weezing\n|-sidestart|p1: henry_gaslitz|move: Stealth Rock\n|move|p1a: Weezing|Pain Split|p2a: Iron Treads\n|-sethp|p2a: Iron Treads|63/100 brn|[from] move: Pain Split|[silent]\n|-sethp|p1a: Weezing|72/100|[from] move: Pain Split\n|\n|-heal|p2a: Iron Treads|69/100 brn|[from] item: Leftovers\n|-damage|p2a: Iron Treads|63/100 brn|[from] brn\n|upkeep\n|turn|16\n|\n|t:|1771222119\n|-end|p2a: Iron Treads|Quark Drive|[silent]\n|switch|p2a: Latios|Latios, M|100/100\n|move|p1a: Weezing|Defog|p2a: Latios\n|-unboost|p2a: Latios|evasion|1\n|-sideend|p1: henry_gaslitz|Stealth Rock|[from] move: Defog|[of] p1a: Weezing\n|\n|upkeep\n|turn|17\n|\n|t:|1771222127\n|-end|p1a: Weezing|ability: Neutralizing Gas\n|switch|p1a: Ting-Lu|Ting-Lu|100/100 slp\n|-ability|p1a: Ting-Lu|Vessel of Ruin\n|move|p2a: Latios|Substitute|p2a: Latios\n|-start|p2a: Latios|Substitute\n|-damage|p2a: Latios|76/100\n|\n|-heal|p2a: Latios|82/100|[from] item: Leftovers\n|upkeep\n|turn|18\n|\n|t:|1771222135\n|move|p2a: Latios|Aura Sphere|p1a: Ting-Lu\n|-supereffective|p1a: Ting-Lu\n|-damage|p1a: Ting-Lu|78/100 slp\n|cant|p1a: Ting-Lu|slp\n|\n|-heal|p2a: Latios|88/100|[from] item: Leftovers\n|upkeep\n|turn|19\n|\n|t:|1771222144\n|move|p2a: Latios|Aura Sphere|p1a: Ting-Lu\n|-supereffective|p1a: Ting-Lu\n|-damage|p1a: Ting-Lu|53/100 slp\n|cant|p1a: Ting-Lu|slp\n|\n|-heal|p2a: Latios|94/100|[from] item: Leftovers\n|upkeep\n|turn|20\n|\n|t:|1771222153\n|move|p2a: Latios|Aura Sphere|p1a: Ting-Lu\n|-supereffective|p1a: Ting-Lu\n|-damage|p1a: Ting-Lu|28/100 slp\n|-curestatus|p1a: Ting-Lu|slp|[msg]\n|move|p1a: Ting-Lu|Stealth Rock|p2a: Latios\n|-sidestart|p2: mikeim520|move: Stealth Rock\n|\n|-heal|p2a: Latios|99/100|[from] item: Leftovers\n|upkeep\n|turn|21\n|\n|t:|1771222162\n|move|p2a: Latios|Aura Sphere|p1a: Ting-Lu\n|-supereffective|p1a: Ting-Lu\n|-damage|p1a: Ting-Lu|4/100\n|move|p1a: Ting-Lu|Rest|p1a: Ting-Lu\n|-status|p1a: Ting-Lu|slp|[from] move: Rest\n|-heal|p1a: Ting-Lu|100/100 slp|[silent]\n|\n|-heal|p2a: Latios|100/100|[from] item: Leftovers\n|upkeep\n|turn|22\n|\n|t:|1771222171\n|move|p2a: Latios|Aura Sphere|p1a: Ting-Lu\n|-supereffective|p1a: Ting-Lu\n|-damage|p1a: Ting-Lu|78/100 slp\n|cant|p1a: Ting-Lu|slp\n|\n|upkeep\n|turn|23\n|\n|t:|1771222179\n|move|p2a: Latios|Aura Sphere|p1a: Ting-Lu\n|-supereffective|p1a: Ting-Lu\n|-damage|p1a: Ting-Lu|55/100 slp\n|cant|p1a: Ting-Lu|slp\n|\n|upkeep\n|turn|24\n|\n|t:|1771222188\n|move|p2a: Latios|Aura Sphere|p1a: Ting-Lu\n|-supereffective|p1a: Ting-Lu\n|-damage|p1a: Ting-Lu|33/100 slp\n|-curestatus|p1a: Ting-Lu|slp|[msg]\n|move|p1a: Ting-Lu|Ruination|p2a: Latios\n|-end|p2a: Latios|Substitute\n|\n|upkeep\n|turn|25\n|\n|t:|1771222197\n|move|p2a: Latios|Aura Sphere|p1a: Ting-Lu\n|-supereffective|p1a: Ting-Lu\n|-damage|p1a: Ting-Lu|11/100\n|move|p1a: Ting-Lu|Earthquake|p2a: Latios\n|-immune|p2a: Latios|[from] ability: Levitate\n|\n|upkeep\n|turn|26\n|\n|t:|1771222211\n|-terastallize|p1a: Ting-Lu|Ghost\n|move|p2a: Latios|Substitute|p2a: Latios\n|-start|p2a: Latios|Substitute\n|-damage|p2a: Latios|76/100\n|move|p1a: Ting-Lu|Rest|p1a: Ting-Lu\n|-status|p1a: Ting-Lu|slp|[from] move: Rest\n|-heal|p1a: Ting-Lu|100/100 slp|[silent]\n|\n|-heal|p2a: Latios|82/100|[from] item: Leftovers\n|upkeep\n|turn|27\n|\n|t:|1771222219\n|switch|p1a: Corviknight|Corviknight, F|100/100\n|-ability|p1a: Corviknight|Pressure\n|move|p2a: Latios|Shadow Ball|p1a: Corviknight\n|-damage|p1a: Corviknight|74/100\n|\n|-heal|p2a: Latios|88/100|[from] item: Leftovers\n|upkeep\n|turn|28\n|\n|t:|1771222226\n|move|p2a: Latios|Shadow Ball|p1a: Corviknight\n|-damage|p1a: Corviknight|49/100\n|move|p1a: Corviknight|Roost|p1a: Corviknight\n|-heal|p1a: Corviknight|99/100\n|-singleturn|p1a: Corviknight|move: Roost\n|\n|-heal|p2a: Latios|94/100|[from] item: Leftovers\n|upkeep\n|turn|29\n|\n|t:|1771222231\n|-terastallize|p2a: Latios|Steel\n|move|p2a: Latios|Shadow Ball|p1a: Corviknight\n|-damage|p1a: Corviknight|73/100\n|move|p1a: Corviknight|U-turn|p2a: Latios\n|-resisted|p2a: Latios\n|-activate|p2a: Latios|move: Substitute|[damage]\n|\n|t:|1771222236\n|switch|p1a: Kyurem|Kyurem|100/100|[from] U-turn\n|-ability|p1a: Kyurem|Pressure\n|\n|-heal|p2a: Latios|99/100|[from] item: Leftovers\n|upkeep\n|turn|30\n|\n|t:|1771222241\n|switch|p1a: Corviknight|Corviknight, F|73/100\n|-ability|p1a: Corviknight|Pressure\n|move|p2a: Latios|Aura Sphere|p1a: Corviknight\n|-damage|p1a: Corviknight|48/100\n|\n|-heal|p2a: Latios|100/100|[from] item: Leftovers\n|upkeep\n|turn|31\n|\n|t:|1771222246\n|move|p2a: Latios|Shadow Ball|p1a: Corviknight\n|-damage|p1a: Corviknight|23/100\n|move|p1a: Corviknight|Roost|p1a: Corviknight\n|-heal|p1a: Corviknight|73/100\n|-singleturn|p1a: Corviknight|move: Roost\n|\n|upkeep\n|turn|32\n|\n|t:|1771222251\n|move|p2a: Latios|Shadow Ball|p1a: Corviknight\n|-damage|p1a: Corviknight|46/100\n|move|p1a: Corviknight|Roost|p1a: Corviknight\n|-heal|p1a: Corviknight|96/100\n|-singleturn|p1a: Corviknight|move: Roost\n|\n|upkeep\n|turn|33\n|\n|t:|1771222256\n|move|p2a: Latios|Shadow Ball|p1a: Corviknight\n|-damage|p1a: Corviknight|69/100\n|move|p1a: Corviknight|Body Press|p2a: Latios\n|-supereffective|p2a: Latios\n|-end|p2a: Latios|Substitute\n|\n|upkeep\n|turn|34\n|\n|t:|1771222261\n|switch|p2a: Corviknight|Corviknight, F|100/100\n|-damage|p2a: Corviknight|88/100|[from] Stealth Rock\n|-ability|p2a: Corviknight|Pressure\n|move|p1a: Corviknight|Body Press|p2a: Corviknight\n|-damage|p2a: Corviknight|72/100\n|-damage|p1a: Corviknight|52/100|[from] item: Rocky Helmet|[of] p2a: Corviknight\n|\n|upkeep\n|turn|35\n|\n|t:|1771222272\n|move|p1a: Corviknight|Roost|p1a: Corviknight\n|-heal|p1a: Corviknight|100/100\n|-singleturn|p1a: Corviknight|move: Roost\n|move|p2a: Corviknight|U-turn|p1a: Corviknight\n|-resisted|p1a: Corviknight\n|-damage|p1a: Corviknight|96/100\n|-damage|p2a: Corviknight|55/100|[from] item: Rocky Helmet|[of] p1a: Corviknight\n|\n|t:|1771222275\n|switch|p2a: Gliscor|Gliscor, F|18/100 tox|[from] U-turn\n|-damage|p2a: Gliscor|5/100 tox|[from] Stealth Rock\n|\n|-heal|p2a: Gliscor|18/100 tox|[from] ability: Poison Heal\n|upkeep\n|turn|36\n|\n|t:|1771222280\n|move|p2a: Gliscor|Earthquake|p1a: Corviknight\n|-immune|p1a: Corviknight\n|move|p1a: Corviknight|Brave Bird|p2a: Gliscor\n|-damage|p2a: Gliscor|0 fnt\n|faint|p2a: Gliscor\n|-damage|p1a: Corviknight|91/100|[from] Recoil\n|\n|upkeep\n|\n|t:|1771222283\n|switch|p2a: Darkrai|Darkrai|51/100\n|-damage|p2a: Darkrai|38/100|[from] Stealth Rock\n|turn|37\n|\n|t:|1771222291\n|switch|p1a: Zamazenta|Zamazenta|100/100\n|-ability|p1a: Zamazenta|Dauntless Shield|boost\n|-boost|p1a: Zamazenta|def|1\n|move|p2a: Darkrai|Dark Pulse|p1a: Zamazenta\n|-resisted|p1a: Zamazenta\n|-damage|p1a: Zamazenta|69/100\n|\n|upkeep\n|turn|38\n|\n|t:|1771222300\n|switch|p2a: Toxapex|Toxapex, F|100/100\n|-damage|p2a: Toxapex|88/100|[from] Stealth Rock\n|move|p1a: Zamazenta|Roar|p2a: Toxapex\n|drag|p2a: Iron Treads|Iron Treads|63/100 brn\n|-damage|p2a: Iron Treads|60/100 brn|[from] Stealth Rock\n|\n|-heal|p2a: Iron Treads|66/100 brn|[from] item: Leftovers\n|-damage|p2a: Iron Treads|60/100 brn|[from] brn\n|upkeep\n|turn|39\n|\n|t:|1771222304\n|-end|p2a: Iron Treads|Quark Drive|[silent]\n|switch|p2a: Toxapex|Toxapex, F|100/100\n|-damage|p2a: Toxapex|88/100|[from] Stealth Rock\n|move|p1a: Zamazenta|Close Combat|p2a: Toxapex\n|-resisted|p2a: Toxapex\n|-damage|p2a: Toxapex|64/100\n|-unboost|p1a: Zamazenta|def|1\n|-unboost|p1a: Zamazenta|spd|1\n|\n|-heal|p2a: Toxapex|70/100|[from] item: Leftovers\n|upkeep\n|turn|40\n|\n|t:|1771222315\n|switch|p1a: Weezing|Weezing-Galar, F|72/100\n|-ability|p1a: Weezing|Neutralizing Gas\n|move|p2a: Toxapex|Surf|p1a: Weezing\n|-damage|p1a: Weezing|49/100\n|\n|-heal|p2a: Toxapex|76/100|[from] item: Leftovers\n|upkeep\n|turn|41\n|\n|t:|1771222325\n|-end|p1a: Weezing|ability: Neutralizing Gas\n|switch|p1a: Zamazenta|Zamazenta|69/100\n|switch|p2a: Iron Treads|Iron Treads|60/100 brn\n|-damage|p2a: Iron Treads|57/100 brn|[from] Stealth Rock\n|\n|-heal|p2a: Iron Treads|63/100 brn|[from] item: Leftovers\n|-damage|p2a: Iron Treads|57/100 brn|[from] brn\n|upkeep\n|turn|42\n|\n|t:|1771222330\n|-end|p2a: Iron Treads|Quark Drive|[silent]\n|switch|p2a: Toxapex|Toxapex, F|100/100\n|-damage|p2a: Toxapex|88/100|[from] Stealth Rock\n|move|p1a: Zamazenta|Close Combat|p2a: Toxapex\n|-resisted|p2a: Toxapex\n|-damage|p2a: Toxapex|63/100\n|-unboost|p1a: Zamazenta|def|1\n|-unboost|p1a: Zamazenta|spd|1\n|\n|-heal|p2a: Toxapex|70/100|[from] item: Leftovers\n|upkeep\n|turn|43\n|\n|t:|1771222340\n|move|p1a: Zamazenta|Crunch|p2a: Toxapex\n|-damage|p2a: Toxapex|50/100\n|-unboost|p2a: Toxapex|def|1\n|move|p2a: Toxapex|Surf|p1a: Zamazenta\n|-damage|p1a: Zamazenta|45/100\n|\n|-heal|p2a: Toxapex|56/100|[from] item: Leftovers\n|upkeep\n|turn|44\n|\n|t:|1771222351\n|move|p1a: Zamazenta|Stone Edge|p2a: Toxapex\n|-crit|p2a: Toxapex\n|-damage|p2a: Toxapex|0 fnt\n|faint|p2a: Toxapex\n|\n|upkeep\n|\n|t:|1771222357\n|switch|p2a: Corviknight|Corviknight, F|55/100\n|-damage|p2a: Corviknight|43/100|[from] Stealth Rock\n|-ability|p2a: Corviknight|Pressure\n|turn|45\n|\n|t:|1771222365\n|move|p2a: Corviknight|Roost|p2a: Corviknight\n|-heal|p2a: Corviknight|93/100\n|-singleturn|p2a: Corviknight|move: Roost\n|move|p1a: Zamazenta|Roar|p2a: Corviknight\n|drag|p2a: Darkrai|Darkrai|38/100\n|-damage|p2a: Darkrai|26/100|[from] Stealth Rock\n|\n|upkeep\n|turn|46\n|\n|t:|1771222373\n|switch|p2a: Corviknight|Corviknight, F|93/100\n|-damage|p2a: Corviknight|80/100|[from] Stealth Rock\n|-ability|p2a: Corviknight|Pressure\n|move|p1a: Zamazenta|Close Combat|p2a: Corviknight\n|-damage|p2a: Corviknight|47/100\n|-unboost|p1a: Zamazenta|def|1\n|-unboost|p1a: Zamazenta|spd|1\n|-damage|p1a: Zamazenta|28/100|[from] item: Rocky Helmet|[of] p2a: Corviknight\n|\n|upkeep\n|turn|47\n|\n|t:|1771222384\n|move|p2a: Corviknight|Roost|p2a: Corviknight\n|-heal|p2a: Corviknight|97/100\n|-singleturn|p2a: Corviknight|move: Roost\n|move|p1a: Zamazenta|Roar|p2a: Corviknight\n|drag|p2a: Darkrai|Darkrai|26/100\n|-damage|p2a: Darkrai|13/100|[from] Stealth Rock\n|\n|upkeep\n|turn|48\n|\n|t:|1771222392\n|move|p1a: Zamazenta|Close Combat|p2a: Darkrai\n|-supereffective|p2a: Darkrai\n|-damage|p2a: Darkrai|0 fnt\n|-unboost|p1a: Zamazenta|def|1\n|-unboost|p1a: Zamazenta|spd|1\n|faint|p2a: Darkrai\n|\n|upkeep\n|\n|t:|1771222395\n|switch|p2a: Corviknight|Corviknight, F|97/100\n|-damage|p2a: Corviknight|84/100|[from] Stealth Rock\n|-ability|p2a: Corviknight|Pressure\n|turn|49\n|\n|t:|1771222403\n|move|p2a: Corviknight|Body Press|p1a: Zamazenta\n|-damage|p1a: Zamazenta|0 fnt\n|faint|p1a: Zamazenta\n|\n|upkeep\n|\n|t:|1771222409\n|switch|p1a: Kyurem|Kyurem|100/100\n|-ability|p1a: Kyurem|Pressure\n|turn|50\n|\n|t:|1771222414\n|move|p1a: Kyurem|Freeze-Dry|p2a: Corviknight\n|-damage|p2a: Corviknight|48/100\n|move|p2a: Corviknight|Body Press|p1a: Kyurem\n|-supereffective|p1a: Kyurem\n|-damage|p1a: Kyurem|49/100\n|\n|-heal|p1a: Kyurem|55/100|[from] item: Leftovers\n|upkeep\n|turn|51\n|\n|t:|1771222421\n|switch|p2a: Latios|Latios, M, tera:Steel|100/100\n|-damage|p2a: Latios|95/100|[from] Stealth Rock\n|move|p1a: Kyurem|Freeze-Dry|p2a: Latios\n|-resisted|p2a: Latios\n|-damage|p2a: Latios|76/100\n|\n|-heal|p2a: Latios|82/100|[from] item: Leftovers\n|-heal|p1a: Kyurem|61/100|[from] item: Leftovers\n|upkeep\n|turn|52\n|\n|t:|1771222426\n|move|p1a: Kyurem|Protect|p1a: Kyurem\n|-singleturn|p1a: Kyurem|Protect\n|move|p2a: Latios|Substitute|p2a: Latios\n|-start|p2a: Latios|Substitute\n|-damage|p2a: Latios|57/100\n|\n|-heal|p2a: Latios|63/100|[from] item: Leftovers\n|-heal|p1a: Kyurem|67/100|[from] item: Leftovers\n|upkeep\n|turn|53\n|\n|t:|1771222431\n|switch|p1a: Corviknight|Corviknight, F|91/100\n|-ability|p1a: Corviknight|Pressure\n|move|p2a: Latios|Luster Purge|p1a: Corviknight\n|-resisted|p1a: Corviknight\n|-damage|p1a: Corviknight|68/100\n|-unboost|p1a: Corviknight|spd|1\n|\n|-heal|p2a: Latios|69/100|[from] item: Leftovers\n|upkeep\n|turn|54\n|\n|t:|1771222436\n|move|p2a: Latios|Shadow Ball|p1a: Corviknight\n|-damage|p1a: Corviknight|30/100\n|move|p1a: Corviknight|Roost|p1a: Corviknight\n|-heal|p1a: Corviknight|80/100\n|-singleturn|p1a: Corviknight|move: Roost\n|\n|-heal|p2a: Latios|75/100|[from] item: Leftovers\n|upkeep\n|turn|55\n|\n|t:|1771222441\n|move|p2a: Latios|Luster Purge|p1a: Corviknight\n|-resisted|p1a: Corviknight\n|-damage|p1a: Corviknight|42/100\n|move|p1a: Corviknight|Roost|p1a: Corviknight\n|-heal|p1a: Corviknight|92/100\n|-singleturn|p1a: Corviknight|move: Roost\n|\n|-heal|p2a: Latios|81/100|[from] item: Leftovers\n|upkeep\n|turn|56\n|\n|t:|1771222446\n|move|p2a: Latios|Shadow Ball|p1a: Corviknight\n|-damage|p1a: Corviknight|50/100\n|-unboost|p1a: Corviknight|spd|1\n|move|p1a: Corviknight|Roost|p1a: Corviknight\n|-heal|p1a: Corviknight|99/100\n|-singleturn|p1a: Corviknight|move: Roost\n|\n|-heal|p2a: Latios|87/100|[from] item: Leftovers\n|upkeep\n|turn|57\n|\n|t:|1771222451\n|move|p2a: Latios|Luster Purge|p1a: Corviknight\n|-resisted|p1a: Corviknight\n|-damage|p1a: Corviknight|54/100\n|-unboost|p1a: Corviknight|spd|1\n|move|p1a: Corviknight|Roost|p1a: Corviknight\n|-heal|p1a: Corviknight|100/100\n|-singleturn|p1a: Corviknight|move: Roost\n|\n|-heal|p2a: Latios|93/100|[from] item: Leftovers\n|upkeep\n|turn|58\n|\n|t:|1771222457\n|switch|p1a: Ting-Lu|Ting-Lu, tera:Ghost|100/100 slp\n|-ability|p1a: Ting-Lu|Vessel of Ruin\n|move|p2a: Latios|Shadow Ball|p1a: Ting-Lu\n|-supereffective|p1a: Ting-Lu\n|-crit|p1a: Ting-Lu\n|-damage|p1a: Ting-Lu|65/100 slp\n|\n|-heal|p2a: Latios|99/100|[from] item: Leftovers\n|upkeep\n|turn|59\n|\n|t:|1771222462\n|switch|p1a: Toxapex|Toxapex, F|100/100\n|move|p2a: Latios|Shadow Ball|p1a: Toxapex\n|-damage|p1a: Toxapex|84/100\n|-unboost|p1a: Toxapex|spd|1\n|\n|-heal|p2a: Latios|100/100|[from] item: Leftovers\n|upkeep\n|turn|60\n|\n|t:|1771222467\n|switch|p1a: Corviknight|Corviknight, F|100/100\n|-ability|p1a: Corviknight|Pressure\n|move|p2a: Latios|Shadow Ball|p1a: Corviknight\n|-damage|p1a: Corviknight|75/100\n|-unboost|p1a: Corviknight|spd|1\n|\n|upkeep\n|turn|61\n|\n|t:|1771222472\n|switch|p1a: Toxapex|Toxapex, F|100/100\n|move|p2a: Latios|Shadow Ball|p1a: Toxapex\n|-damage|p1a: Toxapex|85/100\n|\n|upkeep\n|turn|62\n|\n|t:|1771222477\n|switch|p1a: Corviknight|Corviknight, F|75/100\n|-ability|p1a: Corviknight|Pressure\n|move|p2a: Latios|Aura Sphere|p1a: Corviknight\n|-damage|p1a: Corviknight|48/100\n|\n|upkeep\n|turn|63\n|\n|t:|1771222483\n|switch|p1a: Toxapex|Toxapex, F|100/100\n|move|p2a: Latios|Luster Purge|p1a: Toxapex\n|-supereffective|p1a: Toxapex\n|-damage|p1a: Toxapex|46/100\n|-unboost|p1a: Toxapex|spd|1\n|\n|upkeep\n|turn|64\n|\n|t:|1771222488\n|switch|p1a: Ting-Lu|Ting-Lu, tera:Ghost|65/100 slp\n|-ability|p1a: Ting-Lu|Vessel of Ruin\n|move|p2a: Latios|Aura Sphere|p1a: Ting-Lu\n|-immune|p1a: Ting-Lu\n|\n|upkeep\n|turn|65\n|\n|t:|1771222493\n|switch|p1a: Toxapex|Toxapex, F|80/100\n|move|p2a: Latios|Shadow Ball|p1a: Toxapex\n|-damage|p1a: Toxapex|65/100\n|\n|upkeep\n|turn|66\n|\n|t:|1771222498\n|switch|p1a: Ting-Lu|Ting-Lu, tera:Ghost|65/100 slp\n|-ability|p1a: Ting-Lu|Vessel of Ruin\n|move|p2a: Latios|Luster Purge|p1a: Ting-Lu\n|-damage|p1a: Ting-Lu|45/100 slp\n|\n|upkeep\n|turn|67\n|\n|t:|1771222506\n|switch|p2a: Corviknight|Corviknight, F|48/100\n|-damage|p2a: Corviknight|35/100|[from] Stealth Rock\n|-ability|p2a: Corviknight|Pressure\n|switch|p1a: Toxapex|Toxapex, F|98/100\n|\n|upkeep\n|turn|68\n|\n|t:|1771222511\n|move|p2a: Corviknight|Roost|p2a: Corviknight\n|-heal|p2a: Corviknight|85/100\n|-singleturn|p2a: Corviknight|move: Roost\n|move|p1a: Toxapex|Ice Beam|p2a: Corviknight\n|-resisted|p2a: Corviknight\n|-damage|p2a: Corviknight|75/100\n|\n|upkeep\n|turn|69\n|\n|t:|1771222516\n|switch|p1a: Kyurem|Kyurem|67/100\n|-ability|p1a: Kyurem|Pressure\n|move|p2a: Corviknight|Iron Defense|p2a: Corviknight\n|-boost|p2a: Corviknight|def|2\n|\n|-heal|p1a: Kyurem|73/100|[from] item: Leftovers\n|upkeep\n|turn|70\n|\n|t:|1771222521\n|switch|p1a: Ting-Lu|Ting-Lu, tera:Ghost|45/100 slp\n|-ability|p1a: Ting-Lu|Vessel of Ruin\n|move|p2a: Corviknight|Body Press|p1a: Ting-Lu\n|-immune|p1a: Ting-Lu\n|\n|upkeep\n|turn|71\n|\n|t:|1771222526\n|move|p2a: Corviknight|U-turn|p1a: Ting-Lu\n|-resisted|p1a: Ting-Lu\n|-damage|p1a: Ting-Lu|41/100 slp\n|\n|t:|1771222528\n|switch|p2a: Iron Treads|Iron Treads|57/100 brn|[from] U-turn\n|-damage|p2a: Iron Treads|55/100 brn|[from] Stealth Rock\n|cant|p1a: Ting-Lu|slp\n|\n|-heal|p2a: Iron Treads|61/100 brn|[from] item: Leftovers\n|-damage|p2a: Iron Treads|55/100 brn|[from] brn\n|upkeep\n|turn|72\n|\n|t:|1771222532\n|move|p2a: Iron Treads|Stealth Rock|p1a: Ting-Lu\n|-sidestart|p1: henry_gaslitz|move: Stealth Rock\n|cant|p1a: Ting-Lu|slp\n|\n|-heal|p2a: Iron Treads|61/100 brn|[from] item: Leftovers\n|-damage|p2a: Iron Treads|55/100 brn|[from] brn\n|upkeep\n|turn|73\n|\n|t:|1771222537\n|-end|p2a: Iron Treads|Quark Drive|[silent]\n|switch|p2a: Latios|Latios, M, tera:Steel|100/100\n|-damage|p2a: Latios|95/100|[from] Stealth Rock\n|-curestatus|p1a: Ting-Lu|slp|[msg]\n|move|p1a: Ting-Lu|Rest|p1a: Ting-Lu\n|-status|p1a: Ting-Lu|slp|[from] move: Rest\n|-heal|p1a: Ting-Lu|100/100 slp|[silent]\n|\n|-heal|p2a: Latios|100/100|[from] item: Leftovers\n|upkeep\n|turn|74\n|\n|t:|1771222542\n|move|p2a: Latios|Shadow Ball|p1a: Ting-Lu\n|-supereffective|p1a: Ting-Lu\n|-damage|p1a: Ting-Lu|79/100 slp\n|-unboost|p1a: Ting-Lu|spd|1\n|cant|p1a: Ting-Lu|slp\n|\n|upkeep\n|turn|75\n|\n|t:|1771222547\n|move|p2a: Latios|Shadow Ball|p1a: Ting-Lu\n|-supereffective|p1a: Ting-Lu\n|-damage|p1a: Ting-Lu|42/100 slp\n|-unboost|p1a: Ting-Lu|spd|1\n|cant|p1a: Ting-Lu|slp\n|\n|upkeep\n|turn|76\n|\n|t:|1771222552\n|switch|p2a: Iron Treads|Iron Treads|55/100 brn\n|-damage|p2a: Iron Treads|52/100 brn|[from] Stealth Rock\n|-curestatus|p1a: Ting-Lu|slp|[msg]\n|move|p1a: Ting-Lu|Rest|p1a: Ting-Lu\n|-status|p1a: Ting-Lu|slp|[from] move: Rest\n|-heal|p1a: Ting-Lu|100/100 slp|[silent]\n|\n|-heal|p2a: Iron Treads|58/100 brn|[from] item: Leftovers\n|-damage|p2a: Iron Treads|52/100 brn|[from] brn\n|upkeep\n|turn|77\n|\n|t:|1771222557\n|move|p2a: Iron Treads|Knock Off|p1a: Ting-Lu\n|-supereffective|p1a: Ting-Lu\n|-damage|p1a: Ting-Lu|91/100 slp\n|cant|p1a: Ting-Lu|slp\n|\n|-heal|p2a: Iron Treads|58/100 brn|[from] item: Leftovers\n|-damage|p2a: Iron Treads|52/100 brn|[from] brn\n|upkeep\n|turn|78\n|\n|t:|1771222562\n|move|p2a: Iron Treads|Earthquake|p1a: Ting-Lu\n|-damage|p1a: Ting-Lu|81/100 slp\n|cant|p1a: Ting-Lu|slp\n|\n|-heal|p2a: Iron Treads|58/100 brn|[from] item: Leftovers\n|-damage|p2a: Iron Treads|52/100 brn|[from] brn\n|upkeep\n|turn|79\n|\n|t:|1771222567\n|move|p2a: Iron Treads|Earthquake|p1a: Ting-Lu\n|-damage|p1a: Ting-Lu|70/100 slp\n|-curestatus|p1a: Ting-Lu|slp|[msg]\n|move|p1a: Ting-Lu|Earthquake|p2a: Iron Treads\n|-supereffective|p2a: Iron Treads\n|-damage|p2a: Iron Treads|0 fnt\n|faint|p2a: Iron Treads\n|-end|p2a: Iron Treads|Quark Drive|[silent]\n|\n|upkeep\n|\n|t:|1771222569\n|switch|p2a: Latios|Latios, M, tera:Steel|100/100\n|-damage|p2a: Latios|95/100|[from] Stealth Rock\n|turn|80\n|\n|t:|1771222574\n|move|p2a: Latios|Substitute|p2a: Latios\n|-start|p2a: Latios|Substitute\n|-damage|p2a: Latios|70/100\n|move|p1a: Ting-Lu|Ruination|p2a: Latios\n|-end|p2a: Latios|Substitute\n|\n|-heal|p2a: Latios|76/100|[from] item: Leftovers\n|upkeep\n|turn|81\n|\n|t:|1771222579\n|move|p2a: Latios|Substitute|p2a: Latios\n|-start|p2a: Latios|Substitute\n|-damage|p2a: Latios|51/100\n|move|p1a: Ting-Lu|Ruination|p2a: Latios\n|-end|p2a: Latios|Substitute\n|\n|-heal|p2a: Latios|57/100|[from] item: Leftovers\n|upkeep\n|turn|82\n|\n|t:|1771222583\n|move|p2a: Latios|Substitute|p2a: Latios\n|-start|p2a: Latios|Substitute\n|-damage|p2a: Latios|32/100\n|move|p1a: Ting-Lu|Ruination|p2a: Latios\n|-activate|p2a: Latios|move: Substitute|[damage]\n|\n|-heal|p2a: Latios|38/100|[from] item: Leftovers\n|upkeep\n|turn|83\n|\n|t:|1771222588\n|switch|p1a: Toxapex|Toxapex, F|100/100\n|-damage|p1a: Toxapex|88/100|[from] Stealth Rock\n|move|p2a: Latios|Aura Sphere|p1a: Toxapex\n|-resisted|p1a: Toxapex\n|-damage|p1a: Toxapex|81/100\n|\n|-heal|p2a: Latios|44/100|[from] item: Leftovers\n|upkeep\n|turn|84\n|\n|t:|1771222593\n|move|p2a: Latios|Aura Sphere|p1a: Toxapex\n|-resisted|p1a: Toxapex\n|-damage|p1a: Toxapex|73/100\n|move|p1a: Toxapex|Surf|p2a: Latios\n|-end|p2a: Latios|Substitute\n|\n|-heal|p2a: Latios|50/100|[from] item: Leftovers\n|upkeep\n|turn|85\n|\n|t:|1771222598\n|move|p2a: Latios|Substitute|p2a: Latios\n|-start|p2a: Latios|Substitute\n|-damage|p2a: Latios|25/100\n|move|p1a: Toxapex|Surf|p2a: Latios\n|-end|p2a: Latios|Substitute\n|\n|-heal|p2a: Latios|31/100|[from] item: Leftovers\n|upkeep\n|turn|86\n|\n|t:|1771222603\n|move|p2a: Latios|Substitute|p2a: Latios\n|-start|p2a: Latios|Substitute\n|-damage|p2a: Latios|6/100\n|move|p1a: Toxapex|Surf|p2a: Latios\n|-end|p2a: Latios|Substitute\n|\n|-heal|p2a: Latios|12/100|[from] item: Leftovers\n|upkeep\n|turn|87\n|\n|t:|1771222608\n|move|p2a: Latios|Aura Sphere|p1a: Toxapex\n|-resisted|p1a: Toxapex\n|-damage|p1a: Toxapex|66/100\n|move|p1a: Toxapex|Surf|p2a: Latios\n|-damage|p2a: Latios|0 fnt\n|faint|p2a: Latios\n|\n|upkeep\n|\n|t:|1771222610\n|switch|p2a: Corviknight|Corviknight, F|75/100\n|-damage|p2a: Corviknight|63/100|[from] Stealth Rock\n|-ability|p2a: Corviknight|Pressure\n|turn|88\n|\n|t:|1771222614\n|switch|p1a: Weezing|Weezing-Galar, F|49/100\n|-ability|p1a: Weezing|Neutralizing Gas\n|-damage|p1a: Weezing|36/100|[from] Stealth Rock\n|move|p2a: Corviknight|Iron Defense|p2a: Corviknight\n|-boost|p2a: Corviknight|def|2\n|\n|upkeep\n|turn|89\n|\n|t:|1771222619\n|move|p2a: Corviknight|Body Press|p1a: Weezing\n|-resisted|p1a: Weezing\n|-damage|p1a: Weezing|28/100\n|move|p1a: Weezing|Will-O-Wisp|p2a: Corviknight\n|-status|p2a: Corviknight|brn\n|\n|-damage|p2a: Corviknight|56/100 brn|[from] brn\n|upkeep\n|turn|90\n|c|☆mikeim520|gg w[\n|c|☆mikeim520|wp\n|-message|mikeim520 forfeited.\n|\n|win|henry_gaslitz\n|raw|henry_gaslitz's rating: 1664 &rarr; <strong>1693</strong><br />(+29 for winning)\n|raw|mikeim520's rating: 1837 &rarr; <strong>1808</strong><br />(-29 for losing)\n|l|☆mikeim520\n|player|p2|\n|l|☆henry_gaslitz\n|player|p1|\n", "uploadtime": 1771222646, "views": 7, "formatid": "gen9ou", "rating": 1693, "private": 0, "password": null}