{"id": "gen9ou-2639310180", "format": "[Gen 9] OU", "players": ["Hulo777", "saint chiko"], "log": "|j|☆Hulo777\n|j|☆saint chiko\n|t:|1782450530\n|gametype|singles\n|player|p1|Hulo777|lucas-gen4pt|1094\n|player|p2|saint chiko|bruno|1123\n|gen|9\n|tier|[Gen 9] OU\n|rated|\n|rule|HP Percentage Mod: HP is shown in percentages\n|rule|Endless Battle Clause: Forcing endless battles is banned\n|rule|Species Clause: Limit one of each Pokémon\n|rule|OHKO Clause: OHKO moves are banned\n|rule|Evasion Items Clause: Evasion items are banned\n|rule|Evasion Moves Clause: Evasion moves are banned\n|rule|Evasion Abilities Clause: Evasion abilities are banned\n|rule|Sleep Moves Clause: Sleep-inducing moves are banned\n|clearpoke\n|poke|p1|Cinderace, F|\n|poke|p1|Rillaboom, M|\n|poke|p1|Dragapult, F|\n|poke|p1|Greninja-*, M|\n|poke|p1|Gliscor, F|\n|poke|p1|Toxtricity, F|\n|poke|p2|Cinderace, M|\n|poke|p2|Iron Valiant|\n|poke|p2|Kingambit, M|\n|poke|p2|Pecharunt|\n|poke|p2|Abomasnow, F|\n|poke|p2|Garchomp, F|\n|teampreview\n|\n|t:|1782450541\n|teamsize|p1|6\n|teamsize|p2|6\n|start\n|switch|p1a: Grimm|Gliscor, F|100/100\n|switch|p2a: Abomasnow|Abomasnow, F|100/100\n|-weather|Snowscape|[from] ability: Snow Warning|[of] p2a: Abomasnow\n|turn|1\n|inactive|Battle timer is ON: inactive players will automatically lose when time's up. (requested by saint chiko)\n|j| Clod the Clown\n|\n|t:|1782450550\n|switch|p1a: PunkHazard|Toxtricity, F|100/100\n|move|p2a: Abomasnow|Blizzard|p1a: PunkHazard\n|-damage|p1a: PunkHazard|47/100\n|\n|-weather|Snowscape|[upkeep]\n|upkeep\n|turn|2\n|\n|t:|1782450560\n|move|p1a: PunkHazard|Sludge Wave|p2a: Abomasnow\n|-supereffective|p2a: Abomasnow\n|-damage|p2a: Abomasnow|0 fnt\n|faint|p2a: Abomasnow\n|\n|-weather|Snowscape|[upkeep]\n|upkeep\n|\n|t:|1782450567\n|switch|p2a: Garchomp|Garchomp, F|100/100\n|turn|3\n|\n|t:|1782450577\n|switch|p1a: Grimm|Gliscor, F|100/100\n|move|p2a: Garchomp|Stealth Rock|p1a: Grimm\n|-sidestart|p1: Hulo777|move: Stealth Rock\n|\n|-weather|Snowscape|[upkeep]\n|-status|p1a: Grimm|tox|[from] item: Toxic Orb\n|upkeep\n|turn|4\n|\n|t:|1782450596\n|move|p2a: Garchomp|Dragon Claw|p1a: Grimm\n|-damage|p1a: Grimm|62/100 tox\n|move|p1a: Grimm|Swords Dance|p1a: Grimm\n|-boost|p1a: Grimm|atk|2\n|\n|-weather|Snowscape|[upkeep]\n|-heal|p1a: Grimm|75/100 tox|[from] ability: Poison Heal\n|upkeep\n|turn|5\n|\n|t:|1782450607\n|switch|p2a: Pecharunt|Pecharunt|100/100\n|move|p1a: Grimm|Earthquake|p2a: Pecharunt\n|-supereffective|p2a: Pecharunt\n|-damage|p2a: Pecharunt|0 fnt\n|faint|p2a: Pecharunt\n|\n|-weather|none\n|-heal|p1a: Grimm|87/100 tox|[from] ability: Poison Heal\n|upkeep\n|\n|t:|1782450618\n|switch|p2a: Iron Valiant|Iron Valiant|100/100\n|-enditem|p2a: Iron Valiant|Booster Energy\n|-activate|p2a: Iron Valiant|ability: Quark Drive|[fromitem]\n|-start|p2a: Iron Valiant|quarkdrivespe\n|turn|6\n|\n|t:|1782450625\n|move|p2a: Iron Valiant|Spirit Break|p1a: Grimm\n|-damage|p1a: Grimm|53/100 tox\n|-unboost|p1a: Grimm|spa|1\n|move|p1a: Grimm|Facade|p2a: Iron Valiant\n|-crit|p2a: Iron Valiant\n|-damage|p2a: Iron Valiant|0 fnt\n|faint|p2a: Iron Valiant\n|-end|p2a: Iron Valiant|Quark Drive|[silent]\n|\n|-heal|p1a: Grimm|66/100 tox|[from] ability: Poison Heal\n|upkeep\n|-message|saint chiko forfeited.\n|\n|win|Hulo777\n|raw|Hulo777's rating: 1094 &rarr; <strong>1122</strong><br />(+28 for winning)\n|raw|saint chiko's rating: 1123 &rarr; <strong>1096</strong><br />(-27 for losing)\n|l|☆saint chiko\n|player|p2|\n|l| Clod the Clown\n|l|☆Hulo777\n|player|p1|\n", "uploadtime": 1782450988, "views": 3, "formatid": "gen9ou", "rating": 1096, "private": 0, "password": null}