{"id": "gen9ou-2639207367", "format": "[Gen 9] OU", "players": ["PandaLord0", "Mandandu"], "log": "|j|☆PandaLord0\n|j|☆Mandandu\n|t:|1782434144\n|gametype|singles\n|player|p1|PandaLord0|gentleman-gen4dp|1437\n|player|p2|Mandandu|169|1471\n|gen|9\n|tier|[Gen 9] OU\n|rated|\n|rule|HP Percentage Mod: HP is shown in percentages\n|rule|Endless Battle Clause: Forcing endless battles is banned\n|rule|Species Clause: Limit one of each Pokémon\n|rule|OHKO Clause: OHKO moves are banned\n|rule|Evasion Items Clause: Evasion items are banned\n|rule|Evasion Moves Clause: Evasion moves are banned\n|rule|Evasion Abilities Clause: Evasion abilities are banned\n|rule|Sleep Moves Clause: Sleep-inducing moves are banned\n|clearpoke\n|poke|p1|Latios, M|\n|poke|p1|Rotom-Wash|\n|poke|p1|Gholdengo|\n|poke|p1|Ting-Lu|\n|poke|p1|Iron Valiant|\n|poke|p1|Hydreigon, F|\n|poke|p2|Ninetales-Alola, M|\n|poke|p2|Kyurem|\n|poke|p2|Slowking-Galar, F|\n|poke|p2|Ogerpon-Wellspring, F|\n|poke|p2|Gholdengo|\n|poke|p2|Great Tusk|\n|teampreview\n|inactive|Battle timer is ON: inactive players will automatically lose when time's up. (requested by Mandandu)\n|inactive|PandaLord0 also wants the timer to be on.\n|\n|t:|1782434158\n|teamsize|p1|6\n|teamsize|p2|6\n|start\n|switch|p1a: Hydreigon|Hydreigon, F|100/100\n|switch|p2a: Ninetales|Ninetales-Alola, M|100/100\n|-weather|Snowscape|[from] ability: Snow Warning|[of] p2a: Ninetales\n|turn|1\n|\n|t:|1782434162\n|move|p2a: Ninetales|Aurora Veil|p2a: Ninetales\n|-sidestart|p2: Mandandu|move: Aurora Veil\n|move|p1a: Hydreigon|Flash Cannon|p2a: Ninetales\n|-supereffective|p2a: Ninetales\n|-damage|p2a: Ninetales|28/100\n|\n|-weather|Snowscape|[upkeep]\n|upkeep\n|turn|2\n|\n|t:|1782434178\n|switch|p2a: Ogerpon|Ogerpon-Wellspring, F|100/100\n|switch|p1a: Gholdengo|Gholdengo|100/100\n|-item|p1a: Gholdengo|Air Balloon\n|\n|-weather|Snowscape|[upkeep]\n|upkeep\n|turn|3\n|\n|t:|1782434193\n|move|p2a: Ogerpon|Ivy Cudgel|p1a: Gholdengo|[anim] Ivy Cudgel Water\n|-damage|p1a: Gholdengo|58/100\n|-enditem|p1a: Gholdengo|Air Balloon\n|move|p1a: Gholdengo|Thunder Wave|p2a: Ogerpon\n|-status|p2a: Ogerpon|par\n|\n|-weather|Snowscape|[upkeep]\n|upkeep\n|turn|4\n|\n|t:|1782434199\n|move|p1a: Gholdengo|Recover|p1a: Gholdengo\n|-heal|p1a: Gholdengo|100/100\n|cant|p2a: Ogerpon|par\n|\n|-weather|Snowscape|[upkeep]\n|upkeep\n|turn|5\n|\n|t:|1782434212\n|move|p1a: Gholdengo|Hex|p2a: Ogerpon\n|-damage|p2a: Ogerpon|69/100 par\n|move|p2a: Ogerpon|Swords Dance|p2a: Ogerpon\n|-boost|p2a: Ogerpon|atk|2\n|\n|-weather|none\n|upkeep\n|turn|6\n|\n|t:|1782434226\n|move|p1a: Gholdengo|Hex|p2a: Ogerpon\n|-crit|p2a: Ogerpon\n|-damage|p2a: Ogerpon|0 fnt\n|faint|p2a: Ogerpon\n|\n|upkeep\n|c|☆Mandandu|k\n|\n|t:|1782434231\n|switch|p2a: Gholdengo|Gholdengo|100/100\n|-item|p2a: Gholdengo|Air Balloon\n|turn|7\n|\n|t:|1782434239\n|switch|p1a: Hydreigon|Hydreigon, F|100/100\n|move|p2a: Gholdengo|Nasty Plot|p2a: Gholdengo\n|-boost|p2a: Gholdengo|spa|2\n|\n|upkeep\n|turn|8\n|\n|t:|1782434246\n|switch|p1a: Rotom|Rotom-Wash|100/100\n|move|p2a: Gholdengo|Make It Rain|p1a: Rotom\n|-resisted|p1a: Rotom\n|-damage|p1a: Rotom|71/100\n|-unboost|p2a: Gholdengo|spa|1\n|\n|-heal|p1a: Rotom|77/100|[from] item: Leftovers\n|-sideend|p2: Mandandu|move: Aurora Veil\n|upkeep\n|turn|9\n|\n|t:|1782434254\n|switch|p2a: Slowking|Slowking-Galar, F|100/100\n|move|p1a: Rotom|Volt Switch|p2a: Slowking\n|-damage|p2a: Slowking|86/100\n|\n|t:|1782434260\n|switch|p1a: Hydreigon|Hydreigon, F|100/100|[from] Volt Switch\n|\n|-heal|p2a: Slowking|92/100|[from] item: Leftovers\n|upkeep\n|turn|10\n|\n|t:|1782434265\n|move|p1a: Hydreigon|Dark Pulse|p2a: Slowking\n|-supereffective|p2a: Slowking\n|-crit|p2a: Slowking\n|-damage|p2a: Slowking|0 fnt\n|faint|p2a: Slowking\n|\n|upkeep\n|c|☆PandaLord0|ez\n|c|☆Mandandu|calling crits ez\n|c|☆Mandandu|yeah ok\n|-message|Mandandu forfeited.\n|\n|win|PandaLord0\n|raw|PandaLord0's rating: 1437 &rarr; <strong>1459</strong><br />(+22 for winning)\n|raw|Mandandu's rating: 1471 &rarr; <strong>1449</strong><br />(-22 for losing)\n|l|☆Mandandu\n|player|p2|\n|c|☆PandaLord0|im sorry im the beter player\n|l|☆PandaLord0\n|player|p1|\n", "uploadtime": 1782434595, "views": 19, "formatid": "gen9ou", "rating": 1449, "private": 0, "password": null}