{"id": "gen9ou-2647724802", "format": "[Gen 9] OU", "players": ["sufydragon", "nosenomeables"], "log": "|j|☆sufydragon\n|j|☆nosenomeables\n|t:|1783802106\n|gametype|singles\n|player|p1|sufydragon|n|1231\n|player|p2|nosenomeables|2|1200\n|gen|9\n|tier|[Gen 9] OU\n|rated|\n|rule|HP Percentage Mod: HP is shown in percentages\n|rule|Endless Battle Clause: Forcing endless battles is banned\n|rule|Species Clause: Limit one of each Pokémon\n|rule|OHKO Clause: OHKO moves are banned\n|rule|Evasion Items Clause: Evasion items are banned\n|rule|Evasion Moves Clause: Evasion moves are banned\n|rule|Evasion Abilities Clause: Evasion abilities are banned\n|rule|Sleep Moves Clause: Sleep-inducing moves are banned\n|clearpoke\n|poke|p1|Dragapult, F|\n|poke|p1|Primarina, F|\n|poke|p1|Landorus-Therian, M|\n|poke|p1|Slowking-Galar, M|\n|poke|p1|Rillaboom, F|\n|poke|p1|Corviknight, M|\n|poke|p2|Farigiraf, M|\n|poke|p2|Golem-Alola, M|\n|poke|p2|Noivern, M|\n|poke|p2|Kommo-o, F|\n|poke|p2|Goodra-Hisui, F|\n|poke|p2|Zangoose, F|\n|teampreview\n|inactive|Battle timer is ON: inactive players will automatically lose when time's up. (requested by nosenomeables)\n|\n|t:|1783802120\n|teamsize|p1|6\n|teamsize|p2|6\n|start\n|switch|p1a: Rillaboom|Rillaboom, F|100/100\n|switch|p2a: Zangoose|Zangoose, F|100/100\n|-fieldstart|move: Grassy Terrain|[from] ability: Grassy Surge|[of] p1a: Rillaboom\n|turn|1\n|\n|t:|1783802124\n|move|p2a: Zangoose|Substitute|p2a: Zangoose\n|-start|p2a: Zangoose|Substitute\n|-damage|p2a: Zangoose|75/100\n|move|p1a: Rillaboom|Knock Off|p2a: Zangoose\n|-end|p2a: Zangoose|Substitute\n|\n|-heal|p2a: Zangoose|82/100|[from] Grassy Terrain\n|upkeep\n|turn|2\n|\n|t:|1783802132\n|move|p1a: Rillaboom|Grassy Glide|p2a: Zangoose\n|-damage|p2a: Zangoose|19/100\n|-enditem|p2a: Zangoose|Aguav Berry|[eat]\n|-heal|p2a: Zangoose|53/100|[from] item: Aguav Berry\n|move|p2a: Zangoose|Belly Drum|p2a: Zangoose\n|-damage|p2a: Zangoose|3/100\n|-setboost|p2a: Zangoose|atk|6|[from] move: Belly Drum\n|\n|-heal|p2a: Zangoose|9/100|[from] Grassy Terrain\n|upkeep\n|turn|3\n|\n|t:|1783802141\n|move|p2a: Zangoose|Quick Attack|p1a: Rillaboom\n|-damage|p1a: Rillaboom|40/100\n|move|p1a: Rillaboom|Grassy Glide|p2a: Zangoose\n|-damage|p2a: Zangoose|0 fnt\n|faint|p2a: Zangoose\n|\n|-heal|p1a: Rillaboom|46/100|[from] Grassy Terrain\n|upkeep\n|\n|t:|1783802146\n|switch|p2a: Noivern|Noivern, M|100/100\n|-item|p1a: Rillaboom|Assault Vest|[from] ability: Frisk|[of] p2a: Noivern\n|turn|4\n|\n|t:|1783802161\n|switch|p1a: Primarina|Primarina, F, shiny|100/100\n|move|p2a: Noivern|Switcheroo|p1a: Primarina\n|-activate|p2a: Noivern|move: Trick|[of] p1a: Primarina\n|-item|p1a: Primarina|Choice Specs|[from] move: Switcheroo\n|-item|p2a: Noivern|Leftovers|[from] move: Switcheroo\n|\n|upkeep\n|turn|5\n|\n|t:|1783802167\n|move|p2a: Noivern|Boomburst|p1a: Primarina\n|-damage|p1a: Primarina|71/100\n|move|p1a: Primarina|Moonblast|p2a: Noivern\n|-supereffective|p2a: Noivern\n|-damage|p2a: Noivern|0 fnt\n|faint|p2a: Noivern\n|\n|-heal|p1a: Primarina|77/100|[from] Grassy Terrain\n|-fieldend|move: Grassy Terrain\n|upkeep\n|\n|t:|1783802170\n|switch|p2a: Golem|Golem-Alola, M|100/100\n|turn|6\n|\n|t:|1783802174\n|switch|p1a: Landorus|Landorus-Therian, M|100/100\n|-ability|p1a: Landorus|Intimidate|boost\n|-unboost|p2a: Golem|atk|1\n|move|p2a: Golem|Stealth Rock|p1a: Landorus\n|-sidestart|p1: sufydragon|move: Stealth Rock\n|\n|upkeep\n|turn|7\n|\n|t:|1783802181\n|move|p1a: Landorus|Earthquake|p2a: Golem\n|-supereffective|p2a: Golem\n|-ability|p2a: Golem|Sturdy\n|-damage|p2a: Golem|1/100\n|move|p2a: Golem|Explosion|p1a: Landorus\n|-damage|p1a: Landorus|62/100\n|faint|p2a: Golem\n|\n|upkeep\n|\n|t:|1783802185\n|switch|p2a: Kommo-o|Kommo-o, F|100/100\n|turn|8\n|\n|t:|1783802212\n|move|p2a: Kommo-o|Clangorous Soul|p2a: Kommo-o\n|-boost|p2a: Kommo-o|atk|1\n|-boost|p2a: Kommo-o|def|1\n|-boost|p2a: Kommo-o|spa|1\n|-boost|p2a: Kommo-o|spd|1\n|-boost|p2a: Kommo-o|spe|1\n|-damage|p2a: Kommo-o|68/100\n|-enditem|p2a: Kommo-o|Throat Spray\n|-boost|p2a: Kommo-o|spa|1|[from] item: Throat Spray\n|move|p1a: Landorus|U-turn|p2a: Kommo-o\n|-resisted|p2a: Kommo-o\n|-damage|p2a: Kommo-o|61/100\n|inactive|sufydragon has 120 seconds left.\n|\n|t:|1783802227\n|switch|p1a: Primarina|Primarina, F, shiny|77/100|[from] U-turn\n|-damage|p1a: Primarina|64/100|[from] Stealth Rock\n|\n|upkeep\n|turn|9\n|\n|t:|1783802231\n|-terastallize|p2a: Kommo-o|Normal\n|move|p2a: Kommo-o|Boomburst|p1a: Primarina\n|-damage|p1a: Primarina|0 fnt\n|faint|p1a: Primarina\n|\n|upkeep\n|\n|t:|1783802236\n|switch|p1a: Corviknight|Corviknight, M|100/100\n|-ability|p1a: Corviknight|Pressure\n|turn|10\n|\n|t:|1783802240\n|move|p2a: Kommo-o|Boomburst|p1a: Corviknight\n|-resisted|p1a: Corviknight\n|-damage|p1a: Corviknight|43/100\n|move|p1a: Corviknight|Defog|p2a: Kommo-o\n|-unboost|p2a: Kommo-o|evasion|1\n|-sideend|p1: sufydragon|Stealth Rock|[from] move: Defog|[of] p1a: Corviknight\n|\n|upkeep\n|turn|11\n|\n|t:|1783802244\n|move|p2a: Kommo-o|Boomburst|p1a: Corviknight\n|-resisted|p1a: Corviknight\n|-damage|p1a: Corviknight|0 fnt\n|faint|p1a: Corviknight\n|\n|upkeep\n|\n|t:|1783802252\n|switch|p1a: Rillaboom|Rillaboom, F|46/100\n|-fieldstart|move: Grassy Terrain|[from] ability: Grassy Surge|[of] p1a: Rillaboom\n|turn|12\n|\n|t:|1783802263\n|move|p2a: Kommo-o|Protect|p2a: Kommo-o\n|-singleturn|p2a: Kommo-o|Protect\n|move|p1a: Rillaboom|Grassy Glide|p2a: Kommo-o\n|-activate|p2a: Kommo-o|move: Protect\n|\n|-heal|p2a: Kommo-o|67/100|[from] Grassy Terrain\n|-heal|p1a: Rillaboom|52/100|[from] Grassy Terrain\n|upkeep\n|turn|13\n|\n|t:|1783802272\n|move|p2a: Kommo-o|Boomburst|p1a: Rillaboom\n|-damage|p1a: Rillaboom|0 fnt\n|faint|p1a: Rillaboom\n|\n|-heal|p2a: Kommo-o|73/100|[from] Grassy Terrain\n|upkeep\n|\n|t:|1783802275\n|switch|p1a: Dragapult|Dragapult, F|100/100\n|turn|14\n|\n|t:|1783802279\n|-terastallize|p1a: Dragapult|Ghost\n|move|p2a: Kommo-o|Clanging Scales|p1a: Dragapult\n|-damage|p1a: Dragapult|0 fnt\n|faint|p1a: Dragapult\n|-unboost|p2a: Kommo-o|def|1\n|\n|-heal|p2a: Kommo-o|79/100|[from] Grassy Terrain\n|upkeep\n|\n|t:|1783802285\n|switch|p1a: Slowking|Slowking-Galar, M|100/100\n|turn|15\n|\n|t:|1783802289\n|move|p2a: Kommo-o|Boomburst|p1a: Slowking\n|-damage|p1a: Slowking|30/100\n|move|p1a: Slowking|Future Sight|p2a: Kommo-o\n|-start|p1a: Slowking|move: Future Sight\n|\n|-heal|p2a: Kommo-o|85/100|[from] Grassy Terrain\n|-heal|p1a: Slowking|36/100|[from] Grassy Terrain\n|upkeep\n|turn|16\n|\n|t:|1783802293\n|switch|p1a: Landorus|Landorus-Therian, M|62/100\n|-ability|p1a: Landorus|Intimidate|boost\n|-unboost|p2a: Kommo-o|atk|1\n|move|p2a: Kommo-o|Boomburst|p1a: Landorus\n|-damage|p1a: Landorus|0 fnt\n|faint|p1a: Landorus\n|\n|-heal|p2a: Kommo-o|92/100|[from] Grassy Terrain\n|-fieldend|move: Grassy Terrain\n|upkeep\n|\n|t:|1783802295\n|switch|p1a: Slowking|Slowking-Galar, M|70/100\n|turn|17\n|\n|t:|1783802302\n|move|p2a: Kommo-o|Boomburst|p1a: Slowking\n|-damage|p1a: Slowking|0 fnt\n|faint|p1a: Slowking\n|\n|win|nosenomeables\n|raw|sufydragon's rating: 1231 &rarr; <strong>1204</strong><br />(-27 for losing)\n|raw|nosenomeables's rating: 1200 &rarr; <strong>1227</strong><br />(+27 for winning)\n|l|☆sufydragon\n|player|p1|\n|l|☆nosenomeables\n|player|p2|\n", "uploadtime": 1783802621, "views": 12, "formatid": "gen9ou", "rating": 1204, "private": 0, "password": null}