{"id": "gen9ou-2639208181", "format": "[Gen 9] OU", "players": ["psychlops", "salazzle stan"], "log": "|j|‽psychlops\n|j|☆salazzle stan\n|t:|1782434263\n|gametype|singles\n|player|p1|psychlops|170|1469\n|player|p2|salazzle stan|ninjaboy|1420\n|gen|9\n|tier|[Gen 9] OU\n|rated|\n|rule|HP Percentage Mod: HP is shown in percentages\n|rule|Endless Battle Clause: Forcing endless battles is banned\n|rule|Species Clause: Limit one of each Pokémon\n|rule|OHKO Clause: OHKO moves are banned\n|rule|Evasion Items Clause: Evasion items are banned\n|rule|Evasion Moves Clause: Evasion moves are banned\n|rule|Evasion Abilities Clause: Evasion abilities are banned\n|rule|Sleep Moves Clause: Sleep-inducing moves are banned\n|clearpoke\n|poke|p1|Ting-Lu|\n|poke|p1|Gliscor, F|\n|poke|p1|Sinistcha-Masterpiece|\n|poke|p1|Keldeo-Resolute|\n|poke|p1|Tinkaton, F|\n|poke|p1|Dragonite, M|\n|poke|p2|Armarouge, F|\n|poke|p2|Gardevoir, M|\n|poke|p2|Grimmsnarl, M|\n|poke|p2|Great Tusk|\n|poke|p2|Rillaboom, M|\n|poke|p2|Gengar, M|\n|teampreview\n|inactive|Battle timer is ON: inactive players will automatically lose when time's up. (requested by salazzle stan)\n|\n|t:|1782434272\n|teamsize|p1|6\n|teamsize|p2|6\n|start\n|switch|p1a: Keldeo|Keldeo-Resolute|100/100\n|switch|p2a: Gengar|Gengar, M|100/100\n|turn|1\n|\n|t:|1782434277\n|switch|p1a: Ting-Lu|Ting-Lu|100/100\n|-ability|p1a: Ting-Lu|Vessel of Ruin\n|move|p2a: Gengar|Shadow Ball|p1a: Ting-Lu\n|-resisted|p1a: Ting-Lu\n|-damage|p1a: Ting-Lu|92/100\n|-unboost|p1a: Ting-Lu|spd|1\n|\n|-heal|p1a: Ting-Lu|98/100|[from] item: Leftovers\n|upkeep\n|turn|2\n|\n|t:|1782434286\n|move|p2a: Gengar|Focus Blast|p1a: Ting-Lu\n|-supereffective|p1a: Ting-Lu\n|-damage|p1a: Ting-Lu|47/100\n|move|p1a: Ting-Lu|Spikes|p2a: Gengar\n|-sidestart|p2: salazzle stan|Spikes\n|\n|-heal|p1a: Ting-Lu|53/100|[from] item: Leftovers\n|upkeep\n|turn|3\n|\n|t:|1782434293\n|move|p2a: Gengar|Shadow Ball|p1a: Ting-Lu\n|-resisted|p1a: Ting-Lu\n|-damage|p1a: Ting-Lu|40/100\n|move|p1a: Ting-Lu|Earthquake|p2a: Gengar\n|-supereffective|p2a: Gengar\n|-enditem|p2a: Gengar|Focus Sash\n|-damage|p2a: Gengar|1/100\n|\n|-heal|p1a: Ting-Lu|47/100|[from] item: Leftovers\n|upkeep\n|turn|4\n|\n|t:|1782434307\n|switch|p1a: Dragonite|Dragonite, M|100/100\n|move|p2a: Gengar|Focus Blast|p1a: Dragonite\n|-resisted|p1a: Dragonite\n|-damage|p1a: Dragonite|91/100\n|\n|upkeep\n|turn|5\n|\n|t:|1782434314\n|move|p2a: Gengar|Destiny Bond|p2a: Gengar\n|-singlemove|p2a: Gengar|Destiny Bond\n|move|p1a: Dragonite|Thunderbolt|p2a: Gengar\n|-damage|p2a: Gengar|0 fnt\n|faint|p2a: Gengar\n|-activate|p2a: Gengar|move: Destiny Bond\n|faint|p1a: Dragonite\n|\n|upkeep\n|\n|t:|1782434323\n|switch|p2a: Grimmsnarl|Grimmsnarl, M|100/100\n|switch|p1a: Gliscor|Gliscor, F|100/100\n|-damage|p2a: Grimmsnarl|88/100|[from] Spikes\n|turn|6\n|\n|t:|1782434334\n|move|p2a: Grimmsnarl|Reflect|p2a: Grimmsnarl\n|-sidestart|p2: salazzle stan|Reflect\n|move|p1a: Gliscor|Swords Dance|p1a: Gliscor\n|-boost|p1a: Gliscor|atk|2\n|\n|-status|p1a: Gliscor|tox|[from] item: Toxic Orb\n|upkeep\n|turn|7\n|\n|t:|1782434342\n|switch|p2a: Great Tusk|Great Tusk|100/100\n|-damage|p2a: Great Tusk|88/100|[from] Spikes\n|-enditem|p2a: Great Tusk|Booster Energy\n|-activate|p2a: Great Tusk|ability: Protosynthesis|[fromitem]\n|-start|p2a: Great Tusk|protosynthesisspe\n|move|p1a: Gliscor|Swords Dance|p1a: Gliscor\n|-boost|p1a: Gliscor|atk|2\n|\n|upkeep\n|turn|8\n|\n|t:|1782434353\n|switch|p1a: Sinistcha|Sinistcha-Masterpiece|100/100\n|move|p2a: Great Tusk|Bulk Up|p2a: Great Tusk\n|-boost|p2a: Great Tusk|atk|1\n|-boost|p2a: Great Tusk|def|1\n|\n|upkeep\n|turn|9\n|\n|t:|1782434362\n|-end|p2a: Great Tusk|Protosynthesis|[silent]\n|switch|p2a: Rillaboom|Rillaboom, M|100/100\n|-damage|p2a: Rillaboom|88/100|[from] Spikes\n|-fieldstart|move: Grassy Terrain|[from] ability: Grassy Surge|[of] p2a: Rillaboom\n|move|p1a: Sinistcha|Strength Sap|p2a: Rillaboom\n|-unboost|p2a: Rillaboom|atk|1\n|\n|-heal|p2a: Rillaboom|94/100|[from] Grassy Terrain\n|upkeep\n|turn|10\n|\n|t:|1782434377\n|switch|p2a: Grimmsnarl|Grimmsnarl, M|88/100\n|-damage|p2a: Grimmsnarl|76/100|[from] Spikes\n|switch|p1a: Gliscor|Gliscor, F|100/100 tox\n|\n|-heal|p2a: Grimmsnarl|82/100|[from] Grassy Terrain\n|upkeep\n|turn|11\n|\n|t:|1782434385\n|switch|p2a: Great Tusk|Great Tusk|88/100\n|-damage|p2a: Great Tusk|76/100|[from] Spikes\n|move|p1a: Gliscor|Swords Dance|p1a: Gliscor\n|-boost|p1a: Gliscor|atk|2\n|\n|-heal|p2a: Great Tusk|82/100|[from] Grassy Terrain\n|upkeep\n|turn|12\n|\n|t:|1782434393\n|switch|p1a: Sinistcha|Sinistcha-Masterpiece|100/100\n|move|p2a: Great Tusk|Bulk Up|p2a: Great Tusk\n|-boost|p2a: Great Tusk|atk|1\n|-boost|p2a: Great Tusk|def|1\n|\n|-heal|p2a: Great Tusk|88/100|[from] Grassy Terrain\n|upkeep\n|turn|13\n|\n|t:|1782434405\n|move|p2a: Great Tusk|Ice Spinner|p1a: Sinistcha\n|-supereffective|p1a: Sinistcha\n|-damage|p1a: Sinistcha|54/100\n|-fieldend|move: Grassy Terrain\n|move|p1a: Sinistcha|Matcha Gotcha|p2a: Great Tusk\n|-supereffective|p2a: Great Tusk\n|-damage|p2a: Great Tusk|3/100\n|-heal|p1a: Sinistcha|100/100|[from] drain|[of] p2a: Great Tusk\n|\n|-sideend|p2: salazzle stan|Reflect\n|upkeep\n|turn|14\n|\n|t:|1782434419\n|move|p2a: Great Tusk|Ice Spinner|p1a: Sinistcha\n|-supereffective|p1a: Sinistcha\n|-damage|p1a: Sinistcha|51/100\n|move|p1a: Sinistcha|Strength Sap|p2a: Great Tusk\n|-unboost|p2a: Great Tusk|atk|1\n|-heal|p1a: Sinistcha|100/100\n|\n|upkeep\n|turn|15\n|\n|t:|1782434426\n|move|p2a: Great Tusk|Ice Spinner|p1a: Sinistcha\n|-supereffective|p1a: Sinistcha\n|-damage|p1a: Sinistcha|67/100\n|move|p1a: Sinistcha|Shadow Ball|p2a: Great Tusk\n|-damage|p2a: Great Tusk|0 fnt\n|faint|p2a: Great Tusk\n|-end|p2a: Great Tusk|Protosynthesis|[silent]\n|\n|upkeep\n|\n|t:|1782434435\n|switch|p2a: Rillaboom|Rillaboom, M|94/100\n|-damage|p2a: Rillaboom|82/100|[from] Spikes\n|-fieldstart|move: Grassy Terrain|[from] ability: Grassy Surge|[of] p2a: Rillaboom\n|turn|16\n|\n|t:|1782434453\n|switch|p1a: Gliscor|Gliscor, F|100/100 tox\n|move|p2a: Rillaboom|Swords Dance|p2a: Rillaboom\n|-boost|p2a: Rillaboom|atk|2\n|\n|-heal|p2a: Rillaboom|88/100|[from] Grassy Terrain\n|upkeep\n|turn|17\n|\n|t:|1782434462\n|move|p2a: Rillaboom|Grassy Glide|p1a: Gliscor\n|-damage|p1a: Gliscor|41/100 tox\n|move|p1a: Gliscor|Facade|p2a: Rillaboom\n|-damage|p2a: Rillaboom|56/100\n|\n|-heal|p2a: Rillaboom|62/100|[from] Grassy Terrain\n|-heal|p1a: Gliscor|53/100 tox|[from] ability: Poison Heal\n|upkeep\n|turn|18\n|inactive|psychlops has 120 seconds left.\n|\n|t:|1782434511\n|move|p1a: Gliscor|Protect|p1a: Gliscor\n|-singleturn|p1a: Gliscor|Protect\n|move|p2a: Rillaboom|Swords Dance|p2a: Rillaboom\n|-boost|p2a: Rillaboom|atk|2\n|\n|-heal|p2a: Rillaboom|68/100|[from] Grassy Terrain\n|-heal|p1a: Gliscor|66/100 tox|[from] ability: Poison Heal\n|upkeep\n|turn|19\n|\n|t:|1782434520\n|move|p2a: Rillaboom|Grassy Glide|p1a: Gliscor\n|-damage|p1a: Gliscor|0 fnt\n|faint|p1a: Gliscor\n|\n|-heal|p2a: Rillaboom|74/100|[from] Grassy Terrain\n|upkeep\n|-message|psychlops forfeited.\n|\n|win|salazzle stan\n|raw|psychlops's rating: 1469 &rarr; <strong>1446</strong><br />(-23 for losing)\n|raw|salazzle stan's rating: 1420 &rarr; <strong>1443</strong><br />(+23 for winning)\n|l|‽psychlops\n|player|p1|\n|l|☆salazzle stan\n|player|p2|\n", "uploadtime": 1782434867, "views": 6, "formatid": "gen9ou", "rating": 1443, "private": 0, "password": null}