{"id": "gen9ou-2647765393", "format": "[Gen 9] OU", "players": ["therealflannery_gg", "JoYuKneekYT"], "log": "|j|☆therealflannery_gg\n|j|☆JoYuKneekYT\n|t:|1783808727\n|gametype|singles\n|player|p1|therealflannery_gg|flannery|1301\n|player|p2|JoYuKneekYT|cynthia|1274\n|gen|9\n|tier|[Gen 9] OU\n|rated|\n|rule|HP Percentage Mod: HP is shown in percentages\n|rule|Endless Battle Clause: Forcing endless battles is banned\n|rule|Species Clause: Limit one of each Pokémon\n|rule|OHKO Clause: OHKO moves are banned\n|rule|Evasion Items Clause: Evasion items are banned\n|rule|Evasion Moves Clause: Evasion moves are banned\n|rule|Evasion Abilities Clause: Evasion abilities are banned\n|rule|Sleep Moves Clause: Sleep-inducing moves are banned\n|clearpoke\n|poke|p1|Ogerpon-Wellspring, F|\n|poke|p1|Darkrai|\n|poke|p1|Tornadus-Therian, M|\n|poke|p1|Pecharunt|\n|poke|p1|Bronzong|\n|poke|p1|Great Tusk|\n|poke|p2|Oricorio-Pom-Pom, M|\n|poke|p2|Ceruledge, F|\n|poke|p2|Grimmsnarl, M|\n|poke|p2|Decidueye-Hisui, F|\n|poke|p2|Cinderace, F|\n|poke|p2|Ogerpon-Wellspring, F|\n|teampreview\n|inactive|Battle timer is ON: inactive players will automatically lose when time's up. (requested by therealflannery_gg)\n|\n|t:|1783808740\n|teamsize|p1|6\n|teamsize|p2|6\n|start\n|switch|p1a: Tornadus|Tornadus-Therian, M|100/100\n|switch|p2a: Cinderace|Cinderace, F|100/100\n|turn|1\n|\n|t:|1783808754\n|move|p1a: Tornadus|U-turn|p2a: Cinderace\n|-resisted|p2a: Cinderace\n|-damage|p2a: Cinderace|87/100\n|\n|t:|1783808764\n|switch|p1a: Pecharunt|Pecharunt|100/100|[from] U-turn\n|move|p2a: Cinderace|Pyro Ball|p1a: Pecharunt\n|-damage|p1a: Pecharunt|64/100\n|\n|upkeep\n|turn|2\n|\n|t:|1783808775\n|move|p2a: Cinderace|Pyro Ball|p1a: Pecharunt\n|-damage|p1a: Pecharunt|32/100\n|move|p1a: Pecharunt|Malignant Chain|p2a: Cinderace\n|-damage|p2a: Cinderace|24/100\n|\n|upkeep\n|turn|3\n|\n|t:|1783808782\n|move|p2a: Cinderace|Pyro Ball|p1a: Pecharunt\n|-damage|p1a: Pecharunt|0 fnt\n|faint|p1a: Pecharunt\n|\n|upkeep\n|\n|t:|1783808788\n|switch|p1a: Tornadus|Tornadus-Therian, M|100/100\n|turn|4\n|\n|t:|1783808798\n|move|p1a: Tornadus|Knock Off|p2a: Cinderace\n|-damage|p2a: Cinderace|0 fnt\n|-enditem|p2a: Cinderace|Heavy-Duty Boots|[from] move: Knock Off|[of] p1a: Tornadus\n|faint|p2a: Cinderace\n|\n|upkeep\n|\n|t:|1783808802\n|switch|p2a: Grimmsnarl|Grimmsnarl, M|100/100\n|turn|5\n|\n|t:|1783808805\n|move|p2a: Grimmsnarl|Light Screen|p2a: Grimmsnarl\n|-sidestart|p2: JoYuKneekYT|move: Light Screen\n|move|p1a: Tornadus|Taunt|p2a: Grimmsnarl\n|-start|p2a: Grimmsnarl|move: Taunt\n|\n|upkeep\n|turn|6\n|\n|t:|1783808808\n|move|p1a: Tornadus|Knock Off|p2a: Grimmsnarl\n|-resisted|p2a: Grimmsnarl\n|-damage|p2a: Grimmsnarl|93/100\n|-enditem|p2a: Grimmsnarl|Light Clay|[from] move: Knock Off|[of] p1a: Tornadus\n|move|p2a: Grimmsnarl|Spirit Break|p1a: Tornadus\n|-damage|p1a: Tornadus|53/100\n|-unboost|p1a: Tornadus|spa|1\n|\n|upkeep\n|turn|7\n|\n|t:|1783808814\n|move|p1a: Tornadus|U-turn|p2a: Grimmsnarl\n|-damage|p2a: Grimmsnarl|68/100\n|\n|t:|1783808817\n|switch|p1a: Bronzong|Bronzong|100/100|[from] U-turn\n|move|p2a: Grimmsnarl|Spirit Break|p1a: Bronzong\n|-resisted|p1a: Bronzong\n|-damage|p1a: Bronzong|87/100\n|\n|upkeep\n|turn|8\n|\n|t:|1783808821\n|switch|p2a: Oricorio|Oricorio-Pom-Pom, M|100/100\n|move|p1a: Bronzong|Stealth Rock|p2a: Oricorio\n|-sidestart|p2: JoYuKneekYT|move: Stealth Rock\n|\n|upkeep\n|turn|9\n|\n|t:|1783808828\n|move|p2a: Oricorio|Quiver Dance|p2a: Oricorio\n|-boost|p2a: Oricorio|spa|1\n|-boost|p2a: Oricorio|spd|1\n|-boost|p2a: Oricorio|spe|1\n|move|p1a: Bronzong|Ice Spinner|p2a: Oricorio\n|-supereffective|p2a: Oricorio\n|-damage|p2a: Oricorio|35/100\n|-enditem|p2a: Oricorio|Kee Berry|[eat]\n|-boost|p2a: Oricorio|def|1|[from] item: Kee Berry\n|\n|upkeep\n|turn|10\n|\n|t:|1783808840\n|move|p2a: Oricorio|Roost|p2a: Oricorio\n|-heal|p2a: Oricorio|85/100\n|-singleturn|p2a: Oricorio|move: Roost\n|move|p1a: Bronzong|Earthquake|p2a: Oricorio\n|-supereffective|p2a: Oricorio\n|-damage|p2a: Oricorio|38/100\n|\n|upkeep\n|turn|11\n|\n|t:|1783808847\n|move|p2a: Oricorio|Revelation Dance|p1a: Bronzong\n|-damage|p1a: Bronzong|43/100\n|move|p1a: Bronzong|Ice Spinner|p2a: Oricorio\n|-supereffective|p2a: Oricorio\n|-damage|p2a: Oricorio|0 fnt\n|faint|p2a: Oricorio\n|\n|upkeep\n|\n|t:|1783808862\n|switch|p2a: Ogerpon|Ogerpon-Wellspring, F|100/100\n|-damage|p2a: Ogerpon|88/100|[from] Stealth Rock\n|turn|12\n|\n|t:|1783808875\n|switch|p1a: Tornadus|Tornadus-Therian, M|86/100\n|move|p2a: Ogerpon|Swords Dance|p2a: Ogerpon\n|-boost|p2a: Ogerpon|atk|2\n|\n|-sideend|p2: JoYuKneekYT|move: Light Screen\n|upkeep\n|turn|13\n|\n|t:|1783808881\n|-terastallize|p2a: Ogerpon|Water\n|detailschange|p2a: Ogerpon|Ogerpon-Wellspring-Tera, F, tera:Water\n|-ability|p2a: Ogerpon|Embody Aspect (Wellspring)|boost\n|-boost|p2a: Ogerpon|spd|1\n|move|p1a: Tornadus|Bleakwind Storm|p2a: Ogerpon\n|-damage|p2a: Ogerpon|60/100\n|move|p2a: Ogerpon|Trailblaze|p1a: Tornadus\n|-resisted|p1a: Tornadus\n|-damage|p1a: Tornadus|39/100\n|-boost|p2a: Ogerpon|spe|1\n|\n|upkeep\n|turn|14\n|\n|t:|1783808890\n|move|p2a: Ogerpon|Trailblaze|p1a: Tornadus\n|-resisted|p1a: Tornadus\n|-damage|p1a: Tornadus|0 fnt\n|-boost|p2a: Ogerpon|spe|1\n|faint|p1a: Tornadus\n|\n|upkeep\n|\n|t:|1783808892\n|switch|p1a: Great Tusk|Great Tusk|100/100\n|turn|15\n|\n|t:|1783808899\n|-terastallize|p1a: Great Tusk|Grass\n|move|p2a: Ogerpon|Ivy Cudgel|p1a: Great Tusk|[anim] Ivy Cudgel Water\n|-resisted|p1a: Great Tusk\n|-damage|p1a: Great Tusk|41/100\n|move|p1a: Great Tusk|Earthquake|p2a: Ogerpon\n|-damage|p2a: Ogerpon|0 fnt\n|faint|p2a: Ogerpon\n|detailschange|p2: Ogerpon|Ogerpon-Wellspring, F|[silent]\n|\n|upkeep\n|\n|t:|1783808904\n|switch|p2a: Decidueye|Decidueye-Hisui, F|100/100\n|-damage|p2a: Decidueye|94/100|[from] Stealth Rock\n|turn|16\n|\n|t:|1783808906\n|move|p1a: Great Tusk|Ice Spinner|p2a: Decidueye\n|-supereffective|p2a: Decidueye\n|-damage|p2a: Decidueye|27/100\n|move|p2a: Decidueye|Bulk Up|p2a: Decidueye\n|-boost|p2a: Decidueye|atk|1\n|-boost|p2a: Decidueye|def|1\n|\n|-heal|p2a: Decidueye|33/100|[from] item: Leftovers\n|upkeep\n|turn|17\n|\n|t:|1783808912\n|move|p2a: Decidueye|Sucker Punch|p1a: Great Tusk\n|-damage|p1a: Great Tusk|14/100\n|-damage|p2a: Decidueye|16/100|[from] item: Rocky Helmet|[of] p1a: Great Tusk\n|move|p1a: Great Tusk|Ice Spinner|p2a: Decidueye\n|-supereffective|p2a: Decidueye\n|-damage|p2a: Decidueye|0 fnt\n|faint|p2a: Decidueye\n|\n|upkeep\n|\n|t:|1783808935\n|switch|p2a: Grimmsnarl|Grimmsnarl, M|68/100\n|-damage|p2a: Grimmsnarl|56/100|[from] Stealth Rock\n|turn|18\n|\n|t:|1783808939\n|move|p2a: Grimmsnarl|Reflect|p2a: Grimmsnarl\n|-sidestart|p2: JoYuKneekYT|Reflect\n|move|p1a: Great Tusk|Earthquake|p2a: Grimmsnarl\n|-damage|p2a: Grimmsnarl|25/100\n|\n|upkeep\n|turn|19\n|\n|t:|1783808948\n|move|p2a: Grimmsnarl|Light Screen|p2a: Grimmsnarl\n|-sidestart|p2: JoYuKneekYT|move: Light Screen\n|move|p1a: Great Tusk|Rapid Spin|p2a: Grimmsnarl\n|-damage|p2a: Grimmsnarl|15/100\n|-boost|p1a: Great Tusk|spe|1\n|\n|upkeep\n|turn|20\n|\n|t:|1783808972\n|move|p1a: Great Tusk|Earthquake|p2a: Grimmsnarl\n|-damage|p2a: Grimmsnarl|0 fnt\n|faint|p2a: Grimmsnarl\n|\n|upkeep\n|\n|t:|1783808976\n|switch|p2a: Ceruledge|Ceruledge, F|100/100\n|-damage|p2a: Ceruledge|76/100|[from] Stealth Rock\n|turn|21\n|\n|t:|1783808986\n|move|p2a: Ceruledge|Shadow Sneak|p1a: Great Tusk\n|-damage|p1a: Great Tusk|0 fnt\n|-damage|p2a: Ceruledge|59/100|[from] item: Rocky Helmet|[of] p1a: Great Tusk\n|faint|p1a: Great Tusk\n|-end|p1a: Great Tusk|Protosynthesis|[silent]\n|\n|upkeep\n|\n|t:|1783808989\n|switch|p1a: Darkrai|Darkrai|100/100\n|turn|22\n|\n|t:|1783808992\n|move|p1a: Darkrai|Dark Pulse|p2a: Ceruledge\n|-supereffective|p2a: Ceruledge\n|-damage|p2a: Ceruledge|0 fnt\n|faint|p2a: Ceruledge\n|\n|win|therealflannery_gg\n|raw|therealflannery_gg's rating: 1301 &rarr; <strong>1319</strong><br />(+18 for winning)\n|raw|JoYuKneekYT's rating: 1274 &rarr; <strong>1251</strong><br />(-23 for losing)\n|l|☆JoYuKneekYT\n|player|p2|\n|l|☆therealflannery_gg\n|player|p1|\n", "uploadtime": 1783809319, "views": 9, "formatid": "gen9ou", "rating": 1251, "private": 0, "password": null}