{"id": "gen9ou-2639224432", "format": "[Gen 9] OU", "players": ["The Elemelons", "flachmatucht"], "log": "|j|☆The Elemelons\n|j|☆flachmatucht\n|t:|1782436708\n|gametype|singles\n|player|p1|The Elemelons|marlon|1100\n|player|p2|flachmatucht|265|1184\n|gen|9\n|tier|[Gen 9] OU\n|rated|\n|rule|HP Percentage Mod: HP is shown in percentages\n|rule|Endless Battle Clause: Forcing endless battles is banned\n|rule|Species Clause: Limit one of each Pokémon\n|rule|OHKO Clause: OHKO moves are banned\n|rule|Evasion Items Clause: Evasion items are banned\n|rule|Evasion Moves Clause: Evasion moves are banned\n|rule|Evasion Abilities Clause: Evasion abilities are banned\n|rule|Sleep Moves Clause: Sleep-inducing moves are banned\n|clearpoke\n|poke|p1|Houndoom, M|\n|poke|p1|Rillaboom, F|\n|poke|p1|Ogerpon-Cornerstone, F|\n|poke|p1|Garchomp, F|\n|poke|p1|Tyranitar, M|\n|poke|p1|Thundurus-Therian, M|\n|poke|p2|Corviknight, M|\n|poke|p2|Rillaboom, F|\n|poke|p2|Walking Wake|\n|poke|p2|Regieleki|\n|poke|p2|Ceruledge, M|\n|poke|p2|Dragapult, M|\n|teampreview\n|\n|t:|1782436715\n|teamsize|p1|6\n|teamsize|p2|6\n|start\n|switch|p1a: Garchomp|Garchomp, F|100/100\n|switch|p2a: Dragapult|Dragapult, M|100/100\n|turn|1\n|\n|t:|1782436721\n|-terastallize|p1a: Garchomp|Fire\n|move|p2a: Dragapult|Dragon Darts|p1a: Garchomp\n|-damage|p1a: Garchomp|67/100\n|-anim|p2a: Dragapult|Dragon Darts|p1a: Garchomp\n|-damage|p1a: Garchomp|31/100\n|-damage|p2a: Dragapult|91/100|[from] item: Life Orb\n|move|p1a: Garchomp|Scale Shot|p2a: Dragapult\n|-supereffective|p2a: Dragapult\n|-damage|p2a: Dragapult|55/100\n|-supereffective|p2a: Dragapult\n|-damage|p2a: Dragapult|18/100\n|-supereffective|p2a: Dragapult\n|-damage|p2a: Dragapult|0 fnt\n|faint|p2a: Dragapult\n|-hitcount|p2: Dragapult|3\n|-unboost|p1a: Garchomp|def|1\n|-boost|p1a: Garchomp|spe|1\n|\n|upkeep\n|inactive|Battle timer is ON: inactive players will automatically lose when time's up. (requested by flachmatucht)\n|\n|t:|1782436727\n|switch|p2a: Ceruledge|Ceruledge, M|100/100\n|turn|2\n|\n|t:|1782436731\n|move|p2a: Ceruledge|Shadow Sneak|p1a: Garchomp\n|-damage|p1a: Garchomp|0 fnt\n|-damage|p2a: Ceruledge|88/100|[from] ability: Rough Skin|[of] p1a: Garchomp\n|faint|p1a: Garchomp\n|\n|upkeep\n|\n|t:|1782436734\n|switch|p1a: Houndoom|Houndoom, M|100/100\n|turn|3\n|\n|t:|1782436750\n|switch|p2a: Walking Wake|Walking Wake|100/100\n|move|p1a: Houndoom|Dark Pulse|p2a: Walking Wake\n|-damage|p2a: Walking Wake|55/100\n|\n|upkeep\n|turn|4\n|\n|t:|1782436754\n|move|p1a: Houndoom|Dark Pulse|p2a: Walking Wake\n|-damage|p2a: Walking Wake|15/100\n|move|p2a: Walking Wake|Sunny Day|p2a: Walking Wake\n|-weather|SunnyDay\n|-activate|p2a: Walking Wake|ability: Protosynthesis\n|-start|p2a: Walking Wake|protosynthesisspa\n|\n|-weather|SunnyDay|[upkeep]\n|upkeep\n|turn|5\n|\n|t:|1782436757\n|move|p1a: Houndoom|Dark Pulse|p2a: Walking Wake\n|-damage|p2a: Walking Wake|0 fnt\n|faint|p2a: Walking Wake\n|-end|p2a: Walking Wake|Protosynthesis|[silent]\n|\n|-weather|SunnyDay|[upkeep]\n|upkeep\n|\n|t:|1782436761\n|switch|p2a: Regieleki|Regieleki|100/100\n|turn|6\n|\n|t:|1782436763\n|-terastallize|p2a: Regieleki|Electric\n|move|p2a: Regieleki|Thunderbolt|p1a: Houndoom\n|-damage|p1a: Houndoom|0 fnt\n|faint|p1a: Houndoom\n|\n|-weather|SunnyDay|[upkeep]\n|upkeep\n|\n|t:|1782436773\n|switch|p1a: Thundurus|Thundurus-Therian, M|100/100\n|turn|7\n|\n|t:|1782436775\n|switch|p2a: Corviknight|Corviknight, M, shiny|100/100\n|move|p1a: Thundurus|Nasty Plot|p1a: Thundurus\n|-boost|p1a: Thundurus|spa|2\n|\n|-weather|SunnyDay|[upkeep]\n|upkeep\n|turn|8\n|\n|t:|1782436781\n|move|p1a: Thundurus|Weather Ball|p2a: Corviknight\n|-supereffective|p2a: Corviknight\n|-damage|p2a: Corviknight|0 fnt\n|faint|p2a: Corviknight\n|\n|-weather|none\n|upkeep\n|\n|t:|1782436786\n|switch|p2a: Regieleki|Regieleki, tera:Electric|100/100\n|turn|9\n|\n|t:|1782436791\n|move|p2a: Regieleki|Ancient Power|p1a: Thundurus\n|-supereffective|p1a: Thundurus\n|-damage|p1a: Thundurus|26/100\n|move|p1a: Thundurus|Grass Knot|p2a: Regieleki\n|-damage|p2a: Regieleki|0 fnt\n|faint|p2a: Regieleki\n|\n|upkeep\n|\n|t:|1782436796\n|switch|p2a: Ceruledge|Ceruledge, M|88/100\n|turn|10\n|\n|t:|1782436805\n|move|p2a: Ceruledge|Shadow Sneak|p1a: Thundurus\n|-damage|p1a: Thundurus|0 fnt\n|faint|p1a: Thundurus\n|\n|upkeep\n|\n|t:|1782436807\n|switch|p1a: Ogerpon|Ogerpon-Cornerstone, F|100/100\n|turn|11\n|\n|t:|1782436810\n|switch|p2a: Rillaboom|Rillaboom, F|100/100\n|-fieldstart|move: Grassy Terrain|[from] ability: Grassy Surge|[of] p2a: Rillaboom\n|move|p1a: Ogerpon|Ivy Cudgel|p2a: Rillaboom|[anim] Ivy Cudgel Rock\n|-damage|p2a: Rillaboom|42/100\n|\n|-heal|p2a: Rillaboom|48/100|[from] Grassy Terrain\n|upkeep\n|turn|12\n|\n|t:|1782436815\n|move|p2a: Rillaboom|Fake Out|p1a: Ogerpon\n|-resisted|p1a: Ogerpon\n|-damage|p1a: Ogerpon|91/100\n|cant|p1a: Ogerpon|flinch\n|\n|-heal|p1a: Ogerpon|97/100|[from] Grassy Terrain\n|-heal|p2a: Rillaboom|54/100|[from] Grassy Terrain\n|upkeep\n|turn|13\n|\n|t:|1782436818\n|move|p1a: Ogerpon|Ivy Cudgel|p2a: Rillaboom|[anim] Ivy Cudgel Rock\n|-damage|p2a: Rillaboom|0 fnt\n|faint|p2a: Rillaboom\n|\n|-heal|p1a: Ogerpon|100/100|[from] Grassy Terrain\n|upkeep\n|\n|t:|1782436820\n|switch|p2a: Ceruledge|Ceruledge, M|88/100\n|turn|14\n|\n|t:|1782436823\n|move|p2a: Ceruledge|Shadow Sneak|p1a: Ogerpon\n|-damage|p1a: Ogerpon|73/100\n|move|p1a: Ogerpon|Ivy Cudgel|p2a: Ceruledge|[anim] Ivy Cudgel Rock\n|-supereffective|p2a: Ceruledge\n|-damage|p2a: Ceruledge|0 fnt\n|faint|p2a: Ceruledge\n|\n|win|The Elemelons\n|raw|The Elemelons's rating: 1100 &rarr; <strong>1131</strong><br />(+31 for winning)\n|raw|flachmatucht's rating: 1184 &rarr; <strong>1153</strong><br />(-31 for losing)\n|l|☆flachmatucht\n|player|p2|\n|l|☆The Elemelons\n|player|p1|\n", "uploadtime": 1782437179, "views": 11, "formatid": "gen9ou", "rating": 1131, "private": 0, "password": null}