{"id": "gen9ou-2647800801", "format": "[Gen 9] OU", "players": ["audryml", "ponytq"], "log": "|j|☆audryml\n|j|☆ponytq\n|t:|1783814953\n|gametype|singles\n|player|p1|audryml|2|1062\n|player|p2|ponytq|bruno|1128\n|gen|9\n|tier|[Gen 9] OU\n|rated|\n|rule|HP Percentage Mod: HP is shown in percentages\n|rule|Endless Battle Clause: Forcing endless battles is banned\n|rule|Species Clause: Limit one of each Pokémon\n|rule|OHKO Clause: OHKO moves are banned\n|rule|Evasion Items Clause: Evasion items are banned\n|rule|Evasion Moves Clause: Evasion moves are banned\n|rule|Evasion Abilities Clause: Evasion abilities are banned\n|rule|Sleep Moves Clause: Sleep-inducing moves are banned\n|clearpoke\n|poke|p1|Morgrem, M|\n|poke|p1|Pikachu-Original, M|\n|poke|p1|Porygon2|\n|poke|p1|Scyther, M|\n|poke|p1|Dusclops, M|\n|poke|p1|Vullaby, F|\n|poke|p2|Dragonite, F|\n|poke|p2|Kingambit, M|\n|poke|p2|Garchomp, F|\n|poke|p2|Scizor, M|\n|poke|p2|Rotom-Wash|\n|poke|p2|Gholdengo|\n|teampreview\n|l|☆ponytq\n|player|p2|\n|j|☆ponytq\n|player|p2|ponytq|bruno|\n|inactive|Battle timer is ON: inactive players will automatically lose when time's up. (requested by audryml)\n|\n|t:|1783814979\n|teamsize|p1|6\n|teamsize|p2|6\n|start\n|switch|p1a: Dusclops|Dusclops, M|100/100\n|switch|p2a: Kingambit|Kingambit, M|100/100\n|-ability|p1a: Dusclops|Pressure\n|turn|1\n|\n|t:|1783814998\n|move|p2a: Kingambit|Swords Dance|p2a: Kingambit\n|-boost|p2a: Kingambit|atk|2\n|move|p1a: Dusclops|Will-O-Wisp|p2a: Kingambit\n|-status|p2a: Kingambit|brn\n|\n|-damage|p2a: Kingambit|94/100 brn|[from] brn\n|upkeep\n|turn|2\n|\n|t:|1783815017\n|switch|p1a: Scyther|Scyther, M|100/100\n|move|p2a: Kingambit|Sucker Punch||[still]\n|-fail|p2a: Kingambit\n|\n|-damage|p2a: Kingambit|88/100 brn|[from] brn\n|upkeep\n|turn|3\n|\n|t:|1783815035\n|move|p1a: Scyther|Swords Dance|p1a: Scyther\n|-boost|p1a: Scyther|atk|2\n|move|p2a: Kingambit|Iron Head|p1a: Scyther\n|-damage|p1a: Scyther|59/100\n|\n|-damage|p2a: Kingambit|82/100 brn|[from] brn\n|upkeep\n|turn|4\n|\n|t:|1783815045\n|move|p1a: Scyther|Brick Break|p2a: Kingambit\n|-supereffective|p2a: Kingambit\n|-damage|p2a: Kingambit|0 fnt\n|faint|p2a: Kingambit\n|-end|p2a: Kingambit|fallenundefined|[silent]\n|\n|upkeep\n|\n|t:|1783815052\n|switch|p2a: Dragonite|Dragonite, F|100/100\n|turn|5\n|\n|t:|1783815063\n|move|p1a: Scyther|Dual Wingbeat|p2a: Dragonite\n|-damage|p2a: Dragonite|72/100\n|-damage|p2a: Dragonite|14/100\n|-hitcount|p2a: Dragonite|2\n|move|p2a: Dragonite|Ice Spinner|p1a: Scyther\n|-supereffective|p1a: Scyther\n|-damage|p1a: Scyther|0 fnt\n|faint|p1a: Scyther\n|\n|upkeep\n|\n|t:|1783815074\n|switch|p1a: Dusclops|Dusclops, M|100/100\n|-ability|p1a: Dusclops|Pressure\n|turn|6\n|\n|t:|1783815088\n|-terastallize|p2a: Dragonite|Normal\n|move|p1a: Dusclops|Shadow Sneak|p2a: Dragonite\n|-immune|p2a: Dragonite\n|move|p2a: Dragonite|Dragon Dance|p2a: Dragonite\n|-boost|p2a: Dragonite|atk|1\n|-boost|p2a: Dragonite|spe|1\n|\n|upkeep\n|turn|7\n|\n|t:|1783815102\n|move|p2a: Dragonite|Extreme Speed|p1a: Dusclops\n|-immune|p1a: Dusclops\n|move|p1a: Dusclops|Will-O-Wisp|p2a: Dragonite|[miss]\n|-miss|p1a: Dusclops|p2a: Dragonite\n|\n|upkeep\n|turn|8\n|\n|t:|1783815109\n|move|p2a: Dragonite|Earthquake|p1a: Dusclops\n|-damage|p1a: Dusclops|68/100\n|move|p1a: Dusclops|Will-O-Wisp|p2a: Dragonite\n|-status|p2a: Dragonite|brn\n|\n|-damage|p2a: Dragonite|8/100 brn|[from] brn\n|upkeep\n|turn|9\n|\n|t:|1783815120\n|switch|p1a: Vullaby|Vullaby, F|100/100\n|move|p2a: Dragonite|Dragon Dance|p2a: Dragonite\n|-boost|p2a: Dragonite|atk|1\n|-boost|p2a: Dragonite|spe|1\n|\n|-damage|p2a: Dragonite|1/100 brn|[from] brn\n|upkeep\n|turn|10\n|\n|t:|1783815132\n|move|p2a: Dragonite|Ice Spinner|p1a: Vullaby\n|-supereffective|p1a: Vullaby\n|-damage|p1a: Vullaby|61/100\n|move|p1a: Vullaby|Roost|p1a: Vullaby\n|-heal|p1a: Vullaby|100/100\n|-singleturn|p1a: Vullaby|move: Roost\n|\n|-damage|p2a: Dragonite|0 fnt|[from] brn\n|faint|p2a: Dragonite\n|upkeep\n|\n|t:|1783815156\n|switch|p2a: Gholdengo|Gholdengo|100/100\n|turn|11\n|\n|t:|1783815164\n|move|p2a: Gholdengo|Focus Blast|p1a: Vullaby|[miss]\n|-miss|p2a: Gholdengo|p1a: Vullaby\n|move|p1a: Vullaby|Foul Play|p2a: Gholdengo\n|-supereffective|p2a: Gholdengo\n|-damage|p2a: Gholdengo|58/100\n|\n|upkeep\n|turn|12\n|\n|t:|1783815172\n|switch|p2a: Rotom|Rotom-Wash|100/100\n|move|p1a: Vullaby|Foul Play|p2a: Rotom\n|-damage|p2a: Rotom|84/100\n|\n|-heal|p2a: Rotom|90/100|[from] item: Leftovers\n|upkeep\n|turn|13\n|\n|t:|1783815183\n|move|p2a: Rotom|Volt Switch|p1a: Vullaby\n|-supereffective|p1a: Vullaby\n|-damage|p1a: Vullaby|59/100\n|\n|t:|1783815190\n|switch|p2a: Scizor|Scizor, M|100/100|[from] Volt Switch\n|move|p1a: Vullaby|Roost|p1a: Vullaby\n|-heal|p1a: Vullaby|100/100\n|-singleturn|p1a: Vullaby|move: Roost\n|\n|upkeep\n|turn|14\n|\n|t:|1783815200\n|move|p2a: Scizor|Close Combat|p1a: Vullaby\n|-damage|p1a: Vullaby|70/100\n|-unboost|p2a: Scizor|def|1\n|-unboost|p2a: Scizor|spd|1\n|move|p1a: Vullaby|Foul Play|p2a: Scizor\n|-damage|p2a: Scizor|21/100\n|\n|-heal|p2a: Scizor|28/100|[from] item: Leftovers\n|upkeep\n|turn|15\n|\n|t:|1783815211\n|move|p2a: Scizor|Swords Dance|p2a: Scizor\n|-boost|p2a: Scizor|atk|2\n|move|p1a: Vullaby|Roost|p1a: Vullaby\n|-heal|p1a: Vullaby|100/100\n|-singleturn|p1a: Vullaby|move: Roost\n|\n|-heal|p2a: Scizor|34/100|[from] item: Leftovers\n|upkeep\n|turn|16\n|\n|t:|1783815222\n|move|p2a: Scizor|Bullet Punch|p1a: Vullaby\n|-damage|p1a: Vullaby|54/100\n|move|p1a: Vullaby|Foul Play|p2a: Scizor\n|-damage|p2a: Scizor|0 fnt\n|faint|p2a: Scizor\n|\n|upkeep\n|\n|t:|1783815228\n|switch|p2a: Garchomp|Garchomp, F|100/100\n|turn|17\n|\n|t:|1783815238\n|move|p1a: Vullaby|Toxic|p2a: Garchomp|[miss]\n|-miss|p1a: Vullaby|p2a: Garchomp\n|move|p2a: Garchomp|Dragon Tail|p1a: Vullaby\n|-damage|p1a: Vullaby|37/100\n|drag|p1a: Pikachu|Pikachu-Original, M|100/100\n|\n|upkeep\n|turn|18\n|\n|t:|1783815255\n|switch|p1a: Vullaby|Vullaby, F|37/100\n|move|p2a: Garchomp|Fire Fang|p1a: Vullaby\n|-damage|p1a: Vullaby|24/100\n|\n|upkeep\n|turn|19\n|l|☆ponytq\n|inactive|ponytq disconnected and has a minute to reconnect!\n|player|p2|\n|inactive|ponytq has 30 seconds to reconnect!\n|inactive|ponytq has 20 seconds to reconnect!\n|inactive|ponytq has 15 seconds to reconnect!\n|inactive|ponytq has 10 seconds to reconnect!\n|inactive|ponytq has 5 seconds to reconnect!\n|-message|ponytq lost due to inactivity.\n|\n|win|audryml\n|raw|audryml's rating: 1062 &rarr; <strong>1098</strong><br />(+36 for winning)\n|raw|ponytq's rating: 1128 &rarr; <strong>1098</strong><br />(-30 for losing)\n|l|☆audryml\n|player|p1|\n", "uploadtime": 1783815677, "views": 4, "formatid": "gen9ou", "rating": 1098, "private": 0, "password": null}