{"id": "gen9ou-2639220326", "format": "[Gen 9] OU", "players": ["Moon of Seoul", "dragonpimpnite"], "log": "|j|☆Moon of Seoul\n|j|☆dragonpimpnite\n|inactive|Battle timer is ON: inactive players will automatically lose when time's up.\n|t:|1782436105\n|gametype|singles\n|player|p1|Moon of Seoul|2|\n|player|p2|dragonpimpnite|lance-gen2|\n|gen|9\n|tier|[Gen 9] OU\n|rated|Tournament battle\n|rule|HP Percentage Mod: HP is shown in percentages\n|rule|Endless Battle Clause: Forcing endless battles is banned\n|rule|Species Clause: Limit one of each Pokémon\n|rule|OHKO Clause: OHKO moves are banned\n|rule|Evasion Items Clause: Evasion items are banned\n|rule|Evasion Moves Clause: Evasion moves are banned\n|rule|Evasion Abilities Clause: Evasion abilities are banned\n|rule|Sleep Moves Clause: Sleep-inducing moves are banned\n|clearpoke\n|poke|p1|Comfey, M|\n|poke|p1|Whimsicott, M|\n|poke|p1|Iron Moth|\n|poke|p1|Walking Wake|\n|poke|p1|Great Tusk|\n|poke|p1|Ninetales, F|\n|poke|p2|Gliscor, F|\n|poke|p2|Alomomola, F|\n|poke|p2|Pecharunt|\n|poke|p2|Great Tusk|\n|poke|p2|Weavile, F|\n|poke|p2|Iron Crown|\n|teampreview\n|inactive|dragonpimpnite also wants the timer to be on.\n|c|☆Moon of Seoul|glhf\n|inactive|dragonpimpnite has 120 seconds left.\n|c|☆dragonpimpnite|Hf\n|\n|t:|1782436153\n|teamsize|p1|6\n|teamsize|p2|6\n|start\n|switch|p1a: Ninetales|Ninetales, F|100/100\n|switch|p2a: Gliscor|Gliscor, F|100/100\n|-weather|SunnyDay|[from] ability: Drought|[of] p1a: Ninetales\n|turn|1\n|\n|t:|1782436161\n|move|p2a: Gliscor|Protect|p2a: Gliscor\n|-singleturn|p2a: Gliscor|Protect\n|move|p1a: Ninetales|Will-O-Wisp|p2a: Gliscor\n|-activate|p2a: Gliscor|move: Protect\n|\n|-weather|SunnyDay|[upkeep]\n|-status|p2a: Gliscor|tox|[from] item: Toxic Orb\n|upkeep\n|turn|2\n|\n|t:|1782436178\n|move|p1a: Ninetales|Encore|p2a: Gliscor\n|-start|p2a: Gliscor|Encore\n|move|p2a: Gliscor|Protect||[still]\n|-fail|p2a: Gliscor\n|\n|-weather|SunnyDay|[upkeep]\n|upkeep\n|turn|3\n|\n|t:|1782436184\n|switch|p1a: Whimsicott|Whimsicott, M|100/100\n|switch|p2a: Alomomola|Alomomola, F|100/100\n|\n|-weather|SunnyDay|[upkeep]\n|upkeep\n|turn|4\n|\n|t:|1782436189\n|switch|p2a: Pecharunt|Pecharunt|100/100\n|move|p1a: Whimsicott|Growth|p1a: Whimsicott\n|-boost|p1a: Whimsicott|atk|2\n|-boost|p1a: Whimsicott|spa|2\n|\n|-weather|SunnyDay|[upkeep]\n|upkeep\n|turn|5\n|\n|t:|1782436197\n|-terastallize|p2a: Pecharunt|Dark\n|move|p1a: Whimsicott|Shadow Ball|p2a: Pecharunt\n|-resisted|p2a: Pecharunt\n|-damage|p2a: Pecharunt|71/100\n|-damage|p1a: Whimsicott|91/100|[from] item: Life Orb\n|move|p2a: Pecharunt|Malignant Chain|p1a: Whimsicott\n|-supereffective|p1a: Whimsicott\n|-damage|p1a: Whimsicott|0 fnt\n|faint|p1a: Whimsicott\n|\n|-weather|SunnyDay|[upkeep]\n|upkeep\n|\n|t:|1782436225\n|switch|p1a: Walking Wake|Walking Wake|100/100\n|-activate|p1a: Walking Wake|ability: Protosynthesis\n|-start|p1a: Walking Wake|protosynthesisspe\n|turn|6\n|\n|t:|1782436230\n|switch|p2a: Alomomola|Alomomola, F|100/100\n|move|p1a: Walking Wake|Knock Off|p2a: Alomomola\n|-damage|p2a: Alomomola|86/100\n|-enditem|p2a: Alomomola|Assault Vest|[from] move: Knock Off|[of] p1a: Walking Wake\n|\n|-weather|SunnyDay|[upkeep]\n|upkeep\n|turn|7\n|\n|t:|1782436239\n|move|p1a: Walking Wake|Hydro Steam|p2a: Alomomola\n|-resisted|p2a: Alomomola\n|-damage|p2a: Alomomola|65/100\n|move|p2a: Alomomola|Flip Turn|p1a: Walking Wake\n|-resisted|p1a: Walking Wake\n|-damage|p1a: Walking Wake|98/100\n|\n|t:|1782436253\n|switch|p2a: Weavile|Weavile, F|100/100|[from] Flip Turn\n|-ability|p2a: Weavile|Pressure\n|\n|-weather|SunnyDay|[upkeep]\n|upkeep\n|turn|8\n|\n|t:|1782436261\n|switch|p2a: Alomomola|Alomomola, F|98/100\n|move|p1a: Walking Wake|Flip Turn|p2a: Alomomola\n|-resisted|p2a: Alomomola\n|-damage|p2a: Alomomola|95/100\n|\n|t:|1782436267\n|-end|p1a: Walking Wake|Protosynthesis|[silent]\n|switch|p1a: Great Tusk|Great Tusk|100/100|[from] Flip Turn\n|-activate|p1a: Great Tusk|ability: Protosynthesis\n|-start|p1a: Great Tusk|protosynthesisspe\n|\n|-weather|none\n|-end|p1a: Great Tusk|Protosynthesis\n|upkeep\n|turn|9\n|\n|t:|1782436279\n|move|p1a: Great Tusk|Stealth Rock|p2a: Alomomola\n|-sidestart|p2: dragonpimpnite|move: Stealth Rock\n|move|p2a: Alomomola|Flip Turn|p1a: Great Tusk\n|-supereffective|p1a: Great Tusk\n|-damage|p1a: Great Tusk|78/100\n|-damage|p2a: Alomomola|79/100|[from] item: Rocky Helmet|[of] p1a: Great Tusk\n|\n|t:|1782436285\n|switch|p2a: Iron Crown|Iron Crown|100/100|[from] Flip Turn\n|-damage|p2a: Iron Crown|94/100|[from] Stealth Rock\n|\n|upkeep\n|turn|10\n|\n|t:|1782436293\n|-end|p1a: Great Tusk|Protosynthesis|[silent]\n|switch|p1a: Ninetales|Ninetales, F|100/100\n|-weather|SunnyDay|[from] ability: Drought|[of] p1a: Ninetales\n|move|p2a: Iron Crown|Psychic Noise|p1a: Ninetales\n|-crit|p1a: Ninetales\n|-damage|p1a: Ninetales|25/100\n|-start|p1a: Ninetales|move: Heal Block\n|\n|-weather|SunnyDay|[upkeep]\n|upkeep\n|turn|11\n|\n|t:|1782436305\n|switch|p1a: Walking Wake|Walking Wake|98/100\n|-activate|p1a: Walking Wake|ability: Protosynthesis\n|-start|p1a: Walking Wake|protosynthesisspe\n|-end|p2a: Iron Crown|Quark Drive|[silent]\n|switch|p2a: Alomomola|Alomomola, F|100/100\n|-damage|p2a: Alomomola|88/100|[from] Stealth Rock\n|\n|-weather|SunnyDay|[upkeep]\n|upkeep\n|turn|12\n|\n|t:|1782436309\n|move|p1a: Walking Wake|Draco Meteor|p2a: Alomomola\n|-damage|p2a: Alomomola|44/100\n|-unboost|p1a: Walking Wake|spa|2\n|move|p2a: Alomomola|Play Rough|p1a: Walking Wake\n|-supereffective|p1a: Walking Wake\n|-damage|p1a: Walking Wake|64/100\n|\n|-weather|SunnyDay|[upkeep]\n|upkeep\n|turn|13\n|\n|t:|1782436320\n|move|p1a: Walking Wake|Flip Turn|p2a: Alomomola\n|-resisted|p2a: Alomomola\n|-damage|p2a: Alomomola|41/100\n|\n|t:|1782436331\n|-end|p1a: Walking Wake|Protosynthesis|[silent]\n|switch|p1a: Great Tusk|Great Tusk|78/100|[from] Flip Turn\n|-activate|p1a: Great Tusk|ability: Protosynthesis\n|-start|p1a: Great Tusk|protosynthesisspe\n|move|p2a: Alomomola|Flip Turn|p1a: Great Tusk\n|-supereffective|p1a: Great Tusk\n|-damage|p1a: Great Tusk|67/100\n|-damage|p2a: Alomomola|25/100|[from] item: Rocky Helmet|[of] p1a: Great Tusk\n|\n|t:|1782436337\n|switch|p2a: Iron Crown|Iron Crown|94/100|[from] Flip Turn\n|-damage|p2a: Iron Crown|88/100|[from] Stealth Rock\n|\n|-weather|SunnyDay|[upkeep]\n|upkeep\n|turn|14\n|\n|t:|1782436345\n|-end|p2a: Iron Crown|Quark Drive|[silent]\n|switch|p2a: Gliscor|Gliscor, F|100/100 tox\n|-damage|p2a: Gliscor|88/100 tox|[from] Stealth Rock\n|move|p1a: Great Tusk|Ice Spinner|p2a: Gliscor\n|-supereffective|p2a: Gliscor\n|-damage|p2a: Gliscor|27/100 tox\n|\n|-weather|SunnyDay|[upkeep]\n|-heal|p2a: Gliscor|39/100 tox|[from] ability: Poison Heal\n|upkeep\n|turn|15\n|\n|t:|1782436355\n|move|p2a: Gliscor|Protect|p2a: Gliscor\n|-singleturn|p2a: Gliscor|Protect\n|move|p1a: Great Tusk|Ice Spinner|p2a: Gliscor\n|-activate|p2a: Gliscor|move: Protect\n|\n|-weather|SunnyDay|[upkeep]\n|-heal|p2a: Gliscor|52/100 tox|[from] ability: Poison Heal\n|upkeep\n|turn|16\n|\n|t:|1782436366\n|switch|p2a: Pecharunt|Pecharunt, tera:Dark|71/100\n|move|p1a: Great Tusk|Headlong Rush|p2a: Pecharunt\n|-damage|p2a: Pecharunt|46/100\n|-unboost|p1a: Great Tusk|def|1\n|-unboost|p1a: Great Tusk|spd|1\n|\n|-weather|SunnyDay|[upkeep]\n|upkeep\n|turn|17\n|\n|t:|1782436383\n|-end|p1a: Great Tusk|Protosynthesis|[silent]\n|switch|p1a: Iron Moth|Iron Moth|100/100\n|-enditem|p1a: Iron Moth|Booster Energy\n|-activate|p1a: Iron Moth|ability: Quark Drive|[fromitem]\n|-start|p1a: Iron Moth|quarkdrivespa\n|move|p2a: Pecharunt|Recover|p2a: Pecharunt\n|-heal|p2a: Pecharunt|97/100\n|\n|-weather|none\n|upkeep\n|turn|18\n|\n|t:|1782436399\n|move|p1a: Iron Moth|Fiery Dance|p2a: Pecharunt\n|-damage|p2a: Pecharunt|36/100\n|-boost|p1a: Iron Moth|spa|1\n|move|p2a: Pecharunt|Parting Shot|p1a: Iron Moth\n|-unboost|p1a: Iron Moth|atk|1\n|-unboost|p1a: Iron Moth|spa|1\n|\n|t:|1782436407\n|switch|p2a: Alomomola|Alomomola, F|58/100|[from] Parting Shot\n|-damage|p2a: Alomomola|46/100|[from] Stealth Rock\n|\n|upkeep\n|turn|19\n|\n|t:|1782436411\n|move|p1a: Iron Moth|Sludge Wave|p2a: Alomomola\n|-damage|p2a: Alomomola|0 fnt\n|faint|p2a: Alomomola\n|\n|upkeep\n|\n|t:|1782436438\n|switch|p2a: Gliscor|Gliscor, F|52/100 tox\n|-damage|p2a: Gliscor|39/100 tox|[from] Stealth Rock\n|turn|20\n|inactive|Moon of Seoul has 120 seconds left.\n|\n|t:|1782436483\n|move|p2a: Gliscor|Protect|p2a: Gliscor\n|-singleturn|p2a: Gliscor|Protect\n|move|p1a: Iron Moth|Fiery Dance|p2a: Gliscor\n|-activate|p2a: Gliscor|move: Protect\n|\n|-heal|p2a: Gliscor|52/100 tox|[from] ability: Poison Heal\n|upkeep\n|turn|21\n|\n|t:|1782436491\n|-terastallize|p1a: Iron Moth|Fire\n|move|p1a: Iron Moth|Fiery Dance|p2a: Gliscor\n|-damage|p2a: Gliscor|0 fnt\n|-boost|p1a: Iron Moth|spa|1\n|faint|p2a: Gliscor\n|\n|upkeep\n|\n|t:|1782436502\n|switch|p2a: Iron Crown|Iron Crown|88/100\n|-damage|p2a: Iron Crown|82/100|[from] Stealth Rock\n|turn|22\n|\n|t:|1782436506\n|move|p1a: Iron Moth|Fiery Dance|p2a: Iron Crown\n|-supereffective|p2a: Iron Crown\n|-damage|p2a: Iron Crown|0 fnt\n|-boost|p1a: Iron Moth|spa|1\n|faint|p2a: Iron Crown\n|-end|p2a: Iron Crown|Quark Drive|[silent]\n|\n|upkeep\n|\n|t:|1782436508\n|switch|p2a: Weavile|Weavile, F|100/100\n|-ability|p2a: Weavile|Pressure\n|turn|23\n|c|☆Moon of Seoul|GG\n|\n|t:|1782436512\n|move|p2a: Weavile|Knock Off|p1a: Iron Moth\n|-damage|p1a: Iron Moth|46/100\n|move|p1a: Iron Moth|Fiery Dance|p2a: Weavile\n|-supereffective|p2a: Weavile\n|-damage|p2a: Weavile|0 fnt\n|faint|p2a: Weavile\n|\n|upkeep\n|-message|dragonpimpnite forfeited.\n|\n|win|Moon of Seoul\n|n|☆Moon of Seoul|moonofseoul\n|n|☆dragonpimpnite|dragonpimpnite\n|l|☆dragonpimpnite\n|player|p2|\n", "uploadtime": 1782436534, "views": 10, "formatid": "gen9ou", "rating": null, "private": 0, "password": null}