{"id": "gen9ou-2639995938", "format": "[Gen 9] OU", "players": ["robintheone", "Pinkacross"], "log": "|badge|p2|silver|gen9ou|30-9\n|html|<div class=\"broadcast-red\"><strong>This battle is required to be public due to one or more player having a season medal.</strong><br />During the public phase, you can discuss the state of the ladder <a href=\"/seasondiscussion\">in a special chatroom.</a></div>\n|uhtml|medal-msg|<div class=\"broadcast-blue\">Curious what those medals under the avatar are? PS now has Ladder Seasons! For more information, check out the <a href=\"https://www.smogon.com/forums/threads/3740067/\">thread on Smogon.</a></div>\n|raw|<div class=\"broadcast-blue\"><strong>This battle is required to be public due to a player having a name starting with 'medal'.</div>\n|j|☆robintheone\n|j|☆Pinkacross\n|t:|1782560528\n|gametype|singles\n|player|p1|robintheone|1|1637\n|player|p2|Pinkacross|artist|1894\n|gen|9\n|tier|[Gen 9] OU\n|rated|\n|rule|HP Percentage Mod: HP is shown in percentages\n|rule|Endless Battle Clause: Forcing endless battles is banned\n|rule|Species Clause: Limit one of each Pokémon\n|rule|OHKO Clause: OHKO moves are banned\n|rule|Evasion Items Clause: Evasion items are banned\n|rule|Evasion Moves Clause: Evasion moves are banned\n|rule|Evasion Abilities Clause: Evasion abilities are banned\n|rule|Sleep Moves Clause: Sleep-inducing moves are banned\n|clearpoke\n|poke|p1|Hatterene, F|\n|poke|p1|Iron Hands|\n|poke|p1|Cresselia, F|\n|poke|p1|Hoopa-Unbound|\n|poke|p1|Ursaluna, F|\n|poke|p1|Regidrago|\n|poke|p2|Gliscor, M|\n|poke|p2|Morpeko, M|\n|poke|p2|Blissey, F|\n|poke|p2|Corviknight, F|\n|poke|p2|Hoopa-Unbound|\n|poke|p2|Dragonite, M|\n|teampreview\n|inactive|Battle timer is ON: inactive players will automatically lose when time's up. (requested by robintheone)\n|j| dante1310\n|c|☆Pinkacross|hf\n|c|☆robintheone|Gl hf\n|\n|t:|1782560555\n|teamsize|p1|6\n|teamsize|p2|6\n|start\n|switch|p1a: Hatterene|Hatterene, F|100/100\n|switch|p2a: Hoopa|Hoopa-Unbound|100/100\n|turn|1\n|\n|t:|1782560560\n|-terastallize|p2a: Hoopa|Dark\n|move|p2a: Hoopa|Hyperspace Fury|p1a: Hatterene\n|-enditem|p1a: Hatterene|Focus Sash\n|-damage|p1a: Hatterene|1/100\n|-unboost|p2a: Hoopa|def|1\n|move|p1a: Hatterene|Trick Room|p1a: Hatterene\n|-fieldstart|move: Trick Room|[of] p1a: Hatterene\n|\n|upkeep\n|turn|2\n|\n|t:|1782560570\n|switch|p2a: Gliscor|Gliscor, M|100/100\n|move|p1a: Hatterene|Healing Wish|p1a: Hatterene\n|faint|p1a: Hatterene\n|\n|-status|p2a: Gliscor|tox|[from] item: Toxic Orb\n|upkeep\n|\n|t:|1782560573\n|switch|p1a: Regidrago|Regidrago|100/100\n|turn|3\n|\n|t:|1782560581\n|-terastallize|p1a: Regidrago|Dragon\n|move|p2a: Gliscor|Protect|p2a: Gliscor\n|-singleturn|p2a: Gliscor|Protect\n|move|p1a: Regidrago|Dragon Energy|p2a: Gliscor\n|-activate|p2a: Gliscor|move: Protect\n|\n|upkeep\n|turn|4\n|\n|t:|1782560589\n|switch|p2a: Blissey|Blissey, F|100/100\n|move|p1a: Regidrago|Dragon Energy|p2a: Blissey\n|-damage|p2a: Blissey|30/100\n|\n|upkeep\n|turn|5\n|\n|t:|1782560593\n|move|p2a: Blissey|Stealth Rock|p1a: Regidrago\n|-sidestart|p1: robintheone|move: Stealth Rock\n|move|p1a: Regidrago|Dragon Energy|p2a: Blissey\n|-damage|p2a: Blissey|0 fnt\n|faint|p2a: Blissey\n|\n|-fieldend|move: Trick Room\n|upkeep\n|\n|t:|1782560596\n|switch|p2a: Hoopa|Hoopa-Unbound, tera:Dark|100/100\n|turn|6\n|\n|t:|1782560618\n|switch|p1a: Ursaluna|Ursaluna, F|100/100\n|-damage|p1a: Ursaluna|94/100|[from] Stealth Rock\n|move|p2a: Hoopa|Hyperspace Fury|p1a: Ursaluna\n|-damage|p1a: Ursaluna|8/100\n|-unboost|p2a: Hoopa|def|1\n|\n|-status|p1a: Ursaluna|brn|[from] item: Flame Orb\n|upkeep\n|turn|7\n|\n|t:|1782560632\n|switch|p1a: Cresselia|Cresselia, F|100/100\n|-damage|p1a: Cresselia|88/100|[from] Stealth Rock\n|move|p2a: Hoopa|Hyperspace Fury|p1a: Cresselia\n|-supereffective|p1a: Cresselia\n|-damage|p1a: Cresselia|0 fnt\n|-unboost|p2a: Hoopa|def|1\n|faint|p1a: Cresselia\n|\n|upkeep\n|\n|t:|1782560634\n|switch|p1a: Ursaluna|Ursaluna, F|8/100 brn\n|-heal|p1a: Ursaluna|100/100|[from] move: Healing Wish\n|-damage|p1a: Ursaluna|94/100|[from] Stealth Rock\n|turn|8\n|\n|t:|1782560645\n|switch|p2a: Corviknight|Corviknight, F|100/100\n|-ability|p2a: Corviknight|Pressure\n|move|p1a: Ursaluna|Swords Dance|p1a: Ursaluna\n|-boost|p1a: Ursaluna|atk|2\n|\n|-status|p1a: Ursaluna|brn|[from] item: Flame Orb\n|upkeep\n|turn|9\n|\n|t:|1782560651\n|move|p2a: Corviknight|Iron Defense|p2a: Corviknight\n|-boost|p2a: Corviknight|def|2\n|move|p1a: Ursaluna|Fire Punch|p2a: Corviknight\n|-supereffective|p2a: Corviknight\n|-damage|p2a: Corviknight|48/100\n|-damage|p1a: Ursaluna|78/100 brn|[from] item: Rocky Helmet|[of] p2a: Corviknight\n|\n|-damage|p1a: Ursaluna|72/100 brn|[from] brn\n|upkeep\n|turn|10\n|j| Kathryne Keyron\n|\n|t:|1782560659\n|move|p2a: Corviknight|Body Press|p1a: Ursaluna\n|-supereffective|p1a: Ursaluna\n|-damage|p1a: Ursaluna|0 fnt\n|faint|p1a: Ursaluna\n|\n|upkeep\n|\n|t:|1782560671\n|switch|p1a: Iron Hands|Iron Hands|100/100\n|-damage|p1a: Iron Hands|94/100|[from] Stealth Rock\n|-enditem|p1a: Iron Hands|Booster Energy\n|-activate|p1a: Iron Hands|ability: Quark Drive|[fromitem]\n|-start|p1a: Iron Hands|quarkdriveatk\n|turn|11\n|\n|t:|1782560678\n|move|p2a: Corviknight|Body Press|p1a: Iron Hands\n|-damage|p1a: Iron Hands|64/100\n|move|p1a: Iron Hands|Swords Dance|p1a: Iron Hands\n|-boost|p1a: Iron Hands|atk|2\n|\n|upkeep\n|turn|12\n|\n|t:|1782560685\n|move|p2a: Corviknight|Body Press|p1a: Iron Hands\n|-damage|p1a: Iron Hands|31/100\n|move|p1a: Iron Hands|Drain Punch|p2a: Corviknight\n|-damage|p2a: Corviknight|14/100\n|-heal|p1a: Iron Hands|45/100|[from] drain|[of] p2a: Corviknight\n|-damage|p1a: Iron Hands|28/100|[from] item: Rocky Helmet|[of] p2a: Corviknight\n|\n|upkeep\n|turn|13\n|\n|t:|1782560690\n|move|p2a: Corviknight|Body Press|p1a: Iron Hands\n|-damage|p1a: Iron Hands|0 fnt\n|faint|p1a: Iron Hands\n|-end|p1a: Iron Hands|Quark Drive|[silent]\n|\n|upkeep\n|\n|t:|1782560699\n|switch|p1a: Hoopa|Hoopa-Unbound|100/100\n|-damage|p1a: Hoopa|88/100|[from] Stealth Rock\n|turn|14\n|l| dante1310\n|\n|t:|1782560708\n|move|p1a: Hoopa|Psychic|p2a: Corviknight\n|-resisted|p2a: Corviknight\n|-damage|p2a: Corviknight|0 fnt\n|faint|p2a: Corviknight\n|\n|upkeep\n|\n|t:|1782560711\n|switch|p2a: Hoopa|Hoopa-Unbound, tera:Dark|100/100\n|turn|15\n|\n|t:|1782560714\n|move|p2a: Hoopa|Hyperspace Fury|p1a: Hoopa\n|-damage|p1a: Hoopa|0 fnt\n|-unboost|p2a: Hoopa|def|1\n|faint|p1a: Hoopa\n|\n|upkeep\n|-message|robintheone forfeited.\n|\n|win|Pinkacross\n|raw|robintheone's rating: 1637 &rarr; <strong>1630</strong><br />(-7 for losing)\n|raw|Pinkacross's rating: 1894 &rarr; <strong>1901</strong><br />(+7 for winning)\n|l|☆robintheone\n|player|p1|\n|c|☆Pinkacross|gg\n", "uploadtime": 1782560719, "views": 20, "formatid": "gen9ou", "rating": 1630, "private": 0, "password": null}