{"id": "gen9ou-2647799201", "format": "[Gen 9] OU", "players": ["DragonMasterAdrian", "twxzzy2shifty"], "log": "|j|☆DragonMasterAdrian\n|j|☆twxzzy2shifty\n|t:|1783814673\n|gametype|singles\n|player|p1|DragonMasterAdrian|giovanni|1194\n|player|p2|twxzzy2shifty|266|1171\n|gen|9\n|tier|[Gen 9] OU\n|rated|\n|rule|HP Percentage Mod: HP is shown in percentages\n|rule|Endless Battle Clause: Forcing endless battles is banned\n|rule|Species Clause: Limit one of each Pokémon\n|rule|OHKO Clause: OHKO moves are banned\n|rule|Evasion Items Clause: Evasion items are banned\n|rule|Evasion Moves Clause: Evasion moves are banned\n|rule|Evasion Abilities Clause: Evasion abilities are banned\n|rule|Sleep Moves Clause: Sleep-inducing moves are banned\n|clearpoke\n|poke|p1|Iron Crown|\n|poke|p1|Ninetales-Alola, M|\n|poke|p1|Clefable, F|\n|poke|p1|Ogerpon-Wellspring, F|\n|poke|p1|Gholdengo|\n|poke|p1|Glimmora, M|\n|poke|p2|Pikachu, M|\n|poke|p2|Greninja-*, M|\n|poke|p2|Talonflame, F|\n|poke|p2|Hawlucha, M|\n|poke|p2|Goodra, M|\n|poke|p2|Noivern, F|\n|teampreview\n|inactive|Battle timer is ON: inactive players will automatically lose when time's up. (requested by twxzzy2shifty)\n|\n|t:|1783814684\n|teamsize|p1|6\n|teamsize|p2|6\n|start\n|switch|p1a: Iron Crown|Iron Crown|100/100\n|switch|p2a: Goodra|Goodra, M|100/100\n|turn|1\n|\n|t:|1783814691\n|move|p1a: Iron Crown|Volt Switch|p2a: Goodra\n|-resisted|p2a: Goodra\n|-damage|p2a: Goodra|93/100\n|\n|t:|1783814694\n|-end|p1a: Iron Crown|Quark Drive|[silent]\n|switch|p1a: Ninetales|Ninetales-Alola, M|100/100|[from] Volt Switch\n|-weather|Snowscape|[from] ability: Snow Warning|[of] p1a: Ninetales\n|move|p2a: Goodra|Rain Dance|p2a: Goodra\n|-weather|RainDance\n|\n|-weather|RainDance|[upkeep]\n|-heal|p2a: Goodra|99/100|[from] item: Leftovers\n|upkeep\n|turn|2\n|\n|t:|1783814706\n|switch|p2a: Greninja|Greninja, M|100/100\n|move|p1a: Ninetales|Encore||[still]\n|-fail|p1a: Ninetales\n|\n|-weather|RainDance|[upkeep]\n|upkeep\n|turn|3\n|\n|t:|1783814719\n|switch|p1a: Ogerpon|Ogerpon-Wellspring, F|100/100\n|move|p2a: Greninja|Surf|p1a: Ogerpon\n|-immune|p1a: Ogerpon|[from] ability: Water Absorb\n|\n|-weather|RainDance|[upkeep]\n|upkeep\n|turn|4\n|\n|t:|1783814733\n|switch|p2a: Talonflame|Talonflame, F|100/100\n|move|p1a: Ogerpon|Play Rough|p2a: Talonflame\n|-resisted|p2a: Talonflame\n|-damage|p2a: Talonflame|76/100\n|\n|-weather|RainDance|[upkeep]\n|-heal|p2a: Talonflame|82/100|[from] item: Leftovers\n|upkeep\n|turn|5\n|\n|t:|1783814749\n|switch|p1a: Glimmora|Glimmora, M|100/100\n|move|p2a: Talonflame|Brave Bird|p1a: Glimmora\n|-resisted|p1a: Glimmora\n|-damage|p1a: Glimmora|71/100\n|-activate|p1a: Glimmora|ability: Toxic Debris\n|-sidestart|p2: twxzzy2shifty|move: Toxic Spikes\n|-damage|p2a: Talonflame|72/100|[from] Recoil\n|\n|-weather|none\n|-heal|p2a: Talonflame|78/100|[from] item: Leftovers\n|upkeep\n|turn|6\n|\n|t:|1783814774\n|switch|p2a: Pikachu|Pikachu, M|100/100\n|-status|p2a: Pikachu|psn\n|move|p1a: Glimmora|Stealth Rock|p2a: Pikachu\n|-sidestart|p2: twxzzy2shifty|move: Stealth Rock\n|\n|-damage|p2a: Pikachu|88/100 psn|[from] psn\n|upkeep\n|turn|7\n|\n|t:|1783814787\n|move|p2a: Pikachu|Thunderbolt|p1a: Glimmora\n|-damage|p1a: Glimmora|15/100\n|move|p1a: Glimmora|Meteor Beam||[still]\n|-prepare|p1a: Glimmora|Meteor Beam\n|-boost|p1a: Glimmora|spa|1\n|-enditem|p1a: Glimmora|Power Herb\n|-anim|p1a: Glimmora|Meteor Beam|p2a: Pikachu\n|-damage|p2a: Pikachu|0 fnt\n|faint|p2a: Pikachu\n|\n|upkeep\n|inactive|twxzzy2shifty has 120 seconds left.\n|\n|t:|1783814805\n|switch|p2a: Noivern|Noivern, F|100/100\n|-damage|p2a: Noivern|75/100|[from] Stealth Rock\n|turn|8\n|inactive|twxzzy2shifty has 120 seconds left.\n|\n|t:|1783814815\n|move|p2a: Noivern|Dragon Pulse|p1a: Glimmora\n|-damage|p1a: Glimmora|0 fnt\n|faint|p1a: Glimmora\n|\n|upkeep\n|\n|t:|1783814820\n|switch|p1a: Ninetales|Ninetales-Alola, M|100/100\n|-weather|Snowscape|[from] ability: Snow Warning|[of] p1a: Ninetales\n|turn|9\n|\n|t:|1783814832\n|switch|p2a: Talonflame|Talonflame, F|78/100\n|-damage|p2a: Talonflame|28/100|[from] Stealth Rock\n|move|p1a: Ninetales|Aurora Veil|p1a: Ninetales\n|-sidestart|p1: DragonMasterAdrian|move: Aurora Veil\n|\n|-weather|Snowscape|[upkeep]\n|-heal|p2a: Talonflame|34/100|[from] item: Leftovers\n|upkeep\n|turn|10\n|\n|t:|1783814843\n|switch|p1a: Clefable|Clefable, F|100/100\n|move|p2a: Talonflame|Roost|p2a: Talonflame\n|-heal|p2a: Talonflame|84/100\n|-singleturn|p2a: Talonflame|move: Roost\n|\n|-weather|Snowscape|[upkeep]\n|-heal|p2a: Talonflame|90/100|[from] item: Leftovers\n|upkeep\n|turn|11\n|\n|t:|1783814856\n|switch|p1a: Gholdengo|Gholdengo|100/100\n|-item|p1a: Gholdengo|Air Balloon\n|move|p2a: Talonflame|Bulk Up|p2a: Talonflame\n|-boost|p2a: Talonflame|atk|1\n|-boost|p2a: Talonflame|def|1\n|\n|-weather|Snowscape|[upkeep]\n|-heal|p2a: Talonflame|96/100|[from] item: Leftovers\n|upkeep\n|turn|12\n|\n|t:|1783814866\n|-terastallize|p1a: Gholdengo|Fairy\n|move|p2a: Talonflame|Bulk Up|p2a: Talonflame\n|-boost|p2a: Talonflame|atk|1\n|-boost|p2a: Talonflame|def|1\n|move|p1a: Gholdengo|Thunder Wave|p2a: Talonflame\n|-status|p2a: Talonflame|par\n|\n|-weather|Snowscape|[upkeep]\n|-heal|p2a: Talonflame|100/100 par|[from] item: Leftovers\n|upkeep\n|turn|13\n|\n|t:|1783814882\n|move|p1a: Gholdengo|Hex|p2a: Talonflame\n|-damage|p2a: Talonflame|0 fnt\n|faint|p2a: Talonflame\n|\n|-weather|none\n|upkeep\n|inactive|twxzzy2shifty has 120 seconds left.\n|\n|t:|1783814896\n|switch|p2a: Goodra|Goodra, M|99/100\n|-status|p2a: Goodra|psn\n|-damage|p2a: Goodra|86/100 psn|[from] Stealth Rock\n|turn|14\n|inactive|twxzzy2shifty has 120 seconds left.\n|\n|t:|1783814908\n|move|p1a: Gholdengo|Hex|p2a: Goodra\n|-damage|p2a: Goodra|31/100 psn\n|move|p2a: Goodra|Sludge Bomb|p1a: Gholdengo\n|-supereffective|p1a: Gholdengo\n|-damage|p1a: Gholdengo|72/100\n|-status|p1a: Gholdengo|psn\n|-enditem|p1a: Gholdengo|Air Balloon\n|\n|-heal|p2a: Goodra|37/100 psn|[from] item: Leftovers\n|-damage|p1a: Gholdengo|59/100 psn|[from] psn\n|-damage|p2a: Goodra|25/100 psn|[from] psn\n|upkeep\n|turn|15\n|inactive|twxzzy2shifty has 120 seconds left.\n|\n|t:|1783814921\n|move|p1a: Gholdengo|Hex|p2a: Goodra\n|-damage|p2a: Goodra|0 fnt\n|faint|p2a: Goodra\n|\n|-damage|p1a: Gholdengo|47/100 psn|[from] psn\n|upkeep\n|inactive|twxzzy2shifty has 120 seconds left.\n|\n|t:|1783814929\n|switch|p2a: Greninja|Greninja, M|100/100\n|-status|p2a: Greninja|psn\n|-damage|p2a: Greninja|88/100 psn|[from] Stealth Rock\n|turn|16\n|inactive|twxzzy2shifty has 120 seconds left.\n|\n|t:|1783814946\n|switch|p1a: Clefable|Clefable, F|100/100\n|move|p2a: Greninja|Ice Beam|p1a: Clefable\n|-damage|p1a: Clefable|90/100\n|-damage|p2a: Greninja|78/100 psn|[from] item: Life Orb\n|\n|-heal|p1a: Clefable|96/100|[from] item: Leftovers\n|-damage|p2a: Greninja|66/100 psn|[from] psn\n|-sideend|p1: DragonMasterAdrian|move: Aurora Veil\n|upkeep\n|turn|17\n|inactive|twxzzy2shifty has 120 seconds left.\n|\n|t:|1783814957\n|switch|p1a: Ninetales|Ninetales-Alola, M|100/100\n|-weather|Snowscape|[from] ability: Snow Warning|[of] p1a: Ninetales\n|move|p2a: Greninja|Surf|p1a: Ninetales\n|-damage|p1a: Ninetales|38/100\n|-damage|p2a: Greninja|56/100 psn|[from] item: Life Orb\n|\n|-weather|Snowscape|[upkeep]\n|-damage|p2a: Greninja|44/100 psn|[from] psn\n|upkeep\n|turn|18\n|inactive|twxzzy2shifty has 120 seconds left.\n|\n|t:|1783814974\n|move|p2a: Greninja|Dark Pulse|p1a: Ninetales\n|-resisted|p1a: Ninetales\n|-damage|p1a: Ninetales|10/100\n|-damage|p2a: Greninja|34/100 psn|[from] item: Life Orb\n|move|p1a: Ninetales|Aurora Veil|p1a: Ninetales\n|-sidestart|p1: DragonMasterAdrian|move: Aurora Veil\n|\n|-weather|Snowscape|[upkeep]\n|-damage|p2a: Greninja|22/100 psn|[from] psn\n|upkeep\n|turn|19\n|\n|t:|1783814978\n|switch|p1a: Clefable|Clefable, F|96/100\n|move|p2a: Greninja|Dark Pulse|p1a: Clefable\n|-resisted|p1a: Clefable\n|-damage|p1a: Clefable|88/100\n|-damage|p2a: Greninja|12/100 psn|[from] item: Life Orb\n|\n|-weather|Snowscape|[upkeep]\n|-heal|p1a: Clefable|94/100|[from] item: Leftovers\n|-damage|p2a: Greninja|0 fnt|[from] psn\n|faint|p2a: Greninja\n|upkeep\n|inactive|twxzzy2shifty has 120 seconds left.\n|\n|t:|1783814991\n|switch|p2a: Hawlucha|Hawlucha, M|100/100\n|-damage|p2a: Hawlucha|88/100|[from] Stealth Rock\n|turn|20\n|inactive|twxzzy2shifty has 120 seconds left.\n|\n|t:|1783815005\n|move|p2a: Hawlucha|Swords Dance|p2a: Hawlucha\n|-boost|p2a: Hawlucha|atk|2\n|move|p1a: Clefable|Moonblast|p2a: Hawlucha\n|-supereffective|p2a: Hawlucha\n|-crit|p2a: Hawlucha\n|-damage|p2a: Hawlucha|0 fnt\n|faint|p2a: Hawlucha\n|\n|-weather|Snowscape|[upkeep]\n|-heal|p1a: Clefable|99/100|[from] item: Leftovers\n|upkeep\n|\n|t:|1783815015\n|switch|p2a: Noivern|Noivern, F|75/100\n|-damage|p2a: Noivern|50/100|[from] Stealth Rock\n|turn|21\n|\n|t:|1783815021\n|move|p2a: Noivern|Boomburst|p1a: Clefable\n|-damage|p1a: Clefable|74/100\n|move|p1a: Clefable|Moonblast|p2a: Noivern\n|-supereffective|p2a: Noivern\n|-damage|p2a: Noivern|0 fnt\n|faint|p2a: Noivern\n|\n|win|DragonMasterAdrian\n|raw|DragonMasterAdrian's rating: 1194 &rarr; <strong>1217</strong><br />(+23 for winning)\n|raw|twxzzy2shifty's rating: 1171 &rarr; <strong>1148</strong><br />(-23 for losing)\n|l|☆twxzzy2shifty\n|player|p2|\n|c|☆DragonMasterAdrian|gg\n|l|☆DragonMasterAdrian\n|player|p1|\n", "uploadtime": 1783815405, "views": 9, "formatid": "gen9ou", "rating": 1148, "private": 0, "password": null}