{"id": "gen9ou-2540806629", "format": "[Gen 9] OU", "players": ["FIREEEE", "3idk"], "log": "|j|☆FIREEEE\n|j|☆3idk\n|t:|1771256020\n|gametype|singles\n|player|p1|FIREEEE|pokekid|1771\n|player|p2|3idk|cynthia-masters|1715\n|gen|9\n|tier|[Gen 9] OU\n|rated|\n|rule|HP Percentage Mod: HP is shown in percentages\n|rule|Endless Battle Clause: Forcing endless battles is banned\n|rule|Species Clause: Limit one of each Pokémon\n|rule|OHKO Clause: OHKO moves are banned\n|rule|Evasion Items Clause: Evasion items are banned\n|rule|Evasion Moves Clause: Evasion moves are banned\n|rule|Evasion Abilities Clause: Evasion abilities are banned\n|rule|Sleep Moves Clause: Sleep-inducing moves are banned\n|clearpoke\n|poke|p1|Heatran, F|\n|poke|p1|Rillaboom, M|\n|poke|p1|Dragapult, F|\n|poke|p1|Ting-Lu|\n|poke|p1|Iron Crown|\n|poke|p1|Hatterene, F|\n|poke|p2|Pelipper, F|\n|poke|p2|Hatterene, F|\n|poke|p2|Iron Treads|\n|poke|p2|Toxicroak, F|\n|poke|p2|Barraskewda, F|\n|poke|p2|Zapdos|\n|teampreview\n|inactive|Battle timer is ON: inactive players will automatically lose when time's up. (requested by 3idk)\n|\n|t:|1771256046\n|teamsize|p1|6\n|teamsize|p2|6\n|start\n|switch|p1a: Iron Crown|Iron Crown|100/100\n|switch|p2a: Pelipper|Pelipper, F|100/100\n|-weather|RainDance|[from] ability: Drizzle|[of] p2a: Pelipper\n|turn|1\n|\n|t:|1771256056\n|move|p1a: Iron Crown|Future Sight|p2a: Pelipper\n|-start|p1a: Iron Crown|move: Future Sight\n|move|p2a: Pelipper|Knock Off|p1a: Iron Crown\n|-supereffective|p1a: Iron Crown\n|-damage|p1a: Iron Crown|74/100\n|-enditem|p1a: Iron Crown|Choice Specs|[from] move: Knock Off|[of] p2a: Pelipper\n|\n|-weather|RainDance|[upkeep]\n|upkeep\n|turn|2\n|\n|t:|1771256065\n|switch|p2a: Iron Treads|Iron Treads|100/100\n|move|p1a: Iron Crown|Volt Switch|p2a: Iron Treads\n|-immune|p2a: Iron Treads\n|\n|-weather|RainDance|[upkeep]\n|upkeep\n|turn|3\n|\n|t:|1771256071\n|-end|p1a: Iron Crown|Quark Drive|[silent]\n|switch|p1a: Rillaboom|Rillaboom, M|100/100\n|-fieldstart|move: Grassy Terrain|[from] ability: Grassy Surge|[of] p1a: Rillaboom\n|move|p2a: Iron Treads|Stealth Rock|p1a: Rillaboom\n|-sidestart|p1: FIREEEE|move: Stealth Rock\n|\n|-weather|RainDance|[upkeep]\n|-end|p2a: Iron Treads|move: Future Sight\n|-resisted|p2a: Iron Treads\n|-damage|p2a: Iron Treads|78/100\n|-heal|p2a: Iron Treads|84/100|[from] Grassy Terrain\n|-heal|p2a: Iron Treads|90/100|[from] item: Leftovers\n|upkeep\n|turn|4\n|\n|t:|1771256076\n|-end|p2a: Iron Treads|Quark Drive|[silent]\n|switch|p2a: Toxicroak|Toxicroak, F|100/100\n|move|p1a: Rillaboom|Knock Off|p2a: Toxicroak\n|-resisted|p2a: Toxicroak\n|-damage|p2a: Toxicroak|83/100\n|-damage|p1a: Rillaboom|84/100|[from] item: Rocky Helmet|[of] p2a: Toxicroak\n|-enditem|p2a: Toxicroak|Rocky Helmet|[from] move: Knock Off|[of] p1a: Rillaboom\n|\n|-weather|RainDance|[upkeep]\n|-heal|p2a: Toxicroak|95/100|[from] ability: Dry Skin\n|-heal|p2a: Toxicroak|100/100|[from] Grassy Terrain\n|-heal|p1a: Rillaboom|90/100|[from] Grassy Terrain\n|upkeep\n|turn|5\n|\n|t:|1771256084\n|switch|p1a: Iron Crown|Iron Crown|74/100\n|-damage|p1a: Iron Crown|68/100|[from] Stealth Rock\n|move|p2a: Toxicroak|Knock Off|p1a: Iron Crown\n|-supereffective|p1a: Iron Crown\n|-damage|p1a: Iron Crown|35/100\n|\n|-weather|RainDance|[upkeep]\n|-heal|p1a: Iron Crown|41/100|[from] Grassy Terrain\n|upkeep\n|turn|6\n|\n|t:|1771256095\n|switch|p2a: Hatterene|Hatterene, F|100/100\n|move|p1a: Iron Crown|Psyshock|p2a: Hatterene\n|-resisted|p2a: Hatterene\n|-damage|p2a: Hatterene|81/100\n|-enditem|p2a: Hatterene|Eject Button\n|\n|t:|1771256101\n|switch|p2a: Barraskewda|Barraskewda, F|100/100\n|\n|-weather|RainDance|[upkeep]\n|-heal|p1a: Iron Crown|48/100|[from] Grassy Terrain\n|upkeep\n|turn|7\n|j| Ctannn\n|\n|t:|1771256107\n|move|p2a: Barraskewda|Liquidation|p1a: Iron Crown\n|-damage|p1a: Iron Crown|0 fnt\n|faint|p1a: Iron Crown\n|-end|p1a: Iron Crown|Quark Drive|[silent]\n|\n|-weather|RainDance|[upkeep]\n|upkeep\n|\n|t:|1771256112\n|switch|p1a: Dragapult|Dragapult, F|100/100\n|-damage|p1a: Dragapult|88/100|[from] Stealth Rock\n|turn|8\n|\n|t:|1771256125\n|-terastallize|p2a: Barraskewda|Water\n|move|p2a: Barraskewda|Liquidation|p1a: Dragapult\n|-resisted|p1a: Dragapult\n|-damage|p1a: Dragapult|1/100\n|move|p1a: Dragapult|Dragon Darts|p2a: Barraskewda\n|-damage|p2a: Barraskewda|29/100\n|-anim|p1a: Dragapult|Dragon Darts|p2a: Barraskewda\n|-damage|p2a: Barraskewda|0 fnt\n|faint|p2a: Barraskewda\n|\n|-weather|none\n|-heal|p1a: Dragapult|7/100|[from] Grassy Terrain\n|upkeep\n|c|☆3idk|unfortunate roll\n|j| pyrocynical_n_word\n|inactive|3idk has 120 seconds left.\n|\n|t:|1771256157\n|switch|p2a: Pelipper|Pelipper, F|100/100\n|-weather|RainDance|[from] ability: Drizzle|[of] p2a: Pelipper\n|turn|9\n|\n|t:|1771256164\n|move|p1a: Dragapult|Dragon Darts|p2a: Pelipper\n|-damage|p2a: Pelipper|61/100\n|-anim|p1a: Dragapult|Dragon Darts|p2a: Pelipper\n|-damage|p2a: Pelipper|25/100\n|move|p2a: Pelipper|U-turn|p1a: Dragapult\n|-resisted|p1a: Dragapult\n|-damage|p1a: Dragapult|0 fnt\n|faint|p1a: Dragapult\n|\n|t:|1771256169\n|switch|p2a: Zapdos|Zapdos|100/100|[from] U-turn\n|\n|-weather|RainDance|[upkeep]\n|upkeep\n|\n|t:|1771256178\n|switch|p1a: Heatran|Heatran, F|100/100\n|-damage|p1a: Heatran|88/100|[from] Stealth Rock\n|turn|10\n|\n|t:|1771256184\n|move|p1a: Heatran|Protect|p1a: Heatran\n|-singleturn|p1a: Heatran|Protect\n|move|p2a: Zapdos|Weather Ball|p1a: Heatran\n|-activate|p1a: Heatran|move: Protect\n|\n|-weather|RainDance|[upkeep]\n|-heal|p1a: Heatran|94/100|[from] Grassy Terrain\n|-heal|p1a: Heatran|100/100|[from] item: Leftovers\n|-fieldend|move: Grassy Terrain\n|upkeep\n|turn|11\n|\n|t:|1771256189\n|move|p2a: Zapdos|Weather Ball|p1a: Heatran\n|-supereffective|p1a: Heatran\n|-damage|p1a: Heatran|0 fnt\n|faint|p1a: Heatran\n|\n|-weather|RainDance|[upkeep]\n|upkeep\n|\n|t:|1771256199\n|switch|p1a: Rillaboom|Rillaboom, M|90/100\n|-damage|p1a: Rillaboom|78/100|[from] Stealth Rock\n|-fieldstart|move: Grassy Terrain|[from] ability: Grassy Surge|[of] p1a: Rillaboom\n|turn|12\n|\n|t:|1771256206\n|switch|p2a: Toxicroak|Toxicroak, F|100/100\n|move|p1a: Rillaboom|Knock Off|p2a: Toxicroak\n|-resisted|p2a: Toxicroak\n|-damage|p2a: Toxicroak|89/100\n|\n|-weather|RainDance|[upkeep]\n|-heal|p2a: Toxicroak|100/100|[from] ability: Dry Skin\n|-heal|p1a: Rillaboom|84/100|[from] Grassy Terrain\n|upkeep\n|turn|13\n|\n|t:|1771256216\n|switch|p1a: Ting-Lu|Ting-Lu|100/100\n|-damage|p1a: Ting-Lu|94/100|[from] Stealth Rock\n|-ability|p1a: Ting-Lu|Vessel of Ruin\n|move|p2a: Toxicroak|Knock Off|p1a: Ting-Lu\n|-resisted|p1a: Ting-Lu\n|-damage|p1a: Ting-Lu|88/100\n|-enditem|p1a: Ting-Lu|Leftovers|[from] move: Knock Off|[of] p2a: Toxicroak\n|\n|-weather|RainDance|[upkeep]\n|-heal|p1a: Ting-Lu|94/100|[from] Grassy Terrain\n|upkeep\n|turn|14\n|\n|t:|1771256222\n|switch|p2a: Hatterene|Hatterene, F|81/100\n|move|p1a: Ting-Lu|Ruination|p2a: Hatterene\n|-damage|p2a: Hatterene|41/100\n|\n|-weather|RainDance|[upkeep]\n|-heal|p2a: Hatterene|47/100|[from] Grassy Terrain\n|-heal|p1a: Ting-Lu|100/100|[from] Grassy Terrain\n|upkeep\n|turn|15\n|\n|t:|1771256227\n|move|p2a: Hatterene|Draining Kiss|p1a: Ting-Lu\n|-supereffective|p1a: Ting-Lu\n|-damage|p1a: Ting-Lu|82/100\n|-heal|p2a: Hatterene|70/100|[from] drain|[of] p1a: Ting-Lu\n|move|p1a: Ting-Lu|Payback|p2a: Hatterene\n|-damage|p2a: Hatterene|36/100\n|\n|-weather|RainDance|[upkeep]\n|-heal|p2a: Hatterene|42/100|[from] Grassy Terrain\n|-heal|p1a: Ting-Lu|88/100|[from] Grassy Terrain\n|upkeep\n|turn|16\n|\n|t:|1771256237\n|switch|p1a: Hatterene|Hatterene, F|100/100\n|-damage|p1a: Hatterene|88/100|[from] Stealth Rock\n|-enditem|p1a: Hatterene|Grassy Seed\n|-boost|p1a: Hatterene|def|1|[from] item: Grassy Seed\n|move|p2a: Hatterene|Draining Kiss|p1a: Hatterene\n|-damage|p1a: Hatterene|65/100\n|-heal|p2a: Hatterene|60/100|[from] drain|[of] p1a: Hatterene\n|\n|-weather|none\n|-heal|p2a: Hatterene|66/100|[from] Grassy Terrain\n|-heal|p1a: Hatterene|71/100|[from] Grassy Terrain\n|upkeep\n|turn|17\n|\n|t:|1771256244\n|move|p2a: Hatterene|Nuzzle|p1a: Hatterene\n|-damage|p1a: Hatterene|68/100\n|-status|p1a: Hatterene|par\n|move|p1a: Hatterene|Calm Mind|p1a: Hatterene\n|-boost|p1a: Hatterene|spa|1\n|-boost|p1a: Hatterene|spd|1\n|\n|-heal|p2a: Hatterene|72/100|[from] Grassy Terrain\n|-heal|p1a: Hatterene|74/100 par|[from] Grassy Terrain\n|upkeep\n|turn|18\n|\n|t:|1771256254\n|switch|p2a: Pelipper|Pelipper, F|25/100\n|-weather|RainDance|[from] ability: Drizzle|[of] p2a: Pelipper\n|move|p1a: Hatterene|Calm Mind|p1a: Hatterene\n|-boost|p1a: Hatterene|spa|1\n|-boost|p1a: Hatterene|spd|1\n|\n|-weather|RainDance|[upkeep]\n|-heal|p1a: Hatterene|80/100 par|[from] Grassy Terrain\n|upkeep\n|turn|19\n|\n|t:|1771256259\n|switch|p2a: Iron Treads|Iron Treads|90/100\n|move|p1a: Hatterene|Draining Kiss|p2a: Iron Treads\n|-resisted|p2a: Iron Treads\n|-damage|p2a: Iron Treads|71/100\n|-heal|p1a: Hatterene|97/100 par|[from] drain|[of] p2a: Iron Treads\n|\n|-weather|RainDance|[upkeep]\n|-heal|p2a: Iron Treads|77/100|[from] Grassy Terrain\n|-heal|p2a: Iron Treads|83/100|[from] item: Leftovers\n|-heal|p1a: Hatterene|100/100 par|[from] Grassy Terrain\n|-fieldend|move: Grassy Terrain\n|upkeep\n|turn|20\n|\n|t:|1771256275\n|-terastallize|p1a: Hatterene|Water\n|move|p2a: Iron Treads|Earthquake|p1a: Hatterene\n|-damage|p1a: Hatterene|78/100 par\n|move|p1a: Hatterene|Draining Kiss|p2a: Iron Treads\n|-resisted|p2a: Iron Treads\n|-damage|p2a: Iron Treads|66/100\n|-heal|p1a: Hatterene|94/100 par|[from] drain|[of] p2a: Iron Treads\n|\n|-weather|RainDance|[upkeep]\n|-heal|p2a: Iron Treads|72/100|[from] item: Leftovers\n|upkeep\n|turn|21\n|\n|t:|1771256280\n|move|p2a: Iron Treads|Earthquake|p1a: Hatterene\n|-damage|p1a: Hatterene|74/100 par\n|move|p1a: Hatterene|Stored Power|p2a: Iron Treads\n|-resisted|p2a: Iron Treads\n|-damage|p2a: Iron Treads|27/100\n|\n|-weather|RainDance|[upkeep]\n|-heal|p2a: Iron Treads|33/100|[from] item: Leftovers\n|upkeep\n|turn|22\n|\n|t:|1771256283\n|move|p2a: Iron Treads|Earthquake|p1a: Hatterene\n|-damage|p1a: Hatterene|54/100 par\n|move|p1a: Hatterene|Draining Kiss|p2a: Iron Treads\n|-resisted|p2a: Iron Treads\n|-damage|p2a: Iron Treads|15/100\n|-heal|p1a: Hatterene|71/100 par|[from] drain|[of] p2a: Iron Treads\n|\n|-weather|RainDance|[upkeep]\n|-heal|p2a: Iron Treads|21/100|[from] item: Leftovers\n|upkeep\n|turn|23\n|\n|t:|1771256287\n|move|p2a: Iron Treads|Earthquake|p1a: Hatterene\n|-damage|p1a: Hatterene|51/100 par\n|move|p1a: Hatterene|Draining Kiss|p2a: Iron Treads\n|-resisted|p2a: Iron Treads\n|-damage|p2a: Iron Treads|4/100\n|-heal|p1a: Hatterene|66/100 par|[from] drain|[of] p2a: Iron Treads\n|\n|-weather|RainDance|[upkeep]\n|-heal|p2a: Iron Treads|10/100|[from] item: Leftovers\n|upkeep\n|turn|24\n|\n|t:|1771256291\n|move|p2a: Iron Treads|Earthquake|p1a: Hatterene\n|-damage|p1a: Hatterene|44/100 par\n|move|p1a: Hatterene|Draining Kiss|p2a: Iron Treads\n|-resisted|p2a: Iron Treads\n|-damage|p2a: Iron Treads|0 fnt\n|-heal|p1a: Hatterene|53/100 par|[from] drain|[of] p2a: Iron Treads\n|faint|p2a: Iron Treads\n|-end|p2a: Iron Treads|Quark Drive|[silent]\n|\n|-weather|RainDance|[upkeep]\n|upkeep\n|\n|t:|1771256295\n|switch|p2a: Zapdos|Zapdos|100/100\n|turn|25\n|\n|t:|1771256318\n|move|p2a: Zapdos|Thunder|p1a: Hatterene\n|-supereffective|p1a: Hatterene\n|-damage|p1a: Hatterene|0 fnt\n|faint|p1a: Hatterene\n|\n|-weather|none\n|upkeep\n|j| hbgzd\n|c|☆FIREEEE|gg\n|c|☆3idk|ggs mate\n|-message|FIREEEE forfeited.\n|\n|win|3idk\n|raw|FIREEEE's rating: 1771 &rarr; <strong>1748</strong><br />(-23 for losing)\n|raw|3idk's rating: 1715 &rarr; <strong>1738</strong><br />(+23 for winning)\n|l|☆FIREEEE\n|player|p1|\n|l| pyrocynical_n_word\n", "uploadtime": 1771256343, "views": 4, "formatid": "gen9ou", "rating": 1738, "private": 0, "password": null}