{"id": "gen9ou-2639250877", "format": "[Gen 9] OU", "players": ["StormIsNotOmega", "WoukalarHunter"], "log": "|j|☆StormIsNotOmega\n|j|☆WoukalarHunter\n|t:|1782440544\n|gametype|singles\n|player|p1|StormIsNotOmega|psychic-gen4|1314\n|player|p2|WoukalarHunter|backpacker|1265\n|gen|9\n|tier|[Gen 9] OU\n|rated|\n|rule|HP Percentage Mod: HP is shown in percentages\n|rule|Endless Battle Clause: Forcing endless battles is banned\n|rule|Species Clause: Limit one of each Pokémon\n|rule|OHKO Clause: OHKO moves are banned\n|rule|Evasion Items Clause: Evasion items are banned\n|rule|Evasion Moves Clause: Evasion moves are banned\n|rule|Evasion Abilities Clause: Evasion abilities are banned\n|rule|Sleep Moves Clause: Sleep-inducing moves are banned\n|clearpoke\n|poke|p1|Blissey, F|\n|poke|p1|Clodsire, M|\n|poke|p1|Moltres|\n|poke|p1|Gliscor, F|\n|poke|p1|Dondozo, M|\n|poke|p1|Weezing-Galar, F|\n|poke|p2|Toucannon, M|\n|poke|p2|Dragonite, F|\n|poke|p2|Zamazenta-*|\n|poke|p2|Iron Treads|\n|poke|p2|Zapdos|\n|poke|p2|Primarina, M|\n|teampreview\n|inactive|Battle timer is ON: inactive players will automatically lose when time's up. (requested by StormIsNotOmega)\n|\n|t:|1782440554\n|teamsize|p1|6\n|teamsize|p2|6\n|start\n|switch|p1a: Gliscor|Gliscor, F|100/100\n|switch|p2a: Franky|Toucannon, M|100/100\n|turn|1\n|\n|t:|1782440561\n|move|p1a: Gliscor|Protect|p1a: Gliscor\n|-singleturn|p1a: Gliscor|Protect\n|move|p2a: Franky|Knock Off|p1a: Gliscor\n|-activate|p1a: Gliscor|move: Protect\n|\n|-status|p1a: Gliscor|tox|[from] item: Toxic Orb\n|upkeep\n|turn|2\n|\n|t:|1782440571\n|switch|p2a: Eustass Kid|Iron Treads|100/100\n|-item|p2a: Eustass Kid|Air Balloon\n|move|p1a: Gliscor|Knock Off|p2a: Eustass Kid\n|-damage|p2a: Eustass Kid|81/100\n|-enditem|p2a: Eustass Kid|Air Balloon\n|\n|upkeep\n|turn|3\n|\n|t:|1782440580\n|-terastallize|p1a: Gliscor|Normal\n|move|p2a: Eustass Kid|Ice Spinner|p1a: Gliscor\n|-damage|p1a: Gliscor|82/100 tox\n|move|p1a: Gliscor|Swords Dance|p1a: Gliscor\n|-boost|p1a: Gliscor|atk|2\n|\n|-heal|p1a: Gliscor|95/100 tox|[from] ability: Poison Heal\n|upkeep\n|turn|4\n|\n|t:|1782440591\n|move|p2a: Eustass Kid|Knock Off|p1a: Gliscor\n|-damage|p1a: Gliscor|71/100 tox\n|-enditem|p1a: Gliscor|Toxic Orb|[from] move: Knock Off|[of] p2a: Eustass Kid\n|move|p1a: Gliscor|Facade|p2a: Eustass Kid\n|-resisted|p2a: Eustass Kid\n|-damage|p2a: Eustass Kid|42/100\n|\n|-heal|p1a: Gliscor|84/100 tox|[from] ability: Poison Heal\n|upkeep\n|turn|5\n|\n|t:|1782440601\n|move|p2a: Eustass Kid|Rapid Spin|p1a: Gliscor\n|-damage|p1a: Gliscor|73/100 tox\n|-boost|p2a: Eustass Kid|spe|1\n|move|p1a: Gliscor|Facade|p2a: Eustass Kid\n|-resisted|p2a: Eustass Kid\n|-damage|p2a: Eustass Kid|4/100\n|\n|-heal|p1a: Gliscor|85/100 tox|[from] ability: Poison Heal\n|upkeep\n|turn|6\n|\n|t:|1782440613\n|move|p2a: Eustass Kid|Earthquake|p1a: Gliscor\n|-damage|p1a: Gliscor|47/100 tox\n|move|p1a: Gliscor|Facade|p2a: Eustass Kid\n|-resisted|p2a: Eustass Kid\n|-damage|p2a: Eustass Kid|0 fnt\n|faint|p2a: Eustass Kid\n|-end|p2a: Eustass Kid|Quark Drive|[silent]\n|\n|-heal|p1a: Gliscor|59/100 tox|[from] ability: Poison Heal\n|upkeep\n|\n|t:|1782440634\n|switch|p2a: Enel|Zapdos|100/100\n|turn|7\n|\n|t:|1782440637\n|move|p1a: Gliscor|Protect|p1a: Gliscor\n|-singleturn|p1a: Gliscor|Protect\n|move|p2a: Enel|Hurricane|p1a: Gliscor\n|-activate|p1a: Gliscor|move: Protect\n|\n|-heal|p1a: Gliscor|72/100 tox|[from] ability: Poison Heal\n|upkeep\n|turn|8\n|\n|t:|1782440646\n|move|p2a: Enel|Hurricane|p1a: Gliscor\n|-damage|p1a: Gliscor|4/100 tox\n|move|p1a: Gliscor|Facade|p2a: Enel\n|-damage|p2a: Enel|0 fnt\n|faint|p2a: Enel\n|\n|-heal|p1a: Gliscor|17/100 tox|[from] ability: Poison Heal\n|upkeep\n|-message|WoukalarHunter forfeited.\n|\n|win|StormIsNotOmega\n|raw|StormIsNotOmega's rating: 1314 &rarr; <strong>1331</strong><br />(+17 for winning)\n|raw|WoukalarHunter's rating: 1265 &rarr; <strong>1244</strong><br />(-21 for losing)\n|l|☆WoukalarHunter\n|player|p2|\n|l|☆StormIsNotOmega\n|player|p1|\n", "uploadtime": 1782440987, "views": 7, "formatid": "gen9ou", "rating": 1244, "private": 0, "password": null}