{"id": "gen9ou-2640012129", "format": "[Gen 9] OU", "players": ["Kochu_shak", "kshuaib734"], "log": "|j|☆Kochu_shak\n|j|☆kshuaib734\n|t:|1782563590\n|gametype|singles\n|player|p1|Kochu_shak|2|1711\n|player|p2|kshuaib734|steven|1629\n|gen|9\n|tier|[Gen 9] OU\n|rated|\n|rule|HP Percentage Mod: HP is shown in percentages\n|rule|Endless Battle Clause: Forcing endless battles is banned\n|rule|Species Clause: Limit one of each Pokémon\n|rule|OHKO Clause: OHKO moves are banned\n|rule|Evasion Items Clause: Evasion items are banned\n|rule|Evasion Moves Clause: Evasion moves are banned\n|rule|Evasion Abilities Clause: Evasion abilities are banned\n|rule|Sleep Moves Clause: Sleep-inducing moves are banned\n|clearpoke\n|poke|p1|Araquanid, F|\n|poke|p1|Gholdengo|\n|poke|p1|Iron Moth|\n|poke|p1|Iron Valiant|\n|poke|p1|Raging Bolt|\n|poke|p1|Kingambit, F|\n|poke|p2|Tyranitar, M|\n|poke|p2|Dragapult, F|\n|poke|p2|Pelipper, M|\n|poke|p2|Quaquaval, M|\n|poke|p2|Kingdra, F|\n|poke|p2|Excadrill, F|\n|teampreview\n|inactive|Battle timer is ON: inactive players will automatically lose when time's up. (requested by kshuaib734)\n|j| Kathryne Keyron\n|inactive|Kochu_shak has 120 seconds left.\n|\n|t:|1782563634\n|teamsize|p1|6\n|teamsize|p2|6\n|start\n|switch|p1a: QUZZ|Iron Valiant|100/100\n|switch|p2a: King Tyrant|Tyranitar, M|100/100\n|-weather|Sandstorm|[from] ability: Sand Stream|[of] p2a: King Tyrant\n|-enditem|p1a: QUZZ|Booster Energy\n|-activate|p1a: QUZZ|ability: Quark Drive|[fromitem]\n|-start|p1a: QUZZ|quarkdrivespa\n|turn|1\n|\n|t:|1782563644\n|switch|p2a: Tyrant's Legacy|Excadrill, F|100/100\n|move|p1a: QUZZ|Moonblast|p2a: Tyrant's Legacy\n|-resisted|p2a: Tyrant's Legacy\n|-damage|p2a: Tyrant's Legacy|54/100\n|\n|-weather|Sandstorm|[upkeep]\n|-damage|p1a: QUZZ|94/100|[from] Sandstorm\n|upkeep\n|turn|2\n|\n|t:|1782563656\n|move|p1a: QUZZ|Vacuum Wave|p2a: Tyrant's Legacy\n|-supereffective|p2a: Tyrant's Legacy\n|-damage|p2a: Tyrant's Legacy|0 fnt\n|faint|p2a: Tyrant's Legacy\n|\n|-weather|Sandstorm|[upkeep]\n|-damage|p1a: QUZZ|88/100|[from] Sandstorm\n|upkeep\n|\n|t:|1782563668\n|switch|p2a: Tyrant's Downpour|Pelipper, M|100/100\n|-weather|RainDance|[from] ability: Drizzle|[of] p2a: Tyrant's Downpour\n|turn|3\n|\n|t:|1782563674\n|move|p1a: QUZZ|Moonblast|p2a: Tyrant's Downpour\n|-damage|p2a: Tyrant's Downpour|9/100\n|move|p2a: Tyrant's Downpour|Hurricane|p1a: QUZZ\n|-supereffective|p1a: QUZZ\n|-damage|p1a: QUZZ|0 fnt\n|faint|p1a: QUZZ\n|-end|p1a: QUZZ|Quark Drive|[silent]\n|\n|-weather|RainDance|[upkeep]\n|upkeep\n|\n|t:|1782563689\n|switch|p1a: QUIL|Araquanid, F|100/100\n|turn|4\n|\n|t:|1782563695\n|move|p2a: Tyrant's Downpour|Hurricane|p1a: QUIL\n|-supereffective|p1a: QUIL\n|-damage|p1a: QUIL|54/100\n|move|p1a: QUIL|Sticky Web|p2a: Tyrant's Downpour\n|-sidestart|p2: kshuaib734|move: Sticky Web\n|\n|-weather|RainDance|[upkeep]\n|upkeep\n|turn|5\n|\n|t:|1782563701\n|move|p2a: Tyrant's Downpour|Hurricane|p1a: QUIL\n|-supereffective|p1a: QUIL\n|-damage|p1a: QUIL|2/100\n|move|p1a: QUIL|Surf|p2a: Tyrant's Downpour\n|-resisted|p2a: Tyrant's Downpour\n|-damage|p2a: Tyrant's Downpour|0 fnt\n|faint|p2a: Tyrant's Downpour\n|\n|-weather|RainDance|[upkeep]\n|upkeep\n|\n|t:|1782563711\n|switch|p2a: Tyrant's Endgame|Quaquaval, M|100/100\n|-activate|p2a: Tyrant's Endgame|move: Sticky Web\n|-unboost|p2a: Tyrant's Endgame|spe|1\n|turn|6\n|-enditem|p1a: QUIL|Custap Berry|[eat]\n|-activate|p1a: QUIL|item: Custap Berry|[consumed]\n|\n|t:|1782563716\n|-terastallize|p1a: QUIL|Ghost\n|move|p2a: Tyrant's Endgame|Aqua Jet|p1a: QUIL\n|-damage|p1a: QUIL|0 fnt\n|faint|p1a: QUIL\n|\n|-weather|RainDance|[upkeep]\n|upkeep\n|\n|t:|1782563735\n|switch|p1a: DELI|Raging Bolt|100/100\n|-enditem|p1a: DELI|Booster Energy\n|-activate|p1a: DELI|ability: Protosynthesis|[fromitem]\n|-start|p1a: DELI|protosynthesisspa\n|turn|7\n|\n|t:|1782563743\n|switch|p2a: Tyrant's Enforcer|Dragapult, F|100/100\n|-activate|p2a: Tyrant's Enforcer|move: Sticky Web\n|-unboost|p2a: Tyrant's Enforcer|spe|1\n|move|p1a: DELI|Calm Mind|p1a: DELI\n|-boost|p1a: DELI|spa|1\n|-boost|p1a: DELI|spd|1\n|\n|-weather|RainDance|[upkeep]\n|upkeep\n|turn|8\n|\n|t:|1782563752\n|move|p2a: Tyrant's Enforcer|Dragon Darts|p1a: DELI\n|-supereffective|p1a: DELI\n|-damage|p1a: DELI|53/100\n|-anim|p2a: Tyrant's Enforcer|Dragon Darts|p1a: DELI\n|-supereffective|p1a: DELI\n|-damage|p1a: DELI|1/100\n|-damage|p2a: Tyrant's Enforcer|91/100|[from] item: Life Orb\n|move|p1a: DELI|Dragon Pulse|p2a: Tyrant's Enforcer\n|-supereffective|p2a: Tyrant's Enforcer\n|-damage|p2a: Tyrant's Enforcer|0 fnt\n|faint|p2a: Tyrant's Enforcer\n|\n|-weather|RainDance|[upkeep]\n|upkeep\n|\n|t:|1782563769\n|switch|p2a: King Tyrant|Tyranitar, M|100/100\n|-activate|p2a: King Tyrant|move: Sticky Web\n|-unboost|p2a: King Tyrant|spe|1\n|-weather|Sandstorm|[from] ability: Sand Stream|[of] p2a: King Tyrant\n|turn|9\n|\n|t:|1782563774\n|move|p1a: DELI|Thunderbolt|p2a: King Tyrant\n|-damage|p2a: King Tyrant|40/100\n|move|p2a: King Tyrant|Stealth Rock|p1a: DELI\n|-sidestart|p1: Kochu_shak|move: Stealth Rock\n|\n|-weather|Sandstorm|[upkeep]\n|-damage|p1a: DELI|0 fnt|[from] Sandstorm\n|faint|p1a: DELI\n|-end|p1a: DELI|Protosynthesis|[silent]\n|upkeep\n|\n|t:|1782563787\n|switch|p1a: SUPA|Kingambit, F|100/100\n|-damage|p1a: SUPA|94/100|[from] Stealth Rock\n|-activate|p1a: SUPA|ability: Supreme Overlord\n|-start|p1a: SUPA|fallen3|[silent]\n|-item|p1a: SUPA|Air Balloon\n|turn|10\n|\n|t:|1782563796\n|move|p1a: SUPA|Swords Dance|p1a: SUPA\n|-boost|p1a: SUPA|atk|2\n|move|p2a: King Tyrant|Thunderbolt|p1a: SUPA\n|-damage|p1a: SUPA|69/100\n|-enditem|p1a: SUPA|Air Balloon\n|\n|-weather|Sandstorm|[upkeep]\n|upkeep\n|turn|11\n|\n|t:|1782563803\n|move|p1a: SUPA|Swords Dance|p1a: SUPA\n|-boost|p1a: SUPA|atk|2\n|move|p2a: King Tyrant|Thunderbolt|p1a: SUPA\n|-damage|p1a: SUPA|41/100\n|\n|-weather|Sandstorm|[upkeep]\n|upkeep\n|turn|12\n|\n|t:|1782563810\n|move|p1a: SUPA|Kowtow Cleave|p2a: King Tyrant\n|-resisted|p2a: King Tyrant\n|-damage|p2a: King Tyrant|0 fnt\n|faint|p2a: King Tyrant\n|\n|-weather|Sandstorm|[upkeep]\n|upkeep\n|\n|t:|1782563815\n|switch|p2a: Tyrant's Endgame|Quaquaval, M|100/100\n|-activate|p2a: Tyrant's Endgame|move: Sticky Web\n|-unboost|p2a: Tyrant's Endgame|spe|1\n|turn|13\n|\n|t:|1782563820\n|-terastallize|p2a: Tyrant's Endgame|Water\n|move|p2a: Tyrant's Endgame|Aqua Jet|p1a: SUPA\n|-crit|p1a: SUPA\n|-damage|p1a: SUPA|0 fnt\n|faint|p1a: SUPA\n|-end|p1a: SUPA|fallen3|[silent]\n|\n|-weather|none\n|upkeep\n|\n|t:|1782563826\n|switch|p1a: TREE?|Gholdengo|100/100\n|-damage|p1a: TREE?|94/100|[from] Stealth Rock\n|-item|p1a: TREE?|Air Balloon\n|turn|14\n|\n|t:|1782563831\n|move|p2a: Tyrant's Endgame|Aqua Jet|p1a: TREE?\n|-damage|p1a: TREE?|49/100\n|-enditem|p1a: TREE?|Air Balloon\n|move|p1a: TREE?|Shadow Ball|p2a: Tyrant's Endgame\n|-damage|p2a: Tyrant's Endgame|43/100\n|-unboost|p2a: Tyrant's Endgame|spd|1\n|\n|upkeep\n|turn|15\n|\n|t:|1782563839\n|move|p2a: Tyrant's Endgame|Aqua Jet|p1a: TREE?\n|-damage|p1a: TREE?|4/100\n|move|p1a: TREE?|Shadow Ball|p2a: Tyrant's Endgame\n|-damage|p2a: Tyrant's Endgame|0 fnt\n|faint|p2a: Tyrant's Endgame\n|\n|upkeep\n|\n|t:|1782563846\n|switch|p2a: Tyrant's Vengeance|Kingdra, F|100/100\n|-activate|p2a: Tyrant's Vengeance|move: Sticky Web\n|-unboost|p2a: Tyrant's Vengeance|spe|1\n|turn|16\n|\n|t:|1782563850\n|move|p1a: TREE?|Shadow Ball|p2a: Tyrant's Vengeance\n|-damage|p2a: Tyrant's Vengeance|44/100\n|move|p2a: Tyrant's Vengeance|Flip Turn|p1a: TREE?\n|-damage|p1a: TREE?|0 fnt\n|faint|p1a: TREE?\n|\n|upkeep\n|\n|t:|1782563853\n|switch|p1a: CALA|Iron Moth|100/100\n|-damage|p1a: CALA|76/100|[from] Stealth Rock\n|-enditem|p1a: CALA|Booster Energy\n|-activate|p1a: CALA|ability: Quark Drive|[fromitem]\n|-start|p1a: CALA|quarkdrivespa\n|turn|17\n|\n|t:|1782563861\n|move|p1a: CALA|Sludge Wave|p2a: Tyrant's Vengeance\n|-damage|p2a: Tyrant's Vengeance|0 fnt\n|faint|p2a: Tyrant's Vengeance\n|\n|win|Kochu_shak\n|raw|Kochu_shak's rating: 1711 &rarr; <strong>1726</strong><br />(+15 for winning)\n|raw|kshuaib734's rating: 1629 &rarr; <strong>1614</strong><br />(-15 for losing)\n|l|☆kshuaib734\n|player|p2|\n|l|☆Kochu_shak\n|player|p1|\n", "uploadtime": 1782564050, "views": 6, "formatid": "gen9ou", "rating": 1614, "private": 0, "password": null}