{"id": "gen9ou-2647747119", "format": "[Gen 9] OU", "players": ["maketherainyo", "reezoo"], "log": "|j|☆maketherainyo\n|j|☆reezoo\n|t:|1783805729\n|gametype|singles\n|player|p1|maketherainyo|169|1094\n|player|p2|reezoo|265|1116\n|gen|9\n|tier|[Gen 9] OU\n|rated|\n|rule|HP Percentage Mod: HP is shown in percentages\n|rule|Endless Battle Clause: Forcing endless battles is banned\n|rule|Species Clause: Limit one of each Pokémon\n|rule|OHKO Clause: OHKO moves are banned\n|rule|Evasion Items Clause: Evasion items are banned\n|rule|Evasion Moves Clause: Evasion moves are banned\n|rule|Evasion Abilities Clause: Evasion abilities are banned\n|rule|Sleep Moves Clause: Sleep-inducing moves are banned\n|clearpoke\n|poke|p1|Scrafty, M|\n|poke|p1|Bombirdier, F|\n|poke|p1|Varoom, M|\n|poke|p1|Infernape, M|\n|poke|p1|Raboot, M|\n|poke|p1|Calyrex|\n|poke|p2|Ting-Lu|\n|poke|p2|Gholdengo|\n|poke|p2|Ogerpon-Wellspring, F|\n|poke|p2|Dragonite, M|\n|poke|p2|Clefable, F|\n|poke|p2|Great Tusk|\n|teampreview\n|inactive|Battle timer is ON: inactive players will automatically lose when time's up. (requested by maketherainyo)\n|\n|t:|1783805749\n|teamsize|p1|6\n|teamsize|p2|6\n|start\n|switch|p1a: Slow start|Varoom, M, shiny|100/100\n|switch|p2a: Clefable|Clefable, F|100/100\n|turn|1\n|\n|t:|1783805755\n|move|p1a: Slow start|Toxic|p2a: Clefable\n|-status|p2a: Clefable|tox\n|move|p2a: Clefable|Thunder Wave|p1a: Slow start\n|-status|p1a: Slow start|par\n|\n|-damage|p2a: Clefable|94/100 tox|[from] psn\n|upkeep\n|turn|2\n|\n|t:|1783805766\n|switch|p2a: Great Tusk|Great Tusk|100/100\n|move|p1a: Slow start|Toxic Spikes|p2a: Great Tusk\n|-sidestart|p2: reezoo|move: Toxic Spikes\n|\n|upkeep\n|turn|3\n|\n|t:|1783805775\n|move|p2a: Great Tusk|Rapid Spin|p1a: Slow start\n|-resisted|p1a: Slow start\n|-damage|p1a: Slow start|83/100 par\n|-boost|p2a: Great Tusk|spe|1\n|-sideend|p2: reezoo|Toxic Spikes|[from] move: Rapid Spin|[of] p2a: Great Tusk\n|move|p1a: Slow start|Toxic|p2a: Great Tusk\n|-status|p2a: Great Tusk|tox\n|\n|-damage|p2a: Great Tusk|94/100 tox|[from] psn\n|upkeep\n|turn|4\n|\n|t:|1783805781\n|move|p2a: Great Tusk|Headlong Rush|p1a: Slow start\n|-supereffective|p1a: Slow start\n|-damage|p1a: Slow start|0 fnt\n|-unboost|p2a: Great Tusk|def|1\n|-unboost|p2a: Great Tusk|spd|1\n|faint|p1a: Slow start\n|\n|-damage|p2a: Great Tusk|82/100 tox|[from] psn\n|upkeep\n|\n|t:|1783805790\n|switch|p1a: Oh great heavens|Bombirdier, F, shiny|100/100\n|turn|5\n|\n|t:|1783805811\n|move|p2a: Great Tusk|Stealth Rock|p1a: Oh great heavens\n|-sidestart|p1: maketherainyo|move: Stealth Rock\n|move|p1a: Oh great heavens|Knock Off|p2a: Great Tusk\n|-resisted|p2a: Great Tusk\n|-damage|p2a: Great Tusk|48/100 tox\n|-enditem|p2a: Great Tusk|Heavy-Duty Boots|[from] move: Knock Off|[of] p1a: Oh great heavens\n|-damage|p1a: Oh great heavens|91/100|[from] item: Life Orb\n|\n|-damage|p2a: Great Tusk|30/100 tox|[from] psn\n|upkeep\n|turn|6\n|\n|t:|1783805822\n|move|p2a: Great Tusk|Close Combat|p1a: Oh great heavens\n|-damage|p1a: Oh great heavens|22/100\n|-unboost|p2a: Great Tusk|def|1\n|-unboost|p2a: Great Tusk|spd|1\n|move|p1a: Oh great heavens|Rock Slide|p2a: Great Tusk\n|-resisted|p2a: Great Tusk\n|-damage|p2a: Great Tusk|12/100 tox\n|-damage|p1a: Oh great heavens|12/100|[from] item: Life Orb\n|\n|-damage|p2a: Great Tusk|0 fnt|[from] psn\n|faint|p2a: Great Tusk\n|-end|p2a: Great Tusk|Protosynthesis|[silent]\n|upkeep\n|\n|t:|1783805834\n|switch|p2a: Ogerpon|Ogerpon-Wellspring, F|100/100\n|turn|7\n|\n|t:|1783805839\n|move|p2a: Ogerpon|Ivy Cudgel|p1a: Oh great heavens|[anim] Ivy Cudgel Water\n|-damage|p1a: Oh great heavens|0 fnt\n|faint|p1a: Oh great heavens\n|\n|upkeep\n|\n|t:|1783805844\n|switch|p1a: Kingg|Calyrex|100/100\n|-ability|p1a: Kingg|Unnerve\n|-damage|p1a: Kingg|88/100|[from] Stealth Rock\n|turn|8\n|\n|t:|1783805853\n|move|p2a: Ogerpon|Knock Off|p1a: Kingg\n|-supereffective|p1a: Kingg\n|-damage|p1a: Kingg|18/100\n|-enditem|p1a: Kingg|Big Root|[from] move: Knock Off|[of] p2a: Ogerpon\n|move|p1a: Kingg|Psychic|p2a: Ogerpon\n|-crit|p2a: Ogerpon\n|-damage|p2a: Ogerpon|46/100\n|\n|upkeep\n|turn|9\n|\n|t:|1783805862\n|move|p2a: Ogerpon|Knock Off|p1a: Kingg\n|-supereffective|p1a: Kingg\n|-damage|p1a: Kingg|0 fnt\n|faint|p1a: Kingg\n|\n|upkeep\n|\n|t:|1783805864\n|switch|p1a: Hit the dance|Scrafty, M|100/100\n|-damage|p1a: Hit the dance|95/100|[from] Stealth Rock\n|turn|10\n|\n|t:|1783805874\n|switch|p2a: Clefable|Clefable, F|94/100 tox\n|move|p1a: Hit the dance|Dragon Dance|p1a: Hit the dance\n|-boost|p1a: Hit the dance|atk|1\n|-boost|p1a: Hit the dance|spe|1\n|\n|-damage|p2a: Clefable|88/100 tox|[from] psn\n|upkeep\n|turn|11\n|\n|t:|1783805879\n|-terastallize|p1a: Hit the dance|Fighting\n|move|p1a: Hit the dance|Dragon Dance|p1a: Hit the dance\n|-boost|p1a: Hit the dance|atk|1\n|-boost|p1a: Hit the dance|spe|1\n|move|p2a: Clefable|Moonblast|p1a: Hit the dance\n|-supereffective|p1a: Hit the dance\n|-crit|p1a: Hit the dance\n|-damage|p1a: Hit the dance|3/100\n|-unboost|p1a: Hit the dance|spa|1\n|\n|-damage|p2a: Clefable|76/100 tox|[from] psn\n|upkeep\n|turn|12\n|\n|t:|1783805894\n|move|p1a: Hit the dance|Ice Punch|p2a: Clefable\n|-damage|p2a: Clefable|59/100 tox\n|move|p2a: Clefable|Moonblast|p1a: Hit the dance\n|-supereffective|p1a: Hit the dance\n|-damage|p1a: Hit the dance|0 fnt\n|faint|p1a: Hit the dance\n|\n|-damage|p2a: Clefable|41/100 tox|[from] psn\n|upkeep\n|\n|t:|1783805909\n|switch|p1a: My b-day|Raboot, M, shiny|100/100\n|-damage|p1a: My b-day|75/100|[from] Stealth Rock\n|turn|13\n|\n|t:|1783805916\n|move|p1a: My b-day|Flare Blitz|p2a: Clefable\n|-damage|p2a: Clefable|3/100 tox\n|-damage|p1a: My b-day|57/100|[from] Recoil\n|move|p2a: Clefable|Thunder Wave|p1a: My b-day\n|-status|p1a: My b-day|par\n|\n|-damage|p2a: Clefable|0 fnt|[from] psn\n|faint|p2a: Clefable\n|upkeep\n|\n|t:|1783805929\n|switch|p2a: Dragonite|Dragonite, M|100/100\n|turn|14\n|\n|t:|1783805934\n|move|p1a: My b-day|Sucker Punch|p2a: Dragonite\n|-start|p1a: My b-day|typechange|Dark|[from] ability: Libero\n|-damage|p2a: Dragonite|83/100\n|move|p2a: Dragonite|Earthquake|p1a: My b-day\n|-damage|p1a: My b-day|12/100 par\n|\n|upkeep\n|turn|15\n|\n|t:|1783805941\n|cant|p1a: My b-day|par\n|move|p2a: Dragonite|Dragon Dance|p2a: Dragonite\n|-boost|p2a: Dragonite|atk|1\n|-boost|p2a: Dragonite|spe|1\n|\n|upkeep\n|turn|16\n|\n|t:|1783805946\n|move|p2a: Dragonite|Extreme Speed|p1a: My b-day\n|-damage|p1a: My b-day|0 fnt\n|faint|p1a: My b-day\n|\n|upkeep\n|\n|t:|1783805951\n|switch|p1a: King Kong|Infernape, M, shiny|100/100\n|-damage|p1a: King Kong|88/100|[from] Stealth Rock\n|turn|17\n|\n|t:|1783805958\n|-terastallize|p2a: Dragonite|Normal\n|move|p2a: Dragonite|Extreme Speed|p1a: King Kong\n|-damage|p1a: King Kong|0 fnt\n|faint|p1a: King Kong\n|\n|win|reezoo\n|raw|maketherainyo's rating: 1094 &rarr; <strong>1071</strong><br />(-23 for losing)\n|raw|reezoo's rating: 1116 &rarr; <strong>1139</strong><br />(+23 for winning)\n|l|☆reezoo\n|player|p2|\n|l|☆maketherainyo\n|player|p1|\n", "uploadtime": 1783806237, "views": 4, "formatid": "gen9ou", "rating": 1071, "private": 0, "password": null}