{"id": "gen9ou-2640020533", "format": "[Gen 9] OU", "players": ["LowEL0God", "KnuckleTesting"], "log": "|j|☆LowEL0God\n|j|☆KnuckleTesting\n|t:|1782565096\n|gametype|singles\n|player|p1|LowEL0God|2|1591\n|player|p2|KnuckleTesting|265|1577\n|gen|9\n|tier|[Gen 9] OU\n|rated|\n|rule|HP Percentage Mod: HP is shown in percentages\n|rule|Endless Battle Clause: Forcing endless battles is banned\n|rule|Species Clause: Limit one of each Pokémon\n|rule|OHKO Clause: OHKO moves are banned\n|rule|Evasion Items Clause: Evasion items are banned\n|rule|Evasion Moves Clause: Evasion moves are banned\n|rule|Evasion Abilities Clause: Evasion abilities are banned\n|rule|Sleep Moves Clause: Sleep-inducing moves are banned\n|clearpoke\n|poke|p1|Pelipper, M|\n|poke|p1|Torkoal, F|\n|poke|p1|Walking Wake|\n|poke|p1|Tyranitar, F|\n|poke|p1|Excadrill, F|\n|poke|p1|Ogerpon-Wellspring, F|\n|poke|p2|Darkrai|\n|poke|p2|Garchomp, F|\n|poke|p2|Alomomola, M|\n|poke|p2|Corviknight, M|\n|poke|p2|Weezing-Galar, M|\n|poke|p2|Ogerpon, F|\n|teampreview\n|inactive|Battle timer is ON: inactive players will automatically lose when time's up. (requested by KnuckleTesting)\n|inactive|LowEL0God also wants the timer to be on.\n|inactive|KnuckleTesting has 120 seconds left.\n|inactive|KnuckleTesting has 90 seconds left.\n|inactive|KnuckleTesting has 60 seconds left.\n|\n|t:|1782565195\n|teamsize|p1|6\n|teamsize|p2|6\n|start\n|switch|p1a: Hurricane Spam|Pelipper, M, shiny|100/100\n|switch|p2a: Ogerpon|Ogerpon, F|100/100\n|-weather|RainDance|[from] ability: Drizzle|[of] p1a: Hurricane Spam\n|turn|1\n|\n|t:|1782565199\n|move|p2a: Ogerpon|Ivy Cudgel|p1a: Hurricane Spam\n|-crit|p1a: Hurricane Spam\n|-damage|p1a: Hurricane Spam|24/100\n|move|p1a: Hurricane Spam|Hurricane|p2a: Ogerpon\n|-supereffective|p2a: Ogerpon\n|-damage|p2a: Ogerpon|0 fnt\n|faint|p2a: Ogerpon\n|\n|-weather|RainDance|[upkeep]\n|upkeep\n|\n|t:|1782565208\n|switch|p2a: Garchomp|Garchomp, F|100/100\n|turn|2\n|\n|t:|1782565210\n|move|p2a: Garchomp|Stealth Rock|p1a: Hurricane Spam\n|-sidestart|p1: LowEL0God|move: Stealth Rock\n|move|p1a: Hurricane Spam|Hurricane|p2a: Garchomp\n|-damage|p2a: Garchomp|35/100\n|-start|p2a: Garchomp|confusion\n|\n|-weather|RainDance|[upkeep]\n|upkeep\n|turn|3\n|\n|t:|1782565215\n|switch|p2a: Alomomola|Alomomola, M|100/100\n|move|p1a: Hurricane Spam|Hurricane|p2a: Alomomola\n|-damage|p2a: Alomomola|68/100\n|\n|-weather|RainDance|[upkeep]\n|upkeep\n|turn|4\n|\n|t:|1782565218\n|move|p1a: Hurricane Spam|Hurricane|p2a: Alomomola\n|-damage|p2a: Alomomola|29/100\n|move|p2a: Alomomola|Flip Turn|p1a: Hurricane Spam\n|-resisted|p1a: Hurricane Spam\n|-damage|p1a: Hurricane Spam|11/100\n|\n|t:|1782565223\n|switch|p2a: Darkrai|Darkrai|100/100|[from] Flip Turn\n|\n|-weather|RainDance|[upkeep]\n|upkeep\n|turn|5\n|\n|t:|1782565225\n|switch|p1a: No Lando Plz|Tyranitar, F, shiny|100/100\n|-weather|Sandstorm|[from] ability: Sand Stream|[of] p1a: No Lando Plz\n|move|p2a: Darkrai|Dark Pulse|p1a: No Lando Plz\n|-resisted|p1a: No Lando Plz\n|-damage|p1a: No Lando Plz|86/100\n|\n|-weather|Sandstorm|[upkeep]\n|-damage|p2a: Darkrai|94/100|[from] Sandstorm\n|upkeep\n|turn|6\n|\n|t:|1782565230\n|switch|p2a: Corviknight|Corviknight, M|100/100\n|-ability|p2a: Corviknight|Pressure\n|move|p1a: No Lando Plz|Ice Beam|p2a: Corviknight\n|-damage|p2a: Corviknight|88/100\n|\n|-weather|Sandstorm|[upkeep]\n|-heal|p2a: Corviknight|94/100|[from] item: Leftovers\n|upkeep\n|turn|7\n|\n|t:|1782565234\n|move|p1a: No Lando Plz|Stealth Rock|p2a: Corviknight\n|-sidestart|p2: KnuckleTesting|move: Stealth Rock\n|move|p2a: Corviknight|U-turn|p1a: No Lando Plz\n|-supereffective|p1a: No Lando Plz\n|-damage|p1a: No Lando Plz|64/100\n|\n|t:|1782565237\n|switch|p2a: Garchomp|Garchomp, F|35/100|[from] U-turn\n|-damage|p2a: Garchomp|29/100|[from] Stealth Rock\n|\n|-weather|Sandstorm|[upkeep]\n|upkeep\n|turn|8\n|\n|t:|1782565242\n|switch|p1a: Ogerpon|Ogerpon-Wellspring, F|100/100\n|-damage|p1a: Ogerpon|88/100|[from] Stealth Rock\n|move|p2a: Garchomp|Spikes|p1a: Ogerpon\n|-sidestart|p1: LowEL0God|Spikes\n|\n|-weather|Sandstorm|[upkeep]\n|-damage|p1a: Ogerpon|82/100|[from] Sandstorm\n|upkeep\n|turn|9\n|\n|t:|1782565246\n|move|p1a: Ogerpon|Ivy Cudgel|p2a: Garchomp|[anim] Ivy Cudgel Water\n|-crit|p2a: Garchomp\n|-damage|p2a: Garchomp|0 fnt\n|faint|p2a: Garchomp\n|\n|-weather|none\n|upkeep\n|\n|t:|1782565253\n|switch|p2a: Corviknight|Corviknight, M|94/100\n|-damage|p2a: Corviknight|81/100|[from] Stealth Rock\n|-ability|p2a: Corviknight|Pressure\n|turn|10\n|\n|t:|1782565254\n|-terastallize|p1a: Ogerpon|Water\n|detailschange|p1a: Ogerpon|Ogerpon-Wellspring-Tera, F, tera:Water\n|-ability|p1a: Ogerpon|Embody Aspect (Wellspring)|boost\n|-boost|p1a: Ogerpon|spd|1\n|move|p1a: Ogerpon|Ivy Cudgel|p2a: Corviknight|[anim] Ivy Cudgel Water\n|-damage|p2a: Corviknight|21/100\n|move|p2a: Corviknight|U-turn|p1a: Ogerpon\n|-damage|p1a: Ogerpon|64/100\n|\n|t:|1782565262\n|switch|p2a: Weezing|Weezing-Galar, M|100/100|[from] U-turn\n|-ability|p2a: Weezing|Neutralizing Gas\n|\n|upkeep\n|turn|11\n|\n|t:|1782565264\n|move|p1a: Ogerpon|Ivy Cudgel|p2a: Weezing|[anim] Ivy Cudgel Water\n|-damage|p2a: Weezing|52/100\n|move|p2a: Weezing|Will-O-Wisp|p1a: Ogerpon\n|-status|p1a: Ogerpon|brn\n|\n|-damage|p1a: Ogerpon|58/100 brn|[from] brn\n|upkeep\n|turn|12\n|\n|t:|1782565276\n|move|p1a: Ogerpon|Ivy Cudgel|p2a: Weezing|[anim] Ivy Cudgel Water\n|-damage|p2a: Weezing|28/100\n|move|p2a: Weezing|Pain Split|p1a: Ogerpon\n|-sethp|p1a: Ogerpon|44/100 brn|[from] move: Pain Split|[silent]\n|-sethp|p2a: Weezing|40/100|[from] move: Pain Split\n|\n|-damage|p1a: Ogerpon|38/100 brn|[from] brn\n|upkeep\n|turn|13\n|\n|t:|1782565282\n|move|p1a: Ogerpon|Ivy Cudgel|p2a: Weezing|[anim] Ivy Cudgel Water\n|-damage|p2a: Weezing|14/100\n|move|p2a: Weezing|Sludge Bomb|p1a: Ogerpon\n|-damage|p1a: Ogerpon|18/100 brn\n|\n|-damage|p1a: Ogerpon|12/100 brn|[from] brn\n|upkeep\n|turn|14\n|\n|t:|1782565285\n|move|p1a: Ogerpon|Ivy Cudgel|p2a: Weezing|[anim] Ivy Cudgel Water\n|-damage|p2a: Weezing|0 fnt\n|faint|p2a: Weezing\n|-end|p2a: Weezing|ability: Neutralizing Gas\n|\n|-damage|p1a: Ogerpon|6/100 brn|[from] brn\n|upkeep\n|\n|t:|1782565294\n|switch|p2a: Corviknight|Corviknight, M|21/100\n|-damage|p2a: Corviknight|8/100|[from] Stealth Rock\n|-ability|p2a: Corviknight|Pressure\n|turn|15\n|\n|t:|1782565296\n|move|p1a: Ogerpon|Ivy Cudgel|p2a: Corviknight|[anim] Ivy Cudgel Water\n|-damage|p2a: Corviknight|0 fnt\n|faint|p2a: Corviknight\n|\n|-damage|p1a: Ogerpon|0 fnt|[from] brn\n|faint|p1a: Ogerpon\n|detailschange|p1: Ogerpon|Ogerpon-Wellspring, F|[silent]\n|upkeep\n|\n|t:|1782565301\n|switch|p1a: No Lando Plz|Tyranitar, F, shiny|64/100\n|switch|p2a: Darkrai|Darkrai|94/100\n|-damage|p2a: Darkrai|82/100|[from] Stealth Rock\n|-weather|Sandstorm|[from] ability: Sand Stream|[of] p1a: No Lando Plz\n|turn|16\n|\n|t:|1782565303\n|move|p2a: Darkrai|Focus Blast|p1a: No Lando Plz\n|-supereffective|p1a: No Lando Plz\n|-damage|p1a: No Lando Plz|0 fnt\n|faint|p1a: No Lando Plz\n|\n|-weather|Sandstorm|[upkeep]\n|-damage|p2a: Darkrai|76/100|[from] Sandstorm\n|upkeep\n|\n|t:|1782565303\n|switch|p1a: No Hazards for You|Excadrill, F, shiny|100/100\n|-damage|p1a: No Hazards for You|97/100|[from] Stealth Rock\n|-damage|p1a: No Hazards for You|85/100|[from] Spikes\n|turn|17\n|\n|t:|1782565307\n|move|p1a: No Hazards for You|Earthquake|p2a: Darkrai\n|-damage|p2a: Darkrai|0 fnt\n|faint|p2a: Darkrai\n|\n|-weather|Sandstorm|[upkeep]\n|upkeep\n|-message|KnuckleTesting forfeited.\n|\n|win|LowEL0God\n|raw|LowEL0God's rating: 1591 &rarr; <strong>1610</strong><br />(+19 for winning)\n|raw|KnuckleTesting's rating: 1577 &rarr; <strong>1558</strong><br />(-19 for losing)\n|l|☆KnuckleTesting\n|player|p2|\n|l|☆LowEL0God\n|player|p1|\n", "uploadtime": 1782565541, "views": 3, "formatid": "gen9ou", "rating": 1558, "private": 0, "password": null}