{"id": "gen9ou-2540611632", "format": "[Gen 9] OU", "players": ["ceo o wo chien", "Hgfhhfghfff"], "log": "|j|☆ceo o wo chien\n|j|☆Hgfhhfghfff\n|t:|1771227040\n|gametype|singles\n|player|p1|ceo o wo chien|1|1719\n|player|p2|Hgfhhfghfff|lucas|1701\n|gen|9\n|tier|[Gen 9] OU\n|rated|\n|rule|HP Percentage Mod: HP is shown in percentages\n|rule|Endless Battle Clause: Forcing endless battles is banned\n|rule|Species Clause: Limit one of each Pokémon\n|rule|OHKO Clause: OHKO moves are banned\n|rule|Evasion Items Clause: Evasion items are banned\n|rule|Evasion Moves Clause: Evasion moves are banned\n|rule|Evasion Abilities Clause: Evasion abilities are banned\n|rule|Sleep Moves Clause: Sleep-inducing moves are banned\n|clearpoke\n|poke|p1|Primarina, M|\n|poke|p1|Iron Crown|\n|poke|p1|Great Tusk|\n|poke|p1|Wo-Chien|\n|poke|p1|Moltres|\n|poke|p1|Dragapult, M|\n|poke|p2|Scream Tail|\n|poke|p2|Iron Hands|\n|poke|p2|Talonflame, F|\n|poke|p2|Latios, M|\n|poke|p2|Ursaluna, F|\n|poke|p2|Zarude|\n|teampreview\n|inactive|Battle timer is ON: inactive players will automatically lose when time's up. (requested by ceo o wo chien)\n|j| ToppyTopic\n|\n|t:|1771227064\n|teamsize|p1|6\n|teamsize|p2|6\n|start\n|switch|p1a: Dragapult|Dragapult, M|100/100\n|switch|p2a: Zarude|Zarude|100/100\n|turn|1\n|\n|t:|1771227068\n|switch|p1a: Moltres|Moltres|100/100\n|switch|p2a: Talonflame|Talonflame, F|100/100\n|\n|upkeep\n|turn|2\n|\n|t:|1771227075\n|switch|p1a: Primarina|Primarina, M|100/100\n|move|p2a: Talonflame|Flamethrower|p1a: Primarina\n|-resisted|p1a: Primarina\n|-damage|p1a: Primarina|89/100\n|\n|upkeep\n|turn|3\n|c| ToppyTopic|Go ceo o wo chien!\n|\n|t:|1771227090\n|move|p2a: Talonflame|U-turn|p1a: Primarina\n|-resisted|p1a: Primarina\n|-damage|p1a: Primarina|81/100\n|\n|t:|1771227093\n|switch|p2a: Scream Tail|Scream Tail|100/100|[from] U-turn\n|move|p1a: Primarina|Surf|p2a: Scream Tail\n|-damage|p2a: Scream Tail|73/100\n|\n|-heal|p2a: Scream Tail|80/100|[from] item: Leftovers\n|upkeep\n|turn|4\n|\n|t:|1771227106\n|move|p2a: Scream Tail|Wish|p2a: Scream Tail\n|move|p1a: Primarina|Flip Turn|p2a: Scream Tail\n|-damage|p2a: Scream Tail|68/100\n|\n|t:|1771227108\n|switch|p1a: Iron Crown|Iron Crown|100/100|[from] Flip Turn\n|\n|-heal|p2a: Scream Tail|74/100|[from] item: Leftovers\n|upkeep\n|turn|5\n|\n|t:|1771227115\n|-end|p2a: Scream Tail|Protosynthesis|[silent]\n|switch|p2a: Zarude|Zarude|100/100\n|move|p1a: Iron Crown|Tachyon Cutter|p2a: Zarude\n|-damage|p2a: Zarude|76/100\n|-crit|p2a: Zarude\n|-damage|p2a: Zarude|37/100\n|-hitcount|p2a: Zarude|2\n|\n|-heal|p2a: Zarude|90/100|[from] move: Wish|[wisher] Scream Tail\n|-heal|p2a: Zarude|96/100|[from] item: Leftovers\n|upkeep\n|turn|6\n|\n|t:|1771227131\n|-end|p1a: Iron Crown|Quark Drive|[silent]\n|switch|p1a: Moltres|Moltres|100/100\n|move|p2a: Zarude|Knock Off|p1a: Moltres\n|-damage|p1a: Moltres|61/100\n|-status|p2a: Zarude|brn|[from] ability: Flame Body|[of] p1a: Moltres\n|-enditem|p1a: Moltres|Heavy-Duty Boots|[from] move: Knock Off|[of] p2a: Zarude\n|\n|-heal|p2a: Zarude|100/100 brn|[from] item: Leftovers\n|-damage|p2a: Zarude|94/100 brn|[from] brn\n|upkeep\n|turn|7\n|\n|t:|1771227135\n|move|p2a: Zarude|Jungle Healing|p2a: Zarude\n|-heal|p2a: Zarude|100/100 brn\n|-curestatus|p2a: Zarude|brn|[msg]\n|move|p1a: Moltres|U-turn|p2a: Zarude\n|-supereffective|p2a: Zarude\n|-damage|p2a: Zarude|55/100\n|j| hindus curry\n|inactive|ceo o wo chien has 120 seconds left.\n|\n|t:|1771227173\n|switch|p1a: Dragapult|Dragapult, M|100/100|[from] U-turn\n|\n|-heal|p2a: Zarude|61/100|[from] item: Leftovers\n|upkeep\n|turn|8\n|\n|t:|1771227176\n|switch|p2a: Talonflame|Talonflame, F|100/100\n|move|p1a: Dragapult|Dragon Darts|p2a: Talonflame\n|-damage|p2a: Talonflame|50/100\n|-anim|p1a: Dragapult|Dragon Darts|p2a: Talonflame\n|-damage|p2a: Talonflame|4/100\n|\n|upkeep\n|turn|9\n|\n|t:|1771227182\n|switch|p1a: Iron Crown|Iron Crown|100/100\n|switch|p2a: Scream Tail|Scream Tail|74/100\n|\n|-heal|p2a: Scream Tail|81/100|[from] item: Leftovers\n|upkeep\n|turn|10\n|\n|t:|1771227185\n|move|p2a: Scream Tail|Protect|p2a: Scream Tail\n|-singleturn|p2a: Scream Tail|Protect\n|move|p1a: Iron Crown|Tachyon Cutter|p2a: Scream Tail\n|-activate|p2a: Scream Tail|move: Protect\n|\n|-heal|p2a: Scream Tail|87/100|[from] item: Leftovers\n|upkeep\n|turn|11\n|\n|t:|1771227191\n|-end|p2a: Scream Tail|Protosynthesis|[silent]\n|switch|p2a: Iron Hands|Iron Hands|100/100\n|move|p1a: Iron Crown|Tachyon Cutter|p2a: Iron Hands\n|-resisted|p2a: Iron Hands\n|-damage|p2a: Iron Hands|84/100\n|-resisted|p2a: Iron Hands\n|-damage|p2a: Iron Hands|67/100\n|-hitcount|p2a: Iron Hands|2\n|\n|-heal|p2a: Iron Hands|73/100|[from] item: Leftovers\n|upkeep\n|turn|12\n|\n|t:|1771227197\n|move|p1a: Iron Crown|Tachyon Cutter|p2a: Iron Hands\n|-resisted|p2a: Iron Hands\n|-damage|p2a: Iron Hands|56/100\n|-resisted|p2a: Iron Hands\n|-damage|p2a: Iron Hands|38/100\n|-hitcount|p2a: Iron Hands|2\n|move|p2a: Iron Hands|Swords Dance|p2a: Iron Hands\n|-boost|p2a: Iron Hands|atk|2\n|\n|-heal|p2a: Iron Hands|44/100|[from] item: Leftovers\n|upkeep\n|turn|13\n|\n|t:|1771227200\n|-terastallize|p1a: Iron Crown|Steel\n|move|p1a: Iron Crown|Tachyon Cutter|p2a: Iron Hands\n|-resisted|p2a: Iron Hands\n|-damage|p2a: Iron Hands|21/100\n|-resisted|p2a: Iron Hands\n|-damage|p2a: Iron Hands|0 fnt\n|faint|p2a: Iron Hands\n|-end|p2a: Iron Hands|Quark Drive|[silent]\n|-hitcount|p2: Iron Hands|2\n|\n|upkeep\n|\n|t:|1771227207\n|switch|p2a: Talonflame|Talonflame, F|4/100\n|turn|14\n|\n|t:|1771227219\n|move|p2a: Talonflame|Flamethrower|p1a: Iron Crown\n|-supereffective|p1a: Iron Crown\n|-damage|p1a: Iron Crown|51/100\n|move|p1a: Iron Crown|Tachyon Cutter|p2a: Talonflame\n|-resisted|p2a: Talonflame\n|-damage|p2a: Talonflame|0 fnt\n|faint|p2a: Talonflame\n|-hitcount|p2: Talonflame|1\n|\n|upkeep\n|\n|t:|1771227229\n|switch|p2a: Zarude|Zarude|61/100\n|turn|15\n|\n|t:|1771227237\n|-end|p1a: Iron Crown|Quark Drive|[silent]\n|switch|p1a: Moltres|Moltres|61/100\n|move|p2a: Zarude|Trailblaze|p1a: Moltres\n|-resisted|p1a: Moltres\n|-damage|p1a: Moltres|56/100\n|-boost|p2a: Zarude|spe|1\n|-status|p2a: Zarude|brn|[from] ability: Flame Body|[of] p1a: Moltres\n|\n|-heal|p2a: Zarude|67/100 brn|[from] item: Leftovers\n|-damage|p2a: Zarude|61/100 brn|[from] brn\n|upkeep\n|turn|16\n|\n|t:|1771227242\n|move|p2a: Zarude|Jungle Healing|p2a: Zarude\n|-heal|p2a: Zarude|86/100 brn\n|-curestatus|p2a: Zarude|brn|[msg]\n|move|p1a: Moltres|Roost|p1a: Moltres\n|-heal|p1a: Moltres|100/100\n|-singleturn|p1a: Moltres|move: Roost\n|\n|-heal|p2a: Zarude|92/100|[from] item: Leftovers\n|upkeep\n|turn|17\n|\n|t:|1771227250\n|move|p2a: Zarude|Bulk Up|p2a: Zarude\n|-boost|p2a: Zarude|atk|1\n|-boost|p2a: Zarude|def|1\n|move|p1a: Moltres|Flamethrower|p2a: Zarude\n|-supereffective|p2a: Zarude\n|-damage|p2a: Zarude|42/100\n|\n|-heal|p2a: Zarude|48/100|[from] item: Leftovers\n|upkeep\n|turn|18\n|\n|t:|1771227270\n|-terastallize|p2a: Zarude|Poison\n|move|p2a: Zarude|Bulk Up|p2a: Zarude\n|-boost|p2a: Zarude|atk|1\n|-boost|p2a: Zarude|def|1\n|move|p1a: Moltres|Flamethrower|p2a: Zarude\n|-damage|p2a: Zarude|23/100\n|\n|-heal|p2a: Zarude|29/100|[from] item: Leftovers\n|upkeep\n|turn|19\n|\n|t:|1771227285\n|move|p2a: Zarude|Jungle Healing|p2a: Zarude\n|-heal|p2a: Zarude|54/100\n|move|p1a: Moltres|Roar|p2a: Zarude\n|drag|p2a: Scream Tail|Scream Tail|87/100\n|\n|-heal|p2a: Scream Tail|93/100|[from] item: Leftovers\n|upkeep\n|turn|20\n|\n|t:|1771227301\n|move|p2a: Scream Tail|Wish|p2a: Scream Tail\n|move|p1a: Moltres|U-turn|p2a: Scream Tail\n|-crit|p2a: Scream Tail\n|-damage|p2a: Scream Tail|75/100\n|\n|t:|1771227302\n|switch|p1a: Primarina|Primarina, M|81/100|[from] U-turn\n|\n|-heal|p2a: Scream Tail|82/100|[from] item: Leftovers\n|upkeep\n|turn|21\n|\n|t:|1771227307\n|-end|p2a: Scream Tail|Protosynthesis|[silent]\n|switch|p2a: Zarude|Zarude, tera:Poison|54/100\n|move|p1a: Primarina|Psychic Noise|p2a: Zarude\n|-supereffective|p2a: Zarude\n|-damage|p2a: Zarude|14/100\n|-start|p2a: Zarude|move: Heal Block\n|\n|upkeep\n|turn|22\n|\n|t:|1771227322\n|move|p2a: Zarude|Knock Off|p1a: Primarina\n|-resisted|p1a: Primarina\n|-damage|p1a: Primarina|53/100\n|-enditem|p1a: Primarina|Custap Berry|[from] move: Knock Off|[of] p2a: Zarude\n|move|p1a: Primarina|Psychic Noise|p2a: Zarude\n|-supereffective|p2a: Zarude\n|-damage|p2a: Zarude|0 fnt\n|faint|p2a: Zarude\n|\n|upkeep\n|\n|t:|1771227327\n|switch|p2a: Latios|Latios, M|100/100\n|turn|23\n|l| hindus curry\n|\n|t:|1771227352\n|switch|p2a: Ursaluna|Ursaluna, F|100/100\n|move|p1a: Primarina|Moonblast|p2a: Ursaluna\n|-damage|p2a: Ursaluna|50/100\n|-unboost|p2a: Ursaluna|spa|1\n|\n|-status|p2a: Ursaluna|brn|[from] item: Flame Orb\n|upkeep\n|turn|24\n|inactive|Hgfhhfghfff has 120 seconds left.\n|inactive|Hgfhhfghfff has 90 seconds left.\n|inactive|Hgfhhfghfff has 60 seconds left.\n|inactive|Hgfhhfghfff has 30 seconds left.\n|inactive|Hgfhhfghfff has 20 seconds left.\n|inactive|Hgfhhfghfff has 15 seconds left.\n|inactive|Hgfhhfghfff has 10 seconds left.\n|inactive|Hgfhhfghfff has 5 seconds left.\n|-message|Hgfhhfghfff lost due to inactivity.\n|\n|win|ceo o wo chien\n|raw|ceo o wo chien's rating: 1681 &rarr; <strong>1702</strong><br />(+21 for winning)\n|raw|Hgfhhfghfff's rating: 1701 &rarr; <strong>1680</strong><br />(-21 for losing)\n|l| ToppyTopic\n|l|☆ceo o wo chien\n|player|p1|\n", "uploadtime": 1771227650, "views": 8, "formatid": "gen9ou", "rating": 1680, "private": 0, "password": null}