{"id": "gen9ou-2540842716", "format": "[Gen 9] OU", "players": ["a jellyfish", "Natures Conqueror"], "log": "|badge|p2|gold|gen9ru|3-8\n|badge|p2|bronze|gen9doublesou|100-8\n|uhtml|medal-msg|<div class=\"broadcast-blue\">Curious what those medals under the avatar are? PS now has Ladder Seasons! For more information, check out the <a href=\"https://www.smogon.com/forums/threads/3740067/\">thread on Smogon.</a></div>\n|j|☆a jellyfish\n|j|☆Natures Conqueror\n|t:|1771259705\n|gametype|singles\n|player|p1|a jellyfish|bianca|1722\n|player|p2|Natures Conqueror|dancer|1835\n|gen|9\n|tier|[Gen 9] OU\n|rated|\n|rule|HP Percentage Mod: HP is shown in percentages\n|rule|Endless Battle Clause: Forcing endless battles is banned\n|rule|Species Clause: Limit one of each Pokémon\n|rule|OHKO Clause: OHKO moves are banned\n|rule|Evasion Items Clause: Evasion items are banned\n|rule|Evasion Moves Clause: Evasion moves are banned\n|rule|Evasion Abilities Clause: Evasion abilities are banned\n|rule|Sleep Moves Clause: Sleep-inducing moves are banned\n|clearpoke\n|poke|p1|Hoopa-Unbound|\n|poke|p1|Dragapult, M|\n|poke|p1|Pecharunt|\n|poke|p1|Hatterene, F|\n|poke|p1|Great Tusk|\n|poke|p1|Alomomola, F|\n|poke|p2|Pelipper, F|\n|poke|p2|Zapdos|\n|poke|p2|Iron Treads|\n|poke|p2|Samurott-Hisui, M|\n|poke|p2|Kingdra, F|\n|poke|p2|Barraskewda, M|\n|teampreview\n|inactive|Battle timer is ON: inactive players will automatically lose when time's up. (requested by a jellyfish)\n|\n|t:|1771259715\n|teamsize|p1|6\n|teamsize|p2|6\n|start\n|switch|p1a: Hoopa|Hoopa-Unbound|100/100\n|switch|p2a: Samurott|Samurott-Hisui, M|100/100\n|turn|1\n|\n|t:|1771259719\n|switch|p1a: Great Tusk|Great Tusk|100/100\n|move|p2a: Samurott|Flip Turn|p1a: Great Tusk\n|-supereffective|p1a: Great Tusk\n|-damage|p1a: Great Tusk|66/100\n|-damage|p2a: Samurott|84/100|[from] item: Rocky Helmet|[of] p1a: Great Tusk\n|\n|t:|1771259722\n|switch|p2a: Pelipper|Pelipper, F|100/100|[from] Flip Turn\n|-weather|RainDance|[from] ability: Drizzle|[of] p2a: Pelipper\n|\n|-weather|RainDance|[upkeep]\n|upkeep\n|turn|2\n|\n|t:|1771259725\n|move|p1a: Great Tusk|Stealth Rock|p2a: Pelipper\n|-sidestart|p2: Natures Conqueror|move: Stealth Rock\n|move|p2a: Pelipper|U-turn|p1a: Great Tusk\n|-resisted|p1a: Great Tusk\n|-damage|p1a: Great Tusk|63/100\n|-damage|p2a: Pelipper|84/100|[from] item: Rocky Helmet|[of] p1a: Great Tusk\n|\n|t:|1771259731\n|switch|p2a: Kingdra|Kingdra, F, shiny|100/100|[from] U-turn\n|-damage|p2a: Kingdra|88/100|[from] Stealth Rock\n|\n|-weather|RainDance|[upkeep]\n|upkeep\n|turn|3\n|\n|t:|1771259733\n|-end|p1a: Great Tusk|Protosynthesis|[silent]\n|switch|p1a: Alomomola|Alomomola, F|100/100\n|move|p2a: Kingdra|Flip Turn|p1a: Alomomola\n|-resisted|p1a: Alomomola\n|-damage|p1a: Alomomola|91/100\n|\n|t:|1771259738\n|switch|p2a: Zapdos|Zapdos|100/100|[from] Flip Turn\n|\n|-weather|RainDance|[upkeep]\n|upkeep\n|turn|4\n|\n|t:|1771259744\n|move|p2a: Zapdos|Thunder|p1a: Alomomola\n|-supereffective|p1a: Alomomola\n|-damage|p1a: Alomomola|37/100\n|move|p1a: Alomomola|Mirror Coat|p2a: Zapdos\n|-damage|p2a: Zapdos|0 fnt\n|faint|p2a: Zapdos\n|\n|-weather|RainDance|[upkeep]\n|upkeep\n|\n|t:|1771259752\n|switch|p2a: Kingdra|Kingdra, F, shiny|88/100\n|-damage|p2a: Kingdra|76/100|[from] Stealth Rock\n|turn|5\n|\n|t:|1771259756\n|switch|p1a: Hatterene|Hatterene, F, shiny|100/100\n|move|p2a: Kingdra|Surf|p1a: Hatterene\n|-damage|p1a: Hatterene|3/100\n|\n|-weather|RainDance|[upkeep]\n|-heal|p1a: Hatterene|9/100|[from] item: Leftovers\n|upkeep\n|turn|6\n|\n|t:|1771259760\n|move|p2a: Kingdra|Surf|p1a: Hatterene\n|-damage|p1a: Hatterene|0 fnt\n|faint|p1a: Hatterene\n|\n|-weather|RainDance|[upkeep]\n|upkeep\n|\n|t:|1771259766\n|switch|p1a: Alomomola|Alomomola, F|71/100\n|turn|7\n|\n|t:|1771259769\n|switch|p2a: Samurott|Samurott-Hisui, M|84/100\n|-damage|p2a: Samurott|72/100|[from] Stealth Rock\n|move|p1a: Alomomola|Flip Turn|p2a: Samurott\n|-resisted|p2a: Samurott\n|-damage|p2a: Samurott|57/100\n|\n|t:|1771259779\n|switch|p1a: Pecharunt|Pecharunt|100/100|[from] Flip Turn\n|\n|-weather|RainDance|[upkeep]\n|upkeep\n|turn|8\n|\n|t:|1771259784\n|move|p2a: Samurott|Flip Turn|p1a: Pecharunt\n|-damage|p1a: Pecharunt|80/100\n|\n|t:|1771259786\n|switch|p2a: Iron Treads|Iron Treads|100/100|[from] Flip Turn\n|-damage|p2a: Iron Treads|98/100|[from] Stealth Rock\n|move|p1a: Pecharunt|Malignant Chain|p2a: Iron Treads\n|-immune|p2a: Iron Treads\n|\n|-weather|none\n|-heal|p2a: Iron Treads|100/100|[from] item: Leftovers\n|upkeep\n|turn|9\n|\n|t:|1771259790\n|switch|p1a: Great Tusk|Great Tusk|63/100\n|move|p2a: Iron Treads|Stealth Rock|p1a: Great Tusk\n|-sidestart|p1: a jellyfish|move: Stealth Rock\n|\n|upkeep\n|turn|10\n|\n|t:|1771259796\n|-terastallize|p2a: Iron Treads|Ghost\n|move|p1a: Great Tusk|Rapid Spin|p2a: Iron Treads\n|-immune|p2a: Iron Treads\n|move|p2a: Iron Treads|Rapid Spin|p1a: Great Tusk\n|-damage|p1a: Great Tusk|56/100\n|-boost|p2a: Iron Treads|spe|1\n|-damage|p2a: Iron Treads|84/100|[from] item: Rocky Helmet|[of] p1a: Great Tusk\n|-sideend|p2: Natures Conqueror|Stealth Rock|[from] move: Rapid Spin|[of] p2a: Iron Treads\n|\n|-heal|p2a: Iron Treads|90/100|[from] item: Leftovers\n|upkeep\n|turn|11\n|\n|t:|1771259799\n|move|p2a: Iron Treads|Ice Spinner|p1a: Great Tusk\n|-supereffective|p1a: Great Tusk\n|-damage|p1a: Great Tusk|31/100\n|-damage|p2a: Iron Treads|74/100|[from] item: Rocky Helmet|[of] p1a: Great Tusk\n|move|p1a: Great Tusk|Stealth Rock|p2a: Iron Treads\n|-sidestart|p2: Natures Conqueror|move: Stealth Rock\n|\n|-heal|p2a: Iron Treads|80/100|[from] item: Leftovers\n|upkeep\n|turn|12\n|\n|t:|1771259802\n|move|p2a: Iron Treads|Ice Spinner|p1a: Great Tusk\n|-supereffective|p1a: Great Tusk\n|-damage|p1a: Great Tusk|4/100\n|-damage|p2a: Iron Treads|63/100|[from] item: Rocky Helmet|[of] p1a: Great Tusk\n|move|p1a: Great Tusk|Headlong Rush|p2a: Iron Treads\n|-damage|p2a: Iron Treads|26/100\n|-unboost|p1a: Great Tusk|def|1\n|-unboost|p1a: Great Tusk|spd|1\n|\n|-heal|p2a: Iron Treads|32/100|[from] item: Leftovers\n|upkeep\n|turn|13\n|\n|t:|1771259807\n|-end|p1a: Great Tusk|Protosynthesis|[silent]\n|switch|p1a: Dragapult|Dragapult, M|100/100\n|move|p2a: Iron Treads|Rapid Spin|p1a: Dragapult\n|-immune|p1a: Dragapult\n|\n|-heal|p2a: Iron Treads|38/100|[from] item: Leftovers\n|upkeep\n|turn|14\n|\n|t:|1771259811\n|move|p1a: Dragapult|Hex|p2a: Iron Treads\n|-supereffective|p2a: Iron Treads\n|-damage|p2a: Iron Treads|2/100\n|move|p2a: Iron Treads|Ice Spinner|p1a: Dragapult\n|-supereffective|p1a: Dragapult\n|-damage|p1a: Dragapult|54/100\n|\n|-heal|p2a: Iron Treads|8/100|[from] item: Leftovers\n|upkeep\n|turn|15\n|\n|t:|1771259813\n|move|p1a: Dragapult|Dragon Darts|p2a: Iron Treads\n|-damage|p2a: Iron Treads|0 fnt\n|faint|p2a: Iron Treads\n|-end|p2a: Iron Treads|Quark Drive|[silent]\n|\n|upkeep\n|\n|t:|1771259815\n|switch|p2a: Samurott|Samurott-Hisui, M|57/100\n|-damage|p2a: Samurott|45/100|[from] Stealth Rock\n|turn|16\n|\n|t:|1771259819\n|switch|p1a: Alomomola|Alomomola, F|100/100\n|-damage|p1a: Alomomola|88/100|[from] Stealth Rock\n|move|p2a: Samurott|Ceaseless Edge|p1a: Alomomola\n|-damage|p1a: Alomomola|59/100\n|-sidestart|p1: a jellyfish|Spikes\n|\n|upkeep\n|turn|17\n|\n|t:|1771259825\n|move|p2a: Samurott|Ceaseless Edge|p1a: Alomomola\n|-damage|p1a: Alomomola|29/100\n|-sidestart|p1: a jellyfish|Spikes\n|move|p1a: Alomomola|Flip Turn|p2a: Samurott\n|-resisted|p2a: Samurott\n|-damage|p2a: Samurott|34/100\n|\n|t:|1771259832\n|switch|p1a: Pecharunt|Pecharunt|80/100|[from] Flip Turn\n|\n|upkeep\n|turn|18\n|\n|t:|1771259840\n|-terastallize|p1a: Pecharunt|Dark\n|move|p2a: Samurott|Ceaseless Edge|p1a: Pecharunt\n|-resisted|p1a: Pecharunt\n|-damage|p1a: Pecharunt|70/100\n|-sidestart|p1: a jellyfish|Spikes\n|move|p1a: Pecharunt|Recover|p1a: Pecharunt\n|-heal|p1a: Pecharunt|100/100\n|\n|upkeep\n|turn|19\n|\n|t:|1771259846\n|switch|p2a: Pelipper|Pelipper, F|84/100\n|-damage|p2a: Pelipper|59/100|[from] Stealth Rock\n|-weather|RainDance|[from] ability: Drizzle|[of] p2a: Pelipper\n|move|p1a: Pecharunt|Malignant Chain|p2a: Pelipper\n|-damage|p2a: Pelipper|18/100\n|\n|-weather|RainDance|[upkeep]\n|upkeep\n|turn|20\n|\n|t:|1771259851\n|move|p1a: Pecharunt|Malignant Chain|p2a: Pelipper\n|-damage|p2a: Pelipper|0 fnt\n|faint|p2a: Pelipper\n|\n|-weather|RainDance|[upkeep]\n|upkeep\n|\n|t:|1771259856\n|switch|p2a: Kingdra|Kingdra, F, shiny|76/100\n|-damage|p2a: Kingdra|64/100|[from] Stealth Rock\n|turn|21\n|\n|t:|1771259859\n|switch|p1a: Great Tusk|Great Tusk|4/100\n|-damage|p1a: Great Tusk|1/100|[from] Stealth Rock\n|-damage|p1a: Great Tusk|0 fnt|[from] Spikes\n|faint|p1a: Great Tusk\n|-end|p1a: Great Tusk|Protosynthesis|[silent]\n|move|p2a: Kingdra|Surf|p1: Great Tusk|[notarget]\n|-fail|p2a: Kingdra\n|\n|-weather|RainDance|[upkeep]\n|upkeep\n|\n|t:|1771259870\n|switch|p1a: Alomomola|Alomomola, F|62/100\n|-damage|p1a: Alomomola|50/100|[from] Stealth Rock\n|-damage|p1a: Alomomola|25/100|[from] Spikes\n|turn|22\n|\n|t:|1771259875\n|move|p2a: Kingdra|Surf|p1a: Alomomola\n|-resisted|p1a: Alomomola\n|-damage|p1a: Alomomola|0 fnt\n|faint|p1a: Alomomola\n|\n|-weather|RainDance|[upkeep]\n|upkeep\n|\n|t:|1771259880\n|switch|p1a: Dragapult|Dragapult, M|54/100\n|turn|23\n|\n|t:|1771259889\n|move|p2a: Kingdra|Surf|p1a: Dragapult\n|-resisted|p1a: Dragapult\n|-crit|p1a: Dragapult\n|-damage|p1a: Dragapult|0 fnt\n|faint|p1a: Dragapult\n|\n|-weather|RainDance|[upkeep]\n|upkeep\n|\n|t:|1771259890\n|switch|p1a: Hoopa|Hoopa-Unbound|100/100\n|-damage|p1a: Hoopa|88/100|[from] Stealth Rock\n|-damage|p1a: Hoopa|63/100|[from] Spikes\n|turn|24\n|\n|t:|1771259894\n|move|p2a: Kingdra|Surf|p1a: Hoopa\n|-damage|p1a: Hoopa|0 fnt\n|faint|p1a: Hoopa\n|\n|-weather|RainDance|[upkeep]\n|upkeep\n|\n|t:|1771259895\n|switch|p1a: Pecharunt|Pecharunt, tera:Dark|100/100\n|turn|25\n|\n|t:|1771259897\n|move|p2a: Kingdra|Surf|p1a: Pecharunt\n|-damage|p1a: Pecharunt|7/100\n|move|p1a: Pecharunt|Recover|p1a: Pecharunt\n|-heal|p1a: Pecharunt|57/100\n|\n|-weather|RainDance|[upkeep]\n|upkeep\n|turn|26\n|\n|t:|1771259899\n|move|p2a: Kingdra|Surf|p1a: Pecharunt\n|-damage|p1a: Pecharunt|0 fnt\n|faint|p1a: Pecharunt\n|\n|win|Natures Conqueror\n|raw|a jellyfish's rating: 1722 &rarr; <strong>1708</strong><br />(-14 for losing)\n|raw|Natures Conqueror's rating: 1835 &rarr; <strong>1849</strong><br />(+14 for winning)\n|c|☆a jellyfish|GG\n|c|☆Natures Conqueror|Gg wp\n|l|☆a jellyfish\n|player|p1|\n", "uploadtime": 1771260131, "views": 8, "formatid": "gen9ou", "rating": 1708, "private": 0, "password": null}