{"id": "gen9ou-2647771248", "format": "[Gen 9] OU", "players": ["Grid_Wolf", "Icezangoose"], "log": "|j|☆Grid_Wolf\n|j|☆Icezangoose\n|t:|1783809736\n|gametype|singles\n|player|p1|Grid_Wolf|266|1000\n|player|p2|Icezangoose|1|1020\n|gen|9\n|tier|[Gen 9] OU\n|rated|\n|rule|HP Percentage Mod: HP is shown in percentages\n|rule|Endless Battle Clause: Forcing endless battles is banned\n|rule|Species Clause: Limit one of each Pokémon\n|rule|OHKO Clause: OHKO moves are banned\n|rule|Evasion Items Clause: Evasion items are banned\n|rule|Evasion Moves Clause: Evasion moves are banned\n|rule|Evasion Abilities Clause: Evasion abilities are banned\n|rule|Sleep Moves Clause: Sleep-inducing moves are banned\n|clearpoke\n|poke|p1|Lycanroc, M|\n|poke|p1|Talonflame, F|\n|poke|p1|Swalot, M|\n|poke|p1|Hydrapple, M|\n|poke|p1|Magnezone|\n|poke|p1|Azumarill, F|\n|poke|p2|Great Tusk|\n|poke|p2|Chesnaught, F|\n|poke|p2|Ogerpon-Wellspring, F|\n|poke|p2|Dragapult, F|\n|poke|p2|Zamazenta-*|\n|poke|p2|Glimmora, M|\n|teampreview\n|inactive|Battle timer is ON: inactive players will automatically lose when time's up. (requested by Icezangoose)\n|\n|t:|1783809755\n|teamsize|p1|6\n|teamsize|p2|6\n|start\n|switch|p1a: Lycanroc|Lycanroc, M|100/100\n|switch|p2a: Glimmora|Glimmora, M|100/100\n|turn|1\n|\n|t:|1783809782\n|switch|p1a: Azumarill|Azumarill, F|100/100\n|move|p2a: Glimmora|Meteor Beam||[still]\n|-prepare|p2a: Glimmora|Meteor Beam\n|-boost|p2a: Glimmora|spa|1\n|-enditem|p2a: Glimmora|Power Herb\n|-anim|p2a: Glimmora|Meteor Beam|p1a: Azumarill\n|-damage|p1a: Azumarill|4/100\n|-enditem|p1a: Azumarill|Sitrus Berry|[eat]\n|-heal|p1a: Azumarill|29/100|[from] item: Sitrus Berry\n|\n|upkeep\n|turn|2\n|\n|t:|1783809795\n|move|p1a: Azumarill|Aqua Jet|p2a: Glimmora\n|-supereffective|p2a: Glimmora\n|-damage|p2a: Glimmora|45/100\n|-activate|p2a: Glimmora|ability: Toxic Debris\n|-sidestart|p1: Grid_Wolf|move: Toxic Spikes\n|move|p2a: Glimmora|Stealth Rock|p1a: Azumarill\n|-sidestart|p1: Grid_Wolf|move: Stealth Rock\n|\n|upkeep\n|turn|3\n|\n|t:|1783809803\n|switch|p2a: Chesnaught|Chesnaught, F|100/100\n|move|p1a: Azumarill|Aqua Jet|p2a: Chesnaught\n|-resisted|p2a: Chesnaught\n|-damage|p2a: Chesnaught|94/100\n|-damage|p1a: Azumarill|12/100|[from] item: Rocky Helmet|[of] p2a: Chesnaught\n|\n|upkeep\n|turn|4\n|\n|t:|1783809812\n|move|p2a: Chesnaught|Spikes|p1a: Azumarill\n|-sidestart|p1: Grid_Wolf|Spikes\n|move|p1a: Azumarill|Play Rough|p2a: Chesnaught\n|-supereffective|p2a: Chesnaught\n|-damage|p2a: Chesnaught|35/100\n|-damage|p1a: Azumarill|0 fnt|[from] item: Rocky Helmet|[of] p2a: Chesnaught\n|faint|p1a: Azumarill\n|\n|upkeep\n|\n|t:|1783809829\n|switch|p1a: Hydrapple|Hydrapple, M|100/100\n|-status|p1a: Hydrapple|psn\n|-damage|p1a: Hydrapple|88/100 psn|[from] Stealth Rock\n|-damage|p1a: Hydrapple|75/100 psn|[from] Spikes\n|turn|5\n|\n|t:|1783809842\n|move|p2a: Chesnaught|Synthesis|p2a: Chesnaught\n|-heal|p2a: Chesnaught|85/100\n|move|p1a: Hydrapple|Reflect|p1a: Hydrapple\n|-sidestart|p1: Grid_Wolf|Reflect\n|\n|-heal|p1a: Hydrapple|82/100 psn|[from] item: Leftovers\n|-damage|p1a: Hydrapple|69/100 psn|[from] psn\n|upkeep\n|turn|6\n|\n|t:|1783809853\n|move|p2a: Chesnaught|Knock Off|p1a: Hydrapple\n|-damage|p1a: Hydrapple|62/100 psn\n|-enditem|p1a: Hydrapple|Leftovers|[from] move: Knock Off|[of] p2a: Chesnaught\n|move|p1a: Hydrapple|Rain Dance|p1a: Hydrapple\n|-weather|RainDance\n|\n|-weather|RainDance|[upkeep]\n|-damage|p1a: Hydrapple|49/100 psn|[from] psn\n|upkeep\n|turn|7\n|\n|t:|1783809864\n|switch|p1a: Talonflame|Talonflame, F|100/100\n|-damage|p1a: Talonflame|50/100|[from] Stealth Rock\n|move|p2a: Chesnaught|Spikes|p1a: Talonflame\n|-sidestart|p1: Grid_Wolf|Spikes\n|\n|-weather|RainDance|[upkeep]\n|upkeep\n|turn|8\n|\n|t:|1783809873\n|switch|p2a: Glimmora|Glimmora, M|45/100\n|move|p1a: Talonflame|Hurricane|p2a: Glimmora\n|-resisted|p2a: Glimmora\n|-damage|p2a: Glimmora|15/100\n|\n|-weather|RainDance|[upkeep]\n|upkeep\n|turn|9\n|\n|t:|1783809888\n|move|p1a: Talonflame|Hurricane|p2a: Glimmora\n|-resisted|p2a: Glimmora\n|-damage|p2a: Glimmora|0 fnt\n|faint|p2a: Glimmora\n|\n|-weather|RainDance|[upkeep]\n|-sideend|p1: Grid_Wolf|Reflect\n|upkeep\n|inactive|Icezangoose has 120 seconds left.\n|\n|t:|1783809918\n|switch|p2a: Dragapult|Dragapult, F|100/100\n|turn|10\n|\n|t:|1783809926\n|move|p2a: Dragapult|Shadow Ball|p1a: Talonflame\n|-damage|p1a: Talonflame|0 fnt\n|faint|p1a: Talonflame\n|\n|-weather|none\n|upkeep\n|\n|t:|1783809936\n|switch|p1a: Swalot|Swalot, M|100/100\n|-sideend|p1: Grid_Wolf|move: Toxic Spikes|[of] p1a: Swalot\n|-damage|p1a: Swalot|88/100|[from] Stealth Rock\n|-damage|p1a: Swalot|72/100|[from] Spikes\n|turn|11\n|\n|t:|1783809943\n|-terastallize|p2a: Dragapult|Ghost\n|move|p2a: Dragapult|Shadow Ball|p1a: Swalot\n|-damage|p1a: Swalot|0 fnt\n|faint|p1a: Swalot\n|\n|upkeep\n|\n|t:|1783809951\n|switch|p1a: Lycanroc|Lycanroc, M|100/100\n|-damage|p1a: Lycanroc|88/100|[from] Stealth Rock\n|-damage|p1a: Lycanroc|72/100|[from] Spikes\n|turn|12\n|\n|t:|1783809958\n|move|p2a: Dragapult|Shadow Ball|p1a: Lycanroc\n|-damage|p1a: Lycanroc|0 fnt\n|faint|p1a: Lycanroc\n|\n|upkeep\n|\n|t:|1783809974\n|switch|p1a: Hydrapple|Hydrapple, M|82/100 psn\n|-damage|p1a: Hydrapple|70/100 psn|[from] Stealth Rock\n|-damage|p1a: Hydrapple|53/100 psn|[from] Spikes\n|turn|13\n|\n|t:|1783809980\n|move|p2a: Dragapult|Shadow Ball|p1a: Hydrapple\n|-damage|p1a: Hydrapple|0 fnt\n|faint|p1a: Hydrapple\n|\n|upkeep\n|\n|t:|1783809985\n|switch|p1a: Magnezone|Magnezone|100/100\n|-damage|p1a: Magnezone|95/100|[from] Stealth Rock\n|-damage|p1a: Magnezone|78/100|[from] Spikes\n|turn|14\n|\n|t:|1783809992\n|move|p2a: Dragapult|Shadow Ball|p1a: Magnezone\n|-damage|p1a: Magnezone|2/100\n|move|p1a: Magnezone|Mirror Coat|p2a: Dragapult\n|-damage|p2a: Dragapult|0 fnt\n|faint|p2a: Dragapult\n|\n|upkeep\n|c|☆Icezangoose|gg\n|\n|t:|1783809998\n|switch|p2a: Zamazenta|Zamazenta|100/100\n|-ability|p2a: Zamazenta|Dauntless Shield|boost\n|-boost|p2a: Zamazenta|def|1\n|turn|15\n|\n|t:|1783810006\n|move|p2a: Zamazenta|Body Press|p1a: Magnezone\n|-supereffective|p1a: Magnezone\n|-damage|p1a: Magnezone|0 fnt\n|faint|p1a: Magnezone\n|\n|win|Icezangoose\n|raw|Grid_Wolf's rating: 1000 &rarr; <strong>1000</strong><br />(+0 for losing)\n|raw|Icezangoose's rating: 1020 &rarr; <strong>1055</strong><br />(+35 for winning)\n", "uploadtime": 1783810006, "views": 9, "formatid": "gen9ou", "rating": 1000, "private": 0, "password": null}