{"id": "gen9ou-2647709001", "format": "[Gen 9] OU", "players": ["whgsosla23", "jolato9999"], "log": "|j|☆whgsosla23\n|j|☆jolato9999\n|t:|1783799710\n|gametype|singles\n|player|p1|whgsosla23|miku-ghost|1273\n|player|p2|jolato9999|102|1304\n|gen|9\n|tier|[Gen 9] OU\n|rated|\n|rule|HP Percentage Mod: HP is shown in percentages\n|rule|Endless Battle Clause: Forcing endless battles is banned\n|rule|Species Clause: Limit one of each Pokémon\n|rule|OHKO Clause: OHKO moves are banned\n|rule|Evasion Items Clause: Evasion items are banned\n|rule|Evasion Moves Clause: Evasion moves are banned\n|rule|Evasion Abilities Clause: Evasion abilities are banned\n|rule|Sleep Moves Clause: Sleep-inducing moves are banned\n|clearpoke\n|poke|p1|Lokix, F|\n|poke|p1|Iron Valiant|\n|poke|p1|Alomomola, L99, F|\n|poke|p1|Mandibuzz, F|\n|poke|p1|Great Tusk|\n|poke|p1|Gholdengo|\n|poke|p2|Great Tusk|\n|poke|p2|Zapdos|\n|poke|p2|Meowscarada, F|\n|poke|p2|Kingambit, F|\n|poke|p2|Dragapult, F|\n|poke|p2|Clefable, F|\n|teampreview\n|inactive|Battle timer is ON: inactive players will automatically lose when time's up. (requested by jolato9999)\n|inactive|whgsosla23 also wants the timer to be on.\n|\n|t:|1783799724\n|teamsize|p1|6\n|teamsize|p2|6\n|start\n|switch|p1a: Lokix|Lokix, F, shiny|100/100\n|switch|p2a: Meowscarada|Meowscarada, F|100/100\n|turn|1\n|\n|t:|1783799731\n|switch|p2a: Zapdos|Zapdos|100/100\n|move|p1a: Lokix|First Impression|p2a: Zapdos\n|-resisted|p2a: Zapdos\n|-damage|p2a: Zapdos|17/100\n|\n|-heal|p2a: Zapdos|23/100|[from] item: Leftovers\n|upkeep\n|turn|2\n|\n|t:|1783799738\n|switch|p1a: Iron Valiant|Iron Valiant, shiny|100/100\n|move|p2a: Zapdos|Roost|p2a: Zapdos\n|-heal|p2a: Zapdos|73/100\n|-singleturn|p2a: Zapdos|move: Roost\n|\n|-heal|p2a: Zapdos|79/100|[from] item: Leftovers\n|upkeep\n|turn|3\n|\n|t:|1783799744\n|move|p1a: Iron Valiant|Moonblast|p2a: Zapdos\n|-damage|p2a: Zapdos|0 fnt\n|faint|p2a: Zapdos\n|\n|upkeep\n|\n|t:|1783799753\n|switch|p2a: Clefable|Clefable, F|100/100\n|turn|4\n|\n|t:|1783799756\n|-end|p1a: Iron Valiant|Quark Drive|[silent]\n|switch|p1a: Gholdengo|Gholdengo|100/100\n|move|p2a: Clefable|Thunder Wave|p1a: Gholdengo\n|-immune|p1a: Gholdengo|[from] ability: Good as Gold\n|\n|upkeep\n|turn|5\n|\n|t:|1783799764\n|switch|p2a: Kingambit|Kingambit, F|100/100\n|-activate|p2a: Kingambit|ability: Supreme Overlord\n|-start|p2a: Kingambit|fallen1|[silent]\n|move|p1a: Gholdengo|Make It Rain|p2a: Kingambit\n|-resisted|p2a: Kingambit\n|-damage|p2a: Kingambit|71/100\n|-unboost|p1a: Gholdengo|spa|1\n|\n|-heal|p2a: Kingambit|77/100|[from] item: Leftovers\n|upkeep\n|turn|6\n|\n|t:|1783799772\n|switch|p1a: Great Tusk|Great Tusk|100/100\n|move|p2a: Kingambit|Swords Dance|p2a: Kingambit\n|-boost|p2a: Kingambit|atk|2\n|\n|-heal|p2a: Kingambit|83/100|[from] item: Leftovers\n|upkeep\n|turn|7\n|\n|t:|1783799776\n|-terastallize|p2a: Kingambit|Ghost\n|move|p1a: Great Tusk|Headlong Rush|p2a: Kingambit\n|-damage|p2a: Kingambit|35/100\n|-unboost|p1a: Great Tusk|def|1\n|-unboost|p1a: Great Tusk|spd|1\n|move|p2a: Kingambit|Low Kick|p1a: Great Tusk\n|-damage|p1a: Great Tusk|0 fnt\n|faint|p1a: Great Tusk\n|-end|p1a: Great Tusk|Protosynthesis|[silent]\n|\n|-heal|p2a: Kingambit|42/100|[from] item: Leftovers\n|upkeep\n|\n|t:|1783799780\n|switch|p1a: Lokix|Lokix, F, shiny|100/100\n|turn|8\n|\n|t:|1783799789\n|-terastallize|p1a: Lokix|Bug\n|move|p1a: Lokix|First Impression|p2a: Kingambit\n|-resisted|p2a: Kingambit\n|-damage|p2a: Kingambit|0 fnt\n|faint|p2a: Kingambit\n|-end|p2a: Kingambit|fallen1|[silent]\n|\n|upkeep\n|\n|t:|1783799798\n|switch|p2a: Meowscarada|Meowscarada, F|100/100\n|turn|9\n|\n|t:|1783799806\n|switch|p1a: Alomomola|Alomomola, L99, F|100/100\n|move|p2a: Meowscarada|U-turn|p1a: Alomomola\n|-start|p2a: Meowscarada|typechange|Bug|[from] ability: Protean\n|-damage|p1a: Alomomola|69/100\n|\n|t:|1783799822\n|switch|p2a: Clefable|Clefable, F|100/100|[from] U-turn\n|\n|upkeep\n|turn|10\n|\n|t:|1783799826\n|move|p2a: Clefable|Stealth Rock|p1a: Alomomola\n|-sidestart|p1: whgsosla23|move: Stealth Rock\n|move|p1a: Alomomola|Flip Turn|p2a: Clefable\n|-damage|p2a: Clefable|81/100\n|\n|t:|1783799830\n|switch|p1a: Lokix|Lokix, F, shiny, tera:Bug|100/100|[from] Flip Turn\n|-damage|p1a: Lokix|76/100|[from] Stealth Rock\n|\n|-heal|p2a: Clefable|88/100|[from] item: Leftovers\n|upkeep\n|turn|11\n|\n|t:|1783799835\n|move|p1a: Lokix|First Impression|p2a: Clefable\n|-resisted|p2a: Clefable\n|-damage|p2a: Clefable|0 fnt\n|faint|p2a: Clefable\n|\n|upkeep\n|\n|t:|1783799844\n|switch|p2a: Meowscarada|Meowscarada, F|100/100\n|turn|12\n|\n|t:|1783799847\n|switch|p1a: Mandibuzz|Mandibuzz, F|100/100\n|move|p2a: Meowscarada|Flower Trick|p1a: Mandibuzz\n|-start|p2a: Meowscarada|typechange|Grass|[from] ability: Protean\n|-resisted|p1a: Mandibuzz\n|-crit|p1a: Mandibuzz\n|-damage|p1a: Mandibuzz|79/100\n|\n|upkeep\n|turn|13\n|\n|t:|1783799857\n|switch|p2a: Dragapult|Dragapult, F|100/100\n|move|p1a: Mandibuzz|Defog|p2a: Dragapult\n|-unboost|p2a: Dragapult|evasion|1\n|-sideend|p1: whgsosla23|Stealth Rock|[from] move: Defog|[of] p1a: Mandibuzz\n|\n|upkeep\n|turn|14\n|\n|t:|1783799861\n|move|p2a: Dragapult|Will-O-Wisp|p1a: Mandibuzz\n|-status|p1a: Mandibuzz|brn\n|move|p1a: Mandibuzz|U-turn|p2a: Dragapult\n|-resisted|p2a: Dragapult\n|-damage|p2a: Dragapult|97/100\n|\n|t:|1783799863\n|switch|p1a: Lokix|Lokix, F, shiny, tera:Bug|76/100|[from] U-turn\n|\n|-heal|p2a: Dragapult|100/100|[from] item: Leftovers\n|upkeep\n|turn|15\n|\n|t:|1783799872\n|move|p1a: Lokix|First Impression|p2a: Dragapult\n|-resisted|p2a: Dragapult\n|-damage|p2a: Dragapult|0 fnt\n|faint|p2a: Dragapult\n|\n|upkeep\n|\n|t:|1783799887\n|switch|p2a: Great Tusk|Great Tusk|100/100\n|-enditem|p2a: Great Tusk|Booster Energy\n|-activate|p2a: Great Tusk|ability: Protosynthesis|[fromitem]\n|-start|p2a: Great Tusk|protosynthesisatk\n|turn|16\n|\n|t:|1783799897\n|switch|p1a: Alomomola|Alomomola, L99, F|100/100\n|move|p2a: Great Tusk|Rapid Spin|p1a: Alomomola\n|-damage|p1a: Alomomola|85/100\n|-boost|p2a: Great Tusk|spe|1\n|\n|upkeep\n|turn|17\n|\n|t:|1783799907\n|move|p2a: Great Tusk|Rapid Spin|p1a: Alomomola\n|-damage|p1a: Alomomola|69/100\n|-boost|p2a: Great Tusk|spe|1\n|move|p1a: Alomomola|Scald|p2a: Great Tusk\n|-supereffective|p2a: Great Tusk\n|-damage|p2a: Great Tusk|60/100\n|\n|upkeep\n|turn|18\n|\n|t:|1783799914\n|move|p2a: Great Tusk|Headlong Rush|p1a: Alomomola\n|-damage|p1a: Alomomola|10/100\n|-unboost|p2a: Great Tusk|def|1\n|-unboost|p2a: Great Tusk|spd|1\n|move|p1a: Alomomola|Scald|p2a: Great Tusk\n|-supereffective|p2a: Great Tusk\n|-damage|p2a: Great Tusk|0 fnt\n|faint|p2a: Great Tusk\n|-end|p2a: Great Tusk|Protosynthesis|[silent]\n|\n|upkeep\n|\n|t:|1783799918\n|switch|p2a: Meowscarada|Meowscarada, F|100/100\n|turn|19\n|\n|t:|1783799925\n|move|p2a: Meowscarada|Triple Axel|p1a: Alomomola\n|-start|p2a: Meowscarada|typechange|Ice|[from] ability: Protean\n|-resisted|p1a: Alomomola\n|-damage|p1a: Alomomola|5/100\n|-resisted|p1a: Alomomola\n|-damage|p1a: Alomomola|0 fnt\n|faint|p1a: Alomomola\n|-hitcount|p1: Alomomola|2\n|\n|upkeep\n|\n|t:|1783799928\n|switch|p1a: Lokix|Lokix, F, shiny, tera:Bug|76/100\n|turn|20\n|\n|t:|1783799931\n|move|p1a: Lokix|First Impression|p2a: Meowscarada\n|-damage|p2a: Meowscarada|0 fnt\n|faint|p2a: Meowscarada\n|\n|win|whgsosla23\n|raw|whgsosla23's rating: 1273 &rarr; <strong>1300</strong><br />(+27 for winning)\n|raw|jolato9999's rating: 1304 &rarr; <strong>1282</strong><br />(-22 for losing)\n|l|☆jolato9999\n|player|p2|\n", "uploadtime": 1783800040, "views": 10, "formatid": "gen9ou", "rating": 1282, "private": 0, "password": null}