{"id": "gen9ou-2647763982", "format": "[Gen 9] OU", "players": ["Slawman117", "ZRC7"], "log": "|j|☆Slawman117\n|j|☆ZRC7\n|t:|1783808478\n|gametype|singles\n|player|p1|Slawman117|palmer|1264\n|player|p2|ZRC7|boarder|1382\n|gen|9\n|tier|[Gen 9] OU\n|rated|\n|rule|HP Percentage Mod: HP is shown in percentages\n|rule|Endless Battle Clause: Forcing endless battles is banned\n|rule|Species Clause: Limit one of each Pokémon\n|rule|OHKO Clause: OHKO moves are banned\n|rule|Evasion Items Clause: Evasion items are banned\n|rule|Evasion Moves Clause: Evasion moves are banned\n|rule|Evasion Abilities Clause: Evasion abilities are banned\n|rule|Sleep Moves Clause: Sleep-inducing moves are banned\n|clearpoke\n|poke|p1|Rillaboom, M|\n|poke|p1|Hawlucha, F|\n|poke|p1|Lycanroc-Dusk, M|\n|poke|p1|Goodra-Hisui, F|\n|poke|p1|Great Tusk|\n|poke|p1|Primarina, M|\n|poke|p2|Bisharp, F|\n|poke|p2|Clefable, M|\n|poke|p2|Talonflame, M|\n|poke|p2|Ogerpon-Wellspring, F|\n|poke|p2|Garchomp, M|\n|poke|p2|Comfey, M|\n|teampreview\n|inactive|Battle timer is ON: inactive players will automatically lose when time's up. (requested by ZRC7)\n|\n|t:|1783808486\n|teamsize|p1|6\n|teamsize|p2|6\n|start\n|switch|p1a: Lycanroc|Lycanroc-Dusk, M|100/100\n|switch|p2a: Garchomp|Garchomp, M|100/100\n|turn|1\n|\n|t:|1783808499\n|move|p1a: Lycanroc|Taunt|p2a: Garchomp\n|-start|p2a: Garchomp|move: Taunt\n|cant|p2a: Garchomp|move: Taunt|Spikes\n|\n|upkeep\n|turn|2\n|\n|t:|1783808504\n|move|p1a: Lycanroc|Stealth Rock|p2a: Garchomp\n|-sidestart|p2: ZRC7|move: Stealth Rock\n|move|p2a: Garchomp|Earthquake|p1a: Lycanroc\n|-supereffective|p1a: Lycanroc\n|-crit|p1a: Lycanroc\n|-enditem|p1a: Lycanroc|Focus Sash\n|-damage|p1a: Lycanroc|1/100\n|\n|upkeep\n|turn|3\n|\n|t:|1783808512\n|move|p1a: Lycanroc|Endeavor|p2a: Garchomp\n|-damage|p2a: Garchomp|1/100\n|-damage|p1a: Lycanroc|0 fnt|[from] ability: Rough Skin|[of] p2a: Garchomp\n|faint|p1a: Lycanroc\n|move|p2a: Garchomp|Dragon Tail|p1: Lycanroc|[notarget]\n|-fail|p2a: Garchomp\n|\n|-end|p2a: Garchomp|move: Taunt\n|upkeep\n|\n|t:|1783808516\n|switch|p1a: Rillaboom|Rillaboom, M|100/100\n|-fieldstart|move: Grassy Terrain|[from] ability: Grassy Surge|[of] p1a: Rillaboom\n|turn|4\n|\n|t:|1783808523\n|move|p1a: Rillaboom|U-turn|p2a: Garchomp\n|-damage|p2a: Garchomp|0 fnt\n|-damage|p1a: Rillaboom|88/100|[from] ability: Rough Skin|[of] p2a: Garchomp\n|-damage|p1a: Rillaboom|72/100|[from] item: Rocky Helmet|[of] p2a: Garchomp\n|faint|p2a: Garchomp\n|\n|t:|1783808525\n|switch|p1a: Hawlucha|Hawlucha, F|100/100|[from] U-turn\n|-enditem|p1a: Hawlucha|Grassy Seed\n|-boost|p1a: Hawlucha|def|1|[from] item: Grassy Seed\n|\n|upkeep\n|\n|t:|1783808546\n|switch|p2a: Comfey|Comfey, M|100/100\n|-damage|p2a: Comfey|88/100|[from] Stealth Rock\n|turn|5\n|\n|t:|1783808551\n|-terastallize|p1a: Hawlucha|Fire\n|move|p1a: Hawlucha|Swords Dance|p1a: Hawlucha\n|-boost|p1a: Hawlucha|atk|2\n|move|p2a: Comfey|Calm Mind|p2a: Comfey\n|-boost|p2a: Comfey|spa|1\n|-boost|p2a: Comfey|spd|1\n|\n|-heal|p2a: Comfey|94/100|[from] Grassy Terrain\n|upkeep\n|turn|6\n|\n|t:|1783808561\n|-terastallize|p2a: Comfey|Water\n|move|p1a: Hawlucha|Acrobatics|p2a: Comfey\n|-damage|p2a: Comfey|0 fnt\n|faint|p2a: Comfey\n|\n|upkeep\n|\n|t:|1783808570\n|switch|p2a: Clefable|Clefable, M|100/100\n|-damage|p2a: Clefable|88/100|[from] Stealth Rock\n|turn|7\n|\n|t:|1783808575\n|move|p1a: Hawlucha|Acrobatics|p2a: Clefable\n|-damage|p2a: Clefable|52/100\n|move|p2a: Clefable|Thunder Wave|p1a: Hawlucha\n|-status|p1a: Hawlucha|par\n|\n|-heal|p2a: Clefable|58/100|[from] Grassy Terrain\n|-heal|p2a: Clefable|64/100|[from] item: Leftovers\n|upkeep\n|turn|8\n|\n|t:|1783808584\n|move|p1a: Hawlucha|Acrobatics|p2a: Clefable\n|-damage|p2a: Clefable|23/100\n|move|p2a: Clefable|Moonlight|p2a: Clefable\n|-heal|p2a: Clefable|73/100\n|\n|-heal|p2a: Clefable|79/100|[from] Grassy Terrain\n|-heal|p2a: Clefable|85/100|[from] item: Leftovers\n|-fieldend|move: Grassy Terrain\n|upkeep\n|turn|9\n|\n|t:|1783808587\n|move|p1a: Hawlucha|Acrobatics|p2a: Clefable\n|-damage|p2a: Clefable|47/100\n|move|p2a: Clefable|Stealth Rock|p1a: Hawlucha\n|-sidestart|p1: Slawman117|move: Stealth Rock\n|\n|-heal|p2a: Clefable|53/100|[from] item: Leftovers\n|upkeep\n|turn|10\n|\n|t:|1783808592\n|move|p1a: Hawlucha|Acrobatics|p2a: Clefable\n|-damage|p2a: Clefable|12/100\n|move|p2a: Clefable|Moonlight|p2a: Clefable\n|-heal|p2a: Clefable|62/100\n|\n|-heal|p2a: Clefable|68/100|[from] item: Leftovers\n|upkeep\n|turn|11\n|\n|t:|1783808598\n|cant|p1a: Hawlucha|par\n|move|p2a: Clefable|Moonlight|p2a: Clefable\n|-heal|p2a: Clefable|100/100\n|\n|upkeep\n|turn|12\n|\n|t:|1783808614\n|switch|p2a: Bisharp|Bisharp, F|100/100\n|-damage|p2a: Bisharp|95/100|[from] Stealth Rock\n|move|p1a: Hawlucha|Swords Dance|p1a: Hawlucha\n|-boost|p1a: Hawlucha|atk|2\n|\n|upkeep\n|turn|13\n|\n|t:|1783808623\n|move|p2a: Bisharp|Sucker Punch|p1a: Hawlucha\n|-damage|p1a: Hawlucha|65/100 par\n|cant|p1a: Hawlucha|par\n|\n|upkeep\n|turn|14\n|\n|t:|1783808629\n|move|p2a: Bisharp|Sucker Punch|p1a: Hawlucha\n|-damage|p1a: Hawlucha|26/100 par\n|move|p1a: Hawlucha|Fire Punch|p2a: Bisharp\n|-supereffective|p2a: Bisharp\n|-damage|p2a: Bisharp|0 fnt\n|faint|p2a: Bisharp\n|\n|upkeep\n|\n|t:|1783808635\n|switch|p2a: Ogerpon|Ogerpon-Wellspring, F|100/100\n|-damage|p2a: Ogerpon|88/100|[from] Stealth Rock\n|turn|15\n|\n|t:|1783808643\n|move|p2a: Ogerpon|Ivy Cudgel|p1a: Hawlucha|[anim] Ivy Cudgel Water\n|-supereffective|p1a: Hawlucha\n|-damage|p1a: Hawlucha|0 fnt\n|faint|p1a: Hawlucha\n|\n|upkeep\n|\n|t:|1783808654\n|switch|p1a: Goodra|Goodra-Hisui, F|100/100\n|-damage|p1a: Goodra|95/100|[from] Stealth Rock\n|turn|16\n|\n|t:|1783808663\n|switch|p2a: Talonflame|Talonflame, M|100/100\n|move|p1a: Goodra|Ice Beam|p2a: Talonflame\n|-damage|p2a: Talonflame|61/100\n|\n|upkeep\n|turn|17\n|\n|t:|1783808670\n|move|p2a: Talonflame|Overheat|p1a: Goodra\n|-damage|p1a: Goodra|78/100\n|-unboost|p2a: Talonflame|spa|2\n|move|p1a: Goodra|Hydro Pump|p2a: Talonflame\n|-supereffective|p2a: Talonflame\n|-damage|p2a: Talonflame|0 fnt\n|faint|p2a: Talonflame\n|\n|upkeep\n|\n|t:|1783808677\n|switch|p2a: Clefable|Clefable, M|100/100\n|-damage|p2a: Clefable|88/100|[from] Stealth Rock\n|turn|18\n|\n|t:|1783808682\n|move|p2a: Clefable|Thunder Wave|p1a: Goodra\n|-status|p1a: Goodra|par\n|move|p1a: Goodra|Flash Cannon|p2a: Clefable\n|-supereffective|p2a: Clefable\n|-damage|p2a: Clefable|10/100\n|\n|-heal|p2a: Clefable|16/100|[from] item: Leftovers\n|upkeep\n|turn|19\n|\n|t:|1783808694\n|move|p2a: Clefable|Moonblast|p1a: Goodra\n|-damage|p1a: Goodra|61/100 par\n|-unboost|p1a: Goodra|spa|1\n|move|p1a: Goodra|Flash Cannon|p2a: Clefable\n|-supereffective|p2a: Clefable\n|-damage|p2a: Clefable|0 fnt\n|faint|p2a: Clefable\n|\n|upkeep\n|\n|t:|1783808700\n|switch|p2a: Ogerpon|Ogerpon-Wellspring, F|88/100\n|-damage|p2a: Ogerpon|76/100|[from] Stealth Rock\n|turn|20\n|\n|t:|1783808702\n|move|p2a: Ogerpon|Swords Dance|p2a: Ogerpon\n|-boost|p2a: Ogerpon|atk|2\n|cant|p1a: Goodra|par\n|\n|upkeep\n|turn|21\n|\n|t:|1783808710\n|move|p2a: Ogerpon|Swords Dance|p2a: Ogerpon\n|-boost|p2a: Ogerpon|atk|2\n|move|p1a: Goodra|Flamethrower|p2a: Ogerpon\n|-damage|p2a: Ogerpon|50/100\n|\n|upkeep\n|turn|22\n|\n|t:|1783808715\n|move|p2a: Ogerpon|Play Rough|p1a: Goodra\n|-damage|p1a: Goodra|0 fnt\n|faint|p1a: Goodra\n|\n|upkeep\n|\n|t:|1783808718\n|switch|p1a: Rillaboom|Rillaboom, M|72/100\n|-damage|p1a: Rillaboom|59/100|[from] Stealth Rock\n|-fieldstart|move: Grassy Terrain|[from] ability: Grassy Surge|[of] p1a: Rillaboom\n|turn|23\n|\n|t:|1783808724\n|move|p1a: Rillaboom|Grassy Glide|p2a: Ogerpon\n|-damage|p2a: Ogerpon|0 fnt\n|faint|p2a: Ogerpon\n|\n|win|Slawman117\n|raw|Slawman117's rating: 1264 &rarr; <strong>1297</strong><br />(+33 for winning)\n|raw|ZRC7's rating: 1382 &rarr; <strong>1355</strong><br />(-27 for losing)\n|l|☆ZRC7\n|player|p2|\n|l|☆Slawman117\n|player|p1|\n", "uploadtime": 1783809051, "views": 3, "formatid": "gen9ou", "rating": 1297, "private": 0, "password": null}