{"id": "gen9ou-2639208547", "format": "[Gen 9] OU", "players": ["SrCinccino", "PandaLord0"], "log": "|j|☆SrCinccino\n|j|☆PandaLord0\n|t:|1782434318\n|gametype|singles\n|player|p1|SrCinccino|kieran|1399\n|player|p2|PandaLord0|gentleman-gen4dp|1459\n|gen|9\n|tier|[Gen 9] OU\n|rated|\n|rule|HP Percentage Mod: HP is shown in percentages\n|rule|Endless Battle Clause: Forcing endless battles is banned\n|rule|Species Clause: Limit one of each Pokémon\n|rule|OHKO Clause: OHKO moves are banned\n|rule|Evasion Items Clause: Evasion items are banned\n|rule|Evasion Moves Clause: Evasion moves are banned\n|rule|Evasion Abilities Clause: Evasion abilities are banned\n|rule|Sleep Moves Clause: Sleep-inducing moves are banned\n|clearpoke\n|poke|p1|Ribombee, M|\n|poke|p1|Cinccino, M|\n|poke|p1|Mimikyu, F|\n|poke|p1|Hydrapple, F|\n|poke|p1|Greninja-*, M|\n|poke|p1|Tinkaton, F|\n|poke|p2|Latios, M|\n|poke|p2|Rotom-Wash|\n|poke|p2|Gholdengo|\n|poke|p2|Ting-Lu|\n|poke|p2|Iron Valiant|\n|poke|p2|Hydreigon, F|\n|teampreview\n|inactive|Battle timer is ON: inactive players will automatically lose when time's up. (requested by PandaLord0)\n|\n|t:|1782434327\n|teamsize|p1|6\n|teamsize|p2|6\n|start\n|switch|p1a: Hydrapple|Hydrapple, F|100/100\n|switch|p2a: Latios|Latios, M|100/100\n|turn|1\n|\n|t:|1782434330\n|switch|p1a: Tinkaton|Tinkaton, F|100/100\n|-item|p1a: Tinkaton|Air Balloon\n|move|p2a: Latios|Flip Turn|p1a: Tinkaton\n|-damage|p1a: Tinkaton|90/100\n|-enditem|p1a: Tinkaton|Air Balloon\n|-enditem|p2a: Latios|Choice Scarf|[silent]|[from] ability: Pickpocket|[of] p2a: Latios\n|-item|p1a: Tinkaton|Choice Scarf|[from] ability: Pickpocket|[of] p2a: Latios\n|\n|t:|1782434340\n|switch|p2a: Ting-Lu|Ting-Lu|100/100|[from] Flip Turn\n|-ability|p2a: Ting-Lu|Vessel of Ruin\n|\n|upkeep\n|turn|2\n|\n|t:|1782434343\n|switch|p1a: Hydrapple|Hydrapple, F|100/100\n|move|p2a: Ting-Lu|Stealth Rock|p1a: Hydrapple\n|-sidestart|p1: SrCinccino|move: Stealth Rock\n|\n|upkeep\n|turn|3\n|\n|t:|1782434348\n|switch|p2a: Gholdengo|Gholdengo|100/100\n|-item|p2a: Gholdengo|Air Balloon\n|move|p1a: Hydrapple|Nasty Plot|p1a: Hydrapple\n|-boost|p1a: Hydrapple|spa|2\n|\n|upkeep\n|turn|4\n|\n|t:|1782434354\n|move|p2a: Gholdengo|Thunder Wave|p1a: Hydrapple\n|-status|p1a: Hydrapple|par\n|move|p1a: Hydrapple|Giga Drain|p2a: Gholdengo\n|-resisted|p2a: Gholdengo\n|-damage|p2a: Gholdengo|69/100\n|-enditem|p2a: Gholdengo|Air Balloon\n|\n|upkeep\n|turn|5\n|\n|t:|1782434362\n|switch|p2a: Latios|Latios, M|100/100\n|move|p1a: Hydrapple|Draco Meteor|p2a: Latios\n|-supereffective|p2a: Latios\n|-damage|p2a: Latios|0 fnt\n|-unboost|p1a: Hydrapple|spa|2\n|faint|p2a: Latios\n|\n|upkeep\n|\n|t:|1782434365\n|switch|p2a: Hydreigon|Hydreigon, F|100/100\n|turn|6\n|\n|t:|1782434368\n|switch|p1a: Tinkaton|Tinkaton, F|90/100\n|-damage|p1a: Tinkaton|83/100|[from] Stealth Rock\n|move|p2a: Hydreigon|U-turn|p1a: Tinkaton\n|-resisted|p1a: Tinkaton\n|-damage|p1a: Tinkaton|80/100\n|\n|t:|1782434371\n|switch|p2a: Ting-Lu|Ting-Lu|100/100|[from] U-turn\n|-ability|p2a: Ting-Lu|Vessel of Ruin\n|\n|upkeep\n|turn|7\n|\n|t:|1782434376\n|switch|p1a: Hydrapple|Hydrapple, F|100/100 par\n|-damage|p1a: Hydrapple|88/100 par|[from] Stealth Rock\n|switch|p2a: Hydreigon|Hydreigon, F|100/100\n|\n|-heal|p1a: Hydrapple|94/100 par|[from] item: Leftovers\n|upkeep\n|turn|8\n|\n|t:|1782434382\n|move|p2a: Hydreigon|Flash Cannon|p1a: Hydrapple\n|-crit|p1a: Hydrapple\n|-damage|p1a: Hydrapple|29/100 par\n|-unboost|p1a: Hydrapple|spd|1\n|move|p1a: Hydrapple|Draco Meteor|p2a: Hydreigon|[miss]\n|-miss|p1a: Hydrapple|p2a: Hydreigon\n|\n|-heal|p1a: Hydrapple|35/100 par|[from] item: Leftovers\n|upkeep\n|turn|9\n|\n|t:|1782434389\n|switch|p1a: Tinkaton|Tinkaton, F|80/100\n|-damage|p1a: Tinkaton|74/100|[from] Stealth Rock\n|move|p2a: Hydreigon|Flash Cannon|p1a: Tinkaton\n|-damage|p1a: Tinkaton|44/100\n|\n|upkeep\n|turn|10\n|\n|t:|1782434394\n|switch|p2a: Gholdengo|Gholdengo|69/100\n|move|p1a: Tinkaton|Endeavor|p2a: Gholdengo\n|-immune|p2a: Gholdengo\n|\n|upkeep\n|turn|11\n|\n|t:|1782434400\n|switch|p1a: Ribombee|Ribombee, M, shiny|100/100\n|-damage|p1a: Ribombee|76/100|[from] Stealth Rock\n|move|p2a: Gholdengo|Make It Rain|p1a: Ribombee\n|-supereffective|p1a: Ribombee\n|-damage|p1a: Ribombee|0 fnt\n|-unboost|p2a: Gholdengo|spa|1\n|faint|p1a: Ribombee\n|\n|upkeep\n|\n|t:|1782434402\n|switch|p1a: Greninja|Greninja, M|100/100\n|-damage|p1a: Greninja|88/100|[from] Stealth Rock\n|turn|12\n|\n|t:|1782434407\n|switch|p2a: Ting-Lu|Ting-Lu|100/100\n|-ability|p2a: Ting-Lu|Vessel of Ruin\n|move|p1a: Greninja|Surf|p2a: Ting-Lu\n|-supereffective|p2a: Ting-Lu\n|-damage|p2a: Ting-Lu|58/100\n|-damage|p1a: Greninja|78/100|[from] item: Life Orb\n|\n|-heal|p2a: Ting-Lu|64/100|[from] item: Leftovers\n|upkeep\n|turn|13\n|\n|t:|1782434413\n|switch|p1a: Hydrapple|Hydrapple, F|69/100 par\n|-damage|p1a: Hydrapple|56/100 par|[from] Stealth Rock\n|move|p2a: Ting-Lu|Earthquake|p1a: Hydrapple\n|-resisted|p1a: Hydrapple\n|-damage|p1a: Hydrapple|45/100 par\n|\n|-heal|p2a: Ting-Lu|70/100|[from] item: Leftovers\n|-heal|p1a: Hydrapple|51/100 par|[from] item: Leftovers\n|upkeep\n|turn|14\n|\n|t:|1782434420\n|switch|p2a: Gholdengo|Gholdengo|69/100\n|move|p1a: Hydrapple|Draco Meteor|p2a: Gholdengo|[miss]\n|-miss|p1a: Hydrapple|p2a: Gholdengo\n|\n|-heal|p1a: Hydrapple|58/100 par|[from] item: Leftovers\n|upkeep\n|turn|15\n|c|☆PandaLord0|holy draco misses sorry\n|\n|t:|1782434429\n|switch|p1a: Tinkaton|Tinkaton, F|44/100\n|-damage|p1a: Tinkaton|37/100|[from] Stealth Rock\n|move|p2a: Gholdengo|Hex|p1a: Tinkaton\n|-damage|p1a: Tinkaton|17/100\n|\n|upkeep\n|turn|16\n|\n|t:|1782434435\n|move|p1a: Tinkaton|Gigaton Hammer|p2a: Gholdengo\n|-resisted|p2a: Gholdengo\n|-damage|p2a: Gholdengo|53/100\n|move|p2a: Gholdengo|Hex|p1a: Tinkaton\n|-damage|p1a: Tinkaton|0 fnt\n|faint|p1a: Tinkaton\n|\n|upkeep\n|\n|t:|1782434438\n|switch|p1a: Greninja|Greninja, M|78/100\n|-damage|p1a: Greninja|66/100|[from] Stealth Rock\n|turn|17\n|\n|t:|1782434444\n|move|p1a: Greninja|Surf|p2a: Gholdengo\n|-damage|p2a: Gholdengo|3/100\n|-damage|p1a: Greninja|56/100|[from] item: Life Orb\n|move|p2a: Gholdengo|Thunder Wave|p1a: Greninja|[miss]\n|-miss|p2a: Gholdengo|p1a: Greninja\n|\n|upkeep\n|turn|18\n|\n|t:|1782434453\n|switch|p2a: Hydreigon|Hydreigon, F|100/100\n|move|p1a: Greninja|Ice Beam|p2a: Hydreigon\n|-supereffective|p2a: Hydreigon\n|-damage|p2a: Hydreigon|21/100\n|-damage|p1a: Greninja|46/100|[from] item: Life Orb\n|\n|upkeep\n|turn|19\n|\n|t:|1782434464\n|move|p1a: Greninja|Ice Beam|p2a: Hydreigon\n|-supereffective|p2a: Hydreigon\n|-damage|p2a: Hydreigon|0 fnt\n|faint|p2a: Hydreigon\n|-ability|p1a: Greninja|Battle Bond|boost\n|-boost|p1a: Greninja|atk|1\n|-boost|p1a: Greninja|spa|1\n|-boost|p1a: Greninja|spe|1\n|-activate|p1a: Greninja|ability: Battle Bond\n|-damage|p1a: Greninja|37/100|[from] item: Life Orb\n|\n|upkeep\n|\n|t:|1782434467\n|switch|p2a: Rotom|Rotom-Wash|100/100\n|turn|20\n|\n|t:|1782434474\n|move|p1a: Greninja|Dark Pulse|p2a: Rotom\n|-damage|p2a: Rotom|27/100\n|-damage|p1a: Greninja|27/100|[from] item: Life Orb\n|move|p2a: Rotom|Volt Switch|p1a: Greninja\n|-supereffective|p1a: Greninja\n|-damage|p1a: Greninja|0 fnt\n|faint|p1a: Greninja\n|\n|t:|1782434479\n|switch|p2a: Iron Valiant|Iron Valiant|100/100|[from] Volt Switch\n|\n|upkeep\n|\n|t:|1782434482\n|switch|p1a: Mimikyu|Mimikyu, F, shiny|100/100\n|-damage|p1a: Mimikyu|88/100|[from] Stealth Rock\n|turn|21\n|\n|t:|1782434488\n|move|p2a: Iron Valiant|Knock Off|p1a: Mimikyu\n|-activate|p1a: Mimikyu|ability: Disguise\n|-damage|p1a: Mimikyu|88/100\n|-enditem|p1a: Mimikyu|Leftovers|[from] move: Knock Off|[of] p2a: Iron Valiant\n|detailschange|p1a: Mimikyu|Mimikyu-Busted, F, shiny\n|-damage|p1a: Mimikyu|76/100|[from] pokemon: Mimikyu-Busted\n|move|p1a: Mimikyu|Play Rough|p2a: Iron Valiant|[miss]\n|-miss|p1a: Mimikyu|p2a: Iron Valiant\n|\n|upkeep\n|turn|22\n|\n|t:|1782434496\n|-terastallize|p2a: Iron Valiant|Steel\n|move|p2a: Iron Valiant|Moonblast|p1a: Mimikyu\n|-damage|p1a: Mimikyu|17/100\n|move|p1a: Mimikyu|Play Rough|p2a: Iron Valiant|[miss]\n|-miss|p1a: Mimikyu|p2a: Iron Valiant\n|\n|upkeep\n|turn|23\n|c|☆PandaLord0|holy move misses\n|\n|t:|1782434505\n|move|p1a: Mimikyu|Shadow Sneak|p2a: Iron Valiant\n|-damage|p2a: Iron Valiant|80/100\n|move|p2a: Iron Valiant|Moonblast|p1a: Mimikyu\n|-damage|p1a: Mimikyu|0 fnt\n|faint|p1a: Mimikyu\n|\n|upkeep\n|c|☆SrCinccino|It isn't on my side\n|\n|t:|1782434520\n|switch|p1a: Hydrapple|Hydrapple, F|91/100 par\n|-damage|p1a: Hydrapple|78/100 par|[from] Stealth Rock\n|turn|24\n|\n|t:|1782434522\n|-terastallize|p1a: Hydrapple|Steel\n|move|p2a: Iron Valiant|Moonblast|p1a: Hydrapple\n|-resisted|p1a: Hydrapple\n|-damage|p1a: Hydrapple|55/100 par\n|move|p1a: Hydrapple|Earth Power|p2a: Iron Valiant\n|-supereffective|p2a: Iron Valiant\n|-damage|p2a: Iron Valiant|0 fnt\n|faint|p2a: Iron Valiant\n|-end|p2a: Iron Valiant|Quark Drive|[silent]\n|\n|-heal|p1a: Hydrapple|61/100 par|[from] item: Leftovers\n|upkeep\n|\n|t:|1782434526\n|switch|p2a: Ting-Lu|Ting-Lu|70/100\n|-ability|p2a: Ting-Lu|Vessel of Ruin\n|turn|25\n|\n|t:|1782434531\n|move|p2a: Ting-Lu|Earthquake|p1a: Hydrapple\n|-supereffective|p1a: Hydrapple\n|-damage|p1a: Hydrapple|20/100 par\n|move|p1a: Hydrapple|Giga Drain|p2a: Ting-Lu\n|-supereffective|p2a: Ting-Lu\n|-damage|p2a: Ting-Lu|45/100\n|-heal|p1a: Hydrapple|36/100 par|[from] drain|[of] p2a: Ting-Lu\n|\n|-heal|p2a: Ting-Lu|51/100|[from] item: Leftovers\n|-heal|p1a: Hydrapple|42/100 par|[from] item: Leftovers\n|upkeep\n|turn|26\n|\n|t:|1782434534\n|move|p2a: Ting-Lu|Earthquake|p1a: Hydrapple\n|-supereffective|p1a: Hydrapple\n|-damage|p1a: Hydrapple|3/100 par\n|move|p1a: Hydrapple|Giga Drain|p2a: Ting-Lu\n|-supereffective|p2a: Ting-Lu\n|-damage|p2a: Ting-Lu|24/100\n|-heal|p1a: Hydrapple|20/100 par|[from] drain|[of] p2a: Ting-Lu\n|\n|-heal|p2a: Ting-Lu|30/100|[from] item: Leftovers\n|-heal|p1a: Hydrapple|26/100 par|[from] item: Leftovers\n|upkeep\n|turn|27\n|\n|t:|1782434536\n|move|p2a: Ting-Lu|Earthquake|p1a: Hydrapple\n|-supereffective|p1a: Hydrapple\n|-damage|p1a: Hydrapple|0 fnt\n|faint|p1a: Hydrapple\n|\n|-heal|p2a: Ting-Lu|36/100|[from] item: Leftovers\n|upkeep\n|\n|t:|1782434538\n|switch|p1a: Cinccino|Cinccino, M|100/100\n|-damage|p1a: Cinccino|88/100|[from] Stealth Rock\n|turn|28\n|\n|t:|1782434540\n|move|p1a: Cinccino|Bullet Seed|p2a: Ting-Lu\n|-supereffective|p2a: Ting-Lu\n|-damage|p2a: Ting-Lu|25/100\n|-supereffective|p2a: Ting-Lu\n|-damage|p2a: Ting-Lu|12/100\n|-supereffective|p2a: Ting-Lu\n|-damage|p2a: Ting-Lu|0 fnt\n|faint|p2a: Ting-Lu\n|-hitcount|p2: Ting-Lu|3\n|\n|upkeep\n|\n|t:|1782434543\n|switch|p2a: Rotom|Rotom-Wash|27/100\n|turn|29\n|\n|t:|1782434545\n|move|p1a: Cinccino|Bullet Seed|p2a: Rotom\n|-supereffective|p2a: Rotom\n|-damage|p2a: Rotom|8/100\n|-supereffective|p2a: Rotom\n|-damage|p2a: Rotom|0 fnt\n|faint|p2a: Rotom\n|-hitcount|p2: Rotom|2\n|\n|upkeep\n|\n|t:|1782434546\n|switch|p2a: Gholdengo|Gholdengo|3/100\n|turn|30\n|\n|t:|1782434549\n|move|p1a: Cinccino|Bullet Seed|p2a: Gholdengo\n|-resisted|p2a: Gholdengo\n|-damage|p2a: Gholdengo|0 fnt\n|faint|p2a: Gholdengo\n|-hitcount|p2: Gholdengo|1\n|\n|win|SrCinccino\n|raw|SrCinccino's rating: 1399 &rarr; <strong>1422</strong><br />(+23 for winning)\n|raw|PandaLord0's rating: 1459 &rarr; <strong>1436</strong><br />(-23 for losing)\n|c|☆SrCinccino|Gg\n|l|☆PandaLord0\n|player|p2|\n|l|☆SrCinccino\n|player|p1|\n", "uploadtime": 1782434867, "views": 12, "formatid": "gen9ou", "rating": 1422, "private": 0, "password": null}