{"id": "gen9ou-2540724047", "format": "[Gen 9] OU", "players": ["dante1310", "spudcutter"], "log": "|j|☆dante1310\n|j|☆spudcutter\n|t:|1771246079\n|gametype|singles\n|player|p1|dante1310|morty-gen2|1598\n|player|p2|spudcutter|ghetsis-gen5bw|1579\n|gen|9\n|tier|[Gen 9] OU\n|rated|\n|rule|HP Percentage Mod: HP is shown in percentages\n|rule|Endless Battle Clause: Forcing endless battles is banned\n|rule|Species Clause: Limit one of each Pokémon\n|rule|OHKO Clause: OHKO moves are banned\n|rule|Evasion Items Clause: Evasion items are banned\n|rule|Evasion Moves Clause: Evasion moves are banned\n|rule|Evasion Abilities Clause: Evasion abilities are banned\n|rule|Sleep Moves Clause: Sleep-inducing moves are banned\n|clearpoke\n|poke|p1|Tyranitar, F|\n|poke|p1|Excadrill, F|\n|poke|p1|Hydrapple, F|\n|poke|p1|Moltres|\n|poke|p1|Azumarill, F|\n|poke|p1|Slowking-Galar, F|\n|poke|p2|Tyranitar, M|\n|poke|p2|Deoxys-Speed|\n|poke|p2|Slowking-Galar, M|\n|poke|p2|Great Tusk|\n|poke|p2|Raging Bolt|\n|poke|p2|Dondozo, M|\n|teampreview\n|inactive|Battle timer is ON: inactive players will automatically lose when time's up. (requested by spudcutter)\n|inactive|spudcutter has 120 seconds left.\n|\n|t:|1771246116\n|teamsize|p1|6\n|teamsize|p2|6\n|start\n|switch|p1a: Tyranitar|Tyranitar, F|100/100\n|switch|p2a: Deoxys|Deoxys-Speed|100/100\n|-ability|p2a: Deoxys|Pressure\n|-weather|Sandstorm|[from] ability: Sand Stream|[of] p1a: Tyranitar\n|turn|1\n|\n|t:|1771246122\n|move|p2a: Deoxys|Superpower|p1a: Tyranitar\n|-supereffective|p1a: Tyranitar\n|-damage|p1a: Tyranitar|0 fnt\n|-unboost|p2a: Deoxys|atk|1\n|-unboost|p2a: Deoxys|def|1\n|faint|p1a: Tyranitar\n|-damage|p2a: Deoxys|91/100|[from] item: Life Orb\n|\n|-weather|Sandstorm|[upkeep]\n|-damage|p2a: Deoxys|84/100|[from] Sandstorm\n|upkeep\n|\n|t:|1771246127\n|switch|p1a: Excadrill|Excadrill, F|100/100\n|turn|2\n|\n|t:|1771246130\n|switch|p2a: Dondozo|Dondozo, M|100/100\n|move|p1a: Excadrill|Substitute|p1a: Excadrill\n|-start|p1a: Excadrill|Substitute\n|-damage|p1a: Excadrill|76/100\n|\n|-weather|Sandstorm|[upkeep]\n|-damage|p2a: Dondozo|94/100|[from] Sandstorm\n|-heal|p1a: Excadrill|82/100|[from] item: Leftovers\n|upkeep\n|turn|3\n|\n|t:|1771246133\n|move|p1a: Excadrill|Earthquake|p2a: Dondozo\n|-damage|p2a: Dondozo|70/100\n|move|p2a: Dondozo|Curse|p2a: Dondozo\n|-unboost|p2a: Dondozo|spe|1\n|-boost|p2a: Dondozo|atk|1\n|-boost|p2a: Dondozo|def|1\n|\n|-weather|Sandstorm|[upkeep]\n|-damage|p2a: Dondozo|64/100|[from] Sandstorm\n|-heal|p1a: Excadrill|88/100|[from] item: Leftovers\n|upkeep\n|turn|4\n|\n|t:|1771246135\n|switch|p1a: Slowking|Slowking-Galar, F|100/100\n|move|p2a: Dondozo|Waterfall|p1a: Slowking\n|-damage|p1a: Slowking|69/100\n|\n|-weather|Sandstorm|[upkeep]\n|-damage|p1a: Slowking|63/100|[from] Sandstorm\n|-damage|p2a: Dondozo|58/100|[from] Sandstorm\n|-heal|p1a: Slowking|69/100|[from] item: Black Sludge\n|upkeep\n|turn|5\n|\n|t:|1771246138\n|switch|p2a: Tyranitar|Tyranitar, M|100/100\n|move|p1a: Slowking|Trick|p2a: Tyranitar\n|-activate|p1a: Slowking|move: Trick|[of] p2a: Tyranitar\n|-item|p2a: Tyranitar|Black Sludge|[from] move: Trick\n|-item|p1a: Slowking|Assault Vest|[from] move: Trick\n|\n|-weather|none\n|-damage|p2a: Tyranitar|88/100|[from] item: Black Sludge\n|upkeep\n|turn|6\n|\n|t:|1771246144\n|switch|p1a: Hydrapple|Hydrapple, F|100/100\n|move|p2a: Tyranitar|Knock Off|p1a: Hydrapple\n|-damage|p1a: Hydrapple|69/100\n|-enditem|p1a: Hydrapple|Heavy-Duty Boots|[from] move: Knock Off|[of] p2a: Tyranitar\n|\n|-damage|p2a: Tyranitar|76/100|[from] item: Black Sludge\n|upkeep\n|turn|7\n|\n|t:|1771246146\n|switch|p2a: Slowking|Slowking-Galar, M|100/100\n|move|p1a: Hydrapple|Nasty Plot|p1a: Hydrapple\n|-boost|p1a: Hydrapple|spa|2\n|\n|upkeep\n|turn|8\n|\n|t:|1771246149\n|-terastallize|p1a: Hydrapple|Poison\n|move|p1a: Hydrapple|Earth Power|p2a: Slowking\n|-supereffective|p2a: Slowking\n|-damage|p2a: Slowking|52/100\n|move|p2a: Slowking|Ice Beam|p1a: Hydrapple\n|-damage|p1a: Hydrapple|40/100\n|\n|upkeep\n|turn|9\n|\n|t:|1771246157\n|switch|p2a: Deoxys|Deoxys-Speed|84/100\n|-ability|p2a: Deoxys|Pressure\n|move|p1a: Hydrapple|Fickle Beam|p2a: Deoxys\n|-damage|p2a: Deoxys|0 fnt\n|faint|p2a: Deoxys\n|\n|upkeep\n|\n|t:|1771246159\n|switch|p2a: Great Tusk|Great Tusk|100/100\n|turn|10\n|\n|t:|1771246163\n|-end|p2a: Great Tusk|Protosynthesis|[silent]\n|switch|p2a: Slowking|Slowking-Galar, M|85/100\n|switch|p1a: Moltres|Moltres|100/100\n|\n|upkeep\n|turn|11\n|\n|t:|1771246166\n|move|p1a: Moltres|U-turn|p2a: Slowking\n|-damage|p2a: Slowking|70/100\n|\n|t:|1771246167\n|switch|p1a: Azumarill|Azumarill, F|100/100|[from] U-turn\n|move|p2a: Slowking|Flamethrower|p1a: Azumarill\n|-resisted|p1a: Azumarill\n|-damage|p1a: Azumarill|90/100\n|\n|upkeep\n|turn|12\n|\n|t:|1771246171\n|switch|p2a: Raging Bolt|Raging Bolt|100/100\n|move|p1a: Azumarill|Knock Off|p2a: Raging Bolt\n|-damage|p2a: Raging Bolt|69/100\n|-enditem|p2a: Raging Bolt|Leftovers|[from] move: Knock Off|[of] p1a: Azumarill\n|\n|upkeep\n|turn|13\n|\n|t:|1771246175\n|move|p2a: Raging Bolt|Dragon Pulse|p1a: Azumarill\n|-immune|p1a: Azumarill\n|move|p1a: Azumarill|Play Rough|p2a: Raging Bolt\n|-supereffective|p2a: Raging Bolt\n|-damage|p2a: Raging Bolt|0 fnt\n|faint|p2a: Raging Bolt\n|-end|p2a: Raging Bolt|Protosynthesis|[silent]\n|\n|upkeep\n|\n|t:|1771246178\n|switch|p2a: Great Tusk|Great Tusk|100/100\n|turn|14\n|j| Perpignan Huzz\n|\n|t:|1771246180\n|move|p2a: Great Tusk|Headlong Rush|p1a: Azumarill\n|-damage|p1a: Azumarill|29/100\n|-unboost|p2a: Great Tusk|def|1\n|-unboost|p2a: Great Tusk|spd|1\n|move|p1a: Azumarill|Play Rough|p2a: Great Tusk\n|-supereffective|p2a: Great Tusk\n|-damage|p2a: Great Tusk|0 fnt\n|faint|p2a: Great Tusk\n|-end|p2a: Great Tusk|Protosynthesis|[silent]\n|\n|upkeep\n|l| Perpignan Huzz\n|\n|t:|1771246183\n|switch|p2a: Tyranitar|Tyranitar, M|76/100\n|-weather|Sandstorm|[from] ability: Sand Stream|[of] p2a: Tyranitar\n|turn|15\n|\n|t:|1771246186\n|move|p1a: Azumarill|Aqua Jet|p2a: Tyranitar\n|-supereffective|p2a: Tyranitar\n|-damage|p2a: Tyranitar|37/100\n|move|p2a: Tyranitar|Iron Head|p1a: Azumarill\n|-damage|p1a: Azumarill|0 fnt\n|faint|p1a: Azumarill\n|\n|-weather|Sandstorm|[upkeep]\n|-damage|p2a: Tyranitar|24/100|[from] item: Black Sludge\n|upkeep\n|\n|t:|1771246190\n|switch|p1a: Excadrill|Excadrill, F|88/100\n|turn|16\n|\n|t:|1771246193\n|move|p1a: Excadrill|Earthquake|p2a: Tyranitar\n|-supereffective|p2a: Tyranitar\n|-damage|p2a: Tyranitar|0 fnt\n|faint|p2a: Tyranitar\n|\n|-weather|Sandstorm|[upkeep]\n|-heal|p1a: Excadrill|94/100|[from] item: Leftovers\n|upkeep\n|\n|t:|1771246194\n|switch|p2a: Dondozo|Dondozo, M|58/100\n|turn|17\n|\n|t:|1771246199\n|switch|p1a: Hydrapple|Hydrapple, F, tera:Poison|73/100\n|move|p2a: Dondozo|Rest|p2a: Dondozo\n|-status|p2a: Dondozo|slp|[from] move: Rest\n|-heal|p2a: Dondozo|100/100 slp|[silent]\n|\n|-weather|Sandstorm|[upkeep]\n|-damage|p1a: Hydrapple|67/100|[from] Sandstorm\n|-damage|p2a: Dondozo|94/100 slp|[from] Sandstorm\n|upkeep\n|turn|18\n|\n|t:|1771246201\n|switch|p2a: Slowking|Slowking-Galar, M|100/100\n|move|p1a: Hydrapple|Nasty Plot|p1a: Hydrapple\n|-boost|p1a: Hydrapple|spa|2\n|\n|-weather|Sandstorm|[upkeep]\n|-damage|p1a: Hydrapple|61/100|[from] Sandstorm\n|-damage|p2a: Slowking|94/100|[from] Sandstorm\n|upkeep\n|turn|19\n|\n|t:|1771246203\n|move|p1a: Hydrapple|Earth Power|p2a: Slowking\n|-supereffective|p2a: Slowking\n|-damage|p2a: Slowking|40/100\n|move|p2a: Slowking|Psyshock|p1a: Hydrapple\n|-supereffective|p1a: Hydrapple\n|-damage|p1a: Hydrapple|13/100\n|\n|-weather|none\n|upkeep\n|turn|20\n|\n|t:|1771246208\n|-terastallize|p2a: Slowking|Grass\n|move|p1a: Hydrapple|Earth Power|p2a: Slowking\n|-resisted|p2a: Slowking\n|-damage|p2a: Slowking|26/100\n|move|p2a: Slowking|Psyshock|p1a: Hydrapple\n|-supereffective|p1a: Hydrapple\n|-damage|p1a: Hydrapple|0 fnt\n|faint|p1a: Hydrapple\n|\n|upkeep\n|\n|t:|1771246213\n|switch|p1a: Moltres|Moltres|100/100\n|turn|21\n|\n|t:|1771246220\n|switch|p2a: Dondozo|Dondozo, M|94/100 slp\n|move|p1a: Moltres|U-turn|p2a: Dondozo\n|-damage|p2a: Dondozo|88/100 slp\n|-damage|p1a: Moltres|84/100|[from] item: Rocky Helmet|[of] p2a: Dondozo\n|\n|t:|1771246222\n|switch|p1a: Slowking|Slowking-Galar, F|100/100|[from] U-turn\n|\n|upkeep\n|turn|22\n|\n|t:|1771246224\n|switch|p2a: Slowking|Slowking-Galar, M, tera:Grass|59/100\n|move|p1a: Slowking|Future Sight|p2a: Slowking\n|-start|p1a: Slowking|move: Future Sight\n|\n|upkeep\n|turn|23\n|\n|t:|1771246231\n|move|p1a: Slowking|Sludge Bomb|p2a: Slowking\n|-supereffective|p2a: Slowking\n|-damage|p2a: Slowking|25/100\n|move|p2a: Slowking|Flamethrower|p1a: Slowking\n|-damage|p1a: Slowking|85/100\n|-status|p1a: Slowking|brn\n|\n|-damage|p1a: Slowking|79/100 brn|[from] brn\n|upkeep\n|turn|24\n|\n|t:|1771246234\n|move|p1a: Slowking|Sludge Bomb|p2a: Slowking\n|-supereffective|p2a: Slowking\n|-damage|p2a: Slowking|0 fnt\n|faint|p2a: Slowking\n|\n|-hint|Future Sight did not hit because the target is fainted.\n|-damage|p1a: Slowking|73/100 brn|[from] brn\n|upkeep\n|\n|t:|1771246236\n|switch|p2a: Dondozo|Dondozo, M|88/100 slp\n|turn|25\n|\n|t:|1771246239\n|cant|p2a: Dondozo|slp\n|move|p2a: Dondozo|Sleep Talk|p2a: Dondozo\n|move|p2a: Dondozo|Rest||[from] move: Sleep Talk|[still]\n|-fail|p2a: Dondozo\n|move|p1a: Slowking|Future Sight|p2a: Dondozo\n|-start|p1a: Slowking|move: Future Sight\n|\n|-damage|p1a: Slowking|67/100 brn|[from] brn\n|upkeep\n|turn|26\n|\n|t:|1771246241\n|cant|p2a: Dondozo|slp\n|move|p2a: Dondozo|Sleep Talk|p2a: Dondozo\n|move|p2a: Dondozo|Curse|p2a: Dondozo|[from] move: Sleep Talk\n|-unboost|p2a: Dondozo|spe|1\n|-boost|p2a: Dondozo|atk|1\n|-boost|p2a: Dondozo|def|1\n|move|p1a: Slowking|Sludge Bomb|p2a: Dondozo\n|-damage|p2a: Dondozo|55/100 slp\n|\n|-damage|p1a: Slowking|61/100 brn|[from] brn\n|upkeep\n|turn|27\n|\n|t:|1771246244\n|move|p1a: Slowking|Sludge Bomb|p2a: Dondozo\n|-damage|p2a: Dondozo|22/100 slp\n|-curestatus|p2a: Dondozo|slp|[msg]\n|move|p2a: Dondozo|Rest|p2a: Dondozo\n|-status|p2a: Dondozo|slp|[from] move: Rest\n|-heal|p2a: Dondozo|100/100 slp|[silent]\n|\n|-end|p2a: Dondozo|move: Future Sight\n|-damage|p2a: Dondozo|54/100 slp\n|-damage|p1a: Slowking|55/100 brn|[from] brn\n|upkeep\n|turn|28\n|\n|t:|1771246246\n|move|p1a: Slowking|Sludge Bomb|p2a: Dondozo\n|-damage|p2a: Dondozo|19/100 slp\n|cant|p2a: Dondozo|slp\n|move|p2a: Dondozo|Sleep Talk|p2a: Dondozo\n|move|p2a: Dondozo|Curse|p2a: Dondozo|[from] move: Sleep Talk\n|-unboost|p2a: Dondozo|spe|1\n|-boost|p2a: Dondozo|atk|1\n|-boost|p2a: Dondozo|def|1\n|\n|-damage|p1a: Slowking|49/100 brn|[from] brn\n|upkeep\n|turn|29\n|\n|t:|1771246249\n|move|p1a: Slowking|Sludge Bomb|p2a: Dondozo\n|-damage|p2a: Dondozo|0 fnt\n|faint|p2a: Dondozo\n|\n|win|dante1310\n|raw|dante1310's rating: 1598 &rarr; <strong>1617</strong><br />(+19 for winning)\n|raw|spudcutter's rating: 1579 &rarr; <strong>1560</strong><br />(-19 for losing)\n|l|☆spudcutter\n|player|p2|\n", "uploadtime": 1771246279, "views": 6, "formatid": "gen9ou", "rating": 1560, "private": 0, "password": null}