{"id": "gen9ou-2639308341", "format": "[Gen 9] OU", "players": ["tooeasybabyseeya", "thepeakmons"], "log": "|j|☆tooeasybabyseeya\n|j|☆thepeakmons\n|t:|1782450172\n|gametype|singles\n|player|p1|tooeasybabyseeya|swimmer-gen4dp|1248\n|player|p2|thepeakmons|101|1291\n|gen|9\n|tier|[Gen 9] OU\n|rated|\n|rule|HP Percentage Mod: HP is shown in percentages\n|rule|Endless Battle Clause: Forcing endless battles is banned\n|rule|Species Clause: Limit one of each Pokémon\n|rule|OHKO Clause: OHKO moves are banned\n|rule|Evasion Items Clause: Evasion items are banned\n|rule|Evasion Moves Clause: Evasion moves are banned\n|rule|Evasion Abilities Clause: Evasion abilities are banned\n|rule|Sleep Moves Clause: Sleep-inducing moves are banned\n|clearpoke\n|poke|p1|Garchomp, F|\n|poke|p1|Gliscor, M|\n|poke|p1|Tyranitar, F|\n|poke|p1|Dragonite, M|\n|poke|p1|Iron Treads|\n|poke|p1|Kingambit, M|\n|poke|p2|Gliscor, F|\n|poke|p2|Gholdengo|\n|poke|p2|Zamazenta-*|\n|poke|p2|Blissey, F|\n|poke|p2|Skarmory, M|\n|poke|p2|Pecharunt|\n|teampreview\n|inactive|Battle timer is ON: inactive players will automatically lose when time's up. (requested by tooeasybabyseeya)\n|\n|t:|1782450189\n|teamsize|p1|6\n|teamsize|p2|6\n|start\n|switch|p1a: Tyranitar|Tyranitar, F|100/100\n|switch|p2a: Skarmory|Skarmory, M|100/100\n|-weather|Sandstorm|[from] ability: Sand Stream|[of] p1a: Tyranitar\n|turn|1\n|inactive|thepeakmons also wants the timer to be on.\n|inactive|thepeakmons has 120 seconds left.\n|\n|t:|1782450248\n|switch|p1a: Iron Treads|Iron Treads|100/100\n|-enditem|p1a: Iron Treads|Booster Energy\n|-activate|p1a: Iron Treads|ability: Quark Drive|[fromitem]\n|-start|p1a: Iron Treads|quarkdrivespe\n|move|p2a: Skarmory|Spikes|p1a: Iron Treads\n|-sidestart|p1: tooeasybabyseeya|Spikes\n|\n|-weather|Sandstorm|[upkeep]\n|upkeep\n|turn|2\n|inactive|thepeakmons has 90 seconds left.\n|\n|t:|1782450270\n|move|p1a: Iron Treads|Rapid Spin|p2a: Skarmory\n|-resisted|p2a: Skarmory\n|-damage|p2a: Skarmory|96/100\n|-boost|p1a: Iron Treads|spe|1\n|-sideend|p1: tooeasybabyseeya|Spikes|[from] move: Rapid Spin|[of] p1a: Iron Treads\n|move|p2a: Skarmory|Body Press|p1a: Iron Treads\n|-supereffective|p1a: Iron Treads\n|-damage|p1a: Iron Treads|47/100\n|\n|-weather|Sandstorm|[upkeep]\n|upkeep\n|turn|3\n|inactive|thepeakmons has 90 seconds left.\n|\n|t:|1782450287\n|-end|p1a: Iron Treads|Quark Drive|[silent]\n|switch|p1a: Gliscor|Gliscor, M|100/100\n|move|p2a: Skarmory|Spikes|p1a: Gliscor\n|-sidestart|p1: tooeasybabyseeya|Spikes\n|\n|-weather|Sandstorm|[upkeep]\n|-status|p1a: Gliscor|tox|[from] item: Toxic Orb\n|upkeep\n|turn|4\n|\n|t:|1782450305\n|move|p1a: Gliscor|Stealth Rock|p2a: Skarmory\n|-sidestart|p2: thepeakmons|move: Stealth Rock\n|move|p2a: Skarmory|Spikes|p1a: Gliscor\n|-sidestart|p1: tooeasybabyseeya|Spikes\n|\n|-weather|Sandstorm|[upkeep]\n|upkeep\n|turn|5\n|\n|t:|1782450321\n|switch|p1a: Dragonite|Dragonite, M|100/100\n|move|p2a: Skarmory|Whirlwind|p1a: Dragonite\n|drag|p1a: Kingambit|Kingambit, M|100/100\n|-damage|p1a: Kingambit|84/100|[from] Spikes\n|\n|-weather|none\n|-heal|p1a: Kingambit|90/100|[from] item: Leftovers\n|upkeep\n|turn|6\n|\n|t:|1782450340\n|move|p2a: Skarmory|Body Press|p1a: Kingambit\n|-supereffective|p1a: Kingambit\n|-damage|p1a: Kingambit|2/100\n|move|p1a: Kingambit|Swords Dance|p1a: Kingambit\n|-boost|p1a: Kingambit|atk|2\n|\n|-heal|p1a: Kingambit|8/100|[from] item: Leftovers\n|upkeep\n|turn|7\n|inactive|thepeakmons has 60 seconds left.\n|\n|t:|1782450364\n|move|p1a: Kingambit|Sucker Punch|p2a: Skarmory\n|-damage|p2a: Skarmory|43/100\n|move|p2a: Skarmory|Body Press|p1a: Kingambit\n|-supereffective|p1a: Kingambit\n|-damage|p1a: Kingambit|0 fnt\n|faint|p1a: Kingambit\n|-end|p1a: Kingambit|fallenundefined|[silent]\n|\n|upkeep\n|\n|t:|1782450373\n|switch|p1a: Dragonite|Dragonite, M|100/100\n|turn|8\n|inactive|thepeakmons has 60 seconds left.\n|\n|t:|1782450385\n|move|p1a: Dragonite|Dragon Dance|p1a: Dragonite\n|-boost|p1a: Dragonite|atk|1\n|-boost|p1a: Dragonite|spe|1\n|move|p2a: Skarmory|Roost|p2a: Skarmory\n|-heal|p2a: Skarmory|93/100\n|-singleturn|p2a: Skarmory|move: Roost\n|\n|upkeep\n|turn|9\n|inactive|thepeakmons has 60 seconds left.\n|\n|t:|1782450398\n|move|p1a: Dragonite|Dragon Claw|p2a: Skarmory\n|-resisted|p2a: Skarmory\n|-damage|p2a: Skarmory|72/100\n|move|p2a: Skarmory|Whirlwind|p1a: Dragonite\n|drag|p1a: Garchomp|Garchomp, F|100/100\n|-damage|p1a: Garchomp|84/100|[from] Spikes\n|\n|upkeep\n|turn|10\n|inactive|thepeakmons has 60 seconds left.\n|\n|t:|1782450411\n|move|p2a: Skarmory|Roost|p2a: Skarmory\n|-heal|p2a: Skarmory|100/100\n|-singleturn|p2a: Skarmory|move: Roost\n|move|p1a: Garchomp|Dragon Tail|p2a: Skarmory\n|-resisted|p2a: Skarmory\n|-damage|p2a: Skarmory|88/100\n|-damage|p1a: Garchomp|74/100|[from] item: Life Orb\n|drag|p2a: Gliscor|Gliscor, F|100/100\n|-damage|p2a: Gliscor|88/100|[from] Stealth Rock\n|\n|-status|p2a: Gliscor|tox|[from] item: Toxic Orb\n|upkeep\n|turn|11\n|inactive|thepeakmons has 60 seconds left.\n|\n|t:|1782450424\n|move|p1a: Garchomp|Dragon Claw|p2a: Gliscor\n|-damage|p2a: Gliscor|47/100 tox\n|-damage|p1a: Garchomp|64/100|[from] item: Life Orb\n|move|p2a: Gliscor|Earthquake|p1a: Garchomp\n|-damage|p1a: Garchomp|29/100\n|\n|-heal|p2a: Gliscor|60/100 tox|[from] ability: Poison Heal\n|upkeep\n|turn|12\n|inactive|thepeakmons has 60 seconds left.\n|\n|t:|1782450436\n|move|p1a: Garchomp|Dragon Claw|p2a: Gliscor\n|-damage|p2a: Gliscor|13/100 tox\n|-damage|p1a: Garchomp|19/100|[from] item: Life Orb\n|move|p2a: Gliscor|Earthquake|p1a: Garchomp\n|-damage|p1a: Garchomp|0 fnt\n|faint|p1a: Garchomp\n|\n|-heal|p2a: Gliscor|25/100 tox|[from] ability: Poison Heal\n|upkeep\n|\n|t:|1782450445\n|switch|p1a: Dragonite|Dragonite, M|100/100\n|turn|13\n|\n|t:|1782450453\n|switch|p2a: Zamazenta|Zamazenta|100/100\n|-ability|p2a: Zamazenta|Dauntless Shield|boost\n|-boost|p2a: Zamazenta|def|1\n|move|p1a: Dragonite|Dragon Dance|p1a: Dragonite\n|-boost|p1a: Dragonite|atk|1\n|-boost|p1a: Dragonite|spe|1\n|\n|upkeep\n|turn|14\n|\n|t:|1782450468\n|move|p2a: Zamazenta|Ice Fang|p1a: Dragonite\n|-supereffective|p1a: Dragonite\n|-damage|p1a: Dragonite|52/100\n|move|p1a: Dragonite|Dragon Claw|p2a: Zamazenta\n|-damage|p2a: Zamazenta|60/100\n|\n|-heal|p1a: Dragonite|58/100|[from] item: Leftovers\n|upkeep\n|turn|15\n|\n|t:|1782450477\n|move|p1a: Dragonite|Extreme Speed|p2a: Zamazenta\n|-damage|p2a: Zamazenta|31/100\n|move|p2a: Zamazenta|Ice Fang|p1a: Dragonite|[miss]\n|-miss|p2a: Zamazenta|p1a: Dragonite\n|\n|-heal|p1a: Dragonite|64/100|[from] item: Leftovers\n|upkeep\n|turn|16\n|\n|t:|1782450491\n|move|p2a: Zamazenta|Ice Fang|p1a: Dragonite\n|-supereffective|p1a: Dragonite\n|-damage|p1a: Dragonite|0 fnt\n|faint|p1a: Dragonite\n|\n|upkeep\n|\n|t:|1782450502\n|switch|p1a: Tyranitar|Tyranitar, F|100/100\n|-damage|p1a: Tyranitar|84/100|[from] Spikes\n|-weather|Sandstorm|[from] ability: Sand Stream|[of] p1a: Tyranitar\n|turn|17\n|\n|t:|1782450521\n|move|p2a: Zamazenta|Close Combat|p1a: Tyranitar\n|-supereffective|p1a: Tyranitar\n|-damage|p1a: Tyranitar|0 fnt\n|-unboost|p2a: Zamazenta|def|1\n|-unboost|p2a: Zamazenta|spd|1\n|faint|p1a: Tyranitar\n|\n|-weather|Sandstorm|[upkeep]\n|-damage|p2a: Zamazenta|25/100|[from] Sandstorm\n|upkeep\n|\n|t:|1782450532\n|switch|p1a: Gliscor|Gliscor, M|100/100 tox\n|turn|18\n|\n|t:|1782450544\n|switch|p2a: Gliscor|Gliscor, F|25/100 tox\n|-damage|p2a: Gliscor|13/100 tox|[from] Stealth Rock\n|move|p1a: Gliscor|Earthquake|p2a: Gliscor\n|-immune|p2a: Gliscor\n|\n|-weather|Sandstorm|[upkeep]\n|-heal|p2a: Gliscor|25/100 tox|[from] ability: Poison Heal\n|upkeep\n|turn|19\n|c|☆tooeasybabyseeya|you have a gay ass team\n|-message|tooeasybabyseeya forfeited.\n|\n|win|thepeakmons\n|raw|tooeasybabyseeya's rating: 1248 &rarr; <strong>1226</strong><br />(-22 for losing)\n|raw|thepeakmons's rating: 1291 &rarr; <strong>1313</strong><br />(+22 for winning)\n|l|☆tooeasybabyseeya\n|player|p1|\n", "uploadtime": 1782450556, "views": 10, "formatid": "gen9ou", "rating": 1226, "private": 0, "password": null}