{"id": "gen9ou-2639980342", "format": "[Gen 9] OU", "players": ["pinkacordhater", "TheCollageDropout"], "log": "|j|‽pinkacordhater\n|j|☆TheCollageDropout\n|t:|1782557318\n|gametype|singles\n|player|p1|pinkacordhater|artistf-gen6|1598\n|player|p2|TheCollageDropout|2|1563\n|gen|9\n|tier|[Gen 9] OU\n|rated|\n|rule|HP Percentage Mod: HP is shown in percentages\n|rule|Endless Battle Clause: Forcing endless battles is banned\n|rule|Species Clause: Limit one of each Pokémon\n|rule|OHKO Clause: OHKO moves are banned\n|rule|Evasion Items Clause: Evasion items are banned\n|rule|Evasion Moves Clause: Evasion moves are banned\n|rule|Evasion Abilities Clause: Evasion abilities are banned\n|rule|Sleep Moves Clause: Sleep-inducing moves are banned\n|clearpoke\n|poke|p1|Rillaboom, M|\n|poke|p1|Garganacl, M|\n|poke|p1|Zapdos|\n|poke|p1|Gholdengo|\n|poke|p1|Great Tusk|\n|poke|p1|Slowking-Galar, M|\n|poke|p2|Gholdengo|\n|poke|p2|Garganacl, F|\n|poke|p2|Volcanion|\n|poke|p2|Great Tusk|\n|poke|p2|Zapdos|\n|poke|p2|Meowscarada, F|\n|teampreview\n|inactive|Battle timer is ON: inactive players will automatically lose when time's up. (requested by pinkacordhater)\n|\n|t:|1782557344\n|teamsize|p1|6\n|teamsize|p2|6\n|start\n|switch|p1a: Garganacl|Garganacl, M|100/100\n|switch|p2a: Meowscarada|Meowscarada, F|100/100\n|turn|1\n|\n|t:|1782557348\n|move|p1a: Garganacl|Protect|p1a: Garganacl\n|-singleturn|p1a: Garganacl|Protect\n|move|p2a: Meowscarada|Flower Trick|p1a: Garganacl\n|-start|p2a: Meowscarada|typechange|Grass|[from] ability: Protean\n|-activate|p1a: Garganacl|move: Protect\n|\n|upkeep\n|turn|2\n|\n|t:|1782557352\n|switch|p1a: Zapdos|Zapdos|100/100\n|move|p2a: Meowscarada|Flower Trick|p1a: Zapdos\n|-resisted|p1a: Zapdos\n|-crit|p1a: Zapdos\n|-damage|p1a: Zapdos|73/100\n|\n|upkeep\n|turn|3\n|\n|t:|1782557356\n|switch|p2a: Garganacl|Garganacl, F|100/100\n|move|p1a: Zapdos|Volt Switch|p2a: Garganacl\n|-damage|p2a: Garganacl|82/100\n|\n|t:|1782557358\n|switch|p1a: Rillaboom|Rillaboom, M|100/100|[from] Volt Switch\n|-fieldstart|move: Grassy Terrain|[from] ability: Grassy Surge|[of] p1a: Rillaboom\n|\n|-heal|p2a: Garganacl|88/100|[from] Grassy Terrain\n|-heal|p2a: Garganacl|94/100|[from] item: Leftovers\n|upkeep\n|turn|4\n|\n|t:|1782557367\n|switch|p1a: Garganacl|Garganacl, M|100/100\n|switch|p2a: Zapdos|Zapdos|100/100\n|\n|upkeep\n|turn|5\n|\n|t:|1782557370\n|move|p2a: Zapdos|U-turn|p1a: Garganacl\n|-damage|p1a: Garganacl|92/100\n|\n|t:|1782557373\n|switch|p2a: Garganacl|Garganacl, F|94/100|[from] U-turn\n|move|p1a: Garganacl|Salt Cure|p2a: Garganacl\n|-damage|p2a: Garganacl|86/100\n|-start|p2a: Garganacl|Salt Cure\n|\n|-heal|p2a: Garganacl|92/100|[from] Grassy Terrain\n|-heal|p2a: Garganacl|98/100|[from] item: Leftovers\n|-heal|p1a: Garganacl|98/100|[from] Grassy Terrain\n|-heal|p1a: Garganacl|100/100|[from] item: Leftovers\n|-damage|p2a: Garganacl|86/100|[from] Salt Cure\n|upkeep\n|turn|6\n|\n|t:|1782557375\n|switch|p1a: Slowking|Slowking-Galar, M|100/100\n|move|p2a: Garganacl|Stealth Rock|p1a: Slowking\n|-sidestart|p1: pinkacordhater|move: Stealth Rock\n|\n|-heal|p2a: Garganacl|92/100|[from] Grassy Terrain\n|-heal|p2a: Garganacl|98/100|[from] item: Leftovers\n|-damage|p2a: Garganacl|86/100|[from] Salt Cure\n|upkeep\n|turn|7\n|\n|t:|1782557380\n|switch|p2a: Gholdengo|Gholdengo|100/100\n|move|p1a: Slowking|Future Sight|p2a: Gholdengo\n|-start|p1a: Slowking|move: Future Sight\n|\n|-fieldend|move: Grassy Terrain\n|upkeep\n|turn|8\n|\n|t:|1782557383\n|move|p2a: Gholdengo|Shadow Ball|p1a: Slowking\n|-supereffective|p1a: Slowking\n|-damage|p1a: Slowking|56/100\n|move|p1a: Slowking|Flamethrower|p2a: Gholdengo\n|-supereffective|p2a: Gholdengo\n|-damage|p2a: Gholdengo|36/100\n|\n|upkeep\n|turn|9\n|\n|t:|1782557393\n|switch|p2a: Volcanion|Volcanion|100/100\n|move|p1a: Slowking|Flamethrower|p2a: Volcanion\n|-resisted|p2a: Volcanion\n|-crit|p2a: Volcanion\n|-damage|p2a: Volcanion|90/100\n|\n|-end|p2a: Volcanion|move: Future Sight\n|-damage|p2a: Volcanion|29/100\n|upkeep\n|turn|10\n|\n|t:|1782557405\n|move|p2a: Volcanion|Steam Eruption|p1a: Slowking\n|-damage|p1a: Slowking|26/100\n|-status|p1a: Slowking|brn\n|move|p1a: Slowking|Psychic Noise|p2a: Volcanion\n|-damage|p2a: Volcanion|0 fnt\n|faint|p2a: Volcanion\n|\n|-damage|p1a: Slowking|20/100 brn|[from] brn\n|upkeep\n|\n|t:|1782557409\n|switch|p2a: Meowscarada|Meowscarada, F|100/100\n|turn|11\n|\n|t:|1782557413\n|switch|p1a: Zapdos|Zapdos|73/100\n|-damage|p1a: Zapdos|48/100|[from] Stealth Rock\n|move|p2a: Meowscarada|U-turn|p1a: Zapdos\n|-start|p2a: Meowscarada|typechange|Bug|[from] ability: Protean\n|-resisted|p1a: Zapdos\n|-crit|p1a: Zapdos\n|-damage|p1a: Zapdos|22/100\n|-damage|p2a: Meowscarada|84/100|[from] item: Rocky Helmet|[of] p1a: Zapdos\n|\n|t:|1782557417\n|switch|p2a: Gholdengo|Gholdengo|36/100|[from] U-turn\n|\n|upkeep\n|turn|12\n|\n|t:|1782557425\n|switch|p1a: Slowking|Slowking-Galar, M|53/100 brn\n|-damage|p1a: Slowking|40/100 brn|[from] Stealth Rock\n|move|p2a: Gholdengo|Make It Rain|p1a: Slowking\n|-damage|p1a: Slowking|4/100 brn\n|-unboost|p2a: Gholdengo|spa|1\n|\n|-damage|p1a: Slowking|0 fnt|[from] brn\n|faint|p1a: Slowking\n|upkeep\n|\n|t:|1782557428\n|switch|p1a: Great Tusk|Great Tusk|100/100\n|turn|13\n|\n|t:|1782557432\n|switch|p2a: Zapdos|Zapdos|100/100\n|move|p1a: Great Tusk|Rapid Spin|p2a: Zapdos\n|-damage|p2a: Zapdos|88/100\n|-boost|p1a: Great Tusk|spe|1\n|-status|p1a: Great Tusk|par|[from] ability: Static|[of] p2a: Zapdos\n|-sideend|p1: pinkacordhater|Stealth Rock|[from] move: Rapid Spin|[of] p1a: Great Tusk\n|\n|upkeep\n|turn|14\n|\n|t:|1782557435\n|-end|p1a: Great Tusk|Protosynthesis|[silent]\n|switch|p1a: Garganacl|Garganacl, M|100/100\n|move|p2a: Zapdos|Hurricane|p1a: Garganacl\n|-resisted|p1a: Garganacl\n|-damage|p1a: Garganacl|86/100\n|\n|-heal|p1a: Garganacl|93/100|[from] item: Leftovers\n|upkeep\n|turn|15\n|\n|t:|1782557437\n|move|p2a: Zapdos|U-turn|p1a: Garganacl\n|-damage|p1a: Garganacl|83/100\n|\n|t:|1782557440\n|switch|p2a: Garganacl|Garganacl, F|86/100|[from] U-turn\n|move|p1a: Garganacl|Salt Cure|p2a: Garganacl\n|-damage|p2a: Garganacl|77/100\n|-start|p2a: Garganacl|Salt Cure\n|\n|-heal|p2a: Garganacl|83/100|[from] item: Leftovers\n|-heal|p1a: Garganacl|90/100|[from] item: Leftovers\n|-damage|p2a: Garganacl|71/100|[from] Salt Cure\n|upkeep\n|turn|16\n|\n|t:|1782557443\n|switch|p1a: Great Tusk|Great Tusk|100/100 par\n|move|p2a: Garganacl|Salt Cure|p1a: Great Tusk\n|-resisted|p1a: Great Tusk\n|-damage|p1a: Great Tusk|98/100 par\n|-start|p1a: Great Tusk|Salt Cure\n|\n|-heal|p2a: Garganacl|77/100|[from] item: Leftovers\n|-damage|p1a: Great Tusk|86/100 par|[from] Salt Cure\n|-damage|p2a: Garganacl|65/100|[from] Salt Cure\n|upkeep\n|turn|17\n|\n|t:|1782557449\n|switch|p2a: Zapdos|Zapdos|88/100\n|move|p1a: Great Tusk|Stealth Rock|p2a: Zapdos\n|-sidestart|p2: TheCollageDropout|move: Stealth Rock\n|\n|-damage|p1a: Great Tusk|73/100 par|[from] Salt Cure\n|upkeep\n|turn|18\n|\n|t:|1782557454\n|-end|p1a: Great Tusk|Protosynthesis|[silent]\n|switch|p1a: Garganacl|Garganacl, M|90/100\n|move|p2a: Zapdos|U-turn|p1a: Garganacl\n|-damage|p1a: Garganacl|80/100\n|\n|t:|1782557457\n|switch|p2a: Meowscarada|Meowscarada, F|84/100|[from] U-turn\n|-damage|p2a: Meowscarada|72/100|[from] Stealth Rock\n|\n|-heal|p1a: Garganacl|86/100|[from] item: Leftovers\n|upkeep\n|turn|19\n|\n|t:|1782557459\n|move|p1a: Garganacl|Protect|p1a: Garganacl\n|-singleturn|p1a: Garganacl|Protect\n|move|p2a: Meowscarada|Flower Trick|p1a: Garganacl\n|-start|p2a: Meowscarada|typechange|Grass|[from] ability: Protean\n|-activate|p1a: Garganacl|move: Protect\n|\n|-heal|p1a: Garganacl|92/100|[from] item: Leftovers\n|upkeep\n|turn|20\n|\n|t:|1782557464\n|switch|p1a: Gholdengo|Gholdengo|100/100\n|move|p2a: Meowscarada|Flower Trick|p1a: Gholdengo\n|-resisted|p1a: Gholdengo\n|-crit|p1a: Gholdengo\n|-damage|p1a: Gholdengo|58/100\n|\n|upkeep\n|turn|21\n|\n|t:|1782557487\n|switch|p2a: Zapdos|Zapdos|88/100\n|move|p1a: Gholdengo|Make It Rain|p2a: Zapdos\n|-resisted|p2a: Zapdos\n|-damage|p2a: Zapdos|57/100\n|-unboost|p1a: Gholdengo|spa|1\n|\n|upkeep\n|turn|22\n|\n|t:|1782557490\n|switch|p1a: Garganacl|Garganacl, M|92/100\n|move|p2a: Zapdos|Roost|p2a: Zapdos\n|-heal|p2a: Zapdos|100/100\n|-singleturn|p2a: Zapdos|move: Roost\n|\n|-heal|p1a: Garganacl|99/100|[from] item: Leftovers\n|upkeep\n|turn|23\n|\n|t:|1782557500\n|move|p2a: Zapdos|U-turn|p1a: Garganacl\n|-damage|p1a: Garganacl|89/100\n|\n|t:|1782557516\n|switch|p2a: Great Tusk|Great Tusk|100/100|[from] U-turn\n|move|p1a: Garganacl|Salt Cure|p2a: Great Tusk\n|-resisted|p2a: Great Tusk\n|-damage|p2a: Great Tusk|98/100\n|-start|p2a: Great Tusk|Salt Cure\n|\n|-heal|p1a: Garganacl|95/100|[from] item: Leftovers\n|-damage|p2a: Great Tusk|85/100|[from] Salt Cure\n|upkeep\n|turn|24\n|\n|t:|1782557520\n|move|p1a: Garganacl|Protect|p1a: Garganacl\n|-singleturn|p1a: Garganacl|Protect\n|move|p2a: Great Tusk|Rapid Spin|p1a: Garganacl\n|-activate|p1a: Garganacl|move: Protect\n|\n|-heal|p1a: Garganacl|100/100|[from] item: Leftovers\n|-damage|p2a: Great Tusk|73/100|[from] Salt Cure\n|upkeep\n|turn|25\n|\n|t:|1782557523\n|switch|p1a: Zapdos|Zapdos|22/100\n|move|p2a: Great Tusk|Rapid Spin|p1a: Zapdos\n|-crit|p1a: Zapdos\n|-damage|p1a: Zapdos|3/100\n|-boost|p2a: Great Tusk|spe|1\n|-damage|p2a: Great Tusk|57/100|[from] item: Rocky Helmet|[of] p1a: Zapdos\n|-status|p2a: Great Tusk|par|[from] ability: Static|[of] p1a: Zapdos\n|-sideend|p2: TheCollageDropout|Stealth Rock|[from] move: Rapid Spin|[of] p2a: Great Tusk\n|\n|-damage|p2a: Great Tusk|44/100 par|[from] Salt Cure\n|upkeep\n|turn|26\n|\n|t:|1782557533\n|-end|p2a: Great Tusk|Protosynthesis|[silent]\n|switch|p2a: Garganacl|Garganacl, F|65/100\n|move|p1a: Zapdos|Roost|p1a: Zapdos\n|-heal|p1a: Zapdos|53/100\n|-singleturn|p1a: Zapdos|move: Roost\n|\n|-heal|p2a: Garganacl|71/100|[from] item: Leftovers\n|upkeep\n|turn|27\n|\n|t:|1782557535\n|move|p1a: Zapdos|Volt Switch|p2a: Garganacl\n|-damage|p2a: Garganacl|51/100\n|\n|t:|1782557538\n|switch|p1a: Rillaboom|Rillaboom, M|100/100|[from] Volt Switch\n|-fieldstart|move: Grassy Terrain|[from] ability: Grassy Surge|[of] p1a: Rillaboom\n|move|p2a: Garganacl|Stealth Rock|p1a: Rillaboom\n|-sidestart|p1: pinkacordhater|move: Stealth Rock\n|\n|-heal|p2a: Garganacl|57/100|[from] Grassy Terrain\n|-heal|p2a: Garganacl|63/100|[from] item: Leftovers\n|upkeep\n|turn|28\n|\n|t:|1782557545\n|-terastallize|p1a: Rillaboom|Grass\n|move|p2a: Garganacl|Protect|p2a: Garganacl\n|-singleturn|p2a: Garganacl|Protect\n|move|p1a: Rillaboom|Wood Hammer|p2a: Garganacl\n|-activate|p2a: Garganacl|move: Protect\n|\n|-heal|p2a: Garganacl|70/100|[from] Grassy Terrain\n|-heal|p2a: Garganacl|76/100|[from] item: Leftovers\n|upkeep\n|turn|29\n|\n|t:|1782557549\n|switch|p2a: Zapdos|Zapdos|100/100\n|move|p1a: Rillaboom|Wood Hammer|p2a: Zapdos\n|-resisted|p2a: Zapdos\n|-damage|p2a: Zapdos|36/100\n|-damage|p1a: Rillaboom|77/100|[from] Recoil\n|\n|-heal|p1a: Rillaboom|83/100|[from] Grassy Terrain\n|upkeep\n|turn|30\n|\n|t:|1782557553\n|move|p1a: Rillaboom|Wood Hammer|p2a: Zapdos\n|-resisted|p2a: Zapdos\n|-damage|p2a: Zapdos|0 fnt\n|-status|p1a: Rillaboom|par|[from] ability: Static|[of] p2a: Zapdos\n|faint|p2a: Zapdos\n|-damage|p1a: Rillaboom|70/100 par|[from] Recoil\n|\n|-heal|p1a: Rillaboom|76/100 par|[from] Grassy Terrain\n|upkeep\n|\n|t:|1782557558\n|switch|p2a: Meowscarada|Meowscarada, F|72/100\n|turn|31\n|\n|t:|1782557573\n|switch|p1a: Garganacl|Garganacl, M|100/100\n|-damage|p1a: Garganacl|88/100|[from] Stealth Rock\n|move|p2a: Meowscarada|Triple Axel|p1a: Garganacl\n|-start|p2a: Meowscarada|typechange|Ice|[from] ability: Protean\n|-damage|p1a: Garganacl|78/100\n|-damage|p1a: Garganacl|59/100\n|-damage|p1a: Garganacl|31/100\n|-hitcount|p1a: Garganacl|3\n|\n|-heal|p2a: Meowscarada|78/100|[from] Grassy Terrain\n|-heal|p1a: Garganacl|37/100|[from] Grassy Terrain\n|-heal|p1a: Garganacl|44/100|[from] item: Leftovers\n|-fieldend|move: Grassy Terrain\n|upkeep\n|turn|32\n|\n|t:|1782557583\n|move|p1a: Garganacl|Protect|p1a: Garganacl\n|-singleturn|p1a: Garganacl|Protect\n|move|p2a: Meowscarada|Triple Axel|p1a: Garganacl\n|-activate|p1a: Garganacl|move: Protect\n|\n|-heal|p1a: Garganacl|50/100|[from] item: Leftovers\n|upkeep\n|turn|33\n|\n|t:|1782557595\n|switch|p1a: Gholdengo|Gholdengo|58/100\n|-damage|p1a: Gholdengo|52/100|[from] Stealth Rock\n|move|p2a: Meowscarada|Triple Axel|p1a: Gholdengo\n|-resisted|p1a: Gholdengo\n|-damage|p1a: Gholdengo|43/100\n|-resisted|p1a: Gholdengo\n|-damage|p1a: Gholdengo|29/100\n|-resisted|p1a: Gholdengo\n|-damage|p1a: Gholdengo|7/100\n|-hitcount|p1a: Gholdengo|3\n|\n|upkeep\n|turn|34\n|\n|t:|1782557599\n|move|p1a: Gholdengo|Make It Rain|p2a: Meowscarada\n|-supereffective|p2a: Meowscarada\n|-damage|p2a: Meowscarada|0 fnt\n|-unboost|p1a: Gholdengo|spa|1\n|faint|p2a: Meowscarada\n|\n|upkeep\n|\n|t:|1782557602\n|switch|p2a: Great Tusk|Great Tusk|44/100 par\n|turn|35\n|\n|t:|1782557605\n|move|p1a: Gholdengo|Make It Rain|p2a: Great Tusk\n|-damage|p2a: Great Tusk|0 fnt\n|-unboost|p1a: Gholdengo|spa|1\n|faint|p2a: Great Tusk\n|-end|p2a: Great Tusk|Protosynthesis|[silent]\n|\n|upkeep\n|\n|t:|1782557608\n|switch|p2a: Gholdengo|Gholdengo|36/100\n|turn|36\n|\n|t:|1782557620\n|switch|p1a: Zapdos|Zapdos|53/100\n|-damage|p1a: Zapdos|28/100|[from] Stealth Rock\n|move|p2a: Gholdengo|Shadow Ball|p1a: Zapdos\n|-damage|p1a: Zapdos|0 fnt\n|faint|p1a: Zapdos\n|\n|upkeep\n|\n|t:|1782557626\n|switch|p1a: Gholdengo|Gholdengo|7/100\n|-damage|p1a: Gholdengo|1/100|[from] Stealth Rock\n|turn|37\n|\n|t:|1782557630\n|move|p1a: Gholdengo|Make It Rain|p2a: Gholdengo\n|-resisted|p2a: Gholdengo\n|-damage|p2a: Gholdengo|0 fnt\n|-unboost|p1a: Gholdengo|spa|1\n|faint|p2a: Gholdengo\n|\n|upkeep\n|\n|t:|1782557633\n|switch|p2a: Garganacl|Garganacl, F|76/100\n|turn|38\n|\n|t:|1782557643\n|switch|p1a: Great Tusk|Great Tusk|73/100 par\n|move|p2a: Garganacl|Protect||[still]\n|-fail|p2a: Garganacl\n|\n|-heal|p2a: Garganacl|82/100|[from] item: Leftovers\n|upkeep\n|turn|39\n|\n|t:|1782557646\n|move|p1a: Great Tusk|Rapid Spin|p2a: Garganacl\n|-resisted|p2a: Garganacl\n|-damage|p2a: Garganacl|77/100\n|-boost|p1a: Great Tusk|spe|1\n|-sideend|p1: pinkacordhater|Stealth Rock|[from] move: Rapid Spin|[of] p1a: Great Tusk\n|move|p2a: Garganacl|Salt Cure|p1a: Great Tusk\n|-resisted|p1a: Great Tusk\n|-damage|p1a: Great Tusk|71/100 par\n|-start|p1a: Great Tusk|Salt Cure\n|\n|-heal|p2a: Garganacl|83/100|[from] item: Leftovers\n|-damage|p1a: Great Tusk|59/100 par|[from] Salt Cure\n|upkeep\n|turn|40\n|\n|t:|1782557648\n|move|p1a: Great Tusk|Headlong Rush|p2a: Garganacl\n|-supereffective|p2a: Garganacl\n|-damage|p2a: Garganacl|0 fnt\n|-unboost|p1a: Great Tusk|def|1\n|-unboost|p1a: Great Tusk|spd|1\n|faint|p2a: Garganacl\n|\n|win|pinkacordhater\n|raw|pinkacordhater's rating: 1598 &rarr; <strong>1616</strong><br />(+18 for winning)\n|raw|TheCollageDropout's rating: 1563 &rarr; <strong>1545</strong><br />(-18 for losing)\n|l|☆TheCollageDropout\n|player|p2|\n|l|‽pinkacordhater\n|player|p1|\n", "uploadtime": 1782557648, "views": 7, "formatid": "gen9ou", "rating": 1545, "private": 0, "password": null}