{"id": "gen9ou-2647716586", "format": "[Gen 9] OU", "players": ["Aight8755", "Assblasterz"], "log": "|j|☆Aight8755\n|j|☆Assblasterz\n|t:|1783800848\n|gametype|singles\n|player|p1|Aight8755|youngcouple-gen4dp|1159\n|player|p2|Assblasterz|red|1194\n|gen|9\n|tier|[Gen 9] OU\n|rated|\n|rule|HP Percentage Mod: HP is shown in percentages\n|rule|Endless Battle Clause: Forcing endless battles is banned\n|rule|Species Clause: Limit one of each Pokémon\n|rule|OHKO Clause: OHKO moves are banned\n|rule|Evasion Items Clause: Evasion items are banned\n|rule|Evasion Moves Clause: Evasion moves are banned\n|rule|Evasion Abilities Clause: Evasion abilities are banned\n|rule|Sleep Moves Clause: Sleep-inducing moves are banned\n|clearpoke\n|poke|p1|Darkrai|\n|poke|p1|Iron Valiant|\n|poke|p1|Heatran, M|\n|poke|p1|Dragapult, F|\n|poke|p1|Glastrier|\n|poke|p1|Corviknight, F|\n|poke|p2|Walking Wake|\n|poke|p2|Great Tusk|\n|poke|p2|Ninetales, M|\n|poke|p2|Cresselia, F|\n|poke|p2|Zarude|\n|poke|p2|Ceruledge, F|\n|teampreview\n|inactive|Battle timer is ON: inactive players will automatically lose when time's up. (requested by Aight8755)\n|\n|t:|1783800860\n|teamsize|p1|6\n|teamsize|p2|6\n|start\n|switch|p1a: Heatran|Heatran, M|100/100\n|switch|p2a: Ninetales|Ninetales, M|100/100\n|-weather|SunnyDay|[from] ability: Drought|[of] p2a: Ninetales\n|turn|1\n|\n|t:|1783800875\n|move|p2a: Ninetales|Overheat|p1a: Heatran\n|-damage|p1a: Heatran|44/100\n|-unboost|p2a: Ninetales|spa|2\n|move|p1a: Heatran|Stealth Rock|p2a: Ninetales\n|-sidestart|p2: Assblasterz|move: Stealth Rock\n|\n|-weather|SunnyDay|[upkeep]\n|-heal|p1a: Heatran|50/100|[from] item: Leftovers\n|upkeep\n|turn|2\n|\n|t:|1783800886\n|move|p2a: Ninetales|Encore|p1a: Heatran\n|-start|p1a: Heatran|Encore\n|move|p1a: Heatran|Stealth Rock||[still]\n|-fail|p1a: Heatran\n|\n|-weather|SunnyDay|[upkeep]\n|-heal|p1a: Heatran|57/100|[from] item: Leftovers\n|upkeep\n|turn|3\n|\n|t:|1783800893\n|switch|p2a: Walking Wake|Walking Wake|100/100\n|-damage|p2a: Walking Wake|88/100|[from] Stealth Rock\n|-activate|p2a: Walking Wake|ability: Protosynthesis\n|-start|p2a: Walking Wake|protosynthesisspe\n|switch|p1a: Dragapult|Dragapult, F|100/100\n|\n|-weather|SunnyDay|[upkeep]\n|upkeep\n|turn|4\n|\n|t:|1783800906\n|move|p2a: Walking Wake|Draco Meteor|p1a: Dragapult\n|-supereffective|p1a: Dragapult\n|-damage|p1a: Dragapult|0 fnt\n|-unboost|p2a: Walking Wake|spa|2\n|faint|p1a: Dragapult\n|\n|-weather|SunnyDay|[upkeep]\n|upkeep\n|\n|t:|1783800918\n|switch|p1a: Darkrai|Darkrai|100/100\n|turn|5\n|\n|t:|1783800929\n|-end|p2a: Walking Wake|Protosynthesis|[silent]\n|switch|p2a: Zarude|Zarude|100/100\n|-damage|p2a: Zarude|88/100|[from] Stealth Rock\n|move|p1a: Darkrai|Ice Beam|p2a: Zarude\n|-supereffective|p2a: Zarude\n|-damage|p2a: Zarude|21/100\n|\n|-weather|SunnyDay|[upkeep]\n|-heal|p2a: Zarude|28/100|[from] item: Leftovers\n|upkeep\n|turn|6\n|\n|t:|1783800943\n|switch|p2a: Ceruledge|Ceruledge, F|100/100\n|-damage|p2a: Ceruledge|76/100|[from] Stealth Rock\n|move|p1a: Darkrai|Ice Beam|p2a: Ceruledge\n|-resisted|p2a: Ceruledge\n|-damage|p2a: Ceruledge|58/100\n|\n|-weather|SunnyDay|[upkeep]\n|upkeep\n|turn|7\n|\n|t:|1783800957\n|switch|p1a: Heatran|Heatran, M|57/100\n|-terastallize|p2a: Ceruledge|Fairy\n|move|p2a: Ceruledge|Close Combat|p1a: Heatran\n|-supereffective|p1a: Heatran\n|-damage|p1a: Heatran|4/100\n|-unboost|p2a: Ceruledge|def|1\n|-unboost|p2a: Ceruledge|spd|1\n|\n|-weather|SunnyDay|[upkeep]\n|-heal|p1a: Heatran|10/100|[from] item: Leftovers\n|upkeep\n|turn|8\n|\n|t:|1783800969\n|move|p2a: Ceruledge|Bitter Blade|p1a: Heatran\n|-damage|p1a: Heatran|0 fnt\n|-heal|p2a: Ceruledge|65/100|[from] drain|[of] p1a: Heatran\n|faint|p1a: Heatran\n|\n|-weather|none\n|upkeep\n|\n|t:|1783800973\n|switch|p1a: Iron Valiant|Iron Valiant|100/100\n|turn|9\n|\n|t:|1783800980\n|switch|p2a: Cresselia|Cresselia, F|100/100\n|-damage|p2a: Cresselia|88/100|[from] Stealth Rock\n|move|p1a: Iron Valiant|Moonblast|p2a: Cresselia\n|-damage|p2a: Cresselia|46/100\n|-enditem|p2a: Cresselia|Eject Button\n|\n|t:|1783801000\n|switch|p2a: Ninetales|Ninetales, M|100/100\n|-damage|p2a: Ninetales|76/100|[from] Stealth Rock\n|-weather|SunnyDay|[from] ability: Drought|[of] p2a: Ninetales\n|\n|-weather|SunnyDay|[upkeep]\n|upkeep\n|turn|10\n|\n|t:|1783801007\n|-end|p1a: Iron Valiant|Quark Drive|[silent]\n|switch|p1a: Corviknight|Corviknight, F|100/100\n|-ability|p1a: Corviknight|Pressure\n|move|p2a: Ninetales|Overheat|p1a: Corviknight\n|-supereffective|p1a: Corviknight\n|-damage|p1a: Corviknight|0 fnt\n|-unboost|p2a: Ninetales|spa|2\n|faint|p1a: Corviknight\n|\n|-weather|SunnyDay|[upkeep]\n|upkeep\n|\n|t:|1783801018\n|switch|p1a: Iron Valiant|Iron Valiant|100/100\n|turn|11\n|\n|t:|1783801031\n|switch|p2a: Walking Wake|Walking Wake|88/100\n|-damage|p2a: Walking Wake|76/100|[from] Stealth Rock\n|-activate|p2a: Walking Wake|ability: Protosynthesis\n|-start|p2a: Walking Wake|protosynthesisspe\n|move|p1a: Iron Valiant|Moonblast|p2a: Walking Wake\n|-supereffective|p2a: Walking Wake\n|-damage|p2a: Walking Wake|0 fnt\n|faint|p2a: Walking Wake\n|-end|p2a: Walking Wake|Protosynthesis|[silent]\n|\n|-weather|SunnyDay|[upkeep]\n|upkeep\n|\n|t:|1783801043\n|switch|p2a: Ninetales|Ninetales, M|76/100\n|-damage|p2a: Ninetales|51/100|[from] Stealth Rock\n|turn|12\n|inactive|Aight8755 has 120 seconds left.\n|\n|t:|1783801084\n|-end|p1a: Iron Valiant|Quark Drive|[silent]\n|switch|p1a: Darkrai|Darkrai|100/100\n|move|p2a: Ninetales|Overheat|p1a: Darkrai\n|-damage|p1a: Darkrai|15/100\n|-unboost|p2a: Ninetales|spa|2\n|\n|-weather|SunnyDay|[upkeep]\n|upkeep\n|turn|13\n|\n|t:|1783801095\n|move|p1a: Darkrai|Dark Pulse|p2a: Ninetales\n|-damage|p2a: Ninetales|7/100\n|move|p2a: Ninetales|Overheat|p1a: Darkrai\n|-damage|p1a: Darkrai|0 fnt\n|-unboost|p2a: Ninetales|spa|2\n|faint|p1a: Darkrai\n|\n|-weather|SunnyDay|[upkeep]\n|upkeep\n|\n|t:|1783801102\n|switch|p1a: Iron Valiant|Iron Valiant|100/100\n|turn|14\n|\n|t:|1783801111\n|switch|p2a: Zarude|Zarude|28/100\n|-damage|p2a: Zarude|15/100|[from] Stealth Rock\n|move|p1a: Iron Valiant|Moonblast|p2a: Zarude\n|-supereffective|p2a: Zarude\n|-damage|p2a: Zarude|0 fnt\n|faint|p2a: Zarude\n|\n|-weather|SunnyDay|[upkeep]\n|upkeep\n|\n|t:|1783801118\n|switch|p2a: Cresselia|Cresselia, F|46/100\n|-damage|p2a: Cresselia|34/100|[from] Stealth Rock\n|turn|15\n|\n|t:|1783801131\n|-terastallize|p1a: Iron Valiant|Fairy\n|move|p1a: Iron Valiant|Moonblast|p2a: Cresselia\n|-damage|p2a: Cresselia|0 fnt\n|faint|p2a: Cresselia\n|\n|-weather|SunnyDay|[upkeep]\n|upkeep\n|\n|t:|1783801145\n|switch|p2a: Ceruledge|Ceruledge, F, tera:Fairy|65/100\n|-damage|p2a: Ceruledge|52/100|[from] Stealth Rock\n|turn|16\n|\n|t:|1783801158\n|move|p1a: Iron Valiant|Moonblast|p2a: Ceruledge\n|-damage|p2a: Ceruledge|0 fnt\n|faint|p2a: Ceruledge\n|\n|-weather|none\n|upkeep\n|\n|t:|1783801161\n|switch|p2a: Great Tusk|Great Tusk|100/100\n|-damage|p2a: Great Tusk|97/100|[from] Stealth Rock\n|turn|17\n|\n|t:|1783801170\n|move|p1a: Iron Valiant|Moonblast|p2a: Great Tusk\n|-supereffective|p2a: Great Tusk\n|-damage|p2a: Great Tusk|0 fnt\n|faint|p2a: Great Tusk\n|-end|p2a: Great Tusk|Protosynthesis|[silent]\n|\n|upkeep\n|\n|t:|1783801172\n|switch|p2a: Ninetales|Ninetales, M|7/100\n|-damage|p2a: Ninetales|0 fnt|[from] Stealth Rock\n|faint|p2a: Ninetales\n|\n|win|Aight8755\n|raw|Aight8755's rating: 1159 &rarr; <strong>1187</strong><br />(+28 for winning)\n|raw|Assblasterz's rating: 1194 &rarr; <strong>1166</strong><br />(-28 for losing)\n|l|☆Assblasterz\n|player|p2|\n", "uploadtime": 1783801180, "views": 13, "formatid": "gen9ou", "rating": 1166, "private": 0, "password": null}