{"id": "gen9ou-2639313456", "format": "[Gen 9] OU", "players": ["Shaterhoven", "infopro play392"], "log": "|j|☆Shaterhoven\n|j|☆infopro play392\n|t:|1782451180\n|gametype|singles\n|player|p1|Shaterhoven|parasollady|1539\n|player|p2|infopro play392|gambler|1379\n|gen|9\n|tier|[Gen 9] OU\n|rated|\n|rule|HP Percentage Mod: HP is shown in percentages\n|rule|Endless Battle Clause: Forcing endless battles is banned\n|rule|Species Clause: Limit one of each Pokémon\n|rule|OHKO Clause: OHKO moves are banned\n|rule|Evasion Items Clause: Evasion items are banned\n|rule|Evasion Moves Clause: Evasion moves are banned\n|rule|Evasion Abilities Clause: Evasion abilities are banned\n|rule|Sleep Moves Clause: Sleep-inducing moves are banned\n|clearpoke\n|poke|p1|Kyurem|\n|poke|p1|Ninetales-Alola, M|\n|poke|p1|Slowking-Galar, F|\n|poke|p1|Great Tusk|\n|poke|p1|Darkrai|\n|poke|p1|Iron Valiant|\n|poke|p2|Ogerpon, F|\n|poke|p2|Alomomola, M|\n|poke|p2|Infernape, M|\n|poke|p2|Iron Crown|\n|poke|p2|Landorus-Therian, M|\n|poke|p2|Great Tusk|\n|teampreview\n|inactive|Battle timer is ON: inactive players will automatically lose when time's up. (requested by infopro play392)\n|\n|t:|1782451191\n|teamsize|p1|6\n|teamsize|p2|6\n|start\n|switch|p1a: Kyurem|Kyurem|100/100\n|switch|p2a: Iron Crown|Iron Crown|100/100\n|-ability|p1a: Kyurem|Pressure\n|turn|1\n|\n|t:|1782451195\n|switch|p1a: Slowking|Slowking-Galar, F|100/100\n|move|p2a: Iron Crown|Tachyon Cutter|p1a: Slowking\n|-damage|p1a: Slowking|85/100\n|-damage|p1a: Slowking|71/100\n|-hitcount|p1a: Slowking|2\n|\n|upkeep\n|turn|2\n|\n|t:|1782451201\n|move|p2a: Iron Crown|Psychic Noise|p1a: Slowking\n|-damage|p1a: Slowking|46/100\n|-start|p1a: Slowking|move: Heal Block\n|-prepare|p1a: Slowking|Chilly Reception|[premajor]\n|move|p1a: Slowking|Chilly Reception|p1a: Slowking\n|-weather|Snowscape\n|inactive|Shaterhoven has 120 seconds left.\n|\n|t:|1782451258\n|switch|p1a: Darkrai|Darkrai|100/100|[from] Chilly Reception\n|\n|-weather|Snowscape|[upkeep]\n|upkeep\n|turn|3\n|inactive|infopro play392 has 120 seconds left.\n|\n|t:|1782451297\n|move|p1a: Darkrai|Dark Pulse|p2a: Iron Crown\n|-supereffective|p2a: Iron Crown\n|-damage|p2a: Iron Crown|44/100\n|move|p2a: Iron Crown|Focus Blast|p1a: Darkrai\n|-supereffective|p1a: Darkrai\n|-damage|p1a: Darkrai|1/100\n|\n|-weather|Snowscape|[upkeep]\n|-heal|p1a: Darkrai|7/100|[from] item: Leftovers\n|upkeep\n|turn|4\n|inactive|infopro play392 has 120 seconds left.\n|\n|t:|1782451314\n|-end|p2a: Iron Crown|Quark Drive|[silent]\n|switch|p2a: Alomomola|Alomomola, M, shiny|100/100\n|move|p1a: Darkrai|Nasty Plot|p1a: Darkrai\n|-boost|p1a: Darkrai|spa|2\n|\n|-weather|Snowscape|[upkeep]\n|-heal|p1a: Darkrai|13/100|[from] item: Leftovers\n|upkeep\n|turn|5\n|\n|t:|1782451317\n|move|p2a: Alomomola|Aqua Jet|p1a: Darkrai\n|-damage|p1a: Darkrai|0 fnt\n|faint|p1a: Darkrai\n|\n|-weather|Snowscape|[upkeep]\n|upkeep\n|\n|t:|1782451319\n|switch|p1a: Kyurem|Kyurem|100/100\n|-ability|p1a: Kyurem|Pressure\n|turn|6\n|\n|t:|1782451328\n|move|p1a: Kyurem|Freeze-Dry|p2a: Alomomola\n|-supereffective|p2a: Alomomola\n|-damage|p2a: Alomomola|0 fnt\n|faint|p2a: Alomomola\n|\n|-weather|none\n|upkeep\n|\n|t:|1782451332\n|switch|p2a: Iron Crown|Iron Crown|44/100\n|turn|7\n|\n|t:|1782451337\n|switch|p1a: Slowking|Slowking-Galar, F|79/100\n|move|p2a: Iron Crown|Tachyon Cutter|p1a: Slowking\n|-damage|p1a: Slowking|63/100\n|-damage|p1a: Slowking|46/100\n|-hitcount|p1a: Slowking|2\n|\n|upkeep\n|turn|8\n|\n|t:|1782451342\n|move|p2a: Iron Crown|Tachyon Cutter|p1a: Slowking\n|-damage|p1a: Slowking|29/100\n|-damage|p1a: Slowking|14/100\n|-hitcount|p1a: Slowking|2\n|-prepare|p1a: Slowking|Chilly Reception|[premajor]\n|move|p1a: Slowking|Chilly Reception|p1a: Slowking\n|-weather|Snowscape\n|\n|t:|1782451362\n|switch|p1a: Great Tusk|Great Tusk|100/100|[from] Chilly Reception\n|\n|-weather|Snowscape|[upkeep]\n|upkeep\n|turn|9\n|\n|t:|1782451369\n|-terastallize|p1a: Great Tusk|Steel\n|move|p2a: Iron Crown|Psychic Noise|p1a: Great Tusk\n|-resisted|p1a: Great Tusk\n|-damage|p1a: Great Tusk|73/100\n|-start|p1a: Great Tusk|move: Heal Block\n|move|p1a: Great Tusk|Headlong Rush|p2a: Iron Crown\n|-supereffective|p2a: Iron Crown\n|-damage|p2a: Iron Crown|0 fnt\n|-unboost|p1a: Great Tusk|def|1\n|-unboost|p1a: Great Tusk|spd|1\n|faint|p2a: Iron Crown\n|-end|p2a: Iron Crown|Quark Drive|[silent]\n|\n|-weather|Snowscape|[upkeep]\n|upkeep\n|\n|t:|1782451381\n|switch|p2a: Landorus|Landorus-Therian, M, shiny|100/100\n|-ability|p2a: Landorus|Intimidate|boost\n|-unboost|p1a: Great Tusk|atk|1\n|turn|10\n|\n|t:|1782451395\n|-end|p1a: Great Tusk|Protosynthesis|[silent]\n|switch|p1a: Ninetales|Ninetales-Alola, M|100/100\n|move|p2a: Landorus|Earthquake|p1a: Ninetales\n|-damage|p1a: Ninetales|62/100\n|\n|-weather|Snowscape|[upkeep]\n|upkeep\n|turn|11\n|\n|t:|1782451422\n|move|p1a: Ninetales|Aurora Veil|p1a: Ninetales\n|-sidestart|p1: Shaterhoven|move: Aurora Veil\n|move|p2a: Landorus|Stealth Rock|p1a: Ninetales\n|-sidestart|p1: Shaterhoven|move: Stealth Rock\n|\n|-weather|Snowscape|[upkeep]\n|upkeep\n|turn|12\n|\n|t:|1782451443\n|move|p1a: Ninetales|Moonblast|p2a: Landorus\n|-damage|p2a: Landorus|69/100\n|-unboost|p2a: Landorus|spa|1\n|move|p2a: Landorus|Stone Edge|p1a: Ninetales|[miss]\n|-miss|p2a: Landorus|p1a: Ninetales\n|\n|-weather|none\n|-heal|p2a: Landorus|75/100|[from] item: Leftovers\n|upkeep\n|turn|13\n|\n|t:|1782451450\n|move|p1a: Ninetales|Moonblast|p2a: Landorus\n|-damage|p2a: Landorus|47/100\n|move|p2a: Landorus|Stone Edge|p1a: Ninetales\n|-supereffective|p1a: Ninetales\n|-damage|p1a: Ninetales|24/100\n|\n|-heal|p2a: Landorus|53/100|[from] item: Leftovers\n|upkeep\n|turn|14\n|\n|t:|1782451456\n|move|p1a: Ninetales|Freeze-Dry|p2a: Landorus\n|-supereffective|p2a: Landorus\n|-damage|p2a: Landorus|0 fnt\n|faint|p2a: Landorus\n|\n|upkeep\n|\n|t:|1782451464\n|switch|p2a: Ogerpon|Ogerpon, F|100/100\n|turn|15\n|\n|t:|1782451475\n|-terastallize|p2a: Ogerpon|Grass\n|detailschange|p2a: Ogerpon|Ogerpon-Teal-Tera, F, tera:Grass\n|-ability|p2a: Ogerpon|Embody Aspect (Teal)|boost\n|-boost|p2a: Ogerpon|spe|1\n|move|p2a: Ogerpon|Play Rough|p1a: Ninetales\n|-damage|p1a: Ninetales|0 fnt\n|faint|p1a: Ninetales\n|\n|upkeep\n|\n|t:|1782451482\n|switch|p1a: Great Tusk|Great Tusk, tera:Steel|73/100\n|turn|16\n|\n|t:|1782451490\n|switch|p2a: Great Tusk|Great Tusk|100/100\n|move|p1a: Great Tusk|Rapid Spin|p2a: Great Tusk\n|-damage|p2a: Great Tusk|91/100\n|-boost|p1a: Great Tusk|spe|1\n|-sideend|p1: Shaterhoven|Stealth Rock|[from] move: Rapid Spin|[of] p1a: Great Tusk\n|\n|-heal|p2a: Great Tusk|97/100|[from] item: Leftovers\n|upkeep\n|turn|17\n|\n|t:|1782451496\n|-end|p1a: Great Tusk|Protosynthesis|[silent]\n|switch|p1a: Kyurem|Kyurem|100/100\n|-ability|p1a: Kyurem|Pressure\n|move|p2a: Great Tusk|Earthquake|p1a: Kyurem\n|-damage|p1a: Kyurem|79/100\n|\n|-heal|p2a: Great Tusk|100/100|[from] item: Leftovers\n|upkeep\n|turn|18\n|\n|t:|1782451503\n|move|p2a: Great Tusk|Knock Off|p1a: Kyurem\n|-damage|p1a: Kyurem|66/100\n|-enditem|p1a: Kyurem|Choice Specs|[from] move: Knock Off|[of] p2a: Great Tusk\n|move|p1a: Kyurem|Draco Meteor|p2a: Great Tusk\n|-damage|p2a: Great Tusk|0 fnt\n|-unboost|p1a: Kyurem|spa|2\n|faint|p2a: Great Tusk\n|-end|p2a: Great Tusk|Protosynthesis|[silent]\n|\n|-sideend|p1: Shaterhoven|move: Aurora Veil\n|upkeep\n|\n|t:|1782451518\n|switch|p2a: Infernape|Infernape, M, shiny|100/100\n|turn|19\n|\n|t:|1782451531\n|move|p2a: Infernape|Drain Punch|p1a: Kyurem\n|-supereffective|p1a: Kyurem\n|-crit|p1a: Kyurem\n|-damage|p1a: Kyurem|0 fnt\n|faint|p1a: Kyurem\n|-damage|p2a: Infernape|91/100|[from] item: Life Orb\n|\n|upkeep\n|\n|t:|1782451538\n|switch|p1a: Great Tusk|Great Tusk, tera:Steel|73/100\n|turn|20\n|\n|t:|1782451543\n|move|p2a: Infernape|Drain Punch|p1a: Great Tusk\n|-supereffective|p1a: Great Tusk\n|-damage|p1a: Great Tusk|12/100\n|-heal|p2a: Infernape|100/100|[from] drain|[of] p1a: Great Tusk\n|-damage|p2a: Infernape|91/100|[from] item: Life Orb\n|move|p1a: Great Tusk|Headlong Rush|p2a: Infernape\n|-supereffective|p2a: Infernape\n|-damage|p2a: Infernape|0 fnt\n|-unboost|p1a: Great Tusk|def|1\n|-unboost|p1a: Great Tusk|spd|1\n|faint|p2a: Infernape\n|\n|upkeep\n|\n|t:|1782451548\n|switch|p2a: Ogerpon|Ogerpon-Teal-Tera, F, tera:Grass|100/100\n|-ability|p2a: Ogerpon|Embody Aspect (Teal)|boost\n|-boost|p2a: Ogerpon|spe|1\n|turn|21\n|\n|t:|1782451557\n|move|p2a: Ogerpon|Ivy Cudgel|p1a: Great Tusk\n|-resisted|p1a: Great Tusk\n|-damage|p1a: Great Tusk|0 fnt\n|faint|p1a: Great Tusk\n|-end|p1a: Great Tusk|Protosynthesis|[silent]\n|\n|upkeep\n|\n|t:|1782451564\n|switch|p1a: Slowking|Slowking-Galar, F|47/100\n|turn|22\n|inactive|Shaterhoven has 120 seconds left.\n|\n|t:|1782451611\n|switch|p1a: Iron Valiant|Iron Valiant|100/100\n|-enditem|p1a: Iron Valiant|Booster Energy\n|-activate|p1a: Iron Valiant|ability: Quark Drive|[fromitem]\n|-start|p1a: Iron Valiant|quarkdrivespe\n|move|p2a: Ogerpon|Ivy Cudgel|p1a: Iron Valiant\n|-damage|p1a: Iron Valiant|0 fnt\n|faint|p1a: Iron Valiant\n|-end|p1a: Iron Valiant|Quark Drive|[silent]\n|\n|upkeep\n|\n|t:|1782451613\n|switch|p1a: Slowking|Slowking-Galar, F|81/100\n|turn|23\n|\n|t:|1782451623\n|move|p2a: Ogerpon|Ivy Cudgel|p1a: Slowking\n|-resisted|p1a: Slowking\n|-damage|p1a: Slowking|26/100\n|move|p1a: Slowking|Sludge Bomb|p2a: Ogerpon\n|-supereffective|p2a: Ogerpon\n|-damage|p2a: Ogerpon|22/100\n|\n|upkeep\n|turn|24\n|\n|t:|1782451630\n|move|p2a: Ogerpon|Ivy Cudgel|p1a: Slowking\n|-resisted|p1a: Slowking\n|-damage|p1a: Slowking|0 fnt\n|faint|p1a: Slowking\n|\n|win|infopro play392\n|raw|Shaterhoven's rating: 1539 &rarr; <strong>1510</strong><br />(-29 for losing)\n|raw|infopro play392's rating: 1379 &rarr; <strong>1408</strong><br />(+29 for winning)\n|l|☆Shaterhoven\n|player|p1|\n|l|☆infopro play392\n|player|p2|\n", "uploadtime": 1782451795, "views": 4, "formatid": "gen9ou", "rating": 1408, "private": 0, "password": null}