{"id": "gen9ou-2647765203", "format": "[Gen 9] OU", "players": ["MAGAboominGOOCH", "Bruh547"], "log": "|j|☆MAGAboominGOOCH\n|j|☆Bruh547\n|t:|1783808695\n|gametype|singles\n|player|p1|MAGAboominGOOCH|supernerd|1135\n|player|p2|Bruh547|volkner|1104\n|gen|9\n|tier|[Gen 9] OU\n|rated|\n|rule|HP Percentage Mod: HP is shown in percentages\n|rule|Endless Battle Clause: Forcing endless battles is banned\n|rule|Species Clause: Limit one of each Pokémon\n|rule|OHKO Clause: OHKO moves are banned\n|rule|Evasion Items Clause: Evasion items are banned\n|rule|Evasion Moves Clause: Evasion moves are banned\n|rule|Evasion Abilities Clause: Evasion abilities are banned\n|rule|Sleep Moves Clause: Sleep-inducing moves are banned\n|clearpoke\n|poke|p1|Polteageist-Antique|\n|poke|p1|Blastoise, M|\n|poke|p1|Torterra, M|\n|poke|p1|Cloyster, M|\n|poke|p1|Drednaw, M|\n|poke|p1|Magcargo, F|\n|poke|p2|Pelipper, F|\n|poke|p2|Thundurus-Therian, M|\n|poke|p2|Araquanid, M|\n|poke|p2|Ogerpon-Wellspring, F|\n|poke|p2|Iron Valiant|\n|poke|p2|Quaquaval, M|\n|teampreview\n|inactive|Battle timer is ON: inactive players will automatically lose when time's up. (requested by Bruh547)\n|\n|t:|1783808699\n|teamsize|p1|6\n|teamsize|p2|6\n|start\n|switch|p1a: Polteageist|Polteageist-Antique|100/100\n|switch|p2a: Pelipper|Pelipper, F|100/100\n|-weather|RainDance|[from] ability: Drizzle|[of] p2a: Pelipper\n|turn|1\n|\n|t:|1783808704\n|move|p1a: Polteageist|Shell Smash|p1a: Polteageist\n|-unboost|p1a: Polteageist|def|1\n|-unboost|p1a: Polteageist|spd|1\n|-boost|p1a: Polteageist|atk|2\n|-boost|p1a: Polteageist|spa|2\n|-boost|p1a: Polteageist|spe|2\n|move|p2a: Pelipper|Weather Ball|p1a: Polteageist\n|-enditem|p1a: Polteageist|Focus Sash\n|-damage|p1a: Polteageist|1/100\n|\n|-weather|RainDance|[upkeep]\n|upkeep\n|turn|2\n|\n|t:|1783808716\n|move|p1a: Polteageist|Stored Power|p2a: Pelipper\n|-damage|p2a: Pelipper|0 fnt\n|faint|p2a: Pelipper\n|\n|-weather|RainDance|[upkeep]\n|upkeep\n|\n|t:|1783808733\n|switch|p2a: Maki|Iron Valiant|100/100\n|turn|3\n|\n|t:|1783808737\n|move|p2a: Maki|Shadow Sneak|p1a: Polteageist\n|-supereffective|p1a: Polteageist\n|-damage|p1a: Polteageist|0 fnt\n|faint|p1a: Polteageist\n|\n|-weather|RainDance|[upkeep]\n|upkeep\n|inactive|MAGAboominGOOCH has 120 seconds left.\n|\n|t:|1783808768\n|switch|p1a: Baewatxh|Blastoise, M|100/100\n|turn|4\n|\n|t:|1783808775\n|-end|p2a: Maki|Quark Drive|[silent]\n|switch|p2a: Ogerpon|Ogerpon-Wellspring, F|100/100\n|move|p1a: Baewatxh|Flash Cannon|p2a: Ogerpon\n|-resisted|p2a: Ogerpon\n|-damage|p2a: Ogerpon|89/100\n|\n|-weather|RainDance|[upkeep]\n|upkeep\n|turn|5\n|inactive|MAGAboominGOOCH has 120 seconds left.\n|\n|t:|1783808815\n|move|p2a: Ogerpon|Horn Leech|p1a: Baewatxh\n|-supereffective|p1a: Baewatxh\n|-enditem|p1a: Baewatxh|Focus Sash\n|-damage|p1a: Baewatxh|1/100\n|-heal|p2a: Ogerpon|100/100|[from] drain|[of] p1a: Baewatxh\n|move|p1a: Baewatxh|Shell Smash|p1a: Baewatxh\n|-unboost|p1a: Baewatxh|def|1\n|-unboost|p1a: Baewatxh|spd|1\n|-boost|p1a: Baewatxh|atk|2\n|-boost|p1a: Baewatxh|spa|2\n|-boost|p1a: Baewatxh|spe|2\n|\n|-weather|RainDance|[upkeep]\n|upkeep\n|turn|6\n|\n|t:|1783808826\n|move|p1a: Baewatxh|Aura Sphere|p2a: Ogerpon\n|-damage|p2a: Ogerpon|49/100\n|move|p2a: Ogerpon|Trailblaze|p1a: Baewatxh\n|-supereffective|p1a: Baewatxh\n|-damage|p1a: Baewatxh|0 fnt\n|-boost|p2a: Ogerpon|spe|1\n|faint|p1a: Baewatxh\n|\n|-weather|RainDance|[upkeep]\n|upkeep\n|\n|t:|1783808839\n|switch|p1a: Jawn|Drednaw, M, shiny|100/100\n|turn|7\n|\n|t:|1783808845\n|move|p2a: Ogerpon|Horn Leech|p1a: Jawn\n|-supereffective|p1a: Jawn\n|-enditem|p1a: Jawn|Focus Sash\n|-damage|p1a: Jawn|1/100\n|-heal|p2a: Ogerpon|100/100|[from] drain|[of] p1a: Jawn\n|move|p1a: Jawn|Shell Smash|p1a: Jawn\n|-unboost|p1a: Jawn|def|1\n|-unboost|p1a: Jawn|spd|1\n|-boost|p1a: Jawn|atk|2\n|-boost|p1a: Jawn|spa|2\n|-boost|p1a: Jawn|spe|2\n|\n|-weather|RainDance|[upkeep]\n|upkeep\n|turn|8\n|inactive|MAGAboominGOOCH has 120 seconds left.\n|\n|t:|1783808869\n|move|p1a: Jawn|Rock Tomb|p2a: Ogerpon\n|-damage|p2a: Ogerpon|29/100\n|-unboost|p2a: Ogerpon|spe|1\n|move|p2a: Ogerpon|Trailblaze|p1a: Jawn\n|-supereffective|p1a: Jawn\n|-damage|p1a: Jawn|0 fnt\n|-boost|p2a: Ogerpon|spe|1\n|faint|p1a: Jawn\n|\n|-weather|none\n|upkeep\n|inactive|MAGAboominGOOCH has 120 seconds left.\n|\n|t:|1783808894\n|switch|p1a: Chrysler|Cloyster, M|100/100\n|turn|9\n|\n|t:|1783808900\n|-terastallize|p2a: Ogerpon|Water\n|detailschange|p2a: Ogerpon|Ogerpon-Wellspring-Tera, F, tera:Water\n|-ability|p2a: Ogerpon|Embody Aspect (Wellspring)|boost\n|-boost|p2a: Ogerpon|spd|1\n|move|p2a: Ogerpon|Horn Leech|p1a: Chrysler\n|-supereffective|p1a: Chrysler\n|-damage|p1a: Chrysler|23/100\n|-heal|p2a: Ogerpon|59/100|[from] drain|[of] p1a: Chrysler\n|move|p1a: Chrysler|Shell Smash|p1a: Chrysler\n|-unboost|p1a: Chrysler|def|1\n|-unboost|p1a: Chrysler|spd|1\n|-boost|p1a: Chrysler|atk|2\n|-boost|p1a: Chrysler|spa|2\n|-boost|p1a: Chrysler|spe|2\n|\n|upkeep\n|turn|10\n|inactive|MAGAboominGOOCH has 120 seconds left.\n|\n|t:|1783808924\n|move|p2a: Ogerpon|Horn Leech|p1a: Chrysler\n|-supereffective|p1a: Chrysler\n|-crit|p1a: Chrysler\n|-damage|p1a: Chrysler|0 fnt\n|-heal|p2a: Ogerpon|69/100|[from] drain|[of] p1a: Chrysler\n|faint|p1a: Chrysler\n|\n|upkeep\n|\n|t:|1783808926\n|switch|p1a: FART|Torterra, M|100/100\n|turn|11\n|\n|t:|1783808939\n|switch|p2a: Maki|Iron Valiant|100/100\n|-terastallize|p1a: FART|Grass\n|move|p1a: FART|Seed Bomb|p2a: Maki\n|-damage|p2a: Maki|40/100\n|\n|upkeep\n|turn|12\n|\n|t:|1783808950\n|move|p2a: Maki|X-Scissor|p1a: FART\n|-supereffective|p1a: FART\n|-damage|p1a: FART|25/100\n|move|p1a: FART|Seed Bomb|p2a: Maki\n|-damage|p2a: Maki|0 fnt\n|faint|p2a: Maki\n|-end|p2a: Maki|Quark Drive|[silent]\n|\n|upkeep\n|\n|t:|1783808969\n|switch|p2a: Thundurus|Thundurus-Therian, M|100/100\n|turn|13\n|inactive|MAGAboominGOOCH has 120 seconds left.\n|\n|t:|1783808981\n|move|p2a: Thundurus|Thunder Wave|p1a: FART\n|-status|p1a: FART|par\n|move|p1a: FART|Shell Smash|p1a: FART\n|-unboost|p1a: FART|def|1\n|-unboost|p1a: FART|spd|1\n|-boost|p1a: FART|atk|2\n|-boost|p1a: FART|spa|2\n|-boost|p1a: FART|spe|2\n|\n|upkeep\n|turn|14\n|\n|t:|1783808989\n|move|p2a: Thundurus|Wildbolt Storm|p1a: FART\n|-resisted|p1a: FART\n|-damage|p1a: FART|0 fnt\n|faint|p1a: FART\n|\n|upkeep\n|\n|t:|1783808992\n|switch|p1a: Ratatouille|Magcargo, F|100/100\n|turn|15\n|\n|t:|1783808999\n|move|p2a: Thundurus|Thunder Wave|p1a: Ratatouille\n|-status|p1a: Ratatouille|par\n|move|p1a: Ratatouille|Shell Smash|p1a: Ratatouille\n|-unboost|p1a: Ratatouille|def|1\n|-unboost|p1a: Ratatouille|spd|1\n|-boost|p1a: Ratatouille|atk|2\n|-boost|p1a: Ratatouille|spa|2\n|-boost|p1a: Ratatouille|spe|2\n|\n|upkeep\n|turn|16\n|\n|t:|1783809008\n|move|p2a: Thundurus|Wildbolt Storm|p1a: Ratatouille\n|-enditem|p1a: Ratatouille|Focus Sash\n|-damage|p1a: Ratatouille|1/100 par\n|cant|p1a: Ratatouille|par\n|\n|upkeep\n|turn|17\n|\n|t:|1783809014\n|move|p2a: Thundurus|Wildbolt Storm|p1a: Ratatouille\n|-damage|p1a: Ratatouille|0 fnt\n|faint|p1a: Ratatouille\n|\n|win|Bruh547\n|raw|MAGAboominGOOCH's rating: 1135 &rarr; <strong>1108</strong><br />(-27 for losing)\n|raw|Bruh547's rating: 1104 &rarr; <strong>1131</strong><br />(+27 for winning)\n|l|☆MAGAboominGOOCH\n|player|p1|\n|l|☆Bruh547\n|player|p2|\n", "uploadtime": 1783809319, "views": 3, "formatid": "gen9ou", "rating": 1108, "private": 0, "password": null}