{"id": "gen9ou-2540789977", "format": "[Gen 9] OU", "players": ["haxmaxer", "Jackesh-7T2"], "log": "|j|☆haxmaxer\n|j|☆Jackesh-7T2\n|t:|1771254264\n|gametype|singles\n|player|p1|haxmaxer|richboy-gen6|1570\n|player|p2|Jackesh-7T2|170|1641\n|gen|9\n|tier|[Gen 9] OU\n|rated|\n|rule|HP Percentage Mod: HP is shown in percentages\n|rule|Endless Battle Clause: Forcing endless battles is banned\n|rule|Species Clause: Limit one of each Pokémon\n|rule|OHKO Clause: OHKO moves are banned\n|rule|Evasion Items Clause: Evasion items are banned\n|rule|Evasion Moves Clause: Evasion moves are banned\n|rule|Evasion Abilities Clause: Evasion abilities are banned\n|rule|Sleep Moves Clause: Sleep-inducing moves are banned\n|clearpoke\n|poke|p1|Iron Hands|\n|poke|p1|Glimmora, F|\n|poke|p1|Landorus-Therian, M|\n|poke|p1|Dragapult, F|\n|poke|p1|Primarina, M|\n|poke|p1|Kingambit, F|\n|poke|p2|Kyurem|\n|poke|p2|Raging Bolt|\n|poke|p2|Torkoal, M|\n|poke|p2|Walking Wake|\n|poke|p2|Corviknight, F|\n|poke|p2|Ting-Lu|\n|teampreview\n|inactive|Battle timer is ON: inactive players will automatically lose when time's up. (requested by Jackesh-7T2)\n|\n|t:|1771254289\n|teamsize|p1|6\n|teamsize|p2|6\n|start\n|switch|p1a: Iron Hands|Iron Hands|100/100\n|switch|p2a: Kyurem|Kyurem|100/100\n|-ability|p2a: Kyurem|Pressure\n|-enditem|p1a: Iron Hands|Booster Energy\n|-activate|p1a: Iron Hands|ability: Quark Drive|[fromitem]\n|-start|p1a: Iron Hands|quarkdriveatk\n|turn|1\n|\n|t:|1771254295\n|-terastallize|p2a: Kyurem|Ground\n|move|p2a: Kyurem|Earth Power|p1a: Iron Hands\n|-supereffective|p1a: Iron Hands\n|-damage|p1a: Iron Hands|30/100\n|move|p1a: Iron Hands|Close Combat|p2a: Kyurem\n|-damage|p2a: Kyurem|14/100\n|-unboost|p1a: Iron Hands|def|1\n|-unboost|p1a: Iron Hands|spd|1\n|\n|upkeep\n|turn|2\n|\n|t:|1771254303\n|-end|p1a: Iron Hands|Quark Drive|[silent]\n|switch|p1a: Primarina|Primarina, M|100/100\n|move|p2a: Kyurem|Freeze-Dry|p1a: Primarina\n|-supereffective|p1a: Primarina\n|-damage|p1a: Primarina|67/100\n|\n|upkeep\n|turn|3\n|\n|t:|1771254312\n|switch|p2a: Torkoal|Torkoal, M|100/100\n|-weather|SunnyDay|[from] ability: Drought|[of] p2a: Torkoal\n|move|p1a: Primarina|Aqua Jet|p2a: Torkoal\n|-supereffective|p2a: Torkoal\n|-damage|p2a: Torkoal|94/100\n|\n|-weather|SunnyDay|[upkeep]\n|upkeep\n|turn|4\n|\n|t:|1771254318\n|move|p1a: Primarina|Flip Turn|p2a: Torkoal\n|-supereffective|p2a: Torkoal\n|-crit|p2a: Torkoal\n|-damage|p2a: Torkoal|77/100\n|\n|t:|1771254320\n|switch|p1a: Iron Hands|Iron Hands|30/100|[from] Flip Turn\n|move|p2a: Torkoal|Stealth Rock|p1a: Iron Hands\n|-sidestart|p1: haxmaxer|move: Stealth Rock\n|\n|-weather|SunnyDay|[upkeep]\n|upkeep\n|turn|5\n|\n|t:|1771254328\n|switch|p2a: Raging Bolt|Raging Bolt|100/100\n|-activate|p2a: Raging Bolt|ability: Protosynthesis\n|-start|p2a: Raging Bolt|protosynthesisspa\n|move|p1a: Iron Hands|Close Combat|p2a: Raging Bolt\n|-damage|p2a: Raging Bolt|45/100\n|-unboost|p1a: Iron Hands|def|1\n|-unboost|p1a: Iron Hands|spd|1\n|\n|-weather|SunnyDay|[upkeep]\n|upkeep\n|turn|6\n|\n|t:|1771254335\n|move|p2a: Raging Bolt|Weather Ball|p1a: Iron Hands\n|-damage|p1a: Iron Hands|0 fnt\n|faint|p1a: Iron Hands\n|-end|p1a: Iron Hands|Quark Drive|[silent]\n|\n|-weather|SunnyDay|[upkeep]\n|upkeep\n|\n|t:|1771254341\n|switch|p1a: Glimmora|Glimmora, F|100/100\n|-damage|p1a: Glimmora|88/100|[from] Stealth Rock\n|turn|7\n|\n|t:|1771254345\n|-end|p2a: Raging Bolt|Protosynthesis|[silent]\n|switch|p2a: Corviknight|Corviknight, F|100/100\n|-ability|p2a: Corviknight|Pressure\n|move|p1a: Glimmora|Power Gem|p2a: Corviknight\n|-damage|p2a: Corviknight|72/100\n|\n|-weather|SunnyDay|[upkeep]\n|upkeep\n|turn|8\n|\n|t:|1771254351\n|switch|p2a: Walking Wake|Walking Wake|100/100\n|-activate|p2a: Walking Wake|ability: Protosynthesis\n|-start|p2a: Walking Wake|protosynthesisspa\n|move|p1a: Glimmora|Power Gem|p2a: Walking Wake\n|-damage|p2a: Walking Wake|43/100\n|\n|-weather|SunnyDay|[upkeep]\n|upkeep\n|turn|9\n|\n|t:|1771254355\n|switch|p1a: Primarina|Primarina, M|67/100\n|-damage|p1a: Primarina|54/100|[from] Stealth Rock\n|move|p2a: Walking Wake|Hydro Steam|p1a: Primarina\n|-resisted|p1a: Primarina\n|-damage|p1a: Primarina|31/100\n|\n|-weather|SunnyDay|[upkeep]\n|upkeep\n|turn|10\n|\n|t:|1771254371\n|-end|p2a: Walking Wake|Protosynthesis|[silent]\n|switch|p2a: Corviknight|Corviknight, F|72/100\n|-ability|p2a: Corviknight|Pressure\n|move|p1a: Primarina|Psychic Noise|p2a: Corviknight\n|-damage|p2a: Corviknight|60/100\n|-start|p2a: Corviknight|move: Heal Block\n|\n|-weather|none\n|upkeep\n|turn|11\n|\n|t:|1771254378\n|switch|p2a: Kyurem|Kyurem, tera:Ground|14/100\n|-ability|p2a: Kyurem|Pressure\n|move|p1a: Primarina|Flip Turn|p2a: Kyurem\n|-supereffective|p2a: Kyurem\n|-damage|p2a: Kyurem|0 fnt\n|faint|p2a: Kyurem\n|\n|t:|1771254389\n|switch|p1a: Dragapult|Dragapult, F|100/100|[from] Flip Turn\n|-damage|p1a: Dragapult|88/100|[from] Stealth Rock\n|\n|upkeep\n|\n|t:|1771254394\n|switch|p2a: Walking Wake|Walking Wake|43/100\n|turn|12\n|\n|t:|1771254401\n|switch|p1a: Primarina|Primarina, M|31/100\n|-damage|p1a: Primarina|19/100|[from] Stealth Rock\n|move|p2a: Walking Wake|Draco Meteor|p1a: Primarina\n|-immune|p1a: Primarina\n|\n|upkeep\n|turn|13\n|\n|t:|1771254409\n|-end|p2a: Walking Wake|Protosynthesis|[silent]\n|switch|p2a: Ting-Lu|Ting-Lu|100/100\n|-ability|p2a: Ting-Lu|Vessel of Ruin\n|move|p1a: Primarina|Psychic Noise|p2a: Ting-Lu\n|-supereffective|p2a: Ting-Lu\n|-damage|p2a: Ting-Lu|53/100\n|-start|p2a: Ting-Lu|move: Heal Block\n|\n|upkeep\n|turn|14\n|c|☆Jackesh-7T2|?\n|inactive|Jackesh-7T2 has 120 seconds left.\n|\n|t:|1771254442\n|move|p1a: Primarina|Psychic Noise|p2a: Ting-Lu\n|-supereffective|p2a: Ting-Lu\n|-damage|p2a: Ting-Lu|6/100\n|move|p2a: Ting-Lu|Earthquake|p1a: Primarina\n|-damage|p1a: Primarina|0 fnt\n|faint|p1a: Primarina\n|\n|-end|p2a: Ting-Lu|move: Heal Block\n|upkeep\n|c|☆haxmaxer|liquid voice\n|c|☆Jackesh-7T2|Oh\n|inactive|haxmaxer has 120 seconds left.\n|\n|t:|1771254477\n|switch|p1a: Landorus|Landorus-Therian, M|100/100\n|-damage|p1a: Landorus|88/100|[from] Stealth Rock\n|-ability|p1a: Landorus|Intimidate|boost\n|-unboost|p2a: Ting-Lu|atk|1\n|turn|15\n|\n|t:|1771254480\n|switch|p2a: Corviknight|Corviknight, F|60/100\n|-ability|p2a: Corviknight|Pressure\n|move|p1a: Landorus|Stealth Rock|p2a: Corviknight\n|-sidestart|p2: Jackesh-7T2|move: Stealth Rock\n|\n|upkeep\n|turn|16\n|\n|t:|1771254483\n|move|p1a: Landorus|U-turn|p2a: Corviknight\n|-resisted|p2a: Corviknight\n|-damage|p2a: Corviknight|56/100\n|\n|t:|1771254486\n|switch|p1a: Dragapult|Dragapult, F|88/100|[from] U-turn\n|-damage|p1a: Dragapult|76/100|[from] Stealth Rock\n|move|p2a: Corviknight|Roost|p2a: Corviknight\n|-heal|p2a: Corviknight|100/100\n|-singleturn|p2a: Corviknight|move: Roost\n|\n|upkeep\n|turn|17\n|\n|t:|1771254490\n|-terastallize|p1a: Dragapult|Ghost\n|move|p1a: Dragapult|Tera Blast|p2a: Corviknight|[anim] Tera Blast Ghost\n|-damage|p2a: Corviknight|37/100\n|move|p2a: Corviknight|Brave Bird|p1a: Dragapult\n|-damage|p1a: Dragapult|26/100\n|-damage|p2a: Corviknight|24/100|[from] Recoil\n|\n|upkeep\n|turn|18\n|\n|t:|1771254498\n|switch|p2a: Ting-Lu|Ting-Lu|6/100\n|-damage|p2a: Ting-Lu|0 fnt|[from] Stealth Rock\n|faint|p2a: Ting-Lu\n|move|p1a: Dragapult|Tera Blast|p2: Ting-Lu|[notarget]\n|-fail|p1a: Dragapult\n|\n|upkeep\n|\n|t:|1771254505\n|switch|p2a: Walking Wake|Walking Wake|43/100\n|-damage|p2a: Walking Wake|31/100|[from] Stealth Rock\n|turn|19\n|\n|t:|1771254514\n|switch|p1a: Landorus|Landorus-Therian, M|88/100\n|-damage|p1a: Landorus|76/100|[from] Stealth Rock\n|-ability|p1a: Landorus|Intimidate|boost\n|-unboost|p2a: Walking Wake|atk|1\n|move|p2a: Walking Wake|Hydro Steam|p1a: Landorus\n|-supereffective|p1a: Landorus\n|-damage|p1a: Landorus|0 fnt\n|faint|p1a: Landorus\n|\n|upkeep\n|\n|t:|1771254521\n|switch|p1a: Kingambit|Kingambit, F|100/100\n|-damage|p1a: Kingambit|94/100|[from] Stealth Rock\n|-activate|p1a: Kingambit|ability: Supreme Overlord\n|-start|p1a: Kingambit|fallen3|[silent]\n|turn|20\n|\n|t:|1771254530\n|move|p2a: Walking Wake|Hydro Steam|p1a: Kingambit\n|-damage|p1a: Kingambit|57/100\n|move|p1a: Kingambit|Kowtow Cleave|p2a: Walking Wake\n|-damage|p2a: Walking Wake|0 fnt\n|faint|p2a: Walking Wake\n|-end|p2a: Walking Wake|Protosynthesis|[silent]\n|\n|-heal|p1a: Kingambit|63/100|[from] item: Leftovers\n|upkeep\n|\n|t:|1771254535\n|switch|p2a: Torkoal|Torkoal, M|77/100\n|-damage|p2a: Torkoal|52/100|[from] Stealth Rock\n|-weather|SunnyDay|[from] ability: Drought|[of] p2a: Torkoal\n|turn|21\n|\n|t:|1771254541\n|-end|p1a: Kingambit|fallen3|[silent]\n|switch|p1a: Glimmora|Glimmora, F|88/100\n|-damage|p1a: Glimmora|76/100|[from] Stealth Rock\n|move|p2a: Torkoal|Rapid Spin|p1a: Glimmora\n|-resisted|p1a: Glimmora\n|-damage|p1a: Glimmora|71/100\n|-boost|p2a: Torkoal|spe|1\n|-activate|p1a: Glimmora|ability: Toxic Debris\n|-sidestart|p2: Jackesh-7T2|move: Toxic Spikes\n|-sideend|p2: Jackesh-7T2|Toxic Spikes|[from] move: Rapid Spin|[of] p2a: Torkoal\n|-sideend|p2: Jackesh-7T2|Stealth Rock|[from] move: Rapid Spin|[of] p2a: Torkoal\n|\n|-weather|SunnyDay|[upkeep]\n|upkeep\n|turn|22\n|\n|t:|1771254548\n|switch|p2a: Corviknight|Corviknight, F|24/100\n|-ability|p2a: Corviknight|Pressure\n|move|p1a: Glimmora|Power Gem|p2a: Corviknight\n|-damage|p2a: Corviknight|0 fnt\n|faint|p2a: Corviknight\n|\n|-weather|SunnyDay|[upkeep]\n|upkeep\n|\n|t:|1771254549\n|switch|p2a: Raging Bolt|Raging Bolt|45/100\n|-activate|p2a: Raging Bolt|ability: Protosynthesis\n|-start|p2a: Raging Bolt|protosynthesisspa\n|turn|23\n|\n|t:|1771254557\n|move|p2a: Raging Bolt|Thunderclap|p1a: Glimmora\n|-damage|p1a: Glimmora|0 fnt\n|faint|p1a: Glimmora\n|\n|-weather|SunnyDay|[upkeep]\n|upkeep\n|\n|t:|1771254558\n|switch|p1a: Dragapult|Dragapult, F, tera:Ghost|26/100\n|-damage|p1a: Dragapult|13/100|[from] Stealth Rock\n|turn|24\n|\n|t:|1771254562\n|move|p2a: Raging Bolt|Thunderclap||[still]\n|-fail|p2a: Raging Bolt\n|move|p1a: Dragapult|Curse|p2a: Raging Bolt\n|-start|p2a: Raging Bolt|Curse|[of] p1a: Dragapult\n|-damage|p1a: Dragapult|0 fnt\n|faint|p1a: Dragapult\n|\n|-weather|SunnyDay|[upkeep]\n|-damage|p2a: Raging Bolt|20/100|[from] Curse\n|upkeep\n|\n|t:|1771254564\n|switch|p1a: Kingambit|Kingambit, F|63/100\n|-damage|p1a: Kingambit|57/100|[from] Stealth Rock\n|-activate|p1a: Kingambit|ability: Supreme Overlord\n|-start|p1a: Kingambit|fallen5|[silent]\n|turn|25\n|\n|t:|1771254570\n|move|p2a: Raging Bolt|Weather Ball|p1a: Kingambit\n|-supereffective|p1a: Kingambit\n|-damage|p1a: Kingambit|0 fnt\n|faint|p1a: Kingambit\n|-end|p1a: Kingambit|fallen5|[silent]\n|\n|win|Jackesh-7T2\n|raw|haxmaxer's rating: 1570 &rarr; <strong>1554</strong><br />(-16 for losing)\n|raw|Jackesh-7T2's rating: 1641 &rarr; <strong>1657</strong><br />(+16 for winning)\n|l|☆haxmaxer\n|player|p1|\n", "uploadtime": 1771254572, "views": 5, "formatid": "gen9ou", "rating": 1554, "private": 0, "password": null}