{"id": "gen9ou-2647730995", "format": "[Gen 9] OU", "players": ["vitaoalve", "whodidwhatwhy"], "log": "|j|☆vitaoalve\n|j|☆whodidwhatwhy\n|t:|1783803057\n|gametype|singles\n|player|p1|vitaoalve|clay|1605\n|player|p2|whodidwhatwhy|2|1528\n|gen|9\n|tier|[Gen 9] OU\n|rated|\n|rule|HP Percentage Mod: HP is shown in percentages\n|rule|Endless Battle Clause: Forcing endless battles is banned\n|rule|Species Clause: Limit one of each Pokémon\n|rule|OHKO Clause: OHKO moves are banned\n|rule|Evasion Items Clause: Evasion items are banned\n|rule|Evasion Moves Clause: Evasion moves are banned\n|rule|Evasion Abilities Clause: Evasion abilities are banned\n|rule|Sleep Moves Clause: Sleep-inducing moves are banned\n|clearpoke\n|poke|p1|Cresselia, F|\n|poke|p1|Ogerpon, F|\n|poke|p1|Kingambit, F|\n|poke|p1|Garchomp, F|\n|poke|p1|Dragapult, M|\n|poke|p1|Pecharunt|\n|poke|p2|Scream Tail|\n|poke|p2|Samurott-Hisui, M|\n|poke|p2|Garganacl, M|\n|poke|p2|Jirachi|\n|poke|p2|Ursaluna, M|\n|poke|p2|Kingambit, M|\n|teampreview\n|inactive|Battle timer is ON: inactive players will automatically lose when time's up. (requested by vitaoalve)\n|inactive|whodidwhatwhy has 120 seconds left.\n|\n|t:|1783803102\n|teamsize|p1|6\n|teamsize|p2|6\n|start\n|switch|p1a: Dragapult|Dragapult, M|100/100\n|switch|p2a: Scream Tail|Scream Tail|100/100\n|turn|1\n|inactive|vitaoalve has 120 seconds left.\n|\n|t:|1783803157\n|switch|p1a: Kingambit|Kingambit, F|100/100\n|move|p2a: Scream Tail|Wish|p2a: Scream Tail\n|\n|upkeep\n|turn|2\n|\n|t:|1783803161\n|-end|p2a: Scream Tail|Protosynthesis|[silent]\n|switch|p2a: Samurott|Samurott-Hisui, M|100/100\n|move|p1a: Kingambit|Swords Dance|p1a: Kingambit\n|-boost|p1a: Kingambit|atk|2\n|\n|upkeep\n|turn|3\n|\n|t:|1783803166\n|-end|p1a: Kingambit|fallenundefined|[silent]\n|switch|p1a: Garchomp|Garchomp, F|100/100\n|move|p2a: Samurott|Sacred Sword|p1a: Garchomp\n|-damage|p1a: Garchomp|75/100\n|-damage|p2a: Samurott|88/100|[from] ability: Rough Skin|[of] p1a: Garchomp\n|-damage|p2a: Samurott|72/100|[from] item: Rocky Helmet|[of] p1a: Garchomp\n|\n|upkeep\n|turn|4\n|\n|t:|1783803171\n|switch|p2a: Scream Tail|Scream Tail|100/100\n|move|p1a: Garchomp|Stealth Rock|p2a: Scream Tail\n|-sidestart|p2: whodidwhatwhy|move: Stealth Rock\n|\n|upkeep\n|turn|5\n|\n|t:|1783803174\n|move|p2a: Scream Tail|Wish|p2a: Scream Tail\n|move|p1a: Garchomp|Spikes|p2a: Scream Tail\n|-sidestart|p2: whodidwhatwhy|Spikes\n|\n|upkeep\n|turn|6\n|\n|t:|1783803179\n|-end|p2a: Scream Tail|Protosynthesis|[silent]\n|switch|p2a: Garganacl|Garganacl, M|100/100\n|-damage|p2a: Garganacl|88/100|[from] Stealth Rock\n|-damage|p2a: Garganacl|76/100|[from] Spikes\n|move|p1a: Garchomp|Spikes|p2a: Garganacl\n|-sidestart|p2: whodidwhatwhy|Spikes\n|\n|-heal|p2a: Garganacl|100/100|[from] move: Wish|[wisher] Scream Tail\n|upkeep\n|turn|7\n|\n|t:|1783803184\n|-terastallize|p2a: Garganacl|Water\n|move|p1a: Garchomp|Earthquake|p2a: Garganacl\n|-damage|p2a: Garganacl|74/100\n|move|p2a: Garganacl|Stealth Rock|p1a: Garchomp\n|-sidestart|p1: vitaoalve|move: Stealth Rock\n|\n|-heal|p2a: Garganacl|80/100|[from] item: Leftovers\n|upkeep\n|turn|8\n|\n|t:|1783803189\n|move|p2a: Garganacl|Salt Cure|p1a: Garchomp\n|-resisted|p1a: Garchomp\n|-damage|p1a: Garchomp|71/100\n|-start|p1a: Garchomp|Salt Cure\n|move|p1a: Garchomp|Dragon Tail|p2a: Garganacl\n|-damage|p2a: Garganacl|62/100\n|drag|p2a: Ursaluna|Ursaluna, M, shiny|100/100\n|-damage|p2a: Ursaluna|94/100|[from] Stealth Rock\n|-damage|p2a: Ursaluna|78/100|[from] Spikes\n|\n|-heal|p2a: Ursaluna|84/100|[from] item: Leftovers\n|-damage|p1a: Garchomp|58/100|[from] Salt Cure\n|upkeep\n|turn|9\n|\n|t:|1783803202\n|move|p1a: Garchomp|Earthquake|p2a: Ursaluna\n|-damage|p2a: Ursaluna|49/100\n|move|p2a: Ursaluna|Ice Punch|p1a: Garchomp\n|-supereffective|p1a: Garchomp\n|-damage|p1a: Garchomp|0 fnt\n|-damage|p2a: Ursaluna|37/100|[from] ability: Rough Skin|[of] p1a: Garchomp\n|-damage|p2a: Ursaluna|21/100|[from] item: Rocky Helmet|[of] p1a: Garchomp\n|faint|p1a: Garchomp\n|\n|-heal|p2a: Ursaluna|27/100|[from] item: Leftovers\n|upkeep\n|\n|t:|1783803208\n|switch|p1a: Ogerpon|Ogerpon, F|100/100\n|turn|10\n|\n|t:|1783803212\n|move|p1a: Ogerpon|Ivy Cudgel|p2a: Ursaluna\n|-supereffective|p2a: Ursaluna\n|-damage|p2a: Ursaluna|0 fnt\n|faint|p2a: Ursaluna\n|\n|upkeep\n|\n|t:|1783803215\n|switch|p2a: Jirachi|Jirachi|100/100\n|-damage|p2a: Jirachi|94/100|[from] Stealth Rock\n|-damage|p2a: Jirachi|78/100|[from] Spikes\n|turn|11\n|\n|t:|1783803218\n|move|p2a: Jirachi|U-turn|p1a: Ogerpon\n|-supereffective|p1a: Ogerpon\n|-damage|p1a: Ogerpon|47/100\n|\n|t:|1783803223\n|switch|p2a: Kingambit|Kingambit, M|100/100|[from] U-turn\n|-damage|p2a: Kingambit|94/100|[from] Stealth Rock\n|-damage|p2a: Kingambit|78/100|[from] Spikes\n|-activate|p2a: Kingambit|ability: Supreme Overlord\n|-start|p2a: Kingambit|fallen1|[silent]\n|move|p1a: Ogerpon|U-turn|p2a: Kingambit\n|-damage|p2a: Kingambit|57/100\n|\n|t:|1783803227\n|switch|p1a: Dragapult|Dragapult, M|100/100|[from] U-turn\n|\n|-heal|p2a: Kingambit|64/100|[from] item: Leftovers\n|upkeep\n|turn|12\n|\n|t:|1783803230\n|-end|p2a: Kingambit|fallen1|[silent]\n|switch|p2a: Garganacl|Garganacl, M, tera:Water|62/100\n|-damage|p2a: Garganacl|50/100|[from] Stealth Rock\n|-damage|p2a: Garganacl|33/100|[from] Spikes\n|move|p1a: Dragapult|Will-O-Wisp|p2a: Garganacl\n|-immune|p2a: Garganacl|[from] ability: Purifying Salt\n|\n|-heal|p2a: Garganacl|39/100|[from] item: Leftovers\n|upkeep\n|turn|13\n|\n|t:|1783803237\n|move|p2a: Garganacl|Protect|p2a: Garganacl\n|-singleturn|p2a: Garganacl|Protect\n|move|p1a: Dragapult|Draco Meteor|p2a: Garganacl\n|-activate|p2a: Garganacl|move: Protect\n|\n|-heal|p2a: Garganacl|45/100|[from] item: Leftovers\n|upkeep\n|turn|14\n|\n|t:|1783803242\n|switch|p1a: Kingambit|Kingambit, F|100/100\n|-damage|p1a: Kingambit|94/100|[from] Stealth Rock\n|-activate|p1a: Kingambit|ability: Supreme Overlord\n|-start|p1a: Kingambit|fallen1|[silent]\n|move|p2a: Garganacl|Recover|p2a: Garganacl\n|-heal|p2a: Garganacl|95/100\n|\n|-heal|p1a: Kingambit|100/100|[from] item: Leftovers\n|-heal|p2a: Garganacl|100/100|[from] item: Leftovers\n|upkeep\n|turn|15\n|\n|t:|1783803255\n|-end|p1a: Kingambit|fallen1|[silent]\n|switch|p1a: Pecharunt|Pecharunt|100/100\n|move|p2a: Garganacl|Salt Cure|p1a: Pecharunt\n|-damage|p1a: Pecharunt|92/100\n|-start|p1a: Pecharunt|Salt Cure\n|\n|-damage|p1a: Pecharunt|79/100|[from] Salt Cure\n|upkeep\n|turn|16\n|\n|t:|1783803261\n|switch|p2a: Samurott|Samurott-Hisui, M|72/100\n|-damage|p2a: Samurott|60/100|[from] Stealth Rock\n|-damage|p2a: Samurott|43/100|[from] Spikes\n|move|p1a: Pecharunt|Nasty Plot|p1a: Pecharunt\n|-boost|p1a: Pecharunt|spa|2\n|\n|-damage|p1a: Pecharunt|67/100|[from] Salt Cure\n|upkeep\n|turn|17\n|\n|t:|1783803270\n|move|p1a: Pecharunt|Malignant Chain|p2a: Samurott\n|-damage|p2a: Samurott|1/100\n|move|p2a: Samurott|Ceaseless Edge|p1a: Pecharunt\n|-supereffective|p1a: Pecharunt\n|-damage|p1a: Pecharunt|19/100\n|-sidestart|p1: vitaoalve|Spikes\n|\n|-damage|p1a: Pecharunt|7/100|[from] Salt Cure\n|upkeep\n|turn|18\n|\n|t:|1783803277\n|move|p1a: Pecharunt|Malignant Chain|p2a: Samurott\n|-damage|p2a: Samurott|0 fnt\n|faint|p2a: Samurott\n|\n|-damage|p1a: Pecharunt|0 fnt|[from] Salt Cure\n|faint|p1a: Pecharunt\n|upkeep\n|\n|t:|1783803283\n|switch|p1a: Ogerpon|Ogerpon, F|47/100\n|switch|p2a: Jirachi|Jirachi|78/100\n|-damage|p2a: Jirachi|72/100|[from] Stealth Rock\n|-damage|p2a: Jirachi|55/100|[from] Spikes\n|turn|19\n|\n|t:|1783803287\n|-terastallize|p1a: Ogerpon|Grass\n|detailschange|p1a: Ogerpon|Ogerpon-Teal-Tera, F, tera:Grass\n|-ability|p1a: Ogerpon|Embody Aspect (Teal)|boost\n|-boost|p1a: Ogerpon|spe|1\n|move|p1a: Ogerpon|U-turn|p2a: Jirachi\n|-damage|p2a: Jirachi|30/100\n|\n|t:|1783803289\n|switch|p1a: Dragapult|Dragapult, M|100/100|[from] U-turn\n|move|p2a: Jirachi|U-turn|p1a: Dragapult\n|-resisted|p1a: Dragapult\n|-damage|p1a: Dragapult|87/100\n|\n|t:|1783803293\n|switch|p2a: Garganacl|Garganacl, M, tera:Water|100/100|[from] U-turn\n|-damage|p2a: Garganacl|88/100|[from] Stealth Rock\n|-damage|p2a: Garganacl|72/100|[from] Spikes\n|\n|-heal|p2a: Garganacl|78/100|[from] item: Leftovers\n|upkeep\n|turn|20\n|\n|t:|1783803299\n|switch|p1a: Cresselia|Cresselia, F|100/100\n|-damage|p1a: Cresselia|88/100|[from] Stealth Rock\n|move|p2a: Garganacl|Salt Cure|p1a: Cresselia\n|-damage|p1a: Cresselia|79/100\n|-start|p1a: Cresselia|Salt Cure\n|\n|-heal|p1a: Cresselia|85/100|[from] item: Leftovers\n|-heal|p2a: Garganacl|84/100|[from] item: Leftovers\n|-damage|p1a: Cresselia|73/100|[from] Salt Cure\n|upkeep\n|turn|21\n|\n|t:|1783803308\n|switch|p2a: Kingambit|Kingambit, M|64/100\n|-damage|p2a: Kingambit|57/100|[from] Stealth Rock\n|-damage|p2a: Kingambit|41/100|[from] Spikes\n|-activate|p2a: Kingambit|ability: Supreme Overlord\n|-start|p2a: Kingambit|fallen2|[silent]\n|move|p1a: Cresselia|Calm Mind|p1a: Cresselia\n|-boost|p1a: Cresselia|spa|1\n|-boost|p1a: Cresselia|spd|1\n|\n|-heal|p1a: Cresselia|79/100|[from] item: Leftovers\n|-heal|p2a: Kingambit|47/100|[from] item: Leftovers\n|-damage|p1a: Cresselia|66/100|[from] Salt Cure\n|upkeep\n|turn|22\n|\n|t:|1783803313\n|move|p1a: Cresselia|Moonlight|p1a: Cresselia\n|-heal|p1a: Cresselia|100/100\n|move|p2a: Kingambit|Swords Dance|p2a: Kingambit\n|-boost|p2a: Kingambit|atk|2\n|\n|-heal|p2a: Kingambit|53/100|[from] item: Leftovers\n|-damage|p1a: Cresselia|88/100|[from] Salt Cure\n|upkeep\n|turn|23\n|\n|t:|1783803318\n|switch|p1a: Ogerpon|Ogerpon-Teal-Tera, F, tera:Grass|47/100\n|-ability|p1a: Ogerpon|Embody Aspect (Teal)|boost\n|-boost|p1a: Ogerpon|spe|1\n|move|p2a: Kingambit|Kowtow Cleave|p1a: Ogerpon\n|-damage|p1a: Ogerpon|0 fnt\n|faint|p1a: Ogerpon\n|detailschange|p1: Ogerpon|Ogerpon, F|[silent]\n|\n|-heal|p2a: Kingambit|59/100|[from] item: Leftovers\n|upkeep\n|\n|t:|1783803324\n|switch|p1a: Kingambit|Kingambit, F|100/100\n|-damage|p1a: Kingambit|94/100|[from] Stealth Rock\n|-damage|p1a: Kingambit|82/100|[from] Spikes\n|-activate|p1a: Kingambit|ability: Supreme Overlord\n|-start|p1a: Kingambit|fallen3|[silent]\n|turn|24\n|\n|t:|1783803327\n|move|p1a: Kingambit|Low Kick|p2a: Kingambit\n|-supereffective|p2a: Kingambit\n|-crit|p2a: Kingambit\n|-damage|p2a: Kingambit|0 fnt\n|faint|p2a: Kingambit\n|-end|p2a: Kingambit|fallen2|[silent]\n|\n|-heal|p1a: Kingambit|88/100|[from] item: Leftovers\n|upkeep\n|\n|t:|1783803330\n|switch|p2a: Scream Tail|Scream Tail|100/100\n|-damage|p2a: Scream Tail|88/100|[from] Stealth Rock\n|-damage|p2a: Scream Tail|72/100|[from] Spikes\n|turn|25\n|\n|t:|1783803332\n|move|p2a: Scream Tail|Encore|p1a: Kingambit\n|-start|p1a: Kingambit|Encore\n|move|p1a: Kingambit|Low Kick|p2a: Scream Tail\n|-resisted|p2a: Scream Tail\n|-damage|p2a: Scream Tail|69/100\n|\n|-heal|p2a: Scream Tail|75/100|[from] item: Leftovers\n|-heal|p1a: Kingambit|94/100|[from] item: Leftovers\n|upkeep\n|turn|26\n|\n|t:|1783803337\n|-end|p1a: Kingambit|fallen3|[silent]\n|switch|p1a: Cresselia|Cresselia, F|88/100\n|-damage|p1a: Cresselia|76/100|[from] Stealth Rock\n|move|p2a: Scream Tail|Wish|p2a: Scream Tail\n|\n|-heal|p2a: Scream Tail|82/100|[from] item: Leftovers\n|-heal|p1a: Cresselia|82/100|[from] item: Leftovers\n|upkeep\n|turn|27\n|\n|t:|1783803340\n|-end|p2a: Scream Tail|Protosynthesis|[silent]\n|switch|p2a: Jirachi|Jirachi|30/100\n|-damage|p2a: Jirachi|24/100|[from] Stealth Rock\n|-damage|p2a: Jirachi|8/100|[from] Spikes\n|move|p1a: Cresselia|Calm Mind|p1a: Cresselia\n|-boost|p1a: Cresselia|spa|1\n|-boost|p1a: Cresselia|spd|1\n|\n|-heal|p2a: Jirachi|67/100|[from] move: Wish|[wisher] Scream Tail\n|-heal|p1a: Cresselia|88/100|[from] item: Leftovers\n|upkeep\n|turn|28\n|\n|t:|1783803343\n|move|p2a: Jirachi|Trick|p1a: Cresselia\n|-activate|p2a: Jirachi|move: Trick|[of] p1a: Cresselia\n|-item|p1a: Cresselia|Choice Scarf|[from] move: Trick\n|-item|p2a: Jirachi|Leftovers|[from] move: Trick\n|move|p1a: Cresselia|Thunderbolt|p2a: Jirachi\n|-damage|p2a: Jirachi|30/100\n|\n|-heal|p2a: Jirachi|36/100|[from] item: Leftovers\n|upkeep\n|turn|29\n|\n|t:|1783803351\n|move|p1a: Cresselia|Thunderbolt|p2a: Jirachi\n|-damage|p2a: Jirachi|0 fnt\n|faint|p2a: Jirachi\n|\n|upkeep\n|\n|t:|1783803353\n|switch|p2a: Scream Tail|Scream Tail|82/100\n|-damage|p2a: Scream Tail|69/100|[from] Stealth Rock\n|-damage|p2a: Scream Tail|53/100|[from] Spikes\n|turn|30\n|\n|t:|1783803355\n|move|p2a: Scream Tail|Wish|p2a: Scream Tail\n|move|p1a: Cresselia|Thunderbolt|p2a: Scream Tail\n|-damage|p2a: Scream Tail|28/100\n|\n|-heal|p2a: Scream Tail|34/100|[from] item: Leftovers\n|upkeep\n|turn|31\n|\n|t:|1783803358\n|move|p2a: Scream Tail|Protect|p2a: Scream Tail\n|-singleturn|p2a: Scream Tail|Protect\n|move|p1a: Cresselia|Thunderbolt|p2a: Scream Tail\n|-activate|p2a: Scream Tail|move: Protect\n|\n|-heal|p2a: Scream Tail|84/100|[from] move: Wish|[wisher] Scream Tail\n|-heal|p2a: Scream Tail|91/100|[from] item: Leftovers\n|upkeep\n|turn|32\n|\n|t:|1783803360\n|move|p2a: Scream Tail|Wish|p2a: Scream Tail\n|move|p1a: Cresselia|Thunderbolt|p2a: Scream Tail\n|-damage|p2a: Scream Tail|69/100\n|\n|-heal|p2a: Scream Tail|75/100|[from] item: Leftovers\n|upkeep\n|turn|33\n|\n|t:|1783803365\n|move|p2a: Scream Tail|Dazzling Gleam|p1a: Cresselia\n|-damage|p1a: Cresselia|79/100\n|move|p1a: Cresselia|Thunderbolt|p2a: Scream Tail\n|-damage|p2a: Scream Tail|52/100\n|\n|-heal|p2a: Scream Tail|100/100|[from] move: Wish|[wisher] Scream Tail\n|upkeep\n|turn|34\n|\n|t:|1783803372\n|move|p2a: Scream Tail|Wish|p2a: Scream Tail\n|move|p1a: Cresselia|Thunderbolt|p2a: Scream Tail\n|-damage|p2a: Scream Tail|75/100\n|\n|-heal|p2a: Scream Tail|81/100|[from] item: Leftovers\n|upkeep\n|turn|35\n|\n|t:|1783803381\n|move|p2a: Scream Tail|Dazzling Gleam|p1a: Cresselia\n|-damage|p1a: Cresselia|70/100\n|move|p1a: Cresselia|Thunderbolt|p2a: Scream Tail\n|-damage|p2a: Scream Tail|57/100\n|\n|-heal|p2a: Scream Tail|100/100|[from] move: Wish|[wisher] Scream Tail\n|upkeep\n|turn|36\n|\n|t:|1783803385\n|switch|p1a: Kingambit|Kingambit, F|94/100\n|-damage|p1a: Kingambit|88/100|[from] Stealth Rock\n|-damage|p1a: Kingambit|76/100|[from] Spikes\n|-activate|p1a: Kingambit|ability: Supreme Overlord\n|-start|p1a: Kingambit|fallen3|[silent]\n|move|p2a: Scream Tail|Dazzling Gleam|p1a: Kingambit\n|-damage|p1a: Kingambit|54/100\n|\n|-heal|p1a: Kingambit|60/100|[from] item: Leftovers\n|upkeep\n|turn|37\n|\n|t:|1783803397\n|move|p2a: Scream Tail|Protect|p2a: Scream Tail\n|-singleturn|p2a: Scream Tail|Protect\n|move|p1a: Kingambit|Swords Dance|p1a: Kingambit\n|-boost|p1a: Kingambit|atk|2\n|\n|-heal|p1a: Kingambit|66/100|[from] item: Leftovers\n|upkeep\n|turn|38\n|\n|t:|1783803401\n|move|p2a: Scream Tail|Encore|p1a: Kingambit\n|-start|p1a: Kingambit|Encore\n|move|p1a: Kingambit|Swords Dance|p1a: Kingambit\n|-boost|p1a: Kingambit|atk|2\n|\n|-heal|p1a: Kingambit|72/100|[from] item: Leftovers\n|upkeep\n|turn|39\n|\n|t:|1783803407\n|move|p2a: Scream Tail|Dazzling Gleam|p1a: Kingambit\n|-damage|p1a: Kingambit|50/100\n|move|p1a: Kingambit|Swords Dance|p1a: Kingambit\n|-boost|p1a: Kingambit|atk|2\n|\n|-heal|p1a: Kingambit|56/100|[from] item: Leftovers\n|upkeep\n|turn|40\n|\n|t:|1783803410\n|move|p2a: Scream Tail|Dazzling Gleam|p1a: Kingambit\n|-damage|p1a: Kingambit|35/100\n|move|p1a: Kingambit|Swords Dance|p1a: Kingambit\n|-boost|p1a: Kingambit|atk|0\n|\n|-heal|p1a: Kingambit|41/100|[from] item: Leftovers\n|-end|p1a: Kingambit|Encore\n|upkeep\n|turn|41\n|\n|t:|1783803416\n|-end|p1a: Kingambit|fallen3|[silent]\n|switch|p1a: Dragapult|Dragapult, M|87/100\n|move|p2a: Scream Tail|Encore||[still]\n|-fail|p2a: Scream Tail\n|\n|upkeep\n|turn|42\n|\n|t:|1783803421\n|move|p2a: Scream Tail|Protect|p2a: Scream Tail\n|-singleturn|p2a: Scream Tail|Protect\n|move|p1a: Dragapult|Thunder Wave|p2a: Scream Tail\n|-activate|p2a: Scream Tail|move: Protect\n|\n|upkeep\n|turn|43\n|\n|t:|1783803423\n|-end|p2a: Scream Tail|Protosynthesis|[silent]\n|switch|p2a: Garganacl|Garganacl, M, tera:Water|84/100\n|-damage|p2a: Garganacl|72/100|[from] Stealth Rock\n|-damage|p2a: Garganacl|55/100|[from] Spikes\n|move|p1a: Dragapult|Thunder Wave|p2a: Garganacl\n|-immune|p2a: Garganacl|[from] ability: Purifying Salt\n|\n|-heal|p2a: Garganacl|61/100|[from] item: Leftovers\n|upkeep\n|turn|44\n|\n|t:|1783803430\n|move|p1a: Dragapult|Draco Meteor|p2a: Garganacl\n|-damage|p2a: Garganacl|24/100\n|-unboost|p1a: Dragapult|spa|2\n|move|p2a: Garganacl|Recover|p2a: Garganacl\n|-heal|p2a: Garganacl|74/100\n|\n|-heal|p2a: Garganacl|80/100|[from] item: Leftovers\n|upkeep\n|turn|45\n|\n|t:|1783803433\n|switch|p1a: Cresselia|Cresselia, F|70/100\n|-damage|p1a: Cresselia|58/100|[from] Stealth Rock\n|move|p2a: Garganacl|Salt Cure|p1a: Cresselia\n|-damage|p1a: Cresselia|48/100\n|-start|p1a: Cresselia|Salt Cure\n|\n|-heal|p2a: Garganacl|86/100|[from] item: Leftovers\n|-damage|p1a: Cresselia|36/100|[from] Salt Cure\n|upkeep\n|turn|46\n|\n|t:|1783803439\n|switch|p1a: Dragapult|Dragapult, M|87/100\n|move|p2a: Garganacl|Recover|p2a: Garganacl\n|-heal|p2a: Garganacl|100/100\n|\n|upkeep\n|turn|47\n|\n|t:|1783803446\n|switch|p1a: Kingambit|Kingambit, F|41/100\n|-damage|p1a: Kingambit|35/100|[from] Stealth Rock\n|-damage|p1a: Kingambit|22/100|[from] Spikes\n|-activate|p1a: Kingambit|ability: Supreme Overlord\n|-start|p1a: Kingambit|fallen3|[silent]\n|move|p2a: Garganacl|Salt Cure|p1a: Kingambit\n|-resisted|p1a: Kingambit\n|-damage|p1a: Kingambit|17/100\n|-start|p1a: Kingambit|Salt Cure\n|\n|-heal|p1a: Kingambit|23/100|[from] item: Leftovers\n|-damage|p1a: Kingambit|0 fnt|[from] Salt Cure\n|faint|p1a: Kingambit\n|-end|p1a: Kingambit|fallen3|[silent]\n|upkeep\n|\n|t:|1783803448\n|switch|p1a: Cresselia|Cresselia, F|36/100\n|-damage|p1a: Cresselia|23/100|[from] Stealth Rock\n|turn|48\n|\n|t:|1783803450\n|move|p2a: Garganacl|Protect|p2a: Garganacl\n|-singleturn|p2a: Garganacl|Protect\n|move|p1a: Cresselia|Thunderbolt|p2a: Garganacl\n|-activate|p2a: Garganacl|move: Protect\n|\n|upkeep\n|turn|49\n|\n|t:|1783803453\n|move|p1a: Cresselia|Thunderbolt|p2a: Garganacl\n|-supereffective|p2a: Garganacl\n|-damage|p2a: Garganacl|68/100\n|move|p2a: Garganacl|Salt Cure|p1a: Cresselia\n|-damage|p1a: Cresselia|14/100\n|-start|p1a: Cresselia|Salt Cure\n|\n|-heal|p2a: Garganacl|75/100|[from] item: Leftovers\n|-damage|p1a: Cresselia|1/100|[from] Salt Cure\n|upkeep\n|turn|50\n|\n|t:|1783803455\n|move|p1a: Cresselia|Thunderbolt|p2a: Garganacl\n|-supereffective|p2a: Garganacl\n|-crit|p2a: Garganacl\n|-damage|p2a: Garganacl|22/100\n|move|p2a: Garganacl|Recover|p2a: Garganacl\n|-heal|p2a: Garganacl|72/100\n|\n|-heal|p2a: Garganacl|78/100|[from] item: Leftovers\n|-damage|p1a: Cresselia|0 fnt|[from] Salt Cure\n|faint|p1a: Cresselia\n|upkeep\n|\n|t:|1783803457\n|switch|p1a: Dragapult|Dragapult, M|87/100\n|turn|51\n|\n|t:|1783803460\n|move|p1a: Dragapult|Hex|p2a: Garganacl\n|-damage|p2a: Garganacl|68/100\n|move|p2a: Garganacl|Recover|p2a: Garganacl\n|-heal|p2a: Garganacl|100/100\n|\n|upkeep\n|turn|52\n|\n|t:|1783803462\n|move|p1a: Dragapult|Hex|p2a: Garganacl\n|-damage|p2a: Garganacl|91/100\n|move|p2a: Garganacl|Salt Cure|p1a: Dragapult\n|-damage|p1a: Dragapult|69/100\n|-start|p1a: Dragapult|Salt Cure\n|\n|-heal|p2a: Garganacl|98/100|[from] item: Leftovers\n|-damage|p1a: Dragapult|56/100|[from] Salt Cure\n|upkeep\n|turn|53\n|-message|vitaoalve forfeited.\n|\n|win|whodidwhatwhy\n|raw|vitaoalve's rating: 1605 &rarr; <strong>1581</strong><br />(-24 for losing)\n|raw|whodidwhatwhy's rating: 1528 &rarr; <strong>1552</strong><br />(+24 for winning)\n|l|☆vitaoalve\n|player|p1|\n|l|☆whodidwhatwhy\n|player|p2|\n", "uploadtime": 1783803826, "views": 7, "formatid": "gen9ou", "rating": 1552, "private": 0, "password": null}