{"id": "gen9ou-2647731505", "format": "[Gen 9] OU", "players": ["reezobi", "Grimblez"], "log": "|j|☆reezobi\n|j|☆Grimblez\n|t:|1783803135\n|gametype|singles\n|player|p1|reezobi|2|1437\n|player|p2|Grimblez|101|1380\n|gen|9\n|tier|[Gen 9] OU\n|rated|\n|rule|HP Percentage Mod: HP is shown in percentages\n|rule|Endless Battle Clause: Forcing endless battles is banned\n|rule|Species Clause: Limit one of each Pokémon\n|rule|OHKO Clause: OHKO moves are banned\n|rule|Evasion Items Clause: Evasion items are banned\n|rule|Evasion Moves Clause: Evasion moves are banned\n|rule|Evasion Abilities Clause: Evasion abilities are banned\n|rule|Sleep Moves Clause: Sleep-inducing moves are banned\n|clearpoke\n|poke|p1|Ting-Lu|\n|poke|p1|Gholdengo|\n|poke|p1|Ogerpon-Wellspring, F|\n|poke|p1|Dragonite, F|\n|poke|p1|Clefable, F|\n|poke|p1|Great Tusk|\n|poke|p2|Weezing-Galar, M|\n|poke|p2|Gliscor, F|\n|poke|p2|Blissey, F|\n|poke|p2|Corviknight, M|\n|poke|p2|Dondozo, M|\n|poke|p2|Toxapex, F|\n|teampreview\n|inactive|Battle timer is ON: inactive players will automatically lose when time's up. (requested by Grimblez)\n|inactive|Grimblez has 120 seconds left.\n|\n|t:|1783803182\n|teamsize|p1|6\n|teamsize|p2|6\n|start\n|switch|p1a: Ogerpon|Ogerpon-Wellspring, F|100/100\n|switch|p2a: Gliscor|Gliscor, F|100/100\n|turn|1\n|\n|t:|1783803201\n|move|p2a: Gliscor|Protect|p2a: Gliscor\n|-singleturn|p2a: Gliscor|Protect\n|move|p1a: Ogerpon|Knock Off|p2a: Gliscor\n|-activate|p2a: Gliscor|move: Protect\n|\n|-status|p2a: Gliscor|tox|[from] item: Toxic Orb\n|upkeep\n|turn|2\n|\n|t:|1783803207\n|switch|p1a: Gholdengo|Gholdengo|100/100\n|-item|p1a: Gholdengo|Air Balloon\n|switch|p2a: Dondozo|Dondozo, M|100/100\n|\n|upkeep\n|turn|3\n|\n|t:|1783803224\n|switch|p1a: Ogerpon|Ogerpon-Wellspring, F|100/100\n|move|p2a: Dondozo|Waterfall|p1a: Ogerpon\n|-immune|p1a: Ogerpon|[from] ability: Water Absorb\n|\n|upkeep\n|turn|4\n|\n|t:|1783803228\n|move|p1a: Ogerpon|Spikes|p2a: Dondozo\n|-sidestart|p2: Grimblez|Spikes\n|move|p2a: Dondozo|Curse|p2a: Dondozo\n|-unboost|p2a: Dondozo|spe|1\n|-boost|p2a: Dondozo|atk|1\n|-boost|p2a: Dondozo|def|1\n|\n|upkeep\n|turn|5\n|\n|t:|1783803235\n|move|p1a: Ogerpon|Power Whip|p2a: Dondozo\n|-supereffective|p2a: Dondozo\n|-damage|p2a: Dondozo|60/100\n|move|p2a: Dondozo|Curse|p2a: Dondozo\n|-unboost|p2a: Dondozo|spe|1\n|-boost|p2a: Dondozo|atk|1\n|-boost|p2a: Dondozo|def|1\n|\n|-heal|p2a: Dondozo|66/100|[from] item: Leftovers\n|upkeep\n|turn|6\n|\n|t:|1783803244\n|move|p1a: Ogerpon|Knock Off|p2a: Dondozo\n|-damage|p2a: Dondozo|57/100\n|-enditem|p2a: Dondozo|Leftovers|[from] move: Knock Off|[of] p1a: Ogerpon\n|move|p2a: Dondozo|Curse|p2a: Dondozo\n|-unboost|p2a: Dondozo|spe|1\n|-boost|p2a: Dondozo|atk|1\n|-boost|p2a: Dondozo|def|1\n|\n|upkeep\n|turn|7\n|\n|t:|1783803254\n|move|p1a: Ogerpon|Power Whip|p2a: Dondozo\n|-supereffective|p2a: Dondozo\n|-damage|p2a: Dondozo|29/100\n|move|p2a: Dondozo|Curse|p2a: Dondozo\n|-unboost|p2a: Dondozo|spe|1\n|-boost|p2a: Dondozo|atk|1\n|-boost|p2a: Dondozo|def|1\n|\n|upkeep\n|turn|8\n|\n|t:|1783803269\n|move|p1a: Ogerpon|Power Whip|p2a: Dondozo\n|-supereffective|p2a: Dondozo\n|-damage|p2a: Dondozo|6/100\n|move|p2a: Dondozo|Rest|p2a: Dondozo\n|-status|p2a: Dondozo|slp|[from] move: Rest\n|-heal|p2a: Dondozo|100/100 slp|[silent]\n|\n|upkeep\n|turn|9\n|\n|t:|1783803275\n|move|p1a: Ogerpon|Power Whip|p2a: Dondozo\n|-supereffective|p2a: Dondozo\n|-damage|p2a: Dondozo|81/100 slp\n|cant|p2a: Dondozo|slp\n|\n|upkeep\n|turn|10\n|\n|t:|1783803281\n|move|p1a: Ogerpon|Power Whip|p2a: Dondozo\n|-supereffective|p2a: Dondozo\n|-damage|p2a: Dondozo|61/100 slp\n|cant|p2a: Dondozo|slp\n|\n|upkeep\n|turn|11\n|\n|t:|1783803288\n|move|p1a: Ogerpon|Power Whip|p2a: Dondozo\n|-supereffective|p2a: Dondozo\n|-damage|p2a: Dondozo|40/100 slp\n|-curestatus|p2a: Dondozo|slp|[msg]\n|move|p2a: Dondozo|Curse|p2a: Dondozo\n|-unboost|p2a: Dondozo|spe|1\n|-boost|p2a: Dondozo|atk|1\n|-boost|p2a: Dondozo|def|1\n|\n|upkeep\n|turn|12\n|\n|t:|1783803296\n|move|p1a: Ogerpon|Power Whip|p2a: Dondozo\n|-supereffective|p2a: Dondozo\n|-damage|p2a: Dondozo|22/100\n|move|p2a: Dondozo|Rest|p2a: Dondozo\n|-status|p2a: Dondozo|slp|[from] move: Rest\n|-heal|p2a: Dondozo|100/100 slp|[silent]\n|\n|upkeep\n|turn|13\n|\n|t:|1783803305\n|move|p1a: Ogerpon|Power Whip|p2a: Dondozo\n|-supereffective|p2a: Dondozo\n|-damage|p2a: Dondozo|80/100 slp\n|cant|p2a: Dondozo|slp\n|\n|upkeep\n|turn|14\n|\n|t:|1783803311\n|move|p1a: Ogerpon|Power Whip|p2a: Dondozo\n|-supereffective|p2a: Dondozo\n|-damage|p2a: Dondozo|61/100 slp\n|cant|p2a: Dondozo|slp\n|\n|upkeep\n|turn|15\n|\n|t:|1783803314\n|move|p1a: Ogerpon|Power Whip|p2a: Dondozo\n|-supereffective|p2a: Dondozo\n|-damage|p2a: Dondozo|41/100 slp\n|-curestatus|p2a: Dondozo|slp|[msg]\n|move|p2a: Dondozo|Curse|p2a: Dondozo\n|-unboost|p2a: Dondozo|spe|1\n|-boost|p2a: Dondozo|atk|1\n|-boost|p2a: Dondozo|def|1\n|\n|upkeep\n|turn|16\n|\n|t:|1783803320\n|move|p1a: Ogerpon|Power Whip|p2a: Dondozo\n|-supereffective|p2a: Dondozo\n|-damage|p2a: Dondozo|25/100\n|move|p2a: Dondozo|Rest|p2a: Dondozo\n|-status|p2a: Dondozo|slp|[from] move: Rest\n|-heal|p2a: Dondozo|100/100 slp|[silent]\n|\n|upkeep\n|turn|17\n|\n|t:|1783803325\n|move|p1a: Ogerpon|Power Whip|p2a: Dondozo\n|-supereffective|p2a: Dondozo\n|-damage|p2a: Dondozo|85/100 slp\n|cant|p2a: Dondozo|slp\n|\n|upkeep\n|turn|18\n|\n|t:|1783803327\n|move|p1a: Ogerpon|Power Whip|p2a: Dondozo\n|-supereffective|p2a: Dondozo\n|-damage|p2a: Dondozo|69/100 slp\n|cant|p2a: Dondozo|slp\n|\n|upkeep\n|turn|19\n|\n|t:|1783803334\n|move|p1a: Ogerpon|Power Whip|p2a: Dondozo\n|-supereffective|p2a: Dondozo\n|-damage|p2a: Dondozo|53/100 slp\n|-curestatus|p2a: Dondozo|slp|[msg]\n|move|p2a: Dondozo|Curse|p2a: Dondozo\n|\n|upkeep\n|turn|20\n|\n|t:|1783803343\n|move|p1a: Ogerpon|Spikes|p2a: Dondozo\n|-sidestart|p2: Grimblez|Spikes\n|move|p2a: Dondozo|Rest|p2a: Dondozo\n|-status|p2a: Dondozo|slp|[from] move: Rest\n|-heal|p2a: Dondozo|100/100 slp|[silent]\n|\n|upkeep\n|turn|21\n|\n|t:|1783803351\n|move|p1a: Ogerpon|Spikes|p2a: Dondozo\n|-sidestart|p2: Grimblez|Spikes\n|cant|p2a: Dondozo|slp\n|\n|upkeep\n|turn|22\n|\n|t:|1783803359\n|move|p1a: Ogerpon|Power Whip|p2a: Dondozo\n|-supereffective|p2a: Dondozo\n|-damage|p2a: Dondozo|85/100 slp\n|cant|p2a: Dondozo|slp\n|\n|upkeep\n|turn|23\n|\n|t:|1783803365\n|move|p1a: Ogerpon|Power Whip|p2a: Dondozo\n|-supereffective|p2a: Dondozo\n|-damage|p2a: Dondozo|69/100 slp\n|-curestatus|p2a: Dondozo|slp|[msg]\n|move|p2a: Dondozo|Waterfall|p1a: Ogerpon\n|-immune|p1a: Ogerpon|[from] ability: Water Absorb\n|\n|upkeep\n|turn|24\n|\n|t:|1783803374\n|move|p1a: Ogerpon|Knock Off|p2a: Dondozo\n|-damage|p2a: Dondozo|66/100\n|move|p2a: Dondozo|Waterfall|p1a: Ogerpon\n|-immune|p1a: Ogerpon|[from] ability: Water Absorb\n|\n|upkeep\n|turn|25\n|\n|t:|1783803379\n|move|p1a: Ogerpon|Knock Off|p2a: Dondozo\n|-damage|p2a: Dondozo|63/100\n|move|p2a: Dondozo|Sleep Talk||[still]\n|-fail|p2a: Dondozo\n|\n|upkeep\n|turn|26\n|\n|t:|1783803386\n|move|p1a: Ogerpon|Spikes||[still]\n|-fail|p1a: Ogerpon\n|move|p2a: Dondozo|Waterfall|p1a: Ogerpon\n|-immune|p1a: Ogerpon|[from] ability: Water Absorb\n|\n|upkeep\n|turn|27\n|\n|t:|1783803400\n|move|p1a: Ogerpon|Knock Off|p2a: Dondozo\n|-crit|p2a: Dondozo\n|-damage|p2a: Dondozo|47/100\n|move|p2a: Dondozo|Sleep Talk||[still]\n|-fail|p2a: Dondozo\n|\n|upkeep\n|turn|28\n|\n|t:|1783803405\n|move|p1a: Ogerpon|Knock Off|p2a: Dondozo\n|-damage|p2a: Dondozo|44/100\n|move|p2a: Dondozo|Rest|p2a: Dondozo\n|-status|p2a: Dondozo|slp|[from] move: Rest\n|-heal|p2a: Dondozo|100/100 slp|[silent]\n|\n|upkeep\n|turn|29\n|\n|t:|1783803411\n|move|p1a: Ogerpon|Spikes||[still]\n|-fail|p1a: Ogerpon\n|cant|p2a: Dondozo|slp\n|\n|upkeep\n|turn|30\n|\n|t:|1783803419\n|move|p1a: Ogerpon|Spikes||[still]\n|-fail|p1a: Ogerpon\n|cant|p2a: Dondozo|slp\n|move|p2a: Dondozo|Sleep Talk|p2a: Dondozo\n|move|p2a: Dondozo|Curse|p2a: Dondozo|[from] move: Sleep Talk\n|\n|upkeep\n|turn|31\n|\n|t:|1783803430\n|move|p1a: Ogerpon|Spikes||[still]\n|-fail|p1a: Ogerpon\n|-curestatus|p2a: Dondozo|slp|[msg]\n|move|p2a: Dondozo|Waterfall|p1a: Ogerpon\n|-immune|p1a: Ogerpon|[from] ability: Water Absorb\n|\n|upkeep\n|turn|32\n|\n|t:|1783803438\n|move|p1a: Ogerpon|Spikes||[still]\n|-fail|p1a: Ogerpon\n|move|p2a: Dondozo|Sleep Talk||[still]\n|-fail|p2a: Dondozo\n|\n|upkeep\n|turn|33\n|\n|t:|1783803444\n|switch|p2a: Corviknight|Corviknight, M|100/100\n|-ability|p2a: Corviknight|Pressure\n|move|p1a: Ogerpon|Spikes||[still]\n|-fail|p1a: Ogerpon\n|\n|upkeep\n|turn|34\n|\n|t:|1783803449\n|switch|p1a: Gholdengo|Gholdengo|100/100\n|-item|p1a: Gholdengo|Air Balloon\n|move|p2a: Corviknight|Defog|p1a: Gholdengo\n|-immune|p1a: Gholdengo|[from] ability: Good as Gold\n|\n|upkeep\n|turn|35\n|\n|t:|1783803458\n|switch|p2a: Blissey|Blissey, F|100/100\n|-damage|p2a: Blissey|75/100|[from] Spikes\n|move|p1a: Gholdengo|Shadow Ball|p2a: Blissey\n|-immune|p2a: Blissey\n|\n|-heal|p2a: Blissey|82/100|[from] item: Leftovers\n|upkeep\n|turn|36\n|\n|t:|1783803468\n|move|p1a: Gholdengo|Nasty Plot|p1a: Gholdengo\n|-boost|p1a: Gholdengo|spa|2\n|move|p2a: Blissey|Stealth Rock|p1a: Gholdengo\n|-sidestart|p1: reezobi|move: Stealth Rock\n|\n|-heal|p2a: Blissey|88/100|[from] item: Leftovers\n|upkeep\n|turn|37\n|\n|t:|1783803474\n|move|p1a: Gholdengo|Shadow Ball|p2a: Blissey\n|-immune|p2a: Blissey\n|move|p2a: Blissey|Calm Mind|p2a: Blissey\n|-boost|p2a: Blissey|spa|1\n|-boost|p2a: Blissey|spd|1\n|\n|-heal|p2a: Blissey|94/100|[from] item: Leftovers\n|upkeep\n|turn|38\n|\n|t:|1783803478\n|move|p1a: Gholdengo|Nasty Plot|p1a: Gholdengo\n|-boost|p1a: Gholdengo|spa|2\n|move|p2a: Blissey|Calm Mind|p2a: Blissey\n|-boost|p2a: Blissey|spa|1\n|-boost|p2a: Blissey|spd|1\n|\n|-heal|p2a: Blissey|100/100|[from] item: Leftovers\n|upkeep\n|turn|39\n|\n|t:|1783803482\n|move|p1a: Gholdengo|Nasty Plot|p1a: Gholdengo\n|-boost|p1a: Gholdengo|spa|2\n|move|p2a: Blissey|Calm Mind|p2a: Blissey\n|-boost|p2a: Blissey|spa|1\n|-boost|p2a: Blissey|spd|1\n|\n|upkeep\n|turn|40\n|\n|t:|1783803486\n|move|p1a: Gholdengo|Make It Rain|p2a: Blissey\n|-damage|p2a: Blissey|77/100\n|-unboost|p1a: Gholdengo|spa|1\n|move|p2a: Blissey|Calm Mind|p2a: Blissey\n|-boost|p2a: Blissey|spa|1\n|-boost|p2a: Blissey|spd|1\n|\n|-heal|p2a: Blissey|83/100|[from] item: Leftovers\n|upkeep\n|turn|41\n|\n|t:|1783803494\n|move|p1a: Gholdengo|Make It Rain|p2a: Blissey\n|-damage|p2a: Blissey|64/100\n|-unboost|p1a: Gholdengo|spa|1\n|move|p2a: Blissey|Seismic Toss|p1a: Gholdengo\n|-immune|p1a: Gholdengo\n|\n|-heal|p2a: Blissey|70/100|[from] item: Leftovers\n|upkeep\n|turn|42\n|c|☆reezobi|?\n|\n|t:|1783803509\n|move|p1a: Gholdengo|Nasty Plot|p1a: Gholdengo\n|-boost|p1a: Gholdengo|spa|2\n|move|p2a: Blissey|Calm Mind|p2a: Blissey\n|-boost|p2a: Blissey|spa|1\n|-boost|p2a: Blissey|spd|1\n|\n|-heal|p2a: Blissey|76/100|[from] item: Leftovers\n|upkeep\n|turn|43\n|\n|t:|1783803513\n|move|p1a: Gholdengo|Nasty Plot|p1a: Gholdengo\n|-boost|p1a: Gholdengo|spa|0\n|move|p2a: Blissey|Calm Mind|p2a: Blissey\n|-boost|p2a: Blissey|spa|1\n|-boost|p2a: Blissey|spd|1\n|\n|-heal|p2a: Blissey|83/100|[from] item: Leftovers\n|upkeep\n|turn|44\n|\n|t:|1783803521\n|move|p1a: Gholdengo|Nasty Plot|p1a: Gholdengo\n|-boost|p1a: Gholdengo|spa|0\n|move|p2a: Blissey|Seismic Toss|p1a: Gholdengo\n|-immune|p1a: Gholdengo\n|\n|-heal|p2a: Blissey|89/100|[from] item: Leftovers\n|upkeep\n|turn|45\n|\n|t:|1783803526\n|move|p1a: Gholdengo|Nasty Plot|p1a: Gholdengo\n|-boost|p1a: Gholdengo|spa|0\n|move|p2a: Blissey|Seismic Toss|p1a: Gholdengo\n|-immune|p1a: Gholdengo\n|\n|-heal|p2a: Blissey|95/100|[from] item: Leftovers\n|upkeep\n|turn|46\n|\n|t:|1783803531\n|move|p1a: Gholdengo|Nasty Plot|p1a: Gholdengo\n|-boost|p1a: Gholdengo|spa|0\n|move|p2a: Blissey|Stealth Rock||[still]\n|-fail|p2a: Blissey\n|\n|-heal|p2a: Blissey|100/100|[from] item: Leftovers\n|upkeep\n|turn|47\n|\n|t:|1783803536\n|move|p1a: Gholdengo|Nasty Plot|p1a: Gholdengo\n|-boost|p1a: Gholdengo|spa|0\n|move|p2a: Blissey|Seismic Toss|p1a: Gholdengo\n|-immune|p1a: Gholdengo\n|\n|upkeep\n|turn|48\n|\n|t:|1783803540\n|move|p1a: Gholdengo|Nasty Plot|p1a: Gholdengo\n|-boost|p1a: Gholdengo|spa|0\n|move|p2a: Blissey|Seismic Toss|p1a: Gholdengo\n|-immune|p1a: Gholdengo\n|\n|upkeep\n|turn|49\n|\n|t:|1783803545\n|move|p1a: Gholdengo|Nasty Plot|p1a: Gholdengo\n|-boost|p1a: Gholdengo|spa|0\n|move|p2a: Blissey|Calm Mind|p2a: Blissey\n|-boost|p2a: Blissey|spa|0\n|-boost|p2a: Blissey|spd|0\n|\n|upkeep\n|turn|50\n|\n|t:|1783803550\n|move|p1a: Gholdengo|Nasty Plot|p1a: Gholdengo\n|-boost|p1a: Gholdengo|spa|0\n|move|p2a: Blissey|Seismic Toss|p1a: Gholdengo\n|-immune|p1a: Gholdengo\n|\n|upkeep\n|turn|51\n|\n|t:|1783803560\n|move|p1a: Gholdengo|Nasty Plot|p1a: Gholdengo\n|-boost|p1a: Gholdengo|spa|0\n|move|p2a: Blissey|Calm Mind|p2a: Blissey\n|-boost|p2a: Blissey|spa|0\n|-boost|p2a: Blissey|spd|0\n|\n|upkeep\n|turn|52\n|\n|t:|1783803564\n|move|p1a: Gholdengo|Nasty Plot|p1a: Gholdengo\n|-boost|p1a: Gholdengo|spa|0\n|move|p2a: Blissey|Stealth Rock||[still]\n|-fail|p2a: Blissey\n|\n|upkeep\n|turn|53\n|\n|t:|1783803570\n|move|p1a: Gholdengo|Nasty Plot|p1a: Gholdengo\n|-boost|p1a: Gholdengo|spa|0\n|move|p2a: Blissey|Stealth Rock||[still]\n|-fail|p2a: Blissey\n|\n|upkeep\n|turn|54\n|\n|t:|1783803579\n|switch|p1a: Great Tusk|Great Tusk|100/100\n|move|p2a: Blissey|Stealth Rock||[still]\n|-fail|p2a: Blissey\n|\n|upkeep\n|turn|55\n|inactive|reezobi has 120 seconds left.\n|\n|t:|1783803627\n|switch|p2a: Corviknight|Corviknight, M|100/100\n|-ability|p2a: Corviknight|Pressure\n|move|p1a: Great Tusk|Rapid Spin|p2a: Corviknight\n|-resisted|p2a: Corviknight\n|-damage|p2a: Corviknight|95/100\n|-boost|p1a: Great Tusk|spe|1\n|-sideend|p1: reezobi|Stealth Rock|[from] move: Rapid Spin|[of] p1a: Great Tusk\n|\n|-heal|p2a: Corviknight|100/100|[from] item: Leftovers\n|upkeep\n|turn|56\n|\n|t:|1783803635\n|-end|p1a: Great Tusk|Protosynthesis|[silent]\n|switch|p1a: Gholdengo|Gholdengo|100/100\n|-item|p1a: Gholdengo|Air Balloon\n|switch|p2a: Gliscor|Gliscor, F|100/100 tox\n|\n|upkeep\n|turn|57\n|inactive|reezobi has 120 seconds left.\n|\n|t:|1783803663\n|move|p2a: Gliscor|Knock Off|p1a: Gholdengo\n|-supereffective|p1a: Gholdengo\n|-damage|p1a: Gholdengo|72/100\n|-enditem|p1a: Gholdengo|Air Balloon\n|move|p1a: Gholdengo|Shadow Ball|p2a: Gliscor\n|-damage|p2a: Gliscor|70/100 tox\n|\n|-heal|p2a: Gliscor|83/100 tox|[from] ability: Poison Heal\n|upkeep\n|turn|58\n|\n|t:|1783803671\n|switch|p1a: Dragonite|Dragonite, F|100/100\n|move|p2a: Gliscor|Earthquake|p1a: Dragonite\n|-immune|p1a: Dragonite\n|\n|-heal|p2a: Gliscor|95/100 tox|[from] ability: Poison Heal\n|upkeep\n|turn|59\n|\n|t:|1783803681\n|switch|p1a: Gholdengo|Gholdengo|72/100\n|switch|p2a: Dondozo|Dondozo, M|100/100\n|-damage|p2a: Dondozo|76/100|[from] Spikes\n|\n|upkeep\n|turn|60\n|inactive|Grimblez has 120 seconds left.\n|\n|t:|1783803720\n|switch|p1a: Ogerpon|Ogerpon-Wellspring, F|100/100\n|switch|p2a: Blissey|Blissey, F|100/100\n|-damage|p2a: Blissey|75/100|[from] Spikes\n|\n|-heal|p2a: Blissey|82/100|[from] item: Leftovers\n|upkeep\n|turn|61\n|inactive|Grimblez has 120 seconds left.\n|\n|t:|1783803737\n|switch|p2a: Weezing|Weezing-Galar, M|100/100\n|-ability|p2a: Weezing|Neutralizing Gas\n|move|p1a: Ogerpon|Knock Off|p2a: Weezing\n|-resisted|p2a: Weezing\n|-damage|p2a: Weezing|88/100\n|-enditem|p2a: Weezing|Heavy-Duty Boots|[from] move: Knock Off|[of] p1a: Ogerpon\n|\n|upkeep\n|turn|62\n|inactive|Grimblez has 120 seconds left.\n|\n|t:|1783803748\n|switch|p1a: Gholdengo|Gholdengo|72/100\n|move|p2a: Weezing|Defog|p1a: Gholdengo\n|-unboost|p1a: Gholdengo|evasion|1\n|-sideend|p2: Grimblez|Spikes|[from] move: Defog|[of] p2a: Weezing\n|\n|upkeep\n|turn|63\n|\n|t:|1783803754\n|-end|p2a: Weezing|ability: Neutralizing Gas\n|switch|p2a: Blissey|Blissey, F|82/100\n|move|p1a: Gholdengo|Recover|p1a: Gholdengo\n|-heal|p1a: Gholdengo|100/100\n|\n|-heal|p2a: Blissey|88/100|[from] item: Leftovers\n|upkeep\n|turn|64\n|\n|t:|1783803768\n|switch|p1a: Great Tusk|Great Tusk|100/100\n|move|p2a: Blissey|Stealth Rock|p1a: Great Tusk\n|-sidestart|p1: reezobi|move: Stealth Rock\n|\n|-heal|p2a: Blissey|94/100|[from] item: Leftovers\n|upkeep\n|turn|65\n|\n|t:|1783803776\n|switch|p2a: Dondozo|Dondozo, M|76/100\n|move|p1a: Great Tusk|Rapid Spin|p2a: Dondozo\n|-damage|p2a: Dondozo|68/100\n|-boost|p1a: Great Tusk|spe|1\n|-sideend|p1: reezobi|Stealth Rock|[from] move: Rapid Spin|[of] p1a: Great Tusk\n|\n|upkeep\n|turn|66\n|\n|t:|1783803786\n|-end|p1a: Great Tusk|Protosynthesis|[silent]\n|switch|p1a: Ogerpon|Ogerpon-Wellspring, F|100/100\n|move|p2a: Dondozo|Waterfall|p1a: Ogerpon\n|-immune|p1a: Ogerpon|[from] ability: Water Absorb\n|\n|upkeep\n|turn|67\n|inactive|reezobi has 120 seconds left.\n|\n|t:|1783803797\n|switch|p2a: Toxapex|Toxapex, F|100/100\n|move|p1a: Ogerpon|Spikes|p2a: Toxapex\n|-sidestart|p2: Grimblez|Spikes\n|\n|upkeep\n|turn|68\n|\n|t:|1783803805\n|switch|p1a: Gholdengo|Gholdengo|100/100\n|move|p2a: Toxapex|Toxic|p1a: Gholdengo\n|-immune|p1a: Gholdengo|[from] ability: Good as Gold\n|\n|upkeep\n|turn|69\n|\n|t:|1783803816\n|switch|p2a: Blissey|Blissey, F|94/100\n|-damage|p2a: Blissey|82/100|[from] Spikes\n|move|p1a: Gholdengo|Nasty Plot|p1a: Gholdengo\n|-boost|p1a: Gholdengo|spa|2\n|\n|-heal|p2a: Blissey|88/100|[from] item: Leftovers\n|upkeep\n|turn|70\n|\n|t:|1783803822\n|move|p1a: Gholdengo|Make It Rain|p2a: Blissey\n|-damage|p2a: Blissey|57/100\n|-unboost|p1a: Gholdengo|spa|1\n|move|p2a: Blissey|Seismic Toss|p1a: Gholdengo\n|-immune|p1a: Gholdengo\n|\n|-heal|p2a: Blissey|63/100|[from] item: Leftovers\n|upkeep\n|turn|71\n|\n|t:|1783803832\n|move|p1a: Gholdengo|Nasty Plot|p1a: Gholdengo\n|-boost|p1a: Gholdengo|spa|2\n|move|p2a: Blissey|Soft-Boiled|p2a: Blissey\n|-heal|p2a: Blissey|100/100\n|\n|upkeep\n|turn|72\n|\n|t:|1783803839\n|move|p1a: Gholdengo|Make It Rain|p2a: Blissey\n|-damage|p2a: Blissey|57/100\n|-unboost|p1a: Gholdengo|spa|1\n|move|p2a: Blissey|Stealth Rock|p1a: Gholdengo\n|-sidestart|p1: reezobi|move: Stealth Rock\n|\n|-heal|p2a: Blissey|63/100|[from] item: Leftovers\n|upkeep\n|turn|73\n|\n|t:|1783803849\n|move|p1a: Gholdengo|Nasty Plot|p1a: Gholdengo\n|-boost|p1a: Gholdengo|spa|2\n|move|p2a: Blissey|Calm Mind|p2a: Blissey\n|-boost|p2a: Blissey|spa|1\n|-boost|p2a: Blissey|spd|1\n|\n|-heal|p2a: Blissey|69/100|[from] item: Leftovers\n|upkeep\n|turn|74\n|\n|t:|1783803853\n|move|p1a: Gholdengo|Make It Rain|p2a: Blissey\n|-damage|p2a: Blissey|38/100\n|-unboost|p1a: Gholdengo|spa|1\n|move|p2a: Blissey|Calm Mind|p2a: Blissey\n|-boost|p2a: Blissey|spa|1\n|-boost|p2a: Blissey|spd|1\n|\n|-heal|p2a: Blissey|45/100|[from] item: Leftovers\n|upkeep\n|turn|75\n|\n|t:|1783803859\n|move|p1a: Gholdengo|Make It Rain|p2a: Blissey\n|-damage|p2a: Blissey|26/100\n|-unboost|p1a: Gholdengo|spa|1\n|move|p2a: Blissey|Soft-Boiled|p2a: Blissey\n|-heal|p2a: Blissey|76/100\n|\n|-heal|p2a: Blissey|82/100|[from] item: Leftovers\n|upkeep\n|turn|76\n|\n|t:|1783803873\n|switch|p1a: Great Tusk|Great Tusk|100/100\n|move|p2a: Blissey|Seismic Toss|p1a: Great Tusk\n|-damage|p1a: Great Tusk|74/100\n|\n|-heal|p2a: Blissey|88/100|[from] item: Leftovers\n|upkeep\n|turn|77\n|\n|t:|1783803885\n|switch|p2a: Dondozo|Dondozo, M|68/100\n|-damage|p2a: Dondozo|56/100|[from] Spikes\n|move|p1a: Great Tusk|Rapid Spin|p2a: Dondozo\n|-damage|p2a: Dondozo|47/100\n|-boost|p1a: Great Tusk|spe|1\n|-sideend|p1: reezobi|Stealth Rock|[from] move: Rapid Spin|[of] p1a: Great Tusk\n|\n|upkeep\n|turn|78\n|\n|t:|1783803894\n|move|p1a: Great Tusk|Stealth Rock|p2a: Dondozo\n|-sidestart|p2: Grimblez|move: Stealth Rock\n|move|p2a: Dondozo|Rest|p2a: Dondozo\n|-status|p2a: Dondozo|slp|[from] move: Rest\n|-heal|p2a: Dondozo|100/100 slp|[silent]\n|\n|upkeep\n|turn|79\n|\n|t:|1783803906\n|-end|p1a: Great Tusk|Protosynthesis|[silent]\n|switch|p1a: Ogerpon|Ogerpon-Wellspring, F|100/100\n|cant|p2a: Dondozo|slp\n|move|p2a: Dondozo|Sleep Talk|p2a: Dondozo\n|move|p2a: Dondozo|Rest||[from] move: Sleep Talk|[still]\n|-fail|p2a: Dondozo\n|\n|upkeep\n|turn|80\n|\n|t:|1783803919\n|switch|p1a: Ting-Lu|Ting-Lu|100/100\n|-ability|p1a: Ting-Lu|Vessel of Ruin\n|switch|p2a: Corviknight|Corviknight, M|100/100\n|-damage|p2a: Corviknight|88/100|[from] Stealth Rock\n|-ability|p2a: Corviknight|Pressure\n|\n|-heal|p2a: Corviknight|94/100|[from] item: Leftovers\n|upkeep\n|turn|81\n|\n|t:|1783803926\n|switch|p2a: Gliscor|Gliscor, F|95/100 tox\n|-damage|p2a: Gliscor|83/100 tox|[from] Stealth Rock\n|switch|p1a: Gholdengo|Gholdengo|100/100\n|\n|-heal|p2a: Gliscor|95/100 tox|[from] ability: Poison Heal\n|upkeep\n|turn|82\n|\n|t:|1783803942\n|move|p2a: Gliscor|Knock Off|p1a: Gholdengo\n|-supereffective|p1a: Gholdengo\n|-damage|p1a: Gholdengo|79/100\n|move|p1a: Gholdengo|Shadow Ball|p2a: Gliscor\n|-damage|p2a: Gliscor|68/100 tox\n|\n|-heal|p2a: Gliscor|80/100 tox|[from] ability: Poison Heal\n|upkeep\n|turn|83\n|\n|t:|1783803952\n|switch|p1a: Dragonite|Dragonite, F|100/100\n|move|p2a: Gliscor|Protect||[still]\n|-fail|p2a: Gliscor\n|\n|-heal|p2a: Gliscor|93/100 tox|[from] ability: Poison Heal\n|upkeep\n|turn|84\n|\n|t:|1783803959\n|switch|p1a: Gholdengo|Gholdengo|79/100\n|switch|p2a: Dondozo|Dondozo, M|100/100 slp\n|-damage|p2a: Dondozo|88/100 slp|[from] Spikes\n|-damage|p2a: Dondozo|76/100 slp|[from] Stealth Rock\n|\n|upkeep\n|turn|85\n|\n|t:|1783803971\n|switch|p1a: Ting-Lu|Ting-Lu|100/100\n|-ability|p1a: Ting-Lu|Vessel of Ruin\n|switch|p2a: Gliscor|Gliscor, F|93/100 tox\n|-damage|p2a: Gliscor|80/100 tox|[from] Stealth Rock\n|\n|-heal|p2a: Gliscor|93/100 tox|[from] ability: Poison Heal\n|upkeep\n|turn|86\n|\n|t:|1783803981\n|switch|p1a: Gholdengo|Gholdengo|79/100\n|move|p2a: Gliscor|Knock Off|p1a: Gholdengo\n|-supereffective|p1a: Gholdengo\n|-damage|p1a: Gholdengo|60/100\n|\n|-heal|p2a: Gliscor|100/100 tox|[from] ability: Poison Heal\n|upkeep\n|turn|87\n|\n|t:|1783803989\n|move|p2a: Gliscor|Knock Off|p1a: Gholdengo\n|-supereffective|p1a: Gholdengo\n|-damage|p1a: Gholdengo|40/100\n|move|p1a: Gholdengo|Recover|p1a: Gholdengo\n|-heal|p1a: Gholdengo|90/100\n|\n|upkeep\n|turn|88\n|\n|t:|1783803993\n|switch|p1a: Dragonite|Dragonite, F|100/100\n|move|p2a: Gliscor|Earthquake|p1a: Dragonite\n|-immune|p1a: Dragonite\n|\n|upkeep\n|turn|89\n|\n|t:|1783804004\n|move|p2a: Gliscor|Protect|p2a: Gliscor\n|-singleturn|p2a: Gliscor|Protect\n|move|p1a: Dragonite|Ice Spinner|p2a: Gliscor\n|-activate|p2a: Gliscor|move: Protect\n|\n|upkeep\n|turn|90\n|\n|t:|1783804017\n|switch|p1a: Ting-Lu|Ting-Lu|100/100\n|-ability|p1a: Ting-Lu|Vessel of Ruin\n|switch|p2a: Weezing|Weezing-Galar, M|88/100\n|-ability|p2a: Weezing|Neutralizing Gas\n|-damage|p2a: Weezing|75/100|[from] Spikes\n|-damage|p2a: Weezing|63/100|[from] Stealth Rock\n|\n|upkeep\n|turn|91\n|\n|t:|1783804031\n|move|p2a: Weezing|Defog|p1a: Ting-Lu\n|-unboost|p1a: Ting-Lu|evasion|1\n|-sideend|p2: Grimblez|Spikes|[from] move: Defog|[of] p2a: Weezing\n|-sideend|p2: Grimblez|Stealth Rock|[from] move: Defog|[of] p2a: Weezing\n|move|p1a: Ting-Lu|Earthquake|p2a: Weezing\n|-supereffective|p2a: Weezing\n|-damage|p2a: Weezing|16/100\n|\n|upkeep\n|turn|92\n|\n|t:|1783804044\n|move|p2a: Weezing|Pain Split|p1a: Ting-Lu\n|-sethp|p1a: Ting-Lu|56/100|[from] move: Pain Split|[silent]\n|-sethp|p2a: Weezing|85/100|[from] move: Pain Split\n|move|p1a: Ting-Lu|Ruination|p2a: Weezing\n|-damage|p2a: Weezing|43/100\n|\n|-heal|p1a: Ting-Lu|62/100|[from] item: Leftovers\n|upkeep\n|turn|93\n|\n|t:|1783804050\n|switch|p1a: Gholdengo|Gholdengo|90/100\n|move|p2a: Weezing|Pain Split|p1a: Gholdengo\n|-sethp|p1a: Gholdengo|64/100|[from] move: Pain Split|[silent]\n|-sethp|p2a: Weezing|72/100|[from] move: Pain Split\n|\n|upkeep\n|turn|94\n|\n|t:|1783804059\n|-end|p2a: Weezing|ability: Neutralizing Gas\n|switch|p2a: Blissey|Blissey, F|88/100\n|move|p1a: Gholdengo|Recover|p1a: Gholdengo\n|-heal|p1a: Gholdengo|100/100\n|\n|-heal|p2a: Blissey|94/100|[from] item: Leftovers\n|upkeep\n|turn|95\n|\n|t:|1783804082\n|switch|p1a: Great Tusk|Great Tusk|74/100\n|move|p2a: Blissey|Seismic Toss|p1a: Great Tusk\n|-damage|p1a: Great Tusk|47/100\n|\n|-heal|p2a: Blissey|100/100|[from] item: Leftovers\n|upkeep\n|turn|96\n|\n|t:|1783804101\n|switch|p2a: Dondozo|Dondozo, M|76/100 slp\n|move|p1a: Great Tusk|Stealth Rock|p2a: Dondozo\n|-sidestart|p2: Grimblez|move: Stealth Rock\n|\n|upkeep\n|turn|97\n|\n|t:|1783804110\n|move|p1a: Great Tusk|Close Combat|p2a: Dondozo\n|-damage|p2a: Dondozo|47/100 slp\n|-unboost|p1a: Great Tusk|def|1\n|-unboost|p1a: Great Tusk|spd|1\n|cant|p2a: Dondozo|slp\n|move|p2a: Dondozo|Sleep Talk|p2a: Dondozo\n|move|p2a: Dondozo|Rest||[from] move: Sleep Talk|[still]\n|-fail|p2a: Dondozo\n|\n|upkeep\n|turn|98\n|\n|t:|1783804120\n|-end|p1a: Great Tusk|Protosynthesis|[silent]\n|switch|p1a: Ogerpon|Ogerpon-Wellspring, F|100/100\n|-curestatus|p2a: Dondozo|slp|[msg]\n|move|p2a: Dondozo|Waterfall|p1a: Ogerpon\n|-immune|p1a: Ogerpon|[from] ability: Water Absorb\n|\n|upkeep\n|turn|99\n|\n|t:|1783804129\n|switch|p1a: Ting-Lu|Ting-Lu|62/100\n|-ability|p1a: Ting-Lu|Vessel of Ruin\n|move|p2a: Dondozo|Rest|p2a: Dondozo\n|-status|p2a: Dondozo|slp|[from] move: Rest\n|-heal|p2a: Dondozo|100/100 slp|[silent]\n|\n|-heal|p1a: Ting-Lu|68/100|[from] item: Leftovers\n|upkeep\n|turn|100\n|\n|t:|1783804138\n|move|p1a: Ting-Lu|Ruination|p2a: Dondozo|[miss]\n|-miss|p1a: Ting-Lu|p2a: Dondozo\n|cant|p2a: Dondozo|slp\n|move|p2a: Dondozo|Sleep Talk|p2a: Dondozo\n|move|p2a: Dondozo|Waterfall|p1a: Ting-Lu|[from] move: Sleep Talk\n|-supereffective|p1a: Ting-Lu\n|-damage|p1a: Ting-Lu|40/100\n|\n|-heal|p1a: Ting-Lu|46/100|[from] item: Leftovers\n|upkeep\n|turn|101\n|\n|t:|1783804148\n|switch|p2a: Gliscor|Gliscor, F|100/100 tox\n|-damage|p2a: Gliscor|88/100 tox|[from] Stealth Rock\n|move|p1a: Ting-Lu|Ruination|p2a: Gliscor\n|-damage|p2a: Gliscor|44/100 tox\n|\n|-heal|p1a: Ting-Lu|52/100|[from] item: Leftovers\n|-heal|p2a: Gliscor|57/100 tox|[from] ability: Poison Heal\n|upkeep\n|turn|102\n|\n|t:|1783804161\n|move|p2a: Gliscor|Swords Dance|p2a: Gliscor\n|-boost|p2a: Gliscor|atk|2\n|move|p1a: Ting-Lu|Ruination|p2a: Gliscor\n|-damage|p2a: Gliscor|29/100 tox\n|\n|-heal|p1a: Ting-Lu|58/100|[from] item: Leftovers\n|-heal|p2a: Gliscor|41/100 tox|[from] ability: Poison Heal\n|upkeep\n|turn|103\n|inactive|reezobi has 120 seconds left.\n|\n|t:|1783804202\n|move|p2a: Gliscor|Knock Off|p1a: Ting-Lu\n|-resisted|p1a: Ting-Lu\n|-damage|p1a: Ting-Lu|47/100\n|-enditem|p1a: Ting-Lu|Leftovers|[from] move: Knock Off|[of] p2a: Gliscor\n|move|p1a: Ting-Lu|Ruination|p2a: Gliscor\n|-damage|p2a: Gliscor|21/100 tox\n|\n|-heal|p2a: Gliscor|33/100 tox|[from] ability: Poison Heal\n|upkeep\n|turn|104\n|\n|t:|1783804218\n|switch|p1a: Dragonite|Dragonite, F|100/100\n|move|p2a: Gliscor|Earthquake|p1a: Dragonite\n|-immune|p1a: Dragonite\n|\n|-heal|p2a: Gliscor|46/100 tox|[from] ability: Poison Heal\n|upkeep\n|turn|105\n|inactive|reezobi has 90 seconds left.\n|\n|t:|1783804235\n|switch|p1a: Ogerpon|Ogerpon-Wellspring, F|100/100\n|move|p2a: Gliscor|Protect||[still]\n|-fail|p2a: Gliscor\n|\n|-heal|p2a: Gliscor|58/100 tox|[from] ability: Poison Heal\n|upkeep\n|turn|106\n|\n|t:|1783804250\n|move|p2a: Gliscor|Protect|p2a: Gliscor\n|-singleturn|p2a: Gliscor|Protect\n|move|p1a: Ogerpon|Spikes|p2a: Gliscor\n|-sidestart|p2: Grimblez|Spikes\n|\n|-heal|p2a: Gliscor|71/100 tox|[from] ability: Poison Heal\n|upkeep\n|turn|107\n|\n|t:|1783804255\n|-terastallize|p2a: Gliscor|Dark\n|move|p1a: Ogerpon|Ivy Cudgel|p2a: Gliscor|[anim] Ivy Cudgel Water\n|-damage|p2a: Gliscor|22/100 tox\n|move|p2a: Gliscor|Knock Off|p1a: Ogerpon\n|-damage|p1a: Ogerpon|47/100\n|\n|-heal|p2a: Gliscor|35/100 tox|[from] ability: Poison Heal\n|upkeep\n|turn|108\n|\n|t:|1783804264\n|move|p2a: Gliscor|Protect|p2a: Gliscor\n|-singleturn|p2a: Gliscor|Protect\n|move|p1a: Ogerpon|Spikes|p2a: Gliscor\n|-sidestart|p2: Grimblez|Spikes\n|\n|-heal|p2a: Gliscor|47/100 tox|[from] ability: Poison Heal\n|upkeep\n|turn|109\n|\n|t:|1783804271\n|move|p1a: Ogerpon|Ivy Cudgel|p2a: Gliscor|[anim] Ivy Cudgel Water\n|-crit|p2a: Gliscor\n|-damage|p2a: Gliscor|0 fnt\n|faint|p2a: Gliscor\n|\n|upkeep\n|\n|t:|1783804277\n|switch|p2a: Corviknight|Corviknight, M|94/100\n|-damage|p2a: Corviknight|82/100|[from] Stealth Rock\n|-ability|p2a: Corviknight|Pressure\n|turn|110\n|\n|t:|1783804282\n|switch|p1a: Gholdengo|Gholdengo|100/100\n|move|p2a: Corviknight|Defog|p1a: Gholdengo\n|-immune|p1a: Gholdengo|[from] ability: Good as Gold\n|\n|-heal|p2a: Corviknight|88/100|[from] item: Leftovers\n|upkeep\n|turn|111\n|\n|t:|1783804291\n|move|p1a: Gholdengo|Nasty Plot|p1a: Gholdengo\n|-boost|p1a: Gholdengo|spa|2\n|move|p2a: Corviknight|Body Press|p1a: Gholdengo\n|-immune|p1a: Gholdengo\n|\n|-heal|p2a: Corviknight|94/100|[from] item: Leftovers\n|upkeep\n|turn|112\n|\n|t:|1783804302\n|switch|p2a: Blissey|Blissey, F|100/100\n|-damage|p2a: Blissey|88/100|[from] Stealth Rock\n|-damage|p2a: Blissey|71/100|[from] Spikes\n|move|p1a: Gholdengo|Make It Rain|p2a: Blissey\n|-crit|p2a: Blissey\n|-damage|p2a: Blissey|25/100\n|-unboost|p1a: Gholdengo|spa|1\n|\n|-heal|p2a: Blissey|32/100|[from] item: Leftovers\n|upkeep\n|turn|113\n|inactive|reezobi has 90 seconds left.\n|\n|t:|1783804312\n|move|p1a: Gholdengo|Make It Rain|p2a: Blissey\n|-damage|p2a: Blissey|9/100\n|-unboost|p1a: Gholdengo|spa|1\n|move|p2a: Blissey|Soft-Boiled|p2a: Blissey\n|-heal|p2a: Blissey|59/100\n|\n|-heal|p2a: Blissey|66/100|[from] item: Leftovers\n|upkeep\n|turn|114\n|inactive|reezobi has 90 seconds left.\n|\n|t:|1783804325\n|move|p1a: Gholdengo|Nasty Plot|p1a: Gholdengo\n|-boost|p1a: Gholdengo|spa|2\n|move|p2a: Blissey|Seismic Toss|p1a: Gholdengo\n|-immune|p1a: Gholdengo\n|\n|-heal|p2a: Blissey|72/100|[from] item: Leftovers\n|upkeep\n|turn|115\n|\n|t:|1783804335\n|move|p1a: Gholdengo|Nasty Plot|p1a: Gholdengo\n|-boost|p1a: Gholdengo|spa|2\n|move|p2a: Blissey|Stealth Rock|p1a: Gholdengo\n|-sidestart|p1: reezobi|move: Stealth Rock\n|\n|-heal|p2a: Blissey|78/100|[from] item: Leftovers\n|upkeep\n|turn|116\n|\n|t:|1783804345\n|move|p1a: Gholdengo|Nasty Plot|p1a: Gholdengo\n|-boost|p1a: Gholdengo|spa|2\n|move|p2a: Blissey|Seismic Toss|p1a: Gholdengo\n|-immune|p1a: Gholdengo\n|\n|-heal|p2a: Blissey|84/100|[from] item: Leftovers\n|upkeep\n|turn|117\n|\n|t:|1783804355\n|switch|p1a: Great Tusk|Great Tusk|47/100\n|move|p2a: Blissey|Seismic Toss|p1a: Great Tusk\n|-damage|p1a: Great Tusk|20/100\n|\n|-heal|p2a: Blissey|91/100|[from] item: Leftovers\n|upkeep\n|turn|118\n|\n|t:|1783804365\n|switch|p2a: Corviknight|Corviknight, M|94/100\n|-damage|p2a: Corviknight|82/100|[from] Stealth Rock\n|-ability|p2a: Corviknight|Pressure\n|move|p1a: Great Tusk|Close Combat|p2a: Corviknight\n|-damage|p2a: Corviknight|39/100\n|-unboost|p1a: Great Tusk|def|1\n|-unboost|p1a: Great Tusk|spd|1\n|\n|-heal|p2a: Corviknight|45/100|[from] item: Leftovers\n|upkeep\n|turn|119\n|\n|t:|1783804376\n|-terastallize|p1a: Great Tusk|Fighting\n|move|p1a: Great Tusk|Close Combat|p2a: Corviknight\n|-damage|p2a: Corviknight|0 fnt\n|-unboost|p1a: Great Tusk|def|1\n|-unboost|p1a: Great Tusk|spd|1\n|faint|p2a: Corviknight\n|\n|upkeep\n|\n|t:|1783804384\n|switch|p2a: Dondozo|Dondozo, M|100/100 slp\n|-damage|p2a: Dondozo|88/100 slp|[from] Stealth Rock\n|-damage|p2a: Dondozo|72/100 slp|[from] Spikes\n|turn|120\n|\n|t:|1783804388\n|move|p1a: Great Tusk|Rapid Spin|p2a: Dondozo\n|-damage|p2a: Dondozo|63/100 slp\n|-boost|p1a: Great Tusk|spe|1\n|-sideend|p1: reezobi|Stealth Rock|[from] move: Rapid Spin|[of] p1a: Great Tusk\n|cant|p2a: Dondozo|slp\n|move|p2a: Dondozo|Sleep Talk|p2a: Dondozo\n|move|p2a: Dondozo|Rest||[from] move: Sleep Talk|[still]\n|-fail|p2a: Dondozo\n|\n|upkeep\n|turn|121\n|\n|t:|1783804391\n|-end|p1a: Great Tusk|Protosynthesis|[silent]\n|switch|p1a: Ogerpon|Ogerpon-Wellspring, F|47/100\n|-curestatus|p2a: Dondozo|slp|[msg]\n|move|p2a: Dondozo|Waterfall|p1a: Ogerpon\n|-heal|p1a: Ogerpon|72/100|[from] ability: Water Absorb|[of] p2a: Dondozo\n|\n|upkeep\n|turn|122\n|inactive|reezobi has 90 seconds left.\n|\n|t:|1783804412\n|move|p1a: Ogerpon|Knock Off|p2a: Dondozo\n|-damage|p2a: Dondozo|52/100\n|move|p2a: Dondozo|Curse|p2a: Dondozo\n|-unboost|p2a: Dondozo|spe|1\n|-boost|p2a: Dondozo|atk|1\n|-boost|p2a: Dondozo|def|1\n|\n|upkeep\n|turn|123\n|\n|t:|1783804416\n|move|p1a: Ogerpon|Spikes|p2a: Dondozo\n|-sidestart|p2: Grimblez|Spikes\n|move|p2a: Dondozo|Curse|p2a: Dondozo\n|-unboost|p2a: Dondozo|spe|1\n|-boost|p2a: Dondozo|atk|1\n|-boost|p2a: Dondozo|def|1\n|\n|upkeep\n|turn|124\n|\n|t:|1783804425\n|move|p1a: Ogerpon|Knock Off|p2a: Dondozo\n|-damage|p2a: Dondozo|47/100\n|move|p2a: Dondozo|Curse|p2a: Dondozo\n|-unboost|p2a: Dondozo|spe|1\n|-boost|p2a: Dondozo|atk|1\n|-boost|p2a: Dondozo|def|1\n|\n|upkeep\n|turn|125\n|\n|t:|1783804430\n|move|p1a: Ogerpon|Knock Off|p2a: Dondozo\n|-damage|p2a: Dondozo|42/100\n|move|p2a: Dondozo|Curse|p2a: Dondozo\n|-unboost|p2a: Dondozo|spe|1\n|-boost|p2a: Dondozo|atk|1\n|-boost|p2a: Dondozo|def|1\n|\n|upkeep\n|turn|126\n|\n|t:|1783804434\n|move|p1a: Ogerpon|Knock Off|p2a: Dondozo\n|-damage|p2a: Dondozo|39/100\n|move|p2a: Dondozo|Sleep Talk||[still]\n|-fail|p2a: Dondozo\n|\n|upkeep\n|turn|127\n|inactive|reezobi has 90 seconds left.\n|\n|t:|1783804440\n|move|p1a: Ogerpon|Knock Off|p2a: Dondozo\n|-damage|p2a: Dondozo|35/100\n|move|p2a: Dondozo|Rest|p2a: Dondozo\n|-status|p2a: Dondozo|slp|[from] move: Rest\n|-heal|p2a: Dondozo|100/100 slp|[silent]\n|\n|upkeep\n|turn|128\n|inactive|reezobi has 90 seconds left.\n|\n|t:|1783804456\n|switch|p1a: Ting-Lu|Ting-Lu|47/100\n|-ability|p1a: Ting-Lu|Vessel of Ruin\n|cant|p2a: Dondozo|slp\n|move|p2a: Dondozo|Sleep Talk|p2a: Dondozo\n|move|p2a: Dondozo|Rest||[from] move: Sleep Talk|[still]\n|-fail|p2a: Dondozo\n|\n|upkeep\n|turn|129\n|\n|t:|1783804470\n|switch|p1a: Ogerpon|Ogerpon-Wellspring, F|72/100\n|switch|p2a: Weezing|Weezing-Galar, M|72/100\n|-ability|p2a: Weezing|Neutralizing Gas\n|-damage|p2a: Weezing|60/100|[from] Stealth Rock\n|-damage|p2a: Weezing|35/100|[from] Spikes\n|\n|upkeep\n|turn|130\n|\n|t:|1783804477\n|-end|p2a: Weezing|ability: Neutralizing Gas\n|switch|p2a: Toxapex|Toxapex, F|100/100\n|-damage|p2a: Toxapex|88/100|[from] Stealth Rock\n|-damage|p2a: Toxapex|64/100|[from] Spikes\n|move|p1a: Ogerpon|Ivy Cudgel|p2a: Toxapex|[anim] Ivy Cudgel Water\n|-resisted|p2a: Toxapex\n|-damage|p2a: Toxapex|45/100\n|\n|upkeep\n|turn|131\n|\n|t:|1783804489\n|switch|p1a: Gholdengo|Gholdengo|100/100\n|move|p2a: Toxapex|Recover|p2a: Toxapex\n|-heal|p2a: Toxapex|96/100\n|\n|upkeep\n|turn|132\n|\n|t:|1783804499\n|move|p1a: Gholdengo|Nasty Plot|p1a: Gholdengo\n|-boost|p1a: Gholdengo|spa|2\n|move|p2a: Toxapex|Haze|p2a: Toxapex\n|-clearallboost\n|\n|upkeep\n|turn|133\n|\n|t:|1783804503\n|move|p1a: Gholdengo|Shadow Ball|p2a: Toxapex\n|-damage|p2a: Toxapex|67/100\n|move|p2a: Toxapex|Haze|p2a: Toxapex\n|-clearallboost\n|\n|upkeep\n|turn|134\n|\n|t:|1783804507\n|move|p1a: Gholdengo|Shadow Ball|p2a: Toxapex\n|-damage|p2a: Toxapex|40/100\n|move|p2a: Toxapex|Haze|p2a: Toxapex\n|-clearallboost\n|\n|upkeep\n|turn|135\n|\n|t:|1783804518\n|move|p1a: Gholdengo|Shadow Ball|p2a: Toxapex\n|-damage|p2a: Toxapex|13/100\n|move|p2a: Toxapex|Recover|p2a: Toxapex\n|-heal|p2a: Toxapex|63/100\n|\n|upkeep\n|turn|136\n|\n|t:|1783804525\n|move|p1a: Gholdengo|Shadow Ball|p2a: Toxapex\n|-damage|p2a: Toxapex|35/100\n|move|p2a: Toxapex|Recover|p2a: Toxapex\n|-heal|p2a: Toxapex|85/100\n|\n|upkeep\n|turn|137\n|\n|t:|1783804532\n|switch|p2a: Blissey|Blissey, F|91/100\n|-damage|p2a: Blissey|78/100|[from] Stealth Rock\n|-damage|p2a: Blissey|53/100|[from] Spikes\n|move|p1a: Gholdengo|Shadow Ball|p2a: Blissey\n|-immune|p2a: Blissey\n|\n|-heal|p2a: Blissey|59/100|[from] item: Leftovers\n|upkeep\n|turn|138\n|\n|t:|1783804539\n|switch|p1a: Great Tusk|Great Tusk, tera:Fighting|20/100\n|move|p2a: Blissey|Seismic Toss|p1a: Great Tusk\n|-damage|p1a: Great Tusk|0 fnt\n|faint|p1a: Great Tusk\n|-end|p1a: Great Tusk|Protosynthesis|[silent]\n|\n|-heal|p2a: Blissey|66/100|[from] item: Leftovers\n|upkeep\n|inactive|reezobi has 60 seconds left.\n|\n|t:|1783804557\n|switch|p1a: Dragonite|Dragonite, F|100/100\n|turn|139\n|inactive|reezobi has 60 seconds left.\n|\n|t:|1783804567\n|switch|p2a: Toxapex|Toxapex, F|100/100\n|-damage|p2a: Toxapex|88/100|[from] Stealth Rock\n|-damage|p2a: Toxapex|64/100|[from] Spikes\n|move|p1a: Dragonite|Earthquake|p2a: Toxapex\n|-supereffective|p2a: Toxapex\n|-damage|p2a: Toxapex|11/100\n|\n|upkeep\n|turn|140\n|inactive|reezobi has 60 seconds left.\n|\n|t:|1783804575\n|switch|p2a: Dondozo|Dondozo, M|100/100 slp\n|-damage|p2a: Dondozo|88/100 slp|[from] Stealth Rock\n|-damage|p2a: Dondozo|63/100 slp|[from] Spikes\n|move|p1a: Dragonite|Earthquake|p2a: Dondozo\n|-damage|p2a: Dondozo|46/100 slp\n|\n|upkeep\n|turn|141\n|inactive|reezobi has 60 seconds left.\n|\n|t:|1783804585\n|switch|p1a: Ogerpon|Ogerpon-Wellspring, F|72/100\n|cant|p2a: Dondozo|slp\n|move|p2a: Dondozo|Sleep Talk|p2a: Dondozo\n|move|p2a: Dondozo|Rest||[from] move: Sleep Talk|[still]\n|-fail|p2a: Dondozo\n|\n|upkeep\n|turn|142\n|\n|t:|1783804598\n|switch|p1a: Dragonite|Dragonite, F|100/100\n|-curestatus|p2a: Dondozo|slp|[msg]\n|move|p2a: Dondozo|Curse|p2a: Dondozo\n|-unboost|p2a: Dondozo|spe|1\n|-boost|p2a: Dondozo|atk|1\n|-boost|p2a: Dondozo|def|1\n|\n|upkeep\n|turn|143\n|\n|t:|1783804610\n|switch|p1a: Ogerpon|Ogerpon-Wellspring, F|72/100\n|move|p2a: Dondozo|Waterfall|p1a: Ogerpon\n|-heal|p1a: Ogerpon|97/100|[from] ability: Water Absorb|[of] p2a: Dondozo\n|\n|upkeep\n|turn|144\n|\n|t:|1783804616\n|move|p1a: Ogerpon|Knock Off|p2a: Dondozo\n|-damage|p2a: Dondozo|38/100\n|move|p2a: Dondozo|Curse|p2a: Dondozo\n|-unboost|p2a: Dondozo|spe|1\n|-boost|p2a: Dondozo|atk|1\n|-boost|p2a: Dondozo|def|1\n|\n|upkeep\n|turn|145\n|\n|t:|1783804621\n|switch|p2a: Weezing|Weezing-Galar, M|35/100\n|-ability|p2a: Weezing|Neutralizing Gas\n|-damage|p2a: Weezing|23/100|[from] Stealth Rock\n|-damage|p2a: Weezing|0 fnt|[from] Spikes\n|faint|p2a: Weezing\n|-end|p2a: Weezing|ability: Neutralizing Gas\n|move|p1a: Ogerpon|Knock Off|p2: Weezing|[notarget]\n|-fail|p1a: Ogerpon\n|\n|upkeep\n|\n|t:|1783804624\n|switch|p2a: Toxapex|Toxapex, F|45/100\n|-damage|p2a: Toxapex|33/100|[from] Stealth Rock\n|-damage|p2a: Toxapex|8/100|[from] Spikes\n|turn|146\n|\n|t:|1783804627\n|move|p1a: Ogerpon|Ivy Cudgel|p2a: Toxapex|[anim] Ivy Cudgel Water\n|-resisted|p2a: Toxapex\n|-damage|p2a: Toxapex|0 fnt\n|faint|p2a: Toxapex\n|\n|upkeep\n|\n|t:|1783804630\n|switch|p2a: Dondozo|Dondozo, M|38/100\n|-damage|p2a: Dondozo|26/100|[from] Stealth Rock\n|-damage|p2a: Dondozo|1/100|[from] Spikes\n|turn|147\n|\n|t:|1783804635\n|move|p1a: Ogerpon|Ivy Cudgel|p2a: Dondozo|[anim] Ivy Cudgel Water\n|-resisted|p2a: Dondozo\n|-damage|p2a: Dondozo|0 fnt\n|faint|p2a: Dondozo\n|\n|upkeep\n|-message|Grimblez forfeited.\n|\n|win|reezobi\n|raw|reezobi's rating: 1437 &rarr; <strong>1454</strong><br />(+17 for winning)\n|raw|Grimblez's rating: 1380 &rarr; <strong>1363</strong><br />(-17 for losing)\n|l|☆Grimblez\n|player|p2|\n", "uploadtime": 1783804650, "views": 25, "formatid": "gen9ou", "rating": 1363, "private": 0, "password": null}