{"id": "gen9ou-2639189270", "format": "[Gen 9] OU", "players": ["Power Panpour", "thepeakmons"], "log": "|j|☆Power Panpour\n|j|☆thepeakmons\n|t:|1782431509\n|gametype|singles\n|player|p1|Power Panpour|pokemonranger|1152\n|player|p2|thepeakmons|101|1179\n|gen|9\n|tier|[Gen 9] OU\n|rated|\n|rule|HP Percentage Mod: HP is shown in percentages\n|rule|Endless Battle Clause: Forcing endless battles is banned\n|rule|Species Clause: Limit one of each Pokémon\n|rule|OHKO Clause: OHKO moves are banned\n|rule|Evasion Items Clause: Evasion items are banned\n|rule|Evasion Moves Clause: Evasion moves are banned\n|rule|Evasion Abilities Clause: Evasion abilities are banned\n|rule|Sleep Moves Clause: Sleep-inducing moves are banned\n|clearpoke\n|poke|p1|Alomomola, M|\n|poke|p1|Landorus-Therian, M|\n|poke|p1|Cinderace, F|\n|poke|p1|Slowking-Galar, F|\n|poke|p1|Regice|\n|poke|p1|Iron Valiant|\n|poke|p2|Dondozo, F|\n|poke|p2|Clodsire, M|\n|poke|p2|Corviknight, F|\n|poke|p2|Slowking-Galar, M|\n|poke|p2|Gholdengo|\n|poke|p2|Garganacl, M|\n|teampreview\n|inactive|Battle timer is ON: inactive players will automatically lose when time's up. (requested by Power Panpour)\n|inactive|thepeakmons also wants the timer to be on.\n|\n|t:|1782431524\n|teamsize|p1|6\n|teamsize|p2|6\n|start\n|switch|p1a: Bri'ish?|Cinderace, F|100/100\n|switch|p2a: Clodsire|Clodsire, M|100/100\n|turn|1\n|inactive|thepeakmons has 120 seconds left.\n|\n|t:|1782431560\n|move|p1a: Bri'ish?|Pyro Ball|p2a: Clodsire\n|-damage|p2a: Clodsire|37/100\n|move|p2a: Clodsire|Stealth Rock|p1a: Bri'ish?\n|-sidestart|p1: Power Panpour|move: Stealth Rock\n|\n|upkeep\n|turn|2\n|inactive|thepeakmons has 120 seconds left.\n|\n|t:|1782431571\n|switch|p2a: Dondozo|Dondozo, F|100/100\n|move|p1a: Bri'ish?|Pyro Ball|p2a: Dondozo\n|-resisted|p2a: Dondozo\n|-damage|p2a: Dondozo|87/100\n|\n|upkeep\n|turn|3\n|inactive|thepeakmons has 120 seconds left.\n|\n|t:|1782431586\n|-terastallize|p1a: Bri'ish?|Fighting\n|move|p1a: Bri'ish?|Electro Ball|p2a: Dondozo\n|-supereffective|p2a: Dondozo\n|-damage|p2a: Dondozo|53/100\n|move|p2a: Dondozo|Wave Crash|p1a: Bri'ish?\n|-damage|p1a: Bri'ish?|33/100\n|-damage|p2a: Dondozo|40/100|[from] Recoil\n|\n|upkeep\n|turn|4\n|inactive|thepeakmons has 120 seconds left.\n|\n|t:|1782431601\n|move|p1a: Bri'ish?|U-turn|p2a: Dondozo\n|-damage|p2a: Dondozo|29/100\n|\n|t:|1782431607\n|switch|p1a: Wih fih 💔|Alomomola, M|100/100|[from] U-turn\n|-damage|p1a: Wih fih 💔|88/100|[from] Stealth Rock\n|move|p2a: Dondozo|Body Press|p1a: Wih fih 💔\n|-damage|p1a: Wih fih 💔|74/100\n|-damage|p2a: Dondozo|12/100|[from] item: Rocky Helmet|[of] p1a: Wih fih 💔\n|\n|upkeep\n|turn|5\n|inactive|thepeakmons has 120 seconds left.\n|\n|t:|1782431623\n|move|p1a: Wih fih 💔|Misty Terrain|p1a: Wih fih 💔\n|-fieldstart|move: Misty Terrain\n|move|p2a: Dondozo|Rest||[still]\n|-fail|p2a: Dondozo\n|\n|upkeep\n|turn|6\n|inactive|thepeakmons has 120 seconds left.\n|c|☆Power Panpour|Lol\n|\n|t:|1782431637\n|move|p1a: Wih fih 💔|Wish|p1a: Wih fih 💔\n|move|p2a: Dondozo|Rest||[still]\n|-fail|p2a: Dondozo\n|\n|upkeep\n|turn|7\n|\n|t:|1782431643\n|move|p1a: Wih fih 💔|Flip Turn|p2a: Dondozo\n|-resisted|p2a: Dondozo\n|-damage|p2a: Dondozo|9/100\n|\n|t:|1782431650\n|switch|p1a: Drake|Regice|100/100|[from] Flip Turn\n|-damage|p1a: Drake|76/100|[from] Stealth Rock\n|move|p2a: Dondozo|Rest||[still]\n|-fail|p2a: Dondozo\n|\n|-heal|p1a: Drake|100/100|[from] move: Wish|[wisher] Wih fih 💔\n|upkeep\n|turn|8\n|\n|t:|1782431659\n|switch|p2a: Gholdengo|Gholdengo|100/100\n|move|p1a: Drake|Ancient Power|p2a: Gholdengo\n|-resisted|p2a: Gholdengo\n|-damage|p2a: Gholdengo|92/100\n|\n|upkeep\n|turn|9\n|\n|t:|1782431676\n|move|p2a: Gholdengo|Shadow Ball|p1a: Drake\n|-crit|p1a: Drake\n|-damage|p1a: Drake|82/100\n|move|p1a: Drake|Zap Cannon|p2a: Gholdengo|[miss]\n|-miss|p1a: Drake|p2a: Gholdengo\n|\n|-fieldend|Misty Terrain\n|upkeep\n|turn|10\n|\n|t:|1782431692\n|move|p2a: Gholdengo|Nasty Plot|p2a: Gholdengo\n|-boost|p2a: Gholdengo|spa|2\n|move|p1a: Drake|Zap Cannon|p2a: Gholdengo|[miss]\n|-miss|p1a: Drake|p2a: Gholdengo\n|\n|upkeep\n|turn|11\n|\n|t:|1782431703\n|move|p2a: Gholdengo|Make It Rain|p1a: Drake\n|-supereffective|p1a: Drake\n|-damage|p1a: Drake|16/100\n|-unboost|p2a: Gholdengo|spa|1\n|move|p1a: Drake|Zap Cannon|p2a: Gholdengo|[miss]\n|-miss|p1a: Drake|p2a: Gholdengo\n|\n|upkeep\n|turn|12\n|\n|t:|1782431718\n|switch|p1a: Erm ackshually...|Slowking-Galar, F|100/100\n|-damage|p1a: Erm ackshually...|88/100|[from] Stealth Rock\n|move|p2a: Gholdengo|Make It Rain|p1a: Erm ackshually...\n|-damage|p1a: Erm ackshually...|58/100\n|-unboost|p2a: Gholdengo|spa|1\n|\n|upkeep\n|turn|13\n|inactive|thepeakmons has 120 seconds left.\n|\n|t:|1782431735\n|move|p2a: Gholdengo|Shadow Ball|p1a: Erm ackshually...\n|-supereffective|p1a: Erm ackshually...\n|-damage|p1a: Erm ackshually...|29/100\n|move|p1a: Erm ackshually...|Fire Blast|p2a: Gholdengo\n|-supereffective|p2a: Gholdengo\n|-damage|p2a: Gholdengo|34/100\n|-status|p2a: Gholdengo|brn\n|\n|-damage|p2a: Gholdengo|27/100 brn|[from] brn\n|upkeep\n|turn|14\n|inactive|thepeakmons has 120 seconds left.\n|\n|t:|1782431748\n|switch|p1a: ランドロスの王|Landorus-Therian, M|100/100\n|-damage|p1a: ランドロスの王|88/100|[from] Stealth Rock\n|-ability|p1a: ランドロスの王|Intimidate|boost\n|-unboost|p2a: Gholdengo|atk|1\n|move|p2a: Gholdengo|Shadow Ball|p1a: ランドロスの王\n|-damage|p1a: ランドロスの王|46/100\n|-unboost|p1a: ランドロスの王|spd|1\n|\n|-heal|p1a: ランドロスの王|52/100|[from] item: Leftovers\n|-damage|p2a: Gholdengo|21/100 brn|[from] brn\n|upkeep\n|turn|15\n|inactive|thepeakmons has 120 seconds left.\n|\n|t:|1782431762\n|switch|p2a: Corviknight|Corviknight, F|100/100\n|-ability|p2a: Corviknight|Pressure\n|move|p1a: ランドロスの王|Earthquake|p2a: Corviknight\n|-immune|p2a: Corviknight\n|\n|-heal|p1a: ランドロスの王|58/100|[from] item: Leftovers\n|upkeep\n|turn|16\n|inactive|thepeakmons has 120 seconds left.\n|\n|t:|1782431774\n|move|p1a: ランドロスの王|Smack Down|p2a: Corviknight\n|-damage|p2a: Corviknight|89/100\n|-start|p2a: Corviknight|Smack Down\n|move|p2a: Corviknight|Brave Bird|p1a: ランドロスの王\n|-damage|p1a: ランドロスの王|15/100\n|-damage|p2a: Corviknight|78/100|[from] Recoil\n|\n|-heal|p1a: ランドロスの王|21/100|[from] item: Leftovers\n|upkeep\n|turn|17\n|inactive|thepeakmons has 120 seconds left.\n|\n|t:|1782431798\n|move|p1a: ランドロスの王|U-turn|p2a: Corviknight\n|-resisted|p2a: Corviknight\n|-damage|p2a: Corviknight|74/100\n|\n|t:|1782431807\n|switch|p1a: Wih fih 💔|Alomomola, M|100/100|[from] U-turn\n|-damage|p1a: Wih fih 💔|88/100|[from] Stealth Rock\n|move|p2a: Corviknight|Brave Bird|p1a: Wih fih 💔\n|-damage|p1a: Wih fih 💔|70/100\n|-damage|p2a: Corviknight|58/100|[from] item: Rocky Helmet|[of] p1a: Wih fih 💔\n|-damage|p2a: Corviknight|50/100|[from] Recoil\n|\n|upkeep\n|turn|18\n|inactive|thepeakmons has 120 seconds left.\n|\n|t:|1782431818\n|move|p2a: Corviknight|Roost|p2a: Corviknight\n|-heal|p2a: Corviknight|99/100\n|-singleturn|p2a: Corviknight|move: Roost\n|move|p1a: Wih fih 💔|Scald|p2a: Corviknight\n|-damage|p2a: Corviknight|86/100\n|\n|upkeep\n|turn|19\n|inactive|thepeakmons has 120 seconds left.\n|\n|t:|1782431839\n|switch|p2a: Garganacl|Garganacl, M|100/100\n|move|p1a: Wih fih 💔|Wish|p1a: Wih fih 💔\n|\n|upkeep\n|turn|20\n|\n|t:|1782431857\n|move|p1a: Wih fih 💔|Flip Turn|p2a: Garganacl\n|-supereffective|p2a: Garganacl\n|-damage|p2a: Garganacl|85/100\n|\n|t:|1782431861\n|switch|p1a: Bri'ish?|Cinderace, F, tera:Fighting|33/100|[from] Flip Turn\n|move|p2a: Garganacl|Salt Cure|p1a: Bri'ish?\n|-resisted|p1a: Bri'ish?\n|-damage|p1a: Bri'ish?|21/100\n|-start|p1a: Bri'ish?|Salt Cure\n|\n|-heal|p1a: Bri'ish?|100/100|[from] move: Wish|[wisher] Wih fih 💔\n|-heal|p2a: Garganacl|91/100|[from] item: Leftovers\n|-damage|p1a: Bri'ish?|88/100|[from] Salt Cure\n|upkeep\n|turn|21\n|\n|t:|1782431872\n|move|p1a: Bri'ish?|Court Change|p1a: Bri'ish?\n|-swapsideconditions\n|-activate|p1a: Bri'ish?|move: Court Change\n|move|p2a: Garganacl|Salt Cure|p1a: Bri'ish?\n|-resisted|p1a: Bri'ish?\n|-damage|p1a: Bri'ish?|77/100\n|\n|-heal|p2a: Garganacl|98/100|[from] item: Leftovers\n|-damage|p1a: Bri'ish?|65/100|[from] Salt Cure\n|upkeep\n|turn|22\n|\n|t:|1782431884\n|move|p1a: Bri'ish?|Electro Ball|p2a: Garganacl\n|-damage|p2a: Garganacl|82/100\n|move|p2a: Garganacl|Salt Cure|p1a: Bri'ish?\n|-resisted|p1a: Bri'ish?\n|-damage|p1a: Bri'ish?|54/100\n|\n|-heal|p2a: Garganacl|89/100|[from] item: Leftovers\n|-damage|p1a: Bri'ish?|41/100|[from] Salt Cure\n|upkeep\n|turn|23\n|\n|t:|1782431896\n|move|p2a: Garganacl|Protect|p2a: Garganacl\n|-singleturn|p2a: Garganacl|Protect\n|move|p1a: Bri'ish?|U-turn|p2a: Garganacl\n|-activate|p2a: Garganacl|move: Protect\n|\n|-heal|p2a: Garganacl|95/100|[from] item: Leftovers\n|-damage|p1a: Bri'ish?|29/100|[from] Salt Cure\n|upkeep\n|turn|24\n|\n|t:|1782431910\n|switch|p1a: Aegis|Iron Valiant|100/100\n|move|p2a: Garganacl|Curse|p2a: Garganacl\n|-unboost|p2a: Garganacl|spe|1\n|-boost|p2a: Garganacl|atk|1\n|-boost|p2a: Garganacl|def|1\n|\n|-heal|p2a: Garganacl|100/100|[from] item: Leftovers\n|upkeep\n|turn|25\n|\n|t:|1782431922\n|move|p2a: Garganacl|Protect|p2a: Garganacl\n|-singleturn|p2a: Garganacl|Protect\n|move|p1a: Aegis|Moonblast|p2a: Garganacl\n|-activate|p2a: Garganacl|move: Protect\n|\n|upkeep\n|turn|26\n|\n|t:|1782431937\n|switch|p2a: Clodsire|Clodsire, M|37/100\n|move|p1a: Aegis|Moonblast|p2a: Clodsire\n|-resisted|p2a: Clodsire\n|-damage|p2a: Clodsire|22/100\n|-damage|p1a: Aegis|91/100|[from] item: Life Orb\n|\n|upkeep\n|turn|27\n|\n|t:|1782431946\n|move|p1a: Aegis|Close Combat|p2a: Clodsire\n|-resisted|p2a: Clodsire\n|-damage|p2a: Clodsire|0 fnt\n|-unboost|p1a: Aegis|def|1\n|-unboost|p1a: Aegis|spd|1\n|faint|p2a: Clodsire\n|-damage|p1a: Aegis|81/100|[from] item: Life Orb\n|\n|upkeep\n|\n|t:|1782431965\n|switch|p2a: Slowking|Slowking-Galar, M|100/100\n|turn|28\n|\n|t:|1782431974\n|-end|p1a: Aegis|Quark Drive|[silent]\n|switch|p1a: Wih fih 💔|Alomomola, M|100/100\n|move|p2a: Slowking|Sludge Bomb|p1a: Wih fih 💔\n|-damage|p1a: Wih fih 💔|59/100\n|\n|upkeep\n|turn|29\n|j| mln11\n|l| mln11\n|\n|t:|1782431987\n|move|p1a: Wih fih 💔|Wish|p1a: Wih fih 💔\n|move|p2a: Slowking|Sludge Bomb|p1a: Wih fih 💔\n|-damage|p1a: Wih fih 💔|21/100\n|\n|upkeep\n|turn|30\n|\n|t:|1782431995\n|move|p1a: Wih fih 💔|Flip Turn|p2a: Slowking\n|-damage|p2a: Slowking|85/100\n|\n|t:|1782431998\n|switch|p1a: Drake|Regice|16/100|[from] Flip Turn\n|move|p2a: Slowking|Sludge Bomb|p1a: Drake\n|-damage|p1a: Drake|4/100\n|\n|-heal|p1a: Drake|77/100|[from] move: Wish|[wisher] Wih fih 💔\n|upkeep\n|turn|31\n|inactive|thepeakmons has 120 seconds left.\n|\n|t:|1782432009\n|move|p1a: Drake|Zap Cannon|p2a: Slowking|[miss]\n|-miss|p1a: Drake|p2a: Slowking\n|move|p2a: Slowking|Future Sight|p1a: Drake\n|-start|p2a: Slowking|move: Future Sight\n|\n|upkeep\n|turn|32\n|inactive|thepeakmons has 120 seconds left.\n|\n|t:|1782432021\n|switch|p2a: Garganacl|Garganacl, M|100/100\n|-damage|p2a: Garganacl|88/100|[from] Stealth Rock\n|move|p1a: Drake|Ice Beam|p2a: Garganacl\n|-crit|p2a: Garganacl\n|-damage|p2a: Garganacl|36/100\n|\n|-heal|p2a: Garganacl|42/100|[from] item: Leftovers\n|upkeep\n|turn|33\n|inactive|thepeakmons has 120 seconds left.\n|\n|t:|1782432033\n|move|p1a: Drake|Focus Blast|p2a: Garganacl\n|-supereffective|p2a: Garganacl\n|-damage|p2a: Garganacl|0 fnt\n|faint|p2a: Garganacl\n|\n|-end|p1a: Drake|move: Future Sight\n|-damage|p1a: Drake|62/100\n|upkeep\n|inactive|thepeakmons has 120 seconds left.\n|\n|t:|1782432046\n|switch|p2a: Gholdengo|Gholdengo|21/100 brn\n|turn|34\n|inactive|thepeakmons has 120 seconds left.\n|\n|t:|1782432056\n|move|p2a: Gholdengo|Recover|p2a: Gholdengo\n|-heal|p2a: Gholdengo|71/100 brn\n|move|p1a: Drake|Zap Cannon|p2a: Gholdengo\n|-damage|p2a: Gholdengo|37/100 brn\n|\n|-damage|p2a: Gholdengo|31/100 brn|[from] brn\n|upkeep\n|turn|35\n|inactive|thepeakmons has 120 seconds left.\n|\n|t:|1782432068\n|switch|p1a: Bri'ish?|Cinderace, F, tera:Fighting|29/100\n|move|p2a: Gholdengo|Recover|p2a: Gholdengo\n|-heal|p2a: Gholdengo|81/100 brn\n|\n|-damage|p2a: Gholdengo|75/100 brn|[from] brn\n|upkeep\n|turn|36\n|inactive|thepeakmons has 120 seconds left.\n|\n|t:|1782432075\n|switch|p2a: Dondozo|Dondozo, F|9/100\n|move|p1a: Bri'ish?|Pyro Ball|p2a: Dondozo\n|-resisted|p2a: Dondozo\n|-damage|p2a: Dondozo|0 fnt\n|faint|p2a: Dondozo\n|\n|upkeep\n|inactive|thepeakmons has 120 seconds left.\n|\n|t:|1782432089\n|switch|p2a: Slowking|Slowking-Galar, M|100/100\n|turn|37\n|inactive|thepeakmons has 120 seconds left.\n|\n|t:|1782432095\n|move|p1a: Bri'ish?|U-turn|p2a: Slowking\n|-damage|p2a: Slowking|77/100\n|\n|t:|1782432097\n|switch|p1a: Drake|Regice|62/100|[from] U-turn\n|move|p2a: Slowking|Sludge Bomb|p1a: Drake\n|-damage|p1a: Drake|50/100\n|\n|upkeep\n|turn|38\n|\n|t:|1782432111\n|move|p1a: Drake|Zap Cannon|p2a: Slowking\n|-damage|p2a: Slowking|53/100\n|-status|p2a: Slowking|par\n|move|p2a: Slowking|Future Sight|p1a: Drake\n|-start|p2a: Slowking|move: Future Sight\n|\n|upkeep\n|turn|39\n|inactive|thepeakmons has 120 seconds left.\n|\n|t:|1782432130\n|switch|p2a: Gholdengo|Gholdengo|75/100 brn\n|move|p1a: Drake|Ancient Power|p2a: Gholdengo\n|-resisted|p2a: Gholdengo\n|-damage|p2a: Gholdengo|65/100 brn\n|\n|-damage|p2a: Gholdengo|59/100 brn|[from] brn\n|upkeep\n|turn|40\n|\n|t:|1782432146\n|switch|p1a: Aegis|Iron Valiant|81/100\n|move|p2a: Gholdengo|Nasty Plot|p2a: Gholdengo\n|-boost|p2a: Gholdengo|spa|2\n|\n|-end|p1a: Aegis|move: Future Sight\n|-supereffective|p1a: Aegis\n|-damage|p1a: Aegis|0 fnt\n|faint|p1a: Aegis\n|-end|p1a: Aegis|Quark Drive|[silent]\n|-damage|p2a: Gholdengo|53/100 brn|[from] brn\n|upkeep\n|\n|t:|1782432148\n|switch|p1a: Bri'ish?|Cinderace, F, tera:Fighting|29/100\n|turn|41\n|\n|t:|1782432156\n|switch|p2a: Slowking|Slowking-Galar, M|87/100 par\n|move|p1a: Bri'ish?|Pyro Ball|p2a: Slowking\n|-damage|p2a: Slowking|0 fnt\n|faint|p2a: Slowking\n|\n|upkeep\n|\n|t:|1782432167\n|switch|p2a: Gholdengo|Gholdengo|53/100 brn\n|turn|42\n|\n|t:|1782432175\n|move|p1a: Bri'ish?|Pyro Ball|p2a: Gholdengo\n|-supereffective|p2a: Gholdengo\n|-damage|p2a: Gholdengo|0 fnt\n|faint|p2a: Gholdengo\n|\n|upkeep\n|\n|t:|1782432190\n|switch|p2a: Corviknight|Corviknight, F|86/100\n|-ability|p2a: Corviknight|Pressure\n|turn|43\n|\n|t:|1782432202\n|move|p1a: Bri'ish?|Pyro Ball|p2a: Corviknight\n|-supereffective|p2a: Corviknight\n|-damage|p2a: Corviknight|0 fnt\n|faint|p2a: Corviknight\n|\n|win|Power Panpour\n|raw|Power Panpour's rating: 1152 &rarr; <strong>1179</strong><br />(+27 for winning)\n|raw|thepeakmons's rating: 1180 &rarr; <strong>1153</strong><br />(-27 for losing)\n|l|☆Power Panpour\n|player|p1|\n", "uploadtime": 1782432204, "views": 10, "formatid": "gen9ou", "rating": 1153, "private": 0, "password": null}