{"id": "gen9ou-2647708160", "format": "[Gen 9] OU", "players": ["Yisso", "mcstupidly_"], "log": "|j|☆Yisso\n|j|☆mcstupidly_\n|t:|1783799584\n|gametype|singles\n|player|p1|Yisso|steven-masters|\n|player|p2|mcstupidly_|265|\n|gen|9\n|tier|[Gen 9] OU\n|rule|HP Percentage Mod: HP is shown in percentages\n|rule|Endless Battle Clause: Forcing endless battles is banned\n|rule|Species Clause: Limit one of each Pokémon\n|rule|OHKO Clause: OHKO moves are banned\n|rule|Evasion Items Clause: Evasion items are banned\n|rule|Evasion Moves Clause: Evasion moves are banned\n|rule|Evasion Abilities Clause: Evasion abilities are banned\n|rule|Sleep Moves Clause: Sleep-inducing moves are banned\n|clearpoke\n|poke|p1|Cresselia, F|\n|poke|p1|Samurott-Hisui, M|\n|poke|p1|Garchomp, F|\n|poke|p1|Great Tusk|\n|poke|p1|Gholdengo|\n|poke|p1|Zamazenta-*|\n|poke|p2|Ogerpon-Cornerstone, F|\n|poke|p2|Ceruledge, F|\n|poke|p2|Iron Treads|\n|poke|p2|Hydreigon, M|\n|poke|p2|Thundurus-Therian, M|\n|poke|p2|Primarina, M|\n|teampreview\n|inactive|Battle timer is ON: inactive players will automatically lose when time's up. (requested by Yisso)\n|c|☆Yisso|glhf\n|c|☆mcstupidly_|u2 fam\n|inactive|mcstupidly_ has 270 seconds left.\n|inactive|mcstupidly_ has 240 seconds left.\n|inactive|Yisso has 270 seconds left.\n|\n|t:|1783799675\n|teamsize|p1|6\n|teamsize|p2|6\n|start\n|switch|p1a: Zamazenta|Zamazenta|100/100\n|switch|p2a: Primarina|Primarina, M|100/100\n|-ability|p1a: Zamazenta|Dauntless Shield|boost\n|-boost|p1a: Zamazenta|def|1\n|turn|1\n|c|☆Yisso|oh fucking hell\n|j| Big Chill Jr\n|c|☆Yisso|that's the one mon you weren't supposed to lead\n|c|☆mcstupidly_|LMAO\n|\n|t:|1783799702\n|switch|p1a: Gholdengo|Gholdengo|100/100\n|move|p2a: Primarina|Draining Kiss|p1a: Gholdengo\n|-resisted|p1a: Gholdengo\n|-damage|p1a: Gholdengo|85/100\n|\n|upkeep\n|turn|2\n|\n|t:|1783799717\n|switch|p2a: Thundurus|Thundurus-Therian, M|100/100\n|move|p1a: Gholdengo|Trick|p2a: Thundurus\n|-activate|p1a: Gholdengo|move: Trick|[of] p2a: Thundurus\n|-item|p2a: Thundurus|Choice Scarf|[from] move: Trick\n|-item|p1a: Gholdengo|Choice Scarf|[from] move: Trick\n|\n|upkeep\n|turn|3\n|c|☆Yisso|well that was useless\n|c|☆mcstupidly_|yeah im on yo shi boy\n|inactive|mcstupidly_ has 270 seconds left.\n|inactive|Yisso has 270 seconds left.\n|\n|t:|1783799749\n|switch|p2a: Primarina|Primarina, M|100/100\n|move|p1a: Gholdengo|Shadow Ball|p2a: Primarina\n|-damage|p2a: Primarina|80/100\n|\n|upkeep\n|turn|4\n|\n|t:|1783799757\n|move|p1a: Gholdengo|Shadow Ball|p2a: Primarina\n|-damage|p2a: Primarina|61/100\n|move|p2a: Primarina|Flip Turn|p1a: Gholdengo\n|-damage|p1a: Gholdengo|68/100\n|\n|t:|1783799765\n|switch|p2a: Hydreigon|Hydreigon, M|100/100|[from] Flip Turn\n|\n|upkeep\n|turn|5\n|\n|t:|1783799776\n|switch|p1a: Samurott|Samurott-Hisui, M, shiny|100/100\n|move|p2a: Hydreigon|Hydro Pump|p1a: Samurott\n|-resisted|p1a: Samurott\n|-damage|p1a: Samurott|82/100\n|\n|upkeep\n|turn|6\n|inactive|mcstupidly_ has 270 seconds left.\n|c|☆Yisso|what the\n|c|☆Yisso|hydro pump is crazy\n|c|☆mcstupidly_|2hkos lu\n|j| BlabberSaur\n|inactive|mcstupidly_ has 240 seconds left.\n|c|☆mcstupidly_|also wow that's super av wtf\n|\n|t:|1783799832\n|switch|p2a: Ceruledge|Ceruledge, F, shiny|100/100\n|move|p1a: Samurott|Ceaseless Edge|p2a: Ceruledge\n|-supereffective|p2a: Ceruledge\n|-enditem|p2a: Ceruledge|Focus Sash\n|-damage|p2a: Ceruledge|1/100\n|-ability|p2a: Ceruledge|Weak Armor|boost\n|-unboost|p2a: Ceruledge|def|1\n|-boost|p2a: Ceruledge|spe|2\n|-sidestart|p2: mcstupidly_|Spikes\n|\n|upkeep\n|turn|7\n|\n|t:|1783799846\n|move|p2a: Ceruledge|Poltergeist|p1a: Samurott\n|-activate|p1a: Samurott|move: Poltergeist|Assault Vest\n|-resisted|p1a: Samurott\n|-damage|p1a: Samurott|52/100\n|move|p1a: Samurott|Ceaseless Edge|p2a: Ceruledge\n|-supereffective|p2a: Ceruledge\n|-damage|p2a: Ceruledge|0 fnt\n|-sidestart|p2: mcstupidly_|Spikes\n|faint|p2a: Ceruledge\n|\n|upkeep\n|c|☆Yisso|maybe\n|l| BlabberSaur\n|inactive|mcstupidly_ has 210 seconds left.\n|j| XdTheplaguedoctor\n|c| XdTheplaguedoctor|mc you can do this\n|c| XdTheplaguedoctor|believe\n|c|☆mcstupidly_|I don't remember the chomp set\n|c|☆Yisso|banded sword dance\n|\n|t:|1783799895\n|switch|p2a: Iron Treads|Iron Treads, shiny|100/100\n|-damage|p2a: Iron Treads|84/100|[from] Spikes\n|turn|8\n|c|☆Yisso|trust\n|c| XdTheplaguedoctor|hydro pump hydreigon?\n|c| XdTheplaguedoctor|what have i joined\n|c|☆mcstupidly_|2hkos lu\n|\n|t:|1783799912\n|switch|p1a: Gholdengo|Gholdengo|68/100\n|move|p2a: Iron Treads|Stealth Rock|p1a: Gholdengo\n|-sidestart|p1: Yisso|move: Stealth Rock\n|\n|-heal|p2a: Iron Treads|90/100|[from] item: Leftovers\n|upkeep\n|turn|9\n|c| XdTheplaguedoctor|specs??\n|\n|t:|1783799925\n|-end|p2a: Iron Treads|Quark Drive|[silent]\n|switch|p2a: Hydreigon|Hydreigon, M|100/100\n|move|p1a: Gholdengo|Focus Blast|p2a: Hydreigon\n|-supereffective|p2a: Hydreigon\n|-damage|p2a: Hydreigon|7/100\n|\n|upkeep\n|turn|10\n|c|☆Yisso|biden\n|c|☆Yisso|blast\n|c| XdTheplaguedoctor|lowk wouldve won on my side if pan didnt ban me but whatever\n|c|☆mcstupidly_|WHO is landing that\n|c| XdTheplaguedoctor|LMAO BIDEN BLAST IS CRAZY\n|inactive|Yisso has 270 seconds left.\n|\n|t:|1783799955\n|switch|p1a: Samurott|Samurott-Hisui, M, shiny|52/100\n|-damage|p1a: Samurott|40/100|[from] Stealth Rock\n|move|p2a: Hydreigon|Draco Meteor|p1a: Samurott\n|-damage|p1a: Samurott|0 fnt\n|-unboost|p2a: Hydreigon|spa|2\n|faint|p1a: Samurott\n|\n|upkeep\n|j| BlabberSaur\n|inactive|Yisso has 270 seconds left.\n|\n|t:|1783799963\n|switch|p1a: Great Tusk|Great Tusk|100/100\n|-damage|p1a: Great Tusk|97/100|[from] Stealth Rock\n|turn|11\n|inactive|mcstupidly_ has 180 seconds left.\n|\n|t:|1783799995\n|switch|p2a: Thundurus|Thundurus-Therian, M|100/100\n|move|p1a: Great Tusk|Rapid Spin|p2a: Thundurus\n|-damage|p2a: Thundurus|68/100\n|-boost|p1a: Great Tusk|spe|1\n|-sideend|p1: Yisso|Stealth Rock|[from] move: Rapid Spin|[of] p1a: Great Tusk\n|\n|upkeep\n|turn|12\n|l| BlabberSaur\n|inactive|Yisso has 270 seconds left.\n|c|☆Yisso|shit\n|c|☆Yisso|my computer is getting low on battery\n|inactive|Yisso has 240 seconds left.\n|c|☆mcstupidly_|I think I lose\n|\n|t:|1783800049\n|-terastallize|p1a: Great Tusk|Steel\n|move|p2a: Thundurus|Focus Blast|p1a: Great Tusk|[miss]\n|-miss|p2a: Thundurus|p1a: Great Tusk\n|move|p1a: Great Tusk|Ice Spinner|p2a: Thundurus\n|-supereffective|p2a: Thundurus\n|-damage|p2a: Thundurus|0 fnt\n|faint|p2a: Thundurus\n|\n|upkeep\n|c|☆mcstupidly_|NO\n|c|☆Yisso|OH DAM\n|c|☆mcstupidly_|ARE YOU SHITTING ME\n|c|☆Yisso|i was expecting grass know ngl\n|c|☆mcstupidly_|HARD ASS READ AND I MISS\n|c| XdTheplaguedoctor|i should lowk change my pfp to springtrap if i come back\n|inactive|mcstupidly_ has 150 seconds left.\n|c| XdTheplaguedoctor|ngl\n|c| XdTheplaguedoctor|thund was obv\\\n|c|☆Yisso|would have also missed\n|inactive|mcstupidly_ has 120 seconds left.\n|\n|t:|1783800115\n|switch|p2a: Iron Treads|Iron Treads, shiny|90/100\n|-damage|p2a: Iron Treads|74/100|[from] Spikes\n|turn|13\n|c|☆mcstupidly_|I just lost bruh\n|c| XdTheplaguedoctor|mc\n|c| XdTheplaguedoctor|listen\n|\n|t:|1783800130\n|-end|p2a: Iron Treads|Quark Drive|[silent]\n|switch|p2a: Primarina|Primarina, M|61/100\n|-damage|p2a: Primarina|44/100|[from] Spikes\n|move|p1a: Great Tusk|Close Combat|p2a: Primarina\n|-resisted|p2a: Primarina\n|-damage|p2a: Primarina|5/100\n|-unboost|p1a: Great Tusk|def|1\n|-unboost|p1a: Great Tusk|spd|1\n|\n|upkeep\n|turn|14\n|c| XdTheplaguedoctor|its ok to lose\n|c|☆Yisso|stop reading my ass\n|l|☆mcstupidly_\n|inactive|mcstupidly_ disconnected and has 300 seconds to reconnect!\n|player|p2|\n|c| XdTheplaguedoctor|theres no success without failure\n|c|☆Yisso|huh\n|j|☆mcstupidly_\n|inactive|mcstupidly_ reconnected and has 110 seconds left.\n|player|p2|mcstupidly_|265|\n|\n|t:|1783800170\n|move|p1a: Great Tusk|Ice Spinner|p2a: Primarina\n|-resisted|p2a: Primarina\n|-damage|p2a: Primarina|0 fnt\n|faint|p2a: Primarina\n|\n|upkeep\n|\n|t:|1783800172\n|switch|p2a: Iron Treads|Iron Treads, shiny|74/100\n|-damage|p2a: Iron Treads|57/100|[from] Spikes\n|turn|15\n|\n|t:|1783800175\n|-terastallize|p2a: Iron Treads|Ghost\n|move|p1a: Great Tusk|Close Combat|p2a: Iron Treads\n|-immune|p2a: Iron Treads\n|move|p2a: Iron Treads|Rapid Spin|p1a: Great Tusk\n|-resisted|p1a: Great Tusk\n|-damage|p1a: Great Tusk|89/100\n|-boost|p2a: Iron Treads|spe|1\n|-sideend|p2: mcstupidly_|Spikes|[from] move: Rapid Spin|[of] p2a: Iron Treads\n|\n|-heal|p2a: Iron Treads|64/100|[from] item: Leftovers\n|upkeep\n|turn|16\n|inactive|Yisso has 270 seconds left.\n|\n|t:|1783800203\n|move|p2a: Iron Treads|Iron Head|p1a: Great Tusk\n|-resisted|p1a: Great Tusk\n|-damage|p1a: Great Tusk|68/100\n|cant|p1a: Great Tusk|flinch\n|\n|-heal|p2a: Iron Treads|70/100|[from] item: Leftovers\n|upkeep\n|turn|17\n|c|☆Yisso|oh come on\n|\n|t:|1783800228\n|move|p2a: Iron Treads|Iron Head|p1a: Great Tusk\n|-resisted|p1a: Great Tusk\n|-damage|p1a: Great Tusk|50/100\n|move|p1a: Great Tusk|Headlong Rush|p2a: Iron Treads\n|-damage|p2a: Iron Treads|7/100\n|-unboost|p1a: Great Tusk|def|1\n|-unboost|p1a: Great Tusk|spd|1\n|\n|-heal|p2a: Iron Treads|13/100|[from] item: Leftovers\n|upkeep\n|turn|18\n|\n|t:|1783800238\n|-end|p1a: Great Tusk|Protosynthesis|[silent]\n|switch|p1a: Garchomp|Garchomp, F|100/100\n|move|p2a: Iron Treads|Iron Head|p1a: Garchomp\n|-damage|p1a: Garchomp|77/100\n|-damage|p2a: Iron Treads|1/100|[from] ability: Rough Skin|[of] p1a: Garchomp\n|-damage|p2a: Iron Treads|0 fnt|[from] item: Rocky Helmet|[of] p1a: Garchomp\n|faint|p2a: Iron Treads\n|-end|p2a: Iron Treads|Quark Drive|[silent]\n|\n|upkeep\n|\n|t:|1783800260\n|switch|p2a: Hydreigon|Hydreigon, M|7/100\n|turn|19\n|\n|t:|1783800276\n|move|p2a: Hydreigon|Dark Pulse|p1a: Garchomp\n|-damage|p1a: Garchomp|23/100\n|move|p1a: Garchomp|Dragon Tail|p2a: Hydreigon\n|-supereffective|p2a: Hydreigon\n|-damage|p2a: Hydreigon|0 fnt\n|faint|p2a: Hydreigon\n|\n|upkeep\n|\n|t:|1783800280\n|switch|p2a: Ogerpon|Ogerpon-Cornerstone, F|100/100\n|turn|20\n|j| Enderian67\n|c|☆mcstupidly_|show me a crit rn\n|\n|t:|1783800304\n|move|p2a: Ogerpon|Ivy Cudgel|p1a: Garchomp|[anim] Ivy Cudgel Rock\n|-resisted|p1a: Garchomp\n|-damage|p1a: Garchomp|3/100\n|move|p1a: Garchomp|Earthquake|p2a: Ogerpon\n|-damage|p2a: Ogerpon|39/100\n|\n|upkeep\n|turn|21\n|c|☆mcstupidly_|ggs\n|c|☆Yisso|real\n|inactive|Yisso has 270 seconds left.\n|c|☆Yisso|gg\n|l| Enderian67\n|\n|t:|1783800318\n|move|p2a: Ogerpon|Horn Leech|p1a: Garchomp\n|-damage|p1a: Garchomp|0 fnt\n|-heal|p2a: Ogerpon|41/100|[from] drain|[of] p1a: Garchomp\n|-damage|p2a: Ogerpon|29/100|[from] ability: Rough Skin|[of] p1a: Garchomp\n|-damage|p2a: Ogerpon|12/100|[from] item: Rocky Helmet|[of] p1a: Garchomp\n|faint|p1a: Garchomp\n|\n|upkeep\n|\n|t:|1783800321\n|switch|p1a: Gholdengo|Gholdengo|68/100\n|turn|22\n|\n|t:|1783800324\n|move|p1a: Gholdengo|Make It Rain|p2a: Ogerpon\n|-supereffective|p2a: Ogerpon\n|-damage|p2a: Ogerpon|0 fnt\n|-unboost|p1a: Gholdengo|spa|1\n|faint|p2a: Ogerpon\n|\n|win|Yisso\n|c|☆mcstupidly_|like genuinely what the fuck\n|l|☆Yisso\n|player|p1|\n|c|☆mcstupidly_|the fuck can I even do\n|c| XdTheplaguedoctor|mc\n|c| XdTheplaguedoctor|dont be like pan\n|c| XdTheplaguedoctor|and crash out\n|c| XdTheplaguedoctor|just breathe\n|j| Enderian67\n|c| XdTheplaguedoctor|like i said\n|c| XdTheplaguedoctor|there is no success without failure\n|l| Enderian67\n", "uploadtime": 1783800360, "views": 12, "formatid": "gen9ou", "rating": null, "private": 0, "password": null}