{"id": "gen9ou-2647692937", "format": "[Gen 9] OU", "players": ["arturohdez", "Igoodnamename"], "log": "|j|☆arturohdez\n|j|☆Igoodnamename\n|t:|1783797235\n|gametype|singles\n|player|p1|arturohdez|lucas|1732\n|player|p2|Igoodnamename|unknown|1694\n|gen|9\n|tier|[Gen 9] OU\n|rated|\n|rule|HP Percentage Mod: HP is shown in percentages\n|rule|Endless Battle Clause: Forcing endless battles is banned\n|rule|Species Clause: Limit one of each Pokémon\n|rule|OHKO Clause: OHKO moves are banned\n|rule|Evasion Items Clause: Evasion items are banned\n|rule|Evasion Moves Clause: Evasion moves are banned\n|rule|Evasion Abilities Clause: Evasion abilities are banned\n|rule|Sleep Moves Clause: Sleep-inducing moves are banned\n|clearpoke\n|poke|p1|Gliscor, M|\n|poke|p1|Okidogi, M|\n|poke|p1|Iron Treads|\n|poke|p1|Dragapult, M|\n|poke|p1|Primarina, F|\n|poke|p1|Latios, M|\n|poke|p2|Gholdengo|\n|poke|p2|Garchomp, M|\n|poke|p2|Darkrai|\n|poke|p2|Heatran, M|\n|poke|p2|Rillaboom, F|\n|poke|p2|Zamazenta-*|\n|teampreview\n|\n|t:|1783797244\n|teamsize|p1|6\n|teamsize|p2|6\n|start\n|switch|p1a: Okidogi|Okidogi, M|100/100\n|switch|p2a: Darkrai|Darkrai|100/100\n|turn|1\n|\n|t:|1783797253\n|switch|p2a: Gholdengo|Gholdengo|100/100\n|-item|p2a: Gholdengo|Air Balloon\n|move|p1a: Okidogi|Knock Off|p2a: Gholdengo\n|-supereffective|p2a: Gholdengo\n|-damage|p2a: Gholdengo|18/100\n|-enditem|p2a: Gholdengo|Air Balloon\n|\n|upkeep\n|turn|2\n|\n|t:|1783797258\n|move|p1a: Okidogi|Knock Off|p2a: Gholdengo\n|-supereffective|p2a: Gholdengo\n|-damage|p2a: Gholdengo|0 fnt\n|faint|p2a: Gholdengo\n|\n|upkeep\n|inactive|Battle timer is ON: inactive players will automatically lose when time's up. (requested by arturohdez)\n|\n|t:|1783797259\n|switch|p2a: Garchomp|Garchomp, M|100/100\n|turn|3\n|\n|t:|1783797264\n|switch|p1a: Gliscor|Gliscor, M, shiny|100/100\n|move|p2a: Garchomp|Spikes|p1a: Gliscor\n|-sidestart|p1: arturohdez|Spikes\n|\n|-status|p1a: Gliscor|tox|[from] item: Toxic Orb\n|upkeep\n|turn|4\n|\n|t:|1783797271\n|switch|p2a: Darkrai|Darkrai|100/100\n|move|p1a: Gliscor|Toxic|p2a: Darkrai\n|-status|p2a: Darkrai|tox\n|\n|-damage|p2a: Darkrai|94/100 tox|[from] psn\n|upkeep\n|turn|5\n|\n|t:|1783797276\n|move|p1a: Gliscor|Protect|p1a: Gliscor\n|-singleturn|p1a: Gliscor|Protect\n|move|p2a: Darkrai|Trick|p1a: Gliscor\n|-activate|p1a: Gliscor|move: Protect\n|\n|-damage|p2a: Darkrai|82/100 tox|[from] psn\n|upkeep\n|turn|6\n|\n|t:|1783797289\n|switch|p1a: Primarina|Primarina, F, shiny|100/100\n|-damage|p1a: Primarina|88/100|[from] Spikes\n|move|p2a: Darkrai|Trick|p1a: Primarina\n|-activate|p2a: Darkrai|move: Trick|[of] p1a: Primarina\n|-item|p1a: Primarina|Choice Scarf|[from] move: Trick\n|-item|p2a: Darkrai|Assault Vest|[from] move: Trick\n|\n|-damage|p2a: Darkrai|64/100 tox|[from] psn\n|upkeep\n|turn|7\n|\n|t:|1783797297\n|switch|p2a: Heatran|Heatran, M|100/100\n|move|p1a: Primarina|Flip Turn|p2a: Heatran\n|-supereffective|p2a: Heatran\n|-damage|p2a: Heatran|75/100\n|\n|t:|1783797311\n|switch|p1a: Okidogi|Okidogi, M|100/100|[from] Flip Turn\n|-damage|p1a: Okidogi|88/100|[from] Spikes\n|\n|upkeep\n|turn|8\n|\n|t:|1783797318\n|switch|p2a: Garchomp|Garchomp, M|100/100\n|move|p1a: Okidogi|Close Combat|p2a: Garchomp\n|-damage|p2a: Garchomp|40/100\n|-unboost|p1a: Okidogi|def|1\n|-unboost|p1a: Okidogi|spd|1\n|-damage|p1a: Okidogi|76/100|[from] ability: Rough Skin|[of] p2a: Garchomp\n|-damage|p1a: Okidogi|59/100|[from] item: Rocky Helmet|[of] p2a: Garchomp\n|\n|upkeep\n|turn|9\n|\n|t:|1783797328\n|switch|p1a: Gliscor|Gliscor, M, shiny|100/100 tox\n|-terastallize|p2a: Garchomp|Ghost\n|move|p2a: Garchomp|Earthquake|p1a: Gliscor\n|-immune|p1a: Gliscor\n|\n|upkeep\n|turn|10\n|\n|t:|1783797337\n|move|p2a: Garchomp|Spikes|p1a: Gliscor\n|-sidestart|p1: arturohdez|Spikes\n|move|p1a: Gliscor|Spikes|p2a: Garchomp\n|-sidestart|p2: Igoodnamename|Spikes\n|\n|upkeep\n|turn|11\n|\n|t:|1783797340\n|move|p2a: Garchomp|Spikes|p1a: Gliscor\n|-sidestart|p1: arturohdez|Spikes\n|move|p1a: Gliscor|Toxic|p2a: Garchomp\n|-status|p2a: Garchomp|tox\n|\n|-damage|p2a: Garchomp|33/100 tox|[from] psn\n|upkeep\n|turn|12\n|\n|t:|1783797344\n|move|p1a: Gliscor|Spikes|p2a: Garchomp\n|-sidestart|p2: Igoodnamename|Spikes\n|move|p2a: Garchomp|Dragon Tail|p1a: Gliscor\n|-damage|p1a: Gliscor|84/100 tox\n|drag|p1a: Okidogi|Okidogi, M|59/100\n|-damage|p1a: Okidogi|35/100|[from] Spikes\n|\n|-damage|p2a: Garchomp|21/100 tox|[from] psn\n|upkeep\n|turn|13\n|\n|t:|1783797355\n|switch|p1a: Gliscor|Gliscor, M, shiny|84/100 tox\n|switch|p2a: Darkrai|Darkrai|64/100 tox\n|-damage|p2a: Darkrai|48/100 tox|[from] Spikes\n|\n|-damage|p2a: Darkrai|42/100 tox|[from] psn\n|-heal|p1a: Gliscor|97/100 tox|[from] ability: Poison Heal\n|upkeep\n|turn|14\n|\n|t:|1783797360\n|move|p1a: Gliscor|Protect|p1a: Gliscor\n|-singleturn|p1a: Gliscor|Protect\n|move|p2a: Darkrai|Ice Beam|p1a: Gliscor\n|-activate|p1a: Gliscor|move: Protect\n|\n|-damage|p2a: Darkrai|30/100 tox|[from] psn\n|-heal|p1a: Gliscor|100/100 tox|[from] ability: Poison Heal\n|upkeep\n|turn|15\n|\n|t:|1783797367\n|switch|p1a: Primarina|Primarina, F, shiny|88/100\n|-damage|p1a: Primarina|63/100|[from] Spikes\n|move|p2a: Darkrai|Dark Pulse|p1a: Primarina\n|-resisted|p1a: Primarina\n|-damage|p1a: Primarina|47/100\n|\n|-damage|p2a: Darkrai|12/100 tox|[from] psn\n|upkeep\n|turn|16\n|\n|t:|1783797374\n|move|p2a: Darkrai|Sludge Bomb|p1a: Primarina\n|-supereffective|p1a: Primarina\n|-damage|p1a: Primarina|0 fnt\n|faint|p1a: Primarina\n|\n|-damage|p2a: Darkrai|0 fnt|[from] psn\n|faint|p2a: Darkrai\n|upkeep\n|\n|t:|1783797385\n|switch|p2a: Rillaboom|Rillaboom, F|100/100\n|switch|p1a: Gliscor|Gliscor, M, shiny|100/100 tox\n|-damage|p2a: Rillaboom|84/100|[from] Spikes\n|-fieldstart|move: Grassy Terrain|[from] ability: Grassy Surge|[of] p2a: Rillaboom\n|turn|17\n|\n|t:|1783797390\n|move|p2a: Rillaboom|Wood Hammer|p1a: Gliscor\n|-damage|p1a: Gliscor|21/100 tox\n|-damage|p2a: Rillaboom|57/100|[from] Recoil\n|move|p1a: Gliscor|Toxic|p2a: Rillaboom\n|-status|p2a: Rillaboom|tox\n|\n|-heal|p2a: Rillaboom|63/100 tox|[from] Grassy Terrain\n|-damage|p2a: Rillaboom|57/100 tox|[from] psn\n|-heal|p1a: Gliscor|33/100 tox|[from] ability: Poison Heal\n|upkeep\n|turn|18\n|\n|t:|1783797395\n|move|p1a: Gliscor|Protect|p1a: Gliscor\n|-singleturn|p1a: Gliscor|Protect\n|move|p2a: Rillaboom|Wood Hammer|p1a: Gliscor\n|-activate|p1a: Gliscor|move: Protect\n|\n|-heal|p2a: Rillaboom|63/100 tox|[from] Grassy Terrain\n|-damage|p2a: Rillaboom|51/100 tox|[from] psn\n|-heal|p1a: Gliscor|46/100 tox|[from] ability: Poison Heal\n|upkeep\n|turn|19\n|\n|t:|1783797409\n|move|p1a: Gliscor|Protect||[still]\n|-fail|p1a: Gliscor\n|move|p2a: Rillaboom|Wood Hammer|p1a: Gliscor\n|-damage|p1a: Gliscor|0 fnt\n|faint|p1a: Gliscor\n|-damage|p2a: Rillaboom|35/100 tox|[from] Recoil\n|\n|-heal|p2a: Rillaboom|41/100 tox|[from] Grassy Terrain\n|-damage|p2a: Rillaboom|23/100 tox|[from] psn\n|upkeep\n|\n|t:|1783797416\n|switch|p1a: Iron Treads|Iron Treads, shiny|100/100\n|-damage|p1a: Iron Treads|75/100|[from] Spikes\n|turn|20\n|\n|t:|1783797420\n|switch|p2a: Garchomp|Garchomp, M, tera:Ghost|21/100 tox\n|-damage|p2a: Garchomp|4/100 tox|[from] Spikes\n|move|p1a: Iron Treads|Stealth Rock|p2a: Garchomp\n|-sidestart|p2: Igoodnamename|move: Stealth Rock\n|\n|-heal|p1a: Iron Treads|82/100|[from] Grassy Terrain\n|-heal|p1a: Iron Treads|88/100|[from] item: Leftovers\n|-heal|p2a: Garchomp|10/100 tox|[from] Grassy Terrain\n|-damage|p2a: Garchomp|4/100 tox|[from] psn\n|upkeep\n|turn|21\n|\n|t:|1783797428\n|move|p1a: Iron Treads|Earthquake|p2a: Garchomp\n|-damage|p2a: Garchomp|0 fnt\n|faint|p2a: Garchomp\n|\n|-heal|p1a: Iron Treads|94/100|[from] Grassy Terrain\n|-heal|p1a: Iron Treads|100/100|[from] item: Leftovers\n|-fieldend|move: Grassy Terrain\n|upkeep\n|\n|t:|1783797430\n|switch|p2a: Zamazenta|Zamazenta|100/100\n|-ability|p2a: Zamazenta|Dauntless Shield|boost\n|-boost|p2a: Zamazenta|def|1\n|turn|22\n|\n|t:|1783797433\n|move|p2a: Zamazenta|Close Combat|p1a: Iron Treads\n|-supereffective|p1a: Iron Treads\n|-damage|p1a: Iron Treads|14/100\n|-unboost|p2a: Zamazenta|def|1\n|-unboost|p2a: Zamazenta|spd|1\n|move|p1a: Iron Treads|Rapid Spin|p2a: Zamazenta\n|-damage|p2a: Zamazenta|88/100\n|-boost|p1a: Iron Treads|spe|1\n|-sideend|p1: arturohdez|Spikes|[from] move: Rapid Spin|[of] p1a: Iron Treads\n|\n|-heal|p1a: Iron Treads|20/100|[from] item: Leftovers\n|upkeep\n|turn|23\n|\n|t:|1783797442\n|move|p2a: Zamazenta|Crunch|p1a: Iron Treads\n|-damage|p1a: Iron Treads|0 fnt\n|faint|p1a: Iron Treads\n|-end|p1a: Iron Treads|Quark Drive|[silent]\n|\n|upkeep\n|j| GhastlyPixie\n|\n|t:|1783797457\n|switch|p1a: Okidogi|Okidogi, M|35/100\n|turn|24\n|\n|t:|1783797461\n|move|p2a: Zamazenta|Close Combat|p1a: Okidogi\n|-resisted|p1a: Okidogi\n|-damage|p1a: Okidogi|5/100\n|-unboost|p2a: Zamazenta|def|1\n|-unboost|p2a: Zamazenta|spd|1\n|move|p1a: Okidogi|Close Combat|p2a: Zamazenta\n|-damage|p2a: Zamazenta|0 fnt\n|-unboost|p1a: Okidogi|def|1\n|-unboost|p1a: Okidogi|spd|1\n|faint|p2a: Zamazenta\n|\n|upkeep\n|\n|t:|1783797470\n|switch|p2a: Rillaboom|Rillaboom, F|23/100 tox\n|-damage|p2a: Rillaboom|6/100 tox|[from] Spikes\n|-damage|p2a: Rillaboom|0 fnt|[from] Stealth Rock\n|faint|p2a: Rillaboom\n|\n|t:|1783797473\n|switch|p2a: Heatran|Heatran, M|75/100\n|turn|25\n|\n|t:|1783797475\n|move|p1a: Okidogi|Close Combat|p2a: Heatran\n|-supereffective|p2a: Heatran\n|-damage|p2a: Heatran|0 fnt\n|-unboost|p1a: Okidogi|def|1\n|-unboost|p1a: Okidogi|spd|1\n|faint|p2a: Heatran\n|\n|win|arturohdez\n|raw|arturohdez's rating: 1732 &rarr; <strong>1750</strong><br />(+18 for winning)\n|raw|Igoodnamename's rating: 1694 &rarr; <strong>1676</strong><br />(-18 for losing)\n|l|☆Igoodnamename\n|player|p2|\n|l| GhastlyPixie\n", "uploadtime": 1783797614, "views": 30, "formatid": "gen9ou", "rating": 1676, "private": 0, "password": null}