{"id": "gen9ou-2639902048", "format": "[Gen 9] OU", "players": ["suprya", "Pinkacross Alt"], "log": "|badge|p1|bronze|gen9ou|100-9\n|html|<div class=\"broadcast-red\"><strong>This battle is required to be public due to one or more player having a season medal.</strong><br />During the public phase, you can discuss the state of the ladder <a href=\"/seasondiscussion\">in a special chatroom.</a></div>\n|uhtml|medal-msg|<div class=\"broadcast-blue\">Curious what those medals under the avatar are? PS now has Ladder Seasons! For more information, check out the <a href=\"https://www.smogon.com/forums/threads/3740067/\">thread on Smogon.</a></div>\n|raw|<div class=\"broadcast-blue\"><strong>This battle is required to be public due to a player having a name starting with 'medal'.</div>\n|j|☆suprya\n|j|☆Pinkacross Alt\n|t:|1782539593\n|gametype|singles\n|player|p1|suprya|clown|1849\n|player|p2|Pinkacross Alt|artist|1861\n|gen|9\n|tier|[Gen 9] OU\n|rated|\n|rule|HP Percentage Mod: HP is shown in percentages\n|rule|Endless Battle Clause: Forcing endless battles is banned\n|rule|Species Clause: Limit one of each Pokémon\n|rule|OHKO Clause: OHKO moves are banned\n|rule|Evasion Items Clause: Evasion items are banned\n|rule|Evasion Moves Clause: Evasion moves are banned\n|rule|Evasion Abilities Clause: Evasion abilities are banned\n|rule|Sleep Moves Clause: Sleep-inducing moves are banned\n|clearpoke\n|poke|p1|Pelipper, M|\n|poke|p1|Hydrapple, M|\n|poke|p1|Iron Treads|\n|poke|p1|Gholdengo|\n|poke|p1|Greninja-*, M|\n|poke|p1|Iron Hands|\n|poke|p2|Kingdra, F|\n|poke|p2|Araquanid, F|\n|poke|p2|Zamazenta-*|\n|poke|p2|Gholdengo|\n|poke|p2|Enamorus, F|\n|poke|p2|Iron Treads|\n|teampreview\n|inactive|Battle timer is ON: inactive players will automatically lose when time's up. (requested by suprya)\n|j| pls game\n|j| Garden of Dreams\n|inactive|suprya has 120 seconds left.\n|inactive|Pinkacross Alt has 120 seconds left.\n|inactive|Pinkacross Alt has 90 seconds left.\n|\n|t:|1782539654\n|teamsize|p1|6\n|teamsize|p2|6\n|start\n|switch|p1a: Pelipper|Pelipper, M|100/100\n|switch|p2a: Iron Treads|Iron Treads|100/100\n|-weather|RainDance|[from] ability: Drizzle|[of] p1a: Pelipper\n|-enditem|p2a: Iron Treads|Booster Energy\n|-activate|p2a: Iron Treads|ability: Quark Drive|[fromitem]\n|-start|p2a: Iron Treads|quarkdriveatk\n|turn|1\n|inactive|suprya has 120 seconds left.\n|j| Disscratch\n|\n|t:|1782539711\n|move|p2a: Iron Treads|Supercell Slam|p1a: Pelipper\n|-supereffective|p1a: Pelipper\n|-damage|p1a: Pelipper|0 fnt\n|faint|p1a: Pelipper\n|\n|-weather|RainDance|[upkeep]\n|upkeep\n|\n|t:|1782539716\n|switch|p1a: Greninja|Greninja, M|100/100\n|turn|2\n|\n|t:|1782539724\n|-end|p2a: Iron Treads|Quark Drive|[silent]\n|switch|p2a: Araquanid|Araquanid, F|100/100\n|move|p1a: Greninja|Hydro Pump|p2a: Araquanid\n|-resisted|p2a: Araquanid\n|-damage|p2a: Araquanid|64/100\n|\n|-weather|RainDance|[upkeep]\n|upkeep\n|turn|3\n|\n|t:|1782539751\n|move|p1a: Greninja|Dark Pulse|p2a: Araquanid\n|-damage|p2a: Araquanid|33/100\n|move|p2a: Araquanid|Lunge|p1a: Greninja\n|-supereffective|p1a: Greninja\n|-damage|p1a: Greninja|27/100\n|-unboost|p1a: Greninja|atk|1\n|\n|-weather|RainDance|[upkeep]\n|upkeep\n|turn|4\n|inactive|suprya has 120 seconds left.\n|j| GoodraSweetheart76\n|\n|t:|1782539762\n|move|p2a: Araquanid|Endure|p2a: Araquanid\n|-singleturn|p2a: Araquanid|move: Endure\n|move|p1a: Greninja|Hydro Pump|p2a: Araquanid\n|-resisted|p2a: Araquanid\n|-damage|p2a: Araquanid|1/100\n|\n|-weather|RainDance|[upkeep]\n|upkeep\n|turn|5\n|\n|t:|1782539766\n|switch|p2a: Zamazenta|Zamazenta|100/100\n|-ability|p2a: Zamazenta|Dauntless Shield|boost\n|-boost|p2a: Zamazenta|def|1\n|move|p1a: Greninja|Water Shuriken|p2a: Zamazenta\n|-damage|p2a: Zamazenta|91/100\n|-damage|p2a: Zamazenta|82/100\n|-damage|p2a: Zamazenta|72/100\n|-damage|p2a: Zamazenta|63/100\n|-damage|p2a: Zamazenta|54/100\n|-hitcount|p2a: Zamazenta|5\n|\n|-weather|none\n|upkeep\n|turn|6\n|\n|t:|1782539776\n|switch|p1a: Hydrapple|Hydrapple, M|100/100\n|move|p2a: Zamazenta|Light Screen|p2a: Zamazenta\n|-sidestart|p2: Pinkacross Alt|move: Light Screen\n|\n|upkeep\n|turn|7\n|\n|t:|1782539785\n|switch|p2a: Enamorus|Enamorus, F|100/100\n|move|p1a: Hydrapple|Nasty Plot|p1a: Hydrapple\n|-boost|p1a: Hydrapple|spa|2\n|\n|upkeep\n|turn|8\n|\n|t:|1782539791\n|switch|p1a: Iron Treads|Iron Treads|100/100\n|move|p2a: Enamorus|Substitute|p2a: Enamorus\n|-start|p2a: Enamorus|Substitute\n|-damage|p2a: Enamorus|76/100\n|\n|upkeep\n|turn|9\n|\n|t:|1782539804\n|-end|p1a: Iron Treads|Quark Drive|[silent]\n|switch|p1a: Iron Hands|Iron Hands|100/100\n|move|p2a: Enamorus|Earth Power|p1a: Iron Hands\n|-supereffective|p1a: Iron Hands\n|-damage|p1a: Iron Hands|51/100\n|-damage|p2a: Enamorus|66/100|[from] item: Life Orb\n|\n|upkeep\n|turn|10\n|\n|t:|1782539815\n|move|p2a: Enamorus|Moonblast|p1a: Iron Hands\n|-supereffective|p1a: Iron Hands\n|-damage|p1a: Iron Hands|0 fnt\n|faint|p1a: Iron Hands\n|-end|p1a: Iron Hands|Quark Drive|[silent]\n|-damage|p2a: Enamorus|56/100|[from] item: Life Orb\n|\n|upkeep\n|\n|t:|1782539820\n|switch|p1a: Gholdengo|Gholdengo|100/100\n|turn|11\n|\n|t:|1782539823\n|move|p1a: Gholdengo|Make It Rain|p2a: Enamorus\n|-supereffective|p2a: Enamorus\n|-end|p2a: Enamorus|Substitute\n|-unboost|p1a: Gholdengo|spa|1\n|move|p2a: Enamorus|Earth Power|p1a: Gholdengo\n|-supereffective|p1a: Gholdengo\n|-crit|p1a: Gholdengo\n|-damage|p1a: Gholdengo|0 fnt\n|faint|p1a: Gholdengo\n|-damage|p2a: Enamorus|46/100|[from] item: Life Orb\n|\n|upkeep\n|\n|t:|1782539826\n|switch|p1a: Greninja|Greninja, M|27/100\n|turn|12\n|-message|suprya forfeited.\n|\n|win|Pinkacross Alt\n|raw|suprya's rating: 1865 &rarr; <strong>1845</strong><br />(-20 for losing)\n|raw|Pinkacross Alt's rating: 1861 &rarr; <strong>1881</strong><br />(+20 for winning)\n|l|☆suprya\n|player|p1|\n|l| Disscratch\n|c|☆Pinkacross Alt|gg\n|l| GoodraSweetheart76\n", "uploadtime": 1782539850, "views": 8, "formatid": "gen9ou", "rating": 1845, "private": 0, "password": null}