{"id": "gen9ou-2639195022", "format": "[Gen 9] OU", "players": ["g1itch3dswag", "Zangoose360"], "log": "|j|☆g1itch3dswag\n|j|☆Zangoose360\n|inactive|Battle timer is ON: inactive players will automatically lose when time's up.\n|t:|1782432320\n|gametype|singles\n|player|p1|g1itch3dswag|youngster-gen4dp|\n|player|p2|Zangoose360|acetrainersnow|\n|gen|9\n|tier|[Gen 9] OU\n|rated|Tournament battle\n|rule|HP Percentage Mod: HP is shown in percentages\n|rule|Endless Battle Clause: Forcing endless battles is banned\n|rule|Species Clause: Limit one of each Pokémon\n|rule|OHKO Clause: OHKO moves are banned\n|rule|Evasion Items Clause: Evasion items are banned\n|rule|Evasion Moves Clause: Evasion moves are banned\n|rule|Evasion Abilities Clause: Evasion abilities are banned\n|rule|Sleep Moves Clause: Sleep-inducing moves are banned\n|raw|<div class=\"infobox\"><details class=\"readmore\"><summary><strong>15 custom rules:</strong></summary> -burmy, -caterpie, -combee, -kricketot, -magikarp, -scatterbug, -sunkern, -tynamo, -typenull, -weedle, -wurmple, -cosmog, -blipbug, -snom, -wynaut</details></div>\n|clearpoke\n|poke|p1|Squirtle, M|\n|poke|p1|Garchomp, F|\n|poke|p1|Cloyster, M|\n|poke|p1|Corviknight, F|\n|poke|p2|Clawitzer, F|\n|poke|p2|Basculegion, M|\n|poke|p2|Galvantula, F|\n|poke|p2|Delphox, M|\n|teampreview\n|j|*Lady Monita \n|c|☆g1itch3dswag|glhf\n|inactive|Zangoose360 has 120 seconds left.\n|c|☆Zangoose360|u2\n|\n|t:|1782432357\n|teamsize|p1|4\n|teamsize|p2|4\n|start\n|switch|p1a: Corviknight|Corviknight, F|100/100\n|switch|p2a: Galvantula|Galvantula, F|100/100\n|turn|1\n|\n|t:|1782432365\n|move|p2a: Galvantula|Sticky Web|p1a: Corviknight\n|-sidestart|p1: g1itch3dswag|move: Sticky Web\n|move|p1a: Corviknight|Brave Bird|p2a: Galvantula\n|-enditem|p2a: Galvantula|Focus Sash\n|-damage|p2a: Galvantula|1/100\n|-damage|p1a: Corviknight|77/100|[from] Recoil\n|\n|-heal|p1a: Corviknight|84/100|[from] item: Leftovers\n|upkeep\n|turn|2\n|\n|t:|1782432379\n|move|p2a: Galvantula|Thunder|p1a: Corviknight|[miss]\n|-miss|p2a: Galvantula|p1a: Corviknight\n|move|p1a: Corviknight|Brave Bird|p2a: Galvantula\n|-damage|p2a: Galvantula|0 fnt\n|faint|p2a: Galvantula\n|-damage|p1a: Corviknight|83/100|[from] Recoil\n|\n|-heal|p1a: Corviknight|90/100|[from] item: Leftovers\n|upkeep\n|j| SatoruTempesttt\n|\n|t:|1782432394\n|switch|p2a: Clawitzer|Clawitzer, F|100/100\n|turn|3\n|inactive|Zangoose360 has 120 seconds left.\n|\n|t:|1782432427\n|move|p2a: Clawitzer|Water Pulse|p1a: Corviknight\n|-damage|p1a: Corviknight|44/100\n|move|p1a: Corviknight|Brave Bird|p2a: Clawitzer\n|-damage|p2a: Clawitzer|35/100\n|-damage|p1a: Corviknight|28/100|[from] Recoil\n|\n|-heal|p1a: Corviknight|35/100|[from] item: Leftovers\n|upkeep\n|turn|4\n|inactive|Zangoose360 has 120 seconds left.\n|\n|t:|1782432433\n|move|p2a: Clawitzer|Water Pulse|p1a: Corviknight\n|-damage|p1a: Corviknight|0 fnt\n|faint|p1a: Corviknight\n|\n|upkeep\n|\n|t:|1782432443\n|switch|p1a: Cloyster|Cloyster, M|100/100\n|-activate|p1a: Cloyster|move: Sticky Web\n|-unboost|p1a: Cloyster|spe|1\n|turn|5\n|\n|t:|1782432449\n|move|p2a: Clawitzer|Aura Sphere|p1a: Cloyster\n|-supereffective|p1a: Cloyster\n|-damage|p1a: Cloyster|0 fnt\n|faint|p1a: Cloyster\n|\n|upkeep\n|c|☆g1itch3dswag|ggs\n|c|☆g1itch3dswag|oops\n|\n|t:|1782432456\n|switch|p1a: Garchomp|Garchomp, F|100/100\n|-activate|p1a: Garchomp|move: Sticky Web\n|-unboost|p1a: Garchomp|spe|1\n|turn|6\n|c|☆Zangoose360|gg\n|\n|t:|1782432467\n|-terastallize|p1a: Garchomp|Water\n|move|p2a: Clawitzer|Dragon Pulse|p1a: Garchomp\n|-damage|p1a: Garchomp|52/100\n|move|p1a: Garchomp|Scale Shot|p2a: Clawitzer\n|-damage|p2a: Clawitzer|17/100\n|-damage|p2a: Clawitzer|0 fnt\n|faint|p2a: Clawitzer\n|-hitcount|p2: Clawitzer|2\n|-unboost|p1a: Garchomp|def|1\n|-boost|p1a: Garchomp|spe|1\n|\n|upkeep\n|\n|t:|1782432475\n|switch|p2a: Basculegion|Basculegion, M|100/100\n|turn|7\n|j| dakodactle9090\n|inactive|Zangoose360 has 120 seconds left.\n|l| SatoruTempesttt\n|\n|t:|1782432513\n|move|p1a: Garchomp|Scale Shot|p2a: Basculegion\n|-damage|p2a: Basculegion|83/100\n|-damage|p2a: Basculegion|67/100\n|-damage|p2a: Basculegion|50/100\n|-damage|p2a: Basculegion|34/100\n|-crit|p2a: Basculegion\n|-damage|p2a: Basculegion|7/100\n|-hitcount|p2a: Basculegion|5\n|-unboost|p1a: Garchomp|def|1\n|-boost|p1a: Garchomp|spe|1\n|move|p2a: Basculegion|Outrage|p1a: Garchomp\n|-crit|p1a: Garchomp\n|-damage|p1a: Garchomp|0 fnt\n|-damage|p2a: Basculegion|0 fnt|[from] ability: Rough Skin|[of] p1a: Garchomp\n|faint|p1a: Garchomp\n|faint|p2a: Basculegion\n|\n|upkeep\n|\n|t:|1782432521\n|switch|p1a: Squirtle|Squirtle, M|100/100\n|switch|p2a: Delphox|Delphox, M|100/100\n|-activate|p1a: Squirtle|move: Sticky Web\n|-unboost|p1a: Squirtle|spe|1\n|turn|8\n|inactive|Zangoose360 has 120 seconds left.\n|\n|t:|1782432532\n|-terastallize|p2a: Delphox|Fighting\n|move|p2a: Delphox|Psyshock|p1a: Squirtle\n|-damage|p1a: Squirtle|15/100\n|move|p1a: Squirtle|Surf|p2a: Delphox\n|-damage|p2a: Delphox|53/100\n|\n|upkeep\n|turn|9\n|c|☆g1itch3dswag|a squirtle vs a delphox\n|c|☆g1itch3dswag|yeah it's over\n|\n|t:|1782432539\n|move|p2a: Delphox|Psyshock|p1a: Squirtle\n|-damage|p1a: Squirtle|0 fnt\n|faint|p1a: Squirtle\n|\n|win|Zangoose360\n|n|☆g1itch3dswag|g1itch3dswag\n|n|☆Zangoose360|zangoose360\n|n|*Lady Monita |ladymonita\n|n| dakodactle9090|dakodactle9090\n", "uploadtime": 1782432539, "views": 15, "formatid": "gen9ou", "rating": null, "private": 0, "password": null}