{"id": "gen9ou-2540472744", "format": "[Gen 9] OU", "players": ["iheartgalvantula", "wedgie dealer"], "log": "|j|☆iheartgalvantula\n|j|☆wedgie dealer\n|t:|1771206338\n|gametype|singles\n|player|p1|iheartgalvantula|unknown|1553\n|player|p2|wedgie dealer|170|1588\n|gen|9\n|tier|[Gen 9] OU\n|rated|\n|rule|HP Percentage Mod: HP is shown in percentages\n|rule|Endless Battle Clause: Forcing endless battles is banned\n|rule|Species Clause: Limit one of each Pokémon\n|rule|OHKO Clause: OHKO moves are banned\n|rule|Evasion Items Clause: Evasion items are banned\n|rule|Evasion Moves Clause: Evasion moves are banned\n|rule|Evasion Abilities Clause: Evasion abilities are banned\n|rule|Sleep Moves Clause: Sleep-inducing moves are banned\n|clearpoke\n|poke|p1|Galvantula, F|\n|poke|p1|Salamence, M|\n|poke|p1|Enamorus, F|\n|poke|p1|Kingambit, F|\n|poke|p1|Gholdengo|\n|poke|p1|Tyranitar, F|\n|poke|p2|Dragapult, F|\n|poke|p2|Alomomola, F|\n|poke|p2|Ting-Lu|\n|poke|p2|Kyurem|\n|poke|p2|Weezing-Galar, F|\n|poke|p2|Corviknight, F|\n|teampreview\n|inactive|Battle timer is ON: inactive players will automatically lose when time's up. (requested by iheartgalvantula)\n|l|☆iheartgalvantula\n|inactive|iheartgalvantula disconnected and has a minute to reconnect!\n|player|p1|\n|j|☆iheartgalvantula\n|inactive|iheartgalvantula reconnected and has 130 seconds left.\n|player|p1|iheartgalvantula|unknown|\n|j| hbgzd\n|inactive|wedgie dealer has 120 seconds left.\n|\n|t:|1771206384\n|teamsize|p1|6\n|teamsize|p2|6\n|start\n|switch|p1a: Tyranitar|Tyranitar, F|100/100\n|switch|p2a: Moody Blues|Dragapult, F|100/100\n|-weather|Sandstorm|[from] ability: Sand Stream|[of] p1a: Tyranitar\n|turn|1\n|\n|t:|1771206392\n|move|p2a: Moody Blues|U-turn|p1a: Tyranitar\n|-supereffective|p1a: Tyranitar\n|-damage|p1a: Tyranitar|35/100\n|\n|t:|1771206397\n|switch|p2a: Ting-Lu|Ting-Lu|100/100|[from] U-turn\n|-ability|p2a: Ting-Lu|Vessel of Ruin\n|move|p1a: Tyranitar|Dragon Dance|p1a: Tyranitar\n|-boost|p1a: Tyranitar|atk|1\n|-boost|p1a: Tyranitar|spe|1\n|\n|-weather|Sandstorm|[upkeep]\n|upkeep\n|turn|2\n|inactive|wedgie dealer has 120 seconds left.\n|inactive|wedgie dealer has 90 seconds left.\n|\n|t:|1771206471\n|move|p1a: Tyranitar|Stealth Rock|p2a: Ting-Lu\n|-sidestart|p2: wedgie dealer|move: Stealth Rock\n|move|p2a: Ting-Lu|Stealth Rock|p1a: Tyranitar\n|-sidestart|p1: iheartgalvantula|move: Stealth Rock\n|\n|-weather|Sandstorm|[upkeep]\n|upkeep\n|turn|3\n|\n|t:|1771206487\n|switch|p1a: Galvantula|Galvantula, F|100/100\n|-damage|p1a: Galvantula|76/100|[from] Stealth Rock\n|switch|p2a: Fogbound Lake|Alomomola, F|100/100\n|-damage|p2a: Fogbound Lake|88/100|[from] Stealth Rock\n|\n|-weather|Sandstorm|[upkeep]\n|-damage|p1a: Galvantula|70/100|[from] Sandstorm\n|-damage|p2a: Fogbound Lake|82/100|[from] Sandstorm\n|upkeep\n|turn|4\n|\n|t:|1771206495\n|switch|p2a: Ting-Lu|Ting-Lu|100/100\n|-damage|p2a: Ting-Lu|94/100|[from] Stealth Rock\n|-ability|p2a: Ting-Lu|Vessel of Ruin\n|move|p1a: Galvantula|Sticky Web|p2a: Ting-Lu\n|-sidestart|p2: wedgie dealer|move: Sticky Web\n|\n|-weather|Sandstorm|[upkeep]\n|-damage|p1a: Galvantula|63/100|[from] Sandstorm\n|-heal|p2a: Ting-Lu|100/100|[from] item: Leftovers\n|upkeep\n|turn|5\n|\n|t:|1771206503\n|move|p1a: Galvantula|Tera Blast|p2a: Ting-Lu\n|-damage|p2a: Ting-Lu|90/100\n|move|p2a: Ting-Lu|Earthquake|p1a: Galvantula\n|-damage|p1a: Galvantula|0 fnt\n|faint|p1a: Galvantula\n|\n|-weather|none\n|-heal|p2a: Ting-Lu|96/100|[from] item: Leftovers\n|upkeep\n|\n|t:|1771206510\n|switch|p1a: Enamorus|Enamorus, F|100/100\n|-damage|p1a: Enamorus|76/100|[from] Stealth Rock\n|turn|6\n|inactive|wedgie dealer has 90 seconds left.\n|\n|t:|1771206551\n|move|p1a: Enamorus|Moonblast|p2a: Ting-Lu\n|-supereffective|p2a: Ting-Lu\n|-damage|p2a: Ting-Lu|32/100\n|move|p2a: Ting-Lu|Ruination|p1a: Enamorus\n|-damage|p1a: Enamorus|38/100\n|\n|-heal|p2a: Ting-Lu|38/100|[from] item: Leftovers\n|upkeep\n|turn|7\n|\n|t:|1771206557\n|move|p1a: Enamorus|Moonblast|p2a: Ting-Lu\n|-supereffective|p2a: Ting-Lu\n|-damage|p2a: Ting-Lu|0 fnt\n|faint|p2a: Ting-Lu\n|\n|upkeep\n|\n|t:|1771206565\n|switch|p2a: Corviknight|Corviknight, F|100/100\n|-damage|p2a: Corviknight|88/100|[from] Stealth Rock\n|-ability|p2a: Corviknight|Pressure\n|turn|8\n|\n|t:|1771206571\n|switch|p1a: Gholdengo|Gholdengo|100/100\n|-damage|p1a: Gholdengo|94/100|[from] Stealth Rock\n|-item|p1a: Gholdengo|Air Balloon\n|move|p2a: Corviknight|Defog|p1a: Gholdengo\n|-immune|p1a: Gholdengo|[from] ability: Good as Gold\n|\n|-heal|p2a: Corviknight|94/100|[from] item: Leftovers\n|upkeep\n|turn|9\n|\n|t:|1771206577\n|move|p1a: Gholdengo|Shadow Ball|p2a: Corviknight\n|-damage|p2a: Corviknight|61/100\n|move|p2a: Corviknight|U-turn|p1a: Gholdengo\n|-resisted|p1a: Gholdengo\n|-damage|p1a: Gholdengo|91/100\n|-enditem|p1a: Gholdengo|Air Balloon\n|inactive|wedgie dealer has 90 seconds left.\n|\n|t:|1771206583\n|switch|p2a: Weezing|Weezing-Galar, F|100/100|[from] U-turn\n|-ability|p2a: Weezing|Neutralizing Gas\n|-damage|p2a: Weezing|88/100|[from] Stealth Rock\n|-activate|p2a: Weezing|move: Sticky Web\n|-unboost|p2a: Weezing|spe|1\n|\n|-heal|p2a: Weezing|94/100|[from] item: Leftovers\n|upkeep\n|turn|10\n|\n|t:|1771206592\n|move|p1a: Gholdengo|Make It Rain|p2a: Weezing\n|-supereffective|p2a: Weezing\n|-damage|p2a: Weezing|0 fnt\n|-unboost|p1a: Gholdengo|spa|1\n|faint|p2a: Weezing\n|-end|p2a: Weezing|ability: Neutralizing Gas\n|\n|upkeep\n|\n|t:|1771206601\n|switch|p2a: Fogbound Lake|Alomomola, F|100/100\n|-damage|p2a: Fogbound Lake|88/100|[from] Stealth Rock\n|-activate|p2a: Fogbound Lake|move: Sticky Web\n|-unboost|p2a: Fogbound Lake|spe|1\n|turn|11\n|\n|t:|1771206611\n|switch|p1a: Tyranitar|Tyranitar, F|35/100\n|-damage|p1a: Tyranitar|23/100|[from] Stealth Rock\n|-weather|Sandstorm|[from] ability: Sand Stream|[of] p1a: Tyranitar\n|move|p2a: Fogbound Lake|Flip Turn|p1a: Tyranitar\n|-supereffective|p1a: Tyranitar\n|-damage|p1a: Tyranitar|0 fnt\n|faint|p1a: Tyranitar\n|\n|t:|1771206615\n|switch|p2a: Corviknight|Corviknight, F|61/100|[from] Flip Turn\n|-damage|p2a: Corviknight|48/100|[from] Stealth Rock\n|-ability|p2a: Corviknight|Pressure\n|\n|-weather|Sandstorm|[upkeep]\n|-heal|p2a: Corviknight|55/100|[from] item: Leftovers\n|upkeep\n|\n|t:|1771206623\n|switch|p1a: Gholdengo|Gholdengo|91/100\n|-damage|p1a: Gholdengo|85/100|[from] Stealth Rock\n|turn|12\n|\n|t:|1771206632\n|move|p1a: Gholdengo|Shadow Ball|p2a: Corviknight\n|-damage|p2a: Corviknight|25/100\n|move|p2a: Corviknight|Roost|p2a: Corviknight\n|-heal|p2a: Corviknight|75/100\n|-singleturn|p2a: Corviknight|move: Roost\n|\n|-weather|Sandstorm|[upkeep]\n|-heal|p2a: Corviknight|81/100|[from] item: Leftovers\n|upkeep\n|turn|13\n|\n|t:|1771206639\n|move|p1a: Gholdengo|Nasty Plot|p1a: Gholdengo\n|-boost|p1a: Gholdengo|spa|2\n|move|p2a: Corviknight|U-turn|p1a: Gholdengo\n|-resisted|p1a: Gholdengo\n|-crit|p1a: Gholdengo\n|-damage|p1a: Gholdengo|80/100\n|\n|t:|1771206649\n|switch|p2a: Tiffany BlueStones|Kyurem, shiny|100/100|[from] U-turn\n|-damage|p2a: Tiffany BlueStones|76/100|[from] Stealth Rock\n|-activate|p2a: Tiffany BlueStones|move: Sticky Web\n|-unboost|p2a: Tiffany BlueStones|spe|1\n|-ability|p2a: Tiffany BlueStones|Pressure\n|\n|-weather|Sandstorm|[upkeep]\n|-damage|p2a: Tiffany BlueStones|70/100|[from] Sandstorm\n|-heal|p2a: Tiffany BlueStones|76/100|[from] item: Leftovers\n|upkeep\n|turn|14\n|\n|t:|1771206661\n|-terastallize|p2a: Tiffany BlueStones|Steel\n|move|p1a: Gholdengo|Make It Rain|p2a: Tiffany BlueStones\n|-resisted|p2a: Tiffany BlueStones\n|-damage|p2a: Tiffany BlueStones|4/100\n|-unboost|p1a: Gholdengo|spa|1\n|move|p2a: Tiffany BlueStones|Earth Power|p1a: Gholdengo\n|-supereffective|p1a: Gholdengo\n|-damage|p1a: Gholdengo|8/100\n|\n|-weather|Sandstorm|[upkeep]\n|-heal|p2a: Tiffany BlueStones|10/100|[from] item: Leftovers\n|upkeep\n|turn|15\n|\n|t:|1771206669\n|move|p1a: Gholdengo|Shadow Ball|p2a: Tiffany BlueStones\n|-damage|p2a: Tiffany BlueStones|0 fnt\n|faint|p2a: Tiffany BlueStones\n|\n|-weather|none\n|upkeep\n|\n|t:|1771206672\n|switch|p2a: Fogbound Lake|Alomomola, F|100/100\n|-damage|p2a: Fogbound Lake|88/100|[from] Stealth Rock\n|-activate|p2a: Fogbound Lake|move: Sticky Web\n|-unboost|p2a: Fogbound Lake|spe|1\n|turn|16\n|\n|t:|1771206675\n|move|p1a: Gholdengo|Shadow Ball|p2a: Fogbound Lake\n|-damage|p2a: Fogbound Lake|8/100\n|-unboost|p2a: Fogbound Lake|spd|1\n|move|p2a: Fogbound Lake|Flip Turn|p1a: Gholdengo\n|-crit|p1a: Gholdengo\n|-damage|p1a: Gholdengo|0 fnt\n|faint|p1a: Gholdengo\n|\n|t:|1771206678\n|switch|p2a: Corviknight|Corviknight, F|81/100|[from] Flip Turn\n|-damage|p2a: Corviknight|69/100|[from] Stealth Rock\n|-ability|p2a: Corviknight|Pressure\n|\n|-heal|p2a: Corviknight|75/100|[from] item: Leftovers\n|upkeep\n|\n|t:|1771206686\n|switch|p1a: Salamence|Salamence, M|100/100\n|-damage|p1a: Salamence|76/100|[from] Stealth Rock\n|-ability|p1a: Salamence|Intimidate|boost\n|-unboost|p2a: Corviknight|atk|1\n|turn|17\n|\n|t:|1771206689\n|move|p1a: Salamence|Dragon Dance|p1a: Salamence\n|-boost|p1a: Salamence|atk|1\n|-boost|p1a: Salamence|spe|1\n|move|p2a: Corviknight|Defog|p1a: Salamence\n|-unboost|p1a: Salamence|evasion|1\n|-sideend|p1: iheartgalvantula|Stealth Rock|[from] move: Defog|[of] p2a: Corviknight\n|-sideend|p2: wedgie dealer|Stealth Rock|[from] move: Defog|[of] p2a: Corviknight\n|-sideend|p2: wedgie dealer|Sticky Web|[from] move: Defog|[of] p2a: Corviknight\n|\n|-heal|p2a: Corviknight|81/100|[from] item: Leftovers\n|upkeep\n|turn|18\n|\n|t:|1771206692\n|move|p1a: Salamence|Dragon Dance|p1a: Salamence\n|-boost|p1a: Salamence|atk|1\n|-boost|p1a: Salamence|spe|1\n|move|p2a: Corviknight|U-turn|p1a: Salamence\n|-resisted|p1a: Salamence\n|-damage|p1a: Salamence|69/100\n|\n|t:|1771206694\n|switch|p2a: Fogbound Lake|Alomomola, F|42/100|[from] U-turn\n|\n|upkeep\n|turn|19\n|\n|t:|1771206699\n|switch|p2a: Corviknight|Corviknight, F|81/100\n|-ability|p2a: Corviknight|Pressure\n|move|p1a: Salamence|Outrage|p2a: Corviknight\n|-resisted|p2a: Corviknight\n|-damage|p2a: Corviknight|5/100\n|-damage|p1a: Salamence|59/100|[from] item: Life Orb\n|\n|-heal|p2a: Corviknight|12/100|[from] item: Leftovers\n|upkeep\n|turn|20\n|\n|t:|1771206710\n|move|p1a: Salamence|Outrage|p2a: Corviknight|[from] lockedmove\n|-resisted|p2a: Corviknight\n|-damage|p2a: Corviknight|0 fnt\n|faint|p2a: Corviknight\n|-damage|p1a: Salamence|49/100|[from] item: Life Orb\n|\n|upkeep\n|\n|t:|1771206712\n|switch|p2a: Fogbound Lake|Alomomola, F|75/100\n|turn|21\n|\n|t:|1771206733\n|move|p1a: Salamence|Outrage|p2a: Fogbound Lake|[from] lockedmove\n|-damage|p2a: Fogbound Lake|0 fnt\n|-damage|p1a: Salamence|33/100|[from] item: Rocky Helmet|[of] p2a: Fogbound Lake\n|faint|p2a: Fogbound Lake\n|-damage|p1a: Salamence|23/100|[from] item: Life Orb\n|-start|p1a: Salamence|confusion|[fatigue]\n|\n|upkeep\n|\n|t:|1771206739\n|switch|p2a: Moody Blues|Dragapult, F|100/100\n|turn|22\n|\n|t:|1771206749\n|-activate|p1a: Salamence|confusion\n|move|p1a: Salamence|Outrage|p2a: Moody Blues\n|-supereffective|p2a: Moody Blues\n|-damage|p2a: Moody Blues|0 fnt\n|faint|p2a: Moody Blues\n|-damage|p1a: Salamence|13/100|[from] item: Life Orb\n|\n|win|iheartgalvantula\n|raw|iheartgalvantula's rating: 1553 &rarr; <strong>1575</strong><br />(+22 for winning)\n|raw|wedgie dealer's rating: 1588 &rarr; <strong>1566</strong><br />(-22 for losing)\n|l|☆wedgie dealer\n|player|p2|\n|l|☆iheartgalvantula\n|player|p1|\n|l| hbgzd\n", "uploadtime": 1771206994, "views": 9, "formatid": "gen9ou", "rating": 1566, "private": 0, "password": null}