{"id": "gen9ou-2647807672", "format": "[Gen 9] OU", "players": ["pintzin_777", "roydihcmhdi"], "log": "|j|☆pintzin_777\n|j|☆roydihcmhdi\n|t:|1783816125\n|gametype|singles\n|player|p1|pintzin_777|n|1000\n|player|p2|roydihcmhdi|265|1047\n|gen|9\n|tier|[Gen 9] OU\n|rated|\n|rule|HP Percentage Mod: HP is shown in percentages\n|rule|Endless Battle Clause: Forcing endless battles is banned\n|rule|Species Clause: Limit one of each Pokémon\n|rule|OHKO Clause: OHKO moves are banned\n|rule|Evasion Items Clause: Evasion items are banned\n|rule|Evasion Moves Clause: Evasion moves are banned\n|rule|Evasion Abilities Clause: Evasion abilities are banned\n|rule|Sleep Moves Clause: Sleep-inducing moves are banned\n|clearpoke\n|poke|p1|Ceruledge, F|\n|poke|p1|Glimmora, M|\n|poke|p1|Hatterene, F|\n|poke|p1|Raging Bolt|\n|poke|p1|Samurott-Hisui, F|\n|poke|p1|Gliscor, M|\n|poke|p2|Pelipper, F|\n|poke|p2|Floatzel, M|\n|poke|p2|Raging Bolt|\n|poke|p2|Basculegion, M|\n|poke|p2|Alomomola, F|\n|poke|p2|Clodsire, F|\n|teampreview\n|inactive|Battle timer is ON: inactive players will automatically lose when time's up. (requested by roydihcmhdi)\n|\n|t:|1783816145\n|teamsize|p1|6\n|teamsize|p2|6\n|start\n|switch|p1a: Glimmora|Glimmora, M|100/100\n|switch|p2a: Pelipper|Pelipper, F|100/100\n|-weather|RainDance|[from] ability: Drizzle|[of] p2a: Pelipper\n|turn|1\n|\n|t:|1783816154\n|switch|p2a: Clodsire|Clodsire, F|100/100\n|move|p1a: Glimmora|Stealth Rock|p2a: Clodsire\n|-sidestart|p2: roydihcmhdi|move: Stealth Rock\n|\n|-weather|RainDance|[upkeep]\n|upkeep\n|turn|2\n|\n|t:|1783816161\n|move|p1a: Glimmora|Stealth Rock||[still]\n|-fail|p1a: Glimmora\n|move|p2a: Clodsire|Earthquake|p1a: Glimmora\n|-supereffective|p1a: Glimmora\n|-enditem|p1a: Glimmora|Focus Sash\n|-damage|p1a: Glimmora|1/100\n|-activate|p1a: Glimmora|ability: Toxic Debris\n|-sidestart|p2: roydihcmhdi|move: Toxic Spikes\n|\n|-weather|RainDance|[upkeep]\n|upkeep\n|turn|3\n|\n|t:|1783816176\n|switch|p2a: Pelipper|Pelipper, F|100/100\n|-damage|p2a: Pelipper|76/100|[from] Stealth Rock\n|move|p1a: Glimmora|Earth Power|p2a: Pelipper\n|-immune|p2a: Pelipper\n|\n|-weather|RainDance|[upkeep]\n|upkeep\n|turn|4\n|\n|t:|1783816185\n|move|p1a: Glimmora|Mortal Spin|p2a: Pelipper\n|-damage|p2a: Pelipper|70/100\n|-status|p2a: Pelipper|psn\n|move|p2a: Pelipper|U-turn|p1a: Glimmora\n|-resisted|p1a: Glimmora\n|-damage|p1a: Glimmora|0 fnt\n|-activate|p1a: Glimmora|ability: Toxic Debris\n|-sidestart|p2: roydihcmhdi|move: Toxic Spikes\n|faint|p1a: Glimmora\n|\n|t:|1783816188\n|switch|p2a: Clodsire|Clodsire, F|100/100|[from] U-turn\n|-damage|p2a: Clodsire|94/100|[from] Stealth Rock\n|-sideend|p2: roydihcmhdi|move: Toxic Spikes|[of] p2a: Clodsire\n|\n|-weather|RainDance|[upkeep]\n|-heal|p2a: Clodsire|100/100|[from] item: Leftovers\n|upkeep\n|\n|t:|1783816202\n|switch|p1a: Gliscor|Gliscor, M|100/100\n|turn|5\n|\n|t:|1783816212\n|switch|p2a: Alomomola|Alomomola, F|100/100\n|-damage|p2a: Alomomola|88/100|[from] Stealth Rock\n|move|p1a: Gliscor|Swords Dance|p1a: Gliscor\n|-boost|p1a: Gliscor|atk|2\n|\n|-weather|RainDance|[upkeep]\n|-status|p1a: Gliscor|tox|[from] item: Toxic Orb\n|upkeep\n|turn|6\n|\n|t:|1783816224\n|move|p1a: Gliscor|Knock Off|p2a: Alomomola\n|-damage|p2a: Alomomola|67/100\n|-damage|p1a: Gliscor|84/100 tox|[from] item: Rocky Helmet|[of] p2a: Alomomola\n|-enditem|p2a: Alomomola|Rocky Helmet|[from] move: Knock Off|[of] p1a: Gliscor\n|move|p2a: Alomomola|Flip Turn|p1a: Gliscor\n|-supereffective|p1a: Gliscor\n|-damage|p1a: Gliscor|50/100 tox\n|\n|t:|1783816227\n|switch|p2a: Floatzel|Floatzel, M|100/100|[from] Flip Turn\n|-damage|p2a: Floatzel|88/100|[from] Stealth Rock\n|\n|-weather|RainDance|[upkeep]\n|-heal|p1a: Gliscor|62/100 tox|[from] ability: Poison Heal\n|upkeep\n|turn|7\n|\n|t:|1783816240\n|-terastallize|p2a: Floatzel|Water\n|move|p1a: Gliscor|Protect|p1a: Gliscor\n|-singleturn|p1a: Gliscor|Protect\n|move|p2a: Floatzel|Wave Crash|p1a: Gliscor\n|-activate|p1a: Gliscor|move: Protect\n|\n|-weather|RainDance|[upkeep]\n|-heal|p1a: Gliscor|75/100 tox|[from] ability: Poison Heal\n|upkeep\n|turn|8\n|\n|t:|1783816253\n|move|p2a: Floatzel|Wave Crash|p1a: Gliscor\n|-supereffective|p1a: Gliscor\n|-damage|p1a: Gliscor|0 fnt\n|faint|p1a: Gliscor\n|-damage|p2a: Floatzel|61/100|[from] Recoil\n|\n|-weather|none\n|upkeep\n|\n|t:|1783816261\n|switch|p1a: Raging Bolt|Raging Bolt|100/100\n|-enditem|p1a: Raging Bolt|Booster Energy\n|-activate|p1a: Raging Bolt|ability: Protosynthesis|[fromitem]\n|-start|p1a: Raging Bolt|protosynthesisspa\n|turn|9\n|\n|t:|1783816269\n|switch|p2a: Clodsire|Clodsire, F|100/100\n|-damage|p2a: Clodsire|94/100|[from] Stealth Rock\n|move|p1a: Raging Bolt|Calm Mind|p1a: Raging Bolt\n|-boost|p1a: Raging Bolt|spa|1\n|-boost|p1a: Raging Bolt|spd|1\n|\n|-heal|p2a: Clodsire|100/100|[from] item: Leftovers\n|upkeep\n|turn|10\n|\n|t:|1783816280\n|move|p1a: Raging Bolt|Dragon Pulse|p2a: Clodsire\n|-damage|p2a: Clodsire|45/100\n|move|p2a: Clodsire|Earthquake|p1a: Raging Bolt\n|-supereffective|p1a: Raging Bolt\n|-damage|p1a: Raging Bolt|49/100\n|\n|-heal|p2a: Clodsire|51/100|[from] item: Leftovers\n|upkeep\n|turn|11\n|\n|t:|1783816289\n|move|p1a: Raging Bolt|Dragon Pulse|p2a: Clodsire\n|-damage|p2a: Clodsire|1/100\n|move|p2a: Clodsire|Earthquake|p1a: Raging Bolt\n|-supereffective|p1a: Raging Bolt\n|-damage|p1a: Raging Bolt|2/100\n|\n|-heal|p2a: Clodsire|7/100|[from] item: Leftovers\n|upkeep\n|turn|12\n|\n|t:|1783816299\n|move|p1a: Raging Bolt|Dragon Pulse|p2a: Clodsire\n|-damage|p2a: Clodsire|0 fnt\n|faint|p2a: Clodsire\n|\n|upkeep\n|\n|t:|1783816304\n|switch|p2a: Basculegion|Basculegion, M|100/100\n|-damage|p2a: Basculegion|88/100|[from] Stealth Rock\n|turn|13\n|\n|t:|1783816320\n|move|p2a: Basculegion|Aqua Jet|p1a: Raging Bolt\n|-resisted|p1a: Raging Bolt\n|-damage|p1a: Raging Bolt|0 fnt\n|faint|p1a: Raging Bolt\n|-end|p1a: Raging Bolt|Protosynthesis|[silent]\n|\n|upkeep\n|\n|t:|1783816327\n|switch|p1a: Hatterene|Hatterene, F|100/100\n|turn|14\n|\n|t:|1783816336\n|switch|p2a: Pelipper|Pelipper, F|70/100 psn\n|-damage|p2a: Pelipper|45/100 psn|[from] Stealth Rock\n|-weather|RainDance|[from] ability: Drizzle|[of] p2a: Pelipper\n|move|p1a: Hatterene|Calm Mind|p1a: Hatterene\n|-boost|p1a: Hatterene|spa|1\n|-boost|p1a: Hatterene|spd|1\n|\n|-weather|RainDance|[upkeep]\n|-damage|p2a: Pelipper|33/100 psn|[from] psn\n|upkeep\n|turn|15\n|\n|t:|1783816352\n|move|p2a: Pelipper|Knock Off|p1a: Hatterene\n|-damage|p1a: Hatterene|86/100\n|-enditem|p1a: Hatterene|Leftovers|[from] move: Knock Off|[of] p2a: Pelipper\n|move|p1a: Hatterene|Draining Kiss|p2a: Pelipper\n|-damage|p2a: Pelipper|0 fnt\n|-heal|p1a: Hatterene|100/100|[from] drain|[of] p2a: Pelipper\n|faint|p2a: Pelipper\n|\n|-weather|RainDance|[upkeep]\n|upkeep\n|\n|t:|1783816357\n|switch|p2a: Floatzel|Floatzel, M, tera:Water|61/100\n|-damage|p2a: Floatzel|48/100|[from] Stealth Rock\n|turn|16\n|\n|t:|1783816368\n|move|p2a: Floatzel|Wave Crash|p1a: Hatterene\n|-damage|p1a: Hatterene|0 fnt\n|faint|p1a: Hatterene\n|-damage|p2a: Floatzel|21/100|[from] Recoil\n|\n|-weather|RainDance|[upkeep]\n|upkeep\n|\n|t:|1783816375\n|switch|p1a: Samurott|Samurott-Hisui, F, shiny|100/100\n|turn|17\n|\n|t:|1783816380\n|move|p1a: Samurott|Sucker Punch|p2a: Floatzel\n|-damage|p2a: Floatzel|0 fnt\n|faint|p2a: Floatzel\n|\n|-weather|RainDance|[upkeep]\n|upkeep\n|\n|t:|1783816384\n|switch|p2a: Raging Bolt|Raging Bolt|100/100\n|-damage|p2a: Raging Bolt|88/100|[from] Stealth Rock\n|turn|18\n|\n|t:|1783816390\n|move|p1a: Samurott|Ceaseless Edge|p2a: Raging Bolt\n|-damage|p2a: Raging Bolt|41/100\n|-sidestart|p2: roydihcmhdi|Spikes\n|move|p2a: Raging Bolt|Thunder|p1a: Samurott\n|-supereffective|p1a: Samurott\n|-damage|p1a: Samurott|0 fnt\n|faint|p1a: Samurott\n|\n|-weather|RainDance|[upkeep]\n|-heal|p2a: Raging Bolt|47/100|[from] item: Leftovers\n|upkeep\n|\n|t:|1783816401\n|switch|p1a: Ceruledge|Ceruledge, F|100/100\n|-item|p1a: Ceruledge|Air Balloon\n|turn|19\n|\n|t:|1783816408\n|-terastallize|p1a: Ceruledge|Fairy\n|move|p1a: Ceruledge|Swords Dance|p1a: Ceruledge\n|-boost|p1a: Ceruledge|atk|2\n|move|p2a: Raging Bolt|Thunder|p1a: Ceruledge\n|-damage|p1a: Ceruledge|30/100\n|-enditem|p1a: Ceruledge|Air Balloon\n|\n|-weather|RainDance|[upkeep]\n|-heal|p2a: Raging Bolt|53/100|[from] item: Leftovers\n|upkeep\n|turn|20\n|\n|t:|1783816421\n|move|p2a: Raging Bolt|Thunderclap|p1a: Ceruledge\n|-damage|p1a: Ceruledge|0 fnt\n|faint|p1a: Ceruledge\n|\n|win|roydihcmhdi\n|raw|pintzin_777's rating: 1000 &rarr; <strong>1000</strong><br />(+0 for losing)\n|raw|roydihcmhdi's rating: 1047 &rarr; <strong>1076</strong><br />(+29 for winning)\n", "uploadtime": 1783816426, "views": 8, "formatid": "gen9ou", "rating": 1000, "private": 0, "password": null}