{"id": "gen9ou-2647697445", "format": "[Gen 9] OU", "players": ["ItzPoptarts", "dmtroop"], "log": "|j|☆ItzPoptarts\n|j|☆dmtroop\n|t:|1783797953\n|gametype|singles\n|player|p1|ItzPoptarts|266|1305\n|player|p2|dmtroop|koga|1348\n|gen|9\n|tier|[Gen 9] OU\n|rated|\n|rule|HP Percentage Mod: HP is shown in percentages\n|rule|Endless Battle Clause: Forcing endless battles is banned\n|rule|Species Clause: Limit one of each Pokémon\n|rule|OHKO Clause: OHKO moves are banned\n|rule|Evasion Items Clause: Evasion items are banned\n|rule|Evasion Moves Clause: Evasion moves are banned\n|rule|Evasion Abilities Clause: Evasion abilities are banned\n|rule|Sleep Moves Clause: Sleep-inducing moves are banned\n|clearpoke\n|poke|p1|Landorus-Therian, M|\n|poke|p1|Iron Hands|\n|poke|p1|Samurott-Hisui, F|\n|poke|p1|Hoopa-Unbound|\n|poke|p1|Enamorus-Therian, F|\n|poke|p1|Greninja-*, M|\n|poke|p2|Greninja-*, M|\n|poke|p2|Raging Bolt|\n|poke|p2|Glimmora, F|\n|poke|p2|Meowscarada, F|\n|poke|p2|Gholdengo|\n|poke|p2|Iron Valiant|\n|teampreview\n|c|☆dmtroop|Gl hf\n|inactive|Battle timer is ON: inactive players will automatically lose when time's up. (requested by dmtroop)\n|\n|t:|1783797979\n|teamsize|p1|6\n|teamsize|p2|6\n|start\n|switch|p1a: Enamorus|Enamorus-Therian, F|100/100\n|switch|p2a: Meowscarada|Meowscarada, F|100/100\n|turn|1\n|\n|t:|1783797986\n|move|p2a: Meowscarada|Triple Axel|p1a: Enamorus\n|-start|p2a: Meowscarada|typechange|Ice|[from] ability: Protean\n|-supereffective|p1a: Enamorus\n|-damage|p1a: Enamorus|83/100\n|-supereffective|p1a: Enamorus\n|-damage|p1a: Enamorus|53/100\n|-supereffective|p1a: Enamorus\n|-damage|p1a: Enamorus|2/100\n|-hitcount|p1a: Enamorus|3\n|move|p1a: Enamorus|Mystical Fire|p2a: Meowscarada\n|-supereffective|p2a: Meowscarada\n|-damage|p2a: Meowscarada|13/100\n|-unboost|p2a: Meowscarada|spa|1\n|\n|upkeep\n|turn|2\n|\n|t:|1783798000\n|move|p2a: Meowscarada|Triple Axel|p1a: Enamorus\n|-supereffective|p1a: Enamorus\n|-damage|p1a: Enamorus|0 fnt\n|faint|p1a: Enamorus\n|-hitcount|p1: Enamorus|1\n|\n|upkeep\n|\n|t:|1783798009\n|switch|p1a: Greninja|Greninja, M|100/100\n|turn|3\n|\n|t:|1783798013\n|switch|p2a: Glimmora|Glimmora, F|100/100\n|move|p1a: Greninja|Water Shuriken|p2a: Glimmora\n|-supereffective|p2a: Glimmora\n|-damage|p2a: Glimmora|81/100\n|-supereffective|p2a: Glimmora\n|-damage|p2a: Glimmora|63/100\n|-supereffective|p2a: Glimmora\n|-damage|p2a: Glimmora|44/100\n|-supereffective|p2a: Glimmora\n|-damage|p2a: Glimmora|24/100\n|-hitcount|p2a: Glimmora|4\n|\n|upkeep\n|turn|4\n|\n|t:|1783798031\n|switch|p2a: Raging Bolt|Raging Bolt|100/100\n|move|p1a: Greninja|Dark Pulse|p2a: Raging Bolt\n|-damage|p2a: Raging Bolt|67/100\n|\n|-heal|p2a: Raging Bolt|73/100|[from] item: Leftovers\n|upkeep\n|turn|5\n|\n|t:|1783798039\n|switch|p1a: Landorus|Landorus-Therian, M|100/100\n|-ability|p1a: Landorus|Intimidate|boost\n|-unboost|p2a: Raging Bolt|atk|1\n|move|p2a: Raging Bolt|Calm Mind|p2a: Raging Bolt\n|-boost|p2a: Raging Bolt|spa|1\n|-boost|p2a: Raging Bolt|spd|1\n|\n|-heal|p2a: Raging Bolt|79/100|[from] item: Leftovers\n|upkeep\n|turn|6\n|\n|t:|1783798049\n|-terastallize|p2a: Raging Bolt|Fairy\n|move|p1a: Landorus|Earthquake|p2a: Raging Bolt\n|-damage|p2a: Raging Bolt|36/100\n|move|p2a: Raging Bolt|Dragon Pulse|p1a: Landorus\n|-damage|p1a: Landorus|19/100\n|\n|-heal|p2a: Raging Bolt|42/100|[from] item: Leftovers\n|upkeep\n|turn|7\n|\n|t:|1783798060\n|move|p1a: Landorus|Earthquake|p2a: Raging Bolt\n|-damage|p2a: Raging Bolt|0 fnt\n|faint|p2a: Raging Bolt\n|-end|p2a: Raging Bolt|Protosynthesis|[silent]\n|\n|upkeep\n|\n|t:|1783798066\n|switch|p2a: Meowscarada|Meowscarada, F|13/100\n|turn|8\n|\n|t:|1783798070\n|move|p2a: Meowscarada|Knock Off|p1a: Landorus\n|-start|p2a: Meowscarada|typechange|Dark|[from] ability: Protean\n|-damage|p1a: Landorus|0 fnt\n|-damage|p2a: Meowscarada|0 fnt|[from] item: Rocky Helmet|[of] p1a: Landorus\n|faint|p1a: Landorus\n|faint|p2a: Meowscarada\n|\n|upkeep\n|\n|t:|1783798081\n|switch|p2a: Glimmora|Glimmora, F|24/100\n|switch|p1a: Hoopa|Hoopa-Unbound|100/100\n|turn|9\n|\n|t:|1783798098\n|move|p1a: Hoopa|Thunderbolt|p2a: Glimmora\n|-damage|p2a: Glimmora|0 fnt\n|faint|p2a: Glimmora\n|\n|upkeep\n|\n|t:|1783798116\n|switch|p2a: Greninja|Greninja, M|100/100\n|turn|10\n|\n|t:|1783798122\n|move|p1a: Hoopa|Thunderbolt|p2a: Greninja\n|-supereffective|p2a: Greninja\n|-damage|p2a: Greninja|0 fnt\n|faint|p2a: Greninja\n|\n|upkeep\n|\n|t:|1783798127\n|switch|p2a: Iron Valiant|Iron Valiant|100/100\n|turn|11\n|\n|t:|1783798132\n|move|p1a: Hoopa|Thunderbolt|p2a: Iron Valiant\n|-damage|p2a: Iron Valiant|35/100\n|move|p2a: Iron Valiant|Moonblast|p1a: Hoopa\n|-supereffective|p1a: Hoopa\n|-damage|p1a: Hoopa|0 fnt\n|faint|p1a: Hoopa\n|\n|upkeep\n|\n|t:|1783798139\n|switch|p1a: Greninja|Greninja, M|100/100\n|turn|12\n|\n|t:|1783798148\n|move|p1a: Greninja|Sludge Wave|p2a: Iron Valiant\n|-supereffective|p2a: Iron Valiant\n|-damage|p2a: Iron Valiant|0 fnt\n|faint|p2a: Iron Valiant\n|-end|p2a: Iron Valiant|Quark Drive|[silent]\n|-ability|p1a: Greninja|Battle Bond|boost\n|-boost|p1a: Greninja|atk|1\n|-boost|p1a: Greninja|spa|1\n|-boost|p1a: Greninja|spe|1\n|-activate|p1a: Greninja|ability: Battle Bond\n|\n|upkeep\n|c|☆dmtroop|Gg\n|-message|dmtroop forfeited.\n|\n|win|ItzPoptarts\n|raw|ItzPoptarts's rating: 1305 &rarr; <strong>1327</strong><br />(+22 for winning)\n|raw|dmtroop's rating: 1348 &rarr; <strong>1326</strong><br />(-22 for losing)\n|l|☆dmtroop\n|player|p2|\n|l|☆ItzPoptarts\n|player|p1|\n", "uploadtime": 1783798430, "views": 5, "formatid": "gen9ou", "rating": 1326, "private": 0, "password": null}