{"id": "gen9ou-2540847163", "format": "[Gen 9] OU", "players": ["Wuerfel", "Shockmoth"], "log": "|badge|p2|bronze|gen9ou|100-8\n|uhtml|medal-msg|<div class=\"broadcast-blue\">Curious what those medals under the avatar are? PS now has Ladder Seasons! For more information, check out the <a href=\"https://www.smogon.com/forums/threads/3740067/\">thread on Smogon.</a></div>\n|j|☆Wuerfel\n|j|☆Shockmoth\n|t:|1771260146\n|gametype|singles\n|player|p1|Wuerfel|serena-masters|1661\n|player|p2|Shockmoth|wattson|1911\n|gen|9\n|tier|[Gen 9] OU\n|rated|\n|rule|HP Percentage Mod: HP is shown in percentages\n|rule|Endless Battle Clause: Forcing endless battles is banned\n|rule|Species Clause: Limit one of each Pokémon\n|rule|OHKO Clause: OHKO moves are banned\n|rule|Evasion Items Clause: Evasion items are banned\n|rule|Evasion Moves Clause: Evasion moves are banned\n|rule|Evasion Abilities Clause: Evasion abilities are banned\n|rule|Sleep Moves Clause: Sleep-inducing moves are banned\n|clearpoke\n|poke|p1|Kyurem|\n|poke|p1|Iron Crown|\n|poke|p1|Skeledirge, F|\n|poke|p1|Iron Valiant|\n|poke|p1|Alomomola, M|\n|poke|p1|Great Tusk|\n|poke|p2|Frosmoth, F|\n|poke|p2|Pincurchin, M|\n|poke|p2|Raichu-Alola, F|\n|poke|p2|Iron Hands|\n|poke|p2|Rotom-Wash|\n|poke|p2|Pawmot, F|\n|teampreview\n|inactive|Battle timer is ON: inactive players will automatically lose when time's up. (requested by Shockmoth)\n|j| Samurajen\n|inactive|Wuerfel has 120 seconds left.\n|\n|t:|1771260182\n|teamsize|p1|6\n|teamsize|p2|6\n|start\n|switch|p1a: Kyurem|Kyurem, shiny|100/100\n|switch|p2a: OH YEAH!!! YEAH!!|Pincurchin, M|100/100\n|-ability|p1a: Kyurem|Pressure\n|-fieldstart|move: Electric Terrain|[from] ability: Electric Surge|[of] p2a: OH YEAH!!! YEAH!!\n|turn|1\n|\n|t:|1771260192\n|move|p1a: Kyurem|Draco Meteor|p2a: OH YEAH!!! YEAH!!\n|-damage|p2a: OH YEAH!!! YEAH!!|0 fnt\n|-unboost|p1a: Kyurem|spa|2\n|faint|p2a: OH YEAH!!! YEAH!!\n|\n|upkeep\n|\n|t:|1771260194\n|switch|p2a: Iron Deficiency|Iron Hands|100/100\n|-activate|p2a: Iron Deficiency|ability: Quark Drive\n|-start|p2a: Iron Deficiency|quarkdriveatk\n|turn|2\n|\n|t:|1771260202\n|switch|p1a: Great Tusk|Great Tusk|100/100\n|move|p2a: Iron Deficiency|Supercell Slam|p1a: Great Tusk\n|-immune|p1a: Great Tusk\n|-damage|p2a: Iron Deficiency|50/100|[from] supercellslam\n|\n|upkeep\n|turn|3\n|\n|t:|1771260216\n|move|p1a: Great Tusk|Headlong Rush|p2a: Iron Deficiency\n|-supereffective|p2a: Iron Deficiency\n|-damage|p2a: Iron Deficiency|0 fnt\n|-unboost|p1a: Great Tusk|def|1\n|-unboost|p1a: Great Tusk|spd|1\n|faint|p2a: Iron Deficiency\n|-end|p2a: Iron Deficiency|Quark Drive|[silent]\n|\n|upkeep\n|\n|t:|1771260218\n|switch|p2a: Surf's Up (2007)|Raichu-Alola, F|100/100\n|turn|4\n|\n|t:|1771260230\n|-end|p1a: Great Tusk|Protosynthesis|[silent]\n|switch|p1a: Iron Crown|Iron Crown|100/100\n|-activate|p1a: Iron Crown|ability: Quark Drive\n|-start|p1a: Iron Crown|quarkdrivespa\n|move|p2a: Surf's Up (2007)|Volt Switch|p1a: Iron Crown\n|-damage|p1a: Iron Crown|67/100\n|\n|t:|1771260233\n|switch|p2a: Evanescence|Pawmot, F|100/100|[from] Volt Switch\n|\n|upkeep\n|turn|5\n|inactive|Wuerfel has 120 seconds left.\n|\n|t:|1771260273\n|-end|p1a: Iron Crown|Quark Drive|[silent]\n|switch|p1a: Great Tusk|Great Tusk|100/100\n|move|p2a: Evanescence|Nuzzle|p1a: Great Tusk\n|-immune|p1a: Great Tusk\n|\n|upkeep\n|turn|6\n|inactive|Wuerfel has 120 seconds left.\n|\n|t:|1771260286\n|switch|p2a: William O' Wisp|Rotom-Wash|100/100\n|-end|p1a: Great Tusk|Protosynthesis|[silent]\n|switch|p1a: Iron Crown|Iron Crown|67/100\n|-activate|p1a: Iron Crown|ability: Quark Drive\n|-start|p1a: Iron Crown|quarkdrivespa\n|\n|upkeep\n|turn|7\n|inactive|Wuerfel has 120 seconds left.\n|\n|t:|1771260301\n|switch|p2a: Evanescence|Pawmot, F|100/100\n|move|p1a: Iron Crown|Psychic Noise|p2a: Evanescence\n|-supereffective|p2a: Evanescence\n|-damage|p2a: Evanescence|0 fnt\n|faint|p2a: Evanescence\n|\n|upkeep\n|\n|t:|1771260305\n|switch|p2a: William O' Wisp|Rotom-Wash|100/100\n|turn|8\n|inactive|Wuerfel has 120 seconds left.\n|\n|t:|1771260315\n|move|p1a: Iron Crown|Volt Switch|p2a: William O' Wisp\n|-damage|p2a: William O' Wisp|55/100\n|inactive|Wuerfel has 120 seconds left.\n|j| firecharmander004\n|\n|t:|1771260331\n|-end|p1a: Iron Crown|Quark Drive|[silent]\n|switch|p1a: Kyurem|Kyurem, shiny|100/100|[from] Volt Switch\n|-ability|p1a: Kyurem|Pressure\n|move|p2a: William O' Wisp|Light Screen|p2a: William O' Wisp\n|-sidestart|p2: Shockmoth|move: Light Screen\n|\n|-fieldend|move: Electric Terrain\n|upkeep\n|turn|9\n|\n|t:|1771260340\n|move|p1a: Kyurem|Freeze-Dry|p2a: William O' Wisp\n|-supereffective|p2a: William O' Wisp\n|-damage|p2a: William O' Wisp|0 fnt\n|faint|p2a: William O' Wisp\n|\n|upkeep\n|\n|t:|1771260342\n|switch|p2a: Finger Eleven|Frosmoth, F, shiny|100/100\n|turn|10\n|\n|t:|1771260349\n|switch|p1a: Skeledirge|Skeledirge, F|100/100\n|move|p2a: Finger Eleven|Quiver Dance|p2a: Finger Eleven\n|-boost|p2a: Finger Eleven|spa|1\n|-boost|p2a: Finger Eleven|spd|1\n|-boost|p2a: Finger Eleven|spe|1\n|\n|upkeep\n|turn|11\n|inactive|Wuerfel has 120 seconds left.\n|\n|t:|1771260366\n|switch|p2a: Surf's Up (2007)|Raichu-Alola, F|100/100\n|move|p1a: Skeledirge|Roar|p2a: Surf's Up (2007)\n|drag|p2a: Finger Eleven|Frosmoth, F, shiny|100/100\n|\n|upkeep\n|turn|12\n|inactive|Wuerfel has 120 seconds left.\n|\n|t:|1771260377\n|switch|p2a: Surf's Up (2007)|Raichu-Alola, F|100/100\n|move|p1a: Skeledirge|Torch Song|p2a: Surf's Up (2007)\n|-crit|p2a: Surf's Up (2007)\n|-damage|p2a: Surf's Up (2007)|36/100\n|-boost|p1a: Skeledirge|spa|1\n|\n|upkeep\n|turn|13\n|inactive|Wuerfel has 120 seconds left.\n|\n|t:|1771260389\n|switch|p1a: Iron Crown|Iron Crown|67/100\n|move|p2a: Surf's Up (2007)|Psychic Noise|p1a: Iron Crown\n|-resisted|p1a: Iron Crown\n|-damage|p1a: Iron Crown|61/100\n|-start|p1a: Iron Crown|move: Heal Block\n|\n|upkeep\n|turn|14\n|\n|t:|1771260397\n|move|p2a: Surf's Up (2007)|Psychic Noise|p1a: Iron Crown\n|-resisted|p1a: Iron Crown\n|-damage|p1a: Iron Crown|55/100\n|move|p1a: Iron Crown|Volt Switch|p2a: Surf's Up (2007)\n|-resisted|p2a: Surf's Up (2007)\n|-damage|p2a: Surf's Up (2007)|27/100\n|inactive|Wuerfel has 120 seconds left.\n|-message|Shockmoth forfeited.\n|\n|win|Wuerfel\n|raw|Wuerfel's rating: 1661 &rarr; <strong>1693</strong><br />(+32 for winning)\n|raw|Shockmoth's rating: 1911 &rarr; <strong>1879</strong><br />(-32 for losing)\n|l|☆Shockmoth\n|player|p2|\n", "uploadtime": 1771260415, "views": 11, "formatid": "gen9ou", "rating": 1693, "private": 0, "password": null}