{"id": "gen9ou-2639235106", "format": "[Gen 9] OU", "players": ["mathismathin", "shaq in da paint"], "log": "|j|☆mathismathin\n|j|☆shaq in da paint\n|t:|1782438251\n|gametype|singles\n|player|p1|mathismathin|bugsy-masters|1655\n|player|p2|shaq in da paint|dancer|1650\n|gen|9\n|tier|[Gen 9] OU\n|rated|\n|rule|HP Percentage Mod: HP is shown in percentages\n|rule|Endless Battle Clause: Forcing endless battles is banned\n|rule|Species Clause: Limit one of each Pokémon\n|rule|OHKO Clause: OHKO moves are banned\n|rule|Evasion Items Clause: Evasion items are banned\n|rule|Evasion Moves Clause: Evasion moves are banned\n|rule|Evasion Abilities Clause: Evasion abilities are banned\n|rule|Sleep Moves Clause: Sleep-inducing moves are banned\n|clearpoke\n|poke|p1|Garchomp, F|\n|poke|p1|Regieleki|\n|poke|p1|Dragonite, F|\n|poke|p1|Blaziken, F|\n|poke|p1|Corviknight, M|\n|poke|p1|Necrozma|\n|poke|p2|Ceruledge, M|\n|poke|p2|Iron Valiant|\n|poke|p2|Ting-Lu|\n|poke|p2|Zapdos|\n|poke|p2|Kyurem|\n|poke|p2|Gholdengo|\n|teampreview\n|\n|t:|1782438267\n|teamsize|p1|6\n|teamsize|p2|6\n|start\n|switch|p1a: Blaziken|Blaziken, F|100/100\n|switch|p2a: RAWWWWWR|Kyurem|100/100\n|-ability|p2a: RAWWWWWR|Pressure\n|turn|1\n|\n|t:|1782438272\n|move|p1a: Blaziken|Protect|p1a: Blaziken\n|-singleturn|p1a: Blaziken|Protect\n|move|p2a: RAWWWWWR|Earth Power|p1a: Blaziken\n|-activate|p1a: Blaziken|move: Protect\n|\n|-ability|p1a: Blaziken|Speed Boost|boost\n|-boost|p1a: Blaziken|spe|1\n|upkeep\n|turn|2\n|\n|t:|1782438274\n|move|p2a: RAWWWWWR|Earth Power|p1a: Blaziken\n|-supereffective|p1a: Blaziken\n|-damage|p1a: Blaziken|0 fnt\n|faint|p1a: Blaziken\n|\n|upkeep\n|\n|t:|1782438278\n|switch|p1a: Garchomp|Garchomp, F|100/100\n|turn|3\n|\n|t:|1782438284\n|switch|p2a: Figarland Garling|Iron Valiant|100/100\n|move|p1a: Garchomp|Swords Dance|p1a: Garchomp\n|-boost|p1a: Garchomp|atk|2\n|\n|upkeep\n|turn|4\n|\n|t:|1782438292\n|switch|p1a: Corviknight|Corviknight, M|100/100\n|-ability|p1a: Corviknight|Pressure\n|move|p2a: Figarland Garling|Moonblast|p1a: Corviknight\n|-resisted|p1a: Corviknight\n|-damage|p1a: Corviknight|77/100\n|\n|-heal|p1a: Corviknight|84/100|[from] item: Leftovers\n|upkeep\n|turn|5\n|\n|t:|1782438296\n|-end|p2a: Figarland Garling|Quark Drive|[silent]\n|switch|p2a: KWAHHHHH|Zapdos|100/100\n|move|p1a: Corviknight|Brave Bird|p2a: KWAHHHHH\n|-resisted|p2a: KWAHHHHH\n|-damage|p2a: KWAHHHHH|87/100\n|-status|p1a: Corviknight|par|[from] ability: Static|[of] p2a: KWAHHHHH\n|-damage|p1a: Corviknight|79/100 par|[from] Recoil\n|\n|-heal|p1a: Corviknight|86/100 par|[from] item: Leftovers\n|upkeep\n|turn|6\n|\n|t:|1782438311\n|switch|p2a: RAWWWWWR|Kyurem|100/100\n|-ability|p2a: RAWWWWWR|Pressure\n|move|p1a: Corviknight|U-turn|p2a: RAWWWWWR\n|-damage|p2a: RAWWWWWR|86/100\n|\n|t:|1782438315\n|switch|p1a: Necrozma|Necrozma|100/100|[from] U-turn\n|\n|upkeep\n|turn|7\n|\n|t:|1782438322\n|switch|p2a: 3 Day Old POOP|Ting-Lu|100/100\n|-ability|p2a: 3 Day Old POOP|Vessel of Ruin\n|move|p1a: Necrozma|Meteor Beam||[still]\n|-prepare|p1a: Necrozma|Meteor Beam\n|-boost|p1a: Necrozma|spa|1\n|-enditem|p1a: Necrozma|Power Herb\n|-anim|p1a: Necrozma|Meteor Beam|p2a: 3 Day Old POOP\n|-resisted|p2a: 3 Day Old POOP\n|-damage|p2a: 3 Day Old POOP|85/100\n|\n|-heal|p2a: 3 Day Old POOP|92/100|[from] item: Leftovers\n|upkeep\n|turn|8\n|\n|t:|1782438325\n|move|p1a: Necrozma|Stealth Rock|p2a: 3 Day Old POOP\n|-sidestart|p2: shaq in da paint|move: Stealth Rock\n|move|p2a: 3 Day Old POOP|Stealth Rock|p1a: Necrozma\n|-sidestart|p1: mathismathin|move: Stealth Rock\n|\n|-heal|p2a: 3 Day Old POOP|98/100|[from] item: Leftovers\n|upkeep\n|turn|9\n|\n|t:|1782438329\n|switch|p1a: Corviknight|Corviknight, M|86/100 par\n|-damage|p1a: Corviknight|73/100 par|[from] Stealth Rock\n|-ability|p1a: Corviknight|Pressure\n|move|p2a: 3 Day Old POOP|Ruination|p1a: Corviknight\n|-damage|p1a: Corviknight|37/100 par\n|\n|-heal|p2a: 3 Day Old POOP|100/100|[from] item: Leftovers\n|-heal|p1a: Corviknight|43/100 par|[from] item: Leftovers\n|upkeep\n|turn|10\n|\n|t:|1782438334\n|switch|p2a: Crusty Sock|Gholdengo|100/100\n|-damage|p2a: Crusty Sock|94/100|[from] Stealth Rock\n|-item|p2a: Crusty Sock|Air Balloon\n|move|p1a: Corviknight|Brave Bird|p2a: Crusty Sock\n|-resisted|p2a: Crusty Sock\n|-damage|p2a: Crusty Sock|77/100\n|-enditem|p2a: Crusty Sock|Air Balloon\n|-damage|p1a: Corviknight|38/100 par|[from] Recoil\n|\n|-heal|p1a: Corviknight|44/100 par|[from] item: Leftovers\n|upkeep\n|turn|11\n|\n|t:|1782438337\n|move|p2a: Crusty Sock|Shadow Ball|p1a: Corviknight\n|-damage|p1a: Corviknight|19/100 par\n|-unboost|p1a: Corviknight|spd|1\n|cant|p1a: Corviknight|par\n|\n|-heal|p1a: Corviknight|25/100 par|[from] item: Leftovers\n|upkeep\n|turn|12\n|\n|t:|1782438340\n|move|p2a: Crusty Sock|Shadow Ball|p1a: Corviknight\n|-damage|p1a: Corviknight|0 fnt\n|faint|p1a: Corviknight\n|\n|upkeep\n|\n|t:|1782438342\n|switch|p1a: Garchomp|Garchomp, F|100/100\n|-damage|p1a: Garchomp|94/100|[from] Stealth Rock\n|turn|13\n|\n|t:|1782438358\n|move|p1a: Garchomp|Earthquake|p2a: Crusty Sock\n|-supereffective|p2a: Crusty Sock\n|-damage|p2a: Crusty Sock|0 fnt\n|faint|p2a: Crusty Sock\n|-damage|p1a: Garchomp|85/100|[from] item: Life Orb\n|\n|upkeep\n|\n|t:|1782438361\n|switch|p2a: RAWWWWWR|Kyurem|86/100\n|-damage|p2a: RAWWWWWR|61/100|[from] Stealth Rock\n|-ability|p2a: RAWWWWWR|Pressure\n|turn|14\n|\n|t:|1782438367\n|switch|p1a: Necrozma|Necrozma|100/100\n|-damage|p1a: Necrozma|88/100|[from] Stealth Rock\n|move|p2a: RAWWWWWR|Ice Beam|p1a: Necrozma\n|-damage|p1a: Necrozma|39/100\n|\n|upkeep\n|turn|15\n|-message|mathismathin forfeited.\n|\n|win|shaq in da paint\n|raw|mathismathin's rating: 1655 &rarr; <strong>1635</strong><br />(-20 for losing)\n|raw|shaq in da paint's rating: 1650 &rarr; <strong>1670</strong><br />(+20 for winning)\n|l|☆mathismathin\n|player|p1|\n|l|☆shaq in da paint\n|player|p2|\n", "uploadtime": 1782438539, "views": 7, "formatid": "gen9ou", "rating": 1635, "private": 0, "password": null}