{"id": "gen9ou-2647695173", "format": "[Gen 9] OU", "players": ["OUBotBeepBoop", "ursoexplosivo"], "log": "|j|☆OUBotBeepBoop\n|j|☆ursoexplosivo\n|t:|1783797594\n|gametype|singles\n|player|p1|OUBotBeepBoop|102|1221\n|player|p2|ursoexplosivo|red|1193\n|gen|9\n|tier|[Gen 9] OU\n|rated|\n|rule|HP Percentage Mod: HP is shown in percentages\n|rule|Endless Battle Clause: Forcing endless battles is banned\n|rule|Species Clause: Limit one of each Pokémon\n|rule|OHKO Clause: OHKO moves are banned\n|rule|Evasion Items Clause: Evasion items are banned\n|rule|Evasion Moves Clause: Evasion moves are banned\n|rule|Evasion Abilities Clause: Evasion abilities are banned\n|rule|Sleep Moves Clause: Sleep-inducing moves are banned\n|clearpoke\n|poke|p1|Glimmora, F|\n|poke|p1|Great Tusk|\n|poke|p1|Kingambit, F|\n|poke|p1|Dragapult, M|\n|poke|p1|Clefable, M|\n|poke|p1|Corviknight, M|\n|poke|p2|Kingambit, M|\n|poke|p2|Lilligant-Hisui, F|\n|poke|p2|Iron Moth|\n|poke|p2|Ninetales, M|\n|poke|p2|Primarina, F|\n|poke|p2|Garganacl, M|\n|teampreview\n|inactive|Battle timer is ON: inactive players will automatically lose when time's up. (requested by OUBotBeepBoop)\n|\n|t:|1783797616\n|teamsize|p1|6\n|teamsize|p2|6\n|start\n|switch|p1a: Glimmora|Glimmora, F|100/100\n|switch|p2a: Garganacl|Garganacl, M, shiny|100/100\n|turn|1\n|\n|t:|1783797623\n|move|p1a: Glimmora|Stealth Rock|p2a: Garganacl\n|-sidestart|p2: ursoexplosivo|move: Stealth Rock\n|move|p2a: Garganacl|Salt Cure|p1a: Glimmora\n|-damage|p1a: Glimmora|85/100\n|-start|p1a: Glimmora|Salt Cure\n|-activate|p1a: Glimmora|ability: Toxic Debris\n|-sidestart|p2: ursoexplosivo|move: Toxic Spikes\n|\n|-damage|p1a: Glimmora|72/100|[from] Salt Cure\n|upkeep\n|turn|2\n|\n|t:|1783797633\n|move|p1a: Glimmora|Earth Power|p2a: Garganacl\n|-supereffective|p2a: Garganacl\n|-damage|p2a: Garganacl|56/100\n|move|p2a: Garganacl|Stealth Rock|p1a: Glimmora\n|-sidestart|p1: OUBotBeepBoop|move: Stealth Rock\n|\n|-heal|p2a: Garganacl|62/100|[from] item: Leftovers\n|-damage|p1a: Glimmora|60/100|[from] Salt Cure\n|upkeep\n|turn|3\n|\n|t:|1783797642\n|switch|p1a: Great Tusk|Great Tusk|100/100\n|move|p2a: Garganacl|Recover|p2a: Garganacl\n|-heal|p2a: Garganacl|100/100\n|\n|upkeep\n|turn|4\n|\n|t:|1783797649\n|move|p1a: Great Tusk|Rapid Spin|p2a: Garganacl\n|-resisted|p2a: Garganacl\n|-damage|p2a: Garganacl|95/100\n|-boost|p1a: Great Tusk|spe|1\n|-sideend|p1: OUBotBeepBoop|Stealth Rock|[from] move: Rapid Spin|[of] p1a: Great Tusk\n|move|p2a: Garganacl|Salt Cure|p1a: Great Tusk\n|-resisted|p1a: Great Tusk\n|-damage|p1a: Great Tusk|98/100\n|-start|p1a: Great Tusk|Salt Cure\n|\n|-heal|p2a: Garganacl|100/100|[from] item: Leftovers\n|-damage|p1a: Great Tusk|86/100|[from] Salt Cure\n|upkeep\n|turn|5\n|\n|t:|1783797661\n|switch|p2a: Primarina|Primarina, F, shiny|100/100\n|-damage|p2a: Primarina|88/100|[from] Stealth Rock\n|-status|p2a: Primarina|psn\n|move|p1a: Great Tusk|Headlong Rush|p2a: Primarina\n|-damage|p2a: Primarina|1/100 psn\n|-unboost|p1a: Great Tusk|def|1\n|-unboost|p1a: Great Tusk|spd|1\n|\n|-damage|p2a: Primarina|0 fnt|[from] psn\n|faint|p2a: Primarina\n|-damage|p1a: Great Tusk|73/100|[from] Salt Cure\n|upkeep\n|\n|t:|1783797678\n|switch|p2a: Lilligant|Lilligant-Hisui, F, shiny|100/100\n|turn|6\n|\n|t:|1783797683\n|move|p1a: Great Tusk|Ice Spinner|p2a: Lilligant\n|-supereffective|p2a: Lilligant\n|-damage|p2a: Lilligant|20/100\n|move|p2a: Lilligant|Close Combat|p1a: Great Tusk\n|-damage|p1a: Great Tusk|9/100\n|-unboost|p2a: Lilligant|def|1\n|-unboost|p2a: Lilligant|spd|1\n|\n|-damage|p1a: Great Tusk|0 fnt|[from] Salt Cure\n|faint|p1a: Great Tusk\n|-end|p1a: Great Tusk|Protosynthesis|[silent]\n|upkeep\n|\n|t:|1783797684\n|switch|p1a: Clefable|Clefable, M|100/100\n|turn|7\n|\n|t:|1783797697\n|move|p2a: Lilligant|Triple Axel|p1a: Clefable\n|-damage|p1a: Clefable|95/100\n|-damage|p1a: Clefable|85/100\n|-crit|p1a: Clefable\n|-damage|p1a: Clefable|61/100\n|-hitcount|p1a: Clefable|3\n|move|p1a: Clefable|Flamethrower|p2a: Lilligant\n|-supereffective|p2a: Lilligant\n|-damage|p2a: Lilligant|0 fnt\n|faint|p2a: Lilligant\n|\n|-heal|p1a: Clefable|67/100|[from] item: Leftovers\n|upkeep\n|\n|t:|1783797710\n|switch|p2a: Ninetales|Ninetales, M, shiny|100/100\n|-damage|p2a: Ninetales|76/100|[from] Stealth Rock\n|-status|p2a: Ninetales|psn\n|-weather|SunnyDay|[from] ability: Drought|[of] p2a: Ninetales\n|turn|8\n|\n|t:|1783797721\n|switch|p1a: Dragapult|Dragapult, M|100/100\n|move|p2a: Ninetales|Encore||[still]\n|-fail|p2a: Ninetales\n|\n|-weather|SunnyDay|[upkeep]\n|-damage|p2a: Ninetales|63/100 psn|[from] psn\n|upkeep\n|turn|9\n|\n|t:|1783797730\n|switch|p2a: Garganacl|Garganacl, M, shiny|100/100\n|-damage|p2a: Garganacl|88/100|[from] Stealth Rock\n|move|p1a: Dragapult|Draco Meteor|p2a: Garganacl\n|-damage|p2a: Garganacl|29/100\n|-unboost|p1a: Dragapult|spa|2\n|\n|-weather|SunnyDay|[upkeep]\n|-heal|p2a: Garganacl|35/100|[from] item: Leftovers\n|upkeep\n|turn|10\n|\n|t:|1783797742\n|switch|p1a: Glimmora|Glimmora, F|60/100\n|move|p2a: Garganacl|Salt Cure|p1a: Glimmora\n|-damage|p1a: Glimmora|44/100\n|-start|p1a: Glimmora|Salt Cure\n|-activate|p1a: Glimmora|ability: Toxic Debris\n|-sidestart|p2: ursoexplosivo|move: Toxic Spikes\n|\n|-weather|SunnyDay|[upkeep]\n|-heal|p2a: Garganacl|42/100|[from] item: Leftovers\n|-damage|p1a: Glimmora|32/100|[from] Salt Cure\n|upkeep\n|turn|11\n|\n|t:|1783797754\n|-terastallize|p1a: Glimmora|Grass\n|move|p1a: Glimmora|Earth Power|p2a: Garganacl\n|-supereffective|p2a: Garganacl\n|-damage|p2a: Garganacl|2/100\n|move|p2a: Garganacl|Recover|p2a: Garganacl\n|-heal|p2a: Garganacl|52/100\n|\n|-weather|SunnyDay|[upkeep]\n|-heal|p2a: Garganacl|59/100|[from] item: Leftovers\n|-damage|p1a: Glimmora|19/100|[from] Salt Cure\n|upkeep\n|turn|12\n|\n|t:|1783797766\n|switch|p1a: Dragapult|Dragapult, M|100/100\n|move|p2a: Garganacl|Recover|p2a: Garganacl\n|-heal|p2a: Garganacl|100/100\n|\n|-weather|SunnyDay|[upkeep]\n|upkeep\n|turn|13\n|\n|t:|1783797774\n|move|p1a: Dragapult|U-turn|p2a: Garganacl\n|-damage|p2a: Garganacl|89/100\n|\n|t:|1783797774\n|switch|p1a: Kingambit|Kingambit, F|100/100|[from] U-turn\n|-activate|p1a: Kingambit|ability: Supreme Overlord\n|-start|p1a: Kingambit|fallen1|[silent]\n|move|p2a: Garganacl|Salt Cure|p1a: Kingambit\n|-resisted|p1a: Kingambit\n|-damage|p1a: Kingambit|96/100\n|-start|p1a: Kingambit|Salt Cure\n|\n|-weather|SunnyDay|[upkeep]\n|-heal|p2a: Garganacl|95/100|[from] item: Leftovers\n|-damage|p1a: Kingambit|71/100|[from] Salt Cure\n|upkeep\n|turn|14\n|\n|t:|1783797788\n|move|p2a: Garganacl|Protect|p2a: Garganacl\n|-singleturn|p2a: Garganacl|Protect\n|move|p1a: Kingambit|Kowtow Cleave|p2a: Garganacl\n|-activate|p2a: Garganacl|move: Protect\n|\n|-weather|SunnyDay|[upkeep]\n|-heal|p2a: Garganacl|100/100|[from] item: Leftovers\n|-damage|p1a: Kingambit|46/100|[from] Salt Cure\n|upkeep\n|turn|15\n|\n|t:|1783797798\n|move|p1a: Kingambit|Kowtow Cleave|p2a: Garganacl\n|-damage|p2a: Garganacl|58/100\n|move|p2a: Garganacl|Salt Cure|p1a: Kingambit\n|-resisted|p1a: Kingambit\n|-damage|p1a: Kingambit|41/100\n|\n|-weather|none\n|-heal|p2a: Garganacl|64/100|[from] item: Leftovers\n|-damage|p1a: Kingambit|16/100|[from] Salt Cure\n|upkeep\n|turn|16\n|\n|t:|1783797809\n|-end|p1a: Kingambit|fallen1|[silent]\n|switch|p1a: Corviknight|Corviknight, M|100/100\n|-ability|p1a: Corviknight|Pressure\n|move|p2a: Garganacl|Recover|p2a: Garganacl\n|-heal|p2a: Garganacl|100/100\n|\n|upkeep\n|turn|17\n|\n|t:|1783797817\n|move|p1a: Corviknight|Body Press|p2a: Garganacl\n|-supereffective|p2a: Garganacl\n|-damage|p2a: Garganacl|64/100\n|move|p2a: Garganacl|Salt Cure|p1a: Corviknight\n|-damage|p1a: Corviknight|93/100\n|-start|p1a: Corviknight|Salt Cure\n|\n|-heal|p1a: Corviknight|99/100|[from] item: Leftovers\n|-heal|p2a: Garganacl|71/100|[from] item: Leftovers\n|-damage|p1a: Corviknight|74/100|[from] Salt Cure\n|upkeep\n|turn|18\n|\n|t:|1783797828\n|move|p1a: Corviknight|Body Press|p2a: Garganacl\n|-supereffective|p2a: Garganacl\n|-damage|p2a: Garganacl|38/100\n|move|p2a: Garganacl|Stealth Rock|p1a: Corviknight\n|-sidestart|p1: OUBotBeepBoop|move: Stealth Rock\n|\n|-heal|p1a: Corviknight|80/100|[from] item: Leftovers\n|-heal|p2a: Garganacl|44/100|[from] item: Leftovers\n|-damage|p1a: Corviknight|55/100|[from] Salt Cure\n|upkeep\n|turn|19\n|\n|t:|1783797838\n|switch|p1a: Dragapult|Dragapult, M|100/100\n|-damage|p1a: Dragapult|88/100|[from] Stealth Rock\n|move|p2a: Garganacl|Recover|p2a: Garganacl\n|-heal|p2a: Garganacl|94/100\n|\n|-heal|p2a: Garganacl|99/100|[from] item: Leftovers\n|upkeep\n|turn|20\n|\n|t:|1783797848\n|move|p1a: Dragapult|Draco Meteor|p2a: Garganacl\n|-damage|p2a: Garganacl|46/100\n|-unboost|p1a: Dragapult|spa|2\n|move|p2a: Garganacl|Salt Cure|p1a: Dragapult\n|-damage|p1a: Dragapult|68/100\n|-start|p1a: Dragapult|Salt Cure\n|\n|-heal|p2a: Garganacl|52/100|[from] item: Leftovers\n|-damage|p1a: Dragapult|56/100|[from] Salt Cure\n|upkeep\n|turn|21\n|\n|t:|1783797859\n|move|p1a: Dragapult|Draco Meteor|p2a: Garganacl\n|-damage|p2a: Garganacl|22/100\n|-unboost|p1a: Dragapult|spa|2\n|move|p2a: Garganacl|Recover|p2a: Garganacl\n|-heal|p2a: Garganacl|72/100\n|\n|-heal|p2a: Garganacl|78/100|[from] item: Leftovers\n|-damage|p1a: Dragapult|43/100|[from] Salt Cure\n|upkeep\n|turn|22\n|\n|t:|1783797870\n|move|p1a: Dragapult|Draco Meteor|p2a: Garganacl\n|-damage|p2a: Garganacl|57/100\n|-unboost|p1a: Dragapult|spa|2\n|move|p2a: Garganacl|Salt Cure|p1a: Dragapult\n|-damage|p1a: Dragapult|24/100\n|\n|-heal|p2a: Garganacl|63/100|[from] item: Leftovers\n|-damage|p1a: Dragapult|12/100|[from] Salt Cure\n|upkeep\n|turn|23\n|\n|t:|1783797881\n|switch|p1a: Corviknight|Corviknight, M|55/100\n|-damage|p1a: Corviknight|43/100|[from] Stealth Rock\n|-ability|p1a: Corviknight|Pressure\n|move|p2a: Garganacl|Recover|p2a: Garganacl\n|-heal|p2a: Garganacl|100/100\n|\n|-heal|p1a: Corviknight|49/100|[from] item: Leftovers\n|upkeep\n|turn|24\n|\n|t:|1783797892\n|move|p1a: Corviknight|Roost|p1a: Corviknight\n|-heal|p1a: Corviknight|99/100\n|-singleturn|p1a: Corviknight|move: Roost\n|move|p2a: Garganacl|Salt Cure|p1a: Corviknight\n|-resisted|p1a: Corviknight\n|-damage|p1a: Corviknight|95/100\n|-start|p1a: Corviknight|Salt Cure\n|\n|-heal|p1a: Corviknight|100/100|[from] item: Leftovers\n|-damage|p1a: Corviknight|75/100|[from] Salt Cure\n|upkeep\n|turn|25\n|\n|t:|1783797905\n|move|p1a: Corviknight|Body Press|p2a: Garganacl\n|-supereffective|p2a: Garganacl\n|-damage|p2a: Garganacl|68/100\n|move|p2a: Garganacl|Salt Cure|p1a: Corviknight\n|-damage|p1a: Corviknight|67/100\n|\n|-heal|p1a: Corviknight|73/100|[from] item: Leftovers\n|-heal|p2a: Garganacl|75/100|[from] item: Leftovers\n|-damage|p1a: Corviknight|48/100|[from] Salt Cure\n|upkeep\n|turn|26\n|\n|t:|1783797916\n|move|p1a: Corviknight|Roost|p1a: Corviknight\n|-heal|p1a: Corviknight|98/100\n|-singleturn|p1a: Corviknight|move: Roost\n|move|p2a: Garganacl|Salt Cure|p1a: Corviknight\n|-resisted|p1a: Corviknight\n|-damage|p1a: Corviknight|94/100\n|\n|-heal|p1a: Corviknight|99/100|[from] item: Leftovers\n|-heal|p2a: Garganacl|81/100|[from] item: Leftovers\n|-damage|p1a: Corviknight|75/100|[from] Salt Cure\n|upkeep\n|turn|27\n|\n|t:|1783797930\n|move|p2a: Garganacl|Protect|p2a: Garganacl\n|-singleturn|p2a: Garganacl|Protect\n|move|p1a: Corviknight|Body Press|p2a: Garganacl\n|-activate|p2a: Garganacl|move: Protect\n|\n|-heal|p1a: Corviknight|81/100|[from] item: Leftovers\n|-heal|p2a: Garganacl|87/100|[from] item: Leftovers\n|-damage|p1a: Corviknight|56/100|[from] Salt Cure\n|upkeep\n|turn|28\n|\n|t:|1783797940\n|move|p2a: Garganacl|Protect|p2a: Garganacl\n|-singleturn|p2a: Garganacl|Protect\n|move|p1a: Corviknight|Roost|p1a: Corviknight\n|-heal|p1a: Corviknight|100/100\n|-singleturn|p1a: Corviknight|move: Roost\n|\n|-heal|p2a: Garganacl|93/100|[from] item: Leftovers\n|-damage|p1a: Corviknight|75/100|[from] Salt Cure\n|upkeep\n|turn|29\n|\n|t:|1783797951\n|switch|p2a: Ninetales|Ninetales, M, shiny|63/100 psn\n|-damage|p2a: Ninetales|38/100 psn|[from] Stealth Rock\n|-weather|SunnyDay|[from] ability: Drought|[of] p2a: Ninetales\n|move|p1a: Corviknight|Body Press|p2a: Ninetales\n|-damage|p2a: Ninetales|6/100 psn\n|\n|-weather|SunnyDay|[upkeep]\n|-heal|p1a: Corviknight|82/100|[from] item: Leftovers\n|-damage|p2a: Ninetales|0 fnt|[from] psn\n|faint|p2a: Ninetales\n|-damage|p1a: Corviknight|57/100|[from] Salt Cure\n|upkeep\n|\n|t:|1783797966\n|switch|p2a: Iron Moth|Iron Moth, shiny|100/100\n|-damage|p2a: Iron Moth|76/100|[from] Stealth Rock\n|-sideend|p2: ursoexplosivo|move: Toxic Spikes|[of] p2a: Iron Moth\n|-enditem|p2a: Iron Moth|Booster Energy\n|-activate|p2a: Iron Moth|ability: Quark Drive|[fromitem]\n|-start|p2a: Iron Moth|quarkdrivespe\n|turn|30\n|\n|t:|1783797973\n|switch|p1a: Dragapult|Dragapult, M|12/100\n|-damage|p1a: Dragapult|0 fnt|[from] Stealth Rock\n|faint|p1a: Dragapult\n|move|p2a: Iron Moth|Fiery Dance|p1: Dragapult|[notarget]\n|-fail|p2a: Iron Moth\n|\n|-weather|SunnyDay|[upkeep]\n|upkeep\n|\n|t:|1783797974\n|switch|p1a: Glimmora|Glimmora, F, tera:Grass|19/100\n|-damage|p1a: Glimmora|7/100|[from] Stealth Rock\n|turn|31\n|\n|t:|1783797985\n|move|p2a: Iron Moth|Fiery Dance|p1a: Glimmora\n|-supereffective|p1a: Glimmora\n|-damage|p1a: Glimmora|0 fnt\n|-boost|p2a: Iron Moth|spa|1\n|faint|p1a: Glimmora\n|\n|-weather|SunnyDay|[upkeep]\n|upkeep\n|\n|t:|1783797986\n|switch|p1a: Clefable|Clefable, M|67/100\n|-damage|p1a: Clefable|55/100|[from] Stealth Rock\n|turn|32\n|\n|t:|1783797997\n|move|p2a: Iron Moth|Sludge Wave|p1a: Clefable\n|-supereffective|p1a: Clefable\n|-damage|p1a: Clefable|0 fnt\n|faint|p1a: Clefable\n|\n|-weather|SunnyDay|[upkeep]\n|upkeep\n|\n|t:|1783797998\n|switch|p1a: Kingambit|Kingambit, F|16/100\n|-damage|p1a: Kingambit|10/100|[from] Stealth Rock\n|-activate|p1a: Kingambit|ability: Supreme Overlord\n|-start|p1a: Kingambit|fallen4|[silent]\n|turn|33\n|\n|t:|1783798008\n|move|p1a: Kingambit|Sucker Punch|p2a: Iron Moth\n|-crit|p2a: Iron Moth\n|-damage|p2a: Iron Moth|0 fnt\n|faint|p2a: Iron Moth\n|-end|p2a: Iron Moth|Quark Drive|[silent]\n|\n|-weather|SunnyDay|[upkeep]\n|upkeep\n|\n|t:|1783798015\n|switch|p2a: Garganacl|Garganacl, M, shiny|93/100\n|-damage|p2a: Garganacl|81/100|[from] Stealth Rock\n|turn|34\n|\n|t:|1783798019\n|-end|p1a: Kingambit|fallen4|[silent]\n|switch|p1a: Corviknight|Corviknight, M|57/100\n|-damage|p1a: Corviknight|44/100|[from] Stealth Rock\n|-ability|p1a: Corviknight|Pressure\n|move|p2a: Garganacl|Salt Cure|p1a: Corviknight\n|-damage|p1a: Corviknight|35/100\n|-start|p1a: Corviknight|Salt Cure\n|\n|-weather|SunnyDay|[upkeep]\n|-heal|p1a: Corviknight|41/100|[from] item: Leftovers\n|-heal|p2a: Garganacl|87/100|[from] item: Leftovers\n|-damage|p1a: Corviknight|16/100|[from] Salt Cure\n|upkeep\n|turn|35\n|\n|t:|1783798033\n|switch|p2a: Kingambit|Kingambit, M, shiny|100/100\n|-damage|p2a: Kingambit|94/100|[from] Stealth Rock\n|-activate|p2a: Kingambit|ability: Supreme Overlord\n|-start|p2a: Kingambit|fallen4|[silent]\n|move|p1a: Corviknight|Roost|p1a: Corviknight\n|-heal|p1a: Corviknight|66/100\n|-singleturn|p1a: Corviknight|move: Roost\n|\n|-weather|SunnyDay|[upkeep]\n|-heal|p1a: Corviknight|73/100|[from] item: Leftovers\n|-damage|p1a: Corviknight|48/100|[from] Salt Cure\n|upkeep\n|turn|36\n|\n|t:|1783798046\n|move|p2a: Kingambit|Swords Dance|p2a: Kingambit\n|-boost|p2a: Kingambit|atk|2\n|move|p1a: Corviknight|Roost|p1a: Corviknight\n|-heal|p1a: Corviknight|98/100\n|-singleturn|p1a: Corviknight|move: Roost\n|\n|-weather|none\n|-heal|p1a: Corviknight|100/100|[from] item: Leftovers\n|-damage|p1a: Corviknight|75/100|[from] Salt Cure\n|upkeep\n|turn|37\n|\n|t:|1783798063\n|move|p2a: Kingambit|Kowtow Cleave|p1a: Corviknight\n|-damage|p1a: Corviknight|0 fnt\n|faint|p1a: Corviknight\n|\n|upkeep\n|\n|t:|1783798063\n|switch|p1a: Kingambit|Kingambit, F|10/100\n|-damage|p1a: Kingambit|4/100|[from] Stealth Rock\n|-activate|p1a: Kingambit|ability: Supreme Overlord\n|-start|p1a: Kingambit|fallen5|[silent]\n|turn|38\n|\n|t:|1783798072\n|move|p2a: Kingambit|Sucker Punch|p1a: Kingambit\n|-resisted|p1a: Kingambit\n|-damage|p1a: Kingambit|0 fnt\n|faint|p1a: Kingambit\n|-end|p1a: Kingambit|fallen5|[silent]\n|\n|win|ursoexplosivo\n|raw|OUBotBeepBoop's rating: 1193 &rarr; <strong>1168</strong><br />(-25 for losing)\n|raw|ursoexplosivo's rating: 1193 &rarr; <strong>1218</strong><br />(+25 for winning)\n|l|☆OUBotBeepBoop\n|player|p1|\n", "uploadtime": 1783798079, "views": 10, "formatid": "gen9ou", "rating": 1168, "private": 0, "password": null}