{"id": "gen9ou-2639251584", "format": "[Gen 9] OU", "players": ["ne0nn", "DonovanIsNotHere"], "log": "|j|☆ne0nn\n|j|☆DonovanIsNotHere\n|t:|1782440644\n|gametype|singles\n|player|p1|ne0nn|265|1387\n|player|p2|DonovanIsNotHere|2|1413\n|gen|9\n|tier|[Gen 9] OU\n|rated|\n|rule|HP Percentage Mod: HP is shown in percentages\n|rule|Endless Battle Clause: Forcing endless battles is banned\n|rule|Species Clause: Limit one of each Pokémon\n|rule|OHKO Clause: OHKO moves are banned\n|rule|Evasion Items Clause: Evasion items are banned\n|rule|Evasion Moves Clause: Evasion moves are banned\n|rule|Evasion Abilities Clause: Evasion abilities are banned\n|rule|Sleep Moves Clause: Sleep-inducing moves are banned\n|clearpoke\n|poke|p1|Clefable, M|\n|poke|p1|Kyurem|\n|poke|p1|Dragapult, M|\n|poke|p1|Slowking-Galar, F|\n|poke|p1|Kingambit, F|\n|poke|p1|Gliscor, F|\n|poke|p2|Dragonite, M|\n|poke|p2|Darkrai|\n|poke|p2|Samurott-Hisui, F|\n|poke|p2|Corviknight, M|\n|poke|p2|Landorus-Therian, M|\n|poke|p2|Gholdengo|\n|teampreview\n|inactive|Battle timer is ON: inactive players will automatically lose when time's up. (requested by ne0nn)\n|\n|t:|1782440656\n|teamsize|p1|6\n|teamsize|p2|6\n|start\n|switch|p1a: Clefable|Clefable, M|100/100\n|switch|p2a: Thula|Samurott-Hisui, F, shiny|100/100\n|turn|1\n|\n|t:|1782440663\n|move|p2a: Thula|Flip Turn|p1a: Clefable\n|-damage|p1a: Clefable|79/100\n|-damage|p2a: Thula|84/100|[from] item: Rocky Helmet|[of] p1a: Clefable\n|\n|t:|1782440664\n|switch|p2a: Lucan|Corviknight, M, shiny|100/100|[from] Flip Turn\n|-ability|p2a: Lucan|Pressure\n|move|p1a: Clefable|Stealth Rock|p2a: Lucan\n|-sidestart|p2: DonovanIsNotHere|move: Stealth Rock\n|\n|upkeep\n|turn|2\n|\n|t:|1782440672\n|move|p2a: Lucan|U-turn|p1a: Clefable\n|-resisted|p1a: Clefable\n|-damage|p1a: Clefable|74/100\n|-damage|p2a: Lucan|84/100|[from] item: Rocky Helmet|[of] p1a: Clefable\n|\n|t:|1782440673\n|switch|p2a: Anissa|Gholdengo|100/100|[from] U-turn\n|-damage|p2a: Anissa|94/100|[from] Stealth Rock\n|-item|p2a: Anissa|Air Balloon\n|move|p1a: Clefable|Knock Off|p2a: Anissa\n|-supereffective|p2a: Anissa\n|-damage|p2a: Anissa|61/100\n|-enditem|p2a: Anissa|Air Balloon\n|\n|upkeep\n|turn|3\n|\n|t:|1782440681\n|switch|p1a: Kingambit|Kingambit, F|100/100\n|move|p2a: Anissa|Thunder Wave|p1a: Kingambit\n|-status|p1a: Kingambit|par\n|\n|upkeep\n|turn|4\n|\n|t:|1782440691\n|switch|p2a: Conquest|Landorus-Therian, M|100/100\n|-ability|p2a: Conquest|Intimidate|boost\n|-unboost|p1a: Kingambit|atk|1\n|move|p1a: Kingambit|Kowtow Cleave|p2a: Conquest\n|-damage|p2a: Conquest|59/100\n|\n|upkeep\n|turn|5\n|\n|t:|1782440707\n|-end|p1a: Kingambit|fallenundefined|[silent]\n|switch|p1a: Gliscor|Gliscor, F|100/100\n|move|p2a: Conquest|Stealth Rock|p1a: Gliscor\n|-sidestart|p1: ne0nn|move: Stealth Rock\n|\n|-status|p1a: Gliscor|tox|[from] item: Toxic Orb\n|upkeep\n|turn|6\n|\n|t:|1782440711\n|move|p2a: Conquest|Stone Edge|p1a: Gliscor|[miss]\n|-miss|p2a: Conquest|p1a: Gliscor\n|move|p1a: Gliscor|Spikes|p2a: Conquest\n|-sidestart|p2: DonovanIsNotHere|Spikes\n|\n|upkeep\n|turn|7\n|\n|t:|1782440716\n|move|p2a: Conquest|U-turn|p1a: Gliscor\n|-resisted|p1a: Gliscor\n|-damage|p1a: Gliscor|92/100 tox\n|\n|t:|1782440717\n|switch|p2a: Lucan|Corviknight, M, shiny|84/100|[from] U-turn\n|-ability|p2a: Lucan|Pressure\n|move|p1a: Gliscor|Knock Off|p2a: Lucan\n|-damage|p2a: Lucan|65/100\n|-enditem|p2a: Lucan|Heavy-Duty Boots|[from] move: Knock Off|[of] p1a: Gliscor\n|\n|-heal|p1a: Gliscor|100/100 tox|[from] ability: Poison Heal\n|upkeep\n|turn|8\n|\n|t:|1782440735\n|switch|p1a: Dragapult|Dragapult, M|100/100\n|move|p2a: Lucan|Defog|p1a: Dragapult\n|-unboost|p1a: Dragapult|evasion|1\n|-sideend|p1: ne0nn|Stealth Rock|[from] move: Defog|[of] p2a: Lucan\n|-sideend|p2: DonovanIsNotHere|Spikes|[from] move: Defog|[of] p2a: Lucan\n|-sideend|p2: DonovanIsNotHere|Stealth Rock|[from] move: Defog|[of] p2a: Lucan\n|\n|upkeep\n|turn|9\n|\n|t:|1782440740\n|move|p1a: Dragapult|Will-O-Wisp|p2a: Lucan\n|-status|p2a: Lucan|brn\n|move|p2a: Lucan|U-turn|p1a: Dragapult\n|-resisted|p1a: Dragapult\n|-damage|p1a: Dragapult|96/100\n|\n|t:|1782440743\n|switch|p2a: Thula|Samurott-Hisui, F, shiny|84/100|[from] U-turn\n|\n|upkeep\n|turn|10\n|\n|t:|1782440755\n|switch|p1a: Clefable|Clefable, M|74/100\n|move|p2a: Thula|Ceaseless Edge|p1a: Clefable\n|-resisted|p1a: Clefable\n|-damage|p1a: Clefable|57/100\n|-damage|p2a: Thula|67/100|[from] item: Rocky Helmet|[of] p1a: Clefable\n|-sidestart|p1: ne0nn|Spikes\n|\n|upkeep\n|turn|11\n|\n|t:|1782440763\n|switch|p2a: Lucan|Corviknight, M, shiny|65/100 brn\n|-ability|p2a: Lucan|Pressure\n|move|p1a: Clefable|Moonlight|p1a: Clefable\n|-heal|p1a: Clefable|100/100\n|\n|-damage|p2a: Lucan|59/100 brn|[from] brn\n|upkeep\n|turn|12\n|\n|t:|1782440769\n|move|p2a: Lucan|U-turn|p1a: Clefable\n|-resisted|p1a: Clefable\n|-damage|p1a: Clefable|98/100\n|-damage|p2a: Lucan|42/100 brn|[from] item: Rocky Helmet|[of] p1a: Clefable\n|\n|t:|1782440784\n|switch|p2a: Anissa|Gholdengo|61/100|[from] U-turn\n|move|p1a: Clefable|Stealth Rock|p2a: Anissa\n|-sidestart|p2: DonovanIsNotHere|move: Stealth Rock\n|\n|upkeep\n|turn|13\n|\n|t:|1782440798\n|switch|p1a: Kingambit|Kingambit, F|100/100 par\n|move|p2a: Anissa|Thunder Wave|p1a: Kingambit\n|-fail|p1a: Kingambit|par\n|\n|upkeep\n|turn|14\n|\n|t:|1782440811\n|switch|p2a: Conquest|Landorus-Therian, M|59/100\n|-ability|p2a: Conquest|Intimidate|boost\n|-unboost|p1a: Kingambit|atk|1\n|cant|p1a: Kingambit|par\n|\n|upkeep\n|turn|15\n|\n|t:|1782440816\n|-end|p1a: Kingambit|fallenundefined|[silent]\n|switch|p1a: Gliscor|Gliscor, F|100/100 tox\n|move|p2a: Conquest|Earthquake|p1a: Gliscor\n|-immune|p1a: Gliscor\n|\n|upkeep\n|turn|16\n|\n|t:|1782440840\n|move|p2a: Conquest|U-turn|p1a: Gliscor\n|-resisted|p1a: Gliscor\n|-damage|p1a: Gliscor|92/100 tox\n|\n|t:|1782440851\n|switch|p2a: Lucan|Corviknight, M, shiny|42/100 brn|[from] U-turn\n|-damage|p2a: Lucan|30/100 brn|[from] Stealth Rock\n|-ability|p2a: Lucan|Pressure\n|move|p1a: Gliscor|Knock Off|p2a: Lucan\n|-damage|p2a: Lucan|18/100 brn\n|\n|-heal|p1a: Gliscor|100/100 tox|[from] ability: Poison Heal\n|-damage|p2a: Lucan|12/100 brn|[from] brn\n|upkeep\n|turn|17\n|\n|t:|1782440858\n|move|p1a: Gliscor|Knock Off|p2a: Lucan\n|-damage|p2a: Lucan|1/100 brn\n|move|p2a: Lucan|Roost|p2a: Lucan\n|-heal|p2a: Lucan|51/100 brn\n|-singleturn|p2a: Lucan|move: Roost\n|\n|-damage|p2a: Lucan|45/100 brn|[from] brn\n|upkeep\n|turn|18\n|\n|t:|1782440863\n|switch|p1a: Dragapult|Dragapult, M|96/100\n|move|p2a: Lucan|Defog|p1a: Dragapult\n|-unboost|p1a: Dragapult|evasion|1\n|-sideend|p1: ne0nn|Spikes|[from] move: Defog|[of] p2a: Lucan\n|-sideend|p2: DonovanIsNotHere|Stealth Rock|[from] move: Defog|[of] p2a: Lucan\n|\n|-damage|p2a: Lucan|38/100 brn|[from] brn\n|upkeep\n|turn|19\n|\n|t:|1782440879\n|move|p1a: Dragapult|Hex|p2a: Lucan\n|-damage|p2a: Lucan|7/100 brn\n|move|p2a: Lucan|Roost|p2a: Lucan\n|-heal|p2a: Lucan|57/100 brn\n|-singleturn|p2a: Lucan|move: Roost\n|\n|-damage|p2a: Lucan|50/100 brn|[from] brn\n|upkeep\n|turn|20\n|\n|t:|1782440885\n|move|p1a: Dragapult|Hex|p2a: Lucan\n|-damage|p2a: Lucan|14/100 brn\n|move|p2a: Lucan|U-turn|p1a: Dragapult\n|-resisted|p1a: Dragapult\n|-damage|p1a: Dragapult|91/100\n|\n|t:|1782440887\n|switch|p2a: Thula|Samurott-Hisui, F, shiny|67/100|[from] U-turn\n|\n|upkeep\n|turn|21\n|\n|t:|1782440895\n|switch|p1a: Clefable|Clefable, M|98/100\n|move|p2a: Thula|Ceaseless Edge|p1a: Clefable\n|-resisted|p1a: Clefable\n|-damage|p1a: Clefable|81/100\n|-damage|p2a: Thula|51/100|[from] item: Rocky Helmet|[of] p1a: Clefable\n|-sidestart|p1: ne0nn|Spikes\n|\n|upkeep\n|turn|22\n|\n|t:|1782440913\n|switch|p2a: Lucan|Corviknight, M, shiny|14/100 brn\n|-ability|p2a: Lucan|Pressure\n|move|p1a: Clefable|Moonblast|p2a: Lucan\n|-resisted|p2a: Lucan\n|-damage|p2a: Lucan|2/100 brn\n|\n|-damage|p2a: Lucan|0 fnt|[from] brn\n|faint|p2a: Lucan\n|upkeep\n|inactive|DonovanIsNotHere has 120 seconds left.\n|\n|t:|1782440942\n|switch|p2a: Anissa|Gholdengo|61/100\n|turn|23\n|inactive|DonovanIsNotHere has 120 seconds left.\n|\n|t:|1782440953\n|switch|p2a: Conquest|Landorus-Therian, M|59/100\n|-ability|p2a: Conquest|Intimidate|boost\n|-unboost|p1a: Clefable|atk|1\n|switch|p1a: Kingambit|Kingambit, F|100/100 par\n|\n|upkeep\n|turn|24\n|inactive|DonovanIsNotHere has 120 seconds left.\n|\n|t:|1782440962\n|-end|p1a: Kingambit|fallenundefined|[silent]\n|switch|p1a: Gliscor|Gliscor, F|100/100 tox\n|move|p2a: Conquest|Stealth Rock|p1a: Gliscor\n|-sidestart|p1: ne0nn|move: Stealth Rock\n|\n|upkeep\n|turn|25\n|inactive|DonovanIsNotHere has 120 seconds left.\n|\n|t:|1782440985\n|move|p2a: Conquest|U-turn|p1a: Gliscor\n|-resisted|p1a: Gliscor\n|-damage|p1a: Gliscor|92/100 tox\n|\n|t:|1782440995\n|switch|p2a: Kregg|Darkrai|100/100|[from] U-turn\n|move|p1a: Gliscor|Spikes|p2a: Kregg\n|-sidestart|p2: DonovanIsNotHere|Spikes\n|\n|-heal|p1a: Gliscor|100/100 tox|[from] ability: Poison Heal\n|upkeep\n|turn|26\n|\n|t:|1782441001\n|switch|p1a: Slowking|Slowking-Galar, F|100/100\n|move|p2a: Kregg|Nasty Plot|p2a: Kregg\n|-boost|p2a: Kregg|spa|2\n|\n|upkeep\n|turn|27\n|inactive|DonovanIsNotHere has 120 seconds left.\n|\n|t:|1782441009\n|switch|p1a: Kingambit|Kingambit, F|100/100 par\n|move|p2a: Kregg|Dark Pulse|p1a: Kingambit\n|-resisted|p1a: Kingambit\n|-damage|p1a: Kingambit|56/100 par\n|\n|upkeep\n|turn|28\n|\n|t:|1782441014\n|move|p2a: Kregg|Focus Blast|p1a: Kingambit\n|-supereffective|p1a: Kingambit\n|-damage|p1a: Kingambit|0 fnt\n|faint|p1a: Kingambit\n|-end|p1a: Kingambit|fallenundefined|[silent]\n|\n|upkeep\n|\n|t:|1782441021\n|switch|p1a: Clefable|Clefable, M|81/100\n|turn|29\n|\n|t:|1782441039\n|-terastallize|p2a: Kregg|Poison\n|move|p2a: Kregg|Sludge Bomb|p1a: Clefable\n|-supereffective|p1a: Clefable\n|-damage|p1a: Clefable|0 fnt\n|faint|p1a: Clefable\n|\n|upkeep\n|\n|t:|1782441057\n|switch|p1a: Dragapult|Dragapult, M|91/100\n|turn|30\n|\n|t:|1782441060\n|-terastallize|p1a: Dragapult|Fairy\n|move|p1a: Dragapult|Dragon Darts|p2a: Kregg\n|-damage|p2a: Kregg|71/100\n|-anim|p1a: Dragapult|Dragon Darts|p2a: Kregg\n|-damage|p2a: Kregg|39/100\n|move|p2a: Kregg|Dark Pulse|p1a: Dragapult\n|-resisted|p1a: Dragapult\n|-damage|p1a: Dragapult|24/100\n|\n|upkeep\n|turn|31\n|\n|t:|1782441071\n|switch|p2a: Conquest|Landorus-Therian, M|59/100\n|-ability|p2a: Conquest|Intimidate|boost\n|-unboost|p1a: Dragapult|atk|1\n|move|p1a: Dragapult|Dragon Darts|p2a: Conquest\n|-damage|p2a: Conquest|41/100\n|-anim|p1a: Dragapult|Dragon Darts|p2a: Conquest\n|-damage|p2a: Conquest|24/100\n|\n|upkeep\n|turn|32\n|\n|t:|1782441083\n|switch|p1a: Gliscor|Gliscor, F|100/100 tox\n|-damage|p1a: Gliscor|88/100 tox|[from] Stealth Rock\n|move|p2a: Conquest|U-turn|p1a: Gliscor\n|-resisted|p1a: Gliscor\n|-damage|p1a: Gliscor|81/100 tox\n|\n|t:|1782441086\n|switch|p2a: Thragg|Dragonite, M|100/100|[from] U-turn\n|\n|-heal|p1a: Gliscor|93/100 tox|[from] ability: Poison Heal\n|upkeep\n|turn|33\n|\n|t:|1782441091\n|switch|p1a: Kyurem|Kyurem|100/100\n|-ability|p1a: Kyurem|Pressure\n|move|p2a: Thragg|Outrage|p1a: Kyurem\n|-supereffective|p1a: Kyurem\n|-damage|p1a: Kyurem|0 fnt\n|faint|p1a: Kyurem\n|\n|upkeep\n|\n|t:|1782441097\n|switch|p1a: Dragapult|Dragapult, M, tera:Fairy|24/100\n|turn|34\n|\n|t:|1782441099\n|move|p1a: Dragapult|Dragon Darts|p2a: Thragg\n|-supereffective|p2a: Thragg\n|-damage|p2a: Thragg|75/100\n|-anim|p1a: Dragapult|Dragon Darts|p2a: Thragg\n|-supereffective|p2a: Thragg\n|-damage|p2a: Thragg|25/100\n|move|p2a: Thragg|Outrage|p1a: Dragapult|[from] lockedmove\n|-immune|p1a: Dragapult\n|\n|upkeep\n|turn|35\n|\n|t:|1782441103\n|switch|p2a: Conquest|Landorus-Therian, M|24/100\n|-ability|p2a: Conquest|Intimidate|boost\n|-unboost|p1a: Dragapult|atk|1\n|move|p1a: Dragapult|Dragon Darts|p2a: Conquest\n|-damage|p2a: Conquest|6/100\n|-anim|p1a: Dragapult|Dragon Darts|p2a: Conquest\n|-damage|p2a: Conquest|0 fnt\n|faint|p2a: Conquest\n|\n|upkeep\n|\n|t:|1782441109\n|switch|p2a: Thragg|Dragonite, M|25/100\n|turn|36\n|\n|t:|1782441123\n|switch|p1a: Gliscor|Gliscor, F|93/100 tox\n|-damage|p1a: Gliscor|81/100 tox|[from] Stealth Rock\n|move|p2a: Thragg|Extreme Speed|p1a: Gliscor\n|-damage|p1a: Gliscor|54/100 tox\n|\n|-heal|p1a: Gliscor|66/100 tox|[from] ability: Poison Heal\n|upkeep\n|turn|37\n|\n|t:|1782441134\n|move|p2a: Thragg|Extreme Speed|p1a: Gliscor\n|-damage|p1a: Gliscor|36/100 tox\n|move|p1a: Gliscor|Knock Off|p2a: Thragg\n|-damage|p2a: Thragg|2/100\n|-enditem|p2a: Thragg|Choice Band|[from] move: Knock Off|[of] p1a: Gliscor\n|\n|-heal|p1a: Gliscor|49/100 tox|[from] ability: Poison Heal\n|upkeep\n|turn|38\n|\n|t:|1782441142\n|move|p1a: Gliscor|Protect|p1a: Gliscor\n|-singleturn|p1a: Gliscor|Protect\n|move|p2a: Thragg|Outrage|p1a: Gliscor\n|-activate|p1a: Gliscor|move: Protect\n|\n|-heal|p1a: Gliscor|61/100 tox|[from] ability: Poison Heal\n|upkeep\n|turn|39\n|\n|t:|1782441147\n|move|p2a: Thragg|Outrage|p1a: Gliscor\n|-damage|p1a: Gliscor|21/100 tox\n|move|p1a: Gliscor|Knock Off|p2a: Thragg\n|-damage|p2a: Thragg|0 fnt\n|faint|p2a: Thragg\n|\n|-heal|p1a: Gliscor|33/100 tox|[from] ability: Poison Heal\n|upkeep\n|\n|t:|1782441153\n|switch|p2a: Thula|Samurott-Hisui, F, shiny|51/100\n|-damage|p2a: Thula|39/100|[from] Spikes\n|turn|40\n|\n|t:|1782441183\n|move|p1a: Gliscor|Protect|p1a: Gliscor\n|-singleturn|p1a: Gliscor|Protect\n|move|p2a: Thula|Aqua Cutter|p1a: Gliscor\n|-activate|p1a: Gliscor|move: Protect\n|\n|-heal|p1a: Gliscor|46/100 tox|[from] ability: Poison Heal\n|upkeep\n|turn|41\n|inactive|ne0nn has 120 seconds left.\n|\n|t:|1782441206\n|switch|p1a: Slowking|Slowking-Galar, F|100/100\n|move|p2a: Thula|Aqua Cutter|p1a: Slowking\n|-damage|p1a: Slowking|55/100\n|\n|upkeep\n|turn|42\n|inactive|ne0nn has 120 seconds left.\n|\n|t:|1782441213\n|switch|p2a: Anissa|Gholdengo|61/100\n|-damage|p2a: Anissa|49/100|[from] Spikes\n|-prepare|p1a: Slowking|Chilly Reception|[premajor]\n|move|p1a: Slowking|Chilly Reception|p1a: Slowking\n|-weather|Snowscape\n|inactive|ne0nn has 120 seconds left.\n|\n|t:|1782441227\n|switch|p1a: Dragapult|Dragapult, M, tera:Fairy|24/100|[from] Chilly Reception\n|\n|-weather|Snowscape|[upkeep]\n|upkeep\n|turn|43\n|\n|t:|1782441232\n|move|p1a: Dragapult|Hex|p2a: Anissa\n|-supereffective|p2a: Anissa\n|-damage|p2a: Anissa|3/100\n|move|p2a: Anissa|Make It Rain|p1a: Dragapult\n|-supereffective|p1a: Dragapult\n|-damage|p1a: Dragapult|0 fnt\n|-unboost|p2a: Anissa|spa|1\n|faint|p1a: Dragapult\n|\n|-weather|Snowscape|[upkeep]\n|upkeep\n|inactive|ne0nn has 120 seconds left.\n|\n|t:|1782441246\n|switch|p1a: Gliscor|Gliscor, F|46/100 tox\n|-damage|p1a: Gliscor|33/100 tox|[from] Stealth Rock\n|turn|44\n|\n|t:|1782441252\n|move|p1a: Gliscor|Protect|p1a: Gliscor\n|-singleturn|p1a: Gliscor|Protect\n|move|p2a: Anissa|Hex|p1a: Gliscor\n|-activate|p1a: Gliscor|move: Protect\n|\n|-weather|Snowscape|[upkeep]\n|-heal|p1a: Gliscor|46/100 tox|[from] ability: Poison Heal\n|upkeep\n|turn|45\n|\n|t:|1782441255\n|move|p1a: Gliscor|Earthquake|p2a: Anissa\n|-supereffective|p2a: Anissa\n|-damage|p2a: Anissa|0 fnt\n|faint|p2a: Anissa\n|\n|-weather|Snowscape|[upkeep]\n|-heal|p1a: Gliscor|58/100 tox|[from] ability: Poison Heal\n|upkeep\n|\n|t:|1782441261\n|switch|p2a: Thula|Samurott-Hisui, F, shiny|39/100\n|-damage|p2a: Thula|26/100|[from] Spikes\n|turn|46\n|\n|t:|1782441266\n|move|p1a: Gliscor|Protect|p1a: Gliscor\n|-singleturn|p1a: Gliscor|Protect\n|move|p2a: Thula|Aqua Cutter|p1a: Gliscor\n|-activate|p1a: Gliscor|move: Protect\n|\n|-weather|none\n|-heal|p1a: Gliscor|71/100 tox|[from] ability: Poison Heal\n|upkeep\n|turn|47\n|\n|t:|1782441269\n|move|p2a: Thula|Aqua Cutter|p1a: Gliscor\n|-supereffective|p1a: Gliscor\n|-damage|p1a: Gliscor|11/100 tox\n|move|p1a: Gliscor|Earthquake|p2a: Thula\n|-damage|p2a: Thula|0 fnt\n|faint|p2a: Thula\n|\n|-heal|p1a: Gliscor|24/100 tox|[from] ability: Poison Heal\n|upkeep\n|\n|t:|1782441272\n|switch|p2a: Kregg|Darkrai, tera:Poison|39/100\n|turn|48\n|\n|t:|1782441278\n|move|p1a: Gliscor|Protect|p1a: Gliscor\n|-singleturn|p1a: Gliscor|Protect\n|move|p2a: Kregg|Dark Pulse|p1a: Gliscor\n|-activate|p1a: Gliscor|move: Protect\n|\n|-heal|p1a: Gliscor|36/100 tox|[from] ability: Poison Heal\n|upkeep\n|turn|49\n|\n|t:|1782441282\n|move|p1a: Gliscor|Protect|p1a: Gliscor\n|-singleturn|p1a: Gliscor|Protect\n|move|p2a: Kregg|Dark Pulse|p1a: Gliscor\n|-activate|p1a: Gliscor|move: Protect\n|\n|-heal|p1a: Gliscor|49/100 tox|[from] ability: Poison Heal\n|upkeep\n|turn|50\n|\n|t:|1782441287\n|move|p1a: Gliscor|Protect||[still]\n|-fail|p1a: Gliscor\n|move|p2a: Kregg|Dark Pulse|p1a: Gliscor\n|-damage|p1a: Gliscor|0 fnt\n|faint|p1a: Gliscor\n|\n|upkeep\n|\n|t:|1782441291\n|switch|p1a: Slowking|Slowking-Galar, F|88/100\n|turn|51\n|\n|t:|1782441294\n|move|p2a: Kregg|Dark Pulse|p1a: Slowking\n|-supereffective|p1a: Slowking\n|-damage|p1a: Slowking|40/100\n|move|p1a: Slowking|Sludge Wave|p2a: Kregg\n|-resisted|p2a: Kregg\n|-damage|p2a: Kregg|15/100\n|\n|upkeep\n|turn|52\n|\n|t:|1782441297\n|move|p2a: Kregg|Dark Pulse|p1a: Slowking\n|-supereffective|p1a: Slowking\n|-damage|p1a: Slowking|0 fnt\n|faint|p1a: Slowking\n|\n|win|DonovanIsNotHere\n|raw|ne0nn's rating: 1387 &rarr; <strong>1369</strong><br />(-18 for losing)\n|raw|DonovanIsNotHere's rating: 1429 &rarr; <strong>1447</strong><br />(+18 for winning)\n|l|☆ne0nn\n|player|p1|\n", "uploadtime": 1782441307, "views": 10, "formatid": "gen9ou", "rating": 1369, "private": 0, "password": null}