{"id": "gen9ou-2639207400", "format": "[Gen 9] OU", "players": ["mothily ><", "why yukina"], "log": "|badge|p2|bronze|gen9ou|100-9\n|uhtml|medal-msg|<div class=\"broadcast-blue\">Curious what those medals under the avatar are? PS now has Ladder Seasons! For more information, check out the <a href=\"https://www.smogon.com/forums/threads/3740067/\">thread on Smogon.</a></div>\n|j|☆mothily ><\n|j|☆why yukina\n|t:|1782434149\n|gametype|singles\n|player|p1|mothily ><|1|1776\n|player|p2|why yukina|teammates|1810\n|gen|9\n|tier|[Gen 9] OU\n|rated|\n|rule|HP Percentage Mod: HP is shown in percentages\n|rule|Endless Battle Clause: Forcing endless battles is banned\n|rule|Species Clause: Limit one of each Pokémon\n|rule|OHKO Clause: OHKO moves are banned\n|rule|Evasion Items Clause: Evasion items are banned\n|rule|Evasion Moves Clause: Evasion moves are banned\n|rule|Evasion Abilities Clause: Evasion abilities are banned\n|rule|Sleep Moves Clause: Sleep-inducing moves are banned\n|clearpoke\n|poke|p1|Slither Wing|\n|poke|p1|Ninetales, M|\n|poke|p1|Lilligant-Hisui, F|\n|poke|p1|Typhlosion-Hisui, F|\n|poke|p1|Talonflame, M|\n|poke|p1|Cresselia, F|\n|poke|p2|Kyurem|\n|poke|p2|Zamazenta-*|\n|poke|p2|Dragonite, M|\n|poke|p2|Pecharunt|\n|poke|p2|Iron Treads|\n|poke|p2|Samurott-Hisui, F|\n|teampreview\n|c|☆mothily ><|hf\n|c|☆why yukina|you too\n|c|☆why yukina|im gona ping you after this game\n|c|☆mothily ><|for what\n|c|☆why yukina|funsies\n|\n|t:|1782434188\n|teamsize|p1|6\n|teamsize|p2|6\n|start\n|switch|p1a: OMG ILY|Slither Wing|100/100\n|switch|p2a: Pecharunt|Pecharunt|100/100\n|turn|1\n|\n|t:|1782434192\n|-end|p1a: OMG ILY|Protosynthesis|[silent]\n|switch|p1a: Ninetales|Ninetales, M|100/100\n|-weather|SunnyDay|[from] ability: Drought|[of] p1a: Ninetales\n|move|p2a: Pecharunt|Malignant Chain|p1a: Ninetales\n|-damage|p1a: Ninetales|63/100\n|\n|-weather|SunnyDay|[upkeep]\n|upkeep\n|turn|2\n|\n|t:|1782434198\n|switch|p1a: OMG ILY|Slither Wing|100/100\n|-activate|p1a: OMG ILY|ability: Protosynthesis\n|-start|p1a: OMG ILY|protosynthesisatk\n|switch|p2a: Samurott|Samurott-Hisui, F|100/100\n|\n|-weather|SunnyDay|[upkeep]\n|upkeep\n|turn|3\n|\n|t:|1782434202\n|switch|p2a: Pecharunt|Pecharunt|100/100\n|move|p1a: OMG ILY|U-turn|p2a: Pecharunt\n|-resisted|p2a: Pecharunt\n|-damage|p2a: Pecharunt|93/100\n|\n|t:|1782434203\n|-end|p1a: OMG ILY|Protosynthesis|[silent]\n|switch|p1a: Typhlosion|Typhlosion-Hisui, F|100/100|[from] U-turn\n|\n|-weather|SunnyDay|[upkeep]\n|upkeep\n|turn|4\n|\n|t:|1782434209\n|switch|p2a: Samurott|Samurott-Hisui, F|100/100\n|move|p1a: Typhlosion|Eruption|p2a: Samurott\n|-resisted|p2a: Samurott\n|-damage|p2a: Samurott|34/100\n|\n|-weather|SunnyDay|[upkeep]\n|upkeep\n|turn|5\n|\n|t:|1782434212\n|switch|p1a: OMG ILY|Slither Wing|100/100\n|-activate|p1a: OMG ILY|ability: Protosynthesis\n|-start|p1a: OMG ILY|protosynthesisatk\n|move|p2a: Samurott|Sucker Punch||[still]\n|-fail|p2a: Samurott\n|\n|-weather|SunnyDay|[upkeep]\n|upkeep\n|turn|6\n|\n|t:|1782434217\n|switch|p2a: Pecharunt|Pecharunt|93/100\n|move|p1a: OMG ILY|U-turn|p2a: Pecharunt\n|-resisted|p2a: Pecharunt\n|-damage|p2a: Pecharunt|84/100\n|\n|t:|1782434219\n|-end|p1a: OMG ILY|Protosynthesis|[silent]\n|switch|p1a: Typhlosion|Typhlosion-Hisui, F|100/100|[from] U-turn\n|\n|-weather|SunnyDay|[upkeep]\n|upkeep\n|turn|7\n|\n|t:|1782434227\n|switch|p2a: Samurott|Samurott-Hisui, F|34/100\n|move|p1a: Typhlosion|Eruption|p2a: Samurott\n|-resisted|p2a: Samurott\n|-damage|p2a: Samurott|0 fnt\n|faint|p2a: Samurott\n|\n|-weather|SunnyDay|[upkeep]\n|upkeep\n|\n|t:|1782434229\n|switch|p2a: Dragonite|Dragonite, M|100/100\n|turn|8\n|\n|t:|1782434246\n|switch|p1a: OMG ILY|Slither Wing|100/100\n|-activate|p1a: OMG ILY|ability: Protosynthesis\n|-start|p1a: OMG ILY|protosynthesisatk\n|move|p2a: Dragonite|Dragon Dance|p2a: Dragonite\n|-boost|p2a: Dragonite|atk|1\n|-boost|p2a: Dragonite|spe|1\n|\n|-weather|none\n|-end|p1a: OMG ILY|Protosynthesis\n|upkeep\n|turn|9\n|\n|t:|1782434255\n|move|p2a: Dragonite|Ice Spinner|p1a: OMG ILY\n|-damage|p1a: OMG ILY|54/100\n|move|p1a: OMG ILY|U-turn|p2a: Dragonite\n|-resisted|p2a: Dragonite\n|-damage|p2a: Dragonite|90/100\n|\n|t:|1782434258\n|-end|p1a: OMG ILY|Protosynthesis|[silent]\n|switch|p1a: Ninetales|Ninetales, M|63/100|[from] U-turn\n|-weather|SunnyDay|[from] ability: Drought|[of] p1a: Ninetales\n|\n|-weather|SunnyDay|[upkeep]\n|upkeep\n|turn|10\n|\n|t:|1782434261\n|switch|p1a: Cresselia|Cresselia, F|100/100\n|move|p2a: Dragonite|Earthquake|p1a: Cresselia\n|-immune|p1a: Cresselia|[from] ability: Levitate\n|\n|-weather|SunnyDay|[upkeep]\n|upkeep\n|turn|11\n|\n|t:|1782434264\n|move|p2a: Dragonite|Ice Spinner|p1a: Cresselia\n|-damage|p1a: Cresselia|77/100\n|-enditem|p1a: Cresselia|Eject Button\n|\n|t:|1782434266\n|switch|p1a: Lilligant|Lilligant-Hisui, F|100/100\n|\n|-weather|SunnyDay|[upkeep]\n|upkeep\n|turn|12\n|\n|t:|1782434271\n|switch|p2a: Zamazenta|Zamazenta|100/100\n|-ability|p2a: Zamazenta|Dauntless Shield|boost\n|-boost|p2a: Zamazenta|def|1\n|-terastallize|p1a: Lilligant|Ghost\n|move|p1a: Lilligant|Triple Axel|p2a: Zamazenta\n|-damage|p2a: Zamazenta|96/100\n|-damage|p2a: Zamazenta|85/100\n|-damage|p2a: Zamazenta|70/100\n|-hitcount|p2a: Zamazenta|3\n|-damage|p1a: Lilligant|91/100|[from] item: Life Orb\n|\n|-weather|SunnyDay|[upkeep]\n|-heal|p2a: Zamazenta|76/100|[from] item: Leftovers\n|upkeep\n|turn|13\n|\n|t:|1782434276\n|switch|p1a: Cresselia|Cresselia, F|77/100\n|move|p2a: Zamazenta|Iron Defense|p2a: Zamazenta\n|-boost|p2a: Zamazenta|def|2\n|\n|-weather|SunnyDay|[upkeep]\n|-heal|p2a: Zamazenta|82/100|[from] item: Leftovers\n|upkeep\n|turn|14\n|\n|t:|1782434282\n|move|p2a: Zamazenta|Crunch|p1a: Cresselia\n|-supereffective|p1a: Cresselia\n|-damage|p1a: Cresselia|51/100\n|-unboost|p1a: Cresselia|def|1\n|move|p1a: Cresselia|Moonblast|p2a: Zamazenta\n|-supereffective|p2a: Zamazenta\n|-damage|p2a: Zamazenta|55/100\n|-unboost|p2a: Zamazenta|spa|1\n|\n|-weather|SunnyDay|[upkeep]\n|-heal|p2a: Zamazenta|61/100|[from] item: Leftovers\n|upkeep\n|turn|15\n|\n|t:|1782434293\n|move|p2a: Zamazenta|Crunch|p1a: Cresselia\n|-supereffective|p1a: Cresselia\n|-damage|p1a: Cresselia|15/100\n|move|p1a: Cresselia|Moonblast|p2a: Zamazenta\n|-supereffective|p2a: Zamazenta\n|-damage|p2a: Zamazenta|31/100\n|\n|-weather|SunnyDay|[upkeep]\n|-heal|p2a: Zamazenta|37/100|[from] item: Leftovers\n|upkeep\n|turn|16\n|\n|t:|1782434299\n|switch|p1a: Talonflame|Talonflame, M|100/100\n|move|p2a: Zamazenta|Crunch|p1a: Talonflame\n|-damage|p1a: Talonflame|66/100\n|\n|-weather|none\n|-heal|p2a: Zamazenta|43/100|[from] item: Leftovers\n|upkeep\n|turn|17\n|\n|t:|1782434307\n|switch|p2a: Pecharunt|Pecharunt|84/100\n|move|p1a: Talonflame|Overheat|p2a: Pecharunt\n|-damage|p2a: Pecharunt|35/100\n|-unboost|p1a: Talonflame|spa|2\n|\n|upkeep\n|turn|18\n|\n|t:|1782434311\n|move|p1a: Talonflame|U-turn|p2a: Pecharunt\n|-resisted|p2a: Pecharunt\n|-damage|p2a: Pecharunt|33/100\n|\n|t:|1782434312\n|switch|p1a: Ninetales|Ninetales, M|63/100|[from] U-turn\n|-weather|SunnyDay|[from] ability: Drought|[of] p1a: Ninetales\n|move|p2a: Pecharunt|Recover|p2a: Pecharunt\n|-heal|p2a: Pecharunt|83/100\n|\n|-weather|SunnyDay|[upkeep]\n|upkeep\n|turn|19\n|\n|t:|1782434321\n|switch|p1a: OMG ILY|Slither Wing|54/100\n|-activate|p1a: OMG ILY|ability: Protosynthesis\n|-start|p1a: OMG ILY|protosynthesisatk\n|switch|p2a: Kyurem|Kyurem|100/100\n|-ability|p2a: Kyurem|Pressure\n|\n|-weather|SunnyDay|[upkeep]\n|upkeep\n|turn|20\n|\n|t:|1782434324\n|move|p2a: Kyurem|Draco Meteor|p1a: OMG ILY\n|-damage|p1a: OMG ILY|5/100\n|-unboost|p2a: Kyurem|spa|2\n|move|p1a: OMG ILY|U-turn|p2a: Kyurem\n|-damage|p2a: Kyurem|51/100\n|\n|t:|1782434328\n|-end|p1a: OMG ILY|Protosynthesis|[silent]\n|switch|p1a: Typhlosion|Typhlosion-Hisui, F|100/100|[from] U-turn\n|\n|-weather|SunnyDay|[upkeep]\n|upkeep\n|turn|21\n|\n|t:|1782434335\n|switch|p2a: Iron Treads|Iron Treads|100/100\n|move|p1a: Typhlosion|Eruption|p2a: Iron Treads\n|-supereffective|p2a: Iron Treads\n|-damage|p2a: Iron Treads|0 fnt\n|faint|p2a: Iron Treads\n|-end|p2a: Iron Treads|Quark Drive|[silent]\n|\n|-weather|SunnyDay|[upkeep]\n|upkeep\n|\n|t:|1782434336\n|switch|p2a: Dragonite|Dragonite, M|90/100\n|turn|22\n|\n|t:|1782434339\n|move|p1a: Typhlosion|Eruption|p2a: Dragonite\n|-resisted|p2a: Dragonite\n|-damage|p2a: Dragonite|5/100\n|move|p2a: Dragonite|Earthquake|p1a: Typhlosion\n|-supereffective|p1a: Typhlosion\n|-damage|p1a: Typhlosion|0 fnt\n|faint|p1a: Typhlosion\n|\n|-weather|SunnyDay|[upkeep]\n|upkeep\n|\n|t:|1782434356\n|switch|p1a: Talonflame|Talonflame, M|66/100\n|turn|23\n|\n|t:|1782434359\n|move|p1a: Talonflame|U-turn|p2a: Dragonite\n|-resisted|p2a: Dragonite\n|-damage|p2a: Dragonite|0 fnt\n|faint|p2a: Dragonite\n|\n|t:|1782434368\n|switch|p1a: Lilligant|Lilligant-Hisui, F, tera:Ghost|91/100|[from] U-turn\n|\n|-weather|SunnyDay|[upkeep]\n|upkeep\n|\n|t:|1782434374\n|switch|p2a: Pecharunt|Pecharunt|83/100\n|turn|24\n|\n|t:|1782434391\n|switch|p1a: OMG ILY|Slither Wing|5/100\n|-activate|p1a: OMG ILY|ability: Protosynthesis\n|-start|p1a: OMG ILY|protosynthesisatk\n|move|p2a: Pecharunt|Recover|p2a: Pecharunt\n|-heal|p2a: Pecharunt|100/100\n|\n|-weather|SunnyDay|[upkeep]\n|upkeep\n|turn|25\n|\n|t:|1782434395\n|move|p2a: Pecharunt|Malignant Chain|p1a: OMG ILY\n|-damage|p1a: OMG ILY|0 fnt\n|faint|p1a: OMG ILY\n|-end|p1a: OMG ILY|Protosynthesis|[silent]\n|\n|-weather|none\n|upkeep\n|\n|t:|1782434397\n|switch|p1a: Ninetales|Ninetales, M|63/100\n|-weather|SunnyDay|[from] ability: Drought|[of] p1a: Ninetales\n|turn|26\n|\n|t:|1782434399\n|move|p1a: Ninetales|Overheat|p2a: Pecharunt\n|-damage|p2a: Pecharunt|26/100\n|-unboost|p1a: Ninetales|spa|2\n|move|p2a: Pecharunt|Malignant Chain|p1a: Ninetales\n|-damage|p1a: Ninetales|26/100\n|\n|-weather|SunnyDay|[upkeep]\n|upkeep\n|turn|27\n|\n|t:|1782434411\n|switch|p2a: Zamazenta|Zamazenta|43/100\n|move|p1a: Ninetales|Overheat|p2a: Zamazenta\n|-damage|p2a: Zamazenta|15/100\n|-unboost|p1a: Ninetales|spa|2\n|\n|-weather|SunnyDay|[upkeep]\n|-heal|p2a: Zamazenta|21/100|[from] item: Leftovers\n|upkeep\n|turn|28\n|\n|t:|1782434432\n|switch|p1a: Lilligant|Lilligant-Hisui, F, tera:Ghost|91/100\n|move|p2a: Zamazenta|Crunch|p1a: Lilligant\n|-supereffective|p1a: Lilligant\n|-damage|p1a: Lilligant|17/100\n|\n|-weather|SunnyDay|[upkeep]\n|-heal|p2a: Zamazenta|27/100|[from] item: Leftovers\n|upkeep\n|turn|29\n|\n|t:|1782434435\n|move|p1a: Lilligant|Triple Axel|p2a: Zamazenta\n|-damage|p2a: Zamazenta|19/100\n|-damage|p2a: Zamazenta|5/100\n|-damage|p2a: Zamazenta|0 fnt\n|faint|p2a: Zamazenta\n|-hitcount|p2: Zamazenta|3\n|-damage|p1a: Lilligant|7/100|[from] item: Life Orb\n|\n|-weather|SunnyDay|[upkeep]\n|upkeep\n|\n|t:|1782434439\n|switch|p2a: Pecharunt|Pecharunt|26/100\n|turn|30\n|\n|t:|1782434449\n|move|p1a: Lilligant|Triple Axel|p2a: Pecharunt\n|-damage|p2a: Pecharunt|21/100\n|-crit|p2a: Pecharunt\n|-damage|p2a: Pecharunt|5/100\n|-damage|p2a: Pecharunt|0 fnt\n|faint|p2a: Pecharunt\n|-hitcount|p2: Pecharunt|3\n|-damage|p1a: Lilligant|0 fnt|[from] item: Life Orb\n|faint|p1a: Lilligant\n|\n|-weather|SunnyDay|[upkeep]\n|upkeep\n|c|☆mothily ><|mb\n|j| have we gone\n|j| gardenGnostic\n|\n|t:|1782434464\n|switch|p1a: Talonflame|Talonflame, M|66/100\n|switch|p2a: Kyurem|Kyurem|51/100\n|-ability|p2a: Kyurem|Pressure\n|turn|31\n|l| gardenGnostic\n|\n|t:|1782434467\n|-terastallize|p2a: Kyurem|Ice\n|move|p2a: Kyurem|Ice Beam|p1a: Talonflame\n|-damage|p1a: Talonflame|0 fnt\n|faint|p1a: Talonflame\n|\n|-weather|SunnyDay|[upkeep]\n|upkeep\n|c|☆mothily ><|oh oops\n|c|☆mothily ><|nvm didnt matter\n|c|☆mothily ><|gg\n|c|☆why yukina|ggs\n|\n|t:|1782434480\n|switch|p1a: Ninetales|Ninetales, M|26/100\n|turn|32\n|\n|t:|1782434482\n|move|p2a: Kyurem|Ice Beam|p1a: Ninetales\n|-resisted|p1a: Ninetales\n|-crit|p1a: Ninetales\n|-damage|p1a: Ninetales|0 fnt\n|faint|p1a: Ninetales\n|\n|-weather|SunnyDay|[upkeep]\n|upkeep\n|c|☆mothily ><|ukw the uu only team didnt do as bad as i was expecting\n|\n|t:|1782434495\n|switch|p1a: Cresselia|Cresselia, F|15/100\n|turn|33\n|c|☆why yukina|you played it well\n|c|☆mothily ><|if i clicked healing wish on hilli maybe it coulda won\n|c|☆mothily ><|gg\n|\n|t:|1782434512\n|move|p2a: Kyurem|Ice Beam|p1a: Cresselia\n|-damage|p1a: Cresselia|0 fnt\n|faint|p1a: Cresselia\n|\n|win|why yukina\n|raw|mothily &gt;&lt;'s rating: 1776 &rarr; <strong>1758</strong><br />(-18 for losing)\n|raw|why yukina's rating: 1810 &rarr; <strong>1828</strong><br />(+18 for winning)\n", "uploadtime": 1782434514, "views": 27, "formatid": "gen9ou", "rating": 1758, "private": 0, "password": null}