{"id": "gen9ou-2647834617", "format": "[Gen 9] OU", "players": ["sandorivera22", "messa jar jar"], "log": "|j|☆sandorivera22\n|j|☆messa jar jar\n|t:|1783820917\n|gametype|singles\n|player|p1|sandorivera22|lucas|1306\n|player|p2|messa jar jar|2|1261\n|gen|9\n|tier|[Gen 9] OU\n|rated|\n|rule|HP Percentage Mod: HP is shown in percentages\n|rule|Endless Battle Clause: Forcing endless battles is banned\n|rule|Species Clause: Limit one of each Pokémon\n|rule|OHKO Clause: OHKO moves are banned\n|rule|Evasion Items Clause: Evasion items are banned\n|rule|Evasion Moves Clause: Evasion moves are banned\n|rule|Evasion Abilities Clause: Evasion abilities are banned\n|rule|Sleep Moves Clause: Sleep-inducing moves are banned\n|clearpoke\n|poke|p1|Donphan, F|\n|poke|p1|Samurott-Hisui, M|\n|poke|p1|Hydrapple, F|\n|poke|p1|Heatran, M|\n|poke|p1|Dedenne, M|\n|poke|p1|Froslass, F|\n|poke|p2|Whimsicott, F|\n|poke|p2|Iron Moth|\n|poke|p2|Clefable, M|\n|poke|p2|Alomomola, M|\n|poke|p2|Iron Treads|\n|poke|p2|Kingambit, F|\n|teampreview\n|inactive|Battle timer is ON: inactive players will automatically lose when time's up. (requested by sandorivera22)\n|\n|t:|1783820946\n|teamsize|p1|6\n|teamsize|p2|6\n|start\n|switch|p1a: Samurott|Samurott-Hisui, M, shiny|100/100\n|switch|p2a: Clefable|Clefable, M|100/100\n|turn|1\n|\n|t:|1783820956\n|switch|p1a: Heatran|Heatran, M, shiny|100/100\n|-item|p1a: Heatran|Air Balloon\n|move|p2a: Clefable|Moonblast|p1a: Heatran\n|-resisted|p1a: Heatran\n|-damage|p1a: Heatran|96/100\n|-unboost|p1a: Heatran|spa|1\n|-enditem|p1a: Heatran|Air Balloon\n|\n|upkeep\n|turn|2\n|\n|t:|1783820969\n|switch|p2a: Alomomola|Alomomola, M|100/100\n|move|p1a: Heatran|Stealth Rock|p2a: Alomomola\n|-sidestart|p2: messa jar jar|move: Stealth Rock\n|\n|upkeep\n|turn|3\n|\n|t:|1783820978\n|switch|p1a: Hydrapple|Hydrapple, F|100/100\n|move|p2a: Alomomola|Flip Turn|p1a: Hydrapple\n|-resisted|p1a: Hydrapple\n|-damage|p1a: Hydrapple|98/100\n|\n|t:|1783820991\n|switch|p2a: Iron Moth|Iron Moth|100/100|[from] Flip Turn\n|-damage|p2a: Iron Moth|76/100|[from] Stealth Rock\n|\n|-heal|p2a: Iron Moth|82/100|[from] item: Leftovers\n|-heal|p1a: Hydrapple|100/100|[from] item: Leftovers\n|upkeep\n|turn|4\n|\n|t:|1783821008\n|-terastallize|p1a: Hydrapple|Dragon\n|move|p2a: Iron Moth|Sludge Wave|p1a: Hydrapple\n|-damage|p1a: Hydrapple|53/100\n|move|p1a: Hydrapple|Earth Power|p2a: Iron Moth\n|-supereffective|p2a: Iron Moth\n|-damage|p2a: Iron Moth|0 fnt\n|faint|p2a: Iron Moth\n|-end|p2a: Iron Moth|Quark Drive|[silent]\n|\n|-heal|p1a: Hydrapple|59/100|[from] item: Leftovers\n|upkeep\n|inactive|messa jar jar has 120 seconds left.\n|\n|t:|1783821030\n|switch|p2a: Clefable|Clefable, M|100/100\n|-damage|p2a: Clefable|88/100|[from] Stealth Rock\n|turn|5\n|\n|t:|1783821035\n|switch|p1a: Heatran|Heatran, M, shiny|96/100\n|move|p2a: Clefable|Stealth Rock|p1a: Heatran\n|-sidestart|p1: sandorivera22|move: Stealth Rock\n|\n|-heal|p2a: Clefable|94/100|[from] item: Leftovers\n|upkeep\n|turn|6\n|\n|t:|1783821049\n|switch|p2a: Alomomola|Alomomola, M|100/100\n|-damage|p2a: Alomomola|88/100|[from] Stealth Rock\n|move|p1a: Heatran|Flash Cannon|p2a: Alomomola\n|-resisted|p2a: Alomomola\n|-damage|p2a: Alomomola|68/100\n|\n|-heal|p2a: Alomomola|74/100|[from] item: Leftovers\n|upkeep\n|turn|7\n|\n|t:|1783821068\n|switch|p1a: Samurott|Samurott-Hisui, M, shiny|100/100\n|-damage|p1a: Samurott|88/100|[from] Stealth Rock\n|move|p2a: Alomomola|Scald|p1a: Samurott\n|-resisted|p1a: Samurott\n|-damage|p1a: Samurott|78/100\n|\n|-heal|p2a: Alomomola|81/100|[from] item: Leftovers\n|upkeep\n|turn|8\n|\n|t:|1783821085\n|move|p1a: Samurott|Ceaseless Edge|p2a: Alomomola\n|-damage|p2a: Alomomola|46/100\n|-sidestart|p2: messa jar jar|Spikes\n|-damage|p1a: Samurott|68/100|[from] item: Life Orb\n|move|p2a: Alomomola|Wish|p2a: Alomomola\n|\n|-heal|p2a: Alomomola|52/100|[from] item: Leftovers\n|upkeep\n|turn|9\n|\n|t:|1783821096\n|move|p1a: Samurott|Ceaseless Edge|p2a: Alomomola\n|-damage|p2a: Alomomola|21/100\n|-sidestart|p2: messa jar jar|Spikes\n|-damage|p1a: Samurott|58/100|[from] item: Life Orb\n|move|p2a: Alomomola|Scald|p1a: Samurott\n|-resisted|p1a: Samurott\n|-damage|p1a: Samurott|49/100\n|\n|-heal|p2a: Alomomola|71/100|[from] move: Wish|[wisher] Alomomola\n|-heal|p2a: Alomomola|77/100|[from] item: Leftovers\n|upkeep\n|turn|10\n|\n|t:|1783821113\n|switch|p1a: Dedenne|Dedenne, M, shiny|100/100\n|-damage|p1a: Dedenne|88/100|[from] Stealth Rock\n|move|p2a: Alomomola|Flip Turn|p1a: Dedenne\n|-damage|p1a: Dedenne|56/100\n|\n|t:|1783821122\n|switch|p2a: Iron Treads|Iron Treads|100/100|[from] Flip Turn\n|-damage|p2a: Iron Treads|97/100|[from] Stealth Rock\n|-damage|p2a: Iron Treads|81/100|[from] Spikes\n|\n|upkeep\n|turn|11\n|inactive|messa jar jar has 120 seconds left.\n|\n|t:|1783821140\n|switch|p1a: Samurott|Samurott-Hisui, M, shiny|49/100\n|-damage|p1a: Samurott|37/100|[from] Stealth Rock\n|move|p2a: Iron Treads|Rapid Spin|p1a: Samurott\n|-damage|p1a: Samurott|17/100\n|-boost|p2a: Iron Treads|spe|1\n|-sideend|p2: messa jar jar|Spikes|[from] move: Rapid Spin|[of] p2a: Iron Treads\n|-sideend|p2: messa jar jar|Stealth Rock|[from] move: Rapid Spin|[of] p2a: Iron Treads\n|\n|upkeep\n|turn|12\n|inactive|messa jar jar has 120 seconds left.\n|\n|t:|1783821150\n|move|p2a: Iron Treads|Earthquake|p1a: Samurott\n|-damage|p1a: Samurott|0 fnt\n|faint|p1a: Samurott\n|\n|upkeep\n|\n|t:|1783821153\n|switch|p1a: Donphan|Donphan, F|100/100\n|-damage|p1a: Donphan|94/100|[from] Stealth Rock\n|turn|13\n|inactive|messa jar jar has 120 seconds left.\n|\n|t:|1783821173\n|-end|p2a: Iron Treads|Quark Drive|[silent]\n|switch|p2a: Alomomola|Alomomola, M|100/100\n|move|p1a: Donphan|Rapid Spin|p2a: Alomomola\n|-damage|p2a: Alomomola|89/100\n|-boost|p1a: Donphan|spe|1\n|-sideend|p1: sandorivera22|Stealth Rock|[from] move: Rapid Spin|[of] p1a: Donphan\n|\n|-heal|p2a: Alomomola|96/100|[from] item: Leftovers\n|upkeep\n|turn|14\n|inactive|messa jar jar has 120 seconds left.\n|\n|t:|1783821189\n|move|p1a: Donphan|Knock Off|p2a: Alomomola\n|-damage|p2a: Alomomola|75/100\n|-enditem|p2a: Alomomola|Leftovers|[from] move: Knock Off|[of] p1a: Donphan\n|move|p2a: Alomomola|Scald|p1a: Donphan\n|-supereffective|p1a: Donphan\n|-damage|p1a: Donphan|72/100\n|-status|p1a: Donphan|brn\n|\n|-damage|p1a: Donphan|66/100 brn|[from] brn\n|upkeep\n|turn|15\n|\n|t:|1783821206\n|switch|p1a: Hydrapple|Hydrapple, F, tera:Dragon|92/100\n|move|p2a: Alomomola|Flip Turn|p1a: Hydrapple\n|-resisted|p1a: Hydrapple\n|-damage|p1a: Hydrapple|87/100\n|\n|t:|1783821215\n|switch|p2a: Clefable|Clefable, M|94/100|[from] Flip Turn\n|\n|-heal|p2a: Clefable|99/100|[from] item: Leftovers\n|-heal|p1a: Hydrapple|93/100|[from] item: Leftovers\n|upkeep\n|turn|16\n|\n|t:|1783821226\n|switch|p1a: Heatran|Heatran, M, shiny|96/100\n|move|p2a: Clefable|Moonblast|p1a: Heatran\n|-resisted|p1a: Heatran\n|-damage|p1a: Heatran|91/100\n|\n|-heal|p2a: Clefable|100/100|[from] item: Leftovers\n|upkeep\n|turn|17\n|inactive|messa jar jar has 120 seconds left.\n|\n|t:|1783821248\n|switch|p2a: Alomomola|Alomomola, M|100/100\n|move|p1a: Heatran|Flash Cannon|p2a: Alomomola\n|-resisted|p2a: Alomomola\n|-damage|p2a: Alomomola|82/100\n|-unboost|p2a: Alomomola|spd|1\n|\n|upkeep\n|turn|18\n|\n|t:|1783821259\n|move|p1a: Heatran|Stealth Rock|p2a: Alomomola\n|-sidestart|p2: messa jar jar|move: Stealth Rock\n|move|p2a: Alomomola|Flip Turn|p1a: Heatran\n|-supereffective|p1a: Heatran\n|-damage|p1a: Heatran|67/100\n|\n|t:|1783821267\n|switch|p2a: Iron Treads|Iron Treads|81/100|[from] Flip Turn\n|-damage|p2a: Iron Treads|78/100|[from] Stealth Rock\n|\n|upkeep\n|turn|19\n|\n|t:|1783821290\n|switch|p1a: Hydrapple|Hydrapple, F, tera:Dragon|100/100\n|move|p2a: Iron Treads|Earthquake|p1a: Hydrapple\n|-damage|p1a: Hydrapple|64/100\n|\n|-heal|p1a: Hydrapple|70/100|[from] item: Leftovers\n|upkeep\n|turn|20\n|\n|t:|1783821319\n|-end|p2a: Iron Treads|Quark Drive|[silent]\n|switch|p2a: Clefable|Clefable, M|100/100\n|-damage|p2a: Clefable|88/100|[from] Stealth Rock\n|move|p1a: Hydrapple|Leaf Storm|p2a: Clefable\n|-damage|p2a: Clefable|39/100\n|-unboost|p1a: Hydrapple|spa|2\n|\n|-heal|p2a: Clefable|45/100|[from] item: Leftovers\n|-heal|p1a: Hydrapple|76/100|[from] item: Leftovers\n|upkeep\n|turn|21\n|\n|t:|1783821334\n|switch|p1a: Heatran|Heatran, M, shiny|67/100\n|move|p2a: Clefable|Wish|p2a: Clefable\n|\n|-heal|p2a: Clefable|52/100|[from] item: Leftovers\n|upkeep\n|turn|22\n|\n|t:|1783821340\n|move|p1a: Heatran|Flash Cannon|p2a: Clefable\n|-supereffective|p2a: Clefable\n|-damage|p2a: Clefable|3/100\n|move|p2a: Clefable|Calm Mind|p2a: Clefable\n|-boost|p2a: Clefable|spa|1\n|-boost|p2a: Clefable|spd|1\n|\n|-heal|p2a: Clefable|53/100|[from] move: Wish|[wisher] Clefable\n|-heal|p2a: Clefable|59/100|[from] item: Leftovers\n|upkeep\n|turn|23\n|\n|t:|1783821349\n|switch|p1a: Froslass|Froslass, F|100/100\n|move|p2a: Clefable|Wish|p2a: Clefable\n|\n|-heal|p2a: Clefable|65/100|[from] item: Leftovers\n|upkeep\n|turn|24\n|\n|t:|1783821357\n|move|p1a: Froslass|Triple Axel|p2a: Clefable\n|-damage|p2a: Clefable|57/100\n|-damage|p2a: Clefable|41/100\n|-damage|p2a: Clefable|15/100\n|-hitcount|p2a: Clefable|3\n|move|p2a: Clefable|Calm Mind|p2a: Clefable\n|-boost|p2a: Clefable|spa|1\n|-boost|p2a: Clefable|spd|1\n|\n|-heal|p2a: Clefable|65/100|[from] move: Wish|[wisher] Clefable\n|-heal|p2a: Clefable|71/100|[from] item: Leftovers\n|upkeep\n|turn|25\n|\n|t:|1783821373\n|move|p1a: Froslass|Disable|p2a: Clefable\n|-start|p2a: Clefable|Disable|Calm Mind\n|move|p2a: Clefable|Moonblast|p1a: Froslass\n|-damage|p1a: Froslass|4/100\n|\n|-heal|p2a: Clefable|77/100|[from] item: Leftovers\n|upkeep\n|turn|26\n|\n|t:|1783821381\n|move|p1a: Froslass|Destiny Bond|p1a: Froslass\n|-singlemove|p1a: Froslass|Destiny Bond\n|move|p2a: Clefable|Moonblast|p1a: Froslass\n|-damage|p1a: Froslass|0 fnt\n|faint|p1a: Froslass\n|-activate|p1a: Froslass|move: Destiny Bond\n|faint|p2a: Clefable\n|\n|upkeep\n|\n|t:|1783821402\n|switch|p1a: Heatran|Heatran, M, shiny|67/100\n|switch|p2a: Kingambit|Kingambit, F|100/100\n|-damage|p2a: Kingambit|94/100|[from] Stealth Rock\n|-activate|p2a: Kingambit|ability: Supreme Overlord\n|-start|p2a: Kingambit|fallen2|[silent]\n|turn|27\n|\n|t:|1783821419\n|-end|p2a: Kingambit|fallen2|[silent]\n|switch|p2a: Alomomola|Alomomola, M|100/100\n|-damage|p2a: Alomomola|88/100|[from] Stealth Rock\n|move|p1a: Heatran|Will-O-Wisp|p2a: Alomomola\n|-status|p2a: Alomomola|brn\n|\n|-damage|p2a: Alomomola|82/100 brn|[from] brn\n|upkeep\n|turn|28\n|\n|t:|1783821430\n|switch|p1a: Dedenne|Dedenne, M, shiny|56/100\n|move|p2a: Alomomola|Scald|p1a: Dedenne\n|-damage|p1a: Dedenne|32/100\n|-status|p1a: Dedenne|brn\n|-enditem|p1a: Dedenne|Sitrus Berry|[eat]\n|-heal|p1a: Dedenne|57/100 brn|[from] item: Sitrus Berry\n|-heal|p1a: Dedenne|90/100 brn|[from] ability: Cheek Pouch\n|\n|-damage|p1a: Dedenne|84/100 brn|[from] brn\n|-damage|p2a: Alomomola|76/100 brn|[from] brn\n|upkeep\n|turn|29\n|\n|t:|1783821446\n|switch|p1a: Hydrapple|Hydrapple, F, tera:Dragon|100/100\n|switch|p2a: Iron Treads|Iron Treads|78/100\n|-damage|p2a: Iron Treads|75/100|[from] Stealth Rock\n|\n|upkeep\n|turn|30\n|\n|t:|1783821458\n|-end|p2a: Iron Treads|Quark Drive|[silent]\n|switch|p2a: Whimsicott|Whimsicott, F|100/100\n|-damage|p2a: Whimsicott|88/100|[from] Stealth Rock\n|move|p1a: Hydrapple|Leaf Storm|p2a: Whimsicott\n|-resisted|p2a: Whimsicott\n|-damage|p2a: Whimsicott|55/100\n|-unboost|p1a: Hydrapple|spa|2\n|\n|-heal|p2a: Whimsicott|61/100|[from] item: Leftovers\n|upkeep\n|turn|31\n|\n|t:|1783821471\n|switch|p1a: Heatran|Heatran, M, shiny|67/100\n|move|p2a: Whimsicott|Substitute|p2a: Whimsicott\n|-start|p2a: Whimsicott|Substitute\n|-damage|p2a: Whimsicott|36/100\n|\n|-heal|p2a: Whimsicott|42/100|[from] item: Leftovers\n|upkeep\n|turn|32\n|\n|t:|1783821477\n|move|p2a: Whimsicott|Leech Seed|p1a: Heatran\n|-start|p1a: Heatran|move: Leech Seed\n|move|p1a: Heatran|Flamethrower|p2a: Whimsicott\n|-supereffective|p2a: Whimsicott\n|-end|p2a: Whimsicott|Substitute\n|\n|-heal|p2a: Whimsicott|48/100|[from] item: Leftovers\n|-damage|p1a: Heatran|54/100|[from] Leech Seed|[of] p2a: Whimsicott\n|-heal|p2a: Whimsicott|63/100|[silent]\n|upkeep\n|turn|33\n|\n|t:|1783821502\n|move|p2a: Whimsicott|Substitute|p2a: Whimsicott\n|-start|p2a: Whimsicott|Substitute\n|-damage|p2a: Whimsicott|38/100\n|move|p1a: Heatran|Flamethrower|p2a: Whimsicott\n|-supereffective|p2a: Whimsicott\n|-crit|p2a: Whimsicott\n|-end|p2a: Whimsicott|Substitute\n|\n|-heal|p2a: Whimsicott|44/100|[from] item: Leftovers\n|-damage|p1a: Heatran|42/100|[from] Leech Seed|[of] p2a: Whimsicott\n|-heal|p2a: Whimsicott|59/100|[silent]\n|upkeep\n|turn|34\n|\n|t:|1783821523\n|switch|p1a: Dedenne|Dedenne, M, shiny|84/100 brn\n|move|p2a: Whimsicott|Substitute|p2a: Whimsicott\n|-start|p2a: Whimsicott|Substitute\n|-damage|p2a: Whimsicott|34/100\n|\n|-heal|p2a: Whimsicott|40/100|[from] item: Leftovers\n|-damage|p1a: Dedenne|78/100 brn|[from] brn\n|upkeep\n|turn|35\n|\n|t:|1783821540\n|switch|p1a: Hydrapple|Hydrapple, F, tera:Dragon|100/100\n|move|p2a: Whimsicott|Leech Seed|p1a: Hydrapple\n|-start|p1a: Hydrapple|move: Leech Seed\n|\n|-heal|p2a: Whimsicott|46/100|[from] item: Leftovers\n|-damage|p1a: Hydrapple|88/100|[from] Leech Seed|[of] p2a: Whimsicott\n|-heal|p2a: Whimsicott|62/100|[silent]\n|upkeep\n|turn|36\n|inactive|messa jar jar has 120 seconds left.\n|inactive|sandorivera22 has 120 seconds left.\n|\n|t:|1783821564\n|switch|p1a: Heatran|Heatran, M, shiny|42/100\n|move|p2a: Whimsicott|Stun Spore|p1a: Heatran\n|-status|p1a: Heatran|par\n|\n|-heal|p2a: Whimsicott|68/100|[from] item: Leftovers\n|upkeep\n|turn|37\n|inactive|sandorivera22 has 120 seconds left.\n|\n|t:|1783821578\n|move|p2a: Whimsicott|Leech Seed|p1a: Heatran\n|-start|p1a: Heatran|move: Leech Seed\n|move|p1a: Heatran|Flamethrower|p2a: Whimsicott\n|-supereffective|p2a: Whimsicott\n|-end|p2a: Whimsicott|Substitute\n|\n|-heal|p2a: Whimsicott|75/100|[from] item: Leftovers\n|-damage|p1a: Heatran|29/100 par|[from] Leech Seed|[of] p2a: Whimsicott\n|-heal|p2a: Whimsicott|89/100|[silent]\n|upkeep\n|turn|38\n|\n|t:|1783821588\n|switch|p1a: Dedenne|Dedenne, M, shiny|78/100 brn\n|move|p2a: Whimsicott|Substitute|p2a: Whimsicott\n|-start|p2a: Whimsicott|Substitute\n|-damage|p2a: Whimsicott|64/100\n|\n|-heal|p2a: Whimsicott|71/100|[from] item: Leftovers\n|-damage|p1a: Dedenne|71/100 brn|[from] brn\n|upkeep\n|turn|39\n|inactive|messa jar jar has 120 seconds left.\n|\n|t:|1783821597\n|move|p2a: Whimsicott|Leech Seed|p1a: Dedenne\n|-start|p1a: Dedenne|move: Leech Seed\n|move|p1a: Dedenne|Dazzling Gleam|p2a: Whimsicott\n|-end|p2a: Whimsicott|Substitute\n|\n|-heal|p2a: Whimsicott|77/100|[from] item: Leftovers\n|-damage|p1a: Dedenne|59/100 brn|[from] Leech Seed|[of] p2a: Whimsicott\n|-heal|p2a: Whimsicott|87/100|[silent]\n|-damage|p1a: Dedenne|53/100 brn|[from] brn\n|upkeep\n|turn|40\n|\n|t:|1783821618\n|move|p2a: Whimsicott|Substitute|p2a: Whimsicott\n|-start|p2a: Whimsicott|Substitute\n|-damage|p2a: Whimsicott|62/100\n|move|p1a: Dedenne|Volt Switch|p2a: Whimsicott\n|-resisted|p2a: Whimsicott\n|-activate|p2a: Whimsicott|move: Substitute|[damage]\n|\n|t:|1783821624\n|switch|p1a: Hydrapple|Hydrapple, F, tera:Dragon|100/100|[from] Volt Switch\n|\n|-heal|p2a: Whimsicott|68/100|[from] item: Leftovers\n|upkeep\n|turn|41\n|-message|sandorivera22 forfeited.\n|\n|win|messa jar jar\n|raw|sandorivera22's rating: 1306 &rarr; <strong>1283</strong><br />(-23 for losing)\n|raw|messa jar jar's rating: 1261 &rarr; <strong>1289</strong><br />(+28 for winning)\n|l|☆sandorivera22\n|player|p1|\n", "uploadtime": 1783821935, "views": 2, "formatid": "gen9ou", "rating": 1283, "private": 0, "password": null}