{"id": "gen9ou-2540932458", "format": "[Gen 9] OU", "players": ["alakazam darnold", "Noamm"], "log": "|j|‽alakazam darnold\n|j|☆Noamm\n|t:|1771268427\n|gametype|singles\n|player|p1|alakazam darnold|li|1686\n|player|p2|Noamm|gambler|1717\n|gen|9\n|tier|[Gen 9] OU\n|rated|\n|rule|HP Percentage Mod: HP is shown in percentages\n|rule|Endless Battle Clause: Forcing endless battles is banned\n|rule|Species Clause: Limit one of each Pokémon\n|rule|OHKO Clause: OHKO moves are banned\n|rule|Evasion Items Clause: Evasion items are banned\n|rule|Evasion Moves Clause: Evasion moves are banned\n|rule|Evasion Abilities Clause: Evasion abilities are banned\n|rule|Sleep Moves Clause: Sleep-inducing moves are banned\n|clearpoke\n|poke|p1|Ninetales-Alola, M|\n|poke|p1|Raging Bolt|\n|poke|p1|Glimmora, M|\n|poke|p1|Kingambit, M|\n|poke|p1|Latias, F|\n|poke|p1|Ceruledge, F|\n|poke|p2|Lokix, M|\n|poke|p2|Iron Valiant|\n|poke|p2|Alomomola, F|\n|poke|p2|Mandibuzz, F|\n|poke|p2|Great Tusk|\n|poke|p2|Gholdengo|\n|teampreview\n|j| hibikivgc\n|\n|t:|1771268434\n|teamsize|p1|6\n|teamsize|p2|6\n|start\n|switch|p1a: Glimmora|Glimmora, M|100/100\n|switch|p2a: The Path of Heaven|Gholdengo|100/100\n|turn|1\n|\n|t:|1771268440\n|move|p2a: The Path of Heaven|Make It Rain|p1a: Glimmora\n|-supereffective|p1a: Glimmora\n|-enditem|p1a: Glimmora|Focus Sash\n|-damage|p1a: Glimmora|1/100\n|-unboost|p2a: The Path of Heaven|spa|1\n|move|p1a: Glimmora|Stealth Rock|p2a: The Path of Heaven\n|-sidestart|p2: Noamm|move: Stealth Rock\n|\n|upkeep\n|turn|2\n|\n|t:|1771268450\n|switch|p1a: Raging Bolt|Raging Bolt|100/100\n|-enditem|p1a: Raging Bolt|Booster Energy\n|-activate|p1a: Raging Bolt|ability: Protosynthesis|[fromitem]\n|-start|p1a: Raging Bolt|protosynthesisspa\n|move|p2a: The Path of Heaven|Make It Rain|p1a: Raging Bolt\n|-resisted|p1a: Raging Bolt\n|-damage|p1a: Raging Bolt|82/100\n|-unboost|p2a: The Path of Heaven|spa|1\n|\n|upkeep\n|turn|3\n|\n|t:|1771268462\n|switch|p2a: CLOCK UP|Alomomola, F|100/100\n|-damage|p2a: CLOCK UP|88/100|[from] Stealth Rock\n|move|p1a: Raging Bolt|Calm Mind|p1a: Raging Bolt\n|-boost|p1a: Raging Bolt|spa|1\n|-boost|p1a: Raging Bolt|spd|1\n|\n|upkeep\n|turn|4\n|\n|t:|1771268467\n|move|p1a: Raging Bolt|Calm Mind|p1a: Raging Bolt\n|-boost|p1a: Raging Bolt|spa|1\n|-boost|p1a: Raging Bolt|spd|1\n|move|p2a: CLOCK UP|Flip Turn|p1a: Raging Bolt\n|-resisted|p1a: Raging Bolt\n|-damage|p1a: Raging Bolt|74/100\n|\n|t:|1771268488\n|switch|p2a: RIDER KICK|Lokix, M|100/100|[from] Flip Turn\n|-damage|p2a: RIDER KICK|76/100|[from] Stealth Rock\n|\n|upkeep\n|turn|5\n|\n|t:|1771268498\n|-terastallize|p2a: RIDER KICK|Bug\n|move|p2a: RIDER KICK|First Impression|p1a: Raging Bolt\n|-damage|p1a: Raging Bolt|0 fnt\n|faint|p1a: Raging Bolt\n|-end|p1a: Raging Bolt|Protosynthesis|[silent]\n|\n|upkeep\n|\n|t:|1771268502\n|switch|p1a: Ninetales|Ninetales-Alola, M|100/100\n|-weather|Snowscape|[from] ability: Snow Warning|[of] p1a: Ninetales\n|turn|6\n|\n|t:|1771268511\n|switch|p2a: The Path of Heaven|Gholdengo|100/100\n|-damage|p2a: The Path of Heaven|94/100|[from] Stealth Rock\n|move|p1a: Ninetales|Aurora Veil|p1a: Ninetales\n|-sidestart|p1: alakazam darnold|move: Aurora Veil\n|\n|-weather|Snowscape|[upkeep]\n|upkeep\n|turn|7\n|\n|t:|1771268516\n|switch|p1a: Glimmora|Glimmora, M|1/100\n|move|p2a: The Path of Heaven|Focus Blast|p1a: Glimmora\n|-damage|p1a: Glimmora|0 fnt\n|faint|p1a: Glimmora\n|\n|-weather|Snowscape|[upkeep]\n|upkeep\n|\n|t:|1771268519\n|switch|p1a: Ceruledge|Ceruledge, F|100/100\n|turn|8\n|\n|t:|1771268521\n|switch|p2a: CHANGE BEETLE|Mandibuzz, F|100/100\n|move|p1a: Ceruledge|Bulk Up|p1a: Ceruledge\n|-boost|p1a: Ceruledge|atk|1\n|-boost|p1a: Ceruledge|def|1\n|\n|-weather|Snowscape|[upkeep]\n|upkeep\n|turn|9\n|\n|t:|1771268532\n|move|p1a: Ceruledge|Taunt|p2a: CHANGE BEETLE\n|-start|p2a: CHANGE BEETLE|move: Taunt\n|cant|p2a: CHANGE BEETLE|move: Taunt|Defog\n|\n|-weather|Snowscape|[upkeep]\n|upkeep\n|turn|10\n|\n|t:|1771268552\n|-terastallize|p1a: Ceruledge|Bug\n|move|p1a: Ceruledge|Bulk Up|p1a: Ceruledge\n|-boost|p1a: Ceruledge|atk|1\n|-boost|p1a: Ceruledge|def|1\n|move|p2a: CHANGE BEETLE|Foul Play|p1a: Ceruledge\n|-damage|p1a: Ceruledge|76/100\n|\n|-weather|none\n|upkeep\n|turn|11\n|\n|t:|1771268555\n|move|p1a: Ceruledge|Bulk Up|p1a: Ceruledge\n|-boost|p1a: Ceruledge|atk|1\n|-boost|p1a: Ceruledge|def|1\n|move|p2a: CHANGE BEETLE|Foul Play|p1a: Ceruledge\n|-damage|p1a: Ceruledge|52/100\n|\n|-end|p2a: CHANGE BEETLE|move: Taunt\n|upkeep\n|turn|12\n|\n|t:|1771268558\n|move|p1a: Ceruledge|Taunt|p2a: CHANGE BEETLE\n|-start|p2a: CHANGE BEETLE|move: Taunt\n|move|p2a: CHANGE BEETLE|Foul Play|p1a: Ceruledge\n|-damage|p1a: Ceruledge|28/100\n|\n|upkeep\n|turn|13\n|\n|t:|1771268560\n|move|p1a: Ceruledge|Bitter Blade|p2a: CHANGE BEETLE\n|-damage|p2a: CHANGE BEETLE|44/100\n|-heal|p1a: Ceruledge|62/100|[from] drain|[of] p2a: CHANGE BEETLE\n|move|p2a: CHANGE BEETLE|Foul Play|p1a: Ceruledge\n|-damage|p1a: Ceruledge|40/100\n|\n|-sideend|p1: alakazam darnold|move: Aurora Veil\n|upkeep\n|turn|14\n|\n|t:|1771268565\n|move|p1a: Ceruledge|Bitter Blade|p2a: CHANGE BEETLE\n|-damage|p2a: CHANGE BEETLE|0 fnt\n|-heal|p1a: Ceruledge|66/100|[from] drain|[of] p2a: CHANGE BEETLE\n|faint|p2a: CHANGE BEETLE\n|\n|upkeep\n|\n|t:|1771268610\n|switch|p2a: CAST OFF|Iron Valiant, shiny|100/100\n|-damage|p2a: CAST OFF|94/100|[from] Stealth Rock\n|turn|15\n|\n|t:|1771268614\n|move|p2a: CAST OFF|Trick|p1a: Ceruledge\n|-activate|p2a: CAST OFF|move: Trick|[of] p1a: Ceruledge\n|-item|p1a: Ceruledge|Choice Specs|[from] move: Trick\n|-item|p2a: CAST OFF|Covert Cloak|[from] move: Trick\n|move|p1a: Ceruledge|Bitter Blade|p2a: CAST OFF\n|-damage|p2a: CAST OFF|0 fnt\n|-heal|p1a: Ceruledge|100/100|[from] drain|[of] p2a: CAST OFF\n|faint|p2a: CAST OFF\n|-end|p2a: CAST OFF|Quark Drive|[silent]\n|\n|upkeep\n|\n|t:|1771268620\n|switch|p2a: CLOCK UP|Alomomola, F|100/100\n|-damage|p2a: CLOCK UP|88/100|[from] Stealth Rock\n|turn|16\n|\n|t:|1771268623\n|move|p1a: Ceruledge|Bitter Blade|p2a: CLOCK UP\n|-resisted|p2a: CLOCK UP\n|-damage|p2a: CLOCK UP|54/100\n|move|p2a: CLOCK UP|Flip Turn|p1a: Ceruledge\n|-damage|p1a: Ceruledge|93/100\n|\n|t:|1771268627\n|switch|p2a: The Path of Heaven|Gholdengo|94/100|[from] Flip Turn\n|-damage|p2a: The Path of Heaven|88/100|[from] Stealth Rock\n|\n|upkeep\n|turn|17\n|\n|t:|1771268633\n|switch|p2a: CLOCK UP|Alomomola, F|88/100\n|-damage|p2a: CLOCK UP|75/100|[from] Stealth Rock\n|move|p1a: Ceruledge|Bitter Blade|p2a: CLOCK UP\n|-resisted|p2a: CLOCK UP\n|-damage|p2a: CLOCK UP|36/100\n|-heal|p1a: Ceruledge|100/100|[from] drain|[of] p2a: CLOCK UP\n|\n|upkeep\n|turn|18\n|\n|t:|1771268641\n|move|p1a: Ceruledge|Bitter Blade|p2a: CLOCK UP\n|-resisted|p2a: CLOCK UP\n|-damage|p2a: CLOCK UP|1/100\n|move|p2a: CLOCK UP|Scald|p1a: Ceruledge\n|-damage|p1a: Ceruledge|91/100\n|-status|p1a: Ceruledge|brn\n|\n|-damage|p1a: Ceruledge|85/100 brn|[from] brn\n|upkeep\n|turn|19\n|\n|t:|1771268646\n|switch|p2a: He Who Walks|Great Tusk|100/100\n|move|p1a: Ceruledge|Bitter Blade|p2a: He Who Walks\n|-damage|p2a: He Who Walks|68/100\n|-heal|p1a: Ceruledge|100/100 brn|[from] drain|[of] p2a: He Who Walks\n|\n|-damage|p1a: Ceruledge|94/100 brn|[from] brn\n|upkeep\n|turn|20\n|\n|t:|1771268651\n|move|p2a: He Who Walks|Stealth Rock|p1a: Ceruledge\n|-sidestart|p1: alakazam darnold|move: Stealth Rock\n|move|p1a: Ceruledge|Bitter Blade|p2a: He Who Walks\n|-damage|p2a: He Who Walks|37/100\n|-heal|p1a: Ceruledge|100/100 brn|[from] drain|[of] p2a: He Who Walks\n|\n|-damage|p1a: Ceruledge|94/100 brn|[from] brn\n|upkeep\n|turn|21\n|\n|t:|1771268658\n|-end|p2a: He Who Walks|Protosynthesis|[silent]\n|switch|p2a: CLOCK UP|Alomomola, F|34/100\n|-damage|p2a: CLOCK UP|22/100|[from] Stealth Rock\n|move|p1a: Ceruledge|Bitter Blade|p2a: CLOCK UP\n|-resisted|p2a: CLOCK UP\n|-damage|p2a: CLOCK UP|5/100\n|-heal|p1a: Ceruledge|100/100 brn|[from] drain|[of] p2a: CLOCK UP\n|\n|-damage|p1a: Ceruledge|94/100 brn|[from] brn\n|upkeep\n|turn|22\n|\n|t:|1771268664\n|switch|p2a: He Who Walks|Great Tusk|37/100\n|move|p1a: Ceruledge|Bitter Blade|p2a: He Who Walks\n|-damage|p2a: He Who Walks|5/100\n|-heal|p1a: Ceruledge|100/100 brn|[from] drain|[of] p2a: He Who Walks\n|\n|-damage|p1a: Ceruledge|94/100 brn|[from] brn\n|upkeep\n|turn|23\n|\n|t:|1771268669\n|move|p2a: He Who Walks|Headlong Rush|p1a: Ceruledge\n|-resisted|p1a: Ceruledge\n|-crit|p1a: Ceruledge\n|-damage|p1a: Ceruledge|43/100 brn\n|-unboost|p2a: He Who Walks|def|1\n|-unboost|p2a: He Who Walks|spd|1\n|move|p1a: Ceruledge|Bitter Blade|p2a: He Who Walks\n|-damage|p2a: He Who Walks|0 fnt\n|-heal|p1a: Ceruledge|45/100 brn|[from] drain|[of] p2a: He Who Walks\n|faint|p2a: He Who Walks\n|-end|p2a: He Who Walks|Protosynthesis|[silent]\n|\n|-damage|p1a: Ceruledge|39/100 brn|[from] brn\n|upkeep\n|\n|t:|1771268674\n|switch|p2a: The Path of Heaven|Gholdengo|88/100\n|-damage|p2a: The Path of Heaven|82/100|[from] Stealth Rock\n|turn|24\n|\n|t:|1771268678\n|move|p2a: The Path of Heaven|Shadow Ball|p1a: Ceruledge\n|-damage|p1a: Ceruledge|4/100 brn\n|-unboost|p1a: Ceruledge|spd|1\n|move|p1a: Ceruledge|Bitter Blade|p2a: The Path of Heaven\n|-supereffective|p2a: The Path of Heaven\n|-damage|p2a: The Path of Heaven|0 fnt\n|-heal|p1a: Ceruledge|41/100 brn|[from] drain|[of] p2a: The Path of Heaven\n|faint|p2a: The Path of Heaven\n|\n|-damage|p1a: Ceruledge|34/100 brn|[from] brn\n|upkeep\n|\n|t:|1771268683\n|switch|p2a: RIDER KICK|Lokix, M, tera:Bug|76/100\n|-damage|p2a: RIDER KICK|51/100|[from] Stealth Rock\n|turn|25\n|\n|t:|1771268690\n|move|p2a: RIDER KICK|Leech Life|p1a: Ceruledge\n|-damage|p1a: Ceruledge|0 fnt\n|-heal|p2a: RIDER KICK|72/100|[from] drain|[of] p1a: Ceruledge\n|faint|p1a: Ceruledge\n|\n|upkeep\n|\n|t:|1771268709\n|switch|p1a: Ninetales|Ninetales-Alola, M|100/100\n|-damage|p1a: Ninetales|75/100|[from] Stealth Rock\n|-weather|Snowscape|[from] ability: Snow Warning|[of] p1a: Ninetales\n|turn|26\n|\n|t:|1771268711\n|move|p1a: Ninetales|Aurora Veil|p1a: Ninetales\n|-sidestart|p1: alakazam darnold|move: Aurora Veil\n|move|p2a: RIDER KICK|Leech Life|p1a: Ninetales\n|-resisted|p1a: Ninetales\n|-damage|p1a: Ninetales|33/100\n|-heal|p2a: RIDER KICK|94/100|[from] drain|[of] p1a: Ninetales\n|\n|-weather|Snowscape|[upkeep]\n|upkeep\n|turn|27\n|\n|t:|1771268715\n|move|p1a: Ninetales|Encore|p2a: RIDER KICK\n|-start|p2a: RIDER KICK|Encore\n|move|p2a: RIDER KICK|Leech Life|p1a: Ninetales\n|-resisted|p1a: Ninetales\n|-damage|p1a: Ninetales|0 fnt\n|-heal|p2a: RIDER KICK|100/100|[from] drain|[of] p1a: Ninetales\n|faint|p1a: Ninetales\n|\n|-weather|Snowscape|[upkeep]\n|upkeep\n|\n|t:|1771268717\n|switch|p1a: Kingambit|Kingambit, M|100/100\n|-damage|p1a: Kingambit|94/100|[from] Stealth Rock\n|-activate|p1a: Kingambit|ability: Supreme Overlord\n|-start|p1a: Kingambit|fallen4|[silent]\n|turn|28\n|\n|t:|1771268721\n|move|p2a: RIDER KICK|Leech Life|p1a: Kingambit\n|-damage|p1a: Kingambit|58/100\n|move|p1a: Kingambit|Kowtow Cleave|p2a: RIDER KICK\n|-damage|p2a: RIDER KICK|0 fnt\n|faint|p2a: RIDER KICK\n|\n|-weather|Snowscape|[upkeep]\n|upkeep\n|\n|t:|1771268723\n|switch|p2a: CLOCK UP|Alomomola, F|38/100\n|-damage|p2a: CLOCK UP|26/100|[from] Stealth Rock\n|turn|29\n|-message|Noamm forfeited.\n|\n|win|alakazam darnold\n|raw|alakazam darnold's rating: 1686 &rarr; <strong>1708</strong><br />(+22 for winning)\n|raw|Noamm's rating: 1717 &rarr; <strong>1695</strong><br />(-22 for losing)\n|l|☆Noamm\n|player|p2|\n|l|‽alakazam darnold\n|player|p1|\n|l| hibikivgc\n", "uploadtime": 1771268921, "views": 3, "formatid": "gen9ou", "rating": 1695, "private": 0, "password": null}