{"id": "gen9ou-2540680581", "format": "[Gen 9] OU", "players": ["Moath2m", "bh.babiri"], "log": "|j|☆Moath2m\n|j|☆bh.babiri\n|t:|1771239218\n|gametype|singles\n|player|p1|Moath2m|lucas|1597\n|player|p2|bh.babiri|pokemonbreederf-gen4|1713\n|gen|9\n|tier|[Gen 9] OU\n|rated|\n|rule|HP Percentage Mod: HP is shown in percentages\n|rule|Endless Battle Clause: Forcing endless battles is banned\n|rule|Species Clause: Limit one of each Pokémon\n|rule|OHKO Clause: OHKO moves are banned\n|rule|Evasion Items Clause: Evasion items are banned\n|rule|Evasion Moves Clause: Evasion moves are banned\n|rule|Evasion Abilities Clause: Evasion abilities are banned\n|rule|Sleep Moves Clause: Sleep-inducing moves are banned\n|clearpoke\n|poke|p1|Tyranitar, F|\n|poke|p1|Excadrill, M|\n|poke|p1|Gliscor, M|\n|poke|p1|Garganacl, M|\n|poke|p1|Iron Crown|\n|poke|p1|Ogerpon-Wellspring, F|\n|poke|p2|Araquanid, F|\n|poke|p2|Great Tusk|\n|poke|p2|Enamorus, F|\n|poke|p2|Glimmora, M|\n|poke|p2|Gholdengo|\n|poke|p2|Dragonite, F|\n|teampreview\n|inactive|Battle timer is ON: inactive players will automatically lose when time's up. (requested by Moath2m)\n|inactive|bh.babiri also wants the timer to be on.\n|\n|t:|1771239238\n|teamsize|p1|6\n|teamsize|p2|6\n|start\n|switch|p1a: Iron Crown|Iron Crown|100/100\n|switch|p2a: Great Tusk|Great Tusk, shiny|100/100\n|-enditem|p2a: Great Tusk|Booster Energy\n|-activate|p2a: Great Tusk|ability: Protosynthesis|[fromitem]\n|-start|p2a: Great Tusk|protosynthesisatk\n|turn|1\n|\n|t:|1771239246\n|-end|p2a: Great Tusk|Protosynthesis|[silent]\n|switch|p2a: Gholdengo|Gholdengo, shiny|100/100\n|-item|p2a: Gholdengo|Air Balloon\n|move|p1a: Iron Crown|Psychic|p2a: Gholdengo\n|-resisted|p2a: Gholdengo\n|-damage|p2a: Gholdengo|61/100\n|-enditem|p2a: Gholdengo|Air Balloon\n|\n|upkeep\n|turn|2\n|\n|t:|1771239258\n|-end|p1a: Iron Crown|Quark Drive|[silent]\n|switch|p1a: Tyranitar|Tyranitar, F|100/100\n|-weather|Sandstorm|[from] ability: Sand Stream|[of] p1a: Tyranitar\n|move|p2a: Gholdengo|Shadow Ball|p1a: Tyranitar\n|-resisted|p1a: Tyranitar\n|-damage|p1a: Tyranitar|88/100\n|\n|-weather|Sandstorm|[upkeep]\n|upkeep\n|turn|3\n|\n|t:|1771239268\n|move|p2a: Gholdengo|Dazzling Gleam|p1a: Tyranitar\n|-supereffective|p1a: Tyranitar\n|-damage|p1a: Tyranitar|57/100\n|move|p1a: Tyranitar|Knock Off|p2a: Gholdengo\n|-supereffective|p2a: Gholdengo\n|-damage|p2a: Gholdengo|0 fnt\n|faint|p2a: Gholdengo\n|\n|-weather|Sandstorm|[upkeep]\n|upkeep\n|\n|t:|1771239276\n|switch|p2a: Enamorus|Enamorus, F|100/100\n|turn|4\n|\n|t:|1771239284\n|move|p2a: Enamorus|Moonblast|p1a: Tyranitar\n|-supereffective|p1a: Tyranitar\n|-damage|p1a: Tyranitar|0 fnt\n|faint|p1a: Tyranitar\n|\n|-weather|Sandstorm|[upkeep]\n|-damage|p2a: Enamorus|94/100|[from] Sandstorm\n|upkeep\n|\n|t:|1771239287\n|switch|p1a: Excadrill|Excadrill, M|100/100\n|-item|p1a: Excadrill|Air Balloon\n|turn|5\n|\n|t:|1771239290\n|switch|p2a: Araquanid|Araquanid, F, shiny|100/100\n|move|p1a: Excadrill|Iron Head|p2a: Araquanid\n|-resisted|p2a: Araquanid\n|-damage|p2a: Araquanid|78/100\n|-enditem|p2a: Araquanid|Red Card|[of] p1a: Excadrill\n|drag|p1a: Garganacl|Garganacl, M|100/100\n|\n|-weather|Sandstorm|[upkeep]\n|-damage|p2a: Araquanid|72/100|[from] Sandstorm\n|upkeep\n|turn|6\n|\n|t:|1771239296\n|switch|p1a: Ogerpon|Ogerpon-Wellspring, F|100/100\n|move|p2a: Araquanid|Sticky Web|p1a: Ogerpon\n|-sidestart|p1: Moath2m|move: Sticky Web\n|\n|-weather|Sandstorm|[upkeep]\n|-damage|p1a: Ogerpon|95/100|[from] Sandstorm\n|-damage|p2a: Araquanid|66/100|[from] Sandstorm\n|upkeep\n|turn|7\n|\n|t:|1771239301\n|move|p1a: Ogerpon|Encore|p2a: Araquanid\n|-start|p2a: Araquanid|Encore\n|move|p2a: Araquanid|Sticky Web||[still]\n|-fail|p2a: Araquanid\n|\n|-weather|Sandstorm|[upkeep]\n|-damage|p1a: Ogerpon|89/100|[from] Sandstorm\n|-damage|p2a: Araquanid|60/100|[from] Sandstorm\n|upkeep\n|turn|8\n|\n|t:|1771239308\n|switch|p2a: Glimmora|Glimmora, M, shiny|100/100\n|move|p1a: Ogerpon|Horn Leech|p2a: Glimmora\n|-damage|p2a: Glimmora|50/100\n|-heal|p1a: Ogerpon|100/100|[from] drain|[of] p2a: Glimmora\n|-activate|p2a: Glimmora|ability: Toxic Debris\n|-sidestart|p1: Moath2m|move: Toxic Spikes\n|\n|-weather|Sandstorm|[upkeep]\n|-damage|p1a: Ogerpon|95/100|[from] Sandstorm\n|upkeep\n|turn|9\n|\n|t:|1771239316\n|switch|p2a: Araquanid|Araquanid, F, shiny|60/100\n|move|p1a: Ogerpon|Ivy Cudgel|p2a: Araquanid|[anim] Ivy Cudgel Water\n|-resisted|p2a: Araquanid\n|-damage|p2a: Araquanid|31/100\n|\n|-weather|none\n|upkeep\n|turn|10\n|\n|t:|1771239323\n|move|p1a: Ogerpon|Horn Leech|p2a: Araquanid\n|-damage|p2a: Araquanid|0 fnt\n|-heal|p1a: Ogerpon|100/100|[from] drain|[of] p2a: Araquanid\n|faint|p2a: Araquanid\n|\n|upkeep\n|\n|t:|1771239327\n|switch|p2a: Dragonite|Dragonite, F, shiny|100/100\n|turn|11\n|\n|t:|1771239332\n|move|p1a: Ogerpon|Play Rough|p2a: Dragonite\n|-supereffective|p2a: Dragonite\n|-damage|p2a: Dragonite|66/100\n|move|p2a: Dragonite|Dragon Dance|p2a: Dragonite\n|-boost|p2a: Dragonite|atk|1\n|-boost|p2a: Dragonite|spe|1\n|\n|-heal|p2a: Dragonite|72/100|[from] item: Leftovers\n|upkeep\n|turn|12\n|\n|t:|1771239341\n|-terastallize|p2a: Dragonite|Fairy\n|move|p2a: Dragonite|Tera Blast|p1a: Ogerpon|[anim] Tera Blast Fairy\n|-damage|p1a: Ogerpon|20/100\n|move|p1a: Ogerpon|Play Rough|p2a: Dragonite\n|-damage|p2a: Dragonite|37/100\n|\n|-heal|p2a: Dragonite|43/100|[from] item: Leftovers\n|upkeep\n|turn|13\n|\n|t:|1771239351\n|move|p2a: Dragonite|Tera Blast|p1a: Ogerpon|[anim] Tera Blast Fairy\n|-damage|p1a: Ogerpon|0 fnt\n|faint|p1a: Ogerpon\n|\n|-heal|p2a: Dragonite|49/100|[from] item: Leftovers\n|upkeep\n|\n|t:|1771239353\n|switch|p1a: Garganacl|Garganacl, M|100/100\n|-activate|p1a: Garganacl|move: Sticky Web\n|-unboost|p1a: Garganacl|spe|1\n|turn|14\n|\n|t:|1771239358\n|-terastallize|p1a: Garganacl|Ghost\n|move|p2a: Dragonite|Earthquake|p1a: Garganacl\n|-damage|p1a: Garganacl|75/100\n|move|p1a: Garganacl|Salt Cure|p2a: Dragonite\n|-crit|p2a: Dragonite\n|-damage|p2a: Dragonite|31/100\n|-start|p2a: Dragonite|Salt Cure\n|\n|-heal|p2a: Dragonite|37/100|[from] item: Leftovers\n|-heal|p1a: Garganacl|81/100|[from] item: Leftovers\n|-damage|p2a: Dragonite|25/100|[from] Salt Cure\n|upkeep\n|turn|15\n|\n|t:|1771239376\n|move|p1a: Garganacl|Protect|p1a: Garganacl\n|-singleturn|p1a: Garganacl|Protect\n|move|p2a: Dragonite|Roost|p2a: Dragonite\n|-heal|p2a: Dragonite|75/100\n|\n|-heal|p2a: Dragonite|81/100|[from] item: Leftovers\n|-heal|p1a: Garganacl|88/100|[from] item: Leftovers\n|-damage|p2a: Dragonite|68/100|[from] Salt Cure\n|upkeep\n|turn|16\n|\n|t:|1771239382\n|move|p2a: Dragonite|Dragon Dance|p2a: Dragonite\n|-boost|p2a: Dragonite|atk|1\n|-boost|p2a: Dragonite|spe|1\n|move|p1a: Garganacl|Stealth Rock|p2a: Dragonite\n|-sidestart|p2: bh.babiri|move: Stealth Rock\n|\n|-heal|p2a: Dragonite|75/100|[from] item: Leftovers\n|-heal|p1a: Garganacl|94/100|[from] item: Leftovers\n|-damage|p2a: Dragonite|62/100|[from] Salt Cure\n|upkeep\n|turn|17\n|\n|t:|1771239389\n|switch|p1a: Gliscor|Gliscor, M|100/100\n|move|p2a: Dragonite|Tera Blast|p1a: Gliscor|[anim] Tera Blast Fairy\n|-damage|p1a: Gliscor|21/100\n|\n|-heal|p2a: Dragonite|68/100|[from] item: Leftovers\n|-damage|p2a: Dragonite|56/100|[from] Salt Cure\n|-status|p1a: Gliscor|tox|[from] item: Toxic Orb\n|upkeep\n|turn|18\n|\n|t:|1771239396\n|move|p2a: Dragonite|Tera Blast|p1a: Gliscor|[anim] Tera Blast Fairy\n|-damage|p1a: Gliscor|0 fnt\n|faint|p1a: Gliscor\n|\n|-heal|p2a: Dragonite|62/100|[from] item: Leftovers\n|-damage|p2a: Dragonite|50/100|[from] Salt Cure\n|upkeep\n|\n|t:|1771239400\n|switch|p1a: Garganacl|Garganacl, M, tera:Ghost|94/100\n|-activate|p1a: Garganacl|move: Sticky Web\n|-unboost|p1a: Garganacl|spe|1\n|turn|19\n|\n|t:|1771239409\n|move|p2a: Dragonite|Tera Blast|p1a: Garganacl|[anim] Tera Blast Fairy\n|-damage|p1a: Garganacl|49/100\n|move|p1a: Garganacl|Salt Cure|p2a: Dragonite\n|-damage|p2a: Dragonite|37/100\n|\n|-heal|p2a: Dragonite|43/100|[from] item: Leftovers\n|-heal|p1a: Garganacl|55/100|[from] item: Leftovers\n|-damage|p2a: Dragonite|31/100|[from] Salt Cure\n|upkeep\n|turn|20\n|\n|t:|1771239424\n|move|p2a: Dragonite|Tera Blast|p1a: Garganacl|[anim] Tera Blast Fairy\n|-damage|p1a: Garganacl|14/100\n|move|p1a: Garganacl|Recover|p1a: Garganacl\n|-heal|p1a: Garganacl|64/100\n|\n|-heal|p2a: Dragonite|37/100|[from] item: Leftovers\n|-heal|p1a: Garganacl|71/100|[from] item: Leftovers\n|-damage|p2a: Dragonite|25/100|[from] Salt Cure\n|upkeep\n|turn|21\n|\n|t:|1771239434\n|switch|p1a: Excadrill|Excadrill, M|100/100\n|-item|p1a: Excadrill|Air Balloon\n|move|p2a: Dragonite|Roost|p2a: Dragonite\n|-heal|p2a: Dragonite|75/100\n|\n|-heal|p2a: Dragonite|81/100|[from] item: Leftovers\n|-damage|p2a: Dragonite|68/100|[from] Salt Cure\n|upkeep\n|turn|22\n|\n|t:|1771239445\n|move|p2a: Dragonite|Tera Blast|p1a: Excadrill|[anim] Tera Blast Fairy\n|-resisted|p1a: Excadrill\n|-damage|p1a: Excadrill|39/100\n|-enditem|p1a: Excadrill|Air Balloon\n|move|p1a: Excadrill|Iron Head|p2a: Dragonite\n|-supereffective|p2a: Dragonite\n|-damage|p2a: Dragonite|0 fnt\n|faint|p2a: Dragonite\n|\n|upkeep\n|\n|t:|1771239448\n|switch|p2a: Enamorus|Enamorus, F|94/100\n|-damage|p2a: Enamorus|69/100|[from] Stealth Rock\n|turn|23\n|\n|t:|1771239453\n|move|p2a: Enamorus|Earth Power|p1a: Excadrill\n|-supereffective|p1a: Excadrill\n|-damage|p1a: Excadrill|0 fnt\n|faint|p1a: Excadrill\n|\n|upkeep\n|\n|t:|1771239455\n|switch|p1a: Iron Crown|Iron Crown|100/100\n|-activate|p1a: Iron Crown|move: Sticky Web\n|-unboost|p1a: Iron Crown|spe|1\n|turn|24\n|\n|t:|1771239458\n|move|p2a: Enamorus|Earth Power|p1a: Iron Crown\n|-supereffective|p1a: Iron Crown\n|-damage|p1a: Iron Crown|7/100\n|move|p1a: Iron Crown|Tachyon Cutter|p2a: Enamorus\n|-supereffective|p2a: Enamorus\n|-damage|p2a: Enamorus|0 fnt\n|faint|p2a: Enamorus\n|-hitcount|p2: Enamorus|1\n|\n|upkeep\n|\n|t:|1771239465\n|switch|p2a: Great Tusk|Great Tusk, shiny|100/100\n|-damage|p2a: Great Tusk|98/100|[from] Stealth Rock\n|turn|25\n|\n|t:|1771239468\n|move|p2a: Great Tusk|Headlong Rush|p1a: Iron Crown\n|-supereffective|p1a: Iron Crown\n|-damage|p1a: Iron Crown|0 fnt\n|-unboost|p2a: Great Tusk|def|1\n|-unboost|p2a: Great Tusk|spd|1\n|faint|p1a: Iron Crown\n|-end|p1a: Iron Crown|Quark Drive|[silent]\n|\n|upkeep\n|\n|t:|1771239471\n|switch|p1a: Garganacl|Garganacl, M, tera:Ghost|71/100\n|-activate|p1a: Garganacl|move: Sticky Web\n|-unboost|p1a: Garganacl|spe|1\n|turn|26\n|\n|t:|1771239476\n|move|p2a: Great Tusk|Headlong Rush|p1a: Garganacl\n|-damage|p1a: Garganacl|40/100\n|-unboost|p2a: Great Tusk|def|1\n|-unboost|p2a: Great Tusk|spd|1\n|move|p1a: Garganacl|Recover|p1a: Garganacl\n|-heal|p1a: Garganacl|90/100\n|\n|-heal|p1a: Garganacl|96/100|[from] item: Leftovers\n|upkeep\n|turn|27\n|\n|t:|1771239481\n|move|p2a: Great Tusk|Headlong Rush|p1a: Garganacl\n|-damage|p1a: Garganacl|63/100\n|-unboost|p2a: Great Tusk|def|1\n|-unboost|p2a: Great Tusk|spd|1\n|move|p1a: Garganacl|Salt Cure|p2a: Great Tusk\n|-resisted|p2a: Great Tusk\n|-damage|p2a: Great Tusk|91/100\n|-start|p2a: Great Tusk|Salt Cure\n|\n|-heal|p1a: Garganacl|69/100|[from] item: Leftovers\n|-damage|p2a: Great Tusk|79/100|[from] Salt Cure\n|upkeep\n|turn|28\n|\n|t:|1771239486\n|move|p1a: Garganacl|Protect|p1a: Garganacl\n|-singleturn|p1a: Garganacl|Protect\n|move|p2a: Great Tusk|Headlong Rush|p1a: Garganacl\n|-activate|p1a: Garganacl|move: Protect\n|\n|-heal|p1a: Garganacl|75/100|[from] item: Leftovers\n|-damage|p2a: Great Tusk|66/100|[from] Salt Cure\n|upkeep\n|turn|29\n|\n|t:|1771239497\n|move|p2a: Great Tusk|Headlong Rush|p1a: Garganacl\n|-damage|p1a: Garganacl|45/100\n|-unboost|p2a: Great Tusk|def|1\n|-unboost|p2a: Great Tusk|spd|1\n|move|p1a: Garganacl|Recover|p1a: Garganacl\n|-heal|p1a: Garganacl|95/100\n|\n|-heal|p1a: Garganacl|100/100|[from] item: Leftovers\n|-damage|p2a: Great Tusk|54/100|[from] Salt Cure\n|upkeep\n|turn|30\n|\n|t:|1771239505\n|move|p2a: Great Tusk|Headlong Rush|p1a: Garganacl\n|-damage|p1a: Garganacl|70/100\n|-unboost|p2a: Great Tusk|def|1\n|-unboost|p2a: Great Tusk|spd|1\n|move|p1a: Garganacl|Salt Cure|p2a: Great Tusk\n|-resisted|p2a: Great Tusk\n|-damage|p2a: Great Tusk|46/100\n|\n|-heal|p1a: Garganacl|76/100|[from] item: Leftovers\n|-damage|p2a: Great Tusk|33/100|[from] Salt Cure\n|upkeep\n|turn|31\n|\n|t:|1771239516\n|move|p1a: Garganacl|Protect|p1a: Garganacl\n|-singleturn|p1a: Garganacl|Protect\n|move|p2a: Great Tusk|Headlong Rush|p1a: Garganacl\n|-activate|p1a: Garganacl|move: Protect\n|\n|-heal|p1a: Garganacl|82/100|[from] item: Leftovers\n|-damage|p2a: Great Tusk|21/100|[from] Salt Cure\n|upkeep\n|turn|32\n|\n|t:|1771239538\n|move|p2a: Great Tusk|Headlong Rush|p1a: Garganacl\n|-damage|p1a: Garganacl|49/100\n|-unboost|p2a: Great Tusk|def|1\n|-unboost|p2a: Great Tusk|spd|1\n|move|p1a: Garganacl|Recover|p1a: Garganacl\n|-heal|p1a: Garganacl|99/100\n|\n|-heal|p1a: Garganacl|100/100|[from] item: Leftovers\n|-damage|p2a: Great Tusk|9/100|[from] Salt Cure\n|upkeep\n|turn|33\n|\n|t:|1771239542\n|move|p1a: Garganacl|Protect|p1a: Garganacl\n|-singleturn|p1a: Garganacl|Protect\n|move|p2a: Great Tusk|Supercell Slam|p1a: Garganacl\n|-activate|p1a: Garganacl|move: Protect\n|-damage|p2a: Great Tusk|0 fnt|[from] supercellslam\n|faint|p2a: Great Tusk\n|-end|p2a: Great Tusk|Protosynthesis|[silent]\n|\n|upkeep\n|\n|t:|1771239544\n|switch|p2a: Glimmora|Glimmora, M, shiny|50/100\n|-damage|p2a: Glimmora|37/100|[from] Stealth Rock\n|turn|34\n|\n|t:|1771239547\n|move|p2a: Glimmora|Meteor Beam||[still]\n|-prepare|p2a: Glimmora|Meteor Beam\n|-boost|p2a: Glimmora|spa|1\n|-enditem|p2a: Glimmora|Power Herb\n|-anim|p2a: Glimmora|Meteor Beam|p1a: Garganacl\n|-damage|p1a: Garganacl|16/100\n|move|p1a: Garganacl|Salt Cure|p2a: Glimmora\n|-damage|p2a: Glimmora|21/100\n|-start|p2a: Glimmora|Salt Cure\n|-activate|p2a: Glimmora|ability: Toxic Debris\n|-sidestart|p1: Moath2m|move: Toxic Spikes\n|\n|-heal|p1a: Garganacl|23/100|[from] item: Leftovers\n|-damage|p2a: Glimmora|9/100|[from] Salt Cure\n|upkeep\n|turn|35\n|\n|t:|1771239559\n|move|p1a: Garganacl|Protect|p1a: Garganacl\n|-singleturn|p1a: Garganacl|Protect\n|move|p2a: Glimmora|Dazzling Gleam|p1a: Garganacl\n|-activate|p1a: Garganacl|move: Protect\n|\n|-heal|p1a: Garganacl|29/100|[from] item: Leftovers\n|-damage|p2a: Glimmora|0 fnt|[from] Salt Cure\n|faint|p2a: Glimmora\n|\n|win|Moath2m\n|raw|Moath2m's rating: 1597 &rarr; <strong>1623</strong><br />(+26 for winning)\n|raw|bh.babiri's rating: 1713 &rarr; <strong>1687</strong><br />(-26 for losing)\n|l|☆bh.babiri\n|player|p2|\n|l|☆Moath2m\n|player|p1|\n", "uploadtime": 1771239763, "views": 11, "formatid": "gen9ou", "rating": 1623, "private": 0, "password": null}