{"id": "gen9ou-2647695065", "format": "[Gen 9] OU", "players": ["tyger17", "Tallon705"], "log": "|j|☆tyger17\n|j|☆Tallon705\n|t:|1783797578\n|gametype|singles\n|player|p1|tyger17|striker|1095\n|player|p2|Tallon705|gentleman|1064\n|gen|9\n|tier|[Gen 9] OU\n|rated|\n|rule|HP Percentage Mod: HP is shown in percentages\n|rule|Endless Battle Clause: Forcing endless battles is banned\n|rule|Species Clause: Limit one of each Pokémon\n|rule|OHKO Clause: OHKO moves are banned\n|rule|Evasion Items Clause: Evasion items are banned\n|rule|Evasion Moves Clause: Evasion moves are banned\n|rule|Evasion Abilities Clause: Evasion abilities are banned\n|rule|Sleep Moves Clause: Sleep-inducing moves are banned\n|clearpoke\n|poke|p1|Zoroark, M|\n|poke|p1|Blaziken, M|\n|poke|p1|Rillaboom, M|\n|poke|p1|Primarina, M|\n|poke|p1|Golurk|\n|poke|p1|Skarmory, M|\n|poke|p2|Meloetta|\n|poke|p2|Rotom|\n|poke|p2|Great Tusk|\n|poke|p2|Hydreigon, F|\n|poke|p2|Volcanion|\n|poke|p2|Tinkaton, F|\n|teampreview\n|c|☆tyger17|interesting team\n|\n|t:|1783797607\n|teamsize|p1|6\n|teamsize|p2|6\n|start\n|switch|p1a: Josh Dun|Rillaboom, M|100/100\n|switch|p2a: Tinkaton|Tinkaton, F|100/100\n|-ability|p2a: Tinkaton|Mold Breaker\n|-fieldstart|move: Grassy Terrain|[from] ability: Grassy Surge|[of] p1a: Josh Dun\n|turn|1\n|\n|t:|1783797626\n|move|p2a: Tinkaton|Knock Off|p1a: Josh Dun\n|-damage|p1a: Josh Dun|75/100\n|-enditem|p1a: Josh Dun|Life Orb|[from] move: Knock Off|[of] p2a: Tinkaton\n|move|p1a: Josh Dun|Earthquake|p2a: Tinkaton\n|-supereffective|p2a: Tinkaton\n|-damage|p2a: Tinkaton|59/100\n|\n|-heal|p2a: Tinkaton|65/100|[from] Grassy Terrain\n|-heal|p2a: Tinkaton|71/100|[from] item: Leftovers\n|-heal|p1a: Josh Dun|81/100|[from] Grassy Terrain\n|upkeep\n|turn|2\n|\n|t:|1783797638\n|move|p2a: Tinkaton|Gigaton Hammer|p1a: Josh Dun\n|-damage|p1a: Josh Dun|24/100\n|move|p1a: Josh Dun|Knock Off|p2a: Tinkaton\n|-resisted|p2a: Tinkaton\n|-damage|p2a: Tinkaton|50/100\n|-enditem|p2a: Tinkaton|Leftovers|[from] move: Knock Off|[of] p1a: Josh Dun\n|\n|-heal|p2a: Tinkaton|56/100|[from] Grassy Terrain\n|-heal|p1a: Josh Dun|31/100|[from] Grassy Terrain\n|upkeep\n|turn|3\n|\n|t:|1783797649\n|switch|p1a: Metallica|Skarmory, M|100/100\n|move|p2a: Tinkaton|Encore||[still]\n|-fail|p2a: Tinkaton\n|\n|-heal|p2a: Tinkaton|62/100|[from] Grassy Terrain\n|upkeep\n|turn|4\n|\n|t:|1783797659\n|move|p2a: Tinkaton|Knock Off|p1a: Metallica\n|-damage|p1a: Metallica|82/100\n|-ability|p1a: Metallica|Weak Armor|boost\n|-unboost|p1a: Metallica|def|1\n|-boost|p1a: Metallica|spe|2\n|-enditem|p1a: Metallica|Chesto Berry|[from] move: Knock Off|[of] p2a: Tinkaton\n|move|p1a: Metallica|Iron Defense|p1a: Metallica\n|-boost|p1a: Metallica|def|2\n|\n|-heal|p2a: Tinkaton|68/100|[from] Grassy Terrain\n|upkeep\n|turn|5\n|\n|t:|1783797670\n|move|p1a: Metallica|Body Press|p2a: Tinkaton\n|-damage|p2a: Tinkaton|7/100\n|move|p2a: Tinkaton|Encore|p1a: Metallica\n|-start|p1a: Metallica|Encore\n|\n|-heal|p2a: Tinkaton|13/100|[from] Grassy Terrain\n|-fieldend|move: Grassy Terrain\n|upkeep\n|turn|6\n|\n|t:|1783797693\n|switch|p1a: Band-Aid|Golurk|100/100\n|switch|p2a: Rotom|Rotom|100/100\n|\n|upkeep\n|turn|7\n|\n|t:|1783797699\n|move|p2a: Rotom|Will-O-Wisp|p1a: Band-Aid\n|-status|p1a: Band-Aid|brn\n|move|p1a: Band-Aid|Dark Pulse|p2a: Rotom\n|-supereffective|p2a: Rotom\n|-damage|p2a: Rotom|0 fnt\n|faint|p2a: Rotom\n|\n|-damage|p1a: Band-Aid|94/100 brn|[from] brn\n|upkeep\n|\n|t:|1783797705\n|switch|p2a: Tinkaton|Tinkaton, F|13/100\n|-ability|p2a: Tinkaton|Mold Breaker\n|turn|8\n|\n|t:|1783797714\n|move|p2a: Tinkaton|Knock Off|p1a: Band-Aid\n|-resisted|p1a: Band-Aid\n|-damage|p1a: Band-Aid|76/100 brn\n|replace|p1a: T-Nyce|Zoroark, M\n|-end|p1a: T-Nyce|Illusion\n|-enditem|p1a: T-Nyce|Leftovers|[from] move: Knock Off|[of] p2a: Tinkaton\n|move|p1a: T-Nyce|Dark Pulse|p2a: Tinkaton\n|-resisted|p2a: Tinkaton\n|-damage|p2a: Tinkaton|0 fnt\n|faint|p2a: Tinkaton\n|\n|-damage|p1a: T-Nyce|70/100 brn|[from] brn\n|upkeep\n|\n|t:|1783797722\n|switch|p2a: Great Tusk|Great Tusk|100/100\n|turn|9\n|\n|t:|1783797734\n|move|p2a: Great Tusk|Rapid Spin|p1a: T-Nyce\n|-damage|p1a: T-Nyce|41/100 brn\n|-boost|p2a: Great Tusk|spe|1\n|move|p1a: T-Nyce|Extrasensory|p2a: Great Tusk\n|-supereffective|p2a: Great Tusk\n|-damage|p2a: Great Tusk|10/100\n|\n|-damage|p1a: T-Nyce|35/100 brn|[from] brn\n|upkeep\n|turn|10\n|\n|t:|1783797746\n|switch|p1a: Metallica|Skarmory, M|82/100\n|move|p2a: Great Tusk|Headlong Rush|p1a: Metallica\n|-immune|p1a: Metallica\n|\n|upkeep\n|turn|11\n|\n|t:|1783797754\n|move|p2a: Great Tusk|Ice Spinner|p1a: Metallica\n|-damage|p1a: Metallica|63/100\n|-ability|p1a: Metallica|Weak Armor|boost\n|-unboost|p1a: Metallica|def|1\n|-boost|p1a: Metallica|spe|2\n|move|p1a: Metallica|Stealth Rock|p2a: Great Tusk\n|-sidestart|p2: Tallon705|move: Stealth Rock\n|\n|upkeep\n|turn|12\n|\n|t:|1783797763\n|move|p2a: Great Tusk|Rapid Spin|p1a: Metallica\n|-resisted|p1a: Metallica\n|-damage|p1a: Metallica|54/100\n|-boost|p2a: Great Tusk|spe|1\n|-ability|p1a: Metallica|Weak Armor|boost\n|-unboost|p1a: Metallica|def|1\n|-boost|p1a: Metallica|spe|2\n|-sideend|p2: Tallon705|Stealth Rock|[from] move: Rapid Spin|[of] p2a: Great Tusk\n|move|p1a: Metallica|Iron Head|p2a: Great Tusk\n|-damage|p2a: Great Tusk|0 fnt\n|faint|p2a: Great Tusk\n|-end|p2a: Great Tusk|Protosynthesis|[silent]\n|\n|upkeep\n|\n|t:|1783797776\n|switch|p2a: Hydreigon|Hydreigon, F|100/100\n|turn|13\n|\n|t:|1783797789\n|move|p1a: Metallica|Iron Defense|p1a: Metallica\n|-boost|p1a: Metallica|def|2\n|move|p2a: Hydreigon|Thunder Wave|p1a: Metallica\n|-status|p1a: Metallica|par\n|\n|upkeep\n|turn|14\n|\n|t:|1783797796\n|cant|p1a: Metallica|par\n|move|p2a: Hydreigon|Dragon Tail|p1a: Metallica|[miss]\n|-miss|p2a: Hydreigon|p1a: Metallica\n|\n|upkeep\n|turn|15\n|\n|t:|1783797806\n|move|p1a: Metallica|Body Press|p2a: Hydreigon\n|-supereffective|p2a: Hydreigon\n|-damage|p2a: Hydreigon|19/100\n|move|p2a: Hydreigon|Dragon Tail|p1a: Metallica\n|-resisted|p1a: Metallica\n|-damage|p1a: Metallica|45/100 par\n|-ability|p1a: Metallica|Weak Armor|boost\n|-unboost|p1a: Metallica|def|1\n|-boost|p1a: Metallica|spe|2\n|drag|p1a: Band-Aid|Golurk|35/100 brn\n|\n|-heal|p2a: Hydreigon|25/100|[from] item: Leftovers\n|-damage|p1a: Band-Aid|29/100 brn|[from] brn\n|upkeep\n|turn|16\n|\n|t:|1783797830\n|switch|p1a: HitTheSeaLion|Primarina, M|100/100\n|move|p2a: Hydreigon|Dark Pulse|p1a: HitTheSeaLion\n|-resisted|p1a: HitTheSeaLion\n|-damage|p1a: HitTheSeaLion|85/100\n|\n|-heal|p2a: Hydreigon|31/100|[from] item: Leftovers\n|upkeep\n|turn|17\n|\n|t:|1783797841\n|move|p2a: Hydreigon|Thunder Wave|p1a: HitTheSeaLion\n|-status|p1a: HitTheSeaLion|par\n|cant|p1a: HitTheSeaLion|par\n|\n|-heal|p2a: Hydreigon|37/100|[from] item: Leftovers\n|upkeep\n|turn|18\n|\n|t:|1783797848\n|move|p2a: Hydreigon|Dark Pulse|p1a: HitTheSeaLion\n|-resisted|p1a: HitTheSeaLion\n|-damage|p1a: HitTheSeaLion|68/100 par\n|cant|p1a: HitTheSeaLion|flinch\n|\n|-heal|p2a: Hydreigon|43/100|[from] item: Leftovers\n|upkeep\n|turn|19\n|\n|t:|1783797856\n|move|p2a: Hydreigon|Dark Pulse|p1a: HitTheSeaLion\n|-resisted|p1a: HitTheSeaLion\n|-damage|p1a: HitTheSeaLion|51/100 par\n|cant|p1a: HitTheSeaLion|par\n|\n|-heal|p2a: Hydreigon|49/100|[from] item: Leftovers\n|upkeep\n|turn|20\n|c|☆tyger17|you gotta be kidding me\n|\n|t:|1783797867\n|move|p2a: Hydreigon|Dark Pulse|p1a: HitTheSeaLion\n|-resisted|p1a: HitTheSeaLion\n|-damage|p1a: HitTheSeaLion|35/100 par\n|cant|p1a: HitTheSeaLion|flinch\n|\n|-heal|p2a: Hydreigon|56/100|[from] item: Leftovers\n|upkeep\n|turn|21\n|-message|tyger17 forfeited.\n|\n|win|Tallon705\n|raw|tyger17's rating: 1095 &rarr; <strong>1069</strong><br />(-26 for losing)\n|raw|Tallon705's rating: 1064 &rarr; <strong>1097</strong><br />(+33 for winning)\n|l|☆tyger17\n|player|p1|\n|l|☆Tallon705\n|player|p2|\n", "uploadtime": 1783798158, "views": 5, "formatid": "gen9ou", "rating": 1069, "private": 0, "password": null}