{"id": "gen9ou-2540533251", "format": "[Gen 9] OU", "players": ["vartholomeus", "WeRrsome"], "log": "|j|☆vartholomeus\n|j|☆WeRrsome\n|t:|1771214141\n|gametype|singles\n|player|p1|vartholomeus|ruinmaniac|1616\n|player|p2|WeRrsome|266|1590\n|gen|9\n|tier|[Gen 9] OU\n|rated|\n|rule|HP Percentage Mod: HP is shown in percentages\n|rule|Endless Battle Clause: Forcing endless battles is banned\n|rule|Species Clause: Limit one of each Pokémon\n|rule|OHKO Clause: OHKO moves are banned\n|rule|Evasion Items Clause: Evasion items are banned\n|rule|Evasion Moves Clause: Evasion moves are banned\n|rule|Evasion Abilities Clause: Evasion abilities are banned\n|rule|Sleep Moves Clause: Sleep-inducing moves are banned\n|clearpoke\n|poke|p1|Moltres|\n|poke|p1|Slowking-Galar, M|\n|poke|p1|Gholdengo|\n|poke|p1|Greninja-*, M|\n|poke|p1|Great Tusk|\n|poke|p1|Kleavor, F|\n|poke|p2|Araquanid, F|\n|poke|p2|Iron Treads|\n|poke|p2|Landorus-Therian, M|\n|poke|p2|Dragonite, F|\n|poke|p2|Ogerpon, F|\n|poke|p2|Zoroark-Hisui, M|\n|teampreview\n|inactive|Battle timer is ON: inactive players will automatically lose when time's up. (requested by WeRrsome)\n|inactive|vartholomeus also wants the timer to be on.\n|\n|t:|1771214168\n|teamsize|p1|6\n|teamsize|p2|6\n|start\n|switch|p1a: Fanta|Kleavor, F|100/100\n|switch|p2a: Landorus|Landorus-Therian, M|100/100\n|-ability|p2a: Landorus|Intimidate|boost\n|-unboost|p1a: Fanta|atk|1\n|turn|1\n|\n|t:|1771214173\n|move|p2a: Landorus|U-turn|p1a: Fanta\n|-damage|p1a: Fanta|69/100\n|\n|t:|1771214175\n|switch|p2a: Iron Treads|Iron Treads|100/100|[from] U-turn\n|move|p1a: Fanta|Stone Axe|p2a: Iron Treads\n|-resisted|p2a: Iron Treads\n|-damage|p2a: Iron Treads|94/100\n|-sidestart|p2: WeRrsome|move: Stealth Rock\n|\n|upkeep\n|turn|2\n|\n|t:|1771214180\n|switch|p1a: Pollo|Moltres|100/100\n|move|p2a: Iron Treads|Knock Off|p1a: Pollo\n|-damage|p1a: Pollo|82/100\n|-enditem|p1a: Pollo|Heavy-Duty Boots|[from] move: Knock Off|[of] p2a: Iron Treads\n|\n|upkeep\n|turn|3\n|\n|t:|1771214184\n|-end|p2a: Iron Treads|Quark Drive|[silent]\n|switch|p2a: Araquanid|Araquanid, F|100/100\n|move|p1a: Pollo|Flamethrower|p2a: Araquanid\n|-damage|p2a: Araquanid|84/100\n|\n|upkeep\n|turn|4\n|\n|t:|1771214192\n|move|p2a: Araquanid|Liquidation|p1a: Pollo\n|-supereffective|p1a: Pollo\n|-crit|p1a: Pollo\n|-damage|p1a: Pollo|0 fnt\n|faint|p1a: Pollo\n|\n|upkeep\n|\n|t:|1771214198\n|switch|p1a: Fanta|Kleavor, F|69/100\n|turn|5\n|\n|t:|1771214204\n|switch|p2a: Landorus|Landorus-Therian, M|100/100\n|-damage|p2a: Landorus|88/100|[from] Stealth Rock\n|-ability|p2a: Landorus|Intimidate|boost\n|-unboost|p1a: Fanta|atk|1\n|move|p1a: Fanta|Stone Axe|p2a: Landorus\n|-damage|p2a: Landorus|42/100\n|\n|upkeep\n|turn|6\n|\n|t:|1771214211\n|move|p2a: Landorus|Earthquake|p1a: Fanta\n|-damage|p1a: Fanta|2/100\n|move|p1a: Fanta|Stone Axe|p2a: Landorus\n|-damage|p2a: Landorus|0 fnt\n|faint|p2a: Landorus\n|\n|upkeep\n|\n|t:|1771214215\n|switch|p2a: Iron Treads|Iron Treads|94/100\n|-damage|p2a: Iron Treads|91/100|[from] Stealth Rock\n|turn|7\n|\n|t:|1771214220\n|switch|p1a: Kheese|Gholdengo|100/100\n|move|p2a: Iron Treads|Knock Off|p1a: Kheese\n|-supereffective|p1a: Kheese\n|-damage|p1a: Kheese|47/100\n|-enditem|p1a: Kheese|Choice Scarf|[from] move: Knock Off|[of] p2a: Iron Treads\n|\n|upkeep\n|turn|8\n|\n|t:|1771214230\n|move|p1a: Kheese|Shadow Ball|p2a: Iron Treads\n|-damage|p2a: Iron Treads|66/100\n|-unboost|p2a: Iron Treads|spd|1\n|move|p2a: Iron Treads|Earthquake|p1a: Kheese\n|-supereffective|p1a: Kheese\n|-damage|p1a: Kheese|0 fnt\n|faint|p1a: Kheese\n|\n|upkeep\n|\n|t:|1771214234\n|switch|p1a: Gregg|Greninja, M|100/100\n|turn|9\n|\n|t:|1771214237\n|-end|p2a: Iron Treads|Quark Drive|[silent]\n|switch|p2a: Araquanid|Araquanid, F|84/100\n|move|p1a: Gregg|Dark Pulse|p2a: Araquanid\n|-damage|p2a: Araquanid|49/100\n|-damage|p1a: Gregg|91/100|[from] item: Life Orb\n|\n|upkeep\n|turn|10\n|\n|t:|1771214243\n|move|p1a: Gregg|Dark Pulse|p2a: Araquanid\n|-damage|p2a: Araquanid|11/100\n|-damage|p1a: Gregg|81/100|[from] item: Life Orb\n|move|p2a: Araquanid|Leech Life|p1a: Gregg\n|-supereffective|p1a: Gregg\n|-crit|p1a: Gregg\n|-damage|p1a: Gregg|0 fnt\n|-heal|p2a: Araquanid|45/100|[from] drain|[of] p1a: Gregg\n|faint|p1a: Gregg\n|\n|upkeep\n|\n|t:|1771214248\n|switch|p1a: Fanta|Kleavor, F|2/100\n|turn|11\n|\n|t:|1771214259\n|move|p1a: Fanta|Stone Axe|p2a: Araquanid\n|-supereffective|p2a: Araquanid\n|-damage|p2a: Araquanid|0 fnt\n|faint|p2a: Araquanid\n|\n|upkeep\n|\n|t:|1771214262\n|switch|p2a: Iron Treads|Iron Treads|66/100\n|-damage|p2a: Iron Treads|62/100|[from] Stealth Rock\n|turn|12\n|\n|t:|1771214265\n|-terastallize|p1a: Fanta|Ghost\n|move|p1a: Fanta|Close Combat|p2a: Iron Treads\n|-supereffective|p2a: Iron Treads\n|-damage|p2a: Iron Treads|0 fnt\n|-unboost|p1a: Fanta|def|1\n|-unboost|p1a: Fanta|spd|1\n|faint|p2a: Iron Treads\n|-end|p2a: Iron Treads|Quark Drive|[silent]\n|\n|upkeep\n|\n|t:|1771214274\n|switch|p2a: Dragonite|Dragonite, F|100/100\n|-damage|p2a: Dragonite|88/100|[from] Stealth Rock\n|turn|13\n|\n|t:|1771214278\n|move|p2a: Dragonite|Shadow Ball|p1a: Fanta\n|-supereffective|p1a: Fanta\n|-damage|p1a: Fanta|0 fnt\n|faint|p1a: Fanta\n|\n|upkeep\n|\n|t:|1771214284\n|switch|p1a: Great Tusk|Great Tusk|100/100\n|turn|14\n|\n|t:|1771214287\n|move|p1a: Great Tusk|Knock Off|p2a: Dragonite\n|-supereffective|p2a: Dragonite\n|-damage|p2a: Dragonite|0 fnt\n|replace|p2a: Zoroark|Zoroark-Hisui, M\n|-end|p2a: Zoroark|Illusion\n|-enditem|p2a: Zoroark|Choice Specs|[from] move: Knock Off|[of] p1a: Great Tusk\n|faint|p2a: Zoroark\n|\n|upkeep\n|\n|t:|1771214303\n|switch|p2a: Dragonite|Dragonite, F|100/100\n|-damage|p2a: Dragonite|76/100|[from] Stealth Rock\n|turn|15\n|\n|t:|1771214307\n|-end|p1a: Great Tusk|Protosynthesis|[silent]\n|switch|p1a: Loking|Slowking-Galar, M|100/100\n|move|p2a: Dragonite|Ice Beam|p1a: Loking\n|-damage|p1a: Loking|91/100\n|\n|upkeep\n|turn|16\n|\n|t:|1771214309\n|move|p2a: Dragonite|Thunder Wave|p1a: Loking\n|-status|p1a: Loking|par\n|cant|p1a: Loking|par\n|\n|upkeep\n|turn|17\n|\n|t:|1771214313\n|move|p2a: Dragonite|Roost|p2a: Dragonite\n|-heal|p2a: Dragonite|100/100\n|-singleturn|p2a: Dragonite|move: Roost\n|move|p1a: Loking|Ice Beam|p2a: Dragonite\n|-supereffective|p2a: Dragonite\n|-damage|p2a: Dragonite|74/100\n|\n|upkeep\n|turn|18\n|\n|t:|1771214322\n|move|p1a: Loking|Ice Beam|p2a: Dragonite\n|-supereffective|p2a: Dragonite\n|-damage|p2a: Dragonite|0 fnt\n|faint|p2a: Dragonite\n|\n|upkeep\n|\n|t:|1771214325\n|switch|p2a: Ogerpon|Ogerpon, F|100/100\n|-damage|p2a: Ogerpon|88/100|[from] Stealth Rock\n|turn|19\n|\n|t:|1771214329\n|move|p2a: Ogerpon|Knock Off|p1a: Loking\n|-supereffective|p1a: Loking\n|-damage|p1a: Loking|0 fnt\n|-enditem|p1a: Loking|Assault Vest|[from] move: Knock Off|[of] p2a: Ogerpon\n|faint|p1a: Loking\n|\n|upkeep\n|\n|t:|1771214333\n|switch|p1a: Great Tusk|Great Tusk|100/100\n|turn|20\n|\n|t:|1771214340\n|-terastallize|p2a: Ogerpon|Grass\n|detailschange|p2a: Ogerpon|Ogerpon-Teal-Tera, F, tera:Grass\n|-ability|p2a: Ogerpon|Embody Aspect (Teal)|boost\n|-boost|p2a: Ogerpon|spe|1\n|move|p2a: Ogerpon|Knock Off|p1a: Great Tusk\n|-resisted|p1a: Great Tusk\n|-damage|p1a: Great Tusk|83/100\n|-enditem|p1a: Great Tusk|Choice Scarf|[from] move: Knock Off|[of] p2a: Ogerpon\n|move|p1a: Great Tusk|Close Combat|p2a: Ogerpon\n|-damage|p2a: Ogerpon|2/100\n|-unboost|p1a: Great Tusk|def|1\n|-unboost|p1a: Great Tusk|spd|1\n|\n|upkeep\n|turn|21\n|\n|t:|1771214350\n|move|p2a: Ogerpon|Knock Off|p1a: Great Tusk\n|-resisted|p1a: Great Tusk\n|-damage|p1a: Great Tusk|65/100\n|move|p1a: Great Tusk|Ice Spinner|p2a: Ogerpon\n|-supereffective|p2a: Ogerpon\n|-damage|p2a: Ogerpon|0 fnt\n|faint|p2a: Ogerpon\n|detailschange|p2: Ogerpon|Ogerpon, F|[silent]\n|\n|win|vartholomeus\n|raw|vartholomeus's rating: 1616 &rarr; <strong>1635</strong><br />(+19 for winning)\n|raw|WeRrsome's rating: 1590 &rarr; <strong>1571</strong><br />(-19 for losing)\n|c|☆vartholomeus|Gg\n|l|☆WeRrsome\n|player|p2|\n|l|☆vartholomeus\n|player|p1|\n", "uploadtime": 1771214563, "views": 6, "formatid": "gen9ou", "rating": 1571, "private": 0, "password": null}