{"id": "gen9ou-2640033597", "format": "[Gen 9] OU", "players": ["Crystraco", "Pinkacross"], "log": "|badge|p2|silver|gen9ou|30-9\n|html|<div class=\"broadcast-red\"><strong>This battle is required to be public due to one or more player having a season medal.</strong><br />During the public phase, you can discuss the state of the ladder <a href=\"/seasondiscussion\">in a special chatroom.</a></div>\n|uhtml|medal-msg|<div class=\"broadcast-blue\">Curious what those medals under the avatar are? PS now has Ladder Seasons! For more information, check out the <a href=\"https://www.smogon.com/forums/threads/3740067/\">thread on Smogon.</a></div>\n|raw|<div class=\"broadcast-blue\"><strong>This battle is required to be public due to a player having a name starting with 'medal'.</div>\n|j|☆Crystraco\n|j|☆Pinkacross\n|t:|1782567265\n|gametype|singles\n|player|p1|Crystraco|169|1758\n|player|p2|Pinkacross|artist|1879\n|gen|9\n|tier|[Gen 9] OU\n|rated|\n|rule|HP Percentage Mod: HP is shown in percentages\n|rule|Endless Battle Clause: Forcing endless battles is banned\n|rule|Species Clause: Limit one of each Pokémon\n|rule|OHKO Clause: OHKO moves are banned\n|rule|Evasion Items Clause: Evasion items are banned\n|rule|Evasion Moves Clause: Evasion moves are banned\n|rule|Evasion Abilities Clause: Evasion abilities are banned\n|rule|Sleep Moves Clause: Sleep-inducing moves are banned\n|clearpoke\n|poke|p1|Ninetales-Alola, M|\n|poke|p1|Ceruledge, F|\n|poke|p1|Dragonite, M|\n|poke|p1|Hatterene, F|\n|poke|p1|Ogerpon-Wellspring, F|\n|poke|p1|Moltres-Galar|\n|poke|p2|Rillaboom, F|\n|poke|p2|Dondozo, F|\n|poke|p2|Clodsire, M|\n|poke|p2|Blissey, F|\n|poke|p2|Gholdengo|\n|poke|p2|Cinderace, F|\n|teampreview\n|c|☆Pinkacross|hf\n|c|☆Crystraco|u2\n|\n|t:|1782567313\n|teamsize|p1|6\n|teamsize|p2|6\n|start\n|switch|p1a: Ceruledge|Ceruledge, F|100/100\n|switch|p2a: Cinderace|Cinderace, F|100/100\n|turn|1\n|\n|t:|1782567319\n|move|p2a: Cinderace|U-turn|p1a: Ceruledge\n|-start|p2a: Cinderace|typechange|Bug|[from] ability: Libero\n|-resisted|p1a: Ceruledge\n|-damage|p1a: Ceruledge|91/100\n|\n|t:|1782567339\n|switch|p2a: Blissey|Blissey, F|100/100|[from] U-turn\n|move|p1a: Ceruledge|Poltergeist|p2a: Blissey\n|-immune|p2a: Blissey\n|\n|-heal|p1a: Ceruledge|97/100|[from] item: Leftovers\n|upkeep\n|turn|2\n|\n|t:|1782567348\n|move|p1a: Ceruledge|Poltergeist|p2a: Blissey\n|-immune|p2a: Blissey\n|move|p2a: Blissey|Ice Beam|p1a: Ceruledge\n|-resisted|p1a: Ceruledge\n|-damage|p1a: Ceruledge|90/100\n|\n|-heal|p1a: Ceruledge|96/100|[from] item: Leftovers\n|upkeep\n|turn|3\n|\n|t:|1782567354\n|move|p1a: Ceruledge|Bitter Blade|p2a: Blissey\n|-damage|p2a: Blissey|50/100\n|-heal|p1a: Ceruledge|100/100|[from] drain|[of] p2a: Blissey\n|move|p2a: Blissey|Ice Beam|p1a: Ceruledge\n|-resisted|p1a: Ceruledge\n|-damage|p1a: Ceruledge|93/100\n|\n|-heal|p1a: Ceruledge|99/100|[from] item: Leftovers\n|-heal|p2a: Blissey|57/100|[from] item: Leftovers\n|upkeep\n|turn|4\n|\n|t:|1782567359\n|move|p1a: Ceruledge|Bitter Blade|p2a: Blissey\n|-damage|p2a: Blissey|12/100\n|-heal|p1a: Ceruledge|100/100|[from] drain|[of] p2a: Blissey\n|move|p2a: Blissey|Soft-Boiled|p2a: Blissey\n|-heal|p2a: Blissey|62/100\n|\n|-heal|p2a: Blissey|68/100|[from] item: Leftovers\n|upkeep\n|turn|5\n|\n|t:|1782567364\n|move|p1a: Ceruledge|Bulk Up|p1a: Ceruledge\n|-boost|p1a: Ceruledge|atk|1\n|-boost|p1a: Ceruledge|def|1\n|move|p2a: Blissey|Soft-Boiled|p2a: Blissey\n|-heal|p2a: Blissey|100/100\n|\n|upkeep\n|turn|6\n|\n|t:|1782567367\n|switch|p2a: Dondozo|Dondozo, F|100/100\n|move|p1a: Ceruledge|Poltergeist|p2a: Dondozo\n|-activate|p2a: Dondozo|move: Poltergeist|Leftovers\n|-damage|p2a: Dondozo|64/100\n|\n|-heal|p2a: Dondozo|70/100|[from] item: Leftovers\n|upkeep\n|turn|7\n|\n|t:|1782567372\n|switch|p1a: Ogerpon|Ogerpon-Wellspring, F|100/100\n|move|p2a: Dondozo|Protect||[still]\n|-fail|p2a: Dondozo\n|\n|-heal|p2a: Dondozo|76/100|[from] item: Leftovers\n|upkeep\n|turn|8\n|\n|t:|1782567386\n|switch|p2a: Rillaboom|Rillaboom, F|100/100\n|-fieldstart|move: Grassy Terrain|[from] ability: Grassy Surge|[of] p2a: Rillaboom\n|move|p1a: Ogerpon|Horn Leech|p2a: Rillaboom\n|-resisted|p2a: Rillaboom\n|-damage|p2a: Rillaboom|72/100\n|\n|-heal|p2a: Rillaboom|78/100|[from] Grassy Terrain\n|upkeep\n|turn|9\n|\n|t:|1782567391\n|switch|p1a: Dragonite|Dragonite, M|100/100\n|move|p2a: Rillaboom|Wood Hammer|p1a: Dragonite\n|-resisted|p1a: Dragonite\n|-damage|p1a: Dragonite|91/100\n|-damage|p2a: Rillaboom|75/100|[from] Recoil\n|\n|-heal|p2a: Rillaboom|81/100|[from] Grassy Terrain\n|upkeep\n|turn|10\n|inactive|Battle timer is ON: inactive players will automatically lose when time's up. (requested by Pinkacross)\n|\n|t:|1782567398\n|switch|p2a: Dondozo|Dondozo, F|76/100\n|move|p1a: Dragonite|Roost|p1a: Dragonite\n|-heal|p1a: Dragonite|100/100\n|-singleturn|p1a: Dragonite|move: Roost\n|\n|-heal|p2a: Dondozo|82/100|[from] Grassy Terrain\n|-heal|p2a: Dondozo|88/100|[from] item: Leftovers\n|upkeep\n|turn|11\n|\n|t:|1782567421\n|switch|p1a: Ninetales|Ninetales-Alola, M|100/100\n|-weather|Snowscape|[from] ability: Snow Warning|[of] p1a: Ninetales\n|switch|p2a: Cinderace|Cinderace, F|100/100\n|\n|-weather|Snowscape|[upkeep]\n|upkeep\n|turn|12\n|\n|t:|1782567426\n|switch|p1a: Ceruledge|Ceruledge, F|100/100\n|move|p2a: Cinderace|U-turn|p1a: Ceruledge\n|-start|p2a: Cinderace|typechange|Bug|[from] ability: Libero\n|-resisted|p1a: Ceruledge\n|-damage|p1a: Ceruledge|91/100\n|\n|t:|1782567429\n|switch|p2a: Dondozo|Dondozo, F|88/100|[from] U-turn\n|\n|-weather|Snowscape|[upkeep]\n|-heal|p1a: Ceruledge|97/100|[from] Grassy Terrain\n|-heal|p1a: Ceruledge|100/100|[from] item: Leftovers\n|-heal|p2a: Dondozo|94/100|[from] Grassy Terrain\n|-heal|p2a: Dondozo|100/100|[from] item: Leftovers\n|upkeep\n|turn|13\n|\n|t:|1782567436\n|switch|p1a: Hatterene|Hatterene, F|100/100\n|switch|p2a: Blissey|Blissey, F|100/100\n|\n|-weather|Snowscape|[upkeep]\n|upkeep\n|turn|14\n|j| Garden of Dreams\n|\n|t:|1782567444\n|move|p2a: Blissey|Ice Beam|p1a: Hatterene\n|-damage|p1a: Hatterene|85/100\n|move|p1a: Hatterene|Calm Mind|p1a: Hatterene\n|-boost|p1a: Hatterene|spa|1\n|-boost|p1a: Hatterene|spd|1\n|\n|-weather|Snowscape|[upkeep]\n|-heal|p1a: Hatterene|91/100|[from] Grassy Terrain\n|-heal|p1a: Hatterene|97/100|[from] item: Leftovers\n|upkeep\n|turn|15\n|\n|t:|1782567449\n|move|p2a: Blissey|Thunderbolt|p1a: Hatterene\n|-damage|p1a: Hatterene|85/100\n|-status|p1a: Hatterene|par\n|cant|p1a: Hatterene|par\n|\n|-weather|none\n|-heal|p1a: Hatterene|91/100 par|[from] Grassy Terrain\n|-heal|p1a: Hatterene|97/100 par|[from] item: Leftovers\n|-fieldend|move: Grassy Terrain\n|upkeep\n|turn|16\n|\n|t:|1782567452\n|move|p2a: Blissey|Calm Mind|p2a: Blissey\n|-boost|p2a: Blissey|spa|1\n|-boost|p2a: Blissey|spd|1\n|move|p1a: Hatterene|Calm Mind|p1a: Hatterene\n|-boost|p1a: Hatterene|spa|1\n|-boost|p1a: Hatterene|spd|1\n|\n|-heal|p1a: Hatterene|100/100 par|[from] item: Leftovers\n|upkeep\n|turn|17\n|\n|t:|1782567453\n|move|p2a: Blissey|Calm Mind|p2a: Blissey\n|-boost|p2a: Blissey|spa|1\n|-boost|p2a: Blissey|spd|1\n|move|p1a: Hatterene|Calm Mind|p1a: Hatterene\n|-boost|p1a: Hatterene|spa|1\n|-boost|p1a: Hatterene|spd|1\n|\n|upkeep\n|turn|18\n|\n|t:|1782567455\n|move|p2a: Blissey|Calm Mind|p2a: Blissey\n|-boost|p2a: Blissey|spa|1\n|-boost|p2a: Blissey|spd|1\n|move|p1a: Hatterene|Calm Mind|p1a: Hatterene\n|-boost|p1a: Hatterene|spa|1\n|-boost|p1a: Hatterene|spd|1\n|\n|upkeep\n|turn|19\n|\n|t:|1782567456\n|move|p2a: Blissey|Calm Mind|p2a: Blissey\n|-boost|p2a: Blissey|spa|1\n|-boost|p2a: Blissey|spd|1\n|move|p1a: Hatterene|Calm Mind|p1a: Hatterene\n|-boost|p1a: Hatterene|spa|1\n|-boost|p1a: Hatterene|spd|1\n|\n|upkeep\n|turn|20\n|\n|t:|1782567458\n|move|p2a: Blissey|Calm Mind|p2a: Blissey\n|-boost|p2a: Blissey|spa|1\n|-boost|p2a: Blissey|spd|1\n|move|p1a: Hatterene|Calm Mind|p1a: Hatterene\n|-boost|p1a: Hatterene|spa|1\n|-boost|p1a: Hatterene|spd|1\n|\n|upkeep\n|turn|21\n|\n|t:|1782567459\n|move|p2a: Blissey|Calm Mind|p2a: Blissey\n|-boost|p2a: Blissey|spa|1\n|-boost|p2a: Blissey|spd|1\n|move|p1a: Hatterene|Stored Power|p2a: Blissey\n|-damage|p2a: Blissey|43/100\n|\n|-heal|p2a: Blissey|49/100|[from] item: Leftovers\n|upkeep\n|turn|22\n|\n|t:|1782567461\n|move|p2a: Blissey|Soft-Boiled|p2a: Blissey\n|-heal|p2a: Blissey|99/100\n|cant|p1a: Hatterene|par\n|\n|-heal|p2a: Blissey|100/100|[from] item: Leftovers\n|upkeep\n|turn|23\n|\n|t:|1782567467\n|-terastallize|p2a: Blissey|Electric\n|move|p2a: Blissey|Thunderbolt|p1a: Hatterene\n|-damage|p1a: Hatterene|74/100 par\n|move|p1a: Hatterene|Stored Power|p2a: Blissey\n|-damage|p2a: Blissey|36/100\n|\n|-heal|p2a: Blissey|42/100|[from] item: Leftovers\n|-heal|p1a: Hatterene|80/100 par|[from] item: Leftovers\n|upkeep\n|turn|24\n|\n|t:|1782567471\n|move|p2a: Blissey|Soft-Boiled|p2a: Blissey\n|-heal|p2a: Blissey|92/100\n|move|p1a: Hatterene|Stored Power|p2a: Blissey\n|-damage|p2a: Blissey|27/100\n|\n|-heal|p2a: Blissey|33/100|[from] item: Leftovers\n|-heal|p1a: Hatterene|86/100 par|[from] item: Leftovers\n|upkeep\n|turn|25\n|l| Garden of Dreams\n|\n|t:|1782567473\n|move|p2a: Blissey|Soft-Boiled|p2a: Blissey\n|-heal|p2a: Blissey|84/100\n|move|p1a: Hatterene|Stored Power|p2a: Blissey\n|-damage|p2a: Blissey|25/100\n|\n|-heal|p2a: Blissey|31/100|[from] item: Leftovers\n|-heal|p1a: Hatterene|92/100 par|[from] item: Leftovers\n|upkeep\n|turn|26\n|\n|t:|1782567476\n|move|p2a: Blissey|Soft-Boiled|p2a: Blissey\n|-heal|p2a: Blissey|81/100\n|move|p1a: Hatterene|Stored Power|p2a: Blissey\n|-damage|p2a: Blissey|19/100\n|\n|-heal|p2a: Blissey|25/100|[from] item: Leftovers\n|-heal|p1a: Hatterene|98/100 par|[from] item: Leftovers\n|upkeep\n|turn|27\n|\n|t:|1782567478\n|move|p2a: Blissey|Soft-Boiled|p2a: Blissey\n|-heal|p2a: Blissey|75/100\n|move|p1a: Hatterene|Stored Power|p2a: Blissey\n|-damage|p2a: Blissey|10/100\n|\n|-heal|p2a: Blissey|16/100|[from] item: Leftovers\n|-heal|p1a: Hatterene|100/100 par|[from] item: Leftovers\n|upkeep\n|turn|28\n|j| Wanawa8724\n|\n|t:|1782567500\n|move|p2a: Blissey|Soft-Boiled|p2a: Blissey\n|-heal|p2a: Blissey|66/100\n|move|p1a: Hatterene|Stored Power|p2a: Blissey\n|-damage|p2a: Blissey|9/100\n|\n|-heal|p2a: Blissey|16/100|[from] item: Leftovers\n|upkeep\n|turn|29\n|\n|t:|1782567502\n|move|p2a: Blissey|Thunderbolt|p1a: Hatterene\n|-damage|p1a: Hatterene|77/100 par\n|move|p1a: Hatterene|Stored Power|p2a: Blissey\n|-damage|p2a: Blissey|0 fnt\n|faint|p2a: Blissey\n|\n|-heal|p1a: Hatterene|83/100 par|[from] item: Leftovers\n|upkeep\n|c|☆Pinkacross|14 turns\n|c|☆Pinkacross|1 parta\n|c|☆Pinkacross|para*\n|c|☆Pinkacross|this hatt is VERY impressive dang\n|\n|t:|1782567513\n|switch|p2a: Rillaboom|Rillaboom, F|81/100\n|-fieldstart|move: Grassy Terrain|[from] ability: Grassy Surge|[of] p2a: Rillaboom\n|turn|30\n|inactive|Crystraco has 120 seconds left.\n|c|☆Crystraco|yes special training XD\n|\n|t:|1782567550\n|switch|p1a: Dragonite|Dragonite, M|100/100\n|move|p2a: Rillaboom|Wood Hammer|p1a: Dragonite\n|-resisted|p1a: Dragonite\n|-damage|p1a: Dragonite|90/100\n|-damage|p2a: Rillaboom|77/100|[from] Recoil\n|\n|-heal|p2a: Rillaboom|84/100|[from] Grassy Terrain\n|upkeep\n|turn|31\n|inactive|Crystraco has 120 seconds left.\n|j| jeffbuckleyenjoyer\n|\n|t:|1782567570\n|switch|p2a: Gholdengo|Gholdengo|100/100\n|-enditem|p2a: Gholdengo|Grassy Seed\n|-boost|p2a: Gholdengo|def|1|[from] item: Grassy Seed\n|move|p1a: Dragonite|Roost|p1a: Dragonite\n|-heal|p1a: Dragonite|100/100\n|-singleturn|p1a: Dragonite|move: Roost\n|\n|upkeep\n|turn|32\n|\n|t:|1782567573\n|switch|p1a: Moltres|Moltres-Galar|100/100\n|move|p2a: Gholdengo|Dazzling Gleam|p1a: Moltres\n|-supereffective|p1a: Moltres\n|-damage|p1a: Moltres|46/100\n|-ability|p1a: Moltres|Berserk|boost\n|-boost|p1a: Moltres|spa|1\n|-enditem|p1a: Moltres|Sitrus Berry|[eat]\n|-heal|p1a: Moltres|71/100|[from] item: Sitrus Berry\n|\n|upkeep\n|turn|33\n|\n|t:|1782567576\n|switch|p2a: Clodsire|Clodsire, M|100/100\n|move|p1a: Moltres|Fiery Wrath|p2a: Clodsire\n|-damage|p2a: Clodsire|78/100\n|\n|-heal|p2a: Clodsire|85/100|[from] Grassy Terrain\n|-heal|p2a: Clodsire|91/100|[from] item: Leftovers\n|upkeep\n|turn|34\n|\n|t:|1782567582\n|switch|p1a: Hatterene|Hatterene, F|83/100 par\n|move|p2a: Clodsire|Curse|p2a: Clodsire\n|-unboost|p2a: Clodsire|spe|1\n|-boost|p2a: Clodsire|atk|1\n|-boost|p2a: Clodsire|def|1\n|\n|-heal|p2a: Clodsire|97/100|[from] Grassy Terrain\n|-heal|p2a: Clodsire|100/100|[from] item: Leftovers\n|-heal|p1a: Hatterene|89/100 par|[from] Grassy Terrain\n|-heal|p1a: Hatterene|95/100 par|[from] item: Leftovers\n|upkeep\n|turn|35\n|\n|t:|1782567586\n|move|p2a: Clodsire|Curse|p2a: Clodsire\n|-unboost|p2a: Clodsire|spe|1\n|-boost|p2a: Clodsire|atk|1\n|-boost|p2a: Clodsire|def|1\n|cant|p1a: Hatterene|par\n|\n|-heal|p1a: Hatterene|100/100 par|[from] Grassy Terrain\n|upkeep\n|turn|36\n|\n|t:|1782567592\n|move|p1a: Hatterene|Calm Mind|p1a: Hatterene\n|-boost|p1a: Hatterene|spa|1\n|-boost|p1a: Hatterene|spd|1\n|move|p2a: Clodsire|Curse|p2a: Clodsire\n|-unboost|p2a: Clodsire|spe|1\n|-boost|p2a: Clodsire|atk|1\n|-boost|p2a: Clodsire|def|1\n|\n|upkeep\n|turn|37\n|\n|t:|1782567595\n|cant|p1a: Hatterene|par\n|move|p2a: Clodsire|Curse|p2a: Clodsire\n|-unboost|p2a: Clodsire|spe|1\n|-boost|p2a: Clodsire|atk|1\n|-boost|p2a: Clodsire|def|1\n|\n|-fieldend|move: Grassy Terrain\n|upkeep\n|turn|38\n|\n|t:|1782567597\n|move|p1a: Hatterene|Stored Power|p2a: Clodsire\n|-supereffective|p2a: Clodsire\n|-damage|p2a: Clodsire|63/100\n|move|p2a: Clodsire|Earthquake|p1a: Hatterene\n|-damage|p1a: Hatterene|3/100 par\n|\n|-heal|p1a: Hatterene|9/100 par|[from] item: Leftovers\n|-heal|p2a: Clodsire|69/100|[from] item: Leftovers\n|upkeep\n|turn|39\n|\n|t:|1782567600\n|move|p1a: Hatterene|Stored Power|p2a: Clodsire\n|-supereffective|p2a: Clodsire\n|-damage|p2a: Clodsire|32/100\n|move|p2a: Clodsire|Recover|p2a: Clodsire\n|-heal|p2a: Clodsire|82/100\n|\n|-heal|p1a: Hatterene|15/100 par|[from] item: Leftovers\n|-heal|p2a: Clodsire|88/100|[from] item: Leftovers\n|upkeep\n|turn|40\n|\n|t:|1782567603\n|move|p1a: Hatterene|Stored Power|p2a: Clodsire\n|-supereffective|p2a: Clodsire\n|-damage|p2a: Clodsire|49/100\n|move|p2a: Clodsire|Earthquake|p1a: Hatterene\n|-crit|p1a: Hatterene\n|-damage|p1a: Hatterene|0 fnt\n|faint|p1a: Hatterene\n|\n|-heal|p2a: Clodsire|55/100|[from] item: Leftovers\n|upkeep\n|\n|t:|1782567607\n|switch|p1a: Ninetales|Ninetales-Alola, M|100/100\n|-weather|Snowscape|[from] ability: Snow Warning|[of] p1a: Ninetales\n|turn|41\n|\n|t:|1782567611\n|move|p1a: Ninetales|Encore|p2a: Clodsire\n|-start|p2a: Clodsire|Encore\n|move|p2a: Clodsire|Earthquake|p1a: Ninetales\n|-damage|p1a: Ninetales|18/100\n|\n|-weather|Snowscape|[upkeep]\n|-heal|p2a: Clodsire|62/100|[from] item: Leftovers\n|upkeep\n|turn|42\n|\n|t:|1782567616\n|move|p1a: Ninetales|Blizzard|p2a: Clodsire\n|-supereffective|p2a: Clodsire\n|-damage|p2a: Clodsire|18/100\n|move|p2a: Clodsire|Earthquake|p1a: Ninetales\n|-damage|p1a: Ninetales|0 fnt\n|faint|p1a: Ninetales\n|\n|-weather|Snowscape|[upkeep]\n|-heal|p2a: Clodsire|24/100|[from] item: Leftovers\n|upkeep\n|\n|t:|1782567622\n|switch|p1a: Ogerpon|Ogerpon-Wellspring, F|100/100\n|turn|43\n|\n|t:|1782567627\n|switch|p2a: Rillaboom|Rillaboom, F|84/100\n|-fieldstart|move: Grassy Terrain|[from] ability: Grassy Surge|[of] p2a: Rillaboom\n|move|p1a: Ogerpon|Ivy Cudgel|p2a: Rillaboom|[anim] Ivy Cudgel Water\n|-resisted|p2a: Rillaboom\n|-damage|p2a: Rillaboom|58/100\n|\n|-weather|Snowscape|[upkeep]\n|-heal|p2a: Rillaboom|64/100|[from] Grassy Terrain\n|upkeep\n|turn|44\n|\n|t:|1782567633\n|switch|p1a: Dragonite|Dragonite, M|100/100\n|move|p2a: Rillaboom|U-turn|p1a: Dragonite\n|-resisted|p1a: Dragonite\n|-damage|p1a: Dragonite|94/100\n|\n|t:|1782567636\n|switch|p2a: Clodsire|Clodsire, M|24/100|[from] U-turn\n|\n|-weather|Snowscape|[upkeep]\n|-heal|p2a: Clodsire|30/100|[from] Grassy Terrain\n|-heal|p2a: Clodsire|36/100|[from] item: Leftovers\n|upkeep\n|turn|45\n|\n|t:|1782567643\n|switch|p2a: Dondozo|Dondozo, F|100/100\n|move|p1a: Dragonite|Earthquake|p2a: Dondozo\n|-damage|p2a: Dondozo|89/100\n|\n|-weather|none\n|-heal|p2a: Dondozo|95/100|[from] Grassy Terrain\n|-heal|p2a: Dondozo|100/100|[from] item: Leftovers\n|upkeep\n|turn|46\n|\n|t:|1782567648\n|switch|p1a: Moltres|Moltres-Galar|71/100\n|move|p2a: Dondozo|Curse|p2a: Dondozo\n|-unboost|p2a: Dondozo|spe|1\n|-boost|p2a: Dondozo|atk|1\n|-boost|p2a: Dondozo|def|1\n|\n|upkeep\n|turn|47\n|\n|t:|1782567656\n|-terastallize|p1a: Moltres|Dark\n|move|p1a: Moltres|Fiery Wrath|p2a: Dondozo\n|-damage|p2a: Dondozo|65/100\n|move|p2a: Dondozo|Avalanche|p1a: Moltres\n|-damage|p1a: Moltres|25/100\n|-ability|p1a: Moltres|Berserk|boost\n|-boost|p1a: Moltres|spa|1\n|\n|-heal|p1a: Moltres|31/100|[from] Grassy Terrain\n|-heal|p2a: Dondozo|71/100|[from] Grassy Terrain\n|-heal|p2a: Dondozo|77/100|[from] item: Leftovers\n|upkeep\n|turn|48\n|\n|t:|1782567662\n|move|p2a: Dondozo|Protect|p2a: Dondozo\n|-singleturn|p2a: Dondozo|Protect\n|move|p1a: Moltres|Fiery Wrath|p2a: Dondozo\n|-activate|p2a: Dondozo|move: Protect\n|\n|-heal|p1a: Moltres|37/100|[from] Grassy Terrain\n|-heal|p2a: Dondozo|84/100|[from] Grassy Terrain\n|-heal|p2a: Dondozo|90/100|[from] item: Leftovers\n|upkeep\n|turn|49\n|\n|t:|1782567665\n|move|p1a: Moltres|Fiery Wrath|p2a: Dondozo\n|-damage|p2a: Dondozo|51/100\n|move|p2a: Dondozo|Avalanche|p1a: Moltres\n|-damage|p1a: Moltres|0 fnt\n|faint|p1a: Moltres\n|\n|-heal|p2a: Dondozo|57/100|[from] Grassy Terrain\n|-heal|p2a: Dondozo|63/100|[from] item: Leftovers\n|upkeep\n|\n|t:|1782567670\n|switch|p1a: Ogerpon|Ogerpon-Wellspring, F|100/100\n|turn|50\n|\n|t:|1782567673\n|move|p1a: Ogerpon|Horn Leech|p2a: Dondozo\n|-supereffective|p2a: Dondozo\n|-damage|p2a: Dondozo|16/100\n|move|p2a: Dondozo|Curse|p2a: Dondozo\n|-unboost|p2a: Dondozo|spe|1\n|-boost|p2a: Dondozo|atk|1\n|-boost|p2a: Dondozo|def|1\n|\n|-heal|p2a: Dondozo|23/100|[from] Grassy Terrain\n|-heal|p2a: Dondozo|29/100|[from] item: Leftovers\n|-fieldend|move: Grassy Terrain\n|upkeep\n|turn|51\n|\n|t:|1782567679\n|switch|p2a: Cinderace|Cinderace, F|100/100\n|move|p1a: Ogerpon|Horn Leech|p2a: Cinderace\n|-resisted|p2a: Cinderace\n|-damage|p2a: Cinderace|70/100\n|\n|upkeep\n|turn|52\n|\n|t:|1782567682\n|switch|p1a: Ceruledge|Ceruledge, F|100/100\n|move|p2a: Cinderace|U-turn|p1a: Ceruledge\n|-start|p2a: Cinderace|typechange|Bug|[from] ability: Libero\n|-resisted|p1a: Ceruledge\n|-damage|p1a: Ceruledge|90/100\n|\n|t:|1782567691\n|switch|p2a: Gholdengo|Gholdengo|100/100|[from] U-turn\n|\n|-heal|p1a: Ceruledge|96/100|[from] item: Leftovers\n|upkeep\n|turn|53\n|\n|t:|1782567696\n|switch|p1a: Ogerpon|Ogerpon-Wellspring, F|100/100\n|move|p2a: Gholdengo|Nasty Plot|p2a: Gholdengo\n|-boost|p2a: Gholdengo|spa|2\n|\n|upkeep\n|turn|54\n|\n|t:|1782567703\n|move|p1a: Ogerpon|Ivy Cudgel|p2a: Gholdengo|[anim] Ivy Cudgel Water\n|-damage|p2a: Gholdengo|46/100\n|move|p2a: Gholdengo|Shadow Ball|p1a: Ogerpon\n|-damage|p1a: Ogerpon|0 fnt\n|faint|p1a: Ogerpon\n|\n|upkeep\n|\n|t:|1782567710\n|switch|p1a: Ceruledge|Ceruledge, F|96/100\n|turn|55\n|\n|t:|1782567738\n|move|p1a: Ceruledge|Shadow Sneak|p2a: Gholdengo\n|-supereffective|p2a: Gholdengo\n|-damage|p2a: Gholdengo|4/100\n|move|p2a: Gholdengo|Shadow Ball|p1a: Ceruledge\n|-supereffective|p1a: Ceruledge\n|-damage|p1a: Ceruledge|0 fnt\n|faint|p1a: Ceruledge\n|\n|upkeep\n|c|☆Crystraco|gg\n|c|☆Pinkacross|gg\n|-message|Crystraco forfeited.\n|\n|win|Pinkacross\n|raw|Crystraco's rating: 1758 &rarr; <strong>1743</strong><br />(-15 for losing)\n|raw|Pinkacross's rating: 1853 &rarr; <strong>1868</strong><br />(+15 for winning)\n|l|☆Crystraco\n|player|p1|\n|l| jeffbuckleyenjoyer\n|l|☆Pinkacross\n|player|p2|\n", "uploadtime": 1782567749, "views": 6, "formatid": "gen9ou", "rating": 1743, "private": 0, "password": null}