{"id": "gen9ou-2647711772", "format": "[Gen 9] OU", "players": ["BigGreenGoomy", "whgsosla23"], "log": "|j|‽BigGreenGoomy\n|j|☆whgsosla23\n|t:|1783800126\n|gametype|singles\n|player|p1|BigGreenGoomy|medium|1322\n|player|p2|whgsosla23|miku-ghost|1300\n|gen|9\n|tier|[Gen 9] OU\n|rated|\n|rule|HP Percentage Mod: HP is shown in percentages\n|rule|Endless Battle Clause: Forcing endless battles is banned\n|rule|Species Clause: Limit one of each Pokémon\n|rule|OHKO Clause: OHKO moves are banned\n|rule|Evasion Items Clause: Evasion items are banned\n|rule|Evasion Moves Clause: Evasion moves are banned\n|rule|Evasion Abilities Clause: Evasion abilities are banned\n|rule|Sleep Moves Clause: Sleep-inducing moves are banned\n|clearpoke\n|poke|p1|Hawlucha, M|\n|poke|p1|Samurott-Hisui, M|\n|poke|p1|Rillaboom, F|\n|poke|p1|Gholdengo|\n|poke|p1|Kyurem|\n|poke|p1|Landorus-Therian, M|\n|poke|p2|Lokix, M|\n|poke|p2|Iron Valiant|\n|poke|p2|Alomomola, L99, M|\n|poke|p2|Mandibuzz, F|\n|poke|p2|Great Tusk|\n|poke|p2|Gholdengo|\n|teampreview\n|inactive|Battle timer is ON: inactive players will automatically lose when time's up. (requested by whgsosla23)\n|\n|t:|1783800151\n|teamsize|p1|6\n|teamsize|p2|6\n|start\n|switch|p1a: Gholdengo|Gholdengo|100/100\n|switch|p2a: Lokix|Lokix, M, shiny|100/100\n|turn|1\n|inactive|BigGreenGoomy has 120 seconds left.\n|\n|t:|1783800199\n|switch|p1a: Landorus|Landorus-Therian, M|100/100\n|-ability|p1a: Landorus|Intimidate|boost\n|-unboost|p2a: Lokix|atk|1\n|switch|p2a: Alomomola|Alomomola, L99, M|100/100\n|\n|upkeep\n|turn|2\n|\n|t:|1783800211\n|move|p1a: Landorus|Stealth Rock|p2a: Alomomola\n|-sidestart|p2: whgsosla23|move: Stealth Rock\n|move|p2a: Alomomola|Scald|p1a: Landorus\n|-supereffective|p1a: Landorus\n|-damage|p1a: Landorus|72/100\n|\n|upkeep\n|turn|3\n|\n|t:|1783800225\n|move|p1a: Landorus|U-turn|p2a: Alomomola\n|-damage|p2a: Alomomola|88/100\n|\n|t:|1783800235\n|switch|p1a: Samurott|Samurott-Hisui, M|100/100|[from] U-turn\n|move|p2a: Alomomola|Scald|p1a: Samurott\n|-resisted|p1a: Samurott\n|-damage|p1a: Samurott|96/100\n|\n|upkeep\n|turn|4\n|\n|t:|1783800244\n|switch|p2a: Mandibuzz|Mandibuzz, F|100/100\n|move|p1a: Samurott|Ceaseless Edge|p2a: Mandibuzz\n|-resisted|p2a: Mandibuzz\n|-damage|p2a: Mandibuzz|90/100\n|-sidestart|p2: whgsosla23|Spikes\n|\n|upkeep\n|turn|5\n|\n|t:|1783800272\n|move|p1a: Samurott|Knock Off|p2a: Mandibuzz\n|-resisted|p2a: Mandibuzz\n|-damage|p2a: Mandibuzz|79/100\n|-enditem|p2a: Mandibuzz|Heavy-Duty Boots|[from] move: Knock Off|[of] p1a: Samurott\n|move|p2a: Mandibuzz|Defog|p1a: Samurott\n|-unboost|p1a: Samurott|evasion|1\n|-sideend|p2: whgsosla23|Spikes|[from] move: Defog|[of] p2a: Mandibuzz\n|-sideend|p2: whgsosla23|Stealth Rock|[from] move: Defog|[of] p2a: Mandibuzz\n|\n|upkeep\n|turn|6\n|\n|t:|1783800281\n|move|p1a: Samurott|Ceaseless Edge|p2a: Mandibuzz\n|-resisted|p2a: Mandibuzz\n|-damage|p2a: Mandibuzz|68/100\n|-sidestart|p2: whgsosla23|Spikes\n|move|p2a: Mandibuzz|U-turn|p1a: Samurott\n|-supereffective|p1a: Samurott\n|-damage|p1a: Samurott|68/100\n|\n|t:|1783800285\n|switch|p2a: Iron Valiant|Iron Valiant, shiny|100/100|[from] U-turn\n|-damage|p2a: Iron Valiant|88/100|[from] Spikes\n|\n|upkeep\n|turn|7\n|\n|t:|1783800296\n|switch|p1a: Gholdengo|Gholdengo|100/100\n|move|p2a: Iron Valiant|Moonblast|p1a: Gholdengo\n|-resisted|p1a: Gholdengo\n|-damage|p1a: Gholdengo|59/100\n|-unboost|p1a: Gholdengo|spa|1\n|\n|upkeep\n|turn|8\n|\n|t:|1783800312\n|-end|p2a: Iron Valiant|Quark Drive|[silent]\n|switch|p2a: Mandibuzz|Mandibuzz, F|68/100\n|move|p1a: Gholdengo|Trick|p2a: Mandibuzz\n|-activate|p1a: Gholdengo|move: Trick|[of] p2a: Mandibuzz\n|-item|p2a: Mandibuzz|Choice Scarf|[from] move: Trick\n|-enditem|p1a: Gholdengo|Choice Scarf|[silent]|[from] move: Trick\n|\n|upkeep\n|turn|9\n|\n|t:|1783800326\n|switch|p1a: Landorus|Landorus-Therian, M|72/100\n|-ability|p1a: Landorus|Intimidate|boost\n|-unboost|p2a: Mandibuzz|atk|1\n|move|p2a: Mandibuzz|U-turn|p1a: Landorus\n|-resisted|p1a: Landorus\n|-damage|p1a: Landorus|68/100\n|-damage|p2a: Mandibuzz|52/100|[from] item: Rocky Helmet|[of] p1a: Landorus\n|\n|t:|1783800328\n|switch|p2a: Lokix|Lokix, M, shiny|100/100|[from] U-turn\n|-damage|p2a: Lokix|88/100|[from] Spikes\n|\n|upkeep\n|turn|10\n|inactive|BigGreenGoomy has 120 seconds left.\n|inactive|BigGreenGoomy has 90 seconds left.\n|\n|t:|1783800363\n|-terastallize|p2a: Lokix|Bug\n|move|p2a: Lokix|First Impression|p1a: Landorus\n|-resisted|p1a: Landorus\n|-damage|p1a: Landorus|0 fnt\n|-damage|p2a: Lokix|72/100|[from] item: Rocky Helmet|[of] p1a: Landorus\n|faint|p1a: Landorus\n|\n|upkeep\n|inactive|BigGreenGoomy has 90 seconds left.\n|\n|t:|1783800378\n|switch|p1a: Rillaboom|Rillaboom, F|100/100\n|-fieldstart|move: Grassy Terrain|[from] ability: Grassy Surge|[of] p1a: Rillaboom\n|turn|11\n|inactive|BigGreenGoomy has 90 seconds left.\n|\n|t:|1783800394\n|switch|p2a: Mandibuzz|Mandibuzz, F|52/100\n|switch|p1a: Kyurem|Kyurem|100/100\n|-ability|p1a: Kyurem|Pressure\n|\n|upkeep\n|turn|12\n|\n|t:|1783800401\n|move|p1a: Kyurem|Freeze-Dry|p2a: Mandibuzz\n|-supereffective|p2a: Mandibuzz\n|-damage|p2a: Mandibuzz|0 fnt\n|faint|p2a: Mandibuzz\n|\n|upkeep\n|\n|t:|1783800405\n|switch|p2a: Lokix|Lokix, M, shiny, tera:Bug|72/100\n|-damage|p2a: Lokix|59/100|[from] Spikes\n|turn|13\n|inactive|BigGreenGoomy has 90 seconds left.\n|\n|t:|1783800424\n|switch|p1a: Hawlucha|Hawlucha, M|100/100\n|-enditem|p1a: Hawlucha|Grassy Seed\n|-boost|p1a: Hawlucha|def|1|[from] item: Grassy Seed\n|move|p2a: Lokix|First Impression|p1a: Hawlucha\n|-resisted|p1a: Hawlucha\n|-damage|p1a: Hawlucha|63/100\n|\n|-heal|p2a: Lokix|65/100|[from] Grassy Terrain\n|upkeep\n|turn|14\n|inactive|BigGreenGoomy has 90 seconds left.\n|\n|t:|1783800438\n|switch|p2a: Alomomola|Alomomola, L99, M|100/100\n|-damage|p2a: Alomomola|88/100|[from] Spikes\n|move|p1a: Hawlucha|Swords Dance|p1a: Hawlucha\n|-boost|p1a: Hawlucha|atk|2\n|\n|-heal|p2a: Alomomola|94/100|[from] Grassy Terrain\n|upkeep\n|turn|15\n|inactive|BigGreenGoomy has 90 seconds left.\n|\n|t:|1783800449\n|move|p1a: Hawlucha|Acrobatics|p2a: Alomomola\n|-damage|p2a: Alomomola|30/100\n|move|p2a: Alomomola|Scald|p1a: Hawlucha\n|-damage|p1a: Hawlucha|43/100\n|-status|p1a: Hawlucha|brn\n|\n|-heal|p2a: Alomomola|36/100|[from] Grassy Terrain\n|-damage|p1a: Hawlucha|37/100 brn|[from] brn\n|-fieldend|move: Grassy Terrain\n|upkeep\n|turn|16\n|inactive|BigGreenGoomy has 90 seconds left.\n|\n|t:|1783800461\n|switch|p2a: Gholdengo|Gholdengo|100/100\n|-damage|p2a: Gholdengo|88/100|[from] Spikes\n|move|p1a: Hawlucha|Acrobatics|p2a: Gholdengo\n|-resisted|p2a: Gholdengo\n|-damage|p2a: Gholdengo|60/100\n|\n|-damage|p1a: Hawlucha|31/100 brn|[from] brn\n|upkeep\n|turn|17\n|inactive|BigGreenGoomy has 90 seconds left.\n|\n|t:|1783800474\n|move|p1a: Hawlucha|Acrobatics|p2a: Gholdengo\n|-resisted|p2a: Gholdengo\n|-damage|p2a: Gholdengo|33/100\n|move|p2a: Gholdengo|Shadow Ball|p1a: Hawlucha\n|-damage|p1a: Hawlucha|0 fnt\n|faint|p1a: Hawlucha\n|\n|upkeep\n|inactive|BigGreenGoomy has 90 seconds left.\n|\n|t:|1783800487\n|switch|p1a: Samurott|Samurott-Hisui, M|68/100\n|turn|18\n|inactive|BigGreenGoomy has 90 seconds left.\n|\n|t:|1783800497\n|switch|p2a: Great Tusk|Great Tusk|100/100\n|move|p1a: Samurott|Flip Turn|p2a: Great Tusk\n|-supereffective|p2a: Great Tusk\n|-damage|p2a: Great Tusk|63/100\n|\n|t:|1783800503\n|switch|p1a: Kyurem|Kyurem|100/100|[from] Flip Turn\n|-ability|p1a: Kyurem|Pressure\n|\n|upkeep\n|turn|19\n|inactive|BigGreenGoomy has 90 seconds left.\n|\n|t:|1783800522\n|move|p1a: Kyurem|Ice Beam|p2a: Great Tusk\n|-supereffective|p2a: Great Tusk\n|-damage|p2a: Great Tusk|0 fnt\n|faint|p2a: Great Tusk\n|-end|p2a: Great Tusk|Protosynthesis|[silent]\n|\n|upkeep\n|\n|t:|1783800525\n|switch|p2a: Iron Valiant|Iron Valiant, shiny|88/100\n|-damage|p2a: Iron Valiant|76/100|[from] Spikes\n|turn|20\n|inactive|BigGreenGoomy has 90 seconds left.\n|\n|t:|1783800533\n|-terastallize|p1a: Kyurem|Poison\n|move|p2a: Iron Valiant|Moonblast|p1a: Kyurem\n|-resisted|p1a: Kyurem\n|-damage|p1a: Kyurem|77/100\n|move|p1a: Kyurem|Ice Beam|p2a: Iron Valiant\n|-damage|p2a: Iron Valiant|0 fnt\n|faint|p2a: Iron Valiant\n|-end|p2a: Iron Valiant|Quark Drive|[silent]\n|\n|upkeep\n|\n|t:|1783800539\n|switch|p2a: Lokix|Lokix, M, shiny, tera:Bug|65/100\n|-damage|p2a: Lokix|53/100|[from] Spikes\n|turn|21\n|\n|t:|1783800553\n|switch|p1a: Gholdengo|Gholdengo|59/100\n|move|p2a: Lokix|First Impression|p1a: Gholdengo\n|-resisted|p1a: Gholdengo\n|-damage|p1a: Gholdengo|11/100\n|\n|upkeep\n|turn|22\n|\n|t:|1783800564\n|switch|p2a: Alomomola|Alomomola, L99, M|70/100\n|-damage|p2a: Alomomola|57/100|[from] Spikes\n|move|p1a: Gholdengo|Shadow Ball|p2a: Alomomola\n|-damage|p2a: Alomomola|33/100\n|\n|upkeep\n|turn|23\n|inactive|BigGreenGoomy has 90 seconds left.\n|\n|t:|1783800584\n|move|p1a: Gholdengo|Recover|p1a: Gholdengo\n|-heal|p1a: Gholdengo|61/100\n|move|p2a: Alomomola|Flip Turn|p1a: Gholdengo\n|-damage|p1a: Gholdengo|44/100\n|\n|t:|1783800589\n|switch|p2a: Gholdengo|Gholdengo|33/100|[from] Flip Turn\n|-damage|p2a: Gholdengo|20/100|[from] Spikes\n|\n|upkeep\n|turn|24\n|inactive|BigGreenGoomy has 90 seconds left.\n|\n|t:|1783800605\n|move|p2a: Gholdengo|Shadow Ball|p1a: Gholdengo\n|-supereffective|p1a: Gholdengo\n|-damage|p1a: Gholdengo|0 fnt\n|faint|p1a: Gholdengo\n|\n|upkeep\n|\n|t:|1783800614\n|switch|p1a: Rillaboom|Rillaboom, F|100/100\n|-fieldstart|move: Grassy Terrain|[from] ability: Grassy Surge|[of] p1a: Rillaboom\n|turn|25\n|inactive|BigGreenGoomy has 90 seconds left.\n|\n|t:|1783800626\n|move|p1a: Rillaboom|Grassy Glide|p2a: Gholdengo\n|-resisted|p2a: Gholdengo\n|-damage|p2a: Gholdengo|0 fnt\n|faint|p2a: Gholdengo\n|\n|upkeep\n|\n|t:|1783800630\n|switch|p2a: Lokix|Lokix, M, shiny, tera:Bug|53/100\n|-damage|p2a: Lokix|40/100|[from] Spikes\n|turn|26\n|inactive|BigGreenGoomy has 90 seconds left.\n|\n|t:|1783800659\n|move|p2a: Lokix|U-turn|p1a: Rillaboom\n|-supereffective|p1a: Rillaboom\n|-damage|p1a: Rillaboom|0 fnt\n|faint|p1a: Rillaboom\n|\n|t:|1783800662\n|switch|p2a: Alomomola|Alomomola, L99, M|66/100|[from] U-turn\n|-damage|p2a: Alomomola|54/100|[from] Spikes\n|\n|-heal|p2a: Alomomola|60/100|[from] Grassy Terrain\n|upkeep\n|\n|t:|1783800669\n|switch|p1a: Samurott|Samurott-Hisui, M|68/100\n|turn|27\n|\n|t:|1783800680\n|move|p1a: Samurott|Knock Off|p2a: Alomomola\n|-damage|p2a: Alomomola|30/100\n|-enditem|p2a: Alomomola|Assault Vest|[from] move: Knock Off|[of] p1a: Samurott\n|move|p2a: Alomomola|Flip Turn|p1a: Samurott\n|-resisted|p1a: Samurott\n|-damage|p1a: Samurott|60/100\n|\n|t:|1783800683\n|switch|p2a: Lokix|Lokix, M, shiny, tera:Bug|40/100|[from] Flip Turn\n|-damage|p2a: Lokix|28/100|[from] Spikes\n|\n|-heal|p2a: Lokix|34/100|[from] Grassy Terrain\n|-heal|p1a: Samurott|66/100|[from] Grassy Terrain\n|upkeep\n|turn|28\n|inactive|BigGreenGoomy has 90 seconds left.\n|inactive|BigGreenGoomy has 60 seconds left.\n|c|☆whgsosla23|This game is bonkera\n|c|☆whgsosla23|Bonkera\n|c|☆whgsosla23|Bonkers\n|\n|t:|1783800737\n|switch|p1a: Kyurem|Kyurem, tera:Poison|77/100\n|-ability|p1a: Kyurem|Pressure\n|move|p2a: Lokix|First Impression|p1a: Kyurem\n|-resisted|p1a: Kyurem\n|-damage|p1a: Kyurem|0 fnt\n|faint|p1a: Kyurem\n|\n|-heal|p2a: Lokix|40/100|[from] Grassy Terrain\n|upkeep\n|\n|t:|1783800749\n|switch|p1a: Samurott|Samurott-Hisui, M|66/100\n|turn|29\n|\n|t:|1783800755\n|switch|p2a: Alomomola|Alomomola, L99, M|64/100\n|-damage|p2a: Alomomola|51/100|[from] Spikes\n|move|p1a: Samurott|Ceaseless Edge|p2a: Alomomola\n|-damage|p2a: Alomomola|24/100\n|-sidestart|p2: whgsosla23|Spikes\n|\n|-heal|p1a: Samurott|72/100|[from] Grassy Terrain\n|-heal|p2a: Alomomola|30/100|[from] Grassy Terrain\n|-fieldend|move: Grassy Terrain\n|upkeep\n|turn|30\n|\n|t:|1783800769\n|move|p1a: Samurott|Ceaseless Edge|p2a: Alomomola\n|-damage|p2a: Alomomola|3/100\n|-sidestart|p2: whgsosla23|Spikes\n|move|p2a: Alomomola|Flip Turn|p1a: Samurott\n|-resisted|p1a: Samurott\n|-damage|p1a: Samurott|62/100\n|\n|t:|1783800772\n|switch|p2a: Lokix|Lokix, M, shiny, tera:Bug|40/100|[from] Flip Turn\n|-damage|p2a: Lokix|15/100|[from] Spikes\n|\n|upkeep\n|turn|31\n|\n|t:|1783800782\n|move|p2a: Lokix|First Impression|p1a: Samurott\n|-supereffective|p1a: Samurott\n|-damage|p1a: Samurott|0 fnt\n|faint|p1a: Samurott\n|\n|win|whgsosla23\n|raw|BigGreenGoomy's rating: 1322 &rarr; <strong>1301</strong><br />(-21 for losing)\n|raw|whgsosla23's rating: 1300 &rarr; <strong>1327</strong><br />(+27 for winning)\n|l|‽BigGreenGoomy\n|player|p1|\n", "uploadtime": 1783800802, "views": 7, "formatid": "gen9ou", "rating": 1301, "private": 0, "password": null}