{"id": "gen9ou-2647754627", "format": "[Gen 9] OU", "players": ["funnygames(1997)", "acidosis"], "log": "|j|☆funnygames(1997)\n|j|☆acidosis\n|t:|1783806979\n|gametype|singles\n|player|p1|funnygames(1997)|cameraman|1460\n|player|p2|acidosis|1|1418\n|gen|9\n|tier|[Gen 9] OU\n|rated|\n|rule|HP Percentage Mod: HP is shown in percentages\n|rule|Endless Battle Clause: Forcing endless battles is banned\n|rule|Species Clause: Limit one of each Pokémon\n|rule|OHKO Clause: OHKO moves are banned\n|rule|Evasion Items Clause: Evasion items are banned\n|rule|Evasion Moves Clause: Evasion moves are banned\n|rule|Evasion Abilities Clause: Evasion abilities are banned\n|rule|Sleep Moves Clause: Sleep-inducing moves are banned\n|clearpoke\n|poke|p1|Dragonite, F|\n|poke|p1|Great Tusk|\n|poke|p1|Iron Crown|\n|poke|p1|Iron Moth|\n|poke|p1|Ogerpon, F|\n|poke|p1|Primarina, M|\n|poke|p2|Arcanine-Hisui, M|\n|poke|p2|Ting-Lu|\n|poke|p2|Zapdos|\n|poke|p2|Slowking-Galar, M|\n|poke|p2|Dragapult, F|\n|poke|p2|Ogerpon-Wellspring, F|\n|teampreview\n|inactive|Battle timer is ON: inactive players will automatically lose when time's up. (requested by acidosis)\n|\n|t:|1783807005\n|teamsize|p1|6\n|teamsize|p2|6\n|start\n|switch|p1a: Primarina|Primarina, M|100/100\n|switch|p2a: Arcanine|Arcanine-Hisui, M, shiny|100/100\n|turn|1\n|\n|t:|1783807011\n|switch|p2a: Slowking|Slowking-Galar, M, shiny|100/100\n|move|p1a: Primarina|Psychic Noise|p2a: Slowking\n|-damage|p2a: Slowking|83/100\n|-start|p2a: Slowking|move: Heal Block\n|\n|upkeep\n|turn|2\n|\n|t:|1783807015\n|switch|p1a: Iron Crown|Iron Crown|100/100\n|move|p2a: Slowking|Future Sight|p1a: Iron Crown\n|-start|p2a: Slowking|move: Future Sight\n|\n|-end|p2a: Slowking|move: Heal Block\n|upkeep\n|turn|3\n|\n|t:|1783807020\n|move|p1a: Iron Crown|Tachyon Cutter|p2a: Slowking\n|-damage|p2a: Slowking|60/100\n|-damage|p2a: Slowking|37/100\n|-hitcount|p2a: Slowking|2\n|move|p2a: Slowking|Thunder Wave|p1a: Iron Crown\n|-status|p1a: Iron Crown|par\n|\n|upkeep\n|turn|4\n|\n|t:|1783807030\n|switch|p2a: Ting-Lu|Ting-Lu|100/100\n|-ability|p2a: Ting-Lu|Vessel of Ruin\n|move|p1a: Iron Crown|Tachyon Cutter|p2a: Ting-Lu\n|-damage|p2a: Ting-Lu|86/100\n|-damage|p2a: Ting-Lu|70/100\n|-hitcount|p2a: Ting-Lu|2\n|\n|-end|p1a: Iron Crown|move: Future Sight\n|-resisted|p1a: Iron Crown\n|-damage|p1a: Iron Crown|92/100 par\n|-heal|p2a: Ting-Lu|76/100|[from] item: Leftovers\n|upkeep\n|turn|5\n|\n|t:|1783807036\n|-end|p1a: Iron Crown|Quark Drive|[silent]\n|switch|p1a: Ogerpon|Ogerpon, F|100/100\n|move|p2a: Ting-Lu|Ruination|p1a: Ogerpon\n|-damage|p1a: Ogerpon|51/100\n|\n|-heal|p2a: Ting-Lu|83/100|[from] item: Leftovers\n|upkeep\n|turn|6\n|\n|t:|1783807043\n|switch|p2a: Zapdos|Zapdos, shiny|100/100\n|move|p1a: Ogerpon|Knock Off|p2a: Zapdos\n|-damage|p2a: Zapdos|78/100\n|-enditem|p2a: Zapdos|Heavy-Duty Boots|[from] move: Knock Off|[of] p1a: Ogerpon\n|\n|upkeep\n|turn|7\n|\n|t:|1783807050\n|switch|p1a: Iron Crown|Iron Crown|92/100 par\n|move|p2a: Zapdos|Volt Switch|p1a: Iron Crown\n|-damage|p1a: Iron Crown|63/100 par\n|\n|t:|1783807056\n|switch|p2a: Arcanine|Arcanine-Hisui, M, shiny|100/100|[from] Volt Switch\n|\n|upkeep\n|turn|8\n|\n|t:|1783807061\n|move|p2a: Arcanine|Flare Blitz|p1a: Iron Crown\n|-supereffective|p1a: Iron Crown\n|-damage|p1a: Iron Crown|0 fnt\n|faint|p1a: Iron Crown\n|-end|p1a: Iron Crown|Quark Drive|[silent]\n|\n|upkeep\n|\n|t:|1783807063\n|switch|p1a: Primarina|Primarina, M|100/100\n|turn|9\n|\n|t:|1783807072\n|switch|p2a: Slowking|Slowking-Galar, M, shiny|70/100\n|move|p1a: Primarina|Psychic Noise|p2a: Slowking\n|-damage|p2a: Slowking|53/100\n|-start|p2a: Slowking|move: Heal Block\n|\n|upkeep\n|turn|10\n|\n|t:|1783807079\n|move|p1a: Primarina|Substitute|p1a: Primarina\n|-start|p1a: Primarina|Substitute\n|-damage|p1a: Primarina|76/100\n|move|p2a: Slowking|Future Sight|p1a: Primarina\n|-start|p2a: Slowking|move: Future Sight\n|\n|-heal|p1a: Primarina|82/100|[from] item: Leftovers\n|-end|p2a: Slowking|move: Heal Block\n|upkeep\n|turn|11\n|\n|t:|1783807081\n|move|p1a: Primarina|Calm Mind|p1a: Primarina\n|-boost|p1a: Primarina|spa|1\n|-boost|p1a: Primarina|spd|1\n|move|p2a: Slowking|Sludge Bomb|p1a: Primarina\n|-supereffective|p1a: Primarina\n|-end|p1a: Primarina|Substitute\n|\n|-heal|p1a: Primarina|88/100|[from] item: Leftovers\n|upkeep\n|turn|12\n|\n|t:|1783807087\n|move|p1a: Primarina|Calm Mind|p1a: Primarina\n|-boost|p1a: Primarina|spa|1\n|-boost|p1a: Primarina|spd|1\n|-prepare|p2a: Slowking|Chilly Reception|[premajor]\n|move|p2a: Slowking|Chilly Reception|p2a: Slowking\n|-weather|Snowscape\n|\n|t:|1783807091\n|switch|p2a: Ogerpon|Ogerpon-Wellspring, F|100/100|[from] Chilly Reception\n|\n|-weather|Snowscape|[upkeep]\n|-end|p1a: Primarina|move: Future Sight\n|-damage|p1a: Primarina|67/100\n|-heal|p1a: Primarina|73/100|[from] item: Leftovers\n|upkeep\n|turn|13\n|\n|t:|1783807099\n|-terastallize|p1a: Primarina|Steel\n|move|p2a: Ogerpon|Trailblaze|p1a: Primarina\n|-resisted|p1a: Primarina\n|-damage|p1a: Primarina|62/100\n|-boost|p2a: Ogerpon|spe|1\n|move|p1a: Primarina|Draining Kiss|p2a: Ogerpon\n|-damage|p2a: Ogerpon|49/100\n|-heal|p1a: Primarina|94/100|[from] drain|[of] p2a: Ogerpon\n|\n|-weather|Snowscape|[upkeep]\n|-heal|p1a: Primarina|99/100|[from] item: Leftovers\n|upkeep\n|turn|14\n|\n|t:|1783807104\n|switch|p2a: Arcanine|Arcanine-Hisui, M, shiny|100/100\n|move|p1a: Primarina|Draining Kiss|p2a: Arcanine\n|-resisted|p2a: Arcanine\n|-damage|p2a: Arcanine|77/100\n|-heal|p1a: Primarina|100/100|[from] drain|[of] p2a: Arcanine\n|\n|-weather|Snowscape|[upkeep]\n|upkeep\n|turn|15\n|\n|t:|1783807113\n|switch|p1a: Great Tusk|Great Tusk|100/100\n|move|p2a: Arcanine|Flare Blitz|p1a: Great Tusk\n|-damage|p1a: Great Tusk|37/100\n|-damage|p2a: Arcanine|60/100|[from] item: Rocky Helmet|[of] p1a: Great Tusk\n|\n|-weather|Snowscape|[upkeep]\n|upkeep\n|turn|16\n|\n|t:|1783807122\n|switch|p2a: Zapdos|Zapdos, shiny|78/100\n|move|p1a: Great Tusk|Headlong Rush|p2a: Zapdos\n|-immune|p2a: Zapdos\n|\n|-weather|none\n|upkeep\n|turn|17\n|\n|t:|1783807127\n|move|p1a: Great Tusk|Stealth Rock|p2a: Zapdos\n|-sidestart|p2: acidosis|move: Stealth Rock\n|move|p2a: Zapdos|Hurricane|p1a: Great Tusk\n|-supereffective|p1a: Great Tusk\n|-damage|p1a: Great Tusk|0 fnt\n|faint|p1a: Great Tusk\n|-end|p1a: Great Tusk|Protosynthesis|[silent]\n|\n|upkeep\n|\n|t:|1783807144\n|switch|p1a: Primarina|Primarina, M, tera:Steel|100/100\n|turn|18\n|\n|t:|1783807150\n|move|p2a: Zapdos|Thunder Wave|p1a: Primarina\n|-status|p1a: Primarina|par\n|move|p1a: Primarina|Psychic Noise|p2a: Zapdos\n|-damage|p2a: Zapdos|49/100\n|-start|p2a: Zapdos|move: Heal Block\n|\n|upkeep\n|turn|19\n|\n|t:|1783807161\n|move|p2a: Zapdos|Volt Switch|p1a: Primarina\n|-damage|p1a: Primarina|74/100 par\n|\n|t:|1783807166\n|switch|p2a: Ting-Lu|Ting-Lu|83/100|[from] Volt Switch\n|-damage|p2a: Ting-Lu|76/100|[from] Stealth Rock\n|-ability|p2a: Ting-Lu|Vessel of Ruin\n|move|p1a: Primarina|Substitute|p1a: Primarina\n|-start|p1a: Primarina|Substitute\n|-damage|p1a: Primarina|49/100 par\n|\n|-heal|p2a: Ting-Lu|83/100|[from] item: Leftovers\n|-heal|p1a: Primarina|55/100 par|[from] item: Leftovers\n|upkeep\n|turn|20\n|\n|t:|1783807180\n|switch|p1a: Ogerpon|Ogerpon, F|51/100\n|move|p2a: Ting-Lu|Spikes|p1a: Ogerpon\n|-sidestart|p1: funnygames(1997)|Spikes\n|\n|-heal|p2a: Ting-Lu|89/100|[from] item: Leftovers\n|upkeep\n|turn|21\n|\n|t:|1783807198\n|switch|p2a: Dragapult|Dragapult, F|100/100\n|-damage|p2a: Dragapult|88/100|[from] Stealth Rock\n|move|p1a: Ogerpon|Ivy Cudgel|p2a: Dragapult\n|-resisted|p2a: Dragapult\n|-damage|p2a: Dragapult|55/100\n|\n|upkeep\n|turn|22\n|\n|t:|1783807212\n|switch|p1a: Primarina|Primarina, M, tera:Steel|55/100 par\n|-damage|p1a: Primarina|43/100 par|[from] Spikes\n|move|p2a: Dragapult|Shadow Ball|p1a: Primarina\n|-damage|p1a: Primarina|0 fnt\n|faint|p1a: Primarina\n|\n|upkeep\n|\n|t:|1783807222\n|switch|p1a: Dragonite|Dragonite, F|100/100\n|turn|23\n|\n|t:|1783807228\n|move|p2a: Dragapult|Shadow Ball|p1a: Dragonite\n|-damage|p1a: Dragonite|71/100\n|move|p1a: Dragonite|Ice Spinner|p2a: Dragapult\n|-supereffective|p2a: Dragapult\n|-damage|p2a: Dragapult|0 fnt\n|faint|p2a: Dragapult\n|\n|upkeep\n|inactive|acidosis has 120 seconds left.\n|\n|t:|1783807265\n|switch|p2a: Ting-Lu|Ting-Lu|89/100\n|-damage|p2a: Ting-Lu|83/100|[from] Stealth Rock\n|-ability|p2a: Ting-Lu|Vessel of Ruin\n|turn|24\n|inactive|acidosis has 120 seconds left.\n|\n|t:|1783807288\n|move|p1a: Dragonite|Ice Spinner|p2a: Ting-Lu\n|-supereffective|p2a: Ting-Lu\n|-damage|p2a: Ting-Lu|29/100\n|move|p2a: Ting-Lu|Whirlwind|p1a: Dragonite\n|drag|p1a: Iron Moth|Iron Moth|100/100\n|-damage|p1a: Iron Moth|88/100|[from] Spikes\n|-enditem|p1a: Iron Moth|Booster Energy\n|-activate|p1a: Iron Moth|ability: Quark Drive|[fromitem]\n|-start|p1a: Iron Moth|quarkdrivespe\n|\n|-heal|p2a: Ting-Lu|36/100|[from] item: Leftovers\n|upkeep\n|turn|25\n|\n|t:|1783807296\n|move|p1a: Iron Moth|Dazzling Gleam|p2a: Ting-Lu\n|-supereffective|p2a: Ting-Lu\n|-damage|p2a: Ting-Lu|13/100\n|move|p2a: Ting-Lu|Earthquake|p1a: Iron Moth\n|-supereffective|p1a: Iron Moth\n|-damage|p1a: Iron Moth|0 fnt\n|faint|p1a: Iron Moth\n|-end|p1a: Iron Moth|Quark Drive|[silent]\n|\n|-heal|p2a: Ting-Lu|19/100|[from] item: Leftovers\n|upkeep\n|\n|t:|1783807300\n|switch|p1a: Ogerpon|Ogerpon, F|51/100\n|turn|26\n|\n|t:|1783807306\n|move|p1a: Ogerpon|Ivy Cudgel|p2a: Ting-Lu\n|-supereffective|p2a: Ting-Lu\n|-damage|p2a: Ting-Lu|0 fnt\n|faint|p2a: Ting-Lu\n|\n|upkeep\n|\n|t:|1783807310\n|switch|p2a: Arcanine|Arcanine-Hisui, M, shiny|60/100\n|-damage|p2a: Arcanine|35/100|[from] Stealth Rock\n|turn|27\n|\n|t:|1783807315\n|-terastallize|p2a: Arcanine|Normal\n|move|p2a: Arcanine|Extreme Speed|p1a: Ogerpon\n|-damage|p1a: Ogerpon|0 fnt\n|faint|p1a: Ogerpon\n|\n|upkeep\n|\n|t:|1783807317\n|switch|p1a: Dragonite|Dragonite, F|71/100\n|turn|28\n|\n|t:|1783807322\n|move|p2a: Arcanine|Extreme Speed|p1a: Dragonite\n|-crit|p1a: Dragonite\n|-damage|p1a: Dragonite|0 fnt\n|faint|p1a: Dragonite\n|\n|win|acidosis\n|raw|funnygames(1997)'s rating: 1460 &rarr; <strong>1438</strong><br />(-22 for losing)\n|raw|acidosis's rating: 1418 &rarr; <strong>1440</strong><br />(+22 for winning)\n|l|☆funnygames(1997)\n|player|p1|\n", "uploadtime": 1783807364, "views": 12, "formatid": "gen9ou", "rating": 1438, "private": 0, "password": null}