{"id": "gen9ou-2647712727", "format": "[Gen 9] OU", "players": ["kakagarbage", "Inyurwalls"], "log": "|j|☆kakagarbage\n|j|☆Inyurwalls\n|t:|1783800265\n|gametype|singles\n|player|p1|kakagarbage|102|1367\n|player|p2|Inyurwalls|1|1432\n|gen|9\n|tier|[Gen 9] OU\n|rated|\n|rule|HP Percentage Mod: HP is shown in percentages\n|rule|Endless Battle Clause: Forcing endless battles is banned\n|rule|Species Clause: Limit one of each Pokémon\n|rule|OHKO Clause: OHKO moves are banned\n|rule|Evasion Items Clause: Evasion items are banned\n|rule|Evasion Moves Clause: Evasion moves are banned\n|rule|Evasion Abilities Clause: Evasion abilities are banned\n|rule|Sleep Moves Clause: Sleep-inducing moves are banned\n|clearpoke\n|poke|p1|Hydrapple, M|\n|poke|p1|Moltres|\n|poke|p1|Darkrai|\n|poke|p1|Ting-Lu|\n|poke|p1|Tinkaton, F|\n|poke|p1|Zamazenta-*|\n|poke|p2|Arcanine-Hisui, F|\n|poke|p2|Darkrai|\n|poke|p2|Great Tusk|\n|poke|p2|Hatterene, F|\n|poke|p2|Ogerpon-Wellspring, F|\n|poke|p2|Zapdos|\n|teampreview\n|inactive|Battle timer is ON: inactive players will automatically lose when time's up. (requested by kakagarbage)\n|\n|t:|1783800277\n|teamsize|p1|6\n|teamsize|p2|6\n|start\n|switch|p1a: Darkrai|Darkrai, shiny|100/100\n|switch|p2a: Arcanine|Arcanine-Hisui, F|100/100\n|turn|1\n|\n|t:|1783800287\n|switch|p1a: Ting-Lu|Ting-Lu|100/100\n|-ability|p1a: Ting-Lu|Vessel of Ruin\n|switch|p2a: Zapdos|Zapdos|100/100\n|\n|upkeep\n|turn|2\n|\n|t:|1783800293\n|switch|p2a: Hatterene|Hatterene, F|100/100\n|move|p1a: Ting-Lu|Ruination|p2a: Hatterene\n|-damage|p2a: Hatterene|50/100\n|\n|upkeep\n|turn|3\n|\n|t:|1783800304\n|move|p1a: Ting-Lu|Earthquake|p2a: Hatterene\n|-damage|p2a: Hatterene|11/100\n|move|p2a: Hatterene|Draining Kiss|p1a: Ting-Lu\n|-supereffective|p1a: Ting-Lu\n|-damage|p1a: Ting-Lu|79/100\n|-heal|p2a: Hatterene|36/100|[from] drain|[of] p1a: Ting-Lu\n|\n|-heal|p1a: Ting-Lu|86/100|[from] item: Leftovers\n|upkeep\n|turn|4\n|\n|t:|1783800310\n|switch|p2a: Ogerpon|Ogerpon-Wellspring, F|100/100\n|move|p1a: Ting-Lu|Earthquake|p2a: Ogerpon\n|-resisted|p2a: Ogerpon\n|-damage|p2a: Ogerpon|78/100\n|\n|-heal|p1a: Ting-Lu|92/100|[from] item: Leftovers\n|upkeep\n|turn|5\n|\n|t:|1783800324\n|switch|p1a: Hydrapple|Hydrapple, M|100/100\n|move|p2a: Ogerpon|Spikes|p1a: Hydrapple\n|-sidestart|p1: kakagarbage|Spikes\n|\n|upkeep\n|turn|6\n|\n|t:|1783800328\n|move|p2a: Ogerpon|U-turn|p1a: Hydrapple\n|-supereffective|p1a: Hydrapple\n|-damage|p1a: Hydrapple|68/100\n|\n|t:|1783800331\n|switch|p2a: Hatterene|Hatterene, F|36/100|[from] U-turn\n|move|p1a: Hydrapple|Giga Drain|p2a: Hatterene\n|-damage|p2a: Hatterene|14/100\n|-heal|p1a: Hydrapple|76/100|[from] drain|[of] p2a: Hatterene\n|\n|upkeep\n|turn|7\n|\n|t:|1783800336\n|-terastallize|p1a: Hydrapple|Poison\n|move|p1a: Hydrapple|Giga Drain|p2a: Hatterene\n|-damage|p2a: Hatterene|0 fnt\n|-heal|p1a: Hydrapple|81/100|[from] drain|[of] p2a: Hatterene\n|faint|p2a: Hatterene\n|\n|upkeep\n|\n|t:|1783800343\n|switch|p2a: Great Tusk|Great Tusk|100/100\n|turn|8\n|\n|t:|1783800354\n|switch|p1a: Moltres|Moltres|100/100\n|move|p2a: Great Tusk|Stealth Rock|p1a: Moltres\n|-sidestart|p1: kakagarbage|move: Stealth Rock\n|\n|upkeep\n|turn|9\n|\n|t:|1783800359\n|-end|p2a: Great Tusk|Protosynthesis|[silent]\n|switch|p2a: Ogerpon|Ogerpon-Wellspring, F|78/100\n|move|p1a: Moltres|Flamethrower|p2a: Ogerpon\n|-damage|p2a: Ogerpon|37/100\n|\n|upkeep\n|turn|10\n|\n|t:|1783800365\n|switch|p1a: Hydrapple|Hydrapple, M, tera:Poison|100/100\n|move|p2a: Ogerpon|U-turn|p1a: Hydrapple\n|-resisted|p1a: Hydrapple\n|-damage|p1a: Hydrapple|92/100\n|\n|t:|1783800370\n|switch|p2a: Arcanine|Arcanine-Hisui, F|100/100|[from] U-turn\n|\n|upkeep\n|turn|11\n|\n|t:|1783800390\n|switch|p2a: Zapdos|Zapdos|100/100\n|move|p1a: Hydrapple|Earth Power|p2a: Zapdos\n|-immune|p2a: Zapdos\n|\n|upkeep\n|turn|12\n|\n|t:|1783800395\n|switch|p1a: Ting-Lu|Ting-Lu|92/100\n|-damage|p1a: Ting-Lu|79/100|[from] Spikes\n|-damage|p1a: Ting-Lu|73/100|[from] Stealth Rock\n|-ability|p1a: Ting-Lu|Vessel of Ruin\n|move|p2a: Zapdos|Volt Switch|p1a: Ting-Lu\n|-immune|p1a: Ting-Lu\n|\n|-heal|p1a: Ting-Lu|79/100|[from] item: Leftovers\n|upkeep\n|turn|13\n|-message|Inyurwalls forfeited.\n|\n|win|kakagarbage\n|raw|kakagarbage's rating: 1367 &rarr; <strong>1392</strong><br />(+25 for winning)\n|raw|Inyurwalls's rating: 1448 &rarr; <strong>1423</strong><br />(-25 for losing)\n|l|☆Inyurwalls\n|player|p2|\n|c|☆kakagarbage|/log kakagarbage made this room public.\n", "uploadtime": 1783800406, "views": 10, "formatid": "gen9ou", "rating": 1392, "private": 0, "password": null}