{"id": "gen9ou-2639299406", "format": "[Gen 9] OU", "players": ["Qutilt", "ykykp"], "log": "|j|☆Qutilt\n|j|☆ykykp\n|t:|1782448492\n|gametype|singles\n|player|p1|Qutilt|1|1511\n|player|p2|ykykp|266|1532\n|gen|9\n|tier|[Gen 9] OU\n|rated|\n|rule|HP Percentage Mod: HP is shown in percentages\n|rule|Endless Battle Clause: Forcing endless battles is banned\n|rule|Species Clause: Limit one of each Pokémon\n|rule|OHKO Clause: OHKO moves are banned\n|rule|Evasion Items Clause: Evasion items are banned\n|rule|Evasion Moves Clause: Evasion moves are banned\n|rule|Evasion Abilities Clause: Evasion abilities are banned\n|rule|Sleep Moves Clause: Sleep-inducing moves are banned\n|clearpoke\n|poke|p1|Garchomp, F|\n|poke|p1|Enamorus, F|\n|poke|p1|Ting-Lu|\n|poke|p1|Raging Bolt|\n|poke|p1|Slowking-Galar, F|\n|poke|p1|Iron Treads|\n|poke|p2|Slither Wing|\n|poke|p2|Ninetales, F|\n|poke|p2|Ceruledge, M|\n|poke|p2|Walking Wake|\n|poke|p2|Great Tusk|\n|poke|p2|Venusaur, F|\n|teampreview\n|inactive|Battle timer is ON: inactive players will automatically lose when time's up. (requested by ykykp)\n|\n|t:|1782448507\n|teamsize|p1|6\n|teamsize|p2|6\n|start\n|switch|p1a: Raging Bolt|Raging Bolt|100/100\n|switch|p2a: nah i'd spin|Great Tusk|100/100\n|-enditem|p1a: Raging Bolt|Booster Energy\n|-activate|p1a: Raging Bolt|ability: Protosynthesis|[fromitem]\n|-start|p1a: Raging Bolt|protosynthesisspa\n|turn|1\n|\n|t:|1782448519\n|-end|p1a: Raging Bolt|Protosynthesis|[silent]\n|switch|p1a: Enamorus|Enamorus, F|100/100\n|move|p2a: nah i'd spin|Stealth Rock|p1a: Enamorus\n|-sidestart|p1: Qutilt|move: Stealth Rock\n|\n|upkeep\n|turn|2\n|\n|t:|1782448528\n|-end|p2a: nah i'd spin|Protosynthesis|[silent]\n|switch|p2a: naruto|Ninetales, F|100/100\n|-weather|SunnyDay|[from] ability: Drought|[of] p2a: naruto\n|move|p1a: Enamorus|Moonblast|p2a: naruto\n|-resisted|p2a: naruto\n|-damage|p2a: naruto|61/100\n|-unboost|p2a: naruto|spa|1\n|-damage|p1a: Enamorus|90/100|[from] item: Life Orb\n|\n|-weather|SunnyDay|[upkeep]\n|upkeep\n|turn|3\n|\n|t:|1782448547\n|switch|p2a: flowey|Venusaur, F|100/100\n|move|p1a: Enamorus|Earth Power|p2a: flowey\n|-damage|p2a: flowey|44/100\n|-damage|p1a: Enamorus|80/100|[from] item: Life Orb\n|\n|-weather|SunnyDay|[upkeep]\n|upkeep\n|turn|4\n|\n|t:|1782448555\n|switch|p1a: Slowking|Slowking-Galar, F|100/100\n|move|p2a: flowey|Weather Ball|p1a: Slowking\n|-damage|p1a: Slowking|55/100\n|-damage|p2a: flowey|34/100|[from] item: Life Orb\n|\n|-weather|SunnyDay|[upkeep]\n|upkeep\n|turn|5\n|\n|t:|1782448566\n|move|p2a: flowey|Earthquake|p1a: Slowking\n|-supereffective|p1a: Slowking\n|-damage|p1a: Slowking|20/100\n|-damage|p2a: flowey|24/100|[from] item: Life Orb\n|move|p1a: Slowking|Psychic Noise|p2a: flowey\n|-supereffective|p2a: flowey\n|-damage|p2a: flowey|0 fnt\n|faint|p2a: flowey\n|\n|-weather|SunnyDay|[upkeep]\n|upkeep\n|\n|t:|1782448572\n|switch|p2a: OMG ILY|Slither Wing|100/100\n|-activate|p2a: OMG ILY|ability: Protosynthesis\n|-start|p2a: OMG ILY|protosynthesisatk\n|turn|6\n|\n|t:|1782448578\n|switch|p1a: Iron Treads|Iron Treads|100/100\n|-damage|p1a: Iron Treads|97/100|[from] Stealth Rock\n|-enditem|p1a: Iron Treads|Booster Energy\n|-activate|p1a: Iron Treads|ability: Quark Drive|[fromitem]\n|-start|p1a: Iron Treads|quarkdrivespe\n|move|p2a: OMG ILY|U-turn|p1a: Iron Treads\n|-resisted|p1a: Iron Treads\n|-damage|p1a: Iron Treads|75/100\n|\n|t:|1782448581\n|-end|p2a: OMG ILY|Protosynthesis|[silent]\n|switch|p2a: Walkenheimer|Walking Wake|100/100|[from] U-turn\n|-activate|p2a: Walkenheimer|ability: Protosynthesis\n|-start|p2a: Walkenheimer|protosynthesisspe\n|\n|-weather|SunnyDay|[upkeep]\n|upkeep\n|turn|7\n|inactive|Qutilt has 120 seconds left.\n|\n|t:|1782448623\n|move|p2a: Walkenheimer|Hydro Steam|p1a: Iron Treads\n|-supereffective|p1a: Iron Treads\n|-damage|p1a: Iron Treads|0 fnt\n|faint|p1a: Iron Treads\n|-end|p1a: Iron Treads|Quark Drive|[silent]\n|\n|-weather|SunnyDay|[upkeep]\n|upkeep\n|\n|t:|1782448625\n|switch|p1a: Ting-Lu|Ting-Lu|100/100\n|-damage|p1a: Ting-Lu|94/100|[from] Stealth Rock\n|-ability|p1a: Ting-Lu|Vessel of Ruin\n|turn|8\n|\n|t:|1782448644\n|-terastallize|p1a: Ting-Lu|Water\n|move|p2a: Walkenheimer|Hydro Steam|p1a: Ting-Lu\n|-resisted|p1a: Ting-Lu\n|-damage|p1a: Ting-Lu|79/100\n|-enditem|p1a: Ting-Lu|Red Card|[of] p2a: Walkenheimer\n|-end|p2a: Walkenheimer|Protosynthesis|[silent]\n|drag|p2a: OMG ILY|Slither Wing|100/100\n|-activate|p2a: OMG ILY|ability: Protosynthesis\n|-start|p2a: OMG ILY|protosynthesisatk\n|move|p1a: Ting-Lu|Stealth Rock|p2a: OMG ILY\n|-sidestart|p2: ykykp|move: Stealth Rock\n|\n|-weather|SunnyDay|[upkeep]\n|upkeep\n|turn|9\n|inactive|Qutilt has 120 seconds left.\n|\n|t:|1782448663\n|move|p2a: OMG ILY|Wild Charge|p1a: Ting-Lu\n|-supereffective|p1a: Ting-Lu\n|-damage|p1a: Ting-Lu|25/100\n|-damage|p2a: OMG ILY|82/100|[from] Recoil\n|move|p1a: Ting-Lu|Ruination|p2a: OMG ILY\n|-damage|p2a: OMG ILY|41/100\n|\n|-weather|none\n|-end|p2a: OMG ILY|Protosynthesis\n|upkeep\n|turn|10\n|inactive|Qutilt has 120 seconds left.\n|\n|t:|1782448675\n|switch|p1a: Slowking|Slowking-Galar, F|20/100\n|move|p2a: OMG ILY|U-turn|p1a: Slowking\n|-damage|p1a: Slowking|0 fnt\n|faint|p1a: Slowking\n|\n|t:|1782448683\n|-end|p2a: OMG ILY|Protosynthesis|[silent]\n|switch|p2a: nah i'd spin|Great Tusk|100/100|[from] U-turn\n|-damage|p2a: nah i'd spin|97/100|[from] Stealth Rock\n|\n|upkeep\n|\n|t:|1782448687\n|switch|p1a: Enamorus|Enamorus, F|80/100\n|-damage|p1a: Enamorus|56/100|[from] Stealth Rock\n|turn|11\n|\n|t:|1782448699\n|-terastallize|p2a: nah i'd spin|Ghost\n|move|p1a: Enamorus|Earth Power|p2a: nah i'd spin\n|-damage|p2a: nah i'd spin|49/100\n|-damage|p1a: Enamorus|46/100|[from] item: Life Orb\n|move|p2a: nah i'd spin|Rapid Spin|p1a: Enamorus\n|-damage|p1a: Enamorus|21/100\n|-boost|p2a: nah i'd spin|spe|1\n|-sideend|p2: ykykp|Stealth Rock|[from] move: Rapid Spin|[of] p2a: nah i'd spin\n|\n|upkeep\n|turn|12\n|\n|t:|1782448713\n|move|p2a: nah i'd spin|Ice Spinner|p1a: Enamorus\n|-supereffective|p1a: Enamorus\n|-damage|p1a: Enamorus|0 fnt\n|faint|p1a: Enamorus\n|\n|upkeep\n|\n|t:|1782448718\n|switch|p1a: Raging Bolt|Raging Bolt|100/100\n|-damage|p1a: Raging Bolt|88/100|[from] Stealth Rock\n|turn|13\n|\n|t:|1782448723\n|-end|p2a: nah i'd spin|Protosynthesis|[silent]\n|switch|p2a: naruto|Ninetales, F|61/100\n|-weather|SunnyDay|[from] ability: Drought|[of] p2a: naruto\n|-activate|p1a: Raging Bolt|ability: Protosynthesis\n|-start|p1a: Raging Bolt|protosynthesisspa\n|move|p1a: Raging Bolt|Calm Mind|p1a: Raging Bolt\n|-boost|p1a: Raging Bolt|spa|1\n|-boost|p1a: Raging Bolt|spd|1\n|\n|-weather|SunnyDay|[upkeep]\n|upkeep\n|turn|14\n|\n|t:|1782448728\n|move|p2a: naruto|Encore|p1a: Raging Bolt\n|-start|p1a: Raging Bolt|Encore\n|move|p1a: Raging Bolt|Calm Mind|p1a: Raging Bolt\n|-boost|p1a: Raging Bolt|spa|1\n|-boost|p1a: Raging Bolt|spd|1\n|\n|-weather|SunnyDay|[upkeep]\n|upkeep\n|turn|15\n|\n|t:|1782448745\n|switch|p2a: nah i'd spin|Great Tusk, tera:Ghost|49/100\n|-activate|p2a: nah i'd spin|ability: Protosynthesis\n|-start|p2a: nah i'd spin|protosynthesisspe\n|move|p1a: Raging Bolt|Calm Mind|p1a: Raging Bolt\n|-boost|p1a: Raging Bolt|spa|1\n|-boost|p1a: Raging Bolt|spd|1\n|\n|-weather|SunnyDay|[upkeep]\n|upkeep\n|turn|16\n|\n|t:|1782448765\n|move|p2a: nah i'd spin|Earthquake|p1a: Raging Bolt\n|-supereffective|p1a: Raging Bolt\n|-damage|p1a: Raging Bolt|15/100\n|move|p1a: Raging Bolt|Calm Mind|p1a: Raging Bolt\n|-boost|p1a: Raging Bolt|spa|1\n|-boost|p1a: Raging Bolt|spd|1\n|\n|-weather|SunnyDay|[upkeep]\n|-end|p1a: Raging Bolt|Encore\n|upkeep\n|turn|17\n|\n|t:|1782448770\n|move|p1a: Raging Bolt|Thunderclap|p2a: nah i'd spin\n|-damage|p2a: nah i'd spin|0 fnt\n|faint|p2a: nah i'd spin\n|-end|p2a: nah i'd spin|Protosynthesis|[silent]\n|\n|-weather|SunnyDay|[upkeep]\n|upkeep\n|\n|t:|1782448773\n|switch|p2a: naruto|Ninetales, F|61/100\n|turn|18\n|\n|t:|1782448775\n|-end|p1a: Raging Bolt|Protosynthesis|[silent]\n|switch|p1a: Ting-Lu|Ting-Lu, tera:Water|25/100\n|-damage|p1a: Ting-Lu|12/100|[from] Stealth Rock\n|-ability|p1a: Ting-Lu|Vessel of Ruin\n|move|p2a: naruto|Encore||[still]\n|-fail|p2a: naruto\n|\n|-weather|SunnyDay|[upkeep]\n|upkeep\n|turn|19\n|\n|t:|1782448783\n|move|p2a: naruto|Overheat|p1a: Ting-Lu\n|-resisted|p1a: Ting-Lu\n|-damage|p1a: Ting-Lu|0 fnt\n|-unboost|p2a: naruto|spa|2\n|faint|p1a: Ting-Lu\n|\n|-weather|SunnyDay|[upkeep]\n|upkeep\n|\n|t:|1782448786\n|switch|p1a: Garchomp|Garchomp, F|100/100\n|-damage|p1a: Garchomp|94/100|[from] Stealth Rock\n|turn|20\n|\n|t:|1782448791\n|move|p1a: Garchomp|Scale Shot|p2a: naruto\n|-damage|p2a: naruto|41/100\n|-damage|p2a: naruto|21/100\n|-damage|p2a: naruto|2/100\n|-damage|p2a: naruto|0 fnt\n|faint|p2a: naruto\n|-hitcount|p2: naruto|4\n|-unboost|p1a: Garchomp|def|1\n|-boost|p1a: Garchomp|spe|1\n|\n|-weather|none\n|upkeep\n|\n|t:|1782448815\n|switch|p2a: Walkenheimer|Walking Wake|100/100\n|turn|21\n|\n|t:|1782448821\n|move|p1a: Garchomp|Scale Shot|p2a: Walkenheimer\n|-supereffective|p2a: Walkenheimer\n|-damage|p2a: Walkenheimer|73/100\n|-supereffective|p2a: Walkenheimer\n|-damage|p2a: Walkenheimer|43/100\n|-supereffective|p2a: Walkenheimer\n|-damage|p2a: Walkenheimer|16/100\n|-supereffective|p2a: Walkenheimer\n|-damage|p2a: Walkenheimer|0 fnt\n|faint|p2a: Walkenheimer\n|-end|p2a: Walkenheimer|Protosynthesis|[silent]\n|-hitcount|p2: Walkenheimer|4\n|-unboost|p1a: Garchomp|def|1\n|-boost|p1a: Garchomp|spe|1\n|\n|upkeep\n|\n|t:|1782448825\n|switch|p2a: red judas|Ceruledge, M|100/100\n|-item|p2a: red judas|Air Balloon\n|turn|22\n|\n|t:|1782448831\n|move|p1a: Garchomp|Scale Shot|p2a: red judas\n|-damage|p2a: red judas|83/100\n|-ability|p2a: red judas|Weak Armor|boost\n|-unboost|p2a: red judas|def|1\n|-boost|p2a: red judas|spe|2\n|-enditem|p2a: red judas|Air Balloon\n|-damage|p2a: red judas|59/100\n|-ability|p2a: red judas|Weak Armor|boost\n|-unboost|p2a: red judas|def|1\n|-boost|p2a: red judas|spe|2\n|-damage|p2a: red judas|21/100\n|-ability|p2a: red judas|Weak Armor|boost\n|-unboost|p2a: red judas|def|1\n|-boost|p2a: red judas|spe|2\n|-damage|p2a: red judas|0 fnt\n|faint|p2a: red judas\n|-hitcount|p2: red judas|4\n|-unboost|p1a: Garchomp|def|1\n|-boost|p1a: Garchomp|spe|1\n|\n|upkeep\n|\n|t:|1782448834\n|switch|p2a: OMG ILY|Slither Wing|41/100\n|turn|23\n|\n|t:|1782448837\n|switch|p1a: Raging Bolt|Raging Bolt|15/100\n|-damage|p1a: Raging Bolt|3/100|[from] Stealth Rock\n|move|p2a: OMG ILY|First Impression|p1a: Raging Bolt\n|-damage|p1a: Raging Bolt|0 fnt\n|faint|p1a: Raging Bolt\n|-end|p1a: Raging Bolt|Protosynthesis|[silent]\n|\n|upkeep\n|\n|t:|1782448842\n|switch|p1a: Garchomp|Garchomp, F|94/100\n|-damage|p1a: Garchomp|88/100|[from] Stealth Rock\n|turn|24\n|\n|t:|1782448845\n|move|p1a: Garchomp|Stone Edge|p2a: OMG ILY\n|-damage|p2a: OMG ILY|5/100\n|move|p2a: OMG ILY|Close Combat|p1a: Garchomp\n|-damage|p1a: Garchomp|24/100\n|-unboost|p2a: OMG ILY|def|1\n|-unboost|p2a: OMG ILY|spd|1\n|-damage|p2a: OMG ILY|0 fnt|[from] ability: Rough Skin|[of] p1a: Garchomp\n|faint|p2a: OMG ILY\n|-end|p2a: OMG ILY|Protosynthesis|[silent]\n|\n|win|Qutilt\n|raw|Qutilt's rating: 1511 &rarr; <strong>1532</strong><br />(+21 for winning)\n|raw|ykykp's rating: 1532 &rarr; <strong>1511</strong><br />(-21 for losing)\n|c|☆Qutilt|gg\n|l|☆ykykp\n|player|p2|\n|l|☆Qutilt\n|player|p1|\n|j|☆Qutilt\n|player|p1|Qutilt|1|\n", "uploadtime": 1782448852, "views": 24, "formatid": "gen9ou", "rating": 1511, "private": 0, "password": null}