{"id": "gen9ou-2647770823", "format": "[Gen 9] OU", "players": ["aekutie", "AlexanderDaHacker"], "log": "|j|☆aekutie\n|j|☆AlexanderDaHacker\n|t:|1783809661\n|gametype|singles\n|player|p1|aekutie|dahlia|1048\n|player|p2|AlexanderDaHacker|ghetsis-gen5bw|1017\n|gen|9\n|tier|[Gen 9] OU\n|rated|\n|rule|HP Percentage Mod: HP is shown in percentages\n|rule|Endless Battle Clause: Forcing endless battles is banned\n|rule|Species Clause: Limit one of each Pokémon\n|rule|OHKO Clause: OHKO moves are banned\n|rule|Evasion Items Clause: Evasion items are banned\n|rule|Evasion Moves Clause: Evasion moves are banned\n|rule|Evasion Abilities Clause: Evasion abilities are banned\n|rule|Sleep Moves Clause: Sleep-inducing moves are banned\n|clearpoke\n|poke|p1|Espeon, F|\n|poke|p1|Milotic, F|\n|poke|p1|Cresselia, F|\n|poke|p1|Ninetales-Alola, F|\n|poke|p1|Lurantis, F|\n|poke|p1|Cloyster, M|\n|poke|p2|Darkrai|\n|poke|p2|Great Tusk|\n|poke|p2|Rillaboom, M|\n|poke|p2|Dragonite, F|\n|poke|p2|Moltres|\n|poke|p2|Alomomola, F|\n|teampreview\n|inactive|Battle timer is ON: inactive players will automatically lose when time's up. (requested by AlexanderDaHacker)\n|c|☆AlexanderDaHacker|Looks like a favorites team\n|c|☆AlexanderDaHacker|Is that whats going on\n|inactive|aekutie has 120 seconds left.\n|c|☆aekutie|yep\n|c|☆AlexanderDaHacker|Solid picks i love lurantis\n|\n|t:|1783809707\n|teamsize|p1|6\n|teamsize|p2|6\n|start\n|switch|p1a: Sanguine|Cresselia, F, shiny|100/100\n|switch|p2a: Moltres|Moltres|100/100\n|turn|1\n|\n|t:|1783809714\n|move|p2a: Moltres|Will-O-Wisp|p1a: Sanguine\n|-status|p1a: Sanguine|brn\n|move|p1a: Sanguine|Thunder Wave|p2a: Moltres\n|-status|p2a: Moltres|par\n|\n|-damage|p1a: Sanguine|94/100 brn|[from] brn\n|upkeep\n|turn|2\n|c|☆AlexanderDaHacker|Yeowch\n|\n|t:|1783809724\n|move|p1a: Sanguine|Calm Mind|p1a: Sanguine\n|-boost|p1a: Sanguine|spa|1\n|-boost|p1a: Sanguine|spd|1\n|move|p2a: Moltres|Tailwind|p2a: Moltres\n|-sidestart|p2: AlexanderDaHacker|move: Tailwind\n|\n|-damage|p1a: Sanguine|88/100 brn|[from] brn\n|upkeep\n|turn|3\n|\n|t:|1783809735\n|switch|p2a: Darkrai|Darkrai|100/100\n|move|p1a: Sanguine|Calm Mind|p1a: Sanguine\n|-boost|p1a: Sanguine|spa|1\n|-boost|p1a: Sanguine|spd|1\n|\n|-damage|p1a: Sanguine|82/100 brn|[from] brn\n|upkeep\n|turn|4\n|c|☆AlexanderDaHacker|No likey\n|\n|t:|1783809749\n|move|p2a: Darkrai|Dark Pulse|p1a: Sanguine\n|-supereffective|p1a: Sanguine\n|-damage|p1a: Sanguine|55/100 brn\n|move|p1a: Sanguine|Thunder Wave|p2a: Darkrai\n|-status|p2a: Darkrai|par\n|\n|-damage|p1a: Sanguine|49/100 brn|[from] brn\n|upkeep\n|turn|5\n|\n|t:|1783809759\n|cant|p2a: Darkrai|par\n|move|p1a: Sanguine|Moonblast|p2a: Darkrai\n|-supereffective|p2a: Darkrai\n|-damage|p2a: Darkrai|18/100 par\n|-unboost|p2a: Darkrai|spa|1\n|\n|-damage|p1a: Sanguine|43/100 brn|[from] brn\n|-sideend|p2: AlexanderDaHacker|move: Tailwind\n|upkeep\n|turn|6\n|\n|t:|1783809767\n|move|p2a: Darkrai|Dark Pulse|p1a: Sanguine\n|-supereffective|p1a: Sanguine\n|-crit|p1a: Sanguine\n|-damage|p1a: Sanguine|0 fnt\n|faint|p1a: Sanguine\n|\n|upkeep\n|c|☆AlexanderDaHacker|No likey at all\n|\n|t:|1783809773\n|switch|p1a: Sachi|Espeon, F|100/100\n|turn|7\n|c|☆AlexanderDaHacker|AYY\n|\n|t:|1783809782\n|move|p2a: Darkrai|Dark Pulse|p1a: Sachi\n|-supereffective|p1a: Sachi\n|-damage|p1a: Sachi|37/100\n|move|p1a: Sachi|Trick Room|p1a: Sachi\n|-fieldstart|move: Trick Room|[of] p1a: Sachi\n|\n|-heal|p1a: Sachi|43/100|[from] item: Leftovers\n|upkeep\n|turn|8\n|\n|t:|1783809789\n|switch|p1a: Volupte|Lurantis, F|100/100\n|cant|p2a: Darkrai|par\n|\n|upkeep\n|turn|9\n|\n|t:|1783809800\n|move|p1a: Volupte|Superpower|p2a: Darkrai\n|-supereffective|p2a: Darkrai\n|-damage|p2a: Darkrai|0 fnt\n|-boost|p1a: Volupte|atk|1\n|-boost|p1a: Volupte|def|1\n|faint|p2a: Darkrai\n|-damage|p1a: Volupte|91/100|[from] item: Life Orb\n|\n|upkeep\n|c|☆AlexanderDaHacker|Gulp\n|\n|t:|1783809810\n|switch|p2a: Moltres|Moltres|100/100 par\n|turn|10\n|\n|t:|1783809819\n|move|p2a: Moltres|Flamethrower|p1a: Volupte\n|-supereffective|p1a: Volupte\n|-damage|p1a: Volupte|0 fnt\n|faint|p1a: Volupte\n|\n|upkeep\n|\n|t:|1783809831\n|switch|p1a: Kanzashi|Milotic, F, shiny|100/100\n|turn|11\n|c|☆AlexanderDaHacker|Actually good para for that specific situation\n|\n|t:|1783809847\n|switch|p2a: Rillaboom|Rillaboom, M|100/100\n|-fieldstart|move: Grassy Terrain|[from] ability: Grassy Surge|[of] p2a: Rillaboom\n|switch|p1a: Victim|Cloyster, M, shiny|100/100\n|\n|-fieldend|move: Trick Room\n|upkeep\n|turn|12\n|c|☆AlexanderDaHacker|Its time\n|\n|t:|1783809871\n|-terastallize|p2a: Rillaboom|Grass\n|-terastallize|p1a: Victim|Ghost\n|move|p2a: Rillaboom|Wood Hammer|p1a: Victim\n|-damage|p1a: Victim|0 fnt\n|faint|p1a: Victim\n|-damage|p2a: Rillaboom|77/100|[from] Recoil\n|\n|-heal|p2a: Rillaboom|83/100|[from] Grassy Terrain\n|upkeep\n|c|☆AlexanderDaHacker|Wood hammaaaaaaaa\n|inactive|aekutie has 120 seconds left.\n|\n|t:|1783809891\n|switch|p1a: Sachi|Espeon, F|43/100\n|turn|13\n|\n|t:|1783809895\n|move|p1a: Sachi|Protect|p1a: Sachi\n|-singleturn|p1a: Sachi|Protect\n|move|p2a: Rillaboom|Wood Hammer|p1a: Sachi\n|-activate|p1a: Sachi|move: Protect\n|\n|-heal|p1a: Sachi|49/100|[from] Grassy Terrain\n|-heal|p1a: Sachi|55/100|[from] item: Leftovers\n|-heal|p2a: Rillaboom|89/100|[from] Grassy Terrain\n|upkeep\n|turn|14\n|c|☆AlexanderDaHacker|Wood hammaaaaaaaaaaaaaaaaaaaaa\n|inactive|aekutie has 120 seconds left.\n|\n|t:|1783809920\n|move|p1a: Sachi|Wish|p1a: Sachi\n|move|p2a: Rillaboom|Wood Hammer|p1a: Sachi\n|-crit|p1a: Sachi\n|-damage|p1a: Sachi|0 fnt\n|faint|p1a: Sachi\n|-damage|p2a: Rillaboom|72/100|[from] Recoil\n|\n|-heal|p2a: Rillaboom|78/100|[from] Grassy Terrain\n|upkeep\n|\n|t:|1783809928\n|switch|p1a: Saturnine|Ninetales-Alola, F, shiny|100/100\n|-weather|Snowscape|[from] ability: Snow Warning|[of] p1a: Saturnine\n|turn|15\n|inactive|aekutie has 120 seconds left.\n|c|☆AlexanderDaHacker|I dont like the possibility of u being faster\n|\n|t:|1783809954\n|switch|p2a: Alomomola|Alomomola, F|100/100\n|move|p1a: Saturnine|Charm|p2a: Alomomola\n|-unboost|p2a: Alomomola|atk|2\n|\n|-weather|Snowscape|[upkeep]\n|-fieldend|move: Grassy Terrain\n|upkeep\n|turn|16\n|\n|t:|1783809965\n|move|p1a: Saturnine|Aurora Veil|p1a: Saturnine\n|-sidestart|p1: aekutie|move: Aurora Veil\n|move|p2a: Alomomola|Scald|p1a: Saturnine\n|-damage|p1a: Saturnine|92/100\n|\n|-weather|Snowscape|[upkeep]\n|upkeep\n|turn|17\n|\n|t:|1783809975\n|move|p1a: Saturnine|Encore|p2a: Alomomola\n|-start|p2a: Alomomola|Encore\n|move|p2a: Alomomola|Scald|p1a: Saturnine\n|-damage|p1a: Saturnine|84/100\n|\n|-weather|Snowscape|[upkeep]\n|upkeep\n|turn|18\n|\n|t:|1783809982\n|move|p1a: Saturnine|Draining Kiss|p2a: Alomomola\n|-damage|p2a: Alomomola|79/100\n|-heal|p1a: Saturnine|100/100|[from] drain|[of] p2a: Alomomola\n|move|p2a: Alomomola|Scald|p1a: Saturnine\n|-damage|p1a: Saturnine|93/100\n|\n|-weather|Snowscape|[upkeep]\n|-heal|p2a: Alomomola|85/100|[from] item: Leftovers\n|upkeep\n|turn|19\n|\n|t:|1783809990\n|move|p1a: Saturnine|Draining Kiss|p2a: Alomomola\n|-damage|p2a: Alomomola|60/100\n|-heal|p1a: Saturnine|100/100|[from] drain|[of] p2a: Alomomola\n|move|p2a: Alomomola|Scald|p1a: Saturnine\n|-crit|p1a: Saturnine\n|-damage|p1a: Saturnine|74/100\n|\n|-weather|none\n|-heal|p2a: Alomomola|66/100|[from] item: Leftovers\n|-end|p2a: Alomomola|Encore\n|upkeep\n|turn|20\n|c|☆AlexanderDaHacker|Burn baby burn (please)\n|\n|t:|1783810001\n|switch|p1a: Kanzashi|Milotic, F, shiny|100/100\n|move|p2a: Alomomola|Scald|p1a: Kanzashi\n|-resisted|p1a: Kanzashi\n|-damage|p1a: Kanzashi|98/100\n|\n|-heal|p1a: Kanzashi|100/100|[from] item: Leftovers\n|-heal|p2a: Alomomola|72/100|[from] item: Leftovers\n|-sideend|p1: aekutie|move: Aurora Veil\n|upkeep\n|turn|21\n|\n|t:|1783810009\n|switch|p2a: Rillaboom|Rillaboom, M, tera:Grass|78/100\n|-fieldstart|move: Grassy Terrain|[from] ability: Grassy Surge|[of] p2a: Rillaboom\n|move|p1a: Kanzashi|Scald|p2a: Rillaboom\n|-resisted|p2a: Rillaboom\n|-damage|p2a: Rillaboom|51/100\n|\n|-heal|p2a: Rillaboom|57/100|[from] Grassy Terrain\n|upkeep\n|turn|22\n|inactive|aekutie has 120 seconds left.\n|\n|t:|1783810018\n|move|p2a: Rillaboom|Grassy Glide|p1a: Kanzashi\n|-supereffective|p1a: Kanzashi\n|-damage|p1a: Kanzashi|0 fnt\n|faint|p1a: Kanzashi\n|\n|-heal|p2a: Rillaboom|63/100|[from] Grassy Terrain\n|upkeep\n|c|☆AlexanderDaHacker|Glide grassy style\n|inactive|aekutie has 120 seconds left.\n|\n|t:|1783810024\n|switch|p1a: Saturnine|Ninetales-Alola, F, shiny|74/100\n|-weather|Snowscape|[from] ability: Snow Warning|[of] p1a: Saturnine\n|turn|23\n|\n|t:|1783810031\n|move|p2a: Rillaboom|Grassy Glide|p1a: Saturnine\n|-damage|p1a: Saturnine|0 fnt\n|faint|p1a: Saturnine\n|\n|win|AlexanderDaHacker\n", "uploadtime": 1783809992, "views": 7, "formatid": "gen9ou", "rating": null, "private": 0, "password": null}