{"id": "gen9ou-2639293193", "format": "[Gen 9] OU", "players": ["KevMagnet", "jogonzal101"], "log": "|j|☆KevMagnet\n|j|☆jogonzal101\n|t:|1782447335\n|gametype|singles\n|player|p1|KevMagnet|bruno|1265\n|player|p2|jogonzal101|hilbert|1258\n|gen|9\n|tier|[Gen 9] OU\n|rated|\n|rule|HP Percentage Mod: HP is shown in percentages\n|rule|Endless Battle Clause: Forcing endless battles is banned\n|rule|Species Clause: Limit one of each Pokémon\n|rule|OHKO Clause: OHKO moves are banned\n|rule|Evasion Items Clause: Evasion items are banned\n|rule|Evasion Moves Clause: Evasion moves are banned\n|rule|Evasion Abilities Clause: Evasion abilities are banned\n|rule|Sleep Moves Clause: Sleep-inducing moves are banned\n|clearpoke\n|poke|p1|Kyurem|\n|poke|p1|Hatterene, F|\n|poke|p1|Darkrai|\n|poke|p1|Great Tusk|\n|poke|p1|Dragonite, F|\n|poke|p1|Gholdengo|\n|poke|p2|Umbreon, F|\n|poke|p2|Gholdengo|\n|poke|p2|Garchomp, M|\n|poke|p2|Iron Treads|\n|poke|p2|Dragonite, M|\n|poke|p2|Iron Valiant|\n|teampreview\n|\n|t:|1782447343\n|teamsize|p1|6\n|teamsize|p2|6\n|start\n|switch|p1a: Great Tusk|Great Tusk|100/100\n|switch|p2a: Gholdengo|Gholdengo|100/100\n|turn|1\n|\n|t:|1782447372\n|switch|p2a: Jaymey|Umbreon, F, shiny|100/100\n|move|p1a: Great Tusk|Stealth Rock|p2a: Jaymey\n|-sidestart|p2: jogonzal101|move: Stealth Rock\n|\n|upkeep\n|turn|2\n|c|☆KevMagnet|!dt umbreon\n|c|☆KevMagnet|/raw <div class=\"message\"><ul class=\"utilichart\"><li class=\"result\"><span class=\"col numcol\">RU</span> <span class=\"col iconcol\"><psicon pokemon=\"umbreon\"/></span> <span class=\"col pokemonnamecol\" style=\"white-space:nowrap\"><a href=\"https://dex.pokemonshowdown.com/pokemon/umbreon\" target=\"_blank\">Umbreon</a></span> <span class=\"col typecol\"><img src=\"https://play.pokemonshowdown.com/sprites/types/Dark.png\" alt=\"Dark\" height=\"14\" width=\"32\"></span> <span style=\"float:left;min-height:26px\"><span class=\"col abilitycol\">Synchronize</span><span class=\"col abilitycol\"><em>Inner Focus</em></span></span><span style=\"float:left;min-height:26px\"><span class=\"col statcol\"><em>HP</em><br />95</span> <span class=\"col statcol\"><em>Atk</em><br />65</span> <span class=\"col statcol\"><em>Def</em><br />110</span> <span class=\"col statcol\"><em>SpA</em><br />60</span> <span class=\"col statcol\"><em>SpD</em><br />130</span> <span class=\"col statcol\"><em>Spe</em><br />65</span> <span class=\"col bstcol\"><em>BST<br />525</em></span> </span></li><li style=\"clear:both\"></li></ul></div>\n|c|☆KevMagnet|/raw <font size=\"1\"><font color=\"#686868\">Dex#:</font> 197&nbsp;|&ThickSpace;<font color=\"#686868\">Gen:</font> 2&nbsp;|&ThickSpace;<font color=\"#686868\">Height:</font> 1 m&nbsp;|&ThickSpace;<font color=\"#686868\">Weight:</font> 27 kg <em>(60 BP)</em>&nbsp;|&ThickSpace;<font color=\"#686868\">Dex Colour:</font> Black&nbsp;|&ThickSpace;<font color=\"#686868\">Egg Group(s):</font> Field&nbsp;|&ThickSpace;<font color=\"#686868\">Pre-Evolution:</font> Eevee&nbsp;|&ThickSpace;<font color=\"#686868\">Does Not Evolve</font></font>\n\n|c|☆KevMagnet|man\n|\n|t:|1782447402\n|-end|p1a: Great Tusk|Protosynthesis|[silent]\n|switch|p1a: Hatterene|Hatterene, F|100/100\n|move|p2a: Jaymey|Toxic|p1a: Hatterene\n|move|p1a: Hatterene|Toxic|p2a: Jaymey|[from] ability: Magic Bounce\n|-status|p2a: Jaymey|tox\n|-activate|p2a: Jaymey|ability: Synchronize\n|-status|p1a: Hatterene|tox\n|\n|-damage|p2a: Jaymey|94/100 tox|[from] psn\n|-damage|p1a: Hatterene|95/100 tox|[from] psn\n|upkeep\n|turn|3\n|\n|t:|1782447426\n|switch|p2a: Iron Treads|Iron Treads|100/100\n|-damage|p2a: Iron Treads|98/100|[from] Stealth Rock\n|-item|p2a: Iron Treads|Air Balloon\n|move|p1a: Hatterene|Draining Kiss|p2a: Iron Treads\n|-resisted|p2a: Iron Treads\n|-damage|p2a: Iron Treads|86/100\n|-heal|p1a: Hatterene|100/100 tox|[from] drain|[of] p2a: Iron Treads\n|-enditem|p2a: Iron Treads|Air Balloon\n|\n|-damage|p1a: Hatterene|89/100 tox|[from] psn\n|upkeep\n|turn|4\n|\n|t:|1782447430\n|switch|p1a: Gholdengo|Gholdengo|100/100\n|move|p2a: Iron Treads|Rapid Spin|p1a: Gholdengo\n|-immune|p1a: Gholdengo\n|\n|upkeep\n|turn|5\n|\n|t:|1782447471\n|switch|p1a: Great Tusk|Great Tusk|100/100\n|move|p2a: Iron Treads|Earthquake|p1a: Great Tusk\n|-damage|p1a: Great Tusk|81/100\n|\n|-heal|p1a: Great Tusk|87/100|[from] item: Leftovers\n|upkeep\n|turn|6\n|\n|t:|1782447482\n|move|p2a: Iron Treads|Rapid Spin|p1a: Great Tusk\n|-crit|p1a: Great Tusk\n|-damage|p1a: Great Tusk|76/100\n|-boost|p2a: Iron Treads|spe|1\n|-sideend|p2: jogonzal101|Stealth Rock|[from] move: Rapid Spin|[of] p2a: Iron Treads\n|move|p1a: Great Tusk|Headlong Rush|p2a: Iron Treads\n|-supereffective|p2a: Iron Treads\n|-damage|p2a: Iron Treads|4/100\n|-unboost|p1a: Great Tusk|def|1\n|-unboost|p1a: Great Tusk|spd|1\n|\n|-heal|p1a: Great Tusk|82/100|[from] item: Leftovers\n|upkeep\n|turn|7\n|\n|t:|1782447493\n|-end|p2a: Iron Treads|Quark Drive|[silent]\n|switch|p2a: Garchomp|Garchomp, M|100/100\n|move|p1a: Great Tusk|Rapid Spin|p2a: Garchomp\n|-damage|p2a: Garchomp|91/100\n|-boost|p1a: Great Tusk|spe|1\n|-damage|p1a: Great Tusk|70/100|[from] ability: Rough Skin|[of] p2a: Garchomp\n|-damage|p1a: Great Tusk|53/100|[from] item: Rocky Helmet|[of] p2a: Garchomp\n|\n|-heal|p1a: Great Tusk|59/100|[from] item: Leftovers\n|upkeep\n|turn|8\n|\n|t:|1782447500\n|move|p1a: Great Tusk|Ice Spinner|p2a: Garchomp\n|-supereffective|p2a: Garchomp\n|-damage|p2a: Garchomp|35/100\n|-damage|p1a: Great Tusk|47/100|[from] ability: Rough Skin|[of] p2a: Garchomp\n|-damage|p1a: Great Tusk|31/100|[from] item: Rocky Helmet|[of] p2a: Garchomp\n|move|p2a: Garchomp|Stealth Rock|p1a: Great Tusk\n|-sidestart|p1: KevMagnet|move: Stealth Rock\n|\n|-heal|p1a: Great Tusk|37/100|[from] item: Leftovers\n|upkeep\n|turn|9\n|\n|t:|1782447522\n|move|p1a: Great Tusk|Ice Spinner|p2a: Garchomp\n|-supereffective|p2a: Garchomp\n|-damage|p2a: Garchomp|0 fnt\n|-damage|p1a: Great Tusk|24/100|[from] ability: Rough Skin|[of] p2a: Garchomp\n|-damage|p1a: Great Tusk|8/100|[from] item: Rocky Helmet|[of] p2a: Garchomp\n|faint|p2a: Garchomp\n|\n|-heal|p1a: Great Tusk|14/100|[from] item: Leftovers\n|upkeep\n|\n|t:|1782447542\n|switch|p2a: Iron Treads|Iron Treads|4/100\n|turn|10\n|\n|t:|1782447553\n|move|p1a: Great Tusk|Ice Spinner|p2a: Iron Treads\n|-damage|p2a: Iron Treads|0 fnt\n|faint|p2a: Iron Treads\n|-end|p2a: Iron Treads|Quark Drive|[silent]\n|\n|-heal|p1a: Great Tusk|20/100|[from] item: Leftovers\n|upkeep\n|\n|t:|1782447556\n|switch|p2a: Iron Valiant|Iron Valiant|100/100\n|turn|11\n|\n|t:|1782447566\n|move|p2a: Iron Valiant|Vacuum Wave|p1a: Great Tusk\n|-damage|p1a: Great Tusk|0 fnt\n|faint|p1a: Great Tusk\n|-end|p1a: Great Tusk|Protosynthesis|[silent]\n|\n|upkeep\n|\n|t:|1782447579\n|switch|p1a: Gholdengo|Gholdengo|100/100\n|-damage|p1a: Gholdengo|94/100|[from] Stealth Rock\n|turn|12\n|\n|t:|1782447595\n|-end|p2a: Iron Valiant|Quark Drive|[silent]\n|switch|p2a: Jaymey|Umbreon, F, shiny|94/100 tox\n|move|p1a: Gholdengo|Nasty Plot|p1a: Gholdengo\n|-boost|p1a: Gholdengo|spa|2\n|\n|-heal|p2a: Jaymey|100/100 tox|[from] item: Leftovers\n|-damage|p2a: Jaymey|94/100 tox|[from] psn\n|upkeep\n|turn|13\n|\n|t:|1782447606\n|switch|p2a: Gholdengo|Gholdengo|100/100\n|move|p1a: Gholdengo|Make It Rain|p2a: Gholdengo\n|-resisted|p2a: Gholdengo\n|-damage|p2a: Gholdengo|26/100\n|-unboost|p1a: Gholdengo|spa|1\n|\n|upkeep\n|turn|14\n|\n|t:|1782447614\n|move|p2a: Gholdengo|Shadow Ball|p1a: Gholdengo\n|-supereffective|p1a: Gholdengo\n|-damage|p1a: Gholdengo|0 fnt\n|faint|p1a: Gholdengo\n|\n|upkeep\n|\n|t:|1782447637\n|switch|p1a: Darkrai|Darkrai|100/100\n|-damage|p1a: Darkrai|88/100|[from] Stealth Rock\n|turn|15\n|\n|t:|1782447652\n|switch|p2a: Jaymey|Umbreon, F, shiny|94/100 tox\n|move|p1a: Darkrai|Trick|p2a: Jaymey\n|-activate|p1a: Darkrai|move: Trick|[of] p2a: Jaymey\n|-item|p2a: Jaymey|Choice Scarf|[from] move: Trick\n|-item|p1a: Darkrai|Leftovers|[from] move: Trick\n|\n|-heal|p1a: Darkrai|94/100|[from] item: Leftovers\n|-damage|p2a: Jaymey|88/100 tox|[from] psn\n|upkeep\n|turn|16\n|\n|t:|1782447664\n|switch|p1a: Hatterene|Hatterene, F|89/100 tox\n|-damage|p1a: Hatterene|76/100 tox|[from] Stealth Rock\n|move|p2a: Jaymey|Wish|p2a: Jaymey\n|\n|-damage|p2a: Jaymey|76/100 tox|[from] psn\n|-damage|p1a: Hatterene|70/100 tox|[from] psn\n|upkeep\n|turn|17\n|\n|t:|1782447680\n|move|p2a: Jaymey|Wish||[still]\n|-fail|p2a: Jaymey\n|move|p1a: Hatterene|Psychic Noise|p2a: Jaymey\n|-immune|p2a: Jaymey\n|\n|-heal|p2a: Jaymey|100/100 tox|[from] move: Wish|[wisher] Jaymey\n|-damage|p2a: Jaymey|82/100 tox|[from] psn\n|-damage|p1a: Hatterene|58/100 tox|[from] psn\n|upkeep\n|turn|18\n|\n|t:|1782447693\n|switch|p1a: Dragonite|Dragonite, F|100/100\n|move|p2a: Jaymey|Wish|p2a: Jaymey\n|\n|-damage|p2a: Jaymey|58/100 tox|[from] psn\n|upkeep\n|turn|19\n|\n|t:|1782447704\n|switch|p2a: Gholdengo|Gholdengo|26/100\n|move|p1a: Dragonite|Dragon Dance|p1a: Dragonite\n|-boost|p1a: Dragonite|atk|1\n|-boost|p1a: Dragonite|spe|1\n|\n|-heal|p2a: Gholdengo|87/100|[from] move: Wish|[wisher] Jaymey\n|upkeep\n|turn|20\n|\n|t:|1782447719\n|move|p2a: Gholdengo|Thunder Wave|p1a: Dragonite\n|-status|p1a: Dragonite|par\n|move|p1a: Dragonite|Earthquake|p2a: Gholdengo\n|-supereffective|p2a: Gholdengo\n|-damage|p2a: Gholdengo|0 fnt\n|faint|p2a: Gholdengo\n|\n|upkeep\n|\n|t:|1782447728\n|switch|p2a: Jaymey|Umbreon, F, shiny|58/100 tox\n|turn|21\n|\n|t:|1782447735\n|move|p2a: Jaymey|Foul Play|p1a: Dragonite\n|-damage|p1a: Dragonite|68/100 par\n|move|p1a: Dragonite|Dragon Dance|p1a: Dragonite\n|-boost|p1a: Dragonite|atk|1\n|-boost|p1a: Dragonite|spe|1\n|\n|-damage|p2a: Jaymey|52/100 tox|[from] psn\n|upkeep\n|turn|22\n|\n|t:|1782447741\n|cant|p1a: Dragonite|par\n|move|p2a: Jaymey|Foul Play|p1a: Dragonite\n|-damage|p1a: Dragonite|0 fnt\n|faint|p1a: Dragonite\n|\n|-damage|p2a: Jaymey|40/100 tox|[from] psn\n|upkeep\n|\n|t:|1782447759\n|switch|p1a: Kyurem|Kyurem|100/100\n|-damage|p1a: Kyurem|76/100|[from] Stealth Rock\n|-ability|p1a: Kyurem|Pressure\n|turn|23\n|\n|t:|1782447781\n|move|p1a: Kyurem|Body Press|p2a: Jaymey\n|-supereffective|p2a: Jaymey\n|-damage|p2a: Jaymey|13/100 tox\n|move|p2a: Jaymey|Foul Play|p1a: Kyurem\n|-damage|p1a: Kyurem|53/100\n|\n|-damage|p2a: Jaymey|0 fnt|[from] psn\n|faint|p2a: Jaymey\n|upkeep\n|\n|t:|1782447787\n|switch|p2a: Iron Valiant|Iron Valiant|100/100\n|turn|24\n|\n|t:|1782447792\n|-terastallize|p1a: Kyurem|Poison\n|move|p2a: Iron Valiant|Moonblast|p1a: Kyurem\n|-resisted|p1a: Kyurem\n|-damage|p1a: Kyurem|35/100\n|-unboost|p1a: Kyurem|spa|1\n|move|p1a: Kyurem|Ice Beam|p2a: Iron Valiant\n|-damage|p2a: Iron Valiant|41/100\n|\n|upkeep\n|turn|25\n|inactive|Battle timer is ON: inactive players will automatically lose when time's up. (requested by KevMagnet)\n|\n|t:|1782447844\n|move|p2a: Iron Valiant|Thunderbolt|p1a: Kyurem\n|-damage|p1a: Kyurem|17/100\n|move|p1a: Kyurem|Ice Beam|p2a: Iron Valiant\n|-damage|p2a: Iron Valiant|0 fnt\n|faint|p2a: Iron Valiant\n|-end|p2a: Iron Valiant|Quark Drive|[silent]\n|\n|upkeep\n|\n|t:|1782447850\n|switch|p2a: Dragonite|Dragonite, M|100/100\n|turn|26\n|\n|t:|1782447868\n|-terastallize|p2a: Dragonite|Normal\n|move|p2a: Dragonite|Dragon Dance|p2a: Dragonite\n|-boost|p2a: Dragonite|atk|1\n|-boost|p2a: Dragonite|spe|1\n|move|p1a: Kyurem|Ice Beam|p2a: Dragonite\n|-damage|p2a: Dragonite|85/100\n|\n|upkeep\n|turn|27\n|\n|t:|1782447874\n|move|p2a: Dragonite|Extreme Speed|p1a: Kyurem\n|-damage|p1a: Kyurem|0 fnt\n|faint|p1a: Kyurem\n|\n|upkeep\n|\n|t:|1782447877\n|switch|p1a: Darkrai|Darkrai|94/100\n|-damage|p1a: Darkrai|82/100|[from] Stealth Rock\n|turn|28\n|\n|t:|1782447881\n|move|p2a: Dragonite|Extreme Speed|p1a: Darkrai\n|-damage|p1a: Darkrai|0 fnt\n|faint|p1a: Darkrai\n|\n|upkeep\n|\n|t:|1782447884\n|switch|p1a: Hatterene|Hatterene, F|58/100 tox\n|-damage|p1a: Hatterene|46/100 tox|[from] Stealth Rock\n|turn|29\n|\n|t:|1782447888\n|move|p2a: Dragonite|Extreme Speed|p1a: Hatterene\n|-damage|p1a: Hatterene|0 fnt\n|-damage|p2a: Dragonite|69/100|[from] item: Rocky Helmet|[of] p1a: Hatterene\n|faint|p1a: Hatterene\n|\n|win|jogonzal101\n|raw|KevMagnet's rating: 1265 &rarr; <strong>1239</strong><br />(-26 for losing)\n|raw|jogonzal101's rating: 1258 &rarr; <strong>1284</strong><br />(+26 for winning)\n|c|☆jogonzal101|gg\n|c|☆KevMagnet|Gg\n|l|☆jogonzal101\n|player|p2|\n|l|☆KevMagnet\n|player|p1|\n", "uploadtime": 1782448164, "views": 6, "formatid": "gen9ou", "rating": 1239, "private": 0, "password": null}