{"id": "gen9ou-2639211771", "format": "[Gen 9] OU", "players": ["Dripakuma", "thepeakmons"], "log": "|j|☆Dripakuma\n|j|☆thepeakmons\n|t:|1782434804\n|gametype|singles\n|player|p1|Dripakuma|cynthia|1275\n|player|p2|thepeakmons|101|1242\n|gen|9\n|tier|[Gen 9] OU\n|rated|\n|rule|HP Percentage Mod: HP is shown in percentages\n|rule|Endless Battle Clause: Forcing endless battles is banned\n|rule|Species Clause: Limit one of each Pokémon\n|rule|OHKO Clause: OHKO moves are banned\n|rule|Evasion Items Clause: Evasion items are banned\n|rule|Evasion Moves Clause: Evasion moves are banned\n|rule|Evasion Abilities Clause: Evasion abilities are banned\n|rule|Sleep Moves Clause: Sleep-inducing moves are banned\n|clearpoke\n|poke|p1|Lokix, M|\n|poke|p1|Exeggutor-Alola, M|\n|poke|p1|Hydrapple, M|\n|poke|p1|Hoopa-Unbound|\n|poke|p1|Great Tusk|\n|poke|p1|Fezandipiti, M|\n|poke|p2|Dondozo, M|\n|poke|p2|Clodsire, M|\n|poke|p2|Corviknight, M|\n|poke|p2|Slowking-Galar, M|\n|poke|p2|Gholdengo|\n|poke|p2|Garganacl, M|\n|teampreview\n|inactive|Battle timer is ON: inactive players will automatically lose when time's up. (requested by Dripakuma)\n|\n|t:|1782434828\n|teamsize|p1|6\n|teamsize|p2|6\n|start\n|switch|p1a: Lokix|Lokix, M, shiny|100/100\n|switch|p2a: Corviknight|Corviknight, M|100/100\n|-ability|p2a: Corviknight|Pressure\n|turn|1\n|inactive|thepeakmons also wants the timer to be on.\n|inactive|thepeakmons has 120 seconds left.\n|\n|t:|1782434864\n|move|p1a: Lokix|U-turn|p2a: Corviknight\n|-resisted|p2a: Corviknight\n|-damage|p2a: Corviknight|90/100\n|\n|t:|1782434873\n|switch|p1a: Great Tusk|Great Tusk, shiny|100/100|[from] U-turn\n|move|p2a: Corviknight|Brave Bird|p1a: Great Tusk\n|-supereffective|p1a: Great Tusk\n|-damage|p1a: Great Tusk|42/100\n|-damage|p2a: Corviknight|72/100|[from] Recoil\n|\n|upkeep\n|turn|2\n|inactive|thepeakmons has 120 seconds left.\n|\n|t:|1782434893\n|-end|p1a: Great Tusk|Protosynthesis|[silent]\n|switch|p1a: Hydrapple|Hydrapple, M, shiny|100/100\n|move|p2a: Corviknight|Brave Bird|p1a: Hydrapple\n|-supereffective|p1a: Hydrapple\n|-damage|p1a: Hydrapple|56/100\n|-damage|p2a: Corviknight|55/100|[from] item: Rocky Helmet|[of] p1a: Hydrapple\n|-damage|p2a: Corviknight|40/100|[from] Recoil\n|\n|upkeep\n|turn|3\n|\n|t:|1782434908\n|move|p2a: Corviknight|Roost|p2a: Corviknight\n|-heal|p2a: Corviknight|90/100\n|-singleturn|p2a: Corviknight|move: Roost\n|move|p1a: Hydrapple|Recover|p1a: Hydrapple\n|-heal|p1a: Hydrapple|100/100\n|\n|upkeep\n|turn|4\n|\n|t:|1782434914\n|switch|p2a: Slowking|Slowking-Galar, M|100/100\n|move|p1a: Hydrapple|Nasty Plot|p1a: Hydrapple\n|-boost|p1a: Hydrapple|spa|2\n|\n|upkeep\n|turn|5\n|inactive|thepeakmons has 120 seconds left.\n|\n|t:|1782434926\n|move|p1a: Hydrapple|Fickle Beam|p2a: Slowking\n|-damage|p2a: Slowking|59/100\n|move|p2a: Slowking|Ice Beam|p1a: Hydrapple\n|-supereffective|p1a: Hydrapple\n|-damage|p1a: Hydrapple|17/100\n|\n|upkeep\n|turn|6\n|\n|t:|1782434934\n|switch|p1a: Lokix|Lokix, M, shiny|100/100\n|move|p2a: Slowking|Ice Beam|p1a: Lokix\n|-damage|p1a: Lokix|56/100\n|\n|upkeep\n|turn|7\n|\n|t:|1782434943\n|switch|p2a: Corviknight|Corviknight, M|90/100\n|-ability|p2a: Corviknight|Pressure\n|move|p1a: Lokix|Knock Off|p2a: Corviknight\n|-damage|p2a: Corviknight|64/100\n|-enditem|p2a: Corviknight|Heavy-Duty Boots|[from] move: Knock Off|[of] p1a: Lokix\n|\n|upkeep\n|turn|8\n|\n|t:|1782434959\n|move|p1a: Lokix|Knock Off|p2a: Corviknight\n|-crit|p2a: Corviknight\n|-damage|p2a: Corviknight|38/100\n|move|p2a: Corviknight|Brave Bird|p1a: Lokix\n|-supereffective|p1a: Lokix\n|-damage|p1a: Lokix|0 fnt\n|faint|p1a: Lokix\n|-damage|p2a: Corviknight|25/100|[from] Recoil\n|\n|upkeep\n|\n|t:|1782434964\n|switch|p1a: Hydrapple|Hydrapple, M, shiny|50/100\n|turn|9\n|\n|t:|1782434978\n|switch|p1a: Fezandipiti|Fezandipiti, M|100/100\n|move|p2a: Corviknight|Roost|p2a: Corviknight\n|-heal|p2a: Corviknight|75/100\n|-singleturn|p2a: Corviknight|move: Roost\n|\n|upkeep\n|turn|10\n|\n|t:|1782434990\n|move|p1a: Fezandipiti|Nasty Plot|p1a: Fezandipiti\n|-boost|p1a: Fezandipiti|spa|2\n|move|p2a: Corviknight|Brave Bird|p1a: Fezandipiti\n|-damage|p1a: Fezandipiti|54/100\n|-damage|p2a: Corviknight|63/100|[from] Recoil\n|\n|-heal|p1a: Fezandipiti|60/100|[from] item: Leftovers\n|upkeep\n|turn|11\n|\n|t:|1782435005\n|switch|p2a: Gholdengo|Gholdengo|100/100\n|move|p1a: Fezandipiti|Heat Wave|p2a: Gholdengo\n|-supereffective|p2a: Gholdengo\n|-damage|p2a: Gholdengo|30/100\n|-status|p2a: Gholdengo|brn\n|\n|-heal|p1a: Fezandipiti|66/100|[from] item: Leftovers\n|-damage|p2a: Gholdengo|24/100 brn|[from] brn\n|upkeep\n|turn|12\n|\n|t:|1782435020\n|switch|p1a: Hoopa|Hoopa-Unbound|100/100\n|switch|p2a: Clodsire|Clodsire, M|100/100\n|\n|upkeep\n|turn|13\n|\n|t:|1782435035\n|move|p1a: Hoopa|Knock Off|p2a: Clodsire\n|-damage|p2a: Clodsire|12/100\n|-enditem|p2a: Clodsire|Heavy-Duty Boots|[from] move: Knock Off|[of] p1a: Hoopa\n|-damage|p1a: Hoopa|91/100|[from] item: Life Orb\n|move|p2a: Clodsire|Toxic|p1a: Hoopa\n|-status|p1a: Hoopa|tox\n|\n|-damage|p1a: Hoopa|85/100 tox|[from] psn\n|upkeep\n|turn|14\n|inactive|thepeakmons has 120 seconds left.\n|\n|t:|1782435056\n|switch|p2a: Corviknight|Corviknight, M|63/100\n|-ability|p2a: Corviknight|Pressure\n|move|p1a: Hoopa|Hyperspace Fury|p2a: Corviknight\n|-damage|p2a: Corviknight|15/100\n|-unboost|p1a: Hoopa|def|1\n|-damage|p1a: Hoopa|75/100 tox|[from] item: Life Orb\n|\n|-damage|p1a: Hoopa|63/100 tox|[from] psn\n|upkeep\n|turn|15\n|inactive|thepeakmons has 120 seconds left.\n|\n|t:|1782435076\n|move|p1a: Hoopa|Knock Off|p2a: Corviknight\n|-damage|p2a: Corviknight|0 fnt\n|faint|p2a: Corviknight\n|-damage|p1a: Hoopa|53/100 tox|[from] item: Life Orb\n|\n|-damage|p1a: Hoopa|35/100 tox|[from] psn\n|upkeep\n|\n|t:|1782435084\n|switch|p2a: Gholdengo|Gholdengo|24/100 brn\n|turn|16\n|\n|t:|1782435095\n|switch|p2a: Clodsire|Clodsire, M|12/100\n|switch|p1a: Exeggutor|Exeggutor-Alola, M, shiny|100/100\n|\n|upkeep\n|turn|17\n|inactive|thepeakmons has 120 seconds left.\n|\n|t:|1782435106\n|switch|p2a: Slowking|Slowking-Galar, M|92/100\n|move|p1a: Exeggutor|Substitute|p1a: Exeggutor\n|-start|p1a: Exeggutor|Substitute\n|-damage|p1a: Exeggutor|75/100\n|\n|upkeep\n|turn|18\n|inactive|thepeakmons has 120 seconds left.\n|\n|t:|1782435126\n|move|p1a: Exeggutor|Calm Mind|p1a: Exeggutor\n|-boost|p1a: Exeggutor|spa|1\n|-boost|p1a: Exeggutor|spd|1\n|move|p2a: Slowking|Ice Beam|p1a: Exeggutor\n|-supereffective|p1a: Exeggutor\n|-end|p1a: Exeggutor|Substitute\n|\n|upkeep\n|turn|19\n|\n|t:|1782435141\n|move|p1a: Exeggutor|Calm Mind|p1a: Exeggutor\n|-boost|p1a: Exeggutor|spa|1\n|-boost|p1a: Exeggutor|spd|1\n|move|p2a: Slowking|Ice Beam|p1a: Exeggutor\n|-supereffective|p1a: Exeggutor\n|-damage|p1a: Exeggutor|24/100\n|-enditem|p1a: Exeggutor|Sitrus Berry|[eat]\n|-heal|p1a: Exeggutor|49/100|[from] item: Sitrus Berry\n|\n|-item|p1a: Exeggutor|Sitrus Berry|[from] ability: Harvest\n|upkeep\n|-enditem|p1a: Exeggutor|Sitrus Berry|[eat]\n|-heal|p1a: Exeggutor|74/100|[from] item: Sitrus Berry\n|turn|20\n|\n|t:|1782435169\n|move|p1a: Exeggutor|Calm Mind|p1a: Exeggutor\n|-boost|p1a: Exeggutor|spa|1\n|-boost|p1a: Exeggutor|spd|1\n|move|p2a: Slowking|Ice Beam|p1a: Exeggutor\n|-supereffective|p1a: Exeggutor\n|-damage|p1a: Exeggutor|37/100\n|\n|upkeep\n|turn|21\n|inactive|thepeakmons has 90 seconds left.\n|\n|t:|1782435185\n|move|p1a: Exeggutor|Substitute|p1a: Exeggutor\n|-start|p1a: Exeggutor|Substitute\n|-damage|p1a: Exeggutor|12/100\n|move|p2a: Slowking|Sludge Bomb|p1a: Exeggutor\n|-supereffective|p1a: Exeggutor\n|-end|p1a: Exeggutor|Substitute\n|\n|-item|p1a: Exeggutor|Sitrus Berry|[from] ability: Harvest\n|upkeep\n|-enditem|p1a: Exeggutor|Sitrus Berry|[eat]\n|-heal|p1a: Exeggutor|37/100|[from] item: Sitrus Berry\n|turn|22\n|inactive|thepeakmons has 90 seconds left.\n|\n|t:|1782435224\n|-terastallize|p1a: Exeggutor|Fire\n|move|p1a: Exeggutor|Substitute|p1a: Exeggutor\n|-start|p1a: Exeggutor|Substitute\n|-damage|p1a: Exeggutor|12/100\n|move|p2a: Slowking|Sludge Bomb|p1a: Exeggutor\n|-activate|p1a: Exeggutor|move: Substitute|[damage]\n|\n|upkeep\n|turn|23\n|inactive|thepeakmons has 60 seconds left.\n|\n|t:|1782435240\n|move|p1a: Exeggutor|Calm Mind|p1a: Exeggutor\n|-boost|p1a: Exeggutor|spa|1\n|-boost|p1a: Exeggutor|spd|1\n|move|p2a: Slowking|Future Sight|p1a: Exeggutor\n|-start|p2a: Slowking|move: Future Sight\n|\n|upkeep\n|turn|24\n|inactive|thepeakmons has 60 seconds left.\n|\n|t:|1782435252\n|switch|p2a: Clodsire|Clodsire, M|12/100\n|move|p1a: Exeggutor|Giga Drain|p2a: Clodsire\n|-damage|p2a: Clodsire|0 fnt\n|-heal|p1a: Exeggutor|19/100|[from] drain|[of] p2a: Clodsire\n|faint|p2a: Clodsire\n|\n|upkeep\n|inactive|thepeakmons has 60 seconds left.\n|\n|t:|1782435260\n|switch|p2a: Garganacl|Garganacl, M|100/100\n|turn|25\n|inactive|thepeakmons has 60 seconds left.\n|\n|t:|1782435271\n|move|p2a: Garganacl|Protect|p2a: Garganacl\n|-singleturn|p2a: Garganacl|Protect\n|move|p1a: Exeggutor|Giga Drain|p2a: Garganacl\n|-activate|p2a: Garganacl|move: Protect\n|\n|-end|p1a: Exeggutor|move: Future Sight\n|-end|p1a: Exeggutor|Substitute\n|-item|p1a: Exeggutor|Sitrus Berry|[from] ability: Harvest\n|upkeep\n|-enditem|p1a: Exeggutor|Sitrus Berry|[eat]\n|-heal|p1a: Exeggutor|44/100|[from] item: Sitrus Berry\n|turn|26\n|\n|t:|1782435280\n|switch|p2a: Slowking|Slowking-Galar, M|100/100\n|move|p1a: Exeggutor|Giga Drain|p2a: Slowking\n|-resisted|p2a: Slowking\n|-damage|p2a: Slowking|73/100\n|-heal|p1a: Exeggutor|58/100|[from] drain|[of] p2a: Slowking\n|\n|-item|p1a: Exeggutor|Sitrus Berry|[from] ability: Harvest\n|upkeep\n|turn|27\n|\n|t:|1782435291\n|switch|p2a: Dondozo|Dondozo, M|100/100\n|move|p1a: Exeggutor|Substitute|p1a: Exeggutor\n|-start|p1a: Exeggutor|Substitute\n|-damage|p1a: Exeggutor|33/100\n|-enditem|p1a: Exeggutor|Sitrus Berry|[eat]\n|-heal|p1a: Exeggutor|58/100|[from] item: Sitrus Berry\n|\n|-item|p1a: Exeggutor|Sitrus Berry|[from] ability: Harvest\n|upkeep\n|turn|28\n|\n|t:|1782435298\n|switch|p2a: Slowking|Slowking-Galar, M|100/100\n|move|p1a: Exeggutor|Giga Drain|p2a: Slowking\n|-resisted|p2a: Slowking\n|-damage|p2a: Slowking|71/100\n|-heal|p1a: Exeggutor|72/100|[from] drain|[of] p2a: Slowking\n|\n|upkeep\n|turn|29\n|\n|t:|1782435312\n|switch|p2a: Gholdengo|Gholdengo|24/100 brn\n|move|p1a: Exeggutor|Calm Mind|p1a: Exeggutor\n|-boost|p1a: Exeggutor|spa|1\n|-boost|p1a: Exeggutor|spd|1\n|\n|-damage|p2a: Gholdengo|17/100 brn|[from] brn\n|upkeep\n|turn|30\n|\n|t:|1782435320\n|switch|p2a: Slowking|Slowking-Galar, M|100/100\n|move|p1a: Exeggutor|Calm Mind|p1a: Exeggutor\n|-boost|p1a: Exeggutor|spa|1\n|-boost|p1a: Exeggutor|spd|1\n|\n|upkeep\n|turn|31\n|\n|t:|1782435334\n|switch|p2a: Dondozo|Dondozo, M|100/100\n|move|p1a: Exeggutor|Giga Drain|p2a: Dondozo\n|-supereffective|p2a: Dondozo\n|-damage|p2a: Dondozo|39/100\n|-heal|p1a: Exeggutor|100/100|[from] drain|[of] p2a: Dondozo\n|\n|upkeep\n|turn|32\n|\n|t:|1782435355\n|switch|p2a: Gholdengo|Gholdengo|17/100 brn\n|move|p1a: Exeggutor|Giga Drain|p2a: Gholdengo\n|-resisted|p2a: Gholdengo\n|-damage|p2a: Gholdengo|0 fnt\n|faint|p2a: Gholdengo\n|\n|upkeep\n|inactive|thepeakmons has 60 seconds left.\n|\n|t:|1782435368\n|switch|p2a: Slowking|Slowking-Galar, M|100/100\n|turn|33\n|\n|t:|1782435375\n|move|p1a: Exeggutor|Giga Drain|p2a: Slowking\n|-resisted|p2a: Slowking\n|-damage|p2a: Slowking|62/100\n|-prepare|p2a: Slowking|Chilly Reception|[premajor]\n|move|p2a: Slowking|Chilly Reception|p2a: Slowking\n|-weather|Snowscape\n|\n|t:|1782435383\n|switch|p2a: Garganacl|Garganacl, M|100/100|[from] Chilly Reception\n|\n|-weather|Snowscape|[upkeep]\n|upkeep\n|turn|34\n|\n|t:|1782435393\n|switch|p2a: Slowking|Slowking-Galar, M|95/100\n|move|p1a: Exeggutor|Flamethrower|p2a: Slowking\n|-damage|p2a: Slowking|8/100\n|\n|-weather|Snowscape|[upkeep]\n|upkeep\n|turn|35\n|\n|t:|1782435400\n|switch|p2a: Dondozo|Dondozo, M|39/100\n|move|p1a: Exeggutor|Flamethrower|p2a: Dondozo\n|-resisted|p2a: Dondozo\n|-damage|p2a: Dondozo|22/100\n|\n|-weather|Snowscape|[upkeep]\n|upkeep\n|turn|36\n|\n|t:|1782435410\n|switch|p2a: Garganacl|Garganacl, M|100/100\n|move|p1a: Exeggutor|Giga Drain|p2a: Garganacl\n|-supereffective|p2a: Garganacl\n|-damage|p2a: Garganacl|0 fnt\n|faint|p2a: Garganacl\n|\n|-weather|Snowscape|[upkeep]\n|upkeep\n|c|☆Dripakuma|Son😭😭😭😭\n|\n|t:|1782435422\n|switch|p2a: Dondozo|Dondozo, M|22/100\n|turn|37\n|\n|t:|1782435440\n|switch|p2a: Slowking|Slowking-Galar, M|41/100\n|move|p1a: Exeggutor|Giga Drain|p2a: Slowking\n|-resisted|p2a: Slowking\n|-damage|p2a: Slowking|4/100\n|\n|-weather|none\n|upkeep\n|turn|38\n|\n|t:|1782435452\n|switch|p2a: Dondozo|Dondozo, M|22/100\n|move|p1a: Exeggutor|Giga Drain|p2a: Dondozo\n|-supereffective|p2a: Dondozo\n|-damage|p2a: Dondozo|0 fnt\n|faint|p2a: Dondozo\n|\n|upkeep\n|c|☆Dripakuma|🥱\n|inactive|thepeakmons has 60 seconds left.\n|\n|t:|1782435463\n|switch|p2a: Slowking|Slowking-Galar, M|37/100\n|turn|39\n|inactive|thepeakmons has 60 seconds left.\n|\n|t:|1782435473\n|switch|p1a: Hoopa|Hoopa-Unbound|35/100 tox\n|move|p2a: Slowking|Sludge Bomb|p1a: Hoopa\n|-damage|p1a: Hoopa|4/100 tox\n|\n|-damage|p1a: Hoopa|0 fnt|[from] psn\n|faint|p1a: Hoopa\n|upkeep\n|\n|t:|1782435479\n|switch|p1a: Fezandipiti|Fezandipiti, M|66/100\n|turn|40\n|inactive|thepeakmons has 60 seconds left.\n|\n|t:|1782435496\n|move|p1a: Fezandipiti|U-turn|p2a: Slowking\n|-damage|p2a: Slowking|23/100\n|\n|t:|1782435501\n|switch|p1a: Great Tusk|Great Tusk, shiny|42/100|[from] U-turn\n|move|p2a: Slowking|Ice Beam|p1a: Great Tusk\n|-supereffective|p1a: Great Tusk\n|-damage|p1a: Great Tusk|0 fnt\n|faint|p1a: Great Tusk\n|-end|p1a: Great Tusk|Protosynthesis|[silent]\n|\n|upkeep\n|\n|t:|1782435508\n|switch|p1a: Hydrapple|Hydrapple, M, shiny|83/100\n|turn|41\n|\n|t:|1782435521\n|move|p1a: Hydrapple|Fickle Beam|p2a: Slowking|[anim] Fickle Beam All Out\n|-activate|p1a: Hydrapple|move: Fickle Beam\n|-damage|p2a: Slowking|0 fnt\n|faint|p2a: Slowking\n|\n|win|Dripakuma\n|raw|Dripakuma's rating: 1254 &rarr; <strong>1278</strong><br />(+24 for winning)\n|raw|thepeakmons's rating: 1239 &rarr; <strong>1215</strong><br />(-24 for losing)\n|l|☆Dripakuma\n|player|p1|\n|l|☆thepeakmons\n|player|p2|\n", "uploadtime": 1782435522, "views": 12, "formatid": "gen9ou", "rating": 1215, "private": 0, "password": null}