{"id": "gen9ou-2639286453", "format": "[Gen 9] OU", "players": ["akemi0", "Yvonne348"], "log": "|j|☆akemi0\n|j|☆Yvonne348\n|t:|1782446108\n|gametype|singles\n|player|p1|akemi0|cynthia|1000\n|player|p2|Yvonne348|dahlia|1025\n|gen|9\n|tier|[Gen 9] OU\n|rated|\n|rule|HP Percentage Mod: HP is shown in percentages\n|rule|Endless Battle Clause: Forcing endless battles is banned\n|rule|Species Clause: Limit one of each Pokémon\n|rule|OHKO Clause: OHKO moves are banned\n|rule|Evasion Items Clause: Evasion items are banned\n|rule|Evasion Moves Clause: Evasion moves are banned\n|rule|Evasion Abilities Clause: Evasion abilities are banned\n|rule|Sleep Moves Clause: Sleep-inducing moves are banned\n|clearpoke\n|poke|p1|Great Tusk|\n|poke|p1|Walking Wake|\n|poke|p1|Ninetales, F|\n|poke|p1|Venusaur, F|\n|poke|p1|Cresselia, F|\n|poke|p1|Raging Bolt|\n|poke|p2|Ninetales, F|\n|poke|p2|Torkoal, M|\n|poke|p2|Cinderace, M|\n|poke|p2|Walking Wake|\n|poke|p2|Venusaur, M|\n|poke|p2|Lilligant-Hisui, F|\n|teampreview\n|\n|t:|1782446117\n|teamsize|p1|6\n|teamsize|p2|6\n|start\n|switch|p1a: Walking Wake|Walking Wake|100/100\n|switch|p2a: Torkoal|Torkoal, M, shiny|100/100\n|-weather|SunnyDay|[from] ability: Drought|[of] p2a: Torkoal\n|-activate|p1a: Walking Wake|ability: Protosynthesis\n|-start|p1a: Walking Wake|protosynthesisspe\n|turn|1\n|\n|t:|1782446126\n|move|p1a: Walking Wake|Hydro Steam|p2a: Torkoal\n|-supereffective|p2a: Torkoal\n|-damage|p2a: Torkoal|0 fnt\n|faint|p2a: Torkoal\n|\n|-weather|SunnyDay|[upkeep]\n|upkeep\n|\n|t:|1782446133\n|switch|p2a: Lilligant|Lilligant-Hisui, F, shiny|100/100\n|turn|2\n|\n|t:|1782446142\n|-end|p1a: Walking Wake|Protosynthesis|[silent]\n|switch|p1a: Cresselia|Cresselia, F|100/100\n|move|p2a: Lilligant|Victory Dance|p2a: Lilligant\n|-boost|p2a: Lilligant|atk|1\n|-boost|p2a: Lilligant|def|1\n|-boost|p2a: Lilligant|spe|1\n|\n|-weather|SunnyDay|[upkeep]\n|upkeep\n|turn|3\n|\n|t:|1782446147\n|move|p2a: Lilligant|Victory Dance|p2a: Lilligant\n|-boost|p2a: Lilligant|atk|1\n|-boost|p2a: Lilligant|def|1\n|-boost|p2a: Lilligant|spe|1\n|move|p1a: Cresselia|Ice Beam|p2a: Lilligant\n|-supereffective|p2a: Lilligant\n|-damage|p2a: Lilligant|48/100\n|\n|-weather|SunnyDay|[upkeep]\n|upkeep\n|turn|4\n|\n|t:|1782446155\n|move|p2a: Lilligant|Leaf Blade|p1a: Cresselia\n|-damage|p1a: Cresselia|57/100\n|-enditem|p1a: Cresselia|Eject Button\n|\n|t:|1782446163\n|switch|p1a: Venusaur|Venusaur, F|100/100\n|\n|-weather|SunnyDay|[upkeep]\n|upkeep\n|turn|5\n|\n|t:|1782446167\n|move|p2a: Lilligant|Ice Spinner|p1a: Venusaur\n|-supereffective|p1a: Venusaur\n|-damage|p1a: Venusaur|0 fnt\n|faint|p1a: Venusaur\n|\n|-weather|SunnyDay|[upkeep]\n|upkeep\n|\n|t:|1782446170\n|switch|p1a: Cresselia|Cresselia, F|57/100\n|turn|6\n|\n|t:|1782446177\n|move|p2a: Lilligant|Leaf Blade|p1a: Cresselia\n|-crit|p1a: Cresselia\n|-damage|p1a: Cresselia|0 fnt\n|faint|p1a: Cresselia\n|\n|-weather|SunnyDay|[upkeep]\n|upkeep\n|\n|t:|1782446183\n|switch|p1a: Raging Bolt|Raging Bolt|100/100\n|-activate|p1a: Raging Bolt|ability: Protosynthesis\n|-start|p1a: Raging Bolt|protosynthesisspa\n|turn|7\n|\n|t:|1782446189\n|move|p1a: Raging Bolt|Thunderclap|p2a: Lilligant\n|-resisted|p2a: Lilligant\n|-damage|p2a: Lilligant|7/100\n|-enditem|p2a: Lilligant|Salac Berry|[eat]\n|-boost|p2a: Lilligant|spe|1|[from] item: Salac Berry\n|move|p2a: Lilligant|Ice Spinner|p1a: Raging Bolt\n|-supereffective|p1a: Raging Bolt\n|-damage|p1a: Raging Bolt|0 fnt\n|faint|p1a: Raging Bolt\n|-end|p1a: Raging Bolt|Protosynthesis|[silent]\n|\n|-weather|SunnyDay|[upkeep]\n|upkeep\n|\n|t:|1782446193\n|switch|p1a: Great Tusk|Great Tusk|100/100\n|-activate|p1a: Great Tusk|ability: Protosynthesis\n|-start|p1a: Great Tusk|protosynthesisatk\n|turn|8\n|\n|t:|1782446203\n|move|p2a: Lilligant|Leaf Blade|p1a: Great Tusk\n|-supereffective|p1a: Great Tusk\n|-damage|p1a: Great Tusk|0 fnt\n|faint|p1a: Great Tusk\n|-end|p1a: Great Tusk|Protosynthesis|[silent]\n|\n|-weather|none\n|upkeep\n|-message|akemi0 forfeited.\n|\n|win|Yvonne348\n|raw|akemi0's rating: 1000 &rarr; <strong>1000</strong><br />(+0 for losing)\n|raw|Yvonne348's rating: 1025 &rarr; <strong>1059</strong><br />(+34 for winning)\n|l|☆akemi0\n|player|p1|\n", "uploadtime": 1782446244, "views": 11, "formatid": "gen9ou", "rating": 1000, "private": 0, "password": null}