{"id": "gen9ou-2639306346", "format": "[Gen 9] OU", "players": ["v9PandaSama", "donquixote_rossi"], "log": "|j|☆v9PandaSama\n|j|☆donquixote_rossi\n|t:|1782449795\n|gametype|singles\n|player|p1|v9PandaSama|n|1092\n|player|p2|donquixote_rossi|2|1165\n|gen|9\n|tier|[Gen 9] OU\n|rated|\n|rule|HP Percentage Mod: HP is shown in percentages\n|rule|Endless Battle Clause: Forcing endless battles is banned\n|rule|Species Clause: Limit one of each Pokémon\n|rule|OHKO Clause: OHKO moves are banned\n|rule|Evasion Items Clause: Evasion items are banned\n|rule|Evasion Moves Clause: Evasion moves are banned\n|rule|Evasion Abilities Clause: Evasion abilities are banned\n|rule|Sleep Moves Clause: Sleep-inducing moves are banned\n|clearpoke\n|poke|p1|Garchomp, M|\n|poke|p1|Zoroark-Hisui, F|\n|poke|p1|Amoonguss, M|\n|poke|p1|Primarina, M|\n|poke|p1|Scizor, F|\n|poke|p1|Umbreon, F|\n|poke|p2|Blaziken, M|\n|poke|p2|Glimmora, F|\n|poke|p2|Regieleki|\n|poke|p2|Serperior, F|\n|poke|p2|Dragonite, F|\n|poke|p2|Polteageist-Antique|\n|teampreview\n|\n|t:|1782449807\n|teamsize|p1|6\n|teamsize|p2|6\n|start\n|switch|p1a: Primarina|Primarina, M|100/100\n|switch|p2a: Glimmora|Glimmora, F|100/100\n|turn|1\n|\n|t:|1782449815\n|move|p1a: Primarina|Nasty Plot|p1a: Primarina\n|-boost|p1a: Primarina|spa|2\n|move|p2a: Glimmora|Stealth Rock|p1a: Primarina\n|-sidestart|p1: v9PandaSama|move: Stealth Rock\n|\n|upkeep\n|turn|2\n|\n|t:|1782449825\n|move|p1a: Primarina|Hyper Voice|p2a: Glimmora\n|-resisted|p2a: Glimmora\n|-damage|p2a: Glimmora|22/100\n|-damage|p1a: Primarina|91/100|[from] item: Life Orb\n|move|p2a: Glimmora|Mortal Spin|p1a: Primarina\n|-resisted|p1a: Primarina\n|-damage|p1a: Primarina|84/100\n|-status|p1a: Primarina|psn\n|replace|p1a: Zoroark|Zoroark-Hisui, F, shiny\n|-end|p1a: Zoroark|Illusion\n|\n|-damage|p1a: Zoroark|72/100 psn|[from] psn\n|upkeep\n|turn|3\n|\n|t:|1782449840\n|switch|p2a: Polteageist|Polteageist-Antique|100/100\n|move|p1a: Zoroark|Bitter Malice|p2a: Polteageist\n|-supereffective|p2a: Polteageist\n|-enditem|p2a: Polteageist|Focus Sash\n|-damage|p2a: Polteageist|1/100\n|-unboost|p2a: Polteageist|atk|1\n|-damage|p1a: Zoroark|62/100 psn|[from] item: Life Orb\n|\n|-damage|p1a: Zoroark|50/100 psn|[from] psn\n|upkeep\n|turn|4\n|\n|t:|1782449854\n|move|p2a: Polteageist|Endure|p2a: Polteageist\n|-singleturn|p2a: Polteageist|move: Endure\n|move|p1a: Zoroark|Bitter Malice|p2a: Polteageist\n|-supereffective|p2a: Polteageist\n|-activate|p2a: Polteageist|move: Endure\n|-damage|p2a: Polteageist|1/100\n|-unboost|p2a: Polteageist|atk|1\n|-damage|p1a: Zoroark|40/100 psn|[from] item: Life Orb\n|\n|-damage|p1a: Zoroark|27/100 psn|[from] psn\n|upkeep\n|turn|5\n|\n|t:|1782449867\n|move|p2a: Polteageist|Endure||[still]\n|-fail|p2a: Polteageist\n|move|p1a: Zoroark|Bitter Malice|p2a: Polteageist\n|-supereffective|p2a: Polteageist\n|-crit|p2a: Polteageist\n|-damage|p2a: Polteageist|0 fnt\n|faint|p2a: Polteageist\n|-damage|p1a: Zoroark|17/100 psn|[from] item: Life Orb\n|\n|-damage|p1a: Zoroark|5/100 psn|[from] psn\n|upkeep\n|\n|t:|1782449886\n|switch|p2a: Regieleki|Regieleki|100/100\n|turn|6\n|\n|t:|1782449889\n|move|p2a: Regieleki|Volt Switch|p1a: Zoroark\n|-damage|p1a: Zoroark|0 fnt\n|faint|p1a: Zoroark\n|\n|t:|1782449894\n|switch|p2a: Glimmora|Glimmora, F|22/100|[from] Volt Switch\n|\n|upkeep\n|\n|t:|1782449896\n|switch|p1a: Scizor|Scizor, F|100/100\n|turn|7\n|\n|t:|1782449903\n|move|p2a: Glimmora|Earth Power|p1a: Scizor\n|-damage|p1a: Scizor|57/100\n|move|p1a: Scizor|Defog|p2a: Glimmora\n|-unboost|p2a: Glimmora|evasion|1\n|-sideend|p1: v9PandaSama|Stealth Rock|[from] move: Defog|[of] p1a: Scizor\n|\n|upkeep\n|turn|8\n|\n|t:|1782449910\n|move|p1a: Scizor|Bullet Punch|p2a: Glimmora\n|-supereffective|p2a: Glimmora\n|-damage|p2a: Glimmora|0 fnt\n|-activate|p2a: Glimmora|ability: Toxic Debris\n|-sidestart|p1: v9PandaSama|move: Toxic Spikes\n|faint|p2a: Glimmora\n|\n|upkeep\n|\n|t:|1782449918\n|switch|p2a: Blaziken|Blaziken, M|100/100\n|turn|9\n|\n|t:|1782449923\n|switch|p1a: Amoonguss|Amoonguss, M, shiny|100/100\n|-sideend|p1: v9PandaSama|move: Toxic Spikes|[of] p1a: Amoonguss\n|move|p2a: Blaziken|Aura Sphere|p1a: Amoonguss\n|-resisted|p1a: Amoonguss\n|-damage|p1a: Amoonguss|88/100\n|\n|-heal|p1a: Amoonguss|94/100|[from] item: Black Sludge\n|-ability|p2a: Blaziken|Speed Boost|boost\n|-boost|p2a: Blaziken|spe|1\n|upkeep\n|turn|10\n|\n|t:|1782449930\n|switch|p2a: Serperior|Serperior, F|100/100\n|move|p1a: Amoonguss|Toxic|p2a: Serperior\n|-status|p2a: Serperior|tox\n|\n|-heal|p1a: Amoonguss|99/100|[from] item: Black Sludge\n|-damage|p2a: Serperior|94/100 tox|[from] psn\n|upkeep\n|turn|11\n|\n|t:|1782449943\n|move|p2a: Serperior|Glare|p1a: Amoonguss\n|-status|p1a: Amoonguss|par\n|move|p1a: Amoonguss|Sludge Bomb|p2a: Serperior\n|-supereffective|p2a: Serperior\n|-damage|p2a: Serperior|28/100 tox\n|\n|-heal|p2a: Serperior|35/100 tox|[from] item: Leftovers\n|-heal|p1a: Amoonguss|100/100 par|[from] item: Black Sludge\n|-damage|p2a: Serperior|22/100 tox|[from] psn\n|upkeep\n|turn|12\n|\n|t:|1782449956\n|switch|p2a: Blaziken|Blaziken, M|100/100\n|move|p1a: Amoonguss|Protect||[still]\n|-fail|p1a: Amoonguss\n|\n|upkeep\n|turn|13\n|\n|t:|1782449966\n|move|p2a: Blaziken|Overheat|p1a: Amoonguss\n|-supereffective|p1a: Amoonguss\n|-crit|p1a: Amoonguss\n|-damage|p1a: Amoonguss|0 fnt\n|-unboost|p2a: Blaziken|spa|2\n|faint|p1a: Amoonguss\n|\n|-ability|p2a: Blaziken|Speed Boost|boost\n|-boost|p2a: Blaziken|spe|1\n|upkeep\n|\n|t:|1782449970\n|switch|p1a: Garchomp|Garchomp, M|100/100\n|turn|14\n|\n|t:|1782449980\n|switch|p2a: Dragonite|Dragonite, F|100/100\n|move|p1a: Garchomp|Swords Dance|p1a: Garchomp\n|-boost|p1a: Garchomp|atk|2\n|\n|upkeep\n|turn|15\n|\n|t:|1782449988\n|move|p1a: Garchomp|Dragon Claw|p2a: Dragonite\n|-supereffective|p2a: Dragonite\n|-damage|p2a: Dragonite|21/100\n|move|p2a: Dragonite|Dragon Dance|p2a: Dragonite\n|-boost|p2a: Dragonite|atk|1\n|-boost|p2a: Dragonite|spe|1\n|\n|upkeep\n|turn|16\n|\n|t:|1782449995\n|move|p2a: Dragonite|Ice Spinner|p1a: Garchomp\n|-supereffective|p1a: Garchomp\n|-damage|p1a: Garchomp|0 fnt\n|-damage|p2a: Dragonite|8/100|[from] ability: Rough Skin|[of] p1a: Garchomp\n|faint|p1a: Garchomp\n|\n|upkeep\n|\n|t:|1782450000\n|switch|p1a: Scizor|Scizor, F|57/100\n|turn|17\n|\n|t:|1782450006\n|move|p2a: Dragonite|Extreme Speed|p1a: Scizor\n|-resisted|p1a: Scizor\n|-damage|p1a: Scizor|39/100\n|move|p1a: Scizor|Bullet Punch|p2a: Dragonite\n|-damage|p2a: Dragonite|0 fnt\n|faint|p2a: Dragonite\n|\n|upkeep\n|\n|t:|1782450014\n|switch|p2a: Regieleki|Regieleki|100/100\n|turn|18\n|\n|t:|1782450021\n|move|p1a: Scizor|Bullet Punch|p2a: Regieleki\n|-resisted|p2a: Regieleki\n|-damage|p2a: Regieleki|69/100\n|move|p2a: Regieleki|Thunder Wave|p1a: Scizor\n|-status|p1a: Scizor|par\n|\n|upkeep\n|turn|19\n|\n|t:|1782450030\n|move|p2a: Regieleki|Thunderbolt|p1a: Scizor\n|-damage|p1a: Scizor|0 fnt\n|faint|p1a: Scizor\n|\n|upkeep\n|\n|t:|1782450033\n|switch|p1a: Umbreon|Umbreon, F, shiny|100/100\n|turn|20\n|\n|t:|1782450038\n|move|p2a: Regieleki|Thunder Wave|p1a: Umbreon\n|-status|p1a: Umbreon|par\n|-activate|p1a: Umbreon|ability: Synchronize\n|-immune|p2a: Regieleki\n|move|p1a: Umbreon|Foul Play|p2a: Regieleki\n|-damage|p2a: Regieleki|13/100\n|\n|upkeep\n|turn|21\n|\n|t:|1782450049\n|move|p2a: Regieleki|Volt Switch|p1a: Umbreon\n|-damage|p1a: Umbreon|66/100 par\n|\n|t:|1782450053\n|switch|p2a: Serperior|Serperior, F|22/100 tox|[from] Volt Switch\n|move|p1a: Umbreon|Foul Play|p2a: Serperior\n|-damage|p2a: Serperior|0 fnt\n|faint|p2a: Serperior\n|\n|upkeep\n|\n|t:|1782450061\n|switch|p2a: Blaziken|Blaziken, M|100/100\n|turn|22\n|\n|t:|1782450065\n|switch|p1a: Primarina|Primarina, M|100/100\n|move|p2a: Blaziken|Focus Energy|p2a: Blaziken\n|-start|p2a: Blaziken|move: Focus Energy\n|\n|-ability|p2a: Blaziken|Speed Boost|boost\n|-boost|p2a: Blaziken|spe|1\n|upkeep\n|turn|23\n|\n|t:|1782450075\n|-terastallize|p2a: Blaziken|Flying\n|move|p2a: Blaziken|Overheat|p1a: Primarina\n|-resisted|p1a: Primarina\n|-crit|p1a: Primarina\n|-damage|p1a: Primarina|75/100\n|-unboost|p2a: Blaziken|spa|2\n|move|p1a: Primarina|Hyper Voice|p2a: Blaziken\n|-damage|p2a: Blaziken|23/100\n|\n|-ability|p2a: Blaziken|Speed Boost|boost\n|-boost|p2a: Blaziken|spe|1\n|upkeep\n|turn|24\n|\n|t:|1782450089\n|move|p2a: Blaziken|Overheat|p1a: Primarina\n|-resisted|p1a: Primarina\n|-crit|p1a: Primarina\n|-damage|p1a: Primarina|50/100\n|-unboost|p2a: Blaziken|spa|2\n|move|p1a: Primarina|Draining Kiss|p2a: Blaziken\n|-damage|p2a: Blaziken|0 fnt\n|-heal|p1a: Primarina|66/100|[from] drain|[of] p2a: Blaziken\n|faint|p2a: Blaziken\n|\n|upkeep\n|\n|t:|1782450100\n|switch|p2a: Regieleki|Regieleki|13/100\n|turn|25\n|\n|t:|1782450103\n|switch|p1a: Umbreon|Umbreon, F, shiny|66/100 par\n|move|p2a: Regieleki|Thunderbolt|p1a: Umbreon\n|-damage|p1a: Umbreon|28/100 par\n|\n|upkeep\n|turn|26\n|\n|t:|1782450118\n|move|p2a: Regieleki|Thunderbolt|p1a: Umbreon\n|-damage|p1a: Umbreon|0 fnt\n|faint|p1a: Umbreon\n|\n|upkeep\n|inactive|Battle timer is ON: inactive players will automatically lose when time's up. (requested by donquixote_rossi)\n|\n|t:|1782450120\n|switch|p1a: Primarina|Primarina, M|66/100\n|turn|27\n|\n|t:|1782450125\n|move|p2a: Regieleki|Thunderbolt|p1a: Primarina\n|-supereffective|p1a: Primarina\n|-damage|p1a: Primarina|5/100\n|move|p1a: Primarina|Moonblast|p2a: Regieleki\n|-damage|p2a: Regieleki|0 fnt\n|faint|p2a: Regieleki\n|\n|win|v9PandaSama\n|raw|v9PandaSama's rating: 1092 &rarr; <strong>1124</strong><br />(+32 for winning)\n|raw|donquixote_rossi's rating: 1165 &rarr; <strong>1135</strong><br />(-30 for losing)\n|l|☆v9PandaSama\n|player|p1|\n|l|☆donquixote_rossi\n|player|p2|\n", "uploadtime": 1782450451, "views": 3, "formatid": "gen9ou", "rating": 1124, "private": 0, "password": null}