{"id": "gen9ou-2647816693", "format": "[Gen 9] OU", "players": ["CranberryHabits", "smhomepage"], "log": "|j|☆CranberryHabits\n|j|☆smhomepage\n|t:|1783817677\n|gametype|singles\n|player|p1|CranberryHabits|nessa-masters|1206\n|player|p2|smhomepage|170|1177\n|gen|9\n|tier|[Gen 9] OU\n|rated|\n|rule|HP Percentage Mod: HP is shown in percentages\n|rule|Endless Battle Clause: Forcing endless battles is banned\n|rule|Species Clause: Limit one of each Pokémon\n|rule|OHKO Clause: OHKO moves are banned\n|rule|Evasion Items Clause: Evasion items are banned\n|rule|Evasion Moves Clause: Evasion moves are banned\n|rule|Evasion Abilities Clause: Evasion abilities are banned\n|rule|Sleep Moves Clause: Sleep-inducing moves are banned\n|clearpoke\n|poke|p1|Tyranitar, M|\n|poke|p1|Lycanroc, M|\n|poke|p1|Talonflame, F|\n|poke|p1|Great Tusk|\n|poke|p1|Rotom-Wash|\n|poke|p1|Gholdengo|\n|poke|p2|Corviknight, F|\n|poke|p2|Glimmora, M|\n|poke|p2|Rillaboom, M|\n|poke|p2|Quaquaval, F|\n|poke|p2|Primarina, F|\n|poke|p2|Iron Valiant|\n|teampreview\n|inactive|Battle timer is ON: inactive players will automatically lose when time's up. (requested by smhomepage)\n|inactive|CranberryHabits has 120 seconds left.\n|\n|t:|1783817711\n|teamsize|p1|6\n|teamsize|p2|6\n|start\n|switch|p1a: Tyranitar|Tyranitar, M|100/100\n|switch|p2a: Glimmora|Glimmora, M|100/100\n|-weather|Sandstorm|[from] ability: Sand Stream|[of] p1a: Tyranitar\n|turn|1\n|\n|t:|1783817725\n|switch|p1a: Rotom|Rotom-Wash|100/100\n|move|p2a: Glimmora|Toxic|p1a: Rotom\n|-status|p1a: Rotom|tox\n|\n|-weather|Sandstorm|[upkeep]\n|-damage|p1a: Rotom|95/100 tox|[from] Sandstorm\n|-heal|p1a: Rotom|100/100 tox|[from] item: Leftovers\n|-damage|p1a: Rotom|95/100 tox|[from] psn\n|upkeep\n|turn|2\n|\n|t:|1783817737\n|switch|p2a: Rillaboom|Rillaboom, M|100/100\n|-fieldstart|move: Grassy Terrain|[from] ability: Grassy Surge|[of] p2a: Rillaboom\n|move|p1a: Rotom|Hydro Pump|p2a: Rillaboom\n|-resisted|p2a: Rillaboom\n|-damage|p2a: Rillaboom|87/100\n|\n|-weather|Sandstorm|[upkeep]\n|-damage|p1a: Rotom|89/100 tox|[from] Sandstorm\n|-damage|p2a: Rillaboom|80/100|[from] Sandstorm\n|-heal|p1a: Rotom|95/100 tox|[from] item: Leftovers\n|-heal|p2a: Rillaboom|87/100|[from] Grassy Terrain\n|-damage|p1a: Rotom|83/100 tox|[from] psn\n|upkeep\n|turn|3\n|inactive|CranberryHabits has 120 seconds left.\n|\n|t:|1783817767\n|move|p1a: Rotom|Will-O-Wisp|p2a: Rillaboom\n|-status|p2a: Rillaboom|brn\n|move|p2a: Rillaboom|Leech Seed|p1a: Rotom\n|-start|p1a: Rotom|move: Leech Seed\n|\n|-weather|Sandstorm|[upkeep]\n|-damage|p1a: Rotom|77/100 tox|[from] Sandstorm\n|-damage|p2a: Rillaboom|80/100 brn|[from] Sandstorm\n|-heal|p1a: Rotom|83/100 tox|[from] item: Leftovers\n|-heal|p2a: Rillaboom|87/100 brn|[from] Grassy Terrain\n|-damage|p1a: Rotom|70/100 tox|[from] Leech Seed|[of] p2a: Rillaboom\n|-heal|p2a: Rillaboom|96/100 brn|[silent]\n|-damage|p1a: Rotom|53/100 tox|[from] psn\n|-damage|p2a: Rillaboom|90/100 brn|[from] brn\n|upkeep\n|turn|4\n|inactive|CranberryHabits has 120 seconds left.\n|\n|t:|1783817784\n|switch|p1a: Gholdengo|Gholdengo|100/100\n|move|p2a: Rillaboom|U-turn|p1a: Gholdengo\n|-resisted|p1a: Gholdengo\n|-damage|p1a: Gholdengo|98/100\n|\n|t:|1783817790\n|switch|p2a: Primarina|Primarina, F|100/100|[from] U-turn\n|\n|-weather|Sandstorm|[upkeep]\n|-damage|p2a: Primarina|94/100|[from] Sandstorm\n|-heal|p1a: Gholdengo|100/100|[from] Grassy Terrain\n|-heal|p2a: Primarina|100/100|[from] Grassy Terrain\n|upkeep\n|turn|5\n|\n|t:|1783817799\n|move|p1a: Gholdengo|Nasty Plot|p1a: Gholdengo\n|-boost|p1a: Gholdengo|spa|2\n|move|p2a: Primarina|Calm Mind|p2a: Primarina\n|-boost|p2a: Primarina|spa|1\n|-boost|p2a: Primarina|spd|1\n|\n|-weather|Sandstorm|[upkeep]\n|-damage|p2a: Primarina|94/100|[from] Sandstorm\n|-heal|p2a: Primarina|100/100|[from] Grassy Terrain\n|upkeep\n|turn|6\n|\n|t:|1783817812\n|move|p1a: Gholdengo|Make It Rain|p2a: Primarina\n|-damage|p2a: Primarina|49/100\n|-unboost|p1a: Gholdengo|spa|1\n|move|p2a: Primarina|Sparkling Aria|p1a: Gholdengo\n|-crit|p1a: Gholdengo\n|-damage|p1a: Gholdengo|0 fnt\n|faint|p1a: Gholdengo\n|\n|-weather|Sandstorm|[upkeep]\n|-damage|p2a: Primarina|43/100|[from] Sandstorm\n|-heal|p2a: Primarina|49/100|[from] Grassy Terrain\n|-heal|p2a: Primarina|55/100|[from] item: Leftovers\n|upkeep\n|inactive|CranberryHabits has 120 seconds left.\n|\n|t:|1783817844\n|switch|p1a: Rotom|Rotom-Wash|53/100 tox\n|turn|7\n|\n|t:|1783817853\n|switch|p2a: Rillaboom|Rillaboom, M|90/100 brn\n|move|p1a: Rotom|Volt Switch|p2a: Rillaboom\n|-resisted|p2a: Rillaboom\n|-damage|p2a: Rillaboom|80/100 brn\n|inactive|CranberryHabits has 120 seconds left.\n|\n|t:|1783817860\n|switch|p1a: Talonflame|Talonflame, F|100/100|[from] Volt Switch\n|\n|-weather|Sandstorm|[upkeep]\n|-damage|p1a: Talonflame|94/100|[from] Sandstorm\n|-damage|p2a: Rillaboom|74/100 brn|[from] Sandstorm\n|-heal|p2a: Rillaboom|80/100 brn|[from] Grassy Terrain\n|-damage|p2a: Rillaboom|74/100 brn|[from] brn\n|upkeep\n|turn|8\n|\n|t:|1783817870\n|switch|p2a: Glimmora|Glimmora, M|100/100\n|move|p1a: Talonflame|Swords Dance|p1a: Talonflame\n|-boost|p1a: Talonflame|atk|2\n|\n|-weather|none\n|upkeep\n|turn|9\n|\n|t:|1783817880\n|switch|p1a: Rotom|Rotom-Wash|53/100 tox\n|move|p2a: Glimmora|Power Gem|p1a: Rotom\n|-damage|p1a: Rotom|16/100 tox\n|\n|-heal|p1a: Rotom|22/100 tox|[from] item: Leftovers\n|-damage|p1a: Rotom|16/100 tox|[from] psn\n|-fieldend|move: Grassy Terrain\n|upkeep\n|turn|10\n|\n|t:|1783817891\n|switch|p2a: Rillaboom|Rillaboom, M|74/100 brn\n|-fieldstart|move: Grassy Terrain|[from] ability: Grassy Surge|[of] p2a: Rillaboom\n|move|p1a: Rotom|Pain Split|p2a: Rillaboom\n|-sethp|p2a: Rillaboom|43/100 brn|[from] move: Pain Split|[silent]\n|-sethp|p1a: Rotom|57/100 tox|[from] move: Pain Split\n|\n|-heal|p1a: Rotom|63/100 tox|[from] item: Leftovers\n|-heal|p2a: Rillaboom|49/100 brn|[from] Grassy Terrain\n|-damage|p1a: Rotom|51/100 tox|[from] psn\n|-damage|p2a: Rillaboom|43/100 brn|[from] brn\n|upkeep\n|turn|11\n|\n|t:|1783817910\n|switch|p1a: Great Tusk|Great Tusk|100/100\n|move|p2a: Rillaboom|Leech Seed|p1a: Great Tusk\n|-start|p1a: Great Tusk|move: Leech Seed\n|\n|-heal|p2a: Rillaboom|49/100 brn|[from] Grassy Terrain\n|-damage|p1a: Great Tusk|88/100|[from] Leech Seed|[of] p2a: Rillaboom\n|-heal|p2a: Rillaboom|62/100 brn|[silent]\n|-damage|p2a: Rillaboom|56/100 brn|[from] brn\n|upkeep\n|turn|12\n|\n|t:|1783817921\n|move|p1a: Great Tusk|Earthquake|p2a: Rillaboom\n|-resisted|p2a: Rillaboom\n|-damage|p2a: Rillaboom|45/100 brn\n|move|p2a: Rillaboom|U-turn|p1a: Great Tusk\n|-resisted|p1a: Great Tusk\n|-damage|p1a: Great Tusk|86/100\n|j| GruesomeLovelies\n|\n|t:|1783817931\n|switch|p2a: Corviknight|Corviknight, F|100/100|[from] U-turn\n|\n|-heal|p1a: Great Tusk|92/100|[from] Grassy Terrain\n|-heal|p1a: Great Tusk|98/100|[from] item: Leftovers\n|-damage|p1a: Great Tusk|86/100|[from] Leech Seed|[of] p2a: Corviknight\n|upkeep\n|turn|13\n|\n|t:|1783817942\n|-end|p1a: Great Tusk|Protosynthesis|[silent]\n|switch|p1a: Rotom|Rotom-Wash|51/100 tox\n|move|p2a: Corviknight|Brave Bird|p1a: Rotom\n|-resisted|p1a: Rotom\n|-damage|p1a: Rotom|36/100 tox\n|-damage|p2a: Corviknight|97/100|[from] Recoil\n|\n|-heal|p1a: Rotom|42/100 tox|[from] item: Leftovers\n|-damage|p1a: Rotom|36/100 tox|[from] psn\n|upkeep\n|turn|14\n|\n|t:|1783817954\n|switch|p2a: Rillaboom|Rillaboom, M|45/100 brn\n|move|p1a: Rotom|Pain Split|p2a: Rillaboom\n|-sethp|p2a: Rillaboom|36/100 brn|[from] move: Pain Split|[silent]\n|-sethp|p1a: Rotom|48/100 tox|[from] move: Pain Split\n|\n|-heal|p1a: Rotom|54/100 tox|[from] item: Leftovers\n|-heal|p2a: Rillaboom|42/100 brn|[from] Grassy Terrain\n|-damage|p1a: Rotom|42/100 tox|[from] psn\n|-damage|p2a: Rillaboom|36/100 brn|[from] brn\n|upkeep\n|turn|15\n|inactive|CranberryHabits has 120 seconds left.\n|\n|t:|1783817990\n|switch|p1a: Tyranitar|Tyranitar, M|100/100\n|-weather|Sandstorm|[from] ability: Sand Stream|[of] p1a: Tyranitar\n|move|p2a: Rillaboom|Leech Seed|p1a: Tyranitar\n|-start|p1a: Tyranitar|move: Leech Seed\n|\n|-weather|Sandstorm|[upkeep]\n|-damage|p2a: Rillaboom|30/100 brn|[from] Sandstorm\n|-heal|p2a: Rillaboom|36/100 brn|[from] Grassy Terrain\n|-damage|p1a: Tyranitar|88/100|[from] Leech Seed|[of] p2a: Rillaboom\n|-heal|p2a: Rillaboom|49/100 brn|[silent]\n|-damage|p2a: Rillaboom|42/100 brn|[from] brn\n|upkeep\n|turn|16\n|\n|t:|1783818004\n|switch|p2a: Corviknight|Corviknight, F|97/100\n|switch|p1a: Rotom|Rotom-Wash|42/100 tox\n|\n|-weather|Sandstorm|[upkeep]\n|-damage|p1a: Rotom|36/100 tox|[from] Sandstorm\n|-heal|p1a: Rotom|42/100 tox|[from] item: Leftovers\n|-damage|p1a: Rotom|36/100 tox|[from] psn\n|upkeep\n|turn|17\n|\n|t:|1783818018\n|switch|p2a: Rillaboom|Rillaboom, M|42/100 brn\n|move|p1a: Rotom|Pain Split|p2a: Rillaboom\n|-sethp|p2a: Rillaboom|35/100 brn|[from] move: Pain Split|[silent]\n|-sethp|p1a: Rotom|46/100 tox|[from] move: Pain Split\n|\n|-weather|Sandstorm|[upkeep]\n|-damage|p1a: Rotom|40/100 tox|[from] Sandstorm\n|-damage|p2a: Rillaboom|28/100 brn|[from] Sandstorm\n|-heal|p1a: Rotom|46/100 tox|[from] item: Leftovers\n|-heal|p2a: Rillaboom|35/100 brn|[from] Grassy Terrain\n|-damage|p1a: Rotom|34/100 tox|[from] psn\n|-damage|p2a: Rillaboom|28/100 brn|[from] brn\n|-fieldend|move: Grassy Terrain\n|upkeep\n|turn|18\n|inactive|CranberryHabits has 120 seconds left.\n|\n|t:|1783818037\n|move|p1a: Rotom|Volt Switch|p2a: Rillaboom\n|-resisted|p2a: Rillaboom\n|-damage|p2a: Rillaboom|18/100 brn\n|\n|t:|1783818046\n|switch|p1a: Great Tusk|Great Tusk|86/100|[from] Volt Switch\n|move|p2a: Rillaboom|Leech Seed|p1a: Great Tusk\n|-start|p1a: Great Tusk|move: Leech Seed\n|\n|-weather|Sandstorm|[upkeep]\n|-damage|p2a: Rillaboom|12/100 brn|[from] Sandstorm\n|-heal|p1a: Great Tusk|92/100|[from] item: Leftovers\n|-damage|p1a: Great Tusk|80/100|[from] Leech Seed|[of] p2a: Rillaboom\n|-heal|p2a: Rillaboom|25/100 brn|[silent]\n|-damage|p2a: Rillaboom|19/100 brn|[from] brn\n|upkeep\n|turn|19\n|inactive|CranberryHabits has 120 seconds left.\n|\n|t:|1783818059\n|-end|p1a: Great Tusk|Protosynthesis|[silent]\n|switch|p1a: Rotom|Rotom-Wash|34/100 tox\n|move|p2a: Rillaboom|U-turn|p1a: Rotom\n|-crit|p1a: Rotom\n|-damage|p1a: Rotom|23/100 tox\n|\n|t:|1783818069\n|switch|p2a: Primarina|Primarina, F|55/100|[from] U-turn\n|\n|-weather|Sandstorm|[upkeep]\n|-damage|p1a: Rotom|17/100 tox|[from] Sandstorm\n|-damage|p2a: Primarina|49/100|[from] Sandstorm\n|-heal|p1a: Rotom|23/100 tox|[from] item: Leftovers\n|-heal|p2a: Primarina|55/100|[from] item: Leftovers\n|-damage|p1a: Rotom|17/100 tox|[from] psn\n|upkeep\n|turn|20\n|\n|t:|1783818081\n|switch|p2a: Rillaboom|Rillaboom, M|19/100 brn\n|-fieldstart|move: Grassy Terrain|[from] ability: Grassy Surge|[of] p2a: Rillaboom\n|move|p1a: Rotom|Pain Split|p2a: Rillaboom\n|-sethp|p2a: Rillaboom|16/100 brn|[from] move: Pain Split|[silent]\n|-sethp|p1a: Rotom|21/100 tox|[from] move: Pain Split\n|\n|-weather|Sandstorm|[upkeep]\n|-damage|p1a: Rotom|15/100 tox|[from] Sandstorm\n|-damage|p2a: Rillaboom|10/100 brn|[from] Sandstorm\n|-heal|p1a: Rotom|21/100 tox|[from] item: Leftovers\n|-heal|p2a: Rillaboom|16/100 brn|[from] Grassy Terrain\n|-damage|p1a: Rotom|9/100 tox|[from] psn\n|-damage|p2a: Rillaboom|10/100 brn|[from] brn\n|upkeep\n|turn|21\n|\n|t:|1783818096\n|move|p1a: Rotom|Volt Switch|p2a: Rillaboom\n|-resisted|p2a: Rillaboom\n|-damage|p2a: Rillaboom|0 fnt\n|faint|p2a: Rillaboom\n|\n|t:|1783818102\n|switch|p1a: Great Tusk|Great Tusk|80/100|[from] Volt Switch\n|\n|-weather|Sandstorm|[upkeep]\n|-heal|p1a: Great Tusk|86/100|[from] Grassy Terrain\n|-heal|p1a: Great Tusk|92/100|[from] item: Leftovers\n|upkeep\n|\n|t:|1783818114\n|switch|p2a: Quaquaval|Quaquaval, F|100/100\n|turn|22\n|inactive|CranberryHabits has 120 seconds left.\n|\n|t:|1783818144\n|-terastallize|p1a: Great Tusk|Water\n|move|p2a: Quaquaval|Aqua Step|p1a: Great Tusk\n|-resisted|p1a: Great Tusk\n|-damage|p1a: Great Tusk|83/100\n|-boost|p2a: Quaquaval|spe|1\n|move|p1a: Great Tusk|Earthquake|p2a: Quaquaval\n|-damage|p2a: Quaquaval|73/100\n|\n|-weather|none\n|-heal|p2a: Quaquaval|79/100|[from] Grassy Terrain\n|-heal|p1a: Great Tusk|90/100|[from] Grassy Terrain\n|-heal|p1a: Great Tusk|96/100|[from] item: Leftovers\n|upkeep\n|turn|23\n|inactive|smhomepage has 120 seconds left.\n|\n|t:|1783818175\n|move|p2a: Quaquaval|Close Combat|p1a: Great Tusk\n|-damage|p1a: Great Tusk|66/100\n|-unboost|p2a: Quaquaval|def|1\n|-unboost|p2a: Quaquaval|spd|1\n|move|p1a: Great Tusk|Knock Off|p2a: Quaquaval\n|-resisted|p2a: Quaquaval\n|-damage|p2a: Quaquaval|52/100\n|-enditem|p2a: Quaquaval|Metronome|[from] move: Knock Off|[of] p1a: Great Tusk\n|\n|-heal|p2a: Quaquaval|58/100|[from] Grassy Terrain\n|-heal|p1a: Great Tusk|72/100|[from] Grassy Terrain\n|-heal|p1a: Great Tusk|79/100|[from] item: Leftovers\n|upkeep\n|turn|24\n|\n|t:|1783818189\n|move|p2a: Quaquaval|Flip Turn|p1a: Great Tusk\n|-resisted|p1a: Great Tusk\n|-damage|p1a: Great Tusk|72/100\n|\n|t:|1783818193\n|switch|p2a: Corviknight|Corviknight, F|97/100|[from] Flip Turn\n|move|p1a: Great Tusk|Earthquake|p2a: Corviknight\n|-immune|p2a: Corviknight\n|\n|-heal|p1a: Great Tusk|78/100|[from] Grassy Terrain\n|-heal|p1a: Great Tusk|85/100|[from] item: Leftovers\n|upkeep\n|turn|25\n|inactive|CranberryHabits has 120 seconds left.\n|inactive|smhomepage has 120 seconds left.\n|\n|t:|1783818209\n|move|p1a: Great Tusk|Knock Off|p2a: Corviknight\n|-damage|p2a: Corviknight|80/100\n|-damage|p1a: Great Tusk|68/100|[from] item: Rocky Helmet|[of] p2a: Corviknight\n|-enditem|p2a: Corviknight|Rocky Helmet|[from] move: Knock Off|[of] p1a: Great Tusk\n|move|p2a: Corviknight|U-turn|p1a: Great Tusk\n|-damage|p1a: Great Tusk|61/100\n|\n|t:|1783818217\n|switch|p2a: Glimmora|Glimmora, M|100/100|[from] U-turn\n|\n|-heal|p1a: Great Tusk|68/100|[from] Grassy Terrain\n|-heal|p1a: Great Tusk|74/100|[from] item: Leftovers\n|upkeep\n|turn|26\n|\n|t:|1783818225\n|move|p1a: Great Tusk|Earthquake|p2a: Glimmora\n|-supereffective|p2a: Glimmora\n|-damage|p2a: Glimmora|18/100\n|-activate|p2a: Glimmora|ability: Toxic Debris\n|-sidestart|p1: CranberryHabits|move: Toxic Spikes\n|move|p2a: Glimmora|Toxic|p1a: Great Tusk\n|-status|p1a: Great Tusk|tox\n|\n|-heal|p1a: Great Tusk|80/100 tox|[from] Grassy Terrain\n|-heal|p1a: Great Tusk|86/100 tox|[from] item: Leftovers\n|-heal|p2a: Glimmora|25/100|[from] Grassy Terrain\n|-heal|p2a: Glimmora|31/100|[from] item: Leftovers\n|-damage|p1a: Great Tusk|80/100 tox|[from] psn\n|upkeep\n|turn|27\n|inactive|smhomepage has 120 seconds left.\n|\n|t:|1783818241\n|switch|p2a: Corviknight|Corviknight, F|80/100\n|move|p1a: Great Tusk|Rapid Spin|p2a: Corviknight\n|-resisted|p2a: Corviknight\n|-damage|p2a: Corviknight|76/100\n|-boost|p1a: Great Tusk|spe|1\n|-sideend|p1: CranberryHabits|Toxic Spikes|[from] move: Rapid Spin|[of] p1a: Great Tusk\n|\n|-heal|p1a: Great Tusk|86/100 tox|[from] Grassy Terrain\n|-heal|p1a: Great Tusk|92/100 tox|[from] item: Leftovers\n|-damage|p1a: Great Tusk|80/100 tox|[from] psn\n|-fieldend|move: Grassy Terrain\n|upkeep\n|turn|28\n|\n|t:|1783818256\n|-end|p1a: Great Tusk|Protosynthesis|[silent]\n|switch|p1a: Rotom|Rotom-Wash|9/100 tox\n|move|p2a: Corviknight|Brave Bird|p1a: Rotom\n|-resisted|p1a: Rotom\n|-damage|p1a: Rotom|0 fnt\n|faint|p1a: Rotom\n|-damage|p2a: Corviknight|74/100|[from] Recoil\n|\n|upkeep\n|\n|t:|1783818269\n|switch|p1a: Tyranitar|Tyranitar, M|88/100\n|-weather|Sandstorm|[from] ability: Sand Stream|[of] p1a: Tyranitar\n|turn|29\n|\n|t:|1783818275\n|move|p2a: Corviknight|U-turn|p1a: Tyranitar\n|-supereffective|p1a: Tyranitar\n|-damage|p1a: Tyranitar|64/100\n|\n|t:|1783818280\n|switch|p2a: Glimmora|Glimmora, M|31/100|[from] U-turn\n|move|p1a: Tyranitar|Thunder Wave|p2a: Glimmora\n|-status|p2a: Glimmora|par\n|\n|-weather|Sandstorm|[upkeep]\n|-heal|p2a: Glimmora|37/100 par|[from] item: Leftovers\n|upkeep\n|turn|30\n|inactive|smhomepage has 120 seconds left.\n|\n|t:|1783818293\n|move|p1a: Tyranitar|Stealth Rock|p2a: Glimmora\n|-sidestart|p2: smhomepage|move: Stealth Rock\n|cant|p2a: Glimmora|par\n|\n|-weather|Sandstorm|[upkeep]\n|-heal|p2a: Glimmora|43/100 par|[from] item: Leftovers\n|upkeep\n|turn|31\n|inactive|smhomepage has 120 seconds left.\n|\n|t:|1783818301\n|switch|p1a: Great Tusk|Great Tusk, tera:Water|80/100 tox\n|move|p2a: Glimmora|Toxic|p1a: Great Tusk\n|-fail|p1a: Great Tusk|tox\n|\n|-weather|Sandstorm|[upkeep]\n|-damage|p1a: Great Tusk|74/100 tox|[from] Sandstorm\n|-heal|p1a: Great Tusk|80/100 tox|[from] item: Leftovers\n|-heal|p2a: Glimmora|49/100 par|[from] item: Leftovers\n|-damage|p1a: Great Tusk|74/100 tox|[from] psn\n|upkeep\n|turn|32\n|inactive|smhomepage has 120 seconds left.\n|\n|t:|1783818316\n|switch|p2a: Corviknight|Corviknight, F|74/100\n|-damage|p2a: Corviknight|62/100|[from] Stealth Rock\n|move|p1a: Great Tusk|Earthquake|p2a: Corviknight\n|-immune|p2a: Corviknight\n|\n|-weather|Sandstorm|[upkeep]\n|-damage|p1a: Great Tusk|68/100 tox|[from] Sandstorm\n|-heal|p1a: Great Tusk|74/100 tox|[from] item: Leftovers\n|-damage|p1a: Great Tusk|61/100 tox|[from] psn\n|upkeep\n|turn|33\n|inactive|smhomepage has 120 seconds left.\n|\n|t:|1783818345\n|-end|p1a: Great Tusk|Protosynthesis|[silent]\n|switch|p1a: Talonflame|Talonflame, F|94/100\n|move|p2a: Corviknight|Defog|p1a: Talonflame\n|-unboost|p1a: Talonflame|evasion|1\n|-sideend|p2: smhomepage|Stealth Rock|[from] move: Defog|[of] p2a: Corviknight\n|\n|-weather|Sandstorm|[upkeep]\n|-damage|p1a: Talonflame|88/100|[from] Sandstorm\n|upkeep\n|turn|34\n|inactive|smhomepage has 120 seconds left.\n|\n|t:|1783818356\n|switch|p2a: Glimmora|Glimmora, M|49/100 par\n|move|p1a: Talonflame|Roost|p1a: Talonflame\n|-heal|p1a: Talonflame|100/100\n|-singleturn|p1a: Talonflame|move: Roost\n|\n|-weather|Sandstorm|[upkeep]\n|-damage|p1a: Talonflame|94/100|[from] Sandstorm\n|-heal|p2a: Glimmora|56/100 par|[from] item: Leftovers\n|upkeep\n|turn|35\n|inactive|smhomepage has 120 seconds left.\n|\n|t:|1783818367\n|switch|p1a: Great Tusk|Great Tusk, tera:Water|61/100 tox\n|cant|p2a: Glimmora|par\n|\n|-weather|Sandstorm|[upkeep]\n|-damage|p1a: Great Tusk|55/100 tox|[from] Sandstorm\n|-heal|p1a: Great Tusk|61/100 tox|[from] item: Leftovers\n|-heal|p2a: Glimmora|62/100 par|[from] item: Leftovers\n|-damage|p1a: Great Tusk|55/100 tox|[from] psn\n|upkeep\n|turn|36\n|inactive|smhomepage has 120 seconds left.\n|\n|t:|1783818381\n|move|p1a: Great Tusk|Knock Off|p2a: Glimmora\n|-damage|p2a: Glimmora|31/100 par\n|-activate|p2a: Glimmora|ability: Toxic Debris\n|-sidestart|p1: CranberryHabits|move: Toxic Spikes\n|-enditem|p2a: Glimmora|Leftovers|[from] move: Knock Off|[of] p1a: Great Tusk\n|move|p2a: Glimmora|Stealth Rock|p1a: Great Tusk\n|-sidestart|p1: CranberryHabits|move: Stealth Rock\n|\n|-weather|none\n|-heal|p1a: Great Tusk|61/100 tox|[from] item: Leftovers\n|-damage|p1a: Great Tusk|49/100 tox|[from] psn\n|upkeep\n|turn|37\n|inactive|smhomepage has 120 seconds left.\n|\n|t:|1783818399\n|move|p1a: Great Tusk|Earthquake|p2a: Glimmora\n|-supereffective|p2a: Glimmora\n|-damage|p2a: Glimmora|0 fnt\n|-activate|p2a: Glimmora|ability: Toxic Debris\n|-sidestart|p1: CranberryHabits|move: Toxic Spikes\n|faint|p2a: Glimmora\n|\n|-heal|p1a: Great Tusk|55/100 tox|[from] item: Leftovers\n|-damage|p1a: Great Tusk|36/100 tox|[from] psn\n|upkeep\n|\n|t:|1783818411\n|switch|p2a: Iron Valiant|Iron Valiant|100/100\n|-enditem|p2a: Iron Valiant|Booster Energy\n|-activate|p2a: Iron Valiant|ability: Quark Drive|[fromitem]\n|-start|p2a: Iron Valiant|quarkdrivespe\n|turn|38\n|\n|t:|1783818433\n|move|p2a: Iron Valiant|Thunderbolt|p1a: Great Tusk\n|-supereffective|p1a: Great Tusk\n|-damage|p1a: Great Tusk|0 fnt\n|faint|p1a: Great Tusk\n|-end|p1a: Great Tusk|Protosynthesis|[silent]\n|\n|upkeep\n|\n|t:|1783818438\n|switch|p1a: Tyranitar|Tyranitar, M|64/100\n|-status|p1a: Tyranitar|tox\n|-damage|p1a: Tyranitar|52/100 tox|[from] Stealth Rock\n|-weather|Sandstorm|[from] ability: Sand Stream|[of] p1a: Tyranitar\n|turn|39\n|inactive|smhomepage has 120 seconds left.\n|\n|t:|1783818447\n|move|p2a: Iron Valiant|Aura Sphere|p1a: Tyranitar\n|-supereffective|p1a: Tyranitar\n|-damage|p1a: Tyranitar|0 fnt\n|faint|p1a: Tyranitar\n|\n|-weather|Sandstorm|[upkeep]\n|-damage|p2a: Iron Valiant|94/100|[from] Sandstorm\n|upkeep\n|\n|t:|1783818460\n|switch|p1a: Lycanroc|Lycanroc, M|100/100\n|-status|p1a: Lycanroc|tox\n|-damage|p1a: Lycanroc|88/100 tox|[from] Stealth Rock\n|turn|40\n|\n|t:|1783818467\n|move|p1a: Lycanroc|Drill Run|p2a: Iron Valiant\n|-crit|p2a: Iron Valiant\n|-damage|p2a: Iron Valiant|47/100\n|move|p2a: Iron Valiant|Aura Sphere|p1a: Lycanroc\n|-supereffective|p1a: Lycanroc\n|-damage|p1a: Lycanroc|0 fnt\n|faint|p1a: Lycanroc\n|\n|-weather|Sandstorm|[upkeep]\n|-damage|p2a: Iron Valiant|41/100|[from] Sandstorm\n|upkeep\n|\n|t:|1783818476\n|switch|p1a: Talonflame|Talonflame, F|94/100\n|turn|41\n|\n|t:|1783818481\n|move|p2a: Iron Valiant|Thunderbolt|p1a: Talonflame\n|-supereffective|p1a: Talonflame\n|-damage|p1a: Talonflame|12/100\n|move|p1a: Talonflame|Flame Charge|p2a: Iron Valiant\n|-damage|p2a: Iron Valiant|13/100\n|-boost|p1a: Talonflame|spe|1\n|\n|-weather|Sandstorm|[upkeep]\n|-damage|p2a: Iron Valiant|6/100|[from] Sandstorm\n|-damage|p1a: Talonflame|6/100|[from] Sandstorm\n|upkeep\n|turn|42\n|\n|t:|1783818492\n|move|p2a: Iron Valiant|Thunderbolt|p1a: Talonflame\n|-supereffective|p1a: Talonflame\n|-damage|p1a: Talonflame|0 fnt\n|faint|p1a: Talonflame\n|\n|win|smhomepage\n|raw|CranberryHabits's rating: 1206 &rarr; <strong>1179</strong><br />(-27 for losing)\n|raw|smhomepage's rating: 1177 &rarr; <strong>1204</strong><br />(+27 for winning)\n|c|☆CranberryHabits|gg\n|l|☆CranberryHabits\n|player|p1|\n|l|☆smhomepage\n|player|p2|\n", "uploadtime": 1783818498, "views": 6, "formatid": "gen9ou", "rating": 1179, "private": 0, "password": null}