{"id": "gen9ou-2639291076", "format": "[Gen 9] OU", "players": ["rblt ryo", "aZhiHan"], "log": "|j|☆rblt ryo\n|j|☆aZhiHan\n|t:|1782446946\n|gametype|singles\n|player|p1|rblt ryo|grimsley-gen7|1743\n|player|p2|aZhiHan|cheryl|1698\n|gen|9\n|tier|[Gen 9] OU\n|rated|\n|rule|HP Percentage Mod: HP is shown in percentages\n|rule|Endless Battle Clause: Forcing endless battles is banned\n|rule|Species Clause: Limit one of each Pokémon\n|rule|OHKO Clause: OHKO moves are banned\n|rule|Evasion Items Clause: Evasion items are banned\n|rule|Evasion Moves Clause: Evasion moves are banned\n|rule|Evasion Abilities Clause: Evasion abilities are banned\n|rule|Sleep Moves Clause: Sleep-inducing moves are banned\n|clearpoke\n|poke|p1|Slowking-Galar, F|\n|poke|p1|Ogerpon-Wellspring, F|\n|poke|p1|Mandibuzz, F|\n|poke|p1|Great Tusk|\n|poke|p1|Kyurem|\n|poke|p1|Cinderace, F|\n|poke|p2|Zamazenta-*|\n|poke|p2|Kingambit, F|\n|poke|p2|Serperior, M|\n|poke|p2|Iron Treads|\n|poke|p2|Primarina, F|\n|poke|p2|Tornadus-Therian, M|\n|teampreview\n|\n|t:|1782446959\n|teamsize|p1|6\n|teamsize|p2|6\n|start\n|switch|p1a: Great Tusk|Great Tusk|100/100\n|switch|p2a: Tornadus|Tornadus-Therian, M|100/100\n|turn|1\n|j| firecharmander004\n|\n|t:|1782446976\n|switch|p2a: Zamazenta|Zamazenta|100/100\n|-ability|p2a: Zamazenta|Dauntless Shield|boost\n|-boost|p2a: Zamazenta|def|1\n|move|p1a: Great Tusk|Head Smash|p2a: Zamazenta|[miss]\n|-miss|p1a: Great Tusk|p2a: Zamazenta\n|\n|upkeep\n|turn|2\n|j| maclura\n|\n|t:|1782446994\n|switch|p2a: Tornadus|Tornadus-Therian, M|100/100\n|move|p1a: Great Tusk|Head Smash|p2a: Tornadus\n|-supereffective|p2a: Tornadus\n|-damage|p2a: Tornadus|0 fnt\n|faint|p2a: Tornadus\n|-damage|p1a: Great Tusk|52/100|[from] Recoil\n|\n|upkeep\n|j| dsekop\n|\n|t:|1782447011\n|switch|p2a: Zamazenta|Zamazenta|100/100\n|turn|3\n|\n|t:|1782447023\n|-end|p1a: Great Tusk|Protosynthesis|[silent]\n|switch|p1a: Slowking|Slowking-Galar, F|100/100\n|move|p2a: Zamazenta|Body Press|p1a: Slowking\n|-resisted|p1a: Slowking\n|-damage|p1a: Slowking|93/100\n|-damage|p2a: Zamazenta|84/100|[from] item: Rocky Helmet|[of] p1a: Slowking\n|\n|-heal|p2a: Zamazenta|90/100|[from] item: Leftovers\n|upkeep\n|turn|4\n|\n|t:|1782447042\n|switch|p2a: Kingambit|Kingambit, F|100/100\n|-activate|p2a: Kingambit|ability: Supreme Overlord\n|-start|p2a: Kingambit|fallen1|[silent]\n|-prepare|p1a: Slowking|Chilly Reception|[premajor]\n|move|p1a: Slowking|Chilly Reception|p1a: Slowking\n|-weather|Snowscape\n|\n|t:|1782447047\n|switch|p1a: Great Tusk|Great Tusk|52/100|[from] Chilly Reception\n|\n|-weather|Snowscape|[upkeep]\n|upkeep\n|turn|5\n|\n|t:|1782447078\n|-end|p2a: Kingambit|fallen1|[silent]\n|switch|p2a: Zamazenta|Zamazenta|90/100\n|move|p1a: Great Tusk|Close Combat|p2a: Zamazenta\n|-damage|p2a: Zamazenta|40/100\n|-unboost|p1a: Great Tusk|def|1\n|-unboost|p1a: Great Tusk|spd|1\n|\n|-weather|Snowscape|[upkeep]\n|-heal|p2a: Zamazenta|46/100|[from] item: Leftovers\n|upkeep\n|turn|6\n|\n|t:|1782447097\n|switch|p2a: Primarina|Primarina, F|100/100\n|move|p1a: Great Tusk|Close Combat|p2a: Primarina\n|-resisted|p2a: Primarina\n|-damage|p2a: Primarina|63/100\n|-unboost|p1a: Great Tusk|def|1\n|-unboost|p1a: Great Tusk|spd|1\n|\n|-weather|Snowscape|[upkeep]\n|upkeep\n|turn|7\n|j| have we gone\n|\n|t:|1782447106\n|-end|p1a: Great Tusk|Protosynthesis|[silent]\n|switch|p1a: Cinderace|Cinderace, F|100/100\n|move|p2a: Primarina|Surf|p1a: Cinderace\n|-supereffective|p1a: Cinderace\n|-damage|p1a: Cinderace|0 fnt\n|faint|p1a: Cinderace\n|\n|-weather|Snowscape|[upkeep]\n|upkeep\n|\n|t:|1782447113\n|switch|p1a: Ogerpon|Ogerpon-Wellspring, F|100/100\n|turn|8\n|\n|t:|1782447124\n|move|p1a: Ogerpon|Power Whip|p2a: Primarina\n|-supereffective|p2a: Primarina\n|-damage|p2a: Primarina|0 fnt\n|faint|p2a: Primarina\n|\n|-weather|none\n|upkeep\n|j| Crowv2\n|\n|t:|1782447130\n|switch|p2a: Serperior|Serperior, M, shiny|100/100\n|turn|9\n|\n|t:|1782447134\n|switch|p1a: Slowking|Slowking-Galar, F|100/100\n|move|p2a: Serperior|Glare|p1a: Slowking\n|-status|p1a: Slowking|par\n|\n|upkeep\n|turn|10\n|\n|t:|1782447140\n|move|p2a: Serperior|Substitute|p2a: Serperior\n|-start|p2a: Serperior|Substitute\n|-damage|p2a: Serperior|76/100\n|-prepare|p1a: Slowking|Chilly Reception|[premajor]\n|move|p1a: Slowking|Chilly Reception|p1a: Slowking\n|-weather|Snowscape\n|\n|t:|1782447144\n|switch|p1a: Mandibuzz|Mandibuzz, F|100/100|[from] Chilly Reception\n|\n|-weather|Snowscape|[upkeep]\n|-heal|p2a: Serperior|82/100|[from] item: Leftovers\n|upkeep\n|turn|11\n|\n|t:|1782447148\n|move|p2a: Serperior|Glare|p1a: Mandibuzz\n|-status|p1a: Mandibuzz|par\n|move|p1a: Mandibuzz|U-turn|p2a: Serperior\n|-supereffective|p2a: Serperior\n|-end|p2a: Serperior|Substitute\n|\n|t:|1782447153\n|switch|p1a: Kyurem|Kyurem|100/100|[from] U-turn\n|-ability|p1a: Kyurem|Pressure\n|\n|-weather|Snowscape|[upkeep]\n|-heal|p2a: Serperior|88/100|[from] item: Leftovers\n|upkeep\n|turn|12\n|l| firecharmander004\n|\n|t:|1782447159\n|switch|p2a: Kingambit|Kingambit, F|100/100\n|-activate|p2a: Kingambit|ability: Supreme Overlord\n|-start|p2a: Kingambit|fallen2|[silent]\n|move|p1a: Kyurem|Ice Beam|p2a: Kingambit\n|-resisted|p2a: Kingambit\n|-damage|p2a: Kingambit|68/100\n|-status|p2a: Kingambit|frz\n|\n|-weather|Snowscape|[upkeep]\n|-heal|p2a: Kingambit|74/100 frz|[from] item: Leftovers\n|upkeep\n|turn|13\n|\n|t:|1782447171\n|switch|p1a: Slowking|Slowking-Galar, F|100/100 par\n|cant|p2a: Kingambit|frz\n|\n|-weather|Snowscape|[upkeep]\n|-heal|p2a: Kingambit|80/100 frz|[from] item: Leftovers\n|upkeep\n|turn|14\n|\n|t:|1782447175\n|cant|p2a: Kingambit|frz\n|-prepare|p1a: Slowking|Chilly Reception|[premajor]\n|move|p1a: Slowking|Chilly Reception|p1a: Slowking\n|\n|t:|1782447179\n|switch|p1a: Great Tusk|Great Tusk|52/100|[from] Chilly Reception\n|\n|-weather|none\n|-heal|p2a: Kingambit|86/100 frz|[from] item: Leftovers\n|upkeep\n|turn|15\n|\n|t:|1782447208\n|-end|p2a: Kingambit|fallen2|[silent]\n|switch|p2a: Serperior|Serperior, M, shiny|88/100\n|move|p1a: Great Tusk|Close Combat|p2a: Serperior\n|-damage|p2a: Serperior|13/100\n|-unboost|p1a: Great Tusk|def|1\n|-unboost|p1a: Great Tusk|spd|1\n|\n|-heal|p2a: Serperior|19/100|[from] item: Leftovers\n|upkeep\n|turn|16\n|\n|t:|1782447219\n|move|p1a: Great Tusk|Close Combat|p2a: Serperior\n|-damage|p2a: Serperior|0 fnt\n|-unboost|p1a: Great Tusk|def|1\n|-unboost|p1a: Great Tusk|spd|1\n|faint|p2a: Serperior\n|\n|upkeep\n|\n|t:|1782447223\n|switch|p2a: Iron Treads|Iron Treads|100/100\n|-item|p2a: Iron Treads|Air Balloon\n|turn|17\n|\n|t:|1782447228\n|-end|p1a: Great Tusk|Protosynthesis|[silent]\n|switch|p1a: Mandibuzz|Mandibuzz, F|100/100 par\n|-terastallize|p2a: Iron Treads|Ghost\n|move|p2a: Iron Treads|Ice Spinner|p1a: Mandibuzz\n|-supereffective|p1a: Mandibuzz\n|-damage|p1a: Mandibuzz|67/100 par\n|\n|upkeep\n|turn|18\n|\n|t:|1782447242\n|-end|p2a: Iron Treads|Quark Drive|[silent]\n|switch|p2a: Kingambit|Kingambit, F|86/100 frz\n|-activate|p2a: Kingambit|ability: Supreme Overlord\n|-start|p2a: Kingambit|fallen3|[silent]\n|move|p1a: Mandibuzz|Foul Play|p2a: Kingambit\n|-resisted|p2a: Kingambit\n|-damage|p2a: Kingambit|66/100 frz\n|\n|-heal|p2a: Kingambit|73/100 frz|[from] item: Leftovers\n|upkeep\n|turn|19\n|\n|t:|1782447247\n|cant|p2a: Kingambit|frz\n|cant|p1a: Mandibuzz|par\n|\n|-heal|p2a: Kingambit|79/100 frz|[from] item: Leftovers\n|upkeep\n|turn|20\n|\n|t:|1782447251\n|cant|p2a: Kingambit|frz\n|move|p1a: Mandibuzz|U-turn|p2a: Kingambit\n|-damage|p2a: Kingambit|71/100 frz\n|\n|t:|1782447253\n|switch|p1a: Great Tusk|Great Tusk|52/100|[from] U-turn\n|\n|-heal|p2a: Kingambit|77/100 frz|[from] item: Leftovers\n|upkeep\n|turn|21\n|l| Crowv2\n|\n|t:|1782447262\n|-end|p1a: Great Tusk|Protosynthesis|[silent]\n|switch|p1a: Ogerpon|Ogerpon-Wellspring, F|100/100\n|cant|p2a: Kingambit|frz\n|\n|-heal|p2a: Kingambit|83/100 frz|[from] item: Leftovers\n|upkeep\n|turn|22\n|c|☆aZhiHan|神了\n|\n|t:|1782447279\n|switch|p1a: Kyurem|Kyurem|100/100\n|-ability|p1a: Kyurem|Pressure\n|cant|p2a: Kingambit|frz\n|\n|-heal|p2a: Kingambit|90/100 frz|[from] item: Leftovers\n|upkeep\n|turn|23\n|\n|t:|1782447287\n|move|p1a: Kyurem|Earth Power|p2a: Kingambit\n|-supereffective|p2a: Kingambit\n|-damage|p2a: Kingambit|0 fnt\n|faint|p2a: Kingambit\n|-end|p2a: Kingambit|fallen3|[silent]\n|\n|upkeep\n|\n|t:|1782447305\n|switch|p2a: Iron Treads|Iron Treads, tera:Ghost|100/100\n|-item|p2a: Iron Treads|Air Balloon\n|turn|24\n|\n|t:|1782447308\n|switch|p1a: Mandibuzz|Mandibuzz, F|67/100 par\n|move|p2a: Iron Treads|Stealth Rock|p1a: Mandibuzz\n|-sidestart|p1: rblt ryo|move: Stealth Rock\n|\n|upkeep\n|turn|25\n|\n|t:|1782447316\n|move|p2a: Iron Treads|Ice Spinner|p1a: Mandibuzz\n|-supereffective|p1a: Mandibuzz\n|-damage|p1a: Mandibuzz|36/100 par\n|move|p1a: Mandibuzz|Foul Play|p2a: Iron Treads\n|-supereffective|p2a: Iron Treads\n|-damage|p2a: Iron Treads|16/100\n|-enditem|p2a: Iron Treads|Air Balloon\n|\n|upkeep\n|turn|26\n|\n|t:|1782447324\n|move|p2a: Iron Treads|Ice Spinner|p1a: Mandibuzz\n|-supereffective|p1a: Mandibuzz\n|-damage|p1a: Mandibuzz|4/100 par\n|move|p1a: Mandibuzz|Roost|p1a: Mandibuzz\n|-heal|p1a: Mandibuzz|54/100 par\n|-singleturn|p1a: Mandibuzz|move: Roost\n|\n|upkeep\n|turn|27\n|\n|t:|1782447327\n|move|p2a: Iron Treads|Ice Spinner|p1a: Mandibuzz\n|-supereffective|p1a: Mandibuzz\n|-damage|p1a: Mandibuzz|25/100 par\n|move|p1a: Mandibuzz|Foul Play|p2a: Iron Treads\n|-supereffective|p2a: Iron Treads\n|-damage|p2a: Iron Treads|0 fnt\n|faint|p2a: Iron Treads\n|-end|p2a: Iron Treads|Quark Drive|[silent]\n|\n|upkeep\n|\n|t:|1782447330\n|switch|p2a: Zamazenta|Zamazenta|46/100\n|turn|28\n|\n|t:|1782447341\n|switch|p1a: Slowking|Slowking-Galar, F|100/100 par\n|-damage|p1a: Slowking|88/100 par|[from] Stealth Rock\n|move|p2a: Zamazenta|Iron Defense|p2a: Zamazenta\n|-boost|p2a: Zamazenta|def|2\n|\n|-heal|p2a: Zamazenta|52/100|[from] item: Leftovers\n|upkeep\n|turn|29\n|\n|t:|1782447345\n|move|p1a: Slowking|Future Sight|p2a: Zamazenta\n|-start|p1a: Slowking|move: Future Sight\n|move|p2a: Zamazenta|Roar|p1a: Slowking\n|drag|p1a: Great Tusk|Great Tusk|52/100\n|-damage|p1a: Great Tusk|49/100|[from] Stealth Rock\n|\n|-heal|p2a: Zamazenta|58/100|[from] item: Leftovers\n|upkeep\n|turn|30\n|-message|aZhiHan forfeited.\n|\n|win|rblt ryo\n|raw|rblt ryo's rating: 1743 &rarr; <strong>1760</strong><br />(+17 for winning)\n|raw|aZhiHan's rating: 1698 &rarr; <strong>1681</strong><br />(-17 for losing)\n|l| dsekop\n|c|☆aZhiHan|大将冻住一万个回合\n|l|☆aZhiHan\n|player|p2|\n|l| have we gone\n", "uploadtime": 1782447626, "views": 4, "formatid": "gen9ou", "rating": 1681, "private": 0, "password": null}