{"id": "gen9ou-2647830374", "format": "[Gen 9] OU", "players": ["Dabaduh the worst", "BubbleNebula"], "log": "|j|☆Dabaduh the worst\n|j|☆BubbleNebula\n|t:|1783820162\n|gametype|singles\n|player|p1|Dabaduh the worst|red|1119\n|player|p2|BubbleNebula|blackbelt-gen4dp|1113\n|gen|9\n|tier|[Gen 9] OU\n|rated|\n|rule|HP Percentage Mod: HP is shown in percentages\n|rule|Endless Battle Clause: Forcing endless battles is banned\n|rule|Species Clause: Limit one of each Pokémon\n|rule|OHKO Clause: OHKO moves are banned\n|rule|Evasion Items Clause: Evasion items are banned\n|rule|Evasion Moves Clause: Evasion moves are banned\n|rule|Evasion Abilities Clause: Evasion abilities are banned\n|rule|Sleep Moves Clause: Sleep-inducing moves are banned\n|clearpoke\n|poke|p1|Kyurem|\n|poke|p1|Dragonite, F|\n|poke|p1|Pecharunt|\n|poke|p1|Zamazenta-*|\n|poke|p1|Iron Treads|\n|poke|p1|Samurott-Hisui, F|\n|poke|p2|Blaziken, M|\n|poke|p2|Weavile, M|\n|poke|p2|Clodsire, F|\n|poke|p2|Okidogi, M|\n|poke|p2|Primarina, M|\n|poke|p2|Raging Bolt|\n|teampreview\n|\n|t:|1783820189\n|teamsize|p1|6\n|teamsize|p2|6\n|start\n|switch|p1a: Samurott|Samurott-Hisui, F, shiny|100/100\n|switch|p2a: Blaziken|Blaziken, M|100/100\n|turn|1\n|\n|t:|1783820203\n|switch|p1a: Zamazenta|Zamazenta, shiny|100/100\n|-ability|p1a: Zamazenta|Dauntless Shield|boost\n|-boost|p1a: Zamazenta|def|1\n|move|p2a: Blaziken|Protect||[still]\n|-fail|p2a: Blaziken\n|\n|-ability|p2a: Blaziken|Speed Boost|boost\n|-boost|p2a: Blaziken|spe|1\n|upkeep\n|turn|2\n|\n|t:|1783820217\n|move|p2a: Blaziken|Protect|p2a: Blaziken\n|-singleturn|p2a: Blaziken|Protect\n|move|p1a: Zamazenta|Roar|p2a: Blaziken\n|drag|p2a: Clodsire|Clodsire, F|100/100\n|\n|upkeep\n|turn|3\n|\n|t:|1783820230\n|move|p1a: Zamazenta|Heavy Slam|p2a: Clodsire\n|-damage|p2a: Clodsire|89/100\n|move|p2a: Clodsire|Stealth Rock|p1a: Zamazenta\n|-sidestart|p1: Dabaduh the worst|move: Stealth Rock\n|\n|-heal|p2a: Clodsire|95/100|[from] item: Leftovers\n|upkeep\n|turn|4\n|\n|t:|1783820241\n|move|p1a: Zamazenta|Heavy Slam|p2a: Clodsire\n|-damage|p2a: Clodsire|84/100\n|move|p2a: Clodsire|Toxic|p1a: Zamazenta\n|-status|p1a: Zamazenta|tox\n|\n|-heal|p2a: Clodsire|90/100|[from] item: Leftovers\n|-damage|p1a: Zamazenta|95/100 tox|[from] psn\n|upkeep\n|turn|5\n|\n|t:|1783820252\n|switch|p1a: Iron Treads|Iron Treads, shiny|100/100\n|-damage|p1a: Iron Treads|97/100|[from] Stealth Rock\n|move|p2a: Clodsire|Earthquake|p1a: Iron Treads\n|-supereffective|p1a: Iron Treads\n|-damage|p1a: Iron Treads|53/100\n|\n|-heal|p1a: Iron Treads|59/100|[from] item: Leftovers\n|-heal|p2a: Clodsire|96/100|[from] item: Leftovers\n|upkeep\n|turn|6\n|\n|t:|1783820265\n|move|p1a: Iron Treads|Rapid Spin|p2a: Clodsire\n|-damage|p2a: Clodsire|84/100\n|-boost|p1a: Iron Treads|spe|1\n|-sideend|p1: Dabaduh the worst|Stealth Rock|[from] move: Rapid Spin|[of] p1a: Iron Treads\n|move|p2a: Clodsire|Earthquake|p1a: Iron Treads\n|-supereffective|p1a: Iron Treads\n|-damage|p1a: Iron Treads|17/100\n|\n|-heal|p1a: Iron Treads|23/100|[from] item: Leftovers\n|-heal|p2a: Clodsire|90/100|[from] item: Leftovers\n|upkeep\n|turn|7\n|\n|t:|1783820275\n|move|p1a: Iron Treads|Stealth Rock|p2a: Clodsire\n|-sidestart|p2: BubbleNebula|move: Stealth Rock\n|move|p2a: Clodsire|Stealth Rock|p1a: Iron Treads\n|-sidestart|p1: Dabaduh the worst|move: Stealth Rock\n|\n|-heal|p1a: Iron Treads|30/100|[from] item: Leftovers\n|-heal|p2a: Clodsire|96/100|[from] item: Leftovers\n|upkeep\n|turn|8\n|\n|t:|1783820286\n|-end|p1a: Iron Treads|Quark Drive|[silent]\n|switch|p1a: Dragonite|Dragonite, F, shiny|100/100\n|move|p2a: Clodsire|Earthquake|p1a: Dragonite\n|-immune|p1a: Dragonite\n|\n|-heal|p2a: Clodsire|100/100|[from] item: Leftovers\n|upkeep\n|turn|9\n|\n|t:|1783820295\n|-terastallize|p1a: Dragonite|Ground\n|move|p1a: Dragonite|Dragon Dance|p1a: Dragonite\n|-boost|p1a: Dragonite|atk|1\n|-boost|p1a: Dragonite|spe|1\n|move|p2a: Clodsire|Toxic|p1a: Dragonite\n|-status|p1a: Dragonite|tox\n|\n|-damage|p1a: Dragonite|94/100 tox|[from] psn\n|upkeep\n|turn|10\n|\n|t:|1783820314\n|switch|p2a: Primarina|Primarina, M|100/100\n|-damage|p2a: Primarina|88/100|[from] Stealth Rock\n|move|p1a: Dragonite|Dragon Dance|p1a: Dragonite\n|-boost|p1a: Dragonite|atk|1\n|-boost|p1a: Dragonite|spe|1\n|\n|-heal|p2a: Primarina|94/100|[from] item: Leftovers\n|-damage|p1a: Dragonite|82/100 tox|[from] psn\n|upkeep\n|turn|11\n|\n|t:|1783820331\n|switch|p1a: Pecharunt|Pecharunt|100/100\n|move|p2a: Primarina|Alluring Voice|p1a: Pecharunt\n|-damage|p1a: Pecharunt|67/100\n|\n|-heal|p2a: Primarina|100/100|[from] item: Leftovers\n|upkeep\n|turn|12\n|c|☆Dabaduh the worst|Fucker noob\n|-message|Dabaduh the worst forfeited.\n|\n|win|BubbleNebula\n", "uploadtime": 1783820336, "views": 15, "formatid": "gen9ou", "rating": null, "private": 0, "password": null}