{"id": "gen9ou-2639215131", "format": "[Gen 9] OU", "players": ["UnexpectdSets", "snooklet"], "log": "|j|☆UnexpectdSets\n|j|☆snooklet\n|t:|1782435308\n|gametype|singles\n|player|p1|UnexpectdSets|flint|1306\n|player|p2|snooklet|2|1308\n|gen|9\n|tier|[Gen 9] OU\n|rated|\n|rule|HP Percentage Mod: HP is shown in percentages\n|rule|Endless Battle Clause: Forcing endless battles is banned\n|rule|Species Clause: Limit one of each Pokémon\n|rule|OHKO Clause: OHKO moves are banned\n|rule|Evasion Items Clause: Evasion items are banned\n|rule|Evasion Moves Clause: Evasion moves are banned\n|rule|Evasion Abilities Clause: Evasion abilities are banned\n|rule|Sleep Moves Clause: Sleep-inducing moves are banned\n|clearpoke\n|poke|p1|Zangoose, F|\n|poke|p1|Torkoal, M|\n|poke|p1|Great Tusk|\n|poke|p1|Thundurus-Therian, M|\n|poke|p1|Walking Wake|\n|poke|p1|Metagross|\n|poke|p2|Ninetales, F|\n|poke|p2|Walking Wake|\n|poke|p2|Darkrai|\n|poke|p2|Raging Bolt|\n|poke|p2|Moltres|\n|poke|p2|Ting-Lu|\n|teampreview\n|inactive|Battle timer is ON: inactive players will automatically lose when time's up. (requested by UnexpectdSets)\n|\n|t:|1782435344\n|teamsize|p1|6\n|teamsize|p2|6\n|start\n|switch|p1a: Walking Wake|Walking Wake|100/100\n|switch|p2a: Ting-Lu|Ting-Lu|100/100\n|-ability|p2a: Ting-Lu|Vessel of Ruin\n|turn|1\n|inactive|snooklet has 120 seconds left.\n|\n|t:|1782435375\n|move|p1a: Walking Wake|Flip Turn|p2a: Ting-Lu\n|-supereffective|p2a: Ting-Lu\n|-damage|p2a: Ting-Lu|82/100\n|\n|t:|1782435385\n|-end|p1a: Walking Wake|Protosynthesis|[silent]\n|switch|p1a: Torkoal|Torkoal, M, shiny|100/100|[from] Flip Turn\n|-weather|SunnyDay|[from] ability: Drought|[of] p1a: Torkoal\n|move|p2a: Ting-Lu|Stealth Rock|p1a: Torkoal\n|-sidestart|p1: UnexpectdSets|move: Stealth Rock\n|\n|-weather|SunnyDay|[upkeep]\n|-heal|p2a: Ting-Lu|88/100|[from] item: Leftovers\n|upkeep\n|turn|2\n|inactive|snooklet has 120 seconds left.\n|\n|t:|1782435410\n|move|p2a: Ting-Lu|Earthquake|p1a: Torkoal\n|-supereffective|p1a: Torkoal\n|-damage|p1a: Torkoal|57/100\n|move|p1a: Torkoal|Rapid Spin|p2a: Ting-Lu\n|-damage|p2a: Ting-Lu|83/100\n|-boost|p1a: Torkoal|spe|1\n|-sideend|p1: UnexpectdSets|Stealth Rock|[from] move: Rapid Spin|[of] p1a: Torkoal\n|\n|-weather|SunnyDay|[upkeep]\n|-heal|p2a: Ting-Lu|89/100|[from] item: Leftovers\n|upkeep\n|turn|3\n|\n|t:|1782435425\n|switch|p1a: Great Tusk|Great Tusk, shiny|100/100\n|-activate|p1a: Great Tusk|ability: Protosynthesis\n|-start|p1a: Great Tusk|protosynthesisatk\n|move|p2a: Ting-Lu|Earthquake|p1a: Great Tusk\n|-damage|p1a: Great Tusk|75/100\n|\n|-weather|SunnyDay|[upkeep]\n|-heal|p2a: Ting-Lu|95/100|[from] item: Leftovers\n|upkeep\n|turn|4\n|inactive|snooklet has 120 seconds left.\n|\n|t:|1782435438\n|move|p1a: Great Tusk|Close Combat|p2a: Ting-Lu\n|-supereffective|p2a: Ting-Lu\n|-damage|p2a: Ting-Lu|17/100\n|-unboost|p1a: Great Tusk|def|1\n|-unboost|p1a: Great Tusk|spd|1\n|move|p2a: Ting-Lu|Ruination|p1a: Great Tusk\n|-damage|p1a: Great Tusk|38/100\n|\n|-weather|SunnyDay|[upkeep]\n|-heal|p2a: Ting-Lu|23/100|[from] item: Leftovers\n|upkeep\n|turn|5\n|inactive|snooklet has 120 seconds left.\n|\n|t:|1782435449\n|switch|p2a: Moltres|Moltres|100/100\n|move|p1a: Great Tusk|Close Combat|p2a: Moltres\n|-resisted|p2a: Moltres\n|-damage|p2a: Moltres|74/100\n|-unboost|p1a: Great Tusk|def|1\n|-unboost|p1a: Great Tusk|spd|1\n|\n|-weather|SunnyDay|[upkeep]\n|upkeep\n|turn|6\n|inactive|snooklet has 120 seconds left.\n|\n|t:|1782435459\n|move|p1a: Great Tusk|Close Combat|p2a: Moltres\n|-resisted|p2a: Moltres\n|-damage|p2a: Moltres|49/100\n|-unboost|p1a: Great Tusk|def|1\n|-unboost|p1a: Great Tusk|spd|1\n|move|p2a: Moltres|U-turn|p1a: Great Tusk\n|-resisted|p1a: Great Tusk\n|-damage|p1a: Great Tusk|25/100\n|inactive|snooklet has 120 seconds left.\n|\n|t:|1782435468\n|switch|p2a: Darkrai|Darkrai|100/100|[from] U-turn\n|\n|-weather|SunnyDay|[upkeep]\n|upkeep\n|turn|7\n|inactive|snooklet has 120 seconds left.\n|\n|t:|1782435481\n|move|p2a: Darkrai|Dark Pulse|p1a: Great Tusk\n|-resisted|p1a: Great Tusk\n|-damage|p1a: Great Tusk|0 fnt\n|faint|p1a: Great Tusk\n|-end|p1a: Great Tusk|Protosynthesis|[silent]\n|\n|-weather|SunnyDay|[upkeep]\n|upkeep\n|\n|t:|1782435501\n|switch|p1a: Walking Wake|Walking Wake|100/100\n|-activate|p1a: Walking Wake|ability: Protosynthesis\n|-start|p1a: Walking Wake|protosynthesisspe\n|turn|8\n|inactive|snooklet has 120 seconds left.\n|\n|t:|1782435534\n|switch|p2a: Ting-Lu|Ting-Lu|23/100\n|-ability|p2a: Ting-Lu|Vessel of Ruin\n|move|p1a: Walking Wake|Hydro Steam|p2a: Ting-Lu\n|-supereffective|p2a: Ting-Lu\n|-damage|p2a: Ting-Lu|0 fnt\n|faint|p2a: Ting-Lu\n|\n|-weather|none\n|-end|p1a: Walking Wake|Protosynthesis\n|upkeep\n|\n|t:|1782435544\n|switch|p2a: Walking Wake|Walking Wake|100/100\n|turn|9\n|\n|t:|1782435550\n|-end|p1a: Walking Wake|Protosynthesis|[silent]\n|switch|p1a: Metagross|Metagross, shiny|100/100\n|move|p2a: Walking Wake|Draco Meteor|p1a: Metagross\n|-resisted|p1a: Metagross\n|-damage|p1a: Metagross|72/100\n|-unboost|p2a: Walking Wake|spa|2\n|\n|upkeep\n|turn|10\n|\n|t:|1782435563\n|-end|p2a: Walking Wake|Protosynthesis|[silent]\n|switch|p2a: Ninetales|Ninetales, F|100/100\n|-weather|SunnyDay|[from] ability: Drought|[of] p2a: Ninetales\n|move|p1a: Metagross|Psychic Fangs|p2a: Ninetales\n|-damage|p2a: Ninetales|39/100\n|\n|-weather|SunnyDay|[upkeep]\n|upkeep\n|turn|11\n|inactive|snooklet has 120 seconds left.\n|\n|t:|1782435592\n|switch|p1a: Walking Wake|Walking Wake|100/100\n|-activate|p1a: Walking Wake|ability: Protosynthesis\n|-start|p1a: Walking Wake|protosynthesisspe\n|move|p2a: Ninetales|Weather Ball|p1a: Walking Wake\n|-resisted|p1a: Walking Wake\n|-damage|p1a: Walking Wake|88/100\n|\n|-weather|SunnyDay|[upkeep]\n|upkeep\n|turn|12\n|\n|t:|1782435603\n|move|p1a: Walking Wake|Hydro Steam|p2a: Ninetales\n|-supereffective|p2a: Ninetales\n|-damage|p2a: Ninetales|0 fnt\n|faint|p2a: Ninetales\n|\n|-weather|SunnyDay|[upkeep]\n|upkeep\n|\n|t:|1782435609\n|switch|p2a: Walking Wake|Walking Wake|100/100\n|-activate|p2a: Walking Wake|ability: Protosynthesis\n|-start|p2a: Walking Wake|protosynthesisspe\n|turn|13\n|\n|t:|1782435621\n|-terastallize|p1a: Walking Wake|Electric\n|move|p2a: Walking Wake|Flamethrower|p1a: Walking Wake\n|-damage|p1a: Walking Wake|2/100\n|move|p1a: Walking Wake|Draco Meteor|p2a: Walking Wake\n|-supereffective|p2a: Walking Wake\n|-damage|p2a: Walking Wake|0 fnt\n|-unboost|p1a: Walking Wake|spa|2\n|faint|p2a: Walking Wake\n|-end|p2a: Walking Wake|Protosynthesis|[silent]\n|\n|-weather|SunnyDay|[upkeep]\n|upkeep\n|\n|t:|1782435632\n|switch|p2a: Raging Bolt|Raging Bolt|100/100\n|-activate|p2a: Raging Bolt|ability: Protosynthesis\n|-start|p2a: Raging Bolt|protosynthesisspa\n|turn|14\n|\n|t:|1782435637\n|move|p2a: Raging Bolt|Thunderclap|p1a: Walking Wake\n|-resisted|p1a: Walking Wake\n|-damage|p1a: Walking Wake|0 fnt\n|faint|p1a: Walking Wake\n|-end|p1a: Walking Wake|Protosynthesis|[silent]\n|\n|-weather|SunnyDay|[upkeep]\n|upkeep\n|\n|t:|1782435643\n|switch|p1a: Thundurus|Thundurus-Therian, M, shiny|100/100\n|turn|15\n|\n|t:|1782435649\n|move|p1a: Thundurus|Dark Pulse|p2a: Raging Bolt\n|-damage|p2a: Raging Bolt|66/100\n|move|p2a: Raging Bolt|Dragon Pulse|p1a: Thundurus\n|-damage|p1a: Thundurus|16/100\n|\n|-weather|SunnyDay|[upkeep]\n|upkeep\n|turn|16\n|\n|t:|1782435655\n|move|p1a: Thundurus|Dark Pulse|p2a: Raging Bolt\n|-damage|p2a: Raging Bolt|36/100\n|move|p2a: Raging Bolt|Dragon Pulse|p1a: Thundurus\n|-damage|p1a: Thundurus|0 fnt\n|faint|p1a: Thundurus\n|\n|-weather|SunnyDay|[upkeep]\n|upkeep\n|\n|t:|1782435662\n|switch|p1a: Zangoose|Zangoose, F|100/100\n|turn|17\n|\n|t:|1782435668\n|move|p1a: Zangoose|Quick Attack|p2a: Raging Bolt\n|-damage|p2a: Raging Bolt|16/100\n|move|p2a: Raging Bolt|Thunder Wave|p1a: Zangoose\n|-status|p1a: Zangoose|par\n|\n|-weather|none\n|-end|p2a: Raging Bolt|Protosynthesis\n|upkeep\n|turn|18\n|\n|t:|1782435676\n|-end|p2a: Raging Bolt|Protosynthesis|[silent]\n|switch|p2a: Moltres|Moltres|49/100\n|move|p1a: Zangoose|Quick Attack|p2a: Moltres\n|-damage|p2a: Moltres|35/100\n|\n|upkeep\n|turn|19\n|\n|t:|1782435682\n|move|p2a: Moltres|Roost|p2a: Moltres\n|-heal|p2a: Moltres|85/100\n|-singleturn|p2a: Moltres|move: Roost\n|move|p1a: Zangoose|Facade|p2a: Moltres\n|-damage|p2a: Moltres|41/100\n|\n|upkeep\n|turn|20\n|\n|t:|1782435690\n|move|p2a: Moltres|Roost|p2a: Moltres\n|-heal|p2a: Moltres|91/100\n|-singleturn|p2a: Moltres|move: Roost\n|move|p1a: Zangoose|Facade|p2a: Moltres\n|-damage|p2a: Moltres|45/100\n|\n|upkeep\n|turn|21\n|\n|t:|1782435696\n|move|p2a: Moltres|Roost|p2a: Moltres\n|-heal|p2a: Moltres|95/100\n|-singleturn|p2a: Moltres|move: Roost\n|move|p1a: Zangoose|Knock Off|p2a: Moltres\n|-damage|p2a: Moltres|72/100\n|-enditem|p2a: Moltres|Heavy-Duty Boots|[from] move: Knock Off|[of] p1a: Zangoose\n|\n|upkeep\n|turn|22\n|\n|t:|1782435705\n|move|p2a: Moltres|Flamethrower|p1a: Zangoose\n|-damage|p1a: Zangoose|35/100 par\n|cant|p1a: Zangoose|par\n|\n|upkeep\n|turn|23\n|\n|t:|1782435710\n|move|p1a: Zangoose|Quick Attack|p2a: Moltres\n|-crit|p2a: Moltres\n|-damage|p2a: Moltres|52/100\n|move|p2a: Moltres|Flamethrower|p1a: Zangoose\n|-damage|p1a: Zangoose|0 fnt\n|faint|p1a: Zangoose\n|\n|upkeep\n|\n|t:|1782435714\n|switch|p1a: Torkoal|Torkoal, M, shiny|57/100\n|-weather|SunnyDay|[from] ability: Drought|[of] p1a: Torkoal\n|turn|24\n|\n|t:|1782435722\n|move|p2a: Moltres|Flamethrower|p1a: Torkoal\n|-resisted|p1a: Torkoal\n|-damage|p1a: Torkoal|22/100\n|move|p1a: Torkoal|Earth Power|p2a: Moltres\n|-immune|p2a: Moltres\n|\n|-weather|SunnyDay|[upkeep]\n|upkeep\n|turn|25\n|-message|UnexpectdSets forfeited.\n|\n|win|snooklet\n|raw|UnexpectdSets's rating: 1306 &rarr; <strong>1286</strong><br />(-20 for losing)\n|raw|snooklet's rating: 1308 &rarr; <strong>1328</strong><br />(+20 for winning)\n|l|☆UnexpectdSets\n|player|p1|\n|c|☆snooklet|?\n|l|☆snooklet\n|player|p2|\n", "uploadtime": 1782436091, "views": 7, "formatid": "gen9ou", "rating": 1286, "private": 0, "password": null}