{"id": "gen9ou-2540613109", "format": "[Gen 9] OU", "players": ["PyroVax", "ykykp"], "log": "|j|☆PyroVax\n|j|☆ykykp\n|t:|1771227321\n|gametype|singles\n|player|p1|PyroVax|265|1573\n|player|p2|ykykp|102|1648\n|gen|9\n|tier|[Gen 9] OU\n|rated|\n|rule|HP Percentage Mod: HP is shown in percentages\n|rule|Endless Battle Clause: Forcing endless battles is banned\n|rule|Species Clause: Limit one of each Pokémon\n|rule|OHKO Clause: OHKO moves are banned\n|rule|Evasion Items Clause: Evasion items are banned\n|rule|Evasion Moves Clause: Evasion moves are banned\n|rule|Evasion Abilities Clause: Evasion abilities are banned\n|rule|Sleep Moves Clause: Sleep-inducing moves are banned\n|clearpoke\n|poke|p1|Garganacl, M|\n|poke|p1|Corviknight, F|\n|poke|p1|Clodsire, F|\n|poke|p1|Dondozo, F|\n|poke|p1|Blissey, F|\n|poke|p1|Gliscor, F|\n|poke|p2|Articuno-Galar|\n|poke|p2|Araquanid, F|\n|poke|p2|Cinderace, M|\n|poke|p2|Kingambit, F|\n|poke|p2|Serperior, F|\n|poke|p2|Dragapult, F|\n|teampreview\n|inactive|Battle timer is ON: inactive players will automatically lose when time's up. (requested by ykykp)\n|\n|t:|1771227342\n|teamsize|p1|6\n|teamsize|p2|6\n|start\n|switch|p1a: Gliscor|Gliscor, F|100/100\n|switch|p2a: Araquanid|Araquanid, F|100/100\n|turn|1\n|\n|t:|1771227354\n|move|p1a: Gliscor|Spikes|p2a: Araquanid\n|-sidestart|p2: ykykp|Spikes\n|move|p2a: Araquanid|Sticky Web|p1a: Gliscor\n|-sidestart|p1: PyroVax|move: Sticky Web\n|\n|-status|p1a: Gliscor|tox|[from] item: Toxic Orb\n|upkeep\n|turn|2\n|\n|t:|1771227360\n|switch|p2a: Cinderace|Cinderace, M|100/100\n|move|p1a: Gliscor|Protect||[still]\n|-fail|p1a: Gliscor\n|\n|upkeep\n|turn|3\n|\n|t:|1771227365\n|move|p2a: Cinderace|Court Change|p2a: Cinderace\n|-swapsideconditions\n|-activate|p2a: Cinderace|move: Court Change\n|move|p1a: Gliscor|Spikes|p2a: Cinderace\n|-sidestart|p2: ykykp|Spikes\n|\n|upkeep\n|turn|4\n|\n|t:|1771227369\n|switch|p2a: Articuno|Articuno-Galar|100/100\n|-activate|p2a: Articuno|move: Sticky Web\n|-unboost|p2a: Articuno|spe|1\n|-ability|p2a: Articuno|Competitive|boost\n|-boost|p2a: Articuno|spa|2\n|-damage|p2a: Articuno|88/100|[from] Spikes\n|move|p1a: Gliscor|Spikes|p2a: Articuno\n|-sidestart|p2: ykykp|Spikes\n|\n|upkeep\n|turn|5\n|\n|t:|1771227381\n|move|p1a: Gliscor|Toxic|p2a: Articuno\n|-status|p2a: Articuno|tox\n|move|p2a: Articuno|Trick Room|p2a: Articuno\n|-fieldstart|move: Trick Room|[of] p2a: Articuno\n|\n|-damage|p2a: Articuno|82/100 tox|[from] psn\n|upkeep\n|turn|6\n|\n|t:|1771227389\n|move|p1a: Gliscor|Protect|p1a: Gliscor\n|-singleturn|p1a: Gliscor|Protect\n|move|p2a: Articuno|Hurricane|p1a: Gliscor\n|-activate|p1a: Gliscor|move: Protect\n|\n|-damage|p2a: Articuno|70/100 tox|[from] psn\n|upkeep\n|turn|7\n|\n|t:|1771227396\n|switch|p1a: Blissey|Blissey, F|100/100\n|move|p2a: Articuno|Psyshock|p1a: Blissey\n|-damage|p1a: Blissey|10/100\n|\n|-damage|p2a: Articuno|52/100 tox|[from] psn\n|upkeep\n|turn|8\n|\n|t:|1771227407\n|-terastallize|p1a: Blissey|Dark\n|move|p2a: Articuno|Hurricane|p1a: Blissey|[miss]\n|-miss|p2a: Articuno|p1a: Blissey\n|move|p1a: Blissey|Soft-Boiled|p1a: Blissey\n|-heal|p1a: Blissey|60/100\n|\n|-damage|p2a: Articuno|28/100 tox|[from] psn\n|upkeep\n|turn|9\n|-message|ykykp forfeited.\n|\n|win|PyroVax\n|raw|PyroVax's rating: 1573 &rarr; <strong>1597</strong><br />(+24 for winning)\n|raw|ykykp's rating: 1648 &rarr; <strong>1624</strong><br />(-24 for losing)\n|l|☆ykykp\n|player|p2|\n|l|☆PyroVax\n|player|p1|\n", "uploadtime": 1771227650, "views": 7, "formatid": "gen9ou", "rating": 1597, "private": 0, "password": null}