{"id": "gen9ou-2647844885", "format": "[Gen 9] OU", "players": ["Mr Tpen", "The median voter"], "log": "|j|☆Mr Tpen\n|j|☆The median voter\n|t:|1783822721\n|gametype|singles\n|player|p1|Mr Tpen|101|1713\n|player|p2|The median voter|scientist-gen4dp|1734\n|gen|9\n|tier|[Gen 9] OU\n|rated|\n|rule|HP Percentage Mod: HP is shown in percentages\n|rule|Endless Battle Clause: Forcing endless battles is banned\n|rule|Species Clause: Limit one of each Pokémon\n|rule|OHKO Clause: OHKO moves are banned\n|rule|Evasion Items Clause: Evasion items are banned\n|rule|Evasion Moves Clause: Evasion moves are banned\n|rule|Evasion Abilities Clause: Evasion abilities are banned\n|rule|Sleep Moves Clause: Sleep-inducing moves are banned\n|clearpoke\n|poke|p1|Clodsire, M|\n|poke|p1|Toxapex, F|\n|poke|p1|Corviknight, F|\n|poke|p1|Dondozo, M|\n|poke|p1|Clefable, F|\n|poke|p1|Gliscor, M|\n|poke|p2|Ribombee, F|\n|poke|p2|Raging Bolt|\n|poke|p2|Gholdengo|\n|poke|p2|Dragapult, F|\n|poke|p2|Kingambit, F|\n|poke|p2|Iron Valiant|\n|teampreview\n|inactive|Battle timer is ON: inactive players will automatically lose when time's up. (requested by Mr Tpen)\n|\n|t:|1783822735\n|teamsize|p1|6\n|teamsize|p2|6\n|start\n|switch|p1a: nothing new there|Gliscor, M|100/100\n|switch|p2a: Iron Valiant|Iron Valiant|100/100\n|-enditem|p2a: Iron Valiant|Booster Energy\n|-activate|p2a: Iron Valiant|ability: Quark Drive|[fromitem]\n|-start|p2a: Iron Valiant|quarkdrivespa\n|turn|1\n|j| arturohdez\n|\n|t:|1783822743\n|move|p1a: nothing new there|Protect|p1a: nothing new there\n|-singleturn|p1a: nothing new there|Protect\n|move|p2a: Iron Valiant|Substitute|p2a: Iron Valiant\n|-start|p2a: Iron Valiant|Substitute\n|-damage|p2a: Iron Valiant|76/100\n|\n|-status|p1a: nothing new there|tox|[from] item: Toxic Orb\n|upkeep\n|turn|2\n|\n|t:|1783822747\n|switch|p1a: did you calc that?|Clodsire, M|100/100\n|move|p2a: Iron Valiant|Calm Mind|p2a: Iron Valiant\n|-boost|p2a: Iron Valiant|spa|1\n|-boost|p2a: Iron Valiant|spd|1\n|\n|upkeep\n|turn|3\n|\n|t:|1783822750\n|move|p2a: Iron Valiant|Shadow Ball|p1a: did you calc that?\n|-damage|p1a: did you calc that?|82/100\n|move|p1a: did you calc that?|Poison Jab|p2a: Iron Valiant\n|-supereffective|p2a: Iron Valiant\n|-end|p2a: Iron Valiant|Substitute\n|\n|upkeep\n|turn|4\n|\n|t:|1783822763\n|-end|p2a: Iron Valiant|Quark Drive|[silent]\n|switch|p2a: Gholdengo|Gholdengo|100/100\n|-item|p2a: Gholdengo|Air Balloon\n|move|p1a: did you calc that?|Poison Jab|p2a: Gholdengo\n|-immune|p2a: Gholdengo\n|\n|upkeep\n|turn|5\n|\n|t:|1783822770\n|switch|p1a: per my last turn|Corviknight, F|100/100\n|-ability|p1a: per my last turn|Pressure\n|move|p2a: Gholdengo|Nasty Plot|p2a: Gholdengo\n|-boost|p2a: Gholdengo|spa|2\n|\n|upkeep\n|turn|6\n|j| Kathryne Keyron\n|\n|t:|1783822773\n|move|p2a: Gholdengo|Shadow Ball|p1a: per my last turn\n|-damage|p1a: per my last turn|44/100\n|move|p1a: per my last turn|Brave Bird|p2a: Gholdengo\n|-resisted|p2a: Gholdengo\n|-damage|p2a: Gholdengo|78/100\n|-enditem|p2a: Gholdengo|Air Balloon\n|-damage|p1a: per my last turn|38/100|[from] Recoil\n|\n|-heal|p1a: per my last turn|44/100|[from] item: Leftovers\n|upkeep\n|turn|7\n|\n|t:|1783822778\n|switch|p1a: did you calc that?|Clodsire, M|82/100\n|move|p2a: Gholdengo|Shadow Ball|p1a: did you calc that?\n|-damage|p1a: did you calc that?|59/100\n|\n|upkeep\n|turn|8\n|\n|t:|1783822781\n|move|p2a: Gholdengo|Psyshock|p1a: did you calc that?\n|-supereffective|p1a: did you calc that?\n|-damage|p1a: did you calc that?|0 fnt\n|faint|p1a: did you calc that?\n|\n|upkeep\n|\n|t:|1783822783\n|switch|p1a: keep trying|Dondozo, M|100/100\n|turn|9\n|\n|t:|1783822791\n|-terastallize|p2a: Gholdengo|Fighting\n|-terastallize|p1a: keep trying|Dark\n|move|p2a: Gholdengo|Shadow Ball|p1a: keep trying\n|-resisted|p1a: keep trying\n|-damage|p1a: keep trying|80/100\n|move|p1a: keep trying|Crunch|p2a: Gholdengo\n|-resisted|p2a: Gholdengo\n|-damage|p2a: Gholdengo|63/100\n|-unboost|p2a: Gholdengo|def|1\n|\n|-heal|p1a: keep trying|86/100|[from] item: Leftovers\n|upkeep\n|turn|10\n|\n|t:|1783822799\n|move|p2a: Gholdengo|Focus Blast|p1a: keep trying\n|-supereffective|p1a: keep trying\n|-damage|p1a: keep trying|0 fnt\n|faint|p1a: keep trying\n|\n|upkeep\n|-message|Mr Tpen forfeited.\n|\n|win|The median voter\n|raw|Mr Tpen's rating: 1713 &rarr; <strong>1694</strong><br />(-19 for losing)\n|raw|The median voter's rating: 1734 &rarr; <strong>1753</strong><br />(+19 for winning)\n|l|☆Mr Tpen\n|player|p1|\n|l| arturohdez\n", "uploadtime": 1783823024, "views": 1, "formatid": "gen9ou", "rating": 1694, "private": 0, "password": null}