{"id": "gen9ou-2647788380", "format": "[Gen 9] OU", "players": ["RAIOWS", "passtimeatwork1994"], "log": "|j|☆RAIOWS\n|j|☆passtimeatwork1994\n|t:|1783812749\n|gametype|singles\n|player|p1|RAIOWS|170|1040\n|player|p2|passtimeatwork1994|265|1090\n|gen|9\n|tier|[Gen 9] OU\n|rated|\n|rule|HP Percentage Mod: HP is shown in percentages\n|rule|Endless Battle Clause: Forcing endless battles is banned\n|rule|Species Clause: Limit one of each Pokémon\n|rule|OHKO Clause: OHKO moves are banned\n|rule|Evasion Items Clause: Evasion items are banned\n|rule|Evasion Moves Clause: Evasion moves are banned\n|rule|Evasion Abilities Clause: Evasion abilities are banned\n|rule|Sleep Moves Clause: Sleep-inducing moves are banned\n|clearpoke\n|poke|p1|Hatterene, F|\n|poke|p1|Torkoal, M|\n|poke|p1|Slowking-Galar, F|\n|poke|p1|Gholdengo|\n|poke|p1|Iron Hands|\n|poke|p1|Sinistcha-Masterpiece|\n|poke|p2|Arcanine-Hisui, M|\n|poke|p2|Iron Valiant|\n|poke|p2|Dragapult, F|\n|poke|p2|Regieleki|\n|poke|p2|Torterra, M|\n|poke|p2|Greninja-*, M|\n|teampreview\n|\n|t:|1783812767\n|teamsize|p1|6\n|teamsize|p2|6\n|start\n|switch|p1a: Slowking|Slowking-Galar, F|100/100\n|switch|p2a: Dragapult|Dragapult, F|100/100\n|turn|1\n|\n|t:|1783812793\n|move|p2a: Dragapult|Thunder Wave|p1a: Slowking\n|-status|p1a: Slowking|par\n|move|p1a: Slowking|Future Sight|p2a: Dragapult\n|-start|p1a: Slowking|move: Future Sight\n|\n|upkeep\n|turn|2\n|inactive|Battle timer is ON: inactive players will automatically lose when time's up. (requested by passtimeatwork1994)\n|\n|t:|1783812800\n|move|p2a: Dragapult|U-turn|p1a: Slowking\n|-damage|p1a: Slowking|84/100 par\n|\n|t:|1783812804\n|switch|p2a: Greninja|Greninja, M|100/100|[from] U-turn\n|-prepare|p1a: Slowking|Chilly Reception|[premajor]\n|move|p1a: Slowking|Chilly Reception|p1a: Slowking\n|-weather|Snowscape\n|\n|t:|1783812816\n|switch|p1a: Iron Hands|Iron Hands|100/100|[from] Chilly Reception\n|\n|-weather|Snowscape|[upkeep]\n|upkeep\n|turn|3\n|\n|t:|1783812828\n|move|p2a: Greninja|Surf|p1a: Iron Hands\n|-damage|p1a: Iron Hands|77/100\n|move|p1a: Iron Hands|Wild Charge|p2a: Greninja\n|-supereffective|p2a: Greninja\n|-damage|p2a: Greninja|0 fnt\n|faint|p2a: Greninja\n|-damage|p1a: Iron Hands|63/100|[from] Recoil\n|\n|-weather|Snowscape|[upkeep]\n|-hint|Future Sight did not hit because the target is fainted.\n|upkeep\n|\n|t:|1783812841\n|switch|p2a: Arcanine|Arcanine-Hisui, M|100/100\n|turn|4\n|\n|t:|1783812853\n|-terastallize|p1a: Iron Hands|Flying\n|move|p2a: Arcanine|Head Smash|p1a: Iron Hands\n|-supereffective|p1a: Iron Hands\n|-damage|p1a: Iron Hands|0 fnt\n|faint|p1a: Iron Hands\n|-end|p1a: Iron Hands|Quark Drive|[silent]\n|\n|-weather|Snowscape|[upkeep]\n|upkeep\n|\n|t:|1783812862\n|switch|p1a: Slowking|Slowking-Galar, F|100/100 par\n|turn|5\n|\n|t:|1783812868\n|move|p2a: Arcanine|Head Smash|p1a: Slowking\n|-damage|p1a: Slowking|0 fnt\n|faint|p1a: Slowking\n|\n|-weather|Snowscape|[upkeep]\n|upkeep\n|\n|t:|1783812883\n|switch|p1a: Sinistcha|Sinistcha-Masterpiece|100/100\n|turn|6\n|\n|t:|1783812902\n|move|p2a: Arcanine|Head Smash|p1a: Sinistcha\n|-crit|p1a: Sinistcha\n|-damage|p1a: Sinistcha|0 fnt\n|faint|p1a: Sinistcha\n|\n|-weather|none\n|upkeep\n|\n|t:|1783812910\n|switch|p1a: Gholdengo|Gholdengo|100/100\n|turn|7\n|\n|t:|1783812920\n|switch|p2a: Regieleki|Regieleki|100/100\n|move|p1a: Gholdengo|Make It Rain|p2a: Regieleki\n|-resisted|p2a: Regieleki\n|-damage|p2a: Regieleki|41/100\n|-unboost|p1a: Gholdengo|spa|1\n|\n|upkeep\n|turn|8\n|\n|t:|1783812935\n|move|p2a: Regieleki|Volt Switch|p1a: Gholdengo\n|-damage|p1a: Gholdengo|65/100\n|\n|t:|1783812943\n|switch|p2a: Torterra|Torterra, M|100/100|[from] Volt Switch\n|move|p1a: Gholdengo|Make It Rain|p2a: Torterra\n|-damage|p2a: Torterra|44/100\n|-unboost|p1a: Gholdengo|spa|1\n|\n|-heal|p1a: Gholdengo|71/100|[from] item: Leftovers\n|upkeep\n|turn|9\n|\n|t:|1783812956\n|move|p1a: Gholdengo|Make It Rain|p2a: Torterra\n|-damage|p2a: Torterra|2/100\n|-unboost|p1a: Gholdengo|spa|1\n|move|p2a: Torterra|Headlong Rush|p1a: Gholdengo\n|-supereffective|p1a: Gholdengo\n|-damage|p1a: Gholdengo|0 fnt\n|-unboost|p2a: Torterra|def|1\n|-unboost|p2a: Torterra|spd|1\n|faint|p1a: Gholdengo\n|-enditem|p2a: Torterra|White Herb\n|-clearnegativeboost|p2a: Torterra|[silent]\n|\n|upkeep\n|\n|t:|1783812970\n|switch|p1a: Torkoal|Torkoal, M|100/100\n|-weather|SunnyDay|[from] ability: Drought|[of] p1a: Torkoal\n|turn|10\n|\n|t:|1783812975\n|move|p2a: Torterra|Headlong Rush|p1a: Torkoal\n|-supereffective|p1a: Torkoal\n|-damage|p1a: Torkoal|13/100\n|-unboost|p2a: Torterra|def|1\n|-unboost|p2a: Torterra|spd|1\n|move|p1a: Torkoal|Eruption|p2a: Torterra\n|-supereffective|p2a: Torterra\n|-damage|p2a: Torterra|0 fnt\n|faint|p2a: Torterra\n|\n|-weather|SunnyDay|[upkeep]\n|upkeep\n|\n|t:|1783812988\n|switch|p2a: Regieleki|Regieleki|41/100\n|turn|11\n|\n|t:|1783812991\n|switch|p1a: Hatterene|Hatterene, F|100/100\n|move|p2a: Regieleki|Volt Switch|p1a: Hatterene\n|-damage|p1a: Hatterene|68/100\n|\n|t:|1783812996\n|switch|p2a: Arcanine|Arcanine-Hisui, M|100/100|[from] Volt Switch\n|\n|-weather|SunnyDay|[upkeep]\n|upkeep\n|turn|12\n|\n|t:|1783813001\n|move|p2a: Arcanine|Flare Blitz|p1a: Hatterene\n|-damage|p1a: Hatterene|0 fnt\n|faint|p1a: Hatterene\n|\n|-weather|SunnyDay|[upkeep]\n|upkeep\n|-message|RAIOWS forfeited.\n|\n|win|passtimeatwork1994\n|raw|RAIOWS's rating: 1040 &rarr; <strong>1026</strong><br />(-14 for losing)\n|raw|passtimeatwork1994's rating: 1090 &rarr; <strong>1113</strong><br />(+23 for winning)\n|l|☆RAIOWS\n|player|p1|\n", "uploadtime": 1783813009, "views": 11, "formatid": "gen9ou", "rating": 1026, "private": 0, "password": null}