{"id": "gen9ou-2639304983", "format": "[Gen 9] OU", "players": ["LowEL0God", "abhii.g"], "log": "|j|☆LowEL0God\n|j|☆abhii.g\n|t:|1782449532\n|gametype|singles\n|player|p1|LowEL0God|2|1643\n|player|p2|abhii.g|benga|1551\n|gen|9\n|tier|[Gen 9] OU\n|rated|\n|rule|HP Percentage Mod: HP is shown in percentages\n|rule|Endless Battle Clause: Forcing endless battles is banned\n|rule|Species Clause: Limit one of each Pokémon\n|rule|OHKO Clause: OHKO moves are banned\n|rule|Evasion Items Clause: Evasion items are banned\n|rule|Evasion Moves Clause: Evasion moves are banned\n|rule|Evasion Abilities Clause: Evasion abilities are banned\n|rule|Sleep Moves Clause: Sleep-inducing moves are banned\n|clearpoke\n|poke|p1|Pelipper, F|\n|poke|p1|Torkoal, M|\n|poke|p1|Walking Wake|\n|poke|p1|Tyranitar, M|\n|poke|p1|Excadrill, F|\n|poke|p1|Ogerpon-Wellspring, F|\n|poke|p2|Raging Bolt|\n|poke|p2|Alomomola, M|\n|poke|p2|Hatterene, F|\n|poke|p2|Lokix, M|\n|poke|p2|Great Tusk|\n|poke|p2|Heatran, M|\n|teampreview\n|j| pls game\n|inactive|Battle timer is ON: inactive players will automatically lose when time's up. (requested by LowEL0God)\n|\n|t:|1782449542\n|teamsize|p1|6\n|teamsize|p2|6\n|start\n|switch|p1a: Walking Wake|Walking Wake|100/100\n|switch|p2a: Lokix|Lokix, M, shiny|100/100\n|turn|1\n|\n|t:|1782449551\n|switch|p2a: Gyatterene|Hatterene, F, shiny|100/100\n|move|p1a: Walking Wake|Hydro Steam|p2a: Gyatterene\n|-damage|p2a: Gyatterene|66/100\n|\n|upkeep\n|turn|2\n|\n|t:|1782449559\n|-end|p1a: Walking Wake|Protosynthesis|[silent]\n|switch|p1a: No Hazards for You|Excadrill, F, shiny|100/100\n|move|p2a: Gyatterene|Draining Kiss|p1a: No Hazards for You\n|-resisted|p1a: No Hazards for You\n|-damage|p1a: No Hazards for You|84/100\n|-heal|p2a: Gyatterene|80/100|[from] drain|[of] p1a: No Hazards for You\n|\n|upkeep\n|turn|3\n|\n|t:|1782449566\n|switch|p2a: Manfred|Great Tusk|100/100\n|move|p1a: No Hazards for You|Earthquake|p2a: Manfred\n|-damage|p2a: Manfred|33/100\n|\n|upkeep\n|turn|4\n|\n|t:|1782449572\n|-end|p2a: Manfred|Protosynthesis|[silent]\n|switch|p2a: Luvdisk|Alomomola, M|100/100\n|switch|p1a: Hurricane Spam|Pelipper, F, shiny|100/100\n|-weather|RainDance|[from] ability: Drizzle|[of] p1a: Hurricane Spam\n|\n|-weather|RainDance|[upkeep]\n|upkeep\n|turn|5\n|\n|t:|1782449578\n|move|p1a: Hurricane Spam|Hurricane|p2a: Luvdisk\n|-damage|p2a: Luvdisk|30/100\n|-start|p2a: Luvdisk|confusion\n|-enditem|p2a: Luvdisk|Eject Button\n|\n|t:|1782449583\n|switch|p2a: U dropping neck?|Raging Bolt|100/100\n|\n|-weather|RainDance|[upkeep]\n|upkeep\n|turn|6\n|\n|t:|1782449587\n|-end|p2a: U dropping neck?|Protosynthesis|[silent]\n|switch|p2a: Manfred|Great Tusk|33/100\n|switch|p1a: No Hazards for You|Excadrill, F, shiny|84/100\n|\n|-weather|RainDance|[upkeep]\n|upkeep\n|turn|7\n|\n|t:|1782449592\n|move|p2a: Manfred|Close Combat|p1a: No Hazards for You\n|-supereffective|p1a: No Hazards for You\n|-damage|p1a: No Hazards for You|0 fnt\n|-unboost|p2a: Manfred|def|1\n|-unboost|p2a: Manfred|spd|1\n|faint|p1a: No Hazards for You\n|\n|-weather|RainDance|[upkeep]\n|upkeep\n|\n|t:|1782449593\n|switch|p1a: Walking Wake|Walking Wake|100/100\n|turn|8\n|\n|t:|1782449598\n|move|p1a: Walking Wake|Hydro Steam|p2a: Manfred\n|-supereffective|p2a: Manfred\n|-damage|p2a: Manfred|0 fnt\n|faint|p2a: Manfred\n|-end|p2a: Manfred|Protosynthesis|[silent]\n|\n|-weather|none\n|upkeep\n|\n|t:|1782449601\n|switch|p2a: U dropping neck?|Raging Bolt|100/100\n|turn|9\n|\n|t:|1782449604\n|-end|p1a: Walking Wake|Protosynthesis|[silent]\n|switch|p1a: No Lando Plz|Tyranitar, M, shiny|100/100\n|-weather|Sandstorm|[from] ability: Sand Stream|[of] p1a: No Lando Plz\n|move|p2a: U dropping neck?|Volt Switch|p1a: No Lando Plz\n|-damage|p1a: No Lando Plz|86/100\n|\n|t:|1782449607\n|-end|p2a: U dropping neck?|Protosynthesis|[silent]\n|switch|p2a: Lokix|Lokix, M, shiny|100/100|[from] Volt Switch\n|\n|-weather|Sandstorm|[upkeep]\n|-damage|p2a: Lokix|94/100|[from] Sandstorm\n|upkeep\n|turn|10\n|\n|t:|1782449610\n|-terastallize|p1a: No Lando Plz|Rock\n|move|p2a: Lokix|U-turn|p1a: No Lando Plz\n|-damage|p1a: No Lando Plz|46/100\n|\n|t:|1782449614\n|switch|p2a: Gyatterene|Hatterene, F, shiny|80/100|[from] U-turn\n|move|p1a: No Lando Plz|Stone Edge|p2a: Gyatterene\n|-damage|p2a: Gyatterene|18/100\n|\n|-weather|Sandstorm|[upkeep]\n|-damage|p2a: Gyatterene|12/100|[from] Sandstorm\n|upkeep\n|turn|11\n|\n|t:|1782449619\n|move|p1a: No Lando Plz|Stone Edge|p2a: Gyatterene\n|-damage|p2a: Gyatterene|0 fnt\n|faint|p2a: Gyatterene\n|\n|-weather|Sandstorm|[upkeep]\n|upkeep\n|\n|t:|1782449622\n|switch|p2a: U dropping neck?|Raging Bolt|100/100\n|turn|12\n|\n|t:|1782449624\n|move|p2a: U dropping neck?|Volt Switch|p1a: No Lando Plz\n|-damage|p1a: No Lando Plz|29/100\n|\n|t:|1782449627\n|-end|p2a: U dropping neck?|Protosynthesis|[silent]\n|switch|p2a: Heatran|Heatran, M|100/100|[from] Volt Switch\n|move|p1a: No Lando Plz|Stone Edge|p2a: Heatran\n|-damage|p2a: Heatran|63/100\n|\n|-weather|Sandstorm|[upkeep]\n|-heal|p2a: Heatran|69/100|[from] item: Leftovers\n|upkeep\n|turn|13\n|\n|t:|1782449632\n|switch|p1a: Walking Wake|Walking Wake|100/100\n|move|p2a: Heatran|Stealth Rock|p1a: Walking Wake\n|-sidestart|p1: LowEL0God|move: Stealth Rock\n|\n|-weather|none\n|-heal|p2a: Heatran|75/100|[from] item: Leftovers\n|upkeep\n|turn|14\n|\n|t:|1782449637\n|move|p1a: Walking Wake|Dragon Pulse|p2a: Heatran\n|-resisted|p2a: Heatran\n|-damage|p2a: Heatran|48/100\n|move|p2a: Heatran|Magma Storm|p1a: Walking Wake\n|-resisted|p1a: Walking Wake\n|-damage|p1a: Walking Wake|88/100\n|-activate|p1a: Walking Wake|move: Magma Storm|[of] p2a: Heatran\n|\n|-heal|p2a: Heatran|54/100|[from] item: Leftovers\n|-damage|p1a: Walking Wake|75/100|[from] move: Magma Storm|[partiallytrapped]\n|upkeep\n|turn|15\n|\n|t:|1782449643\n|move|p1a: Walking Wake|Dragon Pulse|p2a: Heatran\n|-resisted|p2a: Heatran\n|-damage|p2a: Heatran|26/100\n|move|p2a: Heatran|Earth Power|p1a: Walking Wake\n|-damage|p1a: Walking Wake|47/100\n|\n|-heal|p2a: Heatran|32/100|[from] item: Leftovers\n|-damage|p1a: Walking Wake|35/100|[from] move: Magma Storm|[partiallytrapped]\n|upkeep\n|turn|16\n|\n|t:|1782449649\n|move|p1a: Walking Wake|Dragon Pulse|p2a: Heatran\n|-resisted|p2a: Heatran\n|-damage|p2a: Heatran|5/100\n|move|p2a: Heatran|Earth Power|p1a: Walking Wake\n|-damage|p1a: Walking Wake|5/100\n|\n|-heal|p2a: Heatran|11/100|[from] item: Leftovers\n|-damage|p1a: Walking Wake|0 fnt|[from] move: Magma Storm|[partiallytrapped]\n|faint|p1a: Walking Wake\n|-end|p1a: Walking Wake|Protosynthesis|[silent]\n|upkeep\n|\n|t:|1782449649\n|switch|p1a: Ogerpon|Ogerpon-Wellspring, F|100/100\n|-damage|p1a: Ogerpon|88/100|[from] Stealth Rock\n|turn|17\n|\n|t:|1782449655\n|move|p1a: Ogerpon|Ivy Cudgel|p2a: Heatran|[anim] Ivy Cudgel Water\n|-supereffective|p2a: Heatran\n|-damage|p2a: Heatran|0 fnt\n|faint|p2a: Heatran\n|\n|upkeep\n|\n|t:|1782449657\n|switch|p2a: Lokix|Lokix, M, shiny|94/100\n|turn|18\n|\n|t:|1782449660\n|switch|p1a: Torkoal|Torkoal, M|100/100\n|-damage|p1a: Torkoal|76/100|[from] Stealth Rock\n|-weather|SunnyDay|[from] ability: Drought|[of] p1a: Torkoal\n|-terastallize|p2a: Lokix|Bug\n|move|p2a: Lokix|First Impression|p1a: Torkoal\n|-resisted|p1a: Torkoal\n|-damage|p1a: Torkoal|26/100\n|\n|-weather|SunnyDay|[upkeep]\n|upkeep\n|turn|19\n|\n|t:|1782449663\n|switch|p2a: Luvdisk|Alomomola, M|63/100\n|move|p1a: Torkoal|Rapid Spin|p2a: Luvdisk\n|-damage|p2a: Luvdisk|58/100\n|-boost|p1a: Torkoal|spe|1\n|-sideend|p1: LowEL0God|Stealth Rock|[from] move: Rapid Spin|[of] p1a: Torkoal\n|\n|-weather|SunnyDay|[upkeep]\n|upkeep\n|turn|20\n|j| peeekapeee\n|\n|t:|1782449670\n|switch|p2a: U dropping neck?|Raging Bolt|100/100\n|-activate|p2a: U dropping neck?|ability: Protosynthesis\n|-start|p2a: U dropping neck?|protosynthesisspa\n|move|p1a: Torkoal|Lava Plume|p2a: U dropping neck?\n|-resisted|p2a: U dropping neck?\n|-damage|p2a: U dropping neck?|84/100\n|\n|-weather|SunnyDay|[upkeep]\n|upkeep\n|turn|21\n|\n|t:|1782449677\n|switch|p1a: No Lando Plz|Tyranitar, M, shiny, tera:Rock|29/100\n|-weather|Sandstorm|[from] ability: Sand Stream|[of] p1a: No Lando Plz\n|-end|p2a: U dropping neck?|Protosynthesis\n|move|p2a: U dropping neck?|Thunderbolt|p1a: No Lando Plz\n|-damage|p1a: No Lando Plz|8/100\n|\n|-weather|Sandstorm|[upkeep]\n|-damage|p2a: U dropping neck?|78/100|[from] Sandstorm\n|upkeep\n|turn|22\n|\n|t:|1782449680\n|move|p2a: U dropping neck?|Thunderbolt|p1a: No Lando Plz\n|-damage|p1a: No Lando Plz|0 fnt\n|faint|p1a: No Lando Plz\n|\n|-weather|Sandstorm|[upkeep]\n|-damage|p2a: U dropping neck?|72/100|[from] Sandstorm\n|upkeep\n|\n|t:|1782449681\n|switch|p1a: Ogerpon|Ogerpon-Wellspring, F|88/100\n|turn|23\n|\n|t:|1782449684\n|-end|p2a: U dropping neck?|Protosynthesis|[silent]\n|switch|p2a: Luvdisk|Alomomola, M|91/100\n|move|p1a: Ogerpon|Play Rough|p2a: Luvdisk\n|-damage|p2a: Luvdisk|69/100\n|\n|-weather|Sandstorm|[upkeep]\n|-damage|p1a: Ogerpon|82/100|[from] Sandstorm\n|-damage|p2a: Luvdisk|62/100|[from] Sandstorm\n|upkeep\n|turn|24\n|\n|t:|1782449688\n|move|p1a: Ogerpon|Ivy Cudgel|p2a: Luvdisk|[anim] Ivy Cudgel Water\n|-resisted|p2a: Luvdisk\n|-damage|p2a: Luvdisk|45/100\n|move|p2a: Luvdisk|Tickle|p1a: Ogerpon\n|-unboost|p1a: Ogerpon|atk|1\n|-unboost|p1a: Ogerpon|def|1\n|\n|-weather|Sandstorm|[upkeep]\n|-damage|p1a: Ogerpon|76/100|[from] Sandstorm\n|-damage|p2a: Luvdisk|39/100|[from] Sandstorm\n|upkeep\n|turn|25\n|\n|t:|1782449692\n|move|p1a: Ogerpon|Play Rough|p2a: Luvdisk\n|-damage|p2a: Luvdisk|23/100\n|move|p2a: Luvdisk|Wish|p2a: Luvdisk\n|\n|-weather|none\n|upkeep\n|turn|26\n|\n|t:|1782449695\n|move|p1a: Ogerpon|Swords Dance|p1a: Ogerpon\n|-boost|p1a: Ogerpon|atk|2\n|move|p2a: Luvdisk|Tickle|p1a: Ogerpon\n|-unboost|p1a: Ogerpon|atk|1\n|-unboost|p1a: Ogerpon|def|1\n|\n|-heal|p2a: Luvdisk|73/100|[from] move: Wish|[wisher] Luvdisk\n|upkeep\n|turn|27\n|\n|t:|1782449698\n|move|p1a: Ogerpon|Ivy Cudgel|p2a: Luvdisk|[anim] Ivy Cudgel Water\n|-resisted|p2a: Luvdisk\n|-damage|p2a: Luvdisk|57/100\n|move|p2a: Luvdisk|Tickle|p1a: Ogerpon\n|-unboost|p1a: Ogerpon|atk|1\n|-unboost|p1a: Ogerpon|def|1\n|\n|upkeep\n|turn|28\n|\n|t:|1782449700\n|move|p1a: Ogerpon|Play Rough|p2a: Luvdisk\n|-damage|p2a: Luvdisk|44/100\n|move|p2a: Luvdisk|Tickle|p1a: Ogerpon\n|-unboost|p1a: Ogerpon|atk|1\n|-unboost|p1a: Ogerpon|def|1\n|\n|upkeep\n|turn|29\n|\n|t:|1782449702\n|move|p1a: Ogerpon|Play Rough|p2a: Luvdisk\n|-damage|p2a: Luvdisk|33/100\n|move|p2a: Luvdisk|Wish|p2a: Luvdisk\n|\n|upkeep\n|turn|30\n|\n|t:|1782449704\n|move|p1a: Ogerpon|Swords Dance|p1a: Ogerpon\n|-boost|p1a: Ogerpon|atk|2\n|move|p2a: Luvdisk|Tickle|p1a: Ogerpon\n|-unboost|p1a: Ogerpon|atk|1\n|-unboost|p1a: Ogerpon|def|1\n|\n|-heal|p2a: Luvdisk|83/100|[from] move: Wish|[wisher] Luvdisk\n|upkeep\n|turn|31\n|\n|t:|1782449706\n|move|p1a: Ogerpon|Swords Dance|p1a: Ogerpon\n|-boost|p1a: Ogerpon|atk|2\n|move|p2a: Luvdisk|Tickle|p1a: Ogerpon\n|-unboost|p1a: Ogerpon|atk|1\n|-unboost|p1a: Ogerpon|def|1\n|\n|upkeep\n|turn|32\n|\n|t:|1782449707\n|move|p1a: Ogerpon|Play Rough|p2a: Luvdisk\n|-damage|p2a: Luvdisk|62/100\n|move|p2a: Luvdisk|Tickle|p1a: Ogerpon\n|-unboost|p1a: Ogerpon|atk|1\n|-unboost|p1a: Ogerpon|def|0\n|\n|upkeep\n|turn|33\n|\n|t:|1782449709\n|move|p1a: Ogerpon|Swords Dance|p1a: Ogerpon\n|-boost|p1a: Ogerpon|atk|2\n|move|p2a: Luvdisk|Tickle|p1a: Ogerpon\n|-unboost|p1a: Ogerpon|atk|1\n|-unboost|p1a: Ogerpon|def|0\n|\n|upkeep\n|turn|34\n|\n|t:|1782449711\n|move|p1a: Ogerpon|Horn Leech|p2a: Luvdisk\n|-supereffective|p2a: Luvdisk\n|-crit|p2a: Luvdisk\n|-damage|p2a: Luvdisk|0 fnt\n|-heal|p1a: Ogerpon|100/100|[from] drain|[of] p2a: Luvdisk\n|faint|p2a: Luvdisk\n|\n|upkeep\n|\n|t:|1782449714\n|switch|p2a: Lokix|Lokix, M, shiny, tera:Bug|94/100\n|turn|35\n|\n|t:|1782449716\n|switch|p1a: Hurricane Spam|Pelipper, F, shiny|100/100\n|-weather|RainDance|[from] ability: Drizzle|[of] p1a: Hurricane Spam\n|move|p2a: Lokix|First Impression|p1a: Hurricane Spam\n|-resisted|p1a: Hurricane Spam\n|-damage|p1a: Hurricane Spam|19/100\n|\n|-weather|RainDance|[upkeep]\n|upkeep\n|turn|36\n|\n|t:|1782449718\n|switch|p2a: U dropping neck?|Raging Bolt|72/100\n|move|p1a: Hurricane Spam|U-turn|p2a: U dropping neck?\n|-damage|p2a: U dropping neck?|65/100\n|\n|t:|1782449719\n|switch|p1a: Ogerpon|Ogerpon-Wellspring, F|100/100|[from] U-turn\n|\n|-weather|RainDance|[upkeep]\n|upkeep\n|turn|37\n|\n|t:|1782449727\n|move|p2a: U dropping neck?|Volt Switch|p1a: Ogerpon\n|-damage|p1a: Ogerpon|55/100\n|\n|t:|1782449729\n|-end|p2a: U dropping neck?|Protosynthesis|[silent]\n|switch|p2a: Lokix|Lokix, M, shiny, tera:Bug|94/100|[from] Volt Switch\n|move|p1a: Ogerpon|Play Rough|p2a: Lokix\n|-damage|p2a: Lokix|41/100\n|\n|-weather|RainDance|[upkeep]\n|upkeep\n|turn|38\n|\n|t:|1782449733\n|switch|p1a: Hurricane Spam|Pelipper, F, shiny|19/100\n|move|p2a: Lokix|First Impression|p1a: Hurricane Spam\n|-resisted|p1a: Hurricane Spam\n|-damage|p1a: Hurricane Spam|0 fnt\n|faint|p1a: Hurricane Spam\n|\n|-weather|RainDance|[upkeep]\n|upkeep\n|\n|t:|1782449733\n|switch|p1a: Ogerpon|Ogerpon-Wellspring, F|55/100\n|turn|39\n|\n|t:|1782449737\n|move|p2a: Lokix|First Impression||[still]\n|-hint|First Impression only works on your first turn out.\n|-fail|p2a: Lokix\n|move|p1a: Ogerpon|Play Rough|p2a: Lokix\n|-damage|p2a: Lokix|0 fnt\n|faint|p2a: Lokix\n|\n|-weather|none\n|upkeep\n|\n|t:|1782449740\n|switch|p2a: U dropping neck?|Raging Bolt|65/100\n|turn|40\n|\n|t:|1782449752\n|move|p2a: U dropping neck?|Thunderbolt|p1a: Ogerpon\n|-damage|p1a: Ogerpon|0 fnt\n|faint|p1a: Ogerpon\n|\n|upkeep\n|\n|t:|1782449752\n|switch|p1a: Torkoal|Torkoal, M|26/100\n|-weather|SunnyDay|[from] ability: Drought|[of] p1a: Torkoal\n|-activate|p2a: U dropping neck?|ability: Protosynthesis\n|-start|p2a: U dropping neck?|protosynthesisspa\n|turn|41\n|\n|t:|1782449754\n|move|p2a: U dropping neck?|Thunderbolt|p1a: Torkoal\n|-damage|p1a: Torkoal|0 fnt\n|faint|p1a: Torkoal\n|\n|win|abhii.g\n|raw|LowEL0God's rating: 1643 &rarr; <strong>1618</strong><br />(-25 for losing)\n|raw|abhii.g's rating: 1551 &rarr; <strong>1576</strong><br />(+25 for winning)\n|l|☆abhii.g\n|player|p2|\n|l| pls game\n|l|☆LowEL0God\n|player|p1|\n", "uploadtime": 1782449912, "views": 13, "formatid": "gen9ou", "rating": 1576, "private": 0, "password": null}