{"id": "gen9ou-2639304878", "format": "[Gen 9] OU", "players": ["nube4real", "brayxed"], "log": "|j|☆nube4real\n|j|☆brayxed\n|t:|1782449514\n|gametype|singles\n|player|p1|nube4real|2|1123\n|player|p2|brayxed|266|1080\n|gen|9\n|tier|[Gen 9] OU\n|rated|\n|rule|HP Percentage Mod: HP is shown in percentages\n|rule|Endless Battle Clause: Forcing endless battles is banned\n|rule|Species Clause: Limit one of each Pokémon\n|rule|OHKO Clause: OHKO moves are banned\n|rule|Evasion Items Clause: Evasion items are banned\n|rule|Evasion Moves Clause: Evasion moves are banned\n|rule|Evasion Abilities Clause: Evasion abilities are banned\n|rule|Sleep Moves Clause: Sleep-inducing moves are banned\n|clearpoke\n|poke|p1|Deoxys-Speed|\n|poke|p1|Blastoise, F|\n|poke|p1|Rhyperior, M|\n|poke|p1|Meowscarada, F|\n|poke|p1|Amoonguss, M|\n|poke|p1|Ursaluna, F|\n|poke|p2|Infernape, M|\n|poke|p2|Torkoal, M|\n|poke|p2|Trevenant, M|\n|poke|p2|Slither Wing|\n|poke|p2|Scream Tail|\n|poke|p2|Garchomp, F|\n|teampreview\n|j| Clod the Clown\n|\n|t:|1782449534\n|teamsize|p1|6\n|teamsize|p2|6\n|start\n|switch|p1a: Deoxys|Deoxys-Speed|100/100\n|switch|p2a: Torkoal|Torkoal, M|100/100\n|-ability|p1a: Deoxys|Pressure\n|-weather|SunnyDay|[from] ability: Drought|[of] p2a: Torkoal\n|turn|1\n|\n|t:|1782449544\n|move|p2a: Torkoal|Protect|p2a: Torkoal\n|-singleturn|p2a: Torkoal|Protect\n|move|p1a: Deoxys|Focus Blast|p2a: Torkoal\n|-activate|p2a: Torkoal|move: Protect\n|\n|-weather|SunnyDay|[upkeep]\n|upkeep\n|turn|2\n|\n|t:|1782449552\n|switch|p2a: Trevenant|Trevenant, M|100/100\n|move|p1a: Deoxys|Focus Blast|p2a: Trevenant\n|-immune|p2a: Trevenant\n|\n|-weather|SunnyDay|[upkeep]\n|upkeep\n|turn|3\n|\n|t:|1782449558\n|move|p1a: Deoxys|Taunt|p2a: Trevenant\n|-start|p2a: Trevenant|move: Taunt\n|move|p2a: Trevenant|Knock Off|p1a: Deoxys\n|-supereffective|p1a: Deoxys\n|-damage|p1a: Deoxys|37/100\n|-enditem|p1a: Deoxys|Focus Sash|[from] move: Knock Off|[of] p2a: Trevenant\n|\n|-weather|SunnyDay|[upkeep]\n|upkeep\n|turn|4\n|\n|t:|1782449566\n|move|p1a: Deoxys|Stealth Rock|p2a: Trevenant\n|-sidestart|p2: brayxed|move: Stealth Rock\n|move|p2a: Trevenant|Knock Off|p1a: Deoxys\n|-supereffective|p1a: Deoxys\n|-damage|p1a: Deoxys|0 fnt\n|faint|p1a: Deoxys\n|\n|-weather|SunnyDay|[upkeep]\n|upkeep\n|\n|t:|1782449576\n|switch|p1a: Amoonguss|Amoonguss, M|100/100\n|turn|5\n|\n|t:|1782449581\n|move|p2a: Trevenant|Knock Off|p1a: Amoonguss\n|-damage|p1a: Amoonguss|79/100\n|-damage|p2a: Trevenant|84/100|[from] item: Rocky Helmet|[of] p1a: Amoonguss\n|-enditem|p1a: Amoonguss|Rocky Helmet|[from] move: Knock Off|[of] p2a: Trevenant\n|move|p1a: Amoonguss|Sludge Bomb|p2a: Trevenant\n|-damage|p2a: Trevenant|63/100\n|\n|-weather|none\n|-end|p2a: Trevenant|move: Taunt\n|upkeep\n|turn|6\n|l| Clod the Clown\n|\n|t:|1782449593\n|switch|p2a: Torkoal|Torkoal, M|100/100\n|-damage|p2a: Torkoal|76/100|[from] Stealth Rock\n|-weather|SunnyDay|[from] ability: Drought|[of] p2a: Torkoal\n|move|p1a: Amoonguss|Sludge Bomb|p2a: Torkoal\n|-crit|p2a: Torkoal\n|-damage|p2a: Torkoal|36/100\n|-status|p2a: Torkoal|psn\n|\n|-weather|SunnyDay|[upkeep]\n|-damage|p2a: Torkoal|24/100 psn|[from] psn\n|upkeep\n|turn|7\n|\n|t:|1782449607\n|move|p1a: Amoonguss|Sludge Bomb|p2a: Torkoal\n|-damage|p2a: Torkoal|0 fnt\n|faint|p2a: Torkoal\n|\n|-weather|SunnyDay|[upkeep]\n|upkeep\n|\n|t:|1782449617\n|switch|p2a: Axel|Infernape, M|100/100\n|-damage|p2a: Axel|88/100|[from] Stealth Rock\n|turn|8\n|\n|t:|1782449623\n|move|p2a: Axel|Flare Blitz|p1a: Amoonguss\n|-supereffective|p1a: Amoonguss\n|-damage|p1a: Amoonguss|0 fnt\n|faint|p1a: Amoonguss\n|-damage|p2a: Axel|56/100|[from] Recoil\n|\n|-weather|SunnyDay|[upkeep]\n|upkeep\n|\n|t:|1782449634\n|switch|p1a: Rhyperior|Rhyperior, M|100/100\n|turn|9\n|\n|t:|1782449644\n|move|p2a: Axel|Close Combat|p1a: Rhyperior\n|-supereffective|p1a: Rhyperior\n|-damage|p1a: Rhyperior|28/100\n|-unboost|p2a: Axel|def|1\n|-unboost|p2a: Axel|spd|1\n|move|p1a: Rhyperior|Earthquake|p2a: Axel\n|-supereffective|p2a: Axel\n|-damage|p2a: Axel|0 fnt\n|faint|p2a: Axel\n|\n|-weather|SunnyDay|[upkeep]\n|upkeep\n|\n|t:|1782449654\n|switch|p2a: Trevenant|Trevenant, M|63/100\n|-damage|p2a: Trevenant|51/100|[from] Stealth Rock\n|turn|10\n|\n|t:|1782449668\n|move|p2a: Trevenant|Horn Leech|p1a: Rhyperior\n|-supereffective|p1a: Rhyperior\n|-damage|p1a: Rhyperior|0 fnt\n|-heal|p2a: Trevenant|67/100|[from] drain|[of] p1a: Rhyperior\n|faint|p1a: Rhyperior\n|\n|-weather|none\n|upkeep\n|\n|t:|1782449677\n|switch|p1a: Blastoise|Blastoise, F|100/100\n|turn|11\n|\n|t:|1782449681\n|-terastallize|p1a: Blastoise|Ice\n|-terastallize|p2a: Trevenant|Ghost\n|move|p1a: Blastoise|Shell Smash|p1a: Blastoise\n|-unboost|p1a: Blastoise|def|1\n|-unboost|p1a: Blastoise|spd|1\n|-boost|p1a: Blastoise|atk|2\n|-boost|p1a: Blastoise|spa|2\n|-boost|p1a: Blastoise|spe|2\n|-enditem|p1a: Blastoise|White Herb\n|-clearnegativeboost|p1a: Blastoise|[silent]\n|move|p2a: Trevenant|Leech Seed|p1a: Blastoise|[miss]\n|-miss|p2a: Trevenant|p1a: Blastoise\n|\n|upkeep\n|turn|12\n|\n|t:|1782449701\n|move|p1a: Blastoise|Shell Smash|p1a: Blastoise\n|-unboost|p1a: Blastoise|def|1\n|-unboost|p1a: Blastoise|spd|1\n|-boost|p1a: Blastoise|atk|2\n|-boost|p1a: Blastoise|spa|2\n|-boost|p1a: Blastoise|spe|2\n|move|p2a: Trevenant|Leech Seed|p1a: Blastoise|[miss]\n|-miss|p2a: Trevenant|p1a: Blastoise\n|\n|upkeep\n|turn|13\n|\n|t:|1782449716\n|move|p1a: Blastoise|Earthquake|p2a: Trevenant\n|-damage|p2a: Trevenant|0 fnt\n|faint|p2a: Trevenant\n|\n|upkeep\n|l|☆brayxed\n|player|p2|\n|inactive|Battle timer is ON: inactive players will automatically lose when time's up. (requested by nube4real)\n|c|☆nube4real|Baby\n|inactive|brayxed has 30 seconds to reconnect!\n|inactive|brayxed has 20 seconds to reconnect!\n|inactive|brayxed has 15 seconds to reconnect!\n|inactive|brayxed has 10 seconds to reconnect!\n|inactive|brayxed has 5 seconds to reconnect!\n|-message|brayxed lost due to inactivity.\n|\n|win|nube4real\n|raw|nube4real's rating: 1123 &rarr; <strong>1145</strong><br />(+22 for winning)\n|raw|brayxed's rating: 1080 &rarr; <strong>1061</strong><br />(-19 for losing)\n|l|☆nube4real\n|player|p1|\n", "uploadtime": 1782450182, "views": 5, "formatid": "gen9ou", "rating": 1061, "private": 0, "password": null}