{"id": "gen9ou-2647682641", "format": "[Gen 9] OU", "players": ["farserafin", "showbiz_carton"], "log": "|j|☆farserafin\n|j|☆showbiz_carton\n|t:|1783795658\n|gametype|singles\n|player|p1|farserafin|n|1297\n|player|p2|showbiz_carton|hugh|1318\n|gen|9\n|tier|[Gen 9] OU\n|rated|\n|rule|HP Percentage Mod: HP is shown in percentages\n|rule|Endless Battle Clause: Forcing endless battles is banned\n|rule|Species Clause: Limit one of each Pokémon\n|rule|OHKO Clause: OHKO moves are banned\n|rule|Evasion Items Clause: Evasion items are banned\n|rule|Evasion Moves Clause: Evasion moves are banned\n|rule|Evasion Abilities Clause: Evasion abilities are banned\n|rule|Sleep Moves Clause: Sleep-inducing moves are banned\n|clearpoke\n|poke|p1|Skarmory, F|\n|poke|p1|Salamence, M|\n|poke|p1|Goodra-Hisui, M|\n|poke|p1|Ursaluna, F|\n|poke|p1|Cyclizar, F|\n|poke|p1|Pecharunt|\n|poke|p2|Infernape, M|\n|poke|p2|Gholdengo|\n|poke|p2|Slowking-Galar, M|\n|poke|p2|Dragonite, F|\n|poke|p2|Ribombee, F|\n|poke|p2|Great Tusk|\n|teampreview\n|inactive|Battle timer is ON: inactive players will automatically lose when time's up. (requested by farserafin)\n|\n|t:|1783795676\n|teamsize|p1|6\n|teamsize|p2|6\n|start\n|switch|p1a: Pecharunt|Pecharunt|100/100\n|switch|p2a: Great Tusk|Great Tusk|100/100\n|turn|1\n|\n|t:|1783795686\n|move|p1a: Pecharunt|Malignant Chain|p2a: Great Tusk\n|-resisted|p2a: Great Tusk\n|-damage|p2a: Great Tusk|72/100\n|move|p2a: Great Tusk|Stealth Rock|p1a: Pecharunt\n|-sidestart|p1: farserafin|move: Stealth Rock\n|\n|upkeep\n|turn|2\n|\n|t:|1783795693\n|-end|p2a: Great Tusk|Protosynthesis|[silent]\n|switch|p2a: Brainwash|Slowking-Galar, M, shiny|100/100\n|move|p1a: Pecharunt|Malignant Chain|p2a: Brainwash\n|-resisted|p2a: Brainwash\n|-damage|p2a: Brainwash|90/100\n|\n|-heal|p2a: Brainwash|96/100|[from] item: Black Sludge\n|upkeep\n|turn|3\n|\n|t:|1783795701\n|move|p1a: Pecharunt|Hex|p2a: Brainwash\n|-supereffective|p2a: Brainwash\n|-damage|p2a: Brainwash|65/100\n|move|p2a: Brainwash|Psychic Noise|p1a: Pecharunt\n|-supereffective|p1a: Pecharunt\n|-damage|p1a: Pecharunt|56/100\n|-start|p1a: Pecharunt|move: Heal Block\n|\n|-heal|p2a: Brainwash|71/100|[from] item: Black Sludge\n|upkeep\n|turn|4\n|\n|t:|1783795713\n|move|p1a: Pecharunt|Parting Shot|p2a: Brainwash\n|-unboost|p2a: Brainwash|atk|1\n|-unboost|p2a: Brainwash|spa|1\n|\n|t:|1783795715\n|switch|p1a: Cyclizar|Cyclizar, F|100/100|[from] Parting Shot\n|-prepare|p2a: Brainwash|Chilly Reception|[premajor]\n|move|p2a: Brainwash|Chilly Reception|p2a: Brainwash\n|-weather|Snowscape\n|\n|t:|1783795725\n|switch|p2a: Zuko|Infernape, M, shiny|100/100|[from] Chilly Reception\n|\n|-weather|Snowscape|[upkeep]\n|upkeep\n|turn|5\n|\n|t:|1783795730\n|move|p2a: Zuko|Mach Punch|p1a: Cyclizar\n|-supereffective|p1a: Cyclizar\n|-damage|p1a: Cyclizar|28/100\n|move|p1a: Cyclizar|U-turn|p2a: Zuko\n|-resisted|p2a: Zuko\n|-damage|p2a: Zuko|95/100\n|\n|t:|1783795736\n|switch|p1a: Ursaluna|Ursaluna, F|100/100|[from] U-turn\n|-damage|p1a: Ursaluna|94/100|[from] Stealth Rock\n|\n|-weather|Snowscape|[upkeep]\n|-status|p1a: Ursaluna|brn|[from] item: Flame Orb\n|upkeep\n|turn|6\n|\n|t:|1783795743\n|switch|p2a: Gholdengo|Gholdengo|100/100\n|-item|p2a: Gholdengo|Air Balloon\n|move|p1a: Ursaluna|Body Slam|p2a: Gholdengo\n|-immune|p2a: Gholdengo\n|\n|-weather|Snowscape|[upkeep]\n|-damage|p1a: Ursaluna|88/100 brn|[from] brn\n|upkeep\n|turn|7\n|\n|t:|1783795753\n|switch|p1a: Goodra|Goodra-Hisui, M|100/100\n|-damage|p1a: Goodra|94/100|[from] Stealth Rock\n|move|p2a: Gholdengo|Make It Rain|p1a: Goodra\n|-resisted|p1a: Goodra\n|-damage|p1a: Goodra|75/100\n|-unboost|p2a: Gholdengo|spa|1\n|\n|-weather|Snowscape|[upkeep]\n|-heal|p1a: Goodra|81/100|[from] item: Leftovers\n|upkeep\n|turn|8\n|\n|t:|1783795766\n|switch|p2a: Brainwash|Slowking-Galar, M, shiny|100/100\n|move|p1a: Goodra|Acid Armor|p1a: Goodra\n|-boost|p1a: Goodra|def|2\n|\n|-weather|none\n|-heal|p1a: Goodra|87/100|[from] item: Leftovers\n|upkeep\n|turn|9\n|\n|t:|1783795775\n|move|p1a: Goodra|Acid Armor|p1a: Goodra\n|-boost|p1a: Goodra|def|2\n|-prepare|p2a: Brainwash|Chilly Reception|[premajor]\n|move|p2a: Brainwash|Chilly Reception|p2a: Brainwash\n|-weather|Snowscape\n|\n|t:|1783795782\n|switch|p2a: Great Tusk|Great Tusk|72/100|[from] Chilly Reception\n|\n|-weather|Snowscape|[upkeep]\n|-heal|p1a: Goodra|93/100|[from] item: Leftovers\n|upkeep\n|turn|10\n|\n|t:|1783795787\n|move|p2a: Great Tusk|Headlong Rush|p1a: Goodra\n|-supereffective|p1a: Goodra\n|-damage|p1a: Goodra|50/100\n|-unboost|p2a: Great Tusk|def|1\n|-unboost|p2a: Great Tusk|spd|1\n|-ability|p1a: Goodra|Gooey\n|-unboost|p2a: Great Tusk|spe|1\n|move|p1a: Goodra|Acid Armor|p1a: Goodra\n|-boost|p1a: Goodra|def|2\n|\n|-weather|Snowscape|[upkeep]\n|-heal|p1a: Goodra|56/100|[from] item: Leftovers\n|upkeep\n|turn|11\n|\n|t:|1783795805\n|move|p1a: Goodra|Body Press|p2a: Great Tusk\n|-damage|p2a: Great Tusk|8/100\n|-damage|p1a: Goodra|40/100|[from] item: Rocky Helmet|[of] p2a: Great Tusk\n|move|p2a: Great Tusk|Headlong Rush|p1a: Goodra\n|-supereffective|p1a: Goodra\n|-damage|p1a: Goodra|10/100\n|-unboost|p2a: Great Tusk|def|1\n|-unboost|p2a: Great Tusk|spd|1\n|-ability|p1a: Goodra|Gooey\n|-unboost|p2a: Great Tusk|spe|1\n|\n|-weather|Snowscape|[upkeep]\n|-heal|p1a: Goodra|16/100|[from] item: Leftovers\n|upkeep\n|turn|12\n|\n|t:|1783795820\n|move|p1a: Goodra|Life Dew|p1a: Goodra\n|-heal|p1a: Goodra|41/100\n|move|p2a: Great Tusk|Headlong Rush|p1a: Goodra\n|-supereffective|p1a: Goodra\n|-damage|p1a: Goodra|10/100\n|-unboost|p2a: Great Tusk|def|1\n|-unboost|p2a: Great Tusk|spd|1\n|-ability|p1a: Goodra|Gooey\n|-unboost|p2a: Great Tusk|spe|1\n|\n|-weather|Snowscape|[upkeep]\n|-heal|p1a: Goodra|16/100|[from] item: Leftovers\n|upkeep\n|turn|13\n|\n|t:|1783795832\n|move|p1a: Goodra|Body Press|p2a: Great Tusk\n|-damage|p2a: Great Tusk|0 fnt\n|-damage|p1a: Goodra|0 fnt|[from] item: Rocky Helmet|[of] p2a: Great Tusk\n|faint|p2a: Great Tusk\n|-end|p2a: Great Tusk|Protosynthesis|[silent]\n|faint|p1a: Goodra\n|\n|-weather|none\n|upkeep\n|\n|t:|1783795842\n|switch|p2a: Amile|Ribombee, F, shiny|100/100\n|switch|p1a: Cyclizar|Cyclizar, F|62/100\n|turn|14\n|\n|t:|1783795852\n|move|p1a: Cyclizar|Rapid Spin|p2a: Amile\n|-damage|p2a: Amile|77/100\n|-boost|p1a: Cyclizar|spe|1\n|-sideend|p1: farserafin|Stealth Rock|[from] move: Rapid Spin|[of] p1a: Cyclizar\n|move|p2a: Amile|Sticky Web|p1a: Cyclizar\n|-sidestart|p1: farserafin|move: Sticky Web\n|\n|upkeep\n|turn|15\n|\n|t:|1783795860\n|move|p2a: Amile|Protect|p2a: Amile\n|-singleturn|p2a: Amile|Protect\n|move|p1a: Cyclizar|U-turn|p2a: Amile\n|-activate|p2a: Amile|move: Protect\n|\n|upkeep\n|turn|16\n|\n|t:|1783795871\n|move|p1a: Cyclizar|U-turn|p2a: Amile\n|-resisted|p2a: Amile\n|-damage|p2a: Amile|66/100\n|\n|t:|1783795875\n|switch|p1a: Ursaluna|Ursaluna, F|88/100 brn|[from] U-turn\n|-activate|p1a: Ursaluna|move: Sticky Web\n|-unboost|p1a: Ursaluna|spe|1\n|move|p2a: Amile|Moonblast|p1a: Ursaluna\n|-damage|p1a: Ursaluna|61/100 brn\n|\n|-damage|p1a: Ursaluna|54/100 brn|[from] brn\n|upkeep\n|turn|17\n|\n|t:|1783795884\n|move|p2a: Amile|Protect|p2a: Amile\n|-singleturn|p2a: Amile|Protect\n|move|p1a: Ursaluna|Ice Punch|p2a: Amile\n|-activate|p2a: Amile|move: Protect\n|\n|-damage|p1a: Ursaluna|48/100 brn|[from] brn\n|upkeep\n|turn|18\n|\n|t:|1783795891\n|move|p2a: Amile|Moonblast|p1a: Ursaluna\n|-damage|p1a: Ursaluna|19/100 brn\n|move|p1a: Ursaluna|Ice Punch|p2a: Amile\n|-damage|p2a: Amile|0 fnt\n|faint|p2a: Amile\n|\n|-damage|p1a: Ursaluna|13/100 brn|[from] brn\n|upkeep\n|\n|t:|1783795903\n|switch|p2a: Zuko|Infernape, M, shiny|95/100\n|turn|19\n|\n|t:|1783795907\n|move|p2a: Zuko|Flare Blitz|p1a: Ursaluna\n|-damage|p1a: Ursaluna|0 fnt\n|faint|p1a: Ursaluna\n|-damage|p2a: Zuko|89/100|[from] Recoil\n|\n|upkeep\n|\n|t:|1783795909\n|switch|p1a: Salamence|Salamence, M|100/100\n|-ability|p1a: Salamence|Intimidate|boost\n|-unboost|p2a: Zuko|atk|1\n|turn|20\n|\n|t:|1783795917\n|switch|p2a: Brainwash|Slowking-Galar, M, shiny|100/100\n|move|p1a: Salamence|Hurricane|p2a: Brainwash\n|-damage|p2a: Brainwash|71/100\n|\n|-heal|p2a: Brainwash|77/100|[from] item: Black Sludge\n|upkeep\n|turn|21\n|\n|t:|1783795925\n|switch|p1a: Cyclizar|Cyclizar, F|95/100\n|move|p2a: Brainwash|Sludge Bomb|p1a: Cyclizar\n|-damage|p1a: Cyclizar|48/100\n|\n|-heal|p2a: Brainwash|83/100|[from] item: Black Sludge\n|upkeep\n|turn|22\n|\n|t:|1783795933\n|switch|p2a: Gholdengo|Gholdengo|100/100\n|-item|p2a: Gholdengo|Air Balloon\n|move|p1a: Cyclizar|Knock Off|p2a: Gholdengo\n|-supereffective|p2a: Gholdengo\n|-damage|p2a: Gholdengo|54/100\n|-enditem|p2a: Gholdengo|Air Balloon\n|\n|upkeep\n|turn|23\n|\n|t:|1783795942\n|move|p1a: Cyclizar|Knock Off|p2a: Gholdengo\n|-supereffective|p2a: Gholdengo\n|-damage|p2a: Gholdengo|23/100\n|move|p2a: Gholdengo|Make It Rain|p1a: Cyclizar\n|-damage|p1a: Cyclizar|0 fnt\n|-unboost|p2a: Gholdengo|spa|1\n|faint|p1a: Cyclizar\n|\n|upkeep\n|\n|t:|1783795945\n|switch|p1a: Salamence|Salamence, M|100/100\n|-ability|p1a: Salamence|Intimidate|boost\n|-unboost|p2a: Gholdengo|atk|1\n|turn|24\n|\n|t:|1783795955\n|switch|p2a: Brainwash|Slowking-Galar, M, shiny|100/100\n|move|p1a: Salamence|Fire Blast|p2a: Brainwash\n|-damage|p2a: Brainwash|81/100\n|\n|-heal|p2a: Brainwash|87/100|[from] item: Black Sludge\n|upkeep\n|turn|25\n|\n|t:|1783795964\n|switch|p1a: Skarmory|Skarmory, F|100/100\n|move|p2a: Brainwash|Psychic Noise|p1a: Skarmory\n|-resisted|p1a: Skarmory\n|-damage|p1a: Skarmory|82/100\n|-start|p1a: Skarmory|move: Heal Block\n|\n|-heal|p2a: Brainwash|93/100|[from] item: Black Sludge\n|upkeep\n|turn|26\n|\n|t:|1783795975\n|-terastallize|p2a: Brainwash|Fire\n|move|p1a: Skarmory|Spikes|p2a: Brainwash\n|-sidestart|p2: showbiz_carton|Spikes\n|move|p2a: Brainwash|Flamethrower|p1a: Skarmory\n|-supereffective|p1a: Skarmory\n|-damage|p1a: Skarmory|0 fnt\n|faint|p1a: Skarmory\n|\n|-damage|p2a: Brainwash|80/100|[from] item: Black Sludge\n|upkeep\n|\n|t:|1783795984\n|switch|p1a: Salamence|Salamence, M|100/100\n|-ability|p1a: Salamence|Intimidate|boost\n|-unboost|p2a: Brainwash|atk|1\n|turn|27\n|\n|t:|1783795988\n|move|p1a: Salamence|Hurricane|p2a: Brainwash\n|-damage|p2a: Brainwash|48/100\n|move|p2a: Brainwash|Sludge Bomb|p1a: Salamence\n|-damage|p1a: Salamence|59/100\n|\n|-damage|p2a: Brainwash|35/100|[from] item: Black Sludge\n|upkeep\n|turn|28\n|\n|t:|1783795995\n|move|p1a: Salamence|Hurricane|p2a: Brainwash\n|-damage|p2a: Brainwash|5/100\n|-start|p2a: Brainwash|confusion\n|-activate|p2a: Brainwash|confusion\n|-damage|p2a: Brainwash|0 fnt|[from] confusion\n|faint|p2a: Brainwash\n|\n|upkeep\n|\n|t:|1783796003\n|switch|p2a: Stringbean|Dragonite, F, shiny|100/100\n|turn|29\n|\n|t:|1783796007\n|switch|p1a: Pecharunt|Pecharunt|56/100\n|move|p2a: Stringbean|Scale Shot|p1a: Pecharunt\n|-damage|p1a: Pecharunt|47/100\n|-damage|p1a: Pecharunt|38/100\n|-damage|p1a: Pecharunt|28/100\n|-damage|p1a: Pecharunt|18/100\n|-damage|p1a: Pecharunt|9/100\n|-hitcount|p1a: Pecharunt|5\n|-unboost|p2a: Stringbean|def|1\n|-boost|p2a: Stringbean|spe|1\n|\n|upkeep\n|turn|30\n|\n|t:|1783796029\n|switch|p2a: Gholdengo|Gholdengo|23/100\n|-damage|p2a: Gholdengo|11/100|[from] Spikes\n|move|p1a: Pecharunt|Recover|p1a: Pecharunt\n|-heal|p1a: Pecharunt|59/100\n|\n|upkeep\n|turn|31\n|\n|t:|1783796039\n|switch|p1a: Salamence|Salamence, M|59/100\n|-ability|p1a: Salamence|Intimidate|boost\n|-unboost|p2a: Gholdengo|atk|1\n|move|p2a: Gholdengo|Shadow Ball|p1a: Salamence\n|-damage|p1a: Salamence|8/100\n|-unboost|p1a: Salamence|spd|1\n|\n|upkeep\n|turn|32\n|\n|t:|1783796048\n|move|p1a: Salamence|Hurricane|p2a: Gholdengo\n|-resisted|p2a: Gholdengo\n|-damage|p2a: Gholdengo|0 fnt\n|faint|p2a: Gholdengo\n|\n|upkeep\n|\n|t:|1783796053\n|switch|p2a: Zuko|Infernape, M, shiny|89/100\n|-damage|p2a: Zuko|77/100|[from] Spikes\n|turn|33\n|\n|t:|1783796058\n|move|p2a: Zuko|Flare Blitz|p1a: Salamence\n|-resisted|p1a: Salamence\n|-crit|p1a: Salamence\n|-damage|p1a: Salamence|0 fnt\n|faint|p1a: Salamence\n|-damage|p2a: Zuko|74/100|[from] Recoil\n|\n|upkeep\n|\n|t:|1783796061\n|switch|p1a: Pecharunt|Pecharunt|59/100\n|turn|34\n|\n|t:|1783796065\n|move|p2a: Zuko|Flare Blitz|p1a: Pecharunt\n|-damage|p1a: Pecharunt|27/100\n|-damage|p2a: Zuko|60/100|[from] Recoil\n|move|p1a: Pecharunt|Malignant Chain|p2a: Zuko\n|-damage|p2a: Zuko|2/100\n|\n|upkeep\n|turn|35\n|\n|t:|1783796072\n|move|p2a: Zuko|Flare Blitz|p1a: Pecharunt\n|-damage|p1a: Pecharunt|0 fnt\n|faint|p1a: Pecharunt\n|-damage|p2a: Zuko|0 fnt|[from] Recoil\n|faint|p2a: Zuko\n|\n|win|showbiz_carton\n|raw|farserafin's rating: 1297 &rarr; <strong>1274</strong><br />(-23 for losing)\n|raw|showbiz_carton's rating: 1318 &rarr; <strong>1337</strong><br />(+19 for winning)\n|l|☆farserafin\n|player|p1|\n|l|☆showbiz_carton\n|player|p2|\n", "uploadtime": 1783796388, "views": 4, "formatid": "gen9ou", "rating": 1274, "private": 0, "password": null}