{"id": "gen9ou-2639290397", "format": "[Gen 9] OU", "players": ["Sharkerthantheteal", "OUBotBeepBoop"], "log": "|j|☆Sharkerthantheteal\n|j|☆OUBotBeepBoop\n|t:|1782446829\n|gametype|singles\n|player|p1|Sharkerthantheteal|nessa|1189\n|player|p2|OUBotBeepBoop|2|1195\n|gen|9\n|tier|[Gen 9] OU\n|rated|\n|rule|HP Percentage Mod: HP is shown in percentages\n|rule|Endless Battle Clause: Forcing endless battles is banned\n|rule|Species Clause: Limit one of each Pokémon\n|rule|OHKO Clause: OHKO moves are banned\n|rule|Evasion Items Clause: Evasion items are banned\n|rule|Evasion Moves Clause: Evasion moves are banned\n|rule|Evasion Abilities Clause: Evasion abilities are banned\n|rule|Sleep Moves Clause: Sleep-inducing moves are banned\n|clearpoke\n|poke|p1|Necrozma|\n|poke|p1|Indeedee-F, F|\n|poke|p1|Ribombee, M|\n|poke|p1|Houndoom, M|\n|poke|p1|Regirock|\n|poke|p1|Tentacruel, F|\n|poke|p2|Glimmora, F|\n|poke|p2|Great Tusk|\n|poke|p2|Kingambit, F|\n|poke|p2|Dragapult, M|\n|poke|p2|Clefable, F|\n|poke|p2|Corviknight, M|\n|teampreview\n|\n|t:|1782446834\n|teamsize|p1|6\n|teamsize|p2|6\n|start\n|switch|p1a: Ribombee|Ribombee, M|100/100\n|switch|p2a: Glimmora|Glimmora, F|100/100\n|turn|1\n|j| GruesomeLovelies\n|\n|t:|1782446843\n|move|p1a: Ribombee|Stun Spore|p2a: Glimmora\n|-status|p2a: Glimmora|par\n|move|p2a: Glimmora|Power Gem|p1a: Ribombee\n|-supereffective|p1a: Ribombee\n|-enditem|p1a: Ribombee|Focus Sash\n|-damage|p1a: Ribombee|1/100\n|\n|upkeep\n|turn|2\n|\n|t:|1782446850\n|move|p1a: Ribombee|Sticky Web|p2a: Glimmora\n|-sidestart|p2: OUBotBeepBoop|move: Sticky Web\n|cant|p2a: Glimmora|par\n|\n|upkeep\n|turn|3\n|\n|t:|1782446855\n|move|p1a: Ribombee|Moonblast|p2a: Glimmora\n|-resisted|p2a: Glimmora\n|-damage|p2a: Glimmora|71/100 par\n|move|p2a: Glimmora|Mortal Spin|p1a: Ribombee\n|-supereffective|p1a: Ribombee\n|-crit|p1a: Ribombee\n|-damage|p1a: Ribombee|0 fnt\n|-sideend|p2: OUBotBeepBoop|Sticky Web|[from] move: Mortal Spin|[of] p2a: Glimmora\n|faint|p1a: Ribombee\n|\n|upkeep\n|\n|t:|1782446870\n|switch|p1a: Indeedee|Indeedee-F, F|100/100\n|-fieldstart|move: Psychic Terrain|[from] ability: Psychic Surge|[of] p1a: Indeedee\n|turn|4\n|\n|t:|1782446887\n|switch|p1a: Regirock|Regirock|100/100\n|switch|p2a: Kingambit|Kingambit, F|100/100\n|\n|upkeep\n|turn|5\n|\n|t:|1782446897\n|-end|p2a: Kingambit|fallenundefined|[silent]\n|switch|p2a: Great Tusk|Great Tusk|100/100\n|move|p1a: Regirock|Body Press|p2a: Great Tusk\n|-damage|p2a: Great Tusk|74/100\n|\n|upkeep\n|turn|6\n|\n|t:|1782446904\n|-terastallize|p1a: Regirock|Fighting\n|move|p2a: Great Tusk|Headlong Rush|p1a: Regirock\n|-damage|p1a: Regirock|71/100\n|-unboost|p2a: Great Tusk|def|1\n|-unboost|p2a: Great Tusk|spd|1\n|move|p1a: Regirock|Iron Defense|p1a: Regirock\n|-boost|p1a: Regirock|def|2\n|\n|-heal|p1a: Regirock|77/100|[from] item: Leftovers\n|upkeep\n|turn|7\n|\n|t:|1782446915\n|-end|p2a: Great Tusk|Protosynthesis|[silent]\n|switch|p2a: Dragapult|Dragapult, M|100/100\n|move|p1a: Regirock|Thunder Wave|p2a: Dragapult\n|-status|p2a: Dragapult|par\n|\n|-heal|p1a: Regirock|83/100|[from] item: Leftovers\n|upkeep\n|turn|8\n|\n|t:|1782446921\n|move|p2a: Dragapult|Fire Blast|p1a: Regirock\n|-damage|p1a: Regirock|41/100\n|move|p1a: Regirock|Stone Edge|p2a: Dragapult\n|-damage|p2a: Dragapult|55/100 par\n|\n|-heal|p1a: Regirock|47/100|[from] item: Leftovers\n|-fieldend|move: Psychic Terrain\n|upkeep\n|turn|9\n|\n|t:|1782446930\n|switch|p2a: Clefable|Clefable, F|100/100\n|switch|p1a: Houndoom|Houndoom, M|100/100\n|\n|upkeep\n|turn|10\n|\n|t:|1782446938\n|move|p1a: Houndoom|Sludge Bomb|p2a: Clefable\n|-supereffective|p2a: Clefable\n|-damage|p2a: Clefable|20/100\n|-status|p2a: Clefable|psn\n|move|p2a: Clefable|Moonblast|p1a: Houndoom\n|-damage|p1a: Houndoom|56/100\n|\n|-heal|p2a: Clefable|26/100 psn|[from] item: Leftovers\n|-damage|p2a: Clefable|14/100 psn|[from] psn\n|upkeep\n|turn|11\n|\n|t:|1782446948\n|switch|p1a: Regirock|Regirock, tera:Fighting|47/100\n|switch|p2a: Glimmora|Glimmora, F|71/100 par\n|\n|-heal|p1a: Regirock|53/100|[from] item: Leftovers\n|upkeep\n|turn|12\n|\n|t:|1782446956\n|-terastallize|p2a: Glimmora|Rock\n|move|p2a: Glimmora|Mortal Spin|p1a: Regirock\n|-damage|p1a: Regirock|50/100\n|-status|p1a: Regirock|psn\n|move|p1a: Regirock|Iron Defense|p1a: Regirock\n|-boost|p1a: Regirock|def|2\n|\n|-heal|p1a: Regirock|56/100 psn|[from] item: Leftovers\n|-damage|p1a: Regirock|44/100 psn|[from] psn\n|upkeep\n|turn|13\n|\n|t:|1782446965\n|switch|p2a: Corviknight|Corviknight, M|100/100\n|-ability|p2a: Corviknight|Pressure\n|move|p1a: Regirock|Body Press|p2a: Corviknight\n|-damage|p2a: Corviknight|36/100\n|\n|-heal|p2a: Corviknight|43/100|[from] item: Leftovers\n|-heal|p1a: Regirock|50/100 psn|[from] item: Leftovers\n|-damage|p1a: Regirock|38/100 psn|[from] psn\n|upkeep\n|turn|14\n|\n|t:|1782446975\n|move|p2a: Corviknight|U-turn|p1a: Regirock\n|-resisted|p1a: Regirock\n|-damage|p1a: Regirock|36/100 psn\n|\n|t:|1782446975\n|switch|p2a: Great Tusk|Great Tusk|74/100|[from] U-turn\n|move|p1a: Regirock|Thunder Wave|p2a: Great Tusk\n|-immune|p2a: Great Tusk\n|\n|-heal|p1a: Regirock|42/100 psn|[from] item: Leftovers\n|-damage|p1a: Regirock|30/100 psn|[from] psn\n|upkeep\n|turn|15\n|\n|t:|1782446987\n|move|p2a: Great Tusk|Headlong Rush|p1a: Regirock\n|-damage|p1a: Regirock|16/100 psn\n|-unboost|p2a: Great Tusk|def|1\n|-unboost|p2a: Great Tusk|spd|1\n|move|p1a: Regirock|Body Press|p2a: Great Tusk\n|-damage|p2a: Great Tusk|0 fnt\n|faint|p2a: Great Tusk\n|-end|p2a: Great Tusk|Protosynthesis|[silent]\n|\n|-heal|p1a: Regirock|22/100 psn|[from] item: Leftovers\n|-damage|p1a: Regirock|10/100 psn|[from] psn\n|upkeep\n|\n|t:|1782446987\n|switch|p2a: Glimmora|Glimmora, F, tera:Rock|71/100 par\n|turn|16\n|\n|t:|1782446999\n|move|p2a: Glimmora|Earth Power|p1a: Regirock\n|-damage|p1a: Regirock|0 fnt\n|faint|p1a: Regirock\n|\n|upkeep\n|\n|t:|1782447006\n|switch|p1a: Indeedee|Indeedee-F, F|100/100\n|-fieldstart|move: Psychic Terrain|[from] ability: Psychic Surge|[of] p1a: Indeedee\n|turn|17\n|\n|t:|1782447012\n|switch|p1a: Tentacruel|Tentacruel, F|100/100\n|switch|p2a: Kingambit|Kingambit, F|100/100\n|-activate|p2a: Kingambit|ability: Supreme Overlord\n|-start|p2a: Kingambit|fallen1|[silent]\n|\n|upkeep\n|turn|18\n|\n|t:|1782447019\n|switch|p1a: Houndoom|Houndoom, M|56/100\n|move|p2a: Kingambit|Kowtow Cleave|p1a: Houndoom\n|-resisted|p1a: Houndoom\n|-damage|p1a: Houndoom|0 fnt\n|faint|p1a: Houndoom\n|\n|upkeep\n|\n|t:|1782447036\n|switch|p1a: Indeedee|Indeedee-F, F|100/100\n|turn|19\n|\n|t:|1782447039\n|move|p1a: Indeedee|Charm|p2a: Kingambit\n|-unboost|p2a: Kingambit|atk|2\n|move|p2a: Kingambit|Kowtow Cleave|p1a: Indeedee\n|-supereffective|p1a: Indeedee\n|-damage|p1a: Indeedee|0 fnt\n|faint|p1a: Indeedee\n|\n|upkeep\n|\n|t:|1782447047\n|switch|p1a: Necrozma|Necrozma|100/100\n|turn|20\n|\n|t:|1782447060\n|move|p1a: Necrozma|Dark Pulse|p2a: Kingambit\n|-resisted|p2a: Kingambit\n|-damage|p2a: Kingambit|81/100\n|move|p2a: Kingambit|Kowtow Cleave|p1a: Necrozma\n|-supereffective|p1a: Necrozma\n|-damage|p1a: Necrozma|55/100\n|\n|upkeep\n|turn|21\n|\n|t:|1782447067\n|switch|p1a: Tentacruel|Tentacruel, F|100/100\n|move|p2a: Kingambit|Kowtow Cleave|p1a: Tentacruel\n|-crit|p1a: Tentacruel\n|-damage|p1a: Tentacruel|0 fnt\n|faint|p1a: Tentacruel\n|\n|-fieldend|move: Psychic Terrain\n|upkeep\n|-message|Sharkerthantheteal forfeited.\n|\n|win|OUBotBeepBoop\n|raw|Sharkerthantheteal's rating: 1189 &rarr; <strong>1160</strong><br />(-29 for losing)\n|raw|OUBotBeepBoop's rating: 1139 &rarr; <strong>1168</strong><br />(+29 for winning)\n|l|☆OUBotBeepBoop\n|player|p2|\n|l|☆Sharkerthantheteal\n|player|p1|\n", "uploadtime": 1782447357, "views": 7, "formatid": "gen9ou", "rating": 1160, "private": 0, "password": null}