{"id": "gen9ou-2647699491", "format": "[Gen 9] OU", "players": ["DekuFoulerLab", "therealmetaboy!!"], "log": "|j|☆DekuFoulerLab\n|j|☆therealmetaboy!!\n|t:|1783798271\n|gametype|singles\n|player|p1|DekuFoulerLab|169|1346\n|player|p2|therealmetaboy!!|102|1374\n|gen|9\n|tier|[Gen 9] OU\n|rated|\n|rule|HP Percentage Mod: HP is shown in percentages\n|rule|Endless Battle Clause: Forcing endless battles is banned\n|rule|Species Clause: Limit one of each Pokémon\n|rule|OHKO Clause: OHKO moves are banned\n|rule|Evasion Items Clause: Evasion items are banned\n|rule|Evasion Moves Clause: Evasion moves are banned\n|rule|Evasion Abilities Clause: Evasion abilities are banned\n|rule|Sleep Moves Clause: Sleep-inducing moves are banned\n|clearpoke\n|poke|p1|Dondozo, F|\n|poke|p1|Clodsire, F|\n|poke|p1|Corviknight, F|\n|poke|p1|Slowking-Galar, F|\n|poke|p1|Gholdengo|\n|poke|p1|Garganacl, F|\n|poke|p2|Deoxys-Speed|\n|poke|p2|Zamazenta-*|\n|poke|p2|Kingambit, M|\n|poke|p2|Gholdengo|\n|poke|p2|Garchomp, F|\n|poke|p2|Hatterene, F|\n|teampreview\n|inactive|Battle timer is ON: inactive players will automatically lose when time's up. (requested by DekuFoulerLab)\n|inactive|therealmetaboy!! has 120 seconds left.\n|\n|t:|1783798331\n|teamsize|p1|6\n|teamsize|p2|6\n|start\n|switch|p1a: Clodsire|Clodsire, F|100/100\n|switch|p2a: Deoxys|Deoxys-Speed|100/100\n|-ability|p2a: Deoxys|Pressure\n|turn|1\n|\n|t:|1783798337\n|switch|p1a: Gholdengo|Gholdengo|100/100\n|move|p2a: Deoxys|Stealth Rock|p1a: Gholdengo\n|-sidestart|p1: DekuFoulerLab|move: Stealth Rock\n|\n|upkeep\n|turn|2\n|\n|t:|1783798343\n|move|p2a: Deoxys|Knock Off|p1a: Gholdengo\n|-supereffective|p1a: Gholdengo\n|-damage|p1a: Gholdengo|60/100\n|-enditem|p1a: Gholdengo|Heavy-Duty Boots|[from] move: Knock Off|[of] p2a: Deoxys\n|move|p1a: Gholdengo|Make It Rain|p2a: Deoxys\n|-damage|p2a: Deoxys|14/100\n|-unboost|p1a: Gholdengo|spa|1\n|\n|upkeep\n|turn|3\n|\n|t:|1783798353\n|move|p2a: Deoxys|Knock Off|p1a: Gholdengo\n|-supereffective|p1a: Gholdengo\n|-damage|p1a: Gholdengo|30/100\n|move|p1a: Gholdengo|Recover|p1a: Gholdengo\n|-heal|p1a: Gholdengo|80/100\n|\n|upkeep\n|turn|4\n|\n|t:|1783798361\n|switch|p2a: Garchomp|Garchomp, F|100/100\n|switch|p1a: Slowking|Slowking-Galar, F|100/100\n|\n|upkeep\n|turn|5\n|\n|t:|1783798367\n|move|p2a: Garchomp|Scale Shot|p1a: Slowking\n|-damage|p1a: Slowking|87/100\n|-damage|p1a: Slowking|73/100\n|-damage|p1a: Slowking|60/100\n|-damage|p1a: Slowking|46/100\n|-hitcount|p1a: Slowking|4\n|-unboost|p2a: Garchomp|def|1\n|-boost|p2a: Garchomp|spe|1\n|move|p1a: Slowking|Ice Beam|p2a: Garchomp\n|-supereffective|p2a: Garchomp\n|-damage|p2a: Garchomp|1/100\n|\n|upkeep\n|turn|6\n|\n|t:|1783798379\n|switch|p1a: Corviknight|Corviknight, F|100/100\n|-ability|p1a: Corviknight|Pressure\n|move|p2a: Garchomp|Earthquake|p1a: Corviknight\n|-immune|p1a: Corviknight\n|\n|upkeep\n|turn|7\n|\n|t:|1783798385\n|move|p2a: Garchomp|Fire Fang|p1a: Corviknight\n|-supereffective|p1a: Corviknight\n|-damage|p1a: Corviknight|75/100\n|move|p1a: Corviknight|Defog|p2a: Garchomp\n|-unboost|p2a: Garchomp|evasion|1\n|-sideend|p1: DekuFoulerLab|Stealth Rock|[from] move: Defog|[of] p1a: Corviknight\n|\n|upkeep\n|turn|8\n|\n|t:|1783798393\n|move|p2a: Garchomp|Fire Fang|p1a: Corviknight\n|-supereffective|p1a: Corviknight\n|-damage|p1a: Corviknight|50/100\n|move|p1a: Corviknight|Roost|p1a: Corviknight\n|-heal|p1a: Corviknight|99/100\n|-singleturn|p1a: Corviknight|move: Roost\n|\n|upkeep\n|turn|9\n|\n|t:|1783798400\n|move|p2a: Garchomp|Fire Fang|p1a: Corviknight\n|-supereffective|p1a: Corviknight\n|-damage|p1a: Corviknight|74/100\n|move|p1a: Corviknight|U-turn|p2a: Garchomp\n|-damage|p2a: Garchomp|0 fnt\n|-damage|p1a: Corviknight|62/100|[from] ability: Rough Skin|[of] p2a: Garchomp\n|faint|p2a: Garchomp\n|\n|t:|1783798407\n|switch|p1a: Clodsire|Clodsire, F|100/100|[from] U-turn\n|\n|upkeep\n|\n|t:|1783798416\n|switch|p2a: Deoxys|Deoxys-Speed|14/100\n|-ability|p2a: Deoxys|Pressure\n|turn|10\n|\n|t:|1783798425\n|move|p2a: Deoxys|Knock Off|p1a: Clodsire\n|-damage|p1a: Clodsire|72/100\n|-enditem|p1a: Clodsire|Heavy-Duty Boots|[from] move: Knock Off|[of] p2a: Deoxys\n|move|p1a: Clodsire|Stealth Rock|p2a: Deoxys\n|-sidestart|p2: therealmetaboy!!|move: Stealth Rock\n|\n|upkeep\n|turn|11\n|\n|t:|1783798432\n|switch|p1a: Gholdengo|Gholdengo|80/100\n|move|p2a: Deoxys|Psycho Boost|p1a: Gholdengo\n|-resisted|p1a: Gholdengo\n|-damage|p1a: Gholdengo|53/100\n|-unboost|p2a: Deoxys|spa|2\n|-enditem|p2a: Deoxys|Eject Pack\n|\n|t:|1783798441\n|switch|p2a: Gholdengo|Gholdengo|100/100\n|-damage|p2a: Gholdengo|94/100|[from] Stealth Rock\n|-item|p2a: Gholdengo|Air Balloon\n|\n|upkeep\n|turn|12\n|\n|t:|1783798446\n|switch|p1a: Garganacl|Garganacl, F|100/100\n|move|p2a: Gholdengo|Shadow Ball|p1a: Garganacl\n|-damage|p1a: Garganacl|83/100\n|\n|-heal|p1a: Garganacl|90/100|[from] item: Leftovers\n|upkeep\n|turn|13\n|\n|t:|1783798458\n|switch|p2a: Deoxys|Deoxys-Speed|14/100\n|-damage|p2a: Deoxys|2/100|[from] Stealth Rock\n|-ability|p2a: Deoxys|Pressure\n|switch|p1a: Dondozo|Dondozo, F|100/100\n|\n|upkeep\n|turn|14\n|\n|t:|1783798475\n|switch|p1a: Gholdengo|Gholdengo|53/100\n|move|p2a: Deoxys|Knock Off|p1a: Gholdengo\n|-supereffective|p1a: Gholdengo\n|-damage|p1a: Gholdengo|26/100\n|\n|upkeep\n|turn|15\n|\n|t:|1783798483\n|switch|p1a: Corviknight|Corviknight, F|62/100\n|-ability|p1a: Corviknight|Pressure\n|move|p2a: Deoxys|Knock Off|p1a: Corviknight\n|-damage|p1a: Corviknight|47/100\n|-enditem|p1a: Corviknight|Heavy-Duty Boots|[from] move: Knock Off|[of] p2a: Deoxys\n|\n|upkeep\n|turn|16\n|\n|t:|1783798492\n|move|p2a: Deoxys|Stealth Rock|p1a: Corviknight\n|-sidestart|p1: DekuFoulerLab|move: Stealth Rock\n|move|p1a: Corviknight|Roost|p1a: Corviknight\n|-heal|p1a: Corviknight|97/100\n|-singleturn|p1a: Corviknight|move: Roost\n|\n|upkeep\n|turn|17\n|\n|t:|1783798503\n|move|p2a: Deoxys|Superpower|p1a: Corviknight\n|-damage|p1a: Corviknight|78/100\n|-unboost|p2a: Deoxys|atk|1\n|-unboost|p2a: Deoxys|def|1\n|move|p1a: Corviknight|U-turn|p2a: Deoxys\n|-supereffective|p2a: Deoxys\n|-damage|p2a: Deoxys|0 fnt\n|faint|p2a: Deoxys\n|\n|t:|1783798510\n|switch|p1a: Slowking|Slowking-Galar, F|79/100|[from] U-turn\n|\n|upkeep\n|\n|t:|1783798531\n|switch|p2a: Gholdengo|Gholdengo|94/100\n|-damage|p2a: Gholdengo|88/100|[from] Stealth Rock\n|-item|p2a: Gholdengo|Air Balloon\n|turn|18\n|\n|t:|1783798537\n|switch|p1a: Garganacl|Garganacl, F|90/100\n|-damage|p1a: Garganacl|77/100|[from] Stealth Rock\n|move|p2a: Gholdengo|Shadow Ball|p1a: Garganacl\n|-damage|p1a: Garganacl|59/100\n|-unboost|p1a: Garganacl|spd|1\n|\n|-heal|p1a: Garganacl|65/100|[from] item: Leftovers\n|upkeep\n|turn|19\n|inactive|therealmetaboy!! has 120 seconds left.\n|\n|t:|1783798575\n|switch|p2a: Hatterene|Hatterene, F|100/100\n|-damage|p2a: Hatterene|88/100|[from] Stealth Rock\n|move|p1a: Garganacl|Protect||[still]\n|-fail|p1a: Garganacl\n|\n|-heal|p1a: Garganacl|72/100|[from] item: Leftovers\n|-heal|p2a: Hatterene|94/100|[from] item: Leftovers\n|upkeep\n|turn|20\n|inactive|therealmetaboy!! has 120 seconds left.\n|\n|t:|1783798584\n|move|p1a: Garganacl|Salt Cure|p2a: Hatterene\n|-damage|p2a: Hatterene|82/100\n|-start|p2a: Hatterene|Salt Cure\n|move|p2a: Hatterene|Calm Mind|p2a: Hatterene\n|-boost|p2a: Hatterene|spa|1\n|-boost|p2a: Hatterene|spd|1\n|\n|-heal|p1a: Garganacl|78/100|[from] item: Leftovers\n|-heal|p2a: Hatterene|88/100|[from] item: Leftovers\n|-damage|p2a: Hatterene|76/100|[from] Salt Cure\n|upkeep\n|turn|21\n|\n|t:|1783798593\n|switch|p1a: Gholdengo|Gholdengo|26/100\n|-damage|p1a: Gholdengo|20/100|[from] Stealth Rock\n|move|p2a: Hatterene|Psyshock|p1a: Gholdengo\n|-resisted|p1a: Gholdengo\n|-damage|p1a: Gholdengo|0 fnt\n|faint|p1a: Gholdengo\n|\n|-heal|p2a: Hatterene|82/100|[from] item: Leftovers\n|-damage|p2a: Hatterene|69/100|[from] Salt Cure\n|upkeep\n|\n|t:|1783798595\n|switch|p1a: Corviknight|Corviknight, F|78/100\n|-damage|p1a: Corviknight|66/100|[from] Stealth Rock\n|-ability|p1a: Corviknight|Pressure\n|turn|22\n|\n|t:|1783798601\n|move|p1a: Corviknight|Brave Bird|p2a: Hatterene\n|-damage|p2a: Hatterene|42/100\n|-damage|p1a: Corviknight|59/100|[from] Recoil\n|move|p2a: Hatterene|Mystical Fire|p1a: Corviknight\n|-supereffective|p1a: Corviknight\n|-damage|p1a: Corviknight|0 fnt\n|faint|p1a: Corviknight\n|\n|-heal|p2a: Hatterene|48/100|[from] item: Leftovers\n|-damage|p2a: Hatterene|35/100|[from] Salt Cure\n|upkeep\n|\n|t:|1783798610\n|switch|p1a: Dondozo|Dondozo, F|100/100\n|turn|23\n|\n|t:|1783798617\n|move|p1a: Dondozo|Wave Crash|p2a: Hatterene\n|-damage|p2a: Hatterene|1/100\n|-damage|p1a: Dondozo|93/100|[from] Recoil\n|move|p2a: Hatterene|Psyshock|p1a: Dondozo\n|-damage|p1a: Dondozo|76/100\n|\n|-heal|p2a: Hatterene|7/100|[from] item: Leftovers\n|-damage|p2a: Hatterene|0 fnt|[from] Salt Cure\n|faint|p2a: Hatterene\n|upkeep\n|inactive|therealmetaboy!! has 120 seconds left.\n|\n|t:|1783798657\n|switch|p2a: Zamazenta|Zamazenta|100/100\n|-damage|p2a: Zamazenta|94/100|[from] Stealth Rock\n|-ability|p2a: Zamazenta|Dauntless Shield|boost\n|-boost|p2a: Zamazenta|def|1\n|turn|24\n|inactive|therealmetaboy!! has 120 seconds left.\n|\n|t:|1783798665\n|switch|p1a: Garganacl|Garganacl, F|78/100\n|-damage|p1a: Garganacl|65/100|[from] Stealth Rock\n|move|p2a: Zamazenta|Iron Defense|p2a: Zamazenta\n|-boost|p2a: Zamazenta|def|2\n|\n|-heal|p2a: Zamazenta|100/100|[from] item: Leftovers\n|-heal|p1a: Garganacl|72/100|[from] item: Leftovers\n|upkeep\n|turn|25\n|\n|t:|1783798673\n|switch|p1a: Dondozo|Dondozo, F|76/100\n|move|p2a: Zamazenta|Substitute|p2a: Zamazenta\n|-start|p2a: Zamazenta|Substitute\n|-damage|p2a: Zamazenta|75/100\n|\n|-heal|p2a: Zamazenta|82/100|[from] item: Leftovers\n|upkeep\n|turn|26\n|\n|t:|1783798684\n|move|p2a: Zamazenta|Body Press|p1a: Dondozo\n|-crit|p1a: Dondozo\n|-damage|p1a: Dondozo|52/100\n|move|p1a: Dondozo|Curse|p1a: Dondozo\n|-unboost|p1a: Dondozo|spe|1\n|-boost|p1a: Dondozo|atk|1\n|-boost|p1a: Dondozo|def|1\n|\n|-heal|p2a: Zamazenta|88/100|[from] item: Leftovers\n|upkeep\n|turn|27\n|\n|t:|1783798693\n|move|p2a: Zamazenta|Iron Defense|p2a: Zamazenta\n|-boost|p2a: Zamazenta|def|2\n|move|p1a: Dondozo|Wave Crash|p2a: Zamazenta\n|-end|p2a: Zamazenta|Substitute\n|-damage|p1a: Dondozo|46/100|[from] Recoil|[of] p2a: Zamazenta\n|\n|-heal|p2a: Zamazenta|94/100|[from] item: Leftovers\n|upkeep\n|turn|28\n|\n|t:|1783798700\n|move|p2a: Zamazenta|Body Press|p1a: Dondozo\n|-damage|p1a: Dondozo|37/100\n|move|p1a: Dondozo|Wave Crash|p2a: Zamazenta\n|-damage|p2a: Zamazenta|53/100\n|-damage|p1a: Dondozo|26/100|[from] Recoil\n|\n|-heal|p2a: Zamazenta|59/100|[from] item: Leftovers\n|upkeep\n|turn|29\n|\n|t:|1783798716\n|move|p2a: Zamazenta|Body Press|p1a: Dondozo\n|-damage|p1a: Dondozo|16/100\n|move|p1a: Dondozo|Rest|p1a: Dondozo\n|-status|p1a: Dondozo|slp|[from] move: Rest\n|-heal|p1a: Dondozo|100/100 slp|[silent]\n|\n|-heal|p2a: Zamazenta|65/100|[from] item: Leftovers\n|upkeep\n|turn|30\n|\n|t:|1783798725\n|move|p2a: Zamazenta|Iron Defense|p2a: Zamazenta\n|-boost|p2a: Zamazenta|def|1\n|cant|p1a: Dondozo|slp\n|\n|-heal|p2a: Zamazenta|71/100|[from] item: Leftovers\n|upkeep\n|turn|31\n|c|☆therealmetaboy!!|bruh what\n|c|☆therealmetaboy!!|what is the answer to this abomination\n|\n|t:|1783798749\n|move|p2a: Zamazenta|Substitute|p2a: Zamazenta\n|-start|p2a: Zamazenta|Substitute\n|-damage|p2a: Zamazenta|46/100\n|cant|p1a: Dondozo|slp\n|\n|-heal|p2a: Zamazenta|53/100|[from] item: Leftovers\n|upkeep\n|turn|32\n|\n|t:|1783798755\n|move|p2a: Zamazenta|Body Press|p1a: Dondozo\n|-damage|p1a: Dondozo|91/100 slp\n|-curestatus|p1a: Dondozo|slp|[msg]\n|move|p1a: Dondozo|Wave Crash|p2a: Zamazenta\n|-end|p2a: Zamazenta|Substitute\n|-damage|p1a: Dondozo|85/100|[from] Recoil|[of] p2a: Zamazenta\n|\n|-heal|p2a: Zamazenta|59/100|[from] item: Leftovers\n|upkeep\n|turn|33\n|\n|t:|1783798766\n|move|p2a: Zamazenta|Body Press|p1a: Dondozo\n|-damage|p1a: Dondozo|74/100\n|move|p1a: Dondozo|Wave Crash|p2a: Zamazenta\n|-damage|p2a: Zamazenta|12/100\n|-damage|p1a: Dondozo|63/100|[from] Recoil\n|\n|-heal|p2a: Zamazenta|18/100|[from] item: Leftovers\n|upkeep\n|turn|34\n|\n|t:|1783798782\n|move|p2a: Zamazenta|Body Press|p1a: Dondozo\n|-damage|p1a: Dondozo|52/100\n|move|p1a: Dondozo|Wave Crash|p2a: Zamazenta\n|-damage|p2a: Zamazenta|0 fnt\n|faint|p2a: Zamazenta\n|-damage|p1a: Dondozo|48/100|[from] Recoil\n|\n|upkeep\n|inactive|therealmetaboy!! has 120 seconds left.\n|\n|t:|1783798800\n|switch|p2a: Kingambit|Kingambit, M|100/100\n|-damage|p2a: Kingambit|94/100|[from] Stealth Rock\n|-activate|p2a: Kingambit|ability: Supreme Overlord\n|-start|p2a: Kingambit|fallen4|[silent]\n|turn|35\n|inactive|therealmetaboy!! has 120 seconds left.\n|\n|t:|1783798807\n|move|p2a: Kingambit|Kowtow Cleave|p1a: Dondozo\n|-damage|p1a: Dondozo|21/100\n|move|p1a: Dondozo|Wave Crash|p2a: Kingambit\n|-damage|p2a: Kingambit|45/100\n|-damage|p1a: Dondozo|10/100|[from] Recoil\n|\n|upkeep\n|turn|36\n|\n|t:|1783798817\n|switch|p1a: Garganacl|Garganacl, F|72/100\n|-damage|p1a: Garganacl|59/100|[from] Stealth Rock\n|move|p2a: Kingambit|Kowtow Cleave|p1a: Garganacl\n|-damage|p1a: Garganacl|14/100\n|\n|-heal|p1a: Garganacl|21/100|[from] item: Leftovers\n|upkeep\n|turn|37\n|\n|t:|1783798825\n|move|p1a: Garganacl|Protect|p1a: Garganacl\n|-singleturn|p1a: Garganacl|Protect\n|move|p2a: Kingambit|Kowtow Cleave|p1a: Garganacl\n|-activate|p1a: Garganacl|move: Protect\n|\n|-heal|p1a: Garganacl|27/100|[from] item: Leftovers\n|upkeep\n|turn|38\n|\n|t:|1783798831\n|move|p1a: Garganacl|Protect|p1a: Garganacl\n|-singleturn|p1a: Garganacl|Protect\n|move|p2a: Kingambit|Kowtow Cleave|p1a: Garganacl\n|-activate|p1a: Garganacl|move: Protect\n|\n|-heal|p1a: Garganacl|33/100|[from] item: Leftovers\n|upkeep\n|turn|39\n|\n|t:|1783798838\n|move|p1a: Garganacl|Protect|p1a: Garganacl\n|-singleturn|p1a: Garganacl|Protect\n|move|p2a: Kingambit|Kowtow Cleave|p1a: Garganacl\n|-activate|p1a: Garganacl|move: Protect\n|\n|-heal|p1a: Garganacl|39/100|[from] item: Leftovers\n|upkeep\n|turn|40\n|c|☆therealmetaboy!!|WHAT\n|\n|t:|1783798845\n|move|p2a: Kingambit|Kowtow Cleave|p1a: Garganacl\n|-damage|p1a: Garganacl|0 fnt\n|faint|p1a: Garganacl\n|\n|upkeep\n|\n|t:|1783798852\n|switch|p1a: Dondozo|Dondozo, F|10/100\n|turn|41\n|\n|t:|1783798859\n|switch|p1a: Clodsire|Clodsire, F|72/100\n|-damage|p1a: Clodsire|66/100|[from] Stealth Rock\n|move|p2a: Kingambit|Kowtow Cleave|p1a: Clodsire\n|-damage|p1a: Clodsire|0 fnt\n|faint|p1a: Clodsire\n|\n|upkeep\n|\n|t:|1783798865\n|switch|p1a: Dondozo|Dondozo, F|10/100\n|turn|42\n|\n|t:|1783798870\n|switch|p1a: Slowking|Slowking-Galar, F|100/100\n|move|p2a: Kingambit|Kowtow Cleave|p1a: Slowking\n|-supereffective|p1a: Slowking\n|-damage|p1a: Slowking|0 fnt\n|faint|p1a: Slowking\n|\n|upkeep\n|\n|t:|1783798871\n|switch|p1a: Dondozo|Dondozo, F|10/100\n|turn|43\n|\n|t:|1783798882\n|move|p2a: Kingambit|Kowtow Cleave|p1a: Dondozo\n|-damage|p1a: Dondozo|0 fnt\n|faint|p1a: Dondozo\n|\n|win|therealmetaboy!!\n|raw|DekuFoulerLab's rating: 1346 &rarr; <strong>1328</strong><br />(-18 for losing)\n|raw|therealmetaboy!!'s rating: 1374 &rarr; <strong>1392</strong><br />(+18 for winning)\n|c|☆therealmetaboy!!|ggwp\n", "uploadtime": 1783798882, "views": 10, "formatid": "gen9ou", "rating": 1328, "private": 0, "password": null}