{"id": "gen9ou-2640025362", "format": "[Gen 9] OU", "players": ["palletsregards", "livelaughlando"], "log": "|j|☆palletsregards\n|j|☆livelaughlando\n|t:|1782565921\n|gametype|singles\n|player|p1|palletsregards|gardenia|1519\n|player|p2|livelaughlando|backersf|1542\n|gen|9\n|tier|[Gen 9] OU\n|rated|\n|rule|HP Percentage Mod: HP is shown in percentages\n|rule|Endless Battle Clause: Forcing endless battles is banned\n|rule|Species Clause: Limit one of each Pokémon\n|rule|OHKO Clause: OHKO moves are banned\n|rule|Evasion Items Clause: Evasion items are banned\n|rule|Evasion Moves Clause: Evasion moves are banned\n|rule|Evasion Abilities Clause: Evasion abilities are banned\n|rule|Sleep Moves Clause: Sleep-inducing moves are banned\n|clearpoke\n|poke|p1|Raging Bolt|\n|poke|p1|Iron Treads|\n|poke|p1|Ting-Lu|\n|poke|p1|Gholdengo|\n|poke|p1|Zamazenta-*|\n|poke|p1|Tornadus-Therian, M|\n|poke|p2|Pelipper, F|\n|poke|p2|Raging Bolt|\n|poke|p2|Overqwil, M|\n|poke|p2|Barraskewda, F|\n|poke|p2|Iron Treads|\n|poke|p2|Kingambit, M|\n|teampreview\n|\n|t:|1782565981\n|teamsize|p1|6\n|teamsize|p2|6\n|start\n|switch|p1a: Gholdengo|Gholdengo|100/100\n|switch|p2a: Iron Treads|Iron Treads|100/100\n|-item|p1a: Gholdengo|Air Balloon\n|-enditem|p2a: Iron Treads|Booster Energy\n|-activate|p2a: Iron Treads|ability: Quark Drive|[fromitem]\n|-start|p2a: Iron Treads|quarkdrivespe\n|turn|1\n|j| horni neco\n|l| horni neco\n|\n|t:|1782565991\n|move|p2a: Iron Treads|Stealth Rock|p1a: Gholdengo\n|-sidestart|p1: palletsregards|move: Stealth Rock\n|move|p1a: Gholdengo|Shadow Ball|p2a: Iron Treads\n|-damage|p2a: Iron Treads|46/100\n|-unboost|p2a: Iron Treads|spd|1\n|\n|upkeep\n|turn|2\n|j| palletsaviour\n|\n|t:|1782566002\n|move|p2a: Iron Treads|Steel Beam|p1a: Gholdengo\n|-resisted|p1a: Gholdengo\n|-damage|p1a: Gholdengo|74/100\n|-enditem|p1a: Gholdengo|Air Balloon\n|-damage|p2a: Iron Treads|0 fnt|[from] steelbeam\n|faint|p2a: Iron Treads\n|-end|p2a: Iron Treads|Quark Drive|[silent]\n|move|p1a: Gholdengo|Shadow Ball|p2: Iron Treads|[notarget]\n|-fail|p1a: Gholdengo\n|\n|upkeep\n|\n|t:|1782566009\n|switch|p2a: Overqwil|Overqwil, M|100/100\n|turn|3\n|\n|t:|1782566021\n|switch|p2a: Pelipper|Pelipper, F|100/100\n|-weather|RainDance|[from] ability: Drizzle|[of] p2a: Pelipper\n|switch|p1a: Iron Treads|Iron Treads|100/100\n|-damage|p1a: Iron Treads|98/100|[from] Stealth Rock\n|-enditem|p1a: Iron Treads|Booster Energy\n|-activate|p1a: Iron Treads|ability: Quark Drive|[fromitem]\n|-start|p1a: Iron Treads|quarkdrivespe\n|\n|-weather|RainDance|[upkeep]\n|upkeep\n|turn|4\n|l| palletsaviour\n|\n|t:|1782566028\n|move|p1a: Iron Treads|Rapid Spin|p2a: Pelipper\n|-damage|p2a: Pelipper|87/100\n|-boost|p1a: Iron Treads|spe|1\n|-sideend|p1: palletsregards|Stealth Rock|[from] move: Rapid Spin|[of] p1a: Iron Treads\n|move|p2a: Pelipper|Weather Ball|p1a: Iron Treads\n|-supereffective|p1a: Iron Treads\n|-damage|p1a: Iron Treads|0 fnt\n|faint|p1a: Iron Treads\n|-end|p1a: Iron Treads|Quark Drive|[silent]\n|\n|-weather|RainDance|[upkeep]\n|upkeep\n|\n|t:|1782566049\n|switch|p1a: Raging Bolt|Raging Bolt|100/100\n|-enditem|p1a: Raging Bolt|Booster Energy\n|-activate|p1a: Raging Bolt|ability: Protosynthesis|[fromitem]\n|-start|p1a: Raging Bolt|protosynthesisspa\n|turn|5\n|\n|t:|1782566060\n|switch|p2a: Raging Bolt|Raging Bolt|100/100\n|-enditem|p2a: Raging Bolt|Booster Energy\n|-activate|p2a: Raging Bolt|ability: Protosynthesis|[fromitem]\n|-start|p2a: Raging Bolt|protosynthesisspa\n|move|p1a: Raging Bolt|Dragon Pulse|p2a: Raging Bolt\n|-supereffective|p2a: Raging Bolt\n|-damage|p2a: Raging Bolt|0 fnt\n|faint|p2a: Raging Bolt\n|-end|p2a: Raging Bolt|Protosynthesis|[silent]\n|\n|-weather|RainDance|[upkeep]\n|upkeep\n|\n|t:|1782566064\n|switch|p2a: Overqwil|Overqwil, M|100/100\n|turn|6\n|\n|t:|1782566083\n|move|p2a: Overqwil|Gunk Shot|p1a: Raging Bolt|[miss]\n|-miss|p2a: Overqwil|p1a: Raging Bolt\n|move|p1a: Raging Bolt|Thunderbolt|p2a: Overqwil\n|-damage|p2a: Overqwil|3/100\n|\n|-weather|RainDance|[upkeep]\n|upkeep\n|turn|7\n|\n|t:|1782566090\n|move|p1a: Raging Bolt|Thunderclap||[still]\n|-fail|p1a: Raging Bolt\n|move|p2a: Overqwil|Swords Dance|p2a: Overqwil\n|-boost|p2a: Overqwil|atk|2\n|\n|-weather|RainDance|[upkeep]\n|upkeep\n|turn|8\n|\n|t:|1782566094\n|move|p1a: Raging Bolt|Thunderclap||[still]\n|-fail|p1a: Raging Bolt\n|move|p2a: Overqwil|Swords Dance|p2a: Overqwil\n|-boost|p2a: Overqwil|atk|2\n|\n|-weather|RainDance|[upkeep]\n|upkeep\n|turn|9\n|\n|t:|1782566097\n|move|p1a: Raging Bolt|Thunderclap||[still]\n|-fail|p1a: Raging Bolt\n|move|p2a: Overqwil|Swords Dance|p2a: Overqwil\n|-boost|p2a: Overqwil|atk|2\n|\n|-weather|RainDance|[upkeep]\n|upkeep\n|turn|10\n|\n|t:|1782566101\n|move|p1a: Raging Bolt|Thunderclap||[still]\n|-fail|p1a: Raging Bolt\n|move|p2a: Overqwil|Swords Dance|p2a: Overqwil\n|-boost|p2a: Overqwil|atk|0\n|\n|-weather|none\n|upkeep\n|turn|11\n|\n|t:|1782566113\n|move|p1a: Raging Bolt|Thunderclap|p2a: Overqwil\n|-damage|p2a: Overqwil|0 fnt\n|faint|p2a: Overqwil\n|\n|upkeep\n|\n|t:|1782566118\n|switch|p2a: Kingambit|Kingambit, M|100/100\n|-activate|p2a: Kingambit|ability: Supreme Overlord\n|-start|p2a: Kingambit|fallen3|[silent]\n|turn|12\n|\n|t:|1782566124\n|move|p1a: Raging Bolt|Thunderbolt|p2a: Kingambit\n|-damage|p2a: Kingambit|34/100\n|move|p2a: Kingambit|Kowtow Cleave|p1a: Raging Bolt\n|-damage|p1a: Raging Bolt|52/100\n|\n|-heal|p2a: Kingambit|40/100|[from] item: Leftovers\n|upkeep\n|turn|13\n|\n|t:|1782566131\n|move|p1a: Raging Bolt|Thunderbolt|p2a: Kingambit\n|-damage|p2a: Kingambit|0 fnt\n|faint|p2a: Kingambit\n|-end|p2a: Kingambit|fallen3|[silent]\n|\n|upkeep\n|\n|t:|1782566135\n|switch|p2a: Pelipper|Pelipper, F|87/100\n|-weather|RainDance|[from] ability: Drizzle|[of] p2a: Pelipper\n|turn|14\n|\n|t:|1782566142\n|-terastallize|p2a: Pelipper|Ground\n|move|p1a: Raging Bolt|Thunderbolt|p2a: Pelipper\n|-immune|p2a: Pelipper\n|move|p2a: Pelipper|Weather Ball|p1a: Raging Bolt\n|-resisted|p1a: Raging Bolt\n|-damage|p1a: Raging Bolt|32/100\n|\n|-weather|RainDance|[upkeep]\n|upkeep\n|turn|15\n|\n|t:|1782566153\n|move|p1a: Raging Bolt|Dragon Pulse|p2a: Pelipper\n|-damage|p2a: Pelipper|0 fnt\n|faint|p2a: Pelipper\n|\n|-weather|RainDance|[upkeep]\n|upkeep\n|\n|t:|1782566156\n|switch|p2a: Barraskewda|Barraskewda, F|100/100\n|turn|16\n|\n|t:|1782566159\n|move|p2a: Barraskewda|Aqua Jet|p1a: Raging Bolt\n|-resisted|p1a: Raging Bolt\n|-damage|p1a: Raging Bolt|11/100\n|move|p1a: Raging Bolt|Thunderclap||[still]\n|-fail|p1a: Raging Bolt\n|\n|-weather|RainDance|[upkeep]\n|upkeep\n|turn|17\n|\n|t:|1782566164\n|move|p2a: Barraskewda|Aqua Jet|p1a: Raging Bolt\n|-resisted|p1a: Raging Bolt\n|-damage|p1a: Raging Bolt|0 fnt\n|faint|p1a: Raging Bolt\n|-end|p1a: Raging Bolt|Protosynthesis|[silent]\n|\n|-weather|RainDance|[upkeep]\n|upkeep\n|\n|t:|1782566169\n|switch|p1a: Gholdengo|Gholdengo|74/100\n|turn|18\n|\n|t:|1782566172\n|move|p2a: Barraskewda|Aqua Jet|p1a: Gholdengo\n|-damage|p1a: Gholdengo|24/100\n|move|p1a: Gholdengo|Shadow Ball|p2a: Barraskewda\n|-damage|p2a: Barraskewda|13/100\n|\n|-weather|RainDance|[upkeep]\n|upkeep\n|turn|19\n|\n|t:|1782566177\n|move|p2a: Barraskewda|Aqua Jet|p1a: Gholdengo\n|-damage|p1a: Gholdengo|0 fnt\n|faint|p1a: Gholdengo\n|\n|-weather|RainDance|[upkeep]\n|upkeep\n|\n|t:|1782566183\n|switch|p1a: Zamazenta|Zamazenta|100/100\n|-ability|p1a: Zamazenta|Dauntless Shield|boost\n|-boost|p1a: Zamazenta|def|1\n|turn|20\n|\n|t:|1782566186\n|move|p2a: Barraskewda|Aqua Jet|p1a: Zamazenta\n|-damage|p1a: Zamazenta|75/100\n|move|p1a: Zamazenta|Body Press|p2a: Barraskewda\n|-damage|p2a: Barraskewda|0 fnt\n|faint|p2a: Barraskewda\n|\n|win|palletsregards\n|raw|palletsregards's rating: 1519 &rarr; <strong>1540</strong><br />(+21 for winning)\n|raw|livelaughlando's rating: 1542 &rarr; <strong>1521</strong><br />(-21 for losing)\n|l|☆livelaughlando\n|player|p2|\n|l|☆palletsregards\n|player|p1|\n", "uploadtime": 1782566355, "views": 6, "formatid": "gen9ou", "rating": 1521, "private": 0, "password": null}