{"id": "gen9ou-2647716464", "format": "[Gen 9] OU", "players": ["Neo_yuji", "CocoLocoBro"], "log": "|j|☆Neo_yuji\n|j|☆CocoLocoBro\n|t:|1783800830\n|gametype|singles\n|player|p1|Neo_yuji|pokemaniac|1197\n|player|p2|CocoLocoBro|fisherman|1225\n|gen|9\n|tier|[Gen 9] OU\n|rated|\n|rule|HP Percentage Mod: HP is shown in percentages\n|rule|Endless Battle Clause: Forcing endless battles is banned\n|rule|Species Clause: Limit one of each Pokémon\n|rule|OHKO Clause: OHKO moves are banned\n|rule|Evasion Items Clause: Evasion items are banned\n|rule|Evasion Moves Clause: Evasion moves are banned\n|rule|Evasion Abilities Clause: Evasion abilities are banned\n|rule|Sleep Moves Clause: Sleep-inducing moves are banned\n|clearpoke\n|poke|p1|Pelipper, M|\n|poke|p1|Azumarill, F|\n|poke|p1|Greninja-*, M|\n|poke|p1|Ogerpon-Wellspring, F|\n|poke|p1|Gastrodon, M|\n|poke|p1|Alomomola, F|\n|poke|p2|Spidops, F|\n|poke|p2|Orthworm, F|\n|poke|p2|Glimmora, M|\n|poke|p2|Mandibuzz, F|\n|poke|p2|Mienshao, M|\n|poke|p2|Staraptor, F|\n|teampreview\n|inactive|Battle timer is ON: inactive players will automatically lose when time's up. (requested by Neo_yuji)\n|\n|t:|1783800843\n|teamsize|p1|6\n|teamsize|p2|6\n|start\n|switch|p1a: Pelipper|Pelipper, M|100/100\n|switch|p2a: Spidops|Spidops, F|100/100\n|-weather|RainDance|[from] ability: Drizzle|[of] p1a: Pelipper\n|turn|1\n|\n|t:|1783800847\n|switch|p1a: Greninja|Greninja, M|100/100\n|move|p2a: Spidops|Silk Trap||[still]\n|-fail|p2a: Spidops\n|\n|-weather|RainDance|[upkeep]\n|upkeep\n|turn|2\n|\n|t:|1783800853\n|move|p1a: Greninja|Surf|p2a: Spidops\n|-damage|p2a: Spidops|26/100\n|move|p2a: Spidops|Sticky Web|p1a: Greninja\n|-sidestart|p1: Neo_yuji|move: Sticky Web\n|\n|-weather|RainDance|[upkeep]\n|upkeep\n|turn|3\n|\n|t:|1783800859\n|move|p2a: Spidops|Silk Trap|p2a: Spidops\n|-singleturn|p2a: Spidops|Protect\n|move|p1a: Greninja|Surf|p2a: Spidops\n|-activate|p2a: Spidops|move: Protect\n|\n|-weather|RainDance|[upkeep]\n|upkeep\n|turn|4\n|\n|t:|1783800865\n|move|p1a: Greninja|Surf|p2a: Spidops\n|-damage|p2a: Spidops|0 fnt\n|faint|p2a: Spidops\n|-ability|p1a: Greninja|Battle Bond|boost\n|-boost|p1a: Greninja|atk|1\n|-boost|p1a: Greninja|spa|1\n|-boost|p1a: Greninja|spe|1\n|-activate|p1a: Greninja|ability: Battle Bond\n|\n|-weather|RainDance|[upkeep]\n|upkeep\n|\n|t:|1783800877\n|switch|p2a: Glimmora|Glimmora, M|100/100\n|turn|5\n|\n|t:|1783800880\n|move|p1a: Greninja|Extrasensory|p2a: Glimmora\n|-supereffective|p2a: Glimmora\n|-damage|p2a: Glimmora|8/100\n|move|p2a: Glimmora|Memento|p1a: Greninja\n|-unboost|p1a: Greninja|atk|2\n|-unboost|p1a: Greninja|spa|2\n|faint|p2a: Glimmora\n|\n|-weather|RainDance|[upkeep]\n|upkeep\n|\n|t:|1783800891\n|switch|p2a: Mandibuzz|Mandibuzz, F|100/100\n|turn|6\n|\n|t:|1783800899\n|move|p1a: Greninja|Ice Beam|p2a: Mandibuzz\n|-supereffective|p2a: Mandibuzz\n|-damage|p2a: Mandibuzz|67/100\n|move|p2a: Mandibuzz|Nasty Plot|p2a: Mandibuzz\n|-boost|p2a: Mandibuzz|spa|2\n|\n|-weather|RainDance|[upkeep]\n|upkeep\n|turn|7\n|\n|t:|1783800911\n|-terastallize|p2a: Mandibuzz|Dark\n|move|p1a: Greninja|Surf|p2a: Mandibuzz\n|-damage|p2a: Mandibuzz|30/100\n|move|p2a: Mandibuzz|Nasty Plot|p2a: Mandibuzz\n|-boost|p2a: Mandibuzz|spa|2\n|\n|-weather|RainDance|[upkeep]\n|upkeep\n|turn|8\n|\n|t:|1783800917\n|move|p1a: Greninja|Surf|p2a: Mandibuzz\n|-damage|p2a: Mandibuzz|0 fnt\n|faint|p2a: Mandibuzz\n|\n|-weather|none\n|upkeep\n|\n|t:|1783800921\n|switch|p2a: Staraptor|Staraptor, F|100/100\n|turn|9\n|\n|t:|1783800928\n|move|p1a: Greninja|Ice Beam|p2a: Staraptor\n|-supereffective|p2a: Staraptor\n|-crit|p2a: Staraptor\n|-damage|p2a: Staraptor|0 fnt\n|faint|p2a: Staraptor\n|\n|upkeep\n|-message|CocoLocoBro forfeited.\n|\n|win|Neo_yuji\n|raw|Neo_yuji's rating: 1197 &rarr; <strong>1224</strong><br />(+27 for winning)\n|raw|CocoLocoBro's rating: 1225 &rarr; <strong>1198</strong><br />(-27 for losing)\n|l|☆CocoLocoBro\n|player|p2|\n|l|☆Neo_yuji\n|player|p1|\n", "uploadtime": 1783801281, "views": 6, "formatid": "gen9ou", "rating": 1198, "private": 0, "password": null}