{"id": "gen9ou-2647780703", "format": "[Gen 9] OU", "players": ["doodoogirl69", "meliodas4070"], "log": "|j|☆doodoogirl69\n|j|☆meliodas4070\n|t:|1783811409\n|gametype|singles\n|player|p1|doodoogirl69|linebacker|1127\n|player|p2|meliodas4070|170|1110\n|gen|9\n|tier|[Gen 9] OU\n|rated|\n|rule|HP Percentage Mod: HP is shown in percentages\n|rule|Endless Battle Clause: Forcing endless battles is banned\n|rule|Species Clause: Limit one of each Pokémon\n|rule|OHKO Clause: OHKO moves are banned\n|rule|Evasion Items Clause: Evasion items are banned\n|rule|Evasion Moves Clause: Evasion moves are banned\n|rule|Evasion Abilities Clause: Evasion abilities are banned\n|rule|Sleep Moves Clause: Sleep-inducing moves are banned\n|clearpoke\n|poke|p1|Gallade, M|\n|poke|p1|Chandelure, F|\n|poke|p1|Torterra, M|\n|poke|p1|Revavroom, M|\n|poke|p1|Vaporeon, F|\n|poke|p1|Gastrodon, F|\n|poke|p2|Great Tusk|\n|poke|p2|Landorus-Therian, M|\n|poke|p2|Cinderace, M|\n|poke|p2|Dragapult, F|\n|poke|p2|Glimmora, F|\n|poke|p2|Keldeo-Resolute|\n|teampreview\n|inactive|Battle timer is ON: inactive players will automatically lose when time's up. (requested by meliodas4070)\n|\n|t:|1783811440\n|teamsize|p1|6\n|teamsize|p2|6\n|start\n|switch|p1a: Gallade|Gallade, M|100/100\n|switch|p2a: Glimmora|Glimmora, F|100/100\n|-item|p2a: Glimmora|Air Balloon\n|turn|1\n|\n|t:|1783811453\n|move|p1a: Gallade|Sacred Sword|p2a: Glimmora\n|-damage|p2a: Glimmora|31/100\n|-activate|p2a: Glimmora|ability: Toxic Debris\n|-sidestart|p1: doodoogirl69|move: Toxic Spikes\n|-enditem|p2a: Glimmora|Air Balloon\n|move|p2a: Glimmora|Toxic|p1a: Gallade\n|-status|p1a: Gallade|tox\n|\n|-damage|p1a: Gallade|94/100 tox|[from] psn\n|upkeep\n|turn|2\n|\n|t:|1783811463\n|switch|p2a: Dragapult|Dragapult, F|100/100\n|move|p1a: Gallade|Sacred Sword|p2a: Dragapult\n|-immune|p2a: Dragapult\n|\n|-damage|p1a: Gallade|82/100 tox|[from] psn\n|upkeep\n|turn|3\n|\n|t:|1783811470\n|move|p2a: Dragapult|Phantom Force||[still]\n|-prepare|p2a: Dragapult|Phantom Force\n|move|p1a: Gallade|Triple Axel|p2a: Dragapult|[miss]\n|-miss|p1a: Gallade|p2a: Dragapult\n|\n|-damage|p1a: Gallade|64/100 tox|[from] psn\n|upkeep\n|turn|4\n|\n|t:|1783811477\n|switch|p1a: Revavroom|Revavroom, M|100/100\n|-item|p1a: Revavroom|Air Balloon\n|move|p2a: Dragapult|Phantom Force|p1a: Revavroom|[from] lockedmove\n|-damage|p1a: Revavroom|47/100\n|-enditem|p1a: Revavroom|Air Balloon\n|\n|upkeep\n|turn|5\n|\n|t:|1783811486\n|switch|p1a: Gallade|Gallade, M|64/100 tox\n|move|p2a: Dragapult|Phantom Force||[still]\n|-prepare|p2a: Dragapult|Phantom Force\n|\n|-damage|p1a: Gallade|58/100 tox|[from] psn\n|upkeep\n|turn|6\n|\n|t:|1783811493\n|switch|p1a: Revavroom|Revavroom, M|47/100\n|-sideend|p1: doodoogirl69|move: Toxic Spikes|[of] p1a: Revavroom\n|move|p2a: Dragapult|Phantom Force|p1a: Revavroom|[from] lockedmove\n|-damage|p1a: Revavroom|0 fnt\n|faint|p1a: Revavroom\n|\n|upkeep\n|\n|t:|1783811511\n|switch|p1a: Torterra|Torterra, M|100/100\n|turn|7\n|\n|t:|1783811516\n|switch|p2a: Cinderace|Cinderace, M|100/100\n|move|p1a: Torterra|Shell Smash|p1a: Torterra\n|-unboost|p1a: Torterra|def|1\n|-unboost|p1a: Torterra|spd|1\n|-boost|p1a: Torterra|atk|2\n|-boost|p1a: Torterra|spa|2\n|-boost|p1a: Torterra|spe|2\n|\n|upkeep\n|turn|8\n|\n|t:|1783811526\n|-terastallize|p2a: Cinderace|Flying\n|move|p1a: Torterra|Rock Blast|p2a: Cinderace\n|-supereffective|p2a: Cinderace\n|-damage|p2a: Cinderace|48/100\n|-supereffective|p2a: Cinderace\n|-damage|p2a: Cinderace|0 fnt\n|faint|p2a: Cinderace\n|-hitcount|p2: Cinderace|2\n|\n|upkeep\n|\n|t:|1783811540\n|switch|p2a: Keldeo|Keldeo-Resolute|100/100\n|turn|9\n|\n|t:|1783811544\n|move|p1a: Torterra|Bullet Seed|p2a: Keldeo\n|-supereffective|p2a: Keldeo\n|-damage|p2a: Keldeo|35/100\n|-supereffective|p2a: Keldeo\n|-damage|p2a: Keldeo|0 fnt\n|faint|p2a: Keldeo\n|-hitcount|p2: Keldeo|2\n|\n|upkeep\n|\n|t:|1783811548\n|switch|p2a: Landorus|Landorus-Therian, M|100/100\n|-ability|p2a: Landorus|Intimidate|boost\n|-unboost|p1a: Torterra|atk|1\n|turn|10\n|\n|t:|1783811552\n|move|p1a: Torterra|Bullet Seed|p2a: Landorus\n|-damage|p2a: Landorus|82/100\n|-damage|p2a: Landorus|64/100\n|-damage|p2a: Landorus|45/100\n|-damage|p2a: Landorus|29/100\n|-hitcount|p2a: Landorus|4\n|move|p2a: Landorus|U-turn|p1a: Torterra\n|-supereffective|p1a: Torterra\n|-damage|p1a: Torterra|38/100\n|\n|t:|1783811556\n|switch|p2a: Glimmora|Glimmora, F|31/100|[from] U-turn\n|\n|upkeep\n|turn|11\n|\n|t:|1783811567\n|move|p1a: Torterra|Earthquake|p2a: Glimmora\n|-supereffective|p2a: Glimmora\n|-damage|p2a: Glimmora|0 fnt\n|-activate|p2a: Glimmora|ability: Toxic Debris\n|-sidestart|p1: doodoogirl69|move: Toxic Spikes\n|faint|p2a: Glimmora\n|\n|upkeep\n|\n|t:|1783811574\n|switch|p2a: Great Tusk|Great Tusk|100/100\n|-enditem|p2a: Great Tusk|Booster Energy\n|-activate|p2a: Great Tusk|ability: Protosynthesis|[fromitem]\n|-start|p2a: Great Tusk|protosynthesisdef\n|turn|12\n|\n|t:|1783811578\n|move|p1a: Torterra|Bullet Seed|p2a: Great Tusk\n|-supereffective|p2a: Great Tusk\n|-damage|p2a: Great Tusk|87/100\n|-supereffective|p2a: Great Tusk\n|-damage|p2a: Great Tusk|71/100\n|-supereffective|p2a: Great Tusk\n|-damage|p2a: Great Tusk|56/100\n|-supereffective|p2a: Great Tusk\n|-damage|p2a: Great Tusk|42/100\n|-hitcount|p2a: Great Tusk|4\n|move|p2a: Great Tusk|Knock Off|p1a: Torterra\n|-damage|p1a: Torterra|0 fnt\n|-enditem|p1a: Torterra|Loaded Dice|[from] move: Knock Off|[of] p2a: Great Tusk\n|faint|p1a: Torterra\n|\n|upkeep\n|\n|t:|1783811593\n|switch|p1a: Gallade|Gallade, M|58/100 tox\n|turn|13\n|\n|t:|1783811599\n|move|p1a: Gallade|Triple Axel|p2a: Great Tusk\n|-supereffective|p2a: Great Tusk\n|-damage|p2a: Great Tusk|35/100\n|-supereffective|p2a: Great Tusk\n|-damage|p2a: Great Tusk|21/100\n|-supereffective|p2a: Great Tusk\n|-damage|p2a: Great Tusk|0 fnt\n|faint|p2a: Great Tusk\n|-end|p2a: Great Tusk|Protosynthesis|[silent]\n|-hitcount|p2: Great Tusk|3\n|\n|-damage|p1a: Gallade|51/100 tox|[from] psn\n|upkeep\n|\n|t:|1783811602\n|switch|p2a: Dragapult|Dragapult, F|100/100\n|turn|14\n|\n|t:|1783811609\n|move|p2a: Dragapult|Phantom Force||[still]\n|-prepare|p2a: Dragapult|Phantom Force\n|move|p1a: Gallade|Triple Axel|p2a: Dragapult|[miss]\n|-miss|p1a: Gallade|p2a: Dragapult\n|\n|-damage|p1a: Gallade|39/100 tox|[from] psn\n|upkeep\n|turn|15\n|\n|t:|1783811615\n|move|p2a: Dragapult|Phantom Force|p1a: Gallade|[from] lockedmove\n|-supereffective|p1a: Gallade\n|-crit|p1a: Gallade\n|-damage|p1a: Gallade|0 fnt\n|faint|p1a: Gallade\n|\n|upkeep\n|\n|t:|1783811620\n|switch|p1a: Gastrodon|Gastrodon, F|100/100\n|-status|p1a: Gastrodon|psn\n|turn|16\n|\n|t:|1783811626\n|switch|p2a: Landorus|Landorus-Therian, M|29/100\n|-ability|p2a: Landorus|Intimidate|boost\n|-unboost|p1a: Gastrodon|atk|1\n|move|p1a: Gastrodon|Rain Dance|p1a: Gastrodon\n|-weather|RainDance\n|\n|-weather|RainDance|[upkeep]\n|-damage|p1a: Gastrodon|88/100 psn|[from] psn\n|upkeep\n|turn|17\n|\n|t:|1783811634\n|move|p2a: Landorus|Earthquake|p1a: Gastrodon\n|-damage|p1a: Gastrodon|40/100 psn\n|move|p1a: Gastrodon|Stealth Rock|p2a: Landorus\n|-sidestart|p2: meliodas4070|move: Stealth Rock\n|\n|-weather|RainDance|[upkeep]\n|-damage|p1a: Gastrodon|28/100 psn|[from] psn\n|upkeep\n|turn|18\n|\n|t:|1783811642\n|move|p2a: Landorus|Earthquake|p1a: Gastrodon\n|-damage|p1a: Gastrodon|0 fnt\n|faint|p1a: Gastrodon\n|\n|-weather|RainDance|[upkeep]\n|upkeep\n|\n|t:|1783811647\n|switch|p1a: Vaporeon|Vaporeon, F|100/100\n|-status|p1a: Vaporeon|psn\n|turn|19\n|\n|t:|1783811651\n|move|p2a: Landorus|Earthquake|p1a: Vaporeon\n|-damage|p1a: Vaporeon|65/100 psn\n|move|p1a: Vaporeon|Acid Armor|p1a: Vaporeon\n|-boost|p1a: Vaporeon|def|2\n|\n|-weather|RainDance|[upkeep]\n|-activate|p1a: Vaporeon|ability: Hydration\n|-curestatus|p1a: Vaporeon|psn|[msg]\n|-heal|p1a: Vaporeon|71/100|[from] item: Leftovers\n|upkeep\n|turn|20\n|\n|t:|1783811660\n|move|p2a: Landorus|Earthquake|p1a: Vaporeon\n|-damage|p1a: Vaporeon|53/100\n|move|p1a: Vaporeon|Calm Mind|p1a: Vaporeon\n|-boost|p1a: Vaporeon|spa|1\n|-boost|p1a: Vaporeon|spd|1\n|\n|-weather|RainDance|[upkeep]\n|-heal|p1a: Vaporeon|60/100|[from] item: Leftovers\n|upkeep\n|turn|21\n|\n|t:|1783811667\n|move|p2a: Landorus|Brick Break|p1a: Vaporeon\n|-damage|p1a: Vaporeon|50/100\n|move|p1a: Vaporeon|Calm Mind|p1a: Vaporeon\n|-boost|p1a: Vaporeon|spa|1\n|-boost|p1a: Vaporeon|spd|1\n|\n|-weather|RainDance|[upkeep]\n|-heal|p1a: Vaporeon|56/100|[from] item: Leftovers\n|upkeep\n|turn|22\n|\n|t:|1783811674\n|move|p2a: Landorus|Earthquake|p1a: Vaporeon\n|-damage|p1a: Vaporeon|37/100\n|move|p1a: Vaporeon|Acid Armor|p1a: Vaporeon\n|-boost|p1a: Vaporeon|def|2\n|\n|-weather|RainDance|[upkeep]\n|-heal|p1a: Vaporeon|43/100|[from] item: Leftovers\n|upkeep\n|turn|23\n|\n|t:|1783811681\n|move|p2a: Landorus|Body Slam|p1a: Vaporeon\n|-crit|p1a: Vaporeon\n|-damage|p1a: Vaporeon|13/100\n|move|p1a: Vaporeon|Scald|p2a: Landorus\n|-supereffective|p2a: Landorus\n|-damage|p2a: Landorus|0 fnt\n|faint|p2a: Landorus\n|\n|-weather|none\n|-heal|p1a: Vaporeon|20/100|[from] item: Leftovers\n|upkeep\n|\n|t:|1783811690\n|switch|p2a: Dragapult|Dragapult, F|100/100\n|-damage|p2a: Dragapult|88/100|[from] Stealth Rock\n|turn|24\n|\n|t:|1783811694\n|-terastallize|p1a: Vaporeon|Fairy\n|move|p2a: Dragapult|Phantom Force||[still]\n|-prepare|p2a: Dragapult|Phantom Force\n|move|p1a: Vaporeon|Stored Power|p2a: Dragapult|[miss]\n|-miss|p1a: Vaporeon|p2a: Dragapult\n|\n|-heal|p1a: Vaporeon|26/100|[from] item: Leftovers\n|upkeep\n|turn|25\n|\n|t:|1783811701\n|move|p2a: Dragapult|Phantom Force|p1a: Vaporeon|[from] lockedmove\n|-crit|p1a: Vaporeon\n|-damage|p1a: Vaporeon|0 fnt\n|faint|p1a: Vaporeon\n|\n|upkeep\n|\n|t:|1783811705\n|switch|p1a: Chandelure|Chandelure, F|100/100\n|-status|p1a: Chandelure|psn\n|turn|26\n|\n|t:|1783811710\n|move|p2a: Dragapult|Phantom Force||[still]\n|-prepare|p2a: Dragapult|Phantom Force\n|move|p1a: Chandelure|Shadow Ball|p2a: Dragapult|[miss]\n|-miss|p1a: Chandelure|p2a: Dragapult\n|\n|-damage|p1a: Chandelure|88/100 psn|[from] psn\n|upkeep\n|turn|27\n|\n|t:|1783811717\n|move|p2a: Dragapult|Phantom Force|p1a: Chandelure|[from] lockedmove\n|-supereffective|p1a: Chandelure\n|-damage|p1a: Chandelure|0 fnt\n|faint|p1a: Chandelure\n|\n|win|meliodas4070\n|raw|doodoogirl69's rating: 1127 &rarr; <strong>1101</strong><br />(-26 for losing)\n|raw|meliodas4070's rating: 1110 &rarr; <strong>1136</strong><br />(+26 for winning)\n|l|☆doodoogirl69\n|player|p1|\n|l|☆meliodas4070\n|player|p2|\n", "uploadtime": 1783812000, "views": 3, "formatid": "gen9ou", "rating": 1101, "private": 0, "password": null}