{"id": "gen9ou-2639247560", "format": "[Gen 9] OU", "players": ["mxer", "jmjacker2025"], "log": "|j|☆mxer\n|j|☆jmjacker2025\n|t:|1782440052\n|gametype|singles\n|player|p1|mxer|gambler|1121\n|player|p2|jmjacker2025|2|1169\n|gen|9\n|tier|[Gen 9] OU\n|rated|\n|rule|HP Percentage Mod: HP is shown in percentages\n|rule|Endless Battle Clause: Forcing endless battles is banned\n|rule|Species Clause: Limit one of each Pokémon\n|rule|OHKO Clause: OHKO moves are banned\n|rule|Evasion Items Clause: Evasion items are banned\n|rule|Evasion Moves Clause: Evasion moves are banned\n|rule|Evasion Abilities Clause: Evasion abilities are banned\n|rule|Sleep Moves Clause: Sleep-inducing moves are banned\n|clearpoke\n|poke|p1|Glimmora, M|\n|poke|p1|Gastrodon, F|\n|poke|p1|Dragonite, F|\n|poke|p1|Ceruledge, M|\n|poke|p1|Skarmory, F|\n|poke|p1|Mienshao, M|\n|poke|p2|Minior|\n|poke|p2|Hydreigon, M|\n|poke|p2|Whimsicott, F|\n|poke|p2|Frosmoth, F|\n|poke|p2|Ogerpon, F|\n|poke|p2|Bellossom, M|\n|teampreview\n|inactive|Battle timer is ON: inactive players will automatically lose when time's up. (requested by mxer)\n|\n|t:|1782440076\n|teamsize|p1|6\n|teamsize|p2|6\n|start\n|switch|p1a: Glimmora|Glimmora, M|100/100\n|switch|p2a: Whimsicott|Whimsicott, F|100/100\n|-item|p1a: Glimmora|Air Balloon\n|turn|1\n|\n|t:|1782440096\n|move|p2a: Whimsicott|Stun Spore|p1a: Glimmora|[miss]\n|-miss|p2a: Whimsicott|p1a: Glimmora\n|move|p1a: Glimmora|Stealth Rock|p2a: Whimsicott\n|-sidestart|p2: jmjacker2025|move: Stealth Rock\n|\n|upkeep\n|turn|2\n|\n|t:|1782440112\n|move|p2a: Whimsicott|Stun Spore|p1a: Glimmora|[miss]\n|-miss|p2a: Whimsicott|p1a: Glimmora\n|move|p1a: Glimmora|Mortal Spin|p2a: Whimsicott\n|-supereffective|p2a: Whimsicott\n|-crit|p2a: Whimsicott\n|-damage|p2a: Whimsicott|66/100\n|-status|p2a: Whimsicott|psn\n|\n|-damage|p2a: Whimsicott|54/100 psn|[from] psn\n|upkeep\n|turn|3\n|\n|t:|1782440127\n|switch|p1a: Skarmory|Skarmory, F|100/100\n|move|p2a: Whimsicott|Tailwind|p2a: Whimsicott\n|-sidestart|p2: jmjacker2025|move: Tailwind\n|\n|-damage|p2a: Whimsicott|41/100 psn|[from] psn\n|upkeep\n|turn|4\n|\n|t:|1782440134\n|move|p2a: Whimsicott|Stun Spore|p1a: Skarmory\n|-status|p1a: Skarmory|par\n|move|p1a: Skarmory|Spikes|p2a: Whimsicott\n|-sidestart|p2: jmjacker2025|Spikes\n|\n|-damage|p2a: Whimsicott|29/100 psn|[from] psn\n|upkeep\n|turn|5\n|\n|t:|1782440138\n|move|p2a: Whimsicott|Moonblast|p1a: Skarmory\n|-resisted|p1a: Skarmory\n|-damage|p1a: Skarmory|81/100 par\n|cant|p1a: Skarmory|par\n|\n|-damage|p2a: Whimsicott|17/100 psn|[from] psn\n|upkeep\n|turn|6\n|\n|t:|1782440144\n|move|p2a: Whimsicott|Moonblast|p1a: Skarmory\n|-resisted|p1a: Skarmory\n|-damage|p1a: Skarmory|63/100 par\n|move|p1a: Skarmory|Iron Defense|p1a: Skarmory\n|-boost|p1a: Skarmory|def|2\n|\n|-damage|p2a: Whimsicott|4/100 psn|[from] psn\n|-sideend|p2: jmjacker2025|move: Tailwind\n|upkeep\n|turn|7\n|\n|t:|1782440152\n|move|p2a: Whimsicott|Moonblast|p1a: Skarmory\n|-resisted|p1a: Skarmory\n|-damage|p1a: Skarmory|43/100 par\n|-unboost|p1a: Skarmory|spa|1\n|cant|p1a: Skarmory|par\n|\n|-damage|p2a: Whimsicott|0 fnt|[from] psn\n|faint|p2a: Whimsicott\n|upkeep\n|\n|t:|1782440162\n|switch|p2a: Hydreigon|Hydreigon, M|100/100\n|-damage|p2a: Hydreigon|88/100|[from] Stealth Rock\n|turn|8\n|\n|t:|1782440166\n|move|p2a: Hydreigon|Heat Wave|p1a: Skarmory\n|-supereffective|p1a: Skarmory\n|-damage|p1a: Skarmory|0 fnt\n|faint|p1a: Skarmory\n|\n|upkeep\n|\n|t:|1782440177\n|switch|p1a: Mienshao|Mienshao, M|100/100\n|turn|9\n|\n|t:|1782440191\n|-terastallize|p2a: Hydreigon|Fire\n|move|p2a: Hydreigon|Focus Energy|p2a: Hydreigon\n|-start|p2a: Hydreigon|move: Focus Energy\n|move|p1a: Mienshao|Triple Axel|p2a: Hydreigon\n|-resisted|p2a: Hydreigon\n|-damage|p2a: Hydreigon|83/100\n|-resisted|p2a: Hydreigon\n|-damage|p2a: Hydreigon|74/100\n|-hitcount|p2a: Hydreigon|2\n|-damage|p1a: Mienshao|91/100|[from] item: Life Orb\n|\n|upkeep\n|turn|10\n|c|☆mxer|i know this\n|\n|t:|1782440210\n|switch|p1a: Glimmora|Glimmora, M|100/100\n|-item|p1a: Glimmora|Air Balloon\n|move|p2a: Hydreigon|Draco Meteor|p1a: Glimmora\n|-crit|p1a: Glimmora\n|-damage|p1a: Glimmora|0 fnt\n|-unboost|p2a: Hydreigon|spa|2\n|-enditem|p1a: Glimmora|Air Balloon\n|faint|p1a: Glimmora\n|\n|upkeep\n|c|☆jmjacker2025|nice\n|inactive|mxer has 120 seconds left.\n|\n|t:|1782440235\n|switch|p1a: Mienshao|Mienshao, M|100/100\n|turn|11\n|inactive|mxer has 120 seconds left.\n|\n|t:|1782440256\n|move|p2a: Hydreigon|Heat Wave|p1a: Mienshao\n|-crit|p1a: Mienshao\n|-damage|p1a: Mienshao|0 fnt\n|faint|p1a: Mienshao\n|\n|upkeep\n|\n|t:|1782440265\n|switch|p1a: Dragonite|Dragonite, F|100/100\n|turn|12\n|\n|t:|1782440271\n|move|p2a: Hydreigon|Draco Meteor|p1a: Dragonite|[miss]\n|-miss|p2a: Hydreigon|p1a: Dragonite\n|move|p1a: Dragonite|Encore|p2a: Hydreigon\n|-start|p2a: Hydreigon|Encore\n|\n|upkeep\n|turn|13\n|inactive|mxer has 120 seconds left.\n|\n|t:|1782440315\n|move|p2a: Hydreigon|Draco Meteor|p1a: Dragonite\n|-supereffective|p1a: Dragonite\n|-crit|p1a: Dragonite\n|-damage|p1a: Dragonite|0 fnt\n|-unboost|p2a: Hydreigon|spa|2\n|faint|p1a: Dragonite\n|\n|upkeep\n|\n|t:|1782440323\n|switch|p1a: Gastrodon|Gastrodon, F|100/100\n|turn|14\n|\n|t:|1782440334\n|move|p1a: Gastrodon|Protect|p1a: Gastrodon\n|-singleturn|p1a: Gastrodon|Protect\n|move|p2a: Hydreigon|Draco Meteor|p1a: Gastrodon\n|-activate|p1a: Gastrodon|move: Protect\n|\n|upkeep\n|turn|15\n|\n|t:|1782440341\n|move|p2a: Hydreigon|Draco Meteor|p1a: Gastrodon|[miss]\n|-miss|p2a: Hydreigon|p1a: Gastrodon\n|move|p1a: Gastrodon|Whirlpool|p2a: Hydreigon\n|-supereffective|p2a: Hydreigon\n|-damage|p2a: Hydreigon|43/100\n|-activate|p2a: Hydreigon|move: Whirlpool|[of] p1a: Gastrodon\n|\n|-damage|p2a: Hydreigon|31/100|[from] move: Whirlpool|[partiallytrapped]\n|-end|p2a: Hydreigon|Encore\n|upkeep\n|turn|16\n|\n|t:|1782440352\n|move|p1a: Gastrodon|Protect|p1a: Gastrodon\n|-singleturn|p1a: Gastrodon|Protect\n|move|p2a: Hydreigon|Draco Meteor|p1a: Gastrodon\n|-activate|p1a: Gastrodon|move: Protect\n|\n|-damage|p2a: Hydreigon|18/100|[from] move: Whirlpool|[partiallytrapped]\n|upkeep\n|turn|17\n|\n|t:|1782440363\n|move|p1a: Gastrodon|Protect|p1a: Gastrodon\n|-singleturn|p1a: Gastrodon|Protect\n|move|p2a: Hydreigon|Draco Meteor|p1a: Gastrodon\n|-activate|p1a: Gastrodon|move: Protect\n|\n|-damage|p2a: Hydreigon|6/100|[from] move: Whirlpool|[partiallytrapped]\n|upkeep\n|turn|18\n|c|☆jmjacker2025|wow\n|\n|t:|1782440371\n|move|p2a: Hydreigon|Draco Meteor|p1a: Gastrodon\n|-crit|p1a: Gastrodon\n|-damage|p1a: Gastrodon|12/100\n|-unboost|p2a: Hydreigon|spa|2\n|move|p1a: Gastrodon|Whirlpool|p2a: Hydreigon\n|-supereffective|p2a: Hydreigon\n|-damage|p2a: Hydreigon|0 fnt\n|faint|p2a: Hydreigon\n|\n|-heal|p1a: Gastrodon|18/100|[from] item: Leftovers\n|upkeep\n|c|☆mxer|the legend of gastrodon\n|\n|t:|1782440386\n|switch|p2a: Frosmoth|Frosmoth, F|100/100\n|-damage|p2a: Frosmoth|51/100|[from] Stealth Rock\n|-damage|p2a: Frosmoth|38/100|[from] Spikes\n|turn|19\n|\n|t:|1782440396\n|move|p2a: Frosmoth|Quiver Dance|p2a: Frosmoth\n|-boost|p2a: Frosmoth|spa|1\n|-boost|p2a: Frosmoth|spd|1\n|-boost|p2a: Frosmoth|spe|1\n|move|p1a: Gastrodon|Recover|p1a: Gastrodon\n|-heal|p1a: Gastrodon|68/100\n|\n|-heal|p2a: Frosmoth|44/100|[from] item: Leftovers\n|-heal|p1a: Gastrodon|74/100|[from] item: Leftovers\n|upkeep\n|turn|20\n|inactive|mxer has 120 seconds left.\n|\n|t:|1782440404\n|move|p2a: Frosmoth|Quiver Dance|p2a: Frosmoth\n|-boost|p2a: Frosmoth|spa|1\n|-boost|p2a: Frosmoth|spd|1\n|-boost|p2a: Frosmoth|spe|1\n|move|p1a: Gastrodon|Sludge Bomb|p2a: Frosmoth\n|-damage|p2a: Frosmoth|37/100\n|\n|-heal|p2a: Frosmoth|43/100|[from] item: Leftovers\n|-heal|p1a: Gastrodon|80/100|[from] item: Leftovers\n|upkeep\n|turn|21\n|\n|t:|1782440411\n|move|p2a: Frosmoth|Giga Drain|p1a: Gastrodon\n|-supereffective|p1a: Gastrodon\n|-damage|p1a: Gastrodon|0 fnt\n|-heal|p2a: Frosmoth|99/100|[from] drain|[of] p1a: Gastrodon\n|faint|p1a: Gastrodon\n|\n|-heal|p2a: Frosmoth|100/100|[from] item: Leftovers\n|upkeep\n|\n|t:|1782440414\n|switch|p1a: Ceruledge|Ceruledge, M|100/100\n|turn|22\n|c|☆mxer|bye\n|\n|t:|1782440418\n|move|p2a: Frosmoth|Ice Beam|p1a: Ceruledge\n|-resisted|p1a: Ceruledge\n|-damage|p1a: Ceruledge|56/100\n|move|p1a: Ceruledge|Bitter Blade|p2a: Frosmoth\n|-supereffective|p2a: Frosmoth\n|-damage|p2a: Frosmoth|0 fnt\n|-heal|p1a: Ceruledge|100/100|[from] drain|[of] p2a: Frosmoth\n|faint|p2a: Frosmoth\n|-damage|p1a: Ceruledge|91/100|[from] item: Life Orb\n|\n|upkeep\n|\n|t:|1782440429\n|switch|p2a: Minior|Minior|100/100\n|-damage|p2a: Minior|76/100|[from] Stealth Rock\n|-formechange|p2a: Minior|Minior-Meteor||[from] ability: Shields Down\n|turn|23\n|\n|t:|1782440446\n|move|p1a: Ceruledge|Poltergeist|p2a: Minior\n|-activate|p2a: Minior|move: Poltergeist|White Herb\n|-damage|p2a: Minior|0 fnt\n|faint|p2a: Minior\n|-damage|p1a: Ceruledge|81/100|[from] item: Life Orb\n|\n|upkeep\n|\n|t:|1782440456\n|switch|p2a: Ogerpon|Ogerpon, F|100/100\n|-damage|p2a: Ogerpon|88/100|[from] Stealth Rock\n|-damage|p2a: Ogerpon|76/100|[from] Spikes\n|turn|24\n|c|☆mxer|knock of\n|\n|t:|1782440465\n|move|p2a: Ogerpon|Stomping Tantrum|p1a: Ceruledge\n|-supereffective|p1a: Ceruledge\n|-damage|p1a: Ceruledge|25/100\n|move|p1a: Ceruledge|Bitter Blade|p2a: Ogerpon\n|-supereffective|p2a: Ogerpon\n|-damage|p2a: Ogerpon|0 fnt\n|-heal|p1a: Ceruledge|61/100|[from] drain|[of] p2a: Ogerpon\n|faint|p2a: Ogerpon\n|-damage|p1a: Ceruledge|51/100|[from] item: Life Orb\n|\n|upkeep\n|\n|t:|1782440469\n|switch|p2a: Bellossom|Bellossom, M|100/100\n|-damage|p2a: Bellossom|88/100|[from] Stealth Rock\n|-damage|p2a: Bellossom|76/100|[from] Spikes\n|turn|25\n|c|☆jmjacker2025|wow\n|c|☆mxer|xd\n|\n|t:|1782440480\n|move|p1a: Ceruledge|Bitter Blade|p2a: Bellossom\n|-supereffective|p2a: Bellossom\n|-damage|p2a: Bellossom|0 fnt\n|-heal|p1a: Ceruledge|86/100|[from] drain|[of] p2a: Bellossom\n|faint|p2a: Bellossom\n|-damage|p1a: Ceruledge|76/100|[from] item: Life Orb\n|\n|win|mxer\n|raw|mxer's rating: 1121 &rarr; <strong>1149</strong><br />(+28 for winning)\n|raw|jmjacker2025's rating: 1169 &rarr; <strong>1141</strong><br />(-28 for losing)\n|c|☆mxer|gg\n|c|☆jmjacker2025|gg\n|l|☆mxer\n|player|p1|\n|l|☆jmjacker2025\n|player|p2|\n", "uploadtime": 1782440850, "views": 10, "formatid": "gen9ou", "rating": 1141, "private": 0, "password": null}