{"id": "gen9ou-2647736554", "format": "[Gen 9] OU", "players": ["Bencarote", "Aggrhy"], "log": "|j|☆Bencarote\n|j|☆Aggrhy\n|t:|1783803963\n|gametype|singles\n|player|p1|Bencarote|1|1244\n|player|p2|Aggrhy|red-masters|1303\n|gen|9\n|tier|[Gen 9] OU\n|rated|\n|rule|HP Percentage Mod: HP is shown in percentages\n|rule|Endless Battle Clause: Forcing endless battles is banned\n|rule|Species Clause: Limit one of each Pokémon\n|rule|OHKO Clause: OHKO moves are banned\n|rule|Evasion Items Clause: Evasion items are banned\n|rule|Evasion Moves Clause: Evasion moves are banned\n|rule|Evasion Abilities Clause: Evasion abilities are banned\n|rule|Sleep Moves Clause: Sleep-inducing moves are banned\n|clearpoke\n|poke|p1|Pincurchin, F|\n|poke|p1|Regieleki|\n|poke|p1|Rotom-Wash|\n|poke|p1|Iron Boulder|\n|poke|p1|Iron Treads|\n|poke|p1|Ogerpon-Wellspring, F|\n|poke|p2|Regieleki|\n|poke|p2|Kyurem|\n|poke|p2|Thundurus-Therian, M|\n|poke|p2|Glastrier|\n|poke|p2|Zapdos|\n|poke|p2|Avalugg-Hisui, M|\n|teampreview\n|inactive|Battle timer is ON: inactive players will automatically lose when time's up. (requested by Aggrhy)\n|\n|t:|1783803979\n|teamsize|p1|6\n|teamsize|p2|6\n|start\n|switch|p1a: Iron Treads|Iron Treads|100/100\n|switch|p2a: Avalugg|Avalugg-Hisui, M|100/100\n|turn|1\n|\n|t:|1783803985\n|move|p1a: Iron Treads|Iron Head|p2a: Avalugg\n|-supereffective|p2a: Avalugg\n|-damage|p2a: Avalugg|29/100\n|move|p2a: Avalugg|Ice Fang|p1a: Iron Treads\n|-damage|p1a: Iron Treads|20/100\n|-damage|p2a: Avalugg|13/100|[from] item: Rocky Helmet|[of] p1a: Iron Treads\n|\n|upkeep\n|turn|2\n|\n|t:|1783803997\n|switch|p2a: Zapdos|Zapdos|100/100\n|move|p1a: Iron Treads|Iron Head|p2a: Zapdos\n|-resisted|p2a: Zapdos\n|-crit|p2a: Zapdos\n|-damage|p2a: Zapdos|81/100\n|-damage|p1a: Iron Treads|4/100|[from] item: Rocky Helmet|[of] p2a: Zapdos\n|\n|upkeep\n|turn|3\n|\n|t:|1783804007\n|move|p1a: Iron Treads|Ice Spinner|p2a: Zapdos\n|-supereffective|p2a: Zapdos\n|-crit|p2a: Zapdos\n|-damage|p2a: Zapdos|23/100\n|-damage|p1a: Iron Treads|0 fnt|[from] item: Rocky Helmet|[of] p2a: Zapdos\n|faint|p1a: Iron Treads\n|-end|p1a: Iron Treads|Quark Drive|[silent]\n|move|p2a: Zapdos|Heat Wave|p1: Iron Treads|[notarget]\n|-fail|p2a: Zapdos\n|\n|upkeep\n|\n|t:|1783804012\n|switch|p1a: Regieleki|Regieleki|100/100\n|turn|4\n|\n|t:|1783804022\n|switch|p2a: Thundurus|Thundurus-Therian, M|100/100\n|move|p1a: Regieleki|Volt Switch|p2a: Thundurus\n|-immune|p2a: Thundurus|[from] ability: Volt Absorb\n|\n|upkeep\n|turn|5\n|\n|t:|1783804030\n|switch|p1a: Rotom|Rotom-Wash|100/100\n|move|p2a: Thundurus|Thunderbolt|p1a: Rotom\n|-damage|p1a: Rotom|24/100\n|\n|upkeep\n|turn|6\n|\n|t:|1783804037\n|move|p2a: Thundurus|Thunderbolt|p1a: Rotom\n|-damage|p1a: Rotom|0 fnt\n|faint|p1a: Rotom\n|\n|upkeep\n|\n|t:|1783804041\n|switch|p1a: Iron Boulder|Iron Boulder|100/100\n|turn|7\n|\n|t:|1783804047\n|switch|p2a: Avalugg|Avalugg-Hisui, M|13/100\n|move|p1a: Iron Boulder|Mighty Cleave|p2a: Avalugg\n|-supereffective|p2a: Avalugg\n|-damage|p2a: Avalugg|0 fnt\n|faint|p2a: Avalugg\n|\n|upkeep\n|\n|t:|1783804064\n|switch|p2a: Glastrier|Glastrier|100/100\n|turn|8\n|\n|t:|1783804071\n|-end|p1a: Iron Boulder|Quark Drive|[silent]\n|switch|p1a: Pincurchin|Pincurchin, F, shiny|100/100\n|-fieldstart|move: Electric Terrain|[from] ability: Electric Surge|[of] p1a: Pincurchin\n|-terastallize|p2a: Glastrier|Grass\n|move|p2a: Glastrier|Avalanche|p1a: Pincurchin\n|-damage|p1a: Pincurchin|64/100\n|\n|upkeep\n|turn|9\n|\n|t:|1783804083\n|switch|p2a: Zapdos|Zapdos|23/100\n|move|p1a: Pincurchin|Spikes|p2a: Zapdos\n|-sidestart|p2: Aggrhy|Spikes\n|\n|upkeep\n|turn|10\n|\n|t:|1783804090\n|move|p2a: Zapdos|Roost|p2a: Zapdos\n|-heal|p2a: Zapdos|73/100\n|-singleturn|p2a: Zapdos|move: Roost\n|move|p1a: Pincurchin|Discharge|p2a: Zapdos\n|-resisted|p2a: Zapdos\n|-damage|p2a: Zapdos|56/100\n|\n|upkeep\n|turn|11\n|\n|t:|1783804098\n|switch|p1a: Iron Boulder|Iron Boulder|100/100\n|-activate|p1a: Iron Boulder|ability: Quark Drive\n|-start|p1a: Iron Boulder|quarkdrivespe\n|move|p2a: Zapdos|Roost|p2a: Zapdos\n|-heal|p2a: Zapdos|100/100\n|-singleturn|p2a: Zapdos|move: Roost\n|\n|upkeep\n|turn|12\n|\n|t:|1783804108\n|move|p1a: Iron Boulder|Swords Dance|p1a: Iron Boulder\n|-boost|p1a: Iron Boulder|atk|2\n|move|p2a: Zapdos|Discharge|p1a: Iron Boulder\n|-damage|p1a: Iron Boulder|66/100\n|\n|upkeep\n|turn|13\n|\n|t:|1783804116\n|move|p1a: Iron Boulder|Mighty Cleave|p2a: Zapdos\n|-supereffective|p2a: Zapdos\n|-damage|p2a: Zapdos|0 fnt\n|-damage|p1a: Iron Boulder|50/100|[from] item: Rocky Helmet|[of] p2a: Zapdos\n|faint|p2a: Zapdos\n|\n|upkeep\n|\n|t:|1783804123\n|switch|p2a: Glastrier|Glastrier, tera:Grass|100/100\n|-damage|p2a: Glastrier|88/100|[from] Spikes\n|turn|14\n|\n|t:|1783804130\n|move|p1a: Iron Boulder|Mighty Cleave|p2a: Glastrier\n|-damage|p2a: Glastrier|8/100\n|move|p2a: Glastrier|Avalanche|p1a: Iron Boulder\n|-damage|p1a: Iron Boulder|0 fnt\n|faint|p1a: Iron Boulder\n|-end|p1a: Iron Boulder|Quark Drive|[silent]\n|-ability|p2a: Glastrier|Chilling Neigh|boost\n|-boost|p2a: Glastrier|atk|1\n|\n|upkeep\n|\n|t:|1783804142\n|switch|p1a: Ogerpon|Ogerpon-Wellspring, F|100/100\n|turn|15\n|\n|t:|1783804146\n|move|p1a: Ogerpon|Play Rough|p2a: Glastrier\n|-damage|p2a: Glastrier|0 fnt\n|faint|p2a: Glastrier\n|\n|-fieldend|move: Electric Terrain\n|upkeep\n|\n|t:|1783804153\n|switch|p2a: Regieleki|Regieleki|100/100\n|-damage|p2a: Regieleki|88/100|[from] Spikes\n|turn|16\n|\n|t:|1783804159\n|switch|p1a: Pincurchin|Pincurchin, F, shiny|64/100\n|-fieldstart|move: Electric Terrain|[from] ability: Electric Surge|[of] p1a: Pincurchin\n|move|p2a: Regieleki|Volt Switch|p1a: Pincurchin\n|-resisted|p1a: Pincurchin\n|-damage|p1a: Pincurchin|27/100\n|\n|t:|1783804168\n|switch|p2a: Kyurem|Kyurem|100/100|[from] Volt Switch\n|-damage|p2a: Kyurem|88/100|[from] Spikes\n|-ability|p2a: Kyurem|Pressure\n|\n|upkeep\n|turn|17\n|\n|t:|1783804175\n|move|p2a: Kyurem|Dragon Dance|p2a: Kyurem\n|-boost|p2a: Kyurem|atk|1\n|-boost|p2a: Kyurem|spe|1\n|move|p1a: Pincurchin|Discharge|p2a: Kyurem\n|-resisted|p2a: Kyurem\n|-damage|p2a: Kyurem|71/100\n|\n|upkeep\n|turn|18\n|\n|t:|1783804183\n|move|p2a: Kyurem|Icicle Spear|p1a: Pincurchin\n|-damage|p1a: Pincurchin|7/100\n|-damage|p1a: Pincurchin|0 fnt\n|faint|p1a: Pincurchin\n|-hitcount|p1: Pincurchin|2\n|\n|upkeep\n|\n|t:|1783804186\n|switch|p1a: Regieleki|Regieleki|100/100\n|turn|19\n|\n|t:|1783804194\n|-terastallize|p1a: Regieleki|Electric\n|move|p1a: Regieleki|Thunderbolt|p2a: Kyurem\n|-resisted|p2a: Kyurem\n|-damage|p2a: Kyurem|27/100\n|move|p2a: Kyurem|Icicle Spear|p1a: Regieleki\n|-damage|p1a: Regieleki|63/100\n|-crit|p1a: Regieleki\n|-damage|p1a: Regieleki|8/100\n|-damage|p1a: Regieleki|0 fnt\n|faint|p1a: Regieleki\n|-hitcount|p1: Regieleki|3\n|\n|upkeep\n|\n|t:|1783804199\n|switch|p1a: Ogerpon|Ogerpon-Wellspring, F|100/100\n|turn|20\n|\n|t:|1783804209\n|move|p2a: Kyurem|Freeze-Dry|p1a: Ogerpon\n|-supereffective|p1a: Ogerpon\n|-damage|p1a: Ogerpon|0 fnt\n|faint|p1a: Ogerpon\n|\n|win|Aggrhy\n|raw|Bencarote's rating: 1244 &rarr; <strong>1223</strong><br />(-21 for losing)\n|raw|Aggrhy's rating: 1303 &rarr; <strong>1320</strong><br />(+17 for winning)\n|l|☆Aggrhy\n|player|p2|\n|l|☆Bencarote\n|player|p1|\n", "uploadtime": 1783804496, "views": 4, "formatid": "gen9ou", "rating": 1223, "private": 0, "password": null}