{"id": "gen9ou-2540414993", "format": "[Gen 9] OU", "players": ["jbox11", "Arboks Fangs"], "log": "|j|☆jbox11\n|j|‽Arboks Fangs\n|t:|1771199186\n|gametype|singles\n|player|p1|jbox11|artist|1602\n|player|p2|Arboks Fangs|fantina|1563\n|gen|9\n|tier|[Gen 9] OU\n|rated|\n|rule|HP Percentage Mod: HP is shown in percentages\n|rule|Endless Battle Clause: Forcing endless battles is banned\n|rule|Species Clause: Limit one of each Pokémon\n|rule|OHKO Clause: OHKO moves are banned\n|rule|Evasion Items Clause: Evasion items are banned\n|rule|Evasion Moves Clause: Evasion moves are banned\n|rule|Evasion Abilities Clause: Evasion abilities are banned\n|rule|Sleep Moves Clause: Sleep-inducing moves are banned\n|clearpoke\n|poke|p1|Garchomp, F|\n|poke|p1|Ninetales-Alola, F|\n|poke|p1|Weezing-Galar, F|\n|poke|p1|Darkrai|\n|poke|p1|Ogerpon-Wellspring, F|\n|poke|p1|Zapdos|\n|poke|p2|Ninetales-Alola, M|\n|poke|p2|Klefki, F|\n|poke|p2|Maushold-Four|\n|poke|p2|Latias, F|\n|poke|p2|Okidogi, M|\n|poke|p2|Kyurem|\n|teampreview\n|inactive|Battle timer is ON: inactive players will automatically lose when time's up. (requested by Arboks Fangs)\n|\n|t:|1771199194\n|teamsize|p1|6\n|teamsize|p2|6\n|start\n|switch|p1a: Garchomp|Garchomp, F|100/100\n|switch|p2a: Klefki|Klefki, F|100/100\n|turn|1\n|\n|t:|1771199198\n|switch|p2a: Ninetales|Ninetales-Alola, M|100/100\n|-weather|Snowscape|[from] ability: Snow Warning|[of] p2a: Ninetales\n|move|p1a: Garchomp|Earthquake|p2a: Ninetales\n|-damage|p2a: Ninetales|42/100\n|\n|-weather|Snowscape|[upkeep]\n|upkeep\n|turn|2\n|\n|t:|1771199205\n|switch|p1a: Weezing|Weezing-Galar, F|100/100\n|-ability|p1a: Weezing|Neutralizing Gas\n|move|p2a: Ninetales|Aurora Veil|p2a: Ninetales\n|-sidestart|p2: Arboks Fangs|move: Aurora Veil\n|\n|-weather|Snowscape|[upkeep]\n|upkeep\n|turn|3\n|\n|t:|1771199217\n|switch|p2a: Klefki|Klefki, F|100/100\n|move|p1a: Weezing|Defog|p2a: Klefki\n|-unboost|p2a: Klefki|evasion|1\n|-sideend|p2: Arboks Fangs|move: Aurora Veil\n|\n|-weather|Snowscape|[upkeep]\n|upkeep\n|turn|4\n|\n|t:|1771199225\n|-end|p1a: Weezing|ability: Neutralizing Gas\n|switch|p1a: Garchomp|Garchomp, F|100/100\n|move|p2a: Klefki|Reflect|p2a: Klefki\n|-sidestart|p2: Arboks Fangs|Reflect\n|\n|-weather|Snowscape|[upkeep]\n|upkeep\n|turn|5\n|\n|t:|1771199235\n|move|p2a: Klefki|Light Screen|p2a: Klefki\n|-sidestart|p2: Arboks Fangs|move: Light Screen\n|move|p1a: Garchomp|Earthquake|p2a: Klefki\n|-supereffective|p2a: Klefki\n|-damage|p2a: Klefki|26/100\n|\n|-weather|none\n|upkeep\n|turn|6\n|\n|t:|1771199238\n|switch|p1a: Weezing|Weezing-Galar, F|100/100\n|-ability|p1a: Weezing|Neutralizing Gas\n|switch|p2a: Latias|Latias, F|100/100\n|\n|upkeep\n|turn|7\n|\n|t:|1771199241\n|move|p2a: Latias|Calm Mind|p2a: Latias\n|-boost|p2a: Latias|spa|1\n|-boost|p2a: Latias|spd|1\n|move|p1a: Weezing|Defog|p2a: Latias\n|-unboost|p2a: Latias|evasion|1\n|-sideend|p2: Arboks Fangs|Reflect\n|-sideend|p2: Arboks Fangs|move: Light Screen\n|\n|upkeep\n|turn|8\n|\n|t:|1771199245\n|move|p2a: Latias|Agility|p2a: Latias\n|-boost|p2a: Latias|spe|2\n|move|p1a: Weezing|Strange Steam|p2a: Latias\n|-supereffective|p2a: Latias\n|-damage|p2a: Latias|65/100\n|-enditem|p2a: Latias|Weakness Policy\n|-boost|p2a: Latias|atk|2|[from] item: Weakness Policy\n|-boost|p2a: Latias|spa|2|[from] item: Weakness Policy\n|\n|upkeep\n|turn|9\n|\n|t:|1771199252\n|move|p2a: Latias|Stored Power|p1a: Weezing\n|-supereffective|p1a: Weezing\n|-damage|p1a: Weezing|0 fnt\n|faint|p1a: Weezing\n|-end|p1a: Weezing|ability: Neutralizing Gas\n|\n|upkeep\n|\n|t:|1771199262\n|switch|p1a: Darkrai|Darkrai|100/100\n|turn|10\n|\n|t:|1771199267\n|-terastallize|p1a: Darkrai|Fairy\n|-terastallize|p2a: Latias|Steel\n|move|p1a: Darkrai|Trick|p2a: Latias\n|-activate|p1a: Darkrai|move: Trick|[of] p2a: Latias\n|-item|p2a: Latias|Choice Scarf|[from] move: Trick\n|-enditem|p1a: Darkrai|Choice Scarf|[silent]|[from] move: Trick\n|move|p2a: Latias|Aura Sphere|p1a: Darkrai\n|-resisted|p1a: Darkrai\n|-damage|p1a: Darkrai|56/100\n|\n|upkeep\n|turn|11\n|\n|t:|1771199280\n|switch|p1a: Ninetales|Ninetales-Alola, F|100/100\n|-weather|Snowscape|[from] ability: Snow Warning|[of] p1a: Ninetales\n|move|p2a: Latias|Aura Sphere|p1a: Ninetales\n|-damage|p1a: Ninetales|32/100\n|\n|-weather|Snowscape|[upkeep]\n|upkeep\n|turn|12\n|\n|t:|1771199283\n|move|p2a: Latias|Aura Sphere|p1a: Ninetales\n|-damage|p1a: Ninetales|0 fnt\n|faint|p1a: Ninetales\n|\n|-weather|Snowscape|[upkeep]\n|upkeep\n|\n|t:|1771199286\n|switch|p1a: Zapdos|Zapdos|100/100\n|-ability|p1a: Zapdos|Pressure\n|turn|13\n|\n|t:|1771199289\n|move|p2a: Latias|Aura Sphere|p1a: Zapdos\n|-resisted|p1a: Zapdos\n|-damage|p1a: Zapdos|68/100\n|move|p1a: Zapdos|Thunderbolt|p2a: Latias\n|-damage|p2a: Latias|18/100\n|\n|-weather|Snowscape|[upkeep]\n|upkeep\n|turn|14\n|\n|t:|1771199292\n|move|p2a: Latias|Aura Sphere|p1a: Zapdos\n|-resisted|p1a: Zapdos\n|-damage|p1a: Zapdos|37/100\n|move|p1a: Zapdos|Thunderbolt|p2a: Latias\n|-damage|p2a: Latias|0 fnt\n|faint|p2a: Latias\n|\n|-weather|Snowscape|[upkeep]\n|upkeep\n|\n|t:|1771199295\n|switch|p2a: Ninetales|Ninetales-Alola, M|42/100\n|turn|15\n|\n|t:|1771199303\n|move|p2a: Ninetales|Aurora Veil|p2a: Ninetales\n|-sidestart|p2: Arboks Fangs|move: Aurora Veil\n|move|p1a: Zapdos|Thunderbolt|p2a: Ninetales\n|-damage|p2a: Ninetales|2/100\n|\n|-weather|none\n|upkeep\n|turn|16\n|\n|t:|1771199310\n|switch|p1a: Ogerpon|Ogerpon-Wellspring, F|100/100\n|move|p2a: Ninetales|Encore||[still]\n|-fail|p2a: Ninetales\n|\n|upkeep\n|turn|17\n|\n|t:|1771199315\n|switch|p2a: Klefki|Klefki, F|26/100\n|move|p1a: Ogerpon|Trailblaze|p2a: Klefki\n|-resisted|p2a: Klefki\n|-damage|p2a: Klefki|18/100\n|-boost|p1a: Ogerpon|spe|1\n|\n|upkeep\n|turn|18\n|\n|t:|1771199321\n|move|p2a: Klefki|Thunder Wave|p1a: Ogerpon\n|-status|p1a: Ogerpon|par\n|move|p1a: Ogerpon|Swords Dance|p1a: Ogerpon\n|-boost|p1a: Ogerpon|atk|2\n|\n|upkeep\n|turn|19\n|\n|t:|1771199324\n|switch|p2a: Ninetales|Ninetales-Alola, M|2/100\n|-weather|Snowscape|[from] ability: Snow Warning|[of] p2a: Ninetales\n|move|p1a: Ogerpon|Trailblaze|p2a: Ninetales\n|-damage|p2a: Ninetales|0 fnt\n|-boost|p1a: Ogerpon|spe|1\n|faint|p2a: Ninetales\n|\n|-weather|Snowscape|[upkeep]\n|upkeep\n|\n|t:|1771199326\n|switch|p2a: Maushold|Maushold-Four|100/100\n|turn|20\n|\n|t:|1771199330\n|move|p1a: Ogerpon|Ivy Cudgel|p2a: Maushold|[anim] Ivy Cudgel Water\n|-damage|p2a: Maushold|19/100\n|move|p2a: Maushold|Population Bomb|p1a: Ogerpon\n|-damage|p1a: Ogerpon|86/100 par\n|-damage|p1a: Ogerpon|70/100 par\n|-damage|p1a: Ogerpon|56/100 par\n|-damage|p1a: Ogerpon|41/100 par\n|-damage|p1a: Ogerpon|25/100 par\n|-damage|p1a: Ogerpon|8/100 par\n|-damage|p1a: Ogerpon|0 fnt\n|faint|p1a: Ogerpon\n|-hitcount|p1: Ogerpon|7\n|\n|-weather|Snowscape|[upkeep]\n|upkeep\n|\n|t:|1771199334\n|switch|p1a: Zapdos|Zapdos|37/100\n|-ability|p1a: Zapdos|Pressure\n|turn|21\n|\n|t:|1771199338\n|move|p2a: Maushold|Population Bomb|p1a: Zapdos\n|-damage|p1a: Zapdos|24/100\n|-damage|p1a: Zapdos|11/100\n|-damage|p1a: Zapdos|0 fnt\n|faint|p1a: Zapdos\n|-hitcount|p1: Zapdos|3\n|\n|-weather|Snowscape|[upkeep]\n|upkeep\n|\n|t:|1771199341\n|switch|p1a: Garchomp|Garchomp, F|100/100\n|turn|22\n|\n|t:|1771199344\n|move|p1a: Garchomp|Earthquake|p2a: Maushold\n|-damage|p2a: Maushold|0 fnt\n|faint|p2a: Maushold\n|\n|-weather|Snowscape|[upkeep]\n|-sideend|p2: Arboks Fangs|move: Aurora Veil\n|upkeep\n|\n|t:|1771199345\n|switch|p2a: Klefki|Klefki, F|18/100\n|turn|23\n|\n|t:|1771199347\n|move|p2a: Klefki|Reflect|p2a: Klefki\n|-sidestart|p2: Arboks Fangs|Reflect\n|move|p1a: Garchomp|Earthquake|p2a: Klefki\n|-supereffective|p2a: Klefki\n|-damage|p2a: Klefki|0 fnt\n|faint|p2a: Klefki\n|\n|-weather|none\n|upkeep\n|\n|t:|1771199349\n|switch|p2a: Kyurem|Kyurem, shiny|100/100\n|-ability|p2a: Kyurem|Pressure\n|turn|24\n|\n|t:|1771199353\n|move|p1a: Garchomp|Earthquake|p2a: Kyurem\n|-damage|p2a: Kyurem|64/100\n|move|p2a: Kyurem|Dragon Dance|p2a: Kyurem\n|-boost|p2a: Kyurem|atk|1\n|-boost|p2a: Kyurem|spe|1\n|\n|upkeep\n|turn|25\n|\n|t:|1771199356\n|move|p2a: Kyurem|Icicle Spear|p1a: Garchomp\n|-supereffective|p1a: Garchomp\n|-damage|p1a: Garchomp|16/100\n|-supereffective|p1a: Garchomp\n|-damage|p1a: Garchomp|0 fnt\n|faint|p1a: Garchomp\n|-hitcount|p1: Garchomp|2\n|\n|upkeep\n|\n|t:|1771199358\n|switch|p1a: Darkrai|Darkrai, tera:Fairy|56/100\n|turn|26\n|\n|t:|1771199360\n|move|p2a: Kyurem|Icicle Spear|p1a: Darkrai\n|-damage|p1a: Darkrai|25/100\n|-damage|p1a: Darkrai|0 fnt\n|faint|p1a: Darkrai\n|-hitcount|p1: Darkrai|2\n|\n|win|Arboks Fangs\n|raw|jbox11's rating: 1602 &rarr; <strong>1580</strong><br />(-22 for losing)\n|raw|Arboks Fangs's rating: 1563 &rarr; <strong>1585</strong><br />(+22 for winning)\n|l|☆jbox11\n|player|p1|\n|l|‽Arboks Fangs\n|player|p2|\n", "uploadtime": 1771199566, "views": 9, "formatid": "gen9ou", "rating": 1580, "private": 0, "password": null}