{"id": "gen9ou-2639274259", "format": "[Gen 9] OU", "players": ["rblt ryo", "drop a baby"], "log": "|badge|p1|silver|gen9ou|30-9\n|uhtml|medal-msg|<div class=\"broadcast-blue\">Curious what those medals under the avatar are? PS now has Ladder Seasons! For more information, check out the <a href=\"https://www.smogon.com/forums/threads/3740067/\">thread on Smogon.</a></div>\n|j|☆rblt ryo\n|j|☆drop a baby\n|t:|1782444098\n|gametype|singles\n|player|p1|rblt ryo|grimsley-gen7|1812\n|player|p2|drop a baby|chase|1787\n|gen|9\n|tier|[Gen 9] OU\n|rated|\n|rule|HP Percentage Mod: HP is shown in percentages\n|rule|Endless Battle Clause: Forcing endless battles is banned\n|rule|Species Clause: Limit one of each Pokémon\n|rule|OHKO Clause: OHKO moves are banned\n|rule|Evasion Items Clause: Evasion items are banned\n|rule|Evasion Moves Clause: Evasion moves are banned\n|rule|Evasion Abilities Clause: Evasion abilities are banned\n|rule|Sleep Moves Clause: Sleep-inducing moves are banned\n|clearpoke\n|poke|p1|Slowking-Galar, M|\n|poke|p1|Ogerpon-Wellspring, F|\n|poke|p1|Mandibuzz, F|\n|poke|p1|Great Tusk|\n|poke|p1|Kyurem|\n|poke|p1|Cinderace, M|\n|poke|p2|Enamorus, F|\n|poke|p2|Dragapult, M|\n|poke|p2|Iron Valiant|\n|poke|p2|Gholdengo|\n|poke|p2|Iron Treads|\n|poke|p2|Kingambit, M|\n|teampreview\n|\n|t:|1782444106\n|teamsize|p1|6\n|teamsize|p2|6\n|start\n|switch|p1a: Great Tusk|Great Tusk|100/100\n|switch|p2a: Dragapult|Dragapult, M|100/100\n|turn|1\n|\n|t:|1782444110\n|-terastallize|p1a: Great Tusk|Ground\n|move|p1a: Great Tusk|Headlong Rush|p2a: Dragapult\n|-damage|p2a: Dragapult|0 fnt\n|-unboost|p1a: Great Tusk|def|1\n|-unboost|p1a: Great Tusk|spd|1\n|faint|p2a: Dragapult\n|\n|upkeep\n|\n|t:|1782444113\n|switch|p2a: Enamorus|Enamorus, F|100/100\n|turn|2\n|\n|t:|1782444119\n|-end|p1a: Great Tusk|Protosynthesis|[silent]\n|switch|p1a: Ogerpon|Ogerpon-Wellspring, F|100/100\n|move|p2a: Enamorus|Calm Mind|p2a: Enamorus\n|-boost|p2a: Enamorus|spa|1\n|-boost|p2a: Enamorus|spd|1\n|\n|upkeep\n|turn|3\n|\n|t:|1782444130\n|move|p1a: Ogerpon|Ivy Cudgel|p2a: Enamorus|[anim] Ivy Cudgel Water\n|-damage|p2a: Enamorus|0 fnt\n|faint|p2a: Enamorus\n|\n|upkeep\n|\n|t:|1782444144\n|switch|p2a: Kingambit|Kingambit, M|100/100\n|-activate|p2a: Kingambit|ability: Supreme Overlord\n|-start|p2a: Kingambit|fallen2|[silent]\n|turn|4\n|\n|t:|1782444156\n|switch|p1a: Mandibuzz|Mandibuzz, F|100/100\n|move|p2a: Kingambit|Kowtow Cleave|p1a: Mandibuzz\n|-resisted|p1a: Mandibuzz\n|-damage|p1a: Mandibuzz|81/100\n|\n|upkeep\n|turn|5\n|\n|t:|1782444162\n|-end|p2a: Kingambit|fallen2|[silent]\n|switch|p2a: Iron Treads|Iron Treads|100/100\n|-enditem|p2a: Iron Treads|Booster Energy\n|-activate|p2a: Iron Treads|ability: Quark Drive|[fromitem]\n|-start|p2a: Iron Treads|quarkdrivespe\n|move|p1a: Mandibuzz|Foul Play|p2a: Iron Treads\n|-damage|p2a: Iron Treads|73/100\n|\n|upkeep\n|turn|6\n|\n|t:|1782444169\n|move|p2a: Iron Treads|Stealth Rock|p1a: Mandibuzz\n|-sidestart|p1: rblt ryo|move: Stealth Rock\n|move|p1a: Mandibuzz|Foul Play|p2a: Iron Treads\n|-damage|p2a: Iron Treads|46/100\n|\n|upkeep\n|turn|7\n|\n|t:|1782444171\n|move|p2a: Iron Treads|Knock Off|p1a: Mandibuzz\n|-resisted|p1a: Mandibuzz\n|-damage|p1a: Mandibuzz|74/100\n|-enditem|p1a: Mandibuzz|Heavy-Duty Boots|[from] move: Knock Off|[of] p2a: Iron Treads\n|move|p1a: Mandibuzz|Roost|p1a: Mandibuzz\n|-heal|p1a: Mandibuzz|100/100\n|-singleturn|p1a: Mandibuzz|move: Roost\n|\n|upkeep\n|turn|8\n|\n|t:|1782444176\n|move|p2a: Iron Treads|Rapid Spin|p1a: Mandibuzz\n|-damage|p1a: Mandibuzz|93/100\n|-boost|p2a: Iron Treads|spe|1\n|move|p1a: Mandibuzz|Roost|p1a: Mandibuzz\n|-heal|p1a: Mandibuzz|100/100\n|-singleturn|p1a: Mandibuzz|move: Roost\n|\n|upkeep\n|turn|9\n|\n|t:|1782444179\n|move|p2a: Iron Treads|Rapid Spin|p1a: Mandibuzz\n|-damage|p1a: Mandibuzz|93/100\n|-boost|p2a: Iron Treads|spe|1\n|move|p1a: Mandibuzz|Roost|p1a: Mandibuzz\n|-heal|p1a: Mandibuzz|100/100\n|-singleturn|p1a: Mandibuzz|move: Roost\n|\n|upkeep\n|turn|10\n|\n|t:|1782444182\n|move|p2a: Iron Treads|Rapid Spin|p1a: Mandibuzz\n|-damage|p1a: Mandibuzz|92/100\n|-boost|p2a: Iron Treads|spe|1\n|move|p1a: Mandibuzz|Foul Play|p2a: Iron Treads\n|-damage|p2a: Iron Treads|18/100\n|\n|upkeep\n|turn|11\n|j| St.Peewee\n|\n|t:|1782444184\n|move|p2a: Iron Treads|Rapid Spin|p1a: Mandibuzz\n|-damage|p1a: Mandibuzz|85/100\n|-boost|p2a: Iron Treads|spe|1\n|move|p1a: Mandibuzz|Roost|p1a: Mandibuzz\n|-heal|p1a: Mandibuzz|100/100\n|-singleturn|p1a: Mandibuzz|move: Roost\n|\n|upkeep\n|turn|12\n|\n|t:|1782444185\n|move|p2a: Iron Treads|Rapid Spin|p1a: Mandibuzz\n|-damage|p1a: Mandibuzz|93/100\n|-boost|p2a: Iron Treads|spe|1\n|move|p1a: Mandibuzz|Foul Play|p2a: Iron Treads\n|-damage|p2a: Iron Treads|0 fnt\n|faint|p2a: Iron Treads\n|-end|p2a: Iron Treads|Quark Drive|[silent]\n|\n|upkeep\n|\n|t:|1782444189\n|switch|p2a: Iron Valiant|Iron Valiant|100/100\n|-enditem|p2a: Iron Valiant|Booster Energy\n|-activate|p2a: Iron Valiant|ability: Quark Drive|[fromitem]\n|-start|p2a: Iron Valiant|quarkdrivespe\n|turn|13\n|\n|t:|1782444195\n|switch|p1a: Slowking|Slowking-Galar, M|100/100\n|-damage|p1a: Slowking|88/100|[from] Stealth Rock\n|move|p2a: Iron Valiant|Swords Dance|p2a: Iron Valiant\n|-boost|p2a: Iron Valiant|atk|2\n|\n|upkeep\n|turn|14\n|\n|t:|1782444200\n|-terastallize|p2a: Iron Valiant|Steel\n|move|p2a: Iron Valiant|Swords Dance|p2a: Iron Valiant\n|-boost|p2a: Iron Valiant|atk|2\n|move|p1a: Slowking|Sludge Bomb|p2a: Iron Valiant\n|-immune|p2a: Iron Valiant\n|\n|upkeep\n|turn|15\n|\n|t:|1782444211\n|move|p2a: Iron Valiant|Knock Off|p1a: Slowking\n|-supereffective|p1a: Slowking\n|-damage|p1a: Slowking|0 fnt\n|-damage|p2a: Iron Valiant|84/100|[from] item: Rocky Helmet|[of] p1a: Slowking\n|-enditem|p1a: Slowking|Rocky Helmet|[from] move: Knock Off|[of] p2a: Iron Valiant\n|faint|p1a: Slowking\n|\n|upkeep\n|\n|t:|1782444223\n|switch|p1a: Mandibuzz|Mandibuzz, F|93/100\n|-damage|p1a: Mandibuzz|68/100|[from] Stealth Rock\n|turn|16\n|j| rX Synergy\n|\n|t:|1782444232\n|move|p2a: Iron Valiant|Spirit Break|p1a: Mandibuzz\n|-supereffective|p1a: Mandibuzz\n|-damage|p1a: Mandibuzz|0 fnt\n|faint|p1a: Mandibuzz\n|\n|upkeep\n|\n|t:|1782444245\n|switch|p1a: Great Tusk|Great Tusk, tera:Ground|100/100\n|-damage|p1a: Great Tusk|94/100|[from] Stealth Rock\n|turn|17\n|\n|t:|1782444247\n|move|p2a: Iron Valiant|Close Combat|p1a: Great Tusk\n|-damage|p1a: Great Tusk|0 fnt\n|-unboost|p2a: Iron Valiant|def|1\n|-unboost|p2a: Iron Valiant|spd|1\n|faint|p1a: Great Tusk\n|-end|p1a: Great Tusk|Protosynthesis|[silent]\n|\n|upkeep\n|\n|t:|1782444252\n|switch|p1a: Cinderace|Cinderace, M|100/100\n|turn|18\n|\n|t:|1782444255\n|move|p1a: Cinderace|Sucker Punch|p2a: Iron Valiant\n|-start|p1a: Cinderace|typechange|Dark|[from] ability: Libero\n|-damage|p2a: Iron Valiant|16/100\n|move|p2a: Iron Valiant|Knock Off|p1a: Cinderace\n|-resisted|p1a: Cinderace\n|-damage|p1a: Cinderace|31/100\n|-enditem|p1a: Cinderace|Heavy-Duty Boots|[from] move: Knock Off|[of] p2a: Iron Valiant\n|\n|upkeep\n|turn|19\n|\n|t:|1782444258\n|move|p2a: Iron Valiant|Swords Dance|p2a: Iron Valiant\n|-boost|p2a: Iron Valiant|atk|2\n|move|p1a: Cinderace|Pyro Ball|p2a: Iron Valiant\n|-supereffective|p2a: Iron Valiant\n|-damage|p2a: Iron Valiant|0 fnt\n|faint|p2a: Iron Valiant\n|-end|p2a: Iron Valiant|Quark Drive|[silent]\n|\n|upkeep\n|\n|t:|1782444263\n|switch|p2a: Kingambit|Kingambit, M|100/100\n|-activate|p2a: Kingambit|ability: Supreme Overlord\n|-start|p2a: Kingambit|fallen4|[silent]\n|turn|20\n|\n|t:|1782444270\n|move|p2a: Kingambit|Sucker Punch|p1a: Cinderace\n|-resisted|p1a: Cinderace\n|-damage|p1a: Cinderace|0 fnt\n|faint|p1a: Cinderace\n|\n|upkeep\n|\n|t:|1782444276\n|switch|p1a: Kyurem|Kyurem|100/100\n|-damage|p1a: Kyurem|76/100|[from] Stealth Rock\n|-ability|p1a: Kyurem|Pressure\n|turn|21\n|\n|t:|1782444279\n|-end|p2a: Kingambit|fallen4|[silent]\n|switch|p2a: Gholdengo|Gholdengo|100/100\n|-item|p2a: Gholdengo|Air Balloon\n|move|p1a: Kyurem|Earth Power|p2a: Gholdengo\n|-immune|p2a: Gholdengo\n|\n|upkeep\n|turn|22\n|\n|t:|1782444287\n|switch|p1a: Ogerpon|Ogerpon-Wellspring, F|100/100\n|-damage|p1a: Ogerpon|88/100|[from] Stealth Rock\n|switch|p2a: Kingambit|Kingambit, M|100/100\n|-activate|p2a: Kingambit|ability: Supreme Overlord\n|-start|p2a: Kingambit|fallen4|[silent]\n|\n|upkeep\n|turn|23\n|\n|t:|1782444296\n|move|p1a: Ogerpon|Ivy Cudgel|p2a: Kingambit|[anim] Ivy Cudgel Water\n|-damage|p2a: Kingambit|49/100\n|move|p2a: Kingambit|Kowtow Cleave|p1a: Ogerpon\n|-damage|p1a: Ogerpon|0 fnt\n|faint|p1a: Ogerpon\n|\n|upkeep\n|\n|t:|1782444302\n|switch|p1a: Kyurem|Kyurem|76/100\n|-damage|p1a: Kyurem|51/100|[from] Stealth Rock\n|-ability|p1a: Kyurem|Pressure\n|turn|24\n|\n|t:|1782444304\n|move|p1a: Kyurem|Ice Beam|p2a: Kingambit\n|-resisted|p2a: Kingambit\n|-damage|p2a: Kingambit|8/100\n|move|p2a: Kingambit|Kowtow Cleave|p1a: Kyurem\n|-damage|p1a: Kyurem|0 fnt\n|faint|p1a: Kyurem\n|\n|win|drop a baby\n|raw|rblt ryo's rating: 1812 &rarr; <strong>1791</strong><br />(-21 for losing)\n|raw|drop a baby's rating: 1787 &rarr; <strong>1808</strong><br />(+21 for winning)\n|l|☆drop a baby\n|player|p2|\n|l| rX Synergy\n|l| St.Peewee\n|j| dsekop\n|l| dsekop\n", "uploadtime": 1782446364, "views": 5, "formatid": "gen9ou", "rating": 1791, "private": 0, "password": null}