{"id": "gen9ou-2639302071", "format": "[Gen 9] OU", "players": ["poor team design", "grgwrgwegwe"], "log": "|j|☆poor team design\n|j|☆grgwrgwegwe\n|t:|1782448978\n|gametype|singles\n|player|p1|poor team design|2|1325\n|player|p2|grgwrgwegwe|nurse|1331\n|gen|9\n|tier|[Gen 9] OU\n|rated|\n|rule|HP Percentage Mod: HP is shown in percentages\n|rule|Endless Battle Clause: Forcing endless battles is banned\n|rule|Species Clause: Limit one of each Pokémon\n|rule|OHKO Clause: OHKO moves are banned\n|rule|Evasion Items Clause: Evasion items are banned\n|rule|Evasion Moves Clause: Evasion moves are banned\n|rule|Evasion Abilities Clause: Evasion abilities are banned\n|rule|Sleep Moves Clause: Sleep-inducing moves are banned\n|clearpoke\n|poke|p1|Hawlucha, F|\n|poke|p1|Samurott-Hisui, F|\n|poke|p1|Rillaboom, F|\n|poke|p1|Gholdengo|\n|poke|p1|Kyurem|\n|poke|p1|Landorus-Therian, M|\n|poke|p2|Rotom-Heat|\n|poke|p2|Iron Boulder|\n|poke|p2|Dragonite, M|\n|poke|p2|Sylveon, F|\n|poke|p2|Slaking, F|\n|poke|p2|Iron Jugulis|\n|teampreview\n|inactive|Battle timer is ON: inactive players will automatically lose when time's up. (requested by grgwrgwegwe)\n|\n|t:|1782449012\n|teamsize|p1|6\n|teamsize|p2|6\n|start\n|switch|p1a: Kyurem|Kyurem|100/100\n|switch|p2a: Jbai|Sylveon, F|100/100\n|-ability|p1a: Kyurem|Pressure\n|turn|1\n|\n|t:|1782449018\n|switch|p1a: Gholdengo|Gholdengo|100/100\n|move|p2a: Jbai|Hyper Voice|p1a: Gholdengo\n|-resisted|p1a: Gholdengo\n|-crit|p1a: Gholdengo\n|-damage|p1a: Gholdengo|24/100\n|\n|upkeep\n|turn|2\n|\n|t:|1782449036\n|switch|p2a: Rotom|Rotom-Heat|100/100\n|move|p1a: Gholdengo|Recover|p1a: Gholdengo\n|-heal|p1a: Gholdengo|74/100\n|\n|upkeep\n|turn|3\n|\n|t:|1782449045\n|switch|p1a: Samurott|Samurott-Hisui, F|100/100\n|move|p2a: Rotom|Volt Switch|p1a: Samurott\n|-supereffective|p1a: Samurott\n|-damage|p1a: Samurott|40/100\n|\n|t:|1782449049\n|switch|p2a: Iron Boulder|Iron Boulder|100/100|[from] Volt Switch\n|\n|upkeep\n|turn|4\n|\n|t:|1782449058\n|move|p1a: Samurott|Sucker Punch|p2a: Iron Boulder\n|-supereffective|p2a: Iron Boulder\n|-damage|p2a: Iron Boulder|24/100\n|move|p2a: Iron Boulder|Stone Edge|p1a: Samurott\n|-damage|p1a: Samurott|0 fnt\n|faint|p1a: Samurott\n|\n|upkeep\n|\n|t:|1782449061\n|switch|p1a: Rillaboom|Rillaboom, F|100/100\n|-fieldstart|move: Grassy Terrain|[from] ability: Grassy Surge|[of] p1a: Rillaboom\n|turn|5\n|\n|t:|1782449067\n|-end|p2a: Iron Boulder|Quark Drive|[silent]\n|switch|p2a: Iron Jugulis|Iron Jugulis|100/100\n|move|p1a: Rillaboom|Swords Dance|p1a: Rillaboom\n|-boost|p1a: Rillaboom|atk|2\n|\n|upkeep\n|turn|6\n|\n|t:|1782449073\n|-terastallize|p1a: Rillaboom|Fire\n|move|p2a: Iron Jugulis|Hurricane|p1a: Rillaboom\n|-damage|p1a: Rillaboom|31/100\n|move|p1a: Rillaboom|Swords Dance|p1a: Rillaboom\n|-boost|p1a: Rillaboom|atk|2\n|\n|-heal|p1a: Rillaboom|37/100|[from] Grassy Terrain\n|upkeep\n|turn|7\n|\n|t:|1782449077\n|move|p2a: Iron Jugulis|Meteor Beam||[still]\n|-prepare|p2a: Iron Jugulis|Meteor Beam\n|-boost|p2a: Iron Jugulis|spa|1\n|-enditem|p2a: Iron Jugulis|Power Herb\n|-anim|p2a: Iron Jugulis|Meteor Beam|p1a: Rillaboom\n|-supereffective|p1a: Rillaboom\n|-damage|p1a: Rillaboom|0 fnt\n|faint|p1a: Rillaboom\n|\n|upkeep\n|\n|t:|1782449084\n|switch|p1a: Kyurem|Kyurem|100/100\n|-ability|p1a: Kyurem|Pressure\n|turn|8\n|\n|t:|1782449089\n|move|p1a: Kyurem|Ice Beam|p2a: Iron Jugulis\n|-supereffective|p2a: Iron Jugulis\n|-damage|p2a: Iron Jugulis|0 fnt\n|faint|p2a: Iron Jugulis\n|-end|p2a: Iron Jugulis|Quark Drive|[silent]\n|\n|upkeep\n|\n|t:|1782449093\n|switch|p2a: Iron Boulder|Iron Boulder|24/100\n|turn|9\n|\n|t:|1782449096\n|switch|p1a: Landorus|Landorus-Therian, M|100/100\n|-ability|p1a: Landorus|Intimidate|boost\n|-unboost|p2a: Iron Boulder|atk|1\n|move|p2a: Iron Boulder|Psycho Cut|p1a: Landorus\n|-crit|p1a: Landorus\n|-damage|p1a: Landorus|51/100\n|\n|-heal|p2a: Iron Boulder|30/100|[from] Grassy Terrain\n|-fieldend|move: Grassy Terrain\n|upkeep\n|turn|10\n|\n|t:|1782449102\n|move|p2a: Iron Boulder|Stone Edge|p1a: Landorus\n|-damage|p1a: Landorus|20/100\n|move|p1a: Landorus|Stealth Rock|p2a: Iron Boulder\n|-sidestart|p2: grgwrgwegwe|move: Stealth Rock\n|\n|upkeep\n|turn|11\n|\n|t:|1782449107\n|move|p2a: Iron Boulder|Psycho Cut|p1a: Landorus\n|-damage|p1a: Landorus|0 fnt\n|faint|p1a: Landorus\n|\n|upkeep\n|\n|t:|1782449114\n|switch|p1a: Gholdengo|Gholdengo|74/100\n|turn|12\n|\n|t:|1782449122\n|-end|p2a: Iron Boulder|Quark Drive|[silent]\n|switch|p2a: Rotom|Rotom-Heat|100/100\n|-damage|p2a: Rotom|76/100|[from] Stealth Rock\n|move|p1a: Gholdengo|Shadow Ball|p2a: Rotom\n|-damage|p2a: Rotom|17/100\n|\n|upkeep\n|turn|13\n|\n|t:|1782449125\n|move|p1a: Gholdengo|Shadow Ball|p2a: Rotom\n|-damage|p2a: Rotom|0 fnt\n|faint|p2a: Rotom\n|\n|upkeep\n|\n|t:|1782449128\n|switch|p2a: >.*{|Slaking, F|100/100\n|-damage|p2a: >.*{|88/100|[from] Stealth Rock\n|turn|14\n|\n|t:|1782449131\n|switch|p1a: Hawlucha|Hawlucha, F|100/100\n|move|p2a: >.*{|Mega Kick|p1a: Hawlucha|[miss]\n|-miss|p2a: >.*{|p1a: Hawlucha\n|\n|upkeep\n|turn|15\n|\n|t:|1782449141\n|switch|p2a: Iron Boulder|Iron Boulder|30/100\n|-damage|p2a: Iron Boulder|18/100|[from] Stealth Rock\n|move|p1a: Hawlucha|Low Kick|p2a: Iron Boulder\n|-damage|p2a: Iron Boulder|0 fnt\n|faint|p2a: Iron Boulder\n|-end|p2a: Iron Boulder|Quark Drive|[silent]\n|\n|upkeep\n|\n|t:|1782449143\n|switch|p2a: Jbai|Sylveon, F|100/100\n|-damage|p2a: Jbai|88/100|[from] Stealth Rock\n|turn|16\n|\n|t:|1782449148\n|move|p1a: Hawlucha|Acrobatics|p2a: Jbai\n|-crit|p2a: Jbai\n|-damage|p2a: Jbai|48/100\n|move|p2a: Jbai|Shadow Ball|p1a: Hawlucha\n|-damage|p1a: Hawlucha|38/100\n|-unboost|p1a: Hawlucha|spd|1\n|\n|upkeep\n|turn|17\n|\n|t:|1782449153\n|move|p1a: Hawlucha|Acrobatics|p2a: Jbai\n|-damage|p2a: Jbai|22/100\n|move|p2a: Jbai|Shadow Ball|p1a: Hawlucha\n|-damage|p1a: Hawlucha|0 fnt\n|faint|p1a: Hawlucha\n|\n|upkeep\n|\n|t:|1782449159\n|switch|p1a: Gholdengo|Gholdengo|74/100\n|turn|18\n|\n|t:|1782449160\n|move|p1a: Gholdengo|Shadow Ball|p2a: Jbai\n|-damage|p2a: Jbai|0 fnt\n|faint|p2a: Jbai\n|\n|upkeep\n|\n|t:|1782449162\n|switch|p2a: >.*{|Slaking, F|88/100\n|-damage|p2a: >.*{|76/100|[from] Stealth Rock\n|turn|19\n|\n|t:|1782449165\n|switch|p1a: Kyurem|Kyurem|100/100\n|-ability|p1a: Kyurem|Pressure\n|move|p2a: >.*{|Knock Off|p1a: Kyurem\n|-damage|p1a: Kyurem|36/100\n|-enditem|p1a: Kyurem|Assault Vest|[from] move: Knock Off|[of] p2a: >.*{\n|\n|upkeep\n|turn|20\n|\n|t:|1782449180\n|move|p1a: Kyurem|Ice Beam|p2a: >.*{\n|-damage|p2a: >.*{|37/100\n|cant|p2a: >.*{|ability: Truant\n|\n|upkeep\n|turn|21\n|\n|t:|1782449188\n|move|p1a: Kyurem|Ice Beam|p2a: >.*{\n|-damage|p2a: >.*{|0 fnt\n|faint|p2a: >.*{\n|\n|upkeep\n|\n|t:|1782449190\n|switch|p2a: Dragontight|Dragonite, M, shiny|100/100\n|-damage|p2a: Dragontight|76/100|[from] Stealth Rock\n|turn|22\n|\n|t:|1782449195\n|-terastallize|p2a: Dragontight|Normal\n|move|p1a: Kyurem|Ice Beam|p2a: Dragontight\n|-damage|p2a: Dragontight|29/100\n|-status|p2a: Dragontight|frz\n|-curestatus|p2a: Dragontight|frz|[msg]\n|move|p2a: Dragontight|Dragon Dance|p2a: Dragontight\n|-boost|p2a: Dragontight|atk|1\n|-boost|p2a: Dragontight|spe|1\n|\n|upkeep\n|turn|23\n|\n|t:|1782449200\n|move|p1a: Kyurem|Ice Beam|p2a: Dragontight\n|-damage|p2a: Dragontight|0 fnt\n|faint|p2a: Dragontight\n|\n|win|poor team design\n|raw|poor team design's rating: 1325 &rarr; <strong>1345</strong><br />(+20 for winning)\n|raw|grgwrgwegwe's rating: 1331 &rarr; <strong>1311</strong><br />(-20 for losing)\n|l|☆grgwrgwegwe\n|player|p2|\n|l|☆poor team design\n|player|p1|\n", "uploadtime": 1782449509, "views": 3, "formatid": "gen9ou", "rating": 1311, "private": 0, "password": null}