{"id": "gen9ou-2639237546", "format": "[Gen 9] OU", "players": ["vitorhugl11", "thepeakmons"], "log": "|j|☆vitorhugl11\n|j|☆thepeakmons\n|t:|1782438600\n|gametype|singles\n|player|p1|vitorhugl11|lucas|1158\n|player|p2|thepeakmons|101|1178\n|gen|9\n|tier|[Gen 9] OU\n|rated|\n|rule|HP Percentage Mod: HP is shown in percentages\n|rule|Endless Battle Clause: Forcing endless battles is banned\n|rule|Species Clause: Limit one of each Pokémon\n|rule|OHKO Clause: OHKO moves are banned\n|rule|Evasion Items Clause: Evasion items are banned\n|rule|Evasion Moves Clause: Evasion moves are banned\n|rule|Evasion Abilities Clause: Evasion abilities are banned\n|rule|Sleep Moves Clause: Sleep-inducing moves are banned\n|clearpoke\n|poke|p1|Garganacl, M|\n|poke|p1|Great Tusk|\n|poke|p1|Gholdengo|\n|poke|p1|Kingambit, M|\n|poke|p1|Clodsire, F|\n|poke|p1|Ogerpon-Wellspring, F|\n|poke|p2|Corviknight, M|\n|poke|p2|Ting-Lu|\n|poke|p2|Kyurem|\n|poke|p2|Dondozo, F|\n|poke|p2|Slowking-Galar, F|\n|poke|p2|Cinderace, M|\n|teampreview\n|inactive|Battle timer is ON: inactive players will automatically lose when time's up. (requested by vitorhugl11)\n|\n|t:|1782438610\n|teamsize|p1|6\n|teamsize|p2|6\n|start\n|switch|p1a: Ogerpon|Ogerpon-Wellspring, F|100/100\n|switch|p2a: Cinderace|Cinderace, M|100/100\n|turn|1\n|inactive|thepeakmons also wants the timer to be on.\n|\n|t:|1782438638\n|-terastallize|p1a: Ogerpon|Water\n|detailschange|p1a: Ogerpon|Ogerpon-Wellspring-Tera, F, tera:Water\n|-ability|p1a: Ogerpon|Embody Aspect (Wellspring)|boost\n|-boost|p1a: Ogerpon|spd|1\n|move|p2a: Cinderace|U-turn|p1a: Ogerpon\n|-crit|p1a: Ogerpon\n|-damage|p1a: Ogerpon|63/100\n|inactive|thepeakmons has 120 seconds left.\n|\n|t:|1782438659\n|switch|p2a: Kyurem|Kyurem|100/100|[from] U-turn\n|-ability|p2a: Kyurem|Pressure\n|move|p1a: Ogerpon|Ivy Cudgel|p2a: Kyurem|[anim] Ivy Cudgel Water\n|-resisted|p2a: Kyurem\n|-damage|p2a: Kyurem|61/100\n|\n|-heal|p2a: Kyurem|67/100|[from] item: Leftovers\n|upkeep\n|turn|2\n|\n|t:|1782438670\n|switch|p1a: Garganacl|Garganacl, M|100/100\n|move|p2a: Kyurem|Freeze-Dry|p1a: Garganacl\n|-damage|p1a: Garganacl|71/100\n|\n|-heal|p2a: Kyurem|73/100|[from] item: Leftovers\n|-heal|p1a: Garganacl|77/100|[from] item: Leftovers\n|upkeep\n|turn|3\n|inactive|thepeakmons has 120 seconds left.\n|\n|t:|1782438681\n|move|p2a: Kyurem|Earth Power|p1a: Garganacl\n|-supereffective|p1a: Garganacl\n|-damage|p1a: Garganacl|30/100\n|move|p1a: Garganacl|Salt Cure|p2a: Kyurem\n|-supereffective|p2a: Kyurem\n|-damage|p2a: Kyurem|50/100\n|-start|p2a: Kyurem|Salt Cure\n|\n|-heal|p2a: Kyurem|56/100|[from] item: Leftovers\n|-heal|p1a: Garganacl|37/100|[from] item: Leftovers\n|-damage|p2a: Kyurem|43/100|[from] Salt Cure\n|upkeep\n|turn|4\n|inactive|thepeakmons has 120 seconds left.\n|\n|t:|1782438694\n|move|p1a: Garganacl|Protect|p1a: Garganacl\n|-singleturn|p1a: Garganacl|Protect\n|move|p2a: Kyurem|Earth Power|p1a: Garganacl\n|-activate|p1a: Garganacl|move: Protect\n|\n|-heal|p2a: Kyurem|50/100|[from] item: Leftovers\n|-heal|p1a: Garganacl|43/100|[from] item: Leftovers\n|-damage|p2a: Kyurem|37/100|[from] Salt Cure\n|upkeep\n|turn|5\n|inactive|thepeakmons has 120 seconds left.\n|\n|t:|1782438706\n|switch|p1a: Great Tusk|Great Tusk|100/100\n|-enditem|p1a: Great Tusk|Booster Energy\n|-activate|p1a: Great Tusk|ability: Protosynthesis|[fromitem]\n|-start|p1a: Great Tusk|protosynthesisatk\n|move|p2a: Kyurem|Earth Power|p1a: Great Tusk\n|-damage|p1a: Great Tusk|60/100\n|-unboost|p1a: Great Tusk|spd|1\n|\n|-heal|p2a: Kyurem|43/100|[from] item: Leftovers\n|-damage|p2a: Kyurem|31/100|[from] Salt Cure\n|upkeep\n|turn|6\n|\n|t:|1782438713\n|-end|p1a: Great Tusk|Protosynthesis|[silent]\n|switch|p1a: Garganacl|Garganacl, M|43/100\n|move|p2a: Kyurem|Earth Power|p1a: Garganacl\n|-supereffective|p1a: Garganacl\n|-damage|p1a: Garganacl|0 fnt\n|faint|p1a: Garganacl\n|\n|-heal|p2a: Kyurem|37/100|[from] item: Leftovers\n|-damage|p2a: Kyurem|25/100|[from] Salt Cure\n|upkeep\n|\n|t:|1782438725\n|switch|p1a: Gholdengo|Gholdengo|100/100\n|turn|7\n|\n|t:|1782438734\n|switch|p2a: Ting-Lu|Ting-Lu|100/100\n|-ability|p2a: Ting-Lu|Vessel of Ruin\n|move|p1a: Gholdengo|Shadow Ball|p2a: Ting-Lu\n|-resisted|p2a: Ting-Lu\n|-damage|p2a: Ting-Lu|91/100\n|\n|-heal|p2a: Ting-Lu|97/100|[from] item: Leftovers\n|upkeep\n|turn|8\n|\n|t:|1782438745\n|switch|p1a: Great Tusk|Great Tusk|60/100\n|move|p2a: Ting-Lu|Earthquake|p1a: Great Tusk\n|-damage|p1a: Great Tusk|34/100\n|\n|-heal|p2a: Ting-Lu|100/100|[from] item: Leftovers\n|upkeep\n|turn|9\n|\n|t:|1782438762\n|move|p1a: Great Tusk|Ice Spinner|p2a: Ting-Lu\n|-supereffective|p2a: Ting-Lu\n|-damage|p2a: Ting-Lu|71/100\n|move|p2a: Ting-Lu|Earthquake|p1a: Great Tusk\n|-damage|p1a: Great Tusk|6/100\n|\n|-heal|p2a: Ting-Lu|78/100|[from] item: Leftovers\n|upkeep\n|turn|10\n|\n|t:|1782438777\n|switch|p2a: Dondozo|Dondozo, F|100/100\n|move|p1a: Great Tusk|Headlong Rush|p2a: Dondozo\n|-damage|p2a: Dondozo|66/100\n|-unboost|p1a: Great Tusk|def|1\n|-unboost|p1a: Great Tusk|spd|1\n|\n|-heal|p2a: Dondozo|72/100|[from] item: Leftovers\n|upkeep\n|turn|11\n|\n|t:|1782438790\n|move|p1a: Great Tusk|Knock Off|p2a: Dondozo\n|-damage|p2a: Dondozo|53/100\n|-enditem|p2a: Dondozo|Leftovers|[from] move: Knock Off|[of] p1a: Great Tusk\n|move|p2a: Dondozo|Waterfall|p1a: Great Tusk\n|-supereffective|p1a: Great Tusk\n|-damage|p1a: Great Tusk|0 fnt\n|faint|p1a: Great Tusk\n|-end|p1a: Great Tusk|Protosynthesis|[silent]\n|\n|upkeep\n|\n|t:|1782438797\n|switch|p1a: Gholdengo|Gholdengo|100/100\n|turn|12\n|\n|t:|1782438813\n|switch|p2a: Ting-Lu|Ting-Lu|78/100\n|-ability|p2a: Ting-Lu|Vessel of Ruin\n|move|p1a: Gholdengo|Trick|p2a: Ting-Lu\n|-activate|p1a: Gholdengo|move: Trick|[of] p2a: Ting-Lu\n|-item|p2a: Ting-Lu|Choice Scarf|[from] move: Trick\n|-item|p1a: Gholdengo|Leftovers|[from] move: Trick\n|\n|upkeep\n|turn|13\n|\n|t:|1782438838\n|switch|p1a: Clodsire|Clodsire, F|100/100\n|move|p2a: Ting-Lu|Earthquake|p1a: Clodsire\n|-supereffective|p1a: Clodsire\n|-damage|p1a: Clodsire|20/100\n|\n|-heal|p1a: Clodsire|26/100|[from] item: Black Sludge\n|upkeep\n|turn|14\n|inactive|thepeakmons has 120 seconds left.\n|\n|t:|1782438854\n|move|p2a: Ting-Lu|Earthquake|p1a: Clodsire\n|-supereffective|p1a: Clodsire\n|-damage|p1a: Clodsire|0 fnt\n|faint|p1a: Clodsire\n|\n|upkeep\n|\n|t:|1782438855\n|switch|p1a: Ogerpon|Ogerpon-Wellspring-Tera, F, tera:Water|63/100\n|-ability|p1a: Ogerpon|Embody Aspect (Wellspring)|boost\n|-boost|p1a: Ogerpon|spd|1\n|turn|15\n|\n|t:|1782438866\n|switch|p2a: Dondozo|Dondozo, F|53/100\n|move|p1a: Ogerpon|Swords Dance|p1a: Ogerpon\n|-boost|p1a: Ogerpon|atk|2\n|\n|upkeep\n|turn|16\n|\n|t:|1782438873\n|move|p1a: Ogerpon|Horn Leech|p2a: Dondozo\n|-supereffective|p2a: Dondozo\n|-damage|p2a: Dondozo|3/100\n|-heal|p1a: Ogerpon|100/100|[from] drain|[of] p2a: Dondozo\n|move|p2a: Dondozo|Body Press|p1a: Ogerpon\n|-damage|p1a: Ogerpon|71/100\n|\n|upkeep\n|turn|17\n|\n|t:|1782438880\n|move|p1a: Ogerpon|Horn Leech|p2a: Dondozo\n|-supereffective|p2a: Dondozo\n|-damage|p2a: Dondozo|0 fnt\n|-heal|p1a: Ogerpon|73/100|[from] drain|[of] p2a: Dondozo\n|faint|p2a: Dondozo\n|\n|upkeep\n|\n|t:|1782438886\n|switch|p2a: Cinderace|Cinderace, M|100/100\n|turn|18\n|\n|t:|1782438893\n|move|p2a: Cinderace|Will-O-Wisp|p1a: Ogerpon\n|-status|p1a: Ogerpon|brn\n|move|p1a: Ogerpon|Ivy Cudgel|p2a: Cinderace|[anim] Ivy Cudgel Water\n|-supereffective|p2a: Cinderace\n|-damage|p2a: Cinderace|0 fnt\n|faint|p2a: Cinderace\n|\n|-damage|p1a: Ogerpon|67/100 brn|[from] brn\n|upkeep\n|\n|t:|1782438906\n|switch|p2a: Kyurem|Kyurem|25/100\n|-ability|p2a: Kyurem|Pressure\n|turn|19\n|\n|t:|1782438920\n|move|p2a: Kyurem|Protect|p2a: Kyurem\n|-singleturn|p2a: Kyurem|Protect\n|move|p1a: Ogerpon|U-turn|p2a: Kyurem\n|-activate|p2a: Kyurem|move: Protect\n|\n|-heal|p2a: Kyurem|31/100|[from] item: Leftovers\n|-damage|p1a: Ogerpon|61/100 brn|[from] brn\n|upkeep\n|turn|20\n|\n|t:|1782438926\n|move|p1a: Ogerpon|Horn Leech|p2a: Kyurem\n|-resisted|p2a: Kyurem\n|-damage|p2a: Kyurem|12/100\n|-heal|p1a: Ogerpon|74/100 brn|[from] drain|[of] p2a: Kyurem\n|move|p2a: Kyurem|Substitute|p2a: Kyurem\n|-fail|p2a: Kyurem|move: Substitute|[weak]\n|\n|-heal|p2a: Kyurem|18/100|[from] item: Leftovers\n|-damage|p1a: Ogerpon|68/100 brn|[from] brn\n|upkeep\n|turn|21\n|\n|t:|1782438943\n|move|p2a: Kyurem|Protect|p2a: Kyurem\n|-singleturn|p2a: Kyurem|Protect\n|move|p1a: Ogerpon|Swords Dance|p1a: Ogerpon\n|-boost|p1a: Ogerpon|atk|2\n|\n|-heal|p2a: Kyurem|24/100|[from] item: Leftovers\n|-damage|p1a: Ogerpon|62/100 brn|[from] brn\n|upkeep\n|turn|22\n|\n|t:|1782438950\n|move|p1a: Ogerpon|Horn Leech|p2a: Kyurem\n|-resisted|p2a: Kyurem\n|-damage|p2a: Kyurem|0 fnt\n|-heal|p1a: Ogerpon|78/100 brn|[from] drain|[of] p2a: Kyurem\n|faint|p2a: Kyurem\n|\n|-damage|p1a: Ogerpon|72/100 brn|[from] brn\n|upkeep\n|\n|t:|1782438962\n|switch|p2a: Corviknight|Corviknight, M|100/100\n|-ability|p2a: Corviknight|Pressure\n|turn|23\n|\n|t:|1782438973\n|move|p1a: Ogerpon|Ivy Cudgel|p2a: Corviknight|[anim] Ivy Cudgel Water\n|-damage|p2a: Corviknight|32/100\n|move|p2a: Corviknight|Brave Bird|p1a: Ogerpon\n|-damage|p1a: Ogerpon|28/100 brn\n|-damage|p2a: Corviknight|21/100|[from] Recoil\n|\n|-damage|p1a: Ogerpon|22/100 brn|[from] brn\n|upkeep\n|turn|24\n|\n|t:|1782438988\n|switch|p2a: Slowking|Slowking-Galar, F|100/100\n|move|p1a: Ogerpon|Ivy Cudgel|p2a: Slowking|[anim] Ivy Cudgel Water\n|-damage|p2a: Slowking|14/100\n|\n|-damage|p1a: Ogerpon|16/100 brn|[from] brn\n|upkeep\n|turn|25\n|inactive|thepeakmons has 120 seconds left.\n|\n|t:|1782439015\n|switch|p2a: Corviknight|Corviknight, M|21/100\n|-ability|p2a: Corviknight|Pressure\n|move|p1a: Ogerpon|Horn Leech|p2a: Corviknight\n|-resisted|p2a: Corviknight\n|-damage|p2a: Corviknight|11/100\n|-heal|p1a: Ogerpon|23/100 brn|[from] drain|[of] p2a: Corviknight\n|-damage|p1a: Ogerpon|6/100 brn|[from] item: Rocky Helmet|[of] p2a: Corviknight\n|\n|-damage|p1a: Ogerpon|0 fnt|[from] brn\n|faint|p1a: Ogerpon\n|detailschange|p1: Ogerpon|Ogerpon-Wellspring, F|[silent]\n|upkeep\n|\n|t:|1782439027\n|switch|p1a: Gholdengo|Gholdengo|100/100\n|turn|26\n|\n|t:|1782439040\n|switch|p2a: Ting-Lu|Ting-Lu|78/100\n|-ability|p2a: Ting-Lu|Vessel of Ruin\n|move|p1a: Gholdengo|Make It Rain|p2a: Ting-Lu\n|-damage|p2a: Ting-Lu|51/100\n|-unboost|p1a: Gholdengo|spa|1\n|\n|upkeep\n|turn|27\n|\n|t:|1782439052\n|move|p1a: Gholdengo|Shadow Ball|p2a: Ting-Lu\n|-resisted|p2a: Ting-Lu\n|-damage|p2a: Ting-Lu|45/100\n|-unboost|p2a: Ting-Lu|spd|1\n|move|p2a: Ting-Lu|Earthquake|p1a: Gholdengo\n|-supereffective|p1a: Gholdengo\n|-damage|p1a: Gholdengo|19/100\n|\n|-heal|p1a: Gholdengo|25/100|[from] item: Leftovers\n|upkeep\n|turn|28\n|inactive|thepeakmons has 120 seconds left.\n|\n|t:|1782439071\n|switch|p2a: Slowking|Slowking-Galar, F|47/100\n|move|p1a: Gholdengo|Make It Rain|p2a: Slowking\n|-damage|p2a: Slowking|11/100\n|-unboost|p1a: Gholdengo|spa|1\n|\n|-heal|p1a: Gholdengo|31/100|[from] item: Leftovers\n|upkeep\n|turn|29\n|inactive|thepeakmons has 120 seconds left.\n|\n|t:|1782439098\n|switch|p2a: Ting-Lu|Ting-Lu|45/100\n|-ability|p2a: Ting-Lu|Vessel of Ruin\n|move|p1a: Gholdengo|Shadow Ball|p2a: Ting-Lu\n|-resisted|p2a: Ting-Lu\n|-damage|p2a: Ting-Lu|41/100\n|-unboost|p2a: Ting-Lu|spd|1\n|\n|-heal|p1a: Gholdengo|37/100|[from] item: Leftovers\n|upkeep\n|turn|30\n|\n|t:|1782439113\n|move|p1a: Gholdengo|Shadow Ball|p2a: Ting-Lu\n|-resisted|p2a: Ting-Lu\n|-damage|p2a: Ting-Lu|34/100\n|move|p2a: Ting-Lu|Earthquake|p1a: Gholdengo\n|-supereffective|p1a: Gholdengo\n|-damage|p1a: Gholdengo|0 fnt\n|faint|p1a: Gholdengo\n|\n|upkeep\n|\n|t:|1782439119\n|switch|p1a: Kingambit|Kingambit, M|100/100\n|-activate|p1a: Kingambit|ability: Supreme Overlord\n|-start|p1a: Kingambit|fallen5|[silent]\n|turn|31\n|\n|t:|1782439132\n|switch|p2a: Corviknight|Corviknight, M|11/100\n|-ability|p2a: Corviknight|Pressure\n|move|p1a: Kingambit|Swords Dance|p1a: Kingambit\n|-boost|p1a: Kingambit|atk|2\n|\n|upkeep\n|turn|32\n|\n|t:|1782439141\n|move|p1a: Kingambit|Sucker Punch|p2a: Corviknight\n|-damage|p2a: Corviknight|0 fnt\n|-damage|p1a: Kingambit|84/100|[from] item: Rocky Helmet|[of] p2a: Corviknight\n|faint|p2a: Corviknight\n|\n|upkeep\n|\n|t:|1782439149\n|switch|p2a: Ting-Lu|Ting-Lu|34/100\n|-ability|p2a: Ting-Lu|Vessel of Ruin\n|turn|33\n|\n|t:|1782439158\n|move|p1a: Kingambit|Sucker Punch|p2a: Ting-Lu\n|-resisted|p2a: Ting-Lu\n|-damage|p2a: Ting-Lu|0 fnt\n|faint|p2a: Ting-Lu\n|\n|upkeep\n|\n|t:|1782439172\n|switch|p2a: Slowking|Slowking-Galar, F|44/100\n|turn|34\n|\n|t:|1782439183\n|move|p1a: Kingambit|Kowtow Cleave|p2a: Slowking\n|-supereffective|p2a: Slowking\n|-damage|p2a: Slowking|0 fnt\n|faint|p2a: Slowking\n|\n|win|vitorhugl11\n|raw|vitorhugl11's rating: 1158 &rarr; <strong>1183</strong><br />(+25 for winning)\n|raw|thepeakmons's rating: 1152 &rarr; <strong>1127</strong><br />(-25 for losing)\n", "uploadtime": 1782439184, "views": 13, "formatid": "gen9ou", "rating": 1127, "private": 0, "password": null}