{"id": "gen9ou-2540599469", "format": "[Gen 9] OU", "players": ["alex12381723898", "a.can.of.juice"], "log": "|j|☆alex12381723898\n|j|☆a.can.of.juice\n|t:|1771224730\n|gametype|singles\n|player|p1|alex12381723898|170|1680\n|player|p2|a.can.of.juice|266|1543\n|gen|9\n|tier|[Gen 9] OU\n|rated|\n|rule|HP Percentage Mod: HP is shown in percentages\n|rule|Endless Battle Clause: Forcing endless battles is banned\n|rule|Species Clause: Limit one of each Pokémon\n|rule|OHKO Clause: OHKO moves are banned\n|rule|Evasion Items Clause: Evasion items are banned\n|rule|Evasion Moves Clause: Evasion moves are banned\n|rule|Evasion Abilities Clause: Evasion abilities are banned\n|rule|Sleep Moves Clause: Sleep-inducing moves are banned\n|clearpoke\n|poke|p1|Landorus-Therian, M|\n|poke|p1|Sinistcha|\n|poke|p1|Tinkaton, F|\n|poke|p1|Moltres|\n|poke|p1|Samurott-Hisui, M|\n|poke|p1|Hydreigon, M|\n|poke|p2|Heatran, F|\n|poke|p2|Zapdos|\n|poke|p2|Enamorus, F|\n|poke|p2|Ogerpon-Wellspring, F|\n|poke|p2|Kingambit, F|\n|poke|p2|Great Tusk|\n|teampreview\n|inactive|Battle timer is ON: inactive players will automatically lose when time's up. (requested by a.can.of.juice)\n|\n|t:|1771224738\n|teamsize|p1|6\n|teamsize|p2|6\n|start\n|switch|p1a: Smile.exe|Tinkaton, F, shiny|100/100\n|switch|p2a: Zapdos|Zapdos|100/100\n|-item|p1a: Smile.exe|Air Balloon\n|turn|1\n|\n|t:|1771224745\n|switch|p1a: Enten|Landorus-Therian, M, shiny|100/100\n|-ability|p1a: Enten|Intimidate|boost\n|-unboost|p2a: Zapdos|atk|1\n|move|p2a: Zapdos|Heat Wave|p1a: Enten\n|-damage|p1a: Enten|53/100\n|\n|upkeep\n|turn|2\n|\n|t:|1771224749\n|move|p1a: Enten|Stone Edge|p2a: Zapdos\n|-supereffective|p2a: Zapdos\n|-damage|p2a: Zapdos|11/100\n|move|p2a: Zapdos|Hurricane|p1a: Enten\n|-damage|p1a: Enten|0 fnt\n|faint|p1a: Enten\n|\n|upkeep\n|\n|t:|1771224760\n|switch|p1a: Hybrid|Hydreigon, M, shiny|100/100\n|turn|3\n|\n|t:|1771224767\n|move|p2a: Zapdos|Hurricane|p1a: Hybrid\n|-damage|p1a: Hybrid|35/100\n|-start|p1a: Hybrid|confusion\n|-activate|p1a: Hybrid|confusion\n|move|p1a: Hybrid|Dark Pulse|p2a: Zapdos\n|-damage|p2a: Zapdos|0 fnt\n|faint|p2a: Zapdos\n|\n|upkeep\n|\n|t:|1771224776\n|switch|p2a: Ogerpon|Ogerpon-Wellspring, F|100/100\n|turn|4\n|\n|t:|1771224779\n|switch|p1a: Sagittarius|Sinistcha, shiny|100/100\n|move|p2a: Ogerpon|U-turn|p1a: Sagittarius\n|-damage|p1a: Sagittarius|80/100\n|\n|t:|1771224783\n|switch|p2a: Heatran|Heatran, F|100/100|[from] U-turn\n|\n|upkeep\n|turn|5\n|\n|t:|1771224787\n|switch|p1a: Phoenix|Moltres, shiny|100/100\n|move|p2a: Heatran|Magma Storm|p1a: Phoenix\n|-resisted|p1a: Phoenix\n|-damage|p1a: Phoenix|84/100\n|-activate|p1a: Phoenix|move: Magma Storm|[of] p2a: Heatran\n|\n|-damage|p1a: Phoenix|72/100|[from] move: Magma Storm|[partiallytrapped]\n|upkeep\n|turn|6\n|\n|t:|1771224790\n|move|p1a: Phoenix|Scorching Sands|p2a: Heatran\n|-supereffective|p2a: Heatran\n|-damage|p2a: Heatran|50/100\n|move|p2a: Heatran|Taunt|p1a: Phoenix\n|-start|p1a: Phoenix|move: Taunt\n|\n|-heal|p2a: Heatran|56/100|[from] item: Leftovers\n|-damage|p1a: Phoenix|60/100|[from] move: Magma Storm|[partiallytrapped]\n|upkeep\n|turn|7\n|\n|t:|1771224797\n|switch|p2a: Ogerpon|Ogerpon-Wellspring, F|100/100\n|move|p1a: Phoenix|Scorching Sands|p2a: Ogerpon\n|-resisted|p2a: Ogerpon\n|-damage|p2a: Ogerpon|89/100\n|-status|p2a: Ogerpon|brn\n|\n|-damage|p2a: Ogerpon|83/100 brn|[from] brn\n|-end|p1a: Phoenix|Magma Storm|[partiallytrapped]|[silent]\n|upkeep\n|turn|8\n|\n|t:|1771224801\n|switch|p1a: Sagittarius|Sinistcha, shiny|80/100\n|move|p2a: Ogerpon|Knock Off|p1a: Sagittarius\n|-supereffective|p1a: Sagittarius\n|-damage|p1a: Sagittarius|54/100\n|-enditem|p1a: Sagittarius|Heavy-Duty Boots|[from] move: Knock Off|[of] p2a: Ogerpon\n|\n|-damage|p2a: Ogerpon|77/100 brn|[from] brn\n|upkeep\n|turn|9\n|\n|t:|1771224804\n|move|p2a: Ogerpon|U-turn|p1a: Sagittarius\n|-damage|p1a: Sagittarius|45/100\n|\n|t:|1771224806\n|switch|p2a: Heatran|Heatran, F|56/100|[from] U-turn\n|move|p1a: Sagittarius|Strength Sap|p2a: Heatran\n|-unboost|p2a: Heatran|atk|1\n|-heal|p1a: Sagittarius|93/100\n|\n|-heal|p2a: Heatran|62/100|[from] item: Leftovers\n|upkeep\n|turn|10\n|\n|t:|1771224812\n|switch|p1a: Phoenix|Moltres, shiny|60/100\n|move|p2a: Heatran|Magma Storm|p1a: Phoenix\n|-resisted|p1a: Phoenix\n|-damage|p1a: Phoenix|41/100\n|-activate|p1a: Phoenix|move: Magma Storm|[of] p2a: Heatran\n|\n|-heal|p2a: Heatran|68/100|[from] item: Leftovers\n|-damage|p1a: Phoenix|29/100|[from] move: Magma Storm|[partiallytrapped]\n|upkeep\n|turn|11\n|\n|t:|1771224816\n|move|p1a: Phoenix|Roost|p1a: Phoenix\n|-heal|p1a: Phoenix|79/100\n|-singleturn|p1a: Phoenix|move: Roost\n|move|p2a: Heatran|Magma Storm|p1a: Phoenix\n|-resisted|p1a: Phoenix\n|-damage|p1a: Phoenix|60/100\n|\n|-heal|p2a: Heatran|75/100|[from] item: Leftovers\n|-damage|p1a: Phoenix|47/100|[from] move: Magma Storm|[partiallytrapped]\n|upkeep\n|turn|12\n|\n|t:|1771224820\n|move|p1a: Phoenix|Scorching Sands|p2a: Heatran\n|-supereffective|p2a: Heatran\n|-damage|p2a: Heatran|25/100\n|move|p2a: Heatran|Earth Power|p1a: Phoenix\n|-immune|p1a: Phoenix\n|\n|-heal|p2a: Heatran|31/100|[from] item: Leftovers\n|-damage|p1a: Phoenix|35/100|[from] move: Magma Storm|[partiallytrapped]\n|upkeep\n|turn|13\n|\n|t:|1771224827\n|switch|p2a: Ogerpon|Ogerpon-Wellspring, F|77/100 brn\n|move|p1a: Phoenix|Scorching Sands|p2a: Ogerpon\n|-resisted|p2a: Ogerpon\n|-damage|p2a: Ogerpon|65/100 brn\n|\n|-damage|p2a: Ogerpon|59/100 brn|[from] brn\n|-end|p1a: Phoenix|Magma Storm|[partiallytrapped]|[silent]\n|upkeep\n|turn|14\n|\n|t:|1771224832\n|move|p2a: Ogerpon|Ivy Cudgel|p1a: Phoenix|[anim] Ivy Cudgel Water\n|-supereffective|p1a: Phoenix\n|-damage|p1a: Phoenix|0 fnt\n|faint|p1a: Phoenix\n|\n|-damage|p2a: Ogerpon|53/100 brn|[from] brn\n|upkeep\n|\n|t:|1771224835\n|switch|p1a: Smile.exe|Tinkaton, F, shiny|100/100\n|-item|p1a: Smile.exe|Air Balloon\n|turn|15\n|\n|t:|1771224839\n|move|p2a: Ogerpon|Knock Off|p1a: Smile.exe\n|-resisted|p1a: Smile.exe\n|-damage|p1a: Smile.exe|88/100\n|-enditem|p1a: Smile.exe|Air Balloon\n|move|p1a: Smile.exe|Stealth Rock|p2a: Ogerpon\n|-sidestart|p2: a.can.of.juice|move: Stealth Rock\n|\n|-damage|p2a: Ogerpon|47/100 brn|[from] brn\n|upkeep\n|turn|16\n|j| AmazedOcean924\n|\n|t:|1771224842\n|move|p2a: Ogerpon|Ivy Cudgel|p1a: Smile.exe|[anim] Ivy Cudgel Water\n|-damage|p1a: Smile.exe|49/100\n|move|p1a: Smile.exe|Ice Hammer|p2a: Ogerpon\n|-damage|p2a: Ogerpon|16/100 brn\n|-unboost|p1a: Smile.exe|spe|1\n|\n|-damage|p2a: Ogerpon|10/100 brn|[from] brn\n|upkeep\n|turn|17\n|\n|t:|1771224847\n|move|p2a: Ogerpon|Ivy Cudgel|p1a: Smile.exe|[anim] Ivy Cudgel Water\n|-damage|p1a: Smile.exe|6/100\n|move|p1a: Smile.exe|Gigaton Hammer|p2a: Ogerpon\n|-resisted|p2a: Ogerpon\n|-damage|p2a: Ogerpon|0 fnt\n|faint|p2a: Ogerpon\n|\n|upkeep\n|\n|t:|1771224855\n|switch|p2a: Great Tusk|Great Tusk|100/100\n|-damage|p2a: Great Tusk|98/100|[from] Stealth Rock\n|-enditem|p2a: Great Tusk|Booster Energy\n|-activate|p2a: Great Tusk|ability: Protosynthesis|[fromitem]\n|-start|p2a: Great Tusk|protosynthesisspe\n|turn|18\n|\n|t:|1771224857\n|switch|p1a: Sagittarius|Sinistcha, shiny|93/100\n|move|p2a: Great Tusk|Rapid Spin|p1a: Sagittarius\n|-immune|p1a: Sagittarius\n|\n|upkeep\n|turn|19\n|\n|t:|1771224864\n|-terastallize|p2a: Great Tusk|Ice\n|move|p2a: Great Tusk|Bulk Up|p2a: Great Tusk\n|-boost|p2a: Great Tusk|atk|1\n|-boost|p2a: Great Tusk|def|1\n|move|p1a: Sagittarius|Shadow Ball|p2a: Great Tusk\n|-damage|p2a: Great Tusk|57/100\n|\n|upkeep\n|turn|20\n|\n|t:|1771224870\n|move|p2a: Great Tusk|Ice Spinner|p1a: Sagittarius\n|-supereffective|p1a: Sagittarius\n|-damage|p1a: Sagittarius|22/100\n|move|p1a: Sagittarius|Strength Sap|p2a: Great Tusk\n|-unboost|p2a: Great Tusk|atk|1\n|-heal|p1a: Sagittarius|100/100\n|\n|upkeep\n|turn|21\n|\n|t:|1771224874\n|move|p2a: Great Tusk|Bulk Up|p2a: Great Tusk\n|-boost|p2a: Great Tusk|atk|1\n|-boost|p2a: Great Tusk|def|1\n|move|p1a: Sagittarius|Matcha Gotcha|p2a: Great Tusk\n|-damage|p2a: Great Tusk|12/100\n|\n|upkeep\n|turn|22\n|\n|t:|1771224877\n|move|p2a: Great Tusk|Ice Spinner|p1a: Sagittarius\n|-supereffective|p1a: Sagittarius\n|-damage|p1a: Sagittarius|30/100\n|move|p1a: Sagittarius|Strength Sap|p2a: Great Tusk\n|-unboost|p2a: Great Tusk|atk|1\n|-heal|p1a: Sagittarius|100/100\n|\n|upkeep\n|turn|23\n|\n|t:|1771224880\n|move|p2a: Great Tusk|Ice Spinner|p1a: Sagittarius\n|-supereffective|p1a: Sagittarius\n|-damage|p1a: Sagittarius|51/100\n|move|p1a: Sagittarius|Matcha Gotcha|p2a: Great Tusk\n|-damage|p2a: Great Tusk|0 fnt\n|-heal|p1a: Sagittarius|58/100|[from] drain|[of] p2a: Great Tusk\n|faint|p2a: Great Tusk\n|-end|p2a: Great Tusk|Protosynthesis|[silent]\n|\n|upkeep\n|\n|t:|1771224883\n|switch|p2a: Kingambit|Kingambit, F|100/100\n|-damage|p2a: Kingambit|94/100|[from] Stealth Rock\n|-activate|p2a: Kingambit|ability: Supreme Overlord\n|-start|p2a: Kingambit|fallen3|[silent]\n|turn|24\n|\n|t:|1771224887\n|switch|p1a: Smile.exe|Tinkaton, F, shiny|6/100\n|move|p2a: Kingambit|Kowtow Cleave|p1a: Smile.exe\n|-resisted|p1a: Smile.exe\n|-damage|p1a: Smile.exe|0 fnt\n|faint|p1a: Smile.exe\n|\n|-heal|p2a: Kingambit|100/100|[from] item: Leftovers\n|upkeep\n|\n|t:|1771224908\n|switch|p1a: Jack Sparrow|Samurott-Hisui, M, shiny|100/100\n|turn|25\n|\n|t:|1771224912\n|move|p1a: Jack Sparrow|Knock Off|p2a: Kingambit\n|-resisted|p2a: Kingambit\n|-damage|p2a: Kingambit|83/100\n|-enditem|p2a: Kingambit|Leftovers|[from] move: Knock Off|[of] p1a: Jack Sparrow\n|move|p2a: Kingambit|Stealth Rock|p1a: Jack Sparrow\n|-sidestart|p1: alex12381723898|move: Stealth Rock\n|\n|upkeep\n|turn|26\n|\n|t:|1771224920\n|move|p1a: Jack Sparrow|Ceaseless Edge|p2a: Kingambit\n|-resisted|p2a: Kingambit\n|-damage|p2a: Kingambit|66/100\n|-sidestart|p2: a.can.of.juice|Spikes\n|move|p2a: Kingambit|Kowtow Cleave|p1a: Jack Sparrow\n|-resisted|p1a: Jack Sparrow\n|-damage|p1a: Jack Sparrow|59/100\n|\n|upkeep\n|turn|27\n|\n|t:|1771224925\n|move|p1a: Jack Sparrow|Ceaseless Edge|p2a: Kingambit\n|-resisted|p2a: Kingambit\n|-damage|p2a: Kingambit|49/100\n|-sidestart|p2: a.can.of.juice|Spikes\n|move|p2a: Kingambit|Kowtow Cleave|p1a: Jack Sparrow\n|-resisted|p1a: Jack Sparrow\n|-damage|p1a: Jack Sparrow|16/100\n|\n|upkeep\n|turn|28\n|\n|t:|1771224930\n|move|p2a: Kingambit|Sucker Punch|p1a: Jack Sparrow\n|-resisted|p1a: Jack Sparrow\n|-damage|p1a: Jack Sparrow|0 fnt\n|faint|p1a: Jack Sparrow\n|\n|upkeep\n|\n|t:|1771224934\n|switch|p1a: Hybrid|Hydreigon, M, shiny|35/100\n|-damage|p1a: Hybrid|23/100|[from] Stealth Rock\n|turn|29\n|\n|t:|1771224937\n|move|p2a: Kingambit|Sucker Punch|p1a: Hybrid\n|-resisted|p1a: Hybrid\n|-damage|p1a: Hybrid|0 fnt\n|faint|p1a: Hybrid\n|\n|upkeep\n|\n|t:|1771224939\n|switch|p1a: Sagittarius|Sinistcha, shiny|58/100\n|-damage|p1a: Sagittarius|46/100|[from] Stealth Rock\n|turn|30\n|\n|t:|1771224941\n|-terastallize|p1a: Sagittarius|Poison\n|move|p1a: Sagittarius|Strength Sap|p2a: Kingambit\n|-unboost|p2a: Kingambit|atk|1\n|-heal|p1a: Sagittarius|100/100\n|move|p2a: Kingambit|Kowtow Cleave|p1a: Sagittarius\n|-damage|p1a: Sagittarius|68/100\n|\n|upkeep\n|turn|31\n|c|☆a.can.of.juice|ggwp\n|\n|t:|1771224946\n|-end|p2a: Kingambit|fallen3|[silent]\n|switch|p2a: Heatran|Heatran, F|31/100\n|-damage|p2a: Heatran|19/100|[from] Stealth Rock\n|-damage|p2a: Heatran|2/100|[from] Spikes\n|move|p1a: Sagittarius|Matcha Gotcha|p2a: Heatran\n|-resisted|p2a: Heatran\n|-damage|p2a: Heatran|0 fnt\n|-heal|p1a: Sagittarius|69/100|[from] drain|[of] p2a: Heatran\n|faint|p2a: Heatran\n|\n|upkeep\n|\n|t:|1771224949\n|switch|p2a: Enamorus|Enamorus, F|100/100\n|-damage|p2a: Enamorus|76/100|[from] Stealth Rock\n|turn|32\n|\n|t:|1771224952\n|move|p2a: Enamorus|Earth Power|p1a: Sagittarius\n|-supereffective|p1a: Sagittarius\n|-damage|p1a: Sagittarius|0 fnt\n|faint|p1a: Sagittarius\n|\n|win|a.can.of.juice\n|raw|alex12381723898's rating: 1680 &rarr; <strong>1652</strong><br />(-28 for losing)\n|raw|a.can.of.juice's rating: 1543 &rarr; <strong>1571</strong><br />(+28 for winning)\n|l|☆a.can.of.juice\n|player|p2|\n|l|☆alex12381723898\n|player|p1|\n|l| AmazedOcean924\n", "uploadtime": 1771225166, "views": 12, "formatid": "gen9ou", "rating": 1571, "private": 0, "password": null}