{"id": "gen9ou-2639226649", "format": "[Gen 9] OU", "players": ["Exiowf", "Lycanrocknottoxic"], "log": "|j|☆Exiowf\n|j|☆Lycanrocknottoxic\n|t:|1782437031\n|gametype|singles\n|player|p1|Exiowf|170|1302\n|player|p2|Lycanrocknottoxic|dancer|1291\n|gen|9\n|tier|[Gen 9] OU\n|rated|\n|rule|HP Percentage Mod: HP is shown in percentages\n|rule|Endless Battle Clause: Forcing endless battles is banned\n|rule|Species Clause: Limit one of each Pokémon\n|rule|OHKO Clause: OHKO moves are banned\n|rule|Evasion Items Clause: Evasion items are banned\n|rule|Evasion Moves Clause: Evasion moves are banned\n|rule|Evasion Abilities Clause: Evasion abilities are banned\n|rule|Sleep Moves Clause: Sleep-inducing moves are banned\n|clearpoke\n|poke|p1|Garchomp, M|\n|poke|p1|Alomomola, M|\n|poke|p1|Corviknight, F|\n|poke|p1|Weezing-Galar, M|\n|poke|p1|Ogerpon, F|\n|poke|p1|Froslass, F|\n|poke|p2|Volcanion|\n|poke|p2|Rillaboom, M|\n|poke|p2|Clefable, F|\n|poke|p2|Ting-Lu|\n|poke|p2|Scizor, M|\n|poke|p2|Garchomp, M|\n|teampreview\n|c|☆Lycanrocknottoxic|Gl hf\n|c|☆Exiowf|hf\n|\n|t:|1782437047\n|teamsize|p1|6\n|teamsize|p2|6\n|start\n|switch|p1a: Froslass|Froslass, F|100/100\n|switch|p2a: Garchomp|Garchomp, M, shiny|100/100\n|turn|1\n|\n|t:|1782437052\n|switch|p2a: Ya hirvió el agua|Volcanion|100/100\n|move|p1a: Froslass|Blizzard|p2a: Ya hirvió el agua\n|-resisted|p2a: Ya hirvió el agua\n|-damage|p2a: Ya hirvió el agua|80/100\n|\n|upkeep\n|turn|2\n|\n|t:|1782437058\n|switch|p1a: Corviknight|Corviknight, F|100/100\n|-ability|p1a: Corviknight|Pressure\n|move|p2a: Ya hirvió el agua|Will-O-Wisp|p1a: Corviknight\n|-status|p1a: Corviknight|brn\n|\n|-damage|p1a: Corviknight|94/100 brn|[from] brn\n|upkeep\n|turn|3\n|\n|t:|1782437061\n|move|p2a: Ya hirvió el agua|Flamethrower|p1a: Corviknight\n|-supereffective|p1a: Corviknight\n|-damage|p1a: Corviknight|28/100 brn\n|move|p1a: Corviknight|U-turn|p2a: Ya hirvió el agua\n|-resisted|p2a: Ya hirvió el agua\n|-damage|p2a: Ya hirvió el agua|77/100\n|\n|t:|1782437064\n|switch|p1a: Froslass|Froslass, F|100/100|[from] U-turn\n|\n|upkeep\n|turn|4\n|\n|t:|1782437069\n|move|p1a: Froslass|Curse|p2a: Ya hirvió el agua\n|-start|p2a: Ya hirvió el agua|Curse|[of] p1a: Froslass\n|-damage|p1a: Froslass|50/100\n|move|p2a: Ya hirvió el agua|Flamethrower|p1a: Froslass\n|-supereffective|p1a: Froslass\n|-damage|p1a: Froslass|0 fnt\n|faint|p1a: Froslass\n|\n|-damage|p2a: Ya hirvió el agua|52/100|[from] Curse\n|upkeep\n|\n|t:|1782437073\n|switch|p1a: Alomomola|Alomomola, M|100/100\n|turn|5\n|\n|t:|1782437076\n|move|p2a: Ya hirvió el agua|Will-O-Wisp|p1a: Alomomola\n|-status|p1a: Alomomola|brn\n|move|p1a: Alomomola|Body Slam|p2a: Ya hirvió el agua\n|-damage|p2a: Ya hirvió el agua|44/100\n|-status|p2a: Ya hirvió el agua|par\n|\n|-damage|p1a: Alomomola|94/100 brn|[from] brn\n|-damage|p2a: Ya hirvió el agua|19/100 par|[from] Curse\n|upkeep\n|turn|6\n|\n|t:|1782437083\n|move|p1a: Alomomola|Flip Turn|p2a: Ya hirvió el agua\n|-heal|p2a: Ya hirvió el agua|44/100 par|[from] ability: Water Absorb|[of] p1a: Alomomola\n|cant|p2a: Ya hirvió el agua|par\n|\n|-damage|p1a: Alomomola|88/100 brn|[from] brn\n|-damage|p2a: Ya hirvió el agua|19/100 par|[from] Curse\n|upkeep\n|turn|7\n|\n|t:|1782437088\n|move|p2a: Ya hirvió el agua|Flamethrower|p1a: Alomomola\n|-resisted|p1a: Alomomola\n|-damage|p1a: Alomomola|76/100 brn\n|move|p1a: Alomomola|Mirror Coat|p2a: Ya hirvió el agua\n|-damage|p2a: Ya hirvió el agua|0 fnt\n|faint|p2a: Ya hirvió el agua\n|\n|-damage|p1a: Alomomola|70/100 brn|[from] brn\n|upkeep\n|\n|t:|1782437093\n|switch|p2a: Macaco|Rillaboom, M, shiny|100/100\n|-fieldstart|move: Grassy Terrain|[from] ability: Grassy Surge|[of] p2a: Macaco\n|turn|8\n|\n|t:|1782437098\n|switch|p1a: Garchomp|Garchomp, M|100/100\n|move|p2a: Macaco|Wood Hammer|p1a: Garchomp\n|-damage|p1a: Garchomp|32/100\n|-damage|p2a: Macaco|88/100|[from] ability: Rough Skin|[of] p1a: Garchomp\n|-damage|p2a: Macaco|72/100|[from] item: Rocky Helmet|[of] p1a: Garchomp\n|-damage|p2a: Macaco|44/100|[from] Recoil\n|\n|-heal|p2a: Macaco|50/100|[from] Grassy Terrain\n|-heal|p1a: Garchomp|39/100|[from] Grassy Terrain\n|upkeep\n|turn|9\n|\n|t:|1782437123\n|switch|p2a: Clefable|Clefable, F, shiny|100/100\n|switch|p1a: Corviknight|Corviknight, F|28/100 brn\n|-ability|p1a: Corviknight|Pressure\n|\n|-heal|p1a: Corviknight|34/100 brn|[from] item: Leftovers\n|-damage|p1a: Corviknight|28/100 brn|[from] brn\n|upkeep\n|turn|10\n|\n|t:|1782437127\n|move|p2a: Clefable|Flamethrower|p1a: Corviknight\n|-supereffective|p1a: Corviknight\n|-damage|p1a: Corviknight|1/100 brn\n|move|p1a: Corviknight|Roost|p1a: Corviknight\n|-heal|p1a: Corviknight|51/100 brn\n|-singleturn|p1a: Corviknight|move: Roost\n|\n|-heal|p1a: Corviknight|57/100 brn|[from] Grassy Terrain\n|-heal|p1a: Corviknight|64/100 brn|[from] item: Leftovers\n|-damage|p1a: Corviknight|57/100 brn|[from] brn\n|upkeep\n|turn|11\n|\n|t:|1782437132\n|switch|p1a: Alomomola|Alomomola, M|100/100 brn\n|move|p2a: Clefable|Calm Mind|p2a: Clefable\n|-boost|p2a: Clefable|spa|1\n|-boost|p2a: Clefable|spd|1\n|\n|-damage|p1a: Alomomola|94/100 brn|[from] brn\n|upkeep\n|turn|12\n|\n|t:|1782437135\n|move|p2a: Clefable|Calm Mind|p2a: Clefable\n|-boost|p2a: Clefable|spa|1\n|-boost|p2a: Clefable|spd|1\n|move|p1a: Alomomola|Flip Turn|p2a: Clefable\n|-damage|p2a: Clefable|94/100\n|\n|t:|1782437147\n|switch|p1a: Weezing|Weezing-Galar, M|100/100|[from] Flip Turn\n|-ability|p1a: Weezing|Neutralizing Gas\n|\n|-heal|p2a: Clefable|100/100|[from] Grassy Terrain\n|-fieldend|move: Grassy Terrain\n|upkeep\n|turn|13\n|\n|t:|1782437154\n|move|p1a: Weezing|Sludge Bomb|p2a: Clefable\n|-supereffective|p2a: Clefable\n|-damage|p2a: Clefable|73/100\n|-status|p2a: Clefable|psn\n|move|p2a: Clefable|Flamethrower|p1a: Weezing\n|-damage|p1a: Weezing|49/100\n|\n|-heal|p1a: Weezing|55/100|[from] item: Leftovers\n|-damage|p2a: Clefable|61/100 psn|[from] psn\n|upkeep\n|turn|14\n|\n|t:|1782437173\n|move|p1a: Weezing|Pain Split|p2a: Clefable\n|-sethp|p2a: Clefable|54/100 psn|[from] move: Pain Split|[silent]\n|-sethp|p1a: Weezing|64/100|[from] move: Pain Split\n|move|p2a: Clefable|Moonlight|p2a: Clefable\n|-heal|p2a: Clefable|100/100 psn\n|\n|-heal|p1a: Weezing|70/100|[from] item: Leftovers\n|-damage|p2a: Clefable|88/100 psn|[from] psn\n|upkeep\n|turn|15\n|\n|t:|1782437179\n|-end|p1a: Weezing|ability: Neutralizing Gas\n|switch|p1a: Alomomola|Alomomola, M|100/100 brn\n|move|p2a: Clefable|Calm Mind|p2a: Clefable\n|-boost|p2a: Clefable|spa|1\n|-boost|p2a: Clefable|spd|1\n|\n|-damage|p2a: Clefable|76/100 psn|[from] psn\n|-damage|p1a: Alomomola|94/100 brn|[from] brn\n|upkeep\n|turn|16\n|\n|t:|1782437186\n|move|p2a: Clefable|Moonlight|p2a: Clefable\n|-heal|p2a: Clefable|100/100 psn\n|move|p1a: Alomomola|Mirror Coat||[still]\n|-fail|p1a: Alomomola\n|\n|-damage|p2a: Clefable|88/100 psn|[from] psn\n|-damage|p1a: Alomomola|88/100 brn|[from] brn\n|upkeep\n|turn|17\n|\n|t:|1782437191\n|move|p2a: Clefable|Calm Mind|p2a: Clefable\n|-boost|p2a: Clefable|spa|1\n|-boost|p2a: Clefable|spd|1\n|move|p1a: Alomomola|Flip Turn|p2a: Clefable\n|-damage|p2a: Clefable|82/100 psn\n|\n|t:|1782437195\n|switch|p1a: Ogerpon|Ogerpon, F|100/100|[from] Flip Turn\n|\n|-damage|p2a: Clefable|70/100 psn|[from] psn\n|upkeep\n|turn|18\n|\n|t:|1782437199\n|-terastallize|p2a: Clefable|Poison\n|move|p1a: Ogerpon|Knock Off|p2a: Clefable\n|-damage|p2a: Clefable|32/100 psn\n|-enditem|p2a: Clefable|Heavy-Duty Boots|[from] move: Knock Off|[of] p1a: Ogerpon\n|move|p2a: Clefable|Flamethrower|p1a: Ogerpon\n|-supereffective|p1a: Ogerpon\n|-damage|p1a: Ogerpon|0 fnt\n|faint|p1a: Ogerpon\n|\n|-damage|p2a: Clefable|20/100 psn|[from] psn\n|upkeep\n|\n|t:|1782437211\n|switch|p1a: Alomomola|Alomomola, M|100/100 brn\n|turn|19\n|\n|t:|1782437215\n|move|p2a: Clefable|Moonlight|p2a: Clefable\n|-heal|p2a: Clefable|70/100 psn\n|move|p1a: Alomomola|Flip Turn|p2a: Clefable\n|-damage|p2a: Clefable|63/100 psn\n|\n|t:|1782437219\n|switch|p1a: Garchomp|Garchomp, M|39/100|[from] Flip Turn\n|\n|-damage|p2a: Clefable|51/100 psn|[from] psn\n|upkeep\n|turn|20\n|\n|t:|1782437223\n|move|p1a: Garchomp|Earthquake|p2a: Clefable\n|-supereffective|p2a: Clefable\n|-damage|p2a: Clefable|0 fnt\n|faint|p2a: Clefable\n|\n|upkeep\n|\n|t:|1782437230\n|switch|p2a: Garchomp|Garchomp, M, shiny|100/100\n|turn|21\n|\n|t:|1782437235\n|switch|p1a: Corviknight|Corviknight, F|57/100 brn\n|-ability|p1a: Corviknight|Pressure\n|move|p2a: Garchomp|Scale Shot|p1a: Corviknight\n|-resisted|p1a: Corviknight\n|-damage|p1a: Corviknight|51/100 brn\n|-resisted|p1a: Corviknight\n|-damage|p1a: Corviknight|46/100 brn\n|-resisted|p1a: Corviknight\n|-damage|p1a: Corviknight|41/100 brn\n|-resisted|p1a: Corviknight\n|-damage|p1a: Corviknight|36/100 brn\n|-hitcount|p1a: Corviknight|4\n|-unboost|p2a: Garchomp|def|1\n|-boost|p2a: Garchomp|spe|1\n|\n|-heal|p1a: Corviknight|42/100 brn|[from] item: Leftovers\n|-damage|p1a: Corviknight|36/100 brn|[from] brn\n|upkeep\n|turn|22\n|\n|t:|1782437239\n|move|p2a: Garchomp|Fire Fang|p1a: Corviknight\n|-supereffective|p1a: Corviknight\n|-damage|p1a: Corviknight|1/100 brn\n|move|p1a: Corviknight|Brave Bird|p2a: Garchomp\n|-damage|p2a: Garchomp|74/100\n|-damage|p1a: Corviknight|0 fnt|[from] ability: Rough Skin|[of] p2a: Garchomp\n|faint|p1a: Corviknight\n|\n|upkeep\n|\n|t:|1782437245\n|switch|p1a: Weezing|Weezing-Galar, M|70/100\n|-ability|p1a: Weezing|Neutralizing Gas\n|turn|23\n|\n|t:|1782437254\n|switch|p2a: Frijolero|Ting-Lu, shiny|100/100\n|-terastallize|p1a: Weezing|Dragon\n|move|p1a: Weezing|Will-O-Wisp|p2a: Frijolero\n|-status|p2a: Frijolero|brn\n|\n|-heal|p1a: Weezing|76/100|[from] item: Leftovers\n|-damage|p2a: Frijolero|94/100 brn|[from] brn\n|upkeep\n|turn|24\n|\n|t:|1782437258\n|-end|p1a: Weezing|ability: Neutralizing Gas\n|-ability|p2a: Frijolero|Vessel of Ruin\n|switch|p1a: Garchomp|Garchomp, M|39/100\n|move|p2a: Frijolero|Stealth Rock|p1a: Garchomp\n|-sidestart|p1: Exiowf|move: Stealth Rock\n|\n|-heal|p2a: Frijolero|100/100 brn|[from] item: Leftovers\n|-damage|p2a: Frijolero|94/100 brn|[from] brn\n|upkeep\n|turn|25\n|\n|t:|1782437265\n|move|p1a: Garchomp|Stealth Rock|p2a: Frijolero\n|-sidestart|p2: Lycanrocknottoxic|move: Stealth Rock\n|move|p2a: Frijolero|Earthquake|p1a: Garchomp\n|-damage|p1a: Garchomp|27/100\n|\n|-heal|p2a: Frijolero|100/100 brn|[from] item: Leftovers\n|-damage|p2a: Frijolero|94/100 brn|[from] brn\n|upkeep\n|turn|26\n|\n|t:|1782437268\n|move|p1a: Garchomp|Spikes|p2a: Frijolero\n|-sidestart|p2: Lycanrocknottoxic|Spikes\n|move|p2a: Frijolero|Whirlwind|p1a: Garchomp\n|drag|p1a: Alomomola|Alomomola, M|100/100 brn\n|-damage|p1a: Alomomola|88/100 brn|[from] Stealth Rock\n|\n|-heal|p2a: Frijolero|100/100 brn|[from] item: Leftovers\n|-damage|p2a: Frijolero|94/100 brn|[from] brn\n|-damage|p1a: Alomomola|82/100 brn|[from] brn\n|upkeep\n|turn|27\n|\n|t:|1782437275\n|move|p2a: Frijolero|Ruination|p1a: Alomomola\n|-damage|p1a: Alomomola|41/100 brn\n|move|p1a: Alomomola|Flip Turn|p2a: Frijolero\n|-supereffective|p2a: Frijolero\n|-damage|p2a: Frijolero|86/100 brn\n|\n|t:|1782437279\n|switch|p1a: Weezing|Weezing-Galar, M, tera:Dragon|76/100|[from] Flip Turn\n|-ability|p1a: Weezing|Neutralizing Gas\n|-damage|p1a: Weezing|63/100|[from] Stealth Rock\n|\n|-heal|p1a: Weezing|69/100|[from] item: Leftovers\n|-heal|p2a: Frijolero|92/100 brn|[from] item: Leftovers\n|-damage|p2a: Frijolero|86/100 brn|[from] brn\n|upkeep\n|turn|28\n|\n|t:|1782437290\n|move|p1a: Weezing|Pain Split|p2a: Frijolero\n|-sethp|p2a: Frijolero|65/100 brn|[from] move: Pain Split|[silent]\n|-sethp|p1a: Weezing|100/100|[from] move: Pain Split\n|move|p2a: Frijolero|Ruination|p1a: Weezing\n|-damage|p1a: Weezing|51/100\n|\n|-heal|p1a: Weezing|57/100|[from] item: Leftovers\n|-heal|p2a: Frijolero|72/100 brn|[from] item: Leftovers\n|-damage|p2a: Frijolero|65/100 brn|[from] brn\n|upkeep\n|turn|29\n|\n|t:|1782437295\n|move|p1a: Weezing|Pain Split|p2a: Frijolero\n|-sethp|p2a: Frijolero|51/100 brn|[from] move: Pain Split|[silent]\n|-sethp|p1a: Weezing|79/100|[from] move: Pain Split\n|move|p2a: Frijolero|Ruination|p1a: Weezing\n|-damage|p1a: Weezing|40/100\n|\n|-heal|p1a: Weezing|46/100|[from] item: Leftovers\n|-heal|p2a: Frijolero|57/100 brn|[from] item: Leftovers\n|-damage|p2a: Frijolero|51/100 brn|[from] brn\n|upkeep\n|turn|30\n|\n|t:|1782437299\n|move|p1a: Weezing|Pain Split|p2a: Frijolero\n|-sethp|p2a: Frijolero|40/100 brn|[from] move: Pain Split|[silent]\n|-sethp|p1a: Weezing|62/100|[from] move: Pain Split\n|move|p2a: Frijolero|Ruination|p1a: Weezing\n|-damage|p1a: Weezing|31/100\n|\n|-heal|p1a: Weezing|37/100|[from] item: Leftovers\n|-heal|p2a: Frijolero|47/100 brn|[from] item: Leftovers\n|-damage|p2a: Frijolero|40/100 brn|[from] brn\n|upkeep\n|turn|31\n|\n|t:|1782437304\n|move|p1a: Weezing|Sludge Bomb|p2a: Frijolero\n|-resisted|p2a: Frijolero\n|-damage|p2a: Frijolero|33/100 brn\n|move|p2a: Frijolero|Ruination|p1a: Weezing\n|-damage|p1a: Weezing|19/100\n|\n|-heal|p1a: Weezing|25/100|[from] item: Leftovers\n|-heal|p2a: Frijolero|40/100 brn|[from] item: Leftovers\n|-damage|p2a: Frijolero|33/100 brn|[from] brn\n|upkeep\n|turn|32\n|\n|t:|1782437309\n|move|p1a: Weezing|Pain Split|p2a: Frijolero\n|-sethp|p2a: Frijolero|25/100 brn|[from] move: Pain Split|[silent]\n|-sethp|p1a: Weezing|38/100|[from] move: Pain Split\n|move|p2a: Frijolero|Earthquake|p1a: Weezing\n|-damage|p1a: Weezing|25/100\n|\n|-heal|p1a: Weezing|31/100|[from] item: Leftovers\n|-heal|p2a: Frijolero|31/100 brn|[from] item: Leftovers\n|-damage|p2a: Frijolero|25/100 brn|[from] brn\n|upkeep\n|turn|33\n|\n|t:|1782437314\n|-end|p1a: Weezing|ability: Neutralizing Gas\n|-ability|p2a: Frijolero|Vessel of Ruin\n|switch|p1a: Alomomola|Alomomola, M|75/100 brn\n|-damage|p1a: Alomomola|62/100 brn|[from] Stealth Rock\n|move|p2a: Frijolero|Ruination|p1a: Alomomola|[miss]\n|-miss|p2a: Frijolero|p1a: Alomomola\n|\n|-heal|p2a: Frijolero|31/100 brn|[from] item: Leftovers\n|-damage|p2a: Frijolero|25/100 brn|[from] brn\n|-damage|p1a: Alomomola|56/100 brn|[from] brn\n|upkeep\n|turn|34\n|\n|t:|1782437318\n|move|p1a: Alomomola|Flip Turn|p2a: Frijolero\n|-supereffective|p2a: Frijolero\n|-damage|p2a: Frijolero|16/100 brn\n|\n|t:|1782437323\n|switch|p1a: Garchomp|Garchomp, M|27/100|[from] Flip Turn\n|-damage|p1a: Garchomp|21/100|[from] Stealth Rock\n|move|p2a: Frijolero|Whirlwind|p1a: Garchomp\n|drag|p1a: Weezing|Weezing-Galar, M, tera:Dragon|31/100\n|-ability|p1a: Weezing|Neutralizing Gas\n|-damage|p1a: Weezing|19/100|[from] Stealth Rock\n|\n|-heal|p1a: Weezing|25/100|[from] item: Leftovers\n|-heal|p2a: Frijolero|22/100 brn|[from] item: Leftovers\n|-damage|p2a: Frijolero|16/100 brn|[from] brn\n|upkeep\n|turn|35\n|\n|t:|1782437332\n|move|p1a: Weezing|Sludge Bomb|p2a: Frijolero\n|-resisted|p2a: Frijolero\n|-damage|p2a: Frijolero|8/100 brn\n|move|p2a: Frijolero|Ruination|p1a: Weezing\n|-damage|p1a: Weezing|13/100\n|\n|-heal|p1a: Weezing|19/100|[from] item: Leftovers\n|-heal|p2a: Frijolero|15/100 brn|[from] item: Leftovers\n|-damage|p2a: Frijolero|8/100 brn|[from] brn\n|upkeep\n|turn|36\n|\n|t:|1782437341\n|move|p1a: Weezing|Sludge Bomb|p2a: Frijolero\n|-resisted|p2a: Frijolero\n|-damage|p2a: Frijolero|1/100 brn\n|move|p2a: Frijolero|Whirlwind|p1a: Weezing\n|-end|p1a: Weezing|ability: Neutralizing Gas\n|-ability|p2a: Frijolero|Vessel of Ruin\n|drag|p1a: Garchomp|Garchomp, M|21/100\n|-damage|p1a: Garchomp|15/100|[from] Stealth Rock\n|\n|-heal|p2a: Frijolero|7/100 brn|[from] item: Leftovers\n|-damage|p2a: Frijolero|1/100 brn|[from] brn\n|upkeep\n|turn|37\n|\n|t:|1782437349\n|move|p1a: Garchomp|Spikes|p2a: Frijolero\n|-sidestart|p2: Lycanrocknottoxic|Spikes\n|move|p2a: Frijolero|Whirlwind|p1a: Garchomp\n|drag|p1a: Weezing|Weezing-Galar, M, tera:Dragon|19/100\n|-ability|p1a: Weezing|Neutralizing Gas\n|-damage|p1a: Weezing|7/100|[from] Stealth Rock\n|\n|-heal|p1a: Weezing|13/100|[from] item: Leftovers\n|-heal|p2a: Frijolero|7/100 brn|[from] item: Leftovers\n|-damage|p2a: Frijolero|1/100 brn|[from] brn\n|upkeep\n|turn|38\n|\n|t:|1782437352\n|move|p1a: Weezing|Sludge Bomb|p2a: Frijolero\n|-resisted|p2a: Frijolero\n|-damage|p2a: Frijolero|0 fnt\n|faint|p2a: Frijolero\n|\n|-heal|p1a: Weezing|19/100|[from] item: Leftovers\n|upkeep\n|\n|t:|1782437354\n|switch|p2a: Scizor|Scizor, M, shiny|100/100\n|turn|39\n|\n|t:|1782437355\n|move|p2a: Scizor|Defog|p1a: Weezing\n|-unboost|p1a: Weezing|evasion|1\n|-sideend|p1: Exiowf|Stealth Rock|[from] move: Defog|[of] p2a: Scizor\n|-sideend|p2: Lycanrocknottoxic|Spikes|[from] move: Defog|[of] p2a: Scizor\n|-sideend|p2: Lycanrocknottoxic|Stealth Rock|[from] move: Defog|[of] p2a: Scizor\n|move|p1a: Weezing|Will-O-Wisp|p2a: Scizor\n|-status|p2a: Scizor|brn\n|\n|-heal|p1a: Weezing|25/100|[from] item: Leftovers\n|-damage|p2a: Scizor|94/100 brn|[from] brn\n|upkeep\n|turn|40\n|\n|t:|1782437360\n|move|p2a: Scizor|Knock Off|p1a: Weezing\n|-damage|p1a: Weezing|15/100\n|-enditem|p1a: Weezing|Leftovers|[from] move: Knock Off|[of] p2a: Scizor\n|move|p1a: Weezing|Pain Split|p2a: Scizor\n|-sethp|p2a: Scizor|54/100 brn|[from] move: Pain Split|[silent]\n|-sethp|p1a: Weezing|56/100|[from] move: Pain Split\n|\n|-damage|p2a: Scizor|48/100 brn|[from] brn\n|upkeep\n|turn|41\n|\n|t:|1782437366\n|-end|p1a: Weezing|ability: Neutralizing Gas\n|switch|p1a: Alomomola|Alomomola, M|89/100 brn\n|move|p2a: Scizor|Knock Off|p1a: Alomomola\n|-damage|p1a: Alomomola|79/100 brn\n|-enditem|p1a: Alomomola|Assault Vest|[from] move: Knock Off|[of] p2a: Scizor\n|\n|-damage|p2a: Scizor|42/100 brn|[from] brn\n|-damage|p1a: Alomomola|73/100 brn|[from] brn\n|upkeep\n|turn|42\n|\n|t:|1782437372\n|move|p2a: Scizor|Knock Off|p1a: Alomomola\n|-damage|p1a: Alomomola|66/100 brn\n|move|p1a: Alomomola|Body Slam|p2a: Scizor\n|-resisted|p2a: Scizor\n|-damage|p2a: Scizor|38/100 brn\n|\n|-damage|p2a: Scizor|32/100 brn|[from] brn\n|-damage|p1a: Alomomola|59/100 brn|[from] brn\n|upkeep\n|turn|43\n|\n|t:|1782437378\n|move|p2a: Scizor|Knock Off|p1a: Alomomola\n|-damage|p1a: Alomomola|52/100 brn\n|move|p1a: Alomomola|Flip Turn|p2a: Scizor\n|-damage|p2a: Scizor|24/100 brn\n|\n|t:|1782437385\n|switch|p1a: Garchomp|Garchomp, M|15/100|[from] Flip Turn\n|\n|-damage|p2a: Scizor|18/100 brn|[from] brn\n|upkeep\n|turn|44\n|\n|t:|1782437388\n|move|p2a: Scizor|Bullet Punch|p1a: Garchomp\n|-damage|p1a: Garchomp|6/100\n|-damage|p2a: Scizor|6/100 brn|[from] ability: Rough Skin|[of] p1a: Garchomp\n|-damage|p2a: Scizor|0 fnt|[from] item: Rocky Helmet|[of] p1a: Garchomp\n|faint|p2a: Scizor\n|move|p1a: Garchomp|Earthquake|p2: Scizor|[notarget]\n|-fail|p1a: Garchomp\n|\n|upkeep\n|\n|t:|1782437393\n|switch|p2a: Macaco|Rillaboom, M, shiny|50/100\n|-fieldstart|move: Grassy Terrain|[from] ability: Grassy Surge|[of] p2a: Macaco\n|turn|45\n|\n|t:|1782437396\n|move|p2a: Macaco|Grassy Glide|p1a: Garchomp\n|-damage|p1a: Garchomp|0 fnt\n|-damage|p2a: Macaco|38/100|[from] ability: Rough Skin|[of] p1a: Garchomp\n|-damage|p2a: Macaco|22/100|[from] item: Rocky Helmet|[of] p1a: Garchomp\n|faint|p1a: Garchomp\n|\n|-heal|p2a: Macaco|28/100|[from] Grassy Terrain\n|upkeep\n|\n|t:|1782437399\n|switch|p1a: Weezing|Weezing-Galar, M, tera:Dragon|56/100\n|-ability|p1a: Weezing|Neutralizing Gas\n|turn|46\n|\n|t:|1782437401\n|move|p2a: Macaco|Grassy Glide|p1a: Weezing\n|-resisted|p1a: Weezing\n|-damage|p1a: Weezing|38/100\n|move|p1a: Weezing|Sludge Bomb|p2a: Macaco\n|-supereffective|p2a: Macaco\n|-damage|p2a: Macaco|0 fnt\n|faint|p2a: Macaco\n|\n|-heal|p1a: Weezing|44/100|[from] Grassy Terrain\n|upkeep\n|\n|t:|1782437404\n|switch|p2a: Garchomp|Garchomp, M, shiny|74/100\n|turn|47\n|\n|t:|1782437407\n|-end|p1a: Weezing|ability: Neutralizing Gas\n|switch|p1a: Alomomola|Alomomola, M|85/100 brn\n|move|p2a: Garchomp|Scale Shot|p1a: Alomomola\n|-crit|p1a: Alomomola\n|-damage|p1a: Alomomola|71/100 brn\n|-damage|p1a: Alomomola|61/100 brn\n|-damage|p1a: Alomomola|52/100 brn\n|-damage|p1a: Alomomola|42/100 brn\n|-damage|p1a: Alomomola|32/100 brn\n|-hitcount|p1a: Alomomola|5\n|-unboost|p2a: Garchomp|def|1\n|-boost|p2a: Garchomp|spe|1\n|\n|-heal|p2a: Garchomp|81/100|[from] Grassy Terrain\n|-heal|p1a: Alomomola|38/100 brn|[from] Grassy Terrain\n|-damage|p1a: Alomomola|32/100 brn|[from] brn\n|upkeep\n|turn|48\n|\n|t:|1782437419\n|move|p2a: Garchomp|Scale Shot|p1a: Alomomola\n|-damage|p1a: Alomomola|21/100 brn\n|-damage|p1a: Alomomola|12/100 brn\n|-damage|p1a: Alomomola|2/100 brn\n|-damage|p1a: Alomomola|0 fnt\n|faint|p1a: Alomomola\n|-hitcount|p1: Alomomola|4\n|-unboost|p2a: Garchomp|def|1\n|-boost|p2a: Garchomp|spe|1\n|\n|-heal|p2a: Garchomp|87/100|[from] Grassy Terrain\n|upkeep\n|\n|t:|1782437421\n|switch|p1a: Weezing|Weezing-Galar, M, tera:Dragon|44/100\n|-ability|p1a: Weezing|Neutralizing Gas\n|turn|49\n|c|☆Exiowf|gg\n|\n|t:|1782437425\n|move|p2a: Garchomp|Scale Shot|p1a: Weezing\n|-supereffective|p1a: Weezing\n|-damage|p1a: Weezing|26/100\n|-supereffective|p1a: Weezing\n|-crit|p1a: Weezing\n|-damage|p1a: Weezing|0 fnt\n|faint|p1a: Weezing\n|-end|p1a: Weezing|ability: Neutralizing Gas\n|-hitcount|p1: Weezing|2\n|\n|win|Lycanrocknottoxic\n|raw|Exiowf's rating: 1302 &rarr; <strong>1281</strong><br />(-21 for losing)\n|raw|Lycanrocknottoxic's rating: 1291 &rarr; <strong>1317</strong><br />(+26 for winning)\n|l|☆Exiowf\n|player|p1|\n|c|☆Lycanrocknottoxic|Ggs\n|l|☆Lycanrocknottoxic\n|player|p2|\n", "uploadtime": 1782437437, "views": 7, "formatid": "gen9ou", "rating": 1281, "private": 0, "password": null}