{"id": "gen9ou-2639256090", "format": "[Gen 9] OU", "players": ["insiiderjay", "slaba"], "log": "|j|☆insiiderjay\n|j|☆slaba\n|t:|1782441308\n|gametype|singles\n|player|p1|insiiderjay|flint|1094\n|player|p2|slaba|steven|1076\n|gen|9\n|tier|[Gen 9] OU\n|rated|\n|rule|HP Percentage Mod: HP is shown in percentages\n|rule|Endless Battle Clause: Forcing endless battles is banned\n|rule|Species Clause: Limit one of each Pokémon\n|rule|OHKO Clause: OHKO moves are banned\n|rule|Evasion Items Clause: Evasion items are banned\n|rule|Evasion Moves Clause: Evasion moves are banned\n|rule|Evasion Abilities Clause: Evasion abilities are banned\n|rule|Sleep Moves Clause: Sleep-inducing moves are banned\n|clearpoke\n|poke|p1|Pelipper, F|\n|poke|p1|Kingdra, M|\n|poke|p1|Primarina, F|\n|poke|p1|Toxicroak, M|\n|poke|p1|Iron Treads|\n|poke|p1|Lokix, M|\n|poke|p2|Garchomp, M|\n|poke|p2|Tinkaton, F|\n|poke|p2|Golurk|\n|poke|p2|Cacturne, M|\n|poke|p2|Tentacruel, F|\n|poke|p2|Minior-Violet|\n|teampreview\n|inactive|Battle timer is ON: inactive players will automatically lose when time's up. (requested by slaba)\n|\n|t:|1782441315\n|teamsize|p1|6\n|teamsize|p2|6\n|start\n|switch|p1a: Pelipper|Pelipper, F|100/100\n|switch|p2a: Minior|Minior-Violet, shiny|100/100\n|-weather|RainDance|[from] ability: Drizzle|[of] p1a: Pelipper\n|-formechange|p2a: Minior|Minior-Meteor||[from] ability: Shields Down\n|turn|1\n|\n|t:|1782441326\n|move|p2a: Minior|Shell Smash|p2a: Minior\n|-unboost|p2a: Minior|def|1\n|-unboost|p2a: Minior|spd|1\n|-boost|p2a: Minior|atk|2\n|-boost|p2a: Minior|spa|2\n|-boost|p2a: Minior|spe|2\n|-enditem|p2a: Minior|White Herb\n|-clearnegativeboost|p2a: Minior|[silent]\n|move|p1a: Pelipper|Hydro Pump|p2a: Minior|[miss]\n|-miss|p1a: Pelipper|p2a: Minior\n|\n|-weather|RainDance|[upkeep]\n|upkeep\n|turn|2\n|\n|t:|1782441340\n|switch|p1a: Kingdra|Kingdra, M|100/100\n|-terastallize|p2a: Minior|Grass\n|move|p2a: Minior|Acrobatics|p1a: Kingdra\n|-damage|p1a: Kingdra|6/100\n|\n|-weather|RainDance|[upkeep]\n|upkeep\n|turn|3\n|\n|t:|1782441348\n|move|p1a: Kingdra|Ice Beam|p2a: Minior\n|-supereffective|p2a: Minior\n|-crit|p2a: Minior\n|-damage|p2a: Minior|0 fnt\n|faint|p2a: Minior\n|\n|-weather|RainDance|[upkeep]\n|upkeep\n|\n|t:|1782441355\n|switch|p2a: Cacturne|Cacturne, M, shiny|100/100\n|turn|4\n|\n|t:|1782441358\n|move|p2a: Cacturne|Sucker Punch|p1a: Kingdra\n|-damage|p1a: Kingdra|0 fnt\n|faint|p1a: Kingdra\n|\n|-weather|RainDance|[upkeep]\n|upkeep\n|\n|t:|1782441375\n|switch|p1a: Lokix|Lokix, M|100/100\n|turn|5\n|\n|t:|1782441382\n|move|p1a: Lokix|U-turn|p2a: Cacturne\n|-supereffective|p2a: Cacturne\n|-enditem|p2a: Cacturne|Focus Sash\n|-damage|p2a: Cacturne|1/100\n|\n|t:|1782441389\n|switch|p1a: Pelipper|Pelipper, F|100/100|[from] U-turn\n|move|p2a: Cacturne|Swords Dance|p2a: Cacturne\n|-boost|p2a: Cacturne|atk|2\n|\n|-weather|RainDance|[upkeep]\n|upkeep\n|turn|6\n|\n|t:|1782441399\n|switch|p1a: Lokix|Lokix, M|100/100\n|move|p2a: Cacturne|Destiny Bond|p2a: Cacturne\n|-singlemove|p2a: Cacturne|Destiny Bond\n|\n|-weather|RainDance|[upkeep]\n|upkeep\n|turn|7\n|\n|t:|1782441408\n|move|p1a: Lokix|U-turn|p2a: Cacturne\n|-supereffective|p2a: Cacturne\n|-damage|p2a: Cacturne|0 fnt\n|faint|p2a: Cacturne\n|-activate|p2a: Cacturne|move: Destiny Bond\n|faint|p1a: Lokix\n|\n|-weather|RainDance|[upkeep]\n|upkeep\n|\n|t:|1782441417\n|switch|p1a: Toxicroak|Toxicroak, M|100/100\n|switch|p2a: Tentacruel|Tentacruel, F, shiny|100/100\n|turn|8\n|\n|t:|1782441426\n|move|p2a: Tentacruel|Flip Turn|p1a: Toxicroak\n|-immune|p1a: Toxicroak|[from] ability: Dry Skin\n|move|p1a: Toxicroak|Swords Dance|p1a: Toxicroak\n|-boost|p1a: Toxicroak|atk|2\n|\n|-weather|none\n|upkeep\n|turn|9\n|\n|t:|1782441434\n|move|p2a: Tentacruel|Haze|p2a: Tentacruel\n|-clearallboost\n|move|p1a: Toxicroak|Swords Dance|p1a: Toxicroak\n|-boost|p1a: Toxicroak|atk|2\n|\n|upkeep\n|turn|10\n|\n|t:|1782441443\n|move|p2a: Tentacruel|Haze|p2a: Tentacruel\n|-clearallboost\n|move|p1a: Toxicroak|Drain Punch|p2a: Tentacruel\n|-resisted|p2a: Tentacruel\n|-damage|p2a: Tentacruel|82/100\n|-damage|p1a: Toxicroak|90/100|[from] ability: Liquid Ooze|[of] p2a: Tentacruel\n|\n|-heal|p2a: Tentacruel|88/100|[from] item: Leftovers\n|-heal|p1a: Toxicroak|96/100|[from] item: Black Sludge\n|upkeep\n|turn|11\n|\n|t:|1782441451\n|switch|p1a: Pelipper|Pelipper, F|100/100\n|-weather|RainDance|[from] ability: Drizzle|[of] p1a: Pelipper\n|move|p2a: Tentacruel|Haze|p2a: Tentacruel\n|-clearallboost\n|\n|-weather|RainDance|[upkeep]\n|-heal|p2a: Tentacruel|94/100|[from] item: Leftovers\n|upkeep\n|turn|12\n|\n|t:|1782441460\n|move|p2a: Tentacruel|Knock Off|p1a: Pelipper\n|-damage|p1a: Pelipper|88/100\n|-enditem|p1a: Pelipper|Damp Rock|[from] move: Knock Off|[of] p2a: Tentacruel\n|move|p1a: Pelipper|U-turn|p2a: Tentacruel\n|-resisted|p2a: Tentacruel\n|-damage|p2a: Tentacruel|90/100\n|\n|t:|1782441471\n|switch|p1a: Primarina|Primarina, F|100/100|[from] U-turn\n|\n|-weather|RainDance|[upkeep]\n|-heal|p2a: Tentacruel|96/100|[from] item: Leftovers\n|upkeep\n|turn|13\n|\n|t:|1782441478\n|switch|p1a: Pelipper|Pelipper, F|88/100\n|move|p2a: Tentacruel|Knock Off|p1a: Pelipper\n|-damage|p1a: Pelipper|80/100\n|\n|-weather|RainDance|[upkeep]\n|-heal|p2a: Tentacruel|100/100|[from] item: Leftovers\n|upkeep\n|turn|14\n|\n|t:|1782441493\n|move|p2a: Tentacruel|Rapid Spin|p1a: Pelipper\n|-damage|p1a: Pelipper|73/100\n|-boost|p2a: Tentacruel|spe|1\n|move|p1a: Pelipper|Hurricane|p2a: Tentacruel\n|-damage|p2a: Tentacruel|70/100\n|\n|-weather|RainDance|[upkeep]\n|-heal|p2a: Tentacruel|76/100|[from] item: Leftovers\n|upkeep\n|turn|15\n|\n|t:|1782441508\n|move|p2a: Tentacruel|Rapid Spin|p1a: Pelipper\n|-damage|p1a: Pelipper|67/100\n|-boost|p2a: Tentacruel|spe|1\n|move|p1a: Pelipper|Hurricane|p2a: Tentacruel\n|-damage|p2a: Tentacruel|46/100\n|-start|p2a: Tentacruel|confusion\n|\n|-weather|RainDance|[upkeep]\n|-heal|p2a: Tentacruel|52/100|[from] item: Leftovers\n|upkeep\n|turn|16\n|\n|t:|1782441527\n|switch|p2a: Tinkaton|Tinkaton, F|100/100\n|-item|p2a: Tinkaton|Air Balloon\n|move|p1a: Pelipper|Hurricane|p2a: Tinkaton\n|-resisted|p2a: Tinkaton\n|-damage|p2a: Tinkaton|84/100\n|-enditem|p2a: Tinkaton|Air Balloon\n|\n|-weather|RainDance|[upkeep]\n|upkeep\n|turn|17\n|\n|t:|1782441537\n|move|p2a: Tinkaton|Stealth Rock|p1a: Pelipper\n|-sidestart|p1: insiiderjay|move: Stealth Rock\n|move|p1a: Pelipper|U-turn|p2a: Tinkaton\n|-resisted|p2a: Tinkaton\n|-damage|p2a: Tinkaton|82/100\n|\n|t:|1782441541\n|switch|p1a: Iron Treads|Iron Treads|100/100|[from] U-turn\n|-damage|p1a: Iron Treads|97/100|[from] Stealth Rock\n|\n|-weather|RainDance|[upkeep]\n|upkeep\n|turn|18\n|\n|t:|1782441546\n|move|p2a: Tinkaton|Encore||[still]\n|-fail|p2a: Tinkaton\n|move|p1a: Iron Treads|Earthquake|p2a: Tinkaton\n|-supereffective|p2a: Tinkaton\n|-damage|p2a: Tinkaton|0 fnt\n|faint|p2a: Tinkaton\n|\n|-weather|none\n|upkeep\n|\n|t:|1782441552\n|switch|p2a: Garchomp|Garchomp, M|100/100\n|turn|19\n|\n|t:|1782441560\n|-end|p1a: Iron Treads|Quark Drive|[silent]\n|switch|p1a: Pelipper|Pelipper, F|67/100\n|-damage|p1a: Pelipper|42/100|[from] Stealth Rock\n|-weather|RainDance|[from] ability: Drizzle|[of] p1a: Pelipper\n|move|p2a: Garchomp|Earthquake|p1a: Pelipper\n|-immune|p1a: Pelipper\n|\n|-weather|RainDance|[upkeep]\n|upkeep\n|turn|20\n|\n|t:|1782441565\n|move|p1a: Pelipper|Hydro Pump|p2a: Garchomp\n|-damage|p2a: Garchomp|50/100\n|move|p2a: Garchomp|Dragon Tail|p1a: Pelipper|[miss]\n|-miss|p2a: Garchomp|p1a: Pelipper\n|\n|-weather|RainDance|[upkeep]\n|upkeep\n|turn|21\n|\n|t:|1782441574\n|switch|p2a: Golurk|Golurk, shiny|100/100\n|move|p1a: Pelipper|Roost|p1a: Pelipper\n|-heal|p1a: Pelipper|92/100\n|-singleturn|p1a: Pelipper|move: Roost\n|\n|-weather|RainDance|[upkeep]\n|upkeep\n|turn|22\n|\n|t:|1782441584\n|move|p2a: Golurk|Stone Edge|p1a: Pelipper\n|-supereffective|p1a: Pelipper\n|-damage|p1a: Pelipper|2/100\n|move|p1a: Pelipper|Hydro Pump|p2a: Golurk\n|-supereffective|p2a: Golurk\n|-damage|p2a: Golurk|0 fnt\n|faint|p2a: Golurk\n|\n|-weather|RainDance|[upkeep]\n|upkeep\n|\n|t:|1782441590\n|switch|p2a: Garchomp|Garchomp, M|50/100\n|turn|23\n|\n|t:|1782441593\n|move|p1a: Pelipper|Roost|p1a: Pelipper\n|-heal|p1a: Pelipper|53/100\n|-singleturn|p1a: Pelipper|move: Roost\n|move|p2a: Garchomp|Dragon Tail|p1a: Pelipper\n|-damage|p1a: Pelipper|32/100\n|drag|p1a: Toxicroak|Toxicroak, M|96/100\n|-damage|p1a: Toxicroak|90/100|[from] Stealth Rock\n|\n|-weather|none\n|-heal|p1a: Toxicroak|96/100|[from] item: Black Sludge\n|upkeep\n|turn|24\n|\n|t:|1782441600\n|switch|p1a: Primarina|Primarina, F|100/100\n|-damage|p1a: Primarina|88/100|[from] Stealth Rock\n|move|p2a: Garchomp|Earthquake|p1a: Primarina\n|-damage|p1a: Primarina|53/100\n|\n|-heal|p1a: Primarina|59/100|[from] item: Leftovers\n|upkeep\n|turn|25\n|\n|t:|1782441608\n|move|p2a: Garchomp|Earthquake|p1a: Primarina\n|-damage|p1a: Primarina|26/100\n|move|p1a: Primarina|Substitute|p1a: Primarina\n|-start|p1a: Primarina|Substitute\n|-damage|p1a: Primarina|1/100\n|\n|-heal|p1a: Primarina|7/100|[from] item: Leftovers\n|upkeep\n|turn|26\n|\n|t:|1782441612\n|move|p2a: Garchomp|Earthquake|p1a: Primarina\n|-end|p1a: Primarina|Substitute\n|move|p1a: Primarina|Moonblast|p2a: Garchomp\n|-supereffective|p2a: Garchomp\n|-damage|p2a: Garchomp|0 fnt\n|faint|p2a: Garchomp\n|\n|-heal|p1a: Primarina|13/100|[from] item: Leftovers\n|upkeep\n|\n|t:|1782441619\n|switch|p2a: Tentacruel|Tentacruel, F, shiny|52/100\n|turn|27\n|\n|t:|1782441624\n|move|p2a: Tentacruel|Rapid Spin|p1a: Primarina\n|-damage|p1a: Primarina|6/100\n|-boost|p2a: Tentacruel|spe|1\n|move|p1a: Primarina|Moonblast|p2a: Tentacruel\n|-resisted|p2a: Tentacruel\n|-damage|p2a: Tentacruel|36/100\n|\n|-heal|p2a: Tentacruel|43/100|[from] item: Leftovers\n|-heal|p1a: Primarina|12/100|[from] item: Leftovers\n|upkeep\n|turn|28\n|-message|slaba forfeited.\n|\n|win|insiiderjay\n|raw|insiiderjay's rating: 1094 &rarr; <strong>1119</strong><br />(+25 for winning)\n|raw|slaba's rating: 1076 &rarr; <strong>1056</strong><br />(-20 for losing)\n|l|☆slaba\n|player|p2|\n|l|☆insiiderjay\n|player|p1|\n", "uploadtime": 1782441939, "views": 7, "formatid": "gen9ou", "rating": 1056, "private": 0, "password": null}