{"id": "gen9ou-2639220456", "format": "[Gen 9] OU", "players": ["rixklindo_", "monkeywaters"], "log": "|j|☆rixklindo_\n|j|☆monkeywaters\n|inactive|Battle timer is ON: inactive players will automatically lose when time's up.\n|t:|1782436122\n|gametype|singles\n|player|p1|rixklindo_|psychic-gen4|\n|player|p2|monkeywaters|unknownf|\n|gen|9\n|tier|[Gen 9] OU\n|rated|Tournament battle\n|rule|HP Percentage Mod: HP is shown in percentages\n|rule|Endless Battle Clause: Forcing endless battles is banned\n|rule|Species Clause: Limit one of each Pokémon\n|rule|OHKO Clause: OHKO moves are banned\n|rule|Evasion Items Clause: Evasion items are banned\n|rule|Evasion Moves Clause: Evasion moves are banned\n|rule|Evasion Abilities Clause: Evasion abilities are banned\n|rule|Sleep Moves Clause: Sleep-inducing moves are banned\n|clearpoke\n|poke|p1|Great Tusk|\n|poke|p1|Heatran, M|\n|poke|p1|Weavile, M|\n|poke|p1|Primarina, M|\n|poke|p1|Ogerpon, F|\n|poke|p1|Pecharunt|\n|poke|p2|Kingambit, F|\n|poke|p2|Ceruledge, M|\n|poke|p2|Deoxys-Speed|\n|poke|p2|Ogerpon-Wellspring, F|\n|poke|p2|Darkrai|\n|poke|p2|Zamazenta-*|\n|teampreview\n|inactive|monkeywaters also wants the timer to be on.\n|c|☆monkeywaters|hf\n|c|☆rixklindo_|Hf\n|inactive|monkeywaters has 120 seconds left.\n|\n|t:|1782436159\n|teamsize|p1|6\n|teamsize|p2|6\n|start\n|switch|p1a: Anonymous|Ogerpon, F|100/100\n|switch|p2a: Ogerpon|Ogerpon-Wellspring, F|100/100\n|turn|1\n|\n|t:|1782436180\n|switch|p2a: Zamazenta|Zamazenta|100/100\n|-ability|p2a: Zamazenta|Dauntless Shield|boost\n|-boost|p2a: Zamazenta|def|1\n|move|p1a: Anonymous|U-turn|p2a: Zamazenta\n|-resisted|p2a: Zamazenta\n|-damage|p2a: Zamazenta|93/100\n|\n|t:|1782436185\n|switch|p1a: Overseer|Pecharunt|100/100|[from] U-turn\n|\n|-heal|p2a: Zamazenta|99/100|[from] item: Leftovers\n|upkeep\n|turn|2\n|\n|t:|1782436190\n|switch|p2a: Kingambit|Kingambit, F|100/100\n|move|p1a: Overseer|Parting Shot|p2a: Kingambit\n|-unboost|p2a: Kingambit|atk|1\n|-unboost|p2a: Kingambit|spa|1\n|\n|t:|1782436194\n|switch|p1a: Behemoth|Great Tusk, shiny|100/100|[from] Parting Shot\n|\n|upkeep\n|turn|3\n|\n|t:|1782436200\n|-end|p2a: Kingambit|fallenundefined|[silent]\n|switch|p2a: Ogerpon|Ogerpon-Wellspring, F|100/100\n|move|p1a: Behemoth|Headlong Rush|p2a: Ogerpon\n|-resisted|p2a: Ogerpon\n|-damage|p2a: Ogerpon|57/100\n|-unboost|p1a: Behemoth|def|1\n|-unboost|p1a: Behemoth|spd|1\n|\n|upkeep\n|turn|4\n|\n|t:|1782436216\n|switch|p2a: Darkrai|Darkrai|100/100\n|-end|p1a: Behemoth|Protosynthesis|[silent]\n|switch|p1a: Overseer|Pecharunt|100/100\n|\n|upkeep\n|turn|5\n|\n|t:|1782436223\n|switch|p1a: Celestine|Primarina, M, shiny|100/100\n|move|p2a: Darkrai|Nasty Plot|p2a: Darkrai\n|-boost|p2a: Darkrai|spa|2\n|\n|upkeep\n|turn|6\n|\n|t:|1782436239\n|switch|p1a: Chaos|Heatran, M, shiny|100/100\n|-item|p1a: Chaos|Air Balloon\n|-terastallize|p2a: Darkrai|Poison\n|move|p2a: Darkrai|Dark Pulse|p1a: Chaos\n|-damage|p1a: Chaos|22/100\n|-enditem|p1a: Chaos|Air Balloon\n|\n|upkeep\n|turn|7\n|\n|t:|1782436256\n|move|p2a: Darkrai|Dark Pulse|p1a: Chaos\n|-damage|p1a: Chaos|0 fnt\n|faint|p1a: Chaos\n|\n|upkeep\n|inactive|rixklindo_ has 120 seconds left.\n|\n|t:|1782436273\n|switch|p1a: Celestine|Primarina, M, shiny|100/100\n|turn|8\n|\n|t:|1782436275\n|-terastallize|p1a: Celestine|Ground\n|move|p2a: Darkrai|Sludge Bomb|p1a: Celestine\n|-resisted|p1a: Celestine\n|-damage|p1a: Celestine|73/100\n|-status|p1a: Celestine|psn\n|move|p1a: Celestine|Psychic Noise|p2a: Darkrai\n|-supereffective|p2a: Darkrai\n|-damage|p2a: Darkrai|30/100\n|-start|p2a: Darkrai|move: Heal Block\n|\n|-damage|p1a: Celestine|61/100 psn|[from] psn\n|upkeep\n|turn|9\n|\n|t:|1782436284\n|move|p2a: Darkrai|Ice Beam|p1a: Celestine\n|-supereffective|p1a: Celestine\n|-damage|p1a: Celestine|0 fnt\n|faint|p1a: Celestine\n|\n|-end|p2a: Darkrai|move: Heal Block\n|upkeep\n|\n|t:|1782436287\n|switch|p1a: Bandit|Weavile, M, shiny|100/100\n|-ability|p1a: Bandit|Pressure\n|turn|10\n|\n|t:|1782436304\n|switch|p2a: Zamazenta|Zamazenta|99/100\n|move|p1a: Bandit|Ice Shard|p2a: Zamazenta\n|-damage|p2a: Zamazenta|77/100\n|\n|-heal|p2a: Zamazenta|83/100|[from] item: Leftovers\n|upkeep\n|turn|11\n|\n|t:|1782436311\n|switch|p2a: Darkrai|Darkrai, tera:Poison|30/100\n|switch|p1a: Overseer|Pecharunt|100/100\n|\n|-heal|p2a: Darkrai|36/100|[from] item: Leftovers\n|upkeep\n|turn|12\n|\n|t:|1782436315\n|switch|p1a: Bandit|Weavile, M, shiny|100/100\n|-ability|p1a: Bandit|Pressure\n|move|p2a: Darkrai|Dark Pulse|p1a: Bandit\n|-resisted|p1a: Bandit\n|-damage|p1a: Bandit|73/100\n|\n|-heal|p2a: Darkrai|42/100|[from] item: Leftovers\n|upkeep\n|turn|13\n|\n|t:|1782436324\n|switch|p2a: Kingambit|Kingambit, F|100/100\n|move|p1a: Bandit|Knock Off|p2a: Kingambit\n|-resisted|p2a: Kingambit\n|-damage|p2a: Kingambit|69/100\n|-enditem|p2a: Kingambit|Leftovers|[from] move: Knock Off|[of] p1a: Bandit\n|\n|upkeep\n|turn|14\n|\n|t:|1782436331\n|switch|p1a: Behemoth|Great Tusk, shiny|100/100\n|move|p2a: Kingambit|Iron Head|p1a: Behemoth\n|-damage|p1a: Behemoth|67/100\n|\n|upkeep\n|turn|15\n|\n|t:|1782436337\n|-end|p2a: Kingambit|fallenundefined|[silent]\n|switch|p2a: Ogerpon|Ogerpon-Wellspring, F|57/100\n|move|p1a: Behemoth|Close Combat|p2a: Ogerpon\n|-damage|p2a: Ogerpon|0 fnt\n|-unboost|p1a: Behemoth|def|1\n|-unboost|p1a: Behemoth|spd|1\n|faint|p2a: Ogerpon\n|\n|upkeep\n|\n|t:|1782436345\n|switch|p2a: Deoxys|Deoxys-Speed|100/100\n|-ability|p2a: Deoxys|Pressure\n|turn|16\n|\n|t:|1782436349\n|-end|p1a: Behemoth|Protosynthesis|[silent]\n|switch|p1a: Anonymous|Ogerpon, F|100/100\n|move|p2a: Deoxys|Reflect|p2a: Deoxys\n|-sidestart|p2: monkeywaters|Reflect\n|\n|upkeep\n|turn|17\n|\n|t:|1782436352\n|move|p2a: Deoxys|Light Screen|p2a: Deoxys\n|-sidestart|p2: monkeywaters|move: Light Screen\n|move|p1a: Anonymous|Knock Off|p2a: Deoxys\n|-supereffective|p2a: Deoxys\n|-damage|p2a: Deoxys|47/100\n|-enditem|p2a: Deoxys|Light Clay|[from] move: Knock Off|[of] p1a: Anonymous\n|\n|upkeep\n|turn|18\n|\n|t:|1782436360\n|switch|p2a: Kingambit|Kingambit, F|69/100\n|-activate|p2a: Kingambit|ability: Supreme Overlord\n|-start|p2a: Kingambit|fallen1|[silent]\n|switch|p1a: Overseer|Pecharunt|100/100\n|\n|upkeep\n|turn|19\n|\n|t:|1782436362\n|move|p1a: Overseer|Parting Shot|p2a: Kingambit\n|-unboost|p2a: Kingambit|atk|1\n|-unboost|p2a: Kingambit|spa|1\n|\n|t:|1782436364\n|switch|p1a: Behemoth|Great Tusk, shiny|67/100|[from] Parting Shot\n|move|p2a: Kingambit|Swords Dance|p2a: Kingambit\n|-boost|p2a: Kingambit|atk|2\n|\n|upkeep\n|turn|20\n|\n|t:|1782436374\n|-end|p2a: Kingambit|fallen1|[silent]\n|switch|p2a: Darkrai|Darkrai, tera:Poison|42/100\n|move|p1a: Behemoth|Headlong Rush|p2a: Darkrai\n|-supereffective|p2a: Darkrai\n|-damage|p2a: Darkrai|0 fnt\n|-unboost|p1a: Behemoth|def|1\n|-unboost|p1a: Behemoth|spd|1\n|faint|p2a: Darkrai\n|\n|upkeep\n|\n|t:|1782436380\n|switch|p2a: Ceruledge|Ceruledge, M|100/100\n|turn|21\n|\n|t:|1782436384\n|-end|p1a: Behemoth|Protosynthesis|[silent]\n|switch|p1a: Anonymous|Ogerpon, F|100/100\n|move|p2a: Ceruledge|Swords Dance|p2a: Ceruledge\n|-boost|p2a: Ceruledge|atk|2\n|\n|upkeep\n|turn|22\n|\n|t:|1782436390\n|move|p1a: Anonymous|Rock Tomb|p2a: Ceruledge\n|-supereffective|p2a: Ceruledge\n|-damage|p2a: Ceruledge|62/100\n|-unboost|p2a: Ceruledge|spe|1\n|-ability|p2a: Ceruledge|Weak Armor|boost\n|-unboost|p2a: Ceruledge|def|1\n|-boost|p2a: Ceruledge|spe|2\n|-enditem|p2a: Ceruledge|Weakness Policy\n|-boost|p2a: Ceruledge|atk|2|[from] item: Weakness Policy\n|-boost|p2a: Ceruledge|spa|2|[from] item: Weakness Policy\n|move|p2a: Ceruledge|Bitter Blade|p1a: Anonymous\n|-supereffective|p1a: Anonymous\n|-damage|p1a: Anonymous|0 fnt\n|-heal|p2a: Ceruledge|100/100|[from] drain|[of] p1a: Anonymous\n|faint|p1a: Anonymous\n|\n|upkeep\n|\n|t:|1782436401\n|switch|p1a: Overseer|Pecharunt|100/100\n|turn|23\n|\n|t:|1782436403\n|move|p2a: Ceruledge|Poltergeist|p1a: Overseer\n|-activate|p1a: Overseer|move: Poltergeist|Rocky Helmet\n|-supereffective|p1a: Overseer\n|-damage|p1a: Overseer|0 fnt\n|faint|p1a: Overseer\n|\n|-sideend|p2: monkeywaters|Reflect\n|upkeep\n|\n|t:|1782436405\n|switch|p1a: Bandit|Weavile, M, shiny|73/100\n|-ability|p1a: Bandit|Pressure\n|turn|24\n|\n|t:|1782436406\n|move|p2a: Ceruledge|Bitter Blade|p1a: Bandit\n|-supereffective|p1a: Bandit\n|-damage|p1a: Bandit|0 fnt\n|faint|p1a: Bandit\n|\n|-sideend|p2: monkeywaters|move: Light Screen\n|upkeep\n|\n|t:|1782436408\n|switch|p1a: Behemoth|Great Tusk, shiny|67/100\n|turn|25\n|\n|t:|1782436423\n|move|p2a: Ceruledge|Endure|p2a: Ceruledge\n|-singleturn|p2a: Ceruledge|move: Endure\n|move|p1a: Behemoth|Headlong Rush|p2a: Ceruledge\n|-supereffective|p2a: Ceruledge\n|-activate|p2a: Ceruledge|move: Endure\n|-damage|p2a: Ceruledge|1/100\n|-unboost|p1a: Behemoth|def|1\n|-unboost|p1a: Behemoth|spd|1\n|-ability|p2a: Ceruledge|Weak Armor|boost\n|-unboost|p2a: Ceruledge|def|1\n|-boost|p2a: Ceruledge|spe|2\n|\n|upkeep\n|turn|26\n|\n|t:|1782436427\n|move|p2a: Ceruledge|Bitter Blade|p1a: Behemoth\n|-damage|p1a: Behemoth|0 fnt\n|-heal|p2a: Ceruledge|43/100|[from] drain|[of] p1a: Behemoth\n|faint|p1a: Behemoth\n|-end|p1a: Behemoth|Protosynthesis|[silent]\n|\n|win|monkeywaters\n|n|☆rixklindo_|rixklindo\n|n|☆monkeywaters|monkeywaters\n|c|☆monkeywaters|ggs\n", "uploadtime": 1782436433, "views": 10, "formatid": "gen9ou", "rating": null, "private": 0, "password": null}