{"id": "gen9ou-2647837316", "format": "[Gen 9] OU", "players": ["bananahamockthe3rd", "oseimak000"], "log": "|j|☆bananahamockthe3rd\n|j|☆oseimak000\n|t:|1783821375\n|gametype|singles\n|player|p1|bananahamockthe3rd|169|1295\n|player|p2|oseimak000|benga|1283\n|gen|9\n|tier|[Gen 9] OU\n|rated|\n|rule|HP Percentage Mod: HP is shown in percentages\n|rule|Endless Battle Clause: Forcing endless battles is banned\n|rule|Species Clause: Limit one of each Pokémon\n|rule|OHKO Clause: OHKO moves are banned\n|rule|Evasion Items Clause: Evasion items are banned\n|rule|Evasion Moves Clause: Evasion moves are banned\n|rule|Evasion Abilities Clause: Evasion abilities are banned\n|rule|Sleep Moves Clause: Sleep-inducing moves are banned\n|clearpoke\n|poke|p1|Cetitan, F|\n|poke|p1|Skeledirge, F|\n|poke|p1|Swampert, F|\n|poke|p1|Ceruledge, F|\n|poke|p1|Moltres-Galar|\n|poke|p1|Goodra-Hisui, F|\n|poke|p2|Ceruledge, F|\n|poke|p2|Greninja-*, M|\n|poke|p2|Dragonite, F|\n|poke|p2|Lucario, M|\n|poke|p2|Ogerpon-Wellspring, F|\n|poke|p2|Blaziken, F|\n|teampreview\n|\n|t:|1783821385\n|teamsize|p1|6\n|teamsize|p2|6\n|start\n|switch|p1a: Cetitan|Cetitan, F, shiny|100/100\n|switch|p2a: Ceruledge|Ceruledge, F|100/100\n|turn|1\n|\n|t:|1783821393\n|switch|p1a: Ceruledge|Ceruledge, F|100/100\n|move|p2a: Ceruledge|Swords Dance|p2a: Ceruledge\n|-boost|p2a: Ceruledge|atk|2\n|\n|upkeep\n|turn|2\n|\n|t:|1783821403\n|switch|p1a: Moltres|Moltres-Galar|100/100\n|-terastallize|p2a: Ceruledge|Normal\n|move|p2a: Ceruledge|Poltergeist|p1a: Moltres\n|-activate|p1a: Moltres|move: Poltergeist|Life Orb\n|-resisted|p1a: Moltres\n|-damage|p1a: Moltres|33/100\n|-ability|p1a: Moltres|Berserk|boost\n|-boost|p1a: Moltres|spa|1\n|\n|upkeep\n|turn|3\n|\n|t:|1783821416\n|move|p1a: Moltres|Hurricane|p2a: Ceruledge\n|-enditem|p2a: Ceruledge|Focus Sash\n|-damage|p2a: Ceruledge|1/100\n|-damage|p1a: Moltres|23/100|[from] item: Life Orb\n|move|p2a: Ceruledge|Poltergeist|p1a: Moltres\n|-activate|p1a: Moltres|move: Poltergeist|Life Orb\n|-resisted|p1a: Moltres\n|-damage|p1a: Moltres|0 fnt\n|faint|p1a: Moltres\n|\n|upkeep\n|\n|t:|1783821426\n|switch|p1a: Cetitan|Cetitan, F, shiny|100/100\n|turn|4\n|\n|t:|1783821430\n|move|p1a: Cetitan|Ice Shard|p2a: Ceruledge\n|-damage|p2a: Ceruledge|0 fnt\n|faint|p2a: Ceruledge\n|\n|upkeep\n|\n|t:|1783821436\n|switch|p2a: Lucario|Lucario, M, shiny|100/100\n|turn|5\n|\n|t:|1783821451\n|switch|p1a: Skeledirge|Skeledirge, F|100/100\n|move|p2a: Lucario|Swords Dance|p2a: Lucario\n|-boost|p2a: Lucario|atk|2\n|\n|upkeep\n|turn|6\n|\n|t:|1783821458\n|move|p2a: Lucario|Meteor Mash|p1a: Skeledirge\n|-resisted|p1a: Skeledirge\n|-damage|p1a: Skeledirge|88/100\n|move|p1a: Skeledirge|Will-O-Wisp|p2a: Lucario\n|-status|p2a: Lucario|brn\n|\n|-heal|p1a: Skeledirge|94/100|[from] item: Leftovers\n|-damage|p2a: Lucario|94/100 brn|[from] brn\n|upkeep\n|turn|7\n|\n|t:|1783821469\n|move|p2a: Lucario|Meteor Mash|p1a: Skeledirge\n|-resisted|p1a: Skeledirge\n|-damage|p1a: Skeledirge|88/100\n|move|p1a: Skeledirge|Torch Song|p2a: Lucario\n|-supereffective|p2a: Lucario\n|-damage|p2a: Lucario|0 fnt\n|-boost|p1a: Skeledirge|spa|1\n|faint|p2a: Lucario\n|\n|-heal|p1a: Skeledirge|94/100|[from] item: Leftovers\n|upkeep\n|\n|t:|1783821481\n|switch|p2a: Ogerpon|Ogerpon-Wellspring, F|100/100\n|turn|8\n|\n|t:|1783821486\n|-terastallize|p1a: Skeledirge|Water\n|move|p2a: Ogerpon|Ivy Cudgel|p1a: Skeledirge|[anim] Ivy Cudgel Water\n|-resisted|p1a: Skeledirge\n|-crit|p1a: Skeledirge\n|-damage|p1a: Skeledirge|65/100\n|move|p1a: Skeledirge|Will-O-Wisp|p2a: Ogerpon|[miss]\n|-miss|p1a: Skeledirge|p2a: Ogerpon\n|\n|-heal|p1a: Skeledirge|71/100|[from] item: Leftovers\n|upkeep\n|turn|9\n|\n|t:|1783821499\n|move|p2a: Ogerpon|Horn Leech|p1a: Skeledirge\n|-supereffective|p1a: Skeledirge\n|-damage|p1a: Skeledirge|19/100\n|move|p1a: Skeledirge|Will-O-Wisp|p2a: Ogerpon\n|-status|p2a: Ogerpon|brn\n|\n|-heal|p1a: Skeledirge|25/100|[from] item: Leftovers\n|-damage|p2a: Ogerpon|95/100 brn|[from] brn\n|upkeep\n|turn|10\n|\n|t:|1783821510\n|switch|p1a: Goodra|Goodra-Hisui, F|100/100\n|move|p2a: Ogerpon|Horn Leech|p1a: Goodra\n|-ability|p1a: Goodra|Sap Sipper|boost\n|-boost|p1a: Goodra|atk|1\n|\n|-damage|p2a: Ogerpon|89/100 brn|[from] brn\n|upkeep\n|turn|11\n|\n|t:|1783821520\n|move|p2a: Ogerpon|Swords Dance|p2a: Ogerpon\n|-boost|p2a: Ogerpon|atk|2\n|move|p1a: Goodra|Dragon Pulse|p2a: Ogerpon\n|-damage|p2a: Ogerpon|36/100 brn\n|\n|-damage|p2a: Ogerpon|30/100 brn|[from] brn\n|upkeep\n|turn|12\n|\n|t:|1783821529\n|switch|p1a: Skeledirge|Skeledirge, F, tera:Water|25/100\n|move|p2a: Ogerpon|Superpower|p1a: Skeledirge\n|-crit|p1a: Skeledirge\n|-damage|p1a: Skeledirge|2/100\n|-unboost|p2a: Ogerpon|atk|1\n|-unboost|p2a: Ogerpon|def|1\n|\n|-heal|p1a: Skeledirge|8/100|[from] item: Leftovers\n|-damage|p2a: Ogerpon|24/100 brn|[from] brn\n|upkeep\n|turn|13\n|\n|t:|1783821541\n|switch|p1a: Goodra|Goodra-Hisui, F|100/100\n|move|p2a: Ogerpon|Superpower|p1a: Goodra\n|-supereffective|p1a: Goodra\n|-damage|p1a: Goodra|30/100\n|-unboost|p2a: Ogerpon|atk|1\n|-unboost|p2a: Ogerpon|def|1\n|\n|-damage|p2a: Ogerpon|18/100 brn|[from] brn\n|upkeep\n|turn|14\n|\n|t:|1783821552\n|move|p2a: Ogerpon|Superpower|p1a: Goodra\n|-supereffective|p1a: Goodra\n|-damage|p1a: Goodra|0 fnt\n|-unboost|p2a: Ogerpon|atk|1\n|-unboost|p2a: Ogerpon|def|1\n|faint|p1a: Goodra\n|\n|-damage|p2a: Ogerpon|12/100 brn|[from] brn\n|upkeep\n|\n|t:|1783821561\n|switch|p1a: Cetitan|Cetitan, F, shiny|100/100\n|turn|15\n|\n|t:|1783821564\n|move|p1a: Cetitan|Ice Shard|p2a: Ogerpon\n|-damage|p2a: Ogerpon|0 fnt\n|faint|p2a: Ogerpon\n|\n|upkeep\n|\n|t:|1783821570\n|switch|p2a: Blaziken|Blaziken, F, shiny|100/100\n|turn|16\n|\n|t:|1783821575\n|switch|p1a: Ceruledge|Ceruledge, F|100/100\n|move|p2a: Blaziken|Swords Dance|p2a: Blaziken\n|-boost|p2a: Blaziken|atk|2\n|\n|-ability|p2a: Blaziken|Speed Boost|boost\n|-boost|p2a: Blaziken|spe|1\n|upkeep\n|turn|17\n|\n|t:|1783821584\n|move|p2a: Blaziken|Earthquake|p1a: Ceruledge\n|-supereffective|p1a: Ceruledge\n|-damage|p1a: Ceruledge|0 fnt\n|faint|p1a: Ceruledge\n|\n|-ability|p2a: Blaziken|Speed Boost|boost\n|-boost|p2a: Blaziken|spe|1\n|upkeep\n|\n|t:|1783821590\n|switch|p1a: Swampert|Swampert, F|100/100\n|turn|18\n|\n|t:|1783821594\n|move|p2a: Blaziken|Close Combat|p1a: Swampert\n|-damage|p1a: Swampert|0 fnt\n|-unboost|p2a: Blaziken|def|1\n|-unboost|p2a: Blaziken|spd|1\n|faint|p1a: Swampert\n|\n|-ability|p2a: Blaziken|Speed Boost|boost\n|-boost|p2a: Blaziken|spe|1\n|upkeep\n|-message|bananahamockthe3rd forfeited.\n|\n|win|oseimak000\n|raw|bananahamockthe3rd's rating: 1295 &rarr; <strong>1269</strong><br />(-26 for losing)\n|raw|oseimak000's rating: 1283 &rarr; <strong>1309</strong><br />(+26 for winning)\n|l|☆bananahamockthe3rd\n|player|p1|\n", "uploadtime": 1783821936, "views": 2, "formatid": "gen9ou", "rating": 1269, "private": 0, "password": null}