{"id": "gen9ou-2639308275", "format": "[Gen 9] OU", "players": ["Qtranger", "Luckycabbage148"], "log": "|j|☆Qtranger\n|j|☆Luckycabbage148\n|t:|1782450161\n|gametype|singles\n|player|p1|Qtranger|265|1160\n|player|p2|Luckycabbage148|2|1058\n|gen|9\n|tier|[Gen 9] OU\n|rated|\n|rule|HP Percentage Mod: HP is shown in percentages\n|rule|Endless Battle Clause: Forcing endless battles is banned\n|rule|Species Clause: Limit one of each Pokémon\n|rule|OHKO Clause: OHKO moves are banned\n|rule|Evasion Items Clause: Evasion items are banned\n|rule|Evasion Moves Clause: Evasion moves are banned\n|rule|Evasion Abilities Clause: Evasion abilities are banned\n|rule|Sleep Moves Clause: Sleep-inducing moves are banned\n|clearpoke\n|poke|p1|Kommo-o, M|\n|poke|p1|Regieleki|\n|poke|p1|Jirachi|\n|poke|p1|Corviknight, M|\n|poke|p1|Hoopa-Unbound|\n|poke|p1|Inteleon, M|\n|poke|p2|Incineroar, F|\n|poke|p2|Garganacl, M|\n|poke|p2|Regieleki|\n|poke|p2|Fezandipiti, M|\n|poke|p2|Primarina, F|\n|poke|p2|Pincurchin, M|\n|teampreview\n|\n|t:|1782450169\n|teamsize|p1|6\n|teamsize|p2|6\n|start\n|switch|p1a: Rocky|Kommo-o, M|100/100\n|switch|p2a: Pincurchin|Pincurchin, M|100/100\n|-fieldstart|move: Electric Terrain|[from] ability: Electric Surge|[of] p2a: Pincurchin\n|-item|p2a: Pincurchin|Air Balloon\n|turn|1\n|\n|t:|1782450182\n|move|p1a: Rocky|Substitute|p1a: Rocky\n|-start|p1a: Rocky|Substitute\n|-damage|p1a: Rocky|75/100\n|move|p2a: Pincurchin|Thunder Wave||[still]\n|-fail|p2a: Pincurchin\n|\n|upkeep\n|turn|2\n|\n|t:|1782450186\n|switch|p2a: Regieleki|Regieleki|100/100\n|move|p1a: Rocky|Belly Drum|p1a: Rocky\n|-damage|p1a: Rocky|25/100\n|-setboost|p1a: Rocky|atk|6|[from] move: Belly Drum\n|-enditem|p1a: Rocky|Salac Berry|[eat]\n|-boost|p1a: Rocky|spe|1|[from] item: Salac Berry\n|\n|upkeep\n|turn|3\n|\n|t:|1782450194\n|move|p2a: Regieleki|Electroweb|p1a: Rocky\n|-resisted|p1a: Rocky\n|-activate|p1a: Rocky|move: Substitute|[damage]\n|move|p1a: Rocky|Drain Punch|p2a: Regieleki\n|-damage|p2a: Regieleki|0 fnt\n|-heal|p1a: Rocky|85/100|[from] drain|[of] p2a: Regieleki\n|faint|p2a: Regieleki\n|\n|upkeep\n|\n|t:|1782450210\n|switch|p2a: Fezandipiti|Fezandipiti, M|100/100\n|turn|4\n|inactive|Battle timer is ON: inactive players will automatically lose when time's up. (requested by Luckycabbage148)\n|\n|t:|1782450241\n|move|p1a: Rocky|Thunder Punch|p2a: Fezandipiti\n|-enditem|p2a: Fezandipiti|Focus Sash\n|-damage|p2a: Fezandipiti|1/100\n|move|p2a: Fezandipiti|Play Rough|p1a: Rocky\n|-supereffective|p1a: Rocky\n|-end|p1a: Rocky|Substitute\n|\n|upkeep\n|turn|5\n|\n|t:|1782450251\n|move|p1a: Rocky|Thunder Punch|p2a: Fezandipiti\n|-damage|p2a: Fezandipiti|0 fnt\n|faint|p2a: Fezandipiti\n|\n|-fieldend|move: Electric Terrain\n|upkeep\n|\n|t:|1782450257\n|switch|p2a: Incineroar|Incineroar, F|100/100\n|-ability|p2a: Incineroar|Intimidate|boost\n|-unboost|p1a: Rocky|atk|1\n|turn|6\n|\n|t:|1782450280\n|move|p1a: Rocky|Drain Punch|p2a: Incineroar\n|-supereffective|p2a: Incineroar\n|-damage|p2a: Incineroar|0 fnt\n|-heal|p1a: Rocky|100/100|[from] drain|[of] p2a: Incineroar\n|faint|p2a: Incineroar\n|\n|upkeep\n|\n|t:|1782450284\n|switch|p2a: Primarina|Primarina, F|100/100\n|turn|7\n|\n|t:|1782450292\n|move|p1a: Rocky|Thunder Punch|p2a: Primarina\n|-supereffective|p2a: Primarina\n|-damage|p2a: Primarina|0 fnt\n|faint|p2a: Primarina\n|\n|upkeep\n|\n|t:|1782450295\n|switch|p2a: Garganacl|Garganacl, M|100/100\n|-item|p2a: Garganacl|Air Balloon\n|turn|8\n|\n|t:|1782450299\n|move|p1a: Rocky|Drain Punch|p2a: Garganacl\n|-supereffective|p2a: Garganacl\n|-damage|p2a: Garganacl|0 fnt\n|-enditem|p2a: Garganacl|Air Balloon\n|faint|p2a: Garganacl\n|\n|upkeep\n|inactive|Luckycabbage148 has 120 seconds left.\n|inactive|Luckycabbage148 has 90 seconds left.\n|inactive|Luckycabbage148 has 60 seconds left.\n|inactive|Luckycabbage148 has 30 seconds left.\n|inactive|Luckycabbage148 has 20 seconds left.\n|inactive|Luckycabbage148 has 15 seconds left.\n|inactive|Luckycabbage148 has 10 seconds left.\n|inactive|Luckycabbage148 has 5 seconds left.\n|-message|Luckycabbage148 lost due to inactivity.\n|\n|win|Qtranger\n|raw|Qtranger's rating: 1160 &rarr; <strong>1178</strong><br />(+18 for winning)\n|raw|Luckycabbage148's rating: 1058 &rarr; <strong>1045</strong><br />(-13 for losing)\n|l|☆Qtranger\n|player|p1|\n", "uploadtime": 1782450719, "views": 3, "formatid": "gen9ou", "rating": 1045, "private": 0, "password": null}