{"id": "gen9ou-2647729138", "format": "[Gen 9] OU", "players": ["go faster ffs", "spicequake"], "log": "|j|☆go faster ffs\n|j|☆spicequake\n|t:|1783802770\n|gametype|singles\n|player|p1|go faster ffs|170|1230\n|player|p2|spicequake|2|1269\n|gen|9\n|tier|[Gen 9] OU\n|rated|\n|rule|HP Percentage Mod: HP is shown in percentages\n|rule|Endless Battle Clause: Forcing endless battles is banned\n|rule|Species Clause: Limit one of each Pokémon\n|rule|OHKO Clause: OHKO moves are banned\n|rule|Evasion Items Clause: Evasion items are banned\n|rule|Evasion Moves Clause: Evasion moves are banned\n|rule|Evasion Abilities Clause: Evasion abilities are banned\n|rule|Sleep Moves Clause: Sleep-inducing moves are banned\n|clearpoke\n|poke|p1|Blissey, F|\n|poke|p1|Scizor, M|\n|poke|p1|Trevenant, F|\n|poke|p1|Slowbro, M|\n|poke|p1|Darkrai|\n|poke|p1|Cyclizar, F|\n|poke|p2|Conkeldurr, F|\n|poke|p2|Garchomp, F|\n|poke|p2|Keldeo-Resolute|\n|poke|p2|Excadrill, F|\n|poke|p2|Zoroark-Hisui, M|\n|poke|p2|Glimmora, F|\n|teampreview\n|inactive|Battle timer is ON: inactive players will automatically lose when time's up. (requested by go faster ffs)\n|\n|t:|1783802778\n|teamsize|p1|6\n|teamsize|p2|6\n|start\n|switch|p1a: Scizor|Scizor, M|100/100\n|switch|p2a: Glimmora|Glimmora, F|100/100\n|-item|p2a: Glimmora|Air Balloon\n|turn|1\n|\n|t:|1783802780\n|move|p1a: Scizor|Bullet Punch|p2a: Glimmora\n|-damage|p2a: Glimmora|0 fnt\n|replace|p2a: Zoroark|Zoroark-Hisui, M\n|-end|p2a: Zoroark|Illusion\n|-enditem|p2a: Zoroark|Air Balloon\n|faint|p2a: Zoroark\n|\n|upkeep\n|\n|t:|1783802787\n|switch|p2a: Glimmora|Glimmora, F|100/100\n|turn|2\n|\n|t:|1783802789\n|move|p1a: Scizor|Bullet Punch|p2a: Glimmora\n|-supereffective|p2a: Glimmora\n|-damage|p2a: Glimmora|18/100\n|-activate|p2a: Glimmora|ability: Toxic Debris\n|-sidestart|p1: go faster ffs|move: Toxic Spikes\n|-enditem|p2a: Glimmora|Red Card|[of] p1a: Scizor\n|drag|p1a: Trevenant|Trevenant, F|100/100\n|-status|p1a: Trevenant|psn\n|move|p2a: Glimmora|Stealth Rock|p1a: Trevenant\n|-sidestart|p1: go faster ffs|move: Stealth Rock\n|\n|-damage|p1a: Trevenant|88/100 psn|[from] psn\n|upkeep\n|turn|3\n|\n|t:|1783802801\n|move|p2a: Glimmora|Sludge Wave|p1a: Trevenant\n|-damage|p1a: Trevenant|43/100 psn\n|-enditem|p1a: Trevenant|Sitrus Berry|[eat]\n|-heal|p1a: Trevenant|68/100 psn|[from] item: Sitrus Berry\n|move|p1a: Trevenant|Drain Punch|p2a: Glimmora\n|-damage|p2a: Glimmora|2/100\n|-heal|p1a: Trevenant|76/100 psn|[from] drain|[of] p2a: Glimmora\n|-activate|p2a: Glimmora|ability: Toxic Debris\n|-sidestart|p1: go faster ffs|move: Toxic Spikes\n|\n|-damage|p1a: Trevenant|64/100 psn|[from] psn\n|-item|p1a: Trevenant|Sitrus Berry|[from] ability: Harvest\n|upkeep\n|turn|4\n|\n|t:|1783802809\n|switch|p1a: Scizor|Scizor, M|100/100\n|-damage|p1a: Scizor|88/100|[from] Stealth Rock\n|move|p2a: Glimmora|Sludge Wave|p1a: Scizor\n|-immune|p1a: Scizor\n|\n|upkeep\n|turn|5\n|\n|t:|1783802813\n|move|p1a: Scizor|Bullet Punch|p2a: Glimmora\n|-supereffective|p2a: Glimmora\n|-damage|p2a: Glimmora|0 fnt\n|faint|p2a: Glimmora\n|\n|upkeep\n|\n|t:|1783802817\n|switch|p2a: Conkeldurr|Conkeldurr, F|100/100\n|turn|6\n|\n|t:|1783802822\n|switch|p1a: Slowbro|Slowbro, M|100/100\n|-status|p1a: Slowbro|tox\n|-damage|p1a: Slowbro|88/100 tox|[from] Stealth Rock\n|move|p2a: Conkeldurr|Fire Punch|p1a: Slowbro\n|-resisted|p1a: Slowbro\n|-crit|p1a: Slowbro\n|-damage|p1a: Slowbro|62/100 tox\n|-damage|p2a: Conkeldurr|84/100|[from] item: Rocky Helmet|[of] p1a: Slowbro\n|\n|-damage|p1a: Slowbro|56/100 tox|[from] psn\n|upkeep\n|turn|7\n|\n|t:|1783802824\n|move|p2a: Conkeldurr|Thunder Punch|p1a: Slowbro\n|-supereffective|p1a: Slowbro\n|-damage|p1a: Slowbro|0 fnt\n|-damage|p2a: Conkeldurr|67/100|[from] item: Rocky Helmet|[of] p1a: Slowbro\n|faint|p1a: Slowbro\n|\n|upkeep\n|\n|t:|1783802835\n|switch|p1a: Scizor|Scizor, M|88/100\n|-damage|p1a: Scizor|76/100|[from] Stealth Rock\n|turn|8\n|\n|t:|1783802837\n|-terastallize|p1a: Scizor|Ground\n|move|p1a: Scizor|Defog|p2a: Conkeldurr\n|-unboost|p2a: Conkeldurr|evasion|1\n|-sideend|p1: go faster ffs|Toxic Spikes|[from] move: Defog|[of] p1a: Scizor\n|-sideend|p1: go faster ffs|Stealth Rock|[from] move: Defog|[of] p1a: Scizor\n|move|p2a: Conkeldurr|Fire Punch|p1a: Scizor\n|-damage|p1a: Scizor|22/100\n|\n|upkeep\n|turn|9\n|\n|t:|1783802846\n|switch|p1a: Cyclizar|Cyclizar, F|100/100\n|move|p2a: Conkeldurr|Mach Punch|p1a: Cyclizar\n|-supereffective|p1a: Cyclizar\n|-damage|p1a: Cyclizar|0 fnt\n|faint|p1a: Cyclizar\n|-damage|p2a: Conkeldurr|57/100|[from] item: Life Orb\n|\n|upkeep\n|\n|t:|1783802853\n|switch|p1a: Darkrai|Darkrai|100/100\n|turn|10\n|\n|t:|1783802856\n|move|p2a: Conkeldurr|Mach Punch|p1a: Darkrai\n|-supereffective|p1a: Darkrai\n|-damage|p1a: Darkrai|18/100\n|-damage|p2a: Conkeldurr|47/100|[from] item: Life Orb\n|move|p1a: Darkrai|Psychic|p2a: Conkeldurr\n|-supereffective|p2a: Conkeldurr\n|-damage|p2a: Conkeldurr|0 fnt\n|faint|p2a: Conkeldurr\n|\n|upkeep\n|\n|t:|1783802860\n|switch|p2a: Keldeo|Keldeo-Resolute|100/100\n|turn|11\n|\n|t:|1783802866\n|move|p2a: Keldeo|Vacuum Wave|p1a: Darkrai\n|-supereffective|p1a: Darkrai\n|-damage|p1a: Darkrai|0 fnt\n|faint|p1a: Darkrai\n|\n|upkeep\n|\n|t:|1783802869\n|switch|p1a: Blissey|Blissey, F|100/100\n|turn|12\n|\n|t:|1783802872\n|move|p2a: Keldeo|Secret Sword|p1a: Blissey\n|-supereffective|p1a: Blissey\n|-damage|p1a: Blissey|0 fnt\n|faint|p1a: Blissey\n|\n|upkeep\n|\n|t:|1783802874\n|switch|p1a: Trevenant|Trevenant, F|64/100 psn\n|turn|13\n|\n|t:|1783802879\n|move|p2a: Keldeo|Flip Turn|p1a: Trevenant\n|-resisted|p1a: Trevenant\n|-damage|p1a: Trevenant|58/100 psn\n|\n|t:|1783802881\n|switch|p2a: Garchomp|Garchomp, F|100/100|[from] Flip Turn\n|move|p1a: Trevenant|Pain Split|p2a: Garchomp\n|-sethp|p2a: Garchomp|81/100|[from] move: Pain Split|[silent]\n|-sethp|p1a: Trevenant|77/100 psn|[from] move: Pain Split\n|\n|-damage|p1a: Trevenant|65/100 psn|[from] psn\n|upkeep\n|turn|14\n|\n|t:|1783802885\n|move|p2a: Garchomp|Swords Dance|p2a: Garchomp\n|-boost|p2a: Garchomp|atk|2\n|move|p1a: Trevenant|Will-O-Wisp|p2a: Garchomp\n|-status|p2a: Garchomp|brn\n|\n|-damage|p1a: Trevenant|53/100 psn|[from] psn\n|-damage|p2a: Garchomp|75/100 brn|[from] brn\n|upkeep\n|turn|15\n|\n|t:|1783802888\n|move|p2a: Garchomp|Substitute|p2a: Garchomp\n|-start|p2a: Garchomp|Substitute\n|-damage|p2a: Garchomp|50/100 brn\n|move|p1a: Trevenant|Knock Off|p2a: Garchomp\n|-activate|p2a: Garchomp|move: Substitute|[damage]\n|\n|-damage|p1a: Trevenant|40/100 psn|[from] psn\n|-damage|p2a: Garchomp|44/100 brn|[from] brn\n|upkeep\n|-enditem|p1a: Trevenant|Sitrus Berry|[eat]\n|-heal|p1a: Trevenant|65/100 psn|[from] item: Sitrus Berry\n|turn|16\n|\n|t:|1783802891\n|move|p2a: Garchomp|Swords Dance|p2a: Garchomp\n|-boost|p2a: Garchomp|atk|2\n|move|p1a: Trevenant|Drain Punch|p2a: Garchomp\n|-end|p2a: Garchomp|Substitute\n|-heal|p1a: Trevenant|66/100 psn|[from] drain|[of] p2a: Garchomp\n|\n|-damage|p1a: Trevenant|54/100 psn|[from] psn\n|-damage|p2a: Garchomp|37/100 brn|[from] brn\n|-item|p1a: Trevenant|Sitrus Berry|[from] ability: Harvest\n|upkeep\n|turn|17\n|\n|t:|1783802895\n|move|p2a: Garchomp|Scale Shot|p1a: Trevenant\n|-damage|p1a: Trevenant|40/100 psn\n|-enditem|p1a: Trevenant|Sitrus Berry|[eat]\n|-heal|p1a: Trevenant|65/100 psn|[from] item: Sitrus Berry\n|-damage|p1a: Trevenant|50/100 psn\n|-damage|p1a: Trevenant|34/100 psn\n|-damage|p1a: Trevenant|20/100 psn\n|-damage|p1a: Trevenant|3/100 psn\n|-hitcount|p1a: Trevenant|5\n|-unboost|p2a: Garchomp|def|1\n|-boost|p2a: Garchomp|spe|1\n|move|p1a: Trevenant|Knock Off|p2a: Garchomp\n|-damage|p2a: Garchomp|2/100 brn\n|-damage|p1a: Trevenant|0 fnt|[from] ability: Rough Skin|[of] p2a: Garchomp\n|faint|p1a: Trevenant\n|\n|-damage|p2a: Garchomp|0 fnt|[from] brn\n|faint|p2a: Garchomp\n|upkeep\n|\n|t:|1783802914\n|switch|p2a: Keldeo|Keldeo-Resolute|100/100\n|switch|p1a: Scizor|Scizor, M, tera:Ground|22/100\n|turn|18\n|\n|t:|1783802918\n|move|p2a: Keldeo|Vacuum Wave|p1a: Scizor\n|-damage|p1a: Scizor|0 fnt\n|faint|p1a: Scizor\n|\n|win|spicequake\n|raw|go faster ffs's rating: 1230 &rarr; <strong>1208</strong><br />(-22 for losing)\n|raw|spicequake's rating: 1269 &rarr; <strong>1291</strong><br />(+22 for winning)\n|l|☆spicequake\n|player|p2|\n|l|☆go faster ffs\n|player|p1|\n", "uploadtime": 1783803290, "views": 12, "formatid": "gen9ou", "rating": 1208, "private": 0, "password": null}