{"id": "gen9ou-2639964128", "format": "[Gen 9] OU", "players": ["brodiewhat", "throwing petals"], "log": "|j|☆brodiewhat\n|j|☆throwing petals\n|t:|1782553753\n|gametype|singles\n|player|p1|brodiewhat|palmer|1599\n|player|p2|throwing petals|blue|1529\n|gen|9\n|tier|[Gen 9] OU\n|rated|\n|rule|HP Percentage Mod: HP is shown in percentages\n|rule|Endless Battle Clause: Forcing endless battles is banned\n|rule|Species Clause: Limit one of each Pokémon\n|rule|OHKO Clause: OHKO moves are banned\n|rule|Evasion Items Clause: Evasion items are banned\n|rule|Evasion Moves Clause: Evasion moves are banned\n|rule|Evasion Abilities Clause: Evasion abilities are banned\n|rule|Sleep Moves Clause: Sleep-inducing moves are banned\n|clearpoke\n|poke|p1|Tornadus, M|\n|poke|p1|Hoopa-Unbound|\n|poke|p1|Brambleghast, M|\n|poke|p1|Armarouge, M|\n|poke|p1|Hatterene, F|\n|poke|p1|Ogerpon-Cornerstone, F|\n|poke|p2|Kyurem|\n|poke|p2|Iron Valiant|\n|poke|p2|Kingambit, F|\n|poke|p2|Ceruledge, M|\n|poke|p2|Dragapult, F|\n|poke|p2|Blaziken, M|\n|teampreview\n|inactive|Battle timer is ON: inactive players will automatically lose when time's up. (requested by brodiewhat)\n|\n|t:|1782553772\n|teamsize|p1|6\n|teamsize|p2|6\n|start\n|switch|p1a: Tornadus|Tornadus, M|100/100\n|switch|p2a: Ceruledge|Ceruledge, M|100/100\n|turn|1\n|inactive|brodiewhat has 120 seconds left.\n|\n|t:|1782553810\n|move|p1a: Tornadus|Bleakwind Storm|p2a: Ceruledge|[miss]\n|-miss|p1a: Tornadus|p2a: Ceruledge\n|move|p2a: Ceruledge|Bitter Blade|p1a: Tornadus\n|-damage|p1a: Tornadus|20/100\n|-enditem|p1a: Tornadus|Eject Button\n|\n|t:|1782553822\n|switch|p1a: Armarouge|Armarouge, M|100/100\n|\n|upkeep\n|turn|2\n|\n|t:|1782553825\n|move|p2a: Ceruledge|Shadow Sneak|p1a: Armarouge\n|-supereffective|p1a: Armarouge\n|-crit|p1a: Armarouge\n|-damage|p1a: Armarouge|29/100\n|-ability|p1a: Armarouge|Weak Armor|boost\n|-unboost|p1a: Armarouge|def|1\n|-boost|p1a: Armarouge|spe|2\n|move|p1a: Armarouge|Psychic Terrain|p1a: Armarouge\n|-fieldstart|move: Psychic Terrain\n|\n|upkeep\n|turn|3\n|\n|t:|1782553830\n|move|p1a: Armarouge|Expanding Force|p2a: Ceruledge\n|-enditem|p2a: Ceruledge|Focus Sash\n|-damage|p2a: Ceruledge|1/100\n|move|p2a: Ceruledge|Bitter Blade|p1a: Armarouge\n|-resisted|p1a: Armarouge\n|-damage|p1a: Armarouge|0 fnt\n|-heal|p2a: Ceruledge|17/100|[from] drain|[of] p1a: Armarouge\n|faint|p1a: Armarouge\n|\n|upkeep\n|\n|t:|1782553835\n|switch|p1a: Ogerpon|Ogerpon-Cornerstone, F|100/100\n|turn|4\n|\n|t:|1782553840\n|move|p1a: Ogerpon|Trailblaze|p2a: Ceruledge\n|-resisted|p2a: Ceruledge\n|-damage|p2a: Ceruledge|0 fnt\n|-boost|p1a: Ogerpon|spe|1\n|faint|p2a: Ceruledge\n|\n|upkeep\n|\n|t:|1782553854\n|switch|p2a: Iron Valiant|Iron Valiant|100/100\n|-enditem|p2a: Iron Valiant|Booster Energy\n|-activate|p2a: Iron Valiant|ability: Quark Drive|[fromitem]\n|-start|p2a: Iron Valiant|quarkdrivespe\n|turn|5\n|\n|t:|1782553857\n|move|p2a: Iron Valiant|Moonblast|p1a: Ogerpon\n|-damage|p1a: Ogerpon|54/100\n|-unboost|p1a: Ogerpon|spa|1\n|move|p1a: Ogerpon|Trailblaze|p2a: Iron Valiant\n|-damage|p2a: Iron Valiant|59/100\n|-boost|p1a: Ogerpon|spe|1\n|\n|upkeep\n|turn|6\n|\n|t:|1782553866\n|move|p1a: Ogerpon|Horn Leech|p2a: Iron Valiant\n|-crit|p2a: Iron Valiant\n|-damage|p2a: Iron Valiant|0 fnt\n|-heal|p1a: Ogerpon|80/100|[from] drain|[of] p2a: Iron Valiant\n|faint|p2a: Iron Valiant\n|-end|p2a: Iron Valiant|Quark Drive|[silent]\n|\n|-fieldend|move: Psychic Terrain\n|upkeep\n|\n|t:|1782553869\n|switch|p2a: Blaziken|Blaziken, M|100/100\n|turn|7\n|\n|t:|1782553874\n|move|p1a: Ogerpon|Swords Dance|p1a: Ogerpon\n|-boost|p1a: Ogerpon|atk|2\n|move|p2a: Blaziken|Close Combat|p1a: Ogerpon\n|-supereffective|p1a: Ogerpon\n|-damage|p1a: Ogerpon|0 fnt\n|-unboost|p2a: Blaziken|def|1\n|-unboost|p2a: Blaziken|spd|1\n|faint|p1a: Ogerpon\n|\n|-ability|p2a: Blaziken|Speed Boost|boost\n|-boost|p2a: Blaziken|spe|1\n|upkeep\n|\n|t:|1782553880\n|switch|p1a: Tornadus|Tornadus, M|20/100\n|turn|8\n|\n|t:|1782553887\n|switch|p2a: Dragapult|Dragapult, F|100/100\n|move|p1a: Tornadus|Tailwind|p1a: Tornadus\n|-sidestart|p1: brodiewhat|move: Tailwind\n|\n|upkeep\n|turn|9\n|\n|t:|1782553892\n|move|p1a: Tornadus|Bleakwind Storm|p2a: Dragapult\n|-damage|p2a: Dragapult|27/100\n|move|p2a: Dragapult|Dragon Dance|p2a: Dragapult\n|-boost|p2a: Dragapult|atk|1\n|-boost|p2a: Dragapult|spe|1\n|\n|-heal|p2a: Dragapult|33/100|[from] item: Leftovers\n|upkeep\n|turn|10\n|\n|t:|1782553896\n|move|p1a: Tornadus|Bleakwind Storm|p2a: Dragapult|[miss]\n|-miss|p1a: Tornadus|p2a: Dragapult\n|move|p2a: Dragapult|Dragon Darts|p1a: Tornadus\n|-damage|p1a: Tornadus|0 fnt\n|faint|p1a: Tornadus\n|\n|-heal|p2a: Dragapult|39/100|[from] item: Leftovers\n|upkeep\n|c|☆throwing petals|mb\n|\n|t:|1782553909\n|switch|p1a: Hatterene|Hatterene, F|100/100\n|turn|11\n|\n|t:|1782553918\n|move|p2a: Dragapult|Phantom Force||[still]\n|-prepare|p2a: Dragapult|Phantom Force\n|move|p1a: Hatterene|Trick Room|p1a: Hatterene\n|-fieldstart|move: Trick Room|[of] p1a: Hatterene\n|\n|-heal|p2a: Dragapult|45/100|[from] item: Leftovers\n|-sideend|p1: brodiewhat|move: Tailwind\n|upkeep\n|turn|12\n|\n|t:|1782553929\n|switch|p1a: Brambleghast|Brambleghast, M|100/100\n|move|p2a: Dragapult|Phantom Force|p1a: Brambleghast|[from] lockedmove\n|-supereffective|p1a: Brambleghast\n|-damage|p1a: Brambleghast|0 fnt\n|faint|p1a: Brambleghast\n|\n|-heal|p2a: Dragapult|51/100|[from] item: Leftovers\n|upkeep\n|\n|t:|1782553931\n|switch|p1a: Hatterene|Hatterene, F|100/100\n|turn|13\n|\n|t:|1782553935\n|switch|p2a: Kingambit|Kingambit, F|100/100\n|-activate|p2a: Kingambit|ability: Supreme Overlord\n|-start|p2a: Kingambit|fallen2|[silent]\n|move|p1a: Hatterene|Calm Mind|p1a: Hatterene\n|-boost|p1a: Hatterene|spa|1\n|-boost|p1a: Hatterene|spd|1\n|\n|upkeep\n|turn|14\n|\n|t:|1782553940\n|move|p1a: Hatterene|Mystical Fire|p2a: Kingambit\n|-supereffective|p2a: Kingambit\n|-damage|p2a: Kingambit|14/100\n|-unboost|p2a: Kingambit|spa|1\n|move|p2a: Kingambit|Iron Head|p1a: Hatterene\n|-supereffective|p1a: Hatterene\n|-damage|p1a: Hatterene|0 fnt\n|faint|p1a: Hatterene\n|\n|upkeep\n|\n|t:|1782553946\n|switch|p1a: Hoopa|Hoopa-Unbound|100/100\n|turn|15\n|\n|t:|1782553956\n|-terastallize|p1a: Hoopa|Dark\n|move|p2a: Kingambit|Sucker Punch||[still]\n|-fail|p2a: Kingambit\n|move|p1a: Hoopa|Psychic Terrain|p1a: Hoopa\n|-fieldstart|move: Psychic Terrain\n|\n|-fieldend|move: Trick Room\n|upkeep\n|turn|16\n|\n|t:|1782553962\n|move|p2a: Kingambit|Iron Head|p1a: Hoopa\n|-damage|p1a: Hoopa|3/100\n|cant|p1a: Hoopa|flinch\n|\n|upkeep\n|turn|17\n|-message|throwing petals forfeited.\n|\n|win|brodiewhat\n|raw|brodiewhat's rating: 1599 &rarr; <strong>1615</strong><br />(+16 for winning)\n|raw|throwing petals's rating: 1529 &rarr; <strong>1513</strong><br />(-16 for losing)\n|l|☆throwing petals\n|player|p2|\n|c|☆brodiewhat|of course\n|c|☆brodiewhat|oh\n|l|☆brodiewhat\n|player|p1|\n", "uploadtime": 1782554138, "views": 13, "formatid": "gen9ou", "rating": 1513, "private": 0, "password": null}