{"id": "gen9ou-2639289084", "format": "[Gen 9] OU", "players": ["the lekas", "u lose 69"], "log": "|j|☆the lekas\n|j|☆u lose 69\n|t:|1782446588\n|gametype|singles\n|player|p1|the lekas|2|1484\n|player|p2|u lose 69|266|1512\n|gen|9\n|tier|[Gen 9] OU\n|rated|\n|rule|HP Percentage Mod: HP is shown in percentages\n|rule|Endless Battle Clause: Forcing endless battles is banned\n|rule|Species Clause: Limit one of each Pokémon\n|rule|OHKO Clause: OHKO moves are banned\n|rule|Evasion Items Clause: Evasion items are banned\n|rule|Evasion Moves Clause: Evasion moves are banned\n|rule|Evasion Abilities Clause: Evasion abilities are banned\n|rule|Sleep Moves Clause: Sleep-inducing moves are banned\n|clearpoke\n|poke|p1|Deoxys-Speed|\n|poke|p1|Darkrai|\n|poke|p1|Iron Hands|\n|poke|p1|Dragonite, F|\n|poke|p1|Zamazenta-*|\n|poke|p1|Iron Crown|\n|poke|p2|Dragonite, F|\n|poke|p2|Samurott-Hisui, F|\n|poke|p2|Gholdengo|\n|poke|p2|Pecharunt|\n|poke|p2|Walking Wake|\n|poke|p2|Ting-Lu|\n|teampreview\n|inactive|Battle timer is ON: inactive players will automatically lose when time's up. (requested by the lekas)\n|\n|t:|1782446598\n|teamsize|p1|6\n|teamsize|p2|6\n|start\n|switch|p1a: Deoxys|Deoxys-Speed|100/100\n|switch|p2a: Samurott|Samurott-Hisui, F|100/100\n|-ability|p1a: Deoxys|Pressure\n|turn|1\n|\n|t:|1782446601\n|move|p1a: Deoxys|Stealth Rock|p2a: Samurott\n|-sidestart|p2: u lose 69|move: Stealth Rock\n|move|p2a: Samurott|Ceaseless Edge|p1a: Deoxys\n|-supereffective|p1a: Deoxys\n|-damage|p1a: Deoxys|7/100\n|-sidestart|p1: the lekas|Spikes\n|\n|upkeep\n|turn|2\n|\n|t:|1782446605\n|move|p2a: Samurott|Sucker Punch||[still]\n|-fail|p2a: Samurott\n|move|p1a: Deoxys|Spikes|p2a: Samurott\n|-sidestart|p2: u lose 69|Spikes\n|\n|upkeep\n|turn|3\n|\n|t:|1782446607\n|move|p1a: Deoxys|Spikes|p2a: Samurott\n|-sidestart|p2: u lose 69|Spikes\n|move|p2a: Samurott|Ceaseless Edge|p1a: Deoxys\n|-supereffective|p1a: Deoxys\n|-damage|p1a: Deoxys|0 fnt\n|-sidestart|p1: the lekas|Spikes\n|faint|p1a: Deoxys\n|\n|upkeep\n|\n|t:|1782446609\n|switch|p1a: Iron Hands|Iron Hands|100/100\n|-damage|p1a: Iron Hands|84/100|[from] Spikes\n|-enditem|p1a: Iron Hands|Booster Energy\n|-activate|p1a: Iron Hands|ability: Quark Drive|[fromitem]\n|-start|p1a: Iron Hands|quarkdriveatk\n|turn|4\n|\n|t:|1782446613\n|switch|p2a: Ting-Lu|Ting-Lu|100/100\n|-damage|p2a: Ting-Lu|94/100|[from] Stealth Rock\n|-damage|p2a: Ting-Lu|78/100|[from] Spikes\n|-ability|p2a: Ting-Lu|Vessel of Ruin\n|move|p1a: Iron Hands|Drain Punch|p2a: Ting-Lu\n|-supereffective|p2a: Ting-Lu\n|-damage|p2a: Ting-Lu|11/100\n|-heal|p1a: Iron Hands|100/100|[from] drain|[of] p2a: Ting-Lu\n|\n|-heal|p2a: Ting-Lu|17/100|[from] item: Leftovers\n|upkeep\n|turn|5\n|\n|t:|1782446619\n|switch|p2a: Pecharunt|Pecharunt|100/100\n|move|p1a: Iron Hands|Drain Punch|p2a: Pecharunt\n|-immune|p2a: Pecharunt\n|\n|upkeep\n|turn|6\n|\n|t:|1782446622\n|-end|p1a: Iron Hands|Quark Drive|[silent]\n|switch|p1a: Darkrai|Darkrai|100/100\n|-damage|p1a: Darkrai|84/100|[from] Spikes\n|move|p2a: Pecharunt|Nasty Plot|p2a: Pecharunt\n|-boost|p2a: Pecharunt|spa|2\n|\n|upkeep\n|turn|7\n|\n|t:|1782446626\n|-terastallize|p2a: Pecharunt|Water\n|move|p1a: Darkrai|Dark Pulse|p2a: Pecharunt\n|-damage|p2a: Pecharunt|45/100\n|-damage|p1a: Darkrai|74/100|[from] item: Life Orb\n|move|p2a: Pecharunt|Malignant Chain|p1a: Darkrai\n|-damage|p1a: Darkrai|0 fnt\n|faint|p1a: Darkrai\n|\n|upkeep\n|\n|t:|1782446634\n|switch|p1a: Iron Hands|Iron Hands|100/100\n|-damage|p1a: Iron Hands|84/100|[from] Spikes\n|turn|8\n|\n|t:|1782446643\n|move|p2a: Pecharunt|Malignant Chain|p1a: Iron Hands\n|-damage|p1a: Iron Hands|33/100\n|move|p1a: Iron Hands|Thunder Punch|p2a: Pecharunt\n|-supereffective|p2a: Pecharunt\n|-damage|p2a: Pecharunt|0 fnt\n|faint|p2a: Pecharunt\n|\n|upkeep\n|\n|t:|1782446652\n|switch|p2a: Walking Wake|Walking Wake|100/100\n|turn|9\n|\n|t:|1782446655\n|move|p2a: Walking Wake|Draco Meteor|p1a: Iron Hands\n|-damage|p1a: Iron Hands|0 fnt\n|-unboost|p2a: Walking Wake|spa|2\n|faint|p1a: Iron Hands\n|-end|p1a: Iron Hands|Quark Drive|[silent]\n|\n|upkeep\n|\n|t:|1782446658\n|switch|p1a: Iron Crown|Iron Crown|100/100\n|-damage|p1a: Iron Crown|84/100|[from] Spikes\n|-enditem|p1a: Iron Crown|Booster Energy\n|-activate|p1a: Iron Crown|ability: Quark Drive|[fromitem]\n|-start|p1a: Iron Crown|quarkdrivespe\n|turn|10\n|\n|t:|1782446662\n|-end|p2a: Walking Wake|Protosynthesis|[silent]\n|switch|p2a: Samurott|Samurott-Hisui, F|100/100\n|-damage|p2a: Samurott|88/100|[from] Stealth Rock\n|-damage|p2a: Samurott|71/100|[from] Spikes\n|move|p1a: Iron Crown|Calm Mind|p1a: Iron Crown\n|-boost|p1a: Iron Crown|spa|1\n|-boost|p1a: Iron Crown|spd|1\n|\n|upkeep\n|turn|11\n|\n|t:|1782446668\n|move|p2a: Samurott|Sucker Punch|p1a: Iron Crown\n|-supereffective|p1a: Iron Crown\n|-damage|p1a: Iron Crown|28/100\n|move|p1a: Iron Crown|Focus Blast|p2a: Samurott\n|-supereffective|p2a: Samurott\n|-damage|p2a: Samurott|0 fnt\n|faint|p2a: Samurott\n|\n|upkeep\n|\n|t:|1782446674\n|switch|p2a: Gholdengo|Gholdengo|100/100\n|-damage|p2a: Gholdengo|94/100|[from] Stealth Rock\n|-damage|p2a: Gholdengo|78/100|[from] Spikes\n|turn|12\n|\n|t:|1782446678\n|move|p1a: Iron Crown|Tachyon Cutter|p2a: Gholdengo\n|-resisted|p2a: Gholdengo\n|-damage|p2a: Gholdengo|57/100\n|-resisted|p2a: Gholdengo\n|-crit|p2a: Gholdengo\n|-damage|p2a: Gholdengo|26/100\n|-hitcount|p2a: Gholdengo|2\n|move|p2a: Gholdengo|Shadow Ball|p1a: Iron Crown\n|-supereffective|p1a: Iron Crown\n|-damage|p1a: Iron Crown|0 fnt\n|faint|p1a: Iron Crown\n|-end|p1a: Iron Crown|Quark Drive|[silent]\n|\n|upkeep\n|\n|t:|1782446682\n|switch|p1a: Dragonite|Dragonite, F|100/100\n|turn|13\n|\n|t:|1782446685\n|switch|p2a: Dragonite|Dragonite, F|100/100\n|move|p1a: Dragonite|Earthquake|p2a: Dragonite\n|-immune|p2a: Dragonite\n|\n|upkeep\n|turn|14\n|\n|t:|1782446687\n|move|p1a: Dragonite|Ice Spinner|p2a: Dragonite\n|-supereffective|p2a: Dragonite\n|-damage|p2a: Dragonite|48/100\n|move|p2a: Dragonite|Dragon Tail|p1a: Dragonite\n|-supereffective|p1a: Dragonite\n|-damage|p1a: Dragonite|63/100\n|drag|p1a: Zamazenta|Zamazenta|100/100\n|-damage|p1a: Zamazenta|84/100|[from] Spikes\n|-ability|p1a: Zamazenta|Dauntless Shield|boost\n|-boost|p1a: Zamazenta|def|1\n|\n|-heal|p1a: Zamazenta|90/100|[from] item: Leftovers\n|upkeep\n|turn|15\n|\n|t:|1782446694\n|move|p1a: Zamazenta|Iron Defense|p1a: Zamazenta\n|-boost|p1a: Zamazenta|def|2\n|move|p2a: Dragonite|Dragon Tail|p1a: Zamazenta\n|-damage|p1a: Zamazenta|80/100\n|drag|p1a: Dragonite|Dragonite, F|63/100\n|\n|upkeep\n|turn|16\n|\n|t:|1782446698\n|switch|p2a: Walking Wake|Walking Wake|100/100\n|move|p1a: Dragonite|Ice Spinner|p2a: Walking Wake\n|-damage|p2a: Walking Wake|64/100\n|\n|upkeep\n|turn|17\n|\n|t:|1782446719\n|move|p1a: Dragonite|Extreme Speed|p2a: Walking Wake\n|-damage|p2a: Walking Wake|31/100\n|move|p2a: Walking Wake|Draco Meteor|p1a: Dragonite\n|-supereffective|p1a: Dragonite\n|-damage|p1a: Dragonite|0 fnt\n|-unboost|p2a: Walking Wake|spa|2\n|faint|p1a: Dragonite\n|\n|upkeep\n|\n|t:|1782446722\n|switch|p1a: Zamazenta|Zamazenta|80/100\n|-damage|p1a: Zamazenta|63/100|[from] Spikes\n|turn|18\n|\n|t:|1782446726\n|move|p1a: Zamazenta|Iron Defense|p1a: Zamazenta\n|-boost|p1a: Zamazenta|def|2\n|move|p2a: Walking Wake|Flip Turn|p1a: Zamazenta\n|-damage|p1a: Zamazenta|57/100\n|\n|t:|1782446728\n|-end|p2a: Walking Wake|Protosynthesis|[silent]\n|switch|p2a: Gholdengo|Gholdengo|26/100|[from] Flip Turn\n|-damage|p2a: Gholdengo|20/100|[from] Stealth Rock\n|-damage|p2a: Gholdengo|3/100|[from] Spikes\n|\n|-heal|p1a: Zamazenta|63/100|[from] item: Leftovers\n|upkeep\n|turn|19\n|\n|t:|1782446731\n|move|p2a: Gholdengo|Trick|p1a: Zamazenta\n|-activate|p2a: Gholdengo|move: Trick|[of] p1a: Zamazenta\n|-item|p1a: Zamazenta|Choice Scarf|[from] move: Trick\n|-item|p2a: Gholdengo|Leftovers|[from] move: Trick\n|move|p1a: Zamazenta|Crunch|p2a: Gholdengo\n|-supereffective|p2a: Gholdengo\n|-damage|p2a: Gholdengo|0 fnt\n|faint|p2a: Gholdengo\n|\n|upkeep\n|\n|t:|1782446737\n|switch|p2a: Dragonite|Dragonite, F|48/100\n|turn|20\n|\n|t:|1782446740\n|move|p1a: Zamazenta|Crunch|p2a: Dragonite\n|-damage|p2a: Dragonite|28/100\n|-unboost|p2a: Dragonite|def|1\n|move|p2a: Dragonite|Roost|p2a: Dragonite\n|-heal|p2a: Dragonite|78/100\n|-singleturn|p2a: Dragonite|move: Roost\n|\n|upkeep\n|turn|21\n|\n|t:|1782446748\n|move|p1a: Zamazenta|Crunch|p2a: Dragonite\n|-damage|p2a: Dragonite|52/100\n|-unboost|p2a: Dragonite|def|1\n|move|p2a: Dragonite|Roost|p2a: Dragonite\n|-heal|p2a: Dragonite|100/100\n|-singleturn|p2a: Dragonite|move: Roost\n|\n|upkeep\n|turn|22\n|\n|t:|1782446755\n|move|p1a: Zamazenta|Crunch|p2a: Dragonite\n|-damage|p2a: Dragonite|83/100\n|-unboost|p2a: Dragonite|def|1\n|move|p2a: Dragonite|Low Kick|p1a: Zamazenta\n|-damage|p1a: Zamazenta|47/100\n|\n|upkeep\n|turn|23\n|\n|t:|1782446762\n|switch|p2a: Ting-Lu|Ting-Lu|17/100\n|-damage|p2a: Ting-Lu|11/100|[from] Stealth Rock\n|-damage|p2a: Ting-Lu|0 fnt|[from] Spikes\n|faint|p2a: Ting-Lu\n|move|p1a: Zamazenta|Crunch|p2: Ting-Lu|[notarget]\n|-fail|p1a: Zamazenta\n|\n|upkeep\n|\n|t:|1782446766\n|switch|p2a: Dragonite|Dragonite, F|83/100\n|turn|24\n|-message|the lekas forfeited.\n|\n|win|u lose 69\n|raw|the lekas's rating: 1484 &rarr; <strong>1466</strong><br />(-18 for losing)\n|raw|u lose 69's rating: 1512 &rarr; <strong>1530</strong><br />(+18 for winning)\n|l|☆the lekas\n|player|p1|\n|l|☆u lose 69\n|player|p2|\n", "uploadtime": 1782447088, "views": 3, "formatid": "gen9ou", "rating": 1466, "private": 0, "password": null}