{"id": "gen9ou-2639246920", "format": "[Gen 9] OU", "players": ["unfezantuser", "mnsjksxx"], "log": "|j|☆unfezantuser\n|j|☆mnsjksxx\n|t:|1782439961\n|gametype|singles\n|player|p1|unfezantuser|1|1337\n|player|p2|mnsjksxx|2|1387\n|gen|9\n|tier|[Gen 9] OU\n|rated|\n|rule|HP Percentage Mod: HP is shown in percentages\n|rule|Endless Battle Clause: Forcing endless battles is banned\n|rule|Species Clause: Limit one of each Pokémon\n|rule|OHKO Clause: OHKO moves are banned\n|rule|Evasion Items Clause: Evasion items are banned\n|rule|Evasion Moves Clause: Evasion moves are banned\n|rule|Evasion Abilities Clause: Evasion abilities are banned\n|rule|Sleep Moves Clause: Sleep-inducing moves are banned\n|clearpoke\n|poke|p1|Gholdengo|\n|poke|p1|Iron Hands|\n|poke|p1|Volcanion|\n|poke|p1|Samurott-Hisui, F|\n|poke|p1|Corviknight, F|\n|poke|p1|Mamoswine, M|\n|poke|p2|Ninetales, M|\n|poke|p2|Raging Bolt|\n|poke|p2|Walking Wake|\n|poke|p2|Scovillain, M|\n|poke|p2|Kingambit, F|\n|poke|p2|Ceruledge, M|\n|teampreview\n|\n|t:|1782439974\n|teamsize|p1|6\n|teamsize|p2|6\n|start\n|switch|p1a: Volcanion|Volcanion|100/100\n|switch|p2a: Raging Bolt|Raging Bolt|100/100\n|turn|1\n|inactive|Battle timer is ON: inactive players will automatically lose when time's up. (requested by unfezantuser)\n|\n|t:|1782439987\n|-terastallize|p1a: Volcanion|Ground\n|move|p2a: Raging Bolt|Thunderbolt|p1a: Volcanion\n|-immune|p1a: Volcanion\n|move|p1a: Volcanion|Earth Power|p2a: Raging Bolt\n|-supereffective|p2a: Raging Bolt\n|-damage|p2a: Raging Bolt|5/100\n|\n|upkeep\n|turn|2\n|\n|t:|1782439994\n|-end|p2a: Raging Bolt|Protosynthesis|[silent]\n|switch|p2a: Ninetales|Ninetales, M|100/100\n|-weather|SunnyDay|[from] ability: Drought|[of] p2a: Ninetales\n|move|p1a: Volcanion|Earth Power|p2a: Ninetales\n|-supereffective|p2a: Ninetales\n|-damage|p2a: Ninetales|13/100\n|\n|-weather|SunnyDay|[upkeep]\n|upkeep\n|turn|3\n|\n|t:|1782440002\n|switch|p2a: Scovillain|Scovillain, M|100/100\n|switch|p1a: Iron Hands|Iron Hands|100/100\n|\n|-weather|SunnyDay|[upkeep]\n|upkeep\n|turn|4\n|\n|t:|1782440005\n|move|p1a: Iron Hands|Fake Out|p2a: Scovillain\n|-damage|p2a: Scovillain|74/100\n|cant|p2a: Scovillain|flinch\n|\n|-weather|SunnyDay|[upkeep]\n|upkeep\n|turn|5\n|\n|t:|1782440010\n|move|p2a: Scovillain|Growth|p2a: Scovillain\n|-boost|p2a: Scovillain|atk|2\n|-boost|p2a: Scovillain|spa|2\n|move|p1a: Iron Hands|Drain Punch|p2a: Scovillain\n|-damage|p2a: Scovillain|2/100\n|\n|-weather|SunnyDay|[upkeep]\n|upkeep\n|turn|6\n|\n|t:|1782440025\n|-end|p1a: Iron Hands|Quark Drive|[silent]\n|switch|p1a: Gholdengo|Gholdengo|100/100\n|move|p2a: Scovillain|Flamethrower|p1a: Gholdengo\n|-supereffective|p1a: Gholdengo\n|-damage|p1a: Gholdengo|0 fnt\n|faint|p1a: Gholdengo\n|\n|-weather|SunnyDay|[upkeep]\n|upkeep\n|\n|t:|1782440034\n|switch|p1a: Mamoswine|Mamoswine, M|100/100\n|turn|7\n|\n|t:|1782440037\n|switch|p2a: Ceruledge|Ceruledge, M|100/100\n|move|p1a: Mamoswine|Ice Shard|p2a: Ceruledge\n|-resisted|p2a: Ceruledge\n|-damage|p2a: Ceruledge|84/100\n|-ability|p2a: Ceruledge|Weak Armor|boost\n|-unboost|p2a: Ceruledge|def|1\n|-boost|p2a: Ceruledge|spe|2\n|\n|-weather|SunnyDay|[upkeep]\n|upkeep\n|turn|8\n|\n|t:|1782440042\n|move|p2a: Ceruledge|Bitter Blade|p1a: Mamoswine\n|-supereffective|p1a: Mamoswine\n|-damage|p1a: Mamoswine|24/100\n|-heal|p2a: Ceruledge|100/100|[from] drain|[of] p1a: Mamoswine\n|move|p1a: Mamoswine|Earthquake|p2a: Ceruledge\n|-supereffective|p2a: Ceruledge\n|-crit|p2a: Ceruledge\n|-enditem|p2a: Ceruledge|Focus Sash\n|-damage|p2a: Ceruledge|1/100\n|-ability|p2a: Ceruledge|Weak Armor|boost\n|-unboost|p2a: Ceruledge|def|1\n|-boost|p2a: Ceruledge|spe|2\n|\n|-weather|SunnyDay|[upkeep]\n|-heal|p1a: Mamoswine|30/100|[from] item: Leftovers\n|upkeep\n|turn|9\n|\n|t:|1782440050\n|move|p1a: Mamoswine|Ice Shard|p2a: Ceruledge\n|-resisted|p2a: Ceruledge\n|-damage|p2a: Ceruledge|0 fnt\n|faint|p2a: Ceruledge\n|\n|-weather|none\n|-heal|p1a: Mamoswine|36/100|[from] item: Leftovers\n|upkeep\n|\n|t:|1782440052\n|switch|p2a: Ninetales|Ninetales, M|13/100\n|-weather|SunnyDay|[from] ability: Drought|[of] p2a: Ninetales\n|turn|10\n|\n|t:|1782440055\n|move|p1a: Mamoswine|Ice Shard|p2a: Ninetales\n|-resisted|p2a: Ninetales\n|-damage|p2a: Ninetales|0 fnt\n|faint|p2a: Ninetales\n|\n|-weather|SunnyDay|[upkeep]\n|-heal|p1a: Mamoswine|42/100|[from] item: Leftovers\n|upkeep\n|\n|t:|1782440064\n|switch|p2a: Walking Wake|Walking Wake|100/100\n|-activate|p2a: Walking Wake|ability: Protosynthesis\n|-start|p2a: Walking Wake|protosynthesisspe\n|turn|11\n|inactive|unfezantuser has 120 seconds left.\n|\n|t:|1782440094\n|switch|p1a: Volcanion|Volcanion, tera:Ground|100/100\n|move|p2a: Walking Wake|Weather Ball|p1a: Volcanion\n|-damage|p1a: Volcanion|64/100\n|-damage|p2a: Walking Wake|91/100|[from] item: Life Orb\n|\n|-weather|SunnyDay|[upkeep]\n|upkeep\n|turn|12\n|\n|t:|1782440106\n|move|p2a: Walking Wake|Weather Ball|p1a: Volcanion\n|-crit|p1a: Volcanion\n|-damage|p1a: Volcanion|11/100\n|-damage|p2a: Walking Wake|81/100|[from] item: Life Orb\n|move|p1a: Volcanion|Earth Power|p2a: Walking Wake\n|-damage|p2a: Walking Wake|25/100\n|\n|-weather|SunnyDay|[upkeep]\n|upkeep\n|turn|13\n|inactive|unfezantuser has 120 seconds left.\n|\n|t:|1782440145\n|switch|p1a: Corviknight|Corviknight, F, shiny|100/100\n|move|p2a: Walking Wake|Weather Ball|p1a: Corviknight\n|-supereffective|p1a: Corviknight\n|-damage|p1a: Corviknight|0 fnt\n|faint|p1a: Corviknight\n|-damage|p2a: Walking Wake|15/100|[from] item: Life Orb\n|\n|-weather|SunnyDay|[upkeep]\n|upkeep\n|\n|t:|1782440151\n|switch|p1a: Iron Hands|Iron Hands|100/100\n|turn|14\n|\n|t:|1782440155\n|move|p1a: Iron Hands|Fake Out|p2a: Walking Wake\n|-damage|p2a: Walking Wake|0 fnt\n|faint|p2a: Walking Wake\n|-end|p2a: Walking Wake|Protosynthesis|[silent]\n|\n|-weather|SunnyDay|[upkeep]\n|upkeep\n|\n|t:|1782440157\n|switch|p2a: Scovillain|Scovillain, M|2/100\n|turn|15\n|\n|t:|1782440161\n|-terastallize|p2a: Scovillain|Ghost\n|move|p2a: Scovillain|Flamethrower|p1a: Iron Hands\n|-damage|p1a: Iron Hands|52/100\n|move|p1a: Iron Hands|Volt Switch|p2a: Scovillain\n|-damage|p2a: Scovillain|0 fnt\n|faint|p2a: Scovillain\n|-message|mnsjksxx forfeited.\n|\n|win|unfezantuser\n|raw|unfezantuser's rating: 1337 &rarr; <strong>1360</strong><br />(+23 for winning)\n|raw|mnsjksxx's rating: 1387 &rarr; <strong>1364</strong><br />(-23 for losing)\n|l|☆mnsjksxx\n|player|p2|\n|l|☆unfezantuser\n|player|p1|\n", "uploadtime": 1782440442, "views": 14, "formatid": "gen9ou", "rating": 1360, "private": 0, "password": null}