{"id": "gen9ou-2639290986", "format": "[Gen 9] OU", "players": ["shano1994", "johtoboi_9"], "log": "|j|☆shano1994\n|j|☆johtoboi_9\n|t:|1782446931\n|gametype|singles\n|player|p1|shano1994|265|1170\n|player|p2|johtoboi_9|swimmer-gen4|1193\n|gen|9\n|tier|[Gen 9] OU\n|rated|\n|rule|HP Percentage Mod: HP is shown in percentages\n|rule|Endless Battle Clause: Forcing endless battles is banned\n|rule|Species Clause: Limit one of each Pokémon\n|rule|OHKO Clause: OHKO moves are banned\n|rule|Evasion Items Clause: Evasion items are banned\n|rule|Evasion Moves Clause: Evasion moves are banned\n|rule|Evasion Abilities Clause: Evasion abilities are banned\n|rule|Sleep Moves Clause: Sleep-inducing moves are banned\n|clearpoke\n|poke|p1|Dragapult, M|\n|poke|p1|Heatran, F|\n|poke|p1|Great Tusk|\n|poke|p1|Ogerpon-Wellspring, F|\n|poke|p1|Tornadus-Therian, M|\n|poke|p1|Iron Valiant|\n|poke|p2|Politoed, F|\n|poke|p2|Poliwhirl, F|\n|poke|p2|Poliwrath, M|\n|poke|p2|Zapdos|\n|poke|p2|Pelipper, M|\n|poke|p2|Kingdra, M|\n|teampreview\n|inactive|Battle timer is ON: inactive players will automatically lose when time's up. (requested by shano1994)\n|inactive|johtoboi_9 has 120 seconds left.\n|inactive|johtoboi_9 has 90 seconds left.\n|\n|t:|1782447004\n|teamsize|p1|6\n|teamsize|p2|6\n|start\n|switch|p1a: Tornadus|Tornadus-Therian, M|100/100\n|switch|p2a: Politoed|Politoed, F, shiny|100/100\n|-weather|RainDance|[from] ability: Drizzle|[of] p2a: Politoed\n|turn|1\n|\n|t:|1782447011\n|move|p1a: Tornadus|Knock Off|p2a: Politoed\n|-damage|p2a: Politoed|74/100\n|-enditem|p2a: Politoed|Damp Rock|[from] move: Knock Off|[of] p1a: Tornadus\n|move|p2a: Politoed|Ice Beam|p1a: Tornadus\n|-supereffective|p1a: Tornadus\n|-damage|p1a: Tornadus|45/100\n|\n|-weather|RainDance|[upkeep]\n|upkeep\n|turn|2\n|\n|t:|1782447021\n|move|p1a: Tornadus|U-turn|p2a: Politoed\n|-damage|p2a: Politoed|54/100\n|\n|t:|1782447031\n|switch|p1a: Ogerpon|Ogerpon-Wellspring, F|100/100|[from] U-turn\n|move|p2a: Politoed|Ice Beam|p1a: Ogerpon\n|-damage|p1a: Ogerpon|71/100\n|\n|-weather|RainDance|[upkeep]\n|upkeep\n|turn|3\n|\n|t:|1782447041\n|switch|p2a: Zapdos|Zapdos|100/100\n|-ability|p2a: Zapdos|Pressure\n|move|p1a: Ogerpon|Horn Leech|p2a: Zapdos\n|-resisted|p2a: Zapdos\n|-damage|p2a: Zapdos|79/100\n|-heal|p1a: Ogerpon|85/100|[from] drain|[of] p2a: Zapdos\n|\n|-weather|RainDance|[upkeep]\n|upkeep\n|turn|4\n|\n|t:|1782447053\n|move|p1a: Ogerpon|Ivy Cudgel|p2a: Zapdos|[anim] Ivy Cudgel Water\n|-damage|p2a: Zapdos|0 fnt\n|faint|p2a: Zapdos\n|\n|-weather|RainDance|[upkeep]\n|upkeep\n|\n|t:|1782447059\n|switch|p2a: Pelipper|Pelipper, M|100/100\n|turn|5\n|\n|t:|1782447071\n|-terastallize|p1a: Ogerpon|Water\n|detailschange|p1a: Ogerpon|Ogerpon-Wellspring-Tera, F, tera:Water\n|-ability|p1a: Ogerpon|Embody Aspect (Wellspring)|boost\n|-boost|p1a: Ogerpon|spd|1\n|move|p1a: Ogerpon|Horn Leech|p2a: Pelipper\n|-crit|p2a: Pelipper\n|-damage|p2a: Pelipper|11/100\n|-heal|p1a: Ogerpon|100/100|[from] drain|[of] p2a: Pelipper\n|move|p2a: Pelipper|Hurricane|p1a: Ogerpon\n|-damage|p1a: Ogerpon|60/100\n|\n|-weather|RainDance|[upkeep]\n|upkeep\n|turn|6\n|\n|t:|1782447095\n|switch|p2a: Politoed|Politoed, F, shiny|54/100\n|move|p1a: Ogerpon|Horn Leech|p2a: Politoed\n|-supereffective|p2a: Politoed\n|-damage|p2a: Politoed|0 fnt\n|-heal|p1a: Ogerpon|88/100|[from] drain|[of] p2a: Politoed\n|faint|p2a: Politoed\n|\n|-weather|RainDance|[upkeep]\n|upkeep\n|\n|t:|1782447102\n|switch|p2a: Kingdra|Kingdra, M, shiny|100/100\n|turn|7\n|\n|t:|1782447115\n|move|p2a: Kingdra|Draco Meteor|p1a: Ogerpon\n|-damage|p1a: Ogerpon|44/100\n|-unboost|p2a: Kingdra|spa|2\n|move|p1a: Ogerpon|Encore|p2a: Kingdra\n|-start|p2a: Kingdra|Encore\n|\n|-weather|RainDance|[upkeep]\n|upkeep\n|turn|8\n|\n|t:|1782447130\n|move|p2a: Kingdra|Draco Meteor|p1a: Ogerpon\n|-damage|p1a: Ogerpon|21/100\n|-unboost|p2a: Kingdra|spa|2\n|move|p1a: Ogerpon|Horn Leech|p2a: Kingdra\n|-damage|p2a: Kingdra|48/100\n|-heal|p1a: Ogerpon|46/100|[from] drain|[of] p2a: Kingdra\n|\n|-weather|none\n|upkeep\n|turn|9\n|\n|t:|1782447143\n|move|p1a: Ogerpon|Swords Dance|p1a: Ogerpon\n|-boost|p1a: Ogerpon|atk|2\n|move|p2a: Kingdra|Draco Meteor|p1a: Ogerpon\n|-crit|p1a: Ogerpon\n|-damage|p1a: Ogerpon|0 fnt\n|-unboost|p2a: Kingdra|spa|2\n|faint|p1a: Ogerpon\n|detailschange|p1: Ogerpon|Ogerpon-Wellspring, F|[silent]\n|\n|upkeep\n|c|☆johtoboi_9|;)\n|\n|t:|1782447157\n|switch|p1a: Dragapult|Dragapult, M|100/100\n|turn|10\n|\n|t:|1782447167\n|switch|p2a: Pelipper|Pelipper, M|11/100\n|-weather|RainDance|[from] ability: Drizzle|[of] p2a: Pelipper\n|move|p1a: Dragapult|Shadow Ball|p2a: Pelipper\n|-damage|p2a: Pelipper|0 fnt\n|faint|p2a: Pelipper\n|\n|-weather|RainDance|[upkeep]\n|upkeep\n|\n|t:|1782447183\n|switch|p2a: Kingdra|Kingdra, M, shiny|48/100\n|turn|11\n|\n|t:|1782447188\n|switch|p1a: Tornadus|Tornadus-Therian, M|78/100\n|move|p2a: Kingdra|Focus Energy|p2a: Kingdra\n|-start|p2a: Kingdra|move: Focus Energy\n|\n|-weather|RainDance|[upkeep]\n|upkeep\n|turn|12\n|\n|t:|1782447197\n|move|p2a: Kingdra|Draco Meteor|p1a: Tornadus\n|-crit|p1a: Tornadus\n|-damage|p1a: Tornadus|0 fnt\n|-unboost|p2a: Kingdra|spa|2\n|faint|p1a: Tornadus\n|\n|-weather|RainDance|[upkeep]\n|upkeep\n|\n|t:|1782447219\n|switch|p1a: Dragapult|Dragapult, M|100/100\n|turn|13\n|\n|t:|1782447224\n|switch|p1a: Heatran|Heatran, F|100/100\n|move|p2a: Kingdra|Draco Meteor|p1a: Heatran\n|-resisted|p1a: Heatran\n|-crit|p1a: Heatran\n|-damage|p1a: Heatran|74/100\n|-unboost|p2a: Kingdra|spa|2\n|\n|-weather|RainDance|[upkeep]\n|-heal|p1a: Heatran|80/100|[from] item: Leftovers\n|upkeep\n|turn|14\n|\n|t:|1782447237\n|switch|p1a: Great Tusk|Great Tusk|100/100\n|move|p2a: Kingdra|Scald|p1a: Great Tusk\n|-supereffective|p1a: Great Tusk\n|-crit|p1a: Great Tusk\n|-damage|p1a: Great Tusk|0 fnt\n|faint|p1a: Great Tusk\n|-end|p1a: Great Tusk|Protosynthesis|[silent]\n|\n|-weather|RainDance|[upkeep]\n|upkeep\n|\n|t:|1782447251\n|switch|p1a: Iron Valiant|Iron Valiant|100/100\n|-enditem|p1a: Iron Valiant|Booster Energy\n|-activate|p1a: Iron Valiant|ability: Quark Drive|[fromitem]\n|-start|p1a: Iron Valiant|quarkdrivespe\n|turn|15\n|\n|t:|1782447257\n|move|p1a: Iron Valiant|Calm Mind|p1a: Iron Valiant\n|-boost|p1a: Iron Valiant|spa|1\n|-boost|p1a: Iron Valiant|spd|1\n|move|p2a: Kingdra|Scald|p1a: Iron Valiant\n|-crit|p1a: Iron Valiant\n|-damage|p1a: Iron Valiant|0 fnt\n|faint|p1a: Iron Valiant\n|-end|p1a: Iron Valiant|Quark Drive|[silent]\n|\n|-weather|RainDance|[upkeep]\n|upkeep\n|c|☆johtoboi_9|')\n|\n|t:|1782447271\n|switch|p1a: Heatran|Heatran, F|80/100\n|turn|16\n|c|☆johtoboi_9|:)\n|c|☆johtoboi_9|;)\n|\n|t:|1782447277\n|switch|p1a: Dragapult|Dragapult, M|100/100\n|move|p2a: Kingdra|Scald|p1a: Dragapult\n|-resisted|p1a: Dragapult\n|-crit|p1a: Dragapult\n|-damage|p1a: Dragapult|41/100\n|-status|p1a: Dragapult|brn\n|\n|-weather|RainDance|[upkeep]\n|-damage|p1a: Dragapult|35/100 brn|[from] brn\n|upkeep\n|turn|17\n|\n|t:|1782447295\n|switch|p1a: Heatran|Heatran, F|80/100\n|move|p2a: Kingdra|Scald|p1a: Heatran\n|-supereffective|p1a: Heatran\n|-crit|p1a: Heatran\n|-damage|p1a: Heatran|0 fnt\n|faint|p1a: Heatran\n|\n|-weather|none\n|upkeep\n|\n|t:|1782447305\n|switch|p1a: Dragapult|Dragapult, M|35/100 brn\n|turn|18\n|\n|t:|1782447310\n|move|p1a: Dragapult|Shadow Ball|p2a: Kingdra\n|-damage|p2a: Kingdra|0 fnt\n|faint|p2a: Kingdra\n|\n|-damage|p1a: Dragapult|29/100 brn|[from] brn\n|upkeep\n|\n|t:|1782447315\n|switch|p2a: Poliwrath|Poliwrath, M|100/100\n|turn|19\n|\n|t:|1782447321\n|move|p1a: Dragapult|Shadow Ball|p2a: Poliwrath\n|-damage|p2a: Poliwrath|42/100\n|-enditem|p2a: Poliwrath|Sitrus Berry|[eat]\n|-heal|p2a: Poliwrath|67/100|[from] item: Sitrus Berry\n|move|p2a: Poliwrath|Rain Dance|p2a: Poliwrath\n|-weather|RainDance\n|\n|-weather|RainDance|[upkeep]\n|-damage|p1a: Dragapult|23/100 brn|[from] brn\n|upkeep\n|turn|20\n|c|☆johtoboi_9|;0\n|\n|t:|1782447338\n|move|p2a: Poliwrath|Waterfall|p1a: Dragapult\n|-resisted|p1a: Dragapult\n|-damage|p1a: Dragapult|0 fnt\n|faint|p1a: Dragapult\n|\n|win|johtoboi_9\n|raw|shano1994's rating: 1170 &rarr; <strong>1147</strong><br />(-23 for losing)\n|raw|johtoboi_9's rating: 1193 &rarr; <strong>1216</strong><br />(+23 for winning)\n|l|☆johtoboi_9\n|player|p2|\n|l|☆shano1994\n|player|p1|\n", "uploadtime": 1782447626, "views": 4, "formatid": "gen9ou", "rating": 1147, "private": 0, "password": null}