{"id": "gen9ou-2639311137", "format": "[Gen 9] OU", "players": ["Lily_Garden", "i am bad its ok"], "log": "|j|☆Lily_Garden\n|j|☆i am bad its ok\n|t:|1782450718\n|gametype|singles\n|player|p1|Lily_Garden|parasollady|1231\n|player|p2|i am bad its ok|169|1187\n|gen|9\n|tier|[Gen 9] OU\n|rated|\n|rule|HP Percentage Mod: HP is shown in percentages\n|rule|Endless Battle Clause: Forcing endless battles is banned\n|rule|Species Clause: Limit one of each Pokémon\n|rule|OHKO Clause: OHKO moves are banned\n|rule|Evasion Items Clause: Evasion items are banned\n|rule|Evasion Moves Clause: Evasion moves are banned\n|rule|Evasion Abilities Clause: Evasion abilities are banned\n|rule|Sleep Moves Clause: Sleep-inducing moves are banned\n|clearpoke\n|poke|p1|Garganacl, M|\n|poke|p1|Pecharunt|\n|poke|p1|Hatterene, F|\n|poke|p1|Dragonite, M|\n|poke|p1|Gliscor, M|\n|poke|p1|Kingambit, F|\n|poke|p2|Hoopa-Unbound|\n|poke|p2|Indeedee, M|\n|poke|p2|Gardevoir, F|\n|poke|p2|Iron Crown|\n|poke|p2|Deoxys-Speed|\n|poke|p2|Mienshao, M|\n|teampreview\n|inactive|Battle timer is ON: inactive players will automatically lose when time's up. (requested by Lily_Garden)\n|\n|t:|1782450733\n|teamsize|p1|6\n|teamsize|p2|6\n|start\n|switch|p1a: Hatterene|Hatterene, F|100/100\n|switch|p2a: Indeedee|Indeedee, M|100/100\n|-fieldstart|move: Psychic Terrain|[from] ability: Psychic Surge|[of] p2a: Indeedee\n|turn|1\n|\n|t:|1782450743\n|switch|p2a: Iron Crown|Iron Crown|100/100\n|move|p1a: Hatterene|Nuzzle|p2a: Iron Crown\n|-damage|p2a: Iron Crown|96/100\n|-status|p2a: Iron Crown|par\n|\n|upkeep\n|turn|2\n|\n|t:|1782450754\n|cant|p2a: Iron Crown|par\n|move|p1a: Hatterene|Calm Mind|p1a: Hatterene\n|-boost|p1a: Hatterene|spa|1\n|-boost|p1a: Hatterene|spd|1\n|\n|upkeep\n|turn|3\n|\n|t:|1782450760\n|move|p2a: Iron Crown|Tachyon Cutter|p1a: Hatterene\n|-supereffective|p1a: Hatterene\n|-damage|p1a: Hatterene|51/100\n|-supereffective|p1a: Hatterene\n|-damage|p1a: Hatterene|0 fnt\n|faint|p1a: Hatterene\n|-hitcount|p1: Hatterene|2\n|\n|upkeep\n|\n|t:|1782450774\n|switch|p1a: Garganacl|Garganacl, M|100/100\n|turn|4\n|\n|t:|1782450779\n|-terastallize|p1a: Garganacl|Grass\n|move|p2a: Iron Crown|Tachyon Cutter|p1a: Garganacl\n|-damage|p1a: Garganacl|64/100\n|-damage|p1a: Garganacl|30/100\n|-hitcount|p1a: Garganacl|2\n|move|p1a: Garganacl|Earthquake|p2a: Iron Crown\n|-supereffective|p2a: Iron Crown\n|-damage|p2a: Iron Crown|22/100 par\n|\n|-heal|p1a: Garganacl|37/100|[from] item: Leftovers\n|upkeep\n|turn|5\n|\n|t:|1782450792\n|move|p2a: Iron Crown|Tachyon Cutter|p1a: Garganacl\n|-damage|p1a: Garganacl|4/100\n|-damage|p1a: Garganacl|0 fnt\n|faint|p1a: Garganacl\n|-hitcount|p1: Garganacl|2\n|\n|upkeep\n|\n|t:|1782450802\n|switch|p1a: Kingambit|Kingambit, F|100/100\n|-activate|p1a: Kingambit|ability: Supreme Overlord\n|-start|p1a: Kingambit|fallen2|[silent]\n|turn|6\n|\n|t:|1782450808\n|move|p2a: Iron Crown|Tachyon Cutter|p1a: Kingambit\n|-resisted|p1a: Kingambit\n|-damage|p1a: Kingambit|81/100\n|-resisted|p1a: Kingambit\n|-damage|p1a: Kingambit|64/100\n|-hitcount|p1a: Kingambit|2\n|move|p1a: Kingambit|Swords Dance|p1a: Kingambit\n|-boost|p1a: Kingambit|atk|2\n|\n|upkeep\n|turn|7\n|\n|t:|1782450820\n|cant|p2a: Iron Crown|par\n|move|p1a: Kingambit|Iron Head|p2a: Iron Crown\n|-resisted|p2a: Iron Crown\n|-damage|p2a: Iron Crown|0 fnt\n|faint|p2a: Iron Crown\n|-end|p2a: Iron Crown|Quark Drive|[silent]\n|\n|upkeep\n|\n|t:|1782450827\n|switch|p2a: Mienshao|Mienshao, M|100/100\n|turn|8\n|\n|t:|1782450831\n|move|p2a: Mienshao|Close Combat|p1a: Kingambit\n|-supereffective|p1a: Kingambit\n|-crit|p1a: Kingambit\n|-damage|p1a: Kingambit|0 fnt\n|-unboost|p2a: Mienshao|def|1\n|-unboost|p2a: Mienshao|spd|1\n|faint|p1a: Kingambit\n|-end|p1a: Kingambit|fallen2|[silent]\n|\n|-fieldend|move: Psychic Terrain\n|upkeep\n|\n|t:|1782450839\n|switch|p1a: Gliscor|Gliscor, M|100/100\n|turn|9\n|\n|t:|1782450850\n|switch|p2a: Indeedee|Indeedee, M|100/100\n|-fieldstart|move: Psychic Terrain|[from] ability: Psychic Surge|[of] p2a: Indeedee\n|move|p1a: Gliscor|Swords Dance|p1a: Gliscor\n|-boost|p1a: Gliscor|atk|2\n|\n|-status|p1a: Gliscor|tox|[from] item: Toxic Orb\n|upkeep\n|turn|10\n|\n|t:|1782450861\n|switch|p2a: Gardevoir|Gardevoir, F|100/100\n|-ability|p2a: Gardevoir|Poison Heal|Trace|[from] ability: Trace|[of] p1a: Gliscor\n|move|p1a: Gliscor|Earthquake|p2a: Gardevoir\n|-damage|p2a: Gardevoir|0 fnt\n|faint|p2a: Gardevoir\n|\n|upkeep\n|\n|t:|1782450871\n|switch|p2a: Hoopa|Hoopa-Unbound|100/100\n|turn|11\n|\n|t:|1782450879\n|move|p1a: Gliscor|Earthquake|p2a: Hoopa\n|-damage|p2a: Hoopa|0 fnt\n|faint|p2a: Hoopa\n|\n|upkeep\n|\n|t:|1782450885\n|switch|p2a: Indeedee|Indeedee, M|100/100\n|turn|12\n|\n|t:|1782450888\n|move|p1a: Gliscor|Earthquake|p2a: Indeedee\n|-damage|p2a: Indeedee|12/100\n|move|p2a: Indeedee|Expanding Force|p1a: Gliscor\n|-damage|p1a: Gliscor|11/100 tox\n|\n|-heal|p1a: Gliscor|23/100 tox|[from] ability: Poison Heal\n|upkeep\n|turn|13\n|\n|t:|1782450899\n|switch|p2a: Mienshao|Mienshao, M|100/100\n|move|p1a: Gliscor|Dual Wingbeat|p2a: Mienshao\n|-supereffective|p2a: Mienshao\n|-damage|p2a: Mienshao|0 fnt\n|faint|p2a: Mienshao\n|-hitcount|p2: Mienshao|1\n|\n|-heal|p1a: Gliscor|35/100 tox|[from] ability: Poison Heal\n|upkeep\n|\n|t:|1782450909\n|switch|p2a: Deoxys|Deoxys-Speed|100/100\n|-ability|p2a: Deoxys|Pressure\n|turn|14\n|\n|t:|1782450915\n|-terastallize|p2a: Deoxys|Psychic\n|move|p2a: Deoxys|Expanding Force|p1a: Gliscor\n|-damage|p1a: Gliscor|0 fnt\n|faint|p1a: Gliscor\n|\n|upkeep\n|\n|t:|1782450923\n|switch|p1a: Dragonite|Dragonite, M|100/100\n|turn|15\n|\n|t:|1782450928\n|move|p2a: Deoxys|Expanding Force|p1a: Dragonite\n|-damage|p1a: Dragonite|35/100\n|move|p1a: Dragonite|Dragon Tail|p2a: Deoxys\n|-damage|p2a: Deoxys|48/100\n|drag|p2a: Indeedee|Indeedee, M|12/100\n|\n|-heal|p1a: Dragonite|41/100|[from] item: Leftovers\n|upkeep\n|turn|16\n|\n|t:|1782450945\n|move|p2a: Indeedee|Expanding Force|p1a: Dragonite\n|-crit|p1a: Dragonite\n|-damage|p1a: Dragonite|0 fnt\n|faint|p1a: Dragonite\n|\n|-fieldend|move: Psychic Terrain\n|upkeep\n|\n|t:|1782450949\n|switch|p1a: Pecharunt|Pecharunt|100/100\n|-item|p1a: Pecharunt|Air Balloon\n|turn|17\n|\n|t:|1782450961\n|move|p1a: Pecharunt|Malignant Chain|p2a: Indeedee\n|-damage|p2a: Indeedee|0 fnt\n|faint|p2a: Indeedee\n|\n|upkeep\n|\n|t:|1782450967\n|switch|p2a: Deoxys|Deoxys-Speed, tera:Psychic|48/100\n|-ability|p2a: Deoxys|Pressure\n|turn|18\n|\n|t:|1782450972\n|move|p2a: Deoxys|Expanding Force|p1a: Pecharunt\n|-supereffective|p1a: Pecharunt\n|-damage|p1a: Pecharunt|0 fnt\n|-enditem|p1a: Pecharunt|Air Balloon\n|faint|p1a: Pecharunt\n|\n|win|i am bad its ok\n|raw|Lily_Garden's rating: 1231 &rarr; <strong>1203</strong><br />(-28 for losing)\n|raw|i am bad its ok's rating: 1187 &rarr; <strong>1215</strong><br />(+28 for winning)\n|l|☆Lily_Garden\n|player|p1|\n|c|☆i am bad its ok|Gg\n|l|☆i am bad its ok\n|player|p2|\n", "uploadtime": 1782451256, "views": 4, "formatid": "gen9ou", "rating": 1203, "private": 0, "password": null}