{"id": "gen9ou-2639207245", "format": "[Gen 9] OU", "players": ["rcchard", "pokouok"], "log": "|j|‽rcchard\n|j|☆pokouok\n|t:|1782434124\n|gametype|singles\n|player|p1|rcchard|steven|1103\n|player|p2|pokouok|2|1100\n|gen|9\n|tier|[Gen 9] OU\n|rated|\n|rule|HP Percentage Mod: HP is shown in percentages\n|rule|Endless Battle Clause: Forcing endless battles is banned\n|rule|Species Clause: Limit one of each Pokémon\n|rule|OHKO Clause: OHKO moves are banned\n|rule|Evasion Items Clause: Evasion items are banned\n|rule|Evasion Moves Clause: Evasion moves are banned\n|rule|Evasion Abilities Clause: Evasion abilities are banned\n|rule|Sleep Moves Clause: Sleep-inducing moves are banned\n|clearpoke\n|poke|p1|Garchomp, M|\n|poke|p1|Milotic, F|\n|poke|p1|Scizor, M|\n|poke|p1|Houndoom, M|\n|poke|p1|Gallade, M|\n|poke|p1|Gastrodon, F|\n|poke|p2|Pikachu, F|\n|poke|p2|Charizard, F|\n|poke|p2|Blastoise, F|\n|poke|p2|Venusaur, F|\n|poke|p2|Snorlax, F|\n|poke|p2|Umbreon, F|\n|teampreview\n|\n|t:|1782434136\n|teamsize|p1|6\n|teamsize|p2|6\n|start\n|switch|p1a: Gastrodon|Gastrodon, F|100/100\n|switch|p2a: Pikachu|Pikachu, F|100/100\n|turn|1\n|\n|t:|1782434142\n|move|p2a: Pikachu|Fake Out|p1a: Gastrodon\n|-damage|p1a: Gastrodon|87/100\n|cant|p1a: Gastrodon|flinch\n|\n|-heal|p1a: Gastrodon|93/100|[from] item: Leftovers\n|upkeep\n|turn|2\n|\n|t:|1782434151\n|switch|p2a: Venusaur|Venusaur, F|100/100\n|move|p1a: Gastrodon|Surf|p2a: Venusaur\n|-resisted|p2a: Venusaur\n|-damage|p2a: Venusaur|83/100\n|\n|-heal|p2a: Venusaur|90/100|[from] item: Leftovers\n|-heal|p1a: Gastrodon|99/100|[from] item: Leftovers\n|upkeep\n|turn|3\n|\n|t:|1782434160\n|-terastallize|p1a: Gastrodon|Normal\n|move|p2a: Venusaur|Leech Seed|p1a: Gastrodon\n|-start|p1a: Gastrodon|move: Leech Seed\n|move|p1a: Gastrodon|Ice Beam|p2a: Venusaur\n|-supereffective|p2a: Venusaur\n|-damage|p2a: Venusaur|43/100\n|\n|-heal|p2a: Venusaur|49/100|[from] item: Leftovers\n|-heal|p1a: Gastrodon|100/100|[from] item: Leftovers\n|-damage|p1a: Gastrodon|88/100|[from] Leech Seed|[of] p2a: Venusaur\n|-heal|p2a: Venusaur|63/100|[silent]\n|upkeep\n|turn|4\n|\n|t:|1782434172\n|move|p2a: Venusaur|Giga Drain|p1a: Gastrodon\n|-damage|p1a: Gastrodon|65/100\n|-heal|p2a: Venusaur|77/100|[from] drain|[of] p1a: Gastrodon\n|move|p1a: Gastrodon|Ice Beam|p2a: Venusaur\n|-supereffective|p2a: Venusaur\n|-damage|p2a: Venusaur|30/100\n|\n|-heal|p2a: Venusaur|36/100|[from] item: Leftovers\n|-heal|p1a: Gastrodon|71/100|[from] item: Leftovers\n|-damage|p1a: Gastrodon|58/100|[from] Leech Seed|[of] p2a: Venusaur\n|-heal|p2a: Venusaur|51/100|[silent]\n|upkeep\n|turn|5\n|\n|t:|1782434184\n|switch|p2a: Snorlax|Snorlax, F|100/100\n|move|p1a: Gastrodon|Ice Beam|p2a: Snorlax\n|-damage|p2a: Snorlax|92/100\n|\n|-heal|p1a: Gastrodon|65/100|[from] item: Leftovers\n|-heal|p2a: Snorlax|98/100|[from] item: Leftovers\n|-damage|p1a: Gastrodon|52/100|[from] Leech Seed|[of] p2a: Snorlax\n|-heal|p2a: Snorlax|100/100|[silent]\n|upkeep\n|turn|6\n|\n|t:|1782434195\n|move|p1a: Gastrodon|Earth Power|p2a: Snorlax\n|-damage|p2a: Snorlax|76/100\n|move|p2a: Snorlax|Curse|p2a: Snorlax\n|-unboost|p2a: Snorlax|spe|1\n|-boost|p2a: Snorlax|atk|1\n|-boost|p2a: Snorlax|def|1\n|\n|-heal|p1a: Gastrodon|58/100|[from] item: Leftovers\n|-heal|p2a: Snorlax|83/100|[from] item: Leftovers\n|-damage|p1a: Gastrodon|46/100|[from] Leech Seed|[of] p2a: Snorlax\n|-heal|p2a: Snorlax|93/100|[silent]\n|upkeep\n|turn|7\n|\n|t:|1782434207\n|move|p1a: Gastrodon|Surf|p2a: Snorlax\n|-damage|p2a: Snorlax|67/100\n|move|p2a: Snorlax|Curse|p2a: Snorlax\n|-unboost|p2a: Snorlax|spe|1\n|-boost|p2a: Snorlax|atk|1\n|-boost|p2a: Snorlax|def|1\n|\n|-heal|p1a: Gastrodon|52/100|[from] item: Leftovers\n|-heal|p2a: Snorlax|74/100|[from] item: Leftovers\n|-damage|p1a: Gastrodon|39/100|[from] Leech Seed|[of] p2a: Snorlax\n|-heal|p2a: Snorlax|84/100|[silent]\n|upkeep\n|turn|8\n|\n|t:|1782434219\n|switch|p1a: Houndoom|Houndoom, M|100/100\n|move|p2a: Snorlax|Earthquake|p1a: Houndoom\n|-supereffective|p1a: Houndoom\n|-damage|p1a: Houndoom|0 fnt\n|faint|p1a: Houndoom\n|\n|-heal|p2a: Snorlax|90/100|[from] item: Leftovers\n|upkeep\n|\n|t:|1782434227\n|switch|p1a: Milotic|Milotic, F|100/100\n|turn|9\n|\n|t:|1782434232\n|move|p1a: Milotic|Surf|p2a: Snorlax\n|-damage|p2a: Snorlax|64/100\n|move|p2a: Snorlax|Earthquake|p1a: Milotic\n|-damage|p1a: Milotic|26/100\n|\n|-heal|p1a: Milotic|32/100|[from] item: Leftovers\n|-heal|p2a: Snorlax|71/100|[from] item: Leftovers\n|upkeep\n|turn|10\n|\n|t:|1782434246\n|switch|p1a: Gastrodon|Gastrodon, F, tera:Normal|39/100\n|move|p2a: Snorlax|Earthquake|p1a: Gastrodon\n|-damage|p1a: Gastrodon|0 fnt\n|faint|p1a: Gastrodon\n|\n|-heal|p2a: Snorlax|77/100|[from] item: Leftovers\n|upkeep\n|-message|rcchard forfeited.\n|\n|win|pokouok\n|raw|rcchard's rating: 1103 &rarr; <strong>1077</strong><br />(-26 for losing)\n|raw|pokouok's rating: 1095 &rarr; <strong>1121</strong><br />(+26 for winning)\n|l|‽rcchard\n|player|p1|\n", "uploadtime": 1782434595, "views": 7, "formatid": "gen9ou", "rating": 1077, "private": 0, "password": null}