{"id": "gen9ou-2647691930", "format": "[Gen 9] OU", "players": ["idontexist265", "rdserf"], "log": "|j|☆idontexist265\n|j|☆rdserf\n|t:|1783797082\n|gametype|singles\n|player|p1|idontexist265|265|1342\n|player|p2|rdserf|2|1282\n|gen|9\n|tier|[Gen 9] OU\n|rated|\n|rule|HP Percentage Mod: HP is shown in percentages\n|rule|Endless Battle Clause: Forcing endless battles is banned\n|rule|Species Clause: Limit one of each Pokémon\n|rule|OHKO Clause: OHKO moves are banned\n|rule|Evasion Items Clause: Evasion items are banned\n|rule|Evasion Moves Clause: Evasion moves are banned\n|rule|Evasion Abilities Clause: Evasion abilities are banned\n|rule|Sleep Moves Clause: Sleep-inducing moves are banned\n|clearpoke\n|poke|p1|Kyurem|\n|poke|p1|Corviknight, F|\n|poke|p1|Ting-Lu|\n|poke|p1|Dondozo, M|\n|poke|p1|Slowking-Galar, L99, F|\n|poke|p1|Cinderace, M|\n|poke|p2|Salamence, M|\n|poke|p2|Politoed, F|\n|poke|p2|Toxicroak, M|\n|poke|p2|Bisharp, F|\n|poke|p2|Conkeldurr, M|\n|poke|p2|Floatzel, F|\n|teampreview\n|\n|t:|1783797107\n|teamsize|p1|6\n|teamsize|p2|6\n|start\n|switch|p1a: Corviknight|Corviknight, F|100/100\n|switch|p2a: Floatzel|Floatzel, F|100/100\n|-ability|p1a: Corviknight|Pressure\n|turn|1\n|\n|t:|1783797112\n|move|p2a: Floatzel|Flip Turn|p1a: Corviknight\n|-damage|p1a: Corviknight|76/100\n|-damage|p2a: Floatzel|84/100|[from] item: Rocky Helmet|[of] p1a: Corviknight\n|\n|t:|1783797117\n|switch|p2a: Politoed|Politoed, F|100/100|[from] Flip Turn\n|-weather|RainDance|[from] ability: Drizzle|[of] p2a: Politoed\n|move|p1a: Corviknight|U-turn|p2a: Politoed\n|-damage|p2a: Politoed|85/100\n|\n|t:|1783797119\n|switch|p1a: Slowking|Slowking-Galar, L99, F|100/100|[from] U-turn\n|\n|-weather|RainDance|[upkeep]\n|upkeep\n|turn|2\n|\n|t:|1783797122\n|move|p2a: Politoed|Earth Power|p1a: Slowking\n|-supereffective|p1a: Slowking\n|-damage|p1a: Slowking|71/100\n|-prepare|p1a: Slowking|Chilly Reception|[premajor]\n|move|p1a: Slowking|Chilly Reception|p1a: Slowking\n|-weather|Snowscape\n|\n|t:|1783797125\n|switch|p1a: Kyurem|Kyurem|100/100|[from] Chilly Reception\n|-ability|p1a: Kyurem|Pressure\n|\n|-weather|Snowscape|[upkeep]\n|upkeep\n|turn|3\n|\n|t:|1783797127\n|switch|p2a: Conkeldurr|Conkeldurr, M|100/100\n|move|p1a: Kyurem|Substitute|p1a: Kyurem\n|-start|p1a: Kyurem|Substitute\n|-damage|p1a: Kyurem|75/100\n|\n|-weather|Snowscape|[upkeep]\n|-heal|p1a: Kyurem|82/100|[from] item: Leftovers\n|upkeep\n|turn|4\n|\n|t:|1783797131\n|move|p1a: Kyurem|Freeze-Dry|p2a: Conkeldurr\n|-damage|p2a: Conkeldurr|70/100\n|move|p2a: Conkeldurr|Drain Punch|p1a: Kyurem\n|-supereffective|p1a: Kyurem\n|-end|p1a: Kyurem|Substitute\n|-heal|p2a: Conkeldurr|83/100|[from] drain|[of] p1a: Kyurem\n|\n|-weather|Snowscape|[upkeep]\n|-heal|p1a: Kyurem|88/100|[from] item: Leftovers\n|upkeep\n|turn|5\n|\n|t:|1783797139\n|switch|p2a: Politoed|Politoed, F|85/100\n|-weather|RainDance|[from] ability: Drizzle|[of] p2a: Politoed\n|move|p1a: Kyurem|Protect||[still]\n|-fail|p1a: Kyurem\n|\n|-weather|RainDance|[upkeep]\n|-heal|p1a: Kyurem|94/100|[from] item: Leftovers\n|upkeep\n|turn|6\n|\n|t:|1783797147\n|switch|p2a: Conkeldurr|Conkeldurr, M|83/100\n|move|p1a: Kyurem|Substitute|p1a: Kyurem\n|-start|p1a: Kyurem|Substitute\n|-damage|p1a: Kyurem|69/100\n|\n|-weather|RainDance|[upkeep]\n|-heal|p1a: Kyurem|75/100|[from] item: Leftovers\n|upkeep\n|turn|7\n|\n|t:|1783797150\n|move|p1a: Kyurem|Earth Power|p2a: Conkeldurr\n|-damage|p2a: Conkeldurr|55/100\n|move|p2a: Conkeldurr|Drain Punch|p1a: Kyurem\n|-supereffective|p1a: Kyurem\n|-end|p1a: Kyurem|Substitute\n|-heal|p2a: Conkeldurr|68/100|[from] drain|[of] p1a: Kyurem\n|\n|-weather|RainDance|[upkeep]\n|-heal|p1a: Kyurem|81/100|[from] item: Leftovers\n|upkeep\n|turn|8\n|\n|t:|1783797159\n|move|p1a: Kyurem|Protect|p1a: Kyurem\n|-singleturn|p1a: Kyurem|Protect\n|move|p2a: Conkeldurr|Drain Punch|p1a: Kyurem\n|-activate|p1a: Kyurem|move: Protect\n|\n|-weather|RainDance|[upkeep]\n|-heal|p1a: Kyurem|88/100|[from] item: Leftovers\n|upkeep\n|turn|9\n|\n|t:|1783797165\n|switch|p1a: Dondozo|Dondozo, M|100/100\n|move|p2a: Conkeldurr|Drain Punch|p1a: Dondozo\n|-damage|p1a: Dondozo|86/100\n|-heal|p2a: Conkeldurr|77/100|[from] drain|[of] p1a: Dondozo\n|\n|-weather|RainDance|[upkeep]\n|-heal|p1a: Dondozo|92/100|[from] item: Leftovers\n|upkeep\n|turn|10\n|\n|t:|1783797176\n|switch|p2a: Toxicroak|Toxicroak, M|100/100\n|move|p1a: Dondozo|Curse|p1a: Dondozo\n|-unboost|p1a: Dondozo|spe|1\n|-boost|p1a: Dondozo|atk|1\n|-boost|p1a: Dondozo|def|1\n|\n|-weather|RainDance|[upkeep]\n|-heal|p1a: Dondozo|98/100|[from] item: Leftovers\n|upkeep\n|turn|11\n|\n|t:|1783797186\n|move|p2a: Toxicroak|Gunk Shot|p1a: Dondozo\n|-damage|p1a: Dondozo|77/100\n|-damage|p2a: Toxicroak|91/100|[from] item: Life Orb\n|move|p1a: Dondozo|Body Press|p2a: Toxicroak\n|-resisted|p2a: Toxicroak\n|-damage|p2a: Toxicroak|58/100\n|\n|-weather|RainDance|[upkeep]\n|-heal|p2a: Toxicroak|71/100|[from] ability: Dry Skin\n|-heal|p1a: Dondozo|83/100|[from] item: Leftovers\n|upkeep\n|turn|12\n|\n|t:|1783797191\n|move|p2a: Toxicroak|Gunk Shot|p1a: Dondozo\n|-damage|p1a: Dondozo|62/100\n|-damage|p2a: Toxicroak|61/100|[from] item: Life Orb\n|move|p1a: Dondozo|Curse|p1a: Dondozo\n|-unboost|p1a: Dondozo|spe|1\n|-boost|p1a: Dondozo|atk|1\n|-boost|p1a: Dondozo|def|1\n|\n|-weather|none\n|-heal|p1a: Dondozo|68/100|[from] item: Leftovers\n|upkeep\n|turn|13\n|\n|t:|1783797196\n|switch|p2a: Politoed|Politoed, F|85/100\n|-weather|RainDance|[from] ability: Drizzle|[of] p2a: Politoed\n|move|p1a: Dondozo|Body Press|p2a: Politoed\n|-damage|p2a: Politoed|22/100\n|\n|-weather|RainDance|[upkeep]\n|-heal|p1a: Dondozo|74/100|[from] item: Leftovers\n|upkeep\n|turn|14\n|\n|t:|1783797200\n|move|p2a: Politoed|Haze|p2a: Politoed\n|-clearallboost\n|move|p1a: Dondozo|Body Press|p2a: Politoed\n|-damage|p2a: Politoed|0 fnt\n|faint|p2a: Politoed\n|\n|-weather|RainDance|[upkeep]\n|-heal|p1a: Dondozo|80/100|[from] item: Leftovers\n|upkeep\n|\n|t:|1783797203\n|switch|p2a: Salamence|Salamence, M|100/100\n|-ability|p2a: Salamence|Intimidate|boost\n|-unboost|p1a: Dondozo|atk|1\n|turn|15\n|\n|t:|1783797208\n|switch|p1a: Corviknight|Corviknight, F|76/100\n|-ability|p1a: Corviknight|Pressure\n|move|p2a: Salamence|Hurricane|p1a: Corviknight\n|-resisted|p1a: Corviknight\n|-damage|p1a: Corviknight|34/100\n|\n|-weather|RainDance|[upkeep]\n|upkeep\n|turn|16\n|\n|t:|1783797227\n|switch|p1a: Ting-Lu|Ting-Lu|100/100\n|-ability|p1a: Ting-Lu|Vessel of Ruin\n|move|p2a: Salamence|Hurricane|p1a: Ting-Lu\n|-damage|p1a: Ting-Lu|66/100\n|\n|-weather|RainDance|[upkeep]\n|-heal|p1a: Ting-Lu|72/100|[from] item: Leftovers\n|upkeep\n|turn|17\n|\n|t:|1783797230\n|move|p2a: Salamence|Hurricane|p1a: Ting-Lu\n|-damage|p1a: Ting-Lu|35/100\n|-start|p1a: Ting-Lu|confusion\n|-activate|p1a: Ting-Lu|confusion\n|move|p1a: Ting-Lu|Payback|p2a: Salamence\n|-damage|p2a: Salamence|56/100\n|\n|-weather|RainDance|[upkeep]\n|-heal|p1a: Ting-Lu|41/100|[from] item: Leftovers\n|upkeep\n|turn|18\n|\n|t:|1783797235\n|move|p2a: Salamence|Hurricane|p1a: Ting-Lu\n|-damage|p1a: Ting-Lu|6/100\n|-activate|p1a: Ting-Lu|confusion\n|move|p1a: Ting-Lu|Rest|p1a: Ting-Lu\n|-status|p1a: Ting-Lu|slp|[from] move: Rest\n|-heal|p1a: Ting-Lu|100/100 slp|[silent]\n|\n|-weather|RainDance|[upkeep]\n|upkeep\n|turn|19\n|\n|t:|1783797238\n|switch|p2a: Bisharp|Bisharp, F|100/100\n|cant|p1a: Ting-Lu|slp\n|-activate|p1a: Ting-Lu|confusion\n|-damage|p1a: Ting-Lu|95/100 slp|[from] confusion\n|\n|-weather|RainDance|[upkeep]\n|-heal|p1a: Ting-Lu|100/100 slp|[from] item: Leftovers\n|upkeep\n|turn|20\n|\n|t:|1783797241\n|move|p2a: Bisharp|Stealth Rock|p1a: Ting-Lu\n|-sidestart|p1: idontexist265|move: Stealth Rock\n|cant|p1a: Ting-Lu|slp\n|-activate|p1a: Ting-Lu|confusion\n|move|p1a: Ting-Lu|Sleep Talk|p1a: Ting-Lu\n|move|p1a: Ting-Lu|Payback|p2a: Bisharp|[from] move: Sleep Talk\n|-resisted|p2a: Bisharp\n|-damage|p2a: Bisharp|78/100\n|\n|-weather|none\n|upkeep\n|turn|21\n|\n|t:|1783797248\n|move|p2a: Bisharp|Low Sweep|p1a: Ting-Lu\n|-supereffective|p1a: Ting-Lu\n|-damage|p1a: Ting-Lu|78/100 slp\n|-unboost|p1a: Ting-Lu|spe|1\n|-curestatus|p1a: Ting-Lu|slp|[msg]\n|-end|p1a: Ting-Lu|confusion\n|move|p1a: Ting-Lu|Sleep Talk||[still]\n|-fail|p1a: Ting-Lu\n|\n|-heal|p1a: Ting-Lu|85/100|[from] item: Leftovers\n|upkeep\n|turn|22\n|\n|t:|1783797252\n|move|p2a: Bisharp|Low Sweep|p1a: Ting-Lu\n|-supereffective|p1a: Ting-Lu\n|-damage|p1a: Ting-Lu|60/100\n|-unboost|p1a: Ting-Lu|spe|1\n|move|p1a: Ting-Lu|Earthquake|p2a: Bisharp\n|-supereffective|p2a: Bisharp\n|-damage|p2a: Bisharp|0 fnt\n|faint|p2a: Bisharp\n|\n|-heal|p1a: Ting-Lu|66/100|[from] item: Leftovers\n|upkeep\n|\n|t:|1783797255\n|switch|p2a: Salamence|Salamence, M|56/100\n|-ability|p2a: Salamence|Intimidate|boost\n|-unboost|p1a: Ting-Lu|atk|1\n|turn|23\n|\n|t:|1783797263\n|move|p2a: Salamence|Hydro Pump|p1a: Ting-Lu\n|-supereffective|p1a: Ting-Lu\n|-damage|p1a: Ting-Lu|22/100\n|move|p1a: Ting-Lu|Payback|p2a: Salamence\n|-damage|p2a: Salamence|24/100\n|\n|-heal|p1a: Ting-Lu|28/100|[from] item: Leftovers\n|upkeep\n|turn|24\n|\n|t:|1783797269\n|switch|p1a: Slowking|Slowking-Galar, L99, F|100/100\n|move|p2a: Salamence|Hydro Pump|p1a: Slowking\n|-damage|p1a: Slowking|65/100\n|\n|upkeep\n|turn|25\n|\n|t:|1783797272\n|switch|p2a: Conkeldurr|Conkeldurr, M|77/100\n|-prepare|p1a: Slowking|Chilly Reception|[premajor]\n|move|p1a: Slowking|Chilly Reception|p1a: Slowking\n|-weather|Snowscape\n|\n|t:|1783797280\n|switch|p1a: Cinderace|Cinderace, M|100/100|[from] Chilly Reception\n|\n|-weather|Snowscape|[upkeep]\n|upkeep\n|turn|26\n|\n|t:|1783797284\n|move|p1a: Cinderace|Will-O-Wisp|p2a: Conkeldurr\n|-status|p2a: Conkeldurr|brn\n|move|p2a: Conkeldurr|Drain Punch|p1a: Cinderace\n|-crit|p1a: Cinderace\n|-damage|p1a: Cinderace|0 fnt\n|-heal|p2a: Conkeldurr|100/100 brn|[from] drain|[of] p1a: Cinderace\n|faint|p1a: Cinderace\n|\n|-weather|Snowscape|[upkeep]\n|-damage|p2a: Conkeldurr|94/100 brn|[from] brn\n|upkeep\n|\n|t:|1783797295\n|switch|p1a: Dondozo|Dondozo, M|80/100\n|-damage|p1a: Dondozo|68/100|[from] Stealth Rock\n|turn|27\n|\n|t:|1783797302\n|switch|p2a: Salamence|Salamence, M|24/100\n|-ability|p2a: Salamence|Intimidate|boost\n|-unboost|p1a: Dondozo|atk|1\n|move|p1a: Dondozo|Curse|p1a: Dondozo\n|-unboost|p1a: Dondozo|spe|1\n|-boost|p1a: Dondozo|atk|1\n|-boost|p1a: Dondozo|def|1\n|\n|-weather|Snowscape|[upkeep]\n|-heal|p1a: Dondozo|74/100|[from] item: Leftovers\n|upkeep\n|turn|28\n|\n|t:|1783797307\n|switch|p1a: Slowking|Slowking-Galar, L99, F|98/100\n|move|p2a: Salamence|Draco Meteor|p1a: Slowking\n|-damage|p1a: Slowking|43/100\n|-unboost|p2a: Salamence|spa|2\n|\n|-weather|Snowscape|[upkeep]\n|upkeep\n|turn|29\n|\n|t:|1783797313\n|switch|p2a: Floatzel|Floatzel, F|84/100\n|move|p1a: Slowking|Future Sight|p2a: Floatzel\n|-start|p1a: Slowking|move: Future Sight\n|\n|-weather|none\n|upkeep\n|turn|30\n|\n|t:|1783797316\n|switch|p1a: Dondozo|Dondozo, M|74/100\n|-damage|p1a: Dondozo|62/100|[from] Stealth Rock\n|move|p2a: Floatzel|Liquidation|p1a: Dondozo\n|-resisted|p1a: Dondozo\n|-damage|p1a: Dondozo|47/100\n|\n|-heal|p1a: Dondozo|54/100|[from] item: Leftovers\n|upkeep\n|turn|31\n|\n|t:|1783797319\n|switch|p2a: Salamence|Salamence, M|24/100\n|-ability|p2a: Salamence|Intimidate|boost\n|-unboost|p1a: Dondozo|atk|1\n|move|p1a: Dondozo|Body Press|p2a: Salamence\n|-resisted|p2a: Salamence\n|-damage|p2a: Salamence|6/100\n|\n|-end|p2a: Salamence|move: Future Sight\n|-damage|p2a: Salamence|0 fnt\n|faint|p2a: Salamence\n|-heal|p1a: Dondozo|60/100|[from] item: Leftovers\n|upkeep\n|\n|t:|1783797323\n|switch|p2a: Toxicroak|Toxicroak, M|61/100\n|turn|32\n|\n|t:|1783797329\n|move|p2a: Toxicroak|Thunder Punch|p1a: Dondozo\n|-supereffective|p1a: Dondozo\n|-damage|p1a: Dondozo|31/100\n|-damage|p2a: Toxicroak|51/100|[from] item: Life Orb\n|move|p1a: Dondozo|Curse|p1a: Dondozo\n|-unboost|p1a: Dondozo|spe|1\n|-boost|p1a: Dondozo|atk|1\n|-boost|p1a: Dondozo|def|1\n|\n|-heal|p1a: Dondozo|37/100|[from] item: Leftovers\n|upkeep\n|turn|33\n|\n|t:|1783797338\n|move|p2a: Toxicroak|Gunk Shot|p1a: Dondozo\n|-damage|p1a: Dondozo|16/100\n|-damage|p2a: Toxicroak|42/100|[from] item: Life Orb\n|move|p1a: Dondozo|Curse|p1a: Dondozo\n|-unboost|p1a: Dondozo|spe|1\n|-boost|p1a: Dondozo|atk|1\n|-boost|p1a: Dondozo|def|1\n|\n|-heal|p1a: Dondozo|22/100|[from] item: Leftovers\n|upkeep\n|turn|34\n|\n|t:|1783797343\n|-terastallize|p2a: Toxicroak|Poison\n|move|p2a: Toxicroak|Gunk Shot|p1a: Dondozo\n|-damage|p1a: Dondozo|0 fnt\n|faint|p1a: Dondozo\n|-damage|p2a: Toxicroak|32/100|[from] item: Life Orb\n|\n|upkeep\n|\n|t:|1783797353\n|switch|p1a: Kyurem|Kyurem|88/100\n|-damage|p1a: Kyurem|63/100|[from] Stealth Rock\n|-ability|p1a: Kyurem|Pressure\n|turn|35\n|\n|t:|1783797359\n|move|p1a: Kyurem|Earth Power|p2a: Toxicroak\n|-supereffective|p2a: Toxicroak\n|-damage|p2a: Toxicroak|0 fnt\n|faint|p2a: Toxicroak\n|\n|-heal|p1a: Kyurem|69/100|[from] item: Leftovers\n|upkeep\n|\n|t:|1783797362\n|switch|p2a: Floatzel|Floatzel, F|84/100\n|turn|36\n|\n|t:|1783797368\n|move|p1a: Kyurem|Protect|p1a: Kyurem\n|-singleturn|p1a: Kyurem|Protect\n|move|p2a: Floatzel|Flip Turn|p1a: Kyurem\n|-activate|p1a: Kyurem|move: Protect\n|\n|-heal|p1a: Kyurem|75/100|[from] item: Leftovers\n|upkeep\n|turn|37\n|\n|t:|1783797377\n|move|p1a: Kyurem|Freeze-Dry|p2a: Floatzel\n|-supereffective|p2a: Floatzel\n|-damage|p2a: Floatzel|0 fnt\n|faint|p2a: Floatzel\n|\n|-heal|p1a: Kyurem|81/100|[from] item: Leftovers\n|upkeep\n|\n|t:|1783797379\n|switch|p2a: Conkeldurr|Conkeldurr, M|94/100 brn\n|turn|38\n|\n|t:|1783797386\n|move|p1a: Kyurem|Freeze-Dry|p2a: Conkeldurr\n|-damage|p2a: Conkeldurr|61/100 brn\n|move|p2a: Conkeldurr|Stone Edge|p1a: Kyurem\n|-supereffective|p1a: Kyurem\n|-damage|p1a: Kyurem|0 fnt\n|faint|p1a: Kyurem\n|\n|-damage|p2a: Conkeldurr|54/100 brn|[from] brn\n|upkeep\n|\n|t:|1783797407\n|switch|p1a: Corviknight|Corviknight, F|34/100\n|-damage|p1a: Corviknight|22/100|[from] Stealth Rock\n|-ability|p1a: Corviknight|Pressure\n|turn|39\n|\n|t:|1783797411\n|move|p1a: Corviknight|Brave Bird|p2a: Conkeldurr\n|-supereffective|p2a: Conkeldurr\n|-damage|p2a: Conkeldurr|0 fnt\n|-damage|p1a: Corviknight|6/100|[from] item: Rocky Helmet|[of] p2a: Conkeldurr\n|faint|p2a: Conkeldurr\n|-damage|p1a: Corviknight|0 fnt|[from] Recoil\n|faint|p1a: Corviknight\n|\n|win|idontexist265\n|raw|idontexist265's rating: 1342 &rarr; <strong>1359</strong><br />(+17 for winning)\n|raw|rdserf's rating: 1282 &rarr; <strong>1261</strong><br />(-21 for losing)\n|l|☆rdserf\n|player|p2|\n|l|☆idontexist265\n|player|p1|\n", "uploadtime": 1783797750, "views": 16, "formatid": "gen9ou", "rating": 1261, "private": 0, "password": null}