{"id": "gen9ou-2639255093", "format": "[Gen 9] OU", "players": ["grgwrgwegwe", "maclura"], "log": "|j|☆grgwrgwegwe\n|j|☆maclura\n|t:|1782441156\n|gametype|singles\n|player|p1|grgwrgwegwe|nurse|1300\n|player|p2|maclura|266|1296\n|gen|9\n|tier|[Gen 9] OU\n|rated|\n|rule|HP Percentage Mod: HP is shown in percentages\n|rule|Endless Battle Clause: Forcing endless battles is banned\n|rule|Species Clause: Limit one of each Pokémon\n|rule|OHKO Clause: OHKO moves are banned\n|rule|Evasion Items Clause: Evasion items are banned\n|rule|Evasion Moves Clause: Evasion moves are banned\n|rule|Evasion Abilities Clause: Evasion abilities are banned\n|rule|Sleep Moves Clause: Sleep-inducing moves are banned\n|clearpoke\n|poke|p1|Typhlosion-Hisui, F|\n|poke|p1|Iron Boulder|\n|poke|p1|Squawkabilly-Yellow, M|\n|poke|p1|Sylveon, F|\n|poke|p1|Slaking, F|\n|poke|p1|Great Tusk|\n|poke|p2|Pelipper, F|\n|poke|p2|Blissey, F|\n|poke|p2|Barraskewda, M|\n|poke|p2|Vileplume, F|\n|poke|p2|Azumarill, M|\n|poke|p2|Gliscor, F|\n|teampreview\n|\n|t:|1782441164\n|teamsize|p1|6\n|teamsize|p2|6\n|start\n|switch|p1a: Squawkabilly|Squawkabilly-Yellow, M, shiny|100/100\n|switch|p2a: Pelipper|Pelipper, F|100/100\n|-weather|RainDance|[from] ability: Drizzle|[of] p2a: Pelipper\n|turn|1\n|\n|t:|1782441194\n|switch|p2a: Gliscor|Gliscor, F|100/100\n|move|p1a: Squawkabilly|Final Gambit|p2a: Gliscor\n|-damage|p2a: Gliscor|0 fnt\n|faint|p1a: Squawkabilly\n|faint|p2a: Gliscor\n|\n|-weather|RainDance|[upkeep]\n|upkeep\n|\n|t:|1782441207\n|switch|p1a: Uno Reverse|Great Tusk|100/100\n|switch|p2a: Barraskewda|Barraskewda, M|100/100\n|-enditem|p1a: Uno Reverse|Booster Energy\n|-activate|p1a: Uno Reverse|ability: Protosynthesis|[fromitem]\n|-start|p1a: Uno Reverse|protosynthesisspe\n|turn|2\n|\n|t:|1782441219\n|-terastallize|p1a: Uno Reverse|Dark\n|move|p2a: Barraskewda|Waterfall|p1a: Uno Reverse\n|-damage|p1a: Uno Reverse|43/100\n|move|p1a: Uno Reverse|Knock Off|p2a: Barraskewda\n|-damage|p2a: Barraskewda|28/100\n|-enditem|p2a: Barraskewda|Choice Band|[from] move: Knock Off|[of] p1a: Uno Reverse\n|\n|-weather|RainDance|[upkeep]\n|upkeep\n|turn|3\n|\n|t:|1782441228\n|move|p2a: Barraskewda|Flip Turn|p1a: Uno Reverse\n|-damage|p1a: Uno Reverse|14/100\n|\n|t:|1782441232\n|switch|p2a: Azumarill|Azumarill, M|100/100|[from] Flip Turn\n|move|p1a: Uno Reverse|Body Press|p2a: Azumarill\n|-resisted|p2a: Azumarill\n|-damage|p2a: Azumarill|81/100\n|\n|-weather|RainDance|[upkeep]\n|-heal|p2a: Azumarill|88/100|[from] item: Leftovers\n|upkeep\n|turn|4\n|\n|t:|1782441241\n|move|p2a: Azumarill|Aqua Jet|p1a: Uno Reverse\n|-damage|p1a: Uno Reverse|0 fnt\n|faint|p1a: Uno Reverse\n|-end|p1a: Uno Reverse|Protosynthesis|[silent]\n|\n|-weather|RainDance|[upkeep]\n|-heal|p2a: Azumarill|94/100|[from] item: Leftovers\n|upkeep\n|\n|t:|1782441246\n|switch|p1a: >.*{|Slaking, F|100/100\n|turn|5\n|\n|t:|1782441252\n|move|p1a: >.*{|Mega Kick|p2a: Azumarill\n|-damage|p2a: Azumarill|0 fnt\n|faint|p2a: Azumarill\n|\n|-weather|RainDance|[upkeep]\n|upkeep\n|\n|t:|1782441257\n|switch|p2a: Vileplume|Vileplume, F|100/100\n|turn|6\n|\n|t:|1782441266\n|switch|p1a: Iron Boulder|Iron Boulder|100/100\n|move|p2a: Vileplume|Strength Sap|p1a: Iron Boulder\n|-unboost|p1a: Iron Boulder|atk|1\n|\n|-weather|RainDance|[upkeep]\n|upkeep\n|turn|7\n|\n|t:|1782441273\n|move|p1a: Iron Boulder|Psycho Cut|p2a: Vileplume\n|-supereffective|p2a: Vileplume\n|-crit|p2a: Vileplume\n|-damage|p2a: Vileplume|12/100\n|move|p2a: Vileplume|Leech Seed|p1a: Iron Boulder\n|-start|p1a: Iron Boulder|move: Leech Seed\n|\n|-weather|RainDance|[upkeep]\n|-heal|p2a: Vileplume|19/100|[from] item: Leftovers\n|-damage|p1a: Iron Boulder|88/100|[from] Leech Seed|[of] p2a: Vileplume\n|-heal|p2a: Vileplume|30/100|[silent]\n|upkeep\n|turn|8\n|\n|t:|1782441281\n|switch|p2a: Blissey|Blissey, F|100/100\n|move|p1a: Iron Boulder|Psycho Cut|p2a: Blissey\n|-crit|p2a: Blissey\n|-damage|p2a: Blissey|46/100\n|\n|-weather|none\n|-heal|p2a: Blissey|52/100|[from] item: Leftovers\n|-damage|p1a: Iron Boulder|76/100|[from] Leech Seed|[of] p2a: Blissey\n|-heal|p2a: Blissey|58/100|[silent]\n|upkeep\n|turn|9\n|\n|t:|1782441292\n|move|p1a: Iron Boulder|Stone Edge|p2a: Blissey\n|-crit|p2a: Blissey\n|-damage|p2a: Blissey|0 fnt\n|faint|p2a: Blissey\n|\n|upkeep\n|\n|t:|1782441298\n|switch|p2a: Pelipper|Pelipper, F|100/100\n|-weather|RainDance|[from] ability: Drizzle|[of] p2a: Pelipper\n|turn|10\n|\n|t:|1782441303\n|move|p1a: Iron Boulder|Stone Edge|p2a: Pelipper\n|-supereffective|p2a: Pelipper\n|-crit|p2a: Pelipper\n|-damage|p2a: Pelipper|0 fnt\n|faint|p2a: Pelipper\n|\n|-weather|RainDance|[upkeep]\n|upkeep\n|\n|t:|1782441308\n|switch|p2a: Barraskewda|Barraskewda, M|28/100\n|turn|11\n|\n|t:|1782441312\n|move|p2a: Barraskewda|Waterfall|p1a: Iron Boulder\n|-supereffective|p1a: Iron Boulder\n|-damage|p1a: Iron Boulder|0 fnt\n|faint|p1a: Iron Boulder\n|-end|p1a: Iron Boulder|Quark Drive|[silent]\n|\n|-weather|RainDance|[upkeep]\n|upkeep\n|\n|t:|1782441316\n|switch|p1a: >.*{|Slaking, F|100/100\n|turn|12\n|\n|t:|1782441320\n|switch|p2a: Vileplume|Vileplume, F|30/100\n|move|p1a: >.*{|Knock Off|p2a: Vileplume\n|-damage|p2a: Vileplume|0 fnt\n|-status|p1a: >.*{|par|[from] ability: Effect Spore|[of] p2a: Vileplume\n|-enditem|p2a: Vileplume|Leftovers|[from] move: Knock Off|[of] p1a: >.*{\n|faint|p2a: Vileplume\n|\n|-weather|RainDance|[upkeep]\n|upkeep\n|\n|t:|1782441328\n|switch|p2a: Barraskewda|Barraskewda, M|28/100\n|turn|13\n|\n|t:|1782441373\n|switch|p1a: Typhlosion|Typhlosion-Hisui, F, shiny|100/100\n|move|p2a: Barraskewda|Waterfall|p1a: Typhlosion\n|-supereffective|p1a: Typhlosion\n|-damage|p1a: Typhlosion|0 fnt\n|faint|p1a: Typhlosion\n|\n|-weather|RainDance|[upkeep]\n|upkeep\n|inactive|Battle timer is ON: inactive players will automatically lose when time's up. (requested by maclura)\n|\n|t:|1782441378\n|switch|p1a: >.*{|Slaking, F|100/100 par\n|turn|14\n|\n|t:|1782441381\n|move|p2a: Barraskewda|Waterfall|p1a: >.*{\n|-crit|p1a: >.*{\n|-damage|p1a: >.*{|25/100 par\n|move|p1a: >.*{|Knock Off|p2a: Barraskewda\n|-damage|p2a: Barraskewda|0 fnt\n|faint|p2a: Barraskewda\n|\n|win|grgwrgwegwe\n|raw|grgwrgwegwe's rating: 1300 &rarr; <strong>1325</strong><br />(+25 for winning)\n|raw|maclura's rating: 1296 &rarr; <strong>1271</strong><br />(-25 for losing)\n|l|☆maclura\n|player|p2|\n|l|☆grgwrgwegwe\n|player|p1|\n", "uploadtime": 1782441667, "views": 4, "formatid": "gen9ou", "rating": 1271, "private": 0, "password": null}