{"id": "gen9ou-2639214252", "format": "[Gen 9] OU", "players": ["mundibani", "gobbygg"], "log": "|j|☆mundibani\n|j|☆gobbygg\n|t:|1782435171\n|gametype|singles\n|player|p1|mundibani|harlequin|1320\n|player|p2|gobbygg|n|1228\n|gen|9\n|tier|[Gen 9] OU\n|rated|\n|rule|HP Percentage Mod: HP is shown in percentages\n|rule|Endless Battle Clause: Forcing endless battles is banned\n|rule|Species Clause: Limit one of each Pokémon\n|rule|OHKO Clause: OHKO moves are banned\n|rule|Evasion Items Clause: Evasion items are banned\n|rule|Evasion Moves Clause: Evasion moves are banned\n|rule|Evasion Abilities Clause: Evasion abilities are banned\n|rule|Sleep Moves Clause: Sleep-inducing moves are banned\n|clearpoke\n|poke|p1|Iron Crown|\n|poke|p1|Indeedee, M|\n|poke|p1|Great Tusk|\n|poke|p1|Iron Valiant|\n|poke|p1|Moltres|\n|poke|p1|Hatterene, F|\n|poke|p2|Chandelure, F|\n|poke|p2|Kyurem|\n|poke|p2|Zoroark, F|\n|poke|p2|Gliscor, M|\n|poke|p2|Cinderace, M|\n|poke|p2|Eelektross, F|\n|teampreview\n|\n|t:|1782435193\n|teamsize|p1|6\n|teamsize|p2|6\n|start\n|switch|p1a: Indeedee|Indeedee, M|100/100\n|switch|p2a: Chandelure|Chandelure, F|100/100\n|-fieldstart|move: Psychic Terrain|[from] ability: Psychic Surge|[of] p1a: Indeedee\n|turn|1\n|\n|t:|1782435208\n|switch|p1a: Great Tusk|Great Tusk|100/100\n|move|p2a: Chandelure|Nasty Plot|p2a: Chandelure\n|-boost|p2a: Chandelure|spa|2\n|\n|upkeep\n|turn|2\n|\n|t:|1782435217\n|move|p2a: Chandelure|Psychic|p1a: Great Tusk\n|-supereffective|p1a: Great Tusk\n|-damage|p1a: Great Tusk|0 fnt\n|faint|p1a: Great Tusk\n|-end|p1a: Great Tusk|Protosynthesis|[silent]\n|\n|upkeep\n|\n|t:|1782435235\n|switch|p1a: Iron Crown|Iron Crown|100/100\n|turn|3\n|\n|t:|1782435251\n|move|p2a: Chandelure|Agility|p2a: Chandelure\n|-boost|p2a: Chandelure|spe|2\n|move|p1a: Iron Crown|Volt Switch|p2a: Chandelure\n|-damage|p2a: Chandelure|55/100\n|replace|p2a: N|Zoroark, F\n|-end|p2a: N|Illusion\n|\n|t:|1782435262\n|-end|p1a: Iron Crown|Quark Drive|[silent]\n|switch|p1a: Moltres|Moltres|100/100|[from] Volt Switch\n|\n|upkeep\n|turn|4\n|\n|t:|1782435280\n|move|p2a: N|Dark Pulse|p1a: Moltres\n|-damage|p1a: Moltres|22/100\n|move|p1a: Moltres|Flamethrower|p2a: N\n|-damage|p2a: N|0 fnt\n|faint|p2a: N\n|\n|upkeep\n|\n|t:|1782435304\n|switch|p2a: Grey stupid dragon|Kyurem|100/100\n|-ability|p2a: Grey stupid dragon|Pressure\n|turn|5\n|\n|t:|1782435317\n|switch|p1a: Hatterene|Hatterene, F|100/100\n|move|p2a: Grey stupid dragon|Freeze-Dry|p1a: Hatterene\n|-damage|p1a: Hatterene|61/100\n|-status|p1a: Hatterene|frz\n|\n|-heal|p1a: Hatterene|67/100 frz|[from] item: Leftovers\n|upkeep\n|turn|6\n|\n|t:|1782435327\n|move|p2a: Grey stupid dragon|Flash Cannon|p1a: Hatterene\n|-supereffective|p1a: Hatterene\n|-damage|p1a: Hatterene|11/100 frz\n|-curestatus|p1a: Hatterene|frz|[msg]\n|move|p1a: Hatterene|Draining Kiss|p2a: Grey stupid dragon\n|-supereffective|p2a: Grey stupid dragon\n|-damage|p2a: Grey stupid dragon|64/100\n|-heal|p1a: Hatterene|45/100|[from] drain|[of] p2a: Grey stupid dragon\n|\n|-heal|p1a: Hatterene|51/100|[from] item: Leftovers\n|upkeep\n|turn|7\n|\n|t:|1782435355\n|switch|p1a: Iron Crown|Iron Crown|100/100\n|move|p2a: Grey stupid dragon|Flash Cannon|p1a: Iron Crown\n|-resisted|p1a: Iron Crown\n|-damage|p1a: Iron Crown|91/100\n|\n|upkeep\n|turn|8\n|\n|t:|1782435377\n|switch|p2a: Gliscor|Gliscor, M|100/100\n|move|p1a: Iron Crown|Tachyon Cutter|p2a: Gliscor\n|-damage|p2a: Gliscor|79/100\n|-damage|p2a: Gliscor|57/100\n|-hitcount|p2a: Gliscor|2\n|\n|-fieldend|move: Psychic Terrain\n|-status|p2a: Gliscor|tox|[from] item: Toxic Orb\n|upkeep\n|turn|9\n|\n|t:|1782435395\n|-end|p1a: Iron Crown|Quark Drive|[silent]\n|switch|p1a: Moltres|Moltres|22/100\n|move|p2a: Gliscor|Earthquake|p1a: Moltres\n|-immune|p1a: Moltres\n|\n|-heal|p2a: Gliscor|69/100 tox|[from] ability: Poison Heal\n|upkeep\n|turn|10\n|\n|t:|1782435402\n|move|p2a: Gliscor|Toxic|p1a: Moltres\n|-status|p1a: Moltres|tox\n|move|p1a: Moltres|Roost|p1a: Moltres\n|-heal|p1a: Moltres|72/100 tox\n|-singleturn|p1a: Moltres|move: Roost\n|\n|-heal|p2a: Gliscor|82/100 tox|[from] ability: Poison Heal\n|-damage|p1a: Moltres|66/100 tox|[from] psn\n|upkeep\n|turn|11\n|\n|t:|1782435413\n|move|p2a: Gliscor|Knock Off|p1a: Moltres\n|-damage|p1a: Moltres|50/100 tox\n|-enditem|p1a: Moltres|Heavy-Duty Boots|[from] move: Knock Off|[of] p2a: Gliscor\n|move|p1a: Moltres|U-turn|p2a: Gliscor\n|-resisted|p2a: Gliscor\n|-damage|p2a: Gliscor|76/100 tox\n|inactive|Battle timer is ON: inactive players will automatically lose when time's up. (requested by gobbygg)\n|\n|t:|1782435438\n|switch|p1a: Hatterene|Hatterene, F|51/100|[from] U-turn\n|\n|-heal|p1a: Hatterene|57/100|[from] item: Leftovers\n|-heal|p2a: Gliscor|89/100 tox|[from] ability: Poison Heal\n|upkeep\n|turn|12\n|\n|t:|1782435451\n|move|p2a: Gliscor|Knock Off|p1a: Hatterene\n|-damage|p1a: Hatterene|32/100\n|-enditem|p1a: Hatterene|Leftovers|[from] move: Knock Off|[of] p2a: Gliscor\n|move|p1a: Hatterene|Trick Room|p1a: Hatterene\n|-fieldstart|move: Trick Room|[of] p1a: Hatterene\n|\n|-heal|p2a: Gliscor|100/100 tox|[from] ability: Poison Heal\n|upkeep\n|turn|13\n|\n|t:|1782435470\n|-terastallize|p1a: Hatterene|Flying\n|move|p1a: Hatterene|Draining Kiss|p2a: Gliscor\n|-damage|p2a: Gliscor|76/100 tox\n|-heal|p1a: Hatterene|52/100|[from] drain|[of] p2a: Gliscor\n|move|p2a: Gliscor|Toxic|p1a: Hatterene\n|move|p1a: Hatterene|Toxic|p2a: Gliscor|[from] ability: Magic Bounce|[miss]\n|-miss|p1a: Hatterene|p2a: Gliscor\n|\n|-heal|p2a: Gliscor|89/100 tox|[from] ability: Poison Heal\n|upkeep\n|turn|14\n|\n|t:|1782435481\n|move|p1a: Hatterene|Draining Kiss|p2a: Gliscor\n|-damage|p2a: Gliscor|64/100 tox\n|-heal|p1a: Hatterene|73/100|[from] drain|[of] p2a: Gliscor\n|move|p2a: Gliscor|Knock Off|p1a: Hatterene\n|-damage|p1a: Hatterene|56/100\n|\n|-heal|p2a: Gliscor|76/100 tox|[from] ability: Poison Heal\n|upkeep\n|turn|15\n|c|☆gobbygg|oh right\n|\n|t:|1782435490\n|move|p1a: Hatterene|Draining Kiss|p2a: Gliscor\n|-damage|p2a: Gliscor|51/100 tox\n|-heal|p1a: Hatterene|78/100|[from] drain|[of] p2a: Gliscor\n|move|p2a: Gliscor|Knock Off|p1a: Hatterene\n|-damage|p1a: Hatterene|61/100\n|\n|-heal|p2a: Gliscor|63/100 tox|[from] ability: Poison Heal\n|upkeep\n|turn|16\n|\n|t:|1782435502\n|move|p1a: Hatterene|Draining Kiss|p2a: Gliscor\n|-damage|p2a: Gliscor|35/100 tox\n|-heal|p1a: Hatterene|84/100|[from] drain|[of] p2a: Gliscor\n|move|p2a: Gliscor|Knock Off|p1a: Hatterene\n|-damage|p1a: Hatterene|69/100\n|\n|-heal|p2a: Gliscor|48/100 tox|[from] ability: Poison Heal\n|-fieldend|move: Trick Room\n|upkeep\n|turn|17\n|\n|t:|1782435514\n|move|p2a: Gliscor|Knock Off|p1a: Hatterene\n|-damage|p1a: Hatterene|53/100\n|move|p1a: Hatterene|Expanding Force|p2a: Gliscor\n|-damage|p2a: Gliscor|9/100 tox\n|\n|-heal|p2a: Gliscor|22/100 tox|[from] ability: Poison Heal\n|upkeep\n|turn|18\n|\n|t:|1782435538\n|move|p2a: Gliscor|Protect|p2a: Gliscor\n|-singleturn|p2a: Gliscor|Protect\n|move|p1a: Hatterene|Trick Room|p1a: Hatterene\n|-fieldstart|move: Trick Room|[of] p1a: Hatterene\n|\n|-heal|p2a: Gliscor|34/100 tox|[from] ability: Poison Heal\n|upkeep\n|turn|19\n|\n|t:|1782435547\n|switch|p2a: Cinderace|Cinderace, M|100/100\n|move|p1a: Hatterene|Expanding Force|p2a: Cinderace\n|-damage|p2a: Cinderace|42/100\n|\n|upkeep\n|turn|20\n|\n|t:|1782435555\n|move|p1a: Hatterene|Expanding Force|p2a: Cinderace\n|-damage|p2a: Cinderace|0 fnt\n|faint|p2a: Cinderace\n|\n|upkeep\n|\n|t:|1782435559\n|switch|p2a: Eelektross|Eelektross, F|100/100\n|turn|21\n|\n|t:|1782435582\n|switch|p1a: Moltres|Moltres|50/100 tox\n|move|p2a: Eelektross|Supercell Slam|p1a: Moltres\n|-supereffective|p1a: Moltres\n|-damage|p1a: Moltres|0 fnt\n|faint|p1a: Moltres\n|\n|upkeep\n|inactive|mundibani has 120 seconds left.\n|\n|t:|1782435598\n|switch|p1a: Indeedee|Indeedee, M|100/100\n|-fieldstart|move: Psychic Terrain|[from] ability: Psychic Surge|[of] p1a: Indeedee\n|turn|22\n|inactive|mundibani has 120 seconds left.\n|\n|t:|1782435613\n|move|p2a: Eelektross|Coil|p2a: Eelektross\n|-boost|p2a: Eelektross|atk|1\n|-boost|p2a: Eelektross|def|1\n|-boost|p2a: Eelektross|accuracy|1\n|move|p1a: Indeedee|Encore|p2a: Eelektross\n|-start|p2a: Eelektross|Encore\n|\n|-fieldend|move: Trick Room\n|upkeep\n|turn|23\n|inactive|mundibani has 120 seconds left.\n|\n|t:|1782435622\n|switch|p1a: Iron Crown|Iron Crown|91/100\n|move|p2a: Eelektross|Coil|p2a: Eelektross\n|-boost|p2a: Eelektross|atk|1\n|-boost|p2a: Eelektross|def|1\n|-boost|p2a: Eelektross|accuracy|1\n|\n|upkeep\n|turn|24\n|\n|t:|1782435630\n|move|p1a: Iron Crown|Expanding Force|p2a: Eelektross\n|-damage|p2a: Eelektross|38/100\n|move|p2a: Eelektross|Coil|p2a: Eelektross\n|-boost|p2a: Eelektross|atk|1\n|-boost|p2a: Eelektross|def|1\n|-boost|p2a: Eelektross|accuracy|1\n|\n|-heal|p2a: Eelektross|44/100|[from] item: Leftovers\n|upkeep\n|turn|25\n|\n|t:|1782435639\n|-terastallize|p2a: Eelektross|Steel\n|move|p1a: Iron Crown|Expanding Force|p2a: Eelektross\n|-resisted|p2a: Eelektross\n|-damage|p2a: Eelektross|15/100\n|move|p2a: Eelektross|Coil|p2a: Eelektross\n|-boost|p2a: Eelektross|atk|1\n|-boost|p2a: Eelektross|def|1\n|-boost|p2a: Eelektross|accuracy|1\n|\n|-heal|p2a: Eelektross|21/100|[from] item: Leftovers\n|-end|p2a: Eelektross|Encore\n|upkeep\n|turn|26\n|\n|t:|1782435652\n|move|p1a: Iron Crown|Expanding Force|p2a: Eelektross\n|-resisted|p2a: Eelektross\n|-damage|p2a: Eelektross|0 fnt\n|faint|p2a: Eelektross\n|\n|upkeep\n|\n|t:|1782435672\n|switch|p2a: Gliscor|Gliscor, M|34/100 tox\n|turn|27\n|\n|t:|1782435692\n|move|p1a: Iron Crown|Expanding Force|p2a: Gliscor\n|-damage|p2a: Gliscor|0 fnt\n|faint|p2a: Gliscor\n|\n|upkeep\n|\n|t:|1782435698\n|switch|p2a: Chandelure|Chandelure, F|100/100\n|turn|28\n|\n|t:|1782435704\n|move|p2a: Chandelure|Shadow Ball|p1a: Iron Crown\n|-supereffective|p1a: Iron Crown\n|-damage|p1a: Iron Crown|26/100\n|-unboost|p1a: Iron Crown|spd|1\n|move|p1a: Iron Crown|Expanding Force|p2a: Chandelure\n|-damage|p2a: Chandelure|0 fnt\n|faint|p2a: Chandelure\n|\n|upkeep\n|\n|t:|1782435712\n|switch|p2a: Grey stupid dragon|Kyurem|64/100\n|-ability|p2a: Grey stupid dragon|Pressure\n|turn|29\n|\n|t:|1782435717\n|move|p1a: Iron Crown|Tachyon Cutter|p2a: Grey stupid dragon\n|-supereffective|p2a: Grey stupid dragon\n|-damage|p2a: Grey stupid dragon|31/100\n|-supereffective|p2a: Grey stupid dragon\n|-damage|p2a: Grey stupid dragon|0 fnt\n|faint|p2a: Grey stupid dragon\n|-hitcount|p2: Grey stupid dragon|2\n|\n|win|mundibani\n|raw|mundibani's rating: 1320 &rarr; <strong>1335</strong><br />(+15 for winning)\n|raw|gobbygg's rating: 1228 &rarr; <strong>1209</strong><br />(-19 for losing)\n|l|☆gobbygg\n|player|p2|\n", "uploadtime": 1782436091, "views": 7, "formatid": "gen9ou", "rating": 1209, "private": 0, "password": null}