{"id": "gen9ou-2647840817", "format": "[Gen 9] OU", "players": ["oseimak000", "m0onstarr"], "log": "|j|☆oseimak000\n|j|☆m0onstarr\n|t:|1783821986\n|gametype|singles\n|player|p1|oseimak000|benga|1332\n|player|p2|m0onstarr|miku-ghost|1371\n|gen|9\n|tier|[Gen 9] OU\n|rated|\n|rule|HP Percentage Mod: HP is shown in percentages\n|rule|Endless Battle Clause: Forcing endless battles is banned\n|rule|Species Clause: Limit one of each Pokémon\n|rule|OHKO Clause: OHKO moves are banned\n|rule|Evasion Items Clause: Evasion items are banned\n|rule|Evasion Moves Clause: Evasion moves are banned\n|rule|Evasion Abilities Clause: Evasion abilities are banned\n|rule|Sleep Moves Clause: Sleep-inducing moves are banned\n|clearpoke\n|poke|p1|Ceruledge, F|\n|poke|p1|Greninja-*, M|\n|poke|p1|Dragonite, M|\n|poke|p1|Lucario, F|\n|poke|p1|Ogerpon-Wellspring, F|\n|poke|p1|Blaziken, M|\n|poke|p2|Cloyster, F|\n|poke|p2|Ogerpon-Wellspring, F|\n|poke|p2|Cinderace, F|\n|poke|p2|Samurott-Hisui, F|\n|poke|p2|Raging Bolt|\n|poke|p2|Moltres-Galar|\n|teampreview\n|inactive|Battle timer is ON: inactive players will automatically lose when time's up. (requested by m0onstarr)\n|inactive|m0onstarr has 120 seconds left.\n|\n|t:|1783822020\n|teamsize|p1|6\n|teamsize|p2|6\n|start\n|switch|p1a: Ogerpon|Ogerpon-Wellspring, F|100/100\n|switch|p2a: Ogerpon|Ogerpon-Wellspring, F|100/100\n|turn|1\n|\n|t:|1783822034\n|move|p2a: Ogerpon|U-turn|p1a: Ogerpon\n|-supereffective|p1a: Ogerpon\n|-damage|p1a: Ogerpon|25/100\n|\n|t:|1783822040\n|switch|p2a: Raging Bolt|Raging Bolt|100/100|[from] U-turn\n|move|p1a: Ogerpon|Horn Leech|p2a: Raging Bolt\n|-resisted|p2a: Raging Bolt\n|-damage|p2a: Raging Bolt|78/100\n|-heal|p1a: Ogerpon|39/100|[from] drain|[of] p2a: Raging Bolt\n|\n|upkeep\n|turn|2\n|\n|t:|1783822049\n|move|p1a: Ogerpon|Superpower|p2a: Raging Bolt\n|-damage|p2a: Raging Bolt|31/100\n|-unboost|p1a: Ogerpon|atk|1\n|-unboost|p1a: Ogerpon|def|1\n|move|p2a: Raging Bolt|Volt Switch|p1a: Ogerpon\n|-damage|p1a: Ogerpon|0 fnt\n|faint|p1a: Ogerpon\n|\n|t:|1783822062\n|-end|p2a: Raging Bolt|Protosynthesis|[silent]\n|switch|p2a: Samurott|Samurott-Hisui, F|100/100|[from] Volt Switch\n|\n|upkeep\n|\n|t:|1783822067\n|switch|p1a: Lucario|Lucario, F, shiny|100/100\n|turn|3\n|\n|t:|1783822076\n|move|p1a: Lucario|Close Combat|p2a: Samurott\n|-supereffective|p2a: Samurott\n|-damage|p2a: Samurott|0 fnt\n|-unboost|p1a: Lucario|def|1\n|-unboost|p1a: Lucario|spd|1\n|faint|p2a: Samurott\n|\n|upkeep\n|\n|t:|1783822095\n|switch|p2a: Cinderace|Cinderace, F|100/100\n|turn|4\n|\n|t:|1783822101\n|move|p2a: Cinderace|U-turn|p1a: Lucario\n|-resisted|p1a: Lucario\n|-damage|p1a: Lucario|89/100\n|\n|t:|1783822119\n|switch|p2a: Raging Bolt|Raging Bolt|31/100|[from] U-turn\n|move|p1a: Lucario|Close Combat|p2a: Raging Bolt\n|-damage|p2a: Raging Bolt|0 fnt\n|-unboost|p1a: Lucario|def|1\n|-unboost|p1a: Lucario|spd|1\n|faint|p2a: Raging Bolt\n|-end|p2a: Raging Bolt|Protosynthesis|[silent]\n|\n|upkeep\n|\n|t:|1783822121\n|switch|p2a: Cinderace|Cinderace, F|100/100\n|turn|5\n|\n|t:|1783822131\n|move|p1a: Lucario|Extreme Speed|p2a: Cinderace\n|-damage|p2a: Cinderace|72/100\n|move|p2a: Cinderace|Pyro Ball|p1a: Lucario\n|-supereffective|p1a: Lucario\n|-damage|p1a: Lucario|0 fnt\n|faint|p1a: Lucario\n|\n|upkeep\n|\n|t:|1783822139\n|switch|p1a: Greninja|Greninja, M|100/100\n|turn|6\n|\n|t:|1783822146\n|move|p1a: Greninja|Sludge Wave|p2a: Cinderace\n|-damage|p2a: Cinderace|36/100\n|move|p2a: Cinderace|U-turn|p1a: Greninja\n|-supereffective|p1a: Greninja\n|-damage|p1a: Greninja|37/100\n|\n|t:|1783822159\n|switch|p2a: Moltres|Moltres-Galar|100/100|[from] U-turn\n|\n|upkeep\n|turn|7\n|\n|t:|1783822164\n|move|p1a: Greninja|Ice Beam|p2a: Moltres\n|-supereffective|p2a: Moltres\n|-damage|p2a: Moltres|66/100\n|move|p2a: Moltres|Agility|p2a: Moltres\n|-boost|p2a: Moltres|spe|2\n|\n|upkeep\n|turn|8\n|\n|t:|1783822172\n|move|p2a: Moltres|Nasty Plot|p2a: Moltres\n|-boost|p2a: Moltres|spa|2\n|move|p1a: Greninja|Ice Beam|p2a: Moltres\n|-supereffective|p2a: Moltres\n|-damage|p2a: Moltres|33/100\n|-ability|p2a: Moltres|Berserk|boost\n|-boost|p2a: Moltres|spa|1\n|-enditem|p2a: Moltres|Sitrus Berry|[eat]\n|-heal|p2a: Moltres|58/100|[from] item: Sitrus Berry\n|\n|upkeep\n|turn|9\n|\n|t:|1783822182\n|move|p2a: Moltres|Air Slash|p1a: Greninja\n|-damage|p1a: Greninja|0 fnt\n|faint|p1a: Greninja\n|\n|upkeep\n|\n|t:|1783822191\n|switch|p1a: Dragonite|Dragonite, M|100/100\n|turn|10\n|\n|t:|1783822198\n|-terastallize|p1a: Dragonite|Fairy\n|move|p2a: Moltres|Air Slash|p1a: Dragonite\n|-damage|p1a: Dragonite|66/100\n|move|p1a: Dragonite|Dragon Dance|p1a: Dragonite\n|-boost|p1a: Dragonite|atk|1\n|-boost|p1a: Dragonite|spe|1\n|\n|upkeep\n|turn|11\n|\n|t:|1783822206\n|move|p2a: Moltres|Air Slash|p1a: Dragonite\n|-damage|p1a: Dragonite|1/100\n|cant|p1a: Dragonite|flinch\n|\n|upkeep\n|turn|12\n|\n|t:|1783822212\n|move|p1a: Dragonite|Extreme Speed|p2a: Moltres\n|-damage|p2a: Moltres|0 fnt\n|faint|p2a: Moltres\n|\n|upkeep\n|\n|t:|1783822218\n|switch|p2a: Cloyster|Cloyster, F|100/100\n|turn|13\n|\n|t:|1783822225\n|move|p1a: Dragonite|Extreme Speed|p2a: Cloyster\n|-damage|p2a: Cloyster|62/100\n|move|p2a: Cloyster|Icicle Spear|p1a: Dragonite\n|-damage|p1a: Dragonite|0 fnt\n|faint|p1a: Dragonite\n|-hitcount|p1: Dragonite|1\n|-damage|p2a: Cloyster|52/100|[from] item: Life Orb\n|\n|upkeep\n|\n|t:|1783822234\n|switch|p1a: Blaziken|Blaziken, M, shiny|100/100\n|turn|14\n|\n|t:|1783822240\n|move|p2a: Cloyster|Shell Smash|p2a: Cloyster\n|-unboost|p2a: Cloyster|def|1\n|-unboost|p2a: Cloyster|spd|1\n|-boost|p2a: Cloyster|atk|2\n|-boost|p2a: Cloyster|spa|2\n|-boost|p2a: Cloyster|spe|2\n|move|p1a: Blaziken|Close Combat|p2a: Cloyster\n|-supereffective|p2a: Cloyster\n|-damage|p2a: Cloyster|0 fnt\n|-unboost|p1a: Blaziken|def|1\n|-unboost|p1a: Blaziken|spd|1\n|faint|p2a: Cloyster\n|\n|-ability|p1a: Blaziken|Speed Boost|boost\n|-boost|p1a: Blaziken|spe|1\n|upkeep\n|\n|t:|1783822246\n|switch|p2a: Cinderace|Cinderace, F|36/100\n|turn|15\n|\n|t:|1783822256\n|move|p1a: Blaziken|Earthquake|p2a: Cinderace\n|-supereffective|p2a: Cinderace\n|-crit|p2a: Cinderace\n|-damage|p2a: Cinderace|0 fnt\n|faint|p2a: Cinderace\n|\n|-ability|p1a: Blaziken|Speed Boost|boost\n|-boost|p1a: Blaziken|spe|1\n|upkeep\n|\n|t:|1783822259\n|switch|p2a: Ogerpon|Ogerpon-Wellspring, F|100/100\n|turn|16\n|\n|t:|1783822269\n|-terastallize|p2a: Ogerpon|Water\n|detailschange|p2a: Ogerpon|Ogerpon-Wellspring-Tera, F, tera:Water\n|-ability|p2a: Ogerpon|Embody Aspect (Wellspring)|boost\n|-boost|p2a: Ogerpon|spd|1\n|move|p1a: Blaziken|Swords Dance|p1a: Blaziken\n|-boost|p1a: Blaziken|atk|2\n|move|p2a: Ogerpon|Ivy Cudgel|p1a: Blaziken|[anim] Ivy Cudgel Water\n|-supereffective|p1a: Blaziken\n|-enditem|p1a: Blaziken|Focus Sash\n|-damage|p1a: Blaziken|1/100\n|\n|-ability|p1a: Blaziken|Speed Boost|boost\n|-boost|p1a: Blaziken|spe|1\n|upkeep\n|turn|17\n|\n|t:|1783822283\n|move|p1a: Blaziken|Close Combat|p2a: Ogerpon\n|-damage|p2a: Ogerpon|0 fnt\n|-unboost|p1a: Blaziken|def|1\n|-unboost|p1a: Blaziken|spd|1\n|faint|p2a: Ogerpon\n|detailschange|p2: Ogerpon|Ogerpon-Wellspring, F|[silent]\n|\n|win|oseimak000\n|raw|oseimak000's rating: 1332 &rarr; <strong>1354</strong><br />(+22 for winning)\n|raw|m0onstarr's rating: 1371 &rarr; <strong>1349</strong><br />(-22 for losing)\n|l|☆oseimak000\n|player|p1|\n|l|☆m0onstarr\n|player|p2|\n", "uploadtime": 1783822616, "views": 3, "formatid": "gen9ou", "rating": 1349, "private": 0, "password": null}