{"id": "gen9ou-2639295342", "format": "[Gen 9] OU", "players": ["MozzyIdiot", "tcurtsedfles"], "log": "|j|☆MozzyIdiot\n|j|☆tcurtsedfles\n|t:|1782447732\n|gametype|singles\n|player|p1|MozzyIdiot|pokefan-gen4|1081\n|player|p2|tcurtsedfles|ruinmaniac|1076\n|gen|9\n|tier|[Gen 9] OU\n|rated|\n|rule|HP Percentage Mod: HP is shown in percentages\n|rule|Endless Battle Clause: Forcing endless battles is banned\n|rule|Species Clause: Limit one of each Pokémon\n|rule|OHKO Clause: OHKO moves are banned\n|rule|Evasion Items Clause: Evasion items are banned\n|rule|Evasion Moves Clause: Evasion moves are banned\n|rule|Evasion Abilities Clause: Evasion abilities are banned\n|rule|Sleep Moves Clause: Sleep-inducing moves are banned\n|clearpoke\n|poke|p1|Garganacl, F|\n|poke|p1|Toxapex, F|\n|poke|p1|Gliscor, F|\n|poke|p1|Rotom-Heat|\n|poke|p1|Corviknight, F|\n|poke|p1|Great Tusk|\n|poke|p2|Polteageist-Antique|\n|poke|p2|Donphan, M|\n|poke|p2|Iron Hands|\n|poke|p2|Revavroom, M|\n|poke|p2|Talonflame, M|\n|poke|p2|Metagross|\n|teampreview\n|\n|t:|1782447744\n|teamsize|p1|6\n|teamsize|p2|6\n|start\n|switch|p1a: Rotom|Rotom-Heat|100/100\n|switch|p2a: Donphan|Donphan, M|100/100\n|turn|1\n|\n|t:|1782447759\n|switch|p1a: Toxapex|Toxapex, F|100/100\n|move|p2a: Donphan|Stealth Rock|p1a: Toxapex\n|-sidestart|p1: MozzyIdiot|move: Stealth Rock\n|\n|upkeep\n|turn|2\n|\n|t:|1782447766\n|move|p2a: Donphan|Earthquake|p1a: Toxapex\n|-supereffective|p1a: Toxapex\n|-damage|p1a: Toxapex|52/100\n|move|p1a: Toxapex|Infestation|p2a: Donphan\n|-damage|p2a: Donphan|97/100\n|-activate|p2a: Donphan|move: Infestation|[of] p1a: Toxapex\n|-damage|p1a: Toxapex|36/100|[from] item: Rocky Helmet|[of] p2a: Donphan\n|\n|-heal|p1a: Toxapex|42/100|[from] item: Black Sludge\n|-damage|p2a: Donphan|84/100|[from] move: Infestation|[partiallytrapped]\n|upkeep\n|turn|3\n|\n|t:|1782447776\n|move|p1a: Toxapex|Baneful Bunker|p1a: Toxapex\n|-singleturn|p1a: Toxapex|move: Protect\n|move|p2a: Donphan|Earthquake|p1a: Toxapex\n|-activate|p1a: Toxapex|move: Protect\n|\n|-heal|p1a: Toxapex|49/100|[from] item: Black Sludge\n|-damage|p2a: Donphan|72/100|[from] move: Infestation|[partiallytrapped]\n|upkeep\n|turn|4\n|\n|t:|1782447785\n|move|p1a: Toxapex|Baneful Bunker||[still]\n|-fail|p1a: Toxapex\n|move|p2a: Donphan|Earthquake|p1a: Toxapex\n|-supereffective|p1a: Toxapex\n|-damage|p1a: Toxapex|0 fnt\n|faint|p1a: Toxapex\n|\n|-end|p2a: Donphan|Infestation|[partiallytrapped]|[silent]\n|upkeep\n|\n|t:|1782447790\n|switch|p1a: Corviknight|Corviknight, F|100/100\n|-damage|p1a: Corviknight|88/100|[from] Stealth Rock\n|-ability|p1a: Corviknight|Pressure\n|turn|5\n|\n|t:|1782447812\n|switch|p2a: Metagross|Metagross|100/100\n|move|p1a: Corviknight|Iron Defense|p1a: Corviknight\n|-boost|p1a: Corviknight|def|2\n|\n|upkeep\n|turn|6\n|\n|t:|1782447822\n|-singleturn|p2a: Metagross|move: Focus Punch\n|move|p1a: Corviknight|Iron Defense|p1a: Corviknight\n|-boost|p1a: Corviknight|def|2\n|move|p2a: Metagross|Focus Punch|p1a: Corviknight\n|-damage|p1a: Corviknight|76/100\n|\n|upkeep\n|turn|7\n|\n|t:|1782447832\n|move|p2a: Metagross|Body Slam|p1a: Corviknight\n|-resisted|p1a: Corviknight\n|-damage|p1a: Corviknight|73/100\n|move|p1a: Corviknight|Iron Defense|p1a: Corviknight\n|-boost|p1a: Corviknight|def|2\n|\n|upkeep\n|turn|8\n|\n|t:|1782447838\n|move|p2a: Metagross|Body Slam|p1a: Corviknight\n|-resisted|p1a: Corviknight\n|-damage|p1a: Corviknight|70/100\n|move|p1a: Corviknight|Body Press|p2a: Metagross\n|-damage|p2a: Metagross|19/100\n|\n|-heal|p2a: Metagross|25/100|[from] item: Leftovers\n|upkeep\n|turn|9\n|\n|t:|1782447847\n|move|p2a: Metagross|Body Slam|p1a: Corviknight\n|-resisted|p1a: Corviknight\n|-damage|p1a: Corviknight|68/100\n|-status|p1a: Corviknight|par\n|move|p1a: Corviknight|Body Press|p2a: Metagross\n|-damage|p2a: Metagross|0 fnt\n|faint|p2a: Metagross\n|\n|upkeep\n|\n|t:|1782447851\n|switch|p2a: Polteageist|Polteageist-Antique|100/100\n|turn|10\n|\n|t:|1782447860\n|move|p2a: Polteageist|Shell Smash|p2a: Polteageist\n|-unboost|p2a: Polteageist|def|1\n|-unboost|p2a: Polteageist|spd|1\n|-boost|p2a: Polteageist|atk|2\n|-boost|p2a: Polteageist|spa|2\n|-boost|p2a: Polteageist|spe|2\n|move|p1a: Corviknight|Roost|p1a: Corviknight\n|-heal|p1a: Corviknight|100/100 par\n|-singleturn|p1a: Corviknight|move: Roost\n|\n|upkeep\n|turn|11\n|\n|t:|1782447868\n|move|p2a: Polteageist|Shell Smash|p2a: Polteageist\n|-unboost|p2a: Polteageist|def|1\n|-unboost|p2a: Polteageist|spd|1\n|-boost|p2a: Polteageist|atk|2\n|-boost|p2a: Polteageist|spa|2\n|-boost|p2a: Polteageist|spe|2\n|move|p1a: Corviknight|Iron Head|p2a: Polteageist\n|-damage|p2a: Polteageist|7/100\n|-ability|p2a: Polteageist|Weak Armor|boost\n|-unboost|p2a: Polteageist|def|1\n|-boost|p2a: Polteageist|spe|2\n|\n|upkeep\n|turn|12\n|inactive|Battle timer is ON: inactive players will automatically lose when time's up. (requested by MozzyIdiot)\n|\n|t:|1782447898\n|move|p2a: Polteageist|Shadow Ball|p1a: Corviknight\n|-damage|p1a: Corviknight|0 fnt\n|faint|p1a: Corviknight\n|\n|upkeep\n|\n|t:|1782447908\n|switch|p1a: Gliscor|Gliscor, F|100/100\n|-damage|p1a: Gliscor|88/100|[from] Stealth Rock\n|turn|13\n|\n|t:|1782447914\n|move|p1a: Gliscor|Protect|p1a: Gliscor\n|-singleturn|p1a: Gliscor|Protect\n|move|p2a: Polteageist|Stored Power|p1a: Gliscor\n|-activate|p1a: Gliscor|move: Protect\n|\n|-status|p1a: Gliscor|tox|[from] item: Toxic Orb\n|upkeep\n|turn|14\n|\n|t:|1782447925\n|move|p2a: Polteageist|Stored Power|p1a: Gliscor\n|-damage|p1a: Gliscor|0 fnt\n|faint|p1a: Gliscor\n|\n|upkeep\n|\n|t:|1782447929\n|switch|p1a: Great Tusk|Great Tusk|100/100\n|turn|15\n|\n|t:|1782447935\n|move|p2a: Polteageist|Stored Power|p1a: Great Tusk\n|-supereffective|p1a: Great Tusk\n|-damage|p1a: Great Tusk|0 fnt\n|faint|p1a: Great Tusk\n|-end|p1a: Great Tusk|Protosynthesis|[silent]\n|\n|upkeep\n|\n|t:|1782447938\n|switch|p1a: Garganacl|Garganacl, F|100/100\n|-damage|p1a: Garganacl|88/100|[from] Stealth Rock\n|turn|16\n|\n|t:|1782447943\n|move|p2a: Polteageist|Giga Drain|p1a: Garganacl\n|-supereffective|p1a: Garganacl\n|-damage|p1a: Garganacl|0 fnt\n|-heal|p2a: Polteageist|75/100|[from] drain|[of] p1a: Garganacl\n|faint|p1a: Garganacl\n|\n|upkeep\n|\n|t:|1782447944\n|switch|p1a: Rotom|Rotom-Heat|100/100\n|-damage|p1a: Rotom|75/100|[from] Stealth Rock\n|turn|17\n|\n|t:|1782447950\n|move|p2a: Polteageist|Giga Drain|p1a: Rotom\n|-resisted|p1a: Rotom\n|-damage|p1a: Rotom|24/100\n|-heal|p2a: Polteageist|100/100|[from] drain|[of] p1a: Rotom\n|move|p1a: Rotom|Thunderbolt|p2a: Polteageist\n|-damage|p2a: Polteageist|1/100\n|\n|-heal|p1a: Rotom|30/100|[from] item: Leftovers\n|upkeep\n|turn|18\n|\n|t:|1782447961\n|-terastallize|p1a: Rotom|Electric\n|move|p2a: Polteageist|Stored Power|p1a: Rotom\n|-damage|p1a: Rotom|0 fnt\n|faint|p1a: Rotom\n|\n|win|tcurtsedfles\n|raw|MozzyIdiot's rating: 1081 &rarr; <strong>1059</strong><br />(-22 for losing)\n|raw|tcurtsedfles's rating: 1076 &rarr; <strong>1105</strong><br />(+29 for winning)\n|l|☆MozzyIdiot\n|player|p1|\n|l|☆tcurtsedfles\n|player|p2|\n", "uploadtime": 1782448298, "views": 3, "formatid": "gen9ou", "rating": 1059, "private": 0, "password": null}