{"id": "gen9ou-2639255452", "format": "[Gen 9] OU", "players": ["dillonbrookssimp", "thepeakmons"], "log": "|j|☆dillonbrookssimp\n|j|☆thepeakmons\n|t:|1782441213\n|gametype|singles\n|player|p1|dillonbrookssimp|harlequin|1381\n|player|p2|thepeakmons|101|1334\n|gen|9\n|tier|[Gen 9] OU\n|rated|\n|rule|HP Percentage Mod: HP is shown in percentages\n|rule|Endless Battle Clause: Forcing endless battles is banned\n|rule|Species Clause: Limit one of each Pokémon\n|rule|OHKO Clause: OHKO moves are banned\n|rule|Evasion Items Clause: Evasion items are banned\n|rule|Evasion Moves Clause: Evasion moves are banned\n|rule|Evasion Abilities Clause: Evasion abilities are banned\n|rule|Sleep Moves Clause: Sleep-inducing moves are banned\n|clearpoke\n|poke|p1|Torterra, M|\n|poke|p1|Avalugg, M|\n|poke|p1|Slowking-Galar, M|\n|poke|p1|Zamazenta-*|\n|poke|p1|Heatran, M|\n|poke|p1|Enamorus, F|\n|poke|p2|Corviknight, M|\n|poke|p2|Ting-Lu|\n|poke|p2|Kyurem|\n|poke|p2|Dondozo, M|\n|poke|p2|Slowking-Galar, M|\n|poke|p2|Cinderace, F|\n|teampreview\n|inactive|Battle timer is ON: inactive players will automatically lose when time's up. (requested by dillonbrookssimp)\n|inactive|thepeakmons also wants the timer to be on.\n|\n|t:|1782441230\n|teamsize|p1|6\n|teamsize|p2|6\n|start\n|switch|p1a: Heatran|Heatran, M|100/100\n|switch|p2a: Cinderace|Cinderace, F|100/100\n|turn|1\n|\n|t:|1782441258\n|move|p1a: Heatran|Earth Power|p2a: Cinderace\n|-supereffective|p2a: Cinderace\n|-damage|p2a: Cinderace|19/100\n|move|p2a: Cinderace|Pyro Ball|p1a: Heatran\n|-start|p1a: Heatran|ability: Flash Fire\n|\n|upkeep\n|turn|2\n|\n|t:|1782441276\n|-end|p1a: Heatran|ability: Flash Fire|[silent]\n|switch|p1a: Slowking|Slowking-Galar, M|100/100\n|switch|p2a: Corviknight|Corviknight, M|100/100\n|-ability|p2a: Corviknight|Pressure\n|\n|upkeep\n|turn|3\n|inactive|thepeakmons has 120 seconds left.\n|\n|t:|1782441292\n|move|p2a: Corviknight|U-turn|p1a: Slowking\n|-damage|p1a: Slowking|84/100\n|inactive|thepeakmons has 120 seconds left.\n|\n|t:|1782441307\n|switch|p2a: Ting-Lu|Ting-Lu|100/100|[from] U-turn\n|-ability|p2a: Ting-Lu|Vessel of Ruin\n|move|p1a: Slowking|Future Sight|p2a: Ting-Lu\n|-start|p1a: Slowking|move: Future Sight\n|\n|upkeep\n|turn|4\n|\n|t:|1782441317\n|switch|p1a: Enamorus|Enamorus, F|100/100\n|move|p2a: Ting-Lu|Earthquake|p1a: Enamorus\n|-immune|p1a: Enamorus\n|\n|upkeep\n|turn|5\n|inactive|thepeakmons has 120 seconds left.\n|\n|t:|1782441326\n|move|p1a: Enamorus|Superpower|p2a: Ting-Lu\n|-supereffective|p2a: Ting-Lu\n|-damage|p2a: Ting-Lu|67/100\n|-boost|p1a: Enamorus|atk|1\n|-boost|p1a: Enamorus|def|1\n|move|p2a: Ting-Lu|Payback|p1a: Enamorus\n|-resisted|p1a: Enamorus\n|-damage|p1a: Enamorus|79/100\n|\n|-end|p2a: Ting-Lu|move: Future Sight\n|-immune|p2a: Ting-Lu\n|-heal|p2a: Ting-Lu|74/100|[from] item: Leftovers\n|upkeep\n|turn|6\n|inactive|thepeakmons has 120 seconds left.\n|\n|t:|1782441349\n|switch|p1a: Slowking|Slowking-Galar, M|100/100\n|switch|p2a: Slowking|Slowking-Galar, M|100/100\n|\n|upkeep\n|turn|7\n|inactive|thepeakmons has 120 seconds left.\n|\n|t:|1782441358\n|move|p2a: Slowking|Future Sight|p1a: Slowking\n|-start|p2a: Slowking|move: Future Sight\n|move|p1a: Slowking|Future Sight|p2a: Slowking\n|-start|p1a: Slowking|move: Future Sight\n|\n|upkeep\n|turn|8\n|\n|t:|1782441365\n|-prepare|p2a: Slowking|Chilly Reception|[premajor]\n|move|p2a: Slowking|Chilly Reception|p2a: Slowking\n|-weather|Snowscape\n|inactive|thepeakmons has 120 seconds left.\n|\n|t:|1782441378\n|switch|p2a: Ting-Lu|Ting-Lu|74/100|[from] Chilly Reception\n|-ability|p2a: Ting-Lu|Vessel of Ruin\n|-prepare|p1a: Slowking|Chilly Reception|[premajor]\n|move|p1a: Slowking|Chilly Reception|p1a: Slowking\n|\n|t:|1782441388\n|switch|p1a: Enamorus|Enamorus, F|79/100|[from] Chilly Reception\n|\n|-weather|Snowscape|[upkeep]\n|-heal|p2a: Ting-Lu|80/100|[from] item: Leftovers\n|upkeep\n|turn|9\n|inactive|thepeakmons has 120 seconds left.\n|\n|t:|1782441404\n|switch|p2a: Slowking|Slowking-Galar, M|100/100\n|move|p1a: Enamorus|Moonblast|p2a: Slowking\n|-resisted|p2a: Slowking\n|-damage|p2a: Slowking|80/100\n|-unboost|p2a: Slowking|spa|1\n|\n|-weather|Snowscape|[upkeep]\n|-end|p1a: Enamorus|move: Future Sight\n|-damage|p1a: Enamorus|37/100\n|-end|p2a: Slowking|move: Future Sight\n|-damage|p2a: Slowking|46/100\n|upkeep\n|turn|10\n|inactive|thepeakmons has 120 seconds left.\n|\n|t:|1782441419\n|switch|p1a: Heatran|Heatran, M|100/100\n|move|p2a: Slowking|Sludge Bomb|p1a: Heatran\n|-immune|p1a: Heatran\n|\n|-weather|Snowscape|[upkeep]\n|upkeep\n|turn|11\n|inactive|thepeakmons has 120 seconds left.\n|\n|t:|1782441440\n|switch|p2a: Ting-Lu|Ting-Lu|80/100\n|-ability|p2a: Ting-Lu|Vessel of Ruin\n|move|p1a: Heatran|Stealth Rock|p2a: Ting-Lu\n|-sidestart|p2: thepeakmons|move: Stealth Rock\n|\n|-weather|Snowscape|[upkeep]\n|-heal|p2a: Ting-Lu|86/100|[from] item: Leftovers\n|upkeep\n|turn|12\n|inactive|thepeakmons has 120 seconds left.\n|\n|t:|1782441455\n|switch|p1a: Zamazenta|Zamazenta|100/100\n|-ability|p1a: Zamazenta|Dauntless Shield|boost\n|-boost|p1a: Zamazenta|def|1\n|switch|p2a: Corviknight|Corviknight, M|100/100\n|-damage|p2a: Corviknight|88/100|[from] Stealth Rock\n|-ability|p2a: Corviknight|Pressure\n|\n|-weather|none\n|upkeep\n|turn|13\n|\n|t:|1782441467\n|move|p1a: Zamazenta|Howl|p1a: Zamazenta\n|-boost|p1a: Zamazenta|atk|1\n|move|p2a: Corviknight|Defog|p1a: Zamazenta\n|-unboost|p1a: Zamazenta|evasion|1\n|-sideend|p2: thepeakmons|Stealth Rock|[from] move: Defog|[of] p2a: Corviknight\n|\n|upkeep\n|turn|14\n|\n|t:|1782441475\n|move|p1a: Zamazenta|Howl|p1a: Zamazenta\n|-boost|p1a: Zamazenta|atk|1\n|move|p2a: Corviknight|Brave Bird|p1a: Zamazenta\n|-supereffective|p1a: Zamazenta\n|-damage|p1a: Zamazenta|54/100\n|-damage|p2a: Corviknight|76/100|[from] Recoil\n|\n|-heal|p1a: Zamazenta|60/100|[from] item: Leftovers\n|upkeep\n|turn|15\n|inactive|thepeakmons has 120 seconds left.\n|\n|t:|1782441492\n|move|p1a: Zamazenta|Close Combat|p2a: Corviknight\n|-damage|p2a: Corviknight|5/100\n|-unboost|p1a: Zamazenta|def|1\n|-unboost|p1a: Zamazenta|spd|1\n|-damage|p1a: Zamazenta|43/100|[from] item: Rocky Helmet|[of] p2a: Corviknight\n|move|p2a: Corviknight|Brave Bird|p1a: Zamazenta\n|-supereffective|p1a: Zamazenta\n|-damage|p1a: Zamazenta|0 fnt\n|faint|p1a: Zamazenta\n|-damage|p2a: Corviknight|0 fnt|[from] Recoil\n|faint|p2a: Corviknight\n|\n|upkeep\n|\n|t:|1782441515\n|switch|p1a: Heatran|Heatran, M|100/100\n|switch|p2a: Slowking|Slowking-Galar, M|79/100\n|turn|16\n|\n|t:|1782441525\n|move|p1a: Heatran|Earth Power|p2a: Slowking\n|-supereffective|p2a: Slowking\n|-enditem|p2a: Slowking|Shuca Berry|[eat]\n|-enditem|p2a: Slowking|Shuca Berry|[weaken]\n|-damage|p2a: Slowking|53/100\n|-prepare|p2a: Slowking|Chilly Reception|[premajor]\n|move|p2a: Slowking|Chilly Reception|p2a: Slowking\n|-weather|Snowscape\n|inactive|thepeakmons has 90 seconds left.\n|\n|t:|1782441546\n|switch|p2a: Kyurem|Kyurem|100/100|[from] Chilly Reception\n|-ability|p2a: Kyurem|Pressure\n|\n|-weather|Snowscape|[upkeep]\n|upkeep\n|turn|17\n|inactive|thepeakmons has 90 seconds left.\n|\n|t:|1782441554\n|switch|p1a: Slowking|Slowking-Galar, M|100/100\n|move|p2a: Kyurem|Earth Power|p1a: Slowking\n|-supereffective|p1a: Slowking\n|-damage|p1a: Slowking|64/100\n|\n|-weather|Snowscape|[upkeep]\n|upkeep\n|turn|18\n|inactive|thepeakmons has 90 seconds left.\n|\n|t:|1782441568\n|move|p2a: Kyurem|Earth Power|p1a: Slowking\n|-supereffective|p1a: Slowking\n|-damage|p1a: Slowking|28/100\n|move|p1a: Slowking|Trick|p2a: Kyurem\n|-activate|p1a: Slowking|move: Trick|[of] p2a: Kyurem\n|-item|p2a: Kyurem|Lagging Tail|[from] move: Trick\n|-item|p1a: Slowking|Leftovers|[from] move: Trick\n|\n|-weather|Snowscape|[upkeep]\n|-heal|p1a: Slowking|35/100|[from] item: Leftovers\n|upkeep\n|turn|19\n|\n|t:|1782441573\n|switch|p1a: Enamorus|Enamorus, F|37/100\n|move|p2a: Kyurem|Earth Power|p1a: Enamorus\n|-immune|p1a: Enamorus\n|\n|-weather|Snowscape|[upkeep]\n|upkeep\n|turn|20\n|\n|t:|1782441586\n|switch|p2a: Slowking|Slowking-Galar, M|87/100\n|move|p1a: Enamorus|Moonblast|p2a: Slowking\n|-resisted|p2a: Slowking\n|-damage|p2a: Slowking|66/100\n|\n|-weather|none\n|upkeep\n|turn|21\n|\n|t:|1782441605\n|switch|p1a: Heatran|Heatran, M|100/100\n|move|p2a: Slowking|Ice Beam|p1a: Heatran\n|-resisted|p1a: Heatran\n|-damage|p1a: Heatran|95/100\n|\n|upkeep\n|turn|22\n|inactive|thepeakmons has 90 seconds left.\n|\n|t:|1782441624\n|switch|p2a: Ting-Lu|Ting-Lu|86/100\n|-ability|p2a: Ting-Lu|Vessel of Ruin\n|move|p1a: Heatran|Stealth Rock|p2a: Ting-Lu\n|-sidestart|p2: thepeakmons|move: Stealth Rock\n|\n|-heal|p2a: Ting-Lu|92/100|[from] item: Leftovers\n|upkeep\n|turn|23\n|inactive|thepeakmons has 90 seconds left.\n|\n|t:|1782441642\n|switch|p1a: Torterra|Torterra, M|100/100\n|switch|p2a: Cinderace|Cinderace, F|19/100\n|\n|upkeep\n|turn|24\n|inactive|thepeakmons has 90 seconds left.\n|\n|t:|1782441655\n|move|p2a: Cinderace|Court Change|p2a: Cinderace\n|-swapsideconditions\n|-activate|p2a: Cinderace|move: Court Change\n|move|p1a: Torterra|Shell Smash|p1a: Torterra\n|-unboost|p1a: Torterra|def|1\n|-unboost|p1a: Torterra|spd|1\n|-boost|p1a: Torterra|atk|2\n|-boost|p1a: Torterra|spa|2\n|-boost|p1a: Torterra|spe|2\n|-enditem|p1a: Torterra|White Herb\n|-clearnegativeboost|p1a: Torterra|[silent]\n|\n|upkeep\n|turn|25\n|inactive|thepeakmons has 90 seconds left.\n|\n|t:|1782441675\n|move|p1a: Torterra|Wood Hammer|p2a: Cinderace\n|-resisted|p2a: Cinderace\n|-damage|p2a: Cinderace|0 fnt\n|faint|p2a: Cinderace\n|-damage|p1a: Torterra|94/100|[from] Recoil\n|\n|upkeep\n|\n|t:|1782441697\n|switch|p2a: Dondozo|Dondozo, M|100/100\n|turn|26\n|\n|t:|1782441712\n|move|p1a: Torterra|Wood Hammer|p2a: Dondozo\n|-supereffective|p2a: Dondozo\n|-damage|p2a: Dondozo|31/100\n|-damage|p1a: Torterra|59/100|[from] Recoil\n|move|p2a: Dondozo|Waterfall|p1a: Torterra\n|-damage|p1a: Torterra|30/100\n|\n|-heal|p2a: Dondozo|37/100|[from] item: Leftovers\n|upkeep\n|turn|27\n|inactive|thepeakmons has 60 seconds left.\n|\n|t:|1782441732\n|switch|p2a: Slowking|Slowking-Galar, M|99/100\n|move|p1a: Torterra|Wood Hammer|p2a: Slowking\n|-resisted|p2a: Slowking\n|-damage|p2a: Slowking|30/100\n|-damage|p1a: Torterra|3/100|[from] Recoil\n|\n|upkeep\n|turn|28\n|inactive|thepeakmons has 60 seconds left.\n|\n|t:|1782441745\n|move|p1a: Torterra|Headlong Rush|p2a: Slowking\n|-supereffective|p2a: Slowking\n|-damage|p2a: Slowking|0 fnt\n|-unboost|p1a: Torterra|def|1\n|-unboost|p1a: Torterra|spd|1\n|faint|p2a: Slowking\n|\n|upkeep\n|inactive|thepeakmons has 60 seconds left.\n|\n|t:|1782441756\n|switch|p2a: Ting-Lu|Ting-Lu|92/100\n|-ability|p2a: Ting-Lu|Vessel of Ruin\n|turn|29\n|inactive|thepeakmons has 60 seconds left.\n|\n|t:|1782441763\n|move|p1a: Torterra|Wood Hammer|p2a: Ting-Lu\n|-supereffective|p2a: Ting-Lu\n|-damage|p2a: Ting-Lu|0 fnt\n|faint|p2a: Ting-Lu\n|-damage|p1a: Torterra|0 fnt|[from] Recoil\n|faint|p1a: Torterra\n|\n|upkeep\n|inactive|thepeakmons has 60 seconds left.\n|\n|t:|1782441776\n|switch|p1a: Enamorus|Enamorus, F|37/100\n|switch|p2a: Dondozo|Dondozo, M|37/100\n|-damage|p1a: Enamorus|12/100|[from] Stealth Rock\n|turn|30\n|inactive|thepeakmons has 60 seconds left.\n|\n|t:|1782441784\n|-terastallize|p1a: Enamorus|Fairy\n|move|p1a: Enamorus|Moonblast|p2a: Dondozo\n|-damage|p2a: Dondozo|0 fnt\n|faint|p2a: Dondozo\n|\n|upkeep\n|inactive|thepeakmons has 60 seconds left.\n|\n|t:|1782441798\n|switch|p2a: Kyurem|Kyurem|100/100\n|-ability|p2a: Kyurem|Pressure\n|turn|31\n|inactive|thepeakmons has 60 seconds left.\n|\n|t:|1782441813\n|move|p2a: Kyurem|Protect|p2a: Kyurem\n|-singleturn|p2a: Kyurem|Protect\n|move|p1a: Enamorus|Moonblast|p2a: Kyurem\n|-activate|p2a: Kyurem|move: Protect\n|\n|upkeep\n|turn|32\n|inactive|thepeakmons has 60 seconds left.\n|\n|t:|1782441822\n|move|p2a: Kyurem|Protect||[still]\n|-fail|p2a: Kyurem\n|move|p1a: Enamorus|Moonblast|p2a: Kyurem\n|-supereffective|p2a: Kyurem\n|-damage|p2a: Kyurem|0 fnt\n|faint|p2a: Kyurem\n|\n|win|dillonbrookssimp\n|raw|dillonbrookssimp's rating: 1381 &rarr; <strong>1397</strong><br />(+16 for winning)\n|raw|thepeakmons's rating: 1313 &rarr; <strong>1297</strong><br />(-16 for losing)\n|l|☆dillonbrookssimp\n|player|p1|\n", "uploadtime": 1782441823, "views": 16, "formatid": "gen9ou", "rating": 1297, "private": 0, "password": null}