{"id": "gen9ou-2639214006", "format": "[Gen 9] OU", "players": ["miscellandorus-t", "colress1234"], "log": "|j|☆miscellandorus-t\n|j|☆colress1234\n|t:|1782435136\n|gametype|singles\n|player|p1|miscellandorus-t|169|1575\n|player|p2|colress1234|will|1660\n|gen|9\n|tier|[Gen 9] OU\n|rated|\n|rule|HP Percentage Mod: HP is shown in percentages\n|rule|Endless Battle Clause: Forcing endless battles is banned\n|rule|Species Clause: Limit one of each Pokémon\n|rule|OHKO Clause: OHKO moves are banned\n|rule|Evasion Items Clause: Evasion items are banned\n|rule|Evasion Moves Clause: Evasion moves are banned\n|rule|Evasion Abilities Clause: Evasion abilities are banned\n|rule|Sleep Moves Clause: Sleep-inducing moves are banned\n|clearpoke\n|poke|p1|Hoopa|\n|poke|p1|Cinderace, F|\n|poke|p1|Mandibuzz, F|\n|poke|p1|Kyurem|\n|poke|p1|Ting-Lu|\n|poke|p1|Manaphy|\n|poke|p2|Slowking-Galar, F|\n|poke|p2|Cinderace, F|\n|poke|p2|Landorus-Therian, M|\n|poke|p2|Regieleki|\n|poke|p2|Kingambit, F|\n|poke|p2|Ogerpon-Wellspring, F|\n|teampreview\n|inactive|Battle timer is ON: inactive players will automatically lose when time's up. (requested by colress1234)\n|\n|t:|1782435148\n|teamsize|p1|6\n|teamsize|p2|6\n|start\n|switch|p1a: Ting-Lucifer|Ting-Lu|100/100\n|switch|p2a: Slowking|Slowking-Galar, F|100/100\n|-ability|p1a: Ting-Lucifer|Vessel of Ruin\n|turn|1\n|\n|t:|1782435154\n|move|p1a: Ting-Lucifer|Earthquake|p2a: Slowking\n|-supereffective|p2a: Slowking\n|-enditem|p2a: Slowking|Shuca Berry|[eat]\n|-enditem|p2a: Slowking|Shuca Berry|[weaken]\n|-damage|p2a: Slowking|63/100\n|-prepare|p2a: Slowking|Chilly Reception|[premajor]\n|move|p2a: Slowking|Chilly Reception|p2a: Slowking\n|-weather|Snowscape\n|\n|t:|1782435165\n|switch|p2a: Landorus|Landorus-Therian, M|100/100|[from] Chilly Reception\n|-ability|p2a: Landorus|Intimidate|boost\n|-unboost|p1a: Ting-Lucifer|atk|1\n|\n|-weather|Snowscape|[upkeep]\n|upkeep\n|turn|2\n|\n|t:|1782435171\n|move|p2a: Landorus|Stealth Rock|p1a: Ting-Lucifer\n|-sidestart|p1: miscellandorus-t|move: Stealth Rock\n|move|p1a: Ting-Lucifer|Stealth Rock|p2a: Landorus\n|-sidestart|p2: colress1234|move: Stealth Rock\n|\n|-weather|Snowscape|[upkeep]\n|upkeep\n|turn|3\n|\n|t:|1782435175\n|switch|p1a: Mandibuzz|Mandibuzz, F, shiny|100/100\n|-damage|p1a: Mandibuzz|76/100|[from] Stealth Rock\n|move|p2a: Landorus|Grass Knot|p1a: Mandibuzz\n|-resisted|p1a: Mandibuzz\n|-damage|p1a: Mandibuzz|69/100\n|-damage|p2a: Landorus|84/100|[from] item: Rocky Helmet|[of] p1a: Mandibuzz\n|\n|-weather|Snowscape|[upkeep]\n|upkeep\n|turn|4\n|\n|t:|1782435184\n|move|p2a: Landorus|Taunt|p1a: Mandibuzz\n|-start|p1a: Mandibuzz|move: Taunt\n|cant|p1a: Mandibuzz|move: Taunt|Roost\n|\n|-weather|Snowscape|[upkeep]\n|upkeep\n|turn|5\n|\n|t:|1782435194\n|switch|p2a: Kingambit|Kingambit, F|100/100\n|-damage|p2a: Kingambit|94/100|[from] Stealth Rock\n|switch|p1a: Manaphy|Manaphy|100/100\n|-damage|p1a: Manaphy|88/100|[from] Stealth Rock\n|\n|-weather|none\n|-heal|p1a: Manaphy|94/100|[from] item: Leftovers\n|-heal|p2a: Kingambit|100/100|[from] item: Leftovers\n|upkeep\n|turn|6\n|\n|t:|1782435203\n|-end|p2a: Kingambit|fallenundefined|[silent]\n|switch|p2a: Ogerpon|Ogerpon-Wellspring, F|100/100\n|-damage|p2a: Ogerpon|88/100|[from] Stealth Rock\n|move|p1a: Manaphy|Scald|p2a: Ogerpon\n|-heal|p2a: Ogerpon|100/100|[from] ability: Water Absorb|[of] p1a: Manaphy\n|\n|-heal|p1a: Manaphy|100/100|[from] item: Leftovers\n|upkeep\n|turn|7\n|\n|t:|1782435212\n|switch|p1a: Kyurem|Kyurem|100/100\n|-damage|p1a: Kyurem|76/100|[from] Stealth Rock\n|-ability|p1a: Kyurem|Pressure\n|move|p2a: Ogerpon|Ivy Cudgel|p1a: Kyurem|[anim] Ivy Cudgel Water\n|-resisted|p1a: Kyurem\n|-crit|p1a: Kyurem\n|-damage|p1a: Kyurem|31/100\n|\n|upkeep\n|turn|8\n|\n|t:|1782435223\n|switch|p2a: Kingambit|Kingambit, F|100/100\n|-damage|p2a: Kingambit|94/100|[from] Stealth Rock\n|move|p1a: Kyurem|Freeze-Dry|p2a: Kingambit\n|-resisted|p2a: Kingambit\n|-damage|p2a: Kingambit|72/100\n|\n|-heal|p2a: Kingambit|79/100|[from] item: Leftovers\n|upkeep\n|turn|9\n|\n|t:|1782435232\n|switch|p1a: Cinderace|Cinderace, F|100/100\n|-damage|p1a: Cinderace|76/100|[from] Stealth Rock\n|move|p2a: Kingambit|Swords Dance|p2a: Kingambit\n|-boost|p2a: Kingambit|atk|2\n|\n|-heal|p2a: Kingambit|85/100|[from] item: Leftovers\n|upkeep\n|turn|10\n|\n|t:|1782435242\n|move|p2a: Kingambit|Sucker Punch|p1a: Cinderace\n|-damage|p1a: Cinderace|0 fnt\n|faint|p1a: Cinderace\n|\n|-heal|p2a: Kingambit|91/100|[from] item: Leftovers\n|upkeep\n|\n|t:|1782435247\n|switch|p1a: Hoopa|Hoopa|100/100\n|-damage|p1a: Hoopa|88/100|[from] Stealth Rock\n|turn|11\n|\n|t:|1782435252\n|-end|p2a: Kingambit|fallenundefined|[silent]\n|switch|p2a: Ogerpon|Ogerpon-Wellspring, F|100/100\n|-damage|p2a: Ogerpon|88/100|[from] Stealth Rock\n|move|p1a: Hoopa|Substitute|p1a: Hoopa\n|-start|p1a: Hoopa|Substitute\n|-damage|p1a: Hoopa|63/100\n|\n|upkeep\n|turn|12\n|\n|t:|1782435258\n|move|p2a: Ogerpon|Encore|p1a: Hoopa\n|-start|p1a: Hoopa|Encore\n|move|p1a: Hoopa|Substitute|p1a: Hoopa\n|-fail|p1a: Hoopa|move: Substitute\n|\n|upkeep\n|turn|13\n|-message|miscellandorus-t forfeited.\n|\n|win|colress1234\n|raw|miscellandorus-t's rating: 1575 &rarr; <strong>1560</strong><br />(-15 for losing)\n|raw|colress1234's rating: 1660 &rarr; <strong>1675</strong><br />(+15 for winning)\n|l|☆miscellandorus-t\n|player|p1|\n", "uploadtime": 1782435269, "views": 13, "formatid": "gen9ou", "rating": 1560, "private": 0, "password": null}