{"id": "gen9ou-2640023072", "format": "[Gen 9] OU", "players": ["pincurchinisgod", "livelaughlando"], "log": "|j|☆pincurchinisgod\n|j|☆livelaughlando\n|t:|1782565536\n|gametype|singles\n|player|p1|pincurchinisgod|101|1481\n|player|p2|livelaughlando|backersf|1578\n|gen|9\n|tier|[Gen 9] OU\n|rated|\n|rule|HP Percentage Mod: HP is shown in percentages\n|rule|Endless Battle Clause: Forcing endless battles is banned\n|rule|Species Clause: Limit one of each Pokémon\n|rule|OHKO Clause: OHKO moves are banned\n|rule|Evasion Items Clause: Evasion items are banned\n|rule|Evasion Moves Clause: Evasion moves are banned\n|rule|Evasion Abilities Clause: Evasion abilities are banned\n|rule|Sleep Moves Clause: Sleep-inducing moves are banned\n|clearpoke\n|poke|p1|Heatran, M|\n|poke|p1|Sandy Shocks|\n|poke|p1|Gyarados, M|\n|poke|p1|Weavile, M|\n|poke|p1|Dragapult, M|\n|poke|p1|Hatterene, F|\n|poke|p2|Pelipper, F|\n|poke|p2|Raging Bolt|\n|poke|p2|Overqwil, M|\n|poke|p2|Barraskewda, F|\n|poke|p2|Iron Treads|\n|poke|p2|Kingambit, M|\n|teampreview\n|\n|t:|1782565559\n|teamsize|p1|6\n|teamsize|p2|6\n|start\n|switch|p1a: Sandy Shocks|Sandy Shocks|100/100\n|switch|p2a: Pelipper|Pelipper, F|100/100\n|-weather|RainDance|[from] ability: Drizzle|[of] p2a: Pelipper\n|-enditem|p1a: Sandy Shocks|Booster Energy\n|-activate|p1a: Sandy Shocks|ability: Protosynthesis|[fromitem]\n|-start|p1a: Sandy Shocks|protosynthesisspe\n|turn|1\n|\n|t:|1782565561\n|switch|p2a: Iron Treads|Iron Treads|100/100\n|-enditem|p2a: Iron Treads|Booster Energy\n|-activate|p2a: Iron Treads|ability: Quark Drive|[fromitem]\n|-start|p2a: Iron Treads|quarkdrivespe\n|move|p1a: Sandy Shocks|Spikes|p2a: Iron Treads\n|-sidestart|p2: livelaughlando|Spikes\n|\n|-weather|RainDance|[upkeep]\n|upkeep\n|turn|2\n|\n|t:|1782565567\n|move|p1a: Sandy Shocks|Scorching Sands|p2a: Iron Treads\n|-supereffective|p2a: Iron Treads\n|-crit|p2a: Iron Treads\n|-damage|p2a: Iron Treads|0 fnt\n|faint|p2a: Iron Treads\n|-end|p2a: Iron Treads|Quark Drive|[silent]\n|\n|-weather|RainDance|[upkeep]\n|upkeep\n|\n|t:|1782565570\n|switch|p2a: Barraskewda|Barraskewda, F|100/100\n|-damage|p2a: Barraskewda|88/100|[from] Spikes\n|turn|3\n|\n|t:|1782565575\n|move|p2a: Barraskewda|Flip Turn|p1a: Sandy Shocks\n|-supereffective|p1a: Sandy Shocks\n|-damage|p1a: Sandy Shocks|0 fnt\n|faint|p1a: Sandy Shocks\n|-end|p1a: Sandy Shocks|Protosynthesis|[silent]\n|\n|t:|1782565593\n|switch|p2a: Pelipper|Pelipper, F|100/100|[from] Flip Turn\n|\n|-weather|RainDance|[upkeep]\n|upkeep\n|\n|t:|1782565614\n|switch|p1a: Hatterene|Hatterene, F|100/100\n|turn|4\n|\n|t:|1782565623\n|move|p2a: Pelipper|Weather Ball|p1a: Hatterene\n|-damage|p1a: Hatterene|67/100\n|move|p1a: Hatterene|Draining Kiss|p2a: Pelipper\n|-damage|p2a: Pelipper|63/100\n|-heal|p1a: Hatterene|95/100|[from] drain|[of] p2a: Pelipper\n|\n|-weather|RainDance|[upkeep]\n|upkeep\n|turn|5\n|\n|t:|1782565629\n|move|p2a: Pelipper|U-turn|p1a: Hatterene\n|-damage|p1a: Hatterene|88/100\n|\n|t:|1782565632\n|switch|p2a: Overqwil|Overqwil, M|100/100|[from] U-turn\n|-damage|p2a: Overqwil|88/100|[from] Spikes\n|move|p1a: Hatterene|Draining Kiss|p2a: Overqwil\n|-damage|p2a: Overqwil|49/100\n|-heal|p1a: Hatterene|100/100|[from] drain|[of] p2a: Overqwil\n|\n|-weather|RainDance|[upkeep]\n|upkeep\n|turn|6\n|\n|t:|1782565645\n|switch|p1a: Heatran|Heatran, M|100/100\n|move|p2a: Overqwil|Gunk Shot|p1a: Heatran\n|-immune|p1a: Heatran\n|\n|-weather|RainDance|[upkeep]\n|upkeep\n|turn|7\n|\n|t:|1782565653\n|move|p2a: Overqwil|Liquidation|p1a: Heatran\n|-supereffective|p1a: Heatran\n|-damage|p1a: Heatran|0 fnt\n|faint|p1a: Heatran\n|-damage|p2a: Overqwil|39/100|[from] item: Life Orb\n|\n|-weather|RainDance|[upkeep]\n|upkeep\n|\n|t:|1782565660\n|switch|p1a: Weavile|Weavile, M|100/100\n|-ability|p1a: Weavile|Pressure\n|turn|8\n|\n|t:|1782565667\n|move|p1a: Weavile|Protect|p1a: Weavile\n|-singleturn|p1a: Weavile|Protect\n|move|p2a: Overqwil|Gunk Shot|p1a: Weavile\n|-activate|p1a: Weavile|move: Protect\n|\n|-weather|none\n|upkeep\n|turn|9\n|\n|t:|1782565675\n|move|p1a: Weavile|Triple Axel|p2a: Overqwil\n|-damage|p2a: Overqwil|28/100\n|-damage|p2a: Overqwil|8/100\n|-hitcount|p2a: Overqwil|2\n|move|p2a: Overqwil|Gunk Shot|p1a: Weavile\n|-damage|p1a: Weavile|0 fnt\n|faint|p1a: Weavile\n|-damage|p2a: Overqwil|0 fnt|[from] item: Life Orb\n|faint|p2a: Overqwil\n|\n|upkeep\n|\n|t:|1782565687\n|switch|p1a: Dragapult|Dragapult, M|100/100\n|switch|p2a: Pelipper|Pelipper, F|63/100\n|-weather|RainDance|[from] ability: Drizzle|[of] p2a: Pelipper\n|turn|10\n|\n|t:|1782565690\n|move|p1a: Dragapult|Dragon Dance|p1a: Dragapult\n|-boost|p1a: Dragapult|atk|1\n|-boost|p1a: Dragapult|spe|1\n|move|p2a: Pelipper|U-turn|p1a: Dragapult\n|-resisted|p1a: Dragapult\n|-damage|p1a: Dragapult|94/100\n|\n|t:|1782565712\n|switch|p2a: Barraskewda|Barraskewda, F|88/100|[from] U-turn\n|-damage|p2a: Barraskewda|75/100|[from] Spikes\n|\n|-weather|RainDance|[upkeep]\n|upkeep\n|turn|11\n|\n|t:|1782565718\n|-terastallize|p2a: Barraskewda|Water\n|move|p2a: Barraskewda|Liquidation|p1a: Dragapult\n|-resisted|p1a: Dragapult\n|-damage|p1a: Dragapult|0 fnt\n|faint|p1a: Dragapult\n|\n|-weather|RainDance|[upkeep]\n|upkeep\n|\n|t:|1782565723\n|switch|p1a: Gyarados|Gyarados, M|100/100\n|turn|12\n|\n|t:|1782565727\n|switch|p2a: Pelipper|Pelipper, F|63/100\n|move|p1a: Gyarados|Earthquake|p2a: Pelipper\n|-immune|p2a: Pelipper\n|\n|-weather|RainDance|[upkeep]\n|upkeep\n|turn|13\n|\n|t:|1782565729\n|move|p1a: Gyarados|Dragon Dance|p1a: Gyarados\n|-boost|p1a: Gyarados|atk|1\n|-boost|p1a: Gyarados|spe|1\n|move|p2a: Pelipper|U-turn|p1a: Gyarados\n|-resisted|p1a: Gyarados\n|-damage|p1a: Gyarados|94/100\n|\n|t:|1782565733\n|switch|p2a: Raging Bolt|Raging Bolt|100/100|[from] U-turn\n|-damage|p2a: Raging Bolt|88/100|[from] Spikes\n|-enditem|p2a: Raging Bolt|Booster Energy\n|-activate|p2a: Raging Bolt|ability: Protosynthesis|[fromitem]\n|-start|p2a: Raging Bolt|protosynthesisspa\n|\n|-weather|RainDance|[upkeep]\n|-heal|p1a: Gyarados|100/100|[from] item: Leftovers\n|upkeep\n|turn|14\n|\n|t:|1782565741\n|move|p2a: Raging Bolt|Thunderclap||[still]\n|-fail|p2a: Raging Bolt\n|move|p1a: Gyarados|Substitute|p1a: Gyarados\n|-start|p1a: Gyarados|Substitute\n|-damage|p1a: Gyarados|75/100\n|\n|-weather|RainDance|[upkeep]\n|-heal|p1a: Gyarados|82/100|[from] item: Leftovers\n|upkeep\n|turn|15\n|\n|t:|1782565747\n|move|p2a: Raging Bolt|Thunderclap||[still]\n|-fail|p2a: Raging Bolt\n|move|p1a: Gyarados|Dragon Dance|p1a: Gyarados\n|-boost|p1a: Gyarados|atk|1\n|-boost|p1a: Gyarados|spe|1\n|\n|-weather|RainDance|[upkeep]\n|-heal|p1a: Gyarados|88/100|[from] item: Leftovers\n|upkeep\n|turn|16\n|\n|t:|1782565752\n|move|p1a: Gyarados|Earthquake|p2a: Raging Bolt\n|-supereffective|p2a: Raging Bolt\n|-damage|p2a: Raging Bolt|0 fnt\n|faint|p2a: Raging Bolt\n|-end|p2a: Raging Bolt|Protosynthesis|[silent]\n|-ability|p1a: Gyarados|Moxie|boost\n|-boost|p1a: Gyarados|atk|1\n|\n|-weather|RainDance|[upkeep]\n|-heal|p1a: Gyarados|94/100|[from] item: Leftovers\n|upkeep\n|\n|t:|1782565758\n|switch|p2a: Barraskewda|Barraskewda, F, tera:Water|75/100\n|-damage|p2a: Barraskewda|63/100|[from] Spikes\n|turn|17\n|\n|t:|1782565763\n|move|p2a: Barraskewda|Flip Turn|p1a: Gyarados\n|-resisted|p1a: Gyarados\n|-end|p1a: Gyarados|Substitute\n|\n|t:|1782565766\n|switch|p2a: Kingambit|Kingambit, M|100/100|[from] Flip Turn\n|-damage|p2a: Kingambit|88/100|[from] Spikes\n|-activate|p2a: Kingambit|ability: Supreme Overlord\n|-start|p2a: Kingambit|fallen3|[silent]\n|move|p1a: Gyarados|Substitute|p1a: Gyarados\n|-start|p1a: Gyarados|Substitute\n|-damage|p1a: Gyarados|69/100\n|\n|-weather|none\n|-heal|p1a: Gyarados|75/100|[from] item: Leftovers\n|-heal|p2a: Kingambit|94/100|[from] item: Leftovers\n|upkeep\n|turn|18\n|\n|t:|1782565776\n|move|p1a: Gyarados|Earthquake|p2a: Kingambit\n|-supereffective|p2a: Kingambit\n|-damage|p2a: Kingambit|0 fnt\n|faint|p2a: Kingambit\n|-end|p2a: Kingambit|fallen3|[silent]\n|-ability|p1a: Gyarados|Moxie|boost\n|-boost|p1a: Gyarados|atk|1\n|\n|-heal|p1a: Gyarados|81/100|[from] item: Leftovers\n|upkeep\n|\n|t:|1782565778\n|switch|p2a: Pelipper|Pelipper, F|63/100\n|-weather|RainDance|[from] ability: Drizzle|[of] p2a: Pelipper\n|turn|19\n|\n|t:|1782565782\n|move|p1a: Gyarados|Waterfall|p2a: Pelipper\n|-resisted|p2a: Pelipper\n|-damage|p2a: Pelipper|0 fnt\n|faint|p2a: Pelipper\n|-ability|p1a: Gyarados|Moxie|boost\n|-boost|p1a: Gyarados|atk|1\n|\n|-weather|RainDance|[upkeep]\n|-heal|p1a: Gyarados|87/100|[from] item: Leftovers\n|upkeep\n|\n|t:|1782565785\n|switch|p2a: Barraskewda|Barraskewda, F, tera:Water|63/100\n|-damage|p2a: Barraskewda|50/100|[from] Spikes\n|turn|20\n|\n|t:|1782565787\n|move|p2a: Barraskewda|Liquidation|p1a: Gyarados\n|-resisted|p1a: Gyarados\n|-end|p1a: Gyarados|Substitute\n|move|p1a: Gyarados|Waterfall|p2a: Barraskewda\n|-resisted|p2a: Barraskewda\n|-damage|p2a: Barraskewda|0 fnt\n|faint|p2a: Barraskewda\n|\n|win|pincurchinisgod\n|raw|pincurchinisgod's rating: 1481 &rarr; <strong>1506</strong><br />(+25 for winning)\n|raw|livelaughlando's rating: 1578 &rarr; <strong>1553</strong><br />(-25 for losing)\n|l|☆livelaughlando\n|player|p2|\n|l|☆pincurchinisgod\n|player|p1|\n", "uploadtime": 1782565947, "views": 4, "formatid": "gen9ou", "rating": 1506, "private": 0, "password": null}