{"id": "gen9ou-2647750184", "format": "[Gen 9] OU", "players": ["ArielPukLacra", "llamatruama"], "log": "|j|☆ArielPukLacra\n|j|☆llamatruama\n|t:|1783806253\n|gametype|singles\n|player|p1|ArielPukLacra|169|1174\n|player|p2|llamatruama|101|1217\n|gen|9\n|tier|[Gen 9] OU\n|rated|\n|rule|HP Percentage Mod: HP is shown in percentages\n|rule|Endless Battle Clause: Forcing endless battles is banned\n|rule|Species Clause: Limit one of each Pokémon\n|rule|OHKO Clause: OHKO moves are banned\n|rule|Evasion Items Clause: Evasion items are banned\n|rule|Evasion Moves Clause: Evasion moves are banned\n|rule|Evasion Abilities Clause: Evasion abilities are banned\n|rule|Sleep Moves Clause: Sleep-inducing moves are banned\n|clearpoke\n|poke|p1|Dunsparce, M|\n|poke|p1|Dipplin, M|\n|poke|p1|Sneasel-Hisui, M|\n|poke|p1|Porygon2|\n|poke|p1|Croconaw, M|\n|poke|p1|Scyther, F|\n|poke|p2|Basculegion, M|\n|poke|p2|Latios, M|\n|poke|p2|Dragapult, F|\n|poke|p2|Dragonite, F|\n|poke|p2|Hydreigon, M|\n|poke|p2|Kyurem|\n|teampreview\n|inactive|Battle timer is ON: inactive players will automatically lose when time's up. (requested by ArielPukLacra)\n|\n|t:|1783806262\n|teamsize|p1|6\n|teamsize|p2|6\n|start\n|switch|p1a: Dunsparce|Dunsparce, M, shiny|100/100\n|switch|p2a: Dragon'|Latios, M, shiny|100/100\n|turn|1\n|\n|t:|1783806265\n|move|p2a: Dragon'|Psychic|p1a: Dunsparce\n|-damage|p1a: Dunsparce|61/100\n|move|p1a: Dunsparce|Glare|p2a: Dragon'\n|-status|p2a: Dragon'|par\n|\n|upkeep\n|turn|2\n|\n|t:|1783806269\n|move|p2a: Dragon'|Psychic|p1a: Dunsparce\n|-damage|p1a: Dunsparce|18/100\n|move|p1a: Dunsparce|Stealth Rock|p2a: Dragon'\n|-sidestart|p2: llamatruama|move: Stealth Rock\n|\n|upkeep\n|turn|3\n|\n|t:|1783806273\n|move|p2a: Dragon'|Psychic|p1a: Dunsparce\n|-damage|p1a: Dunsparce|0 fnt\n|faint|p1a: Dunsparce\n|\n|upkeep\n|\n|t:|1783806279\n|switch|p1a: Scyther|Scyther, F, shiny|100/100\n|turn|4\n|\n|t:|1783806287\n|move|p1a: Scyther|Swords Dance|p1a: Scyther\n|-boost|p1a: Scyther|atk|2\n|move|p2a: Dragon'|Psychic|p1a: Scyther\n|-damage|p1a: Scyther|26/100\n|\n|upkeep\n|turn|5\n|\n|t:|1783806299\n|move|p1a: Scyther|Dual Wingbeat|p2a: Dragon'\n|-damage|p2a: Dragon'|31/100 par\n|-damage|p2a: Dragon'|0 fnt\n|faint|p2a: Dragon'\n|-hitcount|p2: Dragon'|2\n|\n|upkeep\n|\n|t:|1783806303\n|switch|p2a: ''Dragon|Dragonite, F|100/100\n|-damage|p2a: ''Dragon|76/100|[from] Stealth Rock\n|turn|6\n|\n|t:|1783806312\n|move|p2a: ''Dragon|Extreme Speed|p1a: Scyther\n|-damage|p1a: Scyther|0 fnt\n|faint|p1a: Scyther\n|-damage|p2a: ''Dragon|66/100|[from] item: Life Orb\n|\n|upkeep\n|\n|t:|1783806321\n|switch|p1a: Croconaw|Croconaw, M, shiny|100/100\n|turn|7\n|\n|t:|1783806327\n|move|p2a: ''Dragon|Dragon Claw|p1a: Croconaw\n|-damage|p1a: Croconaw|36/100\n|-damage|p2a: ''Dragon|56/100|[from] item: Life Orb\n|move|p1a: Croconaw|Ice Punch|p2a: ''Dragon\n|-supereffective|p2a: ''Dragon\n|-damage|p2a: ''Dragon|0 fnt\n|faint|p2a: ''Dragon\n|\n|upkeep\n|\n|t:|1783806339\n|switch|p2a: Dragon''|Dragapult, F|100/100\n|-damage|p2a: Dragon''|88/100|[from] Stealth Rock\n|turn|8\n|\n|t:|1783806342\n|move|p2a: Dragon''|Dragon Darts|p1a: Croconaw\n|-damage|p1a: Croconaw|0 fnt\n|faint|p1a: Croconaw\n|\n|upkeep\n|\n|t:|1783806347\n|switch|p1a: Porygon2|Porygon2, shiny|100/100\n|-ability|p1a: Porygon2|Clear Body|Trace|[from] ability: Trace|[of] p2a: Dragon''\n|turn|9\n|\n|t:|1783806355\n|move|p2a: Dragon''|Dragon Darts|p1a: Porygon2\n|-damage|p1a: Porygon2|80/100\n|-anim|p2a: Dragon''|Dragon Darts|p1a: Porygon2\n|-damage|p1a: Porygon2|60/100\n|move|p1a: Porygon2|Ice Beam|p2a: Dragon''\n|-supereffective|p2a: Dragon''\n|-damage|p2a: Dragon''|29/100\n|\n|upkeep\n|turn|10\n|\n|t:|1783806362\n|move|p2a: Dragon''|Dragon Darts|p1a: Porygon2\n|-damage|p1a: Porygon2|42/100\n|-anim|p2a: Dragon''|Dragon Darts|p1a: Porygon2\n|-damage|p1a: Porygon2|21/100\n|move|p1a: Porygon2|Recover|p1a: Porygon2\n|-heal|p1a: Porygon2|71/100\n|\n|upkeep\n|turn|11\n|\n|t:|1783806368\n|switch|p2a: 'Dragon|Basculegion, M|100/100\n|-damage|p2a: 'Dragon|88/100|[from] Stealth Rock\n|move|p1a: Porygon2|Recover|p1a: Porygon2\n|-heal|p1a: Porygon2|100/100\n|\n|upkeep\n|turn|12\n|inactive|llamatruama has 120 seconds left.\n|\n|t:|1783806418\n|-terastallize|p2a: 'Dragon|Dragon\n|move|p2a: 'Dragon|Scale Shot|p1a: Porygon2\n|-damage|p1a: Porygon2|90/100\n|-damage|p1a: Porygon2|80/100\n|-damage|p1a: Porygon2|69/100\n|-damage|p1a: Porygon2|60/100\n|-damage|p1a: Porygon2|50/100\n|-hitcount|p1a: Porygon2|5\n|-unboost|p2a: 'Dragon|def|1\n|-boost|p2a: 'Dragon|spe|1\n|move|p1a: Porygon2|Discharge|p2a: 'Dragon\n|-resisted|p2a: 'Dragon\n|-damage|p2a: 'Dragon|76/100\n|-status|p2a: 'Dragon|par\n|\n|upkeep\n|turn|13\n|\n|t:|1783806432\n|move|p2a: 'Dragon|Wave Crash|p1a: Porygon2\n|-crit|p1a: Porygon2\n|-damage|p1a: Porygon2|3/100\n|-damage|p2a: 'Dragon|61/100 par|[from] Recoil\n|move|p1a: Porygon2|Recover|p1a: Porygon2\n|-heal|p1a: Porygon2|53/100\n|\n|upkeep\n|turn|14\n|\n|t:|1783806437\n|move|p2a: 'Dragon|Wave Crash|p1a: Porygon2\n|-damage|p1a: Porygon2|19/100\n|-damage|p2a: 'Dragon|50/100 par|[from] Recoil\n|move|p1a: Porygon2|Recover|p1a: Porygon2\n|-heal|p1a: Porygon2|69/100\n|\n|upkeep\n|turn|15\n|inactive|llamatruama has 120 seconds left.\n|\n|t:|1783806444\n|move|p2a: 'Dragon|Scale Shot|p1a: Porygon2|[miss]\n|-miss|p2a: 'Dragon|p1a: Porygon2\n|move|p1a: Porygon2|Recover|p1a: Porygon2\n|-heal|p1a: Porygon2|100/100\n|\n|upkeep\n|turn|16\n|\n|t:|1783806448\n|move|p2a: 'Dragon|Scale Shot|p1a: Porygon2\n|-damage|p1a: Porygon2|91/100\n|-damage|p1a: Porygon2|82/100\n|-damage|p1a: Porygon2|72/100\n|-damage|p1a: Porygon2|61/100\n|-damage|p1a: Porygon2|52/100\n|-hitcount|p1a: Porygon2|5\n|-unboost|p2a: 'Dragon|def|1\n|-boost|p2a: 'Dragon|spe|1\n|move|p1a: Porygon2|Ice Beam|p2a: 'Dragon\n|-supereffective|p2a: 'Dragon\n|-damage|p2a: 'Dragon|0 fnt\n|faint|p2a: 'Dragon\n|\n|upkeep\n|\n|t:|1783806461\n|switch|p2a: '''Dragon|Kyurem|100/100\n|-damage|p2a: '''Dragon|76/100|[from] Stealth Rock\n|-ability|p2a: '''Dragon|Pressure\n|turn|17\n|\n|t:|1783806465\n|move|p2a: '''Dragon|Dragon Dance|p2a: '''Dragon\n|-boost|p2a: '''Dragon|atk|1\n|-boost|p2a: '''Dragon|spe|1\n|move|p1a: Porygon2|Recover|p1a: Porygon2\n|-heal|p1a: Porygon2|100/100\n|\n|upkeep\n|turn|18\n|\n|t:|1783806472\n|move|p2a: '''Dragon|Icicle Spear|p1a: Porygon2\n|-damage|p1a: Porygon2|90/100\n|-damage|p1a: Porygon2|79/100\n|-damage|p1a: Porygon2|69/100\n|-damage|p1a: Porygon2|57/100\n|-hitcount|p1a: Porygon2|4\n|move|p1a: Porygon2|Tri Attack|p2a: '''Dragon\n|-damage|p2a: '''Dragon|47/100\n|\n|upkeep\n|turn|19\n|\n|t:|1783806499\n|move|p2a: '''Dragon|Icicle Spear|p1a: Porygon2\n|-damage|p1a: Porygon2|46/100\n|-damage|p1a: Porygon2|35/100\n|-damage|p1a: Porygon2|23/100\n|-damage|p1a: Porygon2|13/100\n|-hitcount|p1a: Porygon2|4\n|move|p1a: Porygon2|Tri Attack|p2a: '''Dragon\n|-damage|p2a: '''Dragon|21/100\n|\n|upkeep\n|turn|20\n|\n|t:|1783806515\n|move|p2a: '''Dragon|Icicle Spear|p1a: Porygon2\n|-damage|p1a: Porygon2|1/100\n|-damage|p1a: Porygon2|0 fnt\n|faint|p1a: Porygon2\n|-hitcount|p1: Porygon2|2\n|\n|upkeep\n|\n|t:|1783806520\n|switch|p1a: Sneasel|Sneasel-Hisui, M, shiny|100/100\n|turn|21\n|\n|t:|1783806530\n|move|p1a: Sneasel|Fake Out|p2a: '''Dragon\n|-crit|p2a: '''Dragon\n|-damage|p2a: '''Dragon|5/100\n|cant|p2a: '''Dragon|flinch\n|\n|upkeep\n|turn|22\n|\n|t:|1783806537\n|move|p2a: '''Dragon|Scale Shot|p1a: Sneasel\n|-damage|p1a: Sneasel|68/100\n|-damage|p1a: Sneasel|37/100\n|-damage|p1a: Sneasel|7/100\n|-damage|p1a: Sneasel|0 fnt\n|faint|p1a: Sneasel\n|-hitcount|p1: Sneasel|4\n|-unboost|p2a: '''Dragon|def|1\n|-boost|p2a: '''Dragon|spe|1\n|\n|upkeep\n|c|☆llamatruama|too ez\n|inactive|ArielPukLacra has 120 seconds left.\n|c|☆llamatruama|jk why did this team give me trouble, porygon is a beast\n|inactive|ArielPukLacra has 90 seconds left.\n|c|☆llamatruama|ive actually used eviolite dunsparce before its lowkey bulky\n|inactive|ArielPukLacra has 60 seconds left.\n|l|☆ArielPukLacra\n|inactive|ArielPukLacra disconnected and has a minute to reconnect!\n|player|p1|\n|inactive|ArielPukLacra has 30 seconds to reconnect!\n|inactive|ArielPukLacra has 20 seconds to reconnect!\n|inactive|ArielPukLacra has 15 seconds to reconnect!\n|inactive|ArielPukLacra has 10 seconds to reconnect!\n|inactive|ArielPukLacra has 5 seconds to reconnect!\n|-message|ArielPukLacra lost due to inactivity.\n|\n|win|llamatruama\n|raw|ArielPukLacra's rating: 1174 &rarr; <strong>1152</strong><br />(-22 for losing)\n|raw|llamatruama's rating: 1217 &rarr; <strong>1239</strong><br />(+22 for winning)\n|l|☆llamatruama\n|player|p2|\n", "uploadtime": 1783807041, "views": 3, "formatid": "gen9ou", "rating": 1152, "private": 0, "password": null}