{"id": "gen9ou-2639309783", "format": "[Gen 9] OU", "players": ["tboc13", "nicorobin1995"], "log": "|j|☆tboc13\n|j|☆nicorobin1995\n|t:|1782450451\n|gametype|singles\n|player|p1|tboc13|dawn|1594\n|player|p2|nicorobin1995|170|1655\n|gen|9\n|tier|[Gen 9] OU\n|rated|\n|rule|HP Percentage Mod: HP is shown in percentages\n|rule|Endless Battle Clause: Forcing endless battles is banned\n|rule|Species Clause: Limit one of each Pokémon\n|rule|OHKO Clause: OHKO moves are banned\n|rule|Evasion Items Clause: Evasion items are banned\n|rule|Evasion Moves Clause: Evasion moves are banned\n|rule|Evasion Abilities Clause: Evasion abilities are banned\n|rule|Sleep Moves Clause: Sleep-inducing moves are banned\n|clearpoke\n|poke|p1|Blaziken, F|\n|poke|p1|Dragapult, F|\n|poke|p1|Samurott-Hisui, F|\n|poke|p1|Iron Treads|\n|poke|p1|Moltres|\n|poke|p1|Clefable, F|\n|poke|p2|Kyurem|\n|poke|p2|Hatterene, F|\n|poke|p2|Samurott-Hisui, F|\n|poke|p2|Great Tusk|\n|poke|p2|Pecharunt|\n|poke|p2|Dragonite, M|\n|teampreview\n|inactive|Battle timer is ON: inactive players will automatically lose when time's up. (requested by tboc13)\n|inactive|tboc13 has 120 seconds left.\n|\n|t:|1782450494\n|teamsize|p1|6\n|teamsize|p2|6\n|start\n|switch|p1a: Samurott|Samurott-Hisui, F|100/100\n|switch|p2a: Hatterene|Hatterene, F|100/100\n|turn|1\n|\n|t:|1782450514\n|move|p1a: Samurott|Flip Turn|p2a: Hatterene\n|-damage|p2a: Hatterene|71/100\n|\n|t:|1782450516\n|switch|p1a: Iron Treads|Iron Treads|100/100|[from] Flip Turn\n|move|p2a: Hatterene|Draining Kiss|p1a: Iron Treads\n|-resisted|p1a: Iron Treads\n|-damage|p1a: Iron Treads|82/100\n|-heal|p2a: Hatterene|85/100|[from] drain|[of] p1a: Iron Treads\n|\n|upkeep\n|turn|2\n|inactive|nicorobin1995 has 120 seconds left.\n|\n|t:|1782450546\n|switch|p2a: Great Tusk|Great Tusk|100/100\n|move|p1a: Iron Treads|Knock Off|p2a: Great Tusk\n|-resisted|p2a: Great Tusk\n|-damage|p2a: Great Tusk|89/100\n|-damage|p1a: Iron Treads|65/100|[from] item: Rocky Helmet|[of] p2a: Great Tusk\n|-enditem|p2a: Great Tusk|Rocky Helmet|[from] move: Knock Off|[of] p1a: Iron Treads\n|\n|upkeep\n|turn|3\n|inactive|nicorobin1995 has 120 seconds left.\n|\n|t:|1782450569\n|-end|p1a: Iron Treads|Quark Drive|[silent]\n|switch|p1a: Moltres|Moltres|100/100\n|move|p2a: Great Tusk|Stealth Rock|p1a: Moltres\n|-sidestart|p1: tboc13|move: Stealth Rock\n|\n|upkeep\n|turn|4\n|\n|t:|1782450580\n|-end|p2a: Great Tusk|Protosynthesis|[silent]\n|switch|p2a: Samurott|Samurott-Hisui, F|100/100\n|move|p1a: Moltres|Scorching Sands|p2a: Samurott\n|-damage|p2a: Samurott|85/100\n|\n|upkeep\n|turn|5\n|inactive|nicorobin1995 has 90 seconds left.\n|\n|t:|1782450614\n|move|p1a: Moltres|Will-O-Wisp|p2a: Samurott\n|-status|p2a: Samurott|brn\n|move|p2a: Samurott|Ceaseless Edge|p1a: Moltres\n|-damage|p1a: Moltres|87/100\n|-sidestart|p1: tboc13|Spikes\n|\n|-damage|p2a: Samurott|79/100 brn|[from] brn\n|upkeep\n|turn|6\n|\n|t:|1782450618\n|switch|p1a: Clefable|Clefable, F|100/100\n|move|p2a: Samurott|Knock Off|p1a: Clefable\n|-resisted|p1a: Clefable\n|-damage|p1a: Clefable|89/100\n|-enditem|p1a: Clefable|Leftovers|[from] move: Knock Off|[of] p2a: Samurott\n|\n|-damage|p2a: Samurott|73/100 brn|[from] brn\n|upkeep\n|turn|7\n|inactive|nicorobin1995 has 90 seconds left.\n|\n|t:|1782450638\n|switch|p2a: Pecharunt|Pecharunt|100/100\n|-item|p2a: Pecharunt|Air Balloon\n|move|p1a: Clefable|Stealth Rock|p2a: Pecharunt\n|-sidestart|p2: nicorobin1995|move: Stealth Rock\n|\n|upkeep\n|turn|8\n|\n|t:|1782450647\n|switch|p1a: Moltres|Moltres|87/100\n|move|p2a: Pecharunt|Parting Shot|p1a: Moltres\n|-unboost|p1a: Moltres|atk|1\n|-unboost|p1a: Moltres|spa|1\n|\n|t:|1782450655\n|switch|p2a: Samurott|Samurott-Hisui, F|73/100 brn|[from] Parting Shot\n|-damage|p2a: Samurott|61/100 brn|[from] Stealth Rock\n|\n|-damage|p2a: Samurott|55/100 brn|[from] brn\n|upkeep\n|turn|9\n|\n|t:|1782450664\n|switch|p1a: Clefable|Clefable, F|89/100\n|move|p2a: Samurott|Ceaseless Edge|p1a: Clefable\n|-resisted|p1a: Clefable\n|-damage|p1a: Clefable|78/100\n|-sidestart|p1: tboc13|Spikes\n|\n|-damage|p2a: Samurott|49/100 brn|[from] brn\n|upkeep\n|turn|10\n|\n|t:|1782450676\n|switch|p2a: Pecharunt|Pecharunt|100/100\n|-damage|p2a: Pecharunt|88/100|[from] Stealth Rock\n|-item|p2a: Pecharunt|Air Balloon\n|move|p1a: Clefable|Wish|p1a: Clefable\n|\n|upkeep\n|turn|11\n|\n|t:|1782450691\n|switch|p1a: Iron Treads|Iron Treads|65/100\n|move|p2a: Pecharunt|Shadow Ball|p1a: Iron Treads\n|-damage|p1a: Iron Treads|27/100\n|\n|-heal|p1a: Iron Treads|88/100|[from] move: Wish|[wisher] Clefable\n|upkeep\n|turn|12\n|inactive|nicorobin1995 has 90 seconds left.\n|\n|t:|1782450711\n|-terastallize|p2a: Pecharunt|Ghost\n|move|p1a: Iron Treads|Knock Off|p2a: Pecharunt\n|-supereffective|p2a: Pecharunt\n|-damage|p2a: Pecharunt|61/100\n|-enditem|p2a: Pecharunt|Air Balloon\n|move|p2a: Pecharunt|Shadow Ball|p1a: Iron Treads\n|-damage|p1a: Iron Treads|40/100\n|\n|upkeep\n|turn|13\n|inactive|nicorobin1995 has 90 seconds left.\n|\n|t:|1782450723\n|-end|p1a: Iron Treads|Quark Drive|[silent]\n|switch|p1a: Moltres|Moltres|87/100\n|move|p2a: Pecharunt|Recover|p2a: Pecharunt\n|-heal|p2a: Pecharunt|100/100\n|\n|upkeep\n|turn|14\n|\n|t:|1782450732\n|move|p1a: Moltres|Will-O-Wisp|p2a: Pecharunt\n|-status|p2a: Pecharunt|brn\n|move|p2a: Pecharunt|Malignant Chain|p1a: Moltres\n|-damage|p1a: Moltres|55/100\n|-status|p1a: Moltres|tox\n|-start|p1a: Moltres|confusion|[from] ability: Poison Puppeteer|[of] p2a: Pecharunt\n|\n|-damage|p1a: Moltres|49/100 tox|[from] psn\n|-damage|p2a: Pecharunt|94/100 brn|[from] brn\n|upkeep\n|turn|15\n|\n|t:|1782450743\n|switch|p1a: Samurott|Samurott-Hisui, F|100/100\n|-damage|p1a: Samurott|88/100|[from] Stealth Rock\n|-damage|p1a: Samurott|72/100|[from] Spikes\n|move|p2a: Pecharunt|Parting Shot|p1a: Samurott\n|-unboost|p1a: Samurott|atk|1\n|-unboost|p1a: Samurott|spa|1\n|\n|t:|1782450749\n|switch|p2a: Great Tusk|Great Tusk|89/100|[from] Parting Shot\n|-damage|p2a: Great Tusk|86/100|[from] Stealth Rock\n|\n|upkeep\n|turn|16\n|\n|t:|1782450754\n|move|p1a: Samurott|Flip Turn|p2a: Great Tusk\n|-supereffective|p2a: Great Tusk\n|-damage|p2a: Great Tusk|59/100\n|\n|t:|1782450756\n|switch|p1a: Dragapult|Dragapult, F|100/100|[from] Flip Turn\n|move|p2a: Great Tusk|Headlong Rush|p1a: Dragapult\n|-damage|p1a: Dragapult|38/100\n|-unboost|p2a: Great Tusk|def|1\n|-unboost|p2a: Great Tusk|spd|1\n|\n|upkeep\n|turn|17\n|\n|t:|1782450765\n|-end|p2a: Great Tusk|Protosynthesis|[silent]\n|switch|p2a: Samurott|Samurott-Hisui, F|49/100 brn\n|-damage|p2a: Samurott|37/100 brn|[from] Stealth Rock\n|move|p1a: Dragapult|Hex|p2a: Samurott\n|-resisted|p2a: Samurott\n|-damage|p2a: Samurott|19/100 brn\n|\n|-damage|p2a: Samurott|13/100 brn|[from] brn\n|upkeep\n|turn|18\n|\n|t:|1782450774\n|switch|p1a: Clefable|Clefable, F|78/100\n|move|p2a: Samurott|Sucker Punch||[still]\n|-fail|p2a: Samurott\n|\n|-damage|p2a: Samurott|7/100 brn|[from] brn\n|upkeep\n|turn|19\n|\n|t:|1782450779\n|move|p2a: Samurott|Ceaseless Edge|p1a: Clefable\n|-resisted|p1a: Clefable\n|-damage|p1a: Clefable|66/100\n|-sidestart|p1: tboc13|Spikes\n|move|p1a: Clefable|Wish|p1a: Clefable\n|\n|-damage|p2a: Samurott|1/100 brn|[from] brn\n|upkeep\n|turn|20\n|\n|t:|1782450791\n|switch|p1a: Moltres|Moltres|49/100 tox\n|move|p2a: Samurott|Razor Shell|p1a: Moltres\n|-supereffective|p1a: Moltres\n|-damage|p1a: Moltres|12/100 tox\n|-unboost|p1a: Moltres|def|1\n|\n|-heal|p1a: Moltres|64/100 tox|[from] move: Wish|[wisher] Clefable\n|-damage|p1a: Moltres|58/100 tox|[from] psn\n|-damage|p2a: Samurott|0 fnt|[from] brn\n|faint|p2a: Samurott\n|upkeep\n|inactive|nicorobin1995 has 120 seconds left.\n|\n|t:|1782450804\n|switch|p2a: Great Tusk|Great Tusk|59/100\n|-damage|p2a: Great Tusk|56/100|[from] Stealth Rock\n|turn|21\n|\n|t:|1782450812\n|move|p2a: Great Tusk|Rapid Spin|p1a: Moltres\n|-damage|p1a: Moltres|38/100 tox\n|-boost|p2a: Great Tusk|spe|1\n|-status|p2a: Great Tusk|brn|[from] ability: Flame Body|[of] p1a: Moltres\n|-sideend|p2: nicorobin1995|Stealth Rock|[from] move: Rapid Spin|[of] p2a: Great Tusk\n|move|p1a: Moltres|Will-O-Wisp|p2a: Great Tusk\n|-fail|p2a: Great Tusk|brn\n|\n|-damage|p1a: Moltres|26/100 tox|[from] psn\n|-damage|p2a: Great Tusk|50/100 brn|[from] brn\n|upkeep\n|turn|22\n|\n|t:|1782450827\n|-end|p2a: Great Tusk|Protosynthesis|[silent]\n|switch|p2a: Kyurem|Kyurem|100/100\n|-ability|p2a: Kyurem|Pressure\n|switch|p1a: Clefable|Clefable, F|66/100\n|\n|upkeep\n|turn|23\n|\n|t:|1782450837\n|move|p2a: Kyurem|Ice Beam|p1a: Clefable\n|-damage|p1a: Clefable|21/100\n|-status|p1a: Clefable|frz\n|-curestatus|p1a: Clefable|frz|[msg]\n|move|p1a: Clefable|Moonblast|p2a: Kyurem\n|-supereffective|p2a: Kyurem\n|-damage|p2a: Kyurem|44/100\n|\n|upkeep\n|turn|24\n|\n|t:|1782450846\n|move|p1a: Clefable|Protect|p1a: Clefable\n|-singleturn|p1a: Clefable|Protect\n|move|p2a: Kyurem|Ice Beam|p1a: Clefable\n|-activate|p1a: Clefable|move: Protect\n|\n|upkeep\n|turn|25\n|\n|t:|1782450850\n|-terastallize|p1a: Clefable|Water\n|move|p2a: Kyurem|Ice Beam|p1a: Clefable\n|-resisted|p1a: Clefable\n|-damage|p1a: Clefable|0 fnt\n|faint|p1a: Clefable\n|\n|upkeep\n|\n|t:|1782450855\n|switch|p1a: Samurott|Samurott-Hisui, F|72/100\n|-damage|p1a: Samurott|59/100|[from] Stealth Rock\n|-damage|p1a: Samurott|34/100|[from] Spikes\n|turn|26\n|\n|t:|1782450865\n|switch|p2a: Great Tusk|Great Tusk|50/100 brn\n|move|p1a: Samurott|Ceaseless Edge|p2a: Great Tusk\n|-resisted|p2a: Great Tusk\n|-damage|p2a: Great Tusk|34/100 brn\n|-sidestart|p2: nicorobin1995|Spikes\n|\n|-damage|p2a: Great Tusk|28/100 brn|[from] brn\n|upkeep\n|turn|27\n|\n|t:|1782450884\n|move|p1a: Samurott|Ceaseless Edge|p2a: Great Tusk\n|-resisted|p2a: Great Tusk\n|-damage|p2a: Great Tusk|11/100 brn\n|-sidestart|p2: nicorobin1995|Spikes\n|move|p2a: Great Tusk|Ice Spinner|p1a: Samurott\n|-resisted|p1a: Samurott\n|-damage|p1a: Samurott|25/100\n|\n|-damage|p2a: Great Tusk|5/100 brn|[from] brn\n|upkeep\n|turn|28\n|\n|t:|1782450887\n|move|p1a: Samurott|Ceaseless Edge|p2a: Great Tusk\n|-resisted|p2a: Great Tusk\n|-damage|p2a: Great Tusk|0 fnt\n|-sidestart|p2: nicorobin1995|Spikes\n|faint|p2a: Great Tusk\n|-end|p2a: Great Tusk|Protosynthesis|[silent]\n|\n|upkeep\n|\n|t:|1782450900\n|switch|p2a: Dragonite|Dragonite, M|100/100\n|turn|29\n|\n|t:|1782450915\n|move|p2a: Dragonite|Extreme Speed|p1a: Samurott\n|-damage|p1a: Samurott|0 fnt\n|faint|p1a: Samurott\n|\n|upkeep\n|\n|t:|1782450917\n|switch|p1a: Moltres|Moltres|26/100 tox\n|turn|30\n|\n|t:|1782450923\n|move|p2a: Dragonite|Extreme Speed|p1a: Moltres\n|-damage|p1a: Moltres|0 fnt\n|-status|p2a: Dragonite|brn|[from] ability: Flame Body|[of] p1a: Moltres\n|faint|p1a: Moltres\n|\n|-damage|p2a: Dragonite|94/100 brn|[from] brn\n|upkeep\n|\n|t:|1782450927\n|switch|p1a: Iron Treads|Iron Treads|40/100\n|turn|31\n|\n|t:|1782450935\n|switch|p2a: Pecharunt|Pecharunt, tera:Ghost|94/100 brn\n|-damage|p2a: Pecharunt|69/100 brn|[from] Spikes\n|move|p1a: Iron Treads|Rapid Spin|p2a: Pecharunt\n|-immune|p2a: Pecharunt\n|\n|-damage|p2a: Pecharunt|63/100 brn|[from] brn\n|upkeep\n|turn|32\n|\n|t:|1782450943\n|move|p1a: Iron Treads|Earthquake|p2a: Pecharunt\n|-damage|p2a: Pecharunt|42/100 brn\n|move|p2a: Pecharunt|Recover|p2a: Pecharunt\n|-heal|p2a: Pecharunt|92/100 brn\n|\n|-damage|p2a: Pecharunt|86/100 brn|[from] brn\n|upkeep\n|turn|33\n|\n|t:|1782450968\n|-end|p1a: Iron Treads|Quark Drive|[silent]\n|switch|p1a: Blaziken|Blaziken, F|100/100\n|-damage|p1a: Blaziken|88/100|[from] Stealth Rock\n|-damage|p1a: Blaziken|63/100|[from] Spikes\n|move|p2a: Pecharunt|Shadow Ball|p1a: Blaziken\n|-damage|p1a: Blaziken|12/100\n|\n|-damage|p2a: Pecharunt|80/100 brn|[from] brn\n|upkeep\n|turn|34\n|\n|t:|1782450977\n|move|p1a: Blaziken|Flare Blitz|p2a: Pecharunt\n|-damage|p2a: Pecharunt|41/100 brn\n|-damage|p1a: Blaziken|0 fnt|[from] Recoil\n|faint|p1a: Blaziken\n|move|p2a: Pecharunt|Shadow Ball|p1: Blaziken|[notarget]\n|-fail|p2a: Pecharunt\n|\n|-damage|p2a: Pecharunt|35/100 brn|[from] brn\n|upkeep\n|\n|t:|1782450979\n|switch|p1a: Dragapult|Dragapult, F|38/100\n|turn|35\n|\n|t:|1782450992\n|switch|p2a: Kyurem|Kyurem|44/100\n|-damage|p2a: Kyurem|19/100|[from] Spikes\n|-ability|p2a: Kyurem|Pressure\n|move|p1a: Dragapult|Hex|p2a: Kyurem\n|-damage|p2a: Kyurem|0 fnt\n|faint|p2a: Kyurem\n|\n|upkeep\n|\n|t:|1782450998\n|switch|p2a: Hatterene|Hatterene, F|85/100\n|-damage|p2a: Hatterene|61/100|[from] Spikes\n|turn|36\n|\n|t:|1782451014\n|move|p1a: Dragapult|U-turn|p2a: Hatterene\n|-damage|p2a: Hatterene|41/100\n|\n|t:|1782451015\n|switch|p1a: Iron Treads|Iron Treads|40/100|[from] U-turn\n|move|p2a: Hatterene|Mystical Fire|p1a: Iron Treads\n|-supereffective|p1a: Iron Treads\n|-damage|p1a: Iron Treads|0 fnt\n|faint|p1a: Iron Treads\n|-end|p1a: Iron Treads|Quark Drive|[silent]\n|\n|upkeep\n|\n|t:|1782451017\n|switch|p1a: Dragapult|Dragapult, F|38/100\n|turn|37\n|\n|t:|1782451022\n|move|p1a: Dragapult|Hex|p2a: Hatterene\n|-supereffective|p2a: Hatterene\n|-damage|p2a: Hatterene|10/100\n|move|p2a: Hatterene|Draining Kiss|p1a: Dragapult\n|-supereffective|p1a: Dragapult\n|-damage|p1a: Dragapult|0 fnt\n|-heal|p2a: Hatterene|44/100|[from] drain|[of] p1a: Dragapult\n|faint|p1a: Dragapult\n|\n|win|nicorobin1995\n|raw|tboc13's rating: 1594 &rarr; <strong>1577</strong><br />(-17 for losing)\n|raw|nicorobin1995's rating: 1655 &rarr; <strong>1672</strong><br />(+17 for winning)\n|l|☆tboc13\n|player|p1|\n|c|☆nicorobin1995|gg\n", "uploadtime": 1782451070, "views": 9, "formatid": "gen9ou", "rating": 1577, "private": 0, "password": null}