{"id": "gen9ou-2647806426", "format": "[Gen 9] OU", "players": ["ChessDennis", "pedrinho77778"], "log": "|j|☆ChessDennis\n|j|☆pedrinho77778\n|t:|1783815911\n|gametype|singles\n|player|p1|ChessDennis|2|1364\n|player|p2|pedrinho77778|red|1314\n|gen|9\n|tier|[Gen 9] OU\n|rated|\n|rule|HP Percentage Mod: HP is shown in percentages\n|rule|Endless Battle Clause: Forcing endless battles is banned\n|rule|Species Clause: Limit one of each Pokémon\n|rule|OHKO Clause: OHKO moves are banned\n|rule|Evasion Items Clause: Evasion items are banned\n|rule|Evasion Moves Clause: Evasion moves are banned\n|rule|Evasion Abilities Clause: Evasion abilities are banned\n|rule|Sleep Moves Clause: Sleep-inducing moves are banned\n|clearpoke\n|poke|p1|Hydreigon, M|\n|poke|p1|Gholdengo|\n|poke|p1|Ninetales-Alola, F|\n|poke|p1|Ting-Lu|\n|poke|p1|Amoonguss, M|\n|poke|p1|Tentacruel, F|\n|poke|p2|Moltres|\n|poke|p2|Meowscarada, F|\n|poke|p2|Garganacl, M|\n|poke|p2|Iron Moth|\n|poke|p2|Great Tusk|\n|poke|p2|Murkrow, F|\n|teampreview\n|\n|t:|1783815917\n|teamsize|p1|6\n|teamsize|p2|6\n|start\n|switch|p1a: Ninetales|Ninetales-Alola, F|100/100\n|switch|p2a: Garganacl|Garganacl, M|100/100\n|-weather|Snowscape|[from] ability: Snow Warning|[of] p1a: Ninetales\n|turn|1\n|\n|t:|1783815921\n|switch|p1a: Ting-Lu|Ting-Lu|100/100\n|-ability|p1a: Ting-Lu|Vessel of Ruin\n|move|p2a: Garganacl|Stealth Rock|p1a: Ting-Lu\n|-sidestart|p1: ChessDennis|move: Stealth Rock\n|\n|-weather|Snowscape|[upkeep]\n|upkeep\n|turn|2\n|\n|t:|1783815924\n|move|p1a: Ting-Lu|Spikes|p2a: Garganacl\n|-sidestart|p2: pedrinho77778|Spikes\n|move|p2a: Garganacl|Salt Cure|p1a: Ting-Lu\n|-resisted|p1a: Ting-Lu\n|-damage|p1a: Ting-Lu|97/100\n|-start|p1a: Ting-Lu|Salt Cure\n|\n|-weather|Snowscape|[upkeep]\n|-heal|p1a: Ting-Lu|100/100|[from] item: Leftovers\n|-damage|p1a: Ting-Lu|88/100|[from] Salt Cure\n|upkeep\n|turn|3\n|\n|t:|1783815928\n|switch|p2a: Great Tusk|Great Tusk|100/100\n|move|p1a: Ting-Lu|Spikes|p2a: Great Tusk\n|-sidestart|p2: pedrinho77778|Spikes\n|\n|-weather|Snowscape|[upkeep]\n|-heal|p1a: Ting-Lu|94/100|[from] item: Leftovers\n|-damage|p1a: Ting-Lu|82/100|[from] Salt Cure\n|upkeep\n|turn|4\n|\n|t:|1783815932\n|move|p2a: Great Tusk|Headlong Rush|p1a: Ting-Lu\n|-damage|p1a: Ting-Lu|48/100\n|-unboost|p2a: Great Tusk|def|1\n|-unboost|p2a: Great Tusk|spd|1\n|move|p1a: Ting-Lu|Whirlwind|p2a: Great Tusk\n|-end|p2a: Great Tusk|Protosynthesis|[silent]\n|drag|p2a: Garganacl|Garganacl, M|100/100\n|-damage|p2a: Garganacl|84/100|[from] Spikes\n|\n|-weather|Snowscape|[upkeep]\n|-heal|p1a: Ting-Lu|54/100|[from] item: Leftovers\n|-heal|p2a: Garganacl|90/100|[from] item: Leftovers\n|-damage|p1a: Ting-Lu|42/100|[from] Salt Cure\n|upkeep\n|turn|5\n|\n|t:|1783815937\n|move|p1a: Ting-Lu|Spikes|p2a: Garganacl\n|-sidestart|p2: pedrinho77778|Spikes\n|move|p2a: Garganacl|Salt Cure|p1a: Ting-Lu\n|-resisted|p1a: Ting-Lu\n|-damage|p1a: Ting-Lu|38/100\n|\n|-weather|none\n|-heal|p1a: Ting-Lu|44/100|[from] item: Leftovers\n|-heal|p2a: Garganacl|96/100|[from] item: Leftovers\n|-damage|p1a: Ting-Lu|32/100|[from] Salt Cure\n|upkeep\n|turn|6\n|\n|t:|1783815943\n|switch|p2a: Great Tusk|Great Tusk|100/100\n|move|p1a: Ting-Lu|Rest|p1a: Ting-Lu\n|-status|p1a: Ting-Lu|slp|[from] move: Rest\n|-heal|p1a: Ting-Lu|100/100 slp|[silent]\n|\n|-damage|p1a: Ting-Lu|88/100 slp|[from] Salt Cure\n|upkeep\n|turn|7\n|\n|t:|1783815946\n|move|p2a: Great Tusk|Rapid Spin|p1a: Ting-Lu\n|-damage|p1a: Ting-Lu|78/100 slp\n|-boost|p2a: Great Tusk|spe|1\n|-sideend|p2: pedrinho77778|Spikes|[from] move: Rapid Spin|[of] p2a: Great Tusk\n|cant|p1a: Ting-Lu|slp\n|move|p1a: Ting-Lu|Sleep Talk|p1a: Ting-Lu\n|move|p1a: Ting-Lu|Spikes|p2a: Great Tusk|[from] move: Sleep Talk\n|-sidestart|p2: pedrinho77778|Spikes\n|\n|-heal|p1a: Ting-Lu|84/100 slp|[from] item: Leftovers\n|-damage|p1a: Ting-Lu|71/100 slp|[from] Salt Cure\n|upkeep\n|turn|8\n|\n|t:|1783815952\n|move|p2a: Great Tusk|Close Combat|p1a: Ting-Lu\n|-supereffective|p1a: Ting-Lu\n|-damage|p1a: Ting-Lu|4/100 slp\n|-unboost|p2a: Great Tusk|def|1\n|-unboost|p2a: Great Tusk|spd|1\n|cant|p1a: Ting-Lu|slp\n|move|p1a: Ting-Lu|Sleep Talk|p1a: Ting-Lu\n|move|p1a: Ting-Lu|Rest||[from] move: Sleep Talk|[still]\n|-fail|p1a: Ting-Lu\n|\n|-heal|p1a: Ting-Lu|10/100 slp|[from] item: Leftovers\n|-damage|p1a: Ting-Lu|0 fnt|[from] Salt Cure\n|faint|p1a: Ting-Lu\n|upkeep\n|\n|t:|1783815955\n|switch|p1a: Ninetales|Ninetales-Alola, F|100/100\n|-damage|p1a: Ninetales|76/100|[from] Stealth Rock\n|-weather|Snowscape|[from] ability: Snow Warning|[of] p1a: Ninetales\n|turn|9\n|\n|t:|1783815964\n|move|p2a: Great Tusk|Close Combat|p1a: Ninetales\n|-damage|p1a: Ninetales|18/100\n|-unboost|p2a: Great Tusk|def|1\n|-unboost|p2a: Great Tusk|spd|1\n|move|p1a: Ninetales|Blizzard|p2a: Great Tusk\n|-supereffective|p2a: Great Tusk\n|-damage|p2a: Great Tusk|0 fnt\n|faint|p2a: Great Tusk\n|-end|p2a: Great Tusk|Protosynthesis|[silent]\n|\n|-weather|Snowscape|[upkeep]\n|upkeep\n|\n|t:|1783815970\n|switch|p2a: Garganacl|Garganacl, M|96/100\n|-damage|p2a: Garganacl|84/100|[from] Spikes\n|turn|10\n|\n|t:|1783815977\n|switch|p1a: Amoonguss|Amoonguss, M|100/100\n|-damage|p1a: Amoonguss|88/100|[from] Stealth Rock\n|move|p2a: Garganacl|Salt Cure|p1a: Amoonguss\n|-damage|p1a: Amoonguss|74/100\n|-start|p1a: Amoonguss|Salt Cure\n|\n|-weather|Snowscape|[upkeep]\n|-heal|p2a: Garganacl|90/100|[from] item: Leftovers\n|-damage|p1a: Amoonguss|62/100|[from] Salt Cure\n|upkeep\n|turn|11\n|\n|t:|1783815981\n|move|p2a: Garganacl|Protect|p2a: Garganacl\n|-singleturn|p2a: Garganacl|Protect\n|move|p1a: Amoonguss|Leaf Storm|p2a: Garganacl\n|-activate|p2a: Garganacl|move: Protect\n|\n|-weather|Snowscape|[upkeep]\n|-heal|p2a: Garganacl|96/100|[from] item: Leftovers\n|-damage|p1a: Amoonguss|49/100|[from] Salt Cure\n|upkeep\n|turn|12\n|\n|t:|1783815999\n|switch|p2a: Moltres|Moltres|100/100\n|switch|p1a: Gholdengo|Gholdengo|100/100\n|-damage|p1a: Gholdengo|94/100|[from] Stealth Rock\n|\n|-weather|Snowscape|[upkeep]\n|upkeep\n|turn|13\n|\n|t:|1783816005\n|switch|p1a: Tentacruel|Tentacruel, F|100/100\n|-damage|p1a: Tentacruel|88/100|[from] Stealth Rock\n|move|p2a: Moltres|Flamethrower|p1a: Tentacruel\n|-resisted|p1a: Tentacruel\n|-damage|p1a: Tentacruel|72/100\n|\n|-weather|none\n|-heal|p1a: Tentacruel|78/100|[from] item: Leftovers\n|upkeep\n|turn|14\n|\n|t:|1783816011\n|switch|p2a: Murkrow|Murkrow, F|100/100\n|move|p1a: Tentacruel|Rapid Spin|p2a: Murkrow\n|-damage|p2a: Murkrow|93/100\n|-boost|p1a: Tentacruel|spe|1\n|-sideend|p1: ChessDennis|Stealth Rock|[from] move: Rapid Spin|[of] p1a: Tentacruel\n|\n|-heal|p1a: Tentacruel|84/100|[from] item: Leftovers\n|upkeep\n|turn|15\n|\n|t:|1783816020\n|switch|p1a: Hydreigon|Hydreigon, M|100/100\n|move|p2a: Murkrow|Thunder Wave|p1a: Hydreigon\n|-hint|Since gen 7, Dark is immune to Prankster moves.\n|-immune|p1a: Hydreigon\n|\n|upkeep\n|turn|16\n|\n|t:|1783816026\n|move|p1a: Hydreigon|Nasty Plot|p1a: Hydreigon\n|-boost|p1a: Hydreigon|spa|2\n|move|p2a: Murkrow|Foul Play|p1a: Hydreigon\n|-resisted|p1a: Hydreigon\n|-damage|p1a: Hydreigon|85/100\n|\n|upkeep\n|turn|17\n|\n|t:|1783816031\n|move|p2a: Murkrow|Haze|p2a: Murkrow\n|-clearallboost\n|move|p1a: Hydreigon|Dark Pulse|p2a: Murkrow\n|-resisted|p2a: Murkrow\n|-damage|p2a: Murkrow|73/100\n|\n|upkeep\n|turn|18\n|\n|t:|1783816037\n|move|p1a: Hydreigon|Dark Pulse|p2a: Murkrow\n|-resisted|p2a: Murkrow\n|-damage|p2a: Murkrow|49/100\n|move|p2a: Murkrow|Foul Play|p1a: Hydreigon\n|-resisted|p1a: Hydreigon\n|-damage|p1a: Hydreigon|71/100\n|\n|upkeep\n|turn|19\n|\n|t:|1783816042\n|move|p1a: Hydreigon|Nasty Plot|p1a: Hydreigon\n|-boost|p1a: Hydreigon|spa|2\n|move|p2a: Murkrow|Foul Play|p1a: Hydreigon\n|-resisted|p1a: Hydreigon\n|-damage|p1a: Hydreigon|56/100\n|\n|upkeep\n|turn|20\n|\n|t:|1783816047\n|move|p2a: Murkrow|Haze|p2a: Murkrow\n|-clearallboost\n|move|p1a: Hydreigon|Dark Pulse|p2a: Murkrow\n|-resisted|p2a: Murkrow\n|-damage|p2a: Murkrow|27/100\n|\n|upkeep\n|turn|21\n|\n|t:|1783816050\n|move|p1a: Hydreigon|Dark Pulse|p2a: Murkrow\n|-resisted|p2a: Murkrow\n|-damage|p2a: Murkrow|6/100\n|move|p2a: Murkrow|Foul Play|p1a: Hydreigon\n|-resisted|p1a: Hydreigon\n|-damage|p1a: Hydreigon|40/100\n|\n|upkeep\n|turn|22\n|\n|t:|1783816054\n|move|p1a: Hydreigon|Dark Pulse|p2a: Murkrow\n|-resisted|p2a: Murkrow\n|-damage|p2a: Murkrow|0 fnt\n|faint|p2a: Murkrow\n|\n|upkeep\n|\n|t:|1783816057\n|switch|p2a: Iron Moth|Iron Moth|100/100\n|-damage|p2a: Iron Moth|88/100|[from] Spikes\n|-enditem|p2a: Iron Moth|Booster Energy\n|-activate|p2a: Iron Moth|ability: Quark Drive|[fromitem]\n|-start|p2a: Iron Moth|quarkdrivespe\n|turn|23\n|\n|t:|1783816070\n|move|p2a: Iron Moth|Substitute|p2a: Iron Moth\n|-start|p2a: Iron Moth|Substitute\n|-damage|p2a: Iron Moth|63/100\n|move|p1a: Hydreigon|Dark Pulse|p2a: Iron Moth\n|-end|p2a: Iron Moth|Substitute\n|\n|upkeep\n|turn|24\n|\n|t:|1783816076\n|move|p2a: Iron Moth|Sludge Wave|p1a: Hydreigon\n|-damage|p1a: Hydreigon|0 fnt\n|faint|p1a: Hydreigon\n|\n|upkeep\n|\n|t:|1783816083\n|switch|p1a: Tentacruel|Tentacruel, F|84/100\n|turn|25\n|\n|t:|1783816088\n|move|p2a: Iron Moth|Psychic|p1a: Tentacruel\n|-supereffective|p1a: Tentacruel\n|-damage|p1a: Tentacruel|35/100\n|move|p1a: Tentacruel|Rain Dance|p1a: Tentacruel\n|-weather|RainDance\n|\n|-weather|RainDance|[upkeep]\n|-heal|p1a: Tentacruel|41/100|[from] ability: Rain Dish\n|-heal|p1a: Tentacruel|47/100|[from] item: Leftovers\n|upkeep\n|turn|26\n|\n|t:|1783816096\n|-terastallize|p1a: Tentacruel|Water\n|move|p2a: Iron Moth|Psychic|p1a: Tentacruel\n|-damage|p1a: Tentacruel|23/100\n|move|p1a: Tentacruel|Rapid Spin|p2a: Iron Moth\n|-damage|p2a: Iron Moth|52/100\n|-boost|p1a: Tentacruel|spe|1\n|\n|-weather|RainDance|[upkeep]\n|-heal|p1a: Tentacruel|30/100|[from] ability: Rain Dish\n|-heal|p1a: Tentacruel|36/100|[from] item: Leftovers\n|upkeep\n|turn|27\n|\n|t:|1783816103\n|move|p2a: Iron Moth|Sludge Wave|p1a: Tentacruel\n|-damage|p1a: Tentacruel|0 fnt\n|faint|p1a: Tentacruel\n|\n|-weather|RainDance|[upkeep]\n|upkeep\n|\n|t:|1783816107\n|switch|p1a: Amoonguss|Amoonguss, M|82/100\n|turn|28\n|\n|t:|1783816112\n|move|p2a: Iron Moth|Substitute|p2a: Iron Moth\n|-start|p2a: Iron Moth|Substitute\n|-damage|p2a: Iron Moth|27/100\n|move|p1a: Amoonguss|Stomping Tantrum|p2a: Iron Moth\n|-supereffective|p2a: Iron Moth\n|-end|p2a: Iron Moth|Substitute\n|\n|-weather|RainDance|[upkeep]\n|upkeep\n|turn|29\n|\n|t:|1783816118\n|move|p2a: Iron Moth|Sludge Wave|p1a: Amoonguss\n|-damage|p1a: Amoonguss|50/100\n|move|p1a: Amoonguss|Stomping Tantrum|p2a: Iron Moth\n|-supereffective|p2a: Iron Moth\n|-damage|p2a: Iron Moth|0 fnt\n|faint|p2a: Iron Moth\n|-end|p2a: Iron Moth|Quark Drive|[silent]\n|\n|-weather|none\n|upkeep\n|\n|t:|1783816127\n|switch|p2a: Moltres|Moltres|100/100\n|turn|30\n|\n|t:|1783816135\n|switch|p1a: Ninetales|Ninetales-Alola, F|18/100\n|-weather|Snowscape|[from] ability: Snow Warning|[of] p1a: Ninetales\n|move|p2a: Moltres|Flamethrower|p1a: Ninetales\n|-supereffective|p1a: Ninetales\n|-damage|p1a: Ninetales|0 fnt\n|faint|p1a: Ninetales\n|\n|-weather|Snowscape|[upkeep]\n|upkeep\n|\n|t:|1783816138\n|switch|p1a: Gholdengo|Gholdengo|94/100\n|turn|31\n|\n|t:|1783816141\n|move|p1a: Gholdengo|Shadow Ball|p2a: Moltres\n|-damage|p2a: Moltres|27/100\n|-unboost|p2a: Moltres|spd|1\n|move|p2a: Moltres|Flamethrower|p1a: Gholdengo\n|-supereffective|p1a: Gholdengo\n|-damage|p1a: Gholdengo|18/100\n|\n|-weather|Snowscape|[upkeep]\n|upkeep\n|turn|32\n|\n|t:|1783816148\n|move|p1a: Gholdengo|Shadow Ball|p2a: Moltres\n|-damage|p2a: Moltres|0 fnt\n|faint|p2a: Moltres\n|\n|-weather|Snowscape|[upkeep]\n|upkeep\n|\n|t:|1783816150\n|switch|p2a: Meowscarada|Meowscarada, F|100/100\n|-damage|p2a: Meowscarada|88/100|[from] Spikes\n|turn|33\n|\n|t:|1783816153\n|switch|p1a: Amoonguss|Amoonguss, M|83/100\n|move|p2a: Meowscarada|Triple Axel|p1a: Amoonguss\n|-start|p2a: Meowscarada|typechange|Ice|[from] ability: Protean\n|-supereffective|p1a: Amoonguss\n|-damage|p1a: Amoonguss|65/100\n|-supereffective|p1a: Amoonguss\n|-damage|p1a: Amoonguss|28/100\n|-supereffective|p1a: Amoonguss\n|-damage|p1a: Amoonguss|0 fnt\n|faint|p1a: Amoonguss\n|-hitcount|p1: Amoonguss|3\n|\n|-weather|Snowscape|[upkeep]\n|upkeep\n|\n|t:|1783816155\n|switch|p1a: Gholdengo|Gholdengo|18/100\n|turn|34\n|\n|t:|1783816158\n|move|p2a: Meowscarada|Triple Axel|p1a: Gholdengo\n|-resisted|p1a: Gholdengo\n|-damage|p1a: Gholdengo|12/100\n|-resisted|p1a: Gholdengo\n|-damage|p1a: Gholdengo|1/100\n|-resisted|p1a: Gholdengo\n|-damage|p1a: Gholdengo|0 fnt\n|faint|p1a: Gholdengo\n|-hitcount|p1: Gholdengo|3\n|\n|win|pedrinho77778\n|raw|ChessDennis's rating: 1364 &rarr; <strong>1341</strong><br />(-23 for losing)\n|raw|pedrinho77778's rating: 1314 &rarr; <strong>1337</strong><br />(+23 for winning)\n|c|☆pedrinho77778|GG\n|c|☆ChessDennis|Gg\n|l|☆ChessDennis\n|player|p1|\n|l|☆pedrinho77778\n|player|p2|\n", "uploadtime": 1783816494, "views": 12, "formatid": "gen9ou", "rating": 1337, "private": 0, "password": null}