{"id": "gen9ou-2639937522", "format": "[Gen 9] OU", "players": ["fachkus", "4W3N0"], "log": "|j|☆fachkus\n|j|☆4W3N0\n|t:|1782547696\n|gametype|singles\n|player|p1|fachkus|1|1606\n|player|p2|4W3N0|102|1533\n|gen|9\n|tier|[Gen 9] OU\n|rated|\n|rule|HP Percentage Mod: HP is shown in percentages\n|rule|Endless Battle Clause: Forcing endless battles is banned\n|rule|Species Clause: Limit one of each Pokémon\n|rule|OHKO Clause: OHKO moves are banned\n|rule|Evasion Items Clause: Evasion items are banned\n|rule|Evasion Moves Clause: Evasion moves are banned\n|rule|Evasion Abilities Clause: Evasion abilities are banned\n|rule|Sleep Moves Clause: Sleep-inducing moves are banned\n|clearpoke\n|poke|p1|Iron Moth|\n|poke|p1|Gliscor, M|\n|poke|p1|Hatterene, F|\n|poke|p1|Ogerpon-Wellspring, F|\n|poke|p1|Raging Bolt|\n|poke|p1|Zamazenta-*|\n|poke|p2|Slowking-Galar, F|\n|poke|p2|Great Tusk|\n|poke|p2|Kyurem|\n|poke|p2|Kingambit, F|\n|poke|p2|Cinderace, F|\n|poke|p2|Zapdos|\n|teampreview\n|\n|t:|1782547708\n|teamsize|p1|6\n|teamsize|p2|6\n|start\n|switch|p1a: Zamazenta|Zamazenta|100/100\n|switch|p2a: Cinderace|Cinderace, F|100/100\n|-ability|p1a: Zamazenta|Dauntless Shield|boost\n|-boost|p1a: Zamazenta|def|1\n|turn|1\n|inactive|Battle timer is ON: inactive players will automatically lose when time's up. (requested by fachkus)\n|\n|t:|1782547716\n|move|p1a: Zamazenta|Close Combat|p2a: Cinderace\n|-damage|p2a: Cinderace|44/100\n|-unboost|p1a: Zamazenta|def|1\n|-unboost|p1a: Zamazenta|spd|1\n|move|p2a: Cinderace|Will-O-Wisp|p1a: Zamazenta\n|-status|p1a: Zamazenta|brn\n|\n|-damage|p1a: Zamazenta|94/100 brn|[from] brn\n|upkeep\n|turn|2\n|\n|t:|1782547726\n|switch|p2a: Zapdos|Zapdos, shiny|100/100\n|move|p1a: Zamazenta|Close Combat|p2a: Zapdos\n|-resisted|p2a: Zapdos\n|-damage|p2a: Zapdos|92/100\n|-unboost|p1a: Zamazenta|def|1\n|-unboost|p1a: Zamazenta|spd|1\n|\n|-damage|p1a: Zamazenta|88/100 brn|[from] brn\n|upkeep\n|turn|3\n|\n|t:|1782547736\n|move|p1a: Zamazenta|Light Screen|p1a: Zamazenta\n|-sidestart|p1: fachkus|move: Light Screen\n|move|p2a: Zapdos|Hurricane|p1a: Zamazenta\n|-supereffective|p1a: Zamazenta\n|-damage|p1a: Zamazenta|11/100 brn\n|\n|-damage|p1a: Zamazenta|4/100 brn|[from] brn\n|upkeep\n|turn|4\n|\n|t:|1782547745\n|move|p1a: Zamazenta|Close Combat|p2a: Zapdos\n|-resisted|p2a: Zapdos\n|-damage|p2a: Zapdos|83/100\n|-unboost|p1a: Zamazenta|def|1\n|-unboost|p1a: Zamazenta|spd|1\n|move|p2a: Zapdos|Roost|p2a: Zapdos\n|-heal|p2a: Zapdos|100/100\n|-singleturn|p2a: Zapdos|move: Roost\n|\n|-damage|p1a: Zamazenta|0 fnt|[from] brn\n|faint|p1a: Zamazenta\n|upkeep\n|\n|t:|1782547753\n|switch|p1a: Gliscor|Gliscor, M|100/100\n|turn|5\n|\n|t:|1782547775\n|switch|p2a: Kingambit|Kingambit, F|100/100\n|move|p1a: Gliscor|Swords Dance|p1a: Gliscor\n|-boost|p1a: Gliscor|atk|2\n|\n|-status|p1a: Gliscor|tox|[from] item: Toxic Orb\n|upkeep\n|turn|6\n|\n|t:|1782547791\n|-end|p2a: Kingambit|fallenundefined|[silent]\n|switch|p2a: Great Tusk|Great Tusk|100/100\n|move|p1a: Gliscor|Earthquake|p2a: Great Tusk\n|-damage|p2a: Great Tusk|32/100\n|\n|-heal|p2a: Great Tusk|38/100|[from] item: Leftovers\n|upkeep\n|turn|7\n|\n|t:|1782547800\n|move|p2a: Great Tusk|Ice Spinner|p1a: Gliscor\n|-supereffective|p1a: Gliscor\n|-damage|p1a: Gliscor|6/100 tox\n|move|p1a: Gliscor|Facade|p2a: Great Tusk\n|-damage|p2a: Great Tusk|0 fnt\n|faint|p2a: Great Tusk\n|-end|p2a: Great Tusk|Protosynthesis|[silent]\n|\n|-heal|p1a: Gliscor|18/100 tox|[from] ability: Poison Heal\n|upkeep\n|\n|t:|1782547803\n|switch|p2a: Kyurem|Kyurem|100/100\n|-ability|p2a: Kyurem|Pressure\n|turn|8\n|\n|t:|1782547811\n|switch|p1a: Hatterene|Hatterene, F|100/100\n|move|p2a: Kyurem|Freeze-Dry|p1a: Hatterene\n|-damage|p1a: Hatterene|74/100\n|\n|-heal|p1a: Hatterene|80/100|[from] item: Leftovers\n|upkeep\n|turn|9\n|\n|t:|1782547820\n|switch|p2a: Zapdos|Zapdos, shiny|100/100\n|move|p1a: Hatterene|Mystical Fire|p2a: Zapdos\n|-damage|p2a: Zapdos|80/100\n|-unboost|p2a: Zapdos|spa|1\n|\n|-heal|p1a: Hatterene|86/100|[from] item: Leftovers\n|upkeep\n|turn|10\n|\n|t:|1782547831\n|switch|p2a: Kyurem|Kyurem|100/100\n|-ability|p2a: Kyurem|Pressure\n|move|p1a: Hatterene|Mystical Fire|p2a: Kyurem\n|-damage|p2a: Kyurem|81/100\n|-unboost|p2a: Kyurem|spa|1\n|\n|-heal|p1a: Hatterene|92/100|[from] item: Leftovers\n|-sideend|p1: fachkus|move: Light Screen\n|upkeep\n|turn|11\n|\n|t:|1782547843\n|switch|p2a: Slowking|Slowking-Galar, F|100/100\n|move|p1a: Hatterene|Calm Mind|p1a: Hatterene\n|-boost|p1a: Hatterene|spa|1\n|-boost|p1a: Hatterene|spd|1\n|\n|-heal|p1a: Hatterene|98/100|[from] item: Leftovers\n|upkeep\n|turn|12\n|\n|t:|1782547851\n|-terastallize|p1a: Hatterene|Water\n|move|p1a: Hatterene|Calm Mind|p1a: Hatterene\n|-boost|p1a: Hatterene|spa|1\n|-boost|p1a: Hatterene|spd|1\n|move|p2a: Slowking|Sludge Bomb|p1a: Hatterene\n|-damage|p1a: Hatterene|82/100\n|\n|-heal|p1a: Hatterene|88/100|[from] item: Leftovers\n|upkeep\n|turn|13\n|\n|t:|1782547862\n|move|p1a: Hatterene|Calm Mind|p1a: Hatterene\n|-boost|p1a: Hatterene|spa|1\n|-boost|p1a: Hatterene|spd|1\n|-prepare|p2a: Slowking|Chilly Reception|[premajor]\n|move|p2a: Slowking|Chilly Reception|p2a: Slowking\n|-weather|Snowscape\n|\n|t:|1782547869\n|switch|p2a: Kyurem|Kyurem|81/100|[from] Chilly Reception\n|-ability|p2a: Kyurem|Pressure\n|\n|-weather|Snowscape|[upkeep]\n|-heal|p1a: Hatterene|94/100|[from] item: Leftovers\n|upkeep\n|turn|14\n|\n|t:|1782547877\n|move|p2a: Kyurem|Freeze-Dry|p1a: Hatterene\n|-supereffective|p1a: Hatterene\n|-damage|p1a: Hatterene|50/100\n|move|p1a: Hatterene|Draining Kiss|p2a: Kyurem\n|-supereffective|p2a: Kyurem\n|-damage|p2a: Kyurem|0 fnt\n|-heal|p1a: Hatterene|100/100|[from] drain|[of] p2a: Kyurem\n|faint|p2a: Kyurem\n|\n|-weather|Snowscape|[upkeep]\n|upkeep\n|\n|t:|1782547883\n|switch|p2a: Kingambit|Kingambit, F|100/100\n|-activate|p2a: Kingambit|ability: Supreme Overlord\n|-start|p2a: Kingambit|fallen2|[silent]\n|turn|15\n|\n|t:|1782547891\n|move|p2a: Kingambit|Swords Dance|p2a: Kingambit\n|-boost|p2a: Kingambit|atk|2\n|move|p1a: Hatterene|Mystical Fire|p2a: Kingambit\n|-supereffective|p2a: Kingambit\n|-damage|p2a: Kingambit|0 fnt\n|faint|p2a: Kingambit\n|-end|p2a: Kingambit|fallen2|[silent]\n|\n|-weather|Snowscape|[upkeep]\n|upkeep\n|-message|4W3N0 forfeited.\n|\n|win|fachkus\n|raw|fachkus's rating: 1606 &rarr; <strong>1622</strong><br />(+16 for winning)\n|raw|4W3N0's rating: 1533 &rarr; <strong>1517</strong><br />(-16 for losing)\n|l|☆4W3N0\n|player|p2|\n", "uploadtime": 1782547896, "views": 10, "formatid": "gen9ou", "rating": 1517, "private": 0, "password": null}