{"id": "gen9ou-2639203375", "format": "[Gen 9] OU", "players": ["thepeakmons", "Cubsy"], "log": "|j|☆thepeakmons\n|j|☆Cubsy\n|t:|1782433544\n|gametype|singles\n|player|p1|thepeakmons|101|1242\n|player|p2|Cubsy|giovanni|1282\n|gen|9\n|tier|[Gen 9] OU\n|rated|\n|rule|HP Percentage Mod: HP is shown in percentages\n|rule|Endless Battle Clause: Forcing endless battles is banned\n|rule|Species Clause: Limit one of each Pokémon\n|rule|OHKO Clause: OHKO moves are banned\n|rule|Evasion Items Clause: Evasion items are banned\n|rule|Evasion Moves Clause: Evasion moves are banned\n|rule|Evasion Abilities Clause: Evasion abilities are banned\n|rule|Sleep Moves Clause: Sleep-inducing moves are banned\n|clearpoke\n|poke|p1|Gliscor, F|\n|poke|p1|Gholdengo|\n|poke|p1|Zamazenta-*|\n|poke|p1|Blissey, F|\n|poke|p1|Skarmory, M|\n|poke|p1|Pecharunt|\n|poke|p2|Gengar, F|\n|poke|p2|Toxapex, M|\n|poke|p2|Grafaiai, F|\n|poke|p2|Glimmora, F|\n|poke|p2|Revavroom, F|\n|poke|p2|Muk-Alola, F|\n|teampreview\n|inactive|Battle timer is ON: inactive players will automatically lose when time's up. (requested by Cubsy)\n|\n|t:|1782433555\n|teamsize|p1|6\n|teamsize|p2|6\n|start\n|switch|p1a: Skarmory|Skarmory, M|100/100\n|switch|p2a: Mr steal your lead|Grafaiai, F|100/100\n|turn|1\n|inactive|thepeakmons also wants the timer to be on.\n|inactive|thepeakmons has 120 seconds left.\n|\n|t:|1782433587\n|move|p2a: Mr steal your lead|Switcheroo|p1a: Skarmory\n|-activate|p2a: Mr steal your lead|move: Trick|[of] p1a: Skarmory\n|-item|p1a: Skarmory|Sticky Barb|[from] move: Switcheroo\n|-item|p2a: Mr steal your lead|Heavy-Duty Boots|[from] move: Switcheroo\n|move|p1a: Skarmory|Spikes|p2a: Mr steal your lead\n|-sidestart|p2: Cubsy|Spikes\n|\n|-damage|p1a: Skarmory|88/100|[from] item: Sticky Barb\n|upkeep\n|turn|2\n|inactive|thepeakmons has 120 seconds left.\n|\n|t:|1782433598\n|move|p2a: Mr steal your lead|Copycat|p2a: Mr steal your lead\n|move|p2a: Mr steal your lead|Spikes|p1a: Skarmory|[from] move: Copycat\n|-sidestart|p1: thepeakmons|Spikes\n|move|p1a: Skarmory|Spikes|p2a: Mr steal your lead\n|-sidestart|p2: Cubsy|Spikes\n|\n|-damage|p1a: Skarmory|76/100|[from] item: Sticky Barb\n|upkeep\n|turn|3\n|\n|t:|1782433607\n|move|p2a: Mr steal your lead|Copycat|p2a: Mr steal your lead\n|move|p2a: Mr steal your lead|Spikes|p1a: Skarmory|[from] move: Copycat\n|-sidestart|p1: thepeakmons|Spikes\n|move|p1a: Skarmory|Spikes|p2a: Mr steal your lead\n|-sidestart|p2: Cubsy|Spikes\n|\n|-damage|p1a: Skarmory|64/100|[from] item: Sticky Barb\n|upkeep\n|turn|4\n|\n|t:|1782433614\n|move|p2a: Mr steal your lead|Copycat|p2a: Mr steal your lead\n|move|p2a: Mr steal your lead|Spikes|p1a: Skarmory|[from] move: Copycat\n|-sidestart|p1: thepeakmons|Spikes\n|move|p1a: Skarmory|Roost|p1a: Skarmory\n|-heal|p1a: Skarmory|100/100\n|-singleturn|p1a: Skarmory|move: Roost\n|\n|-damage|p1a: Skarmory|88/100|[from] item: Sticky Barb\n|upkeep\n|turn|5\n|\n|t:|1782433623\n|switch|p1a: Gliscor|Gliscor, F|100/100\n|move|p2a: Mr steal your lead|Encore||[still]\n|-fail|p2a: Mr steal your lead\n|\n|-status|p1a: Gliscor|tox|[from] item: Toxic Orb\n|upkeep\n|turn|6\n|\n|t:|1782433645\n|switch|p2a: Zoomin|Revavroom, F|100/100\n|-item|p2a: Zoomin|Air Balloon\n|move|p1a: Gliscor|Earthquake|p2a: Zoomin\n|-immune|p2a: Zoomin\n|\n|upkeep\n|turn|7\n|\n|t:|1782433661\n|move|p2a: Zoomin|Shift Gear|p2a: Zoomin\n|-boost|p2a: Zoomin|spe|2\n|-boost|p2a: Zoomin|atk|1\n|move|p1a: Gliscor|Knock Off|p2a: Zoomin\n|-damage|p2a: Zoomin|75/100\n|-enditem|p2a: Zoomin|Air Balloon\n|\n|upkeep\n|turn|8\n|\n|t:|1782433674\n|-terastallize|p2a: Zoomin|Flying\n|move|p2a: Zoomin|Shift Gear|p2a: Zoomin\n|-boost|p2a: Zoomin|spe|2\n|-boost|p2a: Zoomin|atk|1\n|move|p1a: Gliscor|Earthquake|p2a: Zoomin\n|-immune|p2a: Zoomin\n|\n|upkeep\n|turn|9\n|\n|t:|1782433681\n|switch|p1a: Skarmory|Skarmory, M|88/100\n|move|p2a: Zoomin|Iron Head|p1a: Skarmory\n|-resisted|p1a: Skarmory\n|-damage|p1a: Skarmory|61/100\n|\n|-damage|p2a: Zoomin|63/100|[from] item: Sticky Barb\n|upkeep\n|turn|10\n|\n|t:|1782433699\n|move|p2a: Zoomin|Iron Head|p1a: Skarmory\n|-resisted|p1a: Skarmory\n|-damage|p1a: Skarmory|37/100\n|move|p1a: Skarmory|Whirlwind|p2a: Zoomin\n|drag|p2a: Volcarohno|Toxapex, M|100/100\n|-damage|p2a: Volcarohno|76/100|[from] Spikes\n|\n|upkeep\n|turn|11\n|inactive|thepeakmons has 120 seconds left.\n|\n|t:|1782433716\n|move|p1a: Skarmory|Roost|p1a: Skarmory\n|-heal|p1a: Skarmory|87/100\n|-singleturn|p1a: Skarmory|move: Roost\n|move|p2a: Volcarohno|Liquidation|p1a: Skarmory\n|-damage|p1a: Skarmory|61/100\n|-damage|p2a: Volcarohno|66/100|[from] item: Life Orb\n|\n|upkeep\n|turn|12\n|-message|Cubsy forfeited.\n|\n|win|thepeakmons\n|raw|thepeakmons's rating: 1242 &rarr; <strong>1270</strong><br />(+28 for winning)\n|raw|Cubsy's rating: 1282 &rarr; <strong>1254</strong><br />(-28 for losing)\n|l|☆Cubsy\n|player|p2|\n|l|☆thepeakmons\n|player|p1|\n", "uploadtime": 1782433734, "views": 11, "formatid": "gen9ou", "rating": 1254, "private": 0, "password": null}