{"id": "gen9ou-2647821539", "format": "[Gen 9] OU", "players": ["mrkodeo", "wtxcykl"], "log": "|j|☆mrkodeo\n|j|☆wtxcykl\n|t:|1783818541\n|gametype|singles\n|player|p1|mrkodeo|1|1198\n|player|p2|wtxcykl|cynthia|1200\n|gen|9\n|tier|[Gen 9] OU\n|rated|\n|rule|HP Percentage Mod: HP is shown in percentages\n|rule|Endless Battle Clause: Forcing endless battles is banned\n|rule|Species Clause: Limit one of each Pokémon\n|rule|OHKO Clause: OHKO moves are banned\n|rule|Evasion Items Clause: Evasion items are banned\n|rule|Evasion Moves Clause: Evasion moves are banned\n|rule|Evasion Abilities Clause: Evasion abilities are banned\n|rule|Sleep Moves Clause: Sleep-inducing moves are banned\n|clearpoke\n|poke|p1|Hawlucha, F|\n|poke|p1|Samurott-Hisui, F|\n|poke|p1|Rillaboom, F|\n|poke|p1|Gholdengo|\n|poke|p1|Kyurem|\n|poke|p1|Landorus-Therian, M|\n|poke|p2|Poliwrath, F|\n|poke|p2|Kingdra, M|\n|poke|p2|Corviknight, M|\n|poke|p2|Scizor, M|\n|poke|p2|Kommo-o, M|\n|poke|p2|Pelipper, F|\n|teampreview\n|inactive|Battle timer is ON: inactive players will automatically lose when time's up. (requested by mrkodeo)\n|inactive|wtxcykl also wants the timer to be on.\n|\n|t:|1783818545\n|teamsize|p1|6\n|teamsize|p2|6\n|start\n|switch|p1a: Samurott|Samurott-Hisui, F|100/100\n|switch|p2a: Kommo-o|Kommo-o, M|100/100\n|turn|1\n|\n|t:|1783818556\n|move|p2a: Kommo-o|Clangorous Soul|p2a: Kommo-o\n|-boost|p2a: Kommo-o|atk|1\n|-boost|p2a: Kommo-o|def|1\n|-boost|p2a: Kommo-o|spa|1\n|-boost|p2a: Kommo-o|spd|1\n|-boost|p2a: Kommo-o|spe|1\n|-damage|p2a: Kommo-o|68/100\n|-enditem|p2a: Kommo-o|Throat Spray\n|-boost|p2a: Kommo-o|spa|1|[from] item: Throat Spray\n|move|p1a: Samurott|Ceaseless Edge|p2a: Kommo-o\n|-resisted|p2a: Kommo-o\n|-damage|p2a: Kommo-o|56/100\n|-sidestart|p2: wtxcykl|Spikes\n|\n|upkeep\n|turn|2\n|\n|t:|1783818566\n|move|p2a: Kommo-o|Clangorous Soul|p2a: Kommo-o\n|-boost|p2a: Kommo-o|atk|1\n|-boost|p2a: Kommo-o|def|1\n|-boost|p2a: Kommo-o|spa|1\n|-boost|p2a: Kommo-o|spd|1\n|-boost|p2a: Kommo-o|spe|1\n|-damage|p2a: Kommo-o|24/100\n|move|p1a: Samurott|Ceaseless Edge|p2a: Kommo-o\n|-resisted|p2a: Kommo-o\n|-damage|p2a: Kommo-o|15/100\n|-sidestart|p2: wtxcykl|Spikes\n|\n|upkeep\n|turn|3\n|\n|t:|1783818579\n|move|p1a: Samurott|Sucker Punch|p2a: Kommo-o\n|-resisted|p2a: Kommo-o\n|-damage|p2a: Kommo-o|9/100\n|move|p2a: Kommo-o|Boomburst|p1a: Samurott\n|-damage|p1a: Samurott|33/100\n|\n|upkeep\n|turn|4\n|\n|t:|1783818590\n|move|p2a: Kommo-o|Boomburst|p1a: Samurott\n|-crit|p1a: Samurott\n|-damage|p1a: Samurott|0 fnt\n|faint|p1a: Samurott\n|\n|upkeep\n|\n|t:|1783818596\n|switch|p1a: Rillaboom|Rillaboom, F|100/100\n|-fieldstart|move: Grassy Terrain|[from] ability: Grassy Surge|[of] p1a: Rillaboom\n|turn|5\n|\n|t:|1783818602\n|move|p1a: Rillaboom|Grassy Glide|p2a: Kommo-o\n|-resisted|p2a: Kommo-o\n|-damage|p2a: Kommo-o|0 fnt\n|faint|p2a: Kommo-o\n|\n|upkeep\n|\n|t:|1783818610\n|switch|p2a: Scizor|Scizor, M|100/100\n|-damage|p2a: Scizor|84/100|[from] Spikes\n|turn|6\n|\n|t:|1783818614\n|switch|p1a: Landorus|Landorus-Therian, M|100/100\n|-ability|p1a: Landorus|Intimidate|boost\n|-unboost|p2a: Scizor|atk|1\n|move|p2a: Scizor|Swords Dance|p2a: Scizor\n|-boost|p2a: Scizor|atk|2\n|\n|-heal|p2a: Scizor|90/100|[from] Grassy Terrain\n|-heal|p2a: Scizor|96/100|[from] item: Leftovers\n|upkeep\n|turn|7\n|\n|t:|1783818620\n|move|p1a: Landorus|Taunt|p2a: Scizor\n|-start|p2a: Scizor|move: Taunt\n|cant|p2a: Scizor|move: Taunt|Swords Dance\n|\n|-heal|p2a: Scizor|100/100|[from] Grassy Terrain\n|upkeep\n|turn|8\n|\n|t:|1783818623\n|move|p2a: Scizor|Bullet Punch|p1a: Landorus\n|-damage|p1a: Landorus|49/100\n|-damage|p2a: Scizor|84/100|[from] item: Rocky Helmet|[of] p1a: Landorus\n|move|p1a: Landorus|Stealth Rock|p2a: Scizor\n|-sidestart|p2: wtxcykl|move: Stealth Rock\n|\n|-heal|p2a: Scizor|90/100|[from] Grassy Terrain\n|-heal|p2a: Scizor|96/100|[from] item: Leftovers\n|upkeep\n|turn|9\n|\n|t:|1783818630\n|switch|p1a: Gholdengo|Gholdengo|100/100\n|move|p2a: Scizor|Bullet Punch|p1a: Gholdengo\n|-resisted|p1a: Gholdengo\n|-damage|p1a: Gholdengo|72/100\n|\n|-heal|p1a: Gholdengo|78/100|[from] Grassy Terrain\n|-heal|p2a: Scizor|100/100|[from] Grassy Terrain\n|-end|p2a: Scizor|move: Taunt\n|-fieldend|move: Grassy Terrain\n|upkeep\n|turn|10\n|\n|t:|1783818636\n|move|p1a: Gholdengo|Trick|p2a: Scizor\n|-activate|p1a: Gholdengo|move: Trick|[of] p2a: Scizor\n|-item|p2a: Scizor|Choice Scarf|[from] move: Trick\n|-item|p1a: Gholdengo|Leftovers|[from] move: Trick\n|move|p2a: Scizor|Swords Dance|p2a: Scizor\n|-boost|p2a: Scizor|atk|2\n|\n|-heal|p1a: Gholdengo|84/100|[from] item: Leftovers\n|upkeep\n|turn|11\n|\n|t:|1783818643\n|switch|p2a: Corviknight|Corviknight, M|100/100\n|-damage|p2a: Corviknight|88/100|[from] Stealth Rock\n|move|p1a: Gholdengo|Shadow Ball|p2a: Corviknight\n|-damage|p2a: Corviknight|53/100\n|\n|-heal|p1a: Gholdengo|90/100|[from] item: Leftovers\n|-heal|p2a: Corviknight|59/100|[from] item: Leftovers\n|upkeep\n|turn|12\n|\n|t:|1783818653\n|move|p1a: Gholdengo|Shadow Ball|p2a: Corviknight\n|-damage|p2a: Corviknight|20/100\n|move|p2a: Corviknight|Defog|p1a: Gholdengo\n|-immune|p1a: Gholdengo|[from] ability: Good as Gold\n|\n|-heal|p1a: Gholdengo|96/100|[from] item: Leftovers\n|-heal|p2a: Corviknight|26/100|[from] item: Leftovers\n|upkeep\n|turn|13\n|\n|t:|1783818660\n|switch|p2a: Pelipper|Pelipper, F|100/100\n|-damage|p2a: Pelipper|75/100|[from] Stealth Rock\n|-weather|RainDance|[from] ability: Drizzle|[of] p2a: Pelipper\n|move|p1a: Gholdengo|Shadow Ball|p2a: Pelipper\n|-damage|p2a: Pelipper|23/100\n|\n|-weather|RainDance|[upkeep]\n|-heal|p1a: Gholdengo|100/100|[from] item: Leftovers\n|upkeep\n|turn|14\n|\n|t:|1783818664\n|move|p1a: Gholdengo|Shadow Ball|p2a: Pelipper\n|-damage|p2a: Pelipper|0 fnt\n|faint|p2a: Pelipper\n|\n|-weather|RainDance|[upkeep]\n|upkeep\n|\n|t:|1783818666\n|switch|p2a: Kingdra|Kingdra, M|100/100\n|-damage|p2a: Kingdra|84/100|[from] Spikes\n|-damage|p2a: Kingdra|72/100|[from] Stealth Rock\n|turn|15\n|\n|t:|1783818674\n|move|p2a: Kingdra|Weather Ball|p1a: Gholdengo\n|-damage|p1a: Gholdengo|0 fnt\n|faint|p1a: Gholdengo\n|\n|-weather|RainDance|[upkeep]\n|upkeep\n|\n|t:|1783818676\n|switch|p1a: Rillaboom|Rillaboom, F|100/100\n|-fieldstart|move: Grassy Terrain|[from] ability: Grassy Surge|[of] p1a: Rillaboom\n|turn|16\n|\n|t:|1783818686\n|switch|p2a: Scizor|Scizor, M|100/100\n|-damage|p2a: Scizor|84/100|[from] Spikes\n|-damage|p2a: Scizor|71/100|[from] Stealth Rock\n|move|p1a: Rillaboom|Grassy Glide|p2a: Scizor\n|-resisted|p2a: Scizor\n|-damage|p2a: Scizor|62/100\n|\n|-weather|RainDance|[upkeep]\n|-heal|p2a: Scizor|68/100|[from] Grassy Terrain\n|upkeep\n|turn|17\n|\n|t:|1783818700\n|switch|p1a: Landorus|Landorus-Therian, M|49/100\n|-ability|p1a: Landorus|Intimidate|boost\n|-unboost|p2a: Scizor|atk|1\n|move|p2a: Scizor|Dual Wingbeat|p1a: Landorus|[miss]\n|-miss|p2a: Scizor|p1a: Landorus\n|\n|-weather|RainDance|[upkeep]\n|-heal|p2a: Scizor|74/100|[from] Grassy Terrain\n|upkeep\n|turn|18\n|\n|t:|1783818709\n|switch|p2a: Corviknight|Corviknight, M|26/100\n|-damage|p2a: Corviknight|13/100|[from] Stealth Rock\n|move|p1a: Landorus|U-turn|p2a: Corviknight\n|-resisted|p2a: Corviknight\n|-damage|p2a: Corviknight|10/100\n|\n|t:|1783818714\n|switch|p1a: Hawlucha|Hawlucha, F|100/100|[from] U-turn\n|-enditem|p1a: Hawlucha|Grassy Seed\n|-boost|p1a: Hawlucha|def|1|[from] item: Grassy Seed\n|\n|-weather|RainDance|[upkeep]\n|-heal|p2a: Corviknight|16/100|[from] item: Leftovers\n|upkeep\n|turn|19\n|\n|t:|1783818723\n|move|p1a: Hawlucha|Acrobatics|p2a: Corviknight\n|-resisted|p2a: Corviknight\n|-damage|p2a: Corviknight|0 fnt\n|faint|p2a: Corviknight\n|\n|-weather|RainDance|[upkeep]\n|upkeep\n|\n|t:|1783818731\n|switch|p2a: Poliwrath|Poliwrath, F|100/100\n|-damage|p2a: Poliwrath|84/100|[from] Spikes\n|-damage|p2a: Poliwrath|78/100|[from] Stealth Rock\n|turn|20\n|\n|t:|1783818740\n|-terastallize|p1a: Hawlucha|Steel\n|move|p1a: Hawlucha|Swords Dance|p1a: Hawlucha\n|-boost|p1a: Hawlucha|atk|2\n|move|p2a: Poliwrath|Belly Drum|p2a: Poliwrath\n|-damage|p2a: Poliwrath|28/100\n|-setboost|p2a: Poliwrath|atk|6|[from] move: Belly Drum\n|-enditem|p2a: Poliwrath|Sitrus Berry|[eat]\n|-heal|p2a: Poliwrath|53/100|[from] item: Sitrus Berry\n|\n|-weather|none\n|-heal|p2a: Poliwrath|59/100|[from] Grassy Terrain\n|-fieldend|move: Grassy Terrain\n|upkeep\n|turn|21\n|\n|t:|1783818750\n|move|p1a: Hawlucha|Acrobatics|p2a: Poliwrath\n|-supereffective|p2a: Poliwrath\n|-damage|p2a: Poliwrath|0 fnt\n|faint|p2a: Poliwrath\n|\n|upkeep\n|-message|wtxcykl forfeited.\n|\n|win|mrkodeo\n|raw|mrkodeo's rating: 1198 &rarr; <strong>1223</strong><br />(+25 for winning)\n|raw|wtxcykl's rating: 1200 &rarr; <strong>1175</strong><br />(-25 for losing)\n|l|☆wtxcykl\n|player|p2|\n|l|☆mrkodeo\n|player|p1|\n", "uploadtime": 1783819079, "views": 5, "formatid": "gen9ou", "rating": 1175, "private": 0, "password": null}