{"id": "gen9ou-2540516527", "format": "[Gen 9] OU", "players": ["2001civic", "sommeliersam"], "log": "|badge|p1|bronze|gen9ou|100-8\n|uhtml|medal-msg|<div class=\"broadcast-blue\">Curious what those medals under the avatar are? PS now has Ladder Seasons! For more information, check out the <a href=\"https://www.smogon.com/forums/threads/3740067/\">thread on Smogon.</a></div>\n|j|☆2001civic\n|j|☆sommeliersam\n|t:|1771211901\n|gametype|singles\n|player|p1|2001civic|265|1874\n|player|p2|sommeliersam|101|1773\n|gen|9\n|tier|[Gen 9] OU\n|rated|\n|rule|HP Percentage Mod: HP is shown in percentages\n|rule|Endless Battle Clause: Forcing endless battles is banned\n|rule|Species Clause: Limit one of each Pokémon\n|rule|OHKO Clause: OHKO moves are banned\n|rule|Evasion Items Clause: Evasion items are banned\n|rule|Evasion Moves Clause: Evasion moves are banned\n|rule|Evasion Abilities Clause: Evasion abilities are banned\n|rule|Sleep Moves Clause: Sleep-inducing moves are banned\n|clearpoke\n|poke|p1|Torkoal, M|\n|poke|p1|Great Tusk|\n|poke|p1|Walking Wake|\n|poke|p1|Raging Bolt|\n|poke|p1|Corviknight, F|\n|poke|p1|Venusaur, F|\n|poke|p2|Zamazenta-*|\n|poke|p2|Glimmora, F|\n|poke|p2|Darkrai|\n|poke|p2|Raging Bolt|\n|poke|p2|Ogerpon-Wellspring, F|\n|poke|p2|Gholdengo|\n|teampreview\n|\n|t:|1771211920\n|teamsize|p1|6\n|teamsize|p2|6\n|start\n|switch|p1a: Great Tusk|Great Tusk|100/100\n|switch|p2a: Ogerpon|Ogerpon-Wellspring, F|100/100\n|turn|1\n|\n|t:|1771211925\n|-end|p1a: Great Tusk|Protosynthesis|[silent]\n|switch|p1a: Torkoal|Torkoal, M|100/100\n|-weather|SunnyDay|[from] ability: Drought|[of] p1a: Torkoal\n|move|p2a: Ogerpon|Swords Dance|p2a: Ogerpon\n|-boost|p2a: Ogerpon|atk|2\n|\n|-weather|SunnyDay|[upkeep]\n|upkeep\n|turn|2\n|\n|t:|1771211929\n|switch|p1a: Venusaur|Venusaur, F|100/100\n|move|p2a: Ogerpon|Ivy Cudgel|p1a: Venusaur|[anim] Ivy Cudgel Water\n|-resisted|p1a: Venusaur\n|-damage|p1a: Venusaur|60/100\n|\n|-weather|SunnyDay|[upkeep]\n|upkeep\n|turn|3\n|\n|t:|1771211942\n|switch|p2a: Glimmora|Glimmora, F|100/100\n|move|p1a: Venusaur|Sludge Bomb|p2a: Glimmora\n|-resisted|p2a: Glimmora\n|-damage|p2a: Glimmora|81/100\n|-damage|p1a: Venusaur|51/100|[from] item: Life Orb\n|\n|-weather|SunnyDay|[upkeep]\n|upkeep\n|turn|4\n|j| tinki1\n|\n|t:|1771211950\n|move|p1a: Venusaur|Giga Drain|p2a: Glimmora\n|-damage|p2a: Glimmora|17/100\n|-heal|p1a: Venusaur|83/100|[from] drain|[of] p2a: Glimmora\n|-damage|p1a: Venusaur|74/100|[from] item: Life Orb\n|move|p2a: Glimmora|Mortal Spin|p1a: Venusaur\n|-damage|p1a: Venusaur|65/100\n|\n|-weather|SunnyDay|[upkeep]\n|upkeep\n|turn|5\n|\n|t:|1771211981\n|move|p1a: Venusaur|Giga Drain|p2a: Glimmora\n|-damage|p2a: Glimmora|0 fnt\n|-heal|p1a: Venusaur|74/100|[from] drain|[of] p2a: Glimmora\n|faint|p2a: Glimmora\n|-damage|p1a: Venusaur|64/100|[from] item: Life Orb\n|\n|-weather|SunnyDay|[upkeep]\n|upkeep\n|\n|t:|1771211983\n|switch|p2a: Raging Bolt|Raging Bolt|100/100\n|-activate|p2a: Raging Bolt|ability: Protosynthesis\n|-start|p2a: Raging Bolt|protosynthesisspa\n|turn|6\n|\n|t:|1771212000\n|move|p1a: Venusaur|Sludge Bomb|p2a: Raging Bolt\n|-damage|p2a: Raging Bolt|46/100\n|-damage|p1a: Venusaur|55/100|[from] item: Life Orb\n|move|p2a: Raging Bolt|Dragon Pulse|p1a: Venusaur\n|-damage|p1a: Venusaur|0 fnt\n|faint|p1a: Venusaur\n|\n|-weather|SunnyDay|[upkeep]\n|upkeep\n|\n|t:|1771212024\n|switch|p1a: Walking Wake|Walking Wake|100/100\n|-activate|p1a: Walking Wake|ability: Protosynthesis\n|-start|p1a: Walking Wake|protosynthesisspe\n|turn|7\n|\n|t:|1771212029\n|move|p2a: Raging Bolt|Thunderclap|p1a: Walking Wake\n|-damage|p1a: Walking Wake|39/100\n|move|p1a: Walking Wake|Dragon Pulse|p2a: Raging Bolt\n|-supereffective|p2a: Raging Bolt\n|-damage|p2a: Raging Bolt|0 fnt\n|faint|p2a: Raging Bolt\n|-end|p2a: Raging Bolt|Protosynthesis|[silent]\n|\n|-weather|SunnyDay|[upkeep]\n|upkeep\n|j| hbgzd\n|\n|t:|1771212038\n|switch|p2a: Ogerpon|Ogerpon-Wellspring, F|100/100\n|turn|8\n|\n|t:|1771212044\n|-end|p1a: Walking Wake|Protosynthesis|[silent]\n|switch|p1a: Corviknight|Corviknight, F|100/100\n|move|p2a: Ogerpon|Swords Dance|p2a: Ogerpon\n|-boost|p2a: Ogerpon|atk|2\n|\n|-weather|none\n|upkeep\n|turn|9\n|\n|t:|1771212049\n|switch|p1a: Torkoal|Torkoal, M|100/100\n|-weather|SunnyDay|[from] ability: Drought|[of] p1a: Torkoal\n|move|p2a: Ogerpon|Ivy Cudgel|p1a: Torkoal|[anim] Ivy Cudgel Water\n|-supereffective|p1a: Torkoal\n|-damage|p1a: Torkoal|22/100\n|\n|-weather|SunnyDay|[upkeep]\n|upkeep\n|turn|10\n|\n|t:|1771212054\n|switch|p1a: Raging Bolt|Raging Bolt|100/100\n|-activate|p1a: Raging Bolt|ability: Protosynthesis\n|-start|p1a: Raging Bolt|protosynthesisspa\n|move|p2a: Ogerpon|Horn Leech|p1a: Raging Bolt\n|-resisted|p1a: Raging Bolt\n|-damage|p1a: Raging Bolt|62/100\n|\n|-weather|SunnyDay|[upkeep]\n|-heal|p1a: Raging Bolt|68/100|[from] item: Leftovers\n|upkeep\n|turn|11\n|\n|t:|1771212062\n|move|p2a: Ogerpon|Play Rough|p1a: Raging Bolt\n|-supereffective|p1a: Raging Bolt\n|-damage|p1a: Raging Bolt|0 fnt\n|faint|p1a: Raging Bolt\n|-end|p1a: Raging Bolt|Protosynthesis|[silent]\n|\n|-weather|SunnyDay|[upkeep]\n|upkeep\n|\n|t:|1771212067\n|switch|p1a: Walking Wake|Walking Wake|39/100\n|-activate|p1a: Walking Wake|ability: Protosynthesis\n|-start|p1a: Walking Wake|protosynthesisspe\n|turn|12\n|\n|t:|1771212080\n|-terastallize|p2a: Ogerpon|Water\n|detailschange|p2a: Ogerpon|Ogerpon-Wellspring-Tera, F, tera:Water\n|-ability|p2a: Ogerpon|Embody Aspect (Wellspring)|boost\n|-boost|p2a: Ogerpon|spd|1\n|move|p1a: Walking Wake|Draco Meteor|p2a: Ogerpon\n|-damage|p2a: Ogerpon|23/100\n|-unboost|p1a: Walking Wake|spa|2\n|move|p2a: Ogerpon|Horn Leech|p1a: Walking Wake\n|-damage|p1a: Walking Wake|0 fnt\n|-heal|p2a: Ogerpon|45/100|[from] drain|[of] p1a: Walking Wake\n|faint|p1a: Walking Wake\n|-end|p1a: Walking Wake|Protosynthesis|[silent]\n|\n|-weather|SunnyDay|[upkeep]\n|upkeep\n|\n|t:|1771212090\n|switch|p1a: Great Tusk|Great Tusk|100/100\n|-activate|p1a: Great Tusk|ability: Protosynthesis\n|-start|p1a: Great Tusk|protosynthesisspe\n|turn|13\n|\n|t:|1771212098\n|switch|p2a: Zamazenta|Zamazenta|100/100\n|-ability|p2a: Zamazenta|Dauntless Shield|boost\n|-boost|p2a: Zamazenta|def|1\n|move|p1a: Great Tusk|Earthquake|p2a: Zamazenta\n|-damage|p2a: Zamazenta|75/100\n|\n|-weather|SunnyDay|[upkeep]\n|upkeep\n|turn|14\n|\n|t:|1771212109\n|move|p1a: Great Tusk|Bulk Up|p1a: Great Tusk\n|-boost|p1a: Great Tusk|atk|1\n|-boost|p1a: Great Tusk|def|1\n|move|p2a: Zamazenta|Reflect|p2a: Zamazenta\n|-sidestart|p2: sommeliersam|Reflect\n|\n|-weather|SunnyDay|[upkeep]\n|upkeep\n|turn|15\n|\n|t:|1771212115\n|switch|p2a: Gholdengo|Gholdengo|100/100\n|-item|p2a: Gholdengo|Air Balloon\n|move|p1a: Great Tusk|Rapid Spin|p2a: Gholdengo\n|-immune|p2a: Gholdengo\n|\n|-weather|SunnyDay|[upkeep]\n|upkeep\n|turn|16\n|\n|t:|1771212123\n|-end|p1a: Great Tusk|Protosynthesis|[silent]\n|switch|p1a: Corviknight|Corviknight, F|100/100\n|move|p2a: Gholdengo|Shadow Ball|p1a: Corviknight\n|-damage|p1a: Corviknight|65/100\n|\n|-weather|none\n|-heal|p1a: Corviknight|71/100|[from] item: Leftovers\n|upkeep\n|turn|17\n|\n|t:|1771212132\n|switch|p2a: Zamazenta|Zamazenta|75/100\n|move|p1a: Corviknight|U-turn|p2a: Zamazenta\n|-resisted|p2a: Zamazenta\n|-damage|p2a: Zamazenta|72/100\n|\n|t:|1771212139\n|switch|p1a: Torkoal|Torkoal, M|22/100|[from] U-turn\n|-weather|SunnyDay|[from] ability: Drought|[of] p1a: Torkoal\n|\n|-weather|SunnyDay|[upkeep]\n|upkeep\n|turn|18\n|\n|t:|1771212144\n|switch|p1a: Great Tusk|Great Tusk|100/100\n|-activate|p1a: Great Tusk|ability: Protosynthesis\n|-start|p1a: Great Tusk|protosynthesisspe\n|move|p2a: Zamazenta|Close Combat|p1a: Great Tusk\n|-damage|p1a: Great Tusk|62/100\n|-unboost|p2a: Zamazenta|def|1\n|-unboost|p2a: Zamazenta|spd|1\n|\n|-weather|SunnyDay|[upkeep]\n|-heal|p1a: Great Tusk|68/100|[from] item: Leftovers\n|upkeep\n|turn|19\n|l| tinki1\n|\n|t:|1771212157\n|switch|p2a: Gholdengo|Gholdengo|100/100\n|-item|p2a: Gholdengo|Air Balloon\n|move|p1a: Great Tusk|Bulk Up|p1a: Great Tusk\n|-boost|p1a: Great Tusk|atk|1\n|-boost|p1a: Great Tusk|def|1\n|\n|-weather|SunnyDay|[upkeep]\n|-heal|p1a: Great Tusk|75/100|[from] item: Leftovers\n|upkeep\n|turn|20\n|\n|t:|1771212164\n|move|p1a: Great Tusk|Ice Spinner|p2a: Gholdengo\n|-resisted|p2a: Gholdengo\n|-damage|p2a: Gholdengo|92/100\n|-enditem|p2a: Gholdengo|Air Balloon\n|move|p2a: Gholdengo|Shadow Ball|p1a: Great Tusk\n|-damage|p1a: Great Tusk|12/100\n|\n|-weather|SunnyDay|[upkeep]\n|-heal|p1a: Great Tusk|18/100|[from] item: Leftovers\n|upkeep\n|turn|21\n|\n|t:|1771212175\n|move|p1a: Great Tusk|Earthquake|p2a: Gholdengo\n|-supereffective|p2a: Gholdengo\n|-damage|p2a: Gholdengo|18/100\n|move|p2a: Gholdengo|Shadow Ball|p1a: Great Tusk\n|-crit|p1a: Great Tusk\n|-damage|p1a: Great Tusk|0 fnt\n|faint|p1a: Great Tusk\n|-end|p1a: Great Tusk|Protosynthesis|[silent]\n|\n|-weather|SunnyDay|[upkeep]\n|-sideend|p2: sommeliersam|Reflect\n|upkeep\n|-message|2001civic forfeited.\n|\n|win|sommeliersam\n|raw|2001civic's rating: 1874 &rarr; <strong>1848</strong><br />(-26 for losing)\n|raw|sommeliersam's rating: 1773 &rarr; <strong>1799</strong><br />(+26 for winning)\n|l|☆2001civic\n|player|p1|\n|l| hbgzd\n|l|☆sommeliersam\n|player|p2|\n", "uploadtime": 1771212399, "views": 6, "formatid": "gen9ou", "rating": 1799, "private": 0, "password": null}