{"id": "gen9ou-2647823818", "format": "[Gen 9] OU", "players": ["infinite75", "Gab802747#("], "log": "|j|☆infinite75\n|j|☆Gab802747#(\n|t:|1783818961\n|gametype|singles\n|player|p1|infinite75|miku-ghost|1061\n|player|p2|Gab802747#(|170|1000\n|gen|9\n|tier|[Gen 9] OU\n|rated|\n|rule|HP Percentage Mod: HP is shown in percentages\n|rule|Endless Battle Clause: Forcing endless battles is banned\n|rule|Species Clause: Limit one of each Pokémon\n|rule|OHKO Clause: OHKO moves are banned\n|rule|Evasion Items Clause: Evasion items are banned\n|rule|Evasion Moves Clause: Evasion moves are banned\n|rule|Evasion Abilities Clause: Evasion abilities are banned\n|rule|Sleep Moves Clause: Sleep-inducing moves are banned\n|clearpoke\n|poke|p1|Dragapult, M|\n|poke|p1|Enamorus, F|\n|poke|p1|Dragonite, M|\n|poke|p1|Garchomp, M|\n|poke|p1|Hydreigon, M|\n|poke|p1|Staraptor, M|\n|poke|p2|Crawdaunt, M|\n|poke|p2|Toxtricity, F|\n|poke|p2|Tyranitar, F|\n|poke|p2|Scizor, F|\n|poke|p2|Glimmora, F|\n|poke|p2|Tinkaton, F|\n|teampreview\n|\n|t:|1783818970\n|teamsize|p1|6\n|teamsize|p2|6\n|start\n|switch|p1a: Hydreigon|Hydreigon, M, shiny|100/100\n|switch|p2a: Glimmora|Glimmora, F|100/100\n|turn|1\n|\n|t:|1783818977\n|move|p1a: Hydreigon|Flash Cannon|p2a: Glimmora\n|-supereffective|p2a: Glimmora\n|-damage|p2a: Glimmora|3/100\n|move|p2a: Glimmora|Stealth Rock|p1a: Hydreigon\n|-sidestart|p1: infinite75|move: Stealth Rock\n|\n|-heal|p2a: Glimmora|9/100|[from] item: Leftovers\n|upkeep\n|turn|2\n|\n|t:|1783818987\n|move|p1a: Hydreigon|Flash Cannon|p2a: Glimmora\n|-supereffective|p2a: Glimmora\n|-damage|p2a: Glimmora|0 fnt\n|faint|p2a: Glimmora\n|\n|upkeep\n|\n|t:|1783819004\n|switch|p2a: Crawdaunt|Crawdaunt, M|100/100\n|turn|3\n|\n|t:|1783819011\n|switch|p1a: Dragapult|Dragapult, M, shiny|100/100\n|-damage|p1a: Dragapult|88/100|[from] Stealth Rock\n|move|p2a: Crawdaunt|Brick Break|p1a: Dragapult\n|-immune|p1a: Dragapult\n|\n|upkeep\n|turn|4\n|\n|t:|1783819021\n|move|p1a: Dragapult|Dragon Darts|p2a: Crawdaunt\n|-damage|p2a: Crawdaunt|45/100\n|-anim|p1a: Dragapult|Dragon Darts|p2a: Crawdaunt\n|-damage|p2a: Crawdaunt|0 fnt\n|faint|p2a: Crawdaunt\n|-damage|p1a: Dragapult|78/100|[from] item: Life Orb\n|\n|upkeep\n|\n|t:|1783819030\n|switch|p2a: Toxtricity|Toxtricity, F|100/100\n|turn|5\n|\n|t:|1783819038\n|switch|p2a: Tyranitar|Tyranitar, F, shiny|100/100\n|-weather|Sandstorm|[from] ability: Sand Stream|[of] p2a: Tyranitar\n|move|p1a: Dragapult|Dragon Darts|p2a: Tyranitar\n|-damage|p2a: Tyranitar|70/100\n|-anim|p1a: Dragapult|Dragon Darts|p2a: Tyranitar\n|-damage|p2a: Tyranitar|41/100\n|-damage|p1a: Dragapult|69/100|[from] item: Life Orb\n|\n|-weather|Sandstorm|[upkeep]\n|-damage|p1a: Dragapult|63/100|[from] Sandstorm\n|upkeep\n|turn|6\n|\n|t:|1783819052\n|move|p1a: Dragapult|U-turn|p2a: Tyranitar\n|-supereffective|p2a: Tyranitar\n|-damage|p2a: Tyranitar|0 fnt\n|faint|p2a: Tyranitar\n|-damage|p1a: Dragapult|53/100|[from] item: Life Orb\n|\n|t:|1783819065\n|switch|p1a: Garchomp|Garchomp, M, shiny|100/100|[from] U-turn\n|-damage|p1a: Garchomp|94/100|[from] Stealth Rock\n|\n|-weather|Sandstorm|[upkeep]\n|upkeep\n|\n|t:|1783819076\n|switch|p2a: Tinkaton|Tinkaton, F|100/100\n|-ability|p2a: Tinkaton|Mold Breaker\n|-item|p2a: Tinkaton|Air Balloon\n|turn|7\n|\n|t:|1783819089\n|move|p1a: Garchomp|Liquidation|p2a: Tinkaton\n|-damage|p2a: Tinkaton|54/100\n|-enditem|p2a: Tinkaton|Air Balloon\n|move|p2a: Tinkaton|Ice Hammer|p1a: Garchomp\n|-supereffective|p1a: Garchomp\n|-damage|p1a: Garchomp|3/100\n|-unboost|p2a: Tinkaton|spe|1\n|-damage|p2a: Tinkaton|41/100|[from] ability: Rough Skin|[of] p1a: Garchomp\n|\n|-weather|Sandstorm|[upkeep]\n|upkeep\n|turn|8\n|\n|t:|1783819102\n|move|p1a: Garchomp|Liquidation|p2a: Tinkaton\n|-damage|p2a: Tinkaton|0 fnt\n|faint|p2a: Tinkaton\n|\n|-weather|Sandstorm|[upkeep]\n|upkeep\n|\n|t:|1783819107\n|switch|p2a: Scizor|Scizor, F|100/100\n|turn|9\n|\n|t:|1783819110\n|move|p1a: Garchomp|Liquidation|p2a: Scizor\n|-damage|p2a: Scizor|60/100\n|move|p2a: Scizor|U-turn|p1a: Garchomp\n|-damage|p1a: Garchomp|0 fnt\n|-damage|p2a: Scizor|47/100|[from] ability: Rough Skin|[of] p1a: Garchomp\n|faint|p1a: Garchomp\n|\n|t:|1783819128\n|switch|p2a: Toxtricity|Toxtricity, F|100/100|[from] U-turn\n|\n|-weather|none\n|upkeep\n|\n|t:|1783819131\n|switch|p1a: Staraptor|Staraptor, M, shiny|100/100\n|-damage|p1a: Staraptor|75/100|[from] Stealth Rock\n|turn|10\n|\n|t:|1783819137\n|-terastallize|p2a: Toxtricity|Normal\n|move|p1a: Staraptor|Double-Edge|p2a: Toxtricity\n|-damage|p2a: Toxtricity|0 fnt\n|faint|p2a: Toxtricity\n|-damage|p1a: Staraptor|45/100|[from] Recoil\n|-damage|p1a: Staraptor|35/100|[from] item: Life Orb\n|\n|upkeep\n|\n|t:|1783819145\n|switch|p2a: Scizor|Scizor, F|47/100\n|turn|11\n|\n|t:|1783819155\n|move|p2a: Scizor|Bullet Punch|p1a: Staraptor\n|-damage|p1a: Staraptor|0 fnt\n|faint|p1a: Staraptor\n|\n|upkeep\n|\n|t:|1783819159\n|switch|p1a: Dragapult|Dragapult, M, shiny|53/100\n|-damage|p1a: Dragapult|41/100|[from] Stealth Rock\n|turn|12\n|\n|t:|1783819163\n|move|p2a: Scizor|Bullet Punch|p1a: Dragapult\n|-damage|p1a: Dragapult|0 fnt\n|faint|p1a: Dragapult\n|\n|upkeep\n|\n|t:|1783819165\n|switch|p1a: Dragonite|Dragonite, M|100/100\n|-damage|p1a: Dragonite|75/100|[from] Stealth Rock\n|turn|13\n|\n|t:|1783819172\n|move|p2a: Scizor|Bullet Punch|p1a: Dragonite\n|-damage|p1a: Dragonite|23/100\n|move|p1a: Dragonite|Earthquake|p2a: Scizor\n|-damage|p2a: Scizor|0 fnt\n|faint|p2a: Scizor\n|-damage|p1a: Dragonite|13/100|[from] item: Life Orb\n|\n|win|infinite75\n|raw|infinite75's rating: 1061 &rarr; <strong>1086</strong><br />(+25 for winning)\n|raw|Gab802747#('s rating: 1000 &rarr; <strong>1000</strong><br />(+0 for losing)\n", "uploadtime": 1783819175, "views": 9, "formatid": "gen9ou", "rating": 1000, "private": 0, "password": null}