{"id": "gen9ou-2639225284", "format": "[Gen 9] OU", "players": ["MyGoodBuddyMason", "Realrap55"], "log": "|j|☆MyGoodBuddyMason\n|j|☆Realrap55\n|t:|1782436832\n|gametype|singles\n|player|p1|MyGoodBuddyMason|drayden|1325\n|player|p2|Realrap55|rocketgrunt|1337\n|gen|9\n|tier|[Gen 9] OU\n|rated|\n|rule|HP Percentage Mod: HP is shown in percentages\n|rule|Endless Battle Clause: Forcing endless battles is banned\n|rule|Species Clause: Limit one of each Pokémon\n|rule|OHKO Clause: OHKO moves are banned\n|rule|Evasion Items Clause: Evasion items are banned\n|rule|Evasion Moves Clause: Evasion moves are banned\n|rule|Evasion Abilities Clause: Evasion abilities are banned\n|rule|Sleep Moves Clause: Sleep-inducing moves are banned\n|clearpoke\n|poke|p1|Zapdos|\n|poke|p1|Eiscue, M|\n|poke|p1|Empoleon, F|\n|poke|p1|Garchomp, F|\n|poke|p1|Donphan, M|\n|poke|p1|Lokix, M|\n|poke|p2|Torkoal, F|\n|poke|p2|Raging Bolt|\n|poke|p2|Zarude|\n|poke|p2|Walking Wake|\n|poke|p2|Great Tusk|\n|poke|p2|Fezandipiti, M|\n|teampreview\n|inactive|Battle timer is ON: inactive players will automatically lose when time's up. (requested by Realrap55)\n|\n|t:|1782436842\n|teamsize|p1|6\n|teamsize|p2|6\n|start\n|switch|p1a: Sharkry|Garchomp, F|100/100\n|switch|p2a: Fezandipiti|Fezandipiti, M|100/100\n|turn|1\n|\n|t:|1782436851\n|switch|p2a: Zarude|Zarude|100/100\n|switch|p1a: Steel Beam Enjoyer|Empoleon, F|100/100\n|\n|upkeep\n|turn|2\n|\n|t:|1782436857\n|switch|p1a: Sharkry|Garchomp, F|100/100\n|move|p2a: Zarude|Knock Off|p1a: Sharkry\n|-damage|p1a: Sharkry|59/100\n|-damage|p2a: Zarude|88/100|[from] ability: Rough Skin|[of] p1a: Sharkry\n|-damage|p2a: Zarude|72/100|[from] item: Rocky Helmet|[of] p1a: Sharkry\n|-enditem|p1a: Sharkry|Rocky Helmet|[from] move: Knock Off|[of] p2a: Zarude\n|-damage|p2a: Zarude|62/100|[from] item: Life Orb\n|\n|upkeep\n|turn|3\n|\n|t:|1782436880\n|switch|p2a: Great Tusk|Great Tusk, shiny|100/100\n|switch|p1a: Shock Tuah|Zapdos|100/100\n|\n|upkeep\n|turn|4\n|\n|t:|1782436889\n|-end|p2a: Great Tusk|Protosynthesis|[silent]\n|switch|p2a: Torkoal|Torkoal, F|100/100\n|-weather|SunnyDay|[from] ability: Drought|[of] p2a: Torkoal\n|move|p1a: Shock Tuah|Hurricane|p2a: Torkoal|[miss]\n|-miss|p1a: Shock Tuah|p2a: Torkoal\n|\n|-weather|SunnyDay|[upkeep]\n|upkeep\n|turn|5\n|\n|t:|1782436901\n|move|p1a: Shock Tuah|U-turn|p2a: Torkoal\n|-resisted|p2a: Torkoal\n|-damage|p2a: Torkoal|97/100\n|\n|t:|1782436904\n|switch|p1a: Steel Beam Enjoyer|Empoleon, F|100/100|[from] U-turn\n|move|p2a: Torkoal|Body Press|p1a: Steel Beam Enjoyer\n|-supereffective|p1a: Steel Beam Enjoyer\n|-damage|p1a: Steel Beam Enjoyer|42/100\n|\n|-weather|SunnyDay|[upkeep]\n|-heal|p1a: Steel Beam Enjoyer|48/100|[from] item: Leftovers\n|upkeep\n|turn|6\n|\n|t:|1782436916\n|switch|p2a: Zarude|Zarude|62/100\n|move|p1a: Steel Beam Enjoyer|Flip Turn|p2a: Zarude\n|-resisted|p2a: Zarude\n|-damage|p2a: Zarude|58/100\n|\n|t:|1782436920\n|switch|p1a: Mr. Freeze|Eiscue, M|100/100|[from] Flip Turn\n|\n|-weather|SunnyDay|[upkeep]\n|upkeep\n|turn|7\n|\n|t:|1782436932\n|switch|p2a: Fezandipiti|Fezandipiti, M|100/100\n|move|p1a: Mr. Freeze|Snowscape|p1a: Mr. Freeze\n|-weather|Snowscape\n|\n|-weather|Snowscape|[upkeep]\n|upkeep\n|turn|8\n|\n|t:|1782436937\n|switch|p1a: Steel Beam Enjoyer|Empoleon, F|48/100\n|move|p2a: Fezandipiti|Beat Up|p1a: Steel Beam Enjoyer\n|-damage|p1a: Steel Beam Enjoyer|45/100\n|-damage|p1a: Steel Beam Enjoyer|43/100\n|-damage|p1a: Steel Beam Enjoyer|39/100\n|-damage|p1a: Steel Beam Enjoyer|36/100\n|-damage|p1a: Steel Beam Enjoyer|33/100\n|-damage|p1a: Steel Beam Enjoyer|29/100\n|-hitcount|p1a: Steel Beam Enjoyer|6\n|\n|-weather|Snowscape|[upkeep]\n|-heal|p1a: Steel Beam Enjoyer|35/100|[from] item: Leftovers\n|upkeep\n|turn|9\n|\n|t:|1782436948\n|move|p2a: Fezandipiti|U-turn|p1a: Steel Beam Enjoyer\n|-resisted|p1a: Steel Beam Enjoyer\n|-damage|p1a: Steel Beam Enjoyer|28/100\n|\n|t:|1782436950\n|switch|p2a: Torkoal|Torkoal, F|97/100|[from] U-turn\n|-weather|SunnyDay|[from] ability: Drought|[of] p2a: Torkoal\n|move|p1a: Steel Beam Enjoyer|Roost|p1a: Steel Beam Enjoyer\n|-heal|p1a: Steel Beam Enjoyer|78/100\n|-singleturn|p1a: Steel Beam Enjoyer|move: Roost\n|\n|-weather|SunnyDay|[upkeep]\n|-heal|p1a: Steel Beam Enjoyer|85/100|[from] item: Leftovers\n|upkeep\n|turn|10\n|\n|t:|1782436961\n|move|p1a: Steel Beam Enjoyer|Flip Turn|p2a: Torkoal\n|-supereffective|p2a: Torkoal\n|-damage|p2a: Torkoal|88/100\n|\n|t:|1782436964\n|switch|p1a: Shock Tuah|Zapdos|100/100|[from] Flip Turn\n|move|p2a: Torkoal|Body Press|p1a: Shock Tuah\n|-resisted|p1a: Shock Tuah\n|-damage|p1a: Shock Tuah|90/100\n|\n|-weather|SunnyDay|[upkeep]\n|upkeep\n|turn|11\n|\n|t:|1782436974\n|switch|p2a: Fezandipiti|Fezandipiti, M|100/100\n|move|p1a: Shock Tuah|Discharge|p2a: Fezandipiti\n|-damage|p2a: Fezandipiti|77/100\n|\n|-weather|SunnyDay|[upkeep]\n|upkeep\n|turn|12\n|\n|t:|1782436980\n|switch|p1a: Steel Beam Enjoyer|Empoleon, F|85/100\n|move|p2a: Fezandipiti|Beat Up|p1a: Steel Beam Enjoyer\n|-damage|p1a: Steel Beam Enjoyer|81/100\n|-damage|p1a: Steel Beam Enjoyer|79/100\n|-damage|p1a: Steel Beam Enjoyer|75/100\n|-damage|p1a: Steel Beam Enjoyer|72/100\n|-damage|p1a: Steel Beam Enjoyer|69/100\n|-damage|p1a: Steel Beam Enjoyer|65/100\n|-hitcount|p1a: Steel Beam Enjoyer|6\n|\n|-weather|SunnyDay|[upkeep]\n|-heal|p1a: Steel Beam Enjoyer|71/100|[from] item: Leftovers\n|upkeep\n|turn|13\n|\n|t:|1782436988\n|switch|p2a: Zarude|Zarude|58/100\n|move|p1a: Steel Beam Enjoyer|Flash Cannon|p2a: Zarude\n|-damage|p2a: Zarude|30/100\n|\n|-weather|SunnyDay|[upkeep]\n|-heal|p1a: Steel Beam Enjoyer|78/100|[from] item: Leftovers\n|upkeep\n|turn|14\n|\n|t:|1782437009\n|switch|p1a: Mr. Freeze|Eiscue, M|100/100\n|move|p2a: Zarude|Synthesis|p2a: Zarude\n|-heal|p2a: Zarude|97/100\n|\n|-weather|SunnyDay|[upkeep]\n|upkeep\n|turn|15\n|\n|t:|1782437031\n|move|p2a: Zarude|Knock Off|p1a: Mr. Freeze\n|-activate|p1a: Mr. Freeze|ability: Ice Face\n|-damage|p1a: Mr. Freeze|100/100\n|-damage|p2a: Zarude|80/100|[from] item: Rocky Helmet|[of] p1a: Mr. Freeze\n|-enditem|p1a: Mr. Freeze|Rocky Helmet|[from] move: Knock Off|[of] p2a: Zarude\n|detailschange|p1a: Mr. Freeze|Eiscue-Noice, M\n|-damage|p2a: Zarude|71/100|[from] item: Life Orb\n|move|p1a: Mr. Freeze|Freeze-Dry|p2a: Zarude\n|-supereffective|p2a: Zarude\n|-damage|p2a: Zarude|23/100\n|\n|-weather|SunnyDay|[upkeep]\n|upkeep\n|turn|16\n|\n|t:|1782437043\n|move|p1a: Mr. Freeze|Freeze-Dry|p2a: Zarude\n|-supereffective|p2a: Zarude\n|-damage|p2a: Zarude|0 fnt\n|faint|p2a: Zarude\n|\n|-weather|none\n|upkeep\n|\n|t:|1782437049\n|switch|p2a: Torkoal|Torkoal, F|88/100\n|-weather|SunnyDay|[from] ability: Drought|[of] p2a: Torkoal\n|turn|17\n|\n|t:|1782437053\n|move|p1a: Mr. Freeze|Flip Turn|p2a: Torkoal\n|-supereffective|p2a: Torkoal\n|-damage|p2a: Torkoal|81/100\n|\n|t:|1782437056\n|switch|p1a: Shock Tuah|Zapdos|90/100|[from] Flip Turn\n|move|p2a: Torkoal|Overheat|p1a: Shock Tuah\n|-damage|p1a: Shock Tuah|35/100\n|-unboost|p2a: Torkoal|spa|2\n|\n|-weather|SunnyDay|[upkeep]\n|upkeep\n|turn|18\n|\n|t:|1782437064\n|switch|p2a: Raging Bolt|Raging Bolt|100/100\n|-activate|p2a: Raging Bolt|ability: Protosynthesis\n|-start|p2a: Raging Bolt|protosynthesisspa\n|move|p1a: Shock Tuah|Roost|p1a: Shock Tuah\n|-heal|p1a: Shock Tuah|85/100\n|-singleturn|p1a: Shock Tuah|move: Roost\n|\n|-weather|SunnyDay|[upkeep]\n|upkeep\n|turn|19\n|\n|t:|1782437080\n|move|p2a: Raging Bolt|Draco Meteor|p1a: Shock Tuah\n|-damage|p1a: Shock Tuah|0 fnt\n|-unboost|p2a: Raging Bolt|spa|2\n|faint|p1a: Shock Tuah\n|\n|-weather|SunnyDay|[upkeep]\n|upkeep\n|inactive|MyGoodBuddyMason has 120 seconds left.\n|\n|t:|1782437115\n|switch|p1a: Sharkry|Garchomp, F|59/100\n|turn|20\n|\n|t:|1782437122\n|-end|p2a: Raging Bolt|Protosynthesis|[silent]\n|switch|p2a: Great Tusk|Great Tusk, shiny|100/100\n|-activate|p2a: Great Tusk|ability: Protosynthesis\n|-start|p2a: Great Tusk|protosynthesisatk\n|switch|p1a: Steel Beam Enjoyer|Empoleon, F|78/100\n|\n|-weather|SunnyDay|[upkeep]\n|-heal|p1a: Steel Beam Enjoyer|84/100|[from] item: Leftovers\n|upkeep\n|turn|21\n|\n|t:|1782437131\n|switch|p1a: Sharkry|Garchomp, F|59/100\n|move|p2a: Great Tusk|Headlong Rush|p1a: Sharkry\n|-damage|p1a: Sharkry|10/100\n|-unboost|p2a: Great Tusk|def|1\n|-unboost|p2a: Great Tusk|spd|1\n|-damage|p2a: Great Tusk|88/100|[from] ability: Rough Skin|[of] p1a: Sharkry\n|\n|-weather|SunnyDay|[upkeep]\n|-heal|p2a: Great Tusk|94/100|[from] item: Leftovers\n|upkeep\n|turn|22\n|\n|t:|1782437139\n|move|p2a: Great Tusk|Ice Spinner|p1a: Sharkry\n|-supereffective|p1a: Sharkry\n|-damage|p1a: Sharkry|0 fnt\n|-damage|p2a: Great Tusk|82/100|[from] ability: Rough Skin|[of] p1a: Sharkry\n|faint|p1a: Sharkry\n|\n|-weather|SunnyDay|[upkeep]\n|-heal|p2a: Great Tusk|88/100|[from] item: Leftovers\n|upkeep\n|\n|t:|1782437143\n|switch|p1a: Mr. Freeze|Eiscue-Noice, M|100/100\n|turn|23\n|\n|t:|1782437151\n|-end|p2a: Great Tusk|Protosynthesis|[silent]\n|switch|p2a: Fezandipiti|Fezandipiti, M|77/100\n|move|p1a: Mr. Freeze|Snowscape|p1a: Mr. Freeze\n|-weather|Snowscape\n|-activate|p1a: Mr. Freeze|ability: Ice Face\n|detailschange|p1a: Mr. Freeze|Eiscue, M\n|\n|-weather|Snowscape|[upkeep]\n|upkeep\n|turn|24\n|\n|t:|1782437157\n|switch|p1a: Steel Beam Enjoyer|Empoleon, F|84/100\n|move|p2a: Fezandipiti|U-turn|p1a: Steel Beam Enjoyer\n|-resisted|p1a: Steel Beam Enjoyer\n|-damage|p1a: Steel Beam Enjoyer|77/100\n|\n|t:|1782437159\n|switch|p2a: Torkoal|Torkoal, F|81/100|[from] U-turn\n|-weather|SunnyDay|[from] ability: Drought|[of] p2a: Torkoal\n|\n|-weather|SunnyDay|[upkeep]\n|-heal|p1a: Steel Beam Enjoyer|83/100|[from] item: Leftovers\n|upkeep\n|turn|25\n|\n|t:|1782437173\n|move|p1a: Steel Beam Enjoyer|Roost|p1a: Steel Beam Enjoyer\n|-heal|p1a: Steel Beam Enjoyer|100/100\n|-singleturn|p1a: Steel Beam Enjoyer|move: Roost\n|move|p2a: Torkoal|Overheat|p1a: Steel Beam Enjoyer|[miss]\n|-miss|p2a: Torkoal|p1a: Steel Beam Enjoyer\n|\n|-weather|SunnyDay|[upkeep]\n|upkeep\n|turn|26\n|\n|t:|1782437182\n|move|p1a: Steel Beam Enjoyer|Surf|p2a: Torkoal\n|-supereffective|p2a: Torkoal\n|-damage|p2a: Torkoal|38/100\n|move|p2a: Torkoal|Overheat|p1a: Steel Beam Enjoyer\n|-damage|p1a: Steel Beam Enjoyer|61/100\n|-unboost|p2a: Torkoal|spa|2\n|\n|-weather|SunnyDay|[upkeep]\n|-heal|p1a: Steel Beam Enjoyer|67/100|[from] item: Leftovers\n|upkeep\n|turn|27\n|\n|t:|1782437189\n|switch|p2a: Raging Bolt|Raging Bolt|100/100\n|-activate|p2a: Raging Bolt|ability: Protosynthesis\n|-start|p2a: Raging Bolt|protosynthesisspa\n|move|p1a: Steel Beam Enjoyer|Surf|p2a: Raging Bolt\n|-resisted|p2a: Raging Bolt\n|-damage|p2a: Raging Bolt|93/100\n|\n|-weather|SunnyDay|[upkeep]\n|-heal|p1a: Steel Beam Enjoyer|73/100|[from] item: Leftovers\n|upkeep\n|turn|28\n|\n|t:|1782437196\n|move|p2a: Raging Bolt|Draco Meteor|p1a: Steel Beam Enjoyer|[miss]\n|-miss|p2a: Raging Bolt|p1a: Steel Beam Enjoyer\n|move|p1a: Steel Beam Enjoyer|Flip Turn|p2a: Raging Bolt\n|-resisted|p2a: Raging Bolt\n|-damage|p2a: Raging Bolt|89/100\n|\n|t:|1782437200\n|switch|p1a: Long Snout|Donphan, M, shiny|100/100|[from] Flip Turn\n|\n|-weather|SunnyDay|[upkeep]\n|upkeep\n|turn|29\n|\n|t:|1782437204\n|move|p2a: Raging Bolt|Draco Meteor|p1a: Long Snout\n|-ability|p1a: Long Snout|Sturdy\n|-damage|p1a: Long Snout|1/100\n|-unboost|p2a: Raging Bolt|spa|2\n|move|p1a: Long Snout|Earthquake|p2a: Raging Bolt\n|-supereffective|p2a: Raging Bolt\n|-damage|p2a: Raging Bolt|0 fnt\n|faint|p2a: Raging Bolt\n|-end|p2a: Raging Bolt|Protosynthesis|[silent]\n|\n|-weather|SunnyDay|[upkeep]\n|upkeep\n|\n|t:|1782437213\n|switch|p2a: Walking Wake|Walking Wake|100/100\n|-activate|p2a: Walking Wake|ability: Protosynthesis\n|-start|p2a: Walking Wake|protosynthesisspe\n|turn|30\n|\n|t:|1782437218\n|switch|p1a: Steel Beam Enjoyer|Empoleon, F|73/100\n|move|p2a: Walking Wake|Flamethrower|p1a: Steel Beam Enjoyer\n|-damage|p1a: Steel Beam Enjoyer|24/100\n|\n|-weather|SunnyDay|[upkeep]\n|-heal|p1a: Steel Beam Enjoyer|30/100|[from] item: Leftovers\n|upkeep\n|turn|31\n|\n|t:|1782437223\n|move|p2a: Walking Wake|Flamethrower|p1a: Steel Beam Enjoyer\n|-damage|p1a: Steel Beam Enjoyer|0 fnt\n|faint|p1a: Steel Beam Enjoyer\n|\n|-weather|none\n|-end|p2a: Walking Wake|Protosynthesis\n|upkeep\n|\n|t:|1782437227\n|switch|p1a: Zero-One|Lokix, M, shiny|100/100\n|turn|32\n|\n|t:|1782437231\n|-end|p2a: Walking Wake|Protosynthesis|[silent]\n|switch|p2a: Fezandipiti|Fezandipiti, M|77/100\n|-terastallize|p1a: Zero-One|Bug\n|move|p1a: Zero-One|First Impression|p2a: Fezandipiti\n|-resisted|p2a: Fezandipiti\n|-damage|p2a: Fezandipiti|38/100\n|-damage|p1a: Zero-One|84/100|[from] item: Rocky Helmet|[of] p2a: Fezandipiti\n|\n|upkeep\n|turn|33\n|\n|t:|1782437238\n|switch|p1a: Mr. Freeze|Eiscue, M|100/100\n|move|p2a: Fezandipiti|Roost|p2a: Fezandipiti\n|-heal|p2a: Fezandipiti|88/100\n|-singleturn|p2a: Fezandipiti|move: Roost\n|\n|upkeep\n|turn|34\n|\n|t:|1782437247\n|move|p2a: Fezandipiti|Beat Up|p1a: Mr. Freeze\n|-activate|p1a: Mr. Freeze|ability: Ice Face\n|-damage|p1a: Mr. Freeze|100/100\n|detailschange|p1a: Mr. Freeze|Eiscue-Noice, M\n|-damage|p1a: Mr. Freeze|96/100\n|-status|p1a: Mr. Freeze|tox|[from] ability: Toxic Chain|[of] p2a: Fezandipiti\n|-damage|p1a: Mr. Freeze|90/100 tox\n|-damage|p1a: Mr. Freeze|85/100 tox\n|-hitcount|p1a: Mr. Freeze|4\n|move|p1a: Mr. Freeze|Freeze-Dry|p2a: Fezandipiti\n|-damage|p2a: Fezandipiti|73/100\n|\n|-damage|p1a: Mr. Freeze|79/100 tox|[from] psn\n|upkeep\n|turn|35\n|\n|t:|1782437265\n|move|p1a: Mr. Freeze|Flip Turn|p2a: Fezandipiti\n|-damage|p2a: Fezandipiti|64/100\n|-damage|p1a: Mr. Freeze|63/100 tox|[from] item: Rocky Helmet|[of] p2a: Fezandipiti\n|\n|t:|1782437269\n|switch|p1a: Long Snout|Donphan, M, shiny|1/100|[from] Flip Turn\n|move|p2a: Fezandipiti|Taunt|p1a: Long Snout\n|-start|p1a: Long Snout|move: Taunt\n|\n|upkeep\n|turn|36\n|\n|t:|1782437281\n|switch|p2a: Torkoal|Torkoal, F|38/100\n|-weather|SunnyDay|[from] ability: Drought|[of] p2a: Torkoal\n|move|p1a: Long Snout|Ice Shard|p2a: Torkoal\n|-resisted|p2a: Torkoal\n|-damage|p2a: Torkoal|34/100\n|\n|-weather|SunnyDay|[upkeep]\n|upkeep\n|turn|37\n|\n|t:|1782437293\n|move|p1a: Long Snout|Earthquake|p2a: Torkoal\n|-supereffective|p2a: Torkoal\n|-damage|p2a: Torkoal|0 fnt\n|faint|p2a: Torkoal\n|\n|-weather|SunnyDay|[upkeep]\n|-end|p1a: Long Snout|move: Taunt\n|upkeep\n|\n|t:|1782437295\n|switch|p2a: Walking Wake|Walking Wake|100/100\n|-activate|p2a: Walking Wake|ability: Protosynthesis\n|-start|p2a: Walking Wake|protosynthesisspe\n|turn|38\n|\n|t:|1782437301\n|move|p1a: Long Snout|Ice Shard|p2a: Walking Wake\n|-damage|p2a: Walking Wake|87/100\n|move|p2a: Walking Wake|Flamethrower|p1a: Long Snout\n|-damage|p1a: Long Snout|0 fnt\n|faint|p1a: Long Snout\n|\n|-weather|SunnyDay|[upkeep]\n|upkeep\n|\n|t:|1782437306\n|switch|p1a: Zero-One|Lokix, M, shiny, tera:Bug|84/100\n|turn|39\n|\n|t:|1782437309\n|-end|p2a: Walking Wake|Protosynthesis|[silent]\n|switch|p2a: Fezandipiti|Fezandipiti, M|64/100\n|move|p1a: Zero-One|First Impression|p2a: Fezandipiti\n|-resisted|p2a: Fezandipiti\n|-damage|p2a: Fezandipiti|25/100\n|-damage|p1a: Zero-One|67/100|[from] item: Rocky Helmet|[of] p2a: Fezandipiti\n|\n|-weather|SunnyDay|[upkeep]\n|upkeep\n|turn|40\n|\n|t:|1782437314\n|switch|p1a: Mr. Freeze|Eiscue-Noice, M|63/100 tox\n|move|p2a: Fezandipiti|Roost|p2a: Fezandipiti\n|-heal|p2a: Fezandipiti|75/100\n|-singleturn|p2a: Fezandipiti|move: Roost\n|\n|-weather|SunnyDay|[upkeep]\n|-damage|p1a: Mr. Freeze|57/100 tox|[from] psn\n|upkeep\n|turn|41\n|\n|t:|1782437318\n|move|p1a: Mr. Freeze|Snowscape|p1a: Mr. Freeze\n|-weather|Snowscape\n|-activate|p1a: Mr. Freeze|ability: Ice Face\n|detailschange|p1a: Mr. Freeze|Eiscue, M\n|move|p2a: Fezandipiti|Taunt|p1a: Mr. Freeze\n|-start|p1a: Mr. Freeze|move: Taunt\n|\n|-weather|Snowscape|[upkeep]\n|-damage|p1a: Mr. Freeze|45/100 tox|[from] psn\n|upkeep\n|turn|42\n|\n|t:|1782437324\n|move|p2a: Fezandipiti|Beat Up|p1a: Mr. Freeze\n|-activate|p1a: Mr. Freeze|ability: Ice Face\n|-damage|p1a: Mr. Freeze|45/100 tox\n|detailschange|p1a: Mr. Freeze|Eiscue-Noice, M\n|-crit|p1a: Mr. Freeze\n|-damage|p1a: Mr. Freeze|39/100 tox\n|-damage|p1a: Mr. Freeze|35/100 tox\n|-hitcount|p1a: Mr. Freeze|3\n|move|p1a: Mr. Freeze|Freeze-Dry|p2a: Fezandipiti\n|-damage|p2a: Fezandipiti|58/100\n|\n|-weather|Snowscape|[upkeep]\n|-damage|p1a: Mr. Freeze|17/100 tox|[from] psn\n|upkeep\n|turn|43\n|\n|t:|1782437339\n|switch|p1a: Zero-One|Lokix, M, shiny, tera:Bug|67/100\n|move|p2a: Fezandipiti|Roost|p2a: Fezandipiti\n|-heal|p2a: Fezandipiti|100/100\n|-singleturn|p2a: Fezandipiti|move: Roost\n|\n|-weather|Snowscape|[upkeep]\n|upkeep\n|turn|44\n|\n|t:|1782437348\n|move|p1a: Zero-One|Knock Off|p2a: Fezandipiti\n|-resisted|p2a: Fezandipiti\n|-damage|p2a: Fezandipiti|37/100\n|-damage|p1a: Zero-One|51/100|[from] item: Rocky Helmet|[of] p2a: Fezandipiti\n|-enditem|p2a: Fezandipiti|Rocky Helmet|[from] move: Knock Off|[of] p1a: Zero-One\n|move|p2a: Fezandipiti|Beat Up|p1a: Zero-One\n|-damage|p1a: Zero-One|46/100\n|-status|p1a: Zero-One|tox|[from] ability: Toxic Chain|[of] p2a: Fezandipiti\n|-damage|p1a: Zero-One|40/100 tox\n|-damage|p1a: Zero-One|35/100 tox\n|-hitcount|p1a: Zero-One|3\n|\n|-weather|Snowscape|[upkeep]\n|-damage|p1a: Zero-One|29/100 tox|[from] psn\n|upkeep\n|turn|45\n|\n|t:|1782437360\n|move|p1a: Zero-One|Knock Off|p2a: Fezandipiti\n|-resisted|p2a: Fezandipiti\n|-damage|p2a: Fezandipiti|0 fnt\n|faint|p2a: Fezandipiti\n|\n|-weather|none\n|-damage|p1a: Zero-One|17/100 tox|[from] psn\n|upkeep\n|\n|t:|1782437364\n|switch|p2a: Great Tusk|Great Tusk, shiny|88/100\n|turn|46\n|\n|t:|1782437369\n|move|p2a: Great Tusk|Rapid Spin|p1a: Zero-One\n|-damage|p1a: Zero-One|0 fnt\n|-boost|p2a: Great Tusk|spe|1\n|faint|p1a: Zero-One\n|\n|-heal|p2a: Great Tusk|94/100|[from] item: Leftovers\n|upkeep\n|\n|t:|1782437371\n|switch|p1a: Mr. Freeze|Eiscue-Noice, M|17/100 tox\n|turn|47\n|\n|t:|1782437378\n|move|p2a: Great Tusk|Temper Flare|p1a: Mr. Freeze\n|-supereffective|p1a: Mr. Freeze\n|-damage|p1a: Mr. Freeze|0 fnt\n|faint|p1a: Mr. Freeze\n|\n|win|Realrap55\n|raw|MyGoodBuddyMason's rating: 1325 &rarr; <strong>1306</strong><br />(-19 for losing)\n|raw|Realrap55's rating: 1337 &rarr; <strong>1356</strong><br />(+19 for winning)\n|l|☆MyGoodBuddyMason\n|player|p1|\n|l|☆Realrap55\n|player|p2|\n", "uploadtime": 1782437722, "views": 8, "formatid": "gen9ou", "rating": 1306, "private": 0, "password": null}