{"id": "gen9ou-2640031339", "format": "[Gen 9] OU", "players": ["Auburn Hills", "Pinkacross"], "log": "|badge|p2|silver|gen9ou|30-9\n|html|<div class=\"broadcast-red\"><strong>This battle is required to be public due to one or more player having a season medal.</strong><br />During the public phase, you can discuss the state of the ladder <a href=\"/seasondiscussion\">in a special chatroom.</a></div>\n|uhtml|medal-msg|<div class=\"broadcast-blue\">Curious what those medals under the avatar are? PS now has Ladder Seasons! For more information, check out the <a href=\"https://www.smogon.com/forums/threads/3740067/\">thread on Smogon.</a></div>\n|raw|<div class=\"broadcast-blue\"><strong>This battle is required to be public due to a player having a name starting with 'medal'.</div>\n|j|☆Auburn Hills\n|j|☆Pinkacross\n|t:|1782566897\n|gametype|singles\n|player|p1|Auburn Hills|alder|1770\n|player|p2|Pinkacross|artist|1857\n|gen|9\n|tier|[Gen 9] OU\n|rated|\n|rule|HP Percentage Mod: HP is shown in percentages\n|rule|Endless Battle Clause: Forcing endless battles is banned\n|rule|Species Clause: Limit one of each Pokémon\n|rule|OHKO Clause: OHKO moves are banned\n|rule|Evasion Items Clause: Evasion items are banned\n|rule|Evasion Moves Clause: Evasion moves are banned\n|rule|Evasion Abilities Clause: Evasion abilities are banned\n|rule|Sleep Moves Clause: Sleep-inducing moves are banned\n|clearpoke\n|poke|p1|Iron Moth|\n|poke|p1|Umbreon, F|\n|poke|p1|Garchomp, M|\n|poke|p1|Glimmora, F|\n|poke|p1|Gholdengo|\n|poke|p1|Dragonite, M|\n|poke|p2|Rillaboom, M|\n|poke|p2|Dondozo, F|\n|poke|p2|Clodsire, F|\n|poke|p2|Blissey, F|\n|poke|p2|Gholdengo|\n|poke|p2|Cinderace, M|\n|teampreview\n|c|☆Pinkacross|hf\n|c|☆Auburn Hills|ugh, I hate this one\n|inactive|Battle timer is ON: inactive players will automatically lose when time's up. (requested by Pinkacross)\n|\n|t:|1782566919\n|teamsize|p1|6\n|teamsize|p2|6\n|start\n|switch|p1a: Rat Tally|Garchomp, M|100/100\n|switch|p2a: Rillaboom|Rillaboom, M|100/100\n|-fieldstart|move: Grassy Terrain|[from] ability: Grassy Surge|[of] p2a: Rillaboom\n|turn|1\n|\n|t:|1782566923\n|-terastallize|p1a: Rat Tally|Poison\n|move|p1a: Rat Tally|Poison Jab|p2a: Rillaboom\n|-supereffective|p2a: Rillaboom\n|-damage|p2a: Rillaboom|24/100\n|move|p2a: Rillaboom|Wood Hammer|p1a: Rat Tally\n|-resisted|p1a: Rat Tally\n|-damage|p1a: Rat Tally|54/100\n|-damage|p2a: Rillaboom|11/100|[from] ability: Rough Skin|[of] p1a: Rat Tally\n|-damage|p2a: Rillaboom|0 fnt|[from] Recoil\n|faint|p2a: Rillaboom\n|\n|-heal|p1a: Rat Tally|60/100|[from] Grassy Terrain\n|upkeep\n|j| Garden of Dreams\n|j| The Zard-X Fanboy\n|\n|t:|1782566937\n|switch|p2a: Cinderace|Cinderace, M|100/100\n|turn|2\n|\n|t:|1782566944\n|switch|p2a: Clodsire|Clodsire, F|100/100\n|move|p1a: Rat Tally|Scale Shot|p2a: Clodsire\n|-damage|p2a: Clodsire|86/100\n|-damage|p2a: Clodsire|71/100\n|-damage|p2a: Clodsire|57/100\n|-damage|p2a: Clodsire|41/100\n|-hitcount|p2a: Clodsire|4\n|-unboost|p1a: Rat Tally|def|1\n|-boost|p1a: Rat Tally|spe|1\n|\n|-heal|p1a: Rat Tally|66/100|[from] Grassy Terrain\n|-heal|p2a: Clodsire|47/100|[from] Grassy Terrain\n|-heal|p2a: Clodsire|54/100|[from] item: Leftovers\n|upkeep\n|turn|3\n|\n|t:|1782566950\n|switch|p2a: Dondozo|Dondozo, F|100/100\n|move|p1a: Rat Tally|Earthquake|p2a: Dondozo\n|-damage|p2a: Dondozo|86/100\n|\n|-heal|p1a: Rat Tally|72/100|[from] Grassy Terrain\n|-heal|p2a: Dondozo|92/100|[from] Grassy Terrain\n|-heal|p2a: Dondozo|98/100|[from] item: Leftovers\n|upkeep\n|turn|4\n|\n|t:|1782566954\n|switch|p1a: Smino|Gholdengo|100/100\n|move|p2a: Dondozo|Curse|p2a: Dondozo\n|-unboost|p2a: Dondozo|spe|1\n|-boost|p2a: Dondozo|atk|1\n|-boost|p2a: Dondozo|def|1\n|\n|-heal|p2a: Dondozo|100/100|[from] Grassy Terrain\n|upkeep\n|turn|5\n|\n|t:|1782566957\n|move|p1a: Smino|Trick|p2a: Dondozo\n|-activate|p1a: Smino|move: Trick|[of] p2a: Dondozo\n|-item|p2a: Dondozo|Choice Scarf|[from] move: Trick\n|-item|p1a: Smino|Leftovers|[from] move: Trick\n|move|p2a: Dondozo|Crunch|p1a: Smino\n|-supereffective|p1a: Smino\n|-damage|p1a: Smino|40/100\n|\n|-heal|p1a: Smino|46/100|[from] Grassy Terrain\n|-heal|p1a: Smino|52/100|[from] item: Leftovers\n|upkeep\n|turn|6\n|\n|t:|1782566961\n|switch|p1a: Alvvays|Umbreon, F|100/100\n|switch|p2a: Cinderace|Cinderace, M|100/100\n|\n|upkeep\n|turn|7\n|\n|t:|1782566967\n|move|p1a: Alvvays|Protect|p1a: Alvvays\n|-singleturn|p1a: Alvvays|Protect\n|move|p2a: Cinderace|U-turn|p1a: Alvvays\n|-start|p2a: Cinderace|typechange|Bug|[from] ability: Libero\n|-activate|p1a: Alvvays|move: Protect\n|\n|upkeep\n|turn|8\n|\n|t:|1782566972\n|switch|p1a: Smino|Gholdengo|52/100\n|move|p2a: Cinderace|U-turn|p1a: Smino\n|-resisted|p1a: Smino\n|-damage|p1a: Smino|44/100\n|\n|t:|1782566981\n|switch|p2a: Blissey|Blissey, F|100/100|[from] U-turn\n|\n|-heal|p1a: Smino|50/100|[from] Grassy Terrain\n|-heal|p1a: Smino|56/100|[from] item: Leftovers\n|-fieldend|move: Grassy Terrain\n|upkeep\n|turn|9\n|\n|t:|1782566985\n|switch|p1a: Glimmora|Glimmora, F|100/100\n|move|p2a: Blissey|Ice Beam|p1a: Glimmora\n|-damage|p1a: Glimmora|80/100\n|\n|upkeep\n|turn|10\n|\n|t:|1782566989\n|move|p1a: Glimmora|Earth Power|p2a: Blissey\n|-damage|p2a: Blissey|87/100\n|move|p2a: Blissey|Ice Beam|p1a: Glimmora\n|-damage|p1a: Glimmora|60/100\n|\n|-heal|p2a: Blissey|94/100|[from] item: Leftovers\n|upkeep\n|turn|11\n|\n|t:|1782566994\n|move|p1a: Glimmora|Mortal Spin|p2a: Blissey\n|-damage|p2a: Blissey|88/100\n|-status|p2a: Blissey|psn\n|move|p2a: Blissey|Ice Beam|p1a: Glimmora\n|-damage|p1a: Glimmora|38/100\n|\n|-heal|p2a: Blissey|94/100 psn|[from] item: Leftovers\n|-damage|p2a: Blissey|82/100 psn|[from] psn\n|upkeep\n|turn|12\n|\n|t:|1782566997\n|switch|p1a: Alvvays|Umbreon, F|100/100\n|move|p2a: Blissey|Ice Beam|p1a: Alvvays\n|-damage|p1a: Alvvays|92/100\n|\n|-heal|p2a: Blissey|88/100 psn|[from] item: Leftovers\n|-heal|p1a: Alvvays|98/100|[from] item: Leftovers\n|-damage|p2a: Blissey|76/100 psn|[from] psn\n|upkeep\n|turn|13\n|\n|t:|1782567007\n|move|p2a: Blissey|Ice Beam|p1a: Alvvays\n|-crit|p1a: Alvvays\n|-damage|p1a: Alvvays|85/100\n|move|p1a: Alvvays|Wish|p1a: Alvvays\n|\n|-heal|p2a: Blissey|82/100 psn|[from] item: Leftovers\n|-heal|p1a: Alvvays|91/100|[from] item: Leftovers\n|-damage|p2a: Blissey|69/100 psn|[from] psn\n|upkeep\n|turn|14\n|\n|t:|1782567010\n|switch|p1a: Glimmora|Glimmora, F|38/100\n|move|p2a: Blissey|Ice Beam|p1a: Glimmora\n|-damage|p1a: Glimmora|17/100\n|\n|-heal|p1a: Glimmora|80/100|[from] move: Wish|[wisher] Alvvays\n|-heal|p2a: Blissey|76/100 psn|[from] item: Leftovers\n|-damage|p2a: Blissey|63/100 psn|[from] psn\n|upkeep\n|turn|15\n|\n|t:|1782567012\n|move|p1a: Glimmora|Stealth Rock|p2a: Blissey\n|-sidestart|p2: Pinkacross|move: Stealth Rock\n|move|p2a: Blissey|Ice Beam|p1a: Glimmora\n|-damage|p1a: Glimmora|58/100\n|\n|-heal|p2a: Blissey|69/100 psn|[from] item: Leftovers\n|-damage|p2a: Blissey|57/100 psn|[from] psn\n|upkeep\n|turn|16\n|\n|t:|1782567014\n|switch|p1a: Alvvays|Umbreon, F|91/100\n|move|p2a: Blissey|Ice Beam|p1a: Alvvays\n|-damage|p1a: Alvvays|83/100\n|\n|-heal|p2a: Blissey|63/100 psn|[from] item: Leftovers\n|-heal|p1a: Alvvays|89/100|[from] item: Leftovers\n|-damage|p2a: Blissey|51/100 psn|[from] psn\n|upkeep\n|turn|17\n|\n|t:|1782567016\n|move|p2a: Blissey|Ice Beam|p1a: Alvvays\n|-damage|p1a: Alvvays|80/100\n|move|p1a: Alvvays|Thunder Wave||[still]\n|-fail|p1a: Alvvays\n|\n|-heal|p2a: Blissey|57/100 psn|[from] item: Leftovers\n|-heal|p1a: Alvvays|86/100|[from] item: Leftovers\n|-damage|p2a: Blissey|45/100 psn|[from] psn\n|upkeep\n|turn|18\n|\n|t:|1782567019\n|switch|p1a: Elucid|Dragonite, M|100/100\n|move|p2a: Blissey|Ice Beam|p1a: Elucid\n|-supereffective|p1a: Elucid\n|-damage|p1a: Elucid|64/100\n|\n|-heal|p2a: Blissey|51/100 psn|[from] item: Leftovers\n|-damage|p2a: Blissey|38/100 psn|[from] psn\n|upkeep\n|turn|19\n|\n|t:|1782567023\n|move|p1a: Elucid|Earthquake|p2a: Blissey\n|-damage|p2a: Blissey|0 fnt\n|faint|p2a: Blissey\n|\n|upkeep\n|c|☆Pinkacross|its ok blissey\n|c|☆Pinkacross|serene grace is just a suggestion\n|\n|t:|1782567033\n|switch|p2a: Cinderace|Cinderace, M|100/100\n|turn|20\n|\n|t:|1782567035\n|move|p2a: Cinderace|Will-O-Wisp|p1a: Elucid\n|-status|p1a: Elucid|brn\n|move|p1a: Elucid|Earthquake|p2a: Cinderace\n|-supereffective|p2a: Cinderace\n|-damage|p2a: Cinderace|41/100\n|\n|-damage|p1a: Elucid|58/100 brn|[from] brn\n|upkeep\n|turn|21\n|c|☆Auburn Hills|serene grace blissey is wild\n|\n|t:|1782567051\n|move|p2a: Cinderace|Court Change|p2a: Cinderace\n|-start|p2a: Cinderace|typechange|Normal|[from] ability: Libero\n|-swapsideconditions\n|-activate|p2a: Cinderace|move: Court Change\n|move|p1a: Elucid|Earthquake|p2a: Cinderace\n|-damage|p2a: Cinderace|11/100\n|\n|-damage|p1a: Elucid|52/100 brn|[from] brn\n|upkeep\n|turn|22\n|\n|t:|1782567057\n|switch|p2a: Gholdengo|Gholdengo|100/100\n|move|p1a: Elucid|Extreme Speed|p2a: Gholdengo\n|-immune|p2a: Gholdengo\n|\n|-damage|p1a: Elucid|45/100 brn|[from] brn\n|upkeep\n|turn|23\n|\n|t:|1782567061\n|move|p1a: Elucid|Dragon Dance|p1a: Elucid\n|-boost|p1a: Elucid|atk|1\n|-boost|p1a: Elucid|spe|1\n|move|p2a: Gholdengo|Nasty Plot|p2a: Gholdengo\n|-boost|p2a: Gholdengo|spa|2\n|\n|-damage|p1a: Elucid|39/100 brn|[from] brn\n|upkeep\n|turn|24\n|\n|t:|1782567063\n|move|p1a: Elucid|Earthquake|p2a: Gholdengo\n|-supereffective|p2a: Gholdengo\n|-damage|p2a: Gholdengo|47/100\n|move|p2a: Gholdengo|Shadow Ball|p1a: Elucid\n|-damage|p1a: Elucid|0 fnt\n|faint|p1a: Elucid\n|\n|upkeep\n|\n|t:|1782567066\n|switch|p1a: Glimmora|Glimmora, F|58/100\n|-damage|p1a: Glimmora|46/100|[from] Stealth Rock\n|turn|25\n|c|☆Auburn Hills|you'll probably tera here\n|c|☆Auburn Hills|into some weird ass tera\n|inactive|Pinkacross has 120 seconds left.\n|\n|t:|1782567098\n|switch|p2a: Dondozo|Dondozo, F|100/100\n|move|p1a: Glimmora|Earth Power|p2a: Dondozo\n|-damage|p2a: Dondozo|81/100\n|-unboost|p2a: Dondozo|spd|1\n|\n|upkeep\n|turn|26\n|\n|t:|1782567102\n|move|p1a: Glimmora|Sludge Wave|p2a: Dondozo\n|-damage|p2a: Dondozo|34/100\n|move|p2a: Dondozo|Avalanche|p1a: Glimmora\n|-damage|p1a: Glimmora|11/100\n|-activate|p1a: Glimmora|ability: Toxic Debris\n|-sidestart|p2: Pinkacross|move: Toxic Spikes\n|\n|upkeep\n|turn|27\n|\n|t:|1782567109\n|move|p1a: Glimmora|Earth Power|p2a: Dondozo\n|-damage|p2a: Dondozo|5/100\n|move|p2a: Dondozo|Avalanche|p1a: Glimmora\n|-damage|p1a: Glimmora|0 fnt\n|-activate|p1a: Glimmora|ability: Toxic Debris\n|-sidestart|p2: Pinkacross|move: Toxic Spikes\n|faint|p1a: Glimmora\n|\n|upkeep\n|\n|t:|1782567114\n|switch|p1a: Rat Tally|Garchomp, M, tera:Poison|72/100\n|-damage|p1a: Rat Tally|60/100|[from] Stealth Rock\n|turn|28\n|\n|t:|1782567122\n|move|p1a: Rat Tally|Scale Shot|p2a: Dondozo\n|-damage|p2a: Dondozo|0 fnt\n|faint|p2a: Dondozo\n|-hitcount|p2: Dondozo|1\n|-unboost|p1a: Rat Tally|def|1\n|-boost|p1a: Rat Tally|spe|1\n|\n|upkeep\n|inactive|Pinkacross has 120 seconds left.\n|\n|t:|1782567152\n|switch|p2a: Gholdengo|Gholdengo|47/100\n|turn|29\n|c|☆Auburn Hills|is your standard of a team being good or not whether it can beat me?\n|c|☆Auburn Hills|Like if you lose you gotta switch something up\n|\n|t:|1782567174\n|-terastallize|p2a: Gholdengo|Fairy\n|move|p1a: Rat Tally|Poison Jab|p2a: Gholdengo\n|-supereffective|p2a: Gholdengo\n|-damage|p2a: Gholdengo|0 fnt\n|faint|p2a: Gholdengo\n|\n|upkeep\n|c|☆Pinkacross|no, not at all\n|\n|t:|1782567179\n|switch|p2a: Clodsire|Clodsire, F|54/100\n|-sideend|p2: Pinkacross|move: Toxic Spikes|[of] p2a: Clodsire\n|turn|30\n|\n|t:|1782567181\n|switch|p2a: Cinderace|Cinderace, M|11/100\n|move|p1a: Rat Tally|Earthquake|p2a: Cinderace\n|-supereffective|p2a: Cinderace\n|-damage|p2a: Cinderace|0 fnt\n|faint|p2a: Cinderace\n|\n|upkeep\n|c|☆Pinkacross|I mean, if I lose to this team thats definitely an issue\n|c|☆Pinkacross|but beating it isnt a conclusion of being good\n|c|☆Auburn Hills|Not your best this one, but I respect the weirdness\n|inactive|Pinkacross has 120 seconds left.\n|c|☆Pinkacross|this isnt supposed to be good\n|c|☆Pinkacross|just getting background footage of CM bliss\n|\n|t:|1782567230\n|switch|p2a: Clodsire|Clodsire, F|54/100\n|turn|31\n|c|☆Pinkacross|team just needs to be good enough for some wins\n|c|☆Auburn Hills|do I get in the video for winning if its supposed to be bad?\n|c|☆Pinkacross|so far got 2, need 1 more\n|\n|t:|1782567242\n|move|p1a: Rat Tally|Earthquake|p2a: Clodsire\n|-supereffective|p2a: Clodsire\n|-damage|p2a: Clodsire|0 fnt\n|faint|p2a: Clodsire\n|\n|win|Auburn Hills\n|raw|Auburn Hills's rating: 1770 &rarr; <strong>1796</strong><br />(+26 for winning)\n|raw|Pinkacross's rating: 1879 &rarr; <strong>1853</strong><br />(-26 for losing)\n|c|☆Pinkacross|nope\n|c|☆Pinkacross|only Ws in background footage\n|c|☆Auburn Hills|RIP\n|l| Garden of Dreams\n|c|☆Pinkacross|its not supposed to be bad\n|c|☆Pinkacross|just isnt carefully built to be good\n|c|☆Auburn Hills|well good luck\n|c|☆Pinkacross|gg wp\n|c|☆Auburn Hills|I'll watch the vid during lunch\n|c|☆Pinkacross|nice :D\n|c|☆Pinkacross|twas a nice pjab\n|c|☆Auburn Hills|The other one was good\n|c|☆Pinkacross|which one?\n|c|☆Pinkacross|oh the screens webs\n|c|☆Auburn Hills|I left a comment on it, the narrative one\n|c|☆Pinkacross|yea a similar version of that did well on ladder today\n|c|☆Pinkacross|ooh the bee video\n|c|☆Pinkacross|thx! :D\n|c|☆Auburn Hills|I think you'd be good at more of that\n|c|☆Auburn Hills|I'm a writer so that's the stuff I fuck with\n|c|☆Pinkacross|noted!\n|c|☆Pinkacross|the issue is just that\n|c|☆Pinkacross|building teams like that takes a DAMN long time\n|c|☆Pinkacross|not the kind of vid I can put out often\n|c|☆Auburn Hills|Hey maybe there's other stories out there you can add value to in describing\n|c|☆Auburn Hills|Work with some other people too, could ease the load\n|c|☆Pinkacross|ye maybe I should\n|c|☆Auburn Hills|No shortage of great teams making big changes and achieving great stuff\n|c|☆Auburn Hills|Its all stories really\n|c|☆Pinkacross|ye, I dont really like talking about teams of ppl I dont know\n|c|☆Pinkacross|and whos processes I dont know\n|c|☆Auburn Hills|I think to work you'd have to sit down with them, learn about other processes\n|c|☆Auburn Hills|Like turndownforwalt has gotten great at that\n|c|☆Auburn Hills|It's a whole new dimension of content tho\n|c|☆Auburn Hills|Just something to consider\n|j| Wanawa8724\n|c|☆Pinkacross|im definitely not interested in featuring teams of others\n|c|☆Pinkacross|but I appreciate the suggestion\n|c|☆Auburn Hills|you do you\n|c|☆Auburn Hills|gg tho, good luck\n|c|☆Pinkacross|every good team that is built\n|c|☆Pinkacross|a small part of me is irritated that I didnt think of it first\n|c|☆Pinkacross|featuring others and explaining what they did just\n|c|☆Pinkacross|doesnt feel good\n|c|☆Auburn Hills|you could find out how they thought of it tho, there's value in that. But you would have to get out of your comfort zone.\n|l| The Zard-X Fanboy\n|l|☆Auburn Hills\n|player|p1|\n|c|☆Pinkacross|thats fair for sure\n", "uploadtime": 1782567439, "views": 2, "formatid": "gen9ou", "rating": 1796, "private": 0, "password": null}