{"id": "gen9ou-2639295855", "format": "[Gen 9] OU", "players": ["naexnae", "Venison02"], "log": "|j|☆naexnae\n|j|☆Venison02\n|t:|1782447830\n|gametype|singles\n|player|p1|naexnae|hilda|1067\n|player|p2|Venison02|2|1078\n|gen|9\n|tier|[Gen 9] OU\n|rated|\n|rule|HP Percentage Mod: HP is shown in percentages\n|rule|Endless Battle Clause: Forcing endless battles is banned\n|rule|Species Clause: Limit one of each Pokémon\n|rule|OHKO Clause: OHKO moves are banned\n|rule|Evasion Items Clause: Evasion items are banned\n|rule|Evasion Moves Clause: Evasion moves are banned\n|rule|Evasion Abilities Clause: Evasion abilities are banned\n|rule|Sleep Moves Clause: Sleep-inducing moves are banned\n|clearpoke\n|poke|p1|Salazzle, F|\n|poke|p1|Electrode-Hisui|\n|poke|p1|Sableye, F|\n|poke|p1|Slowbro, M|\n|poke|p1|Primarina, F|\n|poke|p1|Great Tusk|\n|poke|p2|Serperior, F|\n|poke|p2|Glaceon, F|\n|poke|p2|Gholdengo|\n|poke|p2|Cinderace, M|\n|poke|p2|Gyarados, F|\n|poke|p2|Slowking-Galar, M|\n|teampreview\n|\n|t:|1782447836\n|teamsize|p1|6\n|teamsize|p2|6\n|start\n|switch|p1a: pink guy|Salazzle, F|100/100\n|switch|p2a: mARTY|Slowking-Galar, M|100/100\n|turn|1\n|\n|t:|1782447849\n|move|p1a: pink guy|Toxic Spikes|p2a: mARTY\n|-sidestart|p2: Venison02|move: Toxic Spikes\n|move|p2a: mARTY|Toxic Spikes|p1a: pink guy\n|-sidestart|p1: naexnae|move: Toxic Spikes\n|\n|upkeep\n|turn|2\n|\n|t:|1782447854\n|move|p1a: pink guy|Flamethrower|p2a: mARTY\n|-damage|p2a: mARTY|64/100\n|move|p2a: mARTY|Psyshock|p1a: pink guy\n|-supereffective|p1a: pink guy\n|-crit|p1a: pink guy\n|-damage|p1a: pink guy|0 fnt\n|faint|p1a: pink guy\n|\n|upkeep\n|\n|t:|1782447866\n|switch|p1a: wemmbu|Sableye, F|100/100\n|turn|3\n|\n|t:|1782447872\n|move|p1a: wemmbu|Poltergeist||[still]\n|-fail|p1a: wemmbu\n|-prepare|p2a: mARTY|Chilly Reception|[premajor]\n|move|p2a: mARTY|Chilly Reception|p2a: mARTY\n|-weather|Snowscape\n|\n|t:|1782447877\n|switch|p2a: Galaxy Destroyer|Glaceon, F|100/100|[from] Chilly Reception\n|-status|p2a: Galaxy Destroyer|psn\n|\n|-weather|Snowscape|[upkeep]\n|-damage|p2a: Galaxy Destroyer|88/100 psn|[from] psn\n|upkeep\n|turn|4\n|\n|t:|1782447885\n|move|p1a: wemmbu|Protect|p1a: wemmbu\n|-singleturn|p1a: wemmbu|Protect\n|move|p2a: Galaxy Destroyer|Ice Beam|p1a: wemmbu\n|-activate|p1a: wemmbu|move: Protect\n|\n|-weather|Snowscape|[upkeep]\n|-heal|p2a: Galaxy Destroyer|94/100 psn|[from] ability: Ice Body\n|-damage|p2a: Galaxy Destroyer|82/100 psn|[from] psn\n|upkeep\n|turn|5\n|\n|t:|1782447913\n|switch|p1a: afton|Great Tusk|100/100\n|move|p2a: Galaxy Destroyer|Ice Beam|p1a: afton\n|-supereffective|p1a: afton\n|-damage|p1a: afton|0 fnt\n|faint|p1a: afton\n|-end|p1a: afton|Protosynthesis|[silent]\n|\n|-weather|Snowscape|[upkeep]\n|-heal|p2a: Galaxy Destroyer|88/100 psn|[from] ability: Ice Body\n|-damage|p2a: Galaxy Destroyer|76/100 psn|[from] psn\n|upkeep\n|\n|t:|1782447924\n|switch|p1a: wemmbu|Sableye, F|100/100\n|turn|6\n|\n|t:|1782447932\n|move|p2a: Galaxy Destroyer|Ice Beam|p1a: wemmbu\n|-damage|p1a: wemmbu|5/100\n|-status|p1a: wemmbu|frz\n|-curestatus|p1a: wemmbu|frz|[msg]\n|move|p1a: wemmbu|Knock Off|p2a: Galaxy Destroyer\n|-damage|p2a: Galaxy Destroyer|59/100 psn\n|-enditem|p2a: Galaxy Destroyer|Never-Melt Ice|[from] move: Knock Off|[of] p1a: wemmbu\n|\n|-weather|Snowscape|[upkeep]\n|-heal|p2a: Galaxy Destroyer|65/100 psn|[from] ability: Ice Body\n|-damage|p2a: Galaxy Destroyer|52/100 psn|[from] psn\n|upkeep\n|turn|7\n|\n|t:|1782447947\n|switch|p1a: walibear|Slowbro, M|100/100\n|-status|p1a: walibear|psn\n|move|p2a: Galaxy Destroyer|Freeze-Dry|p1a: walibear\n|-supereffective|p1a: walibear\n|-damage|p1a: walibear|26/100 psn\n|\n|-weather|none\n|-damage|p2a: Galaxy Destroyer|40/100 psn|[from] psn\n|-damage|p1a: walibear|14/100 psn|[from] psn\n|upkeep\n|turn|8\n|\n|t:|1782447960\n|move|p2a: Galaxy Destroyer|Freeze-Dry|p1a: walibear\n|-supereffective|p1a: walibear\n|-damage|p1a: walibear|0 fnt\n|faint|p1a: walibear\n|\n|-damage|p2a: Galaxy Destroyer|28/100 psn|[from] psn\n|upkeep\n|\n|t:|1782447966\n|switch|p1a: buzz ball|Electrode-Hisui|100/100\n|-status|p1a: buzz ball|psn\n|turn|9\n|c|☆Venison02|lmao funny name dude\n|\n|t:|1782447978\n|move|p1a: buzz ball|Thunderbolt|p2a: Galaxy Destroyer\n|-damage|p2a: Galaxy Destroyer|0 fnt\n|faint|p2a: Galaxy Destroyer\n|\n|-damage|p1a: buzz ball|88/100 psn|[from] psn\n|upkeep\n|\n|t:|1782447988\n|switch|p2a: mARTY|Slowking-Galar, M|97/100\n|-sideend|p2: Venison02|move: Toxic Spikes|[of] p2a: mARTY\n|turn|10\n|\n|t:|1782447997\n|switch|p1a: wemmbu|Sableye, F|5/100\n|move|p2a: mARTY|Sludge Bomb|p1a: wemmbu\n|-resisted|p1a: wemmbu\n|-damage|p1a: wemmbu|0 fnt\n|faint|p1a: wemmbu\n|\n|upkeep\n|\n|t:|1782448003\n|switch|p1a: elsa|Primarina, F|100/100\n|-status|p1a: elsa|psn\n|turn|11\n|\n|t:|1782448008\n|move|p1a: elsa|Surf|p2a: mARTY\n|-damage|p2a: mARTY|61/100\n|move|p2a: mARTY|Sludge Bomb|p1a: elsa\n|-supereffective|p1a: elsa\n|-damage|p1a: elsa|21/100 psn\n|\n|-heal|p1a: elsa|27/100 psn|[from] item: Leftovers\n|-damage|p1a: elsa|14/100 psn|[from] psn\n|upkeep\n|turn|12\n|\n|t:|1782448020\n|move|p1a: elsa|Surf|p2a: mARTY\n|-damage|p2a: mARTY|13/100\n|move|p2a: mARTY|Psyshock|p1a: elsa\n|-damage|p1a: elsa|0 fnt\n|faint|p1a: elsa\n|\n|upkeep\n|\n|t:|1782448027\n|switch|p1a: buzz ball|Electrode-Hisui|88/100 psn\n|turn|13\n|\n|t:|1782448030\n|move|p1a: buzz ball|Leech Seed|p2a: mARTY\n|-start|p2a: mARTY|move: Leech Seed\n|move|p2a: mARTY|Sludge Bomb|p1a: buzz ball\n|-supereffective|p1a: buzz ball\n|-damage|p1a: buzz ball|0 fnt\n|faint|p1a: buzz ball\n|\n|win|Venison02\n|raw|naexnae's rating: 1067 &rarr; <strong>1048</strong><br />(-19 for losing)\n|raw|Venison02's rating: 1078 &rarr; <strong>1105</strong><br />(+27 for winning)\n|c|☆Venison02|gg\n|l|☆naexnae\n|player|p1|\n|l|☆Venison02\n|player|p2|\n", "uploadtime": 1782448298, "views": 11, "formatid": "gen9ou", "rating": 1048, "private": 0, "password": null}