{"id": "gen9ou-2639253072", "format": "[Gen 9] OU", "players": ["nathanie", "evil inter"], "log": "|j|‽nathanie\n|j|☆evil inter\n|t:|1782440860\n|gametype|singles\n|player|p1|nathanie|170|1381\n|player|p2|evil inter|leaf-masters2|1347\n|gen|9\n|tier|[Gen 9] OU\n|rated|\n|rule|HP Percentage Mod: HP is shown in percentages\n|rule|Endless Battle Clause: Forcing endless battles is banned\n|rule|Species Clause: Limit one of each Pokémon\n|rule|OHKO Clause: OHKO moves are banned\n|rule|Evasion Items Clause: Evasion items are banned\n|rule|Evasion Moves Clause: Evasion moves are banned\n|rule|Evasion Abilities Clause: Evasion abilities are banned\n|rule|Sleep Moves Clause: Sleep-inducing moves are banned\n|clearpoke\n|poke|p1|Sableye, F|\n|poke|p1|Kyurem|\n|poke|p1|Zamazenta-*|\n|poke|p1|Iron Treads|\n|poke|p1|Iron Moth|\n|poke|p1|Dragonite, M|\n|poke|p2|Jirachi|\n|poke|p2|Samurott-Hisui, M|\n|poke|p2|Regieleki|\n|poke|p2|Latias, F|\n|poke|p2|Gliscor, M|\n|poke|p2|Dragonite, M|\n|teampreview\n|inactive|Battle timer is ON: inactive players will automatically lose when time's up. (requested by evil inter)\n|inactive|evil inter has 120 seconds left.\n|\n|t:|1782440896\n|teamsize|p1|6\n|teamsize|p2|6\n|start\n|switch|p1a: Iron Treads|Iron Treads|100/100\n|switch|p2a: Samurott|Samurott-Hisui, M, shiny|100/100\n|turn|1\n|\n|t:|1782440912\n|move|p1a: Iron Treads|Stealth Rock|p2a: Samurott\n|-sidestart|p2: evil inter|move: Stealth Rock\n|move|p2a: Samurott|Flip Turn|p1a: Iron Treads\n|-supereffective|p1a: Iron Treads\n|-damage|p1a: Iron Treads|51/100\n|\n|t:|1782440918\n|switch|p2a: Latias|Latias, F, shiny|100/100|[from] Flip Turn\n|-damage|p2a: Latias|88/100|[from] Stealth Rock\n|\n|-heal|p1a: Iron Treads|58/100|[from] item: Leftovers\n|upkeep\n|turn|2\n|\n|t:|1782440932\n|move|p1a: Iron Treads|Ice Spinner|p2a: Latias\n|-supereffective|p2a: Latias\n|-damage|p2a: Latias|50/100\n|-enditem|p2a: Latias|Weakness Policy\n|-boost|p2a: Latias|atk|2|[from] item: Weakness Policy\n|-boost|p2a: Latias|spa|2|[from] item: Weakness Policy\n|move|p2a: Latias|Calm Mind|p2a: Latias\n|-boost|p2a: Latias|spa|1\n|-boost|p2a: Latias|spd|1\n|\n|-heal|p1a: Iron Treads|64/100|[from] item: Leftovers\n|upkeep\n|turn|3\n|\n|t:|1782440940\n|move|p1a: Iron Treads|Ice Spinner|p2a: Latias\n|-supereffective|p2a: Latias\n|-damage|p2a: Latias|7/100\n|move|p2a: Latias|Recover|p2a: Latias\n|-heal|p2a: Latias|57/100\n|\n|-heal|p1a: Iron Treads|70/100|[from] item: Leftovers\n|upkeep\n|turn|4\n|\n|t:|1782440948\n|move|p1a: Iron Treads|Ice Spinner|p2a: Latias\n|-supereffective|p2a: Latias\n|-damage|p2a: Latias|16/100\n|move|p2a: Latias|Recover|p2a: Latias\n|-heal|p2a: Latias|66/100\n|\n|-heal|p1a: Iron Treads|76/100|[from] item: Leftovers\n|upkeep\n|turn|5\n|\n|t:|1782440952\n|-terastallize|p2a: Latias|Fairy\n|move|p1a: Iron Treads|Ice Spinner|p2a: Latias\n|-damage|p2a: Latias|46/100\n|move|p2a: Latias|Stored Power|p1a: Iron Treads\n|-resisted|p1a: Iron Treads\n|-damage|p1a: Iron Treads|0 fnt\n|faint|p1a: Iron Treads\n|-end|p1a: Iron Treads|Quark Drive|[silent]\n|\n|upkeep\n|\n|t:|1782440962\n|switch|p1a: Sableye|Sableye, F|100/100\n|turn|6\n|\n|t:|1782440964\n|move|p1a: Sableye|Encore|p2a: Latias\n|-start|p2a: Latias|Encore\n|move|p2a: Latias|Stored Power|p1a: Sableye\n|-immune|p1a: Sableye\n|\n|upkeep\n|turn|7\n|\n|t:|1782440970\n|move|p1a: Sableye|Thunder Wave|p2a: Latias\n|-status|p2a: Latias|par\n|move|p2a: Latias|Stored Power|p1a: Sableye\n|-immune|p1a: Sableye\n|\n|upkeep\n|turn|8\n|\n|t:|1782440975\n|move|p1a: Sableye|Knock Off|p2a: Latias\n|-resisted|p2a: Latias\n|-damage|p2a: Latias|39/100 par\n|move|p2a: Latias|Stored Power|p1a: Sableye\n|-immune|p1a: Sableye\n|\n|-end|p2a: Latias|Encore\n|upkeep\n|turn|9\n|\n|t:|1782440980\n|switch|p2a: Samurott|Samurott-Hisui, M, shiny|100/100\n|-damage|p2a: Samurott|88/100|[from] Stealth Rock\n|move|p1a: Sableye|Encore|p2a: Samurott\n|-hint|Since gen 7, Dark is immune to Prankster moves.\n|-immune|p2a: Samurott\n|\n|upkeep\n|turn|10\n|\n|t:|1782440995\n|switch|p1a: Zamazenta|Zamazenta|100/100\n|-ability|p1a: Zamazenta|Dauntless Shield|boost\n|-boost|p1a: Zamazenta|def|1\n|move|p2a: Samurott|Ceaseless Edge|p1a: Zamazenta\n|-resisted|p1a: Zamazenta\n|-damage|p1a: Zamazenta|88/100\n|-sidestart|p1: nathanie|Spikes\n|\n|upkeep\n|turn|11\n|\n|t:|1782441001\n|move|p1a: Zamazenta|Close Combat|p2a: Samurott\n|-supereffective|p2a: Samurott\n|-damage|p2a: Samurott|0 fnt\n|-unboost|p1a: Zamazenta|def|1\n|-unboost|p1a: Zamazenta|spd|1\n|faint|p2a: Samurott\n|\n|upkeep\n|\n|t:|1782441007\n|switch|p2a: nostra|Jirachi, shiny|100/100\n|-damage|p2a: nostra|94/100|[from] Stealth Rock\n|turn|12\n|\n|t:|1782441013\n|-terastallize|p1a: Zamazenta|Dark\n|move|p1a: Zamazenta|Crunch|p2a: nostra\n|-supereffective|p2a: nostra\n|-damage|p2a: nostra|11/100\n|-unboost|p2a: nostra|def|1\n|move|p2a: nostra|Steel Beam|p1a: Zamazenta\n|-damage|p1a: Zamazenta|3/100\n|-damage|p2a: nostra|0 fnt|[from] steelbeam\n|faint|p2a: nostra\n|\n|upkeep\n|\n|t:|1782441022\n|switch|p2a: Regieleki|Regieleki, shiny|100/100\n|-damage|p2a: Regieleki|88/100|[from] Stealth Rock\n|turn|13\n|\n|t:|1782441028\n|switch|p1a: Sableye|Sableye, F|100/100\n|-damage|p1a: Sableye|88/100|[from] Spikes\n|move|p2a: Regieleki|Supercell Slam|p1a: Sableye\n|-damage|p1a: Sableye|7/100\n|\n|-heal|p1a: Sableye|13/100|[from] item: Leftovers\n|upkeep\n|turn|14\n|\n|t:|1782441037\n|move|p1a: Sableye|Recover|p1a: Sableye\n|-heal|p1a: Sableye|63/100\n|move|p2a: Regieleki|Supercell Slam|p1a: Sableye\n|-damage|p1a: Sableye|0 fnt\n|faint|p1a: Sableye\n|\n|upkeep\n|\n|t:|1782441043\n|switch|p1a: Dragonite|Dragonite, M|100/100\n|turn|15\n|\n|t:|1782441048\n|move|p1a: Dragonite|Extreme Speed|p2a: Regieleki\n|-damage|p2a: Regieleki|0 fnt\n|faint|p2a: Regieleki\n|\n|upkeep\n|\n|t:|1782441053\n|switch|p2a: Dragonite|Dragonite, M, shiny|100/100\n|turn|16\n|\n|t:|1782441056\n|move|p1a: Dragonite|Extreme Speed|p2a: Dragonite\n|-damage|p2a: Dragonite|76/100\n|move|p2a: Dragonite|Dragon Dance|p2a: Dragonite\n|-boost|p2a: Dragonite|atk|1\n|-boost|p2a: Dragonite|spe|1\n|\n|upkeep\n|turn|17\n|\n|t:|1782441059\n|move|p1a: Dragonite|Extreme Speed|p2a: Dragonite\n|-damage|p2a: Dragonite|26/100\n|move|p2a: Dragonite|Ice Spinner|p1a: Dragonite\n|-supereffective|p1a: Dragonite\n|-damage|p1a: Dragonite|0 fnt\n|faint|p1a: Dragonite\n|\n|upkeep\n|\n|t:|1782441067\n|switch|p1a: Kyurem|Kyurem|100/100\n|-damage|p1a: Kyurem|88/100|[from] Spikes\n|-ability|p1a: Kyurem|Pressure\n|turn|18\n|\n|t:|1782441074\n|move|p2a: Dragonite|Earthquake|p1a: Kyurem\n|-crit|p1a: Kyurem\n|-damage|p1a: Kyurem|2/100\n|move|p1a: Kyurem|Freeze-Dry|p2a: Dragonite\n|-supereffective|p2a: Dragonite\n|-damage|p2a: Dragonite|0 fnt\n|faint|p2a: Dragonite\n|\n|upkeep\n|\n|t:|1782441078\n|switch|p2a: Gliscor|Gliscor, M, shiny|100/100\n|-damage|p2a: Gliscor|88/100|[from] Stealth Rock\n|turn|19\n|\n|t:|1782441083\n|move|p2a: Gliscor|Protect|p2a: Gliscor\n|-singleturn|p2a: Gliscor|Protect\n|move|p1a: Kyurem|Icicle Spear|p2a: Gliscor\n|-activate|p2a: Gliscor|move: Protect\n|\n|-status|p2a: Gliscor|tox|[from] item: Toxic Orb\n|upkeep\n|turn|20\n|\n|t:|1782441085\n|move|p1a: Kyurem|Icicle Spear|p2a: Gliscor\n|-supereffective|p2a: Gliscor\n|-damage|p2a: Gliscor|43/100 tox\n|-supereffective|p2a: Gliscor\n|-damage|p2a: Gliscor|0 fnt\n|faint|p2a: Gliscor\n|-hitcount|p2: Gliscor|2\n|\n|upkeep\n|-message|evil inter forfeited.\n|\n|win|nathanie\n|raw|nathanie's rating: 1381 &rarr; <strong>1399</strong><br />(+18 for winning)\n|raw|evil inter's rating: 1347 &rarr; <strong>1329</strong><br />(-18 for losing)\n|l|☆evil inter\n|player|p2|\n|l|‽nathanie\n|player|p1|\n", "uploadtime": 1782441395, "views": 8, "formatid": "gen9ou", "rating": 1329, "private": 0, "password": null}