{"id": "gen9ou-2647718219", "format": "[Gen 9] OU", "players": ["ImOuTtT", "go faster ffs"], "log": "|j|☆ImOuTtT\n|j|☆go faster ffs\n|t:|1783801097\n|gametype|singles\n|player|p1|ImOuTtT|170|1179\n|player|p2|go faster ffs|170|1177\n|gen|9\n|tier|[Gen 9] OU\n|rated|\n|rule|HP Percentage Mod: HP is shown in percentages\n|rule|Endless Battle Clause: Forcing endless battles is banned\n|rule|Species Clause: Limit one of each Pokémon\n|rule|OHKO Clause: OHKO moves are banned\n|rule|Evasion Items Clause: Evasion items are banned\n|rule|Evasion Moves Clause: Evasion moves are banned\n|rule|Evasion Abilities Clause: Evasion abilities are banned\n|rule|Sleep Moves Clause: Sleep-inducing moves are banned\n|clearpoke\n|poke|p1|Iron Boulder|\n|poke|p1|Dragonite, F|\n|poke|p1|Iron Moth|\n|poke|p1|Iron Treads|\n|poke|p1|Walking Wake|\n|poke|p1|Eelektross, F|\n|poke|p2|Blissey, F|\n|poke|p2|Scizor, M|\n|poke|p2|Trevenant, F|\n|poke|p2|Slowbro, F|\n|poke|p2|Darkrai|\n|poke|p2|Cyclizar, F|\n|teampreview\n|inactive|Battle timer is ON: inactive players will automatically lose when time's up. (requested by go faster ffs)\n|\n|t:|1783801108\n|teamsize|p1|6\n|teamsize|p2|6\n|start\n|switch|p1a: Walking Wake|Walking Wake|100/100\n|switch|p2a: Scizor|Scizor, M|100/100\n|-enditem|p1a: Walking Wake|Booster Energy\n|-activate|p1a: Walking Wake|ability: Protosynthesis|[fromitem]\n|-start|p1a: Walking Wake|protosynthesisspe\n|turn|1\n|\n|t:|1783801120\n|switch|p2a: Blissey|Blissey, F|100/100\n|move|p1a: Walking Wake|Flamethrower|p2a: Blissey\n|-damage|p2a: Blissey|92/100\n|\n|-heal|p2a: Blissey|98/100|[from] item: Leftovers\n|upkeep\n|turn|2\n|\n|t:|1783801132\n|-end|p1a: Walking Wake|Protosynthesis|[silent]\n|switch|p1a: Iron Boulder|Iron Boulder|100/100\n|-enditem|p1a: Iron Boulder|Booster Energy\n|-activate|p1a: Iron Boulder|ability: Quark Drive|[fromitem]\n|-start|p1a: Iron Boulder|quarkdrivespe\n|move|p2a: Blissey|Seismic Toss|p1a: Iron Boulder\n|-damage|p1a: Iron Boulder|69/100\n|\n|-heal|p2a: Blissey|100/100|[from] item: Leftovers\n|upkeep\n|turn|3\n|\n|t:|1783801148\n|switch|p2a: Slowbro|Slowbro, F|100/100\n|move|p1a: Iron Boulder|Mighty Cleave|p2a: Slowbro\n|-damage|p2a: Slowbro|73/100\n|-damage|p1a: Iron Boulder|53/100|[from] item: Rocky Helmet|[of] p2a: Slowbro\n|\n|upkeep\n|turn|4\n|\n|t:|1783801159\n|-end|p1a: Iron Boulder|Quark Drive|[silent]\n|switch|p1a: Eelektross|Eelektross, F|100/100\n|move|p2a: Slowbro|Scald|p1a: Eelektross\n|-damage|p1a: Eelektross|76/100\n|\n|upkeep\n|turn|5\n|\n|t:|1783801168\n|switch|p2a: Trevenant|Trevenant, F|100/100\n|move|p1a: Eelektross|Thunderbolt|p2a: Trevenant\n|-resisted|p2a: Trevenant\n|-damage|p2a: Trevenant|76/100\n|\n|upkeep\n|turn|6\n|\n|t:|1783801175\n|move|p1a: Eelektross|Flamethrower|p2a: Trevenant\n|-supereffective|p2a: Trevenant\n|-damage|p2a: Trevenant|17/100\n|-enditem|p2a: Trevenant|Sitrus Berry|[eat]\n|-heal|p2a: Trevenant|42/100|[from] item: Sitrus Berry\n|move|p2a: Trevenant|Will-O-Wisp|p1a: Eelektross\n|-status|p1a: Eelektross|brn\n|\n|-damage|p1a: Eelektross|70/100 brn|[from] brn\n|-item|p2a: Trevenant|Sitrus Berry|[from] ability: Harvest\n|upkeep\n|-enditem|p2a: Trevenant|Sitrus Berry|[eat]\n|-heal|p2a: Trevenant|67/100|[from] item: Sitrus Berry\n|turn|7\n|\n|t:|1783801189\n|switch|p2a: Blissey|Blissey, F|100/100\n|move|p1a: Eelektross|Flamethrower|p2a: Blissey\n|-damage|p2a: Blissey|93/100\n|\n|-heal|p2a: Blissey|99/100|[from] item: Leftovers\n|-damage|p1a: Eelektross|64/100 brn|[from] brn\n|upkeep\n|turn|8\n|\n|t:|1783801205\n|move|p2a: Blissey|Seismic Toss|p1a: Eelektross\n|-damage|p1a: Eelektross|32/100 brn\n|move|p1a: Eelektross|Giga Drain|p2a: Blissey\n|-damage|p2a: Blissey|92/100\n|-heal|p1a: Eelektross|40/100 brn|[from] drain|[of] p2a: Blissey\n|\n|-heal|p2a: Blissey|98/100|[from] item: Leftovers\n|-damage|p1a: Eelektross|34/100 brn|[from] brn\n|upkeep\n|turn|9\n|\n|t:|1783801216\n|switch|p1a: Iron Treads|Iron Treads|100/100\n|-enditem|p1a: Iron Treads|Booster Energy\n|-activate|p1a: Iron Treads|ability: Quark Drive|[fromitem]\n|-start|p1a: Iron Treads|quarkdriveatk\n|move|p2a: Blissey|Seismic Toss|p1a: Iron Treads\n|-damage|p1a: Iron Treads|69/100\n|\n|-heal|p2a: Blissey|100/100|[from] item: Leftovers\n|upkeep\n|turn|10\n|\n|t:|1783801226\n|switch|p2a: Slowbro|Slowbro, F|100/100\n|move|p1a: Iron Treads|Body Press|p2a: Slowbro\n|-resisted|p2a: Slowbro\n|-damage|p2a: Slowbro|92/100\n|-damage|p1a: Iron Treads|53/100|[from] item: Rocky Helmet|[of] p2a: Slowbro\n|\n|upkeep\n|turn|11\n|\n|t:|1783801234\n|move|p1a: Iron Treads|Wild Charge|p2a: Slowbro\n|-supereffective|p2a: Slowbro\n|-damage|p2a: Slowbro|47/100\n|-damage|p1a: Iron Treads|36/100|[from] item: Rocky Helmet|[of] p2a: Slowbro\n|-damage|p1a: Iron Treads|24/100|[from] Recoil\n|move|p2a: Slowbro|Psychic Noise|p1a: Iron Treads\n|-resisted|p1a: Iron Treads\n|-damage|p1a: Iron Treads|5/100\n|-start|p1a: Iron Treads|move: Heal Block\n|\n|upkeep\n|turn|12\n|\n|t:|1783801247\n|switch|p2a: Trevenant|Trevenant, F|67/100\n|move|p1a: Iron Treads|Earthquake|p2a: Trevenant\n|-resisted|p2a: Trevenant\n|-damage|p2a: Trevenant|44/100\n|\n|-end|p1a: Iron Treads|move: Heal Block\n|-item|p2a: Trevenant|Sitrus Berry|[from] ability: Harvest\n|upkeep\n|-enditem|p2a: Trevenant|Sitrus Berry|[eat]\n|-heal|p2a: Trevenant|69/100|[from] item: Sitrus Berry\n|turn|13\n|\n|t:|1783801261\n|move|p1a: Iron Treads|Ice Spinner|p2a: Trevenant\n|-supereffective|p2a: Trevenant\n|-damage|p2a: Trevenant|16/100\n|move|p2a: Trevenant|Drain Punch|p1a: Iron Treads\n|-supereffective|p1a: Iron Treads\n|-damage|p1a: Iron Treads|0 fnt\n|-heal|p2a: Trevenant|18/100|[from] drain|[of] p1a: Iron Treads\n|faint|p1a: Iron Treads\n|-end|p1a: Iron Treads|Quark Drive|[silent]\n|\n|upkeep\n|inactive|ImOuTtT has 120 seconds left.\n|\n|t:|1783801287\n|switch|p1a: Eelektross|Eelektross, F|34/100 brn\n|turn|14\n|\n|t:|1783801290\n|switch|p2a: Blissey|Blissey, F|100/100\n|move|p1a: Eelektross|Flamethrower|p2a: Blissey\n|-damage|p2a: Blissey|93/100\n|\n|-heal|p2a: Blissey|99/100|[from] item: Leftovers\n|-damage|p1a: Eelektross|27/100 brn|[from] brn\n|upkeep\n|turn|15\n|\n|t:|1783801300\n|switch|p1a: Dragonite|Dragonite, F|100/100\n|move|p2a: Blissey|Seismic Toss|p1a: Dragonite\n|-damage|p1a: Dragonite|70/100\n|\n|-heal|p2a: Blissey|100/100|[from] item: Leftovers\n|upkeep\n|turn|16\n|c|☆go faster ffs|gg\n|\n|t:|1783801310\n|switch|p2a: Slowbro|Slowbro, F|80/100\n|move|p1a: Dragonite|Earthquake|p2a: Slowbro\n|-damage|p2a: Slowbro|45/100\n|-damage|p1a: Dragonite|60/100|[from] item: Life Orb\n|\n|upkeep\n|turn|17\n|\n|t:|1783801321\n|-terastallize|p1a: Dragonite|Water\n|move|p1a: Dragonite|Earthquake|p2a: Slowbro\n|-damage|p2a: Slowbro|11/100\n|-damage|p1a: Dragonite|50/100|[from] item: Life Orb\n|move|p2a: Slowbro|Slack Off|p2a: Slowbro\n|-heal|p2a: Slowbro|61/100\n|\n|upkeep\n|turn|18\n|\n|t:|1783801329\n|move|p1a: Dragonite|Earthquake|p2a: Slowbro\n|-damage|p2a: Slowbro|26/100\n|-damage|p1a: Dragonite|40/100|[from] item: Life Orb\n|move|p2a: Slowbro|Psychic Noise|p1a: Dragonite\n|-crit|p1a: Dragonite\n|-damage|p1a: Dragonite|0 fnt\n|faint|p1a: Dragonite\n|\n|upkeep\n|\n|t:|1783801339\n|switch|p1a: Walking Wake|Walking Wake|100/100\n|turn|19\n|\n|t:|1783801343\n|switch|p2a: Blissey|Blissey, F|100/100\n|move|p1a: Walking Wake|Hydro Steam|p2a: Blissey\n|-damage|p2a: Blissey|90/100\n|\n|-heal|p2a: Blissey|96/100|[from] item: Leftovers\n|upkeep\n|turn|20\n|\n|t:|1783801354\n|move|p1a: Walking Wake|Dragon Pulse|p2a: Blissey\n|-damage|p2a: Blissey|84/100\n|move|p2a: Blissey|Seismic Toss|p1a: Walking Wake\n|-damage|p1a: Walking Wake|71/100\n|\n|-heal|p2a: Blissey|90/100|[from] item: Leftovers\n|upkeep\n|turn|21\n|\n|t:|1783801363\n|-end|p1a: Walking Wake|Protosynthesis|[silent]\n|switch|p1a: Iron Boulder|Iron Boulder|53/100\n|move|p2a: Blissey|Seismic Toss|p1a: Iron Boulder\n|-damage|p1a: Iron Boulder|22/100\n|\n|-heal|p2a: Blissey|96/100|[from] item: Leftovers\n|upkeep\n|turn|22\n|\n|t:|1783801373\n|switch|p2a: Slowbro|Slowbro, F|59/100\n|move|p1a: Iron Boulder|Earthquake|p2a: Slowbro\n|-damage|p2a: Slowbro|40/100\n|\n|upkeep\n|turn|23\n|\n|t:|1783801384\n|move|p1a: Iron Boulder|Iron Head|p2a: Slowbro\n|-resisted|p2a: Slowbro\n|-damage|p2a: Slowbro|32/100\n|-damage|p1a: Iron Boulder|5/100|[from] item: Rocky Helmet|[of] p2a: Slowbro\n|move|p2a: Slowbro|Slack Off|p2a: Slowbro\n|-heal|p2a: Slowbro|82/100\n|\n|upkeep\n|turn|24\n|\n|t:|1783801394\n|move|p1a: Iron Boulder|Earthquake|p2a: Slowbro\n|-crit|p2a: Slowbro\n|-damage|p2a: Slowbro|50/100\n|move|p2a: Slowbro|Calm Mind|p2a: Slowbro\n|-boost|p2a: Slowbro|spa|1\n|-boost|p2a: Slowbro|spd|1\n|\n|upkeep\n|turn|25\n|\n|t:|1783801401\n|move|p1a: Iron Boulder|Earthquake|p2a: Slowbro\n|-damage|p2a: Slowbro|29/100\n|move|p2a: Slowbro|Scald|p1a: Iron Boulder\n|-supereffective|p1a: Iron Boulder\n|-damage|p1a: Iron Boulder|0 fnt\n|faint|p1a: Iron Boulder\n|-end|p1a: Iron Boulder|Quark Drive|[silent]\n|\n|upkeep\n|\n|t:|1783801409\n|switch|p1a: Walking Wake|Walking Wake|71/100\n|turn|26\n|\n|t:|1783801421\n|switch|p2a: Blissey|Blissey, F|96/100\n|move|p1a: Walking Wake|Dragon Pulse|p2a: Blissey\n|-crit|p2a: Blissey\n|-damage|p2a: Blissey|78/100\n|\n|-heal|p2a: Blissey|84/100|[from] item: Leftovers\n|upkeep\n|turn|27\n|\n|t:|1783801429\n|-end|p1a: Walking Wake|Protosynthesis|[silent]\n|switch|p1a: Iron Moth|Iron Moth|100/100\n|-enditem|p1a: Iron Moth|Booster Energy\n|-activate|p1a: Iron Moth|ability: Quark Drive|[fromitem]\n|-start|p1a: Iron Moth|quarkdrivespe\n|move|p2a: Blissey|Seismic Toss|p1a: Iron Moth\n|-damage|p1a: Iron Moth|67/100\n|\n|-heal|p2a: Blissey|90/100|[from] item: Leftovers\n|upkeep\n|turn|28\n|\n|t:|1783801440\n|move|p1a: Iron Moth|Fiery Dance|p2a: Blissey\n|-damage|p2a: Blissey|78/100\n|move|p2a: Blissey|Seismic Toss|p1a: Iron Moth\n|-damage|p1a: Iron Moth|34/100\n|\n|-heal|p2a: Blissey|84/100|[from] item: Leftovers\n|upkeep\n|turn|29\n|c|☆go faster ffs|gg bro\n|\n|t:|1783801448\n|move|p1a: Iron Moth|Fiery Dance|p2a: Blissey\n|-damage|p2a: Blissey|72/100\n|-boost|p1a: Iron Moth|spa|1\n|move|p2a: Blissey|Seismic Toss|p1a: Iron Moth\n|-damage|p1a: Iron Moth|1/100\n|\n|-heal|p2a: Blissey|79/100|[from] item: Leftovers\n|upkeep\n|turn|30\n|c|☆go faster ffs|Can't sramble the pink egg\n|\n|t:|1783801461\n|move|p1a: Iron Moth|Fiery Dance|p2a: Blissey\n|-crit|p2a: Blissey\n|-damage|p2a: Blissey|54/100\n|move|p2a: Blissey|Shadow Ball|p1a: Iron Moth\n|-damage|p1a: Iron Moth|0 fnt\n|faint|p1a: Iron Moth\n|-end|p1a: Iron Moth|Quark Drive|[silent]\n|\n|-heal|p2a: Blissey|60/100|[from] item: Leftovers\n|upkeep\n|\n|t:|1783801471\n|switch|p1a: Walking Wake|Walking Wake|71/100\n|turn|31\n|\n|t:|1783801483\n|move|p1a: Walking Wake|Hydro Steam|p2a: Blissey\n|-damage|p2a: Blissey|49/100\n|move|p2a: Blissey|Soft-Boiled|p2a: Blissey\n|-heal|p2a: Blissey|99/100\n|\n|-heal|p2a: Blissey|100/100|[from] item: Leftovers\n|upkeep\n|turn|32\n|\n|t:|1783801491\n|move|p1a: Walking Wake|Hydro Steam|p2a: Blissey\n|-damage|p2a: Blissey|89/100\n|move|p2a: Blissey|Seismic Toss|p1a: Walking Wake\n|-damage|p1a: Walking Wake|42/100\n|\n|-heal|p2a: Blissey|95/100|[from] item: Leftovers\n|upkeep\n|turn|33\n|\n|t:|1783801499\n|move|p1a: Walking Wake|Hydro Steam|p2a: Blissey\n|-damage|p2a: Blissey|84/100\n|move|p2a: Blissey|Seismic Toss|p1a: Walking Wake\n|-damage|p1a: Walking Wake|12/100\n|\n|-heal|p2a: Blissey|90/100|[from] item: Leftovers\n|upkeep\n|turn|34\n|\n|t:|1783801508\n|move|p1a: Walking Wake|Dragon Pulse|p2a: Blissey\n|-damage|p2a: Blissey|79/100\n|move|p2a: Blissey|Seismic Toss|p1a: Walking Wake\n|-damage|p1a: Walking Wake|0 fnt\n|faint|p1a: Walking Wake\n|-end|p1a: Walking Wake|Protosynthesis|[silent]\n|\n|-heal|p2a: Blissey|85/100|[from] item: Leftovers\n|upkeep\n|\n|t:|1783801517\n|switch|p1a: Eelektross|Eelektross, F|27/100 brn\n|turn|35\n|\n|t:|1783801520\n|move|p2a: Blissey|Seismic Toss|p1a: Eelektross\n|-damage|p1a: Eelektross|0 fnt\n|faint|p1a: Eelektross\n|\n|win|go faster ffs\n|raw|ImOuTtT's rating: 1179 &rarr; <strong>1154</strong><br />(-25 for losing)\n|raw|go faster ffs's rating: 1177 &rarr; <strong>1202</strong><br />(+25 for winning)\n|l|☆go faster ffs\n|player|p2|\n|l|☆ImOuTtT\n|player|p1|\n", "uploadtime": 1783801817, "views": 4, "formatid": "gen9ou", "rating": 1154, "private": 0, "password": null}