{"id": "gen9ou-2540905757", "format": "[Gen 9] OU", "players": ["Tankman123", "bh.babiri"], "log": "|j|☆Tankman123\n|j|☆bh.babiri\n|t:|1771265849\n|gametype|singles\n|player|p1|Tankman123|169|1650\n|player|p2|bh.babiri|pokemonbreederf-gen4|1593\n|gen|9\n|tier|[Gen 9] OU\n|rated|\n|rule|HP Percentage Mod: HP is shown in percentages\n|rule|Endless Battle Clause: Forcing endless battles is banned\n|rule|Species Clause: Limit one of each Pokémon\n|rule|OHKO Clause: OHKO moves are banned\n|rule|Evasion Items Clause: Evasion items are banned\n|rule|Evasion Moves Clause: Evasion moves are banned\n|rule|Evasion Abilities Clause: Evasion abilities are banned\n|rule|Sleep Moves Clause: Sleep-inducing moves are banned\n|clearpoke\n|poke|p1|Zarude|\n|poke|p1|Pecharunt|\n|poke|p1|Blissey, F|\n|poke|p1|Gliscor, M|\n|poke|p1|Keldeo-Resolute|\n|poke|p1|Gholdengo|\n|poke|p2|Iron Treads|\n|poke|p2|Darkrai|\n|poke|p2|Araquanid, M|\n|poke|p2|Dragapult, M|\n|poke|p2|Pecharunt|\n|poke|p2|Enamorus, F|\n|teampreview\n|inactive|Battle timer is ON: inactive players will automatically lose when time's up. (requested by bh.babiri)\n|\n|t:|1771265862\n|teamsize|p1|6\n|teamsize|p2|6\n|start\n|switch|p1a: Blissey|Blissey, F|100/100\n|switch|p2a: Darkrai|Darkrai|100/100\n|turn|1\n|\n|t:|1771265869\n|switch|p2a: Iron Treads|Iron Treads|100/100\n|move|p1a: Blissey|Stealth Rock|p2a: Iron Treads\n|-sidestart|p2: bh.babiri|move: Stealth Rock\n|\n|upkeep\n|turn|2\n|\n|t:|1771265897\n|switch|p1a: Gliscor|Gliscor, M|100/100\n|move|p2a: Iron Treads|Earthquake|p1a: Gliscor\n|-immune|p1a: Gliscor\n|\n|-status|p1a: Gliscor|tox|[from] item: Toxic Orb\n|upkeep\n|turn|3\n|\n|t:|1771265909\n|move|p2a: Iron Treads|Ice Spinner|p1a: Gliscor\n|-supereffective|p1a: Gliscor\n|-damage|p1a: Gliscor|28/100 tox\n|move|p1a: Gliscor|Earthquake|p2a: Iron Treads\n|-supereffective|p2a: Iron Treads\n|-damage|p2a: Iron Treads|44/100\n|\n|-heal|p1a: Gliscor|40/100 tox|[from] ability: Poison Heal\n|upkeep\n|turn|4\n|\n|t:|1771265922\n|switch|p1a: Gholdengo|Gholdengo|100/100\n|move|p2a: Iron Treads|Stealth Rock|p1a: Gholdengo\n|-sidestart|p1: Tankman123|move: Stealth Rock\n|\n|upkeep\n|turn|5\n|\n|t:|1771265931\n|move|p1a: Gholdengo|Shadow Ball|p2a: Iron Treads\n|-damage|p2a: Iron Treads|0 fnt\n|faint|p2a: Iron Treads\n|-end|p2a: Iron Treads|Quark Drive|[silent]\n|\n|upkeep\n|\n|t:|1771265933\n|switch|p2a: Darkrai|Darkrai|100/100\n|-damage|p2a: Darkrai|88/100|[from] Stealth Rock\n|turn|6\n|\n|t:|1771265941\n|switch|p1a: Blissey|Blissey, F|100/100\n|move|p2a: Darkrai|Focus Blast|p1a: Blissey\n|-supereffective|p1a: Blissey\n|-damage|p1a: Blissey|60/100\n|\n|upkeep\n|turn|7\n|\n|t:|1771265949\n|switch|p2a: Araquanid|Araquanid, M|100/100\n|-damage|p2a: Araquanid|76/100|[from] Stealth Rock\n|move|p1a: Blissey|Soft-Boiled|p1a: Blissey\n|-heal|p1a: Blissey|100/100\n|\n|upkeep\n|turn|8\n|\n|t:|1771265966\n|move|p1a: Blissey|Seismic Toss|p2a: Araquanid\n|-damage|p2a: Araquanid|46/100\n|-enditem|p2a: Araquanid|Red Card|[of] p1a: Blissey\n|drag|p1a: Zarude|Zarude|100/100\n|move|p2a: Araquanid|Liquidation|p1a: Zarude\n|-resisted|p1a: Zarude\n|-damage|p1a: Zarude|70/100\n|\n|upkeep\n|turn|9\n|\n|t:|1771265978\n|move|p1a: Zarude|Power Whip|p2a: Araquanid\n|-damage|p2a: Araquanid|0 fnt\n|faint|p2a: Araquanid\n|\n|upkeep\n|j| back kartana\n|\n|t:|1771266004\n|switch|p2a: Dragapult|Dragapult, M|100/100\n|-damage|p2a: Dragapult|88/100|[from] Stealth Rock\n|turn|10\n|\n|t:|1771266011\n|move|p2a: Dragapult|Dragon Darts|p1a: Zarude\n|-damage|p1a: Zarude|33/100\n|-anim|p2a: Dragapult|Dragon Darts|p1a: Zarude\n|-damage|p1a: Zarude|0 fnt\n|faint|p1a: Zarude\n|\n|upkeep\n|\n|t:|1771266025\n|switch|p1a: Pecharunt|Pecharunt|100/100\n|turn|11\n|\n|t:|1771266030\n|switch|p2a: Darkrai|Darkrai|88/100\n|-damage|p2a: Darkrai|76/100|[from] Stealth Rock\n|move|p1a: Pecharunt|Foul Play|p2a: Darkrai\n|-resisted|p2a: Darkrai\n|-damage|p2a: Darkrai|65/100\n|\n|upkeep\n|turn|12\n|\n|t:|1771266039\n|switch|p1a: Blissey|Blissey, F|100/100\n|move|p2a: Darkrai|Dark Pulse|p1a: Blissey\n|-damage|p1a: Blissey|78/100\n|\n|upkeep\n|turn|13\n|\n|t:|1771266051\n|switch|p2a: Dragapult|Dragapult, M|88/100\n|-damage|p2a: Dragapult|76/100|[from] Stealth Rock\n|move|p1a: Blissey|Thunder Wave|p2a: Dragapult\n|-status|p2a: Dragapult|par\n|\n|upkeep\n|turn|14\n|\n|t:|1771266061\n|switch|p1a: Pecharunt|Pecharunt|100/100\n|move|p2a: Dragapult|U-turn|p1a: Pecharunt\n|-resisted|p1a: Pecharunt\n|-damage|p1a: Pecharunt|97/100\n|\n|t:|1771266064\n|switch|p2a: Darkrai|Darkrai|65/100|[from] U-turn\n|-damage|p2a: Darkrai|53/100|[from] Stealth Rock\n|\n|upkeep\n|turn|15\n|\n|t:|1771266071\n|switch|p1a: Blissey|Blissey, F|78/100\n|move|p2a: Darkrai|Focus Blast|p1a: Blissey\n|-supereffective|p1a: Blissey\n|-damage|p1a: Blissey|34/100\n|\n|upkeep\n|turn|16\n|l| back kartana\n|j| back kartana\n|j| yugiohLORD\n|inactive|bh.babiri has 120 seconds left.\n|c| yugiohLORD|does tankman use tanks\n|\n|t:|1771266130\n|switch|p2a: Dragapult|Dragapult, M|76/100 par\n|-damage|p2a: Dragapult|64/100 par|[from] Stealth Rock\n|switch|p1a: Gholdengo|Gholdengo|100/100\n|-damage|p1a: Gholdengo|94/100|[from] Stealth Rock\n|\n|upkeep\n|turn|17\n|\n|t:|1771266139\n|move|p2a: Dragapult|Sucker Punch|p1a: Gholdengo\n|-supereffective|p1a: Gholdengo\n|-damage|p1a: Gholdengo|13/100\n|move|p1a: Gholdengo|Shadow Ball|p2a: Dragapult\n|-supereffective|p2a: Dragapult\n|-damage|p2a: Dragapult|0 fnt\n|faint|p2a: Dragapult\n|\n|upkeep\n|\n|t:|1771266143\n|switch|p2a: Darkrai|Darkrai|53/100\n|-damage|p2a: Darkrai|40/100|[from] Stealth Rock\n|turn|18\n|\n|t:|1771266148\n|switch|p1a: Keldeo|Keldeo-Resolute|100/100\n|-terastallize|p2a: Darkrai|Dark\n|move|p2a: Darkrai|Dark Pulse|p1a: Keldeo\n|-resisted|p1a: Keldeo\n|-damage|p1a: Keldeo|44/100\n|-ability|p1a: Keldeo|Justified|boost\n|-boost|p1a: Keldeo|atk|1\n|\n|upkeep\n|turn|19\n|inactive|bh.babiri has 120 seconds left.\n|\n|t:|1771266170\n|switch|p2a: Pecharunt|Pecharunt|100/100\n|-damage|p2a: Pecharunt|88/100|[from] Stealth Rock\n|-item|p2a: Pecharunt|Air Balloon\n|move|p1a: Keldeo|Vacuum Wave|p2a: Pecharunt\n|-immune|p2a: Pecharunt\n|\n|upkeep\n|turn|20\n|\n|t:|1771266180\n|move|p1a: Keldeo|Surf|p2a: Pecharunt\n|-damage|p2a: Pecharunt|44/100\n|-enditem|p2a: Pecharunt|Air Balloon\n|move|p2a: Pecharunt|Parting Shot|p1a: Keldeo\n|-unboost|p1a: Keldeo|atk|1\n|-unboost|p1a: Keldeo|spa|1\n|inactive|bh.babiri has 120 seconds left.\n|\n|t:|1771266191\n|switch|p2a: Enamorus|Enamorus, F|100/100|[from] Parting Shot\n|-damage|p2a: Enamorus|76/100|[from] Stealth Rock\n|\n|upkeep\n|turn|21\n|\n|t:|1771266197\n|move|p1a: Keldeo|Surf|p2a: Enamorus\n|-damage|p2a: Enamorus|33/100\n|move|p2a: Enamorus|Moonblast|p1a: Keldeo\n|-supereffective|p1a: Keldeo\n|-damage|p1a: Keldeo|0 fnt\n|faint|p1a: Keldeo\n|\n|upkeep\n|\n|t:|1771266202\n|switch|p1a: Blissey|Blissey, F|34/100\n|turn|22\n|\n|t:|1771266205\n|move|p2a: Enamorus|Moonblast|p1a: Blissey\n|-damage|p1a: Blissey|10/100\n|move|p1a: Blissey|Soft-Boiled|p1a: Blissey\n|-heal|p1a: Blissey|60/100\n|\n|upkeep\n|turn|23\n|\n|t:|1771266210\n|move|p2a: Enamorus|Moonblast|p1a: Blissey\n|-damage|p1a: Blissey|34/100\n|move|p1a: Blissey|Thunder Wave|p2a: Enamorus\n|-status|p2a: Enamorus|par\n|\n|upkeep\n|turn|24\n|\n|t:|1771266214\n|switch|p2a: Pecharunt|Pecharunt|44/100\n|-damage|p2a: Pecharunt|32/100|[from] Stealth Rock\n|move|p1a: Blissey|Soft-Boiled|p1a: Blissey\n|-heal|p1a: Blissey|84/100\n|\n|upkeep\n|turn|25\n|\n|t:|1771266217\n|move|p2a: Pecharunt|Recover|p2a: Pecharunt\n|-heal|p2a: Pecharunt|82/100\n|move|p1a: Blissey|Thunder Wave|p2a: Pecharunt\n|-status|p2a: Pecharunt|par\n|\n|upkeep\n|turn|26\n|\n|t:|1771266225\n|switch|p1a: Gliscor|Gliscor, M|40/100 tox\n|-damage|p1a: Gliscor|28/100 tox|[from] Stealth Rock\n|cant|p2a: Pecharunt|par\n|\n|-heal|p1a: Gliscor|40/100 tox|[from] ability: Poison Heal\n|upkeep\n|turn|27\n|\n|t:|1771266230\n|move|p1a: Gliscor|Earthquake|p2a: Pecharunt\n|-supereffective|p2a: Pecharunt\n|-damage|p2a: Pecharunt|39/100 par\n|cant|p2a: Pecharunt|par\n|\n|-heal|p1a: Gliscor|53/100 tox|[from] ability: Poison Heal\n|upkeep\n|turn|28\n|\n|t:|1771266234\n|move|p1a: Gliscor|Earthquake|p2a: Pecharunt\n|-supereffective|p2a: Pecharunt\n|-damage|p2a: Pecharunt|2/100 par\n|move|p2a: Pecharunt|Recover|p2a: Pecharunt\n|-heal|p2a: Pecharunt|52/100 par\n|\n|-heal|p1a: Gliscor|65/100 tox|[from] ability: Poison Heal\n|upkeep\n|turn|29\n|\n|t:|1771266237\n|move|p1a: Gliscor|Earthquake|p2a: Pecharunt\n|-supereffective|p2a: Pecharunt\n|-damage|p2a: Pecharunt|13/100 par\n|move|p2a: Pecharunt|Recover|p2a: Pecharunt\n|-heal|p2a: Pecharunt|63/100 par\n|\n|-heal|p1a: Gliscor|78/100 tox|[from] ability: Poison Heal\n|upkeep\n|turn|30\n|\n|t:|1771266239\n|move|p1a: Gliscor|Earthquake|p2a: Pecharunt\n|-supereffective|p2a: Pecharunt\n|-damage|p2a: Pecharunt|23/100 par\n|move|p2a: Pecharunt|Parting Shot|p1a: Gliscor\n|-unboost|p1a: Gliscor|atk|1\n|-unboost|p1a: Gliscor|spa|1\n|\n|t:|1771266241\n|switch|p2a: Darkrai|Darkrai, tera:Dark|40/100|[from] Parting Shot\n|-damage|p2a: Darkrai|28/100|[from] Stealth Rock\n|\n|-heal|p1a: Gliscor|90/100 tox|[from] ability: Poison Heal\n|upkeep\n|turn|31\n|\n|t:|1771266245\n|move|p1a: Gliscor|Protect|p1a: Gliscor\n|-singleturn|p1a: Gliscor|Protect\n|move|p2a: Darkrai|Dark Pulse|p1a: Gliscor\n|-activate|p1a: Gliscor|move: Protect\n|\n|-heal|p1a: Gliscor|100/100 tox|[from] ability: Poison Heal\n|upkeep\n|turn|32\n|\n|t:|1771266251\n|switch|p1a: Blissey|Blissey, F|84/100\n|move|p2a: Darkrai|Dark Pulse|p1a: Blissey\n|-damage|p1a: Blissey|54/100\n|\n|upkeep\n|turn|33\n|\n|t:|1771266254\n|move|p2a: Darkrai|Dark Pulse|p1a: Blissey\n|-damage|p1a: Blissey|27/100\n|move|p1a: Blissey|Soft-Boiled|p1a: Blissey\n|-heal|p1a: Blissey|77/100\n|\n|upkeep\n|turn|34\n|-message|bh.babiri forfeited.\n|\n|win|Tankman123\n|raw|Tankman123's rating: 1650 &rarr; <strong>1667</strong><br />(+17 for winning)\n|raw|bh.babiri's rating: 1602 &rarr; <strong>1585</strong><br />(-17 for losing)\n|l|☆bh.babiri\n|player|p2|\n|l| yugiohLORD\n|l|☆Tankman123\n|player|p1|\n", "uploadtime": 1771266448, "views": 4, "formatid": "gen9ou", "rating": 1585, "private": 0, "password": null}