{"id": "gen9ou-2647748402", "format": "[Gen 9] OU", "players": ["llamatruama", "oseimak000"], "log": "|j|☆llamatruama\n|j|☆oseimak000\n|t:|1783805948\n|gametype|singles\n|player|p1|llamatruama|101|1238\n|player|p2|oseimak000|benga|1290\n|gen|9\n|tier|[Gen 9] OU\n|rated|\n|rule|HP Percentage Mod: HP is shown in percentages\n|rule|Endless Battle Clause: Forcing endless battles is banned\n|rule|Species Clause: Limit one of each Pokémon\n|rule|OHKO Clause: OHKO moves are banned\n|rule|Evasion Items Clause: Evasion items are banned\n|rule|Evasion Moves Clause: Evasion moves are banned\n|rule|Evasion Abilities Clause: Evasion abilities are banned\n|rule|Sleep Moves Clause: Sleep-inducing moves are banned\n|clearpoke\n|poke|p1|Basculegion, M|\n|poke|p1|Latios, M|\n|poke|p1|Dragapult, F|\n|poke|p1|Dragonite, M|\n|poke|p1|Hydreigon, M|\n|poke|p1|Kyurem|\n|poke|p2|Ceruledge, M|\n|poke|p2|Greninja-*, M|\n|poke|p2|Dragonite, F|\n|poke|p2|Lucario, F|\n|poke|p2|Ogerpon-Wellspring, F|\n|poke|p2|Blaziken, M|\n|teampreview\n|inactive|Battle timer is ON: inactive players will automatically lose when time's up. (requested by llamatruama)\n|\n|t:|1783805963\n|teamsize|p1|6\n|teamsize|p2|6\n|start\n|switch|p1a: Dragon''|Dragapult, F|100/100\n|switch|p2a: Dragonite|Dragonite, F|100/100\n|turn|1\n|\n|t:|1783805977\n|-terastallize|p2a: Dragonite|Fairy\n|move|p1a: Dragon''|Dragon Darts|p2a: Dragonite\n|-immune|p2a: Dragonite\n|move|p2a: Dragonite|Dragon Dance|p2a: Dragonite\n|-boost|p2a: Dragonite|atk|1\n|-boost|p2a: Dragonite|spe|1\n|\n|upkeep\n|turn|2\n|\n|t:|1783805986\n|switch|p1a: '''Dragon|Kyurem|100/100\n|-ability|p1a: '''Dragon|Pressure\n|move|p2a: Dragonite|Scale Shot|p1a: '''Dragon|[miss]\n|-miss|p2a: Dragonite|p1a: '''Dragon\n|\n|upkeep\n|turn|3\n|\n|t:|1783805994\n|move|p2a: Dragonite|Scale Shot|p1a: '''Dragon\n|-supereffective|p1a: '''Dragon\n|-damage|p1a: '''Dragon|57/100\n|-supereffective|p1a: '''Dragon\n|-damage|p1a: '''Dragon|15/100\n|-hitcount|p1a: '''Dragon|2\n|-unboost|p2a: Dragonite|def|1\n|-boost|p2a: Dragonite|spe|1\n|move|p1a: '''Dragon|Iron Head|p2a: Dragonite\n|-supereffective|p2a: Dragonite\n|-damage|p2a: Dragonite|46/100\n|-enditem|p2a: Dragonite|Weakness Policy\n|-boost|p2a: Dragonite|atk|2|[from] item: Weakness Policy\n|-boost|p2a: Dragonite|spa|2|[from] item: Weakness Policy\n|\n|upkeep\n|turn|4\n|\n|t:|1783806008\n|move|p2a: Dragonite|Extreme Speed|p1a: '''Dragon\n|-damage|p1a: '''Dragon|0 fnt\n|faint|p1a: '''Dragon\n|\n|upkeep\n|\n|t:|1783806011\n|switch|p1a: ''Dragon|Dragonite, M|100/100\n|turn|5\n|\n|t:|1783806022\n|move|p2a: Dragonite|Extreme Speed|p1a: ''Dragon\n|-damage|p1a: ''Dragon|61/100\n|move|p1a: ''Dragon|Extreme Speed|p2a: Dragonite\n|-damage|p2a: Dragonite|0 fnt\n|faint|p2a: Dragonite\n|-damage|p1a: ''Dragon|51/100|[from] item: Life Orb\n|\n|upkeep\n|\n|t:|1783806032\n|switch|p2a: Greninja|Greninja, M|100/100\n|turn|6\n|\n|t:|1783806042\n|move|p1a: ''Dragon|Extreme Speed|p2a: Greninja\n|-damage|p2a: Greninja|33/100\n|-damage|p1a: ''Dragon|41/100|[from] item: Life Orb\n|move|p2a: Greninja|Ice Beam|p1a: ''Dragon\n|-supereffective|p1a: ''Dragon\n|-damage|p1a: ''Dragon|0 fnt\n|faint|p1a: ''Dragon\n|-ability|p2a: Greninja|Battle Bond|boost\n|-boost|p2a: Greninja|atk|1\n|-boost|p2a: Greninja|spa|1\n|-boost|p2a: Greninja|spe|1\n|-activate|p2a: Greninja|ability: Battle Bond\n|\n|upkeep\n|\n|t:|1783806061\n|switch|p1a: Dragon''|Dragapult, F|100/100\n|turn|7\n|\n|t:|1783806065\n|move|p1a: Dragon''|Sucker Punch|p2a: Greninja\n|-resisted|p2a: Greninja\n|-damage|p2a: Greninja|6/100\n|move|p2a: Greninja|Dark Pulse|p1a: Dragon''\n|-supereffective|p1a: Dragon''\n|-damage|p1a: Dragon''|0 fnt\n|faint|p1a: Dragon''\n|\n|upkeep\n|\n|t:|1783806071\n|switch|p1a: 'Dragon|Basculegion, M|100/100\n|turn|8\n|\n|t:|1783806076\n|-terastallize|p1a: 'Dragon|Dragon\n|move|p2a: Greninja|Dark Pulse|p1a: 'Dragon\n|-damage|p1a: 'Dragon|44/100\n|move|p1a: 'Dragon|Scale Shot|p2a: Greninja\n|-damage|p2a: Greninja|0 fnt\n|faint|p2a: Greninja\n|-hitcount|p2: Greninja|1\n|-unboost|p1a: 'Dragon|def|1\n|-boost|p1a: 'Dragon|spe|1\n|\n|upkeep\n|\n|t:|1783806089\n|switch|p2a: Lucario|Lucario, F, shiny|100/100\n|turn|9\n|\n|t:|1783806098\n|move|p1a: 'Dragon|Wave Crash|p2a: Lucario\n|-damage|p2a: Lucario|3/100\n|-damage|p1a: 'Dragon|21/100|[from] Recoil\n|move|p2a: Lucario|Close Combat|p1a: 'Dragon\n|-damage|p1a: 'Dragon|0 fnt\n|-unboost|p2a: Lucario|def|1\n|-unboost|p2a: Lucario|spd|1\n|faint|p1a: 'Dragon\n|\n|upkeep\n|\n|t:|1783806102\n|switch|p1a: Dragon'''|Hydreigon, M|100/100\n|turn|10\n|\n|t:|1783806112\n|move|p1a: Dragon'''|U-turn|p2a: Lucario\n|-resisted|p2a: Lucario\n|-damage|p2a: Lucario|0 fnt\n|faint|p2a: Lucario\n|\n|t:|1783806125\n|switch|p1a: Dragon'|Latios, M, shiny|100/100|[from] U-turn\n|\n|upkeep\n|\n|t:|1783806130\n|switch|p2a: Ceruledge|Ceruledge, M|100/100\n|turn|11\n|\n|t:|1783806134\n|move|p1a: Dragon'|Psychic|p2a: Ceruledge\n|-damage|p2a: Ceruledge|15/100\n|move|p2a: Ceruledge|Poltergeist|p1a: Dragon'\n|-activate|p1a: Dragon'|move: Poltergeist|Choice Specs\n|-supereffective|p1a: Dragon'\n|-damage|p1a: Dragon'|0 fnt\n|faint|p1a: Dragon'\n|\n|upkeep\n|\n|t:|1783806140\n|switch|p1a: Dragon'''|Hydreigon, M|100/100\n|turn|12\n|\n|t:|1783806146\n|move|p1a: Dragon'''|Dark Pulse|p2a: Ceruledge\n|-supereffective|p2a: Ceruledge\n|-damage|p2a: Ceruledge|0 fnt\n|faint|p2a: Ceruledge\n|\n|upkeep\n|\n|t:|1783806152\n|switch|p2a: Blaziken|Blaziken, M, shiny|100/100\n|turn|13\n|\n|t:|1783806160\n|move|p2a: Blaziken|Protect|p2a: Blaziken\n|-singleturn|p2a: Blaziken|Protect\n|move|p1a: Dragon'''|Dark Pulse|p2a: Blaziken\n|-activate|p2a: Blaziken|move: Protect\n|\n|-ability|p2a: Blaziken|Speed Boost|boost\n|-boost|p2a: Blaziken|spe|1\n|upkeep\n|turn|14\n|c|☆oseimak000|Are you a dragon type gym leader\n|c|☆llamatruama|yessir\n|c|☆llamatruama|fairy types are putting me outta business\n|inactive|oseimak000 has 120 seconds left.\n|c|☆oseimak000|Where my back at where my badge at oh yeah and you're about to lose\n|c|☆llamatruama|was not ready for fairy nite\n|c|☆llamatruama|gg lol\n|c|☆oseimak000|Pick your move and good game\n|inactive|oseimak000 has 90 seconds left.\n|\n|t:|1783806226\n|move|p1a: Dragon'''|Dark Pulse|p2a: Blaziken\n|-resisted|p2a: Blaziken\n|-damage|p2a: Blaziken|71/100\n|move|p2a: Blaziken|Swords Dance|p2a: Blaziken\n|-boost|p2a: Blaziken|atk|2\n|\n|-ability|p2a: Blaziken|Speed Boost|boost\n|-boost|p2a: Blaziken|spe|1\n|upkeep\n|turn|15\n|inactive|oseimak000 has 90 seconds left.\n|\n|t:|1783806235\n|move|p2a: Blaziken|Close Combat|p1a: Dragon'''\n|-supereffective|p1a: Dragon'''\n|-damage|p1a: Dragon'''|0 fnt\n|-unboost|p2a: Blaziken|def|1\n|-unboost|p2a: Blaziken|spd|1\n|faint|p1a: Dragon'''\n|\n|win|oseimak000\n|raw|llamatruama's rating: 1238 &rarr; <strong>1217</strong><br />(-21 for losing)\n|raw|oseimak000's rating: 1290 &rarr; <strong>1311</strong><br />(+21 for winning)\n|l|☆llamatruama\n|player|p1|\n", "uploadtime": 1783806505, "views": 7, "formatid": "gen9ou", "rating": 1217, "private": 0, "password": null}