{"id": "gen9ou-2639300440", "format": "[Gen 9] OU", "players": ["flylover42", "jogonzal101"], "log": "|j|☆flylover42\n|j|☆jogonzal101\n|t:|1782448679\n|gametype|singles\n|player|p1|flylover42|lady|1407\n|player|p2|jogonzal101|hilbert|1306\n|gen|9\n|tier|[Gen 9] OU\n|rated|\n|rule|HP Percentage Mod: HP is shown in percentages\n|rule|Endless Battle Clause: Forcing endless battles is banned\n|rule|Species Clause: Limit one of each Pokémon\n|rule|OHKO Clause: OHKO moves are banned\n|rule|Evasion Items Clause: Evasion items are banned\n|rule|Evasion Moves Clause: Evasion moves are banned\n|rule|Evasion Abilities Clause: Evasion abilities are banned\n|rule|Sleep Moves Clause: Sleep-inducing moves are banned\n|clearpoke\n|poke|p1|Indeedee, M|\n|poke|p1|Armarouge, F|\n|poke|p1|Hatterene, F|\n|poke|p1|Polteageist|\n|poke|p1|Hawlucha, F|\n|poke|p1|Maushold|\n|poke|p2|Umbreon, F|\n|poke|p2|Gholdengo|\n|poke|p2|Garchomp, M|\n|poke|p2|Iron Treads|\n|poke|p2|Dragonite, F|\n|poke|p2|Iron Valiant|\n|teampreview\n|\n|t:|1782448713\n|teamsize|p1|6\n|teamsize|p2|6\n|start\n|switch|p1a: Indeedee|Indeedee, M|100/100\n|switch|p2a: Garchomp|Garchomp, M|100/100\n|-fieldstart|move: Psychic Terrain|[from] ability: Psychic Surge|[of] p1a: Indeedee\n|turn|1\n|\n|t:|1782448724\n|move|p1a: Indeedee|Dazzling Gleam|p2a: Garchomp\n|-supereffective|p2a: Garchomp\n|-damage|p2a: Garchomp|62/100\n|move|p2a: Garchomp|Stealth Rock|p1a: Indeedee\n|-sidestart|p1: flylover42|move: Stealth Rock\n|\n|upkeep\n|turn|2\n|\n|t:|1782448749\n|move|p1a: Indeedee|Encore|p2a: Garchomp\n|-start|p2a: Garchomp|Encore\n|move|p2a: Garchomp|Stealth Rock||[still]\n|-fail|p2a: Garchomp\n|\n|upkeep\n|turn|3\n|\n|t:|1782448760\n|switch|p2a: Gholdengo|Gholdengo|100/100\n|move|p1a: Indeedee|Expanding Force|p2a: Gholdengo\n|-resisted|p2a: Gholdengo\n|-damage|p2a: Gholdengo|69/100\n|\n|upkeep\n|turn|4\n|\n|t:|1782448772\n|switch|p1a: Hatterene|Hatterene, F|100/100\n|-damage|p1a: Hatterene|88/100|[from] Stealth Rock\n|move|p2a: Gholdengo|Make It Rain|p1a: Hatterene\n|-supereffective|p1a: Hatterene\n|-damage|p1a: Hatterene|0 fnt\n|-unboost|p2a: Gholdengo|spa|1\n|faint|p1a: Hatterene\n|\n|upkeep\n|\n|t:|1782448777\n|switch|p1a: Maushold|Maushold|100/100\n|-damage|p1a: Maushold|88/100|[from] Stealth Rock\n|turn|5\n|\n|t:|1782448798\n|move|p2a: Gholdengo|Make It Rain|p1a: Maushold\n|-damage|p1a: Maushold|30/100\n|-unboost|p2a: Gholdengo|spa|1\n|move|p1a: Maushold|Tidy Up|p1a: Maushold\n|-sideend|p1: flylover42|Stealth Rock\n|-activate|p1a: Maushold|move: Tidy Up\n|-boost|p1a: Maushold|atk|1\n|-boost|p1a: Maushold|spe|1\n|\n|upkeep\n|turn|6\n|\n|t:|1782448809\n|switch|p2a: Jaymey|Umbreon, F, shiny|100/100\n|move|p1a: Maushold|Bite|p2a: Jaymey\n|-resisted|p2a: Jaymey\n|-damage|p2a: Jaymey|91/100\n|\n|-heal|p2a: Jaymey|97/100|[from] item: Leftovers\n|upkeep\n|turn|7\n|\n|t:|1782448812\n|move|p1a: Maushold|Population Bomb|p2a: Jaymey\n|-damage|p2a: Jaymey|87/100\n|-damage|p2a: Jaymey|77/100\n|-damage|p2a: Jaymey|68/100\n|-damage|p2a: Jaymey|58/100\n|-damage|p2a: Jaymey|48/100\n|-damage|p2a: Jaymey|38/100\n|-damage|p2a: Jaymey|28/100\n|-damage|p2a: Jaymey|17/100\n|-hitcount|p2a: Jaymey|8\n|move|p2a: Jaymey|Foul Play|p1a: Maushold\n|-damage|p1a: Maushold|0 fnt\n|faint|p1a: Maushold\n|\n|-heal|p2a: Jaymey|23/100|[from] item: Leftovers\n|upkeep\n|\n|t:|1782448823\n|switch|p1a: Indeedee|Indeedee, M|100/100\n|turn|8\n|\n|t:|1782448849\n|switch|p1a: Polteageist|Polteageist|100/100\n|move|p2a: Jaymey|Toxic|p1a: Polteageist|[miss]\n|-miss|p2a: Jaymey|p1a: Polteageist\n|\n|-heal|p2a: Jaymey|29/100|[from] item: Leftovers\n|-fieldend|move: Psychic Terrain\n|upkeep\n|turn|9\n|inactive|Battle timer is ON: inactive players will automatically lose when time's up. (requested by flylover42)\n|\n|t:|1782448885\n|switch|p1a: Indeedee|Indeedee, M|100/100\n|-fieldstart|move: Psychic Terrain|[from] ability: Psychic Surge|[of] p1a: Indeedee\n|move|p2a: Jaymey|Wish|p2a: Jaymey\n|\n|-heal|p2a: Jaymey|36/100|[from] item: Leftovers\n|upkeep\n|turn|10\n|\n|t:|1782448905\n|switch|p1a: Armarouge|Armarouge, F|100/100\n|move|p2a: Jaymey|Protect||[still]\n|-fail|p2a: Jaymey\n|\n|-heal|p2a: Jaymey|86/100|[from] move: Wish|[wisher] Jaymey\n|-heal|p2a: Jaymey|92/100|[from] item: Leftovers\n|upkeep\n|turn|11\n|\n|t:|1782448922\n|move|p1a: Armarouge|Aura Sphere|p2a: Jaymey\n|-supereffective|p2a: Jaymey\n|-damage|p2a: Jaymey|47/100\n|move|p2a: Jaymey|Toxic|p1a: Armarouge\n|-status|p1a: Armarouge|tox\n|\n|-heal|p2a: Jaymey|53/100|[from] item: Leftovers\n|-damage|p1a: Armarouge|94/100 tox|[from] psn\n|upkeep\n|turn|12\n|\n|t:|1782448931\n|move|p2a: Jaymey|Protect|p2a: Jaymey\n|-singleturn|p2a: Jaymey|Protect\n|move|p1a: Armarouge|Aura Sphere|p2a: Jaymey\n|-activate|p2a: Jaymey|move: Protect\n|\n|-heal|p2a: Jaymey|59/100|[from] item: Leftovers\n|-damage|p1a: Armarouge|82/100 tox|[from] psn\n|upkeep\n|turn|13\n|\n|t:|1782448944\n|move|p1a: Armarouge|Armor Cannon|p2a: Jaymey\n|-damage|p2a: Jaymey|12/100\n|-unboost|p1a: Armarouge|def|1\n|-unboost|p1a: Armarouge|spd|1\n|move|p2a: Jaymey|Wish|p2a: Jaymey\n|\n|-heal|p2a: Jaymey|18/100|[from] item: Leftovers\n|-damage|p1a: Armarouge|64/100 tox|[from] psn\n|upkeep\n|turn|14\n|\n|t:|1782448956\n|switch|p1a: Hawlucha|Hawlucha, F|100/100\n|-enditem|p1a: Hawlucha|Psychic Seed\n|-boost|p1a: Hawlucha|spd|1|[from] item: Psychic Seed\n|move|p2a: Jaymey|Protect||[still]\n|-fail|p2a: Jaymey\n|\n|-heal|p2a: Jaymey|68/100|[from] move: Wish|[wisher] Jaymey\n|-heal|p2a: Jaymey|74/100|[from] item: Leftovers\n|upkeep\n|turn|15\n|\n|t:|1782448964\n|-terastallize|p2a: Jaymey|Poison\n|move|p1a: Hawlucha|Close Combat|p2a: Jaymey\n|-resisted|p2a: Jaymey\n|-damage|p2a: Jaymey|57/100\n|-unboost|p1a: Hawlucha|def|1\n|-unboost|p1a: Hawlucha|spd|1\n|move|p2a: Jaymey|Toxic|p1a: Hawlucha\n|-status|p1a: Hawlucha|tox\n|\n|-heal|p2a: Jaymey|63/100|[from] item: Leftovers\n|-damage|p1a: Hawlucha|94/100 tox|[from] psn\n|upkeep\n|turn|16\n|\n|t:|1782448972\n|move|p1a: Hawlucha|Encore|p2a: Jaymey\n|-start|p2a: Jaymey|Encore\n|move|p2a: Jaymey|Toxic|p1a: Hawlucha\n|-fail|p1a: Hawlucha|tox\n|\n|-heal|p2a: Jaymey|69/100|[from] item: Leftovers\n|-damage|p1a: Hawlucha|82/100 tox|[from] psn\n|-fieldend|move: Psychic Terrain\n|upkeep\n|turn|17\n|\n|t:|1782448981\n|switch|p2a: Gholdengo|Gholdengo|69/100\n|move|p1a: Hawlucha|Swords Dance|p1a: Hawlucha\n|-boost|p1a: Hawlucha|atk|2\n|\n|-damage|p1a: Hawlucha|64/100 tox|[from] psn\n|upkeep\n|turn|18\n|\n|t:|1782448991\n|move|p1a: Hawlucha|Acrobatics|p2a: Gholdengo\n|-resisted|p2a: Gholdengo\n|-damage|p2a: Gholdengo|14/100\n|move|p2a: Gholdengo|Make It Rain|p1a: Hawlucha\n|-damage|p1a: Hawlucha|0 fnt\n|-unboost|p2a: Gholdengo|spa|1\n|faint|p1a: Hawlucha\n|\n|upkeep\n|\n|t:|1782448994\n|switch|p1a: Indeedee|Indeedee, M|100/100\n|-fieldstart|move: Psychic Terrain|[from] ability: Psychic Surge|[of] p1a: Indeedee\n|turn|19\n|\n|t:|1782449017\n|move|p2a: Gholdengo|Make It Rain|p1a: Indeedee\n|-damage|p1a: Indeedee|55/100\n|-unboost|p2a: Gholdengo|spa|1\n|move|p1a: Indeedee|Healing Wish|p1a: Indeedee\n|faint|p1a: Indeedee\n|\n|upkeep\n|\n|t:|1782449021\n|switch|p1a: Armarouge|Armarouge, F|64/100 tox\n|-heal|p1a: Armarouge|100/100|[from] move: Healing Wish\n|turn|20\n|\n|t:|1782449038\n|move|p2a: Gholdengo|Make It Rain|p1a: Armarouge\n|-resisted|p1a: Armarouge\n|-damage|p1a: Armarouge|81/100\n|-unboost|p2a: Gholdengo|spa|1\n|move|p1a: Armarouge|Expanding Force|p2a: Gholdengo\n|-resisted|p2a: Gholdengo\n|-damage|p2a: Gholdengo|0 fnt\n|faint|p2a: Gholdengo\n|\n|upkeep\n|\n|t:|1782449041\n|switch|p2a: Iron Treads|Iron Treads|100/100\n|-item|p2a: Iron Treads|Air Balloon\n|turn|21\n|\n|t:|1782449045\n|move|p1a: Armarouge|Endure|p1a: Armarouge\n|-singleturn|p1a: Armarouge|move: Endure\n|move|p2a: Iron Treads|Earthquake|p1a: Armarouge\n|-supereffective|p1a: Armarouge\n|-activate|p1a: Armarouge|move: Endure\n|-damage|p1a: Armarouge|1/100\n|-ability|p1a: Armarouge|Weak Armor|boost\n|-unboost|p1a: Armarouge|def|1\n|-boost|p1a: Armarouge|spe|2\n|-enditem|p1a: Armarouge|Weakness Policy\n|-boost|p1a: Armarouge|atk|2|[from] item: Weakness Policy\n|-boost|p1a: Armarouge|spa|2|[from] item: Weakness Policy\n|\n|upkeep\n|turn|22\n|\n|t:|1782449050\n|move|p1a: Armarouge|Armor Cannon|p2a: Iron Treads\n|-supereffective|p2a: Iron Treads\n|-damage|p2a: Iron Treads|0 fnt\n|-unboost|p1a: Armarouge|def|1\n|-unboost|p1a: Armarouge|spd|1\n|-enditem|p2a: Iron Treads|Air Balloon\n|faint|p2a: Iron Treads\n|-end|p2a: Iron Treads|Quark Drive|[silent]\n|\n|upkeep\n|\n|t:|1782449052\n|switch|p2a: Iron Valiant|Iron Valiant|100/100\n|turn|23\n|\n|t:|1782449072\n|-end|p2a: Iron Valiant|Quark Drive|[silent]\n|switch|p2a: Jaymey|Umbreon, F, shiny, tera:Poison|69/100\n|move|p1a: Armarouge|Expanding Force|p2a: Jaymey\n|-supereffective|p2a: Jaymey\n|-damage|p2a: Jaymey|0 fnt\n|faint|p2a: Jaymey\n|\n|upkeep\n|\n|t:|1782449081\n|switch|p2a: Dragonite|Dragonite, F|100/100\n|turn|24\n|\n|t:|1782449089\n|move|p1a: Armarouge|Expanding Force|p2a: Dragonite\n|-damage|p2a: Dragonite|14/100\n|move|p2a: Dragonite|Roost|p2a: Dragonite\n|-heal|p2a: Dragonite|64/100\n|-singleturn|p2a: Dragonite|move: Roost\n|\n|upkeep\n|turn|25\n|\n|t:|1782449111\n|switch|p2a: Garchomp|Garchomp, M|62/100\n|move|p1a: Armarouge|Expanding Force|p2a: Garchomp\n|-damage|p2a: Garchomp|0 fnt\n|faint|p2a: Garchomp\n|\n|upkeep\n|inactive|jogonzal101 has 120 seconds left.\n|\n|t:|1782449127\n|switch|p2a: Dragonite|Dragonite, F|64/100\n|turn|26\n|\n|t:|1782449129\n|move|p1a: Armarouge|Expanding Force|p2a: Dragonite\n|-damage|p2a: Dragonite|0 fnt\n|faint|p2a: Dragonite\n|\n|-fieldend|move: Psychic Terrain\n|upkeep\n|\n|t:|1782449131\n|switch|p2a: Iron Valiant|Iron Valiant|100/100\n|turn|27\n|c|☆flylover42|psyterrain doesnt stop prio from dnite btw\n|c|☆flylover42|since it's flying\n|\n|t:|1782449145\n|move|p2a: Iron Valiant|Vacuum Wave|p1a: Armarouge\n|-resisted|p1a: Armarouge\n|-damage|p1a: Armarouge|0 fnt\n|faint|p1a: Armarouge\n|\n|upkeep\n|\n|t:|1782449147\n|switch|p1a: Polteageist|Polteageist|100/100\n|turn|28\n|c|☆jogonzal101|oh\n|c|☆jogonzal101|right\n|c|☆flylover42|ye\n|c|☆jogonzal101|lol oops\n|c|☆jogonzal101|ty\n|\n|t:|1782449157\n|move|p2a: Iron Valiant|Knock Off|p1a: Polteageist\n|-supereffective|p1a: Polteageist\n|-enditem|p1a: Polteageist|Focus Sash\n|-damage|p1a: Polteageist|1/100\n|-ability|p1a: Polteageist|Weak Armor|boost\n|-unboost|p1a: Polteageist|def|1\n|-boost|p1a: Polteageist|spe|2\n|move|p1a: Polteageist|Shell Smash|p1a: Polteageist\n|-unboost|p1a: Polteageist|def|1\n|-unboost|p1a: Polteageist|spd|1\n|-boost|p1a: Polteageist|atk|2\n|-boost|p1a: Polteageist|spa|2\n|-boost|p1a: Polteageist|spe|2\n|\n|upkeep\n|turn|29\n|\n|t:|1782449163\n|move|p1a: Polteageist|Shadow Ball|p2a: Iron Valiant\n|-crit|p2a: Iron Valiant\n|-damage|p2a: Iron Valiant|0 fnt\n|faint|p2a: Iron Valiant\n|-end|p2a: Iron Valiant|Quark Drive|[silent]\n|\n|win|flylover42\n|raw|flylover42's rating: 1407 &rarr; <strong>1421</strong><br />(+14 for winning)\n|raw|jogonzal101's rating: 1306 &rarr; <strong>1292</strong><br />(-14 for losing)\n|c|☆flylover42|gg\n|c|☆jogonzal101|gg\n|l|☆jogonzal101\n|player|p2|\n|l|☆flylover42\n|player|p1|\n", "uploadtime": 1782449509, "views": 3, "formatid": "gen9ou", "rating": 1292, "private": 0, "password": null}