{"id": "gen9ou-2639907332", "format": "[Gen 9] OU", "players": ["mememan254", "arturohdez"], "log": "|j|☆mememan254\n|j|☆arturohdez\n|t:|1782540756\n|gametype|singles\n|player|p1|mememan254|101|1718\n|player|p2|arturohdez|lucas|1695\n|gen|9\n|tier|[Gen 9] OU\n|rated|\n|rule|HP Percentage Mod: HP is shown in percentages\n|rule|Endless Battle Clause: Forcing endless battles is banned\n|rule|Species Clause: Limit one of each Pokémon\n|rule|OHKO Clause: OHKO moves are banned\n|rule|Evasion Items Clause: Evasion items are banned\n|rule|Evasion Moves Clause: Evasion moves are banned\n|rule|Evasion Abilities Clause: Evasion abilities are banned\n|rule|Sleep Moves Clause: Sleep-inducing moves are banned\n|clearpoke\n|poke|p1|Darkrai|\n|poke|p1|Garchomp, M|\n|poke|p1|Alomomola, M|\n|poke|p1|Corviknight, F|\n|poke|p1|Weezing-Galar, F|\n|poke|p1|Ogerpon, F|\n|poke|p2|Slowking-Galar, M|\n|poke|p2|Ogerpon-Wellspring, F|\n|poke|p2|Mandibuzz, F|\n|poke|p2|Great Tusk|\n|poke|p2|Kyurem|\n|poke|p2|Cinderace, M|\n|teampreview\n|j| Disscratch\n|\n|t:|1782540776\n|teamsize|p1|6\n|teamsize|p2|6\n|start\n|switch|p1a: Darkrai|Darkrai|100/100\n|switch|p2a: Cinderace|Cinderace, M|100/100\n|turn|1\n|\n|t:|1782540784\n|switch|p2a: Mandibuzz|Mandibuzz, F|100/100\n|move|p1a: Darkrai|Dark Pulse|p2a: Mandibuzz\n|-resisted|p2a: Mandibuzz\n|-damage|p2a: Mandibuzz|73/100\n|\n|upkeep\n|turn|2\n|inactive|Battle timer is ON: inactive players will automatically lose when time's up. (requested by arturohdez)\n|\n|t:|1782540793\n|switch|p1a: Corviknight|Corviknight, F|100/100\n|-ability|p1a: Corviknight|Pressure\n|move|p2a: Mandibuzz|U-turn|p1a: Corviknight\n|-resisted|p1a: Corviknight\n|-damage|p1a: Corviknight|98/100\n|j| pls game\n|\n|t:|1782540799\n|switch|p2a: Cinderace|Cinderace, M|100/100|[from] U-turn\n|\n|-heal|p1a: Corviknight|100/100|[from] item: Leftovers\n|upkeep\n|turn|3\n|\n|t:|1782540803\n|switch|p1a: Alomomola|Alomomola, M|100/100\n|move|p2a: Cinderace|U-turn|p1a: Alomomola\n|-start|p2a: Cinderace|typechange|Bug|[from] ability: Libero\n|-crit|p1a: Alomomola\n|-damage|p1a: Alomomola|60/100\n|\n|t:|1782540806\n|switch|p2a: Ogerpon|Ogerpon-Wellspring, F|100/100|[from] U-turn\n|\n|upkeep\n|turn|4\n|\n|t:|1782540812\n|switch|p1a: Weezing|Weezing-Galar, F|100/100\n|-ability|p1a: Weezing|Neutralizing Gas\n|move|p2a: Ogerpon|Ivy Cudgel|p1a: Weezing|[anim] Ivy Cudgel Water\n|-damage|p1a: Weezing|59/100\n|\n|-heal|p1a: Weezing|65/100|[from] item: Leftovers\n|upkeep\n|turn|5\n|\n|t:|1782540824\n|switch|p2a: Slowking|Slowking-Galar, M|100/100\n|move|p1a: Weezing|Pain Split|p2a: Slowking\n|-sethp|p2a: Slowking|78/100|[from] move: Pain Split|[silent]\n|-sethp|p1a: Weezing|92/100|[from] move: Pain Split\n|\n|-heal|p1a: Weezing|98/100|[from] item: Leftovers\n|upkeep\n|turn|6\n|\n|t:|1782540831\n|-end|p1a: Weezing|ability: Neutralizing Gas\n|switch|p1a: Darkrai|Darkrai|100/100\n|-prepare|p2a: Slowking|Chilly Reception|[premajor]\n|move|p2a: Slowking|Chilly Reception|p2a: Slowking\n|-weather|Snowscape\n|\n|t:|1782540844\n|switch|p2a: Kyurem|Kyurem|100/100|[from] Chilly Reception\n|-ability|p2a: Kyurem|Pressure\n|\n|-weather|Snowscape|[upkeep]\n|upkeep\n|turn|7\n|\n|t:|1782540851\n|move|p1a: Darkrai|Focus Blast|p2a: Kyurem\n|-supereffective|p2a: Kyurem\n|-damage|p2a: Kyurem|0 fnt\n|faint|p2a: Kyurem\n|\n|-weather|Snowscape|[upkeep]\n|upkeep\n|\n|t:|1782540860\n|switch|p2a: Ogerpon|Ogerpon-Wellspring, F|100/100\n|turn|8\n|\n|t:|1782540867\n|switch|p1a: Weezing|Weezing-Galar, F|98/100\n|-ability|p1a: Weezing|Neutralizing Gas\n|move|p2a: Ogerpon|Ivy Cudgel|p1a: Weezing|[anim] Ivy Cudgel Water\n|-damage|p1a: Weezing|60/100\n|\n|-weather|Snowscape|[upkeep]\n|-heal|p1a: Weezing|66/100|[from] item: Leftovers\n|upkeep\n|turn|9\n|\n|t:|1782540874\n|switch|p2a: Slowking|Slowking-Galar, M|100/100\n|move|p1a: Weezing|Will-O-Wisp|p2a: Slowking|[miss]\n|-miss|p1a: Weezing|p2a: Slowking\n|\n|-weather|Snowscape|[upkeep]\n|-heal|p1a: Weezing|72/100|[from] item: Leftovers\n|upkeep\n|turn|10\n|inactive|mememan254 has 120 seconds left.\n|\n|t:|1782540906\n|move|p1a: Weezing|Will-O-Wisp|p2a: Slowking\n|-status|p2a: Slowking|brn\n|move|p2a: Slowking|Future Sight|p1a: Weezing\n|-start|p2a: Slowking|move: Future Sight\n|\n|-weather|none\n|-heal|p1a: Weezing|78/100|[from] item: Leftovers\n|-damage|p2a: Slowking|94/100 brn|[from] brn\n|upkeep\n|turn|11\n|inactive|mememan254 has 120 seconds left.\n|\n|t:|1782540920\n|-end|p1a: Weezing|ability: Neutralizing Gas\n|switch|p1a: Corviknight|Corviknight, F|100/100\n|-ability|p1a: Corviknight|Pressure\n|-prepare|p2a: Slowking|Chilly Reception|[premajor]\n|move|p2a: Slowking|Chilly Reception|p2a: Slowking\n|-weather|Snowscape\n|\n|t:|1782540932\n|switch|p2a: Cinderace|Cinderace, M|100/100|[from] Chilly Reception\n|\n|-weather|Snowscape|[upkeep]\n|upkeep\n|turn|12\n|\n|t:|1782540935\n|switch|p1a: Alomomola|Alomomola, M|93/100\n|move|p2a: Cinderace|U-turn|p1a: Alomomola\n|-start|p2a: Cinderace|typechange|Bug|[from] ability: Libero\n|-crit|p1a: Alomomola\n|-damage|p1a: Alomomola|52/100\n|\n|t:|1782540938\n|switch|p2a: Ogerpon|Ogerpon-Wellspring, F|100/100|[from] U-turn\n|\n|-weather|Snowscape|[upkeep]\n|-end|p1a: Alomomola|move: Future Sight\n|-damage|p1a: Alomomola|30/100\n|upkeep\n|turn|13\n|inactive|mememan254 has 120 seconds left.\n|\n|t:|1782540976\n|-terastallize|p2a: Ogerpon|Water\n|detailschange|p2a: Ogerpon|Ogerpon-Wellspring-Tera, F, tera:Water\n|-ability|p2a: Ogerpon|Embody Aspect (Wellspring)|boost\n|-boost|p2a: Ogerpon|spd|1\n|move|p2a: Ogerpon|Ivy Cudgel|p1a: Alomomola|[anim] Ivy Cudgel Water\n|-resisted|p1a: Alomomola\n|-crit|p1a: Alomomola\n|-damage|p1a: Alomomola|0 fnt\n|faint|p1a: Alomomola\n|\n|-weather|Snowscape|[upkeep]\n|upkeep\n|\n|t:|1782540986\n|switch|p1a: Ogerpon|Ogerpon, F|100/100\n|turn|14\n|\n|t:|1782540990\n|switch|p2a: Mandibuzz|Mandibuzz, F|73/100\n|move|p1a: Ogerpon|Ivy Cudgel|p2a: Mandibuzz\n|-resisted|p2a: Mandibuzz\n|-damage|p2a: Mandibuzz|58/100\n|\n|-weather|Snowscape|[upkeep]\n|upkeep\n|turn|15\n|\n|t:|1782541000\n|move|p1a: Ogerpon|Knock Off|p2a: Mandibuzz\n|-resisted|p2a: Mandibuzz\n|-damage|p2a: Mandibuzz|49/100\n|-enditem|p2a: Mandibuzz|Heavy-Duty Boots|[from] move: Knock Off|[of] p1a: Ogerpon\n|move|p2a: Mandibuzz|Roost|p2a: Mandibuzz\n|-heal|p2a: Mandibuzz|99/100\n|-singleturn|p2a: Mandibuzz|move: Roost\n|\n|-weather|none\n|upkeep\n|turn|16\n|\n|t:|1782541005\n|switch|p1a: Garchomp|Garchomp, M|100/100\n|switch|p2a: Slowking|Slowking-Galar, M|100/100 brn\n|\n|-damage|p2a: Slowking|94/100 brn|[from] brn\n|upkeep\n|turn|17\n|\n|t:|1782541009\n|move|p1a: Garchomp|Stealth Rock|p2a: Slowking\n|-sidestart|p2: arturohdez|move: Stealth Rock\n|move|p2a: Slowking|Future Sight|p1a: Garchomp\n|-start|p2a: Slowking|move: Future Sight\n|\n|-damage|p2a: Slowking|88/100 brn|[from] brn\n|upkeep\n|turn|18\n|\n|t:|1782541018\n|switch|p2a: Mandibuzz|Mandibuzz, F|99/100\n|-damage|p2a: Mandibuzz|74/100|[from] Stealth Rock\n|move|p1a: Garchomp|Dragon Tail|p2a: Mandibuzz\n|-damage|p2a: Mandibuzz|59/100\n|drag|p2a: Slowking|Slowking-Galar, M|100/100 brn\n|-damage|p2a: Slowking|88/100 brn|[from] Stealth Rock\n|\n|-damage|p2a: Slowking|82/100 brn|[from] brn\n|upkeep\n|turn|19\n|\n|t:|1782541027\n|switch|p1a: Darkrai|Darkrai|100/100\n|move|p2a: Slowking|Ice Beam|p1a: Darkrai\n|-damage|p1a: Darkrai|72/100\n|\n|-end|p1a: Darkrai|move: Future Sight\n|-immune|p1a: Darkrai\n|-damage|p2a: Slowking|76/100 brn|[from] brn\n|upkeep\n|turn|20\n|\n|t:|1782541046\n|switch|p2a: Great Tusk|Great Tusk|100/100\n|-damage|p2a: Great Tusk|98/100|[from] Stealth Rock\n|move|p1a: Darkrai|Dark Pulse|p2a: Great Tusk\n|-resisted|p2a: Great Tusk\n|-damage|p2a: Great Tusk|49/100\n|\n|upkeep\n|turn|21\n|\n|t:|1782541072\n|switch|p1a: Garchomp|Garchomp, M|100/100\n|move|p2a: Great Tusk|Close Combat|p1a: Garchomp\n|-damage|p1a: Garchomp|59/100\n|-unboost|p2a: Great Tusk|def|1\n|-unboost|p2a: Great Tusk|spd|1\n|-damage|p2a: Great Tusk|37/100|[from] ability: Rough Skin|[of] p1a: Garchomp\n|-damage|p2a: Great Tusk|20/100|[from] item: Rocky Helmet|[of] p1a: Garchomp\n|\n|upkeep\n|turn|22\n|\n|t:|1782541080\n|-end|p2a: Great Tusk|Protosynthesis|[silent]\n|switch|p2a: Slowking|Slowking-Galar, M|100/100 brn\n|-damage|p2a: Slowking|88/100 brn|[from] Stealth Rock\n|move|p1a: Garchomp|Spikes|p2a: Slowking\n|-sidestart|p2: arturohdez|Spikes\n|\n|-damage|p2a: Slowking|82/100 brn|[from] brn\n|upkeep\n|turn|23\n|\n|t:|1782541087\n|move|p1a: Garchomp|Earthquake|p2a: Slowking\n|-supereffective|p2a: Slowking\n|-damage|p2a: Slowking|19/100 brn\n|-prepare|p2a: Slowking|Chilly Reception|[premajor]\n|move|p2a: Slowking|Chilly Reception|p2a: Slowking\n|-weather|Snowscape\n|\n|t:|1782541089\n|switch|p2a: Cinderace|Cinderace, M|100/100|[from] Chilly Reception\n|\n|-weather|Snowscape|[upkeep]\n|upkeep\n|turn|24\n|\n|t:|1782541093\n|move|p2a: Cinderace|Court Change|p2a: Cinderace\n|-start|p2a: Cinderace|typechange|Normal|[from] ability: Libero\n|-swapsideconditions\n|-activate|p2a: Cinderace|move: Court Change\n|move|p1a: Garchomp|Earthquake|p2a: Cinderace\n|-damage|p2a: Cinderace|41/100\n|\n|-weather|Snowscape|[upkeep]\n|upkeep\n|turn|25\n|\n|t:|1782541103\n|switch|p2a: Ogerpon|Ogerpon-Wellspring-Tera, F, tera:Water|100/100\n|-ability|p2a: Ogerpon|Embody Aspect (Wellspring)|boost\n|-boost|p2a: Ogerpon|spd|1\n|move|p1a: Garchomp|Stealth Rock|p2a: Ogerpon\n|-sidestart|p2: arturohdez|move: Stealth Rock\n|\n|-weather|Snowscape|[upkeep]\n|upkeep\n|turn|26\n|\n|t:|1782541113\n|move|p2a: Ogerpon|Ivy Cudgel|p1a: Garchomp|[anim] Ivy Cudgel Water\n|-damage|p1a: Garchomp|7/100\n|move|p1a: Garchomp|Dragon Tail|p2a: Ogerpon\n|-damage|p2a: Ogerpon|68/100\n|drag|p2a: Mandibuzz|Mandibuzz, F|59/100\n|-damage|p2a: Mandibuzz|34/100|[from] Stealth Rock\n|\n|-weather|Snowscape|[upkeep]\n|upkeep\n|turn|27\n|j| Kathryne Keyron\n|\n|t:|1782541120\n|move|p1a: Garchomp|Spikes|p2a: Mandibuzz\n|-sidestart|p2: arturohdez|Spikes\n|move|p2a: Mandibuzz|Roost|p2a: Mandibuzz\n|-heal|p2a: Mandibuzz|84/100\n|-singleturn|p2a: Mandibuzz|move: Roost\n|\n|-weather|none\n|upkeep\n|turn|28\n|\n|t:|1782541122\n|move|p1a: Garchomp|Spikes|p2a: Mandibuzz\n|-sidestart|p2: arturohdez|Spikes\n|move|p2a: Mandibuzz|Defog|p1a: Garchomp\n|-unboost|p1a: Garchomp|evasion|1\n|-sideend|p1: mememan254|Spikes|[from] move: Defog|[of] p2a: Mandibuzz\n|-sideend|p1: mememan254|Stealth Rock|[from] move: Defog|[of] p2a: Mandibuzz\n|-sideend|p2: arturohdez|Spikes|[from] move: Defog|[of] p2a: Mandibuzz\n|-sideend|p2: arturohdez|Stealth Rock|[from] move: Defog|[of] p2a: Mandibuzz\n|\n|upkeep\n|turn|29\n|\n|t:|1782541136\n|move|p1a: Garchomp|Stealth Rock|p2a: Mandibuzz\n|-sidestart|p2: arturohdez|move: Stealth Rock\n|move|p2a: Mandibuzz|U-turn|p1a: Garchomp\n|-damage|p1a: Garchomp|0 fnt\n|-damage|p2a: Mandibuzz|72/100|[from] ability: Rough Skin|[of] p1a: Garchomp\n|-damage|p2a: Mandibuzz|55/100|[from] item: Rocky Helmet|[of] p1a: Garchomp\n|faint|p1a: Garchomp\n|\n|t:|1782541143\n|switch|p2a: Slowking|Slowking-Galar, M|53/100 brn|[from] U-turn\n|-damage|p2a: Slowking|40/100 brn|[from] Stealth Rock\n|\n|-damage|p2a: Slowking|34/100 brn|[from] brn\n|upkeep\n|\n|t:|1782541146\n|switch|p1a: Ogerpon|Ogerpon, F|100/100\n|turn|30\n|\n|t:|1782541154\n|switch|p2a: Mandibuzz|Mandibuzz, F|55/100\n|-damage|p2a: Mandibuzz|31/100|[from] Stealth Rock\n|move|p1a: Ogerpon|Knock Off|p2a: Mandibuzz\n|-resisted|p2a: Mandibuzz\n|-damage|p2a: Mandibuzz|25/100\n|\n|upkeep\n|turn|31\n|\n|t:|1782541161\n|-terastallize|p1a: Ogerpon|Grass\n|detailschange|p1a: Ogerpon|Ogerpon-Teal-Tera, F, tera:Grass\n|-ability|p1a: Ogerpon|Embody Aspect (Teal)|boost\n|-boost|p1a: Ogerpon|spe|1\n|move|p1a: Ogerpon|Ivy Cudgel|p2a: Mandibuzz\n|-resisted|p2a: Mandibuzz\n|-damage|p2a: Mandibuzz|5/100\n|move|p2a: Mandibuzz|Roost|p2a: Mandibuzz\n|-heal|p2a: Mandibuzz|55/100\n|-singleturn|p2a: Mandibuzz|move: Roost\n|\n|upkeep\n|turn|32\n|\n|t:|1782541168\n|move|p1a: Ogerpon|Encore|p2a: Mandibuzz\n|-start|p2a: Mandibuzz|Encore\n|move|p2a: Mandibuzz|Roost|p2a: Mandibuzz\n|-heal|p2a: Mandibuzz|100/100\n|-singleturn|p2a: Mandibuzz|move: Roost\n|\n|upkeep\n|turn|33\n|\n|t:|1782541173\n|switch|p2a: Slowking|Slowking-Galar, M|67/100 brn\n|-damage|p2a: Slowking|55/100 brn|[from] Stealth Rock\n|move|p1a: Ogerpon|Swords Dance|p1a: Ogerpon\n|-boost|p1a: Ogerpon|atk|2\n|\n|-damage|p2a: Slowking|49/100 brn|[from] brn\n|upkeep\n|turn|34\n|\n|t:|1782541179\n|move|p1a: Ogerpon|Knock Off|p2a: Slowking\n|-supereffective|p2a: Slowking\n|-damage|p2a: Slowking|0 fnt\n|-damage|p1a: Ogerpon|84/100|[from] item: Rocky Helmet|[of] p2a: Slowking\n|-enditem|p2a: Slowking|Rocky Helmet|[from] move: Knock Off|[of] p1a: Ogerpon\n|faint|p2a: Slowking\n|\n|upkeep\n|\n|t:|1782541184\n|switch|p2a: Mandibuzz|Mandibuzz, F|100/100\n|-damage|p2a: Mandibuzz|76/100|[from] Stealth Rock\n|turn|35\n|\n|t:|1782541186\n|switch|p1a: Weezing|Weezing-Galar, F|78/100\n|-ability|p1a: Weezing|Neutralizing Gas\n|move|p2a: Mandibuzz|Foul Play|p1a: Weezing\n|-resisted|p1a: Weezing\n|-damage|p1a: Weezing|70/100\n|\n|-heal|p1a: Weezing|76/100|[from] item: Leftovers\n|upkeep\n|turn|36\n|\n|t:|1782541192\n|switch|p2a: Cinderace|Cinderace, M|41/100\n|move|p1a: Weezing|Sludge Bomb|p2a: Cinderace\n|-crit|p2a: Cinderace\n|-damage|p2a: Cinderace|0 fnt\n|faint|p2a: Cinderace\n|\n|-heal|p1a: Weezing|82/100|[from] item: Leftovers\n|upkeep\n|\n|t:|1782541206\n|switch|p2a: Great Tusk|Great Tusk|20/100\n|-damage|p2a: Great Tusk|17/100|[from] Stealth Rock\n|turn|37\n|\n|t:|1782541216\n|move|p2a: Great Tusk|Close Combat|p1a: Weezing\n|-resisted|p1a: Weezing\n|-damage|p1a: Weezing|73/100\n|-unboost|p2a: Great Tusk|def|1\n|-unboost|p2a: Great Tusk|spd|1\n|move|p1a: Weezing|Sludge Bomb|p2a: Great Tusk\n|-resisted|p2a: Great Tusk\n|-damage|p2a: Great Tusk|0 fnt\n|faint|p2a: Great Tusk\n|-end|p2a: Great Tusk|Protosynthesis|[silent]\n|\n|-heal|p1a: Weezing|79/100|[from] item: Leftovers\n|upkeep\n|\n|t:|1782541221\n|switch|p2a: Ogerpon|Ogerpon-Wellspring-Tera, F, tera:Water|68/100\n|-damage|p2a: Ogerpon|55/100|[from] Stealth Rock\n|turn|38\n|\n|t:|1782541230\n|move|p2a: Ogerpon|Ivy Cudgel|p1a: Weezing|[anim] Ivy Cudgel Water\n|-damage|p1a: Weezing|31/100\n|move|p1a: Weezing|Will-O-Wisp|p2a: Ogerpon\n|-status|p2a: Ogerpon|brn\n|\n|-heal|p1a: Weezing|37/100|[from] item: Leftovers\n|-damage|p2a: Ogerpon|50/100 brn|[from] brn\n|upkeep\n|turn|39\n|\n|t:|1782541236\n|move|p2a: Ogerpon|Synthesis|p2a: Ogerpon\n|-heal|p2a: Ogerpon|99/100 brn\n|move|p1a: Weezing|Sludge Bomb|p2a: Ogerpon\n|-damage|p2a: Ogerpon|66/100 brn\n|\n|-heal|p1a: Weezing|43/100|[from] item: Leftovers\n|-damage|p2a: Ogerpon|60/100 brn|[from] brn\n|upkeep\n|turn|40\n|\n|t:|1782541241\n|-end|p1a: Weezing|ability: Neutralizing Gas\n|-ability|p2a: Ogerpon|Embody Aspect (Wellspring)|boost\n|-boost|p2a: Ogerpon|spd|1\n|switch|p1a: Ogerpon|Ogerpon-Teal-Tera, F, tera:Grass|84/100\n|-ability|p1a: Ogerpon|Embody Aspect (Teal)|boost\n|-boost|p1a: Ogerpon|spe|1\n|move|p2a: Ogerpon|Ivy Cudgel|p1a: Ogerpon|[anim] Ivy Cudgel Water\n|-resisted|p1a: Ogerpon\n|-damage|p1a: Ogerpon|56/100\n|\n|-damage|p2a: Ogerpon|54/100 brn|[from] brn\n|upkeep\n|turn|41\n|\n|t:|1782541250\n|switch|p2a: Mandibuzz|Mandibuzz, F|76/100\n|-damage|p2a: Mandibuzz|51/100|[from] Stealth Rock\n|move|p1a: Ogerpon|Ivy Cudgel|p2a: Mandibuzz\n|-resisted|p2a: Mandibuzz\n|-damage|p2a: Mandibuzz|33/100\n|\n|upkeep\n|turn|42\n|\n|t:|1782541258\n|move|p1a: Ogerpon|Ivy Cudgel|p2a: Mandibuzz\n|-resisted|p2a: Mandibuzz\n|-crit|p2a: Mandibuzz\n|-damage|p2a: Mandibuzz|4/100\n|move|p2a: Mandibuzz|Roost|p2a: Mandibuzz\n|-heal|p2a: Mandibuzz|54/100\n|-singleturn|p2a: Mandibuzz|move: Roost\n|\n|upkeep\n|turn|43\n|\n|t:|1782541263\n|move|p1a: Ogerpon|Encore|p2a: Mandibuzz\n|-start|p2a: Mandibuzz|Encore\n|move|p2a: Mandibuzz|Roost|p2a: Mandibuzz\n|-heal|p2a: Mandibuzz|100/100\n|-singleturn|p2a: Mandibuzz|move: Roost\n|\n|upkeep\n|turn|44\n|\n|t:|1782541265\n|switch|p2a: Ogerpon|Ogerpon-Wellspring-Tera, F, tera:Water|54/100 brn\n|-damage|p2a: Ogerpon|42/100 brn|[from] Stealth Rock\n|-ability|p2a: Ogerpon|Embody Aspect (Wellspring)|boost\n|-boost|p2a: Ogerpon|spd|1\n|move|p1a: Ogerpon|Swords Dance|p1a: Ogerpon\n|-boost|p1a: Ogerpon|atk|2\n|\n|-damage|p2a: Ogerpon|36/100 brn|[from] brn\n|upkeep\n|turn|45\n|\n|t:|1782541269\n|switch|p2a: Mandibuzz|Mandibuzz, F|100/100\n|-damage|p2a: Mandibuzz|76/100|[from] Stealth Rock\n|move|p1a: Ogerpon|Ivy Cudgel|p2a: Mandibuzz\n|-resisted|p2a: Mandibuzz\n|-damage|p2a: Mandibuzz|40/100\n|\n|upkeep\n|turn|46\n|\n|t:|1782541278\n|move|p1a: Ogerpon|Ivy Cudgel|p2a: Mandibuzz\n|-resisted|p2a: Mandibuzz\n|-damage|p2a: Mandibuzz|5/100\n|move|p2a: Mandibuzz|Foul Play|p1a: Ogerpon\n|-damage|p1a: Ogerpon|0 fnt\n|faint|p1a: Ogerpon\n|detailschange|p1: Ogerpon|Ogerpon, F|[silent]\n|\n|upkeep\n|\n|t:|1782541294\n|switch|p1a: Darkrai|Darkrai|72/100\n|turn|47\n|\n|t:|1782541296\n|move|p1a: Darkrai|Dark Pulse|p2a: Mandibuzz\n|-resisted|p2a: Mandibuzz\n|-damage|p2a: Mandibuzz|0 fnt\n|faint|p2a: Mandibuzz\n|\n|upkeep\n|\n|t:|1782541298\n|switch|p2a: Ogerpon|Ogerpon-Wellspring-Tera, F, tera:Water|36/100 brn\n|-damage|p2a: Ogerpon|23/100 brn|[from] Stealth Rock\n|-ability|p2a: Ogerpon|Embody Aspect (Wellspring)|boost\n|-boost|p2a: Ogerpon|spd|1\n|turn|48\n|\n|t:|1782541300\n|move|p1a: Darkrai|Dark Pulse|p2a: Ogerpon\n|-damage|p2a: Ogerpon|0 fnt\n|faint|p2a: Ogerpon\n|detailschange|p2: Ogerpon|Ogerpon-Wellspring, F|[silent]\n|\n|win|mememan254\n|raw|mememan254's rating: 1718 &rarr; <strong>1737</strong><br />(+19 for winning)\n|raw|arturohdez's rating: 1695 &rarr; <strong>1676</strong><br />(-19 for losing)\n|l|☆arturohdez\n|player|p2|\n|c|☆mememan254|gg\n|l|☆mememan254\n|player|p1|\n|l| Disscratch\n", "uploadtime": 1782541453, "views": 16, "formatid": "gen9ou", "rating": 1676, "private": 0, "password": null}