{"id": "gen9ou-2647749104", "format": "[Gen 9] OU", "players": ["ooAzvXJ9nY", "Kirbo_420"], "log": "|j|‽ooAzvXJ9nY\n|j|☆Kirbo_420\n|t:|1783806068\n|gametype|singles\n|player|p1|ooAzvXJ9nY|101|1083\n|player|p2|Kirbo_420|266|1103\n|gen|9\n|tier|[Gen 9] OU\n|rated|\n|rule|HP Percentage Mod: HP is shown in percentages\n|rule|Endless Battle Clause: Forcing endless battles is banned\n|rule|Species Clause: Limit one of each Pokémon\n|rule|OHKO Clause: OHKO moves are banned\n|rule|Evasion Items Clause: Evasion items are banned\n|rule|Evasion Moves Clause: Evasion moves are banned\n|rule|Evasion Abilities Clause: Evasion abilities are banned\n|rule|Sleep Moves Clause: Sleep-inducing moves are banned\n|clearpoke\n|poke|p1|Ursaluna, M|\n|poke|p1|Toxapex, F|\n|poke|p1|Moltres|\n|poke|p1|Tyranitar, F|\n|poke|p1|Excadrill, M|\n|poke|p1|Dragapult, M|\n|poke|p2|Typhlosion, M|\n|poke|p2|Qwilfish-Hisui, F|\n|poke|p2|Bruxish, M|\n|poke|p2|Carbink|\n|poke|p2|Raikou|\n|poke|p2|Araquanid, F|\n|teampreview\n|\n|t:|1783806082\n|teamsize|p1|6\n|teamsize|p2|6\n|start\n|switch|p1a: Tyranitar|Tyranitar, F|100/100\n|switch|p2a: Carbink|Carbink|100/100\n|-weather|Sandstorm|[from] ability: Sand Stream|[of] p1a: Tyranitar\n|-item|p2a: Carbink|Air Balloon\n|turn|1\n|\n|t:|1783806094\n|move|p1a: Tyranitar|Stealth Rock|p2a: Carbink\n|-sidestart|p2: Kirbo_420|move: Stealth Rock\n|move|p2a: Carbink|Iron Defense|p2a: Carbink\n|-boost|p2a: Carbink|def|2\n|\n|-weather|Sandstorm|[upkeep]\n|upkeep\n|turn|2\n|\n|t:|1783806104\n|switch|p1a: Toxapex|Toxapex, F|100/100\n|move|p2a: Carbink|Body Press|p1a: Toxapex\n|-resisted|p1a: Toxapex\n|-damage|p1a: Toxapex|81/100\n|-enditem|p1a: Toxapex|Eject Button\n|\n|t:|1783806110\n|switch|p1a: Ursaluna|Ursaluna, M|100/100\n|\n|-weather|Sandstorm|[upkeep]\n|-status|p1a: Ursaluna|brn|[from] item: Flame Orb\n|upkeep\n|turn|3\n|\n|t:|1783806119\n|switch|p1a: Toxapex|Toxapex, F|100/100\n|move|p2a: Carbink|Iron Defense|p2a: Carbink\n|-boost|p2a: Carbink|def|2\n|\n|-weather|Sandstorm|[upkeep]\n|-damage|p1a: Toxapex|95/100|[from] Sandstorm\n|upkeep\n|turn|4\n|\n|t:|1783806127\n|move|p2a: Carbink|Stealth Rock|p1a: Toxapex\n|-sidestart|p1: ooAzvXJ9nY|move: Stealth Rock\n|move|p1a: Toxapex|Toxic|p2a: Carbink\n|-status|p2a: Carbink|tox\n|\n|-weather|Sandstorm|[upkeep]\n|-damage|p1a: Toxapex|89/100|[from] Sandstorm\n|-damage|p2a: Carbink|94/100 tox|[from] psn\n|upkeep\n|turn|5\n|\n|t:|1783806136\n|move|p2a: Carbink|Body Press|p1a: Toxapex\n|-resisted|p1a: Toxapex\n|-damage|p1a: Toxapex|61/100\n|move|p1a: Toxapex|Haze|p1a: Toxapex\n|-clearallboost\n|\n|-weather|Sandstorm|[upkeep]\n|-damage|p1a: Toxapex|55/100|[from] Sandstorm\n|-damage|p2a: Carbink|82/100 tox|[from] psn\n|upkeep\n|turn|6\n|\n|t:|1783806147\n|move|p1a: Toxapex|Poison Jab|p2a: Carbink\n|-damage|p2a: Carbink|69/100 tox\n|-enditem|p2a: Carbink|Air Balloon\n|move|p2a: Carbink|Trick Room|p2a: Carbink\n|-fieldstart|move: Trick Room|[of] p2a: Carbink\n|\n|-weather|Sandstorm|[upkeep]\n|-damage|p1a: Toxapex|49/100|[from] Sandstorm\n|-damage|p2a: Carbink|50/100 tox|[from] psn\n|upkeep\n|turn|7\n|inactive|Battle timer is ON: inactive players will automatically lose when time's up. (requested by ooAzvXJ9nY)\n|\n|t:|1783806157\n|switch|p2a: Raikou|Raikou|100/100\n|-ability|p2a: Raikou|Pressure\n|move|p1a: Toxapex|Recover|p1a: Toxapex\n|-heal|p1a: Toxapex|99/100\n|\n|-weather|Sandstorm|[upkeep]\n|-damage|p1a: Toxapex|93/100|[from] Sandstorm\n|-damage|p2a: Raikou|94/100|[from] Sandstorm\n|upkeep\n|turn|8\n|c|☆Kirbo_420|That was very rude\n|\n|t:|1783806183\n|switch|p1a: Ursaluna|Ursaluna, M|100/100 brn\n|-damage|p1a: Ursaluna|94/100 brn|[from] Stealth Rock\n|move|p2a: Raikou|Volt Switch|p1a: Ursaluna\n|-immune|p1a: Ursaluna\n|\n|-weather|none\n|-damage|p1a: Ursaluna|88/100 brn|[from] brn\n|upkeep\n|turn|9\n|\n|t:|1783806197\n|switch|p2a: Carbink|Carbink|50/100 tox\n|-damage|p2a: Carbink|38/100 tox|[from] Stealth Rock\n|move|p1a: Ursaluna|Facade|p2a: Carbink\n|-resisted|p2a: Carbink\n|-damage|p2a: Carbink|0 fnt\n|faint|p2a: Carbink\n|\n|-damage|p1a: Ursaluna|82/100 brn|[from] brn\n|upkeep\n|inactive|Kirbo_420 has 120 seconds left.\n|\n|t:|1783806207\n|switch|p2a: Qwilfish|Qwilfish-Hisui, F|100/100\n|-damage|p2a: Qwilfish|88/100|[from] Stealth Rock\n|-ability|p2a: Qwilfish|Intimidate|boost\n|-unboost|p1a: Ursaluna|atk|1\n|turn|10\n|inactive|Kirbo_420 has 120 seconds left.\n|\n|t:|1783806217\n|move|p1a: Ursaluna|Headlong Rush|p2a: Qwilfish\n|-supereffective|p2a: Qwilfish\n|-damage|p2a: Qwilfish|0 fnt\n|-unboost|p1a: Ursaluna|def|1\n|-unboost|p1a: Ursaluna|spd|1\n|faint|p2a: Qwilfish\n|\n|-damage|p1a: Ursaluna|76/100 brn|[from] brn\n|-fieldend|move: Trick Room\n|upkeep\n|inactive|Kirbo_420 has 120 seconds left.\n|\n|t:|1783806234\n|switch|p2a: Bruxish|Bruxish, M|100/100\n|-damage|p2a: Bruxish|88/100|[from] Stealth Rock\n|turn|11\n|\n|t:|1783806243\n|switch|p1a: Toxapex|Toxapex, F|100/100\n|-damage|p1a: Toxapex|88/100|[from] Stealth Rock\n|move|p2a: Bruxish|Waterfall|p1a: Toxapex\n|-resisted|p1a: Toxapex\n|-damage|p1a: Toxapex|71/100\n|-damage|p2a: Bruxish|78/100|[from] item: Life Orb\n|\n|upkeep\n|turn|12\n|inactive|Kirbo_420 has 120 seconds left.\n|\n|t:|1783806260\n|move|p2a: Bruxish|Psychic Fangs|p1a: Toxapex\n|-supereffective|p1a: Toxapex\n|-damage|p1a: Toxapex|0 fnt\n|faint|p1a: Toxapex\n|-damage|p2a: Bruxish|68/100|[from] item: Life Orb\n|\n|upkeep\n|\n|t:|1783806263\n|switch|p1a: Dragapult|Dragapult, M|100/100\n|turn|13\n|inactive|Kirbo_420 has 120 seconds left.\n|\n|t:|1783806271\n|move|p1a: Dragapult|Hex|p2a: Bruxish\n|-supereffective|p2a: Bruxish\n|-damage|p2a: Bruxish|0 fnt\n|faint|p2a: Bruxish\n|\n|upkeep\n|inactive|Kirbo_420 has 120 seconds left.\n|\n|t:|1783806279\n|switch|p2a: Typhlosion|Typhlosion, M|100/100\n|-damage|p2a: Typhlosion|75/100|[from] Stealth Rock\n|turn|14\n|\n|t:|1783806284\n|-terastallize|p2a: Typhlosion|Fire\n|move|p1a: Dragapult|Draco Meteor|p2a: Typhlosion\n|-damage|p2a: Typhlosion|17/100\n|-unboost|p1a: Dragapult|spa|2\n|move|p2a: Typhlosion|Flamethrower|p1a: Dragapult\n|-resisted|p1a: Dragapult\n|-damage|p1a: Dragapult|43/100\n|\n|-heal|p2a: Typhlosion|23/100|[from] item: Leftovers\n|upkeep\n|turn|15\n|\n|t:|1783806298\n|move|p1a: Dragapult|Draco Meteor|p2a: Typhlosion\n|-damage|p2a: Typhlosion|0 fnt\n|-unboost|p1a: Dragapult|spa|2\n|faint|p2a: Typhlosion\n|\n|upkeep\n|\n|t:|1783806304\n|switch|p2a: Raikou|Raikou|94/100\n|-ability|p2a: Raikou|Pressure\n|turn|16\n|inactive|Kirbo_420 has 120 seconds left.\n|\n|t:|1783806326\n|move|p1a: Dragapult|Will-O-Wisp|p2a: Raikou\n|-status|p2a: Raikou|brn\n|move|p2a: Raikou|Discharge|p1a: Dragapult\n|-resisted|p1a: Dragapult\n|-crit|p1a: Dragapult\n|-damage|p1a: Dragapult|7/100\n|\n|-damage|p2a: Raikou|88/100 brn|[from] brn\n|upkeep\n|turn|17\n|inactive|Kirbo_420 has 120 seconds left.\n|\n|t:|1783806339\n|move|p1a: Dragapult|Hex|p2a: Raikou\n|-crit|p2a: Raikou\n|-damage|p2a: Raikou|11/100 brn\n|move|p2a: Raikou|Volt Switch|p1a: Dragapult\n|-resisted|p1a: Dragapult\n|-damage|p1a: Dragapult|0 fnt\n|faint|p1a: Dragapult\n|inactive|Kirbo_420 has 120 seconds left.\n|inactive|Kirbo_420 has 90 seconds left.\n|\n|t:|1783806393\n|switch|p2a: Araquanid|Araquanid, F|100/100|[from] Volt Switch\n|\n|upkeep\n|\n|t:|1783806396\n|switch|p1a: Tyranitar|Tyranitar, F|100/100\n|-damage|p1a: Tyranitar|88/100|[from] Stealth Rock\n|-weather|Sandstorm|[from] ability: Sand Stream|[of] p1a: Tyranitar\n|turn|18\n|\n|t:|1783806416\n|move|p1a: Tyranitar|Knock Off|p2a: Araquanid\n|-damage|p2a: Araquanid|41/100\n|-enditem|p2a: Araquanid|Heavy-Duty Boots|[from] move: Knock Off|[of] p1a: Tyranitar\n|move|p2a: Araquanid|Hydro Pump|p1a: Tyranitar\n|-supereffective|p1a: Tyranitar\n|-damage|p1a: Tyranitar|37/100\n|\n|-weather|Sandstorm|[upkeep]\n|-damage|p2a: Araquanid|35/100|[from] Sandstorm\n|upkeep\n|turn|19\n|\n|t:|1783806432\n|move|p1a: Tyranitar|Knock Off|p2a: Araquanid\n|-damage|p2a: Araquanid|0 fnt\n|faint|p2a: Araquanid\n|\n|-weather|Sandstorm|[upkeep]\n|upkeep\n|\n|t:|1783806439\n|switch|p2a: Raikou|Raikou|11/100 brn\n|-ability|p2a: Raikou|Pressure\n|turn|20\n|\n|t:|1783806444\n|move|p2a: Raikou|Discharge|p1a: Tyranitar\n|-damage|p1a: Tyranitar|14/100\n|move|p1a: Tyranitar|Knock Off|p2a: Raikou\n|-crit|p2a: Raikou\n|-damage|p2a: Raikou|0 fnt\n|-enditem|p2a: Raikou|Heavy-Duty Boots|[from] move: Knock Off|[of] p1a: Tyranitar\n|faint|p2a: Raikou\n|\n|win|ooAzvXJ9nY\n|raw|ooAzvXJ9nY's rating: 1083 &rarr; <strong>1112</strong><br />(+29 for winning)\n|raw|Kirbo_420's rating: 1103 &rarr; <strong>1077</strong><br />(-26 for losing)\n|l|‽ooAzvXJ9nY\n|player|p1|\n|l|☆Kirbo_420\n|player|p2|\n", "uploadtime": 1783806773, "views": 3, "formatid": "gen9ou", "rating": 1077, "private": 0, "password": null}