{"id": "gen9ou-2647841204", "format": "[Gen 9] OU", "players": ["chikadanceplz", "interceptor_xwing"], "log": "|j|‽chikadanceplz\n|j|☆interceptor_xwing\n|t:|1783822050\n|gametype|singles\n|player|p1|chikadanceplz|elesa|1621\n|player|p2|interceptor_xwing|102|1661\n|gen|9\n|tier|[Gen 9] OU\n|rated|\n|rule|HP Percentage Mod: HP is shown in percentages\n|rule|Endless Battle Clause: Forcing endless battles is banned\n|rule|Species Clause: Limit one of each Pokémon\n|rule|OHKO Clause: OHKO moves are banned\n|rule|Evasion Items Clause: Evasion items are banned\n|rule|Evasion Moves Clause: Evasion moves are banned\n|rule|Evasion Abilities Clause: Evasion abilities are banned\n|rule|Sleep Moves Clause: Sleep-inducing moves are banned\n|clearpoke\n|poke|p1|Glimmora, M|\n|poke|p1|Kingambit, F|\n|poke|p1|Dragapult, F|\n|poke|p1|Ursaluna, F|\n|poke|p1|Iron Moth|\n|poke|p1|Ogerpon-Wellspring, F|\n|poke|p2|Ogerpon-Wellspring, F|\n|poke|p2|Great Tusk|\n|poke|p2|Dondozo, F|\n|poke|p2|Tornadus-Therian, M|\n|poke|p2|Hatterene, F|\n|poke|p2|Heatran, F|\n|teampreview\n|inactive|Battle timer is ON: inactive players will automatically lose when time's up. (requested by chikadanceplz)\n|\n|t:|1783822079\n|teamsize|p1|6\n|teamsize|p2|6\n|start\n|switch|p1a: Glimmora|Glimmora, M|100/100\n|switch|p2a: Great Tusk|Great Tusk|100/100\n|turn|1\n|\n|t:|1783822092\n|switch|p1a: Ogerpon|Ogerpon-Wellspring, F|100/100\n|move|p2a: Great Tusk|Headlong Rush|p1a: Ogerpon\n|-resisted|p1a: Ogerpon\n|-damage|p1a: Ogerpon|58/100\n|-unboost|p2a: Great Tusk|def|1\n|-unboost|p2a: Great Tusk|spd|1\n|\n|upkeep\n|turn|2\n|\n|t:|1783822110\n|switch|p1a: Dragapult|Dragapult, F|100/100\n|-end|p2a: Great Tusk|Protosynthesis|[silent]\n|switch|p2a: Tornadus|Tornadus-Therian, M|100/100\n|\n|upkeep\n|turn|3\n|inactive|chikadanceplz has 120 seconds left.\n|\n|t:|1783822146\n|switch|p2a: Heatran|Heatran, F|100/100\n|move|p1a: Dragapult|Thunder Wave|p2a: Heatran\n|-status|p2a: Heatran|par\n|\n|upkeep\n|turn|4\n|j| choispecs ironmoth\n|inactive|interceptor_xwing has 120 seconds left.\n|\n|t:|1783822169\n|switch|p1a: Ursaluna|Ursaluna, F|100/100\n|cant|p2a: Heatran|par\n|\n|-status|p1a: Ursaluna|brn|[from] item: Flame Orb\n|upkeep\n|turn|5\n|inactive|interceptor_xwing has 120 seconds left.\n|j| pigfloopsauce\n|inactive|chikadanceplz has 120 seconds left.\n|\n|t:|1783822184\n|switch|p2a: Great Tusk|Great Tusk|100/100\n|move|p1a: Ursaluna|Facade|p2a: Great Tusk\n|-damage|p2a: Great Tusk|5/100\n|-damage|p1a: Ursaluna|84/100 brn|[from] item: Rocky Helmet|[of] p2a: Great Tusk\n|\n|-damage|p1a: Ursaluna|78/100 brn|[from] brn\n|upkeep\n|turn|6\n|inactive|interceptor_xwing has 120 seconds left.\n|\n|t:|1783822190\n|switch|p1a: Glimmora|Glimmora, M|100/100\n|move|p2a: Great Tusk|Ice Spinner|p1a: Glimmora\n|-damage|p1a: Glimmora|67/100\n|-activate|p1a: Glimmora|ability: Toxic Debris\n|-sidestart|p2: interceptor_xwing|move: Toxic Spikes\n|\n|upkeep\n|turn|7\n|l| pigfloopsauce\n|\n|t:|1783822196\n|switch|p1a: Ogerpon|Ogerpon-Wellspring, F|58/100\n|move|p2a: Great Tusk|Headlong Rush|p1a: Ogerpon\n|-resisted|p1a: Ogerpon\n|-damage|p1a: Ogerpon|15/100\n|-unboost|p2a: Great Tusk|def|1\n|-unboost|p2a: Great Tusk|spd|1\n|\n|upkeep\n|turn|8\n|\n|t:|1783822208\n|-end|p2a: Great Tusk|Protosynthesis|[silent]\n|switch|p2a: Tornadus|Tornadus-Therian, M|100/100\n|move|p1a: Ogerpon|Horn Leech|p2a: Tornadus\n|-resisted|p2a: Tornadus\n|-damage|p2a: Tornadus|67/100\n|-heal|p1a: Ogerpon|31/100|[from] drain|[of] p2a: Tornadus\n|\n|upkeep\n|turn|9\n|\n|t:|1783822212\n|switch|p1a: Glimmora|Glimmora, M|67/100\n|move|p2a: Tornadus|U-turn|p1a: Glimmora\n|-resisted|p1a: Glimmora\n|-damage|p1a: Glimmora|59/100\n|-activate|p1a: Glimmora|ability: Toxic Debris\n|-sidestart|p2: interceptor_xwing|move: Toxic Spikes\n|\n|t:|1783822222\n|switch|p2a: Heatran|Heatran, F|100/100 par|[from] U-turn\n|\n|upkeep\n|turn|10\n|\n|t:|1783822232\n|move|p1a: Glimmora|Earth Power|p2a: Heatran\n|-supereffective|p2a: Heatran\n|-crit|p2a: Heatran\n|-damage|p2a: Heatran|0 fnt\n|faint|p2a: Heatran\n|\n|upkeep\n|\n|t:|1783822235\n|switch|p2a: Great Tusk|Great Tusk|5/100\n|-status|p2a: Great Tusk|tox\n|turn|11\n|\n|t:|1783822240\n|switch|p1a: Dragapult|Dragapult, F|100/100\n|move|p2a: Great Tusk|Headlong Rush|p1a: Dragapult\n|-damage|p1a: Dragapult|31/100\n|-unboost|p2a: Great Tusk|def|1\n|-unboost|p2a: Great Tusk|spd|1\n|-start|p2a: Great Tusk|Disable|Headlong Rush|[from] ability: Cursed Body|[of] p1a: Dragapult\n|\n|-damage|p2a: Great Tusk|0 fnt|[from] psn\n|faint|p2a: Great Tusk\n|-end|p2a: Great Tusk|Protosynthesis|[silent]\n|upkeep\n|\n|t:|1783822244\n|switch|p2a: Tornadus|Tornadus-Therian, M|100/100\n|turn|12\n|\n|t:|1783822260\n|move|p1a: Dragapult|Thunder Wave|p2a: Tornadus\n|-status|p2a: Tornadus|par\n|move|p2a: Tornadus|Bleakwind Storm|p1a: Dragapult\n|-damage|p1a: Dragapult|0 fnt\n|faint|p1a: Dragapult\n|\n|upkeep\n|\n|t:|1783822263\n|switch|p1a: Glimmora|Glimmora, M|59/100\n|turn|13\n|\n|t:|1783822274\n|switch|p2a: Hatterene|Hatterene, F|100/100\n|-status|p2a: Hatterene|tox\n|move|p1a: Glimmora|Meteor Beam||[still]\n|-prepare|p1a: Glimmora|Meteor Beam\n|-boost|p1a: Glimmora|spa|1\n|-enditem|p1a: Glimmora|Power Herb\n|-anim|p1a: Glimmora|Meteor Beam|p2a: Hatterene\n|-damage|p2a: Hatterene|29/100 tox\n|\n|-damage|p2a: Hatterene|23/100 tox|[from] psn\n|upkeep\n|turn|14\n|\n|t:|1783822294\n|move|p1a: Glimmora|Earth Power|p2a: Hatterene\n|-damage|p2a: Hatterene|0 fnt\n|faint|p2a: Hatterene\n|\n|upkeep\n|\n|t:|1783822297\n|switch|p2a: Ogerpon|Ogerpon-Wellspring, F|100/100\n|-status|p2a: Ogerpon|tox\n|turn|15\n|\n|t:|1783822304\n|switch|p1a: Ogerpon|Ogerpon-Wellspring, F|31/100\n|move|p2a: Ogerpon|Horn Leech|p1a: Ogerpon\n|-damage|p1a: Ogerpon|0 fnt\n|faint|p1a: Ogerpon\n|\n|-damage|p2a: Ogerpon|95/100 tox|[from] psn\n|upkeep\n|\n|t:|1783822308\n|switch|p1a: Iron Moth|Iron Moth|100/100\n|-enditem|p1a: Iron Moth|Booster Energy\n|-activate|p1a: Iron Moth|ability: Quark Drive|[fromitem]\n|-start|p1a: Iron Moth|quarkdrivespe\n|turn|16\n|\n|t:|1783822315\n|-terastallize|p2a: Ogerpon|Water\n|detailschange|p2a: Ogerpon|Ogerpon-Wellspring-Tera, F, tera:Water\n|-ability|p2a: Ogerpon|Embody Aspect (Wellspring)|boost\n|-boost|p2a: Ogerpon|spd|1\n|move|p1a: Iron Moth|Substitute|p1a: Iron Moth\n|-start|p1a: Iron Moth|Substitute\n|-damage|p1a: Iron Moth|76/100\n|move|p2a: Ogerpon|Ivy Cudgel|p1a: Iron Moth|[anim] Ivy Cudgel Water\n|-supereffective|p1a: Iron Moth\n|-end|p1a: Iron Moth|Substitute\n|\n|-damage|p2a: Ogerpon|83/100 tox|[from] psn\n|upkeep\n|turn|17\n|\n|t:|1783822330\n|switch|p2a: Tornadus|Tornadus-Therian, M|100/100 par\n|move|p1a: Iron Moth|Substitute|p1a: Iron Moth\n|-start|p1a: Iron Moth|Substitute\n|-damage|p1a: Iron Moth|51/100\n|\n|upkeep\n|turn|18\n|\n|t:|1783822336\n|move|p1a: Iron Moth|Fiery Dance|p2a: Tornadus\n|-damage|p2a: Tornadus|53/100 par\n|-boost|p1a: Iron Moth|spa|1\n|move|p2a: Tornadus|Bleakwind Storm|p1a: Iron Moth\n|-end|p1a: Iron Moth|Substitute\n|\n|upkeep\n|turn|19\n|\n|t:|1783822346\n|move|p1a: Iron Moth|Fiery Dance|p2a: Tornadus\n|-damage|p2a: Tornadus|0 fnt\n|faint|p2a: Tornadus\n|\n|upkeep\n|\n|t:|1783822349\n|switch|p2a: Dondozo|Dondozo, F|100/100\n|-status|p2a: Dondozo|tox\n|turn|20\n|\n|t:|1783822351\n|move|p1a: Iron Moth|Substitute|p1a: Iron Moth\n|-start|p1a: Iron Moth|Substitute\n|-damage|p1a: Iron Moth|26/100\n|move|p2a: Dondozo|Wave Crash|p1a: Iron Moth\n|-supereffective|p1a: Iron Moth\n|-end|p1a: Iron Moth|Substitute\n|-damage|p2a: Dondozo|96/100 tox|[from] Recoil|[of] p1a: Iron Moth\n|\n|-heal|p2a: Dondozo|100/100 tox|[from] item: Leftovers\n|-damage|p2a: Dondozo|94/100 tox|[from] psn\n|upkeep\n|turn|21\n|\n|t:|1783822357\n|move|p1a: Iron Moth|Substitute|p1a: Iron Moth\n|-start|p1a: Iron Moth|Substitute\n|-damage|p1a: Iron Moth|1/100\n|move|p2a: Dondozo|Wave Crash|p1a: Iron Moth\n|-supereffective|p1a: Iron Moth\n|-end|p1a: Iron Moth|Substitute\n|-damage|p2a: Dondozo|89/100 tox|[from] Recoil|[of] p1a: Iron Moth\n|\n|-heal|p2a: Dondozo|96/100 tox|[from] item: Leftovers\n|-damage|p2a: Dondozo|83/100 tox|[from] psn\n|upkeep\n|turn|22\n|\n|t:|1783822361\n|move|p1a: Iron Moth|Sludge Wave|p2a: Dondozo\n|-damage|p2a: Dondozo|51/100 tox\n|move|p2a: Dondozo|Wave Crash|p1a: Iron Moth\n|-supereffective|p1a: Iron Moth\n|-damage|p1a: Iron Moth|0 fnt\n|faint|p1a: Iron Moth\n|-end|p1a: Iron Moth|Quark Drive|[silent]\n|-damage|p2a: Dondozo|51/100 tox|[from] Recoil\n|\n|-heal|p2a: Dondozo|57/100 tox|[from] item: Leftovers\n|-damage|p2a: Dondozo|39/100 tox|[from] psn\n|upkeep\n|\n|t:|1783822367\n|switch|p1a: Ursaluna|Ursaluna, F|78/100 brn\n|turn|23\n|\n|t:|1783822379\n|move|p1a: Ursaluna|Facade|p2a: Dondozo\n|-crit|p2a: Dondozo\n|-damage|p2a: Dondozo|0 fnt\n|faint|p2a: Dondozo\n|\n|-damage|p1a: Ursaluna|72/100 brn|[from] brn\n|upkeep\n|\n|t:|1783822381\n|switch|p2a: Ogerpon|Ogerpon-Wellspring-Tera, F, tera:Water|83/100 tox\n|-ability|p2a: Ogerpon|Embody Aspect (Wellspring)|boost\n|-boost|p2a: Ogerpon|spd|1\n|turn|24\n|\n|t:|1783822391\n|switch|p1a: Glimmora|Glimmora, M|59/100\n|move|p2a: Ogerpon|Horn Leech|p1a: Glimmora\n|-damage|p1a: Glimmora|9/100\n|-heal|p2a: Ogerpon|100/100 tox|[from] drain|[of] p1a: Glimmora\n|\n|-damage|p2a: Ogerpon|95/100 tox|[from] psn\n|upkeep\n|turn|25\n|\n|t:|1783822395\n|move|p2a: Ogerpon|Horn Leech|p1a: Glimmora\n|-damage|p1a: Glimmora|0 fnt\n|-heal|p2a: Ogerpon|99/100 tox|[from] drain|[of] p1a: Glimmora\n|faint|p1a: Glimmora\n|\n|-damage|p2a: Ogerpon|87/100 tox|[from] psn\n|upkeep\n|\n|t:|1783822405\n|switch|p1a: Ursaluna|Ursaluna, F|72/100 brn\n|turn|26\n|\n|t:|1783822418\n|move|p2a: Ogerpon|Ivy Cudgel|p1a: Ursaluna|[anim] Ivy Cudgel Water\n|-supereffective|p1a: Ursaluna\n|-damage|p1a: Ursaluna|0 fnt\n|faint|p1a: Ursaluna\n|\n|-damage|p2a: Ogerpon|69/100 tox|[from] psn\n|upkeep\n|\n|t:|1783822424\n|switch|p1a: Kingambit|Kingambit, F|100/100\n|-activate|p1a: Kingambit|ability: Supreme Overlord\n|-start|p1a: Kingambit|fallen5|[silent]\n|turn|27\n|\n|t:|1783822427\n|move|p1a: Kingambit|Sucker Punch|p2a: Ogerpon\n|-damage|p2a: Ogerpon|0 fnt\n|faint|p2a: Ogerpon\n|detailschange|p2: Ogerpon|Ogerpon-Wellspring, F|[silent]\n|\n|win|chikadanceplz\n|raw|chikadanceplz's rating: 1621 &rarr; <strong>1643</strong><br />(+22 for winning)\n|raw|interceptor_xwing's rating: 1661 &rarr; <strong>1639</strong><br />(-22 for losing)\n|l|☆interceptor_xwing\n|player|p2|\n|l|‽chikadanceplz\n|player|p1|\n|l| choispecs ironmoth\n|j| dilf huntr\n|l| dilf huntr\n", "uploadtime": 1783822616, "views": 8, "formatid": "gen9ou", "rating": 1639, "private": 0, "password": null}