{"id": "gen9ou-2639283345", "format": "[Gen 9] OU", "players": ["thepeakmons", "dummydraedon"], "log": "|j|☆thepeakmons\n|j|☆dummydraedon\n|t:|1782445584\n|gametype|singles\n|player|p1|thepeakmons|101|1274\n|player|p2|dummydraedon|169|1181\n|gen|9\n|tier|[Gen 9] OU\n|rated|\n|rule|HP Percentage Mod: HP is shown in percentages\n|rule|Endless Battle Clause: Forcing endless battles is banned\n|rule|Species Clause: Limit one of each Pokémon\n|rule|OHKO Clause: OHKO moves are banned\n|rule|Evasion Items Clause: Evasion items are banned\n|rule|Evasion Moves Clause: Evasion moves are banned\n|rule|Evasion Abilities Clause: Evasion abilities are banned\n|rule|Sleep Moves Clause: Sleep-inducing moves are banned\n|clearpoke\n|poke|p1|Corviknight, M|\n|poke|p1|Ting-Lu|\n|poke|p1|Kyurem|\n|poke|p1|Dondozo, M|\n|poke|p1|Slowking-Galar, F|\n|poke|p1|Cinderace, F|\n|poke|p2|Vaporeon, F|\n|poke|p2|Tinkaton, F|\n|poke|p2|Pelipper, M|\n|poke|p2|Excadrill, M|\n|poke|p2|Barraskewda, M|\n|poke|p2|Zoroark-Hisui, M|\n|teampreview\n|inactive|Battle timer is ON: inactive players will automatically lose when time's up. (requested by thepeakmons)\n|\n|t:|1782445590\n|teamsize|p1|6\n|teamsize|p2|6\n|start\n|switch|p1a: Cinderace|Cinderace, F|100/100\n|switch|p2a: I smash vap|Tinkaton, F, shiny|100/100\n|turn|1\n|inactive|thepeakmons has 120 seconds left.\n|\n|t:|1782445624\n|switch|p2a: making vap wet|Pelipper, M|100/100\n|-weather|RainDance|[from] ability: Drizzle|[of] p2a: making vap wet\n|move|p1a: Cinderace|Pyro Ball|p2a: making vap wet\n|-resisted|p2a: making vap wet\n|-damage|p2a: making vap wet|86/100\n|\n|-weather|RainDance|[upkeep]\n|upkeep\n|turn|2\n|inactive|thepeakmons has 120 seconds left.\n|\n|t:|1782445636\n|move|p2a: making vap wet|Hurricane|p1a: Cinderace\n|-damage|p1a: Cinderace|45/100\n|-start|p1a: Cinderace|confusion\n|-activate|p1a: Cinderace|confusion\n|-damage|p1a: Cinderace|31/100|[from] confusion\n|\n|-weather|RainDance|[upkeep]\n|upkeep\n|turn|3\n|\n|t:|1782445643\n|switch|p1a: Kyurem|Kyurem|100/100\n|-ability|p1a: Kyurem|Pressure\n|move|p2a: making vap wet|Hurricane|p1a: Kyurem\n|-damage|p1a: Kyurem|59/100\n|\n|-weather|RainDance|[upkeep]\n|-heal|p1a: Kyurem|65/100|[from] item: Leftovers\n|upkeep\n|turn|4\n|\n|t:|1782445656\n|switch|p2a: I smash vap|Tinkaton, F, shiny|100/100\n|-ability|p2a: I smash vap|Mold Breaker\n|move|p1a: Kyurem|Freeze-Dry|p2a: I smash vap\n|-resisted|p2a: I smash vap\n|-damage|p2a: I smash vap|88/100\n|\n|-weather|RainDance|[upkeep]\n|-heal|p1a: Kyurem|71/100|[from] item: Leftovers\n|-heal|p2a: I smash vap|94/100|[from] item: Leftovers\n|upkeep\n|turn|5\n|\n|t:|1782445668\n|switch|p1a: Cinderace|Cinderace, F|31/100\n|move|p2a: I smash vap|Thunder Wave|p1a: Cinderace|[miss]\n|-miss|p2a: I smash vap|p1a: Cinderace\n|\n|-weather|none\n|-heal|p2a: I smash vap|100/100|[from] item: Leftovers\n|upkeep\n|turn|6\n|\n|t:|1782445672\n|move|p1a: Cinderace|Pyro Ball|p2a: I smash vap\n|-supereffective|p2a: I smash vap\n|-damage|p2a: I smash vap|0 fnt\n|faint|p2a: I smash vap\n|\n|upkeep\n|\n|t:|1782445676\n|switch|p2a: making vap wet|Pelipper, M|86/100\n|-weather|RainDance|[from] ability: Drizzle|[of] p2a: making vap wet\n|turn|7\n|\n|t:|1782445688\n|switch|p1a: Ting-Lu|Ting-Lu|100/100\n|-ability|p1a: Ting-Lu|Vessel of Ruin\n|move|p2a: making vap wet|Hurricane|p1a: Ting-Lu\n|-damage|p1a: Ting-Lu|81/100\n|-start|p1a: Ting-Lu|confusion\n|\n|-weather|RainDance|[upkeep]\n|-heal|p1a: Ting-Lu|87/100|[from] item: Leftovers\n|upkeep\n|turn|8\n|\n|t:|1782445701\n|switch|p2a: vap|Vaporeon, F|100/100\n|switch|p1a: Kyurem|Kyurem|71/100\n|-ability|p1a: Kyurem|Pressure\n|\n|-weather|RainDance|[upkeep]\n|-heal|p1a: Kyurem|77/100|[from] item: Leftovers\n|upkeep\n|turn|9\n|\n|t:|1782445710\n|move|p1a: Kyurem|Freeze-Dry|p2a: vap\n|-supereffective|p2a: vap\n|-damage|p2a: vap|45/100\n|move|p2a: vap|Scald|p1a: Kyurem\n|-resisted|p1a: Kyurem\n|-damage|p1a: Kyurem|57/100\n|\n|-weather|RainDance|[upkeep]\n|-heal|p1a: Kyurem|63/100|[from] item: Leftovers\n|-heal|p2a: vap|51/100|[from] item: Leftovers\n|upkeep\n|turn|10\n|inactive|dummydraedon has 120 seconds left.\n|\n|t:|1782445742\n|move|p2a: vap|Protect|p2a: vap\n|-singleturn|p2a: vap|Protect\n|move|p1a: Kyurem|Freeze-Dry|p2a: vap\n|-activate|p2a: vap|move: Protect\n|\n|-weather|RainDance|[upkeep]\n|-heal|p1a: Kyurem|69/100|[from] item: Leftovers\n|-heal|p2a: vap|57/100|[from] item: Leftovers\n|upkeep\n|turn|11\n|\n|t:|1782445755\n|move|p1a: Kyurem|Freeze-Dry|p2a: vap\n|-supereffective|p2a: vap\n|-damage|p2a: vap|6/100\n|-status|p2a: vap|frz\n|-curestatus|p2a: vap|frz|[from] move: Scald\n|move|p2a: vap|Scald|p1a: Kyurem\n|-resisted|p1a: Kyurem\n|-damage|p1a: Kyurem|47/100\n|\n|-weather|none\n|-heal|p1a: Kyurem|53/100|[from] item: Leftovers\n|-heal|p2a: vap|12/100|[from] item: Leftovers\n|upkeep\n|turn|12\n|\n|t:|1782445768\n|switch|p2a: making vap wet|Pelipper, M|86/100\n|-weather|RainDance|[from] ability: Drizzle|[of] p2a: making vap wet\n|move|p1a: Kyurem|Earth Power|p2a: making vap wet\n|-immune|p2a: making vap wet\n|\n|-weather|RainDance|[upkeep]\n|-heal|p1a: Kyurem|59/100|[from] item: Leftovers\n|upkeep\n|turn|13\n|inactive|thepeakmons has 120 seconds left.\n|\n|t:|1782445791\n|move|p2a: making vap wet|Hurricane|p1a: Kyurem\n|-damage|p1a: Kyurem|20/100\n|move|p1a: Kyurem|Earth Power|p2a: making vap wet\n|-immune|p2a: making vap wet\n|\n|-weather|RainDance|[upkeep]\n|-heal|p1a: Kyurem|26/100|[from] item: Leftovers\n|upkeep\n|turn|14\n|inactive|thepeakmons has 120 seconds left.\n|\n|t:|1782445806\n|move|p1a: Kyurem|Protect|p1a: Kyurem\n|-singleturn|p1a: Kyurem|Protect\n|move|p2a: making vap wet|Hurricane|p1a: Kyurem\n|-activate|p1a: Kyurem|move: Protect\n|\n|-weather|RainDance|[upkeep]\n|-heal|p1a: Kyurem|32/100|[from] item: Leftovers\n|upkeep\n|turn|15\n|inactive|thepeakmons has 120 seconds left.\n|\n|t:|1782445817\n|switch|p1a: Ting-Lu|Ting-Lu|87/100\n|-ability|p1a: Ting-Lu|Vessel of Ruin\n|move|p2a: making vap wet|Hurricane|p1a: Ting-Lu\n|-damage|p1a: Ting-Lu|68/100\n|-start|p1a: Ting-Lu|confusion\n|\n|-weather|RainDance|[upkeep]\n|-heal|p1a: Ting-Lu|74/100|[from] item: Leftovers\n|upkeep\n|turn|16\n|inactive|thepeakmons has 120 seconds left.\n|\n|t:|1782445832\n|switch|p2a: vap|Vaporeon, F|12/100\n|-activate|p1a: Ting-Lu|confusion\n|-damage|p1a: Ting-Lu|68/100|[from] confusion\n|\n|-weather|none\n|-heal|p2a: vap|18/100|[from] item: Leftovers\n|-heal|p1a: Ting-Lu|75/100|[from] item: Leftovers\n|upkeep\n|turn|17\n|\n|t:|1782445839\n|switch|p1a: Kyurem|Kyurem|32/100\n|-ability|p1a: Kyurem|Pressure\n|move|p2a: vap|Wish|p2a: vap\n|\n|-heal|p1a: Kyurem|38/100|[from] item: Leftovers\n|-heal|p2a: vap|24/100|[from] item: Leftovers\n|upkeep\n|turn|18\n|inactive|thepeakmons has 120 seconds left.\n|\n|t:|1782445846\n|move|p2a: vap|Protect|p2a: vap\n|-singleturn|p2a: vap|Protect\n|move|p1a: Kyurem|Freeze-Dry|p2a: vap\n|-activate|p2a: vap|move: Protect\n|\n|-heal|p2a: vap|74/100|[from] move: Wish|[wisher] vap\n|-heal|p1a: Kyurem|45/100|[from] item: Leftovers\n|-heal|p2a: vap|81/100|[from] item: Leftovers\n|upkeep\n|turn|19\n|inactive|thepeakmons has 120 seconds left.\n|\n|t:|1782445857\n|switch|p2a: making vap wet|Pelipper, M|86/100\n|-weather|RainDance|[from] ability: Drizzle|[of] p2a: making vap wet\n|move|p1a: Kyurem|Freeze-Dry|p2a: making vap wet\n|-supereffective|p2a: making vap wet\n|-crit|p2a: making vap wet\n|-damage|p2a: making vap wet|0 fnt\n|faint|p2a: making vap wet\n|\n|-weather|RainDance|[upkeep]\n|-heal|p1a: Kyurem|51/100|[from] item: Leftovers\n|upkeep\n|\n|t:|1782445860\n|switch|p2a: swimming in vap|Barraskewda, M|100/100\n|turn|20\n|\n|t:|1782445869\n|move|p2a: swimming in vap|Close Combat|p1a: Kyurem\n|-supereffective|p1a: Kyurem\n|-damage|p1a: Kyurem|0 fnt\n|-unboost|p2a: swimming in vap|def|1\n|-unboost|p2a: swimming in vap|spd|1\n|faint|p1a: Kyurem\n|-damage|p2a: swimming in vap|91/100|[from] item: Life Orb\n|\n|-weather|RainDance|[upkeep]\n|upkeep\n|\n|t:|1782445877\n|switch|p1a: Slowking|Slowking-Galar, F|100/100\n|turn|21\n|\n|t:|1782445891\n|move|p2a: swimming in vap|Crunch|p1a: Slowking\n|-supereffective|p1a: Slowking\n|-damage|p1a: Slowking|45/100\n|-damage|p2a: swimming in vap|81/100|[from] item: Life Orb\n|move|p1a: Slowking|Sludge Bomb|p2a: swimming in vap\n|-damage|p2a: swimming in vap|0 fnt\n|faint|p2a: swimming in vap\n|\n|-weather|RainDance|[upkeep]\n|upkeep\n|\n|t:|1782445895\n|switch|p2a: vap|Vaporeon, F|100/100\n|turn|22\n|\n|t:|1782445913\n|switch|p1a: Dondozo|Dondozo, M|100/100\n|move|p2a: vap|Hex|p1a: Dondozo\n|-damage|p1a: Dondozo|76/100\n|\n|-weather|RainDance|[upkeep]\n|-heal|p1a: Dondozo|83/100|[from] item: Leftovers\n|upkeep\n|turn|23\n|\n|t:|1782445925\n|switch|p2a: vap|Vaporeon, F|81/100\n|move|p1a: Dondozo|Curse|p1a: Dondozo\n|-unboost|p1a: Dondozo|spe|1\n|-boost|p1a: Dondozo|atk|1\n|-boost|p1a: Dondozo|def|1\n|\n|-weather|none\n|-heal|p2a: vap|87/100|[from] item: Leftovers\n|-heal|p1a: Dondozo|89/100|[from] item: Leftovers\n|upkeep\n|turn|24\n|\n|t:|1782445937\n|move|p2a: vap|Haze|p2a: vap\n|-clearallboost\n|move|p1a: Dondozo|Body Press|p2a: vap\n|-damage|p2a: vap|71/100\n|\n|-heal|p2a: vap|78/100|[from] item: Leftovers\n|-heal|p1a: Dondozo|95/100|[from] item: Leftovers\n|upkeep\n|turn|25\n|\n|t:|1782445949\n|move|p2a: vap|Scald|p1a: Dondozo\n|-resisted|p1a: Dondozo\n|-crit|p1a: Dondozo\n|-damage|p1a: Dondozo|81/100\n|move|p1a: Dondozo|Body Press|p2a: vap\n|-damage|p2a: vap|63/100\n|\n|-heal|p2a: vap|69/100|[from] item: Leftovers\n|-heal|p1a: Dondozo|87/100|[from] item: Leftovers\n|upkeep\n|turn|26\n|\n|t:|1782445963\n|move|p2a: vap|Wish|p2a: vap\n|move|p1a: Dondozo|Body Press|p2a: vap\n|-damage|p2a: vap|53/100\n|\n|-heal|p2a: vap|59/100|[from] item: Leftovers\n|-heal|p1a: Dondozo|93/100|[from] item: Leftovers\n|upkeep\n|turn|27\n|\n|t:|1782445974\n|switch|p2a: vap|Vaporeon, F|100/100\n|switch|p1a: Ting-Lu|Ting-Lu|75/100\n|-ability|p1a: Ting-Lu|Vessel of Ruin\n|\n|-heal|p1a: Ting-Lu|81/100|[from] item: Leftovers\n|upkeep\n|turn|28\n|\n|t:|1782445986\n|move|p2a: vap|Trick|p1a: Ting-Lu\n|-activate|p2a: vap|move: Trick|[of] p1a: Ting-Lu\n|-item|p1a: Ting-Lu|Choice Scarf|[from] move: Trick\n|-item|p2a: vap|Leftovers|[from] move: Trick\n|move|p1a: Ting-Lu|Earthquake|p2a: vap\n|-damage|p2a: vap|29/100\n|replace|p2a: i think im vap|Zoroark-Hisui, M\n|-end|p2a: i think im vap|Illusion\n|\n|-heal|p2a: i think im vap|35/100|[from] item: Leftovers\n|upkeep\n|turn|29\n|\n|t:|1782446004\n|switch|p2a: vap|Vaporeon, F|59/100\n|move|p1a: Ting-Lu|Earthquake|p2a: vap\n|-damage|p2a: vap|33/100\n|\n|-heal|p2a: vap|39/100|[from] item: Leftovers\n|upkeep\n|turn|30\n|inactive|thepeakmons has 120 seconds left.\n|\n|t:|1782446019\n|move|p1a: Ting-Lu|Earthquake|p2a: vap\n|-damage|p2a: vap|12/100\n|move|p2a: vap|Wish|p2a: vap\n|\n|-heal|p2a: vap|18/100|[from] item: Leftovers\n|upkeep\n|turn|31\n|inactive|thepeakmons has 120 seconds left.\n|\n|t:|1782446043\n|switch|p1a: Cinderace|Cinderace, F|31/100\n|move|p2a: vap|Protect||[still]\n|-fail|p2a: vap\n|\n|-heal|p2a: vap|68/100|[from] move: Wish|[wisher] vap\n|-heal|p2a: vap|75/100|[from] item: Leftovers\n|upkeep\n|turn|32\n|\n|t:|1782446062\n|move|p1a: Cinderace|Pyro Ball|p2a: vap\n|-resisted|p2a: vap\n|-damage|p2a: vap|49/100\n|move|p2a: vap|Wish|p2a: vap\n|\n|-heal|p2a: vap|55/100|[from] item: Leftovers\n|upkeep\n|turn|33\n|\n|t:|1782446075\n|move|p1a: Cinderace|Pyro Ball|p2a: vap\n|-resisted|p2a: vap\n|-damage|p2a: vap|28/100\n|move|p2a: vap|Scald|p1a: Cinderace\n|-supereffective|p1a: Cinderace\n|-damage|p1a: Cinderace|0 fnt\n|faint|p1a: Cinderace\n|\n|-heal|p2a: vap|78/100|[from] move: Wish|[wisher] vap\n|-heal|p2a: vap|84/100|[from] item: Leftovers\n|upkeep\n|\n|t:|1782446093\n|switch|p1a: Slowking|Slowking-Galar, F|78/100\n|turn|34\n|\n|t:|1782446103\n|move|p2a: vap|Protect|p2a: vap\n|-singleturn|p2a: vap|Protect\n|move|p1a: Slowking|Sludge Bomb|p2a: vap\n|-activate|p2a: vap|move: Protect\n|\n|-heal|p2a: vap|90/100|[from] item: Leftovers\n|upkeep\n|turn|35\n|\n|t:|1782446110\n|move|p2a: vap|Wish|p2a: vap\n|move|p1a: Slowking|Sludge Bomb|p2a: vap\n|-damage|p2a: vap|66/100\n|\n|-heal|p2a: vap|72/100|[from] item: Leftovers\n|upkeep\n|turn|36\n|\n|t:|1782446116\n|switch|p2a: dig deep in vap|Excadrill, M, shiny|100/100\n|-ability|p2a: dig deep in vap|Mold Breaker\n|-item|p2a: dig deep in vap|Air Balloon\n|-prepare|p1a: Slowking|Chilly Reception|[premajor]\n|move|p1a: Slowking|Chilly Reception|p1a: Slowking\n|-weather|Snowscape\n|\n|t:|1782446123\n|switch|p1a: Dondozo|Dondozo, M|93/100|[from] Chilly Reception\n|\n|-weather|Snowscape|[upkeep]\n|-heal|p1a: Dondozo|99/100|[from] item: Leftovers\n|upkeep\n|turn|37\n|\n|t:|1782446131\n|switch|p2a: vap|Vaporeon, F|72/100\n|switch|p1a: Slowking|Slowking-Galar, F|100/100\n|\n|-weather|Snowscape|[upkeep]\n|-heal|p2a: vap|79/100|[from] item: Leftovers\n|upkeep\n|turn|38\n|inactive|thepeakmons has 120 seconds left.\n|\n|t:|1782446142\n|move|p2a: vap|Wish|p2a: vap\n|move|p1a: Slowking|Sludge Bomb|p2a: vap\n|-damage|p2a: vap|54/100\n|-status|p2a: vap|psn\n|\n|-weather|Snowscape|[upkeep]\n|-heal|p2a: vap|60/100 psn|[from] item: Leftovers\n|-damage|p2a: vap|48/100 psn|[from] psn\n|upkeep\n|turn|39\n|inactive|thepeakmons has 120 seconds left.\n|\n|t:|1782446154\n|move|p2a: vap|Scald|p1a: Slowking\n|-damage|p1a: Slowking|76/100\n|move|p1a: Slowking|Future Sight|p2a: vap\n|-start|p1a: Slowking|move: Future Sight\n|\n|-weather|Snowscape|[upkeep]\n|-heal|p2a: vap|98/100 psn|[from] move: Wish|[wisher] vap\n|-heal|p2a: vap|100/100 psn|[from] item: Leftovers\n|-damage|p2a: vap|88/100 psn|[from] psn\n|upkeep\n|turn|40\n|\n|t:|1782446162\n|move|p2a: vap|Wish|p2a: vap\n|move|p1a: Slowking|Sludge Bomb|p2a: vap\n|-damage|p2a: vap|64/100 psn\n|\n|-weather|none\n|-heal|p2a: vap|70/100 psn|[from] item: Leftovers\n|-damage|p2a: vap|58/100 psn|[from] psn\n|upkeep\n|turn|41\n|\n|t:|1782446174\n|move|p2a: vap|Scald|p1a: Slowking\n|-damage|p1a: Slowking|52/100\n|move|p1a: Slowking|Sludge Bomb|p2a: vap\n|-damage|p2a: vap|30/100 psn\n|\n|-end|p2a: vap|move: Future Sight\n|-damage|p2a: vap|0 fnt\n|faint|p2a: vap\n|upkeep\n|\n|t:|1782446179\n|switch|p2a: dig deep in vap|Excadrill, M, shiny|35/100\n|turn|42\n|\n|t:|1782446185\n|switch|p1a: Dondozo|Dondozo, M|99/100\n|move|p2a: dig deep in vap|Hex|p1a: Dondozo\n|-damage|p1a: Dondozo|77/100\n|\n|-heal|p2a: dig deep in vap|41/100|[from] item: Leftovers\n|-heal|p1a: Dondozo|83/100|[from] item: Leftovers\n|upkeep\n|turn|43\n|\n|t:|1782446195\n|move|p2a: dig deep in vap|Will-O-Wisp|p1a: Dondozo\n|-status|p1a: Dondozo|brn\n|move|p1a: Dondozo|Waterfall|p2a: dig deep in vap\n|-damage|p2a: dig deep in vap|14/100\n|replace|p2a: i think im vap|Zoroark-Hisui, M\n|-end|p2a: i think im vap|Illusion\n|\n|-heal|p2a: i think im vap|20/100|[from] item: Leftovers\n|-heal|p1a: Dondozo|89/100 brn|[from] item: Leftovers\n|-damage|p1a: Dondozo|83/100 brn|[from] brn\n|upkeep\n|turn|44\n|\n|t:|1782446214\n|move|p2a: i think im vap|Hex|p1a: Dondozo\n|-damage|p1a: Dondozo|33/100 brn\n|move|p1a: Dondozo|Waterfall|p2a: i think im vap\n|-damage|p2a: i think im vap|0 fnt\n|faint|p2a: i think im vap\n|\n|-heal|p1a: Dondozo|39/100 brn|[from] item: Leftovers\n|-damage|p1a: Dondozo|33/100 brn|[from] brn\n|upkeep\n|\n|t:|1782446218\n|switch|p2a: dig deep in vap|Excadrill, M, shiny|100/100\n|-ability|p2a: dig deep in vap|Mold Breaker\n|-item|p2a: dig deep in vap|Air Balloon\n|turn|45\n|\n|t:|1782446234\n|move|p2a: dig deep in vap|Earthquake|p1a: Dondozo\n|-damage|p1a: Dondozo|0 fnt\n|faint|p1a: Dondozo\n|\n|upkeep\n|\n|t:|1782446246\n|switch|p1a: Corviknight|Corviknight, M|100/100\n|-ability|p1a: Corviknight|Pressure\n|turn|46\n|\n|t:|1782446259\n|move|p2a: dig deep in vap|Rock Slide|p1a: Corviknight\n|-damage|p1a: Corviknight|83/100\n|move|p1a: Corviknight|U-turn|p2a: dig deep in vap\n|-resisted|p2a: dig deep in vap\n|-damage|p2a: dig deep in vap|91/100\n|-enditem|p2a: dig deep in vap|Air Balloon\n|inactive|thepeakmons has 120 seconds left.\n|\n|t:|1782446277\n|switch|p1a: Ting-Lu|Ting-Lu|81/100|[from] U-turn\n|-ability|p1a: Ting-Lu|Vessel of Ruin\n|\n|upkeep\n|turn|47\n|inactive|thepeakmons has 120 seconds left.\n|\n|t:|1782446284\n|-terastallize|p2a: dig deep in vap|Ice\n|move|p2a: dig deep in vap|Earthquake|p1a: Ting-Lu\n|-damage|p1a: Ting-Lu|53/100\n|move|p1a: Ting-Lu|Earthquake|p2a: dig deep in vap\n|-damage|p2a: dig deep in vap|36/100\n|\n|upkeep\n|turn|48\n|-message|dummydraedon forfeited.\n|\n|win|thepeakmons\n|raw|thepeakmons's rating: 1278 &rarr; <strong>1298</strong><br />(+20 for winning)\n|raw|dummydraedon's rating: 1211 &rarr; <strong>1191</strong><br />(-20 for losing)\n|l|☆dummydraedon\n|player|p2|\n", "uploadtime": 1782446299, "views": 13, "formatid": "gen9ou", "rating": 1191, "private": 0, "password": null}