{"id": "gen9ou-2540471332", "format": "[Gen 9] OU", "players": ["Log god neo", "mankindes"], "log": "|j|☆Log god neo\n|j|☆mankindes\n|t:|1771206157\n|gametype|singles\n|player|p1|Log god neo|170|1619\n|player|p2|mankindes|265|1634\n|gen|9\n|tier|[Gen 9] OU\n|rated|\n|rule|HP Percentage Mod: HP is shown in percentages\n|rule|Endless Battle Clause: Forcing endless battles is banned\n|rule|Species Clause: Limit one of each Pokémon\n|rule|OHKO Clause: OHKO moves are banned\n|rule|Evasion Items Clause: Evasion items are banned\n|rule|Evasion Moves Clause: Evasion moves are banned\n|rule|Evasion Abilities Clause: Evasion abilities are banned\n|rule|Sleep Moves Clause: Sleep-inducing moves are banned\n|clearpoke\n|poke|p1|Tyranitar, F|\n|poke|p1|Kyurem|\n|poke|p1|Staraptor, M|\n|poke|p1|Garchomp, F|\n|poke|p1|Torkoal, M|\n|poke|p1|Dragonite, M|\n|poke|p2|Raging Bolt|\n|poke|p2|Gliscor, F|\n|poke|p2|Iron Valiant|\n|poke|p2|Corviknight, M|\n|poke|p2|Kingambit, F|\n|poke|p2|Iron Moth|\n|teampreview\n|inactive|Battle timer is ON: inactive players will automatically lose when time's up. (requested by Log god neo)\n|\n|t:|1771206160\n|teamsize|p1|6\n|teamsize|p2|6\n|start\n|switch|p1a: VODECi III|Kyurem, shiny|100/100\n|switch|p2a: Iron Valiant|Iron Valiant|100/100\n|-ability|p1a: VODECi III|Pressure\n|turn|1\n|\n|t:|1771206165\n|switch|p1a: OVO CHUBBS|Torkoal, M, shiny|100/100\n|-weather|SunnyDay|[from] ability: Drought|[of] p1a: OVO CHUBBS\n|move|p2a: Iron Valiant|Close Combat|p1a: OVO CHUBBS\n|-damage|p1a: OVO CHUBBS|55/100\n|-unboost|p2a: Iron Valiant|def|1\n|-unboost|p2a: Iron Valiant|spd|1\n|-damage|p2a: Iron Valiant|91/100|[from] item: Life Orb\n|\n|-weather|SunnyDay|[upkeep]\n|upkeep\n|turn|2\n|\n|t:|1771206172\n|-end|p2a: Iron Valiant|Quark Drive|[silent]\n|switch|p2a: Raging Bolt|Raging Bolt|100/100\n|-activate|p2a: Raging Bolt|ability: Protosynthesis\n|-start|p2a: Raging Bolt|protosynthesisspa\n|move|p1a: OVO CHUBBS|Lava Plume|p2a: Raging Bolt\n|-resisted|p2a: Raging Bolt\n|-damage|p2a: Raging Bolt|86/100\n|-status|p2a: Raging Bolt|brn\n|\n|-weather|SunnyDay|[upkeep]\n|-damage|p2a: Raging Bolt|79/100 brn|[from] brn\n|upkeep\n|turn|3\n|\n|t:|1771206177\n|switch|p1a: DA LAST REX(3005)|Tyranitar, F, shiny|100/100\n|-weather|Sandstorm|[from] ability: Sand Stream|[of] p1a: DA LAST REX(3005)\n|-end|p2a: Raging Bolt|Protosynthesis\n|move|p2a: Raging Bolt|Draco Meteor|p1a: DA LAST REX(3005)\n|-damage|p1a: DA LAST REX(3005)|69/100\n|-unboost|p2a: Raging Bolt|spa|2\n|\n|-weather|Sandstorm|[upkeep]\n|-damage|p2a: Raging Bolt|73/100 brn|[from] Sandstorm\n|-damage|p2a: Raging Bolt|67/100 brn|[from] brn\n|upkeep\n|turn|4\n|\n|t:|1771206184\n|-end|p2a: Raging Bolt|Protosynthesis|[silent]\n|switch|p2a: Corviknight|Corviknight, M|100/100\n|move|p1a: DA LAST REX(3005)|Knock Off|p2a: Corviknight\n|-damage|p2a: Corviknight|67/100\n|-damage|p1a: DA LAST REX(3005)|52/100|[from] item: Rocky Helmet|[of] p2a: Corviknight\n|-enditem|p2a: Corviknight|Rocky Helmet|[from] move: Knock Off|[of] p1a: DA LAST REX(3005)\n|\n|-weather|Sandstorm|[upkeep]\n|upkeep\n|turn|5\n|\n|t:|1771206190\n|switch|p1a: I HAVE NO ENEMIES|Garchomp, F|100/100\n|move|p2a: Corviknight|U-turn|p1a: I HAVE NO ENEMIES\n|-damage|p1a: I HAVE NO ENEMIES|91/100\n|-damage|p2a: Corviknight|55/100|[from] ability: Rough Skin|[of] p1a: I HAVE NO ENEMIES\n|-damage|p2a: Corviknight|38/100|[from] item: Rocky Helmet|[of] p1a: I HAVE NO ENEMIES\n|\n|t:|1771206198\n|switch|p2a: Gliscor|Gliscor, F|100/100|[from] U-turn\n|\n|-weather|Sandstorm|[upkeep]\n|-status|p2a: Gliscor|tox|[from] item: Toxic Orb\n|upkeep\n|turn|6\n|\n|t:|1771206203\n|move|p1a: I HAVE NO ENEMIES|Stealth Rock|p2a: Gliscor\n|-sidestart|p2: mankindes|move: Stealth Rock\n|move|p2a: Gliscor|Toxic|p1a: I HAVE NO ENEMIES\n|-status|p1a: I HAVE NO ENEMIES|tox\n|\n|-weather|Sandstorm|[upkeep]\n|-damage|p1a: I HAVE NO ENEMIES|85/100 tox|[from] psn\n|upkeep\n|turn|7\n|\n|t:|1771206206\n|move|p1a: I HAVE NO ENEMIES|Spikes|p2a: Gliscor\n|-sidestart|p2: mankindes|Spikes\n|move|p2a: Gliscor|Spikes|p1a: I HAVE NO ENEMIES\n|-sidestart|p1: Log god neo|Spikes\n|\n|-weather|none\n|-damage|p1a: I HAVE NO ENEMIES|73/100 tox|[from] psn\n|upkeep\n|turn|8\n|\n|t:|1771206209\n|move|p1a: I HAVE NO ENEMIES|Spikes|p2a: Gliscor\n|-sidestart|p2: mankindes|Spikes\n|move|p2a: Gliscor|Spikes|p1a: I HAVE NO ENEMIES\n|-sidestart|p1: Log god neo|Spikes\n|\n|-damage|p1a: I HAVE NO ENEMIES|54/100 tox|[from] psn\n|upkeep\n|turn|9\n|\n|t:|1771206211\n|move|p1a: I HAVE NO ENEMIES|Rest|p1a: I HAVE NO ENEMIES\n|-status|p1a: I HAVE NO ENEMIES|slp|[from] move: Rest\n|-heal|p1a: I HAVE NO ENEMIES|100/100 slp|[silent]\n|move|p2a: Gliscor|Spikes|p1a: I HAVE NO ENEMIES\n|-sidestart|p1: Log god neo|Spikes\n|\n|upkeep\n|turn|10\n|\n|t:|1771206217\n|switch|p1a: VODECi III|Kyurem, shiny|100/100\n|-damage|p1a: VODECi III|76/100|[from] Spikes\n|-ability|p1a: VODECi III|Pressure\n|switch|p2a: Corviknight|Corviknight, M|38/100\n|-damage|p2a: Corviknight|26/100|[from] Stealth Rock\n|\n|upkeep\n|turn|11\n|\n|t:|1771206221\n|move|p1a: VODECi III|Ice Beam|p2a: Corviknight\n|-damage|p2a: Corviknight|0 fnt\n|faint|p2a: Corviknight\n|\n|upkeep\n|\n|t:|1771206224\n|switch|p2a: Iron Valiant|Iron Valiant|91/100\n|-damage|p2a: Iron Valiant|85/100|[from] Stealth Rock\n|-damage|p2a: Iron Valiant|68/100|[from] Spikes\n|turn|12\n|\n|t:|1771206228\n|-terastallize|p1a: VODECi III|Ghost\n|move|p2a: Iron Valiant|Close Combat|p1a: VODECi III\n|-immune|p1a: VODECi III\n|move|p1a: VODECi III|Ice Beam|p2a: Iron Valiant\n|-damage|p2a: Iron Valiant|0 fnt\n|faint|p2a: Iron Valiant\n|-end|p2a: Iron Valiant|Quark Drive|[silent]\n|\n|upkeep\n|\n|t:|1771206234\n|switch|p2a: Kingambit|Kingambit, F, shiny|100/100\n|-damage|p2a: Kingambit|94/100|[from] Stealth Rock\n|-damage|p2a: Kingambit|78/100|[from] Spikes\n|-activate|p2a: Kingambit|ability: Supreme Overlord\n|-start|p2a: Kingambit|fallen2|[silent]\n|turn|13\n|\n|t:|1771206237\n|switch|p1a: OVO CHUBBS|Torkoal, M, shiny|55/100\n|-weather|SunnyDay|[from] ability: Drought|[of] p1a: OVO CHUBBS\n|move|p2a: Kingambit|Kowtow Cleave|p1a: OVO CHUBBS\n|-damage|p1a: OVO CHUBBS|19/100\n|\n|-weather|SunnyDay|[upkeep]\n|-heal|p2a: Kingambit|84/100|[from] item: Leftovers\n|upkeep\n|turn|14\n|\n|t:|1771206242\n|move|p2a: Kingambit|Kowtow Cleave|p1a: OVO CHUBBS\n|-damage|p1a: OVO CHUBBS|0 fnt\n|faint|p1a: OVO CHUBBS\n|\n|-weather|SunnyDay|[upkeep]\n|-heal|p2a: Kingambit|90/100|[from] item: Leftovers\n|upkeep\n|\n|t:|1771206246\n|switch|p1a: BIRD JESUS|Staraptor, M|100/100\n|turn|15\n|\n|t:|1771206251\n|-terastallize|p2a: Kingambit|Flying\n|move|p1a: BIRD JESUS|Close Combat|p2a: Kingambit\n|-resisted|p2a: Kingambit\n|-damage|p2a: Kingambit|66/100\n|-unboost|p1a: BIRD JESUS|def|1\n|-unboost|p1a: BIRD JESUS|spd|1\n|move|p2a: Kingambit|Kowtow Cleave|p1a: BIRD JESUS\n|-damage|p1a: BIRD JESUS|0 fnt\n|faint|p1a: BIRD JESUS\n|\n|-weather|SunnyDay|[upkeep]\n|-heal|p2a: Kingambit|72/100|[from] item: Leftovers\n|upkeep\n|\n|t:|1771206259\n|switch|p1a: FAT CHARIZARD|Dragonite, M, shiny|100/100\n|turn|16\n|\n|t:|1771206262\n|move|p1a: FAT CHARIZARD|Fire Punch|p2a: Kingambit\n|-damage|p2a: Kingambit|42/100\n|move|p2a: Kingambit|Kowtow Cleave|p1a: FAT CHARIZARD\n|-damage|p1a: FAT CHARIZARD|68/100\n|\n|-weather|SunnyDay|[upkeep]\n|-heal|p2a: Kingambit|48/100|[from] item: Leftovers\n|upkeep\n|turn|17\n|\n|t:|1771206267\n|move|p1a: FAT CHARIZARD|Fire Punch|p2a: Kingambit\n|-damage|p2a: Kingambit|13/100\n|move|p2a: Kingambit|Kowtow Cleave|p1a: FAT CHARIZARD\n|-damage|p1a: FAT CHARIZARD|5/100\n|\n|-weather|none\n|-heal|p2a: Kingambit|20/100|[from] item: Leftovers\n|upkeep\n|turn|18\n|\n|t:|1771206270\n|switch|p1a: I HAVE NO ENEMIES|Garchomp, F|100/100 slp\n|-damage|p1a: I HAVE NO ENEMIES|76/100 slp|[from] Spikes\n|move|p2a: Kingambit|Sucker Punch||[still]\n|-fail|p2a: Kingambit\n|\n|-heal|p2a: Kingambit|26/100|[from] item: Leftovers\n|upkeep\n|turn|19\n|\n|t:|1771206275\n|cant|p1a: I HAVE NO ENEMIES|slp\n|move|p2a: Kingambit|Swords Dance|p2a: Kingambit\n|-boost|p2a: Kingambit|atk|2\n|\n|-heal|p2a: Kingambit|32/100|[from] item: Leftovers\n|upkeep\n|turn|20\n|\n|t:|1771206284\n|move|p2a: Kingambit|Sucker Punch|p1a: I HAVE NO ENEMIES\n|-damage|p1a: I HAVE NO ENEMIES|15/100 slp\n|-damage|p2a: Kingambit|20/100|[from] ability: Rough Skin|[of] p1a: I HAVE NO ENEMIES\n|-damage|p2a: Kingambit|3/100|[from] item: Rocky Helmet|[of] p1a: I HAVE NO ENEMIES\n|cant|p1a: I HAVE NO ENEMIES|slp\n|\n|-heal|p2a: Kingambit|9/100|[from] item: Leftovers\n|upkeep\n|turn|21\n|\n|t:|1771206292\n|move|p2a: Kingambit|Sucker Punch|p1a: I HAVE NO ENEMIES\n|-damage|p1a: I HAVE NO ENEMIES|0 fnt\n|-damage|p2a: Kingambit|0 fnt|[from] ability: Rough Skin|[of] p1a: I HAVE NO ENEMIES\n|faint|p1a: I HAVE NO ENEMIES\n|faint|p2a: Kingambit\n|-end|p2a: Kingambit|fallen2|[silent]\n|\n|upkeep\n|\n|t:|1771206311\n|switch|p1a: FAT CHARIZARD|Dragonite, M, shiny|5/100\n|switch|p2a: Raging Bolt|Raging Bolt|67/100 brn\n|-damage|p2a: Raging Bolt|55/100 brn|[from] Stealth Rock\n|-damage|p2a: Raging Bolt|38/100 brn|[from] Spikes\n|turn|22\n|\n|t:|1771206316\n|move|p1a: FAT CHARIZARD|Dragon Dance|p1a: FAT CHARIZARD\n|-boost|p1a: FAT CHARIZARD|atk|1\n|-boost|p1a: FAT CHARIZARD|spe|1\n|move|p2a: Raging Bolt|Volt Switch|p1a: FAT CHARIZARD\n|-damage|p1a: FAT CHARIZARD|0 fnt\n|faint|p1a: FAT CHARIZARD\n|\n|t:|1771206323\n|-end|p2a: Raging Bolt|Protosynthesis|[silent]\n|switch|p2a: Gliscor|Gliscor, F|100/100 tox|[from] Volt Switch\n|-damage|p2a: Gliscor|88/100 tox|[from] Stealth Rock\n|\n|-heal|p2a: Gliscor|100/100 tox|[from] ability: Poison Heal\n|upkeep\n|\n|t:|1771206326\n|switch|p1a: VODECi III|Kyurem, shiny, tera:Ghost|76/100\n|-damage|p1a: VODECi III|51/100|[from] Spikes\n|-ability|p1a: VODECi III|Pressure\n|turn|23\n|\n|t:|1771206330\n|move|p1a: VODECi III|Ice Beam|p2a: Gliscor\n|-supereffective|p2a: Gliscor\n|-damage|p2a: Gliscor|0 fnt\n|faint|p2a: Gliscor\n|\n|upkeep\n|\n|t:|1771206334\n|switch|p2a: Iron Moth|Iron Moth|100/100\n|-damage|p2a: Iron Moth|76/100|[from] Stealth Rock\n|-damage|p2a: Iron Moth|59/100|[from] Spikes\n|turn|24\n|\n|t:|1771206337\n|move|p2a: Iron Moth|Overheat|p1a: VODECi III\n|-damage|p1a: VODECi III|0 fnt\n|-unboost|p2a: Iron Moth|spa|2\n|faint|p1a: VODECi III\n|\n|upkeep\n|\n|t:|1771206339\n|switch|p1a: DA LAST REX(3005)|Tyranitar, F, shiny|52/100\n|-damage|p1a: DA LAST REX(3005)|27/100|[from] Spikes\n|-weather|Sandstorm|[from] ability: Sand Stream|[of] p1a: DA LAST REX(3005)\n|turn|25\n|\n|t:|1771206343\n|move|p2a: Iron Moth|Overheat|p1a: DA LAST REX(3005)\n|-resisted|p1a: DA LAST REX(3005)\n|-damage|p1a: DA LAST REX(3005)|22/100\n|-unboost|p2a: Iron Moth|spa|2\n|move|p1a: DA LAST REX(3005)|Knock Off|p2a: Iron Moth\n|-damage|p2a: Iron Moth|0 fnt\n|-enditem|p2a: Iron Moth|Choice Scarf|[from] move: Knock Off|[of] p1a: DA LAST REX(3005)\n|faint|p2a: Iron Moth\n|-end|p2a: Iron Moth|Quark Drive|[silent]\n|\n|-weather|Sandstorm|[upkeep]\n|upkeep\n|\n|t:|1771206347\n|switch|p2a: Raging Bolt|Raging Bolt|38/100 brn\n|-damage|p2a: Raging Bolt|26/100 brn|[from] Stealth Rock\n|-damage|p2a: Raging Bolt|9/100 brn|[from] Spikes\n|turn|26\n|\n|t:|1771206351\n|move|p2a: Raging Bolt|Draco Meteor|p1a: DA LAST REX(3005)\n|-damage|p1a: DA LAST REX(3005)|0 fnt\n|-unboost|p2a: Raging Bolt|spa|2\n|faint|p1a: DA LAST REX(3005)\n|\n|win|mankindes\n|raw|Log god neo's rating: 1619 &rarr; <strong>1600</strong><br />(-19 for losing)\n|raw|mankindes's rating: 1634 &rarr; <strong>1653</strong><br />(+19 for winning)\n|l|☆Log god neo\n|player|p1|\n|l|☆mankindes\n|player|p2|\n", "uploadtime": 1771206588, "views": 8, "formatid": "gen9ou", "rating": 1600, "private": 0, "password": null}