{"id": "gen9ou-2640026805", "format": "[Gen 9] OU", "players": ["Auburn Hills", "HO Only Bitch"], "log": "|badge|p2|silver|gen9ou|30-9\n|html|<div class=\"broadcast-red\"><strong>This battle is required to be public due to one or more player having a season medal.</strong><br />During the public phase, you can discuss the state of the ladder <a href=\"/seasondiscussion\">in a special chatroom.</a></div>\n|uhtml|medal-msg|<div class=\"broadcast-blue\">Curious what those medals under the avatar are? PS now has Ladder Seasons! For more information, check out the <a href=\"https://www.smogon.com/forums/threads/3740067/\">thread on Smogon.</a></div>\n|j|☆Auburn Hills\n|j|☆HO Only Bitch\n|t:|1782566159\n|gametype|singles\n|player|p1|Auburn Hills|alder|1778\n|player|p2|HO Only Bitch|giovanni|1994\n|gen|9\n|tier|[Gen 9] OU\n|rated|\n|rule|HP Percentage Mod: HP is shown in percentages\n|rule|Endless Battle Clause: Forcing endless battles is banned\n|rule|Species Clause: Limit one of each Pokémon\n|rule|OHKO Clause: OHKO moves are banned\n|rule|Evasion Items Clause: Evasion items are banned\n|rule|Evasion Moves Clause: Evasion moves are banned\n|rule|Evasion Abilities Clause: Evasion abilities are banned\n|rule|Sleep Moves Clause: Sleep-inducing moves are banned\n|clearpoke\n|poke|p1|Iron Moth|\n|poke|p1|Umbreon, M|\n|poke|p1|Garchomp, F|\n|poke|p1|Glimmora, F|\n|poke|p1|Gholdengo|\n|poke|p1|Dragonite, M|\n|poke|p2|Clodsire, M|\n|poke|p2|Toxapex, F|\n|poke|p2|Corviknight, F|\n|poke|p2|Dondozo, M|\n|poke|p2|Clefable, M|\n|poke|p2|Gliscor, F|\n|teampreview\n|\n|t:|1782566185\n|teamsize|p1|6\n|teamsize|p2|6\n|start\n|switch|p1a: Elucid|Dragonite, M|100/100\n|switch|p2a: take your time|Toxapex, F|100/100\n|turn|1\n|j| Garden of Dreams\n|inactive|Battle timer is ON: inactive players will automatically lose when time's up. (requested by HO Only Bitch)\n|\n|t:|1782566191\n|switch|p1a: Glimmora|Glimmora, F|100/100\n|move|p2a: take your time|Baneful Bunker||[still]\n|-fail|p2a: take your time\n|\n|upkeep\n|turn|2\n|\n|t:|1782566197\n|move|p1a: Glimmora|Stealth Rock|p2a: take your time\n|-sidestart|p2: HO Only Bitch|move: Stealth Rock\n|move|p2a: take your time|Infestation|p1a: Glimmora\n|-resisted|p1a: Glimmora\n|-damage|p1a: Glimmora|99/100\n|-activate|p1a: Glimmora|move: Infestation|[of] p2a: take your time\n|\n|-damage|p1a: Glimmora|87/100|[from] move: Infestation|[partiallytrapped]\n|upkeep\n|turn|3\n|\n|t:|1782566205\n|move|p2a: take your time|Baneful Bunker|p2a: take your time\n|-singleturn|p2a: take your time|move: Protect\n|move|p1a: Glimmora|Earth Power|p2a: take your time\n|-activate|p2a: take your time|move: Protect\n|\n|-damage|p1a: Glimmora|74/100|[from] move: Infestation|[partiallytrapped]\n|upkeep\n|turn|4\n|\n|t:|1782566214\n|switch|p2a: per my last turn|Corviknight, F|100/100\n|-damage|p2a: per my last turn|88/100|[from] Stealth Rock\n|-ability|p2a: per my last turn|Pressure\n|move|p1a: Glimmora|Earth Power|p2a: per my last turn\n|-immune|p2a: per my last turn\n|\n|-heal|p2a: per my last turn|94/100|[from] item: Leftovers\n|-end|p1a: Glimmora|Infestation|[partiallytrapped]|[silent]\n|upkeep\n|turn|5\n|\n|t:|1782566225\n|switch|p1a: Smino|Gholdengo|100/100\n|move|p2a: per my last turn|Defog|p1a: Smino\n|-immune|p1a: Smino|[from] ability: Good as Gold\n|\n|-heal|p2a: per my last turn|100/100|[from] item: Leftovers\n|upkeep\n|turn|6\n|\n|t:|1782566233\n|move|p2a: per my last turn|Protect|p2a: per my last turn\n|-singleturn|p2a: per my last turn|Protect\n|move|p1a: Smino|Trick|p2a: per my last turn\n|-activate|p2a: per my last turn|move: Protect\n|\n|upkeep\n|turn|7\n|\n|t:|1782566248\n|switch|p2a: take your time|Toxapex, F|100/100\n|-damage|p2a: take your time|88/100|[from] Stealth Rock\n|move|p1a: Smino|Trick|p2a: take your time\n|-activate|p1a: Smino|move: Trick|[of] p2a: take your time\n|-item|p2a: take your time|Choice Scarf|[from] move: Trick\n|-item|p1a: Smino|Leftovers|[from] move: Trick\n|\n|upkeep\n|turn|8\n|\n|t:|1782566255\n|move|p1a: Smino|Shadow Ball|p2a: take your time\n|-damage|p2a: take your time|55/100\n|move|p2a: take your time|Infestation|p1a: Smino\n|-resisted|p1a: Smino\n|-damage|p1a: Smino|99/100\n|-activate|p1a: Smino|move: Infestation|[of] p2a: take your time\n|\n|-heal|p1a: Smino|100/100|[from] item: Leftovers\n|-damage|p1a: Smino|88/100|[from] move: Infestation|[partiallytrapped]\n|upkeep\n|turn|9\n|\n|t:|1782566266\n|switch|p2a: per my last turn|Corviknight, F|100/100\n|-damage|p2a: per my last turn|88/100|[from] Stealth Rock\n|-ability|p2a: per my last turn|Pressure\n|move|p1a: Smino|Shadow Ball|p2a: per my last turn\n|-damage|p2a: per my last turn|58/100\n|\n|-heal|p1a: Smino|94/100|[from] item: Leftovers\n|-heal|p2a: per my last turn|65/100|[from] item: Leftovers\n|-end|p1a: Smino|Infestation|[partiallytrapped]|[silent]\n|upkeep\n|turn|10\n|\n|t:|1782566277\n|switch|p1a: Carly Rae|Iron Moth|100/100\n|-enditem|p1a: Carly Rae|Booster Energy\n|-activate|p1a: Carly Rae|ability: Quark Drive|[fromitem]\n|-start|p1a: Carly Rae|quarkdrivespe\n|move|p2a: per my last turn|Roost|p2a: per my last turn\n|-heal|p2a: per my last turn|100/100\n|-singleturn|p2a: per my last turn|move: Roost\n|\n|upkeep\n|turn|11\n|\n|t:|1782566287\n|move|p2a: per my last turn|Protect|p2a: per my last turn\n|-singleturn|p2a: per my last turn|Protect\n|move|p1a: Carly Rae|Fiery Dance|p2a: per my last turn\n|-activate|p2a: per my last turn|move: Protect\n|\n|upkeep\n|turn|12\n|\n|t:|1782566295\n|switch|p2a: take your time|Toxapex, F|89/100\n|-damage|p2a: take your time|76/100|[from] Stealth Rock\n|move|p1a: Carly Rae|Fiery Dance|p2a: take your time\n|-resisted|p2a: take your time\n|-crit|p2a: take your time\n|-damage|p2a: take your time|51/100\n|\n|upkeep\n|turn|13\n|\n|t:|1782566304\n|switch|p2a: did you calc that?|Clodsire, M|100/100\n|move|p1a: Carly Rae|Discharge|p2a: did you calc that?\n|-immune|p2a: did you calc that?\n|\n|upkeep\n|turn|14\n|\n|t:|1782566311\n|-end|p1a: Carly Rae|Quark Drive|[silent]\n|switch|p1a: Glimmora|Glimmora, F|74/100\n|move|p2a: did you calc that?|Spikes|p1a: Glimmora\n|-sidestart|p1: Auburn Hills|Spikes\n|\n|upkeep\n|turn|15\n|\n|t:|1782566321\n|switch|p1a: Elucid|Dragonite, M|100/100\n|switch|p2a: per my last turn|Corviknight, F|100/100\n|-damage|p2a: per my last turn|88/100|[from] Stealth Rock\n|-ability|p2a: per my last turn|Pressure\n|\n|-heal|p2a: per my last turn|94/100|[from] item: Leftovers\n|upkeep\n|turn|16\n|\n|t:|1782566338\n|move|p2a: per my last turn|Protect|p2a: per my last turn\n|-singleturn|p2a: per my last turn|Protect\n|move|p1a: Elucid|Dragon Dance|p1a: Elucid\n|-boost|p1a: Elucid|atk|1\n|-boost|p1a: Elucid|spe|1\n|\n|-heal|p2a: per my last turn|100/100|[from] item: Leftovers\n|upkeep\n|turn|17\n|\n|t:|1782566347\n|switch|p2a: keep trying|Dondozo, M|100/100\n|-damage|p2a: keep trying|88/100|[from] Stealth Rock\n|move|p1a: Elucid|Dragon Dance|p1a: Elucid\n|-boost|p1a: Elucid|atk|1\n|-boost|p1a: Elucid|spe|1\n|\n|-heal|p2a: keep trying|94/100|[from] item: Leftovers\n|upkeep\n|turn|18\n|\n|t:|1782566356\n|switch|p1a: Smino|Gholdengo|94/100\n|-damage|p1a: Smino|82/100|[from] Spikes\n|move|p2a: keep trying|Curse|p2a: keep trying\n|-unboost|p2a: keep trying|spe|1\n|-boost|p2a: keep trying|atk|1\n|-boost|p2a: keep trying|def|1\n|\n|-heal|p1a: Smino|88/100|[from] item: Leftovers\n|-heal|p2a: keep trying|100/100|[from] item: Leftovers\n|upkeep\n|turn|19\n|\n|t:|1782566367\n|switch|p2a: per my last turn|Corviknight, F|100/100\n|-damage|p2a: per my last turn|88/100|[from] Stealth Rock\n|-ability|p2a: per my last turn|Pressure\n|move|p1a: Smino|Shadow Ball|p2a: per my last turn\n|-damage|p2a: per my last turn|57/100\n|\n|-heal|p1a: Smino|94/100|[from] item: Leftovers\n|-heal|p2a: per my last turn|63/100|[from] item: Leftovers\n|upkeep\n|turn|20\n|\n|t:|1782566378\n|move|p1a: Smino|Trick|p2a: per my last turn\n|-activate|p1a: Smino|move: Trick|[of] p2a: per my last turn\n|-item|p2a: per my last turn|Leftovers|[from] move: Trick\n|-item|p1a: Smino|Leftovers|[from] move: Trick\n|move|p2a: per my last turn|Roost|p2a: per my last turn\n|-heal|p2a: per my last turn|100/100\n|-singleturn|p2a: per my last turn|move: Roost\n|\n|-heal|p1a: Smino|99/100|[from] item: Leftovers\n|upkeep\n|turn|21\n|\n|t:|1782566388\n|move|p1a: Smino|Trick|p2a: per my last turn\n|-activate|p1a: Smino|move: Trick|[of] p2a: per my last turn\n|-item|p2a: per my last turn|Leftovers|[from] move: Trick\n|-item|p1a: Smino|Leftovers|[from] move: Trick\n|move|p2a: per my last turn|Defog|p1a: Smino\n|-immune|p1a: Smino|[from] ability: Good as Gold\n|\n|-heal|p1a: Smino|100/100|[from] item: Leftovers\n|upkeep\n|turn|22\n|\n|t:|1782566396\n|move|p2a: per my last turn|Protect|p2a: per my last turn\n|-singleturn|p2a: per my last turn|Protect\n|move|p1a: Smino|Shadow Ball|p2a: per my last turn\n|-activate|p2a: per my last turn|move: Protect\n|\n|upkeep\n|turn|23\n|\n|t:|1782566403\n|move|p1a: Smino|Shadow Ball|p2a: per my last turn\n|-crit|p2a: per my last turn\n|-damage|p2a: per my last turn|53/100\n|move|p2a: per my last turn|Defog|p1a: Smino\n|-immune|p1a: Smino|[from] ability: Good as Gold\n|\n|-heal|p2a: per my last turn|59/100|[from] item: Leftovers\n|upkeep\n|turn|24\n|\n|t:|1782566412\n|switch|p1a: Carly Rae|Iron Moth|100/100\n|-damage|p1a: Carly Rae|88/100|[from] Spikes\n|move|p2a: per my last turn|Roost|p2a: per my last turn\n|-heal|p2a: per my last turn|100/100\n|-singleturn|p2a: per my last turn|move: Roost\n|\n|upkeep\n|turn|25\n|\n|t:|1782566421\n|-end|p1a: Carly Rae|Quark Drive|[silent]\n|switch|p1a: Rat Tally|Garchomp, F|100/100\n|-damage|p1a: Rat Tally|88/100|[from] Spikes\n|switch|p2a: take your time|Toxapex, F|85/100\n|-damage|p2a: take your time|72/100|[from] Stealth Rock\n|\n|upkeep\n|turn|26\n|\n|t:|1782566429\n|switch|p2a: per my last turn|Corviknight, F|100/100\n|-damage|p2a: per my last turn|88/100|[from] Stealth Rock\n|-ability|p2a: per my last turn|Pressure\n|move|p1a: Rat Tally|Earthquake|p2a: per my last turn\n|-immune|p2a: per my last turn\n|\n|-heal|p2a: per my last turn|94/100|[from] item: Leftovers\n|upkeep\n|turn|27\n|\n|t:|1782566440\n|switch|p2a: nothing new there|Gliscor, F|100/100\n|-damage|p2a: nothing new there|88/100|[from] Stealth Rock\n|move|p1a: Rat Tally|Swords Dance|p1a: Rat Tally\n|-boost|p1a: Rat Tally|atk|2\n|\n|-status|p2a: nothing new there|tox|[from] item: Toxic Orb\n|upkeep\n|turn|28\n|\n|t:|1782566451\n|move|p2a: nothing new there|Protect|p2a: nothing new there\n|-singleturn|p2a: nothing new there|Protect\n|move|p1a: Rat Tally|Scale Shot|p2a: nothing new there\n|-activate|p2a: nothing new there|move: Protect\n|\n|-heal|p2a: nothing new there|100/100 tox|[from] ability: Poison Heal\n|upkeep\n|turn|29\n|inactive|HO Only Bitch has 120 seconds left.\n|\n|t:|1782566486\n|-terastallize|p1a: Rat Tally|Poison\n|move|p1a: Rat Tally|Scale Shot|p2a: nothing new there\n|-damage|p2a: nothing new there|78/100 tox\n|-damage|p2a: nothing new there|56/100 tox\n|-damage|p2a: nothing new there|34/100 tox\n|-damage|p2a: nothing new there|14/100 tox\n|-damage|p2a: nothing new there|0 fnt\n|faint|p2a: nothing new there\n|-hitcount|p2: nothing new there|5\n|-unboost|p1a: Rat Tally|def|1\n|-boost|p1a: Rat Tally|spe|1\n|\n|upkeep\n|inactive|HO Only Bitch has 120 seconds left.\n|\n|t:|1782566507\n|switch|p2a: keep trying|Dondozo, M|100/100\n|-damage|p2a: keep trying|88/100|[from] Stealth Rock\n|turn|30\n|j| jeffbuckleyenjoyer\n|\n|t:|1782566511\n|move|p1a: Rat Tally|Earthquake|p2a: keep trying\n|-damage|p2a: keep trying|64/100\n|move|p2a: keep trying|Curse|p2a: keep trying\n|-unboost|p2a: keep trying|spe|1\n|-boost|p2a: keep trying|atk|1\n|-boost|p2a: keep trying|def|1\n|\n|-heal|p2a: keep trying|70/100|[from] item: Leftovers\n|upkeep\n|turn|31\n|inactive|HO Only Bitch has 120 seconds left.\n|\n|t:|1782566520\n|switch|p1a: Smino|Gholdengo|100/100\n|-damage|p1a: Smino|88/100|[from] Spikes\n|move|p2a: keep trying|Crunch|p1a: Smino\n|-supereffective|p1a: Smino\n|-damage|p1a: Smino|34/100\n|\n|-heal|p1a: Smino|40/100|[from] item: Leftovers\n|-heal|p2a: keep trying|77/100|[from] item: Leftovers\n|upkeep\n|turn|32\n|inactive|HO Only Bitch has 120 seconds left.\n|\n|t:|1782566537\n|move|p1a: Smino|Shadow Ball|p2a: keep trying\n|-damage|p2a: keep trying|34/100\n|move|p2a: keep trying|Crunch|p1a: Smino\n|-supereffective|p1a: Smino\n|-damage|p1a: Smino|0 fnt\n|faint|p1a: Smino\n|\n|-heal|p2a: keep trying|40/100|[from] item: Leftovers\n|upkeep\n|\n|t:|1782566543\n|switch|p1a: Glimmora|Glimmora, F|74/100\n|-damage|p1a: Glimmora|62/100|[from] Spikes\n|turn|33\n|\n|t:|1782566551\n|switch|p2a: per my last turn|Corviknight, F|94/100\n|-damage|p2a: per my last turn|82/100|[from] Stealth Rock\n|-ability|p2a: per my last turn|Pressure\n|move|p1a: Glimmora|Sludge Wave|p2a: per my last turn\n|-immune|p2a: per my last turn\n|\n|-heal|p2a: per my last turn|88/100|[from] item: Leftovers\n|upkeep\n|turn|34\n|\n|t:|1782566566\n|move|p1a: Glimmora|Mortal Spin|p2a: per my last turn\n|-immune|p2a: per my last turn\n|move|p2a: per my last turn|Defog|p1a: Glimmora\n|-unboost|p1a: Glimmora|evasion|1\n|-sideend|p1: Auburn Hills|Spikes|[from] move: Defog|[of] p2a: per my last turn\n|-sideend|p2: HO Only Bitch|Stealth Rock|[from] move: Defog|[of] p2a: per my last turn\n|\n|-heal|p2a: per my last turn|94/100|[from] item: Leftovers\n|upkeep\n|turn|35\n|j| gilbongoobs\n|\n|t:|1782566576\n|move|p1a: Glimmora|Stealth Rock|p2a: per my last turn\n|-sidestart|p2: HO Only Bitch|move: Stealth Rock\n|move|p2a: per my last turn|Brave Bird|p1a: Glimmora\n|-resisted|p1a: Glimmora\n|-damage|p1a: Glimmora|41/100\n|-activate|p1a: Glimmora|ability: Toxic Debris\n|-sidestart|p2: HO Only Bitch|move: Toxic Spikes\n|-damage|p2a: per my last turn|89/100|[from] Recoil\n|\n|-heal|p2a: per my last turn|95/100|[from] item: Leftovers\n|upkeep\n|turn|36\n|\n|t:|1782566586\n|switch|p1a: Rat Tally|Garchomp, F, tera:Poison|88/100\n|move|p2a: per my last turn|Defog|p1a: Rat Tally\n|-unboost|p1a: Rat Tally|evasion|1\n|-sideend|p2: HO Only Bitch|Toxic Spikes|[from] move: Defog|[of] p2a: per my last turn\n|-sideend|p2: HO Only Bitch|Stealth Rock|[from] move: Defog|[of] p2a: per my last turn\n|\n|-heal|p2a: per my last turn|100/100|[from] item: Leftovers\n|upkeep\n|turn|37\n|\n|t:|1782566596\n|switch|p2a: keep trying|Dondozo, M|40/100\n|move|p1a: Rat Tally|Swords Dance|p1a: Rat Tally\n|-boost|p1a: Rat Tally|atk|2\n|\n|-heal|p2a: keep trying|46/100|[from] item: Leftovers\n|upkeep\n|turn|38\n|\n|t:|1782566605\n|move|p1a: Rat Tally|Scale Shot|p2a: keep trying\n|-damage|p2a: keep trying|40/100\n|-damage|p2a: keep trying|34/100\n|-damage|p2a: keep trying|29/100\n|-crit|p2a: keep trying\n|-damage|p2a: keep trying|21/100\n|-damage|p2a: keep trying|14/100\n|-hitcount|p2a: keep trying|5\n|-unboost|p1a: Rat Tally|def|1\n|-boost|p1a: Rat Tally|spe|1\n|move|p2a: keep trying|Rest|p2a: keep trying\n|-status|p2a: keep trying|slp|[from] move: Rest\n|-heal|p2a: keep trying|100/100 slp|[silent]\n|\n|upkeep\n|turn|39\n|-message|Auburn Hills forfeited.\n|\n|win|HO Only Bitch\n|raw|Auburn Hills's rating: 1778 &rarr; <strong>1769</strong><br />(-9 for losing)\n|raw|HO Only Bitch's rating: 1994 &rarr; <strong>2003</strong><br />(+9 for winning)\n|l|☆Auburn Hills\n|player|p1|\n|l| jeffbuckleyenjoyer\n|l|☆HO Only Bitch\n|player|p2|\n|l| Garden of Dreams\n|l| gilbongoobs\n", "uploadtime": 1782566676, "views": 5, "formatid": "gen9ou", "rating": 1769, "private": 0, "password": null}