{"id": "gen9ou-2647763532", "format": "[Gen 9] OU", "players": ["Ubl267", "silame"], "log": "|j|☆Ubl267\n|j|☆silame\n|t:|1783808400\n|gametype|singles\n|player|p1|Ubl267|veteranf|\n|player|p2|silame|lady-gen4|\n|gen|9\n|tier|[Gen 9] OU\n|rule|HP Percentage Mod: HP is shown in percentages\n|rule|Endless Battle Clause: Forcing endless battles is banned\n|rule|Species Clause: Limit one of each Pokémon\n|rule|OHKO Clause: OHKO moves are banned\n|rule|Evasion Items Clause: Evasion items are banned\n|rule|Evasion Moves Clause: Evasion moves are banned\n|rule|Evasion Abilities Clause: Evasion abilities are banned\n|rule|Sleep Moves Clause: Sleep-inducing moves are banned\n|clearpoke\n|poke|p1|Mamoswine, F|\n|poke|p1|Rillaboom, F|\n|poke|p1|Florges, F|\n|poke|p1|Duraludon, F|\n|poke|p1|Thundurus, M|\n|poke|p1|Corviknight, M|\n|poke|p2|Zoroark-Hisui, M|\n|poke|p2|Gholdengo|\n|poke|p2|Galvantula, M|\n|poke|p2|Flygon, F|\n|poke|p2|Crawdaunt, M|\n|poke|p2|Zapdos|\n|teampreview\n|c|☆silame|glhf !\n|c|☆Ubl267|hf\n|\n|t:|1783808451\n|teamsize|p1|6\n|teamsize|p2|6\n|start\n|switch|p1a: Corviknight|Corviknight, M|100/100\n|switch|p2a: Galvantula|Galvantula, M|100/100\n|-ability|p1a: Corviknight|Pressure\n|turn|1\n|\n|t:|1783808465\n|move|p2a: Galvantula|Volt Switch|p1a: Corviknight\n|-supereffective|p1a: Corviknight\n|-damage|p1a: Corviknight|44/100\n|j| roikeith\n|\n|t:|1783808472\n|switch|p2a: Zapdos|Zapdos|100/100|[from] Volt Switch\n|move|p1a: Corviknight|Brave Bird|p2a: Zapdos\n|-resisted|p2a: Zapdos\n|-crit|p2a: Zapdos\n|-damage|p2a: Zapdos|82/100\n|-damage|p1a: Corviknight|38/100|[from] Recoil\n|\n|upkeep\n|turn|2\n|\n|t:|1783808485\n|switch|p1a: Rillaboom|Rillaboom, F|100/100\n|-fieldstart|move: Grassy Terrain|[from] ability: Grassy Surge|[of] p1a: Rillaboom\n|move|p2a: Zapdos|U-turn|p1a: Rillaboom\n|-supereffective|p1a: Rillaboom\n|-damage|p1a: Rillaboom|72/100\n|\n|t:|1783808511\n|switch|p2a: Flygon|Flygon, F|100/100|[from] U-turn\n|\n|-heal|p1a: Rillaboom|78/100|[from] Grassy Terrain\n|upkeep\n|turn|3\n|\n|t:|1783808536\n|move|p2a: Flygon|First Impression|p1a: Rillaboom\n|-supereffective|p1a: Rillaboom\n|-damage|p1a: Rillaboom|0 fnt\n|faint|p1a: Rillaboom\n|-damage|p2a: Flygon|91/100|[from] item: Life Orb\n|\n|upkeep\n|\n|t:|1783808543\n|switch|p1a: Duraludon|Duraludon, F|100/100\n|turn|4\n|\n|t:|1783808575\n|switch|p2a: Gholdengo|Gholdengo|100/100\n|-terastallize|p1a: Duraludon|Ghost\n|move|p1a: Duraludon|Draco Meteor|p2a: Gholdengo\n|-resisted|p2a: Gholdengo\n|-damage|p2a: Gholdengo|66/100\n|-unboost|p1a: Duraludon|spa|2\n|\n|-heal|p2a: Gholdengo|72/100|[from] Grassy Terrain\n|-heal|p2a: Gholdengo|78/100|[from] item: Leftovers\n|upkeep\n|turn|5\n|\n|t:|1783808594\n|switch|p1a: Mamoswine|Mamoswine, F|100/100\n|move|p2a: Gholdengo|Substitute|p2a: Gholdengo\n|-start|p2a: Gholdengo|Substitute\n|-damage|p2a: Gholdengo|54/100\n|\n|-heal|p2a: Gholdengo|60/100|[from] Grassy Terrain\n|-heal|p2a: Gholdengo|66/100|[from] item: Leftovers\n|upkeep\n|turn|6\n|\n|t:|1783808633\n|move|p1a: Mamoswine|Earthquake|p2a: Gholdengo\n|-supereffective|p2a: Gholdengo\n|-end|p2a: Gholdengo|Substitute\n|move|p2a: Gholdengo|Shadow Ball|p1a: Mamoswine\n|-damage|p1a: Mamoswine|32/100\n|\n|-heal|p1a: Mamoswine|38/100|[from] Grassy Terrain\n|-heal|p2a: Gholdengo|72/100|[from] Grassy Terrain\n|-heal|p2a: Gholdengo|78/100|[from] item: Leftovers\n|-fieldend|move: Grassy Terrain\n|upkeep\n|turn|7\n|\n|t:|1783808683\n|switch|p2a: Zapdos|Zapdos|82/100\n|move|p1a: Mamoswine|Icicle Crash|p2a: Zapdos\n|-supereffective|p2a: Zapdos\n|-damage|p2a: Zapdos|22/100\n|\n|upkeep\n|turn|8\n|\n|t:|1783808691\n|move|p1a: Mamoswine|Ice Shard|p2a: Zapdos\n|-supereffective|p2a: Zapdos\n|-damage|p2a: Zapdos|0 fnt\n|faint|p2a: Zapdos\n|\n|upkeep\n|\n|t:|1783808715\n|switch|p2a: Galvantula|Galvantula, M|100/100\n|turn|9\n|\n|t:|1783808733\n|switch|p1a: Duraludon|Duraludon, F, tera:Ghost|100/100\n|move|p2a: Galvantula|Shadow Ball|p1a: Duraludon\n|-supereffective|p1a: Duraludon\n|-damage|p1a: Duraludon|6/100\n|\n|upkeep\n|turn|10\n|\n|t:|1783808745\n|move|p2a: Galvantula|Shadow Ball|p1a: Duraludon\n|-supereffective|p1a: Duraludon\n|-damage|p1a: Duraludon|0 fnt\n|faint|p1a: Duraludon\n|\n|upkeep\n|\n|t:|1783808756\n|switch|p1a: Florges|Florges, F|100/100\n|turn|11\n|\n|t:|1783808790\n|switch|p2a: Gholdengo|Gholdengo|78/100\n|move|p1a: Florges|Moonblast|p2a: Gholdengo\n|-resisted|p2a: Gholdengo\n|-damage|p2a: Gholdengo|56/100\n|\n|-heal|p2a: Gholdengo|62/100|[from] item: Leftovers\n|upkeep\n|turn|12\n|\n|t:|1783808801\n|move|p2a: Gholdengo|Substitute|p2a: Gholdengo\n|-start|p2a: Gholdengo|Substitute\n|-damage|p2a: Gholdengo|37/100\n|move|p1a: Florges|Psychic Noise|p2a: Gholdengo\n|-resisted|p2a: Gholdengo\n|-damage|p2a: Gholdengo|26/100\n|-start|p2a: Gholdengo|move: Heal Block\n|\n|upkeep\n|turn|13\n|\n|t:|1783808817\n|switch|p1a: Corviknight|Corviknight, M|38/100\n|-ability|p1a: Corviknight|Pressure\n|move|p2a: Gholdengo|Make It Rain|p1a: Corviknight\n|-resisted|p1a: Corviknight\n|-damage|p1a: Corviknight|7/100\n|-unboost|p2a: Gholdengo|spa|1\n|\n|-end|p2a: Gholdengo|move: Heal Block\n|upkeep\n|turn|14\n|\n|t:|1783808831\n|move|p2a: Gholdengo|Shadow Ball|p1a: Corviknight\n|-damage|p1a: Corviknight|0 fnt\n|faint|p1a: Corviknight\n|\n|-heal|p2a: Gholdengo|32/100|[from] item: Leftovers\n|upkeep\n|\n|t:|1783808842\n|switch|p1a: Thundurus|Thundurus, M|100/100\n|turn|15\n|\n|t:|1783808848\n|move|p1a: Thundurus|Volt Switch|p2a: Gholdengo\n|-end|p2a: Gholdengo|Substitute\n|\n|t:|1783808851\n|switch|p1a: Florges|Florges, F|100/100|[from] Volt Switch\n|move|p2a: Gholdengo|Shadow Ball|p1a: Florges\n|-damage|p1a: Florges|80/100\n|\n|-heal|p2a: Gholdengo|38/100|[from] item: Leftovers\n|-heal|p1a: Florges|86/100|[from] item: Leftovers\n|upkeep\n|turn|16\n|\n|t:|1783808862\n|move|p2a: Gholdengo|Nasty Plot|p2a: Gholdengo\n|-boost|p2a: Gholdengo|spa|2\n|move|p1a: Florges|Psychic Noise|p2a: Gholdengo\n|-resisted|p2a: Gholdengo\n|-damage|p2a: Gholdengo|27/100\n|-start|p2a: Gholdengo|move: Heal Block\n|\n|-heal|p1a: Florges|92/100|[from] item: Leftovers\n|upkeep\n|turn|17\n|\n|t:|1783808871\n|move|p2a: Gholdengo|Make It Rain|p1a: Florges\n|-supereffective|p1a: Florges\n|-damage|p1a: Florges|0 fnt\n|-unboost|p2a: Gholdengo|spa|1\n|faint|p1a: Florges\n|\n|-end|p2a: Gholdengo|move: Heal Block\n|upkeep\n|\n|t:|1783808879\n|switch|p1a: Thundurus|Thundurus, M|100/100\n|turn|18\n|\n|t:|1783808888\n|switch|p2a: Flygon|Flygon, F|91/100\n|move|p1a: Thundurus|Dark Pulse|p2a: Flygon\n|-damage|p2a: Flygon|49/100\n|\n|upkeep\n|turn|19\n|\n|t:|1783808920\n|move|p1a: Thundurus|Dark Pulse|p2a: Flygon\n|-damage|p2a: Flygon|11/100\n|move|p2a: Flygon|U-turn|p1a: Thundurus\n|-resisted|p1a: Thundurus\n|-damage|p1a: Thundurus|77/100\n|-damage|p2a: Flygon|1/100|[from] item: Life Orb\n|j| Ziiiiiii\n|\n|t:|1783808924\n|switch|p2a: Galvantula|Galvantula, M|100/100|[from] U-turn\n|\n|upkeep\n|turn|20\n|\n|t:|1783808937\n|move|p1a: Thundurus|Volt Switch|p2a: Galvantula\n|-resisted|p2a: Galvantula\n|-damage|p2a: Galvantula|70/100\n|\n|t:|1783808940\n|switch|p1a: Mamoswine|Mamoswine, F|38/100|[from] Volt Switch\n|move|p2a: Galvantula|Thunder|p1a: Mamoswine\n|-immune|p1a: Mamoswine\n|\n|upkeep\n|turn|21\n|\n|t:|1783808958\n|move|p2a: Galvantula|Volt Switch|p1a: Mamoswine\n|-immune|p1a: Mamoswine\n|move|p1a: Mamoswine|Trailblaze|p2a: Galvantula\n|-resisted|p2a: Galvantula\n|-damage|p2a: Galvantula|54/100\n|-boost|p1a: Mamoswine|spe|1\n|\n|upkeep\n|turn|22\n|\n|t:|1783808971\n|move|p2a: Galvantula|Sucker Punch|p1a: Mamoswine\n|-damage|p1a: Mamoswine|23/100\n|move|p1a: Mamoswine|Earthquake|p2a: Galvantula\n|-damage|p2a: Galvantula|0 fnt\n|faint|p2a: Galvantula\n|\n|upkeep\n|\n|t:|1783808975\n|switch|p2a: Crawdaunt|Crawdaunt, M|100/100\n|turn|23\n|\n|t:|1783808982\n|move|p1a: Mamoswine|Ice Shard|p2a: Crawdaunt\n|-resisted|p2a: Crawdaunt\n|-damage|p2a: Crawdaunt|86/100\n|move|p2a: Crawdaunt|Aqua Jet|p1a: Mamoswine\n|-supereffective|p1a: Mamoswine\n|-damage|p1a: Mamoswine|0 fnt\n|faint|p1a: Mamoswine\n|-damage|p2a: Crawdaunt|76/100|[from] item: Life Orb\n|\n|upkeep\n|\n|t:|1783808989\n|switch|p1a: Thundurus|Thundurus, M|77/100\n|turn|24\n|\n|t:|1783809007\n|move|p2a: Crawdaunt|Aqua Jet|p1a: Thundurus\n|-damage|p1a: Thundurus|15/100\n|-damage|p2a: Crawdaunt|67/100|[from] item: Life Orb\n|move|p1a: Thundurus|Volt Switch|p2a: Crawdaunt\n|-supereffective|p2a: Crawdaunt\n|-damage|p2a: Crawdaunt|0 fnt\n|faint|p2a: Crawdaunt\n|\n|upkeep\n|\n|t:|1783809011\n|switch|p2a: Flygon|Flygon, F|1/100\n|turn|25\n|\n|t:|1783809020\n|move|p2a: Flygon|First Impression|p1a: Thundurus\n|-resisted|p1a: Thundurus\n|-damage|p1a: Thundurus|0 fnt\n|faint|p1a: Thundurus\n|-damage|p2a: Flygon|0 fnt|[from] item: Life Orb\n|faint|p2a: Flygon\n|\n|win|silame\n|c|☆silame|gg\n|c|☆Ubl267|any swaps?\n|c|☆silame|thinking\n|c|☆silame|galvantula to reuniclus\n|c|☆Ubl267|h\n|c|☆Ubl267|florges for entei\n|c|☆silame|okay\n|j| gymleader avery\n", "uploadtime": 1783809255, "views": 18, "formatid": "gen9ou", "rating": null, "private": 0, "password": null}