{"id": "gen9ou-2640023183", "format": "[Gen 9] OU", "players": ["zg4h11", "Pinkacross"], "log": "|badge|p2|silver|gen9ou|30-9\n|html|<div class=\"broadcast-red\"><strong>This battle is required to be public due to one or more player having a season medal.</strong><br />During the public phase, you can discuss the state of the ladder <a href=\"/seasondiscussion\">in a special chatroom.</a></div>\n|uhtml|medal-msg|<div class=\"broadcast-blue\">Curious what those medals under the avatar are? PS now has Ladder Seasons! For more information, check out the <a href=\"https://www.smogon.com/forums/threads/3740067/\">thread on Smogon.</a></div>\n|raw|<div class=\"broadcast-blue\"><strong>This battle is required to be public due to a player having a name starting with 'medal'.</div>\n|j|☆zg4h11\n|j|☆Pinkacross\n|t:|1782565554\n|gametype|singles\n|player|p1|zg4h11|101|1687\n|player|p2|Pinkacross|artist|1898\n|gen|9\n|tier|[Gen 9] OU\n|rated|\n|rule|HP Percentage Mod: HP is shown in percentages\n|rule|Endless Battle Clause: Forcing endless battles is banned\n|rule|Species Clause: Limit one of each Pokémon\n|rule|OHKO Clause: OHKO moves are banned\n|rule|Evasion Items Clause: Evasion items are banned\n|rule|Evasion Moves Clause: Evasion moves are banned\n|rule|Evasion Abilities Clause: Evasion abilities are banned\n|rule|Sleep Moves Clause: Sleep-inducing moves are banned\n|clearpoke\n|poke|p1|Tyranitar, M|\n|poke|p1|Excadrill, M|\n|poke|p1|Iron Valiant|\n|poke|p1|Dragapult, M|\n|poke|p1|Zapdos|\n|poke|p1|Hatterene, F|\n|poke|p2|Rillaboom, M|\n|poke|p2|Dondozo, F|\n|poke|p2|Clodsire, M|\n|poke|p2|Blissey, F|\n|poke|p2|Gholdengo|\n|poke|p2|Cinderace, M|\n|teampreview\n|c|☆Pinkacross|hf\n|inactive|Battle timer is ON: inactive players will automatically lose when time's up. (requested by Pinkacross)\n|\n|t:|1782565593\n|teamsize|p1|6\n|teamsize|p2|6\n|start\n|switch|p1a: Tyranitar|Tyranitar, M, shiny|100/100\n|switch|p2a: Rillaboom|Rillaboom, M|100/100\n|-weather|Sandstorm|[from] ability: Sand Stream|[of] p1a: Tyranitar\n|-fieldstart|move: Grassy Terrain|[from] ability: Grassy Surge|[of] p2a: Rillaboom\n|turn|1\n|\n|t:|1782565601\n|switch|p1a: Zapdos|Zapdos|100/100\n|switch|p2a: Clodsire|Clodsire, M|100/100\n|\n|-weather|Sandstorm|[upkeep]\n|-damage|p1a: Zapdos|94/100|[from] Sandstorm\n|upkeep\n|turn|2\n|\n|t:|1782565609\n|switch|p1a: Hatterene|Hatterene, F|100/100\n|move|p2a: Clodsire|Curse|p2a: Clodsire\n|-unboost|p2a: Clodsire|spe|1\n|-boost|p2a: Clodsire|atk|1\n|-boost|p2a: Clodsire|def|1\n|\n|-weather|Sandstorm|[upkeep]\n|-damage|p1a: Hatterene|95/100|[from] Sandstorm\n|-heal|p1a: Hatterene|100/100|[from] Grassy Terrain\n|upkeep\n|turn|3\n|\n|t:|1782565626\n|switch|p2a: Gholdengo|Gholdengo|100/100\n|-enditem|p2a: Gholdengo|Grassy Seed\n|-boost|p2a: Gholdengo|def|1|[from] item: Grassy Seed\n|move|p1a: Hatterene|Future Sight|p2a: Gholdengo\n|-start|p1a: Hatterene|move: Future Sight\n|\n|-weather|Sandstorm|[upkeep]\n|-damage|p1a: Hatterene|95/100|[from] Sandstorm\n|-heal|p1a: Hatterene|100/100|[from] Grassy Terrain\n|upkeep\n|turn|4\n|\n|t:|1782565634\n|switch|p1a: Zapdos|Zapdos|94/100\n|move|p2a: Gholdengo|Nasty Plot|p2a: Gholdengo\n|-boost|p2a: Gholdengo|spa|2\n|\n|-weather|Sandstorm|[upkeep]\n|-damage|p1a: Zapdos|88/100|[from] Sandstorm\n|upkeep\n|turn|5\n|\n|t:|1782565642\n|move|p1a: Zapdos|Heat Wave|p2a: Gholdengo\n|-supereffective|p2a: Gholdengo\n|-damage|p2a: Gholdengo|27/100\n|move|p2a: Gholdengo|Shadow Ball|p1a: Zapdos\n|-damage|p1a: Zapdos|5/100\n|\n|-weather|Sandstorm|[upkeep]\n|-damage|p1a: Zapdos|0 fnt|[from] Sandstorm\n|faint|p1a: Zapdos\n|-end|p2a: Gholdengo|move: Future Sight\n|-resisted|p2a: Gholdengo\n|-damage|p2a: Gholdengo|0 fnt\n|faint|p2a: Gholdengo\n|upkeep\n|\n|t:|1782565665\n|switch|p1a: Hatterene|Hatterene, F|100/100\n|switch|p2a: Dondozo|Dondozo, F|100/100\n|turn|6\n|\n|t:|1782565673\n|switch|p2a: Cinderace|Cinderace, M|100/100\n|move|p1a: Hatterene|Future Sight|p2a: Cinderace\n|-start|p1a: Hatterene|move: Future Sight\n|\n|-weather|Sandstorm|[upkeep]\n|-damage|p2a: Cinderace|95/100|[from] Sandstorm\n|-damage|p1a: Hatterene|95/100|[from] Sandstorm\n|-heal|p2a: Cinderace|100/100|[from] Grassy Terrain\n|-heal|p1a: Hatterene|100/100|[from] Grassy Terrain\n|upkeep\n|turn|7\n|\n|t:|1782565685\n|move|p2a: Cinderace|Pyro Ball|p1a: Hatterene|[miss]\n|-miss|p2a: Cinderace|p1a: Hatterene\n|move|p1a: Hatterene|Nuzzle|p2a: Cinderace\n|-damage|p2a: Cinderace|95/100\n|-status|p2a: Cinderace|par\n|\n|-weather|Sandstorm|[upkeep]\n|-damage|p2a: Cinderace|89/100 par|[from] Sandstorm\n|-damage|p1a: Hatterene|95/100|[from] Sandstorm\n|-heal|p2a: Cinderace|95/100 par|[from] Grassy Terrain\n|-heal|p1a: Hatterene|100/100|[from] Grassy Terrain\n|upkeep\n|turn|8\n|\n|t:|1782565697\n|switch|p1a: Tyranitar|Tyranitar, M, shiny|100/100\n|move|p2a: Cinderace|U-turn|p1a: Tyranitar\n|-start|p2a: Cinderace|typechange|Bug|[from] ability: Libero\n|-supereffective|p1a: Tyranitar\n|-damage|p1a: Tyranitar|37/100\n|\n|t:|1782565701\n|switch|p2a: Blissey|Blissey, F|100/100|[from] U-turn\n|\n|-weather|none\n|-end|p2a: Blissey|move: Future Sight\n|-damage|p2a: Blissey|79/100\n|-heal|p1a: Tyranitar|43/100|[from] Grassy Terrain\n|-heal|p2a: Blissey|86/100|[from] Grassy Terrain\n|-heal|p2a: Blissey|92/100|[from] item: Leftovers\n|-fieldend|move: Grassy Terrain\n|upkeep\n|turn|9\n|\n|t:|1782565712\n|switch|p2a: Rillaboom|Rillaboom, M|100/100\n|-fieldstart|move: Grassy Terrain|[from] ability: Grassy Surge|[of] p2a: Rillaboom\n|move|p1a: Tyranitar|Knock Off|p2a: Rillaboom\n|-damage|p2a: Rillaboom|49/100\n|-enditem|p2a: Rillaboom|Terrain Extender|[from] move: Knock Off|[of] p1a: Tyranitar\n|\n|-heal|p1a: Tyranitar|49/100|[from] Grassy Terrain\n|-heal|p2a: Rillaboom|55/100|[from] Grassy Terrain\n|upkeep\n|turn|10\n|\n|t:|1782565721\n|switch|p1a: Hatterene|Hatterene, F|100/100\n|move|p2a: Rillaboom|Wood Hammer|p1a: Hatterene\n|-damage|p1a: Hatterene|28/100\n|-damage|p2a: Rillaboom|38/100|[from] item: Rocky Helmet|[of] p1a: Hatterene\n|-damage|p2a: Rillaboom|19/100|[from] Recoil\n|\n|-heal|p2a: Rillaboom|25/100|[from] Grassy Terrain\n|-heal|p1a: Hatterene|34/100|[from] Grassy Terrain\n|upkeep\n|turn|11\n|\n|t:|1782565738\n|move|p2a: Rillaboom|Wood Hammer|p1a: Hatterene\n|-damage|p1a: Hatterene|0 fnt\n|-damage|p2a: Rillaboom|8/100|[from] item: Rocky Helmet|[of] p1a: Hatterene\n|faint|p1a: Hatterene\n|-damage|p2a: Rillaboom|0 fnt|[from] Recoil\n|faint|p2a: Rillaboom\n|\n|upkeep\n|\n|t:|1782565748\n|switch|p2a: Dondozo|Dondozo, F|100/100\n|switch|p1a: Tyranitar|Tyranitar, M, shiny|49/100\n|-weather|Sandstorm|[from] ability: Sand Stream|[of] p1a: Tyranitar\n|turn|12\n|\n|t:|1782565759\n|switch|p1a: Dragapult|Dragapult, M|100/100\n|move|p2a: Dondozo|Curse|p2a: Dondozo\n|-unboost|p2a: Dondozo|spe|1\n|-boost|p2a: Dondozo|atk|1\n|-boost|p2a: Dondozo|def|1\n|\n|-weather|Sandstorm|[upkeep]\n|-damage|p1a: Dragapult|95/100|[from] Sandstorm\n|-damage|p2a: Dondozo|94/100|[from] Sandstorm\n|-heal|p1a: Dragapult|100/100|[from] Grassy Terrain\n|-heal|p2a: Dondozo|100/100|[from] Grassy Terrain\n|upkeep\n|turn|13\n|\n|t:|1782565769\n|move|p2a: Dondozo|Protect|p2a: Dondozo\n|-singleturn|p2a: Dondozo|Protect\n|move|p1a: Dragapult|Will-O-Wisp|p2a: Dondozo\n|-activate|p2a: Dondozo|move: Protect\n|\n|-weather|Sandstorm|[upkeep]\n|-damage|p1a: Dragapult|95/100|[from] Sandstorm\n|-damage|p2a: Dondozo|94/100|[from] Sandstorm\n|-heal|p1a: Dragapult|100/100|[from] Grassy Terrain\n|-heal|p2a: Dondozo|100/100|[from] Grassy Terrain\n|upkeep\n|turn|14\n|\n|t:|1782565783\n|move|p1a: Dragapult|Will-O-Wisp|p2a: Dondozo\n|-status|p2a: Dondozo|brn\n|move|p2a: Dondozo|Avalanche|p1a: Dragapult\n|-supereffective|p1a: Dragapult\n|-damage|p1a: Dragapult|74/100\n|\n|-weather|Sandstorm|[upkeep]\n|-damage|p1a: Dragapult|68/100|[from] Sandstorm\n|-damage|p2a: Dondozo|94/100 brn|[from] Sandstorm\n|-heal|p1a: Dragapult|74/100|[from] Grassy Terrain\n|-heal|p2a: Dondozo|100/100 brn|[from] Grassy Terrain\n|-damage|p2a: Dondozo|94/100 brn|[from] brn\n|upkeep\n|turn|15\n|\n|t:|1782565796\n|switch|p2a: Blissey|Blissey, F|92/100\n|move|p1a: Dragapult|Hex|p2a: Blissey\n|-immune|p2a: Blissey\n|\n|-weather|Sandstorm|[upkeep]\n|-damage|p1a: Dragapult|68/100|[from] Sandstorm\n|-damage|p2a: Blissey|86/100|[from] Sandstorm\n|-heal|p1a: Dragapult|74/100|[from] Grassy Terrain\n|-heal|p2a: Blissey|92/100|[from] Grassy Terrain\n|-heal|p2a: Blissey|98/100|[from] item: Leftovers\n|upkeep\n|turn|16\n|\n|t:|1782565809\n|switch|p1a: Excadrill|Excadrill, M, shiny|100/100\n|move|p2a: Blissey|Ice Beam|p1a: Excadrill\n|-damage|p1a: Excadrill|78/100\n|\n|-weather|Sandstorm|[upkeep]\n|-damage|p2a: Blissey|92/100|[from] Sandstorm\n|-heal|p1a: Excadrill|84/100|[from] Grassy Terrain\n|-heal|p1a: Excadrill|90/100|[from] item: Leftovers\n|-heal|p2a: Blissey|98/100|[from] Grassy Terrain\n|-heal|p2a: Blissey|100/100|[from] item: Leftovers\n|-fieldend|move: Grassy Terrain\n|upkeep\n|turn|17\n|\n|t:|1782565826\n|move|p1a: Excadrill|Earthquake|p2a: Blissey\n|-damage|p2a: Blissey|46/100\n|move|p2a: Blissey|Ice Beam|p1a: Excadrill\n|-damage|p1a: Excadrill|68/100\n|\n|-weather|Sandstorm|[upkeep]\n|-damage|p2a: Blissey|40/100|[from] Sandstorm\n|-heal|p1a: Excadrill|74/100|[from] item: Leftovers\n|-heal|p2a: Blissey|46/100|[from] item: Leftovers\n|upkeep\n|turn|18\n|j| Garden of Dreams\n|\n|t:|1782565836\n|switch|p2a: Dondozo|Dondozo, F|94/100 brn\n|move|p1a: Excadrill|Earthquake|p2a: Dondozo\n|-damage|p2a: Dondozo|58/100 brn\n|\n|-weather|Sandstorm|[upkeep]\n|-damage|p2a: Dondozo|52/100 brn|[from] Sandstorm\n|-heal|p1a: Excadrill|80/100|[from] item: Leftovers\n|-heal|p2a: Dondozo|58/100 brn|[from] item: Leftovers\n|-damage|p2a: Dondozo|52/100 brn|[from] brn\n|upkeep\n|turn|19\n|\n|t:|1782565847\n|-terastallize|p1a: Excadrill|Ground\n|move|p1a: Excadrill|Earthquake|p2a: Dondozo\n|-damage|p2a: Dondozo|3/100 brn\n|move|p2a: Dondozo|Avalanche|p1a: Excadrill\n|-supereffective|p1a: Excadrill\n|-damage|p1a: Excadrill|38/100\n|\n|-weather|none\n|-heal|p1a: Excadrill|44/100|[from] item: Leftovers\n|-heal|p2a: Dondozo|10/100 brn|[from] item: Leftovers\n|-damage|p2a: Dondozo|3/100 brn|[from] brn\n|upkeep\n|turn|20\n|\n|t:|1782565861\n|move|p1a: Excadrill|Rapid Spin|p2a: Dondozo\n|-damage|p2a: Dondozo|0 fnt\n|-boost|p1a: Excadrill|spe|1\n|faint|p2a: Dondozo\n|\n|-heal|p1a: Excadrill|50/100|[from] item: Leftovers\n|upkeep\n|\n|t:|1782565883\n|switch|p2a: Clodsire|Clodsire, M|100/100\n|turn|21\n|\n|t:|1782565900\n|-terastallize|p2a: Clodsire|Water\n|move|p1a: Excadrill|Substitute|p1a: Excadrill\n|-start|p1a: Excadrill|Substitute\n|-damage|p1a: Excadrill|25/100\n|move|p2a: Clodsire|Liquidation|p1a: Excadrill\n|-supereffective|p1a: Excadrill\n|-end|p1a: Excadrill|Substitute\n|\n|-heal|p1a: Excadrill|32/100|[from] item: Leftovers\n|upkeep\n|turn|22\n|\n|t:|1782565914\n|move|p1a: Excadrill|Earthquake|p2a: Clodsire\n|-damage|p2a: Clodsire|19/100\n|move|p2a: Clodsire|Liquidation|p1a: Excadrill\n|-supereffective|p1a: Excadrill\n|-damage|p1a: Excadrill|0 fnt\n|faint|p1a: Excadrill\n|\n|-heal|p2a: Clodsire|25/100|[from] item: Leftovers\n|upkeep\n|\n|t:|1782565923\n|switch|p1a: Tyranitar|Tyranitar, M, shiny|49/100\n|-weather|Sandstorm|[from] ability: Sand Stream|[of] p1a: Tyranitar\n|turn|23\n|l| Garden of Dreams\n|\n|t:|1782565944\n|switch|p2a: Cinderace|Cinderace, M|95/100 par\n|move|p1a: Tyranitar|Knock Off|p2a: Cinderace\n|-damage|p2a: Cinderace|12/100 par\n|-enditem|p2a: Cinderace|Heavy-Duty Boots|[from] move: Knock Off|[of] p1a: Tyranitar\n|\n|-weather|Sandstorm|[upkeep]\n|-damage|p2a: Cinderace|6/100 par|[from] Sandstorm\n|upkeep\n|turn|24\n|\n|t:|1782565956\n|move|p1a: Tyranitar|Knock Off|p2a: Cinderace\n|-damage|p2a: Cinderace|0 fnt\n|faint|p2a: Cinderace\n|\n|-weather|Sandstorm|[upkeep]\n|upkeep\n|inactive|Pinkacross has 120 seconds left.\n|\n|t:|1782565983\n|switch|p2a: Blissey|Blissey, F|46/100\n|turn|25\n|\n|t:|1782565987\n|move|p1a: Tyranitar|Knock Off|p2a: Blissey\n|-damage|p2a: Blissey|0 fnt\n|-enditem|p2a: Blissey|Leftovers|[from] move: Knock Off|[of] p1a: Tyranitar\n|faint|p2a: Blissey\n|\n|-weather|Sandstorm|[upkeep]\n|upkeep\n|c|☆Pinkacross|gg\n|inactive|Pinkacross has 120 seconds left.\n|-message|Pinkacross forfeited.\n|\n|win|zg4h11\n|raw|zg4h11's rating: 1687 &rarr; <strong>1718</strong><br />(+31 for winning)\n|raw|Pinkacross's rating: 1898 &rarr; <strong>1867</strong><br />(-31 for losing)\n|l|☆Pinkacross\n|player|p2|\n|l|☆zg4h11\n|player|p1|\n|j| Garden of Dreams\n|l| Garden of Dreams\n", "uploadtime": 1782566162, "views": 5, "formatid": "gen9ou", "rating": 1718, "private": 0, "password": null}