{"id": "gen9ou-2639296242", "format": "[Gen 9] OU", "players": ["LFGM157", "puke0711"], "log": "|j|☆LFGM157\n|j|☆puke0711\n|t:|1782447901\n|gametype|singles\n|player|p1|LFGM157|volkner|1347\n|player|p2|puke0711|265|1317\n|gen|9\n|tier|[Gen 9] OU\n|rated|\n|rule|HP Percentage Mod: HP is shown in percentages\n|rule|Endless Battle Clause: Forcing endless battles is banned\n|rule|Species Clause: Limit one of each Pokémon\n|rule|OHKO Clause: OHKO moves are banned\n|rule|Evasion Items Clause: Evasion items are banned\n|rule|Evasion Moves Clause: Evasion moves are banned\n|rule|Evasion Abilities Clause: Evasion abilities are banned\n|rule|Sleep Moves Clause: Sleep-inducing moves are banned\n|clearpoke\n|poke|p1|Rillaboom, F|\n|poke|p1|Ogerpon-Cornerstone, F|\n|poke|p1|Moltres|\n|poke|p1|Zamazenta-*|\n|poke|p1|Gholdengo|\n|poke|p1|Iron Treads|\n|poke|p2|Ceruledge, M|\n|poke|p2|Great Tusk|\n|poke|p2|Garganacl, M|\n|poke|p2|Hatterene, F|\n|poke|p2|Darkrai|\n|poke|p2|Zapdos|\n|teampreview\n|\n|t:|1782447990\n|teamsize|p1|6\n|teamsize|p2|6\n|start\n|switch|p1a: Iron Treads|Iron Treads|100/100\n|switch|p2a: Zapdos|Zapdos|100/100\n|turn|1\n|\n|t:|1782448001\n|switch|p2a: Great Tusk|Great Tusk|100/100\n|move|p1a: Iron Treads|Stealth Rock|p2a: Great Tusk\n|-sidestart|p2: puke0711|move: Stealth Rock\n|\n|upkeep\n|turn|2\n|\n|t:|1782448032\n|-end|p1a: Iron Treads|Quark Drive|[silent]\n|switch|p1a: Rillaboom|Rillaboom, F|100/100\n|-fieldstart|move: Grassy Terrain|[from] ability: Grassy Surge|[of] p1a: Rillaboom\n|-end|p2a: Great Tusk|Protosynthesis|[silent]\n|switch|p2a: Zapdos|Zapdos|100/100\n|\n|upkeep\n|turn|3\n|\n|t:|1782448043\n|switch|p1a: Iron Treads|Iron Treads|100/100\n|move|p2a: Zapdos|Hurricane|p1a: Iron Treads|[miss]\n|-miss|p2a: Zapdos|p1a: Iron Treads\n|\n|upkeep\n|turn|4\n|\n|t:|1782448061\n|move|p1a: Iron Treads|Knock Off|p2a: Zapdos\n|-damage|p2a: Zapdos|82/100\n|-enditem|p2a: Zapdos|Heavy-Duty Boots|[from] move: Knock Off|[of] p1a: Iron Treads\n|move|p2a: Zapdos|Hurricane|p1a: Iron Treads\n|-resisted|p1a: Iron Treads\n|-damage|p1a: Iron Treads|78/100\n|-start|p1a: Iron Treads|confusion\n|\n|-heal|p1a: Iron Treads|84/100|[from] Grassy Terrain\n|-heal|p1a: Iron Treads|90/100|[from] item: Leftovers\n|upkeep\n|turn|5\n|\n|t:|1782448078\n|-end|p1a: Iron Treads|Quark Drive|[silent]\n|switch|p1a: Ogerpon|Ogerpon-Cornerstone, F|100/100\n|move|p2a: Zapdos|Hurricane|p1a: Ogerpon\n|-damage|p1a: Ogerpon|52/100\n|-start|p1a: Ogerpon|confusion\n|\n|-heal|p1a: Ogerpon|58/100|[from] Grassy Terrain\n|upkeep\n|turn|6\n|\n|t:|1782448097\n|switch|p2a: Great Tusk|Great Tusk|100/100\n|-damage|p2a: Great Tusk|98/100|[from] Stealth Rock\n|-activate|p1a: Ogerpon|confusion\n|move|p1a: Ogerpon|Ivy Cudgel|p2a: Great Tusk|[anim] Ivy Cudgel Rock\n|-resisted|p2a: Great Tusk\n|-damage|p2a: Great Tusk|88/100\n|\n|-heal|p1a: Ogerpon|64/100|[from] Grassy Terrain\n|-heal|p2a: Great Tusk|94/100|[from] Grassy Terrain\n|-heal|p2a: Great Tusk|100/100|[from] item: Leftovers\n|upkeep\n|turn|7\n|\n|t:|1782448111\n|-activate|p1a: Ogerpon|confusion\n|-damage|p1a: Ogerpon|46/100|[from] confusion\n|move|p2a: Great Tusk|Ice Spinner|p1a: Ogerpon\n|-supereffective|p1a: Ogerpon\n|-damage|p1a: Ogerpon|0 fnt\n|-fieldend|move: Grassy Terrain\n|faint|p1a: Ogerpon\n|\n|upkeep\n|\n|t:|1782448115\n|switch|p1a: Rillaboom|Rillaboom, F|100/100\n|-fieldstart|move: Grassy Terrain|[from] ability: Grassy Surge|[of] p1a: Rillaboom\n|turn|8\n|\n|t:|1782448124\n|move|p2a: Great Tusk|Rapid Spin|p1a: Rillaboom\n|-crit|p1a: Rillaboom\n|-damage|p1a: Rillaboom|79/100\n|-boost|p2a: Great Tusk|spe|1\n|-sideend|p2: puke0711|Stealth Rock|[from] move: Rapid Spin|[of] p2a: Great Tusk\n|move|p1a: Rillaboom|U-turn|p2a: Great Tusk\n|-resisted|p2a: Great Tusk\n|-damage|p2a: Great Tusk|93/100\n|\n|t:|1782448130\n|switch|p1a: Moltres|Moltres|100/100|[from] U-turn\n|\n|-heal|p2a: Great Tusk|99/100|[from] Grassy Terrain\n|-heal|p2a: Great Tusk|100/100|[from] item: Leftovers\n|upkeep\n|turn|9\n|\n|t:|1782448139\n|-end|p2a: Great Tusk|Protosynthesis|[silent]\n|switch|p2a: Zapdos|Zapdos|82/100\n|move|p1a: Moltres|U-turn|p2a: Zapdos\n|-resisted|p2a: Zapdos\n|-damage|p2a: Zapdos|76/100\n|\n|t:|1782448143\n|switch|p1a: Gholdengo|Gholdengo|100/100|[from] U-turn\n|-enditem|p1a: Gholdengo|Grassy Seed\n|-boost|p1a: Gholdengo|def|1|[from] item: Grassy Seed\n|\n|upkeep\n|turn|10\n|\n|t:|1782448154\n|move|p2a: Zapdos|Volt Switch|p1a: Gholdengo\n|-damage|p1a: Gholdengo|79/100\n|\n|t:|1782448159\n|switch|p2a: Darkrai|Darkrai|100/100|[from] Volt Switch\n|move|p1a: Gholdengo|Nasty Plot|p1a: Gholdengo\n|-boost|p1a: Gholdengo|spa|2\n|\n|-heal|p1a: Gholdengo|85/100|[from] Grassy Terrain\n|upkeep\n|turn|11\n|\n|t:|1782448200\n|-terastallize|p1a: Gholdengo|Water\n|move|p2a: Darkrai|Dark Pulse|p1a: Gholdengo\n|-damage|p1a: Gholdengo|51/100\n|move|p1a: Gholdengo|Make It Rain|p2a: Darkrai\n|-damage|p2a: Darkrai|0 fnt\n|-unboost|p1a: Gholdengo|spa|1\n|faint|p2a: Darkrai\n|\n|-heal|p1a: Gholdengo|58/100|[from] Grassy Terrain\n|upkeep\n|\n|t:|1782448228\n|switch|p2a: Garganacl|Garganacl, M|100/100\n|turn|12\n|\n|t:|1782448273\n|-terastallize|p2a: Garganacl|Water\n|move|p1a: Gholdengo|Make It Rain|p2a: Garganacl\n|-resisted|p2a: Garganacl\n|-damage|p2a: Garganacl|66/100\n|-unboost|p1a: Gholdengo|spa|1\n|move|p2a: Garganacl|Salt Cure|p1a: Gholdengo\n|-damage|p1a: Gholdengo|49/100\n|-start|p1a: Gholdengo|Salt Cure\n|\n|-heal|p1a: Gholdengo|55/100|[from] Grassy Terrain\n|-heal|p2a: Garganacl|73/100|[from] Grassy Terrain\n|-heal|p2a: Garganacl|79/100|[from] item: Leftovers\n|-damage|p1a: Gholdengo|30/100|[from] Salt Cure\n|upkeep\n|turn|13\n|\n|t:|1782448288\n|move|p1a: Gholdengo|Recover|p1a: Gholdengo\n|-heal|p1a: Gholdengo|80/100\n|move|p2a: Garganacl|Stealth Rock|p1a: Gholdengo\n|-sidestart|p1: LFGM157|move: Stealth Rock\n|\n|-heal|p1a: Gholdengo|86/100|[from] Grassy Terrain\n|-heal|p2a: Garganacl|85/100|[from] Grassy Terrain\n|-heal|p2a: Garganacl|91/100|[from] item: Leftovers\n|-damage|p1a: Gholdengo|61/100|[from] Salt Cure\n|upkeep\n|turn|14\n|\n|t:|1782448303\n|switch|p2a: Zapdos|Zapdos|76/100\n|move|p1a: Gholdengo|Nasty Plot|p1a: Gholdengo\n|-boost|p1a: Gholdengo|spa|2\n|\n|-heal|p1a: Gholdengo|67/100|[from] Grassy Terrain\n|-damage|p1a: Gholdengo|42/100|[from] Salt Cure\n|upkeep\n|turn|15\n|\n|t:|1782448312\n|move|p2a: Zapdos|Volt Switch|p1a: Gholdengo\n|-supereffective|p1a: Gholdengo\n|-damage|p1a: Gholdengo|0 fnt\n|faint|p1a: Gholdengo\n|\n|t:|1782448324\n|switch|p2a: Great Tusk|Great Tusk|100/100|[from] Volt Switch\n|\n|-fieldend|move: Grassy Terrain\n|upkeep\n|\n|t:|1782448368\n|switch|p1a: Moltres|Moltres|100/100\n|turn|16\n|\n|t:|1782448394\n|-end|p2a: Great Tusk|Protosynthesis|[silent]\n|switch|p2a: Garganacl|Garganacl, M, tera:Water|91/100\n|move|p1a: Moltres|U-turn|p2a: Garganacl\n|-crit|p2a: Garganacl\n|-damage|p2a: Garganacl|80/100\n|\n|t:|1782448400\n|switch|p1a: Rillaboom|Rillaboom, F|79/100|[from] U-turn\n|-damage|p1a: Rillaboom|66/100|[from] Stealth Rock\n|-fieldstart|move: Grassy Terrain|[from] ability: Grassy Surge|[of] p1a: Rillaboom\n|\n|-heal|p1a: Rillaboom|72/100|[from] Grassy Terrain\n|-heal|p2a: Garganacl|86/100|[from] Grassy Terrain\n|-heal|p2a: Garganacl|93/100|[from] item: Leftovers\n|upkeep\n|turn|17\n|\n|t:|1782448416\n|switch|p2a: Zapdos|Zapdos|76/100\n|move|p1a: Rillaboom|U-turn|p2a: Zapdos\n|-resisted|p2a: Zapdos\n|-damage|p2a: Zapdos|67/100\n|\n|t:|1782448418\n|switch|p1a: Iron Treads|Iron Treads|90/100|[from] U-turn\n|-damage|p1a: Iron Treads|87/100|[from] Stealth Rock\n|\n|-heal|p1a: Iron Treads|93/100|[from] Grassy Terrain\n|-heal|p1a: Iron Treads|99/100|[from] item: Leftovers\n|upkeep\n|turn|18\n|\n|t:|1782448429\n|switch|p2a: Ceruledge|Ceruledge, M|100/100\n|move|p1a: Iron Treads|Rapid Spin|p2a: Ceruledge\n|-immune|p2a: Ceruledge\n|\n|-heal|p1a: Iron Treads|100/100|[from] Grassy Terrain\n|upkeep\n|turn|19\n|\n|t:|1782448454\n|move|p1a: Iron Treads|High Horsepower|p2a: Ceruledge\n|-supereffective|p2a: Ceruledge\n|-damage|p2a: Ceruledge|0 fnt\n|faint|p2a: Ceruledge\n|\n|upkeep\n|\n|t:|1782448476\n|switch|p2a: Great Tusk|Great Tusk|100/100\n|turn|20\n|\n|t:|1782448487\n|-end|p2a: Great Tusk|Protosynthesis|[silent]\n|switch|p2a: Garganacl|Garganacl, M, tera:Water|93/100\n|move|p1a: Iron Treads|Rapid Spin|p2a: Garganacl\n|-damage|p2a: Garganacl|86/100\n|-boost|p1a: Iron Treads|spe|1\n|-sideend|p1: LFGM157|Stealth Rock|[from] move: Rapid Spin|[of] p1a: Iron Treads\n|\n|-heal|p2a: Garganacl|92/100|[from] Grassy Terrain\n|-heal|p2a: Garganacl|98/100|[from] item: Leftovers\n|upkeep\n|turn|21\n|\n|t:|1782448511\n|move|p1a: Iron Treads|Knock Off|p2a: Garganacl\n|-damage|p2a: Garganacl|87/100\n|-enditem|p2a: Garganacl|Leftovers|[from] move: Knock Off|[of] p1a: Iron Treads\n|move|p2a: Garganacl|Salt Cure|p1a: Iron Treads\n|-resisted|p1a: Iron Treads\n|-damage|p1a: Iron Treads|98/100\n|-start|p1a: Iron Treads|Salt Cure\n|\n|-heal|p1a: Iron Treads|100/100|[from] Grassy Terrain\n|-heal|p2a: Garganacl|93/100|[from] Grassy Terrain\n|-damage|p1a: Iron Treads|75/100|[from] Salt Cure\n|upkeep\n|turn|22\n|\n|t:|1782448523\n|move|p1a: Iron Treads|Stealth Rock|p2a: Garganacl\n|-sidestart|p2: puke0711|move: Stealth Rock\n|move|p2a: Garganacl|Stealth Rock|p1a: Iron Treads\n|-sidestart|p1: LFGM157|move: Stealth Rock\n|\n|-heal|p1a: Iron Treads|82/100|[from] Grassy Terrain\n|-heal|p1a: Iron Treads|88/100|[from] item: Leftovers\n|-heal|p2a: Garganacl|99/100|[from] Grassy Terrain\n|-damage|p1a: Iron Treads|63/100|[from] Salt Cure\n|upkeep\n|turn|23\n|\n|t:|1782448533\n|-end|p1a: Iron Treads|Quark Drive|[silent]\n|switch|p1a: Rillaboom|Rillaboom, F|72/100\n|-damage|p1a: Rillaboom|60/100|[from] Stealth Rock\n|move|p2a: Garganacl|Avalanche|p1a: Rillaboom\n|-supereffective|p1a: Rillaboom\n|-damage|p1a: Rillaboom|34/100\n|\n|-heal|p1a: Rillaboom|40/100|[from] Grassy Terrain\n|-heal|p2a: Garganacl|100/100|[from] Grassy Terrain\n|-fieldend|move: Grassy Terrain\n|upkeep\n|turn|24\n|\n|t:|1782448553\n|switch|p1a: Iron Treads|Iron Treads|63/100\n|-damage|p1a: Iron Treads|60/100|[from] Stealth Rock\n|switch|p2a: Zapdos|Zapdos|67/100\n|-damage|p2a: Zapdos|43/100|[from] Stealth Rock\n|\n|-heal|p1a: Iron Treads|66/100|[from] item: Leftovers\n|upkeep\n|turn|25\n|\n|t:|1782448573\n|switch|p2a: Garganacl|Garganacl, M, tera:Water|100/100\n|-damage|p2a: Garganacl|88/100|[from] Stealth Rock\n|move|p1a: Iron Treads|Knock Off|p2a: Garganacl\n|-damage|p2a: Garganacl|80/100\n|\n|-heal|p1a: Iron Treads|72/100|[from] item: Leftovers\n|upkeep\n|turn|26\n|\n|t:|1782448595\n|move|p1a: Iron Treads|Rapid Spin|p2a: Garganacl\n|-damage|p2a: Garganacl|74/100\n|-boost|p1a: Iron Treads|spe|1\n|-sideend|p1: LFGM157|Stealth Rock|[from] move: Rapid Spin|[of] p1a: Iron Treads\n|move|p2a: Garganacl|Salt Cure|p1a: Iron Treads\n|-resisted|p1a: Iron Treads\n|-damage|p1a: Iron Treads|70/100\n|-start|p1a: Iron Treads|Salt Cure\n|\n|-heal|p1a: Iron Treads|76/100|[from] item: Leftovers\n|-damage|p1a: Iron Treads|51/100|[from] Salt Cure\n|upkeep\n|turn|27\n|\n|t:|1782448610\n|-end|p1a: Iron Treads|Quark Drive|[silent]\n|switch|p1a: Zamazenta|Zamazenta|100/100\n|-ability|p1a: Zamazenta|Dauntless Shield|boost\n|-boost|p1a: Zamazenta|def|1\n|move|p2a: Garganacl|Stealth Rock|p1a: Zamazenta\n|-sidestart|p1: LFGM157|move: Stealth Rock\n|\n|upkeep\n|turn|28\n|\n|t:|1782448618\n|move|p1a: Zamazenta|Substitute|p1a: Zamazenta\n|-start|p1a: Zamazenta|Substitute\n|-damage|p1a: Zamazenta|75/100\n|move|p2a: Garganacl|Salt Cure|p1a: Zamazenta\n|-resisted|p1a: Zamazenta\n|-activate|p1a: Zamazenta|move: Substitute|[damage]\n|\n|-heal|p1a: Zamazenta|82/100|[from] item: Leftovers\n|upkeep\n|turn|29\n|\n|t:|1782448628\n|switch|p2a: Hatterene|Hatterene, F|100/100\n|-damage|p2a: Hatterene|88/100|[from] Stealth Rock\n|move|p1a: Zamazenta|Iron Defense|p1a: Zamazenta\n|-boost|p1a: Zamazenta|def|2\n|\n|-heal|p1a: Zamazenta|88/100|[from] item: Leftovers\n|upkeep\n|turn|30\n|\n|t:|1782448638\n|move|p1a: Zamazenta|Crunch|p2a: Hatterene\n|-damage|p2a: Hatterene|65/100\n|move|p2a: Hatterene|Draining Kiss|p1a: Zamazenta\n|-supereffective|p1a: Zamazenta\n|-end|p1a: Zamazenta|Substitute\n|-heal|p2a: Hatterene|84/100|[from] drain|[of] p1a: Zamazenta\n|\n|-heal|p1a: Zamazenta|94/100|[from] item: Leftovers\n|upkeep\n|turn|31\n|\n|t:|1782448648\n|switch|p1a: Iron Treads|Iron Treads|51/100\n|-damage|p1a: Iron Treads|48/100|[from] Stealth Rock\n|move|p2a: Hatterene|Draining Kiss|p1a: Iron Treads\n|-resisted|p1a: Iron Treads\n|-damage|p1a: Iron Treads|33/100\n|-heal|p2a: Hatterene|98/100|[from] drain|[of] p1a: Iron Treads\n|\n|-heal|p1a: Iron Treads|39/100|[from] item: Leftovers\n|upkeep\n|turn|32\n|\n|t:|1782448693\n|move|p1a: Iron Treads|Rapid Spin|p2a: Hatterene\n|-damage|p2a: Hatterene|82/100\n|-boost|p1a: Iron Treads|spe|1\n|-sideend|p1: LFGM157|Stealth Rock|[from] move: Rapid Spin|[of] p1a: Iron Treads\n|move|p2a: Hatterene|Mystical Fire|p1a: Iron Treads\n|-supereffective|p1a: Iron Treads\n|-damage|p1a: Iron Treads|0 fnt\n|faint|p1a: Iron Treads\n|-end|p1a: Iron Treads|Quark Drive|[silent]\n|\n|upkeep\n|\n|t:|1782448697\n|switch|p1a: Moltres|Moltres|100/100\n|turn|33\n|\n|t:|1782448708\n|move|p1a: Moltres|Flamethrower|p2a: Hatterene\n|-damage|p2a: Hatterene|56/100\n|-status|p2a: Hatterene|brn\n|move|p2a: Hatterene|Mystical Fire|p1a: Moltres\n|-resisted|p1a: Moltres\n|-damage|p1a: Moltres|90/100\n|-unboost|p1a: Moltres|spa|1\n|\n|-damage|p2a: Hatterene|50/100 brn|[from] brn\n|upkeep\n|turn|34\n|\n|t:|1782448719\n|move|p1a: Moltres|Flamethrower|p2a: Hatterene\n|-damage|p2a: Hatterene|34/100 brn\n|move|p2a: Hatterene|Nuzzle|p1a: Moltres\n|-supereffective|p1a: Moltres\n|-damage|p1a: Moltres|86/100\n|-status|p1a: Moltres|par\n|\n|-damage|p2a: Hatterene|28/100 brn|[from] brn\n|upkeep\n|turn|35\n|\n|t:|1782448732\n|switch|p1a: Rillaboom|Rillaboom, F|40/100\n|-fieldstart|move: Grassy Terrain|[from] ability: Grassy Surge|[of] p1a: Rillaboom\n|switch|p2a: Garganacl|Garganacl, M, tera:Water|74/100\n|-damage|p2a: Garganacl|61/100|[from] Stealth Rock\n|\n|-heal|p1a: Rillaboom|46/100|[from] Grassy Terrain\n|-heal|p2a: Garganacl|67/100|[from] Grassy Terrain\n|upkeep\n|turn|36\n|\n|t:|1782448744\n|switch|p2a: Hatterene|Hatterene, F|28/100 brn\n|-damage|p2a: Hatterene|15/100 brn|[from] Stealth Rock\n|move|p1a: Rillaboom|Grassy Glide|p2a: Hatterene\n|-damage|p2a: Hatterene|0 fnt\n|faint|p2a: Hatterene\n|\n|-heal|p1a: Rillaboom|52/100|[from] Grassy Terrain\n|upkeep\n|\n|t:|1782448755\n|switch|p2a: Great Tusk|Great Tusk|100/100\n|-damage|p2a: Great Tusk|98/100|[from] Stealth Rock\n|turn|37\n|\n|t:|1782448762\n|move|p1a: Rillaboom|Grassy Glide|p2a: Great Tusk\n|-supereffective|p2a: Great Tusk\n|-damage|p2a: Great Tusk|48/100\n|move|p2a: Great Tusk|Ice Spinner|p1a: Rillaboom\n|-supereffective|p1a: Rillaboom\n|-damage|p1a: Rillaboom|8/100\n|-fieldend|move: Grassy Terrain\n|\n|-heal|p2a: Great Tusk|54/100|[from] item: Leftovers\n|upkeep\n|turn|38\n|\n|t:|1782448773\n|switch|p1a: Zamazenta|Zamazenta|94/100\n|move|p2a: Great Tusk|Rapid Spin|p1a: Zamazenta\n|-damage|p1a: Zamazenta|83/100\n|-boost|p2a: Great Tusk|spe|1\n|-sideend|p2: puke0711|Stealth Rock|[from] move: Rapid Spin|[of] p2a: Great Tusk\n|\n|-heal|p2a: Great Tusk|60/100|[from] item: Leftovers\n|-heal|p1a: Zamazenta|90/100|[from] item: Leftovers\n|upkeep\n|turn|39\n|\n|t:|1782448784\n|-end|p2a: Great Tusk|Protosynthesis|[silent]\n|switch|p2a: Zapdos|Zapdos|43/100\n|move|p1a: Zamazenta|Iron Defense|p1a: Zamazenta\n|-boost|p1a: Zamazenta|def|2\n|\n|-heal|p1a: Zamazenta|96/100|[from] item: Leftovers\n|upkeep\n|turn|40\n|\n|t:|1782448825\n|move|p1a: Zamazenta|Body Press|p2a: Zapdos\n|-resisted|p2a: Zapdos\n|-damage|p2a: Zapdos|18/100\n|-status|p1a: Zamazenta|par|[from] ability: Static|[of] p2a: Zapdos\n|move|p2a: Zapdos|Roost|p2a: Zapdos\n|-heal|p2a: Zapdos|68/100\n|-singleturn|p2a: Zapdos|move: Roost\n|\n|-heal|p1a: Zamazenta|100/100 par|[from] item: Leftovers\n|upkeep\n|turn|41\n|-message|LFGM157 forfeited.\n|\n|win|puke0711\n|raw|LFGM157's rating: 1374 &rarr; <strong>1351</strong><br />(-23 for losing)\n|raw|puke0711's rating: 1317 &rarr; <strong>1340</strong><br />(+23 for winning)\n|l|☆LFGM157\n|player|p1|\n|l|☆puke0711\n|player|p2|\n|j|☆puke0711\n|player|p2|puke0711|265|\n|l|☆puke0711\n|player|p2|\n", "uploadtime": 1782449240, "views": 4, "formatid": "gen9ou", "rating": 1340, "private": 0, "password": null}