{"id": "gen9ou-2640035693", "format": "[Gen 9] OU", "players": ["steven stone 007", "lt124yh xebec"], "log": "|badge|p2|silver|gen9ou|30-9\n|html|<div class=\"broadcast-red\"><strong>This battle is required to be public due to one or more player having a season medal.</strong><br />During the public phase, you can discuss the state of the ladder <a href=\"/seasondiscussion\">in a special chatroom.</a></div>\n|uhtml|medal-msg|<div class=\"broadcast-blue\">Curious what those medals under the avatar are? PS now has Ladder Seasons! For more information, check out the <a href=\"https://www.smogon.com/forums/threads/3740067/\">thread on Smogon.</a></div>\n|raw|<div class=\"broadcast-blue\"><strong>This battle is required to be public due to a player having a name starting with 'medal'.</div>\n|j|☆steven stone 007\n|j|☆lt124yh xebec\n|t:|1782567603\n|gametype|singles\n|player|p1|steven stone 007|steven|1651\n|player|p2|lt124yh xebec|266|1841\n|gen|9\n|tier|[Gen 9] OU\n|rated|\n|rule|HP Percentage Mod: HP is shown in percentages\n|rule|Endless Battle Clause: Forcing endless battles is banned\n|rule|Species Clause: Limit one of each Pokémon\n|rule|OHKO Clause: OHKO moves are banned\n|rule|Evasion Items Clause: Evasion items are banned\n|rule|Evasion Moves Clause: Evasion moves are banned\n|rule|Evasion Abilities Clause: Evasion abilities are banned\n|rule|Sleep Moves Clause: Sleep-inducing moves are banned\n|clearpoke\n|poke|p1|Slowking-Galar, M|\n|poke|p1|Great Tusk|\n|poke|p1|Kyurem|\n|poke|p1|Kingambit, M|\n|poke|p1|Cinderace, M|\n|poke|p1|Zapdos|\n|poke|p2|Zamazenta-*|\n|poke|p2|Hydreigon, F|\n|poke|p2|Blissey, F|\n|poke|p2|Dragapult, M|\n|poke|p2|Gliscor, F|\n|poke|p2|Clefable, M|\n|teampreview\n|inactive|Battle timer is ON: inactive players will automatically lose when time's up. (requested by steven stone 007)\n|\n|t:|1782567648\n|teamsize|p1|6\n|teamsize|p2|6\n|start\n|switch|p1a: Slowking|Slowking-Galar, M|100/100\n|switch|p2a: Gliscor|Gliscor, F|100/100\n|turn|1\n|\n|t:|1782567658\n|move|p2a: Gliscor|Earthquake|p1a: Slowking\n|-supereffective|p1a: Slowking\n|-damage|p1a: Slowking|39/100\n|-prepare|p1a: Slowking|Chilly Reception|[premajor]\n|move|p1a: Slowking|Chilly Reception|p1a: Slowking\n|-weather|Snowscape\n|\n|t:|1782567663\n|switch|p1a: Kyurem|Kyurem|100/100|[from] Chilly Reception\n|-ability|p1a: Kyurem|Pressure\n|\n|-weather|Snowscape|[upkeep]\n|-status|p2a: Gliscor|tox|[from] item: Toxic Orb\n|upkeep\n|turn|2\n|\n|t:|1782567668\n|move|p2a: Gliscor|Protect|p2a: Gliscor\n|-singleturn|p2a: Gliscor|Protect\n|move|p1a: Kyurem|Blizzard|p2a: Gliscor\n|-activate|p2a: Gliscor|move: Protect\n|\n|-weather|Snowscape|[upkeep]\n|upkeep\n|turn|3\n|\n|t:|1782567672\n|switch|p2a: Blissey|Blissey, F|100/100\n|-terastallize|p1a: Kyurem|Ice\n|move|p1a: Kyurem|Blizzard|p2a: Blissey\n|-damage|p2a: Blissey|56/100\n|\n|-weather|Snowscape|[upkeep]\n|upkeep\n|turn|4\n|\n|t:|1782567676\n|move|p1a: Kyurem|Blizzard|p2a: Blissey\n|-damage|p2a: Blissey|10/100\n|move|p2a: Blissey|Soft-Boiled|p2a: Blissey\n|-heal|p2a: Blissey|60/100\n|\n|-weather|Snowscape|[upkeep]\n|upkeep\n|turn|5\n|\n|t:|1782567682\n|switch|p1a: Great Tusk|Great Tusk|100/100\n|move|p2a: Blissey|Soft-Boiled|p2a: Blissey\n|-heal|p2a: Blissey|100/100\n|\n|-weather|none\n|upkeep\n|turn|6\n|\n|t:|1782567686\n|switch|p2a: Zamazenta|Zamazenta|100/100\n|-ability|p2a: Zamazenta|Dauntless Shield|boost\n|-boost|p2a: Zamazenta|def|1\n|move|p1a: Great Tusk|Stealth Rock|p2a: Zamazenta\n|-sidestart|p2: lt124yh xebec|move: Stealth Rock\n|\n|upkeep\n|turn|7\n|\n|t:|1782567691\n|-end|p1a: Great Tusk|Protosynthesis|[silent]\n|switch|p1a: Zapdos|Zapdos, shiny|100/100\n|move|p2a: Zamazenta|Body Press|p1a: Zapdos\n|-resisted|p1a: Zapdos\n|-damage|p1a: Zapdos|78/100\n|\n|upkeep\n|turn|8\n|\n|t:|1782567694\n|switch|p2a: Gliscor|Gliscor, F|100/100 tox\n|-damage|p2a: Gliscor|88/100 tox|[from] Stealth Rock\n|move|p1a: Zapdos|Hurricane|p2a: Gliscor\n|-damage|p2a: Gliscor|47/100 tox\n|-start|p2a: Gliscor|confusion\n|\n|-heal|p2a: Gliscor|60/100 tox|[from] ability: Poison Heal\n|upkeep\n|turn|9\n|\n|t:|1782567698\n|switch|p1a: Slowking|Slowking-Galar, M|72/100\n|-activate|p2a: Gliscor|confusion\n|move|p2a: Gliscor|Toxic|p1a: Slowking\n|-immune|p1a: Slowking\n|\n|-heal|p2a: Gliscor|72/100 tox|[from] ability: Poison Heal\n|upkeep\n|turn|10\n|\n|t:|1782567703\n|-end|p2a: Gliscor|confusion\n|move|p2a: Gliscor|Earthquake|p1a: Slowking\n|-supereffective|p1a: Slowking\n|-damage|p1a: Slowking|9/100\n|-prepare|p1a: Slowking|Chilly Reception|[premajor]\n|move|p1a: Slowking|Chilly Reception|p1a: Slowking\n|-weather|Snowscape\n|\n|t:|1782567708\n|switch|p1a: Kyurem|Kyurem, tera:Ice|100/100|[from] Chilly Reception\n|-ability|p1a: Kyurem|Pressure\n|\n|-weather|Snowscape|[upkeep]\n|-heal|p2a: Gliscor|85/100 tox|[from] ability: Poison Heal\n|upkeep\n|turn|11\n|\n|t:|1782567713\n|move|p2a: Gliscor|Protect|p2a: Gliscor\n|-singleturn|p2a: Gliscor|Protect\n|move|p1a: Kyurem|Ice Beam|p2a: Gliscor\n|-activate|p2a: Gliscor|move: Protect\n|\n|-weather|Snowscape|[upkeep]\n|-heal|p2a: Gliscor|97/100 tox|[from] ability: Poison Heal\n|upkeep\n|turn|12\n|\n|t:|1782567717\n|switch|p2a: Blissey|Blissey, F|100/100\n|move|p1a: Kyurem|Ice Beam|p2a: Blissey\n|-damage|p2a: Blissey|64/100\n|\n|-weather|Snowscape|[upkeep]\n|upkeep\n|turn|13\n|\n|t:|1782567723\n|switch|p1a: Zapdos|Zapdos, shiny|78/100\n|move|p2a: Blissey|Soft-Boiled|p2a: Blissey\n|-heal|p2a: Blissey|100/100\n|\n|-weather|Snowscape|[upkeep]\n|upkeep\n|turn|14\n|\n|t:|1782567726\n|move|p1a: Zapdos|Volt Switch|p2a: Blissey\n|-damage|p2a: Blissey|90/100\n|\n|t:|1782567729\n|switch|p1a: Great Tusk|Great Tusk|100/100|[from] Volt Switch\n|move|p2a: Blissey|Stealth Rock|p1a: Great Tusk\n|-sidestart|p1: steven stone 007|move: Stealth Rock\n|\n|-weather|none\n|upkeep\n|turn|15\n|\n|t:|1782567732\n|switch|p2a: Dragapult|Dragapult, M|100/100\n|move|p1a: Great Tusk|Ice Spinner|p2a: Dragapult\n|-supereffective|p2a: Dragapult\n|-damage|p2a: Dragapult|30/100\n|\n|upkeep\n|turn|16\n|\n|t:|1782567736\n|move|p2a: Dragapult|Will-O-Wisp|p1a: Great Tusk\n|-status|p1a: Great Tusk|brn\n|move|p1a: Great Tusk|Ice Spinner|p2a: Dragapult\n|-supereffective|p2a: Dragapult\n|-damage|p2a: Dragapult|0 fnt\n|faint|p2a: Dragapult\n|\n|-damage|p1a: Great Tusk|94/100 brn|[from] brn\n|upkeep\n|\n|t:|1782567759\n|switch|p2a: Hydreigon|Hydreigon, F|100/100\n|-damage|p2a: Hydreigon|88/100|[from] Stealth Rock\n|turn|17\n|\n|t:|1782567767\n|move|p2a: Hydreigon|Nasty Plot|p2a: Hydreigon\n|-boost|p2a: Hydreigon|spa|2\n|move|p1a: Great Tusk|Ice Spinner|p2a: Hydreigon\n|-supereffective|p2a: Hydreigon\n|-damage|p2a: Hydreigon|58/100\n|\n|-heal|p2a: Hydreigon|64/100|[from] item: Leftovers\n|-damage|p1a: Great Tusk|88/100 brn|[from] brn\n|upkeep\n|turn|18\n|\n|t:|1782567771\n|move|p2a: Hydreigon|Earth Power|p1a: Great Tusk\n|-damage|p1a: Great Tusk|0 fnt\n|faint|p1a: Great Tusk\n|-end|p1a: Great Tusk|Protosynthesis|[silent]\n|\n|-heal|p2a: Hydreigon|70/100|[from] item: Leftovers\n|upkeep\n|\n|t:|1782567779\n|switch|p1a: Cinderace|Cinderace, M|100/100\n|turn|19\n|\n|t:|1782567784\n|switch|p2a: Gliscor|Gliscor, F|97/100 tox\n|-damage|p2a: Gliscor|85/100 tox|[from] Stealth Rock\n|move|p1a: Cinderace|U-turn|p2a: Gliscor\n|-resisted|p2a: Gliscor\n|-damage|p2a: Gliscor|77/100 tox\n|\n|t:|1782567787\n|switch|p1a: Slowking|Slowking-Galar, M|43/100|[from] U-turn\n|-damage|p1a: Slowking|30/100|[from] Stealth Rock\n|\n|-heal|p2a: Gliscor|90/100 tox|[from] ability: Poison Heal\n|upkeep\n|turn|20\n|\n|t:|1782567792\n|switch|p1a: Zapdos|Zapdos, shiny|78/100\n|move|p2a: Gliscor|Earthquake|p1a: Zapdos\n|-immune|p1a: Zapdos\n|\n|-heal|p2a: Gliscor|100/100 tox|[from] ability: Poison Heal\n|upkeep\n|turn|21\n|\n|t:|1782567798\n|switch|p1a: Cinderace|Cinderace, M|100/100\n|move|p2a: Gliscor|Knock Off|p1a: Cinderace\n|-damage|p1a: Cinderace|76/100\n|-enditem|p1a: Cinderace|Heavy-Duty Boots|[from] move: Knock Off|[of] p2a: Gliscor\n|\n|upkeep\n|turn|22\n|\n|t:|1782567803\n|move|p1a: Cinderace|U-turn|p2a: Gliscor\n|-resisted|p2a: Gliscor\n|-damage|p2a: Gliscor|93/100 tox\n|\n|t:|1782567808\n|switch|p1a: Zapdos|Zapdos, shiny|78/100|[from] U-turn\n|move|p2a: Gliscor|Earthquake|p1a: Zapdos\n|-immune|p1a: Zapdos\n|\n|-heal|p2a: Gliscor|100/100 tox|[from] ability: Poison Heal\n|upkeep\n|turn|23\n|\n|t:|1782567812\n|switch|p1a: Cinderace|Cinderace, M|76/100\n|-damage|p1a: Cinderace|51/100|[from] Stealth Rock\n|move|p2a: Gliscor|Knock Off|p1a: Cinderace\n|-damage|p1a: Cinderace|36/100\n|\n|upkeep\n|turn|24\n|\n|t:|1782567815\n|move|p1a: Cinderace|Pyro Ball|p2a: Gliscor\n|-damage|p2a: Gliscor|64/100 tox\n|move|p2a: Gliscor|Earthquake|p1a: Cinderace\n|-supereffective|p1a: Cinderace\n|-damage|p1a: Cinderace|0 fnt\n|faint|p1a: Cinderace\n|\n|-heal|p2a: Gliscor|76/100 tox|[from] ability: Poison Heal\n|upkeep\n|\n|t:|1782567818\n|switch|p1a: Slowking|Slowking-Galar, M|63/100\n|-damage|p1a: Slowking|51/100|[from] Stealth Rock\n|turn|25\n|\n|t:|1782567823\n|switch|p1a: Kingambit|Kingambit, M|100/100\n|-damage|p1a: Kingambit|94/100|[from] Stealth Rock\n|-activate|p1a: Kingambit|ability: Supreme Overlord\n|-start|p1a: Kingambit|fallen2|[silent]\n|move|p2a: Gliscor|Earthquake|p1a: Kingambit\n|-supereffective|p1a: Kingambit\n|-damage|p1a: Kingambit|45/100\n|\n|-heal|p1a: Kingambit|51/100|[from] item: Leftovers\n|-heal|p2a: Gliscor|89/100 tox|[from] ability: Poison Heal\n|upkeep\n|turn|26\n|\n|t:|1782567830\n|move|p2a: Gliscor|Earthquake|p1a: Kingambit\n|-supereffective|p1a: Kingambit\n|-damage|p1a: Kingambit|0 fnt\n|faint|p1a: Kingambit\n|-end|p1a: Kingambit|fallen2|[silent]\n|\n|-heal|p2a: Gliscor|100/100 tox|[from] ability: Poison Heal\n|upkeep\n|\n|t:|1782567833\n|switch|p1a: Slowking|Slowking-Galar, M|84/100\n|-damage|p1a: Slowking|72/100|[from] Stealth Rock\n|turn|27\n|\n|t:|1782567835\n|move|p2a: Gliscor|Earthquake|p1a: Slowking\n|-supereffective|p1a: Slowking\n|-damage|p1a: Slowking|11/100\n|-prepare|p1a: Slowking|Chilly Reception|[premajor]\n|move|p1a: Slowking|Chilly Reception|p1a: Slowking\n|-weather|Snowscape\n|\n|t:|1782567838\n|switch|p1a: Kyurem|Kyurem, tera:Ice|100/100|[from] Chilly Reception\n|-damage|p1a: Kyurem|76/100|[from] Stealth Rock\n|-ability|p1a: Kyurem|Pressure\n|\n|-weather|Snowscape|[upkeep]\n|upkeep\n|turn|28\n|\n|t:|1782567840\n|move|p2a: Gliscor|Protect|p2a: Gliscor\n|-singleturn|p2a: Gliscor|Protect\n|move|p1a: Kyurem|Ice Beam|p2a: Gliscor\n|-activate|p2a: Gliscor|move: Protect\n|\n|-weather|Snowscape|[upkeep]\n|upkeep\n|turn|29\n|\n|t:|1782567844\n|switch|p2a: Blissey|Blissey, F|90/100\n|move|p1a: Kyurem|Ice Beam|p2a: Blissey\n|-damage|p2a: Blissey|56/100\n|-status|p2a: Blissey|frz\n|\n|-weather|Snowscape|[upkeep]\n|upkeep\n|turn|30\n|\n|t:|1782567860\n|-curestatus|p2a: Blissey|frz|[from] ability: Natural Cure|[silent]\n|switch|p2a: Clefable|Clefable, M|100/100\n|move|p1a: Kyurem|Ice Beam|p2a: Clefable\n|-damage|p2a: Clefable|9/100\n|\n|-weather|Snowscape|[upkeep]\n|upkeep\n|turn|31\n|\n|t:|1782567884\n|move|p1a: Kyurem|Ice Beam|p2a: Clefable\n|-damage|p2a: Clefable|0 fnt\n|faint|p2a: Clefable\n|\n|-weather|none\n|upkeep\n|\n|t:|1782567888\n|switch|p2a: Blissey|Blissey, F|56/100\n|turn|32\n|\n|t:|1782567890\n|move|p1a: Kyurem|Ice Beam|p2a: Blissey\n|-damage|p2a: Blissey|19/100\n|move|p2a: Blissey|Soft-Boiled|p2a: Blissey\n|-heal|p2a: Blissey|69/100\n|\n|upkeep\n|turn|33\n|\n|t:|1782567894\n|move|p1a: Kyurem|Ice Beam|p2a: Blissey\n|-damage|p2a: Blissey|34/100\n|move|p2a: Blissey|Soft-Boiled|p2a: Blissey\n|-heal|p2a: Blissey|84/100\n|\n|upkeep\n|turn|34\n|\n|t:|1782567897\n|move|p1a: Kyurem|Ice Beam|p2a: Blissey\n|-damage|p2a: Blissey|47/100\n|move|p2a: Blissey|Thunder Wave|p1a: Kyurem\n|-status|p1a: Kyurem|par\n|\n|upkeep\n|turn|35\n|\n|t:|1782567900\n|move|p1a: Kyurem|Ice Beam|p2a: Blissey\n|-damage|p2a: Blissey|14/100\n|move|p2a: Blissey|Soft-Boiled|p2a: Blissey\n|-heal|p2a: Blissey|64/100\n|\n|upkeep\n|turn|36\n|\n|t:|1782567902\n|move|p1a: Kyurem|Ice Beam|p2a: Blissey\n|-damage|p2a: Blissey|28/100\n|move|p2a: Blissey|Soft-Boiled|p2a: Blissey\n|-heal|p2a: Blissey|78/100\n|\n|upkeep\n|turn|37\n|\n|t:|1782567906\n|move|p1a: Kyurem|Ice Beam|p2a: Blissey\n|-damage|p2a: Blissey|44/100\n|move|p2a: Blissey|Soft-Boiled|p2a: Blissey\n|-heal|p2a: Blissey|94/100\n|\n|upkeep\n|turn|38\n|\n|t:|1782567908\n|move|p1a: Kyurem|Ice Beam|p2a: Blissey\n|-damage|p2a: Blissey|60/100\n|move|p2a: Blissey|Seismic Toss|p1a: Kyurem\n|-damage|p1a: Kyurem|50/100 par\n|\n|upkeep\n|turn|39\n|\n|t:|1782567912\n|cant|p1a: Kyurem|par\n|move|p2a: Blissey|Seismic Toss|p1a: Kyurem\n|-damage|p1a: Kyurem|25/100 par\n|\n|upkeep\n|turn|40\n|\n|t:|1782567915\n|cant|p1a: Kyurem|par\n|move|p2a: Blissey|Seismic Toss|p1a: Kyurem\n|-damage|p1a: Kyurem|0 fnt\n|faint|p1a: Kyurem\n|\n|upkeep\n|\n|t:|1782567917\n|switch|p1a: Slowking|Slowking-Galar, M|44/100\n|-damage|p1a: Slowking|32/100|[from] Stealth Rock\n|turn|41\n|\n|t:|1782567919\n|move|p2a: Blissey|Seismic Toss|p1a: Slowking\n|-damage|p1a: Slowking|6/100\n|-prepare|p1a: Slowking|Chilly Reception|[premajor]\n|move|p1a: Slowking|Chilly Reception|p1a: Slowking\n|-weather|Snowscape\n|\n|t:|1782567922\n|switch|p1a: Zapdos|Zapdos, shiny|78/100|[from] Chilly Reception\n|\n|-weather|Snowscape|[upkeep]\n|upkeep\n|turn|42\n|\n|t:|1782567924\n|move|p1a: Zapdos|Hurricane|p2a: Blissey\n|-damage|p2a: Blissey|44/100\n|move|p2a: Blissey|Seismic Toss|p1a: Zapdos\n|-damage|p1a: Zapdos|52/100\n|\n|-weather|Snowscape|[upkeep]\n|upkeep\n|turn|43\n|\n|t:|1782567927\n|move|p1a: Zapdos|Hurricane|p2a: Blissey\n|-damage|p2a: Blissey|26/100\n|move|p2a: Blissey|Seismic Toss|p1a: Zapdos\n|-damage|p1a: Zapdos|26/100\n|\n|-weather|Snowscape|[upkeep]\n|upkeep\n|turn|44\n|\n|t:|1782567931\n|move|p1a: Zapdos|Roost|p1a: Zapdos\n|-heal|p1a: Zapdos|76/100\n|-singleturn|p1a: Zapdos|move: Roost\n|move|p2a: Blissey|Seismic Toss|p1a: Zapdos\n|-damage|p1a: Zapdos|50/100\n|\n|-weather|Snowscape|[upkeep]\n|upkeep\n|turn|45\n|\n|t:|1782567934\n|move|p1a: Zapdos|Roost|p1a: Zapdos\n|-heal|p1a: Zapdos|99/100\n|-singleturn|p1a: Zapdos|move: Roost\n|move|p2a: Blissey|Seismic Toss|p1a: Zapdos\n|-damage|p1a: Zapdos|74/100\n|\n|-weather|none\n|upkeep\n|turn|46\n|\n|t:|1782567941\n|move|p1a: Zapdos|Volt Switch|p2a: Blissey\n|-damage|p2a: Blissey|15/100\n|\n|t:|1782567946\n|switch|p1a: Slowking|Slowking-Galar, M|40/100|[from] Volt Switch\n|-damage|p1a: Slowking|27/100|[from] Stealth Rock\n|move|p2a: Blissey|Seismic Toss|p1a: Slowking\n|-damage|p1a: Slowking|2/100\n|\n|upkeep\n|turn|47\n|\n|t:|1782567949\n|switch|p1a: Zapdos|Zapdos, shiny|74/100\n|move|p2a: Blissey|Seismic Toss|p1a: Zapdos\n|-damage|p1a: Zapdos|47/100\n|\n|upkeep\n|turn|48\n|\n|t:|1782567954\n|switch|p2a: Hydreigon|Hydreigon, F|70/100\n|-damage|p2a: Hydreigon|58/100|[from] Stealth Rock\n|move|p1a: Zapdos|Roost|p1a: Zapdos\n|-heal|p1a: Zapdos|98/100\n|-singleturn|p1a: Zapdos|move: Roost\n|\n|-heal|p2a: Hydreigon|64/100|[from] item: Leftovers\n|upkeep\n|turn|49\n|\n|t:|1782567957\n|move|p2a: Hydreigon|Dark Pulse|p1a: Zapdos\n|-damage|p1a: Zapdos|56/100\n|move|p1a: Zapdos|Hurricane|p2a: Hydreigon\n|-damage|p2a: Hydreigon|10/100\n|\n|-heal|p2a: Hydreigon|16/100|[from] item: Leftovers\n|upkeep\n|turn|50\n|\n|t:|1782567964\n|move|p2a: Hydreigon|Dark Pulse|p1a: Zapdos\n|-damage|p1a: Zapdos|16/100\n|move|p1a: Zapdos|Roost|p1a: Zapdos\n|-heal|p1a: Zapdos|66/100\n|-singleturn|p1a: Zapdos|move: Roost\n|\n|-heal|p2a: Hydreigon|23/100|[from] item: Leftovers\n|upkeep\n|turn|51\n|\n|t:|1782567968\n|move|p2a: Hydreigon|Dark Pulse|p1a: Zapdos\n|-damage|p1a: Zapdos|28/100\n|move|p1a: Zapdos|Hurricane|p2a: Hydreigon\n|-damage|p2a: Hydreigon|0 fnt\n|faint|p2a: Hydreigon\n|\n|upkeep\n|\n|t:|1782567971\n|switch|p2a: Gliscor|Gliscor, F|100/100 tox\n|-damage|p2a: Gliscor|88/100 tox|[from] Stealth Rock\n|turn|52\n|\n|t:|1782567976\n|move|p1a: Zapdos|Roost|p1a: Zapdos\n|-heal|p1a: Zapdos|78/100\n|-singleturn|p1a: Zapdos|move: Roost\n|move|p2a: Gliscor|Toxic|p1a: Zapdos\n|-status|p1a: Zapdos|tox\n|\n|-damage|p1a: Zapdos|72/100 tox|[from] psn\n|-heal|p2a: Gliscor|100/100 tox|[from] ability: Poison Heal\n|upkeep\n|turn|53\n|\n|t:|1782567981\n|switch|p1a: Slowking|Slowking-Galar, M|35/100\n|-damage|p1a: Slowking|23/100|[from] Stealth Rock\n|move|p2a: Gliscor|Knock Off|p1a: Slowking\n|-supereffective|p1a: Slowking\n|-enditem|p1a: Slowking|Colbur Berry|[eat]\n|-enditem|p1a: Slowking|Colbur Berry|[weaken]\n|-damage|p1a: Slowking|3/100\n|\n|upkeep\n|turn|54\n|\n|t:|1782567985\n|switch|p1a: Zapdos|Zapdos, shiny|72/100 tox\n|move|p2a: Gliscor|Knock Off|p1a: Zapdos\n|-damage|p1a: Zapdos|56/100 tox\n|-enditem|p1a: Zapdos|Heavy-Duty Boots|[from] move: Knock Off|[of] p2a: Gliscor\n|\n|-damage|p1a: Zapdos|50/100 tox|[from] psn\n|upkeep\n|turn|55\n|\n|t:|1782567989\n|move|p1a: Zapdos|Roost|p1a: Zapdos\n|-heal|p1a: Zapdos|99/100 tox\n|-singleturn|p1a: Zapdos|move: Roost\n|move|p2a: Gliscor|Knock Off|p1a: Zapdos\n|-damage|p1a: Zapdos|90/100 tox\n|\n|-damage|p1a: Zapdos|78/100 tox|[from] psn\n|upkeep\n|turn|56\n|\n|t:|1782567992\n|switch|p1a: Slowking|Slowking-Galar, M|36/100\n|-damage|p1a: Slowking|23/100|[from] Stealth Rock\n|move|p2a: Gliscor|Knock Off|p1a: Slowking\n|-supereffective|p1a: Slowking\n|-damage|p1a: Slowking|0 fnt\n|faint|p1a: Slowking\n|\n|upkeep\n|\n|t:|1782567994\n|switch|p1a: Zapdos|Zapdos, shiny|78/100 tox\n|-damage|p1a: Zapdos|53/100 tox|[from] Stealth Rock\n|turn|57\n|\n|t:|1782567997\n|move|p1a: Zapdos|Hurricane|p2a: Gliscor\n|-damage|p2a: Gliscor|62/100 tox\n|move|p2a: Gliscor|Earthquake|p1a: Zapdos\n|-immune|p1a: Zapdos\n|\n|-damage|p1a: Zapdos|47/100 tox|[from] psn\n|-heal|p2a: Gliscor|75/100 tox|[from] ability: Poison Heal\n|upkeep\n|turn|58\n|\n|t:|1782568000\n|move|p2a: Gliscor|Protect|p2a: Gliscor\n|-singleturn|p2a: Gliscor|Protect\n|move|p1a: Zapdos|Hurricane|p2a: Gliscor\n|-activate|p2a: Gliscor|move: Protect\n|\n|-damage|p1a: Zapdos|35/100 tox|[from] psn\n|-heal|p2a: Gliscor|87/100 tox|[from] ability: Poison Heal\n|upkeep\n|turn|59\n|\n|t:|1782568005\n|move|p1a: Zapdos|Hurricane|p2a: Gliscor|[miss]\n|-miss|p1a: Zapdos|p2a: Gliscor\n|move|p2a: Gliscor|Earthquake|p1a: Zapdos\n|-immune|p1a: Zapdos\n|\n|-damage|p1a: Zapdos|17/100 tox|[from] psn\n|-heal|p2a: Gliscor|99/100 tox|[from] ability: Poison Heal\n|upkeep\n|turn|60\n|\n|t:|1782568007\n|move|p1a: Zapdos|Hurricane|p2a: Gliscor\n|-damage|p2a: Gliscor|58/100 tox\n|-start|p2a: Gliscor|confusion\n|-activate|p2a: Gliscor|confusion\n|move|p2a: Gliscor|Earthquake|p1a: Zapdos\n|-immune|p1a: Zapdos\n|\n|-damage|p1a: Zapdos|0 fnt|[from] psn\n|faint|p1a: Zapdos\n|\n|win|lt124yh xebec\n|raw|steven stone 007's rating: 1651 &rarr; <strong>1641</strong><br />(-10 for losing)\n|raw|lt124yh xebec's rating: 1841 &rarr; <strong>1851</strong><br />(+10 for winning)\n|l|☆lt124yh xebec\n|player|p2|\n|l|☆steven stone 007\n|player|p1|\n", "uploadtime": 1782568253, "views": 2, "formatid": "gen9ou", "rating": 1641, "private": 0, "password": null}