{"id": "gen9ou-2639895631", "format": "[Gen 9] OU", "players": ["Pinkacross Alt", "Draw Your Sword"], "log": "|badge|p2|bronze|gen9ou|100-9\n|html|<div class=\"broadcast-red\"><strong>This battle is required to be public due to one or more player having a season medal.</strong><br />During the public phase, you can discuss the state of the ladder <a href=\"/seasondiscussion\">in a special chatroom.</a></div>\n|uhtml|medal-msg|<div class=\"broadcast-blue\">Curious what those medals under the avatar are? PS now has Ladder Seasons! For more information, check out the <a href=\"https://www.smogon.com/forums/threads/3740067/\">thread on Smogon.</a></div>\n|raw|<div class=\"broadcast-blue\"><strong>This battle is required to be public due to a player having a name starting with 'medal'.</div>\n|j|☆Pinkacross Alt\n|j|☆Draw Your Sword\n|t:|1782538253\n|gametype|singles\n|player|p1|Pinkacross Alt|artist|1822\n|player|p2|Draw Your Sword|psychic-gen4|1815\n|gen|9\n|tier|[Gen 9] OU\n|rated|\n|rule|HP Percentage Mod: HP is shown in percentages\n|rule|Endless Battle Clause: Forcing endless battles is banned\n|rule|Species Clause: Limit one of each Pokémon\n|rule|OHKO Clause: OHKO moves are banned\n|rule|Evasion Items Clause: Evasion items are banned\n|rule|Evasion Moves Clause: Evasion moves are banned\n|rule|Evasion Abilities Clause: Evasion abilities are banned\n|rule|Sleep Moves Clause: Sleep-inducing moves are banned\n|clearpoke\n|poke|p1|Kingdra, F|\n|poke|p1|Araquanid, F|\n|poke|p1|Zamazenta-*|\n|poke|p1|Gholdengo|\n|poke|p1|Enamorus, F|\n|poke|p1|Iron Treads|\n|poke|p2|Darkrai|\n|poke|p2|Tinkaton, F|\n|poke|p2|Moltres|\n|poke|p2|Pecharunt|\n|poke|p2|Rillaboom, M|\n|poke|p2|Gliscor, F|\n|teampreview\n|c|☆Pinkacross Alt|hf\n|\n|t:|1782538278\n|teamsize|p1|6\n|teamsize|p2|6\n|start\n|switch|p1a: Araquanid|Araquanid, F|100/100\n|switch|p2a: Rillaboom|Rillaboom, M, shiny|100/100\n|-fieldstart|move: Grassy Terrain|[from] ability: Grassy Surge|[of] p2a: Rillaboom\n|turn|1\n|\n|t:|1782538288\n|move|p1a: Araquanid|Endure|p1a: Araquanid\n|-singleturn|p1a: Araquanid|move: Endure\n|move|p2a: Rillaboom|Wood Hammer|p1a: Araquanid\n|-crit|p1a: Araquanid\n|-activate|p1a: Araquanid|move: Endure\n|-damage|p1a: Araquanid|1/100\n|-damage|p2a: Rillaboom|71/100|[from] Recoil\n|\n|-heal|p2a: Rillaboom|77/100|[from] Grassy Terrain\n|-heal|p1a: Araquanid|7/100|[from] Grassy Terrain\n|upkeep\n|turn|2\n|inactive|Battle timer is ON: inactive players will automatically lose when time's up. (requested by Draw Your Sword)\n|-enditem|p1a: Araquanid|Custap Berry|[eat]\n|-activate|p1a: Araquanid|item: Custap Berry|[consumed]\n|\n|t:|1782538301\n|move|p2a: Rillaboom|Grassy Glide|p1a: Araquanid\n|-damage|p1a: Araquanid|0 fnt\n|faint|p1a: Araquanid\n|\n|-heal|p2a: Rillaboom|83/100|[from] Grassy Terrain\n|upkeep\n|\n|t:|1782538323\n|switch|p1a: Enamorus|Enamorus, F|100/100\n|turn|3\n|\n|t:|1782538328\n|move|p1a: Enamorus|Moonblast|p2a: Rillaboom\n|-crit|p2a: Rillaboom\n|-damage|p2a: Rillaboom|0 fnt\n|faint|p2a: Rillaboom\n|-damage|p1a: Enamorus|90/100|[from] item: Life Orb\n|\n|upkeep\n|\n|t:|1782538332\n|switch|p2a: Tinkaton|Tinkaton, F|100/100\n|-ability|p2a: Tinkaton|Mold Breaker\n|turn|4\n|\n|t:|1782538358\n|move|p1a: Enamorus|Earth Power|p2a: Tinkaton\n|-supereffective|p2a: Tinkaton\n|-damage|p2a: Tinkaton|25/100\n|-damage|p1a: Enamorus|80/100|[from] item: Life Orb\n|move|p2a: Tinkaton|Gigaton Hammer|p1a: Enamorus\n|-supereffective|p1a: Enamorus\n|-damage|p1a: Enamorus|0 fnt\n|faint|p1a: Enamorus\n|\n|-heal|p2a: Tinkaton|32/100|[from] Grassy Terrain\n|-heal|p2a: Tinkaton|38/100|[from] item: Leftovers\n|upkeep\n|inactive|Pinkacross Alt has 120 seconds left.\n|\n|t:|1782538371\n|switch|p1a: Iron Treads|Iron Treads|100/100\n|-enditem|p1a: Iron Treads|Booster Energy\n|-activate|p1a: Iron Treads|ability: Quark Drive|[fromitem]\n|-start|p1a: Iron Treads|quarkdriveatk\n|turn|5\n|\n|t:|1782538379\n|move|p1a: Iron Treads|Supercell Slam|p2a: Tinkaton|[miss]\n|-miss|p1a: Iron Treads|p2a: Tinkaton\n|-damage|p1a: Iron Treads|50/100|[from] supercellslam\n|move|p2a: Tinkaton|Encore|p1a: Iron Treads\n|-start|p1a: Iron Treads|Encore\n|\n|-heal|p1a: Iron Treads|57/100|[from] Grassy Terrain\n|-heal|p2a: Tinkaton|44/100|[from] Grassy Terrain\n|-heal|p2a: Tinkaton|50/100|[from] item: Leftovers\n|-fieldend|move: Grassy Terrain\n|upkeep\n|turn|6\n|\n|t:|1782538391\n|move|p1a: Iron Treads|Supercell Slam|p2a: Tinkaton\n|-damage|p2a: Tinkaton|0 fnt\n|faint|p2a: Tinkaton\n|\n|upkeep\n|\n|t:|1782538396\n|switch|p2a: Gliscor|Gliscor, F, shiny|100/100\n|turn|7\n|\n|t:|1782538407\n|-end|p1a: Iron Treads|Quark Drive|[silent]\n|switch|p1a: Zamazenta|Zamazenta|100/100\n|-ability|p1a: Zamazenta|Dauntless Shield|boost\n|-boost|p1a: Zamazenta|def|1\n|switch|p2a: Darkrai|Darkrai, shiny|100/100\n|\n|upkeep\n|turn|8\n|\n|t:|1782538412\n|switch|p2a: Gliscor|Gliscor, F, shiny|100/100\n|move|p1a: Zamazenta|Light Screen|p1a: Zamazenta\n|-sidestart|p1: Pinkacross Alt|move: Light Screen\n|\n|-status|p2a: Gliscor|tox|[from] item: Toxic Orb\n|upkeep\n|turn|9\n|\n|t:|1782538416\n|move|p1a: Zamazenta|Reflect|p1a: Zamazenta\n|-sidestart|p1: Pinkacross Alt|Reflect\n|move|p2a: Gliscor|Spikes|p1a: Zamazenta\n|-sidestart|p1: Pinkacross Alt|Spikes\n|\n|upkeep\n|turn|10\n|\n|t:|1782538425\n|switch|p1a: Kingdra|Kingdra, F|100/100\n|-damage|p1a: Kingdra|88/100|[from] Spikes\n|move|p2a: Gliscor|Earthquake|p1a: Kingdra\n|-damage|p1a: Kingdra|70/100\n|\n|upkeep\n|turn|11\n|\n|t:|1782538432\n|-terastallize|p2a: Gliscor|Fairy\n|move|p1a: Kingdra|Focus Energy|p1a: Kingdra\n|-start|p1a: Kingdra|move: Focus Energy\n|move|p2a: Gliscor|Toxic|p1a: Kingdra\n|-status|p1a: Kingdra|tox\n|\n|-damage|p1a: Kingdra|64/100 tox|[from] psn\n|upkeep\n|turn|12\n|\n|t:|1782538441\n|move|p2a: Gliscor|Protect|p2a: Gliscor\n|-singleturn|p2a: Gliscor|Protect\n|move|p1a: Kingdra|Surf|p2a: Gliscor\n|-activate|p2a: Gliscor|move: Protect\n|\n|-damage|p1a: Kingdra|51/100 tox|[from] psn\n|upkeep\n|turn|13\n|\n|t:|1782538443\n|move|p1a: Kingdra|Surf|p2a: Gliscor\n|-crit|p2a: Gliscor\n|-damage|p2a: Gliscor|25/100 tox\n|move|p2a: Gliscor|Spikes|p1a: Kingdra\n|-sidestart|p1: Pinkacross Alt|Spikes\n|\n|-damage|p1a: Kingdra|33/100 tox|[from] psn\n|-heal|p2a: Gliscor|38/100 tox|[from] ability: Poison Heal\n|upkeep\n|turn|14\n|\n|t:|1782538450\n|move|p2a: Gliscor|Protect|p2a: Gliscor\n|-singleturn|p2a: Gliscor|Protect\n|move|p1a: Kingdra|Surf|p2a: Gliscor\n|-activate|p2a: Gliscor|move: Protect\n|\n|-damage|p1a: Kingdra|8/100 tox|[from] psn\n|-heal|p2a: Gliscor|50/100 tox|[from] ability: Poison Heal\n|upkeep\n|turn|15\n|j| Garden of Dreams\n|\n|t:|1782538458\n|move|p1a: Kingdra|Surf|p2a: Gliscor\n|-crit|p2a: Gliscor\n|-damage|p2a: Gliscor|0 fnt\n|faint|p2a: Gliscor\n|\n|-damage|p1a: Kingdra|0 fnt|[from] psn\n|faint|p1a: Kingdra\n|-sideend|p1: Pinkacross Alt|move: Light Screen\n|upkeep\n|\n|t:|1782538469\n|switch|p1a: Zamazenta|Zamazenta|100/100\n|switch|p2a: Moltres|Moltres, shiny|100/100\n|-damage|p1a: Zamazenta|84/100|[from] Spikes\n|turn|16\n|\n|t:|1782538473\n|move|p1a: Zamazenta|Light Screen|p1a: Zamazenta\n|-sidestart|p1: Pinkacross Alt|move: Light Screen\n|move|p2a: Moltres|Will-O-Wisp|p1a: Zamazenta\n|-status|p1a: Zamazenta|brn\n|\n|-damage|p1a: Zamazenta|78/100 brn|[from] brn\n|-sideend|p1: Pinkacross Alt|Reflect\n|upkeep\n|turn|17\n|\n|t:|1782538491\n|switch|p2a: Pecharunt|Pecharunt|100/100\n|move|p1a: Zamazenta|Roar|p2a: Pecharunt\n|drag|p2a: Darkrai|Darkrai, shiny|100/100\n|\n|-damage|p1a: Zamazenta|72/100 brn|[from] brn\n|upkeep\n|turn|18\n|\n|t:|1782538500\n|switch|p1a: Iron Treads|Iron Treads|57/100\n|-damage|p1a: Iron Treads|40/100|[from] Spikes\n|move|p2a: Darkrai|Knock Off|p1a: Iron Treads\n|-damage|p1a: Iron Treads|24/100\n|\n|upkeep\n|turn|19\n|\n|t:|1782538506\n|switch|p2a: Moltres|Moltres, shiny|100/100\n|move|p1a: Iron Treads|Earthquake|p2a: Moltres\n|-immune|p2a: Moltres\n|\n|upkeep\n|turn|20\n|\n|t:|1782538515\n|move|p1a: Iron Treads|Supercell Slam|p2a: Moltres\n|-supereffective|p2a: Moltres\n|-damage|p2a: Moltres|47/100\n|move|p2a: Moltres|Will-O-Wisp|p1a: Iron Treads\n|-status|p1a: Iron Treads|brn\n|\n|-damage|p1a: Iron Treads|18/100 brn|[from] brn\n|upkeep\n|turn|21\n|\n|t:|1782538523\n|move|p1a: Iron Treads|Rapid Spin|p2a: Moltres\n|-damage|p2a: Moltres|40/100\n|-boost|p1a: Iron Treads|spe|1\n|-sideend|p1: Pinkacross Alt|Spikes|[from] move: Rapid Spin|[of] p1a: Iron Treads\n|move|p2a: Moltres|Roost|p2a: Moltres\n|-heal|p2a: Moltres|91/100\n|-singleturn|p2a: Moltres|move: Roost\n|\n|-damage|p1a: Iron Treads|12/100 brn|[from] brn\n|upkeep\n|turn|22\n|inactive|Pinkacross Alt has 120 seconds left.\n|\n|t:|1782538558\n|-end|p1a: Iron Treads|Quark Drive|[silent]\n|switch|p1a: Zamazenta|Zamazenta|72/100 brn\n|switch|p2a: Pecharunt|Pecharunt|100/100\n|\n|-damage|p1a: Zamazenta|65/100 brn|[from] brn\n|upkeep\n|turn|23\n|inactive|Pinkacross Alt has 120 seconds left.\n|\n|t:|1782538571\n|switch|p1a: Iron Treads|Iron Treads|12/100 brn\n|move|p2a: Pecharunt|Nasty Plot|p2a: Pecharunt\n|-boost|p2a: Pecharunt|spa|2\n|\n|-damage|p1a: Iron Treads|6/100 brn|[from] brn\n|-sideend|p1: Pinkacross Alt|move: Light Screen\n|upkeep\n|turn|24\n|\n|t:|1782538576\n|move|p1a: Iron Treads|Earthquake|p2a: Pecharunt\n|-supereffective|p2a: Pecharunt\n|-damage|p2a: Pecharunt|77/100\n|move|p2a: Pecharunt|Nasty Plot|p2a: Pecharunt\n|-boost|p2a: Pecharunt|spa|2\n|\n|-damage|p1a: Iron Treads|0 fnt|[from] brn\n|faint|p1a: Iron Treads\n|-end|p1a: Iron Treads|Quark Drive|[silent]\n|upkeep\n|\n|t:|1782538580\n|switch|p1a: Zamazenta|Zamazenta|65/100 brn\n|turn|25\n|\n|t:|1782538584\n|move|p1a: Zamazenta|Light Screen|p1a: Zamazenta\n|-sidestart|p1: Pinkacross Alt|move: Light Screen\n|move|p2a: Pecharunt|Malignant Chain|p1a: Zamazenta\n|-damage|p1a: Zamazenta|26/100 brn\n|\n|-damage|p1a: Zamazenta|20/100 brn|[from] brn\n|upkeep\n|turn|26\n|\n|t:|1782538590\n|move|p2a: Pecharunt|Shadow Ball|p1a: Zamazenta\n|-damage|p1a: Zamazenta|0 fnt\n|faint|p1a: Zamazenta\n|\n|upkeep\n|\n|t:|1782538592\n|switch|p1a: Gholdengo|Gholdengo|100/100\n|turn|27\n|\n|t:|1782538594\n|-terastallize|p1a: Gholdengo|Steel\n|move|p1a: Gholdengo|Make It Rain|p2a: Pecharunt\n|-damage|p2a: Pecharunt|0 fnt\n|-unboost|p1a: Gholdengo|spa|1\n|faint|p2a: Pecharunt\n|\n|upkeep\n|\n|t:|1782538601\n|switch|p2a: Moltres|Moltres, shiny|91/100\n|turn|28\n|\n|t:|1782538606\n|move|p1a: Gholdengo|Nasty Plot|p1a: Gholdengo\n|-boost|p1a: Gholdengo|spa|2\n|move|p2a: Moltres|Flamethrower|p1a: Gholdengo\n|-supereffective|p1a: Gholdengo\n|-damage|p1a: Gholdengo|56/100\n|\n|upkeep\n|turn|29\n|\n|t:|1782538615\n|move|p1a: Gholdengo|Thunderbolt|p2a: Moltres\n|-supereffective|p2a: Moltres\n|-damage|p2a: Moltres|0 fnt\n|faint|p2a: Moltres\n|\n|upkeep\n|\n|t:|1782538617\n|switch|p2a: Darkrai|Darkrai, shiny|100/100\n|turn|30\n|\n|t:|1782538620\n|move|p2a: Darkrai|Dark Pulse|p1a: Gholdengo\n|-damage|p1a: Gholdengo|31/100\n|move|p1a: Gholdengo|Make It Rain|p2a: Darkrai\n|-crit|p2a: Darkrai\n|-damage|p2a: Darkrai|0 fnt\n|-unboost|p1a: Gholdengo|spa|1\n|faint|p2a: Darkrai\n|\n|win|Pinkacross Alt\n|raw|Pinkacross Alt's rating: 1822 &rarr; <strong>1842</strong><br />(+20 for winning)\n|raw|Draw Your Sword's rating: 1815 &rarr; <strong>1795</strong><br />(-20 for losing)\n|l|☆Draw Your Sword\n|player|p2|\n|c|☆Pinkacross Alt|gg\n", "uploadtime": 1782538632, "views": 12, "formatid": "gen9ou", "rating": 1795, "private": 0, "password": null}