{"id": "gen9ou-2640038267", "format": "[Gen 9] OU", "players": ["need gf so bad", "Pinkacross"], "log": "|badge|p2|silver|gen9ou|30-9\n|html|<div class=\"broadcast-red\"><strong>This battle is required to be public due to one or more player having a season medal.</strong><br />During the public phase, you can discuss the state of the ladder <a href=\"/seasondiscussion\">in a special chatroom.</a></div>\n|uhtml|medal-msg|<div class=\"broadcast-blue\">Curious what those medals under the avatar are? PS now has Ladder Seasons! For more information, check out the <a href=\"https://www.smogon.com/forums/threads/3740067/\">thread on Smogon.</a></div>\n|raw|<div class=\"broadcast-blue\"><strong>This battle is required to be public due to a player having a name starting with 'medal'.</div>\n|j|☆need gf so bad\n|j|☆Pinkacross\n|t:|1782568020\n|gametype|singles\n|player|p1|need gf so bad|lucas|1671\n|player|p2|Pinkacross|artist|1868\n|gen|9\n|tier|[Gen 9] OU\n|rated|\n|rule|HP Percentage Mod: HP is shown in percentages\n|rule|Endless Battle Clause: Forcing endless battles is banned\n|rule|Species Clause: Limit one of each Pokémon\n|rule|OHKO Clause: OHKO moves are banned\n|rule|Evasion Items Clause: Evasion items are banned\n|rule|Evasion Moves Clause: Evasion moves are banned\n|rule|Evasion Abilities Clause: Evasion abilities are banned\n|rule|Sleep Moves Clause: Sleep-inducing moves are banned\n|clearpoke\n|poke|p1|Raging Bolt|\n|poke|p1|Kingambit, M|\n|poke|p1|Iron Valiant|\n|poke|p1|Great Tusk|\n|poke|p1|Darkrai|\n|poke|p1|Ceruledge, M|\n|poke|p2|Deoxys-Speed|\n|poke|p2|Enamorus, F|\n|poke|p2|Latias, F|\n|poke|p2|Ceruledge, M|\n|poke|p2|Hatterene, F|\n|poke|p2|Kingambit, F|\n|teampreview\n|inactive|Battle timer is ON: inactive players will automatically lose when time's up. (requested by need gf so bad)\n|c|☆Pinkacross|hf\n|inactive|need gf so bad has 120 seconds left.\n|inactive|Pinkacross has 120 seconds left.\n|\n|t:|1782568057\n|teamsize|p1|6\n|teamsize|p2|6\n|start\n|switch|p1a: Ceruledge|Ceruledge, M|100/100\n|switch|p2a: Deoxys|Deoxys-Speed|100/100\n|-ability|p2a: Deoxys|Pressure\n|turn|1\n|\n|t:|1782568064\n|move|p2a: Deoxys|Reflect|p2a: Deoxys\n|-sidestart|p2: Pinkacross|Reflect\n|move|p1a: Ceruledge|Swords Dance|p1a: Ceruledge\n|-boost|p1a: Ceruledge|atk|2\n|\n|upkeep\n|turn|2\n|\n|t:|1782568075\n|switch|p2a: Kingambit|Kingambit, F|100/100\n|move|p1a: Ceruledge|Poltergeist|p2a: Kingambit|[miss]\n|-miss|p1a: Ceruledge|p2a: Kingambit\n|\n|upkeep\n|turn|3\n|\n|t:|1782568078\n|move|p2a: Kingambit|Sucker Punch|p1a: Ceruledge\n|-supereffective|p1a: Ceruledge\n|-enditem|p1a: Ceruledge|Focus Sash\n|-damage|p1a: Ceruledge|1/100\n|-ability|p1a: Ceruledge|Weak Armor|boost\n|-unboost|p1a: Ceruledge|def|1\n|-boost|p1a: Ceruledge|spe|2\n|move|p1a: Ceruledge|Bitter Blade|p2a: Kingambit\n|-supereffective|p2a: Kingambit\n|-damage|p2a: Kingambit|18/100\n|-heal|p1a: Ceruledge|50/100|[from] drain|[of] p2a: Kingambit\n|\n|-heal|p2a: Kingambit|24/100|[from] item: Leftovers\n|upkeep\n|turn|4\n|\n|t:|1782568106\n|move|p1a: Ceruledge|Shadow Sneak|p2a: Kingambit\n|-resisted|p2a: Kingambit\n|-damage|p2a: Kingambit|14/100\n|move|p2a: Kingambit|Kowtow Cleave|p1a: Ceruledge\n|-supereffective|p1a: Ceruledge\n|-damage|p1a: Ceruledge|0 fnt\n|faint|p1a: Ceruledge\n|\n|-heal|p2a: Kingambit|20/100|[from] item: Leftovers\n|upkeep\n|inactive|need gf so bad has 120 seconds left.\n|\n|t:|1782568120\n|switch|p1a: Great Tusk|Great Tusk|100/100\n|-enditem|p1a: Great Tusk|Booster Energy\n|-activate|p1a: Great Tusk|ability: Protosynthesis|[fromitem]\n|-start|p1a: Great Tusk|protosynthesisatk\n|turn|5\n|\n|t:|1782568128\n|-end|p2a: Kingambit|fallenundefined|[silent]\n|switch|p2a: Hatterene|Hatterene, F|100/100\n|move|p1a: Great Tusk|Rapid Spin|p2a: Hatterene\n|-damage|p2a: Hatterene|92/100\n|-boost|p1a: Great Tusk|spe|1\n|\n|-heal|p2a: Hatterene|98/100|[from] item: Leftovers\n|upkeep\n|turn|6\n|\n|t:|1782568133\n|move|p1a: Great Tusk|Bulk Up|p1a: Great Tusk\n|-boost|p1a: Great Tusk|atk|1\n|-boost|p1a: Great Tusk|def|1\n|move|p2a: Hatterene|Calm Mind|p2a: Hatterene\n|-boost|p2a: Hatterene|spa|1\n|-boost|p2a: Hatterene|spd|1\n|\n|-heal|p2a: Hatterene|100/100|[from] item: Leftovers\n|upkeep\n|turn|7\n|\n|t:|1782568139\n|move|p1a: Great Tusk|Headlong Rush|p2a: Hatterene\n|-damage|p2a: Hatterene|53/100\n|-unboost|p1a: Great Tusk|def|1\n|-unboost|p1a: Great Tusk|spd|1\n|move|p2a: Hatterene|Draining Kiss|p1a: Great Tusk\n|-supereffective|p1a: Great Tusk\n|-damage|p1a: Great Tusk|0 fnt\n|-heal|p2a: Hatterene|100/100|[from] drain|[of] p1a: Great Tusk\n|faint|p1a: Great Tusk\n|-end|p1a: Great Tusk|Protosynthesis|[silent]\n|\n|upkeep\n|\n|t:|1782568147\n|switch|p1a: Kingambit|Kingambit, M|100/100\n|-activate|p1a: Kingambit|ability: Supreme Overlord\n|-start|p1a: Kingambit|fallen2|[silent]\n|turn|8\n|\n|t:|1782568151\n|move|p1a: Kingambit|Iron Head|p2a: Hatterene\n|-supereffective|p2a: Hatterene\n|-damage|p2a: Hatterene|52/100\n|move|p2a: Hatterene|Nuzzle|p1a: Kingambit\n|-damage|p1a: Kingambit|98/100\n|-status|p1a: Kingambit|par\n|\n|-heal|p2a: Hatterene|58/100|[from] item: Leftovers\n|-heal|p1a: Kingambit|100/100 par|[from] item: Leftovers\n|-sideend|p2: Pinkacross|Reflect\n|upkeep\n|turn|9\n|\n|t:|1782568156\n|move|p2a: Hatterene|Draining Kiss|p1a: Kingambit\n|-damage|p1a: Kingambit|66/100 par\n|-heal|p2a: Hatterene|91/100|[from] drain|[of] p1a: Kingambit\n|move|p1a: Kingambit|Iron Head|p2a: Hatterene\n|-supereffective|p2a: Hatterene\n|-damage|p2a: Hatterene|0 fnt\n|faint|p2a: Hatterene\n|\n|-heal|p1a: Kingambit|72/100 par|[from] item: Leftovers\n|upkeep\n|\n|t:|1782568169\n|switch|p2a: Deoxys|Deoxys-Speed|100/100\n|-ability|p2a: Deoxys|Pressure\n|turn|10\n|\n|t:|1782568172\n|move|p2a: Deoxys|Reflect|p2a: Deoxys\n|-sidestart|p2: Pinkacross|Reflect\n|move|p1a: Kingambit|Kowtow Cleave|p2a: Deoxys\n|-supereffective|p2a: Deoxys\n|-damage|p2a: Deoxys|39/100\n|\n|-heal|p1a: Kingambit|78/100 par|[from] item: Leftovers\n|upkeep\n|turn|11\n|\n|t:|1782568176\n|move|p2a: Deoxys|Light Screen|p2a: Deoxys\n|-sidestart|p2: Pinkacross|move: Light Screen\n|move|p1a: Kingambit|Kowtow Cleave|p2a: Deoxys\n|-supereffective|p2a: Deoxys\n|-damage|p2a: Deoxys|0 fnt\n|faint|p2a: Deoxys\n|\n|-heal|p1a: Kingambit|84/100 par|[from] item: Leftovers\n|upkeep\n|\n|t:|1782568179\n|switch|p2a: Latias|Latias, F|100/100\n|turn|12\n|\n|t:|1782568183\n|-terastallize|p2a: Latias|Poison\n|move|p2a: Latias|Agility|p2a: Latias\n|-boost|p2a: Latias|spe|2\n|move|p1a: Kingambit|Kowtow Cleave|p2a: Latias\n|-damage|p2a: Latias|75/100\n|\n|-heal|p2a: Latias|82/100|[from] item: Leftovers\n|-heal|p1a: Kingambit|90/100 par|[from] item: Leftovers\n|upkeep\n|turn|13\n|\n|t:|1782568190\n|move|p2a: Latias|Calm Mind|p2a: Latias\n|-boost|p2a: Latias|spa|1\n|-boost|p2a: Latias|spd|1\n|move|p1a: Kingambit|Swords Dance|p1a: Kingambit\n|-boost|p1a: Kingambit|atk|2\n|\n|-heal|p2a: Latias|88/100|[from] item: Leftovers\n|-heal|p1a: Kingambit|97/100 par|[from] item: Leftovers\n|upkeep\n|turn|14\n|\n|t:|1782568203\n|-terastallize|p1a: Kingambit|Flying\n|move|p2a: Latias|Aura Sphere|p1a: Kingambit\n|-resisted|p1a: Kingambit\n|-damage|p1a: Kingambit|81/100 par\n|move|p1a: Kingambit|Kowtow Cleave|p2a: Latias\n|-damage|p2a: Latias|41/100\n|\n|-heal|p2a: Latias|47/100|[from] item: Leftovers\n|-heal|p1a: Kingambit|88/100 par|[from] item: Leftovers\n|upkeep\n|turn|15\n|\n|t:|1782568213\n|move|p2a: Latias|Stored Power|p1a: Kingambit\n|-crit|p1a: Kingambit\n|-damage|p1a: Kingambit|3/100 par\n|move|p1a: Kingambit|Kowtow Cleave|p2a: Latias\n|-damage|p2a: Latias|0 fnt\n|faint|p2a: Latias\n|\n|-heal|p1a: Kingambit|10/100 par|[from] item: Leftovers\n|upkeep\n|\n|t:|1782568218\n|switch|p2a: Ceruledge|Ceruledge, M|100/100\n|turn|16\n|\n|t:|1782568220\n|move|p2a: Ceruledge|Shadow Sneak|p1a: Kingambit\n|-damage|p1a: Kingambit|0 fnt\n|faint|p1a: Kingambit\n|-end|p1a: Kingambit|fallen2|[silent]\n|-damage|p2a: Ceruledge|91/100|[from] item: Life Orb\n|\n|upkeep\n|\n|t:|1782568225\n|switch|p1a: Darkrai|Darkrai|100/100\n|turn|17\n|inactive|Pinkacross has 120 seconds left.\n|\n|t:|1782568268\n|move|p1a: Darkrai|Dark Pulse|p2a: Ceruledge\n|-supereffective|p2a: Ceruledge\n|-damage|p2a: Ceruledge|26/100\n|-damage|p1a: Darkrai|91/100|[from] item: Life Orb\n|move|p2a: Ceruledge|Bitter Blade|p1a: Darkrai\n|-damage|p1a: Darkrai|0 fnt\n|-heal|p2a: Ceruledge|70/100|[from] drain|[of] p1a: Darkrai\n|faint|p1a: Darkrai\n|-damage|p2a: Ceruledge|60/100|[from] item: Life Orb\n|\n|-sideend|p2: Pinkacross|Reflect\n|upkeep\n|\n|t:|1782568283\n|switch|p1a: Iron Valiant|Iron Valiant|100/100\n|-enditem|p1a: Iron Valiant|Booster Energy\n|-activate|p1a: Iron Valiant|ability: Quark Drive|[fromitem]\n|-start|p1a: Iron Valiant|quarkdrivespe\n|turn|18\n|inactive|Pinkacross has 120 seconds left.\n|\n|t:|1782568305\n|move|p1a: Iron Valiant|Knock Off|p2a: Ceruledge\n|-supereffective|p2a: Ceruledge\n|-damage|p2a: Ceruledge|0 fnt\n|-enditem|p2a: Ceruledge|Life Orb|[from] move: Knock Off|[of] p1a: Iron Valiant\n|faint|p2a: Ceruledge\n|\n|-sideend|p2: Pinkacross|move: Light Screen\n|upkeep\n|\n|t:|1782568307\n|switch|p2a: Enamorus|Enamorus, F|100/100\n|turn|19\n|\n|t:|1782568309\n|move|p1a: Iron Valiant|Thunderbolt|p2a: Enamorus\n|-supereffective|p2a: Enamorus\n|-damage|p2a: Enamorus|14/100\n|move|p2a: Enamorus|Moonblast|p1a: Iron Valiant\n|-supereffective|p1a: Iron Valiant\n|-damage|p1a: Iron Valiant|0 fnt\n|faint|p1a: Iron Valiant\n|-end|p1a: Iron Valiant|Quark Drive|[silent]\n|\n|upkeep\n|\n|t:|1782568313\n|switch|p1a: Raging Bolt|Raging Bolt|100/100\n|-enditem|p1a: Raging Bolt|Booster Energy\n|-activate|p1a: Raging Bolt|ability: Protosynthesis|[fromitem]\n|-start|p1a: Raging Bolt|protosynthesisspa\n|turn|20\n|inactive|Pinkacross has 120 seconds left.\n|\n|t:|1782568332\n|switch|p2a: Kingambit|Kingambit, F|20/100\n|-activate|p2a: Kingambit|ability: Supreme Overlord\n|-start|p2a: Kingambit|fallen4|[silent]\n|move|p1a: Raging Bolt|Thunderclap||[still]\n|-fail|p1a: Raging Bolt\n|\n|-heal|p2a: Kingambit|27/100|[from] item: Leftovers\n|upkeep\n|turn|21\n|\n|t:|1782568335\n|-end|p2a: Kingambit|fallen4|[silent]\n|switch|p2a: Enamorus|Enamorus, F|14/100\n|move|p1a: Raging Bolt|Thunderbolt|p2a: Enamorus\n|-supereffective|p2a: Enamorus\n|-crit|p2a: Enamorus\n|-damage|p2a: Enamorus|0 fnt\n|faint|p2a: Enamorus\n|\n|upkeep\n|c|☆Pinkacross|gg\n|-message|Pinkacross forfeited.\n|\n|win|need gf so bad\n|raw|need gf so bad's rating: 1671 &rarr; <strong>1701</strong><br />(+30 for winning)\n|raw|Pinkacross's rating: 1868 &rarr; <strong>1838</strong><br />(-30 for losing)\n|l|☆Pinkacross\n|player|p2|\n|c|☆need gf so bad|gg\n|l|☆need gf so bad\n|player|p1|\n", "uploadtime": 1782568524, "views": 2, "formatid": "gen9ou", "rating": 1701, "private": 0, "password": null}