{"id": "gen9ou-2647767668", "format": "[Gen 9] OU", "players": ["HydraHellHead", "ChenZengjia"], "log": "|j|☆HydraHellHead\n|j|☆ChenZengjia\n|t:|1783809112\n|gametype|singles\n|player|p1|HydraHellHead|102|1391\n|player|p2|ChenZengjia|ghetsis-gen5bw|1503\n|gen|9\n|tier|[Gen 9] OU\n|rated|\n|rule|HP Percentage Mod: HP is shown in percentages\n|rule|Endless Battle Clause: Forcing endless battles is banned\n|rule|Species Clause: Limit one of each Pokémon\n|rule|OHKO Clause: OHKO moves are banned\n|rule|Evasion Items Clause: Evasion items are banned\n|rule|Evasion Moves Clause: Evasion moves are banned\n|rule|Evasion Abilities Clause: Evasion abilities are banned\n|rule|Sleep Moves Clause: Sleep-inducing moves are banned\n|clearpoke\n|poke|p1|Typhlosion, M|\n|poke|p1|Ninetales, F|\n|poke|p1|Torkoal, M|\n|poke|p1|Shiftry, M|\n|poke|p1|Hatterene, F|\n|poke|p1|Blissey, F|\n|poke|p2|Slowking-Galar, F|\n|poke|p2|Tornadus-Therian, M|\n|poke|p2|Cinderace, M|\n|poke|p2|Lokix, M|\n|poke|p2|Hydrapple, M|\n|poke|p2|Great Tusk|\n|teampreview\n|l|☆ChenZengjia\n|player|p2|\n|inactive|Battle timer is ON: inactive players will automatically lose when time's up. (requested by HydraHellHead)\n|j|☆ChenZengjia\n|inactive|ChenZengjia reconnected and has 150 seconds left.\n|player|p2|ChenZengjia|ghetsis-gen5bw|\n|\n|t:|1783809145\n|teamsize|p1|6\n|teamsize|p2|6\n|start\n|switch|p1a: Torkoal|Torkoal, M|100/100\n|switch|p2a: Slowking|Slowking-Galar, F|100/100\n|-weather|SunnyDay|[from] ability: Drought|[of] p1a: Torkoal\n|turn|1\n|\n|t:|1783809156\n|move|p1a: Torkoal|Flare Blitz|p2a: Slowking\n|-damage|p2a: Slowking|55/100\n|-damage|p1a: Torkoal|82/100|[from] Recoil\n|move|p2a: Slowking|Toxic|p1a: Torkoal\n|-status|p1a: Torkoal|tox\n|\n|-weather|SunnyDay|[upkeep]\n|-damage|p1a: Torkoal|76/100 tox|[from] psn\n|upkeep\n|turn|2\n|\n|t:|1783809167\n|move|p1a: Torkoal|Stealth Rock|p2a: Slowking\n|-sidestart|p2: ChenZengjia|move: Stealth Rock\n|-prepare|p2a: Slowking|Chilly Reception|[premajor]\n|move|p2a: Slowking|Chilly Reception|p2a: Slowking\n|-weather|Snowscape\n|\n|t:|1783809172\n|switch|p2a: Gouenji|Cinderace, M|100/100|[from] Chilly Reception\n|\n|-weather|Snowscape|[upkeep]\n|-damage|p1a: Torkoal|64/100 tox|[from] psn\n|upkeep\n|turn|3\n|\n|t:|1783809181\n|move|p2a: Gouenji|Court Change|p2a: Gouenji\n|-swapsideconditions\n|-activate|p2a: Gouenji|move: Court Change\n|move|p1a: Torkoal|Rapid Spin|p2a: Gouenji\n|-damage|p2a: Gouenji|86/100\n|-boost|p1a: Torkoal|spe|1\n|-sideend|p1: HydraHellHead|Stealth Rock|[from] move: Rapid Spin|[of] p1a: Torkoal\n|\n|-weather|Snowscape|[upkeep]\n|-damage|p1a: Torkoal|46/100 tox|[from] psn\n|upkeep\n|turn|4\n|\n|t:|1783809201\n|switch|p1a: Ninetales|Ninetales, F|100/100\n|-weather|SunnyDay|[from] ability: Drought|[of] p1a: Ninetales\n|move|p2a: Gouenji|Pyro Ball|p1a: Ninetales\n|-resisted|p1a: Ninetales\n|-damage|p1a: Ninetales|52/100\n|\n|-weather|SunnyDay|[upkeep]\n|upkeep\n|turn|5\n|\n|t:|1783809217\n|move|p2a: Gouenji|U-turn|p1a: Ninetales\n|-resisted|p1a: Ninetales\n|-damage|p1a: Ninetales|41/100\n|\n|t:|1783809220\n|switch|p2a: Tornadus|Tornadus-Therian, M|100/100|[from] U-turn\n|move|p1a: Ninetales|Overheat|p2a: Tornadus\n|-damage|p2a: Tornadus|65/100\n|-unboost|p1a: Ninetales|spa|2\n|-enditem|p1a: Ninetales|Eject Pack\n|\n|t:|1783809233\n|switch|p1a: Typhlosion|Typhlosion, M|100/100\n|\n|-weather|SunnyDay|[upkeep]\n|upkeep\n|turn|6\n|\n|t:|1783809246\n|-terastallize|p1a: Typhlosion|Fire\n|move|p1a: Typhlosion|Eruption|p2a: Tornadus\n|-damage|p2a: Tornadus|0 fnt\n|faint|p2a: Tornadus\n|\n|-weather|SunnyDay|[upkeep]\n|upkeep\n|\n|t:|1783809255\n|switch|p2a: Lokix|Lokix, M|100/100\n|turn|7\n|\n|t:|1783809263\n|switch|p1a: Torkoal|Torkoal, M|46/100 tox\n|-terastallize|p2a: Lokix|Bug\n|move|p2a: Lokix|First Impression|p1a: Torkoal\n|-resisted|p1a: Torkoal\n|-damage|p1a: Torkoal|0 fnt\n|faint|p1a: Torkoal\n|\n|-weather|SunnyDay|[upkeep]\n|upkeep\n|\n|t:|1783809268\n|switch|p1a: Typhlosion|Typhlosion, M, tera:Fire|100/100\n|turn|8\n|\n|t:|1783809286\n|switch|p2a: Slowking|Slowking-Galar, F|89/100\n|move|p1a: Typhlosion|Eruption|p2a: Slowking\n|-damage|p2a: Slowking|0 fnt\n|faint|p2a: Slowking\n|\n|-weather|none\n|upkeep\n|\n|t:|1783809301\n|switch|p2a: Lokix|Lokix, M, tera:Bug|100/100\n|turn|9\n|\n|t:|1783809305\n|switch|p1a: Ninetales|Ninetales, F|41/100\n|-weather|SunnyDay|[from] ability: Drought|[of] p1a: Ninetales\n|move|p2a: Lokix|U-turn|p1a: Ninetales\n|-resisted|p1a: Ninetales\n|-damage|p1a: Ninetales|0 fnt\n|faint|p1a: Ninetales\n|\n|t:|1783809323\n|switch|p2a: Great Tusk|Great Tusk|100/100|[from] U-turn\n|-activate|p2a: Great Tusk|ability: Protosynthesis\n|-start|p2a: Great Tusk|protosynthesisspe\n|\n|-weather|SunnyDay|[upkeep]\n|upkeep\n|\n|t:|1783809328\n|switch|p1a: Hatterene|Hatterene, F|100/100\n|turn|10\n|\n|t:|1783809337\n|-end|p2a: Great Tusk|Protosynthesis|[silent]\n|switch|p2a: Hydrapple|Hydrapple, M|100/100\n|move|p1a: Hatterene|Dazzling Gleam|p2a: Hydrapple\n|-supereffective|p2a: Hydrapple\n|-damage|p2a: Hydrapple|0 fnt\n|faint|p2a: Hydrapple\n|\n|-weather|SunnyDay|[upkeep]\n|upkeep\n|\n|t:|1783809348\n|switch|p2a: Lokix|Lokix, M, tera:Bug|100/100\n|turn|11\n|\n|t:|1783809353\n|switch|p1a: Blissey|Blissey, F|100/100\n|move|p2a: Lokix|U-turn|p1a: Blissey\n|-damage|p1a: Blissey|0 fnt\n|faint|p1a: Blissey\n|\n|t:|1783809365\n|switch|p2a: Gouenji|Cinderace, M|86/100|[from] U-turn\n|\n|-weather|SunnyDay|[upkeep]\n|upkeep\n|\n|t:|1783809370\n|switch|p1a: Typhlosion|Typhlosion, M, tera:Fire|100/100\n|turn|12\n|\n|t:|1783809376\n|move|p1a: Typhlosion|Eruption|p2a: Gouenji\n|-resisted|p2a: Gouenji\n|-damage|p2a: Gouenji|0 fnt\n|faint|p2a: Gouenji\n|\n|-weather|SunnyDay|[upkeep]\n|upkeep\n|\n|t:|1783809383\n|switch|p2a: Lokix|Lokix, M, tera:Bug|100/100\n|turn|13\n|\n|t:|1783809387\n|move|p2a: Lokix|First Impression|p1a: Typhlosion\n|-resisted|p1a: Typhlosion\n|-damage|p1a: Typhlosion|0 fnt\n|faint|p1a: Typhlosion\n|\n|-weather|none\n|upkeep\n|\n|t:|1783809391\n|switch|p1a: Hatterene|Hatterene, F|100/100\n|turn|14\n|\n|t:|1783809396\n|switch|p2a: Great Tusk|Great Tusk|100/100\n|move|p1a: Hatterene|Mystical Fire|p2a: Great Tusk\n|-damage|p2a: Great Tusk|55/100\n|-unboost|p2a: Great Tusk|spa|1\n|\n|upkeep\n|turn|15\n|\n|t:|1783809408\n|move|p2a: Great Tusk|Earthquake|p1a: Hatterene\n|-damage|p1a: Hatterene|62/100\n|move|p1a: Hatterene|Mystical Fire|p2a: Great Tusk\n|-damage|p2a: Great Tusk|7/100\n|-unboost|p2a: Great Tusk|spa|1\n|\n|upkeep\n|turn|16\n|\n|t:|1783809419\n|move|p2a: Great Tusk|Earthquake|p1a: Hatterene\n|-damage|p1a: Hatterene|21/100\n|move|p1a: Hatterene|Mystical Fire|p2a: Great Tusk\n|-damage|p2a: Great Tusk|0 fnt\n|faint|p2a: Great Tusk\n|-end|p2a: Great Tusk|Protosynthesis|[silent]\n|\n|upkeep\n|\n|t:|1783809426\n|switch|p2a: Lokix|Lokix, M, tera:Bug|100/100\n|turn|17\n|\n|t:|1783809430\n|move|p2a: Lokix|Leech Life|p1a: Hatterene\n|-damage|p1a: Hatterene|0 fnt\n|faint|p1a: Hatterene\n|\n|upkeep\n|\n|t:|1783809433\n|switch|p1a: Shiftry|Shiftry, M|100/100\n|turn|18\n|\n|t:|1783809438\n|move|p2a: Lokix|Leech Life|p1a: Shiftry\n|-supereffective|p1a: Shiftry\n|-enditem|p1a: Shiftry|Focus Sash\n|-damage|p1a: Shiftry|1/100\n|move|p1a: Shiftry|Knock Off|p2a: Lokix\n|-damage|p2a: Lokix|37/100\n|-enditem|p2a: Lokix|Choice Band|[from] move: Knock Off|[of] p1a: Shiftry\n|\n|upkeep\n|turn|19\n|\n|t:|1783809453\n|move|p2a: Lokix|Leech Life|p1a: Shiftry\n|-supereffective|p1a: Shiftry\n|-damage|p1a: Shiftry|0 fnt\n|-heal|p2a: Lokix|37/100|[from] drain|[of] p1a: Shiftry\n|faint|p1a: Shiftry\n|\n|win|ChenZengjia\n|raw|HydraHellHead's rating: 1391 &rarr; <strong>1377</strong><br />(-14 for losing)\n|raw|ChenZengjia's rating: 1503 &rarr; <strong>1517</strong><br />(+14 for winning)\n|l|☆HydraHellHead\n|player|p1|\n|l|☆ChenZengjia\n|player|p2|\n", "uploadtime": 1783809499, "views": 13, "formatid": "gen9ou", "rating": 1377, "private": 0, "password": null}