{"id": "gen9ou-2647763103", "format": "[Gen 9] OU", "players": ["amouche", "2wicky12"], "log": "|j|☆amouche\n|j|☆2wicky12\n|t:|1783808322\n|gametype|singles\n|player|p1|amouche|170|1146\n|player|p2|2wicky12|burglar|1203\n|gen|9\n|tier|[Gen 9] OU\n|rated|\n|rule|HP Percentage Mod: HP is shown in percentages\n|rule|Endless Battle Clause: Forcing endless battles is banned\n|rule|Species Clause: Limit one of each Pokémon\n|rule|OHKO Clause: OHKO moves are banned\n|rule|Evasion Items Clause: Evasion items are banned\n|rule|Evasion Moves Clause: Evasion moves are banned\n|rule|Evasion Abilities Clause: Evasion abilities are banned\n|rule|Sleep Moves Clause: Sleep-inducing moves are banned\n|clearpoke\n|poke|p1|Cinderace, M|\n|poke|p1|Toxapex, M|\n|poke|p1|Zangoose, M|\n|poke|p1|Breloom, F|\n|poke|p1|Conkeldurr, M|\n|poke|p1|Ursaring, M|\n|poke|p2|Dragonite, M|\n|poke|p2|Gholdengo|\n|poke|p2|Magnezone|\n|poke|p2|Great Tusk|\n|poke|p2|Moltres|\n|poke|p2|Walking Wake|\n|teampreview\n|inactive|Battle timer is ON: inactive players will automatically lose when time's up. (requested by 2wicky12)\n|\n|t:|1783808340\n|teamsize|p1|6\n|teamsize|p2|6\n|start\n|switch|p1a: Toxapex|Toxapex, M, shiny|100/100\n|switch|p2a: Gholdengo|Gholdengo, shiny|100/100\n|turn|1\n|\n|t:|1783808361\n|switch|p1a: Conkeldurr|Conkeldurr, M, shiny|100/100\n|move|p2a: Gholdengo|Trick|p1a: Conkeldurr\n|-activate|p2a: Gholdengo|move: Trick|[of] p1a: Conkeldurr\n|-item|p1a: Conkeldurr|Choice Scarf|[from] move: Trick\n|-item|p2a: Gholdengo|Leftovers|[from] move: Trick\n|\n|upkeep\n|turn|2\n|c|☆2wicky12|hi\n|\n|t:|1783808375\n|switch|p2a: Moltres|Moltres, shiny|100/100\n|move|p1a: Conkeldurr|Knock Off|p2a: Moltres\n|-damage|p2a: Moltres|73/100\n|-enditem|p2a: Moltres|Heavy-Duty Boots|[from] move: Knock Off|[of] p1a: Conkeldurr\n|\n|upkeep\n|turn|3\n|\n|t:|1783808387\n|switch|p1a: Cinderace|Cinderace, M, shiny|100/100\n|move|p2a: Moltres|Overheat|p1a: Cinderace\n|-resisted|p1a: Cinderace\n|-damage|p1a: Cinderace|60/100\n|-unboost|p2a: Moltres|spa|2\n|\n|upkeep\n|turn|4\n|\n|t:|1783808392\n|switch|p1a: Toxapex|Toxapex, M, shiny|100/100\n|move|p2a: Moltres|U-turn|p1a: Toxapex\n|-resisted|p1a: Toxapex\n|-damage|p1a: Toxapex|96/100\n|\n|t:|1783808397\n|switch|p2a: Magnezone|Magnezone|100/100|[from] U-turn\n|-item|p2a: Magnezone|Air Balloon\n|\n|-heal|p1a: Toxapex|100/100|[from] item: Black Sludge\n|upkeep\n|turn|5\n|\n|t:|1783808410\n|move|p2a: Magnezone|Volt Switch|p1a: Toxapex\n|-supereffective|p1a: Toxapex\n|-damage|p1a: Toxapex|53/100\n|\n|t:|1783808415\n|switch|p2a: Gholdengo|Gholdengo, shiny|100/100|[from] Volt Switch\n|move|p1a: Toxapex|Toxic Spikes|p2a: Gholdengo\n|-sidestart|p2: 2wicky12|move: Toxic Spikes\n|\n|-heal|p1a: Toxapex|59/100|[from] item: Black Sludge\n|upkeep\n|turn|6\n|\n|t:|1783808430\n|switch|p1a: Conkeldurr|Conkeldurr, M, shiny|100/100\n|move|p2a: Gholdengo|Thunderbolt|p1a: Conkeldurr\n|-damage|p1a: Conkeldurr|59/100\n|-status|p1a: Conkeldurr|par\n|\n|upkeep\n|turn|7\n|\n|t:|1783808439\n|switch|p2a: Moltres|Moltres, shiny|73/100\n|move|p1a: Conkeldurr|Knock Off|p2a: Moltres\n|-damage|p2a: Moltres|47/100\n|\n|upkeep\n|turn|8\n|\n|t:|1783808448\n|switch|p1a: Toxapex|Toxapex, M, shiny|93/100\n|move|p2a: Moltres|Roost|p2a: Moltres\n|-heal|p2a: Moltres|97/100\n|-singleturn|p2a: Moltres|move: Roost\n|\n|-heal|p1a: Toxapex|99/100|[from] item: Black Sludge\n|upkeep\n|turn|9\n|\n|t:|1783808460\n|switch|p1a: Cinderace|Cinderace, M, shiny|60/100\n|move|p2a: Moltres|Scorching Sands|p1a: Cinderace\n|-supereffective|p1a: Cinderace\n|-damage|p1a: Cinderace|5/100\n|\n|upkeep\n|turn|10\n|\n|t:|1783808473\n|move|p1a: Cinderace|Court Change|p1a: Cinderace\n|-start|p1a: Cinderace|typechange|Normal|[from] ability: Libero\n|-swapsideconditions\n|-activate|p1a: Cinderace|move: Court Change\n|move|p2a: Moltres|U-turn|p1a: Cinderace\n|-damage|p1a: Cinderace|0 fnt\n|faint|p1a: Cinderace\n|\n|t:|1783808491\n|switch|p2a: Walking Wake|Walking Wake|100/100|[from] U-turn\n|-enditem|p2a: Walking Wake|Booster Energy\n|-activate|p2a: Walking Wake|ability: Protosynthesis|[fromitem]\n|-start|p2a: Walking Wake|protosynthesisspa\n|\n|upkeep\n|\n|t:|1783808500\n|switch|p1a: Breloom|Breloom, F, shiny|100/100\n|-status|p1a: Breloom|psn\n|turn|11\n|\n|t:|1783808509\n|-terastallize|p2a: Walking Wake|Steel\n|move|p2a: Walking Wake|Agility|p2a: Walking Wake\n|-boost|p2a: Walking Wake|spe|2\n|move|p1a: Breloom|Leech Seed|p2a: Walking Wake\n|-start|p2a: Walking Wake|move: Leech Seed\n|\n|-damage|p2a: Walking Wake|88/100|[from] Leech Seed|[of] p1a: Breloom\n|upkeep\n|turn|12\n|\n|t:|1783808536\n|move|p2a: Walking Wake|Flamethrower|p1a: Breloom\n|-supereffective|p1a: Breloom\n|-damage|p1a: Breloom|0 fnt\n|faint|p1a: Breloom\n|\n|upkeep\n|inactive|amouche has 120 seconds left.\n|\n|t:|1783808560\n|switch|p1a: Ursaring|Ursaring, M|100/100\n|-status|p1a: Ursaring|psn\n|turn|13\n|\n|t:|1783808577\n|move|p2a: Walking Wake|Dragon Pulse|p1a: Ursaring\n|-damage|p1a: Ursaring|24/100 psn\n|move|p1a: Ursaring|Earthquake|p2a: Walking Wake\n|-supereffective|p2a: Walking Wake\n|-damage|p2a: Walking Wake|0 fnt\n|faint|p2a: Walking Wake\n|-end|p2a: Walking Wake|Protosynthesis|[silent]\n|\n|-heal|p1a: Ursaring|30/100 psn|[from] item: Leftovers\n|-damage|p1a: Ursaring|18/100 psn|[from] psn\n|upkeep\n|\n|t:|1783808587\n|switch|p2a: Dragonite|Dragonite, M, shiny|100/100\n|turn|14\n|\n|t:|1783808591\n|move|p2a: Dragonite|Dragon Dance|p2a: Dragonite\n|-boost|p2a: Dragonite|atk|1\n|-boost|p2a: Dragonite|spe|1\n|move|p1a: Ursaring|Play Rough|p2a: Dragonite\n|-supereffective|p2a: Dragonite\n|-damage|p2a: Dragonite|57/100\n|-enditem|p2a: Dragonite|Weakness Policy\n|-boost|p2a: Dragonite|atk|2|[from] item: Weakness Policy\n|-boost|p2a: Dragonite|spa|2|[from] item: Weakness Policy\n|\n|-heal|p1a: Ursaring|24/100 psn|[from] item: Leftovers\n|-damage|p1a: Ursaring|11/100 psn|[from] psn\n|upkeep\n|turn|15\n|inactive|amouche has 120 seconds left.\n|\n|t:|1783808626\n|move|p2a: Dragonite|Extreme Speed|p1a: Ursaring\n|-damage|p1a: Ursaring|0 fnt\n|faint|p1a: Ursaring\n|\n|upkeep\n|\n|t:|1783808646\n|switch|p1a: Toxapex|Toxapex, M, shiny|100/100\n|-sideend|p1: amouche|move: Toxic Spikes|[of] p1a: Toxapex\n|turn|16\n|\n|t:|1783808650\n|move|p2a: Dragonite|Earthquake|p1a: Toxapex\n|-supereffective|p1a: Toxapex\n|-damage|p1a: Toxapex|17/100\n|move|p1a: Toxapex|Haze|p1a: Toxapex\n|-clearallboost\n|\n|-heal|p1a: Toxapex|23/100|[from] item: Black Sludge\n|upkeep\n|turn|17\n|\n|t:|1783808664\n|switch|p1a: Zangoose|Zangoose, M, shiny|100/100\n|move|p2a: Dragonite|Dragon Dance|p2a: Dragonite\n|-boost|p2a: Dragonite|atk|1\n|-boost|p2a: Dragonite|spe|1\n|\n|upkeep\n|turn|18\n|\n|t:|1783808678\n|move|p2a: Dragonite|Earthquake|p1a: Zangoose\n|-damage|p1a: Zangoose|17/100\n|move|p1a: Zangoose|Close Combat|p2a: Dragonite\n|-resisted|p2a: Dragonite\n|-damage|p2a: Dragonite|40/100\n|-unboost|p1a: Zangoose|def|1\n|-unboost|p1a: Zangoose|spd|1\n|\n|-heal|p1a: Zangoose|23/100|[from] item: Leftovers\n|upkeep\n|turn|19\n|-message|amouche forfeited.\n|\n|win|2wicky12\n|raw|amouche's rating: 1146 &rarr; <strong>1125</strong><br />(-21 for losing)\n|raw|2wicky12's rating: 1203 &rarr; <strong>1224</strong><br />(+21 for winning)\n|l|☆amouche\n|player|p1|\n|l|☆2wicky12\n|player|p2|\n", "uploadtime": 1783809051, "views": 3, "formatid": "gen9ou", "rating": 1125, "private": 0, "password": null}