{"id": "gen9ou-2639904183", "format": "[Gen 9] OU", "players": ["Mysterious Soop", "Zuifeng"], "log": "|j|☆Mysterious Soop\n|j|☆Zuifeng\n|t:|1782540057\n|gametype|singles\n|player|p1|Mysterious Soop|102|1597\n|player|p2|Zuifeng|li|1647\n|gen|9\n|tier|[Gen 9] OU\n|rated|\n|rule|HP Percentage Mod: HP is shown in percentages\n|rule|Endless Battle Clause: Forcing endless battles is banned\n|rule|Species Clause: Limit one of each Pokémon\n|rule|OHKO Clause: OHKO moves are banned\n|rule|Evasion Items Clause: Evasion items are banned\n|rule|Evasion Moves Clause: Evasion moves are banned\n|rule|Evasion Abilities Clause: Evasion abilities are banned\n|rule|Sleep Moves Clause: Sleep-inducing moves are banned\n|clearpoke\n|poke|p1|Chesnaught, F|\n|poke|p1|Gliscor, M|\n|poke|p1|Dragapult, M|\n|poke|p1|Alomomola, L99, F|\n|poke|p1|Kingambit, M|\n|poke|p1|Iron Treads|\n|poke|p2|Iron Treads|\n|poke|p2|Cinderace, F|\n|poke|p2|Darkrai|\n|poke|p2|Iron Valiant|\n|poke|p2|Dragonite, F|\n|poke|p2|Alomomola, M|\n|teampreview\n|inactive|Battle timer is ON: inactive players will automatically lose when time's up. (requested by Zuifeng)\n|\n|t:|1782540066\n|teamsize|p1|6\n|teamsize|p2|6\n|start\n|switch|p1a: Gliscor|Gliscor, M|100/100\n|switch|p2a: Darkrai|Darkrai|100/100\n|turn|1\n|\n|t:|1782540079\n|move|p2a: Darkrai|Will-O-Wisp|p1a: Gliscor\n|-status|p1a: Gliscor|brn\n|move|p1a: Gliscor|Toxic|p2a: Darkrai\n|-status|p2a: Darkrai|tox\n|\n|-damage|p2a: Darkrai|94/100 tox|[from] psn\n|-damage|p1a: Gliscor|94/100 brn|[from] brn\n|upkeep\n|turn|2\n|\n|t:|1782540089\n|switch|p2a: Iron Treads|Iron Treads|100/100\n|move|p1a: Gliscor|Spikes|p2a: Iron Treads\n|-sidestart|p2: Zuifeng|Spikes\n|\n|-damage|p1a: Gliscor|88/100 brn|[from] brn\n|upkeep\n|turn|3\n|c|☆Mysterious Soop|ahh that was greedy\n|\n|t:|1782540104\n|switch|p1a: Chesnaught|Chesnaught, F|100/100\n|move|p2a: Iron Treads|Earthquake|p1a: Chesnaught\n|-resisted|p1a: Chesnaught\n|-damage|p1a: Chesnaught|78/100\n|\n|upkeep\n|turn|4\n|\n|t:|1782540116\n|-end|p2a: Iron Treads|Quark Drive|[silent]\n|switch|p2a: Cinderace|Cinderace, F|100/100\n|move|p1a: Chesnaught|Knock Off|p2a: Cinderace\n|-damage|p2a: Cinderace|72/100\n|-enditem|p2a: Cinderace|Heavy-Duty Boots|[from] move: Knock Off|[of] p1a: Chesnaught\n|\n|upkeep\n|turn|5\n|\n|t:|1782540126\n|move|p2a: Cinderace|Will-O-Wisp|p1a: Chesnaught\n|-status|p1a: Chesnaught|brn\n|move|p1a: Chesnaught|Iron Defense|p1a: Chesnaught\n|-boost|p1a: Chesnaught|def|2\n|\n|-damage|p1a: Chesnaught|72/100 brn|[from] brn\n|upkeep\n|turn|6\n|\n|t:|1782540133\n|move|p2a: Cinderace|Court Change|p2a: Cinderace\n|-swapsideconditions\n|-activate|p2a: Cinderace|move: Court Change\n|move|p1a: Chesnaught|Iron Defense|p1a: Chesnaught\n|-boost|p1a: Chesnaught|def|2\n|\n|-damage|p1a: Chesnaught|66/100 brn|[from] brn\n|upkeep\n|turn|7\n|\n|t:|1782540144\n|switch|p2a: Dragonite|Dragonite, F|100/100\n|move|p1a: Chesnaught|Synthesis|p1a: Chesnaught\n|-heal|p1a: Chesnaught|100/100 brn\n|\n|-damage|p1a: Chesnaught|94/100 brn|[from] brn\n|upkeep\n|turn|8\n|\n|t:|1782540149\n|move|p1a: Chesnaught|Body Press|p2a: Dragonite\n|-resisted|p2a: Dragonite\n|-damage|p2a: Dragonite|90/100\n|-damage|p1a: Chesnaught|78/100 brn|[from] item: Rocky Helmet|[of] p2a: Dragonite\n|move|p2a: Dragonite|Encore|p1a: Chesnaught\n|-start|p1a: Chesnaught|Encore\n|\n|-damage|p1a: Chesnaught|72/100 brn|[from] brn\n|upkeep\n|turn|9\n|\n|t:|1782540155\n|move|p1a: Chesnaught|Body Press|p2a: Dragonite\n|-resisted|p2a: Dragonite\n|-damage|p2a: Dragonite|67/100\n|-damage|p1a: Chesnaught|55/100 brn|[from] item: Rocky Helmet|[of] p2a: Dragonite\n|move|p2a: Dragonite|Thunder Wave||[still]\n|-fail|p2a: Dragonite\n|\n|-damage|p1a: Chesnaught|49/100 brn|[from] brn\n|upkeep\n|turn|10\n|\n|t:|1782540161\n|move|p2a: Dragonite|Roost|p2a: Dragonite\n|-heal|p2a: Dragonite|100/100\n|-singleturn|p2a: Dragonite|move: Roost\n|move|p1a: Chesnaught|Body Press|p2a: Dragonite\n|-damage|p2a: Dragonite|77/100\n|-damage|p1a: Chesnaught|32/100 brn|[from] item: Rocky Helmet|[of] p2a: Dragonite\n|\n|-damage|p1a: Chesnaught|26/100 brn|[from] brn\n|upkeep\n|turn|11\n|\n|t:|1782540168\n|switch|p1a: Iron Treads|Iron Treads|100/100\n|-damage|p1a: Iron Treads|88/100|[from] Spikes\n|move|p2a: Dragonite|Roost|p2a: Dragonite\n|-heal|p2a: Dragonite|100/100\n|-singleturn|p2a: Dragonite|move: Roost\n|\n|upkeep\n|turn|12\n|\n|t:|1782540174\n|move|p1a: Iron Treads|Rapid Spin|p2a: Dragonite\n|-damage|p2a: Dragonite|96/100\n|-boost|p1a: Iron Treads|spe|1\n|-damage|p1a: Iron Treads|71/100|[from] item: Rocky Helmet|[of] p2a: Dragonite\n|-sideend|p1: Mysterious Soop|Spikes|[from] move: Rapid Spin|[of] p1a: Iron Treads\n|move|p2a: Dragonite|Ice Beam|p1a: Iron Treads\n|-damage|p1a: Iron Treads|60/100\n|\n|upkeep\n|turn|13\n|\n|t:|1782540178\n|move|p1a: Iron Treads|Volt Switch|p2a: Dragonite\n|-damage|p2a: Dragonite|85/100\n|\n|t:|1782540193\n|-end|p1a: Iron Treads|Quark Drive|[silent]\n|switch|p1a: Gliscor|Gliscor, M|88/100 brn|[from] Volt Switch\n|move|p2a: Dragonite|Roost|p2a: Dragonite\n|-heal|p2a: Dragonite|100/100\n|-singleturn|p2a: Dragonite|move: Roost\n|\n|-damage|p1a: Gliscor|82/100 brn|[from] brn\n|upkeep\n|turn|14\n|\n|t:|1782540213\n|switch|p1a: Iron Treads|Iron Treads|60/100\n|move|p2a: Dragonite|Ice Beam|p1a: Iron Treads\n|-crit|p1a: Iron Treads\n|-damage|p1a: Iron Treads|44/100\n|\n|upkeep\n|turn|15\n|\n|t:|1782540227\n|switch|p2a: Cinderace|Cinderace, F|72/100\n|move|p1a: Iron Treads|Knock Off|p2a: Cinderace\n|-damage|p2a: Cinderace|54/100\n|\n|upkeep\n|turn|16\n|\n|t:|1782540236\n|-end|p1a: Iron Treads|Quark Drive|[silent]\n|switch|p1a: Chesnaught|Chesnaught, F|26/100 brn\n|move|p2a: Cinderace|U-turn|p1a: Chesnaught\n|-damage|p1a: Chesnaught|15/100 brn\n|-damage|p2a: Cinderace|37/100|[from] item: Rocky Helmet|[of] p1a: Chesnaught\n|\n|t:|1782540243\n|switch|p2a: Iron Valiant|Iron Valiant|100/100|[from] U-turn\n|-enditem|p2a: Iron Valiant|Booster Energy\n|-activate|p2a: Iron Valiant|ability: Quark Drive|[fromitem]\n|-start|p2a: Iron Valiant|quarkdrivespe\n|\n|-damage|p1a: Chesnaught|8/100 brn|[from] brn\n|upkeep\n|turn|17\n|\n|t:|1782540255\n|move|p2a: Iron Valiant|Substitute|p2a: Iron Valiant\n|-start|p2a: Iron Valiant|Substitute\n|-damage|p2a: Iron Valiant|76/100\n|move|p1a: Chesnaught|Body Press|p2a: Iron Valiant\n|-resisted|p2a: Iron Valiant\n|-activate|p2a: Iron Valiant|move: Substitute|[damage]\n|\n|-damage|p1a: Chesnaught|2/100 brn|[from] brn\n|upkeep\n|turn|18\n|\n|t:|1782540260\n|move|p2a: Iron Valiant|Calm Mind|p2a: Iron Valiant\n|-boost|p2a: Iron Valiant|spa|1\n|-boost|p2a: Iron Valiant|spd|1\n|move|p1a: Chesnaught|Body Press|p2a: Iron Valiant\n|-resisted|p2a: Iron Valiant\n|-end|p2a: Iron Valiant|Substitute\n|\n|-damage|p1a: Chesnaught|0 fnt|[from] brn\n|faint|p1a: Chesnaught\n|upkeep\n|\n|t:|1782540268\n|switch|p1a: Kingambit|Kingambit, M|100/100\n|-activate|p1a: Kingambit|ability: Supreme Overlord\n|-start|p1a: Kingambit|fallen1|[silent]\n|turn|19\n|\n|t:|1782540276\n|move|p2a: Iron Valiant|Moonblast|p1a: Kingambit\n|-damage|p1a: Kingambit|36/100\n|-unboost|p1a: Kingambit|spa|1\n|move|p1a: Kingambit|Iron Head|p2a: Iron Valiant\n|-supereffective|p2a: Iron Valiant\n|-damage|p2a: Iron Valiant|0 fnt\n|faint|p2a: Iron Valiant\n|-end|p2a: Iron Valiant|Quark Drive|[silent]\n|\n|-heal|p1a: Kingambit|42/100|[from] item: Leftovers\n|upkeep\n|\n|t:|1782540281\n|switch|p2a: Iron Treads|Iron Treads|100/100\n|turn|20\n|\n|t:|1782540290\n|-end|p1a: Kingambit|fallen1|[silent]\n|switch|p1a: Alomomola|Alomomola, L99, F|100/100\n|move|p2a: Iron Treads|Earthquake|p1a: Alomomola\n|-crit|p1a: Alomomola\n|-damage|p1a: Alomomola|49/100\n|\n|upkeep\n|turn|21\n|inactive|Mysterious Soop has 120 seconds left.\n|\n|t:|1782540324\n|move|p2a: Iron Treads|Rapid Spin|p1a: Alomomola\n|-damage|p1a: Alomomola|39/100\n|-boost|p2a: Iron Treads|spe|1\n|move|p1a: Alomomola|Flip Turn|p2a: Iron Treads\n|-supereffective|p2a: Iron Treads\n|-damage|p2a: Iron Treads|74/100\n|\n|t:|1782540329\n|switch|p1a: Gliscor|Gliscor, M|82/100 brn|[from] Flip Turn\n|\n|-damage|p1a: Gliscor|75/100 brn|[from] brn\n|upkeep\n|turn|22\n|\n|t:|1782540335\n|move|p2a: Iron Treads|Ice Spinner|p1a: Gliscor\n|-supereffective|p1a: Gliscor\n|-damage|p1a: Gliscor|0 fnt\n|faint|p1a: Gliscor\n|\n|upkeep\n|\n|t:|1782540340\n|switch|p1a: Alomomola|Alomomola, L99, F|73/100\n|turn|23\n|\n|t:|1782540345\n|move|p2a: Iron Treads|Earthquake|p1a: Alomomola\n|-damage|p1a: Alomomola|42/100\n|move|p1a: Alomomola|Wish|p1a: Alomomola\n|\n|upkeep\n|turn|24\n|\n|t:|1782540351\n|-terastallize|p2a: Iron Treads|Ground\n|move|p2a: Iron Treads|Earthquake|p1a: Alomomola\n|-damage|p1a: Alomomola|0 fnt\n|faint|p1a: Alomomola\n|\n|upkeep\n|\n|t:|1782540358\n|switch|p1a: Kingambit|Kingambit, M|42/100\n|-activate|p1a: Kingambit|ability: Supreme Overlord\n|-start|p1a: Kingambit|fallen3|[silent]\n|turn|25\n|\n|t:|1782540366\n|-terastallize|p1a: Kingambit|Flying\n|move|p2a: Iron Treads|Earthquake|p1a: Kingambit\n|-immune|p1a: Kingambit\n|move|p1a: Kingambit|Swords Dance|p1a: Kingambit\n|-boost|p1a: Kingambit|atk|2\n|\n|-heal|p1a: Kingambit|48/100|[from] item: Leftovers\n|upkeep\n|turn|26\n|\n|t:|1782540375\n|-end|p2a: Iron Treads|Quark Drive|[silent]\n|switch|p2a: Dragonite|Dragonite, F|100/100\n|move|p1a: Kingambit|Kowtow Cleave|p2a: Dragonite\n|-damage|p2a: Dragonite|57/100\n|-damage|p1a: Kingambit|32/100|[from] item: Rocky Helmet|[of] p2a: Dragonite\n|\n|-heal|p1a: Kingambit|38/100|[from] item: Leftovers\n|upkeep\n|turn|27\n|\n|t:|1782540383\n|move|p2a: Dragonite|Roost|p2a: Dragonite\n|-heal|p2a: Dragonite|100/100\n|-singleturn|p2a: Dragonite|move: Roost\n|move|p1a: Kingambit|Kowtow Cleave|p2a: Dragonite\n|-damage|p2a: Dragonite|58/100\n|-damage|p1a: Kingambit|22/100|[from] item: Rocky Helmet|[of] p2a: Dragonite\n|\n|-heal|p1a: Kingambit|28/100|[from] item: Leftovers\n|upkeep\n|turn|28\n|l|☆Mysterious Soop\n|inactive|Mysterious Soop disconnected and has a minute to reconnect!\n|player|p1|\n|j|☆Mysterious Soop\n|inactive|Mysterious Soop reconnected and has 115 seconds left.\n|player|p1|Mysterious Soop|102|\n|\n|t:|1782540433\n|move|p2a: Dragonite|Roost|p2a: Dragonite\n|-heal|p2a: Dragonite|100/100\n|-singleturn|p2a: Dragonite|move: Roost\n|move|p1a: Kingambit|Kowtow Cleave|p2a: Dragonite\n|-damage|p2a: Dragonite|59/100\n|-damage|p1a: Kingambit|11/100|[from] item: Rocky Helmet|[of] p2a: Dragonite\n|\n|-heal|p1a: Kingambit|18/100|[from] item: Leftovers\n|upkeep\n|turn|29\n|\n|t:|1782540438\n|move|p2a: Dragonite|Roost|p2a: Dragonite\n|-heal|p2a: Dragonite|100/100\n|-singleturn|p2a: Dragonite|move: Roost\n|move|p1a: Kingambit|Kowtow Cleave|p2a: Dragonite\n|-damage|p2a: Dragonite|58/100\n|-damage|p1a: Kingambit|1/100|[from] item: Rocky Helmet|[of] p2a: Dragonite\n|\n|-heal|p1a: Kingambit|7/100|[from] item: Leftovers\n|upkeep\n|turn|30\n|\n|t:|1782540442\n|move|p2a: Dragonite|Roost|p2a: Dragonite\n|-heal|p2a: Dragonite|100/100\n|-singleturn|p2a: Dragonite|move: Roost\n|move|p1a: Kingambit|Kowtow Cleave|p2a: Dragonite\n|-damage|p2a: Dragonite|60/100\n|-damage|p1a: Kingambit|0 fnt|[from] item: Rocky Helmet|[of] p2a: Dragonite\n|faint|p1a: Kingambit\n|-end|p1a: Kingambit|fallen3|[silent]\n|\n|upkeep\n|\n|t:|1782540447\n|switch|p1a: Dragapult|Dragapult, M|100/100\n|turn|31\n|\n|t:|1782540457\n|move|p1a: Dragapult|Dragon Darts|p2a: Dragonite\n|-supereffective|p2a: Dragonite\n|-damage|p2a: Dragonite|11/100\n|-anim|p1a: Dragapult|Dragon Darts|p2a: Dragonite\n|-supereffective|p2a: Dragonite\n|-damage|p2a: Dragonite|0 fnt\n|faint|p2a: Dragonite\n|-damage|p1a: Dragapult|91/100|[from] item: Life Orb\n|\n|upkeep\n|\n|t:|1782540467\n|switch|p2a: Darkrai|Darkrai|94/100 tox\n|turn|32\n|\n|t:|1782540474\n|switch|p1a: Iron Treads|Iron Treads|44/100\n|move|p2a: Darkrai|Dark Pulse|p1a: Iron Treads\n|-damage|p1a: Iron Treads|24/100\n|\n|-heal|p2a: Darkrai|100/100 tox|[from] item: Leftovers\n|-damage|p2a: Darkrai|94/100 tox|[from] psn\n|upkeep\n|turn|33\n|j| Disscratch\n|\n|t:|1782540507\n|switch|p2a: Cinderace|Cinderace, F|37/100\n|move|p1a: Iron Treads|Volt Switch|p2a: Cinderace\n|-damage|p2a: Cinderace|22/100\n|\n|t:|1782540510\n|-end|p1a: Iron Treads|Quark Drive|[silent]\n|switch|p1a: Dragapult|Dragapult, M|91/100|[from] Volt Switch\n|\n|upkeep\n|turn|34\n|\n|t:|1782540519\n|move|p1a: Dragapult|Dragon Darts|p2a: Cinderace\n|-damage|p2a: Cinderace|0 fnt\n|faint|p2a: Cinderace\n|-damage|p1a: Dragapult|81/100|[from] item: Life Orb\n|\n|upkeep\n|\n|t:|1782540523\n|switch|p2a: Iron Treads|Iron Treads, tera:Ground|74/100\n|turn|35\n|\n|t:|1782540527\n|move|p1a: Dragapult|Draco Meteor|p2a: Iron Treads\n|-damage|p2a: Iron Treads|0 fnt\n|-unboost|p1a: Dragapult|spa|2\n|faint|p2a: Iron Treads\n|-end|p2a: Iron Treads|Quark Drive|[silent]\n|-damage|p1a: Dragapult|71/100|[from] item: Life Orb\n|\n|upkeep\n|\n|t:|1782540532\n|switch|p2a: Darkrai|Darkrai|94/100 tox\n|turn|36\n|\n|t:|1782540536\n|switch|p1a: Iron Treads|Iron Treads|24/100\n|move|p2a: Darkrai|Dark Pulse|p1a: Iron Treads\n|-damage|p1a: Iron Treads|5/100\n|\n|-heal|p2a: Darkrai|100/100 tox|[from] item: Leftovers\n|-damage|p2a: Darkrai|94/100 tox|[from] psn\n|upkeep\n|turn|37\n|\n|t:|1782540542\n|move|p2a: Darkrai|Dark Pulse|p1a: Iron Treads\n|-damage|p1a: Iron Treads|0 fnt\n|faint|p1a: Iron Treads\n|-end|p1a: Iron Treads|Quark Drive|[silent]\n|\n|-heal|p2a: Darkrai|100/100 tox|[from] item: Leftovers\n|-damage|p2a: Darkrai|88/100 tox|[from] psn\n|upkeep\n|\n|t:|1782540546\n|switch|p1a: Dragapult|Dragapult, M|71/100\n|turn|38\n|\n|t:|1782540553\n|switch|p2a: Alomomola|Alomomola, M|100/100\n|move|p1a: Dragapult|Dragon Darts|p2a: Alomomola\n|-damage|p2a: Alomomola|76/100\n|-anim|p1a: Dragapult|Dragon Darts|p2a: Alomomola\n|-damage|p2a: Alomomola|50/100\n|-damage|p1a: Dragapult|61/100|[from] item: Life Orb\n|\n|upkeep\n|turn|39\n|\n|t:|1782540561\n|move|p1a: Dragapult|Dragon Dance|p1a: Dragapult\n|-boost|p1a: Dragapult|atk|1\n|-boost|p1a: Dragapult|spe|1\n|move|p2a: Alomomola|Flip Turn|p1a: Dragapult\n|-resisted|p1a: Dragapult\n|-damage|p1a: Dragapult|50/100\n|\n|t:|1782540563\n|switch|p2a: Darkrai|Darkrai|88/100 tox|[from] Flip Turn\n|\n|-heal|p2a: Darkrai|94/100 tox|[from] item: Leftovers\n|-damage|p2a: Darkrai|88/100 tox|[from] psn\n|upkeep\n|turn|40\n|\n|t:|1782540567\n|move|p1a: Dragapult|Dragon Darts|p2a: Darkrai\n|-damage|p2a: Darkrai|38/100 tox\n|-anim|p1a: Dragapult|Dragon Darts|p2a: Darkrai\n|-damage|p2a: Darkrai|0 fnt\n|faint|p2a: Darkrai\n|-damage|p1a: Dragapult|40/100|[from] item: Life Orb\n|\n|upkeep\n|\n|t:|1782540569\n|switch|p2a: Alomomola|Alomomola, M|83/100\n|turn|41\n|\n|t:|1782540577\n|move|p1a: Dragapult|Dragon Darts|p2a: Alomomola\n|-damage|p2a: Alomomola|47/100\n|-anim|p1a: Dragapult|Dragon Darts|p2a: Alomomola\n|-damage|p2a: Alomomola|12/100\n|-damage|p1a: Dragapult|30/100|[from] item: Life Orb\n|move|p2a: Alomomola|Scald|p1a: Dragapult\n|-resisted|p1a: Dragapult\n|-damage|p1a: Dragapult|20/100\n|\n|upkeep\n|turn|42\n|-message|Zuifeng forfeited.\n|\n|win|Mysterious Soop\n|raw|Mysterious Soop's rating: 1597 &rarr; <strong>1620</strong><br />(+23 for winning)\n|raw|Zuifeng's rating: 1647 &rarr; <strong>1624</strong><br />(-23 for losing)\n|l|☆Zuifeng\n|player|p2|\n|c|☆Mysterious Soop|ggs\n", "uploadtime": 1782540586, "views": 13, "formatid": "gen9ou", "rating": 1620, "private": 0, "password": null}