{"id": "gen9ou-2639307530", "format": "[Gen 9] OU", "players": ["Ashmegatron", "aaaurelias"], "log": "|j|☆Ashmegatron\n|j|☆aaaurelias\n|t:|1782450016\n|gametype|singles\n|player|p1|Ashmegatron|steven|1000\n|player|p2|aaaurelias|dawn|1000\n|gen|9\n|tier|[Gen 9] OU\n|rated|\n|rule|HP Percentage Mod: HP is shown in percentages\n|rule|Endless Battle Clause: Forcing endless battles is banned\n|rule|Species Clause: Limit one of each Pokémon\n|rule|OHKO Clause: OHKO moves are banned\n|rule|Evasion Items Clause: Evasion items are banned\n|rule|Evasion Moves Clause: Evasion moves are banned\n|rule|Evasion Abilities Clause: Evasion abilities are banned\n|rule|Sleep Moves Clause: Sleep-inducing moves are banned\n|clearpoke\n|poke|p1|Toxtricity, M|\n|poke|p1|Greninja-*, M|\n|poke|p1|Garchomp, M|\n|poke|p1|Corviknight, M|\n|poke|p1|Dragapult, M|\n|poke|p1|Metagross|\n|poke|p2|Clodsire, F|\n|poke|p2|Toxapex, M|\n|poke|p2|Corviknight, M|\n|poke|p2|Dondozo, M|\n|poke|p2|Clefable, M|\n|poke|p2|Gliscor, M|\n|teampreview\n|\n|t:|1782450024\n|teamsize|p1|6\n|teamsize|p2|6\n|start\n|switch|p1a: Garchomp|Garchomp, M|100/100\n|switch|p2a: take your time|Toxapex, M|100/100\n|turn|1\n|\n|t:|1782450035\n|switch|p1a: Toxtricity|Toxtricity, M, shiny|100/100\n|move|p2a: take your time|Baneful Bunker||[still]\n|-fail|p2a: take your time\n|\n|upkeep\n|turn|2\n|\n|t:|1782450051\n|switch|p2a: per my last turn|Corviknight, M|100/100\n|-ability|p2a: per my last turn|Pressure\n|move|p1a: Toxtricity|Toxic Spikes|p2a: per my last turn\n|-sidestart|p2: aaaurelias|move: Toxic Spikes\n|\n|upkeep\n|turn|3\n|\n|t:|1782450060\n|move|p1a: Toxtricity|Overdrive|p2a: per my last turn\n|-supereffective|p2a: per my last turn\n|-damage|p2a: per my last turn|21/100\n|-enditem|p1a: Toxtricity|Throat Spray\n|-boost|p1a: Toxtricity|spa|1|[from] item: Throat Spray\n|move|p2a: per my last turn|Brave Bird|p1a: Toxtricity\n|-resisted|p1a: Toxtricity\n|-crit|p1a: Toxtricity\n|-damage|p1a: Toxtricity|55/100\n|-damage|p2a: per my last turn|10/100|[from] Recoil\n|\n|-heal|p2a: per my last turn|16/100|[from] item: Leftovers\n|upkeep\n|turn|4\n|\n|t:|1782450077\n|switch|p2a: take your time|Toxapex, M|100/100\n|-sideend|p2: aaaurelias|move: Toxic Spikes|[of] p2a: take your time\n|move|p1a: Toxtricity|Overdrive|p2a: take your time\n|-supereffective|p2a: take your time\n|-damage|p2a: take your time|0 fnt\n|faint|p2a: take your time\n|\n|upkeep\n|\n|t:|1782450086\n|switch|p2a: nothing new there|Gliscor, M|100/100\n|turn|5\n|\n|t:|1782450101\n|-terastallize|p2a: nothing new there|Dark\n|move|p2a: nothing new there|Knock Off|p1a: Toxtricity\n|-damage|p1a: Toxtricity|18/100\n|move|p1a: Toxtricity|Boomburst|p2a: nothing new there\n|-damage|p2a: nothing new there|0 fnt\n|faint|p2a: nothing new there\n|\n|upkeep\n|\n|t:|1782450114\n|switch|p2a: per my last turn|Corviknight, M|16/100\n|-ability|p2a: per my last turn|Pressure\n|turn|6\n|\n|t:|1782450122\n|move|p2a: per my last turn|Protect|p2a: per my last turn\n|-singleturn|p2a: per my last turn|Protect\n|move|p1a: Toxtricity|Overdrive|p2a: per my last turn\n|-activate|p2a: per my last turn|move: Protect\n|\n|-heal|p2a: per my last turn|22/100|[from] item: Leftovers\n|upkeep\n|turn|7\n|\n|t:|1782450131\n|switch|p2a: love this for you|Clefable, M|100/100\n|move|p1a: Toxtricity|Overdrive|p2a: love this for you\n|-damage|p2a: love this for you|25/100\n|\n|upkeep\n|turn|8\n|\n|t:|1782450141\n|move|p1a: Toxtricity|Boomburst|p2a: love this for you\n|-crit|p2a: love this for you\n|-damage|p2a: love this for you|0 fnt\n|faint|p2a: love this for you\n|\n|upkeep\n|\n|t:|1782450145\n|switch|p2a: per my last turn|Corviknight, M|22/100\n|-ability|p2a: per my last turn|Pressure\n|turn|9\n|\n|t:|1782450150\n|move|p2a: per my last turn|Protect|p2a: per my last turn\n|-singleturn|p2a: per my last turn|Protect\n|move|p1a: Toxtricity|Overdrive|p2a: per my last turn\n|-activate|p2a: per my last turn|move: Protect\n|\n|-heal|p2a: per my last turn|29/100|[from] item: Leftovers\n|upkeep\n|turn|10\n|\n|t:|1782450158\n|switch|p2a: keep trying|Dondozo, M|100/100\n|move|p1a: Toxtricity|Overdrive|p2a: keep trying\n|-supereffective|p2a: keep trying\n|-damage|p2a: keep trying|0 fnt\n|faint|p2a: keep trying\n|\n|upkeep\n|\n|t:|1782450166\n|switch|p2a: per my last turn|Corviknight, M|29/100\n|-ability|p2a: per my last turn|Pressure\n|turn|11\n|\n|t:|1782450170\n|move|p2a: per my last turn|Protect|p2a: per my last turn\n|-singleturn|p2a: per my last turn|Protect\n|move|p1a: Toxtricity|Overdrive|p2a: per my last turn\n|-activate|p2a: per my last turn|move: Protect\n|\n|-heal|p2a: per my last turn|35/100|[from] item: Leftovers\n|upkeep\n|turn|12\n|\n|t:|1782450178\n|switch|p2a: did you calc that?|Clodsire, F|100/100\n|move|p1a: Toxtricity|Overdrive|p2a: did you calc that?\n|-immune|p2a: did you calc that?\n|\n|upkeep\n|turn|13\n|\n|t:|1782450189\n|move|p1a: Toxtricity|Boomburst|p2a: did you calc that?\n|-damage|p2a: did you calc that?|68/100\n|move|p2a: did you calc that?|Earthquake|p1a: Toxtricity\n|-supereffective|p1a: Toxtricity\n|-damage|p1a: Toxtricity|0 fnt\n|faint|p1a: Toxtricity\n|\n|upkeep\n|\n|t:|1782450201\n|switch|p1a: Greninja|Greninja, M, shiny|100/100\n|turn|14\n|\n|t:|1782450208\n|move|p1a: Greninja|Water Shuriken|p2a: did you calc that?\n|-start|p1a: Greninja|typechange|Water|[from] ability: Protean\n|-supereffective|p2a: did you calc that?\n|-damage|p2a: did you calc that?|57/100\n|-supereffective|p2a: did you calc that?\n|-damage|p2a: did you calc that?|46/100\n|-supereffective|p2a: did you calc that?\n|-damage|p2a: did you calc that?|35/100\n|-hitcount|p2a: did you calc that?|3\n|move|p2a: did you calc that?|Recover|p2a: did you calc that?\n|-heal|p2a: did you calc that?|85/100\n|\n|upkeep\n|turn|15\n|\n|t:|1782450223\n|move|p1a: Greninja|Water Shuriken|p2a: did you calc that?\n|-supereffective|p2a: did you calc that?\n|-damage|p2a: did you calc that?|75/100\n|-supereffective|p2a: did you calc that?\n|-damage|p2a: did you calc that?|65/100\n|-hitcount|p2a: did you calc that?|2\n|move|p2a: did you calc that?|Poison Jab|p1a: Greninja\n|-damage|p1a: Greninja|68/100\n|\n|upkeep\n|turn|16\n|\n|t:|1782450234\n|move|p1a: Greninja|Water Shuriken|p2a: did you calc that?\n|-supereffective|p2a: did you calc that?\n|-damage|p2a: did you calc that?|54/100\n|-supereffective|p2a: did you calc that?\n|-damage|p2a: did you calc that?|43/100\n|-hitcount|p2a: did you calc that?|2\n|move|p2a: did you calc that?|Poison Jab|p1a: Greninja\n|-damage|p1a: Greninja|30/100\n|-status|p1a: Greninja|psn\n|\n|-damage|p1a: Greninja|17/100 psn|[from] psn\n|upkeep\n|turn|17\n|\n|t:|1782450245\n|move|p1a: Greninja|Water Shuriken|p2a: did you calc that?\n|-supereffective|p2a: did you calc that?\n|-damage|p2a: did you calc that?|32/100\n|-supereffective|p2a: did you calc that?\n|-crit|p2a: did you calc that?\n|-damage|p2a: did you calc that?|16/100\n|-hitcount|p2a: did you calc that?|2\n|move|p2a: did you calc that?|Recover|p2a: did you calc that?\n|-heal|p2a: did you calc that?|66/100\n|\n|-damage|p1a: Greninja|5/100 psn|[from] psn\n|upkeep\n|turn|18\n|\n|t:|1782450263\n|move|p1a: Greninja|Water Shuriken|p2a: did you calc that?\n|-supereffective|p2a: did you calc that?\n|-damage|p2a: did you calc that?|55/100\n|-supereffective|p2a: did you calc that?\n|-damage|p2a: did you calc that?|44/100\n|-hitcount|p2a: did you calc that?|2\n|move|p2a: did you calc that?|Spikes|p1a: Greninja\n|-sidestart|p1: Ashmegatron|Spikes\n|\n|-damage|p1a: Greninja|0 fnt|[from] psn\n|faint|p1a: Greninja\n|upkeep\n|\n|t:|1782450273\n|switch|p1a: Metagross|Metagross, shiny|100/100\n|-damage|p1a: Metagross|88/100|[from] Spikes\n|turn|19\n|\n|t:|1782450284\n|switch|p2a: per my last turn|Corviknight, M|35/100\n|-ability|p2a: per my last turn|Pressure\n|move|p1a: Metagross|Bullet Punch|p2a: per my last turn\n|-resisted|p2a: per my last turn\n|-damage|p2a: per my last turn|26/100\n|\n|-heal|p2a: per my last turn|32/100|[from] item: Leftovers\n|upkeep\n|turn|20\n|\n|t:|1782450299\n|move|p2a: per my last turn|Protect|p2a: per my last turn\n|-singleturn|p2a: per my last turn|Protect\n|move|p1a: Metagross|Psychic Fangs|p2a: per my last turn\n|-activate|p2a: per my last turn|move: Protect\n|\n|-heal|p2a: per my last turn|38/100|[from] item: Leftovers\n|upkeep\n|turn|21\n|\n|t:|1782450312\n|switch|p2a: did you calc that?|Clodsire, F|44/100\n|move|p1a: Metagross|Psychic Fangs|p2a: did you calc that?\n|-supereffective|p2a: did you calc that?\n|-damage|p2a: did you calc that?|0 fnt\n|faint|p2a: did you calc that?\n|\n|upkeep\n|\n|t:|1782450318\n|switch|p2a: per my last turn|Corviknight, M|38/100\n|-ability|p2a: per my last turn|Pressure\n|turn|22\n|c|☆Ashmegatron|haha\n|\n|t:|1782450322\n|move|p2a: per my last turn|Protect|p2a: per my last turn\n|-singleturn|p2a: per my last turn|Protect\n|move|p1a: Metagross|Psychic Fangs|p2a: per my last turn\n|-activate|p2a: per my last turn|move: Protect\n|\n|-heal|p2a: per my last turn|45/100|[from] item: Leftovers\n|upkeep\n|turn|23\n|\n|t:|1782450334\n|move|p1a: Metagross|Psychic Fangs|p2a: per my last turn\n|-resisted|p2a: per my last turn\n|-damage|p2a: per my last turn|25/100\n|move|p2a: per my last turn|Roost|p2a: per my last turn\n|-heal|p2a: per my last turn|75/100\n|-singleturn|p2a: per my last turn|move: Roost\n|\n|-heal|p2a: per my last turn|81/100|[from] item: Leftovers\n|upkeep\n|turn|24\n|\n|t:|1782450353\n|switch|p1a: Dragapult|Dragapult, M, shiny|100/100\n|-damage|p1a: Dragapult|88/100|[from] Spikes\n|move|p2a: per my last turn|Brave Bird|p1a: Dragapult\n|-damage|p1a: Dragapult|40/100\n|-damage|p2a: per my last turn|69/100|[from] Recoil\n|\n|-heal|p2a: per my last turn|75/100|[from] item: Leftovers\n|upkeep\n|turn|25\n|\n|t:|1782450367\n|move|p1a: Dragapult|Flamethrower|p2a: per my last turn\n|-supereffective|p2a: per my last turn\n|-damage|p2a: per my last turn|19/100\n|move|p2a: per my last turn|Brave Bird|p1a: Dragapult\n|-damage|p1a: Dragapult|0 fnt\n|faint|p1a: Dragapult\n|-damage|p2a: per my last turn|9/100|[from] Recoil\n|\n|-heal|p2a: per my last turn|15/100|[from] item: Leftovers\n|upkeep\n|\n|t:|1782450376\n|switch|p1a: Garchomp|Garchomp, M|100/100\n|-damage|p1a: Garchomp|88/100|[from] Spikes\n|turn|26\n|\n|t:|1782450390\n|move|p2a: per my last turn|Protect|p2a: per my last turn\n|-singleturn|p2a: per my last turn|Protect\n|move|p1a: Garchomp|Dragon Tail|p2a: per my last turn\n|-activate|p2a: per my last turn|move: Protect\n|\n|-heal|p2a: per my last turn|22/100|[from] item: Leftovers\n|upkeep\n|turn|27\n|\n|t:|1782450403\n|move|p2a: per my last turn|Protect||[still]\n|-fail|p2a: per my last turn\n|move|p1a: Garchomp|Dragon Tail|p2a: per my last turn|[miss]\n|-miss|p1a: Garchomp|p2a: per my last turn\n|\n|-heal|p2a: per my last turn|28/100|[from] item: Leftovers\n|upkeep\n|turn|28\n|\n|t:|1782450415\n|move|p2a: per my last turn|Protect|p2a: per my last turn\n|-singleturn|p2a: per my last turn|Protect\n|move|p1a: Garchomp|Dragon Tail|p2a: per my last turn\n|-activate|p2a: per my last turn|move: Protect\n|\n|-heal|p2a: per my last turn|34/100|[from] item: Leftovers\n|upkeep\n|turn|29\n|\n|t:|1782450426\n|move|p2a: per my last turn|Protect|p2a: per my last turn\n|-singleturn|p2a: per my last turn|Protect\n|move|p1a: Garchomp|Dragon Tail|p2a: per my last turn\n|-activate|p2a: per my last turn|move: Protect\n|\n|-heal|p2a: per my last turn|40/100|[from] item: Leftovers\n|upkeep\n|turn|30\n|\n|t:|1782450436\n|move|p2a: per my last turn|Roost|p2a: per my last turn\n|-heal|p2a: per my last turn|90/100\n|-singleturn|p2a: per my last turn|move: Roost\n|move|p1a: Garchomp|Dragon Tail|p2a: per my last turn\n|-resisted|p2a: per my last turn\n|-damage|p2a: per my last turn|79/100\n|\n|-heal|p2a: per my last turn|86/100|[from] item: Leftovers\n|upkeep\n|turn|31\n|\n|t:|1782450447\n|move|p2a: per my last turn|Brave Bird|p1a: Garchomp\n|-damage|p1a: Garchomp|65/100\n|-damage|p2a: per my last turn|73/100|[from] ability: Rough Skin|[of] p1a: Garchomp\n|-damage|p2a: per my last turn|57/100|[from] item: Rocky Helmet|[of] p1a: Garchomp\n|-damage|p2a: per my last turn|49/100|[from] Recoil\n|move|p1a: Garchomp|Dragon Tail|p2a: per my last turn\n|-resisted|p2a: per my last turn\n|-damage|p2a: per my last turn|39/100\n|\n|-heal|p2a: per my last turn|45/100|[from] item: Leftovers\n|upkeep\n|turn|32\n|\n|t:|1782450464\n|move|p2a: per my last turn|Roost|p2a: per my last turn\n|-heal|p2a: per my last turn|95/100\n|-singleturn|p2a: per my last turn|move: Roost\n|move|p1a: Garchomp|Dragon Tail|p2a: per my last turn\n|-resisted|p2a: per my last turn\n|-damage|p2a: per my last turn|85/100\n|\n|-heal|p2a: per my last turn|91/100|[from] item: Leftovers\n|upkeep\n|turn|33\n|\n|t:|1782450502\n|switch|p1a: Corviknight|Corviknight, M, shiny|100/100\n|-ability|p1a: Corviknight|Pressure\n|move|p2a: per my last turn|Brave Bird|p1a: Corviknight\n|-resisted|p1a: Corviknight\n|-damage|p1a: Corviknight|88/100\n|-damage|p2a: per my last turn|87/100|[from] Recoil\n|\n|-heal|p2a: per my last turn|94/100|[from] item: Leftovers\n|-heal|p1a: Corviknight|95/100|[from] item: Leftovers\n|upkeep\n|turn|34\n|\n|t:|1782450519\n|move|p2a: per my last turn|Brave Bird|p1a: Corviknight\n|-resisted|p1a: Corviknight\n|-damage|p1a: Corviknight|83/100\n|-damage|p2a: per my last turn|90/100|[from] Recoil\n|move|p1a: Corviknight|Brave Bird|p2a: per my last turn\n|-resisted|p2a: per my last turn\n|-damage|p2a: per my last turn|75/100\n|-damage|p1a: Corviknight|78/100|[from] Recoil\n|\n|-heal|p2a: per my last turn|81/100|[from] item: Leftovers\n|-heal|p1a: Corviknight|84/100|[from] item: Leftovers\n|upkeep\n|turn|35\n|\n|t:|1782450530\n|move|p2a: per my last turn|Brave Bird|p1a: Corviknight\n|-resisted|p1a: Corviknight\n|-damage|p1a: Corviknight|73/100\n|-damage|p2a: per my last turn|77/100|[from] Recoil\n|move|p1a: Corviknight|Brave Bird|p2a: per my last turn\n|-resisted|p2a: per my last turn\n|-damage|p2a: per my last turn|63/100\n|-damage|p1a: Corviknight|68/100|[from] Recoil\n|\n|-heal|p2a: per my last turn|69/100|[from] item: Leftovers\n|-heal|p1a: Corviknight|74/100|[from] item: Leftovers\n|upkeep\n|turn|36\n|\n|t:|1782450540\n|move|p2a: per my last turn|Brave Bird|p1a: Corviknight\n|-resisted|p1a: Corviknight\n|-damage|p1a: Corviknight|64/100\n|-damage|p2a: per my last turn|65/100|[from] Recoil\n|move|p1a: Corviknight|Brave Bird|p2a: per my last turn\n|-resisted|p2a: per my last turn\n|-damage|p2a: per my last turn|50/100\n|-damage|p1a: Corviknight|59/100|[from] Recoil\n|\n|-heal|p2a: per my last turn|57/100|[from] item: Leftovers\n|-heal|p1a: Corviknight|65/100|[from] item: Leftovers\n|upkeep\n|turn|37\n|\n|t:|1782450552\n|move|p2a: per my last turn|Brave Bird|p1a: Corviknight\n|-resisted|p1a: Corviknight\n|-damage|p1a: Corviknight|54/100\n|-damage|p2a: per my last turn|53/100|[from] Recoil\n|move|p1a: Corviknight|Brave Bird|p2a: per my last turn\n|-resisted|p2a: per my last turn\n|-damage|p2a: per my last turn|39/100\n|-damage|p1a: Corviknight|50/100|[from] Recoil\n|\n|-heal|p2a: per my last turn|45/100|[from] item: Leftovers\n|-heal|p1a: Corviknight|56/100|[from] item: Leftovers\n|upkeep\n|turn|38\n|\n|t:|1782450562\n|move|p2a: per my last turn|Brave Bird|p1a: Corviknight\n|-resisted|p1a: Corviknight\n|-damage|p1a: Corviknight|45/100\n|-damage|p2a: per my last turn|42/100|[from] Recoil\n|move|p1a: Corviknight|Brave Bird|p2a: per my last turn\n|-resisted|p2a: per my last turn\n|-damage|p2a: per my last turn|27/100\n|-damage|p1a: Corviknight|40/100|[from] Recoil\n|\n|-heal|p2a: per my last turn|33/100|[from] item: Leftovers\n|-heal|p1a: Corviknight|47/100|[from] item: Leftovers\n|upkeep\n|turn|39\n|\n|t:|1782450573\n|move|p2a: per my last turn|Roost|p2a: per my last turn\n|-heal|p2a: per my last turn|83/100\n|-singleturn|p2a: per my last turn|move: Roost\n|move|p1a: Corviknight|Brave Bird|p2a: per my last turn\n|-resisted|p2a: per my last turn\n|-crit|p2a: per my last turn\n|-damage|p2a: per my last turn|62/100\n|-damage|p1a: Corviknight|40/100|[from] Recoil\n|\n|-heal|p2a: per my last turn|68/100|[from] item: Leftovers\n|-heal|p1a: Corviknight|46/100|[from] item: Leftovers\n|upkeep\n|turn|40\n|\n|t:|1782450584\n|move|p2a: per my last turn|Brave Bird|p1a: Corviknight\n|-resisted|p1a: Corviknight\n|-damage|p1a: Corviknight|36/100\n|-damage|p2a: per my last turn|64/100|[from] Recoil\n|move|p1a: Corviknight|Brave Bird|p2a: per my last turn\n|-resisted|p2a: per my last turn\n|-damage|p2a: per my last turn|51/100\n|-damage|p1a: Corviknight|31/100|[from] Recoil\n|\n|-heal|p2a: per my last turn|57/100|[from] item: Leftovers\n|-heal|p1a: Corviknight|37/100|[from] item: Leftovers\n|upkeep\n|turn|41\n|\n|t:|1782450595\n|move|p2a: per my last turn|Brave Bird|p1a: Corviknight\n|-resisted|p1a: Corviknight\n|-damage|p1a: Corviknight|26/100\n|-damage|p2a: per my last turn|53/100|[from] Recoil\n|move|p1a: Corviknight|Brave Bird|p2a: per my last turn\n|-resisted|p2a: per my last turn\n|-damage|p2a: per my last turn|38/100\n|-damage|p1a: Corviknight|21/100|[from] Recoil\n|\n|-heal|p2a: per my last turn|44/100|[from] item: Leftovers\n|-heal|p1a: Corviknight|27/100|[from] item: Leftovers\n|upkeep\n|turn|42\n|\n|t:|1782450610\n|move|p2a: per my last turn|Brave Bird|p1a: Corviknight\n|-resisted|p1a: Corviknight\n|-damage|p1a: Corviknight|16/100\n|-damage|p2a: per my last turn|41/100|[from] Recoil\n|move|p1a: Corviknight|Roost|p1a: Corviknight\n|-heal|p1a: Corviknight|66/100\n|-singleturn|p1a: Corviknight|move: Roost\n|\n|-heal|p2a: per my last turn|47/100|[from] item: Leftovers\n|-heal|p1a: Corviknight|73/100|[from] item: Leftovers\n|upkeep\n|turn|43\n|\n|t:|1782450620\n|move|p2a: per my last turn|Brave Bird|p1a: Corviknight\n|-resisted|p1a: Corviknight\n|-damage|p1a: Corviknight|62/100\n|-damage|p2a: per my last turn|44/100|[from] Recoil\n|move|p1a: Corviknight|Brave Bird|p2a: per my last turn\n|-resisted|p2a: per my last turn\n|-damage|p2a: per my last turn|29/100\n|-damage|p1a: Corviknight|57/100|[from] Recoil\n|\n|-heal|p2a: per my last turn|35/100|[from] item: Leftovers\n|-heal|p1a: Corviknight|64/100|[from] item: Leftovers\n|upkeep\n|turn|44\n|\n|t:|1782450632\n|move|p2a: per my last turn|Defog|p1a: Corviknight\n|-unboost|p1a: Corviknight|evasion|1\n|-sideend|p1: Ashmegatron|Spikes|[from] move: Defog|[of] p2a: per my last turn\n|move|p1a: Corviknight|Brave Bird|p2a: per my last turn\n|-resisted|p2a: per my last turn\n|-damage|p2a: per my last turn|19/100\n|-damage|p1a: Corviknight|58/100|[from] Recoil\n|\n|-heal|p2a: per my last turn|26/100|[from] item: Leftovers\n|-heal|p1a: Corviknight|65/100|[from] item: Leftovers\n|upkeep\n|turn|45\n|\n|t:|1782450643\n|move|p2a: per my last turn|Protect|p2a: per my last turn\n|-singleturn|p2a: per my last turn|Protect\n|move|p1a: Corviknight|Brave Bird|p2a: per my last turn\n|-activate|p2a: per my last turn|move: Protect\n|\n|-heal|p2a: per my last turn|32/100|[from] item: Leftovers\n|-heal|p1a: Corviknight|71/100|[from] item: Leftovers\n|upkeep\n|turn|46\n|\n|t:|1782450651\n|move|p2a: per my last turn|Defog|p1a: Corviknight\n|-unboost|p1a: Corviknight|evasion|1\n|move|p1a: Corviknight|Brave Bird|p2a: per my last turn\n|-resisted|p2a: per my last turn\n|-damage|p2a: per my last turn|18/100\n|-damage|p1a: Corviknight|66/100|[from] Recoil\n|\n|-heal|p2a: per my last turn|25/100|[from] item: Leftovers\n|-heal|p1a: Corviknight|73/100|[from] item: Leftovers\n|upkeep\n|turn|47\n|\n|t:|1782450668\n|move|p2a: per my last turn|Protect|p2a: per my last turn\n|-singleturn|p2a: per my last turn|Protect\n|move|p1a: Corviknight|U-turn|p2a: per my last turn\n|-activate|p2a: per my last turn|move: Protect\n|\n|-heal|p2a: per my last turn|31/100|[from] item: Leftovers\n|-heal|p1a: Corviknight|79/100|[from] item: Leftovers\n|upkeep\n|turn|48\n|\n|t:|1782450676\n|move|p2a: per my last turn|Defog|p1a: Corviknight\n|-unboost|p1a: Corviknight|evasion|1\n|move|p1a: Corviknight|U-turn|p2a: per my last turn\n|-resisted|p2a: per my last turn\n|-damage|p2a: per my last turn|28/100\n|\n|t:|1782450682\n|switch|p1a: Metagross|Metagross, shiny|88/100|[from] U-turn\n|\n|-heal|p2a: per my last turn|34/100|[from] item: Leftovers\n|upkeep\n|turn|49\n|\n|t:|1782450692\n|move|p2a: per my last turn|Protect|p2a: per my last turn\n|-singleturn|p2a: per my last turn|Protect\n|move|p1a: Metagross|Psychic Fangs|p2a: per my last turn\n|-activate|p2a: per my last turn|move: Protect\n|\n|-heal|p2a: per my last turn|41/100|[from] item: Leftovers\n|upkeep\n|turn|50\n|\n|t:|1782450699\n|move|p1a: Metagross|Psychic Fangs|p2a: per my last turn\n|-resisted|p2a: per my last turn\n|-damage|p2a: per my last turn|20/100\n|move|p2a: per my last turn|Roost|p2a: per my last turn\n|-heal|p2a: per my last turn|70/100\n|-singleturn|p2a: per my last turn|move: Roost\n|\n|-heal|p2a: per my last turn|77/100|[from] item: Leftovers\n|upkeep\n|turn|51\n|\n|t:|1782450707\n|move|p1a: Metagross|Psychic Fangs|p2a: per my last turn\n|-resisted|p2a: per my last turn\n|-damage|p2a: per my last turn|56/100\n|move|p2a: per my last turn|Defog||[still]\n|-fail|p1a: Metagross|unboost|[from] ability: Clear Body|[of] p1a: Metagross\n|-fail|p2a: per my last turn\n|\n|-heal|p2a: per my last turn|62/100|[from] item: Leftovers\n|upkeep\n|turn|52\n|\n|t:|1782450716\n|move|p1a: Metagross|Psychic Fangs|p2a: per my last turn\n|-resisted|p2a: per my last turn\n|-damage|p2a: per my last turn|42/100\n|move|p2a: per my last turn|Defog||[still]\n|-fail|p1a: Metagross|unboost|[from] ability: Clear Body|[of] p1a: Metagross\n|-fail|p2a: per my last turn\n|\n|-heal|p2a: per my last turn|48/100|[from] item: Leftovers\n|upkeep\n|turn|53\n|inactive|Battle timer is ON: inactive players will automatically lose when time's up. (requested by Ashmegatron)\n|\n|t:|1782450724\n|move|p2a: per my last turn|Protect|p2a: per my last turn\n|-singleturn|p2a: per my last turn|Protect\n|move|p1a: Metagross|Psychic Fangs|p2a: per my last turn\n|-activate|p2a: per my last turn|move: Protect\n|\n|-heal|p2a: per my last turn|55/100|[from] item: Leftovers\n|upkeep\n|turn|54\n|\n|t:|1782450734\n|move|p1a: Metagross|Heavy Slam|p2a: per my last turn\n|-resisted|p2a: per my last turn\n|-damage|p2a: per my last turn|28/100\n|move|p2a: per my last turn|Defog||[still]\n|-fail|p1a: Metagross|unboost|[from] ability: Clear Body|[of] p1a: Metagross\n|-fail|p2a: per my last turn\n|\n|-heal|p2a: per my last turn|35/100|[from] item: Leftovers\n|upkeep\n|turn|55\n|\n|t:|1782450741\n|move|p1a: Metagross|Heavy Slam|p2a: per my last turn\n|-resisted|p2a: per my last turn\n|-damage|p2a: per my last turn|7/100\n|move|p2a: per my last turn|Roost|p2a: per my last turn\n|-heal|p2a: per my last turn|57/100\n|-singleturn|p2a: per my last turn|move: Roost\n|\n|-heal|p2a: per my last turn|63/100|[from] item: Leftovers\n|upkeep\n|turn|56\n|\n|t:|1782450750\n|move|p2a: per my last turn|Protect|p2a: per my last turn\n|-singleturn|p2a: per my last turn|Protect\n|move|p1a: Metagross|Heavy Slam|p2a: per my last turn\n|-activate|p2a: per my last turn|move: Protect\n|\n|-heal|p2a: per my last turn|69/100|[from] item: Leftovers\n|upkeep\n|turn|57\n|c|☆Ashmegatron|bruh u r the worst\n|\n|t:|1782450758\n|move|p1a: Metagross|Heavy Slam|p2a: per my last turn\n|-resisted|p2a: per my last turn\n|-damage|p2a: per my last turn|42/100\n|move|p2a: per my last turn|Defog||[still]\n|-fail|p1a: Metagross|unboost|[from] ability: Clear Body|[of] p1a: Metagross\n|-fail|p2a: per my last turn\n|\n|-heal|p2a: per my last turn|48/100|[from] item: Leftovers\n|upkeep\n|turn|58\n|\n|t:|1782450766\n|move|p2a: per my last turn|Protect|p2a: per my last turn\n|-singleturn|p2a: per my last turn|Protect\n|move|p1a: Metagross|Heavy Slam|p2a: per my last turn\n|-activate|p2a: per my last turn|move: Protect\n|\n|-heal|p2a: per my last turn|54/100|[from] item: Leftovers\n|upkeep\n|turn|59\n|\n|t:|1782450774\n|move|p1a: Metagross|Heavy Slam|p2a: per my last turn\n|-resisted|p2a: per my last turn\n|-damage|p2a: per my last turn|26/100\n|move|p2a: per my last turn|Defog||[still]\n|-fail|p1a: Metagross|unboost|[from] ability: Clear Body|[of] p1a: Metagross\n|-fail|p2a: per my last turn\n|\n|-heal|p2a: per my last turn|33/100|[from] item: Leftovers\n|upkeep\n|turn|60\n|\n|t:|1782450782\n|move|p2a: per my last turn|Protect|p2a: per my last turn\n|-singleturn|p2a: per my last turn|Protect\n|move|p1a: Metagross|Heavy Slam|p2a: per my last turn\n|-activate|p2a: per my last turn|move: Protect\n|\n|-heal|p2a: per my last turn|39/100|[from] item: Leftovers\n|upkeep\n|turn|61\n|\n|t:|1782450790\n|move|p1a: Metagross|Heavy Slam|p2a: per my last turn\n|-resisted|p2a: per my last turn\n|-damage|p2a: per my last turn|11/100\n|move|p2a: per my last turn|Roost|p2a: per my last turn\n|-heal|p2a: per my last turn|61/100\n|-singleturn|p2a: per my last turn|move: Roost\n|\n|-heal|p2a: per my last turn|67/100|[from] item: Leftovers\n|upkeep\n|turn|62\n|\n|t:|1782450799\n|move|p1a: Metagross|Bullet Punch|p2a: per my last turn\n|-resisted|p2a: per my last turn\n|-damage|p2a: per my last turn|57/100\n|move|p2a: per my last turn|Defog||[still]\n|-fail|p1a: Metagross|unboost|[from] ability: Clear Body|[of] p1a: Metagross\n|-fail|p2a: per my last turn\n|\n|-heal|p2a: per my last turn|63/100|[from] item: Leftovers\n|upkeep\n|turn|63\n|\n|t:|1782450808\n|move|p1a: Metagross|Bullet Punch|p2a: per my last turn\n|-resisted|p2a: per my last turn\n|-crit|p2a: per my last turn\n|-damage|p2a: per my last turn|49/100\n|move|p2a: per my last turn|Defog||[still]\n|-fail|p1a: Metagross|unboost|[from] ability: Clear Body|[of] p1a: Metagross\n|-fail|p2a: per my last turn\n|\n|-heal|p2a: per my last turn|55/100|[from] item: Leftovers\n|upkeep\n|turn|64\n|\n|t:|1782450817\n|move|p1a: Metagross|Bullet Punch|p2a: per my last turn\n|-resisted|p2a: per my last turn\n|-damage|p2a: per my last turn|45/100\n|move|p2a: per my last turn|Defog||[still]\n|-fail|p1a: Metagross|unboost|[from] ability: Clear Body|[of] p1a: Metagross\n|-fail|p2a: per my last turn\n|\n|-heal|p2a: per my last turn|51/100|[from] item: Leftovers\n|upkeep\n|turn|65\n|\n|t:|1782450825\n|move|p1a: Metagross|Bullet Punch|p2a: per my last turn\n|-resisted|p2a: per my last turn\n|-damage|p2a: per my last turn|41/100\n|move|p2a: per my last turn|Defog||[still]\n|-fail|p1a: Metagross|unboost|[from] ability: Clear Body|[of] p1a: Metagross\n|-fail|p2a: per my last turn\n|\n|-heal|p2a: per my last turn|48/100|[from] item: Leftovers\n|upkeep\n|turn|66\n|\n|t:|1782450833\n|move|p1a: Metagross|Bullet Punch|p2a: per my last turn\n|-resisted|p2a: per my last turn\n|-crit|p2a: per my last turn\n|-damage|p2a: per my last turn|33/100\n|move|p2a: per my last turn|Defog||[still]\n|-fail|p1a: Metagross|unboost|[from] ability: Clear Body|[of] p1a: Metagross\n|-fail|p2a: per my last turn\n|\n|-heal|p2a: per my last turn|39/100|[from] item: Leftovers\n|upkeep\n|turn|67\n|\n|t:|1782450842\n|move|p1a: Metagross|Bullet Punch|p2a: per my last turn\n|-resisted|p2a: per my last turn\n|-damage|p2a: per my last turn|29/100\n|move|p2a: per my last turn|Defog||[still]\n|-fail|p1a: Metagross|unboost|[from] ability: Clear Body|[of] p1a: Metagross\n|-fail|p2a: per my last turn\n|\n|-heal|p2a: per my last turn|36/100|[from] item: Leftovers\n|upkeep\n|turn|68\n|\n|t:|1782450850\n|move|p1a: Metagross|Bullet Punch|p2a: per my last turn\n|-resisted|p2a: per my last turn\n|-damage|p2a: per my last turn|26/100\n|move|p2a: per my last turn|Defog||[still]\n|-fail|p1a: Metagross|unboost|[from] ability: Clear Body|[of] p1a: Metagross\n|-fail|p2a: per my last turn\n|\n|-heal|p2a: per my last turn|32/100|[from] item: Leftovers\n|upkeep\n|turn|69\n|\n|t:|1782450857\n|move|p1a: Metagross|Bullet Punch|p2a: per my last turn\n|-resisted|p2a: per my last turn\n|-damage|p2a: per my last turn|23/100\n|move|p2a: per my last turn|Defog||[still]\n|-fail|p1a: Metagross|unboost|[from] ability: Clear Body|[of] p1a: Metagross\n|-fail|p2a: per my last turn\n|\n|-heal|p2a: per my last turn|29/100|[from] item: Leftovers\n|upkeep\n|turn|70\n|\n|t:|1782450865\n|move|p1a: Metagross|Bullet Punch|p2a: per my last turn\n|-resisted|p2a: per my last turn\n|-damage|p2a: per my last turn|20/100\n|move|p2a: per my last turn|Defog||[still]\n|-fail|p1a: Metagross|unboost|[from] ability: Clear Body|[of] p1a: Metagross\n|-fail|p2a: per my last turn\n|\n|-heal|p2a: per my last turn|26/100|[from] item: Leftovers\n|upkeep\n|turn|71\n|\n|t:|1782450873\n|move|p1a: Metagross|Bullet Punch|p2a: per my last turn\n|-resisted|p2a: per my last turn\n|-damage|p2a: per my last turn|17/100\n|move|p2a: per my last turn|Defog||[still]\n|-fail|p1a: Metagross|unboost|[from] ability: Clear Body|[of] p1a: Metagross\n|-fail|p2a: per my last turn\n|\n|-heal|p2a: per my last turn|23/100|[from] item: Leftovers\n|upkeep\n|turn|72\n|\n|t:|1782450881\n|move|p1a: Metagross|Bullet Punch|p2a: per my last turn\n|-resisted|p2a: per my last turn\n|-damage|p2a: per my last turn|13/100\n|move|p2a: per my last turn|Roost|p2a: per my last turn\n|-heal|p2a: per my last turn|63/100\n|-singleturn|p2a: per my last turn|move: Roost\n|\n|-heal|p2a: per my last turn|69/100|[from] item: Leftovers\n|upkeep\n|turn|73\n|\n|t:|1782450891\n|move|p1a: Metagross|Bullet Punch|p2a: per my last turn\n|-resisted|p2a: per my last turn\n|-damage|p2a: per my last turn|60/100\n|move|p2a: per my last turn|Defog||[still]\n|-fail|p1a: Metagross|unboost|[from] ability: Clear Body|[of] p1a: Metagross\n|-fail|p2a: per my last turn\n|\n|-heal|p2a: per my last turn|66/100|[from] item: Leftovers\n|upkeep\n|turn|74\n|\n|t:|1782450901\n|switch|p1a: Garchomp|Garchomp, M|65/100\n|move|p2a: per my last turn|Defog|p1a: Garchomp\n|-unboost|p1a: Garchomp|evasion|1\n|\n|-heal|p2a: per my last turn|72/100|[from] item: Leftovers\n|upkeep\n|turn|75\n|\n|t:|1782450912\n|move|p1a: Garchomp|Stealth Rock|p2a: per my last turn\n|-sidestart|p2: aaaurelias|move: Stealth Rock\n|move|p2a: per my last turn|Defog|p1a: Garchomp\n|-unboost|p1a: Garchomp|evasion|1\n|-sideend|p2: aaaurelias|Stealth Rock|[from] move: Defog|[of] p2a: per my last turn\n|\n|-heal|p2a: per my last turn|79/100|[from] item: Leftovers\n|upkeep\n|turn|76\n|\n|t:|1782450919\n|-activate|p2a: per my last turn|move: Struggle\n|move|p2a: per my last turn|Struggle|p1a: Garchomp\n|-damage|p1a: Garchomp|59/100\n|-damage|p2a: per my last turn|66/100|[from] ability: Rough Skin|[of] p1a: Garchomp\n|-damage|p2a: per my last turn|50/100|[from] item: Rocky Helmet|[of] p1a: Garchomp\n|-damage|p2a: per my last turn|25/100|[from] recoil\n|move|p1a: Garchomp|Dragon Tail|p2a: per my last turn\n|-resisted|p2a: per my last turn\n|-damage|p2a: per my last turn|15/100\n|\n|-heal|p2a: per my last turn|21/100|[from] item: Leftovers\n|upkeep\n|turn|77\n|\n|t:|1782450936\n|move|p1a: Garchomp|Spikes|p2a: per my last turn\n|-sidestart|p2: aaaurelias|Spikes\n|-activate|p2a: per my last turn|move: Struggle\n|move|p2a: per my last turn|Struggle|p1a: Garchomp\n|-damage|p1a: Garchomp|52/100\n|-damage|p2a: per my last turn|9/100|[from] ability: Rough Skin|[of] p1a: Garchomp\n|-damage|p2a: per my last turn|0 fnt|[from] item: Rocky Helmet|[of] p1a: Garchomp\n|faint|p2a: per my last turn\n|\n|win|Ashmegatron\n|raw|Ashmegatron's rating: 1000 &rarr; <strong>1040</strong><br />(+40 for winning)\n|raw|aaaurelias's rating: 1000 &rarr; <strong>1000</strong><br />(+0 for losing)\n", "uploadtime": 1782450946, "views": 7, "formatid": "gen9ou", "rating": 1000, "private": 0, "password": null}