{"id": "gen9ou-2647698611", "format": "[Gen 9] OU", "players": ["whodidwhatwhy", "ClownRin"], "log": "|j|☆whodidwhatwhy\n|j|☆ClownRin\n|t:|1783798137\n|gametype|singles\n|player|p1|whodidwhatwhy|2|1481\n|player|p2|ClownRin|swimmerf-gen4|1520\n|gen|9\n|tier|[Gen 9] OU\n|rated|\n|rule|HP Percentage Mod: HP is shown in percentages\n|rule|Endless Battle Clause: Forcing endless battles is banned\n|rule|Species Clause: Limit one of each Pokémon\n|rule|OHKO Clause: OHKO moves are banned\n|rule|Evasion Items Clause: Evasion items are banned\n|rule|Evasion Moves Clause: Evasion moves are banned\n|rule|Evasion Abilities Clause: Evasion abilities are banned\n|rule|Sleep Moves Clause: Sleep-inducing moves are banned\n|clearpoke\n|poke|p1|Scream Tail|\n|poke|p1|Samurott-Hisui, M|\n|poke|p1|Garganacl, F|\n|poke|p1|Jirachi|\n|poke|p1|Ursaluna, M|\n|poke|p1|Kingambit, F|\n|poke|p2|Darkrai|\n|poke|p2|Dragapult, M|\n|poke|p2|Ogerpon-Wellspring, F|\n|poke|p2|Corviknight, M|\n|poke|p2|Great Tusk|\n|poke|p2|Slowking-Galar, F|\n|teampreview\n|\n|t:|1783798159\n|teamsize|p1|6\n|teamsize|p2|6\n|start\n|switch|p1a: Jirachi|Jirachi|100/100\n|switch|p2a: Cornelius|Ogerpon-Wellspring, F|100/100\n|turn|1\n|\n|t:|1783798163\n|move|p1a: Jirachi|U-turn|p2a: Cornelius\n|-supereffective|p2a: Cornelius\n|-damage|p2a: Cornelius|49/100\n|\n|t:|1783798166\n|switch|p1a: Scream Tail|Scream Tail|100/100|[from] U-turn\n|move|p2a: Cornelius|Knock Off|p1a: Scream Tail\n|-damage|p1a: Scream Tail|66/100\n|-enditem|p1a: Scream Tail|Leftovers|[from] move: Knock Off|[of] p2a: Cornelius\n|\n|upkeep\n|turn|2\n|\n|t:|1783798171\n|switch|p2a: bob|Slowking-Galar, F, shiny|100/100\n|move|p1a: Scream Tail|Wish|p1a: Scream Tail\n|\n|upkeep\n|turn|3\n|\n|t:|1783798175\n|-end|p1a: Scream Tail|Protosynthesis|[silent]\n|switch|p1a: Samurott|Samurott-Hisui, M|100/100\n|move|p2a: bob|Sludge Bomb|p1a: Samurott\n|-crit|p1a: Samurott\n|-damage|p1a: Samurott|58/100\n|\n|-heal|p1a: Samurott|100/100|[from] move: Wish|[wisher] Scream Tail\n|upkeep\n|turn|4\n|\n|t:|1783798181\n|switch|p2a: 6 7 LOLOLOL|Corviknight, M, shiny|100/100\n|-ability|p2a: 6 7 LOLOLOL|Pressure\n|move|p1a: Samurott|Razor Shell|p2a: 6 7 LOLOLOL\n|-damage|p2a: 6 7 LOLOLOL|70/100\n|-damage|p1a: Samurott|84/100|[from] item: Rocky Helmet|[of] p2a: 6 7 LOLOLOL\n|\n|upkeep\n|turn|5\n|\n|t:|1783798190\n|switch|p1a: Garganacl|Garganacl, F|100/100\n|move|p2a: 6 7 LOLOLOL|Roost|p2a: 6 7 LOLOLOL\n|-heal|p2a: 6 7 LOLOLOL|100/100\n|-singleturn|p2a: 6 7 LOLOLOL|move: Roost\n|\n|upkeep\n|turn|6\n|\n|t:|1783798194\n|move|p2a: 6 7 LOLOLOL|U-turn|p1a: Garganacl\n|-crit|p1a: Garganacl\n|-damage|p1a: Garganacl|88/100\n|\n|t:|1783798198\n|switch|p2a: BLOX FRUITS 🫱🏽|Great Tusk, shiny|100/100|[from] U-turn\n|move|p1a: Garganacl|Salt Cure|p2a: BLOX FRUITS 🫱🏽\n|-resisted|p2a: BLOX FRUITS 🫱🏽\n|-damage|p2a: BLOX FRUITS 🫱🏽|98/100\n|-start|p2a: BLOX FRUITS 🫱🏽|Salt Cure\n|\n|-heal|p1a: Garganacl|94/100|[from] item: Leftovers\n|-damage|p2a: BLOX FRUITS 🫱🏽|85/100|[from] Salt Cure\n|upkeep\n|turn|7\n|\n|t:|1783798207\n|-terastallize|p1a: Garganacl|Water\n|move|p2a: BLOX FRUITS 🫱🏽|Stealth Rock|p1a: Garganacl\n|-sidestart|p1: whodidwhatwhy|move: Stealth Rock\n|move|p1a: Garganacl|Stealth Rock|p2a: BLOX FRUITS 🫱🏽\n|-sidestart|p2: ClownRin|move: Stealth Rock\n|\n|-heal|p1a: Garganacl|99/100|[from] item: Leftovers\n|-damage|p2a: BLOX FRUITS 🫱🏽|73/100|[from] Salt Cure\n|upkeep\n|turn|8\n|\n|t:|1783798212\n|move|p1a: Garganacl|Protect|p1a: Garganacl\n|-singleturn|p1a: Garganacl|Protect\n|move|p2a: BLOX FRUITS 🫱🏽|Rapid Spin|p1a: Garganacl\n|-activate|p1a: Garganacl|move: Protect\n|\n|-heal|p1a: Garganacl|100/100|[from] item: Leftovers\n|-damage|p2a: BLOX FRUITS 🫱🏽|61/100|[from] Salt Cure\n|upkeep\n|turn|9\n|\n|t:|1783798214\n|move|p2a: BLOX FRUITS 🫱🏽|Rapid Spin|p1a: Garganacl\n|-damage|p1a: Garganacl|89/100\n|-boost|p2a: BLOX FRUITS 🫱🏽|spe|1\n|-sideend|p2: ClownRin|Stealth Rock|[from] move: Rapid Spin|[of] p2a: BLOX FRUITS 🫱🏽\n|move|p1a: Garganacl|Stealth Rock|p2a: BLOX FRUITS 🫱🏽\n|-sidestart|p2: ClownRin|move: Stealth Rock\n|\n|-heal|p1a: Garganacl|95/100|[from] item: Leftovers\n|-damage|p2a: BLOX FRUITS 🫱🏽|48/100|[from] Salt Cure\n|upkeep\n|turn|10\n|\n|t:|1783798220\n|-end|p2a: BLOX FRUITS 🫱🏽|Protosynthesis|[silent]\n|switch|p2a: MANGOOO|Darkrai, shiny|100/100\n|-damage|p2a: MANGOOO|88/100|[from] Stealth Rock\n|move|p1a: Garganacl|Stealth Rock||[still]\n|-fail|p1a: Garganacl\n|\n|-heal|p1a: Garganacl|100/100|[from] item: Leftovers\n|upkeep\n|turn|11\n|\n|t:|1783798227\n|switch|p1a: Samurott|Samurott-Hisui, M|84/100\n|-damage|p1a: Samurott|72/100|[from] Stealth Rock\n|-terastallize|p2a: MANGOOO|Dark\n|move|p2a: MANGOOO|Dark Pulse|p1a: Samurott\n|-resisted|p1a: Samurott\n|-damage|p1a: Samurott|39/100\n|\n|upkeep\n|turn|12\n|\n|t:|1783798235\n|switch|p2a: 6 7 LOLOLOL|Corviknight, M, shiny|100/100\n|-damage|p2a: 6 7 LOLOLOL|88/100|[from] Stealth Rock\n|-ability|p2a: 6 7 LOLOLOL|Pressure\n|move|p1a: Samurott|Sacred Sword|p2a: 6 7 LOLOLOL\n|-damage|p2a: 6 7 LOLOLOL|64/100\n|-damage|p1a: Samurott|23/100|[from] item: Rocky Helmet|[of] p2a: 6 7 LOLOLOL\n|\n|upkeep\n|turn|13\n|\n|t:|1783798238\n|move|p1a: Samurott|Knock Off|p2a: 6 7 LOLOLOL\n|-damage|p2a: 6 7 LOLOLOL|40/100\n|-damage|p1a: Samurott|7/100|[from] item: Rocky Helmet|[of] p2a: 6 7 LOLOLOL\n|-enditem|p2a: 6 7 LOLOLOL|Rocky Helmet|[from] move: Knock Off|[of] p1a: Samurott\n|move|p2a: 6 7 LOLOLOL|U-turn|p1a: Samurott\n|-supereffective|p1a: Samurott\n|-damage|p1a: Samurott|0 fnt\n|faint|p1a: Samurott\n|\n|t:|1783798243\n|switch|p2a: BOIII SUSSY|Dragapult, M, shiny|100/100|[from] U-turn\n|\n|upkeep\n|\n|t:|1783798246\n|switch|p1a: Garganacl|Garganacl, F, tera:Water|100/100\n|-damage|p1a: Garganacl|88/100|[from] Stealth Rock\n|turn|14\n|\n|t:|1783798249\n|move|p2a: BOIII SUSSY|U-turn|p1a: Garganacl\n|-damage|p1a: Garganacl|76/100\n|\n|t:|1783798251\n|switch|p2a: Cornelius|Ogerpon-Wellspring, F|49/100|[from] U-turn\n|-damage|p2a: Cornelius|36/100|[from] Stealth Rock\n|move|p1a: Garganacl|Salt Cure|p2a: Cornelius\n|-crit|p2a: Cornelius\n|-damage|p2a: Cornelius|10/100\n|-start|p2a: Cornelius|Salt Cure\n|\n|-heal|p1a: Garganacl|82/100|[from] item: Leftovers\n|-damage|p2a: Cornelius|0 fnt|[from] Salt Cure\n|faint|p2a: Cornelius\n|upkeep\n|\n|t:|1783798255\n|switch|p2a: MANGOOO|Darkrai, shiny, tera:Dark|88/100\n|-damage|p2a: MANGOOO|76/100|[from] Stealth Rock\n|turn|15\n|\n|t:|1783798258\n|move|p1a: Garganacl|Protect|p1a: Garganacl\n|-singleturn|p1a: Garganacl|Protect\n|move|p2a: MANGOOO|Dark Pulse|p1a: Garganacl\n|-activate|p1a: Garganacl|move: Protect\n|\n|-heal|p1a: Garganacl|89/100|[from] item: Leftovers\n|upkeep\n|turn|16\n|\n|t:|1783798263\n|switch|p1a: Kingambit|Kingambit, F|100/100\n|-damage|p1a: Kingambit|94/100|[from] Stealth Rock\n|-activate|p1a: Kingambit|ability: Supreme Overlord\n|-start|p1a: Kingambit|fallen1|[silent]\n|move|p2a: MANGOOO|Dark Pulse|p1a: Kingambit\n|-resisted|p1a: Kingambit\n|-damage|p1a: Kingambit|42/100\n|\n|-heal|p1a: Kingambit|48/100|[from] item: Leftovers\n|upkeep\n|turn|17\n|\n|t:|1783798273\n|move|p1a: Kingambit|Sucker Punch|p2a: MANGOOO\n|-resisted|p2a: MANGOOO\n|-damage|p2a: MANGOOO|47/100\n|move|p2a: MANGOOO|Dark Pulse|p1a: Kingambit\n|-resisted|p1a: Kingambit\n|-damage|p1a: Kingambit|0 fnt\n|faint|p1a: Kingambit\n|-end|p1a: Kingambit|fallen1|[silent]\n|\n|upkeep\n|\n|t:|1783798280\n|switch|p1a: Jirachi|Jirachi|100/100\n|-damage|p1a: Jirachi|94/100|[from] Stealth Rock\n|turn|18\n|\n|t:|1783798284\n|switch|p2a: 6 7 LOLOLOL|Corviknight, M, shiny|40/100\n|-damage|p2a: 6 7 LOLOLOL|28/100|[from] Stealth Rock\n|-ability|p2a: 6 7 LOLOLOL|Pressure\n|move|p1a: Jirachi|U-turn|p2a: 6 7 LOLOLOL\n|-resisted|p2a: 6 7 LOLOLOL\n|-damage|p2a: 6 7 LOLOLOL|25/100\n|\n|t:|1783798293\n|switch|p1a: Garganacl|Garganacl, F, tera:Water|89/100|[from] U-turn\n|-damage|p1a: Garganacl|76/100|[from] Stealth Rock\n|\n|-heal|p1a: Garganacl|82/100|[from] item: Leftovers\n|upkeep\n|turn|19\n|\n|t:|1783798296\n|move|p2a: 6 7 LOLOLOL|Roost|p2a: 6 7 LOLOLOL\n|-heal|p2a: 6 7 LOLOLOL|75/100\n|-singleturn|p2a: 6 7 LOLOLOL|move: Roost\n|move|p1a: Garganacl|Salt Cure|p2a: 6 7 LOLOLOL\n|-resisted|p2a: 6 7 LOLOLOL\n|-damage|p2a: 6 7 LOLOLOL|71/100\n|-start|p2a: 6 7 LOLOLOL|Salt Cure\n|\n|-heal|p1a: Garganacl|89/100|[from] item: Leftovers\n|-damage|p2a: 6 7 LOLOLOL|46/100|[from] Salt Cure\n|upkeep\n|turn|20\n|\n|t:|1783798299\n|move|p1a: Garganacl|Protect|p1a: Garganacl\n|-singleturn|p1a: Garganacl|Protect\n|move|p2a: 6 7 LOLOLOL|Roost|p2a: 6 7 LOLOLOL\n|-heal|p2a: 6 7 LOLOLOL|96/100\n|-singleturn|p2a: 6 7 LOLOLOL|move: Roost\n|\n|-heal|p1a: Garganacl|95/100|[from] item: Leftovers\n|-damage|p2a: 6 7 LOLOLOL|71/100|[from] Salt Cure\n|upkeep\n|turn|21\n|\n|t:|1783798303\n|move|p2a: 6 7 LOLOLOL|U-turn|p1a: Garganacl\n|-damage|p1a: Garganacl|86/100\n|\n|t:|1783798306\n|switch|p2a: BLOX FRUITS 🫱🏽|Great Tusk, shiny|48/100|[from] U-turn\n|move|p1a: Garganacl|Stealth Rock||[still]\n|-fail|p1a: Garganacl\n|\n|-heal|p1a: Garganacl|92/100|[from] item: Leftovers\n|upkeep\n|turn|22\n|\n|t:|1783798310\n|move|p2a: BLOX FRUITS 🫱🏽|Rapid Spin|p1a: Garganacl\n|-damage|p1a: Garganacl|80/100\n|-boost|p2a: BLOX FRUITS 🫱🏽|spe|1\n|-sideend|p2: ClownRin|Stealth Rock|[from] move: Rapid Spin|[of] p2a: BLOX FRUITS 🫱🏽\n|move|p1a: Garganacl|Salt Cure|p2a: BLOX FRUITS 🫱🏽\n|-resisted|p2a: BLOX FRUITS 🫱🏽\n|-damage|p2a: BLOX FRUITS 🫱🏽|46/100\n|-start|p2a: BLOX FRUITS 🫱🏽|Salt Cure\n|\n|-heal|p1a: Garganacl|86/100|[from] item: Leftovers\n|-damage|p2a: BLOX FRUITS 🫱🏽|33/100|[from] Salt Cure\n|upkeep\n|turn|23\n|\n|t:|1783798315\n|move|p2a: BLOX FRUITS 🫱🏽|Headlong Rush|p1a: Garganacl\n|-damage|p1a: Garganacl|47/100\n|-unboost|p2a: BLOX FRUITS 🫱🏽|def|1\n|-unboost|p2a: BLOX FRUITS 🫱🏽|spd|1\n|move|p1a: Garganacl|Stealth Rock|p2a: BLOX FRUITS 🫱🏽\n|-sidestart|p2: ClownRin|move: Stealth Rock\n|\n|-heal|p1a: Garganacl|53/100|[from] item: Leftovers\n|-damage|p2a: BLOX FRUITS 🫱🏽|21/100|[from] Salt Cure\n|upkeep\n|turn|24\n|\n|t:|1783798320\n|move|p2a: BLOX FRUITS 🫱🏽|Headlong Rush|p1a: Garganacl\n|-damage|p1a: Garganacl|13/100\n|-unboost|p2a: BLOX FRUITS 🫱🏽|def|1\n|-unboost|p2a: BLOX FRUITS 🫱🏽|spd|1\n|move|p1a: Garganacl|Recover|p1a: Garganacl\n|-heal|p1a: Garganacl|63/100\n|\n|-heal|p1a: Garganacl|69/100|[from] item: Leftovers\n|-damage|p2a: BLOX FRUITS 🫱🏽|9/100|[from] Salt Cure\n|upkeep\n|turn|25\n|\n|t:|1783798324\n|move|p2a: BLOX FRUITS 🫱🏽|Headlong Rush|p1a: Garganacl\n|-damage|p1a: Garganacl|30/100\n|-unboost|p2a: BLOX FRUITS 🫱🏽|def|1\n|-unboost|p2a: BLOX FRUITS 🫱🏽|spd|1\n|move|p1a: Garganacl|Recover|p1a: Garganacl\n|-heal|p1a: Garganacl|80/100\n|\n|-heal|p1a: Garganacl|86/100|[from] item: Leftovers\n|-damage|p2a: BLOX FRUITS 🫱🏽|0 fnt|[from] Salt Cure\n|faint|p2a: BLOX FRUITS 🫱🏽\n|-end|p2a: BLOX FRUITS 🫱🏽|Protosynthesis|[silent]\n|upkeep\n|\n|t:|1783798329\n|switch|p2a: bob|Slowking-Galar, F, shiny|100/100\n|-damage|p2a: bob|88/100|[from] Stealth Rock\n|turn|26\n|\n|t:|1783798333\n|move|p1a: Garganacl|Salt Cure|p2a: bob\n|-damage|p2a: bob|75/100\n|-start|p2a: bob|Salt Cure\n|move|p2a: bob|Sludge Bomb|p1a: Garganacl\n|-damage|p1a: Garganacl|56/100\n|\n|-heal|p1a: Garganacl|62/100|[from] item: Leftovers\n|-damage|p2a: bob|62/100|[from] Salt Cure\n|upkeep\n|turn|27\n|\n|t:|1783798339\n|switch|p2a: MANGOOO|Darkrai, shiny, tera:Dark|47/100\n|-damage|p2a: MANGOOO|35/100|[from] Stealth Rock\n|move|p1a: Garganacl|Recover|p1a: Garganacl\n|-heal|p1a: Garganacl|100/100\n|\n|upkeep\n|turn|28\n|\n|t:|1783798344\n|move|p2a: MANGOOO|Trick|p1a: Garganacl\n|-activate|p2a: MANGOOO|move: Trick|[of] p1a: Garganacl\n|-item|p1a: Garganacl|Choice Specs|[from] move: Trick\n|-item|p2a: MANGOOO|Leftovers|[from] move: Trick\n|move|p1a: Garganacl|Salt Cure|p2a: MANGOOO\n|-damage|p2a: MANGOOO|15/100\n|-start|p2a: MANGOOO|Salt Cure\n|\n|-heal|p2a: MANGOOO|21/100|[from] item: Leftovers\n|-damage|p2a: MANGOOO|9/100|[from] Salt Cure\n|upkeep\n|turn|29\n|\n|t:|1783798352\n|switch|p1a: Scream Tail|Scream Tail|66/100\n|-damage|p1a: Scream Tail|53/100|[from] Stealth Rock\n|move|p2a: MANGOOO|Dark Pulse|p1a: Scream Tail\n|-damage|p1a: Scream Tail|12/100\n|\n|-heal|p2a: MANGOOO|15/100|[from] item: Leftovers\n|-damage|p2a: MANGOOO|3/100|[from] Salt Cure\n|upkeep\n|turn|30\n|\n|t:|1783798361\n|move|p2a: MANGOOO|Dark Pulse|p1a: Scream Tail\n|-damage|p1a: Scream Tail|0 fnt\n|faint|p1a: Scream Tail\n|-end|p1a: Scream Tail|Protosynthesis|[silent]\n|\n|-heal|p2a: MANGOOO|9/100|[from] item: Leftovers\n|-damage|p2a: MANGOOO|0 fnt|[from] Salt Cure\n|faint|p2a: MANGOOO\n|upkeep\n|\n|t:|1783798367\n|switch|p2a: BOIII SUSSY|Dragapult, M, shiny|100/100\n|switch|p1a: Jirachi|Jirachi|94/100\n|-damage|p1a: Jirachi|88/100|[from] Stealth Rock\n|turn|31\n|\n|t:|1783798376\n|move|p1a: Jirachi|Trick|p2a: BOIII SUSSY\n|-activate|p1a: Jirachi|move: Trick|[of] p2a: BOIII SUSSY\n|-item|p2a: BOIII SUSSY|Choice Scarf|[from] move: Trick\n|-item|p1a: Jirachi|Heavy-Duty Boots|[from] move: Trick\n|move|p2a: BOIII SUSSY|U-turn|p1a: Jirachi\n|-damage|p1a: Jirachi|68/100\n|\n|t:|1783798381\n|switch|p2a: bob|Slowking-Galar, F, shiny|96/100|[from] U-turn\n|-damage|p2a: bob|83/100|[from] Stealth Rock\n|\n|upkeep\n|turn|32\n|\n|t:|1783798385\n|move|p1a: Jirachi|Iron Head|p2a: bob\n|-damage|p2a: bob|49/100\n|cant|p2a: bob|flinch\n|\n|upkeep\n|turn|33\n|\n|t:|1783798388\n|move|p1a: Jirachi|Iron Head|p2a: bob\n|-damage|p2a: bob|14/100\n|cant|p2a: bob|flinch\n|\n|upkeep\n|turn|34\n|\n|t:|1783798392\n|switch|p2a: 6 7 LOLOLOL|Corviknight, M, shiny|71/100\n|-damage|p2a: 6 7 LOLOLOL|59/100|[from] Stealth Rock\n|-ability|p2a: 6 7 LOLOLOL|Pressure\n|move|p1a: Jirachi|Iron Head|p2a: 6 7 LOLOLOL\n|-resisted|p2a: 6 7 LOLOLOL\n|-damage|p2a: 6 7 LOLOLOL|49/100\n|\n|upkeep\n|turn|35\n|\n|t:|1783798398\n|move|p1a: Jirachi|U-turn|p2a: 6 7 LOLOLOL\n|-resisted|p2a: 6 7 LOLOLOL\n|-damage|p2a: 6 7 LOLOLOL|46/100\n|\n|t:|1783798401\n|switch|p1a: Ursaluna|Ursaluna, M, shiny|100/100|[from] U-turn\n|-damage|p1a: Ursaluna|94/100|[from] Stealth Rock\n|move|p2a: 6 7 LOLOLOL|Iron Defense|p2a: 6 7 LOLOLOL\n|-boost|p2a: 6 7 LOLOLOL|def|2\n|\n|-heal|p1a: Ursaluna|100/100|[from] item: Leftovers\n|upkeep\n|turn|36\n|\n|t:|1783798408\n|switch|p1a: Garganacl|Garganacl, F, tera:Water|100/100\n|-damage|p1a: Garganacl|88/100|[from] Stealth Rock\n|move|p2a: 6 7 LOLOLOL|Body Press|p1a: Garganacl\n|-damage|p1a: Garganacl|54/100\n|\n|upkeep\n|turn|37\n|\n|t:|1783798413\n|move|p2a: 6 7 LOLOLOL|Roost|p2a: 6 7 LOLOLOL\n|-heal|p2a: 6 7 LOLOLOL|96/100\n|-singleturn|p2a: 6 7 LOLOLOL|move: Roost\n|move|p1a: Garganacl|Salt Cure|p2a: 6 7 LOLOLOL\n|-resisted|p2a: 6 7 LOLOLOL\n|-damage|p2a: 6 7 LOLOLOL|93/100\n|-start|p2a: 6 7 LOLOLOL|Salt Cure\n|\n|-damage|p2a: 6 7 LOLOLOL|69/100|[from] Salt Cure\n|upkeep\n|turn|38\n|\n|t:|1783798417\n|switch|p1a: Jirachi|Jirachi|68/100\n|move|p2a: 6 7 LOLOLOL|Iron Defense|p2a: 6 7 LOLOLOL\n|-boost|p2a: 6 7 LOLOLOL|def|2\n|\n|-damage|p2a: 6 7 LOLOLOL|44/100|[from] Salt Cure\n|upkeep\n|turn|39\n|\n|t:|1783798421\n|move|p1a: Jirachi|Iron Head|p2a: 6 7 LOLOLOL\n|-resisted|p2a: 6 7 LOLOLOL\n|-damage|p2a: 6 7 LOLOLOL|40/100\n|move|p2a: 6 7 LOLOLOL|Roost|p2a: 6 7 LOLOLOL\n|-heal|p2a: 6 7 LOLOLOL|90/100\n|-singleturn|p2a: 6 7 LOLOLOL|move: Roost\n|\n|-damage|p2a: 6 7 LOLOLOL|66/100|[from] Salt Cure\n|upkeep\n|turn|40\n|\n|t:|1783798425\n|move|p1a: Jirachi|Iron Head|p2a: 6 7 LOLOLOL\n|-resisted|p2a: 6 7 LOLOLOL\n|-damage|p2a: 6 7 LOLOLOL|62/100\n|cant|p2a: 6 7 LOLOLOL|flinch\n|\n|-damage|p2a: 6 7 LOLOLOL|38/100|[from] Salt Cure\n|upkeep\n|turn|41\n|\n|t:|1783798430\n|move|p1a: Jirachi|Iron Head|p2a: 6 7 LOLOLOL\n|-resisted|p2a: 6 7 LOLOLOL\n|-damage|p2a: 6 7 LOLOLOL|34/100\n|cant|p2a: 6 7 LOLOLOL|flinch\n|\n|-damage|p2a: 6 7 LOLOLOL|10/100|[from] Salt Cure\n|upkeep\n|turn|42\n|\n|t:|1783798435\n|move|p1a: Jirachi|Psychic|p2a: 6 7 LOLOLOL\n|-resisted|p2a: 6 7 LOLOLOL\n|-damage|p2a: 6 7 LOLOLOL|0 fnt\n|faint|p2a: 6 7 LOLOLOL\n|\n|upkeep\n|c|☆ClownRin|Ig\n|\n|t:|1783798441\n|switch|p2a: BOIII SUSSY|Dragapult, M, shiny|100/100\n|-damage|p2a: BOIII SUSSY|88/100|[from] Stealth Rock\n|turn|43\n|\n|t:|1783798449\n|move|p2a: BOIII SUSSY|Hex|p1a: Jirachi\n|-supereffective|p1a: Jirachi\n|-damage|p1a: Jirachi|15/100\n|move|p1a: Jirachi|Psychic|p2a: BOIII SUSSY\n|-damage|p2a: BOIII SUSSY|43/100\n|\n|upkeep\n|turn|44\n|\n|t:|1783798453\n|switch|p1a: Ursaluna|Ursaluna, M, shiny|100/100\n|-damage|p1a: Ursaluna|94/100|[from] Stealth Rock\n|move|p2a: BOIII SUSSY|Hex|p1a: Ursaluna\n|-immune|p1a: Ursaluna\n|\n|-heal|p1a: Ursaluna|100/100|[from] item: Leftovers\n|upkeep\n|turn|45\n|\n|t:|1783798455\n|switch|p2a: bob|Slowking-Galar, F, shiny|48/100\n|-damage|p2a: bob|35/100|[from] Stealth Rock\n|move|p1a: Ursaluna|Bulk Up|p1a: Ursaluna\n|-boost|p1a: Ursaluna|atk|1\n|-boost|p1a: Ursaluna|def|1\n|\n|upkeep\n|turn|46\n|\n|t:|1783798457\n|move|p1a: Ursaluna|Earthquake|p2a: bob\n|-supereffective|p2a: bob\n|-damage|p2a: bob|0 fnt\n|faint|p2a: bob\n|\n|upkeep\n|\n|t:|1783798459\n|switch|p2a: BOIII SUSSY|Dragapult, M, shiny|43/100\n|-damage|p2a: BOIII SUSSY|31/100|[from] Stealth Rock\n|turn|47\n|\n|t:|1783798461\n|move|p2a: BOIII SUSSY|Will-O-Wisp|p1a: Ursaluna\n|-status|p1a: Ursaluna|brn\n|move|p1a: Ursaluna|Ice Punch|p2a: BOIII SUSSY\n|-supereffective|p2a: BOIII SUSSY\n|-damage|p2a: BOIII SUSSY|0 fnt\n|faint|p2a: BOIII SUSSY\n|\n|win|whodidwhatwhy\n|raw|whodidwhatwhy's rating: 1481 &rarr; <strong>1503</strong><br />(+22 for winning)\n|raw|ClownRin's rating: 1520 &rarr; <strong>1498</strong><br />(-22 for losing)\n|l|☆ClownRin\n|player|p2|\n|l|☆whodidwhatwhy\n|player|p1|\n", "uploadtime": 1783798702, "views": 16, "formatid": "gen9ou", "rating": 1498, "private": 0, "password": null}