{"id": "gen9ou-2647756080", "format": "[Gen 9] OU", "players": ["JoYuKneekYT", "OUBotBeepBoop"], "log": "|j|☆JoYuKneekYT\n|j|☆OUBotBeepBoop\n|t:|1783807195\n|gametype|singles\n|player|p1|JoYuKneekYT|cynthia|1226\n|player|p2|OUBotBeepBoop|102|1163\n|gen|9\n|tier|[Gen 9] OU\n|rated|\n|rule|HP Percentage Mod: HP is shown in percentages\n|rule|Endless Battle Clause: Forcing endless battles is banned\n|rule|Species Clause: Limit one of each Pokémon\n|rule|OHKO Clause: OHKO moves are banned\n|rule|Evasion Items Clause: Evasion items are banned\n|rule|Evasion Moves Clause: Evasion moves are banned\n|rule|Evasion Abilities Clause: Evasion abilities are banned\n|rule|Sleep Moves Clause: Sleep-inducing moves are banned\n|clearpoke\n|poke|p1|Oricorio-Pom-Pom, F|\n|poke|p1|Ceruledge, M|\n|poke|p1|Grimmsnarl, M|\n|poke|p1|Decidueye-Hisui, F|\n|poke|p1|Cinderace, F|\n|poke|p1|Ogerpon-Wellspring, F|\n|poke|p2|Glimmora, M|\n|poke|p2|Great Tusk|\n|poke|p2|Kingambit, F|\n|poke|p2|Dragapult, F|\n|poke|p2|Clefable, M|\n|poke|p2|Corviknight, F|\n|teampreview\n|inactive|Battle timer is ON: inactive players will automatically lose when time's up. (requested by OUBotBeepBoop)\n|inactive|JoYuKneekYT has 120 seconds left.\n|\n|t:|1783807250\n|teamsize|p1|6\n|teamsize|p2|6\n|start\n|switch|p1a: Ogerpon|Ogerpon-Wellspring, F|100/100\n|switch|p2a: Glimmora|Glimmora, M|100/100\n|turn|1\n|\n|t:|1783807263\n|-terastallize|p1a: Ogerpon|Water\n|detailschange|p1a: Ogerpon|Ogerpon-Wellspring-Tera, F, tera:Water\n|-ability|p1a: Ogerpon|Embody Aspect (Wellspring)|boost\n|-boost|p1a: Ogerpon|spd|1\n|move|p1a: Ogerpon|Ivy Cudgel|p2a: Glimmora|[anim] Ivy Cudgel Water\n|-supereffective|p2a: Glimmora\n|-enditem|p2a: Glimmora|Focus Sash\n|-damage|p2a: Glimmora|1/100\n|-activate|p2a: Glimmora|ability: Toxic Debris\n|-sidestart|p1: JoYuKneekYT|move: Toxic Spikes\n|move|p2a: Glimmora|Stealth Rock|p1a: Ogerpon\n|-sidestart|p1: JoYuKneekYT|move: Stealth Rock\n|\n|upkeep\n|turn|2\n|\n|t:|1783807264\n|switch|p2a: Corviknight|Corviknight, F|100/100\n|-ability|p2a: Corviknight|Pressure\n|move|p1a: Ogerpon|Ivy Cudgel|p2a: Corviknight|[anim] Ivy Cudgel Water\n|-damage|p2a: Corviknight|53/100\n|\n|-heal|p2a: Corviknight|60/100|[from] item: Leftovers\n|upkeep\n|turn|3\n|\n|t:|1783807267\n|move|p1a: Ogerpon|Swords Dance|p1a: Ogerpon\n|-boost|p1a: Ogerpon|atk|2\n|move|p2a: Corviknight|Roost|p2a: Corviknight\n|-heal|p2a: Corviknight|100/100\n|-singleturn|p2a: Corviknight|move: Roost\n|\n|upkeep\n|turn|4\n|\n|t:|1783807269\n|switch|p2a: Glimmora|Glimmora, M|1/100\n|move|p1a: Ogerpon|Ivy Cudgel|p2a: Glimmora|[anim] Ivy Cudgel Water\n|-supereffective|p2a: Glimmora\n|-damage|p2a: Glimmora|0 fnt\n|-activate|p2a: Glimmora|ability: Toxic Debris\n|-sidestart|p1: JoYuKneekYT|move: Toxic Spikes\n|faint|p2a: Glimmora\n|\n|upkeep\n|\n|t:|1783807269\n|switch|p2a: Kingambit|Kingambit, F|100/100\n|-activate|p2a: Kingambit|ability: Supreme Overlord\n|-start|p2a: Kingambit|fallen1|[silent]\n|turn|5\n|\n|t:|1783807273\n|move|p1a: Ogerpon|Ivy Cudgel|p2a: Kingambit|[anim] Ivy Cudgel Water\n|-damage|p2a: Kingambit|0 fnt\n|faint|p2a: Kingambit\n|-end|p2a: Kingambit|fallen1|[silent]\n|\n|upkeep\n|\n|t:|1783807273\n|switch|p2a: Corviknight|Corviknight, F|100/100\n|-ability|p2a: Corviknight|Pressure\n|turn|6\n|\n|t:|1783807275\n|move|p1a: Ogerpon|Ivy Cudgel|p2a: Corviknight|[anim] Ivy Cudgel Water\n|-damage|p2a: Corviknight|7/100\n|move|p2a: Corviknight|Body Press|p1a: Ogerpon\n|-damage|p1a: Ogerpon|67/100\n|\n|-heal|p2a: Corviknight|14/100|[from] item: Leftovers\n|upkeep\n|turn|7\n|\n|t:|1783807280\n|switch|p2a: Clefable|Clefable, M|100/100\n|move|p1a: Ogerpon|Ivy Cudgel|p2a: Clefable|[anim] Ivy Cudgel Water\n|-damage|p2a: Clefable|38/100\n|\n|-heal|p2a: Clefable|44/100|[from] item: Leftovers\n|upkeep\n|turn|8\n|\n|t:|1783807282\n|move|p1a: Ogerpon|Ivy Cudgel|p2a: Clefable|[anim] Ivy Cudgel Water\n|-damage|p2a: Clefable|0 fnt\n|faint|p2a: Clefable\n|\n|upkeep\n|\n|t:|1783807282\n|switch|p2a: Dragapult|Dragapult, F|100/100\n|turn|9\n|\n|t:|1783807287\n|move|p2a: Dragapult|Draco Meteor|p1a: Ogerpon\n|-damage|p1a: Ogerpon|0 fnt\n|-unboost|p2a: Dragapult|spa|2\n|faint|p1a: Ogerpon\n|detailschange|p1: Ogerpon|Ogerpon-Wellspring, F|[silent]\n|\n|upkeep\n|\n|t:|1783807291\n|switch|p1a: Cinderace|Cinderace, F|100/100\n|turn|10\n|\n|t:|1783807293\n|switch|p2a: Great Tusk|Great Tusk|100/100\n|move|p1a: Cinderace|Court Change|p1a: Cinderace\n|-start|p1a: Cinderace|typechange|Normal|[from] ability: Libero\n|-swapsideconditions\n|-activate|p1a: Cinderace|move: Court Change\n|\n|upkeep\n|turn|11\n|\n|t:|1783807297\n|switch|p1a: Ceruledge|Ceruledge, M|100/100\n|move|p2a: Great Tusk|Rapid Spin|p1a: Ceruledge\n|-immune|p1a: Ceruledge\n|\n|upkeep\n|turn|12\n|\n|t:|1783807300\n|move|p2a: Great Tusk|Headlong Rush|p1a: Ceruledge\n|-supereffective|p1a: Ceruledge\n|-enditem|p1a: Ceruledge|Focus Sash\n|-damage|p1a: Ceruledge|1/100\n|-unboost|p2a: Great Tusk|def|1\n|-unboost|p2a: Great Tusk|spd|1\n|-ability|p1a: Ceruledge|Weak Armor|boost\n|-unboost|p1a: Ceruledge|def|1\n|-boost|p1a: Ceruledge|spe|2\n|move|p1a: Ceruledge|Swords Dance|p1a: Ceruledge\n|-boost|p1a: Ceruledge|atk|2\n|\n|upkeep\n|turn|13\n|\n|t:|1783807303\n|move|p1a: Ceruledge|Bitter Blade|p2a: Great Tusk\n|-damage|p2a: Great Tusk|0 fnt\n|-heal|p1a: Ceruledge|65/100|[from] drain|[of] p2a: Great Tusk\n|faint|p2a: Great Tusk\n|-end|p2a: Great Tusk|Protosynthesis|[silent]\n|\n|upkeep\n|\n|t:|1783807303\n|switch|p2a: Dragapult|Dragapult, F|100/100\n|-status|p2a: Dragapult|tox\n|-damage|p2a: Dragapult|88/100 tox|[from] Stealth Rock\n|turn|14\n|\n|t:|1783807306\n|move|p1a: Ceruledge|Shadow Sneak|p2a: Dragapult\n|-supereffective|p2a: Dragapult\n|-damage|p2a: Dragapult|0 fnt\n|faint|p2a: Dragapult\n|\n|upkeep\n|\n|t:|1783807306\n|switch|p2a: Corviknight|Corviknight, F|14/100\n|-damage|p2a: Corviknight|1/100|[from] Stealth Rock\n|-ability|p2a: Corviknight|Pressure\n|turn|15\n|\n|t:|1783807308\n|move|p1a: Ceruledge|Bitter Blade|p2a: Corviknight\n|-supereffective|p2a: Corviknight\n|-damage|p2a: Corviknight|0 fnt\n|-heal|p1a: Ceruledge|65/100|[from] drain|[of] p2a: Corviknight\n|faint|p2a: Corviknight\n|\n|win|JoYuKneekYT\n|raw|JoYuKneekYT's rating: 1226 &rarr; <strong>1250</strong><br />(+24 for winning)\n|raw|OUBotBeepBoop's rating: 1214 &rarr; <strong>1190</strong><br />(-24 for losing)\n|l|☆OUBotBeepBoop\n|player|p2|\n", "uploadtime": 1783807460, "views": 23, "formatid": "gen9ou", "rating": 1190, "private": 0, "password": null}