{"id": "gen9ou-2639224377", "format": "[Gen 9] OU", "players": ["iron quark", "zsdwdsafv"], "log": "|j|☆iron quark\n|j|☆zsdwdsafv\n|inactive|Battle timer is ON: inactive players will automatically lose when time's up.\n|t:|1782436699\n|gametype|singles\n|player|p1|iron quark|lucas|\n|player|p2|zsdwdsafv|firebreather|\n|gen|9\n|tier|[Gen 9] OU\n|rated|Tournament battle\n|rule|HP Percentage Mod: HP is shown in percentages\n|rule|Endless Battle Clause: Forcing endless battles is banned\n|rule|Species Clause: Limit one of each Pokémon\n|rule|OHKO Clause: OHKO moves are banned\n|rule|Evasion Items Clause: Evasion items are banned\n|rule|Evasion Moves Clause: Evasion moves are banned\n|rule|Evasion Abilities Clause: Evasion abilities are banned\n|rule|Sleep Moves Clause: Sleep-inducing moves are banned\n|clearpoke\n|poke|p1|Hatterene, F|\n|poke|p1|Diancie|\n|poke|p1|Hydrapple, M|\n|poke|p1|Cresselia, F|\n|poke|p1|Volcanion|\n|poke|p1|Ursaluna, M|\n|poke|p2|Darkrai|\n|poke|p2|Garchomp, M|\n|poke|p2|Alomomola, F|\n|poke|p2|Corviknight, M|\n|poke|p2|Weezing-Galar, F|\n|poke|p2|Ogerpon, F|\n|teampreview\n|inactive|zsdwdsafv has 120 seconds left.\n|inactive|zsdwdsafv has 90 seconds left.\n|j| proplayer02\n|inactive|zsdwdsafv has 60 seconds left.\n|\n|t:|1782436800\n|teamsize|p1|6\n|teamsize|p2|6\n|start\n|switch|p1a: Volcanion|Volcanion|100/100\n|switch|p2a: Darkrai|Darkrai|100/100\n|turn|1\n|inactive|zsdwdsafv has 90 seconds left.\n|\n|t:|1782436841\n|switch|p2a: Alomomola|Alomomola, F|100/100\n|move|p1a: Volcanion|Steam Eruption|p2a: Alomomola\n|-resisted|p2a: Alomomola\n|-damage|p2a: Alomomola|78/100\n|-status|p2a: Alomomola|brn\n|\n|-damage|p2a: Alomomola|72/100 brn|[from] brn\n|upkeep\n|turn|2\n|\n|t:|1782436846\n|move|p1a: Volcanion|Steam Eruption|p2a: Alomomola|[miss]\n|-miss|p1a: Volcanion|p2a: Alomomola\n|move|p2a: Alomomola|Flip Turn|p1a: Volcanion\n|-immune|p1a: Volcanion|[from] ability: Water Absorb\n|\n|-damage|p2a: Alomomola|66/100 brn|[from] brn\n|upkeep\n|turn|3\n|\n|t:|1782436855\n|move|p1a: Volcanion|Steam Eruption|p2a: Alomomola|[miss]\n|-miss|p1a: Volcanion|p2a: Alomomola\n|move|p2a: Alomomola|Mirror Coat||[still]\n|-fail|p2a: Alomomola\n|\n|-damage|p2a: Alomomola|59/100 brn|[from] brn\n|upkeep\n|turn|4\n|\n|t:|1782436866\n|move|p1a: Volcanion|Steam Eruption|p2a: Alomomola\n|-resisted|p2a: Alomomola\n|-damage|p2a: Alomomola|35/100 brn\n|move|p2a: Alomomola|Flip Turn|p1a: Volcanion\n|-immune|p1a: Volcanion|[from] ability: Water Absorb\n|\n|-damage|p2a: Alomomola|29/100 brn|[from] brn\n|upkeep\n|turn|5\n|inactive|zsdwdsafv has 90 seconds left.\n|\n|t:|1782436905\n|switch|p2a: Garchomp|Garchomp, M|100/100\n|move|p1a: Volcanion|Steam Eruption|p2a: Garchomp\n|-damage|p2a: Garchomp|17/100\n|\n|upkeep\n|turn|6\n|inactive|zsdwdsafv has 90 seconds left.\n|\n|t:|1782436915\n|move|p2a: Garchomp|Stealth Rock|p1a: Volcanion\n|-sidestart|p1: iron quark|move: Stealth Rock\n|move|p1a: Volcanion|Steam Eruption|p2a: Garchomp\n|-damage|p2a: Garchomp|0 fnt\n|faint|p2a: Garchomp\n|\n|upkeep\n|\n|t:|1782436920\n|switch|p2a: Alomomola|Alomomola, F|62/100 brn\n|turn|7\n|\n|t:|1782436931\n|move|p1a: Volcanion|Steam Eruption|p2a: Alomomola\n|-resisted|p2a: Alomomola\n|-damage|p2a: Alomomola|38/100 brn\n|move|p2a: Alomomola|Mirror Coat|p1a: Volcanion\n|-damage|p1a: Volcanion|29/100\n|\n|-damage|p2a: Alomomola|32/100 brn|[from] brn\n|upkeep\n|turn|8\n|j| splat__t3r\n|\n|t:|1782436943\n|switch|p1a: Ursaluna|Ursaluna, M|100/100\n|-damage|p1a: Ursaluna|94/100|[from] Stealth Rock\n|move|p2a: Alomomola|Mirror Coat||[still]\n|-fail|p2a: Alomomola\n|\n|-damage|p2a: Alomomola|25/100 brn|[from] brn\n|-status|p1a: Ursaluna|brn|[from] item: Flame Orb\n|upkeep\n|turn|9\n|\n|t:|1782436954\n|switch|p2a: Weezing|Weezing-Galar, F|100/100\n|-ability|p2a: Weezing|Neutralizing Gas\n|move|p1a: Ursaluna|Fire Punch|p2a: Weezing\n|-damage|p2a: Weezing|90/100\n|\n|-heal|p2a: Weezing|96/100|[from] item: Leftovers\n|-damage|p1a: Ursaluna|88/100 brn|[from] brn\n|upkeep\n|turn|10\n|\n|t:|1782436963\n|move|p2a: Weezing|Sludge Bomb|p1a: Ursaluna\n|-resisted|p1a: Ursaluna\n|-damage|p1a: Ursaluna|76/100 brn\n|move|p1a: Ursaluna|Facade|p2a: Weezing\n|-damage|p2a: Weezing|41/100\n|\n|-heal|p2a: Weezing|47/100|[from] item: Leftovers\n|-damage|p1a: Ursaluna|70/100 brn|[from] brn\n|upkeep\n|turn|11\n|\n|t:|1782436967\n|move|p2a: Weezing|Pain Split|p1a: Ursaluna\n|-sethp|p1a: Ursaluna|52/100 brn|[from] move: Pain Split|[silent]\n|-sethp|p2a: Weezing|72/100|[from] move: Pain Split\n|move|p1a: Ursaluna|Facade|p2a: Weezing\n|-damage|p2a: Weezing|16/100\n|\n|-heal|p2a: Weezing|22/100|[from] item: Leftovers\n|-damage|p1a: Ursaluna|46/100 brn|[from] brn\n|upkeep\n|turn|12\n|\n|t:|1782436970\n|-end|p2a: Weezing|ability: Neutralizing Gas\n|switch|p2a: Corviknight|Corviknight, M|100/100\n|-ability|p2a: Corviknight|Pressure\n|move|p1a: Ursaluna|Facade|p2a: Corviknight\n|-resisted|p2a: Corviknight\n|-damage|p2a: Corviknight|53/100\n|\n|-heal|p2a: Corviknight|59/100|[from] item: Leftovers\n|-damage|p1a: Ursaluna|40/100 brn|[from] brn\n|upkeep\n|turn|13\n|\n|t:|1782437000\n|switch|p1a: Hatterene|Hatterene, F, shiny|100/100\n|-damage|p1a: Hatterene|88/100|[from] Stealth Rock\n|move|p2a: Corviknight|Brave Bird|p1a: Hatterene\n|-damage|p1a: Hatterene|48/100\n|-damage|p2a: Corviknight|49/100|[from] Recoil\n|\n|-heal|p2a: Corviknight|55/100|[from] item: Leftovers\n|upkeep\n|turn|14\n|\n|t:|1782437006\n|move|p2a: Corviknight|Brave Bird|p1a: Hatterene\n|-damage|p1a: Hatterene|8/100\n|-damage|p2a: Corviknight|44/100|[from] Recoil\n|move|p1a: Hatterene|Trick Room|p1a: Hatterene\n|-fieldstart|move: Trick Room|[of] p1a: Hatterene\n|\n|-heal|p2a: Corviknight|51/100|[from] item: Leftovers\n|upkeep\n|turn|15\n|\n|t:|1782437025\n|move|p1a: Hatterene|Psychic Noise|p2a: Corviknight\n|-resisted|p2a: Corviknight\n|-damage|p2a: Corviknight|35/100\n|-start|p2a: Corviknight|move: Heal Block\n|cant|p2a: Corviknight|move: Heal Block|Roost\n|\n|upkeep\n|turn|16\n|\n|t:|1782437029\n|move|p1a: Hatterene|Healing Wish|p1a: Hatterene\n|faint|p1a: Hatterene\n|move|p2a: Corviknight|U-turn|p1: Hatterene|[notarget]\n|-fail|p2a: Corviknight\n|\n|-end|p2a: Corviknight|move: Heal Block\n|upkeep\n|\n|t:|1782437034\n|switch|p1a: Ursaluna|Ursaluna, M|40/100 brn\n|-heal|p1a: Ursaluna|100/100|[from] move: Healing Wish\n|-damage|p1a: Ursaluna|94/100|[from] Stealth Rock\n|turn|17\n|j| friendslop\n|\n|t:|1782437038\n|move|p1a: Ursaluna|Fire Punch|p2a: Corviknight\n|-supereffective|p2a: Corviknight\n|-damage|p2a: Corviknight|0 fnt\n|faint|p2a: Corviknight\n|\n|-status|p1a: Ursaluna|brn|[from] item: Flame Orb\n|upkeep\n|\n|t:|1782437044\n|switch|p2a: Weezing|Weezing-Galar, F|22/100\n|-ability|p2a: Weezing|Neutralizing Gas\n|turn|18\n|\n|t:|1782437049\n|move|p1a: Ursaluna|Headlong Rush|p2a: Weezing\n|-supereffective|p2a: Weezing\n|-damage|p2a: Weezing|0 fnt\n|-unboost|p1a: Ursaluna|def|1\n|-unboost|p1a: Ursaluna|spd|1\n|faint|p2a: Weezing\n|-end|p2a: Weezing|ability: Neutralizing Gas\n|\n|-damage|p1a: Ursaluna|88/100 brn|[from] brn\n|-fieldend|move: Trick Room\n|upkeep\n|\n|t:|1782437052\n|switch|p2a: Ogerpon|Ogerpon, F|100/100\n|turn|19\n|\n|t:|1782437057\n|switch|p1a: Hydrapple|Hydrapple, M|100/100\n|-damage|p1a: Hydrapple|88/100|[from] Stealth Rock\n|move|p2a: Ogerpon|Ivy Cudgel|p1a: Hydrapple\n|-resisted|p1a: Hydrapple\n|-damage|p1a: Hydrapple|79/100\n|\n|upkeep\n|turn|20\n|\n|t:|1782437064\n|move|p2a: Ogerpon|U-turn|p1a: Hydrapple\n|-supereffective|p1a: Hydrapple\n|-damage|p1a: Hydrapple|42/100\n|\n|t:|1782437071\n|switch|p2a: Darkrai|Darkrai|100/100|[from] U-turn\n|move|p1a: Hydrapple|Fickle Beam|p2a: Darkrai\n|-damage|p2a: Darkrai|32/100\n|-damage|p1a: Hydrapple|32/100|[from] item: Life Orb\n|\n|upkeep\n|turn|21\n|j| SunsetofSevenSuns\n|\n|t:|1782437084\n|switch|p1a: Volcanion|Volcanion|29/100\n|-damage|p1a: Volcanion|5/100|[from] Stealth Rock\n|move|p2a: Darkrai|Dark Pulse|p1a: Volcanion\n|-damage|p1a: Volcanion|0 fnt\n|faint|p1a: Volcanion\n|\n|upkeep\n|\n|t:|1782437087\n|switch|p1a: Diancie|Diancie|100/100\n|-damage|p1a: Diancie|88/100|[from] Stealth Rock\n|turn|22\n|\n|t:|1782437092\n|switch|p2a: Alomomola|Alomomola, F|59/100 brn\n|move|p1a: Diancie|Trick Room|p1a: Diancie\n|-fieldstart|move: Trick Room|[of] p1a: Diancie\n|\n|-damage|p2a: Alomomola|53/100 brn|[from] brn\n|upkeep\n|turn|23\n|j| British stones\n|\n|t:|1782437107\n|switch|p1a: Ursaluna|Ursaluna, M|88/100 brn\n|-damage|p1a: Ursaluna|82/100 brn|[from] Stealth Rock\n|move|p2a: Alomomola|Mirror Coat||[still]\n|-fail|p2a: Alomomola\n|\n|-damage|p2a: Alomomola|46/100 brn|[from] brn\n|-damage|p1a: Ursaluna|76/100 brn|[from] brn\n|upkeep\n|turn|24\n|j| snowy graves\n|l| British stones\n|\n|t:|1782437116\n|move|p2a: Alomomola|Aqua Jet|p1a: Ursaluna\n|-supereffective|p1a: Ursaluna\n|-damage|p1a: Ursaluna|69/100 brn\n|move|p1a: Ursaluna|Facade|p2a: Alomomola\n|-damage|p2a: Alomomola|0 fnt\n|faint|p2a: Alomomola\n|\n|-damage|p1a: Ursaluna|63/100 brn|[from] brn\n|upkeep\n|\n|t:|1782437127\n|switch|p2a: Ogerpon|Ogerpon, F|100/100\n|turn|25\n|\n|t:|1782437132\n|-terastallize|p1a: Ursaluna|Normal\n|move|p1a: Ursaluna|Facade|p2a: Ogerpon\n|-damage|p2a: Ogerpon|0 fnt\n|faint|p2a: Ogerpon\n|\n|-damage|p1a: Ursaluna|57/100 brn|[from] brn\n|upkeep\n|\n|t:|1782437134\n|switch|p2a: Darkrai|Darkrai|32/100\n|turn|26\n|\n|t:|1782437135\n|-terastallize|p2a: Darkrai|Dark\n|move|p1a: Ursaluna|Facade|p2a: Darkrai\n|-damage|p2a: Darkrai|0 fnt\n|faint|p2a: Darkrai\n|\n|win|iron quark\n|n|☆iron quark|ironquark\n|n|☆zsdwdsafv|zsdwdsafv\n|n| proplayer02|proplayer02\n|n| splat__t3r|splatt3r\n|n| friendslop|friendslop\n|n| SunsetofSevenSuns|sunsetofsevensuns\n|n| snowy graves|snowygraves\n|l|☆zsdwdsafv\n|player|p2|\n", "uploadtime": 1782437140, "views": 8, "formatid": "gen9ou", "rating": null, "private": 0, "password": null}