{"id": "gen9ou-2639196478", "format": "[Gen 9] OU", "players": ["Cubsy", "thepeakmons"], "log": "|j|☆Cubsy\n|j|☆thepeakmons\n|t:|1782432532\n|gametype|singles\n|player|p1|Cubsy|giovanni|1241\n|player|p2|thepeakmons|101|1205\n|gen|9\n|tier|[Gen 9] OU\n|rated|\n|rule|HP Percentage Mod: HP is shown in percentages\n|rule|Endless Battle Clause: Forcing endless battles is banned\n|rule|Species Clause: Limit one of each Pokémon\n|rule|OHKO Clause: OHKO moves are banned\n|rule|Evasion Items Clause: Evasion items are banned\n|rule|Evasion Moves Clause: Evasion moves are banned\n|rule|Evasion Abilities Clause: Evasion abilities are banned\n|rule|Sleep Moves Clause: Sleep-inducing moves are banned\n|clearpoke\n|poke|p1|Gengar, M|\n|poke|p1|Toxapex, M|\n|poke|p1|Grafaiai, M|\n|poke|p1|Glimmora, F|\n|poke|p1|Revavroom, M|\n|poke|p1|Muk-Alola, F|\n|poke|p2|Gliscor, M|\n|poke|p2|Gholdengo|\n|poke|p2|Zamazenta-*|\n|poke|p2|Blissey, F|\n|poke|p2|Skarmory, F|\n|poke|p2|Pecharunt|\n|teampreview\n|inactive|Battle timer is ON: inactive players will automatically lose when time's up. (requested by Cubsy)\n|\n|t:|1782432536\n|teamsize|p1|6\n|teamsize|p2|6\n|start\n|switch|p1a: Mr steal your lead|Grafaiai, M|100/100\n|switch|p2a: Skarmory|Skarmory, F|100/100\n|turn|1\n|inactive|thepeakmons also wants the timer to be on.\n|\n|t:|1782432556\n|move|p1a: Mr steal your lead|Switcheroo|p2a: Skarmory\n|-activate|p1a: Mr steal your lead|move: Trick|[of] p2a: Skarmory\n|-item|p2a: Skarmory|Sticky Barb|[from] move: Switcheroo\n|-item|p1a: Mr steal your lead|Heavy-Duty Boots|[from] move: Switcheroo\n|move|p2a: Skarmory|Spikes|p1a: Mr steal your lead\n|-sidestart|p1: Cubsy|Spikes\n|\n|-damage|p2a: Skarmory|88/100|[from] item: Sticky Barb\n|upkeep\n|turn|2\n|\n|t:|1782432563\n|switch|p2a: Gliscor|Gliscor, M|100/100\n|move|p1a: Mr steal your lead|Copycat|p1a: Mr steal your lead\n|move|p1a: Mr steal your lead|Spikes|p2a: Gliscor|[from] move: Copycat\n|-sidestart|p2: thepeakmons|Spikes\n|\n|-status|p2a: Gliscor|tox|[from] item: Toxic Orb\n|upkeep\n|turn|3\n|\n|t:|1782432585\n|move|p1a: Mr steal your lead|Copycat|p1a: Mr steal your lead\n|move|p1a: Mr steal your lead|Spikes|p2a: Gliscor|[from] move: Copycat\n|-sidestart|p2: thepeakmons|Spikes\n|move|p2a: Gliscor|Earthquake|p1a: Mr steal your lead\n|-supereffective|p1a: Mr steal your lead\n|-damage|p1a: Mr steal your lead|7/100\n|\n|upkeep\n|turn|4\n|\n|t:|1782432604\n|move|p1a: Mr steal your lead|Encore|p2a: Gliscor\n|-start|p2a: Gliscor|Encore\n|move|p2a: Gliscor|Earthquake|p1a: Mr steal your lead\n|-supereffective|p1a: Mr steal your lead\n|-damage|p1a: Mr steal your lead|0 fnt\n|faint|p1a: Mr steal your lead\n|\n|upkeep\n|\n|t:|1782432616\n|switch|p1a: Volcarohno|Toxapex, M|100/100\n|-damage|p1a: Volcarohno|88/100|[from] Spikes\n|turn|5\n|\n|t:|1782432635\n|move|p2a: Gliscor|Earthquake|p1a: Volcarohno\n|-supereffective|p1a: Volcarohno\n|-damage|p1a: Volcarohno|32/100\n|move|p1a: Volcarohno|Ice Spinner|p2a: Gliscor\n|-supereffective|p2a: Gliscor\n|-damage|p2a: Gliscor|15/100 tox\n|-damage|p1a: Volcarohno|22/100|[from] item: Life Orb\n|\n|-heal|p2a: Gliscor|27/100 tox|[from] ability: Poison Heal\n|upkeep\n|turn|6\n|inactive|thepeakmons has 120 seconds left.\n|\n|t:|1782432659\n|switch|p2a: Zamazenta|Zamazenta|100/100\n|-ability|p2a: Zamazenta|Dauntless Shield|boost\n|-boost|p2a: Zamazenta|def|1\n|move|p1a: Volcarohno|Ice Spinner|p2a: Zamazenta\n|-damage|p2a: Zamazenta|86/100\n|-damage|p1a: Volcarohno|12/100|[from] item: Life Orb\n|\n|upkeep\n|turn|7\n|inactive|thepeakmons has 120 seconds left.\n|\n|t:|1782432671\n|move|p2a: Zamazenta|Close Combat|p1a: Volcarohno\n|-resisted|p1a: Volcarohno\n|-damage|p1a: Volcarohno|0 fnt\n|-unboost|p2a: Zamazenta|def|1\n|-unboost|p2a: Zamazenta|spd|1\n|faint|p1a: Volcarohno\n|\n|upkeep\n|\n|t:|1782432675\n|switch|p1a: Short sighted|Gengar, M|100/100\n|-damage|p1a: Short sighted|88/100|[from] Spikes\n|turn|8\n|\n|t:|1782432685\n|switch|p1a: Fisticuffs|Muk-Alola, F|100/100\n|-damage|p1a: Fisticuffs|88/100|[from] Spikes\n|move|p2a: Zamazenta|Crunch|p1a: Fisticuffs\n|-resisted|p1a: Fisticuffs\n|-damage|p1a: Fisticuffs|74/100\n|\n|upkeep\n|turn|9\n|inactive|thepeakmons has 120 seconds left.\n|\n|t:|1782432703\n|switch|p2a: Gliscor|Gliscor, M|27/100 tox\n|move|p1a: Fisticuffs|Knock Off|p2a: Gliscor\n|-damage|p2a: Gliscor|0 fnt\n|-enditem|p2a: Gliscor|Toxic Orb|[from] move: Knock Off|[of] p1a: Fisticuffs\n|faint|p2a: Gliscor\n|\n|upkeep\n|inactive|thepeakmons has 120 seconds left.\n|\n|t:|1782432722\n|switch|p2a: Zamazenta|Zamazenta|86/100\n|turn|10\n|\n|t:|1782432736\n|switch|p1a: Short sighted|Gengar, M|88/100\n|-damage|p1a: Short sighted|76/100|[from] Spikes\n|move|p2a: Zamazenta|Close Combat|p1a: Short sighted\n|-immune|p1a: Short sighted\n|\n|upkeep\n|turn|11\n|\n|t:|1782432753\n|move|p2a: Zamazenta|Crunch|p1a: Short sighted\n|-supereffective|p1a: Short sighted\n|-damage|p1a: Short sighted|0 fnt\n|-start|p2a: Zamazenta|Disable|Crunch|[from] ability: Cursed Body|[of] p1a: Short sighted\n|faint|p1a: Short sighted\n|\n|upkeep\n|\n|t:|1782432761\n|switch|p1a: Kylie|Glimmora, F|100/100\n|-damage|p1a: Kylie|88/100|[from] Spikes\n|turn|12\n|\n|t:|1782432773\n|move|p2a: Zamazenta|Close Combat|p1a: Kylie\n|-damage|p1a: Kylie|14/100\n|-unboost|p2a: Zamazenta|def|1\n|-unboost|p2a: Zamazenta|spd|1\n|move|p1a: Kylie|Mortal Spin|p2a: Zamazenta\n|-damage|p2a: Zamazenta|77/100\n|-status|p2a: Zamazenta|psn\n|-sideend|p1: Cubsy|Spikes|[from] move: Mortal Spin|[of] p1a: Kylie\n|\n|-damage|p2a: Zamazenta|64/100 psn|[from] psn\n|upkeep\n|turn|13\n|\n|t:|1782432789\n|move|p2a: Zamazenta|Close Combat|p1a: Kylie\n|-damage|p1a: Kylie|0 fnt\n|-unboost|p2a: Zamazenta|def|1\n|-unboost|p2a: Zamazenta|spd|1\n|faint|p1a: Kylie\n|\n|-damage|p2a: Zamazenta|52/100 psn|[from] psn\n|upkeep\n|\n|t:|1782432792\n|switch|p1a: Zoomin|Revavroom, M|100/100\n|-item|p1a: Zoomin|Air Balloon\n|turn|14\n|\n|t:|1782432803\n|-terastallize|p1a: Zoomin|Flying\n|move|p2a: Zamazenta|Heavy Slam|p1a: Zoomin\n|-damage|p1a: Zoomin|83/100\n|-enditem|p1a: Zoomin|Air Balloon\n|move|p1a: Zoomin|Shift Gear|p1a: Zoomin\n|-boost|p1a: Zoomin|spe|2\n|-boost|p1a: Zoomin|atk|1\n|\n|-damage|p2a: Zamazenta|40/100 psn|[from] psn\n|-end|p2a: Zamazenta|Disable\n|upkeep\n|turn|15\n|\n|t:|1782432822\n|switch|p2a: Skarmory|Skarmory, F|88/100\n|move|p1a: Zoomin|Zen Headbutt|p2a: Skarmory\n|-resisted|p2a: Skarmory\n|-damage|p2a: Skarmory|74/100\n|\n|-damage|p1a: Zoomin|71/100|[from] item: Sticky Barb\n|upkeep\n|turn|16\n|\n|t:|1782432834\n|move|p1a: Zoomin|Shift Gear|p1a: Zoomin\n|-boost|p1a: Zoomin|spe|2\n|-boost|p1a: Zoomin|atk|1\n|move|p2a: Skarmory|Whirlwind|p1a: Zoomin\n|drag|p1a: Fisticuffs|Muk-Alola, F|74/100\n|\n|upkeep\n|turn|17\n|\n|t:|1782432847\n|move|p2a: Skarmory|Spikes|p1a: Fisticuffs\n|-sidestart|p1: Cubsy|Spikes\n|move|p1a: Fisticuffs|Fire Punch|p2a: Skarmory\n|-supereffective|p2a: Skarmory\n|-damage|p2a: Skarmory|37/100\n|\n|upkeep\n|turn|18\n|\n|t:|1782432863\n|move|p2a: Skarmory|Roost|p2a: Skarmory\n|-heal|p2a: Skarmory|87/100\n|-singleturn|p2a: Skarmory|move: Roost\n|move|p1a: Fisticuffs|Fire Punch|p2a: Skarmory\n|-supereffective|p2a: Skarmory\n|-damage|p2a: Skarmory|56/100\n|\n|upkeep\n|turn|19\n|-message|Cubsy forfeited.\n|\n|win|thepeakmons\n|raw|Cubsy's rating: 1241 &rarr; <strong>1213</strong><br />(-28 for losing)\n|raw|thepeakmons's rating: 1205 &rarr; <strong>1233</strong><br />(+28 for winning)\n|l|☆Cubsy\n|player|p1|\n", "uploadtime": 1782432885, "views": 17, "formatid": "gen9ou", "rating": 1213, "private": 0, "password": null}