{"id": "gen9ou-2639304023", "format": "[Gen 9] OU", "players": ["flipzy1854", "hhxhhb"], "log": "|j|☆flipzy1854\n|j|☆hhxhhb\n|t:|1782449354\n|gametype|singles\n|player|p1|flipzy1854|n|1049\n|player|p2|hhxhhb|1|1000\n|gen|9\n|tier|[Gen 9] OU\n|rated|\n|rule|HP Percentage Mod: HP is shown in percentages\n|rule|Endless Battle Clause: Forcing endless battles is banned\n|rule|Species Clause: Limit one of each Pokémon\n|rule|OHKO Clause: OHKO moves are banned\n|rule|Evasion Items Clause: Evasion items are banned\n|rule|Evasion Moves Clause: Evasion moves are banned\n|rule|Evasion Abilities Clause: Evasion abilities are banned\n|rule|Sleep Moves Clause: Sleep-inducing moves are banned\n|clearpoke\n|poke|p1|Iron Valiant|\n|poke|p1|Gliscor, F|\n|poke|p1|Slowking-Galar, M|\n|poke|p1|Great Tusk|\n|poke|p1|Dragapult, F|\n|poke|p1|Skarmory, F|\n|poke|p2|Pelipper, M|\n|poke|p2|Barraskewda, M|\n|poke|p2|Overqwil, F|\n|poke|p2|Garchomp, F|\n|poke|p2|Latios, M|\n|poke|p2|Blaziken, F|\n|teampreview\n|\n|t:|1782449387\n|teamsize|p1|6\n|teamsize|p2|6\n|start\n|switch|p1a: Iron Valiant|Iron Valiant|100/100\n|switch|p2a: Latios|Latios, M|100/100\n|turn|1\n|\n|t:|1782449419\n|move|p1a: Iron Valiant|Moonblast|p2a: Latios\n|-supereffective|p2a: Latios\n|-damage|p2a: Latios|0 fnt\n|faint|p2a: Latios\n|\n|upkeep\n|\n|t:|1782449426\n|switch|p2a: Pelipper|Pelipper, M|100/100\n|-weather|RainDance|[from] ability: Drizzle|[of] p2a: Pelipper\n|turn|2\n|\n|t:|1782449460\n|move|p1a: Iron Valiant|Moonblast|p2a: Pelipper\n|-damage|p2a: Pelipper|27/100\n|-unboost|p2a: Pelipper|spa|1\n|move|p2a: Pelipper|Hurricane|p1a: Iron Valiant\n|-supereffective|p1a: Iron Valiant\n|-damage|p1a: Iron Valiant|22/100\n|-start|p1a: Iron Valiant|confusion\n|\n|-weather|RainDance|[upkeep]\n|-heal|p2a: Pelipper|33/100|[from] item: Leftovers\n|upkeep\n|turn|3\n|\n|t:|1782449475\n|switch|p2a: Barraskewda|Barraskewda, M|100/100\n|-activate|p1a: Iron Valiant|confusion\n|-damage|p1a: Iron Valiant|9/100|[from] confusion\n|\n|-weather|RainDance|[upkeep]\n|upkeep\n|turn|4\n|\n|t:|1782449498\n|-end|p1a: Iron Valiant|Quark Drive|[silent]\n|switch|p1a: Slowking|Slowking-Galar, M|100/100\n|move|p2a: Barraskewda|Liquidation|p1a: Slowking\n|-damage|p1a: Slowking|0 fnt\n|faint|p1a: Slowking\n|\n|-weather|RainDance|[upkeep]\n|upkeep\n|\n|t:|1782449506\n|switch|p1a: Gliscor|Gliscor, F|100/100\n|turn|5\n|\n|t:|1782449511\n|move|p2a: Barraskewda|Liquidation|p1a: Gliscor\n|-supereffective|p1a: Gliscor\n|-damage|p1a: Gliscor|0 fnt\n|faint|p1a: Gliscor\n|\n|-weather|RainDance|[upkeep]\n|upkeep\n|\n|t:|1782449537\n|switch|p1a: Dragapult|Dragapult, F|100/100\n|turn|6\n|\n|t:|1782449544\n|move|p2a: Barraskewda|Liquidation|p1a: Dragapult\n|-resisted|p1a: Dragapult\n|-damage|p1a: Dragapult|16/100\n|move|p1a: Dragapult|Will-O-Wisp|p2a: Barraskewda\n|-status|p2a: Barraskewda|brn\n|\n|-weather|none\n|-damage|p2a: Barraskewda|94/100 brn|[from] brn\n|upkeep\n|turn|7\n|\n|t:|1782449573\n|switch|p2a: Blaziken|Blaziken, F|100/100\n|move|p1a: Dragapult|Hex|p2a: Blaziken\n|-damage|p2a: Blaziken|60/100\n|\n|upkeep\n|turn|8\n|\n|t:|1782449598\n|-terastallize|p2a: Blaziken|Steel\n|move|p1a: Dragapult|Dragon Darts|p2a: Blaziken\n|-resisted|p2a: Blaziken\n|-damage|p2a: Blaziken|45/100\n|-anim|p1a: Dragapult|Dragon Darts|p2a: Blaziken\n|-resisted|p2a: Blaziken\n|-damage|p2a: Blaziken|30/100\n|move|p2a: Blaziken|Swords Dance|p2a: Blaziken\n|-boost|p2a: Blaziken|atk|2\n|\n|-ability|p2a: Blaziken|Speed Boost|boost\n|-boost|p2a: Blaziken|spe|1\n|upkeep\n|turn|9\n|\n|t:|1782449618\n|move|p1a: Dragapult|Dragon Darts|p2a: Blaziken\n|-resisted|p2a: Blaziken\n|-damage|p2a: Blaziken|13/100\n|-anim|p1a: Dragapult|Dragon Darts|p2a: Blaziken\n|-resisted|p2a: Blaziken\n|-crit|p2a: Blaziken\n|-damage|p2a: Blaziken|0 fnt\n|faint|p2a: Blaziken\n|\n|upkeep\n|\n|t:|1782449628\n|switch|p2a: Pelipper|Pelipper, M|33/100\n|-weather|RainDance|[from] ability: Drizzle|[of] p2a: Pelipper\n|turn|10\n|\n|t:|1782449646\n|move|p2a: Pelipper|Protect|p2a: Pelipper\n|-singleturn|p2a: Pelipper|Protect\n|move|p1a: Dragapult|Dragon Darts|p2a: Pelipper\n|-activate|p2a: Pelipper|move: Protect\n|\n|-weather|RainDance|[upkeep]\n|-heal|p2a: Pelipper|39/100|[from] item: Leftovers\n|upkeep\n|turn|11\n|\n|t:|1782449665\n|switch|p2a: Barraskewda|Barraskewda, M|94/100 brn\n|move|p1a: Dragapult|Dragon Darts|p2a: Barraskewda\n|-damage|p2a: Barraskewda|55/100 brn\n|-anim|p1a: Dragapult|Dragon Darts|p2a: Barraskewda\n|-damage|p2a: Barraskewda|13/100 brn\n|\n|-weather|RainDance|[upkeep]\n|-damage|p2a: Barraskewda|7/100 brn|[from] brn\n|upkeep\n|turn|12\n|\n|t:|1782449682\n|move|p2a: Barraskewda|Liquidation|p1a: Dragapult\n|-resisted|p1a: Dragapult\n|-damage|p1a: Dragapult|0 fnt\n|faint|p1a: Dragapult\n|\n|-weather|RainDance|[upkeep]\n|-damage|p2a: Barraskewda|0 fnt|[from] brn\n|faint|p2a: Barraskewda\n|upkeep\n|\n|t:|1782449706\n|switch|p1a: Iron Valiant|Iron Valiant|9/100\n|switch|p2a: Overqwil|Overqwil, F|100/100\n|turn|13\n|\n|t:|1782449721\n|move|p2a: Overqwil|Liquidation|p1a: Iron Valiant\n|-damage|p1a: Iron Valiant|0 fnt\n|faint|p1a: Iron Valiant\n|-end|p1a: Iron Valiant|Quark Drive|[silent]\n|\n|-weather|RainDance|[upkeep]\n|upkeep\n|\n|t:|1782449749\n|switch|p1a: Great Tusk|Great Tusk|100/100\n|turn|14\n|\n|t:|1782449758\n|move|p2a: Overqwil|Liquidation|p1a: Great Tusk\n|-supereffective|p1a: Great Tusk\n|-damage|p1a: Great Tusk|38/100\n|move|p1a: Great Tusk|Headlong Rush|p2a: Overqwil\n|-supereffective|p2a: Overqwil\n|-damage|p2a: Overqwil|0 fnt\n|-unboost|p1a: Great Tusk|def|1\n|-unboost|p1a: Great Tusk|spd|1\n|faint|p2a: Overqwil\n|\n|-weather|none\n|upkeep\n|\n|t:|1782449770\n|switch|p2a: Garchomp|Garchomp, F|100/100\n|turn|15\n|\n|t:|1782449791\n|-terastallize|p1a: Great Tusk|Steel\n|move|p2a: Garchomp|Dragon Claw|p1a: Great Tusk\n|-resisted|p1a: Great Tusk\n|-crit|p1a: Great Tusk\n|-damage|p1a: Great Tusk|3/100\n|move|p1a: Great Tusk|Ice Spinner|p2a: Garchomp\n|-supereffective|p2a: Garchomp\n|-damage|p2a: Garchomp|0 fnt\n|-damage|p1a: Great Tusk|0 fnt|[from] ability: Rough Skin|[of] p2a: Garchomp\n|faint|p2a: Garchomp\n|faint|p1a: Great Tusk\n|-end|p1a: Great Tusk|Protosynthesis|[silent]\n|\n|upkeep\n|\n|t:|1782449845\n|switch|p2a: Pelipper|Pelipper, M|39/100\n|switch|p1a: Skarmory|Skarmory, F|100/100\n|-weather|RainDance|[from] ability: Drizzle|[of] p2a: Pelipper\n|turn|16\n|\n|t:|1782449860\n|move|p1a: Skarmory|Brave Bird|p2a: Pelipper\n|-damage|p2a: Pelipper|4/100\n|-damage|p1a: Skarmory|89/100|[from] Recoil\n|move|p2a: Pelipper|Roost|p2a: Pelipper\n|-heal|p2a: Pelipper|54/100\n|-singleturn|p2a: Pelipper|move: Roost\n|\n|-weather|RainDance|[upkeep]\n|-heal|p2a: Pelipper|60/100|[from] item: Leftovers\n|upkeep\n|turn|17\n|\n|t:|1782449875\n|move|p1a: Skarmory|Brave Bird|p2a: Pelipper\n|-damage|p2a: Pelipper|28/100\n|-damage|p1a: Skarmory|79/100|[from] Recoil\n|move|p2a: Pelipper|Roost|p2a: Pelipper\n|-heal|p2a: Pelipper|78/100\n|-singleturn|p2a: Pelipper|move: Roost\n|\n|-weather|RainDance|[upkeep]\n|-heal|p2a: Pelipper|84/100|[from] item: Leftovers\n|upkeep\n|turn|18\n|\n|t:|1782449888\n|move|p1a: Skarmory|Brave Bird|p2a: Pelipper\n|-damage|p2a: Pelipper|52/100\n|-damage|p1a: Skarmory|68/100|[from] Recoil\n|move|p2a: Pelipper|Ice Beam|p1a: Skarmory\n|-damage|p1a: Skarmory|41/100\n|\n|-weather|RainDance|[upkeep]\n|-heal|p2a: Pelipper|58/100|[from] item: Leftovers\n|upkeep\n|turn|19\n|\n|t:|1782449917\n|move|p2a: Pelipper|Protect|p2a: Pelipper\n|-singleturn|p2a: Pelipper|Protect\n|move|p1a: Skarmory|Roost|p1a: Skarmory\n|-heal|p1a: Skarmory|91/100\n|-singleturn|p1a: Skarmory|move: Roost\n|\n|-weather|RainDance|[upkeep]\n|-heal|p2a: Pelipper|64/100|[from] item: Leftovers\n|upkeep\n|turn|20\n|\n|t:|1782449930\n|move|p1a: Skarmory|Brave Bird|p2a: Pelipper\n|-damage|p2a: Pelipper|30/100\n|-damage|p1a: Skarmory|80/100|[from] Recoil\n|move|p2a: Pelipper|Roost|p2a: Pelipper\n|-heal|p2a: Pelipper|80/100\n|-singleturn|p2a: Pelipper|move: Roost\n|\n|-weather|none\n|-heal|p2a: Pelipper|86/100|[from] item: Leftovers\n|upkeep\n|turn|21\n|\n|t:|1782449957\n|move|p2a: Pelipper|Protect|p2a: Pelipper\n|-singleturn|p2a: Pelipper|Protect\n|move|p1a: Skarmory|Brave Bird|p2a: Pelipper\n|-activate|p2a: Pelipper|move: Protect\n|\n|-heal|p2a: Pelipper|92/100|[from] item: Leftovers\n|upkeep\n|turn|22\n|\n|t:|1782449969\n|move|p1a: Skarmory|Roost|p1a: Skarmory\n|-heal|p1a: Skarmory|100/100\n|-singleturn|p1a: Skarmory|move: Roost\n|move|p2a: Pelipper|Ice Beam|p1a: Skarmory\n|-resisted|p1a: Skarmory\n|-damage|p1a: Skarmory|86/100\n|\n|-heal|p2a: Pelipper|98/100|[from] item: Leftovers\n|upkeep\n|turn|23\n|\n|t:|1782449979\n|move|p1a: Skarmory|Spikes|p2a: Pelipper\n|-sidestart|p2: hhxhhb|Spikes\n|move|p2a: Pelipper|Hurricane|p1a: Skarmory\n|-resisted|p1a: Skarmory\n|-damage|p1a: Skarmory|61/100\n|\n|-heal|p2a: Pelipper|100/100|[from] item: Leftovers\n|upkeep\n|turn|24\n|\n|t:|1782449988\n|move|p1a: Skarmory|Roost|p1a: Skarmory\n|-heal|p1a: Skarmory|100/100\n|-singleturn|p1a: Skarmory|move: Roost\n|move|p2a: Pelipper|Hurricane|p1a: Skarmory\n|-resisted|p1a: Skarmory\n|-damage|p1a: Skarmory|76/100\n|\n|upkeep\n|turn|25\n|\n|t:|1782450015\n|move|p1a: Skarmory|Spikes|p2a: Pelipper\n|-sidestart|p2: hhxhhb|Spikes\n|move|p2a: Pelipper|Hurricane|p1a: Skarmory\n|-resisted|p1a: Skarmory\n|-damage|p1a: Skarmory|53/100\n|\n|upkeep\n|turn|26\n|\n|t:|1782450034\n|move|p1a: Skarmory|Roost|p1a: Skarmory\n|-heal|p1a: Skarmory|100/100\n|-singleturn|p1a: Skarmory|move: Roost\n|move|p2a: Pelipper|Hurricane|p1a: Skarmory\n|-resisted|p1a: Skarmory\n|-damage|p1a: Skarmory|75/100\n|\n|upkeep\n|turn|27\n|\n|t:|1782450044\n|move|p2a: Pelipper|Hurricane|p1a: Skarmory\n|-resisted|p1a: Skarmory\n|-damage|p1a: Skarmory|51/100\n|move|p1a: Skarmory|Whirlwind||[still]\n|-fail|p1a: Skarmory\n|\n|upkeep\n|turn|28\n|\n|t:|1782450051\n|move|p1a: Skarmory|Roost|p1a: Skarmory\n|-heal|p1a: Skarmory|100/100\n|-singleturn|p1a: Skarmory|move: Roost\n|move|p2a: Pelipper|Hurricane|p1a: Skarmory\n|-resisted|p1a: Skarmory\n|-damage|p1a: Skarmory|78/100\n|-start|p1a: Skarmory|confusion\n|\n|upkeep\n|turn|29\n|\n|t:|1782450066\n|-activate|p1a: Skarmory|confusion\n|move|p1a: Skarmory|Brave Bird|p2a: Pelipper\n|-damage|p2a: Pelipper|69/100\n|-damage|p1a: Skarmory|67/100|[from] Recoil\n|move|p2a: Pelipper|Hurricane|p1a: Skarmory|[miss]\n|-miss|p2a: Pelipper|p1a: Skarmory\n|\n|-heal|p2a: Pelipper|75/100|[from] item: Leftovers\n|upkeep\n|turn|30\n|\n|t:|1782450080\n|-activate|p1a: Skarmory|confusion\n|-damage|p1a: Skarmory|63/100|[from] confusion\n|move|p2a: Pelipper|Hurricane|p1a: Skarmory\n|-resisted|p1a: Skarmory\n|-damage|p1a: Skarmory|38/100\n|\n|-heal|p2a: Pelipper|81/100|[from] item: Leftovers\n|upkeep\n|turn|31\n|\n|t:|1782450089\n|-activate|p1a: Skarmory|confusion\n|move|p1a: Skarmory|Roost|p1a: Skarmory\n|-heal|p1a: Skarmory|88/100\n|-singleturn|p1a: Skarmory|move: Roost\n|move|p2a: Pelipper|Hurricane|p1a: Skarmory\n|-resisted|p1a: Skarmory\n|-damage|p1a: Skarmory|65/100\n|\n|-heal|p2a: Pelipper|87/100|[from] item: Leftovers\n|upkeep\n|turn|32\n|\n|t:|1782450114\n|-end|p1a: Skarmory|confusion\n|move|p1a: Skarmory|Brave Bird|p2a: Pelipper\n|-damage|p2a: Pelipper|57/100\n|-damage|p1a: Skarmory|55/100|[from] Recoil\n|move|p2a: Pelipper|Ice Beam|p1a: Skarmory\n|-damage|p1a: Skarmory|28/100\n|\n|-heal|p2a: Pelipper|63/100|[from] item: Leftovers\n|upkeep\n|turn|33\n|\n|t:|1782450128\n|move|p1a: Skarmory|Roost|p1a: Skarmory\n|-heal|p1a: Skarmory|78/100\n|-singleturn|p1a: Skarmory|move: Roost\n|move|p2a: Pelipper|Ice Beam|p1a: Skarmory\n|-resisted|p1a: Skarmory\n|-damage|p1a: Skarmory|64/100\n|\n|-heal|p2a: Pelipper|69/100|[from] item: Leftovers\n|upkeep\n|turn|34\n|\n|t:|1782450150\n|move|p1a: Skarmory|Roost|p1a: Skarmory\n|-heal|p1a: Skarmory|100/100\n|-singleturn|p1a: Skarmory|move: Roost\n|move|p2a: Pelipper|Ice Beam|p1a: Skarmory\n|-resisted|p1a: Skarmory\n|-damage|p1a: Skarmory|88/100\n|\n|-heal|p2a: Pelipper|75/100|[from] item: Leftovers\n|upkeep\n|turn|35\n|\n|t:|1782450161\n|move|p1a: Skarmory|Brave Bird|p2a: Pelipper\n|-damage|p2a: Pelipper|42/100\n|-damage|p1a: Skarmory|77/100|[from] Recoil\n|move|p2a: Pelipper|Ice Beam|p1a: Skarmory\n|-damage|p1a: Skarmory|50/100\n|\n|-heal|p2a: Pelipper|48/100|[from] item: Leftovers\n|upkeep\n|turn|36\n|\n|t:|1782450173\n|move|p2a: Pelipper|Protect|p2a: Pelipper\n|-singleturn|p2a: Pelipper|Protect\n|move|p1a: Skarmory|Brave Bird|p2a: Pelipper\n|-activate|p2a: Pelipper|move: Protect\n|\n|-heal|p2a: Pelipper|54/100|[from] item: Leftovers\n|upkeep\n|turn|37\n|\n|t:|1782450182\n|move|p1a: Skarmory|Brave Bird|p2a: Pelipper\n|-damage|p2a: Pelipper|21/100\n|-damage|p1a: Skarmory|40/100|[from] Recoil\n|move|p2a: Pelipper|Roost|p2a: Pelipper\n|-heal|p2a: Pelipper|71/100\n|-singleturn|p2a: Pelipper|move: Roost\n|\n|-heal|p2a: Pelipper|78/100|[from] item: Leftovers\n|upkeep\n|turn|38\n|\n|t:|1782450193\n|move|p1a: Skarmory|Brave Bird|p2a: Pelipper\n|-damage|p2a: Pelipper|48/100\n|-damage|p1a: Skarmory|30/100|[from] Recoil\n|move|p2a: Pelipper|Ice Beam|p1a: Skarmory\n|-crit|p1a: Skarmory\n|-damage|p1a: Skarmory|0 fnt\n|faint|p1a: Skarmory\n|\n|win|hhxhhb\n|raw|flipzy1854's rating: 1049 &rarr; <strong>1029</strong><br />(-20 for losing)\n|raw|hhxhhb's rating: 1000 &rarr; <strong>1046</strong><br />(+46 for winning)\n", "uploadtime": 1782450203, "views": 16, "formatid": "gen9ou", "rating": 1029, "private": 0, "password": null}