{"id": "gen9ou-2647693133", "format": "[Gen 9] OU", "players": ["lucyystp", "Aight8755"], "log": "|j|‽lucyystp\n|j|☆Aight8755\n|t:|1783797264\n|gametype|singles\n|player|p1|lucyystp|dawn|1080\n|player|p2|Aight8755|youngcouple-gen4dp|1162\n|gen|9\n|tier|[Gen 9] OU\n|rated|\n|rule|HP Percentage Mod: HP is shown in percentages\n|rule|Endless Battle Clause: Forcing endless battles is banned\n|rule|Species Clause: Limit one of each Pokémon\n|rule|OHKO Clause: OHKO moves are banned\n|rule|Evasion Items Clause: Evasion items are banned\n|rule|Evasion Moves Clause: Evasion moves are banned\n|rule|Evasion Abilities Clause: Evasion abilities are banned\n|rule|Sleep Moves Clause: Sleep-inducing moves are banned\n|clearpoke\n|poke|p1|Whimsicott, F|\n|poke|p1|Kingambit, F|\n|poke|p1|Great Tusk|\n|poke|p1|Dragapult, M|\n|poke|p1|Dragonite, F|\n|poke|p1|Iron Valiant|\n|poke|p2|Darkrai|\n|poke|p2|Iron Valiant|\n|poke|p2|Heatran, M|\n|poke|p2|Dragapult, M|\n|poke|p2|Glastrier|\n|poke|p2|Corviknight, F|\n|teampreview\n|inactive|Battle timer is ON: inactive players will automatically lose when time's up. (requested by Aight8755)\n|\n|t:|1783797282\n|teamsize|p1|6\n|teamsize|p2|6\n|start\n|switch|p1a: Whimsicott|Whimsicott, F, shiny|100/100\n|switch|p2a: Darkrai|Darkrai|100/100\n|turn|1\n|\n|t:|1783797289\n|move|p1a: Whimsicott|Tailwind|p1a: Whimsicott\n|-sidestart|p1: lucyystp|move: Tailwind\n|move|p2a: Darkrai|Thunder Wave|p1a: Whimsicott\n|-status|p1a: Whimsicott|par\n|\n|upkeep\n|turn|2\n|\n|t:|1783797295\n|switch|p2a: Heatran|Heatran, M|100/100\n|move|p1a: Whimsicott|Memento|p2a: Heatran\n|-unboost|p2a: Heatran|atk|2\n|-unboost|p2a: Heatran|spa|2\n|faint|p1a: Whimsicott\n|\n|upkeep\n|\n|t:|1783797303\n|switch|p1a: Dragonite|Dragonite, F|100/100\n|turn|3\n|\n|t:|1783797306\n|move|p1a: Dragonite|Dragon Dance|p1a: Dragonite\n|-boost|p1a: Dragonite|atk|1\n|-boost|p1a: Dragonite|spe|1\n|move|p2a: Heatran|Will-O-Wisp|p1a: Dragonite\n|-status|p1a: Dragonite|brn\n|\n|-damage|p1a: Dragonite|94/100 brn|[from] brn\n|upkeep\n|turn|4\n|\n|t:|1783797312\n|switch|p2a: Glastrier|Glastrier|100/100\n|move|p1a: Dragonite|Earthquake|p2a: Glastrier\n|-damage|p2a: Glastrier|83/100\n|\n|-heal|p2a: Glastrier|90/100|[from] item: Leftovers\n|-damage|p1a: Dragonite|88/100 brn|[from] brn\n|-sideend|p1: lucyystp|move: Tailwind\n|upkeep\n|turn|5\n|\n|t:|1783797330\n|-terastallize|p1a: Dragonite|Normal\n|move|p1a: Dragonite|Dragon Dance|p1a: Dragonite\n|-boost|p1a: Dragonite|atk|1\n|-boost|p1a: Dragonite|spe|1\n|move|p2a: Glastrier|Avalanche|p1a: Dragonite\n|-damage|p1a: Dragonite|49/100 brn\n|\n|-heal|p2a: Glastrier|96/100|[from] item: Leftovers\n|-damage|p1a: Dragonite|43/100 brn|[from] brn\n|upkeep\n|turn|6\n|\n|t:|1783797338\n|move|p1a: Dragonite|Extreme Speed|p2a: Glastrier\n|-damage|p2a: Glastrier|68/100\n|move|p2a: Glastrier|Avalanche|p1a: Dragonite\n|-damage|p1a: Dragonite|0 fnt\n|faint|p1a: Dragonite\n|-ability|p2a: Glastrier|Chilling Neigh|boost\n|-boost|p2a: Glastrier|atk|1\n|\n|-heal|p2a: Glastrier|74/100|[from] item: Leftovers\n|upkeep\n|\n|t:|1783797348\n|switch|p1a: Dragapult|Dragapult, M|100/100\n|turn|7\n|\n|t:|1783797352\n|switch|p2a: Heatran|Heatran, M|100/100\n|move|p1a: Dragapult|Flamethrower|p2a: Heatran\n|-damage|p2a: Heatran|66/100\n|\n|-heal|p2a: Heatran|72/100|[from] item: Leftovers\n|upkeep\n|turn|8\n|\n|t:|1783797358\n|switch|p1a: Great Tusk|Great Tusk|100/100\n|move|p2a: Heatran|Stealth Rock|p1a: Great Tusk\n|-sidestart|p1: lucyystp|move: Stealth Rock\n|\n|-heal|p2a: Heatran|79/100|[from] item: Leftovers\n|upkeep\n|turn|9\n|\n|t:|1783797361\n|move|p1a: Great Tusk|Earthquake|p2a: Heatran\n|-supereffective|p2a: Heatran\n|-damage|p2a: Heatran|0 fnt\n|faint|p2a: Heatran\n|\n|upkeep\n|\n|t:|1783797365\n|switch|p2a: Iron Valiant|Iron Valiant|100/100\n|turn|10\n|\n|t:|1783797373\n|move|p2a: Iron Valiant|Moonblast|p1a: Great Tusk\n|-supereffective|p1a: Great Tusk\n|-damage|p1a: Great Tusk|0 fnt\n|faint|p1a: Great Tusk\n|-end|p1a: Great Tusk|Protosynthesis|[silent]\n|\n|upkeep\n|\n|t:|1783797379\n|switch|p1a: Kingambit|Kingambit, F|100/100\n|-damage|p1a: Kingambit|94/100|[from] Stealth Rock\n|-activate|p1a: Kingambit|ability: Supreme Overlord\n|-start|p1a: Kingambit|fallen3|[silent]\n|turn|11\n|\n|t:|1783797391\n|-terastallize|p2a: Iron Valiant|Fairy\n|move|p2a: Iron Valiant|Moonblast|p1a: Kingambit\n|-damage|p1a: Kingambit|0 fnt\n|faint|p1a: Kingambit\n|-end|p1a: Kingambit|fallen3|[silent]\n|\n|upkeep\n|\n|t:|1783797400\n|switch|p1a: Iron Valiant|Iron Valiant|100/100\n|-damage|p1a: Iron Valiant|94/100|[from] Stealth Rock\n|-enditem|p1a: Iron Valiant|Booster Energy\n|-activate|p1a: Iron Valiant|ability: Quark Drive|[fromitem]\n|-start|p1a: Iron Valiant|quarkdrivespe\n|turn|12\n|\n|t:|1783797409\n|move|p1a: Iron Valiant|Shadow Ball|p2a: Iron Valiant\n|-damage|p2a: Iron Valiant|50/100\n|move|p2a: Iron Valiant|Moonblast|p1a: Iron Valiant\n|-supereffective|p1a: Iron Valiant\n|-damage|p1a: Iron Valiant|0 fnt\n|faint|p1a: Iron Valiant\n|-end|p1a: Iron Valiant|Quark Drive|[silent]\n|\n|upkeep\n|\n|t:|1783797413\n|switch|p1a: Dragapult|Dragapult, M|100/100\n|-damage|p1a: Dragapult|88/100|[from] Stealth Rock\n|turn|13\n|\n|t:|1783797416\n|move|p1a: Dragapult|Shadow Ball|p2a: Iron Valiant\n|-crit|p2a: Iron Valiant\n|-damage|p2a: Iron Valiant|0 fnt\n|faint|p2a: Iron Valiant\n|-end|p2a: Iron Valiant|Quark Drive|[silent]\n|\n|upkeep\n|\n|t:|1783797419\n|switch|p2a: Darkrai|Darkrai|100/100\n|turn|14\n|\n|t:|1783797423\n|move|p2a: Darkrai|Dark Pulse|p1a: Dragapult\n|-supereffective|p1a: Dragapult\n|-damage|p1a: Dragapult|0 fnt\n|faint|p1a: Dragapult\n|\n|win|Aight8755\n|raw|lucyystp's rating: 1080 &rarr; <strong>1063</strong><br />(-17 for losing)\n|raw|Aight8755's rating: 1162 &rarr; <strong>1181</strong><br />(+19 for winning)\n|l|‽lucyystp\n|player|p1|\n", "uploadtime": 1783797435, "views": 8, "formatid": "gen9ou", "rating": 1063, "private": 0, "password": null}