{"id": "gen9ou-2540827851", "format": "[Gen 9] OU", "players": ["flandre727", "hyonparkdalton"], "log": "|j|☆flandre727\n|j|☆hyonparkdalton\n|t:|1771258218\n|gametype|singles\n|player|p1|flandre727|dawn-gen4pt|1738\n|player|p2|hyonparkdalton|yancy|1643\n|gen|9\n|tier|[Gen 9] OU\n|rated|\n|rule|HP Percentage Mod: HP is shown in percentages\n|rule|Endless Battle Clause: Forcing endless battles is banned\n|rule|Species Clause: Limit one of each Pokémon\n|rule|OHKO Clause: OHKO moves are banned\n|rule|Evasion Items Clause: Evasion items are banned\n|rule|Evasion Moves Clause: Evasion moves are banned\n|rule|Evasion Abilities Clause: Evasion abilities are banned\n|rule|Sleep Moves Clause: Sleep-inducing moves are banned\n|clearpoke\n|poke|p1|Gliscor, M|\n|poke|p1|Alomomola, F|\n|poke|p1|Pecharunt|\n|poke|p1|Great Tusk|\n|poke|p1|Weavile, F|\n|poke|p1|Iron Crown|\n|poke|p2|Meowscarada, F|\n|poke|p2|Dragapult, F|\n|poke|p2|Corviknight, M|\n|poke|p2|Great Tusk|\n|poke|p2|Alomomola, F|\n|poke|p2|Dragonite, M|\n|teampreview\n|c|☆flandre727|hf\n|j| Ctannn\n|\n|t:|1771258253\n|teamsize|p1|6\n|teamsize|p2|6\n|start\n|switch|p1a: Gliscor|Gliscor, M|100/100\n|switch|p2a: Corviknight|Corviknight, M|100/100\n|-ability|p2a: Corviknight|Pressure\n|turn|1\n|\n|t:|1771258265\n|switch|p2a: Alomomola|Alomomola, F|100/100\n|move|p1a: Gliscor|Spikes|p2a: Alomomola\n|-sidestart|p2: hyonparkdalton|Spikes\n|\n|-status|p1a: Gliscor|tox|[from] item: Toxic Orb\n|upkeep\n|turn|2\n|c|☆hyonparkdalton|u2\n|j| hbgzd\n|\n|t:|1771258274\n|move|p1a: Gliscor|Toxic|p2a: Alomomola\n|-status|p2a: Alomomola|tox\n|move|p2a: Alomomola|Icy Wind|p1a: Gliscor\n|-supereffective|p1a: Gliscor\n|-damage|p1a: Gliscor|66/100 tox\n|-unboost|p1a: Gliscor|spe|1\n|\n|-heal|p1a: Gliscor|79/100 tox|[from] ability: Poison Heal\n|-damage|p2a: Alomomola|94/100 tox|[from] psn\n|upkeep\n|turn|3\n|\n|t:|1771258288\n|switch|p2a: Corviknight|Corviknight, M|100/100\n|-ability|p2a: Corviknight|Pressure\n|move|p1a: Gliscor|Spikes|p2a: Corviknight\n|-sidestart|p2: hyonparkdalton|Spikes\n|\n|-heal|p1a: Gliscor|91/100 tox|[from] ability: Poison Heal\n|upkeep\n|turn|4\n|\n|t:|1771258298\n|switch|p1a: Alomomola|Alomomola, F|100/100\n|move|p2a: Corviknight|Iron Defense|p2a: Corviknight\n|-boost|p2a: Corviknight|def|2\n|\n|upkeep\n|turn|5\n|\n|t:|1771258306\n|switch|p2a: Alomomola|Alomomola, F|100/100 tox\n|-damage|p2a: Alomomola|84/100 tox|[from] Spikes\n|move|p1a: Alomomola|Flip Turn|p2a: Alomomola\n|-resisted|p2a: Alomomola\n|-crit|p2a: Alomomola\n|-damage|p2a: Alomomola|75/100 tox\n|\n|t:|1771258317\n|switch|p1a: Weavile|Weavile, F|100/100|[from] Flip Turn\n|-ability|p1a: Weavile|Pressure\n|\n|-damage|p2a: Alomomola|69/100 tox|[from] psn\n|upkeep\n|turn|6\n|\n|t:|1771258325\n|move|p1a: Weavile|Knock Off|p2a: Alomomola\n|-damage|p2a: Alomomola|39/100 tox\n|-enditem|p2a: Alomomola|Assault Vest|[from] move: Knock Off|[of] p1a: Weavile\n|move|p2a: Alomomola|Play Rough|p1a: Weavile\n|-supereffective|p1a: Weavile\n|-damage|p1a: Weavile|43/100\n|\n|-damage|p2a: Alomomola|26/100 tox|[from] psn\n|upkeep\n|turn|7\n|\n|t:|1771258332\n|switch|p2a: Corviknight|Corviknight, M|100/100\n|-ability|p2a: Corviknight|Pressure\n|move|p1a: Weavile|Knock Off|p2a: Corviknight\n|-damage|p2a: Corviknight|71/100\n|-damage|p1a: Weavile|26/100|[from] item: Rocky Helmet|[of] p2a: Corviknight\n|-enditem|p2a: Corviknight|Rocky Helmet|[from] move: Knock Off|[of] p1a: Weavile\n|\n|upkeep\n|turn|8\n|\n|t:|1771258341\n|switch|p1a: Alomomola|Alomomola, F|100/100\n|move|p2a: Corviknight|Roost|p2a: Corviknight\n|-heal|p2a: Corviknight|100/100\n|-singleturn|p2a: Corviknight|move: Roost\n|\n|upkeep\n|turn|9\n|\n|t:|1771258346\n|switch|p2a: Alomomola|Alomomola, F|60/100 tox\n|-damage|p2a: Alomomola|43/100 tox|[from] Spikes\n|move|p1a: Alomomola|Flip Turn|p2a: Alomomola\n|-resisted|p2a: Alomomola\n|-damage|p2a: Alomomola|37/100 tox\n|l| hbgzd\n|\n|t:|1771258349\n|switch|p1a: Iron Crown|Iron Crown|100/100|[from] Flip Turn\n|\n|-damage|p2a: Alomomola|31/100 tox|[from] psn\n|upkeep\n|turn|10\n|\n|t:|1771258361\n|move|p1a: Iron Crown|Psychic Noise|p2a: Alomomola\n|-damage|p2a: Alomomola|0 fnt\n|faint|p2a: Alomomola\n|\n|upkeep\n|\n|t:|1771258390\n|switch|p2a: Dragapult|Dragapult, F|100/100\n|-damage|p2a: Dragapult|84/100|[from] Spikes\n|turn|11\n|\n|t:|1771258400\n|-end|p1a: Iron Crown|Quark Drive|[silent]\n|switch|p1a: Alomomola|Alomomola, F|100/100\n|move|p2a: Dragapult|Shadow Ball|p1a: Alomomola\n|-damage|p1a: Alomomola|74/100\n|\n|upkeep\n|turn|12\n|\n|t:|1771258404\n|move|p2a: Dragapult|Shadow Ball|p1a: Alomomola\n|-damage|p1a: Alomomola|48/100\n|move|p1a: Alomomola|Flip Turn|p2a: Dragapult\n|-resisted|p2a: Dragapult\n|-damage|p2a: Dragapult|72/100\n|\n|t:|1771258414\n|switch|p1a: Gliscor|Gliscor, M|91/100 tox|[from] Flip Turn\n|\n|-heal|p1a: Gliscor|100/100 tox|[from] ability: Poison Heal\n|upkeep\n|turn|13\n|\n|t:|1771258431\n|switch|p2a: Corviknight|Corviknight, M|100/100\n|-ability|p2a: Corviknight|Pressure\n|move|p1a: Gliscor|Spikes|p2a: Corviknight\n|-sidestart|p2: hyonparkdalton|Spikes\n|\n|upkeep\n|turn|14\n|\n|t:|1771258436\n|switch|p1a: Alomomola|Alomomola, F|81/100\n|move|p2a: Corviknight|Iron Defense|p2a: Corviknight\n|-boost|p2a: Corviknight|def|2\n|\n|upkeep\n|turn|15\n|\n|t:|1771258446\n|switch|p2a: Great Tusk|Great Tusk|100/100\n|move|p1a: Alomomola|Flip Turn|p2a: Great Tusk\n|-supereffective|p2a: Great Tusk\n|-damage|p2a: Great Tusk|74/100\n|\n|t:|1771258451\n|switch|p1a: Iron Crown|Iron Crown|100/100|[from] Flip Turn\n|\n|upkeep\n|turn|16\n|\n|t:|1771258495\n|-end|p1a: Iron Crown|Quark Drive|[silent]\n|switch|p1a: Pecharunt|Pecharunt|100/100\n|-end|p2a: Great Tusk|Protosynthesis|[silent]\n|switch|p2a: Corviknight|Corviknight, M|100/100\n|-ability|p2a: Corviknight|Pressure\n|\n|upkeep\n|turn|17\n|\n|t:|1771258508\n|move|p1a: Pecharunt|Parting Shot|p2a: Corviknight\n|-unboost|p2a: Corviknight|atk|1\n|-unboost|p2a: Corviknight|spa|1\n|\n|t:|1771258512\n|switch|p1a: Iron Crown|Iron Crown|100/100|[from] Parting Shot\n|move|p2a: Corviknight|U-turn|p1a: Iron Crown\n|-damage|p1a: Iron Crown|90/100\n|\n|t:|1771258517\n|switch|p2a: Dragapult|Dragapult, F|72/100|[from] U-turn\n|-damage|p2a: Dragapult|47/100|[from] Spikes\n|\n|upkeep\n|turn|18\n|\n|t:|1771258531\n|-end|p1a: Iron Crown|Quark Drive|[silent]\n|switch|p1a: Alomomola|Alomomola, F|100/100\n|move|p2a: Dragapult|Shadow Ball|p1a: Alomomola\n|-damage|p1a: Alomomola|74/100\n|-unboost|p1a: Alomomola|spd|1\n|\n|upkeep\n|turn|19\n|\n|t:|1771258534\n|move|p2a: Dragapult|Shadow Ball|p1a: Alomomola\n|-damage|p1a: Alomomola|36/100\n|-unboost|p1a: Alomomola|spd|1\n|move|p1a: Alomomola|Flip Turn|p2a: Dragapult\n|-resisted|p2a: Dragapult\n|-damage|p2a: Dragapult|36/100\n|\n|t:|1771258539\n|switch|p1a: Weavile|Weavile, F|26/100|[from] Flip Turn\n|-ability|p1a: Weavile|Pressure\n|\n|upkeep\n|turn|20\n|\n|t:|1771258542\n|switch|p2a: Corviknight|Corviknight, M|100/100\n|-ability|p2a: Corviknight|Pressure\n|move|p1a: Weavile|Ice Shard|p2a: Corviknight\n|-damage|p2a: Corviknight|87/100\n|\n|upkeep\n|turn|21\n|\n|t:|1771258545\n|switch|p1a: Alomomola|Alomomola, F|69/100\n|move|p2a: Corviknight|Body Press|p1a: Alomomola\n|-damage|p1a: Alomomola|52/100\n|\n|upkeep\n|turn|22\n|\n|t:|1771258556\n|move|p2a: Corviknight|Iron Defense|p2a: Corviknight\n|-boost|p2a: Corviknight|def|2\n|move|p1a: Alomomola|Flip Turn|p2a: Corviknight\n|-damage|p2a: Corviknight|81/100\n|\n|t:|1771258559\n|switch|p1a: Iron Crown|Iron Crown|90/100|[from] Flip Turn\n|\n|upkeep\n|turn|23\n|\n|t:|1771258564\n|move|p1a: Iron Crown|Volt Switch|p2a: Corviknight\n|-supereffective|p2a: Corviknight\n|-damage|p2a: Corviknight|14/100\n|\n|t:|1771258571\n|-end|p1a: Iron Crown|Quark Drive|[silent]\n|switch|p1a: Alomomola|Alomomola, F|85/100|[from] Volt Switch\n|move|p2a: Corviknight|Body Press|p1a: Alomomola\n|-damage|p1a: Alomomola|48/100\n|\n|upkeep\n|turn|24\n|\n|t:|1771258575\n|move|p2a: Corviknight|Roost|p2a: Corviknight\n|-heal|p2a: Corviknight|64/100\n|-singleturn|p2a: Corviknight|move: Roost\n|move|p1a: Alomomola|Flip Turn|p2a: Corviknight\n|-damage|p2a: Corviknight|58/100\n|\n|t:|1771258577\n|switch|p1a: Iron Crown|Iron Crown|90/100|[from] Flip Turn\n|\n|upkeep\n|turn|25\n|j| hbgzd\n|\n|t:|1771258589\n|switch|p2a: Great Tusk|Great Tusk|74/100\n|move|p1a: Iron Crown|Tachyon Cutter|p2a: Great Tusk\n|-damage|p2a: Great Tusk|21/100\n|-damage|p2a: Great Tusk|0 fnt\n|faint|p2a: Great Tusk\n|-end|p2a: Great Tusk|Protosynthesis|[silent]\n|-hitcount|p2: Great Tusk|2\n|\n|upkeep\n|\n|t:|1771258594\n|switch|p2a: Meowscarada|Meowscarada, F|100/100\n|-damage|p2a: Meowscarada|76/100|[from] Spikes\n|turn|26\n|\n|t:|1771258609\n|-end|p1a: Iron Crown|Quark Drive|[silent]\n|switch|p1a: Pecharunt|Pecharunt|100/100\n|move|p2a: Meowscarada|Knock Off|p1a: Pecharunt\n|-start|p2a: Meowscarada|typechange|Dark|[from] ability: Protean\n|-supereffective|p1a: Pecharunt\n|-damage|p1a: Pecharunt|32/100\n|-enditem|p1a: Pecharunt|Heavy-Duty Boots|[from] move: Knock Off|[of] p2a: Meowscarada\n|\n|upkeep\n|turn|27\n|\n|t:|1771258612\n|switch|p1a: Great Tusk|Great Tusk|100/100\n|move|p2a: Meowscarada|Knock Off|p1a: Great Tusk\n|-resisted|p1a: Great Tusk\n|-damage|p1a: Great Tusk|78/100\n|-damage|p2a: Meowscarada|59/100|[from] item: Rocky Helmet|[of] p1a: Great Tusk\n|-enditem|p1a: Great Tusk|Rocky Helmet|[from] move: Knock Off|[of] p2a: Meowscarada\n|\n|upkeep\n|turn|28\n|\n|t:|1771258617\n|switch|p2a: Corviknight|Corviknight, M|58/100\n|-ability|p2a: Corviknight|Pressure\n|move|p1a: Great Tusk|Stealth Rock|p2a: Corviknight\n|-sidestart|p2: hyonparkdalton|move: Stealth Rock\n|\n|upkeep\n|turn|29\n|\n|t:|1771258623\n|-end|p1a: Great Tusk|Protosynthesis|[silent]\n|switch|p1a: Pecharunt|Pecharunt|32/100\n|move|p2a: Corviknight|Roost|p2a: Corviknight\n|-heal|p2a: Corviknight|100/100\n|-singleturn|p2a: Corviknight|move: Roost\n|\n|upkeep\n|turn|30\n|\n|t:|1771258631\n|move|p1a: Pecharunt|Recover|p1a: Pecharunt\n|-heal|p1a: Pecharunt|83/100\n|move|p2a: Corviknight|U-turn|p1a: Pecharunt\n|-resisted|p1a: Pecharunt\n|-damage|p1a: Pecharunt|81/100\n|\n|t:|1771258660\n|switch|p2a: Dragonite|Dragonite, M|100/100|[from] U-turn\n|\n|upkeep\n|turn|31\n|\n|t:|1771258677\n|move|p2a: Dragonite|Dragon Dance|p2a: Dragonite\n|-boost|p2a: Dragonite|atk|1\n|-boost|p2a: Dragonite|spe|1\n|move|p1a: Pecharunt|Malignant Chain|p2a: Dragonite\n|-damage|p2a: Dragonite|84/100\n|\n|upkeep\n|turn|32\n|\n|t:|1771258689\n|-terastallize|p1a: Pecharunt|Dark\n|move|p2a: Dragonite|Dragon Dance|p2a: Dragonite\n|-boost|p2a: Dragonite|atk|1\n|-boost|p2a: Dragonite|spe|1\n|move|p1a: Pecharunt|Foul Play|p2a: Dragonite\n|-damage|p2a: Dragonite|0 fnt\n|faint|p2a: Dragonite\n|\n|upkeep\n|c|☆hyonparkdalton|gg\n|c|☆flandre727|gg\n|-message|hyonparkdalton forfeited.\n|\n|win|flandre727\n|raw|flandre727's rating: 1738 &rarr; <strong>1753</strong><br />(+15 for winning)\n|raw|hyonparkdalton's rating: 1643 &rarr; <strong>1628</strong><br />(-15 for losing)\n|l|☆flandre727\n|player|p1|\n|l|☆hyonparkdalton\n|player|p2|\n|j| Ghxt_dummy\n|l| Ghxt_dummy\n|l| Ctannn\n", "uploadtime": 1771258895, "views": 7, "formatid": "gen9ou", "rating": 1628, "private": 0, "password": null}