{"id": "gen9ou-2639204278", "format": "[Gen 9] OU", "players": ["tauros3", "v1n001"], "log": "|j|☆tauros3\n|j|‽v1n001\n|t:|1782433679\n|gametype|singles\n|player|p1|tauros3|swimmer-gen4dp|1722\n|player|p2|v1n001|1|1732\n|gen|9\n|tier|[Gen 9] OU\n|rated|\n|rule|HP Percentage Mod: HP is shown in percentages\n|rule|Endless Battle Clause: Forcing endless battles is banned\n|rule|Species Clause: Limit one of each Pokémon\n|rule|OHKO Clause: OHKO moves are banned\n|rule|Evasion Items Clause: Evasion items are banned\n|rule|Evasion Moves Clause: Evasion moves are banned\n|rule|Evasion Abilities Clause: Evasion abilities are banned\n|rule|Sleep Moves Clause: Sleep-inducing moves are banned\n|clearpoke\n|poke|p1|Ninetales-Alola, M|\n|poke|p1|Kyurem|\n|poke|p1|Moltres-Galar|\n|poke|p1|Ursaluna, F|\n|poke|p1|Diancie|\n|poke|p1|Hatterene, F|\n|poke|p2|Raging Bolt|\n|poke|p2|Alomomola, F|\n|poke|p2|Ting-Lu|\n|poke|p2|Weezing-Galar, F|\n|poke|p2|Landorus-Therian, M|\n|poke|p2|Ogerpon-Wellspring, F|\n|teampreview\n|inactive|Battle timer is ON: inactive players will automatically lose when time's up. (requested by v1n001)\n|inactive|tauros3 also wants the timer to be on.\n|\n|t:|1782433686\n|teamsize|p1|6\n|teamsize|p2|6\n|start\n|switch|p1a: Pink Triangle|Hatterene, F|100/100\n|switch|p2a: Weezing|Weezing-Galar, F, shiny|100/100\n|-ability|p2a: Weezing|Neutralizing Gas\n|turn|1\n|\n|t:|1782433692\n|move|p2a: Weezing|Sludge Bomb|p1a: Pink Triangle\n|-supereffective|p1a: Pink Triangle\n|-damage|p1a: Pink Triangle|38/100\n|-status|p1a: Pink Triangle|psn\n|move|p1a: Pink Triangle|Trick Room|p1a: Pink Triangle\n|-fieldstart|move: Trick Room|[of] p1a: Pink Triangle\n|\n|-damage|p1a: Pink Triangle|26/100 psn|[from] psn\n|upkeep\n|turn|2\n|\n|t:|1782433698\n|-end|p2a: Weezing|ability: Neutralizing Gas\n|switch|p2a: Alomomola|Alomomola, F, shiny|100/100\n|move|p1a: Pink Triangle|Dazzling Gleam|p2a: Alomomola\n|-damage|p2a: Alomomola|55/100\n|\n|-damage|p1a: Pink Triangle|13/100 psn|[from] psn\n|upkeep\n|turn|3\n|\n|t:|1782433702\n|move|p1a: Pink Triangle|Psychic Noise|p2a: Alomomola\n|-damage|p2a: Alomomola|11/100\n|-start|p2a: Alomomola|move: Heal Block\n|cant|p2a: Alomomola|move: Heal Block|Wish\n|\n|-damage|p1a: Pink Triangle|1/100 psn|[from] psn\n|upkeep\n|turn|4\n|\n|t:|1782433708\n|move|p1a: Pink Triangle|Dazzling Gleam|p2a: Alomomola\n|-damage|p2a: Alomomola|0 fnt\n|faint|p2a: Alomomola\n|\n|-damage|p1a: Pink Triangle|0 fnt|[from] psn\n|faint|p1a: Pink Triangle\n|upkeep\n|\n|t:|1782433715\n|switch|p1a: El Scorcho|Ursaluna, F|100/100\n|switch|p2a: Landorus|Landorus-Therian, M, shiny|100/100\n|-ability|p2a: Landorus|Intimidate|boost\n|-unboost|p1a: El Scorcho|atk|1\n|turn|5\n|\n|t:|1782433719\n|move|p1a: El Scorcho|Swords Dance|p1a: El Scorcho\n|-boost|p1a: El Scorcho|atk|2\n|move|p2a: Landorus|Grass Knot|p1a: El Scorcho\n|-supereffective|p1a: El Scorcho\n|-crit|p1a: El Scorcho\n|-damage|p1a: El Scorcho|20/100\n|\n|-fieldend|move: Trick Room\n|-status|p1a: El Scorcho|brn|[from] item: Flame Orb\n|upkeep\n|turn|6\n|\n|t:|1782433727\n|switch|p1a: The Good Life|Ninetales-Alola, M|100/100\n|-weather|Snowscape|[from] ability: Snow Warning|[of] p1a: The Good Life\n|move|p2a: Landorus|Grass Knot|p1a: The Good Life\n|-damage|p1a: The Good Life|90/100\n|\n|-weather|Snowscape|[upkeep]\n|upkeep\n|turn|7\n|\n|t:|1782433731\n|switch|p2a: Ting-Lu|Ting-Lu|100/100\n|-ability|p2a: Ting-Lu|Vessel of Ruin\n|move|p1a: The Good Life|Freeze-Dry|p2a: Ting-Lu\n|-supereffective|p2a: Ting-Lu\n|-damage|p2a: Ting-Lu|82/100\n|\n|-weather|Snowscape|[upkeep]\n|-heal|p2a: Ting-Lu|88/100|[from] item: Leftovers\n|upkeep\n|turn|8\n|\n|t:|1782433734\n|move|p1a: The Good Life|Aurora Veil|p1a: The Good Life\n|-sidestart|p1: tauros3|move: Aurora Veil\n|move|p2a: Ting-Lu|Stealth Rock|p1a: The Good Life\n|-sidestart|p1: tauros3|move: Stealth Rock\n|\n|-weather|Snowscape|[upkeep]\n|-heal|p2a: Ting-Lu|94/100|[from] item: Leftovers\n|upkeep\n|turn|9\n|j| splat__t3r\n|\n|t:|1782433736\n|switch|p2a: Weezing|Weezing-Galar, F, shiny|100/100\n|-ability|p2a: Weezing|Neutralizing Gas\n|move|p1a: The Good Life|Encore||[still]\n|-fail|p1a: The Good Life\n|\n|-weather|Snowscape|[upkeep]\n|upkeep\n|turn|10\n|\n|t:|1782433739\n|switch|p1a: El Scorcho|Ursaluna, F|20/100 brn\n|-damage|p1a: El Scorcho|14/100 brn|[from] Stealth Rock\n|-end|p2a: Weezing|ability: Neutralizing Gas\n|switch|p2a: Ting-Lu|Ting-Lu|94/100\n|-ability|p2a: Ting-Lu|Vessel of Ruin\n|\n|-weather|none\n|-heal|p2a: Ting-Lu|100/100|[from] item: Leftovers\n|-damage|p1a: El Scorcho|8/100 brn|[from] brn\n|upkeep\n|turn|11\n|\n|t:|1782433746\n|move|p1a: El Scorcho|Facade|p2a: Ting-Lu\n|-damage|p2a: Ting-Lu|34/100\n|move|p2a: Ting-Lu|Whirlwind|p1a: El Scorcho\n|drag|p1a: No Other One|Diancie|100/100\n|-damage|p1a: No Other One|88/100|[from] Stealth Rock\n|\n|-heal|p2a: Ting-Lu|40/100|[from] item: Leftovers\n|upkeep\n|turn|12\n|\n|t:|1782433752\n|move|p2a: Ting-Lu|Earthquake|p1a: No Other One\n|-supereffective|p1a: No Other One\n|-damage|p1a: No Other One|60/100\n|move|p1a: No Other One|Moonblast|p2a: Ting-Lu\n|-supereffective|p2a: Ting-Lu\n|-damage|p2a: Ting-Lu|0 fnt\n|faint|p2a: Ting-Lu\n|\n|upkeep\n|\n|t:|1782433762\n|switch|p2a: Ogerpon|Ogerpon-Wellspring, F|100/100\n|turn|13\n|\n|t:|1782433772\n|-terastallize|p2a: Ogerpon|Water\n|detailschange|p2a: Ogerpon|Ogerpon-Wellspring-Tera, F, tera:Water\n|-ability|p2a: Ogerpon|Embody Aspect (Wellspring)|boost\n|-boost|p2a: Ogerpon|spd|1\n|move|p2a: Ogerpon|Spikes|p1a: No Other One\n|-sidestart|p1: tauros3|Spikes\n|move|p1a: No Other One|Trick Room|p1a: No Other One\n|-fieldstart|move: Trick Room|[of] p1a: No Other One\n|\n|upkeep\n|turn|14\n|\n|t:|1782433779\n|move|p1a: No Other One|Meteor Beam||[still]\n|-prepare|p1a: No Other One|Meteor Beam\n|-boost|p1a: No Other One|spa|1\n|-enditem|p1a: No Other One|Power Herb\n|-anim|p1a: No Other One|Meteor Beam|p2a: Ogerpon\n|-damage|p2a: Ogerpon|31/100\n|move|p2a: Ogerpon|Spikes|p1a: No Other One\n|-sidestart|p1: tauros3|Spikes\n|\n|upkeep\n|turn|15\n|\n|t:|1782433785\n|switch|p2a: Weezing|Weezing-Galar, F, shiny|100/100\n|-ability|p2a: Weezing|Neutralizing Gas\n|move|p1a: No Other One|Earth Power|p2a: Weezing\n|-supereffective|p2a: Weezing\n|-damage|p2a: Weezing|0 fnt\n|faint|p2a: Weezing\n|-end|p2a: Weezing|ability: Neutralizing Gas\n|\n|-sideend|p1: tauros3|move: Aurora Veil\n|upkeep\n|\n|t:|1782433800\n|switch|p2a: Landorus|Landorus-Therian, M, shiny|100/100\n|-ability|p2a: Landorus|Intimidate|boost\n|-fail|p1a: No Other One|unboost|[from] ability: Clear Body|[of] p1a: No Other One\n|turn|16\n|\n|t:|1782433807\n|move|p1a: No Other One|Moonblast|p2a: Landorus\n|-damage|p2a: Landorus|0 fnt\n|faint|p2a: Landorus\n|\n|upkeep\n|\n|t:|1782433809\n|switch|p2a: Raging Bolt|Raging Bolt|100/100\n|turn|17\n|\n|t:|1782433815\n|move|p2a: Raging Bolt|Thunderclap|p1a: No Other One\n|-damage|p1a: No Other One|13/100\n|move|p1a: No Other One|Earth Power|p2a: Raging Bolt\n|-supereffective|p2a: Raging Bolt\n|-damage|p2a: Raging Bolt|18/100\n|-unboost|p2a: Raging Bolt|spd|1\n|\n|-fieldend|move: Trick Room\n|upkeep\n|turn|18\n|\n|t:|1782433821\n|-end|p2a: Raging Bolt|Protosynthesis|[silent]\n|switch|p2a: Ogerpon|Ogerpon-Wellspring-Tera, F, tera:Water|31/100\n|-ability|p2a: Ogerpon|Embody Aspect (Wellspring)|boost\n|-boost|p2a: Ogerpon|spd|1\n|switch|p1a: The Good Life|Ninetales-Alola, M|90/100\n|-damage|p1a: The Good Life|65/100|[from] Stealth Rock\n|-damage|p1a: The Good Life|48/100|[from] Spikes\n|-weather|Snowscape|[from] ability: Snow Warning|[of] p1a: The Good Life\n|\n|-weather|Snowscape|[upkeep]\n|upkeep\n|turn|19\n|\n|t:|1782433830\n|-terastallize|p1a: The Good Life|Water\n|move|p2a: Ogerpon|Ivy Cudgel|p1a: The Good Life|[anim] Ivy Cudgel Water\n|-resisted|p1a: The Good Life\n|-damage|p1a: The Good Life|2/100\n|move|p1a: The Good Life|Aurora Veil|p1a: The Good Life\n|-sidestart|p1: tauros3|move: Aurora Veil\n|\n|-weather|Snowscape|[upkeep]\n|upkeep\n|turn|20\n|\n|t:|1782433835\n|move|p2a: Ogerpon|U-turn|p1a: The Good Life\n|-damage|p1a: The Good Life|0 fnt\n|faint|p1a: The Good Life\n|\n|t:|1782433837\n|switch|p2a: Raging Bolt|Raging Bolt|18/100|[from] U-turn\n|\n|-weather|Snowscape|[upkeep]\n|upkeep\n|\n|t:|1782433839\n|switch|p1a: Getchoo|Kyurem|100/100\n|-damage|p1a: Getchoo|76/100|[from] Stealth Rock\n|-damage|p1a: Getchoo|59/100|[from] Spikes\n|-ability|p1a: Getchoo|Pressure\n|turn|21\n|\n|t:|1782433845\n|move|p2a: Raging Bolt|Thunderclap|p1a: Getchoo\n|-resisted|p1a: Getchoo\n|-damage|p1a: Getchoo|46/100\n|move|p1a: Getchoo|Scale Shot|p2a: Raging Bolt\n|-supereffective|p2a: Raging Bolt\n|-damage|p2a: Raging Bolt|0 fnt\n|faint|p2a: Raging Bolt\n|-end|p2a: Raging Bolt|Protosynthesis|[silent]\n|-hitcount|p2: Raging Bolt|1\n|-unboost|p1a: Getchoo|def|1\n|-boost|p1a: Getchoo|spe|1\n|\n|-weather|Snowscape|[upkeep]\n|upkeep\n|\n|t:|1782433847\n|switch|p2a: Ogerpon|Ogerpon-Wellspring-Tera, F, tera:Water|31/100\n|-ability|p2a: Ogerpon|Embody Aspect (Wellspring)|boost\n|-boost|p2a: Ogerpon|spd|1\n|turn|22\n|\n|t:|1782433854\n|move|p1a: Getchoo|Scale Shot|p2a: Ogerpon\n|-damage|p2a: Ogerpon|10/100\n|-damage|p2a: Ogerpon|0 fnt\n|faint|p2a: Ogerpon\n|detailschange|p2: Ogerpon|Ogerpon-Wellspring, F|[silent]\n|-hitcount|p2: Ogerpon|2\n|\n|win|tauros3\n|raw|tauros3's rating: 1722 &rarr; <strong>1743</strong><br />(+21 for winning)\n|raw|v1n001's rating: 1732 &rarr; <strong>1711</strong><br />(-21 for losing)\n|l|‽v1n001\n|player|p2|\n|l|☆tauros3\n|player|p1|\n|j|☆tauros3\n|player|p1|tauros3|swimmer-gen4dp|\n", "uploadtime": 1782433875, "views": 22, "formatid": "gen9ou", "rating": 1711, "private": 0, "password": null}