{"id": "gen9ou-2540590384", "format": "[Gen 9] OU", "players": ["Tankman123", "hyonparkdalton"], "log": "|j|☆Tankman123\n|j|☆hyonparkdalton\n|t:|1771223069\n|gametype|singles\n|player|p1|Tankman123|169|1650\n|player|p2|hyonparkdalton|yancy|1661\n|gen|9\n|tier|[Gen 9] OU\n|rated|\n|rule|HP Percentage Mod: HP is shown in percentages\n|rule|Endless Battle Clause: Forcing endless battles is banned\n|rule|Species Clause: Limit one of each Pokémon\n|rule|OHKO Clause: OHKO moves are banned\n|rule|Evasion Items Clause: Evasion items are banned\n|rule|Evasion Moves Clause: Evasion moves are banned\n|rule|Evasion Abilities Clause: Evasion abilities are banned\n|rule|Sleep Moves Clause: Sleep-inducing moves are banned\n|clearpoke\n|poke|p1|Pecharunt|\n|poke|p1|Kingambit, F|\n|poke|p1|Volcanion|\n|poke|p1|Iron Valiant|\n|poke|p1|Landorus-Therian, M|\n|poke|p1|Deoxys-Speed|\n|poke|p2|Vikavolt, F|\n|poke|p2|Gholdengo|\n|poke|p2|Ogerpon-Wellspring, F|\n|poke|p2|Gliscor, M|\n|poke|p2|Dragapult, F|\n|poke|p2|Garganacl, M|\n|teampreview\n|j| walshy608\n|l| walshy608\n|inactive|Battle timer is ON: inactive players will automatically lose when time's up. (requested by hyonparkdalton)\n|\n|t:|1771223118\n|teamsize|p1|6\n|teamsize|p2|6\n|start\n|switch|p1a: Volcanion|Volcanion|100/100\n|switch|p2a: Dragapult|Dragapult, F|100/100\n|turn|1\n|\n|t:|1771223147\n|-terastallize|p2a: Dragapult|Ghost\n|move|p2a: Dragapult|Tera Blast|p1a: Volcanion|[anim] Tera Blast Ghost\n|-damage|p1a: Volcanion|35/100\n|move|p1a: Volcanion|Steam Eruption|p2a: Dragapult\n|-damage|p2a: Dragapult|34/100\n|\n|-heal|p1a: Volcanion|42/100|[from] item: Leftovers\n|upkeep\n|turn|2\n|\n|t:|1771223163\n|switch|p1a: Kingambit|Kingambit, F|100/100\n|move|p2a: Dragapult|Tera Blast|p1a: Kingambit|[anim] Tera Blast Ghost\n|-resisted|p1a: Kingambit\n|-damage|p1a: Kingambit|65/100\n|\n|-heal|p1a: Kingambit|71/100|[from] item: Leftovers\n|upkeep\n|turn|3\n|\n|t:|1771223177\n|switch|p2a: Gliscor|Gliscor, M|100/100\n|move|p1a: Kingambit|Iron Head|p2a: Gliscor\n|-damage|p2a: Gliscor|68/100\n|\n|-heal|p1a: Kingambit|77/100|[from] item: Leftovers\n|-status|p2a: Gliscor|tox|[from] item: Toxic Orb\n|upkeep\n|turn|4\n|\n|t:|1771223189\n|-end|p1a: Kingambit|fallenundefined|[silent]\n|switch|p1a: Landorus|Landorus-Therian, M|100/100\n|-ability|p1a: Landorus|Intimidate|boost\n|-unboost|p2a: Gliscor|atk|1\n|move|p2a: Gliscor|Swords Dance|p2a: Gliscor\n|-boost|p2a: Gliscor|atk|2\n|\n|-heal|p2a: Gliscor|81/100 tox|[from] ability: Poison Heal\n|upkeep\n|turn|5\n|inactive|hyonparkdalton has 120 seconds left.\n|\n|t:|1771223217\n|move|p1a: Landorus|Stealth Rock|p2a: Gliscor\n|-sidestart|p2: hyonparkdalton|move: Stealth Rock\n|move|p2a: Gliscor|Facade|p1a: Landorus\n|-damage|p1a: Landorus|53/100\n|-damage|p2a: Gliscor|64/100 tox|[from] item: Rocky Helmet|[of] p1a: Landorus\n|\n|-heal|p2a: Gliscor|77/100 tox|[from] ability: Poison Heal\n|upkeep\n|turn|6\n|inactive|hyonparkdalton has 120 seconds left.\n|\n|t:|1771223228\n|move|p1a: Landorus|Taunt|p2a: Gliscor\n|-start|p2a: Gliscor|move: Taunt\n|cant|p2a: Gliscor|move: Taunt|Swords Dance\n|\n|-heal|p2a: Gliscor|89/100 tox|[from] ability: Poison Heal\n|upkeep\n|turn|7\n|\n|t:|1771223239\n|move|p1a: Landorus|U-turn|p2a: Gliscor\n|-resisted|p2a: Gliscor\n|-damage|p2a: Gliscor|80/100 tox\n|\n|t:|1771223242\n|switch|p1a: Pecharunt|Pecharunt|100/100|[from] U-turn\n|move|p2a: Gliscor|Earthquake|p1a: Pecharunt\n|-supereffective|p1a: Pecharunt\n|-crit|p1a: Pecharunt\n|-damage|p1a: Pecharunt|1/100\n|\n|-heal|p2a: Gliscor|93/100 tox|[from] ability: Poison Heal\n|upkeep\n|turn|8\n|\n|t:|1771223253\n|move|p1a: Pecharunt|Shadow Ball|p2a: Gliscor\n|-damage|p2a: Gliscor|69/100 tox\n|move|p2a: Gliscor|Earthquake|p1a: Pecharunt\n|-supereffective|p1a: Pecharunt\n|-damage|p1a: Pecharunt|0 fnt\n|faint|p1a: Pecharunt\n|\n|-heal|p2a: Gliscor|81/100 tox|[from] ability: Poison Heal\n|-end|p2a: Gliscor|move: Taunt\n|upkeep\n|\n|t:|1771223256\n|switch|p1a: Volcanion|Volcanion|42/100\n|turn|9\n|\n|t:|1771223258\n|move|p2a: Gliscor|Protect|p2a: Gliscor\n|-singleturn|p2a: Gliscor|Protect\n|move|p1a: Volcanion|Steam Eruption|p2a: Gliscor\n|-activate|p2a: Gliscor|move: Protect\n|\n|-heal|p1a: Volcanion|48/100|[from] item: Leftovers\n|-heal|p2a: Gliscor|94/100 tox|[from] ability: Poison Heal\n|upkeep\n|turn|10\n|\n|t:|1771223265\n|switch|p2a: Ogerpon|Ogerpon-Wellspring, F|100/100\n|-damage|p2a: Ogerpon|88/100|[from] Stealth Rock\n|move|p1a: Volcanion|Steam Eruption|p2a: Ogerpon\n|-heal|p2a: Ogerpon|100/100|[from] ability: Water Absorb|[of] p1a: Volcanion\n|\n|-heal|p1a: Volcanion|54/100|[from] item: Leftovers\n|upkeep\n|turn|11\n|\n|t:|1771223272\n|move|p2a: Ogerpon|Knock Off|p1a: Volcanion\n|-damage|p1a: Volcanion|23/100\n|-enditem|p1a: Volcanion|Leftovers|[from] move: Knock Off|[of] p2a: Ogerpon\n|move|p1a: Volcanion|Will-O-Wisp|p2a: Ogerpon\n|-status|p2a: Ogerpon|brn\n|\n|-damage|p2a: Ogerpon|95/100 brn|[from] brn\n|upkeep\n|turn|12\n|\n|t:|1771223284\n|move|p2a: Ogerpon|Knock Off|p1a: Volcanion\n|-damage|p1a: Volcanion|14/100\n|move|p1a: Volcanion|Flamethrower|p2a: Ogerpon\n|-damage|p2a: Ogerpon|42/100 brn\n|\n|-damage|p2a: Ogerpon|36/100 brn|[from] brn\n|upkeep\n|turn|13\n|\n|t:|1771223295\n|move|p2a: Ogerpon|Synthesis|p2a: Ogerpon\n|-heal|p2a: Ogerpon|86/100 brn\n|move|p1a: Volcanion|Flamethrower|p2a: Ogerpon\n|-damage|p2a: Ogerpon|33/100 brn\n|\n|-damage|p2a: Ogerpon|27/100 brn|[from] brn\n|upkeep\n|turn|14\n|\n|t:|1771223303\n|switch|p1a: Deoxys|Deoxys-Speed|100/100\n|-ability|p1a: Deoxys|Pressure\n|move|p2a: Ogerpon|Synthesis|p2a: Ogerpon\n|-heal|p2a: Ogerpon|77/100 brn\n|\n|-damage|p2a: Ogerpon|71/100 brn|[from] brn\n|upkeep\n|turn|15\n|\n|t:|1771223311\n|move|p1a: Deoxys|Spikes|p2a: Ogerpon\n|-sidestart|p2: hyonparkdalton|Spikes\n|move|p2a: Ogerpon|Knock Off|p1a: Deoxys\n|-supereffective|p1a: Deoxys\n|-damage|p1a: Deoxys|38/100\n|-enditem|p1a: Deoxys|Eject Pack|[from] move: Knock Off|[of] p2a: Ogerpon\n|\n|-damage|p2a: Ogerpon|65/100 brn|[from] brn\n|upkeep\n|turn|16\n|\n|t:|1771223318\n|move|p1a: Deoxys|Spikes|p2a: Ogerpon\n|-sidestart|p2: hyonparkdalton|Spikes\n|move|p2a: Ogerpon|Synthesis|p2a: Ogerpon\n|-heal|p2a: Ogerpon|100/100 brn\n|\n|-damage|p2a: Ogerpon|95/100 brn|[from] brn\n|upkeep\n|turn|17\n|\n|t:|1771223321\n|move|p1a: Deoxys|Spikes|p2a: Ogerpon\n|-sidestart|p2: hyonparkdalton|Spikes\n|move|p2a: Ogerpon|Knock Off|p1a: Deoxys\n|-supereffective|p1a: Deoxys\n|-damage|p1a: Deoxys|0 fnt\n|faint|p1a: Deoxys\n|\n|-damage|p2a: Ogerpon|89/100 brn|[from] brn\n|upkeep\n|\n|t:|1771223326\n|switch|p1a: Iron Valiant|Iron Valiant|100/100\n|-enditem|p1a: Iron Valiant|Booster Energy\n|-activate|p1a: Iron Valiant|ability: Quark Drive|[fromitem]\n|-start|p1a: Iron Valiant|quarkdrivespe\n|turn|18\n|\n|t:|1771223332\n|move|p1a: Iron Valiant|Encore|p2a: Ogerpon\n|-start|p2a: Ogerpon|Encore\n|move|p2a: Ogerpon|Knock Off|p1a: Iron Valiant\n|-resisted|p1a: Iron Valiant\n|-damage|p1a: Iron Valiant|97/100\n|\n|-damage|p2a: Ogerpon|83/100 brn|[from] brn\n|upkeep\n|turn|19\n|\n|t:|1771223362\n|switch|p2a: Gholdengo|Gholdengo|100/100\n|-damage|p2a: Gholdengo|94/100|[from] Stealth Rock\n|-damage|p2a: Gholdengo|70/100|[from] Spikes\n|move|p1a: Iron Valiant|Moonblast|p2a: Gholdengo\n|-resisted|p2a: Gholdengo\n|-damage|p2a: Gholdengo|46/100\n|\n|upkeep\n|turn|20\n|inactive|hyonparkdalton has 120 seconds left.\n|\n|t:|1771223379\n|move|p1a: Iron Valiant|Knock Off|p2a: Gholdengo\n|-supereffective|p2a: Gholdengo\n|-damage|p2a: Gholdengo|0 fnt\n|-enditem|p2a: Gholdengo|Choice Scarf|[from] move: Knock Off|[of] p1a: Iron Valiant\n|faint|p2a: Gholdengo\n|\n|upkeep\n|inactive|hyonparkdalton has 120 seconds left.\n|\n|t:|1771223394\n|switch|p2a: Gliscor|Gliscor, M|94/100 tox\n|-damage|p2a: Gliscor|81/100 tox|[from] Stealth Rock\n|turn|21\n|\n|t:|1771223401\n|move|p1a: Iron Valiant|Moonblast|p2a: Gliscor\n|-damage|p2a: Gliscor|48/100 tox\n|-unboost|p2a: Gliscor|spa|1\n|move|p2a: Gliscor|Earthquake|p1a: Iron Valiant\n|-damage|p1a: Iron Valiant|58/100\n|\n|-heal|p2a: Gliscor|60/100 tox|[from] ability: Poison Heal\n|upkeep\n|turn|22\n|inactive|hyonparkdalton has 120 seconds left.\n|\n|t:|1771223416\n|move|p1a: Iron Valiant|Moonblast|p2a: Gliscor\n|-damage|p2a: Gliscor|25/100 tox\n|move|p2a: Gliscor|Facade|p1a: Iron Valiant\n|-damage|p1a: Iron Valiant|17/100\n|\n|-heal|p2a: Gliscor|37/100 tox|[from] ability: Poison Heal\n|upkeep\n|turn|23\n|\n|t:|1771223427\n|move|p1a: Iron Valiant|Moonblast|p2a: Gliscor\n|-damage|p2a: Gliscor|7/100 tox\n|move|p2a: Gliscor|Earthquake|p1a: Iron Valiant\n|-damage|p1a: Iron Valiant|0 fnt\n|faint|p1a: Iron Valiant\n|-end|p1a: Iron Valiant|Quark Drive|[silent]\n|\n|-heal|p2a: Gliscor|20/100 tox|[from] ability: Poison Heal\n|upkeep\n|\n|t:|1771223431\n|switch|p1a: Volcanion|Volcanion|14/100\n|turn|24\n|\n|t:|1771223435\n|move|p2a: Gliscor|Protect|p2a: Gliscor\n|-singleturn|p2a: Gliscor|Protect\n|move|p1a: Volcanion|Flamethrower|p2a: Gliscor\n|-activate|p2a: Gliscor|move: Protect\n|\n|-heal|p2a: Gliscor|32/100 tox|[from] ability: Poison Heal\n|upkeep\n|turn|25\n|\n|t:|1771223440\n|switch|p2a: Ogerpon|Ogerpon-Wellspring, F|83/100 brn\n|-damage|p2a: Ogerpon|70/100 brn|[from] Stealth Rock\n|-damage|p2a: Ogerpon|45/100 brn|[from] Spikes\n|move|p1a: Volcanion|Flamethrower|p2a: Ogerpon\n|-damage|p2a: Ogerpon|0 fnt\n|faint|p2a: Ogerpon\n|\n|upkeep\n|\n|t:|1771223455\n|switch|p2a: Gliscor|Gliscor, M|32/100 tox\n|-damage|p2a: Gliscor|20/100 tox|[from] Stealth Rock\n|turn|26\n|\n|t:|1771223460\n|move|p2a: Gliscor|Earthquake|p1a: Volcanion\n|-supereffective|p1a: Volcanion\n|-crit|p1a: Volcanion\n|-damage|p1a: Volcanion|0 fnt\n|faint|p1a: Volcanion\n|\n|-heal|p2a: Gliscor|32/100 tox|[from] ability: Poison Heal\n|upkeep\n|\n|t:|1771223462\n|switch|p1a: Kingambit|Kingambit, F|77/100\n|-activate|p1a: Kingambit|ability: Supreme Overlord\n|-start|p1a: Kingambit|fallen4|[silent]\n|turn|27\n|\n|t:|1771223488\n|-terastallize|p1a: Kingambit|Fighting\n|move|p2a: Gliscor|Earthquake|p1a: Kingambit\n|-damage|p1a: Kingambit|48/100\n|move|p1a: Kingambit|Swords Dance|p1a: Kingambit\n|-boost|p1a: Kingambit|atk|2\n|\n|-heal|p1a: Kingambit|54/100|[from] item: Leftovers\n|-heal|p2a: Gliscor|45/100 tox|[from] ability: Poison Heal\n|upkeep\n|turn|28\n|\n|t:|1771223496\n|move|p2a: Gliscor|Earthquake|p1a: Kingambit\n|-damage|p1a: Kingambit|23/100\n|move|p1a: Kingambit|Iron Head|p2a: Gliscor\n|-damage|p2a: Gliscor|0 fnt\n|faint|p2a: Gliscor\n|\n|-heal|p1a: Kingambit|29/100|[from] item: Leftovers\n|upkeep\n|\n|t:|1771223509\n|switch|p2a: Vikavolt|Vikavolt, F|100/100\n|-damage|p2a: Vikavolt|76/100|[from] Stealth Rock\n|turn|29\n|\n|t:|1771223517\n|move|p1a: Kingambit|Sucker Punch|p2a: Vikavolt\n|-damage|p2a: Vikavolt|0 fnt\n|faint|p2a: Vikavolt\n|\n|-heal|p1a: Kingambit|35/100|[from] item: Leftovers\n|upkeep\n|\n|t:|1771223520\n|switch|p2a: Dragapult|Dragapult, F, tera:Ghost|34/100\n|-damage|p2a: Dragapult|22/100|[from] Stealth Rock\n|-damage|p2a: Dragapult|0 fnt|[from] Spikes\n|faint|p2a: Dragapult\n|-message|hyonparkdalton forfeited.\n|\n|win|Tankman123\n|raw|Tankman123's rating: 1650 &rarr; <strong>1671</strong><br />(+21 for winning)\n|raw|hyonparkdalton's rating: 1661 &rarr; <strong>1640</strong><br />(-21 for losing)\n|l|☆hyonparkdalton\n|player|p2|\n", "uploadtime": 1771223788, "views": 12, "formatid": "gen9ou", "rating": 1640, "private": 0, "password": null}