{"id": "gen9ou-2647703408", "format": "[Gen 9] OU", "players": ["feraligatrisbetter", "mcstupidly_"], "log": "|j|☆feraligatrisbetter\n|j|☆mcstupidly_\n|t:|1783798866\n|gametype|singles\n|player|p1|feraligatrisbetter|linebacker|\n|player|p2|mcstupidly_|265|\n|gen|9\n|tier|[Gen 9] OU\n|rule|HP Percentage Mod: HP is shown in percentages\n|rule|Endless Battle Clause: Forcing endless battles is banned\n|rule|Species Clause: Limit one of each Pokémon\n|rule|OHKO Clause: OHKO moves are banned\n|rule|Evasion Items Clause: Evasion items are banned\n|rule|Evasion Moves Clause: Evasion moves are banned\n|rule|Evasion Abilities Clause: Evasion abilities are banned\n|rule|Sleep Moves Clause: Sleep-inducing moves are banned\n|clearpoke\n|poke|p1|Feraligatr, F|\n|poke|p1|Gholdengo|\n|poke|p1|Samurott-Hisui, F|\n|poke|p1|Rillaboom, F|\n|poke|p1|Toxapex, F|\n|poke|p1|Dragapult, F|\n|poke|p2|Ogerpon-Cornerstone, F|\n|poke|p2|Ceruledge, F|\n|poke|p2|Iron Treads|\n|poke|p2|Hydreigon, M|\n|poke|p2|Thundurus-Therian, M|\n|poke|p2|Primarina, M|\n|teampreview\n|c|☆feraligatrisbetter|Glhf\n|c|☆feraligatrisbetter|The king doesn’t show mercy\n|c|☆mcstupidly_|u2\n|inactive|Battle timer is ON: inactive players will automatically lose when time's up. (requested by mcstupidly_)\n|\n|t:|1783798940\n|teamsize|p1|6\n|teamsize|p2|6\n|start\n|switch|p1a: Toxic|Toxapex, F|100/100\n|switch|p2a: Thundurus|Thundurus-Therian, M|100/100\n|turn|1\n|\n|t:|1783798949\n|-terastallize|p1a: Toxic|Steel\n|move|p2a: Thundurus|Volt Switch|p1a: Toxic\n|-damage|p1a: Toxic|62/100\n|\n|t:|1783798955\n|switch|p2a: Iron Treads|Iron Treads, shiny|100/100|[from] Volt Switch\n|move|p1a: Toxic|Toxic Spikes|p2a: Iron Treads\n|-sidestart|p2: mcstupidly_|move: Toxic Spikes\n|\n|upkeep\n|turn|2\n|\n|t:|1783798964\n|switch|p1a: Gholdengo|Gholdengo|100/100\n|-item|p1a: Gholdengo|Air Balloon\n|move|p2a: Iron Treads|Iron Head|p1a: Gholdengo\n|-resisted|p1a: Gholdengo\n|-damage|p1a: Gholdengo|81/100\n|-enditem|p1a: Gholdengo|Air Balloon\n|\n|upkeep\n|turn|3\n|\n|t:|1783798974\n|move|p2a: Iron Treads|Stealth Rock|p1a: Gholdengo\n|-sidestart|p1: feraligatrisbetter|move: Stealth Rock\n|move|p1a: Gholdengo|Focus Blast|p2a: Iron Treads\n|-supereffective|p2a: Iron Treads\n|-damage|p2a: Iron Treads|0 fnt\n|faint|p2a: Iron Treads\n|-end|p2a: Iron Treads|Quark Drive|[silent]\n|\n|upkeep\n|\n|t:|1783798994\n|switch|p2a: Primarina|Primarina, M|100/100\n|-status|p2a: Primarina|psn\n|turn|4\n|c|☆mcstupidly_|who actually lands focus blasts\n|\n|t:|1783799012\n|-terastallize|p2a: Primarina|Poison\n|move|p1a: Gholdengo|Shadow Ball|p2a: Primarina\n|-crit|p2a: Primarina\n|-damage|p2a: Primarina|71/100 psn\n|move|p2a: Primarina|Flip Turn|p1a: Gholdengo\n|-damage|p1a: Gholdengo|64/100\n|\n|t:|1783799018\n|switch|p2a: Thundurus|Thundurus-Therian, M|100/100|[from] Flip Turn\n|\n|upkeep\n|turn|5\n|j| Yisso\n|c|☆feraligatrisbetter|The king lands it (that’s my fera name btw)\n|inactive|feraligatrisbetter has 270 seconds left.\n|c|☆mcstupidly_|this is really funny because i made my prim set for this situation\n|\n|t:|1783799060\n|move|p2a: Thundurus|Volt Switch|p1a: Gholdengo\n|-damage|p1a: Gholdengo|14/100\n|\n|t:|1783799069\n|switch|p2a: Primarina|Primarina, M, tera:Poison|71/100 psn|[from] Volt Switch\n|-sideend|p2: mcstupidly_|move: Toxic Spikes|[of] p2a: Primarina\n|move|p1a: Gholdengo|Shadow Ball|p2a: Primarina\n|-damage|p2a: Primarina|51/100 psn\n|\n|-damage|p2a: Primarina|38/100 psn|[from] psn\n|upkeep\n|turn|6\n|inactive|feraligatrisbetter has 270 seconds left.\n|\n|t:|1783799077\n|move|p1a: Gholdengo|Make It Rain|p2a: Primarina\n|-damage|p2a: Primarina|7/100 psn\n|-unboost|p1a: Gholdengo|spa|1\n|move|p2a: Primarina|Flip Turn|p1a: Gholdengo\n|-damage|p1a: Gholdengo|0 fnt\n|faint|p1a: Gholdengo\n|\n|t:|1783799086\n|switch|p2a: Thundurus|Thundurus-Therian, M|100/100|[from] Flip Turn\n|\n|upkeep\n|\n|t:|1783799090\n|switch|p1a: Toxic|Toxapex, F, tera:Steel|95/100\n|turn|7\n|\n|t:|1783799097\n|move|p2a: Thundurus|Focus Blast|p1a: Toxic\n|-supereffective|p1a: Toxic\n|-damage|p1a: Toxic|5/100\n|-unboost|p1a: Toxic|spd|1\n|move|p1a: Toxic|Liquidation|p2a: Thundurus\n|-damage|p2a: Thundurus|73/100\n|-unboost|p2a: Thundurus|def|1\n|\n|upkeep\n|turn|8\n|c| Yisso|the biden blast\n|\n|t:|1783799119\n|switch|p2a: Ceruledge|Ceruledge, F, shiny|100/100\n|switch|p1a: Dragapult|Dragapult, F|100/100\n|-damage|p1a: Dragapult|88/100|[from] Stealth Rock\n|\n|upkeep\n|turn|9\n|\n|t:|1783799134\n|move|p1a: Dragapult|Shadow Ball|p2a: Ceruledge\n|-supereffective|p2a: Ceruledge\n|-enditem|p2a: Ceruledge|Focus Sash\n|-damage|p2a: Ceruledge|1/100\n|move|p2a: Ceruledge|Swords Dance|p2a: Ceruledge\n|-boost|p2a: Ceruledge|atk|2\n|\n|upkeep\n|turn|10\n|\n|t:|1783799138\n|move|p2a: Ceruledge|Shadow Sneak|p1a: Dragapult\n|-supereffective|p1a: Dragapult\n|-damage|p1a: Dragapult|0 fnt\n|faint|p1a: Dragapult\n|\n|upkeep\n|j| Big Chill Jr\n|\n|t:|1783799155\n|switch|p1a: Toxic|Toxapex, F, tera:Steel|39/100\n|turn|11\n|c| Yisso|what\n|inactive|feraligatrisbetter has 270 seconds left.\n|c|☆mcstupidly_|?\n|\n|t:|1783799180\n|switch|p1a: Samurott|Samurott-Hisui, F|100/100\n|-damage|p1a: Samurott|88/100|[from] Stealth Rock\n|move|p2a: Ceruledge|Poltergeist|p1a: Samurott\n|-activate|p1a: Samurott|move: Poltergeist|Focus Sash\n|-resisted|p1a: Samurott\n|-damage|p1a: Samurott|23/100\n|\n|upkeep\n|turn|12\n|c| Yisso|why go toxapex here\n|\n|t:|1783799187\n|move|p1a: Samurott|Aqua Jet|p2a: Ceruledge\n|-supereffective|p2a: Ceruledge\n|-damage|p2a: Ceruledge|0 fnt\n|faint|p2a: Ceruledge\n|\n|upkeep\n|c|☆feraligatrisbetter|I forgot it was steel ngl\n|\n|t:|1783799194\n|switch|p2a: Ogerpon|Ogerpon-Cornerstone, F|100/100\n|turn|13\n|\n|t:|1783799202\n|move|p1a: Samurott|Aqua Jet|p2a: Ogerpon\n|-damage|p2a: Ogerpon|76/100\n|move|p2a: Ogerpon|Swords Dance|p2a: Ogerpon\n|-boost|p2a: Ogerpon|atk|2\n|\n|upkeep\n|turn|14\n|c| Yisso|real\n|\n|t:|1783799209\n|move|p1a: Samurott|Aqua Jet|p2a: Ogerpon\n|-damage|p2a: Ogerpon|53/100\n|move|p2a: Ogerpon|Horn Leech|p1a: Samurott\n|-supereffective|p1a: Samurott\n|-damage|p1a: Samurott|0 fnt\n|-heal|p2a: Ogerpon|65/100|[from] drain|[of] p1a: Samurott\n|faint|p1a: Samurott\n|\n|upkeep\n|\n|t:|1783799216\n|switch|p1a: Toxic|Toxapex, F, tera:Steel|72/100\n|turn|15\n|\n|t:|1783799231\n|move|p2a: Ogerpon|Swords Dance|p2a: Ogerpon\n|-boost|p2a: Ogerpon|atk|2\n|move|p1a: Toxic|Haze|p1a: Toxic\n|-clearallboost\n|\n|upkeep\n|turn|16\n|\n|t:|1783799240\n|switch|p2a: Primarina|Primarina, M, tera:Poison|7/100 psn\n|move|p1a: Toxic|Toxic Spikes|p2a: Primarina\n|-sidestart|p2: mcstupidly_|move: Toxic Spikes\n|\n|-damage|p2a: Primarina|0 fnt|[from] psn\n|faint|p2a: Primarina\n|upkeep\n|c|☆mcstupidly_|well fuck me\n|\n|t:|1783799260\n|switch|p2a: Hydreigon|Hydreigon, M|100/100\n|turn|17\n|\n|t:|1783799273\n|switch|p1a: Rillaboom|Rillaboom, F|100/100\n|-damage|p1a: Rillaboom|88/100|[from] Stealth Rock\n|-fieldstart|move: Grassy Terrain|[from] ability: Grassy Surge|[of] p1a: Rillaboom\n|move|p2a: Hydreigon|Dark Pulse|p1a: Rillaboom\n|-damage|p1a: Rillaboom|1/100\n|\n|-heal|p1a: Rillaboom|7/100|[from] Grassy Terrain\n|upkeep\n|turn|18\n|\n|t:|1783799283\n|move|p1a: Rillaboom|Grassy Glide|p2a: Hydreigon\n|-resisted|p2a: Hydreigon\n|-damage|p2a: Hydreigon|71/100\n|move|p2a: Hydreigon|Dark Pulse|p1a: Rillaboom\n|-damage|p1a: Rillaboom|0 fnt\n|faint|p1a: Rillaboom\n|\n|upkeep\n|\n|t:|1783799286\n|switch|p1a: THE KING|Feraligatr, F, shiny|100/100\n|-damage|p1a: THE KING|88/100|[from] Stealth Rock\n|turn|19\n|\n|t:|1783799294\n|switch|p2a: Thundurus|Thundurus-Therian, M|73/100\n|move|p1a: THE KING|Dragon Dance|p1a: THE KING\n|-boost|p1a: THE KING|atk|1\n|-boost|p1a: THE KING|spe|1\n|\n|-heal|p1a: THE KING|94/100|[from] Grassy Terrain\n|upkeep\n|turn|20\n|\n|t:|1783799308\n|move|p2a: Thundurus|Volt Switch|p1a: THE KING\n|-supereffective|p1a: THE KING\n|-damage|p1a: THE KING|0 fnt\n|faint|p1a: THE KING\n|\n|t:|1783799311\n|switch|p2a: Hydreigon|Hydreigon, M|71/100|[from] Volt Switch\n|\n|upkeep\n|\n|t:|1783799315\n|switch|p1a: Toxic|Toxapex, F, tera:Steel|100/100\n|turn|21\n|c|☆mcstupidly_|gg\n|c| Yisso|oh dam\n|\n|t:|1783799318\n|move|p2a: Hydreigon|Earth Power|p1a: Toxic\n|-supereffective|p1a: Toxic\n|-damage|p1a: Toxic|24/100\n|move|p1a: Toxic|Liquidation|p2a: Hydreigon\n|-resisted|p2a: Hydreigon\n|-damage|p2a: Hydreigon|61/100\n|\n|-heal|p1a: Toxic|30/100|[from] Grassy Terrain\n|-fieldend|move: Grassy Terrain\n|upkeep\n|turn|22\n|c| Yisso|i thought feraligator had it for a moment\n|c|☆feraligatrisbetter|Gg the king will return\n|\n|t:|1783799332\n|move|p2a: Hydreigon|Earth Power|p1a: Toxic\n|-supereffective|p1a: Toxic\n|-damage|p1a: Toxic|0 fnt\n|faint|p1a: Toxic\n|\n|win|mcstupidly_\n|c|☆mcstupidly_|nope\n|c|☆mcstupidly_|we double out on that shit every time\n", "uploadtime": 1783799365, "views": 20, "formatid": "gen9ou", "rating": null, "private": 0, "password": null}