{"id": "gen9ou-2647742957", "format": "[Gen 9] OU", "players": ["lemurd", "sideprofile"], "log": "|j|☆lemurd\n|j|☆sideprofile\n|t:|1783805044\n|gametype|singles\n|player|p1|lemurd|1|1130\n|player|p2|sideprofile|1|1084\n|gen|9\n|tier|[Gen 9] OU\n|rated|\n|rule|HP Percentage Mod: HP is shown in percentages\n|rule|Endless Battle Clause: Forcing endless battles is banned\n|rule|Species Clause: Limit one of each Pokémon\n|rule|OHKO Clause: OHKO moves are banned\n|rule|Evasion Items Clause: Evasion items are banned\n|rule|Evasion Moves Clause: Evasion moves are banned\n|rule|Evasion Abilities Clause: Evasion abilities are banned\n|rule|Sleep Moves Clause: Sleep-inducing moves are banned\n|clearpoke\n|poke|p1|Iron Treads|\n|poke|p1|Glimmora, F|\n|poke|p1|Pecharunt|\n|poke|p1|Rillaboom, F|\n|poke|p1|Hatterene, F|\n|poke|p1|Hitmontop, M|\n|poke|p2|Meloetta|\n|poke|p2|Froslass, F|\n|poke|p2|Sinistcha|\n|poke|p2|Lokix, M|\n|poke|p2|Cinderace, F|\n|poke|p2|Rotom-Wash|\n|teampreview\n|inactive|Battle timer is ON: inactive players will automatically lose when time's up. (requested by lemurd)\n|\n|t:|1783805051\n|teamsize|p1|6\n|teamsize|p2|6\n|start\n|switch|p1a: Hatterene|Hatterene, F|100/100\n|switch|p2a: Froslass|Froslass, F|100/100\n|turn|1\n|\n|t:|1783805060\n|move|p2a: Froslass|Taunt|p1a: Hatterene\n|move|p1a: Hatterene|Taunt|p2a: Froslass|[from] ability: Magic Bounce\n|-start|p2a: Froslass|move: Taunt\n|move|p1a: Hatterene|Trick Room|p1a: Hatterene\n|-fieldstart|move: Trick Room|[of] p1a: Hatterene\n|\n|upkeep\n|turn|2\n|\n|t:|1783805070\n|move|p1a: Hatterene|Psyshock|p2a: Froslass\n|-damage|p2a: Froslass|54/100\n|-start|p1a: Hatterene|Disable|Psyshock|[from] ability: Cursed Body|[of] p2a: Froslass\n|move|p2a: Froslass|Icy Wind|p1a: Hatterene\n|-damage|p1a: Hatterene|85/100\n|-unboost|p1a: Hatterene|spe|1\n|\n|-heal|p1a: Hatterene|91/100|[from] item: Leftovers\n|upkeep\n|turn|3\n|\n|t:|1783805084\n|move|p1a: Hatterene|Dazzling Gleam|p2a: Froslass\n|-damage|p2a: Froslass|5/100\n|move|p2a: Froslass|Icy Wind|p1a: Hatterene\n|-damage|p1a: Hatterene|74/100\n|-unboost|p1a: Hatterene|spe|1\n|\n|-heal|p1a: Hatterene|80/100|[from] item: Leftovers\n|upkeep\n|turn|4\n|\n|t:|1783805101\n|switch|p2a: Cinderace|Cinderace, F|100/100\n|move|p1a: Hatterene|Giga Drain|p2a: Cinderace\n|-resisted|p2a: Cinderace\n|-damage|p2a: Cinderace|83/100\n|-heal|p1a: Hatterene|91/100|[from] drain|[of] p2a: Cinderace\n|\n|-heal|p1a: Hatterene|97/100|[from] item: Leftovers\n|upkeep\n|turn|5\n|\n|t:|1783805116\n|move|p1a: Hatterene|Dazzling Gleam|p2a: Cinderace\n|-resisted|p2a: Cinderace\n|-damage|p2a: Cinderace|56/100\n|move|p2a: Cinderace|Pyro Ball|p1a: Hatterene\n|-damage|p1a: Hatterene|38/100\n|\n|-heal|p1a: Hatterene|44/100|[from] item: Leftovers\n|-end|p1a: Hatterene|Disable\n|-fieldend|move: Trick Room\n|upkeep\n|turn|6\n|\n|t:|1783805136\n|-terastallize|p1a: Hatterene|Dark\n|move|p2a: Cinderace|Pyro Ball|p1a: Hatterene\n|-damage|p1a: Hatterene|0 fnt\n|faint|p1a: Hatterene\n|\n|upkeep\n|\n|t:|1783805144\n|switch|p1a: Pecharunt|Pecharunt|100/100\n|turn|7\n|\n|t:|1783805150\n|move|p2a: Cinderace|Pyro Ball|p1a: Pecharunt\n|-damage|p1a: Pecharunt|67/100\n|move|p1a: Pecharunt|Malignant Chain|p2a: Cinderace\n|-damage|p2a: Cinderace|9/100\n|-status|p2a: Cinderace|tox\n|-start|p2a: Cinderace|confusion|[from] ability: Poison Puppeteer|[of] p1a: Pecharunt\n|\n|-damage|p2a: Cinderace|3/100 tox|[from] psn\n|upkeep\n|turn|8\n|\n|t:|1783805161\n|-activate|p2a: Cinderace|confusion\n|move|p2a: Cinderace|Pyro Ball|p1a: Pecharunt\n|-damage|p1a: Pecharunt|31/100\n|move|p1a: Pecharunt|Parting Shot|p2a: Cinderace\n|-unboost|p2a: Cinderace|atk|1\n|-unboost|p2a: Cinderace|spa|1\n|\n|t:|1783805172\n|switch|p1a: Hitmontop|Hitmontop, M|100/100|[from] Parting Shot\n|-ability|p1a: Hitmontop|Intimidate|boost\n|-unboost|p2a: Cinderace|atk|1\n|\n|-damage|p2a: Cinderace|0 fnt|[from] psn\n|faint|p2a: Cinderace\n|upkeep\n|\n|t:|1783805185\n|switch|p2a: Lokix|Lokix, M|100/100\n|turn|9\n|\n|t:|1783805194\n|move|p2a: Lokix|U-turn|p1a: Hitmontop\n|-resisted|p1a: Hitmontop\n|-damage|p1a: Hitmontop|65/100\n|\n|t:|1783805203\n|switch|p2a: Sinistcha|Sinistcha|100/100|[from] U-turn\n|move|p1a: Hitmontop|Brick Break|p2a: Sinistcha\n|-immune|p2a: Sinistcha\n|\n|upkeep\n|turn|10\n|\n|t:|1783805213\n|move|p2a: Sinistcha|Matcha Gotcha|p1a: Hitmontop\n|-damage|p1a: Hitmontop|41/100\n|move|p1a: Hitmontop|Triple Axel|p2a: Sinistcha\n|-supereffective|p2a: Sinistcha\n|-damage|p2a: Sinistcha|94/100\n|-supereffective|p2a: Sinistcha\n|-damage|p2a: Sinistcha|81/100\n|-supereffective|p2a: Sinistcha\n|-damage|p2a: Sinistcha|62/100\n|-hitcount|p2a: Sinistcha|3\n|\n|upkeep\n|turn|11\n|\n|t:|1783805230\n|move|p1a: Hitmontop|Triple Axel|p2a: Sinistcha\n|-supereffective|p2a: Sinistcha\n|-damage|p2a: Sinistcha|56/100\n|-supereffective|p2a: Sinistcha\n|-damage|p2a: Sinistcha|42/100\n|-supereffective|p2a: Sinistcha\n|-damage|p2a: Sinistcha|22/100\n|-hitcount|p2a: Sinistcha|3\n|move|p2a: Sinistcha|Matcha Gotcha|p1a: Hitmontop\n|-damage|p1a: Hitmontop|20/100\n|-heal|p2a: Sinistcha|29/100|[from] drain|[of] p1a: Hitmontop\n|-status|p1a: Hitmontop|brn\n|\n|-damage|p1a: Hitmontop|14/100 brn|[from] brn\n|upkeep\n|turn|12\n|c|☆sideprofile|Get hitmo off your wtf was that\n|inactive|sideprofile has 120 seconds left.\n|\n|t:|1783805256\n|move|p2a: Sinistcha|Shadow Ball|p1a: Hitmontop\n|-damage|p1a: Hitmontop|0 fnt\n|faint|p1a: Hitmontop\n|\n|upkeep\n|\n|t:|1783805263\n|switch|p1a: Glimmora|Glimmora, F, shiny|100/100\n|turn|13\n|\n|t:|1783805272\n|move|p1a: Glimmora|Flash Cannon|p2a: Sinistcha\n|-damage|p2a: Sinistcha|3/100\n|move|p2a: Sinistcha|Strength Sap|p1a: Glimmora\n|-unboost|p1a: Glimmora|atk|1\n|-heal|p2a: Sinistcha|33/100\n|\n|upkeep\n|turn|14\n|inactive|sideprofile has 120 seconds left.\n|\n|t:|1783805292\n|switch|p2a: Meloetta|Meloetta|100/100\n|move|p1a: Glimmora|Flash Cannon|p2a: Meloetta\n|-damage|p2a: Meloetta|89/100\n|\n|upkeep\n|turn|15\n|\n|t:|1783805299\n|move|p1a: Glimmora|Stealth Rock|p2a: Meloetta\n|-sidestart|p2: sideprofile|move: Stealth Rock\n|move|p2a: Meloetta|Psyshock|p1a: Glimmora\n|-supereffective|p1a: Glimmora\n|-damage|p1a: Glimmora|16/100\n|\n|upkeep\n|turn|16\n|inactive|sideprofile has 120 seconds left.\n|\n|t:|1783805337\n|move|p1a: Glimmora|Dazzling Gleam|p2a: Meloetta\n|-crit|p2a: Meloetta\n|-damage|p2a: Meloetta|72/100\n|move|p2a: Meloetta|Psyshock|p1a: Glimmora\n|-supereffective|p1a: Glimmora\n|-damage|p1a: Glimmora|0 fnt\n|faint|p1a: Glimmora\n|\n|upkeep\n|\n|t:|1783805345\n|switch|p1a: Rillaboom|Rillaboom, F|100/100\n|-fieldstart|move: Grassy Terrain|[from] ability: Grassy Surge|[of] p1a: Rillaboom\n|turn|17\n|\n|t:|1783805361\n|switch|p2a: Sinistcha|Sinistcha|33/100\n|move|p1a: Rillaboom|Leech Seed|p2a: Sinistcha\n|-immune|p2a: Sinistcha\n|\n|-heal|p2a: Sinistcha|39/100|[from] Grassy Terrain\n|upkeep\n|turn|18\n|\n|t:|1783805371\n|move|p1a: Rillaboom|Trailblaze|p2a: Sinistcha\n|-resisted|p2a: Sinistcha\n|-damage|p2a: Sinistcha|29/100\n|-boost|p1a: Rillaboom|spe|1\n|move|p2a: Sinistcha|Strength Sap|p1a: Rillaboom\n|-unboost|p1a: Rillaboom|atk|1\n|-heal|p2a: Sinistcha|100/100\n|\n|upkeep\n|turn|19\n|\n|t:|1783805384\n|move|p1a: Rillaboom|Swords Dance|p1a: Rillaboom\n|-boost|p1a: Rillaboom|atk|2\n|move|p2a: Sinistcha|Strength Sap|p1a: Rillaboom\n|-unboost|p1a: Rillaboom|atk|1\n|\n|upkeep\n|turn|20\n|l|☆sideprofile\n|inactive|sideprofile disconnected and has a minute to reconnect!\n|player|p2|\n|inactive|sideprofile has 30 seconds to reconnect!\n|inactive|sideprofile has 20 seconds to reconnect!\n|inactive|sideprofile has 15 seconds to reconnect!\n|inactive|sideprofile has 10 seconds to reconnect!\n|inactive|sideprofile has 5 seconds to reconnect!\n|-message|sideprofile lost due to inactivity.\n|\n|win|lemurd\n|raw|lemurd's rating: 1066 &rarr; <strong>1098</strong><br />(+32 for winning)\n|raw|sideprofile's rating: 1084 &rarr; <strong>1060</strong><br />(-24 for losing)\n|j|☆sideprofile\n|player|p2|sideprofile|1|\n|l|☆sideprofile\n|player|p2|\n", "uploadtime": 1783805835, "views": 3, "formatid": "gen9ou", "rating": 1060, "private": 0, "password": null}