{"id": "gen9ou-2639204407", "format": "[Gen 9] OU", "players": ["d1g1talstarr", "auto ai"], "log": "|j|☆d1g1talstarr\n|j|☆auto ai\n|t:|1782433697\n|gametype|singles\n|player|p1|d1g1talstarr|2|1266\n|player|p2|auto ai|169|1303\n|gen|9\n|tier|[Gen 9] OU\n|rated|\n|rule|HP Percentage Mod: HP is shown in percentages\n|rule|Endless Battle Clause: Forcing endless battles is banned\n|rule|Species Clause: Limit one of each Pokémon\n|rule|OHKO Clause: OHKO moves are banned\n|rule|Evasion Items Clause: Evasion items are banned\n|rule|Evasion Moves Clause: Evasion moves are banned\n|rule|Evasion Abilities Clause: Evasion abilities are banned\n|rule|Sleep Moves Clause: Sleep-inducing moves are banned\n|clearpoke\n|poke|p1|Landorus-Therian, M|\n|poke|p1|Great Tusk|\n|poke|p1|Ogerpon-Wellspring, F|\n|poke|p1|Kingambit, F|\n|poke|p1|Slowking-Galar, M|\n|poke|p1|Sinistcha|\n|poke|p2|Cinderace, M|\n|poke|p2|Scizor, F|\n|poke|p2|Kyurem|\n|poke|p2|Slowking-Galar, F|\n|poke|p2|Pecharunt|\n|poke|p2|Metagross|\n|teampreview\n|inactive|Battle timer is ON: inactive players will automatically lose when time's up. (requested by auto ai)\n|\n|t:|1782433709\n|teamsize|p1|6\n|teamsize|p2|6\n|start\n|switch|p1a: Landorus|Landorus-Therian, M|100/100\n|switch|p2a: Metagross|Metagross|100/100\n|-ability|p1a: Landorus|Intimidate|boost\n|-fail|p2a: Metagross|unboost|[from] ability: Clear Body|[of] p2a: Metagross\n|turn|1\n|\n|t:|1782433723\n|switch|p2a: Cinderace|Cinderace, M|100/100\n|move|p1a: Landorus|Stealth Rock|p2a: Cinderace\n|-sidestart|p2: auto ai|move: Stealth Rock\n|\n|upkeep\n|turn|2\n|\n|t:|1782433729\n|move|p2a: Cinderace|Court Change|p2a: Cinderace\n|-start|p2a: Cinderace|typechange|Normal|[from] ability: Libero\n|-swapsideconditions\n|-activate|p2a: Cinderace|move: Court Change\n|move|p1a: Landorus|Earth Power|p2a: Cinderace\n|-damage|p2a: Cinderace|56/100\n|\n|upkeep\n|turn|3\n|\n|t:|1782433737\n|move|p2a: Cinderace|Pyro Ball|p1a: Landorus\n|-damage|p1a: Landorus|65/100\n|move|p1a: Landorus|Stealth Rock|p2a: Cinderace\n|-sidestart|p2: auto ai|move: Stealth Rock\n|\n|upkeep\n|turn|4\n|\n|t:|1782433742\n|move|p2a: Cinderace|Pyro Ball|p1a: Landorus\n|-damage|p1a: Landorus|30/100\n|move|p1a: Landorus|U-turn|p2a: Cinderace\n|-damage|p2a: Cinderace|27/100\n|\n|t:|1782433751\n|switch|p1a: Great Tusk|Great Tusk|100/100|[from] U-turn\n|-damage|p1a: Great Tusk|97/100|[from] Stealth Rock\n|\n|upkeep\n|turn|5\n|\n|t:|1782433757\n|move|p2a: Cinderace|U-turn|p1a: Great Tusk\n|-resisted|p1a: Great Tusk\n|-damage|p1a: Great Tusk|90/100\n|-damage|p2a: Cinderace|11/100|[from] item: Rocky Helmet|[of] p1a: Great Tusk\n|\n|t:|1782433762\n|switch|p2a: Scizor|Scizor, F|100/100|[from] U-turn\n|-damage|p2a: Scizor|88/100|[from] Stealth Rock\n|move|p1a: Great Tusk|Knock Off|p2a: Scizor\n|-damage|p2a: Scizor|62/100\n|-enditem|p2a: Scizor|Choice Band|[from] move: Knock Off|[of] p1a: Great Tusk\n|\n|upkeep\n|turn|6\n|\n|t:|1782433773\n|move|p1a: Great Tusk|Headlong Rush|p2a: Scizor\n|-damage|p2a: Scizor|10/100\n|-unboost|p1a: Great Tusk|def|1\n|-unboost|p1a: Great Tusk|spd|1\n|move|p2a: Scizor|Defog|p1a: Great Tusk\n|-unboost|p1a: Great Tusk|evasion|1\n|-sideend|p1: d1g1talstarr|Stealth Rock|[from] move: Defog|[of] p2a: Scizor\n|-sideend|p2: auto ai|Stealth Rock|[from] move: Defog|[of] p2a: Scizor\n|\n|upkeep\n|turn|7\n|\n|t:|1782433787\n|move|p2a: Scizor|Bullet Punch|p1a: Great Tusk\n|-damage|p1a: Great Tusk|57/100\n|-damage|p2a: Scizor|0 fnt|[from] item: Rocky Helmet|[of] p1a: Great Tusk\n|faint|p2a: Scizor\n|move|p1a: Great Tusk|Knock Off|p2: Scizor|[notarget]\n|-fail|p1a: Great Tusk\n|\n|upkeep\n|\n|t:|1782433806\n|switch|p2a: Metagross|Metagross|100/100\n|turn|8\n|\n|t:|1782433810\n|move|p1a: Great Tusk|Headlong Rush|p2a: Metagross\n|-supereffective|p2a: Metagross\n|-damage|p2a: Metagross|8/100\n|-unboost|p1a: Great Tusk|def|1\n|-unboost|p1a: Great Tusk|spd|1\n|-enditem|p2a: Metagross|Weakness Policy\n|-boost|p2a: Metagross|atk|2|[from] item: Weakness Policy\n|-boost|p2a: Metagross|spa|2|[from] item: Weakness Policy\n|move|p2a: Metagross|Agility|p2a: Metagross\n|-boost|p2a: Metagross|spe|2\n|\n|upkeep\n|turn|9\n|\n|t:|1782433821\n|move|p2a: Metagross|Psychic Fangs|p1a: Great Tusk\n|-supereffective|p1a: Great Tusk\n|-damage|p1a: Great Tusk|0 fnt\n|-damage|p2a: Metagross|0 fnt|[from] item: Rocky Helmet|[of] p1a: Great Tusk\n|faint|p1a: Great Tusk\n|-end|p1a: Great Tusk|Protosynthesis|[silent]\n|faint|p2a: Metagross\n|\n|upkeep\n|\n|t:|1782433834\n|switch|p1a: Slowking|Slowking-Galar, M|100/100\n|switch|p2a: Kyurem|Kyurem|100/100\n|-ability|p2a: Kyurem|Pressure\n|turn|10\n|\n|t:|1782433842\n|move|p2a: Kyurem|Dragon Dance|p2a: Kyurem\n|-boost|p2a: Kyurem|atk|1\n|-boost|p2a: Kyurem|spe|1\n|move|p1a: Slowking|Future Sight|p2a: Kyurem\n|-start|p1a: Slowking|move: Future Sight\n|\n|upkeep\n|turn|11\n|\n|t:|1782433852\n|move|p2a: Kyurem|Scale Shot|p1a: Slowking\n|-damage|p1a: Slowking|81/100\n|-damage|p1a: Slowking|64/100\n|-damage|p1a: Slowking|46/100\n|-damage|p1a: Slowking|29/100\n|-hitcount|p1a: Slowking|4\n|-unboost|p2a: Kyurem|def|1\n|-boost|p2a: Kyurem|spe|1\n|move|p1a: Slowking|Sludge Bomb|p2a: Kyurem\n|-damage|p2a: Kyurem|57/100\n|-status|p2a: Kyurem|psn\n|\n|-damage|p2a: Kyurem|44/100 psn|[from] psn\n|upkeep\n|turn|12\n|\n|t:|1782433869\n|switch|p1a: Landorus|Landorus-Therian, M|30/100\n|-ability|p1a: Landorus|Intimidate|boost\n|-unboost|p2a: Kyurem|atk|1\n|move|p2a: Kyurem|Scale Shot|p1a: Landorus\n|-damage|p1a: Landorus|16/100\n|-damage|p1a: Landorus|1/100\n|-damage|p1a: Landorus|0 fnt\n|faint|p1a: Landorus\n|-hitcount|p1: Landorus|3\n|-unboost|p2a: Kyurem|def|1\n|-boost|p2a: Kyurem|spe|1\n|\n|-end|p2a: Kyurem|move: Future Sight\n|-damage|p2a: Kyurem|0 fnt\n|faint|p2a: Kyurem\n|upkeep\n|\n|t:|1782433887\n|switch|p1a: Sinistcha|Sinistcha|100/100\n|switch|p2a: Cinderace|Cinderace, M|11/100\n|turn|13\n|\n|t:|1782433894\n|move|p2a: Cinderace|Pyro Ball|p1a: Sinistcha\n|-supereffective|p1a: Sinistcha\n|-damage|p1a: Sinistcha|60/100\n|move|p1a: Sinistcha|Strength Sap|p2a: Cinderace\n|-unboost|p2a: Cinderace|atk|1\n|-heal|p1a: Sinistcha|100/100\n|\n|upkeep\n|turn|14\n|\n|t:|1782433903\n|move|p2a: Cinderace|U-turn|p1a: Sinistcha\n|-start|p2a: Cinderace|typechange|Bug|[from] ability: Libero\n|-damage|p1a: Sinistcha|84/100\n|\n|t:|1782433906\n|switch|p2a: Pecharunt|Pecharunt|100/100|[from] U-turn\n|move|p1a: Sinistcha|Calm Mind|p1a: Sinistcha\n|-boost|p1a: Sinistcha|spa|1\n|-boost|p1a: Sinistcha|spd|1\n|\n|-heal|p1a: Sinistcha|90/100|[from] item: Leftovers\n|upkeep\n|turn|15\n|\n|t:|1782433915\n|move|p2a: Pecharunt|Malignant Chain|p1a: Sinistcha\n|-damage|p1a: Sinistcha|67/100\n|-status|p1a: Sinistcha|tox\n|-start|p1a: Sinistcha|confusion|[from] ability: Poison Puppeteer|[of] p2a: Pecharunt\n|-activate|p1a: Sinistcha|confusion\n|-damage|p1a: Sinistcha|64/100 tox|[from] confusion\n|\n|-heal|p1a: Sinistcha|70/100 tox|[from] item: Leftovers\n|-damage|p1a: Sinistcha|64/100 tox|[from] psn\n|upkeep\n|turn|16\n|\n|t:|1782433927\n|move|p2a: Pecharunt|Nasty Plot|p2a: Pecharunt\n|-boost|p2a: Pecharunt|spa|2\n|-activate|p1a: Sinistcha|confusion\n|-damage|p1a: Sinistcha|60/100 tox|[from] confusion\n|\n|-heal|p1a: Sinistcha|66/100 tox|[from] item: Leftovers\n|-damage|p1a: Sinistcha|54/100 tox|[from] psn\n|upkeep\n|turn|17\n|\n|t:|1782433936\n|move|p2a: Pecharunt|Shadow Ball|p1a: Sinistcha\n|-supereffective|p1a: Sinistcha\n|-damage|p1a: Sinistcha|0 fnt\n|faint|p1a: Sinistcha\n|\n|upkeep\n|\n|t:|1782433948\n|switch|p1a: Kingambit|Kingambit, F|100/100\n|-activate|p1a: Kingambit|ability: Supreme Overlord\n|-start|p1a: Kingambit|fallen3|[silent]\n|turn|18\n|\n|t:|1782433975\n|-terastallize|p2a: Pecharunt|Ground\n|-terastallize|p1a: Kingambit|Dark\n|move|p2a: Pecharunt|Nasty Plot|p2a: Pecharunt\n|-boost|p2a: Pecharunt|spa|2\n|move|p1a: Kingambit|Swords Dance|p1a: Kingambit\n|-boost|p1a: Kingambit|atk|2\n|\n|-damage|p2a: Pecharunt|88/100|[from] item: Black Sludge\n|upkeep\n|turn|19\n|\n|t:|1782433989\n|move|p1a: Kingambit|Sucker Punch|p2a: Pecharunt\n|-damage|p2a: Pecharunt|28/100\n|move|p2a: Pecharunt|Shadow Ball|p1a: Kingambit\n|-resisted|p1a: Kingambit\n|-damage|p1a: Kingambit|65/100\n|\n|-damage|p2a: Pecharunt|15/100|[from] item: Black Sludge\n|-heal|p1a: Kingambit|71/100|[from] item: Leftovers\n|upkeep\n|turn|20\n|\n|t:|1782433999\n|move|p2a: Pecharunt|Shadow Ball|p1a: Kingambit\n|-resisted|p1a: Kingambit\n|-damage|p1a: Kingambit|36/100\n|move|p1a: Kingambit|Kowtow Cleave|p2a: Pecharunt\n|-damage|p2a: Pecharunt|0 fnt\n|faint|p2a: Pecharunt\n|\n|-heal|p1a: Kingambit|42/100|[from] item: Leftovers\n|upkeep\n|\n|t:|1782434015\n|switch|p2a: Cinderace|Cinderace, M|11/100\n|turn|21\n|\n|t:|1782434028\n|move|p1a: Kingambit|Sucker Punch|p2a: Cinderace\n|-damage|p2a: Cinderace|0 fnt\n|faint|p2a: Cinderace\n|\n|-heal|p1a: Kingambit|48/100|[from] item: Leftovers\n|upkeep\n|-message|auto ai forfeited.\n|\n|win|d1g1talstarr\n|raw|d1g1talstarr's rating: 1266 &rarr; <strong>1294</strong><br />(+28 for winning)\n|raw|auto ai's rating: 1303 &rarr; <strong>1281</strong><br />(-22 for losing)\n|l|☆auto ai\n|player|p2|\n|l|☆d1g1talstarr\n|player|p1|\n", "uploadtime": 1782434323, "views": 6, "formatid": "gen9ou", "rating": 1281, "private": 0, "password": null}