{"id": "gen9ou-2639962097", "format": "[Gen 9] OU", "players": ["White Boy SZN", "darretyle"], "log": "|j|☆White Boy SZN\n|j|☆darretyle\n|t:|1782553305\n|gametype|singles\n|player|p1|White Boy SZN|blue-gen7|1594\n|player|p2|darretyle|bugcatcher-gen4dp|1594\n|gen|9\n|tier|[Gen 9] OU\n|rated|\n|rule|HP Percentage Mod: HP is shown in percentages\n|rule|Endless Battle Clause: Forcing endless battles is banned\n|rule|Species Clause: Limit one of each Pokémon\n|rule|OHKO Clause: OHKO moves are banned\n|rule|Evasion Items Clause: Evasion items are banned\n|rule|Evasion Moves Clause: Evasion moves are banned\n|rule|Evasion Abilities Clause: Evasion abilities are banned\n|rule|Sleep Moves Clause: Sleep-inducing moves are banned\n|clearpoke\n|poke|p1|Iron Treads|\n|poke|p1|Samurott-Hisui, F|\n|poke|p1|Pecharunt|\n|poke|p1|Moltres|\n|poke|p1|Zamazenta-*|\n|poke|p1|Darkrai|\n|poke|p2|Cinderace, F|\n|poke|p2|Garchomp, F|\n|poke|p2|Iron Valiant|\n|poke|p2|Kingambit, M|\n|poke|p2|Ogerpon-Wellspring, F|\n|poke|p2|Raging Bolt|\n|teampreview\n|\n|t:|1782553332\n|teamsize|p1|6\n|teamsize|p2|6\n|start\n|switch|p1a: Pecharunt|Pecharunt|100/100\n|switch|p2a: Ogerpon|Ogerpon-Wellspring, F|100/100\n|turn|1\n|\n|t:|1782553343\n|move|p2a: Ogerpon|U-turn|p1a: Pecharunt\n|-resisted|p1a: Pecharunt\n|-damage|p1a: Pecharunt|98/100\n|\n|t:|1782553345\n|switch|p2a: Kingambit|Kingambit, M|100/100|[from] U-turn\n|move|p1a: Pecharunt|Parting Shot|p2a: Kingambit\n|-unboost|p2a: Kingambit|atk|1\n|-unboost|p2a: Kingambit|spa|1\n|\n|t:|1782553360\n|switch|p1a: Iron Treads|Iron Treads|100/100|[from] Parting Shot\n|\n|upkeep\n|turn|2\n|\n|t:|1782553367\n|-end|p2a: Kingambit|fallenundefined|[silent]\n|switch|p2a: Ogerpon|Ogerpon-Wellspring, F|100/100\n|move|p1a: Iron Treads|Stealth Rock|p2a: Ogerpon\n|-sidestart|p2: darretyle|move: Stealth Rock\n|\n|upkeep\n|turn|3\n|\n|t:|1782553370\n|-end|p1a: Iron Treads|Quark Drive|[silent]\n|switch|p1a: Pecharunt|Pecharunt|98/100\n|move|p2a: Ogerpon|Knock Off|p1a: Pecharunt\n|-supereffective|p1a: Pecharunt\n|-damage|p1a: Pecharunt|64/100\n|-enditem|p1a: Pecharunt|Shuca Berry|[from] move: Knock Off|[of] p2a: Ogerpon\n|\n|upkeep\n|turn|4\n|\n|t:|1782553381\n|move|p2a: Ogerpon|U-turn|p1a: Pecharunt\n|-resisted|p1a: Pecharunt\n|-damage|p1a: Pecharunt|61/100\n|\n|t:|1782553383\n|switch|p2a: Kingambit|Kingambit, M|100/100|[from] U-turn\n|-damage|p2a: Kingambit|94/100|[from] Stealth Rock\n|move|p1a: Pecharunt|Malignant Chain|p2a: Kingambit\n|-immune|p2a: Kingambit\n|\n|-heal|p2a: Kingambit|100/100|[from] item: Leftovers\n|upkeep\n|turn|5\n|\n|t:|1782553393\n|-end|p2a: Kingambit|fallenundefined|[silent]\n|switch|p2a: Cinderace|Cinderace, F|100/100\n|move|p1a: Pecharunt|Parting Shot|p2a: Cinderace\n|-unboost|p2a: Cinderace|atk|1\n|-unboost|p2a: Cinderace|spa|1\n|\n|t:|1782553400\n|switch|p1a: Samurott|Samurott-Hisui, F|100/100|[from] Parting Shot\n|\n|upkeep\n|turn|6\n|\n|t:|1782553404\n|move|p1a: Samurott|Ceaseless Edge|p2a: Cinderace\n|-damage|p2a: Cinderace|52/100\n|-sidestart|p2: darretyle|Spikes\n|move|p2a: Cinderace|Will-O-Wisp|p1a: Samurott\n|-status|p1a: Samurott|brn\n|\n|-damage|p1a: Samurott|94/100 brn|[from] brn\n|upkeep\n|turn|7\n|\n|t:|1782553412\n|move|p1a: Samurott|Ceaseless Edge|p2a: Cinderace\n|-damage|p2a: Cinderace|24/100\n|-sidestart|p2: darretyle|Spikes\n|move|p2a: Cinderace|Court Change|p2a: Cinderace\n|-start|p2a: Cinderace|typechange|Normal|[from] ability: Libero\n|-swapsideconditions\n|-activate|p2a: Cinderace|move: Court Change\n|\n|-damage|p1a: Samurott|88/100 brn|[from] brn\n|upkeep\n|turn|8\n|\n|t:|1782553426\n|switch|p2a: Iron Valiant|Iron Valiant|100/100\n|-enditem|p2a: Iron Valiant|Booster Energy\n|-activate|p2a: Iron Valiant|ability: Quark Drive|[fromitem]\n|-start|p2a: Iron Valiant|quarkdrivespe\n|move|p1a: Samurott|Ceaseless Edge|p2a: Iron Valiant\n|-resisted|p2a: Iron Valiant\n|-damage|p2a: Iron Valiant|94/100\n|-sidestart|p2: darretyle|Spikes\n|\n|-damage|p1a: Samurott|82/100 brn|[from] brn\n|upkeep\n|turn|9\n|\n|t:|1782553437\n|switch|p1a: Moltres|Moltres|100/100\n|move|p2a: Iron Valiant|Calm Mind|p2a: Iron Valiant\n|-boost|p2a: Iron Valiant|spa|1\n|-boost|p2a: Iron Valiant|spd|1\n|\n|upkeep\n|turn|10\n|\n|t:|1782553443\n|-terastallize|p2a: Iron Valiant|Dark\n|move|p2a: Iron Valiant|Calm Mind|p2a: Iron Valiant\n|-boost|p2a: Iron Valiant|spa|1\n|-boost|p2a: Iron Valiant|spd|1\n|move|p1a: Moltres|Roar|p2a: Iron Valiant\n|-end|p2a: Iron Valiant|Quark Drive|[silent]\n|drag|p2a: Ogerpon|Ogerpon-Wellspring, F|100/100\n|-damage|p2a: Ogerpon|88/100|[from] Spikes\n|\n|upkeep\n|turn|11\n|\n|t:|1782553454\n|move|p2a: Ogerpon|Ivy Cudgel|p1a: Moltres|[anim] Ivy Cudgel Water\n|-supereffective|p1a: Moltres\n|-damage|p1a: Moltres|17/100\n|move|p1a: Moltres|U-turn|p2a: Ogerpon\n|-supereffective|p2a: Ogerpon\n|-damage|p2a: Ogerpon|49/100\n|\n|t:|1782553474\n|switch|p1a: Iron Treads|Iron Treads|100/100|[from] U-turn\n|-damage|p1a: Iron Treads|97/100|[from] Stealth Rock\n|-damage|p1a: Iron Treads|81/100|[from] Spikes\n|\n|-heal|p1a: Iron Treads|87/100|[from] item: Leftovers\n|upkeep\n|turn|12\n|\n|t:|1782553480\n|-terastallize|p1a: Iron Treads|Ghost\n|move|p2a: Ogerpon|Ivy Cudgel|p1a: Iron Treads|[anim] Ivy Cudgel Water\n|-damage|p1a: Iron Treads|44/100\n|move|p1a: Iron Treads|Rapid Spin|p2a: Ogerpon\n|-damage|p2a: Ogerpon|32/100\n|-boost|p1a: Iron Treads|spe|1\n|-sideend|p1: White Boy SZN|Spikes|[from] move: Rapid Spin|[of] p1a: Iron Treads\n|-sideend|p1: White Boy SZN|Stealth Rock|[from] move: Rapid Spin|[of] p1a: Iron Treads\n|\n|-heal|p1a: Iron Treads|50/100|[from] item: Leftovers\n|upkeep\n|turn|13\n|\n|t:|1782553494\n|move|p1a: Iron Treads|Stealth Rock|p2a: Ogerpon\n|-sidestart|p2: darretyle|move: Stealth Rock\n|move|p2a: Ogerpon|Knock Off|p1a: Iron Treads\n|-supereffective|p1a: Iron Treads\n|-damage|p1a: Iron Treads|0 fnt\n|-enditem|p1a: Iron Treads|Leftovers|[from] move: Knock Off|[of] p2a: Ogerpon\n|faint|p1a: Iron Treads\n|-end|p1a: Iron Treads|Quark Drive|[silent]\n|\n|upkeep\n|\n|t:|1782553553\n|switch|p1a: Samurott|Samurott-Hisui, F|82/100 brn\n|turn|14\n|\n|t:|1782553569\n|switch|p2a: Iron Valiant|Iron Valiant, tera:Dark|94/100\n|-damage|p2a: Iron Valiant|81/100|[from] Spikes\n|-damage|p2a: Iron Valiant|69/100|[from] Stealth Rock\n|move|p1a: Samurott|Ceaseless Edge|p2a: Iron Valiant\n|-resisted|p2a: Iron Valiant\n|-damage|p2a: Iron Valiant|54/100\n|-sidestart|p2: darretyle|Spikes\n|\n|-damage|p1a: Samurott|76/100 brn|[from] brn\n|upkeep\n|turn|15\n|\n|t:|1782553580\n|move|p1a: Samurott|Ceaseless Edge|p2a: Iron Valiant\n|-resisted|p2a: Iron Valiant\n|-damage|p2a: Iron Valiant|39/100\n|-sidestart|p2: darretyle|Spikes\n|move|p2a: Iron Valiant|Moonblast|p1a: Samurott\n|-supereffective|p1a: Samurott\n|-damage|p1a: Samurott|0 fnt\n|faint|p1a: Samurott\n|\n|upkeep\n|\n|t:|1782553596\n|switch|p1a: Zamazenta|Zamazenta|100/100\n|-ability|p1a: Zamazenta|Dauntless Shield|boost\n|-boost|p1a: Zamazenta|def|1\n|turn|16\n|\n|t:|1782553602\n|move|p1a: Zamazenta|Body Press|p2a: Iron Valiant\n|-supereffective|p2a: Iron Valiant\n|-damage|p2a: Iron Valiant|0 fnt\n|faint|p2a: Iron Valiant\n|-end|p2a: Iron Valiant|Quark Drive|[silent]\n|\n|upkeep\n|\n|t:|1782553608\n|switch|p2a: Raging Bolt|Raging Bolt|100/100\n|-damage|p2a: Raging Bolt|75/100|[from] Spikes\n|-damage|p2a: Raging Bolt|63/100|[from] Stealth Rock\n|turn|17\n|\n|t:|1782553612\n|move|p1a: Zamazenta|Substitute|p1a: Zamazenta\n|-start|p1a: Zamazenta|Substitute\n|-damage|p1a: Zamazenta|75/100\n|move|p2a: Raging Bolt|Thunderbolt|p1a: Zamazenta\n|-end|p1a: Zamazenta|Substitute\n|\n|-heal|p1a: Zamazenta|82/100|[from] item: Leftovers\n|-heal|p2a: Raging Bolt|69/100|[from] item: Leftovers\n|upkeep\n|turn|18\n|\n|t:|1782553628\n|move|p1a: Zamazenta|Body Press|p2a: Raging Bolt\n|-damage|p2a: Raging Bolt|27/100\n|move|p2a: Raging Bolt|Thunderbolt|p1a: Zamazenta\n|-damage|p1a: Zamazenta|43/100\n|\n|-heal|p1a: Zamazenta|49/100|[from] item: Leftovers\n|-heal|p2a: Raging Bolt|33/100|[from] item: Leftovers\n|upkeep\n|turn|19\n|\n|t:|1782553636\n|move|p1a: Zamazenta|Body Press|p2a: Raging Bolt\n|-damage|p2a: Raging Bolt|0 fnt\n|faint|p2a: Raging Bolt\n|-end|p2a: Raging Bolt|Protosynthesis|[silent]\n|\n|-heal|p1a: Zamazenta|55/100|[from] item: Leftovers\n|upkeep\n|\n|t:|1782553640\n|switch|p2a: Garchomp|Garchomp, F|100/100\n|-damage|p2a: Garchomp|76/100|[from] Spikes\n|-damage|p2a: Garchomp|69/100|[from] Stealth Rock\n|turn|20\n|\n|t:|1782553643\n|move|p1a: Zamazenta|Iron Defense|p1a: Zamazenta\n|-boost|p1a: Zamazenta|def|2\n|move|p2a: Garchomp|Draco Meteor|p1a: Zamazenta|[miss]\n|-miss|p2a: Garchomp|p1a: Zamazenta\n|\n|-heal|p1a: Zamazenta|61/100|[from] item: Leftovers\n|upkeep\n|turn|21\n|\n|t:|1782553648\n|move|p1a: Zamazenta|Body Press|p2a: Garchomp\n|-damage|p2a: Garchomp|0 fnt\n|-damage|p1a: Zamazenta|49/100|[from] ability: Rough Skin|[of] p2a: Garchomp\n|faint|p2a: Garchomp\n|\n|-heal|p1a: Zamazenta|55/100|[from] item: Leftovers\n|upkeep\n|-message|darretyle forfeited.\n|\n|win|White Boy SZN\n|raw|White Boy SZN's rating: 1594 &rarr; <strong>1614</strong><br />(+20 for winning)\n|raw|darretyle's rating: 1594 &rarr; <strong>1574</strong><br />(-20 for losing)\n|l|☆darretyle\n|player|p2|\n|l|☆White Boy SZN\n|player|p1|\n", "uploadtime": 1782553866, "views": 6, "formatid": "gen9ou", "rating": 1574, "private": 0, "password": null}