{"id": "gen9ou-2639903041", "format": "[Gen 9] OU", "players": ["JustNguyen144", "Draw Your Sword"], "log": "|badge|p2|bronze|gen9ou|100-9\n|html|<div class=\"broadcast-red\"><strong>This battle is required to be public due to one or more player having a season medal.</strong><br />During the public phase, you can discuss the state of the ladder <a href=\"/seasondiscussion\">in a special chatroom.</a></div>\n|uhtml|medal-msg|<div class=\"broadcast-blue\">Curious what those medals under the avatar are? PS now has Ladder Seasons! For more information, check out the <a href=\"https://www.smogon.com/forums/threads/3740067/\">thread on Smogon.</a></div>\n|raw|<div class=\"broadcast-blue\"><strong>This battle is required to be public due to a player having a name starting with 'medal'.</div>\n|j|☆JustNguyen144\n|j|☆Draw Your Sword\n|t:|1782539810\n|gametype|singles\n|player|p1|JustNguyen144|170|1693\n|player|p2|Draw Your Sword|psychic-gen4|1832\n|gen|9\n|tier|[Gen 9] OU\n|rated|\n|rule|HP Percentage Mod: HP is shown in percentages\n|rule|Endless Battle Clause: Forcing endless battles is banned\n|rule|Species Clause: Limit one of each Pokémon\n|rule|OHKO Clause: OHKO moves are banned\n|rule|Evasion Items Clause: Evasion items are banned\n|rule|Evasion Moves Clause: Evasion moves are banned\n|rule|Evasion Abilities Clause: Evasion abilities are banned\n|rule|Sleep Moves Clause: Sleep-inducing moves are banned\n|clearpoke\n|poke|p1|Empoleon, F|\n|poke|p1|Thundurus-Therian, M|\n|poke|p1|Greninja-*, F|\n|poke|p1|Kyurem|\n|poke|p1|Garchomp, F|\n|poke|p1|Pecharunt|\n|poke|p2|Darkrai|\n|poke|p2|Tinkaton, F|\n|poke|p2|Moltres|\n|poke|p2|Pecharunt|\n|poke|p2|Rillaboom, F|\n|poke|p2|Gliscor, M|\n|teampreview\n|j| Disscratch\n|inactive|Battle timer is ON: inactive players will automatically lose when time's up. (requested by JustNguyen144)\n|j| UnawareiDontCare\n|\n|t:|1782539829\n|teamsize|p1|6\n|teamsize|p2|6\n|start\n|switch|p1a: Greninja|Greninja, F, shiny|100/100\n|switch|p2a: Gliscor|Gliscor, M, shiny|100/100\n|turn|1\n|\n|t:|1782539834\n|-terastallize|p2a: Gliscor|Fairy\n|move|p1a: Greninja|Spikes|p2a: Gliscor\n|-start|p1a: Greninja|typechange|Ground|[from] ability: Protean\n|-sidestart|p2: Draw Your Sword|Spikes\n|move|p2a: Gliscor|Toxic|p1a: Greninja\n|-status|p1a: Greninja|tox\n|\n|-damage|p1a: Greninja|95/100 tox|[from] psn\n|-status|p2a: Gliscor|tox|[from] item: Toxic Orb\n|upkeep\n|turn|2\n|\n|t:|1782539858\n|switch|p1a: Pecharunt|Pecharunt|100/100\n|move|p2a: Gliscor|Spikes|p1a: Pecharunt\n|-sidestart|p1: JustNguyen144|Spikes\n|\n|upkeep\n|turn|3\n|j| GoodraSweetheart76\n|\n|t:|1782539870\n|switch|p2a: Tinkaton|Tinkaton, F|100/100\n|-damage|p2a: Tinkaton|88/100|[from] Spikes\n|-ability|p2a: Tinkaton|Mold Breaker\n|move|p1a: Pecharunt|Shadow Ball|p2a: Tinkaton\n|-damage|p2a: Tinkaton|66/100\n|-unboost|p2a: Tinkaton|spd|1\n|\n|-heal|p2a: Tinkaton|72/100|[from] item: Leftovers\n|upkeep\n|turn|4\n|inactive|JustNguyen144 has 120 seconds left.\n|\n|t:|1782539903\n|switch|p1a: Thundurus|Thundurus-Therian, M, shiny|100/100\n|move|p2a: Tinkaton|Stealth Rock|p1a: Thundurus\n|-sidestart|p1: JustNguyen144|move: Stealth Rock\n|\n|-heal|p2a: Tinkaton|79/100|[from] item: Leftovers\n|upkeep\n|turn|5\n|\n|t:|1782539912\n|move|p1a: Thundurus|Nasty Plot|p1a: Thundurus\n|-boost|p1a: Thundurus|spa|2\n|move|p2a: Tinkaton|Knock Off|p1a: Thundurus\n|-damage|p1a: Thundurus|74/100\n|-enditem|p1a: Thundurus|Heavy-Duty Boots|[from] move: Knock Off|[of] p2a: Tinkaton\n|\n|-heal|p2a: Tinkaton|85/100|[from] item: Leftovers\n|upkeep\n|turn|6\n|inactive|JustNguyen144 has 120 seconds left.\n|\n|t:|1782539920\n|move|p1a: Thundurus|Thunderbolt|p2a: Tinkaton\n|-damage|p2a: Tinkaton|0 fnt\n|faint|p2a: Tinkaton\n|\n|upkeep\n|\n|t:|1782539922\n|switch|p2a: Darkrai|Darkrai, shiny|100/100\n|turn|7\n|inactive|JustNguyen144 has 120 seconds left.\n|\n|t:|1782539958\n|-terastallize|p1a: Thundurus|Fairy\n|move|p2a: Darkrai|Ice Beam|p1a: Thundurus\n|-damage|p1a: Thundurus|31/100\n|move|p1a: Thundurus|Thunderbolt|p2a: Darkrai\n|-damage|p2a: Darkrai|0 fnt\n|faint|p2a: Darkrai\n|\n|upkeep\n|\n|t:|1782539965\n|switch|p2a: Rillaboom|Rillaboom, F, shiny|100/100\n|-fieldstart|move: Grassy Terrain|[from] ability: Grassy Surge|[of] p2a: Rillaboom\n|turn|8\n|\n|t:|1782539976\n|switch|p1a: Garchomp|Garchomp, F|100/100\n|-damage|p1a: Garchomp|88/100|[from] Spikes\n|-damage|p1a: Garchomp|82/100|[from] Stealth Rock\n|move|p2a: Rillaboom|Grassy Glide|p1a: Garchomp\n|-damage|p1a: Garchomp|58/100\n|-damage|p2a: Rillaboom|88/100|[from] ability: Rough Skin|[of] p1a: Garchomp\n|-damage|p2a: Rillaboom|72/100|[from] item: Rocky Helmet|[of] p1a: Garchomp\n|\n|-heal|p1a: Garchomp|65/100|[from] Grassy Terrain\n|-heal|p2a: Rillaboom|78/100|[from] Grassy Terrain\n|upkeep\n|turn|9\n|\n|t:|1782539987\n|switch|p2a: Gliscor|Gliscor, M, shiny, tera:Fairy|100/100 tox\n|-damage|p2a: Gliscor|88/100 tox|[from] Spikes\n|move|p1a: Garchomp|Rest|p1a: Garchomp\n|-status|p1a: Garchomp|slp|[from] move: Rest\n|-heal|p1a: Garchomp|100/100 slp|[silent]\n|\n|-heal|p2a: Gliscor|94/100 tox|[from] Grassy Terrain\n|-heal|p2a: Gliscor|100/100 tox|[from] ability: Poison Heal\n|upkeep\n|turn|10\n|\n|t:|1782539997\n|switch|p1a: Empoleon|Empoleon, F|100/100\n|-damage|p1a: Empoleon|88/100|[from] Spikes\n|-damage|p1a: Empoleon|82/100|[from] Stealth Rock\n|move|p2a: Gliscor|Spikes|p1a: Empoleon\n|-sidestart|p1: JustNguyen144|Spikes\n|\n|-heal|p1a: Empoleon|88/100|[from] Grassy Terrain\n|-heal|p1a: Empoleon|94/100|[from] item: Leftovers\n|upkeep\n|turn|11\n|\n|t:|1782540006\n|move|p2a: Gliscor|Spikes|p1a: Empoleon\n|-sidestart|p1: JustNguyen144|Spikes\n|move|p1a: Empoleon|Stealth Rock|p2a: Gliscor\n|-sidestart|p2: Draw Your Sword|move: Stealth Rock\n|\n|-heal|p1a: Empoleon|100/100|[from] Grassy Terrain\n|upkeep\n|turn|12\n|inactive|JustNguyen144 has 120 seconds left.\n|\n|t:|1782540011\n|move|p2a: Gliscor|Earthquake|p1a: Empoleon\n|-supereffective|p1a: Empoleon\n|-damage|p1a: Empoleon|65/100\n|move|p1a: Empoleon|Roar|p2a: Gliscor\n|drag|p2a: Rillaboom|Rillaboom, F, shiny|78/100\n|\n|-heal|p2a: Rillaboom|84/100|[from] Grassy Terrain\n|-heal|p1a: Empoleon|71/100|[from] Grassy Terrain\n|-heal|p1a: Empoleon|77/100|[from] item: Leftovers\n|-fieldend|move: Grassy Terrain\n|upkeep\n|turn|13\n|inactive|JustNguyen144 has 120 seconds left.\n|\n|t:|1782540031\n|move|p2a: Rillaboom|Knock Off|p1a: Empoleon\n|-damage|p1a: Empoleon|39/100\n|-enditem|p1a: Empoleon|Leftovers|[from] move: Knock Off|[of] p2a: Rillaboom\n|move|p1a: Empoleon|Roar|p2a: Rillaboom\n|drag|p2a: Pecharunt|Pecharunt|100/100\n|\n|upkeep\n|turn|14\n|\n|t:|1782540040\n|switch|p2a: Rillaboom|Rillaboom, F, shiny|84/100\n|-fieldstart|move: Grassy Terrain|[from] ability: Grassy Surge|[of] p2a: Rillaboom\n|move|p1a: Empoleon|Roost|p1a: Empoleon\n|-heal|p1a: Empoleon|89/100\n|-singleturn|p1a: Empoleon|move: Roost\n|\n|-heal|p2a: Rillaboom|90/100|[from] Grassy Terrain\n|-heal|p1a: Empoleon|95/100|[from] Grassy Terrain\n|upkeep\n|turn|15\n|inactive|JustNguyen144 has 120 seconds left.\n|\n|t:|1782540048\n|move|p2a: Rillaboom|Wood Hammer|p1a: Empoleon\n|-crit|p1a: Empoleon\n|-damage|p1a: Empoleon|0 fnt\n|faint|p1a: Empoleon\n|-damage|p2a: Rillaboom|59/100|[from] Recoil\n|\n|-heal|p2a: Rillaboom|65/100|[from] Grassy Terrain\n|upkeep\n|inactive|JustNguyen144 has 120 seconds left.\n|\n|t:|1782540061\n|switch|p1a: Kyurem|Kyurem|100/100\n|-damage|p1a: Kyurem|76/100|[from] Spikes\n|-damage|p1a: Kyurem|51/100|[from] Stealth Rock\n|-ability|p1a: Kyurem|Pressure\n|turn|16\n|l| GoodraSweetheart76\n|inactive|JustNguyen144 has 120 seconds left.\n|\n|t:|1782540067\n|switch|p2a: Gliscor|Gliscor, M, shiny, tera:Fairy|100/100 tox\n|-damage|p2a: Gliscor|88/100 tox|[from] Spikes\n|-damage|p2a: Gliscor|75/100 tox|[from] Stealth Rock\n|move|p1a: Kyurem|Icicle Spear|p2a: Gliscor\n|-damage|p2a: Gliscor|65/100 tox\n|-damage|p2a: Gliscor|54/100 tox\n|-damage|p2a: Gliscor|44/100 tox\n|-damage|p2a: Gliscor|34/100 tox\n|-hitcount|p2a: Gliscor|4\n|\n|-heal|p1a: Kyurem|57/100|[from] Grassy Terrain\n|-heal|p2a: Gliscor|40/100 tox|[from] Grassy Terrain\n|-heal|p2a: Gliscor|53/100 tox|[from] ability: Poison Heal\n|upkeep\n|turn|17\n|inactive|JustNguyen144 has 120 seconds left.\n|\n|t:|1782540080\n|switch|p2a: Pecharunt|Pecharunt|100/100\n|move|p1a: Kyurem|Substitute|p1a: Kyurem\n|-start|p1a: Kyurem|Substitute\n|-damage|p1a: Kyurem|32/100\n|\n|-heal|p1a: Kyurem|38/100|[from] Grassy Terrain\n|upkeep\n|turn|18\n|\n|t:|1782540087\n|move|p1a: Kyurem|Earth Power|p2a: Pecharunt\n|-supereffective|p2a: Pecharunt\n|-damage|p2a: Pecharunt|51/100\n|move|p2a: Pecharunt|Malignant Chain|p1a: Kyurem\n|-end|p1a: Kyurem|Substitute\n|\n|-heal|p1a: Kyurem|44/100|[from] Grassy Terrain\n|-heal|p2a: Pecharunt|57/100|[from] Grassy Terrain\n|-fieldend|move: Grassy Terrain\n|upkeep\n|turn|19\n|\n|t:|1782540096\n|move|p1a: Kyurem|Earth Power|p2a: Pecharunt\n|-supereffective|p2a: Pecharunt\n|-damage|p2a: Pecharunt|7/100\n|move|p2a: Pecharunt|Malignant Chain|p1a: Kyurem\n|-damage|p1a: Kyurem|9/100\n|\n|upkeep\n|turn|20\n|\n|t:|1782540104\n|move|p1a: Kyurem|Icicle Spear|p2a: Pecharunt\n|-damage|p2a: Pecharunt|0 fnt\n|faint|p2a: Pecharunt\n|-hitcount|p2: Pecharunt|1\n|\n|upkeep\n|\n|t:|1782540106\n|switch|p2a: Rillaboom|Rillaboom, F, shiny|65/100\n|-fieldstart|move: Grassy Terrain|[from] ability: Grassy Surge|[of] p2a: Rillaboom\n|turn|21\n|\n|t:|1782540130\n|move|p2a: Rillaboom|Grassy Glide|p1a: Kyurem\n|-resisted|p1a: Kyurem\n|-damage|p1a: Kyurem|0 fnt\n|faint|p1a: Kyurem\n|\n|-heal|p2a: Rillaboom|71/100|[from] Grassy Terrain\n|upkeep\n|inactive|JustNguyen144 has 120 seconds left.\n|\n|t:|1782540158\n|switch|p1a: Pecharunt|Pecharunt|100/100\n|turn|22\n|\n|t:|1782540161\n|move|p2a: Rillaboom|Knock Off|p1a: Pecharunt\n|-supereffective|p1a: Pecharunt\n|-damage|p1a: Pecharunt|64/100\n|-enditem|p1a: Pecharunt|Heavy-Duty Boots|[from] move: Knock Off|[of] p2a: Rillaboom\n|move|p1a: Pecharunt|Malignant Chain|p2a: Rillaboom\n|-supereffective|p2a: Rillaboom\n|-damage|p2a: Rillaboom|0 fnt\n|faint|p2a: Rillaboom\n|\n|-heal|p1a: Pecharunt|70/100|[from] Grassy Terrain\n|upkeep\n|\n|t:|1782540164\n|switch|p2a: Gliscor|Gliscor, M, shiny, tera:Fairy|53/100 tox\n|-damage|p2a: Gliscor|40/100 tox|[from] Spikes\n|-damage|p2a: Gliscor|28/100 tox|[from] Stealth Rock\n|turn|23\n|\n|t:|1782540175\n|move|p2a: Gliscor|Protect|p2a: Gliscor\n|-singleturn|p2a: Gliscor|Protect\n|move|p1a: Pecharunt|Nasty Plot|p1a: Pecharunt\n|-boost|p1a: Pecharunt|spa|2\n|\n|-heal|p2a: Gliscor|34/100 tox|[from] Grassy Terrain\n|-heal|p1a: Pecharunt|76/100|[from] Grassy Terrain\n|-heal|p2a: Gliscor|47/100 tox|[from] ability: Poison Heal\n|upkeep\n|turn|24\n|-message|Draw Your Sword forfeited.\n|\n|win|JustNguyen144\n|raw|JustNguyen144's rating: 1693 &rarr; <strong>1721</strong><br />(+28 for winning)\n|raw|Draw Your Sword's rating: 1832 &rarr; <strong>1804</strong><br />(-28 for losing)\n|l|☆Draw Your Sword\n|player|p2|\n|l| UnawareiDontCare\n|l|☆JustNguyen144\n|player|p1|\n|l| Disscratch\n", "uploadtime": 1782540370, "views": 6, "formatid": "gen9ou", "rating": 1721, "private": 0, "password": null}