{"id": "gen9ou-2647839574", "format": "[Gen 9] OU", "players": ["PoSlayerr", "Sloth&friends"], "log": "|j|☆PoSlayerr\n|j|☆Sloth&friends\n|t:|1783821765\n|gametype|singles\n|player|p1|PoSlayerr|blue|1184\n|player|p2|Sloth&friends|102|1188\n|gen|9\n|tier|[Gen 9] OU\n|rated|\n|rule|HP Percentage Mod: HP is shown in percentages\n|rule|Endless Battle Clause: Forcing endless battles is banned\n|rule|Species Clause: Limit one of each Pokémon\n|rule|OHKO Clause: OHKO moves are banned\n|rule|Evasion Items Clause: Evasion items are banned\n|rule|Evasion Moves Clause: Evasion moves are banned\n|rule|Evasion Abilities Clause: Evasion abilities are banned\n|rule|Sleep Moves Clause: Sleep-inducing moves are banned\n|clearpoke\n|poke|p1|Blastoise, F|\n|poke|p1|Goodra-Hisui, F|\n|poke|p1|Skarmory, M|\n|poke|p1|Weavile, M|\n|poke|p1|Moltres|\n|poke|p1|Raichu, F|\n|poke|p2|Staraptor, M|\n|poke|p2|Maushold-Four|\n|poke|p2|Gliscor, M|\n|poke|p2|Rotom-Wash|\n|poke|p2|Typhlosion-Hisui, F|\n|poke|p2|Ditto|\n|teampreview\n|inactive|Battle timer is ON: inactive players will automatically lose when time's up. (requested by PoSlayerr)\n|\n|t:|1783821784\n|teamsize|p1|6\n|teamsize|p2|6\n|start\n|switch|p1a: Moltres|Moltres|100/100\n|switch|p2a: Vesuvius|Typhlosion-Hisui, F|100/100\n|-item|p1a: Moltres|Heavy-Duty Boots|[from] ability: Frisk|[of] p2a: Vesuvius\n|turn|1\n|\n|t:|1783821800\n|switch|p1a: Goodra|Goodra-Hisui, F|100/100\n|move|p2a: Vesuvius|Inferno|p1a: Goodra\n|-damage|p1a: Goodra|83/100\n|-status|p1a: Goodra|brn\n|\n|-damage|p1a: Goodra|76/100 brn|[from] brn\n|upkeep\n|turn|2\n|inactive|Sloth&friends has 120 seconds left.\n|\n|t:|1783821828\n|move|p2a: Vesuvius|Infernal Parade|p1a: Goodra\n|-damage|p1a: Goodra|55/100 brn\n|move|p1a: Goodra|Hydro Pump|p2a: Vesuvius|[miss]\n|-miss|p1a: Goodra|p2a: Vesuvius\n|\n|-damage|p1a: Goodra|49/100 brn|[from] brn\n|upkeep\n|turn|3\n|inactive|Sloth&friends has 120 seconds left.\n|\n|t:|1783821845\n|move|p2a: Vesuvius|Infernal Parade|p1a: Goodra\n|-damage|p1a: Goodra|27/100 brn\n|move|p1a: Goodra|Hydro Pump|p2a: Vesuvius\n|-supereffective|p2a: Vesuvius\n|-damage|p2a: Vesuvius|20/100\n|\n|-damage|p1a: Goodra|21/100 brn|[from] brn\n|upkeep\n|turn|4\n|inactive|Sloth&friends has 120 seconds left.\n|\n|t:|1783821868\n|move|p2a: Vesuvius|Infernal Parade|p1a: Goodra\n|-damage|p1a: Goodra|0 fnt\n|faint|p1a: Goodra\n|\n|upkeep\n|\n|t:|1783821875\n|switch|p1a: Weavile|Weavile, M|100/100\n|-ability|p1a: Weavile|Pressure\n|turn|5\n|\n|t:|1783821884\n|move|p1a: Weavile|Knock Off|p2a: Vesuvius\n|-supereffective|p2a: Vesuvius\n|-damage|p2a: Vesuvius|0 fnt\n|-enditem|p2a: Vesuvius|Blunder Policy|[from] move: Knock Off|[of] p1a: Weavile\n|faint|p2a: Vesuvius\n|\n|upkeep\n|\n|t:|1783821901\n|switch|p2a: Bully McGuire|Staraptor, M|100/100\n|turn|6\n|\n|t:|1783821912\n|switch|p1a: Moltres|Moltres|100/100\n|move|p2a: Bully McGuire|Double-Edge|p1a: Moltres\n|-crit|p1a: Moltres\n|-damage|p1a: Moltres|27/100\n|-damage|p2a: Bully McGuire|72/100|[from] Recoil\n|\n|upkeep\n|turn|7\n|\n|t:|1783821927\n|switch|p1a: Skarmory|Skarmory, M|100/100\n|move|p2a: Bully McGuire|Double-Edge|p1a: Skarmory\n|-resisted|p1a: Skarmory\n|-damage|p1a: Skarmory|80/100\n|-damage|p2a: Bully McGuire|56/100|[from] item: Rocky Helmet|[of] p1a: Skarmory\n|-damage|p2a: Bully McGuire|48/100|[from] Recoil\n|\n|upkeep\n|turn|8\n|\n|t:|1783821941\n|switch|p2a: Play-Doh|Ditto|100/100\n|-transform|p2a: Play-Doh|p1a: Skarmory|[from] ability: Imposter\n|move|p1a: Skarmory|Stealth Rock|p2a: Play-Doh\n|-sidestart|p2: Sloth&friends|move: Stealth Rock\n|\n|upkeep\n|turn|9\n|\n|t:|1783821953\n|switch|p1a: Moltres|Moltres|27/100\n|move|p2a: Play-Doh|Stealth Rock|p1a: Moltres\n|-sidestart|p1: PoSlayerr|move: Stealth Rock\n|\n|upkeep\n|turn|10\n|\n|t:|1783821968\n|switch|p2a: It's Gotta Be Tide|Rotom-Wash|100/100\n|-damage|p2a: It's Gotta Be Tide|88/100|[from] Stealth Rock\n|move|p1a: Moltres|Roost|p1a: Moltres\n|-heal|p1a: Moltres|77/100\n|-singleturn|p1a: Moltres|move: Roost\n|\n|upkeep\n|turn|11\n|inactive|PoSlayerr has 120 seconds left.\n|\n|t:|1783822004\n|switch|p1a: Weavile|Weavile, M|100/100\n|-damage|p1a: Weavile|76/100|[from] Stealth Rock\n|-ability|p1a: Weavile|Pressure\n|move|p2a: It's Gotta Be Tide|Trick|p1a: Weavile\n|-activate|p2a: It's Gotta Be Tide|move: Trick|[of] p1a: Weavile\n|-item|p1a: Weavile|Choice Scarf|[from] move: Trick\n|-item|p2a: It's Gotta Be Tide|Choice Scarf|[from] move: Trick\n|\n|upkeep\n|turn|12\n|inactive|PoSlayerr has 120 seconds left.\n|\n|t:|1783822023\n|-terastallize|p1a: Weavile|Ghost\n|move|p1a: Weavile|Knock Off|p2a: It's Gotta Be Tide\n|-damage|p2a: It's Gotta Be Tide|12/100\n|-enditem|p2a: It's Gotta Be Tide|Choice Scarf|[from] move: Knock Off|[of] p1a: Weavile\n|move|p2a: It's Gotta Be Tide|Discharge|p1a: Weavile\n|-damage|p1a: Weavile|29/100\n|\n|upkeep\n|turn|13\n|\n|t:|1783822040\n|move|p1a: Weavile|Knock Off|p2a: It's Gotta Be Tide\n|-damage|p2a: It's Gotta Be Tide|0 fnt\n|faint|p2a: It's Gotta Be Tide\n|\n|upkeep\n|inactive|Sloth&friends has 90 seconds left.\n|\n|t:|1783822058\n|switch|p2a: Bully McGuire|Staraptor, M|48/100\n|-damage|p2a: Bully McGuire|24/100|[from] Stealth Rock\n|turn|14\n|\n|t:|1783822067\n|move|p1a: Weavile|Knock Off|p2a: Bully McGuire\n|-damage|p2a: Bully McGuire|0 fnt\n|-enditem|p2a: Bully McGuire|Choice Scarf|[from] move: Knock Off|[of] p1a: Weavile\n|faint|p2a: Bully McGuire\n|\n|upkeep\n|inactive|Sloth&friends has 90 seconds left.\n|\n|t:|1783822081\n|switch|p2a: Play-Doh|Ditto|100/100\n|-damage|p2a: Play-Doh|88/100|[from] Stealth Rock\n|-transform|p2a: Play-Doh|p1a: Weavile|[from] ability: Imposter\n|-ability|p2a: Play-Doh|Pressure\n|-start|p2a: Play-Doh|typechange|Dark/Ice|[silent]\n|turn|15\n|inactive|Sloth&friends has 90 seconds left.\n|\n|t:|1783822097\n|switch|p1a: Moltres|Moltres|77/100\n|move|p2a: Play-Doh|Knock Off|p1a: Moltres\n|-damage|p1a: Moltres|41/100\n|-enditem|p1a: Moltres|Heavy-Duty Boots|[from] move: Knock Off|[of] p2a: Play-Doh\n|\n|upkeep\n|turn|16\n|inactive|Sloth&friends has 90 seconds left.\n|\n|t:|1783822116\n|switch|p2a: Deathdrop|Gliscor, M|100/100\n|-damage|p2a: Deathdrop|88/100|[from] Stealth Rock\n|move|p1a: Moltres|Heat Wave|p2a: Deathdrop\n|-damage|p2a: Deathdrop|26/100\n|\n|-status|p2a: Deathdrop|tox|[from] item: Toxic Orb\n|upkeep\n|turn|17\n|inactive|PoSlayerr has 120 seconds left.\n|\n|t:|1783822141\n|switch|p1a: Blastoise|Blastoise, F|100/100\n|-damage|p1a: Blastoise|88/100|[from] Stealth Rock\n|-terastallize|p2a: Deathdrop|Water\n|move|p2a: Deathdrop|Dual Wingbeat|p1a: Blastoise\n|-damage|p1a: Blastoise|67/100\n|-damage|p1a: Blastoise|49/100\n|-hitcount|p1a: Blastoise|2\n|\n|-heal|p2a: Deathdrop|38/100 tox|[from] ability: Poison Heal\n|upkeep\n|turn|18\n|inactive|PoSlayerr has 120 seconds left.\n|\n|t:|1783822159\n|move|p2a: Deathdrop|Earthquake|p1a: Blastoise\n|-damage|p1a: Blastoise|0 fnt\n|faint|p1a: Blastoise\n|\n|-heal|p2a: Deathdrop|51/100 tox|[from] ability: Poison Heal\n|upkeep\n|inactive|PoSlayerr has 120 seconds left.\n|\n|t:|1783822182\n|switch|p1a: Raichu|Raichu, F|100/100\n|-damage|p1a: Raichu|88/100|[from] Stealth Rock\n|turn|19\n|\n|t:|1783822194\n|move|p1a: Raichu|Thunderbolt|p2a: Deathdrop\n|-supereffective|p2a: Deathdrop\n|-damage|p2a: Deathdrop|0 fnt\n|faint|p2a: Deathdrop\n|\n|upkeep\n|inactive|Sloth&friends has 60 seconds left.\n|\n|t:|1783822209\n|switch|p2a: Play-Doh|Ditto|88/100\n|-damage|p2a: Play-Doh|76/100|[from] Stealth Rock\n|-transform|p2a: Play-Doh|p1a: Raichu|[from] ability: Imposter\n|turn|20\n|inactive|Sloth&friends has 60 seconds left.\n|\n|t:|1783822223\n|move|p2a: Play-Doh|Surf|p1a: Raichu\n|-damage|p1a: Raichu|52/100\n|move|p1a: Raichu|Surf|p2a: Play-Doh\n|-damage|p2a: Play-Doh|42/100\n|\n|upkeep\n|turn|21\n|inactive|Sloth&friends has 60 seconds left.\n|\n|t:|1783822235\n|move|p2a: Play-Doh|Surf|p1a: Raichu\n|-damage|p1a: Raichu|14/100\n|move|p1a: Raichu|Surf|p2a: Play-Doh\n|-damage|p2a: Play-Doh|9/100\n|\n|upkeep\n|turn|22\n|inactive|PoSlayerr has 120 seconds left.\n|inactive|Sloth&friends has 60 seconds left.\n|\n|t:|1783822248\n|move|p2a: Play-Doh|Surf|p1a: Raichu\n|-damage|p1a: Raichu|0 fnt\n|faint|p1a: Raichu\n|\n|upkeep\n|\n|t:|1783822253\n|switch|p1a: Weavile|Weavile, M, tera:Ghost|29/100\n|-damage|p1a: Weavile|16/100|[from] Stealth Rock\n|-ability|p1a: Weavile|Pressure\n|turn|23\n|inactive|PoSlayerr has 120 seconds left.\n|\n|t:|1783822270\n|move|p2a: Play-Doh|Surf|p1a: Weavile\n|-damage|p1a: Weavile|0 fnt\n|faint|p1a: Weavile\n|\n|upkeep\n|-message|PoSlayerr forfeited.\n|\n|win|Sloth&friends\n|raw|PoSlayerr's rating: 1184 &rarr; <strong>1159</strong><br />(-25 for losing)\n|raw|Sloth&amp;friends's rating: 1188 &rarr; <strong>1213</strong><br />(+25 for winning)\n|l|☆PoSlayerr\n|player|p1|\n|l|☆Sloth&friends\n|player|p2|\n", "uploadtime": 1783822616, "views": 6, "formatid": "gen9ou", "rating": 1159, "private": 0, "password": null}