{"id": "gen9ou-2647837738", "format": "[Gen 9] OU", "players": ["021_Natinn", "CranberryHabits"], "log": "|j|☆021_Natinn\n|j|☆CranberryHabits\n|t:|1783821448\n|gametype|singles\n|player|p1|021_Natinn|266|1075\n|player|p2|CranberryHabits|nessa-masters|1148\n|gen|9\n|tier|[Gen 9] OU\n|rated|\n|rule|HP Percentage Mod: HP is shown in percentages\n|rule|Endless Battle Clause: Forcing endless battles is banned\n|rule|Species Clause: Limit one of each Pokémon\n|rule|OHKO Clause: OHKO moves are banned\n|rule|Evasion Items Clause: Evasion items are banned\n|rule|Evasion Moves Clause: Evasion moves are banned\n|rule|Evasion Abilities Clause: Evasion abilities are banned\n|rule|Sleep Moves Clause: Sleep-inducing moves are banned\n|clearpoke\n|poke|p1|Slowking-Galar, F|\n|poke|p1|Great Tusk|\n|poke|p1|Iron Valiant|\n|poke|p1|Garganacl, M|\n|poke|p1|Gholdengo|\n|poke|p1|Dragonite, F|\n|poke|p2|Cinderace, M|\n|poke|p2|Malamar, F|\n|poke|p2|Ribombee, M|\n|poke|p2|Serperior, M|\n|poke|p2|Lurantis, F|\n|poke|p2|Kingambit, M|\n|teampreview\n|\n|t:|1783821470\n|teamsize|p1|6\n|teamsize|p2|6\n|start\n|switch|p1a: Iron Valiant|Iron Valiant|100/100\n|switch|p2a: Ribombee|Ribombee, M|100/100\n|-enditem|p1a: Iron Valiant|Booster Energy\n|-activate|p1a: Iron Valiant|ability: Quark Drive|[fromitem]\n|-start|p1a: Iron Valiant|quarkdrivespe\n|turn|1\n|\n|t:|1783821497\n|move|p1a: Iron Valiant|Moonblast|p2a: Ribombee\n|-damage|p2a: Ribombee|33/100\n|move|p2a: Ribombee|Stun Spore|p1a: Iron Valiant|[miss]\n|-miss|p2a: Ribombee|p1a: Iron Valiant\n|\n|upkeep\n|turn|2\n|\n|t:|1783821515\n|switch|p2a: Cinderace|Cinderace, M|100/100\n|move|p1a: Iron Valiant|Moonblast|p2a: Cinderace\n|-resisted|p2a: Cinderace\n|-damage|p2a: Cinderace|68/100\n|-unboost|p2a: Cinderace|spa|1\n|\n|upkeep\n|turn|3\n|\n|t:|1783821527\n|-end|p1a: Iron Valiant|Quark Drive|[silent]\n|switch|p1a: Slowking|Slowking-Galar, F|100/100\n|move|p2a: Cinderace|Pyro Ball|p1a: Slowking\n|-damage|p1a: Slowking|37/100\n|\n|upkeep\n|turn|4\n|\n|t:|1783821535\n|switch|p1a: Garganacl|Garganacl, M|100/100\n|move|p2a: Cinderace|Pyro Ball|p1a: Garganacl\n|-resisted|p1a: Garganacl\n|-damage|p1a: Garganacl|83/100\n|\n|-heal|p1a: Garganacl|89/100|[from] item: Leftovers\n|upkeep\n|turn|5\n|j| GruesomeLovelies\n|\n|t:|1783821545\n|switch|p2a: Ribombee|Ribombee, M|33/100\n|move|p1a: Garganacl|Salt Cure|p2a: Ribombee\n|-supereffective|p2a: Ribombee\n|-damage|p2a: Ribombee|0 fnt\n|faint|p2a: Ribombee\n|\n|-heal|p1a: Garganacl|96/100|[from] item: Leftovers\n|upkeep\n|\n|t:|1783821554\n|switch|p2a: Serperior|Serperior, M|100/100\n|turn|6\n|\n|t:|1783821561\n|-terastallize|p1a: Garganacl|Fairy\n|move|p2a: Serperior|Leaf Storm|p1a: Garganacl\n|-damage|p1a: Garganacl|61/100\n|-boost|p2a: Serperior|spa|2\n|move|p1a: Garganacl|Salt Cure|p2a: Serperior\n|-damage|p2a: Serperior|84/100\n|-start|p2a: Serperior|Salt Cure\n|\n|-heal|p2a: Serperior|90/100|[from] item: Leftovers\n|-heal|p1a: Garganacl|68/100|[from] item: Leftovers\n|-damage|p2a: Serperior|78/100|[from] Salt Cure\n|upkeep\n|turn|7\n|\n|t:|1783821575\n|move|p2a: Serperior|Leaf Storm|p1a: Garganacl\n|-damage|p1a: Garganacl|9/100\n|-boost|p2a: Serperior|spa|2\n|move|p1a: Garganacl|Recover|p1a: Garganacl\n|-heal|p1a: Garganacl|59/100\n|\n|-heal|p2a: Serperior|84/100|[from] item: Leftovers\n|-heal|p1a: Garganacl|65/100|[from] item: Leftovers\n|-damage|p2a: Serperior|72/100|[from] Salt Cure\n|upkeep\n|turn|8\n|\n|t:|1783821586\n|move|p1a: Garganacl|Protect|p1a: Garganacl\n|-singleturn|p1a: Garganacl|Protect\n|move|p2a: Serperior|Leaf Storm|p1a: Garganacl\n|-activate|p1a: Garganacl|move: Protect\n|\n|-heal|p2a: Serperior|78/100|[from] item: Leftovers\n|-heal|p1a: Garganacl|71/100|[from] item: Leftovers\n|-damage|p2a: Serperior|66/100|[from] Salt Cure\n|upkeep\n|turn|9\n|\n|t:|1783821596\n|move|p2a: Serperior|Leaf Storm|p1a: Garganacl|[miss]\n|-miss|p2a: Serperior|p1a: Garganacl\n|move|p1a: Garganacl|Recover|p1a: Garganacl\n|-heal|p1a: Garganacl|100/100\n|\n|-heal|p2a: Serperior|72/100|[from] item: Leftovers\n|-damage|p2a: Serperior|59/100|[from] Salt Cure\n|upkeep\n|turn|10\n|\n|t:|1783821606\n|move|p2a: Serperior|Synthesis|p2a: Serperior\n|-heal|p2a: Serperior|100/100\n|move|p1a: Garganacl|Stealth Rock|p2a: Serperior\n|-sidestart|p2: CranberryHabits|move: Stealth Rock\n|\n|-damage|p2a: Serperior|88/100|[from] Salt Cure\n|upkeep\n|turn|11\n|\n|t:|1783821621\n|switch|p1a: Slowking|Slowking-Galar, F|71/100\n|move|p2a: Serperior|Dragon Pulse|p1a: Slowking\n|-damage|p1a: Slowking|40/100\n|\n|-heal|p2a: Serperior|94/100|[from] item: Leftovers\n|-damage|p2a: Serperior|82/100|[from] Salt Cure\n|upkeep\n|turn|12\n|\n|t:|1783821632\n|move|p2a: Serperior|Leaf Storm|p1a: Slowking\n|-resisted|p1a: Slowking\n|-damage|p1a: Slowking|6/100\n|-boost|p2a: Serperior|spa|2\n|move|p1a: Slowking|Flamethrower|p2a: Serperior\n|-supereffective|p2a: Serperior\n|-crit|p2a: Serperior\n|-damage|p2a: Serperior|0 fnt\n|faint|p2a: Serperior\n|\n|upkeep\n|\n|t:|1783821650\n|switch|p2a: Lurantis|Lurantis, F|100/100\n|-damage|p2a: Lurantis|88/100|[from] Stealth Rock\n|turn|13\n|\n|t:|1783821660\n|switch|p1a: Gholdengo|Gholdengo|100/100\n|-item|p1a: Gholdengo|Air Balloon\n|move|p2a: Lurantis|Superpower|p1a: Gholdengo\n|-immune|p1a: Gholdengo\n|\n|-heal|p2a: Lurantis|94/100|[from] item: Leftovers\n|upkeep\n|turn|14\n|\n|t:|1783821673\n|move|p1a: Gholdengo|Make It Rain|p2a: Lurantis\n|-damage|p2a: Lurantis|27/100\n|-unboost|p1a: Gholdengo|spa|1\n|move|p2a: Lurantis|Knock Off|p1a: Gholdengo\n|-supereffective|p1a: Gholdengo\n|-damage|p1a: Gholdengo|26/100\n|-enditem|p1a: Gholdengo|Air Balloon\n|\n|-heal|p2a: Lurantis|33/100|[from] item: Leftovers\n|upkeep\n|turn|15\n|\n|t:|1783821686\n|move|p1a: Gholdengo|Make It Rain|p2a: Lurantis\n|-damage|p2a: Lurantis|0 fnt\n|-unboost|p1a: Gholdengo|spa|1\n|faint|p2a: Lurantis\n|\n|upkeep\n|\n|t:|1783821693\n|switch|p2a: Cinderace|Cinderace, M|68/100\n|-damage|p2a: Cinderace|43/100|[from] Stealth Rock\n|turn|16\n|\n|t:|1783821702\n|switch|p1a: Iron Valiant|Iron Valiant|100/100\n|move|p2a: Cinderace|Court Change|p2a: Cinderace\n|-start|p2a: Cinderace|typechange|Normal|[from] ability: Libero\n|-swapsideconditions\n|-activate|p2a: Cinderace|move: Court Change\n|\n|upkeep\n|turn|17\n|\n|t:|1783821715\n|switch|p2a: Malamar|Malamar, F|100/100\n|move|p1a: Iron Valiant|Moonblast|p2a: Malamar\n|-supereffective|p2a: Malamar\n|-damage|p2a: Malamar|0 fnt\n|faint|p2a: Malamar\n|\n|upkeep\n|\n|t:|1783821721\n|switch|p2a: Cinderace|Cinderace, M|43/100\n|turn|18\n|\n|t:|1783821725\n|move|p2a: Cinderace|Pyro Ball|p1a: Iron Valiant\n|-damage|p1a: Iron Valiant|30/100\n|move|p1a: Iron Valiant|Moonblast|p2a: Cinderace\n|-resisted|p2a: Cinderace\n|-damage|p2a: Cinderace|8/100\n|\n|upkeep\n|turn|19\n|\n|t:|1783821735\n|-end|p1a: Iron Valiant|Quark Drive|[silent]\n|switch|p1a: Dragonite|Dragonite, F|100/100\n|move|p2a: Cinderace|Pyro Ball|p1a: Dragonite\n|-resisted|p1a: Dragonite\n|-crit|p1a: Dragonite\n|-damage|p1a: Dragonite|78/100\n|\n|upkeep\n|turn|20\n|\n|t:|1783821743\n|move|p1a: Dragonite|Extreme Speed|p2a: Cinderace\n|-damage|p2a: Cinderace|0 fnt\n|faint|p2a: Cinderace\n|\n|upkeep\n|\n|t:|1783821748\n|switch|p2a: Kingambit|Kingambit, M|100/100\n|turn|21\n|\n|t:|1783821757\n|-terastallize|p2a: Kingambit|Dark\n|move|p1a: Dragonite|Earthquake|p2a: Kingambit\n|-damage|p2a: Kingambit|71/100\n|move|p2a: Kingambit|Iron Defense|p2a: Kingambit\n|-boost|p2a: Kingambit|def|2\n|\n|-heal|p2a: Kingambit|77/100|[from] item: Leftovers\n|upkeep\n|turn|22\n|\n|t:|1783821768\n|switch|p1a: Great Tusk|Great Tusk, shiny|100/100\n|move|p2a: Kingambit|Iron Defense|p2a: Kingambit\n|-boost|p2a: Kingambit|def|2\n|\n|-heal|p2a: Kingambit|83/100|[from] item: Leftovers\n|upkeep\n|turn|23\n|\n|t:|1783821778\n|move|p1a: Great Tusk|Close Combat|p2a: Kingambit\n|-supereffective|p2a: Kingambit\n|-damage|p2a: Kingambit|53/100\n|-unboost|p1a: Great Tusk|def|1\n|-unboost|p1a: Great Tusk|spd|1\n|move|p2a: Kingambit|Swords Dance|p2a: Kingambit\n|-boost|p2a: Kingambit|atk|2\n|\n|-heal|p2a: Kingambit|59/100|[from] item: Leftovers\n|upkeep\n|turn|24\n|\n|t:|1783821796\n|-end|p1a: Great Tusk|Protosynthesis|[silent]\n|switch|p1a: Garganacl|Garganacl, M, tera:Fairy|100/100\n|-damage|p1a: Garganacl|88/100|[from] Stealth Rock\n|move|p2a: Kingambit|Iron Head|p1a: Garganacl\n|-supereffective|p1a: Garganacl\n|-damage|p1a: Garganacl|0 fnt\n|faint|p1a: Garganacl\n|\n|-heal|p2a: Kingambit|65/100|[from] item: Leftovers\n|upkeep\n|\n|t:|1783821808\n|switch|p1a: Gholdengo|Gholdengo|26/100\n|-damage|p1a: Gholdengo|20/100|[from] Stealth Rock\n|turn|25\n|\n|t:|1783821813\n|move|p2a: Kingambit|Sucker Punch|p1a: Gholdengo\n|-supereffective|p1a: Gholdengo\n|-damage|p1a: Gholdengo|0 fnt\n|faint|p1a: Gholdengo\n|\n|-heal|p2a: Kingambit|71/100|[from] item: Leftovers\n|upkeep\n|\n|t:|1783821821\n|switch|p1a: Slowking|Slowking-Galar, F|40/100\n|-damage|p1a: Slowking|27/100|[from] Stealth Rock\n|turn|26\n|\n|t:|1783821830\n|move|p2a: Kingambit|Sucker Punch|p1a: Slowking\n|-supereffective|p1a: Slowking\n|-damage|p1a: Slowking|0 fnt\n|faint|p1a: Slowking\n|\n|-heal|p2a: Kingambit|77/100|[from] item: Leftovers\n|upkeep\n|\n|t:|1783821837\n|switch|p1a: Iron Valiant|Iron Valiant|30/100\n|-damage|p1a: Iron Valiant|23/100|[from] Stealth Rock\n|turn|27\n|\n|t:|1783821843\n|move|p2a: Kingambit|Sucker Punch|p1a: Iron Valiant\n|-resisted|p1a: Iron Valiant\n|-damage|p1a: Iron Valiant|0 fnt\n|faint|p1a: Iron Valiant\n|-end|p1a: Iron Valiant|Quark Drive|[silent]\n|\n|-heal|p2a: Kingambit|84/100|[from] item: Leftovers\n|upkeep\n|-message|021_Natinn forfeited.\n|\n|win|CranberryHabits\n|raw|021_Natinn's rating: 1075 &rarr; <strong>1058</strong><br />(-17 for losing)\n|raw|CranberryHabits's rating: 1148 &rarr; <strong>1168</strong><br />(+20 for winning)\n|l|☆021_Natinn\n|player|p1|\n|l|☆CranberryHabits\n|player|p2|\n|l| GruesomeLovelies\n", "uploadtime": 1783821851, "views": 6, "formatid": "gen9ou", "rating": 1058, "private": 0, "password": null}