{"id": "gen9ou-2639890986", "format": "[Gen 9] OU", "players": ["Johnny tots", "Zuifeng"], "log": "|j|☆Johnny tots\n|j|☆Zuifeng\n|t:|1782537294\n|gametype|singles\n|player|p1|Johnny tots|1|1574\n|player|p2|Zuifeng|li|1661\n|gen|9\n|tier|[Gen 9] OU\n|rated|\n|rule|HP Percentage Mod: HP is shown in percentages\n|rule|Endless Battle Clause: Forcing endless battles is banned\n|rule|Species Clause: Limit one of each Pokémon\n|rule|OHKO Clause: OHKO moves are banned\n|rule|Evasion Items Clause: Evasion items are banned\n|rule|Evasion Moves Clause: Evasion moves are banned\n|rule|Evasion Abilities Clause: Evasion abilities are banned\n|rule|Sleep Moves Clause: Sleep-inducing moves are banned\n|clearpoke\n|poke|p1|Rillaboom, F|\n|poke|p1|Klefki, F|\n|poke|p1|Manaphy|\n|poke|p1|Ogerpon-Wellspring, F|\n|poke|p1|Scizor, F|\n|poke|p1|Clefable, F|\n|poke|p2|Iron Treads|\n|poke|p2|Cinderace, F|\n|poke|p2|Darkrai|\n|poke|p2|Iron Valiant|\n|poke|p2|Dragonite, M|\n|poke|p2|Alomomola, M|\n|teampreview\n|inactive|Battle timer is ON: inactive players will automatically lose when time's up. (requested by Zuifeng)\n|inactive|Zuifeng has 120 seconds left.\n|\n|t:|1782537330\n|teamsize|p1|6\n|teamsize|p2|6\n|start\n|switch|p1a: Rillaboom|Rillaboom, F|100/100\n|switch|p2a: Darkrai|Darkrai|100/100\n|-fieldstart|move: Grassy Terrain|[from] ability: Grassy Surge|[of] p1a: Rillaboom\n|turn|1\n|inactive|Johnny tots has 120 seconds left.\n|\n|t:|1782537387\n|switch|p1a: Clefable|Clefable, F|100/100\n|move|p2a: Darkrai|Will-O-Wisp|p1a: Clefable\n|-status|p1a: Clefable|brn\n|\n|upkeep\n|turn|2\n|inactive|Zuifeng has 120 seconds left.\n|\n|t:|1782537424\n|switch|p2a: Iron Treads|Iron Treads|100/100\n|move|p1a: Clefable|Moonblast|p2a: Iron Treads\n|-resisted|p2a: Iron Treads\n|-damage|p2a: Iron Treads|73/100\n|-unboost|p2a: Iron Treads|spa|1\n|\n|-heal|p2a: Iron Treads|79/100|[from] Grassy Terrain\n|upkeep\n|turn|3\n|inactive|Zuifeng has 120 seconds left.\n|inactive|Johnny tots has 90 seconds left.\n|inactive|Johnny tots has 60 seconds left.\n|\n|t:|1782537496\n|-end|p2a: Iron Treads|Quark Drive|[silent]\n|switch|p2a: Cinderace|Cinderace, F|100/100\n|move|p1a: Clefable|Fire Blast|p2a: Cinderace\n|-resisted|p2a: Cinderace\n|-damage|p2a: Cinderace|82/100\n|\n|-heal|p2a: Cinderace|88/100|[from] Grassy Terrain\n|upkeep\n|turn|4\n|\n|t:|1782537508\n|switch|p1a: Manaphy|Manaphy|100/100\n|move|p2a: Cinderace|Pyro Ball|p1a: Manaphy|[miss]\n|-miss|p2a: Cinderace|p1a: Manaphy\n|\n|-heal|p2a: Cinderace|94/100|[from] Grassy Terrain\n|upkeep\n|turn|5\n|inactive|Johnny tots has 60 seconds left.\n|inactive|Johnny tots has 30 seconds left.\n|\n|t:|1782537544\n|move|p2a: Cinderace|U-turn|p1a: Manaphy\n|-damage|p1a: Manaphy|83/100\n|inactive|Zuifeng has 90 seconds left.\n|\n|t:|1782537591\n|switch|p2a: Darkrai|Darkrai|100/100|[from] U-turn\n|move|p1a: Manaphy|Scald|p2a: Darkrai\n|-damage|p2a: Darkrai|62/100\n|-status|p2a: Darkrai|brn\n|\n|-heal|p2a: Darkrai|68/100 brn|[from] Grassy Terrain\n|-heal|p2a: Darkrai|74/100 brn|[from] item: Leftovers\n|-heal|p1a: Manaphy|90/100|[from] Grassy Terrain\n|-heal|p1a: Manaphy|96/100|[from] item: Leftovers\n|-damage|p2a: Darkrai|68/100 brn|[from] brn\n|upkeep\n|turn|6\n|\n|t:|1782537599\n|switch|p1a: Clefable|Clefable, F|100/100 brn\n|move|p2a: Darkrai|Thunder Wave||[still]\n|-fail|p2a: Darkrai\n|\n|-heal|p2a: Darkrai|74/100 brn|[from] Grassy Terrain\n|-heal|p2a: Darkrai|80/100 brn|[from] item: Leftovers\n|-damage|p2a: Darkrai|74/100 brn|[from] brn\n|upkeep\n|turn|7\n|j| have we gone\n|\n|t:|1782537605\n|switch|p2a: Cinderace|Cinderace, F|94/100\n|move|p1a: Clefable|Moonblast|p2a: Cinderace\n|-resisted|p2a: Cinderace\n|-damage|p2a: Cinderace|70/100\n|\n|-heal|p2a: Cinderace|76/100|[from] Grassy Terrain\n|upkeep\n|turn|8\n|\n|t:|1782537610\n|move|p2a: Cinderace|Pyro Ball|p1a: Clefable\n|-damage|p1a: Clefable|50/100 brn\n|move|p1a: Clefable|Moonblast|p2a: Cinderace\n|-resisted|p2a: Cinderace\n|-damage|p2a: Cinderace|53/100\n|\n|-heal|p2a: Cinderace|59/100|[from] Grassy Terrain\n|-heal|p1a: Clefable|57/100 brn|[from] Grassy Terrain\n|-heal|p1a: Clefable|63/100 brn|[from] item: Leftovers\n|-fieldend|move: Grassy Terrain\n|upkeep\n|turn|9\n|\n|t:|1782537615\n|switch|p1a: Manaphy|Manaphy|96/100\n|move|p2a: Cinderace|U-turn|p1a: Manaphy\n|-damage|p1a: Manaphy|78/100\n|inactive|Zuifeng has 90 seconds left.\n|\n|t:|1782537656\n|switch|p2a: Darkrai|Darkrai|74/100 brn|[from] U-turn\n|\n|-heal|p2a: Darkrai|80/100 brn|[from] item: Leftovers\n|-heal|p1a: Manaphy|84/100|[from] item: Leftovers\n|-damage|p2a: Darkrai|74/100 brn|[from] brn\n|upkeep\n|turn|10\n|\n|t:|1782537669\n|switch|p1a: Klefki|Klefki, F|100/100\n|move|p2a: Darkrai|Dark Pulse|p1a: Klefki\n|-resisted|p1a: Klefki\n|-damage|p1a: Klefki|79/100\n|\n|-heal|p2a: Darkrai|80/100 brn|[from] item: Leftovers\n|-damage|p2a: Darkrai|74/100 brn|[from] brn\n|upkeep\n|turn|11\n|inactive|Johnny tots has 60 seconds left.\n|inactive|Zuifeng has 60 seconds left.\n|\n|t:|1782537720\n|move|p1a: Klefki|Light Screen|p1a: Klefki\n|-sidestart|p1: Johnny tots|move: Light Screen\n|move|p2a: Darkrai|Thunder Wave|p1a: Klefki\n|-status|p1a: Klefki|par\n|\n|-heal|p2a: Darkrai|80/100 brn|[from] item: Leftovers\n|-damage|p2a: Darkrai|74/100 brn|[from] brn\n|upkeep\n|turn|12\n|inactive|Zuifeng has 60 seconds left.\n|l| have we gone\n|\n|t:|1782537732\n|move|p1a: Klefki|Reflect|p1a: Klefki\n|-sidestart|p1: Johnny tots|Reflect\n|move|p2a: Darkrai|Dark Pulse|p1a: Klefki\n|-resisted|p1a: Klefki\n|-damage|p1a: Klefki|67/100 par\n|\n|-heal|p2a: Darkrai|80/100 brn|[from] item: Leftovers\n|-damage|p2a: Darkrai|74/100 brn|[from] brn\n|upkeep\n|turn|13\n|inactive|Zuifeng has 60 seconds left.\n|\n|t:|1782537744\n|switch|p2a: Cinderace|Cinderace, F|59/100\n|cant|p1a: Klefki|par\n|\n|upkeep\n|turn|14\n|\n|t:|1782537750\n|switch|p2a: Iron Treads|Iron Treads|79/100\n|move|p1a: Klefki|Thunder Wave|p2a: Iron Treads\n|-immune|p2a: Iron Treads\n|\n|upkeep\n|turn|15\n|inactive|Johnny tots has 60 seconds left.\n|inactive|Zuifeng has 60 seconds left.\n|\n|t:|1782537767\n|-end|p2a: Iron Treads|Quark Drive|[silent]\n|switch|p2a: Cinderace|Cinderace, F|59/100\n|switch|p1a: Rillaboom|Rillaboom, F|100/100\n|-fieldstart|move: Grassy Terrain|[from] ability: Grassy Surge|[of] p1a: Rillaboom\n|\n|-heal|p2a: Cinderace|65/100|[from] Grassy Terrain\n|upkeep\n|turn|16\n|inactive|Johnny tots has 60 seconds left.\n|\n|t:|1782537776\n|switch|p1a: Manaphy|Manaphy|84/100\n|move|p2a: Cinderace|Court Change|p2a: Cinderace\n|-swapsideconditions\n|-activate|p2a: Cinderace|move: Court Change\n|\n|-heal|p2a: Cinderace|71/100|[from] Grassy Terrain\n|-heal|p1a: Manaphy|90/100|[from] Grassy Terrain\n|-heal|p1a: Manaphy|96/100|[from] item: Leftovers\n|upkeep\n|turn|17\n|inactive|Zuifeng has 60 seconds left.\n|\n|t:|1782537794\n|move|p2a: Cinderace|U-turn|p1a: Manaphy\n|-damage|p1a: Manaphy|79/100\n|\n|t:|1782537796\n|switch|p2a: Darkrai|Darkrai|74/100 brn|[from] U-turn\n|move|p1a: Manaphy|Take Heart|p1a: Manaphy\n|-boost|p1a: Manaphy|spa|1\n|-boost|p1a: Manaphy|spd|1\n|\n|-heal|p2a: Darkrai|80/100 brn|[from] Grassy Terrain\n|-heal|p2a: Darkrai|86/100 brn|[from] item: Leftovers\n|-heal|p1a: Manaphy|86/100|[from] Grassy Terrain\n|-heal|p1a: Manaphy|92/100|[from] item: Leftovers\n|-damage|p2a: Darkrai|80/100 brn|[from] brn\n|upkeep\n|turn|18\n|\n|t:|1782537805\n|switch|p2a: Dragonite|Dragonite, M|100/100\n|move|p1a: Manaphy|Acid Armor|p1a: Manaphy\n|-boost|p1a: Manaphy|def|2\n|\n|-heal|p1a: Manaphy|98/100|[from] Grassy Terrain\n|-heal|p1a: Manaphy|100/100|[from] item: Leftovers\n|-sideend|p2: Zuifeng|move: Light Screen\n|upkeep\n|turn|19\n|\n|t:|1782537808\n|move|p1a: Manaphy|Scald|p2a: Dragonite\n|-resisted|p2a: Dragonite\n|-crit|p2a: Dragonite\n|-damage|p2a: Dragonite|82/100\n|-status|p2a: Dragonite|brn\n|move|p2a: Dragonite|Encore|p1a: Manaphy\n|-start|p1a: Manaphy|Encore\n|\n|-damage|p2a: Dragonite|76/100 brn|[from] brn\n|-sideend|p2: Zuifeng|Reflect\n|upkeep\n|turn|20\n|\n|t:|1782537823\n|move|p1a: Manaphy|Scald|p2a: Dragonite\n|-resisted|p2a: Dragonite\n|-damage|p2a: Dragonite|52/100 brn\n|move|p2a: Dragonite|Thunder Wave|p1a: Manaphy\n|-status|p1a: Manaphy|par\n|\n|-damage|p2a: Dragonite|45/100 brn|[from] brn\n|upkeep\n|turn|21\n|\n|t:|1782537828\n|move|p2a: Dragonite|Roost|p2a: Dragonite\n|-heal|p2a: Dragonite|96/100 brn\n|-singleturn|p2a: Dragonite|move: Roost\n|move|p1a: Manaphy|Scald|p2a: Dragonite\n|-resisted|p2a: Dragonite\n|-damage|p2a: Dragonite|70/100 brn\n|\n|-heal|p2a: Dragonite|76/100 brn|[from] Grassy Terrain\n|-damage|p2a: Dragonite|70/100 brn|[from] brn\n|upkeep\n|turn|22\n|inactive|Zuifeng has 90 seconds left.\n|\n|t:|1782537834\n|move|p2a: Dragonite|Roost|p2a: Dragonite\n|-heal|p2a: Dragonite|100/100 brn\n|-singleturn|p2a: Dragonite|move: Roost\n|move|p1a: Manaphy|Scald|p2a: Dragonite\n|-resisted|p2a: Dragonite\n|-damage|p2a: Dragonite|89/100 brn\n|\n|-heal|p2a: Dragonite|95/100 brn|[from] Grassy Terrain\n|-damage|p2a: Dragonite|89/100 brn|[from] brn\n|-end|p1a: Manaphy|Encore\n|-fieldend|move: Grassy Terrain\n|upkeep\n|turn|23\n|inactive|Zuifeng has 90 seconds left.\n|\n|t:|1782537849\n|switch|p2a: Alomomola|Alomomola, M|100/100\n|cant|p1a: Manaphy|par\n|\n|upkeep\n|turn|24\n|\n|t:|1782537855\n|move|p1a: Manaphy|Take Heart|p1a: Manaphy\n|-boost|p1a: Manaphy|spa|1\n|-boost|p1a: Manaphy|spd|1\n|-curestatus|p1a: Manaphy|par|[msg]\n|move|p2a: Alomomola|Flip Turn|p1a: Manaphy\n|-resisted|p1a: Manaphy\n|-damage|p1a: Manaphy|97/100\n|\n|t:|1782537858\n|switch|p2a: Dragonite|Dragonite, M|89/100 brn|[from] Flip Turn\n|\n|-heal|p1a: Manaphy|100/100|[from] item: Leftovers\n|-damage|p2a: Dragonite|82/100 brn|[from] brn\n|upkeep\n|turn|25\n|\n|t:|1782537862\n|move|p1a: Manaphy|Stored Power|p2a: Dragonite\n|-damage|p2a: Dragonite|2/100 brn\n|move|p2a: Dragonite|Encore|p1a: Manaphy\n|-start|p1a: Manaphy|Encore\n|\n|-damage|p2a: Dragonite|0 fnt|[from] brn\n|faint|p2a: Dragonite\n|upkeep\n|\n|t:|1782537864\n|switch|p2a: Darkrai|Darkrai|80/100 brn\n|turn|26\n|\n|t:|1782537872\n|move|p2a: Darkrai|Thunder Wave|p1a: Manaphy\n|-status|p1a: Manaphy|par\n|move|p1a: Manaphy|Stored Power|p2a: Darkrai\n|-immune|p2a: Darkrai\n|\n|-heal|p2a: Darkrai|86/100 brn|[from] item: Leftovers\n|-damage|p2a: Darkrai|80/100 brn|[from] brn\n|upkeep\n|turn|27\n|\n|t:|1782537883\n|switch|p2a: Alomomola|Alomomola, M|100/100\n|move|p1a: Manaphy|Stored Power|p2a: Alomomola\n|-damage|p2a: Alomomola|60/100\n|\n|upkeep\n|turn|28\n|\n|t:|1782537887\n|move|p1a: Manaphy|Stored Power|p2a: Alomomola\n|-damage|p2a: Alomomola|19/100\n|move|p2a: Alomomola|Mirror Coat|p1a: Manaphy\n|-damage|p1a: Manaphy|0 fnt\n|faint|p1a: Manaphy\n|\n|upkeep\n|\n|t:|1782537893\n|switch|p1a: Rillaboom|Rillaboom, F|100/100\n|-fieldstart|move: Grassy Terrain|[from] ability: Grassy Surge|[of] p1a: Rillaboom\n|turn|29\n|\n|t:|1782537907\n|switch|p2a: Iron Treads|Iron Treads|79/100\n|move|p1a: Rillaboom|Bulk Up|p1a: Rillaboom\n|-boost|p1a: Rillaboom|atk|1\n|-boost|p1a: Rillaboom|def|1\n|\n|-heal|p2a: Iron Treads|86/100|[from] Grassy Terrain\n|upkeep\n|turn|30\n|\n|t:|1782537914\n|move|p2a: Iron Treads|Ice Spinner|p1a: Rillaboom\n|-supereffective|p1a: Rillaboom\n|-damage|p1a: Rillaboom|61/100\n|-fieldend|move: Grassy Terrain\n|move|p1a: Rillaboom|High Horsepower|p2a: Iron Treads\n|-supereffective|p2a: Iron Treads\n|-damage|p2a: Iron Treads|0 fnt\n|faint|p2a: Iron Treads\n|-end|p2a: Iron Treads|Quark Drive|[silent]\n|\n|upkeep\n|\n|t:|1782537920\n|switch|p2a: Cinderace|Cinderace, F|71/100\n|turn|31\n|\n|t:|1782537925\n|move|p2a: Cinderace|Pyro Ball|p1a: Rillaboom|[miss]\n|-miss|p2a: Cinderace|p1a: Rillaboom\n|move|p1a: Rillaboom|High Horsepower|p2a: Cinderace\n|-supereffective|p2a: Cinderace\n|-damage|p2a: Cinderace|0 fnt\n|faint|p2a: Cinderace\n|\n|upkeep\n|\n|t:|1782537930\n|switch|p2a: Darkrai|Darkrai|80/100 brn\n|turn|32\n|inactive|Johnny tots has 120 seconds left.\n|inactive|Johnny tots has 90 seconds left.\n|\n|t:|1782538004\n|switch|p2a: Iron Valiant|Iron Valiant|100/100\n|-enditem|p2a: Iron Valiant|Booster Energy\n|-activate|p2a: Iron Valiant|ability: Quark Drive|[fromitem]\n|-start|p2a: Iron Valiant|quarkdrivespe\n|switch|p1a: Clefable|Clefable, F|63/100 brn\n|\n|-heal|p1a: Clefable|69/100 brn|[from] item: Leftovers\n|upkeep\n|turn|33\n|\n|t:|1782538048\n|-terastallize|p2a: Iron Valiant|Ghost\n|move|p2a: Iron Valiant|Hex|p1a: Clefable\n|-damage|p1a: Clefable|9/100 brn\n|move|p1a: Clefable|Moonblast|p2a: Iron Valiant\n|-damage|p2a: Iron Valiant|23/100\n|\n|-heal|p1a: Clefable|15/100 brn|[from] item: Leftovers\n|upkeep\n|turn|34\n|-message|Zuifeng forfeited.\n|\n|win|Johnny tots\n|raw|Johnny tots's rating: 1574 &rarr; <strong>1599</strong><br />(+25 for winning)\n|raw|Zuifeng's rating: 1661 &rarr; <strong>1636</strong><br />(-25 for losing)\n|l|☆Zuifeng\n|player|p2|\n|l|☆Johnny tots\n|player|p1|\n", "uploadtime": 1782538211, "views": 6, "formatid": "gen9ou", "rating": 1599, "private": 0, "password": null}