{"id": "gen9ou-2639259824", "format": "[Gen 9] OU", "players": ["thepeakmons", "Jinx Havoc"], "log": "|j|☆thepeakmons\n|j|☆Jinx Havoc\n|t:|1782441871\n|gametype|singles\n|player|p1|thepeakmons|101|1297\n|player|p2|Jinx Havoc|rocketgruntf|1325\n|gen|9\n|tier|[Gen 9] OU\n|rated|\n|rule|HP Percentage Mod: HP is shown in percentages\n|rule|Endless Battle Clause: Forcing endless battles is banned\n|rule|Species Clause: Limit one of each Pokémon\n|rule|OHKO Clause: OHKO moves are banned\n|rule|Evasion Items Clause: Evasion items are banned\n|rule|Evasion Moves Clause: Evasion moves are banned\n|rule|Evasion Abilities Clause: Evasion abilities are banned\n|rule|Sleep Moves Clause: Sleep-inducing moves are banned\n|clearpoke\n|poke|p1|Corviknight, F|\n|poke|p1|Ting-Lu|\n|poke|p1|Kyurem|\n|poke|p1|Dondozo, M|\n|poke|p1|Slowking-Galar, F|\n|poke|p1|Cinderace, M|\n|poke|p2|Darkrai|\n|poke|p2|Gardevoir, F|\n|poke|p2|Lucario, F|\n|poke|p2|Iron Treads|\n|poke|p2|Weezing, F|\n|poke|p2|Scream Tail|\n|teampreview\n|inactive|Battle timer is ON: inactive players will automatically lose when time's up. (requested by thepeakmons)\n|\n|t:|1782441875\n|teamsize|p1|6\n|teamsize|p2|6\n|start\n|switch|p1a: Cinderace|Cinderace, M|100/100\n|switch|p2a: Lucario|Lucario, F|100/100\n|turn|1\n|inactive|thepeakmons has 120 seconds left.\n|\n|t:|1782441918\n|switch|p2a: Scream Tail|Scream Tail|100/100\n|move|p1a: Cinderace|Pyro Ball|p2a: Scream Tail\n|-damage|p2a: Scream Tail|75/100\n|\n|-heal|p2a: Scream Tail|82/100|[from] item: Leftovers\n|upkeep\n|turn|2\n|\n|t:|1782441934\n|move|p1a: Cinderace|Pyro Ball|p2a: Scream Tail|[miss]\n|-miss|p1a: Cinderace|p2a: Scream Tail\n|move|p2a: Scream Tail|Wish|p2a: Scream Tail\n|\n|-heal|p2a: Scream Tail|88/100|[from] item: Leftovers\n|upkeep\n|turn|3\n|\n|t:|1782441941\n|move|p1a: Cinderace|Will-O-Wisp|p2a: Scream Tail\n|-status|p2a: Scream Tail|brn\n|move|p2a: Scream Tail|Boomburst|p1a: Cinderace\n|-damage|p1a: Cinderace|72/100\n|\n|-heal|p2a: Scream Tail|100/100 brn|[from] move: Wish|[wisher] Scream Tail\n|-damage|p2a: Scream Tail|94/100 brn|[from] brn\n|upkeep\n|turn|4\n|\n|t:|1782441954\n|move|p1a: Cinderace|Pyro Ball|p2a: Scream Tail\n|-damage|p2a: Scream Tail|67/100 brn\n|move|p2a: Scream Tail|Wish|p2a: Scream Tail\n|\n|-heal|p2a: Scream Tail|74/100 brn|[from] item: Leftovers\n|-damage|p2a: Scream Tail|67/100 brn|[from] brn\n|upkeep\n|turn|5\n|\n|t:|1782441966\n|switch|p1a: Ting-Lu|Ting-Lu|100/100\n|-ability|p1a: Ting-Lu|Vessel of Ruin\n|-end|p2a: Scream Tail|Protosynthesis|[silent]\n|switch|p2a: Darkrai|Darkrai|100/100\n|\n|upkeep\n|turn|6\n|\n|t:|1782441982\n|move|p2a: Darkrai|Ice Beam|p1a: Ting-Lu\n|-supereffective|p1a: Ting-Lu\n|-damage|p1a: Ting-Lu|58/100\n|move|p1a: Ting-Lu|Earthquake|p2a: Darkrai\n|-damage|p2a: Darkrai|54/100\n|\n|-heal|p1a: Ting-Lu|64/100|[from] item: Leftovers\n|upkeep\n|turn|7\n|\n|t:|1782441996\n|switch|p1a: Cinderace|Cinderace, M|72/100\n|move|p2a: Darkrai|Ice Beam|p1a: Cinderace\n|-resisted|p1a: Cinderace\n|-damage|p1a: Cinderace|43/100\n|\n|upkeep\n|turn|8\n|\n|t:|1782442008\n|switch|p2a: Scream Tail|Scream Tail|67/100 brn\n|move|p1a: Cinderace|Pyro Ball|p2a: Scream Tail\n|-damage|p2a: Scream Tail|42/100 brn\n|\n|-heal|p2a: Scream Tail|48/100 brn|[from] item: Leftovers\n|-damage|p2a: Scream Tail|42/100 brn|[from] brn\n|upkeep\n|turn|9\n|\n|t:|1782442021\n|move|p1a: Cinderace|Pyro Ball|p2a: Scream Tail\n|-damage|p2a: Scream Tail|15/100 brn\n|move|p2a: Scream Tail|Wish|p2a: Scream Tail\n|\n|-heal|p2a: Scream Tail|21/100 brn|[from] item: Leftovers\n|-damage|p2a: Scream Tail|15/100 brn|[from] brn\n|upkeep\n|turn|10\n|\n|t:|1782442035\n|switch|p1a: Ting-Lu|Ting-Lu|64/100\n|-ability|p1a: Ting-Lu|Vessel of Ruin\n|move|p2a: Scream Tail|Protect||[still]\n|-fail|p2a: Scream Tail\n|\n|-heal|p2a: Scream Tail|65/100 brn|[from] move: Wish|[wisher] Scream Tail\n|-heal|p2a: Scream Tail|71/100 brn|[from] item: Leftovers\n|-heal|p1a: Ting-Lu|71/100|[from] item: Leftovers\n|-damage|p2a: Scream Tail|65/100 brn|[from] brn\n|upkeep\n|turn|11\n|\n|t:|1782442050\n|-end|p2a: Scream Tail|Protosynthesis|[silent]\n|switch|p2a: Lucario|Lucario, F|100/100\n|move|p1a: Ting-Lu|Earthquake|p2a: Lucario\n|-supereffective|p2a: Lucario\n|-damage|p2a: Lucario|0 fnt\n|faint|p2a: Lucario\n|\n|-heal|p1a: Ting-Lu|77/100|[from] item: Leftovers\n|upkeep\n|\n|t:|1782442056\n|switch|p2a: Gardevoir|Gardevoir, F|100/100\n|-ability|p2a: Gardevoir|Vessel of Ruin|Trace|[from] ability: Trace|[of] p1a: Ting-Lu\n|-ability|p2a: Gardevoir|Vessel of Ruin\n|turn|12\n|\n|t:|1782442070\n|move|p2a: Gardevoir|Mystical Fire|p1a: Ting-Lu\n|-damage|p1a: Ting-Lu|63/100\n|-unboost|p1a: Ting-Lu|spa|1\n|move|p1a: Ting-Lu|Earthquake|p2a: Gardevoir\n|-damage|p2a: Gardevoir|37/100\n|\n|-heal|p1a: Ting-Lu|70/100|[from] item: Leftovers\n|upkeep\n|turn|13\n|\n|t:|1782442081\n|switch|p2a: Weezing|Weezing, F|100/100\n|move|p1a: Ting-Lu|Payback|p2a: Weezing\n|-damage|p2a: Weezing|88/100\n|\n|-heal|p2a: Weezing|95/100|[from] item: Black Sludge\n|-heal|p1a: Ting-Lu|76/100|[from] item: Leftovers\n|upkeep\n|turn|14\n|\n|t:|1782442096\n|switch|p1a: Cinderace|Cinderace, M|43/100\n|move|p2a: Weezing|Will-O-Wisp|p1a: Cinderace\n|-immune|p1a: Cinderace\n|\n|-heal|p2a: Weezing|100/100|[from] item: Black Sludge\n|upkeep\n|turn|15\n|\n|t:|1782442104\n|move|p1a: Cinderace|Pyro Ball|p2a: Weezing\n|-damage|p2a: Weezing|67/100\n|-status|p2a: Weezing|brn\n|move|p2a: Weezing|Sludge Bomb|p1a: Cinderace\n|-damage|p1a: Cinderace|10/100\n|\n|-heal|p2a: Weezing|73/100 brn|[from] item: Black Sludge\n|-damage|p2a: Weezing|67/100 brn|[from] brn\n|upkeep\n|turn|16\n|inactive|thepeakmons has 120 seconds left.\n|\n|t:|1782442118\n|move|p1a: Cinderace|Pyro Ball|p2a: Weezing\n|-damage|p2a: Weezing|15/100 brn\n|move|p2a: Weezing|Sludge Bomb|p1a: Cinderace\n|-damage|p1a: Cinderace|0 fnt\n|faint|p1a: Cinderace\n|\n|-heal|p2a: Weezing|21/100 brn|[from] item: Black Sludge\n|-damage|p2a: Weezing|15/100 brn|[from] brn\n|upkeep\n|\n|t:|1782442141\n|switch|p1a: Kyurem|Kyurem|100/100\n|-ability|p1a: Kyurem|Pressure\n|turn|17\n|\n|t:|1782442149\n|switch|p2a: Iron Treads|Iron Treads|100/100\n|move|p1a: Kyurem|Freeze-Dry|p2a: Iron Treads\n|-damage|p2a: Iron Treads|72/100\n|\n|upkeep\n|turn|18\n|\n|t:|1782442164\n|move|p1a: Kyurem|Earth Power|p2a: Iron Treads\n|-supereffective|p2a: Iron Treads\n|-damage|p2a: Iron Treads|23/100\n|move|p2a: Iron Treads|Body Press|p1a: Kyurem\n|-supereffective|p1a: Kyurem\n|-damage|p1a: Kyurem|58/100\n|\n|-heal|p1a: Kyurem|65/100|[from] item: Leftovers\n|upkeep\n|turn|19\n|\n|t:|1782442176\n|move|p1a: Kyurem|Freeze-Dry|p2a: Iron Treads\n|-damage|p2a: Iron Treads|0 fnt\n|faint|p2a: Iron Treads\n|-end|p2a: Iron Treads|Quark Drive|[silent]\n|\n|-heal|p1a: Kyurem|71/100|[from] item: Leftovers\n|upkeep\n|\n|t:|1782442180\n|switch|p2a: Gardevoir|Gardevoir, F|37/100\n|-ability|p2a: Gardevoir|Pressure|Trace|[from] ability: Trace|[of] p1a: Kyurem\n|-ability|p2a: Gardevoir|Pressure\n|turn|20\n|\n|t:|1782442186\n|move|p2a: Gardevoir|Moonblast|p1a: Kyurem\n|-supereffective|p1a: Kyurem\n|-damage|p1a: Kyurem|0 fnt\n|faint|p1a: Kyurem\n|\n|upkeep\n|\n|t:|1782442194\n|switch|p1a: Slowking|Slowking-Galar, F|100/100\n|turn|21\n|inactive|thepeakmons has 120 seconds left.\n|\n|t:|1782442201\n|switch|p2a: Darkrai|Darkrai|54/100\n|move|p1a: Slowking|Sludge Bomb|p2a: Darkrai\n|-damage|p2a: Darkrai|9/100\n|\n|upkeep\n|turn|22\n|\n|t:|1782442209\n|switch|p1a: Dondozo|Dondozo, M|100/100\n|-terastallize|p2a: Darkrai|Dark\n|move|p2a: Darkrai|Dark Pulse|p1a: Dondozo\n|-damage|p1a: Dondozo|49/100\n|\n|-heal|p1a: Dondozo|55/100|[from] item: Leftovers\n|upkeep\n|turn|23\n|\n|t:|1782442220\n|switch|p1a: Ting-Lu|Ting-Lu|76/100\n|-ability|p1a: Ting-Lu|Vessel of Ruin\n|move|p2a: Darkrai|Dark Pulse|p1a: Ting-Lu\n|-resisted|p1a: Ting-Lu\n|-damage|p1a: Ting-Lu|57/100\n|\n|-heal|p1a: Ting-Lu|63/100|[from] item: Leftovers\n|upkeep\n|turn|24\n|inactive|thepeakmons has 120 seconds left.\n|\n|t:|1782442238\n|switch|p2a: Scream Tail|Scream Tail|65/100 brn\n|move|p1a: Ting-Lu|Payback|p2a: Scream Tail\n|-damage|p2a: Scream Tail|54/100 brn\n|\n|-heal|p2a: Scream Tail|61/100 brn|[from] item: Leftovers\n|-heal|p1a: Ting-Lu|69/100|[from] item: Leftovers\n|-damage|p2a: Scream Tail|54/100 brn|[from] brn\n|upkeep\n|turn|25\n|inactive|thepeakmons has 120 seconds left.\n|\n|t:|1782442252\n|move|p2a: Scream Tail|Wish|p2a: Scream Tail\n|move|p1a: Ting-Lu|Payback|p2a: Scream Tail\n|-damage|p2a: Scream Tail|34/100 brn\n|\n|-heal|p2a: Scream Tail|41/100 brn|[from] item: Leftovers\n|-heal|p1a: Ting-Lu|75/100|[from] item: Leftovers\n|-damage|p2a: Scream Tail|34/100 brn|[from] brn\n|upkeep\n|turn|26\n|inactive|thepeakmons has 120 seconds left.\n|\n|t:|1782442266\n|move|p2a: Scream Tail|Perish Song|p2a: Scream Tail\n|-start|p1a: Ting-Lu|perish3|[silent]\n|-start|p2a: Scream Tail|perish3|[silent]\n|-fieldactivate|move: Perish Song\n|move|p1a: Ting-Lu|Payback|p2a: Scream Tail\n|-damage|p2a: Scream Tail|15/100 brn\n|\n|-heal|p2a: Scream Tail|65/100 brn|[from] move: Wish|[wisher] Scream Tail\n|-heal|p2a: Scream Tail|71/100 brn|[from] item: Leftovers\n|-heal|p1a: Ting-Lu|82/100|[from] item: Leftovers\n|-damage|p2a: Scream Tail|65/100 brn|[from] brn\n|-start|p2a: Scream Tail|perish3\n|-start|p1a: Ting-Lu|perish3\n|upkeep\n|turn|27\n|inactive|thepeakmons has 120 seconds left.\n|\n|t:|1782442285\n|switch|p1a: Dondozo|Dondozo, M|55/100\n|move|p2a: Scream Tail|Wish|p2a: Scream Tail\n|\n|-heal|p2a: Scream Tail|71/100 brn|[from] item: Leftovers\n|-heal|p1a: Dondozo|61/100|[from] item: Leftovers\n|-damage|p2a: Scream Tail|65/100 brn|[from] brn\n|-start|p2a: Scream Tail|perish2\n|upkeep\n|turn|28\n|inactive|thepeakmons has 120 seconds left.\n|\n|t:|1782442296\n|move|p2a: Scream Tail|Perish Song|p2a: Scream Tail\n|-start|p1a: Dondozo|perish3|[silent]\n|-fieldactivate|move: Perish Song\n|move|p1a: Dondozo|Waterfall|p2a: Scream Tail\n|-damage|p2a: Scream Tail|50/100 brn\n|\n|-heal|p2a: Scream Tail|99/100 brn|[from] move: Wish|[wisher] Scream Tail\n|-heal|p2a: Scream Tail|100/100 brn|[from] item: Leftovers\n|-heal|p1a: Dondozo|67/100|[from] item: Leftovers\n|-damage|p2a: Scream Tail|94/100 brn|[from] brn\n|-start|p2a: Scream Tail|perish1\n|-start|p1a: Dondozo|perish3\n|upkeep\n|turn|29\n|inactive|thepeakmons has 120 seconds left.\n|\n|t:|1782442315\n|-end|p2a: Scream Tail|Protosynthesis|[silent]\n|switch|p2a: Weezing|Weezing, F|15/100 brn\n|move|p1a: Dondozo|Waterfall|p2a: Weezing\n|-damage|p2a: Weezing|0 fnt\n|faint|p2a: Weezing\n|\n|-heal|p1a: Dondozo|73/100|[from] item: Leftovers\n|-start|p1a: Dondozo|perish2\n|upkeep\n|\n|t:|1782442318\n|switch|p2a: Darkrai|Darkrai, tera:Dark|9/100\n|turn|30\n|inactive|thepeakmons has 120 seconds left.\n|\n|t:|1782442331\n|move|p2a: Darkrai|Dark Pulse|p1a: Dondozo\n|-damage|p1a: Dondozo|19/100\n|move|p1a: Dondozo|Waterfall|p2a: Darkrai\n|-damage|p2a: Darkrai|0 fnt\n|faint|p2a: Darkrai\n|\n|-heal|p1a: Dondozo|26/100|[from] item: Leftovers\n|-start|p1a: Dondozo|perish1\n|upkeep\n|\n|t:|1782442338\n|switch|p2a: Gardevoir|Gardevoir, F|37/100\n|-ability|p2a: Gardevoir|Unaware|Trace|[from] ability: Trace|[of] p1a: Dondozo\n|turn|31\n|\n|t:|1782442350\n|switch|p1a: Slowking|Slowking-Galar, F|100/100\n|move|p2a: Gardevoir|Mystical Fire|p1a: Slowking\n|-damage|p1a: Slowking|79/100\n|-unboost|p1a: Slowking|spa|1\n|\n|upkeep\n|turn|32\n|-message|Jinx Havoc forfeited.\n|\n|win|thepeakmons\n|raw|thepeakmons's rating: 1320 &rarr; <strong>1340</strong><br />(+20 for winning)\n|raw|Jinx Havoc's rating: 1325 &rarr; <strong>1305</strong><br />(-20 for losing)\n|l|☆Jinx Havoc\n|player|p2|\n", "uploadtime": 1782442373, "views": 17, "formatid": "gen9ou", "rating": 1305, "private": 0, "password": null}