{"id": "gen9ou-2647827524", "format": "[Gen 9] OU", "players": ["Imptail", "Oddsin"], "log": "|j|☆Imptail\n|j|☆Oddsin\n|t:|1783819627\n|gametype|singles\n|player|p1|Imptail|maid|1312\n|player|p2|Oddsin|gambler|1306\n|gen|9\n|tier|[Gen 9] OU\n|rated|\n|rule|HP Percentage Mod: HP is shown in percentages\n|rule|Endless Battle Clause: Forcing endless battles is banned\n|rule|Species Clause: Limit one of each Pokémon\n|rule|OHKO Clause: OHKO moves are banned\n|rule|Evasion Items Clause: Evasion items are banned\n|rule|Evasion Moves Clause: Evasion moves are banned\n|rule|Evasion Abilities Clause: Evasion abilities are banned\n|rule|Sleep Moves Clause: Sleep-inducing moves are banned\n|clearpoke\n|poke|p1|Slither Wing|\n|poke|p1|Torkoal, M|\n|poke|p1|Walking Wake|\n|poke|p1|Ogerpon, F|\n|poke|p1|Alomomola, F|\n|poke|p1|Great Tusk|\n|poke|p2|Tatsugiri-Stretchy, F|\n|poke|p2|Landorus-Therian, M|\n|poke|p2|Lokix, M|\n|poke|p2|Kingambit, M|\n|poke|p2|Enamorus, F|\n|poke|p2|Skeledirge, M|\n|teampreview\n|\n|t:|1783819639\n|teamsize|p1|6\n|teamsize|p2|6\n|start\n|switch|p1a: Great Tusk|Great Tusk|100/100\n|switch|p2a: Landorus|Landorus-Therian, M|100/100\n|-ability|p2a: Landorus|Intimidate|boost\n|-unboost|p1a: Great Tusk|atk|1\n|turn|1\n|inactive|Battle timer is ON: inactive players will automatically lose when time's up. (requested by Oddsin)\n|\n|t:|1783819643\n|move|p2a: Landorus|Stealth Rock|p1a: Great Tusk\n|-sidestart|p1: Imptail|move: Stealth Rock\n|move|p1a: Great Tusk|Bulk Up|p1a: Great Tusk\n|-boost|p1a: Great Tusk|atk|1\n|-boost|p1a: Great Tusk|def|1\n|\n|upkeep\n|turn|2\n|\n|t:|1783819654\n|move|p2a: Landorus|U-turn|p1a: Great Tusk\n|-resisted|p1a: Great Tusk\n|-damage|p1a: Great Tusk|93/100\n|-damage|p2a: Landorus|90/100|[from] item: Life Orb\n|\n|t:|1783819660\n|switch|p2a: Skeledirge|Skeledirge, M|100/100|[from] U-turn\n|move|p1a: Great Tusk|Rapid Spin|p2a: Skeledirge\n|-immune|p2a: Skeledirge\n|\n|upkeep\n|turn|3\n|\n|t:|1783819668\n|-terastallize|p2a: Skeledirge|Fairy\n|move|p1a: Great Tusk|Headlong Rush|p2a: Skeledirge\n|-damage|p2a: Skeledirge|60/100\n|-unboost|p1a: Great Tusk|def|1\n|-unboost|p1a: Great Tusk|spd|1\n|-enditem|p2a: Skeledirge|Red Card|[of] p1a: Great Tusk\n|-end|p1a: Great Tusk|Protosynthesis|[silent]\n|drag|p1a: Ogerpon|Ogerpon, F|100/100\n|-damage|p1a: Ogerpon|88/100|[from] Stealth Rock\n|move|p2a: Skeledirge|Will-O-Wisp|p1a: Ogerpon\n|-status|p1a: Ogerpon|brn\n|\n|-damage|p1a: Ogerpon|82/100 brn|[from] brn\n|upkeep\n|turn|4\n|\n|t:|1783819680\n|move|p1a: Ogerpon|Rock Tomb|p2a: Skeledirge\n|-damage|p2a: Skeledirge|51/100\n|-unboost|p2a: Skeledirge|spe|1\n|move|p2a: Skeledirge|Slack Off|p2a: Skeledirge\n|-heal|p2a: Skeledirge|100/100\n|\n|-damage|p1a: Ogerpon|76/100 brn|[from] brn\n|upkeep\n|turn|5\n|\n|t:|1783819684\n|move|p1a: Ogerpon|U-turn|p2a: Skeledirge\n|-resisted|p2a: Skeledirge\n|-damage|p2a: Skeledirge|95/100\n|\n|t:|1783819688\n|switch|p1a: Torkoal|Torkoal, M|100/100|[from] U-turn\n|-damage|p1a: Torkoal|75/100|[from] Stealth Rock\n|-weather|SunnyDay|[from] ability: Drought|[of] p1a: Torkoal\n|move|p2a: Skeledirge|Torch Song|p1a: Torkoal\n|-resisted|p1a: Torkoal\n|-damage|p1a: Torkoal|36/100\n|-boost|p2a: Skeledirge|spa|1\n|\n|-weather|SunnyDay|[upkeep]\n|upkeep\n|turn|6\n|\n|t:|1783819694\n|move|p2a: Skeledirge|Torch Song|p1a: Torkoal\n|-resisted|p1a: Torkoal\n|-damage|p1a: Torkoal|0 fnt\n|-boost|p2a: Skeledirge|spa|1\n|faint|p1a: Torkoal\n|\n|-weather|SunnyDay|[upkeep]\n|upkeep\n|\n|t:|1783819698\n|switch|p1a: Walking Wake|Walking Wake|100/100\n|-damage|p1a: Walking Wake|88/100|[from] Stealth Rock\n|-activate|p1a: Walking Wake|ability: Protosynthesis\n|-start|p1a: Walking Wake|protosynthesisspa\n|turn|7\n|\n|t:|1783819715\n|-terastallize|p1a: Walking Wake|Water\n|move|p1a: Walking Wake|Hydro Steam|p2a: Skeledirge\n|-damage|p2a: Skeledirge|0 fnt\n|faint|p2a: Skeledirge\n|\n|-weather|SunnyDay|[upkeep]\n|upkeep\n|\n|t:|1783819728\n|switch|p2a: Lokix|Lokix, M|100/100\n|turn|8\n|inactive|Imptail has 120 seconds left.\n|\n|t:|1783819766\n|move|p2a: Lokix|First Impression|p1a: Walking Wake\n|-damage|p1a: Walking Wake|14/100\n|move|p1a: Walking Wake|Hydro Steam|p2a: Lokix\n|-damage|p2a: Lokix|0 fnt\n|faint|p2a: Lokix\n|\n|-weather|SunnyDay|[upkeep]\n|upkeep\n|\n|t:|1783819777\n|switch|p2a: Enamorus|Enamorus, F|100/100\n|turn|9\n|\n|t:|1783819789\n|move|p1a: Walking Wake|Hydro Steam|p2a: Enamorus\n|-damage|p2a: Enamorus|0 fnt\n|faint|p2a: Enamorus\n|\n|-weather|none\n|-end|p1a: Walking Wake|Protosynthesis\n|upkeep\n|\n|t:|1783819795\n|switch|p2a: Tatsugiri|Tatsugiri-Stretchy, F|100/100\n|turn|10\n|\n|t:|1783819807\n|-end|p1a: Walking Wake|Protosynthesis|[silent]\n|switch|p1a: Alomomola|Alomomola, F|100/100\n|-damage|p1a: Alomomola|88/100|[from] Stealth Rock\n|move|p2a: Tatsugiri|Hydro Pump|p1a: Alomomola\n|-resisted|p1a: Alomomola\n|-crit|p1a: Alomomola\n|-damage|p1a: Alomomola|39/100\n|\n|upkeep\n|turn|11\n|\n|t:|1783819811\n|move|p2a: Tatsugiri|Draco Meteor|p1a: Alomomola\n|-crit|p1a: Alomomola\n|-damage|p1a: Alomomola|0 fnt\n|-unboost|p2a: Tatsugiri|spa|2\n|faint|p1a: Alomomola\n|\n|upkeep\n|\n|t:|1783819820\n|switch|p1a: Slither Wing|Slither Wing|100/100\n|-damage|p1a: Slither Wing|88/100|[from] Stealth Rock\n|turn|12\n|\n|t:|1783819827\n|switch|p2a: Landorus|Landorus-Therian, M|90/100\n|-ability|p2a: Landorus|Intimidate|boost\n|-unboost|p1a: Slither Wing|atk|1\n|move|p1a: Slither Wing|U-turn|p2a: Landorus\n|-resisted|p2a: Landorus\n|-damage|p2a: Landorus|69/100\n|-damage|p1a: Slither Wing|78/100|[from] item: Life Orb\n|\n|t:|1783819830\n|-end|p1a: Slither Wing|Protosynthesis|[silent]\n|switch|p1a: Ogerpon|Ogerpon, F|76/100 brn|[from] U-turn\n|-damage|p1a: Ogerpon|64/100 brn|[from] Stealth Rock\n|\n|-damage|p1a: Ogerpon|58/100 brn|[from] brn\n|upkeep\n|turn|13\n|\n|t:|1783819855\n|move|p1a: Ogerpon|Knock Off|p2a: Landorus\n|-damage|p2a: Landorus|51/100\n|-enditem|p2a: Landorus|Life Orb|[from] move: Knock Off|[of] p1a: Ogerpon\n|move|p2a: Landorus|U-turn|p1a: Ogerpon\n|-supereffective|p1a: Ogerpon\n|-damage|p1a: Ogerpon|0 fnt\n|faint|p1a: Ogerpon\n|inactive|Oddsin has 120 seconds left.\n|\n|t:|1783819870\n|switch|p2a: Tatsugiri|Tatsugiri-Stretchy, F|100/100|[from] U-turn\n|\n|upkeep\n|\n|t:|1783819873\n|switch|p1a: Walking Wake|Walking Wake, tera:Water|14/100\n|-damage|p1a: Walking Wake|1/100|[from] Stealth Rock\n|turn|14\n|\n|t:|1783819876\n|move|p1a: Walking Wake|Draco Meteor|p2a: Tatsugiri|[miss]\n|-miss|p1a: Walking Wake|p2a: Tatsugiri\n|move|p2a: Tatsugiri|Rapid Spin|p1a: Walking Wake\n|-damage|p1a: Walking Wake|0 fnt\n|-boost|p2a: Tatsugiri|spe|1\n|faint|p1a: Walking Wake\n|-end|p1a: Walking Wake|Protosynthesis|[silent]\n|\n|upkeep\n|\n|t:|1783819881\n|switch|p1a: Slither Wing|Slither Wing|78/100\n|-damage|p1a: Slither Wing|66/100|[from] Stealth Rock\n|turn|15\n|\n|t:|1783819883\n|move|p1a: Slither Wing|First Impression|p2a: Tatsugiri\n|-damage|p2a: Tatsugiri|4/100\n|-damage|p1a: Slither Wing|56/100|[from] item: Life Orb\n|move|p2a: Tatsugiri|Hydro Pump|p1a: Slither Wing\n|-damage|p1a: Slither Wing|0 fnt\n|faint|p1a: Slither Wing\n|-end|p1a: Slither Wing|Protosynthesis|[silent]\n|\n|upkeep\n|\n|t:|1783819887\n|switch|p1a: Great Tusk|Great Tusk|93/100\n|turn|16\n|\n|t:|1783819890\n|move|p1a: Great Tusk|Rapid Spin|p2a: Tatsugiri\n|-damage|p2a: Tatsugiri|0 fnt\n|-boost|p1a: Great Tusk|spe|1\n|-sideend|p1: Imptail|Stealth Rock|[from] move: Rapid Spin|[of] p1a: Great Tusk\n|faint|p2a: Tatsugiri\n|\n|upkeep\n|\n|t:|1783819893\n|switch|p2a: Landorus|Landorus-Therian, M|51/100\n|-ability|p2a: Landorus|Intimidate|boost\n|-unboost|p1a: Great Tusk|atk|1\n|turn|17\n|\n|t:|1783819895\n|move|p1a: Great Tusk|Bulk Up|p1a: Great Tusk\n|-boost|p1a: Great Tusk|atk|1\n|-boost|p1a: Great Tusk|def|1\n|move|p2a: Landorus|Taunt|p1a: Great Tusk\n|-start|p1a: Great Tusk|move: Taunt\n|\n|upkeep\n|turn|18\n|\n|t:|1783819898\n|move|p1a: Great Tusk|Ice Spinner|p2a: Landorus\n|-supereffective|p2a: Landorus\n|-damage|p2a: Landorus|0 fnt\n|faint|p2a: Landorus\n|\n|upkeep\n|\n|t:|1783819901\n|switch|p2a: Kingambit|Kingambit, M|100/100\n|-activate|p2a: Kingambit|ability: Supreme Overlord\n|-start|p2a: Kingambit|fallen5|[silent]\n|turn|19\n|\n|t:|1783819905\n|move|p1a: Great Tusk|Headlong Rush|p2a: Kingambit\n|-supereffective|p2a: Kingambit\n|-damage|p2a: Kingambit|31/100\n|-unboost|p1a: Great Tusk|def|1\n|-unboost|p1a: Great Tusk|spd|1\n|move|p2a: Kingambit|Iron Head|p1a: Great Tusk\n|-crit|p1a: Great Tusk\n|-damage|p1a: Great Tusk|28/100\n|\n|upkeep\n|turn|20\n|\n|t:|1783819911\n|move|p2a: Kingambit|Sucker Punch|p1a: Great Tusk\n|-resisted|p1a: Great Tusk\n|-damage|p1a: Great Tusk|9/100\n|move|p1a: Great Tusk|Headlong Rush|p2a: Kingambit\n|-supereffective|p2a: Kingambit\n|-damage|p2a: Kingambit|0 fnt\n|-unboost|p1a: Great Tusk|def|1\n|-unboost|p1a: Great Tusk|spd|1\n|faint|p2a: Kingambit\n|-end|p2a: Kingambit|fallen5|[silent]\n|\n|win|Imptail\n|raw|Imptail's rating: 1312 &rarr; <strong>1332</strong><br />(+20 for winning)\n|raw|Oddsin's rating: 1306 &rarr; <strong>1286</strong><br />(-20 for losing)\n|c|☆Imptail|Gg\n|l|☆Oddsin\n|player|p2|\n|l|☆Imptail\n|player|p1|\n", "uploadtime": 1783820303, "views": 3, "formatid": "gen9ou", "rating": 1286, "private": 0, "password": null}