{"id": "gen9ou-2540548631", "format": "[Gen 9] OU", "players": ["flyinggolurk", "rblt ryo"], "log": "|j|☆flyinggolurk\n|j|☆rblt ryo\n|t:|1771216337\n|gametype|singles\n|player|p1|flyinggolurk|1|1625\n|player|p2|rblt ryo|dawn|1690\n|gen|9\n|tier|[Gen 9] OU\n|rated|\n|rule|HP Percentage Mod: HP is shown in percentages\n|rule|Endless Battle Clause: Forcing endless battles is banned\n|rule|Species Clause: Limit one of each Pokémon\n|rule|OHKO Clause: OHKO moves are banned\n|rule|Evasion Items Clause: Evasion items are banned\n|rule|Evasion Moves Clause: Evasion moves are banned\n|rule|Evasion Abilities Clause: Evasion abilities are banned\n|rule|Sleep Moves Clause: Sleep-inducing moves are banned\n|clearpoke\n|poke|p1|Iron Valiant|\n|poke|p1|Garganacl, F|\n|poke|p1|Moltres|\n|poke|p1|Iron Treads|\n|poke|p1|Meowscarada, M|\n|poke|p1|Araquanid, F|\n|poke|p2|Metagross|\n|poke|p2|Keldeo-Resolute|\n|poke|p2|Ting-Lu|\n|poke|p2|Pecharunt|\n|poke|p2|Dragapult, M|\n|poke|p2|Zapdos|\n|teampreview\n|\n|t:|1771216360\n|teamsize|p1|6\n|teamsize|p2|6\n|start\n|switch|p1a: Meowscarada|Meowscarada, M|100/100\n|switch|p2a: Zapdos|Zapdos|100/100\n|turn|1\n|\n|t:|1771216374\n|move|p1a: Meowscarada|Triple Axel|p2a: Zapdos\n|-start|p1a: Meowscarada|typechange|Ice|[from] ability: Protean\n|-supereffective|p2a: Zapdos\n|-damage|p2a: Zapdos|65/100\n|-supereffective|p2a: Zapdos\n|-damage|p2a: Zapdos|0 fnt\n|-status|p1a: Meowscarada|par|[from] ability: Static|[of] p2a: Zapdos\n|faint|p2a: Zapdos\n|-hitcount|p2: Zapdos|2\n|\n|upkeep\n|\n|t:|1771216389\n|switch|p2a: Keldeo|Keldeo-Resolute, shiny|100/100\n|turn|2\n|\n|t:|1771216394\n|switch|p1a: Araquanid|Araquanid, F|100/100\n|-terastallize|p2a: Keldeo|Water\n|move|p2a: Keldeo|Surf|p1a: Araquanid\n|-resisted|p1a: Araquanid\n|-damage|p1a: Araquanid|75/100\n|\n|upkeep\n|turn|3\n|\n|t:|1771216413\n|move|p2a: Keldeo|Surf|p1a: Araquanid\n|-resisted|p1a: Araquanid\n|-damage|p1a: Araquanid|49/100\n|move|p1a: Araquanid|Liquidation|p2a: Keldeo\n|-resisted|p2a: Keldeo\n|-damage|p2a: Keldeo|60/100\n|\n|upkeep\n|turn|4\n|\n|t:|1771216428\n|move|p2a: Keldeo|Surf|p1a: Araquanid\n|-resisted|p1a: Araquanid\n|-damage|p1a: Araquanid|22/100\n|move|p1a: Araquanid|Leech Life|p2a: Keldeo\n|-damage|p2a: Keldeo|22/100\n|-heal|p1a: Araquanid|40/100|[from] drain|[of] p2a: Keldeo\n|\n|upkeep\n|turn|5\n|\n|t:|1771216436\n|switch|p2a: Pecharunt|Pecharunt|100/100\n|move|p1a: Araquanid|Leech Life|p2a: Pecharunt\n|-resisted|p2a: Pecharunt\n|-damage|p2a: Pecharunt|97/100\n|-heal|p1a: Araquanid|42/100|[from] drain|[of] p2a: Pecharunt\n|\n|upkeep\n|turn|6\n|\n|t:|1771216444\n|switch|p1a: Iron Treads|Iron Treads|100/100\n|move|p2a: Pecharunt|Parting Shot|p1a: Iron Treads\n|-unboost|p1a: Iron Treads|atk|1\n|-unboost|p1a: Iron Treads|spa|1\n|\n|t:|1771216447\n|switch|p2a: Keldeo|Keldeo-Resolute, shiny, tera:Water|22/100|[from] Parting Shot\n|\n|upkeep\n|turn|7\n|\n|t:|1771216457\n|-end|p1a: Iron Treads|Quark Drive|[silent]\n|switch|p1a: Araquanid|Araquanid, F|42/100\n|move|p2a: Keldeo|Surf|p1a: Araquanid\n|-resisted|p1a: Araquanid\n|-damage|p1a: Araquanid|16/100\n|\n|upkeep\n|turn|8\n|\n|t:|1771216461\n|move|p2a: Keldeo|Surf|p1a: Araquanid\n|-resisted|p1a: Araquanid\n|-damage|p1a: Araquanid|0 fnt\n|faint|p1a: Araquanid\n|\n|upkeep\n|\n|t:|1771216472\n|switch|p1a: Meowscarada|Meowscarada, M|100/100 par\n|turn|9\n|j| Eiscuepro\n|l| Eiscuepro\n|\n|t:|1771216497\n|switch|p2a: Ting-Lu|Ting-Lu|100/100\n|-ability|p2a: Ting-Lu|Vessel of Ruin\n|move|p1a: Meowscarada|Knock Off|p2a: Ting-Lu\n|-start|p1a: Meowscarada|typechange|Dark|[from] ability: Protean\n|-resisted|p2a: Ting-Lu\n|-damage|p2a: Ting-Lu|82/100\n|-enditem|p2a: Ting-Lu|Leftovers|[from] move: Knock Off|[of] p1a: Meowscarada\n|\n|upkeep\n|turn|10\n|\n|t:|1771216506\n|switch|p1a: Garganacl|Garganacl, F|100/100\n|move|p2a: Ting-Lu|Stealth Rock|p1a: Garganacl\n|-sidestart|p1: flyinggolurk|move: Stealth Rock\n|\n|upkeep\n|turn|11\n|\n|t:|1771216512\n|move|p1a: Garganacl|Salt Cure|p2a: Ting-Lu\n|-resisted|p2a: Ting-Lu\n|-damage|p2a: Ting-Lu|78/100\n|-start|p2a: Ting-Lu|Salt Cure\n|move|p2a: Ting-Lu|Whirlwind|p1a: Garganacl\n|drag|p1a: Meowscarada|Meowscarada, M|100/100 par\n|-damage|p1a: Meowscarada|88/100 par|[from] Stealth Rock\n|\n|-damage|p2a: Ting-Lu|66/100|[from] Salt Cure\n|upkeep\n|turn|12\n|\n|t:|1771216523\n|move|p1a: Meowscarada|Triple Axel|p2a: Ting-Lu\n|-start|p1a: Meowscarada|typechange|Ice|[from] ability: Protean\n|-supereffective|p2a: Ting-Lu\n|-damage|p2a: Ting-Lu|50/100\n|-supereffective|p2a: Ting-Lu\n|-damage|p2a: Ting-Lu|18/100\n|-supereffective|p2a: Ting-Lu\n|-damage|p2a: Ting-Lu|0 fnt\n|faint|p2a: Ting-Lu\n|-hitcount|p2: Ting-Lu|3\n|\n|upkeep\n|\n|t:|1771216526\n|switch|p2a: Keldeo|Keldeo-Resolute, shiny, tera:Water|22/100\n|turn|13\n|\n|t:|1771216541\n|move|p2a: Keldeo|Surf|p1a: Meowscarada\n|-damage|p1a: Meowscarada|0 fnt\n|faint|p1a: Meowscarada\n|\n|upkeep\n|\n|t:|1771216546\n|switch|p1a: Iron Valiant|Iron Valiant|100/100\n|-damage|p1a: Iron Valiant|94/100|[from] Stealth Rock\n|-enditem|p1a: Iron Valiant|Booster Energy\n|-activate|p1a: Iron Valiant|ability: Quark Drive|[fromitem]\n|-start|p1a: Iron Valiant|quarkdrivespe\n|turn|14\n|\n|t:|1771216560\n|switch|p2a: Metagross|Metagross, shiny|100/100\n|move|p1a: Iron Valiant|Moonblast|p2a: Metagross\n|-resisted|p2a: Metagross\n|-damage|p2a: Metagross|84/100\n|\n|upkeep\n|turn|15\n|\n|t:|1771216571\n|-end|p1a: Iron Valiant|Quark Drive|[silent]\n|switch|p1a: Moltres|Moltres|100/100\n|move|p2a: Metagross|Knock Off|p1a: Moltres\n|-damage|p1a: Moltres|67/100\n|-enditem|p1a: Moltres|Heavy-Duty Boots|[from] move: Knock Off|[of] p2a: Metagross\n|\n|upkeep\n|turn|16\n|\n|t:|1771216591\n|move|p1a: Moltres|Flamethrower|p2a: Metagross\n|-supereffective|p2a: Metagross\n|-damage|p2a: Metagross|14/100\n|move|p2a: Metagross|Knock Off|p1a: Moltres\n|-damage|p1a: Moltres|41/100\n|\n|upkeep\n|turn|17\n|\n|t:|1771216596\n|switch|p2a: Pecharunt|Pecharunt|97/100\n|move|p1a: Moltres|Roost|p1a: Moltres\n|-heal|p1a: Moltres|91/100\n|-singleturn|p1a: Moltres|move: Roost\n|\n|upkeep\n|turn|18\n|\n|t:|1771216601\n|move|p2a: Pecharunt|Parting Shot|p1a: Moltres\n|-unboost|p1a: Moltres|atk|1\n|-unboost|p1a: Moltres|spa|1\n|\n|t:|1771216604\n|switch|p2a: Keldeo|Keldeo-Resolute, shiny, tera:Water|22/100|[from] Parting Shot\n|move|p1a: Moltres|U-turn|p2a: Keldeo\n|-damage|p2a: Keldeo|12/100\n|\n|t:|1771216608\n|switch|p1a: Iron Valiant|Iron Valiant|94/100|[from] U-turn\n|-damage|p1a: Iron Valiant|88/100|[from] Stealth Rock\n|\n|upkeep\n|turn|19\n|\n|t:|1771216612\n|switch|p2a: Pecharunt|Pecharunt|97/100\n|move|p1a: Iron Valiant|Moonblast|p2a: Pecharunt\n|-resisted|p2a: Pecharunt\n|-damage|p2a: Pecharunt|75/100\n|-unboost|p2a: Pecharunt|spa|1\n|\n|upkeep\n|turn|20\n|\n|t:|1771216620\n|-end|p1a: Iron Valiant|Quark Drive|[silent]\n|switch|p1a: Iron Treads|Iron Treads|100/100\n|move|p2a: Pecharunt|Malignant Chain|p1a: Iron Treads\n|-immune|p1a: Iron Treads\n|\n|upkeep\n|turn|21\n|-message|rblt ryo forfeited.\n|\n|win|flyinggolurk\n|raw|flyinggolurk's rating: 1625 &rarr; <strong>1649</strong><br />(+24 for winning)\n|raw|rblt ryo's rating: 1690 &rarr; <strong>1666</strong><br />(-24 for losing)\n|l|☆flyinggolurk\n|player|p1|\n", "uploadtime": 1771216861, "views": 7, "formatid": "gen9ou", "rating": 1649, "private": 0, "password": null}