{"id": "gen9ou-2639311878", "format": "[Gen 9] OU", "players": ["DEEZ NUTHS", "Saroz alam"], "log": "|j|☆DEEZ NUTHS\n|j|☆Saroz alam\n|t:|1782450870\n|gametype|singles\n|player|p1|DEEZ NUTHS|steven|1178\n|player|p2|Saroz alam|266|1193\n|gen|9\n|tier|[Gen 9] OU\n|rated|\n|rule|HP Percentage Mod: HP is shown in percentages\n|rule|Endless Battle Clause: Forcing endless battles is banned\n|rule|Species Clause: Limit one of each Pokémon\n|rule|OHKO Clause: OHKO moves are banned\n|rule|Evasion Items Clause: Evasion items are banned\n|rule|Evasion Moves Clause: Evasion moves are banned\n|rule|Evasion Abilities Clause: Evasion abilities are banned\n|rule|Sleep Moves Clause: Sleep-inducing moves are banned\n|clearpoke\n|poke|p1|Enamorus, F|\n|poke|p1|Dragapult, F|\n|poke|p1|Glimmora, M|\n|poke|p1|Great Tusk|\n|poke|p1|Milotic, F|\n|poke|p1|Kingambit, M|\n|poke|p2|Torkoal, F|\n|poke|p2|Garchomp, M|\n|poke|p2|Venusaur, M|\n|poke|p2|Typhlosion-Hisui, M|\n|poke|p2|Ogerpon-Wellspring, F|\n|poke|p2|Iron Valiant|\n|teampreview\n|\n|t:|1782450875\n|teamsize|p1|6\n|teamsize|p2|6\n|start\n|switch|p1a: Pet Rock|Glimmora, M|100/100\n|switch|p2a: Garchomp|Garchomp, M|100/100\n|turn|1\n|\n|t:|1782450883\n|switch|p1a: Top G nie|Enamorus, F|100/100\n|move|p2a: Garchomp|Earthquake|p1a: Top G nie\n|-immune|p1a: Top G nie\n|\n|upkeep\n|turn|2\n|\n|t:|1782450899\n|switch|p2a: Iron Valiant|Iron Valiant|100/100\n|-enditem|p2a: Iron Valiant|Booster Energy\n|-activate|p2a: Iron Valiant|ability: Quark Drive|[fromitem]\n|-start|p2a: Iron Valiant|quarkdrivespe\n|move|p1a: Top G nie|Zen Headbutt|p2a: Iron Valiant\n|-supereffective|p2a: Iron Valiant\n|-damage|p2a: Iron Valiant|0 fnt\n|faint|p2a: Iron Valiant\n|-end|p2a: Iron Valiant|Quark Drive|[silent]\n|\n|upkeep\n|inactive|Battle timer is ON: inactive players will automatically lose when time's up. (requested by DEEZ NUTHS)\n|inactive|Saroz alam has 120 seconds left.\n|\n|t:|1782450957\n|switch|p2a: Typhlosion|Typhlosion-Hisui, M|100/100\n|turn|3\n|\n|t:|1782450969\n|switch|p1a: Gyrad0s|Milotic, F|100/100\n|-terastallize|p2a: Typhlosion|Fire\n|move|p2a: Typhlosion|Eruption|p1a: Gyrad0s\n|-resisted|p1a: Gyrad0s\n|-damage|p1a: Gyrad0s|37/100\n|\n|-heal|p1a: Gyrad0s|43/100|[from] item: Leftovers\n|upkeep\n|turn|4\n|\n|t:|1782450981\n|switch|p2a: Ogerpon|Ogerpon-Wellspring, F|100/100\n|move|p1a: Gyrad0s|Waterfall|p2a: Ogerpon\n|-immune|p2a: Ogerpon|[from] ability: Water Absorb\n|\n|-heal|p1a: Gyrad0s|49/100|[from] item: Leftovers\n|upkeep\n|turn|5\n|\n|t:|1782451010\n|move|p2a: Ogerpon|Horn Leech|p1a: Gyrad0s\n|-supereffective|p1a: Gyrad0s\n|-damage|p1a: Gyrad0s|0 fnt\n|faint|p1a: Gyrad0s\n|\n|upkeep\n|inactive|DEEZ NUTHS has 120 seconds left.\n|\n|t:|1782451037\n|switch|p1a: Pet Rock|Glimmora, M|100/100\n|turn|6\n|\n|t:|1782451054\n|-terastallize|p1a: Pet Rock|Flying\n|move|p2a: Ogerpon|Ivy Cudgel|p1a: Pet Rock|[anim] Ivy Cudgel Water\n|-damage|p1a: Pet Rock|34/100\n|-activate|p1a: Pet Rock|ability: Toxic Debris\n|-sidestart|p2: Saroz alam|move: Toxic Spikes\n|move|p1a: Pet Rock|Meteor Beam||[still]\n|-prepare|p1a: Pet Rock|Meteor Beam\n|-boost|p1a: Pet Rock|spa|1\n|-enditem|p1a: Pet Rock|Power Herb\n|-anim|p1a: Pet Rock|Meteor Beam|p2a: Ogerpon\n|-damage|p2a: Ogerpon|0 fnt\n|faint|p2a: Ogerpon\n|\n|upkeep\n|\n|t:|1782451069\n|switch|p2a: Torkoal|Torkoal, F|100/100\n|-status|p2a: Torkoal|psn\n|-weather|SunnyDay|[from] ability: Drought|[of] p2a: Torkoal\n|turn|7\n|\n|t:|1782451078\n|move|p1a: Pet Rock|Earth Power|p2a: Torkoal\n|-supereffective|p2a: Torkoal\n|-damage|p2a: Torkoal|0 fnt\n|faint|p2a: Torkoal\n|\n|-weather|SunnyDay|[upkeep]\n|upkeep\n|\n|t:|1782451082\n|switch|p2a: Venusaur|Venusaur, M|100/100\n|-sideend|p2: Saroz alam|move: Toxic Spikes|[of] p2a: Venusaur\n|turn|8\n|\n|t:|1782451088\n|move|p2a: Venusaur|Sludge Bomb|p1a: Pet Rock\n|-damage|p1a: Pet Rock|0 fnt\n|faint|p1a: Pet Rock\n|-damage|p2a: Venusaur|91/100|[from] item: Life Orb\n|\n|-weather|SunnyDay|[upkeep]\n|upkeep\n|\n|t:|1782451097\n|switch|p1a: Clutch gene|Kingambit, M|100/100\n|-activate|p1a: Clutch gene|ability: Supreme Overlord\n|-start|p1a: Clutch gene|fallen2|[silent]\n|turn|9\n|\n|t:|1782451120\n|move|p1a: Clutch gene|Sucker Punch||[still]\n|-fail|p1a: Clutch gene\n|move|p2a: Venusaur|Growth|p2a: Venusaur\n|-boost|p2a: Venusaur|atk|2\n|-boost|p2a: Venusaur|spa|2\n|\n|-weather|SunnyDay|[upkeep]\n|upkeep\n|turn|10\n|\n|t:|1782451130\n|move|p1a: Clutch gene|Sucker Punch||[still]\n|-fail|p1a: Clutch gene\n|move|p2a: Venusaur|Growth|p2a: Venusaur\n|-boost|p2a: Venusaur|atk|2\n|-boost|p2a: Venusaur|spa|2\n|\n|-weather|SunnyDay|[upkeep]\n|upkeep\n|turn|11\n|\n|t:|1782451138\n|move|p2a: Venusaur|Growth|p2a: Venusaur\n|-boost|p2a: Venusaur|atk|2\n|-boost|p2a: Venusaur|spa|2\n|move|p1a: Clutch gene|Kowtow Cleave|p2a: Venusaur\n|-damage|p2a: Venusaur|0 fnt\n|faint|p2a: Venusaur\n|\n|-weather|SunnyDay|[upkeep]\n|upkeep\n|\n|t:|1782451145\n|switch|p2a: Typhlosion|Typhlosion-Hisui, M, tera:Fire|100/100\n|turn|12\n|\n|t:|1782451148\n|move|p1a: Clutch gene|Sucker Punch|p2a: Typhlosion\n|-damage|p2a: Typhlosion|13/100\n|move|p2a: Typhlosion|Eruption|p1a: Clutch gene\n|-supereffective|p1a: Clutch gene\n|-damage|p1a: Clutch gene|5/100\n|\n|-weather|SunnyDay|[upkeep]\n|upkeep\n|turn|13\n|\n|t:|1782451155\n|move|p2a: Typhlosion|Eruption|p1a: Clutch gene\n|-supereffective|p1a: Clutch gene\n|-damage|p1a: Clutch gene|0 fnt\n|faint|p1a: Clutch gene\n|-end|p1a: Clutch gene|fallen2|[silent]\n|\n|-weather|SunnyDay|[upkeep]\n|upkeep\n|\n|t:|1782451171\n|switch|p1a: Donfat|Great Tusk|100/100\n|-activate|p1a: Donfat|ability: Protosynthesis\n|-start|p1a: Donfat|protosynthesisatk\n|turn|14\n|\n|t:|1782451184\n|move|p2a: Typhlosion|Eruption|p1a: Donfat\n|-damage|p1a: Donfat|36/100\n|move|p1a: Donfat|Rapid Spin|p2a: Typhlosion\n|-damage|p2a: Typhlosion|0 fnt\n|-boost|p1a: Donfat|spe|1\n|faint|p2a: Typhlosion\n|\n|-weather|none\n|-end|p1a: Donfat|Protosynthesis\n|upkeep\n|\n|t:|1782451206\n|switch|p2a: Garchomp|Garchomp, M|100/100\n|turn|15\n|inactive|Saroz alam has 120 seconds left.\n|\n|t:|1782451228\n|move|p1a: Donfat|Ice Spinner|p2a: Garchomp\n|-supereffective|p2a: Garchomp\n|-damage|p2a: Garchomp|0 fnt\n|-damage|p1a: Donfat|23/100|[from] ability: Rough Skin|[of] p2a: Garchomp\n|-damage|p1a: Donfat|7/100|[from] item: Rocky Helmet|[of] p2a: Garchomp\n|faint|p2a: Garchomp\n|\n|win|DEEZ NUTHS\n|raw|DEEZ NUTHS's rating: 1178 &rarr; <strong>1204</strong><br />(+26 for winning)\n|raw|Saroz alam's rating: 1193 &rarr; <strong>1167</strong><br />(-26 for losing)\n|l|☆Saroz alam\n|player|p2|\n|l|☆DEEZ NUTHS\n|player|p1|\n", "uploadtime": 1782451525, "views": 4, "formatid": "gen9ou", "rating": 1167, "private": 0, "password": null}