{"id": "gen9ou-2540694338", "format": "[Gen 9] OU", "players": ["Obling", "dante1310"], "log": "|j|☆Obling\n|j|☆dante1310\n|t:|1771241486\n|gametype|singles\n|player|p1|Obling|player-go|1708\n|player|p2|dante1310|morty-gen2|1637\n|gen|9\n|tier|[Gen 9] OU\n|rated|\n|rule|HP Percentage Mod: HP is shown in percentages\n|rule|Endless Battle Clause: Forcing endless battles is banned\n|rule|Species Clause: Limit one of each Pokémon\n|rule|OHKO Clause: OHKO moves are banned\n|rule|Evasion Items Clause: Evasion items are banned\n|rule|Evasion Moves Clause: Evasion moves are banned\n|rule|Evasion Abilities Clause: Evasion abilities are banned\n|rule|Sleep Moves Clause: Sleep-inducing moves are banned\n|clearpoke\n|poke|p1|Deoxys-Speed|\n|poke|p1|Salamence, F|\n|poke|p1|Kingambit, F|\n|poke|p1|Ogerpon-Wellspring, F|\n|poke|p1|Latias, F|\n|poke|p1|Iron Moth|\n|poke|p2|Tyranitar, M|\n|poke|p2|Excadrill, M|\n|poke|p2|Hydrapple, F|\n|poke|p2|Moltres|\n|poke|p2|Azumarill, M|\n|poke|p2|Slowking-Galar, M|\n|teampreview\n|inactive|Battle timer is ON: inactive players will automatically lose when time's up. (requested by Obling)\n|\n|t:|1771241505\n|teamsize|p1|6\n|teamsize|p2|6\n|start\n|switch|p1a: Deoxys|Deoxys-Speed|100/100\n|switch|p2a: Tyranitar|Tyranitar, M|100/100\n|-ability|p1a: Deoxys|Pressure\n|-weather|Sandstorm|[from] ability: Sand Stream|[of] p2a: Tyranitar\n|turn|1\n|\n|t:|1771241507\n|move|p1a: Deoxys|Reflect|p1a: Deoxys\n|-sidestart|p1: Obling|Reflect\n|move|p2a: Tyranitar|Stealth Rock|p1a: Deoxys\n|-sidestart|p1: Obling|move: Stealth Rock\n|\n|-weather|Sandstorm|[upkeep]\n|-damage|p1a: Deoxys|95/100|[from] Sandstorm\n|upkeep\n|turn|2\n|\n|t:|1771241510\n|move|p1a: Deoxys|Light Screen|p1a: Deoxys\n|-sidestart|p1: Obling|move: Light Screen\n|move|p2a: Tyranitar|Knock Off|p1a: Deoxys\n|-supereffective|p1a: Deoxys\n|-damage|p1a: Deoxys|47/100\n|-enditem|p1a: Deoxys|Light Clay|[from] move: Knock Off|[of] p2a: Tyranitar\n|\n|-weather|Sandstorm|[upkeep]\n|-damage|p1a: Deoxys|41/100|[from] Sandstorm\n|upkeep\n|turn|3\n|\n|t:|1771241513\n|move|p1a: Deoxys|Stealth Rock|p2a: Tyranitar\n|-sidestart|p2: dante1310|move: Stealth Rock\n|move|p2a: Tyranitar|Ice Beam|p1a: Deoxys\n|-crit|p1a: Deoxys\n|-damage|p1a: Deoxys|4/100\n|\n|-weather|Sandstorm|[upkeep]\n|-damage|p1a: Deoxys|0 fnt|[from] Sandstorm\n|faint|p1a: Deoxys\n|upkeep\n|\n|t:|1771241518\n|switch|p1a: V|Ogerpon-Wellspring, F|100/100\n|-damage|p1a: V|88/100|[from] Stealth Rock\n|turn|4\n|\n|t:|1771241524\n|switch|p2a: Hydrapple|Hydrapple, F|100/100\n|move|p1a: V|Swords Dance|p1a: V\n|-boost|p1a: V|atk|2\n|\n|-weather|Sandstorm|[upkeep]\n|-damage|p1a: V|82/100|[from] Sandstorm\n|-damage|p2a: Hydrapple|94/100|[from] Sandstorm\n|upkeep\n|turn|5\n|\n|t:|1771241526\n|switch|p2a: Moltres|Moltres|100/100\n|move|p1a: V|Play Rough|p2a: Moltres\n|-resisted|p2a: Moltres\n|-damage|p2a: Moltres|75/100\n|\n|-weather|none\n|upkeep\n|turn|6\n|\n|t:|1771241529\n|switch|p2a: Hydrapple|Hydrapple, F|100/100\n|move|p1a: V|Ivy Cudgel|p2a: Hydrapple|[anim] Ivy Cudgel Water\n|-resisted|p2a: Hydrapple\n|-damage|p2a: Hydrapple|84/100\n|\n|upkeep\n|turn|7\n|\n|t:|1771241533\n|move|p1a: V|Play Rough|p2a: Hydrapple|[miss]\n|-miss|p1a: V|p2a: Hydrapple\n|move|p2a: Hydrapple|Giga Drain|p1a: V\n|-damage|p1a: V|65/100\n|-heal|p2a: Hydrapple|90/100|[from] drain|[of] p1a: V\n|\n|upkeep\n|turn|8\n|\n|t:|1771241536\n|switch|p2a: Moltres|Moltres|75/100\n|move|p1a: V|Ivy Cudgel|p2a: Moltres|[anim] Ivy Cudgel Water\n|-supereffective|p2a: Moltres\n|-damage|p2a: Moltres|0 fnt\n|faint|p2a: Moltres\n|\n|-sideend|p1: Obling|Reflect\n|upkeep\n|\n|t:|1771241544\n|switch|p2a: Hydrapple|Hydrapple, F|100/100\n|turn|9\n|\n|t:|1771241546\n|move|p1a: V|Play Rough|p2a: Hydrapple\n|-supereffective|p2a: Hydrapple\n|-damage|p2a: Hydrapple|16/100\n|move|p2a: Hydrapple|Giga Drain|p1a: V\n|-damage|p1a: V|47/100\n|-heal|p2a: Hydrapple|22/100|[from] drain|[of] p1a: V\n|\n|-sideend|p1: Obling|move: Light Screen\n|upkeep\n|turn|10\n|\n|t:|1771241550\n|move|p1a: V|Play Rough|p2a: Hydrapple\n|-supereffective|p2a: Hydrapple\n|-damage|p2a: Hydrapple|0 fnt\n|faint|p2a: Hydrapple\n|\n|upkeep\n|j| Samurajen\n|\n|t:|1771241554\n|switch|p2a: Slowking|Slowking-Galar, M|100/100\n|-damage|p2a: Slowking|88/100|[from] Stealth Rock\n|turn|11\n|\n|t:|1771241556\n|move|p1a: V|Ivy Cudgel|p2a: Slowking|[anim] Ivy Cudgel Water\n|-damage|p2a: Slowking|0 fnt\n|faint|p2a: Slowking\n|\n|upkeep\n|-message|dante1310 forfeited.\n|\n|win|Obling\n|raw|Obling's rating: 1708 &rarr; <strong>1724</strong><br />(+16 for winning)\n|raw|dante1310's rating: 1637 &rarr; <strong>1621</strong><br />(-16 for losing)\n|l|☆dante1310\n|player|p2|\n|l|☆Obling\n|player|p1|\n", "uploadtime": 1771241805, "views": 19, "formatid": "gen9ou", "rating": 1621, "private": 0, "password": null}