{"id": "gen9ou-2639306147", "format": "[Gen 9] OU", "players": ["wizardrex", "altyWIN"], "log": "|j|☆wizardrex\n|j|☆altyWIN\n|t:|1782449756\n|gametype|singles\n|player|p1|wizardrex|170|1510\n|player|p2|altyWIN|backpacker|1422\n|gen|9\n|tier|[Gen 9] OU\n|rated|\n|rule|HP Percentage Mod: HP is shown in percentages\n|rule|Endless Battle Clause: Forcing endless battles is banned\n|rule|Species Clause: Limit one of each Pokémon\n|rule|OHKO Clause: OHKO moves are banned\n|rule|Evasion Items Clause: Evasion items are banned\n|rule|Evasion Moves Clause: Evasion moves are banned\n|rule|Evasion Abilities Clause: Evasion abilities are banned\n|rule|Sleep Moves Clause: Sleep-inducing moves are banned\n|clearpoke\n|poke|p1|Zapdos|\n|poke|p1|Pecharunt|\n|poke|p1|Primarina, F|\n|poke|p1|Meowscarada, M|\n|poke|p1|Dragonite, F|\n|poke|p1|Iron Treads|\n|poke|p2|Grimmsnarl, M|\n|poke|p2|Haxorus, M|\n|poke|p2|Hatterene, F|\n|poke|p2|Iron Crown|\n|poke|p2|Great Tusk|\n|poke|p2|Ceruledge, M|\n|teampreview\n|inactive|Battle timer is ON: inactive players will automatically lose when time's up. (requested by altyWIN)\n|\n|t:|1782449761\n|teamsize|p1|6\n|teamsize|p2|6\n|start\n|switch|p1a: Primarina|Primarina, F|100/100\n|switch|p2a: Grimmsnarl|Grimmsnarl, M|100/100\n|turn|1\n|\n|t:|1782449765\n|move|p2a: Grimmsnarl|Light Screen|p2a: Grimmsnarl\n|-sidestart|p2: altyWIN|move: Light Screen\n|move|p1a: Primarina|Moonblast|p2a: Grimmsnarl\n|-supereffective|p2a: Grimmsnarl\n|-damage|p2a: Grimmsnarl|46/100\n|-unboost|p2a: Grimmsnarl|spa|1\n|\n|upkeep\n|turn|2\n|\n|t:|1782449779\n|switch|p2a: Iron Crown|Iron Crown|100/100\n|-enditem|p2a: Iron Crown|Booster Energy\n|-activate|p2a: Iron Crown|ability: Quark Drive|[fromitem]\n|-start|p2a: Iron Crown|quarkdrivespa\n|move|p1a: Primarina|Moonblast|p2a: Iron Crown\n|-resisted|p2a: Iron Crown\n|-damage|p2a: Iron Crown|87/100\n|\n|upkeep\n|turn|3\n|\n|t:|1782449791\n|move|p2a: Iron Crown|Calm Mind|p2a: Iron Crown\n|-boost|p2a: Iron Crown|spa|1\n|-boost|p2a: Iron Crown|spd|1\n|move|p1a: Primarina|Flip Turn|p2a: Iron Crown\n|-damage|p2a: Iron Crown|71/100\n|\n|t:|1782449794\n|switch|p1a: Meowscarada|Meowscarada, M|100/100|[from] Flip Turn\n|\n|upkeep\n|turn|4\n|\n|t:|1782449815\n|-terastallize|p2a: Iron Crown|Fighting\n|move|p1a: Meowscarada|U-turn|p2a: Iron Crown\n|-start|p1a: Meowscarada|typechange|Bug|[from] ability: Protean\n|-resisted|p2a: Iron Crown\n|-damage|p2a: Iron Crown|54/100\n|\n|t:|1782449825\n|switch|p1a: Pecharunt|Pecharunt|100/100|[from] U-turn\n|move|p2a: Iron Crown|Agility|p2a: Iron Crown\n|-boost|p2a: Iron Crown|spe|2\n|\n|upkeep\n|turn|5\n|\n|t:|1782449838\n|-terastallize|p1a: Pecharunt|Dark\n|move|p2a: Iron Crown|Stored Power|p1a: Pecharunt\n|-immune|p1a: Pecharunt\n|move|p1a: Pecharunt|Malignant Chain|p2a: Iron Crown\n|-crit|p2a: Iron Crown\n|-damage|p2a: Iron Crown|5/100\n|\n|upkeep\n|turn|6\n|\n|t:|1782449845\n|move|p2a: Iron Crown|Focus Blast|p1a: Pecharunt\n|-supereffective|p1a: Pecharunt\n|-damage|p1a: Pecharunt|0 fnt\n|faint|p1a: Pecharunt\n|\n|upkeep\n|\n|t:|1782449848\n|switch|p1a: Meowscarada|Meowscarada, M|100/100\n|turn|7\n|\n|t:|1782449871\n|move|p2a: Iron Crown|Calm Mind|p2a: Iron Crown\n|-boost|p2a: Iron Crown|spa|1\n|-boost|p2a: Iron Crown|spd|1\n|move|p1a: Meowscarada|Knock Off|p2a: Iron Crown\n|-start|p1a: Meowscarada|typechange|Dark|[from] ability: Protean\n|-resisted|p2a: Iron Crown\n|-damage|p2a: Iron Crown|0 fnt\n|faint|p2a: Iron Crown\n|-end|p2a: Iron Crown|Quark Drive|[silent]\n|\n|upkeep\n|inactive|altyWIN has 120 seconds left.\n|\n|t:|1782449906\n|switch|p2a: Grimmsnarl|Grimmsnarl, M|46/100\n|turn|8\n|\n|t:|1782449912\n|switch|p1a: Primarina|Primarina, F|100/100\n|move|p2a: Grimmsnarl|Reflect|p2a: Grimmsnarl\n|-sidestart|p2: altyWIN|Reflect\n|\n|-sideend|p2: altyWIN|move: Light Screen\n|upkeep\n|turn|9\n|\n|t:|1782449915\n|move|p2a: Grimmsnarl|Light Screen|p2a: Grimmsnarl\n|-sidestart|p2: altyWIN|move: Light Screen\n|move|p1a: Primarina|Moonblast|p2a: Grimmsnarl\n|-supereffective|p2a: Grimmsnarl\n|-damage|p2a: Grimmsnarl|0 fnt\n|faint|p2a: Grimmsnarl\n|\n|upkeep\n|\n|t:|1782449928\n|switch|p2a: Hatterene|Hatterene, F|100/100\n|turn|10\n|\n|t:|1782449945\n|move|p1a: Primarina|Flip Turn|p2a: Hatterene\n|-damage|p2a: Hatterene|93/100\n|\n|t:|1782449947\n|switch|p1a: Zapdos|Zapdos|100/100|[from] Flip Turn\n|move|p2a: Hatterene|Calm Mind|p2a: Hatterene\n|-boost|p2a: Hatterene|spa|1\n|-boost|p2a: Hatterene|spd|1\n|\n|-heal|p2a: Hatterene|99/100|[from] item: Leftovers\n|upkeep\n|turn|11\n|\n|t:|1782449959\n|move|p1a: Zapdos|Hurricane|p2a: Hatterene\n|-damage|p2a: Hatterene|76/100\n|-start|p2a: Hatterene|confusion\n|-activate|p2a: Hatterene|confusion\n|move|p2a: Hatterene|Psyshock|p1a: Zapdos\n|-damage|p1a: Zapdos|25/100\n|\n|-heal|p2a: Hatterene|82/100|[from] item: Leftovers\n|upkeep\n|turn|12\n|\n|t:|1782449966\n|move|p1a: Zapdos|Hurricane|p2a: Hatterene\n|-damage|p2a: Hatterene|61/100\n|-activate|p2a: Hatterene|confusion\n|-damage|p2a: Hatterene|54/100|[from] confusion\n|\n|-heal|p2a: Hatterene|60/100|[from] item: Leftovers\n|upkeep\n|turn|13\n|\n|t:|1782449971\n|move|p1a: Zapdos|Hurricane|p2a: Hatterene\n|-damage|p2a: Hatterene|37/100\n|-activate|p2a: Hatterene|confusion\n|move|p2a: Hatterene|Draining Kiss|p1a: Zapdos\n|-damage|p1a: Zapdos|0 fnt\n|-heal|p2a: Hatterene|60/100|[from] drain|[of] p1a: Zapdos\n|faint|p1a: Zapdos\n|\n|-heal|p2a: Hatterene|66/100|[from] item: Leftovers\n|upkeep\n|\n|t:|1782449983\n|switch|p1a: Meowscarada|Meowscarada, M|100/100\n|turn|14\n|\n|t:|1782449989\n|switch|p2a: Ceruledge|Ceruledge, M|100/100\n|move|p1a: Meowscarada|U-turn|p2a: Ceruledge\n|-start|p1a: Meowscarada|typechange|Bug|[from] ability: Protean\n|-resisted|p2a: Ceruledge\n|-damage|p2a: Ceruledge|95/100\n|-ability|p2a: Ceruledge|Weak Armor|boost\n|-unboost|p2a: Ceruledge|def|1\n|-boost|p2a: Ceruledge|spe|2\n|\n|t:|1782450002\n|switch|p1a: Iron Treads|Iron Treads|100/100|[from] U-turn\n|\n|upkeep\n|turn|15\n|\n|t:|1782450008\n|move|p2a: Ceruledge|Bitter Blade|p1a: Iron Treads\n|-supereffective|p1a: Iron Treads\n|-damage|p1a: Iron Treads|0 fnt\n|-heal|p2a: Ceruledge|100/100|[from] drain|[of] p1a: Iron Treads\n|faint|p1a: Iron Treads\n|-end|p1a: Iron Treads|Quark Drive|[silent]\n|-damage|p2a: Ceruledge|91/100|[from] item: Life Orb\n|\n|-sideend|p2: altyWIN|Reflect\n|upkeep\n|inactive|wizardrex has 120 seconds left.\n|inactive|wizardrex has 90 seconds left.\n|\n|t:|1782450071\n|switch|p1a: Dragonite|Dragonite, F|100/100\n|turn|16\n|inactive|altyWIN has 120 seconds left.\n|\n|t:|1782450108\n|move|p2a: Ceruledge|Poltergeist|p1a: Dragonite\n|-activate|p1a: Dragonite|move: Poltergeist|Heavy-Duty Boots\n|-damage|p1a: Dragonite|58/100\n|-damage|p2a: Ceruledge|81/100|[from] item: Life Orb\n|move|p1a: Dragonite|Earthquake|p2a: Ceruledge\n|-supereffective|p2a: Ceruledge\n|-damage|p2a: Ceruledge|0 fnt\n|faint|p2a: Ceruledge\n|\n|-sideend|p2: altyWIN|move: Light Screen\n|upkeep\n|\n|t:|1782450126\n|switch|p2a: Great Tusk|Great Tusk|100/100\n|-enditem|p2a: Great Tusk|Booster Energy\n|-activate|p2a: Great Tusk|ability: Protosynthesis|[fromitem]\n|-start|p2a: Great Tusk|protosynthesisspe\n|turn|17\n|\n|t:|1782450129\n|move|p1a: Dragonite|Extreme Speed|p2a: Great Tusk\n|-damage|p2a: Great Tusk|80/100\n|move|p2a: Great Tusk|Ice Spinner|p1a: Dragonite\n|-supereffective|p1a: Dragonite\n|-damage|p1a: Dragonite|0 fnt\n|faint|p1a: Dragonite\n|\n|upkeep\n|inactive|wizardrex has 120 seconds left.\n|inactive|wizardrex has 90 seconds left.\n|\n|t:|1782450166\n|switch|p1a: Meowscarada|Meowscarada, M|100/100\n|turn|18\n|inactive|altyWIN has 120 seconds left.\n|\n|t:|1782450179\n|move|p1a: Meowscarada|Triple Axel|p2a: Great Tusk\n|-start|p1a: Meowscarada|typechange|Ice|[from] ability: Protean\n|-supereffective|p2a: Great Tusk\n|-damage|p2a: Great Tusk|68/100\n|-supereffective|p2a: Great Tusk\n|-damage|p2a: Great Tusk|46/100\n|-supereffective|p2a: Great Tusk\n|-damage|p2a: Great Tusk|12/100\n|-hitcount|p2a: Great Tusk|3\n|move|p2a: Great Tusk|Ice Spinner|p1a: Meowscarada\n|-resisted|p1a: Meowscarada\n|-damage|p1a: Meowscarada|82/100\n|\n|upkeep\n|turn|19\n|inactive|altyWIN has 120 seconds left.\n|\n|t:|1782450208\n|-end|p2a: Great Tusk|Protosynthesis|[silent]\n|switch|p2a: Hatterene|Hatterene, F|66/100\n|move|p1a: Meowscarada|Triple Axel|p2a: Hatterene|[miss]\n|-miss|p1a: Meowscarada|p2a: Hatterene\n|\n|-heal|p2a: Hatterene|72/100|[from] item: Leftovers\n|upkeep\n|turn|20\n|\n|t:|1782450221\n|move|p1a: Meowscarada|Triple Axel|p2a: Hatterene\n|-damage|p2a: Hatterene|62/100\n|-damage|p2a: Hatterene|39/100\n|-damage|p2a: Hatterene|10/100\n|-hitcount|p2a: Hatterene|3\n|move|p2a: Hatterene|Mystical Fire|p1a: Meowscarada\n|-supereffective|p1a: Meowscarada\n|-damage|p1a: Meowscarada|0 fnt\n|faint|p1a: Meowscarada\n|\n|-heal|p2a: Hatterene|16/100|[from] item: Leftovers\n|upkeep\n|\n|t:|1782450228\n|switch|p1a: Primarina|Primarina, F|100/100\n|turn|21\n|inactive|altyWIN has 120 seconds left.\n|\n|t:|1782450262\n|move|p1a: Primarina|Surf|p2a: Hatterene\n|-damage|p2a: Hatterene|0 fnt\n|faint|p2a: Hatterene\n|\n|upkeep\n|\n|t:|1782450264\n|switch|p2a: Great Tusk|Great Tusk|12/100\n|turn|22\n|\n|t:|1782450273\n|move|p2a: Great Tusk|Headlong Rush|p1a: Primarina\n|-damage|p1a: Primarina|40/100\n|-unboost|p2a: Great Tusk|def|1\n|-unboost|p2a: Great Tusk|spd|1\n|move|p1a: Primarina|Surf|p2a: Great Tusk\n|-supereffective|p2a: Great Tusk\n|-damage|p2a: Great Tusk|0 fnt\n|faint|p2a: Great Tusk\n|-end|p2a: Great Tusk|Protosynthesis|[silent]\n|\n|upkeep\n|inactive|altyWIN has 90 seconds left.\n|\n|t:|1782450308\n|switch|p2a: Haxorus|Haxorus, M|100/100\n|-ability|p2a: Haxorus|Mold Breaker\n|turn|23\n|\n|t:|1782450316\n|move|p2a: Haxorus|Aqua Tail|p1a: Primarina\n|-resisted|p1a: Primarina\n|-damage|p1a: Primarina|17/100\n|move|p1a: Primarina|Moonblast|p2a: Haxorus\n|-supereffective|p2a: Haxorus\n|-damage|p2a: Haxorus|0 fnt\n|faint|p2a: Haxorus\n|\n|win|wizardrex\n|raw|wizardrex's rating: 1510 &rarr; <strong>1525</strong><br />(+15 for winning)\n|raw|altyWIN's rating: 1422 &rarr; <strong>1407</strong><br />(-15 for losing)\n|l|☆altyWIN\n|player|p2|\n|l|☆wizardrex\n|player|p1|\n", "uploadtime": 1782450451, "views": 3, "formatid": "gen9ou", "rating": 1407, "private": 0, "password": null}