{"id": "gen9ou-2540664465", "format": "[Gen 9] OU", "players": ["fluffycool", "nautillect"], "log": "|j|☆fluffycool\n|j|☆nautillect\n|t:|1771236578\n|gametype|singles\n|player|p1|fluffycool|schoolboy-gen2|1589\n|player|p2|nautillect|clair|1548\n|gen|9\n|tier|[Gen 9] OU\n|rated|\n|rule|HP Percentage Mod: HP is shown in percentages\n|rule|Endless Battle Clause: Forcing endless battles is banned\n|rule|Species Clause: Limit one of each Pokémon\n|rule|OHKO Clause: OHKO moves are banned\n|rule|Evasion Items Clause: Evasion items are banned\n|rule|Evasion Moves Clause: Evasion moves are banned\n|rule|Evasion Abilities Clause: Evasion abilities are banned\n|rule|Sleep Moves Clause: Sleep-inducing moves are banned\n|clearpoke\n|poke|p1|Arcanine-Hisui, F|\n|poke|p1|Darkrai|\n|poke|p1|Great Tusk|\n|poke|p1|Hatterene, F|\n|poke|p1|Ogerpon-Wellspring, F|\n|poke|p1|Zapdos|\n|poke|p2|Zamazenta-*|\n|poke|p2|Ninetales-Alola, F|\n|poke|p2|Hoopa-Unbound|\n|poke|p2|Great Tusk|\n|poke|p2|Samurott-Hisui, M|\n|poke|p2|Hatterene, F|\n|teampreview\n|inactive|Battle timer is ON: inactive players will automatically lose when time's up. (requested by fluffycool)\n|\n|t:|1771236598\n|teamsize|p1|6\n|teamsize|p2|6\n|start\n|switch|p1a: head giver|Arcanine-Hisui, F|100/100\n|switch|p2a: Samurott|Samurott-Hisui, M|100/100\n|turn|1\n|\n|t:|1771236606\n|switch|p1a: Zapdos|Zapdos|100/100\n|move|p2a: Samurott|Razor Shell|p1a: Zapdos\n|-damage|p1a: Zapdos|67/100\n|\n|upkeep\n|turn|2\n|\n|t:|1771236617\n|move|p2a: Samurott|Ceaseless Edge|p1a: Zapdos\n|-damage|p1a: Zapdos|33/100\n|-sidestart|p1: fluffycool|Spikes\n|move|p1a: Zapdos|Volt Switch|p2a: Samurott\n|-supereffective|p2a: Samurott\n|-damage|p2a: Samurott|16/100\n|\n|t:|1771236625\n|switch|p1a: Great Tusk|Great Tusk|100/100|[from] Volt Switch\n|-damage|p1a: Great Tusk|88/100|[from] Spikes\n|\n|upkeep\n|turn|3\n|\n|t:|1771236635\n|move|p1a: Great Tusk|Rapid Spin|p2a: Samurott\n|-damage|p2a: Samurott|0 fnt\n|-boost|p1a: Great Tusk|spe|1\n|-sideend|p1: fluffycool|Spikes|[from] move: Rapid Spin|[of] p1a: Great Tusk\n|faint|p2a: Samurott\n|\n|upkeep\n|\n|t:|1771236638\n|switch|p2a: Ninetales|Ninetales-Alola, F|100/100\n|-weather|Snowscape|[from] ability: Snow Warning|[of] p2a: Ninetales\n|turn|4\n|\n|t:|1771236644\n|move|p1a: Great Tusk|Headlong Rush|p2a: Ninetales\n|-damage|p2a: Ninetales|47/100\n|-unboost|p1a: Great Tusk|def|1\n|-unboost|p1a: Great Tusk|spd|1\n|move|p2a: Ninetales|Aurora Veil|p2a: Ninetales\n|-sidestart|p2: nautillect|move: Aurora Veil\n|\n|-weather|Snowscape|[upkeep]\n|upkeep\n|turn|5\n|\n|t:|1771236652\n|switch|p2a: Hatterene|Hatterene, F|100/100\n|move|p1a: Great Tusk|Stealth Rock|p2a: Hatterene\n|move|p2a: Hatterene|Stealth Rock|p1a: Great Tusk|[from] ability: Magic Bounce\n|-sidestart|p1: fluffycool|move: Stealth Rock\n|\n|-weather|Snowscape|[upkeep]\n|upkeep\n|turn|6\n|\n|t:|1771236661\n|move|p1a: Great Tusk|Rapid Spin|p2a: Hatterene\n|-damage|p2a: Hatterene|93/100\n|-boost|p1a: Great Tusk|spe|1\n|-sideend|p1: fluffycool|Stealth Rock|[from] move: Rapid Spin|[of] p1a: Great Tusk\n|-enditem|p2a: Hatterene|Kee Berry|[eat]\n|-boost|p2a: Hatterene|def|1|[from] item: Kee Berry\n|move|p2a: Hatterene|Calm Mind|p2a: Hatterene\n|-boost|p2a: Hatterene|spa|1\n|-boost|p2a: Hatterene|spd|1\n|\n|-weather|Snowscape|[upkeep]\n|upkeep\n|turn|7\n|\n|t:|1771236674\n|-end|p1a: Great Tusk|Protosynthesis|[silent]\n|switch|p1a: Darkrai|Darkrai|100/100\n|move|p2a: Hatterene|Calm Mind|p2a: Hatterene\n|-boost|p2a: Hatterene|spa|1\n|-boost|p2a: Hatterene|spd|1\n|\n|-weather|Snowscape|[upkeep]\n|upkeep\n|turn|8\n|\n|t:|1771236682\n|move|p1a: Darkrai|Trick|p2a: Hatterene\n|-activate|p1a: Darkrai|move: Trick|[of] p2a: Hatterene\n|-item|p2a: Hatterene|Choice Scarf|[from] move: Trick\n|-enditem|p1a: Darkrai|Choice Scarf|[silent]|[from] move: Trick\n|move|p2a: Hatterene|Draining Kiss|p1a: Darkrai\n|-supereffective|p1a: Darkrai\n|-damage|p1a: Darkrai|0 fnt\n|-heal|p2a: Hatterene|100/100|[from] drain|[of] p1a: Darkrai\n|faint|p1a: Darkrai\n|\n|-weather|Snowscape|[upkeep]\n|-sideend|p2: nautillect|move: Aurora Veil\n|upkeep\n|\n|t:|1771236686\n|switch|p1a: head giver|Arcanine-Hisui, F|100/100\n|turn|9\n|\n|t:|1771236694\n|-terastallize|p1a: head giver|Rock\n|move|p1a: head giver|Head Smash|p2a: Hatterene\n|-damage|p2a: Hatterene|13/100\n|move|p2a: Hatterene|Draining Kiss|p1a: head giver\n|-crit|p1a: head giver\n|-damage|p1a: head giver|18/100\n|-heal|p2a: Hatterene|78/100|[from] drain|[of] p1a: head giver\n|\n|-weather|Snowscape|[upkeep]\n|upkeep\n|turn|10\n|\n|t:|1771236704\n|switch|p2a: Great Tusk|Great Tusk|100/100\n|move|p1a: head giver|Head Smash|p2a: Great Tusk\n|-resisted|p2a: Great Tusk\n|-damage|p2a: Great Tusk|76/100\n|\n|-weather|Snowscape|[upkeep]\n|upkeep\n|turn|11\n|\n|t:|1771236713\n|switch|p1a: Zapdos|Zapdos|33/100\n|move|p2a: Great Tusk|Headlong Rush|p1a: Zapdos\n|-immune|p1a: Zapdos\n|\n|-weather|none\n|upkeep\n|turn|12\n|\n|t:|1771236720\n|move|p2a: Great Tusk|Ice Spinner|p1a: Zapdos\n|-supereffective|p1a: Zapdos\n|-damage|p1a: Zapdos|0 fnt\n|faint|p1a: Zapdos\n|\n|upkeep\n|\n|t:|1771236728\n|switch|p1a: Ogerpon|Ogerpon-Wellspring, F|100/100\n|turn|13\n|\n|t:|1771236740\n|-end|p2a: Great Tusk|Protosynthesis|[silent]\n|switch|p2a: Zamazenta|Zamazenta|100/100\n|-ability|p2a: Zamazenta|Dauntless Shield|boost\n|-boost|p2a: Zamazenta|def|1\n|move|p1a: Ogerpon|Ivy Cudgel|p2a: Zamazenta|[anim] Ivy Cudgel Water\n|-crit|p2a: Zamazenta\n|-damage|p2a: Zamazenta|32/100\n|\n|-heal|p2a: Zamazenta|38/100|[from] item: Leftovers\n|upkeep\n|turn|14\n|\n|t:|1771236750\n|switch|p1a: Great Tusk|Great Tusk|88/100\n|move|p2a: Zamazenta|Body Press|p1a: Great Tusk\n|-damage|p1a: Great Tusk|50/100\n|-damage|p2a: Zamazenta|22/100|[from] item: Rocky Helmet|[of] p1a: Great Tusk\n|\n|-heal|p2a: Zamazenta|28/100|[from] item: Leftovers\n|upkeep\n|turn|15\n|\n|t:|1771236759\n|switch|p2a: Hatterene|Hatterene, F|78/100\n|move|p1a: Great Tusk|Headlong Rush|p2a: Hatterene\n|-damage|p2a: Hatterene|22/100\n|-unboost|p1a: Great Tusk|def|1\n|-unboost|p1a: Great Tusk|spd|1\n|\n|upkeep\n|turn|16\n|\n|t:|1771236767\n|move|p1a: Great Tusk|Headlong Rush|p2a: Hatterene\n|-damage|p2a: Hatterene|0 fnt\n|-unboost|p1a: Great Tusk|def|1\n|-unboost|p1a: Great Tusk|spd|1\n|faint|p2a: Hatterene\n|\n|upkeep\n|\n|t:|1771236768\n|switch|p2a: Ninetales|Ninetales-Alola, F|47/100\n|-weather|Snowscape|[from] ability: Snow Warning|[of] p2a: Ninetales\n|turn|17\n|\n|t:|1771236778\n|move|p2a: Ninetales|Aurora Veil|p2a: Ninetales\n|-sidestart|p2: nautillect|move: Aurora Veil\n|move|p1a: Great Tusk|Stealth Rock|p2a: Ninetales\n|-sidestart|p2: nautillect|move: Stealth Rock\n|\n|-weather|Snowscape|[upkeep]\n|upkeep\n|turn|18\n|\n|t:|1771236788\n|switch|p2a: Great Tusk|Great Tusk|76/100\n|-end|p1a: Great Tusk|Protosynthesis|[silent]\n|switch|p1a: head giver|Arcanine-Hisui, F, tera:Rock|18/100\n|\n|-weather|Snowscape|[upkeep]\n|upkeep\n|turn|19\n|\n|t:|1771236796\n|move|p1a: head giver|Flare Blitz|p2a: Great Tusk\n|-damage|p2a: Great Tusk|44/100\n|move|p2a: Great Tusk|Rapid Spin|p1a: head giver\n|-resisted|p1a: head giver\n|-damage|p1a: head giver|6/100\n|-boost|p2a: Great Tusk|spe|1\n|-sideend|p2: nautillect|Stealth Rock|[from] move: Rapid Spin|[of] p2a: Great Tusk\n|\n|-weather|Snowscape|[upkeep]\n|upkeep\n|turn|20\n|\n|t:|1771236805\n|-end|p2a: Great Tusk|Protosynthesis|[silent]\n|switch|p2a: Ninetales|Ninetales-Alola, F|47/100\n|move|p1a: head giver|Flare Blitz|p2a: Ninetales\n|-supereffective|p2a: Ninetales\n|-crit|p2a: Ninetales\n|-damage|p2a: Ninetales|0 fnt\n|faint|p2a: Ninetales\n|\n|-weather|Snowscape|[upkeep]\n|upkeep\n|\n|t:|1771236807\n|switch|p2a: Hoopa|Hoopa-Unbound|100/100\n|turn|21\n|\n|t:|1771236814\n|move|p1a: head giver|Flare Blitz|p2a: Hoopa\n|-damage|p2a: Hoopa|30/100\n|move|p2a: Hoopa|Focus Blast|p1a: head giver\n|-supereffective|p1a: head giver\n|-damage|p1a: head giver|0 fnt\n|faint|p1a: head giver\n|\n|-weather|Snowscape|[upkeep]\n|-sideend|p2: nautillect|move: Aurora Veil\n|upkeep\n|\n|t:|1771236817\n|switch|p1a: Ogerpon|Ogerpon-Wellspring, F|100/100\n|turn|22\n|\n|t:|1771236825\n|switch|p2a: Great Tusk|Great Tusk|44/100\n|move|p1a: Ogerpon|Ivy Cudgel|p2a: Great Tusk|[anim] Ivy Cudgel Water\n|-supereffective|p2a: Great Tusk\n|-damage|p2a: Great Tusk|0 fnt\n|faint|p2a: Great Tusk\n|-end|p2a: Great Tusk|Protosynthesis|[silent]\n|\n|-weather|Snowscape|[upkeep]\n|upkeep\n|\n|t:|1771236827\n|switch|p2a: Zamazenta|Zamazenta|28/100\n|turn|23\n|\n|t:|1771236833\n|switch|p1a: Great Tusk|Great Tusk|50/100\n|move|p2a: Zamazenta|Iron Defense|p2a: Zamazenta\n|-boost|p2a: Zamazenta|def|2\n|\n|-weather|Snowscape|[upkeep]\n|-heal|p2a: Zamazenta|34/100|[from] item: Leftovers\n|upkeep\n|turn|24\n|\n|t:|1771236841\n|move|p2a: Zamazenta|Body Press|p1a: Great Tusk\n|-damage|p1a: Great Tusk|1/100\n|-damage|p2a: Zamazenta|17/100|[from] item: Rocky Helmet|[of] p1a: Great Tusk\n|move|p1a: Great Tusk|Stealth Rock|p2a: Zamazenta\n|-sidestart|p2: nautillect|move: Stealth Rock\n|\n|-weather|none\n|-heal|p2a: Zamazenta|23/100|[from] item: Leftovers\n|upkeep\n|turn|25\n|\n|t:|1771236856\n|move|p2a: Zamazenta|Iron Defense|p2a: Zamazenta\n|-boost|p2a: Zamazenta|def|2\n|move|p1a: Great Tusk|Headlong Rush|p2a: Zamazenta\n|-damage|p2a: Zamazenta|8/100\n|-unboost|p1a: Great Tusk|def|1\n|-unboost|p1a: Great Tusk|spd|1\n|\n|-heal|p2a: Zamazenta|15/100|[from] item: Leftovers\n|upkeep\n|turn|26\n|\n|t:|1771236867\n|move|p2a: Zamazenta|Body Press|p1a: Great Tusk\n|-damage|p1a: Great Tusk|0 fnt\n|-damage|p2a: Zamazenta|0 fnt|[from] item: Rocky Helmet|[of] p1a: Great Tusk\n|faint|p1a: Great Tusk\n|-end|p1a: Great Tusk|Protosynthesis|[silent]\n|faint|p2a: Zamazenta\n|\n|upkeep\n|\n|t:|1771236874\n|switch|p2a: Hoopa|Hoopa-Unbound|30/100\n|switch|p1a: Ogerpon|Ogerpon-Wellspring, F|100/100\n|-damage|p2a: Hoopa|18/100|[from] Stealth Rock\n|turn|27\n|-message|nautillect forfeited.\n|\n|win|fluffycool\n|raw|fluffycool's rating: 1589 &rarr; <strong>1607</strong><br />(+18 for winning)\n|raw|nautillect's rating: 1548 &rarr; <strong>1530</strong><br />(-18 for losing)\n|l|☆nautillect\n|player|p2|\n", "uploadtime": 1771237041, "views": 7, "formatid": "gen9ou", "rating": 1530, "private": 0, "password": null}