{"id": "gen9ou-2647721164", "format": "[Gen 9] OU", "players": ["Enderian67", "Yisso"], "log": "|j|☆Enderian67\n|j|☆Yisso\n|t:|1783801548\n|gametype|singles\n|player|p1|Enderian67|lida|\n|player|p2|Yisso|steven-masters|\n|gen|9\n|tier|[Gen 9] OU\n|rule|HP Percentage Mod: HP is shown in percentages\n|rule|Endless Battle Clause: Forcing endless battles is banned\n|rule|Species Clause: Limit one of each Pokémon\n|rule|OHKO Clause: OHKO moves are banned\n|rule|Evasion Items Clause: Evasion items are banned\n|rule|Evasion Moves Clause: Evasion moves are banned\n|rule|Evasion Abilities Clause: Evasion abilities are banned\n|rule|Sleep Moves Clause: Sleep-inducing moves are banned\n|clearpoke\n|poke|p1|Zapdos|\n|poke|p1|Great Tusk|\n|poke|p1|Gholdengo|\n|poke|p1|Kingambit, M|\n|poke|p1|Dragapult, F|\n|poke|p1|Rillaboom, F|\n|poke|p2|Cresselia, F|\n|poke|p2|Samurott-Hisui, M|\n|poke|p2|Garchomp, M|\n|poke|p2|Great Tusk|\n|poke|p2|Gholdengo|\n|poke|p2|Zamazenta-*|\n|teampreview\n|inactive|Battle timer is ON: inactive players will automatically lose when time's up. (requested by Yisso)\n|c|☆Yisso|glhf\n|c|☆Enderian67|glhf\n|inactive|Yisso has 270 seconds left.\n|\n|t:|1783801588\n|teamsize|p1|6\n|teamsize|p2|6\n|start\n|switch|p1a: Rillaboom|Rillaboom, F|100/100\n|switch|p2a: Samurott|Samurott-Hisui, M, shiny|100/100\n|-fieldstart|move: Grassy Terrain|[from] ability: Grassy Surge|[of] p1a: Rillaboom\n|turn|1\n|\n|t:|1783801600\n|move|p1a: Rillaboom|Grassy Glide|p2a: Samurott\n|-supereffective|p2a: Samurott\n|-damage|p2a: Samurott|10/100\n|move|p2a: Samurott|Knock Off|p1a: Rillaboom\n|-damage|p1a: Rillaboom|63/100\n|-enditem|p1a: Rillaboom|Assault Vest|[from] move: Knock Off|[of] p2a: Samurott\n|\n|-heal|p2a: Samurott|16/100|[from] Grassy Terrain\n|-heal|p1a: Rillaboom|70/100|[from] Grassy Terrain\n|upkeep\n|turn|2\n|\n|t:|1783801621\n|switch|p2a: Gholdengo|Gholdengo|100/100\n|move|p1a: Rillaboom|U-turn|p2a: Gholdengo\n|-resisted|p2a: Gholdengo\n|-damage|p2a: Gholdengo|94/100\n|\n|t:|1783801631\n|switch|p1a: Great Tusk|Great Tusk|100/100|[from] U-turn\n|\n|-heal|p2a: Gholdengo|99/100|[from] Grassy Terrain\n|upkeep\n|turn|3\n|\n|t:|1783801640\n|move|p2a: Gholdengo|Trick|p1a: Great Tusk\n|-activate|p2a: Gholdengo|move: Trick|[of] p1a: Great Tusk\n|-item|p1a: Great Tusk|Choice Scarf|[from] move: Trick\n|-item|p2a: Gholdengo|Leftovers|[from] move: Trick\n|move|p1a: Great Tusk|Knock Off|p2a: Gholdengo\n|-supereffective|p2a: Gholdengo\n|-damage|p2a: Gholdengo|32/100\n|-enditem|p2a: Gholdengo|Leftovers|[from] move: Knock Off|[of] p1a: Great Tusk\n|\n|-heal|p2a: Gholdengo|38/100|[from] Grassy Terrain\n|upkeep\n|turn|4\n|c|☆Yisso|knock great tusk\n|c|☆Enderian67|yep\n|c|☆Yisso|i didn't even know it learned that\n|\n|t:|1783801669\n|switch|p2a: Zamazenta|Zamazenta|100/100\n|-ability|p2a: Zamazenta|Dauntless Shield|boost\n|-boost|p2a: Zamazenta|def|1\n|move|p1a: Great Tusk|Knock Off|p2a: Zamazenta\n|-resisted|p2a: Zamazenta\n|-damage|p2a: Zamazenta|94/100\n|-enditem|p2a: Zamazenta|Leftovers|[from] move: Knock Off|[of] p1a: Great Tusk\n|\n|-heal|p2a: Zamazenta|99/100|[from] Grassy Terrain\n|upkeep\n|turn|5\n|\n|t:|1783801674\n|-end|p1a: Great Tusk|Protosynthesis|[silent]\n|switch|p1a: Gholdengo|Gholdengo|100/100\n|-item|p1a: Gholdengo|Air Balloon\n|move|p2a: Zamazenta|Iron Defense|p2a: Zamazenta\n|-boost|p2a: Zamazenta|def|2\n|\n|-heal|p2a: Zamazenta|100/100|[from] Grassy Terrain\n|-fieldend|move: Grassy Terrain\n|upkeep\n|turn|6\n|\n|t:|1783801683\n|-terastallize|p1a: Gholdengo|Steel\n|move|p2a: Zamazenta|Crunch|p1a: Gholdengo\n|-damage|p1a: Gholdengo|74/100\n|-enditem|p1a: Gholdengo|Air Balloon\n|move|p1a: Gholdengo|Make It Rain|p2a: Zamazenta\n|-damage|p2a: Zamazenta|29/100\n|-unboost|p1a: Gholdengo|spa|1\n|\n|upkeep\n|turn|7\n|\n|t:|1783801691\n|switch|p1a: Great Tusk|Great Tusk|100/100\n|move|p2a: Zamazenta|Body Press|p1a: Great Tusk\n|-damage|p1a: Great Tusk|60/100\n|\n|upkeep\n|turn|8\n|\n|t:|1783801699\n|switch|p2a: Garchomp|Garchomp, M|100/100\n|-end|p1a: Great Tusk|Protosynthesis|[silent]\n|switch|p1a: Dragapult|Dragapult, F|100/100\n|\n|upkeep\n|turn|9\n|\n|t:|1783801703\n|move|p1a: Dragapult|Draco Meteor|p2a: Garchomp\n|-supereffective|p2a: Garchomp\n|-damage|p2a: Garchomp|1/100\n|-unboost|p1a: Dragapult|spa|2\n|move|p2a: Garchomp|Dragon Tail|p1a: Dragapult\n|-supereffective|p1a: Dragapult\n|-damage|p1a: Dragapult|25/100\n|drag|p1a: Great Tusk|Great Tusk|60/100\n|\n|upkeep\n|turn|10\n|c|☆Yisso|defintely evd fot that\n|\n|t:|1783801730\n|move|p1a: Great Tusk|Knock Off|p2a: Garchomp\n|-damage|p2a: Garchomp|0 fnt\n|-damage|p1a: Great Tusk|48/100|[from] ability: Rough Skin|[of] p2a: Garchomp\n|-damage|p1a: Great Tusk|31/100|[from] item: Rocky Helmet|[of] p2a: Garchomp\n|-enditem|p2a: Garchomp|Rocky Helmet|[from] move: Knock Off|[of] p1a: Great Tusk\n|faint|p2a: Garchomp\n|\n|upkeep\n|inactive|Yisso has 270 seconds left.\n|\n|t:|1783801751\n|switch|p2a: Zamazenta|Zamazenta|29/100\n|turn|11\n|\n|t:|1783801759\n|-end|p1a: Great Tusk|Protosynthesis|[silent]\n|switch|p1a: Zapdos|Zapdos|100/100\n|-ability|p1a: Zapdos|Pressure\n|move|p2a: Zamazenta|Iron Defense|p2a: Zamazenta\n|-boost|p2a: Zamazenta|def|2\n|\n|upkeep\n|turn|12\n|\n|t:|1783801766\n|move|p2a: Zamazenta|Body Press|p1a: Zapdos\n|-resisted|p1a: Zapdos\n|-damage|p1a: Zapdos|55/100\n|move|p1a: Zapdos|Volt Switch|p2a: Zamazenta\n|-damage|p2a: Zamazenta|0 fnt\n|faint|p2a: Zamazenta\n|\n|t:|1783801772\n|switch|p1a: Dragapult|Dragapult, F|25/100|[from] Volt Switch\n|\n|upkeep\n|c|☆Yisso|i might be cooked\n|\n|t:|1783801785\n|switch|p2a: Samurott|Samurott-Hisui, M, shiny|16/100\n|turn|13\n|c|☆Enderian67|maybe\n|\n|t:|1783801790\n|switch|p1a: Kingambit|Kingambit, M|100/100\n|move|p2a: Samurott|Ceaseless Edge|p1a: Kingambit\n|-resisted|p1a: Kingambit\n|-damage|p1a: Kingambit|87/100\n|-sidestart|p1: Enderian67|Spikes\n|\n|upkeep\n|turn|14\n|\n|t:|1783801799\n|move|p2a: Samurott|Ceaseless Edge|p1a: Kingambit\n|-resisted|p1a: Kingambit\n|-damage|p1a: Kingambit|72/100\n|-sidestart|p1: Enderian67|Spikes\n|move|p1a: Kingambit|Swords Dance|p1a: Kingambit\n|-boost|p1a: Kingambit|atk|2\n|\n|upkeep\n|turn|15\n|c|☆Yisso|well shit\n|\n|t:|1783801810\n|move|p2a: Samurott|Knock Off|p1a: Kingambit\n|-resisted|p1a: Kingambit\n|-damage|p1a: Kingambit|57/100\n|-enditem|p1a: Kingambit|Black Glasses|[from] move: Knock Off|[of] p2a: Samurott\n|move|p1a: Kingambit|Low Sweep|p2a: Samurott\n|-supereffective|p2a: Samurott\n|-damage|p2a: Samurott|0 fnt\n|faint|p2a: Samurott\n|\n|upkeep\n|\n|t:|1783801814\n|switch|p2a: Great Tusk|Great Tusk|100/100\n|turn|16\n|j| XdTheplaguedoctor\n|c| XdTheplaguedoctor|win thus lumi\\\n|c| XdTheplaguedoctor|for average guy\n|inactive|Yisso has 270 seconds left.\n|c| XdTheplaguedoctor|for the plot\n|\n|t:|1783801856\n|-end|p1a: Kingambit|fallenundefined|[silent]\n|switch|p1a: Zapdos|Zapdos|55/100\n|-ability|p1a: Zapdos|Pressure\n|move|p2a: Great Tusk|Rapid Spin|p1a: Zapdos\n|-damage|p1a: Zapdos|30/100\n|-boost|p2a: Great Tusk|spe|1\n|\n|upkeep\n|turn|17\n|c|☆Yisso|got your ass\n|\n|t:|1783801869\n|move|p2a: Great Tusk|Ice Spinner|p1a: Zapdos\n|-supereffective|p1a: Zapdos\n|-damage|p1a: Zapdos|0 fnt\n|faint|p1a: Zapdos\n|\n|upkeep\n|\n|t:|1783801872\n|switch|p1a: Rillaboom|Rillaboom, F|70/100\n|-damage|p1a: Rillaboom|53/100|[from] Spikes\n|-fieldstart|move: Grassy Terrain|[from] ability: Grassy Surge|[of] p1a: Rillaboom\n|turn|18\n|\n|t:|1783801876\n|-terastallize|p2a: Great Tusk|Steel\n|move|p1a: Rillaboom|Grassy Glide|p2a: Great Tusk\n|-resisted|p2a: Great Tusk\n|-damage|p2a: Great Tusk|86/100\n|move|p2a: Great Tusk|Ice Spinner|p1a: Rillaboom\n|-supereffective|p1a: Rillaboom\n|-damage|p1a: Rillaboom|0 fnt\n|-fieldend|move: Grassy Terrain\n|faint|p1a: Rillaboom\n|\n|upkeep\n|\n|t:|1783801884\n|switch|p1a: Dragapult|Dragapult, F|25/100\n|-damage|p1a: Dragapult|8/100|[from] Spikes\n|turn|19\n|\n|t:|1783801895\n|-end|p2a: Great Tusk|Protosynthesis|[silent]\n|switch|p2a: Gholdengo|Gholdengo|38/100\n|move|p1a: Dragapult|Flamethrower|p2a: Gholdengo\n|-supereffective|p2a: Gholdengo\n|-damage|p2a: Gholdengo|0 fnt\n|faint|p2a: Gholdengo\n|\n|upkeep\n|\n|t:|1783801897\n|switch|p2a: Cresselia|Cresselia, F|100/100\n|turn|20\n|\n|t:|1783801910\n|switch|p1a: Kingambit|Kingambit, M|57/100\n|-damage|p1a: Kingambit|40/100|[from] Spikes\n|-activate|p1a: Kingambit|ability: Supreme Overlord\n|-start|p1a: Kingambit|fallen2|[silent]\n|move|p2a: Cresselia|Stored Power|p1a: Kingambit\n|-immune|p1a: Kingambit\n|\n|upkeep\n|turn|21\n|\n|t:|1783801922\n|move|p1a: Kingambit|Sucker Punch|p2a: Cresselia\n|-supereffective|p2a: Cresselia\n|-crit|p2a: Cresselia\n|-damage|p2a: Cresselia|13/100\n|move|p2a: Cresselia|Moonblast|p1a: Kingambit\n|-damage|p1a: Kingambit|23/100\n|\n|upkeep\n|turn|22\n|\n|t:|1783801929\n|move|p1a: Kingambit|Sucker Punch||[still]\n|-fail|p1a: Kingambit\n|move|p2a: Cresselia|Moonlight|p2a: Cresselia\n|-heal|p2a: Cresselia|63/100\n|\n|upkeep\n|turn|23\n|\n|t:|1783801937\n|move|p1a: Kingambit|Sucker Punch|p2a: Cresselia\n|-supereffective|p2a: Cresselia\n|-damage|p2a: Cresselia|10/100\n|move|p2a: Cresselia|Moonblast|p1a: Kingambit\n|-damage|p1a: Kingambit|8/100\n|\n|upkeep\n|turn|24\n|\n|t:|1783801942\n|move|p2a: Cresselia|Moonlight|p2a: Cresselia\n|-heal|p2a: Cresselia|60/100\n|move|p1a: Kingambit|Iron Head|p2a: Cresselia\n|-damage|p2a: Cresselia|28/100\n|\n|upkeep\n|turn|25\n|\n|t:|1783801946\n|move|p1a: Kingambit|Sucker Punch||[still]\n|-fail|p1a: Kingambit\n|move|p2a: Cresselia|Moonlight|p2a: Cresselia\n|-heal|p2a: Cresselia|78/100\n|\n|upkeep\n|turn|26\n|c| XdTheplaguedoctor|uhh\n|c|☆Yisso|no kowtow is crazy\n|c| XdTheplaguedoctor|tbf\n|\n|t:|1783801970\n|move|p1a: Kingambit|Sucker Punch||[still]\n|-fail|p1a: Kingambit\n|move|p2a: Cresselia|Calm Mind|p2a: Cresselia\n|-boost|p2a: Cresselia|spa|1\n|-boost|p2a: Cresselia|spd|1\n|\n|upkeep\n|turn|27\n|c| XdTheplaguedoctor|gambit suffers from 4 move syndrome\n|c| XdTheplaguedoctor|ok bro that was obv\n|\n|t:|1783801981\n|move|p1a: Kingambit|Sucker Punch||[still]\n|-fail|p1a: Kingambit\n|move|p2a: Cresselia|Calm Mind|p2a: Cresselia\n|-boost|p2a: Cresselia|spa|1\n|-boost|p2a: Cresselia|spd|1\n|\n|upkeep\n|turn|28\n|c|☆Yisso|i'm in your head\n|\n|t:|1783801993\n|move|p1a: Kingambit|Sucker Punch|p2a: Cresselia\n|-supereffective|p2a: Cresselia\n|-damage|p2a: Cresselia|26/100\n|move|p2a: Cresselia|Moonblast|p1a: Kingambit\n|-damage|p1a: Kingambit|0 fnt\n|faint|p1a: Kingambit\n|-end|p1a: Kingambit|fallen2|[silent]\n|\n|upkeep\n|\n|t:|1783801998\n|switch|p1a: Gholdengo|Gholdengo, tera:Steel|74/100\n|-damage|p1a: Gholdengo|58/100|[from] Spikes\n|turn|29\n|\n|t:|1783802006\n|move|p1a: Gholdengo|Nasty Plot|p1a: Gholdengo\n|-boost|p1a: Gholdengo|spa|2\n|move|p2a: Cresselia|Moonlight|p2a: Cresselia\n|-heal|p2a: Cresselia|76/100\n|\n|upkeep\n|turn|30\n|c| XdTheplaguedoctor|i am your head\n|\n|t:|1783802013\n|move|p1a: Gholdengo|Make It Rain|p2a: Cresselia\n|-damage|p2a: Cresselia|21/100\n|-unboost|p1a: Gholdengo|spa|1\n|move|p2a: Cresselia|Stored Power|p1a: Gholdengo\n|-resisted|p1a: Gholdengo\n|-damage|p1a: Gholdengo|27/100\n|\n|upkeep\n|turn|31\n|\n|t:|1783802026\n|move|p1a: Gholdengo|Make It Rain|p2a: Cresselia\n|-damage|p2a: Cresselia|0 fnt\n|-unboost|p1a: Gholdengo|spa|1\n|faint|p2a: Cresselia\n|\n|upkeep\n|\n|t:|1783802028\n|switch|p2a: Great Tusk|Great Tusk, tera:Steel|86/100\n|turn|32\n|\n|t:|1783802035\n|move|p1a: Gholdengo|Shadow Ball|p2a: Great Tusk\n|-damage|p2a: Great Tusk|41/100\n|move|p2a: Great Tusk|Rapid Spin|p1a: Gholdengo\n|-resisted|p1a: Gholdengo\n|-damage|p1a: Gholdengo|17/100\n|-boost|p2a: Great Tusk|spe|1\n|\n|upkeep\n|turn|33\n|\n|t:|1783802047\n|move|p2a: Great Tusk|Headlong Rush|p1a: Gholdengo\n|-supereffective|p1a: Gholdengo\n|-damage|p1a: Gholdengo|0 fnt\n|-unboost|p2a: Great Tusk|def|1\n|-unboost|p2a: Great Tusk|spd|1\n|faint|p1a: Gholdengo\n|\n|upkeep\n|\n|t:|1783802052\n|switch|p1a: Great Tusk|Great Tusk|31/100\n|-damage|p1a: Great Tusk|15/100|[from] Spikes\n|turn|34\n|\n|t:|1783802057\n|move|p2a: Great Tusk|Headlong Rush|p1a: Great Tusk\n|-damage|p1a: Great Tusk|0 fnt\n|-unboost|p2a: Great Tusk|def|1\n|-unboost|p2a: Great Tusk|spd|1\n|faint|p1a: Great Tusk\n|-end|p1a: Great Tusk|Protosynthesis|[silent]\n|\n|upkeep\n|\n|t:|1783802058\n|switch|p1a: Dragapult|Dragapult, F|8/100\n|-damage|p1a: Dragapult|0 fnt|[from] Spikes\n|faint|p1a: Dragapult\n|\n|win|Yisso\n|c|☆Yisso|gg\n|c|☆Enderian67|ggs wp\n", "uploadtime": 1783802067, "views": 8, "formatid": "gen9ou", "rating": null, "private": 0, "password": null}