{"id": "gen9ou-2640003382", "format": "[Gen 9] OU", "players": ["Pinkacross", "Severalwriter"], "log": "|badge|p1|silver|gen9ou|30-9\n|html|<div class=\"broadcast-red\"><strong>This battle is required to be public due to one or more player having a season medal.</strong><br />During the public phase, you can discuss the state of the ladder <a href=\"/seasondiscussion\">in a special chatroom.</a></div>\n|uhtml|medal-msg|<div class=\"broadcast-blue\">Curious what those medals under the avatar are? PS now has Ladder Seasons! For more information, check out the <a href=\"https://www.smogon.com/forums/threads/3740067/\">thread on Smogon.</a></div>\n|badge|p2|bronze|gen9ou|100-9\n|uhtml|medal-msg|<div class=\"broadcast-blue\">Curious what those medals under the avatar are? PS now has Ladder Seasons! For more information, check out the <a href=\"https://www.smogon.com/forums/threads/3740067/\">thread on Smogon.</a></div>\n|raw|<div class=\"broadcast-blue\"><strong>This battle is required to be public due to a player having a name starting with 'medal'.</div>\n|j|☆Pinkacross\n|j|☆Severalwriter\n|t:|1782561968\n|gametype|singles\n|player|p1|Pinkacross|artist|1889\n|player|p2|Severalwriter|flannery|1824\n|gen|9\n|tier|[Gen 9] OU\n|rated|\n|rule|HP Percentage Mod: HP is shown in percentages\n|rule|Endless Battle Clause: Forcing endless battles is banned\n|rule|Species Clause: Limit one of each Pokémon\n|rule|OHKO Clause: OHKO moves are banned\n|rule|Evasion Items Clause: Evasion items are banned\n|rule|Evasion Moves Clause: Evasion moves are banned\n|rule|Evasion Abilities Clause: Evasion abilities are banned\n|rule|Sleep Moves Clause: Sleep-inducing moves are banned\n|clearpoke\n|poke|p1|Deoxys-Speed|\n|poke|p1|Araquanid, F|\n|poke|p1|Zamazenta-*|\n|poke|p1|Gholdengo|\n|poke|p1|Enamorus, F|\n|poke|p1|Iron Treads|\n|poke|p2|Great Tusk|\n|poke|p2|Kyurem|\n|poke|p2|Zapdos|\n|poke|p2|Ogerpon-Wellspring, F|\n|poke|p2|Landorus-Therian, M|\n|poke|p2|Gholdengo|\n|teampreview\n|inactive|Battle timer is ON: inactive players will automatically lose when time's up. (requested by Severalwriter)\n|c|☆Pinkacross|hf\n|\n|t:|1782561995\n|teamsize|p1|6\n|teamsize|p2|6\n|start\n|switch|p1a: Araquanid|Araquanid, F|100/100\n|switch|p2a: Zapdos|Zapdos|100/100\n|turn|1\n|\n|t:|1782562011\n|move|p2a: Zapdos|Hurricane|p1a: Araquanid|[miss]\n|-miss|p2a: Zapdos|p1a: Araquanid\n|move|p1a: Araquanid|Sticky Web|p2a: Zapdos\n|-sidestart|p2: Severalwriter|move: Sticky Web\n|\n|upkeep\n|turn|2\n|\n|t:|1782562019\n|switch|p1a: Iron Treads|Iron Treads|100/100\n|-enditem|p1a: Iron Treads|Booster Energy\n|-activate|p1a: Iron Treads|ability: Quark Drive|[fromitem]\n|-start|p1a: Iron Treads|quarkdriveatk\n|move|p2a: Zapdos|Hurricane|p1a: Iron Treads\n|-resisted|p1a: Iron Treads\n|-damage|p1a: Iron Treads|44/100\n|\n|upkeep\n|turn|3\n|\n|t:|1782562029\n|move|p2a: Zapdos|Hurricane|p1a: Iron Treads\n|-resisted|p1a: Iron Treads\n|-damage|p1a: Iron Treads|0 fnt\n|faint|p1a: Iron Treads\n|-end|p1a: Iron Treads|Quark Drive|[silent]\n|\n|upkeep\n|\n|t:|1782562031\n|switch|p1a: Deoxys|Deoxys-Speed|100/100\n|-ability|p1a: Deoxys|Pressure\n|turn|4\n|\n|t:|1782562042\n|switch|p2a: Gholdengo|Gholdengo|100/100\n|-activate|p2a: Gholdengo|move: Sticky Web\n|-unboost|p2a: Gholdengo|spe|1\n|-terastallize|p1a: Deoxys|Electric\n|move|p1a: Deoxys|Nasty Plot|p1a: Deoxys\n|-boost|p1a: Deoxys|spa|2\n|\n|upkeep\n|turn|5\n|\n|t:|1782562052\n|switch|p2a: Landorus|Landorus-Therian, M|100/100\n|-ability|p2a: Landorus|Intimidate|boost\n|-unboost|p1a: Deoxys|atk|1\n|move|p1a: Deoxys|Thunderbolt|p2a: Landorus\n|-immune|p2a: Landorus\n|\n|upkeep\n|turn|6\n|\n|t:|1782562058\n|switch|p1a: Enamorus|Enamorus, F|100/100\n|-terastallize|p2a: Landorus|Water\n|move|p2a: Landorus|Earthquake|p1a: Enamorus\n|-immune|p1a: Enamorus\n|\n|upkeep\n|turn|7\n|\n|t:|1782562068\n|move|p1a: Enamorus|Moonblast|p2a: Landorus\n|-damage|p2a: Landorus|50/100\n|-damage|p1a: Enamorus|91/100|[from] item: Life Orb\n|move|p2a: Landorus|Smack Down|p1a: Enamorus\n|-supereffective|p1a: Enamorus\n|-damage|p1a: Enamorus|40/100\n|-start|p1a: Enamorus|Smack Down\n|\n|-heal|p2a: Landorus|57/100|[from] item: Leftovers\n|upkeep\n|turn|8\n|\n|t:|1782562086\n|switch|p2a: Gholdengo|Gholdengo|100/100\n|-activate|p2a: Gholdengo|move: Sticky Web\n|-unboost|p2a: Gholdengo|spe|1\n|move|p1a: Enamorus|Moonblast|p2a: Gholdengo\n|-resisted|p2a: Gholdengo\n|-damage|p2a: Gholdengo|65/100\n|-damage|p1a: Enamorus|31/100|[from] item: Life Orb\n|\n|-heal|p2a: Gholdengo|71/100|[from] item: Leftovers\n|upkeep\n|turn|9\n|\n|t:|1782562092\n|switch|p2a: Zapdos|Zapdos|100/100\n|move|p1a: Enamorus|Earth Power|p2a: Zapdos\n|-immune|p2a: Zapdos\n|\n|upkeep\n|turn|10\n|\n|t:|1782562097\n|move|p2a: Zapdos|Volt Switch|p1a: Enamorus\n|-supereffective|p1a: Enamorus\n|-damage|p1a: Enamorus|0 fnt\n|faint|p1a: Enamorus\n|\n|t:|1782562112\n|switch|p2a: Ogerpon|Ogerpon-Wellspring, F|100/100|[from] Volt Switch\n|-activate|p2a: Ogerpon|move: Sticky Web\n|-unboost|p2a: Ogerpon|spe|1\n|\n|upkeep\n|j| Kathryne Keyron\n|\n|t:|1782562116\n|switch|p1a: Zamazenta|Zamazenta|100/100\n|-ability|p1a: Zamazenta|Dauntless Shield|boost\n|-boost|p1a: Zamazenta|def|1\n|turn|11\n|\n|t:|1782562131\n|switch|p2a: Landorus|Landorus-Therian, M, tera:Water|57/100\n|-activate|p2a: Landorus|move: Sticky Web\n|-unboost|p2a: Landorus|spe|1\n|-ability|p2a: Landorus|Intimidate|boost\n|-unboost|p1a: Zamazenta|atk|1\n|move|p1a: Zamazenta|Reflect|p1a: Zamazenta\n|-sidestart|p1: Pinkacross|Reflect\n|\n|-heal|p2a: Landorus|63/100|[from] item: Leftovers\n|upkeep\n|turn|12\n|\n|t:|1782562146\n|move|p1a: Zamazenta|Light Screen|p1a: Zamazenta\n|-sidestart|p1: Pinkacross|move: Light Screen\n|move|p2a: Landorus|Stealth Rock|p1a: Zamazenta\n|-sidestart|p1: Pinkacross|move: Stealth Rock\n|\n|-heal|p2a: Landorus|69/100|[from] item: Leftovers\n|upkeep\n|turn|13\n|\n|t:|1782562151\n|switch|p1a: Gholdengo|Gholdengo|100/100\n|-damage|p1a: Gholdengo|94/100|[from] Stealth Rock\n|move|p2a: Landorus|U-turn|p1a: Gholdengo\n|-resisted|p1a: Gholdengo\n|-damage|p1a: Gholdengo|92/100\n|inactive|Severalwriter has 120 seconds left.\n|\n|t:|1782562202\n|switch|p2a: Great Tusk|Great Tusk|100/100|[from] U-turn\n|-activate|p2a: Great Tusk|move: Sticky Web\n|-unboost|p2a: Great Tusk|spe|1\n|\n|upkeep\n|turn|14\n|\n|t:|1782562214\n|move|p1a: Gholdengo|Make It Rain|p2a: Great Tusk\n|-damage|p2a: Great Tusk|0 fnt\n|-unboost|p1a: Gholdengo|spa|1\n|faint|p2a: Great Tusk\n|-end|p2a: Great Tusk|Protosynthesis|[silent]\n|\n|upkeep\n|\n|t:|1782562218\n|switch|p2a: Ogerpon|Ogerpon-Wellspring, F|100/100\n|-activate|p2a: Ogerpon|move: Sticky Web\n|-unboost|p2a: Ogerpon|spe|1\n|turn|15\n|\n|t:|1782562224\n|switch|p1a: Araquanid|Araquanid, F|100/100\n|-damage|p1a: Araquanid|76/100|[from] Stealth Rock\n|move|p2a: Ogerpon|Swords Dance|p2a: Ogerpon\n|-boost|p2a: Ogerpon|atk|2\n|\n|upkeep\n|turn|16\n|\n|t:|1782562229\n|move|p2a: Ogerpon|Power Whip|p1a: Araquanid\n|-damage|p1a: Araquanid|0 fnt\n|faint|p1a: Araquanid\n|\n|upkeep\n|\n|t:|1782562233\n|switch|p1a: Zamazenta|Zamazenta|100/100\n|-damage|p1a: Zamazenta|94/100|[from] Stealth Rock\n|turn|17\n|\n|t:|1782562240\n|move|p1a: Zamazenta|Close Combat|p2a: Ogerpon\n|-damage|p2a: Ogerpon|34/100\n|-unboost|p1a: Zamazenta|def|1\n|-unboost|p1a: Zamazenta|spd|1\n|move|p2a: Ogerpon|Ivy Cudgel|p1a: Zamazenta|[anim] Ivy Cudgel Water\n|-damage|p1a: Zamazenta|24/100\n|\n|upkeep\n|turn|18\n|\n|t:|1782562255\n|switch|p2a: Zapdos|Zapdos|100/100\n|move|p1a: Zamazenta|Close Combat|p2a: Zapdos\n|-resisted|p2a: Zapdos\n|-damage|p2a: Zapdos|70/100\n|-unboost|p1a: Zamazenta|def|1\n|-unboost|p1a: Zamazenta|spd|1\n|\n|-sideend|p1: Pinkacross|Reflect\n|upkeep\n|turn|19\n|\n|t:|1782562266\n|switch|p1a: Gholdengo|Gholdengo|92/100\n|-damage|p1a: Gholdengo|86/100|[from] Stealth Rock\n|move|p2a: Zapdos|Volt Switch|p1a: Gholdengo\n|-damage|p1a: Gholdengo|54/100\n|\n|t:|1782562283\n|switch|p2a: Landorus|Landorus-Therian, M, tera:Water|69/100|[from] Volt Switch\n|-activate|p2a: Landorus|move: Sticky Web\n|-unboost|p2a: Landorus|spe|1\n|-ability|p2a: Landorus|Intimidate|boost\n|-unboost|p1a: Gholdengo|atk|1\n|\n|-heal|p2a: Landorus|75/100|[from] item: Leftovers\n|-sideend|p1: Pinkacross|move: Light Screen\n|upkeep\n|turn|20\n|\n|t:|1782562289\n|move|p1a: Gholdengo|Thunderbolt|p2a: Landorus\n|-supereffective|p2a: Landorus\n|-damage|p2a: Landorus|20/100\n|move|p2a: Landorus|Earthquake|p1a: Gholdengo\n|-supereffective|p1a: Gholdengo\n|-damage|p1a: Gholdengo|0 fnt\n|faint|p1a: Gholdengo\n|\n|-heal|p2a: Landorus|26/100|[from] item: Leftovers\n|upkeep\n|\n|t:|1782562291\n|switch|p1a: Zamazenta|Zamazenta|24/100\n|-damage|p1a: Zamazenta|18/100|[from] Stealth Rock\n|turn|21\n|\n|t:|1782562321\n|move|p1a: Zamazenta|Reflect|p1a: Zamazenta\n|-sidestart|p1: Pinkacross|Reflect\n|move|p2a: Landorus|Earthquake|p1a: Zamazenta\n|-damage|p1a: Zamazenta|0 fnt\n|faint|p1a: Zamazenta\n|\n|-heal|p2a: Landorus|32/100|[from] item: Leftovers\n|upkeep\n|\n|t:|1782562325\n|switch|p1a: Deoxys|Deoxys-Speed, tera:Electric|100/100\n|-damage|p1a: Deoxys|88/100|[from] Stealth Rock\n|-ability|p1a: Deoxys|Pressure\n|turn|22\n|\n|t:|1782562329\n|move|p1a: Deoxys|Nasty Plot|p1a: Deoxys\n|-boost|p1a: Deoxys|spa|2\n|move|p2a: Landorus|Earthquake|p1a: Deoxys\n|-supereffective|p1a: Deoxys\n|-damage|p1a: Deoxys|20/100\n|\n|-heal|p2a: Landorus|38/100|[from] item: Leftovers\n|upkeep\n|turn|23\n|\n|t:|1782562332\n|move|p1a: Deoxys|Thunderbolt|p2a: Landorus\n|-supereffective|p2a: Landorus\n|-damage|p2a: Landorus|0 fnt\n|faint|p2a: Landorus\n|-damage|p1a: Deoxys|11/100|[from] item: Life Orb\n|\n|upkeep\n|\n|t:|1782562338\n|switch|p2a: Kyurem|Kyurem|100/100\n|-activate|p2a: Kyurem|move: Sticky Web\n|-unboost|p2a: Kyurem|spe|1\n|-ability|p2a: Kyurem|Pressure\n|turn|24\n|\n|t:|1782562348\n|move|p1a: Deoxys|Ice Beam|p2a: Kyurem\n|-damage|p2a: Kyurem|62/100\n|-damage|p1a: Deoxys|1/100|[from] item: Life Orb\n|move|p2a: Kyurem|Earth Power|p1a: Deoxys\n|-supereffective|p1a: Deoxys\n|-damage|p1a: Deoxys|0 fnt\n|faint|p1a: Deoxys\n|\n|win|Severalwriter\n|raw|Pinkacross's rating: 1889 &rarr; <strong>1865</strong><br />(-24 for losing)\n|raw|Severalwriter's rating: 1824 &rarr; <strong>1848</strong><br />(+24 for winning)\n|c|☆Severalwriter|gg\n|c|☆Pinkacross|gg\n|l|☆Pinkacross\n|player|p1|\n", "uploadtime": 1782562367, "views": 10, "formatid": "gen9ou", "rating": 1848, "private": 0, "password": null}