{"id": "gen9ou-2647803671", "format": "[Gen 9] OU", "players": ["sir.doff", "KarkouTheWeirdo"], "log": "|j|☆sir.doff\n|j|☆KarkouTheWeirdo\n|t:|1783815449\n|gametype|singles\n|player|p1|sir.doff|gentleman-gen4|1165\n|player|p2|KarkouTheWeirdo|266|1170\n|gen|9\n|tier|[Gen 9] OU\n|rated|\n|rule|HP Percentage Mod: HP is shown in percentages\n|rule|Endless Battle Clause: Forcing endless battles is banned\n|rule|Species Clause: Limit one of each Pokémon\n|rule|OHKO Clause: OHKO moves are banned\n|rule|Evasion Items Clause: Evasion items are banned\n|rule|Evasion Moves Clause: Evasion moves are banned\n|rule|Evasion Abilities Clause: Evasion abilities are banned\n|rule|Sleep Moves Clause: Sleep-inducing moves are banned\n|clearpoke\n|poke|p1|Pelipper, F|\n|poke|p1|Ludicolo, M|\n|poke|p1|Barraskewda, M|\n|poke|p1|Raging Bolt|\n|poke|p1|Iron Treads|\n|poke|p1|Overqwil, F|\n|poke|p2|Umbreon, F|\n|poke|p2|Kommo-o, M|\n|poke|p2|Mimikyu, M|\n|poke|p2|Ursaluna, M|\n|poke|p2|Morpeko, F|\n|poke|p2|Kilowattrel, F|\n|teampreview\n|\n|t:|1783815453\n|teamsize|p1|6\n|teamsize|p2|6\n|start\n|switch|p1a: Bocona|Pelipper, F|100/100\n|switch|p2a: Morpeko|Morpeko, F|100/100\n|-weather|RainDance|[from] ability: Drizzle|[of] p1a: Bocona\n|turn|1\n|\n|t:|1783815459\n|move|p2a: Morpeko|Aura Wheel|p1a: Bocona\n|-supereffective|p1a: Bocona\n|-damage|p1a: Bocona|0 fnt\n|-boost|p2a: Morpeko|spe|1\n|faint|p1a: Bocona\n|\n|-weather|RainDance|[upkeep]\n|-formechange|p2a: Morpeko|Morpeko-Hangry||[from] ability: Hunger Switch\n|upkeep\n|\n|t:|1783815464\n|switch|p1a: Overqwil|Overqwil, F|100/100\n|turn|2\n|\n|t:|1783815473\n|switch|p2a: Umbreon|Umbreon, F|100/100\n|move|p1a: Overqwil|Swords Dance|p1a: Overqwil\n|-boost|p1a: Overqwil|atk|2\n|\n|-weather|RainDance|[upkeep]\n|upkeep\n|turn|3\n|\n|t:|1783815479\n|move|p1a: Overqwil|Gunk Shot|p2a: Umbreon\n|-damage|p2a: Umbreon|31/100\n|move|p2a: Umbreon|Foul Play|p1a: Overqwil\n|-resisted|p1a: Overqwil\n|-damage|p1a: Overqwil|42/100\n|\n|-weather|RainDance|[upkeep]\n|-heal|p2a: Umbreon|37/100|[from] item: Leftovers\n|upkeep\n|turn|4\n|\n|t:|1783815485\n|move|p2a: Umbreon|Protect|p2a: Umbreon\n|-singleturn|p2a: Umbreon|Protect\n|move|p1a: Overqwil|Gunk Shot|p2a: Umbreon\n|-activate|p2a: Umbreon|move: Protect\n|\n|-weather|RainDance|[upkeep]\n|-heal|p2a: Umbreon|43/100|[from] item: Leftovers\n|upkeep\n|turn|5\n|\n|t:|1783815490\n|move|p1a: Overqwil|Gunk Shot|p2a: Umbreon\n|-damage|p2a: Umbreon|0 fnt\n|faint|p2a: Umbreon\n|\n|-weather|RainDance|[upkeep]\n|upkeep\n|\n|t:|1783815498\n|switch|p2a: Mimikyu|Mimikyu, M|100/100\n|turn|6\n|\n|t:|1783815509\n|move|p1a: Overqwil|Gunk Shot|p2a: Mimikyu\n|-activate|p2a: Mimikyu|ability: Disguise\n|-damage|p2a: Mimikyu|100/100\n|-status|p2a: Mimikyu|psn\n|detailschange|p2a: Mimikyu|Mimikyu-Busted, M\n|-damage|p2a: Mimikyu|88/100 psn|[from] pokemon: Mimikyu-Busted\n|-enditem|p2a: Mimikyu|Red Card|[of] p1a: Overqwil\n|drag|p1a: Tilápio|Barraskewda, M|100/100\n|move|p2a: Mimikyu|Trick Room|p2a: Mimikyu\n|-fieldstart|move: Trick Room|[of] p2a: Mimikyu\n|\n|-weather|RainDance|[upkeep]\n|-damage|p2a: Mimikyu|76/100 psn|[from] psn\n|upkeep\n|turn|7\n|\n|t:|1783815519\n|move|p2a: Mimikyu|Shadow Claw|p1a: Tilápio\n|-damage|p1a: Tilápio|54/100\n|move|p1a: Tilápio|Liquidation|p2a: Mimikyu\n|-damage|p2a: Mimikyu|4/100 psn\n|\n|-weather|RainDance|[upkeep]\n|-damage|p2a: Mimikyu|0 fnt|[from] psn\n|faint|p2a: Mimikyu\n|upkeep\n|\n|t:|1783815521\n|switch|p2a: Ursaluna|Ursaluna, M|100/100\n|turn|8\n|\n|t:|1783815525\n|move|p1a: Tilápio|Aqua Jet|p2a: Ursaluna\n|-supereffective|p2a: Ursaluna\n|-damage|p2a: Ursaluna|42/100\n|move|p2a: Ursaluna|Earthquake|p1a: Tilápio\n|-damage|p1a: Tilápio|0 fnt\n|faint|p1a: Tilápio\n|\n|-weather|none\n|-status|p2a: Ursaluna|brn|[from] item: Flame Orb\n|upkeep\n|\n|t:|1783815532\n|switch|p1a: Defante|Iron Treads|100/100\n|turn|9\n|\n|t:|1783815536\n|move|p2a: Ursaluna|Earthquake|p1a: Defante\n|-supereffective|p1a: Defante\n|-damage|p1a: Defante|0 fnt\n|faint|p1a: Defante\n|-end|p1a: Defante|Quark Drive|[silent]\n|\n|-damage|p2a: Ursaluna|36/100 brn|[from] brn\n|upkeep\n|\n|t:|1783815538\n|switch|p1a: Go Drinking|Ludicolo, M|100/100\n|turn|10\n|\n|t:|1783815541\n|move|p2a: Ursaluna|Facade|p1a: Go Drinking\n|-crit|p1a: Go Drinking\n|-damage|p1a: Go Drinking|0 fnt\n|faint|p1a: Go Drinking\n|\n|-damage|p2a: Ursaluna|30/100 brn|[from] brn\n|-fieldend|move: Trick Room\n|upkeep\n|\n|t:|1783815543\n|switch|p1a: Thor|Raging Bolt|100/100\n|-enditem|p1a: Thor|Booster Energy\n|-activate|p1a: Thor|ability: Protosynthesis|[fromitem]\n|-start|p1a: Thor|protosynthesisspa\n|turn|11\n|\n|t:|1783815547\n|-terastallize|p1a: Thor|Fairy\n|move|p1a: Thor|Dragon Pulse|p2a: Ursaluna\n|-damage|p2a: Ursaluna|0 fnt\n|faint|p2a: Ursaluna\n|\n|upkeep\n|\n|t:|1783815550\n|switch|p2a: Morpeko|Morpeko, F|100/100\n|turn|12\n|\n|t:|1783815557\n|move|p2a: Morpeko|Parting Shot|p1a: Thor\n|-unboost|p1a: Thor|atk|1\n|-unboost|p1a: Thor|spa|1\n|\n|t:|1783815559\n|switch|p2a: Kilowattrel|Kilowattrel, F|100/100|[from] Parting Shot\n|move|p1a: Thor|Dragon Pulse|p2a: Kilowattrel\n|-damage|p2a: Kilowattrel|26/100\n|\n|upkeep\n|turn|13\n|\n|t:|1783815587\n|-end|p1a: Thor|Protosynthesis|[silent]\n|switch|p1a: Overqwil|Overqwil, F|42/100\n|move|p2a: Kilowattrel|Thunderbolt|p1a: Overqwil\n|-damage|p1a: Overqwil|0 fnt\n|faint|p1a: Overqwil\n|\n|upkeep\n|\n|t:|1783815589\n|switch|p1a: Thor|Raging Bolt, tera:Fairy|100/100\n|turn|14\n|\n|t:|1783815602\n|move|p2a: Kilowattrel|Hurricane|p1a: Thor|[miss]\n|-miss|p2a: Kilowattrel|p1a: Thor\n|move|p1a: Thor|Dragon Pulse|p2a: Kilowattrel\n|-damage|p2a: Kilowattrel|0 fnt\n|faint|p2a: Kilowattrel\n|\n|upkeep\n|\n|t:|1783815604\n|switch|p2a: Morpeko|Morpeko, F|100/100\n|turn|15\n|inactive|Battle timer is ON: inactive players will automatically lose when time's up. (requested by sir.doff)\n|\n|t:|1783815611\n|move|p2a: Morpeko|Aura Wheel|p1a: Thor\n|-damage|p1a: Thor|54/100\n|-boost|p2a: Morpeko|spe|1\n|move|p1a: Thor|Dragon Pulse|p2a: Morpeko\n|-damage|p2a: Morpeko|0 fnt\n|faint|p2a: Morpeko\n|\n|upkeep\n|\n|t:|1783815614\n|switch|p2a: Kommo-o|Kommo-o, M|100/100\n|turn|16\n|\n|t:|1783815620\n|-terastallize|p2a: Kommo-o|Fire\n|move|p1a: Thor|Dragon Pulse|p2a: Kommo-o\n|-damage|p2a: Kommo-o|51/100\n|move|p2a: Kommo-o|Clangorous Soul|p2a: Kommo-o\n|-boost|p2a: Kommo-o|atk|1\n|-boost|p2a: Kommo-o|def|1\n|-boost|p2a: Kommo-o|spa|1\n|-boost|p2a: Kommo-o|spd|1\n|-boost|p2a: Kommo-o|spe|1\n|-damage|p2a: Kommo-o|18/100\n|-enditem|p2a: Kommo-o|Sitrus Berry|[eat]\n|-heal|p2a: Kommo-o|43/100|[from] item: Sitrus Berry\n|\n|upkeep\n|turn|17\n|\n|t:|1783815624\n|move|p2a: Kommo-o|Flamethrower|p1a: Thor\n|-damage|p1a: Thor|2/100\n|move|p1a: Thor|Dragon Pulse|p2a: Kommo-o\n|-damage|p2a: Kommo-o|13/100\n|\n|upkeep\n|turn|18\n|\n|t:|1783815627\n|move|p1a: Thor|Thunderclap|p2a: Kommo-o\n|-damage|p2a: Kommo-o|0 fnt\n|faint|p2a: Kommo-o\n|\n|win|sir.doff\n|raw|sir.doff's rating: 1165 &rarr; <strong>1190</strong><br />(+25 for winning)\n|raw|KarkouTheWeirdo's rating: 1170 &rarr; <strong>1145</strong><br />(-25 for losing)\n|l|☆sir.doff\n|player|p1|\n|l|☆KarkouTheWeirdo\n|player|p2|\n", "uploadtime": 1783815949, "views": 17, "formatid": "gen9ou", "rating": 1145, "private": 0, "password": null}