{"id": "gen9ou-2639303289", "format": "[Gen 9] OU", "players": ["grgwrgwegwe", "SamuelMarth0"], "log": "|j|☆grgwrgwegwe\n|j|☆SamuelMarth0\n|t:|1782449217\n|gametype|singles\n|player|p1|grgwrgwegwe|nurse|1311\n|player|p2|SamuelMarth0|169|1301\n|gen|9\n|tier|[Gen 9] OU\n|rated|\n|rule|HP Percentage Mod: HP is shown in percentages\n|rule|Endless Battle Clause: Forcing endless battles is banned\n|rule|Species Clause: Limit one of each Pokémon\n|rule|OHKO Clause: OHKO moves are banned\n|rule|Evasion Items Clause: Evasion items are banned\n|rule|Evasion Moves Clause: Evasion moves are banned\n|rule|Evasion Abilities Clause: Evasion abilities are banned\n|rule|Sleep Moves Clause: Sleep-inducing moves are banned\n|clearpoke\n|poke|p1|Rotom-Heat|\n|poke|p1|Iron Boulder|\n|poke|p1|Dragonite, F|\n|poke|p1|Sylveon, M|\n|poke|p1|Slaking, F|\n|poke|p1|Iron Jugulis|\n|poke|p2|Lokix, M|\n|poke|p2|Iron Crown|\n|poke|p2|Great Tusk|\n|poke|p2|Garganacl, M|\n|poke|p2|Meowscarada, M|\n|poke|p2|Cinderace, M|\n|teampreview\n|inactive|Battle timer is ON: inactive players will automatically lose when time's up. (requested by SamuelMarth0)\n|\n|t:|1782449232\n|teamsize|p1|6\n|teamsize|p2|6\n|start\n|switch|p1a: Dragontight|Dragonite, F, shiny|100/100\n|switch|p2a: Lokix|Lokix, M|100/100\n|turn|1\n|\n|t:|1782449238\n|move|p2a: Lokix|U-turn|p1a: Dragontight\n|-resisted|p1a: Dragontight\n|-damage|p1a: Dragontight|77/100\n|-damage|p2a: Lokix|91/100|[from] item: Life Orb\n|\n|t:|1782449242\n|switch|p2a: Meowscarada|Meowscarada, M|100/100|[from] U-turn\n|move|p1a: Dragontight|Dragon Dance|p1a: Dragontight\n|-boost|p1a: Dragontight|atk|1\n|-boost|p1a: Dragontight|spe|1\n|\n|upkeep\n|turn|2\n|\n|t:|1782449247\n|-terastallize|p1a: Dragontight|Normal\n|move|p1a: Dragontight|Extreme Speed|p2a: Meowscarada\n|-damage|p2a: Meowscarada|0 fnt\n|faint|p2a: Meowscarada\n|-damage|p1a: Dragontight|67/100|[from] item: Life Orb\n|\n|upkeep\n|\n|t:|1782449255\n|switch|p2a: Lokix|Lokix, M|91/100\n|turn|3\n|\n|t:|1782449265\n|move|p2a: Lokix|First Impression|p1a: Dragontight\n|-damage|p1a: Dragontight|8/100\n|-damage|p2a: Lokix|81/100|[from] item: Life Orb\n|move|p1a: Dragontight|Extreme Speed|p2a: Lokix\n|-damage|p2a: Lokix|0 fnt\n|faint|p2a: Lokix\n|-damage|p1a: Dragontight|0 fnt|[from] item: Life Orb\n|faint|p1a: Dragontight\n|\n|upkeep\n|\n|t:|1782449277\n|switch|p2a: Iron Crown|Iron Crown|100/100\n|switch|p1a: Rotom|Rotom-Heat|100/100\n|turn|4\n|\n|t:|1782449285\n|move|p2a: Iron Crown|Volt Switch|p1a: Rotom\n|-resisted|p1a: Rotom\n|-damage|p1a: Rotom|78/100\n|\n|t:|1782449288\n|-end|p2a: Iron Crown|Quark Drive|[silent]\n|switch|p2a: Great Tusk|Great Tusk|100/100|[from] Volt Switch\n|move|p1a: Rotom|Overheat|p2a: Great Tusk\n|-damage|p2a: Great Tusk|19/100\n|-unboost|p1a: Rotom|spa|2\n|\n|upkeep\n|turn|5\n|\n|t:|1782449298\n|move|p1a: Rotom|Overheat|p2a: Great Tusk\n|-damage|p2a: Great Tusk|0 fnt\n|-unboost|p1a: Rotom|spa|2\n|faint|p2a: Great Tusk\n|-end|p2a: Great Tusk|Protosynthesis|[silent]\n|\n|upkeep\n|\n|t:|1782449303\n|switch|p2a: Garganacl|Garganacl, M|100/100\n|turn|6\n|\n|t:|1782449308\n|switch|p1a: Jbai|Sylveon, M|100/100\n|move|p2a: Garganacl|Salt Cure|p1a: Jbai\n|-crit|p1a: Jbai\n|-damage|p1a: Jbai|69/100\n|-start|p1a: Jbai|Salt Cure\n|\n|-damage|p1a: Jbai|57/100|[from] Salt Cure\n|upkeep\n|turn|7\n|\n|t:|1782449319\n|switch|p2a: Iron Crown|Iron Crown|100/100\n|move|p1a: Jbai|Copycat|p1a: Jbai\n|move|p1a: Jbai|Salt Cure|p2a: Iron Crown|[from] move: Copycat\n|-resisted|p2a: Iron Crown\n|-damage|p2a: Iron Crown|97/100\n|-start|p2a: Iron Crown|Salt Cure\n|\n|-damage|p2a: Iron Crown|73/100|[from] Salt Cure\n|-damage|p1a: Jbai|45/100|[from] Salt Cure\n|upkeep\n|turn|8\n|\n|t:|1782449330\n|switch|p1a: Rotom|Rotom-Heat|78/100\n|move|p2a: Iron Crown|Volt Switch|p1a: Rotom\n|-resisted|p1a: Rotom\n|-damage|p1a: Rotom|57/100\n|\n|t:|1782449335\n|-end|p2a: Iron Crown|Quark Drive|[silent]\n|switch|p2a: Garganacl|Garganacl, M|100/100|[from] Volt Switch\n|\n|upkeep\n|turn|9\n|\n|t:|1782449339\n|move|p1a: Rotom|Trick|p2a: Garganacl\n|-activate|p1a: Rotom|move: Trick|[of] p2a: Garganacl\n|-item|p2a: Garganacl|Choice Specs|[from] move: Trick\n|-item|p1a: Rotom|Leftovers|[from] move: Trick\n|move|p2a: Garganacl|Salt Cure|p1a: Rotom\n|-supereffective|p1a: Rotom\n|-damage|p1a: Rotom|4/100\n|-start|p1a: Rotom|Salt Cure\n|\n|-heal|p1a: Rotom|10/100|[from] item: Leftovers\n|-damage|p1a: Rotom|0 fnt|[from] Salt Cure\n|faint|p1a: Rotom\n|upkeep\n|\n|t:|1782449346\n|switch|p1a: Iron Boulder|Iron Boulder|100/100\n|turn|10\n|\n|t:|1782449351\n|move|p1a: Iron Boulder|Stone Edge|p2a: Garganacl\n|-crit|p2a: Garganacl\n|-damage|p2a: Garganacl|53/100\n|move|p2a: Garganacl|Salt Cure|p1a: Iron Boulder\n|-damage|p1a: Iron Boulder|76/100\n|-start|p1a: Iron Boulder|Salt Cure\n|\n|-damage|p1a: Iron Boulder|64/100|[from] Salt Cure\n|upkeep\n|turn|11\n|\n|t:|1782449358\n|move|p1a: Iron Boulder|Stone Edge|p2a: Garganacl\n|-damage|p2a: Garganacl|20/100\n|move|p2a: Garganacl|Salt Cure|p1a: Iron Boulder\n|-damage|p1a: Iron Boulder|40/100\n|\n|-damage|p1a: Iron Boulder|28/100|[from] Salt Cure\n|upkeep\n|turn|12\n|\n|t:|1782449365\n|move|p1a: Iron Boulder|Psycho Cut|p2a: Garganacl\n|-damage|p2a: Garganacl|0 fnt\n|faint|p2a: Garganacl\n|\n|-damage|p1a: Iron Boulder|15/100|[from] Salt Cure\n|upkeep\n|\n|t:|1782449372\n|switch|p2a: Iron Crown|Iron Crown|73/100\n|turn|13\n|\n|t:|1782449384\n|move|p1a: Iron Boulder|Throat Chop|p2a: Iron Crown\n|-supereffective|p2a: Iron Crown\n|-damage|p2a: Iron Crown|21/100\n|-start|p2a: Iron Crown|Throat Chop|[silent]\n|move|p2a: Iron Crown|Tachyon Cutter|p1a: Iron Boulder\n|-supereffective|p1a: Iron Boulder\n|-damage|p1a: Iron Boulder|0 fnt\n|faint|p1a: Iron Boulder\n|-end|p1a: Iron Boulder|Quark Drive|[silent]\n|-hitcount|p1: Iron Boulder|1\n|\n|upkeep\n|\n|t:|1782449390\n|switch|p1a: >.*{|Slaking, F|100/100\n|turn|14\n|\n|t:|1782449395\n|move|p2a: Iron Crown|Tachyon Cutter|p1a: >.*{\n|-damage|p1a: >.*{|70/100\n|-damage|p1a: >.*{|39/100\n|-hitcount|p1a: >.*{|2\n|move|p1a: >.*{|Earthquake|p2a: Iron Crown\n|-supereffective|p2a: Iron Crown\n|-damage|p2a: Iron Crown|0 fnt\n|faint|p2a: Iron Crown\n|-end|p2a: Iron Crown|Quark Drive|[silent]\n|\n|upkeep\n|\n|t:|1782449402\n|switch|p2a: Cinderace|Cinderace, M|100/100\n|turn|15\n|\n|t:|1782449406\n|switch|p1a: Jbai|Sylveon, M|45/100\n|move|p2a: Cinderace|Pyro Ball|p1a: Jbai\n|-damage|p1a: Jbai|0 fnt\n|faint|p1a: Jbai\n|\n|upkeep\n|\n|t:|1782449408\n|switch|p1a: Iron Jugulis|Iron Jugulis|100/100\n|turn|16\n|\n|t:|1782449419\n|-terastallize|p2a: Cinderace|Fire\n|move|p2a: Cinderace|Pyro Ball|p1a: Iron Jugulis|[miss]\n|-miss|p2a: Cinderace|p1a: Iron Jugulis\n|move|p1a: Iron Jugulis|Tailwind|p1a: Iron Jugulis\n|-sidestart|p1: grgwrgwegwe|move: Tailwind\n|\n|upkeep\n|turn|17\n|\n|t:|1782449427\n|move|p1a: Iron Jugulis|Meteor Beam||[still]\n|-prepare|p1a: Iron Jugulis|Meteor Beam\n|-boost|p1a: Iron Jugulis|spa|1\n|-enditem|p1a: Iron Jugulis|Power Herb\n|-anim|p1a: Iron Jugulis|Meteor Beam|p2a: Cinderace\n|-supereffective|p2a: Cinderace\n|-damage|p2a: Cinderace|0 fnt\n|faint|p2a: Cinderace\n|\n|win|grgwrgwegwe\n|raw|grgwrgwegwe's rating: 1311 &rarr; <strong>1330</strong><br />(+19 for winning)\n|raw|SamuelMarth0's rating: 1301 &rarr; <strong>1282</strong><br />(-19 for losing)\n|l|☆SamuelMarth0\n|player|p2|\n|l|☆grgwrgwegwe\n|player|p1|\n", "uploadtime": 1782449777, "views": 8, "formatid": "gen9ou", "rating": 1282, "private": 0, "password": null}