{"id": "gen9ou-2639988143", "format": "[Gen 9] OU", "players": ["dark joe biden", "Walvis Timmy"], "log": "|j|☆dark joe biden\n|j|☆Walvis Timmy\n|t:|1782558961\n|gametype|singles\n|player|p1|dark joe biden|102|1615\n|player|p2|Walvis Timmy|102|1611\n|gen|9\n|tier|[Gen 9] OU\n|rated|\n|rule|HP Percentage Mod: HP is shown in percentages\n|rule|Endless Battle Clause: Forcing endless battles is banned\n|rule|Species Clause: Limit one of each Pokémon\n|rule|OHKO Clause: OHKO moves are banned\n|rule|Evasion Items Clause: Evasion items are banned\n|rule|Evasion Moves Clause: Evasion moves are banned\n|rule|Evasion Abilities Clause: Evasion abilities are banned\n|rule|Sleep Moves Clause: Sleep-inducing moves are banned\n|clearpoke\n|poke|p1|Sinistcha|\n|poke|p1|Alomomola, F|\n|poke|p1|Clefable, M|\n|poke|p1|Great Tusk|\n|poke|p1|Darkrai|\n|poke|p1|Iron Valiant|\n|poke|p2|Pelipper, F|\n|poke|p2|Talonflame, M|\n|poke|p2|Hatterene, F|\n|poke|p2|Landorus-Therian, M|\n|poke|p2|Cinderace, F|\n|poke|p2|Zamazenta-*|\n|teampreview\n|inactive|Battle timer is ON: inactive players will automatically lose when time's up. (requested by dark joe biden)\n|\n|t:|1782558974\n|teamsize|p1|6\n|teamsize|p2|6\n|start\n|switch|p1a: Clefable|Clefable, M|100/100\n|switch|p2a: Hatterene|Hatterene, F|100/100\n|turn|1\n|\n|t:|1782558987\n|move|p1a: Clefable|Moonblast|p2a: Hatterene\n|-damage|p2a: Hatterene|78/100\n|-unboost|p2a: Hatterene|spa|1\n|move|p2a: Hatterene|Nuzzle|p1a: Clefable\n|-damage|p1a: Clefable|97/100\n|-status|p1a: Clefable|par\n|\n|-heal|p1a: Clefable|100/100 par|[from] item: Leftovers\n|upkeep\n|turn|2\n|\n|t:|1782558997\n|switch|p2a: Cinderace|Cinderace, F|100/100\n|switch|p1a: Alomomola|Alomomola, F|100/100\n|\n|upkeep\n|turn|3\n|\n|t:|1782559002\n|move|p2a: Cinderace|Gunk Shot|p1a: Alomomola\n|-start|p2a: Cinderace|typechange|Poison|[from] ability: Libero\n|-damage|p1a: Alomomola|57/100\n|move|p1a: Alomomola|Flip Turn|p2a: Cinderace\n|-damage|p2a: Cinderace|77/100\n|\n|t:|1782559011\n|switch|p1a: Darkrai|Darkrai|100/100|[from] Flip Turn\n|\n|upkeep\n|turn|4\n|\n|t:|1782559035\n|switch|p2a: Zamazenta|Zamazenta|100/100\n|-ability|p2a: Zamazenta|Dauntless Shield|boost\n|-boost|p2a: Zamazenta|def|1\n|move|p1a: Darkrai|Dark Pulse|p2a: Zamazenta\n|-resisted|p2a: Zamazenta\n|-damage|p2a: Zamazenta|73/100\n|\n|-heal|p2a: Zamazenta|79/100|[from] item: Leftovers\n|upkeep\n|turn|5\n|\n|t:|1782559043\n|switch|p1a: Sinistcha|Sinistcha|100/100\n|move|p2a: Zamazenta|Substitute|p2a: Zamazenta\n|-start|p2a: Zamazenta|Substitute\n|-damage|p2a: Zamazenta|54/100\n|\n|-heal|p2a: Zamazenta|60/100|[from] item: Leftovers\n|upkeep\n|turn|6\n|\n|t:|1782559055\n|move|p2a: Zamazenta|Crunch|p1a: Sinistcha\n|-supereffective|p1a: Sinistcha\n|-damage|p1a: Sinistcha|69/100\n|move|p1a: Sinistcha|Shadow Ball|p2a: Zamazenta\n|-end|p2a: Zamazenta|Substitute\n|\n|-heal|p2a: Zamazenta|67/100|[from] item: Leftovers\n|-heal|p1a: Sinistcha|75/100|[from] item: Leftovers\n|upkeep\n|turn|7\n|\n|t:|1782559061\n|switch|p2a: Talonflame|Talonflame, M|100/100\n|move|p1a: Sinistcha|Strength Sap|p2a: Talonflame\n|-unboost|p2a: Talonflame|atk|1\n|-heal|p1a: Sinistcha|100/100\n|\n|upkeep\n|turn|8\n|\n|t:|1782559066\n|switch|p1a: Alomomola|Alomomola, F|90/100\n|-terastallize|p2a: Talonflame|Flying\n|move|p2a: Talonflame|Hurricane|p1a: Alomomola|[miss]\n|-miss|p2a: Talonflame|p1a: Alomomola\n|\n|upkeep\n|turn|9\n|\n|t:|1782559075\n|switch|p2a: Pelipper|Pelipper, F|100/100\n|-weather|RainDance|[from] ability: Drizzle|[of] p2a: Pelipper\n|move|p1a: Alomomola|Flip Turn|p2a: Pelipper\n|-resisted|p2a: Pelipper\n|-damage|p2a: Pelipper|83/100\n|\n|t:|1782559078\n|switch|p1a: Darkrai|Darkrai|100/100|[from] Flip Turn\n|\n|-weather|RainDance|[upkeep]\n|upkeep\n|turn|10\n|\n|t:|1782559083\n|switch|p2a: Zamazenta|Zamazenta|67/100\n|move|p1a: Darkrai|Dark Pulse|p2a: Zamazenta\n|-resisted|p2a: Zamazenta\n|-damage|p2a: Zamazenta|41/100\n|\n|-weather|RainDance|[upkeep]\n|-heal|p2a: Zamazenta|48/100|[from] item: Leftovers\n|upkeep\n|turn|11\n|\n|t:|1782559089\n|switch|p1a: Clefable|Clefable, M|100/100 par\n|move|p2a: Zamazenta|Body Press|p1a: Clefable\n|-resisted|p1a: Clefable\n|-damage|p1a: Clefable|87/100 par\n|\n|-weather|RainDance|[upkeep]\n|-heal|p2a: Zamazenta|54/100|[from] item: Leftovers\n|-heal|p1a: Clefable|93/100 par|[from] item: Leftovers\n|upkeep\n|turn|12\n|\n|t:|1782559095\n|switch|p2a: Cinderace|Cinderace, F|77/100\n|move|p1a: Clefable|Moonblast|p2a: Cinderace\n|-resisted|p2a: Cinderace\n|-damage|p2a: Cinderace|55/100\n|\n|-weather|RainDance|[upkeep]\n|-heal|p1a: Clefable|99/100 par|[from] item: Leftovers\n|upkeep\n|turn|13\n|\n|t:|1782559100\n|switch|p1a: Alomomola|Alomomola, F|100/100\n|move|p2a: Cinderace|U-turn|p1a: Alomomola\n|-start|p2a: Cinderace|typechange|Bug|[from] ability: Libero\n|-damage|p1a: Alomomola|75/100\n|\n|t:|1782559103\n|switch|p2a: Pelipper|Pelipper, F|83/100|[from] U-turn\n|\n|-weather|none\n|upkeep\n|turn|14\n|\n|t:|1782559110\n|move|p2a: Pelipper|Hurricane|p1a: Alomomola\n|-damage|p1a: Alomomola|36/100\n|-start|p1a: Alomomola|confusion\n|-activate|p1a: Alomomola|confusion\n|move|p1a: Alomomola|Flip Turn|p2a: Pelipper\n|-resisted|p2a: Pelipper\n|-damage|p2a: Pelipper|72/100\n|\n|t:|1782559113\n|switch|p1a: Darkrai|Darkrai|100/100|[from] Flip Turn\n|\n|upkeep\n|turn|15\n|\n|t:|1782559128\n|switch|p2a: Landorus|Landorus-Therian, M|100/100\n|-ability|p2a: Landorus|Intimidate|boost\n|-unboost|p1a: Darkrai|atk|1\n|move|p1a: Darkrai|Dark Pulse|p2a: Landorus\n|-damage|p2a: Landorus|33/100\n|\n|upkeep\n|turn|16\n|\n|t:|1782559134\n|move|p1a: Darkrai|Dark Pulse|p2a: Landorus\n|-damage|p2a: Landorus|0 fnt\n|faint|p2a: Landorus\n|\n|upkeep\n|\n|t:|1782559137\n|switch|p2a: Talonflame|Talonflame, M, tera:Flying|100/100\n|turn|17\n|l|☆dark joe biden\n|inactive|dark joe biden disconnected and has a minute to reconnect!\n|player|p1|\n|j|☆dark joe biden\n|inactive|dark joe biden reconnected and has 150 seconds left.\n|player|p1|dark joe biden|102|\n|\n|t:|1782559150\n|switch|p1a: Alomomola|Alomomola, F|69/100\n|move|p2a: Talonflame|Hurricane|p1a: Alomomola|[miss]\n|-miss|p2a: Talonflame|p1a: Alomomola\n|\n|upkeep\n|turn|18\n|\n|t:|1782559157\n|switch|p2a: Pelipper|Pelipper, F|72/100\n|-weather|RainDance|[from] ability: Drizzle|[of] p2a: Pelipper\n|move|p1a: Alomomola|Flip Turn|p2a: Pelipper\n|-resisted|p2a: Pelipper\n|-damage|p2a: Pelipper|57/100\n|\n|t:|1782559160\n|switch|p1a: Darkrai|Darkrai|100/100|[from] Flip Turn\n|\n|-weather|RainDance|[upkeep]\n|upkeep\n|turn|19\n|\n|t:|1782559163\n|switch|p2a: Hatterene|Hatterene, F|78/100\n|move|p1a: Darkrai|Dark Pulse|p2a: Hatterene\n|-damage|p2a: Hatterene|33/100\n|\n|-weather|RainDance|[upkeep]\n|upkeep\n|turn|20\n|\n|t:|1782559170\n|move|p1a: Darkrai|Dark Pulse|p2a: Hatterene\n|-damage|p2a: Hatterene|0 fnt\n|faint|p2a: Hatterene\n|\n|-weather|RainDance|[upkeep]\n|upkeep\n|\n|t:|1782559172\n|switch|p2a: Talonflame|Talonflame, M, tera:Flying|100/100\n|turn|21\n|\n|t:|1782559189\n|switch|p1a: Alomomola|Alomomola, F|100/100\n|move|p2a: Talonflame|Hurricane|p1a: Alomomola\n|-damage|p1a: Alomomola|55/100\n|\n|-weather|RainDance|[upkeep]\n|upkeep\n|turn|22\n|\n|t:|1782559201\n|switch|p2a: Zamazenta|Zamazenta|54/100\n|move|p1a: Alomomola|Flip Turn|p2a: Zamazenta\n|-damage|p2a: Zamazenta|34/100\n|\n|t:|1782559209\n|switch|p1a: Sinistcha|Sinistcha|100/100|[from] Flip Turn\n|\n|-weather|none\n|-heal|p2a: Zamazenta|40/100|[from] item: Leftovers\n|upkeep\n|turn|23\n|\n|t:|1782559212\n|switch|p2a: Pelipper|Pelipper, F|57/100\n|-weather|RainDance|[from] ability: Drizzle|[of] p2a: Pelipper\n|move|p1a: Sinistcha|Calm Mind|p1a: Sinistcha\n|-boost|p1a: Sinistcha|spa|1\n|-boost|p1a: Sinistcha|spd|1\n|\n|-weather|RainDance|[upkeep]\n|upkeep\n|turn|24\n|\n|t:|1782559226\n|switch|p1a: Alomomola|Alomomola, F|88/100\n|move|p2a: Pelipper|Hurricane|p1a: Alomomola\n|-damage|p1a: Alomomola|51/100\n|\n|-weather|RainDance|[upkeep]\n|upkeep\n|turn|25\n|\n|t:|1782559233\n|move|p2a: Pelipper|Hurricane|p1a: Alomomola\n|-crit|p1a: Alomomola\n|-damage|p1a: Alomomola|0 fnt\n|faint|p1a: Alomomola\n|\n|-weather|RainDance|[upkeep]\n|upkeep\n|\n|t:|1782559236\n|switch|p1a: Darkrai|Darkrai|100/100\n|turn|26\n|\n|t:|1782559243\n|switch|p2a: Cinderace|Cinderace, F|55/100\n|move|p1a: Darkrai|Dark Pulse|p2a: Cinderace\n|-damage|p2a: Cinderace|0 fnt\n|faint|p2a: Cinderace\n|\n|-weather|RainDance|[upkeep]\n|upkeep\n|\n|t:|1782559245\n|switch|p2a: Talonflame|Talonflame, M, tera:Flying|100/100\n|turn|27\n|inactive|dark joe biden has 120 seconds left.\n|\n|t:|1782559287\n|switch|p1a: Great Tusk|Great Tusk|100/100\n|-enditem|p1a: Great Tusk|Booster Energy\n|-activate|p1a: Great Tusk|ability: Protosynthesis|[fromitem]\n|-start|p1a: Great Tusk|protosynthesisatk\n|move|p2a: Talonflame|Hurricane|p1a: Great Tusk\n|-supereffective|p1a: Great Tusk\n|-damage|p1a: Great Tusk|0 fnt\n|faint|p1a: Great Tusk\n|-end|p1a: Great Tusk|Protosynthesis|[silent]\n|\n|-weather|none\n|upkeep\n|\n|t:|1782559290\n|switch|p1a: Clefable|Clefable, M|99/100 par\n|turn|28\n|\n|t:|1782559293\n|switch|p2a: Pelipper|Pelipper, F|57/100\n|-weather|RainDance|[from] ability: Drizzle|[of] p2a: Pelipper\n|move|p1a: Clefable|Moonblast|p2a: Pelipper\n|-damage|p2a: Pelipper|4/100\n|\n|-weather|RainDance|[upkeep]\n|-heal|p1a: Clefable|100/100 par|[from] item: Leftovers\n|upkeep\n|turn|29\n|\n|t:|1782559299\n|switch|p1a: Darkrai|Darkrai|100/100\n|move|p2a: Pelipper|Weather Ball|p1a: Darkrai\n|-damage|p1a: Darkrai|0 fnt\n|faint|p1a: Darkrai\n|\n|-weather|RainDance|[upkeep]\n|upkeep\n|\n|t:|1782559304\n|switch|p1a: Iron Valiant|Iron Valiant|100/100\n|-enditem|p1a: Iron Valiant|Booster Energy\n|-activate|p1a: Iron Valiant|ability: Quark Drive|[fromitem]\n|-start|p1a: Iron Valiant|quarkdrivespe\n|turn|30\n|\n|t:|1782559309\n|move|p1a: Iron Valiant|Moonblast|p2a: Pelipper\n|-damage|p2a: Pelipper|0 fnt\n|faint|p2a: Pelipper\n|\n|-weather|RainDance|[upkeep]\n|upkeep\n|\n|t:|1782559312\n|switch|p2a: Talonflame|Talonflame, M, tera:Flying|100/100\n|turn|31\n|j| dante1310\n|\n|t:|1782559319\n|-terastallize|p1a: Iron Valiant|Ghost\n|move|p2a: Talonflame|Hurricane|p1a: Iron Valiant\n|-damage|p1a: Iron Valiant|0 fnt\n|faint|p1a: Iron Valiant\n|-end|p1a: Iron Valiant|Quark Drive|[silent]\n|\n|-weather|RainDance|[upkeep]\n|upkeep\n|\n|t:|1782559323\n|switch|p1a: Clefable|Clefable, M|100/100 par\n|turn|32\n|\n|t:|1782559325\n|move|p2a: Talonflame|Hurricane|p1a: Clefable\n|-damage|p1a: Clefable|19/100 par\n|move|p1a: Clefable|Moonblast|p2a: Talonflame\n|-damage|p2a: Talonflame|55/100\n|-unboost|p2a: Talonflame|spa|1\n|\n|-weather|none\n|-heal|p1a: Clefable|25/100 par|[from] item: Leftovers\n|upkeep\n|turn|33\n|l|☆Walvis Timmy\n|inactive|Walvis Timmy disconnected and has a minute to reconnect!\n|player|p2|\n|\n|t:|1782559345\n|move|p2a: Talonflame|Hurricane|p1a: Clefable\n|-damage|p1a: Clefable|0 fnt\n|faint|p1a: Clefable\n|\n|upkeep\n|\n|t:|1782559347\n|switch|p1a: Sinistcha|Sinistcha|100/100\n|turn|34\n|j|☆Walvis Timmy\n|inactive|Walvis Timmy reconnected and has 150 seconds left.\n|player|p2|Walvis Timmy|102|\n|\n|t:|1782559352\n|move|p2a: Talonflame|Hurricane|p1a: Sinistcha\n|-supereffective|p1a: Sinistcha\n|-damage|p1a: Sinistcha|0 fnt\n|faint|p1a: Sinistcha\n|\n|win|Walvis Timmy\n|raw|dark joe biden's rating: 1615 &rarr; <strong>1595</strong><br />(-20 for losing)\n|raw|Walvis Timmy's rating: 1611 &rarr; <strong>1631</strong><br />(+20 for winning)\n|l|☆dark joe biden\n|player|p1|\n|l| dante1310\n|l|☆Walvis Timmy\n|player|p2|\n", "uploadtime": 1782559576, "views": 6, "formatid": "gen9ou", "rating": 1595, "private": 0, "password": null}