{"id": "gen9ou-2540766748", "format": "[Gen 9] OU", "players": ["motismascarf", "9thJimLeader"], "log": "|j|☆motismascarf\n|j|☆9thJimLeader\n|t:|1771251636\n|gametype|singles\n|player|p1|motismascarf|265|1565\n|player|p2|9thJimLeader|1|1571\n|gen|9\n|tier|[Gen 9] OU\n|rated|\n|rule|HP Percentage Mod: HP is shown in percentages\n|rule|Endless Battle Clause: Forcing endless battles is banned\n|rule|Species Clause: Limit one of each Pokémon\n|rule|OHKO Clause: OHKO moves are banned\n|rule|Evasion Items Clause: Evasion items are banned\n|rule|Evasion Moves Clause: Evasion moves are banned\n|rule|Evasion Abilities Clause: Evasion abilities are banned\n|rule|Sleep Moves Clause: Sleep-inducing moves are banned\n|clearpoke\n|poke|p1|Landorus-Therian, M|\n|poke|p1|Great Tusk|\n|poke|p1|Ogerpon-Wellspring, F|\n|poke|p1|Kingambit, F|\n|poke|p1|Slowking-Galar, M|\n|poke|p1|Raging Bolt|\n|poke|p2|Maushold|\n|poke|p2|Primarina, F|\n|poke|p2|Lycanroc-Midnight, F|\n|poke|p2|Eelektross, M|\n|poke|p2|Corviknight, M|\n|poke|p2|Dragapult, F|\n|teampreview\n|inactive|Battle timer is ON: inactive players will automatically lose when time's up. (requested by motismascarf)\n|\n|t:|1771251652\n|teamsize|p1|6\n|teamsize|p2|6\n|start\n|switch|p1a: Raging Bolt|Raging Bolt|100/100\n|switch|p2a: Primarina|Primarina, F|100/100\n|-enditem|p1a: Raging Bolt|Booster Energy\n|-activate|p1a: Raging Bolt|ability: Protosynthesis|[fromitem]\n|-start|p1a: Raging Bolt|protosynthesisspa\n|turn|1\n|\n|t:|1771251659\n|switch|p2a: Eelektross|Eelektross, M|100/100\n|move|p1a: Raging Bolt|Thunderbolt|p2a: Eelektross\n|-resisted|p2a: Eelektross\n|-damage|p2a: Eelektross|64/100\n|\n|upkeep\n|turn|2\n|\n|t:|1771251665\n|-singleturn|p2a: Eelektross|move: Focus Punch\n|move|p1a: Raging Bolt|Dragon Pulse|p2a: Eelektross\n|-crit|p2a: Eelektross\n|-damage|p2a: Eelektross|0 fnt\n|faint|p2a: Eelektross\n|\n|upkeep\n|\n|t:|1771251670\n|switch|p2a: Lycanroc|Lycanroc-Midnight, F|100/100\n|turn|3\n|\n|t:|1771251672\n|move|p2a: Lycanroc|Stone Edge|p1a: Raging Bolt\n|-damage|p1a: Raging Bolt|56/100\n|move|p1a: Raging Bolt|Thunderbolt|p2a: Lycanroc\n|-damage|p2a: Lycanroc|8/100\n|\n|upkeep\n|turn|4\n|\n|t:|1771251678\n|switch|p2a: Dragapult|Dragapult, F|100/100\n|move|p1a: Raging Bolt|Thunderclap||[still]\n|-fail|p1a: Raging Bolt\n|\n|upkeep\n|turn|5\n|\n|t:|1771251682\n|-terastallize|p1a: Raging Bolt|Fairy\n|move|p2a: Dragapult|Substitute|p2a: Dragapult\n|-start|p2a: Dragapult|Substitute\n|-damage|p2a: Dragapult|76/100\n|move|p1a: Raging Bolt|Dragon Pulse|p2a: Dragapult\n|-supereffective|p2a: Dragapult\n|-end|p2a: Dragapult|Substitute\n|\n|-heal|p2a: Dragapult|82/100|[from] item: Leftovers\n|upkeep\n|turn|6\n|\n|t:|1771251686\n|switch|p2a: Lycanroc|Lycanroc-Midnight, F|8/100\n|move|p1a: Raging Bolt|Dragon Pulse|p2a: Lycanroc\n|-damage|p2a: Lycanroc|0 fnt\n|faint|p2a: Lycanroc\n|\n|upkeep\n|\n|t:|1771251706\n|switch|p2a: Primarina|Primarina, F|100/100\n|turn|7\n|\n|t:|1771251708\n|-terastallize|p2a: Primarina|Steel\n|move|p1a: Raging Bolt|Thunderbolt|p2a: Primarina\n|-damage|p2a: Primarina|43/100\n|move|p2a: Primarina|Moonblast|p1a: Raging Bolt\n|-damage|p1a: Raging Bolt|8/100\n|\n|upkeep\n|turn|8\n|\n|t:|1771251715\n|move|p1a: Raging Bolt|Thunderbolt|p2a: Primarina\n|-damage|p2a: Primarina|0 fnt\n|faint|p2a: Primarina\n|\n|upkeep\n|\n|t:|1771251719\n|switch|p2a: Maushold|Maushold|100/100\n|turn|9\n|\n|t:|1771251723\n|move|p2a: Maushold|Tidy Up|p2a: Maushold\n|-boost|p2a: Maushold|atk|1\n|-boost|p2a: Maushold|spe|1\n|move|p1a: Raging Bolt|Thunderbolt|p2a: Maushold\n|-damage|p2a: Maushold|0 fnt\n|faint|p2a: Maushold\n|\n|upkeep\n|\n|t:|1771251730\n|switch|p2a: Dragapult|Dragapult, F|82/100\n|turn|10\n|\n|t:|1771251732\n|-end|p1a: Raging Bolt|Protosynthesis|[silent]\n|switch|p1a: Slowking|Slowking-Galar, M|100/100\n|move|p2a: Dragapult|Will-O-Wisp|p1a: Slowking|[miss]\n|-miss|p2a: Dragapult|p1a: Slowking\n|\n|-heal|p2a: Dragapult|88/100|[from] item: Leftovers\n|upkeep\n|turn|11\n|\n|t:|1771251736\n|move|p2a: Dragapult|Substitute|p2a: Dragapult\n|-start|p2a: Dragapult|Substitute\n|-damage|p2a: Dragapult|63/100\n|move|p1a: Slowking|Psyshock|p2a: Dragapult\n|-end|p2a: Dragapult|Substitute\n|\n|-heal|p2a: Dragapult|69/100|[from] item: Leftovers\n|upkeep\n|turn|12\n|\n|t:|1771251738\n|move|p2a: Dragapult|Dragon Darts|p1a: Slowking\n|-damage|p1a: Slowking|78/100\n|-anim|p2a: Dragapult|Dragon Darts|p1a: Slowking\n|-damage|p1a: Slowking|56/100\n|move|p1a: Slowking|Psyshock|p2a: Dragapult\n|-damage|p2a: Dragapult|26/100\n|\n|-heal|p2a: Dragapult|32/100|[from] item: Leftovers\n|upkeep\n|turn|13\n|\n|t:|1771251742\n|move|p2a: Dragapult|Dragon Darts|p1a: Slowking\n|-damage|p1a: Slowking|35/100\n|-anim|p2a: Dragapult|Dragon Darts|p1a: Slowking\n|-damage|p1a: Slowking|14/100\n|move|p1a: Slowking|Psyshock|p2a: Dragapult\n|-damage|p2a: Dragapult|0 fnt\n|faint|p2a: Dragapult\n|\n|upkeep\n|\n|t:|1771251745\n|switch|p2a: Corviknight|Corviknight, M|100/100\n|-ability|p2a: Corviknight|Pressure\n|turn|14\n|\n|t:|1771251750\n|switch|p1a: Landorus|Landorus-Therian, M|100/100\n|-ability|p1a: Landorus|Intimidate|boost\n|-unboost|p2a: Corviknight|atk|1\n|move|p2a: Corviknight|Agility|p2a: Corviknight\n|-boost|p2a: Corviknight|spe|2\n|\n|upkeep\n|turn|15\n|\n|t:|1771251753\n|move|p2a: Corviknight|Bulk Up|p2a: Corviknight\n|-boost|p2a: Corviknight|atk|1\n|-boost|p2a: Corviknight|def|1\n|move|p1a: Landorus|Taunt|p2a: Corviknight\n|-start|p2a: Corviknight|move: Taunt\n|\n|upkeep\n|turn|16\n|\n|t:|1771251759\n|move|p2a: Corviknight|Power Trip|p1a: Landorus\n|-damage|p1a: Landorus|80/100\n|-damage|p2a: Corviknight|84/100|[from] item: Rocky Helmet|[of] p1a: Landorus\n|move|p1a: Landorus|U-turn|p2a: Corviknight\n|-resisted|p2a: Corviknight\n|-damage|p2a: Corviknight|81/100\n|\n|t:|1771251763\n|switch|p1a: Great Tusk|Great Tusk|100/100|[from] U-turn\n|\n|-heal|p2a: Corviknight|87/100|[from] item: Leftovers\n|upkeep\n|turn|17\n|\n|t:|1771251766\n|move|p2a: Corviknight|Power Trip|p1a: Great Tusk\n|-resisted|p1a: Great Tusk\n|-damage|p1a: Great Tusk|94/100\n|-damage|p2a: Corviknight|70/100|[from] item: Rocky Helmet|[of] p1a: Great Tusk\n|move|p1a: Great Tusk|Knock Off|p2a: Corviknight\n|-damage|p2a: Corviknight|54/100\n|-enditem|p2a: Corviknight|Leftovers|[from] move: Knock Off|[of] p1a: Great Tusk\n|\n|upkeep\n|turn|18\n|-message|9thJimLeader forfeited.\n|\n|win|motismascarf\n|raw|motismascarf's rating: 1565 &rarr; <strong>1585</strong><br />(+20 for winning)\n|raw|9thJimLeader's rating: 1571 &rarr; <strong>1551</strong><br />(-20 for losing)\n|l|☆9thJimLeader\n|player|p2|\n|l|☆motismascarf\n|player|p1|\n", "uploadtime": 1771252027, "views": 5, "formatid": "gen9ou", "rating": 1551, "private": 0, "password": null}