{"id": "gen9ou-2647716568", "format": "[Gen 9] OU", "players": ["Toni Boi", "Agrael"], "log": "|j|☆Toni Boi\n|j|☆Agrael\n|t:|1783800846\n|gametype|singles\n|player|p1|Toni Boi|striker|1215\n|player|p2|Agrael|sabrina|1307\n|gen|9\n|tier|[Gen 9] OU\n|rated|\n|rule|HP Percentage Mod: HP is shown in percentages\n|rule|Endless Battle Clause: Forcing endless battles is banned\n|rule|Species Clause: Limit one of each Pokémon\n|rule|OHKO Clause: OHKO moves are banned\n|rule|Evasion Items Clause: Evasion items are banned\n|rule|Evasion Moves Clause: Evasion moves are banned\n|rule|Evasion Abilities Clause: Evasion abilities are banned\n|rule|Sleep Moves Clause: Sleep-inducing moves are banned\n|clearpoke\n|poke|p1|Garchomp, F|\n|poke|p1|Alomomola, F|\n|poke|p1|Qwilfish, M|\n|poke|p1|Meowscarada, M|\n|poke|p1|Scizor, M|\n|poke|p1|Glimmora, F|\n|poke|p2|Garchomp, M|\n|poke|p2|Darkrai|\n|poke|p2|Hatterene, F|\n|poke|p2|Gholdengo|\n|poke|p2|Ogerpon-Wellspring, F|\n|poke|p2|Landorus-Therian, M|\n|teampreview\n|inactive|Battle timer is ON: inactive players will automatically lose when time's up. (requested by Agrael)\n|\n|t:|1783800859\n|teamsize|p1|6\n|teamsize|p2|6\n|start\n|switch|p1a: Swagfish|Qwilfish, M, shiny|100/100\n|switch|p2a: Landorus|Landorus-Therian, M|100/100\n|-ability|p2a: Landorus|Intimidate|boost\n|-unboost|p1a: Swagfish|atk|1\n|-ability|p1a: Swagfish|Intimidate|boost\n|-unboost|p2a: Landorus|atk|1\n|turn|1\n|\n|t:|1783800863\n|move|p2a: Landorus|Earthquake|p1a: Swagfish\n|-supereffective|p1a: Swagfish\n|-damage|p1a: Swagfish|0 fnt\n|faint|p1a: Swagfish\n|\n|upkeep\n|\n|t:|1783800865\n|switch|p1a: Garchomp|Garchomp, F|100/100\n|turn|2\n|\n|t:|1783800872\n|switch|p2a: Darkrai|Darkrai|100/100\n|move|p1a: Garchomp|Stealth Rock|p2a: Darkrai\n|-sidestart|p2: Agrael|move: Stealth Rock\n|\n|upkeep\n|turn|3\n|\n|t:|1783800878\n|switch|p1a: Scizor|Scizor, M|100/100\n|move|p2a: Darkrai|Dark Pulse|p1a: Scizor\n|-damage|p1a: Scizor|19/100\n|\n|upkeep\n|turn|4\n|\n|t:|1783800884\n|-terastallize|p1a: Scizor|Steel\n|move|p1a: Scizor|Bullet Punch|p2a: Darkrai\n|-damage|p2a: Darkrai|30/100\n|move|p2a: Darkrai|Dark Pulse|p1a: Scizor\n|-damage|p1a: Scizor|0 fnt\n|faint|p1a: Scizor\n|\n|upkeep\n|\n|t:|1783800888\n|switch|p1a: Meowscarada|Meowscarada, M|100/100\n|turn|5\n|\n|t:|1783800892\n|switch|p2a: Landorus|Landorus-Therian, M|100/100\n|-damage|p2a: Landorus|88/100|[from] Stealth Rock\n|-ability|p2a: Landorus|Intimidate|boost\n|-unboost|p1a: Meowscarada|atk|1\n|move|p1a: Meowscarada|U-turn|p2a: Landorus\n|-start|p1a: Meowscarada|typechange|Bug|[from] ability: Protean\n|-resisted|p2a: Landorus\n|-damage|p2a: Landorus|69/100\n|\n|t:|1783800895\n|switch|p1a: Alomomola|Alomomola, F, shiny|100/100|[from] U-turn\n|\n|upkeep\n|turn|6\n|\n|t:|1783800900\n|move|p2a: Landorus|U-turn|p1a: Alomomola\n|-damage|p1a: Alomomola|81/100\n|\n|t:|1783800902\n|switch|p2a: Garchomp|Garchomp, M|100/100|[from] U-turn\n|-damage|p2a: Garchomp|94/100|[from] Stealth Rock\n|move|p1a: Alomomola|Ice Beam|p2a: Garchomp\n|-supereffective|p2a: Garchomp\n|-damage|p2a: Garchomp|56/100\n|\n|upkeep\n|turn|7\n|\n|t:|1783800909\n|move|p2a: Garchomp|Stealth Rock|p1a: Alomomola\n|-sidestart|p1: Toni Boi|move: Stealth Rock\n|move|p1a: Alomomola|Ice Beam|p2a: Garchomp\n|-supereffective|p2a: Garchomp\n|-damage|p2a: Garchomp|17/100\n|\n|upkeep\n|turn|8\n|\n|t:|1783800912\n|move|p2a: Garchomp|Spikes|p1a: Alomomola\n|-sidestart|p1: Toni Boi|Spikes\n|move|p1a: Alomomola|Ice Beam|p2a: Garchomp\n|-supereffective|p2a: Garchomp\n|-damage|p2a: Garchomp|0 fnt\n|faint|p2a: Garchomp\n|\n|upkeep\n|\n|t:|1783800919\n|switch|p2a: Ogerpon|Ogerpon-Wellspring, F|100/100\n|-damage|p2a: Ogerpon|88/100|[from] Stealth Rock\n|turn|9\n|\n|t:|1783800924\n|switch|p1a: Garchomp|Garchomp, F|100/100\n|-damage|p1a: Garchomp|94/100|[from] Stealth Rock\n|-damage|p1a: Garchomp|82/100|[from] Spikes\n|move|p2a: Ogerpon|Knock Off|p1a: Garchomp\n|-damage|p1a: Garchomp|60/100\n|-damage|p2a: Ogerpon|76/100|[from] ability: Rough Skin|[of] p1a: Garchomp\n|-damage|p2a: Ogerpon|59/100|[from] item: Rocky Helmet|[of] p1a: Garchomp\n|-enditem|p1a: Garchomp|Rocky Helmet|[from] move: Knock Off|[of] p2a: Ogerpon\n|\n|upkeep\n|turn|10\n|\n|t:|1783800939\n|switch|p2a: Landorus|Landorus-Therian, M|69/100\n|-damage|p2a: Landorus|57/100|[from] Stealth Rock\n|-ability|p2a: Landorus|Intimidate|boost\n|-unboost|p1a: Garchomp|atk|1\n|move|p1a: Garchomp|Spikes|p2a: Landorus\n|-sidestart|p2: Agrael|Spikes\n|\n|upkeep\n|turn|11\n|\n|t:|1783800950\n|move|p2a: Landorus|Outrage|p1a: Garchomp\n|-supereffective|p1a: Garchomp\n|-damage|p1a: Garchomp|5/100\n|-damage|p2a: Landorus|45/100|[from] ability: Rough Skin|[of] p1a: Garchomp\n|move|p1a: Garchomp|Spikes|p2a: Landorus\n|-sidestart|p2: Agrael|Spikes\n|\n|upkeep\n|turn|12\n|\n|t:|1783800956\n|move|p2a: Landorus|Outrage|p1a: Garchomp|[from] lockedmove\n|-supereffective|p1a: Garchomp\n|-damage|p1a: Garchomp|0 fnt\n|-damage|p2a: Landorus|33/100|[from] ability: Rough Skin|[of] p1a: Garchomp\n|faint|p1a: Garchomp\n|-start|p2a: Landorus|confusion|[fatigue]\n|\n|upkeep\n|\n|t:|1783800960\n|switch|p1a: Glimmora|Glimmora, F, shiny|100/100\n|-damage|p1a: Glimmora|88/100|[from] Stealth Rock\n|-item|p1a: Glimmora|Air Balloon\n|turn|13\n|\n|t:|1783800967\n|switch|p2a: Gholdengo|Gholdengo|100/100\n|-damage|p2a: Gholdengo|94/100|[from] Stealth Rock\n|-item|p2a: Gholdengo|Air Balloon\n|move|p1a: Glimmora|Mortal Spin|p2a: Gholdengo\n|-immune|p2a: Gholdengo\n|\n|upkeep\n|turn|14\n|\n|t:|1783800972\n|switch|p1a: Meowscarada|Meowscarada, M|100/100\n|-damage|p1a: Meowscarada|88/100|[from] Stealth Rock\n|-damage|p1a: Meowscarada|76/100|[from] Spikes\n|move|p2a: Gholdengo|Make It Rain|p1a: Meowscarada\n|-damage|p1a: Meowscarada|0 fnt\n|-unboost|p2a: Gholdengo|spa|1\n|faint|p1a: Meowscarada\n|\n|upkeep\n|\n|t:|1783800974\n|switch|p1a: Alomomola|Alomomola, F, shiny|100/100\n|-damage|p1a: Alomomola|88/100|[from] Stealth Rock\n|-damage|p1a: Alomomola|76/100|[from] Spikes\n|turn|15\n|-message|Toni Boi forfeited.\n|\n|win|Agrael\n|raw|Toni Boi's rating: 1215 &rarr; <strong>1196</strong><br />(-19 for losing)\n|raw|Agrael's rating: 1307 &rarr; <strong>1322</strong><br />(+15 for winning)\n|l|☆Toni Boi\n|player|p1|\n|l|☆Agrael\n|player|p2|\n", "uploadtime": 1783801281, "views": 9, "formatid": "gen9ou", "rating": 1196, "private": 0, "password": null}