{"id": "gen9ou-2639292127", "format": "[Gen 9] OU", "players": ["DoomIncarnated", "LOYVA"], "log": "|j|☆DoomIncarnated\n|j|☆LOYVA\n|t:|1782447139\n|gametype|singles\n|player|p1|DoomIncarnated|red|1184\n|player|p2|LOYVA|102|1226\n|gen|9\n|tier|[Gen 9] OU\n|rated|\n|rule|HP Percentage Mod: HP is shown in percentages\n|rule|Endless Battle Clause: Forcing endless battles is banned\n|rule|Species Clause: Limit one of each Pokémon\n|rule|OHKO Clause: OHKO moves are banned\n|rule|Evasion Items Clause: Evasion items are banned\n|rule|Evasion Moves Clause: Evasion moves are banned\n|rule|Evasion Abilities Clause: Evasion abilities are banned\n|rule|Sleep Moves Clause: Sleep-inducing moves are banned\n|clearpoke\n|poke|p1|Tyranitar, F|\n|poke|p1|Scizor, F|\n|poke|p1|Garchomp, M|\n|poke|p1|Clefable, F|\n|poke|p1|Moltres-Galar|\n|poke|p1|Ogerpon-Wellspring, F|\n|poke|p2|Lurantis, F|\n|poke|p2|Dragonite, M|\n|poke|p2|Great Tusk|\n|poke|p2|Quagsire, M|\n|poke|p2|Iron Valiant|\n|poke|p2|Slowking-Galar, F|\n|teampreview\n|inactive|Battle timer is ON: inactive players will automatically lose when time's up. (requested by LOYVA)\n|\n|t:|1782447149\n|teamsize|p1|6\n|teamsize|p2|6\n|start\n|switch|p1a: Moltres|Moltres-Galar|100/100\n|switch|p2a: Lurantis|Lurantis, F|100/100\n|turn|1\n|\n|t:|1782447164\n|move|p1a: Moltres|U-turn|p2a: Lurantis\n|-supereffective|p2a: Lurantis\n|-crit|p2a: Lurantis\n|-damage|p2a: Lurantis|71/100\n|\n|t:|1782447167\n|switch|p1a: Scizor|Scizor, F|100/100|[from] U-turn\n|move|p2a: Lurantis|Superpower|p1a: Scizor\n|-damage|p1a: Scizor|70/100\n|-boost|p2a: Lurantis|atk|1\n|-boost|p2a: Lurantis|def|1\n|\n|-heal|p2a: Lurantis|78/100|[from] item: Leftovers\n|upkeep\n|turn|2\n|\n|t:|1782447179\n|-terastallize|p2a: Lurantis|Fighting\n|move|p1a: Scizor|U-turn|p2a: Lurantis\n|-resisted|p2a: Lurantis\n|-damage|p2a: Lurantis|62/100\n|\n|t:|1782447183\n|switch|p1a: Clefable|Clefable, F|100/100|[from] U-turn\n|move|p2a: Lurantis|Superpower|p1a: Clefable\n|-resisted|p1a: Clefable\n|-damage|p1a: Clefable|77/100\n|-boost|p2a: Lurantis|atk|1\n|-boost|p2a: Lurantis|def|1\n|\n|-heal|p1a: Clefable|83/100|[from] item: Leftovers\n|-heal|p2a: Lurantis|68/100|[from] item: Leftovers\n|upkeep\n|turn|3\n|\n|t:|1782447195\n|move|p1a: Clefable|Thunder Wave|p2a: Lurantis\n|-status|p2a: Lurantis|par\n|cant|p2a: Lurantis|par\n|\n|-heal|p1a: Clefable|89/100|[from] item: Leftovers\n|-heal|p2a: Lurantis|74/100 par|[from] item: Leftovers\n|upkeep\n|turn|4\n|\n|t:|1782447203\n|move|p1a: Clefable|Calm Mind|p1a: Clefable\n|-boost|p1a: Clefable|spa|1\n|-boost|p1a: Clefable|spd|1\n|move|p2a: Lurantis|Poison Jab|p1a: Clefable\n|-supereffective|p1a: Clefable\n|-damage|p1a: Clefable|30/100\n|\n|-heal|p1a: Clefable|37/100|[from] item: Leftovers\n|-heal|p2a: Lurantis|80/100 par|[from] item: Leftovers\n|upkeep\n|turn|5\n|\n|t:|1782447213\n|move|p1a: Clefable|Moonblast|p2a: Lurantis\n|-supereffective|p2a: Lurantis\n|-damage|p2a: Lurantis|0 fnt\n|faint|p2a: Lurantis\n|\n|-heal|p1a: Clefable|43/100|[from] item: Leftovers\n|upkeep\n|\n|t:|1782447224\n|switch|p2a: Slowking|Slowking-Galar, F|100/100\n|turn|6\n|\n|t:|1782447228\n|move|p1a: Clefable|Thunder Wave|p2a: Slowking\n|-status|p2a: Slowking|par\n|cant|p2a: Slowking|par\n|\n|-heal|p1a: Clefable|49/100|[from] item: Leftovers\n|upkeep\n|turn|7\n|\n|t:|1782447238\n|switch|p1a: Moltres|Moltres-Galar|100/100\n|cant|p2a: Slowking|par\n|\n|upkeep\n|turn|8\n|\n|t:|1782447247\n|move|p1a: Moltres|Taunt|p2a: Slowking\n|-start|p2a: Slowking|move: Taunt\n|move|p2a: Slowking|Sludge Bomb|p1a: Moltres\n|-damage|p1a: Moltres|64/100\n|\n|-heal|p1a: Moltres|70/100|[from] item: Leftovers\n|upkeep\n|turn|9\n|\n|t:|1782447259\n|switch|p2a: Quagsire|Quagsire, M|100/100\n|move|p1a: Moltres|Fiery Wrath|p2a: Quagsire\n|-damage|p2a: Quagsire|62/100\n|\n|-heal|p1a: Moltres|76/100|[from] item: Leftovers\n|-heal|p2a: Quagsire|68/100|[from] item: Leftovers\n|upkeep\n|turn|10\n|\n|t:|1782447269\n|move|p1a: Moltres|U-turn|p2a: Quagsire\n|-damage|p2a: Quagsire|59/100\n|\n|t:|1782447271\n|switch|p1a: Ogerpon|Ogerpon-Wellspring, F|100/100|[from] U-turn\n|move|p2a: Quagsire|Toxic|p1a: Ogerpon\n|-status|p1a: Ogerpon|tox\n|\n|-heal|p2a: Quagsire|65/100|[from] item: Leftovers\n|-damage|p1a: Ogerpon|95/100 tox|[from] psn\n|upkeep\n|turn|11\n|\n|t:|1782447285\n|switch|p2a: Slowking|Slowking-Galar, F|100/100 par\n|move|p1a: Ogerpon|Swords Dance|p1a: Ogerpon\n|-boost|p1a: Ogerpon|atk|2\n|\n|-damage|p1a: Ogerpon|83/100 tox|[from] psn\n|upkeep\n|turn|12\n|\n|t:|1782447293\n|-terastallize|p1a: Ogerpon|Water\n|detailschange|p1a: Ogerpon|Ogerpon-Wellspring-Tera, F, tera:Water\n|-ability|p1a: Ogerpon|Embody Aspect (Wellspring)|boost\n|-boost|p1a: Ogerpon|spd|1\n|move|p1a: Ogerpon|Ivy Cudgel|p2a: Slowking|[anim] Ivy Cudgel Water\n|-damage|p2a: Slowking|0 fnt\n|faint|p2a: Slowking\n|\n|-damage|p1a: Ogerpon|65/100 tox|[from] psn\n|upkeep\n|\n|t:|1782447304\n|switch|p2a: Quagsire|Quagsire, M|65/100\n|turn|13\n|\n|t:|1782447308\n|move|p1a: Ogerpon|Horn Leech|p2a: Quagsire\n|-supereffective|p2a: Quagsire\n|-damage|p2a: Quagsire|0 fnt\n|-heal|p1a: Ogerpon|100/100 tox|[from] drain|[of] p2a: Quagsire\n|faint|p2a: Quagsire\n|\n|-damage|p1a: Ogerpon|77/100 tox|[from] psn\n|upkeep\n|\n|t:|1782447318\n|switch|p2a: Iron Valiant|Iron Valiant|100/100\n|-enditem|p2a: Iron Valiant|Booster Energy\n|-activate|p2a: Iron Valiant|ability: Quark Drive|[fromitem]\n|-start|p2a: Iron Valiant|quarkdrivespe\n|turn|14\n|\n|t:|1782447323\n|move|p2a: Iron Valiant|Dazzling Gleam|p1a: Ogerpon\n|-damage|p1a: Ogerpon|51/100 tox\n|move|p1a: Ogerpon|Ivy Cudgel|p2a: Iron Valiant|[anim] Ivy Cudgel Water\n|-damage|p2a: Iron Valiant|0 fnt\n|faint|p2a: Iron Valiant\n|-end|p2a: Iron Valiant|Quark Drive|[silent]\n|\n|-damage|p1a: Ogerpon|21/100 tox|[from] psn\n|upkeep\n|-message|LOYVA forfeited.\n|\n|win|DoomIncarnated\n|raw|DoomIncarnated's rating: 1184 &rarr; <strong>1212</strong><br />(+28 for winning)\n|raw|LOYVA's rating: 1226 &rarr; <strong>1198</strong><br />(-28 for losing)\n|l|☆LOYVA\n|player|p2|\n|l|☆DoomIncarnated\n|player|p1|\n", "uploadtime": 1782447626, "views": 4, "formatid": "gen9ou", "rating": 1198, "private": 0, "password": null}