{"id": "gen9ou-2647783305", "format": "[Gen 9] OU", "players": ["therealflannery_gg", "CjnotTj"], "log": "|j|☆therealflannery_gg\n|j|☆CjnotTj\n|t:|1783811880\n|gametype|singles\n|player|p1|therealflannery_gg|flannery|1338\n|player|p2|CjnotTj|lucas|1398\n|gen|9\n|tier|[Gen 9] OU\n|rated|\n|rule|HP Percentage Mod: HP is shown in percentages\n|rule|Endless Battle Clause: Forcing endless battles is banned\n|rule|Species Clause: Limit one of each Pokémon\n|rule|OHKO Clause: OHKO moves are banned\n|rule|Evasion Items Clause: Evasion items are banned\n|rule|Evasion Moves Clause: Evasion moves are banned\n|rule|Evasion Abilities Clause: Evasion abilities are banned\n|rule|Sleep Moves Clause: Sleep-inducing moves are banned\n|clearpoke\n|poke|p1|Ogerpon-Wellspring, F|\n|poke|p1|Darkrai|\n|poke|p1|Tornadus-Therian, M|\n|poke|p1|Pecharunt|\n|poke|p1|Bronzong|\n|poke|p1|Great Tusk|\n|poke|p2|Zamazenta-*|\n|poke|p2|Kyurem|\n|poke|p2|Enamorus, F|\n|poke|p2|Slowking-Galar, F|\n|poke|p2|Alomomola, F|\n|poke|p2|Garchomp, M|\n|teampreview\n|inactive|Battle timer is ON: inactive players will automatically lose when time's up. (requested by CjnotTj)\n|\n|t:|1783811892\n|teamsize|p1|6\n|teamsize|p2|6\n|start\n|switch|p1a: Tornadus|Tornadus-Therian, M|100/100\n|switch|p2a: Gono|Slowking-Galar, F, shiny|100/100\n|turn|1\n|\n|t:|1783811898\n|move|p1a: Tornadus|Knock Off|p2a: Gono\n|-supereffective|p2a: Gono\n|-damage|p2a: Gono|40/100\n|-enditem|p2a: Gono|Heavy-Duty Boots|[from] move: Knock Off|[of] p1a: Tornadus\n|-prepare|p2a: Gono|Chilly Reception|[premajor]\n|move|p2a: Gono|Chilly Reception|p2a: Gono\n|-weather|Snowscape\n|\n|t:|1783811912\n|switch|p2a: Kyurem|Kyurem, shiny|100/100|[from] Chilly Reception\n|-ability|p2a: Kyurem|Pressure\n|\n|-weather|Snowscape|[upkeep]\n|upkeep\n|turn|2\n|\n|t:|1783811926\n|move|p1a: Tornadus|U-turn|p2a: Kyurem\n|-damage|p2a: Kyurem|88/100\n|\n|t:|1783811930\n|switch|p1a: Bronzong|Bronzong|100/100|[from] U-turn\n|move|p2a: Kyurem|Blizzard|p1a: Bronzong\n|-resisted|p1a: Bronzong\n|-damage|p1a: Bronzong|64/100\n|\n|-weather|Snowscape|[upkeep]\n|upkeep\n|turn|3\n|\n|t:|1783811958\n|switch|p2a: Chewed Gum|Alomomola, F, shiny|100/100\n|move|p1a: Bronzong|Stealth Rock|p2a: Chewed Gum\n|-sidestart|p2: CjnotTj|move: Stealth Rock\n|\n|-weather|Snowscape|[upkeep]\n|upkeep\n|turn|4\n|inactive|therealflannery_gg has 120 seconds left.\n|\n|t:|1783812002\n|switch|p1a: Ogerpon|Ogerpon-Wellspring, F|100/100\n|move|p2a: Chewed Gum|Flip Turn|p1a: Ogerpon\n|-immune|p1a: Ogerpon|[from] ability: Water Absorb\n|\n|-weather|Snowscape|[upkeep]\n|upkeep\n|turn|5\n|\n|t:|1783812010\n|switch|p2a: Gono|Slowking-Galar, F, shiny|74/100\n|-damage|p2a: Gono|61/100|[from] Stealth Rock\n|move|p1a: Ogerpon|Swords Dance|p1a: Ogerpon\n|-boost|p1a: Ogerpon|atk|2\n|\n|-weather|none\n|upkeep\n|turn|6\n|inactive|therealflannery_gg has 120 seconds left.\n|\n|t:|1783812041\n|move|p1a: Ogerpon|Ivy Cudgel|p2a: Gono|[anim] Ivy Cudgel Water\n|-damage|p2a: Gono|0 fnt\n|faint|p2a: Gono\n|\n|upkeep\n|\n|t:|1783812046\n|switch|p2a: Paw Patrol|Zamazenta, shiny|100/100\n|-damage|p2a: Paw Patrol|94/100|[from] Stealth Rock\n|-ability|p2a: Paw Patrol|Dauntless Shield|boost\n|-boost|p2a: Paw Patrol|def|1\n|turn|7\n|\n|t:|1783812058\n|move|p2a: Paw Patrol|Close Combat|p1a: Ogerpon\n|-damage|p1a: Ogerpon|0 fnt\n|-unboost|p2a: Paw Patrol|def|1\n|-unboost|p2a: Paw Patrol|spd|1\n|faint|p1a: Ogerpon\n|\n|upkeep\n|\n|t:|1783812062\n|switch|p1a: Pecharunt|Pecharunt|100/100\n|turn|8\n|\n|t:|1783812069\n|switch|p2a: Garchomp|Garchomp, M|100/100\n|-damage|p2a: Garchomp|94/100|[from] Stealth Rock\n|move|p1a: Pecharunt|Malignant Chain|p2a: Garchomp\n|-resisted|p2a: Garchomp\n|-damage|p2a: Garchomp|75/100\n|-status|p2a: Garchomp|tox\n|-start|p2a: Garchomp|confusion|[from] ability: Poison Puppeteer|[of] p1a: Pecharunt\n|\n|-damage|p2a: Garchomp|69/100 tox|[from] psn\n|upkeep\n|turn|9\n|\n|t:|1783812074\n|switch|p1a: Tornadus|Tornadus-Therian, M|100/100\n|-activate|p2a: Garchomp|confusion\n|move|p2a: Garchomp|Stealth Rock|p1a: Tornadus\n|-sidestart|p1: therealflannery_gg|move: Stealth Rock\n|\n|-damage|p2a: Garchomp|57/100 tox|[from] psn\n|upkeep\n|turn|10\n|\n|t:|1783812082\n|switch|p2a: Chewed Gum|Alomomola, F, shiny|100/100\n|-damage|p2a: Chewed Gum|88/100|[from] Stealth Rock\n|move|p1a: Tornadus|Bleakwind Storm|p2a: Chewed Gum|[miss]\n|-miss|p1a: Tornadus|p2a: Chewed Gum\n|\n|-heal|p2a: Chewed Gum|94/100|[from] item: Leftovers\n|upkeep\n|turn|11\n|\n|t:|1783812097\n|move|p1a: Tornadus|Knock Off|p2a: Chewed Gum\n|-crit|p2a: Chewed Gum\n|-damage|p2a: Chewed Gum|63/100\n|-enditem|p2a: Chewed Gum|Leftovers|[from] move: Knock Off|[of] p1a: Tornadus\n|move|p2a: Chewed Gum|Flip Turn|p1a: Tornadus\n|-damage|p1a: Tornadus|74/100\n|\n|t:|1783812112\n|switch|p2a: Kyurem|Kyurem, shiny|88/100|[from] Flip Turn\n|-damage|p2a: Kyurem|63/100|[from] Stealth Rock\n|-ability|p2a: Kyurem|Pressure\n|\n|upkeep\n|turn|12\n|\n|t:|1783812127\n|move|p1a: Tornadus|U-turn|p2a: Kyurem\n|-damage|p2a: Kyurem|43/100\n|\n|t:|1783812135\n|switch|p1a: Bronzong|Bronzong|64/100|[from] U-turn\n|-damage|p1a: Bronzong|58/100|[from] Stealth Rock\n|move|p2a: Kyurem|Blizzard|p1a: Bronzong\n|-resisted|p1a: Bronzong\n|-damage|p1a: Bronzong|21/100\n|\n|upkeep\n|turn|13\n|\n|t:|1783812144\n|move|p2a: Kyurem|Blizzard|p1a: Bronzong\n|-resisted|p1a: Bronzong\n|-damage|p1a: Bronzong|0 fnt\n|faint|p1a: Bronzong\n|\n|upkeep\n|\n|t:|1783812152\n|switch|p1a: Darkrai|Darkrai|100/100\n|-damage|p1a: Darkrai|88/100|[from] Stealth Rock\n|turn|14\n|\n|t:|1783812157\n|switch|p2a: Chewed Gum|Alomomola, F, shiny|96/100\n|-damage|p2a: Chewed Gum|84/100|[from] Stealth Rock\n|move|p1a: Darkrai|Dark Pulse|p2a: Chewed Gum\n|-damage|p2a: Chewed Gum|37/100\n|\n|upkeep\n|turn|15\n|\n|t:|1783812168\n|switch|p2a: Daddy’s Girl|Enamorus, F|100/100\n|-damage|p2a: Daddy’s Girl|76/100|[from] Stealth Rock\n|move|p1a: Darkrai|Dark Pulse|p2a: Daddy’s Girl\n|-resisted|p2a: Daddy’s Girl\n|-damage|p2a: Daddy’s Girl|29/100\n|\n|upkeep\n|turn|16\n|\n|t:|1783812175\n|move|p2a: Daddy’s Girl|Moonblast|p1a: Darkrai\n|-supereffective|p1a: Darkrai\n|-crit|p1a: Darkrai\n|-damage|p1a: Darkrai|0 fnt\n|faint|p1a: Darkrai\n|\n|upkeep\n|\n|t:|1783812178\n|switch|p1a: Pecharunt|Pecharunt|100/100\n|-damage|p1a: Pecharunt|88/100|[from] Stealth Rock\n|turn|17\n|-message|therealflannery_gg forfeited.\n|\n|win|CjnotTj\n|raw|therealflannery_gg's rating: 1338 &rarr; <strong>1321</strong><br />(-17 for losing)\n|raw|CjnotTj's rating: 1398 &rarr; <strong>1415</strong><br />(+17 for winning)\n|l|☆therealflannery_gg\n|player|p1|\n|l|☆CjnotTj\n|player|p2|\n", "uploadtime": 1783812535, "views": 7, "formatid": "gen9ou", "rating": 1321, "private": 0, "password": null}