{"id": "gen9ou-2639215917", "format": "[Gen 9] OU", "players": ["thepeakmons", "analkalimetal"], "log": "|j|☆thepeakmons\n|j|☆analkalimetal\n|t:|1782435428\n|gametype|singles\n|player|p1|thepeakmons|101|1239\n|player|p2|analkalimetal|169|1240\n|gen|9\n|tier|[Gen 9] OU\n|rated|\n|rule|HP Percentage Mod: HP is shown in percentages\n|rule|Endless Battle Clause: Forcing endless battles is banned\n|rule|Species Clause: Limit one of each Pokémon\n|rule|OHKO Clause: OHKO moves are banned\n|rule|Evasion Items Clause: Evasion items are banned\n|rule|Evasion Moves Clause: Evasion moves are banned\n|rule|Evasion Abilities Clause: Evasion abilities are banned\n|rule|Sleep Moves Clause: Sleep-inducing moves are banned\n|clearpoke\n|poke|p1|Gliscor, F|\n|poke|p1|Gholdengo|\n|poke|p1|Zamazenta-*|\n|poke|p1|Blissey, F|\n|poke|p1|Skarmory, F|\n|poke|p1|Pecharunt|\n|poke|p2|Hydreigon, M|\n|poke|p2|Gholdengo|\n|poke|p2|Primarina, M|\n|poke|p2|Gliscor, M|\n|poke|p2|Samurott-Hisui, F|\n|poke|p2|Cinderace, M|\n|teampreview\n|inactive|Battle timer is ON: inactive players will automatically lose when time's up. (requested by analkalimetal)\n|inactive|thepeakmons also wants the timer to be on.\n|\n|t:|1782435450\n|teamsize|p1|6\n|teamsize|p2|6\n|start\n|switch|p1a: Skarmory|Skarmory, F|100/100\n|switch|p2a: Samurott|Samurott-Hisui, F|100/100\n|turn|1\n|inactive|thepeakmons has 120 seconds left.\n|\n|t:|1782435485\n|move|p2a: Samurott|Ceaseless Edge|p1a: Skarmory\n|-damage|p1a: Skarmory|71/100\n|-sidestart|p1: thepeakmons|Spikes\n|move|p1a: Skarmory|Body Press|p2a: Samurott\n|-supereffective|p2a: Samurott\n|-damage|p2a: Samurott|21/100\n|\n|upkeep\n|turn|2\n|inactive|thepeakmons has 120 seconds left.\n|\n|t:|1782435502\n|switch|p2a: Gholdengo|Gholdengo|100/100\n|move|p1a: Skarmory|Roost|p1a: Skarmory\n|-heal|p1a: Skarmory|100/100\n|-singleturn|p1a: Skarmory|move: Roost\n|\n|upkeep\n|turn|3\n|inactive|thepeakmons has 120 seconds left.\n|\n|t:|1782435514\n|switch|p1a: Blissey|Blissey, F|100/100\n|move|p2a: Gholdengo|Trick|p1a: Blissey\n|-activate|p2a: Gholdengo|move: Trick|[of] p1a: Blissey\n|-item|p1a: Blissey|Choice Scarf|[from] move: Trick\n|-item|p2a: Gholdengo|Heavy-Duty Boots|[from] move: Trick\n|\n|upkeep\n|turn|4\n|inactive|thepeakmons has 120 seconds left.\n|\n|t:|1782435538\n|switch|p2a: Gliscor|Gliscor, M|100/100\n|move|p1a: Blissey|Stealth Rock|p2a: Gliscor\n|-sidestart|p2: analkalimetal|move: Stealth Rock\n|\n|-status|p2a: Gliscor|tox|[from] item: Toxic Orb\n|upkeep\n|turn|5\n|inactive|thepeakmons has 120 seconds left.\n|\n|t:|1782435549\n|switch|p1a: Gliscor|Gliscor, F|100/100\n|move|p2a: Gliscor|U-turn|p1a: Gliscor\n|-resisted|p1a: Gliscor\n|-damage|p1a: Gliscor|95/100\n|\n|t:|1782435557\n|switch|p2a: Samurott|Samurott-Hisui, F|21/100|[from] U-turn\n|-damage|p2a: Samurott|9/100|[from] Stealth Rock\n|\n|-status|p1a: Gliscor|tox|[from] item: Toxic Orb\n|upkeep\n|turn|6\n|\n|t:|1782435566\n|switch|p1a: Zamazenta|Zamazenta|100/100\n|-ability|p1a: Zamazenta|Dauntless Shield|boost\n|-boost|p1a: Zamazenta|def|1\n|move|p2a: Samurott|Ceaseless Edge|p1a: Zamazenta\n|-resisted|p1a: Zamazenta\n|-damage|p1a: Zamazenta|88/100\n|-sidestart|p1: thepeakmons|Spikes\n|\n|upkeep\n|turn|7\n|\n|t:|1782435589\n|switch|p1a: Gliscor|Gliscor, F|95/100 tox\n|switch|p2a: Primarina|Primarina, M|100/100\n|\n|-heal|p1a: Gliscor|100/100 tox|[from] ability: Poison Heal\n|upkeep\n|turn|8\n|inactive|analkalimetal has 120 seconds left.\n|inactive|analkalimetal has 90 seconds left.\n|\n|t:|1782435650\n|switch|p1a: Blissey|Blissey, F|100/100\n|-damage|p1a: Blissey|84/100|[from] Spikes\n|switch|p2a: Cinderace|Cinderace, M|100/100\n|\n|upkeep\n|turn|9\n|\n|t:|1782435662\n|switch|p1a: Gliscor|Gliscor, F|100/100 tox\n|move|p2a: Cinderace|Pyro Ball|p1a: Gliscor\n|-damage|p1a: Gliscor|58/100 tox\n|\n|-heal|p1a: Gliscor|70/100 tox|[from] ability: Poison Heal\n|upkeep\n|turn|10\n|inactive|analkalimetal has 90 seconds left.\n|\n|t:|1782435679\n|move|p2a: Cinderace|U-turn|p1a: Gliscor\n|-start|p2a: Cinderace|typechange|Bug|[from] ability: Libero\n|-resisted|p1a: Gliscor\n|-damage|p1a: Gliscor|56/100 tox\n|\n|t:|1782435691\n|switch|p2a: Hydreigon|Hydreigon, M|100/100|[from] U-turn\n|-damage|p2a: Hydreigon|88/100|[from] Stealth Rock\n|move|p1a: Gliscor|Earthquake|p2a: Hydreigon\n|-immune|p2a: Hydreigon|[from] ability: Levitate\n|\n|-heal|p2a: Hydreigon|94/100|[from] item: Leftovers\n|-heal|p1a: Gliscor|69/100 tox|[from] ability: Poison Heal\n|upkeep\n|turn|11\n|\n|t:|1782435703\n|move|p1a: Gliscor|Protect|p1a: Gliscor\n|-singleturn|p1a: Gliscor|Protect\n|move|p2a: Hydreigon|Stealth Rock|p1a: Gliscor\n|-sidestart|p1: thepeakmons|move: Stealth Rock\n|\n|-heal|p2a: Hydreigon|100/100|[from] item: Leftovers\n|-heal|p1a: Gliscor|81/100 tox|[from] ability: Poison Heal\n|upkeep\n|turn|12\n|\n|t:|1782435710\n|move|p2a: Hydreigon|Draco Meteor|p1a: Gliscor\n|-damage|p1a: Gliscor|20/100 tox\n|-unboost|p2a: Hydreigon|spa|2\n|move|p1a: Gliscor|Swords Dance|p1a: Gliscor\n|-boost|p1a: Gliscor|atk|2\n|\n|-heal|p1a: Gliscor|33/100 tox|[from] ability: Poison Heal\n|upkeep\n|turn|13\n|\n|t:|1782435723\n|switch|p2a: Gholdengo|Gholdengo|100/100\n|move|p1a: Gliscor|Protect||[still]\n|-fail|p1a: Gliscor\n|\n|-heal|p1a: Gliscor|45/100 tox|[from] ability: Poison Heal\n|upkeep\n|turn|14\n|\n|t:|1782435741\n|move|p1a: Gliscor|Protect|p1a: Gliscor\n|-singleturn|p1a: Gliscor|Protect\n|move|p2a: Gholdengo|Make It Rain|p1a: Gliscor\n|-activate|p1a: Gliscor|move: Protect\n|\n|-heal|p1a: Gliscor|58/100 tox|[from] ability: Poison Heal\n|upkeep\n|turn|15\n|\n|t:|1782435753\n|move|p2a: Gholdengo|Make It Rain|p1a: Gliscor\n|-damage|p1a: Gliscor|0 fnt\n|-unboost|p2a: Gholdengo|spa|1\n|faint|p1a: Gliscor\n|\n|upkeep\n|\n|t:|1782435761\n|switch|p1a: Zamazenta|Zamazenta|88/100\n|turn|16\n|inactive|analkalimetal has 120 seconds left.\n|\n|t:|1782435788\n|switch|p2a: Gliscor|Gliscor, M|100/100 tox\n|-damage|p2a: Gliscor|88/100 tox|[from] Stealth Rock\n|move|p1a: Zamazenta|Crunch|p2a: Gliscor\n|-damage|p2a: Gliscor|72/100 tox\n|\n|-heal|p2a: Gliscor|84/100 tox|[from] ability: Poison Heal\n|upkeep\n|turn|17\n|\n|t:|1782435812\n|move|p1a: Zamazenta|Ice Fang|p2a: Gliscor\n|-supereffective|p2a: Gliscor\n|-damage|p2a: Gliscor|34/100 tox\n|move|p2a: Gliscor|Knock Off|p1a: Zamazenta\n|-resisted|p1a: Zamazenta\n|-damage|p1a: Zamazenta|78/100\n|-enditem|p1a: Zamazenta|Heavy-Duty Boots|[from] move: Knock Off|[of] p2a: Gliscor\n|\n|-heal|p2a: Gliscor|47/100 tox|[from] ability: Poison Heal\n|upkeep\n|turn|18\n|\n|t:|1782435829\n|switch|p2a: Primarina|Primarina, M|100/100\n|move|p1a: Zamazenta|Heavy Slam|p2a: Primarina\n|-damage|p2a: Primarina|60/100\n|\n|upkeep\n|turn|19\n|\n|t:|1782435841\n|move|p1a: Zamazenta|Heavy Slam|p2a: Primarina\n|-damage|p2a: Primarina|21/100\n|move|p2a: Primarina|Draining Kiss|p1a: Zamazenta\n|-supereffective|p1a: Zamazenta\n|-damage|p1a: Zamazenta|24/100\n|-heal|p2a: Primarina|60/100|[from] drain|[of] p1a: Zamazenta\n|\n|upkeep\n|turn|20\n|\n|t:|1782435856\n|move|p1a: Zamazenta|Heavy Slam|p2a: Primarina\n|-damage|p2a: Primarina|24/100\n|move|p2a: Primarina|Hyper Voice|p1a: Zamazenta\n|-damage|p1a: Zamazenta|0 fnt\n|faint|p1a: Zamazenta\n|\n|upkeep\n|inactive|thepeakmons has 120 seconds left.\n|\n|t:|1782435873\n|switch|p1a: Pecharunt|Pecharunt|100/100\n|turn|21\n|inactive|thepeakmons has 120 seconds left.\n|\n|t:|1782435885\n|switch|p2a: Gliscor|Gliscor, M|47/100 tox\n|-damage|p2a: Gliscor|34/100 tox|[from] Stealth Rock\n|move|p1a: Pecharunt|Shadow Ball|p2a: Gliscor\n|-damage|p2a: Gliscor|2/100 tox\n|\n|-heal|p2a: Gliscor|15/100 tox|[from] ability: Poison Heal\n|upkeep\n|turn|22\n|inactive|thepeakmons has 120 seconds left.\n|\n|t:|1782435898\n|move|p2a: Gliscor|Protect|p2a: Gliscor\n|-singleturn|p2a: Gliscor|Protect\n|move|p1a: Pecharunt|Shadow Ball|p2a: Gliscor\n|-activate|p2a: Gliscor|move: Protect\n|\n|-heal|p2a: Gliscor|27/100 tox|[from] ability: Poison Heal\n|upkeep\n|turn|23\n|inactive|thepeakmons has 120 seconds left.\n|\n|t:|1782435913\n|switch|p2a: Hydreigon|Hydreigon, M|100/100\n|-damage|p2a: Hydreigon|88/100|[from] Stealth Rock\n|move|p1a: Pecharunt|Shadow Ball|p2a: Hydreigon\n|-resisted|p2a: Hydreigon\n|-damage|p2a: Hydreigon|73/100\n|\n|-heal|p2a: Hydreigon|79/100|[from] item: Leftovers\n|upkeep\n|turn|24\n|inactive|thepeakmons has 120 seconds left.\n|\n|t:|1782435933\n|switch|p1a: Skarmory|Skarmory, F|100/100\n|move|p2a: Hydreigon|Dark Pulse|p1a: Skarmory\n|-damage|p1a: Skarmory|41/100\n|\n|-heal|p2a: Hydreigon|85/100|[from] item: Leftovers\n|upkeep\n|turn|25\n|inactive|thepeakmons has 90 seconds left.\n|\n|t:|1782435961\n|switch|p1a: Blissey|Blissey, F|84/100\n|-damage|p1a: Blissey|67/100|[from] Spikes\n|-damage|p1a: Blissey|55/100|[from] Stealth Rock\n|move|p2a: Hydreigon|Dark Pulse|p1a: Blissey\n|-damage|p1a: Blissey|43/100\n|\n|-heal|p2a: Hydreigon|91/100|[from] item: Leftovers\n|upkeep\n|turn|26\n|inactive|thepeakmons has 90 seconds left.\n|\n|t:|1782435973\n|switch|p2a: Gholdengo|Gholdengo|100/100\n|move|p1a: Blissey|Soft-Boiled|p1a: Blissey\n|-heal|p1a: Blissey|93/100\n|\n|upkeep\n|turn|27\n|inactive|thepeakmons has 90 seconds left.\n|\n|t:|1782435994\n|switch|p2a: Cinderace|Cinderace, M|100/100\n|switch|p1a: Skarmory|Skarmory, F|41/100\n|\n|upkeep\n|turn|28\n|inactive|thepeakmons has 90 seconds left.\n|\n|t:|1782436004\n|switch|p1a: Pecharunt|Pecharunt|100/100\n|move|p2a: Cinderace|Pyro Ball|p1a: Pecharunt\n|-damage|p1a: Pecharunt|74/100\n|\n|upkeep\n|turn|29\n|inactive|thepeakmons has 90 seconds left.\n|\n|t:|1782436021\n|move|p2a: Cinderace|U-turn|p1a: Pecharunt\n|-start|p2a: Cinderace|typechange|Bug|[from] ability: Libero\n|-resisted|p1a: Pecharunt\n|-damage|p1a: Pecharunt|70/100\n|\n|t:|1782436025\n|switch|p2a: Samurott|Samurott-Hisui, F|9/100|[from] U-turn\n|-damage|p2a: Samurott|0 fnt|[from] Stealth Rock\n|faint|p2a: Samurott\n|move|p1a: Pecharunt|Recover|p1a: Pecharunt\n|-heal|p1a: Pecharunt|100/100\n|\n|upkeep\n|\n|t:|1782436035\n|switch|p2a: Gholdengo|Gholdengo|100/100\n|turn|30\n|\n|t:|1782436047\n|switch|p1a: Blissey|Blissey, F|93/100\n|-damage|p1a: Blissey|77/100|[from] Spikes\n|-damage|p1a: Blissey|64/100|[from] Stealth Rock\n|move|p2a: Gholdengo|Shadow Ball|p1a: Blissey\n|-immune|p1a: Blissey\n|\n|upkeep\n|turn|31\n|\n|t:|1782436062\n|switch|p2a: Gliscor|Gliscor, M|27/100 tox\n|-damage|p2a: Gliscor|15/100 tox|[from] Stealth Rock\n|move|p1a: Blissey|Soft-Boiled|p1a: Blissey\n|-heal|p1a: Blissey|100/100\n|\n|-heal|p2a: Gliscor|27/100 tox|[from] ability: Poison Heal\n|upkeep\n|turn|32\n|\n|t:|1782436075\n|switch|p1a: Skarmory|Skarmory, F|41/100\n|move|p2a: Gliscor|Knock Off|p1a: Skarmory\n|-damage|p1a: Skarmory|27/100\n|-enditem|p1a: Skarmory|Heavy-Duty Boots|[from] move: Knock Off|[of] p2a: Gliscor\n|\n|-heal|p2a: Gliscor|40/100 tox|[from] ability: Poison Heal\n|upkeep\n|turn|33\n|inactive|thepeakmons has 90 seconds left.\n|\n|t:|1782436092\n|move|p2a: Gliscor|Protect|p2a: Gliscor\n|-singleturn|p2a: Gliscor|Protect\n|move|p1a: Skarmory|Roost|p1a: Skarmory\n|-heal|p1a: Skarmory|77/100\n|-singleturn|p1a: Skarmory|move: Roost\n|\n|-heal|p2a: Gliscor|52/100 tox|[from] ability: Poison Heal\n|upkeep\n|turn|34\n|\n|t:|1782436110\n|move|p2a: Gliscor|Knock Off|p1a: Skarmory\n|-damage|p1a: Skarmory|67/100\n|move|p1a: Skarmory|Roost|p1a: Skarmory\n|-heal|p1a: Skarmory|100/100\n|-singleturn|p1a: Skarmory|move: Roost\n|\n|-heal|p2a: Gliscor|65/100 tox|[from] ability: Poison Heal\n|upkeep\n|turn|35\n|\n|t:|1782436125\n|move|p2a: Gliscor|U-turn|p1a: Skarmory\n|-resisted|p1a: Skarmory\n|-damage|p1a: Skarmory|98/100\n|\n|t:|1782436132\n|switch|p2a: Gholdengo|Gholdengo|100/100|[from] U-turn\n|move|p1a: Skarmory|Body Press|p2a: Gholdengo\n|-immune|p2a: Gholdengo\n|\n|upkeep\n|turn|36\n|\n|t:|1782436142\n|switch|p1a: Gholdengo|Gholdengo|100/100\n|-damage|p1a: Gholdengo|84/100|[from] Spikes\n|-damage|p1a: Gholdengo|78/100|[from] Stealth Rock\n|move|p2a: Gholdengo|Thunderbolt|p1a: Gholdengo\n|-damage|p1a: Gholdengo|46/100\n|\n|upkeep\n|turn|37\n|\n|t:|1782436155\n|switch|p1a: Blissey|Blissey, F|100/100\n|-damage|p1a: Blissey|84/100|[from] Spikes\n|-damage|p1a: Blissey|72/100|[from] Stealth Rock\n|move|p2a: Gholdengo|Shadow Ball|p1a: Blissey\n|-immune|p1a: Blissey\n|\n|upkeep\n|turn|38\n|inactive|analkalimetal has 120 seconds left.\n|\n|t:|1782436186\n|switch|p2a: Cinderace|Cinderace, M|100/100\n|move|p1a: Blissey|Soft-Boiled|p1a: Blissey\n|-heal|p1a: Blissey|100/100\n|\n|upkeep\n|turn|39\n|\n|t:|1782436193\n|switch|p2a: Gholdengo|Gholdengo|100/100\n|switch|p1a: Pecharunt|Pecharunt|100/100\n|\n|upkeep\n|turn|40\n|\n|t:|1782436202\n|switch|p1a: Blissey|Blissey, F|100/100\n|-damage|p1a: Blissey|84/100|[from] Spikes\n|-damage|p1a: Blissey|72/100|[from] Stealth Rock\n|move|p2a: Gholdengo|Shadow Ball|p1a: Blissey\n|-immune|p1a: Blissey\n|\n|upkeep\n|turn|41\n|inactive|thepeakmons has 120 seconds left.\n|\n|t:|1782436209\n|move|p2a: Gholdengo|Shadow Ball|p1a: Blissey\n|-immune|p1a: Blissey\n|move|p1a: Blissey|Soft-Boiled|p1a: Blissey\n|-heal|p1a: Blissey|100/100\n|\n|upkeep\n|turn|42\n|inactive|thepeakmons has 120 seconds left.\n|\n|t:|1782436221\n|switch|p1a: Pecharunt|Pecharunt|100/100\n|move|p2a: Gholdengo|Shadow Ball|p1a: Pecharunt\n|-supereffective|p1a: Pecharunt\n|-damage|p1a: Pecharunt|12/100\n|\n|upkeep\n|turn|43\n|inactive|thepeakmons has 120 seconds left.\n|\n|t:|1782436235\n|switch|p2a: Cinderace|Cinderace, M|100/100\n|switch|p1a: Gholdengo|Gholdengo|46/100\n|-damage|p1a: Gholdengo|29/100|[from] Spikes\n|-damage|p1a: Gholdengo|23/100|[from] Stealth Rock\n|\n|upkeep\n|turn|44\n|\n|t:|1782436241\n|move|p2a: Cinderace|Pyro Ball|p1a: Gholdengo\n|-supereffective|p1a: Gholdengo\n|-damage|p1a: Gholdengo|0 fnt\n|faint|p1a: Gholdengo\n|\n|upkeep\n|inactive|thepeakmons has 120 seconds left.\n|\n|t:|1782436254\n|switch|p1a: Skarmory|Skarmory, F|98/100\n|-damage|p1a: Skarmory|86/100|[from] Stealth Rock\n|turn|45\n|\n|t:|1782436262\n|move|p2a: Cinderace|Pyro Ball|p1a: Skarmory\n|-supereffective|p1a: Skarmory\n|-damage|p1a: Skarmory|21/100\n|move|p1a: Skarmory|Body Press|p2a: Cinderace\n|-damage|p2a: Cinderace|59/100\n|\n|upkeep\n|turn|46\n|\n|t:|1782436271\n|move|p2a: Cinderace|Pyro Ball|p1a: Skarmory\n|-supereffective|p1a: Skarmory\n|-damage|p1a: Skarmory|0 fnt\n|faint|p1a: Skarmory\n|\n|upkeep\n|\n|t:|1782436279\n|switch|p1a: Blissey|Blissey, F|100/100\n|-damage|p1a: Blissey|84/100|[from] Spikes\n|-damage|p1a: Blissey|72/100|[from] Stealth Rock\n|turn|47\n|\n|t:|1782436284\n|move|p2a: Cinderace|Pyro Ball|p1a: Blissey\n|-damage|p1a: Blissey|17/100\n|move|p1a: Blissey|Soft-Boiled|p1a: Blissey\n|-heal|p1a: Blissey|67/100\n|\n|upkeep\n|turn|48\n|\n|t:|1782436297\n|move|p2a: Cinderace|U-turn|p1a: Blissey\n|-start|p2a: Cinderace|typechange|Bug|[from] ability: Libero\n|-damage|p1a: Blissey|34/100\n|\n|t:|1782436299\n|switch|p2a: Primarina|Primarina, M|24/100|[from] U-turn\n|move|p1a: Blissey|Soft-Boiled|p1a: Blissey\n|-heal|p1a: Blissey|84/100\n|\n|upkeep\n|turn|49\n|\n|t:|1782436316\n|switch|p2a: Hydreigon|Hydreigon, M|91/100\n|-damage|p2a: Hydreigon|79/100|[from] Stealth Rock\n|move|p1a: Blissey|Soft-Boiled|p1a: Blissey\n|-heal|p1a: Blissey|100/100\n|\n|-heal|p2a: Hydreigon|85/100|[from] item: Leftovers\n|upkeep\n|turn|50\n|\n|t:|1782436330\n|switch|p1a: Pecharunt|Pecharunt|12/100\n|move|p2a: Hydreigon|Dark Pulse|p1a: Pecharunt\n|-supereffective|p1a: Pecharunt\n|-damage|p1a: Pecharunt|0 fnt\n|faint|p1a: Pecharunt\n|\n|-heal|p2a: Hydreigon|91/100|[from] item: Leftovers\n|upkeep\n|\n|t:|1782436342\n|switch|p1a: Blissey|Blissey, F|100/100\n|-damage|p1a: Blissey|84/100|[from] Spikes\n|-damage|p1a: Blissey|72/100|[from] Stealth Rock\n|turn|51\n|\n|t:|1782436358\n|switch|p2a: Gholdengo|Gholdengo|100/100\n|move|p1a: Blissey|Shadow Ball|p2a: Gholdengo\n|-supereffective|p2a: Gholdengo\n|-damage|p2a: Gholdengo|69/100\n|\n|upkeep\n|turn|52\n|inactive|analkalimetal has 120 seconds left.\n|\n|t:|1782436410\n|switch|p2a: Hydreigon|Hydreigon, M|91/100\n|-damage|p2a: Hydreigon|79/100|[from] Stealth Rock\n|move|p1a: Blissey|Shadow Ball|p2a: Hydreigon\n|-resisted|p2a: Hydreigon\n|-damage|p2a: Hydreigon|71/100\n|-unboost|p2a: Hydreigon|spd|1\n|\n|-heal|p2a: Hydreigon|77/100|[from] item: Leftovers\n|upkeep\n|turn|53\n|inactive|thepeakmons has 120 seconds left.\n|\n|t:|1782436427\n|move|p2a: Hydreigon|Draco Meteor|p1a: Blissey\n|-damage|p1a: Blissey|51/100\n|-unboost|p2a: Hydreigon|spa|2\n|move|p1a: Blissey|Shadow Ball|p2a: Hydreigon\n|-resisted|p2a: Hydreigon\n|-damage|p2a: Hydreigon|65/100\n|-unboost|p2a: Hydreigon|spd|1\n|\n|-heal|p2a: Hydreigon|71/100|[from] item: Leftovers\n|upkeep\n|turn|54\n|inactive|thepeakmons has 120 seconds left.\n|\n|t:|1782436442\n|switch|p2a: Cinderace|Cinderace, M|59/100\n|move|p1a: Blissey|Shadow Ball|p2a: Cinderace\n|-damage|p2a: Cinderace|38/100\n|\n|upkeep\n|turn|55\n|inactive|thepeakmons has 120 seconds left.\n|inactive|analkalimetal has 120 seconds left.\n|\n|t:|1782436472\n|-terastallize|p2a: Cinderace|Fire\n|move|p2a: Cinderace|Pyro Ball|p1a: Blissey\n|-crit|p1a: Blissey\n|-damage|p1a: Blissey|0 fnt\n|faint|p1a: Blissey\n|\n|win|analkalimetal\n|raw|thepeakmons's rating: 1241 &rarr; <strong>1216</strong><br />(-25 for losing)\n|raw|analkalimetal's rating: 1240 &rarr; <strong>1265</strong><br />(+25 for winning)\n|l|☆analkalimetal\n|player|p2|\n", "uploadtime": 1782436484, "views": 12, "formatid": "gen9ou", "rating": 1216, "private": 0, "password": null}