{"id": "gen9ou-2639999621", "format": "[Gen 9] OU", "players": ["asyss", "tb poke"], "log": "|j|☆asyss\n|j|☆tb poke\n|t:|1782561251\n|gametype|singles\n|player|p1|asyss|idol|1573\n|player|p2|tb poke|170|1580\n|gen|9\n|tier|[Gen 9] OU\n|rated|\n|rule|HP Percentage Mod: HP is shown in percentages\n|rule|Endless Battle Clause: Forcing endless battles is banned\n|rule|Species Clause: Limit one of each Pokémon\n|rule|OHKO Clause: OHKO moves are banned\n|rule|Evasion Items Clause: Evasion items are banned\n|rule|Evasion Moves Clause: Evasion moves are banned\n|rule|Evasion Abilities Clause: Evasion abilities are banned\n|rule|Sleep Moves Clause: Sleep-inducing moves are banned\n|clearpoke\n|poke|p1|Regieleki|\n|poke|p1|Raging Bolt|\n|poke|p1|Great Tusk|\n|poke|p1|Cresselia, F|\n|poke|p1|Scizor, M|\n|poke|p1|Samurott-Hisui, M|\n|poke|p2|Kingambit, F|\n|poke|p2|Garganacl, F|\n|poke|p2|Pecharunt|\n|poke|p2|Alomomola, F|\n|poke|p2|Great Tusk|\n|poke|p2|Tornadus-Therian, M|\n|teampreview\n|inactive|Battle timer is ON: inactive players will automatically lose when time's up. (requested by asyss)\n|\n|t:|1782561280\n|teamsize|p1|6\n|teamsize|p2|6\n|start\n|switch|p1a: Regieleki|Regieleki|100/100\n|switch|p2a: Tornadus|Tornadus-Therian, M|100/100\n|turn|1\n|\n|t:|1782561286\n|switch|p2a: Great Tusk|Great Tusk|100/100\n|-enditem|p2a: Great Tusk|Booster Energy\n|-activate|p2a: Great Tusk|ability: Protosynthesis|[fromitem]\n|-start|p2a: Great Tusk|protosynthesisspe\n|move|p1a: Regieleki|Volt Switch|p2a: Great Tusk\n|-immune|p2a: Great Tusk\n|\n|upkeep\n|turn|2\n|\n|t:|1782561291\n|switch|p1a: Cresselia|Cresselia, F|100/100\n|move|p2a: Great Tusk|Stealth Rock|p1a: Cresselia\n|-sidestart|p1: asyss|move: Stealth Rock\n|\n|upkeep\n|turn|3\n|\n|t:|1782561295\n|-end|p2a: Great Tusk|Protosynthesis|[silent]\n|switch|p2a: Garganacl|Garganacl, F|100/100\n|move|p1a: Cresselia|Calm Mind|p1a: Cresselia\n|-boost|p1a: Cresselia|spa|1\n|-boost|p1a: Cresselia|spd|1\n|\n|upkeep\n|turn|4\n|\n|t:|1782561297\n|move|p1a: Cresselia|Calm Mind|p1a: Cresselia\n|-boost|p1a: Cresselia|spa|1\n|-boost|p1a: Cresselia|spd|1\n|move|p2a: Garganacl|Salt Cure|p1a: Cresselia\n|-damage|p1a: Cresselia|91/100\n|\n|upkeep\n|turn|5\n|\n|t:|1782561300\n|switch|p2a: Kingambit|Kingambit, F|100/100\n|move|p1a: Cresselia|Calm Mind|p1a: Cresselia\n|-boost|p1a: Cresselia|spa|1\n|-boost|p1a: Cresselia|spd|1\n|\n|upkeep\n|turn|6\n|\n|t:|1782561305\n|-terastallize|p1a: Cresselia|Poison\n|move|p1a: Cresselia|Moonblast|p2a: Kingambit\n|-damage|p2a: Kingambit|37/100\n|move|p2a: Kingambit|Swords Dance|p2a: Kingambit\n|-boost|p2a: Kingambit|atk|2\n|\n|upkeep\n|turn|7\n|\n|t:|1782561315\n|move|p2a: Kingambit|Sucker Punch|p1a: Cresselia\n|-damage|p1a: Cresselia|36/100\n|move|p1a: Cresselia|Moonblast|p2a: Kingambit\n|-damage|p2a: Kingambit|0 fnt\n|faint|p2a: Kingambit\n|-end|p2a: Kingambit|fallenundefined|[silent]\n|\n|upkeep\n|\n|t:|1782561328\n|switch|p2a: Pecharunt|Pecharunt|100/100\n|turn|8\n|\n|t:|1782561333\n|move|p2a: Pecharunt|Shadow Ball|p1a: Cresselia\n|-damage|p1a: Cresselia|28/100\n|move|p1a: Cresselia|Moonlight|p1a: Cresselia\n|-heal|p1a: Cresselia|78/100\n|\n|upkeep\n|turn|9\n|\n|t:|1782561338\n|move|p2a: Pecharunt|Nasty Plot|p2a: Pecharunt\n|-boost|p2a: Pecharunt|spa|2\n|move|p1a: Cresselia|Calm Mind|p1a: Cresselia\n|-boost|p1a: Cresselia|spa|1\n|-boost|p1a: Cresselia|spd|1\n|\n|upkeep\n|turn|10\n|\n|t:|1782561340\n|move|p2a: Pecharunt|Shadow Ball|p1a: Cresselia\n|-damage|p1a: Cresselia|67/100\n|move|p1a: Cresselia|Stored Power|p2a: Pecharunt\n|-supereffective|p2a: Pecharunt\n|-damage|p2a: Pecharunt|0 fnt\n|faint|p2a: Pecharunt\n|\n|upkeep\n|-message|tb poke forfeited.\n|\n|win|asyss\n|raw|asyss's rating: 1573 &rarr; <strong>1593</strong><br />(+20 for winning)\n|raw|tb poke's rating: 1580 &rarr; <strong>1560</strong><br />(-20 for losing)\n|l|☆tb poke\n|player|p2|\n", "uploadtime": 1782561346, "views": 14, "formatid": "gen9ou", "rating": 1560, "private": 0, "password": null}