{"id": "gen9ou-2639203480", "format": "[Gen 9] OU", "players": ["nyx-_-317", "thepeakmons"], "log": "|j|☆nyx-_-317\n|j|☆thepeakmons\n|t:|1782433561\n|gametype|singles\n|player|p1|nyx-_-317|265|1221\n|player|p2|thepeakmons|101|1242\n|gen|9\n|tier|[Gen 9] OU\n|rated|\n|rule|HP Percentage Mod: HP is shown in percentages\n|rule|Endless Battle Clause: Forcing endless battles is banned\n|rule|Species Clause: Limit one of each Pokémon\n|rule|OHKO Clause: OHKO moves are banned\n|rule|Evasion Items Clause: Evasion items are banned\n|rule|Evasion Moves Clause: Evasion moves are banned\n|rule|Evasion Abilities Clause: Evasion abilities are banned\n|rule|Sleep Moves Clause: Sleep-inducing moves are banned\n|clearpoke\n|poke|p1|Great Tusk|\n|poke|p1|Clefable, F|\n|poke|p1|Iron Crown|\n|poke|p1|Iron Moth|\n|poke|p1|Raging Bolt|\n|poke|p1|Samurott-Hisui, F|\n|poke|p2|Corviknight, M|\n|poke|p2|Ting-Lu|\n|poke|p2|Kyurem|\n|poke|p2|Dondozo, M|\n|poke|p2|Slowking-Galar, F|\n|poke|p2|Cinderace, F|\n|teampreview\n|inactive|Battle timer is ON: inactive players will automatically lose when time's up. (requested by thepeakmons)\n|\n|t:|1782433586\n|teamsize|p1|6\n|teamsize|p2|6\n|start\n|switch|p1a: Clefable|Clefable, F|100/100\n|switch|p2a: Cinderace|Cinderace, F|100/100\n|turn|1\n|\n|t:|1782433592\n|move|p2a: Cinderace|Pyro Ball|p1a: Clefable\n|-damage|p1a: Clefable|66/100\n|move|p1a: Clefable|Stealth Rock|p2a: Cinderace\n|-sidestart|p2: thepeakmons|move: Stealth Rock\n|\n|-heal|p1a: Clefable|72/100|[from] item: Leftovers\n|upkeep\n|turn|2\n|\n|t:|1782433606\n|move|p2a: Cinderace|Court Change|p2a: Cinderace\n|-swapsideconditions\n|-activate|p2a: Cinderace|move: Court Change\n|move|p1a: Clefable|Thunder Wave|p2a: Cinderace|[miss]\n|-miss|p1a: Clefable|p2a: Cinderace\n|\n|-heal|p1a: Clefable|78/100|[from] item: Leftovers\n|upkeep\n|turn|3\n|\n|t:|1782433614\n|move|p2a: Cinderace|Pyro Ball|p1a: Clefable|[miss]\n|-miss|p2a: Cinderace|p1a: Clefable\n|move|p1a: Clefable|Thunder Wave|p2a: Cinderace\n|-status|p2a: Cinderace|par\n|\n|-heal|p1a: Clefable|85/100|[from] item: Leftovers\n|upkeep\n|turn|4\n|\n|t:|1782433622\n|switch|p2a: Slowking|Slowking-Galar, F|100/100\n|move|p1a: Clefable|Stealth Rock|p2a: Slowking\n|-sidestart|p2: thepeakmons|move: Stealth Rock\n|\n|-heal|p1a: Clefable|91/100|[from] item: Leftovers\n|upkeep\n|turn|5\n|\n|t:|1782433636\n|switch|p1a: Great Tusk|Great Tusk|100/100\n|-damage|p1a: Great Tusk|98/100|[from] Stealth Rock\n|move|p2a: Slowking|Sludge Bomb|p1a: Great Tusk\n|-resisted|p1a: Great Tusk\n|-crit|p1a: Great Tusk\n|-damage|p1a: Great Tusk|62/100\n|\n|upkeep\n|turn|6\n|\n|t:|1782433657\n|move|p1a: Great Tusk|Rapid Spin|p2a: Slowking\n|-damage|p2a: Slowking|87/100\n|-boost|p1a: Great Tusk|spe|1\n|-sideend|p1: nyx-_-317|Stealth Rock|[from] move: Rapid Spin|[of] p1a: Great Tusk\n|move|p2a: Slowking|Ice Beam|p1a: Great Tusk\n|-supereffective|p1a: Great Tusk\n|-damage|p1a: Great Tusk|0 fnt\n|faint|p1a: Great Tusk\n|-end|p1a: Great Tusk|Protosynthesis|[silent]\n|\n|upkeep\n|inactive|nyx-_-317 has 120 seconds left.\n|\n|t:|1782433689\n|switch|p1a: Samurott|Samurott-Hisui, F|100/100\n|turn|7\n|\n|t:|1782433708\n|switch|p2a: Corviknight|Corviknight, M|100/100\n|-damage|p2a: Corviknight|88/100|[from] Stealth Rock\n|-ability|p2a: Corviknight|Pressure\n|move|p1a: Samurott|Ceaseless Edge|p2a: Corviknight\n|-damage|p2a: Corviknight|61/100\n|-damage|p1a: Samurott|84/100|[from] item: Rocky Helmet|[of] p2a: Corviknight\n|-sidestart|p2: thepeakmons|Spikes\n|\n|upkeep\n|turn|8\n|\n|t:|1782433726\n|move|p1a: Samurott|Ceaseless Edge|p2a: Corviknight|[miss]\n|-miss|p1a: Samurott|p2a: Corviknight\n|move|p2a: Corviknight|Defog|p1a: Samurott\n|-unboost|p1a: Samurott|evasion|1\n|-sideend|p2: thepeakmons|Spikes|[from] move: Defog|[of] p2a: Corviknight\n|-sideend|p2: thepeakmons|Stealth Rock|[from] move: Defog|[of] p2a: Corviknight\n|\n|upkeep\n|turn|9\n|\n|t:|1782433737\n|move|p1a: Samurott|Ceaseless Edge|p2a: Corviknight\n|-crit|p2a: Corviknight\n|-damage|p2a: Corviknight|25/100\n|-damage|p1a: Samurott|68/100|[from] item: Rocky Helmet|[of] p2a: Corviknight\n|-sidestart|p2: thepeakmons|Spikes\n|move|p2a: Corviknight|Roost|p2a: Corviknight\n|-heal|p2a: Corviknight|75/100\n|-singleturn|p2a: Corviknight|move: Roost\n|\n|upkeep\n|turn|10\n|\n|t:|1782433751\n|move|p1a: Samurott|Flip Turn|p2a: Corviknight\n|-damage|p2a: Corviknight|60/100\n|-damage|p1a: Samurott|51/100|[from] item: Rocky Helmet|[of] p2a: Corviknight\n|\n|t:|1782433756\n|switch|p1a: Iron Moth|Iron Moth|100/100|[from] Flip Turn\n|-enditem|p1a: Iron Moth|Booster Energy\n|-activate|p1a: Iron Moth|ability: Quark Drive|[fromitem]\n|-start|p1a: Iron Moth|quarkdrivespe\n|move|p2a: Corviknight|U-turn|p1a: Iron Moth\n|-resisted|p1a: Iron Moth\n|-damage|p1a: Iron Moth|95/100\n|\n|t:|1782433765\n|switch|p2a: Kyurem|Kyurem|100/100|[from] U-turn\n|-damage|p2a: Kyurem|88/100|[from] Spikes\n|-ability|p2a: Kyurem|Pressure\n|\n|-heal|p2a: Kyurem|94/100|[from] item: Leftovers\n|upkeep\n|turn|11\n|\n|t:|1782433782\n|move|p1a: Iron Moth|Dazzling Gleam|p2a: Kyurem\n|-supereffective|p2a: Kyurem\n|-damage|p2a: Kyurem|41/100\n|move|p2a: Kyurem|Earth Power|p1a: Iron Moth\n|-supereffective|p1a: Iron Moth\n|-damage|p1a: Iron Moth|0 fnt\n|faint|p1a: Iron Moth\n|-end|p1a: Iron Moth|Quark Drive|[silent]\n|\n|-heal|p2a: Kyurem|47/100|[from] item: Leftovers\n|upkeep\n|\n|t:|1782433792\n|switch|p1a: Iron Crown|Iron Crown|100/100\n|turn|12\n|\n|t:|1782433799\n|move|p1a: Iron Crown|Tachyon Cutter|p2a: Kyurem\n|-supereffective|p2a: Kyurem\n|-damage|p2a: Kyurem|0 fnt\n|faint|p2a: Kyurem\n|-hitcount|p2: Kyurem|1\n|\n|upkeep\n|\n|t:|1782433820\n|switch|p2a: Corviknight|Corviknight, M|60/100\n|-ability|p2a: Corviknight|Pressure\n|turn|13\n|\n|t:|1782433831\n|-end|p1a: Iron Crown|Quark Drive|[silent]\n|switch|p1a: Raging Bolt|Raging Bolt|100/100\n|move|p2a: Corviknight|Roost|p2a: Corviknight\n|-heal|p2a: Corviknight|100/100\n|-singleturn|p2a: Corviknight|move: Roost\n|\n|upkeep\n|turn|14\n|\n|t:|1782433838\n|move|p1a: Raging Bolt|Thunderbolt|p2a: Corviknight\n|-supereffective|p2a: Corviknight\n|-damage|p2a: Corviknight|0 fnt\n|faint|p2a: Corviknight\n|\n|upkeep\n|\n|t:|1782433845\n|switch|p2a: Ting-Lu|Ting-Lu|100/100\n|-damage|p2a: Ting-Lu|88/100|[from] Spikes\n|-ability|p2a: Ting-Lu|Vessel of Ruin\n|turn|15\n|\n|t:|1782433857\n|-end|p1a: Raging Bolt|Protosynthesis|[silent]\n|switch|p1a: Clefable|Clefable, F|91/100\n|move|p2a: Ting-Lu|Earthquake|p1a: Clefable\n|-damage|p1a: Clefable|63/100\n|\n|-heal|p1a: Clefable|69/100|[from] item: Leftovers\n|-heal|p2a: Ting-Lu|94/100|[from] item: Leftovers\n|upkeep\n|turn|16\n|\n|t:|1782433869\n|move|p1a: Clefable|Moonblast|p2a: Ting-Lu\n|-supereffective|p2a: Ting-Lu\n|-damage|p2a: Ting-Lu|69/100\n|move|p2a: Ting-Lu|Earthquake|p1a: Clefable\n|-damage|p1a: Clefable|42/100\n|\n|-heal|p1a: Clefable|48/100|[from] item: Leftovers\n|-heal|p2a: Ting-Lu|76/100|[from] item: Leftovers\n|upkeep\n|turn|17\n|\n|t:|1782433882\n|move|p1a: Clefable|Moonlight|p1a: Clefable\n|-heal|p1a: Clefable|98/100\n|move|p2a: Ting-Lu|Earthquake|p1a: Clefable\n|-damage|p1a: Clefable|69/100\n|\n|-heal|p1a: Clefable|75/100|[from] item: Leftovers\n|-heal|p2a: Ting-Lu|82/100|[from] item: Leftovers\n|upkeep\n|turn|18\n|\n|t:|1782433902\n|switch|p2a: Slowking|Slowking-Galar, F|100/100\n|-damage|p2a: Slowking|88/100|[from] Spikes\n|move|p1a: Clefable|Stealth Rock|p2a: Slowking\n|-sidestart|p2: thepeakmons|move: Stealth Rock\n|\n|-heal|p1a: Clefable|81/100|[from] item: Leftovers\n|upkeep\n|turn|19\n|\n|t:|1782433912\n|move|p1a: Clefable|Thunder Wave|p2a: Slowking\n|-status|p2a: Slowking|par\n|move|p2a: Slowking|Sludge Bomb|p1a: Clefable\n|-supereffective|p1a: Clefable\n|-damage|p1a: Clefable|12/100\n|\n|-heal|p1a: Clefable|19/100|[from] item: Leftovers\n|upkeep\n|turn|20\n|\n|t:|1782433923\n|switch|p1a: Iron Crown|Iron Crown|100/100\n|move|p2a: Slowking|Sludge Bomb|p1a: Iron Crown\n|-immune|p1a: Iron Crown\n|\n|upkeep\n|turn|21\n|\n|t:|1782433940\n|move|p1a: Iron Crown|Tachyon Cutter|p2a: Slowking\n|-damage|p2a: Slowking|60/100 par\n|-damage|p2a: Slowking|30/100 par\n|-hitcount|p2a: Slowking|2\n|-prepare|p2a: Slowking|Chilly Reception|[premajor]\n|move|p2a: Slowking|Chilly Reception|p2a: Slowking\n|-weather|Snowscape\n|\n|t:|1782433957\n|switch|p2a: Ting-Lu|Ting-Lu|82/100|[from] Chilly Reception\n|-damage|p2a: Ting-Lu|69/100|[from] Spikes\n|-damage|p2a: Ting-Lu|63/100|[from] Stealth Rock\n|-ability|p2a: Ting-Lu|Vessel of Ruin\n|\n|-weather|Snowscape|[upkeep]\n|-heal|p2a: Ting-Lu|69/100|[from] item: Leftovers\n|upkeep\n|turn|22\n|\n|t:|1782433972\n|-end|p1a: Iron Crown|Quark Drive|[silent]\n|switch|p1a: Clefable|Clefable, F|19/100\n|move|p2a: Ting-Lu|Earthquake|p1a: Clefable\n|-damage|p1a: Clefable|0 fnt\n|faint|p1a: Clefable\n|\n|-weather|Snowscape|[upkeep]\n|-heal|p2a: Ting-Lu|76/100|[from] item: Leftovers\n|upkeep\n|inactive|nyx-_-317 has 120 seconds left.\n|\n|t:|1782433992\n|switch|p1a: Samurott|Samurott-Hisui, F|51/100\n|turn|23\n|\n|t:|1782433998\n|move|p1a: Samurott|Razor Shell|p2a: Ting-Lu\n|-supereffective|p2a: Ting-Lu\n|-damage|p2a: Ting-Lu|21/100\n|move|p2a: Ting-Lu|Earthquake|p1a: Samurott\n|-damage|p1a: Samurott|11/100\n|\n|-weather|Snowscape|[upkeep]\n|-heal|p2a: Ting-Lu|27/100|[from] item: Leftovers\n|upkeep\n|turn|24\n|\n|t:|1782434008\n|switch|p2a: Dondozo|Dondozo, M|100/100\n|-damage|p2a: Dondozo|88/100|[from] Spikes\n|-damage|p2a: Dondozo|76/100|[from] Stealth Rock\n|move|p1a: Samurott|Razor Shell|p2a: Dondozo\n|-resisted|p2a: Dondozo\n|-damage|p2a: Dondozo|62/100\n|\n|-weather|Snowscape|[upkeep]\n|-heal|p2a: Dondozo|68/100|[from] item: Leftovers\n|upkeep\n|turn|25\n|\n|t:|1782434018\n|move|p1a: Samurott|Ceaseless Edge|p2a: Dondozo\n|-damage|p2a: Dondozo|42/100\n|-sidestart|p2: thepeakmons|Spikes\n|move|p2a: Dondozo|Waterfall|p1a: Samurott\n|-resisted|p1a: Samurott\n|-damage|p1a: Samurott|0 fnt\n|faint|p1a: Samurott\n|\n|-weather|none\n|-heal|p2a: Dondozo|48/100|[from] item: Leftovers\n|upkeep\n|\n|t:|1782434028\n|switch|p1a: Raging Bolt|Raging Bolt|100/100\n|turn|26\n|\n|t:|1782434036\n|switch|p2a: Ting-Lu|Ting-Lu|27/100\n|-damage|p2a: Ting-Lu|10/100|[from] Spikes\n|-damage|p2a: Ting-Lu|4/100|[from] Stealth Rock\n|-ability|p2a: Ting-Lu|Vessel of Ruin\n|move|p1a: Raging Bolt|Calm Mind|p1a: Raging Bolt\n|-boost|p1a: Raging Bolt|spa|1\n|-boost|p1a: Raging Bolt|spd|1\n|\n|-heal|p2a: Ting-Lu|10/100|[from] item: Leftovers\n|upkeep\n|turn|27\n|\n|t:|1782434050\n|switch|p2a: Dondozo|Dondozo, M|48/100\n|-damage|p2a: Dondozo|32/100|[from] Spikes\n|-damage|p2a: Dondozo|20/100|[from] Stealth Rock\n|move|p1a: Raging Bolt|Draco Meteor|p2a: Dondozo\n|-damage|p2a: Dondozo|0 fnt\n|-unboost|p1a: Raging Bolt|spa|2\n|faint|p2a: Dondozo\n|\n|upkeep\n|\n|t:|1782434071\n|switch|p2a: Cinderace|Cinderace, F|100/100 par\n|turn|28\n|\n|t:|1782434079\n|move|p1a: Raging Bolt|Draco Meteor|p2a: Cinderace\n|-damage|p2a: Cinderace|39/100 par\n|-unboost|p1a: Raging Bolt|spa|2\n|move|p2a: Cinderace|Court Change|p2a: Cinderace\n|-swapsideconditions\n|-activate|p2a: Cinderace|move: Court Change\n|\n|upkeep\n|turn|29\n|\n|t:|1782434091\n|move|p1a: Raging Bolt|Draco Meteor|p2a: Cinderace\n|-damage|p2a: Cinderace|1/100 par\n|-unboost|p1a: Raging Bolt|spa|2\n|move|p2a: Cinderace|Pyro Ball|p1a: Raging Bolt\n|-resisted|p1a: Raging Bolt\n|-damage|p1a: Raging Bolt|64/100\n|\n|-heal|p1a: Raging Bolt|70/100|[from] item: Leftovers\n|upkeep\n|turn|30\n|\n|t:|1782434105\n|move|p1a: Raging Bolt|Thunderbolt|p2a: Cinderace\n|-damage|p2a: Cinderace|0 fnt\n|faint|p2a: Cinderace\n|\n|-heal|p1a: Raging Bolt|76/100|[from] item: Leftovers\n|upkeep\n|\n|t:|1782434118\n|switch|p2a: Ting-Lu|Ting-Lu|10/100\n|-ability|p2a: Ting-Lu|Vessel of Ruin\n|turn|31\n|\n|t:|1782434131\n|move|p1a: Raging Bolt|Draco Meteor|p2a: Ting-Lu\n|-damage|p2a: Ting-Lu|1/100\n|-unboost|p1a: Raging Bolt|spa|1\n|move|p2a: Ting-Lu|Rest|p2a: Ting-Lu\n|-status|p2a: Ting-Lu|slp|[from] move: Rest\n|-heal|p2a: Ting-Lu|100/100 slp|[silent]\n|\n|-heal|p1a: Raging Bolt|82/100|[from] item: Leftovers\n|upkeep\n|turn|32\n|inactive|thepeakmons has 120 seconds left.\n|\n|t:|1782434152\n|-end|p1a: Raging Bolt|Protosynthesis|[silent]\n|switch|p1a: Iron Crown|Iron Crown|100/100\n|-damage|p1a: Iron Crown|84/100|[from] Spikes\n|-damage|p1a: Iron Crown|78/100|[from] Stealth Rock\n|cant|p2a: Ting-Lu|slp\n|move|p2a: Ting-Lu|Sleep Talk|p2a: Ting-Lu\n|move|p2a: Ting-Lu|Payback|p1a: Iron Crown|[from] move: Sleep Talk\n|-supereffective|p1a: Iron Crown\n|-damage|p1a: Iron Crown|34/100\n|\n|upkeep\n|turn|33\n|inactive|thepeakmons has 120 seconds left.\n|\n|t:|1782434163\n|-terastallize|p1a: Iron Crown|Fighting\n|move|p1a: Iron Crown|Focus Blast|p2a: Ting-Lu|[miss]\n|-miss|p1a: Iron Crown|p2a: Ting-Lu\n|cant|p2a: Ting-Lu|slp\n|move|p2a: Ting-Lu|Sleep Talk|p2a: Ting-Lu\n|move|p2a: Ting-Lu|Rest||[from] move: Sleep Talk|[still]\n|-fail|p2a: Ting-Lu\n|\n|upkeep\n|turn|34\n|inactive|thepeakmons has 120 seconds left.\n|\n|t:|1782434171\n|move|p1a: Iron Crown|Focus Blast|p2a: Ting-Lu\n|-supereffective|p2a: Ting-Lu\n|-damage|p2a: Ting-Lu|23/100 slp\n|-curestatus|p2a: Ting-Lu|slp|[msg]\n|move|p2a: Ting-Lu|Earthquake|p1a: Iron Crown\n|-damage|p1a: Iron Crown|0 fnt\n|faint|p1a: Iron Crown\n|-end|p1a: Iron Crown|Quark Drive|[silent]\n|\n|-heal|p2a: Ting-Lu|30/100|[from] item: Leftovers\n|upkeep\n|\n|t:|1782434180\n|switch|p1a: Raging Bolt|Raging Bolt|82/100\n|-damage|p1a: Raging Bolt|66/100|[from] Spikes\n|-damage|p1a: Raging Bolt|53/100|[from] Stealth Rock\n|turn|35\n|\n|t:|1782434191\n|switch|p2a: Slowking|Slowking-Galar, F|63/100 par\n|move|p1a: Raging Bolt|Draco Meteor|p2a: Slowking\n|-damage|p2a: Slowking|3/100 par\n|-unboost|p1a: Raging Bolt|spa|2\n|\n|-heal|p1a: Raging Bolt|60/100|[from] item: Leftovers\n|upkeep\n|turn|36\n|inactive|thepeakmons has 120 seconds left.\n|\n|t:|1782434206\n|switch|p2a: Ting-Lu|Ting-Lu|30/100\n|-ability|p2a: Ting-Lu|Vessel of Ruin\n|move|p1a: Raging Bolt|Thunderbolt|p2a: Ting-Lu\n|-immune|p2a: Ting-Lu\n|\n|-heal|p1a: Raging Bolt|66/100|[from] item: Leftovers\n|-heal|p2a: Ting-Lu|36/100|[from] item: Leftovers\n|upkeep\n|turn|37\n|inactive|thepeakmons has 120 seconds left.\n|\n|t:|1782434221\n|move|p1a: Raging Bolt|Calm Mind|p1a: Raging Bolt\n|-boost|p1a: Raging Bolt|spa|1\n|-boost|p1a: Raging Bolt|spd|1\n|move|p2a: Ting-Lu|Earthquake|p1a: Raging Bolt\n|-supereffective|p1a: Raging Bolt\n|-damage|p1a: Raging Bolt|0 fnt\n|faint|p1a: Raging Bolt\n|-end|p1a: Raging Bolt|Protosynthesis|[silent]\n|\n|win|thepeakmons\n|raw|nyx-_-317's rating: 1221 &rarr; <strong>1197</strong><br />(-24 for losing)\n|raw|thepeakmons's rating: 1241 &rarr; <strong>1265</strong><br />(+24 for winning)\n|l|☆nyx-_-317\n|player|p1|\n", "uploadtime": 1782434222, "views": 13, "formatid": "gen9ou", "rating": 1197, "private": 0, "password": null}