{"id": "gen9ou-2647731719", "format": "[Gen 9] OU", "players": ["capitolg", "Aggrhy"], "log": "|j|☆capitolg\n|j|☆Aggrhy\n|t:|1783803167\n|gametype|singles\n|player|p1|capitolg|bellelba|1347\n|player|p2|Aggrhy|red-masters|1271\n|gen|9\n|tier|[Gen 9] OU\n|rated|\n|rule|HP Percentage Mod: HP is shown in percentages\n|rule|Endless Battle Clause: Forcing endless battles is banned\n|rule|Species Clause: Limit one of each Pokémon\n|rule|OHKO Clause: OHKO moves are banned\n|rule|Evasion Items Clause: Evasion items are banned\n|rule|Evasion Moves Clause: Evasion moves are banned\n|rule|Evasion Abilities Clause: Evasion abilities are banned\n|rule|Sleep Moves Clause: Sleep-inducing moves are banned\n|clearpoke\n|poke|p1|Vikavolt, M|\n|poke|p1|Serperior, M|\n|poke|p1|Kingambit, M|\n|poke|p1|Milotic, F|\n|poke|p1|Cinderace, F|\n|poke|p1|Skeledirge, M|\n|poke|p2|Regieleki|\n|poke|p2|Kyurem|\n|poke|p2|Thundurus-Therian, M|\n|poke|p2|Glastrier|\n|poke|p2|Zapdos|\n|poke|p2|Avalugg-Hisui, F|\n|teampreview\n|inactive|Battle timer is ON: inactive players will automatically lose when time's up. (requested by Aggrhy)\n|\n|t:|1783803183\n|teamsize|p1|6\n|teamsize|p2|6\n|start\n|switch|p1a: Vikavolt|Vikavolt, M, shiny|100/100\n|switch|p2a: Kyurem|Kyurem|100/100\n|-ability|p2a: Kyurem|Pressure\n|turn|1\n|\n|t:|1783803191\n|move|p2a: Kyurem|Freeze-Dry|p1a: Vikavolt\n|-damage|p1a: Vikavolt|55/100\n|move|p1a: Vikavolt|Sticky Web|p2a: Kyurem\n|-sidestart|p2: Aggrhy|move: Sticky Web\n|\n|upkeep\n|turn|2\n|\n|t:|1783803198\n|move|p2a: Kyurem|Freeze-Dry|p1a: Vikavolt\n|-damage|p1a: Vikavolt|9/100\n|move|p1a: Vikavolt|Discharge|p2a: Kyurem\n|-resisted|p2a: Kyurem\n|-damage|p2a: Kyurem|78/100\n|-status|p2a: Kyurem|par\n|\n|upkeep\n|turn|3\n|\n|t:|1783803207\n|move|p2a: Kyurem|Freeze-Dry|p1a: Vikavolt\n|-damage|p1a: Vikavolt|0 fnt\n|faint|p1a: Vikavolt\n|\n|upkeep\n|\n|t:|1783803209\n|switch|p1a: Cinderace|Cinderace, F|100/100\n|turn|4\n|\n|t:|1783803216\n|move|p1a: Cinderace|Court Change|p1a: Cinderace\n|-start|p1a: Cinderace|typechange|Normal|[from] ability: Libero\n|-swapsideconditions\n|-activate|p1a: Cinderace|move: Court Change\n|move|p2a: Kyurem|Icicle Spear|p1a: Cinderace\n|-damage|p1a: Cinderace|82/100\n|-damage|p1a: Cinderace|64/100\n|-damage|p1a: Cinderace|46/100\n|-damage|p1a: Cinderace|29/100\n|-damage|p1a: Cinderace|12/100\n|-hitcount|p1a: Cinderace|5\n|\n|upkeep\n|turn|5\n|\n|t:|1783803229\n|move|p1a: Cinderace|Super Fang|p2a: Kyurem\n|-damage|p2a: Kyurem|39/100 par\n|move|p2a: Kyurem|Earth Power|p1a: Cinderace\n|-damage|p1a: Cinderace|0 fnt\n|faint|p1a: Cinderace\n|\n|upkeep\n|\n|t:|1783803237\n|switch|p1a: Kingambit|Kingambit, M|100/100\n|-activate|p1a: Kingambit|move: Sticky Web\n|-unboost|p1a: Kingambit|spe|1\n|-ability|p1a: Kingambit|Defiant|boost\n|-boost|p1a: Kingambit|atk|2\n|turn|6\n|\n|t:|1783803244\n|move|p2a: Kyurem|Earth Power|p1a: Kingambit\n|-supereffective|p1a: Kingambit\n|-damage|p1a: Kingambit|65/100\n|move|p1a: Kingambit|Iron Head|p2a: Kyurem\n|-supereffective|p2a: Kyurem\n|-damage|p2a: Kyurem|0 fnt\n|faint|p2a: Kyurem\n|\n|upkeep\n|\n|t:|1783803253\n|switch|p2a: Zapdos|Zapdos|100/100\n|turn|7\n|\n|t:|1783803256\n|move|p2a: Zapdos|Heat Wave|p1a: Kingambit\n|-supereffective|p1a: Kingambit\n|-damage|p1a: Kingambit|35/100\n|move|p1a: Kingambit|Throat Chop|p2a: Zapdos\n|-damage|p2a: Zapdos|39/100\n|-start|p2a: Zapdos|Throat Chop|[silent]\n|-damage|p1a: Kingambit|18/100|[from] item: Rocky Helmet|[of] p2a: Zapdos\n|\n|upkeep\n|turn|8\n|\n|t:|1783803265\n|move|p1a: Kingambit|Sucker Punch||[still]\n|-fail|p1a: Kingambit\n|move|p2a: Zapdos|Roost|p2a: Zapdos\n|-heal|p2a: Zapdos|89/100\n|-singleturn|p2a: Zapdos|move: Roost\n|\n|-end|p2a: Zapdos|Throat Chop|[silent]\n|upkeep\n|turn|9\n|\n|t:|1783803273\n|move|p2a: Zapdos|Discharge|p1a: Kingambit\n|-damage|p1a: Kingambit|0 fnt\n|faint|p1a: Kingambit\n|\n|upkeep\n|\n|t:|1783803278\n|switch|p1a: Milotic|Milotic, F|100/100\n|-activate|p1a: Milotic|move: Sticky Web\n|-unboost|p1a: Milotic|spe|1\n|-ability|p1a: Milotic|Competitive|boost\n|-boost|p1a: Milotic|spa|2\n|turn|10\n|\n|t:|1783803285\n|move|p2a: Zapdos|Discharge|p1a: Milotic\n|-supereffective|p1a: Milotic\n|-damage|p1a: Milotic|66/100\n|-status|p1a: Milotic|par\n|move|p1a: Milotic|Ice Beam|p2a: Zapdos\n|-supereffective|p2a: Zapdos\n|-damage|p2a: Zapdos|0 fnt\n|faint|p2a: Zapdos\n|\n|upkeep\n|\n|t:|1783803298\n|switch|p2a: Regieleki|Regieleki|100/100\n|turn|11\n|\n|t:|1783803303\n|-terastallize|p1a: Milotic|Grass\n|move|p2a: Regieleki|Thunderbolt|p1a: Milotic\n|-resisted|p1a: Milotic\n|-damage|p1a: Milotic|48/100 par\n|cant|p1a: Milotic|par\n|\n|upkeep\n|turn|12\n|\n|t:|1783803312\n|switch|p2a: Glastrier|Glastrier|100/100\n|move|p1a: Milotic|Scald|p2a: Glastrier\n|-damage|p2a: Glastrier|65/100\n|\n|upkeep\n|turn|13\n|\n|t:|1783803319\n|move|p1a: Milotic|Dragon Breath|p2a: Glastrier\n|-damage|p2a: Glastrier|46/100\n|move|p2a: Glastrier|Avalanche|p1a: Milotic\n|-supereffective|p1a: Milotic\n|-damage|p1a: Milotic|0 fnt\n|faint|p1a: Milotic\n|-ability|p2a: Glastrier|Chilling Neigh|boost\n|-boost|p2a: Glastrier|atk|1\n|\n|upkeep\n|\n|t:|1783803322\n|switch|p1a: Skeledirge|Skeledirge, M|100/100\n|-item|p1a: Skeledirge|Air Balloon\n|turn|14\n|\n|t:|1783803332\n|move|p1a: Skeledirge|Torch Song|p2a: Glastrier\n|-supereffective|p2a: Glastrier\n|-damage|p2a: Glastrier|5/100\n|-boost|p1a: Skeledirge|spa|1\n|move|p2a: Glastrier|Crunch|p1a: Skeledirge\n|-supereffective|p1a: Skeledirge\n|-damage|p1a: Skeledirge|51/100\n|-enditem|p1a: Skeledirge|Air Balloon\n|\n|upkeep\n|turn|15\n|\n|t:|1783803343\n|move|p1a: Skeledirge|Torch Song|p2a: Glastrier\n|-supereffective|p2a: Glastrier\n|-damage|p2a: Glastrier|0 fnt\n|-boost|p1a: Skeledirge|spa|1\n|faint|p2a: Glastrier\n|\n|upkeep\n|\n|t:|1783803350\n|switch|p2a: Thundurus|Thundurus-Therian, M|100/100\n|turn|16\n|\n|t:|1783803354\n|move|p2a: Thundurus|Thunderbolt|p1a: Skeledirge\n|-damage|p1a: Skeledirge|0 fnt\n|faint|p1a: Skeledirge\n|\n|upkeep\n|\n|t:|1783803356\n|switch|p1a: Serperior|Serperior, M|100/100\n|-activate|p1a: Serperior|move: Sticky Web\n|-boost|p1a: Serperior|spe|1\n|turn|17\n|\n|t:|1783803363\n|move|p1a: Serperior|Leaf Storm|p2a: Thundurus\n|-resisted|p2a: Thundurus\n|-damage|p2a: Thundurus|67/100\n|-boost|p1a: Serperior|spa|2\n|move|p2a: Thundurus|Sludge Wave|p1a: Serperior\n|-supereffective|p1a: Serperior\n|-crit|p1a: Serperior\n|-damage|p1a: Serperior|0 fnt\n|faint|p1a: Serperior\n|\n|win|Aggrhy\n|raw|capitolg's rating: 1347 &rarr; <strong>1323</strong><br />(-24 for losing)\n|raw|Aggrhy's rating: 1271 &rarr; <strong>1301</strong><br />(+30 for winning)\n|l|☆capitolg\n|player|p1|\n|l|☆Aggrhy\n|player|p2|\n", "uploadtime": 1783803692, "views": 9, "formatid": "gen9ou", "rating": 1301, "private": 0, "password": null}