{"id": "gen9ou-2640005226", "format": "[Gen 9] OU", "players": ["Pinkacross", "swily"], "log": "|badge|p1|silver|gen9ou|30-9\n|html|<div class=\"broadcast-red\"><strong>This battle is required to be public due to one or more player having a season medal.</strong><br />During the public phase, you can discuss the state of the ladder <a href=\"/seasondiscussion\">in a special chatroom.</a></div>\n|uhtml|medal-msg|<div class=\"broadcast-blue\">Curious what those medals under the avatar are? PS now has Ladder Seasons! For more information, check out the <a href=\"https://www.smogon.com/forums/threads/3740067/\">thread on Smogon.</a></div>\n|badge|p2|gold|gen9ou|3-9\n|uhtml|medal-msg|<div class=\"broadcast-blue\">Curious what those medals under the avatar are? PS now has Ladder Seasons! For more information, check out the <a href=\"https://www.smogon.com/forums/threads/3740067/\">thread on Smogon.</a></div>\n|raw|<div class=\"broadcast-blue\"><strong>This battle is required to be public due to a player having a name starting with 'medal'.</div>\n|j|☆Pinkacross\n|j|☆swily\n|t:|1782562315\n|gametype|singles\n|player|p1|Pinkacross|artist|1889\n|player|p2|swily|170|2061\n|gen|9\n|tier|[Gen 9] OU\n|rated|\n|rule|HP Percentage Mod: HP is shown in percentages\n|rule|Endless Battle Clause: Forcing endless battles is banned\n|rule|Species Clause: Limit one of each Pokémon\n|rule|OHKO Clause: OHKO moves are banned\n|rule|Evasion Items Clause: Evasion items are banned\n|rule|Evasion Moves Clause: Evasion moves are banned\n|rule|Evasion Abilities Clause: Evasion abilities are banned\n|rule|Sleep Moves Clause: Sleep-inducing moves are banned\n|clearpoke\n|poke|p1|Deoxys-Speed|\n|poke|p1|Araquanid, M|\n|poke|p1|Zamazenta-*|\n|poke|p1|Gholdengo|\n|poke|p1|Enamorus, F|\n|poke|p1|Iron Treads|\n|poke|p2|Slither Wing|\n|poke|p2|Ninetales, F|\n|poke|p2|Ceruledge, F|\n|poke|p2|Walking Wake|\n|poke|p2|Great Tusk|\n|poke|p2|Venusaur, M|\n|teampreview\n|c|☆Pinkacross|hf\n|\n|t:|1782562327\n|teamsize|p1|6\n|teamsize|p2|6\n|start\n|switch|p1a: Araquanid|Araquanid, M|100/100\n|switch|p2a: OMG ILY|Slither Wing|100/100\n|turn|1\n|\n|t:|1782562338\n|-terastallize|p2a: OMG ILY|Electric\n|move|p2a: OMG ILY|Wild Charge|p1a: Araquanid\n|-supereffective|p1a: Araquanid\n|-damage|p1a: Araquanid|0 fnt\n|faint|p1a: Araquanid\n|-damage|p2a: OMG ILY|76/100|[from] Recoil\n|\n|upkeep\n|j| niegoitznaiz\n|\n|t:|1782562343\n|switch|p1a: Iron Treads|Iron Treads|100/100\n|-enditem|p1a: Iron Treads|Booster Energy\n|-activate|p1a: Iron Treads|ability: Quark Drive|[fromitem]\n|-start|p1a: Iron Treads|quarkdriveatk\n|turn|2\n|\n|t:|1782562350\n|-end|p2a: OMG ILY|Protosynthesis|[silent]\n|switch|p2a: nah i'd spin|Great Tusk|100/100\n|move|p1a: Iron Treads|Earthquake|p2a: nah i'd spin\n|-damage|p2a: nah i'd spin|50/100\n|\n|upkeep\n|turn|3\n|inactive|Battle timer is ON: inactive players will automatically lose when time's up. (requested by Pinkacross)\n|j| tzop\n|j| dante1310\n|\n|t:|1782562372\n|-end|p2a: nah i'd spin|Protosynthesis|[silent]\n|switch|p2a: Walkenheimer|Walking Wake|100/100\n|move|p1a: Iron Treads|Ice Spinner|p2a: Walkenheimer\n|-damage|p2a: Walkenheimer|61/100\n|\n|upkeep\n|turn|4\n|\n|t:|1782562379\n|-end|p1a: Iron Treads|Quark Drive|[silent]\n|switch|p1a: Zamazenta|Zamazenta|100/100\n|-ability|p1a: Zamazenta|Dauntless Shield|boost\n|-boost|p1a: Zamazenta|def|1\n|move|p2a: Walkenheimer|Hydro Steam|p1a: Zamazenta\n|-damage|p1a: Zamazenta|49/100\n|\n|upkeep\n|turn|5\n|\n|t:|1782562393\n|move|p1a: Zamazenta|Light Screen|p1a: Zamazenta\n|-sidestart|p1: Pinkacross|move: Light Screen\n|move|p2a: Walkenheimer|Hydro Steam|p1a: Zamazenta\n|-damage|p1a: Zamazenta|25/100\n|\n|upkeep\n|turn|6\n|\n|t:|1782562404\n|switch|p1a: Deoxys|Deoxys-Speed|100/100\n|-ability|p1a: Deoxys|Pressure\n|-end|p2a: Walkenheimer|Protosynthesis|[silent]\n|switch|p2a: naruto|Ninetales, F|100/100\n|-weather|SunnyDay|[from] ability: Drought|[of] p2a: naruto\n|\n|-weather|SunnyDay|[upkeep]\n|upkeep\n|turn|7\n|\n|t:|1782562418\n|switch|p2a: OMG ILY|Slither Wing, tera:Electric|76/100\n|-activate|p2a: OMG ILY|ability: Protosynthesis\n|-start|p2a: OMG ILY|protosynthesisatk\n|move|p1a: Deoxys|Nasty Plot|p1a: Deoxys\n|-boost|p1a: Deoxys|spa|2\n|\n|-weather|SunnyDay|[upkeep]\n|upkeep\n|turn|8\n|\n|t:|1782562422\n|switch|p1a: Enamorus|Enamorus, F|100/100\n|move|p2a: OMG ILY|First Impression|p1a: Enamorus\n|-resisted|p1a: Enamorus\n|-damage|p1a: Enamorus|72/100\n|\n|-weather|SunnyDay|[upkeep]\n|upkeep\n|turn|9\n|\n|t:|1782562430\n|move|p1a: Enamorus|Substitute|p1a: Enamorus\n|-start|p1a: Enamorus|Substitute\n|-damage|p1a: Enamorus|48/100\n|move|p2a: OMG ILY|Wild Charge|p1a: Enamorus\n|-supereffective|p1a: Enamorus\n|-end|p1a: Enamorus|Substitute\n|-damage|p2a: OMG ILY|71/100|[from] Recoil|[of] p1a: Enamorus\n|\n|-weather|SunnyDay|[upkeep]\n|upkeep\n|turn|10\n|\n|t:|1782562433\n|move|p1a: Enamorus|Earth Power|p2a: OMG ILY\n|-supereffective|p2a: OMG ILY\n|-damage|p2a: OMG ILY|15/100\n|-unboost|p2a: OMG ILY|spd|1\n|-damage|p1a: Enamorus|38/100|[from] item: Life Orb\n|move|p2a: OMG ILY|Wild Charge|p1a: Enamorus\n|-supereffective|p1a: Enamorus\n|-damage|p1a: Enamorus|0 fnt\n|faint|p1a: Enamorus\n|-damage|p2a: OMG ILY|7/100|[from] Recoil\n|\n|-weather|SunnyDay|[upkeep]\n|upkeep\n|\n|t:|1782562442\n|switch|p1a: Deoxys|Deoxys-Speed|100/100\n|-ability|p1a: Deoxys|Pressure\n|turn|11\n|\n|t:|1782562458\n|-end|p2a: OMG ILY|Protosynthesis|[silent]\n|switch|p2a: nah i'd spin|Great Tusk|50/100\n|-activate|p2a: nah i'd spin|ability: Protosynthesis\n|-start|p2a: nah i'd spin|protosynthesisspe\n|move|p1a: Deoxys|Ice Beam|p2a: nah i'd spin\n|-supereffective|p2a: nah i'd spin\n|-damage|p2a: nah i'd spin|0 fnt\n|faint|p2a: nah i'd spin\n|-end|p2a: nah i'd spin|Protosynthesis|[silent]\n|-damage|p1a: Deoxys|91/100|[from] item: Life Orb\n|\n|-weather|SunnyDay|[upkeep]\n|upkeep\n|\n|t:|1782562461\n|switch|p2a: OMG ILY|Slither Wing, tera:Electric|7/100\n|-activate|p2a: OMG ILY|ability: Protosynthesis\n|-start|p2a: OMG ILY|protosynthesisatk\n|turn|12\n|\n|t:|1782562468\n|switch|p1a: Iron Treads|Iron Treads|100/100\n|move|p2a: OMG ILY|First Impression|p1a: Iron Treads\n|-resisted|p1a: Iron Treads\n|-damage|p1a: Iron Treads|72/100\n|\n|-weather|SunnyDay|[upkeep]\n|-sideend|p1: Pinkacross|move: Light Screen\n|upkeep\n|turn|13\n|j| Garden of Dreams\n|\n|t:|1782562472\n|-end|p2a: OMG ILY|Protosynthesis|[silent]\n|switch|p2a: red judas|Ceruledge, F|100/100\n|-item|p2a: red judas|Air Balloon\n|move|p1a: Iron Treads|Rapid Spin|p2a: red judas\n|-immune|p2a: red judas\n|\n|-weather|none\n|upkeep\n|turn|14\n|\n|t:|1782562479\n|-end|p1a: Iron Treads|Quark Drive|[silent]\n|switch|p1a: Gholdengo|Gholdengo|100/100\n|move|p2a: red judas|Swords Dance|p2a: red judas\n|-boost|p2a: red judas|atk|2\n|\n|upkeep\n|turn|15\n|\n|t:|1782562490\n|move|p2a: red judas|Shadow Sneak|p1a: Gholdengo\n|-supereffective|p1a: Gholdengo\n|-damage|p1a: Gholdengo|0 fnt\n|faint|p1a: Gholdengo\n|\n|upkeep\n|c|☆Pinkacross|gg\n|-message|Pinkacross forfeited.\n|\n|win|swily\n|raw|Pinkacross's rating: 1865 &rarr; <strong>1855</strong><br />(-10 for losing)\n|raw|swily's rating: 2061 &rarr; <strong>2071</strong><br />(+10 for winning)\n|l|☆Pinkacross\n|player|p1|\n|l| dante1310\n|l| niegoitznaiz\n|l| tzop\n", "uploadtime": 1782562538, "views": 22, "formatid": "gen9ou", "rating": 1855, "private": 0, "password": null}