{"id": "gen9ou-2647728166", "format": "[Gen 9] OU", "players": ["Kogasscarf", "XDOOL"], "log": "|j|☆Kogasscarf\n|j|☆XDOOL\n|t:|1783802619\n|gametype|singles\n|player|p1|Kogasscarf|koga|1448\n|player|p2|XDOOL|266|1415\n|gen|9\n|tier|[Gen 9] OU\n|rated|\n|rule|HP Percentage Mod: HP is shown in percentages\n|rule|Endless Battle Clause: Forcing endless battles is banned\n|rule|Species Clause: Limit one of each Pokémon\n|rule|OHKO Clause: OHKO moves are banned\n|rule|Evasion Items Clause: Evasion items are banned\n|rule|Evasion Moves Clause: Evasion moves are banned\n|rule|Evasion Abilities Clause: Evasion abilities are banned\n|rule|Sleep Moves Clause: Sleep-inducing moves are banned\n|clearpoke\n|poke|p1|Scizor, F|\n|poke|p1|Garchomp, F|\n|poke|p1|Gholdengo|\n|poke|p1|Iron Valiant|\n|poke|p1|Darkrai|\n|poke|p1|Iron Treads|\n|poke|p2|Skeledirge, F|\n|poke|p2|Hatterene, F|\n|poke|p2|Cresselia, F|\n|poke|p2|Ursaluna, M|\n|poke|p2|Deoxys-Defense|\n|poke|p2|Primarina, M|\n|teampreview\n|\n|t:|1783802628\n|teamsize|p1|6\n|teamsize|p2|6\n|start\n|switch|p1a: Garchomp|Garchomp, F|100/100\n|switch|p2a: Deoxys|Deoxys-Defense|100/100\n|-ability|p2a: Deoxys|Pressure\n|turn|1\n|\n|t:|1783802632\n|switch|p2a: Hatterene|Hatterene, F|100/100\n|move|p1a: Garchomp|Earthquake|p2a: Hatterene\n|-damage|p2a: Hatterene|54/100\n|\n|upkeep\n|turn|2\n|\n|t:|1783802637\n|switch|p1a: Iron Treads|Iron Treads|100/100\n|move|p2a: Hatterene|Trick Room|p2a: Hatterene\n|-fieldstart|move: Trick Room|[of] p2a: Hatterene\n|\n|upkeep\n|turn|3\n|\n|t:|1783802644\n|switch|p2a: Primarina|Primarina, M|100/100\n|move|p1a: Iron Treads|Knock Off|p2a: Primarina\n|-resisted|p2a: Primarina\n|-damage|p2a: Primarina|88/100\n|-enditem|p2a: Primarina|Choice Specs|[from] move: Knock Off|[of] p1a: Iron Treads\n|\n|upkeep\n|turn|4\n|\n|t:|1783802649\n|move|p2a: Primarina|Surf|p1a: Iron Treads\n|-supereffective|p1a: Iron Treads\n|-damage|p1a: Iron Treads|0 fnt\n|faint|p1a: Iron Treads\n|-end|p1a: Iron Treads|Quark Drive|[silent]\n|\n|upkeep\n|\n|t:|1783802652\n|switch|p1a: Garchomp|Garchomp, F|100/100\n|turn|5\n|\n|t:|1783802664\n|switch|p1a: Scizor|Scizor, F|100/100\n|move|p2a: Primarina|Moonblast|p1a: Scizor\n|-resisted|p1a: Scizor\n|-damage|p1a: Scizor|67/100\n|\n|upkeep\n|turn|6\n|\n|t:|1783802673\n|move|p1a: Scizor|Bullet Punch|p2a: Primarina\n|-damage|p2a: Primarina|31/100\n|move|p2a: Primarina|Surf|p1a: Scizor\n|-crit|p1a: Scizor\n|-damage|p1a: Scizor|0 fnt\n|faint|p1a: Scizor\n|\n|-fieldend|move: Trick Room\n|upkeep\n|\n|t:|1783802682\n|switch|p1a: Darkrai|Darkrai|100/100\n|turn|7\n|\n|t:|1783802690\n|switch|p2a: Hatterene|Hatterene, F|54/100\n|-terastallize|p1a: Darkrai|Dark\n|move|p1a: Darkrai|Dark Pulse|p2a: Hatterene\n|-damage|p2a: Hatterene|0 fnt\n|faint|p2a: Hatterene\n|\n|upkeep\n|\n|t:|1783802704\n|switch|p2a: Deoxys|Deoxys-Defense|100/100\n|-ability|p2a: Deoxys|Pressure\n|turn|8\n|\n|t:|1783802716\n|switch|p1a: Garchomp|Garchomp, F|100/100\n|move|p2a: Deoxys|Trick Room|p2a: Deoxys\n|-fieldstart|move: Trick Room|[of] p2a: Deoxys\n|\n|upkeep\n|turn|9\n|\n|t:|1783802718\n|move|p1a: Garchomp|Stealth Rock|p2a: Deoxys\n|-sidestart|p2: XDOOL|move: Stealth Rock\n|move|p2a: Deoxys|Teleport|p2a: Deoxys\n|\n|t:|1783802724\n|switch|p2a: Ursaluna|Ursaluna, M|100/100|[from] Teleport\n|-damage|p2a: Ursaluna|94/100|[from] Stealth Rock\n|\n|-status|p2a: Ursaluna|brn|[from] item: Flame Orb\n|upkeep\n|turn|10\n|\n|t:|1783802729\n|move|p2a: Ursaluna|Headlong Rush|p1a: Garchomp\n|-damage|p1a: Garchomp|39/100\n|-unboost|p2a: Ursaluna|def|1\n|-unboost|p2a: Ursaluna|spd|1\n|-damage|p2a: Ursaluna|82/100 brn|[from] ability: Rough Skin|[of] p1a: Garchomp\n|-damage|p2a: Ursaluna|66/100 brn|[from] item: Rocky Helmet|[of] p1a: Garchomp\n|move|p1a: Garchomp|Dragon Tail|p2a: Ursaluna\n|-crit|p2a: Ursaluna\n|-damage|p2a: Ursaluna|23/100 brn\n|drag|p2a: Skeledirge|Skeledirge, F|100/100\n|-damage|p2a: Skeledirge|76/100|[from] Stealth Rock\n|\n|upkeep\n|turn|11\n|\n|t:|1783802744\n|move|p2a: Skeledirge|Shadow Ball|p1a: Garchomp\n|-damage|p1a: Garchomp|3/100\n|-unboost|p1a: Garchomp|spd|1\n|move|p1a: Garchomp|Dragon Tail|p2a: Skeledirge\n|-damage|p2a: Skeledirge|53/100\n|drag|p2a: Ursaluna|Ursaluna, M|23/100 brn\n|-damage|p2a: Ursaluna|17/100 brn|[from] Stealth Rock\n|\n|-damage|p2a: Ursaluna|11/100 brn|[from] brn\n|upkeep\n|turn|12\n|\n|t:|1783802757\n|move|p2a: Ursaluna|Headlong Rush|p1a: Garchomp\n|-damage|p1a: Garchomp|0 fnt\n|-unboost|p2a: Ursaluna|def|1\n|-unboost|p2a: Ursaluna|spd|1\n|-damage|p2a: Ursaluna|0 fnt|[from] ability: Rough Skin|[of] p1a: Garchomp\n|faint|p1a: Garchomp\n|faint|p2a: Ursaluna\n|\n|-fieldend|move: Trick Room\n|upkeep\n|\n|t:|1783802765\n|switch|p1a: Darkrai|Darkrai, tera:Dark|100/100\n|switch|p2a: Deoxys|Deoxys-Defense|100/100\n|-damage|p2a: Deoxys|88/100|[from] Stealth Rock\n|-ability|p2a: Deoxys|Pressure\n|turn|13\n|inactive|Battle timer is ON: inactive players will automatically lose when time's up. (requested by Kogasscarf)\n|\n|t:|1783802776\n|move|p1a: Darkrai|Dark Pulse|p2a: Deoxys\n|-supereffective|p2a: Deoxys\n|-damage|p2a: Deoxys|0 fnt\n|faint|p2a: Deoxys\n|\n|upkeep\n|\n|t:|1783802780\n|switch|p2a: Cresselia|Cresselia, F|100/100\n|-damage|p2a: Cresselia|88/100|[from] Stealth Rock\n|turn|14\n|\n|t:|1783802790\n|-terastallize|p2a: Cresselia|Fairy\n|move|p1a: Darkrai|Dark Pulse|p2a: Cresselia\n|-resisted|p2a: Cresselia\n|-damage|p2a: Cresselia|66/100\n|move|p2a: Cresselia|Trick Room|p2a: Cresselia\n|-fieldstart|move: Trick Room|[of] p2a: Cresselia\n|\n|upkeep\n|turn|15\n|\n|t:|1783802799\n|switch|p1a: Gholdengo|Gholdengo|100/100\n|-item|p1a: Gholdengo|Air Balloon\n|move|p2a: Cresselia|Moonblast|p1a: Gholdengo\n|-resisted|p1a: Gholdengo\n|-damage|p1a: Gholdengo|85/100\n|-unboost|p1a: Gholdengo|spa|1\n|-enditem|p1a: Gholdengo|Air Balloon\n|\n|upkeep\n|turn|16\n|\n|t:|1783802809\n|switch|p2a: Skeledirge|Skeledirge, F|53/100\n|-damage|p2a: Skeledirge|28/100|[from] Stealth Rock\n|move|p1a: Gholdengo|Shadow Ball|p2a: Skeledirge\n|-supereffective|p2a: Skeledirge\n|-damage|p2a: Skeledirge|0 fnt\n|faint|p2a: Skeledirge\n|\n|upkeep\n|\n|t:|1783802812\n|switch|p2a: Primarina|Primarina, M|31/100\n|-damage|p2a: Primarina|19/100|[from] Stealth Rock\n|turn|17\n|\n|t:|1783802822\n|switch|p1a: Iron Valiant|Iron Valiant|100/100\n|move|p2a: Primarina|Surf|p1a: Iron Valiant\n|-damage|p1a: Iron Valiant|0 fnt\n|faint|p1a: Iron Valiant\n|-end|p1a: Iron Valiant|Quark Drive|[silent]\n|\n|upkeep\n|\n|t:|1783802834\n|switch|p1a: Gholdengo|Gholdengo|85/100\n|turn|18\n|\n|t:|1783802847\n|move|p2a: Primarina|Hydro Cannon|p1a: Gholdengo\n|-damage|p1a: Gholdengo|0 fnt\n|-mustrecharge|p2a: Primarina\n|faint|p1a: Gholdengo\n|\n|-fieldend|move: Trick Room\n|upkeep\n|\n|t:|1783802849\n|switch|p1a: Darkrai|Darkrai, tera:Dark|100/100\n|turn|19\n|\n|t:|1783802852\n|move|p1a: Darkrai|Sludge Bomb|p2a: Primarina\n|-supereffective|p2a: Primarina\n|-damage|p2a: Primarina|0 fnt\n|faint|p2a: Primarina\n|\n|upkeep\n|\n|t:|1783802854\n|switch|p2a: Cresselia|Cresselia, F, tera:Fairy|66/100\n|-damage|p2a: Cresselia|54/100|[from] Stealth Rock\n|turn|20\n|\n|t:|1783802857\n|move|p1a: Darkrai|Sludge Bomb|p2a: Cresselia\n|-supereffective|p2a: Cresselia\n|-damage|p2a: Cresselia|2/100\n|move|p2a: Cresselia|Moonlight|p2a: Cresselia\n|-heal|p2a: Cresselia|52/100\n|\n|upkeep\n|turn|21\n|\n|t:|1783802862\n|move|p1a: Darkrai|Sludge Bomb|p2a: Cresselia\n|-supereffective|p2a: Cresselia\n|-damage|p2a: Cresselia|4/100\n|move|p2a: Cresselia|Trick Room|p2a: Cresselia\n|-fieldstart|move: Trick Room|[of] p2a: Cresselia\n|\n|upkeep\n|turn|22\n|\n|t:|1783802867\n|move|p2a: Cresselia|Moonlight|p2a: Cresselia\n|-heal|p2a: Cresselia|54/100\n|move|p1a: Darkrai|Sludge Bomb|p2a: Cresselia\n|-supereffective|p2a: Cresselia\n|-crit|p2a: Cresselia\n|-damage|p2a: Cresselia|0 fnt\n|faint|p2a: Cresselia\n|\n|win|Kogasscarf\n|raw|Kogasscarf's rating: 1448 &rarr; <strong>1466</strong><br />(+18 for winning)\n|raw|XDOOL's rating: 1415 &rarr; <strong>1397</strong><br />(-18 for losing)\n|l|☆Kogasscarf\n|player|p1|\n|l|☆XDOOL\n|player|p2|\n", "uploadtime": 1783803156, "views": 6, "formatid": "gen9ou", "rating": 1397, "private": 0, "password": null}