{"id": "gen9ou-2647768982", "format": "[Gen 9] OU", "players": ["Prognathodon", "James2341"], "log": "|j|☆Prognathodon\n|j|☆James2341\n|inactive|Battle timer is ON: inactive players will automatically lose when time's up.\n|t:|1783809328\n|gametype|singles\n|player|p1|Prognathodon|n|\n|player|p2|James2341|ghetsis|\n|gen|9\n|tier|[Gen 9] OU\n|rated|Tournament battle\n|rule|HP Percentage Mod: HP is shown in percentages\n|rule|Endless Battle Clause: Forcing endless battles is banned\n|rule|Species Clause: Limit one of each Pokémon\n|rule|OHKO Clause: OHKO moves are banned\n|rule|Evasion Items Clause: Evasion items are banned\n|rule|Evasion Moves Clause: Evasion moves are banned\n|rule|Evasion Abilities Clause: Evasion abilities are banned\n|rule|Sleep Moves Clause: Sleep-inducing moves are banned\n|clearpoke\n|poke|p1|Dragapult, F|\n|poke|p1|Glimmora, M|\n|poke|p1|Iron Valiant|\n|poke|p1|Iron Moth|\n|poke|p1|Kingambit, F|\n|poke|p1|Walking Wake|\n|poke|p2|Tyranitar, F|\n|poke|p2|Gliscor, M|\n|poke|p2|Kyurem|\n|poke|p2|Great Tusk|\n|poke|p2|Slowking-Galar, M|\n|poke|p2|Darkrai|\n|teampreview\n|j| BB-8-NU\n|j|*Lady Monita \n|c|☆Prognathodon|hi\n|c|☆Prognathodon|glhf\n|j| shinyluvsyou\n|\n|t:|1783809353\n|teamsize|p1|6\n|teamsize|p2|6\n|start\n|switch|p1a: Iron Moth|Iron Moth|100/100\n|switch|p2a: Gliscor|Gliscor, M, shiny|100/100\n|turn|1\n|j| The Plumber 7\n|\n|t:|1783809368\n|move|p2a: Gliscor|Protect|p2a: Gliscor\n|-singleturn|p2a: Gliscor|Protect\n|move|p1a: Iron Moth|Overheat|p2a: Gliscor\n|-activate|p2a: Gliscor|move: Protect\n|\n|-status|p2a: Gliscor|tox|[from] item: Toxic Orb\n|upkeep\n|turn|2\n|\n|t:|1783809374\n|switch|p2a: Slowking|Slowking-Galar, M, shiny|100/100\n|move|p1a: Iron Moth|Overheat|p2a: Slowking|[miss]\n|-miss|p1a: Iron Moth|p2a: Slowking\n|\n|upkeep\n|turn|3\n|l| The Plumber 7\n|\n|t:|1783809380\n|move|p1a: Iron Moth|Overheat|p2a: Slowking\n|-damage|p2a: Slowking|43/100\n|-unboost|p1a: Iron Moth|spa|2\n|move|p2a: Slowking|Future Sight|p1a: Iron Moth\n|-start|p2a: Slowking|move: Future Sight\n|\n|upkeep\n|turn|4\n|\n|t:|1783809392\n|-end|p1a: Iron Moth|Quark Drive|[silent]\n|switch|p1a: Kingambit|Kingambit, F|100/100\n|switch|p2a: Gliscor|Gliscor, M, shiny|100/100 tox\n|\n|upkeep\n|turn|5\n|\n|t:|1783809402\n|move|p2a: Gliscor|Stealth Rock|p1a: Kingambit\n|-sidestart|p1: Prognathodon|move: Stealth Rock\n|move|p1a: Kingambit|Kowtow Cleave|p2a: Gliscor\n|-crit|p2a: Gliscor\n|-damage|p2a: Gliscor|41/100 tox\n|-damage|p1a: Kingambit|91/100|[from] item: Life Orb\n|\n|-end|p1a: Kingambit|move: Future Sight\n|-immune|p1a: Kingambit\n|-heal|p2a: Gliscor|53/100 tox|[from] ability: Poison Heal\n|upkeep\n|turn|6\n|\n|t:|1783809413\n|switch|p2a: Great Tusk|Great Tusk, shiny|100/100\n|move|p1a: Kingambit|Kowtow Cleave|p2a: Great Tusk\n|-resisted|p2a: Great Tusk\n|-damage|p2a: Great Tusk|76/100\n|-damage|p1a: Kingambit|81/100|[from] item: Life Orb\n|\n|upkeep\n|turn|7\n|\n|t:|1783809428\n|move|p2a: Great Tusk|Headlong Rush|p1a: Kingambit\n|-supereffective|p1a: Kingambit\n|-damage|p1a: Kingambit|0 fnt\n|-unboost|p2a: Great Tusk|def|1\n|-unboost|p2a: Great Tusk|spd|1\n|faint|p1a: Kingambit\n|-end|p1a: Kingambit|fallenundefined|[silent]\n|\n|upkeep\n|\n|t:|1783809432\n|switch|p1a: Glimmora|Glimmora, M, shiny|100/100\n|turn|8\n|j| Atarialex\n|\n|t:|1783809458\n|-end|p2a: Great Tusk|Protosynthesis|[silent]\n|switch|p2a: Slowking|Slowking-Galar, M, shiny|76/100\n|-terastallize|p1a: Glimmora|Flying\n|move|p1a: Glimmora|Mortal Spin|p2a: Slowking\n|-resisted|p2a: Slowking\n|-damage|p2a: Slowking|72/100\n|-sideend|p1: Prognathodon|Stealth Rock|[from] move: Mortal Spin|[of] p1a: Glimmora\n|\n|upkeep\n|turn|9\n|\n|t:|1783809470\n|move|p1a: Glimmora|Power Gem|p2a: Slowking\n|-damage|p2a: Slowking|48/100\n|move|p2a: Slowking|Future Sight|p1a: Glimmora\n|-start|p2a: Slowking|move: Future Sight\n|\n|upkeep\n|turn|10\n|\n|t:|1783809475\n|move|p1a: Glimmora|Power Gem|p2a: Slowking\n|-damage|p2a: Slowking|23/100\n|-prepare|p2a: Slowking|Chilly Reception|[premajor]\n|move|p2a: Slowking|Chilly Reception|p2a: Slowking\n|-weather|Snowscape\n|\n|t:|1783809482\n|switch|p2a: Gliscor|Gliscor, M, shiny|53/100 tox|[from] Chilly Reception\n|\n|-weather|Snowscape|[upkeep]\n|-heal|p2a: Gliscor|65/100 tox|[from] ability: Poison Heal\n|upkeep\n|turn|11\n|\n|t:|1783809497\n|move|p2a: Gliscor|Protect|p2a: Gliscor\n|-singleturn|p2a: Gliscor|Protect\n|move|p1a: Glimmora|Power Gem|p2a: Gliscor\n|-activate|p2a: Gliscor|move: Protect\n|\n|-weather|Snowscape|[upkeep]\n|-end|p1a: Glimmora|move: Future Sight\n|-damage|p1a: Glimmora|33/100\n|-heal|p2a: Gliscor|78/100 tox|[from] ability: Poison Heal\n|upkeep\n|turn|12\n|\n|t:|1783809511\n|move|p1a: Glimmora|Spiky Shield|p1a: Glimmora\n|-singleturn|p1a: Glimmora|move: Protect\n|move|p2a: Gliscor|Toxic|p1a: Glimmora\n|-activate|p1a: Glimmora|move: Protect\n|\n|-weather|Snowscape|[upkeep]\n|-heal|p2a: Gliscor|90/100 tox|[from] ability: Poison Heal\n|upkeep\n|turn|13\n|\n|t:|1783809519\n|move|p1a: Glimmora|Power Gem|p2a: Gliscor\n|-damage|p2a: Gliscor|36/100 tox\n|move|p2a: Gliscor|Toxic|p1a: Glimmora\n|-status|p1a: Glimmora|tox\n|\n|-weather|Snowscape|[upkeep]\n|-damage|p1a: Glimmora|27/100 tox|[from] psn\n|-heal|p2a: Gliscor|48/100 tox|[from] ability: Poison Heal\n|upkeep\n|turn|14\n|\n|t:|1783809524\n|move|p2a: Gliscor|Protect|p2a: Gliscor\n|-singleturn|p2a: Gliscor|Protect\n|move|p1a: Glimmora|Power Gem|p2a: Gliscor\n|-activate|p2a: Gliscor|move: Protect\n|\n|-weather|none\n|-damage|p1a: Glimmora|15/100 tox|[from] psn\n|-heal|p2a: Gliscor|61/100 tox|[from] ability: Poison Heal\n|upkeep\n|turn|15\n|\n|t:|1783809532\n|move|p1a: Glimmora|Power Gem|p2a: Gliscor\n|-damage|p2a: Gliscor|10/100 tox\n|move|p2a: Gliscor|Stealth Rock|p1a: Glimmora\n|-sidestart|p1: Prognathodon|move: Stealth Rock\n|\n|-damage|p1a: Glimmora|0 fnt|[from] psn\n|faint|p1a: Glimmora\n|-heal|p2a: Gliscor|23/100 tox|[from] ability: Poison Heal\n|upkeep\n|\n|t:|1783809542\n|switch|p1a: Walking Wake|Walking Wake|100/100\n|turn|16\n|\n|t:|1783809551\n|move|p2a: Gliscor|Protect|p2a: Gliscor\n|-singleturn|p2a: Gliscor|Protect\n|move|p1a: Walking Wake|Hydro Steam|p2a: Gliscor\n|-activate|p2a: Gliscor|move: Protect\n|\n|-heal|p2a: Gliscor|35/100 tox|[from] ability: Poison Heal\n|upkeep\n|turn|17\n|\n|t:|1783809575\n|switch|p2a: Slowking|Slowking-Galar, M, shiny|56/100\n|move|p1a: Walking Wake|Hydro Steam|p2a: Slowking\n|-damage|p2a: Slowking|32/100\n|\n|upkeep\n|turn|18\n|j| Messifan1\n|\n|t:|1783809586\n|switch|p2a: Tyranitar|Tyranitar, F, shiny|100/100\n|-weather|Sandstorm|[from] ability: Sand Stream|[of] p2a: Tyranitar\n|move|p1a: Walking Wake|Dragon Pulse|p2a: Tyranitar\n|-damage|p2a: Tyranitar|83/100\n|\n|-weather|Sandstorm|[upkeep]\n|-damage|p1a: Walking Wake|94/100|[from] Sandstorm\n|upkeep\n|turn|19\n|l| Messifan1\n|\n|t:|1783809596\n|move|p1a: Walking Wake|Hydro Steam|p2a: Tyranitar\n|-supereffective|p2a: Tyranitar\n|-damage|p2a: Tyranitar|49/100\n|move|p2a: Tyranitar|Knock Off|p1a: Walking Wake\n|-damage|p1a: Walking Wake|34/100\n|-enditem|p1a: Walking Wake|Heavy-Duty Boots|[from] move: Knock Off|[of] p2a: Tyranitar\n|\n|-weather|Sandstorm|[upkeep]\n|-damage|p1a: Walking Wake|28/100|[from] Sandstorm\n|upkeep\n|turn|20\n|c|☆Prognathodon|i hate stall god\n|\n|t:|1783809602\n|move|p1a: Walking Wake|Hydro Steam|p2a: Tyranitar\n|-supereffective|p2a: Tyranitar\n|-damage|p2a: Tyranitar|13/100\n|move|p2a: Tyranitar|Knock Off|p1a: Walking Wake\n|-damage|p1a: Walking Wake|0 fnt\n|faint|p1a: Walking Wake\n|-end|p1a: Walking Wake|Protosynthesis|[silent]\n|\n|-weather|Sandstorm|[upkeep]\n|upkeep\n|\n|t:|1783809610\n|switch|p1a: Iron Valiant|Iron Valiant|100/100\n|-damage|p1a: Iron Valiant|94/100|[from] Stealth Rock\n|-enditem|p1a: Iron Valiant|Booster Energy\n|-activate|p1a: Iron Valiant|ability: Quark Drive|[fromitem]\n|-start|p1a: Iron Valiant|quarkdrivespe\n|turn|21\n|\n|t:|1783809616\n|move|p1a: Iron Valiant|Moonblast|p2a: Tyranitar\n|-supereffective|p2a: Tyranitar\n|-damage|p2a: Tyranitar|0 fnt\n|faint|p2a: Tyranitar\n|\n|-weather|Sandstorm|[upkeep]\n|-damage|p1a: Iron Valiant|88/100|[from] Sandstorm\n|upkeep\n|\n|t:|1783809620\n|switch|p2a: Slowking|Slowking-Galar, M, shiny|65/100\n|turn|22\n|\n|t:|1783809628\n|switch|p2a: Gliscor|Gliscor, M, shiny|35/100 tox\n|move|p1a: Iron Valiant|Psychic|p2a: Gliscor\n|-damage|p2a: Gliscor|1/100 tox\n|\n|-weather|none\n|-heal|p2a: Gliscor|14/100 tox|[from] ability: Poison Heal\n|upkeep\n|turn|23\n|\n|t:|1783809635\n|move|p1a: Iron Valiant|Calm Mind|p1a: Iron Valiant\n|-boost|p1a: Iron Valiant|spa|1\n|-boost|p1a: Iron Valiant|spd|1\n|move|p2a: Gliscor|Toxic|p1a: Iron Valiant\n|-status|p1a: Iron Valiant|tox\n|\n|-damage|p1a: Iron Valiant|82/100 tox|[from] psn\n|-heal|p2a: Gliscor|26/100 tox|[from] ability: Poison Heal\n|upkeep\n|turn|24\n|\n|t:|1783809639\n|move|p2a: Gliscor|Protect|p2a: Gliscor\n|-singleturn|p2a: Gliscor|Protect\n|move|p1a: Iron Valiant|Calm Mind|p1a: Iron Valiant\n|-boost|p1a: Iron Valiant|spa|1\n|-boost|p1a: Iron Valiant|spd|1\n|\n|-damage|p1a: Iron Valiant|69/100 tox|[from] psn\n|-heal|p2a: Gliscor|39/100 tox|[from] ability: Poison Heal\n|upkeep\n|turn|25\n|\n|t:|1783809642\n|switch|p2a: Slowking|Slowking-Galar, M, shiny|98/100\n|move|p1a: Iron Valiant|Moonblast|p2a: Slowking\n|-resisted|p2a: Slowking\n|-damage|p2a: Slowking|70/100\n|-unboost|p2a: Slowking|spa|1\n|\n|-damage|p1a: Iron Valiant|51/100 tox|[from] psn\n|upkeep\n|turn|26\n|c|☆Prognathodon|dude\n|c|☆Prognathodon|stop hitting the swap button ur gonna kill it\n|\n|t:|1783809667\n|move|p1a: Iron Valiant|Psychic|p2a: Slowking\n|-damage|p2a: Slowking|37/100\n|move|p2a: Slowking|Future Sight|p1a: Iron Valiant\n|-start|p2a: Slowking|move: Future Sight\n|\n|-damage|p1a: Iron Valiant|26/100 tox|[from] psn\n|upkeep\n|turn|27\n|j| prymite\n|\n|t:|1783809672\n|move|p1a: Iron Valiant|Psychic|p2a: Slowking\n|-damage|p2a: Slowking|0 fnt\n|faint|p2a: Slowking\n|\n|-damage|p1a: Iron Valiant|0 fnt|[from] psn\n|faint|p1a: Iron Valiant\n|-end|p1a: Iron Valiant|Quark Drive|[silent]\n|upkeep\n|\n|t:|1783809679\n|switch|p1a: Iron Moth|Iron Moth|100/100\n|switch|p2a: Darkrai|Darkrai, shiny|100/100\n|-damage|p1a: Iron Moth|76/100|[from] Stealth Rock\n|turn|28\n|\n|t:|1783809687\n|switch|p2a: Gliscor|Gliscor, M, shiny|39/100 tox\n|move|p1a: Iron Moth|Overheat|p2a: Gliscor\n|-damage|p2a: Gliscor|0 fnt\n|-unboost|p1a: Iron Moth|spa|2\n|faint|p2a: Gliscor\n|\n|-end|p1a: Iron Moth|move: Future Sight\n|-supereffective|p1a: Iron Moth\n|-damage|p1a: Iron Moth|0 fnt\n|faint|p1a: Iron Moth\n|-end|p1a: Iron Moth|Quark Drive|[silent]\n|upkeep\n|l| prymite\n|\n|t:|1783809692\n|switch|p1a: Dragapult|Dragapult, F|100/100\n|switch|p2a: Darkrai|Darkrai, shiny|100/100\n|-damage|p1a: Dragapult|88/100|[from] Stealth Rock\n|turn|29\n|\n|t:|1783809699\n|move|p1a: Dragapult|Dragon Darts|p2a: Darkrai\n|-crit|p2a: Darkrai\n|-damage|p2a: Darkrai|45/100\n|-anim|p1a: Dragapult|Dragon Darts|p2a: Darkrai\n|-damage|p2a: Darkrai|5/100\n|move|p2a: Darkrai|Dark Pulse|p1a: Dragapult\n|-supereffective|p1a: Dragapult\n|-damage|p1a: Dragapult|0 fnt\n|faint|p1a: Dragapult\n|\n|win|James2341\n|n|☆Prognathodon|prognathodon\n|n|☆James2341|james2341\n|n| BB-8-NU|bb8nu\n|n|*Lady Monita |ladymonita\n|n| shinyluvsyou|shinyluvsyou\n|n| Atarialex|atarialex\n|l|*Lady Monita \n", "uploadtime": 1783809699, "views": 3, "formatid": "gen9ou", "rating": null, "private": 0, "password": null}