{"id": "gen9ou-2639198065", "format": "[Gen 9] OU", "players": ["leevoiceact", "ag_dwon"], "log": "|j|☆leevoiceact\n|j|‽ag_dwon\n|t:|1782432760\n|gametype|singles\n|player|p1|leevoiceact|giovanni|1086\n|player|p2|ag_dwon|266|1128\n|gen|9\n|tier|[Gen 9] OU\n|rated|\n|rule|HP Percentage Mod: HP is shown in percentages\n|rule|Endless Battle Clause: Forcing endless battles is banned\n|rule|Species Clause: Limit one of each Pokémon\n|rule|OHKO Clause: OHKO moves are banned\n|rule|Evasion Items Clause: Evasion items are banned\n|rule|Evasion Moves Clause: Evasion moves are banned\n|rule|Evasion Abilities Clause: Evasion abilities are banned\n|rule|Sleep Moves Clause: Sleep-inducing moves are banned\n|clearpoke\n|poke|p1|Bellibolt, M|\n|poke|p1|Swampert, M|\n|poke|p1|Dodrio, M|\n|poke|p1|Shaymin|\n|poke|p1|Glastrier|\n|poke|p1|Noivern, F|\n|poke|p2|Meowscarada, F|\n|poke|p2|Corviknight, M|\n|poke|p2|Pecharunt|\n|poke|p2|Primarina, M|\n|poke|p2|Ceruledge, F|\n|poke|p2|Raging Bolt|\n|teampreview\n|\n|t:|1782432775\n|teamsize|p1|6\n|teamsize|p2|6\n|start\n|switch|p1a: Mudfish|Swampert, M|100/100\n|switch|p2a: Meowscarada|Meowscarada, F|100/100\n|turn|1\n|\n|t:|1782432787\n|switch|p1a: Chia Pet|Shaymin|100/100\n|move|p2a: Meowscarada|Triple Axel|p1a: Chia Pet\n|-start|p2a: Meowscarada|typechange|Ice|[from] ability: Protean\n|-supereffective|p1a: Chia Pet\n|-damage|p1a: Chia Pet|81/100\n|-supereffective|p1a: Chia Pet\n|-damage|p1a: Chia Pet|44/100\n|-supereffective|p1a: Chia Pet\n|-damage|p1a: Chia Pet|0 fnt\n|faint|p1a: Chia Pet\n|-hitcount|p1: Chia Pet|3\n|\n|upkeep\n|\n|t:|1782432803\n|switch|p1a: Big Belly|Bellibolt, M|100/100\n|turn|2\n|\n|t:|1782432827\n|move|p2a: Meowscarada|Flower Trick|p1a: Big Belly\n|-crit|p1a: Big Belly\n|-damage|p1a: Big Belly|73/100\n|-start|p1a: Big Belly|Charge|Flower Trick|[from] ability: Electromorphosis\n|move|p1a: Big Belly|Parabolic Charge|p2a: Meowscarada\n|-damage|p2a: Meowscarada|20/100\n|-heal|p1a: Big Belly|100/100|[from] drain|[of] p2a: Meowscarada\n|-end|p1a: Big Belly|Charge|[silent]\n|\n|upkeep\n|turn|3\n|\n|t:|1782432841\n|move|p2a: Meowscarada|U-turn|p1a: Big Belly\n|-damage|p1a: Big Belly|82/100\n|-start|p1a: Big Belly|Charge|U-turn|[from] ability: Electromorphosis\n|-damage|p2a: Meowscarada|4/100|[from] item: Rocky Helmet|[of] p1a: Big Belly\n|\n|t:|1782432866\n|switch|p2a: Raging Bolt|Raging Bolt|100/100|[from] U-turn\n|move|p1a: Big Belly|Parabolic Charge|p2a: Raging Bolt\n|-resisted|p2a: Raging Bolt\n|-damage|p2a: Raging Bolt|88/100\n|-heal|p1a: Big Belly|89/100|[from] drain|[of] p2a: Raging Bolt\n|-end|p1a: Big Belly|Charge|[silent]\n|\n|upkeep\n|turn|4\n|\n|t:|1782432877\n|move|p2a: Raging Bolt|Draco Meteor|p1a: Big Belly\n|-damage|p1a: Big Belly|0 fnt\n|-unboost|p2a: Raging Bolt|spa|2\n|faint|p1a: Big Belly\n|\n|upkeep\n|\n|t:|1782432893\n|switch|p1a: Horsepower|Glastrier|100/100\n|turn|5\n|\n|t:|1782432902\n|-end|p2a: Raging Bolt|Protosynthesis|[silent]\n|switch|p2a: Pecharunt|Pecharunt|100/100\n|move|p1a: Horsepower|Icicle Crash|p2a: Pecharunt\n|-damage|p2a: Pecharunt|82/100\n|\n|upkeep\n|turn|6\n|\n|t:|1782432912\n|move|p2a: Pecharunt|Malignant Chain|p1a: Horsepower\n|-damage|p1a: Horsepower|80/100\n|-status|p1a: Horsepower|tox\n|-start|p1a: Horsepower|confusion|[from] ability: Poison Puppeteer|[of] p2a: Pecharunt\n|-activate|p1a: Horsepower|confusion\n|move|p1a: Horsepower|Crunch|p2a: Pecharunt\n|-supereffective|p2a: Pecharunt\n|-damage|p2a: Pecharunt|56/100\n|-unboost|p2a: Pecharunt|def|1\n|\n|-damage|p1a: Horsepower|74/100 tox|[from] psn\n|upkeep\n|turn|7\n|\n|t:|1782432930\n|switch|p1a: Triplet|Dodrio, M|100/100\n|move|p2a: Pecharunt|Parting Shot|p1a: Triplet\n|-unboost|p1a: Triplet|atk|1\n|-unboost|p1a: Triplet|spa|1\n|\n|t:|1782432963\n|switch|p2a: Raging Bolt|Raging Bolt|88/100|[from] Parting Shot\n|\n|upkeep\n|turn|8\n|\n|t:|1782432975\n|switch|p1a: Mudfish|Swampert, M|100/100\n|move|p2a: Raging Bolt|Draco Meteor|p1a: Mudfish\n|-damage|p1a: Mudfish|3/100\n|-unboost|p2a: Raging Bolt|spa|2\n|\n|-heal|p1a: Mudfish|9/100|[from] item: Leftovers\n|upkeep\n|turn|9\n|\n|t:|1782432984\n|move|p2a: Raging Bolt|Draco Meteor|p1a: Mudfish\n|-damage|p1a: Mudfish|0 fnt\n|-unboost|p2a: Raging Bolt|spa|2\n|faint|p1a: Mudfish\n|\n|upkeep\n|\n|t:|1782432993\n|switch|p1a: Triplet|Dodrio, M|100/100\n|turn|10\n|\n|t:|1782433005\n|-end|p2a: Raging Bolt|Protosynthesis|[silent]\n|switch|p2a: Corviknight|Corviknight, M|100/100\n|-ability|p2a: Corviknight|Pressure\n|-terastallize|p1a: Triplet|Normal\n|move|p1a: Triplet|Trailblaze|p2a: Corviknight\n|-resisted|p2a: Corviknight\n|-damage|p2a: Corviknight|97/100\n|-boost|p1a: Triplet|spe|1\n|-damage|p1a: Triplet|84/100|[from] item: Rocky Helmet|[of] p2a: Corviknight\n|\n|upkeep\n|turn|11\n|-message|leevoiceact forfeited.\n|\n|win|ag_dwon\n|raw|leevoiceact's rating: 1086 &rarr; <strong>1066</strong><br />(-20 for losing)\n|raw|ag_dwon's rating: 1128 &rarr; <strong>1150</strong><br />(+22 for winning)\n|l|☆leevoiceact\n|player|p1|\n|l|‽ag_dwon\n|player|p2|\n", "uploadtime": 1782433371, "views": 5, "formatid": "gen9ou", "rating": 1066, "private": 0, "password": null}