{"id": "gen9ou-2540783808", "format": "[Gen 9] OU", "players": ["wuxinshushu1", "Aureo"], "log": "|j|☆wuxinshushu1\n|j|☆Aureo\n|t:|1771253579\n|gametype|singles\n|player|p1|wuxinshushu1|hiker-gen4|1594\n|player|p2|Aureo|lysandre-masters|1654\n|gen|9\n|tier|[Gen 9] OU\n|rated|\n|rule|HP Percentage Mod: HP is shown in percentages\n|rule|Endless Battle Clause: Forcing endless battles is banned\n|rule|Species Clause: Limit one of each Pokémon\n|rule|OHKO Clause: OHKO moves are banned\n|rule|Evasion Items Clause: Evasion items are banned\n|rule|Evasion Moves Clause: Evasion moves are banned\n|rule|Evasion Abilities Clause: Evasion abilities are banned\n|rule|Sleep Moves Clause: Sleep-inducing moves are banned\n|clearpoke\n|poke|p1|Blissey, F|\n|poke|p1|Corviknight, M|\n|poke|p1|Clodsire, F|\n|poke|p1|Alomomola, F|\n|poke|p1|Sinistcha-Masterpiece|\n|poke|p1|Tornadus-Therian, M|\n|poke|p2|Zamazenta-*|\n|poke|p2|Dragonite, F|\n|poke|p2|Iron Moth|\n|poke|p2|Corviknight, M|\n|poke|p2|Scizor, F|\n|poke|p2|Zapdos|\n|teampreview\n|inactive|Battle timer is ON: inactive players will automatically lose when time's up. (requested by Aureo)\n|\n|t:|1771253593\n|teamsize|p1|6\n|teamsize|p2|6\n|start\n|switch|p1a: Tornadus|Tornadus-Therian, M|100/100\n|switch|p2a: Dragonite|Dragonite, F|100/100\n|turn|1\n|\n|t:|1771253600\n|move|p1a: Tornadus|Taunt|p2a: Dragonite\n|-start|p2a: Dragonite|move: Taunt\n|cant|p2a: Dragonite|move: Taunt|Dragon Dance\n|\n|upkeep\n|turn|2\n|\n|t:|1771253610\n|move|p2a: Dragonite|Extreme Speed|p1a: Tornadus\n|-damage|p1a: Tornadus|59/100\n|move|p1a: Tornadus|Knock Off|p2a: Dragonite\n|-damage|p2a: Dragonite|87/100\n|-enditem|p2a: Dragonite|Lum Berry|[from] move: Knock Off|[of] p1a: Tornadus\n|\n|upkeep\n|turn|3\n|\n|t:|1771253618\n|switch|p1a: Alomomola|Alomomola, F|100/100\n|move|p2a: Dragonite|Extreme Speed|p1a: Alomomola\n|-damage|p1a: Alomomola|82/100\n|-damage|p2a: Dragonite|71/100|[from] item: Rocky Helmet|[of] p1a: Alomomola\n|\n|-end|p2a: Dragonite|move: Taunt\n|upkeep\n|turn|4\n|\n|t:|1771253628\n|move|p2a: Dragonite|Dragon Dance|p2a: Dragonite\n|-boost|p2a: Dragonite|atk|1\n|-boost|p2a: Dragonite|spe|1\n|move|p1a: Alomomola|Flip Turn|p2a: Dragonite\n|-resisted|p2a: Dragonite\n|-damage|p2a: Dragonite|62/100\n|\n|t:|1771253637\n|switch|p1a: Sinistcha|Sinistcha-Masterpiece|100/100|[from] Flip Turn\n|\n|upkeep\n|turn|5\n|\n|t:|1771253647\n|move|p2a: Dragonite|Outrage|p1a: Sinistcha\n|-damage|p1a: Sinistcha|24/100\n|move|p1a: Sinistcha|Strength Sap|p2a: Dragonite\n|-unboost|p2a: Dragonite|atk|1\n|-heal|p1a: Sinistcha|100/100\n|\n|upkeep\n|turn|6\n|\n|t:|1771253658\n|move|p2a: Dragonite|Outrage|p1a: Sinistcha|[from] lockedmove\n|-damage|p1a: Sinistcha|49/100\n|move|p1a: Sinistcha|Strength Sap|p2a: Dragonite\n|-unboost|p2a: Dragonite|atk|1\n|-heal|p1a: Sinistcha|100/100\n|\n|upkeep\n|turn|7\n|\n|t:|1771253667\n|move|p2a: Dragonite|Outrage|p1a: Sinistcha|[from] lockedmove\n|-damage|p1a: Sinistcha|69/100\n|-start|p2a: Dragonite|confusion|[fatigue]\n|move|p1a: Sinistcha|Calm Mind|p1a: Sinistcha\n|-boost|p1a: Sinistcha|spa|1\n|-boost|p1a: Sinistcha|spd|1\n|\n|-heal|p1a: Sinistcha|75/100|[from] item: Leftovers\n|upkeep\n|turn|8\n|\n|t:|1771253677\n|switch|p2a: Iron Moth|Iron Moth|100/100\n|-enditem|p2a: Iron Moth|Booster Energy\n|-activate|p2a: Iron Moth|ability: Quark Drive|[fromitem]\n|-start|p2a: Iron Moth|quarkdrivespe\n|move|p1a: Sinistcha|Strength Sap|p2a: Iron Moth\n|-unboost|p2a: Iron Moth|atk|1\n|-heal|p1a: Sinistcha|100/100\n|\n|upkeep\n|turn|9\n|\n|t:|1771253703\n|switch|p1a: Clodsire|Clodsire, F|100/100\n|move|p2a: Iron Moth|Substitute|p2a: Iron Moth\n|-start|p2a: Iron Moth|Substitute\n|-damage|p2a: Iron Moth|76/100\n|\n|upkeep\n|turn|10\n|\n|t:|1771253710\n|move|p2a: Iron Moth|Fiery Dance|p1a: Clodsire\n|-damage|p1a: Clodsire|77/100\n|-boost|p2a: Iron Moth|spa|1\n|move|p1a: Clodsire|Earthquake|p2a: Iron Moth\n|-supereffective|p2a: Iron Moth\n|-end|p2a: Iron Moth|Substitute\n|\n|-heal|p1a: Clodsire|83/100|[from] item: Leftovers\n|upkeep\n|turn|11\n|\n|t:|1771253725\n|-end|p2a: Iron Moth|Quark Drive|[silent]\n|switch|p2a: Dragonite|Dragonite, F|62/100\n|move|p1a: Clodsire|Earthquake|p2a: Dragonite\n|-immune|p2a: Dragonite\n|\n|-heal|p1a: Clodsire|90/100|[from] item: Leftovers\n|upkeep\n|turn|12\n|\n|t:|1771253738\n|move|p2a: Dragonite|Earthquake|p1a: Clodsire\n|-supereffective|p1a: Clodsire\n|-crit|p1a: Clodsire\n|-damage|p1a: Clodsire|0 fnt\n|faint|p1a: Clodsire\n|\n|upkeep\n|\n|t:|1771253744\n|switch|p1a: Sinistcha|Sinistcha-Masterpiece|100/100\n|turn|13\n|\n|t:|1771253751\n|switch|p2a: Iron Moth|Iron Moth|76/100\n|move|p1a: Sinistcha|Calm Mind|p1a: Sinistcha\n|-boost|p1a: Sinistcha|spa|1\n|-boost|p1a: Sinistcha|spd|1\n|\n|upkeep\n|turn|14\n|\n|t:|1771253762\n|-terastallize|p1a: Sinistcha|Fairy\n|move|p2a: Iron Moth|Fiery Dance|p1a: Sinistcha\n|-damage|p1a: Sinistcha|84/100\n|move|p1a: Sinistcha|Calm Mind|p1a: Sinistcha\n|-boost|p1a: Sinistcha|spa|1\n|-boost|p1a: Sinistcha|spd|1\n|\n|-heal|p1a: Sinistcha|90/100|[from] item: Leftovers\n|upkeep\n|turn|15\n|\n|t:|1771253773\n|move|p2a: Iron Moth|Sludge Wave|p1a: Sinistcha\n|-supereffective|p1a: Sinistcha\n|-crit|p1a: Sinistcha\n|-damage|p1a: Sinistcha|0 fnt\n|faint|p1a: Sinistcha\n|\n|upkeep\n|\n|t:|1771253780\n|switch|p1a: Blissey|Blissey, F|100/100\n|turn|16\n|\n|t:|1771253788\n|-end|p2a: Iron Moth|Quark Drive|[silent]\n|switch|p2a: Dragonite|Dragonite, F|62/100\n|move|p1a: Blissey|Stealth Rock|p2a: Dragonite\n|-sidestart|p2: Aureo|move: Stealth Rock\n|\n|upkeep\n|turn|17\n|\n|t:|1771253797\n|switch|p1a: Corviknight|Corviknight, M|100/100\n|-ability|p1a: Corviknight|Pressure\n|move|p2a: Dragonite|Dragon Dance|p2a: Dragonite\n|-boost|p2a: Dragonite|atk|1\n|-boost|p2a: Dragonite|spe|1\n|\n|upkeep\n|turn|18\n|\n|t:|1771253805\n|switch|p2a: Zapdos|Zapdos|100/100\n|-damage|p2a: Zapdos|76/100|[from] Stealth Rock\n|move|p1a: Corviknight|Body Press|p2a: Zapdos\n|-resisted|p2a: Zapdos\n|-damage|p2a: Zapdos|61/100\n|\n|upkeep\n|turn|19\n|\n|t:|1771253813\n|switch|p1a: Blissey|Blissey, F|100/100\n|move|p2a: Zapdos|Discharge|p1a: Blissey\n|-damage|p1a: Blissey|83/100\n|-status|p1a: Blissey|par\n|-damage|p2a: Zapdos|51/100|[from] item: Life Orb\n|\n|-heal|p1a: Blissey|89/100 par|[from] item: Leftovers\n|upkeep\n|turn|20\n|\n|t:|1771253827\n|move|p2a: Zapdos|Roost|p2a: Zapdos\n|-heal|p2a: Zapdos|100/100\n|-singleturn|p2a: Zapdos|move: Roost\n|move|p1a: Blissey|Calm Mind|p1a: Blissey\n|-boost|p1a: Blissey|spa|1\n|-boost|p1a: Blissey|spd|1\n|\n|-heal|p1a: Blissey|95/100 par|[from] item: Leftovers\n|upkeep\n|turn|21\n|\n|t:|1771253838\n|switch|p2a: Dragonite|Dragonite, F|62/100\n|-damage|p2a: Dragonite|37/100|[from] Stealth Rock\n|move|p1a: Blissey|Shadow Ball|p2a: Dragonite\n|-damage|p2a: Dragonite|15/100\n|\n|-heal|p1a: Blissey|100/100 par|[from] item: Leftovers\n|upkeep\n|turn|22\n|\n|t:|1771253849\n|-curestatus|p1a: Blissey|par|[from] ability: Natural Cure\n|switch|p1a: Alomomola|Alomomola, F|100/100\n|move|p2a: Dragonite|Outrage|p1a: Alomomola\n|-damage|p1a: Alomomola|62/100\n|-damage|p2a: Dragonite|0 fnt|[from] item: Rocky Helmet|[of] p1a: Alomomola\n|faint|p2a: Dragonite\n|\n|upkeep\n|inactive|Aureo has 120 seconds left.\n|\n|t:|1771253880\n|switch|p2a: Zapdos|Zapdos|100/100\n|-damage|p2a: Zapdos|76/100|[from] Stealth Rock\n|turn|23\n|inactive|Aureo has 120 seconds left.\n|\n|t:|1771253888\n|switch|p1a: Blissey|Blissey, F|100/100\n|move|p2a: Zapdos|Discharge|p1a: Blissey\n|-damage|p1a: Blissey|83/100\n|-status|p1a: Blissey|par\n|-damage|p2a: Zapdos|66/100|[from] item: Life Orb\n|\n|-heal|p1a: Blissey|90/100 par|[from] item: Leftovers\n|upkeep\n|turn|24\n|\n|t:|1771253906\n|switch|p2a: Scizor|Scizor, F|100/100\n|-damage|p2a: Scizor|88/100|[from] Stealth Rock\n|move|p1a: Blissey|Calm Mind|p1a: Blissey\n|-boost|p1a: Blissey|spa|1\n|-boost|p1a: Blissey|spd|1\n|\n|-heal|p1a: Blissey|96/100 par|[from] item: Leftovers\n|upkeep\n|turn|25\n|\n|t:|1771253922\n|-curestatus|p1a: Blissey|par|[from] ability: Natural Cure\n|switch|p1a: Tornadus|Tornadus-Therian, M|92/100\n|move|p2a: Scizor|Swords Dance|p2a: Scizor\n|-boost|p2a: Scizor|atk|2\n|\n|upkeep\n|turn|26\n|\n|t:|1771253930\n|move|p2a: Scizor|Bullet Punch|p1a: Tornadus\n|-damage|p1a: Tornadus|0 fnt\n|faint|p1a: Tornadus\n|-damage|p2a: Scizor|78/100|[from] item: Life Orb\n|\n|upkeep\n|\n|t:|1771253936\n|switch|p1a: Corviknight|Corviknight, M|100/100\n|-ability|p1a: Corviknight|Pressure\n|turn|27\n|\n|t:|1771253941\n|move|p2a: Scizor|Thief|p1a: Corviknight\n|-damage|p1a: Corviknight|51/100\n|-damage|p2a: Scizor|68/100|[from] item: Life Orb\n|move|p1a: Corviknight|Body Press|p2a: Scizor\n|-damage|p2a: Scizor|37/100\n|\n|-heal|p1a: Corviknight|57/100|[from] item: Leftovers\n|upkeep\n|turn|28\n|\n|t:|1771253951\n|move|p2a: Scizor|Thief|p1a: Corviknight\n|-damage|p1a: Corviknight|6/100\n|-damage|p2a: Scizor|27/100|[from] item: Life Orb\n|move|p1a: Corviknight|Roost|p1a: Corviknight\n|-heal|p1a: Corviknight|56/100\n|-singleturn|p1a: Corviknight|move: Roost\n|\n|-heal|p1a: Corviknight|62/100|[from] item: Leftovers\n|upkeep\n|turn|29\n|\n|t:|1771253961\n|move|p2a: Scizor|Swords Dance|p2a: Scizor\n|-boost|p2a: Scizor|atk|2\n|move|p1a: Corviknight|Roost|p1a: Corviknight\n|-heal|p1a: Corviknight|100/100\n|-singleturn|p1a: Corviknight|move: Roost\n|\n|upkeep\n|turn|30\n|\n|t:|1771253979\n|move|p2a: Scizor|Thief|p1a: Corviknight\n|-damage|p1a: Corviknight|20/100\n|-damage|p2a: Scizor|17/100|[from] item: Life Orb\n|move|p1a: Corviknight|Body Press|p2a: Scizor\n|-damage|p2a: Scizor|0 fnt\n|faint|p2a: Scizor\n|\n|-heal|p1a: Corviknight|27/100|[from] item: Leftovers\n|upkeep\n|\n|t:|1771253989\n|switch|p2a: Zapdos|Zapdos|66/100\n|-damage|p2a: Zapdos|41/100|[from] Stealth Rock\n|turn|31\n|\n|t:|1771253994\n|move|p2a: Zapdos|Discharge|p1a: Corviknight\n|-supereffective|p1a: Corviknight\n|-damage|p1a: Corviknight|0 fnt\n|faint|p1a: Corviknight\n|-damage|p2a: Zapdos|31/100|[from] item: Life Orb\n|\n|upkeep\n|\n|t:|1771254001\n|switch|p1a: Blissey|Blissey, F|96/100\n|turn|32\n|\n|t:|1771254005\n|move|p2a: Zapdos|Discharge|p1a: Blissey\n|-damage|p1a: Blissey|78/100\n|-status|p1a: Blissey|par\n|-damage|p2a: Zapdos|21/100|[from] item: Life Orb\n|move|p1a: Blissey|Calm Mind|p1a: Blissey\n|-boost|p1a: Blissey|spa|1\n|-boost|p1a: Blissey|spd|1\n|\n|-heal|p1a: Blissey|84/100 par|[from] item: Leftovers\n|upkeep\n|turn|33\n|\n|t:|1771254016\n|switch|p2a: Zamazenta|Zamazenta|100/100\n|-damage|p2a: Zamazenta|94/100|[from] Stealth Rock\n|-ability|p2a: Zamazenta|Dauntless Shield|boost\n|-boost|p2a: Zamazenta|def|1\n|move|p1a: Blissey|Shadow Ball|p2a: Zamazenta\n|-crit|p2a: Zamazenta\n|-damage|p2a: Zamazenta|70/100\n|\n|-heal|p2a: Zamazenta|76/100|[from] item: Leftovers\n|-heal|p1a: Blissey|90/100 par|[from] item: Leftovers\n|upkeep\n|turn|34\n|\n|t:|1771254031\n|-curestatus|p1a: Blissey|par|[from] ability: Natural Cure\n|switch|p1a: Alomomola|Alomomola, F|95/100\n|-terastallize|p2a: Zamazenta|Dark\n|move|p2a: Zamazenta|Substitute|p2a: Zamazenta\n|-start|p2a: Zamazenta|Substitute\n|-damage|p2a: Zamazenta|51/100\n|\n|-heal|p2a: Zamazenta|57/100|[from] item: Leftovers\n|upkeep\n|turn|35\n|\n|t:|1771254044\n|move|p1a: Alomomola|Aqua Jet|p2a: Zamazenta\n|-activate|p2a: Zamazenta|move: Substitute|[damage]\n|move|p2a: Zamazenta|Iron Defense|p2a: Zamazenta\n|-boost|p2a: Zamazenta|def|2\n|\n|-heal|p2a: Zamazenta|63/100|[from] item: Leftovers\n|upkeep\n|turn|36\n|-message|wuxinshushu1 forfeited.\n|\n|win|Aureo\n|raw|wuxinshushu1's rating: 1594 &rarr; <strong>1577</strong><br />(-17 for losing)\n|raw|Aureo's rating: 1654 &rarr; <strong>1671</strong><br />(+17 for winning)\n|l|☆wuxinshushu1\n|player|p1|\n|l|☆Aureo\n|player|p2|\n", "uploadtime": 1771254222, "views": 4, "formatid": "gen9ou", "rating": 1577, "private": 0, "password": null}