{"id": "gen9ou-2640030818", "format": "[Gen 9] OU", "players": ["WrenTheBurb", "steven stone 007"], "log": "|j|☆WrenTheBurb\n|j|☆steven stone 007\n|t:|1782566808\n|gametype|singles\n|player|p1|WrenTheBurb|blackbelt|1545\n|player|p2|steven stone 007|steven|1645\n|gen|9\n|tier|[Gen 9] OU\n|rated|\n|rule|HP Percentage Mod: HP is shown in percentages\n|rule|Endless Battle Clause: Forcing endless battles is banned\n|rule|Species Clause: Limit one of each Pokémon\n|rule|OHKO Clause: OHKO moves are banned\n|rule|Evasion Items Clause: Evasion items are banned\n|rule|Evasion Moves Clause: Evasion moves are banned\n|rule|Evasion Abilities Clause: Evasion abilities are banned\n|rule|Sleep Moves Clause: Sleep-inducing moves are banned\n|clearpoke\n|poke|p1|Raging Bolt|\n|poke|p1|Ribombee, M|\n|poke|p1|Gholdengo|\n|poke|p1|Ogerpon-Cornerstone, F|\n|poke|p1|Alomomola, M|\n|poke|p1|Blastoise, M|\n|poke|p2|Slowking-Galar, F|\n|poke|p2|Great Tusk|\n|poke|p2|Kyurem|\n|poke|p2|Kingambit, F|\n|poke|p2|Cinderace, F|\n|poke|p2|Zapdos|\n|teampreview\n|\n|t:|1782566824\n|teamsize|p1|6\n|teamsize|p2|6\n|start\n|switch|p1a: Ribombee|Ribombee, M|100/100\n|switch|p2a: Kyurem|Kyurem|100/100\n|-ability|p2a: Kyurem|Pressure\n|turn|1\n|\n|t:|1782566828\n|switch|p2a: Slowking|Slowking-Galar, F|100/100\n|move|p1a: Ribombee|Stun Spore|p2a: Slowking\n|-status|p2a: Slowking|par\n|\n|upkeep\n|turn|2\n|\n|t:|1782566839\n|switch|p1a: Gholdengo|Gholdengo|100/100\n|-item|p1a: Gholdengo|Air Balloon\n|move|p2a: Slowking|Sludge Bomb|p1a: Gholdengo\n|-immune|p1a: Gholdengo\n|\n|upkeep\n|turn|3\n|\n|t:|1782566844\n|move|p1a: Gholdengo|Nasty Plot|p1a: Gholdengo\n|-boost|p1a: Gholdengo|spa|2\n|-prepare|p2a: Slowking|Chilly Reception|[premajor]\n|move|p2a: Slowking|Chilly Reception|p2a: Slowking\n|-weather|Snowscape\n|\n|t:|1782566848\n|switch|p2a: Kingambit|Kingambit, F|100/100|[from] Chilly Reception\n|\n|-weather|Snowscape|[upkeep]\n|upkeep\n|turn|4\n|\n|t:|1782566859\n|move|p2a: Kingambit|Sucker Punch|p1a: Gholdengo\n|-supereffective|p1a: Gholdengo\n|-damage|p1a: Gholdengo|9/100\n|-enditem|p1a: Gholdengo|Air Balloon\n|move|p1a: Gholdengo|Dazzling Gleam|p2a: Kingambit\n|-damage|p2a: Kingambit|37/100\n|\n|-weather|Snowscape|[upkeep]\n|-heal|p2a: Kingambit|43/100|[from] item: Leftovers\n|upkeep\n|turn|5\n|\n|t:|1782566868\n|-end|p2a: Kingambit|fallenundefined|[silent]\n|switch|p2a: Cinderace|Cinderace, F|100/100\n|move|p1a: Gholdengo|Dazzling Gleam|p2a: Cinderace\n|-resisted|p2a: Cinderace\n|-damage|p2a: Cinderace|69/100\n|\n|-weather|Snowscape|[upkeep]\n|upkeep\n|turn|6\n|\n|t:|1782566874\n|move|p2a: Cinderace|Pyro Ball|p1a: Gholdengo\n|-supereffective|p1a: Gholdengo\n|-damage|p1a: Gholdengo|0 fnt\n|faint|p1a: Gholdengo\n|\n|-weather|Snowscape|[upkeep]\n|upkeep\n|\n|t:|1782566877\n|switch|p1a: Alomomola|Alomomola, M, shiny|100/100\n|turn|7\n|\n|t:|1782566883\n|switch|p2a: Zapdos|Zapdos, shiny|100/100\n|move|p1a: Alomomola|Scald|p2a: Zapdos\n|-damage|p2a: Zapdos|87/100\n|-status|p2a: Zapdos|brn\n|\n|-weather|none\n|-damage|p2a: Zapdos|81/100 brn|[from] brn\n|upkeep\n|turn|8\n|\n|t:|1782566889\n|move|p1a: Alomomola|Protect|p1a: Alomomola\n|-singleturn|p1a: Alomomola|Protect\n|move|p2a: Zapdos|Volt Switch|p1a: Alomomola\n|-activate|p1a: Alomomola|move: Protect\n|\n|-damage|p2a: Zapdos|75/100 brn|[from] brn\n|upkeep\n|turn|9\n|\n|t:|1782566897\n|switch|p1a: Ribombee|Ribombee, M|100/100\n|move|p2a: Zapdos|Volt Switch|p1a: Ribombee\n|-damage|p1a: Ribombee|51/100\n|\n|t:|1782566903\n|switch|p2a: Slowking|Slowking-Galar, F|100/100 par|[from] Volt Switch\n|\n|upkeep\n|turn|10\n|\n|t:|1782566907\n|move|p1a: Ribombee|Sticky Web|p2a: Slowking\n|-sidestart|p2: steven stone 007|move: Sticky Web\n|cant|p2a: Slowking|par\n|\n|upkeep\n|turn|11\n|\n|t:|1782566911\n|switch|p1a: Blastoise|Blastoise, M, shiny|100/100\n|move|p2a: Slowking|Sludge Bomb|p1a: Blastoise\n|-damage|p1a: Blastoise|62/100\n|\n|upkeep\n|turn|12\n|\n|t:|1782566917\n|move|p1a: Blastoise|Shell Smash|p1a: Blastoise\n|-unboost|p1a: Blastoise|def|1\n|-unboost|p1a: Blastoise|spd|1\n|-boost|p1a: Blastoise|atk|2\n|-boost|p1a: Blastoise|spa|2\n|-boost|p1a: Blastoise|spe|2\n|-enditem|p1a: Blastoise|White Herb\n|-clearnegativeboost|p1a: Blastoise|[silent]\n|move|p2a: Slowking|Thunder Wave|p1a: Blastoise\n|-status|p1a: Blastoise|par\n|\n|upkeep\n|turn|13\n|\n|t:|1782566920\n|move|p1a: Blastoise|Dark Pulse|p2a: Slowking\n|-supereffective|p2a: Slowking\n|-enditem|p2a: Slowking|Colbur Berry|[eat]\n|-enditem|p2a: Slowking|Colbur Berry|[weaken]\n|-damage|p2a: Slowking|72/100 par\n|move|p2a: Slowking|Future Sight|p1a: Blastoise\n|-start|p2a: Slowking|move: Future Sight\n|\n|upkeep\n|turn|14\n|\n|t:|1782566926\n|move|p1a: Blastoise|Dark Pulse|p2a: Slowking\n|-supereffective|p2a: Slowking\n|-damage|p2a: Slowking|16/100 par\n|-prepare|p2a: Slowking|Chilly Reception|[premajor]\n|cant|p2a: Slowking|flinch\n|\n|upkeep\n|turn|15\n|j| Baddieprathikmon\n|\n|t:|1782566933\n|switch|p2a: Zapdos|Zapdos, shiny|75/100 brn\n|cant|p1a: Blastoise|par\n|\n|-end|p1a: Blastoise|move: Future Sight\n|-damage|p1a: Blastoise|15/100 par\n|-damage|p2a: Zapdos|69/100 brn|[from] brn\n|upkeep\n|turn|16\n|\n|t:|1782566937\n|move|p1a: Blastoise|Surf|p2a: Zapdos\n|-damage|p2a: Zapdos|0 fnt\n|faint|p2a: Zapdos\n|\n|upkeep\n|c| Baddieprathikmon|Wtf are u running\n|c| Baddieprathikmon|Bro\n|\n|t:|1782566945\n|switch|p2a: Cinderace|Cinderace, F|69/100\n|turn|17\n|c|☆WrenTheBurb|im grasping at straws here\n|c| Baddieprathikmon|Give me voice\n|\n|t:|1782566955\n|move|p2a: Cinderace|Court Change|p2a: Cinderace\n|-swapsideconditions\n|-activate|p2a: Cinderace|move: Court Change\n|move|p1a: Blastoise|Surf|p2a: Cinderace\n|-supereffective|p2a: Cinderace\n|-damage|p2a: Cinderace|0 fnt\n|faint|p2a: Cinderace\n|\n|upkeep\n|\n|t:|1782566959\n|switch|p2a: Kyurem|Kyurem|100/100\n|-ability|p2a: Kyurem|Pressure\n|turn|18\n|c|☆WrenTheBurb|i also forgot to put spin on this\n|\n|t:|1782566968\n|move|p2a: Kyurem|Freeze-Dry|p1a: Blastoise\n|-supereffective|p1a: Blastoise\n|-damage|p1a: Blastoise|0 fnt\n|faint|p1a: Blastoise\n|\n|upkeep\n|\n|t:|1782566976\n|switch|p1a: Ogerpon|Ogerpon-Cornerstone, F|100/100\n|-activate|p1a: Ogerpon|move: Sticky Web\n|-unboost|p1a: Ogerpon|spe|1\n|turn|19\n|\n|t:|1782566985\n|switch|p2a: Great Tusk|Great Tusk|100/100\n|move|p1a: Ogerpon|Ivy Cudgel|p2a: Great Tusk|[anim] Ivy Cudgel Rock\n|-resisted|p2a: Great Tusk\n|-damage|p2a: Great Tusk|90/100\n|\n|upkeep\n|turn|20\n|\n|t:|1782566991\n|switch|p1a: Alomomola|Alomomola, M, shiny|100/100\n|-activate|p1a: Alomomola|move: Sticky Web\n|-unboost|p1a: Alomomola|spe|1\n|move|p2a: Great Tusk|Ice Spinner|p1a: Alomomola\n|-resisted|p1a: Alomomola\n|-damage|p1a: Alomomola|94/100\n|\n|-heal|p1a: Alomomola|99/100|[from] item: Leftovers\n|upkeep\n|turn|21\n|\n|t:|1782567005\n|move|p2a: Great Tusk|Stealth Rock|p1a: Alomomola\n|-sidestart|p1: WrenTheBurb|move: Stealth Rock\n|move|p1a: Alomomola|Scald|p2a: Great Tusk\n|-supereffective|p2a: Great Tusk\n|-damage|p2a: Great Tusk|52/100\n|\n|-heal|p1a: Alomomola|100/100|[from] item: Leftovers\n|upkeep\n|turn|22\n|\n|t:|1782567013\n|-end|p2a: Great Tusk|Protosynthesis|[silent]\n|switch|p2a: Slowking|Slowking-Galar, F|49/100 par\n|move|p1a: Alomomola|Scald|p2a: Slowking\n|-damage|p2a: Slowking|40/100 par\n|\n|upkeep\n|turn|23\n|\n|t:|1782567019\n|move|p1a: Alomomola|Flip Turn|p2a: Slowking\n|-damage|p2a: Slowking|26/100 par\n|\n|t:|1782567022\n|switch|p1a: Raging Bolt|Raging Bolt|100/100|[from] Flip Turn\n|-activate|p1a: Raging Bolt|move: Sticky Web\n|-unboost|p1a: Raging Bolt|spe|1\n|-damage|p1a: Raging Bolt|88/100|[from] Stealth Rock\n|-enditem|p1a: Raging Bolt|Booster Energy\n|-activate|p1a: Raging Bolt|ability: Protosynthesis|[fromitem]\n|-start|p1a: Raging Bolt|protosynthesisspa\n|-prepare|p2a: Slowking|Chilly Reception|[premajor]\n|cant|p2a: Slowking|par\n|\n|upkeep\n|turn|24\n|\n|t:|1782567037\n|move|p1a: Raging Bolt|Dragon Pulse|p2a: Slowking\n|-damage|p2a: Slowking|0 fnt\n|faint|p2a: Slowking\n|\n|upkeep\n|\n|t:|1782567042\n|switch|p2a: Great Tusk|Great Tusk|52/100\n|turn|25\n|\n|t:|1782567052\n|-terastallize|p1a: Raging Bolt|Fairy\n|move|p2a: Great Tusk|Headlong Rush|p1a: Raging Bolt\n|-damage|p1a: Raging Bolt|36/100\n|-unboost|p2a: Great Tusk|def|1\n|-unboost|p2a: Great Tusk|spd|1\n|move|p1a: Raging Bolt|Dragon Pulse|p2a: Great Tusk\n|-damage|p2a: Great Tusk|0 fnt\n|faint|p2a: Great Tusk\n|-end|p2a: Great Tusk|Protosynthesis|[silent]\n|\n|upkeep\n|\n|t:|1782567057\n|switch|p2a: Kyurem|Kyurem|100/100\n|-ability|p2a: Kyurem|Pressure\n|turn|26\n|\n|t:|1782567060\n|-terastallize|p2a: Kyurem|Ice\n|move|p1a: Raging Bolt|Thunderclap|p2a: Kyurem\n|-damage|p2a: Kyurem|50/100\n|move|p2a: Kyurem|Freeze-Dry|p1a: Raging Bolt\n|-damage|p1a: Raging Bolt|0 fnt\n|faint|p1a: Raging Bolt\n|-end|p1a: Raging Bolt|Protosynthesis|[silent]\n|\n|upkeep\n|\n|t:|1782567077\n|switch|p1a: Ribombee|Ribombee, M|51/100\n|-activate|p1a: Ribombee|move: Sticky Web\n|-unboost|p1a: Ribombee|spe|1\n|-damage|p1a: Ribombee|26/100|[from] Stealth Rock\n|turn|27\n|\n|t:|1782567082\n|move|p2a: Kyurem|Freeze-Dry|p1a: Ribombee\n|-damage|p1a: Ribombee|0 fnt\n|faint|p1a: Ribombee\n|\n|upkeep\n|\n|t:|1782567085\n|switch|p1a: Alomomola|Alomomola, M, shiny|100/100\n|-activate|p1a: Alomomola|move: Sticky Web\n|-unboost|p1a: Alomomola|spe|1\n|-damage|p1a: Alomomola|88/100|[from] Stealth Rock\n|turn|28\n|\n|t:|1782567091\n|move|p2a: Kyurem|Freeze-Dry|p1a: Alomomola\n|-supereffective|p1a: Alomomola\n|-damage|p1a: Alomomola|0 fnt\n|faint|p1a: Alomomola\n|\n|upkeep\n|\n|t:|1782567092\n|switch|p1a: Ogerpon|Ogerpon-Cornerstone, F|100/100\n|-activate|p1a: Ogerpon|move: Sticky Web\n|-unboost|p1a: Ogerpon|spe|1\n|-damage|p1a: Ogerpon|88/100|[from] Stealth Rock\n|turn|29\n|\n|t:|1782567094\n|move|p2a: Kyurem|Freeze-Dry|p1a: Ogerpon\n|-supereffective|p1a: Ogerpon\n|-damage|p1a: Ogerpon|0 fnt\n|faint|p1a: Ogerpon\n|\n|win|steven stone 007\n|raw|WrenTheBurb's rating: 1545 &rarr; <strong>1531</strong><br />(-14 for losing)\n|raw|steven stone 007's rating: 1645 &rarr; <strong>1659</strong><br />(+14 for winning)\n|l|☆steven stone 007\n|player|p2|\n|l|☆WrenTheBurb\n|player|p1|\n|l| Baddieprathikmon\n", "uploadtime": 1782567304, "views": 9, "formatid": "gen9ou", "rating": 1531, "private": 0, "password": null}