{"id": "gen9ou-2639225521", "format": "[Gen 9] OU", "players": ["hooh hoes in hoenn", "esfill"], "log": "|j|☆hooh hoes in hoenn\n|j|☆esfill\n|inactive|Battle timer is ON: inactive players will automatically lose when time's up.\n|t:|1782436868\n|gametype|singles\n|player|p1|hooh hoes in hoenn|hexmaniac-gen6|\n|player|p2|esfill|dawn|\n|gen|9\n|tier|[Gen 9] OU\n|rated|Tournament battle\n|rule|HP Percentage Mod: HP is shown in percentages\n|rule|Endless Battle Clause: Forcing endless battles is banned\n|rule|Species Clause: Limit one of each Pokémon\n|rule|OHKO Clause: OHKO moves are banned\n|rule|Evasion Items Clause: Evasion items are banned\n|rule|Evasion Moves Clause: Evasion moves are banned\n|rule|Evasion Abilities Clause: Evasion abilities are banned\n|rule|Sleep Moves Clause: Sleep-inducing moves are banned\n|clearpoke\n|poke|p1|Ogerpon-Wellspring, F|\n|poke|p1|Great Tusk|\n|poke|p1|Moltres|\n|poke|p1|Garganacl, F|\n|poke|p1|Darkrai|\n|poke|p1|Dragonite, F|\n|poke|p2|Zamazenta-*|\n|poke|p2|Weezing-Galar, M|\n|poke|p2|Ting-Lu|\n|poke|p2|Tornadus-Therian, M|\n|poke|p2|Ogerpon-Wellspring, F|\n|poke|p2|Gholdengo|\n|teampreview\n|\n|t:|1782436887\n|teamsize|p1|6\n|teamsize|p2|6\n|start\n|switch|p1a: Darkrai|Darkrai|100/100\n|switch|p2a: Tornadus|Tornadus-Therian, M|100/100\n|turn|1\n|\n|t:|1782436905\n|move|p1a: Darkrai|Trick|p2a: Tornadus\n|-activate|p1a: Darkrai|move: Trick|[of] p2a: Tornadus\n|-item|p2a: Tornadus|Choice Scarf|[from] move: Trick\n|-item|p1a: Darkrai|Assault Vest|[from] move: Trick\n|move|p2a: Tornadus|Knock Off|p1a: Darkrai\n|-resisted|p1a: Darkrai\n|-damage|p1a: Darkrai|88/100\n|-enditem|p1a: Darkrai|Assault Vest|[from] move: Knock Off|[of] p2a: Tornadus\n|\n|upkeep\n|turn|2\n|\n|t:|1782436916\n|switch|p2a: Ting-Lu|Ting-Lu|100/100\n|-ability|p2a: Ting-Lu|Vessel of Ruin\n|move|p1a: Darkrai|Dark Pulse|p2a: Ting-Lu\n|-resisted|p2a: Ting-Lu\n|-damage|p2a: Ting-Lu|92/100\n|\n|-heal|p2a: Ting-Lu|98/100|[from] item: Leftovers\n|upkeep\n|turn|3\n|\n|t:|1782436924\n|move|p1a: Darkrai|Trick|p2a: Ting-Lu\n|-activate|p1a: Darkrai|move: Trick|[of] p2a: Ting-Lu\n|-enditem|p2a: Ting-Lu|Leftovers|[silent]|[from] move: Trick\n|-item|p1a: Darkrai|Leftovers|[from] move: Trick\n|move|p2a: Ting-Lu|Ruination|p1a: Darkrai\n|-damage|p1a: Darkrai|44/100\n|\n|-heal|p1a: Darkrai|50/100|[from] item: Leftovers\n|upkeep\n|turn|4\n|\n|t:|1782436926\n|move|p1a: Darkrai|Will-O-Wisp|p2a: Ting-Lu\n|-status|p2a: Ting-Lu|brn\n|move|p2a: Ting-Lu|Ruination|p1a: Darkrai\n|-damage|p1a: Darkrai|25/100\n|\n|-heal|p1a: Darkrai|31/100|[from] item: Leftovers\n|-damage|p2a: Ting-Lu|92/100 brn|[from] brn\n|upkeep\n|turn|5\n|j| MiNhameSa\n|\n|t:|1782436932\n|switch|p1a: Ogerpon|Ogerpon-Wellspring, F|100/100\n|move|p2a: Ting-Lu|Stealth Rock|p1a: Ogerpon\n|-sidestart|p1: hooh hoes in hoenn|move: Stealth Rock\n|\n|-damage|p2a: Ting-Lu|86/100 brn|[from] brn\n|upkeep\n|turn|6\n|\n|t:|1782436935\n|switch|p2a: Tornadus|Tornadus-Therian, M|100/100\n|move|p1a: Ogerpon|U-turn|p2a: Tornadus\n|-resisted|p2a: Tornadus\n|-damage|p2a: Tornadus|86/100\n|\n|t:|1782436941\n|switch|p1a: Garganacl|Garganacl, F|100/100|[from] U-turn\n|-damage|p1a: Garganacl|88/100|[from] Stealth Rock\n|\n|-heal|p1a: Garganacl|94/100|[from] item: Leftovers\n|upkeep\n|turn|7\n|\n|t:|1782436945\n|move|p1a: Garganacl|Protect|p1a: Garganacl\n|-singleturn|p1a: Garganacl|Protect\n|move|p2a: Tornadus|Knock Off|p1a: Garganacl\n|-activate|p1a: Garganacl|move: Protect\n|\n|-heal|p1a: Garganacl|100/100|[from] item: Leftovers\n|upkeep\n|turn|8\n|\n|t:|1782436950\n|switch|p1a: Ogerpon|Ogerpon-Wellspring, F|100/100\n|-damage|p1a: Ogerpon|88/100|[from] Stealth Rock\n|move|p2a: Tornadus|Knock Off|p1a: Ogerpon\n|-damage|p1a: Ogerpon|72/100\n|\n|upkeep\n|turn|9\n|\n|t:|1782436959\n|switch|p2a: Weezing|Weezing-Galar, M|100/100\n|-ability|p2a: Weezing|Neutralizing Gas\n|move|p1a: Ogerpon|Ivy Cudgel|p2a: Weezing|[anim] Ivy Cudgel Water\n|-crit|p2a: Weezing\n|-damage|p2a: Weezing|47/100\n|\n|upkeep\n|turn|10\n|\n|t:|1782436967\n|-terastallize|p1a: Ogerpon|Water\n|detailschange|p1a: Ogerpon|Ogerpon-Wellspring-Tera, F, tera:Water\n|move|p1a: Ogerpon|Ivy Cudgel|p2a: Weezing|[anim] Ivy Cudgel Water\n|-crit|p2a: Weezing\n|-damage|p2a: Weezing|0 fnt\n|faint|p2a: Weezing\n|-end|p2a: Weezing|ability: Neutralizing Gas\n|-ability|p1a: Ogerpon|Embody Aspect (Wellspring)|boost\n|-boost|p1a: Ogerpon|spd|1\n|\n|upkeep\n|\n|t:|1782436978\n|switch|p2a: Ogerpon|Ogerpon-Wellspring, F|100/100\n|turn|11\n|\n|t:|1782436984\n|switch|p1a: Dragonite|Dragonite, F|100/100\n|move|p2a: Ogerpon|Trailblaze|p1a: Dragonite\n|-resisted|p1a: Dragonite\n|-damage|p1a: Dragonite|97/100\n|-boost|p2a: Ogerpon|spe|1\n|\n|upkeep\n|turn|12\n|j| Angolano1234567\n|inactive|esfill has 120 seconds left.\n|\n|t:|1782437020\n|move|p2a: Ogerpon|Swords Dance|p2a: Ogerpon\n|-boost|p2a: Ogerpon|atk|2\n|move|p1a: Dragonite|Dragon Dance|p1a: Dragonite\n|-boost|p1a: Dragonite|atk|1\n|-boost|p1a: Dragonite|spe|1\n|\n|upkeep\n|turn|13\n|\n|t:|1782437024\n|move|p1a: Dragonite|Extreme Speed|p2a: Ogerpon\n|-damage|p2a: Ogerpon|37/100\n|move|p2a: Ogerpon|Encore|p1a: Dragonite\n|-start|p1a: Dragonite|Encore\n|\n|upkeep\n|turn|14\n|\n|t:|1782437030\n|switch|p2a: Gholdengo|Gholdengo|100/100\n|move|p1a: Dragonite|Extreme Speed|p2a: Gholdengo\n|-immune|p2a: Gholdengo\n|\n|upkeep\n|turn|15\n|\n|t:|1782437043\n|switch|p1a: Moltres|Moltres|100/100\n|move|p2a: Gholdengo|Thunder Wave|p1a: Moltres\n|-status|p1a: Moltres|par\n|\n|upkeep\n|turn|16\n|\n|t:|1782437058\n|move|p2a: Gholdengo|Hex|p1a: Moltres\n|-damage|p1a: Moltres|42/100 par\n|move|p1a: Moltres|Flamethrower|p2a: Gholdengo\n|-supereffective|p2a: Gholdengo\n|-damage|p2a: Gholdengo|29/100\n|-status|p2a: Gholdengo|brn\n|\n|-damage|p2a: Gholdengo|23/100 brn|[from] brn\n|upkeep\n|turn|17\n|j| British stones\n|\n|t:|1782437065\n|switch|p1a: Garganacl|Garganacl, F|100/100\n|-damage|p1a: Garganacl|88/100|[from] Stealth Rock\n|move|p2a: Gholdengo|Hex|p1a: Garganacl\n|-damage|p1a: Garganacl|79/100\n|\n|-heal|p1a: Garganacl|85/100|[from] item: Leftovers\n|-damage|p2a: Gholdengo|17/100 brn|[from] brn\n|upkeep\n|turn|18\n|\n|t:|1782437069\n|switch|p2a: Ting-Lu|Ting-Lu|86/100 brn\n|-ability|p2a: Ting-Lu|Vessel of Ruin\n|move|p1a: Garganacl|Stealth Rock|p2a: Ting-Lu\n|-sidestart|p2: esfill|move: Stealth Rock\n|\n|-heal|p1a: Garganacl|92/100|[from] item: Leftovers\n|-damage|p2a: Ting-Lu|79/100 brn|[from] brn\n|upkeep\n|turn|19\n|l| British stones\n|\n|t:|1782437077\n|switch|p1a: Ogerpon|Ogerpon-Wellspring-Tera, F, tera:Water|72/100\n|-damage|p1a: Ogerpon|60/100|[from] Stealth Rock\n|-ability|p1a: Ogerpon|Embody Aspect (Wellspring)|boost\n|-boost|p1a: Ogerpon|spd|1\n|move|p2a: Ting-Lu|Spikes|p1a: Ogerpon\n|-sidestart|p1: hooh hoes in hoenn|Spikes\n|\n|-damage|p2a: Ting-Lu|73/100 brn|[from] brn\n|upkeep\n|turn|20\n|\n|t:|1782437087\n|switch|p2a: Ogerpon|Ogerpon-Wellspring, F|37/100\n|-damage|p2a: Ogerpon|25/100|[from] Stealth Rock\n|move|p1a: Ogerpon|Synthesis|p1a: Ogerpon\n|-heal|p1a: Ogerpon|100/100\n|\n|upkeep\n|turn|21\n|\n|t:|1782437091\n|move|p1a: Ogerpon|U-turn|p2a: Ogerpon\n|-supereffective|p2a: Ogerpon\n|-damage|p2a: Ogerpon|0 fnt\n|faint|p2a: Ogerpon\n|\n|t:|1782437103\n|switch|p1a: Garganacl|Garganacl, F|92/100|[from] U-turn\n|-damage|p1a: Garganacl|79/100|[from] Stealth Rock\n|-damage|p1a: Garganacl|67/100|[from] Spikes\n|\n|-heal|p1a: Garganacl|73/100|[from] item: Leftovers\n|upkeep\n|\n|t:|1782437107\n|switch|p2a: Ting-Lu|Ting-Lu|73/100 brn\n|-damage|p2a: Ting-Lu|67/100 brn|[from] Stealth Rock\n|-ability|p2a: Ting-Lu|Vessel of Ruin\n|turn|22\n|\n|t:|1782437119\n|switch|p1a: Ogerpon|Ogerpon-Wellspring-Tera, F, tera:Water|100/100\n|-damage|p1a: Ogerpon|88/100|[from] Stealth Rock\n|-damage|p1a: Ogerpon|76/100|[from] Spikes\n|-ability|p1a: Ogerpon|Embody Aspect (Wellspring)|boost\n|-boost|p1a: Ogerpon|spd|1\n|move|p2a: Ting-Lu|Spikes|p1a: Ogerpon\n|-sidestart|p1: hooh hoes in hoenn|Spikes\n|\n|-damage|p2a: Ting-Lu|61/100 brn|[from] brn\n|upkeep\n|turn|23\n|\n|t:|1782437127\n|move|p1a: Ogerpon|Ivy Cudgel|p2a: Ting-Lu|[anim] Ivy Cudgel Water\n|-supereffective|p2a: Ting-Lu\n|-damage|p2a: Ting-Lu|0 fnt\n|faint|p2a: Ting-Lu\n|\n|upkeep\n|\n|t:|1782437128\n|switch|p2a: Zamazenta|Zamazenta|100/100\n|-damage|p2a: Zamazenta|94/100|[from] Stealth Rock\n|-ability|p2a: Zamazenta|Dauntless Shield|boost\n|-boost|p2a: Zamazenta|def|1\n|turn|24\n|\n|t:|1782437136\n|switch|p1a: Moltres|Moltres|42/100 par\n|move|p2a: Zamazenta|Iron Defense|p2a: Zamazenta\n|-boost|p2a: Zamazenta|def|2\n|\n|-heal|p2a: Zamazenta|100/100|[from] item: Leftovers\n|upkeep\n|turn|25\n|inactive|esfill has 120 seconds left.\n|l| MiNhameSa\n|j| MiNhameSa\n|inactive|esfill has 90 seconds left.\n|\n|t:|1782437200\n|-terastallize|p2a: Zamazenta|Fire\n|move|p1a: Moltres|Roost|p1a: Moltres\n|-heal|p1a: Moltres|92/100 par\n|-singleturn|p1a: Moltres|move: Roost\n|move|p2a: Zamazenta|Roar|p1a: Moltres\n|drag|p1a: Darkrai|Darkrai|31/100\n|-damage|p1a: Darkrai|19/100|[from] Stealth Rock\n|-damage|p1a: Darkrai|3/100|[from] Spikes\n|\n|-heal|p1a: Darkrai|9/100|[from] item: Leftovers\n|upkeep\n|turn|26\n|\n|t:|1782437212\n|move|p2a: Zamazenta|Body Press|p1a: Darkrai\n|-supereffective|p1a: Darkrai\n|-damage|p1a: Darkrai|0 fnt\n|faint|p1a: Darkrai\n|\n|upkeep\n|\n|t:|1782437214\n|switch|p1a: Moltres|Moltres|92/100 par\n|turn|27\n|\n|t:|1782437216\n|move|p2a: Zamazenta|Roar|p1a: Moltres\n|drag|p1a: Garganacl|Garganacl, F|73/100\n|-damage|p1a: Garganacl|61/100|[from] Stealth Rock\n|-damage|p1a: Garganacl|44/100|[from] Spikes\n|\n|-heal|p1a: Garganacl|50/100|[from] item: Leftovers\n|upkeep\n|turn|28\n|\n|t:|1782437223\n|switch|p1a: Moltres|Moltres|92/100 par\n|move|p2a: Zamazenta|Body Press|p1a: Moltres\n|-resisted|p1a: Moltres\n|-damage|p1a: Moltres|64/100 par\n|\n|upkeep\n|turn|29\n|\n|t:|1782437225\n|move|p1a: Moltres|Roost|p1a: Moltres\n|-heal|p1a: Moltres|100/100 par\n|-singleturn|p1a: Moltres|move: Roost\n|move|p2a: Zamazenta|Roar|p1a: Moltres\n|drag|p1a: Dragonite|Dragonite, F|97/100\n|\n|upkeep\n|turn|30\n|\n|t:|1782437234\n|switch|p1a: Moltres|Moltres|100/100 par\n|move|p2a: Zamazenta|Iron Defense|p2a: Zamazenta\n|-boost|p2a: Zamazenta|def|2\n|\n|upkeep\n|turn|31\n|j| ina fable\n|l| ina fable\n|\n|t:|1782437248\n|move|p1a: Moltres|Will-O-Wisp|p2a: Zamazenta\n|-immune|p2a: Zamazenta\n|move|p2a: Zamazenta|Roar|p1a: Moltres\n|drag|p1a: Ogerpon|Ogerpon-Wellspring-Tera, F, tera:Water|76/100\n|-damage|p1a: Ogerpon|64/100|[from] Stealth Rock\n|-damage|p1a: Ogerpon|47/100|[from] Spikes\n|-ability|p1a: Ogerpon|Embody Aspect (Wellspring)|boost\n|-boost|p1a: Ogerpon|spd|1\n|\n|upkeep\n|turn|32\n|\n|t:|1782437253\n|switch|p1a: Garganacl|Garganacl, F|50/100\n|-damage|p1a: Garganacl|38/100|[from] Stealth Rock\n|-damage|p1a: Garganacl|21/100|[from] Spikes\n|move|p2a: Zamazenta|Body Press|p1a: Garganacl\n|-supereffective|p1a: Garganacl\n|-damage|p1a: Garganacl|0 fnt\n|faint|p1a: Garganacl\n|\n|upkeep\n|\n|t:|1782437255\n|switch|p1a: Great Tusk|Great Tusk|100/100\n|turn|33\n|\n|t:|1782437262\n|move|p2a: Zamazenta|Body Press|p1a: Great Tusk\n|-damage|p1a: Great Tusk|12/100\n|move|p1a: Great Tusk|Rapid Spin|p2a: Zamazenta\n|-damage|p2a: Zamazenta|96/100\n|-boost|p1a: Great Tusk|spe|1\n|-sideend|p1: hooh hoes in hoenn|Spikes|[from] move: Rapid Spin|[of] p1a: Great Tusk\n|-sideend|p1: hooh hoes in hoenn|Stealth Rock|[from] move: Rapid Spin|[of] p1a: Great Tusk\n|\n|-heal|p2a: Zamazenta|100/100|[from] item: Leftovers\n|upkeep\n|turn|34\n|\n|t:|1782437266\n|-end|p1a: Great Tusk|Protosynthesis|[silent]\n|switch|p1a: Moltres|Moltres|100/100 par\n|move|p2a: Zamazenta|Body Press|p1a: Moltres\n|-resisted|p1a: Moltres\n|-damage|p1a: Moltres|60/100 par\n|\n|upkeep\n|turn|35\n|\n|t:|1782437269\n|move|p1a: Moltres|Roost|p1a: Moltres\n|-heal|p1a: Moltres|100/100 par\n|-singleturn|p1a: Moltres|move: Roost\n|move|p2a: Zamazenta|Roar|p1a: Moltres\n|drag|p1a: Ogerpon|Ogerpon-Wellspring-Tera, F, tera:Water|47/100\n|-ability|p1a: Ogerpon|Embody Aspect (Wellspring)|boost\n|-boost|p1a: Ogerpon|spd|1\n|\n|upkeep\n|turn|36\n|\n|t:|1782437272\n|switch|p1a: Moltres|Moltres|100/100 par\n|move|p2a: Zamazenta|Body Press|p1a: Moltres\n|-resisted|p1a: Moltres\n|-damage|p1a: Moltres|59/100 par\n|\n|upkeep\n|turn|37\n|\n|t:|1782437276\n|move|p2a: Zamazenta|Iron Defense|p2a: Zamazenta\n|-boost|p2a: Zamazenta|def|1\n|move|p1a: Moltres|Roost|p1a: Moltres\n|-heal|p1a: Moltres|100/100 par\n|-singleturn|p1a: Moltres|move: Roost\n|\n|upkeep\n|turn|38\n|\n|t:|1782437287\n|move|p2a: Zamazenta|Roar|p1a: Moltres\n|drag|p1a: Ogerpon|Ogerpon-Wellspring-Tera, F, tera:Water|47/100\n|-ability|p1a: Ogerpon|Embody Aspect (Wellspring)|boost\n|-boost|p1a: Ogerpon|spd|1\n|\n|upkeep\n|turn|39\n|\n|t:|1782437295\n|switch|p1a: Moltres|Moltres|100/100 par\n|move|p2a: Zamazenta|Body Press|p1a: Moltres\n|-resisted|p1a: Moltres\n|-damage|p1a: Moltres|50/100 par\n|\n|upkeep\n|turn|40\n|\n|t:|1782437298\n|move|p2a: Zamazenta|Body Press|p1a: Moltres\n|-resisted|p1a: Moltres\n|-damage|p1a: Moltres|1/100 par\n|move|p1a: Moltres|Roar|p2a: Zamazenta\n|drag|p2a: Gholdengo|Gholdengo|17/100 brn\n|\n|-damage|p2a: Gholdengo|11/100 brn|[from] brn\n|upkeep\n|turn|41\n|\n|t:|1782437316\n|move|p2a: Gholdengo|Hex|p1a: Moltres\n|-damage|p1a: Moltres|0 fnt\n|faint|p1a: Moltres\n|\n|-damage|p2a: Gholdengo|5/100 brn|[from] brn\n|upkeep\n|\n|t:|1782437332\n|switch|p1a: Ogerpon|Ogerpon-Wellspring-Tera, F, tera:Water|47/100\n|-ability|p1a: Ogerpon|Embody Aspect (Wellspring)|boost\n|-boost|p1a: Ogerpon|spd|1\n|turn|42\n|\n|t:|1782437337\n|move|p1a: Ogerpon|Ivy Cudgel|p2a: Gholdengo|[anim] Ivy Cudgel Water\n|-damage|p2a: Gholdengo|0 fnt\n|faint|p2a: Gholdengo\n|\n|upkeep\n|\n|t:|1782437365\n|switch|p2a: Zamazenta|Zamazenta, tera:Fire|100/100\n|-damage|p2a: Zamazenta|76/100|[from] Stealth Rock\n|turn|43\n|inactive|esfill has 120 seconds left.\n|\n|t:|1782437391\n|move|p2a: Zamazenta|Body Press|p1a: Ogerpon\n|-damage|p1a: Ogerpon|3/100\n|move|p1a: Ogerpon|Ivy Cudgel|p2a: Zamazenta|[anim] Ivy Cudgel Water\n|-supereffective|p2a: Zamazenta\n|-damage|p2a: Zamazenta|0 fnt\n|faint|p2a: Zamazenta\n|\n|upkeep\n|\n|t:|1782437393\n|switch|p2a: Tornadus|Tornadus-Therian, M|100/100\n|-damage|p2a: Tornadus|76/100|[from] Stealth Rock\n|turn|44\n|\n|t:|1782437398\n|move|p2a: Tornadus|Bleakwind Storm|p1a: Ogerpon\n|-damage|p1a: Ogerpon|0 fnt\n|faint|p1a: Ogerpon\n|detailschange|p1: Ogerpon|Ogerpon-Wellspring, F|[silent]\n|\n|upkeep\n|\n|t:|1782437400\n|switch|p1a: Dragonite|Dragonite, F|97/100\n|turn|45\n|\n|t:|1782437403\n|move|p1a: Dragonite|Extreme Speed|p2a: Tornadus\n|-damage|p2a: Tornadus|43/100\n|move|p2a: Tornadus|Bleakwind Storm|p1a: Dragonite\n|-damage|p1a: Dragonite|57/100\n|\n|upkeep\n|turn|46\n|\n|t:|1782437408\n|move|p1a: Dragonite|Extreme Speed|p2a: Tornadus\n|-damage|p2a: Tornadus|6/100\n|move|p2a: Tornadus|Bleakwind Storm|p1a: Dragonite\n|-crit|p1a: Dragonite\n|-damage|p1a: Dragonite|7/100\n|-unboost|p1a: Dragonite|spe|1\n|\n|upkeep\n|turn|47\n|\n|t:|1782437410\n|move|p1a: Dragonite|Extreme Speed|p2a: Tornadus\n|-damage|p2a: Tornadus|0 fnt\n|faint|p2a: Tornadus\n|\n|win|hooh hoes in hoenn\n|n|☆hooh hoes in hoenn|hoohhoesinhoenn\n|n|☆esfill|esfill\n|n| Angolano1234567|angolano1234567\n|n| MiNhameSa|minhamesa\n", "uploadtime": 1782437410, "views": 10, "formatid": "gen9ou", "rating": null, "private": 0, "password": null}