{"id": "gen9ou-2647711660", "format": "[Gen 9] OU", "players": ["hahaheyo", "tibitiberio"], "log": "|j|☆hahaheyo\n|j|☆tibitiberio\n|t:|1783800109\n|gametype|singles\n|player|p1|hahaheyo|caitlin|1103\n|player|p2|tibitiberio|bugcatcher-gen4dp|1111\n|gen|9\n|tier|[Gen 9] OU\n|rated|\n|rule|HP Percentage Mod: HP is shown in percentages\n|rule|Endless Battle Clause: Forcing endless battles is banned\n|rule|Species Clause: Limit one of each Pokémon\n|rule|OHKO Clause: OHKO moves are banned\n|rule|Evasion Items Clause: Evasion items are banned\n|rule|Evasion Moves Clause: Evasion moves are banned\n|rule|Evasion Abilities Clause: Evasion abilities are banned\n|rule|Sleep Moves Clause: Sleep-inducing moves are banned\n|clearpoke\n|poke|p1|Great Tusk|\n|poke|p1|Gholdengo|\n|poke|p1|Dragapult, M|\n|poke|p1|Zamazenta-*|\n|poke|p1|Slowking-Galar, M|\n|poke|p1|Kingambit, M|\n|poke|p2|Hitmonlee, M|\n|poke|p2|Falinks|\n|poke|p2|Regieleki|\n|poke|p2|Bisharp, F|\n|poke|p2|Zoroark-Hisui, F|\n|poke|p2|Smeargle, F|\n|teampreview\n|inactive|Battle timer is ON: inactive players will automatically lose when time's up. (requested by tibitiberio)\n|inactive|hahaheyo also wants the timer to be on.\n|c|☆tibitiberio|Nooo i forgot change the team\n|\n|t:|1783800135\n|teamsize|p1|6\n|teamsize|p2|6\n|start\n|switch|p1a: parasytic head|Slowking-Galar, M, shiny|100/100\n|switch|p2a: Smeargle|Smeargle, F|100/100\n|turn|1\n|\n|t:|1783800146\n|move|p2a: Smeargle|Taunt|p1a: parasytic head\n|-start|p1a: parasytic head|move: Taunt\n|move|p1a: parasytic head|Brick Break|p2a: Smeargle\n|-supereffective|p2a: Smeargle\n|-damage|p2a: Smeargle|38/100\n|\n|upkeep\n|turn|2\n|\n|t:|1783800154\n|move|p2a: Smeargle|Sticky Web|p1a: parasytic head\n|-sidestart|p1: hahaheyo|move: Sticky Web\n|move|p1a: parasytic head|Brick Break|p2a: Smeargle\n|-supereffective|p2a: Smeargle\n|-damage|p2a: Smeargle|0 fnt\n|faint|p2a: Smeargle\n|\n|upkeep\n|\n|t:|1783800159\n|switch|p2a: Submarino|Bisharp, F|100/100\n|turn|3\n|\n|t:|1783800166\n|move|p2a: Submarino|Dark Pulse|p1a: parasytic head\n|-supereffective|p1a: parasytic head\n|-damage|p1a: parasytic head|37/100\n|move|p1a: parasytic head|Brick Break|p2a: Submarino\n|-immune|p2a: Submarino\n|\n|-end|p1a: parasytic head|move: Taunt\n|upkeep\n|turn|4\n|\n|t:|1783800176\n|move|p2a: Submarino|Dark Pulse|p1a: parasytic head\n|-supereffective|p1a: parasytic head\n|-damage|p1a: parasytic head|0 fnt\n|faint|p1a: parasytic head\n|\n|upkeep\n|\n|t:|1783800191\n|switch|p1a: swordface⭐⭐⭐|Kingambit, M, shiny|100/100\n|-activate|p1a: swordface⭐⭐⭐|move: Sticky Web\n|-unboost|p1a: swordface⭐⭐⭐|spe|1\n|-activate|p1a: swordface⭐⭐⭐|ability: Supreme Overlord\n|-start|p1a: swordface⭐⭐⭐|fallen1|[silent]\n|turn|5\n|\n|t:|1783800198\n|move|p1a: swordface⭐⭐⭐|Sucker Punch|p2a: Submarino\n|-supereffective|p2a: Submarino\n|-damage|p2a: Submarino|0 fnt\n|replace|p2a: Porro|Zoroark-Hisui, F\n|-end|p2a: Porro|Illusion\n|faint|p2a: Porro\n|\n|upkeep\n|\n|t:|1783800208\n|switch|p2a: Achu|Regieleki|100/100\n|turn|6\n|\n|t:|1783800217\n|-end|p1a: swordface⭐⭐⭐|fallen1|[silent]\n|switch|p1a: mammy⭐|Great Tusk, shiny|100/100\n|-activate|p1a: mammy⭐|move: Sticky Web\n|-unboost|p1a: mammy⭐|spe|1\n|move|p2a: Achu|Thunderbolt|p1a: mammy⭐\n|-immune|p1a: mammy⭐\n|\n|upkeep\n|turn|7\n|\n|t:|1783800234\n|switch|p2a: Pollo|Falinks|100/100\n|move|p1a: mammy⭐|Rapid Spin|p2a: Pollo\n|-damage|p2a: Pollo|85/100\n|-boost|p1a: mammy⭐|spe|1\n|-sideend|p1: hahaheyo|Sticky Web|[from] move: Rapid Spin|[of] p1a: mammy⭐\n|\n|-heal|p2a: Pollo|91/100|[from] item: Leftovers\n|upkeep\n|turn|8\n|\n|t:|1783800246\n|move|p1a: mammy⭐|Rapid Spin|p2a: Pollo\n|-damage|p2a: Pollo|75/100\n|-boost|p1a: mammy⭐|spe|1\n|move|p2a: Pollo|No Retreat|p2a: Pollo\n|-boost|p2a: Pollo|atk|1\n|-boost|p2a: Pollo|def|1\n|-boost|p2a: Pollo|spa|1\n|-boost|p2a: Pollo|spd|1\n|-boost|p2a: Pollo|spe|1\n|-start|p2a: Pollo|move: No Retreat\n|\n|-heal|p2a: Pollo|81/100|[from] item: Leftovers\n|upkeep\n|turn|9\n|\n|t:|1783800260\n|move|p1a: mammy⭐|Earthquake|p2a: Pollo\n|-damage|p2a: Pollo|50/100\n|move|p2a: Pollo|Body Press|p1a: mammy⭐\n|-damage|p1a: mammy⭐|69/100\n|\n|-heal|p1a: mammy⭐|75/100|[from] item: Leftovers\n|-heal|p2a: Pollo|56/100|[from] item: Leftovers\n|upkeep\n|turn|10\n|\n|t:|1783800276\n|move|p1a: mammy⭐|Earthquake|p2a: Pollo\n|-damage|p2a: Pollo|27/100\n|move|p2a: Pollo|Iron Head|p1a: mammy⭐\n|-damage|p1a: mammy⭐|58/100\n|\n|-heal|p1a: mammy⭐|65/100|[from] item: Leftovers\n|-heal|p2a: Pollo|33/100|[from] item: Leftovers\n|upkeep\n|turn|11\n|\n|t:|1783800285\n|move|p1a: mammy⭐|Earthquake|p2a: Pollo\n|-damage|p2a: Pollo|3/100\n|move|p2a: Pollo|Body Press|p1a: mammy⭐\n|-damage|p1a: mammy⭐|33/100\n|\n|-heal|p1a: mammy⭐|40/100|[from] item: Leftovers\n|-heal|p2a: Pollo|9/100|[from] item: Leftovers\n|upkeep\n|turn|12\n|\n|t:|1783800296\n|move|p1a: mammy⭐|Earthquake|p2a: Pollo\n|-damage|p2a: Pollo|0 fnt\n|faint|p2a: Pollo\n|\n|-heal|p1a: mammy⭐|46/100|[from] item: Leftovers\n|upkeep\n|\n|t:|1783800304\n|switch|p2a: Yupiii perdi|Hitmonlee, M|100/100\n|turn|13\n|\n|t:|1783800312\n|move|p1a: mammy⭐|Earthquake|p2a: Yupiii perdi\n|-enditem|p2a: Yupiii perdi|Focus Sash\n|-damage|p2a: Yupiii perdi|1/100\n|move|p2a: Yupiii perdi|Swords Dance|p2a: Yupiii perdi\n|-boost|p2a: Yupiii perdi|atk|2\n|\n|-heal|p1a: mammy⭐|52/100|[from] item: Leftovers\n|upkeep\n|turn|14\n|\n|t:|1783800324\n|move|p2a: Yupiii perdi|Reversal|p1a: mammy⭐\n|-damage|p1a: mammy⭐|0 fnt\n|faint|p1a: mammy⭐\n|-end|p1a: mammy⭐|Protosynthesis|[silent]\n|\n|upkeep\n|inactive|hahaheyo has 120 seconds left.\n|c|☆tibitiberio|I wish no more priority atac\n|\n|t:|1783800358\n|switch|p1a: shield dog⭐⭐⭐|Zamazenta, shiny|100/100\n|-ability|p1a: shield dog⭐⭐⭐|Dauntless Shield|boost\n|-boost|p1a: shield dog⭐⭐⭐|def|1\n|turn|15\n|\n|t:|1783800368\n|move|p2a: Yupiii perdi|Reversal|p1a: shield dog⭐⭐⭐\n|-damage|p1a: shield dog⭐⭐⭐|0 fnt\n|faint|p1a: shield dog⭐⭐⭐\n|\n|upkeep\n|\n|t:|1783800374\n|switch|p1a: Goldandgone⭐⭐|Gholdengo, shiny|100/100\n|-item|p1a: Goldandgone⭐⭐|Air Balloon\n|turn|16\n|c|☆tibitiberio|Bro im earthquake reversal\n|inactive|tibitiberio has 120 seconds left.\n|\n|t:|1783800405\n|switch|p2a: Achu|Regieleki|100/100\n|move|p1a: Goldandgone⭐⭐|Shadow Ball|p2a: Achu\n|-damage|p2a: Achu|21/100\n|-unboost|p2a: Achu|spd|1\n|\n|upkeep\n|turn|17\n|\n|t:|1783800418\n|switch|p1a: big tail|Dragapult, M, shiny|100/100\n|move|p2a: Achu|Thunderbolt|p1a: big tail\n|-resisted|p1a: big tail\n|-damage|p1a: big tail|67/100\n|\n|-heal|p1a: big tail|73/100|[from] item: Leftovers\n|upkeep\n|turn|18\n|\n|t:|1783800428\n|move|p2a: Achu|Volt Switch|p1a: big tail\n|-resisted|p1a: big tail\n|-damage|p1a: big tail|47/100\n|\n|t:|1783800432\n|switch|p2a: Submarino|Bisharp, F|100/100|[from] Volt Switch\n|move|p1a: big tail|Flamethrower|p2a: Submarino\n|-supereffective|p2a: Submarino\n|-damage|p2a: Submarino|55/100\n|\n|-heal|p1a: big tail|53/100|[from] item: Leftovers\n|upkeep\n|turn|19\n|\n|t:|1783800447\n|move|p2a: Submarino|Sucker Punch|p1a: big tail\n|-supereffective|p1a: big tail\n|-damage|p1a: big tail|0 fnt\n|faint|p1a: big tail\n|\n|upkeep\n|\n|t:|1783800454\n|switch|p1a: swordface⭐⭐⭐|Kingambit, M, shiny|100/100\n|-activate|p1a: swordface⭐⭐⭐|ability: Supreme Overlord\n|-start|p1a: swordface⭐⭐⭐|fallen4|[silent]\n|turn|20\n|\n|t:|1783800463\n|move|p2a: Submarino|Low Sweep|p1a: swordface⭐⭐⭐\n|-supereffective|p1a: swordface⭐⭐⭐\n|-damage|p1a: swordface⭐⭐⭐|16/100\n|-unboost|p1a: swordface⭐⭐⭐|spe|1\n|move|p1a: swordface⭐⭐⭐|Swords Dance|p1a: swordface⭐⭐⭐\n|-boost|p1a: swordface⭐⭐⭐|atk|2\n|\n|upkeep\n|turn|21\n|\n|t:|1783800471\n|move|p1a: swordface⭐⭐⭐|Sucker Punch|p2a: Submarino\n|-resisted|p2a: Submarino\n|-damage|p2a: Submarino|12/100\n|move|p2a: Submarino|Low Sweep|p1a: swordface⭐⭐⭐\n|-supereffective|p1a: swordface⭐⭐⭐\n|-crit|p1a: swordface⭐⭐⭐\n|-damage|p1a: swordface⭐⭐⭐|0 fnt\n|faint|p1a: swordface⭐⭐⭐\n|-end|p1a: swordface⭐⭐⭐|fallen4|[silent]\n|\n|upkeep\n|c|☆tibitiberio|gg\n|\n|t:|1783800480\n|switch|p1a: Goldandgone⭐⭐|Gholdengo, shiny|100/100\n|-item|p1a: Goldandgone⭐⭐|Air Balloon\n|turn|22\n|c|☆tibitiberio|I need a ou pkmn\n|\n|t:|1783800489\n|-terastallize|p1a: Goldandgone⭐⭐|Flying\n|move|p2a: Submarino|Sucker Punch|p1a: Goldandgone⭐⭐\n|-damage|p1a: Goldandgone⭐⭐|59/100\n|-enditem|p1a: Goldandgone⭐⭐|Air Balloon\n|move|p1a: Goldandgone⭐⭐|Shadow Ball|p2a: Submarino\n|-resisted|p2a: Submarino\n|-damage|p2a: Submarino|0 fnt\n|faint|p2a: Submarino\n|\n|upkeep\n|\n|t:|1783800496\n|switch|p2a: Achu|Regieleki|21/100\n|turn|23\n|\n|t:|1783800505\n|move|p2a: Achu|Thunderbolt|p1a: Goldandgone⭐⭐\n|-supereffective|p1a: Goldandgone⭐⭐\n|-damage|p1a: Goldandgone⭐⭐|0 fnt\n|faint|p1a: Goldandgone⭐⭐\n|\n|win|tibitiberio\n|raw|hahaheyo's rating: 1103 &rarr; <strong>1079</strong><br />(-24 for losing)\n|raw|tibitiberio's rating: 1111 &rarr; <strong>1135</strong><br />(+24 for winning)\n|l|☆tibitiberio\n|player|p2|\n|l|☆hahaheyo\n|player|p1|\n", "uploadtime": 1783800879, "views": 9, "formatid": "gen9ou", "rating": 1079, "private": 0, "password": null}