{"id": "gen9ou-2647786642", "format": "[Gen 9] OU", "players": ["phreshoatmeal", "armando estasilla"], "log": "|j|☆phreshoatmeal\n|j|☆armando estasilla\n|t:|1783812461\n|gametype|singles\n|player|p1|phreshoatmeal|1|1295\n|player|p2|armando estasilla|backpacker|1260\n|gen|9\n|tier|[Gen 9] OU\n|rated|\n|rule|HP Percentage Mod: HP is shown in percentages\n|rule|Endless Battle Clause: Forcing endless battles is banned\n|rule|Species Clause: Limit one of each Pokémon\n|rule|OHKO Clause: OHKO moves are banned\n|rule|Evasion Items Clause: Evasion items are banned\n|rule|Evasion Moves Clause: Evasion moves are banned\n|rule|Evasion Abilities Clause: Evasion abilities are banned\n|rule|Sleep Moves Clause: Sleep-inducing moves are banned\n|clearpoke\n|poke|p1|Braviary-Hisui, M|\n|poke|p1|Klefki, L1, M|\n|poke|p1|Great Tusk|\n|poke|p1|Rillaboom, M|\n|poke|p1|Regieleki|\n|poke|p1|Kyurem|\n|poke|p2|Tauros, M|\n|poke|p2|Ribombee, M|\n|poke|p2|Gholdengo|\n|poke|p2|Glimmora, M|\n|poke|p2|Dragonite, F|\n|poke|p2|Ting-Lu|\n|teampreview\n|inactive|Battle timer is ON: inactive players will automatically lose when time's up. (requested by armando estasilla)\n|\n|t:|1783812473\n|teamsize|p1|6\n|teamsize|p2|6\n|start\n|switch|p1a: Kyurem|Kyurem|100/100\n|switch|p2a: Ting-Lu|Ting-Lu|100/100\n|-ability|p1a: Kyurem|Pressure\n|-ability|p2a: Ting-Lu|Vessel of Ruin\n|turn|1\n|\n|t:|1783812482\n|move|p1a: Kyurem|Ice Beam|p2a: Ting-Lu\n|-supereffective|p2a: Ting-Lu\n|-damage|p2a: Ting-Lu|38/100\n|-status|p2a: Ting-Lu|frz\n|cant|p2a: Ting-Lu|frz\n|\n|-heal|p2a: Ting-Lu|44/100 frz|[from] item: Leftovers\n|upkeep\n|turn|2\n|\n|t:|1783812486\n|move|p1a: Kyurem|Ice Beam|p2a: Ting-Lu\n|-supereffective|p2a: Ting-Lu\n|-damage|p2a: Ting-Lu|0 fnt\n|faint|p2a: Ting-Lu\n|\n|upkeep\n|\n|t:|1783812488\n|switch|p2a: Ribombee|Ribombee, M|100/100\n|turn|3\n|\n|t:|1783812497\n|switch|p1a: Regieleki|Regieleki|100/100\n|move|p2a: Ribombee|Moonblast|p1a: Regieleki\n|-damage|p1a: Regieleki|21/100\n|-unboost|p1a: Regieleki|spa|1\n|\n|upkeep\n|turn|4\n|\n|t:|1783812502\n|move|p1a: Regieleki|Volt Switch|p2a: Ribombee\n|-damage|p2a: Ribombee|37/100\n|\n|t:|1783812507\n|switch|p1a: Rillaboom|Rillaboom, M|100/100|[from] Volt Switch\n|-fieldstart|move: Grassy Terrain|[from] ability: Grassy Surge|[of] p1a: Rillaboom\n|move|p2a: Ribombee|Moonblast|p1a: Rillaboom\n|-damage|p1a: Rillaboom|51/100\n|\n|-heal|p2a: Ribombee|43/100|[from] Grassy Terrain\n|-heal|p1a: Rillaboom|58/100|[from] Grassy Terrain\n|upkeep\n|turn|5\n|\n|t:|1783812517\n|move|p1a: Rillaboom|Grassy Glide|p2a: Ribombee\n|-resisted|p2a: Ribombee\n|-damage|p2a: Ribombee|0 fnt\n|faint|p2a: Ribombee\n|\n|-heal|p1a: Rillaboom|64/100|[from] Grassy Terrain\n|upkeep\n|\n|t:|1783812520\n|switch|p2a: Glimmora|Glimmora, M|100/100\n|turn|6\n|\n|t:|1783812532\n|switch|p1a: Kyurem|Kyurem|100/100\n|-ability|p1a: Kyurem|Pressure\n|move|p2a: Glimmora|Power Gem|p1a: Kyurem\n|-supereffective|p1a: Kyurem\n|-crit|p1a: Kyurem\n|-damage|p1a: Kyurem|0 fnt\n|faint|p1a: Kyurem\n|\n|upkeep\n|\n|t:|1783812536\n|switch|p1a: Braviary|Braviary-Hisui, M|100/100\n|turn|7\n|\n|t:|1783812544\n|-terastallize|p1a: Braviary|Fighting\n|move|p2a: Glimmora|Meteor Beam||[still]\n|-prepare|p2a: Glimmora|Meteor Beam\n|-boost|p2a: Glimmora|spa|1\n|-enditem|p2a: Glimmora|Power Herb\n|-anim|p2a: Glimmora|Meteor Beam|p1a: Braviary\n|-resisted|p1a: Braviary\n|-damage|p1a: Braviary|52/100\n|move|p1a: Braviary|Calm Mind|p1a: Braviary\n|-boost|p1a: Braviary|spa|1\n|-boost|p1a: Braviary|spd|1\n|\n|-heal|p1a: Braviary|58/100|[from] Grassy Terrain\n|upkeep\n|turn|8\n|\n|t:|1783812553\n|move|p2a: Glimmora|Mortal Spin|p1a: Braviary\n|-damage|p1a: Braviary|54/100\n|-status|p1a: Braviary|psn\n|move|p1a: Braviary|Roost|p1a: Braviary\n|-heal|p1a: Braviary|100/100 psn\n|\n|-damage|p1a: Braviary|88/100 psn|[from] psn\n|-fieldend|move: Grassy Terrain\n|upkeep\n|turn|9\n|\n|t:|1783812559\n|move|p2a: Glimmora|Earth Power|p1a: Braviary\n|-damage|p1a: Braviary|54/100 psn\n|move|p1a: Braviary|Esper Wing|p2a: Glimmora\n|-supereffective|p2a: Glimmora\n|-damage|p2a: Glimmora|0 fnt\n|-boost|p1a: Braviary|spe|1\n|faint|p2a: Glimmora\n|\n|-damage|p1a: Braviary|42/100 psn|[from] psn\n|upkeep\n|\n|t:|1783812563\n|switch|p2a: Dragonite|Dragonite, F|100/100\n|turn|10\n|\n|t:|1783812566\n|move|p2a: Dragonite|Extreme Speed|p1a: Braviary\n|-damage|p1a: Braviary|25/100 psn\n|move|p1a: Braviary|Roost|p1a: Braviary\n|-heal|p1a: Braviary|75/100 psn\n|\n|-damage|p1a: Braviary|63/100 psn|[from] psn\n|upkeep\n|turn|11\n|\n|t:|1783812570\n|move|p1a: Braviary|Roost|p1a: Braviary\n|-heal|p1a: Braviary|100/100 psn\n|move|p2a: Dragonite|Dragon Tail|p1a: Braviary|[miss]\n|-miss|p2a: Dragonite|p1a: Braviary\n|\n|-damage|p1a: Braviary|88/100 psn|[from] psn\n|upkeep\n|turn|12\n|\n|t:|1783812573\n|move|p1a: Braviary|Esper Wing|p2a: Dragonite\n|-damage|p2a: Dragonite|79/100\n|-boost|p1a: Braviary|spe|1\n|move|p2a: Dragonite|Dragon Tail|p1a: Braviary\n|-damage|p1a: Braviary|68/100 psn\n|drag|p1a: Klefki|Klefki, L1, M|100/100\n|\n|upkeep\n|turn|13\n|\n|t:|1783812578\n|switch|p2a: Gholdengo|Gholdengo|100/100\n|-item|p2a: Gholdengo|Air Balloon\n|move|p1a: Klefki|Spikes|p2a: Gholdengo\n|-sidestart|p2: armando estasilla|Spikes\n|\n|upkeep\n|turn|14\n|\n|t:|1783812584\n|switch|p1a: Braviary|Braviary-Hisui, M, tera:Fighting|68/100 psn\n|move|p2a: Gholdengo|Hex|p1a: Braviary\n|-damage|p1a: Braviary|8/100 psn\n|\n|-damage|p1a: Braviary|0 fnt|[from] psn\n|faint|p1a: Braviary\n|upkeep\n|\n|t:|1783812593\n|switch|p1a: Regieleki|Regieleki|21/100\n|turn|15\n|\n|t:|1783812598\n|move|p1a: Regieleki|Volt Switch|p2a: Gholdengo\n|-damage|p2a: Gholdengo|51/100\n|-enditem|p2a: Gholdengo|Air Balloon\n|\n|t:|1783812601\n|switch|p1a: Klefki|Klefki, L1, M|100/100|[from] Volt Switch\n|move|p2a: Gholdengo|Hex|p1a: Klefki\n|-enditem|p1a: Klefki|Focus Sash\n|-damage|p1a: Klefki|9/100\n|\n|upkeep\n|turn|16\n|\n|t:|1783812605\n|move|p1a: Klefki|Spikes|p2a: Gholdengo\n|-sidestart|p2: armando estasilla|Spikes\n|move|p2a: Gholdengo|Recover|p2a: Gholdengo\n|-heal|p2a: Gholdengo|100/100\n|\n|upkeep\n|turn|17\n|\n|t:|1783812610\n|move|p1a: Klefki|Spikes|p2a: Gholdengo\n|-sidestart|p2: armando estasilla|Spikes\n|move|p2a: Gholdengo|Hex|p1a: Klefki\n|-damage|p1a: Klefki|0 fnt\n|faint|p1a: Klefki\n|\n|upkeep\n|\n|t:|1783812621\n|switch|p1a: Regieleki|Regieleki|21/100\n|turn|18\n|\n|t:|1783812624\n|move|p1a: Regieleki|Thunderbolt|p2a: Gholdengo\n|-damage|p2a: Gholdengo|33/100\n|move|p2a: Gholdengo|Dazzling Gleam|p1a: Regieleki\n|-damage|p1a: Regieleki|0 fnt\n|faint|p1a: Regieleki\n|\n|upkeep\n|\n|t:|1783812626\n|switch|p1a: Great Tusk|Great Tusk|100/100\n|turn|19\n|\n|t:|1783812633\n|move|p1a: Great Tusk|Ice Spinner|p2a: Gholdengo\n|-resisted|p2a: Gholdengo\n|-crit|p2a: Gholdengo\n|-damage|p2a: Gholdengo|18/100\n|move|p2a: Gholdengo|Dazzling Gleam|p1a: Great Tusk\n|-supereffective|p1a: Great Tusk\n|-damage|p1a: Great Tusk|30/100\n|\n|upkeep\n|turn|20\n|\n|t:|1783812639\n|move|p1a: Great Tusk|Headlong Rush|p2a: Gholdengo\n|-supereffective|p2a: Gholdengo\n|-damage|p2a: Gholdengo|0 fnt\n|-unboost|p1a: Great Tusk|def|1\n|-unboost|p1a: Great Tusk|spd|1\n|faint|p2a: Gholdengo\n|\n|upkeep\n|\n|t:|1783812641\n|switch|p2a: Tauros|Tauros, M|100/100\n|-damage|p2a: Tauros|76/100|[from] Spikes\n|turn|21\n|\n|t:|1783812647\n|-end|p1a: Great Tusk|Protosynthesis|[silent]\n|switch|p1a: Rillaboom|Rillaboom, M|64/100\n|-fieldstart|move: Grassy Terrain|[from] ability: Grassy Surge|[of] p1a: Rillaboom\n|move|p2a: Tauros|Body Slam|p1a: Rillaboom\n|-damage|p1a: Rillaboom|3/100\n|\n|-heal|p2a: Tauros|82/100|[from] Grassy Terrain\n|-heal|p1a: Rillaboom|9/100|[from] Grassy Terrain\n|upkeep\n|turn|22\n|\n|t:|1783812651\n|move|p1a: Rillaboom|Grassy Glide|p2a: Tauros\n|-damage|p2a: Tauros|8/100\n|move|p2a: Tauros|Body Slam|p1a: Rillaboom\n|-damage|p1a: Rillaboom|0 fnt\n|faint|p1a: Rillaboom\n|\n|-heal|p2a: Tauros|14/100|[from] Grassy Terrain\n|upkeep\n|\n|t:|1783812654\n|switch|p1a: Great Tusk|Great Tusk|30/100\n|turn|23\n|\n|t:|1783812656\n|move|p2a: Tauros|Body Slam|p1a: Great Tusk\n|-damage|p1a: Great Tusk|0 fnt\n|faint|p1a: Great Tusk\n|-end|p1a: Great Tusk|Protosynthesis|[silent]\n|\n|win|armando estasilla\n|raw|phreshoatmeal's rating: 1295 &rarr; <strong>1267</strong><br />(-28 for losing)\n|raw|armando estasilla's rating: 1260 &rarr; <strong>1288</strong><br />(+28 for winning)\n|l|☆armando estasilla\n|player|p2|\n|l|☆phreshoatmeal\n|player|p1|\n", "uploadtime": 1783812937, "views": 10, "formatid": "gen9ou", "rating": 1267, "private": 0, "password": null}