{"id": "gen9ou-2647839289", "format": "[Gen 9] OU", "players": ["GoodorEevee", "2wicky12"], "log": "|j|☆GoodorEevee\n|j|☆2wicky12\n|t:|1783821717\n|gametype|singles\n|player|p1|GoodorEevee|hexmaniac-gen6|1216\n|player|p2|2wicky12|burglar|1240\n|gen|9\n|tier|[Gen 9] OU\n|rated|\n|rule|HP Percentage Mod: HP is shown in percentages\n|rule|Endless Battle Clause: Forcing endless battles is banned\n|rule|Species Clause: Limit one of each Pokémon\n|rule|OHKO Clause: OHKO moves are banned\n|rule|Evasion Items Clause: Evasion items are banned\n|rule|Evasion Moves Clause: Evasion moves are banned\n|rule|Evasion Abilities Clause: Evasion abilities are banned\n|rule|Sleep Moves Clause: Sleep-inducing moves are banned\n|clearpoke\n|poke|p1|Alomomola, F|\n|poke|p1|Clefable, F|\n|poke|p1|Morpeko, F|\n|poke|p1|Dragapult, F|\n|poke|p1|Iron Crown|\n|poke|p1|Latias, F|\n|poke|p2|Dragonite, F|\n|poke|p2|Gholdengo|\n|poke|p2|Magnezone|\n|poke|p2|Great Tusk|\n|poke|p2|Moltres|\n|poke|p2|Walking Wake|\n|teampreview\n|inactive|Battle timer is ON: inactive players will automatically lose when time's up. (requested by 2wicky12)\n|inactive|GoodorEevee also wants the timer to be on.\n|c|☆2wicky12|glhf\n|\n|t:|1783821731\n|teamsize|p1|6\n|teamsize|p2|6\n|start\n|switch|p1a: Dragapult|Dragapult, F|100/100\n|switch|p2a: Gholdengo|Gholdengo, shiny|100/100\n|turn|1\n|c|☆GoodorEevee|U too!\n|\n|t:|1783821747\n|switch|p1a: Morpeko|Morpeko, F, shiny|100/100\n|move|p2a: Gholdengo|Shadow Ball|p1a: Morpeko\n|-resisted|p1a: Morpeko\n|-damage|p1a: Morpeko|57/100\n|\n|-formechange|p1a: Morpeko|Morpeko-Hangry||[from] ability: Hunger Switch\n|upkeep\n|turn|2\n|\n|t:|1783821754\n|switch|p2a: Great Tusk|Great Tusk, shiny|100/100\n|move|p1a: Morpeko|Aura Wheel|p2a: Great Tusk\n|-resisted|p2a: Great Tusk\n|-damage|p2a: Great Tusk|86/100\n|-boost|p1a: Morpeko|spe|1\n|\n|-formechange|p1a: Morpeko|Morpeko||[from] ability: Hunger Switch\n|upkeep\n|turn|3\n|\n|t:|1783821760\n|move|p1a: Morpeko|Parting Shot|p2a: Great Tusk\n|-unboost|p2a: Great Tusk|atk|1\n|-unboost|p2a: Great Tusk|spa|1\n|\n|t:|1783821763\n|switch|p1a: Alomomola|Alomomola, F|100/100|[from] Parting Shot\n|move|p2a: Great Tusk|Rapid Spin|p1a: Alomomola\n|-damage|p1a: Alomomola|93/100\n|-boost|p2a: Great Tusk|spe|1\n|\n|-heal|p1a: Alomomola|99/100|[from] item: Leftovers\n|upkeep\n|turn|4\n|\n|t:|1783821775\n|-end|p2a: Great Tusk|Protosynthesis|[silent]\n|switch|p2a: Magnezone|Magnezone|100/100\n|-item|p2a: Magnezone|Air Balloon\n|move|p1a: Alomomola|Tickle|p2a: Magnezone\n|-unboost|p2a: Magnezone|atk|1\n|-unboost|p2a: Magnezone|def|1\n|\n|-heal|p1a: Alomomola|100/100|[from] item: Leftovers\n|upkeep\n|turn|5\n|\n|t:|1783821786\n|switch|p1a: Iron Crown|Iron Crown|100/100\n|move|p2a: Magnezone|Volt Switch|p1a: Iron Crown\n|-damage|p1a: Iron Crown|71/100\n|\n|t:|1783821793\n|switch|p2a: Gholdengo|Gholdengo, shiny|100/100|[from] Volt Switch\n|\n|upkeep\n|turn|6\n|\n|t:|1783821795\n|move|p1a: Iron Crown|Volt Switch|p2a: Gholdengo\n|-damage|p2a: Gholdengo|70/100\n|\n|t:|1783821800\n|-end|p1a: Iron Crown|Quark Drive|[silent]\n|switch|p1a: Morpeko|Morpeko, F, shiny|57/100|[from] Volt Switch\n|move|p2a: Gholdengo|Shadow Ball|p1a: Morpeko\n|-resisted|p1a: Morpeko\n|-damage|p1a: Morpeko|11/100\n|\n|-formechange|p1a: Morpeko|Morpeko-Hangry||[from] ability: Hunger Switch\n|upkeep\n|turn|7\n|\n|t:|1783821805\n|move|p2a: Gholdengo|Shadow Ball|p1a: Morpeko\n|-resisted|p1a: Morpeko\n|-damage|p1a: Morpeko|0 fnt\n|faint|p1a: Morpeko\n|\n|upkeep\n|\n|t:|1783821813\n|switch|p1a: Clefable|Clefable, F|100/100\n|turn|8\n|\n|t:|1783821825\n|switch|p2a: Magnezone|Magnezone|100/100\n|-item|p2a: Magnezone|Air Balloon\n|move|p1a: Clefable|Calm Mind|p1a: Clefable\n|-boost|p1a: Clefable|spa|1\n|-boost|p1a: Clefable|spd|1\n|\n|upkeep\n|turn|9\n|\n|t:|1783821834\n|move|p2a: Magnezone|Steel Beam|p1a: Clefable\n|-supereffective|p1a: Clefable\n|-damage|p1a: Clefable|30/100\n|-damage|p2a: Magnezone|50/100|[from] steelbeam\n|move|p1a: Clefable|Flamethrower|p2a: Magnezone\n|-supereffective|p2a: Magnezone\n|-damage|p2a: Magnezone|0 fnt\n|-enditem|p2a: Magnezone|Air Balloon\n|faint|p2a: Magnezone\n|\n|-heal|p1a: Clefable|36/100|[from] item: Leftovers\n|upkeep\n|\n|t:|1783821849\n|switch|p2a: Gholdengo|Gholdengo, shiny|70/100\n|turn|10\n|\n|t:|1783821857\n|-terastallize|p1a: Clefable|Steel\n|move|p2a: Gholdengo|Trick|p1a: Clefable\n|-activate|p2a: Gholdengo|move: Trick|[of] p1a: Clefable\n|-item|p1a: Clefable|Choice Scarf|[from] move: Trick\n|-item|p2a: Gholdengo|Leftovers|[from] move: Trick\n|move|p1a: Clefable|Flamethrower|p2a: Gholdengo\n|-supereffective|p2a: Gholdengo\n|-damage|p2a: Gholdengo|0 fnt\n|faint|p2a: Gholdengo\n|\n|upkeep\n|\n|t:|1783821867\n|switch|p2a: Dragonite|Dragonite, F, shiny|100/100\n|turn|11\n|\n|t:|1783821872\n|switch|p1a: Alomomola|Alomomola, F|100/100\n|move|p2a: Dragonite|Dragon Dance|p2a: Dragonite\n|-boost|p2a: Dragonite|atk|1\n|-boost|p2a: Dragonite|spe|1\n|\n|upkeep\n|turn|12\n|\n|t:|1783821876\n|move|p2a: Dragonite|Dragon Dance|p2a: Dragonite\n|-boost|p2a: Dragonite|atk|1\n|-boost|p2a: Dragonite|spe|1\n|move|p1a: Alomomola|Tickle|p2a: Dragonite\n|-unboost|p2a: Dragonite|atk|1\n|-unboost|p2a: Dragonite|def|1\n|\n|upkeep\n|turn|13\n|\n|t:|1783821881\n|-terastallize|p2a: Dragonite|Normal\n|move|p2a: Dragonite|Extreme Speed|p1a: Alomomola\n|-damage|p1a: Alomomola|71/100\n|move|p1a: Alomomola|Tickle|p2a: Dragonite\n|-unboost|p2a: Dragonite|atk|1\n|-unboost|p2a: Dragonite|def|1\n|\n|-heal|p1a: Alomomola|77/100|[from] item: Leftovers\n|upkeep\n|turn|14\n|\n|t:|1783821890\n|switch|p2a: Moltres|Moltres, shiny|100/100\n|move|p1a: Alomomola|Scald|p2a: Moltres\n|-supereffective|p2a: Moltres\n|-damage|p2a: Moltres|73/100\n|\n|-heal|p1a: Alomomola|83/100|[from] item: Leftovers\n|upkeep\n|turn|15\n|\n|t:|1783821897\n|move|p2a: Moltres|U-turn|p1a: Alomomola\n|-damage|p1a: Alomomola|75/100\n|\n|t:|1783821902\n|switch|p2a: Walking Wake|Walking Wake|100/100|[from] U-turn\n|-enditem|p2a: Walking Wake|Booster Energy\n|-activate|p2a: Walking Wake|ability: Protosynthesis|[fromitem]\n|-start|p2a: Walking Wake|protosynthesisspa\n|move|p1a: Alomomola|Flip Turn|p2a: Walking Wake\n|-resisted|p2a: Walking Wake\n|-damage|p2a: Walking Wake|96/100\n|\n|t:|1783821908\n|switch|p1a: Clefable|Clefable, F, tera:Steel|36/100|[from] Flip Turn\n|\n|upkeep\n|turn|16\n|\n|t:|1783821913\n|move|p2a: Walking Wake|Flamethrower|p1a: Clefable\n|-supereffective|p1a: Clefable\n|-damage|p1a: Clefable|0 fnt\n|faint|p1a: Clefable\n|\n|upkeep\n|\n|t:|1783821927\n|switch|p1a: Dragapult|Dragapult, F|100/100\n|turn|17\n|\n|t:|1783821930\n|move|p1a: Dragapult|Thunder Wave|p2a: Walking Wake\n|-status|p2a: Walking Wake|par\n|move|p2a: Walking Wake|Agility|p2a: Walking Wake\n|-boost|p2a: Walking Wake|spe|2\n|\n|upkeep\n|turn|18\n|\n|t:|1783821937\n|move|p1a: Dragapult|Hex|p2a: Walking Wake\n|-damage|p2a: Walking Wake|48/100 par\n|cant|p2a: Walking Wake|par\n|\n|upkeep\n|turn|19\n|\n|t:|1783821942\n|move|p1a: Dragapult|Hex|p2a: Walking Wake\n|-damage|p2a: Walking Wake|0 fnt\n|faint|p2a: Walking Wake\n|-end|p2a: Walking Wake|Protosynthesis|[silent]\n|\n|upkeep\n|\n|t:|1783821946\n|switch|p2a: Dragonite|Dragonite, F, shiny, tera:Normal|100/100\n|turn|20\n|\n|t:|1783821950\n|switch|p2a: Great Tusk|Great Tusk, shiny|86/100\n|move|p1a: Dragapult|Will-O-Wisp|p2a: Great Tusk\n|-status|p2a: Great Tusk|brn\n|\n|-damage|p2a: Great Tusk|80/100 brn|[from] brn\n|upkeep\n|turn|21\n|\n|t:|1783821957\n|move|p1a: Dragapult|Hex|p2a: Great Tusk\n|-damage|p2a: Great Tusk|21/100 brn\n|move|p2a: Great Tusk|Ice Spinner|p1a: Dragapult\n|-supereffective|p1a: Dragapult\n|-damage|p1a: Dragapult|63/100\n|\n|-damage|p2a: Great Tusk|15/100 brn|[from] brn\n|upkeep\n|turn|22\n|\n|t:|1783821970\n|move|p1a: Dragapult|Hex|p2a: Great Tusk\n|-damage|p2a: Great Tusk|0 fnt\n|faint|p2a: Great Tusk\n|-end|p2a: Great Tusk|Protosynthesis|[silent]\n|\n|upkeep\n|\n|t:|1783821973\n|switch|p2a: Moltres|Moltres, shiny|73/100\n|turn|23\n|\n|t:|1783821984\n|move|p1a: Dragapult|Thunder Wave|p2a: Moltres\n|-status|p2a: Moltres|par\n|cant|p2a: Moltres|par\n|\n|upkeep\n|turn|24\n|\n|t:|1783821989\n|move|p1a: Dragapult|Hex|p2a: Moltres\n|-damage|p2a: Moltres|30/100 par\n|move|p2a: Moltres|Overheat|p1a: Dragapult\n|-resisted|p1a: Dragapult\n|-damage|p1a: Dragapult|30/100\n|-unboost|p2a: Moltres|spa|2\n|\n|upkeep\n|turn|25\n|-message|2wicky12 forfeited.\n|\n|win|GoodorEevee\n|raw|GoodorEevee's rating: 1216 &rarr; <strong>1243</strong><br />(+27 for winning)\n|raw|2wicky12's rating: 1240 &rarr; <strong>1213</strong><br />(-27 for losing)\n|l|☆2wicky12\n|player|p2|\n|l|☆GoodorEevee\n|player|p1|\n", "uploadtime": 1783822344, "views": 12, "formatid": "gen9ou", "rating": 1213, "private": 0, "password": null}