{"id": "gen9ou-2647709934", "format": "[Gen 9] OU", "players": ["meowstiicc", "cippino3"], "log": "|j|☆meowstiicc\n|j|☆cippino3\n|t:|1783799849\n|gametype|singles\n|player|p1|meowstiicc|acetrainersnowf|1123\n|player|p2|cippino3|poppy|1134\n|gen|9\n|tier|[Gen 9] OU\n|rated|\n|rule|HP Percentage Mod: HP is shown in percentages\n|rule|Endless Battle Clause: Forcing endless battles is banned\n|rule|Species Clause: Limit one of each Pokémon\n|rule|OHKO Clause: OHKO moves are banned\n|rule|Evasion Items Clause: Evasion items are banned\n|rule|Evasion Moves Clause: Evasion moves are banned\n|rule|Evasion Abilities Clause: Evasion abilities are banned\n|rule|Sleep Moves Clause: Sleep-inducing moves are banned\n|clearpoke\n|poke|p1|Meowscarada, M|\n|poke|p1|Alomomola, M|\n|poke|p1|Great Tusk|\n|poke|p1|Iron Moth|\n|poke|p1|Zapdos|\n|poke|p1|Iron Valiant|\n|poke|p2|Entei|\n|poke|p2|Gholdengo|\n|poke|p2|Mandibuzz, F|\n|poke|p2|Alomomola, M|\n|poke|p2|Ogerpon-Wellspring, F|\n|poke|p2|Glimmora, F|\n|teampreview\n|inactive|Battle timer is ON: inactive players will automatically lose when time's up. (requested by cippino3)\n|inactive|meowstiicc has 120 seconds left.\n|\n|t:|1783799886\n|teamsize|p1|6\n|teamsize|p2|6\n|start\n|switch|p1a: Great Tusk|Great Tusk|100/100\n|switch|p2a: Entei|Entei|100/100\n|-ability|p2a: Entei|Pressure\n|turn|1\n|\n|t:|1783799895\n|move|p2a: Entei|Sacred Fire|p1a: Great Tusk\n|-damage|p1a: Great Tusk|61/100\n|-status|p1a: Great Tusk|brn\n|move|p1a: Great Tusk|Body Press|p2a: Entei\n|-damage|p2a: Entei|79/100\n|\n|-damage|p1a: Great Tusk|55/100 brn|[from] brn\n|upkeep\n|turn|2\n|\n|t:|1783799905\n|switch|p2a: Alomomola|Alomomola, M|100/100\n|-end|p1a: Great Tusk|Protosynthesis|[silent]\n|switch|p1a: Alomomola|Alomomola, M|100/100\n|\n|upkeep\n|turn|3\n|\n|t:|1783799911\n|switch|p1a: Zapdos|Zapdos|100/100\n|move|p2a: Alomomola|Wish|p2a: Alomomola\n|\n|upkeep\n|turn|4\n|\n|t:|1783799922\n|switch|p2a: Gholdengo|Gholdengo|100/100\n|move|p1a: Zapdos|Hurricane|p2a: Gholdengo\n|-resisted|p2a: Gholdengo\n|-damage|p2a: Gholdengo|79/100\n|-start|p2a: Gholdengo|confusion\n|\n|-heal|p2a: Gholdengo|100/100|[from] move: Wish|[wisher] Alomomola\n|upkeep\n|turn|5\n|\n|t:|1783799929\n|move|p1a: Zapdos|Heat Wave|p2a: Gholdengo\n|-supereffective|p2a: Gholdengo\n|-damage|p2a: Gholdengo|49/100\n|-activate|p2a: Gholdengo|confusion\n|move|p2a: Gholdengo|Hex|p1a: Zapdos\n|-damage|p1a: Zapdos|76/100\n|\n|upkeep\n|turn|6\n|\n|t:|1783799937\n|switch|p2a: Entei|Entei|79/100\n|-ability|p2a: Entei|Pressure\n|move|p1a: Zapdos|Heat Wave|p2a: Entei\n|-resisted|p2a: Entei\n|-damage|p2a: Entei|64/100\n|\n|upkeep\n|turn|7\n|\n|t:|1783799941\n|move|p2a: Entei|Stone Edge|p1a: Zapdos|[miss]\n|-miss|p2a: Entei|p1a: Zapdos\n|move|p1a: Zapdos|Hurricane|p2a: Entei|[miss]\n|-miss|p1a: Zapdos|p2a: Entei\n|\n|upkeep\n|turn|8\n|\n|t:|1783799950\n|switch|p1a: Alomomola|Alomomola, M|100/100\n|move|p2a: Entei|Stone Edge|p1a: Alomomola\n|-damage|p1a: Alomomola|68/100\n|\n|upkeep\n|turn|9\n|\n|t:|1783799953\n|switch|p2a: Alomomola|Alomomola, M|100/100\n|move|p1a: Alomomola|Flip Turn|p2a: Alomomola\n|-resisted|p2a: Alomomola\n|-damage|p2a: Alomomola|96/100\n|\n|t:|1783799956\n|switch|p1a: Zapdos|Zapdos|76/100|[from] Flip Turn\n|\n|upkeep\n|turn|10\n|\n|t:|1783799967\n|move|p1a: Zapdos|Volt Switch|p2a: Alomomola\n|-supereffective|p2a: Alomomola\n|-damage|p2a: Alomomola|22/100\n|\n|t:|1783799976\n|switch|p1a: Meowscarada|Meowscarada, M|100/100|[from] Volt Switch\n|move|p2a: Alomomola|Wish|p2a: Alomomola\n|\n|upkeep\n|turn|11\n|\n|t:|1783799982\n|switch|p2a: Entei|Entei|64/100\n|-ability|p2a: Entei|Pressure\n|move|p1a: Meowscarada|U-turn|p2a: Entei\n|-start|p1a: Meowscarada|typechange|Bug|[from] ability: Protean\n|-resisted|p2a: Entei\n|-damage|p2a: Entei|36/100\n|\n|t:|1783800009\n|switch|p1a: Alomomola|Alomomola, M|100/100|[from] U-turn\n|\n|-heal|p2a: Entei|100/100|[from] move: Wish|[wisher] Alomomola\n|upkeep\n|turn|12\n|\n|t:|1783800013\n|switch|p2a: Alomomola|Alomomola, M|56/100\n|move|p1a: Alomomola|Flip Turn|p2a: Alomomola\n|-resisted|p2a: Alomomola\n|-damage|p2a: Alomomola|51/100\n|\n|t:|1783800022\n|switch|p1a: Meowscarada|Meowscarada, M|100/100|[from] Flip Turn\n|\n|upkeep\n|turn|13\n|\n|t:|1783800033\n|-terastallize|p2a: Alomomola|Fire\n|move|p1a: Meowscarada|U-turn|p2a: Alomomola\n|-start|p1a: Meowscarada|typechange|Bug|[from] ability: Protean\n|-resisted|p2a: Alomomola\n|-damage|p2a: Alomomola|38/100\n|\n|t:|1783800042\n|switch|p1a: Zapdos|Zapdos|76/100|[from] U-turn\n|move|p2a: Alomomola|Wish|p2a: Alomomola\n|\n|upkeep\n|turn|14\n|\n|t:|1783800050\n|move|p1a: Zapdos|Hurricane|p2a: Alomomola\n|-damage|p2a: Alomomola|0 fnt\n|faint|p2a: Alomomola\n|\n|upkeep\n|\n|t:|1783800060\n|switch|p2a: Gholdengo|Gholdengo|49/100\n|turn|15\n|\n|t:|1783800063\n|move|p1a: Zapdos|Heat Wave|p2a: Gholdengo\n|-supereffective|p2a: Gholdengo\n|-damage|p2a: Gholdengo|0 fnt\n|faint|p2a: Gholdengo\n|\n|upkeep\n|\n|t:|1783800069\n|switch|p2a: Entei|Entei|100/100\n|-ability|p2a: Entei|Pressure\n|turn|16\n|\n|t:|1783800075\n|move|p2a: Entei|Sacred Fire|p1a: Zapdos\n|-damage|p1a: Zapdos|4/100\n|move|p1a: Zapdos|Hurricane|p2a: Entei\n|-damage|p2a: Entei|46/100\n|-start|p2a: Entei|confusion\n|\n|upkeep\n|turn|17\n|\n|t:|1783800081\n|-activate|p2a: Entei|confusion\n|move|p2a: Entei|Sacred Fire|p1a: Zapdos\n|-damage|p1a: Zapdos|0 fnt\n|faint|p1a: Zapdos\n|\n|upkeep\n|\n|t:|1783800099\n|switch|p1a: Alomomola|Alomomola, M|100/100\n|turn|18\n|\n|t:|1783800104\n|switch|p2a: Glimmora|Glimmora, F|100/100\n|move|p1a: Alomomola|Flip Turn|p2a: Glimmora\n|-supereffective|p2a: Glimmora\n|-damage|p2a: Glimmora|61/100\n|-activate|p2a: Glimmora|ability: Toxic Debris\n|-sidestart|p1: meowstiicc|move: Toxic Spikes\n|\n|t:|1783800107\n|switch|p1a: Great Tusk|Great Tusk|55/100 brn|[from] Flip Turn\n|\n|-damage|p1a: Great Tusk|49/100 brn|[from] brn\n|upkeep\n|turn|19\n|\n|t:|1783800114\n|switch|p2a: Mandibuzz|Mandibuzz, F|100/100\n|move|p1a: Great Tusk|Rapid Spin|p2a: Mandibuzz\n|-damage|p2a: Mandibuzz|95/100\n|-boost|p1a: Great Tusk|spe|1\n|-ability|p2a: Mandibuzz|Weak Armor|boost\n|-unboost|p2a: Mandibuzz|def|1\n|-boost|p2a: Mandibuzz|spe|2\n|-sideend|p1: meowstiicc|Toxic Spikes|[from] move: Rapid Spin|[of] p1a: Great Tusk\n|\n|-damage|p1a: Great Tusk|42/100 brn|[from] brn\n|upkeep\n|turn|20\n|\n|t:|1783800120\n|move|p2a: Mandibuzz|Air Slash|p1a: Great Tusk|[miss]\n|-miss|p2a: Mandibuzz|p1a: Great Tusk\n|move|p1a: Great Tusk|Body Press|p2a: Mandibuzz\n|-damage|p2a: Mandibuzz|69/100\n|-ability|p2a: Mandibuzz|Weak Armor|boost\n|-unboost|p2a: Mandibuzz|def|1\n|-boost|p2a: Mandibuzz|spe|2\n|\n|-damage|p1a: Great Tusk|36/100 brn|[from] brn\n|upkeep\n|turn|21\n|\n|t:|1783800126\n|move|p2a: Mandibuzz|Air Slash|p1a: Great Tusk\n|-supereffective|p1a: Great Tusk\n|-damage|p1a: Great Tusk|14/100 brn\n|move|p1a: Great Tusk|Ice Spinner|p2a: Mandibuzz\n|-supereffective|p2a: Mandibuzz\n|-damage|p2a: Mandibuzz|30/100\n|-ability|p2a: Mandibuzz|Weak Armor|boost\n|-unboost|p2a: Mandibuzz|def|1\n|-boost|p2a: Mandibuzz|spe|2\n|\n|-damage|p1a: Great Tusk|7/100 brn|[from] brn\n|upkeep\n|turn|22\n|\n|t:|1783800130\n|move|p2a: Mandibuzz|Foul Play|p1a: Great Tusk\n|-resisted|p1a: Great Tusk\n|-damage|p1a: Great Tusk|0 fnt\n|faint|p1a: Great Tusk\n|-end|p1a: Great Tusk|Protosynthesis|[silent]\n|\n|upkeep\n|\n|t:|1783800139\n|switch|p1a: Iron Valiant|Iron Valiant|100/100\n|turn|23\n|\n|t:|1783800153\n|-end|p1a: Iron Valiant|Quark Drive|[silent]\n|switch|p1a: Alomomola|Alomomola, M|100/100\n|move|p2a: Mandibuzz|Air Slash|p1a: Alomomola\n|-damage|p1a: Alomomola|89/100\n|\n|upkeep\n|turn|24\n|\n|t:|1783800159\n|switch|p2a: Ogerpon|Ogerpon-Wellspring, F|100/100\n|move|p1a: Alomomola|Mirror Coat||[still]\n|-fail|p1a: Alomomola\n|\n|upkeep\n|turn|25\n|\n|t:|1783800173\n|switch|p1a: Iron Valiant|Iron Valiant|100/100\n|move|p2a: Ogerpon|Trailblaze|p1a: Iron Valiant\n|-damage|p1a: Iron Valiant|70/100\n|-boost|p2a: Ogerpon|spe|1\n|\n|upkeep\n|turn|26\n|\n|t:|1783800180\n|move|p2a: Ogerpon|Ivy Cudgel|p1a: Iron Valiant|[anim] Ivy Cudgel Water\n|-damage|p1a: Iron Valiant|13/100\n|move|p1a: Iron Valiant|Poison Jab|p2a: Ogerpon\n|-supereffective|p2a: Ogerpon\n|-damage|p2a: Ogerpon|46/100\n|\n|upkeep\n|turn|27\n|\n|t:|1783800189\n|move|p2a: Ogerpon|Play Rough|p1a: Iron Valiant\n|-supereffective|p1a: Iron Valiant\n|-damage|p1a: Iron Valiant|0 fnt\n|faint|p1a: Iron Valiant\n|-end|p1a: Iron Valiant|Quark Drive|[silent]\n|\n|upkeep\n|\n|t:|1783800200\n|switch|p1a: Iron Moth|Iron Moth|100/100\n|turn|28\n|\n|t:|1783800210\n|move|p2a: Ogerpon|Ivy Cudgel|p1a: Iron Moth|[anim] Ivy Cudgel Water\n|-supereffective|p1a: Iron Moth\n|-damage|p1a: Iron Moth|0 fnt\n|faint|p1a: Iron Moth\n|-end|p1a: Iron Moth|Quark Drive|[silent]\n|\n|upkeep\n|\n|t:|1783800213\n|switch|p1a: Meowscarada|Meowscarada, M|100/100\n|turn|29\n|\n|t:|1783800220\n|-terastallize|p1a: Meowscarada|Grass\n|move|p2a: Ogerpon|Play Rough|p1a: Meowscarada\n|-damage|p1a: Meowscarada|58/100\n|move|p1a: Meowscarada|Flower Trick|p2a: Ogerpon\n|-crit|p2a: Ogerpon\n|-damage|p2a: Ogerpon|0 fnt\n|faint|p2a: Ogerpon\n|\n|upkeep\n|\n|t:|1783800228\n|switch|p2a: Glimmora|Glimmora, F|61/100\n|turn|30\n|\n|t:|1783800231\n|move|p1a: Meowscarada|Flower Trick|p2a: Glimmora\n|-crit|p2a: Glimmora\n|-damage|p2a: Glimmora|0 fnt\n|-activate|p2a: Glimmora|ability: Toxic Debris\n|-sidestart|p1: meowstiicc|move: Toxic Spikes\n|faint|p2a: Glimmora\n|\n|upkeep\n|\n|t:|1783800237\n|switch|p2a: Mandibuzz|Mandibuzz, F|30/100\n|turn|31\n|\n|t:|1783800241\n|move|p1a: Meowscarada|Flower Trick|p2a: Mandibuzz\n|-resisted|p2a: Mandibuzz\n|-crit|p2a: Mandibuzz\n|-damage|p2a: Mandibuzz|0 fnt\n|faint|p2a: Mandibuzz\n|\n|upkeep\n|\n|t:|1783800244\n|switch|p2a: Entei|Entei|46/100\n|-ability|p2a: Entei|Pressure\n|turn|32\n|\n|t:|1783800250\n|move|p2a: Entei|Extreme Speed|p1a: Meowscarada\n|-damage|p1a: Meowscarada|0 fnt\n|faint|p1a: Meowscarada\n|\n|upkeep\n|\n|t:|1783800255\n|switch|p1a: Alomomola|Alomomola, M|100/100\n|-status|p1a: Alomomola|psn\n|turn|33\n|\n|t:|1783800257\n|move|p2a: Entei|Extreme Speed|p1a: Alomomola\n|-damage|p1a: Alomomola|71/100 psn\n|-damage|p2a: Entei|30/100|[from] item: Rocky Helmet|[of] p1a: Alomomola\n|move|p1a: Alomomola|Flip Turn|p2a: Entei\n|-supereffective|p2a: Entei\n|-damage|p2a: Entei|0 fnt\n|faint|p2a: Entei\n|\n|win|meowstiicc\n|raw|meowstiicc's rating: 1123 &rarr; <strong>1149</strong><br />(+26 for winning)\n|raw|cippino3's rating: 1134 &rarr; <strong>1108</strong><br />(-26 for losing)\n", "uploadtime": 1783800260, "views": 11, "formatid": "gen9ou", "rating": 1108, "private": 0, "password": null}