{"id": "gen9ou-2639303057", "format": "[Gen 9] OU", "players": ["jogonzal101", "lowser"], "log": "|j|☆jogonzal101\n|j|☆lowser\n|t:|1782449170\n|gametype|singles\n|player|p1|jogonzal101|hilbert|1292\n|player|p2|lowser|170|1241\n|gen|9\n|tier|[Gen 9] OU\n|rated|\n|rule|HP Percentage Mod: HP is shown in percentages\n|rule|Endless Battle Clause: Forcing endless battles is banned\n|rule|Species Clause: Limit one of each Pokémon\n|rule|OHKO Clause: OHKO moves are banned\n|rule|Evasion Items Clause: Evasion items are banned\n|rule|Evasion Moves Clause: Evasion moves are banned\n|rule|Evasion Abilities Clause: Evasion abilities are banned\n|rule|Sleep Moves Clause: Sleep-inducing moves are banned\n|clearpoke\n|poke|p1|Umbreon, F|\n|poke|p1|Gholdengo|\n|poke|p1|Garchomp, F|\n|poke|p1|Iron Treads|\n|poke|p1|Dragonite, F|\n|poke|p1|Iron Valiant|\n|poke|p2|Toxicroak, F|\n|poke|p2|Pelipper, F|\n|poke|p2|Kingambit, M|\n|poke|p2|Barraskewda, M|\n|poke|p2|Gliscor, M|\n|poke|p2|Goodra-Hisui, M|\n|teampreview\n|inactive|Battle timer is ON: inactive players will automatically lose when time's up. (requested by lowser)\n|\n|t:|1782449192\n|teamsize|p1|6\n|teamsize|p2|6\n|start\n|switch|p1a: Iron Valiant|Iron Valiant|100/100\n|switch|p2a: Gliscor|Gliscor, M|100/100\n|turn|1\n|\n|t:|1782449200\n|move|p2a: Gliscor|Protect|p2a: Gliscor\n|-singleturn|p2a: Gliscor|Protect\n|move|p1a: Iron Valiant|Knock Off|p2a: Gliscor\n|-activate|p2a: Gliscor|move: Protect\n|\n|-status|p2a: Gliscor|tox|[from] item: Toxic Orb\n|upkeep\n|turn|2\n|\n|t:|1782449214\n|-end|p1a: Iron Valiant|Quark Drive|[silent]\n|switch|p1a: Iron Treads|Iron Treads|100/100\n|-item|p1a: Iron Treads|Air Balloon\n|move|p2a: Gliscor|Toxic|p1a: Iron Treads\n|-immune|p1a: Iron Treads\n|\n|upkeep\n|turn|3\n|\n|t:|1782449222\n|switch|p2a: Pelipper|Pelipper, F|100/100\n|-weather|RainDance|[from] ability: Drizzle|[of] p2a: Pelipper\n|move|p1a: Iron Treads|Ice Spinner|p2a: Pelipper\n|-damage|p2a: Pelipper|86/100\n|\n|-weather|RainDance|[upkeep]\n|upkeep\n|turn|4\n|\n|t:|1782449241\n|move|p1a: Iron Treads|Knock Off|p2a: Pelipper\n|-damage|p2a: Pelipper|66/100\n|-enditem|p2a: Pelipper|Damp Rock|[from] move: Knock Off|[of] p1a: Iron Treads\n|move|p2a: Pelipper|Weather Ball|p1a: Iron Treads\n|-supereffective|p1a: Iron Treads\n|-damage|p1a: Iron Treads|4/100\n|-enditem|p1a: Iron Treads|Air Balloon\n|\n|-weather|RainDance|[upkeep]\n|upkeep\n|turn|5\n|\n|t:|1782449253\n|-end|p1a: Iron Treads|Quark Drive|[silent]\n|switch|p1a: Jaymey|Umbreon, F, shiny|100/100\n|move|p2a: Pelipper|Roost|p2a: Pelipper\n|-heal|p2a: Pelipper|100/100\n|-singleturn|p2a: Pelipper|move: Roost\n|\n|-weather|RainDance|[upkeep]\n|upkeep\n|turn|6\n|\n|t:|1782449264\n|move|p2a: Pelipper|U-turn|p1a: Jaymey\n|-supereffective|p1a: Jaymey\n|-damage|p1a: Jaymey|91/100\n|\n|t:|1782449268\n|switch|p2a: Toxicroak|Toxicroak, F|100/100|[from] U-turn\n|move|p1a: Jaymey|Wish|p1a: Jaymey\n|\n|-weather|RainDance|[upkeep]\n|-heal|p1a: Jaymey|97/100|[from] item: Leftovers\n|upkeep\n|turn|7\n|inactive|jogonzal101 has 120 seconds left.\n|\n|t:|1782449299\n|switch|p1a: Garchomp|Garchomp, F|100/100\n|move|p2a: Toxicroak|Ice Punch|p1a: Garchomp\n|-supereffective|p1a: Garchomp\n|-damage|p1a: Garchomp|58/100\n|-damage|p2a: Toxicroak|88/100|[from] ability: Rough Skin|[of] p1a: Garchomp\n|-damage|p2a: Toxicroak|72/100|[from] item: Rocky Helmet|[of] p1a: Garchomp\n|\n|-weather|RainDance|[upkeep]\n|-heal|p2a: Toxicroak|84/100|[from] ability: Dry Skin\n|-heal|p1a: Garchomp|100/100|[from] move: Wish|[wisher] Jaymey\n|upkeep\n|turn|8\n|inactive|jogonzal101 has 120 seconds left.\n|\n|t:|1782449323\n|switch|p2a: Gliscor|Gliscor, M|100/100 tox\n|move|p1a: Garchomp|Stealth Rock|p2a: Gliscor\n|-sidestart|p2: lowser|move: Stealth Rock\n|\n|-weather|RainDance|[upkeep]\n|upkeep\n|turn|9\n|\n|t:|1782449353\n|move|p1a: Garchomp|Spikes|p2a: Gliscor\n|-sidestart|p2: lowser|Spikes\n|move|p2a: Gliscor|Stealth Rock|p1a: Garchomp\n|-sidestart|p1: jogonzal101|move: Stealth Rock\n|\n|-weather|RainDance|[upkeep]\n|upkeep\n|turn|10\n|\n|t:|1782449368\n|switch|p1a: Iron Treads|Iron Treads|4/100\n|-damage|p1a: Iron Treads|2/100|[from] Stealth Rock\n|move|p2a: Gliscor|Toxic|p1a: Iron Treads\n|-immune|p1a: Iron Treads\n|\n|-weather|none\n|upkeep\n|turn|11\n|\n|t:|1782449379\n|move|p2a: Gliscor|Protect|p2a: Gliscor\n|-singleturn|p2a: Gliscor|Protect\n|move|p1a: Iron Treads|Rapid Spin|p2a: Gliscor\n|-activate|p2a: Gliscor|move: Protect\n|\n|upkeep\n|turn|12\n|\n|t:|1782449387\n|move|p1a: Iron Treads|Rapid Spin|p2a: Gliscor\n|-damage|p2a: Gliscor|90/100 tox\n|-boost|p1a: Iron Treads|spe|1\n|-sideend|p1: jogonzal101|Stealth Rock|[from] move: Rapid Spin|[of] p1a: Iron Treads\n|move|p2a: Gliscor|Earthquake|p1a: Iron Treads\n|-supereffective|p1a: Iron Treads\n|-damage|p1a: Iron Treads|0 fnt\n|faint|p1a: Iron Treads\n|-end|p1a: Iron Treads|Quark Drive|[silent]\n|\n|-heal|p2a: Gliscor|100/100 tox|[from] ability: Poison Heal\n|upkeep\n|inactive|jogonzal101 has 90 seconds left.\n|\n|t:|1782449420\n|switch|p1a: Gholdengo|Gholdengo|100/100\n|turn|13\n|\n|t:|1782449425\n|move|p1a: Gholdengo|Make It Rain|p2a: Gliscor\n|-damage|p2a: Gliscor|49/100 tox\n|-unboost|p1a: Gholdengo|spa|1\n|move|p2a: Gliscor|Stealth Rock|p1a: Gholdengo\n|-sidestart|p1: jogonzal101|move: Stealth Rock\n|\n|-heal|p2a: Gliscor|61/100 tox|[from] ability: Poison Heal\n|upkeep\n|turn|14\n|\n|t:|1782449433\n|move|p1a: Gholdengo|Make It Rain|p2a: Gliscor\n|-damage|p2a: Gliscor|26/100 tox\n|-unboost|p1a: Gholdengo|spa|1\n|move|p2a: Gliscor|Earthquake|p1a: Gholdengo\n|-supereffective|p1a: Gholdengo\n|-damage|p1a: Gholdengo|22/100\n|\n|-heal|p2a: Gliscor|39/100 tox|[from] ability: Poison Heal\n|upkeep\n|turn|15\n|\n|t:|1782449443\n|switch|p1a: Dragonite|Dragonite, F|100/100\n|move|p2a: Gliscor|Protect||[still]\n|-fail|p2a: Gliscor\n|\n|-heal|p2a: Gliscor|51/100 tox|[from] ability: Poison Heal\n|upkeep\n|turn|16\n|\n|t:|1782449450\n|move|p1a: Dragonite|Dragon Dance|p1a: Dragonite\n|-boost|p1a: Dragonite|atk|1\n|-boost|p1a: Dragonite|spe|1\n|move|p2a: Gliscor|Toxic|p1a: Dragonite\n|-status|p1a: Dragonite|tox\n|\n|-damage|p1a: Dragonite|94/100 tox|[from] psn\n|-heal|p2a: Gliscor|63/100 tox|[from] ability: Poison Heal\n|upkeep\n|turn|17\n|inactive|jogonzal101 has 120 seconds left.\n|\n|t:|1782449460\n|move|p2a: Gliscor|Protect|p2a: Gliscor\n|-singleturn|p2a: Gliscor|Protect\n|move|p1a: Dragonite|Dragon Dance|p1a: Dragonite\n|-boost|p1a: Dragonite|atk|1\n|-boost|p1a: Dragonite|spe|1\n|\n|-damage|p1a: Dragonite|82/100 tox|[from] psn\n|-heal|p2a: Gliscor|76/100 tox|[from] ability: Poison Heal\n|upkeep\n|turn|18\n|\n|t:|1782449468\n|-terastallize|p1a: Dragonite|Normal\n|move|p2a: Gliscor|Protect|p2a: Gliscor\n|-singleturn|p2a: Gliscor|Protect\n|move|p1a: Dragonite|Extreme Speed|p2a: Gliscor\n|-activate|p2a: Gliscor|move: Protect\n|\n|-damage|p1a: Dragonite|63/100 tox|[from] psn\n|-heal|p2a: Gliscor|88/100 tox|[from] ability: Poison Heal\n|upkeep\n|turn|19\n|\n|t:|1782449480\n|move|p2a: Gliscor|Protect||[still]\n|-fail|p2a: Gliscor\n|move|p1a: Dragonite|Earthquake|p2a: Gliscor\n|-immune|p2a: Gliscor\n|\n|-damage|p1a: Dragonite|39/100 tox|[from] psn\n|-heal|p2a: Gliscor|100/100 tox|[from] ability: Poison Heal\n|upkeep\n|turn|20\n|-message|jogonzal101 forfeited.\n|\n|win|lowser\n|raw|jogonzal101's rating: 1292 &rarr; <strong>1263</strong><br />(-29 for losing)\n|raw|lowser's rating: 1241 &rarr; <strong>1270</strong><br />(+29 for winning)\n|l|☆jogonzal101\n|player|p1|\n|l|☆lowser\n|player|p2|\n", "uploadtime": 1782449777, "views": 4, "formatid": "gen9ou", "rating": 1263, "private": 0, "password": null}