{"id": "gen9ou-2647714139", "format": "[Gen 9] OU", "players": ["CocoLocoBro", "mrhalfsaid"], "log": "|j|☆CocoLocoBro\n|j|☆mrhalfsaid\n|t:|1783800484\n|gametype|singles\n|player|p1|CocoLocoBro|fisherman|1195\n|player|p2|mrhalfsaid|iris|1269\n|gen|9\n|tier|[Gen 9] OU\n|rated|\n|rule|HP Percentage Mod: HP is shown in percentages\n|rule|Endless Battle Clause: Forcing endless battles is banned\n|rule|Species Clause: Limit one of each Pokémon\n|rule|OHKO Clause: OHKO moves are banned\n|rule|Evasion Items Clause: Evasion items are banned\n|rule|Evasion Moves Clause: Evasion moves are banned\n|rule|Evasion Abilities Clause: Evasion abilities are banned\n|rule|Sleep Moves Clause: Sleep-inducing moves are banned\n|clearpoke\n|poke|p1|Spidops, F|\n|poke|p1|Orthworm, M|\n|poke|p1|Glimmora, M|\n|poke|p1|Mandibuzz, F|\n|poke|p1|Mienshao, M|\n|poke|p1|Staraptor, F|\n|poke|p2|Raging Bolt|\n|poke|p2|Great Tusk|\n|poke|p2|Samurott-Hisui, F|\n|poke|p2|Gholdengo|\n|poke|p2|Slowking-Galar, F|\n|poke|p2|Tornadus-Therian, M|\n|teampreview\n|inactive|Battle timer is ON: inactive players will automatically lose when time's up. (requested by mrhalfsaid)\n|\n|t:|1783800495\n|teamsize|p1|6\n|teamsize|p2|6\n|start\n|switch|p1a: Spidops|Spidops, F|100/100\n|switch|p2a: Nerd|Samurott-Hisui, F|100/100\n|turn|1\n|\n|t:|1783800502\n|move|p1a: Spidops|Silk Trap|p1a: Spidops\n|-singleturn|p1a: Spidops|Protect\n|move|p2a: Nerd|Ceaseless Edge|p1a: Spidops\n|-activate|p1a: Spidops|move: Protect\n|-unboost|p2a: Nerd|spe|1\n|\n|upkeep\n|turn|2\n|\n|t:|1783800511\n|move|p2a: Nerd|Ceaseless Edge|p1a: Spidops\n|-damage|p1a: Spidops|48/100\n|-sidestart|p1: CocoLocoBro|Spikes\n|move|p1a: Spidops|Circle Throw|p2a: Nerd\n|-supereffective|p2a: Nerd\n|-damage|p2a: Nerd|71/100\n|drag|p2a: 1st form Freiza|Slowking-Galar, F, shiny|100/100\n|\n|upkeep\n|turn|3\n|\n|t:|1783800520\n|move|p1a: Spidops|Sticky Web|p2a: 1st form Freiza\n|-sidestart|p2: mrhalfsaid|move: Sticky Web\n|move|p2a: 1st form Freiza|Future Sight|p1a: Spidops\n|-start|p2a: 1st form Freiza|move: Future Sight\n|\n|upkeep\n|turn|4\n|\n|t:|1783800525\n|move|p1a: Spidops|Knock Off|p2a: 1st form Freiza\n|-supereffective|p2a: 1st form Freiza\n|-damage|p2a: 1st form Freiza|61/100\n|-enditem|p2a: 1st form Freiza|Heavy-Duty Boots|[from] move: Knock Off|[of] p1a: Spidops\n|-prepare|p2a: 1st form Freiza|Chilly Reception|[premajor]\n|move|p2a: 1st form Freiza|Chilly Reception|p2a: 1st form Freiza\n|-weather|Snowscape\n|\n|t:|1783800534\n|switch|p2a: Let it rip|Great Tusk|100/100|[from] Chilly Reception\n|\n|-weather|Snowscape|[upkeep]\n|upkeep\n|turn|5\n|\n|t:|1783800538\n|move|p1a: Spidops|Silk Trap|p1a: Spidops\n|-singleturn|p1a: Spidops|Protect\n|move|p2a: Let it rip|Rapid Spin|p1a: Spidops\n|-activate|p1a: Spidops|move: Protect\n|-unboost|p2a: Let it rip|spe|1\n|\n|-weather|Snowscape|[upkeep]\n|-end|p1a: Spidops|move: Future Sight\n|-damage|p1a: Spidops|0 fnt\n|faint|p1a: Spidops\n|upkeep\n|\n|t:|1783800551\n|switch|p1a: Staraptor|Staraptor, F|100/100\n|turn|6\n|\n|t:|1783800557\n|move|p1a: Staraptor|Brave Bird|p2a: Let it rip\n|-supereffective|p2a: Let it rip\n|-damage|p2a: Let it rip|2/100\n|-damage|p1a: Staraptor|55/100|[from] Recoil\n|move|p2a: Let it rip|Stealth Rock|p1a: Staraptor\n|-sidestart|p1: CocoLocoBro|move: Stealth Rock\n|\n|-weather|Snowscape|[upkeep]\n|upkeep\n|turn|7\n|\n|t:|1783800565\n|move|p1a: Staraptor|Brave Bird|p2a: Let it rip\n|-supereffective|p2a: Let it rip\n|-damage|p2a: Let it rip|0 fnt\n|faint|p2a: Let it rip\n|-end|p2a: Let it rip|Protosynthesis|[silent]\n|-damage|p1a: Staraptor|55/100|[from] Recoil\n|\n|-weather|Snowscape|[upkeep]\n|upkeep\n|\n|t:|1783800576\n|switch|p2a: rubber duck|Tornadus-Therian, M, shiny|100/100\n|turn|8\n|\n|t:|1783800586\n|move|p1a: Staraptor|Brave Bird|p2a: rubber duck\n|-damage|p2a: rubber duck|18/100\n|-damage|p1a: Staraptor|23/100|[from] Recoil\n|move|p2a: rubber duck|Bleakwind Storm|p1a: Staraptor|[miss]\n|-miss|p2a: rubber duck|p1a: Staraptor\n|\n|-weather|none\n|upkeep\n|turn|9\n|\n|t:|1783800606\n|move|p1a: Staraptor|Brave Bird|p2a: rubber duck\n|-damage|p2a: rubber duck|0 fnt\n|faint|p2a: rubber duck\n|-damage|p1a: Staraptor|16/100|[from] Recoil\n|\n|upkeep\n|\n|t:|1783800616\n|switch|p2a: 6 ' 0|Raging Bolt|100/100\n|-activate|p2a: 6 ' 0|move: Sticky Web\n|-unboost|p2a: 6 ' 0|spe|1\n|turn|10\n|\n|t:|1783800622\n|switch|p1a: Glimmora|Glimmora, M|100/100\n|-damage|p1a: Glimmora|88/100|[from] Spikes\n|-damage|p1a: Glimmora|76/100|[from] Stealth Rock\n|move|p2a: 6 ' 0|Thunderclap||[still]\n|-fail|p2a: 6 ' 0\n|\n|upkeep\n|turn|11\n|\n|t:|1783800631\n|-end|p2a: 6 ' 0|Protosynthesis|[silent]\n|switch|p2a: 1st form Freiza|Slowking-Galar, F, shiny|94/100\n|-activate|p2a: 1st form Freiza|move: Sticky Web\n|-unboost|p2a: 1st form Freiza|spe|1\n|move|p1a: Glimmora|Mortal Spin|p2a: 1st form Freiza\n|-resisted|p2a: 1st form Freiza\n|-damage|p2a: 1st form Freiza|91/100\n|-sideend|p1: CocoLocoBro|Spikes|[from] move: Mortal Spin|[of] p1a: Glimmora\n|-sideend|p1: CocoLocoBro|Stealth Rock|[from] move: Mortal Spin|[of] p1a: Glimmora\n|\n|upkeep\n|turn|12\n|\n|t:|1783800636\n|move|p1a: Glimmora|Spikes|p2a: 1st form Freiza\n|-sidestart|p2: mrhalfsaid|Spikes\n|move|p2a: 1st form Freiza|Future Sight|p1a: Glimmora\n|-start|p2a: 1st form Freiza|move: Future Sight\n|\n|upkeep\n|turn|13\n|\n|t:|1783800642\n|move|p1a: Glimmora|Spikes|p2a: 1st form Freiza\n|-sidestart|p2: mrhalfsaid|Spikes\n|-prepare|p2a: 1st form Freiza|Chilly Reception|[premajor]\n|move|p2a: 1st form Freiza|Chilly Reception|p2a: 1st form Freiza\n|-weather|Snowscape\n|\n|t:|1783800646\n|switch|p2a: Nerd|Samurott-Hisui, F|71/100|[from] Chilly Reception\n|-activate|p2a: Nerd|move: Sticky Web\n|-unboost|p2a: Nerd|spe|1\n|-damage|p2a: Nerd|55/100|[from] Spikes\n|\n|-weather|Snowscape|[upkeep]\n|upkeep\n|turn|14\n|\n|t:|1783800655\n|move|p1a: Glimmora|Memento|p2a: Nerd\n|-unboost|p2a: Nerd|atk|2\n|-unboost|p2a: Nerd|spa|2\n|faint|p1a: Glimmora\n|move|p2a: Nerd|Ceaseless Edge|p1: Glimmora|[notarget]\n|-fail|p2a: Nerd\n|\n|-weather|Snowscape|[upkeep]\n|-hint|Future Sight did not hit because the target is fainted.\n|upkeep\n|\n|t:|1783800679\n|switch|p1a: Orthworm|Orthworm, M|100/100\n|turn|15\n|\n|t:|1783800688\n|move|p2a: Nerd|Ceaseless Edge|p1a: Orthworm\n|-damage|p1a: Orthworm|85/100\n|-sidestart|p1: CocoLocoBro|Spikes\n|move|p1a: Orthworm|Coil|p1a: Orthworm\n|-boost|p1a: Orthworm|atk|1\n|-boost|p1a: Orthworm|def|1\n|-boost|p1a: Orthworm|accuracy|1\n|\n|-weather|Snowscape|[upkeep]\n|-heal|p1a: Orthworm|91/100|[from] item: Leftovers\n|upkeep\n|turn|16\n|\n|t:|1783800697\n|move|p2a: Nerd|Flip Turn|p1a: Orthworm\n|-damage|p1a: Orthworm|85/100\n|\n|t:|1783800703\n|switch|p2a: 6 ' 0|Raging Bolt|100/100|[from] Flip Turn\n|-activate|p2a: 6 ' 0|move: Sticky Web\n|-unboost|p2a: 6 ' 0|spe|1\n|-damage|p2a: 6 ' 0|84/100|[from] Spikes\n|move|p1a: Orthworm|Coil|p1a: Orthworm\n|-boost|p1a: Orthworm|atk|1\n|-boost|p1a: Orthworm|def|1\n|-boost|p1a: Orthworm|accuracy|1\n|\n|-weather|Snowscape|[upkeep]\n|-heal|p1a: Orthworm|91/100|[from] item: Leftovers\n|upkeep\n|turn|17\n|\n|t:|1783800716\n|move|p1a: Orthworm|Earthquake|p2a: 6 ' 0\n|-supereffective|p2a: 6 ' 0\n|-damage|p2a: 6 ' 0|20/100\n|move|p2a: 6 ' 0|Thunderbolt|p1a: Orthworm\n|-damage|p1a: Orthworm|0 fnt\n|faint|p1a: Orthworm\n|\n|-weather|none\n|upkeep\n|\n|t:|1783800726\n|switch|p1a: Mienshao|Mienshao, M|100/100\n|-damage|p1a: Mienshao|88/100|[from] Spikes\n|turn|18\n|\n|t:|1783800733\n|-end|p2a: 6 ' 0|Protosynthesis|[silent]\n|switch|p2a: Basic bitch|Gholdengo|100/100\n|-activate|p2a: Basic bitch|move: Sticky Web\n|-unboost|p2a: Basic bitch|spe|1\n|-damage|p2a: Basic bitch|84/100|[from] Spikes\n|move|p1a: Mienshao|Knock Off|p2a: Basic bitch\n|-supereffective|p2a: Basic bitch\n|-damage|p2a: Basic bitch|6/100\n|-enditem|p2a: Basic bitch|Choice Scarf|[from] move: Knock Off|[of] p1a: Mienshao\n|\n|upkeep\n|turn|19\n|\n|t:|1783800749\n|move|p1a: Mienshao|Knock Off|p2a: Basic bitch\n|-supereffective|p2a: Basic bitch\n|-damage|p2a: Basic bitch|0 fnt\n|faint|p2a: Basic bitch\n|\n|upkeep\n|\n|t:|1783800755\n|switch|p2a: 6 ' 0|Raging Bolt|20/100\n|-activate|p2a: 6 ' 0|move: Sticky Web\n|-unboost|p2a: 6 ' 0|spe|1\n|-damage|p2a: 6 ' 0|3/100|[from] Spikes\n|turn|20\n|\n|t:|1783800762\n|move|p2a: 6 ' 0|Thunderclap|p1a: Mienshao\n|-damage|p1a: Mienshao|0 fnt\n|faint|p1a: Mienshao\n|\n|upkeep\n|\n|t:|1783800769\n|switch|p1a: Mandibuzz|Mandibuzz, F|100/100\n|turn|21\n|\n|t:|1783800785\n|-terastallize|p1a: Mandibuzz|Dark\n|move|p2a: 6 ' 0|Thunderclap||[still]\n|-fail|p2a: 6 ' 0\n|move|p1a: Mandibuzz|Nasty Plot|p1a: Mandibuzz\n|-boost|p1a: Mandibuzz|spa|2\n|\n|upkeep\n|turn|22\n|\n|t:|1783800794\n|move|p2a: 6 ' 0|Thunderclap|p1a: Mandibuzz\n|-damage|p1a: Mandibuzz|45/100\n|move|p1a: Mandibuzz|Dark Pulse|p2a: 6 ' 0\n|-damage|p2a: 6 ' 0|0 fnt\n|faint|p2a: 6 ' 0\n|-end|p2a: 6 ' 0|Protosynthesis|[silent]\n|-damage|p1a: Mandibuzz|35/100|[from] item: Life Orb\n|\n|upkeep\n|\n|t:|1783800805\n|switch|p2a: Nerd|Samurott-Hisui, F|55/100\n|-activate|p2a: Nerd|move: Sticky Web\n|-unboost|p2a: Nerd|spe|1\n|-damage|p2a: Nerd|38/100|[from] Spikes\n|turn|23\n|\n|t:|1783800810\n|move|p1a: Mandibuzz|Air Slash|p2a: Nerd\n|-damage|p2a: Nerd|0 fnt\n|faint|p2a: Nerd\n|-damage|p1a: Mandibuzz|25/100|[from] item: Life Orb\n|\n|upkeep\n|\n|t:|1783800812\n|switch|p2a: 1st form Freiza|Slowking-Galar, F, shiny|100/100\n|-activate|p2a: 1st form Freiza|move: Sticky Web\n|-unboost|p2a: 1st form Freiza|spe|1\n|-damage|p2a: 1st form Freiza|84/100|[from] Spikes\n|turn|24\n|\n|t:|1783800819\n|move|p1a: Mandibuzz|Dark Pulse|p2a: 1st form Freiza\n|-supereffective|p2a: 1st form Freiza\n|-damage|p2a: 1st form Freiza|0 fnt\n|faint|p2a: 1st form Freiza\n|-damage|p1a: Mandibuzz|15/100|[from] item: Life Orb\n|\n|win|CocoLocoBro\n|raw|CocoLocoBro's rating: 1195 &rarr; <strong>1225</strong><br />(+30 for winning)\n|raw|mrhalfsaid's rating: 1269 &rarr; <strong>1239</strong><br />(-30 for losing)\n|l|☆CocoLocoBro\n|player|p1|\n|l|☆mrhalfsaid\n|player|p2|\n", "uploadtime": 1783801147, "views": 5, "formatid": "gen9ou", "rating": 1225, "private": 0, "password": null}