{"id": "gen9ou-2640019623", "format": "[Gen 9] OU", "players": ["Kvnshasa", "LowEL0God"], "log": "|j|☆Kvnshasa\n|j|☆LowEL0God\n|t:|1782564938\n|gametype|singles\n|player|p1|Kvnshasa|policeman-gen4|1717\n|player|p2|LowEL0God|2|1605\n|gen|9\n|tier|[Gen 9] OU\n|rated|\n|rule|HP Percentage Mod: HP is shown in percentages\n|rule|Endless Battle Clause: Forcing endless battles is banned\n|rule|Species Clause: Limit one of each Pokémon\n|rule|OHKO Clause: OHKO moves are banned\n|rule|Evasion Items Clause: Evasion items are banned\n|rule|Evasion Moves Clause: Evasion moves are banned\n|rule|Evasion Abilities Clause: Evasion abilities are banned\n|rule|Sleep Moves Clause: Sleep-inducing moves are banned\n|clearpoke\n|poke|p1|Ting-Lu|\n|poke|p1|Moltres|\n|poke|p1|Weezing-Galar, M|\n|poke|p1|Alomomola, M|\n|poke|p1|Gholdengo|\n|poke|p1|Meowscarada, F|\n|poke|p2|Pelipper, F|\n|poke|p2|Torkoal, F|\n|poke|p2|Walking Wake|\n|poke|p2|Tyranitar, M|\n|poke|p2|Excadrill, M|\n|poke|p2|Ogerpon-Wellspring, F|\n|teampreview\n|inactive|Battle timer is ON: inactive players will automatically lose when time's up. (requested by LowEL0God)\n|\n|t:|1782564951\n|teamsize|p1|6\n|teamsize|p2|6\n|start\n|switch|p1a: Meowscarada|Meowscarada, F|100/100\n|switch|p2a: Hurricane Spam|Pelipper, F, shiny|100/100\n|-weather|RainDance|[from] ability: Drizzle|[of] p2a: Hurricane Spam\n|turn|1\n|\n|t:|1782564955\n|move|p1a: Meowscarada|U-turn|p2a: Hurricane Spam\n|-start|p1a: Meowscarada|typechange|Bug|[from] ability: Protean\n|-resisted|p2a: Hurricane Spam\n|-damage|p2a: Hurricane Spam|77/100\n|\n|t:|1782564957\n|switch|p1a: Alomomola|Alomomola, M|100/100|[from] U-turn\n|move|p2a: Hurricane Spam|Hurricane|p1a: Alomomola\n|-damage|p1a: Alomomola|38/100\n|\n|-weather|RainDance|[upkeep]\n|upkeep\n|turn|2\n|\n|t:|1782564960\n|switch|p1a: Ting-Lu|Ting-Lu|100/100\n|-ability|p1a: Ting-Lu|Vessel of Ruin\n|move|p2a: Hurricane Spam|Hurricane|p1a: Ting-Lu\n|-damage|p1a: Ting-Lu|70/100\n|-start|p1a: Ting-Lu|confusion\n|\n|-weather|RainDance|[upkeep]\n|-heal|p1a: Ting-Lu|76/100|[from] item: Leftovers\n|upkeep\n|turn|3\n|\n|t:|1782564962\n|move|p2a: Hurricane Spam|Hurricane|p1a: Ting-Lu\n|-damage|p1a: Ting-Lu|44/100\n|-activate|p1a: Ting-Lu|confusion\n|-damage|p1a: Ting-Lu|39/100|[from] confusion\n|\n|-weather|RainDance|[upkeep]\n|-heal|p1a: Ting-Lu|45/100|[from] item: Leftovers\n|upkeep\n|turn|4\n|\n|t:|1782564964\n|move|p2a: Hurricane Spam|Hurricane|p1a: Ting-Lu\n|-damage|p1a: Ting-Lu|17/100\n|-activate|p1a: Ting-Lu|confusion\n|move|p1a: Ting-Lu|Stealth Rock|p2a: Hurricane Spam\n|-sidestart|p2: LowEL0God|move: Stealth Rock\n|\n|-weather|RainDance|[upkeep]\n|-heal|p1a: Ting-Lu|23/100|[from] item: Leftovers\n|upkeep\n|turn|5\n|\n|t:|1782564967\n|switch|p1a: Gholdengo|Gholdengo|100/100\n|move|p2a: Hurricane Spam|Hurricane|p1a: Gholdengo\n|-resisted|p1a: Gholdengo\n|-damage|p1a: Gholdengo|56/100\n|\n|-weather|none\n|upkeep\n|turn|6\n|\n|t:|1782564968\n|switch|p2a: No Lando Plz|Tyranitar, M, shiny|100/100\n|-weather|Sandstorm|[from] ability: Sand Stream|[of] p2a: No Lando Plz\n|move|p1a: Gholdengo|Shadow Ball|p2a: No Lando Plz\n|-resisted|p2a: No Lando Plz\n|-damage|p2a: No Lando Plz|92/100\n|\n|-weather|Sandstorm|[upkeep]\n|upkeep\n|turn|7\n|\n|t:|1782564971\n|switch|p1a: Alomomola|Alomomola, M|71/100\n|switch|p2a: No Hazards for You|Excadrill, M, shiny|100/100\n|-damage|p2a: No Hazards for You|97/100|[from] Stealth Rock\n|\n|-weather|Sandstorm|[upkeep]\n|-damage|p1a: Alomomola|65/100|[from] Sandstorm\n|upkeep\n|turn|8\n|\n|t:|1782564974\n|move|p1a: Alomomola|Protect|p1a: Alomomola\n|-singleturn|p1a: Alomomola|Protect\n|move|p2a: No Hazards for You|Earthquake|p1a: Alomomola\n|-activate|p1a: Alomomola|move: Protect\n|\n|-weather|Sandstorm|[upkeep]\n|-damage|p1a: Alomomola|59/100|[from] Sandstorm\n|upkeep\n|turn|9\n|\n|t:|1782564976\n|switch|p1a: Moltres|Moltres|100/100\n|move|p2a: No Hazards for You|Earthquake|p1a: Moltres\n|-immune|p1a: Moltres\n|\n|-weather|Sandstorm|[upkeep]\n|-damage|p1a: Moltres|94/100|[from] Sandstorm\n|upkeep\n|turn|10\n|\n|t:|1782564978\n|switch|p2a: Walking Wake|Walking Wake|100/100\n|-damage|p2a: Walking Wake|88/100|[from] Stealth Rock\n|move|p1a: Moltres|U-turn|p2a: Walking Wake\n|-damage|p2a: Walking Wake|71/100\n|\n|t:|1782564981\n|switch|p1a: Meowscarada|Meowscarada, F|100/100|[from] U-turn\n|\n|-weather|none\n|upkeep\n|turn|11\n|\n|t:|1782564983\n|-end|p2a: Walking Wake|Protosynthesis|[silent]\n|switch|p2a: Torkoal|Torkoal, F|100/100\n|-damage|p2a: Torkoal|76/100|[from] Stealth Rock\n|-weather|SunnyDay|[from] ability: Drought|[of] p2a: Torkoal\n|move|p1a: Meowscarada|U-turn|p2a: Torkoal\n|-start|p1a: Meowscarada|typechange|Bug|[from] ability: Protean\n|-resisted|p2a: Torkoal\n|-damage|p2a: Torkoal|61/100\n|\n|t:|1782564988\n|switch|p1a: Ting-Lu|Ting-Lu|23/100|[from] U-turn\n|-ability|p1a: Ting-Lu|Vessel of Ruin\n|\n|-weather|SunnyDay|[upkeep]\n|-heal|p1a: Ting-Lu|29/100|[from] item: Leftovers\n|upkeep\n|turn|12\n|\n|t:|1782564990\n|move|p1a: Ting-Lu|Earthquake|p2a: Torkoal\n|-supereffective|p2a: Torkoal\n|-damage|p2a: Torkoal|19/100\n|move|p2a: Torkoal|Rapid Spin|p1a: Ting-Lu\n|-damage|p1a: Ting-Lu|24/100\n|-boost|p2a: Torkoal|spe|1\n|-sideend|p2: LowEL0God|Stealth Rock|[from] move: Rapid Spin|[of] p2a: Torkoal\n|\n|-weather|SunnyDay|[upkeep]\n|-heal|p1a: Ting-Lu|30/100|[from] item: Leftovers\n|upkeep\n|turn|13\n|\n|t:|1782564993\n|switch|p2a: Hurricane Spam|Pelipper, F, shiny|77/100\n|-weather|RainDance|[from] ability: Drizzle|[of] p2a: Hurricane Spam\n|move|p1a: Ting-Lu|Stealth Rock|p2a: Hurricane Spam\n|-sidestart|p2: LowEL0God|move: Stealth Rock\n|\n|-weather|RainDance|[upkeep]\n|-heal|p1a: Ting-Lu|36/100|[from] item: Leftovers\n|upkeep\n|turn|14\n|\n|t:|1782564996\n|switch|p1a: Alomomola|Alomomola, M|92/100\n|move|p2a: Hurricane Spam|Weather Ball|p1a: Alomomola\n|-resisted|p1a: Alomomola\n|-damage|p1a: Alomomola|46/100\n|\n|-weather|RainDance|[upkeep]\n|upkeep\n|turn|15\n|\n|t:|1782565000\n|move|p1a: Alomomola|Protect|p1a: Alomomola\n|-singleturn|p1a: Alomomola|Protect\n|move|p2a: Hurricane Spam|Weather Ball|p1a: Alomomola\n|-activate|p1a: Alomomola|move: Protect\n|\n|-weather|RainDance|[upkeep]\n|upkeep\n|turn|16\n|j| Kathryne Keyron\n|\n|t:|1782565007\n|switch|p1a: Ting-Lu|Ting-Lu|36/100\n|-ability|p1a: Ting-Lu|Vessel of Ruin\n|move|p2a: Hurricane Spam|Weather Ball|p1a: Ting-Lu\n|-supereffective|p1a: Ting-Lu\n|-damage|p1a: Ting-Lu|0 fnt\n|faint|p1a: Ting-Lu\n|\n|-weather|RainDance|[upkeep]\n|upkeep\n|\n|t:|1782565009\n|switch|p1a: Alomomola|Alomomola, M|79/100\n|turn|17\n|\n|t:|1782565010\n|move|p2a: Hurricane Spam|Weather Ball|p1a: Alomomola\n|-resisted|p1a: Alomomola\n|-damage|p1a: Alomomola|31/100\n|move|p1a: Alomomola|Mirror Coat|p2a: Hurricane Spam\n|-damage|p2a: Hurricane Spam|0 fnt\n|faint|p2a: Hurricane Spam\n|\n|-weather|none\n|upkeep\n|\n|t:|1782565011\n|switch|p2a: Ogerpon|Ogerpon-Wellspring, F|100/100\n|-damage|p2a: Ogerpon|88/100|[from] Stealth Rock\n|turn|18\n|\n|t:|1782565013\n|switch|p1a: Meowscarada|Meowscarada, F|100/100\n|move|p2a: Ogerpon|Swords Dance|p2a: Ogerpon\n|-boost|p2a: Ogerpon|atk|2\n|\n|upkeep\n|turn|19\n|\n|t:|1782565015\n|switch|p2a: Torkoal|Torkoal, F|19/100\n|-damage|p2a: Torkoal|0 fnt|[from] Stealth Rock\n|faint|p2a: Torkoal\n|move|p1a: Meowscarada|U-turn|p2: Torkoal|[notarget]\n|-fail|p1a: Meowscarada\n|\n|upkeep\n|\n|t:|1782565015\n|switch|p2a: No Hazards for You|Excadrill, M, shiny|97/100\n|-damage|p2a: No Hazards for You|94/100|[from] Stealth Rock\n|turn|20\n|\n|t:|1782565018\n|switch|p1a: Alomomola|Alomomola, M|65/100\n|move|p2a: No Hazards for You|Rock Slide|p1a: Alomomola\n|-damage|p1a: Alomomola|37/100\n|\n|upkeep\n|turn|21\n|\n|t:|1782565022\n|switch|p1a: Weezing|Weezing-Galar, M|100/100\n|-ability|p1a: Weezing|Neutralizing Gas\n|move|p2a: No Hazards for You|Rock Slide|p1a: Weezing\n|-damage|p1a: Weezing|70/100\n|\n|upkeep\n|turn|22\n|\n|t:|1782565024\n|move|p2a: No Hazards for You|Rock Slide|p1a: Weezing\n|-damage|p1a: Weezing|39/100\n|move|p1a: Weezing|Will-O-Wisp|p2a: No Hazards for You\n|-status|p2a: No Hazards for You|brn\n|\n|-damage|p2a: No Hazards for You|88/100 brn|[from] brn\n|upkeep\n|turn|23\n|\n|t:|1782565026\n|-end|p1a: Weezing|ability: Neutralizing Gas\n|switch|p1a: Alomomola|Alomomola, M|71/100\n|move|p2a: No Hazards for You|Rock Slide|p1a: Alomomola\n|-damage|p1a: Alomomola|56/100\n|\n|-damage|p2a: No Hazards for You|82/100 brn|[from] brn\n|upkeep\n|turn|24\n|\n|t:|1782565029\n|move|p2a: No Hazards for You|Rock Slide|p1a: Alomomola\n|-damage|p1a: Alomomola|44/100\n|move|p1a: Alomomola|Wish|p1a: Alomomola\n|\n|-damage|p2a: No Hazards for You|76/100 brn|[from] brn\n|upkeep\n|turn|25\n|\n|t:|1782565031\n|switch|p2a: Ogerpon|Ogerpon-Wellspring, F|88/100\n|-damage|p2a: Ogerpon|76/100|[from] Stealth Rock\n|switch|p1a: Weezing|Weezing-Galar, M|39/100\n|-ability|p1a: Weezing|Neutralizing Gas\n|\n|-heal|p1a: Weezing|100/100|[from] move: Wish|[wisher] Alomomola\n|upkeep\n|turn|26\n|\n|t:|1782565035\n|move|p2a: Ogerpon|Ivy Cudgel|p1a: Weezing|[anim] Ivy Cudgel Water\n|-damage|p1a: Weezing|59/100\n|move|p1a: Weezing|Sludge Bomb|p2a: Ogerpon\n|-supereffective|p2a: Ogerpon\n|-damage|p2a: Ogerpon|15/100\n|-status|p2a: Ogerpon|psn\n|\n|-damage|p2a: Ogerpon|3/100 psn|[from] psn\n|upkeep\n|turn|27\n|\n|t:|1782565040\n|move|p2a: Ogerpon|Ivy Cudgel|p1a: Weezing|[anim] Ivy Cudgel Water\n|-damage|p1a: Weezing|22/100\n|move|p1a: Weezing|Will-O-Wisp|p2a: Ogerpon|[miss]\n|-miss|p1a: Weezing|p2a: Ogerpon\n|\n|-damage|p2a: Ogerpon|0 fnt|[from] psn\n|faint|p2a: Ogerpon\n|upkeep\n|\n|t:|1782565041\n|switch|p2a: Walking Wake|Walking Wake|71/100\n|-damage|p2a: Walking Wake|59/100|[from] Stealth Rock\n|turn|28\n|\n|t:|1782565043\n|move|p2a: Walking Wake|Flamethrower|p1a: Weezing\n|-damage|p1a: Weezing|0 fnt\n|faint|p1a: Weezing\n|-end|p1a: Weezing|ability: Neutralizing Gas\n|\n|upkeep\n|\n|t:|1782565045\n|switch|p1a: Meowscarada|Meowscarada, F|100/100\n|turn|29\n|\n|t:|1782565047\n|-end|p2a: Walking Wake|Protosynthesis|[silent]\n|switch|p2a: No Hazards for You|Excadrill, M, shiny|76/100 brn\n|-damage|p2a: No Hazards for You|73/100 brn|[from] Stealth Rock\n|move|p1a: Meowscarada|U-turn|p2a: No Hazards for You\n|-start|p1a: Meowscarada|typechange|Bug|[from] ability: Protean\n|-resisted|p2a: No Hazards for You\n|-damage|p2a: No Hazards for You|37/100 brn\n|\n|t:|1782565049\n|switch|p1a: Alomomola|Alomomola, M|77/100|[from] U-turn\n|\n|-damage|p2a: No Hazards for You|30/100 brn|[from] brn\n|upkeep\n|turn|30\n|\n|t:|1782565050\n|move|p2a: No Hazards for You|Earthquake|p1a: Alomomola\n|-damage|p1a: Alomomola|52/100\n|move|p1a: Alomomola|Wish|p1a: Alomomola\n|\n|-damage|p2a: No Hazards for You|24/100 brn|[from] brn\n|upkeep\n|turn|31\n|\n|t:|1782565052\n|move|p1a: Alomomola|Protect|p1a: Alomomola\n|-singleturn|p1a: Alomomola|Protect\n|move|p2a: No Hazards for You|Earthquake|p1a: Alomomola\n|-activate|p1a: Alomomola|move: Protect\n|\n|-heal|p1a: Alomomola|100/100|[from] move: Wish|[wisher] Alomomola\n|-damage|p2a: No Hazards for You|18/100 brn|[from] brn\n|upkeep\n|turn|32\n|\n|t:|1782565057\n|move|p2a: No Hazards for You|Earthquake|p1a: Alomomola\n|-damage|p1a: Alomomola|72/100\n|move|p1a: Alomomola|Wish|p1a: Alomomola\n|\n|-damage|p2a: No Hazards for You|12/100 brn|[from] brn\n|upkeep\n|turn|33\n|\n|t:|1782565059\n|move|p2a: No Hazards for You|Earthquake|p1a: Alomomola\n|-damage|p1a: Alomomola|48/100\n|move|p1a: Alomomola|Flip Turn|p2a: No Hazards for You\n|-supereffective|p2a: No Hazards for You\n|-damage|p2a: No Hazards for You|0 fnt\n|faint|p2a: No Hazards for You\n|\n|t:|1782565060\n|switch|p1a: Meowscarada|Meowscarada, F|100/100|[from] Flip Turn\n|\n|upkeep\n|\n|t:|1782565061\n|switch|p2a: No Lando Plz|Tyranitar, M, shiny|92/100\n|-weather|Sandstorm|[from] ability: Sand Stream|[of] p2a: No Lando Plz\n|turn|34\n|\n|t:|1782565062\n|switch|p2a: Walking Wake|Walking Wake|59/100\n|-damage|p2a: Walking Wake|47/100|[from] Stealth Rock\n|move|p1a: Meowscarada|U-turn|p2a: Walking Wake\n|-start|p1a: Meowscarada|typechange|Bug|[from] ability: Protean\n|-damage|p2a: Walking Wake|0 fnt\n|faint|p2a: Walking Wake\n|-end|p2a: Walking Wake|Protosynthesis|[silent]\n|\n|t:|1782565064\n|switch|p1a: Alomomola|Alomomola, M|81/100|[from] U-turn\n|\n|-weather|Sandstorm|[upkeep]\n|-damage|p1a: Alomomola|75/100|[from] Sandstorm\n|upkeep\n|\n|t:|1782565064\n|switch|p2a: No Lando Plz|Tyranitar, M, shiny|92/100\n|turn|35\n|\n|t:|1782565065\n|move|p2a: No Lando Plz|Thunder Wave|p1a: Alomomola\n|-status|p1a: Alomomola|par\n|move|p1a: Alomomola|Flip Turn|p2a: No Lando Plz\n|-supereffective|p2a: No Lando Plz\n|-damage|p2a: No Lando Plz|66/100\n|\n|t:|1782565067\n|switch|p1a: Meowscarada|Meowscarada, F|100/100|[from] Flip Turn\n|\n|-weather|Sandstorm|[upkeep]\n|-damage|p1a: Meowscarada|94/100|[from] Sandstorm\n|upkeep\n|turn|36\n|\n|t:|1782565068\n|-terastallize|p2a: No Lando Plz|Rock\n|move|p1a: Meowscarada|U-turn|p2a: No Lando Plz\n|-start|p1a: Meowscarada|typechange|Bug|[from] ability: Protean\n|-damage|p2a: No Lando Plz|26/100\n|\n|t:|1782565069\n|switch|p1a: Alomomola|Alomomola, M|100/100 par|[from] U-turn\n|move|p2a: No Lando Plz|Thunder Wave|p1a: Alomomola|[miss]\n|-miss|p2a: No Lando Plz|p1a: Alomomola\n|\n|-weather|Sandstorm|[upkeep]\n|-damage|p1a: Alomomola|94/100 par|[from] Sandstorm\n|upkeep\n|turn|37\n|\n|t:|1782565070\n|move|p2a: No Lando Plz|Stone Edge|p1a: Alomomola\n|-damage|p1a: Alomomola|56/100 par\n|move|p1a: Alomomola|Flip Turn|p2a: No Lando Plz\n|-supereffective|p2a: No Lando Plz\n|-damage|p2a: No Lando Plz|2/100\n|\n|t:|1782565072\n|switch|p1a: Meowscarada|Meowscarada, F|94/100|[from] Flip Turn\n|\n|-weather|Sandstorm|[upkeep]\n|-damage|p1a: Meowscarada|88/100|[from] Sandstorm\n|upkeep\n|turn|38\n|\n|t:|1782565074\n|move|p1a: Meowscarada|U-turn|p2a: No Lando Plz\n|-start|p1a: Meowscarada|typechange|Bug|[from] ability: Protean\n|-damage|p2a: No Lando Plz|0 fnt\n|faint|p2a: No Lando Plz\n|\n|win|Kvnshasa\n|raw|Kvnshasa's rating: 1717 &rarr; <strong>1731</strong><br />(+14 for winning)\n|raw|LowEL0God's rating: 1605 &rarr; <strong>1591</strong><br />(-14 for losing)\n|l|☆Kvnshasa\n|player|p1|\n|l|☆LowEL0God\n|player|p2|\n", "uploadtime": 1782565270, "views": 7, "formatid": "gen9ou", "rating": 1591, "private": 0, "password": null}