{"id": "gen9ou-2540623639", "format": "[Gen 9] OU", "players": ["I-fear-the-weak", "SpringLucina"], "log": "|j|☆I-fear-the-weak\n|j|☆SpringLucina\n|t:|1771229306\n|gametype|singles\n|player|p1|I-fear-the-weak|169|1665\n|player|p2|SpringLucina|will|1626\n|gen|9\n|tier|[Gen 9] OU\n|rated|\n|rule|HP Percentage Mod: HP is shown in percentages\n|rule|Endless Battle Clause: Forcing endless battles is banned\n|rule|Species Clause: Limit one of each Pokémon\n|rule|OHKO Clause: OHKO moves are banned\n|rule|Evasion Items Clause: Evasion items are banned\n|rule|Evasion Moves Clause: Evasion moves are banned\n|rule|Evasion Abilities Clause: Evasion abilities are banned\n|rule|Sleep Moves Clause: Sleep-inducing moves are banned\n|clearpoke\n|poke|p1|Hoopa-Unbound|\n|poke|p1|Great Tusk|\n|poke|p1|Darkrai|\n|poke|p1|Primarina, M|\n|poke|p1|Pecharunt|\n|poke|p1|Dragapult, M|\n|poke|p2|Cinderace, F|\n|poke|p2|Landorus-Therian, M|\n|poke|p2|Hatterene, F|\n|poke|p2|Darkrai|\n|poke|p2|Kyurem|\n|poke|p2|Iron Valiant|\n|teampreview\n|inactive|Battle timer is ON: inactive players will automatically lose when time's up. (requested by I-fear-the-weak)\n|\n|t:|1771229356\n|teamsize|p1|6\n|teamsize|p2|6\n|start\n|switch|p1a: Primarina|Primarina, M|100/100\n|switch|p2a: Darkrai|Darkrai|100/100\n|turn|1\n|\n|t:|1771229366\n|-terastallize|p1a: Primarina|Steel\n|move|p2a: Darkrai|Nasty Plot|p2a: Darkrai\n|-boost|p2a: Darkrai|spa|2\n|move|p1a: Primarina|Substitute|p1a: Primarina\n|-start|p1a: Primarina|Substitute\n|-damage|p1a: Primarina|75/100\n|\n|-heal|p1a: Primarina|82/100|[from] item: Leftovers\n|upkeep\n|turn|2\n|\n|t:|1771229369\n|move|p2a: Darkrai|Dark Pulse|p1a: Primarina\n|-end|p1a: Primarina|Substitute\n|move|p1a: Primarina|Draining Kiss|p2a: Darkrai\n|-supereffective|p2a: Darkrai\n|-enditem|p2a: Darkrai|Roseli Berry|[eat]\n|-enditem|p2a: Darkrai|Roseli Berry|[weaken]\n|-damage|p2a: Darkrai|72/100\n|-heal|p1a: Primarina|98/100|[from] drain|[of] p2a: Darkrai\n|\n|-heal|p1a: Primarina|100/100|[from] item: Leftovers\n|upkeep\n|turn|3\n|\n|t:|1771229376\n|move|p2a: Darkrai|Focus Blast|p1a: Primarina|[miss]\n|-miss|p2a: Darkrai|p1a: Primarina\n|move|p1a: Primarina|Draining Kiss|p2a: Darkrai\n|-supereffective|p2a: Darkrai\n|-damage|p2a: Darkrai|15/100\n|\n|upkeep\n|turn|4\n|\n|t:|1771229380\n|switch|p1a: Dragapult|Dragapult, M|100/100\n|move|p2a: Darkrai|Focus Blast|p1a: Dragapult\n|-immune|p1a: Dragapult\n|\n|upkeep\n|turn|5\n|\n|t:|1771229385\n|move|p1a: Dragapult|U-turn|p2a: Darkrai\n|-supereffective|p2a: Darkrai\n|-damage|p2a: Darkrai|0 fnt\n|faint|p2a: Darkrai\n|\n|t:|1771229407\n|switch|p1a: Pecharunt|Pecharunt|100/100|[from] U-turn\n|\n|upkeep\n|\n|t:|1771229415\n|switch|p2a: Landorus|Landorus-Therian, M|100/100\n|-ability|p2a: Landorus|Intimidate|boost\n|-unboost|p1a: Pecharunt|atk|1\n|turn|6\n|\n|t:|1771229420\n|move|p2a: Landorus|Earth Power|p1a: Pecharunt\n|-supereffective|p1a: Pecharunt\n|-damage|p1a: Pecharunt|37/100\n|move|p1a: Pecharunt|Malignant Chain|p2a: Landorus\n|-resisted|p2a: Landorus\n|-damage|p2a: Landorus|75/100\n|-status|p2a: Landorus|tox\n|-start|p2a: Landorus|confusion|[from] ability: Poison Puppeteer|[of] p1a: Pecharunt\n|\n|-damage|p2a: Landorus|69/100 tox|[from] psn\n|upkeep\n|turn|7\n|\n|t:|1771229429\n|-activate|p2a: Landorus|confusion\n|-damage|p2a: Landorus|57/100 tox|[from] confusion\n|move|p1a: Pecharunt|Recover|p1a: Pecharunt\n|-heal|p1a: Pecharunt|87/100\n|\n|-damage|p2a: Landorus|45/100 tox|[from] psn\n|upkeep\n|turn|8\n|\n|t:|1771229436\n|-activate|p2a: Landorus|confusion\n|move|p2a: Landorus|Earth Power|p1a: Pecharunt\n|-supereffective|p1a: Pecharunt\n|-damage|p1a: Pecharunt|17/100\n|move|p1a: Pecharunt|Recover|p1a: Pecharunt\n|-heal|p1a: Pecharunt|67/100\n|\n|-damage|p2a: Landorus|27/100 tox|[from] psn\n|upkeep\n|turn|9\n|\n|t:|1771229458\n|switch|p1a: Hoopa|Hoopa-Unbound|100/100\n|-end|p2a: Landorus|confusion\n|move|p2a: Landorus|Earth Power|p1a: Hoopa\n|-damage|p1a: Hoopa|84/100\n|\n|-damage|p2a: Landorus|2/100 tox|[from] psn\n|upkeep\n|turn|10\n|\n|t:|1771229471\n|switch|p1a: Great Tusk|Great Tusk|100/100\n|move|p2a: Landorus|U-turn|p1a: Great Tusk\n|-resisted|p1a: Great Tusk\n|-damage|p1a: Great Tusk|93/100\n|\n|t:|1771229476\n|switch|p2a: Iron Valiant|Iron Valiant|100/100|[from] U-turn\n|-enditem|p2a: Iron Valiant|Booster Energy\n|-activate|p2a: Iron Valiant|ability: Quark Drive|[fromitem]\n|-start|p2a: Iron Valiant|quarkdrivespe\n|\n|upkeep\n|turn|11\n|\n|t:|1771229489\n|move|p2a: Iron Valiant|Knock Off|p1a: Great Tusk\n|-resisted|p1a: Great Tusk\n|-damage|p1a: Great Tusk|81/100\n|-enditem|p1a: Great Tusk|Heavy-Duty Boots|[from] move: Knock Off|[of] p2a: Iron Valiant\n|move|p1a: Great Tusk|Stealth Rock|p2a: Iron Valiant\n|-sidestart|p2: SpringLucina|move: Stealth Rock\n|\n|upkeep\n|turn|12\n|\n|t:|1771229497\n|move|p2a: Iron Valiant|Moonblast|p1a: Great Tusk\n|-supereffective|p1a: Great Tusk\n|-damage|p1a: Great Tusk|0 fnt\n|faint|p1a: Great Tusk\n|-end|p1a: Great Tusk|Protosynthesis|[silent]\n|\n|upkeep\n|\n|t:|1771229500\n|switch|p1a: Hoopa|Hoopa-Unbound|84/100\n|turn|13\n|\n|t:|1771229503\n|move|p2a: Iron Valiant|Destiny Bond|p2a: Iron Valiant\n|-singlemove|p2a: Iron Valiant|Destiny Bond\n|move|p1a: Hoopa|Psychic Noise|p2a: Iron Valiant\n|-supereffective|p2a: Iron Valiant\n|-damage|p2a: Iron Valiant|0 fnt\n|faint|p2a: Iron Valiant\n|-activate|p2a: Iron Valiant|move: Destiny Bond\n|-end|p2a: Iron Valiant|Quark Drive|[silent]\n|faint|p1a: Hoopa\n|\n|upkeep\n|\n|t:|1771229514\n|switch|p2a: Hatterene|Hatterene, F|100/100\n|switch|p1a: Darkrai|Darkrai|100/100\n|-damage|p2a: Hatterene|88/100|[from] Stealth Rock\n|turn|14\n|\n|t:|1771229521\n|move|p1a: Darkrai|Sludge Bomb|p2a: Hatterene\n|-supereffective|p2a: Hatterene\n|-damage|p2a: Hatterene|0 fnt\n|faint|p2a: Hatterene\n|\n|upkeep\n|\n|t:|1771229536\n|switch|p2a: Cinderace|Cinderace, F|100/100\n|-damage|p2a: Cinderace|76/100|[from] Stealth Rock\n|turn|15\n|\n|t:|1771229549\n|switch|p1a: Dragapult|Dragapult, M|100/100\n|move|p2a: Cinderace|Pyro Ball|p1a: Dragapult\n|-resisted|p1a: Dragapult\n|-damage|p1a: Dragapult|59/100\n|\n|upkeep\n|turn|16\n|\n|t:|1771229556\n|move|p2a: Cinderace|Sucker Punch|p1a: Dragapult\n|-supereffective|p1a: Dragapult\n|-damage|p1a: Dragapult|2/100\n|move|p1a: Dragapult|Dragon Darts|p2a: Cinderace\n|-damage|p2a: Cinderace|44/100\n|-anim|p1a: Dragapult|Dragon Darts|p2a: Cinderace\n|-damage|p2a: Cinderace|13/100\n|\n|upkeep\n|turn|17\n|\n|t:|1771229568\n|move|p1a: Dragapult|Dragon Darts|p2a: Cinderace\n|-damage|p2a: Cinderace|0 fnt\n|faint|p2a: Cinderace\n|\n|upkeep\n|\n|t:|1771229571\n|switch|p2a: Landorus|Landorus-Therian, M|2/100 tox\n|-damage|p2a: Landorus|0 fnt|[from] Stealth Rock\n|faint|p2a: Landorus\n|\n|t:|1771229573\n|switch|p2a: Kyurem|Kyurem|100/100\n|-damage|p2a: Kyurem|76/100|[from] Stealth Rock\n|-ability|p2a: Kyurem|Pressure\n|turn|18\n|\n|t:|1771229577\n|-terastallize|p2a: Kyurem|Electric\n|move|p1a: Dragapult|Will-O-Wisp|p2a: Kyurem\n|-status|p2a: Kyurem|brn\n|move|p2a: Kyurem|Dragon Dance|p2a: Kyurem\n|-boost|p2a: Kyurem|atk|1\n|-boost|p2a: Kyurem|spe|1\n|\n|-damage|p2a: Kyurem|69/100 brn|[from] brn\n|upkeep\n|turn|19\n|\n|t:|1771229584\n|move|p2a: Kyurem|Dragon Dance|p2a: Kyurem\n|-boost|p2a: Kyurem|atk|1\n|-boost|p2a: Kyurem|spe|1\n|move|p1a: Dragapult|Hex|p2a: Kyurem\n|-damage|p2a: Kyurem|23/100 brn\n|\n|-damage|p2a: Kyurem|17/100 brn|[from] brn\n|upkeep\n|turn|20\n|\n|t:|1771229588\n|move|p2a: Kyurem|Tera Blast|p1a: Dragapult|[anim] Tera Blast Electric\n|-resisted|p1a: Dragapult\n|-damage|p1a: Dragapult|0 fnt\n|faint|p1a: Dragapult\n|\n|-damage|p2a: Kyurem|11/100 brn|[from] brn\n|upkeep\n|\n|t:|1771229590\n|switch|p1a: Primarina|Primarina, M, tera:Steel|100/100\n|turn|21\n|\n|t:|1771229592\n|move|p2a: Kyurem|Tera Blast|p1a: Primarina|[anim] Tera Blast Electric\n|-damage|p1a: Primarina|63/100\n|move|p1a: Primarina|Draining Kiss|p2a: Kyurem\n|-damage|p2a: Kyurem|0 fnt\n|-heal|p1a: Primarina|72/100|[from] drain|[of] p2a: Kyurem\n|faint|p2a: Kyurem\n|\n|win|I-fear-the-weak\n|raw|I-fear-the-weak's rating: 1665 &rarr; <strong>1683</strong><br />(+18 for winning)\n|raw|SpringLucina's rating: 1626 &rarr; <strong>1608</strong><br />(-18 for losing)\n|l|☆SpringLucina\n|player|p2|\n|l|☆I-fear-the-weak\n|player|p1|\n", "uploadtime": 1771229597, "views": 8, "formatid": "gen9ou", "rating": 1608, "private": 0, "password": null}