{"id": "gen9ou-2647760053", "format": "[Gen 9] OU", "players": ["ikthoizzykil", "sd2025"], "log": "|j|☆ikthoizzykil\n|j|☆sd2025\n|t:|1783807795\n|gametype|singles\n|player|p1|ikthoizzykil|pokemaniac-gen3rs|1401\n|player|p2|sd2025|102|1358\n|gen|9\n|tier|[Gen 9] OU\n|rated|\n|rule|HP Percentage Mod: HP is shown in percentages\n|rule|Endless Battle Clause: Forcing endless battles is banned\n|rule|Species Clause: Limit one of each Pokémon\n|rule|OHKO Clause: OHKO moves are banned\n|rule|Evasion Items Clause: Evasion items are banned\n|rule|Evasion Moves Clause: Evasion moves are banned\n|rule|Evasion Abilities Clause: Evasion abilities are banned\n|rule|Sleep Moves Clause: Sleep-inducing moves are banned\n|clearpoke\n|poke|p1|Ogerpon, F|\n|poke|p1|Samurott-Hisui, M|\n|poke|p1|Landorus-Therian, M|\n|poke|p1|Slowking-Galar, F|\n|poke|p1|Gholdengo|\n|poke|p1|Enamorus, F|\n|poke|p2|Garganacl, M|\n|poke|p2|Skeledirge, M|\n|poke|p2|Iron Crown|\n|poke|p2|Ribombee, M|\n|poke|p2|Hydrapple, F|\n|poke|p2|Hatterene, F|\n|teampreview\n|inactive|Battle timer is ON: inactive players will automatically lose when time's up. (requested by ikthoizzykil)\n|\n|t:|1783807824\n|teamsize|p1|6\n|teamsize|p2|6\n|start\n|switch|p1a: Slowking|Slowking-Galar, F|100/100\n|switch|p2a: Ribombee|Ribombee, M|100/100\n|turn|1\n|\n|t:|1783807827\n|move|p2a: Ribombee|Sticky Web|p1a: Slowking\n|-sidestart|p1: ikthoizzykil|move: Sticky Web\n|move|p1a: Slowking|Sludge Bomb|p2a: Ribombee\n|-supereffective|p2a: Ribombee\n|-damage|p2a: Ribombee|1/100\n|\n|upkeep\n|turn|2\n|\n|t:|1783807833\n|move|p2a: Ribombee|Stun Spore|p1a: Slowking\n|-status|p1a: Slowking|par\n|move|p1a: Slowking|Future Sight|p2a: Ribombee\n|-start|p1a: Slowking|move: Future Sight\n|\n|upkeep\n|turn|3\n|\n|t:|1783807838\n|move|p2a: Ribombee|Moonblast|p1a: Slowking\n|-resisted|p1a: Slowking\n|-damage|p1a: Slowking|91/100 par\n|-prepare|p1a: Slowking|Chilly Reception|[premajor]\n|cant|p1a: Slowking|par\n|\n|upkeep\n|turn|4\n|\n|t:|1783807844\n|move|p2a: Ribombee|Moonblast|p1a: Slowking\n|-resisted|p1a: Slowking\n|-damage|p1a: Slowking|81/100 par\n|-prepare|p1a: Slowking|Chilly Reception|[premajor]\n|move|p1a: Slowking|Chilly Reception|p1a: Slowking\n|-weather|Snowscape\n|\n|t:|1783807847\n|switch|p1a: Enamorus|Enamorus, F|100/100|[from] Chilly Reception\n|\n|-weather|Snowscape|[upkeep]\n|-end|p2a: Ribombee|move: Future Sight\n|-damage|p2a: Ribombee|0 fnt\n|faint|p2a: Ribombee\n|upkeep\n|\n|t:|1783807854\n|switch|p2a: Hatterene|Hatterene, F|100/100\n|turn|5\n|\n|t:|1783807858\n|switch|p1a: Gholdengo|Gholdengo|100/100\n|-activate|p1a: Gholdengo|move: Sticky Web\n|-unboost|p1a: Gholdengo|spe|1\n|move|p2a: Hatterene|Nuzzle|p1a: Gholdengo\n|-damage|p1a: Gholdengo|97/100\n|\n|-weather|Snowscape|[upkeep]\n|upkeep\n|turn|6\n|\n|t:|1783807870\n|move|p1a: Gholdengo|Thunder Wave|p2a: Hatterene\n|move|p2a: Hatterene|Thunder Wave|p1a: Gholdengo|[from] ability: Magic Bounce\n|-immune|p1a: Gholdengo|[from] ability: Good as Gold\n|move|p2a: Hatterene|Mystical Fire|p1a: Gholdengo\n|-supereffective|p1a: Gholdengo\n|-damage|p1a: Gholdengo|46/100\n|\n|-weather|Snowscape|[upkeep]\n|upkeep\n|turn|7\n|\n|t:|1783807875\n|move|p1a: Gholdengo|Recover|p1a: Gholdengo\n|-heal|p1a: Gholdengo|96/100\n|move|p2a: Hatterene|Mystical Fire|p1a: Gholdengo\n|-supereffective|p1a: Gholdengo\n|-damage|p1a: Gholdengo|47/100\n|\n|-weather|Snowscape|[upkeep]\n|upkeep\n|turn|8\n|\n|t:|1783807878\n|move|p1a: Gholdengo|Recover|p1a: Gholdengo\n|-heal|p1a: Gholdengo|97/100\n|move|p2a: Hatterene|Mystical Fire|p1a: Gholdengo\n|-supereffective|p1a: Gholdengo\n|-damage|p1a: Gholdengo|51/100\n|\n|-weather|none\n|upkeep\n|turn|9\n|\n|t:|1783807881\n|move|p1a: Gholdengo|Recover|p1a: Gholdengo\n|-heal|p1a: Gholdengo|100/100\n|move|p2a: Hatterene|Mystical Fire|p1a: Gholdengo\n|-supereffective|p1a: Gholdengo\n|-damage|p1a: Gholdengo|49/100\n|\n|upkeep\n|turn|10\n|\n|t:|1783807884\n|switch|p1a: Slowking|Slowking-Galar, F|100/100 par\n|move|p2a: Hatterene|Mystical Fire|p1a: Slowking\n|-damage|p1a: Slowking|83/100 par\n|-unboost|p1a: Slowking|spa|1\n|\n|upkeep\n|turn|11\n|\n|t:|1783807887\n|move|p2a: Hatterene|Psyshock|p1a: Slowking\n|-damage|p1a: Slowking|31/100 par\n|-prepare|p1a: Slowking|Chilly Reception|[premajor]\n|cant|p1a: Slowking|par\n|\n|upkeep\n|turn|12\n|\n|t:|1783807894\n|switch|p1a: Samurott|Samurott-Hisui, M|100/100\n|move|p2a: Hatterene|Psyshock|p1a: Samurott\n|-immune|p1a: Samurott\n|\n|upkeep\n|turn|13\n|\n|t:|1783807901\n|move|p1a: Samurott|Knock Off|p2a: Hatterene\n|-damage|p2a: Hatterene|55/100\n|-enditem|p2a: Hatterene|Assault Vest|[from] move: Knock Off|[of] p1a: Samurott\n|move|p2a: Hatterene|Nuzzle|p1a: Samurott\n|-supereffective|p1a: Samurott\n|-damage|p1a: Samurott|89/100\n|-status|p1a: Samurott|par\n|\n|upkeep\n|turn|14\n|\n|t:|1783807904\n|cant|p1a: Samurott|par\n|move|p2a: Hatterene|Draining Kiss|p1a: Samurott\n|-supereffective|p1a: Samurott\n|-damage|p1a: Samurott|0 fnt\n|-heal|p2a: Hatterene|100/100|[from] drain|[of] p1a: Samurott\n|faint|p1a: Samurott\n|\n|upkeep\n|\n|t:|1783807918\n|switch|p1a: Ogerpon|Ogerpon, F|100/100\n|turn|15\n|\n|t:|1783807925\n|move|p1a: Ogerpon|Substitute|p1a: Ogerpon\n|-start|p1a: Ogerpon|Substitute\n|-damage|p1a: Ogerpon|76/100\n|move|p2a: Hatterene|Nuzzle|p1a: Ogerpon\n|-resisted|p1a: Ogerpon\n|-activate|p1a: Ogerpon|move: Substitute|[damage]\n|\n|upkeep\n|turn|16\n|\n|t:|1783807928\n|move|p1a: Ogerpon|Swords Dance|p1a: Ogerpon\n|-boost|p1a: Ogerpon|atk|2\n|move|p2a: Hatterene|Mystical Fire|p1a: Ogerpon\n|-supereffective|p1a: Ogerpon\n|-end|p1a: Ogerpon|Substitute\n|\n|upkeep\n|turn|17\n|\n|t:|1783807934\n|move|p1a: Ogerpon|Ivy Cudgel|p2a: Hatterene\n|-damage|p2a: Hatterene|0 fnt\n|faint|p2a: Hatterene\n|\n|upkeep\n|\n|t:|1783807937\n|switch|p2a: Skeledirge|Skeledirge, M|100/100\n|turn|18\n|\n|t:|1783807945\n|move|p1a: Ogerpon|Knock Off|p2a: Skeledirge\n|-supereffective|p2a: Skeledirge\n|-damage|p2a: Skeledirge|46/100\n|-enditem|p2a: Skeledirge|Leftovers|[from] move: Knock Off|[of] p1a: Ogerpon\n|move|p2a: Skeledirge|Torch Song|p1a: Ogerpon\n|-supereffective|p1a: Ogerpon\n|-damage|p1a: Ogerpon|0 fnt\n|-boost|p2a: Skeledirge|spa|1\n|faint|p1a: Ogerpon\n|\n|upkeep\n|\n|t:|1783807949\n|switch|p1a: Slowking|Slowking-Galar, F|65/100 par\n|turn|19\n|\n|t:|1783807955\n|-terastallize|p1a: Slowking|Water\n|move|p2a: Skeledirge|Hex|p1a: Slowking\n|-damage|p1a: Slowking|8/100 par\n|cant|p1a: Slowking|par\n|\n|upkeep\n|turn|20\n|\n|t:|1783807960\n|switch|p1a: Landorus|Landorus-Therian, M|100/100\n|-ability|p1a: Landorus|Intimidate|boost\n|-unboost|p2a: Skeledirge|atk|1\n|move|p2a: Skeledirge|Hex|p1a: Landorus\n|-damage|p1a: Landorus|44/100\n|\n|upkeep\n|turn|21\n|\n|t:|1783807964\n|move|p1a: Landorus|Earthquake|p2a: Skeledirge\n|-supereffective|p2a: Skeledirge\n|-damage|p2a: Skeledirge|0 fnt\n|faint|p2a: Skeledirge\n|\n|upkeep\n|\n|t:|1783807967\n|switch|p2a: Garganacl|Garganacl, M|100/100\n|turn|22\n|\n|t:|1783807976\n|-terastallize|p2a: Garganacl|Ghost\n|move|p1a: Landorus|Earthquake|p2a: Garganacl\n|-crit|p2a: Garganacl\n|-damage|p2a: Garganacl|63/100\n|move|p2a: Garganacl|Salt Cure|p1a: Landorus\n|-damage|p1a: Landorus|30/100\n|-start|p1a: Landorus|Salt Cure\n|\n|-heal|p2a: Garganacl|70/100|[from] item: Leftovers\n|-damage|p1a: Landorus|18/100|[from] Salt Cure\n|upkeep\n|turn|23\n|\n|t:|1783807985\n|move|p1a: Landorus|Stealth Rock|p2a: Garganacl\n|-sidestart|p2: sd2025|move: Stealth Rock\n|move|p2a: Garganacl|Recover|p2a: Garganacl\n|-heal|p2a: Garganacl|100/100\n|\n|-damage|p1a: Landorus|5/100|[from] Salt Cure\n|upkeep\n|turn|24\n|\n|t:|1783807989\n|move|p1a: Landorus|Taunt|p2a: Garganacl\n|-start|p2a: Garganacl|move: Taunt\n|cant|p2a: Garganacl|move: Taunt|Stealth Rock\n|\n|-damage|p1a: Landorus|0 fnt|[from] Salt Cure\n|faint|p1a: Landorus\n|upkeep\n|\n|t:|1783807992\n|switch|p1a: Gholdengo|Gholdengo|49/100\n|-activate|p1a: Gholdengo|move: Sticky Web\n|-unboost|p1a: Gholdengo|spe|1\n|turn|25\n|\n|t:|1783807997\n|switch|p2a: Hydrapple|Hydrapple, F|100/100\n|-damage|p2a: Hydrapple|88/100|[from] Stealth Rock\n|move|p1a: Gholdengo|Recover|p1a: Gholdengo\n|-heal|p1a: Gholdengo|99/100\n|\n|upkeep\n|turn|26\n|\n|t:|1783808004\n|switch|p1a: Enamorus|Enamorus, F|100/100\n|move|p2a: Hydrapple|Earth Power|p1a: Enamorus\n|-immune|p1a: Enamorus\n|\n|upkeep\n|turn|27\n|\n|t:|1783808013\n|move|p1a: Enamorus|Mystical Fire|p2a: Hydrapple\n|-damage|p2a: Hydrapple|68/100\n|-unboost|p2a: Hydrapple|spa|1\n|move|p2a: Hydrapple|Hydro Pump|p1a: Enamorus|[miss]\n|-miss|p2a: Hydrapple|p1a: Enamorus\n|\n|upkeep\n|turn|28\n|\n|t:|1783808017\n|move|p1a: Enamorus|Mystical Fire|p2a: Hydrapple\n|-damage|p2a: Hydrapple|47/100\n|-unboost|p2a: Hydrapple|spa|1\n|move|p2a: Hydrapple|Hydro Pump|p1a: Enamorus|[miss]\n|-miss|p2a: Hydrapple|p1a: Enamorus\n|\n|upkeep\n|turn|29\n|\n|t:|1783808029\n|switch|p1a: Slowking|Slowking-Galar, F, tera:Water|41/100 par\n|switch|p2a: Garganacl|Garganacl, M, tera:Ghost|100/100\n|-damage|p2a: Garganacl|88/100|[from] Stealth Rock\n|\n|-heal|p2a: Garganacl|94/100|[from] item: Leftovers\n|upkeep\n|turn|30\n|\n|t:|1783808032\n|move|p2a: Garganacl|Salt Cure|p1a: Slowking\n|-damage|p1a: Slowking|28/100 par\n|-start|p1a: Slowking|Salt Cure\n|move|p1a: Slowking|Slack Off|p1a: Slowking\n|-heal|p1a: Slowking|78/100 par\n|\n|-heal|p2a: Garganacl|100/100|[from] item: Leftovers\n|-damage|p1a: Slowking|53/100 par|[from] Salt Cure\n|upkeep\n|turn|31\n|\n|t:|1783808040\n|switch|p1a: Gholdengo|Gholdengo|99/100\n|-activate|p1a: Gholdengo|move: Sticky Web\n|-unboost|p1a: Gholdengo|spe|1\n|move|p2a: Garganacl|Substitute|p2a: Garganacl\n|-start|p2a: Garganacl|Substitute\n|-damage|p2a: Garganacl|75/100\n|\n|-heal|p2a: Garganacl|82/100|[from] item: Leftovers\n|upkeep\n|turn|32\n|\n|t:|1783808047\n|switch|p2a: Hydrapple|Hydrapple, F|80/100\n|-damage|p2a: Hydrapple|68/100|[from] Stealth Rock\n|move|p1a: Gholdengo|Hex|p2a: Hydrapple\n|-damage|p2a: Hydrapple|50/100\n|\n|upkeep\n|turn|33\n|\n|t:|1783808055\n|move|p1a: Gholdengo|Thunder Wave|p2a: Hydrapple\n|-status|p2a: Hydrapple|par\n|move|p2a: Hydrapple|Hydro Pump|p1a: Gholdengo|[miss]\n|-miss|p2a: Hydrapple|p1a: Gholdengo\n|\n|upkeep\n|turn|34\n|\n|t:|1783808058\n|move|p1a: Gholdengo|Hex|p2a: Hydrapple\n|-damage|p2a: Hydrapple|10/100 par\n|move|p2a: Hydrapple|Earth Power|p1a: Gholdengo\n|-supereffective|p1a: Gholdengo\n|-damage|p1a: Gholdengo|49/100\n|\n|upkeep\n|turn|35\n|\n|t:|1783808065\n|move|p1a: Gholdengo|Recover|p1a: Gholdengo\n|-heal|p1a: Gholdengo|99/100\n|move|p2a: Hydrapple|Hydro Pump|p1a: Gholdengo\n|-damage|p1a: Gholdengo|68/100\n|\n|upkeep\n|turn|36\n|\n|t:|1783808067\n|move|p1a: Gholdengo|Recover|p1a: Gholdengo\n|-heal|p1a: Gholdengo|100/100\n|move|p2a: Hydrapple|Hydro Pump|p1a: Gholdengo\n|-damage|p1a: Gholdengo|70/100\n|\n|upkeep\n|turn|37\n|\n|t:|1783808071\n|move|p1a: Gholdengo|Recover|p1a: Gholdengo\n|-heal|p1a: Gholdengo|100/100\n|move|p2a: Hydrapple|Hydro Pump|p1a: Gholdengo\n|-damage|p1a: Gholdengo|67/100\n|\n|upkeep\n|turn|38\n|\n|t:|1783808073\n|move|p1a: Gholdengo|Recover|p1a: Gholdengo\n|-heal|p1a: Gholdengo|100/100\n|cant|p2a: Hydrapple|par\n|\n|upkeep\n|turn|39\n|\n|t:|1783808075\n|move|p1a: Gholdengo|Hex|p2a: Hydrapple\n|-damage|p2a: Hydrapple|0 fnt\n|faint|p2a: Hydrapple\n|\n|upkeep\n|\n|t:|1783808080\n|switch|p2a: Iron Crown|Iron Crown|100/100\n|-damage|p2a: Iron Crown|94/100|[from] Stealth Rock\n|-enditem|p2a: Iron Crown|Booster Energy\n|-activate|p2a: Iron Crown|ability: Quark Drive|[fromitem]\n|-start|p2a: Iron Crown|quarkdrivespe\n|turn|40\n|\n|t:|1783808085\n|move|p2a: Iron Crown|Calm Mind|p2a: Iron Crown\n|-boost|p2a: Iron Crown|spa|1\n|-boost|p2a: Iron Crown|spd|1\n|move|p1a: Gholdengo|Thunder Wave|p2a: Iron Crown|[miss]\n|-miss|p1a: Gholdengo|p2a: Iron Crown\n|\n|upkeep\n|turn|41\n|\n|t:|1783808096\n|move|p2a: Iron Crown|Tachyon Cutter|p1a: Gholdengo\n|-resisted|p1a: Gholdengo\n|-damage|p1a: Gholdengo|85/100\n|-resisted|p1a: Gholdengo\n|-damage|p1a: Gholdengo|71/100\n|-hitcount|p1a: Gholdengo|2\n|move|p1a: Gholdengo|Thunder Wave|p2a: Iron Crown\n|-status|p2a: Iron Crown|par\n|\n|upkeep\n|turn|42\n|\n|t:|1783808105\n|cant|p2a: Iron Crown|par\n|move|p1a: Gholdengo|Hex|p2a: Iron Crown\n|-supereffective|p2a: Iron Crown\n|-damage|p2a: Iron Crown|22/100 par\n|\n|upkeep\n|turn|43\n|\n|t:|1783808110\n|move|p2a: Iron Crown|Tachyon Cutter|p1a: Gholdengo\n|-resisted|p1a: Gholdengo\n|-damage|p1a: Gholdengo|56/100\n|-resisted|p1a: Gholdengo\n|-damage|p1a: Gholdengo|42/100\n|-hitcount|p1a: Gholdengo|2\n|move|p1a: Gholdengo|Hex|p2a: Iron Crown\n|-supereffective|p2a: Iron Crown\n|-damage|p2a: Iron Crown|0 fnt\n|faint|p2a: Iron Crown\n|-end|p2a: Iron Crown|Quark Drive|[silent]\n|\n|upkeep\n|\n|t:|1783808116\n|switch|p2a: Garganacl|Garganacl, M, tera:Ghost|82/100\n|-damage|p2a: Garganacl|69/100|[from] Stealth Rock\n|turn|44\n|-message|sd2025 forfeited.\n|\n|win|ikthoizzykil\n|raw|ikthoizzykil's rating: 1401 &rarr; <strong>1419</strong><br />(+18 for winning)\n|raw|sd2025's rating: 1358 &rarr; <strong>1340</strong><br />(-18 for losing)\n|l|☆sd2025\n|player|p2|\n", "uploadtime": 1783808121, "views": 11, "formatid": "gen9ou", "rating": 1340, "private": 0, "password": null}