{"id": "gen9ou-2639245451", "format": "[Gen 9] OU", "players": ["jaisojai", "thepeakmons"], "log": "|j|☆jaisojai\n|j|☆thepeakmons\n|t:|1782439748\n|gametype|singles\n|player|p1|jaisojai|mars|1224\n|player|p2|thepeakmons|101|1176\n|gen|9\n|tier|[Gen 9] OU\n|rated|\n|rule|HP Percentage Mod: HP is shown in percentages\n|rule|Endless Battle Clause: Forcing endless battles is banned\n|rule|Species Clause: Limit one of each Pokémon\n|rule|OHKO Clause: OHKO moves are banned\n|rule|Evasion Items Clause: Evasion items are banned\n|rule|Evasion Moves Clause: Evasion moves are banned\n|rule|Evasion Abilities Clause: Evasion abilities are banned\n|rule|Sleep Moves Clause: Sleep-inducing moves are banned\n|clearpoke\n|poke|p1|Ogerpon-Wellspring, F|\n|poke|p1|Moltres|\n|poke|p1|Great Tusk|\n|poke|p1|Tinkaton, F|\n|poke|p1|Slowking-Galar, F|\n|poke|p1|Latios, M|\n|poke|p2|Gliscor, F|\n|poke|p2|Gholdengo|\n|poke|p2|Zamazenta-*|\n|poke|p2|Blissey, F|\n|poke|p2|Skarmory, F|\n|poke|p2|Pecharunt|\n|teampreview\n|inactive|Battle timer is ON: inactive players will automatically lose when time's up. (requested by jaisojai)\n|\n|t:|1782439767\n|teamsize|p1|6\n|teamsize|p2|6\n|start\n|switch|p1a: Latios|Latios, M|100/100\n|switch|p2a: Skarmory|Skarmory, F|100/100\n|turn|1\n|inactive|thepeakmons also wants the timer to be on.\n|inactive|thepeakmons has 120 seconds left.\n|\n|t:|1782439799\n|move|p1a: Latios|Aura Sphere|p2a: Skarmory\n|-damage|p2a: Skarmory|61/100\n|move|p2a: Skarmory|Spikes|p1a: Latios\n|-sidestart|p1: jaisojai|Spikes\n|\n|upkeep\n|turn|2\n|\n|t:|1782439808\n|switch|p1a: Moltres|Moltres|100/100\n|move|p2a: Skarmory|Roost|p2a: Skarmory\n|-heal|p2a: Skarmory|100/100\n|-singleturn|p2a: Skarmory|move: Roost\n|\n|upkeep\n|turn|3\n|\n|t:|1782439814\n|switch|p2a: Blissey|Blissey, F|100/100\n|move|p1a: Moltres|Flamethrower|p2a: Blissey\n|-damage|p2a: Blissey|88/100\n|\n|upkeep\n|turn|4\n|\n|t:|1782439823\n|move|p1a: Moltres|U-turn|p2a: Blissey\n|-damage|p2a: Blissey|74/100\n|\n|t:|1782439826\n|switch|p1a: Great Tusk|Great Tusk|100/100|[from] U-turn\n|-damage|p1a: Great Tusk|88/100|[from] Spikes\n|-enditem|p1a: Great Tusk|Booster Energy\n|-activate|p1a: Great Tusk|ability: Protosynthesis|[fromitem]\n|-start|p1a: Great Tusk|protosynthesisatk\n|move|p2a: Blissey|Stealth Rock|p1a: Great Tusk\n|-sidestart|p1: jaisojai|move: Stealth Rock\n|\n|upkeep\n|turn|5\n|\n|t:|1782439835\n|switch|p2a: Gliscor|Gliscor, F|100/100\n|move|p1a: Great Tusk|Ice Spinner|p2a: Gliscor\n|-supereffective|p2a: Gliscor\n|-damage|p2a: Gliscor|0 fnt\n|faint|p2a: Gliscor\n|\n|upkeep\n|\n|t:|1782439849\n|switch|p2a: Pecharunt|Pecharunt|100/100\n|turn|6\n|\n|t:|1782439855\n|move|p1a: Great Tusk|Bulk Up|p1a: Great Tusk\n|-boost|p1a: Great Tusk|atk|1\n|-boost|p1a: Great Tusk|def|1\n|move|p2a: Pecharunt|Shadow Ball|p1a: Great Tusk\n|-damage|p1a: Great Tusk|56/100\n|\n|upkeep\n|turn|7\n|\n|t:|1782439862\n|move|p1a: Great Tusk|Headlong Rush|p2a: Pecharunt\n|-supereffective|p2a: Pecharunt\n|-damage|p2a: Pecharunt|0 fnt\n|-unboost|p1a: Great Tusk|def|1\n|-unboost|p1a: Great Tusk|spd|1\n|faint|p2a: Pecharunt\n|\n|upkeep\n|\n|t:|1782439868\n|switch|p2a: Zamazenta|Zamazenta|100/100\n|-ability|p2a: Zamazenta|Dauntless Shield|boost\n|-boost|p2a: Zamazenta|def|1\n|turn|8\n|inactive|jaisojai has 120 seconds left.\n|\n|t:|1782439902\n|move|p2a: Zamazenta|Ice Fang|p1a: Great Tusk\n|-supereffective|p1a: Great Tusk\n|-damage|p1a: Great Tusk|30/100\n|move|p1a: Great Tusk|Rapid Spin|p2a: Zamazenta\n|-damage|p2a: Zamazenta|77/100\n|-boost|p1a: Great Tusk|spe|1\n|-sideend|p1: jaisojai|Spikes|[from] move: Rapid Spin|[of] p1a: Great Tusk\n|-sideend|p1: jaisojai|Stealth Rock|[from] move: Rapid Spin|[of] p1a: Great Tusk\n|\n|upkeep\n|turn|9\n|inactive|jaisojai has 120 seconds left.\n|\n|t:|1782439917\n|move|p2a: Zamazenta|Close Combat|p1a: Great Tusk\n|-damage|p1a: Great Tusk|0 fnt\n|-unboost|p2a: Zamazenta|def|1\n|-unboost|p2a: Zamazenta|spd|1\n|faint|p1a: Great Tusk\n|-end|p1a: Great Tusk|Protosynthesis|[silent]\n|\n|upkeep\n|inactive|jaisojai has 120 seconds left.\n|\n|t:|1782439925\n|switch|p1a: Latios|Latios, M|100/100\n|turn|10\n|\n|t:|1782439935\n|switch|p2a: Blissey|Blissey, F|74/100\n|move|p1a: Latios|Psyshock|p2a: Blissey\n|-damage|p2a: Blissey|33/100\n|\n|upkeep\n|turn|11\n|\n|t:|1782439949\n|switch|p2a: Gholdengo|Gholdengo|100/100\n|move|p1a: Latios|Psyshock|p2a: Gholdengo\n|-resisted|p2a: Gholdengo\n|-damage|p2a: Gholdengo|84/100\n|\n|upkeep\n|turn|12\n|\n|t:|1782439962\n|switch|p1a: Moltres|Moltres|100/100\n|move|p2a: Gholdengo|Thunder Wave|p1a: Moltres\n|-status|p1a: Moltres|par\n|\n|upkeep\n|turn|13\n|\n|t:|1782439984\n|switch|p2a: Blissey|Blissey, F|33/100\n|move|p1a: Moltres|U-turn|p2a: Blissey\n|-crit|p2a: Blissey\n|-damage|p2a: Blissey|9/100\n|\n|t:|1782439992\n|switch|p1a: Latios|Latios, M|100/100|[from] U-turn\n|\n|upkeep\n|turn|14\n|\n|t:|1782440002\n|switch|p2a: Gholdengo|Gholdengo|84/100\n|move|p1a: Latios|Flip Turn|p2a: Gholdengo\n|-damage|p2a: Gholdengo|76/100\n|\n|t:|1782440009\n|switch|p1a: Ogerpon|Ogerpon-Wellspring, F|100/100|[from] Flip Turn\n|\n|upkeep\n|turn|15\n|\n|t:|1782440024\n|-terastallize|p1a: Ogerpon|Water\n|detailschange|p1a: Ogerpon|Ogerpon-Wellspring-Tera, F, tera:Water\n|-ability|p1a: Ogerpon|Embody Aspect (Wellspring)|boost\n|-boost|p1a: Ogerpon|spd|1\n|move|p1a: Ogerpon|Ivy Cudgel|p2a: Gholdengo|[anim] Ivy Cudgel Water\n|-damage|p2a: Gholdengo|19/100\n|move|p2a: Gholdengo|Thunder Wave|p1a: Ogerpon|[miss]\n|-miss|p2a: Gholdengo|p1a: Ogerpon\n|\n|upkeep\n|turn|16\n|inactive|jaisojai has 120 seconds left.\n|l|☆jaisojai\n|inactive|jaisojai disconnected and has a minute to reconnect!\n|player|p1|\n|inactive|jaisojai has 30 seconds to reconnect!\n|inactive|jaisojai has 20 seconds to reconnect!\n|j| jiang lihua\n|inactive|jaisojai has 15 seconds to reconnect!\n|inactive|jaisojai has 10 seconds to reconnect!\n|inactive|jaisojai has 5 seconds to reconnect!\n|-message|jaisojai lost due to inactivity.\n|\n|win|thepeakmons\n|raw|jaisojai's rating: 1224 &rarr; <strong>1197</strong><br />(-27 for losing)\n|raw|thepeakmons's rating: 1193 &rarr; <strong>1220</strong><br />(+27 for winning)\n|l| jiang lihua\n", "uploadtime": 1782440135, "views": 12, "formatid": "gen9ou", "rating": 1197, "private": 0, "password": null}