{"id": "gen9ou-2639302377", "format": "[Gen 9] OU", "players": ["nube4real", "mr. mastadon farm"], "log": "|j|☆nube4real\n|j|☆mr. mastadon farm\n|t:|1782449036\n|gametype|singles\n|player|p1|nube4real|2|1149\n|player|p2|mr. mastadon farm|blaine|1130\n|gen|9\n|tier|[Gen 9] OU\n|rated|\n|rule|HP Percentage Mod: HP is shown in percentages\n|rule|Endless Battle Clause: Forcing endless battles is banned\n|rule|Species Clause: Limit one of each Pokémon\n|rule|OHKO Clause: OHKO moves are banned\n|rule|Evasion Items Clause: Evasion items are banned\n|rule|Evasion Moves Clause: Evasion moves are banned\n|rule|Evasion Abilities Clause: Evasion abilities are banned\n|rule|Sleep Moves Clause: Sleep-inducing moves are banned\n|clearpoke\n|poke|p1|Deoxys-Speed|\n|poke|p1|Blastoise, F|\n|poke|p1|Rhyperior, M|\n|poke|p1|Meowscarada, F|\n|poke|p1|Amoonguss, M|\n|poke|p1|Ursaluna, M|\n|poke|p2|Ditto|\n|poke|p2|Slaking, F|\n|poke|p2|Staraptor, F|\n|poke|p2|Chansey, F|\n|poke|p2|Furret, M|\n|poke|p2|Porygon2|\n|teampreview\n|\n|t:|1782449044\n|teamsize|p1|6\n|teamsize|p2|6\n|start\n|switch|p1a: Deoxys|Deoxys-Speed|100/100\n|switch|p2a: Furret|Furret, M, shiny|100/100\n|-item|p1a: Deoxys|Focus Sash|[from] ability: Frisk|[of] p2a: Furret\n|-ability|p1a: Deoxys|Pressure\n|turn|1\n|\n|t:|1782449058\n|move|p2a: Furret|Knock Off|p1a: Deoxys\n|-supereffective|p1a: Deoxys\n|-damage|p1a: Deoxys|40/100\n|-enditem|p1a: Deoxys|Focus Sash|[from] move: Knock Off|[of] p2a: Furret\n|move|p1a: Deoxys|Taunt|p2a: Furret\n|-start|p2a: Furret|move: Taunt\n|\n|upkeep\n|turn|2\n|\n|t:|1782449073\n|switch|p1a: Amoonguss|Amoonguss, M|100/100\n|move|p2a: Furret|Knock Off|p1a: Amoonguss\n|-damage|p1a: Amoonguss|77/100\n|-damage|p2a: Furret|84/100|[from] item: Rocky Helmet|[of] p1a: Amoonguss\n|-status|p2a: Furret|psn|[from] ability: Effect Spore|[of] p1a: Amoonguss\n|-enditem|p1a: Amoonguss|Rocky Helmet|[from] move: Knock Off|[of] p2a: Furret\n|\n|-damage|p2a: Furret|72/100 psn|[from] psn\n|upkeep\n|turn|3\n|\n|t:|1782449087\n|switch|p2a: Ditto|Ditto, shiny|100/100\n|-transform|p2a: Ditto|p1a: Amoonguss|[from] ability: Imposter\n|move|p1a: Amoonguss|Giga Drain|p2a: Ditto\n|-resisted|p2a: Ditto\n|-damage|p2a: Ditto|94/100\n|-heal|p1a: Amoonguss|80/100|[from] drain|[of] p2a: Ditto\n|\n|upkeep\n|turn|4\n|\n|t:|1782449100\n|move|p2a: Ditto|Worry Seed|p1a: Amoonguss\n|-ability|p1a: Amoonguss|Insomnia|Effect Spore|[from] move: Worry Seed\n|move|p1a: Amoonguss|Worry Seed|p2a: Ditto\n|-ability|p2a: Ditto|Insomnia|Effect Spore|[from] move: Worry Seed\n|\n|upkeep\n|turn|5\n|\n|t:|1782449110\n|switch|p2a: Staraptor|Staraptor, F|100/100\n|-ability|p2a: Staraptor|Intimidate|boost\n|-unboost|p1a: Amoonguss|atk|1\n|move|p1a: Amoonguss|Sludge Bomb|p2a: Staraptor\n|-damage|p2a: Staraptor|53/100\n|\n|upkeep\n|turn|6\n|\n|t:|1782449119\n|move|p2a: Staraptor|U-turn|p1a: Amoonguss\n|-damage|p1a: Amoonguss|48/100\n|\n|t:|1782449124\n|switch|p2a: Ditto|Ditto, shiny|94/100|[from] U-turn\n|-transform|p2a: Ditto|p1a: Amoonguss|[from] ability: Imposter\n|move|p1a: Amoonguss|Sludge Bomb|p2a: Ditto\n|-damage|p2a: Ditto|61/100\n|\n|upkeep\n|turn|7\n|\n|t:|1782449135\n|switch|p2a: Furret|Furret, M, shiny|72/100 psn\n|move|p1a: Amoonguss|Worry Seed|p2a: Furret\n|-ability|p2a: Furret|Insomnia|Frisk|[from] move: Worry Seed\n|\n|-damage|p2a: Furret|60/100 psn|[from] psn\n|upkeep\n|turn|8\n|\n|t:|1782449141\n|move|p2a: Furret|Double-Edge|p1a: Amoonguss\n|-damage|p1a: Amoonguss|7/100\n|-damage|p2a: Furret|44/100 psn|[from] Recoil\n|move|p1a: Amoonguss|Sludge Bomb|p2a: Furret\n|-damage|p2a: Furret|0 fnt\n|faint|p2a: Furret\n|\n|upkeep\n|\n|t:|1782449153\n|switch|p2a: Staraptor|Staraptor, F|53/100\n|-ability|p2a: Staraptor|Intimidate|boost\n|-unboost|p1a: Amoonguss|atk|1\n|turn|9\n|\n|t:|1782449158\n|move|p2a: Staraptor|U-turn|p1a: Amoonguss\n|-damage|p1a: Amoonguss|0 fnt\n|faint|p1a: Amoonguss\n|\n|t:|1782449162\n|switch|p2a: Chansey|Chansey, F|100/100|[from] U-turn\n|\n|upkeep\n|\n|t:|1782449189\n|switch|p1a: Deoxys|Deoxys-Speed|40/100\n|-ability|p1a: Deoxys|Pressure\n|turn|10\n|\n|t:|1782449194\n|move|p1a: Deoxys|Taunt|p2a: Chansey\n|-start|p2a: Chansey|move: Taunt\n|move|p2a: Chansey|Seismic Toss|p1a: Deoxys\n|-damage|p1a: Deoxys|7/100\n|\n|upkeep\n|turn|11\n|\n|t:|1782449200\n|move|p1a: Deoxys|Stealth Rock|p2a: Chansey\n|-sidestart|p2: mr. mastadon farm|move: Stealth Rock\n|move|p2a: Chansey|Seismic Toss|p1a: Deoxys\n|-damage|p1a: Deoxys|0 fnt\n|faint|p1a: Deoxys\n|\n|upkeep\n|\n|t:|1782449205\n|switch|p1a: Rhyperior|Rhyperior, M|100/100\n|turn|12\n|\n|t:|1782449211\n|move|p2a: Chansey|Seismic Toss|p1a: Rhyperior\n|-damage|p1a: Rhyperior|77/100\n|move|p1a: Rhyperior|Brick Break|p2a: Chansey\n|-supereffective|p2a: Chansey\n|-damage|p2a: Chansey|68/100\n|\n|-end|p2a: Chansey|move: Taunt\n|upkeep\n|turn|13\n|\n|t:|1782449222\n|move|p2a: Chansey|Seismic Toss|p1a: Rhyperior\n|-damage|p1a: Rhyperior|54/100\n|move|p1a: Rhyperior|Rock Blast|p2a: Chansey\n|-damage|p2a: Chansey|59/100\n|-damage|p2a: Chansey|51/100\n|-damage|p2a: Chansey|43/100\n|-damage|p2a: Chansey|35/100\n|-hitcount|p2a: Chansey|4\n|\n|upkeep\n|turn|14\n|\n|t:|1782449239\n|move|p2a: Chansey|Stealth Rock|p1a: Rhyperior\n|-sidestart|p1: nube4real|move: Stealth Rock\n|move|p1a: Rhyperior|Rock Blast|p2a: Chansey\n|-damage|p2a: Chansey|26/100\n|-damage|p2a: Chansey|18/100\n|-damage|p2a: Chansey|9/100\n|-damage|p2a: Chansey|0 fnt\n|faint|p2a: Chansey\n|-hitcount|p2: Chansey|4\n|\n|upkeep\n|\n|t:|1782449245\n|switch|p2a: Slaking|Slaking, F, shiny|100/100\n|-damage|p2a: Slaking|88/100|[from] Stealth Rock\n|turn|15\n|\n|t:|1782449252\n|move|p2a: Slaking|Earthquake|p1a: Rhyperior\n|-supereffective|p1a: Rhyperior\n|-damage|p1a: Rhyperior|0 fnt\n|faint|p1a: Rhyperior\n|\n|upkeep\n|\n|t:|1782449259\n|switch|p1a: Blastoise|Blastoise, F|100/100\n|-damage|p1a: Blastoise|88/100|[from] Stealth Rock\n|turn|16\n|\n|t:|1782449267\n|switch|p2a: Ditto|Ditto, shiny|61/100\n|-damage|p2a: Ditto|49/100|[from] Stealth Rock\n|-transform|p2a: Ditto|p1a: Blastoise|[from] ability: Imposter\n|move|p1a: Blastoise|Shell Smash|p1a: Blastoise\n|-unboost|p1a: Blastoise|def|1\n|-unboost|p1a: Blastoise|spd|1\n|-boost|p1a: Blastoise|atk|2\n|-boost|p1a: Blastoise|spa|2\n|-boost|p1a: Blastoise|spe|2\n|-enditem|p1a: Blastoise|White Herb\n|-clearnegativeboost|p1a: Blastoise|[silent]\n|\n|upkeep\n|turn|17\n|\n|t:|1782449286\n|switch|p2a: Staraptor|Staraptor, F|53/100\n|-damage|p2a: Staraptor|28/100|[from] Stealth Rock\n|-ability|p2a: Staraptor|Intimidate|boost\n|-unboost|p1a: Blastoise|atk|1\n|move|p1a: Blastoise|Earthquake|p2a: Staraptor\n|-immune|p2a: Staraptor\n|\n|upkeep\n|turn|18\n|\n|t:|1782449293\n|move|p2a: Staraptor|Quick Attack|p1a: Blastoise\n|-damage|p1a: Blastoise|56/100\n|move|p1a: Blastoise|Ice Beam|p2a: Staraptor\n|-supereffective|p2a: Staraptor\n|-damage|p2a: Staraptor|0 fnt\n|faint|p2a: Staraptor\n|\n|upkeep\n|\n|t:|1782449303\n|switch|p2a: Porygon2|Porygon2, shiny|100/100\n|-damage|p2a: Porygon2|88/100|[from] Stealth Rock\n|-ability|p2a: Porygon2|Torrent|Trace|[from] ability: Trace|[of] p1a: Blastoise\n|turn|19\n|\n|t:|1782449314\n|move|p1a: Blastoise|Rapid Spin|p2a: Porygon2\n|-damage|p2a: Porygon2|78/100\n|-boost|p1a: Blastoise|spe|1\n|-sideend|p1: nube4real|Stealth Rock|[from] move: Rapid Spin|[of] p1a: Blastoise\n|move|p2a: Porygon2|Charge Beam|p1a: Blastoise\n|-supereffective|p1a: Blastoise\n|-damage|p1a: Blastoise|33/100\n|\n|upkeep\n|turn|20\n|\n|t:|1782449323\n|move|p1a: Blastoise|Earthquake|p2a: Porygon2\n|-crit|p2a: Porygon2\n|-damage|p2a: Porygon2|47/100\n|move|p2a: Porygon2|Tri Attack|p1a: Blastoise\n|-damage|p1a: Blastoise|5/100\n|\n|upkeep\n|turn|21\n|\n|t:|1782449331\n|move|p1a: Blastoise|Ice Beam|p2a: Porygon2\n|-damage|p2a: Porygon2|22/100\n|-status|p2a: Porygon2|frz\n|cant|p2a: Porygon2|frz\n|\n|upkeep\n|turn|22\n|\n|t:|1782449346\n|move|p1a: Blastoise|Shell Smash|p1a: Blastoise\n|-unboost|p1a: Blastoise|def|1\n|-unboost|p1a: Blastoise|spd|1\n|-boost|p1a: Blastoise|atk|2\n|-boost|p1a: Blastoise|spa|2\n|-boost|p1a: Blastoise|spe|2\n|-curestatus|p2a: Porygon2|frz|[msg]\n|move|p2a: Porygon2|Recover|p2a: Porygon2\n|-heal|p2a: Porygon2|72/100\n|\n|upkeep\n|turn|23\n|\n|t:|1782449363\n|move|p1a: Blastoise|Earthquake|p2a: Porygon2\n|-damage|p2a: Porygon2|37/100\n|move|p2a: Porygon2|Recover|p2a: Porygon2\n|-heal|p2a: Porygon2|87/100\n|\n|upkeep\n|turn|24\n|\n|t:|1782449376\n|move|p1a: Blastoise|Ice Beam|p2a: Porygon2\n|-damage|p2a: Porygon2|51/100\n|move|p2a: Porygon2|Tri Attack|p1a: Blastoise\n|-damage|p1a: Blastoise|0 fnt\n|faint|p1a: Blastoise\n|\n|upkeep\n|\n|t:|1782449382\n|switch|p1a: Meowscarada|Meowscarada, F|100/100\n|turn|25\n|\n|t:|1782449387\n|move|p2a: Porygon2|Ice Beam|p1a: Meowscarada\n|-supereffective|p1a: Meowscarada\n|-damage|p1a: Meowscarada|57/100\n|move|p1a: Meowscarada|Trick Room|p1a: Meowscarada\n|-start|p1a: Meowscarada|typechange|Psychic|[from] ability: Protean\n|-fieldstart|move: Trick Room|[of] p1a: Meowscarada\n|\n|upkeep\n|turn|26\n|\n|t:|1782449396\n|move|p2a: Porygon2|Tri Attack|p1a: Meowscarada\n|-damage|p1a: Meowscarada|24/100\n|move|p1a: Meowscarada|U-turn|p2a: Porygon2\n|-damage|p2a: Porygon2|42/100\n|\n|t:|1782449402\n|switch|p1a: Ursaluna|Ursaluna, M|100/100|[from] U-turn\n|\n|upkeep\n|turn|27\n|\n|t:|1782449417\n|move|p1a: Ursaluna|Drain Punch|p2a: Porygon2\n|-supereffective|p2a: Porygon2\n|-damage|p2a: Porygon2|13/100\n|move|p2a: Porygon2|Tri Attack|p1a: Ursaluna\n|-damage|p1a: Ursaluna|78/100\n|\n|upkeep\n|turn|28\n|\n|t:|1782449440\n|-terastallize|p2a: Porygon2|Poison\n|move|p1a: Ursaluna|Belly Drum|p1a: Ursaluna\n|-damage|p1a: Ursaluna|28/100\n|-setboost|p1a: Ursaluna|atk|6|[from] move: Belly Drum\n|-enditem|p1a: Ursaluna|Sitrus Berry|[eat]\n|-heal|p1a: Ursaluna|53/100|[from] item: Sitrus Berry\n|move|p2a: Porygon2|Recover|p2a: Porygon2\n|-heal|p2a: Porygon2|63/100\n|\n|upkeep\n|turn|29\n|\n|t:|1782449455\n|move|p1a: Ursaluna|Drain Punch|p2a: Porygon2\n|-resisted|p2a: Porygon2\n|-damage|p2a: Porygon2|38/100\n|-heal|p1a: Ursaluna|63/100|[from] drain|[of] p2a: Porygon2\n|move|p2a: Porygon2|Recover|p2a: Porygon2\n|-heal|p2a: Porygon2|88/100\n|\n|-fieldend|move: Trick Room\n|upkeep\n|turn|30\n|\n|t:|1782449464\n|move|p2a: Porygon2|Ice Beam|p1a: Ursaluna\n|-supereffective|p1a: Ursaluna\n|-damage|p1a: Ursaluna|32/100\n|move|p1a: Ursaluna|Earthquake|p2a: Porygon2\n|-supereffective|p2a: Porygon2\n|-damage|p2a: Porygon2|0 fnt\n|faint|p2a: Porygon2\n|\n|upkeep\n|\n|t:|1782449469\n|switch|p2a: Ditto|Ditto, shiny|49/100\n|-damage|p2a: Ditto|37/100|[from] Stealth Rock\n|-transform|p2a: Ditto|p1a: Ursaluna|[from] ability: Imposter\n|turn|31\n|\n|t:|1782449481\n|-terastallize|p1a: Ursaluna|Ghost\n|move|p2a: Ditto|Trailblaze|p1a: Ursaluna\n|-damage|p1a: Ursaluna|0 fnt\n|-boost|p2a: Ditto|spe|1\n|faint|p1a: Ursaluna\n|\n|upkeep\n|\n|t:|1782449487\n|switch|p1a: Meowscarada|Meowscarada, F|24/100\n|turn|32\n|\n|t:|1782449491\n|switch|p2a: Slaking|Slaking, F, shiny|88/100\n|-damage|p2a: Slaking|76/100|[from] Stealth Rock\n|move|p1a: Meowscarada|Flower Trick|p2a: Slaking\n|-start|p1a: Meowscarada|typechange|Grass|[from] ability: Protean\n|-crit|p2a: Slaking\n|-damage|p2a: Slaking|47/100\n|\n|upkeep\n|turn|33\n|\n|t:|1782449501\n|move|p2a: Slaking|Double-Edge|p1a: Meowscarada\n|-damage|p1a: Meowscarada|0 fnt\n|faint|p1a: Meowscarada\n|-damage|p2a: Slaking|41/100|[from] Recoil\n|\n|win|mr. mastadon farm\n|raw|nube4real's rating: 1149 &rarr; <strong>1123</strong><br />(-26 for losing)\n|raw|mr. mastadon farm's rating: 1130 &rarr; <strong>1156</strong><br />(+26 for winning)\n|l|☆mr. mastadon farm\n|player|p2|\n|l|☆nube4real\n|player|p1|\n", "uploadtime": 1782449777, "views": 5, "formatid": "gen9ou", "rating": 1123, "private": 0, "password": null}