{"id": "gen9ou-2647707302", "format": "[Gen 9] OU", "players": ["kakagarbage", "eulermz"], "log": "|j|☆kakagarbage\n|j|☆eulermz\n|t:|1783799453\n|gametype|singles\n|player|p1|kakagarbage|102|1284\n|player|p2|eulermz|170|1320\n|gen|9\n|tier|[Gen 9] OU\n|rated|\n|rule|HP Percentage Mod: HP is shown in percentages\n|rule|Endless Battle Clause: Forcing endless battles is banned\n|rule|Species Clause: Limit one of each Pokémon\n|rule|OHKO Clause: OHKO moves are banned\n|rule|Evasion Items Clause: Evasion items are banned\n|rule|Evasion Moves Clause: Evasion moves are banned\n|rule|Evasion Abilities Clause: Evasion abilities are banned\n|rule|Sleep Moves Clause: Sleep-inducing moves are banned\n|clearpoke\n|poke|p1|Hydrapple, M|\n|poke|p1|Moltres|\n|poke|p1|Darkrai|\n|poke|p1|Ting-Lu|\n|poke|p1|Tinkaton, F|\n|poke|p1|Zamazenta-*|\n|poke|p2|Darkrai|\n|poke|p2|Moltres|\n|poke|p2|Ogerpon-Wellspring, F|\n|poke|p2|Zamazenta-*|\n|poke|p2|Tyranitar, F|\n|poke|p2|Excadrill, F|\n|teampreview\n|inactive|Battle timer is ON: inactive players will automatically lose when time's up. (requested by kakagarbage)\n|\n|t:|1783799458\n|teamsize|p1|6\n|teamsize|p2|6\n|start\n|switch|p1a: Darkrai|Darkrai, shiny|100/100\n|switch|p2a: Darkrai|Darkrai|100/100\n|turn|1\n|\n|t:|1783799477\n|switch|p2a: Tyranitar|Tyranitar, F|100/100\n|-weather|Sandstorm|[from] ability: Sand Stream|[of] p2a: Tyranitar\n|switch|p1a: Moltres|Moltres|100/100\n|\n|-weather|Sandstorm|[upkeep]\n|-damage|p1a: Moltres|94/100|[from] Sandstorm\n|upkeep\n|turn|2\n|\n|t:|1783799493\n|move|p1a: Moltres|U-turn|p2a: Tyranitar\n|-supereffective|p2a: Tyranitar\n|-damage|p2a: Tyranitar|77/100\n|\n|t:|1783799496\n|switch|p1a: Tinkaton|Tinkaton, F|100/100|[from] U-turn\n|-ability|p1a: Tinkaton|Mold Breaker\n|-item|p1a: Tinkaton|Air Balloon\n|move|p2a: Tyranitar|Knock Off|p1a: Tinkaton\n|-resisted|p1a: Tinkaton\n|-damage|p1a: Tinkaton|74/100\n|-enditem|p1a: Tinkaton|Air Balloon\n|\n|-weather|Sandstorm|[upkeep]\n|upkeep\n|turn|3\n|\n|t:|1783799509\n|switch|p2a: Moltres|Moltres|100/100\n|move|p1a: Tinkaton|Gigaton Hammer|p2a: Moltres\n|-resisted|p2a: Moltres\n|-damage|p2a: Moltres|86/100\n|\n|-weather|Sandstorm|[upkeep]\n|-damage|p2a: Moltres|80/100|[from] Sandstorm\n|upkeep\n|turn|4\n|\n|t:|1783799526\n|switch|p1a: Moltres|Moltres|94/100\n|move|p2a: Moltres|Flamethrower|p1a: Moltres\n|-resisted|p1a: Moltres\n|-damage|p1a: Moltres|74/100\n|\n|-weather|Sandstorm|[upkeep]\n|-damage|p2a: Moltres|74/100|[from] Sandstorm\n|-damage|p1a: Moltres|68/100|[from] Sandstorm\n|upkeep\n|turn|5\n|\n|t:|1783799543\n|move|p1a: Moltres|Roost|p1a: Moltres\n|-heal|p1a: Moltres|100/100\n|-singleturn|p1a: Moltres|move: Roost\n|move|p2a: Moltres|U-turn|p1a: Moltres\n|-resisted|p1a: Moltres\n|-damage|p1a: Moltres|95/100\n|\n|t:|1783799548\n|switch|p2a: Tyranitar|Tyranitar, F|77/100|[from] U-turn\n|\n|-weather|Sandstorm|[upkeep]\n|-damage|p1a: Moltres|89/100|[from] Sandstorm\n|upkeep\n|turn|6\n|\n|t:|1783799552\n|move|p1a: Moltres|U-turn|p2a: Tyranitar\n|-supereffective|p2a: Tyranitar\n|-damage|p2a: Tyranitar|56/100\n|\n|t:|1783799554\n|switch|p1a: Tinkaton|Tinkaton, F|74/100|[from] U-turn\n|-ability|p1a: Tinkaton|Mold Breaker\n|move|p2a: Tyranitar|Stealth Rock|p1a: Tinkaton\n|-sidestart|p1: kakagarbage|move: Stealth Rock\n|\n|-weather|Sandstorm|[upkeep]\n|upkeep\n|turn|7\n|\n|t:|1783799571\n|switch|p2a: Moltres|Moltres|74/100\n|move|p1a: Tinkaton|Stealth Rock|p2a: Moltres\n|-sidestart|p2: eulermz|move: Stealth Rock\n|\n|-weather|Sandstorm|[upkeep]\n|-damage|p2a: Moltres|68/100|[from] Sandstorm\n|upkeep\n|turn|8\n|\n|t:|1783799580\n|move|p1a: Tinkaton|Thunder Wave|p2a: Moltres\n|-status|p2a: Moltres|par\n|cant|p2a: Moltres|par\n|\n|-weather|none\n|upkeep\n|turn|9\n|\n|t:|1783799586\n|switch|p1a: Ting-Lu|Ting-Lu|100/100\n|-damage|p1a: Ting-Lu|94/100|[from] Stealth Rock\n|-ability|p1a: Ting-Lu|Vessel of Ruin\n|cant|p2a: Moltres|par\n|\n|-heal|p1a: Ting-Lu|100/100|[from] item: Leftovers\n|upkeep\n|turn|10\n|\n|t:|1783799595\n|switch|p2a: Zamazenta|Zamazenta|100/100\n|-damage|p2a: Zamazenta|94/100|[from] Stealth Rock\n|-ability|p2a: Zamazenta|Dauntless Shield|boost\n|-boost|p2a: Zamazenta|def|1\n|move|p1a: Ting-Lu|Spikes|p2a: Zamazenta\n|-sidestart|p2: eulermz|Spikes\n|\n|upkeep\n|turn|11\n|\n|t:|1783799602\n|switch|p1a: Hydrapple|Hydrapple, M|100/100\n|move|p2a: Zamazenta|Close Combat|p1a: Hydrapple\n|-damage|p1a: Hydrapple|53/100\n|-unboost|p2a: Zamazenta|def|1\n|-unboost|p2a: Zamazenta|spd|1\n|-damage|p2a: Zamazenta|84/100|[from] item: Life Orb\n|\n|upkeep\n|turn|12\n|\n|t:|1783799619\n|switch|p2a: Moltres|Moltres|68/100 par\n|switch|p1a: Zamazenta|Zamazenta|100/100\n|-ability|p1a: Zamazenta|Dauntless Shield|boost\n|-boost|p1a: Zamazenta|def|1\n|\n|upkeep\n|turn|13\n|\n|t:|1783799625\n|move|p1a: Zamazenta|Stone Edge|p2a: Moltres|[miss]\n|-miss|p1a: Zamazenta|p2a: Moltres\n|move|p2a: Moltres|Roar|p1a: Zamazenta\n|drag|p1a: Darkrai|Darkrai, shiny|100/100\n|\n|upkeep\n|turn|14\n|\n|t:|1783799629\n|move|p1a: Darkrai|Knock Off|p2a: Moltres\n|-crit|p2a: Moltres\n|-damage|p2a: Moltres|37/100 par\n|-enditem|p2a: Moltres|Heavy-Duty Boots|[from] move: Knock Off|[of] p1a: Darkrai\n|cant|p2a: Moltres|par\n|\n|upkeep\n|turn|15\n|\n|t:|1783799636\n|move|p1a: Darkrai|Dark Pulse|p2a: Moltres\n|-damage|p2a: Moltres|0 fnt\n|faint|p2a: Moltres\n|\n|upkeep\n|\n|t:|1783799640\n|switch|p2a: Tyranitar|Tyranitar, F|56/100\n|-damage|p2a: Tyranitar|44/100|[from] Stealth Rock\n|-damage|p2a: Tyranitar|31/100|[from] Spikes\n|-weather|Sandstorm|[from] ability: Sand Stream|[of] p2a: Tyranitar\n|turn|16\n|\n|t:|1783799651\n|move|p1a: Darkrai|Knock Off|p2a: Tyranitar\n|-resisted|p2a: Tyranitar\n|-damage|p2a: Tyranitar|21/100\n|-enditem|p2a: Tyranitar|Smooth Rock|[from] move: Knock Off|[of] p1a: Darkrai\n|move|p2a: Tyranitar|Knock Off|p1a: Darkrai\n|-resisted|p1a: Darkrai\n|-crit|p1a: Darkrai\n|-damage|p1a: Darkrai|60/100\n|-enditem|p1a: Darkrai|Heavy-Duty Boots|[from] move: Knock Off|[of] p2a: Tyranitar\n|\n|-weather|Sandstorm|[upkeep]\n|-damage|p1a: Darkrai|54/100|[from] Sandstorm\n|upkeep\n|turn|17\n|\n|t:|1783799658\n|switch|p1a: Tinkaton|Tinkaton, F|74/100\n|-damage|p1a: Tinkaton|68/100|[from] Stealth Rock\n|-ability|p1a: Tinkaton|Mold Breaker\n|move|p2a: Tyranitar|Roar|p1a: Tinkaton\n|drag|p1a: Zamazenta|Zamazenta|100/100\n|\n|-weather|Sandstorm|[upkeep]\n|-damage|p1a: Zamazenta|94/100|[from] Sandstorm\n|upkeep\n|turn|18\n|\n|t:|1783799676\n|move|p1a: Zamazenta|Close Combat|p2a: Tyranitar\n|-supereffective|p2a: Tyranitar\n|-damage|p2a: Tyranitar|0 fnt\n|-unboost|p1a: Zamazenta|def|1\n|-unboost|p1a: Zamazenta|spd|1\n|faint|p2a: Tyranitar\n|\n|-weather|Sandstorm|[upkeep]\n|-damage|p1a: Zamazenta|88/100|[from] Sandstorm\n|upkeep\n|\n|t:|1783799683\n|switch|p2a: Excadrill|Excadrill, F|100/100\n|-damage|p2a: Excadrill|97/100|[from] Stealth Rock\n|-item|p2a: Excadrill|Air Balloon\n|turn|19\n|\n|t:|1783799689\n|move|p2a: Excadrill|Earthquake|p1a: Zamazenta\n|-crit|p1a: Zamazenta\n|-damage|p1a: Zamazenta|0 fnt\n|faint|p1a: Zamazenta\n|\n|-weather|Sandstorm|[upkeep]\n|upkeep\n|\n|t:|1783799695\n|switch|p1a: Hydrapple|Hydrapple, M|87/100\n|turn|20\n|\n|t:|1783799707\n|-terastallize|p2a: Excadrill|Ghost\n|move|p2a: Excadrill|Rapid Spin|p1a: Hydrapple\n|-damage|p1a: Hydrapple|75/100\n|-boost|p2a: Excadrill|spe|1\n|-sideend|p2: eulermz|Spikes|[from] move: Rapid Spin|[of] p2a: Excadrill\n|-sideend|p2: eulermz|Stealth Rock|[from] move: Rapid Spin|[of] p2a: Excadrill\n|move|p1a: Hydrapple|Giga Drain|p2a: Excadrill\n|-damage|p2a: Excadrill|56/100\n|-heal|p1a: Hydrapple|94/100|[from] drain|[of] p2a: Excadrill\n|-enditem|p2a: Excadrill|Air Balloon\n|\n|-weather|Sandstorm|[upkeep]\n|-damage|p1a: Hydrapple|88/100|[from] Sandstorm\n|upkeep\n|turn|21\n|n|☆kakagarbage|kakagarbage\n|\n|t:|1783799723\n|switch|p2a: Darkrai|Darkrai|100/100\n|move|p1a: Hydrapple|Giga Drain|p2a: Darkrai\n|-damage|p2a: Darkrai|61/100\n|-heal|p1a: Hydrapple|100/100|[from] drain|[of] p2a: Darkrai\n|\n|-weather|Sandstorm|[upkeep]\n|-damage|p2a: Darkrai|55/100|[from] Sandstorm\n|-damage|p1a: Hydrapple|94/100|[from] Sandstorm\n|upkeep\n|turn|22\n|c|☆kakagarbage|so liuclu\n|\n|t:|1783799733\n|switch|p1a: Ting-Lu|Ting-Lu|100/100\n|-damage|p1a: Ting-Lu|94/100|[from] Stealth Rock\n|-ability|p1a: Ting-Lu|Vessel of Ruin\n|move|p2a: Darkrai|Ice Beam|p1a: Ting-Lu\n|-supereffective|p1a: Ting-Lu\n|-damage|p1a: Ting-Lu|67/100\n|\n|-weather|Sandstorm|[upkeep]\n|-damage|p2a: Darkrai|49/100|[from] Sandstorm\n|-heal|p1a: Ting-Lu|73/100|[from] item: Leftovers\n|upkeep\n|turn|23\n|c|☆kakagarbage|tjhat drill should be dead\n|\n|t:|1783799744\n|switch|p2a: Zamazenta|Zamazenta|84/100\n|move|p1a: Ting-Lu|Spikes|p2a: Zamazenta\n|-sidestart|p2: eulermz|Spikes\n|\n|-weather|none\n|-heal|p1a: Ting-Lu|79/100|[from] item: Leftovers\n|upkeep\n|turn|24\n|\n|t:|1783799751\n|switch|p1a: Hydrapple|Hydrapple, M|100/100\n|move|p2a: Zamazenta|Close Combat|p1a: Hydrapple\n|-damage|p1a: Hydrapple|53/100\n|-unboost|p2a: Zamazenta|def|1\n|-unboost|p2a: Zamazenta|spd|1\n|-damage|p2a: Zamazenta|75/100|[from] item: Life Orb\n|\n|upkeep\n|turn|25\n|\n|t:|1783799756\n|move|p2a: Zamazenta|Close Combat|p1a: Hydrapple\n|-damage|p1a: Hydrapple|6/100\n|-unboost|p2a: Zamazenta|def|1\n|-unboost|p2a: Zamazenta|spd|1\n|-damage|p2a: Zamazenta|65/100|[from] item: Life Orb\n|move|p1a: Hydrapple|Giga Drain|p2a: Zamazenta\n|-damage|p2a: Zamazenta|9/100\n|-heal|p1a: Hydrapple|28/100|[from] drain|[of] p2a: Zamazenta\n|\n|upkeep\n|turn|26\n|\n|t:|1783799761\n|switch|p1a: Moltres|Moltres|89/100\n|move|p2a: Zamazenta|Close Combat|p1a: Moltres\n|-resisted|p1a: Moltres\n|-damage|p1a: Moltres|61/100\n|-unboost|p2a: Zamazenta|def|1\n|-unboost|p2a: Zamazenta|spd|1\n|-status|p2a: Zamazenta|brn|[from] ability: Flame Body|[of] p1a: Moltres\n|-damage|p2a: Zamazenta|0 fnt|[from] item: Life Orb\n|faint|p2a: Zamazenta\n|\n|upkeep\n|\n|t:|1783799769\n|switch|p2a: Ogerpon|Ogerpon-Wellspring, F|100/100\n|-damage|p2a: Ogerpon|88/100|[from] Spikes\n|turn|27\n|\n|t:|1783799778\n|-terastallize|p1a: Moltres|Grass\n|move|p2a: Ogerpon|Trailblaze|p1a: Moltres\n|-resisted|p1a: Moltres\n|-damage|p1a: Moltres|51/100\n|-boost|p2a: Ogerpon|spe|1\n|move|p1a: Moltres|Roost|p1a: Moltres\n|-heal|p1a: Moltres|100/100\n|\n|upkeep\n|turn|28\n|\n|t:|1783799787\n|move|p2a: Ogerpon|Play Rough|p1a: Moltres\n|-damage|p1a: Moltres|77/100\n|-unboost|p1a: Moltres|atk|1\n|-status|p2a: Ogerpon|brn|[from] ability: Flame Body|[of] p1a: Moltres\n|move|p1a: Moltres|U-turn|p2a: Ogerpon\n|-supereffective|p2a: Ogerpon\n|-damage|p2a: Ogerpon|61/100 brn\n|-message|eulermz forfeited.\n|\n|win|kakagarbage\n|raw|kakagarbage's rating: 1305 &rarr; <strong>1326</strong><br />(+21 for winning)\n|raw|eulermz's rating: 1320 &rarr; <strong>1299</strong><br />(-21 for losing)\n|l|☆eulermz\n|player|p2|\n|c|☆kakagarbage|fk off\n|c|☆kakagarbage|/log kakagarbage made this room public.\n", "uploadtime": 1783799823, "views": 24, "formatid": "gen9ou", "rating": 1299, "private": 0, "password": null}