{"id": "gen9ou-2647720567", "format": "[Gen 9] OU", "players": ["angel4ever", "Flixerich"], "log": "|j|☆angel4ever\n|j|☆Flixerich\n|t:|1783801460\n|gametype|singles\n|player|p1|angel4ever|veteran|1256\n|player|p2|Flixerich|265|1222\n|gen|9\n|tier|[Gen 9] OU\n|rated|\n|rule|HP Percentage Mod: HP is shown in percentages\n|rule|Endless Battle Clause: Forcing endless battles is banned\n|rule|Species Clause: Limit one of each Pokémon\n|rule|OHKO Clause: OHKO moves are banned\n|rule|Evasion Items Clause: Evasion items are banned\n|rule|Evasion Moves Clause: Evasion moves are banned\n|rule|Evasion Abilities Clause: Evasion abilities are banned\n|rule|Sleep Moves Clause: Sleep-inducing moves are banned\n|clearpoke\n|poke|p1|Ogerpon-Cornerstone, F|\n|poke|p1|Deoxys-Speed|\n|poke|p1|Alomomola, F|\n|poke|p1|Great Tusk|\n|poke|p1|Slowking-Galar, M|\n|poke|p1|Kingambit, M|\n|poke|p2|Bellossom, F|\n|poke|p2|Dragonite, F|\n|poke|p2|Gholdengo|\n|poke|p2|Great Tusk|\n|poke|p2|Kingambit, F|\n|poke|p2|Salazzle, F|\n|teampreview\n|inactive|Battle timer is ON: inactive players will automatically lose when time's up. (requested by angel4ever)\n|\n|t:|1783801481\n|teamsize|p1|6\n|teamsize|p2|6\n|start\n|switch|p1a: Deoxys|Deoxys-Speed|100/100\n|switch|p2a: Gholdengo|Gholdengo|100/100\n|-ability|p1a: Deoxys|Pressure\n|-item|p2a: Gholdengo|Air Balloon\n|turn|1\n|\n|t:|1783801489\n|move|p1a: Deoxys|Light Screen|p1a: Deoxys\n|-sidestart|p1: angel4ever|move: Light Screen\n|move|p2a: Gholdengo|Nasty Plot|p2a: Gholdengo\n|-boost|p2a: Gholdengo|spa|2\n|\n|upkeep\n|turn|2\n|\n|t:|1783801494\n|move|p1a: Deoxys|Knock Off|p2a: Gholdengo\n|-supereffective|p2a: Gholdengo\n|-damage|p2a: Gholdengo|59/100\n|-enditem|p2a: Gholdengo|Air Balloon\n|move|p2a: Gholdengo|Shadow Ball|p1a: Deoxys\n|-supereffective|p1a: Deoxys\n|-damage|p1a: Deoxys|0 fnt\n|faint|p1a: Deoxys\n|\n|upkeep\n|\n|t:|1783801506\n|switch|p1a: Great Tusk|Great Tusk|100/100\n|-enditem|p1a: Great Tusk|Booster Energy\n|-activate|p1a: Great Tusk|ability: Protosynthesis|[fromitem]\n|-start|p1a: Great Tusk|protosynthesisdef\n|turn|3\n|\n|t:|1783801516\n|-terastallize|p2a: Gholdengo|Flying\n|move|p1a: Great Tusk|Headlong Rush|p2a: Gholdengo\n|-immune|p2a: Gholdengo\n|move|p2a: Gholdengo|Shadow Ball|p1a: Great Tusk\n|-damage|p1a: Great Tusk|33/100\n|\n|upkeep\n|turn|4\n|\n|t:|1783801524\n|move|p1a: Great Tusk|Stealth Rock|p2a: Gholdengo\n|-sidestart|p2: Flixerich|move: Stealth Rock\n|move|p2a: Gholdengo|Shadow Ball|p1a: Great Tusk\n|-damage|p1a: Great Tusk|0 fnt\n|faint|p1a: Great Tusk\n|-end|p1a: Great Tusk|Protosynthesis|[silent]\n|\n|upkeep\n|\n|t:|1783801530\n|switch|p1a: Kingambit|Kingambit, M|100/100\n|-activate|p1a: Kingambit|ability: Supreme Overlord\n|-start|p1a: Kingambit|fallen2|[silent]\n|-item|p1a: Kingambit|Air Balloon\n|turn|5\n|\n|t:|1783801537\n|move|p2a: Gholdengo|Nasty Plot|p2a: Gholdengo\n|-boost|p2a: Gholdengo|spa|2\n|move|p1a: Kingambit|Kowtow Cleave|p2a: Gholdengo\n|-damage|p2a: Gholdengo|6/100\n|\n|upkeep\n|turn|6\n|\n|t:|1783801547\n|switch|p2a: Bellossom|Bellossom, F|100/100\n|-damage|p2a: Bellossom|88/100|[from] Stealth Rock\n|move|p1a: Kingambit|Kowtow Cleave|p2a: Bellossom\n|-damage|p2a: Bellossom|48/100\n|\n|-heal|p2a: Bellossom|54/100|[from] item: Leftovers\n|upkeep\n|turn|7\n|\n|t:|1783801555\n|-end|p1a: Kingambit|fallen2|[silent]\n|switch|p1a: Slowking|Slowking-Galar, M|100/100\n|move|p2a: Bellossom|Strength Sap|p1a: Slowking\n|-unboost|p1a: Slowking|atk|1\n|-heal|p2a: Bellossom|88/100\n|\n|-heal|p2a: Bellossom|95/100|[from] item: Leftovers\n|upkeep\n|turn|8\n|\n|t:|1783801564\n|switch|p2a: Kingambit|Kingambit, F|100/100\n|-damage|p2a: Kingambit|94/100|[from] Stealth Rock\n|move|p1a: Slowking|Future Sight|p2a: Kingambit\n|-start|p1a: Slowking|move: Future Sight\n|\n|-sideend|p1: angel4ever|move: Light Screen\n|upkeep\n|turn|9\n|\n|t:|1783801570\n|move|p2a: Kingambit|Swords Dance|p2a: Kingambit\n|-boost|p2a: Kingambit|atk|2\n|move|p1a: Slowking|Flamethrower|p2a: Kingambit\n|-supereffective|p2a: Kingambit\n|-damage|p2a: Kingambit|47/100\n|\n|upkeep\n|turn|10\n|\n|t:|1783801577\n|switch|p1a: Kingambit|Kingambit, M|100/100\n|-activate|p1a: Kingambit|ability: Supreme Overlord\n|-start|p1a: Kingambit|fallen2|[silent]\n|-item|p1a: Kingambit|Air Balloon\n|move|p2a: Kingambit|Kowtow Cleave|p1a: Kingambit\n|-resisted|p1a: Kingambit\n|-damage|p1a: Kingambit|47/100\n|-enditem|p1a: Kingambit|Air Balloon\n|-damage|p2a: Kingambit|37/100|[from] item: Life Orb\n|\n|-end|p2a: Kingambit|move: Future Sight\n|-immune|p2a: Kingambit\n|upkeep\n|turn|11\n|\n|t:|1783801590\n|move|p2a: Kingambit|Sucker Punch|p1a: Kingambit\n|-resisted|p1a: Kingambit\n|-damage|p1a: Kingambit|4/100\n|-damage|p2a: Kingambit|28/100|[from] item: Life Orb\n|move|p1a: Kingambit|Low Kick|p2a: Kingambit\n|-supereffective|p2a: Kingambit\n|-damage|p2a: Kingambit|0 fnt\n|faint|p2a: Kingambit\n|-end|p2a: Kingambit|fallenundefined|[silent]\n|\n|upkeep\n|\n|t:|1783801600\n|switch|p2a: Gholdengo|Gholdengo, tera:Flying|6/100\n|-damage|p2a: Gholdengo|0 fnt|[from] Stealth Rock\n|faint|p2a: Gholdengo\n|\n|t:|1783801609\n|switch|p2a: Great Tusk|Great Tusk|100/100\n|-damage|p2a: Great Tusk|98/100|[from] Stealth Rock\n|-enditem|p2a: Great Tusk|Booster Energy\n|-activate|p2a: Great Tusk|ability: Protosynthesis|[fromitem]\n|-start|p2a: Great Tusk|protosynthesisatk\n|turn|12\n|\n|t:|1783801615\n|-end|p1a: Kingambit|fallen2|[silent]\n|switch|p1a: Alomomola|Alomomola, F|100/100\n|move|p2a: Great Tusk|Rapid Spin|p1a: Alomomola\n|-damage|p1a: Alomomola|80/100\n|-boost|p2a: Great Tusk|spe|1\n|-damage|p2a: Great Tusk|81/100|[from] item: Rocky Helmet|[of] p1a: Alomomola\n|-sideend|p2: Flixerich|Stealth Rock|[from] move: Rapid Spin|[of] p2a: Great Tusk\n|\n|upkeep\n|turn|13\n|\n|t:|1783801622\n|move|p2a: Great Tusk|Close Combat|p1a: Alomomola\n|-damage|p1a: Alomomola|10/100\n|-unboost|p2a: Great Tusk|def|1\n|-unboost|p2a: Great Tusk|spd|1\n|-damage|p2a: Great Tusk|65/100|[from] item: Rocky Helmet|[of] p1a: Alomomola\n|move|p1a: Alomomola|Wish|p1a: Alomomola\n|\n|upkeep\n|turn|14\n|\n|t:|1783801634\n|switch|p1a: Ogerpon|Ogerpon-Cornerstone, F|100/100\n|move|p2a: Great Tusk|Earthquake|p1a: Ogerpon\n|-damage|p1a: Ogerpon|11/100\n|\n|-heal|p1a: Ogerpon|98/100|[from] move: Wish|[wisher] Alomomola\n|upkeep\n|turn|15\n|inactive|angel4ever has 120 seconds left.\n|\n|t:|1783801670\n|switch|p1a: Alomomola|Alomomola, F|43/100\n|move|p2a: Great Tusk|Close Combat|p1a: Alomomola\n|-damage|p1a: Alomomola|0 fnt\n|-unboost|p2a: Great Tusk|def|1\n|-unboost|p2a: Great Tusk|spd|1\n|-damage|p2a: Great Tusk|48/100|[from] item: Rocky Helmet|[of] p1a: Alomomola\n|faint|p1a: Alomomola\n|\n|upkeep\n|inactive|angel4ever has 120 seconds left.\n|\n|t:|1783801677\n|switch|p1a: Slowking|Slowking-Galar, M|100/100\n|turn|16\n|\n|t:|1783801683\n|-terastallize|p1a: Slowking|Flying\n|move|p2a: Great Tusk|Earthquake|p1a: Slowking\n|-immune|p1a: Slowking\n|move|p1a: Slowking|Flamethrower|p2a: Great Tusk\n|-damage|p2a: Great Tusk|0 fnt\n|faint|p2a: Great Tusk\n|-end|p2a: Great Tusk|Protosynthesis|[silent]\n|\n|upkeep\n|\n|t:|1783801698\n|switch|p2a: Dragonite|Dragonite, F|100/100\n|turn|17\n|\n|t:|1783801702\n|move|p2a: Dragonite|Dragon Dance|p2a: Dragonite\n|-boost|p2a: Dragonite|atk|1\n|-boost|p2a: Dragonite|spe|1\n|move|p1a: Slowking|Toxic|p2a: Dragonite\n|-status|p2a: Dragonite|tox\n|\n|-damage|p2a: Dragonite|94/100 tox|[from] psn\n|upkeep\n|turn|18\n|\n|t:|1783801709\n|move|p2a: Dragonite|Dragon Dance|p2a: Dragonite\n|-boost|p2a: Dragonite|atk|1\n|-boost|p2a: Dragonite|spe|1\n|move|p1a: Slowking|Future Sight|p2a: Dragonite\n|-start|p1a: Slowking|move: Future Sight\n|\n|-damage|p2a: Dragonite|82/100 tox|[from] psn\n|upkeep\n|turn|19\n|\n|t:|1783801715\n|move|p2a: Dragonite|Dragon Claw|p1a: Slowking\n|-damage|p1a: Slowking|15/100\n|-prepare|p1a: Slowking|Chilly Reception|[premajor]\n|move|p1a: Slowking|Chilly Reception|p1a: Slowking\n|-weather|Snowscape\n|\n|t:|1783801721\n|switch|p1a: Kingambit|Kingambit, M|4/100|[from] Chilly Reception\n|-activate|p1a: Kingambit|ability: Supreme Overlord\n|-start|p1a: Kingambit|fallen3|[silent]\n|\n|-weather|Snowscape|[upkeep]\n|-damage|p2a: Dragonite|63/100 tox|[from] psn\n|upkeep\n|turn|20\n|\n|t:|1783801729\n|-end|p1a: Kingambit|fallen3|[silent]\n|switch|p1a: Slowking|Slowking-Galar, M, tera:Flying|48/100\n|move|p2a: Dragonite|Extreme Speed|p1a: Slowking\n|-damage|p1a: Slowking|0 fnt\n|faint|p1a: Slowking\n|\n|-weather|Snowscape|[upkeep]\n|-end|p2a: Dragonite|move: Future Sight\n|-damage|p2a: Dragonite|14/100 tox\n|-damage|p2a: Dragonite|0 fnt|[from] psn\n|faint|p2a: Dragonite\n|upkeep\n|\n|t:|1783801743\n|switch|p2a: Salazzle|Salazzle, F|100/100\n|switch|p1a: Ogerpon|Ogerpon-Cornerstone, F|98/100\n|turn|21\n|\n|t:|1783801750\n|move|p2a: Salazzle|Fire Blast|p1a: Ogerpon\n|-damage|p1a: Ogerpon|42/100\n|move|p1a: Ogerpon|Ivy Cudgel|p2a: Salazzle|[anim] Ivy Cudgel Rock\n|-supereffective|p2a: Salazzle\n|-enditem|p2a: Salazzle|Focus Sash\n|-damage|p2a: Salazzle|1/100\n|\n|-weather|Snowscape|[upkeep]\n|upkeep\n|turn|22\n|\n|t:|1783801766\n|move|p2a: Salazzle|Fire Blast|p1a: Ogerpon\n|-damage|p1a: Ogerpon|0 fnt\n|faint|p1a: Ogerpon\n|\n|-weather|Snowscape|[upkeep]\n|upkeep\n|\n|t:|1783801769\n|switch|p1a: Kingambit|Kingambit, M|4/100\n|-activate|p1a: Kingambit|ability: Supreme Overlord\n|-start|p1a: Kingambit|fallen5|[silent]\n|turn|23\n|\n|t:|1783801774\n|move|p2a: Salazzle|Encore||[still]\n|-fail|p2a: Salazzle\n|move|p1a: Kingambit|Kowtow Cleave|p2a: Salazzle\n|-damage|p2a: Salazzle|0 fnt\n|faint|p2a: Salazzle\n|\n|-weather|none\n|upkeep\n|\n|t:|1783801780\n|switch|p2a: Bellossom|Bellossom, F|95/100\n|turn|24\n|\n|t:|1783801783\n|move|p1a: Kingambit|Kowtow Cleave|p2a: Bellossom\n|-damage|p2a: Bellossom|38/100\n|move|p2a: Bellossom|Moonblast|p1a: Kingambit\n|-damage|p1a: Kingambit|0 fnt\n|faint|p1a: Kingambit\n|-end|p1a: Kingambit|fallen5|[silent]\n|\n|win|Flixerich\n|raw|angel4ever's rating: 1256 &rarr; <strong>1229</strong><br />(-27 for losing)\n|raw|Flixerich's rating: 1222 &rarr; <strong>1249</strong><br />(+27 for winning)\n|l|☆Flixerich\n|player|p2|\n|l|☆angel4ever\n|player|p1|\n", "uploadtime": 1783802085, "views": 10, "formatid": "gen9ou", "rating": 1229, "private": 0, "password": null}