{"id": "gen9ou-2540753110", "format": "[Gen 9] OU", "players": ["Aureo", "RedemptiveSketch"], "log": "|j|☆Aureo\n|j|☆RedemptiveSketch\n|t:|1771249960\n|gametype|singles\n|player|p1|Aureo|lysandre-masters|1642\n|player|p2|RedemptiveSketch|nate|1723\n|gen|9\n|tier|[Gen 9] OU\n|rated|\n|rule|HP Percentage Mod: HP is shown in percentages\n|rule|Endless Battle Clause: Forcing endless battles is banned\n|rule|Species Clause: Limit one of each Pokémon\n|rule|OHKO Clause: OHKO moves are banned\n|rule|Evasion Items Clause: Evasion items are banned\n|rule|Evasion Moves Clause: Evasion moves are banned\n|rule|Evasion Abilities Clause: Evasion abilities are banned\n|rule|Sleep Moves Clause: Sleep-inducing moves are banned\n|clearpoke\n|poke|p1|Zamazenta-*|\n|poke|p1|Dragonite, F|\n|poke|p1|Iron Moth|\n|poke|p1|Corviknight, F|\n|poke|p1|Scizor, F|\n|poke|p1|Zapdos|\n|poke|p2|Pecharunt|\n|poke|p2|Iron Treads|\n|poke|p2|Hatterene, F|\n|poke|p2|Kyurem|\n|poke|p2|Tornadus-Therian, M|\n|poke|p2|Zamazenta-*|\n|teampreview\n|inactive|Battle timer is ON: inactive players will automatically lose when time's up. (requested by Aureo)\n|inactive|RedemptiveSketch also wants the timer to be on.\n|\n|t:|1771249980\n|teamsize|p1|6\n|teamsize|p2|6\n|start\n|switch|p1a: Dragonite|Dragonite, F|100/100\n|switch|p2a: Iron Treads|Iron Treads, shiny|100/100\n|turn|1\n|\n|t:|1771249986\n|move|p1a: Dragonite|Dragon Dance|p1a: Dragonite\n|-boost|p1a: Dragonite|atk|1\n|-boost|p1a: Dragonite|spe|1\n|move|p2a: Iron Treads|Knock Off|p1a: Dragonite\n|-crit|p1a: Dragonite\n|-damage|p1a: Dragonite|79/100\n|-enditem|p1a: Dragonite|Lum Berry|[from] move: Knock Off|[of] p2a: Iron Treads\n|\n|upkeep\n|turn|2\n|\n|t:|1771249998\n|move|p1a: Dragonite|Earthquake|p2a: Iron Treads\n|-supereffective|p2a: Iron Treads\n|-damage|p2a: Iron Treads|9/100\n|move|p2a: Iron Treads|Stealth Rock|p1a: Dragonite\n|-sidestart|p1: Aureo|move: Stealth Rock\n|\n|-heal|p2a: Iron Treads|15/100|[from] item: Leftovers\n|upkeep\n|turn|3\n|j| Professor Aaron\n|\n|t:|1771250020\n|move|p1a: Dragonite|Earthquake|p2a: Iron Treads\n|-supereffective|p2a: Iron Treads\n|-damage|p2a: Iron Treads|0 fnt\n|faint|p2a: Iron Treads\n|-end|p2a: Iron Treads|Quark Drive|[silent]\n|\n|upkeep\n|\n|t:|1771250027\n|switch|p2a: Kyurem|Kyurem, shiny|100/100\n|-ability|p2a: Kyurem|Pressure\n|turn|4\n|\n|t:|1771250043\n|-terastallize|p1a: Dragonite|Normal\n|move|p1a: Dragonite|Outrage|p2a: Kyurem\n|-supereffective|p2a: Kyurem\n|-damage|p2a: Kyurem|0 fnt\n|faint|p2a: Kyurem\n|\n|upkeep\n|\n|t:|1771250059\n|switch|p2a: Hatterene|Hatterene, F, shiny|100/100\n|turn|5\n|\n|t:|1771250062\n|move|p1a: Dragonite|Outrage|p2a: Hatterene|[from] lockedmove\n|-immune|p2a: Hatterene\n|-start|p1a: Dragonite|confusion|[fatigue]\n|move|p2a: Hatterene|Nuzzle|p1a: Dragonite\n|-damage|p1a: Dragonite|74/100\n|-status|p1a: Dragonite|par\n|\n|upkeep\n|turn|6\n|\n|t:|1771250071\n|-activate|p1a: Dragonite|confusion\n|-damage|p1a: Dragonite|49/100 par|[from] confusion\n|move|p2a: Hatterene|Psychic Noise|p1a: Dragonite\n|-damage|p1a: Dragonite|11/100 par\n|-start|p1a: Dragonite|move: Heal Block\n|\n|upkeep\n|turn|7\n|\n|t:|1771250078\n|switch|p2a: Tornadus|Tornadus-Therian, M|100/100\n|-activate|p1a: Dragonite|confusion\n|move|p1a: Dragonite|Extreme Speed|p2a: Tornadus\n|-damage|p2a: Tornadus|32/100\n|\n|-end|p1a: Dragonite|move: Heal Block\n|upkeep\n|turn|8\n|\n|t:|1771250086\n|switch|p2a: Pecharunt|Pecharunt|100/100\n|-activate|p1a: Dragonite|confusion\n|-damage|p1a: Dragonite|0 fnt|[from] confusion\n|faint|p1a: Dragonite\n|\n|upkeep\n|\n|t:|1771250100\n|switch|p1a: Zapdos|Zapdos|100/100\n|-damage|p1a: Zapdos|76/100|[from] Stealth Rock\n|turn|9\n|l| Professor Aaron\n|inactive|RedemptiveSketch has 120 seconds left.\n|\n|t:|1771250137\n|move|p1a: Zapdos|Discharge|p2a: Pecharunt\n|-damage|p2a: Pecharunt|53/100\n|-damage|p1a: Zapdos|66/100|[from] item: Life Orb\n|move|p2a: Pecharunt|Toxic|p1a: Zapdos\n|-status|p1a: Zapdos|tox\n|-start|p1a: Zapdos|confusion|[from] ability: Poison Puppeteer|[of] p2a: Pecharunt\n|\n|-damage|p1a: Zapdos|59/100 tox|[from] psn\n|upkeep\n|turn|10\n|\n|t:|1771250149\n|-activate|p1a: Zapdos|confusion\n|move|p1a: Zapdos|Heat Wave|p2a: Pecharunt\n|-damage|p2a: Pecharunt|13/100\n|-damage|p1a: Zapdos|49/100 tox|[from] item: Life Orb\n|move|p2a: Pecharunt|Recover|p2a: Pecharunt\n|-heal|p2a: Pecharunt|63/100\n|\n|-damage|p1a: Zapdos|37/100 tox|[from] psn\n|upkeep\n|turn|11\n|\n|t:|1771250163\n|switch|p2a: Hatterene|Hatterene, F, shiny|100/100\n|-activate|p1a: Zapdos|confusion\n|move|p1a: Zapdos|Roost|p1a: Zapdos\n|-heal|p1a: Zapdos|87/100 tox\n|-singleturn|p1a: Zapdos|move: Roost\n|\n|-damage|p1a: Zapdos|68/100 tox|[from] psn\n|upkeep\n|turn|12\n|\n|t:|1771250174\n|-activate|p1a: Zapdos|confusion\n|move|p1a: Zapdos|Discharge|p2a: Hatterene\n|-damage|p2a: Hatterene|49/100\n|-damage|p1a: Zapdos|58/100 tox|[from] item: Life Orb\n|move|p2a: Hatterene|Psychic Noise|p1a: Zapdos\n|-damage|p1a: Zapdos|20/100 tox\n|-start|p1a: Zapdos|move: Heal Block\n|\n|-heal|p2a: Hatterene|55/100|[from] item: Leftovers\n|-damage|p1a: Zapdos|0 fnt|[from] psn\n|faint|p1a: Zapdos\n|upkeep\n|\n|t:|1771250189\n|switch|p1a: Iron Moth|Iron Moth|100/100\n|-damage|p1a: Iron Moth|76/100|[from] Stealth Rock\n|-enditem|p1a: Iron Moth|Booster Energy\n|-activate|p1a: Iron Moth|ability: Quark Drive|[fromitem]\n|-start|p1a: Iron Moth|quarkdrivespe\n|turn|13\n|inactive|RedemptiveSketch has 120 seconds left.\n|\n|t:|1771250214\n|-terastallize|p2a: Hatterene|Water\n|move|p1a: Iron Moth|Sludge Wave|p2a: Hatterene\n|-damage|p2a: Hatterene|4/100\n|move|p2a: Hatterene|Psychic Noise|p1a: Iron Moth\n|-supereffective|p1a: Iron Moth\n|-damage|p1a: Iron Moth|5/100\n|-start|p1a: Iron Moth|move: Heal Block\n|\n|-heal|p2a: Hatterene|10/100|[from] item: Leftovers\n|upkeep\n|turn|14\n|inactive|RedemptiveSketch has 120 seconds left.\n|\n|t:|1771250249\n|move|p1a: Iron Moth|Fiery Dance|p2a: Hatterene\n|-resisted|p2a: Hatterene\n|-damage|p2a: Hatterene|0 fnt\n|faint|p2a: Hatterene\n|\n|-end|p1a: Iron Moth|move: Heal Block\n|upkeep\n|\n|t:|1771250252\n|switch|p2a: Tornadus|Tornadus-Therian, M|66/100\n|turn|15\n|\n|t:|1771250257\n|move|p1a: Iron Moth|Sludge Wave|p2a: Tornadus\n|-damage|p2a: Tornadus|31/100\n|move|p2a: Tornadus|Knock Off|p1a: Iron Moth\n|-crit|p1a: Iron Moth\n|-damage|p1a: Iron Moth|0 fnt\n|faint|p1a: Iron Moth\n|-end|p1a: Iron Moth|Quark Drive|[silent]\n|\n|upkeep\n|\n|t:|1771250272\n|switch|p1a: Scizor|Scizor, F|100/100\n|-damage|p1a: Scizor|88/100|[from] Stealth Rock\n|turn|16\n|inactive|RedemptiveSketch has 120 seconds left.\n|\n|t:|1771250288\n|switch|p2a: Pecharunt|Pecharunt|63/100\n|move|p1a: Scizor|Bullet Punch|p2a: Pecharunt\n|-damage|p2a: Pecharunt|42/100\n|-damage|p1a: Scizor|72/100|[from] item: Rocky Helmet|[of] p2a: Pecharunt\n|-damage|p1a: Scizor|62/100|[from] item: Life Orb\n|\n|upkeep\n|turn|17\n|\n|t:|1771250296\n|move|p2a: Pecharunt|Recover|p2a: Pecharunt\n|-heal|p2a: Pecharunt|92/100\n|move|p1a: Scizor|Knock Off|p2a: Pecharunt\n|-supereffective|p2a: Pecharunt\n|-damage|p2a: Pecharunt|46/100\n|-damage|p1a: Scizor|46/100|[from] item: Rocky Helmet|[of] p2a: Pecharunt\n|-enditem|p2a: Pecharunt|Rocky Helmet|[from] move: Knock Off|[of] p1a: Scizor\n|-damage|p1a: Scizor|36/100|[from] item: Life Orb\n|\n|upkeep\n|turn|18\n|\n|t:|1771250305\n|move|p2a: Pecharunt|Recover|p2a: Pecharunt\n|-heal|p2a: Pecharunt|96/100\n|move|p1a: Scizor|Swords Dance|p1a: Scizor\n|-boost|p1a: Scizor|atk|2\n|\n|upkeep\n|turn|19\n|\n|t:|1771250311\n|move|p2a: Pecharunt|Hex|p1a: Scizor\n|-damage|p1a: Scizor|10/100\n|move|p1a: Scizor|Knock Off|p2a: Pecharunt\n|-supereffective|p2a: Pecharunt\n|-damage|p2a: Pecharunt|29/100\n|-damage|p1a: Scizor|0 fnt|[from] item: Life Orb\n|faint|p1a: Scizor\n|\n|upkeep\n|\n|t:|1771250337\n|switch|p1a: Zamazenta|Zamazenta|100/100\n|-damage|p1a: Zamazenta|94/100|[from] Stealth Rock\n|-ability|p1a: Zamazenta|Dauntless Shield|boost\n|-boost|p1a: Zamazenta|def|1\n|turn|20\n|\n|t:|1771250344\n|move|p1a: Zamazenta|Substitute|p1a: Zamazenta\n|-start|p1a: Zamazenta|Substitute\n|-damage|p1a: Zamazenta|69/100\n|move|p2a: Pecharunt|Recover|p2a: Pecharunt\n|-heal|p2a: Pecharunt|79/100\n|\n|-heal|p1a: Zamazenta|75/100|[from] item: Leftovers\n|upkeep\n|turn|21\n|\n|t:|1771250351\n|move|p1a: Zamazenta|Iron Defense|p1a: Zamazenta\n|-boost|p1a: Zamazenta|def|2\n|move|p2a: Pecharunt|Hex|p1a: Zamazenta\n|-activate|p1a: Zamazenta|move: Substitute|[damage]\n|\n|-heal|p1a: Zamazenta|82/100|[from] item: Leftovers\n|upkeep\n|turn|22\n|\n|t:|1771250359\n|move|p1a: Zamazenta|Crunch|p2a: Pecharunt\n|-supereffective|p2a: Pecharunt\n|-damage|p2a: Pecharunt|56/100\n|move|p2a: Pecharunt|Hex|p1a: Zamazenta\n|-end|p1a: Zamazenta|Substitute\n|\n|-heal|p1a: Zamazenta|88/100|[from] item: Leftovers\n|upkeep\n|turn|23\n|\n|t:|1771250368\n|move|p1a: Zamazenta|Substitute|p1a: Zamazenta\n|-start|p1a: Zamazenta|Substitute\n|-damage|p1a: Zamazenta|63/100\n|move|p2a: Pecharunt|Parting Shot|p1a: Zamazenta\n|-unboost|p1a: Zamazenta|atk|1\n|-unboost|p1a: Zamazenta|spa|1\n|\n|t:|1771250370\n|switch|p2a: Tornadus|Tornadus-Therian, M|64/100|[from] Parting Shot\n|\n|-heal|p1a: Zamazenta|69/100|[from] item: Leftovers\n|upkeep\n|turn|24\n|\n|t:|1771250378\n|switch|p2a: Pecharunt|Pecharunt|56/100\n|move|p1a: Zamazenta|Body Press|p2a: Pecharunt\n|-immune|p2a: Pecharunt\n|\n|-heal|p1a: Zamazenta|75/100|[from] item: Leftovers\n|upkeep\n|turn|25\n|\n|t:|1771250386\n|move|p1a: Zamazenta|Crunch|p2a: Pecharunt\n|-supereffective|p2a: Pecharunt\n|-damage|p2a: Pecharunt|44/100\n|move|p2a: Pecharunt|Hex|p1a: Zamazenta\n|-activate|p1a: Zamazenta|move: Substitute|[damage]\n|\n|-heal|p1a: Zamazenta|81/100|[from] item: Leftovers\n|upkeep\n|turn|26\n|\n|t:|1771250394\n|move|p1a: Zamazenta|Crunch|p2a: Pecharunt\n|-supereffective|p2a: Pecharunt\n|-damage|p2a: Pecharunt|31/100\n|move|p2a: Pecharunt|Hex|p1a: Zamazenta\n|-end|p1a: Zamazenta|Substitute\n|\n|-heal|p1a: Zamazenta|88/100|[from] item: Leftovers\n|upkeep\n|turn|27\n|\n|t:|1771250402\n|move|p1a: Zamazenta|Crunch|p2a: Pecharunt\n|-supereffective|p2a: Pecharunt\n|-damage|p2a: Pecharunt|16/100\n|move|p2a: Pecharunt|Recover|p2a: Pecharunt\n|-heal|p2a: Pecharunt|66/100\n|\n|-heal|p1a: Zamazenta|94/100|[from] item: Leftovers\n|upkeep\n|turn|28\n|\n|t:|1771250410\n|move|p1a: Zamazenta|Substitute|p1a: Zamazenta\n|-start|p1a: Zamazenta|Substitute\n|-damage|p1a: Zamazenta|69/100\n|move|p2a: Pecharunt|Hex|p1a: Zamazenta\n|-activate|p1a: Zamazenta|move: Substitute|[damage]\n|\n|-heal|p1a: Zamazenta|75/100|[from] item: Leftovers\n|upkeep\n|turn|29\n|\n|t:|1771250418\n|move|p1a: Zamazenta|Crunch|p2a: Pecharunt\n|-supereffective|p2a: Pecharunt\n|-damage|p2a: Pecharunt|51/100\n|move|p2a: Pecharunt|Hex|p1a: Zamazenta\n|-end|p1a: Zamazenta|Substitute\n|\n|-heal|p1a: Zamazenta|81/100|[from] item: Leftovers\n|upkeep\n|turn|30\n|\n|t:|1771250427\n|move|p1a: Zamazenta|Substitute|p1a: Zamazenta\n|-start|p1a: Zamazenta|Substitute\n|-damage|p1a: Zamazenta|56/100\n|move|p2a: Pecharunt|Hex|p1a: Zamazenta\n|-activate|p1a: Zamazenta|move: Substitute|[damage]\n|\n|-heal|p1a: Zamazenta|62/100|[from] item: Leftovers\n|upkeep\n|turn|31\n|\n|t:|1771250434\n|move|p1a: Zamazenta|Crunch|p2a: Pecharunt\n|-supereffective|p2a: Pecharunt\n|-damage|p2a: Pecharunt|37/100\n|move|p2a: Pecharunt|Hex|p1a: Zamazenta\n|-end|p1a: Zamazenta|Substitute\n|\n|-heal|p1a: Zamazenta|69/100|[from] item: Leftovers\n|upkeep\n|turn|32\n|\n|t:|1771250443\n|move|p1a: Zamazenta|Substitute|p1a: Zamazenta\n|-start|p1a: Zamazenta|Substitute\n|-damage|p1a: Zamazenta|44/100\n|move|p2a: Pecharunt|Toxic||[still]\n|-fail|p2a: Pecharunt\n|\n|-heal|p1a: Zamazenta|50/100|[from] item: Leftovers\n|upkeep\n|turn|33\n|\n|t:|1771250450\n|move|p1a: Zamazenta|Iron Defense|p1a: Zamazenta\n|-boost|p1a: Zamazenta|def|2\n|move|p2a: Pecharunt|Hex|p1a: Zamazenta\n|-activate|p1a: Zamazenta|move: Substitute|[damage]\n|\n|-heal|p1a: Zamazenta|56/100|[from] item: Leftovers\n|upkeep\n|turn|34\n|\n|t:|1771250457\n|move|p1a: Zamazenta|Crunch|p2a: Pecharunt\n|-supereffective|p2a: Pecharunt\n|-damage|p2a: Pecharunt|22/100\n|-unboost|p2a: Pecharunt|def|1\n|move|p2a: Pecharunt|Hex|p1a: Zamazenta\n|-end|p1a: Zamazenta|Substitute\n|\n|-heal|p1a: Zamazenta|62/100|[from] item: Leftovers\n|upkeep\n|turn|35\n|\n|t:|1771250467\n|move|p1a: Zamazenta|Substitute|p1a: Zamazenta\n|-start|p1a: Zamazenta|Substitute\n|-damage|p1a: Zamazenta|37/100\n|move|p2a: Pecharunt|Toxic||[still]\n|-fail|p2a: Pecharunt\n|\n|-heal|p1a: Zamazenta|43/100|[from] item: Leftovers\n|upkeep\n|turn|36\n|\n|t:|1771250474\n|move|p1a: Zamazenta|Crunch|p2a: Pecharunt\n|-supereffective|p2a: Pecharunt\n|-damage|p2a: Pecharunt|1/100\n|move|p2a: Pecharunt|Recover|p2a: Pecharunt\n|-heal|p2a: Pecharunt|51/100\n|\n|-heal|p1a: Zamazenta|49/100|[from] item: Leftovers\n|upkeep\n|turn|37\n|\n|t:|1771250482\n|move|p1a: Zamazenta|Crunch|p2a: Pecharunt\n|-supereffective|p2a: Pecharunt\n|-damage|p2a: Pecharunt|30/100\n|move|p2a: Pecharunt|Hex|p1a: Zamazenta\n|-activate|p1a: Zamazenta|move: Substitute|[damage]\n|\n|-heal|p1a: Zamazenta|56/100|[from] item: Leftovers\n|upkeep\n|turn|38\n|\n|t:|1771250490\n|move|p1a: Zamazenta|Crunch|p2a: Pecharunt\n|-supereffective|p2a: Pecharunt\n|-damage|p2a: Pecharunt|11/100\n|move|p2a: Pecharunt|Recover|p2a: Pecharunt\n|-heal|p2a: Pecharunt|61/100\n|\n|-heal|p1a: Zamazenta|62/100|[from] item: Leftovers\n|upkeep\n|turn|39\n|\n|t:|1771250497\n|move|p1a: Zamazenta|Crunch|p2a: Pecharunt\n|-supereffective|p2a: Pecharunt\n|-damage|p2a: Pecharunt|38/100\n|move|p2a: Pecharunt|Hex|p1a: Zamazenta\n|-end|p1a: Zamazenta|Substitute\n|\n|-heal|p1a: Zamazenta|68/100|[from] item: Leftovers\n|upkeep\n|turn|40\n|\n|t:|1771250505\n|move|p1a: Zamazenta|Substitute|p1a: Zamazenta\n|-start|p1a: Zamazenta|Substitute\n|-damage|p1a: Zamazenta|43/100\n|move|p2a: Pecharunt|Parting Shot|p1a: Zamazenta\n|-unboost|p1a: Zamazenta|atk|1\n|-unboost|p1a: Zamazenta|spa|1\n|\n|t:|1771250514\n|switch|p2a: Tornadus|Tornadus-Therian, M|98/100|[from] Parting Shot\n|\n|-heal|p1a: Zamazenta|49/100|[from] item: Leftovers\n|upkeep\n|turn|41\n|\n|t:|1771250519\n|move|p1a: Zamazenta|Body Press|p2a: Tornadus\n|-resisted|p2a: Tornadus\n|-damage|p2a: Tornadus|36/100\n|move|p2a: Tornadus|Bleakwind Storm|p1a: Zamazenta|[miss]\n|-miss|p2a: Tornadus|p1a: Zamazenta\n|\n|-heal|p1a: Zamazenta|55/100|[from] item: Leftovers\n|upkeep\n|turn|42\n|c|☆RedemptiveSketch|bitch\n|\n|t:|1771250528\n|switch|p2a: Pecharunt|Pecharunt|38/100\n|move|p1a: Zamazenta|Body Press|p2a: Pecharunt\n|-immune|p2a: Pecharunt\n|\n|-heal|p1a: Zamazenta|62/100|[from] item: Leftovers\n|upkeep\n|turn|43\n|\n|t:|1771250536\n|move|p1a: Zamazenta|Crunch|p2a: Pecharunt\n|-supereffective|p2a: Pecharunt\n|-damage|p2a: Pecharunt|27/100\n|move|p2a: Pecharunt|Recover|p2a: Pecharunt\n|-heal|p2a: Pecharunt|77/100\n|\n|-heal|p1a: Zamazenta|68/100|[from] item: Leftovers\n|upkeep\n|turn|44\n|\n|t:|1771250544\n|move|p1a: Zamazenta|Crunch|p2a: Pecharunt\n|-supereffective|p2a: Pecharunt\n|-damage|p2a: Pecharunt|68/100\n|move|p2a: Pecharunt|Hex|p1a: Zamazenta\n|-activate|p1a: Zamazenta|move: Substitute|[damage]\n|\n|-heal|p1a: Zamazenta|74/100|[from] item: Leftovers\n|upkeep\n|turn|45\n|\n|t:|1771250552\n|move|p1a: Zamazenta|Crunch|p2a: Pecharunt\n|-supereffective|p2a: Pecharunt\n|-damage|p2a: Pecharunt|57/100\n|move|p2a: Pecharunt|Hex|p1a: Zamazenta\n|-end|p1a: Zamazenta|Substitute\n|\n|-heal|p1a: Zamazenta|80/100|[from] item: Leftovers\n|upkeep\n|turn|46\n|\n|t:|1771250561\n|move|p1a: Zamazenta|Substitute|p1a: Zamazenta\n|-start|p1a: Zamazenta|Substitute\n|-damage|p1a: Zamazenta|55/100\n|move|p2a: Pecharunt|Parting Shot|p1a: Zamazenta\n|-unboost|p1a: Zamazenta|atk|1\n|-unboost|p1a: Zamazenta|spa|1\n|\n|t:|1771250564\n|switch|p2a: Tornadus|Tornadus-Therian, M|69/100|[from] Parting Shot\n|\n|-heal|p1a: Zamazenta|61/100|[from] item: Leftovers\n|upkeep\n|turn|47\n|\n|t:|1771250570\n|switch|p2a: Pecharunt|Pecharunt|57/100\n|move|p1a: Zamazenta|Body Press|p2a: Pecharunt\n|-immune|p2a: Pecharunt\n|\n|-heal|p1a: Zamazenta|68/100|[from] item: Leftovers\n|upkeep\n|turn|48\n|\n|t:|1771250578\n|move|p1a: Zamazenta|Crunch|p2a: Pecharunt\n|-supereffective|p2a: Pecharunt\n|-damage|p2a: Pecharunt|48/100\n|move|p2a: Pecharunt|Hex|p1a: Zamazenta\n|-activate|p1a: Zamazenta|move: Substitute|[damage]\n|\n|-heal|p1a: Zamazenta|74/100|[from] item: Leftovers\n|upkeep\n|turn|49\n|\n|t:|1771250586\n|switch|p2a: Tornadus|Tornadus-Therian, M|100/100\n|move|p1a: Zamazenta|Crunch|p2a: Tornadus\n|-damage|p2a: Tornadus|92/100\n|\n|-heal|p1a: Zamazenta|80/100|[from] item: Leftovers\n|upkeep\n|turn|50\n|\n|t:|1771250594\n|switch|p2a: Pecharunt|Pecharunt|48/100\n|move|p1a: Zamazenta|Body Press|p2a: Pecharunt\n|-immune|p2a: Pecharunt\n|\n|-heal|p1a: Zamazenta|86/100|[from] item: Leftovers\n|upkeep\n|turn|51\n|\n|t:|1771250601\n|move|p1a: Zamazenta|Crunch|p2a: Pecharunt\n|-supereffective|p2a: Pecharunt\n|-damage|p2a: Pecharunt|40/100\n|move|p2a: Pecharunt|Parting Shot|p1a: Zamazenta\n|-unboost|p1a: Zamazenta|atk|1\n|-unboost|p1a: Zamazenta|spa|1\n|\n|t:|1771250607\n|switch|p2a: Tornadus|Tornadus-Therian, M|100/100|[from] Parting Shot\n|\n|-heal|p1a: Zamazenta|92/100|[from] item: Leftovers\n|upkeep\n|turn|52\n|\n|t:|1771250612\n|move|p1a: Zamazenta|Body Press|p2a: Tornadus\n|-resisted|p2a: Tornadus\n|-damage|p2a: Tornadus|44/100\n|move|p2a: Tornadus|Bleakwind Storm|p1a: Zamazenta|[miss]\n|-miss|p2a: Tornadus|p1a: Zamazenta\n|\n|-heal|p1a: Zamazenta|98/100|[from] item: Leftovers\n|upkeep\n|turn|53\n|\n|t:|1771250620\n|switch|p2a: Pecharunt|Pecharunt|40/100\n|move|p1a: Zamazenta|Crunch|p2a: Pecharunt\n|-supereffective|p2a: Pecharunt\n|-damage|p2a: Pecharunt|33/100\n|\n|-heal|p1a: Zamazenta|100/100|[from] item: Leftovers\n|upkeep\n|turn|54\n|c|☆RedemptiveSketch|blind bitch\n|\n|t:|1771250628\n|move|p1a: Zamazenta|Body Press|p2a: Pecharunt\n|-immune|p2a: Pecharunt\n|move|p2a: Pecharunt|Parting Shot|p1a: Zamazenta\n|-unboost|p1a: Zamazenta|atk|1\n|-unboost|p1a: Zamazenta|spa|1\n|\n|t:|1771250630\n|switch|p2a: Tornadus|Tornadus-Therian, M|78/100|[from] Parting Shot\n|\n|upkeep\n|turn|55\n|\n|t:|1771250637\n|switch|p2a: Pecharunt|Pecharunt|33/100\n|move|p1a: Zamazenta|Body Press|p2a: Pecharunt\n|-immune|p2a: Pecharunt\n|\n|upkeep\n|turn|56\n|\n|t:|1771250648\n|move|p1a: Zamazenta|Body Press|p2a: Pecharunt\n|-immune|p2a: Pecharunt\n|move|p2a: Pecharunt|Parting Shot|p1a: Zamazenta\n|-unboost|p1a: Zamazenta|atk|1\n|-unboost|p1a: Zamazenta|spa|1\n|\n|t:|1771250652\n|switch|p2a: Tornadus|Tornadus-Therian, M|100/100|[from] Parting Shot\n|\n|upkeep\n|turn|57\n|\n|t:|1771250657\n|move|p1a: Zamazenta|Body Press|p2a: Tornadus\n|-resisted|p2a: Tornadus\n|-crit|p2a: Tornadus\n|-damage|p2a: Tornadus|7/100\n|move|p2a: Tornadus|Bleakwind Storm|p1a: Zamazenta\n|-supereffective|p1a: Zamazenta\n|-end|p1a: Zamazenta|Substitute\n|\n|upkeep\n|turn|58\n|c|☆RedemptiveSketch|omg\n|\n|t:|1771250664\n|switch|p2a: Pecharunt|Pecharunt|33/100\n|move|p1a: Zamazenta|Crunch|p2a: Pecharunt\n|-supereffective|p2a: Pecharunt\n|-damage|p2a: Pecharunt|28/100\n|\n|upkeep\n|turn|59\n|\n|t:|1771250671\n|move|p1a: Zamazenta|Substitute|p1a: Zamazenta\n|-start|p1a: Zamazenta|Substitute\n|-damage|p1a: Zamazenta|75/100\n|move|p2a: Pecharunt|Parting Shot|p1a: Zamazenta\n|-unboost|p1a: Zamazenta|atk|0\n|-unboost|p1a: Zamazenta|spa|0\n|\n|-heal|p1a: Zamazenta|82/100|[from] item: Leftovers\n|upkeep\n|turn|60\n|\n|t:|1771250682\n|move|p1a: Zamazenta|Crunch|p2a: Pecharunt\n|-supereffective|p2a: Pecharunt\n|-damage|p2a: Pecharunt|22/100\n|move|p2a: Pecharunt|Toxic||[still]\n|-fail|p2a: Pecharunt\n|\n|-heal|p1a: Zamazenta|88/100|[from] item: Leftovers\n|upkeep\n|turn|61\n|\n|t:|1771250690\n|switch|p2a: Zamazenta|Zamazenta, shiny|100/100\n|-ability|p2a: Zamazenta|Dauntless Shield|boost\n|-boost|p2a: Zamazenta|def|1\n|move|p1a: Zamazenta|Crunch|p2a: Zamazenta\n|-resisted|p2a: Zamazenta\n|-damage|p2a: Zamazenta|99/100\n|\n|-heal|p2a: Zamazenta|100/100|[from] item: Leftovers\n|-heal|p1a: Zamazenta|94/100|[from] item: Leftovers\n|upkeep\n|turn|62\n|\n|t:|1771250699\n|switch|p2a: Pecharunt|Pecharunt|22/100\n|move|p1a: Zamazenta|Body Press|p2a: Pecharunt\n|-immune|p2a: Pecharunt\n|\n|-heal|p1a: Zamazenta|99/100|[from] item: Leftovers\n|upkeep\n|turn|63\n|\n|t:|1771250710\n|move|p1a: Zamazenta|Iron Defense|p1a: Zamazenta\n|-boost|p1a: Zamazenta|def|1\n|move|p2a: Pecharunt|Parting Shot|p1a: Zamazenta\n|-unboost|p1a: Zamazenta|atk|0\n|-unboost|p1a: Zamazenta|spa|0\n|\n|-heal|p1a: Zamazenta|100/100|[from] item: Leftovers\n|upkeep\n|turn|64\n|\n|t:|1771250720\n|move|p1a: Zamazenta|Crunch|p2a: Pecharunt\n|-supereffective|p2a: Pecharunt\n|-damage|p2a: Pecharunt|16/100\n|move|p2a: Pecharunt|Parting Shot|p1a: Zamazenta\n|-unboost|p1a: Zamazenta|atk|0\n|-unboost|p1a: Zamazenta|spa|0\n|\n|upkeep\n|turn|65\n|\n|t:|1771250728\n|move|p1a: Zamazenta|Body Press|p2a: Pecharunt\n|-immune|p2a: Pecharunt\n|move|p2a: Pecharunt|Parting Shot|p1a: Zamazenta\n|-unboost|p1a: Zamazenta|atk|0\n|-unboost|p1a: Zamazenta|spa|0\n|\n|upkeep\n|turn|66\n|\n|t:|1771250735\n|move|p1a: Zamazenta|Iron Defense|p1a: Zamazenta\n|-boost|p1a: Zamazenta|def|0\n|move|p2a: Pecharunt|Parting Shot|p1a: Zamazenta\n|-unboost|p1a: Zamazenta|atk|0\n|-unboost|p1a: Zamazenta|spa|0\n|\n|upkeep\n|turn|67\n|\n|t:|1771250742\n|move|p1a: Zamazenta|Crunch|p2a: Pecharunt\n|-supereffective|p2a: Pecharunt\n|-damage|p2a: Pecharunt|11/100\n|-unboost|p2a: Pecharunt|def|1\n|move|p2a: Pecharunt|Parting Shot|p1a: Zamazenta\n|-unboost|p1a: Zamazenta|atk|0\n|-unboost|p1a: Zamazenta|spa|0\n|\n|upkeep\n|turn|68\n|\n|t:|1771250750\n|move|p1a: Zamazenta|Body Press|p2a: Pecharunt\n|-immune|p2a: Pecharunt\n|move|p2a: Pecharunt|Parting Shot|p1a: Zamazenta\n|-unboost|p1a: Zamazenta|atk|0\n|-unboost|p1a: Zamazenta|spa|0\n|\n|upkeep\n|turn|69\n|\n|t:|1771250757\n|move|p1a: Zamazenta|Crunch|p2a: Pecharunt\n|-supereffective|p2a: Pecharunt\n|-damage|p2a: Pecharunt|3/100\n|move|p2a: Pecharunt|Parting Shot|p1a: Zamazenta\n|-unboost|p1a: Zamazenta|atk|0\n|-unboost|p1a: Zamazenta|spa|0\n|\n|upkeep\n|turn|70\n|\n|t:|1771250766\n|move|p1a: Zamazenta|Iron Defense|p1a: Zamazenta\n|-boost|p1a: Zamazenta|def|0\n|move|p2a: Pecharunt|Parting Shot|p1a: Zamazenta\n|-unboost|p1a: Zamazenta|atk|0\n|-unboost|p1a: Zamazenta|spa|0\n|\n|upkeep\n|turn|71\n|\n|t:|1771250774\n|switch|p2a: Tornadus|Tornadus-Therian, M|40/100\n|move|p1a: Zamazenta|Iron Defense|p1a: Zamazenta\n|-boost|p1a: Zamazenta|def|0\n|\n|upkeep\n|turn|72\n|\n|t:|1771250780\n|switch|p2a: Pecharunt|Pecharunt|3/100\n|move|p1a: Zamazenta|Body Press|p2a: Pecharunt\n|-immune|p2a: Pecharunt\n|\n|upkeep\n|turn|73\n|j| Cabalgasapos\n|l| Cabalgasapos\n|\n|t:|1771250789\n|move|p1a: Zamazenta|Iron Defense|p1a: Zamazenta\n|-boost|p1a: Zamazenta|def|0\n|move|p2a: Pecharunt|Parting Shot|p1a: Zamazenta\n|-unboost|p1a: Zamazenta|atk|0\n|-unboost|p1a: Zamazenta|spa|0\n|\n|upkeep\n|turn|74\n|\n|t:|1771250797\n|move|p1a: Zamazenta|Iron Defense|p1a: Zamazenta\n|-boost|p1a: Zamazenta|def|0\n|move|p2a: Pecharunt|Parting Shot|p1a: Zamazenta\n|-unboost|p1a: Zamazenta|atk|0\n|-unboost|p1a: Zamazenta|spa|0\n|\n|upkeep\n|turn|75\n|\n|t:|1771250803\n|move|p1a: Zamazenta|Iron Defense|p1a: Zamazenta\n|-boost|p1a: Zamazenta|def|0\n|move|p2a: Pecharunt|Parting Shot|p1a: Zamazenta\n|-unboost|p1a: Zamazenta|atk|0\n|-unboost|p1a: Zamazenta|spa|0\n|\n|upkeep\n|turn|76\n|\n|t:|1771250826\n|switch|p2a: Zamazenta|Zamazenta, shiny|100/100\n|move|p1a: Zamazenta|Iron Defense|p1a: Zamazenta\n|-boost|p1a: Zamazenta|def|0\n|\n|upkeep\n|turn|77\n|\n|t:|1771250832\n|switch|p2a: Pecharunt|Pecharunt|3/100\n|move|p1a: Zamazenta|Iron Defense|p1a: Zamazenta\n|-boost|p1a: Zamazenta|def|0\n|\n|upkeep\n|turn|78\n|\n|t:|1771250839\n|move|p1a: Zamazenta|Iron Defense|p1a: Zamazenta\n|-boost|p1a: Zamazenta|def|0\n|move|p2a: Pecharunt|Toxic||[still]\n|-fail|p2a: Pecharunt\n|\n|upkeep\n|turn|79\n|\n|t:|1771250845\n|move|p1a: Zamazenta|Iron Defense|p1a: Zamazenta\n|-boost|p1a: Zamazenta|def|0\n|move|p2a: Pecharunt|Parting Shot|p1a: Zamazenta\n|-unboost|p1a: Zamazenta|atk|0\n|-unboost|p1a: Zamazenta|spa|0\n|\n|upkeep\n|turn|80\n|\n|t:|1771250868\n|move|p1a: Zamazenta|Iron Defense|p1a: Zamazenta\n|-boost|p1a: Zamazenta|def|0\n|move|p2a: Pecharunt|Parting Shot|p1a: Zamazenta\n|-unboost|p1a: Zamazenta|atk|0\n|-unboost|p1a: Zamazenta|spa|0\n|\n|upkeep\n|turn|81\n|j| fulls\n|j| r we rockin\n|\n|t:|1771250881\n|move|p1a: Zamazenta|Iron Defense|p1a: Zamazenta\n|-boost|p1a: Zamazenta|def|0\n|move|p2a: Pecharunt|Parting Shot|p1a: Zamazenta\n|-unboost|p1a: Zamazenta|atk|0\n|-unboost|p1a: Zamazenta|spa|0\n|\n|upkeep\n|turn|82\n|j| invmenot\n|j| FuecocoFan6789\n|\n|t:|1771250888\n|move|p1a: Zamazenta|Iron Defense|p1a: Zamazenta\n|-boost|p1a: Zamazenta|def|0\n|move|p2a: Pecharunt|Toxic||[still]\n|-fail|p2a: Pecharunt\n|\n|upkeep\n|turn|83\n|\n|t:|1771250894\n|move|p1a: Zamazenta|Iron Defense|p1a: Zamazenta\n|-boost|p1a: Zamazenta|def|0\n|move|p2a: Pecharunt|Toxic||[still]\n|-fail|p2a: Pecharunt\n|\n|upkeep\n|turn|84\n|c| r we rockin|Double to torn and back to this u wont\n|\n|t:|1771250917\n|move|p1a: Zamazenta|Iron Defense|p1a: Zamazenta\n|-boost|p1a: Zamazenta|def|0\n|move|p2a: Pecharunt|Parting Shot|p1a: Zamazenta\n|-unboost|p1a: Zamazenta|atk|0\n|-unboost|p1a: Zamazenta|spa|0\n|\n|upkeep\n|turn|85\n|j|+skymin<3\n|c|☆RedemptiveSketch|id rather play safe\n|\n|t:|1771250929\n|switch|p1a: Corviknight|Corviknight, F|100/100\n|-damage|p1a: Corviknight|88/100|[from] Stealth Rock\n|move|p2a: Pecharunt|Parting Shot|p1a: Corviknight\n|-ability|p1a: Corviknight|Mirror Armor\n|-unboost|p2a: Pecharunt|atk|1\n|-ability|p1a: Corviknight|Mirror Armor\n|-unboost|p2a: Pecharunt|spa|1\n|c| r we rockin|Smart\n|\n|t:|1771250936\n|switch|p2a: Zamazenta|Zamazenta, shiny|100/100|[from] Parting Shot\n|\n|-heal|p1a: Corviknight|94/100|[from] item: Leftovers\n|upkeep\n|turn|86\n|\n|t:|1771250943\n|move|p2a: Zamazenta|Iron Defense|p2a: Zamazenta\n|-boost|p2a: Zamazenta|def|2\n|move|p1a: Corviknight|Agility|p1a: Corviknight\n|-boost|p1a: Corviknight|spe|2\n|\n|-heal|p1a: Corviknight|100/100|[from] item: Leftovers\n|upkeep\n|turn|87\n|c|☆RedemptiveSketch|is this idef too?\n|c| r we rockin|LOL\n|\n|t:|1771250951\n|move|p2a: Zamazenta|Iron Defense|p2a: Zamazenta\n|-boost|p2a: Zamazenta|def|2\n|move|p1a: Corviknight|Bulk Up|p1a: Corviknight\n|-boost|p1a: Corviknight|atk|1\n|-boost|p1a: Corviknight|def|1\n|\n|upkeep\n|turn|88\n|c| r we rockin|PT\n|c|☆RedemptiveSketch|ok its some toher bs\n|\n|t:|1771250959\n|move|p2a: Zamazenta|Iron Defense|p2a: Zamazenta\n|-boost|p2a: Zamazenta|def|2\n|move|p1a: Corviknight|Bulk Up|p1a: Corviknight\n|-boost|p1a: Corviknight|atk|1\n|-boost|p1a: Corviknight|def|1\n|\n|upkeep\n|turn|89\n|\n|t:|1771250965\n|move|p2a: Zamazenta|Body Press|p1a: Corviknight\n|-damage|p1a: Corviknight|42/100\n|move|p1a: Corviknight|Agility|p1a: Corviknight\n|-boost|p1a: Corviknight|spe|2\n|\n|-heal|p1a: Corviknight|49/100|[from] item: Leftovers\n|upkeep\n|turn|90\n|c|☆RedemptiveSketch|ye blud\n|\n|t:|1771250974\n|move|p1a: Corviknight|Roost|p1a: Corviknight\n|-heal|p1a: Corviknight|99/100\n|-singleturn|p1a: Corviknight|move: Roost\n|move|p2a: Zamazenta|Body Press|p1a: Corviknight\n|-supereffective|p1a: Corviknight\n|-crit|p1a: Corviknight\n|-damage|p1a: Corviknight|0 fnt\n|faint|p1a: Corviknight\n|\n|upkeep\n|c| invmenot|Rip\n|c| FuecocoFan6789|bad choice\n|c|☆RedemptiveSketch|lmao\n|c|☆RedemptiveSketch|bro forgot\n|c| r we rockin|Idg that\n|c|☆Aureo|gg\n|c|☆RedemptiveSketch|gg\n|-message|Aureo forfeited.\n|\n|win|RedemptiveSketch\n|raw|Aureo's rating: 1642 &rarr; <strong>1627</strong><br />(-15 for losing)\n|raw|RedemptiveSketch's rating: 1723 &rarr; <strong>1738</strong><br />(+15 for winning)\n|l|☆Aureo\n|player|p1|\n|l| FuecocoFan6789\n|l| fulls\n|l| r we rockin\n|l|☆RedemptiveSketch\n|player|p2|\n|j| AbrarS\n|l| AbrarS\n", "uploadtime": 1771250622, "views": 5, "formatid": "gen9ou", "rating": 1627, "private": 0, "password": null}