{"id": "gen9ou-2639972529", "format": "[Gen 9] OU", "players": ["Roseofrosarade", "choispecs ironmoth"], "log": "|j|☆Roseofrosarade\n|j|☆choispecs ironmoth\n|t:|1782555599\n|gametype|singles\n|player|p1|Roseofrosarade|265|1765\n|player|p2|choispecs ironmoth|steven|1700\n|gen|9\n|tier|[Gen 9] OU\n|rated|\n|rule|HP Percentage Mod: HP is shown in percentages\n|rule|Endless Battle Clause: Forcing endless battles is banned\n|rule|Species Clause: Limit one of each Pokémon\n|rule|OHKO Clause: OHKO moves are banned\n|rule|Evasion Items Clause: Evasion items are banned\n|rule|Evasion Moves Clause: Evasion moves are banned\n|rule|Evasion Abilities Clause: Evasion abilities are banned\n|rule|Sleep Moves Clause: Sleep-inducing moves are banned\n|clearpoke\n|poke|p1|Serperior, F|\n|poke|p1|Tinkaton, F|\n|poke|p1|Moltres|\n|poke|p1|Samurott-Hisui, M|\n|poke|p1|Great Tusk|\n|poke|p1|Dragapult, F|\n|poke|p2|Zamazenta-*|\n|poke|p2|Volcanion|\n|poke|p2|Ting-Lu|\n|poke|p2|Corviknight, F|\n|poke|p2|Hatterene, F|\n|poke|p2|Slowking-Galar, F|\n|teampreview\n|\n|t:|1782555608\n|teamsize|p1|6\n|teamsize|p2|6\n|start\n|switch|p1a: Dragapult|Dragapult, F|100/100\n|switch|p2a: Volcanion|Volcanion|100/100\n|turn|1\n|\n|t:|1782555616\n|switch|p2a: Ting-Lu|Ting-Lu|100/100\n|-ability|p2a: Ting-Lu|Vessel of Ruin\n|move|p1a: Dragapult|U-turn|p2a: Ting-Lu\n|-supereffective|p2a: Ting-Lu\n|-damage|p2a: Ting-Lu|83/100\n|\n|t:|1782555620\n|switch|p1a: Samurott|Samurott-Hisui, M|100/100|[from] U-turn\n|\n|-heal|p2a: Ting-Lu|90/100|[from] item: Leftovers\n|upkeep\n|turn|2\n|\n|t:|1782555624\n|switch|p2a: Zamazenta|Zamazenta|100/100\n|-ability|p2a: Zamazenta|Dauntless Shield|boost\n|-boost|p2a: Zamazenta|def|1\n|move|p1a: Samurott|Knock Off|p2a: Zamazenta\n|-resisted|p2a: Zamazenta\n|-damage|p2a: Zamazenta|88/100\n|-enditem|p2a: Zamazenta|Choice Band|[from] move: Knock Off|[of] p1a: Samurott\n|\n|upkeep\n|turn|3\n|\n|t:|1782555634\n|switch|p1a: Dragapult|Dragapult, F|100/100\n|move|p2a: Zamazenta|Stone Edge|p1a: Dragapult|[miss]\n|-miss|p2a: Zamazenta|p1a: Dragapult\n|\n|upkeep\n|turn|4\n|\n|t:|1782555639\n|switch|p2a: Volcanion|Volcanion|100/100\n|move|p1a: Dragapult|U-turn|p2a: Volcanion\n|-resisted|p2a: Volcanion\n|-damage|p2a: Volcanion|93/100\n|\n|t:|1782555642\n|switch|p1a: Samurott|Samurott-Hisui, M|100/100|[from] U-turn\n|\n|upkeep\n|turn|5\n|\n|t:|1782555645\n|switch|p2a: Zamazenta|Zamazenta|88/100\n|move|p1a: Samurott|Ceaseless Edge|p2a: Zamazenta\n|-resisted|p2a: Zamazenta\n|-damage|p2a: Zamazenta|67/100\n|-sidestart|p2: choispecs ironmoth|Spikes\n|\n|upkeep\n|turn|6\n|\n|t:|1782555652\n|switch|p1a: Great Tusk|Great Tusk|100/100\n|move|p2a: Zamazenta|Close Combat|p1a: Great Tusk\n|-damage|p1a: Great Tusk|55/100\n|-unboost|p2a: Zamazenta|def|1\n|-unboost|p2a: Zamazenta|spd|1\n|\n|upkeep\n|turn|7\n|\n|t:|1782555657\n|switch|p2a: Hatterene|Hatterene, F|100/100\n|-damage|p2a: Hatterene|88/100|[from] Spikes\n|move|p1a: Great Tusk|Close Combat|p2a: Hatterene\n|-resisted|p2a: Hatterene\n|-damage|p2a: Hatterene|75/100\n|-unboost|p1a: Great Tusk|def|1\n|-unboost|p1a: Great Tusk|spd|1\n|-damage|p1a: Great Tusk|39/100|[from] item: Rocky Helmet|[of] p2a: Hatterene\n|\n|upkeep\n|turn|8\n|\n|t:|1782555663\n|-end|p1a: Great Tusk|Protosynthesis|[silent]\n|switch|p1a: Tinkaton|Tinkaton, F|100/100\n|-item|p1a: Tinkaton|Air Balloon\n|move|p2a: Hatterene|Pain Split|p1a: Tinkaton\n|-sethp|p1a: Tinkaton|82/100|[from] move: Pain Split|[silent]\n|-sethp|p2a: Hatterene|96/100|[from] move: Pain Split\n|\n|upkeep\n|turn|9\n|\n|t:|1782555672\n|switch|p2a: Corviknight|Corviknight, F|100/100\n|-ability|p2a: Corviknight|Pressure\n|move|p1a: Tinkaton|Gigaton Hammer|p2a: Corviknight\n|-resisted|p2a: Corviknight\n|-damage|p2a: Corviknight|88/100\n|\n|upkeep\n|turn|10\n|\n|t:|1782555675\n|move|p1a: Tinkaton|Thunder Wave|p2a: Corviknight\n|-status|p2a: Corviknight|par\n|move|p2a: Corviknight|Defog|p1a: Tinkaton\n|-unboost|p1a: Tinkaton|evasion|1\n|-sideend|p2: choispecs ironmoth|Spikes|[from] move: Defog|[of] p2a: Corviknight\n|\n|upkeep\n|turn|11\n|\n|t:|1782555681\n|switch|p1a: Dragapult|Dragapult, F|100/100\n|switch|p2a: Volcanion|Volcanion|93/100\n|\n|upkeep\n|turn|12\n|\n|t:|1782555688\n|switch|p2a: Slowking|Slowking-Galar, F|100/100\n|move|p1a: Dragapult|U-turn|p2a: Slowking\n|-damage|p2a: Slowking|84/100\n|\n|t:|1782555690\n|switch|p1a: Samurott|Samurott-Hisui, M|100/100|[from] U-turn\n|\n|-heal|p2a: Slowking|90/100|[from] item: Black Sludge\n|upkeep\n|turn|13\n|inactive|Battle timer is ON: inactive players will automatically lose when time's up. (requested by choispecs ironmoth)\n|\n|t:|1782555694\n|switch|p2a: Zamazenta|Zamazenta|67/100\n|move|p1a: Samurott|Ceaseless Edge|p2a: Zamazenta\n|-resisted|p2a: Zamazenta\n|-damage|p2a: Zamazenta|47/100\n|-sidestart|p2: choispecs ironmoth|Spikes\n|\n|upkeep\n|turn|14\n|\n|t:|1782555699\n|move|p2a: Zamazenta|Close Combat|p1a: Samurott\n|-supereffective|p1a: Samurott\n|-damage|p1a: Samurott|0 fnt\n|-unboost|p2a: Zamazenta|def|1\n|-unboost|p2a: Zamazenta|spd|1\n|faint|p1a: Samurott\n|\n|upkeep\n|\n|t:|1782555703\n|switch|p1a: Dragapult|Dragapult, F|100/100\n|turn|15\n|\n|t:|1782555707\n|switch|p2a: Volcanion|Volcanion|93/100\n|-damage|p2a: Volcanion|81/100|[from] Spikes\n|move|p1a: Dragapult|Shadow Ball|p2a: Volcanion\n|-damage|p2a: Volcanion|18/100\n|-unboost|p2a: Volcanion|spd|1\n|\n|upkeep\n|turn|16\n|\n|t:|1782555712\n|switch|p2a: Ting-Lu|Ting-Lu|90/100\n|-damage|p2a: Ting-Lu|77/100|[from] Spikes\n|-ability|p2a: Ting-Lu|Vessel of Ruin\n|move|p1a: Dragapult|Shadow Ball|p2a: Ting-Lu\n|-resisted|p2a: Ting-Lu\n|-damage|p2a: Ting-Lu|66/100\n|-unboost|p2a: Ting-Lu|spd|1\n|\n|-heal|p2a: Ting-Lu|72/100|[from] item: Leftovers\n|upkeep\n|turn|17\n|\n|t:|1782555716\n|switch|p1a: Serperior|Serperior, F|100/100\n|move|p2a: Ting-Lu|Payback|p1a: Serperior\n|-damage|p1a: Serperior|77/100\n|\n|-heal|p2a: Ting-Lu|78/100|[from] item: Leftovers\n|upkeep\n|turn|18\n|\n|t:|1782555722\n|switch|p2a: Slowking|Slowking-Galar, F|100/100\n|-damage|p2a: Slowking|88/100|[from] Spikes\n|-terastallize|p1a: Serperior|Grass\n|move|p1a: Serperior|Leaf Storm|p2a: Slowking\n|-resisted|p2a: Slowking\n|-damage|p2a: Slowking|69/100\n|-boost|p1a: Serperior|spa|2\n|\n|-heal|p2a: Slowking|75/100|[from] item: Black Sludge\n|upkeep\n|turn|19\n|\n|t:|1782555733\n|switch|p1a: Tinkaton|Tinkaton, F|82/100\n|-item|p1a: Tinkaton|Air Balloon\n|move|p2a: Slowking|Sludge Bomb|p1a: Tinkaton\n|-immune|p1a: Tinkaton\n|\n|-heal|p2a: Slowking|81/100|[from] item: Black Sludge\n|upkeep\n|turn|20\n|\n|t:|1782555740\n|switch|p2a: Corviknight|Corviknight, F|88/100 par\n|-ability|p2a: Corviknight|Pressure\n|move|p1a: Tinkaton|Gigaton Hammer|p2a: Corviknight\n|-resisted|p2a: Corviknight\n|-damage|p2a: Corviknight|75/100 par\n|\n|upkeep\n|turn|21\n|\n|t:|1782555743\n|move|p1a: Tinkaton|Stealth Rock|p2a: Corviknight\n|-sidestart|p2: choispecs ironmoth|move: Stealth Rock\n|cant|p2a: Corviknight|par\n|\n|upkeep\n|turn|22\n|\n|t:|1782555749\n|switch|p1a: Dragapult|Dragapult, F|100/100\n|move|p2a: Corviknight|Defog|p1a: Dragapult\n|-unboost|p1a: Dragapult|evasion|1\n|-sideend|p2: choispecs ironmoth|Spikes|[from] move: Defog|[of] p2a: Corviknight\n|-sideend|p2: choispecs ironmoth|Stealth Rock|[from] move: Defog|[of] p2a: Corviknight\n|\n|upkeep\n|turn|23\n|\n|t:|1782555757\n|move|p1a: Dragapult|U-turn|p2a: Corviknight\n|-resisted|p2a: Corviknight\n|-damage|p2a: Corviknight|72/100 par\n|-damage|p1a: Dragapult|84/100|[from] item: Rocky Helmet|[of] p2a: Corviknight\n|\n|t:|1782555759\n|switch|p1a: Moltres|Moltres|100/100|[from] U-turn\n|move|p2a: Corviknight|Body Press|p1a: Moltres\n|-resisted|p1a: Moltres\n|-damage|p1a: Moltres|91/100\n|\n|upkeep\n|turn|24\n|\n|t:|1782555764\n|switch|p2a: Slowking|Slowking-Galar, F|100/100\n|move|p1a: Moltres|U-turn|p2a: Slowking\n|-damage|p2a: Slowking|86/100\n|\n|t:|1782555768\n|switch|p1a: Tinkaton|Tinkaton, F|82/100|[from] U-turn\n|-item|p1a: Tinkaton|Air Balloon\n|\n|-heal|p2a: Slowking|92/100|[from] item: Black Sludge\n|upkeep\n|turn|25\n|\n|t:|1782555772\n|switch|p2a: Corviknight|Corviknight, F|72/100 par\n|-ability|p2a: Corviknight|Pressure\n|move|p1a: Tinkaton|Stealth Rock|p2a: Corviknight\n|-sidestart|p2: choispecs ironmoth|move: Stealth Rock\n|\n|upkeep\n|turn|26\n|\n|t:|1782555778\n|switch|p1a: Dragapult|Dragapult, F|84/100\n|move|p2a: Corviknight|Defog|p1a: Dragapult\n|-unboost|p1a: Dragapult|evasion|1\n|-sideend|p2: choispecs ironmoth|Stealth Rock|[from] move: Defog|[of] p2a: Corviknight\n|\n|upkeep\n|turn|27\n|\n|t:|1782555783\n|switch|p2a: Slowking|Slowking-Galar, F|100/100\n|move|p1a: Dragapult|Flamethrower|p2a: Slowking\n|-damage|p2a: Slowking|78/100\n|\n|-heal|p2a: Slowking|84/100|[from] item: Black Sludge\n|upkeep\n|turn|28\n|\n|t:|1782555789\n|switch|p1a: Tinkaton|Tinkaton, F|82/100\n|-item|p1a: Tinkaton|Air Balloon\n|move|p2a: Slowking|Trick|p1a: Tinkaton\n|-activate|p2a: Slowking|move: Trick|[of] p1a: Tinkaton\n|-item|p1a: Tinkaton|Black Sludge|[from] move: Trick\n|-item|p2a: Slowking|Air Balloon\n|-item|p2a: Slowking|Air Balloon|[from] move: Trick\n|\n|-damage|p1a: Tinkaton|70/100|[from] item: Black Sludge\n|upkeep\n|turn|29\n|\n|t:|1782555799\n|switch|p2a: Corviknight|Corviknight, F|72/100 par\n|-ability|p2a: Corviknight|Pressure\n|move|p1a: Tinkaton|Gigaton Hammer|p2a: Corviknight\n|-resisted|p2a: Corviknight\n|-damage|p2a: Corviknight|61/100 par\n|\n|-damage|p1a: Tinkaton|57/100|[from] item: Black Sludge\n|upkeep\n|turn|30\n|\n|t:|1782555806\n|move|p1a: Tinkaton|Stealth Rock|p2a: Corviknight\n|-sidestart|p2: choispecs ironmoth|move: Stealth Rock\n|move|p2a: Corviknight|Defog|p1a: Tinkaton\n|-unboost|p1a: Tinkaton|evasion|1\n|-sideend|p2: choispecs ironmoth|Stealth Rock|[from] move: Defog|[of] p2a: Corviknight\n|\n|-damage|p1a: Tinkaton|45/100|[from] item: Black Sludge\n|upkeep\n|turn|31\n|\n|t:|1782555812\n|switch|p2a: Hatterene|Hatterene, F|96/100\n|move|p1a: Tinkaton|Stealth Rock|p2a: Hatterene\n|move|p2a: Hatterene|Stealth Rock|p1a: Tinkaton|[from] ability: Magic Bounce\n|-sidestart|p1: Roseofrosarade|move: Stealth Rock\n|\n|-damage|p1a: Tinkaton|33/100|[from] item: Black Sludge\n|upkeep\n|turn|32\n|\n|t:|1782555817\n|switch|p2a: Corviknight|Corviknight, F|61/100 par\n|-ability|p2a: Corviknight|Pressure\n|move|p1a: Tinkaton|Gigaton Hammer|p2a: Corviknight\n|-resisted|p2a: Corviknight\n|-damage|p2a: Corviknight|48/100 par\n|\n|-damage|p1a: Tinkaton|21/100|[from] item: Black Sludge\n|upkeep\n|turn|33\n|\n|t:|1782555828\n|switch|p1a: Dragapult|Dragapult, F|84/100\n|-damage|p1a: Dragapult|72/100|[from] Stealth Rock\n|switch|p2a: Hatterene|Hatterene, F|96/100\n|\n|upkeep\n|turn|34\n|\n|t:|1782555832\n|switch|p2a: Ting-Lu|Ting-Lu|78/100\n|-ability|p2a: Ting-Lu|Vessel of Ruin\n|move|p1a: Dragapult|Shadow Ball|p2a: Ting-Lu\n|-resisted|p2a: Ting-Lu\n|-damage|p2a: Ting-Lu|67/100\n|\n|-heal|p2a: Ting-Lu|73/100|[from] item: Leftovers\n|upkeep\n|turn|35\n|\n|t:|1782555839\n|switch|p1a: Serperior|Serperior, F, tera:Grass|77/100\n|-damage|p1a: Serperior|65/100|[from] Stealth Rock\n|move|p2a: Ting-Lu|Payback|p1a: Serperior\n|-damage|p1a: Serperior|42/100\n|\n|-heal|p2a: Ting-Lu|79/100|[from] item: Leftovers\n|upkeep\n|turn|36\n|\n|t:|1782555842\n|switch|p2a: Slowking|Slowking-Galar, F|100/100\n|-item|p2a: Slowking|Air Balloon\n|move|p1a: Serperior|Glare|p2a: Slowking\n|-status|p2a: Slowking|par\n|\n|upkeep\n|turn|37\n|\n|t:|1782555848\n|switch|p1a: Great Tusk|Great Tusk|39/100\n|move|p2a: Slowking|Sludge Bomb|p1a: Great Tusk\n|-resisted|p1a: Great Tusk\n|-damage|p1a: Great Tusk|11/100\n|\n|upkeep\n|turn|38\n|\n|t:|1782555855\n|switch|p2a: Hatterene|Hatterene, F|96/100\n|move|p1a: Great Tusk|Close Combat|p2a: Hatterene\n|-resisted|p2a: Hatterene\n|-damage|p2a: Hatterene|84/100\n|-unboost|p1a: Great Tusk|def|1\n|-unboost|p1a: Great Tusk|spd|1\n|-damage|p1a: Great Tusk|0 fnt|[from] item: Rocky Helmet|[of] p2a: Hatterene\n|faint|p1a: Great Tusk\n|-end|p1a: Great Tusk|Protosynthesis|[silent]\n|\n|upkeep\n|\n|t:|1782555858\n|switch|p1a: Tinkaton|Tinkaton, F|21/100\n|-damage|p1a: Tinkaton|14/100|[from] Stealth Rock\n|turn|39\n|\n|t:|1782555867\n|switch|p2a: Corviknight|Corviknight, F|48/100 par\n|-ability|p2a: Corviknight|Pressure\n|move|p1a: Tinkaton|Encore||[still]\n|-fail|p1a: Tinkaton\n|\n|-damage|p1a: Tinkaton|2/100|[from] item: Black Sludge\n|upkeep\n|turn|40\n|\n|t:|1782555874\n|switch|p2a: Hatterene|Hatterene, F|84/100\n|move|p1a: Tinkaton|Stealth Rock|p2a: Hatterene\n|move|p2a: Hatterene|Stealth Rock||[from] ability: Magic Bounce|[still]\n|-fail|p2a: Hatterene\n|\n|-damage|p1a: Tinkaton|0 fnt|[from] item: Black Sludge\n|faint|p1a: Tinkaton\n|upkeep\n|\n|t:|1782555877\n|switch|p1a: Dragapult|Dragapult, F|72/100\n|-damage|p1a: Dragapult|59/100|[from] Stealth Rock\n|turn|41\n|\n|t:|1782555886\n|switch|p2a: Ting-Lu|Ting-Lu|79/100\n|-ability|p2a: Ting-Lu|Vessel of Ruin\n|move|p1a: Dragapult|Shadow Ball|p2a: Ting-Lu\n|-resisted|p2a: Ting-Lu\n|-damage|p2a: Ting-Lu|69/100\n|-unboost|p2a: Ting-Lu|spd|1\n|\n|-heal|p2a: Ting-Lu|76/100|[from] item: Leftovers\n|upkeep\n|turn|42\n|\n|t:|1782555890\n|move|p1a: Dragapult|Shadow Ball|p2a: Ting-Lu\n|-resisted|p2a: Ting-Lu\n|-damage|p2a: Ting-Lu|59/100\n|move|p2a: Ting-Lu|Payback|p1a: Dragapult\n|-supereffective|p1a: Dragapult\n|-damage|p1a: Dragapult|0 fnt\n|faint|p1a: Dragapult\n|\n|-heal|p2a: Ting-Lu|65/100|[from] item: Leftovers\n|upkeep\n|\n|t:|1782555892\n|switch|p1a: Serperior|Serperior, F, tera:Grass|42/100\n|-damage|p1a: Serperior|30/100|[from] Stealth Rock\n|turn|43\n|\n|t:|1782555897\n|switch|p2a: Hatterene|Hatterene, F|84/100\n|move|p1a: Serperior|Leaf Storm|p2a: Hatterene|[miss]\n|-miss|p1a: Serperior|p2a: Hatterene\n|\n|upkeep\n|turn|44\n|\n|t:|1782555902\n|move|p1a: Serperior|Leaf Storm|p2a: Hatterene\n|-damage|p2a: Hatterene|7/100\n|-boost|p1a: Serperior|spa|2\n|move|p2a: Hatterene|Psychic Noise|p1a: Serperior\n|-damage|p1a: Serperior|0 fnt\n|faint|p1a: Serperior\n|\n|upkeep\n|-message|Roseofrosarade forfeited.\n|\n|win|choispecs ironmoth\n|raw|Roseofrosarade's rating: 1765 &rarr; <strong>1741</strong><br />(-24 for losing)\n|raw|choispecs ironmoth's rating: 1700 &rarr; <strong>1724</strong><br />(+24 for winning)\n|l|☆choispecs ironmoth\n|player|p2|\n|l|☆Roseofrosarade\n|player|p1|\n", "uploadtime": 1782556041, "views": 8, "formatid": "gen9ou", "rating": 1724, "private": 0, "password": null}