{"id": "gen9ou-2639189992", "format": "[Gen 9] OU", "players": ["LowEL0God", "rulou"], "log": "|j|☆LowEL0God\n|j|☆rulou\n|t:|1782431605\n|gametype|singles\n|player|p1|LowEL0God|2|1559\n|player|p2|rulou|backpacker|1680\n|gen|9\n|tier|[Gen 9] OU\n|rated|\n|rule|HP Percentage Mod: HP is shown in percentages\n|rule|Endless Battle Clause: Forcing endless battles is banned\n|rule|Species Clause: Limit one of each Pokémon\n|rule|OHKO Clause: OHKO moves are banned\n|rule|Evasion Items Clause: Evasion items are banned\n|rule|Evasion Moves Clause: Evasion moves are banned\n|rule|Evasion Abilities Clause: Evasion abilities are banned\n|rule|Sleep Moves Clause: Sleep-inducing moves are banned\n|clearpoke\n|poke|p1|Pelipper, M|\n|poke|p1|Torkoal, F|\n|poke|p1|Walking Wake|\n|poke|p1|Tyranitar, F|\n|poke|p1|Excadrill, F|\n|poke|p1|Ogerpon-Wellspring, F|\n|poke|p2|Dragonite, F|\n|poke|p2|Gholdengo|\n|poke|p2|Deoxys-Speed|\n|poke|p2|Zamazenta-*|\n|poke|p2|Great Tusk|\n|poke|p2|Iron Valiant|\n|teampreview\n|inactive|Battle timer is ON: inactive players will automatically lose when time's up. (requested by LowEL0God)\n|c|☆rulou|hf\n|c|☆rulou|triple weather is really something\n|\n|t:|1782431634\n|teamsize|p1|6\n|teamsize|p2|6\n|start\n|switch|p1a: Hurricane Spam|Pelipper, M, shiny|100/100\n|switch|p2a: Zamazenta|Zamazenta|100/100\n|-ability|p2a: Zamazenta|Dauntless Shield|boost\n|-boost|p2a: Zamazenta|def|1\n|-weather|RainDance|[from] ability: Drizzle|[of] p1a: Hurricane Spam\n|turn|1\n|\n|t:|1782431636\n|move|p2a: Zamazenta|Stone Edge|p1a: Hurricane Spam\n|-supereffective|p1a: Hurricane Spam\n|-damage|p1a: Hurricane Spam|2/100\n|move|p1a: Hurricane Spam|Weather Ball|p2a: Zamazenta\n|-damage|p2a: Zamazenta|1/100\n|\n|-weather|RainDance|[upkeep]\n|upkeep\n|turn|2\n|c|☆rulou|lmaoo\n|\n|t:|1782431648\n|move|p2a: Zamazenta|Stone Edge|p1a: Hurricane Spam\n|-supereffective|p1a: Hurricane Spam\n|-damage|p1a: Hurricane Spam|0 fnt\n|faint|p1a: Hurricane Spam\n|\n|-weather|RainDance|[upkeep]\n|upkeep\n|\n|t:|1782431648\n|switch|p1a: No Hazards for You|Excadrill, F, shiny|100/100\n|turn|3\n|\n|t:|1782431654\n|switch|p2a: Great Tusk|Great Tusk|100/100\n|move|p1a: No Hazards for You|Iron Head|p2a: Great Tusk\n|-damage|p2a: Great Tusk|56/100\n|-damage|p1a: No Hazards for You|84/100|[from] item: Rocky Helmet|[of] p2a: Great Tusk\n|\n|-weather|RainDance|[upkeep]\n|upkeep\n|turn|4\n|\n|t:|1782431660\n|switch|p1a: Ogerpon|Ogerpon-Wellspring, F|100/100\n|move|p2a: Great Tusk|Headlong Rush|p1a: Ogerpon\n|-resisted|p1a: Ogerpon\n|-damage|p1a: Ogerpon|69/100\n|-unboost|p2a: Great Tusk|def|1\n|-unboost|p2a: Great Tusk|spd|1\n|\n|-weather|RainDance|[upkeep]\n|upkeep\n|turn|5\n|\n|t:|1782431664\n|-end|p2a: Great Tusk|Protosynthesis|[silent]\n|switch|p2a: Zamazenta|Zamazenta|1/100\n|move|p1a: Ogerpon|Ivy Cudgel|p2a: Zamazenta|[anim] Ivy Cudgel Water\n|-crit|p2a: Zamazenta\n|-damage|p2a: Zamazenta|0 fnt\n|faint|p2a: Zamazenta\n|\n|-weather|none\n|upkeep\n|\n|t:|1782431668\n|switch|p2a: Deoxys|Deoxys-Speed|100/100\n|-ability|p2a: Deoxys|Pressure\n|turn|6\n|\n|t:|1782431671\n|switch|p1a: No Lando Plz|Tyranitar, F, shiny|100/100\n|-weather|Sandstorm|[from] ability: Sand Stream|[of] p1a: No Lando Plz\n|move|p2a: Deoxys|Stealth Rock|p1a: No Lando Plz\n|-sidestart|p1: LowEL0God|move: Stealth Rock\n|\n|-weather|Sandstorm|[upkeep]\n|-damage|p2a: Deoxys|94/100|[from] Sandstorm\n|upkeep\n|turn|7\n|\n|t:|1782431676\n|switch|p1a: Walking Wake|Walking Wake|100/100\n|-damage|p1a: Walking Wake|88/100|[from] Stealth Rock\n|move|p2a: Deoxys|Superpower|p1a: Walking Wake\n|-crit|p1a: Walking Wake\n|-damage|p1a: Walking Wake|39/100\n|-unboost|p2a: Deoxys|atk|1\n|-unboost|p2a: Deoxys|def|1\n|-enditem|p2a: Deoxys|Eject Pack\n|\n|t:|1782431688\n|switch|p2a: Iron Valiant|Iron Valiant|100/100\n|-enditem|p2a: Iron Valiant|Booster Energy\n|-activate|p2a: Iron Valiant|ability: Quark Drive|[fromitem]\n|-start|p2a: Iron Valiant|quarkdrivespe\n|\n|-weather|Sandstorm|[upkeep]\n|-damage|p2a: Iron Valiant|94/100|[from] Sandstorm\n|-damage|p1a: Walking Wake|33/100|[from] Sandstorm\n|upkeep\n|turn|8\n|\n|t:|1782431694\n|move|p2a: Iron Valiant|Shadow Ball|p1a: Walking Wake\n|-damage|p1a: Walking Wake|4/100\n|move|p1a: Walking Wake|Hydro Steam|p2a: Iron Valiant\n|-damage|p2a: Iron Valiant|0 fnt\n|faint|p2a: Iron Valiant\n|-end|p2a: Iron Valiant|Quark Drive|[silent]\n|\n|-weather|Sandstorm|[upkeep]\n|-damage|p1a: Walking Wake|0 fnt|[from] Sandstorm\n|faint|p1a: Walking Wake\n|-end|p1a: Walking Wake|Protosynthesis|[silent]\n|upkeep\n|inactive|rulou has 120 seconds left.\n|inactive|rulou has 90 seconds left.\n|\n|t:|1782431763\n|switch|p2a: Gholdengo|Gholdengo|100/100\n|switch|p1a: No Hazards for You|Excadrill, F, shiny|84/100\n|-damage|p1a: No Hazards for You|81/100|[from] Stealth Rock\n|-item|p2a: Gholdengo|Air Balloon\n|turn|9\n|inactive|rulou has 90 seconds left.\n|\n|t:|1782431769\n|move|p1a: No Hazards for You|Iron Head|p2a: Gholdengo\n|-resisted|p2a: Gholdengo\n|-damage|p2a: Gholdengo|75/100\n|-enditem|p2a: Gholdengo|Air Balloon\n|move|p2a: Gholdengo|Hex|p1a: No Hazards for You\n|-damage|p1a: No Hazards for You|40/100\n|\n|-weather|Sandstorm|[upkeep]\n|upkeep\n|turn|10\n|inactive|rulou has 90 seconds left.\n|\n|t:|1782431780\n|switch|p2a: Dragonite|Dragonite, F|100/100\n|move|p1a: No Hazards for You|Iron Head|p2a: Dragonite\n|-damage|p2a: Dragonite|60/100\n|\n|-weather|none\n|upkeep\n|turn|11\n|\n|t:|1782431786\n|move|p1a: No Hazards for You|Iron Head|p2a: Dragonite\n|-damage|p2a: Dragonite|0 fnt\n|faint|p2a: Dragonite\n|\n|upkeep\n|c|☆rulou|oh ur banded\n|inactive|rulou has 90 seconds left.\n|\n|t:|1782431798\n|switch|p2a: Deoxys|Deoxys-Speed|94/100\n|-ability|p2a: Deoxys|Pressure\n|turn|12\n|\n|t:|1782431804\n|move|p2a: Deoxys|Spikes|p1a: No Hazards for You\n|-sidestart|p1: LowEL0God|Spikes\n|move|p1a: No Hazards for You|Iron Head|p2a: Deoxys\n|-damage|p2a: Deoxys|6/100\n|\n|upkeep\n|turn|13\n|\n|t:|1782431811\n|move|p2a: Deoxys|Superpower|p1a: No Hazards for You\n|-supereffective|p1a: No Hazards for You\n|-damage|p1a: No Hazards for You|0 fnt\n|-unboost|p2a: Deoxys|atk|1\n|-unboost|p2a: Deoxys|def|1\n|faint|p1a: No Hazards for You\n|\n|upkeep\n|\n|t:|1782431812\n|switch|p1a: No Lando Plz|Tyranitar, F, shiny|100/100\n|-weather|Sandstorm|[from] ability: Sand Stream|[of] p1a: No Lando Plz\n|turn|14\n|\n|t:|1782431814\n|move|p2a: Deoxys|Spikes|p1a: No Lando Plz\n|-sidestart|p1: LowEL0God|Spikes\n|move|p1a: No Lando Plz|Stealth Rock|p2a: Deoxys\n|-sidestart|p2: rulou|move: Stealth Rock\n|\n|-weather|Sandstorm|[upkeep]\n|-damage|p2a: Deoxys|0 fnt|[from] Sandstorm\n|faint|p2a: Deoxys\n|upkeep\n|\n|t:|1782431819\n|switch|p2a: Great Tusk|Great Tusk|56/100\n|-damage|p2a: Great Tusk|53/100|[from] Stealth Rock\n|turn|15\n|\n|t:|1782431828\n|move|p2a: Great Tusk|Rapid Spin|p1a: No Lando Plz\n|-resisted|p1a: No Lando Plz\n|-damage|p1a: No Lando Plz|95/100\n|-boost|p2a: Great Tusk|spe|1\n|-sideend|p2: rulou|Stealth Rock|[from] move: Rapid Spin|[of] p2a: Great Tusk\n|move|p1a: No Lando Plz|Ice Beam|p2a: Great Tusk\n|-supereffective|p2a: Great Tusk\n|-damage|p2a: Great Tusk|3/100\n|-status|p2a: Great Tusk|frz\n|\n|-weather|Sandstorm|[upkeep]\n|upkeep\n|turn|16\n|\n|t:|1782431836\n|cant|p2a: Great Tusk|frz\n|move|p1a: No Lando Plz|Stone Edge|p2a: Great Tusk\n|-resisted|p2a: Great Tusk\n|-damage|p2a: Great Tusk|0 fnt\n|faint|p2a: Great Tusk\n|-end|p2a: Great Tusk|Protosynthesis|[silent]\n|\n|-weather|Sandstorm|[upkeep]\n|upkeep\n|\n|t:|1782431840\n|switch|p2a: Gholdengo|Gholdengo|75/100\n|turn|17\n|\n|t:|1782431856\n|-terastallize|p2a: Gholdengo|Fairy\n|move|p2a: Gholdengo|Thunder Wave|p1a: No Lando Plz\n|-status|p1a: No Lando Plz|par\n|move|p1a: No Lando Plz|Stone Edge|p2a: Gholdengo|[miss]\n|-miss|p1a: No Lando Plz|p2a: Gholdengo\n|\n|-weather|Sandstorm|[upkeep]\n|-damage|p2a: Gholdengo|69/100|[from] Sandstorm\n|upkeep\n|turn|18\n|\n|t:|1782431862\n|move|p2a: Gholdengo|Hex|p1a: No Lando Plz\n|-resisted|p1a: No Lando Plz\n|-damage|p1a: No Lando Plz|82/100 par\n|move|p1a: No Lando Plz|Ice Beam|p2a: Gholdengo\n|-damage|p2a: Gholdengo|50/100\n|\n|-weather|none\n|upkeep\n|turn|19\n|\n|t:|1782431868\n|move|p2a: Gholdengo|Recover|p2a: Gholdengo\n|-heal|p2a: Gholdengo|99/100\n|cant|p1a: No Lando Plz|par\n|\n|upkeep\n|turn|20\n|\n|t:|1782431870\n|move|p2a: Gholdengo|Hex|p1a: No Lando Plz\n|-resisted|p1a: No Lando Plz\n|-damage|p1a: No Lando Plz|65/100 par\n|cant|p1a: No Lando Plz|par\n|\n|upkeep\n|turn|21\n|\n|t:|1782431872\n|move|p2a: Gholdengo|Hex|p1a: No Lando Plz\n|-resisted|p1a: No Lando Plz\n|-damage|p1a: No Lando Plz|47/100 par\n|move|p1a: No Lando Plz|Ice Beam|p2a: Gholdengo\n|-damage|p2a: Gholdengo|82/100\n|\n|upkeep\n|turn|22\n|\n|t:|1782431875\n|move|p2a: Gholdengo|Hex|p1a: No Lando Plz\n|-resisted|p1a: No Lando Plz\n|-damage|p1a: No Lando Plz|31/100 par\n|move|p1a: No Lando Plz|Ice Beam|p2a: Gholdengo\n|-damage|p2a: Gholdengo|62/100\n|\n|upkeep\n|turn|23\n|\n|t:|1782431878\n|move|p2a: Gholdengo|Hex|p1a: No Lando Plz\n|-resisted|p1a: No Lando Plz\n|-damage|p1a: No Lando Plz|13/100 par\n|move|p1a: No Lando Plz|Stone Edge|p2a: Gholdengo|[miss]\n|-miss|p1a: No Lando Plz|p2a: Gholdengo\n|\n|upkeep\n|turn|24\n|\n|t:|1782431880\n|move|p2a: Gholdengo|Hex|p1a: No Lando Plz\n|-resisted|p1a: No Lando Plz\n|-damage|p1a: No Lando Plz|0 fnt\n|faint|p1a: No Lando Plz\n|\n|upkeep\n|\n|t:|1782431881\n|switch|p1a: Ogerpon|Ogerpon-Wellspring, F|69/100\n|-damage|p1a: Ogerpon|57/100|[from] Stealth Rock\n|-damage|p1a: Ogerpon|40/100|[from] Spikes\n|turn|25\n|\n|t:|1782431884\n|-terastallize|p1a: Ogerpon|Water\n|detailschange|p1a: Ogerpon|Ogerpon-Wellspring-Tera, F, tera:Water\n|-ability|p1a: Ogerpon|Embody Aspect (Wellspring)|boost\n|-boost|p1a: Ogerpon|spd|1\n|move|p1a: Ogerpon|Ivy Cudgel|p2a: Gholdengo|[anim] Ivy Cudgel Water\n|-damage|p2a: Gholdengo|10/100\n|move|p2a: Gholdengo|Thunder Wave|p1a: Ogerpon\n|-status|p1a: Ogerpon|par\n|\n|upkeep\n|turn|26\n|\n|t:|1782431893\n|move|p2a: Gholdengo|Recover|p2a: Gholdengo\n|-heal|p2a: Gholdengo|60/100\n|cant|p1a: Ogerpon|par\n|\n|upkeep\n|turn|27\n|\n|t:|1782431897\n|move|p2a: Gholdengo|Hex|p1a: Ogerpon\n|-damage|p1a: Ogerpon|0 fnt\n|faint|p1a: Ogerpon\n|detailschange|p1: Ogerpon|Ogerpon-Wellspring, F|[silent]\n|\n|upkeep\n|\n|t:|1782431898\n|switch|p1a: Torkoal|Torkoal, F|100/100\n|-damage|p1a: Torkoal|76/100|[from] Stealth Rock\n|-damage|p1a: Torkoal|59/100|[from] Spikes\n|-weather|SunnyDay|[from] ability: Drought|[of] p1a: Torkoal\n|turn|28\n|\n|t:|1782431904\n|move|p2a: Gholdengo|Thunder Wave|p1a: Torkoal\n|-status|p1a: Torkoal|par\n|move|p1a: Torkoal|Lava Plume|p2a: Gholdengo\n|-damage|p2a: Gholdengo|22/100\n|\n|-weather|SunnyDay|[upkeep]\n|upkeep\n|turn|29\n|\n|t:|1782431908\n|move|p2a: Gholdengo|Recover|p2a: Gholdengo\n|-heal|p2a: Gholdengo|72/100\n|move|p1a: Torkoal|Will-O-Wisp|p2a: Gholdengo\n|-immune|p2a: Gholdengo|[from] ability: Good as Gold\n|\n|-weather|SunnyDay|[upkeep]\n|upkeep\n|turn|30\n|\n|t:|1782431911\n|move|p2a: Gholdengo|Hex|p1a: Torkoal\n|-damage|p1a: Torkoal|0 fnt\n|faint|p1a: Torkoal\n|\n|win|rulou\n|raw|LowEL0God's rating: 1559 &rarr; <strong>1546</strong><br />(-13 for losing)\n|raw|rulou's rating: 1680 &rarr; <strong>1693</strong><br />(+13 for winning)\n", "uploadtime": 1782431914, "views": 20, "formatid": "gen9ou", "rating": 1546, "private": 0, "password": null}