{"id": "gen9ou-2647741680", "format": "[Gen 9] OU", "players": ["KarkouTheWeirdo", "ClogSir"], "log": "|j|☆KarkouTheWeirdo\n|j|☆ClogSir\n|t:|1783804825\n|gametype|singles\n|player|p1|KarkouTheWeirdo|169|1246\n|player|p2|ClogSir|lucas|1290\n|gen|9\n|tier|[Gen 9] OU\n|rated|\n|rule|HP Percentage Mod: HP is shown in percentages\n|rule|Endless Battle Clause: Forcing endless battles is banned\n|rule|Species Clause: Limit one of each Pokémon\n|rule|OHKO Clause: OHKO moves are banned\n|rule|Evasion Items Clause: Evasion items are banned\n|rule|Evasion Moves Clause: Evasion moves are banned\n|rule|Evasion Abilities Clause: Evasion abilities are banned\n|rule|Sleep Moves Clause: Sleep-inducing moves are banned\n|clearpoke\n|poke|p1|Umbreon, M|\n|poke|p1|Kommo-o, M|\n|poke|p1|Mimikyu, F|\n|poke|p1|Ursaluna, M|\n|poke|p1|Morpeko, M|\n|poke|p1|Muk-Alola, M|\n|poke|p2|Landorus-Therian, M|\n|poke|p2|Darkrai|\n|poke|p2|Hatterene, F|\n|poke|p2|Garchomp, M|\n|poke|p2|Gholdengo|\n|poke|p2|Ogerpon-Wellspring, F|\n|teampreview\n|inactive|Battle timer is ON: inactive players will automatically lose when time's up. (requested by ClogSir)\n|\n|t:|1783804831\n|teamsize|p1|6\n|teamsize|p2|6\n|start\n|switch|p1a: Ursaluna|Ursaluna, M|100/100\n|switch|p2a: Garchomp|Garchomp, M|100/100\n|turn|1\n|\n|t:|1783804834\n|move|p1a: Ursaluna|Protect|p1a: Ursaluna\n|-singleturn|p1a: Ursaluna|Protect\n|move|p2a: Garchomp|Stealth Rock|p1a: Ursaluna\n|-sidestart|p1: KarkouTheWeirdo|move: Stealth Rock\n|\n|-status|p1a: Ursaluna|brn|[from] item: Flame Orb\n|upkeep\n|turn|2\n|\n|t:|1783804841\n|move|p2a: Garchomp|Spikes|p1a: Ursaluna\n|-sidestart|p1: KarkouTheWeirdo|Spikes\n|move|p1a: Ursaluna|Facade|p2a: Garchomp\n|-damage|p2a: Garchomp|20/100\n|-damage|p1a: Ursaluna|88/100 brn|[from] ability: Rough Skin|[of] p2a: Garchomp\n|-damage|p1a: Ursaluna|71/100 brn|[from] item: Rocky Helmet|[of] p2a: Garchomp\n|\n|-damage|p1a: Ursaluna|65/100 brn|[from] brn\n|upkeep\n|turn|3\n|\n|t:|1783804850\n|switch|p2a: Landorus|Landorus-Therian, M|100/100\n|-ability|p2a: Landorus|Intimidate|boost\n|-unboost|p1a: Ursaluna|atk|1\n|move|p1a: Ursaluna|Earthquake|p2a: Landorus\n|-immune|p2a: Landorus\n|\n|-damage|p1a: Ursaluna|59/100 brn|[from] brn\n|upkeep\n|turn|4\n|\n|t:|1783804857\n|move|p2a: Landorus|Earthquake|p1a: Ursaluna\n|-damage|p1a: Ursaluna|20/100 brn\n|move|p1a: Ursaluna|Fire Punch|p2a: Landorus\n|-damage|p2a: Landorus|64/100\n|\n|-damage|p1a: Ursaluna|14/100 brn|[from] brn\n|upkeep\n|turn|5\n|\n|t:|1783804860\n|move|p2a: Landorus|Earthquake|p1a: Ursaluna\n|-damage|p1a: Ursaluna|0 fnt\n|faint|p1a: Ursaluna\n|\n|upkeep\n|\n|t:|1783804862\n|switch|p1a: Umbreon|Umbreon, M|100/100\n|-damage|p1a: Umbreon|88/100|[from] Stealth Rock\n|-damage|p1a: Umbreon|76/100|[from] Spikes\n|turn|6\n|\n|t:|1783804866\n|switch|p2a: Hatterene|Hatterene, F|100/100\n|move|p1a: Umbreon|Protect||[still]\n|-fail|p1a: Umbreon\n|\n|-heal|p1a: Umbreon|82/100|[from] item: Leftovers\n|upkeep\n|turn|7\n|\n|t:|1783804872\n|-terastallize|p1a: Umbreon|Flying\n|move|p2a: Hatterene|Draining Kiss|p1a: Umbreon\n|-damage|p1a: Umbreon|63/100\n|move|p1a: Umbreon|Roar|p2a: Hatterene\n|move|p2a: Hatterene|Roar|p1a: Umbreon|[from] ability: Magic Bounce\n|drag|p1a: Mimikyu|Mimikyu, F|100/100\n|-damage|p1a: Mimikyu|88/100|[from] Stealth Rock\n|-damage|p1a: Mimikyu|76/100|[from] Spikes\n|\n|upkeep\n|turn|8\n|\n|t:|1783804882\n|move|p2a: Hatterene|Draining Kiss|p1a: Mimikyu\n|-activate|p1a: Mimikyu|ability: Disguise\n|-damage|p1a: Mimikyu|76/100\n|detailschange|p1a: Mimikyu|Mimikyu-Busted, F\n|-damage|p1a: Mimikyu|63/100|[from] pokemon: Mimikyu-Busted\n|-enditem|p1a: Mimikyu|Red Card|[of] p2a: Hatterene\n|drag|p2a: Landorus|Landorus-Therian, M|64/100\n|-ability|p2a: Landorus|Intimidate|boost\n|-unboost|p1a: Mimikyu|atk|1\n|move|p1a: Mimikyu|Trick Room|p1a: Mimikyu\n|-fieldstart|move: Trick Room|[of] p1a: Mimikyu\n|\n|upkeep\n|turn|9\n|\n|t:|1783804887\n|move|p1a: Mimikyu|Swords Dance|p1a: Mimikyu\n|-boost|p1a: Mimikyu|atk|2\n|move|p2a: Landorus|U-turn|p1a: Mimikyu\n|-resisted|p1a: Mimikyu\n|-damage|p1a: Mimikyu|58/100\n|\n|t:|1783804892\n|switch|p2a: Gholdengo|Gholdengo|100/100|[from] U-turn\n|-item|p2a: Gholdengo|Air Balloon\n|\n|upkeep\n|turn|10\n|\n|t:|1783804898\n|move|p2a: Gholdengo|Make It Rain|p1a: Mimikyu\n|-supereffective|p1a: Mimikyu\n|-damage|p1a: Mimikyu|0 fnt\n|-unboost|p2a: Gholdengo|spa|1\n|faint|p1a: Mimikyu\n|\n|upkeep\n|\n|t:|1783804904\n|switch|p1a: Muk|Muk-Alola, M|100/100\n|-damage|p1a: Muk|88/100|[from] Stealth Rock\n|-damage|p1a: Muk|76/100|[from] Spikes\n|turn|11\n|\n|t:|1783804911\n|move|p1a: Muk|Curse|p1a: Muk\n|-unboost|p1a: Muk|spe|1\n|-boost|p1a: Muk|atk|1\n|-boost|p1a: Muk|def|1\n|move|p2a: Gholdengo|Nasty Plot|p2a: Gholdengo\n|-boost|p2a: Gholdengo|spa|2\n|\n|-heal|p1a: Muk|82/100|[from] item: Black Sludge\n|upkeep\n|turn|12\n|\n|t:|1783804918\n|move|p1a: Muk|Knock Off|p2a: Gholdengo\n|-supereffective|p2a: Gholdengo\n|-damage|p2a: Gholdengo|0 fnt\n|-enditem|p2a: Gholdengo|Air Balloon\n|faint|p2a: Gholdengo\n|\n|-heal|p1a: Muk|88/100|[from] item: Black Sludge\n|-fieldend|move: Trick Room\n|upkeep\n|\n|t:|1783804921\n|switch|p2a: Landorus|Landorus-Therian, M|64/100\n|-ability|p2a: Landorus|Intimidate|boost\n|-unboost|p1a: Muk|atk|1\n|turn|13\n|\n|t:|1783804929\n|move|p2a: Landorus|Earthquake|p1a: Muk\n|-supereffective|p1a: Muk\n|-damage|p1a: Muk|6/100\n|move|p1a: Muk|Curse|p1a: Muk\n|-unboost|p1a: Muk|spe|1\n|-boost|p1a: Muk|atk|1\n|-boost|p1a: Muk|def|1\n|\n|-heal|p1a: Muk|12/100|[from] item: Black Sludge\n|upkeep\n|turn|14\n|\n|t:|1783804932\n|move|p1a: Muk|Shadow Sneak|p2a: Landorus\n|-damage|p2a: Landorus|41/100\n|-status|p2a: Landorus|psn|[from] ability: Poison Touch|[of] p1a: Muk\n|move|p2a: Landorus|Earthquake|p1a: Muk\n|-supereffective|p1a: Muk\n|-damage|p1a: Muk|0 fnt\n|faint|p1a: Muk\n|\n|-damage|p2a: Landorus|29/100 psn|[from] psn\n|upkeep\n|\n|t:|1783804936\n|switch|p1a: Umbreon|Umbreon, M, tera:Flying|63/100\n|-damage|p1a: Umbreon|38/100|[from] Stealth Rock\n|turn|15\n|\n|t:|1783804945\n|switch|p2a: Darkrai|Darkrai|100/100\n|move|p1a: Umbreon|Protect||[still]\n|-fail|p1a: Umbreon\n|\n|-heal|p1a: Umbreon|44/100|[from] item: Leftovers\n|upkeep\n|turn|16\n|\n|t:|1783804951\n|move|p1a: Umbreon|Protect|p1a: Umbreon\n|-singleturn|p1a: Umbreon|Protect\n|move|p2a: Darkrai|Ice Beam|p1a: Umbreon\n|-activate|p1a: Umbreon|move: Protect\n|\n|-heal|p1a: Umbreon|50/100|[from] item: Leftovers\n|upkeep\n|turn|17\n|\n|t:|1783804954\n|move|p2a: Darkrai|Ice Beam|p1a: Umbreon\n|-supereffective|p1a: Umbreon\n|-damage|p1a: Umbreon|0 fnt\n|faint|p1a: Umbreon\n|\n|upkeep\n|\n|t:|1783804961\n|switch|p1a: Kommo-o|Kommo-o, M|100/100\n|-damage|p1a: Kommo-o|94/100|[from] Stealth Rock\n|-damage|p1a: Kommo-o|82/100|[from] Spikes\n|turn|18\n|\n|t:|1783804965\n|move|p2a: Darkrai|Ice Beam|p1a: Kommo-o\n|-supereffective|p1a: Kommo-o\n|-damage|p1a: Kommo-o|0 fnt\n|faint|p1a: Kommo-o\n|\n|upkeep\n|\n|t:|1783804966\n|switch|p1a: Morpeko|Morpeko, M|100/100\n|-damage|p1a: Morpeko|88/100|[from] Stealth Rock\n|-damage|p1a: Morpeko|76/100|[from] Spikes\n|turn|19\n|\n|t:|1783804967\n|move|p1a: Morpeko|Aura Wheel|p2a: Darkrai\n|-damage|p2a: Darkrai|36/100\n|-boost|p1a: Morpeko|spe|1\n|move|p2a: Darkrai|Ice Beam|p1a: Morpeko\n|-damage|p1a: Morpeko|0 fnt\n|faint|p1a: Morpeko\n|\n|win|ClogSir\n|raw|KarkouTheWeirdo's rating: 1246 &rarr; <strong>1224</strong><br />(-22 for losing)\n|raw|ClogSir's rating: 1290 &rarr; <strong>1312</strong><br />(+22 for winning)\n|l|☆ClogSir\n|player|p2|\n|c|☆KarkouTheWeirdo|niger\n|l|☆KarkouTheWeirdo\n|player|p1|\n", "uploadtime": 1783805299, "views": 13, "formatid": "gen9ou", "rating": 1224, "private": 0, "password": null}