{"id": "gen9ou-2639253971", "format": "[Gen 9] OU", "players": ["DarkSorcerer1313", "iloveyourei"], "log": "|j|☆DarkSorcerer1313\n|j|‽iloveyourei\n|t:|1782440991\n|gametype|singles\n|player|p1|DarkSorcerer1313|lance|1132\n|player|p2|iloveyourei|102|1203\n|gen|9\n|tier|[Gen 9] OU\n|rated|\n|rule|HP Percentage Mod: HP is shown in percentages\n|rule|Endless Battle Clause: Forcing endless battles is banned\n|rule|Species Clause: Limit one of each Pokémon\n|rule|OHKO Clause: OHKO moves are banned\n|rule|Evasion Items Clause: Evasion items are banned\n|rule|Evasion Moves Clause: Evasion moves are banned\n|rule|Evasion Abilities Clause: Evasion abilities are banned\n|rule|Sleep Moves Clause: Sleep-inducing moves are banned\n|clearpoke\n|poke|p1|Clodsire, F|\n|poke|p1|Dondozo, F|\n|poke|p1|Alomomola, F|\n|poke|p1|Talonflame, F|\n|poke|p1|Toxapex, F|\n|poke|p1|Blissey, F|\n|poke|p2|Pecharunt|\n|poke|p2|Darkrai|\n|poke|p2|Iron Crown|\n|poke|p2|Primarina, F|\n|poke|p2|Corviknight, F|\n|poke|p2|Great Tusk|\n|teampreview\n|inactive|Battle timer is ON: inactive players will automatically lose when time's up. (requested by iloveyourei)\n|\n|t:|1782441005\n|teamsize|p1|6\n|teamsize|p2|6\n|start\n|switch|p1a: Blissey|Blissey, F|100/100\n|switch|p2a: Great Tusk|Great Tusk|100/100\n|turn|1\n|\n|t:|1782441020\n|switch|p1a: Talonflame|Talonflame, F|100/100\n|move|p2a: Great Tusk|Stealth Rock|p1a: Talonflame\n|-sidestart|p1: DarkSorcerer1313|move: Stealth Rock\n|\n|upkeep\n|turn|2\n|\n|t:|1782441030\n|-end|p2a: Great Tusk|Protosynthesis|[silent]\n|switch|p2a: Pecharunt|Pecharunt|100/100\n|move|p1a: Talonflame|Defog|p2a: Pecharunt\n|-unboost|p2a: Pecharunt|evasion|1\n|-sideend|p1: DarkSorcerer1313|Stealth Rock|[from] move: Defog|[of] p1a: Talonflame\n|\n|upkeep\n|turn|3\n|\n|t:|1782441058\n|switch|p1a: Clodsire|Clodsire, F|100/100\n|move|p2a: Pecharunt|Parting Shot|p1a: Clodsire\n|-unboost|p1a: Clodsire|atk|1\n|-unboost|p1a: Clodsire|spa|1\n|inactive|iloveyourei has 120 seconds left.\n|\n|t:|1782441089\n|switch|p2a: Great Tusk|Great Tusk|100/100|[from] Parting Shot\n|\n|upkeep\n|turn|4\n|\n|t:|1782441095\n|switch|p1a: Talonflame|Talonflame, F|100/100\n|move|p2a: Great Tusk|Headlong Rush|p1a: Talonflame\n|-immune|p1a: Talonflame\n|\n|upkeep\n|turn|5\n|\n|t:|1782441105\n|-end|p2a: Great Tusk|Protosynthesis|[silent]\n|switch|p2a: Pecharunt|Pecharunt|100/100\n|move|p1a: Talonflame|Will-O-Wisp|p2a: Pecharunt\n|-status|p2a: Pecharunt|brn\n|\n|-damage|p2a: Pecharunt|94/100 brn|[from] brn\n|upkeep\n|turn|6\n|\n|t:|1782441113\n|switch|p1a: Clodsire|Clodsire, F|100/100\n|move|p2a: Pecharunt|Parting Shot|p1a: Clodsire\n|-unboost|p1a: Clodsire|atk|1\n|-unboost|p1a: Clodsire|spa|1\n|\n|t:|1782441133\n|switch|p2a: Primarina|Primarina, F|100/100|[from] Parting Shot\n|\n|upkeep\n|turn|7\n|\n|t:|1782441162\n|switch|p1a: Blissey|Blissey, F|100/100\n|move|p2a: Primarina|Psychic Noise|p1a: Blissey\n|-damage|p1a: Blissey|90/100\n|-start|p1a: Blissey|move: Heal Block\n|\n|upkeep\n|turn|8\n|\n|t:|1782441171\n|move|p2a: Primarina|Flip Turn|p1a: Blissey\n|-damage|p1a: Blissey|62/100\n|\n|t:|1782441174\n|switch|p2a: Pecharunt|Pecharunt|94/100 brn|[from] Flip Turn\n|move|p1a: Blissey|Stealth Rock|p2a: Pecharunt\n|-sidestart|p2: iloveyourei|move: Stealth Rock\n|\n|-damage|p2a: Pecharunt|88/100 brn|[from] brn\n|-end|p1a: Blissey|move: Heal Block\n|upkeep\n|turn|9\n|\n|t:|1782441185\n|move|p2a: Pecharunt|Parting Shot|p1a: Blissey\n|-unboost|p1a: Blissey|atk|1\n|-unboost|p1a: Blissey|spa|1\n|\n|t:|1782441189\n|switch|p2a: Corviknight|Corviknight, F|100/100|[from] Parting Shot\n|-damage|p2a: Corviknight|88/100|[from] Stealth Rock\n|-ability|p2a: Corviknight|Pressure\n|move|p1a: Blissey|Soft-Boiled|p1a: Blissey\n|-heal|p1a: Blissey|100/100\n|\n|upkeep\n|turn|10\n|\n|t:|1782441212\n|switch|p1a: Alomomola|Alomomola, F|100/100\n|move|p2a: Corviknight|Defog|p1a: Alomomola\n|-unboost|p1a: Alomomola|evasion|1\n|-sideend|p2: iloveyourei|Stealth Rock|[from] move: Defog|[of] p2a: Corviknight\n|\n|upkeep\n|turn|11\n|\n|t:|1782441221\n|move|p2a: Corviknight|U-turn|p1a: Alomomola\n|-damage|p1a: Alomomola|93/100\n|\n|t:|1782441225\n|switch|p2a: Primarina|Primarina, F|100/100|[from] U-turn\n|move|p1a: Alomomola|Whirlpool|p2a: Primarina\n|-resisted|p2a: Primarina\n|-damage|p2a: Primarina|99/100\n|-activate|p2a: Primarina|move: Whirlpool|[of] p1a: Alomomola\n|\n|-damage|p2a: Primarina|86/100|[from] move: Whirlpool|[partiallytrapped]\n|upkeep\n|turn|12\n|inactive|DarkSorcerer1313 has 120 seconds left.\n|\n|t:|1782441261\n|switch|p1a: Toxapex|Toxapex, F|100/100\n|move|p2a: Primarina|Psychic Noise|p1a: Toxapex\n|-resisted|p1a: Toxapex\n|-damage|p1a: Toxapex|83/100\n|-start|p1a: Toxapex|move: Heal Block\n|\n|-end|p2a: Primarina|Whirlpool|[partiallytrapped]|[silent]\n|upkeep\n|turn|13\n|inactive|DarkSorcerer1313 has 120 seconds left.\n|\n|t:|1782441272\n|switch|p2a: Pecharunt|Pecharunt|88/100 brn\n|move|p1a: Toxapex|Toxic||[still]\n|-fail|p1a: Toxapex\n|\n|-damage|p2a: Pecharunt|82/100 brn|[from] brn\n|-end|p1a: Toxapex|move: Heal Block\n|upkeep\n|turn|14\n|inactive|DarkSorcerer1313 has 120 seconds left.\n|\n|t:|1782441283\n|switch|p1a: Clodsire|Clodsire, F|100/100\n|move|p2a: Pecharunt|Parting Shot|p1a: Clodsire\n|-unboost|p1a: Clodsire|atk|1\n|-unboost|p1a: Clodsire|spa|1\n|\n|t:|1782441288\n|switch|p2a: Darkrai|Darkrai|100/100|[from] Parting Shot\n|\n|upkeep\n|turn|15\n|\n|t:|1782441302\n|-terastallize|p2a: Darkrai|Dark\n|move|p2a: Darkrai|Knock Off|p1a: Clodsire\n|-damage|p1a: Clodsire|47/100\n|-enditem|p1a: Clodsire|Heavy-Duty Boots|[from] move: Knock Off|[of] p2a: Darkrai\n|move|p1a: Clodsire|Toxic|p2a: Darkrai\n|-status|p2a: Darkrai|tox\n|\n|-damage|p2a: Darkrai|94/100 tox|[from] psn\n|upkeep\n|turn|16\n|\n|t:|1782441317\n|switch|p1a: Toxapex|Toxapex, F|100/100\n|move|p2a: Darkrai|Knock Off|p1a: Toxapex\n|-damage|p1a: Toxapex|72/100\n|-enditem|p1a: Toxapex|Heavy-Duty Boots|[from] move: Knock Off|[of] p2a: Darkrai\n|\n|-damage|p2a: Darkrai|82/100 tox|[from] psn\n|upkeep\n|turn|17\n|\n|t:|1782441325\n|switch|p2a: Pecharunt|Pecharunt|82/100 brn\n|move|p1a: Toxapex|Infestation|p2a: Pecharunt\n|-resisted|p2a: Pecharunt\n|-damage|p2a: Pecharunt|82/100 brn\n|-activate|p2a: Pecharunt|move: Infestation|[of] p1a: Toxapex\n|\n|-damage|p2a: Pecharunt|76/100 brn|[from] brn\n|-damage|p2a: Pecharunt|63/100 brn|[from] move: Infestation|[partiallytrapped]\n|upkeep\n|turn|18\n|\n|t:|1782441342\n|switch|p1a: Clodsire|Clodsire, F|47/100\n|move|p2a: Pecharunt|Recover|p2a: Pecharunt\n|-heal|p2a: Pecharunt|100/100 brn\n|\n|-damage|p2a: Pecharunt|94/100 brn|[from] brn\n|-end|p2a: Pecharunt|Infestation|[partiallytrapped]|[silent]\n|upkeep\n|turn|19\n|\n|t:|1782441351\n|move|p2a: Pecharunt|Parting Shot|p1a: Clodsire\n|-unboost|p1a: Clodsire|atk|1\n|-unboost|p1a: Clodsire|spa|1\n|\n|t:|1782441360\n|switch|p2a: Primarina|Primarina, F|86/100|[from] Parting Shot\n|move|p1a: Clodsire|Recover|p1a: Clodsire\n|-heal|p1a: Clodsire|97/100\n|\n|upkeep\n|turn|20\n|\n|t:|1782441375\n|switch|p1a: Toxapex|Toxapex, F|100/100\n|move|p2a: Primarina|Psychic Noise|p1a: Toxapex\n|-resisted|p1a: Toxapex\n|-damage|p1a: Toxapex|84/100\n|-start|p1a: Toxapex|move: Heal Block\n|\n|upkeep\n|turn|21\n|\n|t:|1782441400\n|switch|p2a: Iron Crown|Iron Crown|100/100\n|move|p1a: Toxapex|Infestation|p2a: Iron Crown\n|-damage|p2a: Iron Crown|98/100\n|-activate|p2a: Iron Crown|move: Infestation|[of] p1a: Toxapex\n|\n|-damage|p2a: Iron Crown|86/100|[from] move: Infestation|[partiallytrapped]\n|-end|p1a: Toxapex|move: Heal Block\n|upkeep\n|turn|22\n|inactive|DarkSorcerer1313 has 120 seconds left.\n|\n|t:|1782441425\n|switch|p1a: Blissey|Blissey, F|100/100\n|move|p2a: Iron Crown|Future Sight|p1a: Blissey\n|-start|p2a: Iron Crown|move: Future Sight\n|\n|-end|p2a: Iron Crown|Infestation|[partiallytrapped]|[silent]\n|upkeep\n|turn|23\n|\n|t:|1782441444\n|-end|p2a: Iron Crown|Quark Drive|[silent]\n|switch|p2a: Darkrai|Darkrai, tera:Dark|82/100 tox\n|move|p1a: Blissey|Stealth Rock|p2a: Darkrai\n|-sidestart|p2: iloveyourei|move: Stealth Rock\n|\n|-damage|p2a: Darkrai|76/100 tox|[from] psn\n|upkeep\n|turn|24\n|inactive|DarkSorcerer1313 has 120 seconds left.\n|\n|t:|1782441465\n|switch|p1a: Toxapex|Toxapex, F|100/100\n|move|p2a: Darkrai|Knock Off|p1a: Toxapex\n|-crit|p1a: Toxapex\n|-damage|p1a: Toxapex|67/100\n|\n|-end|p1a: Toxapex|move: Future Sight\n|-supereffective|p1a: Toxapex\n|-damage|p1a: Toxapex|0 fnt\n|faint|p1a: Toxapex\n|-damage|p2a: Darkrai|64/100 tox|[from] psn\n|upkeep\n|\n|t:|1782441490\n|switch|p1a: Blissey|Blissey, F|100/100\n|turn|25\n|\n|t:|1782441503\n|move|p2a: Darkrai|Knock Off|p1a: Blissey\n|-damage|p1a: Blissey|0 fnt\n|-enditem|p1a: Blissey|Heavy-Duty Boots|[from] move: Knock Off|[of] p2a: Darkrai\n|faint|p1a: Blissey\n|\n|-damage|p2a: Darkrai|46/100 tox|[from] psn\n|upkeep\n|inactive|DarkSorcerer1313 has 90 seconds left.\n|\n|t:|1782441518\n|switch|p1a: Dondozo|Dondozo, F|100/100\n|turn|26\n|\n|t:|1782441523\n|move|p2a: Darkrai|Dark Pulse|p1a: Dondozo\n|-damage|p1a: Dondozo|39/100\n|move|p1a: Dondozo|Body Press|p2a: Darkrai\n|-supereffective|p2a: Darkrai\n|-damage|p2a: Darkrai|0 fnt\n|faint|p2a: Darkrai\n|\n|upkeep\n|\n|t:|1782441544\n|switch|p2a: Primarina|Primarina, F|86/100\n|-damage|p2a: Primarina|74/100|[from] Stealth Rock\n|turn|27\n|\n|t:|1782441550\n|switch|p1a: Clodsire|Clodsire, F|97/100\n|move|p2a: Primarina|Psychic Noise|p1a: Clodsire\n|-supereffective|p1a: Clodsire\n|-damage|p1a: Clodsire|55/100\n|-start|p1a: Clodsire|move: Heal Block\n|\n|upkeep\n|turn|28\n|\n|t:|1782441568\n|-terastallize|p1a: Clodsire|Psychic\n|move|p2a: Primarina|Flip Turn|p1a: Clodsire\n|-damage|p1a: Clodsire|38/100\n|\n|t:|1782441575\n|switch|p2a: Pecharunt|Pecharunt|94/100 brn|[from] Flip Turn\n|move|p1a: Clodsire|Earthquake|p2a: Pecharunt\n|-supereffective|p2a: Pecharunt\n|-damage|p2a: Pecharunt|67/100 brn\n|\n|-damage|p2a: Pecharunt|61/100 brn|[from] brn\n|-end|p1a: Clodsire|move: Heal Block\n|upkeep\n|turn|29\n|\n|t:|1782441586\n|move|p2a: Pecharunt|Malignant Chain|p1a: Clodsire\n|-damage|p1a: Clodsire|22/100\n|-status|p1a: Clodsire|tox\n|-start|p1a: Clodsire|confusion|[from] ability: Poison Puppeteer|[of] p2a: Pecharunt\n|-activate|p1a: Clodsire|confusion\n|-damage|p1a: Clodsire|14/100 tox|[from] confusion\n|\n|-damage|p1a: Clodsire|8/100 tox|[from] psn\n|-damage|p2a: Pecharunt|55/100 brn|[from] brn\n|upkeep\n|turn|30\n|-message|DarkSorcerer1313 forfeited.\n|\n|win|iloveyourei\n|raw|DarkSorcerer1313's rating: 1132 &rarr; <strong>1112</strong><br />(-20 for losing)\n|raw|iloveyourei's rating: 1203 &rarr; <strong>1223</strong><br />(+20 for winning)\n|l|☆DarkSorcerer1313\n|player|p1|\n", "uploadtime": 1782441598, "views": 17, "formatid": "gen9ou", "rating": 1112, "private": 0, "password": null}