{"id": "gen9ou-2647679722", "format": "[Gen 9] OU", "players": ["yahirzero", "OUBotBeepBoop"], "log": "|j|☆yahirzero\n|j|☆OUBotBeepBoop\n|t:|1783795217\n|gametype|singles\n|player|p1|yahirzero|101|1069\n|player|p2|OUBotBeepBoop|102|1084\n|gen|9\n|tier|[Gen 9] OU\n|rated|\n|rule|HP Percentage Mod: HP is shown in percentages\n|rule|Endless Battle Clause: Forcing endless battles is banned\n|rule|Species Clause: Limit one of each Pokémon\n|rule|OHKO Clause: OHKO moves are banned\n|rule|Evasion Items Clause: Evasion items are banned\n|rule|Evasion Moves Clause: Evasion moves are banned\n|rule|Evasion Abilities Clause: Evasion abilities are banned\n|rule|Sleep Moves Clause: Sleep-inducing moves are banned\n|clearpoke\n|poke|p1|Iron Crown|\n|poke|p1|Suicune|\n|poke|p1|Mienfoo, F|\n|poke|p1|Cranidos, M|\n|poke|p1|Shaymin|\n|poke|p1|Hitmontop, M|\n|poke|p2|Glimmora, F|\n|poke|p2|Great Tusk|\n|poke|p2|Kingambit, M|\n|poke|p2|Dragapult, M|\n|poke|p2|Clefable, M|\n|poke|p2|Corviknight, F|\n|teampreview\n|inactive|Battle timer is ON: inactive players will automatically lose when time's up. (requested by OUBotBeepBoop)\n|\n|t:|1783795226\n|teamsize|p1|6\n|teamsize|p2|6\n|start\n|switch|p1a: Mienfoo|Mienfoo, F, shiny|100/100\n|switch|p2a: Glimmora|Glimmora, F|100/100\n|turn|1\n|\n|t:|1783795244\n|move|p2a: Glimmora|Stealth Rock|p1a: Mienfoo\n|-sidestart|p1: yahirzero|move: Stealth Rock\n|move|p1a: Mienfoo|U-turn|p2a: Glimmora\n|-resisted|p2a: Glimmora\n|-damage|p2a: Glimmora|91/100\n|-activate|p2a: Glimmora|ability: Toxic Debris\n|-sidestart|p1: yahirzero|move: Toxic Spikes\n|\n|t:|1783795252\n|switch|p1a: Suicune|Suicune|100/100|[from] U-turn\n|-damage|p1a: Suicune|88/100|[from] Stealth Rock\n|-status|p1a: Suicune|psn\n|-ability|p1a: Suicune|Pressure\n|\n|-heal|p1a: Suicune|94/100 psn|[from] item: Leftovers\n|-damage|p1a: Suicune|82/100 psn|[from] psn\n|upkeep\n|turn|2\n|\n|t:|1783795254\n|move|p2a: Glimmora|Power Gem|p1a: Suicune\n|-damage|p1a: Suicune|53/100 psn\n|move|p1a: Suicune|Scald|p2a: Glimmora\n|-supereffective|p2a: Glimmora\n|-damage|p2a: Glimmora|30/100\n|\n|-heal|p1a: Suicune|59/100 psn|[from] item: Leftovers\n|-damage|p1a: Suicune|47/100 psn|[from] psn\n|upkeep\n|turn|3\n|\n|t:|1783795260\n|switch|p2a: Dragapult|Dragapult, M|100/100\n|move|p1a: Suicune|Scald|p2a: Dragapult\n|-resisted|p2a: Dragapult\n|-damage|p2a: Dragapult|82/100\n|\n|-heal|p1a: Suicune|53/100 psn|[from] item: Leftovers\n|-damage|p1a: Suicune|41/100 psn|[from] psn\n|upkeep\n|turn|4\n|\n|t:|1783795264\n|move|p2a: Dragapult|Draco Meteor|p1a: Suicune\n|-damage|p1a: Suicune|0 fnt\n|-unboost|p2a: Dragapult|spa|2\n|faint|p1a: Suicune\n|\n|upkeep\n|\n|t:|1783795274\n|switch|p1a: Mienfoo|Mienfoo, F, shiny|100/100\n|-damage|p1a: Mienfoo|94/100|[from] Stealth Rock\n|-status|p1a: Mienfoo|psn\n|turn|5\n|\n|t:|1783795278\n|move|p2a: Dragapult|Draco Meteor|p1a: Mienfoo\n|-damage|p1a: Mienfoo|41/100 psn\n|-unboost|p2a: Dragapult|spa|2\n|move|p1a: Mienfoo|Knock Off|p2a: Dragapult\n|-supereffective|p2a: Dragapult\n|-damage|p2a: Dragapult|27/100\n|-enditem|p2a: Dragapult|Choice Specs|[from] move: Knock Off|[of] p1a: Mienfoo\n|\n|-damage|p1a: Mienfoo|29/100 psn|[from] psn\n|upkeep\n|turn|6\n|\n|t:|1783795288\n|move|p2a: Dragapult|Draco Meteor|p1a: Mienfoo\n|-damage|p1a: Mienfoo|4/100 psn\n|-unboost|p2a: Dragapult|spa|2\n|move|p1a: Mienfoo|Knock Off|p2a: Dragapult\n|-supereffective|p2a: Dragapult\n|-damage|p2a: Dragapult|0 fnt\n|faint|p2a: Dragapult\n|\n|-damage|p1a: Mienfoo|0 fnt|[from] psn\n|faint|p1a: Mienfoo\n|upkeep\n|\n|t:|1783795299\n|switch|p2a: Great Tusk|Great Tusk|100/100\n|switch|p1a: Hitmontop|Hitmontop, M, shiny|100/100\n|-ability|p1a: Hitmontop|Intimidate|boost\n|-unboost|p2a: Great Tusk|atk|1\n|turn|7\n|\n|t:|1783795304\n|move|p1a: Hitmontop|Fake Out|p2a: Great Tusk\n|-damage|p2a: Great Tusk|94/100\n|cant|p2a: Great Tusk|flinch\n|\n|upkeep\n|turn|8\n|\n|t:|1783795308\n|move|p2a: Great Tusk|Headlong Rush|p1a: Hitmontop\n|-damage|p1a: Hitmontop|62/100\n|-unboost|p2a: Great Tusk|def|1\n|-unboost|p2a: Great Tusk|spd|1\n|move|p1a: Hitmontop|Rapid Spin|p2a: Great Tusk\n|-damage|p2a: Great Tusk|80/100\n|-boost|p1a: Hitmontop|spe|1\n|-sideend|p1: yahirzero|Toxic Spikes|[from] move: Rapid Spin|[of] p1a: Hitmontop\n|-sideend|p1: yahirzero|Stealth Rock|[from] move: Rapid Spin|[of] p1a: Hitmontop\n|\n|upkeep\n|turn|9\n|\n|t:|1783795326\n|move|p2a: Great Tusk|Headlong Rush|p1a: Hitmontop\n|-damage|p1a: Hitmontop|21/100\n|-unboost|p2a: Great Tusk|def|1\n|-unboost|p2a: Great Tusk|spd|1\n|move|p1a: Hitmontop|Rapid Spin|p2a: Great Tusk\n|-damage|p2a: Great Tusk|63/100\n|-boost|p1a: Hitmontop|spe|1\n|\n|upkeep\n|turn|10\n|\n|t:|1783795335\n|move|p1a: Hitmontop|Triple Axel|p2a: Great Tusk\n|-supereffective|p2a: Great Tusk\n|-damage|p2a: Great Tusk|48/100\n|-supereffective|p2a: Great Tusk\n|-crit|p2a: Great Tusk\n|-damage|p2a: Great Tusk|9/100\n|-supereffective|p2a: Great Tusk\n|-damage|p2a: Great Tusk|0 fnt\n|faint|p2a: Great Tusk\n|-end|p2a: Great Tusk|Protosynthesis|[silent]\n|-hitcount|p2: Great Tusk|3\n|\n|upkeep\n|\n|t:|1783795335\n|switch|p2a: Kingambit|Kingambit, M|100/100\n|-activate|p2a: Kingambit|ability: Supreme Overlord\n|-start|p2a: Kingambit|fallen2|[silent]\n|turn|11\n|\n|t:|1783795347\n|move|p1a: Hitmontop|Close Combat|p2a: Kingambit\n|-supereffective|p2a: Kingambit\n|-damage|p2a: Kingambit|0 fnt\n|-unboost|p1a: Hitmontop|def|1\n|-unboost|p1a: Hitmontop|spd|1\n|faint|p2a: Kingambit\n|-end|p2a: Kingambit|fallen2|[silent]\n|\n|upkeep\n|\n|t:|1783795347\n|switch|p2a: Clefable|Clefable, M|100/100\n|turn|12\n|\n|t:|1783795357\n|move|p1a: Hitmontop|Triple Axel|p2a: Clefable\n|-damage|p2a: Clefable|97/100\n|-damage|p2a: Clefable|89/100\n|-damage|p2a: Clefable|77/100\n|-hitcount|p2a: Clefable|3\n|move|p2a: Clefable|Moonblast|p1a: Hitmontop\n|-supereffective|p1a: Hitmontop\n|-damage|p1a: Hitmontop|0 fnt\n|faint|p1a: Hitmontop\n|\n|-heal|p2a: Clefable|83/100|[from] item: Leftovers\n|upkeep\n|\n|t:|1783795371\n|switch|p1a: Cranidos|Cranidos, M, shiny|100/100\n|-ability|p1a: Cranidos|Mold Breaker\n|turn|13\n|\n|t:|1783795376\n|switch|p2a: Glimmora|Glimmora, F|30/100\n|move|p1a: Cranidos|Head Smash|p2a: Glimmora\n|-crit|p2a: Glimmora\n|-damage|p2a: Glimmora|0 fnt\n|-activate|p2a: Glimmora|ability: Toxic Debris\n|-sidestart|p1: yahirzero|move: Toxic Spikes\n|faint|p2a: Glimmora\n|-damage|p1a: Cranidos|84/100|[from] Recoil\n|\n|upkeep\n|\n|t:|1783795376\n|switch|p2a: Corviknight|Corviknight, F|100/100\n|-ability|p2a: Corviknight|Pressure\n|turn|14\n|\n|t:|1783795388\n|move|p1a: Cranidos|Head Smash|p2a: Corviknight\n|-damage|p2a: Corviknight|56/100\n|-damage|p1a: Cranidos|52/100|[from] Recoil\n|move|p2a: Corviknight|Body Press|p1a: Cranidos\n|-supereffective|p1a: Cranidos\n|-damage|p1a: Cranidos|0 fnt\n|faint|p1a: Cranidos\n|\n|-heal|p2a: Corviknight|62/100|[from] item: Leftovers\n|upkeep\n|\n|t:|1783795398\n|switch|p1a: Iron Crown|Iron Crown|100/100\n|-enditem|p1a: Iron Crown|Booster Energy\n|-activate|p1a: Iron Crown|ability: Quark Drive|[fromitem]\n|-start|p1a: Iron Crown|quarkdrivespa\n|turn|15\n|\n|t:|1783795405\n|-terastallize|p1a: Iron Crown|Fighting\n|move|p1a: Iron Crown|Calm Mind|p1a: Iron Crown\n|-boost|p1a: Iron Crown|spa|1\n|-boost|p1a: Iron Crown|spd|1\n|move|p2a: Corviknight|Roost|p2a: Corviknight\n|-heal|p2a: Corviknight|100/100\n|-singleturn|p2a: Corviknight|move: Roost\n|\n|upkeep\n|turn|16\n|\n|t:|1783795411\n|move|p1a: Iron Crown|Focus Blast|p2a: Corviknight\n|-damage|p2a: Corviknight|0 fnt\n|faint|p2a: Corviknight\n|\n|upkeep\n|\n|t:|1783795411\n|switch|p2a: Clefable|Clefable, M|83/100\n|turn|17\n|\n|t:|1783795417\n|-terastallize|p2a: Clefable|Steel\n|move|p1a: Iron Crown|Tachyon Cutter|p2a: Clefable\n|-resisted|p2a: Clefable\n|-damage|p2a: Clefable|69/100\n|-resisted|p2a: Clefable\n|-damage|p2a: Clefable|54/100\n|-hitcount|p2a: Clefable|2\n|move|p2a: Clefable|Moonblast|p1a: Iron Crown\n|-supereffective|p1a: Iron Crown\n|-damage|p1a: Iron Crown|33/100\n|\n|-heal|p2a: Clefable|60/100|[from] item: Leftovers\n|upkeep\n|turn|18\n|\n|t:|1783795419\n|move|p1a: Iron Crown|Focus Blast|p2a: Clefable\n|-supereffective|p2a: Clefable\n|-damage|p2a: Clefable|0 fnt\n|faint|p2a: Clefable\n|\n|win|yahirzero\n|raw|yahirzero's rating: 1069 &rarr; <strong>1103</strong><br />(+34 for winning)\n|raw|OUBotBeepBoop's rating: 1115 &rarr; <strong>1087</strong><br />(-28 for losing)\n|l|☆OUBotBeepBoop\n|player|p2|\n|l|☆yahirzero\n|player|p1|\n", "uploadtime": 1783795707, "views": 5, "formatid": "gen9ou", "rating": 1087, "private": 0, "password": null}