{"id": "gen9ou-2639254942", "format": "[Gen 9] OU", "players": ["Tapu Taro", "TWENNY7"], "log": "|j|☆Tapu Taro\n|j|☆TWENNY7\n|t:|1782441134\n|gametype|singles\n|player|p1|Tapu Taro|2|1361\n|player|p2|TWENNY7|hau-stance|1331\n|gen|9\n|tier|[Gen 9] OU\n|rated|\n|rule|HP Percentage Mod: HP is shown in percentages\n|rule|Endless Battle Clause: Forcing endless battles is banned\n|rule|Species Clause: Limit one of each Pokémon\n|rule|OHKO Clause: OHKO moves are banned\n|rule|Evasion Items Clause: Evasion items are banned\n|rule|Evasion Moves Clause: Evasion moves are banned\n|rule|Evasion Abilities Clause: Evasion abilities are banned\n|rule|Sleep Moves Clause: Sleep-inducing moves are banned\n|clearpoke\n|poke|p1|Ninetales-Alola, F|\n|poke|p1|Hatterene, F|\n|poke|p1|Ceruledge, M|\n|poke|p1|Kingambit, M|\n|poke|p1|Dragapult, F|\n|poke|p1|Iron Thorns|\n|poke|p2|Darkrai|\n|poke|p2|Okidogi, M|\n|poke|p2|Iron Valiant|\n|poke|p2|Tyranitar, M|\n|poke|p2|Iron Jugulis|\n|poke|p2|Dragonite, M|\n|teampreview\n|inactive|Battle timer is ON: inactive players will automatically lose when time's up. (requested by TWENNY7)\n|\n|t:|1782441148\n|teamsize|p1|6\n|teamsize|p2|6\n|start\n|switch|p1a: Dragapult|Dragapult, F|100/100\n|switch|p2a: Zzz|Darkrai|100/100\n|turn|1\n|\n|t:|1782441155\n|switch|p1a: Ninetales|Ninetales-Alola, F|100/100\n|-weather|Snowscape|[from] ability: Snow Warning|[of] p1a: Ninetales\n|move|p2a: Zzz|Dark Pulse|p1a: Ninetales\n|-resisted|p1a: Ninetales\n|-damage|p1a: Ninetales|78/100\n|\n|-weather|Snowscape|[upkeep]\n|upkeep\n|turn|2\n|\n|t:|1782441159\n|switch|p2a: CODE:red|Tyranitar, M, shiny|100/100\n|-weather|Sandstorm|[from] ability: Sand Stream|[of] p2a: CODE:red\n|move|p1a: Ninetales|Aurora Veil||[still]\n|-fail|p1a: Ninetales\n|\n|-weather|Sandstorm|[upkeep]\n|-damage|p1a: Ninetales|72/100|[from] Sandstorm\n|upkeep\n|turn|3\n|\n|t:|1782441164\n|switch|p1a: Hatterene|Hatterene, F|100/100\n|switch|p2a: Zzz|Darkrai|100/100\n|\n|-weather|Sandstorm|[upkeep]\n|-damage|p2a: Zzz|94/100|[from] Sandstorm\n|-damage|p1a: Hatterene|95/100|[from] Sandstorm\n|upkeep\n|turn|4\n|\n|t:|1782441166\n|-terastallize|p2a: Zzz|Poison\n|move|p2a: Zzz|Sludge Bomb|p1a: Hatterene\n|-supereffective|p1a: Hatterene\n|-damage|p1a: Hatterene|0 fnt\n|faint|p1a: Hatterene\n|\n|-weather|Sandstorm|[upkeep]\n|-damage|p2a: Zzz|88/100|[from] Sandstorm\n|upkeep\n|\n|t:|1782441175\n|switch|p1a: Iron Thorns|Iron Thorns|100/100\n|turn|5\n|\n|t:|1782441185\n|switch|p2a: CASPER|Okidogi, M|100/100\n|move|p1a: Iron Thorns|Dragon Dance|p1a: Iron Thorns\n|-boost|p1a: Iron Thorns|atk|1\n|-boost|p1a: Iron Thorns|spe|1\n|\n|-weather|Sandstorm|[upkeep]\n|-damage|p2a: CASPER|94/100|[from] Sandstorm\n|-heal|p2a: CASPER|100/100|[from] item: Leftovers\n|upkeep\n|turn|6\n|\n|t:|1782441193\n|move|p1a: Iron Thorns|Earthquake|p2a: CASPER\n|-supereffective|p2a: CASPER\n|-damage|p2a: CASPER|16/100\n|move|p2a: CASPER|Drain Punch|p1a: Iron Thorns\n|-supereffective|p1a: Iron Thorns\n|-damage|p1a: Iron Thorns|40/100\n|-heal|p2a: CASPER|45/100|[from] drain|[of] p1a: Iron Thorns\n|\n|-weather|none\n|-heal|p2a: CASPER|51/100|[from] item: Leftovers\n|upkeep\n|turn|7\n|\n|t:|1782441206\n|move|p1a: Iron Thorns|Earthquake|p2a: CASPER\n|-supereffective|p2a: CASPER\n|-damage|p2a: CASPER|0 fnt\n|faint|p2a: CASPER\n|\n|upkeep\n|\n|t:|1782441208\n|switch|p2a: NASTY WORKS|Iron Jugulis|100/100\n|-enditem|p2a: NASTY WORKS|Booster Energy\n|-activate|p2a: NASTY WORKS|ability: Quark Drive|[fromitem]\n|-start|p2a: NASTY WORKS|quarkdrivespe\n|turn|8\n|\n|t:|1782441219\n|-terastallize|p1a: Iron Thorns|Bug\n|move|p2a: NASTY WORKS|Earth Power|p1a: Iron Thorns\n|-resisted|p1a: Iron Thorns\n|-damage|p1a: Iron Thorns|23/100\n|move|p1a: Iron Thorns|Dragon Dance|p1a: Iron Thorns\n|-boost|p1a: Iron Thorns|atk|1\n|-boost|p1a: Iron Thorns|spe|1\n|\n|upkeep\n|turn|9\n|\n|t:|1782441226\n|move|p1a: Iron Thorns|Rock Blast|p2a: NASTY WORKS\n|-supereffective|p2a: NASTY WORKS\n|-damage|p2a: NASTY WORKS|31/100\n|-supereffective|p2a: NASTY WORKS\n|-damage|p2a: NASTY WORKS|0 fnt\n|faint|p2a: NASTY WORKS\n|-end|p2a: NASTY WORKS|Quark Drive|[silent]\n|-hitcount|p2: NASTY WORKS|2\n|\n|upkeep\n|\n|t:|1782441235\n|switch|p2a: Dragonite|Dragonite, M|100/100\n|turn|10\n|\n|t:|1782441237\n|switch|p2a: CODE:red|Tyranitar, M, shiny|100/100\n|-weather|Sandstorm|[from] ability: Sand Stream|[of] p2a: CODE:red\n|move|p1a: Iron Thorns|Rock Blast|p2a: CODE:red\n|-damage|p2a: CODE:red|78/100\n|-crit|p2a: CODE:red\n|-damage|p2a: CODE:red|49/100\n|-damage|p2a: CODE:red|29/100\n|-damage|p2a: CODE:red|9/100\n|-damage|p2a: CODE:red|0 fnt\n|faint|p2a: CODE:red\n|-hitcount|p2: CODE:red|5\n|\n|-weather|Sandstorm|[upkeep]\n|-damage|p1a: Iron Thorns|17/100|[from] Sandstorm\n|upkeep\n|\n|t:|1782441248\n|switch|p2a: Zzz|Darkrai, tera:Poison|88/100\n|turn|11\n|\n|t:|1782441252\n|move|p2a: Zzz|Sludge Bomb|p1a: Iron Thorns\n|-damage|p1a: Iron Thorns|0 fnt\n|faint|p1a: Iron Thorns\n|-end|p1a: Iron Thorns|Quark Drive|[silent]\n|\n|-weather|Sandstorm|[upkeep]\n|-damage|p2a: Zzz|82/100|[from] Sandstorm\n|upkeep\n|\n|t:|1782441260\n|switch|p1a: Kingambit|Kingambit, M|100/100\n|-activate|p1a: Kingambit|ability: Supreme Overlord\n|-start|p1a: Kingambit|fallen2|[silent]\n|turn|12\n|\n|t:|1782441263\n|switch|p2a: Dragonite|Dragonite, M|100/100\n|move|p1a: Kingambit|Iron Head|p2a: Dragonite\n|-damage|p2a: Dragonite|70/100\n|\n|-weather|Sandstorm|[upkeep]\n|-damage|p2a: Dragonite|64/100|[from] Sandstorm\n|upkeep\n|turn|13\n|\n|t:|1782441268\n|move|p2a: Dragonite|Dragon Dance|p2a: Dragonite\n|-boost|p2a: Dragonite|atk|1\n|-boost|p2a: Dragonite|spe|1\n|move|p1a: Kingambit|Kowtow Cleave|p2a: Dragonite\n|-damage|p2a: Dragonite|0 fnt\n|faint|p2a: Dragonite\n|\n|-weather|Sandstorm|[upkeep]\n|upkeep\n|\n|t:|1782441270\n|switch|p2a: RUNE 2H|Iron Valiant|100/100\n|-enditem|p2a: RUNE 2H|Booster Energy\n|-activate|p2a: RUNE 2H|ability: Quark Drive|[fromitem]\n|-start|p2a: RUNE 2H|quarkdrivespe\n|turn|14\n|\n|t:|1782441276\n|-end|p1a: Kingambit|fallen2|[silent]\n|switch|p1a: Ninetales|Ninetales-Alola, F|72/100\n|-weather|Snowscape|[from] ability: Snow Warning|[of] p1a: Ninetales\n|move|p2a: RUNE 2H|Close Combat|p1a: Ninetales\n|-damage|p1a: Ninetales|22/100\n|-unboost|p2a: RUNE 2H|def|1\n|-unboost|p2a: RUNE 2H|spd|1\n|\n|-weather|Snowscape|[upkeep]\n|upkeep\n|turn|15\n|\n|t:|1782441281\n|move|p2a: RUNE 2H|Spirit Break|p1a: Ninetales\n|-damage|p1a: Ninetales|0 fnt\n|faint|p1a: Ninetales\n|\n|-weather|Snowscape|[upkeep]\n|upkeep\n|\n|t:|1782441292\n|switch|p1a: Ceruledge|Ceruledge, M|100/100\n|turn|16\n|\n|t:|1782441296\n|move|p2a: RUNE 2H|Knock Off|p1a: Ceruledge\n|-supereffective|p1a: Ceruledge\n|-damage|p1a: Ceruledge|25/100\n|-enditem|p1a: Ceruledge|Covert Cloak|[from] move: Knock Off|[of] p2a: RUNE 2H\n|move|p1a: Ceruledge|Bitter Blade|p2a: RUNE 2H\n|-damage|p2a: RUNE 2H|25/100\n|-heal|p1a: Ceruledge|56/100|[from] drain|[of] p2a: RUNE 2H\n|\n|-weather|Snowscape|[upkeep]\n|upkeep\n|turn|17\n|\n|t:|1782441299\n|-end|p2a: RUNE 2H|Quark Drive|[silent]\n|switch|p2a: Zzz|Darkrai, tera:Poison|82/100\n|move|p1a: Ceruledge|Shadow Sneak|p2a: Zzz\n|-damage|p2a: Zzz|61/100\n|\n|-weather|Snowscape|[upkeep]\n|upkeep\n|turn|18\n|\n|t:|1782441305\n|move|p2a: Zzz|Trick|p1a: Ceruledge\n|-activate|p2a: Zzz|move: Trick|[of] p1a: Ceruledge\n|-item|p1a: Ceruledge|Choice Scarf|[from] move: Trick\n|-enditem|p2a: Zzz|Choice Scarf|[silent]|[from] move: Trick\n|move|p1a: Ceruledge|Bitter Blade|p2a: Zzz\n|-damage|p2a: Zzz|10/100\n|-heal|p1a: Ceruledge|76/100|[from] drain|[of] p2a: Zzz\n|\n|-weather|none\n|upkeep\n|turn|19\n|-message|TWENNY7 forfeited.\n|\n|win|Tapu Taro\n|raw|Tapu Taro's rating: 1361 &rarr; <strong>1379</strong><br />(+18 for winning)\n|raw|TWENNY7's rating: 1331 &rarr; <strong>1313</strong><br />(-18 for losing)\n|l|☆TWENNY7\n|player|p2|\n|l|☆Tapu Taro\n|player|p1|\n", "uploadtime": 1782441667, "views": 4, "formatid": "gen9ou", "rating": 1313, "private": 0, "password": null}