{"id": "gen9ou-2639207846", "format": "[Gen 9] OU", "players": ["drop a baby", "tuanquewang"], "log": "|badge|p1|bronze|gen9ou|100-9\n|uhtml|medal-msg|<div class=\"broadcast-blue\">Curious what those medals under the avatar are? PS now has Ladder Seasons! For more information, check out the <a href=\"https://www.smogon.com/forums/threads/3740067/\">thread on Smogon.</a></div>\n|j|☆drop a baby\n|j|☆tuanquewang\n|t:|1782434212\n|gametype|singles\n|player|p1|drop a baby|chase|1816\n|player|p2|tuanquewang|backersf|1786\n|gen|9\n|tier|[Gen 9] OU\n|rated|\n|rule|HP Percentage Mod: HP is shown in percentages\n|rule|Endless Battle Clause: Forcing endless battles is banned\n|rule|Species Clause: Limit one of each Pokémon\n|rule|OHKO Clause: OHKO moves are banned\n|rule|Evasion Items Clause: Evasion items are banned\n|rule|Evasion Moves Clause: Evasion moves are banned\n|rule|Evasion Abilities Clause: Evasion abilities are banned\n|rule|Sleep Moves Clause: Sleep-inducing moves are banned\n|clearpoke\n|poke|p1|Darkrai|\n|poke|p1|Deoxys-Speed|\n|poke|p1|Raging Bolt|\n|poke|p1|Kingambit, M|\n|poke|p1|Iron Valiant|\n|poke|p1|Great Tusk|\n|poke|p2|Slowking-Galar, M|\n|poke|p2|Hydrapple, F|\n|poke|p2|Cinderace, M|\n|poke|p2|Alomomola, F|\n|poke|p2|Mamoswine, M|\n|poke|p2|Gholdengo|\n|teampreview\n|inactive|Battle timer is ON: inactive players will automatically lose when time's up. (requested by tuanquewang)\n|c|☆drop a baby|Hf bigger bro\n|\n|t:|1782434235\n|teamsize|p1|6\n|teamsize|p2|6\n|start\n|switch|p1a: Speedy Gonzales|Deoxys-Speed, shiny|100/100\n|switch|p2a: Gholdengo|Gholdengo, shiny|100/100\n|-ability|p1a: Speedy Gonzales|Pressure\n|turn|1\n|\n|t:|1782434239\n|move|p1a: Speedy Gonzales|Stealth Rock|p2a: Gholdengo\n|-sidestart|p2: tuanquewang|move: Stealth Rock\n|move|p2a: Gholdengo|Shadow Ball|p1a: Speedy Gonzales\n|-supereffective|p1a: Speedy Gonzales\n|-damage|p1a: Speedy Gonzales|0 fnt\n|faint|p1a: Speedy Gonzales\n|\n|upkeep\n|\n|t:|1782434240\n|switch|p1a: IMU|Darkrai|100/100\n|turn|2\n|\n|t:|1782434249\n|switch|p2a: Alomomola|Alomomola, F|100/100\n|-damage|p2a: Alomomola|88/100|[from] Stealth Rock\n|move|p1a: IMU|Nasty Plot|p1a: IMU\n|-boost|p1a: IMU|spa|2\n|\n|-heal|p2a: Alomomola|94/100|[from] item: Leftovers\n|upkeep\n|turn|3\n|\n|t:|1782434253\n|move|p2a: Alomomola|Protect|p2a: Alomomola\n|-singleturn|p2a: Alomomola|Protect\n|move|p1a: IMU|Nasty Plot|p1a: IMU\n|-boost|p1a: IMU|spa|2\n|\n|-heal|p2a: Alomomola|100/100|[from] item: Leftovers\n|upkeep\n|turn|4\n|\n|t:|1782434255\n|move|p1a: IMU|Dark Pulse|p2a: Alomomola\n|-damage|p2a: Alomomola|0 fnt\n|faint|p2a: Alomomola\n|\n|upkeep\n|\n|t:|1782434257\n|switch|p2a: Gholdengo|Gholdengo, shiny|100/100\n|-damage|p2a: Gholdengo|94/100|[from] Stealth Rock\n|turn|5\n|\n|t:|1782434261\n|-terastallize|p2a: Gholdengo|Fairy\n|move|p2a: Gholdengo|Dazzling Gleam|p1a: IMU\n|-supereffective|p1a: IMU\n|-enditem|p1a: IMU|Focus Sash\n|-damage|p1a: IMU|1/100\n|move|p1a: IMU|Dark Pulse|p2a: Gholdengo\n|-resisted|p2a: Gholdengo\n|-damage|p2a: Gholdengo|14/100\n|\n|upkeep\n|turn|6\n|\n|t:|1782434269\n|move|p2a: Gholdengo|Dazzling Gleam|p1a: IMU\n|-supereffective|p1a: IMU\n|-damage|p1a: IMU|0 fnt\n|faint|p1a: IMU\n|\n|upkeep\n|\n|t:|1782434278\n|switch|p1a: Mihawk|Kingambit, M|100/100\n|-activate|p1a: Mihawk|ability: Supreme Overlord\n|-start|p1a: Mihawk|fallen2|[silent]\n|turn|7\n|\n|t:|1782434282\n|switch|p2a: Hydrapple|Hydrapple, F, shiny|100/100\n|-damage|p2a: Hydrapple|88/100|[from] Stealth Rock\n|-end|p1a: Mihawk|fallen2|[silent]\n|switch|p1a: BROTD|Great Tusk, shiny|100/100\n|-enditem|p1a: BROTD|Booster Energy\n|-activate|p1a: BROTD|ability: Protosynthesis|[fromitem]\n|-start|p1a: BROTD|protosynthesisspe\n|\n|upkeep\n|turn|8\n|j| splat__t3r\n|\n|t:|1782434287\n|move|p1a: BROTD|Bulk Up|p1a: BROTD\n|-boost|p1a: BROTD|atk|1\n|-boost|p1a: BROTD|def|1\n|move|p2a: Hydrapple|Leaf Storm|p1a: BROTD\n|-supereffective|p1a: BROTD\n|-damage|p1a: BROTD|0 fnt\n|-unboost|p2a: Hydrapple|spa|2\n|faint|p1a: BROTD\n|-end|p1a: BROTD|Protosynthesis|[silent]\n|\n|upkeep\n|\n|t:|1782434290\n|switch|p1a: 🎭|Iron Valiant, shiny|100/100\n|-enditem|p1a: 🎭|Booster Energy\n|-activate|p1a: 🎭|ability: Quark Drive|[fromitem]\n|-start|p1a: 🎭|quarkdrivespe\n|turn|9\n|\n|t:|1782434295\n|switch|p2a: Slowking|Slowking-Galar, M|100/100\n|-damage|p2a: Slowking|88/100|[from] Stealth Rock\n|move|p1a: 🎭|Calm Mind|p1a: 🎭\n|-boost|p1a: 🎭|spa|1\n|-boost|p1a: 🎭|spd|1\n|\n|-heal|p2a: Slowking|94/100|[from] item: Black Sludge\n|upkeep\n|turn|10\n|\n|t:|1782434300\n|move|p1a: 🎭|Shadow Ball|p2a: Slowking\n|-supereffective|p2a: Slowking\n|-damage|p2a: Slowking|48/100\n|move|p2a: Slowking|Psychic Noise|p1a: 🎭\n|-supereffective|p1a: 🎭\n|-damage|p1a: 🎭|29/100\n|-start|p1a: 🎭|move: Heal Block\n|\n|-heal|p2a: Slowking|55/100|[from] item: Black Sludge\n|upkeep\n|turn|11\n|\n|t:|1782434306\n|move|p1a: 🎭|Shadow Ball|p2a: Slowking\n|-supereffective|p2a: Slowking\n|-damage|p2a: Slowking|4/100\n|-unboost|p2a: Slowking|spd|1\n|move|p2a: Slowking|Psychic Noise|p1a: 🎭\n|-supereffective|p1a: 🎭\n|-damage|p1a: 🎭|0 fnt\n|faint|p1a: 🎭\n|-end|p1a: 🎭|Quark Drive|[silent]\n|\n|-heal|p2a: Slowking|10/100|[from] item: Black Sludge\n|upkeep\n|\n|t:|1782434310\n|switch|p1a: Mihawk|Kingambit, M|100/100\n|-activate|p1a: Mihawk|ability: Supreme Overlord\n|-start|p1a: Mihawk|fallen4|[silent]\n|turn|12\n|\n|t:|1782434313\n|move|p1a: Mihawk|Kowtow Cleave|p2a: Slowking\n|-supereffective|p2a: Slowking\n|-damage|p2a: Slowking|0 fnt\n|faint|p2a: Slowking\n|\n|upkeep\n|\n|t:|1782434321\n|switch|p2a: Cinderace|Cinderace, M|100/100\n|turn|13\n|\n|t:|1782434328\n|-end|p1a: Mihawk|fallen4|[silent]\n|switch|p1a: Hito no mi Model⚡️|Raging Bolt|100/100\n|-enditem|p1a: Hito no mi Model⚡️|Booster Energy\n|-activate|p1a: Hito no mi Model⚡️|ability: Protosynthesis|[fromitem]\n|-start|p1a: Hito no mi Model⚡️|protosynthesisspa\n|move|p2a: Cinderace|Pyro Ball|p1a: Hito no mi Model⚡️\n|-resisted|p1a: Hito no mi Model⚡️\n|-damage|p1a: Hito no mi Model⚡️|74/100\n|\n|upkeep\n|turn|14\n|\n|t:|1782434337\n|move|p2a: Cinderace|U-turn|p1a: Hito no mi Model⚡️\n|-start|p2a: Cinderace|typechange|Bug|[from] ability: Libero\n|-damage|p1a: Hito no mi Model⚡️|42/100\n|\n|t:|1782434342\n|switch|p2a: Gholdengo|Gholdengo, shiny, tera:Fairy|14/100|[from] U-turn\n|-damage|p2a: Gholdengo|2/100|[from] Stealth Rock\n|move|p1a: Hito no mi Model⚡️|Calm Mind|p1a: Hito no mi Model⚡️\n|-boost|p1a: Hito no mi Model⚡️|spa|1\n|-boost|p1a: Hito no mi Model⚡️|spd|1\n|\n|upkeep\n|turn|15\n|\n|t:|1782434347\n|move|p1a: Hito no mi Model⚡️|Thunderclap||[still]\n|-fail|p1a: Hito no mi Model⚡️\n|move|p2a: Gholdengo|Trick|p1a: Hito no mi Model⚡️\n|-activate|p2a: Gholdengo|move: Trick|[of] p1a: Hito no mi Model⚡️\n|-item|p1a: Hito no mi Model⚡️|Choice Scarf|[from] move: Trick\n|-enditem|p2a: Gholdengo|Choice Scarf|[silent]|[from] move: Trick\n|\n|upkeep\n|turn|16\n|\n|t:|1782434353\n|move|p1a: Hito no mi Model⚡️|Thunderbolt|p2a: Gholdengo\n|-damage|p2a: Gholdengo|0 fnt\n|faint|p2a: Gholdengo\n|\n|upkeep\n|\n|t:|1782434357\n|switch|p2a: Mamoswine|Mamoswine, M|100/100\n|-damage|p2a: Mamoswine|88/100|[from] Stealth Rock\n|turn|17\n|\n|t:|1782434359\n|move|p1a: Hito no mi Model⚡️|Thunderbolt|p2a: Mamoswine\n|-immune|p2a: Mamoswine\n|move|p2a: Mamoswine|Earthquake|p1a: Hito no mi Model⚡️\n|-supereffective|p1a: Hito no mi Model⚡️\n|-damage|p1a: Hito no mi Model⚡️|0 fnt\n|faint|p1a: Hito no mi Model⚡️\n|-end|p1a: Hito no mi Model⚡️|Protosynthesis|[silent]\n|\n|upkeep\n|\n|t:|1782434362\n|switch|p1a: Mihawk|Kingambit, M|100/100\n|-activate|p1a: Mihawk|ability: Supreme Overlord\n|-start|p1a: Mihawk|fallen5|[silent]\n|turn|18\n|\n|t:|1782434385\n|-terastallize|p1a: Mihawk|Dark\n|move|p1a: Mihawk|Sucker Punch|p2a: Mamoswine\n|-damage|p2a: Mamoswine|0 fnt\n|faint|p2a: Mamoswine\n|\n|upkeep\n|\n|t:|1782434389\n|switch|p2a: Cinderace|Cinderace, M|100/100\n|turn|19\n|\n|t:|1782434399\n|move|p2a: Cinderace|High Jump Kick|p1a: Mihawk\n|-start|p2a: Cinderace|typechange|Fighting|[from] ability: Libero\n|-supereffective|p1a: Mihawk\n|-damage|p1a: Mihawk|0 fnt\n|faint|p1a: Mihawk\n|-end|p1a: Mihawk|fallen5|[silent]\n|\n|win|tuanquewang\n|raw|drop a baby's rating: 1816 &rarr; <strong>1794</strong><br />(-22 for losing)\n|raw|tuanquewang's rating: 1786 &rarr; <strong>1808</strong><br />(+22 for winning)\n|c|☆drop a baby|Gg\n", "uploadtime": 1782434410, "views": 17, "formatid": "gen9ou", "rating": 1794, "private": 0, "password": null}