{"id": "gen9ou-2639192737", "format": "[Gen 9] OU", "players": ["Zeke Ketchum04", "sutokalol"], "log": "|j|☆Zeke Ketchum04\n|j|☆sutokalol\n|t:|1782431991\n|gametype|singles\n|player|p1|Zeke Ketchum04|hilbert-wonderlauncher|1127\n|player|p2|sutokalol|jacinthe|1161\n|gen|9\n|tier|[Gen 9] OU\n|rated|\n|rule|HP Percentage Mod: HP is shown in percentages\n|rule|Endless Battle Clause: Forcing endless battles is banned\n|rule|Species Clause: Limit one of each Pokémon\n|rule|OHKO Clause: OHKO moves are banned\n|rule|Evasion Items Clause: Evasion items are banned\n|rule|Evasion Moves Clause: Evasion moves are banned\n|rule|Evasion Abilities Clause: Evasion abilities are banned\n|rule|Sleep Moves Clause: Sleep-inducing moves are banned\n|clearpoke\n|poke|p1|Shiftry, M|\n|poke|p1|Milotic, F|\n|poke|p1|Poliwrath, M|\n|poke|p1|Skarmory, M|\n|poke|p1|Typhlosion, M|\n|poke|p1|Snorlax, M|\n|poke|p2|Iron Valiant|\n|poke|p2|Great Tusk|\n|poke|p2|Lokix, M|\n|poke|p2|Rotom-Wash|\n|poke|p2|Jirachi|\n|poke|p2|Gholdengo|\n|teampreview\n|\n|t:|1782432008\n|teamsize|p1|6\n|teamsize|p2|6\n|start\n|switch|p1a: Typhlosion|Typhlosion, M|100/100\n|switch|p2a: Great Tusk|Great Tusk|100/100\n|turn|1\n|\n|t:|1782432023\n|move|p1a: Typhlosion|Eruption|p2a: Great Tusk\n|-damage|p2a: Great Tusk|0 fnt\n|faint|p2a: Great Tusk\n|-end|p2a: Great Tusk|Protosynthesis|[silent]\n|\n|upkeep\n|\n|t:|1782432030\n|switch|p2a: Rotom|Rotom-Wash, shiny|100/100\n|turn|2\n|\n|t:|1782432047\n|switch|p1a: Shiftry|Shiftry, M, shiny|100/100\n|move|p2a: Rotom|Hydro Pump|p1a: Shiftry|[miss]\n|-miss|p2a: Rotom|p1a: Shiftry\n|\n|upkeep\n|turn|3\n|\n|t:|1782432060\n|switch|p2a: Lokix|Lokix, M|100/100\n|move|p1a: Shiftry|Sunny Day|p1a: Shiftry\n|-weather|SunnyDay\n|\n|-weather|SunnyDay|[upkeep]\n|upkeep\n|turn|4\n|\n|t:|1782432068\n|switch|p1a: Typhlosion|Typhlosion, M|100/100\n|move|p2a: Lokix|First Impression|p1a: Typhlosion\n|-resisted|p1a: Typhlosion\n|-damage|p1a: Typhlosion|10/100\n|\n|-weather|SunnyDay|[upkeep]\n|upkeep\n|turn|5\n|\n|t:|1782432079\n|switch|p2a: Rotom|Rotom-Wash, shiny|100/100\n|move|p1a: Typhlosion|Focus Blast|p2a: Rotom\n|-damage|p2a: Rotom|47/100\n|\n|-weather|SunnyDay|[upkeep]\n|-heal|p2a: Rotom|53/100|[from] item: Leftovers\n|upkeep\n|turn|6\n|\n|t:|1782432089\n|move|p1a: Typhlosion|Focus Blast|p2a: Rotom\n|-damage|p2a: Rotom|0 fnt\n|faint|p2a: Rotom\n|\n|-weather|SunnyDay|[upkeep]\n|upkeep\n|\n|t:|1782432093\n|switch|p2a: Lokix|Lokix, M|100/100\n|turn|7\n|\n|t:|1782432096\n|move|p2a: Lokix|First Impression|p1a: Typhlosion\n|-resisted|p1a: Typhlosion\n|-damage|p1a: Typhlosion|0 fnt\n|faint|p1a: Typhlosion\n|\n|-weather|none\n|upkeep\n|\n|t:|1782432117\n|switch|p1a: Shiftry|Shiftry, M, shiny|100/100\n|turn|8\n|\n|t:|1782432147\n|switch|p1a: Skarmory|Skarmory, M|100/100\n|switch|p2a: Jirachi|Jirachi|100/100\n|\n|upkeep\n|turn|9\n|\n|t:|1782432161\n|move|p1a: Skarmory|Swords Dance|p1a: Skarmory\n|-boost|p1a: Skarmory|atk|2\n|move|p2a: Jirachi|Drain Punch|p1a: Skarmory\n|-damage|p1a: Skarmory|79/100\n|\n|upkeep\n|turn|10\n|\n|t:|1782432172\n|switch|p2a: Gholdengo|Gholdengo|100/100\n|move|p1a: Skarmory|Brave Bird|p2a: Gholdengo\n|-resisted|p2a: Gholdengo\n|-damage|p2a: Gholdengo|46/100\n|-damage|p1a: Skarmory|58/100|[from] Recoil\n|\n|upkeep\n|turn|11\n|\n|t:|1782432179\n|move|p2a: Gholdengo|Thunderbolt|p1a: Skarmory\n|-supereffective|p1a: Skarmory\n|-damage|p1a: Skarmory|0 fnt\n|faint|p1a: Skarmory\n|\n|upkeep\n|inactive|Battle timer is ON: inactive players will automatically lose when time's up. (requested by Zeke Ketchum04)\n|\n|t:|1782432187\n|switch|p1a: Poliwrath|Poliwrath, M|100/100\n|turn|12\n|\n|t:|1782432191\n|move|p2a: Gholdengo|Thunderbolt|p1a: Poliwrath\n|-supereffective|p1a: Poliwrath\n|-damage|p1a: Poliwrath|42/100\n|move|p1a: Poliwrath|Waterfall|p2a: Gholdengo\n|-damage|p2a: Gholdengo|5/100\n|\n|-heal|p1a: Poliwrath|48/100|[from] item: Leftovers\n|upkeep\n|turn|13\n|\n|t:|1782432204\n|move|p2a: Gholdengo|Thunderbolt|p1a: Poliwrath\n|-supereffective|p1a: Poliwrath\n|-damage|p1a: Poliwrath|0 fnt\n|faint|p1a: Poliwrath\n|\n|upkeep\n|\n|t:|1782432209\n|switch|p1a: Shiftry|Shiftry, M, shiny|100/100\n|turn|14\n|\n|t:|1782432220\n|switch|p2a: Lokix|Lokix, M|100/100\n|move|p1a: Shiftry|Sucker Punch||[still]\n|-fail|p1a: Shiftry\n|\n|upkeep\n|turn|15\n|\n|t:|1782432232\n|switch|p1a: Milotic|Milotic, F, shiny|100/100\n|move|p2a: Lokix|U-turn|p1a: Milotic\n|-damage|p1a: Milotic|60/100\n|-damage|p2a: Lokix|84/100|[from] item: Rocky Helmet|[of] p1a: Milotic\n|-start|p2a: Lokix|Attract|[from] ability: Cute Charm|[of] p1a: Milotic\n|\n|t:|1782432239\n|switch|p2a: Gholdengo|Gholdengo|5/100|[from] U-turn\n|\n|upkeep\n|turn|16\n|\n|t:|1782432246\n|move|p2a: Gholdengo|Thunderbolt|p1a: Milotic\n|-supereffective|p1a: Milotic\n|-damage|p1a: Milotic|10/100\n|move|p1a: Milotic|Hydro Pump|p2a: Gholdengo\n|-damage|p2a: Gholdengo|0 fnt\n|faint|p2a: Gholdengo\n|\n|upkeep\n|\n|t:|1782432253\n|switch|p2a: Jirachi|Jirachi|100/100\n|turn|17\n|\n|t:|1782432265\n|move|p2a: Jirachi|Play Rough|p1a: Milotic\n|-damage|p1a: Milotic|0 fnt\n|-damage|p2a: Jirachi|84/100|[from] item: Rocky Helmet|[of] p1a: Milotic\n|faint|p1a: Milotic\n|\n|upkeep\n|\n|t:|1782432281\n|switch|p1a: Shiftry|Shiftry, M, shiny|100/100\n|turn|18\n|\n|t:|1782432287\n|move|p1a: Shiftry|Sucker Punch|p2a: Jirachi\n|-supereffective|p2a: Jirachi\n|-damage|p2a: Jirachi|28/100\n|move|p2a: Jirachi|Drain Punch|p1a: Shiftry\n|-supereffective|p1a: Shiftry\n|-damage|p1a: Shiftry|10/100\n|-heal|p2a: Jirachi|64/100|[from] drain|[of] p1a: Shiftry\n|\n|upkeep\n|turn|19\n|\n|t:|1782432295\n|move|p1a: Shiftry|Sucker Punch||[still]\n|-fail|p1a: Shiftry\n|move|p2a: Jirachi|Wish|p2a: Jirachi\n|\n|upkeep\n|turn|20\n|\n|t:|1782432302\n|move|p1a: Shiftry|Sucker Punch|p2a: Jirachi\n|-supereffective|p2a: Jirachi\n|-damage|p2a: Jirachi|15/100\n|move|p2a: Jirachi|Drain Punch|p1a: Shiftry\n|-supereffective|p1a: Shiftry\n|-damage|p1a: Shiftry|0 fnt\n|-heal|p2a: Jirachi|19/100|[from] drain|[of] p1a: Shiftry\n|faint|p1a: Shiftry\n|\n|-heal|p2a: Jirachi|69/100|[from] move: Wish|[wisher] Jirachi\n|upkeep\n|\n|t:|1782432312\n|switch|p1a: Snorlax|Snorlax, M, shiny|100/100\n|turn|21\n|\n|t:|1782432327\n|move|p2a: Jirachi|Drain Punch|p1a: Snorlax\n|-supereffective|p1a: Snorlax\n|-damage|p1a: Snorlax|65/100\n|-heal|p2a: Jirachi|92/100|[from] drain|[of] p1a: Snorlax\n|move|p1a: Snorlax|Body Slam|p2a: Jirachi\n|-resisted|p2a: Jirachi\n|-damage|p2a: Jirachi|79/100\n|\n|-heal|p1a: Snorlax|71/100|[from] item: Leftovers\n|upkeep\n|turn|22\n|\n|t:|1782432336\n|move|p2a: Jirachi|Iron Head|p1a: Snorlax\n|-damage|p1a: Snorlax|50/100\n|cant|p1a: Snorlax|flinch\n|\n|-heal|p1a: Snorlax|56/100|[from] item: Leftovers\n|upkeep\n|turn|23\n|\n|t:|1782432342\n|move|p2a: Jirachi|Iron Head|p1a: Snorlax\n|-damage|p1a: Snorlax|33/100\n|move|p1a: Snorlax|Zen Headbutt|p2a: Jirachi\n|-resisted|p2a: Jirachi\n|-damage|p2a: Jirachi|74/100\n|\n|-heal|p1a: Snorlax|39/100|[from] item: Leftovers\n|upkeep\n|turn|24\n|\n|t:|1782432349\n|-terastallize|p2a: Jirachi|Steel\n|move|p2a: Jirachi|Iron Head|p1a: Snorlax\n|-damage|p1a: Snorlax|6/100\n|cant|p1a: Snorlax|flinch\n|\n|-heal|p1a: Snorlax|12/100|[from] item: Leftovers\n|upkeep\n|turn|25\n|\n|t:|1782432356\n|move|p2a: Jirachi|Play Rough|p1a: Snorlax\n|-damage|p1a: Snorlax|0 fnt\n|faint|p1a: Snorlax\n|\n|win|sutokalol\n|raw|Zeke Ketchum04's rating: 1127 &rarr; <strong>1104</strong><br />(-23 for losing)\n|raw|sutokalol's rating: 1161 &rarr; <strong>1184</strong><br />(+23 for winning)\n|c|☆Zeke Ketchum04|gg\n|l|☆sutokalol\n|player|p2|\n|l|☆Zeke Ketchum04\n|player|p1|\n", "uploadtime": 1782432691, "views": 5, "formatid": "gen9ou", "rating": 1104, "private": 0, "password": null}