{"id": "gen9ou-2639252078", "format": "[Gen 9] OU", "players": ["hillbilly z", "i sell weed-le"], "log": "|j|☆hillbilly z\n|j|☆i sell weed-le\n|t:|1782440717\n|gametype|singles\n|player|p1|hillbilly z|265|1689\n|player|p2|i sell weed-le|2|1608\n|gen|9\n|tier|[Gen 9] OU\n|rated|\n|rule|HP Percentage Mod: HP is shown in percentages\n|rule|Endless Battle Clause: Forcing endless battles is banned\n|rule|Species Clause: Limit one of each Pokémon\n|rule|OHKO Clause: OHKO moves are banned\n|rule|Evasion Items Clause: Evasion items are banned\n|rule|Evasion Moves Clause: Evasion moves are banned\n|rule|Evasion Abilities Clause: Evasion abilities are banned\n|rule|Sleep Moves Clause: Sleep-inducing moves are banned\n|clearpoke\n|poke|p1|Torkoal, F|\n|poke|p1|Scovillain, M|\n|poke|p1|Walking Wake|\n|poke|p1|Hatterene, F|\n|poke|p1|Great Tusk|\n|poke|p1|Ceruledge, F|\n|poke|p2|Pecharunt|\n|poke|p2|Great Tusk|\n|poke|p2|Alomomola, F|\n|poke|p2|Slowking-Galar, M|\n|poke|p2|Iron Valiant|\n|poke|p2|Deoxys-Speed|\n|teampreview\n|inactive|Battle timer is ON: inactive players will automatically lose when time's up. (requested by i sell weed-le)\n|j| maximilk\n|\n|t:|1782440735\n|teamsize|p1|6\n|teamsize|p2|6\n|start\n|switch|p1a: Torkoal|Torkoal, F|100/100\n|switch|p2a: Slowking|Slowking-Galar, M|100/100\n|-weather|SunnyDay|[from] ability: Drought|[of] p1a: Torkoal\n|turn|1\n|\n|t:|1782440740\n|move|p1a: Torkoal|Stealth Rock|p2a: Slowking\n|-sidestart|p2: i sell weed-le|move: Stealth Rock\n|-prepare|p2a: Slowking|Chilly Reception|[premajor]\n|move|p2a: Slowking|Chilly Reception|p2a: Slowking\n|-weather|Snowscape\n|\n|t:|1782440742\n|switch|p2a: Great Tusk|Great Tusk|100/100|[from] Chilly Reception\n|\n|-weather|Snowscape|[upkeep]\n|upkeep\n|turn|2\n|\n|t:|1782440747\n|switch|p1a: Don|Great Tusk|100/100\n|move|p2a: Great Tusk|Rapid Spin|p1a: Don\n|-damage|p1a: Don|89/100\n|-boost|p2a: Great Tusk|spe|1\n|-damage|p2a: Great Tusk|84/100|[from] item: Rocky Helmet|[of] p1a: Don\n|-sideend|p2: i sell weed-le|Stealth Rock|[from] move: Rapid Spin|[of] p2a: Great Tusk\n|\n|-weather|Snowscape|[upkeep]\n|upkeep\n|turn|3\n|\n|t:|1782440753\n|move|p2a: Great Tusk|Stealth Rock|p1a: Don\n|-sidestart|p1: hillbilly z|move: Stealth Rock\n|move|p1a: Don|Headlong Rush|p2a: Great Tusk\n|-damage|p2a: Great Tusk|38/100\n|-unboost|p1a: Don|def|1\n|-unboost|p1a: Don|spd|1\n|\n|-weather|Snowscape|[upkeep]\n|upkeep\n|turn|4\n|\n|t:|1782440766\n|move|p2a: Great Tusk|Headlong Rush|p1a: Don\n|-damage|p1a: Don|19/100\n|-unboost|p2a: Great Tusk|def|1\n|-unboost|p2a: Great Tusk|spd|1\n|-damage|p2a: Great Tusk|22/100|[from] item: Rocky Helmet|[of] p1a: Don\n|move|p1a: Don|Rapid Spin|p2a: Great Tusk\n|-damage|p2a: Great Tusk|1/100\n|-boost|p1a: Don|spe|1\n|-sideend|p1: hillbilly z|Stealth Rock|[from] move: Rapid Spin|[of] p1a: Don\n|\n|-weather|Snowscape|[upkeep]\n|upkeep\n|turn|5\n|\n|t:|1782440778\n|move|p1a: Don|Rapid Spin|p2a: Great Tusk\n|-damage|p2a: Great Tusk|0 fnt\n|-boost|p1a: Don|spe|1\n|faint|p2a: Great Tusk\n|-end|p2a: Great Tusk|Protosynthesis|[silent]\n|\n|-weather|none\n|upkeep\n|\n|t:|1782440781\n|switch|p2a: Alomomola|Alomomola, F|100/100\n|turn|6\n|\n|t:|1782440786\n|-end|p1a: Don|Protosynthesis|[silent]\n|switch|p1a: Walking Wake|Walking Wake|100/100\n|move|p2a: Alomomola|Flip Turn|p1a: Walking Wake\n|-resisted|p1a: Walking Wake\n|-damage|p1a: Walking Wake|96/100\n|\n|t:|1782440790\n|switch|p2a: Deoxys|Deoxys-Speed|100/100|[from] Flip Turn\n|-ability|p2a: Deoxys|Pressure\n|\n|upkeep\n|turn|7\n|\n|t:|1782440794\n|switch|p2a: Slowking|Slowking-Galar, M|100/100\n|move|p1a: Walking Wake|Draco Meteor|p2a: Slowking\n|-damage|p2a: Slowking|40/100\n|-unboost|p1a: Walking Wake|spa|2\n|\n|upkeep\n|turn|8\n|\n|t:|1782440800\n|switch|p2a: Deoxys|Deoxys-Speed|100/100\n|-ability|p2a: Deoxys|Pressure\n|move|p1a: Walking Wake|Draco Meteor|p2a: Deoxys\n|-damage|p2a: Deoxys|17/100\n|-unboost|p1a: Walking Wake|spa|2\n|\n|upkeep\n|turn|9\n|\n|t:|1782440804\n|switch|p2a: Alomomola|Alomomola, F|100/100\n|-end|p1a: Walking Wake|Protosynthesis|[silent]\n|switch|p1a: Hatterene|Hatterene, F|100/100\n|\n|upkeep\n|turn|10\n|\n|t:|1782440811\n|switch|p1a: Torkoal|Torkoal, F|100/100\n|-weather|SunnyDay|[from] ability: Drought|[of] p1a: Torkoal\n|move|p2a: Alomomola|Wish|p2a: Alomomola\n|\n|-weather|SunnyDay|[upkeep]\n|upkeep\n|turn|11\n|\n|t:|1782440816\n|move|p2a: Alomomola|Flip Turn|p1a: Torkoal\n|-supereffective|p1a: Torkoal\n|-damage|p1a: Torkoal|88/100\n|\n|t:|1782440819\n|switch|p2a: Slowking|Slowking-Galar, M|73/100|[from] Flip Turn\n|move|p1a: Torkoal|Stealth Rock|p2a: Slowking\n|-sidestart|p2: i sell weed-le|move: Stealth Rock\n|\n|-weather|SunnyDay|[upkeep]\n|-heal|p2a: Slowking|100/100|[from] move: Wish|[wisher] Alomomola\n|upkeep\n|turn|12\n|\n|t:|1782440826\n|switch|p1a: Hatterene|Hatterene, F|100/100\n|-prepare|p2a: Slowking|Chilly Reception|[premajor]\n|move|p2a: Slowking|Chilly Reception|p2a: Slowking\n|-weather|Snowscape\n|\n|t:|1782440828\n|switch|p2a: Alomomola|Alomomola, F|100/100|[from] Chilly Reception\n|-damage|p2a: Alomomola|88/100|[from] Stealth Rock\n|\n|-weather|Snowscape|[upkeep]\n|upkeep\n|turn|13\n|\n|t:|1782440831\n|move|p2a: Alomomola|Wish|p2a: Alomomola\n|move|p1a: Hatterene|Psyshock|p2a: Alomomola\n|-damage|p2a: Alomomola|67/100\n|\n|-weather|Snowscape|[upkeep]\n|upkeep\n|turn|14\n|\n|t:|1782440836\n|move|p2a: Alomomola|Scald|p1a: Hatterene\n|-damage|p1a: Hatterene|88/100\n|-enditem|p1a: Hatterene|Eject Button\n|\n|t:|1782440839\n|switch|p1a: Torkoal|Torkoal, F|88/100\n|-weather|SunnyDay|[from] ability: Drought|[of] p1a: Torkoal\n|\n|-weather|SunnyDay|[upkeep]\n|-heal|p2a: Alomomola|100/100|[from] move: Wish|[wisher] Alomomola\n|upkeep\n|turn|15\n|\n|t:|1782440843\n|switch|p1a: Walking Wake|Walking Wake|96/100\n|-activate|p1a: Walking Wake|ability: Protosynthesis\n|-start|p1a: Walking Wake|protosynthesisspa\n|move|p2a: Alomomola|Flip Turn|p1a: Walking Wake\n|-resisted|p1a: Walking Wake\n|-damage|p1a: Walking Wake|94/100\n|\n|t:|1782440846\n|switch|p2a: Slowking|Slowking-Galar, M|100/100|[from] Flip Turn\n|\n|-weather|SunnyDay|[upkeep]\n|upkeep\n|turn|16\n|\n|t:|1782440850\n|move|p1a: Walking Wake|Draco Meteor|p2a: Slowking\n|-damage|p2a: Slowking|20/100\n|-unboost|p1a: Walking Wake|spa|2\n|-prepare|p2a: Slowking|Chilly Reception|[premajor]\n|move|p2a: Slowking|Chilly Reception|p2a: Slowking\n|-weather|Snowscape\n|-end|p1a: Walking Wake|Protosynthesis\n|\n|t:|1782440854\n|switch|p2a: Alomomola|Alomomola, F|100/100|[from] Chilly Reception\n|-damage|p2a: Alomomola|88/100|[from] Stealth Rock\n|\n|-weather|Snowscape|[upkeep]\n|upkeep\n|turn|17\n|\n|t:|1782440857\n|-end|p1a: Walking Wake|Protosynthesis|[silent]\n|switch|p1a: Torkoal|Torkoal, F|88/100\n|-weather|SunnyDay|[from] ability: Drought|[of] p1a: Torkoal\n|move|p2a: Alomomola|Wish|p2a: Alomomola\n|\n|-weather|SunnyDay|[upkeep]\n|upkeep\n|turn|18\n|\n|t:|1782440858\n|switch|p1a: Walking Wake|Walking Wake|94/100\n|-activate|p1a: Walking Wake|ability: Protosynthesis\n|-start|p1a: Walking Wake|protosynthesisspa\n|move|p2a: Alomomola|Flip Turn|p1a: Walking Wake\n|-resisted|p1a: Walking Wake\n|-damage|p1a: Walking Wake|92/100\n|inactive|i sell weed-le has 120 seconds left.\n|inactive|i sell weed-le has 90 seconds left.\n|\n|t:|1782440925\n|switch|p2a: Deoxys|Deoxys-Speed|17/100|[from] Flip Turn\n|-damage|p2a: Deoxys|4/100|[from] Stealth Rock\n|-ability|p2a: Deoxys|Pressure\n|\n|-weather|SunnyDay|[upkeep]\n|-heal|p2a: Deoxys|100/100|[from] move: Wish|[wisher] Alomomola\n|upkeep\n|turn|19\n|\n|t:|1782440935\n|-end|p1a: Walking Wake|Protosynthesis|[silent]\n|switch|p1a: Hatterene|Hatterene, F|88/100\n|move|p2a: Deoxys|Psycho Boost|p1a: Hatterene\n|-resisted|p1a: Hatterene\n|-damage|p1a: Hatterene|50/100\n|-unboost|p2a: Deoxys|spa|2\n|-damage|p2a: Deoxys|91/100|[from] item: Life Orb\n|\n|-weather|SunnyDay|[upkeep]\n|upkeep\n|turn|20\n|\n|t:|1782440944\n|switch|p2a: Alomomola|Alomomola, F|100/100\n|-damage|p2a: Alomomola|88/100|[from] Stealth Rock\n|move|p1a: Hatterene|Draining Kiss|p2a: Alomomola\n|-damage|p2a: Alomomola|64/100\n|-heal|p1a: Hatterene|80/100|[from] drain|[of] p2a: Alomomola\n|-damage|p1a: Hatterene|63/100|[from] item: Rocky Helmet|[of] p2a: Alomomola\n|\n|-weather|SunnyDay|[upkeep]\n|upkeep\n|turn|21\n|\n|t:|1782440949\n|move|p2a: Alomomola|Wish|p2a: Alomomola\n|move|p1a: Hatterene|Draining Kiss|p2a: Alomomola\n|-damage|p2a: Alomomola|39/100\n|-heal|p1a: Hatterene|95/100|[from] drain|[of] p2a: Alomomola\n|-damage|p1a: Hatterene|78/100|[from] item: Rocky Helmet|[of] p2a: Alomomola\n|\n|-weather|SunnyDay|[upkeep]\n|upkeep\n|turn|22\n|\n|t:|1782440953\n|switch|p1a: Walking Wake|Walking Wake|92/100\n|-activate|p1a: Walking Wake|ability: Protosynthesis\n|-start|p1a: Walking Wake|protosynthesisspa\n|move|p2a: Alomomola|Protect||[still]\n|-fail|p2a: Alomomola\n|\n|-weather|SunnyDay|[upkeep]\n|-heal|p2a: Alomomola|89/100|[from] move: Wish|[wisher] Alomomola\n|upkeep\n|turn|23\n|\n|t:|1782440958\n|move|p2a: Alomomola|Protect|p2a: Alomomola\n|-singleturn|p2a: Alomomola|Protect\n|move|p1a: Walking Wake|Draco Meteor|p2a: Alomomola\n|-activate|p2a: Alomomola|move: Protect\n|\n|-weather|SunnyDay|[upkeep]\n|upkeep\n|turn|24\n|\n|t:|1782440964\n|-end|p1a: Walking Wake|Protosynthesis|[silent]\n|switch|p1a: Ceruledge|Ceruledge, F|100/100\n|switch|p2a: Iron Valiant|Iron Valiant|100/100\n|-damage|p2a: Iron Valiant|94/100|[from] Stealth Rock\n|-enditem|p2a: Iron Valiant|Booster Energy\n|-activate|p2a: Iron Valiant|ability: Quark Drive|[fromitem]\n|-start|p2a: Iron Valiant|quarkdrivespe\n|\n|-weather|none\n|upkeep\n|turn|25\n|\n|t:|1782440968\n|move|p2a: Iron Valiant|Moonblast|p1a: Ceruledge\n|-resisted|p1a: Ceruledge\n|-damage|p1a: Ceruledge|80/100\n|-unboost|p1a: Ceruledge|spa|1\n|move|p1a: Ceruledge|Bitter Blade|p2a: Iron Valiant\n|-damage|p2a: Iron Valiant|29/100\n|-heal|p1a: Ceruledge|100/100|[from] drain|[of] p2a: Iron Valiant\n|\n|upkeep\n|turn|26\n|\n|t:|1782440976\n|-end|p2a: Iron Valiant|Quark Drive|[silent]\n|switch|p2a: Alomomola|Alomomola, F|100/100\n|-damage|p2a: Alomomola|88/100|[from] Stealth Rock\n|move|p1a: Ceruledge|Shadow Sneak|p2a: Alomomola\n|-damage|p2a: Alomomola|76/100\n|-damage|p1a: Ceruledge|84/100|[from] item: Rocky Helmet|[of] p2a: Alomomola\n|\n|upkeep\n|turn|27\n|\n|t:|1782440984\n|switch|p1a: Torkoal|Torkoal, F|88/100\n|-weather|SunnyDay|[from] ability: Drought|[of] p1a: Torkoal\n|move|p2a: Alomomola|Wish|p2a: Alomomola\n|\n|-weather|SunnyDay|[upkeep]\n|upkeep\n|turn|28\n|\n|t:|1782440988\n|switch|p1a: Scovillain|Scovillain, M|100/100\n|move|p2a: Alomomola|Flip Turn|p1a: Scovillain\n|-damage|p1a: Scovillain|86/100\n|\n|t:|1782440993\n|switch|p2a: Slowking|Slowking-Galar, M|54/100|[from] Flip Turn\n|\n|-weather|SunnyDay|[upkeep]\n|-heal|p2a: Slowking|100/100|[from] move: Wish|[wisher] Alomomola\n|upkeep\n|turn|29\n|\n|t:|1782440997\n|-terastallize|p1a: Scovillain|Fire\n|move|p1a: Scovillain|Overheat|p2a: Slowking\n|-damage|p2a: Slowking|2/100\n|-unboost|p1a: Scovillain|spa|2\n|-damage|p1a: Scovillain|76/100|[from] item: Life Orb\n|move|p2a: Slowking|Thunder Wave|p1a: Scovillain\n|-status|p1a: Scovillain|par\n|\n|-weather|SunnyDay|[upkeep]\n|upkeep\n|turn|30\n|\n|t:|1782441006\n|switch|p1a: Ceruledge|Ceruledge, F|84/100\n|switch|p2a: Alomomola|Alomomola, F|100/100\n|-damage|p2a: Alomomola|88/100|[from] Stealth Rock\n|\n|-weather|SunnyDay|[upkeep]\n|upkeep\n|turn|31\n|\n|t:|1782441019\n|switch|p2a: Pecharunt|Pecharunt|100/100\n|move|p1a: Ceruledge|Swords Dance|p1a: Ceruledge\n|-boost|p1a: Ceruledge|atk|2\n|\n|-weather|SunnyDay|[upkeep]\n|upkeep\n|turn|32\n|\n|t:|1782441025\n|-terastallize|p2a: Pecharunt|Ghost\n|move|p2a: Pecharunt|Shadow Ball|p1a: Ceruledge\n|-supereffective|p1a: Ceruledge\n|-damage|p1a: Ceruledge|2/100\n|move|p1a: Ceruledge|Bitter Blade|p2a: Pecharunt\n|-damage|p2a: Pecharunt|13/100\n|-heal|p1a: Ceruledge|59/100|[from] drain|[of] p2a: Pecharunt\n|\n|-weather|SunnyDay|[upkeep]\n|upkeep\n|turn|33\n|\n|t:|1782441032\n|move|p1a: Ceruledge|Shadow Sneak|p2a: Pecharunt\n|-supereffective|p2a: Pecharunt\n|-damage|p2a: Pecharunt|0 fnt\n|faint|p2a: Pecharunt\n|\n|-weather|SunnyDay|[upkeep]\n|upkeep\n|\n|t:|1782441037\n|switch|p2a: Alomomola|Alomomola, F|100/100\n|-damage|p2a: Alomomola|88/100|[from] Stealth Rock\n|turn|34\n|\n|t:|1782441039\n|move|p1a: Ceruledge|Solar Blade||[still]\n|-prepare|p1a: Ceruledge|Solar Blade\n|-anim|p1a: Ceruledge|Solar Blade|p2a: Alomomola\n|-supereffective|p2a: Alomomola\n|-damage|p2a: Alomomola|0 fnt\n|-damage|p1a: Ceruledge|42/100|[from] item: Rocky Helmet|[of] p2a: Alomomola\n|faint|p2a: Alomomola\n|\n|-weather|none\n|upkeep\n|-message|i sell weed-le forfeited.\n|\n|win|hillbilly z\n|raw|hillbilly z's rating: 1689 &rarr; <strong>1704</strong><br />(+15 for winning)\n|raw|i sell weed-le's rating: 1608 &rarr; <strong>1593</strong><br />(-15 for losing)\n|l|☆i sell weed-le\n|player|p2|\n|l| maximilk\n|l|☆hillbilly z\n|player|p1|\n", "uploadtime": 1782441050, "views": 12, "formatid": "gen9ou", "rating": 1593, "private": 0, "password": null}