{"id": "gen9ou-2647693687", "format": "[Gen 9] OU", "players": ["Charzeus the GOAT", "OUBotBeepBoop"], "log": "|j|☆Charzeus the GOAT\n|j|☆OUBotBeepBoop\n|t:|1783797356\n|gametype|singles\n|player|p1|Charzeus the GOAT|2|1263\n|player|p2|OUBotBeepBoop|102|1178\n|gen|9\n|tier|[Gen 9] OU\n|rated|\n|rule|HP Percentage Mod: HP is shown in percentages\n|rule|Endless Battle Clause: Forcing endless battles is banned\n|rule|Species Clause: Limit one of each Pokémon\n|rule|OHKO Clause: OHKO moves are banned\n|rule|Evasion Items Clause: Evasion items are banned\n|rule|Evasion Moves Clause: Evasion moves are banned\n|rule|Evasion Abilities Clause: Evasion abilities are banned\n|rule|Sleep Moves Clause: Sleep-inducing moves are banned\n|clearpoke\n|poke|p1|Charizard, F|\n|poke|p1|Corviknight, F|\n|poke|p1|Great Tusk|\n|poke|p1|Walking Wake|\n|poke|p1|Alomomola, F|\n|poke|p1|Ninetales, M|\n|poke|p2|Glimmora, F|\n|poke|p2|Great Tusk|\n|poke|p2|Kingambit, F|\n|poke|p2|Dragapult, F|\n|poke|p2|Clefable, F|\n|poke|p2|Corviknight, F|\n|teampreview\n|inactive|Battle timer is ON: inactive players will automatically lose when time's up. (requested by OUBotBeepBoop)\n|\n|t:|1783797369\n|teamsize|p1|6\n|teamsize|p2|6\n|start\n|switch|p1a: Great Tusk|Great Tusk|100/100\n|switch|p2a: Glimmora|Glimmora, F|100/100\n|turn|1\n|\n|t:|1783797371\n|switch|p2a: Clefable|Clefable, F|100/100\n|move|p1a: Great Tusk|Earthquake|p2a: Clefable\n|-damage|p2a: Clefable|56/100\n|\n|-heal|p2a: Clefable|62/100|[from] item: Leftovers\n|upkeep\n|turn|2\n|\n|t:|1783797378\n|-end|p1a: Great Tusk|Protosynthesis|[silent]\n|switch|p1a: Ninetales|Ninetales, M|100/100\n|-weather|SunnyDay|[from] ability: Drought|[of] p1a: Ninetales\n|move|p2a: Clefable|Moonblast|p1a: Ninetales\n|-resisted|p1a: Ninetales\n|-damage|p1a: Ninetales|85/100\n|\n|-weather|SunnyDay|[upkeep]\n|-heal|p2a: Clefable|69/100|[from] item: Leftovers\n|upkeep\n|turn|3\n|\n|t:|1783797383\n|switch|p2a: Great Tusk|Great Tusk|100/100\n|-activate|p2a: Great Tusk|ability: Protosynthesis\n|-start|p2a: Great Tusk|protosynthesisatk\n|move|p1a: Ninetales|Encore||[still]\n|-fail|p1a: Ninetales\n|\n|-weather|SunnyDay|[upkeep]\n|upkeep\n|turn|4\n|\n|t:|1783797387\n|switch|p1a: Charizard|Charizard, F|100/100\n|move|p2a: Great Tusk|Headlong Rush|p1a: Charizard\n|-immune|p1a: Charizard\n|\n|-weather|SunnyDay|[upkeep]\n|-damage|p1a: Charizard|88/100|[from] ability: Solar Power|[of] p1a: Charizard\n|upkeep\n|turn|5\n|\n|t:|1783797390\n|-end|p2a: Great Tusk|Protosynthesis|[silent]\n|switch|p2a: Dragapult|Dragapult, F|100/100\n|move|p1a: Charizard|Flamethrower|p2a: Dragapult\n|-resisted|p2a: Dragapult\n|-damage|p2a: Dragapult|10/100\n|\n|-weather|SunnyDay|[upkeep]\n|-damage|p1a: Charizard|76/100|[from] ability: Solar Power|[of] p1a: Charizard\n|upkeep\n|turn|6\n|\n|t:|1783797393\n|switch|p1a: Ninetales|Ninetales, M|85/100\n|move|p2a: Dragapult|Draco Meteor|p1a: Ninetales|[miss]\n|-miss|p2a: Dragapult|p1a: Ninetales\n|\n|-weather|SunnyDay|[upkeep]\n|upkeep\n|turn|7\n|\n|t:|1783797399\n|switch|p2a: Great Tusk|Great Tusk|100/100\n|-activate|p2a: Great Tusk|ability: Protosynthesis\n|-start|p2a: Great Tusk|protosynthesisatk\n|switch|p1a: Corviknight|Corviknight, F|100/100\n|-ability|p1a: Corviknight|Pressure\n|\n|-weather|SunnyDay|[upkeep]\n|upkeep\n|turn|8\n|\n|t:|1783797403\n|-end|p2a: Great Tusk|Protosynthesis|[silent]\n|switch|p2a: Clefable|Clefable, F|69/100\n|move|p1a: Corviknight|U-turn|p2a: Clefable\n|-resisted|p2a: Clefable\n|-damage|p2a: Clefable|63/100\n|\n|t:|1783797405\n|switch|p1a: Charizard|Charizard, F|76/100|[from] U-turn\n|\n|-weather|SunnyDay|[upkeep]\n|-damage|p1a: Charizard|63/100|[from] ability: Solar Power|[of] p1a: Charizard\n|-heal|p2a: Clefable|69/100|[from] item: Leftovers\n|upkeep\n|turn|9\n|\n|t:|1783797406\n|switch|p2a: Glimmora|Glimmora, F|100/100\n|move|p1a: Charizard|Flamethrower|p2a: Glimmora\n|-resisted|p2a: Glimmora\n|-damage|p2a: Glimmora|7/100\n|\n|-weather|none\n|upkeep\n|turn|10\n|\n|t:|1783797410\n|move|p1a: Charizard|Flamethrower|p2a: Glimmora\n|-resisted|p2a: Glimmora\n|-damage|p2a: Glimmora|0 fnt\n|faint|p2a: Glimmora\n|\n|upkeep\n|\n|t:|1783797410\n|switch|p2a: Dragapult|Dragapult, F|10/100\n|turn|11\n|\n|t:|1783797414\n|switch|p1a: Corviknight|Corviknight, F|100/100\n|-ability|p1a: Corviknight|Pressure\n|move|p2a: Dragapult|Shadow Ball|p1a: Corviknight\n|-damage|p1a: Corviknight|65/100\n|\n|-heal|p1a: Corviknight|71/100|[from] item: Leftovers\n|upkeep\n|turn|12\n|\n|t:|1783797418\n|switch|p2a: Clefable|Clefable, F|69/100\n|move|p1a: Corviknight|U-turn|p2a: Clefable\n|-resisted|p2a: Clefable\n|-damage|p2a: Clefable|63/100\n|\n|t:|1783797423\n|switch|p1a: Ninetales|Ninetales, M|85/100|[from] U-turn\n|-weather|SunnyDay|[from] ability: Drought|[of] p1a: Ninetales\n|\n|-weather|SunnyDay|[upkeep]\n|-heal|p2a: Clefable|70/100|[from] item: Leftovers\n|upkeep\n|turn|13\n|\n|t:|1783797427\n|switch|p1a: Alomomola|Alomomola, F|100/100\n|switch|p2a: Great Tusk|Great Tusk|100/100\n|-activate|p2a: Great Tusk|ability: Protosynthesis\n|-start|p2a: Great Tusk|protosynthesisatk\n|\n|-weather|SunnyDay|[upkeep]\n|upkeep\n|turn|14\n|\n|t:|1783797433\n|move|p2a: Great Tusk|Headlong Rush|p1a: Alomomola\n|-damage|p1a: Alomomola|59/100\n|-unboost|p2a: Great Tusk|def|1\n|-unboost|p2a: Great Tusk|spd|1\n|move|p1a: Alomomola|Flip Turn|p2a: Great Tusk\n|-supereffective|p2a: Great Tusk\n|-damage|p2a: Great Tusk|82/100\n|\n|t:|1783797437\n|switch|p1a: Charizard|Charizard, F|63/100|[from] Flip Turn\n|\n|-weather|SunnyDay|[upkeep]\n|-damage|p1a: Charizard|51/100|[from] ability: Solar Power|[of] p1a: Charizard\n|upkeep\n|turn|15\n|\n|t:|1783797438\n|-end|p2a: Great Tusk|Protosynthesis|[silent]\n|switch|p2a: Dragapult|Dragapult, F|10/100\n|move|p1a: Charizard|Flamethrower|p2a: Dragapult\n|-resisted|p2a: Dragapult\n|-damage|p2a: Dragapult|0 fnt\n|faint|p2a: Dragapult\n|\n|-weather|SunnyDay|[upkeep]\n|-damage|p1a: Charizard|38/100|[from] ability: Solar Power|[of] p1a: Charizard\n|upkeep\n|\n|t:|1783797438\n|switch|p2a: Great Tusk|Great Tusk|82/100\n|-activate|p2a: Great Tusk|ability: Protosynthesis\n|-start|p2a: Great Tusk|protosynthesisatk\n|turn|16\n|\n|t:|1783797441\n|move|p1a: Charizard|Flamethrower|p2a: Great Tusk\n|-damage|p2a: Great Tusk|0 fnt\n|faint|p2a: Great Tusk\n|-end|p2a: Great Tusk|Protosynthesis|[silent]\n|\n|-weather|SunnyDay|[upkeep]\n|-damage|p1a: Charizard|26/100|[from] ability: Solar Power|[of] p1a: Charizard\n|upkeep\n|\n|t:|1783797441\n|switch|p2a: Kingambit|Kingambit, F|100/100\n|-activate|p2a: Kingambit|ability: Supreme Overlord\n|-start|p2a: Kingambit|fallen3|[silent]\n|turn|17\n|\n|t:|1783797445\n|switch|p1a: Great Tusk|Great Tusk|100/100\n|-activate|p1a: Great Tusk|ability: Protosynthesis\n|-start|p1a: Great Tusk|protosynthesisatk\n|-terastallize|p2a: Kingambit|Dark\n|move|p2a: Kingambit|Sucker Punch||[still]\n|-fail|p2a: Kingambit\n|\n|-weather|SunnyDay|[upkeep]\n|upkeep\n|turn|18\n|\n|t:|1783797453\n|-end|p2a: Kingambit|fallen3|[silent]\n|switch|p2a: Clefable|Clefable, F|70/100\n|move|p1a: Great Tusk|Close Combat|p2a: Clefable\n|-resisted|p2a: Clefable\n|-damage|p2a: Clefable|34/100\n|-unboost|p1a: Great Tusk|def|1\n|-unboost|p1a: Great Tusk|spd|1\n|\n|-weather|SunnyDay|[upkeep]\n|-heal|p2a: Clefable|40/100|[from] item: Leftovers\n|upkeep\n|turn|19\n|\n|t:|1783797462\n|-end|p1a: Great Tusk|Protosynthesis|[silent]\n|switch|p1a: Corviknight|Corviknight, F|71/100\n|-ability|p1a: Corviknight|Pressure\n|move|p2a: Clefable|Calm Mind|p2a: Clefable\n|-boost|p2a: Clefable|spa|1\n|-boost|p2a: Clefable|spd|1\n|\n|-weather|none\n|-heal|p1a: Corviknight|77/100|[from] item: Leftovers\n|-heal|p2a: Clefable|46/100|[from] item: Leftovers\n|upkeep\n|turn|20\n|\n|t:|1783797466\n|move|p1a: Corviknight|U-turn|p2a: Clefable\n|-resisted|p2a: Clefable\n|-damage|p2a: Clefable|41/100\n|\n|t:|1783797469\n|switch|p1a: Great Tusk|Great Tusk|100/100|[from] U-turn\n|move|p2a: Clefable|Flamethrower|p1a: Great Tusk\n|-damage|p1a: Great Tusk|76/100\n|\n|-heal|p2a: Clefable|47/100|[from] item: Leftovers\n|upkeep\n|turn|21\n|\n|t:|1783797473\n|move|p1a: Great Tusk|Earthquake|p2a: Clefable\n|-damage|p2a: Clefable|3/100\n|move|p2a: Clefable|Moonblast|p1a: Great Tusk\n|-supereffective|p1a: Great Tusk\n|-damage|p1a: Great Tusk|0 fnt\n|faint|p1a: Great Tusk\n|-end|p1a: Great Tusk|Protosynthesis|[silent]\n|\n|-heal|p2a: Clefable|9/100|[from] item: Leftovers\n|upkeep\n|\n|t:|1783797477\n|switch|p1a: Ninetales|Ninetales, M|85/100\n|-weather|SunnyDay|[from] ability: Drought|[of] p1a: Ninetales\n|turn|22\n|\n|t:|1783797478\n|move|p1a: Ninetales|Flamethrower|p2a: Clefable\n|-damage|p2a: Clefable|0 fnt\n|faint|p2a: Clefable\n|\n|-weather|SunnyDay|[upkeep]\n|upkeep\n|\n|t:|1783797479\n|switch|p2a: Kingambit|Kingambit, F, tera:Dark|100/100\n|-activate|p2a: Kingambit|ability: Supreme Overlord\n|-start|p2a: Kingambit|fallen4|[silent]\n|turn|23\n|\n|t:|1783797490\n|move|p2a: Kingambit|Kowtow Cleave|p1a: Ninetales\n|-damage|p1a: Ninetales|0 fnt\n|faint|p1a: Ninetales\n|\n|-weather|SunnyDay|[upkeep]\n|upkeep\n|\n|t:|1783797495\n|switch|p1a: Walking Wake|Walking Wake|100/100\n|-activate|p1a: Walking Wake|ability: Protosynthesis\n|-start|p1a: Walking Wake|protosynthesisspe\n|turn|24\n|\n|t:|1783797497\n|move|p1a: Walking Wake|Hydro Steam|p2a: Kingambit\n|-damage|p2a: Kingambit|11/100\n|move|p2a: Kingambit|Kowtow Cleave|p1a: Walking Wake\n|-damage|p1a: Walking Wake|0 fnt\n|faint|p1a: Walking Wake\n|-end|p1a: Walking Wake|Protosynthesis|[silent]\n|\n|-weather|SunnyDay|[upkeep]\n|upkeep\n|\n|t:|1783797502\n|switch|p1a: Corviknight|Corviknight, F|77/100\n|-ability|p1a: Corviknight|Pressure\n|turn|25\n|\n|t:|1783797503\n|-end|p2a: Kingambit|fallen4|[silent]\n|switch|p2a: Corviknight|Corviknight, F|100/100\n|-ability|p2a: Corviknight|Pressure\n|move|p1a: Corviknight|U-turn|p2a: Corviknight\n|-resisted|p2a: Corviknight\n|-damage|p2a: Corviknight|98/100\n|\n|t:|1783797505\n|switch|p1a: Charizard|Charizard, F|26/100|[from] U-turn\n|\n|-weather|SunnyDay|[upkeep]\n|-damage|p1a: Charizard|13/100|[from] ability: Solar Power|[of] p1a: Charizard\n|-heal|p2a: Corviknight|100/100|[from] item: Leftovers\n|upkeep\n|turn|26\n|\n|t:|1783797507\n|move|p1a: Charizard|Flamethrower|p2a: Corviknight\n|-supereffective|p2a: Corviknight\n|-damage|p2a: Corviknight|0 fnt\n|faint|p2a: Corviknight\n|\n|-weather|SunnyDay|[upkeep]\n|-damage|p1a: Charizard|1/100|[from] ability: Solar Power|[of] p1a: Charizard\n|upkeep\n|\n|t:|1783797507\n|switch|p2a: Kingambit|Kingambit, F, tera:Dark|11/100\n|-activate|p2a: Kingambit|ability: Supreme Overlord\n|-start|p2a: Kingambit|fallen5|[silent]\n|turn|27\n|\n|t:|1783797513\n|switch|p1a: Alomomola|Alomomola, F|93/100\n|move|p2a: Kingambit|Sucker Punch||[still]\n|-fail|p2a: Kingambit\n|\n|-weather|SunnyDay|[upkeep]\n|-heal|p1a: Alomomola|99/100|[from] item: Leftovers\n|upkeep\n|turn|28\n|\n|t:|1783797515\n|move|p1a: Alomomola|Flip Turn|p2a: Kingambit\n|-damage|p2a: Kingambit|5/100\n|\n|t:|1783797524\n|switch|p1a: Corviknight|Corviknight, F|77/100|[from] Flip Turn\n|-ability|p1a: Corviknight|Pressure\n|move|p2a: Kingambit|Kowtow Cleave|p1a: Corviknight\n|-damage|p1a: Corviknight|0 fnt\n|faint|p1a: Corviknight\n|\n|-weather|SunnyDay|[upkeep]\n|upkeep\n|\n|t:|1783797525\n|switch|p1a: Alomomola|Alomomola, F|100/100\n|turn|29\n|\n|t:|1783797528\n|move|p2a: Kingambit|Sucker Punch|p1a: Alomomola\n|-damage|p1a: Alomomola|51/100\n|move|p1a: Alomomola|Flip Turn|p2a: Kingambit\n|-damage|p2a: Kingambit|0 fnt\n|faint|p2a: Kingambit\n|-end|p2a: Kingambit|fallen5|[silent]\n|\n|win|Charzeus the GOAT\n|raw|Charzeus the GOAT's rating: 1263 &rarr; <strong>1285</strong><br />(+22 for winning)\n|raw|OUBotBeepBoop's rating: 1226 &rarr; <strong>1204</strong><br />(-22 for losing)\n|l|☆OUBotBeepBoop\n|player|p2|\n|l|☆Charzeus the GOAT\n|player|p1|\n", "uploadtime": 1783797886, "views": 15, "formatid": "gen9ou", "rating": 1204, "private": 0, "password": null}