{"id": "gen9ou-2647798994", "format": "[Gen 9] OU", "players": ["LeDeathFlower", "kva972"], "log": "|j|☆LeDeathFlower\n|j|☆kva972\n|t:|1783814635\n|gametype|singles\n|player|p1|LeDeathFlower|kimonogirl|1370\n|player|p2|kva972|1|1375\n|gen|9\n|tier|[Gen 9] OU\n|rated|\n|rule|HP Percentage Mod: HP is shown in percentages\n|rule|Endless Battle Clause: Forcing endless battles is banned\n|rule|Species Clause: Limit one of each Pokémon\n|rule|OHKO Clause: OHKO moves are banned\n|rule|Evasion Items Clause: Evasion items are banned\n|rule|Evasion Moves Clause: Evasion moves are banned\n|rule|Evasion Abilities Clause: Evasion abilities are banned\n|rule|Sleep Moves Clause: Sleep-inducing moves are banned\n|clearpoke\n|poke|p1|Emboar, M|\n|poke|p1|Corviknight, M|\n|poke|p1|Gholdengo|\n|poke|p1|Clodsire, M|\n|poke|p1|Rotom-Wash|\n|poke|p1|Rillaboom, F|\n|poke|p2|Rillaboom, F|\n|poke|p2|Torkoal, F|\n|poke|p2|Landorus-Therian, M|\n|poke|p2|Venusaur, M|\n|poke|p2|Serperior, F|\n|poke|p2|Walking Wake|\n|teampreview\n|\n|t:|1783814646\n|teamsize|p1|6\n|teamsize|p2|6\n|start\n|switch|p1a: Emboar|Emboar, M|100/100\n|switch|p2a: Rillaboom|Rillaboom, F|100/100\n|-fieldstart|move: Grassy Terrain|[from] ability: Grassy Surge|[of] p2a: Rillaboom\n|turn|1\n|\n|t:|1783814654\n|move|p2a: Rillaboom|U-turn|p1a: Emboar\n|-resisted|p1a: Emboar\n|-damage|p1a: Emboar|90/100\n|\n|t:|1783814657\n|switch|p2a: Landorus|Landorus-Therian, M|100/100|[from] U-turn\n|-ability|p2a: Landorus|Intimidate|boost\n|-unboost|p1a: Emboar|atk|1\n|move|p1a: Emboar|Flare Blitz|p2a: Landorus\n|-damage|p2a: Landorus|37/100\n|-damage|p1a: Emboar|73/100|[from] item: Rocky Helmet|[of] p2a: Landorus\n|-damage|p1a: Emboar|58/100|[from] Recoil\n|\n|-heal|p1a: Emboar|64/100|[from] Grassy Terrain\n|-heal|p1a: Emboar|70/100|[from] item: Leftovers\n|upkeep\n|turn|2\n|\n|t:|1783814677\n|switch|p1a: Rotom|Rotom-Wash|100/100\n|move|p2a: Landorus|Earth Power|p1a: Rotom\n|-immune|p1a: Rotom|[from] ability: Levitate\n|\n|upkeep\n|turn|3\n|\n|t:|1783814684\n|move|p2a: Landorus|Stealth Rock|p1a: Rotom\n|-sidestart|p1: LeDeathFlower|move: Stealth Rock\n|move|p1a: Rotom|Hydro Pump|p2a: Landorus|[miss]\n|-miss|p1a: Rotom|p2a: Landorus\n|\n|upkeep\n|turn|4\n|\n|t:|1783814693\n|move|p2a: Landorus|U-turn|p1a: Rotom\n|-damage|p1a: Rotom|81/100\n|\n|t:|1783814697\n|switch|p2a: Serperior|Serperior, F|100/100|[from] U-turn\n|move|p1a: Rotom|Volt Switch|p2a: Serperior\n|-resisted|p2a: Serperior\n|-damage|p2a: Serperior|79/100\n|\n|t:|1783814706\n|switch|p1a: Rillaboom|Rillaboom, F|100/100|[from] Volt Switch\n|-damage|p1a: Rillaboom|88/100|[from] Stealth Rock\n|\n|-heal|p2a: Serperior|85/100|[from] Grassy Terrain\n|-heal|p1a: Rillaboom|94/100|[from] Grassy Terrain\n|upkeep\n|turn|5\n|\n|t:|1783814717\n|switch|p2a: Landorus|Landorus-Therian, M|37/100\n|-ability|p2a: Landorus|Intimidate|boost\n|-unboost|p1a: Rillaboom|atk|1\n|move|p1a: Rillaboom|U-turn|p2a: Landorus\n|-resisted|p2a: Landorus\n|-damage|p2a: Landorus|22/100\n|-damage|p1a: Rillaboom|78/100|[from] item: Rocky Helmet|[of] p2a: Landorus\n|\n|t:|1783814725\n|switch|p1a: Rotom|Rotom-Wash|81/100|[from] U-turn\n|-damage|p1a: Rotom|68/100|[from] Stealth Rock\n|\n|-fieldend|move: Grassy Terrain\n|upkeep\n|turn|6\n|\n|t:|1783814730\n|move|p2a: Landorus|U-turn|p1a: Rotom\n|-damage|p1a: Rotom|47/100\n|-enditem|p1a: Rotom|Sitrus Berry|[eat]\n|-heal|p1a: Rotom|72/100|[from] item: Sitrus Berry\n|\n|t:|1783814736\n|switch|p2a: Serperior|Serperior, F|85/100|[from] U-turn\n|move|p1a: Rotom|Will-O-Wisp|p2a: Serperior\n|-status|p2a: Serperior|brn\n|\n|-damage|p2a: Serperior|79/100 brn|[from] brn\n|upkeep\n|turn|7\n|\n|t:|1783814747\n|switch|p2a: Torkoal|Torkoal, F|100/100\n|-weather|SunnyDay|[from] ability: Drought|[of] p2a: Torkoal\n|switch|p1a: Corviknight|Corviknight, M|100/100\n|-damage|p1a: Corviknight|88/100|[from] Stealth Rock\n|-ability|p1a: Corviknight|Pressure\n|\n|-weather|SunnyDay|[upkeep]\n|upkeep\n|turn|8\n|\n|t:|1783814758\n|move|p1a: Corviknight|Defog|p2a: Torkoal\n|-unboost|p2a: Torkoal|evasion|1\n|-sideend|p1: LeDeathFlower|Stealth Rock|[from] move: Defog|[of] p1a: Corviknight\n|move|p2a: Torkoal|Solar Beam||[still]\n|-prepare|p2a: Torkoal|Solar Beam\n|-anim|p2a: Torkoal|Solar Beam|p1a: Corviknight\n|-resisted|p1a: Corviknight\n|-damage|p1a: Corviknight|79/100\n|\n|-weather|SunnyDay|[upkeep]\n|upkeep\n|turn|9\n|\n|t:|1783814766\n|move|p1a: Corviknight|U-turn|p2a: Torkoal\n|-resisted|p2a: Torkoal\n|-damage|p2a: Torkoal|95/100\n|\n|t:|1783814771\n|switch|p1a: Clodsire|Clodsire, M|100/100|[from] U-turn\n|move|p2a: Torkoal|Overheat|p1a: Clodsire\n|-damage|p1a: Clodsire|56/100\n|-unboost|p2a: Torkoal|spa|2\n|\n|-weather|SunnyDay|[upkeep]\n|upkeep\n|turn|10\n|\n|t:|1783814783\n|switch|p2a: Landorus|Landorus-Therian, M|22/100\n|-ability|p2a: Landorus|Intimidate|boost\n|-unboost|p1a: Clodsire|atk|1\n|move|p1a: Clodsire|Stealth Rock|p2a: Landorus\n|-sidestart|p2: kva972|move: Stealth Rock\n|\n|-weather|SunnyDay|[upkeep]\n|upkeep\n|turn|11\n|\n|t:|1783814795\n|switch|p1a: Rotom|Rotom-Wash|72/100\n|move|p2a: Landorus|Stealth Rock|p1a: Rotom\n|-sidestart|p1: LeDeathFlower|move: Stealth Rock\n|\n|-weather|none\n|upkeep\n|turn|12\n|\n|t:|1783814801\n|move|p2a: Landorus|U-turn|p1a: Rotom\n|-damage|p1a: Rotom|50/100\n|\n|t:|1783814804\n|switch|p2a: Serperior|Serperior, F|79/100 brn|[from] U-turn\n|-damage|p2a: Serperior|66/100 brn|[from] Stealth Rock\n|move|p1a: Rotom|Hydro Pump|p2a: Serperior\n|-resisted|p2a: Serperior\n|-damage|p2a: Serperior|34/100 brn\n|\n|-damage|p2a: Serperior|28/100 brn|[from] brn\n|upkeep\n|turn|13\n|\n|t:|1783814818\n|switch|p1a: Corviknight|Corviknight, M|79/100\n|-damage|p1a: Corviknight|67/100|[from] Stealth Rock\n|-ability|p1a: Corviknight|Pressure\n|move|p2a: Serperior|Leaf Storm|p1a: Corviknight\n|-resisted|p1a: Corviknight\n|-damage|p1a: Corviknight|56/100\n|-boost|p2a: Serperior|spa|2\n|\n|-damage|p2a: Serperior|22/100 brn|[from] brn\n|upkeep\n|turn|14\n|\n|t:|1783814828\n|move|p2a: Serperior|Leaf Storm|p1a: Corviknight\n|-resisted|p1a: Corviknight\n|-damage|p1a: Corviknight|33/100\n|-boost|p2a: Serperior|spa|2\n|move|p1a: Corviknight|Roost|p1a: Corviknight\n|-heal|p1a: Corviknight|83/100\n|-singleturn|p1a: Corviknight|move: Roost\n|\n|-damage|p2a: Serperior|16/100 brn|[from] brn\n|upkeep\n|turn|15\n|\n|t:|1783814837\n|move|p2a: Serperior|Leaf Storm|p1a: Corviknight\n|-resisted|p1a: Corviknight\n|-damage|p1a: Corviknight|50/100\n|-boost|p2a: Serperior|spa|2\n|move|p1a: Corviknight|U-turn|p2a: Serperior\n|-supereffective|p2a: Serperior\n|-damage|p2a: Serperior|0 fnt\n|faint|p2a: Serperior\n|\n|t:|1783814852\n|switch|p1a: Rotom|Rotom-Wash|50/100|[from] U-turn\n|-damage|p1a: Rotom|37/100|[from] Stealth Rock\n|\n|upkeep\n|\n|t:|1783814858\n|switch|p2a: Torkoal|Torkoal, F|95/100\n|-damage|p2a: Torkoal|70/100|[from] Stealth Rock\n|-weather|SunnyDay|[from] ability: Drought|[of] p2a: Torkoal\n|turn|16\n|\n|t:|1783814864\n|move|p1a: Rotom|Volt Switch|p2a: Torkoal\n|-damage|p2a: Torkoal|39/100\n|\n|t:|1783814870\n|switch|p1a: Clodsire|Clodsire, M|56/100|[from] Volt Switch\n|move|p2a: Torkoal|Rapid Spin|p1a: Clodsire\n|-damage|p1a: Clodsire|45/100\n|-boost|p2a: Torkoal|spe|1\n|-sideend|p2: kva972|Stealth Rock|[from] move: Rapid Spin|[of] p2a: Torkoal\n|\n|-weather|SunnyDay|[upkeep]\n|upkeep\n|turn|17\n|\n|t:|1783814878\n|move|p2a: Torkoal|Overheat|p1a: Clodsire\n|-damage|p1a: Clodsire|1/100\n|-unboost|p2a: Torkoal|spa|2\n|move|p1a: Clodsire|Stealth Rock|p2a: Torkoal\n|-sidestart|p2: kva972|move: Stealth Rock\n|\n|-weather|SunnyDay|[upkeep]\n|upkeep\n|turn|18\n|\n|t:|1783814886\n|switch|p1a: Gholdengo|Gholdengo|100/100\n|-damage|p1a: Gholdengo|94/100|[from] Stealth Rock\n|-item|p1a: Gholdengo|Air Balloon\n|move|p2a: Torkoal|Overheat|p1a: Gholdengo|[miss]\n|-miss|p2a: Torkoal|p1a: Gholdengo\n|\n|-weather|SunnyDay|[upkeep]\n|upkeep\n|turn|19\n|\n|t:|1783814900\n|switch|p2a: Landorus|Landorus-Therian, M|22/100\n|-damage|p2a: Landorus|10/100|[from] Stealth Rock\n|-ability|p2a: Landorus|Intimidate|boost\n|-unboost|p1a: Gholdengo|atk|1\n|move|p1a: Gholdengo|Hex|p2a: Landorus\n|-damage|p2a: Landorus|0 fnt\n|faint|p2a: Landorus\n|\n|-weather|SunnyDay|[upkeep]\n|upkeep\n|\n|t:|1783814912\n|switch|p2a: Walking Wake|Walking Wake|100/100\n|-damage|p2a: Walking Wake|88/100|[from] Stealth Rock\n|-activate|p2a: Walking Wake|ability: Protosynthesis\n|-start|p2a: Walking Wake|protosynthesisspa\n|turn|20\n|\n|t:|1783814932\n|move|p2a: Walking Wake|Hydro Steam|p1a: Gholdengo\n|-damage|p1a: Gholdengo|31/100\n|-enditem|p1a: Gholdengo|Air Balloon\n|move|p1a: Gholdengo|Thunder Wave|p2a: Walking Wake\n|-status|p2a: Walking Wake|par\n|\n|-weather|none\n|-end|p2a: Walking Wake|Protosynthesis\n|upkeep\n|turn|21\n|\n|t:|1783814945\n|move|p2a: Walking Wake|Hydro Steam|p1a: Gholdengo\n|-damage|p1a: Gholdengo|0 fnt\n|faint|p1a: Gholdengo\n|\n|upkeep\n|\n|t:|1783814951\n|switch|p1a: Rotom|Rotom-Wash|37/100\n|-damage|p1a: Rotom|25/100|[from] Stealth Rock\n|turn|22\n|\n|t:|1783814960\n|-end|p2a: Walking Wake|Protosynthesis|[silent]\n|switch|p2a: Torkoal|Torkoal, F|39/100\n|-damage|p2a: Torkoal|14/100|[from] Stealth Rock\n|-weather|SunnyDay|[from] ability: Drought|[of] p2a: Torkoal\n|move|p1a: Rotom|Volt Switch|p2a: Torkoal\n|-damage|p2a: Torkoal|0 fnt\n|faint|p2a: Torkoal\n|\n|t:|1783814965\n|switch|p1a: Clodsire|Clodsire, M|1/100|[from] Volt Switch\n|\n|-weather|SunnyDay|[upkeep]\n|upkeep\n|\n|t:|1783814984\n|switch|p2a: Venusaur|Venusaur, M|100/100\n|-damage|p2a: Venusaur|88/100|[from] Stealth Rock\n|turn|23\n|\n|t:|1783814993\n|move|p2a: Venusaur|Sludge Bomb|p1a: Clodsire\n|-resisted|p1a: Clodsire\n|-damage|p1a: Clodsire|0 fnt\n|faint|p1a: Clodsire\n|-damage|p2a: Venusaur|78/100|[from] item: Life Orb\n|\n|-weather|SunnyDay|[upkeep]\n|upkeep\n|\n|t:|1783815004\n|switch|p1a: Corviknight|Corviknight, M|50/100\n|-damage|p1a: Corviknight|38/100|[from] Stealth Rock\n|-ability|p1a: Corviknight|Pressure\n|turn|24\n|\n|t:|1783815009\n|switch|p1a: Rotom|Rotom-Wash|25/100\n|-damage|p1a: Rotom|13/100|[from] Stealth Rock\n|move|p2a: Venusaur|Weather Ball|p1a: Rotom\n|-resisted|p1a: Rotom\n|-damage|p1a: Rotom|0 fnt\n|faint|p1a: Rotom\n|-damage|p2a: Venusaur|68/100|[from] item: Life Orb\n|\n|-weather|SunnyDay|[upkeep]\n|upkeep\n|\n|t:|1783815015\n|switch|p1a: Corviknight|Corviknight, M|38/100\n|-damage|p1a: Corviknight|26/100|[from] Stealth Rock\n|-ability|p1a: Corviknight|Pressure\n|turn|25\n|\n|t:|1783815023\n|move|p2a: Venusaur|Weather Ball|p1a: Corviknight\n|-supereffective|p1a: Corviknight\n|-damage|p1a: Corviknight|0 fnt\n|faint|p1a: Corviknight\n|-damage|p2a: Venusaur|58/100|[from] item: Life Orb\n|\n|-weather|SunnyDay|[upkeep]\n|upkeep\n|\n|t:|1783815027\n|switch|p1a: Emboar|Emboar, M|70/100\n|-damage|p1a: Emboar|57/100|[from] Stealth Rock\n|turn|26\n|\n|t:|1783815034\n|-terastallize|p2a: Venusaur|Fire\n|-terastallize|p1a: Emboar|Water\n|move|p2a: Venusaur|Weather Ball|p1a: Emboar\n|-resisted|p1a: Emboar\n|-damage|p1a: Emboar|5/100\n|-damage|p2a: Venusaur|49/100|[from] item: Life Orb\n|move|p1a: Emboar|Flare Blitz|p2a: Venusaur\n|-resisted|p2a: Venusaur\n|-damage|p2a: Venusaur|0 fnt\n|faint|p2a: Venusaur\n|-damage|p1a: Emboar|0 fnt|[from] Recoil\n|faint|p1a: Emboar\n|\n|-weather|none\n|upkeep\n|\n|t:|1783815050\n|switch|p2a: Walking Wake|Walking Wake|88/100 par\n|switch|p1a: Rillaboom|Rillaboom, F|78/100\n|-damage|p1a: Rillaboom|65/100|[from] Stealth Rock\n|-fieldstart|move: Grassy Terrain|[from] ability: Grassy Surge|[of] p1a: Rillaboom\n|-damage|p2a: Walking Wake|76/100 par|[from] Stealth Rock\n|turn|27\n|\n|t:|1783815061\n|move|p1a: Rillaboom|Grassy Glide|p2a: Walking Wake\n|-damage|p2a: Walking Wake|16/100 par\n|move|p2a: Walking Wake|Flamethrower|p1a: Rillaboom\n|-supereffective|p1a: Rillaboom\n|-damage|p1a: Rillaboom|0 fnt\n|faint|p1a: Rillaboom\n|\n|win|kva972\n|raw|LeDeathFlower's rating: 1370 &rarr; <strong>1350</strong><br />(-20 for losing)\n|raw|kva972's rating: 1375 &rarr; <strong>1395</strong><br />(+20 for winning)\n|l|☆LeDeathFlower\n|player|p1|\n", "uploadtime": 1783815405, "views": 3, "formatid": "gen9ou", "rating": 1350, "private": 0, "password": null}