{"id": "gen9ou-2647741589", "format": "[Gen 9] OU", "players": ["pepinoloko", "zermoon"], "log": "|j|☆pepinoloko\n|j|☆zermoon\n|t:|1783804810\n|gametype|singles\n|player|p1|pepinoloko|byron|1363\n|player|p2|zermoon|blackbelt-gen4dp|1255\n|gen|9\n|tier|[Gen 9] OU\n|rated|\n|rule|HP Percentage Mod: HP is shown in percentages\n|rule|Endless Battle Clause: Forcing endless battles is banned\n|rule|Species Clause: Limit one of each Pokémon\n|rule|OHKO Clause: OHKO moves are banned\n|rule|Evasion Items Clause: Evasion items are banned\n|rule|Evasion Moves Clause: Evasion moves are banned\n|rule|Evasion Abilities Clause: Evasion abilities are banned\n|rule|Sleep Moves Clause: Sleep-inducing moves are banned\n|clearpoke\n|poke|p1|Salazzle, F|\n|poke|p1|Landorus-Therian, M|\n|poke|p1|Primarina, F|\n|poke|p1|Cinderace, F|\n|poke|p1|Chesnaught, M|\n|poke|p1|Breloom, F|\n|poke|p2|Treecko, M|\n|poke|p2|Milotic, M|\n|poke|p2|Cinderace, M|\n|poke|p2|Sudowoodo, L1, M|\n|poke|p2|Gengar, M|\n|poke|p2|Scizor, M|\n|teampreview\n|inactive|Battle timer is ON: inactive players will automatically lose when time's up. (requested by pepinoloko)\n|\n|t:|1783804827\n|teamsize|p1|6\n|teamsize|p2|6\n|start\n|switch|p1a: Breloom|Breloom, F|100/100\n|switch|p2a: Sudowoodo|Sudowoodo, L1, M|100/100\n|turn|1\n|\n|t:|1783804835\n|move|p1a: Breloom|Bullet Seed|p2a: Sudowoodo\n|-supereffective|p2a: Sudowoodo\n|-crit|p2a: Sudowoodo\n|-ability|p2a: Sudowoodo|Sturdy\n|-damage|p2a: Sudowoodo|8/100\n|-supereffective|p2a: Sudowoodo\n|-damage|p2a: Sudowoodo|0 fnt\n|faint|p2a: Sudowoodo\n|-hitcount|p2: Sudowoodo|2\n|-damage|p1a: Breloom|91/100|[from] item: Life Orb\n|\n|upkeep\n|\n|t:|1783804852\n|switch|p2a: Cinderace|Cinderace, M|100/100\n|turn|2\n|\n|t:|1783804857\n|switch|p1a: U-Turn from sin|Cinderace, F|100/100\n|move|p2a: Cinderace|Pyro Ball|p1a: U-Turn from sin\n|-resisted|p1a: U-Turn from sin\n|-damage|p1a: U-Turn from sin|62/100\n|\n|upkeep\n|turn|3\n|\n|t:|1783804864\n|move|p1a: U-Turn from sin|U-turn|p2a: Cinderace\n|-start|p1a: U-Turn from sin|typechange|Bug|[from] ability: Libero\n|-resisted|p2a: Cinderace\n|-damage|p2a: Cinderace|77/100\n|\n|t:|1783804868\n|switch|p1a: Resist evil|Chesnaught, M|100/100|[from] U-turn\n|move|p2a: Cinderace|High Jump Kick|p1a: Resist evil\n|-start|p2a: Cinderace|typechange|Fighting|[from] ability: Libero\n|-damage|p1a: Resist evil|64/100\n|-damage|p2a: Cinderace|60/100|[from] item: Rocky Helmet|[of] p1a: Resist evil\n|\n|upkeep\n|turn|4\n|\n|t:|1783804879\n|move|p1a: Resist evil|Spiky Shield|p1a: Resist evil\n|-singleturn|p1a: Resist evil|move: Protect\n|move|p2a: Cinderace|Pyro Ball|p1a: Resist evil\n|-activate|p1a: Resist evil|move: Protect\n|\n|upkeep\n|turn|5\n|\n|t:|1783804885\n|move|p2a: Cinderace|Pyro Ball|p1a: Resist evil\n|-immune|p1a: Resist evil|[from] ability: Bulletproof\n|move|p1a: Resist evil|Leech Seed|p2a: Cinderace\n|-start|p2a: Cinderace|move: Leech Seed\n|\n|-damage|p2a: Cinderace|48/100|[from] Leech Seed|[of] p1a: Resist evil\n|-heal|p1a: Resist evil|74/100|[silent]\n|upkeep\n|turn|6\n|\n|t:|1783804899\n|switch|p2a: Scizor|Scizor, M|100/100\n|move|p1a: Resist evil|Knock Off|p2a: Scizor\n|-damage|p2a: Scizor|77/100\n|-enditem|p2a: Scizor|Choice Band|[from] move: Knock Off|[of] p1a: Resist evil\n|\n|upkeep\n|turn|7\n|\n|t:|1783804907\n|move|p2a: Scizor|Dual Wingbeat|p1a: Resist evil\n|-supereffective|p1a: Resist evil\n|-damage|p1a: Resist evil|23/100\n|-damage|p2a: Scizor|61/100|[from] item: Rocky Helmet|[of] p1a: Resist evil\n|-supereffective|p1a: Resist evil\n|-damage|p1a: Resist evil|0 fnt\n|-damage|p2a: Scizor|44/100|[from] item: Rocky Helmet|[of] p1a: Resist evil\n|faint|p1a: Resist evil\n|-hitcount|p1: Resist evil|2\n|\n|upkeep\n|\n|t:|1783804916\n|switch|p1a: God is always good|Landorus-Therian, M|100/100\n|-ability|p1a: God is always good|Intimidate|boost\n|-unboost|p2a: Scizor|atk|1\n|turn|8\n|\n|t:|1783804921\n|move|p1a: God is always good|Earthquake|p2a: Scizor\n|-damage|p2a: Scizor|0 fnt\n|faint|p2a: Scizor\n|\n|upkeep\n|\n|t:|1783804930\n|switch|p2a: Milotic|Milotic, M|100/100\n|turn|9\n|\n|t:|1783804937\n|switch|p1a: Grace still is|Primarina, F|100/100\n|move|p2a: Milotic|Alluring Voice|p1a: Grace still is\n|-damage|p1a: Grace still is|91/100\n|\n|upkeep\n|turn|10\n|\n|t:|1783804945\n|move|p2a: Milotic|Scald|p1a: Grace still is\n|-resisted|p1a: Grace still is\n|-damage|p1a: Grace still is|84/100\n|move|p1a: Grace still is|Flip Turn|p2a: Milotic\n|-resisted|p2a: Milotic\n|-damage|p2a: Milotic|95/100\n|-damage|p1a: Grace still is|68/100|[from] item: Rocky Helmet|[of] p2a: Milotic\n|\n|t:|1783804950\n|switch|p1a: Breloom|Breloom, F|91/100|[from] Flip Turn\n|\n|upkeep\n|turn|11\n|\n|t:|1783804960\n|switch|p2a: Cinderace|Cinderace, M|48/100\n|move|p1a: Breloom|Bullet Seed|p2a: Cinderace\n|-resisted|p2a: Cinderace\n|-damage|p2a: Cinderace|30/100\n|-resisted|p2a: Cinderace\n|-damage|p2a: Cinderace|11/100\n|-resisted|p2a: Cinderace\n|-damage|p2a: Cinderace|0 fnt\n|faint|p2a: Cinderace\n|-hitcount|p2: Cinderace|3\n|-damage|p1a: Breloom|81/100|[from] item: Life Orb\n|\n|upkeep\n|\n|t:|1783804975\n|switch|p2a: Gengar|Gengar, M|100/100\n|turn|12\n|\n|t:|1783804980\n|switch|p1a: Forgive|Salazzle, F|100/100\n|move|p2a: Gengar|Destiny Bond|p2a: Gengar\n|-singlemove|p2a: Gengar|Destiny Bond\n|\n|upkeep\n|turn|13\n|\n|t:|1783804992\n|move|p1a: Forgive|Encore|p2a: Gengar\n|-start|p2a: Gengar|Encore\n|move|p2a: Gengar|Destiny Bond||[still]\n|-fail|p2a: Gengar\n|\n|upkeep\n|turn|14\n|\n|t:|1783804998\n|switch|p2a: Milotic|Milotic, M|95/100\n|move|p1a: Forgive|Toxic|p2a: Milotic\n|-status|p2a: Milotic|tox\n|\n|-damage|p2a: Milotic|89/100 tox|[from] psn\n|upkeep\n|turn|15\n|\n|t:|1783805008\n|move|p1a: Forgive|Substitute|p1a: Forgive\n|-start|p1a: Forgive|Substitute\n|-damage|p1a: Forgive|76/100\n|move|p2a: Milotic|Flip Turn|p1a: Forgive\n|-supereffective|p1a: Forgive\n|-end|p1a: Forgive|Substitute\n|\n|t:|1783805015\n|switch|p2a: Gengar|Gengar, M|100/100|[from] Flip Turn\n|\n|-heal|p1a: Forgive|82/100|[from] item: Leftovers\n|upkeep\n|turn|16\n|\n|t:|1783805022\n|move|p1a: Forgive|Toxic|p2a: Gengar\n|-status|p2a: Gengar|tox\n|move|p2a: Gengar|Shadow Ball|p1a: Forgive\n|-damage|p1a: Forgive|0 fnt\n|faint|p1a: Forgive\n|-damage|p2a: Gengar|91/100 tox|[from] item: Life Orb\n|\n|-damage|p2a: Gengar|84/100 tox|[from] psn\n|upkeep\n|\n|t:|1783805029\n|switch|p1a: God is always good|Landorus-Therian, M|100/100\n|-ability|p1a: God is always good|Intimidate|boost\n|-unboost|p2a: Gengar|atk|1\n|turn|17\n|\n|t:|1783805038\n|move|p1a: God is always good|Earthquake|p2a: Gengar\n|-supereffective|p2a: Gengar\n|-damage|p2a: Gengar|0 fnt\n|faint|p2a: Gengar\n|\n|upkeep\n|\n|t:|1783805043\n|switch|p2a: Milotic|Milotic, M|89/100 tox\n|turn|18\n|\n|t:|1783805049\n|switch|p1a: Grace still is|Primarina, F|68/100\n|move|p2a: Milotic|Flip Turn|p1a: Grace still is\n|-resisted|p1a: Grace still is\n|-damage|p1a: Grace still is|60/100\n|\n|t:|1783805056\n|switch|p2a: Treecko|Treecko, M, shiny|100/100|[from] Flip Turn\n|\n|upkeep\n|turn|19\n|\n|t:|1783805064\n|move|p2a: Treecko|Endeavor|p1a: Grace still is\n|-immune|p1a: Grace still is\n|move|p1a: Grace still is|Draining Kiss|p2a: Treecko\n|-damage|p2a: Treecko|43/100\n|-heal|p1a: Grace still is|97/100|[from] drain|[of] p2a: Treecko\n|\n|upkeep\n|turn|20\n|\n|t:|1783805075\n|move|p2a: Treecko|Leech Seed|p1a: Grace still is\n|-start|p1a: Grace still is|move: Leech Seed\n|move|p1a: Grace still is|Draining Kiss|p2a: Treecko\n|-damage|p2a: Treecko|0 fnt\n|-heal|p1a: Grace still is|100/100|[from] drain|[of] p2a: Treecko\n|faint|p2a: Treecko\n|\n|upkeep\n|\n|t:|1783805083\n|switch|p2a: Milotic|Milotic, M|89/100 tox\n|turn|21\n|\n|t:|1783805088\n|move|p2a: Milotic|Scald|p1a: Grace still is\n|-resisted|p1a: Grace still is\n|-damage|p1a: Grace still is|93/100\n|-status|p1a: Grace still is|brn\n|move|p1a: Grace still is|Energy Ball|p2a: Milotic\n|-supereffective|p2a: Milotic\n|-damage|p2a: Milotic|44/100 tox\n|\n|-damage|p1a: Grace still is|81/100 brn|[from] Leech Seed|[of] p2a: Milotic\n|-heal|p2a: Milotic|55/100 tox|[silent]\n|-damage|p2a: Milotic|48/100 tox|[from] psn\n|-damage|p1a: Grace still is|75/100 brn|[from] brn\n|upkeep\n|turn|22\n|\n|t:|1783805102\n|move|p2a: Milotic|Recover|p2a: Milotic\n|-heal|p2a: Milotic|98/100 tox\n|move|p1a: Grace still is|Energy Ball|p2a: Milotic\n|-supereffective|p2a: Milotic\n|-damage|p2a: Milotic|53/100 tox\n|\n|-damage|p1a: Grace still is|62/100 brn|[from] Leech Seed|[of] p2a: Milotic\n|-heal|p2a: Milotic|64/100 tox|[silent]\n|-damage|p2a: Milotic|52/100 tox|[from] psn\n|-damage|p1a: Grace still is|56/100 brn|[from] brn\n|upkeep\n|turn|23\n|\n|t:|1783805115\n|move|p2a: Milotic|Recover|p2a: Milotic\n|-heal|p2a: Milotic|100/100 tox\n|move|p1a: Grace still is|Energy Ball|p2a: Milotic\n|-supereffective|p2a: Milotic\n|-damage|p2a: Milotic|50/100 tox\n|\n|-damage|p1a: Grace still is|44/100 brn|[from] Leech Seed|[of] p2a: Milotic\n|-heal|p2a: Milotic|61/100 tox|[silent]\n|-damage|p2a: Milotic|42/100 tox|[from] psn\n|-damage|p1a: Grace still is|38/100 brn|[from] brn\n|upkeep\n|turn|24\n|\n|t:|1783805127\n|move|p2a: Milotic|Recover|p2a: Milotic\n|-heal|p2a: Milotic|92/100 tox\n|move|p1a: Grace still is|Energy Ball|p2a: Milotic\n|-supereffective|p2a: Milotic\n|-damage|p2a: Milotic|46/100 tox\n|\n|-damage|p1a: Grace still is|25/100 brn|[from] Leech Seed|[of] p2a: Milotic\n|-heal|p2a: Milotic|56/100 tox|[silent]\n|-damage|p2a: Milotic|32/100 tox|[from] psn\n|-damage|p1a: Grace still is|19/100 brn|[from] brn\n|upkeep\n|turn|25\n|\n|t:|1783805139\n|move|p2a: Milotic|Recover|p2a: Milotic\n|-heal|p2a: Milotic|82/100 tox\n|move|p1a: Grace still is|Energy Ball|p2a: Milotic\n|-supereffective|p2a: Milotic\n|-damage|p2a: Milotic|37/100 tox\n|\n|-damage|p1a: Grace still is|7/100 brn|[from] Leech Seed|[of] p2a: Milotic\n|-heal|p2a: Milotic|47/100 tox|[silent]\n|-damage|p2a: Milotic|17/100 tox|[from] psn\n|-damage|p1a: Grace still is|0 fnt|[from] brn\n|faint|p1a: Grace still is\n|upkeep\n|\n|t:|1783805149\n|switch|p1a: Breloom|Breloom, F|81/100\n|turn|26\n|\n|t:|1783805156\n|move|p1a: Breloom|Bullet Seed|p2a: Milotic\n|-supereffective|p2a: Milotic\n|-damage|p2a: Milotic|0 fnt\n|faint|p2a: Milotic\n|-hitcount|p2: Milotic|1\n|-damage|p1a: Breloom|71/100|[from] item: Life Orb\n|\n|win|pepinoloko\n|raw|pepinoloko's rating: 1363 &rarr; <strong>1377</strong><br />(+14 for winning)\n|raw|zermoon's rating: 1255 &rarr; <strong>1238</strong><br />(-17 for losing)\n|l|☆zermoon\n|player|p2|\n|l|☆pepinoloko\n|player|p1|\n|j|☆zermoon\n|player|p2|zermoon|blackbelt-gen4dp|\n", "uploadtime": 1783805433, "views": 29, "formatid": "gen9ou", "rating": 1238, "private": 0, "password": null}