{"id": "gen9ou-2639221402", "format": "[Gen 9] OU", "players": ["Shampoogini", "Swagachu125"], "log": "|badge|p2|bronze|gen9pu|100-9\n|uhtml|medal-msg|<div class=\"broadcast-blue\">Curious what those medals under the avatar are? PS now has Ladder Seasons! For more information, check out the <a href=\"https://www.smogon.com/forums/threads/3740067/\">thread on Smogon.</a></div>\n|j|☆Shampoogini\n|j|☆Swagachu125\n|t:|1782436257\n|gametype|singles\n|player|p1|Shampoogini|266|1541\n|player|p2|Swagachu125|gentleman-gen4|1558\n|gen|9\n|tier|[Gen 9] OU\n|rated|\n|rule|HP Percentage Mod: HP is shown in percentages\n|rule|Endless Battle Clause: Forcing endless battles is banned\n|rule|Species Clause: Limit one of each Pokémon\n|rule|OHKO Clause: OHKO moves are banned\n|rule|Evasion Items Clause: Evasion items are banned\n|rule|Evasion Moves Clause: Evasion moves are banned\n|rule|Evasion Abilities Clause: Evasion abilities are banned\n|rule|Sleep Moves Clause: Sleep-inducing moves are banned\n|clearpoke\n|poke|p1|Serperior, M|\n|poke|p1|Slowking-Galar, M|\n|poke|p1|Ceruledge, M|\n|poke|p1|Glimmora, F|\n|poke|p1|Corviknight, M|\n|poke|p1|Zamazenta-*|\n|poke|p2|Great Tusk|\n|poke|p2|Hatterene, F|\n|poke|p2|Alomomola, F|\n|poke|p2|Kleavor, F|\n|poke|p2|Kyurem|\n|poke|p2|Kingambit, F|\n|teampreview\n|inactive|Battle timer is ON: inactive players will automatically lose when time's up. (requested by Swagachu125)\n|\n|t:|1782436274\n|teamsize|p1|6\n|teamsize|p2|6\n|start\n|switch|p1a: Glimmora|Glimmora, F|100/100\n|switch|p2a: Kyurem|Kyurem|100/100\n|-ability|p2a: Kyurem|Pressure\n|turn|1\n|\n|t:|1782436284\n|move|p1a: Glimmora|Spiky Shield|p1a: Glimmora\n|-singleturn|p1a: Glimmora|move: Protect\n|move|p2a: Kyurem|Earth Power|p1a: Glimmora\n|-activate|p1a: Glimmora|move: Protect\n|\n|upkeep\n|turn|2\n|\n|t:|1782436292\n|switch|p1a: Serperior|Serperior, M|100/100\n|move|p2a: Kyurem|Earth Power|p1a: Serperior\n|-resisted|p1a: Serperior\n|-damage|p1a: Serperior|84/100\n|\n|-heal|p1a: Serperior|91/100|[from] item: Leftovers\n|upkeep\n|turn|3\n|\n|t:|1782436304\n|switch|p2a: Hatterene|Hatterene, F|100/100\n|move|p1a: Serperior|Leaf Storm|p2a: Hatterene\n|-damage|p2a: Hatterene|65/100\n|-boost|p1a: Serperior|spa|2\n|\n|-heal|p1a: Serperior|97/100|[from] item: Leftovers\n|-heal|p2a: Hatterene|71/100|[from] item: Leftovers\n|upkeep\n|turn|4\n|\n|t:|1782436310\n|move|p1a: Serperior|Leaf Storm|p2a: Hatterene|[miss]\n|-miss|p1a: Serperior|p2a: Hatterene\n|move|p2a: Hatterene|Pain Split|p1a: Serperior\n|-sethp|p1a: Serperior|80/100|[from] move: Pain Split|[silent]\n|-sethp|p2a: Hatterene|89/100|[from] move: Pain Split\n|\n|-heal|p1a: Serperior|87/100|[from] item: Leftovers\n|-heal|p2a: Hatterene|95/100|[from] item: Leftovers\n|upkeep\n|turn|5\n|\n|t:|1782436313\n|switch|p2a: Kyurem|Kyurem|100/100\n|-ability|p2a: Kyurem|Pressure\n|move|p1a: Serperior|Leaf Storm|p2a: Kyurem\n|-resisted|p2a: Kyurem\n|-damage|p2a: Kyurem|70/100\n|-boost|p1a: Serperior|spa|2\n|\n|-heal|p1a: Serperior|93/100|[from] item: Leftovers\n|-heal|p2a: Kyurem|76/100|[from] item: Leftovers\n|upkeep\n|turn|6\n|\n|t:|1782436328\n|move|p1a: Serperior|Dragon Pulse|p2a: Kyurem\n|-supereffective|p2a: Kyurem\n|-damage|p2a: Kyurem|0 fnt\n|faint|p2a: Kyurem\n|\n|-heal|p1a: Serperior|99/100|[from] item: Leftovers\n|upkeep\n|\n|t:|1782436332\n|switch|p2a: Kleavor|Kleavor, F|100/100\n|turn|7\n|\n|t:|1782436336\n|switch|p1a: Glimmora|Glimmora, F|100/100\n|move|p2a: Kleavor|X-Scissor|p1a: Glimmora\n|-resisted|p1a: Glimmora\n|-damage|p1a: Glimmora|75/100\n|-damage|p2a: Kleavor|84/100|[from] item: Rocky Helmet|[of] p1a: Glimmora\n|-activate|p1a: Glimmora|ability: Toxic Debris\n|-sidestart|p2: Swagachu125|move: Toxic Spikes\n|\n|upkeep\n|turn|8\n|\n|t:|1782436343\n|switch|p2a: Great Tusk|Great Tusk|100/100\n|-status|p2a: Great Tusk|psn\n|move|p1a: Glimmora|Mortal Spin|p2a: Great Tusk\n|-resisted|p2a: Great Tusk\n|-damage|p2a: Great Tusk|98/100 psn\n|\n|-damage|p2a: Great Tusk|86/100 psn|[from] psn\n|upkeep\n|turn|9\n|\n|t:|1782436349\n|switch|p1a: Serperior|Serperior, M|99/100\n|move|p2a: Great Tusk|Headlong Rush|p1a: Serperior\n|-resisted|p1a: Serperior\n|-damage|p1a: Serperior|70/100\n|-unboost|p2a: Great Tusk|def|1\n|-unboost|p2a: Great Tusk|spd|1\n|\n|-heal|p1a: Serperior|76/100|[from] item: Leftovers\n|-damage|p2a: Great Tusk|74/100 psn|[from] psn\n|upkeep\n|turn|10\n|\n|t:|1782436354\n|-end|p2a: Great Tusk|Protosynthesis|[silent]\n|switch|p2a: Kingambit|Kingambit, F|100/100\n|-activate|p2a: Kingambit|ability: Supreme Overlord\n|-start|p2a: Kingambit|fallen1|[silent]\n|move|p1a: Serperior|Leaf Storm|p2a: Kingambit\n|-resisted|p2a: Kingambit\n|-damage|p2a: Kingambit|81/100\n|-boost|p1a: Serperior|spa|2\n|\n|-heal|p1a: Serperior|82/100|[from] item: Leftovers\n|upkeep\n|turn|11\n|\n|t:|1782436360\n|move|p1a: Serperior|Glare|p2a: Kingambit\n|-status|p2a: Kingambit|par\n|cant|p2a: Kingambit|par\n|\n|-heal|p1a: Serperior|89/100|[from] item: Leftovers\n|upkeep\n|turn|12\n|\n|t:|1782436365\n|switch|p1a: Zamazenta|Zamazenta|100/100\n|-ability|p1a: Zamazenta|Dauntless Shield|boost\n|-boost|p1a: Zamazenta|def|1\n|cant|p2a: Kingambit|par\n|\n|upkeep\n|turn|13\n|\n|t:|1782436371\n|-end|p2a: Kingambit|fallen1|[silent]\n|switch|p2a: Hatterene|Hatterene, F|95/100\n|-status|p2a: Hatterene|psn\n|move|p1a: Zamazenta|Body Press|p2a: Hatterene\n|-resisted|p2a: Hatterene\n|-crit|p2a: Hatterene\n|-damage|p2a: Hatterene|81/100 psn\n|\n|-heal|p2a: Hatterene|87/100 psn|[from] item: Leftovers\n|-damage|p2a: Hatterene|74/100 psn|[from] psn\n|upkeep\n|turn|14\n|\n|t:|1782436380\n|switch|p1a: Corviknight|Corviknight, M|100/100\n|move|p2a: Hatterene|Draining Kiss|p1a: Corviknight\n|-resisted|p1a: Corviknight\n|-damage|p1a: Corviknight|93/100\n|-heal|p2a: Hatterene|82/100 psn|[from] drain|[of] p1a: Corviknight\n|\n|-heal|p1a: Corviknight|99/100|[from] item: Leftovers\n|-heal|p2a: Hatterene|88/100 psn|[from] item: Leftovers\n|-damage|p2a: Hatterene|75/100 psn|[from] psn\n|upkeep\n|turn|15\n|\n|t:|1782436384\n|move|p1a: Corviknight|Bulk Up|p1a: Corviknight\n|-boost|p1a: Corviknight|atk|1\n|-boost|p1a: Corviknight|def|1\n|move|p2a: Hatterene|Pain Split|p1a: Corviknight\n|-sethp|p1a: Corviknight|79/100|[from] move: Pain Split|[silent]\n|-sethp|p2a: Hatterene|99/100 psn|[from] move: Pain Split\n|\n|-heal|p1a: Corviknight|86/100|[from] item: Leftovers\n|-heal|p2a: Hatterene|100/100 psn|[from] item: Leftovers\n|-damage|p2a: Hatterene|88/100 psn|[from] psn\n|upkeep\n|turn|16\n|\n|t:|1782436390\n|move|p1a: Corviknight|Bulk Up|p1a: Corviknight\n|-boost|p1a: Corviknight|atk|1\n|-boost|p1a: Corviknight|def|1\n|move|p2a: Hatterene|Mystical Fire|p1a: Corviknight\n|-supereffective|p1a: Corviknight\n|-damage|p1a: Corviknight|56/100\n|-ability|p1a: Corviknight|Mirror Armor\n|-unboost|p2a: Hatterene|spa|1\n|\n|-heal|p1a: Corviknight|62/100|[from] item: Leftovers\n|-heal|p2a: Hatterene|94/100 psn|[from] item: Leftovers\n|-damage|p2a: Hatterene|82/100 psn|[from] psn\n|upkeep\n|turn|17\n|\n|t:|1782436398\n|move|p1a: Corviknight|Agility|p1a: Corviknight\n|-boost|p1a: Corviknight|spe|2\n|move|p2a: Hatterene|Pain Split|p1a: Corviknight\n|-sethp|p1a: Corviknight|63/100|[from] move: Pain Split|[silent]\n|-sethp|p2a: Hatterene|80/100 psn|[from] move: Pain Split\n|\n|-heal|p1a: Corviknight|70/100|[from] item: Leftovers\n|-heal|p2a: Hatterene|86/100 psn|[from] item: Leftovers\n|-damage|p2a: Hatterene|73/100 psn|[from] psn\n|upkeep\n|turn|18\n|\n|t:|1782436401\n|move|p1a: Corviknight|Roost|p1a: Corviknight\n|-heal|p1a: Corviknight|100/100\n|-singleturn|p1a: Corviknight|move: Roost\n|move|p2a: Hatterene|Psychic Noise|p1a: Corviknight\n|-resisted|p1a: Corviknight\n|-damage|p1a: Corviknight|93/100\n|-start|p1a: Corviknight|move: Heal Block\n|\n|-heal|p2a: Hatterene|79/100 psn|[from] item: Leftovers\n|-damage|p2a: Hatterene|67/100 psn|[from] psn\n|upkeep\n|turn|19\n|\n|t:|1782436406\n|move|p1a: Corviknight|Bulk Up|p1a: Corviknight\n|-boost|p1a: Corviknight|atk|1\n|-boost|p1a: Corviknight|def|1\n|move|p2a: Hatterene|Pain Split|p1a: Corviknight\n|-sethp|p1a: Corviknight|73/100|[from] move: Pain Split|[silent]\n|-sethp|p2a: Hatterene|92/100 psn|[from] move: Pain Split\n|\n|-heal|p2a: Hatterene|98/100 psn|[from] item: Leftovers\n|-damage|p2a: Hatterene|86/100 psn|[from] psn\n|-end|p1a: Corviknight|move: Heal Block\n|upkeep\n|turn|20\n|c|☆Swagachu125|I'm walled gg\n|-message|Swagachu125 forfeited.\n|\n|win|Shampoogini\n|raw|Shampoogini's rating: 1541 &rarr; <strong>1562</strong><br />(+21 for winning)\n|raw|Swagachu125's rating: 1558 &rarr; <strong>1537</strong><br />(-21 for losing)\n|l|☆Swagachu125\n|player|p2|\n|c|☆Shampoogini|gg\n", "uploadtime": 1782436425, "views": 8, "formatid": "gen9ou", "rating": 1537, "private": 0, "password": null}