{"id": "gen9ou-2647761166", "format": "[Gen 9] OU", "players": ["wishuponafajita", "Joltinjoe18"], "log": "|j|☆wishuponafajita\n|j|☆Joltinjoe18\n|t:|1783807981\n|gametype|singles\n|player|p1|wishuponafajita|tuberf|1682\n|player|p2|Joltinjoe18|170|1815\n|gen|9\n|tier|[Gen 9] OU\n|rated|\n|rule|HP Percentage Mod: HP is shown in percentages\n|rule|Endless Battle Clause: Forcing endless battles is banned\n|rule|Species Clause: Limit one of each Pokémon\n|rule|OHKO Clause: OHKO moves are banned\n|rule|Evasion Items Clause: Evasion items are banned\n|rule|Evasion Moves Clause: Evasion moves are banned\n|rule|Evasion Abilities Clause: Evasion abilities are banned\n|rule|Sleep Moves Clause: Sleep-inducing moves are banned\n|clearpoke\n|poke|p1|Araquanid, M|\n|poke|p1|Hoopa-Unbound|\n|poke|p1|Iron Valiant|\n|poke|p1|Toxtricity, M|\n|poke|p1|Dragonite, F|\n|poke|p1|Iron Treads|\n|poke|p2|Enamorus, F|\n|poke|p2|Corviknight, F|\n|poke|p2|Ting-Lu|\n|poke|p2|Basculegion, M|\n|poke|p2|Raging Bolt|\n|poke|p2|Pelipper, M|\n|teampreview\n|c|☆Joltinjoe18|huh?\n|c|☆Joltinjoe18|I just fought u\n|c|☆wishuponafajita|hallo\n|c|☆Joltinjoe18|lol\n|j| just-jaype\n|\n|t:|1783808001\n|teamsize|p1|6\n|teamsize|p2|6\n|start\n|switch|p1a: MadeAMilLikeAraq|Araquanid, M|100/100\n|switch|p2a: Basculegion|Basculegion, M|100/100\n|turn|1\n|\n|t:|1783808006\n|move|p2a: Basculegion|Head Smash|p1a: MadeAMilLikeAraq\n|-supereffective|p1a: MadeAMilLikeAraq\n|-damage|p1a: MadeAMilLikeAraq|0 fnt\n|faint|p1a: MadeAMilLikeAraq\n|-damage|p2a: Basculegion|57/100|[from] Recoil\n|\n|upkeep\n|\n|t:|1783808009\n|switch|p1a: C.T.E.SPINS|Iron Treads|100/100\n|-enditem|p1a: C.T.E.SPINS|Booster Energy\n|-activate|p1a: C.T.E.SPINS|ability: Quark Drive|[fromitem]\n|-start|p1a: C.T.E.SPINS|quarkdrivespe\n|turn|2\n|\n|t:|1783808014\n|-end|p1a: C.T.E.SPINS|Quark Drive|[silent]\n|switch|p1a: CruisinInMy'182|Toxtricity, M|100/100\n|switch|p2a: Corviknight|Corviknight, F|100/100\n|-ability|p2a: Corviknight|Pressure\n|\n|upkeep\n|turn|3\n|\n|t:|1783808016\n|switch|p2a: Ting-Lu|Ting-Lu|100/100\n|-ability|p2a: Ting-Lu|Vessel of Ruin\n|move|p1a: CruisinInMy'182|Boomburst|p2a: Ting-Lu\n|-damage|p2a: Ting-Lu|70/100\n|-enditem|p1a: CruisinInMy'182|Throat Spray\n|-boost|p1a: CruisinInMy'182|spa|1|[from] item: Throat Spray\n|\n|-heal|p2a: Ting-Lu|76/100|[from] item: Leftovers\n|upkeep\n|turn|4\n|inactive|Battle timer is ON: inactive players will automatically lose when time's up. (requested by Joltinjoe18)\n|\n|t:|1783808091\n|-terastallize|p1a: CruisinInMy'182|Normal\n|move|p1a: CruisinInMy'182|Boomburst|p2a: Ting-Lu\n|-damage|p2a: Ting-Lu|15/100\n|move|p2a: Ting-Lu|Earthquake|p1a: CruisinInMy'182\n|-damage|p1a: CruisinInMy'182|36/100\n|\n|-heal|p2a: Ting-Lu|22/100|[from] item: Leftovers\n|upkeep\n|turn|5\n|\n|t:|1783808097\n|move|p1a: CruisinInMy'182|Boomburst|p2a: Ting-Lu\n|-damage|p2a: Ting-Lu|0 fnt\n|faint|p2a: Ting-Lu\n|\n|upkeep\n|\n|t:|1783808100\n|switch|p2a: Basculegion|Basculegion, M|57/100\n|turn|6\n|\n|t:|1783808104\n|switch|p1a: SleeplessNites|Dragonite, F|100/100\n|move|p2a: Basculegion|Flip Turn|p1a: SleeplessNites\n|-resisted|p1a: SleeplessNites\n|-damage|p1a: SleeplessNites|88/100\n|\n|t:|1783808115\n|switch|p2a: Enamorus|Enamorus, F|100/100|[from] Flip Turn\n|\n|upkeep\n|turn|7\n|\n|t:|1783808122\n|switch|p1a: C.T.E.SPINS|Iron Treads|100/100\n|move|p2a: Enamorus|Moonblast|p1a: C.T.E.SPINS\n|-resisted|p1a: C.T.E.SPINS\n|-damage|p1a: C.T.E.SPINS|60/100\n|\n|upkeep\n|turn|8\n|\n|t:|1783808127\n|-end|p1a: C.T.E.SPINS|Quark Drive|[silent]\n|switch|p1a: CruisinInMy'182|Toxtricity, M, tera:Normal|36/100\n|move|p2a: Enamorus|Moonblast|p1a: CruisinInMy'182\n|-damage|p1a: CruisinInMy'182|0 fnt\n|faint|p1a: CruisinInMy'182\n|\n|upkeep\n|\n|t:|1783808131\n|switch|p1a: C.T.E.SPINS|Iron Treads|60/100\n|turn|9\n|\n|t:|1783808134\n|switch|p2a: Corviknight|Corviknight, F|100/100\n|-ability|p2a: Corviknight|Pressure\n|move|p1a: C.T.E.SPINS|Steel Beam|p2a: Corviknight\n|-resisted|p2a: Corviknight\n|-damage|p2a: Corviknight|79/100\n|-damage|p1a: C.T.E.SPINS|10/100|[from] steelbeam\n|\n|-heal|p2a: Corviknight|85/100|[from] item: Leftovers\n|upkeep\n|turn|10\n|\n|t:|1783808136\n|move|p1a: C.T.E.SPINS|Stealth Rock|p2a: Corviknight\n|-sidestart|p2: Joltinjoe18|move: Stealth Rock\n|move|p2a: Corviknight|Defog|p1a: C.T.E.SPINS\n|-unboost|p1a: C.T.E.SPINS|evasion|1\n|-sideend|p2: Joltinjoe18|Stealth Rock|[from] move: Defog|[of] p2a: Corviknight\n|\n|-heal|p2a: Corviknight|91/100|[from] item: Leftovers\n|upkeep\n|turn|11\n|\n|t:|1783808146\n|-end|p1a: C.T.E.SPINS|Quark Drive|[silent]\n|switch|p1a: SleeplessNites|Dragonite, F|88/100\n|move|p2a: Corviknight|Defog|p1a: SleeplessNites\n|-unboost|p1a: SleeplessNites|evasion|1\n|\n|-heal|p2a: Corviknight|97/100|[from] item: Leftovers\n|upkeep\n|turn|12\n|\n|t:|1783808149\n|move|p1a: SleeplessNites|Dragon Dance|p1a: SleeplessNites\n|-boost|p1a: SleeplessNites|atk|1\n|-boost|p1a: SleeplessNites|spe|1\n|move|p2a: Corviknight|Brave Bird|p1a: SleeplessNites\n|-damage|p1a: SleeplessNites|48/100\n|-damage|p2a: Corviknight|86/100|[from] Recoil\n|\n|-heal|p2a: Corviknight|92/100|[from] item: Leftovers\n|upkeep\n|turn|13\n|\n|t:|1783808152\n|move|p1a: SleeplessNites|Dragon Dance|p1a: SleeplessNites\n|-boost|p1a: SleeplessNites|atk|1\n|-boost|p1a: SleeplessNites|spe|1\n|move|p2a: Corviknight|Brave Bird|p1a: SleeplessNites\n|-damage|p1a: SleeplessNites|10/100\n|-damage|p2a: Corviknight|82/100|[from] Recoil\n|\n|-heal|p2a: Corviknight|88/100|[from] item: Leftovers\n|upkeep\n|turn|14\n|\n|t:|1783808154\n|move|p1a: SleeplessNites|Ice Spinner|p2a: Corviknight\n|-damage|p2a: Corviknight|43/100\n|move|p2a: Corviknight|Roost|p2a: Corviknight\n|-heal|p2a: Corviknight|93/100\n|-singleturn|p2a: Corviknight|move: Roost\n|\n|-heal|p2a: Corviknight|99/100|[from] item: Leftovers\n|upkeep\n|turn|15\n|\n|t:|1783808174\n|switch|p2a: Basculegion|Basculegion, M|57/100\n|move|p1a: SleeplessNites|Ice Spinner|p2a: Basculegion\n|-resisted|p2a: Basculegion\n|-damage|p2a: Basculegion|16/100\n|\n|upkeep\n|turn|16\n|\n|t:|1783808190\n|move|p2a: Basculegion|Aqua Jet|p1a: SleeplessNites\n|-resisted|p1a: SleeplessNites\n|-damage|p1a: SleeplessNites|0 fnt\n|faint|p1a: SleeplessNites\n|\n|upkeep\n|\n|t:|1783808196\n|switch|p1a: SlightOfHands|Hoopa-Unbound|100/100\n|turn|17\n|\n|t:|1783808201\n|move|p2a: Basculegion|Aqua Jet|p1a: SlightOfHands\n|-damage|p1a: SlightOfHands|55/100\n|move|p1a: SlightOfHands|Nasty Plot|p1a: SlightOfHands\n|-boost|p1a: SlightOfHands|spa|2\n|\n|upkeep\n|turn|18\n|\n|t:|1783808203\n|-terastallize|p2a: Basculegion|Water\n|move|p2a: Basculegion|Aqua Jet|p1a: SlightOfHands\n|-damage|p1a: SlightOfHands|0 fnt\n|faint|p1a: SlightOfHands\n|\n|upkeep\n|c|☆wishuponafajita|gg\n|-message|wishuponafajita forfeited.\n|\n|win|Joltinjoe18\n|raw|wishuponafajita's rating: 1682 &rarr; <strong>1669</strong><br />(-13 for losing)\n|raw|Joltinjoe18's rating: 1815 &rarr; <strong>1828</strong><br />(+13 for winning)\n|c|☆Joltinjoe18|gg\n|l| just-jaype\n", "uploadtime": 1783808443, "views": 27, "formatid": "gen9ou", "rating": 1669, "private": 0, "password": null}