{"id": "gen9ou-2639270495", "format": "[Gen 9] OU", "players": ["high off oddish", "Tsaun"], "log": "|j|☆high off oddish\n|j|☆Tsaun\n|t:|1782443498\n|gametype|singles\n|player|p1|high off oddish|2|1323\n|player|p2|Tsaun|170|1408\n|gen|9\n|tier|[Gen 9] OU\n|rated|\n|rule|HP Percentage Mod: HP is shown in percentages\n|rule|Endless Battle Clause: Forcing endless battles is banned\n|rule|Species Clause: Limit one of each Pokémon\n|rule|OHKO Clause: OHKO moves are banned\n|rule|Evasion Items Clause: Evasion items are banned\n|rule|Evasion Moves Clause: Evasion moves are banned\n|rule|Evasion Abilities Clause: Evasion abilities are banned\n|rule|Sleep Moves Clause: Sleep-inducing moves are banned\n|clearpoke\n|poke|p1|Ninetales, M|\n|poke|p1|Vileplume, F|\n|poke|p1|Brute Bonnet|\n|poke|p1|Walking Wake|\n|poke|p1|Sandy Shocks|\n|poke|p1|Kingambit, M|\n|poke|p2|Slowking-Galar, F|\n|poke|p2|Kyurem|\n|poke|p2|Corviknight, M|\n|poke|p2|Hydrapple, M|\n|poke|p2|Gliscor, F|\n|poke|p2|Samurott-Hisui, F|\n|teampreview\n|inactive|Battle timer is ON: inactive players will automatically lose when time's up. (requested by high off oddish)\n|\n|t:|1782443505\n|teamsize|p1|6\n|teamsize|p2|6\n|start\n|switch|p1a: Ninetales|Ninetales, M|100/100\n|switch|p2a: Samurott|Samurott-Hisui, F|100/100\n|-weather|SunnyDay|[from] ability: Drought|[of] p1a: Ninetales\n|turn|1\n|\n|t:|1782443508\n|move|p1a: Ninetales|Will-O-Wisp|p2a: Samurott|[miss]\n|-miss|p1a: Ninetales|p2a: Samurott\n|move|p2a: Samurott|Ceaseless Edge|p1a: Ninetales\n|-damage|p1a: Ninetales|52/100\n|-sidestart|p1: high off oddish|Spikes\n|\n|-weather|SunnyDay|[upkeep]\n|upkeep\n|turn|2\n|\n|t:|1782443514\n|switch|p1a: Brute Bonnet|Brute Bonnet|100/100\n|-damage|p1a: Brute Bonnet|88/100|[from] Spikes\n|-activate|p1a: Brute Bonnet|ability: Protosynthesis\n|-start|p1a: Brute Bonnet|protosynthesisatk\n|move|p2a: Samurott|Ceaseless Edge|p1a: Brute Bonnet\n|-resisted|p1a: Brute Bonnet\n|-crit|p1a: Brute Bonnet\n|-damage|p1a: Brute Bonnet|59/100\n|-sidestart|p1: high off oddish|Spikes\n|\n|-weather|SunnyDay|[upkeep]\n|upkeep\n|turn|3\n|\n|t:|1782443525\n|switch|p2a: Corviknight|Corviknight, M|100/100\n|move|p1a: Brute Bonnet|Close Combat|p2a: Corviknight\n|-damage|p2a: Corviknight|49/100\n|-unboost|p1a: Brute Bonnet|def|1\n|-unboost|p1a: Brute Bonnet|spd|1\n|-damage|p1a: Brute Bonnet|42/100|[from] item: Rocky Helmet|[of] p2a: Corviknight\n|\n|-weather|SunnyDay|[upkeep]\n|upkeep\n|turn|4\n|\n|t:|1782443533\n|move|p1a: Brute Bonnet|Close Combat|p2a: Corviknight\n|-damage|p2a: Corviknight|0 fnt\n|-unboost|p1a: Brute Bonnet|def|1\n|-unboost|p1a: Brute Bonnet|spd|1\n|-damage|p1a: Brute Bonnet|26/100|[from] item: Rocky Helmet|[of] p2a: Corviknight\n|faint|p2a: Corviknight\n|\n|-weather|SunnyDay|[upkeep]\n|upkeep\n|\n|t:|1782443543\n|switch|p2a: Samurott|Samurott-Hisui, F|100/100\n|turn|5\n|\n|t:|1782443562\n|-end|p1a: Brute Bonnet|Protosynthesis|[silent]\n|switch|p1a: Walking Wake|Walking Wake|100/100\n|-damage|p1a: Walking Wake|84/100|[from] Spikes\n|-activate|p1a: Walking Wake|ability: Protosynthesis\n|-start|p1a: Walking Wake|protosynthesisspe\n|move|p2a: Samurott|Sucker Punch||[still]\n|-fail|p2a: Samurott\n|\n|-weather|SunnyDay|[upkeep]\n|upkeep\n|turn|6\n|\n|t:|1782443574\n|move|p1a: Walking Wake|Draco Meteor|p2a: Samurott\n|-damage|p2a: Samurott|3/100\n|-unboost|p1a: Walking Wake|spa|2\n|move|p2a: Samurott|Ceaseless Edge|p1a: Walking Wake\n|-damage|p1a: Walking Wake|36/100\n|-sidestart|p1: high off oddish|Spikes\n|\n|-weather|SunnyDay|[upkeep]\n|upkeep\n|turn|7\n|\n|t:|1782443582\n|move|p2a: Samurott|Sucker Punch|p1a: Walking Wake\n|-damage|p1a: Walking Wake|2/100\n|move|p1a: Walking Wake|Draco Meteor|p2a: Samurott\n|-damage|p2a: Samurott|0 fnt\n|-unboost|p1a: Walking Wake|spa|2\n|faint|p2a: Samurott\n|\n|-weather|SunnyDay|[upkeep]\n|upkeep\n|\n|t:|1782443591\n|switch|p2a: Slowking|Slowking-Galar, F|100/100\n|turn|8\n|\n|t:|1782443595\n|move|p1a: Walking Wake|Draco Meteor|p2a: Slowking\n|-damage|p2a: Slowking|81/100\n|-unboost|p1a: Walking Wake|spa|2\n|-prepare|p2a: Slowking|Chilly Reception|[premajor]\n|move|p2a: Slowking|Chilly Reception|p2a: Slowking\n|-weather|Snowscape\n|-end|p1a: Walking Wake|Protosynthesis\n|\n|t:|1782443603\n|switch|p2a: Gliscor|Gliscor, F|100/100|[from] Chilly Reception\n|\n|-weather|Snowscape|[upkeep]\n|-status|p2a: Gliscor|tox|[from] item: Toxic Orb\n|upkeep\n|turn|9\n|\n|t:|1782443617\n|-end|p1a: Walking Wake|Protosynthesis|[silent]\n|switch|p1a: Vileplume|Vileplume, F|100/100\n|-damage|p1a: Vileplume|76/100|[from] Spikes\n|move|p2a: Gliscor|Stealth Rock|p1a: Vileplume\n|-sidestart|p1: high off oddish|move: Stealth Rock\n|\n|-weather|Snowscape|[upkeep]\n|upkeep\n|turn|10\n|\n|t:|1782443623\n|move|p2a: Gliscor|Knock Off|p1a: Vileplume\n|-damage|p1a: Vileplume|43/100\n|-enditem|p1a: Vileplume|Life Orb|[from] move: Knock Off|[of] p2a: Gliscor\n|move|p1a: Vileplume|Growth|p1a: Vileplume\n|-boost|p1a: Vileplume|atk|1\n|-boost|p1a: Vileplume|spa|1\n|\n|-weather|Snowscape|[upkeep]\n|upkeep\n|turn|11\n|\n|t:|1782443635\n|switch|p2a: Kyurem|Kyurem|100/100\n|-ability|p2a: Kyurem|Pressure\n|move|p1a: Vileplume|Moonblast|p2a: Kyurem\n|-supereffective|p2a: Kyurem\n|-damage|p2a: Kyurem|18/100\n|\n|-weather|Snowscape|[upkeep]\n|upkeep\n|turn|12\n|\n|t:|1782443648\n|switch|p1a: Ninetales|Ninetales, M|52/100\n|-damage|p1a: Ninetales|27/100|[from] Spikes\n|-damage|p1a: Ninetales|2/100|[from] Stealth Rock\n|-weather|SunnyDay|[from] ability: Drought|[of] p1a: Ninetales\n|move|p2a: Kyurem|Draco Meteor|p1a: Ninetales|[miss]\n|-miss|p2a: Kyurem|p1a: Ninetales\n|\n|-weather|SunnyDay|[upkeep]\n|upkeep\n|turn|13\n|\n|t:|1782443657\n|switch|p2a: Slowking|Slowking-Galar, F|100/100\n|move|p1a: Ninetales|Healing Wish|p1a: Ninetales\n|faint|p1a: Ninetales\n|\n|-weather|SunnyDay|[upkeep]\n|upkeep\n|\n|t:|1782443664\n|switch|p1a: Brute Bonnet|Brute Bonnet|26/100\n|-heal|p1a: Brute Bonnet|100/100|[from] move: Healing Wish\n|-damage|p1a: Brute Bonnet|76/100|[from] Spikes\n|-damage|p1a: Brute Bonnet|63/100|[from] Stealth Rock\n|-activate|p1a: Brute Bonnet|ability: Protosynthesis\n|-start|p1a: Brute Bonnet|protosynthesisatk\n|turn|14\n|\n|t:|1782443672\n|switch|p2a: Gliscor|Gliscor, F|100/100 tox\n|move|p1a: Brute Bonnet|Crunch|p2a: Gliscor\n|-damage|p2a: Gliscor|47/100 tox\n|-unboost|p2a: Gliscor|def|1\n|\n|-weather|SunnyDay|[upkeep]\n|-heal|p2a: Gliscor|59/100 tox|[from] ability: Poison Heal\n|upkeep\n|turn|15\n|\n|t:|1782443680\n|move|p2a: Gliscor|Protect|p2a: Gliscor\n|-singleturn|p2a: Gliscor|Protect\n|move|p1a: Brute Bonnet|Crunch|p2a: Gliscor\n|-activate|p2a: Gliscor|move: Protect\n|\n|-weather|SunnyDay|[upkeep]\n|-heal|p2a: Gliscor|71/100 tox|[from] ability: Poison Heal\n|upkeep\n|turn|16\n|\n|t:|1782443689\n|move|p2a: Gliscor|Toxic|p1a: Brute Bonnet\n|-status|p1a: Brute Bonnet|tox\n|move|p1a: Brute Bonnet|Crunch|p2a: Gliscor\n|-damage|p2a: Gliscor|0 fnt\n|faint|p2a: Gliscor\n|\n|-weather|SunnyDay|[upkeep]\n|-damage|p1a: Brute Bonnet|57/100 tox|[from] psn\n|upkeep\n|\n|t:|1782443693\n|switch|p2a: Kyurem|Kyurem|18/100\n|-ability|p2a: Kyurem|Pressure\n|turn|17\n|\n|t:|1782443696\n|move|p2a: Kyurem|Freeze-Dry|p1a: Brute Bonnet\n|-supereffective|p1a: Brute Bonnet\n|-damage|p1a: Brute Bonnet|0 fnt\n|faint|p1a: Brute Bonnet\n|-end|p1a: Brute Bonnet|Protosynthesis|[silent]\n|\n|-weather|SunnyDay|[upkeep]\n|upkeep\n|\n|t:|1782443702\n|switch|p1a: Sandy Shocks|Sandy Shocks|100/100\n|-damage|p1a: Sandy Shocks|94/100|[from] Stealth Rock\n|-item|p1a: Sandy Shocks|Air Balloon\n|-activate|p1a: Sandy Shocks|ability: Protosynthesis\n|-start|p1a: Sandy Shocks|protosynthesisspe\n|turn|18\n|\n|t:|1782443711\n|move|p1a: Sandy Shocks|Earth Power|p2a: Kyurem\n|-damage|p2a: Kyurem|0 fnt\n|faint|p2a: Kyurem\n|\n|-weather|SunnyDay|[upkeep]\n|upkeep\n|\n|t:|1782443714\n|switch|p2a: Hydrapple|Hydrapple, M|100/100\n|turn|19\n|\n|t:|1782443717\n|move|p1a: Sandy Shocks|Thunder Wave|p2a: Hydrapple\n|-status|p2a: Hydrapple|par\n|cant|p2a: Hydrapple|par\n|\n|-weather|none\n|-end|p1a: Sandy Shocks|Protosynthesis\n|upkeep\n|turn|20\n|\n|t:|1782443723\n|move|p1a: Sandy Shocks|Stealth Rock|p2a: Hydrapple\n|-sidestart|p2: Tsaun|move: Stealth Rock\n|move|p2a: Hydrapple|Nasty Plot|p2a: Hydrapple\n|-boost|p2a: Hydrapple|spa|2\n|\n|upkeep\n|turn|21\n|\n|t:|1782443733\n|move|p1a: Sandy Shocks|Volt Switch|p2a: Hydrapple\n|-resisted|p2a: Hydrapple\n|-damage|p2a: Hydrapple|91/100 par\n|\n|t:|1782443737\n|-end|p1a: Sandy Shocks|Protosynthesis|[silent]\n|switch|p1a: Walking Wake|Walking Wake|2/100|[from] Volt Switch\n|-damage|p1a: Walking Wake|0 fnt|[from] Spikes\n|faint|p1a: Walking Wake\n|-end|p1a: Walking Wake|Protosynthesis|[silent]\n|move|p2a: Hydrapple|Giga Drain|p1: Walking Wake|[notarget]\n|-fail|p2a: Hydrapple\n|\n|upkeep\n|\n|t:|1782443742\n|switch|p1a: Vileplume|Vileplume, F|43/100\n|-damage|p1a: Vileplume|19/100|[from] Spikes\n|-damage|p1a: Vileplume|6/100|[from] Stealth Rock\n|turn|22\n|\n|t:|1782443756\n|-terastallize|p1a: Vileplume|Fairy\n|move|p1a: Vileplume|Moonblast|p2a: Hydrapple\n|-supereffective|p2a: Hydrapple\n|-damage|p2a: Hydrapple|0 fnt\n|faint|p2a: Hydrapple\n|\n|upkeep\n|-message|Tsaun forfeited.\n|\n|win|high off oddish\n|raw|high off oddish's rating: 1323 &rarr; <strong>1348</strong><br />(+25 for winning)\n|raw|Tsaun's rating: 1408 &rarr; <strong>1383</strong><br />(-25 for losing)\n|l|☆Tsaun\n|player|p2|\n", "uploadtime": 1782443768, "views": 17, "formatid": "gen9ou", "rating": 1348, "private": 0, "password": null}