{"id": "gen9ou-2540657804", "format": "[Gen 9] OU", "players": ["fck_yellow_magic", "DuckyBro"], "log": "|j|☆fck_yellow_magic\n|j|‽DuckyBro\n|t:|1771235437\n|gametype|singles\n|player|p1|fck_yellow_magic|janitor-gen9|1585\n|player|p2|DuckyBro|ghetsis|1545\n|gen|9\n|tier|[Gen 9] OU\n|rated|\n|rule|HP Percentage Mod: HP is shown in percentages\n|rule|Endless Battle Clause: Forcing endless battles is banned\n|rule|Species Clause: Limit one of each Pokémon\n|rule|OHKO Clause: OHKO moves are banned\n|rule|Evasion Items Clause: Evasion items are banned\n|rule|Evasion Moves Clause: Evasion moves are banned\n|rule|Evasion Abilities Clause: Evasion abilities are banned\n|rule|Sleep Moves Clause: Sleep-inducing moves are banned\n|clearpoke\n|poke|p1|Iron Crown|\n|poke|p1|Enamorus, F|\n|poke|p1|Deoxys-Speed|\n|poke|p1|Probopass, M|\n|poke|p1|Great Tusk|\n|poke|p1|Dragapult, M|\n|poke|p2|Cinderace, F|\n|poke|p2|Dondozo, F|\n|poke|p2|Zapdos|\n|poke|p2|Garchomp, F|\n|poke|p2|Kyurem|\n|poke|p2|Volcanion|\n|teampreview\n|\n|t:|1771235447\n|teamsize|p1|6\n|teamsize|p2|6\n|start\n|switch|p1a: Deoxys|Deoxys-Speed|100/100\n|switch|p2a: Kyurem|Kyurem|100/100\n|-ability|p1a: Deoxys|Pressure\n|-ability|p2a: Kyurem|Pressure\n|turn|1\n|\n|t:|1771235450\n|move|p1a: Deoxys|Knock Off|p2a: Kyurem\n|-damage|p2a: Kyurem|73/100\n|-enditem|p2a: Kyurem|Choice Specs|[from] move: Knock Off|[of] p1a: Deoxys\n|move|p2a: Kyurem|Draco Meteor|p1a: Deoxys\n|-damage|p1a: Deoxys|0 fnt\n|-unboost|p2a: Kyurem|spa|2\n|faint|p1a: Deoxys\n|\n|upkeep\n|\n|t:|1771235461\n|switch|p1a: Enamorus|Enamorus, F|100/100\n|turn|2\n|\n|t:|1771235467\n|switch|p2a: Volcanion|Volcanion|100/100\n|move|p1a: Enamorus|Calm Mind|p1a: Enamorus\n|-boost|p1a: Enamorus|spa|1\n|-boost|p1a: Enamorus|spd|1\n|\n|upkeep\n|turn|3\n|\n|t:|1771235474\n|move|p1a: Enamorus|Substitute|p1a: Enamorus\n|-start|p1a: Enamorus|Substitute\n|-damage|p1a: Enamorus|75/100\n|move|p2a: Volcanion|Sludge Bomb|p1a: Enamorus\n|-supereffective|p1a: Enamorus\n|-end|p1a: Enamorus|Substitute\n|\n|-heal|p1a: Enamorus|82/100|[from] item: Leftovers\n|upkeep\n|turn|4\n|\n|t:|1771235477\n|move|p1a: Enamorus|Earth Power|p2a: Volcanion\n|-supereffective|p2a: Volcanion\n|-damage|p2a: Volcanion|35/100\n|-unboost|p2a: Volcanion|spd|1\n|move|p2a: Volcanion|Sludge Bomb|p1a: Enamorus\n|-supereffective|p1a: Enamorus\n|-damage|p1a: Enamorus|17/100\n|\n|-heal|p1a: Enamorus|23/100|[from] item: Leftovers\n|upkeep\n|turn|5\n|\n|t:|1771235485\n|move|p1a: Enamorus|Moonblast|p2a: Volcanion\n|-resisted|p2a: Volcanion\n|-damage|p2a: Volcanion|0 fnt\n|faint|p2a: Volcanion\n|\n|-heal|p1a: Enamorus|30/100|[from] item: Leftovers\n|upkeep\n|\n|t:|1771235488\n|switch|p2a: Cinderace|Cinderace, F|100/100\n|turn|6\n|\n|t:|1771235494\n|move|p2a: Cinderace|Pyro Ball|p1a: Enamorus|[miss]\n|-miss|p2a: Cinderace|p1a: Enamorus\n|move|p1a: Enamorus|Earth Power|p2a: Cinderace\n|-supereffective|p2a: Cinderace\n|-damage|p2a: Cinderace|0 fnt\n|faint|p2a: Cinderace\n|\n|-heal|p1a: Enamorus|36/100|[from] item: Leftovers\n|upkeep\n|\n|t:|1771235520\n|switch|p2a: Garchomp|Garchomp, F|100/100\n|turn|7\n|\n|t:|1771235525\n|-terastallize|p2a: Garchomp|Steel\n|move|p1a: Enamorus|Substitute|p1a: Enamorus\n|-start|p1a: Enamorus|Substitute\n|-damage|p1a: Enamorus|11/100\n|move|p2a: Garchomp|Iron Head|p1a: Enamorus\n|-supereffective|p1a: Enamorus\n|-end|p1a: Enamorus|Substitute\n|\n|-heal|p1a: Enamorus|17/100|[from] item: Leftovers\n|upkeep\n|turn|8\n|\n|t:|1771235529\n|move|p1a: Enamorus|Earth Power|p2a: Garchomp\n|-supereffective|p2a: Garchomp\n|-damage|p2a: Garchomp|0 fnt\n|faint|p2a: Garchomp\n|\n|-heal|p1a: Enamorus|23/100|[from] item: Leftovers\n|upkeep\n|\n|t:|1771235532\n|switch|p2a: Zapdos|Zapdos|100/100\n|turn|9\n|\n|t:|1771235542\n|-terastallize|p1a: Enamorus|Ground\n|move|p1a: Enamorus|Moonblast|p2a: Zapdos\n|-crit|p2a: Zapdos\n|-damage|p2a: Zapdos|0 fnt\n|faint|p2a: Zapdos\n|\n|-heal|p1a: Enamorus|29/100|[from] item: Leftovers\n|upkeep\n|-message|DuckyBro forfeited.\n|\n|win|fck_yellow_magic\n|raw|fck_yellow_magic's rating: 1585 &rarr; <strong>1603</strong><br />(+18 for winning)\n|raw|DuckyBro's rating: 1545 &rarr; <strong>1527</strong><br />(-18 for losing)\n|l|‽DuckyBro\n|player|p2|\n|l|☆fck_yellow_magic\n|player|p1|\n", "uploadtime": 1771235816, "views": 10, "formatid": "gen9ou", "rating": 1527, "private": 0, "password": null}