{"id": "gen9ou-2647743984", "format": "[Gen 9] OU", "players": ["sharkguy8812", "786348923646843a"], "log": "|j|☆sharkguy8812\n|j|☆786348923646843a\n|t:|1783805205\n|gametype|singles\n|player|p1|sharkguy8812|2|1064\n|player|p2|786348923646843a|blackbelt-gen4dp|1059\n|gen|9\n|tier|[Gen 9] OU\n|rated|\n|rule|HP Percentage Mod: HP is shown in percentages\n|rule|Endless Battle Clause: Forcing endless battles is banned\n|rule|Species Clause: Limit one of each Pokémon\n|rule|OHKO Clause: OHKO moves are banned\n|rule|Evasion Items Clause: Evasion items are banned\n|rule|Evasion Moves Clause: Evasion moves are banned\n|rule|Evasion Abilities Clause: Evasion abilities are banned\n|rule|Sleep Moves Clause: Sleep-inducing moves are banned\n|clearpoke\n|poke|p1|Iron Hands|\n|poke|p1|Sandaconda, F|\n|poke|p1|Dragapult, F|\n|poke|p1|Garganacl, M|\n|poke|p1|Hippowdon, M|\n|poke|p1|Hatterene, F|\n|poke|p2|Kingambit, M|\n|poke|p2|Dragapult, F|\n|poke|p2|Gholdengo|\n|poke|p2|Iron Moth|\n|poke|p2|Ceruledge, F|\n|poke|p2|Deoxys-Speed|\n|teampreview\n|\n|t:|1783805212\n|teamsize|p1|6\n|teamsize|p2|6\n|start\n|switch|p1a: Hatterene|Hatterene, F|100/100\n|switch|p2a: Deoxys|Deoxys-Speed|100/100\n|-ability|p2a: Deoxys|Pressure\n|-item|p2a: Deoxys|Air Balloon\n|turn|1\n|\n|t:|1783805225\n|move|p2a: Deoxys|Calm Mind|p2a: Deoxys\n|-boost|p2a: Deoxys|spa|1\n|-boost|p2a: Deoxys|spd|1\n|move|p1a: Hatterene|Trick Room|p1a: Hatterene\n|-fieldstart|move: Trick Room|[of] p1a: Hatterene\n|\n|upkeep\n|turn|2\n|\n|t:|1783805233\n|switch|p1a: Hippowdon|Hippowdon, M|100/100\n|-weather|Sandstorm|[from] ability: Sand Stream|[of] p1a: Hippowdon\n|move|p2a: Deoxys|Meteor Beam||[still]\n|-prepare|p2a: Deoxys|Meteor Beam\n|-boost|p2a: Deoxys|spa|1\n|\n|-weather|Sandstorm|[upkeep]\n|-damage|p2a: Deoxys|94/100|[from] Sandstorm\n|upkeep\n|turn|3\n|\n|t:|1783805242\n|move|p2a: Deoxys|Meteor Beam|p1a: Hippowdon|[from] lockedmove\n|-resisted|p1a: Hippowdon\n|-damage|p1a: Hippowdon|72/100\n|move|p1a: Hippowdon|Whirlwind|p2a: Deoxys\n|drag|p2a: Dragapult|Dragapult, F|100/100\n|\n|-weather|Sandstorm|[upkeep]\n|-damage|p2a: Dragapult|95/100|[from] Sandstorm\n|upkeep\n|turn|4\n|\n|t:|1783805257\n|switch|p1a: Sandaconda|Sandaconda, F|100/100\n|move|p2a: Dragapult|Shadow Ball|p1a: Sandaconda\n|-damage|p1a: Sandaconda|42/100\n|\n|-weather|Sandstorm|[upkeep]\n|-damage|p2a: Dragapult|89/100|[from] Sandstorm\n|upkeep\n|turn|5\n|\n|t:|1783805267\n|move|p1a: Sandaconda|Earthquake|p2a: Dragapult\n|-damage|p2a: Dragapult|30/100\n|move|p2a: Dragapult|Shadow Ball|p1a: Sandaconda\n|-damage|p1a: Sandaconda|0 fnt\n|faint|p1a: Sandaconda\n|\n|-weather|Sandstorm|[upkeep]\n|-damage|p2a: Dragapult|24/100|[from] Sandstorm\n|-fieldend|move: Trick Room\n|upkeep\n|\n|t:|1783805276\n|switch|p1a: Garganacl|Garganacl, M|100/100\n|turn|6\n|\n|t:|1783805281\n|move|p2a: Dragapult|Shadow Ball|p1a: Garganacl\n|-damage|p1a: Garganacl|88/100\n|-unboost|p1a: Garganacl|spd|1\n|move|p1a: Garganacl|Stealth Rock|p2a: Dragapult\n|-sidestart|p2: 786348923646843a|move: Stealth Rock\n|\n|-weather|none\n|-heal|p1a: Garganacl|94/100|[from] item: Leftovers\n|upkeep\n|turn|7\n|\n|t:|1783805299\n|switch|p1a: Hatterene|Hatterene, F|100/100\n|move|p2a: Dragapult|Shadow Ball|p1a: Hatterene\n|-supereffective|p1a: Hatterene\n|-damage|p1a: Hatterene|0 fnt\n|faint|p1a: Hatterene\n|\n|upkeep\n|\n|t:|1783805308\n|switch|p1a: Hippowdon|Hippowdon, M|72/100\n|-weather|Sandstorm|[from] ability: Sand Stream|[of] p1a: Hippowdon\n|turn|8\n|\n|t:|1783805314\n|move|p2a: Dragapult|Shadow Ball|p1a: Hippowdon\n|-damage|p1a: Hippowdon|30/100\n|move|p1a: Hippowdon|Whirlwind|p2a: Dragapult\n|drag|p2a: Iron Moth|Iron Moth|100/100\n|-damage|p2a: Iron Moth|76/100|[from] Stealth Rock\n|-enditem|p2a: Iron Moth|Booster Energy\n|-activate|p2a: Iron Moth|ability: Quark Drive|[fromitem]\n|-start|p2a: Iron Moth|quarkdrivespa\n|\n|-weather|Sandstorm|[upkeep]\n|-damage|p2a: Iron Moth|70/100|[from] Sandstorm\n|upkeep\n|turn|9\n|\n|t:|1783805329\n|move|p2a: Iron Moth|Energy Ball|p1a: Hippowdon\n|-supereffective|p1a: Hippowdon\n|-damage|p1a: Hippowdon|0 fnt\n|faint|p1a: Hippowdon\n|\n|-weather|Sandstorm|[upkeep]\n|-damage|p2a: Iron Moth|64/100|[from] Sandstorm\n|upkeep\n|\n|t:|1783805336\n|switch|p1a: Dragapult|Dragapult, F|100/100\n|turn|10\n|\n|t:|1783805343\n|move|p2a: Iron Moth|U-turn|p1a: Dragapult\n|-resisted|p1a: Dragapult\n|-damage|p1a: Dragapult|94/100\n|\n|t:|1783805349\n|-end|p2a: Iron Moth|Quark Drive|[silent]\n|switch|p2a: Deoxys|Deoxys-Speed|94/100|[from] U-turn\n|-damage|p2a: Deoxys|82/100|[from] Stealth Rock\n|-ability|p2a: Deoxys|Pressure\n|-item|p2a: Deoxys|Air Balloon\n|move|p1a: Dragapult|Draco Meteor|p2a: Deoxys\n|-damage|p2a: Deoxys|0 fnt\n|-unboost|p1a: Dragapult|spa|2\n|-enditem|p2a: Deoxys|Air Balloon\n|faint|p2a: Deoxys\n|-damage|p1a: Dragapult|84/100|[from] item: Life Orb\n|\n|-weather|Sandstorm|[upkeep]\n|-damage|p1a: Dragapult|78/100|[from] Sandstorm\n|upkeep\n|\n|t:|1783805364\n|switch|p2a: Ceruledge|Ceruledge, F|100/100\n|-damage|p2a: Ceruledge|76/100|[from] Stealth Rock\n|turn|11\n|\n|t:|1783805380\n|move|p1a: Dragapult|Dragon Darts|p2a: Ceruledge\n|-damage|p2a: Ceruledge|38/100\n|-anim|p1a: Dragapult|Dragon Darts|p2a: Ceruledge\n|-damage|p2a: Ceruledge|0 fnt\n|faint|p2a: Ceruledge\n|-damage|p1a: Dragapult|68/100|[from] item: Life Orb\n|\n|-weather|Sandstorm|[upkeep]\n|-damage|p1a: Dragapult|62/100|[from] Sandstorm\n|upkeep\n|\n|t:|1783805391\n|switch|p2a: Iron Moth|Iron Moth|64/100\n|-damage|p2a: Iron Moth|39/100|[from] Stealth Rock\n|turn|12\n|\n|t:|1783805400\n|move|p2a: Iron Moth|Energy Ball|p1a: Dragapult\n|-resisted|p1a: Dragapult\n|-damage|p1a: Dragapult|45/100\n|-unboost|p1a: Dragapult|spd|1\n|move|p1a: Dragapult|Dragon Darts|p2a: Iron Moth\n|-damage|p2a: Iron Moth|0 fnt\n|faint|p2a: Iron Moth\n|-end|p2a: Iron Moth|Quark Drive|[silent]\n|-damage|p1a: Dragapult|35/100|[from] item: Life Orb\n|\n|-weather|none\n|upkeep\n|\n|t:|1783805411\n|switch|p2a: Gholdengo|Gholdengo|100/100\n|-damage|p2a: Gholdengo|94/100|[from] Stealth Rock\n|-item|p2a: Gholdengo|Air Balloon\n|turn|13\n|\n|t:|1783805417\n|switch|p1a: Garganacl|Garganacl, M|94/100\n|move|p2a: Gholdengo|Shadow Ball|p1a: Garganacl\n|-damage|p1a: Garganacl|80/100\n|\n|-heal|p1a: Garganacl|86/100|[from] item: Leftovers\n|upkeep\n|turn|14\n|\n|t:|1783805431\n|move|p2a: Gholdengo|Make It Rain|p1a: Garganacl\n|-supereffective|p1a: Garganacl\n|-damage|p1a: Garganacl|0 fnt\n|-unboost|p2a: Gholdengo|spa|1\n|faint|p1a: Garganacl\n|\n|upkeep\n|\n|t:|1783805440\n|switch|p1a: Iron Hands|Iron Hands|100/100\n|-enditem|p1a: Iron Hands|Booster Energy\n|-activate|p1a: Iron Hands|ability: Quark Drive|[fromitem]\n|-start|p1a: Iron Hands|quarkdriveatk\n|turn|15\n|\n|t:|1783805449\n|move|p2a: Gholdengo|Nasty Plot|p2a: Gholdengo\n|-boost|p2a: Gholdengo|spa|2\n|move|p1a: Iron Hands|Play Rough|p2a: Gholdengo\n|-resisted|p2a: Gholdengo\n|-damage|p2a: Gholdengo|72/100\n|-enditem|p2a: Gholdengo|Air Balloon\n|\n|upkeep\n|turn|16\n|\n|t:|1783805458\n|move|p2a: Gholdengo|Nasty Plot|p2a: Gholdengo\n|-boost|p2a: Gholdengo|spa|2\n|move|p1a: Iron Hands|Volt Switch|p2a: Gholdengo\n|-damage|p2a: Gholdengo|56/100\n|\n|t:|1783805469\n|-end|p1a: Iron Hands|Quark Drive|[silent]\n|switch|p1a: Dragapult|Dragapult, F|35/100|[from] Volt Switch\n|\n|upkeep\n|turn|17\n|\n|t:|1783805477\n|move|p1a: Dragapult|Draco Meteor|p2a: Gholdengo\n|-resisted|p2a: Gholdengo\n|-damage|p2a: Gholdengo|18/100\n|-unboost|p1a: Dragapult|spa|2\n|-damage|p1a: Dragapult|25/100|[from] item: Life Orb\n|move|p2a: Gholdengo|Shadow Ball|p1a: Dragapult\n|-supereffective|p1a: Dragapult\n|-damage|p1a: Dragapult|0 fnt\n|faint|p1a: Dragapult\n|\n|upkeep\n|\n|t:|1783805487\n|switch|p1a: Iron Hands|Iron Hands|100/100\n|turn|18\n|\n|t:|1783805495\n|move|p2a: Gholdengo|Make It Rain|p1a: Iron Hands\n|-resisted|p1a: Iron Hands\n|-damage|p1a: Iron Hands|41/100\n|-unboost|p2a: Gholdengo|spa|1\n|move|p1a: Iron Hands|Play Rough|p2a: Gholdengo\n|-resisted|p2a: Gholdengo\n|-damage|p2a: Gholdengo|0 fnt\n|faint|p2a: Gholdengo\n|\n|upkeep\n|\n|t:|1783805504\n|switch|p2a: Dragapult|Dragapult, F|24/100\n|-damage|p2a: Dragapult|12/100|[from] Stealth Rock\n|turn|19\n|\n|t:|1783805511\n|move|p2a: Dragapult|Draco Meteor|p1a: Iron Hands\n|-damage|p1a: Iron Hands|0 fnt\n|-unboost|p2a: Dragapult|spa|2\n|faint|p1a: Iron Hands\n|-end|p1a: Iron Hands|Quark Drive|[silent]\n|\n|win|786348923646843a\n|raw|sharkguy8812's rating: 1064 &rarr; <strong>1044</strong><br />(-20 for losing)\n|raw|786348923646843a's rating: 1059 &rarr; <strong>1091</strong><br />(+32 for winning)\n|l|☆sharkguy8812\n|player|p1|\n|l|☆786348923646843a\n|player|p2|\n", "uploadtime": 1783805835, "views": 3, "formatid": "gen9ou", "rating": 1044, "private": 0, "password": null}