{"id": "gen9ou-2647676664", "format": "[Gen 9] OU", "players": ["real heartgold shi", "Scce"], "log": "|j|☆real heartgold shi\n|j|☆Scce\n|t:|1783794747\n|gametype|singles\n|player|p1|real heartgold shi|shauntal|1417\n|player|p2|Scce|102|1413\n|gen|9\n|tier|[Gen 9] OU\n|rated|\n|rule|HP Percentage Mod: HP is shown in percentages\n|rule|Endless Battle Clause: Forcing endless battles is banned\n|rule|Species Clause: Limit one of each Pokémon\n|rule|OHKO Clause: OHKO moves are banned\n|rule|Evasion Items Clause: Evasion items are banned\n|rule|Evasion Moves Clause: Evasion moves are banned\n|rule|Evasion Abilities Clause: Evasion abilities are banned\n|rule|Sleep Moves Clause: Sleep-inducing moves are banned\n|clearpoke\n|poke|p1|Samurott-Hisui, M|\n|poke|p1|Landorus-Therian, M|\n|poke|p1|Primarina, M|\n|poke|p1|Gholdengo|\n|poke|p1|Dragapult, M|\n|poke|p1|Rillaboom, F|\n|poke|p2|Hatterene, F|\n|poke|p2|Cresselia, F|\n|poke|p2|Diancie|\n|poke|p2|Reuniclus, M|\n|poke|p2|Conkeldurr, M|\n|poke|p2|Torterra, F|\n|teampreview\n|\n|t:|1783794758\n|teamsize|p1|6\n|teamsize|p2|6\n|start\n|switch|p1a: Samurott|Samurott-Hisui, M|100/100\n|switch|p2a: Hatterene|Hatterene, F, shiny|100/100\n|turn|1\n|\n|t:|1783794765\n|move|p1a: Samurott|Ceaseless Edge|p2a: Hatterene|[miss]\n|-miss|p1a: Samurott|p2a: Hatterene\n|move|p2a: Hatterene|Trick Room|p2a: Hatterene\n|-fieldstart|move: Trick Room|[of] p2a: Hatterene\n|\n|upkeep\n|turn|2\n|\n|t:|1783794767\n|move|p2a: Hatterene|Dazzling Gleam|p1a: Samurott\n|-supereffective|p1a: Samurott\n|-enditem|p1a: Samurott|Focus Sash\n|-damage|p1a: Samurott|1/100\n|move|p1a: Samurott|Ceaseless Edge|p2a: Hatterene\n|-damage|p2a: Hatterene|54/100\n|-sidestart|p2: Scce|Spikes\n|\n|upkeep\n|turn|3\n|\n|t:|1783794778\n|move|p2a: Hatterene|Dazzling Gleam|p1a: Samurott\n|-supereffective|p1a: Samurott\n|-damage|p1a: Samurott|0 fnt\n|faint|p1a: Samurott\n|\n|upkeep\n|\n|t:|1783794796\n|switch|p1a: Gholdengo|Gholdengo|100/100\n|turn|4\n|\n|t:|1783794905\n|move|p2a: Hatterene|Healing Wish|p2a: Hatterene\n|faint|p2a: Hatterene\n|move|p1a: Gholdengo|Shadow Ball|p2: Hatterene|[notarget]\n|-fail|p1a: Gholdengo\n|\n|upkeep\n|\n|t:|1783794917\n|switch|p2a: Torterra|Torterra, F, shiny|100/100\n|-damage|p2a: Torterra|88/100|[from] Spikes\n|turn|5\n|\n|t:|1783794931\n|switch|p1a: Landorus|Landorus-Therian, M|100/100\n|-ability|p1a: Landorus|Intimidate|boost\n|-unboost|p2a: Torterra|atk|1\n|move|p2a: Torterra|Headlong Rush|p1a: Landorus\n|-immune|p1a: Landorus\n|\n|-fieldend|move: Trick Room\n|upkeep\n|turn|6\n|\n|t:|1783794938\n|switch|p2a: Cresselia|Cresselia, F, shiny|100/100\n|move|p1a: Landorus|Stealth Rock|p2a: Cresselia\n|-sidestart|p2: Scce|move: Stealth Rock\n|\n|upkeep\n|turn|7\n|\n|t:|1783794958\n|move|p1a: Landorus|U-turn|p2a: Cresselia\n|-supereffective|p2a: Cresselia\n|-damage|p2a: Cresselia|71/100\n|\n|t:|1783794961\n|switch|p1a: Gholdengo|Gholdengo|100/100|[from] U-turn\n|move|p2a: Cresselia|Trick Room|p2a: Cresselia\n|-fieldstart|move: Trick Room|[of] p2a: Cresselia\n|\n|upkeep\n|turn|8\n|\n|t:|1783794975\n|switch|p2a: Torterra|Torterra, F, shiny|88/100\n|-heal|p2a: Torterra|100/100|[from] move: Healing Wish\n|-damage|p2a: Torterra|88/100|[from] Spikes\n|-damage|p2a: Torterra|82/100|[from] Stealth Rock\n|move|p1a: Gholdengo|Shadow Ball|p2a: Torterra\n|-damage|p2a: Torterra|42/100\n|\n|upkeep\n|turn|9\n|\n|t:|1783794979\n|move|p2a: Torterra|Swords Dance|p2a: Torterra\n|-boost|p2a: Torterra|atk|2\n|move|p1a: Gholdengo|Shadow Ball|p2a: Torterra\n|-damage|p2a: Torterra|0 fnt\n|faint|p2a: Torterra\n|\n|upkeep\n|\n|t:|1783794983\n|switch|p2a: Conkeldurr|Conkeldurr, M, shiny|100/100\n|-damage|p2a: Conkeldurr|88/100|[from] Spikes\n|-damage|p2a: Conkeldurr|82/100|[from] Stealth Rock\n|turn|10\n|\n|t:|1783794986\n|switch|p1a: Landorus|Landorus-Therian, M|100/100\n|-ability|p1a: Landorus|Intimidate|boost\n|-unboost|p2a: Conkeldurr|atk|1\n|move|p2a: Conkeldurr|Knock Off|p1a: Landorus\n|-damage|p1a: Landorus|75/100\n|-damage|p2a: Conkeldurr|65/100|[from] item: Rocky Helmet|[of] p1a: Landorus\n|-enditem|p1a: Landorus|Rocky Helmet|[from] move: Knock Off|[of] p2a: Conkeldurr\n|\n|-status|p2a: Conkeldurr|brn|[from] item: Flame Orb\n|upkeep\n|turn|11\n|\n|t:|1783794990\n|switch|p1a: Dragapult|Dragapult, M|100/100\n|move|p2a: Conkeldurr|Facade|p1a: Dragapult\n|-immune|p1a: Dragapult\n|\n|-damage|p2a: Conkeldurr|59/100 brn|[from] brn\n|-fieldend|move: Trick Room\n|upkeep\n|turn|12\n|\n|t:|1783795005\n|move|p1a: Dragapult|Dragon Dance|p1a: Dragapult\n|-boost|p1a: Dragapult|atk|1\n|-boost|p1a: Dragapult|spe|1\n|move|p2a: Conkeldurr|Knock Off|p1a: Dragapult\n|-supereffective|p1a: Dragapult\n|-damage|p1a: Dragapult|0 fnt\n|-enditem|p1a: Dragapult|Leftovers|[from] move: Knock Off|[of] p2a: Conkeldurr\n|faint|p1a: Dragapult\n|\n|-damage|p2a: Conkeldurr|53/100 brn|[from] brn\n|upkeep\n|\n|t:|1783795011\n|switch|p1a: Landorus|Landorus-Therian, M|75/100\n|-ability|p1a: Landorus|Intimidate|boost\n|-unboost|p2a: Conkeldurr|atk|1\n|turn|13\n|\n|t:|1783795041\n|switch|p2a: Cresselia|Cresselia, F, shiny|71/100\n|-damage|p2a: Cresselia|58/100|[from] Stealth Rock\n|move|p1a: Landorus|Earthquake|p2a: Cresselia\n|-immune|p2a: Cresselia|[from] ability: Levitate\n|\n|upkeep\n|turn|14\n|\n|t:|1783795045\n|move|p1a: Landorus|Taunt|p2a: Cresselia\n|-start|p2a: Cresselia|move: Taunt\n|-enditem|p2a: Cresselia|Mental Herb\n|-end|p2a: Cresselia|move: Taunt\n|move|p2a: Cresselia|Trick Room|p2a: Cresselia\n|-fieldstart|move: Trick Room|[of] p2a: Cresselia\n|\n|upkeep\n|turn|15\n|\n|t:|1783795050\n|move|p2a: Cresselia|Ice Beam|p1a: Landorus\n|-supereffective|p1a: Landorus\n|-damage|p1a: Landorus|6/100\n|move|p1a: Landorus|U-turn|p2a: Cresselia\n|-supereffective|p2a: Cresselia\n|-damage|p2a: Cresselia|31/100\n|\n|t:|1783795056\n|switch|p1a: Rillaboom|Rillaboom, F|100/100|[from] U-turn\n|-fieldstart|move: Grassy Terrain|[from] ability: Grassy Surge|[of] p1a: Rillaboom\n|\n|upkeep\n|turn|16\n|\n|t:|1783795085\n|move|p1a: Rillaboom|Grassy Glide|p2a: Cresselia\n|-damage|p2a: Cresselia|0 fnt\n|faint|p2a: Cresselia\n|\n|upkeep\n|\n|t:|1783795104\n|switch|p2a: Reuniclus|Reuniclus, M|100/100\n|turn|17\n|\n|t:|1783795111\n|switch|p1a: Gholdengo|Gholdengo|100/100\n|move|p2a: Reuniclus|Psychic|p1a: Gholdengo\n|-resisted|p1a: Gholdengo\n|-damage|p1a: Gholdengo|65/100\n|\n|-heal|p1a: Gholdengo|71/100|[from] Grassy Terrain\n|upkeep\n|turn|18\n|\n|t:|1783795114\n|move|p2a: Reuniclus|Shadow Ball|p1a: Gholdengo\n|-supereffective|p1a: Gholdengo\n|-damage|p1a: Gholdengo|0 fnt\n|faint|p1a: Gholdengo\n|\n|-fieldend|move: Trick Room\n|upkeep\n|\n|t:|1783795120\n|switch|p1a: Rillaboom|Rillaboom, F|100/100\n|turn|19\n|\n|t:|1783795124\n|move|p1a: Rillaboom|Knock Off|p2a: Reuniclus\n|-supereffective|p2a: Reuniclus\n|-damage|p2a: Reuniclus|12/100\n|-enditem|p2a: Reuniclus|Life Orb|[from] move: Knock Off|[of] p1a: Rillaboom\n|move|p2a: Reuniclus|Psychic|p1a: Rillaboom\n|-damage|p1a: Rillaboom|28/100\n|\n|-heal|p1a: Rillaboom|34/100|[from] Grassy Terrain\n|-heal|p2a: Reuniclus|18/100|[from] Grassy Terrain\n|-fieldend|move: Grassy Terrain\n|upkeep\n|turn|20\n|\n|t:|1783795130\n|switch|p1a: Primarina|Primarina, M|100/100\n|move|p2a: Reuniclus|Psychic|p1a: Primarina\n|-damage|p1a: Primarina|61/100\n|\n|upkeep\n|turn|21\n|\n|t:|1783795135\n|move|p1a: Primarina|Draining Kiss|p2a: Reuniclus\n|-damage|p2a: Reuniclus|0 fnt\n|-heal|p1a: Primarina|75/100|[from] drain|[of] p2a: Reuniclus\n|faint|p2a: Reuniclus\n|\n|upkeep\n|\n|t:|1783795163\n|switch|p2a: Diancie|Diancie|100/100\n|-damage|p2a: Diancie|88/100|[from] Spikes\n|-damage|p2a: Diancie|76/100|[from] Stealth Rock\n|turn|22\n|\n|t:|1783795166\n|-terastallize|p2a: Diancie|Steel\n|move|p1a: Primarina|Draining Kiss|p2a: Diancie\n|-resisted|p2a: Diancie\n|-damage|p2a: Diancie|58/100\n|-heal|p1a: Primarina|86/100|[from] drain|[of] p2a: Diancie\n|move|p2a: Diancie|Trick Room|p2a: Diancie\n|-fieldstart|move: Trick Room|[of] p2a: Diancie\n|\n|upkeep\n|turn|23\n|\n|t:|1783795174\n|move|p2a: Diancie|Meteor Beam||[still]\n|-prepare|p2a: Diancie|Meteor Beam\n|-boost|p2a: Diancie|spa|1\n|-enditem|p2a: Diancie|Power Herb\n|-anim|p2a: Diancie|Meteor Beam|p1a: Primarina\n|-damage|p1a: Primarina|19/100\n|move|p1a: Primarina|Draining Kiss|p2a: Diancie\n|-resisted|p2a: Diancie\n|-crit|p2a: Diancie\n|-damage|p2a: Diancie|32/100\n|-heal|p1a: Primarina|35/100|[from] drain|[of] p2a: Diancie\n|\n|upkeep\n|turn|24\n|\n|t:|1783795178\n|move|p2a: Diancie|Moonblast|p1a: Primarina\n|-damage|p1a: Primarina|0 fnt\n|faint|p1a: Primarina\n|\n|upkeep\n|\n|t:|1783795183\n|switch|p1a: Landorus|Landorus-Therian, M|6/100\n|-ability|p1a: Landorus|Intimidate|boost\n|-fail|p2a: Diancie|unboost|[from] ability: Clear Body|[of] p2a: Diancie\n|turn|25\n|\n|t:|1783795191\n|move|p2a: Diancie|Moonblast|p1a: Landorus\n|-damage|p1a: Landorus|0 fnt\n|faint|p1a: Landorus\n|\n|upkeep\n|\n|t:|1783795194\n|switch|p1a: Rillaboom|Rillaboom, F|34/100\n|-fieldstart|move: Grassy Terrain|[from] ability: Grassy Surge|[of] p1a: Rillaboom\n|turn|26\n|\n|t:|1783795198\n|-terastallize|p1a: Rillaboom|Grass\n|move|p1a: Rillaboom|Grassy Glide|p2a: Diancie\n|-resisted|p2a: Diancie\n|-damage|p2a: Diancie|1/100\n|move|p2a: Diancie|Moonblast|p1a: Rillaboom\n|-damage|p1a: Rillaboom|0 fnt\n|faint|p1a: Rillaboom\n|\n|win|Scce\n|raw|real heartgold shi's rating: 1417 &rarr; <strong>1397</strong><br />(-20 for losing)\n|raw|Scce's rating: 1413 &rarr; <strong>1433</strong><br />(+20 for winning)\n|l|☆real heartgold shi\n|player|p1|\n|l|☆Scce\n|player|p2|\n", "uploadtime": 1783795572, "views": 13, "formatid": "gen9ou", "rating": 1397, "private": 0, "password": null}