{"id": "gen9ou-2647759552", "format": "[Gen 9] OU", "players": ["lemurd", "JEREPM"], "log": "|j|☆lemurd\n|j|☆JEREPM\n|t:|1783807709\n|gametype|singles\n|player|p1|lemurd|1|1086\n|player|p2|JEREPM|lucas|1099\n|gen|9\n|tier|[Gen 9] OU\n|rated|\n|rule|HP Percentage Mod: HP is shown in percentages\n|rule|Endless Battle Clause: Forcing endless battles is banned\n|rule|Species Clause: Limit one of each Pokémon\n|rule|OHKO Clause: OHKO moves are banned\n|rule|Evasion Items Clause: Evasion items are banned\n|rule|Evasion Moves Clause: Evasion moves are banned\n|rule|Evasion Abilities Clause: Evasion abilities are banned\n|rule|Sleep Moves Clause: Sleep-inducing moves are banned\n|clearpoke\n|poke|p1|Iron Treads|\n|poke|p1|Glimmora, M|\n|poke|p1|Pecharunt|\n|poke|p1|Rillaboom, M|\n|poke|p1|Hitmontop, M|\n|poke|p1|Clefable, M|\n|poke|p2|Ninetales-Alola, M|\n|poke|p2|Blastoise, F|\n|poke|p2|Darkrai|\n|poke|p2|Gliscor, F|\n|poke|p2|Grafaiai, F|\n|poke|p2|Samurott-Hisui, M|\n|teampreview\n|inactive|Battle timer is ON: inactive players will automatically lose when time's up. (requested by lemurd)\n|\n|t:|1783807730\n|teamsize|p1|6\n|teamsize|p2|6\n|start\n|switch|p1a: Iron Treads|Iron Treads|100/100\n|switch|p2a: Samurott|Samurott-Hisui, M|100/100\n|-enditem|p1a: Iron Treads|Booster Energy\n|-activate|p1a: Iron Treads|ability: Quark Drive|[fromitem]\n|-start|p1a: Iron Treads|quarkdriveatk\n|turn|1\n|\n|t:|1783807754\n|-terastallize|p1a: Iron Treads|Flying\n|move|p1a: Iron Treads|Earthquake|p2a: Samurott\n|-damage|p2a: Samurott|8/100\n|move|p2a: Samurott|Aqua Cutter|p1a: Iron Treads\n|-damage|p1a: Iron Treads|60/100\n|\n|upkeep\n|turn|2\n|\n|t:|1783807766\n|switch|p2a: Gliscor|Gliscor, F|100/100\n|move|p1a: Iron Treads|Rapid Spin|p2a: Gliscor\n|-damage|p2a: Gliscor|85/100\n|-boost|p1a: Iron Treads|spe|1\n|\n|-status|p2a: Gliscor|tox|[from] item: Toxic Orb\n|upkeep\n|turn|3\n|\n|t:|1783807777\n|move|p1a: Iron Treads|Ice Spinner|p2a: Gliscor\n|-supereffective|p2a: Gliscor\n|-damage|p2a: Gliscor|0 fnt\n|faint|p2a: Gliscor\n|\n|upkeep\n|\n|t:|1783807790\n|switch|p2a: Blastoise|Blastoise, F|100/100\n|turn|4\n|\n|t:|1783807801\n|move|p1a: Iron Treads|Knock Off|p2a: Blastoise\n|-damage|p2a: Blastoise|57/100\n|-enditem|p2a: Blastoise|Heavy-Duty Boots|[from] move: Knock Off|[of] p1a: Iron Treads\n|move|p2a: Blastoise|Zen Headbutt|p1a: Iron Treads\n|-damage|p1a: Iron Treads|47/100\n|\n|upkeep\n|turn|5\n|\n|t:|1783807810\n|move|p1a: Iron Treads|Earthquake|p2a: Blastoise\n|-damage|p2a: Blastoise|0 fnt\n|faint|p2a: Blastoise\n|\n|upkeep\n|\n|t:|1783807814\n|switch|p2a: Darkrai|Darkrai|100/100\n|turn|6\n|\n|t:|1783807822\n|move|p1a: Iron Treads|Earthquake|p2a: Darkrai\n|-damage|p2a: Darkrai|23/100\n|move|p2a: Darkrai|Dark Pulse|p1a: Iron Treads\n|-damage|p1a: Iron Treads|0 fnt\n|faint|p1a: Iron Treads\n|-end|p1a: Iron Treads|Quark Drive|[silent]\n|\n|upkeep\n|\n|t:|1783807826\n|switch|p1a: Hitmontop|Hitmontop, M|100/100\n|-ability|p1a: Hitmontop|Intimidate|boost\n|-unboost|p2a: Darkrai|atk|1\n|turn|7\n|\n|t:|1783807841\n|move|p1a: Hitmontop|Bullet Punch|p2a: Darkrai\n|-damage|p2a: Darkrai|12/100\n|move|p2a: Darkrai|Foul Play|p1a: Hitmontop\n|-resisted|p1a: Hitmontop\n|-damage|p1a: Hitmontop|84/100\n|\n|upkeep\n|turn|8\n|\n|t:|1783807848\n|move|p1a: Hitmontop|Bullet Punch|p2a: Darkrai\n|-damage|p2a: Darkrai|3/100\n|move|p2a: Darkrai|Foul Play|p1a: Hitmontop\n|-resisted|p1a: Hitmontop\n|-damage|p1a: Hitmontop|67/100\n|\n|upkeep\n|turn|9\n|\n|t:|1783807853\n|move|p1a: Hitmontop|Bullet Punch|p2a: Darkrai\n|-damage|p2a: Darkrai|0 fnt\n|faint|p2a: Darkrai\n|\n|upkeep\n|\n|t:|1783807867\n|switch|p2a: Grafaiai|Grafaiai, F|100/100\n|turn|10\n|\n|t:|1783807876\n|move|p2a: Grafaiai|Encore|p1a: Hitmontop\n|-start|p1a: Hitmontop|Encore\n|move|p1a: Hitmontop|Bullet Punch|p2a: Grafaiai\n|-damage|p2a: Grafaiai|86/100\n|\n|-heal|p2a: Grafaiai|92/100|[from] item: Black Sludge\n|upkeep\n|turn|11\n|\n|t:|1783807890\n|switch|p1a: Glimmora|Glimmora, M, shiny|100/100\n|move|p2a: Grafaiai|Parting Shot|p1a: Glimmora\n|-unboost|p1a: Glimmora|atk|1\n|-unboost|p1a: Glimmora|spa|1\n|\n|t:|1783807900\n|switch|p2a: Samurott|Samurott-Hisui, M|8/100|[from] Parting Shot\n|\n|upkeep\n|turn|12\n|\n|t:|1783807913\n|move|p1a: Glimmora|Dazzling Gleam|p2a: Samurott\n|-supereffective|p2a: Samurott\n|-damage|p2a: Samurott|0 fnt\n|faint|p2a: Samurott\n|\n|upkeep\n|\n|t:|1783807921\n|switch|p2a: Grafaiai|Grafaiai, F|92/100\n|turn|13\n|\n|t:|1783807927\n|move|p2a: Grafaiai|Parting Shot|p1a: Glimmora\n|-unboost|p1a: Glimmora|atk|1\n|-unboost|p1a: Glimmora|spa|1\n|\n|t:|1783807930\n|switch|p2a: Ninetales|Ninetales-Alola, M|100/100|[from] Parting Shot\n|-weather|Snowscape|[from] ability: Snow Warning|[of] p2a: Ninetales\n|move|p1a: Glimmora|Flash Cannon|p2a: Ninetales\n|-supereffective|p2a: Ninetales\n|-damage|p2a: Ninetales|50/100\n|-unboost|p2a: Ninetales|spd|1\n|\n|-weather|Snowscape|[upkeep]\n|upkeep\n|turn|14\n|\n|t:|1783807942\n|move|p2a: Ninetales|Freeze-Dry|p1a: Glimmora\n|-crit|p1a: Glimmora\n|-damage|p1a: Glimmora|50/100\n|-status|p1a: Glimmora|frz\n|-curestatus|p1a: Glimmora|frz|[msg]\n|move|p1a: Glimmora|Flash Cannon|p2a: Ninetales\n|-supereffective|p2a: Ninetales\n|-damage|p2a: Ninetales|0 fnt\n|faint|p2a: Ninetales\n|\n|-weather|Snowscape|[upkeep]\n|upkeep\n|\n|t:|1783807952\n|switch|p2a: Grafaiai|Grafaiai, F|92/100\n|turn|15\n|\n|t:|1783807958\n|move|p2a: Grafaiai|Parting Shot|p1a: Glimmora\n|-unboost|p1a: Glimmora|atk|1\n|-unboost|p1a: Glimmora|spa|1\n|move|p1a: Glimmora|Flash Cannon|p2a: Grafaiai\n|-damage|p2a: Grafaiai|84/100\n|\n|-weather|Snowscape|[upkeep]\n|-heal|p2a: Grafaiai|90/100|[from] item: Black Sludge\n|upkeep\n|turn|16\n|\n|t:|1783807968\n|move|p2a: Grafaiai|Parting Shot|p1a: Glimmora\n|-unboost|p1a: Glimmora|atk|1\n|-unboost|p1a: Glimmora|spa|1\n|move|p1a: Glimmora|Flash Cannon|p2a: Grafaiai\n|-damage|p2a: Grafaiai|82/100\n|\n|-weather|Snowscape|[upkeep]\n|-heal|p2a: Grafaiai|88/100|[from] item: Black Sludge\n|upkeep\n|turn|17\n|\n|t:|1783807976\n|move|p1a: Glimmora|Flash Cannon|p2a: Grafaiai\n|-crit|p2a: Grafaiai\n|-damage|p2a: Grafaiai|55/100\n|move|p2a: Grafaiai|Poison Jab|p1a: Glimmora\n|-resisted|p1a: Glimmora\n|-damage|p1a: Glimmora|44/100\n|-damage|p2a: Grafaiai|38/100|[from] item: Rocky Helmet|[of] p1a: Glimmora\n|-activate|p1a: Glimmora|ability: Toxic Debris\n|-sidestart|p2: JEREPM|move: Toxic Spikes\n|\n|-weather|none\n|-heal|p2a: Grafaiai|44/100|[from] item: Black Sludge\n|upkeep\n|turn|18\n|\n|t:|1783807990\n|move|p1a: Glimmora|Flash Cannon|p2a: Grafaiai\n|-damage|p2a: Grafaiai|37/100\n|move|p2a: Grafaiai|Poison Jab|p1a: Glimmora\n|-resisted|p1a: Glimmora\n|-damage|p1a: Glimmora|38/100\n|-damage|p2a: Grafaiai|20/100|[from] item: Rocky Helmet|[of] p1a: Glimmora\n|-activate|p1a: Glimmora|ability: Toxic Debris\n|-sidestart|p2: JEREPM|move: Toxic Spikes\n|\n|-heal|p2a: Grafaiai|26/100|[from] item: Black Sludge\n|upkeep\n|turn|19\n|\n|t:|1783807996\n|move|p1a: Glimmora|Flash Cannon|p2a: Grafaiai\n|-crit|p2a: Grafaiai\n|-damage|p2a: Grafaiai|0 fnt\n|faint|p2a: Grafaiai\n|\n|win|lemurd\n|raw|lemurd's rating: 1086 &rarr; <strong>1114</strong><br />(+28 for winning)\n|raw|JEREPM's rating: 1099 &rarr; <strong>1073</strong><br />(-26 for losing)\n|l|☆lemurd\n|player|p1|\n|l|☆JEREPM\n|player|p2|\n", "uploadtime": 1783808381, "views": 9, "formatid": "gen9ou", "rating": 1073, "private": 0, "password": null}