{"id": "gen9ou-2647799213", "format": "[Gen 9] OU", "players": ["JoYuKneekYT", "ReinTheDeer"], "log": "|j|☆JoYuKneekYT\n|j|☆ReinTheDeer\n|t:|1783814675\n|gametype|singles\n|player|p1|JoYuKneekYT|cynthia|1301\n|player|p2|ReinTheDeer|winona|1301\n|gen|9\n|tier|[Gen 9] OU\n|rated|\n|rule|HP Percentage Mod: HP is shown in percentages\n|rule|Endless Battle Clause: Forcing endless battles is banned\n|rule|Species Clause: Limit one of each Pokémon\n|rule|OHKO Clause: OHKO moves are banned\n|rule|Evasion Items Clause: Evasion items are banned\n|rule|Evasion Moves Clause: Evasion moves are banned\n|rule|Evasion Abilities Clause: Evasion abilities are banned\n|rule|Sleep Moves Clause: Sleep-inducing moves are banned\n|clearpoke\n|poke|p1|Oricorio-Pom-Pom, F|\n|poke|p1|Ceruledge, F|\n|poke|p1|Grimmsnarl, M|\n|poke|p1|Decidueye-Hisui, M|\n|poke|p1|Cinderace, F|\n|poke|p1|Ogerpon-Wellspring, F|\n|poke|p2|Ogerpon-Wellspring, F|\n|poke|p2|Great Tusk|\n|poke|p2|Corviknight, M|\n|poke|p2|Kingambit, F|\n|poke|p2|Heatran, F|\n|poke|p2|Dragapult, F|\n|teampreview\n|inactive|Battle timer is ON: inactive players will automatically lose when time's up. (requested by ReinTheDeer)\n|\n|t:|1783814684\n|teamsize|p1|6\n|teamsize|p2|6\n|start\n|switch|p1a: Cinderace|Cinderace, F|100/100\n|switch|p2a: Heatran|Heatran, F|100/100\n|turn|1\n|\n|t:|1783814694\n|move|p2a: Heatran|Protect|p2a: Heatran\n|-singleturn|p2a: Heatran|Protect\n|move|p1a: Cinderace|High Jump Kick|p2a: Heatran\n|-start|p1a: Cinderace|typechange|Fighting|[from] ability: Libero\n|-activate|p2a: Heatran|move: Protect\n|-damage|p1a: Cinderace|51/100|[from] highjumpkick\n|\n|upkeep\n|turn|2\n|\n|t:|1783814708\n|switch|p2a: Corviknight|Corviknight, M|100/100\n|-ability|p2a: Corviknight|Pressure\n|move|p1a: Cinderace|Pyro Ball|p2a: Corviknight\n|-supereffective|p2a: Corviknight\n|-damage|p2a: Corviknight|54/100\n|\n|upkeep\n|turn|3\n|\n|t:|1783814716\n|switch|p2a: Heatran|Heatran, F|100/100\n|move|p1a: Cinderace|High Jump Kick|p2a: Heatran\n|-supereffective|p2a: Heatran\n|-damage|p2a: Heatran|0 fnt\n|faint|p2a: Heatran\n|\n|upkeep\n|\n|t:|1783814721\n|switch|p2a: Dragapult|Dragapult, F|100/100\n|turn|4\n|\n|t:|1783814731\n|switch|p1a: Grimmsnarl|Grimmsnarl, M|100/100\n|move|p2a: Dragapult|Shadow Ball|p1a: Grimmsnarl\n|-resisted|p1a: Grimmsnarl\n|-damage|p1a: Grimmsnarl|81/100\n|\n|upkeep\n|turn|5\n|\n|t:|1783814737\n|switch|p2a: Kingambit|Kingambit, F, shiny|100/100\n|-activate|p2a: Kingambit|ability: Supreme Overlord\n|-start|p2a: Kingambit|fallen1|[silent]\n|move|p1a: Grimmsnarl|Light Screen|p1a: Grimmsnarl\n|-sidestart|p1: JoYuKneekYT|move: Light Screen\n|\n|upkeep\n|turn|6\n|\n|t:|1783814742\n|move|p1a: Grimmsnarl|Reflect|p1a: Grimmsnarl\n|-sidestart|p1: JoYuKneekYT|Reflect\n|move|p2a: Kingambit|Iron Head|p1a: Grimmsnarl\n|-supereffective|p1a: Grimmsnarl\n|-damage|p1a: Grimmsnarl|16/100\n|\n|upkeep\n|turn|7\n|\n|t:|1783814756\n|switch|p1a: Decidueye|Decidueye-Hisui, M|100/100\n|move|p2a: Kingambit|Kowtow Cleave|p1a: Decidueye\n|-resisted|p1a: Decidueye\n|-damage|p1a: Decidueye|82/100\n|\n|-heal|p1a: Decidueye|88/100|[from] item: Leftovers\n|upkeep\n|turn|8\n|\n|t:|1783814761\n|-end|p2a: Kingambit|fallen1|[silent]\n|switch|p2a: Corviknight|Corviknight, M|54/100\n|-ability|p2a: Corviknight|Pressure\n|move|p1a: Decidueye|Triple Arrows|p2a: Corviknight\n|-damage|p2a: Corviknight|27/100\n|-unboost|p2a: Corviknight|def|1\n|\n|-heal|p1a: Decidueye|94/100|[from] item: Leftovers\n|upkeep\n|turn|9\n|\n|t:|1783814768\n|move|p2a: Corviknight|Roost|p2a: Corviknight\n|-heal|p2a: Corviknight|77/100\n|-singleturn|p2a: Corviknight|move: Roost\n|move|p1a: Decidueye|Triple Arrows|p2a: Corviknight\n|-supereffective|p2a: Corviknight\n|-damage|p2a: Corviknight|0 fnt\n|faint|p2a: Corviknight\n|\n|-heal|p1a: Decidueye|100/100|[from] item: Leftovers\n|upkeep\n|\n|t:|1783814778\n|switch|p2a: Ogerpon|Ogerpon-Wellspring, F|100/100\n|turn|10\n|\n|t:|1783814784\n|move|p2a: Ogerpon|Knock Off|p1a: Decidueye\n|-resisted|p1a: Decidueye\n|-damage|p1a: Decidueye|90/100\n|-enditem|p1a: Decidueye|Leftovers|[from] move: Knock Off|[of] p2a: Ogerpon\n|move|p1a: Decidueye|Triple Arrows|p2a: Ogerpon\n|-damage|p2a: Ogerpon|42/100\n|-unboost|p2a: Ogerpon|def|1\n|\n|upkeep\n|turn|11\n|\n|t:|1783814795\n|switch|p2a: Dragapult|Dragapult, F|100/100\n|move|p1a: Decidueye|Triple Arrows|p2a: Dragapult\n|-damage|p2a: Dragapult|32/100\n|\n|upkeep\n|turn|12\n|\n|t:|1783814802\n|move|p1a: Decidueye|Sucker Punch|p2a: Dragapult\n|-supereffective|p2a: Dragapult\n|-damage|p2a: Dragapult|0 fnt\n|faint|p2a: Dragapult\n|\n|-sideend|p1: JoYuKneekYT|move: Light Screen\n|upkeep\n|-message|ReinTheDeer forfeited.\n|\n|win|JoYuKneekYT\n|raw|JoYuKneekYT's rating: 1301 &rarr; <strong>1321</strong><br />(+20 for winning)\n|raw|ReinTheDeer's rating: 1301 &rarr; <strong>1281</strong><br />(-20 for losing)\n|l|☆ReinTheDeer\n|player|p2|\n", "uploadtime": 1783814811, "views": 21, "formatid": "gen9ou", "rating": 1281, "private": 0, "password": null}