{"id": "gen9ou-2640017954", "format": "[Gen 9] OU", "players": ["lt124yh xebec", "SwordIsBored"], "log": "|badge|p1|silver|gen9ou|30-9\n|html|<div class=\"broadcast-red\"><strong>This battle is required to be public due to one or more player having a season medal.</strong><br />During the public phase, you can discuss the state of the ladder <a href=\"/seasondiscussion\">in a special chatroom.</a></div>\n|uhtml|medal-msg|<div class=\"broadcast-blue\">Curious what those medals under the avatar are? PS now has Ladder Seasons! For more information, check out the <a href=\"https://www.smogon.com/forums/threads/3740067/\">thread on Smogon.</a></div>\n|raw|<div class=\"broadcast-blue\"><strong>This battle is required to be public due to a player having a name starting with 'medal'.</div>\n|j|☆lt124yh xebec\n|j|☆SwordIsBored\n|t:|1782564655\n|gametype|singles\n|player|p1|lt124yh xebec|266|1877\n|player|p2|SwordIsBored|#1v1plixheatrans|1733\n|gen|9\n|tier|[Gen 9] OU\n|rated|\n|rule|HP Percentage Mod: HP is shown in percentages\n|rule|Endless Battle Clause: Forcing endless battles is banned\n|rule|Species Clause: Limit one of each Pokémon\n|rule|OHKO Clause: OHKO moves are banned\n|rule|Evasion Items Clause: Evasion items are banned\n|rule|Evasion Moves Clause: Evasion moves are banned\n|rule|Evasion Abilities Clause: Evasion abilities are banned\n|rule|Sleep Moves Clause: Sleep-inducing moves are banned\n|clearpoke\n|poke|p1|Zamazenta-*|\n|poke|p1|Dragapult, F|\n|poke|p1|Gliscor, M|\n|poke|p1|Hydreigon, M|\n|poke|p1|Blissey, F|\n|poke|p1|Clefable, F|\n|poke|p2|Glimmora, F|\n|poke|p2|Darkrai|\n|poke|p2|Raging Bolt|\n|poke|p2|Kingambit, F|\n|poke|p2|Primarina, F|\n|poke|p2|Iron Valiant|\n|teampreview\n|\n|t:|1782564670\n|teamsize|p1|6\n|teamsize|p2|6\n|start\n|switch|p1a: Blissey|Blissey, F|100/100\n|switch|p2a: Primarina|Primarina, F|100/100\n|turn|1\n|\n|t:|1782564674\n|switch|p2a: Glimmora|Glimmora, F|100/100\n|move|p1a: Blissey|Stealth Rock|p2a: Glimmora\n|-sidestart|p2: SwordIsBored|move: Stealth Rock\n|\n|upkeep\n|turn|2\n|inactive|Battle timer is ON: inactive players will automatically lose when time's up. (requested by lt124yh xebec)\n|\n|t:|1782564679\n|move|p2a: Glimmora|Mortal Spin|p1a: Blissey\n|-damage|p1a: Blissey|95/100\n|-status|p1a: Blissey|psn\n|-sideend|p2: SwordIsBored|Stealth Rock|[from] move: Mortal Spin|[of] p2a: Glimmora\n|move|p1a: Blissey|Thunder Wave|p2a: Glimmora\n|-status|p2a: Glimmora|par\n|\n|-damage|p1a: Blissey|83/100 psn|[from] psn\n|upkeep\n|turn|3\n|\n|t:|1782564684\n|-curestatus|p1a: Blissey|psn|[from] ability: Natural Cure|[silent]\n|switch|p1a: Gliscor|Gliscor, M|100/100\n|cant|p2a: Glimmora|par\n|\n|-status|p1a: Gliscor|tox|[from] item: Toxic Orb\n|upkeep\n|turn|4\n|\n|t:|1782564688\n|move|p1a: Gliscor|Earthquake|p2a: Glimmora\n|-supereffective|p2a: Glimmora\n|-damage|p2a: Glimmora|0 fnt\n|-activate|p2a: Glimmora|ability: Toxic Debris\n|-sidestart|p1: lt124yh xebec|move: Toxic Spikes\n|faint|p2a: Glimmora\n|\n|upkeep\n|\n|t:|1782564695\n|switch|p2a: Primarina|Primarina, F|100/100\n|turn|5\n|\n|t:|1782564700\n|move|p1a: Gliscor|Protect|p1a: Gliscor\n|-singleturn|p1a: Gliscor|Protect\n|move|p2a: Primarina|Calm Mind|p2a: Primarina\n|-boost|p2a: Primarina|spa|1\n|-boost|p2a: Primarina|spd|1\n|\n|upkeep\n|turn|6\n|\n|t:|1782564704\n|switch|p1a: Blissey|Blissey, F|83/100\n|move|p2a: Primarina|Surf|p1a: Blissey\n|-damage|p1a: Blissey|57/100\n|\n|upkeep\n|turn|7\n|\n|t:|1782564706\n|move|p2a: Primarina|Calm Mind|p2a: Primarina\n|-boost|p2a: Primarina|spa|1\n|-boost|p2a: Primarina|spd|1\n|move|p1a: Blissey|Thunder Wave|p2a: Primarina|[miss]\n|-miss|p1a: Blissey|p2a: Primarina\n|\n|upkeep\n|turn|8\n|\n|t:|1782564712\n|move|p2a: Primarina|Calm Mind|p2a: Primarina\n|-boost|p2a: Primarina|spa|1\n|-boost|p2a: Primarina|spd|1\n|move|p1a: Blissey|Thunder Wave|p2a: Primarina\n|-status|p2a: Primarina|par\n|\n|upkeep\n|turn|9\n|\n|t:|1782564718\n|move|p1a: Blissey|Stealth Rock|p2a: Primarina\n|-sidestart|p2: SwordIsBored|move: Stealth Rock\n|cant|p2a: Primarina|par\n|\n|upkeep\n|turn|10\n|\n|t:|1782564720\n|move|p1a: Blissey|Soft-Boiled|p1a: Blissey\n|-heal|p1a: Blissey|100/100\n|move|p2a: Primarina|Encore|p1a: Blissey\n|-start|p1a: Blissey|Encore\n|\n|upkeep\n|turn|11\n|\n|t:|1782564733\n|switch|p1a: Clefable|Clefable, F|100/100\n|move|p2a: Primarina|Moonblast|p1a: Clefable\n|-damage|p1a: Clefable|53/100\n|\n|upkeep\n|turn|12\n|\n|t:|1782564736\n|move|p1a: Clefable|Moonlight|p1a: Clefable\n|-heal|p1a: Clefable|100/100\n|move|p2a: Primarina|Moonblast|p1a: Clefable\n|-damage|p1a: Clefable|51/100\n|\n|upkeep\n|turn|13\n|\n|t:|1782564741\n|move|p1a: Clefable|Moonlight|p1a: Clefable\n|-heal|p1a: Clefable|100/100\n|move|p2a: Primarina|Calm Mind|p2a: Primarina\n|-boost|p2a: Primarina|spa|1\n|-boost|p2a: Primarina|spd|1\n|\n|upkeep\n|turn|14\n|\n|t:|1782564749\n|move|p1a: Clefable|Cosmic Power|p1a: Clefable\n|-boost|p1a: Clefable|def|1\n|-boost|p1a: Clefable|spd|1\n|cant|p2a: Primarina|par\n|\n|upkeep\n|turn|15\n|\n|t:|1782564752\n|move|p1a: Clefable|Moonblast|p2a: Primarina\n|-damage|p2a: Primarina|73/100 par\n|-unboost|p2a: Primarina|spa|1\n|cant|p2a: Primarina|par\n|\n|upkeep\n|turn|16\n|\n|t:|1782564757\n|move|p1a: Clefable|Moonblast|p2a: Primarina\n|-damage|p2a: Primarina|47/100 par\n|cant|p2a: Primarina|par\n|\n|upkeep\n|turn|17\n|\n|t:|1782564759\n|move|p1a: Clefable|Moonblast|p2a: Primarina\n|-damage|p2a: Primarina|20/100 par\n|move|p2a: Primarina|Encore|p1a: Clefable\n|-start|p1a: Clefable|Encore\n|\n|upkeep\n|turn|18\n|c|☆SwordIsBored|lucker\n|-enditem|p2a: Primarina|Custap Berry|[eat]\n|-activate|p2a: Primarina|item: Custap Berry|[consumed]\n|\n|t:|1782564763\n|move|p2a: Primarina|Surf|p1a: Clefable\n|-damage|p1a: Clefable|53/100\n|move|p1a: Clefable|Moonblast|p2a: Primarina\n|-damage|p2a: Primarina|0 fnt\n|faint|p2a: Primarina\n|\n|upkeep\n|-message|SwordIsBored forfeited.\n|\n|win|lt124yh xebec\n|raw|lt124yh xebec's rating: 1877 &rarr; <strong>1888</strong><br />(+11 for winning)\n|raw|SwordIsBored's rating: 1709 &rarr; <strong>1698</strong><br />(-11 for losing)\n|l|☆SwordIsBored\n|player|p2|\n|l|☆lt124yh xebec\n|player|p1|\n|j| Garden of Dreams\n", "uploadtime": 1782564999, "views": 16, "formatid": "gen9ou", "rating": 1698, "private": 0, "password": null}