{"id": "gen9ou-2639291105", "format": "[Gen 9] OU", "players": ["No1CelestiaKinnie", "bitcoin millionare"], "log": "|j|☆No1CelestiaKinnie\n|j|☆bitcoin millionare\n|t:|1782446952\n|gametype|singles\n|player|p1|No1CelestiaKinnie|rainbowrocketgruntf|1511\n|player|p2|bitcoin millionare|102|1447\n|gen|9\n|tier|[Gen 9] OU\n|rated|\n|rule|HP Percentage Mod: HP is shown in percentages\n|rule|Endless Battle Clause: Forcing endless battles is banned\n|rule|Species Clause: Limit one of each Pokémon\n|rule|OHKO Clause: OHKO moves are banned\n|rule|Evasion Items Clause: Evasion items are banned\n|rule|Evasion Moves Clause: Evasion moves are banned\n|rule|Evasion Abilities Clause: Evasion abilities are banned\n|rule|Sleep Moves Clause: Sleep-inducing moves are banned\n|clearpoke\n|poke|p1|Raging Bolt|\n|poke|p1|Ogerpon-Wellspring, F|\n|poke|p1|Zamazenta-*|\n|poke|p1|Cresselia, F|\n|poke|p1|Glimmora, M|\n|poke|p1|Kingambit, M|\n|poke|p2|Tyranitar, F|\n|poke|p2|Landorus-Therian, M|\n|poke|p2|Kyurem|\n|poke|p2|Clefable, M|\n|poke|p2|Garchomp, F|\n|poke|p2|Cinderace, F|\n|teampreview\n|inactive|Battle timer is ON: inactive players will automatically lose when time's up. (requested by No1CelestiaKinnie)\n|inactive|bitcoin millionare has 120 seconds left.\n|inactive|bitcoin millionare has 90 seconds left.\n|\n|t:|1782447021\n|teamsize|p1|6\n|teamsize|p2|6\n|start\n|switch|p1a: Trojan|Zamazenta, shiny|100/100\n|switch|p2a: Cinderace|Cinderace, F|100/100\n|-ability|p1a: Trojan|Dauntless Shield|boost\n|-boost|p1a: Trojan|def|1\n|turn|1\n|\n|t:|1782447028\n|move|p2a: Cinderace|U-turn|p1a: Trojan\n|-start|p2a: Cinderace|typechange|Bug|[from] ability: Libero\n|-resisted|p1a: Trojan\n|-damage|p1a: Trojan|92/100\n|\n|t:|1782447045\n|switch|p2a: Landorus|Landorus-Therian, M|100/100|[from] U-turn\n|-ability|p2a: Landorus|Intimidate|boost\n|-unboost|p1a: Trojan|atk|1\n|move|p1a: Trojan|Body Press|p2a: Landorus\n|-resisted|p2a: Landorus\n|-damage|p2a: Landorus|79/100\n|-damage|p1a: Trojan|75/100|[from] item: Rocky Helmet|[of] p2a: Landorus\n|\n|upkeep\n|turn|2\n|\n|t:|1782447058\n|move|p1a: Trojan|Reflect|p1a: Trojan\n|-sidestart|p1: No1CelestiaKinnie|Reflect\n|move|p2a: Landorus|Swords Dance|p2a: Landorus\n|-boost|p2a: Landorus|atk|2\n|\n|upkeep\n|turn|3\n|inactive|bitcoin millionare has 120 seconds left.\n|\n|t:|1782447118\n|switch|p1a: Alice|Ogerpon-Wellspring, F|100/100\n|move|p2a: Landorus|Swords Dance|p2a: Landorus\n|-boost|p2a: Landorus|atk|2\n|\n|upkeep\n|turn|4\n|\n|t:|1782447122\n|-terastallize|p2a: Landorus|Ground\n|move|p1a: Alice|Ivy Cudgel|p2a: Landorus|[anim] Ivy Cudgel Water\n|-supereffective|p2a: Landorus\n|-damage|p2a: Landorus|0 fnt\n|faint|p2a: Landorus\n|\n|upkeep\n|\n|t:|1782447129\n|switch|p2a: Kyurem|Kyurem|100/100\n|-ability|p2a: Kyurem|Pressure\n|turn|5\n|\n|t:|1782447138\n|switch|p1a: Crescent|Cresselia, F, shiny|100/100\n|move|p2a: Kyurem|Freeze-Dry|p1a: Crescent\n|-damage|p1a: Crescent|60/100\n|\n|-heal|p1a: Crescent|66/100|[from] item: Leftovers\n|upkeep\n|turn|6\n|inactive|bitcoin millionare has 120 seconds left.\n|\n|t:|1782447144\n|switch|p2a: Tyranitar|Tyranitar, F|100/100\n|-weather|Sandstorm|[from] ability: Sand Stream|[of] p2a: Tyranitar\n|move|p1a: Crescent|Lunar Blessing|p1a: Crescent\n|-heal|p1a: Crescent|91/100\n|\n|-weather|Sandstorm|[upkeep]\n|-damage|p1a: Crescent|85/100|[from] Sandstorm\n|-heal|p1a: Crescent|91/100|[from] item: Leftovers\n|upkeep\n|turn|7\n|\n|t:|1782447148\n|switch|p1a: Bullet|Glimmora, M, shiny|100/100\n|move|p2a: Tyranitar|Stealth Rock|p1a: Bullet\n|-sidestart|p1: No1CelestiaKinnie|move: Stealth Rock\n|\n|-weather|Sandstorm|[upkeep]\n|upkeep\n|turn|8\n|\n|t:|1782447154\n|move|p1a: Bullet|Mortal Spin|p2a: Tyranitar\n|-resisted|p2a: Tyranitar\n|-damage|p2a: Tyranitar|98/100\n|-status|p2a: Tyranitar|psn\n|-sideend|p1: No1CelestiaKinnie|Stealth Rock|[from] move: Mortal Spin|[of] p1a: Bullet\n|move|p2a: Tyranitar|Earthquake|p1a: Bullet\n|-supereffective|p1a: Bullet\n|-damage|p1a: Bullet|60/100\n|-activate|p1a: Bullet|ability: Toxic Debris\n|-sidestart|p2: bitcoin millionare|move: Toxic Spikes\n|-enditem|p1a: Bullet|Red Card|[of] p2a: Tyranitar\n|drag|p2a: Cinderace|Cinderace, F|100/100\n|-status|p2a: Cinderace|psn\n|\n|-weather|Sandstorm|[upkeep]\n|-damage|p2a: Cinderace|95/100 psn|[from] Sandstorm\n|-damage|p2a: Cinderace|82/100 psn|[from] psn\n|upkeep\n|turn|9\n|\n|t:|1782447161\n|move|p2a: Cinderace|U-turn|p1a: Bullet\n|-start|p2a: Cinderace|typechange|Bug|[from] ability: Libero\n|-resisted|p1a: Bullet\n|-damage|p1a: Bullet|54/100\n|-activate|p1a: Bullet|ability: Toxic Debris\n|-sidestart|p2: bitcoin millionare|move: Toxic Spikes\n|inactive|bitcoin millionare has 120 seconds left.\n|inactive|bitcoin millionare has 90 seconds left.\n|inactive|bitcoin millionare has 60 seconds left.\n|inactive|bitcoin millionare has 30 seconds left.\n|inactive|bitcoin millionare has 20 seconds left.\n|inactive|bitcoin millionare has 15 seconds left.\n|inactive|bitcoin millionare has 10 seconds left.\n|inactive|bitcoin millionare has 5 seconds left.\n|-message|bitcoin millionare lost due to inactivity.\n|\n|win|No1CelestiaKinnie\n|raw|No1CelestiaKinnie's rating: 1511 &rarr; <strong>1527</strong><br />(+16 for winning)\n|raw|bitcoin millionare's rating: 1447 &rarr; <strong>1431</strong><br />(-16 for losing)\n|l|☆No1CelestiaKinnie\n|player|p1|\n", "uploadtime": 1782447626, "views": 4, "formatid": "gen9ou", "rating": 1431, "private": 0, "password": null}