{"id": "gen9ou-2647811415", "format": "[Gen 9] OU", "players": ["Dr.lisek_68+1", "newalambrito"], "log": "|j|☆Dr.lisek_68+1\n|j|☆newalambrito\n|t:|1783816761\n|gametype|singles\n|player|p1|Dr.lisek_68+1|ingo|1159\n|player|p2|newalambrito|265|1222\n|gen|9\n|tier|[Gen 9] OU\n|rated|\n|rule|HP Percentage Mod: HP is shown in percentages\n|rule|Endless Battle Clause: Forcing endless battles is banned\n|rule|Species Clause: Limit one of each Pokémon\n|rule|OHKO Clause: OHKO moves are banned\n|rule|Evasion Items Clause: Evasion items are banned\n|rule|Evasion Moves Clause: Evasion moves are banned\n|rule|Evasion Abilities Clause: Evasion abilities are banned\n|rule|Sleep Moves Clause: Sleep-inducing moves are banned\n|clearpoke\n|poke|p1|Toxtricity, F|\n|poke|p1|Great Tusk|\n|poke|p1|Smeargle, M|\n|poke|p1|Dragapult, M|\n|poke|p1|Fezandipiti, M|\n|poke|p1|Corviknight, M|\n|poke|p2|Zapdos-Galar|\n|poke|p2|Hatterene, F|\n|poke|p2|Kingambit, M|\n|poke|p2|Flareon, F|\n|poke|p2|Ogerpon-Wellspring, F|\n|poke|p2|Garchomp, F|\n|teampreview\n|inactive|Battle timer is ON: inactive players will automatically lose when time's up. (requested by Dr.lisek_68+1)\n|\n|t:|1783816767\n|teamsize|p1|6\n|teamsize|p2|6\n|start\n|switch|p1a: Smeargle|Smeargle, M|100/100\n|switch|p2a: Flareon|Flareon, F|100/100\n|turn|1\n|\n|t:|1783816772\n|switch|p2a: Hatterene|Hatterene, F|100/100\n|move|p1a: Smeargle|Sticky Web|p2a: Hatterene\n|move|p2a: Hatterene|Sticky Web|p1a: Smeargle|[from] ability: Magic Bounce\n|-sidestart|p1: Dr.lisek_68+1|move: Sticky Web\n|\n|upkeep\n|turn|2\n|\n|t:|1783816780\n|move|p1a: Smeargle|Nuzzle|p2a: Hatterene\n|-damage|p2a: Hatterene|99/100\n|-status|p2a: Hatterene|par\n|move|p2a: Hatterene|Calm Mind|p2a: Hatterene\n|-boost|p2a: Hatterene|spa|1\n|-boost|p2a: Hatterene|spd|1\n|\n|-heal|p2a: Hatterene|100/100 par|[from] item: Leftovers\n|upkeep\n|turn|3\n|\n|t:|1783816788\n|move|p1a: Smeargle|Ceaseless Edge|p2a: Hatterene\n|-damage|p2a: Hatterene|95/100 par\n|-sidestart|p2: newalambrito|Spikes\n|move|p2a: Hatterene|Calm Mind|p2a: Hatterene\n|-boost|p2a: Hatterene|spa|1\n|-boost|p2a: Hatterene|spd|1\n|\n|-heal|p2a: Hatterene|100/100 par|[from] item: Leftovers\n|upkeep\n|turn|4\n|\n|t:|1783816795\n|move|p1a: Smeargle|Ceaseless Edge|p2a: Hatterene\n|-damage|p2a: Hatterene|94/100 par\n|-sidestart|p2: newalambrito|Spikes\n|move|p2a: Hatterene|Draining Kiss|p1a: Smeargle\n|-enditem|p1a: Smeargle|Focus Sash\n|-damage|p1a: Smeargle|1/100\n|-heal|p2a: Hatterene|100/100 par|[from] drain|[of] p1a: Smeargle\n|\n|upkeep\n|turn|5\n|\n|t:|1783816802\n|move|p1a: Smeargle|Ceaseless Edge|p2a: Hatterene\n|-damage|p2a: Hatterene|95/100 par\n|-sidestart|p2: newalambrito|Spikes\n|cant|p2a: Hatterene|par\n|\n|-heal|p2a: Hatterene|100/100 par|[from] item: Leftovers\n|upkeep\n|turn|6\n|\n|t:|1783816810\n|switch|p1a: Corviknight|Corviknight, M|100/100\n|-ability|p1a: Corviknight|Pressure\n|move|p2a: Hatterene|Draining Kiss|p1a: Corviknight\n|-resisted|p1a: Corviknight\n|-damage|p1a: Corviknight|73/100\n|-damage|p2a: Hatterene|84/100 par|[from] item: Rocky Helmet|[of] p1a: Corviknight\n|\n|-heal|p2a: Hatterene|90/100 par|[from] item: Leftovers\n|upkeep\n|turn|7\n|\n|t:|1783816821\n|move|p1a: Corviknight|Iron Defense|p1a: Corviknight\n|-boost|p1a: Corviknight|def|2\n|move|p2a: Hatterene|Mystical Fire|p1a: Corviknight\n|-supereffective|p1a: Corviknight\n|-damage|p1a: Corviknight|0 fnt\n|faint|p1a: Corviknight\n|\n|-heal|p2a: Hatterene|96/100 par|[from] item: Leftovers\n|upkeep\n|\n|t:|1783816828\n|switch|p1a: Great Tusk|Great Tusk|100/100\n|turn|8\n|\n|t:|1783816832\n|move|p1a: Great Tusk|Rapid Spin|p2a: Hatterene\n|-damage|p2a: Hatterene|78/100 par\n|-boost|p1a: Great Tusk|spe|1\n|-sideend|p1: Dr.lisek_68+1|Sticky Web|[from] move: Rapid Spin|[of] p1a: Great Tusk\n|move|p2a: Hatterene|Draining Kiss|p1a: Great Tusk\n|-supereffective|p1a: Great Tusk\n|-damage|p1a: Great Tusk|0 fnt\n|-heal|p2a: Hatterene|100/100 par|[from] drain|[of] p1a: Great Tusk\n|faint|p1a: Great Tusk\n|-end|p1a: Great Tusk|Protosynthesis|[silent]\n|\n|upkeep\n|-message|Dr.lisek_68+1 forfeited.\n|\n|win|newalambrito\n|raw|Dr.lisek_68+1's rating: 1159 &rarr; <strong>1138</strong><br />(-21 for losing)\n|raw|newalambrito's rating: 1222 &rarr; <strong>1243</strong><br />(+21 for winning)\n|l|☆Dr.lisek_68+1\n|player|p1|\n|l|☆newalambrito\n|player|p2|\n", "uploadtime": 1783817174, "views": 18, "formatid": "gen9ou", "rating": 1138, "private": 0, "password": null}