{"id": "gen9ou-2647829422", "format": "[Gen 9] OU", "players": ["cjfrozen", "DomNeedsHelp"], "log": "|j|☆cjfrozen\n|j|☆DomNeedsHelp\n|t:|1783819979\n|gametype|singles\n|player|p1|cjfrozen|cyrus-masters|\n|player|p2|DomNeedsHelp|plumeria|\n|gen|9\n|tier|[Gen 9] OU\n|rule|HP Percentage Mod: HP is shown in percentages\n|rule|Endless Battle Clause: Forcing endless battles is banned\n|rule|Species Clause: Limit one of each Pokémon\n|rule|OHKO Clause: OHKO moves are banned\n|rule|Evasion Items Clause: Evasion items are banned\n|rule|Evasion Moves Clause: Evasion moves are banned\n|rule|Evasion Abilities Clause: Evasion abilities are banned\n|rule|Sleep Moves Clause: Sleep-inducing moves are banned\n|clearpoke\n|poke|p1|Raging Bolt|\n|poke|p1|Torterra, F|\n|poke|p1|Iron Jugulis|\n|poke|p1|Araquanid, M|\n|poke|p1|Skeledirge, F|\n|poke|p1|Tsareena, F|\n|poke|p2|Slither Wing|\n|poke|p2|Gastrodon-East, F|\n|poke|p2|Drednaw, M|\n|poke|p2|Golurk|\n|poke|p2|Raikou|\n|poke|p2|Samurott-Hisui, M|\n|teampreview\n|\n|t:|1783819997\n|teamsize|p1|6\n|teamsize|p2|6\n|start\n|switch|p1a: Araquanid|Araquanid, M, shiny|100/100\n|switch|p2a: Vodka|Samurott-Hisui, M|100/100\n|turn|1\n|\n|t:|1783820016\n|move|p2a: Vodka|Ceaseless Edge|p1a: Araquanid\n|-damage|p1a: Araquanid|57/100\n|-sidestart|p1: cjfrozen|Spikes\n|move|p1a: Araquanid|Sticky Web|p2a: Vodka\n|-sidestart|p2: DomNeedsHelp|move: Sticky Web\n|\n|upkeep\n|turn|2\n|\n|t:|1783820055\n|move|p2a: Vodka|Ceaseless Edge|p1a: Araquanid\n|-damage|p1a: Araquanid|14/100\n|-sidestart|p1: cjfrozen|Spikes\n|move|p1a: Araquanid|Trailblaze|p2a: Vodka\n|-supereffective|p2a: Vodka\n|-damage|p2a: Vodka|70/100\n|-boost|p1a: Araquanid|spe|1\n|\n|upkeep\n|turn|3\n|j| CTE World\n|\n|t:|1783820065\n|move|p2a: Vodka|Sucker Punch|p1a: Araquanid\n|-damage|p1a: Araquanid|0 fnt\n|faint|p1a: Araquanid\n|\n|upkeep\n|\n|t:|1783820068\n|switch|p1a: Tsareena|Tsareena, F, shiny|100/100\n|turn|4\n|j| SenketsuThreads\n|j| TBK Renegades\n|n| keggfm|keggfm\n|\n|t:|1783820094\n|switch|p2a: Bugnificent|Slither Wing|100/100\n|-activate|p2a: Bugnificent|move: Sticky Web\n|-unboost|p2a: Bugnificent|spe|1\n|move|p1a: Tsareena|Power Whip|p2a: Bugnificent\n|-resisted|p2a: Bugnificent\n|-damage|p2a: Bugnificent|70/100\n|\n|upkeep\n|turn|5\n|c| keggfm|How many ceaseless you miss Dom\n|\n|t:|1783820113\n|-terastallize|p1a: Tsareena|Poison\n|move|p1a: Tsareena|Rapid Spin|p2a: Bugnificent\n|-damage|p2a: Bugnificent|52/100\n|-boost|p1a: Tsareena|spe|1\n|-sideend|p1: cjfrozen|Spikes|[from] move: Rapid Spin|[of] p1a: Tsareena\n|move|p2a: Bugnificent|U-turn|p1a: Tsareena\n|-resisted|p1a: Tsareena\n|-damage|p1a: Tsareena|78/100\n|\n|t:|1783820133\n|-end|p2a: Bugnificent|Protosynthesis|[silent]\n|switch|p2a: Carpet|Golurk|100/100|[from] U-turn\n|-activate|p2a: Carpet|move: Sticky Web\n|-unboost|p2a: Carpet|spe|1\n|\n|upkeep\n|turn|6\n|\n|t:|1783820145\n|-terastallize|p2a: Carpet|Dark\n|move|p1a: Tsareena|Power Whip|p2a: Carpet\n|-damage|p2a: Carpet|31/100\n|move|p2a: Carpet|Earthquake|p1a: Tsareena\n|-supereffective|p1a: Tsareena\n|-crit|p1a: Tsareena\n|-damage|p1a: Tsareena|0 fnt\n|faint|p1a: Tsareena\n|\n|upkeep\n|c| keggfm|Crit to make you know golurk can fly\n|\n|t:|1783820212\n|switch|p1a: Torterra|Torterra, F|100/100\n|turn|7\n|l| keggfm\n|j| keggfm\n|j| roikeith\n|\n|t:|1783820243\n|move|p1a: Torterra|Seed Bomb|p2a: Carpet\n|-damage|p2a: Carpet|0 fnt\n|faint|p2a: Carpet\n|\n|upkeep\n|\n|t:|1783820260\n|switch|p2a: Bugnificent|Slither Wing|52/100\n|-activate|p2a: Bugnificent|move: Sticky Web\n|-unboost|p2a: Bugnificent|spe|1\n|turn|8\n|\n|t:|1783820273\n|switch|p1a: Skeledirge|Skeledirge, F, shiny|100/100\n|move|p2a: Bugnificent|First Impression|p1a: Skeledirge\n|-resisted|p1a: Skeledirge\n|-damage|p1a: Skeledirge|91/100\n|\n|-heal|p1a: Skeledirge|97/100|[from] item: Leftovers\n|upkeep\n|turn|9\n|\n|t:|1783820299\n|-end|p2a: Bugnificent|Protosynthesis|[silent]\n|switch|p2a: Vodka|Samurott-Hisui, M|70/100\n|-activate|p2a: Vodka|move: Sticky Web\n|-unboost|p2a: Vodka|spe|1\n|move|p1a: Skeledirge|Curse|p2a: Vodka\n|-start|p2a: Vodka|Curse|[of] p1a: Skeledirge\n|-damage|p1a: Skeledirge|47/100\n|\n|-heal|p1a: Skeledirge|53/100|[from] item: Leftovers\n|-damage|p2a: Vodka|45/100|[from] Curse\n|upkeep\n|turn|10\n|j| Ziiiiiii\n|j| outties\n|c| keggfm|Big back big back!\n|\n|t:|1783820335\n|move|p2a: Vodka|Ceaseless Edge|p1a: Skeledirge\n|-supereffective|p1a: Skeledirge\n|-damage|p1a: Skeledirge|0 fnt\n|-sidestart|p1: cjfrozen|Spikes\n|faint|p1a: Skeledirge\n|\n|-damage|p2a: Vodka|20/100|[from] Curse\n|upkeep\n|\n|t:|1783820346\n|switch|p1a: Torterra|Torterra, F|100/100\n|-damage|p1a: Torterra|88/100|[from] Spikes\n|turn|11\n|\n|t:|1783820371\n|move|p1a: Torterra|Shell Smash|p1a: Torterra\n|-unboost|p1a: Torterra|def|1\n|-unboost|p1a: Torterra|spd|1\n|-boost|p1a: Torterra|atk|2\n|-boost|p1a: Torterra|spa|2\n|-boost|p1a: Torterra|spe|2\n|move|p2a: Vodka|Ceaseless Edge|p1a: Torterra|[miss]\n|-miss|p2a: Vodka|p1a: Torterra\n|\n|-damage|p2a: Vodka|0 fnt|[from] Curse\n|faint|p2a: Vodka\n|upkeep\n|c| keggfm|CLICK 6 SHELL SMASHES HE WILL RUN OUT\n|\n|t:|1783820378\n|switch|p2a: Bugnificent|Slither Wing|52/100\n|-activate|p2a: Bugnificent|move: Sticky Web\n|-unboost|p2a: Bugnificent|spe|1\n|turn|12\n|\n|t:|1783820403\n|switch|p1a: Raging Bolt|Raging Bolt|100/100\n|-damage|p1a: Raging Bolt|88/100|[from] Spikes\n|-enditem|p1a: Raging Bolt|Booster Energy\n|-activate|p1a: Raging Bolt|ability: Protosynthesis|[fromitem]\n|-start|p1a: Raging Bolt|protosynthesisspa\n|move|p2a: Bugnificent|First Impression|p1a: Raging Bolt\n|-damage|p1a: Raging Bolt|38/100\n|\n|upkeep\n|turn|13\n|\n|t:|1783820451\n|-end|p2a: Bugnificent|Protosynthesis|[silent]\n|switch|p2a: East Bay Funk|Gastrodon-East, F|100/100\n|-activate|p2a: East Bay Funk|move: Sticky Web\n|-unboost|p2a: East Bay Funk|spe|1\n|move|p1a: Raging Bolt|Calm Mind|p1a: Raging Bolt\n|-boost|p1a: Raging Bolt|spa|1\n|-boost|p1a: Raging Bolt|spd|1\n|\n|upkeep\n|turn|14\n|\n|t:|1783820468\n|move|p1a: Raging Bolt|Draco Meteor|p2a: East Bay Funk\n|-damage|p2a: East Bay Funk|3/100\n|-unboost|p1a: Raging Bolt|spa|2\n|move|p2a: East Bay Funk|Ice Beam|p1a: Raging Bolt\n|-supereffective|p1a: Raging Bolt\n|-crit|p1a: Raging Bolt\n|-damage|p1a: Raging Bolt|0 fnt\n|faint|p1a: Raging Bolt\n|-end|p1a: Raging Bolt|Protosynthesis|[silent]\n|\n|upkeep\n|\n|t:|1783820504\n|switch|p1a: Iron Jugulis|Iron Jugulis|100/100\n|-enditem|p1a: Iron Jugulis|Booster Energy\n|-activate|p1a: Iron Jugulis|ability: Quark Drive|[fromitem]\n|-start|p1a: Iron Jugulis|quarkdrivespe\n|turn|15\n|\n|t:|1783820516\n|move|p1a: Iron Jugulis|Dark Pulse|p2a: East Bay Funk\n|-damage|p2a: East Bay Funk|0 fnt\n|faint|p2a: East Bay Funk\n|\n|upkeep\n|l| keggfm\n|\n|t:|1783820535\n|switch|p2a: 30 Pivots or Less|Raikou|100/100\n|-activate|p2a: 30 Pivots or Less|move: Sticky Web\n|-unboost|p2a: 30 Pivots or Less|spe|1\n|turn|16\n|j| BlackTux\n|j| keggfm\n|\n|t:|1783820588\n|move|p1a: Iron Jugulis|Dark Pulse|p2a: 30 Pivots or Less\n|-damage|p2a: 30 Pivots or Less|55/100\n|move|p2a: 30 Pivots or Less|Scald|p1a: Iron Jugulis\n|-damage|p1a: Iron Jugulis|68/100\n|\n|upkeep\n|turn|17\n|\n|t:|1783820614\n|move|p1a: Iron Jugulis|Dark Pulse|p2a: 30 Pivots or Less\n|-damage|p2a: 30 Pivots or Less|12/100\n|move|p2a: 30 Pivots or Less|Scald|p1a: Iron Jugulis\n|-damage|p1a: Iron Jugulis|37/100\n|\n|upkeep\n|turn|18\n|\n|t:|1783820638\n|switch|p2a: Bugnificent|Slither Wing|52/100\n|-activate|p2a: Bugnificent|move: Sticky Web\n|-unboost|p2a: Bugnificent|spe|1\n|move|p1a: Iron Jugulis|Dark Pulse|p2a: Bugnificent\n|-resisted|p2a: Bugnificent\n|-damage|p2a: Bugnificent|41/100\n|\n|upkeep\n|turn|19\n|\n|t:|1783820662\n|move|p2a: Bugnificent|First Impression|p1a: Iron Jugulis\n|-damage|p1a: Iron Jugulis|0 fnt\n|faint|p1a: Iron Jugulis\n|-end|p1a: Iron Jugulis|Quark Drive|[silent]\n|\n|upkeep\n|\n|t:|1783820664\n|switch|p1a: Torterra|Torterra, F|88/100\n|-damage|p1a: Torterra|76/100|[from] Spikes\n|turn|20\n|c|☆cjfrozen|any swaps?\n|\n|t:|1783820681\n|move|p1a: Torterra|Stone Edge|p2a: Bugnificent\n|-damage|p2a: Bugnificent|10/100\n|move|p2a: Bugnificent|Close Combat|p1a: Torterra\n|-damage|p1a: Torterra|6/100\n|-unboost|p2a: Bugnificent|def|1\n|-unboost|p2a: Bugnificent|spd|1\n|\n|upkeep\n|turn|21\n|\n|t:|1783820690\n|-end|p2a: Bugnificent|Protosynthesis|[silent]\n|switch|p2a: Dredmog|Drednaw, M|100/100\n|-activate|p2a: Dredmog|move: Sticky Web\n|-unboost|p2a: Dredmog|spe|1\n|-enditem|p2a: Dredmog|White Herb\n|-clearnegativeboost|p2a: Dredmog|[silent]\n|move|p1a: Torterra|Seed Bomb|p2a: Dredmog\n|-supereffective|p2a: Dredmog\n|-damage|p2a: Dredmog|0 fnt\n|faint|p2a: Dredmog\n|\n|upkeep\n|\n|t:|1783820694\n|switch|p2a: Bugnificent|Slither Wing|10/100\n|-activate|p2a: Bugnificent|move: Sticky Web\n|-unboost|p2a: Bugnificent|spe|1\n|turn|22\n|\n|t:|1783820698\n|move|p2a: Bugnificent|First Impression|p1a: Torterra\n|-supereffective|p1a: Torterra\n|-damage|p1a: Torterra|0 fnt\n|faint|p1a: Torterra\n|\n|win|DomNeedsHelp\n", "uploadtime": 1783820706, "views": 13, "formatid": "gen9ou", "rating": null, "private": 0, "password": null}