{"id": "gen9ou-2647697323", "format": "[Gen 9] OU", "players": ["shaygayslay", "Stracciatella06"], "log": "|j|☆shaygayslay\n|j|☆Stracciatella06\n|t:|1783797934\n|gametype|singles\n|player|p1|shaygayslay|cynthia-gen4|1116\n|player|p2|Stracciatella06|266|1054\n|gen|9\n|tier|[Gen 9] OU\n|rated|\n|rule|HP Percentage Mod: HP is shown in percentages\n|rule|Endless Battle Clause: Forcing endless battles is banned\n|rule|Species Clause: Limit one of each Pokémon\n|rule|OHKO Clause: OHKO moves are banned\n|rule|Evasion Items Clause: Evasion items are banned\n|rule|Evasion Moves Clause: Evasion moves are banned\n|rule|Evasion Abilities Clause: Evasion abilities are banned\n|rule|Sleep Moves Clause: Sleep-inducing moves are banned\n|clearpoke\n|poke|p1|Deoxys-Speed|\n|poke|p1|Enamorus, F|\n|poke|p1|Iron Moth|\n|poke|p1|Kingambit, M|\n|poke|p1|Gyarados, M|\n|poke|p1|Sinistcha|\n|poke|p2|Great Tusk|\n|poke|p2|Sandaconda, F|\n|poke|p2|Primarina, F|\n|poke|p2|Garchomp, F|\n|poke|p2|Heatran, F|\n|poke|p2|Clawitzer, F|\n|teampreview\n|\n|t:|1783797952\n|teamsize|p1|6\n|teamsize|p2|6\n|start\n|switch|p1a: Dio|Deoxys-Speed, shiny|100/100\n|switch|p2a: Kaa|Sandaconda, F, shiny|100/100\n|-ability|p1a: Dio|Pressure\n|turn|1\n|inactive|Battle timer is ON: inactive players will automatically lose when time's up. (requested by shaygayslay)\n|\n|t:|1783797960\n|move|p1a: Dio|Calm Mind|p1a: Dio\n|-boost|p1a: Dio|spa|1\n|-boost|p1a: Dio|spd|1\n|move|p2a: Kaa|Glare|p1a: Dio\n|-status|p1a: Dio|par\n|\n|upkeep\n|turn|2\n|\n|t:|1783797966\n|move|p1a: Dio|Calm Mind|p1a: Dio\n|-boost|p1a: Dio|spa|1\n|-boost|p1a: Dio|spd|1\n|move|p2a: Kaa|Earthquake|p1a: Dio\n|-damage|p1a: Dio|47/100 par\n|\n|upkeep\n|turn|3\n|\n|t:|1783797981\n|move|p1a: Dio|Psychic|p2a: Kaa\n|-damage|p2a: Kaa|19/100\n|-weather|Sandstorm|[from] ability: Sand Spit|[of] p2a: Kaa\n|move|p2a: Kaa|Earthquake|p1a: Dio\n|-damage|p1a: Dio|0 fnt\n|faint|p1a: Dio\n|\n|-weather|Sandstorm|[upkeep]\n|-heal|p2a: Kaa|25/100|[from] item: Leftovers\n|upkeep\n|\n|t:|1783797994\n|switch|p1a: Matcha man|Sinistcha, shiny|100/100\n|turn|4\n|\n|t:|1783798003\n|move|p2a: Kaa|Rest|p2a: Kaa\n|-status|p2a: Kaa|slp|[from] move: Rest\n|-heal|p2a: Kaa|100/100 slp|[silent]\n|move|p1a: Matcha man|Matcha Gotcha|p2a: Kaa\n|-supereffective|p2a: Kaa\n|-damage|p2a: Kaa|0 fnt\n|faint|p2a: Kaa\n|\n|-weather|Sandstorm|[upkeep]\n|-damage|p1a: Matcha man|94/100|[from] Sandstorm\n|upkeep\n|\n|t:|1783798014\n|switch|p2a: Teide|Heatran, F|100/100\n|turn|5\n|\n|t:|1783798025\n|switch|p1a: Snek|Gyarados, M, shiny|100/100\n|move|p2a: Teide|Flamethrower|p1a: Snek\n|-resisted|p1a: Snek\n|-damage|p1a: Snek|74/100\n|\n|-weather|Sandstorm|[upkeep]\n|-damage|p1a: Snek|68/100|[from] Sandstorm\n|upkeep\n|turn|6\n|\n|t:|1783798042\n|switch|p2a: Sirenita|Primarina, F|100/100\n|move|p1a: Snek|Dragon Dance|p1a: Snek\n|-boost|p1a: Snek|atk|1\n|-boost|p1a: Snek|spe|1\n|\n|-weather|Sandstorm|[upkeep]\n|-damage|p1a: Snek|62/100|[from] Sandstorm\n|-damage|p2a: Sirenita|94/100|[from] Sandstorm\n|upkeep\n|turn|7\n|\n|t:|1783798055\n|move|p1a: Snek|Earthquake|p2a: Sirenita\n|-crit|p2a: Sirenita\n|-damage|p2a: Sirenita|1/100\n|move|p2a: Sirenita|Alluring Voice|p1a: Snek\n|-damage|p1a: Snek|20/100\n|\n|-weather|none\n|upkeep\n|turn|8\n|\n|t:|1783798068\n|switch|p2a: 5océanos|Clawitzer, F|100/100\n|move|p1a: Snek|Earthquake|p2a: 5océanos\n|-damage|p2a: 5océanos|24/100\n|\n|upkeep\n|turn|9\n|\n|t:|1783798091\n|move|p1a: Snek|Earthquake|p2a: 5océanos\n|-damage|p2a: 5océanos|0 fnt\n|faint|p2a: 5océanos\n|-ability|p1a: Snek|Moxie|boost\n|-boost|p1a: Snek|atk|1\n|\n|upkeep\n|\n|t:|1783798099\n|switch|p2a: Cinthia|Garchomp, F|100/100\n|turn|10\n|\n|t:|1783798106\n|-terastallize|p2a: Cinthia|Dragon\n|move|p1a: Snek|Aqua Tail|p2a: Cinthia\n|-resisted|p2a: Cinthia\n|-damage|p2a: Cinthia|57/100\n|-damage|p1a: Snek|8/100|[from] ability: Rough Skin|[of] p2a: Cinthia\n|-damage|p1a: Snek|0 fnt|[from] item: Rocky Helmet|[of] p2a: Cinthia\n|faint|p1a: Snek\n|move|p2a: Cinthia|Dragon Claw|p1: Snek|[notarget]\n|-fail|p2a: Cinthia\n|\n|upkeep\n|\n|t:|1783798112\n|switch|p1a: Lovely|Enamorus, F, shiny|100/100\n|turn|11\n|\n|t:|1783798120\n|switch|p2a: Dumbo|Great Tusk|100/100\n|move|p1a: Lovely|Superpower|p2a: Dumbo\n|-crit|p2a: Dumbo\n|-damage|p2a: Dumbo|70/100\n|-boost|p1a: Lovely|atk|1\n|-boost|p1a: Lovely|def|1\n|\n|upkeep\n|turn|12\n|\n|t:|1783798132\n|move|p1a: Lovely|Superpower|p2a: Dumbo\n|-crit|p2a: Dumbo\n|-damage|p2a: Dumbo|24/100\n|-boost|p1a: Lovely|atk|1\n|-boost|p1a: Lovely|def|1\n|move|p2a: Dumbo|Roar|p1a: Lovely\n|drag|p1a: Matcha man|Sinistcha, shiny|94/100\n|\n|upkeep\n|turn|13\n|\n|t:|1783798142\n|move|p2a: Dumbo|Megahorn|p1a: Matcha man\n|-damage|p1a: Matcha man|55/100\n|move|p1a: Matcha man|Matcha Gotcha|p2a: Dumbo\n|-supereffective|p2a: Dumbo\n|-damage|p2a: Dumbo|0 fnt\n|-heal|p1a: Matcha man|73/100|[from] drain|[of] p2a: Dumbo\n|faint|p2a: Dumbo\n|-end|p2a: Dumbo|Protosynthesis|[silent]\n|\n|upkeep\n|\n|t:|1783798151\n|switch|p2a: Teide|Heatran, F|100/100\n|turn|14\n|\n|t:|1783798166\n|move|p1a: Matcha man|Iron Defense|p1a: Matcha man\n|-boost|p1a: Matcha man|def|2\n|move|p2a: Teide|Flamethrower|p1a: Matcha man\n|-supereffective|p1a: Matcha man\n|-damage|p1a: Matcha man|18/100\n|-status|p1a: Matcha man|brn\n|\n|-damage|p1a: Matcha man|15/100 brn|[from] brn\n|upkeep\n|turn|15\n|\n|t:|1783798177\n|move|p2a: Teide|Protect|p2a: Teide\n|-singleturn|p2a: Teide|Protect\n|move|p1a: Matcha man|Shadow Ball|p2a: Teide\n|-activate|p2a: Teide|move: Protect\n|\n|-damage|p1a: Matcha man|12/100 brn|[from] brn\n|upkeep\n|turn|16\n|\n|t:|1783798194\n|move|p1a: Matcha man|Shadow Ball|p2a: Teide\n|-damage|p2a: Teide|60/100\n|-unboost|p2a: Teide|spd|1\n|move|p2a: Teide|Flamethrower|p1a: Matcha man\n|-supereffective|p1a: Matcha man\n|-damage|p1a: Matcha man|0 fnt\n|faint|p1a: Matcha man\n|\n|-heal|p2a: Teide|67/100|[from] item: Leftovers\n|upkeep\n|\n|t:|1783798213\n|switch|p1a: Lovely|Enamorus, F, shiny|100/100\n|turn|17\n|\n|t:|1783798218\n|move|p2a: Teide|Protect|p2a: Teide\n|-singleturn|p2a: Teide|Protect\n|move|p1a: Lovely|Superpower|p2a: Teide\n|-activate|p2a: Teide|move: Protect\n|\n|-heal|p2a: Teide|73/100|[from] item: Leftovers\n|upkeep\n|turn|18\n|\n|t:|1783798225\n|move|p1a: Lovely|Superpower|p2a: Teide\n|-supereffective|p2a: Teide\n|-damage|p2a: Teide|0 fnt\n|-boost|p1a: Lovely|atk|1\n|-boost|p1a: Lovely|def|1\n|-status|p1a: Lovely|brn|[from] ability: Flame Body|[of] p2a: Teide\n|faint|p2a: Teide\n|\n|-damage|p1a: Lovely|94/100 brn|[from] brn\n|upkeep\n|\n|t:|1783798234\n|switch|p2a: Sirenita|Primarina, F|1/100\n|turn|19\n|\n|t:|1783798240\n|move|p1a: Lovely|Superpower|p2a: Sirenita\n|-resisted|p2a: Sirenita\n|-damage|p2a: Sirenita|0 fnt\n|-boost|p1a: Lovely|atk|1\n|-boost|p1a: Lovely|def|1\n|faint|p2a: Sirenita\n|\n|-damage|p1a: Lovely|88/100 brn|[from] brn\n|upkeep\n|\n|t:|1783798248\n|switch|p2a: Cinthia|Garchomp, F, tera:Dragon|57/100\n|turn|20\n|\n|t:|1783798252\n|move|p1a: Lovely|Play Rough|p2a: Cinthia\n|-supereffective|p2a: Cinthia\n|-damage|p2a: Cinthia|0 fnt\n|-damage|p1a: Lovely|76/100 brn|[from] ability: Rough Skin|[of] p2a: Cinthia\n|-damage|p1a: Lovely|59/100 brn|[from] item: Rocky Helmet|[of] p2a: Cinthia\n|faint|p2a: Cinthia\n|\n|win|shaygayslay\n|raw|shaygayslay's rating: 1116 &rarr; <strong>1137</strong><br />(+21 for winning)\n|raw|Stracciatella06's rating: 1054 &rarr; <strong>1039</strong><br />(-15 for losing)\n|l|☆shaygayslay\n|player|p1|\n|l|☆Stracciatella06\n|player|p2|\n", "uploadtime": 1783798566, "views": 9, "formatid": "gen9ou", "rating": 1039, "private": 0, "password": null}