{"id": "gen9ou-2540867518", "format": "[Gen 9] OU", "players": ["wemm", "Alerjake"], "log": "|j|☆wemm\n|j|☆Alerjake\n|t:|1771262153\n|gametype|singles\n|player|p1|wemm|1|1545\n|player|p2|Alerjake|169|1549\n|gen|9\n|tier|[Gen 9] OU\n|rated|\n|rule|HP Percentage Mod: HP is shown in percentages\n|rule|Endless Battle Clause: Forcing endless battles is banned\n|rule|Species Clause: Limit one of each Pokémon\n|rule|OHKO Clause: OHKO moves are banned\n|rule|Evasion Items Clause: Evasion items are banned\n|rule|Evasion Moves Clause: Evasion moves are banned\n|rule|Evasion Abilities Clause: Evasion abilities are banned\n|rule|Sleep Moves Clause: Sleep-inducing moves are banned\n|clearpoke\n|poke|p1|Tyranitar, F|\n|poke|p1|Tinkaton, F|\n|poke|p1|Great Tusk|\n|poke|p1|Samurott-Hisui, F|\n|poke|p1|Moltres|\n|poke|p1|Dragapult, F|\n|poke|p2|Ribombee, M|\n|poke|p2|Slither Wing|\n|poke|p2|Gholdengo|\n|poke|p2|Ceruledge, M|\n|poke|p2|Primarina, F|\n|poke|p2|Ting-Lu|\n|teampreview\n|inactive|Battle timer is ON: inactive players will automatically lose when time's up. (requested by Alerjake)\n|\n|t:|1771262179\n|teamsize|p1|6\n|teamsize|p2|6\n|start\n|switch|p1a: Tinkaton|Tinkaton, F, shiny|100/100\n|switch|p2a: Ribombee|Ribombee, M|100/100\n|-ability|p1a: Tinkaton|Mold Breaker\n|-item|p1a: Tinkaton|Air Balloon\n|turn|1\n|\n|t:|1771262191\n|move|p2a: Ribombee|Stun Spore|p1a: Tinkaton\n|-status|p1a: Tinkaton|par\n|move|p1a: Tinkaton|Thunder Wave|p2a: Ribombee\n|-status|p2a: Ribombee|par\n|\n|upkeep\n|turn|2\n|\n|t:|1771262195\n|move|p2a: Ribombee|Sticky Web|p1a: Tinkaton\n|-sidestart|p1: wemm|move: Sticky Web\n|move|p1a: Tinkaton|Stealth Rock|p2a: Ribombee\n|-sidestart|p2: Alerjake|move: Stealth Rock\n|\n|upkeep\n|turn|3\n|\n|t:|1771262204\n|cant|p2a: Ribombee|par\n|move|p1a: Tinkaton|Gigaton Hammer|p2a: Ribombee\n|-supereffective|p2a: Ribombee\n|-enditem|p2a: Ribombee|Focus Sash\n|-damage|p2a: Ribombee|1/100 par\n|\n|upkeep\n|turn|4\n|\n|t:|1771262216\n|switch|p1a: Moltres|Moltres|100/100\n|move|p2a: Ribombee|Moonblast|p1a: Moltres\n|-resisted|p1a: Moltres\n|-damage|p1a: Moltres|82/100\n|\n|upkeep\n|turn|5\n|\n|t:|1771262226\n|move|p1a: Moltres|U-turn|p2a: Ribombee\n|-resisted|p2a: Ribombee\n|-damage|p2a: Ribombee|0 fnt\n|faint|p2a: Ribombee\n|\n|t:|1771262236\n|switch|p1a: Tyranitar|Tyranitar, F, shiny|100/100|[from] U-turn\n|-activate|p1a: Tyranitar|move: Sticky Web\n|-unboost|p1a: Tyranitar|spe|1\n|-weather|Sandstorm|[from] ability: Sand Stream|[of] p1a: Tyranitar\n|\n|-weather|Sandstorm|[upkeep]\n|upkeep\n|\n|t:|1771262241\n|switch|p2a: Slither Wing|Slither Wing|100/100\n|-damage|p2a: Slither Wing|88/100|[from] Stealth Rock\n|-enditem|p2a: Slither Wing|Booster Energy\n|-activate|p2a: Slither Wing|ability: Protosynthesis|[fromitem]\n|-start|p2a: Slither Wing|protosynthesisatk\n|turn|6\n|\n|t:|1771262247\n|switch|p1a: Moltres|Moltres|82/100\n|move|p2a: Slither Wing|Close Combat|p1a: Moltres\n|-resisted|p1a: Moltres\n|-damage|p1a: Moltres|56/100\n|-unboost|p2a: Slither Wing|def|1\n|-unboost|p2a: Slither Wing|spd|1\n|\n|-weather|Sandstorm|[upkeep]\n|-damage|p2a: Slither Wing|82/100|[from] Sandstorm\n|-damage|p1a: Moltres|50/100|[from] Sandstorm\n|upkeep\n|turn|7\n|\n|t:|1771262255\n|-end|p2a: Slither Wing|Protosynthesis|[silent]\n|switch|p2a: Primarina|Primarina, F|100/100\n|-damage|p2a: Primarina|88/100|[from] Stealth Rock\n|move|p1a: Moltres|U-turn|p2a: Primarina\n|-resisted|p2a: Primarina\n|-damage|p2a: Primarina|78/100\n|\n|t:|1771262272\n|switch|p1a: Tinkaton|Tinkaton, F, shiny|100/100 par|[from] U-turn\n|-ability|p1a: Tinkaton|Mold Breaker\n|-item|p1a: Tinkaton|Air Balloon\n|\n|-weather|Sandstorm|[upkeep]\n|-damage|p2a: Primarina|72/100|[from] Sandstorm\n|upkeep\n|turn|8\n|\n|t:|1771262280\n|move|p2a: Primarina|Hydro Pump|p1a: Tinkaton\n|-damage|p1a: Tinkaton|26/100 par\n|-enditem|p1a: Tinkaton|Air Balloon\n|cant|p1a: Tinkaton|par\n|\n|-weather|Sandstorm|[upkeep]\n|-damage|p2a: Primarina|66/100|[from] Sandstorm\n|upkeep\n|turn|9\n|\n|t:|1771262286\n|move|p2a: Primarina|Hydro Pump|p1a: Tinkaton\n|-damage|p1a: Tinkaton|0 fnt\n|faint|p1a: Tinkaton\n|\n|-weather|none\n|upkeep\n|\n|t:|1771262297\n|switch|p1a: Tyranitar|Tyranitar, F, shiny|100/100\n|-activate|p1a: Tyranitar|move: Sticky Web\n|-unboost|p1a: Tyranitar|spe|1\n|-weather|Sandstorm|[from] ability: Sand Stream|[of] p1a: Tyranitar\n|turn|10\n|\n|t:|1771262301\n|move|p2a: Primarina|Hydro Pump|p1a: Tyranitar\n|-supereffective|p1a: Tyranitar\n|-damage|p1a: Tyranitar|0 fnt\n|faint|p1a: Tyranitar\n|\n|-weather|Sandstorm|[upkeep]\n|-damage|p2a: Primarina|60/100|[from] Sandstorm\n|upkeep\n|-message|wemm forfeited.\n|\n|win|Alerjake\n|raw|wemm's rating: 1545 &rarr; <strong>1525</strong><br />(-20 for losing)\n|raw|Alerjake's rating: 1549 &rarr; <strong>1569</strong><br />(+20 for winning)\n|l|☆wemm\n|player|p1|\n|l|☆Alerjake\n|player|p2|\n", "uploadtime": 1771262451, "views": 11, "formatid": "gen9ou", "rating": 1525, "private": 0, "password": null}