{"id": "gen9ou-2647807434", "format": "[Gen 9] OU", "players": ["PizzaPizza365", "sir.doff"], "log": "|j|☆PizzaPizza365\n|j|☆sir.doff\n|t:|1783816087\n|gametype|singles\n|player|p1|PizzaPizza365|ethan|1347\n|player|p2|sir.doff|gentleman-gen4|1314\n|gen|9\n|tier|[Gen 9] OU\n|rated|\n|rule|HP Percentage Mod: HP is shown in percentages\n|rule|Endless Battle Clause: Forcing endless battles is banned\n|rule|Species Clause: Limit one of each Pokémon\n|rule|OHKO Clause: OHKO moves are banned\n|rule|Evasion Items Clause: Evasion items are banned\n|rule|Evasion Moves Clause: Evasion moves are banned\n|rule|Evasion Abilities Clause: Evasion abilities are banned\n|rule|Sleep Moves Clause: Sleep-inducing moves are banned\n|clearpoke\n|poke|p1|Tentacruel, M|\n|poke|p1|Alomomola, F|\n|poke|p1|Torterra, M|\n|poke|p1|Gliscor, M|\n|poke|p1|Moltres|\n|poke|p1|Cacturne, F|\n|poke|p2|Pelipper, F|\n|poke|p2|Ludicolo, M|\n|poke|p2|Barraskewda, M|\n|poke|p2|Raging Bolt|\n|poke|p2|Iron Treads|\n|poke|p2|Overqwil, F|\n|teampreview\n|inactive|Battle timer is ON: inactive players will automatically lose when time's up. (requested by PizzaPizza365)\n|inactive|PizzaPizza365 has 120 seconds left.\n|inactive|PizzaPizza365 has 90 seconds left.\n|\n|t:|1783816171\n|teamsize|p1|6\n|teamsize|p2|6\n|start\n|switch|p1a: Jelly Man|Tentacruel, M|100/100\n|switch|p2a: Bocona|Pelipper, F|100/100\n|-weather|RainDance|[from] ability: Drizzle|[of] p2a: Bocona\n|turn|1\n|\n|t:|1783816178\n|move|p1a: Jelly Man|Sludge Bomb|p2a: Bocona\n|-damage|p2a: Bocona|54/100\n|-status|p2a: Bocona|psn\n|move|p2a: Bocona|Hurricane|p1a: Jelly Man\n|-damage|p1a: Jelly Man|69/100\n|\n|-weather|RainDance|[upkeep]\n|-damage|p2a: Bocona|41/100 psn|[from] psn\n|upkeep\n|turn|2\n|\n|t:|1783816189\n|switch|p2a: Overqwil|Overqwil, F|100/100\n|move|p1a: Jelly Man|Flip Turn|p2a: Overqwil\n|-damage|p2a: Overqwil|76/100\n|\n|t:|1783816204\n|switch|p1a: Stall diplomat|Gliscor, M|100/100|[from] Flip Turn\n|\n|-weather|RainDance|[upkeep]\n|-status|p1a: Stall diplomat|tox|[from] item: Toxic Orb\n|upkeep\n|turn|3\n|\n|t:|1783816211\n|-terastallize|p2a: Overqwil|Water\n|move|p2a: Overqwil|Swords Dance|p2a: Overqwil\n|-boost|p2a: Overqwil|atk|2\n|move|p1a: Stall diplomat|Earthquake|p2a: Overqwil\n|-damage|p2a: Overqwil|32/100\n|\n|-weather|RainDance|[upkeep]\n|upkeep\n|turn|4\n|\n|t:|1783816221\n|switch|p1a: Hokey Pokey|Cacturne, F|100/100\n|move|p2a: Overqwil|Liquidation|p1a: Hokey Pokey\n|-immune|p1a: Hokey Pokey|[from] ability: Water Absorb\n|\n|-weather|RainDance|[upkeep]\n|upkeep\n|turn|5\n|\n|t:|1783816227\n|move|p1a: Hokey Pokey|Sucker Punch|p2a: Overqwil\n|-damage|p2a: Overqwil|0 fnt\n|faint|p2a: Overqwil\n|-damage|p1a: Hokey Pokey|91/100|[from] item: Life Orb\n|\n|-weather|RainDance|[upkeep]\n|upkeep\n|\n|t:|1783816232\n|switch|p2a: Go Drinking|Ludicolo, M|100/100\n|turn|6\n|\n|t:|1783816252\n|switch|p1a: Fish|Alomomola, F|100/100\n|move|p2a: Go Drinking|Ice Beam|p1a: Fish\n|-resisted|p1a: Fish\n|-damage|p1a: Fish|87/100\n|-damage|p2a: Go Drinking|91/100|[from] item: Life Orb\n|\n|-weather|RainDance|[upkeep]\n|upkeep\n|turn|7\n|\n|t:|1783816260\n|move|p2a: Go Drinking|Leaf Storm|p1a: Fish\n|-supereffective|p1a: Fish\n|-damage|p1a: Fish|0 fnt\n|-unboost|p2a: Go Drinking|spa|2\n|faint|p1a: Fish\n|-damage|p2a: Go Drinking|81/100|[from] item: Life Orb\n|\n|-weather|RainDance|[upkeep]\n|upkeep\n|\n|t:|1783816269\n|switch|p1a: Jelly Man|Tentacruel, M|69/100\n|turn|8\n|\n|t:|1783816273\n|switch|p2a: Defante|Iron Treads|100/100\n|move|p1a: Jelly Man|Sludge Bomb|p2a: Defante\n|-immune|p2a: Defante\n|\n|-weather|none\n|upkeep\n|turn|9\n|\n|t:|1783816283\n|switch|p1a: Hot Wings|Moltres|100/100\n|move|p2a: Defante|Stealth Rock|p1a: Hot Wings\n|-sidestart|p1: PizzaPizza365|move: Stealth Rock\n|\n|upkeep\n|turn|10\n|\n|t:|1783816290\n|-end|p2a: Defante|Quark Drive|[silent]\n|switch|p2a: Bocona|Pelipper, F|41/100 psn\n|-weather|RainDance|[from] ability: Drizzle|[of] p2a: Bocona\n|move|p1a: Hot Wings|Flamethrower|p2a: Bocona\n|-resisted|p2a: Bocona\n|-damage|p2a: Bocona|27/100 psn\n|\n|-weather|RainDance|[upkeep]\n|-damage|p2a: Bocona|14/100 psn|[from] psn\n|upkeep\n|turn|11\n|\n|t:|1783816301\n|move|p2a: Bocona|Surf|p1a: Hot Wings\n|-supereffective|p1a: Hot Wings\n|-damage|p1a: Hot Wings|0 fnt\n|faint|p1a: Hot Wings\n|\n|-weather|RainDance|[upkeep]\n|-damage|p2a: Bocona|2/100 psn|[from] psn\n|upkeep\n|\n|t:|1783816323\n|switch|p1a: Jelly Man|Tentacruel, M|69/100\n|turn|12\n|\n|t:|1783816329\n|move|p1a: Jelly Man|Rapid Spin|p2a: Bocona\n|-damage|p2a: Bocona|0 fnt\n|-boost|p1a: Jelly Man|spe|1\n|-sideend|p1: PizzaPizza365|Stealth Rock|[from] move: Rapid Spin|[of] p1a: Jelly Man\n|faint|p2a: Bocona\n|\n|-weather|RainDance|[upkeep]\n|upkeep\n|\n|t:|1783816335\n|switch|p2a: Tilápio|Barraskewda, M|100/100\n|turn|13\n|\n|t:|1783816340\n|move|p2a: Tilápio|Flip Turn|p1a: Jelly Man\n|-resisted|p1a: Jelly Man\n|-damage|p1a: Jelly Man|29/100\n|\n|t:|1783816346\n|switch|p2a: Defante|Iron Treads|100/100|[from] Flip Turn\n|move|p1a: Jelly Man|Sludge Bomb|p2a: Defante\n|-immune|p2a: Defante\n|\n|-weather|RainDance|[upkeep]\n|upkeep\n|turn|14\n|\n|t:|1783816355\n|move|p1a: Jelly Man|Flip Turn|p2a: Defante\n|-supereffective|p2a: Defante\n|-damage|p2a: Defante|68/100\n|\n|t:|1783816358\n|switch|p1a: Stall diplomat|Gliscor, M|100/100 tox|[from] Flip Turn\n|move|p2a: Defante|Earthquake|p1a: Stall diplomat\n|-immune|p1a: Stall diplomat\n|\n|-weather|RainDance|[upkeep]\n|-heal|p2a: Defante|74/100|[from] item: Leftovers\n|upkeep\n|turn|15\n|\n|t:|1783816368\n|move|p2a: Defante|Ice Spinner|p1a: Stall diplomat\n|-supereffective|p1a: Stall diplomat\n|-damage|p1a: Stall diplomat|37/100 tox\n|move|p1a: Stall diplomat|Earthquake|p2a: Defante\n|-supereffective|p2a: Defante\n|-damage|p2a: Defante|18/100\n|\n|-weather|RainDance|[upkeep]\n|-heal|p2a: Defante|24/100|[from] item: Leftovers\n|-heal|p1a: Stall diplomat|49/100 tox|[from] ability: Poison Heal\n|upkeep\n|turn|16\n|\n|t:|1783816377\n|move|p1a: Stall diplomat|Protect|p1a: Stall diplomat\n|-singleturn|p1a: Stall diplomat|Protect\n|move|p2a: Defante|Stealth Rock|p1a: Stall diplomat\n|-sidestart|p1: PizzaPizza365|move: Stealth Rock\n|\n|-weather|RainDance|[upkeep]\n|-heal|p2a: Defante|30/100|[from] item: Leftovers\n|-heal|p1a: Stall diplomat|62/100 tox|[from] ability: Poison Heal\n|upkeep\n|turn|17\n|\n|t:|1783816393\n|switch|p1a: Jelly Man|Tentacruel, M|29/100\n|move|p2a: Defante|Ice Spinner|p1a: Jelly Man\n|-resisted|p1a: Jelly Man\n|-damage|p1a: Jelly Man|13/100\n|\n|-weather|none\n|-heal|p2a: Defante|36/100|[from] item: Leftovers\n|upkeep\n|turn|18\n|\n|t:|1783816402\n|move|p1a: Jelly Man|Flip Turn|p2a: Defante\n|-supereffective|p2a: Defante\n|-damage|p2a: Defante|14/100\n|\n|t:|1783816405\n|switch|p1a: Stall diplomat|Gliscor, M|62/100 tox|[from] Flip Turn\n|-damage|p1a: Stall diplomat|49/100 tox|[from] Stealth Rock\n|move|p2a: Defante|Earthquake|p1a: Stall diplomat\n|-immune|p1a: Stall diplomat\n|\n|-heal|p2a: Defante|20/100|[from] item: Leftovers\n|-heal|p1a: Stall diplomat|62/100 tox|[from] ability: Poison Heal\n|upkeep\n|turn|19\n|\n|t:|1783816416\n|move|p1a: Stall diplomat|Protect|p1a: Stall diplomat\n|-singleturn|p1a: Stall diplomat|Protect\n|move|p2a: Defante|Ice Spinner|p1a: Stall diplomat\n|-activate|p1a: Stall diplomat|move: Protect\n|\n|-heal|p2a: Defante|27/100|[from] item: Leftovers\n|-heal|p1a: Stall diplomat|74/100 tox|[from] ability: Poison Heal\n|upkeep\n|turn|20\n|\n|t:|1783816428\n|move|p2a: Defante|Rapid Spin|p1a: Stall diplomat\n|-damage|p1a: Stall diplomat|65/100 tox\n|-boost|p2a: Defante|spe|1\n|move|p1a: Stall diplomat|Earthquake|p2a: Defante\n|-supereffective|p2a: Defante\n|-damage|p2a: Defante|0 fnt\n|faint|p2a: Defante\n|-end|p2a: Defante|Quark Drive|[silent]\n|\n|-heal|p1a: Stall diplomat|78/100 tox|[from] ability: Poison Heal\n|upkeep\n|\n|t:|1783816432\n|switch|p2a: Tilápio|Barraskewda, M|100/100\n|turn|21\n|\n|t:|1783816439\n|move|p1a: Stall diplomat|Protect|p1a: Stall diplomat\n|-singleturn|p1a: Stall diplomat|Protect\n|move|p2a: Tilápio|Close Combat|p1a: Stall diplomat\n|-activate|p1a: Stall diplomat|move: Protect\n|\n|-heal|p1a: Stall diplomat|90/100 tox|[from] ability: Poison Heal\n|upkeep\n|turn|22\n|\n|t:|1783816451\n|-terastallize|p1a: Stall diplomat|Ghost\n|move|p2a: Tilápio|Liquidation|p1a: Stall diplomat\n|-damage|p1a: Stall diplomat|50/100 tox\n|-unboost|p1a: Stall diplomat|def|1\n|move|p1a: Stall diplomat|Earthquake|p2a: Tilápio\n|-damage|p2a: Tilápio|25/100\n|\n|-heal|p1a: Stall diplomat|63/100 tox|[from] ability: Poison Heal\n|upkeep\n|turn|23\n|\n|t:|1783816460\n|move|p1a: Stall diplomat|Protect|p1a: Stall diplomat\n|-singleturn|p1a: Stall diplomat|Protect\n|move|p2a: Tilápio|Liquidation|p1a: Stall diplomat\n|-activate|p1a: Stall diplomat|move: Protect\n|\n|-heal|p1a: Stall diplomat|75/100 tox|[from] ability: Poison Heal\n|upkeep\n|turn|24\n|\n|t:|1783816469\n|move|p2a: Tilápio|Flip Turn|p1a: Stall diplomat\n|-damage|p1a: Stall diplomat|29/100 tox\n|\n|t:|1783816473\n|switch|p2a: Go Drinking|Ludicolo, M|81/100|[from] Flip Turn\n|move|p1a: Stall diplomat|Knock Off|p2a: Go Drinking\n|-damage|p2a: Go Drinking|38/100\n|-enditem|p2a: Go Drinking|Life Orb|[from] move: Knock Off|[of] p1a: Stall diplomat\n|\n|-heal|p1a: Stall diplomat|42/100 tox|[from] ability: Poison Heal\n|upkeep\n|turn|25\n|\n|t:|1783816481\n|move|p1a: Stall diplomat|Protect|p1a: Stall diplomat\n|-singleturn|p1a: Stall diplomat|Protect\n|move|p2a: Go Drinking|Hydro Pump|p1a: Stall diplomat\n|-activate|p1a: Stall diplomat|move: Protect\n|\n|-heal|p1a: Stall diplomat|54/100 tox|[from] ability: Poison Heal\n|upkeep\n|turn|26\n|\n|t:|1783816493\n|switch|p1a: Hokey Pokey|Cacturne, F|91/100\n|-damage|p1a: Hokey Pokey|78/100|[from] Stealth Rock\n|move|p2a: Go Drinking|Hydro Pump|p1a: Hokey Pokey\n|-heal|p1a: Hokey Pokey|100/100|[from] ability: Water Absorb|[of] p2a: Go Drinking\n|\n|upkeep\n|turn|27\n|\n|t:|1783816499\n|move|p1a: Hokey Pokey|Sucker Punch|p2a: Go Drinking\n|-damage|p2a: Go Drinking|0 fnt\n|faint|p2a: Go Drinking\n|-damage|p1a: Hokey Pokey|91/100|[from] item: Life Orb\n|\n|upkeep\n|\n|t:|1783816507\n|switch|p2a: Thor|Raging Bolt|100/100\n|-enditem|p2a: Thor|Booster Energy\n|-activate|p2a: Thor|ability: Protosynthesis|[fromitem]\n|-start|p2a: Thor|protosynthesisspa\n|turn|28\n|\n|t:|1783816517\n|move|p2a: Thor|Dragon Pulse|p1a: Hokey Pokey\n|-damage|p1a: Hokey Pokey|0 fnt\n|faint|p1a: Hokey Pokey\n|\n|upkeep\n|\n|t:|1783816530\n|switch|p1a: Frank|Torterra, M|100/100\n|-damage|p1a: Frank|94/100|[from] Stealth Rock\n|turn|29\n|\n|t:|1783816537\n|move|p2a: Thor|Dragon Pulse|p1a: Frank\n|-damage|p1a: Frank|15/100\n|move|p1a: Frank|Shell Smash|p1a: Frank\n|-unboost|p1a: Frank|def|1\n|-unboost|p1a: Frank|spd|1\n|-boost|p1a: Frank|atk|2\n|-boost|p1a: Frank|spa|2\n|-boost|p1a: Frank|spe|2\n|\n|upkeep\n|turn|30\n|\n|t:|1783816545\n|move|p1a: Frank|Headlong Rush|p2a: Thor\n|-supereffective|p2a: Thor\n|-damage|p2a: Thor|0 fnt\n|-unboost|p1a: Frank|def|1\n|-unboost|p1a: Frank|spd|1\n|faint|p2a: Thor\n|-end|p2a: Thor|Protosynthesis|[silent]\n|\n|upkeep\n|\n|t:|1783816547\n|switch|p2a: Tilápio|Barraskewda, M|25/100\n|turn|31\n|\n|t:|1783816553\n|move|p1a: Frank|Bullet Seed|p2a: Tilápio\n|-supereffective|p2a: Tilápio\n|-damage|p2a: Tilápio|0 fnt\n|faint|p2a: Tilápio\n|-hitcount|p2: Tilápio|1\n|\n|win|PizzaPizza365\n|raw|PizzaPizza365's rating: 1347 &rarr; <strong>1365</strong><br />(+18 for winning)\n|raw|sir.doff's rating: 1314 &rarr; <strong>1296</strong><br />(-18 for losing)\n|l|☆sir.doff\n|player|p2|\n|l|☆PizzaPizza365\n|player|p1|\n", "uploadtime": 1783816902, "views": 3, "formatid": "gen9ou", "rating": 1296, "private": 0, "password": null}