{"id": "gen9ou-2540819801", "format": "[Gen 9] OU", "players": ["tcatw132", "kimmmmmmm66"], "log": "|j|☆tcatw132\n|j|☆kimmmmmmm66\n|t:|1771257381\n|gametype|singles\n|player|p1|tcatw132|1|1546\n|player|p2|kimmmmmmm66|101|1520\n|gen|9\n|tier|[Gen 9] OU\n|rated|\n|rule|HP Percentage Mod: HP is shown in percentages\n|rule|Endless Battle Clause: Forcing endless battles is banned\n|rule|Species Clause: Limit one of each Pokémon\n|rule|OHKO Clause: OHKO moves are banned\n|rule|Evasion Items Clause: Evasion items are banned\n|rule|Evasion Moves Clause: Evasion moves are banned\n|rule|Evasion Abilities Clause: Evasion abilities are banned\n|rule|Sleep Moves Clause: Sleep-inducing moves are banned\n|clearpoke\n|poke|p1|Farigiraf, M|\n|poke|p1|Gholdengo|\n|poke|p1|Raging Bolt|\n|poke|p1|Pecharunt|\n|poke|p1|Great Tusk|\n|poke|p1|Grimmsnarl, M|\n|poke|p2|Dragapult, M|\n|poke|p2|Lokix, M|\n|poke|p2|Espeon, M|\n|poke|p2|Sinistcha|\n|poke|p2|Corviknight, F|\n|poke|p2|Incineroar, M|\n|teampreview\n|\n|t:|1771257387\n|teamsize|p1|6\n|teamsize|p2|6\n|start\n|switch|p1a: Grimmsnarl|Grimmsnarl, M|100/100\n|switch|p2a: Lokix|Lokix, M|100/100\n|turn|1\n|inactive|Battle timer is ON: inactive players will automatically lose when time's up. (requested by kimmmmmmm66)\n|\n|t:|1771257392\n|move|p2a: Lokix|First Impression|p1a: Grimmsnarl\n|-damage|p1a: Grimmsnarl|21/100\n|move|p1a: Grimmsnarl|Reflect|p1a: Grimmsnarl\n|-sidestart|p1: tcatw132|Reflect\n|\n|upkeep\n|turn|2\n|\n|t:|1771257401\n|switch|p2a: Incineroar|Incineroar, M|100/100\n|-ability|p2a: Incineroar|Intimidate|boost\n|-unboost|p1a: Grimmsnarl|atk|1\n|move|p1a: Grimmsnarl|Spirit Break|p2a: Incineroar\n|-damage|p2a: Incineroar|83/100\n|-unboost|p2a: Incineroar|spa|1\n|\n|upkeep\n|turn|3\n|\n|t:|1771257410\n|switch|p1a: Raging Bolt|Raging Bolt|100/100\n|-enditem|p1a: Raging Bolt|Booster Energy\n|-activate|p1a: Raging Bolt|ability: Protosynthesis|[fromitem]\n|-start|p1a: Raging Bolt|protosynthesisspa\n|move|p2a: Incineroar|Fake Out|p1a: Raging Bolt\n|-damage|p1a: Raging Bolt|96/100\n|\n|upkeep\n|turn|4\n|\n|t:|1771257417\n|move|p1a: Raging Bolt|Calm Mind|p1a: Raging Bolt\n|-boost|p1a: Raging Bolt|spa|1\n|-boost|p1a: Raging Bolt|spd|1\n|move|p2a: Incineroar|Parting Shot|p1a: Raging Bolt\n|-unboost|p1a: Raging Bolt|atk|1\n|-unboost|p1a: Raging Bolt|spa|1\n|\n|t:|1771257420\n|switch|p2a: Dragapult|Dragapult, M|100/100|[from] Parting Shot\n|\n|upkeep\n|turn|5\n|\n|t:|1771257425\n|move|p2a: Dragapult|Dragon Darts|p1a: Raging Bolt\n|-supereffective|p1a: Raging Bolt\n|-damage|p1a: Raging Bolt|48/100\n|-anim|p2a: Dragapult|Dragon Darts|p1a: Raging Bolt\n|-supereffective|p1a: Raging Bolt\n|-damage|p1a: Raging Bolt|2/100\n|move|p1a: Raging Bolt|Dragon Pulse|p2a: Dragapult\n|-supereffective|p2a: Dragapult\n|-damage|p2a: Dragapult|0 fnt\n|faint|p2a: Dragapult\n|\n|upkeep\n|\n|t:|1771257433\n|switch|p2a: Incineroar|Incineroar, M|83/100\n|-ability|p2a: Incineroar|Intimidate|boost\n|-unboost|p1a: Raging Bolt|atk|1\n|turn|6\n|\n|t:|1771257438\n|-end|p1a: Raging Bolt|Protosynthesis|[silent]\n|switch|p1a: Pecharunt|Pecharunt|100/100\n|-item|p1a: Pecharunt|Air Balloon\n|move|p2a: Incineroar|Fake Out|p1a: Pecharunt\n|-immune|p1a: Pecharunt\n|\n|upkeep\n|turn|7\n|\n|t:|1771257444\n|move|p1a: Pecharunt|Nasty Plot|p1a: Pecharunt\n|-boost|p1a: Pecharunt|spa|2\n|move|p2a: Incineroar|Knock Off|p1a: Pecharunt\n|-supereffective|p1a: Pecharunt\n|-damage|p1a: Pecharunt|78/100\n|-enditem|p1a: Pecharunt|Air Balloon\n|\n|upkeep\n|turn|8\n|\n|t:|1771257451\n|move|p1a: Pecharunt|Malignant Chain|p2a: Incineroar\n|-damage|p2a: Incineroar|42/100\n|-enditem|p2a: Incineroar|Sitrus Berry|[eat]\n|-heal|p2a: Incineroar|67/100|[from] item: Sitrus Berry\n|move|p2a: Incineroar|Parting Shot|p1a: Pecharunt\n|-unboost|p1a: Pecharunt|atk|1\n|-unboost|p1a: Pecharunt|spa|1\n|\n|t:|1771257474\n|switch|p2a: Espeon|Espeon, M|100/100|[from] Parting Shot\n|\n|-sideend|p1: tcatw132|Reflect\n|upkeep\n|turn|9\n|\n|t:|1771257478\n|switch|p1a: Gholdengo|Gholdengo|100/100\n|move|p2a: Espeon|Psychic Noise|p1a: Gholdengo\n|-resisted|p1a: Gholdengo\n|-damage|p1a: Gholdengo|80/100\n|-start|p1a: Gholdengo|move: Heal Block\n|\n|upkeep\n|turn|10\n|\n|t:|1771257488\n|switch|p2a: Incineroar|Incineroar, M|67/100\n|-ability|p2a: Incineroar|Intimidate|boost\n|-unboost|p1a: Gholdengo|atk|1\n|move|p1a: Gholdengo|Make It Rain|p2a: Incineroar\n|-resisted|p2a: Incineroar\n|-damage|p2a: Incineroar|40/100\n|-unboost|p1a: Gholdengo|spa|1\n|\n|-end|p1a: Gholdengo|move: Heal Block\n|upkeep\n|turn|11\n|\n|t:|1771257515\n|switch|p1a: Pecharunt|Pecharunt|78/100\n|move|p2a: Incineroar|Knock Off|p1a: Pecharunt\n|-supereffective|p1a: Pecharunt\n|-damage|p1a: Pecharunt|49/100\n|\n|upkeep\n|turn|12\n|\n|t:|1771257520\n|move|p1a: Pecharunt|Recover|p1a: Pecharunt\n|-heal|p1a: Pecharunt|99/100\n|move|p2a: Incineroar|Parting Shot|p1a: Pecharunt\n|-unboost|p1a: Pecharunt|atk|1\n|-unboost|p1a: Pecharunt|spa|1\n|\n|t:|1771257525\n|switch|p2a: Sinistcha|Sinistcha|100/100|[from] Parting Shot\n|\n|upkeep\n|turn|13\n|\n|t:|1771257533\n|move|p1a: Pecharunt|Nasty Plot|p1a: Pecharunt\n|-boost|p1a: Pecharunt|spa|2\n|move|p2a: Sinistcha|Shadow Ball|p1a: Pecharunt\n|-supereffective|p1a: Pecharunt\n|-damage|p1a: Pecharunt|0 fnt\n|faint|p1a: Pecharunt\n|-damage|p2a: Sinistcha|91/100|[from] item: Life Orb\n|\n|upkeep\n|\n|t:|1771257546\n|switch|p1a: Grimmsnarl|Grimmsnarl, M|21/100\n|turn|14\n|\n|t:|1771257550\n|switch|p2a: Incineroar|Incineroar, M|40/100\n|-ability|p2a: Incineroar|Intimidate|boost\n|-unboost|p1a: Grimmsnarl|atk|1\n|move|p1a: Grimmsnarl|Light Screen|p1a: Grimmsnarl\n|-sidestart|p1: tcatw132|move: Light Screen\n|\n|upkeep\n|turn|15\n|\n|t:|1771257565\n|move|p2a: Incineroar|Fake Out|p1a: Grimmsnarl\n|-damage|p1a: Grimmsnarl|6/100\n|cant|p1a: Grimmsnarl|flinch\n|\n|upkeep\n|turn|16\n|\n|t:|1771257573\n|move|p1a: Grimmsnarl|Parting Shot|p2a: Incineroar\n|-hint|Since gen 7, Dark is immune to Prankster moves.\n|-immune|p2a: Incineroar\n|move|p2a: Incineroar|Flare Blitz|p1a: Grimmsnarl\n|-damage|p1a: Grimmsnarl|0 fnt\n|faint|p1a: Grimmsnarl\n|-damage|p2a: Incineroar|38/100|[from] Recoil\n|\n|upkeep\n|\n|t:|1771257580\n|switch|p1a: Farigiraf|Farigiraf, M|100/100\n|turn|17\n|\n|t:|1771257589\n|-terastallize|p1a: Farigiraf|Fighting\n|move|p2a: Incineroar|Knock Off|p1a: Farigiraf\n|-resisted|p1a: Farigiraf\n|-damage|p1a: Farigiraf|80/100\n|-enditem|p1a: Farigiraf|Leftovers|[from] move: Knock Off|[of] p2a: Incineroar\n|move|p1a: Farigiraf|Nasty Plot|p1a: Farigiraf\n|-boost|p1a: Farigiraf|spa|2\n|\n|upkeep\n|turn|18\n|\n|t:|1771257598\n|move|p2a: Incineroar|Parting Shot|p1a: Farigiraf\n|-unboost|p1a: Farigiraf|atk|1\n|-unboost|p1a: Farigiraf|spa|1\n|\n|t:|1771257601\n|switch|p2a: Espeon|Espeon, M|100/100|[from] Parting Shot\n|move|p1a: Farigiraf|Trick Room|p1a: Farigiraf\n|-fieldstart|move: Trick Room|[of] p1a: Farigiraf\n|\n|upkeep\n|turn|19\n|\n|t:|1771257606\n|switch|p2a: Incineroar|Incineroar, M|38/100\n|-ability|p2a: Incineroar|Intimidate|boost\n|-unboost|p1a: Farigiraf|atk|1\n|move|p1a: Farigiraf|Shadow Ball|p2a: Incineroar\n|-resisted|p2a: Incineroar\n|-damage|p2a: Incineroar|26/100\n|\n|upkeep\n|turn|20\n|\n|t:|1771257613\n|move|p2a: Incineroar|Fake Out||[still]\n|cant|p1a: Farigiraf|ability: Armor Tail|Fake Out|[of] p2a: Incineroar\n|move|p1a: Farigiraf|Nasty Plot|p1a: Farigiraf\n|-boost|p1a: Farigiraf|spa|2\n|\n|upkeep\n|turn|21\n|\n|t:|1771257620\n|move|p1a: Farigiraf|Tera Blast|p2a: Incineroar|[anim] Tera Blast Fighting\n|-supereffective|p2a: Incineroar\n|-damage|p2a: Incineroar|0 fnt\n|faint|p2a: Incineroar\n|\n|-sideend|p1: tcatw132|move: Light Screen\n|upkeep\n|\n|t:|1771257628\n|switch|p2a: Corviknight|Corviknight, F|100/100\n|turn|22\n|\n|t:|1771257632\n|move|p1a: Farigiraf|Tera Blast|p2a: Corviknight|[anim] Tera Blast Fighting\n|-damage|p2a: Corviknight|17/100\n|move|p2a: Corviknight|Iron Defense|p2a: Corviknight\n|-boost|p2a: Corviknight|def|2\n|\n|-fieldend|move: Trick Room\n|upkeep\n|turn|23\n|\n|t:|1771257639\n|move|p2a: Corviknight|Brave Bird|p1a: Farigiraf\n|-supereffective|p1a: Farigiraf\n|-crit|p1a: Farigiraf\n|-damage|p1a: Farigiraf|0 fnt\n|faint|p1a: Farigiraf\n|-damage|p2a: Corviknight|0 fnt|[from] Recoil\n|faint|p2a: Corviknight\n|\n|upkeep\n|\n|t:|1771257655\n|switch|p2a: Espeon|Espeon, M|100/100\n|switch|p1a: Gholdengo|Gholdengo|80/100\n|turn|24\n|\n|t:|1771257659\n|move|p2a: Espeon|Light Screen|p2a: Espeon\n|-sidestart|p2: kimmmmmmm66|move: Light Screen\n|move|p1a: Gholdengo|Shadow Ball|p2a: Espeon\n|-supereffective|p2a: Espeon\n|-damage|p2a: Espeon|37/100\n|\n|upkeep\n|turn|25\n|\n|t:|1771257664\n|switch|p2a: Lokix|Lokix, M|100/100\n|move|p1a: Gholdengo|Nasty Plot|p1a: Gholdengo\n|-boost|p1a: Gholdengo|spa|2\n|\n|upkeep\n|turn|26\n|\n|t:|1771257674\n|move|p2a: Lokix|Sucker Punch|p1a: Gholdengo\n|-supereffective|p1a: Gholdengo\n|-damage|p1a: Gholdengo|0 fnt\n|faint|p1a: Gholdengo\n|\n|upkeep\n|\n|t:|1771257681\n|switch|p1a: Great Tusk|Great Tusk|100/100\n|-enditem|p1a: Great Tusk|Booster Energy\n|-activate|p1a: Great Tusk|ability: Protosynthesis|[fromitem]\n|-start|p1a: Great Tusk|protosynthesisspe\n|turn|27\n|\n|t:|1771257686\n|switch|p2a: Sinistcha|Sinistcha|91/100\n|move|p1a: Great Tusk|Ice Spinner|p2a: Sinistcha\n|-supereffective|p2a: Sinistcha\n|-damage|p2a: Sinistcha|43/100\n|\n|upkeep\n|turn|28\n|\n|t:|1771257692\n|-terastallize|p2a: Sinistcha|Steel\n|move|p1a: Great Tusk|Ice Spinner|p2a: Sinistcha\n|-resisted|p2a: Sinistcha\n|-damage|p2a: Sinistcha|33/100\n|move|p2a: Sinistcha|Matcha Gotcha|p1a: Great Tusk\n|-supereffective|p1a: Great Tusk\n|-damage|p1a: Great Tusk|0 fnt\n|-heal|p2a: Sinistcha|96/100|[from] drain|[of] p1a: Great Tusk\n|faint|p1a: Great Tusk\n|-end|p1a: Great Tusk|Protosynthesis|[silent]\n|-damage|p2a: Sinistcha|86/100|[from] item: Life Orb\n|\n|upkeep\n|-message|tcatw132 forfeited.\n|\n|win|kimmmmmmm66\n|raw|tcatw132's rating: 1546 &rarr; <strong>1525</strong><br />(-21 for losing)\n|raw|kimmmmmmm66's rating: 1520 &rarr; <strong>1541</strong><br />(+21 for winning)\n|l|☆tcatw132\n|player|p1|\n|l|☆kimmmmmmm66\n|player|p2|\n", "uploadtime": 1771257933, "views": 5, "formatid": "gen9ou", "rating": 1525, "private": 0, "password": null}