{"id": "gen9ou-2639229027", "format": "[Gen 9] OU", "players": ["redskyatnight", "lsdajfl"], "log": "|j|‽redskyatnight\n|j|☆lsdajfl\n|t:|1782437378\n|gametype|singles\n|player|p1|redskyatnight|grimsley-gen7|1473\n|player|p2|lsdajfl|2|1457\n|gen|9\n|tier|[Gen 9] OU\n|rated|\n|rule|HP Percentage Mod: HP is shown in percentages\n|rule|Endless Battle Clause: Forcing endless battles is banned\n|rule|Species Clause: Limit one of each Pokémon\n|rule|OHKO Clause: OHKO moves are banned\n|rule|Evasion Items Clause: Evasion items are banned\n|rule|Evasion Moves Clause: Evasion moves are banned\n|rule|Evasion Abilities Clause: Evasion abilities are banned\n|rule|Sleep Moves Clause: Sleep-inducing moves are banned\n|clearpoke\n|poke|p1|Zoroark-Hisui, F|\n|poke|p1|Ogerpon-Wellspring, F|\n|poke|p1|Great Tusk|\n|poke|p1|Garganacl, F|\n|poke|p1|Pecharunt|\n|poke|p1|Alomomola, F|\n|poke|p2|Clodsire, F|\n|poke|p2|Clefable, M|\n|poke|p2|Cinderace, F|\n|poke|p2|Corviknight, F|\n|poke|p2|Suicune|\n|poke|p2|Kyurem|\n|teampreview\n|\n|t:|1782437412\n|teamsize|p1|6\n|teamsize|p2|6\n|start\n|switch|p1a: Great Tusk|Great Tusk|100/100\n|switch|p2a: Clefable|Clefable, M|100/100\n|turn|1\n|\n|t:|1782437419\n|move|p1a: Great Tusk|Shadow Ball|p2a: Clefable\n|-damage|p2a: Clefable|45/100\n|move|p2a: Clefable|Knock Off|p1a: Great Tusk\n|-supereffective|p1a: Great Tusk\n|-crit|p1a: Great Tusk\n|-damage|p1a: Great Tusk|0 fnt\n|replace|p1a: Zoroark|Zoroark-Hisui, F, shiny\n|-end|p1a: Zoroark|Illusion\n|-enditem|p1a: Zoroark|Choice Specs|[from] move: Knock Off|[of] p2a: Clefable\n|faint|p1a: Zoroark\n|\n|-heal|p2a: Clefable|52/100|[from] item: Leftovers\n|upkeep\n|\n|t:|1782437435\n|switch|p1a: Ogerpon|Ogerpon-Wellspring, F|100/100\n|turn|2\n|\n|t:|1782437441\n|switch|p2a: Suicune|Suicune|100/100\n|-ability|p2a: Suicune|Pressure\n|move|p1a: Ogerpon|Swords Dance|p1a: Ogerpon\n|-boost|p1a: Ogerpon|atk|2\n|\n|upkeep\n|turn|3\n|\n|t:|1782437448\n|switch|p2a: Corviknight|Corviknight, F|100/100\n|-ability|p2a: Corviknight|Pressure\n|move|p1a: Ogerpon|Horn Leech|p2a: Corviknight\n|-resisted|p2a: Corviknight\n|-damage|p2a: Corviknight|88/100\n|-damage|p1a: Ogerpon|84/100|[from] item: Rocky Helmet|[of] p2a: Corviknight\n|\n|upkeep\n|turn|4\n|\n|t:|1782437468\n|switch|p1a: Garganacl|Garganacl, F|100/100\n|move|p2a: Corviknight|Brave Bird|p1a: Garganacl\n|-resisted|p1a: Garganacl\n|-damage|p1a: Garganacl|89/100\n|-damage|p2a: Corviknight|84/100|[from] Recoil\n|\n|-heal|p1a: Garganacl|95/100|[from] item: Leftovers\n|upkeep\n|turn|5\n|\n|t:|1782437479\n|move|p2a: Corviknight|U-turn|p1a: Garganacl\n|-damage|p1a: Garganacl|86/100\n|\n|t:|1782437485\n|switch|p2a: Clodsire|Clodsire, F|100/100|[from] U-turn\n|move|p1a: Garganacl|Stealth Rock|p2a: Clodsire\n|-sidestart|p2: lsdajfl|move: Stealth Rock\n|\n|-heal|p1a: Garganacl|92/100|[from] item: Leftovers\n|upkeep\n|turn|6\n|\n|t:|1782437493\n|move|p1a: Garganacl|Salt Cure|p2a: Clodsire\n|-resisted|p2a: Clodsire\n|-damage|p2a: Clodsire|93/100\n|-start|p2a: Clodsire|Salt Cure\n|move|p2a: Clodsire|Spikes|p1a: Garganacl\n|-sidestart|p1: redskyatnight|Spikes\n|\n|-heal|p1a: Garganacl|98/100|[from] item: Leftovers\n|-heal|p2a: Clodsire|99/100|[from] item: Leftovers\n|-damage|p2a: Clodsire|87/100|[from] Salt Cure\n|upkeep\n|turn|7\n|\n|t:|1782437516\n|switch|p1a: Ogerpon|Ogerpon-Wellspring, F|84/100\n|-damage|p1a: Ogerpon|72/100|[from] Spikes\n|move|p2a: Clodsire|Spikes|p1a: Ogerpon\n|-sidestart|p1: redskyatnight|Spikes\n|\n|-heal|p2a: Clodsire|93/100|[from] item: Leftovers\n|-damage|p2a: Clodsire|81/100|[from] Salt Cure\n|upkeep\n|turn|8\n|\n|t:|1782437528\n|switch|p2a: Corviknight|Corviknight, F|84/100\n|-damage|p2a: Corviknight|72/100|[from] Stealth Rock\n|-ability|p2a: Corviknight|Pressure\n|move|p1a: Ogerpon|Encore||[still]\n|-fail|p1a: Ogerpon\n|\n|upkeep\n|turn|9\n|\n|t:|1782437536\n|move|p1a: Ogerpon|Swords Dance|p1a: Ogerpon\n|-boost|p1a: Ogerpon|atk|2\n|move|p2a: Corviknight|U-turn|p1a: Ogerpon\n|-supereffective|p1a: Ogerpon\n|-damage|p1a: Ogerpon|33/100\n|\n|t:|1782437542\n|switch|p2a: Cinderace|Cinderace, F|100/100|[from] U-turn\n|\n|upkeep\n|turn|10\n|\n|t:|1782437550\n|switch|p1a: Pecharunt|Pecharunt|100/100\n|move|p2a: Cinderace|U-turn|p1a: Pecharunt\n|-start|p2a: Cinderace|typechange|Bug|[from] ability: Libero\n|-resisted|p1a: Pecharunt\n|-damage|p1a: Pecharunt|97/100\n|\n|t:|1782437568\n|switch|p2a: Corviknight|Corviknight, F|72/100|[from] U-turn\n|-damage|p2a: Corviknight|60/100|[from] Stealth Rock\n|-ability|p2a: Corviknight|Pressure\n|\n|upkeep\n|turn|11\n|\n|t:|1782437579\n|move|p1a: Pecharunt|Hex|p2a: Corviknight\n|-damage|p2a: Corviknight|42/100\n|move|p2a: Corviknight|Roost|p2a: Corviknight\n|-heal|p2a: Corviknight|92/100\n|-singleturn|p2a: Corviknight|move: Roost\n|\n|upkeep\n|turn|12\n|\n|t:|1782437609\n|switch|p1a: Garganacl|Garganacl, F|98/100\n|-damage|p1a: Garganacl|82/100|[from] Spikes\n|move|p2a: Corviknight|U-turn|p1a: Garganacl\n|-damage|p1a: Garganacl|73/100\n|\n|t:|1782437621\n|switch|p2a: Suicune|Suicune|100/100|[from] U-turn\n|-damage|p2a: Suicune|88/100|[from] Stealth Rock\n|-ability|p2a: Suicune|Pressure\n|\n|-heal|p2a: Suicune|94/100|[from] item: Leftovers\n|-heal|p1a: Garganacl|79/100|[from] item: Leftovers\n|upkeep\n|turn|13\n|\n|t:|1782437636\n|switch|p2a: Corviknight|Corviknight, F|92/100\n|-damage|p2a: Corviknight|79/100|[from] Stealth Rock\n|-ability|p2a: Corviknight|Pressure\n|move|p1a: Garganacl|Salt Cure|p2a: Corviknight\n|-damage|p2a: Corviknight|70/100\n|-start|p2a: Corviknight|Salt Cure\n|\n|-heal|p1a: Garganacl|85/100|[from] item: Leftovers\n|-damage|p2a: Corviknight|46/100|[from] Salt Cure\n|upkeep\n|turn|14\n|\n|t:|1782437648\n|switch|p2a: Clefable|Clefable, M|52/100\n|move|p1a: Garganacl|Protect||[still]\n|-fail|p1a: Garganacl\n|\n|-heal|p2a: Clefable|58/100|[from] item: Leftovers\n|-heal|p1a: Garganacl|91/100|[from] item: Leftovers\n|upkeep\n|turn|15\n|\n|t:|1782437655\n|move|p2a: Clefable|Wish|p2a: Clefable\n|move|p1a: Garganacl|Salt Cure|p2a: Clefable\n|-damage|p2a: Clefable|47/100\n|-start|p2a: Clefable|Salt Cure\n|\n|-heal|p2a: Clefable|53/100|[from] item: Leftovers\n|-heal|p1a: Garganacl|97/100|[from] item: Leftovers\n|upkeep\n|turn|16\n|\n|t:|1782437667\n|switch|p1a: Pecharunt|Pecharunt|97/100\n|move|p2a: Clefable|Thunder Wave|p1a: Pecharunt\n|-status|p1a: Pecharunt|par\n|\n|-heal|p2a: Clefable|100/100|[from] move: Wish|[wisher] Clefable\n|upkeep\n|turn|17\n|\n|t:|1782437674\n|switch|p2a: Corviknight|Corviknight, F|46/100\n|-damage|p2a: Corviknight|33/100|[from] Stealth Rock\n|-ability|p2a: Corviknight|Pressure\n|move|p1a: Pecharunt|Parting Shot|p2a: Corviknight\n|-unboost|p2a: Corviknight|atk|1\n|-unboost|p2a: Corviknight|spa|1\n|\n|t:|1782437678\n|switch|p1a: Great Tusk|Great Tusk|100/100|[from] Parting Shot\n|\n|upkeep\n|turn|18\n|\n|t:|1782437685\n|move|p1a: Great Tusk|Knock Off|p2a: Corviknight\n|-damage|p2a: Corviknight|14/100\n|-damage|p1a: Great Tusk|84/100|[from] item: Rocky Helmet|[of] p2a: Corviknight\n|-enditem|p2a: Corviknight|Rocky Helmet|[from] move: Knock Off|[of] p1a: Great Tusk\n|move|p2a: Corviknight|Roost|p2a: Corviknight\n|-heal|p2a: Corviknight|64/100\n|-singleturn|p2a: Corviknight|move: Roost\n|\n|upkeep\n|turn|19\n|\n|t:|1782437693\n|move|p1a: Great Tusk|Rapid Spin|p2a: Corviknight\n|-resisted|p2a: Corviknight\n|-damage|p2a: Corviknight|59/100\n|-boost|p1a: Great Tusk|spe|1\n|-sideend|p1: redskyatnight|Spikes|[from] move: Rapid Spin|[of] p1a: Great Tusk\n|move|p2a: Corviknight|Roost|p2a: Corviknight\n|-heal|p2a: Corviknight|100/100\n|-singleturn|p2a: Corviknight|move: Roost\n|\n|upkeep\n|turn|20\n|\n|t:|1782437701\n|-end|p1a: Great Tusk|Protosynthesis|[silent]\n|switch|p1a: Garganacl|Garganacl, F|97/100\n|move|p2a: Corviknight|Defog|p1a: Garganacl\n|-unboost|p1a: Garganacl|evasion|1\n|-sideend|p2: lsdajfl|Stealth Rock|[from] move: Defog|[of] p2a: Corviknight\n|\n|-heal|p1a: Garganacl|100/100|[from] item: Leftovers\n|upkeep\n|turn|21\n|\n|t:|1782437714\n|move|p2a: Corviknight|U-turn|p1a: Garganacl\n|-damage|p1a: Garganacl|94/100\n|\n|t:|1782437717\n|switch|p2a: Clefable|Clefable, M|100/100|[from] U-turn\n|move|p1a: Garganacl|Salt Cure|p2a: Clefable\n|-damage|p2a: Clefable|89/100\n|-start|p2a: Clefable|Salt Cure\n|\n|-heal|p2a: Clefable|95/100|[from] item: Leftovers\n|-heal|p1a: Garganacl|100/100|[from] item: Leftovers\n|upkeep\n|turn|22\n|\n|t:|1782437729\n|switch|p1a: Alomomola|Alomomola, F|100/100\n|move|p2a: Clefable|Knock Off|p1a: Alomomola\n|-damage|p1a: Alomomola|89/100\n|-enditem|p1a: Alomomola|Assault Vest|[from] move: Knock Off|[of] p2a: Clefable\n|\n|-heal|p2a: Clefable|100/100|[from] item: Leftovers\n|upkeep\n|turn|23\n|\n|t:|1782437737\n|move|p2a: Clefable|Thunder Wave|p1a: Alomomola\n|-status|p1a: Alomomola|par\n|move|p1a: Alomomola|Body Slam|p2a: Clefable\n|-damage|p2a: Clefable|90/100\n|-status|p2a: Clefable|par\n|\n|-heal|p2a: Clefable|96/100 par|[from] item: Leftovers\n|upkeep\n|turn|24\n|\n|t:|1782437754\n|switch|p2a: Corviknight|Corviknight, F|100/100\n|-ability|p2a: Corviknight|Pressure\n|cant|p1a: Alomomola|par\n|\n|upkeep\n|turn|25\n|\n|t:|1782437760\n|move|p2a: Corviknight|U-turn|p1a: Alomomola\n|-damage|p1a: Alomomola|79/100 par\n|\n|t:|1782437766\n|switch|p2a: Clefable|Clefable, M|96/100 par|[from] U-turn\n|move|p1a: Alomomola|Scald|p2a: Clefable\n|-damage|p2a: Clefable|83/100 par\n|\n|-heal|p2a: Clefable|90/100 par|[from] item: Leftovers\n|upkeep\n|turn|26\n|l|‽redskyatnight\n|player|p1|\n|inactive|Battle timer is ON: inactive players will automatically lose when time's up. (requested by lsdajfl)\n|inactive|redskyatnight has 30 seconds to reconnect!\n|inactive|redskyatnight has 20 seconds to reconnect!\n|inactive|redskyatnight has 15 seconds to reconnect!\n|inactive|redskyatnight has 10 seconds to reconnect!\n|inactive|redskyatnight has 5 seconds to reconnect!\n|-message|redskyatnight lost due to inactivity.\n|\n|win|lsdajfl\n|raw|redskyatnight's rating: 1473 &rarr; <strong>1452</strong><br />(-21 for losing)\n|raw|lsdajfl's rating: 1457 &rarr; <strong>1478</strong><br />(+21 for winning)\n", "uploadtime": 1782438266, "views": 10, "formatid": "gen9ou", "rating": 1452, "private": 0, "password": null}