{"id": "gen9ou-2540815278", "format": "[Gen 9] OU", "players": ["Trumpontop", "tcatw132"], "log": "|j|☆Trumpontop\n|j|☆tcatw132\n|t:|1771256918\n|gametype|singles\n|player|p1|Trumpontop|sabrina|1490\n|player|p2|tcatw132|1|1587\n|gen|9\n|tier|[Gen 9] OU\n|rated|\n|rule|HP Percentage Mod: HP is shown in percentages\n|rule|Endless Battle Clause: Forcing endless battles is banned\n|rule|Species Clause: Limit one of each Pokémon\n|rule|OHKO Clause: OHKO moves are banned\n|rule|Evasion Items Clause: Evasion items are banned\n|rule|Evasion Moves Clause: Evasion moves are banned\n|rule|Evasion Abilities Clause: Evasion abilities are banned\n|rule|Sleep Moves Clause: Sleep-inducing moves are banned\n|clearpoke\n|poke|p1|Kingambit, M|\n|poke|p1|Great Tusk|\n|poke|p1|Slowking-Galar, F|\n|poke|p1|Samurott-Hisui, M|\n|poke|p1|Iron Moth|\n|poke|p1|Zapdos|\n|poke|p2|Farigiraf, M|\n|poke|p2|Gholdengo|\n|poke|p2|Raging Bolt|\n|poke|p2|Pecharunt|\n|poke|p2|Great Tusk|\n|poke|p2|Grimmsnarl, M|\n|teampreview\n|inactive|Battle timer is ON: inactive players will automatically lose when time's up. (requested by Trumpontop)\n|\n|t:|1771256935\n|teamsize|p1|6\n|teamsize|p2|6\n|start\n|switch|p1a: Iron Moth|Iron Moth|100/100\n|switch|p2a: Grimmsnarl|Grimmsnarl, M|100/100\n|turn|1\n|\n|t:|1771256941\n|move|p2a: Grimmsnarl|Light Screen|p2a: Grimmsnarl\n|-sidestart|p2: tcatw132|move: Light Screen\n|move|p1a: Iron Moth|Sludge Wave|p2a: Grimmsnarl\n|-supereffective|p2a: Grimmsnarl\n|-damage|p2a: Grimmsnarl|41/100\n|\n|upkeep\n|turn|2\n|\n|t:|1771256946\n|-end|p1a: Iron Moth|Quark Drive|[silent]\n|switch|p1a: Slowking|Slowking-Galar, F|100/100\n|move|p2a: Grimmsnarl|Parting Shot|p1a: Slowking\n|-unboost|p1a: Slowking|atk|1\n|-unboost|p1a: Slowking|spa|1\n|l|☆Trumpontop\n|inactive|Trumpontop disconnected and has a minute to reconnect!\n|player|p1|\n|\n|t:|1771256960\n|switch|p2a: Great Tusk|Great Tusk|100/100|[from] Parting Shot\n|-enditem|p2a: Great Tusk|Booster Energy\n|-activate|p2a: Great Tusk|ability: Protosynthesis|[fromitem]\n|-start|p2a: Great Tusk|protosynthesisspe\n|\n|upkeep\n|turn|3\n|j|☆Trumpontop\n|inactive|Trumpontop reconnected and has 125 seconds left.\n|player|p1|Trumpontop|sabrina|\n|\n|t:|1771256988\n|switch|p1a: Zapdos|Zapdos|100/100\n|move|p2a: Great Tusk|Stealth Rock|p1a: Zapdos\n|-sidestart|p1: Trumpontop|move: Stealth Rock\n|\n|upkeep\n|turn|4\n|\n|t:|1771256995\n|-end|p2a: Great Tusk|Protosynthesis|[silent]\n|switch|p2a: Raging Bolt|Raging Bolt|100/100\n|-enditem|p2a: Raging Bolt|Booster Energy\n|-activate|p2a: Raging Bolt|ability: Protosynthesis|[fromitem]\n|-start|p2a: Raging Bolt|protosynthesisspa\n|move|p1a: Zapdos|Hurricane|p2a: Raging Bolt\n|-resisted|p2a: Raging Bolt\n|-damage|p2a: Raging Bolt|91/100\n|\n|upkeep\n|turn|5\n|\n|t:|1771257004\n|move|p1a: Zapdos|Volt Switch|p2a: Raging Bolt\n|-resisted|p2a: Raging Bolt\n|-damage|p2a: Raging Bolt|88/100\n|\n|t:|1771257007\n|switch|p1a: Slowking|Slowking-Galar, F|100/100|[from] Volt Switch\n|move|p2a: Raging Bolt|Calm Mind|p2a: Raging Bolt\n|-boost|p2a: Raging Bolt|spa|1\n|-boost|p2a: Raging Bolt|spd|1\n|\n|upkeep\n|turn|6\n|\n|t:|1771257015\n|move|p2a: Raging Bolt|Dragon Pulse|p1a: Slowking\n|-crit|p1a: Slowking\n|-damage|p1a: Slowking|17/100\n|move|p1a: Slowking|Toxic|p2a: Raging Bolt\n|-status|p2a: Raging Bolt|tox\n|\n|-damage|p2a: Raging Bolt|82/100 tox|[from] psn\n|upkeep\n|turn|7\n|\n|t:|1771257027\n|move|p2a: Raging Bolt|Dragon Pulse|p1a: Slowking\n|-damage|p1a: Slowking|0 fnt\n|faint|p1a: Slowking\n|\n|-damage|p2a: Raging Bolt|70/100 tox|[from] psn\n|upkeep\n|\n|t:|1771257033\n|switch|p1a: Great Tusk|Great Tusk|100/100\n|-damage|p1a: Great Tusk|98/100|[from] Stealth Rock\n|turn|8\n|\n|t:|1771257037\n|-terastallize|p2a: Raging Bolt|Bug\n|move|p1a: Great Tusk|Headlong Rush|p2a: Raging Bolt\n|-resisted|p2a: Raging Bolt\n|-damage|p2a: Raging Bolt|46/100 tox\n|-unboost|p1a: Great Tusk|def|1\n|-unboost|p1a: Great Tusk|spd|1\n|move|p2a: Raging Bolt|Dragon Pulse|p1a: Great Tusk\n|-damage|p1a: Great Tusk|0 fnt\n|faint|p1a: Great Tusk\n|-end|p1a: Great Tusk|Protosynthesis|[silent]\n|\n|-damage|p2a: Raging Bolt|27/100 tox|[from] psn\n|-sideend|p2: tcatw132|move: Light Screen\n|upkeep\n|\n|t:|1771257046\n|switch|p1a: Kingambit|Kingambit, M|100/100\n|-damage|p1a: Kingambit|94/100|[from] Stealth Rock\n|-activate|p1a: Kingambit|ability: Supreme Overlord\n|-start|p1a: Kingambit|fallen2|[silent]\n|turn|9\n|\n|t:|1771257051\n|move|p2a: Raging Bolt|Thunderclap|p1a: Kingambit\n|-damage|p1a: Kingambit|16/100\n|move|p1a: Kingambit|Sucker Punch||[still]\n|-fail|p1a: Kingambit\n|\n|-heal|p1a: Kingambit|22/100|[from] item: Leftovers\n|-damage|p2a: Raging Bolt|3/100 tox|[from] psn\n|upkeep\n|turn|10\n|\n|t:|1771257059\n|-end|p1a: Kingambit|fallen2|[silent]\n|switch|p1a: Zapdos|Zapdos|100/100\n|move|p2a: Raging Bolt|Thunderbolt|p1a: Zapdos\n|-damage|p1a: Zapdos|1/100\n|\n|-damage|p2a: Raging Bolt|0 fnt|[from] psn\n|faint|p2a: Raging Bolt\n|-end|p2a: Raging Bolt|Protosynthesis|[silent]\n|upkeep\n|\n|t:|1771257081\n|switch|p2a: Grimmsnarl|Grimmsnarl, M|41/100\n|turn|11\n|\n|t:|1771257083\n|move|p2a: Grimmsnarl|Light Screen|p2a: Grimmsnarl\n|-sidestart|p2: tcatw132|move: Light Screen\n|move|p1a: Zapdos|Roost|p1a: Zapdos\n|-heal|p1a: Zapdos|51/100\n|-singleturn|p1a: Zapdos|move: Roost\n|\n|upkeep\n|turn|12\n|\n|t:|1771257091\n|move|p2a: Grimmsnarl|Parting Shot|p1a: Zapdos\n|-unboost|p1a: Zapdos|atk|1\n|-unboost|p1a: Zapdos|spa|1\n|\n|t:|1771257096\n|switch|p2a: Gholdengo|Gholdengo|100/100|[from] Parting Shot\n|move|p1a: Zapdos|Roost|p1a: Zapdos\n|-heal|p1a: Zapdos|100/100\n|-singleturn|p1a: Zapdos|move: Roost\n|\n|upkeep\n|turn|13\n|\n|t:|1771257104\n|switch|p1a: Samurott|Samurott-Hisui, M|100/100\n|-damage|p1a: Samurott|88/100|[from] Stealth Rock\n|move|p2a: Gholdengo|Nasty Plot|p2a: Gholdengo\n|-boost|p2a: Gholdengo|spa|2\n|\n|upkeep\n|turn|14\n|\n|t:|1771257111\n|move|p2a: Gholdengo|Make It Rain|p1a: Samurott\n|-resisted|p1a: Samurott\n|-damage|p1a: Samurott|12/100\n|-unboost|p2a: Gholdengo|spa|1\n|move|p1a: Samurott|Ceaseless Edge|p2a: Gholdengo\n|-supereffective|p2a: Gholdengo\n|-damage|p2a: Gholdengo|0 fnt\n|-sidestart|p2: tcatw132|Spikes\n|faint|p2a: Gholdengo\n|\n|upkeep\n|\n|t:|1771257120\n|switch|p2a: Great Tusk|Great Tusk|100/100\n|-damage|p2a: Great Tusk|88/100|[from] Spikes\n|turn|15\n|\n|t:|1771257124\n|switch|p1a: Zapdos|Zapdos|100/100\n|move|p2a: Great Tusk|Rapid Spin|p1a: Zapdos\n|-damage|p1a: Zapdos|90/100\n|-boost|p2a: Great Tusk|spe|1\n|-status|p2a: Great Tusk|par|[from] ability: Static|[of] p1a: Zapdos\n|-sideend|p2: tcatw132|Spikes|[from] move: Rapid Spin|[of] p2a: Great Tusk\n|\n|upkeep\n|turn|16\n|\n|t:|1771257136\n|-end|p2a: Great Tusk|Protosynthesis|[silent]\n|switch|p2a: Farigiraf|Farigiraf, M|100/100\n|move|p1a: Zapdos|Hurricane|p2a: Farigiraf\n|-damage|p2a: Farigiraf|76/100\n|\n|-heal|p2a: Farigiraf|82/100|[from] item: Leftovers\n|upkeep\n|turn|17\n|\n|t:|1771257144\n|move|p1a: Zapdos|Thunder Wave|p2a: Farigiraf\n|-status|p2a: Farigiraf|par\n|move|p2a: Farigiraf|Nasty Plot|p2a: Farigiraf\n|-boost|p2a: Farigiraf|spa|2\n|\n|-heal|p2a: Farigiraf|88/100 par|[from] item: Leftovers\n|upkeep\n|turn|18\n|\n|t:|1771257151\n|move|p1a: Zapdos|Volt Switch|p2a: Farigiraf\n|-damage|p2a: Farigiraf|72/100 par\n|\n|t:|1771257153\n|switch|p1a: Samurott|Samurott-Hisui, M|12/100|[from] Volt Switch\n|-damage|p1a: Samurott|0 fnt|[from] Stealth Rock\n|faint|p1a: Samurott\n|cant|p2a: Farigiraf|par\n|\n|-heal|p2a: Farigiraf|79/100 par|[from] item: Leftovers\n|-sideend|p2: tcatw132|move: Light Screen\n|upkeep\n|\n|t:|1771257159\n|switch|p1a: Iron Moth|Iron Moth|100/100\n|-damage|p1a: Iron Moth|76/100|[from] Stealth Rock\n|turn|19\n|\n|t:|1771257164\n|-terastallize|p1a: Iron Moth|Fire\n|move|p1a: Iron Moth|Fiery Dance|p2a: Farigiraf\n|-crit|p2a: Farigiraf\n|-damage|p2a: Farigiraf|0 fnt\n|-boost|p1a: Iron Moth|spa|1\n|faint|p2a: Farigiraf\n|\n|upkeep\n|\n|t:|1771257170\n|switch|p2a: Grimmsnarl|Grimmsnarl, M|41/100\n|turn|20\n|\n|t:|1771257174\n|move|p2a: Grimmsnarl|Light Screen|p2a: Grimmsnarl\n|-sidestart|p2: tcatw132|move: Light Screen\n|move|p1a: Iron Moth|Fiery Dance|p2a: Grimmsnarl\n|-damage|p2a: Grimmsnarl|0 fnt\n|faint|p2a: Grimmsnarl\n|\n|upkeep\n|\n|t:|1771257179\n|switch|p2a: Pecharunt|Pecharunt|100/100\n|-item|p2a: Pecharunt|Air Balloon\n|turn|21\n|\n|t:|1771257183\n|move|p1a: Iron Moth|Fiery Dance|p2a: Pecharunt\n|-damage|p2a: Pecharunt|38/100\n|-boost|p1a: Iron Moth|spa|1\n|-enditem|p2a: Pecharunt|Air Balloon\n|move|p2a: Pecharunt|Nasty Plot|p2a: Pecharunt\n|-boost|p2a: Pecharunt|spa|2\n|\n|upkeep\n|turn|22\n|\n|t:|1771257191\n|move|p1a: Iron Moth|Fiery Dance|p2a: Pecharunt\n|-damage|p2a: Pecharunt|0 fnt\n|faint|p2a: Pecharunt\n|\n|upkeep\n|-message|tcatw132 forfeited.\n|\n|win|Trumpontop\n|raw|Trumpontop's rating: 1490 &rarr; <strong>1515</strong><br />(+25 for winning)\n|raw|tcatw132's rating: 1587 &rarr; <strong>1562</strong><br />(-25 for losing)\n|l|☆tcatw132\n|player|p2|\n|l|☆Trumpontop\n|player|p1|\n", "uploadtime": 1771257385, "views": 6, "formatid": "gen9ou", "rating": 1515, "private": 0, "password": null}