{"id": "gen9ou-2540660997", "format": "[Gen 9] OU", "players": ["MiaTaylor612", "fluffycool"], "log": "|j|☆MiaTaylor612\n|j|☆fluffycool\n|t:|1771235982\n|gametype|singles\n|player|p1|MiaTaylor612|lady-gen4|1586\n|player|p2|fluffycool|schoolboy-gen2|1574\n|gen|9\n|tier|[Gen 9] OU\n|rated|\n|rule|HP Percentage Mod: HP is shown in percentages\n|rule|Endless Battle Clause: Forcing endless battles is banned\n|rule|Species Clause: Limit one of each Pokémon\n|rule|OHKO Clause: OHKO moves are banned\n|rule|Evasion Items Clause: Evasion items are banned\n|rule|Evasion Moves Clause: Evasion moves are banned\n|rule|Evasion Abilities Clause: Evasion abilities are banned\n|rule|Sleep Moves Clause: Sleep-inducing moves are banned\n|clearpoke\n|poke|p1|Hoopa-Unbound|\n|poke|p1|Weezing-Galar, F|\n|poke|p1|Iron Treads|\n|poke|p1|Alomomola, F|\n|poke|p1|Zapdos|\n|poke|p1|Dragonite, F|\n|poke|p2|Latios, M|\n|poke|p2|Gholdengo|\n|poke|p2|Clodsire, M|\n|poke|p2|Slowking, F|\n|poke|p2|Meowscarada, M|\n|poke|p2|Skarmory, M|\n|teampreview\n|inactive|Battle timer is ON: inactive players will automatically lose when time's up. (requested by MiaTaylor612)\n|inactive|fluffycool also wants the timer to be on.\n|\n|t:|1771236002\n|teamsize|p1|6\n|teamsize|p2|6\n|start\n|switch|p1a: Iron Treads|Iron Treads|100/100\n|switch|p2a: Meowscarada|Meowscarada, M|100/100\n|turn|1\n|j| g89puu8pp\n|\n|t:|1771236007\n|switch|p2a: Skarmory|Skarmory, M|100/100\n|-end|p1a: Iron Treads|Quark Drive|[silent]\n|switch|p1a: Zapdos|Zapdos|100/100\n|\n|upkeep\n|turn|2\n|\n|t:|1771236030\n|switch|p1a: Iron Treads|Iron Treads|100/100\n|switch|p2a: Clodsire|Clodsire, M|100/100\n|\n|upkeep\n|turn|3\n|\n|t:|1771236033\n|switch|p2a: Skarmory|Skarmory, M|100/100\n|move|p1a: Iron Treads|Knock Off|p2a: Skarmory\n|-damage|p2a: Skarmory|83/100\n|-damage|p1a: Iron Treads|84/100|[from] item: Rocky Helmet|[of] p2a: Skarmory\n|-enditem|p2a: Skarmory|Rocky Helmet|[from] move: Knock Off|[of] p1a: Iron Treads\n|\n|-heal|p1a: Iron Treads|90/100|[from] item: Leftovers\n|upkeep\n|turn|4\n|\n|t:|1771236038\n|-end|p1a: Iron Treads|Quark Drive|[silent]\n|switch|p1a: Weezing|Weezing-Galar, F|100/100\n|-ability|p1a: Weezing|Neutralizing Gas\n|move|p2a: Skarmory|Spikes|p1a: Weezing\n|-sidestart|p1: MiaTaylor612|Spikes\n|\n|upkeep\n|turn|5\n|\n|t:|1771236048\n|switch|p2a: Slowking|Slowking, F|100/100\n|move|p1a: Weezing|Defog|p2a: Slowking\n|-unboost|p2a: Slowking|evasion|1\n|-sideend|p1: MiaTaylor612|Spikes|[from] move: Defog|[of] p1a: Weezing\n|\n|upkeep\n|turn|6\n|\n|t:|1771236054\n|-end|p1a: Weezing|ability: Neutralizing Gas\n|switch|p1a: Iron Treads|Iron Treads|90/100\n|-prepare|p2a: Slowking|Chilly Reception|[premajor]\n|move|p2a: Slowking|Chilly Reception|p2a: Slowking\n|-weather|Snowscape\n|\n|t:|1771236059\n|switch|p2a: Skarmory|Skarmory, M|83/100|[from] Chilly Reception\n|\n|-weather|Snowscape|[upkeep]\n|-heal|p1a: Iron Treads|96/100|[from] item: Leftovers\n|upkeep\n|turn|7\n|\n|t:|1771236063\n|switch|p2a: Slowking|Slowking, F|100/100\n|move|p1a: Iron Treads|Stealth Rock|p2a: Slowking\n|-sidestart|p2: fluffycool|move: Stealth Rock\n|\n|-weather|Snowscape|[upkeep]\n|-heal|p1a: Iron Treads|100/100|[from] item: Leftovers\n|upkeep\n|turn|8\n|\n|t:|1771236068\n|switch|p2a: Skarmory|Skarmory, M|83/100\n|-damage|p2a: Skarmory|70/100|[from] Stealth Rock\n|move|p1a: Iron Treads|Knock Off|p2a: Skarmory\n|-damage|p2a: Skarmory|59/100\n|\n|-weather|Snowscape|[upkeep]\n|upkeep\n|turn|9\n|\n|t:|1771236074\n|-end|p1a: Iron Treads|Quark Drive|[silent]\n|switch|p1a: Wishmaster|Hoopa-Unbound|100/100\n|move|p2a: Skarmory|Roost|p2a: Skarmory\n|-heal|p2a: Skarmory|100/100\n|-singleturn|p2a: Skarmory|move: Roost\n|\n|-weather|Snowscape|[upkeep]\n|upkeep\n|turn|10\n|\n|t:|1771236084\n|move|p1a: Wishmaster|Knock Off|p2a: Skarmory\n|-damage|p2a: Skarmory|77/100\n|move|p2a: Skarmory|Body Press|p1a: Wishmaster\n|-damage|p1a: Wishmaster|52/100\n|\n|-weather|none\n|upkeep\n|turn|11\n|\n|t:|1771236088\n|move|p1a: Wishmaster|Thunderbolt|p2a: Skarmory\n|-supereffective|p2a: Skarmory\n|-damage|p2a: Skarmory|0 fnt\n|faint|p2a: Skarmory\n|\n|upkeep\n|\n|t:|1771236094\n|switch|p2a: Meowscarada|Meowscarada, M|100/100\n|turn|12\n|\n|t:|1771236097\n|switch|p1a: Zapdos|Zapdos|100/100\n|move|p2a: Meowscarada|Knock Off|p1a: Zapdos\n|-start|p2a: Meowscarada|typechange|Dark|[from] ability: Protean\n|-crit|p1a: Zapdos\n|-damage|p1a: Zapdos|53/100\n|-enditem|p1a: Zapdos|Heavy-Duty Boots|[from] move: Knock Off|[of] p2a: Meowscarada\n|\n|upkeep\n|turn|13\n|\n|t:|1771236103\n|move|p2a: Meowscarada|Triple Axel|p1a: Zapdos\n|-supereffective|p1a: Zapdos\n|-damage|p1a: Zapdos|43/100\n|-supereffective|p1a: Zapdos\n|-damage|p1a: Zapdos|25/100\n|-supereffective|p1a: Zapdos\n|-damage|p1a: Zapdos|0 fnt\n|faint|p1a: Zapdos\n|-hitcount|p1: Zapdos|3\n|\n|upkeep\n|\n|t:|1771236110\n|switch|p1a: Iron Treads|Iron Treads|100/100\n|turn|14\n|\n|t:|1771236114\n|move|p2a: Meowscarada|U-turn|p1a: Iron Treads\n|-resisted|p1a: Iron Treads\n|-damage|p1a: Iron Treads|92/100\n|\n|t:|1771236117\n|switch|p2a: Slowking|Slowking, F|100/100|[from] U-turn\n|move|p1a: Iron Treads|Knock Off|p2a: Slowking\n|-supereffective|p2a: Slowking\n|-damage|p2a: Slowking|47/100\n|-enditem|p2a: Slowking|Heavy-Duty Boots|[from] move: Knock Off|[of] p1a: Iron Treads\n|\n|-heal|p1a: Iron Treads|98/100|[from] item: Leftovers\n|upkeep\n|turn|15\n|\n|t:|1771236122\n|move|p1a: Iron Treads|Earthquake|p2a: Slowking\n|-damage|p2a: Slowking|10/100\n|move|p2a: Slowking|Scald|p1a: Iron Treads\n|-supereffective|p1a: Iron Treads\n|-damage|p1a: Iron Treads|53/100\n|\n|-heal|p1a: Iron Treads|59/100|[from] item: Leftovers\n|upkeep\n|turn|16\n|\n|t:|1771236138\n|-end|p1a: Iron Treads|Quark Drive|[silent]\n|switch|p1a: Weezing|Weezing-Galar, F|100/100\n|-ability|p1a: Weezing|Neutralizing Gas\n|switch|p2a: Meowscarada|Meowscarada, M|100/100\n|\n|upkeep\n|turn|17\n|\n|t:|1771236145\n|move|p2a: Meowscarada|U-turn|p1a: Weezing\n|-resisted|p1a: Weezing\n|-damage|p1a: Weezing|97/100\n|\n|t:|1771236150\n|switch|p2a: Gholdengo|Gholdengo|100/100|[from] U-turn\n|-damage|p2a: Gholdengo|94/100|[from] Stealth Rock\n|-item|p2a: Gholdengo|Air Balloon\n|move|p1a: Weezing|Will-O-Wisp|p2a: Gholdengo\n|-status|p2a: Gholdengo|brn\n|\n|-damage|p2a: Gholdengo|88/100 brn|[from] brn\n|upkeep\n|turn|18\n|\n|t:|1771236154\n|-end|p1a: Weezing|ability: Neutralizing Gas\n|switch|p1a: Alomomola|Alomomola, F|100/100\n|move|p2a: Gholdengo|Nasty Plot|p2a: Gholdengo\n|-boost|p2a: Gholdengo|spa|2\n|\n|-damage|p2a: Gholdengo|82/100 brn|[from] brn\n|upkeep\n|turn|19\n|\n|t:|1771236160\n|move|p2a: Gholdengo|Make It Rain|p1a: Alomomola\n|-resisted|p1a: Alomomola\n|-damage|p1a: Alomomola|64/100\n|-unboost|p2a: Gholdengo|spa|1\n|move|p1a: Alomomola|Mirror Coat|p2a: Gholdengo\n|-damage|p2a: Gholdengo|0 fnt\n|-enditem|p2a: Gholdengo|Air Balloon\n|faint|p2a: Gholdengo\n|\n|upkeep\n|\n|t:|1771236166\n|switch|p2a: Latoes|Latios, M|100/100\n|-damage|p2a: Latoes|88/100|[from] Stealth Rock\n|turn|20\n|\n|t:|1771236170\n|switch|p1a: Wishmaster|Hoopa-Unbound|52/100\n|move|p2a: Latoes|Calm Mind|p2a: Latoes\n|-boost|p2a: Latoes|spa|1\n|-boost|p2a: Latoes|spd|1\n|\n|upkeep\n|turn|21\n|\n|t:|1771236174\n|move|p2a: Latoes|Draco Meteor|p1a: Wishmaster|[miss]\n|-miss|p2a: Latoes|p1a: Wishmaster\n|move|p1a: Wishmaster|Knock Off|p2a: Latoes\n|-supereffective|p2a: Latoes\n|-damage|p2a: Latoes|0 fnt\n|-enditem|p2a: Latoes|Soul Dew|[from] move: Knock Off|[of] p1a: Wishmaster\n|faint|p2a: Latoes\n|\n|upkeep\n|c|☆fluffycool|Bro\n|c|☆fluffycool|gg\n|-message|fluffycool forfeited.\n|\n|win|MiaTaylor612\n|raw|MiaTaylor612's rating: 1586 &rarr; <strong>1605</strong><br />(+19 for winning)\n|raw|fluffycool's rating: 1574 &rarr; <strong>1555</strong><br />(-19 for losing)\n|l|☆fluffycool\n|player|p2|\n|l|☆MiaTaylor612\n|player|p1|\n|l| g89puu8pp\n", "uploadtime": 1771236360, "views": 9, "formatid": "gen9ou", "rating": 1555, "private": 0, "password": null}