{"id": "gen9ou-2639223968", "format": "[Gen 9] OU", "players": ["monkeywaters", "proplayer02"], "log": "|j|☆monkeywaters\n|j|☆proplayer02\n|inactive|Battle timer is ON: inactive players will automatically lose when time's up.\n|t:|1782436640\n|gametype|singles\n|player|p1|monkeywaters|unknownf|\n|player|p2|proplayer02|lass-gen4dp|\n|gen|9\n|tier|[Gen 9] OU\n|rated|Tournament battle\n|rule|HP Percentage Mod: HP is shown in percentages\n|rule|Endless Battle Clause: Forcing endless battles is banned\n|rule|Species Clause: Limit one of each Pokémon\n|rule|OHKO Clause: OHKO moves are banned\n|rule|Evasion Items Clause: Evasion items are banned\n|rule|Evasion Moves Clause: Evasion moves are banned\n|rule|Evasion Abilities Clause: Evasion abilities are banned\n|rule|Sleep Moves Clause: Sleep-inducing moves are banned\n|clearpoke\n|poke|p1|Kingambit, F|\n|poke|p1|Landorus-Therian, M|\n|poke|p1|Slowking-Galar, F|\n|poke|p1|Kyurem|\n|poke|p1|Slither Wing|\n|poke|p1|Cinderace, F|\n|poke|p2|Weezing-Galar, M|\n|poke|p2|Ogerpon, F|\n|poke|p2|Skarmory, M|\n|poke|p2|Alomomola, M|\n|poke|p2|Clodsire, M|\n|poke|p2|Hydreigon, M|\n|teampreview\n|inactive|monkeywaters also wants the timer to be on.\n|inactive|monkeywaters has 120 seconds left.\n|inactive|proplayer02 has 120 seconds left.\n|\n|t:|1782436683\n|teamsize|p1|6\n|teamsize|p2|6\n|start\n|switch|p1a: Cinderace|Cinderace, F|100/100\n|switch|p2a: Pisces|Alomomola, M, shiny|100/100\n|turn|1\n|\n|t:|1782436690\n|move|p1a: Cinderace|Will-O-Wisp|p2a: Pisces|[miss]\n|-miss|p1a: Cinderace|p2a: Pisces\n|move|p2a: Pisces|Flip Turn|p1a: Cinderace\n|-supereffective|p1a: Cinderace\n|-damage|p1a: Cinderace|62/100\n|\n|t:|1782436698\n|switch|p2a: Anonymous|Ogerpon, F|100/100|[from] Flip Turn\n|\n|upkeep\n|turn|2\n|\n|t:|1782436703\n|switch|p1a: Slither Wing|Slither Wing|100/100\n|switch|p2a: Pisces|Alomomola, M, shiny|100/100\n|\n|upkeep\n|turn|3\n|\n|t:|1782436706\n|move|p1a: Slither Wing|Will-O-Wisp|p2a: Pisces\n|-status|p2a: Pisces|brn\n|move|p2a: Pisces|Flip Turn|p1a: Slither Wing\n|-damage|p1a: Slither Wing|94/100\n|\n|t:|1782436708\n|switch|p2a: Sentinel|Weezing-Galar, M, shiny|100/100|[from] Flip Turn\n|-ability|p2a: Sentinel|Neutralizing Gas\n|\n|upkeep\n|turn|4\n|\n|t:|1782436724\n|move|p1a: Slither Wing|U-turn|p2a: Sentinel\n|-resisted|p2a: Sentinel\n|-damage|p2a: Sentinel|96/100\n|\n|t:|1782436725\n|-end|p1a: Slither Wing|Protosynthesis|[silent]\n|switch|p1a: Slowking|Slowking-Galar, F|100/100|[from] U-turn\n|move|p2a: Sentinel|Will-O-Wisp|p1a: Slowking\n|-status|p1a: Slowking|brn\n|\n|-damage|p1a: Slowking|94/100 brn|[from] brn\n|upkeep\n|turn|5\n|j| splat__t3r\n|\n|t:|1782436741\n|-end|p2a: Sentinel|ability: Neutralizing Gas\n|switch|p2a: Hybrid|Hydreigon, M, shiny|100/100\n|-prepare|p1a: Slowking|Chilly Reception|[premajor]\n|move|p1a: Slowking|Chilly Reception|p1a: Slowking\n|-weather|Snowscape\n|\n|t:|1782436753\n|switch|p1a: Slither Wing|Slither Wing|94/100|[from] Chilly Reception\n|\n|-weather|Snowscape|[upkeep]\n|upkeep\n|turn|6\n|\n|t:|1782436759\n|switch|p2a: Pisces|Alomomola, M, shiny|100/100 brn\n|move|p1a: Slither Wing|U-turn|p2a: Pisces\n|-damage|p2a: Pisces|76/100 brn\n|inactive|monkeywaters has 120 seconds left.\n|\n|t:|1782436810\n|-end|p1a: Slither Wing|Protosynthesis|[silent]\n|switch|p1a: Landorus|Landorus-Therian, M|100/100|[from] U-turn\n|-ability|p1a: Landorus|Intimidate|boost\n|-unboost|p2a: Pisces|atk|1\n|\n|-weather|Snowscape|[upkeep]\n|-damage|p2a: Pisces|70/100 brn|[from] brn\n|upkeep\n|turn|7\n|\n|t:|1782436822\n|move|p1a: Landorus|Earthquake|p2a: Pisces\n|-damage|p2a: Pisces|23/100 brn\n|move|p2a: Pisces|Flip Turn|p1a: Landorus\n|-supereffective|p1a: Landorus\n|-damage|p1a: Landorus|88/100\n|\n|t:|1782436825\n|switch|p2a: Hybrid|Hydreigon, M, shiny|100/100|[from] Flip Turn\n|\n|-weather|Snowscape|[upkeep]\n|upkeep\n|turn|8\n|\n|t:|1782436832\n|switch|p1a: Slither Wing|Slither Wing|94/100\n|move|p2a: Hybrid|Draco Meteor|p1a: Slither Wing\n|-damage|p1a: Slither Wing|12/100\n|-unboost|p2a: Hybrid|spa|2\n|\n|-weather|Snowscape|[upkeep]\n|upkeep\n|turn|9\n|\n|t:|1782436845\n|switch|p2a: Raptor|Skarmory, M, shiny|100/100\n|move|p1a: Slither Wing|Morning Sun|p1a: Slither Wing\n|-heal|p1a: Slither Wing|37/100\n|\n|-weather|none\n|upkeep\n|turn|10\n|\n|t:|1782436852\n|switch|p2a: Pisces|Alomomola, M, shiny|56/100 brn\n|move|p1a: Slither Wing|Morning Sun|p1a: Slither Wing\n|-heal|p1a: Slither Wing|87/100\n|\n|-damage|p2a: Pisces|50/100 brn|[from] brn\n|upkeep\n|turn|11\n|\n|t:|1782436855\n|move|p1a: Slither Wing|U-turn|p2a: Pisces\n|-damage|p2a: Pisces|26/100 brn\n|inactive|monkeywaters has 120 seconds left.\n|\n|t:|1782436887\n|-end|p1a: Slither Wing|Protosynthesis|[silent]\n|switch|p1a: Kingambit|Kingambit, F|100/100|[from] U-turn\n|move|p2a: Pisces|Flip Turn|p1a: Kingambit\n|-damage|p1a: Kingambit|94/100\n|\n|t:|1782436893\n|switch|p2a: Raptor|Skarmory, M, shiny|100/100|[from] Flip Turn\n|\n|-heal|p1a: Kingambit|99/100|[from] item: Leftovers\n|upkeep\n|turn|12\n|\n|t:|1782436897\n|-end|p1a: Kingambit|fallenundefined|[silent]\n|switch|p1a: Slowking|Slowking-Galar, F|100/100 brn\n|move|p2a: Raptor|Spikes|p1a: Slowking\n|-sidestart|p1: monkeywaters|Spikes\n|\n|-damage|p1a: Slowking|94/100 brn|[from] brn\n|upkeep\n|turn|13\n|j| rixklindo_\n|\n|t:|1782436905\n|switch|p2a: Endless Nameless|Clodsire, M, shiny|100/100\n|move|p1a: Slowking|Flamethrower|p2a: Endless Nameless\n|-damage|p2a: Endless Nameless|88/100\n|\n|-damage|p1a: Slowking|88/100 brn|[from] brn\n|upkeep\n|turn|14\n|l| rixklindo_\n|\n|t:|1782436914\n|move|p2a: Endless Nameless|Stealth Rock|p1a: Slowking\n|-sidestart|p1: monkeywaters|move: Stealth Rock\n|move|p1a: Slowking|Future Sight|p2a: Endless Nameless\n|-start|p1a: Slowking|move: Future Sight\n|\n|-damage|p1a: Slowking|82/100 brn|[from] brn\n|upkeep\n|turn|15\n|\n|t:|1782436918\n|move|p2a: Endless Nameless|Toxic||[still]\n|-fail|p2a: Endless Nameless\n|-prepare|p1a: Slowking|Chilly Reception|[premajor]\n|move|p1a: Slowking|Chilly Reception|p1a: Slowking\n|-weather|Snowscape\n|\n|t:|1782436925\n|switch|p1a: Landorus|Landorus-Therian, M|88/100|[from] Chilly Reception\n|-damage|p1a: Landorus|76/100|[from] Stealth Rock\n|-ability|p1a: Landorus|Intimidate|boost\n|-unboost|p2a: Endless Nameless|atk|1\n|\n|-weather|Snowscape|[upkeep]\n|upkeep\n|turn|16\n|\n|t:|1782436928\n|switch|p2a: Raptor|Skarmory, M, shiny|100/100\n|move|p1a: Landorus|U-turn|p2a: Raptor\n|-resisted|p2a: Raptor\n|-damage|p2a: Raptor|97/100\n|-damage|p1a: Landorus|59/100|[from] item: Rocky Helmet|[of] p2a: Raptor\n|\n|t:|1782436930\n|switch|p1a: Cinderace|Cinderace, F|62/100|[from] U-turn\n|\n|-weather|Snowscape|[upkeep]\n|-end|p2a: Raptor|move: Future Sight\n|-resisted|p2a: Raptor\n|-damage|p2a: Raptor|62/100\n|upkeep\n|turn|17\n|\n|t:|1782436936\n|switch|p2a: Sentinel|Weezing-Galar, M, shiny|96/100\n|-ability|p2a: Sentinel|Neutralizing Gas\n|move|p1a: Cinderace|Court Change|p1a: Cinderace\n|-swapsideconditions\n|-activate|p1a: Cinderace|move: Court Change\n|\n|-weather|Snowscape|[upkeep]\n|upkeep\n|turn|18\n|\n|t:|1782436940\n|move|p1a: Cinderace|Will-O-Wisp|p2a: Sentinel|[miss]\n|-miss|p1a: Cinderace|p2a: Sentinel\n|move|p2a: Sentinel|Defog|p1a: Cinderace\n|-unboost|p1a: Cinderace|evasion|1\n|-sideend|p2: proplayer02|Spikes|[from] move: Defog|[of] p2a: Sentinel\n|-sideend|p2: proplayer02|Stealth Rock|[from] move: Defog|[of] p2a: Sentinel\n|\n|-weather|Snowscape|[upkeep]\n|upkeep\n|turn|19\n|\n|t:|1782436945\n|-end|p2a: Sentinel|ability: Neutralizing Gas\n|switch|p2a: Pisces|Alomomola, M, shiny|60/100 brn\n|move|p1a: Cinderace|U-turn|p2a: Pisces\n|-damage|p2a: Pisces|46/100 brn\n|\n|t:|1782436948\n|switch|p1a: Kyurem|Kyurem|100/100|[from] U-turn\n|-ability|p1a: Kyurem|Pressure\n|\n|-weather|none\n|-damage|p2a: Pisces|39/100 brn|[from] brn\n|upkeep\n|turn|20\n|\n|t:|1782436974\n|-terastallize|p1a: Kyurem|Ice\n|-terastallize|p2a: Pisces|Fairy\n|move|p1a: Kyurem|Freeze-Dry|p2a: Pisces\n|-damage|p2a: Pisces|6/100 brn\n|move|p2a: Pisces|Flip Turn|p1a: Kyurem\n|-damage|p1a: Kyurem|93/100\n|\n|t:|1782436985\n|switch|p2a: Hybrid|Hydreigon, M, shiny|100/100|[from] Flip Turn\n|\n|upkeep\n|turn|21\n|\n|t:|1782436993\n|switch|p1a: Kingambit|Kingambit, F|99/100\n|move|p2a: Hybrid|Draco Meteor|p1a: Kingambit\n|-resisted|p1a: Kingambit\n|-damage|p1a: Kingambit|46/100\n|-unboost|p2a: Hybrid|spa|2\n|\n|-heal|p1a: Kingambit|52/100|[from] item: Leftovers\n|upkeep\n|turn|22\n|\n|t:|1782437007\n|switch|p2a: Raptor|Skarmory, M, shiny|62/100\n|-end|p1a: Kingambit|fallenundefined|[silent]\n|switch|p1a: Kyurem|Kyurem, tera:Ice|93/100\n|-ability|p1a: Kyurem|Pressure\n|\n|upkeep\n|turn|23\n|\n|t:|1782437026\n|switch|p2a: Endless Nameless|Clodsire, M, shiny|88/100\n|move|p1a: Kyurem|Ice Beam|p2a: Endless Nameless\n|-supereffective|p2a: Endless Nameless\n|-damage|p2a: Endless Nameless|0 fnt\n|faint|p2a: Endless Nameless\n|\n|upkeep\n|\n|t:|1782437029\n|switch|p2a: Hybrid|Hydreigon, M, shiny|100/100\n|turn|24\n|\n|t:|1782437044\n|switch|p1a: Slowking|Slowking-Galar, F|100/100 brn\n|move|p2a: Hybrid|Draco Meteor|p1a: Slowking\n|-damage|p1a: Slowking|42/100 brn\n|-unboost|p2a: Hybrid|spa|2\n|\n|-damage|p1a: Slowking|36/100 brn|[from] brn\n|upkeep\n|turn|25\n|\n|t:|1782437056\n|switch|p2a: Anonymous|Ogerpon, F|100/100\n|-prepare|p1a: Slowking|Chilly Reception|[premajor]\n|move|p1a: Slowking|Chilly Reception|p1a: Slowking\n|-weather|Snowscape\n|\n|t:|1782437059\n|switch|p1a: Cinderace|Cinderace, F|62/100|[from] Chilly Reception\n|\n|-weather|Snowscape|[upkeep]\n|upkeep\n|turn|26\n|inactive|proplayer02 has 120 seconds left.\n|\n|t:|1782437109\n|switch|p2a: Sentinel|Weezing-Galar, M, shiny|96/100\n|-ability|p2a: Sentinel|Neutralizing Gas\n|move|p1a: Cinderace|Pyro Ball|p2a: Sentinel\n|-damage|p2a: Sentinel|64/100\n|\n|-weather|Snowscape|[upkeep]\n|upkeep\n|turn|27\n|\n|t:|1782437116\n|move|p1a: Cinderace|U-turn|p2a: Sentinel\n|-resisted|p2a: Sentinel\n|-damage|p2a: Sentinel|61/100\n|\n|t:|1782437117\n|switch|p1a: Slowking|Slowking-Galar, F|70/100 brn|[from] U-turn\n|move|p2a: Sentinel|Sludge Bomb|p1a: Slowking\n|-resisted|p1a: Slowking\n|-damage|p1a: Slowking|61/100 brn\n|\n|-weather|Snowscape|[upkeep]\n|-damage|p1a: Slowking|55/100 brn|[from] brn\n|upkeep\n|turn|28\n|\n|t:|1782437122\n|move|p2a: Sentinel|Pain Split|p1a: Slowking\n|-sethp|p1a: Slowking|53/100 brn|[from] move: Pain Split|[silent]\n|-sethp|p2a: Sentinel|63/100|[from] move: Pain Split\n|-prepare|p1a: Slowking|Chilly Reception|[premajor]\n|move|p1a: Slowking|Chilly Reception|p1a: Slowking\n|\n|t:|1782437124\n|switch|p1a: Kyurem|Kyurem, tera:Ice|93/100|[from] Chilly Reception\n|\n|-weather|Snowscape|[upkeep]\n|upkeep\n|turn|29\n|\n|t:|1782437130\n|move|p1a: Kyurem|Ice Beam|p2a: Sentinel\n|-damage|p2a: Sentinel|0 fnt\n|faint|p2a: Sentinel\n|-end|p2a: Sentinel|ability: Neutralizing Gas\n|-ability|p1a: Kyurem|Pressure\n|\n|-weather|none\n|upkeep\n|\n|t:|1782437135\n|switch|p2a: Hybrid|Hydreigon, M, shiny|100/100\n|turn|30\n|\n|t:|1782437142\n|switch|p1a: Kingambit|Kingambit, F|52/100\n|move|p2a: Hybrid|Draco Meteor|p1a: Kingambit\n|-resisted|p1a: Kingambit\n|-damage|p1a: Kingambit|0 fnt\n|-unboost|p2a: Hybrid|spa|2\n|faint|p1a: Kingambit\n|-end|p1a: Kingambit|fallenundefined|[silent]\n|\n|upkeep\n|\n|t:|1782437147\n|switch|p1a: Kyurem|Kyurem, tera:Ice|93/100\n|-ability|p1a: Kyurem|Pressure\n|turn|31\n|\n|t:|1782437158\n|switch|p2a: Pisces|Alomomola, M, shiny, tera:Fairy|40/100 brn\n|move|p1a: Kyurem|Ice Beam|p2a: Pisces\n|-damage|p2a: Pisces|0 fnt\n|faint|p2a: Pisces\n|\n|upkeep\n|\n|t:|1782437164\n|switch|p2a: Hybrid|Hydreigon, M, shiny|100/100\n|turn|32\n|\n|t:|1782437171\n|switch|p1a: Slowking|Slowking-Galar, F|53/100 brn\n|move|p2a: Hybrid|Dark Pulse|p1a: Slowking\n|-supereffective|p1a: Slowking\n|-damage|p1a: Slowking|0 fnt\n|faint|p1a: Slowking\n|\n|upkeep\n|\n|t:|1782437175\n|switch|p1a: Slither Wing|Slither Wing|87/100\n|turn|33\n|\n|t:|1782437181\n|switch|p2a: Raptor|Skarmory, M, shiny|62/100\n|move|p1a: Slither Wing|U-turn|p2a: Raptor\n|-resisted|p2a: Raptor\n|-damage|p2a: Raptor|57/100\n|-damage|p1a: Slither Wing|70/100|[from] item: Rocky Helmet|[of] p2a: Raptor\n|\n|t:|1782437183\n|-end|p1a: Slither Wing|Protosynthesis|[silent]\n|switch|p1a: Kyurem|Kyurem, tera:Ice|93/100|[from] U-turn\n|-ability|p1a: Kyurem|Pressure\n|\n|upkeep\n|turn|34\n|\n|t:|1782437198\n|move|p1a: Kyurem|Ice Beam|p2a: Raptor\n|-damage|p2a: Raptor|0 fnt\n|faint|p2a: Raptor\n|\n|upkeep\n|\n|t:|1782437202\n|switch|p2a: Hybrid|Hydreigon, M, shiny|100/100\n|turn|35\n|\n|t:|1782437204\n|move|p2a: Hybrid|Draco Meteor|p1a: Kyurem|[miss]\n|-miss|p2a: Hybrid|p1a: Kyurem\n|move|p1a: Kyurem|Ice Beam|p2a: Hybrid\n|-supereffective|p2a: Hybrid\n|-damage|p2a: Hybrid|0 fnt\n|faint|p2a: Hybrid\n|\n|upkeep\n|\n|t:|1782437208\n|switch|p2a: Anonymous|Ogerpon, F|100/100\n|turn|36\n|\n|t:|1782437217\n|move|p2a: Anonymous|Ivy Cudgel|p1a: Kyurem\n|-damage|p1a: Kyurem|16/100\n|move|p1a: Kyurem|Ice Beam|p2a: Anonymous\n|-supereffective|p2a: Anonymous\n|-damage|p2a: Anonymous|0 fnt\n|faint|p2a: Anonymous\n|\n|win|monkeywaters\n|n|☆monkeywaters|monkeywaters\n|n|☆proplayer02|proplayer02\n|n| splat__t3r|splatt3r\n", "uploadtime": 1782437228, "views": 7, "formatid": "gen9ou", "rating": null, "private": 0, "password": null}