{"id": "gen9ou-2647806545", "format": "[Gen 9] OU", "players": ["motivation.22", "OUBotBeepBoop"], "log": "|j|☆motivation.22\n|j|☆OUBotBeepBoop\n|t:|1783815930\n|gametype|singles\n|player|p1|motivation.22|silver|1295\n|player|p2|OUBotBeepBoop|102|1221\n|gen|9\n|tier|[Gen 9] OU\n|rated|\n|rule|HP Percentage Mod: HP is shown in percentages\n|rule|Endless Battle Clause: Forcing endless battles is banned\n|rule|Species Clause: Limit one of each Pokémon\n|rule|OHKO Clause: OHKO moves are banned\n|rule|Evasion Items Clause: Evasion items are banned\n|rule|Evasion Moves Clause: Evasion moves are banned\n|rule|Evasion Abilities Clause: Evasion abilities are banned\n|rule|Sleep Moves Clause: Sleep-inducing moves are banned\n|clearpoke\n|poke|p1|Weavile, F|\n|poke|p1|Dragapult, F|\n|poke|p1|Gliscor, F|\n|poke|p1|Tinkaton, F|\n|poke|p1|Garganacl, F|\n|poke|p1|Great Tusk|\n|poke|p2|Glimmora, M|\n|poke|p2|Great Tusk|\n|poke|p2|Kingambit, F|\n|poke|p2|Dragapult, M|\n|poke|p2|Clefable, F|\n|poke|p2|Corviknight, F|\n|teampreview\n|inactive|Battle timer is ON: inactive players will automatically lose when time's up. (requested by OUBotBeepBoop)\n|\n|t:|1783815932\n|teamsize|p1|6\n|teamsize|p2|6\n|start\n|switch|p1a: Tinkaton|Tinkaton, F|100/100\n|switch|p2a: Glimmora|Glimmora, M|100/100\n|-ability|p1a: Tinkaton|Mold Breaker\n|turn|1\n|\n|t:|1783815938\n|switch|p2a: Great Tusk|Great Tusk|100/100\n|move|p1a: Tinkaton|Stealth Rock|p2a: Great Tusk\n|-sidestart|p2: OUBotBeepBoop|move: Stealth Rock\n|\n|upkeep\n|turn|2\n|\n|t:|1783815943\n|switch|p1a: Gliscor|Gliscor, F|100/100\n|move|p2a: Great Tusk|Headlong Rush|p1a: Gliscor\n|-immune|p1a: Gliscor\n|\n|-status|p1a: Gliscor|tox|[from] item: Toxic Orb\n|upkeep\n|turn|3\n|\n|t:|1783815949\n|move|p1a: Gliscor|Protect|p1a: Gliscor\n|-singleturn|p1a: Gliscor|Protect\n|move|p2a: Great Tusk|Rapid Spin|p1a: Gliscor\n|-activate|p1a: Gliscor|move: Protect\n|\n|upkeep\n|turn|4\n|\n|t:|1783815959\n|switch|p1a: Dragapult|Dragapult, F|100/100\n|move|p2a: Great Tusk|Rapid Spin|p1a: Dragapult\n|-immune|p1a: Dragapult\n|\n|upkeep\n|turn|5\n|\n|t:|1783815962\n|move|p1a: Dragapult|Will-O-Wisp|p2a: Great Tusk\n|-status|p2a: Great Tusk|brn\n|move|p2a: Great Tusk|Knock Off|p1a: Dragapult\n|-supereffective|p1a: Dragapult\n|-damage|p1a: Dragapult|53/100\n|-enditem|p1a: Dragapult|Heavy-Duty Boots|[from] move: Knock Off|[of] p2a: Great Tusk\n|\n|-damage|p2a: Great Tusk|94/100 brn|[from] brn\n|upkeep\n|turn|6\n|\n|t:|1783815969\n|move|p1a: Dragapult|Hex|p2a: Great Tusk\n|-damage|p2a: Great Tusk|5/100 brn\n|move|p2a: Great Tusk|Ice Spinner|p1a: Dragapult\n|-supereffective|p1a: Dragapult\n|-damage|p1a: Dragapult|17/100\n|\n|-damage|p2a: Great Tusk|0 fnt|[from] brn\n|faint|p2a: Great Tusk\n|-end|p2a: Great Tusk|Protosynthesis|[silent]\n|upkeep\n|\n|t:|1783815970\n|switch|p2a: Kingambit|Kingambit, F|100/100\n|-damage|p2a: Kingambit|94/100|[from] Stealth Rock\n|-activate|p2a: Kingambit|ability: Supreme Overlord\n|-start|p2a: Kingambit|fallen1|[silent]\n|turn|7\n|\n|t:|1783815974\n|move|p1a: Dragapult|U-turn|p2a: Kingambit\n|-damage|p2a: Kingambit|83/100\n|\n|t:|1783815983\n|switch|p1a: Great Tusk|Great Tusk|100/100|[from] U-turn\n|-enditem|p1a: Great Tusk|Booster Energy\n|-activate|p1a: Great Tusk|ability: Protosynthesis|[fromitem]\n|-start|p1a: Great Tusk|protosynthesisspe\n|move|p2a: Kingambit|Kowtow Cleave|p1a: Great Tusk\n|-resisted|p1a: Great Tusk\n|-damage|p1a: Great Tusk|78/100\n|\n|upkeep\n|turn|8\n|\n|t:|1783815988\n|-end|p2a: Kingambit|fallen1|[silent]\n|switch|p2a: Clefable|Clefable, F|100/100\n|-damage|p2a: Clefable|88/100|[from] Stealth Rock\n|move|p1a: Great Tusk|Bulk Up|p1a: Great Tusk\n|-boost|p1a: Great Tusk|atk|1\n|-boost|p1a: Great Tusk|def|1\n|\n|-heal|p2a: Clefable|94/100|[from] item: Leftovers\n|upkeep\n|turn|9\n|\n|t:|1783815993\n|-end|p1a: Great Tusk|Protosynthesis|[silent]\n|switch|p1a: Tinkaton|Tinkaton, F|100/100\n|-ability|p1a: Tinkaton|Mold Breaker\n|move|p2a: Clefable|Moonblast|p1a: Tinkaton\n|-resisted|p1a: Tinkaton\n|-damage|p1a: Tinkaton|86/100\n|\n|-heal|p2a: Clefable|99/100|[from] item: Leftovers\n|upkeep\n|turn|10\n|\n|t:|1783815997\n|move|p1a: Tinkaton|Gigaton Hammer|p2a: Clefable\n|-supereffective|p2a: Clefable\n|-damage|p2a: Clefable|35/100\n|move|p2a: Clefable|Calm Mind|p2a: Clefable\n|-boost|p2a: Clefable|spa|1\n|-boost|p2a: Clefable|spd|1\n|\n|-heal|p2a: Clefable|41/100|[from] item: Leftovers\n|upkeep\n|turn|11\n|\n|t:|1783816002\n|switch|p2a: Corviknight|Corviknight, F|100/100\n|-damage|p2a: Corviknight|88/100|[from] Stealth Rock\n|-ability|p2a: Corviknight|Pressure\n|move|p1a: Tinkaton|Thunder Wave|p2a: Corviknight\n|-status|p2a: Corviknight|par\n|\n|-heal|p2a: Corviknight|94/100 par|[from] item: Leftovers\n|upkeep\n|turn|12\n|\n|t:|1783816006\n|move|p1a: Tinkaton|Gigaton Hammer|p2a: Corviknight\n|-resisted|p2a: Corviknight\n|-damage|p2a: Corviknight|81/100 par\n|move|p2a: Corviknight|Defog|p1a: Tinkaton\n|-unboost|p1a: Tinkaton|evasion|1\n|-sideend|p2: OUBotBeepBoop|Stealth Rock|[from] move: Defog|[of] p2a: Corviknight\n|\n|-heal|p2a: Corviknight|87/100 par|[from] item: Leftovers\n|upkeep\n|turn|13\n|\n|t:|1783816011\n|move|p1a: Tinkaton|Encore|p2a: Corviknight\n|-start|p2a: Corviknight|Encore\n|move|p2a: Corviknight|Defog|p1a: Tinkaton\n|-unboost|p1a: Tinkaton|evasion|1\n|\n|-heal|p2a: Corviknight|93/100 par|[from] item: Leftovers\n|upkeep\n|turn|14\n|\n|t:|1783816015\n|switch|p1a: Garganacl|Garganacl, F|100/100\n|switch|p2a: Kingambit|Kingambit, F|83/100\n|-activate|p2a: Kingambit|ability: Supreme Overlord\n|-start|p2a: Kingambit|fallen1|[silent]\n|\n|upkeep\n|turn|15\n|\n|t:|1783816018\n|move|p2a: Kingambit|Swords Dance|p2a: Kingambit\n|-boost|p2a: Kingambit|atk|2\n|move|p1a: Garganacl|Body Press|p2a: Kingambit\n|-supereffective|p2a: Kingambit\n|-damage|p2a: Kingambit|12/100\n|\n|upkeep\n|turn|16\n|\n|t:|1783816028\n|-end|p2a: Kingambit|fallen1|[silent]\n|switch|p2a: Corviknight|Corviknight, F|93/100 par\n|-ability|p2a: Corviknight|Pressure\n|switch|p1a: Great Tusk|Great Tusk|78/100\n|\n|-heal|p2a: Corviknight|99/100 par|[from] item: Leftovers\n|upkeep\n|turn|17\n|\n|t:|1783816038\n|-end|p1a: Great Tusk|Protosynthesis|[silent]\n|switch|p1a: Garganacl|Garganacl, F|100/100\n|move|p2a: Corviknight|U-turn|p1a: Garganacl\n|-damage|p1a: Garganacl|92/100\n|\n|t:|1783816038\n|switch|p2a: Dragapult|Dragapult, M|100/100|[from] U-turn\n|\n|-heal|p1a: Garganacl|98/100|[from] item: Leftovers\n|upkeep\n|turn|18\n|\n|t:|1783816043\n|move|p2a: Dragapult|U-turn|p1a: Garganacl\n|-damage|p1a: Garganacl|86/100\n|\n|t:|1783816043\n|switch|p2a: Glimmora|Glimmora, M|100/100|[from] U-turn\n|move|p1a: Garganacl|Salt Cure|p2a: Glimmora\n|-damage|p2a: Glimmora|83/100\n|-start|p2a: Glimmora|Salt Cure\n|-activate|p2a: Glimmora|ability: Toxic Debris\n|-sidestart|p1: motivation.22|move: Toxic Spikes\n|\n|-heal|p1a: Garganacl|92/100|[from] item: Leftovers\n|-damage|p2a: Glimmora|70/100|[from] Salt Cure\n|upkeep\n|turn|19\n|\n|t:|1783816062\n|switch|p1a: Great Tusk|Great Tusk|78/100\n|-status|p1a: Great Tusk|psn\n|move|p2a: Glimmora|Earth Power|p1a: Great Tusk\n|-crit|p1a: Great Tusk\n|-damage|p1a: Great Tusk|18/100 psn\n|\n|-damage|p1a: Great Tusk|6/100 psn|[from] psn\n|-damage|p2a: Glimmora|58/100|[from] Salt Cure\n|upkeep\n|turn|20\n|\n|t:|1783816069\n|-terastallize|p2a: Glimmora|Grass\n|move|p1a: Great Tusk|Rapid Spin|p2a: Glimmora\n|-damage|p2a: Glimmora|40/100\n|-boost|p1a: Great Tusk|spe|1\n|-activate|p2a: Glimmora|ability: Toxic Debris\n|-sidestart|p1: motivation.22|move: Toxic Spikes\n|-sideend|p1: motivation.22|Toxic Spikes|[from] move: Rapid Spin|[of] p1a: Great Tusk\n|move|p2a: Glimmora|Earth Power|p1a: Great Tusk\n|-damage|p1a: Great Tusk|0 fnt\n|faint|p1a: Great Tusk\n|-end|p1a: Great Tusk|Protosynthesis|[silent]\n|\n|-damage|p2a: Glimmora|28/100|[from] Salt Cure\n|upkeep\n|\n|t:|1783816077\n|switch|p1a: Weavile|Weavile, F|100/100\n|turn|21\n|\n|t:|1783816078\n|switch|p2a: Corviknight|Corviknight, F|99/100 par\n|-ability|p2a: Corviknight|Pressure\n|move|p1a: Weavile|Ice Shard|p2a: Corviknight\n|-damage|p2a: Corviknight|87/100 par\n|\n|-heal|p2a: Corviknight|94/100 par|[from] item: Leftovers\n|upkeep\n|turn|22\n|\n|t:|1783816083\n|move|p1a: Weavile|Knock Off|p2a: Corviknight\n|-crit|p2a: Corviknight\n|-damage|p2a: Corviknight|49/100 par\n|-enditem|p2a: Corviknight|Leftovers|[from] move: Knock Off|[of] p1a: Weavile\n|move|p2a: Corviknight|Body Press|p1a: Weavile\n|-supereffective|p1a: Weavile\n|-enditem|p1a: Weavile|Focus Sash\n|-damage|p1a: Weavile|1/100\n|\n|upkeep\n|turn|23\n|\n|t:|1783816087\n|move|p1a: Weavile|Triple Axel|p2a: Corviknight\n|-damage|p2a: Corviknight|43/100 par\n|-damage|p2a: Corviknight|31/100 par\n|-hitcount|p2a: Corviknight|2\n|cant|p2a: Corviknight|par\n|\n|upkeep\n|turn|24\n|\n|t:|1783816090\n|-terastallize|p1a: Weavile|Ice\n|move|p1a: Weavile|Triple Axel|p2a: Corviknight\n|-damage|p2a: Corviknight|22/100 par\n|-damage|p2a: Corviknight|7/100 par\n|-damage|p2a: Corviknight|0 fnt\n|faint|p2a: Corviknight\n|-hitcount|p2: Corviknight|3\n|\n|upkeep\n|\n|t:|1783816091\n|switch|p2a: Dragapult|Dragapult, M|100/100\n|turn|25\n|\n|t:|1783816095\n|move|p1a: Weavile|Ice Shard|p2a: Dragapult\n|-supereffective|p2a: Dragapult\n|-damage|p2a: Dragapult|27/100\n|move|p2a: Dragapult|Shadow Ball|p1a: Weavile\n|-damage|p1a: Weavile|0 fnt\n|faint|p1a: Weavile\n|\n|upkeep\n|\n|t:|1783816099\n|switch|p1a: Tinkaton|Tinkaton, F|86/100\n|-ability|p1a: Tinkaton|Mold Breaker\n|turn|26\n|\n|t:|1783816101\n|move|p2a: Dragapult|Shadow Ball|p1a: Tinkaton\n|-damage|p1a: Tinkaton|45/100\n|-enditem|p1a: Tinkaton|Sitrus Berry|[eat]\n|-heal|p1a: Tinkaton|70/100|[from] item: Sitrus Berry\n|move|p1a: Tinkaton|Gigaton Hammer|p2a: Dragapult\n|-damage|p2a: Dragapult|0 fnt\n|faint|p2a: Dragapult\n|\n|upkeep\n|\n|t:|1783816101\n|switch|p2a: Glimmora|Glimmora, M, tera:Grass|28/100\n|turn|27\n|\n|t:|1783816108\n|move|p1a: Tinkaton|Stealth Rock|p2a: Glimmora\n|-sidestart|p2: OUBotBeepBoop|move: Stealth Rock\n|move|p2a: Glimmora|Earth Power|p1a: Tinkaton\n|-supereffective|p1a: Tinkaton\n|-damage|p1a: Tinkaton|14/100\n|\n|upkeep\n|turn|28\n|\n|t:|1783816110\n|move|p1a: Tinkaton|Gigaton Hammer|p2a: Glimmora\n|-damage|p2a: Glimmora|0 fnt\n|-activate|p2a: Glimmora|ability: Toxic Debris\n|-sidestart|p1: motivation.22|move: Toxic Spikes\n|faint|p2a: Glimmora\n|\n|upkeep\n|\n|t:|1783816110\n|switch|p2a: Clefable|Clefable, F|41/100\n|-damage|p2a: Clefable|28/100|[from] Stealth Rock\n|turn|29\n|\n|t:|1783816113\n|move|p1a: Tinkaton|Thunder Wave|p2a: Clefable\n|-status|p2a: Clefable|par\n|cant|p2a: Clefable|par\n|\n|-heal|p2a: Clefable|35/100 par|[from] item: Leftovers\n|upkeep\n|turn|30\n|\n|t:|1783816115\n|move|p1a: Tinkaton|Gigaton Hammer|p2a: Clefable\n|-supereffective|p2a: Clefable\n|-damage|p2a: Clefable|0 fnt\n|faint|p2a: Clefable\n|\n|upkeep\n|\n|t:|1783816115\n|switch|p2a: Kingambit|Kingambit, F|12/100\n|-damage|p2a: Kingambit|6/100|[from] Stealth Rock\n|-activate|p2a: Kingambit|ability: Supreme Overlord\n|-start|p2a: Kingambit|fallen5|[silent]\n|turn|31\n|\n|t:|1783816118\n|move|p2a: Kingambit|Sucker Punch||[still]\n|-fail|p2a: Kingambit\n|move|p1a: Tinkaton|Thunder Wave|p2a: Kingambit\n|-status|p2a: Kingambit|par\n|\n|upkeep\n|turn|32\n|\n|t:|1783816121\n|move|p2a: Kingambit|Sucker Punch|p1a: Tinkaton\n|-resisted|p1a: Tinkaton\n|-damage|p1a: Tinkaton|0 fnt\n|faint|p1a: Tinkaton\n|\n|upkeep\n|\n|t:|1783816123\n|switch|p1a: Gliscor|Gliscor, F|100/100 tox\n|turn|33\n|\n|t:|1783816124\n|move|p2a: Kingambit|Sucker Punch|p1a: Gliscor\n|-damage|p1a: Gliscor|57/100 tox\n|move|p1a: Gliscor|Knock Off|p2a: Kingambit\n|-resisted|p2a: Kingambit\n|-damage|p2a: Kingambit|0 fnt\n|-enditem|p2a: Kingambit|Black Glasses|[from] move: Knock Off|[of] p1a: Gliscor\n|faint|p2a: Kingambit\n|-end|p2a: Kingambit|fallen5|[silent]\n|\n|win|motivation.22\n|raw|motivation.22's rating: 1295 &rarr; <strong>1316</strong><br />(+21 for winning)\n|raw|OUBotBeepBoop's rating: 1244 &rarr; <strong>1223</strong><br />(-21 for losing)\n|l|☆OUBotBeepBoop\n|player|p2|\n", "uploadtime": 1783816186, "views": 9, "formatid": "gen9ou", "rating": 1223, "private": 0, "password": null}