{"id": "gen9ou-2647723845", "format": "[Gen 9] OU", "players": ["transrighs", "gottaloveriolu"], "log": "|j|☆transrighs\n|j|☆gottaloveriolu\n|t:|1783801960\n|gametype|singles\n|player|p1|transrighs|artist-gen4|1204\n|player|p2|gottaloveriolu|265|1215\n|gen|9\n|tier|[Gen 9] OU\n|rated|\n|rule|HP Percentage Mod: HP is shown in percentages\n|rule|Endless Battle Clause: Forcing endless battles is banned\n|rule|Species Clause: Limit one of each Pokémon\n|rule|OHKO Clause: OHKO moves are banned\n|rule|Evasion Items Clause: Evasion items are banned\n|rule|Evasion Moves Clause: Evasion moves are banned\n|rule|Evasion Abilities Clause: Evasion abilities are banned\n|rule|Sleep Moves Clause: Sleep-inducing moves are banned\n|clearpoke\n|poke|p1|Chandelure, M|\n|poke|p1|Clefable, M|\n|poke|p1|Rillaboom, M|\n|poke|p1|Ogerpon-Wellspring, F|\n|poke|p1|Darkrai|\n|poke|p1|Slowking-Galar, F|\n|poke|p2|Dudunsparce-*, F|\n|poke|p2|Weezing-Galar, F|\n|poke|p2|Glastrier|\n|poke|p2|Ninetales-Alola, F|\n|poke|p2|Latias, F|\n|poke|p2|Sandy Shocks|\n|teampreview\n|\n|t:|1783801973\n|teamsize|p1|6\n|teamsize|p2|6\n|start\n|switch|p1a: Darkrai|Darkrai|100/100\n|switch|p2a: metal fairy|Sandy Shocks|100/100\n|turn|1\n|\n|t:|1783801981\n|move|p1a: Darkrai|Ice Beam|p2a: metal fairy\n|-supereffective|p2a: metal fairy\n|-damage|p2a: metal fairy|4/100\n|-damage|p1a: Darkrai|91/100|[from] item: Life Orb\n|move|p2a: metal fairy|Volt Switch|p1a: Darkrai\n|-damage|p1a: Darkrai|26/100\n|\n|t:|1783801987\n|-end|p2a: metal fairy|Protosynthesis|[silent]\n|switch|p2a: Glastrier|Glastrier|100/100|[from] Volt Switch\n|\n|upkeep\n|turn|2\n|\n|t:|1783801992\n|move|p1a: Darkrai|Brick Break|p2a: Glastrier\n|-supereffective|p2a: Glastrier\n|-damage|p2a: Glastrier|66/100\n|-damage|p1a: Darkrai|16/100|[from] item: Life Orb\n|move|p2a: Glastrier|Icicle Crash|p1a: Darkrai\n|-damage|p1a: Darkrai|0 fnt\n|faint|p1a: Darkrai\n|-ability|p2a: Glastrier|Chilling Neigh|boost\n|-boost|p2a: Glastrier|atk|1\n|\n|upkeep\n|\n|t:|1783802002\n|switch|p1a: Chandelure|Chandelure, M|100/100\n|turn|3\n|\n|t:|1783802007\n|move|p2a: Glastrier|Icicle Crash|p1a: Chandelure\n|-resisted|p1a: Chandelure\n|-damage|p1a: Chandelure|57/100\n|cant|p1a: Chandelure|flinch\n|\n|upkeep\n|turn|4\n|\n|t:|1783802013\n|-terastallize|p2a: Glastrier|Ice\n|move|p2a: Glastrier|Icicle Crash|p1a: Chandelure\n|-resisted|p1a: Chandelure\n|-damage|p1a: Chandelure|7/100\n|move|p1a: Chandelure|Fire Blast|p2a: Glastrier\n|-supereffective|p2a: Glastrier\n|-damage|p2a: Glastrier|0 fnt\n|faint|p2a: Glastrier\n|\n|upkeep\n|\n|t:|1783802026\n|switch|p2a: metal fairy|Sandy Shocks|4/100\n|turn|5\n|\n|t:|1783802037\n|move|p2a: metal fairy|Volt Switch|p1a: Chandelure\n|-damage|p1a: Chandelure|0 fnt\n|faint|p1a: Chandelure\n|\n|t:|1783802046\n|-end|p2a: metal fairy|Protosynthesis|[silent]\n|switch|p2a: she was a fairy|Ninetales-Alola, F|100/100|[from] Volt Switch\n|-weather|Snowscape|[from] ability: Snow Warning|[of] p2a: she was a fairy\n|\n|-weather|Snowscape|[upkeep]\n|upkeep\n|\n|t:|1783802056\n|switch|p1a: Clefable|Clefable, M|100/100\n|turn|6\n|\n|t:|1783802061\n|move|p2a: she was a fairy|Aurora Veil|p2a: she was a fairy\n|-sidestart|p2: gottaloveriolu|move: Aurora Veil\n|move|p1a: Clefable|Calm Mind|p1a: Clefable\n|-boost|p1a: Clefable|spa|1\n|-boost|p1a: Clefable|spd|1\n|\n|-weather|Snowscape|[upkeep]\n|upkeep\n|turn|7\n|\n|t:|1783802068\n|move|p2a: she was a fairy|Encore|p1a: Clefable\n|-start|p1a: Clefable|Encore\n|move|p1a: Clefable|Calm Mind|p1a: Clefable\n|-boost|p1a: Clefable|spa|1\n|-boost|p1a: Clefable|spd|1\n|\n|-weather|Snowscape|[upkeep]\n|upkeep\n|turn|8\n|\n|t:|1783802078\n|switch|p2a: worm fairy|Dudunsparce-Three-Segment, F|100/100\n|switch|p1a: Slowking|Slowking-Galar, F|100/100\n|\n|-weather|Snowscape|[upkeep]\n|upkeep\n|turn|9\n|\n|t:|1783802089\n|switch|p2a: poisen fairy|Weezing-Galar, F|100/100\n|-fieldstart|move: Misty Terrain|[from] ability: Misty Surge|[of] p2a: poisen fairy\n|move|p1a: Slowking|Sludge Wave|p2a: poisen fairy\n|-damage|p2a: poisen fairy|72/100\n|\n|-weather|none\n|upkeep\n|turn|10\n|\n|t:|1783802100\n|switch|p2a: worm fairy|Dudunsparce-Three-Segment, F|100/100\n|-enditem|p2a: worm fairy|Misty Seed\n|-boost|p2a: worm fairy|spd|1|[from] item: Misty Seed\n|move|p1a: Slowking|Psychic Noise|p2a: worm fairy\n|-damage|p2a: worm fairy|92/100\n|-start|p2a: worm fairy|move: Heal Block\n|\n|upkeep\n|turn|11\n|\n|t:|1783802113\n|switch|p1a: Clefable|Clefable, M|100/100\n|move|p2a: worm fairy|Coil|p2a: worm fairy\n|-boost|p2a: worm fairy|atk|1\n|-boost|p2a: worm fairy|def|1\n|-boost|p2a: worm fairy|accuracy|1\n|\n|-end|p2a: worm fairy|move: Heal Block\n|upkeep\n|turn|12\n|\n|t:|1783802117\n|move|p1a: Clefable|Encore|p2a: worm fairy\n|-start|p2a: worm fairy|Encore\n|move|p2a: worm fairy|Coil|p2a: worm fairy\n|-boost|p2a: worm fairy|atk|1\n|-boost|p2a: worm fairy|def|1\n|-boost|p2a: worm fairy|accuracy|1\n|\n|upkeep\n|turn|13\n|\n|t:|1783802124\n|switch|p2a: she was a fairy|Ninetales-Alola, F|100/100\n|-weather|Snowscape|[from] ability: Snow Warning|[of] p2a: she was a fairy\n|move|p1a: Clefable|Calm Mind|p1a: Clefable\n|-boost|p1a: Clefable|spa|1\n|-boost|p1a: Clefable|spd|1\n|\n|-weather|Snowscape|[upkeep]\n|-sideend|p2: gottaloveriolu|move: Aurora Veil\n|upkeep\n|turn|14\n|\n|t:|1783802129\n|switch|p1a: Slowking|Slowking-Galar, F|100/100\n|move|p2a: she was a fairy|Encore||[still]\n|-fail|p2a: she was a fairy\n|\n|-weather|Snowscape|[upkeep]\n|upkeep\n|turn|15\n|\n|t:|1783802137\n|move|p2a: she was a fairy|Aurora Veil|p2a: she was a fairy\n|-sidestart|p2: gottaloveriolu|move: Aurora Veil\n|move|p1a: Slowking|Future Sight|p2a: she was a fairy\n|-start|p1a: Slowking|move: Future Sight\n|\n|-weather|Snowscape|[upkeep]\n|upkeep\n|turn|16\n|\n|t:|1783802143\n|move|p2a: she was a fairy|Encore|p1a: Slowking\n|-start|p1a: Slowking|Encore\n|move|p1a: Slowking|Future Sight||[still]\n|-fail|p1a: Slowking\n|\n|-weather|Snowscape|[upkeep]\n|-fieldend|Misty Terrain\n|upkeep\n|turn|17\n|\n|t:|1783802148\n|switch|p2a: floating fairy|Latias, F|100/100\n|switch|p1a: Clefable|Clefable, M|100/100\n|\n|-weather|none\n|-end|p2a: floating fairy|move: Future Sight\n|-resisted|p2a: floating fairy\n|-damage|p2a: floating fairy|88/100\n|upkeep\n|turn|18\n|\n|t:|1783802168\n|switch|p2a: she was a fairy|Ninetales-Alola, F|100/100\n|-weather|Snowscape|[from] ability: Snow Warning|[of] p2a: she was a fairy\n|move|p1a: Clefable|Draining Kiss|p2a: she was a fairy\n|-damage|p2a: she was a fairy|90/100\n|\n|-weather|Snowscape|[upkeep]\n|upkeep\n|turn|19\n|\n|t:|1783802178\n|move|p2a: she was a fairy|Encore|p1a: Clefable\n|-start|p1a: Clefable|Encore\n|move|p1a: Clefable|Draining Kiss|p2a: she was a fairy\n|-damage|p2a: she was a fairy|80/100\n|\n|-weather|Snowscape|[upkeep]\n|upkeep\n|turn|20\n|\n|t:|1783802185\n|move|p2a: she was a fairy|Blizzard|p1a: Clefable\n|-damage|p1a: Clefable|64/100\n|move|p1a: Clefable|Draining Kiss|p2a: she was a fairy\n|-damage|p2a: she was a fairy|71/100\n|-heal|p1a: Clefable|69/100|[from] drain|[of] p2a: she was a fairy\n|\n|-weather|Snowscape|[upkeep]\n|-heal|p1a: Clefable|75/100|[from] item: Leftovers\n|upkeep\n|turn|21\n|\n|t:|1783802195\n|switch|p1a: Slowking|Slowking-Galar, F|100/100\n|move|p2a: she was a fairy|Blizzard|p1a: Slowking\n|-damage|p1a: Slowking|77/100\n|\n|-weather|Snowscape|[upkeep]\n|upkeep\n|turn|22\n|\n|t:|1783802205\n|switch|p2a: poisen fairy|Weezing-Galar, F|72/100\n|-fieldstart|move: Misty Terrain|[from] ability: Misty Surge|[of] p2a: poisen fairy\n|move|p1a: Slowking|Sludge Wave|p2a: poisen fairy\n|-crit|p2a: poisen fairy\n|-damage|p2a: poisen fairy|0 fnt\n|faint|p2a: poisen fairy\n|\n|-weather|none\n|-sideend|p2: gottaloveriolu|move: Aurora Veil\n|upkeep\n|\n|t:|1783802235\n|switch|p2a: floating fairy|Latias, F|88/100\n|turn|23\n|\n|t:|1783802244\n|move|p2a: floating fairy|Calm Mind|p2a: floating fairy\n|-boost|p2a: floating fairy|spa|1\n|-boost|p2a: floating fairy|spd|1\n|move|p1a: Slowking|Sludge Wave|p2a: floating fairy\n|-damage|p2a: floating fairy|57/100\n|\n|upkeep\n|turn|24\n|\n|t:|1783802261\n|move|p2a: floating fairy|Agility|p2a: floating fairy\n|-boost|p2a: floating fairy|spe|2\n|move|p1a: Slowking|Sludge Wave|p2a: floating fairy\n|-damage|p2a: floating fairy|28/100\n|\n|upkeep\n|turn|25\n|\n|t:|1783802270\n|move|p2a: floating fairy|Calm Mind|p2a: floating fairy\n|-boost|p2a: floating fairy|spa|1\n|-boost|p2a: floating fairy|spd|1\n|move|p1a: Slowking|Sludge Wave|p2a: floating fairy\n|-damage|p2a: floating fairy|6/100\n|\n|upkeep\n|turn|26\n|\n|t:|1783802283\n|move|p2a: floating fairy|Stored Power|p1a: Slowking\n|-damage|p1a: Slowking|0 fnt\n|faint|p1a: Slowking\n|\n|upkeep\n|\n|t:|1783802287\n|switch|p1a: Rillaboom|Rillaboom, M|100/100\n|-fieldstart|move: Grassy Terrain|[from] ability: Grassy Surge|[of] p1a: Rillaboom\n|-enditem|p1a: Rillaboom|Grassy Seed\n|-boost|p1a: Rillaboom|def|1|[from] item: Grassy Seed\n|turn|27\n|\n|t:|1783802297\n|move|p1a: Rillaboom|Grassy Glide|p2a: floating fairy\n|-resisted|p2a: floating fairy\n|-damage|p2a: floating fairy|0 fnt\n|faint|p2a: floating fairy\n|\n|upkeep\n|\n|t:|1783802302\n|switch|p2a: she was a fairy|Ninetales-Alola, F|71/100\n|-weather|Snowscape|[from] ability: Snow Warning|[of] p2a: she was a fairy\n|turn|28\n|\n|t:|1783802318\n|switch|p1a: Clefable|Clefable, M|75/100\n|move|p2a: she was a fairy|Blizzard|p1a: Clefable\n|-damage|p1a: Clefable|33/100\n|\n|-weather|Snowscape|[upkeep]\n|-heal|p2a: she was a fairy|77/100|[from] Grassy Terrain\n|-heal|p1a: Clefable|39/100|[from] Grassy Terrain\n|-heal|p1a: Clefable|45/100|[from] item: Leftovers\n|upkeep\n|turn|29\n|\n|t:|1783802328\n|move|p2a: she was a fairy|Blizzard|p1a: Clefable\n|-damage|p1a: Clefable|3/100\n|move|p1a: Clefable|Encore|p2a: she was a fairy\n|-start|p2a: she was a fairy|Encore\n|\n|-weather|Snowscape|[upkeep]\n|-heal|p2a: she was a fairy|83/100|[from] Grassy Terrain\n|-heal|p1a: Clefable|9/100|[from] Grassy Terrain\n|-heal|p1a: Clefable|15/100|[from] item: Leftovers\n|upkeep\n|turn|30\n|\n|t:|1783802334\n|switch|p1a: Ogerpon|Ogerpon-Wellspring, F|100/100\n|move|p2a: she was a fairy|Blizzard|p1a: Ogerpon\n|-damage|p1a: Ogerpon|49/100\n|\n|-weather|Snowscape|[upkeep]\n|-heal|p1a: Ogerpon|54/100|[from] Grassy Terrain\n|-heal|p2a: she was a fairy|89/100|[from] Grassy Terrain\n|upkeep\n|turn|31\n|\n|t:|1783802348\n|switch|p2a: metal fairy|Sandy Shocks|4/100\n|-terastallize|p1a: Ogerpon|Water\n|detailschange|p1a: Ogerpon|Ogerpon-Wellspring-Tera, F, tera:Water\n|-ability|p1a: Ogerpon|Embody Aspect (Wellspring)|boost\n|-boost|p1a: Ogerpon|spd|1\n|move|p1a: Ogerpon|Horn Leech|p2a: metal fairy\n|-supereffective|p2a: metal fairy\n|-damage|p2a: metal fairy|0 fnt\n|-heal|p1a: Ogerpon|56/100|[from] drain|[of] p2a: metal fairy\n|faint|p2a: metal fairy\n|-end|p2a: metal fairy|Protosynthesis|[silent]\n|\n|-weather|Snowscape|[upkeep]\n|-heal|p1a: Ogerpon|62/100|[from] Grassy Terrain\n|-fieldend|move: Grassy Terrain\n|upkeep\n|\n|t:|1783802355\n|switch|p2a: worm fairy|Dudunsparce-Three-Segment, F|92/100\n|turn|32\n|\n|t:|1783802365\n|move|p1a: Ogerpon|Leech Seed|p2a: worm fairy\n|-start|p2a: worm fairy|move: Leech Seed\n|move|p2a: worm fairy|Hyper Drill|p1a: Ogerpon\n|-damage|p1a: Ogerpon|15/100\n|\n|-weather|none\n|-damage|p2a: worm fairy|79/100|[from] Leech Seed|[of] p1a: Ogerpon\n|-heal|p1a: Ogerpon|34/100|[silent]\n|upkeep\n|turn|33\n|\n|t:|1783802372\n|move|p1a: Ogerpon|Horn Leech|p2a: worm fairy\n|-damage|p2a: worm fairy|40/100\n|-heal|p1a: Ogerpon|63/100|[from] drain|[of] p2a: worm fairy\n|move|p2a: worm fairy|Coil|p2a: worm fairy\n|-boost|p2a: worm fairy|atk|1\n|-boost|p2a: worm fairy|def|1\n|-boost|p2a: worm fairy|accuracy|1\n|\n|-damage|p2a: worm fairy|28/100|[from] Leech Seed|[of] p1a: Ogerpon\n|-heal|p1a: Ogerpon|82/100|[silent]\n|upkeep\n|turn|34\n|\n|t:|1783802378\n|move|p1a: Ogerpon|Horn Leech|p2a: worm fairy\n|-damage|p2a: worm fairy|2/100\n|-heal|p1a: Ogerpon|100/100|[from] drain|[of] p2a: worm fairy\n|move|p2a: worm fairy|Hyper Drill|p1a: Ogerpon\n|-damage|p1a: Ogerpon|32/100\n|\n|-damage|p2a: worm fairy|0 fnt|[from] Leech Seed|[of] p1a: Ogerpon\n|-heal|p1a: Ogerpon|34/100|[silent]\n|faint|p2a: worm fairy\n|upkeep\n|\n|t:|1783802381\n|switch|p2a: she was a fairy|Ninetales-Alola, F|89/100\n|-weather|Snowscape|[from] ability: Snow Warning|[of] p2a: she was a fairy\n|turn|35\n|\n|t:|1783802387\n|move|p1a: Ogerpon|Horn Leech|p2a: she was a fairy\n|-crit|p2a: she was a fairy\n|-damage|p2a: she was a fairy|28/100\n|-heal|p1a: Ogerpon|64/100|[from] drain|[of] p2a: she was a fairy\n|move|p2a: she was a fairy|Blizzard|p1a: Ogerpon\n|-resisted|p1a: Ogerpon\n|-damage|p1a: Ogerpon|48/100\n|\n|-weather|Snowscape|[upkeep]\n|upkeep\n|turn|36\n|\n|t:|1783802392\n|move|p1a: Ogerpon|Horn Leech|p2a: she was a fairy\n|-damage|p2a: she was a fairy|0 fnt\n|-heal|p1a: Ogerpon|61/100|[from] drain|[of] p2a: she was a fairy\n|faint|p2a: she was a fairy\n|\n|win|transrighs\n|raw|transrighs's rating: 1204 &rarr; <strong>1230</strong><br />(+26 for winning)\n|raw|gottaloveriolu's rating: 1215 &rarr; <strong>1189</strong><br />(-26 for losing)\n|l|☆gottaloveriolu\n|player|p2|\n|l|☆transrighs\n|player|p1|\n", "uploadtime": 1783802755, "views": 4, "formatid": "gen9ou", "rating": 1189, "private": 0, "password": null}