{"id": "gen9ou-2647807207", "format": "[Gen 9] OU", "players": ["robert3475", "rolandthemaleralts"], "log": "|j|☆robert3475\n|j|☆rolandthemaleralts\n|t:|1783816047\n|gametype|singles\n|player|p1|robert3475|dragontamer|1225\n|player|p2|rolandthemaleralts|266|1237\n|gen|9\n|tier|[Gen 9] OU\n|rated|\n|rule|HP Percentage Mod: HP is shown in percentages\n|rule|Endless Battle Clause: Forcing endless battles is banned\n|rule|Species Clause: Limit one of each Pokémon\n|rule|OHKO Clause: OHKO moves are banned\n|rule|Evasion Items Clause: Evasion items are banned\n|rule|Evasion Moves Clause: Evasion moves are banned\n|rule|Evasion Abilities Clause: Evasion abilities are banned\n|rule|Sleep Moves Clause: Sleep-inducing moves are banned\n|clearpoke\n|poke|p1|Hydreigon, M|\n|poke|p1|Ceruledge, M|\n|poke|p1|Darkrai|\n|poke|p1|Grimmsnarl, M|\n|poke|p1|Iron Crown|\n|poke|p1|Salamence, M|\n|poke|p2|Torkoal, F|\n|poke|p2|Charizard, F|\n|poke|p2|Venusaur, M|\n|poke|p2|Corviknight, F|\n|poke|p2|Walking Wake|\n|poke|p2|Iron Boulder|\n|teampreview\n|\n|t:|1783816065\n|teamsize|p1|6\n|teamsize|p2|6\n|start\n|switch|p1a: Grimmsnarl|Grimmsnarl, M|100/100\n|switch|p2a: Torkoal|Torkoal, F|100/100\n|-weather|SunnyDay|[from] ability: Drought|[of] p2a: Torkoal\n|turn|1\n|\n|t:|1783816084\n|switch|p2a: Venusaur|Venusaur, M|100/100\n|move|p1a: Grimmsnarl|Light Screen|p1a: Grimmsnarl\n|-sidestart|p1: robert3475|move: Light Screen\n|\n|-weather|SunnyDay|[upkeep]\n|upkeep\n|turn|2\n|\n|t:|1783816110\n|move|p1a: Grimmsnarl|Thunder Wave|p2a: Venusaur\n|-status|p2a: Venusaur|par\n|move|p2a: Venusaur|Sludge Bomb|p1a: Grimmsnarl\n|-supereffective|p1a: Grimmsnarl\n|-damage|p1a: Grimmsnarl|63/100\n|-damage|p2a: Venusaur|91/100 par|[from] item: Life Orb\n|\n|-weather|SunnyDay|[upkeep]\n|upkeep\n|turn|3\n|\n|t:|1783816117\n|switch|p1a: Iron Crown|Iron Crown|100/100\n|-enditem|p1a: Iron Crown|Booster Energy\n|-activate|p1a: Iron Crown|ability: Quark Drive|[fromitem]\n|-start|p1a: Iron Crown|quarkdrivespe\n|cant|p2a: Venusaur|par\n|\n|-weather|SunnyDay|[upkeep]\n|upkeep\n|turn|4\n|\n|t:|1783816138\n|switch|p2a: Iron Boulder|Iron Boulder|100/100\n|-enditem|p2a: Iron Boulder|Booster Energy\n|-activate|p2a: Iron Boulder|ability: Quark Drive|[fromitem]\n|-start|p2a: Iron Boulder|quarkdrivespe\n|move|p1a: Iron Crown|Calm Mind|p1a: Iron Crown\n|-boost|p1a: Iron Crown|spa|1\n|-boost|p1a: Iron Crown|spd|1\n|\n|-weather|SunnyDay|[upkeep]\n|upkeep\n|turn|5\n|\n|t:|1783816177\n|move|p2a: Iron Boulder|Earthquake|p1a: Iron Crown\n|-supereffective|p1a: Iron Crown\n|-crit|p1a: Iron Crown\n|-damage|p1a: Iron Crown|0 fnt\n|faint|p1a: Iron Crown\n|-end|p1a: Iron Crown|Quark Drive|[silent]\n|\n|-weather|SunnyDay|[upkeep]\n|upkeep\n|\n|t:|1783816192\n|switch|p1a: Grimmsnarl|Grimmsnarl, M|63/100\n|turn|6\n|\n|t:|1783816207\n|-terastallize|p2a: Iron Boulder|Rock\n|move|p1a: Grimmsnarl|Reflect|p1a: Grimmsnarl\n|-sidestart|p1: robert3475|Reflect\n|move|p2a: Iron Boulder|Mighty Cleave|p1a: Grimmsnarl\n|-damage|p1a: Grimmsnarl|24/100\n|\n|-weather|SunnyDay|[upkeep]\n|upkeep\n|turn|7\n|\n|t:|1783816215\n|move|p1a: Grimmsnarl|Thunder Wave|p2a: Iron Boulder|[miss]\n|-miss|p1a: Grimmsnarl|p2a: Iron Boulder\n|move|p2a: Iron Boulder|Mighty Cleave|p1a: Grimmsnarl\n|-damage|p1a: Grimmsnarl|0 fnt\n|faint|p1a: Grimmsnarl\n|\n|-weather|SunnyDay|[upkeep]\n|upkeep\n|\n|t:|1783816250\n|switch|p1a: Darkrai|Darkrai|100/100\n|turn|8\n|\n|t:|1783816270\n|-end|p2a: Iron Boulder|Quark Drive|[silent]\n|switch|p2a: Corviknight|Corviknight, F|100/100\n|-ability|p2a: Corviknight|Pressure\n|-terastallize|p1a: Darkrai|Ghost\n|move|p1a: Darkrai|Trick|p2a: Corviknight\n|-activate|p1a: Darkrai|move: Trick|[of] p2a: Corviknight\n|-item|p2a: Corviknight|Choice Specs|[from] move: Trick\n|-item|p1a: Darkrai|Rocky Helmet|[from] move: Trick\n|\n|-weather|none\n|-sideend|p1: robert3475|move: Light Screen\n|upkeep\n|turn|9\n|\n|t:|1783816285\n|move|p1a: Darkrai|Ice Beam|p2a: Corviknight\n|-damage|p2a: Corviknight|76/100\n|-status|p2a: Corviknight|frz\n|-curestatus|p2a: Corviknight|frz|[msg]\n|move|p2a: Corviknight|U-turn|p1a: Darkrai\n|-resisted|p1a: Darkrai\n|-damage|p1a: Darkrai|96/100\n|-damage|p2a: Corviknight|59/100|[from] item: Rocky Helmet|[of] p1a: Darkrai\n|\n|t:|1783816308\n|switch|p2a: Torkoal|Torkoal, F|100/100|[from] U-turn\n|-weather|SunnyDay|[from] ability: Drought|[of] p2a: Torkoal\n|\n|-weather|SunnyDay|[upkeep]\n|upkeep\n|turn|10\n|\n|t:|1783816346\n|switch|p2a: Charizard|Charizard, F|100/100\n|move|p1a: Darkrai|Dark Pulse|p2a: Charizard\n|-damage|p2a: Charizard|44/100\n|\n|-weather|SunnyDay|[upkeep]\n|-damage|p2a: Charizard|31/100|[from] ability: Solar Power|[of] p2a: Charizard\n|upkeep\n|turn|11\n|\n|t:|1783816366\n|switch|p2a: Corviknight|Corviknight, F|59/100\n|-ability|p2a: Corviknight|Pressure\n|move|p1a: Darkrai|Dark Pulse|p2a: Corviknight\n|-damage|p2a: Corviknight|27/100\n|\n|-weather|SunnyDay|[upkeep]\n|upkeep\n|turn|12\n|\n|t:|1783816375\n|move|p1a: Darkrai|Dark Pulse|p2a: Corviknight\n|-damage|p2a: Corviknight|0 fnt\n|faint|p2a: Corviknight\n|\n|-weather|SunnyDay|[upkeep]\n|upkeep\n|\n|t:|1783816386\n|switch|p2a: Walking Wake|Walking Wake|100/100\n|-activate|p2a: Walking Wake|ability: Protosynthesis\n|-start|p2a: Walking Wake|protosynthesisspe\n|turn|13\n|\n|t:|1783816396\n|move|p2a: Walking Wake|Hydro Steam|p1a: Darkrai\n|-damage|p1a: Darkrai|0 fnt\n|faint|p1a: Darkrai\n|\n|-weather|SunnyDay|[upkeep]\n|-sideend|p1: robert3475|Reflect\n|upkeep\n|\n|t:|1783816427\n|switch|p1a: Hydreigon|Hydreigon, M|100/100\n|turn|14\n|\n|t:|1783816442\n|-end|p2a: Walking Wake|Protosynthesis|[silent]\n|switch|p2a: Iron Boulder|Iron Boulder, tera:Rock|100/100\n|move|p1a: Hydreigon|Dark Pulse|p2a: Iron Boulder\n|-damage|p2a: Iron Boulder|56/100\n|\n|-weather|SunnyDay|[upkeep]\n|upkeep\n|turn|15\n|\n|t:|1783816456\n|move|p2a: Iron Boulder|Swords Dance|p2a: Iron Boulder\n|-boost|p2a: Iron Boulder|atk|2\n|move|p1a: Hydreigon|Flamethrower|p2a: Iron Boulder\n|-resisted|p2a: Iron Boulder\n|-damage|p2a: Iron Boulder|34/100\n|\n|-weather|SunnyDay|[upkeep]\n|upkeep\n|turn|16\n|\n|t:|1783816465\n|move|p2a: Iron Boulder|Mighty Cleave|p1a: Hydreigon\n|-damage|p1a: Hydreigon|0 fnt\n|faint|p1a: Hydreigon\n|\n|-weather|none\n|upkeep\n|\n|t:|1783816493\n|switch|p1a: Salamence|Salamence, M|100/100\n|turn|17\n|\n|t:|1783816502\n|move|p2a: Iron Boulder|Mighty Cleave|p1a: Salamence\n|-supereffective|p1a: Salamence\n|-damage|p1a: Salamence|0 fnt\n|faint|p1a: Salamence\n|\n|upkeep\n|\n|t:|1783816512\n|switch|p1a: Ceruledge|Ceruledge, M, shiny|100/100\n|-item|p1a: Ceruledge|Air Balloon\n|turn|18\n|\n|t:|1783816518\n|move|p2a: Iron Boulder|Mighty Cleave|p1a: Ceruledge\n|-supereffective|p1a: Ceruledge\n|-damage|p1a: Ceruledge|0 fnt\n|-enditem|p1a: Ceruledge|Air Balloon\n|faint|p1a: Ceruledge\n|\n|win|rolandthemaleralts\n|raw|robert3475's rating: 1199 &rarr; <strong>1177</strong><br />(-22 for losing)\n|raw|rolandthemaleralts's rating: 1237 &rarr; <strong>1259</strong><br />(+22 for winning)\n|l|☆robert3475\n|player|p1|\n", "uploadtime": 1783816788, "views": 10, "formatid": "gen9ou", "rating": 1177, "private": 0, "password": null}