{"id": "gen9ou-2639236085", "format": "[Gen 9] OU", "players": ["mathismathin", "Cautious"], "log": "|j|☆mathismathin\n|j|☆Cautious\n|t:|1782438387\n|gametype|singles\n|player|p1|mathismathin|bugsy-masters|1635\n|player|p2|Cautious|266|1549\n|gen|9\n|tier|[Gen 9] OU\n|rated|\n|rule|HP Percentage Mod: HP is shown in percentages\n|rule|Endless Battle Clause: Forcing endless battles is banned\n|rule|Species Clause: Limit one of each Pokémon\n|rule|OHKO Clause: OHKO moves are banned\n|rule|Evasion Items Clause: Evasion items are banned\n|rule|Evasion Moves Clause: Evasion moves are banned\n|rule|Evasion Abilities Clause: Evasion abilities are banned\n|rule|Sleep Moves Clause: Sleep-inducing moves are banned\n|clearpoke\n|poke|p1|Garchomp, M|\n|poke|p1|Regieleki|\n|poke|p1|Dragonite, F|\n|poke|p1|Blaziken, M|\n|poke|p1|Corviknight, M|\n|poke|p1|Necrozma|\n|poke|p2|Raging Bolt|\n|poke|p2|Torkoal, F|\n|poke|p2|Slither Wing|\n|poke|p2|Walking Wake|\n|poke|p2|Great Tusk|\n|poke|p2|Hatterene, F|\n|teampreview\n|inactive|Battle timer is ON: inactive players will automatically lose when time's up. (requested by mathismathin)\n|\n|t:|1782438427\n|teamsize|p1|6\n|teamsize|p2|6\n|start\n|switch|p1a: Blaziken|Blaziken, M|100/100\n|switch|p2a: Raging Bolt|Raging Bolt|100/100\n|turn|1\n|\n|t:|1782438432\n|move|p1a: Blaziken|Protect|p1a: Blaziken\n|-singleturn|p1a: Blaziken|Protect\n|move|p2a: Raging Bolt|Draco Meteor|p1a: Blaziken\n|-activate|p1a: Blaziken|move: Protect\n|\n|-ability|p1a: Blaziken|Speed Boost|boost\n|-boost|p1a: Blaziken|spe|1\n|upkeep\n|turn|2\n|\n|t:|1782438435\n|switch|p1a: Corviknight|Corviknight, M|100/100\n|-ability|p1a: Corviknight|Pressure\n|move|p2a: Raging Bolt|Draco Meteor|p1a: Corviknight\n|-resisted|p1a: Corviknight\n|-damage|p1a: Corviknight|58/100\n|-unboost|p2a: Raging Bolt|spa|2\n|\n|-heal|p1a: Corviknight|64/100|[from] item: Leftovers\n|upkeep\n|turn|3\n|\n|t:|1782438440\n|-end|p2a: Raging Bolt|Protosynthesis|[silent]\n|switch|p2a: Torkoal|Torkoal, F|100/100\n|-weather|SunnyDay|[from] ability: Drought|[of] p2a: Torkoal\n|move|p1a: Corviknight|U-turn|p2a: Torkoal\n|-resisted|p2a: Torkoal\n|-damage|p2a: Torkoal|96/100\n|\n|t:|1782438444\n|switch|p1a: Blaziken|Blaziken, M|100/100|[from] U-turn\n|\n|-weather|SunnyDay|[upkeep]\n|upkeep\n|turn|4\n|\n|t:|1782438446\n|move|p1a: Blaziken|Stone Edge|p2a: Torkoal\n|-supereffective|p2a: Torkoal\n|-damage|p2a: Torkoal|31/100\n|-damage|p1a: Blaziken|91/100|[from] item: Life Orb\n|move|p2a: Torkoal|Earthquake|p1a: Blaziken\n|-supereffective|p1a: Blaziken\n|-damage|p1a: Blaziken|26/100\n|\n|-weather|SunnyDay|[upkeep]\n|-ability|p1a: Blaziken|Speed Boost|boost\n|-boost|p1a: Blaziken|spe|1\n|upkeep\n|turn|5\n|\n|t:|1782438455\n|switch|p2a: Raging Bolt|Raging Bolt|100/100\n|-activate|p2a: Raging Bolt|ability: Protosynthesis\n|-start|p2a: Raging Bolt|protosynthesisspa\n|move|p1a: Blaziken|Close Combat|p2a: Raging Bolt\n|-damage|p2a: Raging Bolt|17/100\n|-unboost|p1a: Blaziken|def|1\n|-unboost|p1a: Blaziken|spd|1\n|-damage|p1a: Blaziken|16/100|[from] item: Life Orb\n|\n|-weather|SunnyDay|[upkeep]\n|-ability|p1a: Blaziken|Speed Boost|boost\n|-boost|p1a: Blaziken|spe|1\n|upkeep\n|turn|6\n|\n|t:|1782438462\n|move|p1a: Blaziken|Protect|p1a: Blaziken\n|-singleturn|p1a: Blaziken|Protect\n|move|p2a: Raging Bolt|Thunderclap||[still]\n|-fail|p2a: Raging Bolt\n|\n|-weather|SunnyDay|[upkeep]\n|-ability|p1a: Blaziken|Speed Boost|boost\n|-boost|p1a: Blaziken|spe|1\n|upkeep\n|turn|7\n|\n|t:|1782438466\n|move|p1a: Blaziken|Protect|p1a: Blaziken\n|-singleturn|p1a: Blaziken|Protect\n|move|p2a: Raging Bolt|Thunderclap||[still]\n|-fail|p2a: Raging Bolt\n|\n|-weather|SunnyDay|[upkeep]\n|-ability|p1a: Blaziken|Speed Boost|boost\n|-boost|p1a: Blaziken|spe|1\n|upkeep\n|turn|8\n|\n|t:|1782438468\n|move|p1a: Blaziken|Protect||[still]\n|-fail|p1a: Blaziken\n|move|p2a: Raging Bolt|Thunderclap||[still]\n|-fail|p2a: Raging Bolt\n|\n|-weather|SunnyDay|[upkeep]\n|-ability|p1a: Blaziken|Speed Boost|boost\n|-boost|p1a: Blaziken|spe|1\n|upkeep\n|turn|9\n|\n|t:|1782438477\n|move|p1a: Blaziken|Protect|p1a: Blaziken\n|-singleturn|p1a: Blaziken|Protect\n|move|p2a: Raging Bolt|Thunderclap||[still]\n|-fail|p2a: Raging Bolt\n|\n|-weather|SunnyDay|[upkeep]\n|-ability|p1a: Blaziken|Speed Boost|boost\n|-boost|p1a: Blaziken|spe|1\n|upkeep\n|turn|10\n|\n|t:|1782438487\n|-end|p2a: Raging Bolt|Protosynthesis|[silent]\n|switch|p2a: Slither Wing|Slither Wing|100/100\n|-activate|p2a: Slither Wing|ability: Protosynthesis\n|-start|p2a: Slither Wing|protosynthesisatk\n|move|p1a: Blaziken|Protect||[still]\n|-fail|p1a: Blaziken\n|\n|-weather|none\n|-end|p2a: Slither Wing|Protosynthesis\n|upkeep\n|turn|11\n|\n|t:|1782438497\n|move|p1a: Blaziken|Protect|p1a: Blaziken\n|-singleturn|p1a: Blaziken|Protect\n|move|p2a: Slither Wing|First Impression|p1a: Blaziken\n|-activate|p1a: Blaziken|move: Protect\n|\n|upkeep\n|turn|12\n|\n|t:|1782438502\n|-end|p2a: Slither Wing|Protosynthesis|[silent]\n|switch|p2a: Torkoal|Torkoal, F|31/100\n|-weather|SunnyDay|[from] ability: Drought|[of] p2a: Torkoal\n|move|p1a: Blaziken|Overheat|p2a: Torkoal\n|-resisted|p2a: Torkoal\n|-damage|p2a: Torkoal|0 fnt\n|-unboost|p1a: Blaziken|spa|2\n|faint|p2a: Torkoal\n|-damage|p1a: Blaziken|6/100|[from] item: Life Orb\n|\n|-weather|SunnyDay|[upkeep]\n|upkeep\n|\n|t:|1782438513\n|switch|p2a: Walking Wake|Walking Wake|100/100\n|-activate|p2a: Walking Wake|ability: Protosynthesis\n|-start|p2a: Walking Wake|protosynthesisspe\n|turn|13\n|\n|t:|1782438517\n|-end|p2a: Walking Wake|Protosynthesis|[silent]\n|switch|p2a: Hatterene|Hatterene, F|100/100\n|move|p1a: Blaziken|Close Combat|p2a: Hatterene\n|-resisted|p2a: Hatterene\n|-damage|p2a: Hatterene|84/100\n|-unboost|p1a: Blaziken|def|1\n|-unboost|p1a: Blaziken|spd|1\n|-enditem|p2a: Hatterene|Eject Button\n|-damage|p1a: Blaziken|0 fnt|[from] item: Life Orb\n|faint|p1a: Blaziken\n|\n|t:|1782438524\n|switch|p2a: Walking Wake|Walking Wake|100/100\n|-activate|p2a: Walking Wake|ability: Protosynthesis\n|-start|p2a: Walking Wake|protosynthesisspe\n|\n|-weather|SunnyDay|[upkeep]\n|upkeep\n|\n|t:|1782438527\n|switch|p1a: Regieleki|Regieleki|100/100\n|turn|14\n|\n|t:|1782438538\n|move|p1a: Regieleki|Volt Switch|p2a: Walking Wake\n|-damage|p2a: Walking Wake|44/100\n|\n|t:|1782438558\n|switch|p1a: Corviknight|Corviknight, M|64/100|[from] Volt Switch\n|-ability|p1a: Corviknight|Pressure\n|move|p2a: Walking Wake|Hydro Steam|p1a: Corviknight\n|-damage|p1a: Corviknight|15/100\n|\n|-weather|SunnyDay|[upkeep]\n|-heal|p1a: Corviknight|21/100|[from] item: Leftovers\n|upkeep\n|turn|15\n|\n|t:|1782438561\n|move|p2a: Walking Wake|Hydro Steam|p1a: Corviknight\n|-damage|p1a: Corviknight|0 fnt\n|faint|p1a: Corviknight\n|\n|-weather|SunnyDay|[upkeep]\n|upkeep\n|\n|t:|1782438564\n|switch|p1a: Regieleki|Regieleki|100/100\n|turn|16\n|\n|t:|1782438569\n|move|p1a: Regieleki|Volt Switch|p2a: Walking Wake\n|-damage|p2a: Walking Wake|0 fnt\n|faint|p2a: Walking Wake\n|-end|p2a: Walking Wake|Protosynthesis|[silent]\n|\n|t:|1782438580\n|switch|p1a: Dragonite|Dragonite, F|100/100|[from] Volt Switch\n|\n|-weather|SunnyDay|[upkeep]\n|upkeep\n|\n|t:|1782438585\n|switch|p2a: Slither Wing|Slither Wing|100/100\n|-activate|p2a: Slither Wing|ability: Protosynthesis\n|-start|p2a: Slither Wing|protosynthesisatk\n|turn|17\n|\n|t:|1782438592\n|move|p1a: Dragonite|Fire Punch|p2a: Slither Wing\n|-supereffective|p2a: Slither Wing\n|-damage|p2a: Slither Wing|24/100\n|-damage|p1a: Dragonite|84/100|[from] item: Rocky Helmet|[of] p2a: Slither Wing\n|move|p2a: Slither Wing|Will-O-Wisp|p1a: Dragonite\n|-status|p1a: Dragonite|brn\n|\n|-weather|SunnyDay|[upkeep]\n|-damage|p1a: Dragonite|78/100 brn|[from] brn\n|upkeep\n|turn|18\n|\n|t:|1782438600\n|-end|p2a: Slither Wing|Protosynthesis|[silent]\n|switch|p2a: Hatterene|Hatterene, F|84/100\n|move|p1a: Dragonite|Fire Punch|p2a: Hatterene\n|-damage|p2a: Hatterene|67/100\n|\n|-weather|SunnyDay|[upkeep]\n|-damage|p1a: Dragonite|72/100 brn|[from] brn\n|upkeep\n|turn|19\n|\n|t:|1782438609\n|move|p1a: Dragonite|Dragon Dance|p1a: Dragonite\n|-boost|p1a: Dragonite|atk|1\n|-boost|p1a: Dragonite|spe|1\n|move|p2a: Hatterene|Draining Kiss|p1a: Dragonite\n|-supereffective|p1a: Dragonite\n|-damage|p1a: Dragonite|22/100 brn\n|-heal|p2a: Hatterene|100/100|[from] drain|[of] p1a: Dragonite\n|\n|-weather|none\n|-damage|p1a: Dragonite|15/100 brn|[from] brn\n|upkeep\n|turn|20\n|\n|t:|1782438615\n|move|p1a: Dragonite|Fire Punch|p2a: Hatterene\n|-damage|p2a: Hatterene|82/100\n|move|p2a: Hatterene|Draining Kiss|p1a: Dragonite\n|-supereffective|p1a: Dragonite\n|-damage|p1a: Dragonite|0 fnt\n|-heal|p2a: Hatterene|93/100|[from] drain|[of] p1a: Dragonite\n|faint|p1a: Dragonite\n|\n|upkeep\n|\n|t:|1782438617\n|switch|p1a: Necrozma|Necrozma|100/100\n|turn|21\n|\n|t:|1782438625\n|switch|p2a: Slither Wing|Slither Wing|24/100\n|move|p1a: Necrozma|Meteor Beam||[still]\n|-prepare|p1a: Necrozma|Meteor Beam\n|-boost|p1a: Necrozma|spa|1\n|-enditem|p1a: Necrozma|Power Herb\n|-anim|p1a: Necrozma|Meteor Beam|p2a: Slither Wing\n|-damage|p2a: Slither Wing|0 fnt\n|faint|p2a: Slither Wing\n|-end|p2a: Slither Wing|Protosynthesis|[silent]\n|\n|upkeep\n|\n|t:|1782438639\n|switch|p2a: Raging Bolt|Raging Bolt|17/100\n|turn|22\n|\n|t:|1782438645\n|switch|p1a: Regieleki|Regieleki|100/100\n|move|p2a: Raging Bolt|Draco Meteor|p1a: Regieleki\n|-damage|p1a: Regieleki|0 fnt\n|-unboost|p2a: Raging Bolt|spa|2\n|faint|p1a: Regieleki\n|\n|upkeep\n|\n|t:|1782438646\n|switch|p1a: Garchomp|Garchomp, M|100/100\n|turn|23\n|\n|t:|1782438650\n|-end|p2a: Raging Bolt|Protosynthesis|[silent]\n|switch|p2a: Hatterene|Hatterene, F|93/100\n|move|p1a: Garchomp|Earthquake|p2a: Hatterene\n|-damage|p2a: Hatterene|35/100\n|-damage|p1a: Garchomp|91/100|[from] item: Life Orb\n|\n|upkeep\n|turn|24\n|\n|t:|1782438659\n|move|p1a: Garchomp|Swords Dance|p1a: Garchomp\n|-boost|p1a: Garchomp|atk|2\n|move|p2a: Hatterene|Draining Kiss|p1a: Garchomp\n|-supereffective|p1a: Garchomp\n|-damage|p1a: Garchomp|42/100\n|-heal|p2a: Hatterene|76/100|[from] drain|[of] p1a: Garchomp\n|-damage|p2a: Hatterene|64/100|[from] ability: Rough Skin|[of] p1a: Garchomp\n|\n|upkeep\n|turn|25\n|\n|t:|1782438672\n|move|p1a: Garchomp|Earthquake|p2a: Hatterene\n|-damage|p2a: Hatterene|0 fnt\n|faint|p2a: Hatterene\n|-damage|p1a: Garchomp|32/100|[from] item: Life Orb\n|\n|upkeep\n|\n|t:|1782438675\n|switch|p2a: Great Tusk|Great Tusk|100/100\n|turn|26\n|\n|t:|1782438682\n|-terastallize|p1a: Garchomp|Water\n|move|p1a: Garchomp|Liquidation|p2a: Great Tusk\n|-supereffective|p2a: Great Tusk\n|-damage|p2a: Great Tusk|0 fnt\n|faint|p2a: Great Tusk\n|-end|p2a: Great Tusk|Protosynthesis|[silent]\n|-damage|p1a: Garchomp|22/100|[from] item: Life Orb\n|\n|upkeep\n|\n|t:|1782438686\n|switch|p2a: Raging Bolt|Raging Bolt|17/100\n|turn|27\n|\n|t:|1782438688\n|switch|p1a: Necrozma|Necrozma|100/100\n|move|p2a: Raging Bolt|Thunderclap||[still]\n|-fail|p2a: Raging Bolt\n|\n|upkeep\n|turn|28\n|\n|t:|1782438708\n|move|p2a: Raging Bolt|Thunderclap|p1a: Necrozma\n|-damage|p1a: Necrozma|45/100\n|move|p1a: Necrozma|Earth Power|p2a: Raging Bolt\n|-supereffective|p2a: Raging Bolt\n|-damage|p2a: Raging Bolt|0 fnt\n|faint|p2a: Raging Bolt\n|-end|p2a: Raging Bolt|Protosynthesis|[silent]\n|\n|win|mathismathin\n|raw|mathismathin's rating: 1635 &rarr; <strong>1649</strong><br />(+14 for winning)\n|raw|Cautious's rating: 1532 &rarr; <strong>1518</strong><br />(-14 for losing)\n|l|☆mathismathin\n|player|p1|\n|l|☆Cautious\n|player|p2|\n", "uploadtime": 1782438710, "views": 15, "formatid": "gen9ou", "rating": 1518, "private": 0, "password": null}