{"id": "gen9ou-2647813555", "format": "[Gen 9] OU", "players": ["Gumbo bumbly", "supahotkittyz"], "log": "|j|☆Gumbo bumbly\n|j|☆supahotkittyz\n|t:|1783817140\n|gametype|singles\n|player|p1|Gumbo bumbly|gambler|1077\n|player|p2|supahotkittyz|102|1070\n|gen|9\n|tier|[Gen 9] OU\n|rated|\n|rule|HP Percentage Mod: HP is shown in percentages\n|rule|Endless Battle Clause: Forcing endless battles is banned\n|rule|Species Clause: Limit one of each Pokémon\n|rule|OHKO Clause: OHKO moves are banned\n|rule|Evasion Items Clause: Evasion items are banned\n|rule|Evasion Moves Clause: Evasion moves are banned\n|rule|Evasion Abilities Clause: Evasion abilities are banned\n|rule|Sleep Moves Clause: Sleep-inducing moves are banned\n|clearpoke\n|poke|p1|Dragapult, F|\n|poke|p1|Gliscor, M|\n|poke|p1|Ogerpon-Wellspring, F|\n|poke|p1|Iron Crown|\n|poke|p1|Great Tusk|\n|poke|p1|Kingambit, M|\n|poke|p2|Maushold|\n|poke|p2|Gliscor, F|\n|poke|p2|Meowscarada, F|\n|poke|p2|Kingambit, M|\n|poke|p2|Primarina, F|\n|poke|p2|Heatran, F|\n|teampreview\n|inactive|Battle timer is ON: inactive players will automatically lose when time's up. (requested by Gumbo bumbly)\n|\n|t:|1783817196\n|teamsize|p1|6\n|teamsize|p2|6\n|start\n|switch|p1a: Great Tusk|Great Tusk|100/100\n|switch|p2a: Dog 2|Meowscarada, F, shiny|100/100\n|turn|1\n|\n|t:|1783817218\n|-end|p1a: Great Tusk|Protosynthesis|[silent]\n|switch|p1a: Dragapult|Dragapult, F|100/100\n|move|p2a: Dog 2|Flower Trick|p1a: Dragapult\n|-start|p2a: Dog 2|typechange|Grass|[from] ability: Protean\n|-resisted|p1a: Dragapult\n|-crit|p1a: Dragapult\n|-damage|p1a: Dragapult|62/100\n|\n|upkeep\n|turn|2\n|\n|t:|1783817231\n|switch|p2a: Born Fronto|Gliscor, F, shiny|100/100\n|move|p1a: Dragapult|U-turn|p2a: Born Fronto\n|-resisted|p2a: Born Fronto\n|-damage|p2a: Born Fronto|94/100\n|\n|t:|1783817234\n|switch|p1a: Great Tusk|Great Tusk|100/100|[from] U-turn\n|\n|-status|p2a: Born Fronto|tox|[from] item: Toxic Orb\n|upkeep\n|turn|3\n|inactive|supahotkittyz has 120 seconds left.\n|inactive|supahotkittyz has 90 seconds left.\n|\n|t:|1783817312\n|move|p2a: Born Fronto|Protect|p2a: Born Fronto\n|-singleturn|p2a: Born Fronto|Protect\n|move|p1a: Great Tusk|Stealth Rock|p2a: Born Fronto\n|-sidestart|p2: supahotkittyz|move: Stealth Rock\n|\n|-heal|p2a: Born Fronto|100/100 tox|[from] ability: Poison Heal\n|upkeep\n|turn|4\n|\n|t:|1783817318\n|switch|p2a: One Pound Fish|Primarina, F, shiny|100/100\n|-damage|p2a: One Pound Fish|88/100|[from] Stealth Rock\n|move|p1a: Great Tusk|Ice Spinner|p2a: One Pound Fish\n|-resisted|p2a: One Pound Fish\n|-damage|p2a: One Pound Fish|70/100\n|\n|upkeep\n|turn|5\n|\n|t:|1783817326\n|-end|p1a: Great Tusk|Protosynthesis|[silent]\n|switch|p1a: Ogerpon|Ogerpon-Wellspring, F|100/100\n|move|p2a: One Pound Fish|Psychic Noise|p1a: Ogerpon\n|-immune|p1a: Ogerpon|[from] ability: Water Absorb\n|\n|upkeep\n|turn|6\n|inactive|supahotkittyz has 90 seconds left.\n|\n|t:|1783817350\n|switch|p2a: Dog 2|Meowscarada, F, shiny|100/100\n|-damage|p2a: Dog 2|88/100|[from] Stealth Rock\n|move|p1a: Ogerpon|U-turn|p2a: Dog 2\n|-supereffective|p2a: Dog 2\n|-damage|p2a: Dog 2|0 fnt\n|faint|p2a: Dog 2\n|\n|t:|1783817356\n|switch|p1a: Gliscor|Gliscor, M|100/100|[from] U-turn\n|\n|-status|p1a: Gliscor|tox|[from] item: Toxic Orb\n|upkeep\n|inactive|supahotkittyz has 90 seconds left.\n|\n|t:|1783817362\n|switch|p2a: Drunk Driver Kills|Maushold, shiny|100/100\n|-damage|p2a: Drunk Driver Kills|88/100|[from] Stealth Rock\n|turn|7\n|\n|t:|1783817369\n|switch|p1a: Great Tusk|Great Tusk|100/100\n|move|p2a: Drunk Driver Kills|Population Bomb|p1a: Great Tusk\n|-damage|p1a: Great Tusk|92/100\n|-damage|p2a: Drunk Driver Kills|71/100|[from] item: Rocky Helmet|[of] p1a: Great Tusk\n|-damage|p1a: Great Tusk|84/100\n|-damage|p2a: Drunk Driver Kills|55/100|[from] item: Rocky Helmet|[of] p1a: Great Tusk\n|-damage|p1a: Great Tusk|76/100\n|-damage|p2a: Drunk Driver Kills|38/100|[from] item: Rocky Helmet|[of] p1a: Great Tusk\n|-damage|p1a: Great Tusk|68/100\n|-damage|p2a: Drunk Driver Kills|22/100|[from] item: Rocky Helmet|[of] p1a: Great Tusk\n|-damage|p1a: Great Tusk|59/100\n|-damage|p2a: Drunk Driver Kills|5/100|[from] item: Rocky Helmet|[of] p1a: Great Tusk\n|-damage|p1a: Great Tusk|52/100\n|-damage|p2a: Drunk Driver Kills|0 fnt|[from] item: Rocky Helmet|[of] p1a: Great Tusk\n|faint|p2a: Drunk Driver Kills\n|-hitcount|p1a: Great Tusk|6\n|\n|upkeep\n|-message|supahotkittyz forfeited.\n|\n|win|Gumbo bumbly\n|raw|Gumbo bumbly's rating: 1077 &rarr; <strong>1105</strong><br />(+28 for winning)\n|raw|supahotkittyz's rating: 1070 &rarr; <strong>1050</strong><br />(-20 for losing)\n|l|☆supahotkittyz\n|player|p2|\n", "uploadtime": 1783817414, "views": 8, "formatid": "gen9ou", "rating": 1050, "private": 0, "password": null}