{"id": "gen9ou-2639981357", "format": "[Gen 9] OU", "players": ["Kochu_shak", "Danger #68"], "log": "|badge|p2|bronze|gen9ou|100-9\n|html|<div class=\"broadcast-red\"><strong>This battle is required to be public due to one or more player having a season medal.</strong><br />During the public phase, you can discuss the state of the ladder <a href=\"/seasondiscussion\">in a special chatroom.</a></div>\n|uhtml|medal-msg|<div class=\"broadcast-blue\">Curious what those medals under the avatar are? PS now has Ladder Seasons! For more information, check out the <a href=\"https://www.smogon.com/forums/threads/3740067/\">thread on Smogon.</a></div>\n|raw|<div class=\"broadcast-blue\"><strong>This battle is required to be public due to a player having a name starting with 'medal'.</div>\n|j|☆Kochu_shak\n|j|☆Danger #68\n|t:|1782557540\n|gametype|singles\n|player|p1|Kochu_shak|2|1686\n|player|p2|Danger #68|rosa|1831\n|gen|9\n|tier|[Gen 9] OU\n|rated|\n|rule|HP Percentage Mod: HP is shown in percentages\n|rule|Endless Battle Clause: Forcing endless battles is banned\n|rule|Species Clause: Limit one of each Pokémon\n|rule|OHKO Clause: OHKO moves are banned\n|rule|Evasion Items Clause: Evasion items are banned\n|rule|Evasion Moves Clause: Evasion moves are banned\n|rule|Evasion Abilities Clause: Evasion abilities are banned\n|rule|Sleep Moves Clause: Sleep-inducing moves are banned\n|clearpoke\n|poke|p1|Araquanid, F|\n|poke|p1|Gholdengo|\n|poke|p1|Iron Moth|\n|poke|p1|Iron Valiant|\n|poke|p1|Raging Bolt|\n|poke|p1|Kingambit, F|\n|poke|p2|Ogerpon, F|\n|poke|p2|Dragonite, F|\n|poke|p2|Gholdengo|\n|poke|p2|Ting-Lu|\n|poke|p2|Gliscor, F|\n|poke|p2|Zamazenta-*|\n|teampreview\n|inactive|Battle timer is ON: inactive players will automatically lose when time's up. (requested by Danger #68)\n|\n|t:|1782557571\n|teamsize|p1|6\n|teamsize|p2|6\n|start\n|switch|p1a: QUIL|Araquanid, F|100/100\n|switch|p2a: Ting-Lu|Ting-Lu|100/100\n|-ability|p2a: Ting-Lu|Vessel of Ruin\n|turn|1\n|\n|t:|1782557578\n|move|p2a: Ting-Lu|Stealth Rock|p1a: QUIL\n|-sidestart|p1: Kochu_shak|move: Stealth Rock\n|move|p1a: QUIL|Sticky Web|p2a: Ting-Lu\n|-sidestart|p2: Danger #68|move: Sticky Web\n|\n|upkeep\n|turn|2\n|\n|t:|1782557584\n|switch|p2a: Dragonite|Dragonite, F|100/100\n|move|p1a: QUIL|Surf|p2a: Dragonite\n|-resisted|p2a: Dragonite\n|-damage|p2a: Dragonite|93/100\n|\n|upkeep\n|turn|3\n|\n|t:|1782557586\n|move|p1a: QUIL|Lunge|p2a: Dragonite\n|-resisted|p2a: Dragonite\n|-damage|p2a: Dragonite|83/100\n|-unboost|p2a: Dragonite|atk|1\n|move|p2a: Dragonite|Dragon Tail|p1a: QUIL\n|-damage|p1a: QUIL|79/100\n|drag|p1a: TREE?|Gholdengo|100/100\n|-damage|p1a: TREE?|94/100|[from] Stealth Rock\n|-item|p1a: TREE?|Air Balloon\n|\n|upkeep\n|turn|4\n|\n|t:|1782557590\n|move|p1a: TREE?|Nasty Plot|p1a: TREE?\n|-boost|p1a: TREE?|spa|2\n|move|p2a: Dragonite|Dragon Tail|p1a: TREE?\n|-resisted|p1a: TREE?\n|-damage|p1a: TREE?|82/100\n|-enditem|p1a: TREE?|Air Balloon\n|drag|p1a: QUZZ|Iron Valiant|100/100\n|-damage|p1a: QUZZ|94/100|[from] Stealth Rock\n|-enditem|p1a: QUZZ|Booster Energy\n|-activate|p1a: QUZZ|ability: Quark Drive|[fromitem]\n|-start|p1a: QUZZ|quarkdrivespa\n|\n|upkeep\n|turn|5\n|\n|t:|1782557601\n|move|p2a: Dragonite|Extreme Speed|p1a: QUZZ\n|-damage|p1a: QUZZ|68/100\n|move|p1a: QUZZ|Calm Mind|p1a: QUZZ\n|-boost|p1a: QUZZ|spa|1\n|-boost|p1a: QUZZ|spd|1\n|\n|upkeep\n|turn|6\n|\n|t:|1782557607\n|move|p2a: Dragonite|Extreme Speed|p1a: QUZZ\n|-damage|p1a: QUZZ|42/100\n|move|p1a: QUZZ|Moonblast|p2a: Dragonite\n|-supereffective|p2a: Dragonite\n|-damage|p2a: Dragonite|0 fnt\n|faint|p2a: Dragonite\n|\n|upkeep\n|j| dante1310\n|\n|t:|1782557611\n|switch|p2a: Ogerpon|Ogerpon, F|100/100\n|turn|7\n|\n|t:|1782557616\n|-terastallize|p2a: Ogerpon|Grass\n|detailschange|p2a: Ogerpon|Ogerpon-Teal-Tera, F, tera:Grass\n|-ability|p2a: Ogerpon|Embody Aspect (Teal)|boost\n|-boost|p2a: Ogerpon|spe|1\n|move|p1a: QUZZ|Vacuum Wave|p2a: Ogerpon\n|-damage|p2a: Ogerpon|53/100\n|move|p2a: Ogerpon|Ivy Cudgel|p1a: QUZZ\n|-damage|p1a: QUZZ|0 fnt\n|faint|p1a: QUZZ\n|-end|p1a: QUZZ|Quark Drive|[silent]\n|\n|upkeep\n|\n|t:|1782557626\n|switch|p1a: SUPA|Kingambit, F|100/100\n|-damage|p1a: SUPA|94/100|[from] Stealth Rock\n|-activate|p1a: SUPA|ability: Supreme Overlord\n|-start|p1a: SUPA|fallen1|[silent]\n|-item|p1a: SUPA|Air Balloon\n|turn|8\n|\n|t:|1782557632\n|switch|p2a: Gliscor|Gliscor, F|100/100\n|move|p1a: SUPA|Sucker Punch||[still]\n|-fail|p1a: SUPA\n|\n|-status|p2a: Gliscor|tox|[from] item: Toxic Orb\n|upkeep\n|turn|9\n|\n|t:|1782557636\n|move|p2a: Gliscor|Spikes|p1a: SUPA\n|-sidestart|p1: Kochu_shak|Spikes\n|move|p1a: SUPA|Swords Dance|p1a: SUPA\n|-boost|p1a: SUPA|atk|2\n|\n|upkeep\n|turn|10\n|\n|t:|1782557640\n|switch|p2a: Zamazenta|Zamazenta|100/100\n|-ability|p2a: Zamazenta|Dauntless Shield|boost\n|-boost|p2a: Zamazenta|def|1\n|move|p1a: SUPA|Kowtow Cleave|p2a: Zamazenta\n|-resisted|p2a: Zamazenta\n|-damage|p2a: Zamazenta|69/100\n|\n|upkeep\n|turn|11\n|\n|t:|1782557647\n|-terastallize|p1a: SUPA|Fire\n|move|p2a: Zamazenta|Close Combat|p1a: SUPA\n|-damage|p1a: SUPA|43/100\n|-unboost|p2a: Zamazenta|def|1\n|-unboost|p2a: Zamazenta|spd|1\n|-enditem|p1a: SUPA|Air Balloon\n|move|p1a: SUPA|Iron Head|p2a: Zamazenta\n|-damage|p2a: Zamazenta|0 fnt\n|faint|p2a: Zamazenta\n|\n|upkeep\n|\n|t:|1782557652\n|switch|p2a: Gliscor|Gliscor, F|100/100 tox\n|turn|12\n|\n|t:|1782557657\n|move|p1a: SUPA|Sucker Punch|p2a: Gliscor\n|-damage|p2a: Gliscor|38/100 tox\n|move|p2a: Gliscor|Earthquake|p1a: SUPA\n|-supereffective|p1a: SUPA\n|-damage|p1a: SUPA|0 fnt\n|faint|p1a: SUPA\n|-end|p1a: SUPA|fallen1|[silent]\n|\n|-heal|p2a: Gliscor|51/100 tox|[from] ability: Poison Heal\n|upkeep\n|\n|t:|1782557670\n|switch|p1a: QUIL|Araquanid, F|79/100\n|-damage|p1a: QUIL|54/100|[from] Stealth Rock\n|-damage|p1a: QUIL|42/100|[from] Spikes\n|turn|13\n|\n|t:|1782557689\n|move|p2a: Gliscor|Protect|p2a: Gliscor\n|-singleturn|p2a: Gliscor|Protect\n|move|p1a: QUIL|Surf|p2a: Gliscor\n|-activate|p2a: Gliscor|move: Protect\n|\n|-heal|p2a: Gliscor|63/100 tox|[from] ability: Poison Heal\n|upkeep\n|turn|14\n|j| Garden of Dreams\n|\n|t:|1782557697\n|switch|p2a: Gholdengo|Gholdengo|100/100\n|-activate|p2a: Gholdengo|move: Sticky Web\n|-unboost|p2a: Gholdengo|spe|1\n|move|p1a: QUIL|Lunge|p2a: Gholdengo\n|-resisted|p2a: Gholdengo\n|-damage|p2a: Gholdengo|95/100\n|-unboost|p2a: Gholdengo|atk|1\n|\n|upkeep\n|turn|15\n|\n|t:|1782557701\n|move|p2a: Gholdengo|Shadow Ball|p1a: QUIL\n|-damage|p1a: QUIL|15/100\n|move|p1a: QUIL|Surf|p2a: Gholdengo\n|-damage|p2a: Gholdengo|55/100\n|\n|upkeep\n|turn|16\n|-enditem|p1a: QUIL|Custap Berry|[eat]\n|-activate|p1a: QUIL|item: Custap Berry|[consumed]\n|\n|t:|1782557706\n|move|p1a: QUIL|Surf|p2a: Gholdengo\n|-damage|p2a: Gholdengo|10/100\n|move|p2a: Gholdengo|Shadow Ball|p1a: QUIL\n|-crit|p1a: QUIL\n|-damage|p1a: QUIL|0 fnt\n|faint|p1a: QUIL\n|\n|upkeep\n|\n|t:|1782557709\n|switch|p1a: DELI|Raging Bolt|100/100\n|-damage|p1a: DELI|88/100|[from] Stealth Rock\n|-damage|p1a: DELI|76/100|[from] Spikes\n|-enditem|p1a: DELI|Booster Energy\n|-activate|p1a: DELI|ability: Protosynthesis|[fromitem]\n|-start|p1a: DELI|protosynthesisspa\n|turn|17\n|\n|t:|1782557712\n|move|p2a: Gholdengo|Shadow Ball|p1a: DELI\n|-damage|p1a: DELI|38/100\n|-unboost|p1a: DELI|spd|1\n|move|p1a: DELI|Calm Mind|p1a: DELI\n|-boost|p1a: DELI|spa|1\n|-boost|p1a: DELI|spd|1\n|\n|upkeep\n|turn|18\n|\n|t:|1782557719\n|move|p1a: DELI|Thunderclap|p2a: Gholdengo\n|-damage|p2a: Gholdengo|0 fnt\n|faint|p2a: Gholdengo\n|\n|upkeep\n|\n|t:|1782557722\n|switch|p2a: Ting-Lu|Ting-Lu|100/100\n|-activate|p2a: Ting-Lu|move: Sticky Web\n|-unboost|p2a: Ting-Lu|spe|1\n|-ability|p2a: Ting-Lu|Vessel of Ruin\n|turn|19\n|\n|t:|1782557727\n|move|p1a: DELI|Dragon Pulse|p2a: Ting-Lu\n|-damage|p2a: Ting-Lu|56/100\n|move|p2a: Ting-Lu|Earthquake|p1a: DELI\n|-supereffective|p1a: DELI\n|-damage|p1a: DELI|0 fnt\n|faint|p1a: DELI\n|-end|p1a: DELI|Protosynthesis|[silent]\n|\n|-heal|p2a: Ting-Lu|62/100|[from] item: Leftovers\n|upkeep\n|\n|t:|1782557737\n|switch|p1a: TREE?|Gholdengo|82/100\n|-damage|p1a: TREE?|76/100|[from] Stealth Rock\n|-damage|p1a: TREE?|64/100|[from] Spikes\n|turn|20\n|\n|t:|1782557748\n|move|p1a: TREE?|Make It Rain|p2a: Ting-Lu\n|-damage|p2a: Ting-Lu|37/100\n|-unboost|p1a: TREE?|spa|1\n|move|p2a: Ting-Lu|Earthquake|p1a: TREE?\n|-supereffective|p1a: TREE?\n|-damage|p1a: TREE?|0 fnt\n|faint|p1a: TREE?\n|\n|-heal|p2a: Ting-Lu|43/100|[from] item: Leftovers\n|upkeep\n|inactive|Kochu_shak has 120 seconds left.\n|inactive|Kochu_shak has 90 seconds left.\n|\n|t:|1782557818\n|switch|p1a: CALA|Iron Moth|100/100\n|-damage|p1a: CALA|76/100|[from] Stealth Rock\n|-damage|p1a: CALA|63/100|[from] Spikes\n|-enditem|p1a: CALA|Booster Energy\n|-activate|p1a: CALA|ability: Quark Drive|[fromitem]\n|-start|p1a: CALA|quarkdrivespa\n|turn|21\n|inactive|Danger #68 has 120 seconds left.\n|\n|t:|1782557869\n|move|p1a: CALA|Energy Ball|p2a: Ting-Lu\n|-supereffective|p2a: Ting-Lu\n|-damage|p2a: Ting-Lu|8/100\n|move|p2a: Ting-Lu|Earthquake|p1a: CALA\n|-supereffective|p1a: CALA\n|-damage|p1a: CALA|0 fnt\n|faint|p1a: CALA\n|-end|p1a: CALA|Quark Drive|[silent]\n|\n|win|Danger #68\n|raw|Kochu_shak's rating: 1686 &rarr; <strong>1672</strong><br />(-14 for losing)\n|raw|Danger #68's rating: 1801 &rarr; <strong>1815</strong><br />(+14 for winning)\n|l|☆Danger #68\n|player|p2|\n|l| dante1310\n|l| Garden of Dreams\n", "uploadtime": 1782558080, "views": 5, "formatid": "gen9ou", "rating": 1672, "private": 0, "password": null}