{"id": "gen9ou-2647718866", "format": "[Gen 9] OU", "players": ["DekuFoulerLab", "Josefe007"], "log": "|j|☆DekuFoulerLab\n|j|☆Josefe007\n|t:|1783801194\n|gametype|singles\n|player|p1|DekuFoulerLab|169|1314\n|player|p2|Josefe007|pokemonranger-gen4|1256\n|gen|9\n|tier|[Gen 9] OU\n|rated|\n|rule|HP Percentage Mod: HP is shown in percentages\n|rule|Endless Battle Clause: Forcing endless battles is banned\n|rule|Species Clause: Limit one of each Pokémon\n|rule|OHKO Clause: OHKO moves are banned\n|rule|Evasion Items Clause: Evasion items are banned\n|rule|Evasion Moves Clause: Evasion moves are banned\n|rule|Evasion Abilities Clause: Evasion abilities are banned\n|rule|Sleep Moves Clause: Sleep-inducing moves are banned\n|clearpoke\n|poke|p1|Corviknight, M|\n|poke|p1|Ting-Lu|\n|poke|p1|Kyurem|\n|poke|p1|Dondozo, F|\n|poke|p1|Slowking-Galar, F|\n|poke|p1|Cinderace, F|\n|poke|p2|Mew|\n|poke|p2|Dragonite, F|\n|poke|p2|Alomomola, M|\n|poke|p2|Glimmora, M|\n|poke|p2|Snorlax, F|\n|poke|p2|Kingdra, M|\n|teampreview\n|inactive|Battle timer is ON: inactive players will automatically lose when time's up. (requested by DekuFoulerLab)\n|\n|t:|1783801231\n|teamsize|p1|6\n|teamsize|p2|6\n|start\n|switch|p1a: Corviknight|Corviknight, M|100/100\n|switch|p2a: Kingdra|Kingdra, M|100/100\n|-ability|p1a: Corviknight|Pressure\n|turn|1\n|\n|t:|1783801234\n|switch|p1a: Kyurem|Kyurem|100/100\n|-ability|p1a: Kyurem|Pressure\n|move|p2a: Kingdra|Agility|p2a: Kingdra\n|-boost|p2a: Kingdra|spe|2\n|\n|upkeep\n|turn|2\n|\n|t:|1783801244\n|switch|p1a: Ting-Lu|Ting-Lu|100/100\n|-ability|p1a: Ting-Lu|Vessel of Ruin\n|-terastallize|p2a: Kingdra|Steel\n|move|p2a: Kingdra|Focus Energy|p2a: Kingdra\n|-start|p2a: Kingdra|move: Focus Energy\n|\n|upkeep\n|turn|3\n|\n|t:|1783801251\n|move|p2a: Kingdra|Surf|p1a: Ting-Lu\n|-supereffective|p1a: Ting-Lu\n|-crit|p1a: Ting-Lu\n|-damage|p1a: Ting-Lu|25/100\n|move|p1a: Ting-Lu|Payback|p2a: Kingdra\n|-damage|p2a: Kingdra|63/100\n|\n|-heal|p1a: Ting-Lu|31/100|[from] item: Leftovers\n|upkeep\n|turn|4\n|\n|t:|1783801261\n|switch|p1a: Dondozo|Dondozo, F|100/100\n|move|p2a: Kingdra|Surf|p1a: Dondozo\n|-resisted|p1a: Dondozo\n|-crit|p1a: Dondozo\n|-damage|p1a: Dondozo|73/100\n|\n|-heal|p1a: Dondozo|79/100|[from] item: Leftovers\n|upkeep\n|turn|5\n|\n|t:|1783801268\n|move|p2a: Kingdra|Draco Meteor|p1a: Dondozo\n|-crit|p1a: Dondozo\n|-damage|p1a: Dondozo|0 fnt\n|-unboost|p2a: Kingdra|spa|2\n|faint|p1a: Dondozo\n|\n|upkeep\n|\n|t:|1783801275\n|switch|p1a: Kyurem|Kyurem|100/100\n|-ability|p1a: Kyurem|Pressure\n|turn|6\n|\n|t:|1783801280\n|move|p2a: Kingdra|Draco Meteor|p1a: Kyurem\n|-supereffective|p1a: Kyurem\n|-crit|p1a: Kyurem\n|-damage|p1a: Kyurem|0 fnt\n|-unboost|p2a: Kingdra|spa|2\n|faint|p1a: Kyurem\n|\n|upkeep\n|\n|t:|1783801287\n|switch|p1a: Cinderace|Cinderace, F|100/100\n|turn|7\n|\n|t:|1783801293\n|move|p2a: Kingdra|Surf|p1a: Cinderace\n|-supereffective|p1a: Cinderace\n|-crit|p1a: Cinderace\n|-damage|p1a: Cinderace|0 fnt\n|faint|p1a: Cinderace\n|\n|upkeep\n|\n|t:|1783801301\n|switch|p1a: Ting-Lu|Ting-Lu|31/100\n|-ability|p1a: Ting-Lu|Vessel of Ruin\n|turn|8\n|\n|t:|1783801306\n|move|p2a: Kingdra|Surf|p1a: Ting-Lu\n|-supereffective|p1a: Ting-Lu\n|-crit|p1a: Ting-Lu\n|-damage|p1a: Ting-Lu|0 fnt\n|faint|p1a: Ting-Lu\n|\n|upkeep\n|\n|t:|1783801313\n|switch|p1a: Slowking|Slowking-Galar, F|100/100\n|turn|9\n|\n|t:|1783801319\n|move|p2a: Kingdra|Draco Meteor|p1a: Slowking\n|-crit|p1a: Slowking\n|-damage|p1a: Slowking|0 fnt\n|-unboost|p2a: Kingdra|spa|2\n|faint|p1a: Slowking\n|\n|upkeep\n|\n|t:|1783801326\n|switch|p1a: Corviknight|Corviknight, M|100/100\n|-ability|p1a: Corviknight|Pressure\n|turn|10\n|\n|t:|1783801332\n|move|p2a: Kingdra|Surf|p1a: Corviknight\n|-crit|p1a: Corviknight\n|-damage|p1a: Corviknight|6/100\n|move|p1a: Corviknight|Brave Bird|p2a: Kingdra\n|-resisted|p2a: Kingdra\n|-damage|p2a: Kingdra|45/100\n|-damage|p1a: Corviknight|0 fnt|[from] Recoil\n|faint|p1a: Corviknight\n|\n|win|Josefe007\n|raw|DekuFoulerLab's rating: 1314 &rarr; <strong>1291</strong><br />(-23 for losing)\n|raw|Josefe007's rating: 1256 &rarr; <strong>1285</strong><br />(+29 for winning)\n", "uploadtime": 1783801332, "views": 10, "formatid": "gen9ou", "rating": 1285, "private": 0, "password": null}