{"id": "gen9ou-2647753492", "format": "[Gen 9] OU", "players": ["ethanolli1", "JokerKing2398"], "log": "|j|☆ethanolli1\n|j|☆JokerKing2398\n|t:|1783806814\n|gametype|singles\n|player|p1|ethanolli1|266|1247\n|player|p2|JokerKing2398|norman|1282\n|gen|9\n|tier|[Gen 9] OU\n|rated|\n|rule|HP Percentage Mod: HP is shown in percentages\n|rule|Endless Battle Clause: Forcing endless battles is banned\n|rule|Species Clause: Limit one of each Pokémon\n|rule|OHKO Clause: OHKO moves are banned\n|rule|Evasion Items Clause: Evasion items are banned\n|rule|Evasion Moves Clause: Evasion moves are banned\n|rule|Evasion Abilities Clause: Evasion abilities are banned\n|rule|Sleep Moves Clause: Sleep-inducing moves are banned\n|clearpoke\n|poke|p1|Rotom-Wash|\n|poke|p1|Landorus-Therian, M|\n|poke|p1|Latias, F|\n|poke|p1|Zapdos-Galar|\n|poke|p1|Umbreon, F|\n|poke|p1|Forretress, M|\n|poke|p2|Weezing-Galar, M|\n|poke|p2|Tinkaton, F|\n|poke|p2|Samurott-Hisui, F|\n|poke|p2|Zoroark-Hisui, M|\n|poke|p2|Iron Hands|\n|poke|p2|Chesnaught, M|\n|teampreview\n|\n|t:|1783806830\n|teamsize|p1|6\n|teamsize|p2|6\n|start\n|switch|p1a: Forretress|Forretress, M|100/100\n|switch|p2a: Samurott|Samurott-Hisui, F|100/100\n|turn|1\n|\n|t:|1783806841\n|move|p2a: Samurott|Ceaseless Edge|p1a: Forretress\n|-damage|p1a: Forretress|72/100\n|-damage|p2a: Samurott|84/100|[from] item: Rocky Helmet|[of] p1a: Forretress\n|-sidestart|p1: ethanolli1|Spikes\n|move|p1a: Forretress|Counter|p2a: Samurott\n|-damage|p2a: Samurott|22/100\n|\n|upkeep\n|turn|2\n|\n|t:|1783806852\n|switch|p2a: Tinkaton|Tinkaton, F|100/100\n|-item|p2a: Tinkaton|Air Balloon\n|move|p1a: Forretress|Stealth Rock|p2a: Tinkaton\n|-sidestart|p2: JokerKing2398|move: Stealth Rock\n|\n|upkeep\n|turn|3\n|\n|t:|1783806860\n|move|p2a: Tinkaton|Shadow Ball|p1a: Forretress\n|-damage|p1a: Forretress|14/100\n|-unboost|p1a: Forretress|spd|1\n|move|p1a: Forretress|Toxic Spikes|p2a: Tinkaton\n|-sidestart|p2: JokerKing2398|move: Toxic Spikes\n|\n|upkeep\n|turn|4\n|\n|t:|1783806868\n|move|p2a: Tinkaton|Shadow Ball|p1a: Forretress\n|-crit|p1a: Forretress\n|-damage|p1a: Forretress|0 fnt\n|faint|p1a: Forretress\n|\n|upkeep\n|\n|t:|1783806888\n|switch|p1a: Zapdos|Zapdos-Galar|100/100\n|turn|5\n|\n|t:|1783806892\n|move|p2a: Tinkaton|Psychic|p1a: Zapdos\n|-supereffective|p1a: Zapdos\n|-damage|p1a: Zapdos|25/100\n|move|p1a: Zapdos|Knock Off|p2a: Tinkaton\n|-supereffective|p2a: Tinkaton\n|-damage|p2a: Tinkaton|0 fnt\n|replace|p2a: Zoroark|Zoroark-Hisui, M\n|-end|p2a: Zoroark|Illusion\n|-enditem|p2a: Zoroark|Air Balloon\n|faint|p2a: Zoroark\n|\n|upkeep\n|\n|t:|1783806901\n|switch|p2a: Weezing|Weezing-Galar, M|100/100\n|-ability|p2a: Weezing|Neutralizing Gas\n|-damage|p2a: Weezing|88/100|[from] Stealth Rock\n|-sideend|p2: JokerKing2398|move: Toxic Spikes|[of] p2a: Weezing\n|turn|6\n|\n|t:|1783806909\n|move|p1a: Zapdos|U-turn|p2a: Weezing\n|-resisted|p2a: Weezing\n|-damage|p2a: Weezing|83/100\n|\n|t:|1783806914\n|switch|p1a: Umbreon|Umbreon, F, shiny|100/100|[from] U-turn\n|move|p2a: Weezing|Strange Steam|p1a: Umbreon\n|-supereffective|p1a: Umbreon\n|-damage|p1a: Umbreon|62/100\n|-start|p1a: Umbreon|confusion\n|\n|-heal|p2a: Weezing|89/100|[from] item: Leftovers\n|upkeep\n|turn|7\n|\n|t:|1783806927\n|switch|p1a: Rotom|Rotom-Wash|100/100\n|-damage|p1a: Rotom|88/100|[from] Spikes\n|move|p2a: Weezing|Sludge Bomb|p1a: Rotom\n|-crit|p1a: Rotom\n|-damage|p1a: Rotom|55/100\n|\n|-heal|p1a: Rotom|62/100|[from] item: Leftovers\n|-heal|p2a: Weezing|95/100|[from] item: Leftovers\n|upkeep\n|turn|8\n|\n|t:|1783806945\n|move|p1a: Rotom|Thunder Wave|p2a: Weezing\n|-status|p2a: Weezing|par\n|move|p2a: Weezing|Sludge Bomb|p1a: Rotom\n|-damage|p1a: Rotom|38/100\n|-status|p1a: Rotom|psn\n|\n|-heal|p1a: Rotom|44/100 psn|[from] item: Leftovers\n|-heal|p2a: Weezing|100/100 par|[from] item: Leftovers\n|-damage|p1a: Rotom|32/100 psn|[from] psn\n|upkeep\n|turn|9\n|\n|t:|1783806955\n|-end|p2a: Weezing|ability: Neutralizing Gas\n|switch|p2a: Tinkaton|Tinkaton, F|100/100\n|-damage|p2a: Tinkaton|94/100|[from] Stealth Rock\n|-item|p2a: Tinkaton|Air Balloon\n|move|p1a: Rotom|Pain Split|p2a: Tinkaton\n|-sethp|p2a: Tinkaton|63/100|[from] move: Pain Split|[silent]\n|-sethp|p1a: Rotom|64/100 psn|[from] move: Pain Split\n|\n|-heal|p1a: Rotom|70/100 psn|[from] item: Leftovers\n|-damage|p1a: Rotom|58/100 psn|[from] psn\n|upkeep\n|turn|10\n|\n|t:|1783806966\n|move|p2a: Tinkaton|Encore|p1a: Rotom\n|-start|p1a: Rotom|Encore\n|move|p1a: Rotom|Pain Split|p2a: Tinkaton\n|-sethp|p2a: Tinkaton|59/100|[from] move: Pain Split|[silent]\n|-sethp|p1a: Rotom|61/100 psn|[from] move: Pain Split\n|\n|-heal|p1a: Rotom|67/100 psn|[from] item: Leftovers\n|-damage|p1a: Rotom|54/100 psn|[from] psn\n|upkeep\n|turn|11\n|\n|t:|1783806976\n|switch|p1a: Landorus|Landorus-Therian, M|100/100\n|-ability|p1a: Landorus|Intimidate|boost\n|-unboost|p2a: Tinkaton|atk|1\n|move|p2a: Tinkaton|Stealth Rock|p1a: Landorus\n|-sidestart|p1: ethanolli1|move: Stealth Rock\n|\n|upkeep\n|turn|12\n|\n|t:|1783806987\n|move|p2a: Tinkaton|Gigaton Hammer|p1a: Landorus\n|-damage|p1a: Landorus|54/100\n|move|p1a: Landorus|Brick Break|p2a: Tinkaton\n|-damage|p2a: Tinkaton|0 fnt\n|-enditem|p2a: Tinkaton|Air Balloon\n|faint|p2a: Tinkaton\n|\n|upkeep\n|\n|t:|1783806995\n|switch|p2a: Samurott|Samurott-Hisui, F|22/100\n|-damage|p2a: Samurott|9/100|[from] Stealth Rock\n|turn|13\n|\n|t:|1783807000\n|switch|p1a: Rotom|Rotom-Wash|54/100 psn\n|-damage|p1a: Rotom|42/100 psn|[from] Stealth Rock\n|move|p2a: Samurott|Aqua Cutter|p1a: Rotom\n|-resisted|p1a: Rotom\n|-damage|p1a: Rotom|16/100 psn\n|\n|-heal|p1a: Rotom|23/100 psn|[from] item: Leftovers\n|-damage|p1a: Rotom|10/100 psn|[from] psn\n|upkeep\n|turn|14\n|\n|t:|1783807009\n|move|p2a: Samurott|Aqua Cutter|p1a: Rotom\n|-resisted|p1a: Rotom\n|-damage|p1a: Rotom|0 fnt\n|faint|p1a: Rotom\n|\n|upkeep\n|\n|t:|1783807020\n|switch|p1a: Umbreon|Umbreon, F, shiny|62/100\n|turn|15\n|\n|t:|1783807023\n|move|p2a: Samurott|Aqua Cutter|p1a: Umbreon\n|-damage|p1a: Umbreon|29/100\n|move|p1a: Umbreon|Wish|p1a: Umbreon\n|\n|upkeep\n|turn|16\n|\n|t:|1783807028\n|move|p1a: Umbreon|Protect|p1a: Umbreon\n|-singleturn|p1a: Umbreon|Protect\n|move|p2a: Samurott|Aqua Cutter|p1a: Umbreon\n|-activate|p1a: Umbreon|move: Protect\n|\n|-heal|p1a: Umbreon|79/100|[from] move: Wish|[wisher] Umbreon\n|upkeep\n|turn|17\n|\n|t:|1783807042\n|move|p2a: Samurott|Aqua Cutter|p1a: Umbreon\n|-damage|p1a: Umbreon|44/100\n|move|p1a: Umbreon|Foul Play|p2a: Samurott\n|-resisted|p2a: Samurott\n|-damage|p2a: Samurott|0 fnt\n|faint|p2a: Samurott\n|\n|upkeep\n|\n|t:|1783807052\n|switch|p2a: Iron Hands|Iron Hands|100/100\n|-damage|p2a: Iron Hands|94/100|[from] Stealth Rock\n|turn|18\n|\n|t:|1783807087\n|switch|p1a: Landorus|Landorus-Therian, M|54/100\n|-damage|p1a: Landorus|42/100|[from] Stealth Rock\n|-ability|p1a: Landorus|Intimidate|boost\n|-unboost|p2a: Iron Hands|atk|1\n|move|p2a: Iron Hands|Drain Punch|p1a: Landorus\n|-resisted|p1a: Landorus\n|-damage|p1a: Landorus|24/100\n|-heal|p2a: Iron Hands|99/100|[from] drain|[of] p1a: Landorus\n|\n|upkeep\n|turn|19\n|\n|t:|1783807097\n|-end|p2a: Iron Hands|Quark Drive|[silent]\n|switch|p2a: Chesnaught|Chesnaught, M|100/100\n|-damage|p2a: Chesnaught|94/100|[from] Stealth Rock\n|move|p1a: Landorus|Earthquake|p2a: Chesnaught\n|-resisted|p2a: Chesnaught\n|-damage|p2a: Chesnaught|69/100\n|\n|upkeep\n|turn|20\n|\n|t:|1783807111\n|switch|p1a: Zapdos|Zapdos-Galar|25/100\n|-damage|p1a: Zapdos|12/100|[from] Stealth Rock\n|move|p2a: Chesnaught|Leech Seed|p1a: Zapdos\n|-start|p1a: Zapdos|move: Leech Seed\n|\n|-damage|p1a: Zapdos|0 fnt|[from] Leech Seed|[of] p2a: Chesnaught\n|-heal|p2a: Chesnaught|79/100|[silent]\n|faint|p1a: Zapdos\n|upkeep\n|\n|t:|1783807119\n|switch|p1a: Latias|Latias, F|100/100\n|-damage|p1a: Latias|88/100|[from] Stealth Rock\n|turn|21\n|\n|t:|1783807125\n|switch|p2a: Weezing|Weezing-Galar, M|100/100 par\n|-ability|p2a: Weezing|Neutralizing Gas\n|-damage|p2a: Weezing|88/100 par|[from] Stealth Rock\n|move|p1a: Latias|Mist Ball|p2a: Weezing\n|-supereffective|p2a: Weezing\n|-damage|p2a: Weezing|0 fnt\n|faint|p2a: Weezing\n|-end|p2a: Weezing|ability: Neutralizing Gas\n|\n|upkeep\n|\n|t:|1783807140\n|switch|p2a: Iron Hands|Iron Hands|99/100\n|-damage|p2a: Iron Hands|94/100|[from] Stealth Rock\n|turn|22\n|\n|t:|1783807147\n|move|p1a: Latias|Mist Ball|p2a: Iron Hands\n|-supereffective|p2a: Iron Hands\n|-damage|p2a: Iron Hands|29/100\n|-unboost|p2a: Iron Hands|spa|1\n|move|p2a: Iron Hands|Ice Punch|p1a: Latias\n|-supereffective|p1a: Latias\n|-damage|p1a: Latias|11/100\n|\n|upkeep\n|turn|23\n|\n|t:|1783807155\n|move|p1a: Latias|Mist Ball|p2a: Iron Hands\n|-supereffective|p2a: Iron Hands\n|-damage|p2a: Iron Hands|0 fnt\n|faint|p2a: Iron Hands\n|-end|p2a: Iron Hands|Quark Drive|[silent]\n|\n|upkeep\n|\n|t:|1783807156\n|switch|p2a: Chesnaught|Chesnaught, M|79/100\n|-damage|p2a: Chesnaught|73/100|[from] Stealth Rock\n|turn|24\n|\n|t:|1783807162\n|move|p1a: Latias|Mist Ball|p2a: Chesnaught\n|-immune|p2a: Chesnaught|[from] ability: Bulletproof\n|move|p2a: Chesnaught|Knock Off|p1a: Latias\n|-supereffective|p1a: Latias\n|-damage|p1a: Latias|0 fnt\n|-enditem|p1a: Latias|Soul Dew|[from] move: Knock Off|[of] p2a: Chesnaught\n|faint|p1a: Latias\n|\n|upkeep\n|\n|t:|1783807174\n|switch|p1a: Umbreon|Umbreon, F, shiny|44/100\n|turn|25\n|\n|t:|1783807177\n|-terastallize|p1a: Umbreon|Fairy\n|move|p1a: Umbreon|Toxic|p2a: Chesnaught\n|-status|p2a: Chesnaught|tox\n|move|p2a: Chesnaught|Body Press|p1a: Umbreon\n|-resisted|p1a: Umbreon\n|-damage|p1a: Umbreon|30/100\n|\n|-damage|p2a: Chesnaught|67/100 tox|[from] psn\n|upkeep\n|turn|26\n|\n|t:|1783807189\n|move|p1a: Umbreon|Wish|p1a: Umbreon\n|move|p2a: Chesnaught|Leech Seed|p1a: Umbreon\n|-start|p1a: Umbreon|move: Leech Seed\n|\n|-damage|p1a: Umbreon|18/100|[from] Leech Seed|[of] p2a: Chesnaught\n|-heal|p2a: Chesnaught|80/100 tox|[silent]\n|-damage|p2a: Chesnaught|68/100 tox|[from] psn\n|upkeep\n|turn|27\n|\n|t:|1783807202\n|move|p1a: Umbreon|Protect|p1a: Umbreon\n|-singleturn|p1a: Umbreon|Protect\n|move|p2a: Chesnaught|Knock Off|p1a: Umbreon\n|-activate|p1a: Umbreon|move: Protect\n|\n|-heal|p1a: Umbreon|68/100|[from] move: Wish|[wisher] Umbreon\n|-damage|p1a: Umbreon|55/100|[from] Leech Seed|[of] p2a: Chesnaught\n|-heal|p2a: Chesnaught|81/100 tox|[silent]\n|-damage|p2a: Chesnaught|63/100 tox|[from] psn\n|upkeep\n|turn|28\n|\n|t:|1783807213\n|move|p1a: Umbreon|Wish|p1a: Umbreon\n|move|p2a: Chesnaught|Knock Off|p1a: Umbreon\n|-resisted|p1a: Umbreon\n|-damage|p1a: Umbreon|47/100\n|-enditem|p1a: Umbreon|Heavy-Duty Boots|[from] move: Knock Off|[of] p2a: Chesnaught\n|\n|-damage|p1a: Umbreon|35/100|[from] Leech Seed|[of] p2a: Chesnaught\n|-heal|p2a: Chesnaught|75/100 tox|[silent]\n|-damage|p2a: Chesnaught|51/100 tox|[from] psn\n|upkeep\n|turn|29\n|\n|t:|1783807227\n|move|p1a: Umbreon|Foul Play|p2a: Chesnaught\n|-resisted|p2a: Chesnaught\n|-damage|p2a: Chesnaught|41/100 tox\n|-damage|p1a: Umbreon|18/100|[from] item: Rocky Helmet|[of] p2a: Chesnaught\n|move|p2a: Chesnaught|Iron Defense|p2a: Chesnaught\n|-boost|p2a: Chesnaught|def|2\n|\n|-heal|p1a: Umbreon|68/100|[from] move: Wish|[wisher] Umbreon\n|-damage|p1a: Umbreon|56/100|[from] Leech Seed|[of] p2a: Chesnaught\n|-heal|p2a: Chesnaught|54/100 tox|[silent]\n|-damage|p2a: Chesnaught|24/100 tox|[from] psn\n|upkeep\n|turn|30\n|\n|t:|1783807246\n|switch|p1a: Landorus|Landorus-Therian, M|24/100\n|-damage|p1a: Landorus|12/100|[from] Stealth Rock\n|-ability|p1a: Landorus|Intimidate|boost\n|-unboost|p2a: Chesnaught|atk|1\n|move|p2a: Chesnaught|Body Press|p1a: Landorus\n|-resisted|p1a: Landorus\n|-damage|p1a: Landorus|0 fnt\n|faint|p1a: Landorus\n|\n|-damage|p2a: Chesnaught|0 fnt|[from] psn\n|faint|p2a: Chesnaught\n|\n|win|ethanolli1\n|raw|ethanolli1's rating: 1247 &rarr; <strong>1275</strong><br />(+28 for winning)\n|raw|JokerKing2398's rating: 1282 &rarr; <strong>1254</strong><br />(-28 for losing)\n|l|☆JokerKing2398\n|player|p2|\n|l|☆ethanolli1\n|player|p1|\n", "uploadtime": 1783807577, "views": 4, "formatid": "gen9ou", "rating": 1254, "private": 0, "password": null}