{"id": "gen9ou-2647682946", "format": "[Gen 9] OU", "players": ["blackpesado2021", "DekuFoulerLab"], "log": "|j|☆blackpesado2021\n|j|☆DekuFoulerLab\n|t:|1783795705\n|gametype|singles\n|player|p1|blackpesado2021|wallace|1263\n|player|p2|DekuFoulerLab|169|1265\n|gen|9\n|tier|[Gen 9] OU\n|rated|\n|rule|HP Percentage Mod: HP is shown in percentages\n|rule|Endless Battle Clause: Forcing endless battles is banned\n|rule|Species Clause: Limit one of each Pokémon\n|rule|OHKO Clause: OHKO moves are banned\n|rule|Evasion Items Clause: Evasion items are banned\n|rule|Evasion Moves Clause: Evasion moves are banned\n|rule|Evasion Abilities Clause: Evasion abilities are banned\n|rule|Sleep Moves Clause: Sleep-inducing moves are banned\n|clearpoke\n|poke|p1|Meowscarada, M|\n|poke|p1|Pecharunt|\n|poke|p1|Enamorus, F|\n|poke|p1|Iron Treads|\n|poke|p1|Skarmory, M|\n|poke|p1|Slowking, F|\n|poke|p2|Corviknight, F|\n|poke|p2|Ting-Lu|\n|poke|p2|Kyurem|\n|poke|p2|Dondozo, M|\n|poke|p2|Slowking-Galar, F|\n|poke|p2|Cinderace, M|\n|teampreview\n|inactive|Battle timer is ON: inactive players will automatically lose when time's up. (requested by DekuFoulerLab)\n|\n|t:|1783795709\n|teamsize|p1|6\n|teamsize|p2|6\n|start\n|switch|p1a: Slowking|Slowking, F|100/100\n|switch|p2a: Cinderace|Cinderace, M|100/100\n|turn|1\n|\n|t:|1783795715\n|move|p2a: Cinderace|U-turn|p1a: Slowking\n|-supereffective|p1a: Slowking\n|-damage|p1a: Slowking|67/100\n|\n|t:|1783795724\n|switch|p2a: Kyurem|Kyurem|100/100|[from] U-turn\n|-ability|p2a: Kyurem|Pressure\n|move|p1a: Slowking|Scald|p2a: Kyurem\n|-resisted|p2a: Kyurem\n|-damage|p2a: Kyurem|87/100\n|\n|-heal|p2a: Kyurem|93/100|[from] item: Leftovers\n|upkeep\n|turn|2\n|\n|t:|1783795734\n|switch|p1a: Pecharunt|Pecharunt|100/100\n|move|p2a: Kyurem|Freeze-Dry|p1a: Pecharunt\n|-damage|p1a: Pecharunt|65/100\n|\n|-heal|p2a: Kyurem|99/100|[from] item: Leftovers\n|upkeep\n|turn|3\n|\n|t:|1783795740\n|move|p2a: Kyurem|Freeze-Dry|p1a: Pecharunt\n|-damage|p1a: Pecharunt|28/100\n|move|p1a: Pecharunt|Parting Shot|p2a: Kyurem\n|-unboost|p2a: Kyurem|atk|1\n|-unboost|p2a: Kyurem|spa|1\n|\n|t:|1783795744\n|switch|p1a: Enamorus|Enamorus, F|100/100|[from] Parting Shot\n|\n|-heal|p2a: Kyurem|100/100|[from] item: Leftovers\n|upkeep\n|turn|4\n|\n|t:|1783795749\n|switch|p2a: Slowking|Slowking-Galar, F|100/100\n|move|p1a: Enamorus|Moonblast|p2a: Slowking\n|-resisted|p2a: Slowking\n|-damage|p2a: Slowking|79/100\n|\n|upkeep\n|turn|5\n|\n|t:|1783795758\n|switch|p1a: Iron Treads|Iron Treads|100/100\n|move|p2a: Slowking|Ice Beam|p1a: Iron Treads\n|-damage|p1a: Iron Treads|83/100\n|\n|-heal|p1a: Iron Treads|89/100|[from] item: Leftovers\n|upkeep\n|turn|6\n|\n|t:|1783795767\n|switch|p2a: Kyurem|Kyurem|100/100\n|-ability|p2a: Kyurem|Pressure\n|move|p1a: Iron Treads|Stealth Rock|p2a: Kyurem\n|-sidestart|p2: DekuFoulerLab|move: Stealth Rock\n|\n|-heal|p1a: Iron Treads|95/100|[from] item: Leftovers\n|upkeep\n|turn|7\n|\n|t:|1783795773\n|move|p2a: Kyurem|Freeze-Dry|p1a: Iron Treads\n|-damage|p1a: Iron Treads|64/100\n|move|p1a: Iron Treads|Knock Off|p2a: Kyurem\n|-damage|p2a: Kyurem|79/100\n|-enditem|p2a: Kyurem|Leftovers|[from] move: Knock Off|[of] p1a: Iron Treads\n|\n|-heal|p1a: Iron Treads|70/100|[from] item: Leftovers\n|upkeep\n|turn|8\n|\n|t:|1783795781\n|-end|p1a: Iron Treads|Quark Drive|[silent]\n|switch|p1a: Skarmory|Skarmory, M|100/100\n|move|p2a: Kyurem|Freeze-Dry|p1a: Skarmory\n|-damage|p1a: Skarmory|50/100\n|\n|upkeep\n|turn|9\n|\n|t:|1783795789\n|move|p2a: Kyurem|Freeze-Dry|p1a: Skarmory\n|-damage|p1a: Skarmory|0 fnt\n|faint|p1a: Skarmory\n|\n|upkeep\n|\n|t:|1783795792\n|switch|p1a: Enamorus|Enamorus, F|100/100\n|turn|10\n|\n|t:|1783795798\n|move|p1a: Enamorus|Earth Power|p2a: Kyurem\n|-damage|p2a: Kyurem|47/100\n|move|p2a: Kyurem|Freeze-Dry|p1a: Enamorus\n|-supereffective|p1a: Enamorus\n|-damage|p1a: Enamorus|0 fnt\n|faint|p1a: Enamorus\n|\n|upkeep\n|\n|t:|1783795802\n|switch|p1a: Meowscarada|Meowscarada, M|100/100\n|turn|11\n|\n|t:|1783795808\n|move|p1a: Meowscarada|Knock Off|p2a: Kyurem\n|-start|p1a: Meowscarada|typechange|Dark|[from] ability: Protean\n|-damage|p2a: Kyurem|7/100\n|move|p2a: Kyurem|Freeze-Dry|p1a: Meowscarada\n|-damage|p1a: Meowscarada|49/100\n|\n|upkeep\n|turn|12\n|\n|t:|1783795817\n|switch|p2a: Cinderace|Cinderace, M|100/100\n|move|p1a: Meowscarada|Knock Off|p2a: Cinderace\n|-damage|p2a: Cinderace|14/100\n|-enditem|p2a: Cinderace|Heavy-Duty Boots|[from] move: Knock Off|[of] p1a: Meowscarada\n|\n|upkeep\n|turn|13\n|\n|t:|1783795825\n|switch|p1a: Slowking|Slowking, F|99/100\n|move|p2a: Cinderace|Court Change|p2a: Cinderace\n|-swapsideconditions\n|-activate|p2a: Cinderace|move: Court Change\n|\n|upkeep\n|turn|14\n|\n|t:|1783795831\n|move|p2a: Cinderace|U-turn|p1a: Slowking\n|-supereffective|p1a: Slowking\n|-damage|p1a: Slowking|65/100\n|\n|t:|1783795838\n|switch|p2a: Kyurem|Kyurem|7/100|[from] U-turn\n|-ability|p2a: Kyurem|Pressure\n|-prepare|p1a: Slowking|Chilly Reception|[premajor]\n|move|p1a: Slowking|Chilly Reception|p1a: Slowking\n|-weather|Snowscape\n|\n|t:|1783795842\n|switch|p1a: Iron Treads|Iron Treads|70/100|[from] Chilly Reception\n|-damage|p1a: Iron Treads|67/100|[from] Stealth Rock\n|\n|-weather|Snowscape|[upkeep]\n|-heal|p1a: Iron Treads|73/100|[from] item: Leftovers\n|upkeep\n|turn|15\n|\n|t:|1783795848\n|move|p2a: Kyurem|Earth Power|p1a: Iron Treads\n|-supereffective|p1a: Iron Treads\n|-damage|p1a: Iron Treads|24/100\n|move|p1a: Iron Treads|Rapid Spin|p2a: Kyurem\n|-damage|p2a: Kyurem|0 fnt\n|-boost|p1a: Iron Treads|spe|1\n|-sideend|p1: blackpesado2021|Stealth Rock|[from] move: Rapid Spin|[of] p1a: Iron Treads\n|faint|p2a: Kyurem\n|\n|-weather|Snowscape|[upkeep]\n|-heal|p1a: Iron Treads|30/100|[from] item: Leftovers\n|upkeep\n|\n|t:|1783795855\n|switch|p2a: Ting-Lu|Ting-Lu|100/100\n|-ability|p2a: Ting-Lu|Vessel of Ruin\n|turn|16\n|\n|t:|1783795861\n|-end|p1a: Iron Treads|Quark Drive|[silent]\n|switch|p1a: Slowking|Slowking, F|98/100\n|move|p2a: Ting-Lu|Earthquake|p1a: Slowking\n|-damage|p1a: Slowking|61/100\n|\n|-weather|Snowscape|[upkeep]\n|upkeep\n|turn|17\n|\n|t:|1783795868\n|move|p2a: Ting-Lu|Earthquake|p1a: Slowking\n|-damage|p1a: Slowking|24/100\n|-prepare|p1a: Slowking|Chilly Reception|[premajor]\n|move|p1a: Slowking|Chilly Reception|p1a: Slowking\n|\n|t:|1783795871\n|switch|p1a: Meowscarada|Meowscarada, M|49/100|[from] Chilly Reception\n|\n|-weather|Snowscape|[upkeep]\n|upkeep\n|turn|18\n|\n|t:|1783795877\n|switch|p2a: Corviknight|Corviknight, F|100/100\n|-ability|p2a: Corviknight|Pressure\n|move|p1a: Meowscarada|Flower Trick|p2a: Corviknight\n|-start|p1a: Meowscarada|typechange|Grass|[from] ability: Protean\n|-resisted|p2a: Corviknight\n|-crit|p2a: Corviknight\n|-damage|p2a: Corviknight|89/100\n|\n|-weather|none\n|upkeep\n|turn|19\n|\n|t:|1783795885\n|switch|p1a: Slowking|Slowking, F|57/100\n|move|p2a: Corviknight|U-turn|p1a: Slowking\n|-supereffective|p1a: Slowking\n|-damage|p1a: Slowking|30/100\n|\n|t:|1783795892\n|switch|p2a: Cinderace|Cinderace, M|14/100|[from] U-turn\n|\n|upkeep\n|turn|20\n|\n|t:|1783795897\n|switch|p1a: Pecharunt|Pecharunt|28/100\n|move|p2a: Cinderace|Pyro Ball|p1a: Pecharunt\n|-damage|p1a: Pecharunt|0 fnt\n|faint|p1a: Pecharunt\n|\n|upkeep\n|-message|blackpesado2021 forfeited.\n|\n|win|DekuFoulerLab\n|raw|blackpesado2021's rating: 1263 &rarr; <strong>1238</strong><br />(-25 for losing)\n|raw|DekuFoulerLab's rating: 1265 &rarr; <strong>1290</strong><br />(+25 for winning)\n|l|☆blackpesado2021\n|player|p1|\n", "uploadtime": 1783795899, "views": 16, "formatid": "gen9ou", "rating": 1238, "private": 0, "password": null}