{"id": "gen9ou-2647798235", "format": "[Gen 9] OU", "players": ["Basedlord Spectral", "aaron200589"], "log": "|j|☆Basedlord Spectral\n|j|☆aaron200589\n|t:|1783814505\n|gametype|singles\n|player|p1|Basedlord Spectral|boarder|1520\n|player|p2|aaron200589|giovanni|1461\n|gen|9\n|tier|[Gen 9] OU\n|rated|\n|rule|HP Percentage Mod: HP is shown in percentages\n|rule|Endless Battle Clause: Forcing endless battles is banned\n|rule|Species Clause: Limit one of each Pokémon\n|rule|OHKO Clause: OHKO moves are banned\n|rule|Evasion Items Clause: Evasion items are banned\n|rule|Evasion Moves Clause: Evasion moves are banned\n|rule|Evasion Abilities Clause: Evasion abilities are banned\n|rule|Sleep Moves Clause: Sleep-inducing moves are banned\n|clearpoke\n|poke|p1|Glimmora, F|\n|poke|p1|Iron Valiant|\n|poke|p1|Landorus-Therian, M|\n|poke|p1|Iron Moth|\n|poke|p1|Kyurem|\n|poke|p1|Kingambit, M|\n|poke|p2|Cinderace, F|\n|poke|p2|Landorus-Therian, M|\n|poke|p2|Hatterene, F|\n|poke|p2|Sinistcha|\n|poke|p2|Regieleki|\n|poke|p2|Umbreon, F|\n|teampreview\n|inactive|Battle timer is ON: inactive players will automatically lose when time's up. (requested by Basedlord Spectral)\n|\n|t:|1783814518\n|teamsize|p1|6\n|teamsize|p2|6\n|start\n|switch|p1a: Landorus|Landorus-Therian, M, shiny|100/100\n|switch|p2a: Landorus|Landorus-Therian, M|100/100\n|-ability|p2a: Landorus|Intimidate|boost\n|-unboost|p1a: Landorus|atk|1\n|-ability|p1a: Landorus|Intimidate|boost\n|-unboost|p2a: Landorus|atk|1\n|turn|1\n|\n|t:|1783814528\n|move|p2a: Landorus|Taunt|p1a: Landorus\n|-start|p1a: Landorus|move: Taunt\n|cant|p1a: Landorus|move: Taunt|Stealth Rock\n|\n|upkeep\n|turn|2\n|\n|t:|1783814539\n|move|p2a: Landorus|Stealth Rock|p1a: Landorus\n|-sidestart|p1: Basedlord Spectral|move: Stealth Rock\n|move|p1a: Landorus|U-turn|p2a: Landorus\n|-resisted|p2a: Landorus\n|-damage|p2a: Landorus|91/100\n|\n|t:|1783814548\n|switch|p1a: Kyurem|Kyurem, shiny|100/100|[from] U-turn\n|-damage|p1a: Kyurem|76/100|[from] Stealth Rock\n|-ability|p1a: Kyurem|Pressure\n|\n|upkeep\n|turn|3\n|\n|t:|1783814557\n|switch|p2a: Hatterene|Hatterene, F|100/100\n|move|p1a: Kyurem|Dragon Dance|p1a: Kyurem\n|-boost|p1a: Kyurem|atk|1\n|-boost|p1a: Kyurem|spe|1\n|\n|upkeep\n|turn|4\n|\n|t:|1783814565\n|-terastallize|p1a: Kyurem|Ground\n|move|p1a: Kyurem|Dragon Dance|p1a: Kyurem\n|-boost|p1a: Kyurem|atk|1\n|-boost|p1a: Kyurem|spe|1\n|move|p2a: Hatterene|Nuzzle|p1a: Kyurem\n|-immune|p1a: Kyurem\n|\n|upkeep\n|turn|5\n|\n|t:|1783814575\n|move|p1a: Kyurem|Dragon Dance|p1a: Kyurem\n|-boost|p1a: Kyurem|atk|1\n|-boost|p1a: Kyurem|spe|1\n|move|p2a: Hatterene|Draining Kiss|p1a: Kyurem\n|-damage|p1a: Kyurem|48/100\n|\n|upkeep\n|turn|6\n|\n|t:|1783814581\n|move|p1a: Kyurem|Icicle Spear|p2a: Hatterene\n|-damage|p2a: Hatterene|65/100\n|-damage|p2a: Hatterene|34/100\n|-damage|p2a: Hatterene|0 fnt\n|faint|p2a: Hatterene\n|-hitcount|p2: Hatterene|3\n|\n|upkeep\n|\n|t:|1783814589\n|switch|p2a: Umbreon|Umbreon, F|100/100\n|turn|7\n|\n|t:|1783814593\n|move|p1a: Kyurem|Icicle Spear|p2a: Umbreon\n|-damage|p2a: Umbreon|84/100\n|-damage|p2a: Umbreon|67/100\n|-damage|p2a: Umbreon|49/100\n|-damage|p2a: Umbreon|32/100\n|-hitcount|p2a: Umbreon|4\n|move|p2a: Umbreon|Foul Play|p1a: Kyurem\n|-damage|p1a: Kyurem|0 fnt\n|faint|p1a: Kyurem\n|\n|-heal|p2a: Umbreon|38/100|[from] item: Leftovers\n|upkeep\n|\n|t:|1783814604\n|switch|p1a: Glimmora|Glimmora, F, shiny|100/100\n|-damage|p1a: Glimmora|88/100|[from] Stealth Rock\n|turn|8\n|\n|t:|1783814617\n|switch|p2a: Landorus|Landorus-Therian, M|91/100\n|-ability|p2a: Landorus|Intimidate|boost\n|-unboost|p1a: Glimmora|atk|1\n|move|p1a: Glimmora|Mortal Spin|p2a: Landorus\n|-resisted|p2a: Landorus\n|-damage|p2a: Landorus|89/100\n|-status|p2a: Landorus|psn\n|-sideend|p1: Basedlord Spectral|Stealth Rock|[from] move: Mortal Spin|[of] p1a: Glimmora\n|\n|-damage|p2a: Landorus|76/100 psn|[from] psn\n|upkeep\n|turn|9\n|\n|t:|1783814630\n|switch|p1a: Iron Valiant|Iron Valiant, shiny|100/100\n|-enditem|p1a: Iron Valiant|Booster Energy\n|-activate|p1a: Iron Valiant|ability: Quark Drive|[fromitem]\n|-start|p1a: Iron Valiant|quarkdrivespe\n|move|p2a: Landorus|Earthquake|p1a: Iron Valiant\n|-damage|p1a: Iron Valiant|31/100\n|\n|-damage|p2a: Landorus|64/100 psn|[from] psn\n|upkeep\n|turn|10\n|\n|t:|1783814642\n|switch|p2a: Sinistcha|Sinistcha|100/100\n|move|p1a: Iron Valiant|Ice Punch|p2a: Sinistcha\n|-supereffective|p2a: Sinistcha\n|-damage|p2a: Sinistcha|64/100\n|\n|-heal|p2a: Sinistcha|70/100|[from] item: Leftovers\n|upkeep\n|turn|11\n|\n|t:|1783814653\n|-end|p1a: Iron Valiant|Quark Drive|[silent]\n|switch|p1a: Glimmora|Glimmora, F, shiny|88/100\n|move|p2a: Sinistcha|Shadow Ball|p1a: Glimmora\n|-damage|p1a: Glimmora|46/100\n|\n|-heal|p2a: Sinistcha|76/100|[from] item: Leftovers\n|upkeep\n|turn|12\n|\n|t:|1783814666\n|switch|p1a: Iron Valiant|Iron Valiant, shiny|31/100\n|switch|p2a: Landorus|Landorus-Therian, M|64/100 psn\n|-ability|p2a: Landorus|Intimidate|boost\n|-unboost|p1a: Iron Valiant|atk|1\n|\n|-damage|p2a: Landorus|51/100 psn|[from] psn\n|upkeep\n|turn|13\n|\n|t:|1783814676\n|switch|p2a: Cinderace|Cinderace, F|100/100\n|move|p1a: Iron Valiant|Ice Punch|p2a: Cinderace\n|-resisted|p2a: Cinderace\n|-damage|p2a: Cinderace|87/100\n|\n|upkeep\n|turn|14\n|\n|t:|1783814685\n|-end|p1a: Iron Valiant|Quark Drive|[silent]\n|switch|p1a: Glimmora|Glimmora, F, shiny|46/100\n|move|p2a: Cinderace|U-turn|p1a: Glimmora\n|-start|p2a: Cinderace|typechange|Bug|[from] ability: Libero\n|-resisted|p1a: Glimmora\n|-damage|p1a: Glimmora|26/100\n|-activate|p1a: Glimmora|ability: Toxic Debris\n|-sidestart|p2: aaron200589|move: Toxic Spikes\n|\n|t:|1783814693\n|switch|p2a: Landorus|Landorus-Therian, M|51/100 psn|[from] U-turn\n|-ability|p2a: Landorus|Intimidate|boost\n|-unboost|p1a: Glimmora|atk|1\n|\n|-damage|p2a: Landorus|39/100 psn|[from] psn\n|upkeep\n|turn|15\n|\n|t:|1783814701\n|move|p1a: Glimmora|Dazzling Gleam|p2a: Landorus\n|-damage|p2a: Landorus|2/100 psn\n|move|p2a: Landorus|U-turn|p1a: Glimmora\n|-resisted|p1a: Glimmora\n|-damage|p1a: Glimmora|8/100\n|-activate|p1a: Glimmora|ability: Toxic Debris\n|-sidestart|p2: aaron200589|move: Toxic Spikes\n|\n|t:|1783814709\n|switch|p2a: Cinderace|Cinderace, F|87/100|[from] U-turn\n|\n|upkeep\n|turn|16\n|\n|t:|1783814716\n|switch|p1a: Landorus|Landorus-Therian, M, shiny|100/100\n|-ability|p1a: Landorus|Intimidate|boost\n|-unboost|p2a: Cinderace|atk|1\n|move|p2a: Cinderace|U-turn|p1a: Landorus\n|-start|p2a: Cinderace|typechange|Bug|[from] ability: Libero\n|-resisted|p1a: Landorus\n|-damage|p1a: Landorus|93/100\n|-damage|p2a: Cinderace|70/100|[from] item: Rocky Helmet|[of] p1a: Landorus\n|\n|t:|1783814725\n|switch|p2a: Landorus|Landorus-Therian, M|2/100 psn|[from] U-turn\n|-ability|p2a: Landorus|Intimidate|boost\n|-unboost|p1a: Landorus|atk|1\n|\n|-damage|p2a: Landorus|0 fnt|[from] psn\n|faint|p2a: Landorus\n|upkeep\n|\n|t:|1783814733\n|switch|p2a: Cinderace|Cinderace, F|70/100\n|turn|17\n|\n|t:|1783814741\n|move|p2a: Cinderace|Court Change|p2a: Cinderace\n|-start|p2a: Cinderace|typechange|Normal|[from] ability: Libero\n|-swapsideconditions\n|-activate|p2a: Cinderace|move: Court Change\n|move|p1a: Landorus|Stealth Rock|p2a: Cinderace\n|-sidestart|p2: aaron200589|move: Stealth Rock\n|\n|upkeep\n|turn|18\n|\n|t:|1783814747\n|move|p2a: Cinderace|Will-O-Wisp|p1a: Landorus\n|-status|p1a: Landorus|brn\n|move|p1a: Landorus|U-turn|p2a: Cinderace\n|-damage|p2a: Cinderace|59/100\n|\n|t:|1783814749\n|switch|p1a: Glimmora|Glimmora, F, shiny|8/100|[from] U-turn\n|-sideend|p1: Basedlord Spectral|move: Toxic Spikes|[of] p1a: Glimmora\n|\n|upkeep\n|turn|19\n|\n|t:|1783814759\n|move|p1a: Glimmora|Sludge Wave|p2a: Cinderace\n|-damage|p2a: Cinderace|0 fnt\n|faint|p2a: Cinderace\n|\n|upkeep\n|\n|t:|1783814771\n|switch|p2a: Sinistcha|Sinistcha|76/100\n|-damage|p2a: Sinistcha|64/100|[from] Stealth Rock\n|turn|20\n|\n|t:|1783814780\n|switch|p1a: Iron Moth|Iron Moth, shiny|100/100\n|-enditem|p1a: Iron Moth|Booster Energy\n|-activate|p1a: Iron Moth|ability: Quark Drive|[fromitem]\n|-start|p1a: Iron Moth|quarkdrivespe\n|-terastallize|p2a: Sinistcha|Poison\n|move|p2a: Sinistcha|Calm Mind|p2a: Sinistcha\n|-boost|p2a: Sinistcha|spa|1\n|-boost|p2a: Sinistcha|spd|1\n|\n|-heal|p2a: Sinistcha|70/100|[from] item: Leftovers\n|upkeep\n|turn|21\n|\n|t:|1783814793\n|move|p1a: Iron Moth|Psychic|p2a: Sinistcha\n|-supereffective|p2a: Sinistcha\n|-damage|p2a: Sinistcha|22/100\n|move|p2a: Sinistcha|Strength Sap|p1a: Iron Moth\n|-unboost|p1a: Iron Moth|atk|1\n|-heal|p2a: Sinistcha|59/100\n|\n|-heal|p2a: Sinistcha|66/100|[from] item: Leftovers\n|upkeep\n|turn|22\n|\n|t:|1783814808\n|move|p1a: Iron Moth|Psychic|p2a: Sinistcha\n|-supereffective|p2a: Sinistcha\n|-damage|p2a: Sinistcha|18/100\n|move|p2a: Sinistcha|Shadow Ball|p1a: Iron Moth\n|-damage|p1a: Iron Moth|47/100\n|\n|-heal|p2a: Sinistcha|24/100|[from] item: Leftovers\n|upkeep\n|turn|23\n|\n|t:|1783814818\n|move|p1a: Iron Moth|Psychic|p2a: Sinistcha\n|-supereffective|p2a: Sinistcha\n|-damage|p2a: Sinistcha|0 fnt\n|faint|p2a: Sinistcha\n|\n|upkeep\n|\n|t:|1783814823\n|switch|p2a: Umbreon|Umbreon, F|38/100\n|-damage|p2a: Umbreon|26/100|[from] Stealth Rock\n|turn|24\n|\n|t:|1783814829\n|move|p1a: Iron Moth|Sludge Wave|p2a: Umbreon\n|-crit|p2a: Umbreon\n|-damage|p2a: Umbreon|0 fnt\n|faint|p2a: Umbreon\n|\n|upkeep\n|\n|t:|1783814834\n|switch|p2a: Regieleki|Regieleki|100/100\n|-damage|p2a: Regieleki|88/100|[from] Stealth Rock\n|turn|25\n|\n|t:|1783814840\n|move|p1a: Iron Moth|Fiery Dance|p2a: Regieleki\n|-damage|p2a: Regieleki|4/100\n|move|p2a: Regieleki|Thunderbolt|p1a: Iron Moth\n|-damage|p1a: Iron Moth|0 fnt\n|faint|p1a: Iron Moth\n|-end|p1a: Iron Moth|Quark Drive|[silent]\n|\n|upkeep\n|-message|aaron200589 forfeited.\n|\n|win|Basedlord Spectral\n|raw|Basedlord Spectral's rating: 1520 &rarr; <strong>1537</strong><br />(+17 for winning)\n|raw|aaron200589's rating: 1461 &rarr; <strong>1444</strong><br />(-17 for losing)\n|l|☆aaron200589\n|player|p2|\n|l|☆Basedlord Spectral\n|player|p1|\n", "uploadtime": 1783815133, "views": 11, "formatid": "gen9ou", "rating": 1444, "private": 0, "password": null}