{"id": "gen9ou-2639199418", "format": "[Gen 9] OU", "players": ["mclarenbtw", "thepeakmons"], "log": "|j|☆mclarenbtw\n|j|☆thepeakmons\n|t:|1782432959\n|gametype|singles\n|player|p1|mclarenbtw|giovanni|1169\n|player|p2|thepeakmons|101|1202\n|gen|9\n|tier|[Gen 9] OU\n|rated|\n|rule|HP Percentage Mod: HP is shown in percentages\n|rule|Endless Battle Clause: Forcing endless battles is banned\n|rule|Species Clause: Limit one of each Pokémon\n|rule|OHKO Clause: OHKO moves are banned\n|rule|Evasion Items Clause: Evasion items are banned\n|rule|Evasion Moves Clause: Evasion moves are banned\n|rule|Evasion Abilities Clause: Evasion abilities are banned\n|rule|Sleep Moves Clause: Sleep-inducing moves are banned\n|clearpoke\n|poke|p1|Great Tusk|\n|poke|p1|Zamazenta-*|\n|poke|p1|Gholdengo|\n|poke|p1|Dragonite, M|\n|poke|p1|Ogerpon-Wellspring, F|\n|poke|p1|Corviknight, F|\n|poke|p2|Corviknight, F|\n|poke|p2|Ting-Lu|\n|poke|p2|Kyurem|\n|poke|p2|Dondozo, M|\n|poke|p2|Slowking-Galar, M|\n|poke|p2|Cinderace, F|\n|teampreview\n|\n|t:|1782432969\n|teamsize|p1|6\n|teamsize|p2|6\n|start\n|switch|p1a: Zamazenta|Zamazenta|100/100\n|switch|p2a: Cinderace|Cinderace, F|100/100\n|-ability|p1a: Zamazenta|Dauntless Shield|boost\n|-boost|p1a: Zamazenta|def|1\n|turn|1\n|inactive|Battle timer is ON: inactive players will automatically lose when time's up. (requested by thepeakmons)\n|\n|t:|1782432984\n|switch|p2a: Slowking|Slowking-Galar, M|100/100\n|move|p1a: Zamazenta|Iron Defense|p1a: Zamazenta\n|-boost|p1a: Zamazenta|def|2\n|\n|upkeep\n|turn|2\n|\n|t:|1782432990\n|move|p1a: Zamazenta|Iron Head|p2a: Slowking\n|-damage|p2a: Slowking|84/100\n|move|p2a: Slowking|Future Sight|p1a: Zamazenta\n|-start|p2a: Slowking|move: Future Sight\n|\n|upkeep\n|turn|3\n|\n|t:|1782433014\n|move|p1a: Zamazenta|Iron Defense|p1a: Zamazenta\n|-boost|p1a: Zamazenta|def|2\n|move|p2a: Slowking|Ice Beam|p1a: Zamazenta\n|-damage|p1a: Zamazenta|82/100\n|\n|-heal|p1a: Zamazenta|88/100|[from] item: Leftovers\n|upkeep\n|turn|4\n|\n|t:|1782433029\n|move|p1a: Zamazenta|Body Press|p2a: Slowking\n|-resisted|p2a: Slowking\n|-damage|p2a: Slowking|63/100\n|move|p2a: Slowking|Ice Beam|p1a: Zamazenta\n|-damage|p1a: Zamazenta|72/100\n|\n|-end|p1a: Zamazenta|move: Future Sight\n|-supereffective|p1a: Zamazenta\n|-damage|p1a: Zamazenta|0 fnt\n|faint|p1a: Zamazenta\n|upkeep\n|inactive|mclarenbtw has 120 seconds left.\n|\n|t:|1782433056\n|switch|p1a: Great Tusk|Great Tusk|100/100\n|-enditem|p1a: Great Tusk|Booster Energy\n|-activate|p1a: Great Tusk|ability: Protosynthesis|[fromitem]\n|-start|p1a: Great Tusk|protosynthesisatk\n|turn|5\n|inactive|mclarenbtw has 120 seconds left.\n|\n|t:|1782433065\n|move|p1a: Great Tusk|Headlong Rush|p2a: Slowking\n|-supereffective|p2a: Slowking\n|-enditem|p2a: Slowking|Shuca Berry|[eat]\n|-enditem|p2a: Slowking|Shuca Berry|[weaken]\n|-damage|p2a: Slowking|0 fnt\n|-unboost|p1a: Great Tusk|def|1\n|-unboost|p1a: Great Tusk|spd|1\n|faint|p2a: Slowking\n|\n|upkeep\n|\n|t:|1782433082\n|switch|p2a: Kyurem|Kyurem|100/100\n|-ability|p2a: Kyurem|Pressure\n|turn|6\n|\n|t:|1782433088\n|move|p2a: Kyurem|Freeze-Dry|p1a: Great Tusk\n|-supereffective|p1a: Great Tusk\n|-damage|p1a: Great Tusk|0 fnt\n|faint|p1a: Great Tusk\n|-end|p1a: Great Tusk|Protosynthesis|[silent]\n|\n|upkeep\n|\n|t:|1782433100\n|switch|p1a: Gholdengo|Gholdengo|100/100\n|turn|7\n|inactive|mclarenbtw has 120 seconds left.\n|\n|t:|1782433124\n|move|p1a: Gholdengo|Make It Rain|p2a: Kyurem\n|-supereffective|p2a: Kyurem\n|-damage|p2a: Kyurem|0 fnt\n|-unboost|p1a: Gholdengo|spa|1\n|faint|p2a: Kyurem\n|\n|upkeep\n|inactive|thepeakmons has 120 seconds left.\n|\n|t:|1782433144\n|switch|p2a: Cinderace|Cinderace, F|100/100\n|turn|8\n|inactive|thepeakmons has 120 seconds left.\n|inactive|mclarenbtw has 120 seconds left.\n|\n|t:|1782433174\n|switch|p1a: Ogerpon|Ogerpon-Wellspring, F|100/100\n|move|p2a: Cinderace|Pyro Ball|p1a: Ogerpon\n|-damage|p1a: Ogerpon|42/100\n|\n|upkeep\n|turn|9\n|inactive|thepeakmons has 120 seconds left.\n|\n|t:|1782433186\n|move|p2a: Cinderace|Pyro Ball|p1a: Ogerpon\n|-damage|p1a: Ogerpon|0 fnt\n|faint|p1a: Ogerpon\n|\n|upkeep\n|\n|t:|1782433203\n|switch|p1a: Gholdengo|Gholdengo|100/100\n|turn|10\n|\n|t:|1782433213\n|move|p1a: Gholdengo|Thunderbolt|p2a: Cinderace\n|-damage|p2a: Cinderace|55/100\n|move|p2a: Cinderace|Pyro Ball|p1a: Gholdengo\n|-supereffective|p1a: Gholdengo\n|-damage|p1a: Gholdengo|0 fnt\n|faint|p1a: Gholdengo\n|\n|upkeep\n|\n|t:|1782433217\n|switch|p1a: Corviknight|Corviknight, F|100/100\n|-ability|p1a: Corviknight|Pressure\n|turn|11\n|inactive|mclarenbtw has 120 seconds left.\n|\n|t:|1782433226\n|move|p2a: Cinderace|Will-O-Wisp|p1a: Corviknight|[miss]\n|-miss|p2a: Cinderace|p1a: Corviknight\n|move|p1a: Corviknight|Body Press|p2a: Cinderace\n|-damage|p2a: Cinderace|24/100\n|\n|upkeep\n|turn|12\n|inactive|mclarenbtw has 120 seconds left.\n|\n|t:|1782433254\n|move|p2a: Cinderace|Will-O-Wisp|p1a: Corviknight\n|-status|p1a: Corviknight|brn\n|move|p1a: Corviknight|Body Press|p2a: Cinderace\n|-crit|p2a: Cinderace\n|-damage|p2a: Cinderace|0 fnt\n|faint|p2a: Cinderace\n|\n|-damage|p1a: Corviknight|94/100 brn|[from] brn\n|upkeep\n|\n|t:|1782433262\n|switch|p2a: Corviknight|Corviknight, F|100/100\n|-ability|p2a: Corviknight|Pressure\n|turn|13\n|\n|t:|1782433282\n|switch|p2a: Dondozo|Dondozo, M|100/100\n|move|p1a: Corviknight|Body Press|p2a: Dondozo\n|-crit|p2a: Dondozo\n|-damage|p2a: Dondozo|88/100\n|\n|-heal|p2a: Dondozo|94/100|[from] item: Leftovers\n|-damage|p1a: Corviknight|88/100 brn|[from] brn\n|upkeep\n|turn|14\n|inactive|thepeakmons has 120 seconds left.\n|\n|t:|1782433299\n|switch|p2a: Corviknight|Corviknight, F|100/100\n|-ability|p2a: Corviknight|Pressure\n|move|p1a: Corviknight|Body Press|p2a: Corviknight\n|-damage|p2a: Corviknight|93/100\n|-damage|p1a: Corviknight|71/100 brn|[from] item: Rocky Helmet|[of] p2a: Corviknight\n|\n|-damage|p1a: Corviknight|65/100 brn|[from] brn\n|upkeep\n|turn|15\n|inactive|mclarenbtw has 120 seconds left.\n|inactive|thepeakmons has 120 seconds left.\n|\n|t:|1782433312\n|switch|p2a: Dondozo|Dondozo, M|94/100\n|move|p1a: Corviknight|Body Press|p2a: Dondozo\n|-damage|p2a: Dondozo|86/100\n|\n|-heal|p2a: Dondozo|92/100|[from] item: Leftovers\n|-damage|p1a: Corviknight|59/100 brn|[from] brn\n|upkeep\n|turn|16\n|inactive|thepeakmons has 120 seconds left.\n|\n|t:|1782433325\n|move|p1a: Corviknight|Body Press|p2a: Dondozo\n|-damage|p2a: Dondozo|85/100\n|move|p2a: Dondozo|Curse|p2a: Dondozo\n|-unboost|p2a: Dondozo|spe|1\n|-boost|p2a: Dondozo|atk|1\n|-boost|p2a: Dondozo|def|1\n|\n|-heal|p2a: Dondozo|91/100|[from] item: Leftovers\n|-damage|p1a: Corviknight|53/100 brn|[from] brn\n|upkeep\n|turn|17\n|inactive|thepeakmons has 120 seconds left.\n|\n|t:|1782433338\n|move|p1a: Corviknight|U-turn|p2a: Dondozo\n|-damage|p2a: Dondozo|88/100\n|\n|t:|1782433340\n|switch|p1a: Dragonite|Dragonite, M|100/100|[from] U-turn\n|move|p2a: Dondozo|Curse|p2a: Dondozo\n|-unboost|p2a: Dondozo|spe|1\n|-boost|p2a: Dondozo|atk|1\n|-boost|p2a: Dondozo|def|1\n|\n|-heal|p2a: Dondozo|94/100|[from] item: Leftovers\n|upkeep\n|turn|18\n|\n|t:|1782433350\n|-terastallize|p1a: Dragonite|Normal\n|move|p1a: Dragonite|Dragon Dance|p1a: Dragonite\n|-boost|p1a: Dragonite|atk|1\n|-boost|p1a: Dragonite|spe|1\n|move|p2a: Dondozo|Waterfall|p1a: Dragonite\n|-damage|p1a: Dragonite|70/100\n|\n|-heal|p2a: Dondozo|99/100|[from] item: Leftovers\n|upkeep\n|turn|19\n|inactive|thepeakmons has 120 seconds left.\n|\n|t:|1782433379\n|move|p1a: Dragonite|Dragon Dance|p1a: Dragonite\n|-boost|p1a: Dragonite|atk|1\n|-boost|p1a: Dragonite|spe|1\n|move|p2a: Dondozo|Body Press|p1a: Dragonite\n|-supereffective|p1a: Dragonite\n|-damage|p1a: Dragonite|0 fnt\n|faint|p1a: Dragonite\n|\n|-heal|p2a: Dondozo|100/100|[from] item: Leftovers\n|upkeep\n|\n|t:|1782433386\n|switch|p1a: Corviknight|Corviknight, F|53/100 brn\n|-ability|p1a: Corviknight|Pressure\n|turn|20\n|\n|t:|1782433392\n|move|p1a: Corviknight|Body Press|p2a: Dondozo\n|-damage|p2a: Dondozo|97/100\n|move|p2a: Dondozo|Body Press|p1a: Corviknight\n|-damage|p1a: Corviknight|26/100 brn\n|-damage|p2a: Dondozo|80/100|[from] item: Rocky Helmet|[of] p1a: Corviknight\n|\n|-heal|p2a: Dondozo|86/100|[from] item: Leftovers\n|-damage|p1a: Corviknight|20/100 brn|[from] brn\n|upkeep\n|turn|21\n|\n|t:|1782433406\n|move|p1a: Corviknight|Roost|p1a: Corviknight\n|-heal|p1a: Corviknight|70/100 brn\n|-singleturn|p1a: Corviknight|move: Roost\n|move|p2a: Dondozo|Waterfall|p1a: Corviknight\n|-damage|p1a: Corviknight|37/100 brn\n|-damage|p2a: Dondozo|70/100|[from] item: Rocky Helmet|[of] p1a: Corviknight\n|\n|-heal|p2a: Dondozo|76/100|[from] item: Leftovers\n|-damage|p1a: Corviknight|31/100 brn|[from] brn\n|upkeep\n|turn|22\n|inactive|thepeakmons has 120 seconds left.\n|\n|t:|1782433422\n|move|p1a: Corviknight|Roost|p1a: Corviknight\n|-heal|p1a: Corviknight|81/100 brn\n|-singleturn|p1a: Corviknight|move: Roost\n|move|p2a: Dondozo|Body Press|p1a: Corviknight\n|-supereffective|p1a: Corviknight\n|-damage|p1a: Corviknight|35/100 brn\n|-damage|p2a: Dondozo|60/100|[from] item: Rocky Helmet|[of] p1a: Corviknight\n|\n|-heal|p2a: Dondozo|66/100|[from] item: Leftovers\n|-damage|p1a: Corviknight|29/100 brn|[from] brn\n|upkeep\n|turn|23\n|inactive|thepeakmons has 120 seconds left.\n|\n|t:|1782433440\n|move|p1a: Corviknight|Roost|p1a: Corviknight\n|-heal|p1a: Corviknight|79/100 brn\n|-singleturn|p1a: Corviknight|move: Roost\n|move|p2a: Dondozo|Curse|p2a: Dondozo\n|-unboost|p2a: Dondozo|spe|1\n|-boost|p2a: Dondozo|atk|1\n|-boost|p2a: Dondozo|def|1\n|\n|-heal|p2a: Dondozo|72/100|[from] item: Leftovers\n|-damage|p1a: Corviknight|73/100 brn|[from] brn\n|upkeep\n|turn|24\n|inactive|thepeakmons has 120 seconds left.\n|\n|t:|1782433458\n|move|p1a: Corviknight|Body Press|p2a: Dondozo\n|-damage|p2a: Dondozo|68/100\n|move|p2a: Dondozo|Waterfall|p1a: Corviknight\n|-damage|p1a: Corviknight|34/100 brn\n|-damage|p2a: Dondozo|52/100|[from] item: Rocky Helmet|[of] p1a: Corviknight\n|\n|-heal|p2a: Dondozo|58/100|[from] item: Leftovers\n|-damage|p1a: Corviknight|28/100 brn|[from] brn\n|upkeep\n|turn|25\n|inactive|thepeakmons has 120 seconds left.\n|\n|t:|1782433470\n|move|p1a: Corviknight|Roost|p1a: Corviknight\n|-heal|p1a: Corviknight|78/100 brn\n|-singleturn|p1a: Corviknight|move: Roost\n|move|p2a: Dondozo|Waterfall|p1a: Corviknight\n|-damage|p1a: Corviknight|37/100 brn\n|-damage|p2a: Dondozo|41/100|[from] item: Rocky Helmet|[of] p1a: Corviknight\n|\n|-heal|p2a: Dondozo|48/100|[from] item: Leftovers\n|-damage|p1a: Corviknight|31/100 brn|[from] brn\n|upkeep\n|turn|26\n|inactive|thepeakmons has 120 seconds left.\n|\n|t:|1782433481\n|move|p1a: Corviknight|Roost|p1a: Corviknight\n|-heal|p1a: Corviknight|81/100 brn\n|-singleturn|p1a: Corviknight|move: Roost\n|move|p2a: Dondozo|Body Press|p1a: Corviknight\n|-supereffective|p1a: Corviknight\n|-damage|p1a: Corviknight|24/100 brn\n|-damage|p2a: Dondozo|31/100|[from] item: Rocky Helmet|[of] p1a: Corviknight\n|\n|-heal|p2a: Dondozo|37/100|[from] item: Leftovers\n|-damage|p1a: Corviknight|18/100 brn|[from] brn\n|upkeep\n|turn|27\n|inactive|thepeakmons has 120 seconds left.\n|\n|t:|1782433499\n|move|p1a: Corviknight|Roost|p1a: Corviknight\n|-heal|p1a: Corviknight|68/100 brn\n|-singleturn|p1a: Corviknight|move: Roost\n|move|p2a: Dondozo|Body Press|p1a: Corviknight\n|-supereffective|p1a: Corviknight\n|-damage|p1a: Corviknight|10/100 brn\n|-damage|p2a: Dondozo|21/100|[from] item: Rocky Helmet|[of] p1a: Corviknight\n|\n|-heal|p2a: Dondozo|27/100|[from] item: Leftovers\n|-damage|p1a: Corviknight|4/100 brn|[from] brn\n|upkeep\n|turn|28\n|\n|t:|1782433512\n|move|p1a: Corviknight|Roost|p1a: Corviknight\n|-heal|p1a: Corviknight|54/100 brn\n|-singleturn|p1a: Corviknight|move: Roost\n|move|p2a: Dondozo|Waterfall|p1a: Corviknight\n|-damage|p1a: Corviknight|13/100 brn\n|-damage|p2a: Dondozo|10/100|[from] item: Rocky Helmet|[of] p1a: Corviknight\n|\n|-heal|p2a: Dondozo|17/100|[from] item: Leftovers\n|-damage|p1a: Corviknight|7/100 brn|[from] brn\n|upkeep\n|turn|29\n|inactive|thepeakmons has 120 seconds left.\n|\n|t:|1782433520\n|move|p1a: Corviknight|Roost|p1a: Corviknight\n|-heal|p1a: Corviknight|57/100 brn\n|-singleturn|p1a: Corviknight|move: Roost\n|move|p2a: Dondozo|Body Press|p1a: Corviknight\n|-supereffective|p1a: Corviknight\n|-damage|p1a: Corviknight|0 fnt\n|-damage|p2a: Dondozo|0 fnt|[from] item: Rocky Helmet|[of] p1a: Corviknight\n|faint|p1a: Corviknight\n|faint|p2a: Dondozo\n|\n|win|thepeakmons\n|raw|mclarenbtw's rating: 1169 &rarr; <strong>1148</strong><br />(-21 for losing)\n|raw|thepeakmons's rating: 1221 &rarr; <strong>1242</strong><br />(+21 for winning)\n|l|☆mclarenbtw\n|player|p1|\n", "uploadtime": 1782433521, "views": 24, "formatid": "gen9ou", "rating": 1148, "private": 0, "password": null}