{"id": "gen9ou-2647770128", "format": "[Gen 9] OU", "players": ["JoYuKneekYT", "oseimak000"], "log": "|j|☆JoYuKneekYT\n|j|☆oseimak000\n|t:|1783809535\n|gametype|singles\n|player|p1|JoYuKneekYT|cynthia|1303\n|player|p2|oseimak000|benga|1333\n|gen|9\n|tier|[Gen 9] OU\n|rated|\n|rule|HP Percentage Mod: HP is shown in percentages\n|rule|Endless Battle Clause: Forcing endless battles is banned\n|rule|Species Clause: Limit one of each Pokémon\n|rule|OHKO Clause: OHKO moves are banned\n|rule|Evasion Items Clause: Evasion items are banned\n|rule|Evasion Moves Clause: Evasion moves are banned\n|rule|Evasion Abilities Clause: Evasion abilities are banned\n|rule|Sleep Moves Clause: Sleep-inducing moves are banned\n|clearpoke\n|poke|p1|Oricorio-Pom-Pom, M|\n|poke|p1|Ceruledge, M|\n|poke|p1|Grimmsnarl, M|\n|poke|p1|Decidueye-Hisui, M|\n|poke|p1|Cinderace, M|\n|poke|p1|Ogerpon-Wellspring, F|\n|poke|p2|Ceruledge, F|\n|poke|p2|Greninja-*, M|\n|poke|p2|Dragonite, F|\n|poke|p2|Lucario, F|\n|poke|p2|Ogerpon-Wellspring, F|\n|poke|p2|Blaziken, M|\n|teampreview\n|\n|t:|1783809552\n|teamsize|p1|6\n|teamsize|p2|6\n|start\n|switch|p1a: Grimmsnarl|Grimmsnarl, M|100/100\n|switch|p2a: Lucario|Lucario, F, shiny|100/100\n|turn|1\n|\n|t:|1783809561\n|move|p1a: Grimmsnarl|Parting Shot|p2a: Lucario\n|-unboost|p2a: Lucario|atk|1\n|-unboost|p2a: Lucario|spa|1\n|\n|t:|1783809565\n|switch|p1a: Cinderace|Cinderace, M|100/100|[from] Parting Shot\n|move|p2a: Lucario|Swords Dance|p2a: Lucario\n|-boost|p2a: Lucario|atk|2\n|\n|upkeep\n|turn|2\n|\n|t:|1783809573\n|move|p1a: Cinderace|Pyro Ball|p2a: Lucario\n|-supereffective|p2a: Lucario\n|-enditem|p2a: Lucario|Focus Sash\n|-damage|p2a: Lucario|1/100\n|move|p2a: Lucario|Close Combat|p1a: Cinderace\n|-damage|p1a: Cinderace|0 fnt\n|-unboost|p2a: Lucario|def|1\n|-unboost|p2a: Lucario|spd|1\n|faint|p1a: Cinderace\n|\n|upkeep\n|\n|t:|1783809582\n|switch|p1a: Ogerpon|Ogerpon-Wellspring, F|100/100\n|turn|3\n|\n|t:|1783809586\n|move|p2a: Lucario|Extreme Speed|p1a: Ogerpon\n|-damage|p1a: Ogerpon|55/100\n|move|p1a: Ogerpon|Trailblaze|p2a: Lucario\n|-resisted|p2a: Lucario\n|-damage|p2a: Lucario|0 fnt\n|-boost|p1a: Ogerpon|spe|1\n|faint|p2a: Lucario\n|\n|upkeep\n|\n|t:|1783809601\n|switch|p2a: Blaziken|Blaziken, M, shiny|100/100\n|turn|4\n|\n|t:|1783809609\n|move|p2a: Blaziken|Protect|p2a: Blaziken\n|-singleturn|p2a: Blaziken|Protect\n|move|p1a: Ogerpon|Ivy Cudgel|p2a: Blaziken|[anim] Ivy Cudgel Water\n|-activate|p2a: Blaziken|move: Protect\n|\n|-ability|p2a: Blaziken|Speed Boost|boost\n|-boost|p2a: Blaziken|spe|1\n|upkeep\n|turn|5\n|\n|t:|1783809619\n|move|p1a: Ogerpon|Ivy Cudgel|p2a: Blaziken|[anim] Ivy Cudgel Water\n|-supereffective|p2a: Blaziken\n|-enditem|p2a: Blaziken|Focus Sash\n|-damage|p2a: Blaziken|1/100\n|move|p2a: Blaziken|Swords Dance|p2a: Blaziken\n|-boost|p2a: Blaziken|atk|2\n|\n|-ability|p2a: Blaziken|Speed Boost|boost\n|-boost|p2a: Blaziken|spe|1\n|upkeep\n|turn|6\n|\n|t:|1783809630\n|move|p2a: Blaziken|Protect|p2a: Blaziken\n|-singleturn|p2a: Blaziken|Protect\n|move|p1a: Ogerpon|Trailblaze|p2a: Blaziken\n|-activate|p2a: Blaziken|move: Protect\n|\n|-ability|p2a: Blaziken|Speed Boost|boost\n|-boost|p2a: Blaziken|spe|1\n|upkeep\n|turn|7\n|\n|t:|1783809639\n|move|p2a: Blaziken|Close Combat|p1a: Ogerpon\n|-damage|p1a: Ogerpon|0 fnt\n|-unboost|p2a: Blaziken|def|1\n|-unboost|p2a: Blaziken|spd|1\n|faint|p1a: Ogerpon\n|\n|-ability|p2a: Blaziken|Speed Boost|boost\n|-boost|p2a: Blaziken|spe|1\n|upkeep\n|\n|t:|1783809644\n|switch|p1a: Ceruledge|Ceruledge, M|100/100\n|turn|8\n|inactive|Battle timer is ON: inactive players will automatically lose when time's up. (requested by JoYuKneekYT)\n|\n|t:|1783809650\n|move|p1a: Ceruledge|Shadow Sneak|p2a: Blaziken\n|-damage|p2a: Blaziken|0 fnt\n|faint|p2a: Blaziken\n|\n|upkeep\n|\n|t:|1783809657\n|switch|p2a: Ogerpon|Ogerpon-Wellspring, F|100/100\n|turn|9\n|\n|t:|1783809665\n|-terastallize|p2a: Ogerpon|Water\n|detailschange|p2a: Ogerpon|Ogerpon-Wellspring-Tera, F, tera:Water\n|-ability|p2a: Ogerpon|Embody Aspect (Wellspring)|boost\n|-boost|p2a: Ogerpon|spd|1\n|move|p2a: Ogerpon|Ivy Cudgel|p1a: Ceruledge|[anim] Ivy Cudgel Water\n|-supereffective|p1a: Ceruledge\n|-enditem|p1a: Ceruledge|Focus Sash\n|-damage|p1a: Ceruledge|1/100\n|-ability|p1a: Ceruledge|Weak Armor|boost\n|-unboost|p1a: Ceruledge|def|1\n|-boost|p1a: Ceruledge|spe|2\n|move|p1a: Ceruledge|Swords Dance|p1a: Ceruledge\n|-boost|p1a: Ceruledge|atk|2\n|\n|upkeep\n|turn|10\n|\n|t:|1783809680\n|move|p1a: Ceruledge|Close Combat|p2a: Ogerpon\n|-damage|p2a: Ogerpon|0 fnt\n|-unboost|p1a: Ceruledge|def|1\n|-unboost|p1a: Ceruledge|spd|1\n|faint|p2a: Ogerpon\n|detailschange|p2: Ogerpon|Ogerpon-Wellspring, F|[silent]\n|\n|upkeep\n|\n|t:|1783809687\n|switch|p2a: Greninja|Greninja, M|100/100\n|turn|11\n|\n|t:|1783809693\n|move|p1a: Ceruledge|Shadow Sneak|p2a: Greninja\n|-resisted|p2a: Greninja\n|-damage|p2a: Greninja|70/100\n|move|p2a: Greninja|Dark Pulse|p1a: Ceruledge\n|-supereffective|p1a: Ceruledge\n|-damage|p1a: Ceruledge|0 fnt\n|faint|p1a: Ceruledge\n|-ability|p2a: Greninja|Battle Bond|boost\n|-boost|p2a: Greninja|atk|1\n|-boost|p2a: Greninja|spa|1\n|-boost|p2a: Greninja|spe|1\n|-activate|p2a: Greninja|ability: Battle Bond\n|\n|upkeep\n|\n|t:|1783809697\n|switch|p1a: Grimmsnarl|Grimmsnarl, M|100/100\n|turn|12\n|\n|t:|1783809707\n|move|p1a: Grimmsnarl|Light Screen|p1a: Grimmsnarl\n|-sidestart|p1: JoYuKneekYT|move: Light Screen\n|move|p2a: Greninja|Sludge Wave|p1a: Grimmsnarl\n|-supereffective|p1a: Grimmsnarl\n|-damage|p1a: Grimmsnarl|66/100\n|\n|upkeep\n|turn|13\n|\n|t:|1783809714\n|move|p2a: Greninja|Hydro Pump|p1a: Grimmsnarl\n|-damage|p1a: Grimmsnarl|40/100\n|move|p1a: Grimmsnarl|Spirit Break|p2a: Greninja\n|-supereffective|p2a: Greninja\n|-damage|p2a: Greninja|0 fnt\n|faint|p2a: Greninja\n|\n|upkeep\n|\n|t:|1783809723\n|switch|p2a: Ceruledge|Ceruledge, F|100/100\n|turn|14\n|\n|t:|1783809731\n|move|p1a: Grimmsnarl|Reflect|p1a: Grimmsnarl\n|-sidestart|p1: JoYuKneekYT|Reflect\n|move|p2a: Ceruledge|Swords Dance|p2a: Ceruledge\n|-boost|p2a: Ceruledge|atk|2\n|\n|upkeep\n|turn|15\n|\n|t:|1783809738\n|move|p2a: Ceruledge|Swords Dance|p2a: Ceruledge\n|-boost|p2a: Ceruledge|atk|2\n|move|p1a: Grimmsnarl|Spirit Break|p2a: Ceruledge\n|-resisted|p2a: Ceruledge\n|-damage|p2a: Ceruledge|78/100\n|-unboost|p2a: Ceruledge|spa|1\n|-ability|p2a: Ceruledge|Weak Armor|boost\n|-unboost|p2a: Ceruledge|def|1\n|-boost|p2a: Ceruledge|spe|2\n|\n|upkeep\n|turn|16\n|\n|t:|1783809750\n|move|p1a: Grimmsnarl|Parting Shot|p2a: Ceruledge\n|-unboost|p2a: Ceruledge|atk|1\n|-unboost|p2a: Ceruledge|spa|1\n|\n|t:|1783809762\n|switch|p1a: Oricorio|Oricorio-Pom-Pom, M|100/100|[from] Parting Shot\n|move|p2a: Ceruledge|Bitter Blade|p1a: Oricorio\n|-damage|p1a: Oricorio|29/100\n|-heal|p2a: Ceruledge|100/100|[from] drain|[of] p1a: Oricorio\n|-enditem|p1a: Oricorio|Kee Berry|[eat]\n|-boost|p1a: Oricorio|def|1|[from] item: Kee Berry\n|\n|upkeep\n|turn|17\n|\n|t:|1783809773\n|move|p2a: Ceruledge|Bitter Blade|p1a: Oricorio\n|-damage|p1a: Oricorio|0 fnt\n|faint|p1a: Oricorio\n|\n|upkeep\n|\n|t:|1783809775\n|switch|p1a: Grimmsnarl|Grimmsnarl, M|40/100\n|turn|18\n|\n|t:|1783809781\n|move|p2a: Ceruledge|Close Combat|p1a: Grimmsnarl\n|-damage|p1a: Grimmsnarl|0 fnt\n|-unboost|p2a: Ceruledge|def|1\n|-unboost|p2a: Ceruledge|spd|1\n|faint|p1a: Grimmsnarl\n|\n|upkeep\n|-message|JoYuKneekYT forfeited.\n|\n|win|oseimak000\n|raw|JoYuKneekYT's rating: 1303 &rarr; <strong>1285</strong><br />(-18 for losing)\n|raw|oseimak000's rating: 1333 &rarr; <strong>1351</strong><br />(+18 for winning)\n|l|☆JoYuKneekYT\n|player|p1|\n", "uploadtime": 1783810123, "views": 8, "formatid": "gen9ou", "rating": 1285, "private": 0, "password": null}