{"id": "gen9ou-2639252530", "format": "[Gen 9] OU", "players": ["Player569m", "Jbartlett19"], "log": "|j|☆Player569m\n|j|☆Jbartlett19\n|t:|1782440781\n|gametype|singles\n|player|p1|Player569m|170|1449\n|player|p2|Jbartlett19|170|1414\n|gen|9\n|tier|[Gen 9] OU\n|rated|\n|rule|HP Percentage Mod: HP is shown in percentages\n|rule|Endless Battle Clause: Forcing endless battles is banned\n|rule|Species Clause: Limit one of each Pokémon\n|rule|OHKO Clause: OHKO moves are banned\n|rule|Evasion Items Clause: Evasion items are banned\n|rule|Evasion Moves Clause: Evasion moves are banned\n|rule|Evasion Abilities Clause: Evasion abilities are banned\n|rule|Sleep Moves Clause: Sleep-inducing moves are banned\n|clearpoke\n|poke|p1|Kingambit, M|\n|poke|p1|Great Tusk|\n|poke|p1|Ninetales-Alola, M|\n|poke|p1|Pecharunt|\n|poke|p1|Conkeldurr, M|\n|poke|p1|Spiritomb, M|\n|poke|p2|Hydrapple, F|\n|poke|p2|Garganacl, F|\n|poke|p2|Scizor, F|\n|poke|p2|Corviknight, F|\n|poke|p2|Clodsire, F|\n|poke|p2|Mienshao, F|\n|teampreview\n|inactive|Battle timer is ON: inactive players will automatically lose when time's up. (requested by Jbartlett19)\n|\n|t:|1782440792\n|teamsize|p1|6\n|teamsize|p2|6\n|start\n|switch|p1a: Pecharunt|Pecharunt|100/100\n|switch|p2a: Scizor|Scizor, F|100/100\n|turn|1\n|\n|t:|1782440797\n|move|p1a: Pecharunt|Nasty Plot|p1a: Pecharunt\n|-boost|p1a: Pecharunt|spa|2\n|move|p2a: Scizor|Knock Off|p1a: Pecharunt\n|-supereffective|p1a: Pecharunt\n|-damage|p1a: Pecharunt|44/100\n|-enditem|p1a: Pecharunt|Quick Claw|[from] move: Knock Off|[of] p2a: Scizor\n|\n|upkeep\n|turn|2\n|\n|t:|1782440812\n|move|p1a: Pecharunt|Recover|p1a: Pecharunt\n|-heal|p1a: Pecharunt|94/100\n|move|p2a: Scizor|Knock Off|p1a: Pecharunt\n|-supereffective|p1a: Pecharunt\n|-damage|p1a: Pecharunt|56/100\n|\n|upkeep\n|turn|3\n|\n|t:|1782440819\n|move|p1a: Pecharunt|Recover|p1a: Pecharunt\n|-heal|p1a: Pecharunt|100/100\n|move|p2a: Scizor|U-turn|p1a: Pecharunt\n|-resisted|p1a: Pecharunt\n|-damage|p1a: Pecharunt|93/100\n|\n|t:|1782440826\n|switch|p2a: Garganacl|Garganacl, F|100/100|[from] U-turn\n|\n|upkeep\n|turn|4\n|\n|t:|1782440833\n|move|p1a: Pecharunt|Shadow Ball|p2a: Garganacl\n|-damage|p2a: Garganacl|77/100\n|move|p2a: Garganacl|Salt Cure|p1a: Pecharunt\n|-damage|p1a: Pecharunt|83/100\n|-start|p1a: Pecharunt|Salt Cure\n|\n|-heal|p2a: Garganacl|83/100|[from] item: Leftovers\n|-damage|p1a: Pecharunt|71/100|[from] Salt Cure\n|upkeep\n|turn|5\n|\n|t:|1782440846\n|switch|p1a: Great Tusk|Great Tusk|100/100\n|move|p2a: Garganacl|Stealth Rock|p1a: Great Tusk\n|-sidestart|p1: Player569m|move: Stealth Rock\n|\n|-heal|p2a: Garganacl|89/100|[from] item: Leftovers\n|upkeep\n|turn|6\n|\n|t:|1782440857\n|switch|p2a: Corviknight|Corviknight, F|100/100\n|-ability|p2a: Corviknight|Pressure\n|move|p1a: Great Tusk|Stealth Rock|p2a: Corviknight\n|-sidestart|p2: Jbartlett19|move: Stealth Rock\n|\n|upkeep\n|turn|7\n|\n|t:|1782440867\n|move|p1a: Great Tusk|Rapid Spin|p2a: Corviknight\n|-resisted|p2a: Corviknight\n|-damage|p2a: Corviknight|95/100\n|-boost|p1a: Great Tusk|spe|1\n|-damage|p1a: Great Tusk|84/100|[from] item: Rocky Helmet|[of] p2a: Corviknight\n|-sideend|p1: Player569m|Stealth Rock|[from] move: Rapid Spin|[of] p1a: Great Tusk\n|move|p2a: Corviknight|Brave Bird|p1a: Great Tusk\n|-supereffective|p1a: Great Tusk\n|-damage|p1a: Great Tusk|27/100\n|-damage|p2a: Corviknight|77/100|[from] Recoil\n|\n|upkeep\n|turn|8\n|\n|t:|1782440886\n|-end|p1a: Great Tusk|Protosynthesis|[silent]\n|switch|p1a: Spiritomb|Spiritomb, M|100/100\n|move|p2a: Corviknight|Defog|p1a: Spiritomb\n|-unboost|p1a: Spiritomb|evasion|1\n|-sideend|p2: Jbartlett19|Stealth Rock|[from] move: Defog|[of] p2a: Corviknight\n|\n|upkeep\n|turn|9\n|\n|t:|1782440893\n|move|p2a: Corviknight|U-turn|p1a: Spiritomb\n|-damage|p1a: Spiritomb|86/100\n|\n|t:|1782440896\n|switch|p2a: Garganacl|Garganacl, F|89/100|[from] U-turn\n|move|p1a: Spiritomb|Nasty Plot|p1a: Spiritomb\n|-boost|p1a: Spiritomb|spa|2\n|\n|-heal|p2a: Garganacl|95/100|[from] item: Leftovers\n|upkeep\n|turn|10\n|\n|t:|1782440905\n|move|p1a: Spiritomb|Dark Pulse|p2a: Garganacl\n|-damage|p2a: Garganacl|43/100\n|move|p2a: Garganacl|Salt Cure|p1a: Spiritomb\n|-damage|p1a: Spiritomb|72/100\n|-start|p1a: Spiritomb|Salt Cure\n|\n|-heal|p2a: Garganacl|49/100|[from] item: Leftovers\n|-damage|p1a: Spiritomb|60/100|[from] Salt Cure\n|upkeep\n|turn|11\n|-activate|p1a: Spiritomb|item: Quick Claw\n|\n|t:|1782440914\n|move|p2a: Garganacl|Protect|p2a: Garganacl\n|-singleturn|p2a: Garganacl|Protect\n|move|p1a: Spiritomb|Dark Pulse|p2a: Garganacl\n|-activate|p2a: Garganacl|move: Protect\n|\n|-heal|p2a: Garganacl|55/100|[from] item: Leftovers\n|-damage|p1a: Spiritomb|47/100|[from] Salt Cure\n|upkeep\n|turn|12\n|\n|t:|1782440930\n|switch|p2a: Clodsire|Clodsire, F|100/100\n|move|p1a: Spiritomb|Dark Pulse|p2a: Clodsire\n|-damage|p2a: Clodsire|59/100\n|\n|-heal|p2a: Clodsire|66/100|[from] item: Leftovers\n|-damage|p1a: Spiritomb|35/100|[from] Salt Cure\n|upkeep\n|turn|13\n|\n|t:|1782440945\n|move|p1a: Spiritomb|Psyshock|p2a: Clodsire\n|-supereffective|p2a: Clodsire\n|-damage|p2a: Clodsire|0 fnt\n|faint|p2a: Clodsire\n|\n|-damage|p1a: Spiritomb|22/100|[from] Salt Cure\n|upkeep\n|\n|t:|1782440954\n|switch|p2a: Scizor|Scizor, F|100/100\n|turn|14\n|\n|t:|1782440961\n|move|p2a: Scizor|Bullet Punch|p1a: Spiritomb\n|-damage|p1a: Spiritomb|0 fnt\n|faint|p1a: Spiritomb\n|\n|upkeep\n|\n|t:|1782440974\n|switch|p1a: Conkeldurr|Conkeldurr, M|100/100\n|turn|15\n|\n|t:|1782440995\n|move|p2a: Scizor|Knock Off|p1a: Conkeldurr\n|-resisted|p1a: Conkeldurr\n|-damage|p1a: Conkeldurr|81/100\n|-enditem|p1a: Conkeldurr|Flame Orb|[from] move: Knock Off|[of] p2a: Scizor\n|move|p1a: Conkeldurr|Bulk Up|p1a: Conkeldurr\n|-boost|p1a: Conkeldurr|atk|1\n|-boost|p1a: Conkeldurr|def|1\n|\n|upkeep\n|turn|16\n|\n|t:|1782441013\n|move|p2a: Scizor|U-turn|p1a: Conkeldurr\n|-resisted|p1a: Conkeldurr\n|-damage|p1a: Conkeldurr|67/100\n|\n|t:|1782441016\n|switch|p2a: Corviknight|Corviknight, F|77/100|[from] U-turn\n|-ability|p2a: Corviknight|Pressure\n|move|p1a: Conkeldurr|Bulk Up|p1a: Conkeldurr\n|-boost|p1a: Conkeldurr|atk|1\n|-boost|p1a: Conkeldurr|def|1\n|\n|upkeep\n|turn|17\n|\n|t:|1782441028\n|move|p1a: Conkeldurr|Mach Punch|p2a: Corviknight\n|-damage|p2a: Corviknight|49/100\n|-damage|p1a: Conkeldurr|51/100|[from] item: Rocky Helmet|[of] p2a: Corviknight\n|move|p2a: Corviknight|Brave Bird|p1a: Conkeldurr\n|-supereffective|p1a: Conkeldurr\n|-damage|p1a: Conkeldurr|16/100\n|-damage|p2a: Corviknight|39/100|[from] Recoil\n|\n|upkeep\n|turn|18\n|\n|t:|1782441039\n|move|p1a: Conkeldurr|Mach Punch|p2a: Corviknight\n|-crit|p2a: Corviknight\n|-damage|p2a: Corviknight|0 fnt\n|-damage|p1a: Conkeldurr|0 fnt|[from] item: Rocky Helmet|[of] p2a: Corviknight\n|faint|p2a: Corviknight\n|faint|p1a: Conkeldurr\n|\n|upkeep\n|\n|t:|1782441047\n|switch|p2a: Garganacl|Garganacl, F|55/100\n|switch|p1a: Ninetales|Ninetales-Alola, M|100/100\n|-weather|Snowscape|[from] ability: Snow Warning|[of] p1a: Ninetales\n|turn|19\n|\n|t:|1782441055\n|move|p1a: Ninetales|Aurora Veil|p1a: Ninetales\n|-sidestart|p1: Player569m|move: Aurora Veil\n|move|p2a: Garganacl|Salt Cure|p1a: Ninetales\n|-supereffective|p1a: Ninetales\n|-damage|p1a: Ninetales|88/100\n|-start|p1a: Ninetales|Salt Cure\n|\n|-weather|Snowscape|[upkeep]\n|-heal|p2a: Garganacl|61/100|[from] item: Leftovers\n|-damage|p1a: Ninetales|75/100|[from] Salt Cure\n|upkeep\n|turn|20\n|\n|t:|1782441083\n|switch|p1a: Great Tusk|Great Tusk|27/100\n|move|p2a: Garganacl|Recover|p2a: Garganacl\n|-heal|p2a: Garganacl|100/100\n|\n|-weather|Snowscape|[upkeep]\n|upkeep\n|turn|21\n|\n|t:|1782441094\n|move|p1a: Great Tusk|Stealth Rock|p2a: Garganacl\n|-sidestart|p2: Jbartlett19|move: Stealth Rock\n|move|p2a: Garganacl|Salt Cure|p1a: Great Tusk\n|-resisted|p1a: Great Tusk\n|-damage|p1a: Great Tusk|26/100\n|-start|p1a: Great Tusk|Salt Cure\n|\n|-weather|Snowscape|[upkeep]\n|-damage|p1a: Great Tusk|13/100|[from] Salt Cure\n|upkeep\n|turn|22\n|\n|t:|1782441104\n|-end|p1a: Great Tusk|Protosynthesis|[silent]\n|switch|p1a: Kingambit|Kingambit, M|100/100\n|-activate|p1a: Kingambit|ability: Supreme Overlord\n|-start|p1a: Kingambit|fallen2|[silent]\n|move|p2a: Garganacl|Protect||[still]\n|-fail|p2a: Garganacl\n|\n|-weather|Snowscape|[upkeep]\n|upkeep\n|turn|23\n|\n|t:|1782441110\n|move|p1a: Kingambit|Iron Head|p2a: Garganacl\n|-supereffective|p2a: Garganacl\n|-damage|p2a: Garganacl|32/100\n|move|p2a: Garganacl|Salt Cure|p1a: Kingambit\n|-resisted|p1a: Kingambit\n|-damage|p1a: Kingambit|97/100\n|-start|p1a: Kingambit|Salt Cure\n|\n|-weather|none\n|-heal|p1a: Kingambit|100/100|[from] item: Leftovers\n|-heal|p2a: Garganacl|38/100|[from] item: Leftovers\n|-damage|p1a: Kingambit|76/100|[from] Salt Cure\n|upkeep\n|turn|24\n|\n|t:|1782441125\n|switch|p2a: Scizor|Scizor, F|100/100\n|-damage|p2a: Scizor|88/100|[from] Stealth Rock\n|move|p1a: Kingambit|Iron Head|p2a: Scizor\n|-resisted|p2a: Scizor\n|-crit|p2a: Scizor\n|-damage|p2a: Scizor|47/100\n|\n|-heal|p1a: Kingambit|82/100|[from] item: Leftovers\n|-damage|p1a: Kingambit|57/100|[from] Salt Cure\n|upkeep\n|turn|25\n|inactive|Jbartlett19 has 120 seconds left.\n|\n|t:|1782441162\n|-end|p1a: Kingambit|fallen2|[silent]\n|switch|p1a: Pecharunt|Pecharunt|71/100\n|switch|p2a: Hydrapple|Hydrapple, F|100/100\n|\n|upkeep\n|turn|26\n|inactive|Jbartlett19 has 120 seconds left.\n|\n|t:|1782441172\n|move|p1a: Pecharunt|Nasty Plot|p1a: Pecharunt\n|-boost|p1a: Pecharunt|spa|2\n|move|p2a: Hydrapple|Nasty Plot|p2a: Hydrapple\n|-boost|p2a: Hydrapple|spa|2\n|\n|-sideend|p1: Player569m|move: Aurora Veil\n|upkeep\n|turn|27\n|inactive|Jbartlett19 has 120 seconds left.\n|\n|t:|1782441184\n|-terastallize|p2a: Hydrapple|Poison\n|move|p1a: Pecharunt|Malignant Chain|p2a: Hydrapple\n|-resisted|p2a: Hydrapple\n|-damage|p2a: Hydrapple|64/100\n|move|p2a: Hydrapple|Earth Power|p1a: Pecharunt\n|-supereffective|p1a: Pecharunt\n|-damage|p1a: Pecharunt|0 fnt\n|faint|p1a: Pecharunt\n|\n|upkeep\n|\n|t:|1782441195\n|switch|p1a: Great Tusk|Great Tusk|13/100\n|turn|28\n|inactive|Jbartlett19 has 120 seconds left.\n|\n|t:|1782441220\n|switch|p2a: Scizor|Scizor, F|47/100\n|-damage|p2a: Scizor|34/100|[from] Stealth Rock\n|move|p1a: Great Tusk|Earthquake|p2a: Scizor\n|-damage|p2a: Scizor|0 fnt\n|faint|p2a: Scizor\n|\n|upkeep\n|\n|t:|1782441226\n|switch|p2a: Mienshao|Mienshao, F|100/100\n|-damage|p2a: Mienshao|95/100|[from] Stealth Rock\n|turn|29\n|\n|t:|1782441234\n|-end|p1a: Great Tusk|Protosynthesis|[silent]\n|switch|p1a: Ninetales|Ninetales-Alola, M|75/100\n|-weather|Snowscape|[from] ability: Snow Warning|[of] p1a: Ninetales\n|move|p2a: Mienshao|Drain Punch|p1a: Ninetales\n|-damage|p1a: Ninetales|28/100\n|-heal|p2a: Mienshao|100/100|[from] drain|[of] p1a: Ninetales\n|-damage|p2a: Mienshao|91/100|[from] item: Life Orb\n|\n|-weather|Snowscape|[upkeep]\n|upkeep\n|turn|30\n|inactive|Jbartlett19 has 120 seconds left.\n|\n|t:|1782441252\n|switch|p2a: Garganacl|Garganacl, F|38/100\n|-damage|p2a: Garganacl|25/100|[from] Stealth Rock\n|move|p1a: Ninetales|Aurora Veil|p1a: Ninetales\n|-sidestart|p1: Player569m|move: Aurora Veil\n|\n|-weather|Snowscape|[upkeep]\n|-heal|p2a: Garganacl|32/100|[from] item: Leftovers\n|upkeep\n|turn|31\n|\n|t:|1782441261\n|move|p1a: Ninetales|Moonblast|p2a: Garganacl\n|-damage|p2a: Garganacl|6/100\n|move|p2a: Garganacl|Salt Cure|p1a: Ninetales\n|-supereffective|p1a: Ninetales\n|-damage|p1a: Ninetales|14/100\n|-start|p1a: Ninetales|Salt Cure\n|\n|-weather|Snowscape|[upkeep]\n|-heal|p2a: Garganacl|12/100|[from] item: Leftovers\n|-damage|p1a: Ninetales|2/100|[from] Salt Cure\n|upkeep\n|turn|32\n|inactive|Jbartlett19 has 120 seconds left.\n|\n|t:|1782441272\n|switch|p1a: Great Tusk|Great Tusk|13/100\n|move|p2a: Garganacl|Protect||[still]\n|-fail|p2a: Garganacl\n|\n|-weather|Snowscape|[upkeep]\n|-heal|p2a: Garganacl|18/100|[from] item: Leftovers\n|upkeep\n|turn|33\n|inactive|Jbartlett19 has 120 seconds left.\n|\n|t:|1782441285\n|move|p1a: Great Tusk|Earthquake|p2a: Garganacl\n|-supereffective|p2a: Garganacl\n|-crit|p2a: Garganacl\n|-damage|p2a: Garganacl|0 fnt\n|faint|p2a: Garganacl\n|\n|-weather|none\n|upkeep\n|\n|t:|1782441288\n|switch|p2a: Mienshao|Mienshao, F|100/100\n|-damage|p2a: Mienshao|95/100|[from] Stealth Rock\n|turn|34\n|\n|t:|1782441304\n|-end|p1a: Great Tusk|Protosynthesis|[silent]\n|switch|p1a: Ninetales|Ninetales-Alola, M|2/100\n|-weather|Snowscape|[from] ability: Snow Warning|[of] p1a: Ninetales\n|move|p2a: Mienshao|Drain Punch|p1a: Ninetales\n|-damage|p1a: Ninetales|0 fnt\n|-heal|p2a: Mienshao|95/100|[from] drain|[of] p1a: Ninetales\n|faint|p1a: Ninetales\n|-damage|p2a: Mienshao|85/100|[from] item: Life Orb\n|\n|-weather|Snowscape|[upkeep]\n|upkeep\n|\n|t:|1782441315\n|switch|p1a: Kingambit|Kingambit, M|57/100\n|-activate|p1a: Kingambit|ability: Supreme Overlord\n|-start|p1a: Kingambit|fallen4|[silent]\n|turn|35\n|inactive|Jbartlett19 has 120 seconds left.\n|\n|t:|1782441344\n|-terastallize|p1a: Kingambit|Ghost\n|move|p2a: Mienshao|Knock Off|p1a: Kingambit\n|-supereffective|p1a: Kingambit\n|-damage|p1a: Kingambit|22/100\n|-enditem|p1a: Kingambit|Leftovers|[from] move: Knock Off|[of] p2a: Mienshao\n|-damage|p2a: Mienshao|75/100|[from] item: Life Orb\n|move|p1a: Kingambit|Iron Head|p2a: Mienshao\n|-damage|p2a: Mienshao|0 fnt\n|faint|p2a: Mienshao\n|\n|-weather|Snowscape|[upkeep]\n|upkeep\n|inactive|Jbartlett19 has 120 seconds left.\n|\n|t:|1782441353\n|switch|p2a: Hydrapple|Hydrapple, F, tera:Poison|97/100\n|turn|36\n|\n|t:|1782441367\n|move|p1a: Kingambit|Iron Head|p2a: Hydrapple\n|-damage|p2a: Hydrapple|35/100\n|move|p2a: Hydrapple|Giga Drain|p1a: Kingambit\n|-damage|p1a: Kingambit|0 fnt\n|-heal|p2a: Hydrapple|45/100|[from] drain|[of] p1a: Kingambit\n|faint|p1a: Kingambit\n|-end|p1a: Kingambit|fallen4|[silent]\n|\n|-weather|Snowscape|[upkeep]\n|upkeep\n|\n|t:|1782441372\n|switch|p1a: Great Tusk|Great Tusk|13/100\n|turn|37\n|c|☆Jbartlett19|gg\n|\n|t:|1782441380\n|move|p1a: Great Tusk|Earthquake|p2a: Hydrapple\n|-supereffective|p2a: Hydrapple\n|-damage|p2a: Hydrapple|0 fnt\n|faint|p2a: Hydrapple\n|\n|win|Player569m\n|raw|Player569m's rating: 1449 &rarr; <strong>1467</strong><br />(+18 for winning)\n|raw|Jbartlett19's rating: 1414 &rarr; <strong>1396</strong><br />(-18 for losing)\n|l|☆Jbartlett19\n|player|p2|\n", "uploadtime": 1782441667, "views": 4, "formatid": "gen9ou", "rating": 1396, "private": 0, "password": null}