{"id": "gen9ou-2639296345", "format": "[Gen 9] OU", "players": ["dummydraedon", "Chinatownz"], "log": "|j|☆dummydraedon\n|j|☆Chinatownz\n|t:|1782447921\n|gametype|singles\n|player|p1|dummydraedon|169|1196\n|player|p2|Chinatownz|fisherman-gen4|1242\n|gen|9\n|tier|[Gen 9] OU\n|rated|\n|rule|HP Percentage Mod: HP is shown in percentages\n|rule|Endless Battle Clause: Forcing endless battles is banned\n|rule|Species Clause: Limit one of each Pokémon\n|rule|OHKO Clause: OHKO moves are banned\n|rule|Evasion Items Clause: Evasion items are banned\n|rule|Evasion Moves Clause: Evasion moves are banned\n|rule|Evasion Abilities Clause: Evasion abilities are banned\n|rule|Sleep Moves Clause: Sleep-inducing moves are banned\n|clearpoke\n|poke|p1|Vaporeon, F|\n|poke|p1|Tinkaton, F|\n|poke|p1|Pelipper, M|\n|poke|p1|Excadrill, M|\n|poke|p1|Barraskewda, M|\n|poke|p1|Zoroark-Hisui, M|\n|poke|p2|Drifblim, F|\n|poke|p2|Rillaboom, F|\n|poke|p2|Great Tusk|\n|poke|p2|Kyurem|\n|poke|p2|Reuniclus, F|\n|poke|p2|Glimmora, M|\n|teampreview\n|inactive|Battle timer is ON: inactive players will automatically lose when time's up. (requested by Chinatownz)\n|inactive|dummydraedon has 120 seconds left.\n|\n|t:|1782447974\n|teamsize|p1|6\n|teamsize|p2|6\n|start\n|switch|p1a: I smash vap|Tinkaton, F, shiny|100/100\n|switch|p2a: Kyurem|Kyurem|100/100\n|-ability|p2a: Kyurem|Pressure\n|turn|1\n|\n|t:|1782447978\n|move|p1a: I smash vap|Trick|p2a: Kyurem\n|-activate|p1a: I smash vap|move: Trick|[of] p2a: Kyurem\n|-item|p2a: Kyurem|Choice Scarf|[from] move: Trick\n|-item|p1a: I smash vap|Choice Specs|[from] move: Trick\n|move|p2a: Kyurem|Earth Power|p1a: I smash vap\n|-damage|p1a: I smash vap|35/100\n|replace|p1a: i think im vap|Zoroark-Hisui, M\n|-end|p1a: i think im vap|Illusion\n|\n|upkeep\n|turn|2\n|\n|t:|1782447985\n|switch|p2a: Rillaboom|Rillaboom, F|100/100\n|-fieldstart|move: Grassy Terrain|[from] ability: Grassy Surge|[of] p2a: Rillaboom\n|switch|p1a: making vap wet|Pelipper, M|100/100\n|-weather|RainDance|[from] ability: Drizzle|[of] p1a: making vap wet\n|\n|-weather|RainDance|[upkeep]\n|upkeep\n|turn|3\n|\n|t:|1782447990\n|move|p1a: making vap wet|Hurricane|p2a: Rillaboom\n|-supereffective|p2a: Rillaboom\n|-damage|p2a: Rillaboom|0 fnt\n|faint|p2a: Rillaboom\n|\n|-weather|RainDance|[upkeep]\n|upkeep\n|\n|t:|1782447993\n|switch|p2a: Drifblim|Drifblim, F|100/100\n|-enditem|p2a: Drifblim|Grassy Seed\n|-boost|p2a: Drifblim|def|1|[from] item: Grassy Seed\n|turn|4\n|\n|t:|1782447995\n|move|p2a: Drifblim|Calm Mind|p2a: Drifblim\n|-boost|p2a: Drifblim|spa|1\n|-boost|p2a: Drifblim|spd|1\n|move|p1a: making vap wet|Hurricane|p2a: Drifblim\n|-damage|p2a: Drifblim|58/100\n|\n|-weather|RainDance|[upkeep]\n|upkeep\n|turn|5\n|\n|t:|1782447998\n|move|p2a: Drifblim|Strength Sap|p1a: making vap wet\n|-unboost|p1a: making vap wet|atk|1\n|-heal|p2a: Drifblim|79/100\n|move|p1a: making vap wet|Hurricane|p2a: Drifblim\n|-damage|p2a: Drifblim|40/100\n|\n|-weather|RainDance|[upkeep]\n|upkeep\n|turn|6\n|\n|t:|1782448005\n|move|p2a: Drifblim|Stored Power|p1a: making vap wet\n|-damage|p1a: making vap wet|35/100\n|move|p1a: making vap wet|Hurricane|p2a: Drifblim\n|-damage|p2a: Drifblim|4/100\n|\n|-weather|none\n|-fieldend|move: Grassy Terrain\n|upkeep\n|turn|7\n|\n|t:|1782448015\n|switch|p1a: I smash vap|Tinkaton, F, shiny|100/100\n|-ability|p1a: I smash vap|Mold Breaker\n|move|p2a: Drifblim|Shadow Ball|p1a: I smash vap\n|-damage|p1a: I smash vap|68/100\n|\n|-heal|p1a: I smash vap|74/100|[from] item: Leftovers\n|upkeep\n|turn|8\n|\n|t:|1782448022\n|move|p2a: Drifblim|Strength Sap|p1a: I smash vap\n|-unboost|p1a: I smash vap|atk|1\n|-heal|p2a: Drifblim|47/100\n|move|p1a: I smash vap|Stealth Rock|p2a: Drifblim\n|-sidestart|p2: Chinatownz|move: Stealth Rock\n|\n|-heal|p1a: I smash vap|80/100|[from] item: Leftovers\n|upkeep\n|turn|9\n|\n|t:|1782448031\n|move|p2a: Drifblim|Strength Sap|p1a: I smash vap\n|-unboost|p1a: I smash vap|atk|1\n|-heal|p2a: Drifblim|75/100\n|move|p1a: I smash vap|Thunder Wave|p2a: Drifblim\n|-status|p2a: Drifblim|par\n|\n|-heal|p1a: I smash vap|86/100|[from] item: Leftovers\n|upkeep\n|turn|10\n|\n|t:|1782448039\n|move|p2a: Drifblim|Shadow Ball|p1a: I smash vap\n|-damage|p1a: I smash vap|48/100\n|move|p1a: I smash vap|Encore|p2a: Drifblim\n|-start|p2a: Drifblim|Encore\n|\n|-heal|p1a: I smash vap|54/100|[from] item: Leftovers\n|upkeep\n|turn|11\n|\n|t:|1782448047\n|switch|p1a: making vap wet|Pelipper, M|35/100\n|cant|p2a: Drifblim|par\n|\n|upkeep\n|turn|12\n|\n|t:|1782448050\n|switch|p2a: Reuniclus|Reuniclus, F|100/100\n|-damage|p2a: Reuniclus|88/100|[from] Stealth Rock\n|move|p1a: making vap wet|Hex|p2a: Reuniclus\n|-supereffective|p2a: Reuniclus\n|-damage|p2a: Reuniclus|17/100\n|\n|upkeep\n|turn|13\n|\n|t:|1782448055\n|switch|p2a: Kyurem|Kyurem|100/100\n|-damage|p2a: Kyurem|76/100|[from] Stealth Rock\n|-ability|p2a: Kyurem|Pressure\n|move|p1a: making vap wet|Hex|p2a: Kyurem\n|-damage|p2a: Kyurem|22/100\n|\n|upkeep\n|turn|14\n|\n|t:|1782448061\n|switch|p1a: vap|Vaporeon, F|100/100\n|move|p2a: Kyurem|Ice Beam|p1a: vap\n|-resisted|p1a: vap\n|-damage|p1a: vap|79/100\n|\n|-heal|p1a: vap|86/100|[from] item: Leftovers\n|upkeep\n|turn|15\n|\n|t:|1782448065\n|switch|p2a: Reuniclus|Reuniclus, F|51/100\n|-damage|p2a: Reuniclus|38/100|[from] Stealth Rock\n|move|p1a: vap|Scald|p2a: Reuniclus\n|-damage|p2a: Reuniclus|21/100\n|-status|p2a: Reuniclus|brn\n|\n|-heal|p1a: vap|92/100|[from] item: Leftovers\n|-damage|p2a: Reuniclus|14/100 brn|[from] brn\n|upkeep\n|turn|16\n|\n|t:|1782448075\n|move|p1a: vap|Wish|p1a: vap\n|move|p2a: Reuniclus|Psychic|p1a: vap\n|-damage|p1a: vap|54/100\n|\n|-heal|p1a: vap|60/100|[from] item: Leftovers\n|-damage|p2a: Reuniclus|8/100 brn|[from] brn\n|upkeep\n|turn|17\n|\n|t:|1782448080\n|switch|p1a: I smash vap|Tinkaton, F, shiny|54/100\n|-ability|p1a: I smash vap|Mold Breaker\n|move|p2a: Reuniclus|Psychic|p1a: I smash vap\n|-resisted|p1a: I smash vap\n|-damage|p1a: I smash vap|37/100\n|-unboost|p1a: I smash vap|spd|1\n|\n|-heal|p1a: I smash vap|99/100|[from] move: Wish|[wisher] vap\n|-heal|p1a: I smash vap|100/100|[from] item: Leftovers\n|-damage|p2a: Reuniclus|2/100 brn|[from] brn\n|upkeep\n|turn|18\n|\n|t:|1782448090\n|switch|p1a: vap|Vaporeon, F|60/100\n|switch|p2a: Glimmora|Glimmora, M|100/100\n|-damage|p2a: Glimmora|88/100|[from] Stealth Rock\n|\n|-heal|p1a: vap|66/100|[from] item: Leftovers\n|upkeep\n|turn|19\n|\n|t:|1782448095\n|move|p2a: Glimmora|Mortal Spin|p1a: vap\n|-damage|p1a: vap|61/100\n|-status|p1a: vap|psn\n|-sideend|p2: Chinatownz|Stealth Rock|[from] move: Mortal Spin|[of] p2a: Glimmora\n|move|p1a: vap|Scald|p2a: Glimmora\n|-supereffective|p2a: Glimmora\n|-damage|p2a: Glimmora|0 fnt\n|faint|p2a: Glimmora\n|\n|-heal|p1a: vap|68/100 psn|[from] item: Leftovers\n|-damage|p1a: vap|55/100 psn|[from] psn\n|upkeep\n|\n|t:|1782448101\n|switch|p2a: Kyurem|Kyurem|22/100\n|-ability|p2a: Kyurem|Pressure\n|turn|20\n|\n|t:|1782448105\n|move|p1a: vap|Protect|p1a: vap\n|-singleturn|p1a: vap|Protect\n|move|p2a: Kyurem|Freeze-Dry|p1a: vap\n|-activate|p1a: vap|move: Protect\n|\n|-heal|p1a: vap|61/100 psn|[from] item: Leftovers\n|-damage|p1a: vap|49/100 psn|[from] psn\n|upkeep\n|turn|21\n|\n|t:|1782448108\n|switch|p1a: I smash vap|Tinkaton, F, shiny|100/100\n|-ability|p1a: I smash vap|Mold Breaker\n|move|p2a: Kyurem|Freeze-Dry|p1a: I smash vap\n|-resisted|p1a: I smash vap\n|-damage|p1a: I smash vap|87/100\n|\n|-heal|p1a: I smash vap|94/100|[from] item: Leftovers\n|upkeep\n|turn|22\n|\n|t:|1782448113\n|switch|p2a: Drifblim|Drifblim, F|75/100 par\n|move|p1a: I smash vap|Stealth Rock|p2a: Drifblim\n|-sidestart|p2: Chinatownz|move: Stealth Rock\n|\n|-heal|p1a: I smash vap|99/100|[from] item: Leftovers\n|upkeep\n|turn|23\n|\n|t:|1782448115\n|switch|p2a: Great Tusk|Great Tusk|100/100\n|move|p1a: I smash vap|Knock Off|p2a: Great Tusk\n|-resisted|p2a: Great Tusk\n|-damage|p2a: Great Tusk|95/100\n|-enditem|p2a: Great Tusk|Heavy-Duty Boots|[from] move: Knock Off|[of] p1a: I smash vap\n|\n|-heal|p1a: I smash vap|100/100|[from] item: Leftovers\n|upkeep\n|turn|24\n|\n|t:|1782448119\n|switch|p1a: making vap wet|Pelipper, M|35/100\n|move|p2a: Great Tusk|Headlong Rush|p1a: making vap wet\n|-damage|p1a: making vap wet|0 fnt\n|-unboost|p2a: Great Tusk|def|1\n|-unboost|p2a: Great Tusk|spd|1\n|replace|p1a: i think im vap|Zoroark-Hisui, M\n|-end|p1a: i think im vap|Illusion\n|faint|p1a: i think im vap\n|\n|upkeep\n|\n|t:|1782448123\n|switch|p1a: making vap wet|Pelipper, M|35/100\n|-weather|RainDance|[from] ability: Drizzle|[of] p1a: making vap wet\n|turn|25\n|\n|t:|1782448127\n|-end|p2a: Great Tusk|Protosynthesis|[silent]\n|switch|p2a: Reuniclus|Reuniclus, F|35/100 brn\n|-damage|p2a: Reuniclus|23/100 brn|[from] Stealth Rock\n|move|p1a: making vap wet|Hurricane|p2a: Reuniclus\n|-damage|p2a: Reuniclus|0 fnt\n|faint|p2a: Reuniclus\n|\n|-weather|RainDance|[upkeep]\n|upkeep\n|\n|t:|1782448129\n|switch|p2a: Kyurem|Kyurem|22/100\n|-damage|p2a: Kyurem|0 fnt|[from] Stealth Rock\n|faint|p2a: Kyurem\n|-message|Chinatownz forfeited.\n|\n|win|dummydraedon\n|raw|dummydraedon's rating: 1196 &rarr; <strong>1224</strong><br />(+28 for winning)\n|raw|Chinatownz's rating: 1242 &rarr; <strong>1214</strong><br />(-28 for losing)\n|l|☆Chinatownz\n|player|p2|\n|l|☆dummydraedon\n|player|p1|\n", "uploadtime": 1782448432, "views": 3, "formatid": "gen9ou", "rating": 1214, "private": 0, "password": null}