{"id": "gen9ou-2647760779", "format": "[Gen 9] OU", "players": ["JoYuKneekYT", "cletus bieber"], "log": "|j|☆JoYuKneekYT\n|j|☆cletus bieber\n|t:|1783807912\n|gametype|singles\n|player|p1|JoYuKneekYT|cynthia|1250\n|player|p2|cletus bieber|boarder|1138\n|gen|9\n|tier|[Gen 9] OU\n|rated|\n|rule|HP Percentage Mod: HP is shown in percentages\n|rule|Endless Battle Clause: Forcing endless battles is banned\n|rule|Species Clause: Limit one of each Pokémon\n|rule|OHKO Clause: OHKO moves are banned\n|rule|Evasion Items Clause: Evasion items are banned\n|rule|Evasion Moves Clause: Evasion moves are banned\n|rule|Evasion Abilities Clause: Evasion abilities are banned\n|rule|Sleep Moves Clause: Sleep-inducing moves are banned\n|clearpoke\n|poke|p1|Oricorio-Pom-Pom, F|\n|poke|p1|Ceruledge, M|\n|poke|p1|Grimmsnarl, M|\n|poke|p1|Decidueye-Hisui, M|\n|poke|p1|Cinderace, M|\n|poke|p1|Ogerpon-Wellspring, F|\n|poke|p2|Walking Wake|\n|poke|p2|Great Tusk|\n|poke|p2|Ninetales, F|\n|poke|p2|Cresselia, F|\n|poke|p2|Zarude|\n|poke|p2|Ceruledge, M|\n|teampreview\n|\n|t:|1783807922\n|teamsize|p1|6\n|teamsize|p2|6\n|start\n|switch|p1a: Grimmsnarl|Grimmsnarl, M|100/100\n|switch|p2a: Ninetales|Ninetales, F|100/100\n|-weather|SunnyDay|[from] ability: Drought|[of] p2a: Ninetales\n|turn|1\n|\n|t:|1783807946\n|move|p1a: Grimmsnarl|Light Screen|p1a: Grimmsnarl\n|-sidestart|p1: JoYuKneekYT|move: Light Screen\n|move|p2a: Ninetales|Overheat|p1a: Grimmsnarl\n|-damage|p1a: Grimmsnarl|77/100\n|-unboost|p2a: Ninetales|spa|2\n|\n|-weather|SunnyDay|[upkeep]\n|upkeep\n|turn|2\n|\n|t:|1783807953\n|move|p1a: Grimmsnarl|Parting Shot|p2a: Ninetales\n|-unboost|p2a: Ninetales|atk|1\n|-unboost|p2a: Ninetales|spa|1\n|\n|t:|1783807959\n|switch|p1a: Oricorio|Oricorio-Pom-Pom, F|100/100|[from] Parting Shot\n|move|p2a: Ninetales|Will-O-Wisp|p1a: Oricorio|[miss]\n|-miss|p2a: Ninetales|p1a: Oricorio\n|\n|-weather|SunnyDay|[upkeep]\n|upkeep\n|turn|3\n|\n|t:|1783807965\n|switch|p2a: Cresselia|Cresselia, F|100/100\n|move|p1a: Oricorio|Quiver Dance|p1a: Oricorio\n|-boost|p1a: Oricorio|spa|1\n|-boost|p1a: Oricorio|spd|1\n|-boost|p1a: Oricorio|spe|1\n|\n|-weather|SunnyDay|[upkeep]\n|upkeep\n|turn|4\n|\n|t:|1783807970\n|move|p1a: Oricorio|Quiver Dance|p1a: Oricorio\n|-boost|p1a: Oricorio|spa|1\n|-boost|p1a: Oricorio|spd|1\n|-boost|p1a: Oricorio|spe|1\n|move|p2a: Cresselia|Psychic|p1a: Oricorio\n|-damage|p1a: Oricorio|93/100\n|\n|-weather|SunnyDay|[upkeep]\n|upkeep\n|turn|5\n|\n|t:|1783807976\n|move|p1a: Oricorio|Quiver Dance|p1a: Oricorio\n|-boost|p1a: Oricorio|spa|1\n|-boost|p1a: Oricorio|spd|1\n|-boost|p1a: Oricorio|spe|1\n|move|p2a: Cresselia|Psychic|p1a: Oricorio\n|-damage|p1a: Oricorio|87/100\n|\n|-weather|SunnyDay|[upkeep]\n|upkeep\n|turn|6\n|\n|t:|1783807990\n|move|p1a: Oricorio|Revelation Dance|p2a: Cresselia\n|-damage|p2a: Cresselia|51/100\n|-enditem|p2a: Cresselia|Eject Button\n|\n|t:|1783807993\n|switch|p2a: Ceruledge|Ceruledge, M|100/100\n|\n|-weather|SunnyDay|[upkeep]\n|upkeep\n|turn|7\n|\n|t:|1783807998\n|move|p1a: Oricorio|Air Slash|p2a: Ceruledge\n|-damage|p2a: Ceruledge|17/100\n|cant|p2a: Ceruledge|flinch\n|\n|-weather|SunnyDay|[upkeep]\n|upkeep\n|turn|8\n|c|☆cletus bieber|so lucky\n|-message|cletus bieber forfeited.\n|\n|win|JoYuKneekYT\n|raw|JoYuKneekYT's rating: 1250 &rarr; <strong>1267</strong><br />(+17 for winning)\n|raw|cletus bieber's rating: 1138 &rarr; <strong>1121</strong><br />(-17 for losing)\n|l|☆cletus bieber\n|player|p2|\n|l|☆JoYuKneekYT\n|player|p1|\n", "uploadtime": 1783808025, "views": 26, "formatid": "gen9ou", "rating": 1121, "private": 0, "password": null}