{"id": "gen9ou-2639954746", "format": "[Gen 9] OU", "players": ["Roseofrosarade", "rblt ryo"], "log": "|j|☆Roseofrosarade\n|j|☆rblt ryo\n|t:|1782551668\n|gametype|singles\n|player|p1|Roseofrosarade|265|1745\n|player|p2|rblt ryo|grimsley-gen7|1751\n|gen|9\n|tier|[Gen 9] OU\n|rated|\n|rule|HP Percentage Mod: HP is shown in percentages\n|rule|Endless Battle Clause: Forcing endless battles is banned\n|rule|Species Clause: Limit one of each Pokémon\n|rule|OHKO Clause: OHKO moves are banned\n|rule|Evasion Items Clause: Evasion items are banned\n|rule|Evasion Moves Clause: Evasion moves are banned\n|rule|Evasion Abilities Clause: Evasion abilities are banned\n|rule|Sleep Moves Clause: Sleep-inducing moves are banned\n|clearpoke\n|poke|p1|Serperior, F|\n|poke|p1|Tinkaton, F|\n|poke|p1|Moltres|\n|poke|p1|Samurott-Hisui, F|\n|poke|p1|Great Tusk|\n|poke|p1|Dragapult, M|\n|poke|p2|Slowking-Galar, F|\n|poke|p2|Ogerpon-Wellspring, F|\n|poke|p2|Mandibuzz, F|\n|poke|p2|Great Tusk|\n|poke|p2|Kyurem|\n|poke|p2|Cinderace, M|\n|teampreview\n|\n|t:|1782551682\n|teamsize|p1|6\n|teamsize|p2|6\n|start\n|switch|p1a: Dragapult|Dragapult, M|100/100\n|switch|p2a: Great Tusk|Great Tusk|100/100\n|turn|1\n|\n|t:|1782551685\n|-terastallize|p2a: Great Tusk|Ground\n|move|p2a: Great Tusk|Headlong Rush|p1a: Dragapult\n|-damage|p1a: Dragapult|0 fnt\n|-unboost|p2a: Great Tusk|def|1\n|-unboost|p2a: Great Tusk|spd|1\n|faint|p1a: Dragapult\n|\n|upkeep\n|\n|t:|1782551691\n|switch|p1a: Serperior|Serperior, F|100/100\n|turn|2\n|\n|t:|1782551695\n|-end|p2a: Great Tusk|Protosynthesis|[silent]\n|switch|p2a: Slowking|Slowking-Galar, F|100/100\n|move|p1a: Serperior|Glare|p2a: Slowking\n|-status|p2a: Slowking|par\n|\n|upkeep\n|turn|3\n|j| Kathryne Keyron\n|\n|t:|1782551702\n|switch|p1a: Tinkaton|Tinkaton, F|100/100\n|-item|p1a: Tinkaton|Air Balloon\n|move|p2a: Slowking|Ice Beam|p1a: Tinkaton\n|-resisted|p1a: Tinkaton\n|-damage|p1a: Tinkaton|91/100\n|-enditem|p1a: Tinkaton|Air Balloon\n|\n|upkeep\n|turn|4\n|\n|t:|1782551715\n|move|p1a: Tinkaton|Stealth Rock|p2a: Slowking\n|-sidestart|p2: rblt ryo|move: Stealth Rock\n|cant|p2a: Slowking|par\n|\n|upkeep\n|turn|5\n|\n|t:|1782551721\n|switch|p1a: Samurott|Samurott-Hisui, F|100/100\n|-prepare|p2a: Slowking|Chilly Reception|[premajor]\n|cant|p2a: Slowking|par\n|\n|upkeep\n|turn|6\n|\n|t:|1782551730\n|switch|p2a: Mandibuzz|Mandibuzz, F|100/100\n|move|p1a: Samurott|Ceaseless Edge|p2a: Mandibuzz\n|-resisted|p2a: Mandibuzz\n|-damage|p2a: Mandibuzz|89/100\n|-sidestart|p2: rblt ryo|Spikes\n|\n|upkeep\n|turn|7\n|\n|t:|1782551737\n|move|p1a: Samurott|Knock Off|p2a: Mandibuzz\n|-resisted|p2a: Mandibuzz\n|-crit|p2a: Mandibuzz\n|-damage|p2a: Mandibuzz|72/100\n|-enditem|p2a: Mandibuzz|Heavy-Duty Boots|[from] move: Knock Off|[of] p1a: Samurott\n|move|p2a: Mandibuzz|Defog|p1a: Samurott\n|-unboost|p1a: Samurott|evasion|1\n|-sideend|p2: rblt ryo|Spikes|[from] move: Defog|[of] p2a: Mandibuzz\n|-sideend|p2: rblt ryo|Stealth Rock|[from] move: Defog|[of] p2a: Mandibuzz\n|\n|upkeep\n|turn|8\n|\n|t:|1782551748\n|switch|p1a: Tinkaton|Tinkaton, F|91/100\n|move|p2a: Mandibuzz|Roost|p2a: Mandibuzz\n|-heal|p2a: Mandibuzz|100/100\n|-singleturn|p2a: Mandibuzz|move: Roost\n|\n|upkeep\n|turn|9\n|\n|t:|1782551769\n|switch|p2a: Cinderace|Cinderace, M|100/100\n|move|p1a: Tinkaton|Stealth Rock|p2a: Cinderace\n|-sidestart|p2: rblt ryo|move: Stealth Rock\n|\n|upkeep\n|turn|10\n|\n|t:|1782551774\n|switch|p1a: Moltres|Moltres|100/100\n|move|p2a: Cinderace|Court Change|p2a: Cinderace\n|-start|p2a: Cinderace|typechange|Normal|[from] ability: Libero\n|-swapsideconditions\n|-activate|p2a: Cinderace|move: Court Change\n|\n|upkeep\n|turn|11\n|\n|t:|1782551787\n|switch|p2a: Kyurem|Kyurem|100/100\n|-ability|p2a: Kyurem|Pressure\n|move|p1a: Moltres|U-turn|p2a: Kyurem\n|-damage|p2a: Kyurem|88/100\n|\n|t:|1782551794\n|switch|p1a: Tinkaton|Tinkaton, F|91/100|[from] U-turn\n|-damage|p1a: Tinkaton|84/100|[from] Stealth Rock\n|\n|upkeep\n|turn|12\n|\n|t:|1782551797\n|move|p2a: Kyurem|Earth Power|p1a: Tinkaton\n|-supereffective|p1a: Tinkaton\n|-damage|p1a: Tinkaton|10/100\n|move|p1a: Tinkaton|Gigaton Hammer|p2a: Kyurem\n|-supereffective|p2a: Kyurem\n|-damage|p2a: Kyurem|0 fnt\n|faint|p2a: Kyurem\n|\n|upkeep\n|\n|t:|1782551808\n|switch|p2a: Ogerpon|Ogerpon-Wellspring, F|100/100\n|turn|13\n|\n|t:|1782551812\n|move|p2a: Ogerpon|Ivy Cudgel|p1a: Tinkaton|[anim] Ivy Cudgel Water\n|-damage|p1a: Tinkaton|0 fnt\n|faint|p1a: Tinkaton\n|\n|upkeep\n|\n|t:|1782551814\n|switch|p1a: Serperior|Serperior, F|100/100\n|-damage|p1a: Serperior|88/100|[from] Stealth Rock\n|turn|14\n|\n|t:|1782551821\n|switch|p1a: Samurott|Samurott-Hisui, F|100/100\n|-damage|p1a: Samurott|88/100|[from] Stealth Rock\n|switch|p2a: Slowking|Slowking-Galar, F|100/100 par\n|\n|upkeep\n|turn|15\n|\n|t:|1782551826\n|switch|p2a: Mandibuzz|Mandibuzz, F|100/100\n|move|p1a: Samurott|Ceaseless Edge|p2a: Mandibuzz\n|-resisted|p2a: Mandibuzz\n|-damage|p2a: Mandibuzz|88/100\n|-sidestart|p2: rblt ryo|Spikes\n|\n|upkeep\n|turn|16\n|\n|t:|1782551836\n|switch|p1a: Great Tusk|Great Tusk|100/100\n|move|p2a: Mandibuzz|Defog|p1a: Great Tusk\n|-unboost|p1a: Great Tusk|evasion|1\n|-sideend|p1: Roseofrosarade|Stealth Rock|[from] move: Defog|[of] p2a: Mandibuzz\n|-sideend|p2: rblt ryo|Spikes|[from] move: Defog|[of] p2a: Mandibuzz\n|\n|upkeep\n|turn|17\n|\n|t:|1782551840\n|-terastallize|p1a: Great Tusk|Ice\n|move|p1a: Great Tusk|Ice Spinner|p2a: Mandibuzz\n|-supereffective|p2a: Mandibuzz\n|-damage|p2a: Mandibuzz|40/100\n|move|p2a: Mandibuzz|Roost|p2a: Mandibuzz\n|-heal|p2a: Mandibuzz|90/100\n|-singleturn|p2a: Mandibuzz|move: Roost\n|\n|upkeep\n|turn|18\n|\n|t:|1782551845\n|switch|p2a: Slowking|Slowking-Galar, F|100/100 par\n|move|p1a: Great Tusk|Ice Spinner|p2a: Slowking\n|-damage|p2a: Slowking|67/100 par\n|-damage|p1a: Great Tusk|84/100|[from] item: Rocky Helmet|[of] p2a: Slowking\n|\n|upkeep\n|turn|19\n|\n|t:|1782551850\n|move|p1a: Great Tusk|Headlong Rush|p2a: Slowking\n|-supereffective|p2a: Slowking\n|-damage|p2a: Slowking|0 fnt\n|-unboost|p1a: Great Tusk|def|1\n|-unboost|p1a: Great Tusk|spd|1\n|-damage|p1a: Great Tusk|68/100|[from] item: Rocky Helmet|[of] p2a: Slowking\n|faint|p2a: Slowking\n|\n|upkeep\n|\n|t:|1782551861\n|switch|p2a: Cinderace|Cinderace, M|100/100\n|turn|20\n|\n|t:|1782551864\n|-end|p1a: Great Tusk|Protosynthesis|[silent]\n|switch|p1a: Moltres|Moltres|100/100\n|move|p2a: Cinderace|Pyro Ball|p1a: Moltres\n|-resisted|p1a: Moltres\n|-damage|p1a: Moltres|81/100\n|\n|upkeep\n|turn|21\n|\n|t:|1782551871\n|move|p2a: Cinderace|Pyro Ball|p1a: Moltres\n|-resisted|p1a: Moltres\n|-damage|p1a: Moltres|62/100\n|move|p1a: Moltres|U-turn|p2a: Cinderace\n|-resisted|p2a: Cinderace\n|-damage|p2a: Cinderace|91/100\n|\n|t:|1782551874\n|switch|p1a: Samurott|Samurott-Hisui, F|88/100|[from] U-turn\n|\n|upkeep\n|turn|22\n|\n|t:|1782551881\n|move|p2a: Cinderace|U-turn|p1a: Samurott\n|-start|p2a: Cinderace|typechange|Bug|[from] ability: Libero\n|-supereffective|p1a: Samurott\n|-damage|p1a: Samurott|14/100\n|\n|t:|1782551884\n|switch|p2a: Mandibuzz|Mandibuzz, F|90/100|[from] U-turn\n|move|p1a: Samurott|Ceaseless Edge|p2a: Mandibuzz\n|-resisted|p2a: Mandibuzz\n|-damage|p2a: Mandibuzz|77/100\n|-sidestart|p2: rblt ryo|Spikes\n|\n|upkeep\n|turn|23\n|\n|t:|1782551893\n|move|p1a: Samurott|Razor Shell|p2a: Mandibuzz\n|-damage|p2a: Mandibuzz|51/100\n|move|p2a: Mandibuzz|Defog|p1a: Samurott\n|-unboost|p1a: Samurott|evasion|1\n|-sideend|p2: rblt ryo|Spikes|[from] move: Defog|[of] p2a: Mandibuzz\n|\n|upkeep\n|turn|24\n|\n|t:|1782551898\n|move|p1a: Samurott|Ceaseless Edge|p2a: Mandibuzz\n|-resisted|p2a: Mandibuzz\n|-damage|p2a: Mandibuzz|40/100\n|-sidestart|p2: rblt ryo|Spikes\n|move|p2a: Mandibuzz|Roost|p2a: Mandibuzz\n|-heal|p2a: Mandibuzz|90/100\n|-singleturn|p2a: Mandibuzz|move: Roost\n|\n|upkeep\n|turn|25\n|\n|t:|1782551901\n|switch|p1a: Great Tusk|Great Tusk, tera:Ice|68/100\n|move|p2a: Mandibuzz|Defog|p1a: Great Tusk\n|-unboost|p1a: Great Tusk|evasion|1\n|-sideend|p2: rblt ryo|Spikes|[from] move: Defog|[of] p2a: Mandibuzz\n|\n|upkeep\n|turn|26\n|\n|t:|1782551924\n|switch|p2a: Ogerpon|Ogerpon-Wellspring, F|100/100\n|move|p1a: Great Tusk|Ice Spinner|p2a: Ogerpon\n|-damage|p2a: Ogerpon|41/100\n|\n|upkeep\n|turn|27\n|\n|t:|1782551939\n|switch|p2a: Cinderace|Cinderace, M|91/100\n|-end|p1a: Great Tusk|Protosynthesis|[silent]\n|switch|p1a: Samurott|Samurott-Hisui, F|14/100\n|\n|upkeep\n|turn|28\n|\n|t:|1782551945\n|move|p1a: Samurott|Sucker Punch|p2a: Cinderace\n|-damage|p2a: Cinderace|44/100\n|move|p2a: Cinderace|Pyro Ball|p1a: Samurott\n|-resisted|p1a: Samurott\n|-damage|p1a: Samurott|0 fnt\n|faint|p1a: Samurott\n|\n|upkeep\n|\n|t:|1782551949\n|switch|p1a: Moltres|Moltres|62/100\n|turn|29\n|\n|t:|1782551956\n|move|p2a: Cinderace|Pyro Ball|p1a: Moltres\n|-resisted|p1a: Moltres\n|-damage|p1a: Moltres|44/100\n|move|p1a: Moltres|Roost|p1a: Moltres\n|-heal|p1a: Moltres|94/100\n|-singleturn|p1a: Moltres|move: Roost\n|\n|upkeep\n|turn|30\n|\n|t:|1782551961\n|move|p2a: Cinderace|Pyro Ball|p1a: Moltres\n|-resisted|p1a: Moltres\n|-damage|p1a: Moltres|75/100\n|move|p1a: Moltres|Flamethrower|p2a: Cinderace\n|-resisted|p2a: Cinderace\n|-crit|p2a: Cinderace\n|-damage|p2a: Cinderace|4/100\n|\n|upkeep\n|turn|31\n|\n|t:|1782551968\n|switch|p2a: Mandibuzz|Mandibuzz, F|90/100\n|move|p1a: Moltres|Roost|p1a: Moltres\n|-heal|p1a: Moltres|100/100\n|-singleturn|p1a: Moltres|move: Roost\n|\n|upkeep\n|turn|32\n|\n|t:|1782551973\n|move|p1a: Moltres|U-turn|p2a: Mandibuzz\n|-crit|p2a: Mandibuzz\n|-damage|p2a: Mandibuzz|78/100\n|\n|t:|1782551975\n|switch|p1a: Great Tusk|Great Tusk, tera:Ice|68/100|[from] U-turn\n|move|p2a: Mandibuzz|U-turn|p1a: Great Tusk\n|-crit|p1a: Great Tusk\n|-damage|p1a: Great Tusk|54/100\n|\n|t:|1782551983\n|switch|p2a: Cinderace|Cinderace, M|4/100|[from] U-turn\n|\n|upkeep\n|turn|33\n|\n|t:|1782551987\n|-end|p1a: Great Tusk|Protosynthesis|[silent]\n|switch|p1a: Moltres|Moltres|100/100\n|move|p2a: Cinderace|Pyro Ball|p1a: Moltres\n|-resisted|p1a: Moltres\n|-damage|p1a: Moltres|80/100\n|\n|upkeep\n|turn|34\n|\n|t:|1782551995\n|switch|p2a: Mandibuzz|Mandibuzz, F|78/100\n|move|p1a: Moltres|U-turn|p2a: Mandibuzz\n|-damage|p2a: Mandibuzz|70/100\n|\n|t:|1782551997\n|switch|p1a: Great Tusk|Great Tusk, tera:Ice|54/100|[from] U-turn\n|\n|upkeep\n|turn|35\n|\n|t:|1782552002\n|move|p1a: Great Tusk|Ice Spinner|p2a: Mandibuzz\n|-supereffective|p2a: Mandibuzz\n|-damage|p2a: Mandibuzz|21/100\n|move|p2a: Mandibuzz|U-turn|p1a: Great Tusk\n|-damage|p1a: Great Tusk|46/100\n|\n|t:|1782552026\n|switch|p2a: Ogerpon|Ogerpon-Wellspring, F|41/100|[from] U-turn\n|\n|upkeep\n|turn|36\n|\n|t:|1782552034\n|-end|p1a: Great Tusk|Protosynthesis|[silent]\n|switch|p1a: Moltres|Moltres|80/100\n|move|p2a: Ogerpon|Ivy Cudgel|p1a: Moltres|[anim] Ivy Cudgel Water\n|-supereffective|p1a: Moltres\n|-crit|p1a: Moltres\n|-damage|p1a: Moltres|0 fnt\n|faint|p1a: Moltres\n|\n|upkeep\n|\n|t:|1782552036\n|switch|p1a: Serperior|Serperior, F|88/100\n|turn|37\n|\n|t:|1782552042\n|move|p1a: Serperior|Leaf Storm|p2a: Ogerpon\n|-damage|p2a: Ogerpon|0 fnt\n|-boost|p1a: Serperior|spa|2\n|faint|p2a: Ogerpon\n|\n|upkeep\n|\n|t:|1782552047\n|switch|p2a: Cinderace|Cinderace, M|4/100\n|turn|38\n|\n|t:|1782552049\n|move|p1a: Serperior|Leaf Storm|p2a: Cinderace\n|-resisted|p2a: Cinderace\n|-damage|p2a: Cinderace|0 fnt\n|-boost|p1a: Serperior|spa|2\n|faint|p2a: Cinderace\n|\n|upkeep\n|\n|t:|1782552063\n|switch|p2a: Mandibuzz|Mandibuzz, F|21/100\n|turn|39\n|\n|t:|1782552064\n|move|p1a: Serperior|Leaf Storm|p2a: Mandibuzz\n|-resisted|p2a: Mandibuzz\n|-damage|p2a: Mandibuzz|0 fnt\n|-boost|p1a: Serperior|spa|2\n|faint|p2a: Mandibuzz\n|\n|upkeep\n|\n|t:|1782552066\n|switch|p2a: Great Tusk|Great Tusk, tera:Ground|100/100\n|turn|40\n|\n|t:|1782552070\n|move|p1a: Serperior|Leaf Storm|p2a: Great Tusk\n|-supereffective|p2a: Great Tusk\n|-damage|p2a: Great Tusk|0 fnt\n|faint|p2a: Great Tusk\n|-end|p2a: Great Tusk|Protosynthesis|[silent]\n|\n|win|Roseofrosarade\n|raw|Roseofrosarade's rating: 1745 &rarr; <strong>1765</strong><br />(+20 for winning)\n|raw|rblt ryo's rating: 1751 &rarr; <strong>1731</strong><br />(-20 for losing)\n", "uploadtime": 1782552072, "views": 16, "formatid": "gen9ou", "rating": 1731, "private": 0, "password": null}