{"id": "gen9ou-2647719835", "format": "[Gen 9] OU", "players": ["xyuh", "DekuFoulerLab"], "log": "|j|☆xyuh\n|j|☆DekuFoulerLab\n|t:|1783801346\n|gametype|singles\n|player|p1|xyuh|1|1284\n|player|p2|DekuFoulerLab|169|1291\n|gen|9\n|tier|[Gen 9] OU\n|rated|\n|rule|HP Percentage Mod: HP is shown in percentages\n|rule|Endless Battle Clause: Forcing endless battles is banned\n|rule|Species Clause: Limit one of each Pokémon\n|rule|OHKO Clause: OHKO moves are banned\n|rule|Evasion Items Clause: Evasion items are banned\n|rule|Evasion Moves Clause: Evasion moves are banned\n|rule|Evasion Abilities Clause: Evasion abilities are banned\n|rule|Sleep Moves Clause: Sleep-inducing moves are banned\n|clearpoke\n|poke|p1|Regieleki|\n|poke|p1|Comfey, M|\n|poke|p1|Skeledirge, M|\n|poke|p1|Landorus-Therian, M|\n|poke|p1|Kingambit, F|\n|poke|p1|Cloyster, F|\n|poke|p2|Gliscor, M|\n|poke|p2|Gholdengo|\n|poke|p2|Zamazenta-*|\n|poke|p2|Blissey, F|\n|poke|p2|Skarmory, F|\n|poke|p2|Pecharunt|\n|teampreview\n|inactive|Battle timer is ON: inactive players will automatically lose when time's up. (requested by xyuh)\n|inactive|DekuFoulerLab also wants the timer to be on.\n|\n|t:|1783801355\n|teamsize|p1|6\n|teamsize|p2|6\n|start\n|switch|p1a: Regieleki|Regieleki|100/100\n|switch|p2a: Skarmory|Skarmory, F|100/100\n|turn|1\n|\n|t:|1783801361\n|switch|p2a: Gliscor|Gliscor, M|100/100\n|move|p1a: Regieleki|Volt Switch|p2a: Gliscor\n|-immune|p2a: Gliscor\n|\n|-status|p2a: Gliscor|tox|[from] item: Toxic Orb\n|upkeep\n|turn|2\n|\n|t:|1783801370\n|switch|p1a: Landorus|Landorus-Therian, M|100/100\n|-ability|p1a: Landorus|Intimidate|boost\n|-unboost|p2a: Gliscor|atk|1\n|move|p2a: Gliscor|Knock Off|p1a: Landorus\n|-damage|p1a: Landorus|85/100\n|-enditem|p1a: Landorus|Leftovers|[from] move: Knock Off|[of] p2a: Gliscor\n|\n|upkeep\n|turn|3\n|\n|t:|1783801377\n|move|p1a: Landorus|Stone Edge|p2a: Gliscor\n|-damage|p2a: Gliscor|73/100 tox\n|move|p2a: Gliscor|Swords Dance|p2a: Gliscor\n|-boost|p2a: Gliscor|atk|2\n|\n|-heal|p2a: Gliscor|85/100 tox|[from] ability: Poison Heal\n|upkeep\n|turn|4\n|\n|t:|1783801383\n|move|p1a: Landorus|U-turn|p2a: Gliscor\n|-resisted|p2a: Gliscor\n|-damage|p2a: Gliscor|75/100 tox\n|\n|t:|1783801387\n|switch|p1a: Cloyster|Cloyster, F|100/100|[from] U-turn\n|move|p2a: Gliscor|Swords Dance|p2a: Gliscor\n|-boost|p2a: Gliscor|atk|2\n|\n|-heal|p2a: Gliscor|87/100 tox|[from] ability: Poison Heal\n|upkeep\n|turn|5\n|\n|t:|1783801394\n|switch|p1a: Landorus|Landorus-Therian, M|85/100\n|-ability|p1a: Landorus|Intimidate|boost\n|-unboost|p2a: Gliscor|atk|1\n|move|p2a: Gliscor|Earthquake|p1a: Landorus\n|-immune|p1a: Landorus\n|\n|-heal|p2a: Gliscor|99/100 tox|[from] ability: Poison Heal\n|upkeep\n|turn|6\n|\n|t:|1783801409\n|move|p1a: Landorus|Swords Dance|p1a: Landorus\n|-boost|p1a: Landorus|atk|2\n|move|p2a: Gliscor|Swords Dance|p2a: Gliscor\n|-boost|p2a: Gliscor|atk|2\n|\n|-heal|p2a: Gliscor|100/100 tox|[from] ability: Poison Heal\n|upkeep\n|turn|7\n|\n|t:|1783801414\n|switch|p2a: Zamazenta|Zamazenta|100/100\n|-ability|p2a: Zamazenta|Dauntless Shield|boost\n|-boost|p2a: Zamazenta|def|1\n|move|p1a: Landorus|Swords Dance|p1a: Landorus\n|-boost|p1a: Landorus|atk|2\n|\n|upkeep\n|turn|8\n|\n|t:|1783801420\n|move|p2a: Zamazenta|Ice Fang|p1a: Landorus\n|-supereffective|p1a: Landorus\n|-damage|p1a: Landorus|0 fnt\n|faint|p1a: Landorus\n|\n|upkeep\n|\n|t:|1783801424\n|switch|p1a: Regieleki|Regieleki|100/100\n|turn|9\n|\n|t:|1783801430\n|switch|p1a: Cloyster|Cloyster, F|100/100\n|switch|p2a: Gliscor|Gliscor, M|100/100 tox\n|\n|upkeep\n|turn|10\n|\n|t:|1783801436\n|switch|p2a: Zamazenta|Zamazenta|100/100\n|move|p1a: Cloyster|Shell Smash|p1a: Cloyster\n|-unboost|p1a: Cloyster|def|1\n|-unboost|p1a: Cloyster|spd|1\n|-boost|p1a: Cloyster|atk|2\n|-boost|p1a: Cloyster|spa|2\n|-boost|p1a: Cloyster|spe|2\n|-enditem|p1a: Cloyster|White Herb\n|-clearnegativeboost|p1a: Cloyster|[silent]\n|\n|upkeep\n|turn|11\n|\n|t:|1783801442\n|-terastallize|p1a: Cloyster|Water\n|move|p1a: Cloyster|Hydro Pump|p2a: Zamazenta\n|-damage|p2a: Zamazenta|20/100\n|move|p2a: Zamazenta|Close Combat|p1a: Cloyster\n|-damage|p1a: Cloyster|48/100\n|-unboost|p2a: Zamazenta|def|1\n|-unboost|p2a: Zamazenta|spd|1\n|\n|upkeep\n|turn|12\n|\n|t:|1783801456\n|move|p1a: Cloyster|Shell Smash|p1a: Cloyster\n|-unboost|p1a: Cloyster|def|1\n|-unboost|p1a: Cloyster|spd|1\n|-boost|p1a: Cloyster|atk|2\n|-boost|p1a: Cloyster|spa|2\n|-boost|p1a: Cloyster|spe|2\n|move|p2a: Zamazenta|Close Combat|p1a: Cloyster\n|-damage|p1a: Cloyster|0 fnt\n|-unboost|p2a: Zamazenta|def|1\n|-unboost|p2a: Zamazenta|spd|1\n|faint|p1a: Cloyster\n|\n|upkeep\n|-message|xyuh forfeited.\n|\n|win|DekuFoulerLab\n|raw|xyuh's rating: 1284 &rarr; <strong>1260</strong><br />(-24 for losing)\n|raw|DekuFoulerLab's rating: 1291 &rarr; <strong>1315</strong><br />(+24 for winning)\n|l|☆xyuh\n|player|p1|\n", "uploadtime": 1783801461, "views": 11, "formatid": "gen9ou", "rating": 1260, "private": 0, "password": null}