{"id": "gen9ou-2647779675", "format": "[Gen 9] OU", "players": ["griller17", "safari guide"], "log": "|j|☆griller17\n|j|☆safari guide\n|t:|1783811231\n|gametype|singles\n|player|p1|griller17|101|1052\n|player|p2|safari guide|ruinmaniac|1095\n|gen|9\n|tier|[Gen 9] OU\n|rated|\n|rule|HP Percentage Mod: HP is shown in percentages\n|rule|Endless Battle Clause: Forcing endless battles is banned\n|rule|Species Clause: Limit one of each Pokémon\n|rule|OHKO Clause: OHKO moves are banned\n|rule|Evasion Items Clause: Evasion items are banned\n|rule|Evasion Moves Clause: Evasion moves are banned\n|rule|Evasion Abilities Clause: Evasion abilities are banned\n|rule|Sleep Moves Clause: Sleep-inducing moves are banned\n|clearpoke\n|poke|p1|Espeon, M|\n|poke|p1|Chansey, F|\n|poke|p1|Talonflame, F|\n|poke|p1|Ambipom, M|\n|poke|p1|Altaria, F|\n|poke|p1|Glimmora, F|\n|poke|p2|Heatran, F|\n|poke|p2|Flapple, F|\n|poke|p2|Appletun, F|\n|poke|p2|Dondozo, M|\n|poke|p2|Armarouge, M|\n|teampreview\n|\n|t:|1783811253\n|teamsize|p1|6\n|teamsize|p2|5\n|start\n|switch|p1a: Altaria|Altaria, F|100/100\n|switch|p2a: Dondozo|Dondozo, M|100/100\n|turn|1\n|\n|t:|1783811275\n|switch|p2a: Armarouge|Armarouge, M|100/100\n|move|p1a: Altaria|Dragon Dance|p1a: Altaria\n|-boost|p1a: Altaria|atk|1\n|-boost|p1a: Altaria|spe|1\n|\n|upkeep\n|turn|2\n|\n|t:|1783811285\n|move|p1a: Altaria|Earthquake|p2a: Armarouge\n|-supereffective|p2a: Armarouge\n|-damage|p2a: Armarouge|45/100\n|-ability|p2a: Armarouge|Weak Armor|boost\n|-unboost|p2a: Armarouge|def|1\n|-boost|p2a: Armarouge|spe|2\n|move|p2a: Armarouge|Trick Room|p2a: Armarouge\n|-fieldstart|move: Trick Room|[of] p2a: Armarouge\n|\n|upkeep\n|turn|3\n|\n|t:|1783811298\n|move|p1a: Altaria|Earthquake|p2a: Armarouge\n|-supereffective|p2a: Armarouge\n|-damage|p2a: Armarouge|0 fnt\n|faint|p2a: Armarouge\n|\n|upkeep\n|\n|t:|1783811312\n|switch|p2a: Appletun|Appletun, F|100/100\n|turn|4\n|\n|t:|1783811327\n|move|p2a: Appletun|Giga Drain|p1a: Altaria\n|-resisted|p1a: Altaria\n|-damage|p1a: Altaria|94/100\n|move|p1a: Altaria|Dragon Claw|p2a: Appletun\n|-supereffective|p2a: Appletun\n|-damage|p2a: Appletun|52/100\n|\n|-heal|p1a: Altaria|100/100|[from] item: Leftovers\n|upkeep\n|turn|5\n|\n|t:|1783811336\n|switch|p2a: test pult|Heatran, F|100/100\n|move|p1a: Altaria|Dragon Claw|p2a: test pult\n|-resisted|p2a: test pult\n|-damage|p2a: test pult|89/100\n|\n|upkeep\n|turn|6\n|\n|t:|1783811344\n|move|p2a: test pult|Will-O-Wisp|p1a: Altaria\n|-status|p1a: Altaria|brn\n|move|p1a: Altaria|Earthquake|p2a: test pult\n|-supereffective|p2a: test pult\n|-damage|p2a: test pult|48/100\n|\n|-damage|p1a: Altaria|94/100 brn|[from] brn\n|-fieldend|move: Trick Room\n|upkeep\n|turn|7\n|\n|t:|1783811356\n|-terastallize|p2a: test pult|Flying\n|move|p1a: Altaria|Earthquake|p2a: test pult\n|-immune|p2a: test pult\n|move|p2a: test pult|Heavy Slam|p1a: Altaria\n|-damage|p1a: Altaria|55/100 brn\n|\n|-heal|p1a: Altaria|61/100 brn|[from] item: Leftovers\n|-damage|p1a: Altaria|55/100 brn|[from] brn\n|upkeep\n|turn|8\n|\n|t:|1783811374\n|move|p1a: Altaria|Dragon Dance|p1a: Altaria\n|-boost|p1a: Altaria|atk|1\n|-boost|p1a: Altaria|spe|1\n|move|p2a: test pult|Heavy Slam|p1a: Altaria\n|-damage|p1a: Altaria|16/100 brn\n|\n|-heal|p1a: Altaria|22/100 brn|[from] item: Leftovers\n|-damage|p1a: Altaria|16/100 brn|[from] brn\n|upkeep\n|turn|9\n|\n|t:|1783811389\n|switch|p2a: Dondozo|Dondozo, M|100/100\n|move|p1a: Altaria|Dragon Claw|p2a: Dondozo\n|-damage|p2a: Dondozo|95/100\n|\n|-heal|p1a: Altaria|22/100 brn|[from] item: Leftovers\n|-damage|p1a: Altaria|16/100 brn|[from] brn\n|upkeep\n|turn|10\n|\n|t:|1783811405\n|move|p1a: Altaria|Thief|p2a: Dondozo\n|-damage|p2a: Dondozo|92/100\n|move|p2a: Dondozo|Surf|p1a: Altaria\n|-resisted|p1a: Altaria\n|-damage|p1a: Altaria|0 fnt\n|faint|p1a: Altaria\n|\n|upkeep\n|\n|t:|1783811423\n|switch|p1a: Glimmora|Glimmora, F|100/100\n|turn|11\n|\n|t:|1783811427\n|move|p1a: Glimmora|Sludge Bomb|p2a: Dondozo\n|-damage|p2a: Dondozo|53/100\n|move|p2a: Dondozo|Surf|p1a: Glimmora\n|-supereffective|p1a: Glimmora\n|-damage|p1a: Glimmora|16/100\n|\n|-heal|p1a: Glimmora|22/100|[from] item: Leftovers\n|upkeep\n|turn|12\n|\n|t:|1783811436\n|switch|p2a: test pult|Heatran, F, tera:Flying|48/100\n|move|p1a: Glimmora|Sludge Bomb|p2a: test pult\n|-crit|p2a: test pult\n|-damage|p2a: test pult|3/100\n|\n|-heal|p1a: Glimmora|28/100|[from] item: Leftovers\n|upkeep\n|turn|13\n|\n|t:|1783811457\n|move|p1a: Glimmora|Sludge Bomb|p2a: test pult\n|-damage|p2a: test pult|0 fnt\n|faint|p2a: test pult\n|\n|-heal|p1a: Glimmora|34/100|[from] item: Leftovers\n|upkeep\n|\n|t:|1783811463\n|switch|p2a: Flapple|Flapple, F|100/100\n|turn|14\n|\n|t:|1783811476\n|move|p2a: Flapple|Substitute|p2a: Flapple\n|-start|p2a: Flapple|Substitute\n|-damage|p2a: Flapple|76/100\n|move|p1a: Glimmora|Sludge Bomb|p2a: Flapple\n|-supereffective|p2a: Flapple\n|-end|p2a: Flapple|Substitute\n|\n|-heal|p1a: Glimmora|41/100|[from] item: Leftovers\n|upkeep\n|turn|15\n|\n|t:|1783811486\n|move|p2a: Flapple|Giga Drain|p1a: Glimmora\n|-damage|p1a: Glimmora|12/100\n|-heal|p2a: Flapple|91/100|[from] drain|[of] p1a: Glimmora\n|move|p1a: Glimmora|Sludge Bomb|p2a: Flapple\n|-supereffective|p2a: Flapple\n|-crit|p2a: Flapple\n|-damage|p2a: Flapple|0 fnt\n|-activate|p2a: Flapple|ability: Ripen\n|-enditem|p2a: Flapple|Rowap Berry|[eat]\n|-damage|p1a: Glimmora|0 fnt|[from] item: Rowap Berry|[of] p2a: Flapple\n|faint|p2a: Flapple\n|faint|p1a: Glimmora\n|\n|upkeep\n|\n|t:|1783811516\n|switch|p2a: Appletun|Appletun, F|52/100\n|switch|p1a: Espeon|Espeon, M|100/100\n|turn|16\n|\n|t:|1783811534\n|move|p1a: Espeon|Calm Mind|p1a: Espeon\n|-boost|p1a: Espeon|spa|1\n|-boost|p1a: Espeon|spd|1\n|move|p2a: Appletun|Rest|p2a: Appletun\n|-status|p2a: Appletun|slp|[from] move: Rest\n|-heal|p2a: Appletun|100/100 slp|[silent]\n|\n|upkeep\n|turn|17\n|\n|t:|1783811543\n|move|p1a: Espeon|Calm Mind|p1a: Espeon\n|-boost|p1a: Espeon|spa|1\n|-boost|p1a: Espeon|spd|1\n|cant|p2a: Appletun|slp\n|move|p2a: Appletun|Sleep Talk|p2a: Appletun\n|move|p2a: Appletun|Recycle||[from] move: Sleep Talk|[still]\n|-fail|p2a: Appletun\n|\n|upkeep\n|turn|18\n|-message|safari guide forfeited.\n|\n|win|griller17\n|raw|griller17's rating: 1052 &rarr; <strong>1088</strong><br />(+36 for winning)\n|raw|safari guide's rating: 1095 &rarr; <strong>1068</strong><br />(-27 for losing)\n|l|☆safari guide\n|player|p2|\n|l|☆griller17\n|player|p1|\n", "uploadtime": 1783811865, "views": 3, "formatid": "gen9ou", "rating": 1068, "private": 0, "password": null}