{"id": "gen9ou-2647761255", "format": "[Gen 9] OU", "players": ["Erikisherern", "SAGOTO2006"], "log": "|j|☆Erikisherern\n|j|☆SAGOTO2006\n|t:|1783807994\n|gametype|singles\n|player|p1|Erikisherern|flannery|1123\n|player|p2|SAGOTO2006|hiker-gen4|1247\n|gen|9\n|tier|[Gen 9] OU\n|rated|\n|rule|HP Percentage Mod: HP is shown in percentages\n|rule|Endless Battle Clause: Forcing endless battles is banned\n|rule|Species Clause: Limit one of each Pokémon\n|rule|OHKO Clause: OHKO moves are banned\n|rule|Evasion Items Clause: Evasion items are banned\n|rule|Evasion Moves Clause: Evasion moves are banned\n|rule|Evasion Abilities Clause: Evasion abilities are banned\n|rule|Sleep Moves Clause: Sleep-inducing moves are banned\n|clearpoke\n|poke|p1|Maushold-Four|\n|poke|p1|Tyranitar, M|\n|poke|p1|Landorus-Therian, M|\n|poke|p1|Enamorus-Therian, F|\n|poke|p1|Alomomola, M|\n|poke|p1|Gholdengo|\n|poke|p2|Hippowdon, M|\n|poke|p2|Excadrill, M|\n|poke|p2|Gastrodon, F|\n|poke|p2|Rhyperior, M|\n|poke|p2|Landorus-Therian, M|\n|poke|p2|Garchomp, F|\n|teampreview\n|\n|t:|1783808007\n|teamsize|p1|6\n|teamsize|p2|6\n|start\n|switch|p1a: Alomomola|Alomomola, M|100/100\n|switch|p2a: Hippowdon|Hippowdon, M|100/100\n|-weather|Sandstorm|[from] ability: Sand Stream|[of] p2a: Hippowdon\n|turn|1\n|\n|t:|1783808014\n|move|p2a: Hippowdon|Stealth Rock|p1a: Alomomola\n|-sidestart|p1: Erikisherern|move: Stealth Rock\n|move|p1a: Alomomola|Scald|p2a: Hippowdon\n|-supereffective|p2a: Hippowdon\n|-damage|p2a: Hippowdon|76/100\n|-status|p2a: Hippowdon|brn\n|\n|-weather|Sandstorm|[upkeep]\n|-damage|p1a: Alomomola|94/100|[from] Sandstorm\n|-heal|p2a: Hippowdon|82/100 brn|[from] item: Leftovers\n|-damage|p2a: Hippowdon|76/100 brn|[from] brn\n|upkeep\n|turn|2\n|\n|t:|1783808034\n|switch|p2a: Gastrodon|Gastrodon, F|100/100\n|move|p1a: Alomomola|Flip Turn|p2a: Gastrodon\n|-ability|p2a: Gastrodon|Storm Drain|boost\n|-boost|p2a: Gastrodon|spa|1\n|\n|-weather|Sandstorm|[upkeep]\n|-damage|p1a: Alomomola|88/100|[from] Sandstorm\n|upkeep\n|turn|3\n|\n|t:|1783808041\n|switch|p1a: Landorus|Landorus-Therian, M|100/100\n|-damage|p1a: Landorus|88/100|[from] Stealth Rock\n|-ability|p1a: Landorus|Intimidate|boost\n|-unboost|p2a: Gastrodon|atk|1\n|move|p2a: Gastrodon|Earth Power|p1a: Landorus\n|-immune|p1a: Landorus\n|\n|-weather|Sandstorm|[upkeep]\n|upkeep\n|turn|4\n|\n|t:|1783808047\n|move|p1a: Landorus|U-turn|p2a: Gastrodon\n|-damage|p2a: Gastrodon|80/100\n|\n|t:|1783808052\n|switch|p1a: Alomomola|Alomomola, M|100/100|[from] U-turn\n|move|p2a: Gastrodon|Ice Beam|p1a: Alomomola\n|-resisted|p1a: Alomomola\n|-damage|p1a: Alomomola|90/100\n|\n|-weather|Sandstorm|[upkeep]\n|-damage|p1a: Alomomola|84/100|[from] Sandstorm\n|-heal|p2a: Gastrodon|86/100|[from] item: Leftovers\n|upkeep\n|turn|5\n|\n|t:|1783808059\n|switch|p1a: Enamorus|Enamorus-Therian, F|100/100\n|-damage|p1a: Enamorus|76/100|[from] Stealth Rock\n|move|p2a: Gastrodon|Earth Power|p1a: Enamorus\n|-immune|p1a: Enamorus\n|\n|-weather|none\n|-heal|p1a: Enamorus|82/100|[from] item: Leftovers\n|-heal|p2a: Gastrodon|92/100|[from] item: Leftovers\n|upkeep\n|turn|6\n|\n|t:|1783808063\n|move|p1a: Enamorus|Calm Mind|p1a: Enamorus\n|-boost|p1a: Enamorus|spa|1\n|-boost|p1a: Enamorus|spd|1\n|move|p2a: Gastrodon|Ice Beam|p1a: Enamorus\n|-supereffective|p1a: Enamorus\n|-damage|p1a: Enamorus|49/100\n|\n|-heal|p1a: Enamorus|55/100|[from] item: Leftovers\n|-heal|p2a: Gastrodon|98/100|[from] item: Leftovers\n|upkeep\n|turn|7\n|\n|t:|1783808069\n|move|p1a: Enamorus|Calm Mind|p1a: Enamorus\n|-boost|p1a: Enamorus|spa|1\n|-boost|p1a: Enamorus|spd|1\n|move|p2a: Gastrodon|Ice Beam|p1a: Enamorus\n|-supereffective|p1a: Enamorus\n|-damage|p1a: Enamorus|29/100\n|\n|-heal|p1a: Enamorus|36/100|[from] item: Leftovers\n|-heal|p2a: Gastrodon|100/100|[from] item: Leftovers\n|upkeep\n|turn|8\n|\n|t:|1783808075\n|move|p1a: Enamorus|Moonblast|p2a: Gastrodon\n|-damage|p2a: Gastrodon|0 fnt\n|faint|p2a: Gastrodon\n|\n|-heal|p1a: Enamorus|42/100|[from] item: Leftovers\n|upkeep\n|\n|t:|1783808080\n|switch|p2a: Hippowdon|Hippowdon, M|76/100 brn\n|-weather|Sandstorm|[from] ability: Sand Stream|[of] p2a: Hippowdon\n|turn|9\n|\n|t:|1783808090\n|move|p2a: Hippowdon|Ice Fang|p1a: Enamorus\n|-supereffective|p1a: Enamorus\n|-crit|p1a: Enamorus\n|-damage|p1a: Enamorus|19/100\n|-status|p1a: Enamorus|frz\n|cant|p1a: Enamorus|frz\n|\n|-weather|Sandstorm|[upkeep]\n|-heal|p2a: Hippowdon|82/100 brn|[from] item: Leftovers\n|-heal|p1a: Enamorus|25/100 frz|[from] item: Leftovers\n|-damage|p2a: Hippowdon|76/100 brn|[from] brn\n|upkeep\n|turn|10\n|\n|t:|1783808095\n|move|p2a: Hippowdon|Ice Fang|p1a: Enamorus\n|-supereffective|p1a: Enamorus\n|-damage|p1a: Enamorus|9/100 frz\n|cant|p1a: Enamorus|frz\n|\n|-weather|Sandstorm|[upkeep]\n|-heal|p2a: Hippowdon|82/100 brn|[from] item: Leftovers\n|-heal|p1a: Enamorus|15/100 frz|[from] item: Leftovers\n|-damage|p2a: Hippowdon|76/100 brn|[from] brn\n|upkeep\n|turn|11\n|\n|t:|1783808099\n|-terastallize|p1a: Enamorus|Steel\n|move|p2a: Hippowdon|Ice Fang|p1a: Enamorus\n|-resisted|p1a: Enamorus\n|-damage|p1a: Enamorus|11/100 frz\n|-curestatus|p1a: Enamorus|frz|[msg]\n|move|p1a: Enamorus|Moonblast|p2a: Hippowdon\n|-damage|p2a: Hippowdon|0 fnt\n|faint|p2a: Hippowdon\n|\n|-weather|Sandstorm|[upkeep]\n|-heal|p1a: Enamorus|17/100|[from] item: Leftovers\n|upkeep\n|\n|t:|1783808108\n|switch|p2a: Excadrill|Excadrill, M|100/100\n|turn|12\n|\n|t:|1783808115\n|move|p2a: Excadrill|Earthquake|p1a: Enamorus\n|-supereffective|p1a: Enamorus\n|-damage|p1a: Enamorus|0 fnt\n|faint|p1a: Enamorus\n|\n|-weather|Sandstorm|[upkeep]\n|upkeep\n|\n|t:|1783808117\n|switch|p1a: Landorus|Landorus-Therian, M|88/100\n|-damage|p1a: Landorus|76/100|[from] Stealth Rock\n|-ability|p1a: Landorus|Intimidate|boost\n|-unboost|p2a: Excadrill|atk|1\n|turn|13\n|\n|t:|1783808121\n|switch|p2a: Landorus|Landorus-Therian, M|100/100\n|-ability|p2a: Landorus|Intimidate|boost\n|-unboost|p1a: Landorus|atk|1\n|move|p1a: Landorus|U-turn|p2a: Landorus\n|-resisted|p2a: Landorus\n|-damage|p2a: Landorus|94/100\n|-damage|p1a: Landorus|59/100|[from] item: Rocky Helmet|[of] p2a: Landorus\n|\n|t:|1783808126\n|switch|p1a: Maushold|Maushold-Four|100/100|[from] U-turn\n|-damage|p1a: Maushold|88/100|[from] Stealth Rock\n|\n|-weather|none\n|upkeep\n|turn|14\n|\n|t:|1783808130\n|move|p1a: Maushold|Tidy Up|p1a: Maushold\n|-sideend|p1: Erikisherern|Stealth Rock\n|-activate|p1a: Maushold|move: Tidy Up\n|-boost|p1a: Maushold|atk|1\n|-boost|p1a: Maushold|spe|1\n|move|p2a: Landorus|Rock Tomb|p1a: Maushold\n|-damage|p1a: Maushold|58/100\n|-unboost|p1a: Maushold|spe|1\n|\n|upkeep\n|turn|15\n|\n|t:|1783808137\n|move|p1a: Maushold|Population Bomb|p2a: Landorus\n|-damage|p2a: Landorus|83/100\n|-damage|p1a: Maushold|41/100|[from] item: Rocky Helmet|[of] p2a: Landorus\n|-damage|p2a: Landorus|72/100\n|-damage|p1a: Maushold|25/100|[from] item: Rocky Helmet|[of] p2a: Landorus\n|-damage|p2a: Landorus|61/100\n|-damage|p1a: Maushold|8/100|[from] item: Rocky Helmet|[of] p2a: Landorus\n|-damage|p2a: Landorus|50/100\n|-damage|p1a: Maushold|0 fnt|[from] item: Rocky Helmet|[of] p2a: Landorus\n|faint|p1a: Maushold\n|-hitcount|p2a: Landorus|4\n|move|p2a: Landorus|Rock Tomb|p1: Maushold|[notarget]\n|-fail|p2a: Landorus\n|\n|upkeep\n|\n|t:|1783808148\n|switch|p1a: Alomomola|Alomomola, M|100/100\n|turn|16\n|\n|t:|1783808152\n|move|p2a: Landorus|Stealth Rock|p1a: Alomomola\n|-sidestart|p1: Erikisherern|move: Stealth Rock\n|move|p1a: Alomomola|Scald|p2a: Landorus\n|-supereffective|p2a: Landorus\n|-damage|p2a: Landorus|20/100\n|\n|upkeep\n|turn|17\n|\n|t:|1783808158\n|move|p2a: Landorus|Rock Tomb|p1a: Alomomola\n|-damage|p1a: Alomomola|86/100\n|-unboost|p1a: Alomomola|spe|1\n|move|p1a: Alomomola|Scald|p2a: Landorus\n|-supereffective|p2a: Landorus\n|-damage|p2a: Landorus|0 fnt\n|faint|p2a: Landorus\n|\n|upkeep\n|\n|t:|1783808163\n|switch|p2a: Garchomp|Garchomp, F|100/100\n|turn|18\n|\n|t:|1783808168\n|move|p2a: Garchomp|Spikes|p1a: Alomomola\n|-sidestart|p1: Erikisherern|Spikes\n|move|p1a: Alomomola|Scald|p2a: Garchomp\n|-damage|p2a: Garchomp|88/100\n|\n|upkeep\n|turn|19\n|\n|t:|1783808173\n|move|p1a: Alomomola|Scald|p2a: Garchomp\n|-damage|p2a: Garchomp|76/100\n|move|p2a: Garchomp|Dragon Tail|p1a: Alomomola\n|-damage|p1a: Alomomola|67/100\n|drag|p1a: Gholdengo|Gholdengo|100/100\n|-damage|p1a: Gholdengo|94/100|[from] Stealth Rock\n|-item|p1a: Gholdengo|Air Balloon\n|\n|upkeep\n|turn|20\n|\n|t:|1783808185\n|move|p1a: Gholdengo|Dazzling Gleam|p2a: Garchomp\n|-supereffective|p2a: Garchomp\n|-damage|p2a: Garchomp|25/100\n|move|p2a: Garchomp|Dragon Tail|p1a: Gholdengo\n|-resisted|p1a: Gholdengo\n|-damage|p1a: Gholdengo|81/100\n|-enditem|p1a: Gholdengo|Air Balloon\n|drag|p1a: Landorus|Landorus-Therian, M|59/100\n|-damage|p1a: Landorus|47/100|[from] Stealth Rock\n|-ability|p1a: Landorus|Intimidate|boost\n|-unboost|p2a: Garchomp|atk|1\n|\n|upkeep\n|turn|21\n|\n|t:|1783808194\n|move|p1a: Landorus|Earthquake|p2a: Garchomp\n|-damage|p2a: Garchomp|0 fnt\n|faint|p2a: Garchomp\n|\n|upkeep\n|\n|t:|1783808199\n|switch|p2a: Rhyperior|Rhyperior, M|100/100\n|turn|22\n|\n|t:|1783808203\n|move|p1a: Landorus|Earthquake|p2a: Rhyperior\n|-supereffective|p2a: Rhyperior\n|-damage|p2a: Rhyperior|39/100\n|move|p2a: Rhyperior|Temper Flare|p1a: Landorus\n|-damage|p1a: Landorus|18/100\n|\n|-heal|p2a: Rhyperior|46/100|[from] item: Leftovers\n|upkeep\n|turn|23\n|c|☆Erikisherern|gg\n|\n|t:|1783808210\n|move|p2a: Rhyperior|Protect|p2a: Rhyperior\n|-singleturn|p2a: Rhyperior|Protect\n|move|p1a: Landorus|Earthquake|p2a: Rhyperior\n|-activate|p2a: Rhyperior|move: Protect\n|\n|-heal|p2a: Rhyperior|52/100|[from] item: Leftovers\n|upkeep\n|turn|24\n|c|☆SAGOTO2006|well played\n|\n|t:|1783808218\n|move|p1a: Landorus|Earthquake|p2a: Rhyperior\n|-supereffective|p2a: Rhyperior\n|-damage|p2a: Rhyperior|0 fnt\n|faint|p2a: Rhyperior\n|\n|upkeep\n|\n|t:|1783808221\n|switch|p2a: Excadrill|Excadrill, M|100/100\n|turn|25\n|\n|t:|1783808225\n|move|p1a: Landorus|Earthquake|p2a: Excadrill\n|-supereffective|p2a: Excadrill\n|-crit|p2a: Excadrill\n|-damage|p2a: Excadrill|0 fnt\n|faint|p2a: Excadrill\n|\n|win|Erikisherern\n|raw|Erikisherern's rating: 1123 &rarr; <strong>1157</strong><br />(+34 for winning)\n|raw|SAGOTO2006's rating: 1247 &rarr; <strong>1213</strong><br />(-34 for losing)\n|l|☆Erikisherern\n|player|p1|\n|l|☆SAGOTO2006\n|player|p2|\n", "uploadtime": 1783808515, "views": 3, "formatid": "gen9ou", "rating": 1157, "private": 0, "password": null}