{"id": "gen9ou-2639292070", "format": "[Gen 9] OU", "players": ["A KlNG", "how play pkm"], "log": "|j|☆A KlNG\n|j|☆how play pkm\n|t:|1782447129\n|gametype|singles\n|player|p1|A KlNG|rocketexecutive-gen2|1670\n|player|p2|how play pkm|yellow|1677\n|gen|9\n|tier|[Gen 9] OU\n|rated|\n|rule|HP Percentage Mod: HP is shown in percentages\n|rule|Endless Battle Clause: Forcing endless battles is banned\n|rule|Species Clause: Limit one of each Pokémon\n|rule|OHKO Clause: OHKO moves are banned\n|rule|Evasion Items Clause: Evasion items are banned\n|rule|Evasion Moves Clause: Evasion moves are banned\n|rule|Evasion Abilities Clause: Evasion abilities are banned\n|rule|Sleep Moves Clause: Sleep-inducing moves are banned\n|clearpoke\n|poke|p1|Darkrai|\n|poke|p1|Ninetales-Alola, M|\n|poke|p1|Ursaluna, M|\n|poke|p1|Kyurem|\n|poke|p1|Gliscor, M|\n|poke|p1|Comfey, M|\n|poke|p2|Weezing-Galar, F|\n|poke|p2|Hawlucha, F|\n|poke|p2|Cinderace, F|\n|poke|p2|Okidogi, M|\n|poke|p2|Ogerpon-Wellspring, F|\n|poke|p2|Darkrai|\n|teampreview\n|inactive|Battle timer is ON: inactive players will automatically lose when time's up. (requested by how play pkm)\n|inactive|A KlNG has 120 seconds left.\n|inactive|A KlNG has 90 seconds left.\n|\n|t:|1782447189\n|teamsize|p1|6\n|teamsize|p2|6\n|start\n|switch|p1a: Darkrai|Darkrai|100/100\n|switch|p2a: Weezing|Weezing-Galar, F|100/100\n|-fieldstart|move: Misty Terrain|[from] ability: Misty Surge|[of] p2a: Weezing\n|turn|1\n|\n|t:|1782447207\n|switch|p2a: Cinderace|Cinderace, F|100/100\n|move|p1a: Darkrai|Psychic|p2a: Cinderace\n|-damage|p2a: Cinderace|65/100\n|\n|upkeep\n|turn|2\n|\n|t:|1782447214\n|move|p1a: Darkrai|Dark Pulse|p2a: Cinderace\n|-damage|p2a: Cinderace|12/100\n|move|p2a: Cinderace|U-turn|p1a: Darkrai\n|-supereffective|p1a: Darkrai\n|-damage|p1a: Darkrai|49/100\n|\n|t:|1782447222\n|switch|p2a: Ogerpon|Ogerpon-Wellspring, F|100/100|[from] U-turn\n|\n|upkeep\n|turn|3\n|\n|t:|1782447233\n|move|p1a: Darkrai|Dark Pulse|p2a: Ogerpon\n|-damage|p2a: Ogerpon|59/100\n|move|p2a: Ogerpon|Ivy Cudgel|p1a: Darkrai|[anim] Ivy Cudgel Water\n|-damage|p1a: Darkrai|0 fnt\n|faint|p1a: Darkrai\n|\n|upkeep\n|\n|t:|1782447241\n|switch|p1a: Kyurem|Kyurem|100/100\n|-ability|p1a: Kyurem|Pressure\n|turn|4\n|\n|t:|1782447254\n|switch|p2a: Darkrai|Darkrai|100/100\n|move|p1a: Kyurem|Freeze-Dry|p2a: Darkrai\n|-damage|p2a: Darkrai|52/100\n|\n|upkeep\n|turn|5\n|\n|t:|1782447267\n|move|p2a: Darkrai|Sludge Bomb|p1a: Kyurem\n|-damage|p1a: Kyurem|61/100\n|-damage|p2a: Darkrai|42/100|[from] item: Life Orb\n|move|p1a: Kyurem|Body Press|p2a: Darkrai\n|-supereffective|p2a: Darkrai\n|-crit|p2a: Darkrai\n|-damage|p2a: Darkrai|0 fnt\n|faint|p2a: Darkrai\n|\n|upkeep\n|\n|t:|1782447270\n|switch|p2a: Cinderace|Cinderace, F|12/100\n|turn|6\n|\n|t:|1782447283\n|move|p2a: Cinderace|Pyro Ball|p1a: Kyurem\n|-damage|p1a: Kyurem|8/100\n|move|p1a: Kyurem|Earth Power|p2a: Cinderace\n|-supereffective|p2a: Cinderace\n|-damage|p2a: Cinderace|0 fnt\n|faint|p2a: Cinderace\n|\n|upkeep\n|\n|t:|1782447290\n|switch|p2a: Ogerpon|Ogerpon-Wellspring, F|59/100\n|turn|7\n|\n|t:|1782447296\n|move|p2a: Ogerpon|Ivy Cudgel|p1a: Kyurem|[anim] Ivy Cudgel Water\n|-resisted|p1a: Kyurem\n|-damage|p1a: Kyurem|0 fnt\n|faint|p1a: Kyurem\n|\n|upkeep\n|\n|t:|1782447309\n|switch|p1a: Ninetales|Ninetales-Alola, M|100/100\n|-weather|Snowscape|[from] ability: Snow Warning|[of] p1a: Ninetales\n|turn|8\n|\n|t:|1782447312\n|move|p2a: Ogerpon|Swords Dance|p2a: Ogerpon\n|-boost|p2a: Ogerpon|atk|2\n|move|p1a: Ninetales|Freeze-Dry|p2a: Ogerpon\n|-supereffective|p2a: Ogerpon\n|-damage|p2a: Ogerpon|0 fnt\n|faint|p2a: Ogerpon\n|\n|-weather|Snowscape|[upkeep]\n|-fieldend|Misty Terrain\n|upkeep\n|\n|t:|1782447314\n|switch|p2a: Weezing|Weezing-Galar, F|100/100\n|-fieldstart|move: Misty Terrain|[from] ability: Misty Surge|[of] p2a: Weezing\n|turn|9\n|\n|t:|1782447319\n|move|p1a: Ninetales|Aurora Veil|p1a: Ninetales\n|-sidestart|p1: A KlNG|move: Aurora Veil\n|move|p2a: Weezing|Sludge Wave|p1a: Ninetales\n|-supereffective|p1a: Ninetales\n|-damage|p1a: Ninetales|70/100\n|\n|-weather|Snowscape|[upkeep]\n|upkeep\n|turn|10\n|\n|t:|1782447328\n|switch|p1a: Ursaluna|Ursaluna, M|100/100\n|move|p2a: Weezing|Defog|p1a: Ursaluna\n|-unboost|p1a: Ursaluna|evasion|1\n|-sideend|p1: A KlNG|move: Aurora Veil\n|-fieldend|Misty Terrain\n|\n|-weather|Snowscape|[upkeep]\n|-status|p1a: Ursaluna|brn|[from] item: Flame Orb\n|upkeep\n|turn|11\n|\n|t:|1782447335\n|switch|p2a: Okidogi|Okidogi, M|100/100\n|move|p1a: Ursaluna|Facade|p2a: Okidogi\n|-damage|p2a: Okidogi|17/100\n|\n|-weather|Snowscape|[upkeep]\n|-heal|p2a: Okidogi|23/100|[from] item: Leftovers\n|-damage|p1a: Ursaluna|94/100 brn|[from] brn\n|upkeep\n|turn|12\n|\n|t:|1782447339\n|move|p1a: Ursaluna|Facade|p2a: Okidogi\n|-damage|p2a: Okidogi|0 fnt\n|faint|p2a: Okidogi\n|\n|-weather|none\n|-damage|p1a: Ursaluna|88/100 brn|[from] brn\n|upkeep\n|\n|t:|1782447343\n|switch|p2a: Weezing|Weezing-Galar, F|100/100\n|-fieldstart|move: Misty Terrain|[from] ability: Misty Surge|[of] p2a: Weezing\n|turn|13\n|\n|t:|1782447348\n|move|p1a: Ursaluna|Earthquake|p2a: Weezing\n|-supereffective|p2a: Weezing\n|-damage|p2a: Weezing|0 fnt\n|faint|p2a: Weezing\n|\n|-damage|p1a: Ursaluna|82/100 brn|[from] brn\n|upkeep\n|\n|t:|1782447352\n|switch|p2a: Hawlucha|Hawlucha, F|100/100\n|-enditem|p2a: Hawlucha|Misty Seed\n|-boost|p2a: Hawlucha|spd|1|[from] item: Misty Seed\n|turn|14\n|\n|t:|1782447356\n|move|p2a: Hawlucha|Low Kick|p1a: Ursaluna\n|-supereffective|p1a: Ursaluna\n|-damage|p1a: Ursaluna|6/100 brn\n|move|p1a: Ursaluna|Facade|p2a: Hawlucha\n|-damage|p2a: Hawlucha|0 fnt\n|faint|p2a: Hawlucha\n|\n|win|A KlNG\n|raw|A KlNG's rating: 1670 &rarr; <strong>1690</strong><br />(+20 for winning)\n|raw|how play pkm's rating: 1677 &rarr; <strong>1657</strong><br />(-20 for losing)\n|c|☆A KlNG|gg\n|l|☆how play pkm\n|player|p2|\n|l|☆A KlNG\n|player|p1|\n", "uploadtime": 1782447626, "views": 4, "formatid": "gen9ou", "rating": 1657, "private": 0, "password": null}