{"id": "gen9ou-2639988529", "format": "[Gen 9] OU", "players": ["D098", "itsjustrps"], "log": "|j|☆D098\n|j|☆itsjustrps\n|t:|1782559041\n|gametype|singles\n|player|p1|D098|1|1589\n|player|p2|itsjustrps|1|1628\n|gen|9\n|tier|[Gen 9] OU\n|rated|\n|rule|HP Percentage Mod: HP is shown in percentages\n|rule|Endless Battle Clause: Forcing endless battles is banned\n|rule|Species Clause: Limit one of each Pokémon\n|rule|OHKO Clause: OHKO moves are banned\n|rule|Evasion Items Clause: Evasion items are banned\n|rule|Evasion Moves Clause: Evasion moves are banned\n|rule|Evasion Abilities Clause: Evasion abilities are banned\n|rule|Sleep Moves Clause: Sleep-inducing moves are banned\n|clearpoke\n|poke|p1|Torkoal, F|\n|poke|p1|Landorus-Therian, M|\n|poke|p1|Arcanine-Hisui, F|\n|poke|p1|Sandy Shocks|\n|poke|p1|Walking Wake|\n|poke|p1|Hatterene, F|\n|poke|p2|Clodsire, F|\n|poke|p2|Dondozo, F|\n|poke|p2|Garganacl, F|\n|poke|p2|Kyurem|\n|poke|p2|Corviknight, F|\n|poke|p2|Tornadus-Therian, M|\n|teampreview\n|inactive|Battle timer is ON: inactive players will automatically lose when time's up. (requested by itsjustrps)\n|\n|t:|1782559058\n|teamsize|p1|6\n|teamsize|p2|6\n|start\n|switch|p1a: Arcanine|Arcanine-Hisui, F|100/100\n|switch|p2a: Tornadus|Tornadus-Therian, M|100/100\n|turn|1\n|\n|t:|1782559065\n|move|p2a: Tornadus|U-turn|p1a: Arcanine\n|-resisted|p1a: Arcanine\n|-damage|p1a: Arcanine|89/100\n|\n|t:|1782559066\n|switch|p2a: Dondozo|Dondozo, F|100/100|[from] U-turn\n|move|p1a: Arcanine|Head Smash|p2a: Dondozo|[miss]\n|-miss|p1a: Arcanine|p2a: Dondozo\n|\n|upkeep\n|turn|2\n|\n|t:|1782559086\n|switch|p1a: Torkoal|Torkoal, F|100/100\n|-weather|SunnyDay|[from] ability: Drought|[of] p1a: Torkoal\n|move|p2a: Dondozo|Liquidation|p1a: Torkoal\n|-supereffective|p1a: Torkoal\n|-damage|p1a: Torkoal|83/100\n|\n|-weather|SunnyDay|[upkeep]\n|upkeep\n|turn|3\n|\n|t:|1782559097\n|switch|p2a: Garganacl|Garganacl, F|100/100\n|switch|p1a: Hatterene|Hatterene, F|100/100\n|\n|-weather|SunnyDay|[upkeep]\n|upkeep\n|turn|4\n|\n|t:|1782559107\n|move|p2a: Garganacl|Salt Cure|p1a: Hatterene\n|-damage|p1a: Hatterene|84/100\n|-start|p1a: Hatterene|Salt Cure\n|move|p1a: Hatterene|Trick|p2a: Garganacl\n|-activate|p1a: Hatterene|move: Trick|[of] p2a: Garganacl\n|-item|p2a: Garganacl|Choice Specs|[from] move: Trick\n|-item|p1a: Hatterene|Heavy-Duty Boots|[from] move: Trick\n|\n|-weather|SunnyDay|[upkeep]\n|-damage|p1a: Hatterene|72/100|[from] Salt Cure\n|upkeep\n|turn|5\n|\n|t:|1782559119\n|switch|p1a: Landorus|Landorus-Therian, M|100/100\n|-ability|p1a: Landorus|Intimidate|boost\n|-unboost|p2a: Garganacl|atk|1\n|move|p2a: Garganacl|Salt Cure|p1a: Landorus\n|-damage|p1a: Landorus|94/100\n|-start|p1a: Landorus|Salt Cure\n|\n|-weather|SunnyDay|[upkeep]\n|-damage|p1a: Landorus|82/100|[from] Salt Cure\n|upkeep\n|turn|6\n|\n|t:|1782559129\n|switch|p2a: Corviknight|Corviknight, F|100/100\n|-ability|p2a: Corviknight|Pressure\n|move|p1a: Landorus|Earthquake|p2a: Corviknight\n|-immune|p2a: Corviknight\n|\n|-weather|SunnyDay|[upkeep]\n|-damage|p1a: Landorus|70/100|[from] Salt Cure\n|upkeep\n|turn|7\n|\n|t:|1782559135\n|move|p1a: Landorus|U-turn|p2a: Corviknight\n|-resisted|p2a: Corviknight\n|-damage|p2a: Corviknight|96/100\n|\n|t:|1782559138\n|switch|p1a: Arcanine|Arcanine-Hisui, F|89/100|[from] U-turn\n|move|p2a: Corviknight|Defog|p1a: Arcanine\n|-unboost|p1a: Arcanine|evasion|1\n|\n|-weather|SunnyDay|[upkeep]\n|upkeep\n|turn|8\n|\n|t:|1782559146\n|switch|p2a: Dondozo|Dondozo, F|100/100\n|move|p1a: Arcanine|Flare Blitz|p2a: Dondozo\n|-resisted|p2a: Dondozo\n|-damage|p2a: Dondozo|67/100\n|\n|-weather|SunnyDay|[upkeep]\n|-heal|p2a: Dondozo|73/100|[from] item: Leftovers\n|upkeep\n|turn|9\n|\n|t:|1782559156\n|move|p1a: Arcanine|Flare Blitz|p2a: Dondozo\n|-resisted|p2a: Dondozo\n|-damage|p2a: Dondozo|44/100\n|move|p2a: Dondozo|Body Press|p1a: Arcanine\n|-supereffective|p1a: Arcanine\n|-damage|p1a: Arcanine|26/100\n|\n|-weather|none\n|-heal|p2a: Dondozo|50/100|[from] item: Leftovers\n|upkeep\n|turn|10\n|\n|t:|1782559174\n|switch|p1a: Torkoal|Torkoal, F|83/100\n|-weather|SunnyDay|[from] ability: Drought|[of] p1a: Torkoal\n|switch|p2a: Garganacl|Garganacl, F|100/100\n|\n|-weather|SunnyDay|[upkeep]\n|upkeep\n|turn|11\n|\n|t:|1782559199\n|switch|p1a: Hatterene|Hatterene, F|72/100\n|move|p2a: Garganacl|Salt Cure|p1a: Hatterene\n|-damage|p1a: Hatterene|57/100\n|-start|p1a: Hatterene|Salt Cure\n|\n|-weather|SunnyDay|[upkeep]\n|-damage|p1a: Hatterene|45/100|[from] Salt Cure\n|upkeep\n|turn|12\n|\n|t:|1782559208\n|switch|p1a: Landorus|Landorus-Therian, M|70/100\n|-ability|p1a: Landorus|Intimidate|boost\n|-unboost|p2a: Garganacl|atk|1\n|move|p2a: Garganacl|Salt Cure|p1a: Landorus\n|-damage|p1a: Landorus|63/100\n|-start|p1a: Landorus|Salt Cure\n|\n|-weather|SunnyDay|[upkeep]\n|-damage|p1a: Landorus|51/100|[from] Salt Cure\n|upkeep\n|turn|13\n|\n|t:|1782559214\n|move|p1a: Landorus|Stealth Rock|p2a: Garganacl\n|-sidestart|p2: itsjustrps|move: Stealth Rock\n|move|p2a: Garganacl|Salt Cure|p1a: Landorus\n|-damage|p1a: Landorus|44/100\n|\n|-weather|SunnyDay|[upkeep]\n|-damage|p1a: Landorus|32/100|[from] Salt Cure\n|upkeep\n|turn|14\n|\n|t:|1782559219\n|switch|p2a: Corviknight|Corviknight, F|96/100\n|-damage|p2a: Corviknight|83/100|[from] Stealth Rock\n|-ability|p2a: Corviknight|Pressure\n|move|p1a: Landorus|U-turn|p2a: Corviknight\n|-resisted|p2a: Corviknight\n|-damage|p2a: Corviknight|79/100\n|\n|t:|1782559226\n|switch|p1a: Arcanine|Arcanine-Hisui, F|26/100|[from] U-turn\n|\n|-weather|SunnyDay|[upkeep]\n|upkeep\n|turn|15\n|\n|t:|1782559229\n|switch|p2a: Garganacl|Garganacl, F|100/100\n|-damage|p2a: Garganacl|88/100|[from] Stealth Rock\n|move|p1a: Arcanine|Flare Blitz|p2a: Garganacl\n|-resisted|p2a: Garganacl\n|-damage|p2a: Garganacl|45/100\n|\n|-weather|SunnyDay|[upkeep]\n|upkeep\n|turn|16\n|\n|t:|1782559245\n|switch|p1a: Landorus|Landorus-Therian, M|32/100\n|-ability|p1a: Landorus|Intimidate|boost\n|-unboost|p2a: Garganacl|atk|1\n|move|p2a: Garganacl|Recover|p2a: Garganacl\n|-heal|p2a: Garganacl|95/100\n|\n|-weather|SunnyDay|[upkeep]\n|upkeep\n|turn|17\n|\n|t:|1782559253\n|switch|p2a: Corviknight|Corviknight, F|79/100\n|-damage|p2a: Corviknight|66/100|[from] Stealth Rock\n|-ability|p2a: Corviknight|Pressure\n|move|p1a: Landorus|U-turn|p2a: Corviknight\n|-resisted|p2a: Corviknight\n|-damage|p2a: Corviknight|61/100\n|\n|t:|1782559263\n|switch|p1a: Arcanine|Arcanine-Hisui, F|26/100|[from] U-turn\n|\n|-weather|none\n|upkeep\n|turn|18\n|\n|t:|1782559272\n|switch|p2a: Garganacl|Garganacl, F|95/100\n|-damage|p2a: Garganacl|82/100|[from] Stealth Rock\n|move|p1a: Arcanine|Head Smash|p2a: Garganacl\n|-damage|p2a: Garganacl|9/100\n|\n|upkeep\n|turn|19\n|\n|t:|1782559278\n|move|p1a: Arcanine|Head Smash|p2a: Garganacl\n|-damage|p2a: Garganacl|0 fnt\n|faint|p2a: Garganacl\n|\n|upkeep\n|\n|t:|1782559288\n|switch|p2a: Tornadus|Tornadus-Therian, M|100/100\n|-damage|p2a: Tornadus|76/100|[from] Stealth Rock\n|turn|20\n|\n|t:|1782559292\n|switch|p1a: Torkoal|Torkoal, F|83/100\n|-weather|SunnyDay|[from] ability: Drought|[of] p1a: Torkoal\n|move|p2a: Tornadus|Knock Off|p1a: Torkoal\n|-damage|p1a: Torkoal|69/100\n|-enditem|p1a: Torkoal|Heat Rock|[from] move: Knock Off|[of] p2a: Tornadus\n|\n|-weather|SunnyDay|[upkeep]\n|upkeep\n|turn|21\n|\n|t:|1782559310\n|move|p2a: Tornadus|U-turn|p1a: Torkoal\n|-resisted|p1a: Torkoal\n|-damage|p1a: Torkoal|64/100\n|\n|t:|1782559314\n|switch|p2a: Clodsire|Clodsire, F|100/100|[from] U-turn\n|move|p1a: Torkoal|Will-O-Wisp|p2a: Clodsire\n|-status|p2a: Clodsire|brn\n|\n|-weather|SunnyDay|[upkeep]\n|-damage|p2a: Clodsire|94/100 brn|[from] brn\n|upkeep\n|turn|22\n|\n|t:|1782559323\n|switch|p1a: Hatterene|Hatterene, F|45/100\n|move|p2a: Clodsire|Stealth Rock|p1a: Hatterene\n|move|p1a: Hatterene|Stealth Rock||[from] ability: Magic Bounce|[still]\n|-fail|p1a: Hatterene\n|\n|-weather|SunnyDay|[upkeep]\n|-damage|p2a: Clodsire|88/100 brn|[from] brn\n|upkeep\n|turn|23\n|\n|t:|1782559334\n|move|p1a: Hatterene|Psychic|p2a: Clodsire\n|-supereffective|p2a: Clodsire\n|-damage|p2a: Clodsire|41/100 brn\n|move|p2a: Clodsire|Poison Jab|p1a: Hatterene\n|-supereffective|p1a: Hatterene\n|-damage|p1a: Hatterene|18/100\n|\n|-weather|SunnyDay|[upkeep]\n|-damage|p2a: Clodsire|35/100 brn|[from] brn\n|upkeep\n|turn|24\n|\n|t:|1782559341\n|switch|p2a: Corviknight|Corviknight, F|61/100\n|-damage|p2a: Corviknight|49/100|[from] Stealth Rock\n|-ability|p2a: Corviknight|Pressure\n|move|p1a: Hatterene|Psychic|p2a: Corviknight\n|-resisted|p2a: Corviknight\n|-damage|p2a: Corviknight|34/100\n|\n|-weather|SunnyDay|[upkeep]\n|upkeep\n|turn|25\n|\n|t:|1782559349\n|switch|p1a: Arcanine|Arcanine-Hisui, F|26/100\n|move|p2a: Corviknight|Roost|p2a: Corviknight\n|-heal|p2a: Corviknight|84/100\n|-singleturn|p2a: Corviknight|move: Roost\n|\n|-weather|SunnyDay|[upkeep]\n|upkeep\n|turn|26\n|\n|t:|1782559355\n|switch|p2a: Clodsire|Clodsire, F|35/100 brn\n|move|p1a: Arcanine|Flare Blitz|p2a: Clodsire\n|-damage|p2a: Clodsire|0 fnt\n|faint|p2a: Clodsire\n|\n|-weather|SunnyDay|[upkeep]\n|upkeep\n|\n|t:|1782559361\n|switch|p2a: Dondozo|Dondozo, F|50/100\n|-damage|p2a: Dondozo|37/100|[from] Stealth Rock\n|turn|27\n|\n|t:|1782559364\n|move|p1a: Arcanine|Flare Blitz|p2a: Dondozo\n|-resisted|p2a: Dondozo\n|-damage|p2a: Dondozo|6/100\n|move|p2a: Dondozo|Rest|p2a: Dondozo\n|-status|p2a: Dondozo|slp|[from] move: Rest\n|-heal|p2a: Dondozo|100/100 slp|[silent]\n|\n|-weather|none\n|upkeep\n|turn|28\n|j| dante1310\n|\n|t:|1782559376\n|switch|p1a: Torkoal|Torkoal, F|64/100\n|-weather|SunnyDay|[from] ability: Drought|[of] p1a: Torkoal\n|switch|p2a: Corviknight|Corviknight, F|84/100\n|-damage|p2a: Corviknight|72/100|[from] Stealth Rock\n|-ability|p2a: Corviknight|Pressure\n|\n|-weather|SunnyDay|[upkeep]\n|upkeep\n|turn|29\n|\n|t:|1782559384\n|move|p2a: Corviknight|Defog|p1a: Torkoal\n|-unboost|p1a: Torkoal|evasion|1\n|-sideend|p2: itsjustrps|Stealth Rock|[from] move: Defog|[of] p2a: Corviknight\n|move|p1a: Torkoal|Lava Plume|p2a: Corviknight\n|-supereffective|p2a: Corviknight\n|-damage|p2a: Corviknight|23/100\n|\n|-weather|SunnyDay|[upkeep]\n|upkeep\n|turn|30\n|\n|t:|1782559393\n|move|p2a: Corviknight|Roost|p2a: Corviknight\n|-heal|p2a: Corviknight|73/100\n|-singleturn|p2a: Corviknight|move: Roost\n|move|p1a: Torkoal|Lava Plume|p2a: Corviknight\n|-supereffective|p2a: Corviknight\n|-damage|p2a: Corviknight|22/100\n|\n|-weather|SunnyDay|[upkeep]\n|upkeep\n|turn|31\n|\n|t:|1782559413\n|switch|p2a: Dondozo|Dondozo, F|100/100 slp\n|switch|p1a: Arcanine|Arcanine-Hisui, F|26/100\n|\n|-weather|SunnyDay|[upkeep]\n|upkeep\n|turn|32\n|\n|t:|1782559422\n|move|p1a: Arcanine|Head Smash|p2a: Dondozo|[miss]\n|-miss|p1a: Arcanine|p2a: Dondozo\n|cant|p2a: Dondozo|slp\n|move|p2a: Dondozo|Sleep Talk|p2a: Dondozo\n|move|p2a: Dondozo|Rest||[from] move: Sleep Talk|[still]\n|-fail|p2a: Dondozo\n|\n|-weather|none\n|upkeep\n|turn|33\n|\n|t:|1782559430\n|move|p1a: Arcanine|Head Smash|p2a: Dondozo|[miss]\n|-miss|p1a: Arcanine|p2a: Dondozo\n|cant|p2a: Dondozo|slp\n|move|p2a: Dondozo|Sleep Talk|p2a: Dondozo\n|move|p2a: Dondozo|Liquidation|p1a: Arcanine|[from] move: Sleep Talk\n|-supereffective|p1a: Arcanine\n|-damage|p1a: Arcanine|0 fnt\n|faint|p1a: Arcanine\n|\n|upkeep\n|\n|t:|1782559434\n|switch|p1a: Torkoal|Torkoal, F|64/100\n|-weather|SunnyDay|[from] ability: Drought|[of] p1a: Torkoal\n|turn|34\n|\n|t:|1782559444\n|switch|p1a: Sandy Shocks|Sandy Shocks|100/100\n|-activate|p1a: Sandy Shocks|ability: Protosynthesis\n|-start|p1a: Sandy Shocks|protosynthesisspa\n|-curestatus|p2a: Dondozo|slp|[msg]\n|move|p2a: Dondozo|Liquidation|p1a: Sandy Shocks\n|-supereffective|p1a: Sandy Shocks\n|-crit|p1a: Sandy Shocks\n|-damage|p1a: Sandy Shocks|48/100\n|\n|-weather|SunnyDay|[upkeep]\n|upkeep\n|turn|35\n|\n|t:|1782559453\n|switch|p2a: Kyurem|Kyurem|100/100\n|-ability|p2a: Kyurem|Pressure\n|move|p1a: Sandy Shocks|Thunderbolt|p2a: Kyurem\n|-resisted|p2a: Kyurem\n|-damage|p2a: Kyurem|66/100\n|-damage|p1a: Sandy Shocks|38/100|[from] item: Life Orb\n|\n|-weather|SunnyDay|[upkeep]\n|-heal|p2a: Kyurem|73/100|[from] item: Leftovers\n|upkeep\n|turn|36\n|\n|t:|1782559460\n|-terastallize|p1a: Sandy Shocks|Steel\n|move|p2a: Kyurem|Protect|p2a: Kyurem\n|-singleturn|p2a: Kyurem|Protect\n|move|p1a: Sandy Shocks|Flash Cannon|p2a: Kyurem\n|-activate|p2a: Kyurem|move: Protect\n|\n|-weather|SunnyDay|[upkeep]\n|-heal|p2a: Kyurem|79/100|[from] item: Leftovers\n|upkeep\n|turn|37\n|\n|t:|1782559478\n|switch|p2a: Tornadus|Tornadus-Therian, M|100/100\n|move|p1a: Sandy Shocks|Flash Cannon|p2a: Tornadus\n|-damage|p2a: Tornadus|30/100\n|-damage|p1a: Sandy Shocks|28/100|[from] item: Life Orb\n|\n|-weather|SunnyDay|[upkeep]\n|upkeep\n|turn|38\n|\n|t:|1782559499\n|-end|p1a: Sandy Shocks|Protosynthesis|[silent]\n|switch|p1a: Hatterene|Hatterene, F|18/100\n|move|p2a: Tornadus|Knock Off|p1a: Hatterene\n|-damage|p1a: Hatterene|0 fnt\n|-enditem|p1a: Hatterene|Heavy-Duty Boots|[from] move: Knock Off|[of] p2a: Tornadus\n|faint|p1a: Hatterene\n|\n|-weather|none\n|upkeep\n|inactive|D098 has 120 seconds left.\n|\n|t:|1782559534\n|switch|p1a: Torkoal|Torkoal, F|64/100\n|-weather|SunnyDay|[from] ability: Drought|[of] p1a: Torkoal\n|turn|39\n|\n|t:|1782559549\n|switch|p1a: Landorus|Landorus-Therian, M|32/100\n|-ability|p1a: Landorus|Intimidate|boost\n|-unboost|p2a: Tornadus|atk|1\n|move|p2a: Tornadus|U-turn|p1a: Landorus\n|-resisted|p1a: Landorus\n|-damage|p1a: Landorus|29/100\n|-damage|p2a: Tornadus|13/100|[from] item: Rocky Helmet|[of] p1a: Landorus\n|\n|t:|1782559554\n|switch|p2a: Kyurem|Kyurem|79/100|[from] U-turn\n|-ability|p2a: Kyurem|Pressure\n|\n|-weather|SunnyDay|[upkeep]\n|-heal|p2a: Kyurem|85/100|[from] item: Leftovers\n|upkeep\n|turn|40\n|\n|t:|1782559564\n|move|p2a: Kyurem|Freeze-Dry|p1a: Landorus\n|-supereffective|p1a: Landorus\n|-damage|p1a: Landorus|0 fnt\n|faint|p1a: Landorus\n|\n|-weather|SunnyDay|[upkeep]\n|-heal|p2a: Kyurem|91/100|[from] item: Leftovers\n|upkeep\n|\n|t:|1782559570\n|switch|p1a: Sandy Shocks|Sandy Shocks, tera:Steel|28/100\n|-activate|p1a: Sandy Shocks|ability: Protosynthesis\n|-start|p1a: Sandy Shocks|protosynthesisspa\n|turn|41\n|\n|t:|1782559578\n|move|p2a: Kyurem|Protect|p2a: Kyurem\n|-singleturn|p2a: Kyurem|Protect\n|move|p1a: Sandy Shocks|Flash Cannon|p2a: Kyurem\n|-activate|p2a: Kyurem|move: Protect\n|\n|-weather|SunnyDay|[upkeep]\n|-heal|p2a: Kyurem|97/100|[from] item: Leftovers\n|upkeep\n|turn|42\n|\n|t:|1782559587\n|switch|p2a: Corviknight|Corviknight, F|22/100\n|-ability|p2a: Corviknight|Pressure\n|move|p1a: Sandy Shocks|Volt Switch|p2a: Corviknight\n|-supereffective|p2a: Corviknight\n|-damage|p2a: Corviknight|0 fnt\n|faint|p2a: Corviknight\n|-damage|p1a: Sandy Shocks|18/100|[from] item: Life Orb\n|\n|t:|1782559593\n|-end|p1a: Sandy Shocks|Protosynthesis|[silent]\n|switch|p1a: Walking Wake|Walking Wake|100/100|[from] Volt Switch\n|-activate|p1a: Walking Wake|ability: Protosynthesis\n|-start|p1a: Walking Wake|protosynthesisspe\n|\n|-weather|SunnyDay|[upkeep]\n|upkeep\n|\n|t:|1782559600\n|switch|p2a: Kyurem|Kyurem|97/100\n|-ability|p2a: Kyurem|Pressure\n|turn|43\n|inactive|D098 has 120 seconds left.\n|\n|t:|1782559605\n|move|p2a: Kyurem|Protect|p2a: Kyurem\n|-singleturn|p2a: Kyurem|Protect\n|move|p1a: Walking Wake|Dragon Pulse|p2a: Kyurem\n|-activate|p2a: Kyurem|move: Protect\n|\n|-weather|none\n|-end|p1a: Walking Wake|Protosynthesis\n|-heal|p2a: Kyurem|100/100|[from] item: Leftovers\n|upkeep\n|turn|44\n|\n|t:|1782559610\n|-terastallize|p2a: Kyurem|Steel\n|move|p1a: Walking Wake|Dragon Pulse|p2a: Kyurem\n|-resisted|p2a: Kyurem\n|-damage|p2a: Kyurem|69/100\n|move|p2a: Kyurem|Substitute|p2a: Kyurem\n|-start|p2a: Kyurem|Substitute\n|-damage|p2a: Kyurem|44/100\n|\n|-heal|p2a: Kyurem|50/100|[from] item: Leftovers\n|upkeep\n|turn|45\n|inactive|D098 has 120 seconds left.\n|\n|t:|1782559632\n|-end|p1a: Walking Wake|Protosynthesis|[silent]\n|switch|p1a: Torkoal|Torkoal, F|64/100\n|-weather|SunnyDay|[from] ability: Drought|[of] p1a: Torkoal\n|move|p2a: Kyurem|Earth Power|p1a: Torkoal\n|-supereffective|p1a: Torkoal\n|-damage|p1a: Torkoal|0 fnt\n|faint|p1a: Torkoal\n|\n|-weather|SunnyDay|[upkeep]\n|-heal|p2a: Kyurem|56/100|[from] item: Leftovers\n|upkeep\n|inactive|D098 has 120 seconds left.\n|\n|t:|1782559642\n|switch|p1a: Sandy Shocks|Sandy Shocks, tera:Steel|18/100\n|-activate|p1a: Sandy Shocks|ability: Protosynthesis\n|-start|p1a: Sandy Shocks|protosynthesisspa\n|turn|46\n|inactive|D098 has 120 seconds left.\n|\n|t:|1782559649\n|move|p2a: Kyurem|Protect|p2a: Kyurem\n|-singleturn|p2a: Kyurem|Protect\n|move|p1a: Sandy Shocks|Flash Cannon|p2a: Kyurem\n|-activate|p2a: Kyurem|move: Protect\n|\n|-weather|SunnyDay|[upkeep]\n|-heal|p2a: Kyurem|62/100|[from] item: Leftovers\n|upkeep\n|turn|47\n|\n|t:|1782559660\n|move|p1a: Sandy Shocks|Earth Power|p2a: Kyurem\n|-supereffective|p2a: Kyurem\n|-end|p2a: Kyurem|Substitute\n|-damage|p1a: Sandy Shocks|8/100|[from] item: Life Orb\n|move|p2a: Kyurem|Substitute|p2a: Kyurem\n|-start|p2a: Kyurem|Substitute\n|-damage|p2a: Kyurem|37/100\n|\n|-weather|SunnyDay|[upkeep]\n|-heal|p2a: Kyurem|44/100|[from] item: Leftovers\n|upkeep\n|turn|48\n|-message|D098 forfeited.\n|\n|win|itsjustrps\n|raw|D098's rating: 1589 &rarr; <strong>1571</strong><br />(-18 for losing)\n|raw|itsjustrps's rating: 1628 &rarr; <strong>1646</strong><br />(+18 for winning)\n|l|☆D098\n|player|p1|\n|l| dante1310\n", "uploadtime": 1782559847, "views": 5, "formatid": "gen9ou", "rating": 1571, "private": 0, "password": null}