{"id": "gen9ou-2639302867", "format": "[Gen 9] OU", "players": ["Enzo019821", "ika 3"], "log": "|j|☆Enzo019821\n|j|☆ika 3\n|t:|1782449130\n|gametype|singles\n|player|p1|Enzo019821|170|1063\n|player|p2|ika 3|265|1122\n|gen|9\n|tier|[Gen 9] OU\n|rated|\n|rule|HP Percentage Mod: HP is shown in percentages\n|rule|Endless Battle Clause: Forcing endless battles is banned\n|rule|Species Clause: Limit one of each Pokémon\n|rule|OHKO Clause: OHKO moves are banned\n|rule|Evasion Items Clause: Evasion items are banned\n|rule|Evasion Moves Clause: Evasion moves are banned\n|rule|Evasion Abilities Clause: Evasion abilities are banned\n|rule|Sleep Moves Clause: Sleep-inducing moves are banned\n|clearpoke\n|poke|p1|Thundurus-Therian, M|\n|poke|p1|Scizor, M|\n|poke|p1|Azelf|\n|poke|p1|Azumarill, M|\n|poke|p1|Salamence, F|\n|poke|p1|Krookodile, M|\n|poke|p2|Blaziken, F|\n|poke|p2|Slowking-Galar, F|\n|poke|p2|Iron Treads|\n|poke|p2|Landorus-Therian, M|\n|poke|p2|Ogerpon-Wellspring, F|\n|poke|p2|Dragapult, M|\n|teampreview\n|\n|t:|1782449155\n|teamsize|p1|6\n|teamsize|p2|6\n|start\n|switch|p1a: Azelf|Azelf|100/100\n|switch|p2a: Dragapult|Dragapult, M|100/100\n|turn|1\n|\n|t:|1782449184\n|move|p2a: Dragapult|U-turn|p1a: Azelf\n|-supereffective|p1a: Azelf\n|-damage|p1a: Azelf|50/100\n|\n|t:|1782449188\n|switch|p2a: Slowking|Slowking-Galar, F|100/100|[from] U-turn\n|move|p1a: Azelf|Stealth Rock|p2a: Slowking\n|-sidestart|p2: ika 3|move: Stealth Rock\n|\n|upkeep\n|turn|2\n|\n|t:|1782449227\n|move|p1a: Azelf|Explosion|p2a: Slowking\n|-damage|p2a: Slowking|52/100\n|faint|p1a: Azelf\n|-prepare|p2a: Slowking|Chilly Reception|[premajor]\n|move|p2a: Slowking|Chilly Reception|p2a: Slowking\n|-weather|Snowscape\n|\n|t:|1782449249\n|switch|p2a: Dragapult|Dragapult, M|100/100|[from] Chilly Reception\n|-damage|p2a: Dragapult|88/100|[from] Stealth Rock\n|\n|-weather|Snowscape|[upkeep]\n|upkeep\n|\n|t:|1782449260\n|switch|p1a: Azumarill|Azumarill, M|100/100\n|turn|3\n|\n|t:|1782449269\n|move|p2a: Dragapult|U-turn|p1a: Azumarill\n|-resisted|p1a: Azumarill\n|-damage|p1a: Azumarill|91/100\n|\n|t:|1782449271\n|switch|p2a: Ogerpon|Ogerpon-Wellspring, F|100/100|[from] U-turn\n|-damage|p2a: Ogerpon|88/100|[from] Stealth Rock\n|move|p1a: Azumarill|Belly Drum|p1a: Azumarill\n|-damage|p1a: Azumarill|41/100\n|-setboost|p1a: Azumarill|atk|6|[from] move: Belly Drum\n|-enditem|p1a: Azumarill|Sitrus Berry|[eat]\n|-heal|p1a: Azumarill|65/100|[from] item: Sitrus Berry\n|\n|-weather|Snowscape|[upkeep]\n|upkeep\n|turn|4\n|\n|t:|1782449298\n|move|p2a: Ogerpon|Encore|p1a: Azumarill\n|-start|p1a: Azumarill|Encore\n|move|p1a: Azumarill|Belly Drum||[still]\n|-fail|p1a: Azumarill\n|\n|-weather|Snowscape|[upkeep]\n|upkeep\n|turn|5\n|\n|t:|1782449355\n|switch|p1a: Thundurus|Thundurus-Therian, M|100/100\n|move|p2a: Ogerpon|Power Whip|p1a: Thundurus\n|-resisted|p1a: Thundurus\n|-damage|p1a: Thundurus|37/100\n|\n|-weather|Snowscape|[upkeep]\n|upkeep\n|turn|6\n|\n|t:|1782449383\n|switch|p2a: Iron Treads|Iron Treads|100/100\n|-damage|p2a: Iron Treads|97/100|[from] Stealth Rock\n|move|p1a: Thundurus|Thunderbolt|p2a: Iron Treads\n|-immune|p2a: Iron Treads\n|\n|-weather|none\n|upkeep\n|turn|7\n|\n|t:|1782449398\n|move|p1a: Thundurus|Focus Blast|p2a: Iron Treads|[miss]\n|-miss|p1a: Thundurus|p2a: Iron Treads\n|move|p2a: Iron Treads|Knock Off|p1a: Thundurus\n|-damage|p1a: Thundurus|0 fnt\n|-enditem|p1a: Thundurus|Heavy-Duty Boots|[from] move: Knock Off|[of] p2a: Iron Treads\n|faint|p1a: Thundurus\n|\n|upkeep\n|\n|t:|1782449411\n|switch|p1a: Scizor|Scizor, M|100/100\n|turn|8\n|\n|t:|1782449449\n|-end|p2a: Iron Treads|Quark Drive|[silent]\n|switch|p2a: Landorus|Landorus-Therian, M|100/100\n|-damage|p2a: Landorus|88/100|[from] Stealth Rock\n|-ability|p2a: Landorus|Intimidate|boost\n|-unboost|p1a: Scizor|atk|1\n|move|p1a: Scizor|Close Combat|p2a: Landorus\n|-resisted|p2a: Landorus\n|-damage|p2a: Landorus|65/100\n|-unboost|p1a: Scizor|def|1\n|-unboost|p1a: Scizor|spd|1\n|-damage|p1a: Scizor|84/100|[from] item: Rocky Helmet|[of] p2a: Landorus\n|\n|upkeep\n|turn|9\n|\n|t:|1782449472\n|switch|p1a: Azumarill|Azumarill, M|65/100\n|move|p2a: Landorus|U-turn|p1a: Azumarill\n|-resisted|p1a: Azumarill\n|-damage|p1a: Azumarill|51/100\n|\n|t:|1782449475\n|switch|p2a: Ogerpon|Ogerpon-Wellspring, F|88/100|[from] U-turn\n|-damage|p2a: Ogerpon|76/100|[from] Stealth Rock\n|\n|upkeep\n|turn|10\n|\n|t:|1782449486\n|switch|p2a: Dragapult|Dragapult, M|88/100\n|-damage|p2a: Dragapult|76/100|[from] Stealth Rock\n|move|p1a: Azumarill|Aqua Jet|p2a: Dragapult\n|-resisted|p2a: Dragapult\n|-damage|p2a: Dragapult|58/100\n|\n|upkeep\n|turn|11\n|\n|t:|1782449512\n|switch|p2a: Ogerpon|Ogerpon-Wellspring, F|76/100\n|-damage|p2a: Ogerpon|64/100|[from] Stealth Rock\n|switch|p1a: Krookodile|Krookodile, M|100/100\n|\n|upkeep\n|turn|12\n|\n|t:|1782449540\n|move|p1a: Krookodile|Knock Off|p2a: Ogerpon\n|-damage|p2a: Ogerpon|20/100\n|move|p2a: Ogerpon|Power Whip|p1a: Krookodile\n|-supereffective|p1a: Krookodile\n|-damage|p1a: Krookodile|0 fnt\n|faint|p1a: Krookodile\n|\n|upkeep\n|\n|t:|1782449550\n|switch|p1a: Azumarill|Azumarill, M|51/100\n|turn|13\n|\n|t:|1782449556\n|move|p1a: Azumarill|Aqua Jet|p2a: Ogerpon\n|-heal|p2a: Ogerpon|45/100|[from] ability: Water Absorb|[of] p1a: Azumarill\n|move|p2a: Ogerpon|Power Whip|p1a: Azumarill\n|-supereffective|p1a: Azumarill\n|-damage|p1a: Azumarill|0 fnt\n|faint|p1a: Azumarill\n|\n|upkeep\n|\n|t:|1782449566\n|switch|p1a: Salamence|Salamence, F|100/100\n|-ability|p1a: Salamence|Intimidate|boost\n|-unboost|p2a: Ogerpon|atk|1\n|turn|14\n|\n|t:|1782449575\n|move|p1a: Salamence|Dragon Dance|p1a: Salamence\n|-boost|p1a: Salamence|atk|1\n|-boost|p1a: Salamence|spe|1\n|move|p2a: Ogerpon|Encore|p1a: Salamence\n|-start|p1a: Salamence|Encore\n|\n|upkeep\n|turn|15\n|\n|t:|1782449591\n|switch|p1a: Scizor|Scizor, M|84/100\n|switch|p2a: Dragapult|Dragapult, M|58/100\n|-damage|p2a: Dragapult|45/100|[from] Stealth Rock\n|\n|upkeep\n|turn|16\n|\n|t:|1782449615\n|switch|p2a: Slowking|Slowking-Galar, F|85/100\n|move|p1a: Scizor|Bullet Punch|p2a: Slowking\n|-damage|p2a: Slowking|46/100\n|\n|upkeep\n|turn|17\n|\n|t:|1782449657\n|move|p1a: Scizor|Bullet Punch|p2a: Slowking\n|-damage|p2a: Slowking|10/100\n|-prepare|p2a: Slowking|Chilly Reception|[premajor]\n|move|p2a: Slowking|Chilly Reception|p2a: Slowking\n|-weather|Snowscape\n|\n|t:|1782449660\n|switch|p2a: Blaziken|Blaziken, F|100/100|[from] Chilly Reception\n|-damage|p2a: Blaziken|88/100|[from] Stealth Rock\n|\n|-weather|Snowscape|[upkeep]\n|-heal|p2a: Blaziken|94/100|[from] item: Leftovers\n|upkeep\n|turn|18\n|\n|t:|1782449672\n|switch|p1a: Salamence|Salamence, F|100/100\n|-ability|p1a: Salamence|Intimidate|boost\n|-unboost|p2a: Blaziken|atk|1\n|move|p2a: Blaziken|Flare Blitz|p1a: Salamence\n|-resisted|p1a: Salamence\n|-damage|p1a: Salamence|72/100\n|-damage|p2a: Blaziken|84/100|[from] Recoil\n|\n|-weather|Snowscape|[upkeep]\n|-heal|p2a: Blaziken|90/100|[from] item: Leftovers\n|-ability|p2a: Blaziken|Speed Boost|boost\n|-boost|p2a: Blaziken|spe|1\n|upkeep\n|turn|19\n|\n|t:|1782449706\n|switch|p2a: Landorus|Landorus-Therian, M|65/100\n|-damage|p2a: Landorus|52/100|[from] Stealth Rock\n|-ability|p2a: Landorus|Intimidate|boost\n|-unboost|p1a: Salamence|atk|1\n|move|p1a: Salamence|Dragon Dance|p1a: Salamence\n|-boost|p1a: Salamence|atk|1\n|-boost|p1a: Salamence|spe|1\n|\n|-weather|Snowscape|[upkeep]\n|upkeep\n|turn|20\n|\n|t:|1782449738\n|move|p1a: Salamence|Dual Wingbeat|p2a: Landorus\n|-damage|p2a: Landorus|32/100\n|-damage|p1a: Salamence|56/100|[from] item: Rocky Helmet|[of] p2a: Landorus\n|-damage|p2a: Landorus|12/100\n|-damage|p1a: Salamence|39/100|[from] item: Rocky Helmet|[of] p2a: Landorus\n|-hitcount|p2a: Landorus|2\n|move|p2a: Landorus|U-turn|p1a: Salamence\n|-resisted|p1a: Salamence\n|-damage|p1a: Salamence|26/100\n|\n|t:|1782449741\n|switch|p2a: Dragapult|Dragapult, M|45/100|[from] U-turn\n|-damage|p2a: Dragapult|33/100|[from] Stealth Rock\n|\n|-weather|Snowscape|[upkeep]\n|upkeep\n|turn|21\n|\n|t:|1782449766\n|move|p2a: Dragapult|Shadow Ball|p1a: Salamence\n|-damage|p1a: Salamence|0 fnt\n|faint|p1a: Salamence\n|\n|-weather|none\n|upkeep\n|\n|t:|1782449772\n|switch|p1a: Scizor|Scizor, M|84/100\n|turn|22\n|\n|t:|1782449783\n|move|p1a: Scizor|Bullet Punch|p2a: Dragapult\n|-damage|p2a: Dragapult|0 fnt\n|faint|p2a: Dragapult\n|\n|upkeep\n|\n|t:|1782449784\n|switch|p2a: Blaziken|Blaziken, F|90/100\n|-damage|p2a: Blaziken|78/100|[from] Stealth Rock\n|turn|23\n|\n|t:|1782449793\n|move|p2a: Blaziken|Protect|p2a: Blaziken\n|-singleturn|p2a: Blaziken|Protect\n|move|p1a: Scizor|Bullet Punch|p2a: Blaziken\n|-activate|p2a: Blaziken|move: Protect\n|\n|-heal|p2a: Blaziken|84/100|[from] item: Leftovers\n|-ability|p2a: Blaziken|Speed Boost|boost\n|-boost|p2a: Blaziken|spe|1\n|upkeep\n|turn|24\n|\n|t:|1782449803\n|move|p1a: Scizor|Bullet Punch|p2a: Blaziken\n|-resisted|p2a: Blaziken\n|-damage|p2a: Blaziken|45/100\n|move|p2a: Blaziken|Flare Blitz|p1a: Scizor\n|-supereffective|p1a: Scizor\n|-damage|p1a: Scizor|0 fnt\n|faint|p1a: Scizor\n|-damage|p2a: Blaziken|14/100|[from] Recoil\n|\n|win|ika 3\n|raw|Enzo019821's rating: 1063 &rarr; <strong>1048</strong><br />(-15 for losing)\n|raw|ika 3's rating: 1144 &rarr; <strong>1163</strong><br />(+19 for winning)\n|l|☆Enzo019821\n|player|p1|\n|l|☆ika 3\n|player|p2|\n", "uploadtime": 1782450182, "views": 3, "formatid": "gen9ou", "rating": 1048, "private": 0, "password": null}