{"id": "gen9ou-2647728545", "format": "[Gen 9] OU", "players": ["loguuu", "grabmann"], "log": "|j|☆loguuu\n|j|☆grabmann\n|t:|1783802679\n|gametype|singles\n|player|p1|loguuu|ghetsis-gen5bw|1191\n|player|p2|grabmann|spenser-gen3|1222\n|gen|9\n|tier|[Gen 9] OU\n|rated|\n|rule|HP Percentage Mod: HP is shown in percentages\n|rule|Endless Battle Clause: Forcing endless battles is banned\n|rule|Species Clause: Limit one of each Pokémon\n|rule|OHKO Clause: OHKO moves are banned\n|rule|Evasion Items Clause: Evasion items are banned\n|rule|Evasion Moves Clause: Evasion moves are banned\n|rule|Evasion Abilities Clause: Evasion abilities are banned\n|rule|Sleep Moves Clause: Sleep-inducing moves are banned\n|clearpoke\n|poke|p1|Sandy Shocks|\n|poke|p1|Slither Wing|\n|poke|p1|Latias, F|\n|poke|p1|Samurott-Hisui, M|\n|poke|p1|Blaziken, M|\n|poke|p1|Tsareena, F|\n|poke|p2|Excadrill, M|\n|poke|p2|Feraligatr, M|\n|poke|p2|Latios, M|\n|poke|p2|Scizor, M|\n|poke|p2|Iron Moth|\n|poke|p2|Zapdos|\n|teampreview\n|inactive|Battle timer is ON: inactive players will automatically lose when time's up. (requested by grabmann)\n|\n|t:|1783802686\n|teamsize|p1|6\n|teamsize|p2|6\n|start\n|switch|p1a: Sandy Shocks|Sandy Shocks|100/100\n|switch|p2a: Excadrill|Excadrill, M|100/100\n|-ability|p2a: Excadrill|Mold Breaker\n|turn|1\n|\n|t:|1783802697\n|-terastallize|p1a: Sandy Shocks|Flying\n|move|p1a: Sandy Shocks|Earth Power|p2a: Excadrill\n|-supereffective|p2a: Excadrill\n|-enditem|p2a: Excadrill|Focus Sash\n|-damage|p2a: Excadrill|1/100\n|-damage|p1a: Sandy Shocks|91/100|[from] item: Life Orb\n|move|p2a: Excadrill|Stealth Rock|p1a: Sandy Shocks\n|-sidestart|p1: loguuu|move: Stealth Rock\n|\n|upkeep\n|turn|2\n|\n|t:|1783802727\n|switch|p2a: Latios|Latios, M|100/100\n|move|p1a: Sandy Shocks|Stealth Rock|p2a: Latios\n|-sidestart|p2: grabmann|move: Stealth Rock\n|\n|upkeep\n|turn|3\n|inactive|grabmann has 120 seconds left.\n|\n|t:|1783802749\n|-end|p1a: Sandy Shocks|Protosynthesis|[silent]\n|switch|p1a: Tsareena|Tsareena, F|100/100\n|move|p2a: Latios|Calm Mind|p2a: Latios\n|-boost|p2a: Latios|spa|1\n|-boost|p2a: Latios|spd|1\n|\n|upkeep\n|turn|4\n|inactive|grabmann has 120 seconds left.\n|\n|t:|1783802769\n|-terastallize|p2a: Latios|Steel\n|move|p2a: Latios|Calm Mind|p2a: Latios\n|-boost|p2a: Latios|spa|1\n|-boost|p2a: Latios|spd|1\n|move|p1a: Tsareena|Rapid Spin|p2a: Latios\n|-resisted|p2a: Latios\n|-damage|p2a: Latios|88/100\n|-boost|p1a: Tsareena|spe|1\n|-sideend|p1: loguuu|Stealth Rock|[from] move: Rapid Spin|[of] p1a: Tsareena\n|\n|upkeep\n|turn|5\n|\n|t:|1783802776\n|move|p2a: Latios|Agility|p2a: Latios\n|-boost|p2a: Latios|spe|2\n|move|p1a: Tsareena|High Jump Kick|p2a: Latios\n|-supereffective|p2a: Latios\n|-damage|p2a: Latios|0 fnt\n|faint|p2a: Latios\n|\n|upkeep\n|\n|t:|1783802793\n|switch|p2a: Zapdos|Zapdos|100/100\n|turn|6\n|\n|t:|1783802796\n|move|p2a: Zapdos|Heat Wave|p1a: Tsareena\n|-supereffective|p1a: Tsareena\n|-damage|p1a: Tsareena|31/100\n|move|p1a: Tsareena|Triple Axel|p2a: Zapdos\n|-supereffective|p2a: Zapdos\n|-damage|p2a: Zapdos|83/100\n|-supereffective|p2a: Zapdos\n|-damage|p2a: Zapdos|49/100\n|-status|p1a: Tsareena|par|[from] ability: Static|[of] p2a: Zapdos\n|-supereffective|p2a: Zapdos\n|-damage|p2a: Zapdos|0 fnt\n|faint|p2a: Zapdos\n|-hitcount|p2: Zapdos|3\n|\n|upkeep\n|\n|t:|1783802809\n|switch|p2a: Iron Moth|Iron Moth|100/100\n|-damage|p2a: Iron Moth|76/100|[from] Stealth Rock\n|-enditem|p2a: Iron Moth|Booster Energy\n|-activate|p2a: Iron Moth|ability: Quark Drive|[fromitem]\n|-start|p2a: Iron Moth|quarkdrivespe\n|turn|7\n|\n|t:|1783802815\n|move|p2a: Iron Moth|Substitute|p2a: Iron Moth\n|-start|p2a: Iron Moth|Substitute\n|-damage|p2a: Iron Moth|51/100\n|move|p1a: Tsareena|U-turn|p2a: Iron Moth\n|-resisted|p2a: Iron Moth\n|-activate|p2a: Iron Moth|move: Substitute|[damage]\n|\n|t:|1783802819\n|switch|p1a: Samurott|Samurott-Hisui, M|100/100|[from] U-turn\n|\n|upkeep\n|turn|8\n|inactive|grabmann has 120 seconds left.\n|\n|t:|1783802835\n|move|p2a: Iron Moth|Dazzling Gleam|p1a: Samurott\n|-supereffective|p1a: Samurott\n|-crit|p1a: Samurott\n|-damage|p1a: Samurott|41/100\n|move|p1a: Samurott|Razor Shell|p2a: Iron Moth\n|-supereffective|p2a: Iron Moth\n|-end|p2a: Iron Moth|Substitute\n|\n|upkeep\n|turn|9\n|inactive|grabmann has 120 seconds left.\n|\n|t:|1783802848\n|move|p1a: Samurott|Sucker Punch|p2a: Iron Moth\n|-damage|p2a: Iron Moth|9/100\n|move|p2a: Iron Moth|Dazzling Gleam|p1a: Samurott\n|-supereffective|p1a: Samurott\n|-damage|p1a: Samurott|2/100\n|\n|upkeep\n|turn|10\n|inactive|grabmann has 120 seconds left.\n|\n|t:|1783802860\n|-end|p2a: Iron Moth|Quark Drive|[silent]\n|switch|p2a: Excadrill|Excadrill, M|1/100\n|-damage|p2a: Excadrill|0 fnt|[from] Stealth Rock\n|faint|p2a: Excadrill\n|move|p1a: Samurott|Sucker Punch|p2: Excadrill|[notarget]\n|-fail|p1a: Samurott\n|\n|upkeep\n|inactive|grabmann has 120 seconds left.\n|\n|t:|1783802866\n|switch|p2a: Scizor|Scizor, M|100/100\n|-damage|p2a: Scizor|88/100|[from] Stealth Rock\n|turn|11\n|\n|t:|1783802871\n|move|p2a: Scizor|Bullet Punch|p1a: Samurott\n|-resisted|p1a: Samurott\n|-damage|p1a: Samurott|0 fnt\n|faint|p1a: Samurott\n|-damage|p2a: Scizor|78/100|[from] item: Life Orb\n|\n|upkeep\n|\n|t:|1783802875\n|switch|p1a: Tsareena|Tsareena, F|31/100 par\n|turn|12\n|\n|t:|1783802887\n|move|p2a: Scizor|Swords Dance|p2a: Scizor\n|-boost|p2a: Scizor|atk|2\n|move|p1a: Tsareena|High Jump Kick|p2a: Scizor\n|-damage|p2a: Scizor|26/100\n|\n|upkeep\n|turn|13\n|\n|t:|1783802896\n|move|p2a: Scizor|Knock Off|p1a: Tsareena\n|-damage|p1a: Tsareena|0 fnt\n|-enditem|p1a: Tsareena|Heavy-Duty Boots|[from] move: Knock Off|[of] p2a: Scizor\n|faint|p1a: Tsareena\n|-damage|p2a: Scizor|16/100|[from] item: Life Orb\n|\n|upkeep\n|\n|t:|1783802899\n|switch|p1a: Blaziken|Blaziken, M|100/100\n|turn|14\n|\n|t:|1783802903\n|move|p1a: Blaziken|Vacuum Wave|p2a: Scizor\n|-damage|p2a: Scizor|0 fnt\n|faint|p2a: Scizor\n|\n|-ability|p1a: Blaziken|Speed Boost|boost\n|-boost|p1a: Blaziken|spe|1\n|upkeep\n|\n|t:|1783802905\n|switch|p2a: Feraligatr|Feraligatr, M|100/100\n|-damage|p2a: Feraligatr|88/100|[from] Stealth Rock\n|turn|15\n|\n|t:|1783802913\n|switch|p1a: Slither Wing|Slither Wing, shiny|100/100\n|-enditem|p1a: Slither Wing|Booster Energy\n|-activate|p1a: Slither Wing|ability: Protosynthesis|[fromitem]\n|-start|p1a: Slither Wing|protosynthesisatk\n|move|p2a: Feraligatr|Liquidation|p1a: Slither Wing\n|-damage|p1a: Slither Wing|7/100\n|\n|upkeep\n|turn|16\n|\n|t:|1783802925\n|move|p1a: Slither Wing|First Impression|p2a: Feraligatr\n|-damage|p2a: Feraligatr|24/100\n|move|p2a: Feraligatr|Liquidation|p1a: Slither Wing\n|-damage|p1a: Slither Wing|0 fnt\n|faint|p1a: Slither Wing\n|-end|p1a: Slither Wing|Protosynthesis|[silent]\n|\n|upkeep\n|\n|t:|1783802929\n|switch|p1a: Sandy Shocks|Sandy Shocks, tera:Flying|91/100\n|turn|17\n|\n|t:|1783802933\n|switch|p2a: Iron Moth|Iron Moth|9/100\n|-damage|p2a: Iron Moth|0 fnt|[from] Stealth Rock\n|faint|p2a: Iron Moth\n|-end|p2a: Iron Moth|Quark Drive|[silent]\n|move|p1a: Sandy Shocks|Volt Switch|p2: Iron Moth|[notarget]\n|-fail|p1a: Sandy Shocks\n|\n|upkeep\n|\n|t:|1783802939\n|switch|p2a: Feraligatr|Feraligatr, M|24/100\n|-damage|p2a: Feraligatr|12/100|[from] Stealth Rock\n|turn|18\n|\n|t:|1783802942\n|move|p1a: Sandy Shocks|Volt Switch|p2a: Feraligatr\n|-supereffective|p2a: Feraligatr\n|-damage|p2a: Feraligatr|0 fnt\n|faint|p2a: Feraligatr\n|-damage|p1a: Sandy Shocks|81/100|[from] item: Life Orb\n|\n|win|loguuu\n|raw|loguuu's rating: 1191 &rarr; <strong>1218</strong><br />(+27 for winning)\n|raw|grabmann's rating: 1222 &rarr; <strong>1195</strong><br />(-27 for losing)\n|c|☆grabmann|ggs\n|l|☆loguuu\n|player|p1|\n|l|☆grabmann\n|player|p2|\n", "uploadtime": 1783803290, "views": 4, "formatid": "gen9ou", "rating": 1195, "private": 0, "password": null}