{"id": "gen9ou-2647752842", "format": "[Gen 9] OU", "players": ["wishuponafajita", "Joltinjoe18"], "log": "|j|☆wishuponafajita\n|j|☆Joltinjoe18\n|t:|1783806716\n|gametype|singles\n|player|p1|wishuponafajita|tuberf|1698\n|player|p2|Joltinjoe18|170|1776\n|gen|9\n|tier|[Gen 9] OU\n|rated|\n|rule|HP Percentage Mod: HP is shown in percentages\n|rule|Endless Battle Clause: Forcing endless battles is banned\n|rule|Species Clause: Limit one of each Pokémon\n|rule|OHKO Clause: OHKO moves are banned\n|rule|Evasion Items Clause: Evasion items are banned\n|rule|Evasion Moves Clause: Evasion moves are banned\n|rule|Evasion Abilities Clause: Evasion abilities are banned\n|rule|Sleep Moves Clause: Sleep-inducing moves are banned\n|clearpoke\n|poke|p1|Araquanid, M|\n|poke|p1|Hoopa-Unbound|\n|poke|p1|Iron Valiant|\n|poke|p1|Toxtricity, F|\n|poke|p1|Dragonite, M|\n|poke|p1|Iron Treads|\n|poke|p2|Enamorus, F|\n|poke|p2|Corviknight, F|\n|poke|p2|Ting-Lu|\n|poke|p2|Basculegion, M|\n|poke|p2|Raging Bolt|\n|poke|p2|Pelipper, M|\n|teampreview\n|c|☆wishuponafajita|hey joe\n|c|☆wishuponafajita|glhf\n|c|☆Joltinjoe18|oh hey its raffe\n|c|☆Joltinjoe18|u2\n|c|☆wishuponafajita|LMAO\n|inactive|Battle timer is ON: inactive players will automatically lose when time's up. (requested by Joltinjoe18)\n|\n|t:|1783806742\n|teamsize|p1|6\n|teamsize|p2|6\n|start\n|switch|p1a: CruisinInMy'182|Toxtricity, F|100/100\n|switch|p2a: Basculegion|Basculegion, M|100/100\n|turn|1\n|j| Budew It\n|\n|t:|1783806748\n|switch|p1a: MadeAMilLikeAraq|Araquanid, M|100/100\n|move|p2a: Basculegion|Wave Crash|p1a: MadeAMilLikeAraq\n|-resisted|p1a: MadeAMilLikeAraq\n|-damage|p1a: MadeAMilLikeAraq|56/100\n|-damage|p2a: Basculegion|88/100|[from] Recoil\n|\n|upkeep\n|turn|2\n|\n|t:|1783806752\n|move|p2a: Basculegion|Wave Crash|p1a: MadeAMilLikeAraq\n|-resisted|p1a: MadeAMilLikeAraq\n|-damage|p1a: MadeAMilLikeAraq|9/100\n|-damage|p2a: Basculegion|74/100|[from] Recoil\n|move|p1a: MadeAMilLikeAraq|Liquidation|p2a: Basculegion\n|-resisted|p2a: Basculegion\n|-damage|p2a: Basculegion|9/100\n|\n|upkeep\n|turn|3\n|\n|t:|1783806755\n|move|p2a: Basculegion|Wave Crash|p1a: MadeAMilLikeAraq\n|-resisted|p1a: MadeAMilLikeAraq\n|-damage|p1a: MadeAMilLikeAraq|0 fnt\n|faint|p1a: MadeAMilLikeAraq\n|-damage|p2a: Basculegion|6/100|[from] Recoil\n|\n|upkeep\n|\n|t:|1783806765\n|switch|p1a: C.T.E.SPINS|Iron Treads|100/100\n|-enditem|p1a: C.T.E.SPINS|Booster Energy\n|-activate|p1a: C.T.E.SPINS|ability: Quark Drive|[fromitem]\n|-start|p1a: C.T.E.SPINS|quarkdrivespe\n|turn|4\n|\n|t:|1783806774\n|switch|p2a: Corviknight|Corviknight, F|100/100\n|-ability|p2a: Corviknight|Pressure\n|move|p1a: C.T.E.SPINS|Earth Power|p2a: Corviknight\n|-immune|p2a: Corviknight\n|\n|upkeep\n|turn|5\n|\n|t:|1783806776\n|move|p1a: C.T.E.SPINS|Stealth Rock|p2a: Corviknight\n|-sidestart|p2: Joltinjoe18|move: Stealth Rock\n|move|p2a: Corviknight|Brave Bird|p1a: C.T.E.SPINS\n|-resisted|p1a: C.T.E.SPINS\n|-damage|p1a: C.T.E.SPINS|83/100\n|-damage|p2a: Corviknight|96/100|[from] Recoil\n|\n|-heal|p2a: Corviknight|100/100|[from] item: Leftovers\n|upkeep\n|turn|6\n|inactive|wishuponafajita has 120 seconds left.\n|\n|t:|1783806827\n|move|p1a: C.T.E.SPINS|Steel Beam|p2a: Corviknight\n|-resisted|p2a: Corviknight\n|-damage|p2a: Corviknight|80/100\n|-damage|p1a: C.T.E.SPINS|33/100|[from] steelbeam\n|move|p2a: Corviknight|Defog|p1a: C.T.E.SPINS\n|-unboost|p1a: C.T.E.SPINS|evasion|1\n|-sideend|p2: Joltinjoe18|Stealth Rock|[from] move: Defog|[of] p2a: Corviknight\n|\n|-heal|p2a: Corviknight|86/100|[from] item: Leftovers\n|upkeep\n|turn|7\n|\n|t:|1783806829\n|move|p1a: C.T.E.SPINS|Stealth Rock|p2a: Corviknight\n|-sidestart|p2: Joltinjoe18|move: Stealth Rock\n|move|p2a: Corviknight|Defog|p1a: C.T.E.SPINS\n|-unboost|p1a: C.T.E.SPINS|evasion|1\n|-sideend|p2: Joltinjoe18|Stealth Rock|[from] move: Defog|[of] p2a: Corviknight\n|\n|-heal|p2a: Corviknight|92/100|[from] item: Leftovers\n|upkeep\n|turn|8\n|\n|t:|1783806831\n|move|p1a: C.T.E.SPINS|Stealth Rock|p2a: Corviknight\n|-sidestart|p2: Joltinjoe18|move: Stealth Rock\n|move|p2a: Corviknight|Defog|p1a: C.T.E.SPINS\n|-unboost|p1a: C.T.E.SPINS|evasion|1\n|-sideend|p2: Joltinjoe18|Stealth Rock|[from] move: Defog|[of] p2a: Corviknight\n|\n|-heal|p2a: Corviknight|98/100|[from] item: Leftovers\n|upkeep\n|turn|9\n|\n|t:|1783806834\n|move|p1a: C.T.E.SPINS|Stealth Rock|p2a: Corviknight\n|-sidestart|p2: Joltinjoe18|move: Stealth Rock\n|move|p2a: Corviknight|Defog|p1a: C.T.E.SPINS\n|-unboost|p1a: C.T.E.SPINS|evasion|1\n|-sideend|p2: Joltinjoe18|Stealth Rock|[from] move: Defog|[of] p2a: Corviknight\n|\n|-heal|p2a: Corviknight|100/100|[from] item: Leftovers\n|upkeep\n|turn|10\n|\n|t:|1783806835\n|move|p1a: C.T.E.SPINS|Stealth Rock|p2a: Corviknight\n|-sidestart|p2: Joltinjoe18|move: Stealth Rock\n|move|p2a: Corviknight|Defog|p1a: C.T.E.SPINS\n|-unboost|p1a: C.T.E.SPINS|evasion|1\n|-sideend|p2: Joltinjoe18|Stealth Rock|[from] move: Defog|[of] p2a: Corviknight\n|\n|upkeep\n|turn|11\n|\n|t:|1783806836\n|move|p1a: C.T.E.SPINS|Stealth Rock|p2a: Corviknight\n|-sidestart|p2: Joltinjoe18|move: Stealth Rock\n|move|p2a: Corviknight|Defog|p1a: C.T.E.SPINS\n|-unboost|p1a: C.T.E.SPINS|evasion|1\n|-sideend|p2: Joltinjoe18|Stealth Rock|[from] move: Defog|[of] p2a: Corviknight\n|\n|upkeep\n|turn|12\n|\n|t:|1783806839\n|move|p1a: C.T.E.SPINS|Stealth Rock|p2a: Corviknight\n|-sidestart|p2: Joltinjoe18|move: Stealth Rock\n|move|p2a: Corviknight|Defog|p1a: C.T.E.SPINS\n|-unboost|p1a: C.T.E.SPINS|evasion|0\n|-sideend|p2: Joltinjoe18|Stealth Rock|[from] move: Defog|[of] p2a: Corviknight\n|\n|upkeep\n|turn|13\n|\n|t:|1783806840\n|-end|p1a: C.T.E.SPINS|Quark Drive|[silent]\n|switch|p1a: CruisinInMy'182|Toxtricity, F|100/100\n|move|p2a: Corviknight|Defog|p1a: CruisinInMy'182\n|-unboost|p1a: CruisinInMy'182|evasion|1\n|\n|upkeep\n|turn|14\n|\n|t:|1783806842\n|switch|p1a: C.T.E.SPINS|Iron Treads|33/100\n|switch|p2a: Ting-Lu|Ting-Lu|100/100\n|-ability|p2a: Ting-Lu|Vessel of Ruin\n|\n|upkeep\n|turn|15\n|\n|t:|1783806849\n|move|p1a: C.T.E.SPINS|Stealth Rock|p2a: Ting-Lu\n|-sidestart|p2: Joltinjoe18|move: Stealth Rock\n|move|p2a: Ting-Lu|Earthquake|p1a: C.T.E.SPINS\n|-supereffective|p1a: C.T.E.SPINS\n|-damage|p1a: C.T.E.SPINS|0 fnt\n|faint|p1a: C.T.E.SPINS\n|-end|p1a: C.T.E.SPINS|Quark Drive|[silent]\n|\n|upkeep\n|\n|t:|1783806855\n|switch|p1a: SlightOfHands|Hoopa-Unbound|100/100\n|turn|16\n|j| sffkqz\n|\n|t:|1783806872\n|move|p1a: SlightOfHands|Nasty Plot|p1a: SlightOfHands\n|-boost|p1a: SlightOfHands|spa|2\n|move|p2a: Ting-Lu|Earthquake|p1a: SlightOfHands\n|-damage|p1a: SlightOfHands|25/100\n|-enditem|p1a: SlightOfHands|Salac Berry|[eat]\n|-boost|p1a: SlightOfHands|spe|1|[from] item: Salac Berry\n|\n|upkeep\n|turn|17\n|\n|t:|1783806878\n|switch|p2a: GangStarrFromAbove|Enamorus, F|100/100\n|-damage|p2a: GangStarrFromAbove|76/100|[from] Stealth Rock\n|move|p1a: SlightOfHands|Focus Blast|p2a: GangStarrFromAbove\n|-resisted|p2a: GangStarrFromAbove\n|-damage|p2a: GangStarrFromAbove|41/100\n|-boost|p2a: GangStarrFromAbove|spd|1\n|-item|p1a: SlightOfHands|Choice Scarf|[from] ability: Magician|[of] p2a: GangStarrFromAbove\n|\n|upkeep\n|turn|18\n|c|☆wishuponafajita|lmfao\n|c|☆Joltinjoe18|oh my gosh\n|c|☆wishuponafajita|you even stole the nickname\n|c|☆wishuponafajita|im crying\n|\n|t:|1783806896\n|move|p1a: SlightOfHands|Dark Pulse|p2a: GangStarrFromAbove\n|-resisted|p2a: GangStarrFromAbove\n|-damage|p2a: GangStarrFromAbove|0 fnt\n|faint|p2a: GangStarrFromAbove\n|\n|upkeep\n|\n|t:|1783806900\n|switch|p2a: Ting-Lu|Ting-Lu|100/100\n|-damage|p2a: Ting-Lu|94/100|[from] Stealth Rock\n|-ability|p2a: Ting-Lu|Vessel of Ruin\n|turn|19\n|c|☆wishuponafajita|w magician lmfao\n|\n|t:|1783806903\n|move|p1a: SlightOfHands|Dark Pulse|p2a: Ting-Lu\n|-resisted|p2a: Ting-Lu\n|-damage|p2a: Ting-Lu|72/100\n|move|p2a: Ting-Lu|Stealth Rock|p1a: SlightOfHands\n|-sidestart|p1: wishuponafajita|move: Stealth Rock\n|\n|-heal|p2a: Ting-Lu|78/100|[from] item: Leftovers\n|upkeep\n|turn|20\n|c|☆Joltinjoe18|crazy\n|\n|t:|1783806907\n|move|p1a: SlightOfHands|Dark Pulse|p2a: Ting-Lu\n|-resisted|p2a: Ting-Lu\n|-damage|p2a: Ting-Lu|54/100\n|cant|p2a: Ting-Lu|flinch\n|\n|-heal|p2a: Ting-Lu|61/100|[from] item: Leftovers\n|upkeep\n|turn|21\n|\n|t:|1783806910\n|move|p1a: SlightOfHands|Dark Pulse|p2a: Ting-Lu\n|-resisted|p2a: Ting-Lu\n|-damage|p2a: Ting-Lu|37/100\n|move|p2a: Ting-Lu|Earthquake|p1a: SlightOfHands\n|-damage|p1a: SlightOfHands|0 fnt\n|faint|p1a: SlightOfHands\n|\n|-heal|p2a: Ting-Lu|44/100|[from] item: Leftovers\n|upkeep\n|inactive|wishuponafajita has 120 seconds left.\n|\n|t:|1783806941\n|switch|p1a: I.V StateOfMind|Iron Valiant|100/100\n|-damage|p1a: I.V StateOfMind|94/100|[from] Stealth Rock\n|-enditem|p1a: I.V StateOfMind|Booster Energy\n|-activate|p1a: I.V StateOfMind|ability: Quark Drive|[fromitem]\n|-start|p1a: I.V StateOfMind|quarkdrivespe\n|turn|22\n|\n|t:|1783806944\n|switch|p2a: Corviknight|Corviknight, F|100/100\n|-damage|p2a: Corviknight|88/100|[from] Stealth Rock\n|-ability|p2a: Corviknight|Pressure\n|move|p1a: I.V StateOfMind|Calm Mind|p1a: I.V StateOfMind\n|-boost|p1a: I.V StateOfMind|spa|1\n|-boost|p1a: I.V StateOfMind|spd|1\n|\n|-heal|p2a: Corviknight|94/100|[from] item: Leftovers\n|upkeep\n|turn|23\n|j| Eternity o2\n|inactive|wishuponafajita has 120 seconds left.\n|\n|t:|1783806985\n|move|p1a: I.V StateOfMind|Shadow Ball|p2a: Corviknight\n|-damage|p2a: Corviknight|67/100\n|move|p2a: Corviknight|Brave Bird|p1a: I.V StateOfMind\n|-supereffective|p1a: I.V StateOfMind\n|-damage|p1a: I.V StateOfMind|0 fnt\n|faint|p1a: I.V StateOfMind\n|-end|p1a: I.V StateOfMind|Quark Drive|[silent]\n|-damage|p2a: Corviknight|45/100|[from] Recoil\n|\n|-heal|p2a: Corviknight|51/100|[from] item: Leftovers\n|upkeep\n|c| Eternity o2|Wishuponfajita huge fan good luck.\n|\n|t:|1783806991\n|switch|p1a: CruisinInMy'182|Toxtricity, F|100/100\n|-damage|p1a: CruisinInMy'182|88/100|[from] Stealth Rock\n|turn|24\n|\n|t:|1783806997\n|move|p1a: CruisinInMy'182|Encore|p2a: Corviknight\n|-start|p2a: Corviknight|Encore\n|move|p2a: Corviknight|Brave Bird|p1a: CruisinInMy'182\n|-resisted|p1a: CruisinInMy'182\n|-damage|p1a: CruisinInMy'182|57/100\n|-damage|p2a: Corviknight|43/100|[from] Recoil\n|\n|-heal|p2a: Corviknight|49/100|[from] item: Leftovers\n|upkeep\n|turn|25\n|j| just-jaype\n|inactive|Joltinjoe18 has 120 seconds left.\n|c| just-jaype|Raffe\n|inactive|Joltinjoe18 has 90 seconds left.\n|c| just-jaype|you win these\n|\n|t:|1783807070\n|switch|p2a: Basculegion|Basculegion, M|6/100\n|-damage|p2a: Basculegion|0 fnt|[from] Stealth Rock\n|faint|p2a: Basculegion\n|move|p1a: CruisinInMy'182|Boomburst|p2: Basculegion|[notarget]\n|-fail|p1a: CruisinInMy'182\n|\n|upkeep\n|\n|t:|1783807073\n|switch|p2a: Ting-Lu|Ting-Lu|44/100\n|-damage|p2a: Ting-Lu|37/100|[from] Stealth Rock\n|-ability|p2a: Ting-Lu|Vessel of Ruin\n|turn|26\n|inactive|wishuponafajita also wants the timer to be on.\n|c|☆wishuponafajita|FAHHH\n|inactive|Joltinjoe18 has 90 seconds left.\n|c|☆wishuponafajita|you found the line lmao\n|inactive|wishuponafajita has 120 seconds left.\n|\n|t:|1783807084\n|-terastallize|p1a: CruisinInMy'182|Normal\n|move|p1a: CruisinInMy'182|Boomburst|p2a: Ting-Lu\n|-damage|p2a: Ting-Lu|0 fnt\n|faint|p2a: Ting-Lu\n|-enditem|p1a: CruisinInMy'182|Throat Spray\n|-boost|p1a: CruisinInMy'182|spa|1|[from] item: Throat Spray\n|\n|upkeep\n|inactive|Joltinjoe18 has 90 seconds left.\n|\n|t:|1783807091\n|switch|p2a: Pelipper|Pelipper, M|100/100\n|-damage|p2a: Pelipper|76/100|[from] Stealth Rock\n|-weather|RainDance|[from] ability: Drizzle|[of] p2a: Pelipper\n|turn|27\n|\n|t:|1783807096\n|move|p1a: CruisinInMy'182|Boomburst|p2a: Pelipper\n|-damage|p2a: Pelipper|0 fnt\n|faint|p2a: Pelipper\n|\n|-weather|RainDance|[upkeep]\n|upkeep\n|\n|t:|1783807097\n|switch|p2a: Ol'DirtyBolt|Raging Bolt|100/100\n|-damage|p2a: Ol'DirtyBolt|88/100|[from] Stealth Rock\n|-enditem|p2a: Ol'DirtyBolt|Booster Energy\n|-activate|p2a: Ol'DirtyBolt|ability: Protosynthesis|[fromitem]\n|-start|p2a: Ol'DirtyBolt|protosynthesisspa\n|turn|28\n|\n|t:|1783807099\n|move|p2a: Ol'DirtyBolt|Thunderclap|p1a: CruisinInMy'182\n|-damage|p1a: CruisinInMy'182|0 fnt\n|faint|p1a: CruisinInMy'182\n|\n|-weather|RainDance|[upkeep]\n|upkeep\n|c|☆wishuponafajita|damn\n|c|☆wishuponafajita|50/50\n|c|☆wishuponafajita|rip lol\n|\n|t:|1783807106\n|switch|p1a: SleeplessNites|Dragonite, M|100/100\n|turn|29\n|c|☆Joltinjoe18|not a 50 50\n|c|☆wishuponafajita|?\n|c|☆Joltinjoe18|oh he has encore\n|c|☆Joltinjoe18|lol\n|c|☆Joltinjoe18|i forgot\n|c|☆wishuponafajita|bro...\n|\n|t:|1783807131\n|-terastallize|p2a: Ol'DirtyBolt|Fairy\n|move|p1a: SleeplessNites|Earthquake|p2a: Ol'DirtyBolt\n|-damage|p2a: Ol'DirtyBolt|48/100\n|move|p2a: Ol'DirtyBolt|Dragon Pulse|p1a: SleeplessNites\n|-supereffective|p1a: SleeplessNites\n|-damage|p1a: SleeplessNites|34/100\n|\n|-weather|RainDance|[upkeep]\n|upkeep\n|turn|30\n|c|☆wishuponafajita|lmao\n|c|☆wishuponafajita|ig bro\n|\n|t:|1783807137\n|move|p1a: SleeplessNites|Earthquake|p2a: Ol'DirtyBolt\n|-damage|p2a: Ol'DirtyBolt|10/100\n|move|p2a: Ol'DirtyBolt|Dragon Pulse|p1a: SleeplessNites\n|-supereffective|p1a: SleeplessNites\n|-damage|p1a: SleeplessNites|0 fnt\n|faint|p1a: SleeplessNites\n|\n|win|Joltinjoe18\n|raw|wishuponafajita's rating: 1698 &rarr; <strong>1682</strong><br />(-16 for losing)\n|raw|Joltinjoe18's rating: 1776 &rarr; <strong>1792</strong><br />(+16 for winning)\n|c|☆wishuponafajita|ggs\n|c|☆Joltinjoe18|gg\n|l| Budew It\n|l| sffkqz\n|l| just-jaype\n|c| Eternity o2|gg\n|l| Eternity o2\n", "uploadtime": 1783807309, "views": 6, "formatid": "gen9ou", "rating": 1682, "private": 0, "password": null}