{"id": "gen9ou-2639235883", "format": "[Gen 9] OU", "players": ["BoGosse971", "serkis"], "log": "|j|☆BoGosse971\n|j|☆serkis\n|t:|1782438358\n|gametype|singles\n|player|p1|BoGosse971|guitarist-gen4|1156\n|player|p2|serkis|chili|1159\n|gen|9\n|tier|[Gen 9] OU\n|rated|\n|rule|HP Percentage Mod: HP is shown in percentages\n|rule|Endless Battle Clause: Forcing endless battles is banned\n|rule|Species Clause: Limit one of each Pokémon\n|rule|OHKO Clause: OHKO moves are banned\n|rule|Evasion Items Clause: Evasion items are banned\n|rule|Evasion Moves Clause: Evasion moves are banned\n|rule|Evasion Abilities Clause: Evasion abilities are banned\n|rule|Sleep Moves Clause: Sleep-inducing moves are banned\n|clearpoke\n|poke|p1|Cinderace, M|\n|poke|p1|Inteleon, M|\n|poke|p1|Greedent, F|\n|poke|p1|Duraludon, F|\n|poke|p1|Hatterene, F|\n|poke|p1|Corviknight, M|\n|poke|p2|Dragapult, M|\n|poke|p2|Rotom-Wash|\n|poke|p2|Great Tusk|\n|poke|p2|Corviknight, F|\n|poke|p2|Scizor, F|\n|poke|p2|Amoonguss, M|\n|teampreview\n|inactive|Battle timer is ON: inactive players will automatically lose when time's up. (requested by BoGosse971)\n|\n|t:|1782438374\n|teamsize|p1|6\n|teamsize|p2|6\n|start\n|switch|p1a: Tinfoil|Duraludon, F|100/100\n|switch|p2a: Momy|Dragapult, M|100/100\n|turn|1\n|\n|t:|1782438398\n|switch|p2a: Oral B|Great Tusk|100/100\n|move|p1a: Tinfoil|Stealth Rock|p2a: Oral B\n|-sidestart|p2: serkis|move: Stealth Rock\n|\n|upkeep\n|turn|2\n|\n|t:|1782438403\n|switch|p1a: Songbird|Corviknight, M|100/100\n|move|p2a: Oral B|Stealth Rock|p1a: Songbird\n|-sidestart|p1: BoGosse971|move: Stealth Rock\n|\n|upkeep\n|turn|3\n|\n|t:|1782438411\n|-end|p2a: Oral B|Protosynthesis|[silent]\n|switch|p2a: Lavadora|Rotom-Wash|100/100\n|-damage|p2a: Lavadora|88/100|[from] Stealth Rock\n|move|p1a: Songbird|Iron Defense|p1a: Songbird\n|-boost|p1a: Songbird|def|2\n|\n|-heal|p2a: Lavadora|94/100|[from] item: Leftovers\n|upkeep\n|turn|4\n|\n|t:|1782438422\n|move|p2a: Lavadora|Volt Switch|p1a: Songbird\n|-supereffective|p1a: Songbird\n|-damage|p1a: Songbird|64/100\n|\n|t:|1782438432\n|switch|p2a: GOAT|Scizor, F|100/100|[from] Volt Switch\n|-damage|p2a: GOAT|88/100|[from] Stealth Rock\n|move|p1a: Songbird|Body Press|p2a: GOAT\n|-damage|p2a: GOAT|48/100\n|\n|-heal|p2a: GOAT|54/100|[from] item: Leftovers\n|upkeep\n|turn|5\n|\n|t:|1782438445\n|move|p1a: Songbird|Iron Defense|p1a: Songbird\n|-boost|p1a: Songbird|def|2\n|move|p2a: GOAT|Knock Off|p1a: Songbird\n|-damage|p1a: Songbird|53/100\n|-damage|p2a: GOAT|38/100|[from] item: Rocky Helmet|[of] p1a: Songbird\n|-enditem|p1a: Songbird|Rocky Helmet|[from] move: Knock Off|[of] p2a: GOAT\n|\n|-heal|p2a: GOAT|44/100|[from] item: Leftovers\n|upkeep\n|turn|6\n|\n|t:|1782438456\n|switch|p2a: Momy|Dragapult, M|100/100\n|-damage|p2a: Momy|88/100|[from] Stealth Rock\n|move|p1a: Songbird|Body Press|p2a: Momy\n|-immune|p2a: Momy\n|\n|upkeep\n|turn|7\n|\n|t:|1782438460\n|move|p2a: Momy|Flamethrower|p1a: Songbird\n|-supereffective|p1a: Songbird\n|-damage|p1a: Songbird|19/100\n|move|p1a: Songbird|Defog|p2a: Momy\n|-unboost|p2a: Momy|evasion|1\n|-sideend|p2: serkis|Stealth Rock|[from] move: Defog|[of] p1a: Songbird\n|-sideend|p1: BoGosse971|Stealth Rock|[from] move: Defog|[of] p1a: Songbird\n|\n|upkeep\n|turn|8\n|\n|t:|1782438464\n|switch|p1a: Hermione Granger|Hatterene, F|100/100\n|move|p2a: Momy|Flamethrower|p1a: Hermione Granger\n|-damage|p1a: Hermione Granger|71/100\n|\n|-heal|p1a: Hermione Granger|77/100|[from] item: Leftovers\n|upkeep\n|turn|9\n|\n|t:|1782438473\n|move|p2a: Momy|U-turn|p1a: Hermione Granger\n|-damage|p1a: Hermione Granger|59/100\n|\n|t:|1782438477\n|switch|p2a: Magno|Corviknight, F|100/100|[from] U-turn\n|-ability|p2a: Magno|Pressure\n|move|p1a: Hermione Granger|Calm Mind|p1a: Hermione Granger\n|-boost|p1a: Hermione Granger|spa|1\n|-boost|p1a: Hermione Granger|spd|1\n|\n|-heal|p1a: Hermione Granger|65/100|[from] item: Leftovers\n|upkeep\n|turn|10\n|\n|t:|1782438488\n|move|p2a: Magno|Body Slam|p1a: Hermione Granger\n|-damage|p1a: Hermione Granger|44/100\n|-status|p1a: Hermione Granger|par\n|move|p1a: Hermione Granger|Psychic Noise|p2a: Magno\n|-resisted|p2a: Magno\n|-damage|p2a: Magno|69/100\n|-start|p2a: Magno|move: Heal Block\n|\n|-heal|p1a: Hermione Granger|50/100 par|[from] item: Leftovers\n|upkeep\n|turn|11\n|\n|t:|1782438506\n|switch|p2a: Lavadora|Rotom-Wash|94/100\n|switch|p1a: Nibs|Greedent, F, shiny|100/100\n|\n|-heal|p2a: Lavadora|99/100|[from] item: Leftovers\n|upkeep\n|turn|12\n|\n|t:|1782438518\n|move|p2a: Lavadora|Will-O-Wisp|p1a: Nibs\n|-status|p1a: Nibs|brn\n|move|p1a: Nibs|Swords Dance|p1a: Nibs\n|-boost|p1a: Nibs|atk|2\n|\n|-heal|p2a: Lavadora|100/100|[from] item: Leftovers\n|-damage|p1a: Nibs|94/100 brn|[from] brn\n|upkeep\n|turn|13\n|\n|t:|1782438522\n|move|p2a: Lavadora|Protect|p2a: Lavadora\n|-singleturn|p2a: Lavadora|Protect\n|move|p1a: Nibs|Body Slam|p2a: Lavadora\n|-activate|p2a: Lavadora|move: Protect\n|\n|-damage|p1a: Nibs|88/100 brn|[from] brn\n|upkeep\n|turn|14\n|\n|t:|1782438533\n|switch|p2a: Samuel|Amoonguss, M|100/100\n|move|p1a: Nibs|Crunch|p2a: Samuel\n|-crit|p2a: Samuel\n|-damage|p2a: Samuel|73/100\n|-damage|p1a: Nibs|72/100 brn|[from] item: Rocky Helmet|[of] p2a: Samuel\n|\n|-damage|p1a: Nibs|66/100 brn|[from] brn\n|upkeep\n|turn|15\n|\n|t:|1782438541\n|move|p2a: Samuel|Clear Smog|p1a: Nibs\n|-damage|p1a: Nibs|50/100 brn\n|-clearboost|p1a: Nibs\n|-enditem|p1a: Nibs|Sitrus Berry|[eat]\n|-heal|p1a: Nibs|75/100 brn|[from] item: Sitrus Berry\n|-heal|p1a: Nibs|100/100 brn|[from] ability: Cheek Pouch\n|move|p1a: Nibs|Earthquake|p2a: Samuel\n|-damage|p2a: Samuel|62/100\n|\n|-damage|p1a: Nibs|94/100 brn|[from] brn\n|upkeep\n|turn|16\n|\n|t:|1782438552\n|switch|p1a: David Beckham|Cinderace, M|100/100\n|move|p2a: Samuel|Giga Drain|p1a: David Beckham\n|-resisted|p1a: David Beckham\n|-damage|p1a: David Beckham|84/100\n|-heal|p2a: Samuel|67/100|[from] drain|[of] p1a: David Beckham\n|\n|upkeep\n|turn|17\n|\n|t:|1782438564\n|switch|p2a: Oral B|Great Tusk|100/100\n|move|p1a: David Beckham|Pyro Ball|p2a: Oral B\n|-damage|p2a: Oral B|71/100\n|\n|-heal|p2a: Oral B|78/100|[from] item: Leftovers\n|upkeep\n|turn|18\n|\n|t:|1782438579\n|move|p1a: David Beckham|U-turn|p2a: Oral B\n|-start|p1a: David Beckham|typechange|Bug|[from] ability: Libero\n|-resisted|p2a: Oral B\n|-damage|p2a: Oral B|69/100\n|\n|t:|1782438583\n|switch|p1a: Songbird|Corviknight, M|19/100|[from] U-turn\n|move|p2a: Oral B|Earthquake|p1a: Songbird\n|-immune|p1a: Songbird\n|\n|-heal|p2a: Oral B|76/100|[from] item: Leftovers\n|upkeep\n|turn|19\n|\n|t:|1782438589\n|move|p2a: Oral B|Close Combat|p1a: Songbird\n|-damage|p1a: Songbird|0 fnt\n|-unboost|p2a: Oral B|def|1\n|-unboost|p2a: Oral B|spd|1\n|faint|p1a: Songbird\n|\n|-heal|p2a: Oral B|82/100|[from] item: Leftovers\n|upkeep\n|\n|t:|1782438595\n|switch|p1a: Skinny Pete|Inteleon, M, shiny|100/100\n|turn|20\n|\n|t:|1782438608\n|-end|p2a: Oral B|Protosynthesis|[silent]\n|switch|p2a: Samuel|Amoonguss, M|100/100\n|move|p1a: Skinny Pete|Ice Beam|p2a: Samuel\n|-supereffective|p2a: Samuel\n|-damage|p2a: Samuel|23/100\n|-status|p2a: Samuel|frz\n|\n|upkeep\n|turn|21\n|\n|t:|1782438615\n|move|p1a: Skinny Pete|Ice Beam|p2a: Samuel\n|-supereffective|p2a: Samuel\n|-damage|p2a: Samuel|0 fnt\n|faint|p2a: Samuel\n|\n|upkeep\n|\n|t:|1782438621\n|switch|p2a: Lavadora|Rotom-Wash|100/100\n|turn|22\n|\n|t:|1782438625\n|switch|p1a: Nibs|Greedent, F, shiny|94/100 brn\n|move|p2a: Lavadora|Will-O-Wisp|p1a: Nibs\n|-fail|p1a: Nibs|brn\n|\n|-damage|p1a: Nibs|88/100 brn|[from] brn\n|upkeep\n|turn|23\n|\n|t:|1782438632\n|move|p2a: Lavadora|Hydro Pump|p1a: Nibs\n|-damage|p1a: Nibs|51/100 brn\n|move|p1a: Nibs|Swords Dance|p1a: Nibs\n|-boost|p1a: Nibs|atk|2\n|\n|-damage|p1a: Nibs|45/100 brn|[from] brn\n|upkeep\n|turn|24\n|\n|t:|1782438635\n|move|p2a: Lavadora|Hydro Pump|p1a: Nibs\n|-damage|p1a: Nibs|7/100 brn\n|move|p1a: Nibs|Body Slam|p2a: Lavadora\n|-damage|p2a: Lavadora|67/100\n|\n|-heal|p2a: Lavadora|73/100|[from] item: Leftovers\n|-damage|p1a: Nibs|1/100 brn|[from] brn\n|upkeep\n|turn|25\n|\n|t:|1782438645\n|move|p2a: Lavadora|Hydro Pump|p1a: Nibs\n|-damage|p1a: Nibs|0 fnt\n|faint|p1a: Nibs\n|\n|-heal|p2a: Lavadora|79/100|[from] item: Leftovers\n|upkeep\n|\n|t:|1782438649\n|switch|p1a: Tinfoil|Duraludon, F|100/100\n|turn|26\n|\n|t:|1782438659\n|move|p2a: Lavadora|Volt Switch|p1a: Tinfoil\n|-resisted|p1a: Tinfoil\n|-damage|p1a: Tinfoil|91/100\n|\n|t:|1782438663\n|switch|p2a: GOAT|Scizor, F|44/100|[from] Volt Switch\n|move|p1a: Tinfoil|Stealth Rock|p2a: GOAT\n|-sidestart|p2: serkis|move: Stealth Rock\n|\n|-heal|p2a: GOAT|50/100|[from] item: Leftovers\n|upkeep\n|turn|27\n|\n|t:|1782438670\n|move|p1a: Tinfoil|Iron Defense|p1a: Tinfoil\n|-boost|p1a: Tinfoil|def|2\n|move|p2a: GOAT|Close Combat|p1a: Tinfoil\n|-supereffective|p1a: Tinfoil\n|-damage|p1a: Tinfoil|63/100\n|-unboost|p2a: GOAT|def|1\n|-unboost|p2a: GOAT|spd|1\n|\n|-heal|p2a: GOAT|56/100|[from] item: Leftovers\n|upkeep\n|turn|28\n|\n|t:|1782438683\n|move|p1a: Tinfoil|Body Press|p2a: GOAT\n|-damage|p2a: GOAT|0 fnt\n|faint|p2a: GOAT\n|\n|upkeep\n|\n|t:|1782438688\n|switch|p2a: Oral B|Great Tusk|82/100\n|-damage|p2a: Oral B|79/100|[from] Stealth Rock\n|turn|29\n|\n|t:|1782438697\n|move|p2a: Oral B|Earthquake|p1a: Tinfoil\n|-supereffective|p1a: Tinfoil\n|-damage|p1a: Tinfoil|37/100\n|move|p1a: Tinfoil|Body Press|p2a: Oral B\n|-damage|p2a: Oral B|58/100\n|\n|-heal|p2a: Oral B|64/100|[from] item: Leftovers\n|upkeep\n|turn|30\n|\n|t:|1782438710\n|move|p2a: Oral B|Close Combat|p1a: Tinfoil\n|-supereffective|p1a: Tinfoil\n|-damage|p1a: Tinfoil|5/100\n|-unboost|p2a: Oral B|def|1\n|-unboost|p2a: Oral B|spd|1\n|move|p1a: Tinfoil|Body Press|p2a: Oral B\n|-damage|p2a: Oral B|32/100\n|\n|-heal|p2a: Oral B|38/100|[from] item: Leftovers\n|upkeep\n|turn|31\n|\n|t:|1782438720\n|switch|p1a: Hermione Granger|Hatterene, F|50/100 par\n|move|p2a: Oral B|Close Combat|p1a: Hermione Granger\n|-resisted|p1a: Hermione Granger\n|-damage|p1a: Hermione Granger|36/100 par\n|-unboost|p2a: Oral B|def|1\n|-unboost|p2a: Oral B|spd|1\n|\n|-heal|p2a: Oral B|44/100|[from] item: Leftovers\n|-heal|p1a: Hermione Granger|42/100 par|[from] item: Leftovers\n|upkeep\n|turn|32\n|\n|t:|1782438731\n|move|p2a: Oral B|Earthquake|p1a: Hermione Granger\n|-damage|p1a: Hermione Granger|0 fnt\n|faint|p1a: Hermione Granger\n|\n|-heal|p2a: Oral B|50/100|[from] item: Leftovers\n|upkeep\n|\n|t:|1782438736\n|switch|p1a: Skinny Pete|Inteleon, M, shiny|100/100\n|turn|33\n|\n|t:|1782438741\n|-end|p2a: Oral B|Protosynthesis|[silent]\n|switch|p2a: Magno|Corviknight, F|69/100\n|-damage|p2a: Magno|56/100|[from] Stealth Rock\n|-ability|p2a: Magno|Pressure\n|move|p1a: Skinny Pete|Ice Beam|p2a: Magno\n|-damage|p2a: Magno|14/100\n|\n|upkeep\n|turn|34\n|\n|t:|1782438765\n|move|p1a: Skinny Pete|Ice Beam|p2a: Magno\n|-damage|p2a: Magno|0 fnt\n|faint|p2a: Magno\n|\n|upkeep\n|\n|t:|1782438777\n|switch|p2a: Lavadora|Rotom-Wash|79/100\n|-damage|p2a: Lavadora|67/100|[from] Stealth Rock\n|turn|35\n|\n|t:|1782438783\n|switch|p1a: Tinfoil|Duraludon, F|5/100\n|move|p2a: Lavadora|Will-O-Wisp|p1a: Tinfoil\n|-status|p1a: Tinfoil|brn\n|\n|-heal|p2a: Lavadora|73/100|[from] item: Leftovers\n|-damage|p1a: Tinfoil|0 fnt|[from] brn\n|faint|p1a: Tinfoil\n|upkeep\n|\n|t:|1782438788\n|switch|p1a: David Beckham|Cinderace, M|84/100\n|turn|36\n|\n|t:|1782438806\n|move|p1a: David Beckham|High Jump Kick|p2a: Lavadora\n|-start|p1a: David Beckham|typechange|Fighting|[from] ability: Libero\n|-damage|p2a: Lavadora|26/100\n|move|p2a: Lavadora|Hydro Pump|p1a: David Beckham|[miss]\n|-miss|p2a: Lavadora|p1a: David Beckham\n|\n|-heal|p2a: Lavadora|32/100|[from] item: Leftovers\n|upkeep\n|turn|37\n|\n|t:|1782438814\n|move|p2a: Lavadora|Protect|p2a: Lavadora\n|-singleturn|p2a: Lavadora|Protect\n|move|p1a: David Beckham|U-turn|p2a: Lavadora\n|-activate|p2a: Lavadora|move: Protect\n|\n|-heal|p2a: Lavadora|38/100|[from] item: Leftovers\n|upkeep\n|turn|38\n|\n|t:|1782438837\n|move|p2a: Lavadora|Protect||[still]\n|-fail|p2a: Lavadora\n|move|p1a: David Beckham|U-turn|p2a: Lavadora\n|-damage|p2a: Lavadora|20/100\n|\n|t:|1782438841\n|switch|p1a: Skinny Pete|Inteleon, M, shiny|100/100|[from] U-turn\n|\n|-heal|p2a: Lavadora|26/100|[from] item: Leftovers\n|upkeep\n|turn|39\n|\n|t:|1782438848\n|move|p1a: Skinny Pete|Shadow Ball|p2a: Lavadora\n|-damage|p2a: Lavadora|0 fnt\n|faint|p2a: Lavadora\n|\n|upkeep\n|\n|t:|1782438853\n|switch|p2a: Momy|Dragapult, M|88/100\n|-damage|p2a: Momy|76/100|[from] Stealth Rock\n|turn|40\n|\n|t:|1782438859\n|move|p2a: Momy|Draco Meteor|p1a: Skinny Pete\n|-damage|p1a: Skinny Pete|3/100\n|-unboost|p2a: Momy|spa|2\n|move|p1a: Skinny Pete|Shadow Ball|p2a: Momy\n|-supereffective|p2a: Momy\n|-damage|p2a: Momy|0 fnt\n|faint|p2a: Momy\n|\n|upkeep\n|\n|t:|1782438862\n|switch|p2a: Oral B|Great Tusk|50/100\n|-damage|p2a: Oral B|47/100|[from] Stealth Rock\n|turn|41\n|\n|t:|1782438870\n|switch|p1a: David Beckham|Cinderace, M|84/100\n|move|p2a: Oral B|Earthquake|p1a: David Beckham\n|-supereffective|p1a: David Beckham\n|-damage|p1a: David Beckham|0 fnt\n|faint|p1a: David Beckham\n|\n|-heal|p2a: Oral B|53/100|[from] item: Leftovers\n|upkeep\n|\n|t:|1782438874\n|switch|p1a: Skinny Pete|Inteleon, M, shiny|3/100\n|turn|42\n|\n|t:|1782438878\n|move|p1a: Skinny Pete|Snipe Shot|p2a: Oral B\n|-supereffective|p2a: Oral B\n|-damage|p2a: Oral B|0 fnt\n|faint|p2a: Oral B\n|-end|p2a: Oral B|Protosynthesis|[silent]\n|\n|win|BoGosse971\n|raw|BoGosse971's rating: 1156 &rarr; <strong>1181</strong><br />(+25 for winning)\n|raw|serkis's rating: 1159 &rarr; <strong>1134</strong><br />(-25 for losing)\n|c|☆BoGosse971|gg\n|l|☆BoGosse971\n|player|p1|\n", "uploadtime": 1782439219, "views": 7, "formatid": "gen9ou", "rating": 1134, "private": 0, "password": null}