{"id": "gen9ou-2647693682", "format": "[Gen 9] OU", "players": ["stevstacks", "The ZU Wanderer"], "log": "|j|☆stevstacks\n|j|☆The ZU Wanderer\n|t:|1783797355\n|gametype|singles\n|player|p1|stevstacks|170|1316\n|player|p2|The ZU Wanderer|roughneck|1320\n|gen|9\n|tier|[Gen 9] OU\n|rated|\n|rule|HP Percentage Mod: HP is shown in percentages\n|rule|Endless Battle Clause: Forcing endless battles is banned\n|rule|Species Clause: Limit one of each Pokémon\n|rule|OHKO Clause: OHKO moves are banned\n|rule|Evasion Items Clause: Evasion items are banned\n|rule|Evasion Moves Clause: Evasion moves are banned\n|rule|Evasion Abilities Clause: Evasion abilities are banned\n|rule|Sleep Moves Clause: Sleep-inducing moves are banned\n|clearpoke\n|poke|p1|Dragapult, F|\n|poke|p1|Jirachi|\n|poke|p1|Samurott-Hisui, M|\n|poke|p1|Ting-Lu|\n|poke|p1|Zamazenta-*|\n|poke|p1|Zapdos|\n|poke|p2|Komala, F|\n|poke|p2|Mesprit|\n|poke|p2|Spiritomb, F|\n|poke|p2|Poliwrath, M|\n|poke|p2|Sandaconda, F|\n|poke|p2|Tauros, M|\n|teampreview\n|inactive|Battle timer is ON: inactive players will automatically lose when time's up. (requested by stevstacks)\n|inactive|The ZU Wanderer has 120 seconds left.\n|\n|t:|1783797392\n|teamsize|p1|6\n|teamsize|p2|6\n|start\n|switch|p1a: Samurott|Samurott-Hisui, M|100/100\n|switch|p2a: Spiritomb|Spiritomb, F, shiny|100/100\n|turn|1\n|\n|t:|1783797402\n|move|p1a: Samurott|Ceaseless Edge|p2a: Spiritomb\n|-damage|p2a: Spiritomb|75/100\n|-sidestart|p2: The ZU Wanderer|Spikes\n|move|p2a: Spiritomb|Will-O-Wisp|p1a: Samurott\n|-status|p1a: Samurott|brn\n|\n|-damage|p1a: Samurott|94/100 brn|[from] brn\n|upkeep\n|turn|2\n|\n|t:|1783797411\n|move|p1a: Samurott|Knock Off|p2a: Spiritomb\n|-damage|p2a: Spiritomb|61/100\n|-enditem|p2a: Spiritomb|Heavy-Duty Boots|[from] move: Knock Off|[of] p1a: Samurott\n|move|p2a: Spiritomb|Pain Split|p1a: Samurott\n|-sethp|p1a: Samurott|71/100 brn|[from] move: Pain Split|[silent]\n|-sethp|p2a: Spiritomb|90/100|[from] move: Pain Split\n|\n|-damage|p1a: Samurott|65/100 brn|[from] brn\n|upkeep\n|turn|3\n|\n|t:|1783797433\n|switch|p2a: Poliwrath|Poliwrath, M, shiny|100/100\n|-damage|p2a: Poliwrath|88/100|[from] Spikes\n|move|p1a: Samurott|Ceaseless Edge|p2a: Poliwrath\n|-resisted|p2a: Poliwrath\n|-damage|p2a: Poliwrath|80/100\n|-sidestart|p2: The ZU Wanderer|Spikes\n|\n|-damage|p1a: Samurott|59/100 brn|[from] brn\n|upkeep\n|turn|4\n|inactive|The ZU Wanderer has 120 seconds left.\n|\n|t:|1783797474\n|switch|p1a: Zapdos|Zapdos|100/100\n|switch|p2a: Komala|Komala, F, shiny|100/100\n|-damage|p2a: Komala|84/100|[from] Spikes\n|-ability|p2a: Komala|Comatose\n|\n|upkeep\n|turn|5\n|\n|t:|1783797481\n|move|p1a: Zapdos|Thunder Wave|p2a: Komala\n|-immune|p2a: Komala|[from] ability: Comatose\n|move|p2a: Komala|Knock Off|p1a: Zapdos\n|-damage|p1a: Zapdos|75/100\n|-enditem|p1a: Zapdos|Heavy-Duty Boots|[from] move: Knock Off|[of] p2a: Komala\n|\n|upkeep\n|turn|6\n|\n|t:|1783797489\n|move|p1a: Zapdos|Hurricane|p2a: Komala\n|-damage|p2a: Komala|52/100\n|-start|p2a: Komala|confusion\n|-activate|p2a: Komala|confusion\n|-damage|p2a: Komala|30/100|[from] confusion\n|\n|upkeep\n|turn|7\n|\n|t:|1783797496\n|move|p1a: Zapdos|Hurricane|p2a: Komala|[miss]\n|-miss|p1a: Zapdos|p2a: Komala\n|-activate|p2a: Komala|confusion\n|move|p2a: Komala|Rapid Spin|p1a: Zapdos\n|-damage|p1a: Zapdos|57/100\n|-boost|p2a: Komala|spe|1\n|-sideend|p2: The ZU Wanderer|Spikes|[from] move: Rapid Spin|[of] p2a: Komala\n|\n|upkeep\n|turn|8\n|inactive|The ZU Wanderer has 120 seconds left.\n|-message|stevstacks forfeited.\n|\n|win|The ZU Wanderer\n|raw|stevstacks's rating: 1316 &rarr; <strong>1295</strong><br />(-21 for losing)\n|raw|The ZU Wanderer's rating: 1304 &rarr; <strong>1325</strong><br />(+21 for winning)\n|l|☆stevstacks\n|player|p1|\n|l|☆The ZU Wanderer\n|player|p2|\n", "uploadtime": 1783797886, "views": 6, "formatid": "gen9ou", "rating": 1295, "private": 0, "password": null}