{"id": "gen9ou-2647688530", "format": "[Gen 9] OU", "players": ["lllokth", "XdTheplaguedoctor"], "log": "|j|☆lllokth\n|j|☆XdTheplaguedoctor\n|t:|1783796549\n|gametype|singles\n|player|p1|lllokth|dancer|\n|player|p2|XdTheplaguedoctor|fisherman-gen4|\n|gen|9\n|tier|[Gen 9] OU\n|rule|HP Percentage Mod: HP is shown in percentages\n|rule|Endless Battle Clause: Forcing endless battles is banned\n|rule|Species Clause: Limit one of each Pokémon\n|rule|OHKO Clause: OHKO moves are banned\n|rule|Evasion Items Clause: Evasion items are banned\n|rule|Evasion Moves Clause: Evasion moves are banned\n|rule|Evasion Abilities Clause: Evasion abilities are banned\n|rule|Sleep Moves Clause: Sleep-inducing moves are banned\n|clearpoke\n|poke|p1|Dragapult, M|\n|poke|p1|Kingambit, M|\n|poke|p1|Blaziken, M|\n|poke|p1|Ogerpon-Wellspring, F|\n|poke|p1|Thundurus-Therian, M|\n|poke|p1|Glimmora, F|\n|poke|p2|Scizor, F|\n|poke|p2|Raging Bolt|\n|poke|p2|Enamorus, F|\n|poke|p2|Heatran, M|\n|poke|p2|Great Tusk|\n|poke|p2|Kingambit, M|\n|teampreview\n|inactive|Battle timer is ON: inactive players will automatically lose when time's up. (requested by lllokth)\n|inactive|XdTheplaguedoctor also wants the timer to be on.\n|\n|t:|1783796562\n|teamsize|p1|6\n|teamsize|p2|6\n|start\n|switch|p1a: Ogerpon|Ogerpon-Wellspring, F|100/100\n|switch|p2a: Scizor|Scizor, F, shiny|100/100\n|turn|1\n|\n|t:|1783796567\n|switch|p1a: Glimmora|Glimmora, F|100/100\n|move|p2a: Scizor|U-turn|p1a: Glimmora\n|-resisted|p1a: Glimmora\n|-damage|p1a: Glimmora|62/100\n|-activate|p1a: Glimmora|ability: Toxic Debris\n|-sidestart|p2: XdTheplaguedoctor|move: Toxic Spikes\n|\n|t:|1783796574\n|switch|p2a: Great Tusk|Great Tusk|100/100|[from] U-turn\n|\n|upkeep\n|turn|2\n|\n|t:|1783796578\n|switch|p1a: Thundurus|Thundurus-Therian, M|100/100\n|move|p2a: Great Tusk|Headlong Rush|p1a: Thundurus\n|-immune|p1a: Thundurus\n|\n|upkeep\n|turn|3\n|\n|t:|1783796585\n|-end|p2a: Great Tusk|Protosynthesis|[silent]\n|switch|p2a: Heatran|Heatran, M|100/100\n|move|p1a: Thundurus|Grass Knot|p2a: Heatran\n|-resisted|p2a: Heatran\n|-damage|p2a: Heatran|88/100\n|\n|-heal|p2a: Heatran|95/100|[from] item: Leftovers\n|upkeep\n|turn|4\n|\n|t:|1783796595\n|move|p1a: Thundurus|Nasty Plot|p1a: Thundurus\n|-boost|p1a: Thundurus|spa|2\n|move|p2a: Heatran|Magma Storm|p1a: Thundurus\n|-damage|p1a: Thundurus|28/100\n|-activate|p1a: Thundurus|move: Magma Storm|[of] p2a: Heatran\n|\n|-heal|p2a: Heatran|100/100|[from] item: Leftovers\n|-damage|p1a: Thundurus|16/100|[from] move: Magma Storm|[partiallytrapped]\n|upkeep\n|turn|5\n|\n|t:|1783796603\n|move|p1a: Thundurus|Thunderbolt|p2a: Heatran\n|-damage|p2a: Heatran|7/100\n|move|p2a: Heatran|Stealth Rock|p1a: Thundurus\n|-sidestart|p1: lllokth|move: Stealth Rock\n|\n|-heal|p2a: Heatran|13/100|[from] item: Leftovers\n|-damage|p1a: Thundurus|3/100|[from] move: Magma Storm|[partiallytrapped]\n|upkeep\n|turn|6\n|\n|t:|1783796611\n|move|p1a: Thundurus|Grass Knot|p2a: Heatran\n|-resisted|p2a: Heatran\n|-damage|p2a: Heatran|0 fnt\n|faint|p2a: Heatran\n|\n|-end|p1a: Thundurus|Magma Storm|[partiallytrapped]|[silent]\n|upkeep\n|\n|t:|1783796614\n|switch|p2a: Enamorus|Enamorus, F|100/100\n|turn|7\n|\n|t:|1783796617\n|move|p2a: Enamorus|Moonblast|p1a: Thundurus\n|-damage|p1a: Thundurus|0 fnt\n|faint|p1a: Thundurus\n|\n|upkeep\n|\n|t:|1783796619\n|switch|p1a: Glimmora|Glimmora, F|62/100\n|-damage|p1a: Glimmora|49/100|[from] Stealth Rock\n|turn|8\n|\n|t:|1783796625\n|switch|p2a: Scizor|Scizor, F, shiny|100/100\n|move|p1a: Glimmora|Mortal Spin|p2a: Scizor\n|-immune|p2a: Scizor\n|\n|upkeep\n|turn|9\n|\n|t:|1783796630\n|move|p2a: Scizor|Bullet Punch|p1a: Glimmora\n|-supereffective|p1a: Glimmora\n|-damage|p1a: Glimmora|0 fnt\n|-activate|p1a: Glimmora|ability: Toxic Debris\n|-sidestart|p2: XdTheplaguedoctor|move: Toxic Spikes\n|faint|p1a: Glimmora\n|\n|upkeep\n|\n|t:|1783796634\n|switch|p1a: Blaziken|Blaziken, M|100/100\n|-damage|p1a: Blaziken|88/100|[from] Stealth Rock\n|turn|10\n|c|☆XdTheplaguedoctor|BEST DAY EVERRR\n|\n|t:|1783796640\n|switch|p2a: Great Tusk|Great Tusk|100/100\n|move|p1a: Blaziken|Swords Dance|p1a: Blaziken\n|-boost|p1a: Blaziken|atk|2\n|\n|-ability|p1a: Blaziken|Speed Boost|boost\n|-boost|p1a: Blaziken|spe|1\n|upkeep\n|turn|11\n|\n|t:|1783796644\n|move|p1a: Blaziken|Protect|p1a: Blaziken\n|-singleturn|p1a: Blaziken|Protect\n|move|p2a: Great Tusk|Rapid Spin|p1a: Blaziken\n|-activate|p1a: Blaziken|move: Protect\n|\n|-ability|p1a: Blaziken|Speed Boost|boost\n|-boost|p1a: Blaziken|spe|1\n|upkeep\n|turn|12\n|\n|t:|1783796648\n|move|p1a: Blaziken|Close Combat|p2a: Great Tusk\n|-damage|p2a: Great Tusk|6/100\n|-unboost|p1a: Blaziken|def|1\n|-unboost|p1a: Blaziken|spd|1\n|move|p2a: Great Tusk|Rapid Spin|p1a: Blaziken\n|-damage|p1a: Blaziken|48/100\n|-boost|p2a: Great Tusk|spe|1\n|-sideend|p2: XdTheplaguedoctor|Toxic Spikes|[from] move: Rapid Spin|[of] p2a: Great Tusk\n|\n|-ability|p1a: Blaziken|Speed Boost|boost\n|-boost|p1a: Blaziken|spe|1\n|upkeep\n|turn|13\n|\n|t:|1783796652\n|move|p1a: Blaziken|Flare Blitz|p2a: Great Tusk\n|-damage|p2a: Great Tusk|0 fnt\n|faint|p2a: Great Tusk\n|-end|p2a: Great Tusk|Protosynthesis|[silent]\n|-damage|p1a: Blaziken|46/100|[from] Recoil\n|\n|-ability|p1a: Blaziken|Speed Boost|boost\n|-boost|p1a: Blaziken|spe|1\n|upkeep\n|\n|t:|1783796658\n|switch|p2a: Scizor|Scizor, F, shiny|100/100\n|turn|14\n|\n|t:|1783796660\n|move|p1a: Blaziken|Protect|p1a: Blaziken\n|-singleturn|p1a: Blaziken|Protect\n|move|p2a: Scizor|Bullet Punch|p1a: Blaziken\n|-activate|p1a: Blaziken|move: Protect\n|\n|-ability|p1a: Blaziken|Speed Boost|boost\n|-boost|p1a: Blaziken|spe|1\n|upkeep\n|turn|15\n|\n|t:|1783796666\n|move|p2a: Scizor|Bullet Punch|p1a: Blaziken\n|-resisted|p1a: Blaziken\n|-damage|p1a: Blaziken|0 fnt\n|faint|p1a: Blaziken\n|\n|upkeep\n|c|☆XdTheplaguedoctor|pls speed\n|c|☆XdTheplaguedoctor|YES\n|c|☆XdTheplaguedoctor|BEST DAYYY EVERRR\n|\n|t:|1783796689\n|switch|p1a: Kingambit|Kingambit, M|100/100\n|-damage|p1a: Kingambit|94/100|[from] Stealth Rock\n|-activate|p1a: Kingambit|ability: Supreme Overlord\n|-start|p1a: Kingambit|fallen3|[silent]\n|turn|16\n|\n|t:|1783796703\n|switch|p2a: Raging Bolt|Raging Bolt|100/100\n|move|p1a: Kingambit|Kowtow Cleave|p2a: Raging Bolt\n|-damage|p2a: Raging Bolt|38/100\n|\n|-heal|p1a: Kingambit|100/100|[from] item: Leftovers\n|upkeep\n|turn|17\n|\n|t:|1783796712\n|-terastallize|p2a: Raging Bolt|Fairy\n|move|p2a: Raging Bolt|Thunderbolt|p1a: Kingambit\n|-damage|p1a: Kingambit|23/100\n|move|p1a: Kingambit|Kowtow Cleave|p2a: Raging Bolt\n|-resisted|p2a: Raging Bolt\n|-damage|p2a: Raging Bolt|6/100\n|\n|-heal|p1a: Kingambit|29/100|[from] item: Leftovers\n|upkeep\n|turn|18\n|\n|t:|1783796717\n|move|p2a: Raging Bolt|Thunderbolt|p1a: Kingambit\n|-damage|p1a: Kingambit|0 fnt\n|faint|p1a: Kingambit\n|-end|p1a: Kingambit|fallen3|[silent]\n|\n|upkeep\n|\n|t:|1783796718\n|switch|p1a: Ogerpon|Ogerpon-Wellspring, F|100/100\n|-damage|p1a: Ogerpon|88/100|[from] Stealth Rock\n|turn|19\n|\n|t:|1783796720\n|move|p1a: Ogerpon|Swords Dance|p1a: Ogerpon\n|-boost|p1a: Ogerpon|atk|2\n|move|p2a: Raging Bolt|Thunderbolt|p1a: Ogerpon\n|-damage|p1a: Ogerpon|0 fnt\n|faint|p1a: Ogerpon\n|\n|upkeep\n|\n|t:|1783796722\n|switch|p1a: Dragapult|Dragapult, M|100/100\n|-damage|p1a: Dragapult|88/100|[from] Stealth Rock\n|turn|20\n|\n|t:|1783796725\n|move|p1a: Dragapult|Shadow Ball|p2a: Raging Bolt\n|-damage|p2a: Raging Bolt|0 fnt\n|faint|p2a: Raging Bolt\n|-end|p2a: Raging Bolt|Protosynthesis|[silent]\n|-damage|p1a: Dragapult|78/100|[from] item: Life Orb\n|\n|upkeep\n|c|☆XdTheplaguedoctor|BEST DAYY EVERR\n|\n|t:|1783796731\n|switch|p2a: Enamorus|Enamorus, F|100/100\n|turn|21\n|\n|t:|1783796734\n|move|p2a: Enamorus|Moonblast|p1a: Dragapult\n|-supereffective|p1a: Dragapult\n|-damage|p1a: Dragapult|0 fnt\n|faint|p1a: Dragapult\n|\n|win|XdTheplaguedoctor\n|c|☆lllokth|gg\n|c|☆XdTheplaguedoctor|GGSS\n", "uploadtime": 1783796746, "views": 17, "formatid": "gen9ou", "rating": null, "private": 0, "password": null}