{"id": "gen9ou-2647766502", "format": "[Gen 9] OU", "players": ["bigburgerboss", "oseimak000"], "log": "|j|☆bigburgerboss\n|j|☆oseimak000\n|t:|1783808917\n|gametype|singles\n|player|p1|bigburgerboss|dawn|1290\n|player|p2|oseimak000|benga|1341\n|gen|9\n|tier|[Gen 9] OU\n|rated|\n|rule|HP Percentage Mod: HP is shown in percentages\n|rule|Endless Battle Clause: Forcing endless battles is banned\n|rule|Species Clause: Limit one of each Pokémon\n|rule|OHKO Clause: OHKO moves are banned\n|rule|Evasion Items Clause: Evasion items are banned\n|rule|Evasion Moves Clause: Evasion moves are banned\n|rule|Evasion Abilities Clause: Evasion abilities are banned\n|rule|Sleep Moves Clause: Sleep-inducing moves are banned\n|clearpoke\n|poke|p1|Klefki, M|\n|poke|p1|Great Tusk|\n|poke|p1|Gholdengo|\n|poke|p1|Lokix, F|\n|poke|p1|Dragonite, F|\n|poke|p1|Primarina, F|\n|poke|p2|Ceruledge, M|\n|poke|p2|Greninja-*, M|\n|poke|p2|Dragonite, F|\n|poke|p2|Lucario, M|\n|poke|p2|Ogerpon-Wellspring, F|\n|poke|p2|Blaziken, F|\n|teampreview\n|inactive|Battle timer is ON: inactive players will automatically lose when time's up. (requested by bigburgerboss)\n|\n|t:|1783808927\n|teamsize|p1|6\n|teamsize|p2|6\n|start\n|switch|p1a: Lokix|Lokix, F|100/100\n|switch|p2a: Greninja|Greninja, M|100/100\n|turn|1\n|\n|t:|1783808934\n|move|p1a: Lokix|First Impression|p2a: Greninja\n|-supereffective|p2a: Greninja\n|-enditem|p2a: Greninja|Focus Sash\n|-damage|p2a: Greninja|1/100\n|move|p2a: Greninja|Hydro Pump|p1a: Lokix\n|-damage|p1a: Lokix|14/100\n|\n|upkeep\n|turn|2\n|\n|t:|1783808945\n|switch|p1a: Primarina|Primarina, F|100/100\n|move|p2a: Greninja|Sludge Wave|p1a: Primarina\n|-supereffective|p1a: Primarina\n|-damage|p1a: Primarina|50/100\n|\n|upkeep\n|turn|3\n|\n|t:|1783808952\n|-terastallize|p1a: Primarina|Poison\n|move|p2a: Greninja|Sludge Wave|p1a: Primarina\n|-resisted|p1a: Primarina\n|-damage|p1a: Primarina|38/100\n|move|p1a: Primarina|Flip Turn|p2a: Greninja\n|-resisted|p2a: Greninja\n|-damage|p2a: Greninja|0 fnt\n|faint|p2a: Greninja\n|\n|t:|1783808961\n|switch|p1a: Klefki|Klefki, M|100/100|[from] Flip Turn\n|\n|upkeep\n|\n|t:|1783808968\n|switch|p2a: Lucario|Lucario, M, shiny|100/100\n|turn|4\n|\n|t:|1783808973\n|move|p1a: Klefki|Thunder Wave|p2a: Lucario\n|-status|p2a: Lucario|par\n|cant|p2a: Lucario|par\n|\n|upkeep\n|turn|5\n|\n|t:|1783808980\n|move|p1a: Klefki|Spikes|p2a: Lucario\n|-sidestart|p2: oseimak000|Spikes\n|move|p2a: Lucario|Close Combat|p1a: Klefki\n|-damage|p1a: Klefki|55/100\n|-unboost|p2a: Lucario|def|1\n|-unboost|p2a: Lucario|spd|1\n|-damage|p2a: Lucario|84/100 par|[from] item: Rocky Helmet|[of] p1a: Klefki\n|\n|upkeep\n|turn|6\n|\n|t:|1783808990\n|move|p1a: Klefki|Spikes|p2a: Lucario\n|-sidestart|p2: oseimak000|Spikes\n|move|p2a: Lucario|Close Combat|p1a: Klefki\n|-damage|p1a: Klefki|12/100\n|-unboost|p2a: Lucario|def|1\n|-unboost|p2a: Lucario|spd|1\n|-damage|p2a: Lucario|68/100 par|[from] item: Rocky Helmet|[of] p1a: Klefki\n|\n|upkeep\n|turn|7\n|\n|t:|1783809000\n|move|p1a: Klefki|Draining Kiss|p2a: Lucario\n|-damage|p2a: Lucario|23/100 par\n|-heal|p1a: Klefki|42/100|[from] drain|[of] p2a: Lucario\n|move|p2a: Lucario|Close Combat|p1a: Klefki\n|-damage|p1a: Klefki|0 fnt\n|-unboost|p2a: Lucario|def|1\n|-unboost|p2a: Lucario|spd|1\n|-damage|p2a: Lucario|6/100 par|[from] item: Rocky Helmet|[of] p1a: Klefki\n|faint|p1a: Klefki\n|\n|upkeep\n|\n|t:|1783809015\n|switch|p1a: Gholdengo|Gholdengo|100/100\n|-item|p1a: Gholdengo|Air Balloon\n|turn|8\n|\n|t:|1783809021\n|move|p1a: Gholdengo|Nasty Plot|p1a: Gholdengo\n|-boost|p1a: Gholdengo|spa|2\n|move|p2a: Lucario|Meteor Mash|p1a: Gholdengo|[miss]\n|-miss|p2a: Lucario|p1a: Gholdengo\n|\n|upkeep\n|turn|9\n|\n|t:|1783809033\n|-terastallize|p2a: Lucario|Normal\n|move|p1a: Gholdengo|Dazzling Gleam|p2a: Lucario\n|-crit|p2a: Lucario\n|-damage|p2a: Lucario|0 fnt\n|faint|p2a: Lucario\n|\n|upkeep\n|\n|t:|1783809043\n|switch|p2a: Dragonite|Dragonite, F|100/100\n|turn|10\n|\n|t:|1783809047\n|move|p1a: Gholdengo|Dazzling Gleam|p2a: Dragonite\n|-supereffective|p2a: Dragonite\n|-damage|p2a: Dragonite|38/100\n|-enditem|p2a: Dragonite|Weakness Policy\n|-boost|p2a: Dragonite|atk|2|[from] item: Weakness Policy\n|-boost|p2a: Dragonite|spa|2|[from] item: Weakness Policy\n|move|p2a: Dragonite|Scale Shot|p1a: Gholdengo\n|-resisted|p1a: Gholdengo\n|-damage|p1a: Gholdengo|84/100\n|-enditem|p1a: Gholdengo|Air Balloon\n|-resisted|p1a: Gholdengo\n|-damage|p1a: Gholdengo|67/100\n|-resisted|p1a: Gholdengo\n|-damage|p1a: Gholdengo|52/100\n|-resisted|p1a: Gholdengo\n|-damage|p1a: Gholdengo|35/100\n|-hitcount|p1a: Gholdengo|4\n|-unboost|p2a: Dragonite|def|1\n|-boost|p2a: Dragonite|spe|1\n|\n|upkeep\n|turn|11\n|\n|t:|1783809065\n|move|p2a: Dragonite|Earthquake|p1a: Gholdengo\n|-supereffective|p1a: Gholdengo\n|-damage|p1a: Gholdengo|0 fnt\n|faint|p1a: Gholdengo\n|\n|upkeep\n|\n|t:|1783809068\n|switch|p1a: Lokix|Lokix, F|14/100\n|turn|12\n|\n|t:|1783809073\n|move|p2a: Dragonite|Extreme Speed|p1a: Lokix\n|-damage|p1a: Lokix|0 fnt\n|faint|p1a: Lokix\n|\n|upkeep\n|\n|t:|1783809077\n|switch|p1a: Dragonite|Dragonite, F|100/100\n|turn|13\n|\n|t:|1783809082\n|move|p2a: Dragonite|Extreme Speed|p1a: Dragonite\n|-damage|p1a: Dragonite|65/100\n|move|p1a: Dragonite|Dragon Claw|p2a: Dragonite\n|-supereffective|p2a: Dragonite\n|-damage|p2a: Dragonite|0 fnt\n|faint|p2a: Dragonite\n|\n|upkeep\n|\n|t:|1783809091\n|switch|p2a: Ceruledge|Ceruledge, M|100/100\n|-damage|p2a: Ceruledge|84/100|[from] Spikes\n|turn|14\n|\n|t:|1783809096\n|move|p2a: Ceruledge|Poltergeist|p1a: Dragonite\n|-activate|p1a: Dragonite|move: Poltergeist|Heavy-Duty Boots\n|-damage|p1a: Dragonite|5/100\n|move|p1a: Dragonite|Dragon Dance|p1a: Dragonite\n|-boost|p1a: Dragonite|atk|1\n|-boost|p1a: Dragonite|spe|1\n|\n|upkeep\n|turn|15\n|\n|t:|1783809106\n|move|p1a: Dragonite|Earthquake|p2a: Ceruledge\n|-supereffective|p2a: Ceruledge\n|-damage|p2a: Ceruledge|0 fnt\n|faint|p2a: Ceruledge\n|\n|upkeep\n|\n|t:|1783809112\n|switch|p2a: Ogerpon|Ogerpon-Wellspring, F|100/100\n|-damage|p2a: Ogerpon|84/100|[from] Spikes\n|turn|16\n|\n|t:|1783809119\n|move|p1a: Dragonite|Dragon Claw|p2a: Ogerpon\n|-damage|p2a: Ogerpon|0 fnt\n|faint|p2a: Ogerpon\n|\n|upkeep\n|\n|t:|1783809125\n|switch|p2a: Blaziken|Blaziken, F, shiny|100/100\n|-damage|p2a: Blaziken|84/100|[from] Spikes\n|turn|17\n|\n|t:|1783809130\n|move|p1a: Dragonite|Earthquake|p2a: Blaziken\n|-supereffective|p2a: Blaziken\n|-damage|p2a: Blaziken|0 fnt\n|faint|p2a: Blaziken\n|\n|win|bigburgerboss\n|raw|bigburgerboss's rating: 1290 &rarr; <strong>1319</strong><br />(+29 for winning)\n|raw|oseimak000's rating: 1341 &rarr; <strong>1318</strong><br />(-23 for losing)\n|l|☆bigburgerboss\n|player|p1|\n", "uploadtime": 1783809453, "views": 3, "formatid": "gen9ou", "rating": 1318, "private": 0, "password": null}