{"id": "gen9ou-2647798620", "format": "[Gen 9] OU", "players": ["costes", "Unfolding Bouquet"], "log": "|j|☆costes\n|j|☆Unfolding Bouquet\n|t:|1783814571\n|gametype|singles\n|player|p1|costes|medium|1100\n|player|p2|Unfolding Bouquet|erika|1072\n|gen|9\n|tier|[Gen 9] OU\n|rated|\n|rule|HP Percentage Mod: HP is shown in percentages\n|rule|Endless Battle Clause: Forcing endless battles is banned\n|rule|Species Clause: Limit one of each Pokémon\n|rule|OHKO Clause: OHKO moves are banned\n|rule|Evasion Items Clause: Evasion items are banned\n|rule|Evasion Moves Clause: Evasion moves are banned\n|rule|Evasion Abilities Clause: Evasion abilities are banned\n|rule|Sleep Moves Clause: Sleep-inducing moves are banned\n|clearpoke\n|poke|p1|Weezing, F|\n|poke|p1|Venomoth, M|\n|poke|p1|Mew|\n|poke|p1|Rhyhorn, F|\n|poke|p1|Scyther, F|\n|poke|p1|Poliwrath, M|\n|poke|p2|Umbreon, F|\n|poke|p2|Basculegion, M|\n|poke|p2|Kingambit, M|\n|poke|p2|Toxapex, M|\n|poke|p2|Great Tusk|\n|poke|p2|Dragonite, M|\n|teampreview\n|inactive|Battle timer is ON: inactive players will automatically lose when time's up. (requested by Unfolding Bouquet)\n|\n|t:|1783814589\n|teamsize|p1|6\n|teamsize|p2|6\n|start\n|switch|p1a: Scyther|Scyther, F, shiny|100/100\n|switch|p2a: Basculegion|Basculegion, M|100/100\n|turn|1\n|\n|t:|1783814597\n|move|p2a: Basculegion|Flip Turn|p1a: Scyther\n|-damage|p1a: Scyther|69/100\n|\n|t:|1783814614\n|switch|p2a: Great Tusk|Great Tusk|100/100|[from] Flip Turn\n|-enditem|p2a: Great Tusk|Booster Energy\n|-activate|p2a: Great Tusk|ability: Protosynthesis|[fromitem]\n|-start|p2a: Great Tusk|protosynthesisatk\n|move|p1a: Scyther|Swords Dance|p1a: Scyther\n|-boost|p1a: Scyther|atk|2\n|\n|upkeep\n|turn|2\n|\n|t:|1783814626\n|move|p1a: Scyther|Swords Dance|p1a: Scyther\n|-boost|p1a: Scyther|atk|2\n|move|p2a: Great Tusk|Ice Spinner|p1a: Scyther\n|-supereffective|p1a: Scyther\n|-damage|p1a: Scyther|3/100\n|\n|upkeep\n|turn|3\n|\n|t:|1783814632\n|move|p1a: Scyther|Trailblaze|p2a: Great Tusk\n|-supereffective|p2a: Great Tusk\n|-damage|p2a: Great Tusk|12/100\n|-boost|p1a: Scyther|spe|1\n|move|p2a: Great Tusk|Rapid Spin|p1a: Scyther\n|-damage|p1a: Scyther|0 fnt\n|-boost|p2a: Great Tusk|spe|1\n|faint|p1a: Scyther\n|\n|upkeep\n|\n|t:|1783814637\n|switch|p1a: Mew|Mew|100/100\n|turn|4\n|\n|t:|1783814644\n|-end|p2a: Great Tusk|Protosynthesis|[silent]\n|switch|p2a: Basculegion|Basculegion, M|100/100\n|move|p1a: Mew|Psychic|p2a: Basculegion\n|-damage|p2a: Basculegion|62/100\n|\n|upkeep\n|turn|5\n|\n|t:|1783814649\n|move|p2a: Basculegion|Crunch|p1a: Mew\n|-supereffective|p1a: Mew\n|-damage|p1a: Mew|54/100\n|move|p1a: Mew|Poltergeist|p2a: Basculegion\n|-activate|p2a: Basculegion|move: Poltergeist|Choice Scarf\n|-supereffective|p2a: Basculegion\n|-damage|p2a: Basculegion|4/100\n|\n|upkeep\n|turn|6\n|\n|t:|1783814658\n|-terastallize|p1a: Mew|Fire\n|move|p2a: Basculegion|Crunch|p1a: Mew\n|-damage|p1a: Mew|30/100\n|move|p1a: Mew|Psychic|p2a: Basculegion\n|-damage|p2a: Basculegion|0 fnt\n|faint|p2a: Basculegion\n|\n|upkeep\n|\n|t:|1783814675\n|switch|p2a: Dragonite|Dragonite, M|100/100\n|turn|7\n|\n|t:|1783814679\n|move|p2a: Dragonite|Extreme Speed|p1a: Mew\n|-damage|p1a: Mew|0 fnt\n|faint|p1a: Mew\n|\n|upkeep\n|\n|t:|1783814686\n|switch|p1a: Poliwrath|Poliwrath, M|100/100\n|turn|8\n|\n|t:|1783814691\n|switch|p2a: Toxapex|Toxapex, M|100/100\n|move|p1a: Poliwrath|Bulk Up|p1a: Poliwrath\n|-boost|p1a: Poliwrath|atk|1\n|-boost|p1a: Poliwrath|def|1\n|\n|upkeep\n|turn|9\n|\n|t:|1783814705\n|switch|p1a: Weezing|Weezing, F|100/100\n|move|p2a: Toxapex|Infestation|p1a: Weezing\n|-resisted|p1a: Weezing\n|-damage|p1a: Weezing|98/100\n|-activate|p1a: Weezing|move: Infestation|[of] p2a: Toxapex\n|\n|-damage|p1a: Weezing|86/100|[from] move: Infestation|[partiallytrapped]\n|upkeep\n|turn|10\n|\n|t:|1783814712\n|move|p1a: Weezing|Thunder|p2a: Toxapex\n|-supereffective|p2a: Toxapex\n|-damage|p2a: Toxapex|51/100\n|-status|p2a: Toxapex|par\n|move|p2a: Toxapex|Liquidation|p1a: Weezing\n|-damage|p1a: Weezing|69/100\n|\n|-damage|p1a: Weezing|56/100|[from] move: Infestation|[partiallytrapped]\n|upkeep\n|turn|11\n|\n|t:|1783814722\n|move|p2a: Toxapex|Baneful Bunker|p2a: Toxapex\n|-singleturn|p2a: Toxapex|move: Protect\n|move|p1a: Weezing|Thunder|p2a: Toxapex\n|-activate|p2a: Toxapex|move: Protect\n|\n|-damage|p1a: Weezing|44/100|[from] move: Infestation|[partiallytrapped]\n|upkeep\n|turn|12\n|\n|t:|1783814736\n|switch|p2a: Great Tusk|Great Tusk|12/100\n|move|p1a: Weezing|Thunder|p2a: Great Tusk\n|-immune|p2a: Great Tusk\n|\n|-end|p1a: Weezing|Infestation|[partiallytrapped]|[silent]\n|upkeep\n|turn|13\n|\n|t:|1783814742\n|move|p2a: Great Tusk|Iron Head|p1a: Weezing\n|-damage|p1a: Weezing|20/100\n|move|p1a: Weezing|Sludge Bomb|p2a: Great Tusk\n|-resisted|p2a: Great Tusk\n|-damage|p2a: Great Tusk|0 fnt\n|faint|p2a: Great Tusk\n|-end|p2a: Great Tusk|Protosynthesis|[silent]\n|\n|upkeep\n|\n|t:|1783814758\n|switch|p2a: Umbreon|Umbreon, F|100/100\n|turn|14\n|-enditem|p1a: Weezing|Custap Berry|[eat]\n|-activate|p1a: Weezing|item: Custap Berry|[consumed]\n|\n|t:|1783814763\n|move|p1a: Weezing|Destiny Bond|p1a: Weezing\n|-singlemove|p1a: Weezing|Destiny Bond\n|move|p2a: Umbreon|Foul Play|p1a: Weezing\n|-damage|p1a: Weezing|1/100\n|\n|upkeep\n|turn|15\n|c|☆costes|cant believe\n|\n|t:|1783814777\n|switch|p1a: Poliwrath|Poliwrath, M|100/100\n|move|p2a: Umbreon|Wish|p2a: Umbreon\n|\n|upkeep\n|turn|16\n|\n|t:|1783814779\n|move|p1a: Poliwrath|Bulk Up|p1a: Poliwrath\n|-boost|p1a: Poliwrath|atk|1\n|-boost|p1a: Poliwrath|def|1\n|move|p2a: Umbreon|Toxic|p1a: Poliwrath\n|-status|p1a: Poliwrath|tox\n|\n|-damage|p1a: Poliwrath|94/100 tox|[from] psn\n|upkeep\n|turn|17\n|\n|t:|1783814789\n|move|p1a: Poliwrath|Bulk Up|p1a: Poliwrath\n|-boost|p1a: Poliwrath|atk|1\n|-boost|p1a: Poliwrath|def|1\n|move|p2a: Umbreon|Wish|p2a: Umbreon\n|\n|-damage|p1a: Poliwrath|82/100 tox|[from] psn\n|upkeep\n|turn|18\n|\n|t:|1783814792\n|move|p1a: Poliwrath|Drain Punch|p2a: Umbreon\n|-supereffective|p2a: Umbreon\n|-damage|p2a: Umbreon|9/100\n|-heal|p1a: Poliwrath|100/100 tox|[from] drain|[of] p2a: Umbreon\n|move|p2a: Umbreon|Foul Play|p1a: Poliwrath\n|-resisted|p1a: Poliwrath\n|-damage|p1a: Poliwrath|85/100 tox\n|\n|-heal|p2a: Umbreon|59/100|[from] move: Wish|[wisher] Umbreon\n|-heal|p2a: Umbreon|65/100|[from] item: Leftovers\n|-damage|p1a: Poliwrath|66/100 tox|[from] psn\n|upkeep\n|turn|19\n|\n|t:|1783814806\n|move|p1a: Poliwrath|Drain Punch|p2a: Umbreon\n|-supereffective|p2a: Umbreon\n|-damage|p2a: Umbreon|0 fnt\n|-heal|p1a: Poliwrath|100/100 tox|[from] drain|[of] p2a: Umbreon\n|faint|p2a: Umbreon\n|\n|-damage|p1a: Poliwrath|76/100 tox|[from] psn\n|upkeep\n|\n|t:|1783814809\n|switch|p2a: Toxapex|Toxapex, M|84/100 par\n|turn|20\n|\n|t:|1783814820\n|move|p1a: Poliwrath|Drain Punch|p2a: Toxapex\n|-resisted|p2a: Toxapex\n|-damage|p2a: Toxapex|67/100 par\n|-heal|p1a: Poliwrath|83/100 tox|[from] drain|[of] p2a: Toxapex\n|-damage|p1a: Poliwrath|67/100 tox|[from] item: Rocky Helmet|[of] p2a: Toxapex\n|move|p2a: Toxapex|Infestation|p1a: Poliwrath\n|-resisted|p1a: Poliwrath\n|-damage|p1a: Poliwrath|65/100 tox\n|-activate|p1a: Poliwrath|move: Infestation|[of] p2a: Toxapex\n|\n|-damage|p1a: Poliwrath|35/100 tox|[from] psn\n|-damage|p1a: Poliwrath|22/100 tox|[from] move: Infestation|[partiallytrapped]\n|upkeep\n|-enditem|p1a: Poliwrath|Aguav Berry|[eat]\n|-heal|p1a: Poliwrath|55/100 tox|[from] item: Aguav Berry\n|turn|21\n|\n|t:|1783814833\n|move|p2a: Toxapex|Baneful Bunker|p2a: Toxapex\n|-singleturn|p2a: Toxapex|move: Protect\n|move|p1a: Poliwrath|Drain Punch|p2a: Toxapex\n|-activate|p2a: Toxapex|move: Protect\n|\n|-damage|p1a: Poliwrath|19/100 tox|[from] psn\n|-damage|p1a: Poliwrath|6/100 tox|[from] move: Infestation|[partiallytrapped]\n|upkeep\n|turn|22\n|\n|t:|1783814843\n|move|p1a: Poliwrath|Drain Punch|p2a: Toxapex\n|-resisted|p2a: Toxapex\n|-damage|p2a: Toxapex|50/100 par\n|-heal|p1a: Poliwrath|14/100 tox|[from] drain|[of] p2a: Toxapex\n|-damage|p1a: Poliwrath|0 fnt|[from] item: Rocky Helmet|[of] p2a: Toxapex\n|faint|p1a: Poliwrath\n|move|p2a: Toxapex|Recover|p2a: Toxapex\n|-heal|p2a: Toxapex|99/100 par\n|\n|upkeep\n|\n|t:|1783814863\n|switch|p1a: Weezing|Weezing, F|1/100\n|turn|23\n|\n|t:|1783814867\n|move|p1a: Weezing|Destiny Bond|p1a: Weezing\n|-singlemove|p1a: Weezing|Destiny Bond\n|cant|p2a: Toxapex|par\n|\n|upkeep\n|turn|24\n|\n|t:|1783814879\n|cant|p2a: Toxapex|par\n|move|p1a: Weezing|Thunder|p2a: Toxapex\n|-supereffective|p2a: Toxapex\n|-damage|p2a: Toxapex|54/100 par\n|\n|upkeep\n|turn|25\n|\n|t:|1783814889\n|move|p1a: Weezing|Thunder|p2a: Toxapex\n|-supereffective|p2a: Toxapex\n|-crit|p2a: Toxapex\n|-damage|p2a: Toxapex|0 fnt\n|faint|p2a: Toxapex\n|\n|upkeep\n|\n|t:|1783814892\n|switch|p2a: Dragonite|Dragonite, M|100/100\n|turn|26\n|\n|t:|1783814898\n|move|p2a: Dragonite|Extreme Speed|p1a: Weezing\n|-crit|p1a: Weezing\n|-damage|p1a: Weezing|0 fnt\n|faint|p1a: Weezing\n|\n|upkeep\n|\n|t:|1783814908\n|switch|p1a: Venomoth|Venomoth, M|100/100\n|turn|27\n|\n|t:|1783814909\n|switch|p2a: Kingambit|Kingambit, M|100/100\n|-activate|p2a: Kingambit|ability: Supreme Overlord\n|-start|p2a: Kingambit|fallen4|[silent]\n|move|p1a: Venomoth|Quiver Dance|p1a: Venomoth\n|-boost|p1a: Venomoth|spa|1\n|-boost|p1a: Venomoth|spd|1\n|-boost|p1a: Venomoth|spe|1\n|\n|upkeep\n|turn|28\n|\n|t:|1783814919\n|move|p1a: Venomoth|Quiver Dance|p1a: Venomoth\n|-boost|p1a: Venomoth|spa|1\n|-boost|p1a: Venomoth|spd|1\n|-boost|p1a: Venomoth|spe|1\n|move|p2a: Kingambit|Kowtow Cleave|p1a: Venomoth\n|-damage|p1a: Venomoth|0 fnt\n|faint|p1a: Venomoth\n|\n|upkeep\n|\n|t:|1783814927\n|switch|p1a: Rhyhorn|Rhyhorn, F|100/100\n|turn|29\n|\n|t:|1783814933\n|move|p2a: Kingambit|Brick Break|p1a: Rhyhorn\n|-supereffective|p1a: Rhyhorn\n|-damage|p1a: Rhyhorn|41/100\n|move|p1a: Rhyhorn|Fire Blast|p2a: Kingambit\n|-supereffective|p2a: Kingambit\n|-damage|p2a: Kingambit|76/100\n|\n|upkeep\n|turn|30\n|c|☆costes|oh no\n|c|☆costes|wrong team\n|c|☆costes|this ryhorn shouldn't exist\n|\n|t:|1783814954\n|move|p2a: Kingambit|Brick Break|p1a: Rhyhorn\n|-supereffective|p1a: Rhyhorn\n|-damage|p1a: Rhyhorn|0 fnt\n|faint|p1a: Rhyhorn\n|\n|win|Unfolding Bouquet\n|raw|costes's rating: 1100 &rarr; <strong>1073</strong><br />(-27 for losing)\n|raw|Unfolding Bouquet's rating: 1072 &rarr; <strong>1104</strong><br />(+32 for winning)\n|l|☆costes\n|player|p1|\n|c|☆Unfolding Bouquet|Oops\n|l|☆Unfolding Bouquet\n|player|p2|\n", "uploadtime": 1783815269, "views": 11, "formatid": "gen9ou", "rating": 1073, "private": 0, "password": null}