{"id": "gen9ou-2647835545", "format": "[Gen 9] OU", "players": ["LEMONeD2679", "looklookneed"], "log": "|j|☆LEMONeD2679\n|j|☆looklookneed\n|t:|1783821083\n|gametype|singles\n|player|p1|LEMONeD2679|fisherman-gen4|1238\n|player|p2|looklookneed|169|1239\n|gen|9\n|tier|[Gen 9] OU\n|rated|\n|rule|HP Percentage Mod: HP is shown in percentages\n|rule|Endless Battle Clause: Forcing endless battles is banned\n|rule|Species Clause: Limit one of each Pokémon\n|rule|OHKO Clause: OHKO moves are banned\n|rule|Evasion Items Clause: Evasion items are banned\n|rule|Evasion Moves Clause: Evasion moves are banned\n|rule|Evasion Abilities Clause: Evasion abilities are banned\n|rule|Sleep Moves Clause: Sleep-inducing moves are banned\n|clearpoke\n|poke|p1|Dragonite, F|\n|poke|p1|Lilligant, F|\n|poke|p1|Toxapex, M|\n|poke|p1|Cloyster, F|\n|poke|p1|Porygon2|\n|poke|p1|Torkoal, M|\n|poke|p2|Torkoal, M|\n|poke|p2|Walking Wake|\n|poke|p2|Lilligant-Hisui, F|\n|poke|p2|Raging Bolt|\n|poke|p2|Landorus-Therian, M|\n|poke|p2|Scizor, F|\n|teampreview\n|inactive|Battle timer is ON: inactive players will automatically lose when time's up. (requested by LEMONeD2679)\n|\n|t:|1783821106\n|teamsize|p1|6\n|teamsize|p2|6\n|start\n|switch|p1a: Cloyster|Cloyster, F|100/100\n|switch|p2a: Raging Bolt|Raging Bolt|100/100\n|turn|1\n|l|☆looklookneed\n|inactive|looklookneed disconnected and has a minute to reconnect!\n|player|p2|\n|j|☆looklookneed\n|inactive|looklookneed reconnected and has 140 seconds left.\n|player|p2|looklookneed|169|\n|\n|t:|1783821125\n|move|p1a: Cloyster|Icicle Spear|p2a: Raging Bolt\n|-supereffective|p2a: Raging Bolt\n|-damage|p2a: Raging Bolt|83/100\n|-supereffective|p2a: Raging Bolt\n|-damage|p2a: Raging Bolt|67/100\n|-supereffective|p2a: Raging Bolt\n|-damage|p2a: Raging Bolt|50/100\n|-supereffective|p2a: Raging Bolt\n|-damage|p2a: Raging Bolt|32/100\n|-supereffective|p2a: Raging Bolt\n|-damage|p2a: Raging Bolt|14/100\n|-hitcount|p2a: Raging Bolt|5\n|move|p2a: Raging Bolt|Volt Switch|p1a: Cloyster\n|-supereffective|p1a: Cloyster\n|-enditem|p1a: Cloyster|Focus Sash\n|-damage|p1a: Cloyster|1/100\n|\n|t:|1783821139\n|-end|p2a: Raging Bolt|Protosynthesis|[silent]\n|switch|p2a: Scizor|Scizor, F|100/100|[from] Volt Switch\n|\n|upkeep\n|turn|2\n|\n|t:|1783821147\n|switch|p1a: Torkoal|Torkoal, M|100/100\n|-weather|SunnyDay|[from] ability: Drought|[of] p1a: Torkoal\n|move|p2a: Scizor|U-turn|p1a: Torkoal\n|-resisted|p1a: Torkoal\n|-damage|p1a: Torkoal|81/100\n|-damage|p2a: Scizor|84/100|[from] item: Rocky Helmet|[of] p1a: Torkoal\n|-damage|p2a: Scizor|74/100|[from] item: Life Orb\n|\n|t:|1783821162\n|switch|p2a: Walking Wake|Walking Wake|100/100|[from] U-turn\n|-activate|p2a: Walking Wake|ability: Protosynthesis\n|-start|p2a: Walking Wake|protosynthesisspe\n|\n|-weather|SunnyDay|[upkeep]\n|upkeep\n|turn|3\n|\n|t:|1783821171\n|switch|p1a: Lilligant|Lilligant, F|100/100\n|move|p2a: Walking Wake|Hydro Steam|p1a: Lilligant\n|-resisted|p1a: Lilligant\n|-damage|p1a: Lilligant|35/100\n|\n|-weather|SunnyDay|[upkeep]\n|-heal|p1a: Lilligant|41/100|[from] item: Leftovers\n|upkeep\n|turn|4\n|\n|t:|1783821182\n|move|p1a: Lilligant|Giga Drain|p2a: Walking Wake\n|-damage|p2a: Walking Wake|52/100\n|-heal|p1a: Lilligant|71/100|[from] drain|[of] p2a: Walking Wake\n|move|p2a: Walking Wake|Hydro Steam|p1a: Lilligant\n|-resisted|p1a: Lilligant\n|-damage|p1a: Lilligant|0 fnt\n|faint|p1a: Lilligant\n|\n|-weather|SunnyDay|[upkeep]\n|upkeep\n|\n|t:|1783821194\n|switch|p1a: Toxapex|Toxapex, M|100/100\n|turn|5\n|l|☆looklookneed\n|inactive|looklookneed disconnected and has a minute to reconnect!\n|player|p2|\n|j|☆looklookneed\n|inactive|looklookneed reconnected and has 135 seconds left.\n|player|p2|looklookneed|169|\n|inactive|looklookneed has 120 seconds left.\n|\n|t:|1783821227\n|-end|p2a: Walking Wake|Protosynthesis|[silent]\n|switch|p2a: Landorus|Landorus-Therian, M|100/100\n|-ability|p2a: Landorus|Intimidate|boost\n|-unboost|p1a: Toxapex|atk|1\n|move|p1a: Toxapex|Infestation|p2a: Landorus\n|-resisted|p2a: Landorus\n|-damage|p2a: Landorus|98/100\n|-activate|p2a: Landorus|move: Infestation|[of] p1a: Toxapex\n|-damage|p1a: Toxapex|84/100|[from] item: Rocky Helmet|[of] p2a: Landorus\n|\n|-weather|SunnyDay|[upkeep]\n|-heal|p1a: Toxapex|90/100|[from] item: Black Sludge\n|-damage|p2a: Landorus|85/100|[from] move: Infestation|[partiallytrapped]\n|upkeep\n|turn|6\n|inactive|looklookneed has 120 seconds left.\n|\n|t:|1783821241\n|move|p1a: Toxapex|Baneful Bunker|p1a: Toxapex\n|-singleturn|p1a: Toxapex|move: Protect\n|move|p2a: Landorus|Stealth Rock|p1a: Toxapex\n|-sidestart|p1: LEMONeD2679|move: Stealth Rock\n|\n|-weather|none\n|-heal|p1a: Toxapex|97/100|[from] item: Black Sludge\n|-damage|p2a: Landorus|73/100|[from] move: Infestation|[partiallytrapped]\n|upkeep\n|turn|7\n|inactive|looklookneed has 120 seconds left.\n|\n|t:|1783821250\n|move|p1a: Toxapex|Baneful Bunker||[still]\n|-fail|p1a: Toxapex\n|move|p2a: Landorus|Earthquake|p1a: Toxapex\n|-supereffective|p1a: Toxapex\n|-damage|p1a: Toxapex|2/100\n|\n|-heal|p1a: Toxapex|8/100|[from] item: Black Sludge\n|-damage|p2a: Landorus|61/100|[from] move: Infestation|[partiallytrapped]\n|upkeep\n|turn|8\n|\n|t:|1783821256\n|move|p1a: Toxapex|Baneful Bunker|p1a: Toxapex\n|-singleturn|p1a: Toxapex|move: Protect\n|move|p2a: Landorus|Taunt|p1a: Toxapex\n|-activate|p1a: Toxapex|move: Protect\n|\n|-heal|p1a: Toxapex|14/100|[from] item: Black Sludge\n|-damage|p2a: Landorus|49/100|[from] move: Infestation|[partiallytrapped]\n|upkeep\n|turn|9\n|\n|t:|1783821268\n|move|p1a: Toxapex|Baneful Bunker|p1a: Toxapex\n|-singleturn|p1a: Toxapex|move: Protect\n|move|p2a: Landorus|Earthquake|p1a: Toxapex\n|-activate|p1a: Toxapex|move: Protect\n|\n|-heal|p1a: Toxapex|21/100|[from] item: Black Sludge\n|-damage|p2a: Landorus|37/100|[from] move: Infestation|[partiallytrapped]\n|upkeep\n|turn|10\n|\n|t:|1783821278\n|switch|p1a: Dragonite|Dragonite, F|100/100\n|-damage|p1a: Dragonite|75/100|[from] Stealth Rock\n|move|p2a: Landorus|Earthquake|p1a: Dragonite\n|-immune|p1a: Dragonite\n|\n|-end|p2a: Landorus|Infestation|[partiallytrapped]\n|upkeep\n|turn|11\n|\n|t:|1783821296\n|move|p2a: Landorus|U-turn|p1a: Dragonite\n|-resisted|p1a: Dragonite\n|-damage|p1a: Dragonite|62/100\n|\n|t:|1783821303\n|switch|p2a: Torkoal|Torkoal, M|100/100|[from] U-turn\n|-weather|SunnyDay|[from] ability: Drought|[of] p2a: Torkoal\n|move|p1a: Dragonite|Scale Shot|p2a: Torkoal\n|-damage|p2a: Torkoal|92/100\n|-damage|p2a: Torkoal|82/100\n|-damage|p2a: Torkoal|72/100\n|-damage|p2a: Torkoal|63/100\n|-damage|p2a: Torkoal|52/100\n|-hitcount|p2a: Torkoal|5\n|-unboost|p1a: Dragonite|def|1\n|-boost|p1a: Dragonite|spe|1\n|\n|-weather|SunnyDay|[upkeep]\n|upkeep\n|turn|12\n|\n|t:|1783821321\n|move|p1a: Dragonite|Scale Shot|p2a: Torkoal\n|-damage|p2a: Torkoal|43/100\n|-damage|p2a: Torkoal|33/100\n|-damage|p2a: Torkoal|23/100\n|-damage|p2a: Torkoal|13/100\n|-damage|p2a: Torkoal|3/100\n|-hitcount|p2a: Torkoal|5\n|-unboost|p1a: Dragonite|def|1\n|-boost|p1a: Dragonite|spe|1\n|move|p2a: Torkoal|Will-O-Wisp|p1a: Dragonite\n|-status|p1a: Dragonite|brn\n|\n|-weather|SunnyDay|[upkeep]\n|-damage|p1a: Dragonite|55/100 brn|[from] brn\n|upkeep\n|turn|13\n|inactive|looklookneed has 120 seconds left.\n|\n|t:|1783821352\n|switch|p2a: Scizor|Scizor, F|74/100\n|move|p1a: Dragonite|Scale Shot|p2a: Scizor|[miss]\n|-miss|p1a: Dragonite|p2a: Scizor\n|\n|-weather|SunnyDay|[upkeep]\n|-damage|p1a: Dragonite|49/100 brn|[from] brn\n|upkeep\n|turn|14\n|\n|t:|1783821361\n|move|p1a: Dragonite|Extreme Speed|p2a: Scizor\n|-resisted|p2a: Scizor\n|-damage|p2a: Scizor|66/100\n|move|p2a: Scizor|Knock Off|p1a: Dragonite\n|-crit|p1a: Dragonite\n|-damage|p1a: Dragonite|0 fnt\n|-enditem|p1a: Dragonite|Loaded Dice|[from] move: Knock Off|[of] p2a: Scizor\n|faint|p1a: Dragonite\n|-damage|p2a: Scizor|57/100|[from] item: Life Orb\n|\n|-weather|SunnyDay|[upkeep]\n|upkeep\n|\n|t:|1783821368\n|switch|p1a: Torkoal|Torkoal, M|81/100\n|-damage|p1a: Torkoal|56/100|[from] Stealth Rock\n|turn|15\n|inactive|looklookneed has 120 seconds left.\n|\n|t:|1783821379\n|switch|p2a: Walking Wake|Walking Wake|52/100\n|-activate|p2a: Walking Wake|ability: Protosynthesis\n|-start|p2a: Walking Wake|protosynthesisspe\n|move|p1a: Torkoal|Rapid Spin|p2a: Walking Wake\n|-damage|p2a: Walking Wake|42/100\n|-boost|p1a: Torkoal|spe|1\n|-sideend|p1: LEMONeD2679|Stealth Rock|[from] move: Rapid Spin|[of] p1a: Torkoal\n|\n|-weather|SunnyDay|[upkeep]\n|upkeep\n|turn|16\n|inactive|looklookneed has 120 seconds left.\n|\n|t:|1783821392\n|switch|p1a: Cloyster|Cloyster, F|1/100\n|move|p2a: Walking Wake|Hydro Steam|p1a: Cloyster\n|-resisted|p1a: Cloyster\n|-damage|p1a: Cloyster|0 fnt\n|faint|p1a: Cloyster\n|\n|-weather|SunnyDay|[upkeep]\n|upkeep\n|\n|t:|1783821398\n|switch|p1a: Toxapex|Toxapex, M|54/100\n|turn|17\n|inactive|looklookneed has 120 seconds left.\n|\n|t:|1783821413\n|move|p2a: Walking Wake|Hydro Steam|p1a: Toxapex\n|-resisted|p1a: Toxapex\n|-damage|p1a: Toxapex|19/100\n|move|p1a: Toxapex|Infestation|p2a: Walking Wake\n|-damage|p2a: Walking Wake|36/100\n|-activate|p2a: Walking Wake|move: Infestation|[of] p1a: Toxapex\n|\n|-weather|SunnyDay|[upkeep]\n|-heal|p1a: Toxapex|25/100|[from] item: Black Sludge\n|-damage|p2a: Walking Wake|24/100|[from] move: Infestation|[partiallytrapped]\n|upkeep\n|turn|18\n|inactive|looklookneed has 120 seconds left.\n|\n|t:|1783821423\n|move|p1a: Toxapex|Baneful Bunker|p1a: Toxapex\n|-singleturn|p1a: Toxapex|move: Protect\n|move|p2a: Walking Wake|Hydro Steam|p1a: Toxapex\n|-activate|p1a: Toxapex|move: Protect\n|\n|-weather|none\n|-end|p2a: Walking Wake|Protosynthesis\n|-heal|p1a: Toxapex|32/100|[from] item: Black Sludge\n|-damage|p2a: Walking Wake|12/100|[from] move: Infestation|[partiallytrapped]\n|upkeep\n|turn|19\n|\n|t:|1783821434\n|switch|p1a: Torkoal|Torkoal, M|56/100\n|-weather|SunnyDay|[from] ability: Drought|[of] p1a: Torkoal\n|-activate|p2a: Walking Wake|ability: Protosynthesis\n|-start|p2a: Walking Wake|protosynthesisspe\n|move|p2a: Walking Wake|Hydro Steam|p1a: Torkoal\n|-supereffective|p1a: Torkoal\n|-damage|p1a: Torkoal|0 fnt\n|faint|p1a: Torkoal\n|\n|-weather|SunnyDay|[upkeep]\n|-end|p2a: Walking Wake|Infestation|[partiallytrapped]|[silent]\n|upkeep\n|\n|t:|1783821444\n|switch|p1a: Toxapex|Toxapex, M|65/100\n|turn|20\n|\n|t:|1783821454\n|move|p2a: Walking Wake|Hydro Steam|p1a: Toxapex\n|-resisted|p1a: Toxapex\n|-damage|p1a: Toxapex|26/100\n|move|p1a: Toxapex|Infestation|p2a: Walking Wake\n|-damage|p2a: Walking Wake|7/100\n|-activate|p2a: Walking Wake|move: Infestation|[of] p1a: Toxapex\n|\n|-weather|SunnyDay|[upkeep]\n|-heal|p1a: Toxapex|33/100|[from] item: Black Sludge\n|-damage|p2a: Walking Wake|0 fnt|[from] move: Infestation|[partiallytrapped]\n|faint|p2a: Walking Wake\n|-end|p2a: Walking Wake|Protosynthesis|[silent]\n|upkeep\n|\n|t:|1783821470\n|switch|p2a: Landorus|Landorus-Therian, M|37/100\n|-ability|p2a: Landorus|Intimidate|boost\n|-unboost|p1a: Toxapex|atk|1\n|turn|21\n|\n|t:|1783821476\n|move|p1a: Toxapex|Baneful Bunker|p1a: Toxapex\n|-singleturn|p1a: Toxapex|move: Protect\n|move|p2a: Landorus|Earthquake|p1a: Toxapex\n|-activate|p1a: Toxapex|move: Protect\n|\n|-weather|SunnyDay|[upkeep]\n|-heal|p1a: Toxapex|39/100|[from] item: Black Sludge\n|upkeep\n|turn|22\n|\n|t:|1783821481\n|-terastallize|p1a: Toxapex|Flying\n|move|p2a: Landorus|Earthquake|p1a: Toxapex\n|-immune|p1a: Toxapex\n|move|p1a: Toxapex|Surf|p2a: Landorus\n|-supereffective|p2a: Landorus\n|-damage|p2a: Landorus|0 fnt\n|faint|p2a: Landorus\n|\n|-weather|SunnyDay|[upkeep]\n|-damage|p1a: Toxapex|26/100|[from] item: Black Sludge\n|upkeep\n|\n|t:|1783821496\n|switch|p2a: Lilligant|Lilligant-Hisui, F|100/100\n|turn|23\n|\n|t:|1783821501\n|move|p1a: Toxapex|Baneful Bunker|p1a: Toxapex\n|-singleturn|p1a: Toxapex|move: Protect\n|move|p2a: Lilligant|Solar Blade||[still]\n|-prepare|p2a: Lilligant|Solar Blade\n|-anim|p2a: Lilligant|Solar Blade|p1a: Toxapex\n|-activate|p1a: Toxapex|move: Protect\n|-status|p2a: Lilligant|psn\n|\n|-weather|none\n|-damage|p1a: Toxapex|14/100|[from] item: Black Sludge\n|-damage|p2a: Lilligant|88/100 psn|[from] psn\n|upkeep\n|turn|24\n|\n|t:|1783821508\n|switch|p2a: Torkoal|Torkoal, M|3/100\n|-weather|SunnyDay|[from] ability: Drought|[of] p2a: Torkoal\n|move|p1a: Toxapex|Infestation|p2a: Torkoal\n|-resisted|p2a: Torkoal\n|-damage|p2a: Torkoal|0 fnt\n|faint|p2a: Torkoal\n|\n|-weather|SunnyDay|[upkeep]\n|-damage|p1a: Toxapex|1/100|[from] item: Black Sludge\n|upkeep\n|\n|t:|1783821519\n|switch|p2a: Scizor|Scizor, F|57/100\n|turn|25\n|\n|t:|1783821524\n|move|p2a: Scizor|Bullet Punch|p1a: Toxapex\n|-damage|p1a: Toxapex|0 fnt\n|faint|p1a: Toxapex\n|-damage|p2a: Scizor|47/100|[from] item: Life Orb\n|\n|-weather|SunnyDay|[upkeep]\n|upkeep\n|\n|t:|1783821530\n|switch|p1a: Porygon2|Porygon2|100/100\n|-ability|p1a: Porygon2|Technician|Trace|[from] ability: Trace|[of] p2a: Scizor\n|turn|26\n|\n|t:|1783821535\n|move|p2a: Scizor|Close Combat|p1a: Porygon2\n|-supereffective|p1a: Porygon2\n|-damage|p1a: Porygon2|14/100\n|-unboost|p2a: Scizor|def|1\n|-unboost|p2a: Scizor|spd|1\n|-damage|p2a: Scizor|37/100|[from] item: Life Orb\n|move|p1a: Porygon2|Discharge|p2a: Scizor\n|-damage|p2a: Scizor|0 fnt\n|faint|p2a: Scizor\n|\n|-weather|SunnyDay|[upkeep]\n|upkeep\n|\n|t:|1783821548\n|switch|p2a: Lilligant|Lilligant-Hisui, F|88/100 psn\n|turn|27\n|\n|t:|1783821551\n|move|p2a: Lilligant|Solar Blade||[still]\n|-prepare|p2a: Lilligant|Solar Blade\n|-anim|p2a: Lilligant|Solar Blade|p1a: Porygon2\n|-damage|p1a: Porygon2|0 fnt\n|faint|p1a: Porygon2\n|-damage|p2a: Lilligant|78/100 psn|[from] item: Life Orb\n|\n|win|looklookneed\n|raw|LEMONeD2679's rating: 1238 &rarr; <strong>1213</strong><br />(-25 for losing)\n|raw|looklookneed's rating: 1239 &rarr; <strong>1264</strong><br />(+25 for winning)\n|l|☆LEMONeD2679\n|player|p1|\n|l|☆looklookneed\n|player|p2|\n", "uploadtime": 1783821936, "views": 2, "formatid": "gen9ou", "rating": 1213, "private": 0, "password": null}