{"id": "gen9ou-2639290694", "format": "[Gen 9] OU", "players": ["typhoon9", "tonyrayyy"], "log": "|j|☆typhoon9\n|j|☆tonyrayyy\n|t:|1782446878\n|gametype|singles\n|player|p1|typhoon9|170|1591\n|player|p2|tonyrayyy|101|1755\n|gen|9\n|tier|[Gen 9] OU\n|rated|\n|rule|HP Percentage Mod: HP is shown in percentages\n|rule|Endless Battle Clause: Forcing endless battles is banned\n|rule|Species Clause: Limit one of each Pokémon\n|rule|OHKO Clause: OHKO moves are banned\n|rule|Evasion Items Clause: Evasion items are banned\n|rule|Evasion Moves Clause: Evasion moves are banned\n|rule|Evasion Abilities Clause: Evasion abilities are banned\n|rule|Sleep Moves Clause: Sleep-inducing moves are banned\n|clearpoke\n|poke|p1|Ogerpon-Wellspring, F|\n|poke|p1|Kingambit, F|\n|poke|p1|Landorus-Therian, M|\n|poke|p1|Glimmora, F|\n|poke|p1|Dragapult, M|\n|poke|p1|Iron Valiant|\n|poke|p2|Samurott-Hisui, M|\n|poke|p2|Zapdos|\n|poke|p2|Gholdengo|\n|poke|p2|Kingambit, F|\n|poke|p2|Slowking-Galar, M|\n|poke|p2|Great Tusk|\n|teampreview\n|\n|t:|1782446889\n|teamsize|p1|6\n|teamsize|p2|6\n|start\n|switch|p1a: Lebron-Therian|Landorus-Therian, M|100/100\n|switch|p2a: Samurott|Samurott-Hisui, M|100/100\n|-ability|p1a: Lebron-Therian|Intimidate|boost\n|-unboost|p2a: Samurott|atk|1\n|turn|1\n|inactive|Battle timer is ON: inactive players will automatically lose when time's up. (requested by typhoon9)\n|\n|t:|1782446896\n|switch|p2a: Zapdos|Zapdos|100/100\n|move|p1a: Lebron-Therian|U-turn|p2a: Zapdos\n|-resisted|p2a: Zapdos\n|-damage|p2a: Zapdos|93/100\n|\n|t:|1782446900\n|switch|p1a: Glimmora|Glimmora, F|100/100|[from] U-turn\n|\n|upkeep\n|turn|2\n|\n|t:|1782446904\n|switch|p2a: Slowking|Slowking-Galar, M|100/100\n|move|p1a: Glimmora|Meteor Beam||[still]\n|-prepare|p1a: Glimmora|Meteor Beam\n|-boost|p1a: Glimmora|spa|1\n|-enditem|p1a: Glimmora|Power Herb\n|-anim|p1a: Glimmora|Meteor Beam|p2a: Slowking\n|-damage|p2a: Slowking|38/100\n|\n|upkeep\n|turn|3\n|\n|t:|1782446916\n|move|p1a: Glimmora|Earth Power|p2a: Slowking\n|-supereffective|p2a: Slowking\n|-damage|p2a: Slowking|0 fnt\n|faint|p2a: Slowking\n|\n|upkeep\n|\n|t:|1782446920\n|switch|p2a: Gholdengo|Gholdengo|100/100\n|-item|p2a: Gholdengo|Air Balloon\n|turn|4\n|\n|t:|1782446928\n|switch|p1a: Kingambit|Kingambit, F|100/100\n|move|p2a: Gholdengo|Make It Rain|p1a: Kingambit\n|-resisted|p1a: Kingambit\n|-crit|p1a: Kingambit\n|-damage|p1a: Kingambit|56/100\n|-unboost|p2a: Gholdengo|spa|1\n|\n|-heal|p1a: Kingambit|62/100|[from] item: Leftovers\n|upkeep\n|turn|5\n|\n|t:|1782446937\n|switch|p2a: Great Tusk|Great Tusk|100/100\n|-end|p1a: Kingambit|fallenundefined|[silent]\n|switch|p1a: Lebron-Therian|Landorus-Therian, M|100/100\n|-ability|p1a: Lebron-Therian|Intimidate|boost\n|-unboost|p2a: Great Tusk|atk|1\n|\n|upkeep\n|turn|6\n|\n|t:|1782446948\n|move|p1a: Lebron-Therian|Taunt|p2a: Great Tusk\n|-start|p2a: Great Tusk|move: Taunt\n|cant|p2a: Great Tusk|move: Taunt|Stealth Rock\n|\n|upkeep\n|turn|7\n|\n|t:|1782446952\n|-end|p2a: Great Tusk|Protosynthesis|[silent]\n|switch|p2a: Zapdos|Zapdos|93/100\n|move|p1a: Lebron-Therian|U-turn|p2a: Zapdos\n|-resisted|p2a: Zapdos\n|-damage|p2a: Zapdos|85/100\n|-status|p1a: Lebron-Therian|par|[from] ability: Static|[of] p2a: Zapdos\n|\n|t:|1782446961\n|switch|p1a: Dragapult|Dragapult, M|100/100|[from] U-turn\n|\n|upkeep\n|turn|8\n|\n|t:|1782446975\n|move|p1a: Dragapult|Draco Meteor|p2a: Zapdos\n|-damage|p2a: Zapdos|0 fnt\n|-unboost|p1a: Dragapult|spa|2\n|faint|p2a: Zapdos\n|\n|upkeep\n|\n|t:|1782446980\n|switch|p2a: Samurott|Samurott-Hisui, M|100/100\n|turn|9\n|\n|t:|1782446985\n|switch|p1a: Glimmora|Glimmora, F|100/100\n|move|p2a: Samurott|Ceaseless Edge|p1a: Glimmora\n|-damage|p1a: Glimmora|45/100\n|-activate|p1a: Glimmora|ability: Toxic Debris\n|-sidestart|p2: tonyrayyy|move: Toxic Spikes\n|-sidestart|p1: typhoon9|Spikes\n|\n|upkeep\n|turn|10\n|\n|t:|1782446995\n|move|p2a: Samurott|Ceaseless Edge|p1a: Glimmora\n|-damage|p1a: Glimmora|0 fnt\n|-activate|p1a: Glimmora|ability: Toxic Debris\n|-sidestart|p2: tonyrayyy|move: Toxic Spikes\n|-sidestart|p1: typhoon9|Spikes\n|faint|p1a: Glimmora\n|\n|upkeep\n|\n|t:|1782447003\n|switch|p1a: Iron Valiant|Iron Valiant|100/100\n|-damage|p1a: Iron Valiant|84/100|[from] Spikes\n|-enditem|p1a: Iron Valiant|Booster Energy\n|-activate|p1a: Iron Valiant|ability: Quark Drive|[fromitem]\n|-start|p1a: Iron Valiant|quarkdrivespe\n|turn|11\n|\n|t:|1782447010\n|switch|p2a: Gholdengo|Gholdengo|100/100\n|-item|p2a: Gholdengo|Air Balloon\n|move|p1a: Iron Valiant|Spirit Break|p2a: Gholdengo\n|-resisted|p2a: Gholdengo\n|-damage|p2a: Gholdengo|83/100\n|-unboost|p2a: Gholdengo|spa|1\n|-enditem|p2a: Gholdengo|Air Balloon\n|\n|upkeep\n|turn|12\n|\n|t:|1782447019\n|-end|p1a: Iron Valiant|Quark Drive|[silent]\n|switch|p1a: Lebron-Therian|Landorus-Therian, M|100/100 par\n|-ability|p1a: Lebron-Therian|Intimidate|boost\n|-unboost|p2a: Gholdengo|atk|1\n|move|p2a: Gholdengo|Make It Rain|p1a: Lebron-Therian\n|-damage|p1a: Lebron-Therian|54/100 par\n|-unboost|p2a: Gholdengo|spa|1\n|\n|upkeep\n|turn|13\n|\n|t:|1782447030\n|switch|p2a: Great Tusk|Great Tusk|100/100\n|cant|p1a: Lebron-Therian|par\n|\n|upkeep\n|turn|14\n|\n|t:|1782447035\n|switch|p1a: Dragapult|Dragapult, M|100/100\n|-damage|p1a: Dragapult|84/100|[from] Spikes\n|move|p2a: Great Tusk|Stealth Rock|p1a: Dragapult\n|-sidestart|p1: typhoon9|move: Stealth Rock\n|\n|upkeep\n|turn|15\n|\n|t:|1782447042\n|-end|p2a: Great Tusk|Protosynthesis|[silent]\n|switch|p2a: Samurott|Samurott-Hisui, M|100/100\n|-status|p2a: Samurott|tox\n|move|p1a: Dragapult|Flamethrower|p2a: Samurott\n|-resisted|p2a: Samurott\n|-damage|p2a: Samurott|73/100 tox\n|\n|-damage|p2a: Samurott|67/100 tox|[from] psn\n|upkeep\n|turn|16\n|\n|t:|1782447051\n|switch|p1a: Lebron-Therian|Landorus-Therian, M|54/100 par\n|-damage|p1a: Lebron-Therian|42/100 par|[from] Stealth Rock\n|-ability|p1a: Lebron-Therian|Intimidate|boost\n|-unboost|p2a: Samurott|atk|1\n|move|p2a: Samurott|Ceaseless Edge|p1a: Lebron-Therian\n|-damage|p1a: Lebron-Therian|10/100 par\n|-damage|p2a: Samurott|51/100 tox|[from] item: Rocky Helmet|[of] p1a: Lebron-Therian\n|-sidestart|p1: typhoon9|Spikes\n|\n|-damage|p2a: Samurott|38/100 tox|[from] psn\n|upkeep\n|turn|17\n|\n|t:|1782447062\n|switch|p2a: Great Tusk|Great Tusk|100/100\n|move|p1a: Lebron-Therian|U-turn|p2a: Great Tusk\n|-resisted|p2a: Great Tusk\n|-crit|p2a: Great Tusk\n|-damage|p2a: Great Tusk|90/100\n|\n|t:|1782447065\n|switch|p1a: Dragapult|Dragapult, M|84/100|[from] U-turn\n|-damage|p1a: Dragapult|59/100|[from] Spikes\n|-damage|p1a: Dragapult|47/100|[from] Stealth Rock\n|\n|upkeep\n|turn|18\n|\n|t:|1782447077\n|-end|p2a: Great Tusk|Protosynthesis|[silent]\n|switch|p2a: Samurott|Samurott-Hisui, M|38/100 tox\n|move|p1a: Dragapult|Draco Meteor|p2a: Samurott\n|-damage|p2a: Samurott|0 fnt\n|-unboost|p1a: Dragapult|spa|2\n|faint|p2a: Samurott\n|\n|upkeep\n|\n|t:|1782447084\n|switch|p2a: Gholdengo|Gholdengo|83/100\n|turn|19\n|\n|t:|1782447086\n|switch|p1a: Lebron-Therian|Landorus-Therian, M|10/100 par\n|-damage|p1a: Lebron-Therian|0 fnt|[from] Stealth Rock\n|faint|p1a: Lebron-Therian\n|move|p2a: Gholdengo|Make It Rain|p1: Lebron-Therian|[notarget]\n|-fail|p2a: Gholdengo\n|\n|upkeep\n|\n|t:|1782447092\n|switch|p1a: Kingambit|Kingambit, F|62/100\n|-damage|p1a: Kingambit|37/100|[from] Spikes\n|-damage|p1a: Kingambit|31/100|[from] Stealth Rock\n|-activate|p1a: Kingambit|ability: Supreme Overlord\n|-start|p1a: Kingambit|fallen2|[silent]\n|turn|20\n|\n|t:|1782447099\n|switch|p2a: Great Tusk|Great Tusk|90/100\n|move|p1a: Kingambit|Iron Head|p2a: Great Tusk\n|-damage|p2a: Great Tusk|54/100\n|\n|-heal|p1a: Kingambit|37/100|[from] item: Leftovers\n|upkeep\n|turn|21\n|\n|t:|1782447121\n|-terastallize|p1a: Kingambit|Ghost\n|move|p2a: Great Tusk|Rapid Spin|p1a: Kingambit\n|-immune|p1a: Kingambit\n|move|p1a: Kingambit|Iron Head|p2a: Great Tusk\n|-damage|p2a: Great Tusk|17/100\n|\n|-heal|p1a: Kingambit|43/100|[from] item: Leftovers\n|upkeep\n|turn|22\n|\n|t:|1782447128\n|move|p1a: Kingambit|Sucker Punch|p2a: Great Tusk\n|-resisted|p2a: Great Tusk\n|-damage|p2a: Great Tusk|3/100\n|move|p2a: Great Tusk|Headlong Rush|p1a: Kingambit\n|-damage|p1a: Kingambit|3/100\n|-unboost|p2a: Great Tusk|def|1\n|-unboost|p2a: Great Tusk|spd|1\n|\n|-heal|p1a: Kingambit|10/100|[from] item: Leftovers\n|upkeep\n|turn|23\n|\n|t:|1782447139\n|move|p1a: Kingambit|Sucker Punch|p2a: Great Tusk\n|-resisted|p2a: Great Tusk\n|-damage|p2a: Great Tusk|0 fnt\n|faint|p2a: Great Tusk\n|-end|p2a: Great Tusk|Protosynthesis|[silent]\n|\n|-heal|p1a: Kingambit|16/100|[from] item: Leftovers\n|upkeep\n|\n|t:|1782447144\n|switch|p2a: Kingambit|Kingambit, F|100/100\n|-activate|p2a: Kingambit|ability: Supreme Overlord\n|-start|p2a: Kingambit|fallen4|[silent]\n|turn|24\n|\n|t:|1782447149\n|move|p2a: Kingambit|Sucker Punch|p1a: Kingambit\n|-supereffective|p1a: Kingambit\n|-damage|p1a: Kingambit|0 fnt\n|faint|p1a: Kingambit\n|-end|p1a: Kingambit|fallen2|[silent]\n|\n|upkeep\n|\n|t:|1782447151\n|switch|p1a: Iron Valiant|Iron Valiant|84/100\n|-damage|p1a: Iron Valiant|59/100|[from] Spikes\n|-damage|p1a: Iron Valiant|53/100|[from] Stealth Rock\n|turn|25\n|\n|t:|1782447157\n|-end|p1a: Iron Valiant|Quark Drive|[silent]\n|switch|p1a: Dragapult|Dragapult, M|47/100\n|-damage|p1a: Dragapult|22/100|[from] Spikes\n|-damage|p1a: Dragapult|10/100|[from] Stealth Rock\n|-end|p2a: Kingambit|fallen4|[silent]\n|switch|p2a: Gholdengo|Gholdengo|83/100\n|\n|upkeep\n|turn|26\n|\n|t:|1782447167\n|-terastallize|p2a: Gholdengo|Fairy\n|move|p1a: Dragapult|Flamethrower|p2a: Gholdengo\n|-damage|p2a: Gholdengo|42/100\n|move|p2a: Gholdengo|Recover|p2a: Gholdengo\n|-heal|p2a: Gholdengo|92/100\n|\n|upkeep\n|turn|27\n|\n|t:|1782447175\n|move|p1a: Dragapult|Flamethrower|p2a: Gholdengo\n|-damage|p2a: Gholdengo|56/100\n|move|p2a: Gholdengo|Recover|p2a: Gholdengo\n|-heal|p2a: Gholdengo|100/100\n|\n|upkeep\n|turn|28\n|\n|t:|1782447181\n|move|p1a: Dragapult|Flamethrower|p2a: Gholdengo\n|-damage|p2a: Gholdengo|61/100\n|-status|p2a: Gholdengo|brn\n|move|p2a: Gholdengo|Shadow Ball|p1a: Dragapult\n|-supereffective|p1a: Dragapult\n|-damage|p1a: Dragapult|0 fnt\n|faint|p1a: Dragapult\n|\n|-damage|p2a: Gholdengo|55/100 brn|[from] brn\n|upkeep\n|\n|t:|1782447191\n|switch|p1a: Joe Rogerpon|Ogerpon-Wellspring, F|100/100\n|-damage|p1a: Joe Rogerpon|76/100|[from] Spikes\n|-damage|p1a: Joe Rogerpon|63/100|[from] Stealth Rock\n|turn|29\n|\n|t:|1782447196\n|move|p1a: Joe Rogerpon|Ivy Cudgel|p2a: Gholdengo|[anim] Ivy Cudgel Water\n|-damage|p2a: Gholdengo|1/100 brn\n|move|p2a: Gholdengo|Shadow Ball|p1a: Joe Rogerpon\n|-damage|p1a: Joe Rogerpon|13/100\n|\n|-damage|p2a: Gholdengo|0 fnt|[from] brn\n|faint|p2a: Gholdengo\n|upkeep\n|\n|t:|1782447204\n|switch|p2a: Kingambit|Kingambit, F|100/100\n|-activate|p2a: Kingambit|ability: Supreme Overlord\n|-start|p2a: Kingambit|fallen5|[silent]\n|turn|30\n|\n|t:|1782447217\n|move|p2a: Kingambit|Sucker Punch|p1a: Joe Rogerpon\n|-crit|p1a: Joe Rogerpon\n|-damage|p1a: Joe Rogerpon|0 fnt\n|faint|p1a: Joe Rogerpon\n|\n|upkeep\n|\n|t:|1782447219\n|switch|p1a: Iron Valiant|Iron Valiant|53/100\n|-damage|p1a: Iron Valiant|28/100|[from] Spikes\n|-damage|p1a: Iron Valiant|22/100|[from] Stealth Rock\n|turn|31\n|\n|t:|1782447224\n|move|p2a: Kingambit|Sucker Punch||[still]\n|-fail|p2a: Kingambit\n|move|p1a: Iron Valiant|Encore|p2a: Kingambit\n|-start|p2a: Kingambit|Encore\n|\n|upkeep\n|turn|32\n|\n|t:|1782447229\n|move|p2a: Kingambit|Sucker Punch||[still]\n|-fail|p2a: Kingambit\n|move|p1a: Iron Valiant|Swords Dance|p1a: Iron Valiant\n|-boost|p1a: Iron Valiant|atk|2\n|\n|upkeep\n|turn|33\n|\n|t:|1782447234\n|move|p2a: Kingambit|Sucker Punch||[still]\n|-fail|p2a: Kingambit\n|move|p1a: Iron Valiant|Swords Dance|p1a: Iron Valiant\n|-boost|p1a: Iron Valiant|atk|2\n|\n|upkeep\n|turn|34\n|\n|t:|1782447239\n|move|p2a: Kingambit|Sucker Punch||[still]\n|-fail|p2a: Kingambit\n|move|p1a: Iron Valiant|Swords Dance|p1a: Iron Valiant\n|-boost|p1a: Iron Valiant|atk|2\n|\n|-end|p2a: Kingambit|Encore\n|upkeep\n|turn|35\n|\n|t:|1782447248\n|move|p1a: Iron Valiant|Encore|p2a: Kingambit\n|-start|p2a: Kingambit|Encore\n|move|p2a: Kingambit|Sucker Punch||[still]\n|-fail|p2a: Kingambit\n|\n|upkeep\n|turn|36\n|c|☆typhoon9|gg\n|-message|tonyrayyy forfeited.\n|\n|win|typhoon9\n|raw|typhoon9's rating: 1591 &rarr; <strong>1620</strong><br />(+29 for winning)\n|raw|tonyrayyy's rating: 1755 &rarr; <strong>1726</strong><br />(-29 for losing)\n|l|☆tonyrayyy\n|player|p2|\n|l|☆typhoon9\n|player|p1|\n", "uploadtime": 1782447626, "views": 4, "formatid": "gen9ou", "rating": 1620, "private": 0, "password": null}