{"id": "gen9monotype-2639477862", "format": "[Gen 9] Monotype", "players": ["MRT626 Kit", "dabrushy"], "log": "|raw|<div class=\"broadcast-blue\"><strong>This battle is required to be public due to a player having a name starting with 'mrt626'.</div>\n|j|☆MRT626 Kit\n|j|☆dabrushy\n|t:|1782481159\n|gametype|singles\n|player|p1|MRT626 Kit|tucker|1552\n|player|p2|dabrushy|unknownf|1606\n|gen|9\n|tier|[Gen 9] Monotype\n|rated|\n|rule|HP Percentage Mod: HP is shown in percentages\n|rule|Endless Battle Clause: Forcing endless battles is banned\n|rule|Sleep Clause Mod: Limit one foe put to sleep\n|rule|Species Clause: Limit one of each Pokémon\n|rule|OHKO Clause: OHKO moves are banned\n|rule|Evasion Items Clause: Evasion items are banned\n|rule|Evasion Moves Clause: Evasion moves are banned\n|rule|Evasion Abilities Clause: Evasion abilities are banned\n|rule|Same Type Clause: Pokémon in a team must share a type\n|rule|Terastal Clause: You cannot Terastallize\n|clearpoke\n|poke|p1|Archaludon, F|\n|poke|p1|Goodra-Hisui, F|\n|poke|p1|Roaring Moon|\n|poke|p1|Dragapult, M|\n|poke|p1|Latios, M|\n|poke|p1|Raging Bolt|\n|poke|p2|Sneasler, M|\n|poke|p2|Iron Valiant|\n|poke|p2|Iron Hands|\n|poke|p2|Urshifu-*, F|\n|poke|p2|Great Tusk|\n|poke|p2|Lilligant-Hisui, F|\n|teampreview\n|inactive|Battle timer is ON: inactive players will automatically lose when time's up. (requested by MRT626 Kit)\n|j|+Pengairxan\n|l|+Pengairxan\n|j| Almighty Giygas\n|inactive|MRT626 Kit has 120 seconds left.\n|\n|t:|1782481215\n|teamsize|p1|6\n|teamsize|p2|6\n|start\n|switch|p1a: Roaring Moon|Roaring Moon|100/100\n|switch|p2a: Iron Valiant|Iron Valiant|100/100\n|turn|1\n|\n|t:|1782481223\n|-end|p2a: Iron Valiant|Quark Drive|[silent]\n|switch|p2a: Great Tusk|Great Tusk|100/100\n|move|p1a: Roaring Moon|U-turn|p2a: Great Tusk\n|-resisted|p2a: Great Tusk\n|-damage|p2a: Great Tusk|92/100\n|\n|t:|1782481228\n|-end|p1a: Roaring Moon|Protosynthesis|[silent]\n|switch|p1a: Latios|Latios, M|100/100|[from] U-turn\n|\n|upkeep\n|turn|2\n|\n|t:|1782481232\n|-end|p2a: Great Tusk|Protosynthesis|[silent]\n|switch|p2a: Iron Hands|Iron Hands|100/100\n|move|p1a: Latios|Luster Purge|p2a: Iron Hands\n|-supereffective|p2a: Iron Hands\n|-damage|p2a: Iron Hands|51/100\n|-unboost|p2a: Iron Hands|spd|1\n|\n|upkeep\n|turn|3\n|j| Tuff Tuff\n|\n|t:|1782481234\n|move|p1a: Latios|Luster Purge|p2a: Iron Hands\n|-supereffective|p2a: Iron Hands\n|-damage|p2a: Iron Hands|0 fnt\n|faint|p2a: Iron Hands\n|-end|p2a: Iron Hands|Quark Drive|[silent]\n|\n|upkeep\n|\n|t:|1782481241\n|switch|p2a: Iron Valiant|Iron Valiant|100/100\n|turn|4\n|\n|t:|1782481246\n|-end|p2a: Iron Valiant|Quark Drive|[silent]\n|switch|p2a: Great Tusk|Great Tusk|92/100\n|switch|p1a: Goodra|Goodra-Hisui, F|100/100\n|\n|upkeep\n|turn|5\n|\n|t:|1782481252\n|switch|p1a: Latios|Latios, M|100/100\n|move|p2a: Great Tusk|Knock Off|p1a: Latios\n|-supereffective|p1a: Latios\n|-damage|p1a: Latios|0 fnt\n|-enditem|p1a: Latios|Expert Belt|[from] move: Knock Off|[of] p2a: Great Tusk\n|faint|p1a: Latios\n|\n|upkeep\n|\n|t:|1782481255\n|switch|p1a: Dragapult|Dragapult, M|100/100\n|turn|6\n|\n|t:|1782481259\n|-end|p2a: Great Tusk|Protosynthesis|[silent]\n|switch|p2a: Iron Valiant|Iron Valiant|100/100\n|move|p1a: Dragapult|Shadow Ball|p2a: Iron Valiant\n|-damage|p2a: Iron Valiant|15/100\n|\n|upkeep\n|turn|7\n|\n|t:|1782481265\n|switch|p1a: Goodra|Goodra-Hisui, F|100/100\n|move|p2a: Iron Valiant|Moonblast|p1a: Goodra\n|-damage|p1a: Goodra|76/100\n|\n|-heal|p1a: Goodra|82/100|[from] item: Leftovers\n|upkeep\n|turn|8\n|\n|t:|1782481267\n|-end|p2a: Iron Valiant|Quark Drive|[silent]\n|switch|p2a: Great Tusk|Great Tusk|92/100\n|switch|p1a: Dragapult|Dragapult, M|100/100\n|\n|upkeep\n|turn|9\n|\n|t:|1782481275\n|-end|p2a: Great Tusk|Protosynthesis|[silent]\n|switch|p2a: Iron Valiant|Iron Valiant|15/100\n|move|p1a: Dragapult|Draco Meteor|p2a: Iron Valiant\n|-immune|p2a: Iron Valiant\n|\n|upkeep\n|turn|10\n|\n|t:|1782481284\n|-end|p2a: Iron Valiant|Quark Drive|[silent]\n|switch|p2a: Great Tusk|Great Tusk|92/100\n|switch|p1a: Archaludon|Archaludon, F|100/100\n|\n|upkeep\n|turn|11\n|\n|t:|1782481291\n|move|p2a: Great Tusk|Headlong Rush|p1a: Archaludon\n|-supereffective|p1a: Archaludon\n|-damage|p1a: Archaludon|29/100\n|-unboost|p2a: Great Tusk|def|1\n|-unboost|p2a: Great Tusk|spd|1\n|-ability|p1a: Archaludon|Stamina|boost\n|-boost|p1a: Archaludon|def|1\n|move|p1a: Archaludon|Stealth Rock|p2a: Great Tusk\n|-sidestart|p2: dabrushy|move: Stealth Rock\n|\n|-heal|p1a: Archaludon|35/100|[from] item: Leftovers\n|upkeep\n|turn|12\n|\n|t:|1782481305\n|move|p2a: Great Tusk|Stealth Rock|p1a: Archaludon\n|-sidestart|p1: MRT626 Kit|move: Stealth Rock\n|move|p1a: Archaludon|Flash Cannon|p2a: Great Tusk\n|-damage|p2a: Great Tusk|12/100\n|\n|-heal|p1a: Archaludon|41/100|[from] item: Leftovers\n|upkeep\n|turn|13\n|\n|t:|1782481313\n|move|p2a: Great Tusk|Rapid Spin|p1a: Archaludon\n|-resisted|p1a: Archaludon\n|-damage|p1a: Archaludon|38/100\n|-boost|p2a: Great Tusk|spe|1\n|-ability|p1a: Archaludon|Stamina|boost\n|-boost|p1a: Archaludon|def|1\n|-sideend|p2: dabrushy|Stealth Rock|[from] move: Rapid Spin|[of] p2a: Great Tusk\n|move|p1a: Archaludon|Stealth Rock|p2a: Great Tusk\n|-sidestart|p2: dabrushy|move: Stealth Rock\n|\n|-heal|p1a: Archaludon|44/100|[from] item: Leftovers\n|upkeep\n|turn|14\n|\n|t:|1782481323\n|move|p2a: Great Tusk|Rapid Spin|p1a: Archaludon\n|-resisted|p1a: Archaludon\n|-damage|p1a: Archaludon|42/100\n|-boost|p2a: Great Tusk|spe|1\n|-ability|p1a: Archaludon|Stamina|boost\n|-boost|p1a: Archaludon|def|1\n|-sideend|p2: dabrushy|Stealth Rock|[from] move: Rapid Spin|[of] p2a: Great Tusk\n|move|p1a: Archaludon|Flash Cannon|p2a: Great Tusk\n|-damage|p2a: Great Tusk|0 fnt\n|faint|p2a: Great Tusk\n|-end|p2a: Great Tusk|Protosynthesis|[silent]\n|\n|-heal|p1a: Archaludon|48/100|[from] item: Leftovers\n|upkeep\n|l| Tuff Tuff\n|\n|t:|1782481329\n|switch|p2a: Iron Valiant|Iron Valiant|15/100\n|turn|15\n|\n|t:|1782481331\n|move|p2a: Iron Valiant|Moonblast|p1a: Archaludon\n|-damage|p1a: Archaludon|0 fnt\n|faint|p1a: Archaludon\n|\n|upkeep\n|\n|t:|1782481336\n|switch|p1a: Roaring Moon|Roaring Moon|100/100\n|-damage|p1a: Roaring Moon|88/100|[from] Stealth Rock\n|turn|16\n|\n|t:|1782481339\n|-end|p2a: Iron Valiant|Quark Drive|[silent]\n|switch|p2a: Urshifu|Urshifu-Rapid-Strike, F|100/100\n|move|p1a: Roaring Moon|U-turn|p2a: Urshifu\n|-resisted|p2a: Urshifu\n|-damage|p2a: Urshifu|88/100\n|j| Tuff Tuff\n|\n|t:|1782481342\n|-end|p1a: Roaring Moon|Protosynthesis|[silent]\n|switch|p1a: Dragapult|Dragapult, M|100/100|[from] U-turn\n|-damage|p1a: Dragapult|88/100|[from] Stealth Rock\n|\n|upkeep\n|turn|17\n|\n|t:|1782481352\n|switch|p2a: Iron Valiant|Iron Valiant|15/100\n|move|p1a: Dragapult|Thunderbolt|p2a: Iron Valiant\n|-damage|p2a: Iron Valiant|0 fnt\n|faint|p2a: Iron Valiant\n|-end|p2a: Iron Valiant|Quark Drive|[silent]\n|\n|upkeep\n|\n|t:|1782481356\n|switch|p2a: Lilligant|Lilligant-Hisui, F|100/100\n|turn|18\n|\n|t:|1782481363\n|switch|p1a: Roaring Moon|Roaring Moon|88/100\n|-damage|p1a: Roaring Moon|76/100|[from] Stealth Rock\n|move|p2a: Lilligant|Victory Dance|p2a: Lilligant\n|-boost|p2a: Lilligant|atk|1\n|-boost|p2a: Lilligant|def|1\n|-boost|p2a: Lilligant|spe|1\n|\n|upkeep\n|turn|19\n|\n|t:|1782481365\n|move|p1a: Roaring Moon|Outrage|p2a: Lilligant\n|-damage|p2a: Lilligant|30/100\n|move|p2a: Lilligant|Victory Dance|p2a: Lilligant\n|-boost|p2a: Lilligant|atk|1\n|-boost|p2a: Lilligant|def|1\n|-boost|p2a: Lilligant|spe|1\n|\n|upkeep\n|turn|20\n|\n|t:|1782481369\n|move|p2a: Lilligant|Ice Spinner|p1a: Roaring Moon\n|-supereffective|p1a: Roaring Moon\n|-damage|p1a: Roaring Moon|0 fnt\n|faint|p1a: Roaring Moon\n|-end|p1a: Roaring Moon|Protosynthesis|[silent]\n|\n|upkeep\n|\n|t:|1782481372\n|switch|p1a: Raging Bolt|Raging Bolt|100/100\n|turn|21\n|\n|t:|1782481373\n|move|p1a: Raging Bolt|Thunderclap||[still]\n|-fail|p1a: Raging Bolt\n|move|p2a: Lilligant|Sleep Powder|p1a: Raging Bolt\n|-status|p1a: Raging Bolt|slp|[from] move: Sleep Powder\n|\n|upkeep\n|turn|22\n|\n|t:|1782481377\n|cant|p1a: Raging Bolt|slp\n|move|p2a: Lilligant|Ice Spinner|p1a: Raging Bolt\n|-supereffective|p1a: Raging Bolt\n|-damage|p1a: Raging Bolt|0 fnt\n|faint|p1a: Raging Bolt\n|-end|p1a: Raging Bolt|Protosynthesis|[silent]\n|\n|upkeep\n|\n|t:|1782481379\n|switch|p1a: Goodra|Goodra-Hisui, F|82/100\n|-damage|p1a: Goodra|76/100|[from] Stealth Rock\n|turn|23\n|\n|t:|1782481383\n|move|p2a: Lilligant|Close Combat|p1a: Goodra\n|-supereffective|p1a: Goodra\n|-damage|p1a: Goodra|0 fnt\n|-unboost|p2a: Lilligant|def|1\n|-unboost|p2a: Lilligant|spd|1\n|faint|p1a: Goodra\n|\n|upkeep\n|-message|MRT626 Kit forfeited.\n|\n|win|dabrushy\n|raw|MRT626 Kit's rating: 1552 &rarr; <strong>1535</strong><br />(-17 for losing)\n|raw|dabrushy's rating: 1606 &rarr; <strong>1623</strong><br />(+17 for winning)\n|l|☆MRT626 Kit\n|player|p1|\n|c|☆dabrushy|gg\n", "uploadtime": 1782481392, "views": 3, "formatid": "gen9monotype", "rating": 1535, "private": 0, "password": null}