{"id": "gen9monotype-2637289356", "format": "[Gen 9] Monotype", "players": ["onomono testing", "straightoutta14BC"], "log": "|j|☆onomono testing\n|j|☆straightoutta14BC\n|t:|1782166422\n|gametype|singles\n|player|p1|onomono testing|cheryl|1594\n|player|p2|straightoutta14BC|170|1561\n|gen|9\n|tier|[Gen 9] Monotype\n|rated|\n|rule|HP Percentage Mod: HP is shown in percentages\n|rule|Endless Battle Clause: Forcing endless battles is banned\n|rule|Sleep Clause Mod: Limit one foe put to sleep\n|rule|Species Clause: Limit one of each Pokémon\n|rule|OHKO Clause: OHKO moves are banned\n|rule|Evasion Items Clause: Evasion items are banned\n|rule|Evasion Moves Clause: Evasion moves are banned\n|rule|Evasion Abilities Clause: Evasion abilities are banned\n|rule|Same Type Clause: Pokémon in a team must share a type\n|rule|Terastal Clause: You cannot Terastallize\n|clearpoke\n|poke|p1|Sneasler, M|\n|poke|p1|Iron Valiant|\n|poke|p1|Urshifu-*, F|\n|poke|p1|Great Tusk|\n|poke|p1|Iron Hands|\n|poke|p1|Gallade, M|\n|poke|p2|Heatran, M|\n|poke|p2|Skarmory, M|\n|poke|p2|Gholdengo|\n|poke|p2|Iron Treads|\n|poke|p2|Goodra-Hisui, F|\n|poke|p2|Archaludon, M|\n|teampreview\n|c|☆onomono testing|glhf\n|inactive|Battle timer is ON: inactive players will automatically lose when time's up. (requested by onomono testing)\n|inactive|straightoutta14BC has 120 seconds left.\n|inactive|straightoutta14BC has 90 seconds left.\n|\n|t:|1782166550\n|teamsize|p1|6\n|teamsize|p2|6\n|start\n|switch|p1a: hariyarmour|Iron Hands|100/100\n|switch|p2a: Golden Spike|Gholdengo|100/100\n|-item|p2a: Golden Spike|Air Balloon\n|turn|1\n|\n|t:|1782166564\n|move|p2a: Golden Spike|Shadow Ball|p1a: hariyarmour\n|-damage|p1a: hariyarmour|66/100\n|-unboost|p1a: hariyarmour|spd|1\n|move|p1a: hariyarmour|Swords Dance|p1a: hariyarmour\n|-boost|p1a: hariyarmour|atk|2\n|\n|upkeep\n|turn|2\n|\n|t:|1782166582\n|move|p2a: Golden Spike|Shadow Ball|p1a: hariyarmour\n|-damage|p1a: hariyarmour|17/100\n|move|p1a: hariyarmour|Thunder Punch|p2a: Golden Spike\n|-damage|p2a: Golden Spike|30/100\n|-status|p2a: Golden Spike|par\n|-enditem|p2a: Golden Spike|Air Balloon\n|\n|upkeep\n|turn|3\n|inactive|straightoutta14BC has 120 seconds left.\n|\n|t:|1782166600\n|switch|p2a: Perserverance|Iron Treads|100/100\n|-item|p2a: Perserverance|Air Balloon\n|move|p1a: hariyarmour|Thunder Punch|p2a: Perserverance\n|-immune|p2a: Perserverance\n|\n|upkeep\n|turn|4\n|\n|t:|1782166625\n|move|p2a: Perserverance|Earthquake|p1a: hariyarmour\n|-supereffective|p1a: hariyarmour\n|-enditem|p1a: hariyarmour|Shuca Berry|[eat]\n|-enditem|p1a: hariyarmour|Shuca Berry|[weaken]\n|-damage|p1a: hariyarmour|0 fnt\n|faint|p1a: hariyarmour\n|-end|p1a: hariyarmour|Quark Drive|[silent]\n|\n|upkeep\n|\n|t:|1782166629\n|switch|p1a: burden|Sneasler, M|100/100\n|-item|p1a: burden|Air Balloon\n|turn|5\n|inactive|straightoutta14BC has 120 seconds left.\n|inactive|straightoutta14BC has 90 seconds left.\n|\n|t:|1782166708\n|move|p1a: burden|Close Combat|p2a: Perserverance\n|-supereffective|p2a: Perserverance\n|-damage|p2a: Perserverance|0 fnt\n|-unboost|p1a: burden|def|1\n|-unboost|p1a: burden|spd|1\n|-enditem|p2a: Perserverance|Air Balloon\n|faint|p2a: Perserverance\n|-end|p2a: Perserverance|Quark Drive|[silent]\n|\n|upkeep\n|\n|t:|1782166716\n|switch|p2a: Discovery|Skarmory, M|100/100\n|turn|6\n|inactive|onomono testing has 120 seconds left.\n|\n|t:|1782166752\n|move|p1a: burden|Swords Dance|p1a: burden\n|-boost|p1a: burden|atk|2\n|move|p2a: Discovery|Iron Defense|p2a: Discovery\n|-boost|p2a: Discovery|def|2\n|\n|upkeep\n|turn|7\n|inactive|onomono testing has 120 seconds left.\n|\n|t:|1782166768\n|switch|p1a: wire other|Iron Valiant|100/100\n|move|p2a: Discovery|Body Press|p1a: wire other\n|-resisted|p1a: wire other\n|-damage|p1a: wire other|56/100\n|\n|upkeep\n|turn|8\n|j| XYZ\n|\n|t:|1782166777\n|switch|p2a: Rosetta|Goodra-Hisui, F|100/100\n|move|p1a: wire other|Thunderbolt|p2a: Rosetta\n|-resisted|p2a: Rosetta\n|-damage|p2a: Rosetta|92/100\n|\n|-heal|p2a: Rosetta|98/100|[from] item: Leftovers\n|upkeep\n|turn|9\n|\n|t:|1782166787\n|-end|p1a: wire other|Quark Drive|[silent]\n|switch|p1a: regielephant|Great Tusk|100/100\n|switch|p2a: Discovery|Skarmory, M|100/100\n|\n|upkeep\n|turn|10\n|inactive|onomono testing has 120 seconds left.\n|\n|t:|1782166826\n|-end|p1a: regielephant|Protosynthesis|[silent]\n|switch|p1a: fish <3|Urshifu-Rapid-Strike, F|100/100\n|move|p2a: Discovery|Spikes|p1a: fish <3\n|-sidestart|p1: onomono testing|Spikes\n|\n|upkeep\n|turn|11\n|inactive|straightoutta14BC has 60 seconds left.\n|\n|t:|1782166863\n|switch|p2a: Vandenberg|Archaludon, M|100/100\n|move|p1a: fish <3|Close Combat|p2a: Vandenberg\n|-supereffective|p2a: Vandenberg\n|-damage|p2a: Vandenberg|1/100\n|-unboost|p1a: fish <3|def|1\n|-unboost|p1a: fish <3|spd|1\n|\n|upkeep\n|turn|12\n|inactive|straightoutta14BC has 60 seconds left.\n|\n|t:|1782166872\n|move|p1a: fish <3|Aqua Jet|p2a: Vandenberg\n|-resisted|p2a: Vandenberg\n|-damage|p2a: Vandenberg|0 fnt\n|faint|p2a: Vandenberg\n|\n|upkeep\n|inactive|straightoutta14BC has 60 seconds left.\n|\n|t:|1782166877\n|switch|p2a: Discovery|Skarmory, M|100/100\n|turn|13\n|inactive|onomono testing has 120 seconds left.\n|\n|t:|1782166892\n|move|p1a: fish <3|Swords Dance|p1a: fish <3\n|-boost|p1a: fish <3|atk|2\n|move|p2a: Discovery|Iron Defense|p2a: Discovery\n|-boost|p2a: Discovery|def|2\n|\n|upkeep\n|turn|14\n|\n|t:|1782166897\n|move|p1a: fish <3|Surging Strikes|p2a: Discovery\n|-crit|p2a: Discovery\n|-damage|p2a: Discovery|77/100\n|-crit|p2a: Discovery\n|-damage|p2a: Discovery|49/100\n|-crit|p2a: Discovery\n|-damage|p2a: Discovery|22/100\n|-hitcount|p2a: Discovery|3\n|move|p2a: Discovery|Body Press|p1a: fish <3\n|-damage|p1a: fish <3|0 fnt\n|faint|p1a: fish <3\n|\n|-heal|p2a: Discovery|28/100|[from] item: Leftovers\n|upkeep\n|\n|t:|1782166907\n|switch|p1a: flesh valiant|Gallade, M|100/100\n|-damage|p1a: flesh valiant|88/100|[from] Spikes\n|turn|15\n|inactive|straightoutta14BC has 90 seconds left.\n|\n|t:|1782166912\n|move|p1a: flesh valiant|Sacred Sword|p2a: Discovery\n|-damage|p2a: Discovery|0 fnt\n|faint|p2a: Discovery\n|\n|upkeep\n|inactive|straightoutta14BC has 90 seconds left.\n|\n|t:|1782166918\n|switch|p2a: InSight|Heatran, M|100/100\n|-item|p2a: InSight|Air Balloon\n|turn|16\n|inactive|onomono testing has 120 seconds left.\n|\n|t:|1782166956\n|move|p1a: flesh valiant|Sacred Sword|p2a: InSight\n|-supereffective|p2a: InSight\n|-damage|p2a: InSight|0 fnt\n|-enditem|p2a: InSight|Air Balloon\n|faint|p2a: InSight\n|\n|upkeep\n|-message|straightoutta14BC forfeited.\n|\n|win|onomono testing\n|raw|onomono testing's rating: 1594 &rarr; <strong>1612</strong><br />(+18 for winning)\n|raw|straightoutta14BC's rating: 1561 &rarr; <strong>1543</strong><br />(-18 for losing)\n|c|☆onomono testing|gg\n", "uploadtime": 1782166969, "views": 12, "formatid": "gen9monotype", "rating": 1543, "private": 0, "password": null}