{"id": "gen9randomdoublesbattle-2539974896", "format": "[Gen 9] Random Doubles Battle", "players": ["Mark Gatz", "Nejit"], "log": "|j|☆Mark Gatz\n|j|☆Nejit\n|t:|1771136563\n|gametype|doubles\n|player|p1|Mark Gatz|steven|1531\n|player|p2|Nejit|2|1664\n|gen|9\n|tier|[Gen 9] Random Doubles Battle\n|rated|\n|rule|Species Clause: Limit one of each Pokémon\n|rule|HP Percentage Mod: HP is shown in percentages\n|rule|Illusion Level Mod: Illusion disguises the Pokémon's true level\n|rule|Sleep Clause Mod: Limit one foe put to sleep\n|\n|t:|1771136563\n|teamsize|p1|6\n|teamsize|p2|6\n|start\n|switch|p1a: Duraludon|Duraludon, L83, M|252/252\n|switch|p1b: Glalie|Glalie, L94, F|303/303\n|switch|p2a: Cinderace|Cinderace, L82, F|265/265\n|switch|p2b: Zekrom|Zekrom, L74|270/270\n|-ability|p2b: Zekrom|Teravolt\n|turn|1\n|\n|t:|1771136600\n|switch|p2b: Clefable|Clefable, L87, M|307/307\n|move|p2a: Cinderace|Pyro Ball|p1b: Glalie\n|-supereffective|p1b: Glalie\n|-damage|p1b: Glalie|0 fnt\n|faint|p1b: Glalie\n|-damage|p2a: Cinderace|239/265|[from] item: Life Orb\n|move|p1a: Duraludon|Iron Defense|p1a: Duraludon\n|-boost|p1a: Duraludon|def|2\n|\n|upkeep\n|inactive|Battle timer is ON: inactive players will automatically lose when time's up. (requested by Nejit)\n|\n|t:|1771136611\n|switch|p1b: Lanturn|Lanturn, L87, M|359/359\n|turn|2\n|inactive|Nejit has 120 seconds left.\n|\n|t:|1771136653\n|switch|p2a: Meowscarada|Meowscarada, L79, M|250/250\n|move|p1a: Duraludon|Body Press|p2a: Meowscarada\n|-supereffective|p2a: Meowscarada\n|-damage|p2a: Meowscarada|0 fnt\n|faint|p2a: Meowscarada\n|move|p1b: Lanturn|Electroweb|p2b: Clefable\n|-damage|p2b: Clefable|255/307\n|-unboost|p2b: Clefable|spe|1\n|move|p2b: Clefable|Life Dew|p2b: Clefable\n|-heal|p2b: Clefable|307/307\n|\n|upkeep\n|\n|t:|1771136673\n|switch|p2a: Froslass|Froslass, L88, F|266/266\n|turn|3\n|inactive|Nejit has 120 seconds left.\n|\n|t:|1771136687\n|move|p2a: Froslass|Poltergeist|p1a: Duraludon\n|-activate|p1a: Duraludon|move: Poltergeist|Eviolite\n|-damage|p1a: Duraludon|222/252\n|move|p1a: Duraludon|Flash Cannon|p2a: Froslass\n|-supereffective|p2a: Froslass\n|-damage|p2a: Froslass|26/266\n|move|p1b: Lanturn|Thunderbolt|p2a: Froslass\n|-damage|p2a: Froslass|0 fnt\n|-start|p1b: Lanturn|Disable|Thunderbolt|[from] ability: Cursed Body|[of] p2a: Froslass\n|faint|p2a: Froslass\n|move|p2b: Clefable|Moonblast|p1a: Duraludon\n|-damage|p1a: Duraludon|111/252\n|\n|upkeep\n|\n|t:|1771136708\n|switch|p2a: Lilligant|Lilligant, L88, F|266/266\n|turn|4\n|inactive|Nejit has 120 seconds left.\n|inactive|Mark Gatz has 120 seconds left.\n|\n|t:|1771136750\n|switch|p1b: Tornadus|Tornadus, L77, M|248/248\n|move|p2a: Lilligant|Sleep Powder|p1b: Tornadus\n|-status|p1b: Tornadus|slp|[from] move: Sleep Powder\n|move|p1a: Duraludon|Flash Cannon|p2b: Clefable\n|-supereffective|p2b: Clefable\n|-damage|p2b: Clefable|125/307\n|move|p2b: Clefable|Moonblast|p1a: Duraludon\n|-damage|p1a: Duraludon|2/252\n|\n|upkeep\n|turn|5\n|inactive|Nejit has 120 seconds left.\n|inactive|Mark Gatz has 120 seconds left.\n|\n|t:|1771136781\n|cant|p1b: Tornadus|slp\n|move|p2a: Lilligant|Quiver Dance|p2a: Lilligant\n|-boost|p2a: Lilligant|spa|1\n|-boost|p2a: Lilligant|spd|1\n|-boost|p2a: Lilligant|spe|1\n|move|p1a: Duraludon|Flash Cannon|p2b: Clefable\n|-supereffective|p2b: Clefable\n|-damage|p2b: Clefable|0 fnt\n|faint|p2b: Clefable\n|\n|upkeep\n|inactive|Nejit has 90 seconds left.\n|\n|t:|1771136798\n|switch|p2b: Cinderace|Cinderace, L82, F|239/265\n|turn|6\n|inactive|Nejit has 90 seconds left.\n|\n|t:|1771136819\n|-terastallize|p2a: Lilligant|Steel\n|move|p2b: Cinderace|Sucker Punch|p1a: Duraludon\n|-damage|p1a: Duraludon|0 fnt\n|faint|p1a: Duraludon\n|-damage|p2b: Cinderace|213/265|[from] item: Life Orb\n|cant|p1b: Tornadus|slp\n|move|p2a: Lilligant|Alluring Voice|p1b: Tornadus\n|-damage|p1b: Tornadus|104/248 slp\n|-enditem|p1b: Tornadus|Sitrus Berry|[eat]\n|-heal|p1b: Tornadus|166/248 slp|[from] item: Sitrus Berry\n|-damage|p2a: Lilligant|240/266|[from] item: Life Orb\n|\n|upkeep\n|l|☆Mark Gatz\n|inactive|Mark Gatz disconnected and has a minute to reconnect!\n|player|p1|\n|inactive|Mark Gatz has 30 seconds to reconnect!\n|inactive|Mark Gatz has 20 seconds to reconnect!\n|j|☆Mark Gatz\n|inactive|Mark Gatz reconnected and has 95 seconds left.\n|player|p1|Mark Gatz|steven|\n|inactive|Mark Gatz has 90 seconds left.\n|\n|t:|1771136880\n|switch|p1a: Lanturn|Lanturn, L87, M|359/359\n|turn|7\n|inactive|Nejit has 90 seconds left.\n|\n|t:|1771136923\n|-terastallize|p1a: Lanturn|Flying\n|move|p2a: Lilligant|Energy Ball|p1a: Lanturn\n|-resisted|p1a: Lanturn\n|-damage|p1a: Lanturn|230/359\n|-damage|p2a: Lilligant|214/266|[from] item: Life Orb\n|move|p2b: Cinderace|Pyro Ball|p1a: Lanturn\n|-damage|p1a: Lanturn|14/359\n|-enditem|p1a: Lanturn|Sitrus Berry|[eat]\n|-heal|p1a: Lanturn|103/359|[from] item: Sitrus Berry\n|-damage|p2b: Cinderace|187/265|[from] item: Life Orb\n|-curestatus|p1b: Tornadus|slp|[msg]\n|move|p1b: Tornadus|Bleakwind Storm|p2a: Lilligant|[spread] \n|-miss|p1b: Tornadus|p2a: Lilligant\n|-miss|p1b: Tornadus|p2b: Cinderace\n|move|p1a: Lanturn|Scald|p2b: Cinderace\n|-supereffective|p2b: Cinderace\n|-damage|p2b: Cinderace|25/265\n|\n|upkeep\n|turn|8\n|inactive|Mark Gatz has 120 seconds left.\n|inactive|Nejit has 90 seconds left.\n|\n|t:|1771136957\n|move|p1b: Tornadus|Tailwind|p1b: Tornadus\n|-sidestart|p1: Mark Gatz|move: Tailwind\n|move|p1a: Lanturn|Electroweb|p2a: Lilligant|[spread] p2a,p2b\n|-damage|p2a: Lilligant|187/266\n|-damage|p2b: Cinderace|0 fnt\n|-unboost|p2a: Lilligant|spe|1\n|faint|p2b: Cinderace\n|move|p2a: Lilligant|Alluring Voice|p1a: Lanturn\n|-damage|p1a: Lanturn|0 fnt\n|faint|p1a: Lanturn\n|-damage|p2a: Lilligant|161/266|[from] item: Life Orb\n|\n|upkeep\n|inactive|Mark Gatz has 90 seconds left.\n|\n|t:|1771136978\n|switch|p2b: Zekrom|Zekrom, L74|270/270\n|switch|p1a: Illumise|Illumise, L83, F|244/244\n|-ability|p2b: Zekrom|Teravolt\n|turn|9\n|inactive|Nejit has 90 seconds left.\n|\n|t:|1771137000\n|move|p2b: Zekrom|Protect|p2b: Zekrom\n|-singleturn|p2b: Zekrom|Protect\n|move|p1a: Illumise|Thunder Wave|p2a: Lilligant\n|-status|p2a: Lilligant|par\n|move|p1b: Tornadus|Knock Off|p2b: Zekrom\n|-activate|p2b: Zekrom|move: Protect\n|move|p2a: Lilligant|Sleep Powder|p1b: Tornadus\n|-status|p1b: Tornadus|slp|[from] move: Sleep Powder\n|\n|upkeep\n|turn|10\n|inactive|Mark Gatz has 120 seconds left.\n|inactive|Nejit has 90 seconds left.\n|\n|t:|1771137020\n|cant|p1b: Tornadus|slp\n|move|p1a: Illumise|Encore|p2b: Zekrom\n|-start|p2b: Zekrom|Encore\n|move|p2b: Zekrom|Protect||[still]\n|-fail|p2b: Zekrom\n|cant|p2a: Lilligant|par\n|\n|upkeep\n|turn|11\n|\n|t:|1771137030\n|cant|p1b: Tornadus|slp\n|move|p2b: Zekrom|Protect|p2b: Zekrom\n|-singleturn|p2b: Zekrom|Protect\n|move|p1a: Illumise|Thunder Wave|p2a: Lilligant|[miss]\n|-miss|p1a: Illumise|p2a: Lilligant\n|move|p2a: Lilligant|Alluring Voice|p1b: Tornadus\n|-damage|p1b: Tornadus|22/248 slp\n|-damage|p2a: Lilligant|135/266 par|[from] item: Life Orb\n|\n|-sideend|p1: Mark Gatz|move: Tailwind\n|upkeep\n|turn|12\n|inactive|Nejit has 120 seconds left.\n|inactive|Nejit has 90 seconds left.\n|\n|t:|1771137065\n|move|p2b: Zekrom|Protect||[still]\n|-fail|p2b: Zekrom\n|-curestatus|p1b: Tornadus|slp|[msg]\n|move|p1b: Tornadus|Knock Off|p2a: Lilligant\n|-damage|p2a: Lilligant|64/266 par\n|-enditem|p2a: Lilligant|Life Orb|[from] move: Knock Off|[of] p1b: Tornadus\n|move|p1a: Illumise|Bug Buzz|p2a: Lilligant\n|-resisted|p2a: Lilligant\n|-damage|p2a: Lilligant|34/266 par\n|cant|p2a: Lilligant|par\n|\n|-end|p2b: Zekrom|Encore\n|upkeep\n|turn|13\n|\n|t:|1771137086\n|move|p1a: Illumise|Encore|p2b: Zekrom\n|-start|p2b: Zekrom|Encore\n|move|p1b: Tornadus|Knock Off|p2a: Lilligant\n|-damage|p2a: Lilligant|0 fnt\n|faint|p2a: Lilligant\n|move|p2b: Zekrom|Protect||[still]\n|-fail|p2b: Zekrom\n|\n|upkeep\n|turn|14\n|-message|Nejit forfeited.\n|\n|win|Mark Gatz\n|raw|Mark Gatz's rating: 1531 &rarr; <strong>1558</strong><br />(+27 for winning)\n|raw|Nejit's rating: 1664 &rarr; <strong>1637</strong><br />(-27 for losing)\n|l|☆Nejit\n|player|p2|\n", "inputlog": ">version 686819e5e19f8a7fd2345cfc5a08a5085efa2cc3\n>start {\"formatid\":\"gen9randomdoublesbattle\",\"seed\":\"sodium,397a36f44d6074590236451071271bfd\",\"rated\":\"Rated battle\"}\n>player p1 {\"name\":\"Mark Gatz\",\"avatar\":\"steven\",\"rating\":1531,\"seed\":\"sodium,9c7e9702216dc7ce77f3a37ff383ec21\"}\n>player p2 {\"name\":\"Nejit\",\"avatar\":\"2\",\"rating\":1664,\"seed\":\"sodium,f12dc26b79f3601b7b49b6f8a56fd709\"}\n>p1 move irondefense, move icywind\n>p2 move pyroball +2, switch 6\n>p1 pass, switch 5\n>p1 move bodypress +1, move electroweb\n>p2 switch 4, move lifedew\n>p2 switch 5, pass\n>p1 move flashcannon +1, move thunderbolt +1\n>p2 move poltergeist +1, move moonblast +1\n>p2 switch 3, pass\n>p1 move flashcannon +2, switch 6\n>p2 move sleeppowder +2, move moonblast +1\n>p1 move flashcannon +2, move protect\n>p2 move quiverdance, move lifedew\n>p2 pass, switch 4\n>p1 move bodypress +1, move tailwind\n>p2 move alluringvoice +2 terastallize, move suckerpunch +1\n>p1 switch 6, pass\n>p1 move scald +2 terastallize, move bleakwindstorm\n>p2 move energyball +1, move pyroball +1\n>p1 move electroweb, move tailwind\n>p2 move alluringvoice +1, move pyroball +2\n>p1 switch 4, pass\n>p2 pass, switch 6\n>p1 move thunderwave +1, move knockoff +2\n>p2 move sleeppowder +2, move protect\n>p1 move encore +2, move protect\n>p2 move alluringvoice +2, move dragondance\n>p1 move thunderwave +1, move protect\n>p2 move alluringvoice +2, move protect\n>p1 move bugbuzz +1, move knockoff +1\n>p2 move sleeppowder +1, move protect\n>p1 move encore +2, move knockoff +1\n>p2 move sleeppowder +1, move boltstrike +2\n>forcelose p2", "uploadtime": 1771137096, "views": 69, "formatid": "gen9randomdoublesbattle", "rating": 1558, "private": 0, "password": null}