{"id": "gen9randomdoublesbattle-2537724434", "format": "[Gen 9] Random Doubles Battle", "players": ["Kiquemo", "mashing a"], "log": "|j|☆Kiquemo\n|j|☆mashing a\n|t:|1770841970\n|gametype|doubles\n|player|p1|Kiquemo|102|1713\n|player|p2|mashing a|170|1767\n|gen|9\n|tier|[Gen 9] Random Doubles Battle\n|rated|\n|rule|Species Clause: Limit one of each Pokémon\n|rule|HP Percentage Mod: HP is shown in percentages\n|rule|Illusion Level Mod: Illusion disguises the Pokémon's true level\n|rule|Sleep Clause Mod: Limit one foe put to sleep\n|\n|t:|1770841970\n|teamsize|p1|6\n|teamsize|p2|6\n|start\n|switch|p1a: Ursaluna|Ursaluna, L77, F|327/327\n|switch|p1b: Raichu|Raichu, L87, F|246/246\n|switch|p2a: Tinkaton|Tinkaton, L82, F|274/274\n|switch|p2b: Milotic|Milotic, L81, M|287/287\n|turn|1\n|inactive|Battle timer is ON: inactive players will automatically lose when time's up. (requested by mashing a)\n|\n|t:|1770841985\n|move|p2b: Milotic|Protect|p2b: Milotic\n|-singleturn|p2b: Milotic|Protect\n|move|p2a: Tinkaton|Fake Out|p1a: Ursaluna\n|-damage|p1a: Ursaluna|307/327\n|move|p1b: Raichu|Thunderbolt|p2b: Milotic\n|-activate|p2b: Milotic|move: Protect\n|cant|p1a: Ursaluna|flinch\n|\n|-status|p1a: Ursaluna|brn|[from] item: Flame Orb\n|upkeep\n|turn|2\n|\n|t:|1770842011\n|switch|p1a: Noctowl|Noctowl, L91, M|330/330\n|move|p1b: Raichu|Nasty Plot|p1b: Raichu\n|-boost|p1b: Raichu|spa|2\n|move|p2a: Tinkaton|Gigaton Hammer|p1a: Noctowl\n|-damage|p1a: Noctowl|138/330\n|move|p2b: Milotic|Scald|p1a: Noctowl\n|-damage|p1a: Noctowl|68/330\n|\n|upkeep\n|turn|3\n|\n|t:|1770842029\n|-terastallize|p2b: Milotic|Dragon\n|move|p1b: Raichu|Thunderbolt|p2a: Tinkaton\n|-damage|p2a: Tinkaton|48/274\n|-enditem|p2a: Tinkaton|Sitrus Berry|[eat]\n|-heal|p2a: Tinkaton|116/274|[from] item: Sitrus Berry\n|-damage|p1b: Raichu|222/246|[from] item: Life Orb\n|move|p2a: Tinkaton|Stealth Rock|p1a: Noctowl\n|-sidestart|p1: Kiquemo|move: Stealth Rock\n|move|p1a: Noctowl|Tailwind|p1a: Noctowl\n|-sidestart|p1: Kiquemo|move: Tailwind\n|move|p2b: Milotic|Icy Wind|p1a: Noctowl|[spread] p1a,p1b\n|-supereffective|p1a: Noctowl\n|-damage|p1a: Noctowl|22/330\n|-damage|p1b: Raichu|193/246\n|-unboost|p1a: Noctowl|spe|1\n|-unboost|p1b: Raichu|spe|1\n|\n|upkeep\n|turn|4\n|\n|t:|1770842050\n|switch|p2a: Magnezone|Magnezone, L84|255/255\n|move|p2b: Milotic|Protect|p2b: Milotic\n|-singleturn|p2b: Milotic|Protect\n|move|p1b: Raichu|Thunderbolt|p2a: Magnezone\n|-resisted|p2a: Magnezone\n|-damage|p2a: Magnezone|177/255\n|-damage|p1b: Raichu|169/246|[from] item: Life Orb\n|move|p1a: Noctowl|Hyper Voice|p2b: Milotic|[spread] p2a\n|-activate|p2b: Milotic|move: Protect\n|-resisted|p2a: Magnezone\n|-damage|p2a: Magnezone|115/255\n|-damage|p1a: Noctowl|0 fnt|[from] item: Life Orb\n|faint|p1a: Noctowl\n|\n|upkeep\n|\n|t:|1770842063\n|switch|p1a: Dugtrio|Dugtrio-Alola, L89, M|207/207\n|-damage|p1a: Dugtrio|201/207|[from] Stealth Rock\n|turn|5\n|\n|t:|1770842074\n|move|p1a: Dugtrio|Stomping Tantrum|p2b: Milotic\n|-damage|p2b: Milotic|145/287\n|-damage|p1a: Dugtrio|181/207|[from] item: Life Orb\n|move|p1b: Raichu|Thunderbolt|p2b: Milotic\n|-resisted|p2b: Milotic\n|-damage|p2b: Milotic|42/287\n|-enditem|p2b: Milotic|Sitrus Berry|[eat]\n|-heal|p2b: Milotic|113/287|[from] item: Sitrus Berry\n|-damage|p1b: Raichu|145/246|[from] item: Life Orb\n|move|p2b: Milotic|Icy Wind|p1a: Dugtrio|[spread] p1b\n|-miss|p2b: Milotic|p1a: Dugtrio\n|-damage|p1b: Raichu|118/246\n|-unboost|p1b: Raichu|spe|1\n|move|p2a: Magnezone|Flash Cannon|p1a: Dugtrio\n|-resisted|p1a: Dugtrio\n|-damage|p1a: Dugtrio|125/207\n|\n|upkeep\n|turn|6\n|\n|t:|1770842093\n|move|p2b: Milotic|Protect|p2b: Milotic\n|-singleturn|p2b: Milotic|Protect\n|move|p1a: Dugtrio|Stomping Tantrum|p2a: Magnezone\n|-supereffective|p2a: Magnezone\n|-damage|p2a: Magnezone|0 fnt\n|faint|p2a: Magnezone\n|-damage|p1a: Dugtrio|105/207|[from] item: Life Orb\n|move|p1b: Raichu|Thunderbolt|p2b: Milotic\n|-activate|p2b: Milotic|move: Protect\n|\n|-sideend|p1: Kiquemo|move: Tailwind\n|upkeep\n|\n|t:|1770842105\n|switch|p2a: Tinkaton|Tinkaton, L82, F|116/274\n|turn|7\n|\n|t:|1770842112\n|move|p1a: Dugtrio|Protect|p1a: Dugtrio\n|-singleturn|p1a: Dugtrio|Protect\n|move|p2a: Tinkaton|Fake Out|p1a: Dugtrio\n|-activate|p1a: Dugtrio|move: Protect\n|move|p2b: Milotic|Icy Wind|p1b: Raichu|[spread] p1b\n|-activate|p1a: Dugtrio|move: Protect\n|-damage|p1b: Raichu|87/246\n|-unboost|p1b: Raichu|spe|1\n|move|p1b: Raichu|Thunderbolt|p2a: Tinkaton\n|-damage|p2a: Tinkaton|0 fnt\n|faint|p2a: Tinkaton\n|-damage|p1b: Raichu|63/246|[from] item: Life Orb\n|\n|upkeep\n|\n|t:|1770842125\n|switch|p2a: Azumarill|Azumarill, L83, M|302/302\n|turn|8\n|\n|t:|1770842148\n|switch|p1b: Electivire|Electivire, L86, M|269/269\n|-damage|p1b: Electivire|236/269|[from] Stealth Rock\n|move|p2a: Azumarill|Aqua Jet|p1a: Dugtrio\n|-supereffective|p1a: Dugtrio\n|-damage|p1a: Dugtrio|0 fnt\n|-ability|p1a: Dugtrio|Tangling Hair\n|-unboost|p2a: Azumarill|spe|1\n|faint|p1a: Dugtrio\n|move|p2b: Milotic|Scald|p1b: Electivire\n|-damage|p1b: Electivire|184/269\n|-status|p1b: Electivire|brn\n|\n|-damage|p1b: Electivire|168/269 brn|[from] brn\n|upkeep\n|\n|t:|1770842156\n|switch|p1a: Raichu|Raichu, L87, F|63/246\n|-damage|p1a: Raichu|33/246|[from] Stealth Rock\n|turn|9\n|\n|t:|1770842183\n|move|p1a: Raichu|Protect|p1a: Raichu\n|-singleturn|p1a: Raichu|Protect\n|move|p2a: Azumarill|Aqua Jet|p1a: Raichu\n|-activate|p1a: Raichu|move: Protect\n|move|p1b: Electivire|Ice Punch|p2b: Milotic\n|-supereffective|p2b: Milotic\n|-damage|p2b: Milotic|40/287\n|-status|p2b: Milotic|frz\n|cant|p2b: Milotic|frz\n|\n|-damage|p1b: Electivire|152/269 brn|[from] brn\n|upkeep\n|turn|10\n|\n|t:|1770842202\n|move|p2a: Azumarill|Aqua Jet|p1a: Raichu\n|-damage|p1a: Raichu|0 fnt\n|faint|p1a: Raichu\n|move|p1b: Electivire|Wild Charge|p2a: Azumarill\n|-supereffective|p2a: Azumarill\n|-damage|p2a: Azumarill|163/302\n|-damage|p1b: Electivire|117/269 brn|[from] Recoil\n|-curestatus|p2b: Milotic|frz|[msg]\n|move|p2b: Milotic|Recover|p2b: Milotic\n|-heal|p2b: Milotic|184/287\n|\n|-damage|p1b: Electivire|101/269 brn|[from] brn\n|upkeep\n|\n|t:|1770842214\n|switch|p1a: Ursaluna|Ursaluna, L77, F|307/327 brn\n|-damage|p1a: Ursaluna|287/327 brn|[from] Stealth Rock\n|turn|11\n|\n|t:|1770842228\n|-terastallize|p1a: Ursaluna|Normal\n|move|p2a: Azumarill|Aqua Jet|p1b: Electivire\n|-damage|p1b: Electivire|7/269 brn\n|move|p1b: Electivire|Wild Charge|p2a: Azumarill\n|-supereffective|p2a: Azumarill\n|-damage|p2a: Azumarill|34/302\n|-damage|p1b: Electivire|0 fnt|[from] Recoil\n|faint|p1b: Electivire\n|move|p2b: Milotic|Scald|p1a: Ursaluna\n|-damage|p1a: Ursaluna|196/327 brn\n|move|p1a: Ursaluna|Earthquake|p2a: Azumarill|[spread] p2a,p2b\n|-damage|p2a: Azumarill|0 fnt\n|-damage|p2b: Milotic|27/287\n|faint|p2a: Azumarill\n|\n|-damage|p1a: Ursaluna|176/327 brn|[from] brn\n|upkeep\n|\n|t:|1770842242\n|switch|p1b: Dragapult|Dragapult, L79, M|269/269\n|switch|p2a: Zangoose|Zangoose, L87, F|269/269\n|-damage|p1b: Dragapult|236/269|[from] Stealth Rock\n|turn|12\n|\n|t:|1770842250\n|move|p2a: Zangoose|Protect|p2a: Zangoose\n|-singleturn|p2a: Zangoose|Protect\n|move|p1b: Dragapult|Dragon Darts|p2b: Milotic\n|-supereffective|p2b: Milotic\n|-damage|p2b: Milotic|0 fnt\n|faint|p2b: Milotic\n|-damage|p1b: Dragapult|210/269|[from] item: Life Orb\n|move|p1a: Ursaluna|Facade|p2a: Zangoose\n|-activate|p2a: Zangoose|move: Protect\n|\n|-damage|p1a: Ursaluna|156/327 brn|[from] brn\n|-status|p2a: Zangoose|tox|[from] item: Toxic Orb\n|upkeep\n|\n|t:|1770842265\n|switch|p2b: Cinderace|Cinderace, L82, F|265/265\n|turn|13\n|\n|t:|1770842286\n|move|p1a: Ursaluna|Protect|p1a: Ursaluna\n|-singleturn|p1a: Ursaluna|Protect\n|move|p1b: Dragapult|Dragon Darts|p2b: Cinderace\n|-damage|p2b: Cinderace|190/265\n|-anim|p1b: Dragapult|Dragon Darts|p2a: Zangoose\n|-damage|p2a: Zangoose|175/269 tox\n|-damage|p1b: Dragapult|184/269|[from] item: Life Orb\n|move|p2b: Cinderace|High Jump Kick|p1a: Ursaluna\n|-activate|p1a: Ursaluna|move: Protect\n|-damage|p2b: Cinderace|58/265|[from] highjumpkick\n|move|p2a: Zangoose|Knock Off|p1b: Dragapult\n|-supereffective|p1b: Dragapult\n|-damage|p1b: Dragapult|0 fnt\n|-enditem|p1b: Dragapult|Life Orb|[from] move: Knock Off|[of] p2a: Zangoose\n|faint|p1b: Dragapult\n|\n|-damage|p2a: Zangoose|159/269 tox|[from] psn\n|-damage|p1a: Ursaluna|136/327 brn|[from] brn\n|upkeep\n|turn|14\n|\n|t:|1770842303\n|move|p2b: Cinderace|High Jump Kick|p1a: Ursaluna\n|-supereffective|p1a: Ursaluna\n|-damage|p1a: Ursaluna|0 fnt\n|faint|p1a: Ursaluna\n|-damage|p2b: Cinderace|32/265|[from] item: Life Orb\n|\n|win|mashing a\n|raw|Kiquemo's rating: 1713 &rarr; <strong>1696</strong><br />(-17 for losing)\n|raw|mashing a's rating: 1767 &rarr; <strong>1784</strong><br />(+17 for winning)\n|l|☆Kiquemo\n|player|p1|\n", "inputlog": ">version ccdc32dd7cde25fd9e4bed64820e885f66e78a4e\n>start {\"formatid\":\"gen9randomdoublesbattle\",\"seed\":\"sodium,605704606f3a4ba529e760dbe3fe245e\",\"rated\":\"Rated battle\"}\n>player p1 {\"name\":\"Kiquemo\",\"avatar\":\"102\",\"rating\":1713,\"seed\":\"sodium,8026fd230fe968a5df0460da88c3bf16\"}\n>player p2 {\"name\":\"mashing a\",\"avatar\":\"170\",\"rating\":1767,\"seed\":\"sodium,ff045dcbd52a41fc038f809fe754a684\"}\n>p1 move headlongrush +1, move thunderbolt +2\n>p2 move fakeout +1, move protect\n>p1 switch 3, move nastyplot\n>p2 move gigatonhammer +1, move scald +1\n>p1 move tailwind, move thunderbolt +1\n>p2 move stealthrock, move icywind terastallize\n>p1 move hypervoice, move thunderbolt +1\n>p2 switch 3, move protect\n>p1 switch 4, pass\n>p1 move stompingtantrum +2, move thunderbolt +2\n>p2 move flashcannon +1, move icywind\n>p1 move stompingtantrum +1, move thunderbolt +2\n>p2 move flashcannon +1, move protect\n>p2 switch 3, pass\n>p1 move protect, move thunderbolt +1\n>p2 move fakeout +1, move icywind\n>p2 switch 4, pass\n>p1 move ironhead +2, switch 5\n>p2 move aquajet +1, move scald +2\n>p1 switch 5, pass\n>p1 move protect, move icepunch +2\n>p2 move aquajet +1, move recover\n>p1 move terablast +1, move wildcharge +1\n>p2 move aquajet +1, move recover\n>p1 switch 3, pass\n>p1 move earthquake terastallize, move wildcharge +1\n>p2 move aquajet +2, move scald +1\n>p1 pass, switch 6\n>p2 switch 5, pass\n>p1 move facade +1, move dragondarts +2\n>p2 move protect, move icywind\n>p2 pass, switch 6\n>p1 move protect, move dragondarts +2\n>p2 move knockoff +2, move highjumpkick +1\n>p1 move earthquake, pass\n>p2 move closecombat +1, move highjumpkick +1", "uploadtime": 1770842307, "views": 69, "formatid": "gen9randomdoublesbattle", "rating": 1696, "private": 0, "password": null}