{"id": "gen9randomdoublesbattle-2540017307", "format": "[Gen 9] Random Doubles Battle", "players": ["caoscontrol", "malih01"], "log": "|j|☆caoscontrol\n|j|☆malih01\n|t:|1771145549\n|gametype|doubles\n|player|p1|caoscontrol|2|1692\n|player|p2|malih01|hilda|1793\n|gen|9\n|tier|[Gen 9] Random Doubles Battle\n|rated|\n|rule|Species Clause: Limit one of each Pokémon\n|rule|HP Percentage Mod: HP is shown in percentages\n|rule|Illusion Level Mod: Illusion disguises the Pokémon's true level\n|rule|Sleep Clause Mod: Limit one foe put to sleep\n|\n|t:|1771145549\n|teamsize|p1|6\n|teamsize|p2|6\n|start\n|switch|p1a: Arceus|Arceus-Dark, L73|296/296\n|switch|p1b: Frosmoth|Frosmoth, L86, M|261/261\n|switch|p2a: Flareon|Flareon, L90, F|263/263\n|switch|p2b: Vileplume|Vileplume, L89, F|278/278\n|turn|1\n|inactive|Battle timer is ON: inactive players will automatically lose when time's up. (requested by caoscontrol)\n|inactive|caoscontrol has 120 seconds left.\n|\n|t:|1771145584\n|move|p1a: Arceus|Tailwind|p1a: Arceus\n|-sidestart|p1: caoscontrol|move: Tailwind\n|move|p1b: Frosmoth|Ice Beam|p2b: Vileplume\n|-supereffective|p2b: Vileplume\n|-damage|p2b: Vileplume|50/278\n|-enditem|p2b: Vileplume|Sitrus Berry|[eat]\n|-heal|p2b: Vileplume|119/278|[from] item: Sitrus Berry\n|move|p2a: Flareon|Flare Blitz|p1b: Frosmoth\n|-supereffective|p1b: Frosmoth\n|-damage|p1b: Frosmoth|0 fnt\n|faint|p1b: Frosmoth\n|-damage|p2a: Flareon|177/263|[from] Recoil\n|move|p2b: Vileplume|Stun Spore|p1a: Arceus|[miss]\n|-miss|p2b: Vileplume|p1a: Arceus\n|\n|-status|p2a: Flareon|tox|[from] item: Toxic Orb\n|upkeep\n|\n|t:|1771145593\n|switch|p1b: Inteleon|Inteleon, L78, F|237/237\n|turn|2\n|\n|t:|1771145619\n|move|p2a: Flareon|Protect|p2a: Flareon\n|-singleturn|p2a: Flareon|Protect\n|move|p1b: Inteleon|Muddy Water|p2b: Vileplume|[spread] p2b\n|-activate|p2a: Flareon|move: Protect\n|-resisted|p2b: Vileplume\n|-damage|p2b: Vileplume|69/278\n|-unboost|p2b: Vileplume|accuracy|1\n|move|p1a: Arceus|Judgment|p2b: Vileplume\n|-damage|p2b: Vileplume|0 fnt\n|faint|p2b: Vileplume\n|\n|-damage|p2a: Flareon|161/263 tox|[from] psn\n|upkeep\n|inactive|malih01 has 120 seconds left.\n|\n|t:|1771145639\n|switch|p2b: Noctowl|Noctowl, L91, F|330/330\n|turn|3\n|\n|t:|1771145648\n|move|p2a: Flareon|Quick Attack|p1b: Inteleon\n|-damage|p1b: Inteleon|152/237\n|move|p1b: Inteleon|Muddy Water|p2b: Noctowl|[spread] p2a,p2b\n|-supereffective|p2a: Flareon\n|-damage|p2a: Flareon|0 fnt\n|-damage|p2b: Noctowl|234/330\n|-unboost|p2b: Noctowl|accuracy|1\n|faint|p2a: Flareon\n|move|p1a: Arceus|Judgment|p2b: Noctowl\n|-damage|p2b: Noctowl|125/330\n|move|p2b: Noctowl|Tailwind|p2b: Noctowl\n|-sidestart|p2: malih01|move: Tailwind\n|\n|upkeep\n|inactive|malih01 has 120 seconds left.\n|\n|t:|1771145672\n|switch|p2a: Shaymin|Shaymin, L81|295/295\n|turn|4\n|\n|t:|1771145685\n|move|p1b: Inteleon|Muddy Water|p2b: Noctowl|[spread] p2a,p2b\n|-resisted|p2a: Shaymin\n|-damage|p2a: Shaymin|246/295\n|-damage|p2b: Noctowl|23/330\n|move|p1a: Arceus|Gunk Shot|p2a: Shaymin\n|-supereffective|p2a: Shaymin\n|-damage|p2a: Shaymin|112/295\n|-enditem|p2a: Shaymin|Sitrus Berry|[eat]\n|-heal|p2a: Shaymin|185/295|[from] item: Sitrus Berry\n|move|p2a: Shaymin|Seed Flare|p1b: Inteleon|[miss]\n|-miss|p2a: Shaymin|p1b: Inteleon\n|move|p2b: Noctowl|Hyper Voice|p1b: Inteleon|[spread] p1a,p1b\n|-damage|p1a: Arceus|205/296\n|-damage|p1b: Inteleon|23/237\n|-damage|p2b: Noctowl|0 fnt|[from] item: Life Orb\n|faint|p2b: Noctowl\n|\n|-sideend|p1: caoscontrol|move: Tailwind\n|upkeep\n|inactive|malih01 has 120 seconds left.\n|\n|t:|1771145706\n|switch|p2b: Kyogre|Kyogre, L65|238/238\n|-weather|RainDance|[from] ability: Drizzle|[of] p2b: Kyogre\n|turn|5\n|\n|t:|1771145735\n|switch|p1a: Dipplin|Dipplin, L92, M|297/297\n|move|p2b: Kyogre|Water Spout|p1b: Inteleon|[spread] p1a,p1b\n|-resisted|p1a: Dipplin\n|-resisted|p1b: Inteleon\n|-damage|p1a: Dipplin|271/297\n|-damage|p1b: Inteleon|0 fnt\n|faint|p1b: Inteleon\n|move|p2a: Shaymin|Seed Flare|p1a: Dipplin\n|-resisted|p1a: Dipplin\n|-crit|p1a: Dipplin\n|-damage|p1a: Dipplin|242/297\n|-unboost|p1a: Dipplin|spd|2\n|\n|-weather|RainDance|[upkeep]\n|upkeep\n|\n|t:|1771145745\n|switch|p1b: Muk|Muk, L86, M|321/321\n|turn|6\n|\n|t:|1771145761\n|-terastallize|p2a: Shaymin|Steel\n|move|p1b: Muk|Shadow Sneak|p2b: Kyogre\n|-damage|p2b: Kyogre|198/238\n|move|p2b: Kyogre|Water Spout|p1b: Muk|[spread] p1a,p1b\n|-resisted|p1a: Dipplin\n|-damage|p1a: Dipplin|198/297\n|-damage|p1b: Muk|212/321\n|move|p2a: Shaymin|Earth Power|p1b: Muk\n|-supereffective|p1b: Muk\n|-damage|p1b: Muk|94/321\n|-enditem|p1b: Muk|Sitrus Berry|[eat]\n|-heal|p1b: Muk|174/321|[from] item: Sitrus Berry\n|move|p1a: Dipplin|Syrup Bomb|p2b: Kyogre\n|-supereffective|p2b: Kyogre\n|-damage|p2b: Kyogre|60/238\n|-start|p2b: Kyogre|Syrup Bomb\n|\n|-weather|RainDance|[upkeep]\n|-unboost|p2b: Kyogre|spe|1\n|-sideend|p2: malih01|move: Tailwind\n|upkeep\n|turn|7\n|\n|t:|1771145783\n|switch|p2b: Kyurem|Kyurem-Black, L75|311/311\n|-ability|p2b: Kyurem|Teravolt\n|move|p2a: Shaymin|Tailwind|p2a: Shaymin\n|-sidestart|p2: malih01|move: Tailwind\n|move|p1b: Muk|Knock Off|p2a: Shaymin\n|-damage|p2a: Shaymin|139/295\n|move|p1a: Dipplin|Syrup Bomb|p2a: Shaymin\n|-resisted|p2a: Shaymin\n|-damage|p2a: Shaymin|104/295\n|-start|p2a: Shaymin|Syrup Bomb\n|\n|-weather|RainDance|[upkeep]\n|-unboost|p2a: Shaymin|spe|1\n|upkeep\n|turn|8\n|inactive|caoscontrol has 120 seconds left.\n|\n|t:|1771145822\n|move|p2b: Kyurem|Icicle Spear|p1a: Dipplin\n|-supereffective|p1a: Dipplin\n|-damage|p1a: Dipplin|126/297\n|-supereffective|p1a: Dipplin\n|-damage|p1a: Dipplin|50/297\n|-supereffective|p1a: Dipplin\n|-damage|p1a: Dipplin|0 fnt\n|faint|p1a: Dipplin\n|-hitcount|p1: Dipplin|3\n|-end|p2a: Shaymin|Syrup Bomb|[silent]\n|move|p2a: Shaymin|Earth Power|p1b: Muk\n|-supereffective|p1b: Muk\n|-damage|p1b: Muk|66/321\n|move|p1b: Muk|Knock Off|p2b: Kyurem\n|-damage|p2b: Kyurem|234/311\n|-enditem|p2b: Kyurem|Clear Amulet|[from] move: Knock Off|[of] p1b: Muk\n|\n|-weather|RainDance|[upkeep]\n|upkeep\n|inactive|caoscontrol has 120 seconds left.\n|\n|t:|1771145828\n|switch|p1a: Arceus|Arceus-Dark, L73|205/296\n|turn|9\n|\n|t:|1771145852\n|-terastallize|p1a: Arceus|Poison\n|move|p2b: Kyurem|Fusion Bolt|p1a: Arceus\n|-damage|p1a: Arceus|117/296\n|move|p2a: Shaymin|Seed Flare|p1a: Arceus\n|-resisted|p1a: Arceus\n|-damage|p1a: Arceus|66/296\n|-unboost|p1a: Arceus|spd|2\n|move|p1a: Arceus|Tailwind|p1a: Arceus\n|-sidestart|p1: caoscontrol|move: Tailwind\n|move|p1b: Muk|Poison Jab|p2b: Kyurem\n|-damage|p2b: Kyurem|134/311\n|\n|-weather|none\n|upkeep\n|turn|10\n|\n|t:|1771145873\n|switch|p1a: Kyurem|Kyurem, L77|319/319\n|-ability|p1a: Kyurem|Pressure\n|move|p2b: Kyurem|Protect|p2b: Kyurem\n|-singleturn|p2b: Kyurem|Protect\n|move|p2a: Shaymin|Earth Power|p1a: Kyurem\n|-damage|p1a: Kyurem|256/319\n|-unboost|p1a: Kyurem|spd|1\n|move|p1b: Muk|Poison Jab|p2b: Kyurem\n|-activate|p2b: Kyurem|move: Protect\n|\n|-sideend|p2: malih01|move: Tailwind\n|upkeep\n|turn|11\n|\n|t:|1771145894\n|move|p1a: Kyurem|Earth Power|p2a: Shaymin\n|-supereffective|p2a: Shaymin\n|-damage|p2a: Shaymin|0 fnt\n|faint|p2a: Shaymin\n|-damage|p1a: Kyurem|225/319|[from] item: Life Orb\n|move|p1b: Muk|Poison Jab|p2b: Kyurem\n|-damage|p2b: Kyurem|44/311\n|-status|p2b: Kyurem|psn\n|move|p2b: Kyurem|Dragon Dance|p2b: Kyurem\n|-boost|p2b: Kyurem|atk|1\n|-boost|p2b: Kyurem|spe|1\n|\n|-damage|p2b: Kyurem|6/311 psn|[from] psn\n|upkeep\n|\n|t:|1771145909\n|switch|p2a: Kyogre|Kyogre, L65|60/238\n|-weather|RainDance|[from] ability: Drizzle|[of] p2a: Kyogre\n|turn|12\n|\n|t:|1771145918\n|move|p2b: Kyurem|Protect|p2b: Kyurem\n|-singleturn|p2b: Kyurem|Protect\n|move|p1b: Muk|Shadow Sneak|p2b: Kyurem\n|-activate|p2b: Kyurem|move: Protect\n|move|p1a: Kyurem|Earth Power|p2a: Kyogre\n|-damage|p2a: Kyogre|0 fnt\n|faint|p2a: Kyogre\n|-damage|p1a: Kyurem|194/319|[from] item: Life Orb\n|\n|-weather|RainDance|[upkeep]\n|-damage|p2b: Kyurem|0 fnt|[from] psn\n|faint|p2b: Kyurem\n|\n|win|caoscontrol\n|raw|caoscontrol's rating: 1692 &rarr; <strong>1718</strong><br />(+26 for winning)\n|raw|malih01's rating: 1793 &rarr; <strong>1767</strong><br />(-26 for losing)\n|l|☆malih01\n|player|p2|\n|c|☆caoscontrol|gg wp\n", "inputlog": ">version 686819e5e19f8a7fd2345cfc5a08a5085efa2cc3\n>start {\"formatid\":\"gen9randomdoublesbattle\",\"seed\":\"sodium,332a02e9a9e8af3082c0a41380debfca\",\"rated\":\"Rated battle\"}\n>player p1 {\"name\":\"caoscontrol\",\"avatar\":\"2\",\"rating\":1692,\"seed\":\"sodium,e733df9421038ae034eec3fdffab9749\"}\n>player p2 {\"name\":\"malih01\",\"avatar\":\"hilda\",\"rating\":1793,\"seed\":\"sodium,34d391a2c5b32c34add5e916418a6e1f\"}\n>p1 move tailwind, move icebeam +2\n>p2 move flareblitz +2, move stunspore +1\n>p1 pass, switch 5\n>p1 move judgment +2, move muddywater\n>p2 move protect, move strengthsap +1\n>p2 pass, switch 5\n>p1 move judgment +2, move muddywater\n>p2 move quickattack +2, move tailwind\n>p2 switch 6, pass\n>p1 move gunkshot +1, move muddywater\n>p2 move seedflare +2, move hypervoice\n>p2 pass, switch 3\n>p1 switch 4, move muddywater\n>p2 move seedflare +1, move waterspout\n>p1 pass, switch 3\n>p1 move syrupbomb +2, move shadowsneak +2\n>p2 move earthpower +2 terastallize, move waterspout\n>p1 move syrupbomb +1, move knockoff +1\n>p2 move tailwind, switch 4\n>p1 move syrupbomb +2, move knockoff +2\n>p2 move earthpower +2, move iciclespear +1\n>p1 switch 4, pass\n>p1 move tailwind terastallize, move poisonjab +2\n>p2 move seedflare +1, move fusionbolt +1\n>p1 switch 6, move poisonjab +2\n>p2 move earthpower +1, move protect\n>p1 move earthpower +1, move poisonjab +2\n>p2 move tailwind, move dragondance\n>p2 switch 4, pass\n>p1 move earthpower +1, move shadowsneak +2\n>p2 move originpulse, move protect", "uploadtime": 1771145943, "views": 70, "formatid": "gen9randomdoublesbattle", "rating": 1718, "private": 0, "password": null}