{"id": "gen9randomdoublesbattle-2534197460", "format": "[Gen 9] Random Doubles Battle", "players": ["Jenome", "DarrowAndro"], "log": "|j|☆Jenome\n|j|☆DarrowAndro\n|t:|1770396893\n|gametype|doubles\n|player|p1|Jenome|gentleman-gen4|1812\n|player|p2|DarrowAndro|170|1733\n|gen|9\n|tier|[Gen 9] Random Doubles Battle\n|rated|\n|rule|Species Clause: Limit one of each Pokémon\n|rule|HP Percentage Mod: HP is shown in percentages\n|rule|Illusion Level Mod: Illusion disguises the Pokémon's true level\n|rule|Sleep Clause Mod: Limit one foe put to sleep\n|\n|t:|1770396893\n|teamsize|p1|6\n|teamsize|p2|6\n|start\n|switch|p1a: Diancie|Diancie, L77|204/204\n|switch|p1b: Kommo-o|Kommo-o, L79, M|248/248\n|switch|p2a: Noivern|Noivern, L84, M|280/280\n|switch|p2b: Blissey|Blissey, L96, F|645/645\n|-item|p1a: Diancie|Sitrus Berry|[from] ability: Frisk|[of] p2a: Noivern\n|-item|p1b: Kommo-o|Throat Spray|[from] ability: Frisk|[of] p2a: Noivern\n|turn|1\n|inactive|Battle timer is ON: inactive players will automatically lose when time's up. (requested by DarrowAndro)\n|\n|t:|1770396912\n|switch|p2b: Jirachi|Jirachi, L80|291/291\n|move|p1b: Kommo-o|Protect|p1b: Kommo-o\n|-singleturn|p1b: Kommo-o|Protect\n|move|p2a: Noivern|Hurricane|p1b: Kommo-o\n|-activate|p1b: Kommo-o|move: Protect\n|move|p1a: Diancie|Diamond Storm|p2a: Noivern|[spread] p2a\n|-miss|p1a: Diancie|p2b: Jirachi\n|-supereffective|p2a: Noivern\n|-damage|p2a: Noivern|130/280\n|-boost|p1a: Diancie|def|2\n|\n|upkeep\n|turn|2\n|inactive|DarrowAndro has 120 seconds left.\n|\n|t:|1770396972\n|switch|p1b: Gyarados|Gyarados, L80, M|283/283\n|-ability|p1b: Gyarados|Intimidate|boost\n|-unboost|p2a: Noivern|atk|1\n|-unboost|p2b: Jirachi|atk|1\n|move|p2a: Noivern|Hurricane|p1b: Gyarados|[miss]\n|-miss|p2a: Noivern|p1b: Gyarados\n|move|p2b: Jirachi|Iron Head|p1a: Diancie\n|-supereffective|p1a: Diancie\n|-damage|p1a: Diancie|120/204\n|move|p1a: Diancie|Trick Room|p1a: Diancie\n|-fieldstart|move: Trick Room|[of] p1a: Diancie\n|\n|upkeep\n|turn|3\n|\n|t:|1770396992\n|switch|p2a: Lurantis|Lurantis, L85, M|258/258\n|move|p1a: Diancie|Diamond Storm|p2b: Jirachi|[spread] p2a,p2b\n|-resisted|p2b: Jirachi\n|-damage|p2a: Lurantis|189/258\n|-damage|p2b: Jirachi|259/291\n|-boost|p1a: Diancie|def|2\n|move|p1b: Gyarados|Waterfall|p2b: Jirachi\n|-damage|p2b: Jirachi|169/291\n|move|p2b: Jirachi|Thunder Wave|p1b: Gyarados\n|-status|p1b: Gyarados|par\n|\n|upkeep\n|turn|4\n|inactive|DarrowAndro has 120 seconds left.\n|\n|t:|1770397018\n|-terastallize|p1a: Diancie|Fighting\n|move|p1a: Diancie|Body Press|p2a: Lurantis\n|-damage|p2a: Lurantis|0 fnt\n|faint|p2a: Lurantis\n|cant|p1b: Gyarados|par\n|move|p2b: Jirachi|Iron Head|p1a: Diancie\n|-damage|p1a: Diancie|107/204\n|\n|upkeep\n|inactive|DarrowAndro has 90 seconds left.\n|\n|t:|1770397035\n|switch|p2a: Breloom|Breloom, L84, F|238/238\n|turn|5\n|\n|t:|1770397047\n|switch|p1b: Magcargo|Magcargo, L93, M|262/262\n|move|p1a: Diancie|Body Press|p2a: Breloom\n|-damage|p2a: Breloom|0 fnt\n|faint|p2a: Breloom\n|move|p2b: Jirachi|Thunder Wave|p1a: Diancie\n|-status|p1a: Diancie|par\n|\n|upkeep\n|\n|t:|1770397059\n|switch|p2a: Iron Bundle|Iron Bundle, L78|215/215\n|-enditem|p2a: Iron Bundle|Booster Energy\n|-activate|p2a: Iron Bundle|ability: Quark Drive|[fromitem]\n|-start|p2a: Iron Bundle|quarkdrivespe\n|turn|6\n|\n|t:|1770397067\n|move|p2a: Iron Bundle|Protect|p2a: Iron Bundle\n|-singleturn|p2a: Iron Bundle|Protect\n|move|p1a: Diancie|Body Press|p2a: Iron Bundle\n|-activate|p2a: Iron Bundle|move: Protect\n|move|p1b: Magcargo|Shell Smash|p1b: Magcargo\n|-unboost|p1b: Magcargo|def|1\n|-unboost|p1b: Magcargo|spd|1\n|-boost|p1b: Magcargo|atk|2\n|-boost|p1b: Magcargo|spa|2\n|-boost|p1b: Magcargo|spe|2\n|move|p2b: Jirachi|Iron Head|p1a: Diancie\n|-damage|p1a: Diancie|94/204 par\n|-enditem|p1a: Diancie|Sitrus Berry|[eat]\n|-heal|p1a: Diancie|145/204 par|[from] item: Sitrus Berry\n|\n|-fieldend|move: Trick Room\n|upkeep\n|turn|7\n|inactive|DarrowAndro has 120 seconds left.\n|\n|t:|1770397112\n|move|p2a: Iron Bundle|Hydro Pump|p1b: Magcargo|[miss]\n|-miss|p2a: Iron Bundle|p1b: Magcargo\n|move|p1b: Magcargo|Power Gem|p2a: Iron Bundle\n|-supereffective|p2a: Iron Bundle\n|-damage|p2a: Iron Bundle|0 fnt\n|faint|p2a: Iron Bundle\n|-end|p2a: Iron Bundle|Quark Drive|[silent]\n|-damage|p1b: Magcargo|236/262|[from] item: Life Orb\n|move|p2b: Jirachi|Iron Head|p1a: Diancie\n|-damage|p1a: Diancie|130/204 par\n|cant|p1a: Diancie|par\n|\n|upkeep\n|-message|DarrowAndro forfeited.\n|\n|win|Jenome\n|raw|Jenome's rating: 1812 &rarr; <strong>1828</strong><br />(+16 for winning)\n|raw|DarrowAndro's rating: 1733 &rarr; <strong>1717</strong><br />(-16 for losing)\n|l|☆DarrowAndro\n|player|p2|\n", "inputlog": ">version ccdc32dd7cde25fd9e4bed64820e885f66e78a4e\n>start {\"formatid\":\"gen9randomdoublesbattle\",\"seed\":\"sodium,bbd0a49ebdf72ae4dbac7b7a61300981\",\"rated\":\"Rated battle\"}\n>player p1 {\"name\":\"Jenome\",\"avatar\":\"gentleman-gen4\",\"rating\":1812,\"seed\":\"sodium,489cde819b85e16da1175530e7805c2e\"}\n>player p2 {\"name\":\"DarrowAndro\",\"avatar\":\"170\",\"rating\":1733,\"seed\":\"sodium,a45407ef214e305e1bfe9519fecedc7d\"}\n>p1 move diamondstorm, move protect\n>p2 move hurricane +2, switch 5\n>p1 move trickroom, switch 6\n>p2 move hurricane +2, move ironhead +1\n>p1 move diamondstorm, move waterfall +2\n>p2 switch 6, move thunderwave +2\n>p1 move bodypress +1 terastallize, move dragondance\n>p2 move superpower +1, move ironhead +1\n>p2 switch 3, pass\n>p1 move bodypress +1, switch 4\n>p2 move spore +1, move thunderwave +1\n>p2 switch 4, pass\n>p1 move bodypress +1, move shellsmash\n>p2 move protect, move ironhead +1\n>p1 move bodypress +1, move powergem +1\n>p2 move hydropump +2, move ironhead +1\n>forcelose p2", "uploadtime": 1770397123, "views": 87, "formatid": "gen9randomdoublesbattle", "rating": 1717, "private": 0, "password": null}