{"id": "gen9randomdoublesbattle-2534453466", "format": "[Gen 9] Random Doubles Battle", "players": ["giordy1717", "mashing a"], "log": "|j|☆giordy1717\n|j|☆mashing a\n|t:|1770422909\n|gametype|doubles\n|player|p1|giordy1717|skyla|1559\n|player|p2|mashing a|169|1610\n|gen|9\n|tier|[Gen 9] Random Doubles Battle\n|rated|\n|rule|Species Clause: Limit one of each Pokémon\n|rule|HP Percentage Mod: HP is shown in percentages\n|rule|Illusion Level Mod: Illusion disguises the Pokémon's true level\n|rule|Sleep Clause Mod: Limit one foe put to sleep\n|\n|t:|1770422909\n|teamsize|p1|6\n|teamsize|p2|6\n|start\n|switch|p1a: Probopass|Probopass, L90, M|254/254\n|switch|p1b: Toxicroak|Toxicroak, L85, F|280/280\n|switch|p2a: Carbink|Carbink, L88|231/231\n|switch|p2b: Mightyena|Mightyena, L95, F|287/287\n|-ability|p2b: Mightyena|Intimidate|boost\n|-unboost|p1a: Probopass|atk|1\n|-unboost|p1b: Toxicroak|atk|1\n|turn|1\n|inactive|Battle timer is ON: inactive players will automatically lose when time's up. (requested by mashing a)\n|inactive|giordy1717 has 120 seconds left.\n|inactive|mashing a has 120 seconds left.\n|inactive|mashing a has 90 seconds left.\n|\n|t:|1770422970\n|switch|p2b: Venomoth|Venomoth, L90, F|272/272\n|switch|p1a: Mudsdale|Mudsdale, L84, M|305/305\n|move|p1b: Toxicroak|Swords Dance|p1b: Toxicroak\n|-boost|p1b: Toxicroak|atk|2\n|move|p2a: Carbink|Iron Defense|p2a: Carbink\n|-boost|p2a: Carbink|def|2\n|\n|upkeep\n|turn|2\n|\n|t:|1770423000\n|move|p2b: Venomoth|Sleep Powder|p1b: Toxicroak|[miss]\n|-miss|p2b: Venomoth|p1b: Toxicroak\n|move|p1b: Toxicroak|Swords Dance|p1b: Toxicroak\n|-boost|p1b: Toxicroak|atk|2\n|move|p1a: Mudsdale|Heavy Slam|p2a: Carbink\n|-supereffective|p2a: Carbink\n|-damage|p2a: Carbink|95/231\n|move|p2a: Carbink|Iron Defense|p2a: Carbink\n|-boost|p2a: Carbink|def|2\n|\n|-heal|p2a: Carbink|109/231|[from] item: Leftovers\n|upkeep\n|turn|3\n|\n|t:|1770423018\n|move|p1b: Toxicroak|Sucker Punch||[still]\n|-fail|p1b: Toxicroak\n|move|p2b: Venomoth|Sleep Powder|p1b: Toxicroak\n|-status|p1b: Toxicroak|slp|[from] move: Sleep Powder\n|move|p1a: Mudsdale|Heavy Slam|p2a: Carbink\n|-supereffective|p2a: Carbink\n|-damage|p2a: Carbink|13/231\n|move|p2a: Carbink|Iron Defense|p2a: Carbink\n|-boost|p2a: Carbink|def|2\n|\n|-heal|p2a: Carbink|27/231|[from] item: Leftovers\n|upkeep\n|turn|4\n|\n|t:|1770423048\n|switch|p2b: Spidops|Spidops, F|282/282\n|cant|p1b: Toxicroak|slp\n|move|p1a: Mudsdale|Heavy Slam|p2a: Carbink\n|-supereffective|p2a: Carbink\n|-damage|p2a: Carbink|0 fnt\n|faint|p2a: Carbink\n|\n|upkeep\n|inactive|mashing a has 120 seconds left.\n|\n|t:|1770423074\n|switch|p2a: Armarouge|Armarouge, L80, M|267/267\n|turn|5\n|inactive|mashing a has 120 seconds left.\n|\n|t:|1770423092\n|-terastallize|p1b: Toxicroak|Dark\n|-terastallize|p2a: Armarouge|Grass\n|-curestatus|p1b: Toxicroak|slp|[msg]\n|move|p1b: Toxicroak|Sucker Punch|p2a: Armarouge\n|-crit|p2a: Armarouge\n|-damage|p2a: Armarouge|0 fnt\n|faint|p2a: Armarouge\n|-damage|p1b: Toxicroak|252/280|[from] item: Life Orb\n|move|p2b: Spidops|Sticky Web|p1a: Mudsdale\n|-sidestart|p1: giordy1717|move: Sticky Web\n|move|p1a: Mudsdale|Heavy Slam|p2b: Spidops\n|-damage|p2b: Spidops|199/282\n|\n|upkeep\n|\n|t:|1770423100\n|switch|p2a: Venomoth|Venomoth, L90, F|272/272\n|turn|6\n|\n|t:|1770423122\n|move|p2a: Venomoth|Bug Buzz|p1b: Toxicroak\n|-supereffective|p1b: Toxicroak\n|-damage|p1b: Toxicroak|0 fnt\n|faint|p1b: Toxicroak\n|-damage|p2a: Venomoth|245/272|[from] item: Life Orb\n|move|p2b: Spidops|Lunge|p1a: Mudsdale\n|-damage|p1a: Mudsdale|209/305\n|-unboost|p1a: Mudsdale|atk|1\n|-ability|p1a: Mudsdale|Stamina|boost\n|-boost|p1a: Mudsdale|def|1\n|move|p1a: Mudsdale|High Horsepower|p2a: Venomoth\n|-damage|p2a: Venomoth|152/272\n|\n|upkeep\n|inactive|giordy1717 has 120 seconds left.\n|\n|t:|1770423146\n|switch|p1b: Probopass|Probopass, L90, M|254/254\n|-activate|p1b: Probopass|move: Sticky Web\n|-unboost|p1b: Probopass|spe|1\n|turn|7\n|\n|t:|1770423161\n|switch|p1a: Appletun|Appletun, L92, M|352/352\n|-activate|p1a: Appletun|move: Sticky Web\n|-unboost|p1a: Appletun|spe|1\n|move|p2a: Venomoth|Sleep Powder|p1a: Appletun\n|-immune|p1a: Appletun\n|move|p1b: Probopass|Power Gem|p2a: Venomoth\n|-supereffective|p2a: Venomoth\n|-damage|p2a: Venomoth|0 fnt\n|faint|p2a: Venomoth\n|move|p2b: Spidops|Circle Throw|p1b: Probopass\n|-supereffective|p1b: Probopass\n|-damage|p1b: Probopass|126/254\n|drag|p1b: Sandy Shocks|Sandy Shocks, L79|264/264\n|-activate|p1b: Sandy Shocks|move: Sticky Web\n|-unboost|p1b: Sandy Shocks|spe|1\n|-enditem|p1b: Sandy Shocks|Booster Energy\n|-activate|p1b: Sandy Shocks|ability: Protosynthesis|[fromitem]\n|-start|p1b: Sandy Shocks|protosynthesisspa\n|\n|upkeep\n|inactive|mashing a has 120 seconds left.\n|\n|t:|1770423204\n|switch|p2a: Mightyena|Mightyena, L95, F|287/287\n|-ability|p2a: Mightyena|Intimidate|boost\n|-unboost|p1a: Appletun|atk|1\n|-unboost|p1b: Sandy Shocks|atk|1\n|turn|8\n|inactive|mashing a has 120 seconds left.\n|\n|t:|1770423228\n|move|p2a: Mightyena|Crunch|p1b: Sandy Shocks\n|-damage|p1b: Sandy Shocks|138/264\n|-damage|p2a: Mightyena|259/287|[from] item: Life Orb\n|move|p1b: Sandy Shocks|Thunderbolt|p2b: Spidops\n|-damage|p2b: Spidops|91/282\n|-enditem|p2b: Spidops|Sitrus Berry|[eat]\n|-heal|p2b: Spidops|161/282|[from] item: Sitrus Berry\n|move|p2b: Spidops|U-turn|p1a: Appletun\n|-supereffective|p1a: Appletun\n|-damage|p1a: Appletun|182/352\n|\n|t:|1770423238\n|switch|p2b: Kingambit|Kingambit, L77, F|281/281|[from] U-turn\n|move|p1a: Appletun|Apple Acid|p2b: Kingambit\n|-resisted|p2b: Kingambit\n|-damage|p2b: Kingambit|245/281\n|-unboost|p2b: Kingambit|spd|1\n|-ability|p2b: Kingambit|Defiant|boost\n|-boost|p2b: Kingambit|atk|2\n|\n|upkeep\n|turn|9\n|inactive|mashing a has 120 seconds left.\n|\n|t:|1770423267\n|move|p2b: Kingambit|Sucker Punch|p1b: Sandy Shocks\n|-crit|p1b: Sandy Shocks\n|-damage|p1b: Sandy Shocks|0 fnt\n|faint|p1b: Sandy Shocks\n|-end|p1b: Sandy Shocks|Protosynthesis|[silent]\n|move|p2a: Mightyena|Howl|p2a: Mightyena|[spread] p2a,p2b\n|-boost|p2a: Mightyena|atk|1\n|-boost|p2b: Kingambit|atk|1\n|move|p1a: Appletun|Apple Acid|p2b: Kingambit\n|-resisted|p2b: Kingambit\n|-damage|p2b: Kingambit|191/281\n|-unboost|p2b: Kingambit|spd|1\n|-ability|p2b: Kingambit|Defiant|boost\n|-boost|p2b: Kingambit|atk|2\n|\n|upkeep\n|inactive|giordy1717 has 120 seconds left.\n|\n|t:|1770423288\n|switch|p1b: Mudsdale|Mudsdale, L84, M|209/305\n|-activate|p1b: Mudsdale|move: Sticky Web\n|-unboost|p1b: Mudsdale|spe|1\n|turn|10\n|\n|t:|1770423298\n|move|p2a: Mightyena|Crunch|p1a: Appletun\n|-damage|p1a: Appletun|0 fnt\n|faint|p1a: Appletun\n|-damage|p2a: Mightyena|231/287|[from] item: Life Orb\n|move|p2b: Kingambit|Kowtow Cleave|p1b: Mudsdale\n|-damage|p1b: Mudsdale|0 fnt\n|faint|p1b: Mudsdale\n|\n|upkeep\n|\n|t:|1770423310\n|switch|p1a: Poliwrath|Poliwrath, L90, F|308/308\n|switch|p1b: Probopass|Probopass, L90, M|126/254\n|-activate|p1a: Poliwrath|move: Sticky Web\n|-unboost|p1a: Poliwrath|spe|1\n|-activate|p1b: Probopass|move: Sticky Web\n|-unboost|p1b: Probopass|spe|1\n|turn|11\n|inactive|mashing a has 120 seconds left.\n|\n|t:|1770423349\n|move|p2a: Mightyena|Play Rough|p1a: Poliwrath\n|-supereffective|p1a: Poliwrath\n|-damage|p1a: Poliwrath|58/308\n|-enditem|p1a: Poliwrath|Sitrus Berry|[eat]\n|-heal|p1a: Poliwrath|135/308|[from] item: Sitrus Berry\n|-damage|p2a: Mightyena|203/287|[from] item: Life Orb\n|move|p2b: Kingambit|Kowtow Cleave|p1b: Probopass\n|-damage|p1b: Probopass|0 fnt\n|faint|p1b: Probopass\n|move|p1a: Poliwrath|Close Combat|p2b: Kingambit\n|-supereffective|p2b: Kingambit\n|-damage|p2b: Kingambit|0 fnt\n|-unboost|p1a: Poliwrath|def|1\n|-unboost|p1a: Poliwrath|spd|1\n|faint|p2b: Kingambit\n|\n|upkeep\n|\n|t:|1770423360\n|switch|p2b: Spidops|Spidops, F|161/282\n|turn|12\n|\n|t:|1770423370\n|move|p2a: Mightyena|Play Rough|p1a: Poliwrath\n|-supereffective|p1a: Poliwrath\n|-damage|p1a: Poliwrath|0 fnt\n|faint|p1a: Poliwrath\n|-damage|p2a: Mightyena|175/287|[from] item: Life Orb\n|\n|win|mashing a\n|raw|giordy1717's rating: 1559 &rarr; <strong>1542</strong><br />(-17 for losing)\n|raw|mashing a's rating: 1610 &rarr; <strong>1627</strong><br />(+17 for winning)\n", "inputlog": ">version ccdc32dd7cde25fd9e4bed64820e885f66e78a4e\n>start {\"formatid\":\"gen9randomdoublesbattle\",\"seed\":\"sodium,805cfe0887bb7c3e570e65fcf5b456c9\",\"rated\":\"Rated battle\"}\n>player p1 {\"name\":\"giordy1717\",\"avatar\":\"skyla\",\"rating\":1559,\"seed\":\"sodium,5c33e06e93b584cd24cbf7186dc00d07\"}\n>player p2 {\"name\":\"mashing a\",\"avatar\":\"169\",\"rating\":1610,\"seed\":\"sodium,869708b91587dfaee083ca8a6c5c53ff\"}\n>p1 switch 6, move swordsdance\n>p2 move irondefense, switch 6\n>p1 move heavyslam +1, move swordsdance\n>p2 move irondefense, move sleeppowder +2\n>p1 move heavyslam +1, move suckerpunch +2\n>p2 move irondefense, move sleeppowder +2\n>p1 move heavyslam +1, move gunkshot +2\n>p2 move bodypress +1, switch 3\n>p2 switch 4, pass\n>p1 move heavyslam +2, move suckerpunch +1 terastallize\n>p2 move psychic +2 terastallize, move stickyweb\n>p2 switch 3, pass\n>p1 move highhorsepower +1, move gunkshot +1\n>p2 move bugbuzz +2, move lunge +2\n>p1 pass, switch 6\n>p1 switch 5, move powergem +1\n>p2 move sleeppowder +1, move circlethrow +2\n>p2 switch 6, pass\n>p1 move appleacid +2, move thunderbolt +2\n>p2 move crunch +2, move uturn +1\n>p2 pass, switch 5\n>p1 move appleacid +2, move earthpower +2\n>p2 move howl, move suckerpunch +2\n>p1 pass, switch 5\n>p1 move leechseed +2, move bodypress +1\n>p2 move crunch +1, move kowtowcleave +2\n>p1 switch 4, switch 3\n>p1 move closecombat +2, move rest\n>p2 move playrough +1, move kowtowcleave +2\n>p2 pass, switch 5\n>p1 move closecombat +1, pass\n>p2 move playrough +1, move lunge +1", "uploadtime": 1770423374, "views": 91, "formatid": "gen9randomdoublesbattle", "rating": 1542, "private": 0, "password": null}