{"id": "gen9randomdoublesbattle-2537360929", "format": "[Gen 9] Random Doubles Battle", "players": ["adrianvgd", "dragonite1396"], "log": "|j|☆adrianvgd\n|j|☆dragonite1396\n|t:|1770804117\n|gametype|doubles\n|player|p1|adrianvgd|169|2077\n|player|p2|dragonite1396|lance|2013\n|gen|9\n|tier|[Gen 9] Random Doubles Battle\n|rated|\n|rule|Species Clause: Limit one of each Pokémon\n|rule|HP Percentage Mod: HP is shown in percentages\n|rule|Illusion Level Mod: Illusion disguises the Pokémon's true level\n|rule|Sleep Clause Mod: Limit one foe put to sleep\n|\n|t:|1770804117\n|teamsize|p1|6\n|teamsize|p2|6\n|start\n|switch|p1a: Rotom|Rotom, L90|236/236\n|switch|p1b: Magcargo|Magcargo, L93, M|262/262\n|switch|p2a: Golem|Golem-Alola, L88, M|284/284\n|switch|p2b: Raichu|Raichu, L87, F|246/246\n|turn|1\n|inactive|Battle timer is ON: inactive players will automatically lose when time's up. (requested by dragonite1396)\n|\n|t:|1770804159\n|switch|p1b: Hippowdon|Hippowdon, L86, M|326/326\n|-weather|Sandstorm|[from] ability: Sand Stream|[of] p1b: Hippowdon\n|move|p2b: Raichu|Nasty Plot|p2b: Raichu\n|-boost|p2b: Raichu|spa|2\n|move|p1a: Rotom|Shadow Ball|p2b: Raichu\n|-damage|p2b: Raichu|113/246\n|-damage|p1a: Rotom|213/236|[from] item: Life Orb\n|move|p2a: Golem|High Horsepower|p1b: Hippowdon\n|-damage|p1b: Hippowdon|215/326\n|\n|-weather|Sandstorm|[upkeep]\n|-damage|p2b: Raichu|98/246|[from] Sandstorm\n|-damage|p1a: Rotom|199/236|[from] Sandstorm\n|-heal|p1b: Hippowdon|235/326|[from] item: Leftovers\n|upkeep\n|turn|2\n|\n|t:|1770804180\n|switch|p1b: Eiscue|Eiscue, L89, F|278/278\n|switch|p2a: Giratina|Giratina, L76|353/353\n|-ability|p2a: Giratina|Pressure\n|-terastallize|p2b: Raichu|Ice\n|move|p2b: Raichu|Tera Blast|p1b: Eiscue|[anim] Tera Blast Ice\n|-resisted|p1b: Eiscue\n|-damage|p1b: Eiscue|174/278\n|-damage|p2b: Raichu|74/246|[from] item: Life Orb\n|move|p1a: Rotom|Shadow Ball|p2b: Raichu\n|-damage|p2b: Raichu|0 fnt\n|faint|p2b: Raichu\n|-damage|p1a: Rotom|176/236|[from] item: Life Orb\n|\n|-weather|Sandstorm|[upkeep]\n|-damage|p1a: Rotom|162/236|[from] Sandstorm\n|-damage|p2a: Giratina|331/353|[from] Sandstorm\n|-damage|p1b: Eiscue|157/278|[from] Sandstorm\n|-heal|p2a: Giratina|353/353|[from] item: Leftovers\n|upkeep\n|\n|t:|1770804197\n|switch|p2b: Floatzel|Floatzel, L86, M|286/286\n|turn|3\n|\n|t:|1770804206\n|switch|p1b: Meganium|Meganium, L91, M|293/293\n|move|p1a: Rotom|Protect|p1a: Rotom\n|-singleturn|p1a: Rotom|Protect\n|move|p2b: Floatzel|Wave Crash|p1a: Rotom\n|-activate|p1a: Rotom|move: Protect\n|move|p2a: Giratina|Calm Mind|p2a: Giratina\n|-boost|p2a: Giratina|spa|1\n|-boost|p2a: Giratina|spd|1\n|\n|-weather|Sandstorm|[upkeep]\n|-damage|p2b: Floatzel|269/286|[from] Sandstorm\n|-damage|p1a: Rotom|148/236|[from] Sandstorm\n|-damage|p1b: Meganium|275/293|[from] Sandstorm\n|-damage|p2a: Giratina|331/353|[from] Sandstorm\n|-heal|p2a: Giratina|353/353|[from] item: Leftovers\n|upkeep\n|turn|4\n|\n|t:|1770804215\n|move|p2b: Floatzel|Wave Crash|p1a: Rotom\n|-damage|p1a: Rotom|0 fnt\n|faint|p1a: Rotom\n|-damage|p2b: Floatzel|220/286|[from] Recoil\n|-damage|p2b: Floatzel|192/286|[from] item: Life Orb\n|move|p1b: Meganium|Encore|p2a: Giratina\n|-start|p2a: Giratina|Encore\n|move|p2a: Giratina|Calm Mind|p2a: Giratina\n|-boost|p2a: Giratina|spa|1\n|-boost|p2a: Giratina|spd|1\n|\n|-weather|Sandstorm|[upkeep]\n|-damage|p2b: Floatzel|175/286|[from] Sandstorm\n|-damage|p1b: Meganium|257/293|[from] Sandstorm\n|-damage|p2a: Giratina|331/353|[from] Sandstorm\n|-heal|p2a: Giratina|353/353|[from] item: Leftovers\n|upkeep\n|\n|t:|1770804220\n|switch|p1a: Eiscue|Eiscue, L89, F|157/278\n|turn|5\n|\n|t:|1770804234\n|move|p2b: Floatzel|Ice Spinner|p1b: Meganium\n|-supereffective|p1b: Meganium\n|-damage|p1b: Meganium|127/293\n|-enditem|p1b: Meganium|Sitrus Berry|[eat]\n|-heal|p1b: Meganium|200/293|[from] item: Sitrus Berry\n|-damage|p2b: Floatzel|147/286|[from] item: Life Orb\n|move|p1b: Meganium|Heal Pulse|p1a: Eiscue\n|-heal|p1a: Eiscue|278/278\n|move|p2a: Giratina|Calm Mind|p2a: Giratina\n|-boost|p2a: Giratina|spa|1\n|-boost|p2a: Giratina|spd|1\n|move|p1a: Eiscue|Belly Drum|p1a: Eiscue\n|-damage|p1a: Eiscue|139/278\n|-setboost|p1a: Eiscue|atk|6|[from] move: Belly Drum\n|-enditem|p1a: Eiscue|Sitrus Berry|[eat]\n|-heal|p1a: Eiscue|208/278|[from] item: Sitrus Berry\n|\n|-weather|none\n|upkeep\n|turn|6\n|\n|t:|1770804260\n|switch|p2a: Dondozo|Dondozo, L85, M|394/394\n|move|p2b: Floatzel|Aqua Jet|p1a: Eiscue\n|-activate|p1a: Eiscue|ability: Ice Face\n|-damage|p1a: Eiscue|208/278\n|detailschange|p1a: Eiscue|Eiscue-Noice, L89, F\n|-damage|p2b: Floatzel|119/286|[from] item: Life Orb\n|move|p1a: Eiscue|Ice Spinner|p2a: Dondozo\n|-resisted|p2a: Dondozo\n|-damage|p2a: Dondozo|363/394\n|move|p1b: Meganium|Knock Off|p1a: Eiscue\n|-damage|p1a: Eiscue|157/278\n|\n|upkeep\n|turn|7\n|\n|t:|1770804271\n|move|p1a: Eiscue|Protect|p1a: Eiscue\n|-singleturn|p1a: Eiscue|Protect\n|move|p2b: Floatzel|Ice Spinner|p1b: Meganium\n|-supereffective|p1b: Meganium\n|-damage|p1b: Meganium|67/293\n|-damage|p2b: Floatzel|91/286|[from] item: Life Orb\n|move|p1b: Meganium|Knock Off|p2a: Dondozo\n|-damage|p2a: Dondozo|310/394\n|-enditem|p2a: Dondozo|Assault Vest|[from] move: Knock Off|[of] p1b: Meganium\n|move|p2a: Dondozo|Heavy Slam|p1a: Eiscue\n|-activate|p1a: Eiscue|move: Protect\n|\n|upkeep\n|turn|8\n|\n|t:|1770804281\n|move|p1a: Eiscue|Ice Spinner|p2b: Floatzel\n|-resisted|p2b: Floatzel\n|-damage|p2b: Floatzel|0 fnt\n|faint|p2b: Floatzel\n|move|p1b: Meganium|Energy Ball|p2a: Dondozo\n|-supereffective|p2a: Dondozo\n|-damage|p2a: Dondozo|0 fnt\n|faint|p2a: Dondozo\n|\n|upkeep\n|-message|dragonite1396 forfeited.\n|\n|win|adrianvgd\n|raw|adrianvgd's rating: 2077 &rarr; <strong>2093</strong><br />(+16 for winning)\n|raw|dragonite1396's rating: 2013 &rarr; <strong>1997</strong><br />(-16 for losing)\n|l|☆dragonite1396\n|player|p2|\n|l|☆adrianvgd\n|player|p1|\n", "inputlog": ">version ccdc32dd7cde25fd9e4bed64820e885f66e78a4e\n>start {\"formatid\":\"gen9randomdoublesbattle\",\"seed\":\"sodium,dbb2e6878f145d2bf299869ddccc80de\",\"rated\":\"Rated battle\"}\n>player p1 {\"name\":\"adrianvgd\",\"avatar\":\"169\",\"rating\":2077,\"seed\":\"sodium,0e43123d645d529afa4eedcd7d958799\"}\n>player p2 {\"name\":\"dragonite1396\",\"avatar\":\"lance\",\"rating\":2013,\"seed\":\"sodium,7951a3baa229827d1754883238220a04\"}\n>p1 move shadowball +2, switch 5\n>p2 move highhorsepower +2, move nastyplot\n>p1 move shadowball +2, switch 6\n>p2 switch 3, move terablast +2 terastallize\n>p2 pass, switch 5\n>p1 move protect, switch 4\n>p2 move calmmind, move wavecrash +1\n>p1 move shadowball +1, move encore +1\n>p2 move calmmind, move wavecrash +1\n>p1 switch 4, pass\n>p1 move bellydrum, move healpulse -1\n>p2 move calmmind, move icespinner +2\n>p1 move icespinner +1, move knockoff -1\n>p2 switch 6, move aquajet +1\n>p1 move protect, move knockoff +1\n>p2 move heavyslam +1, move icespinner +2\n>p1 move icespinner +2, move energyball +1\n>p2 move heavyslam +1, move icespinner +2\n>forcelose p2", "uploadtime": 1770804330, "views": 60, "formatid": "gen9randomdoublesbattle", "rating": 1997, "private": 0, "password": null}