{"id": "gen9randomdoublesbattle-2536573025", "format": "[Gen 9] Random Doubles Battle", "players": ["bidoooooooooooooof", "LazzarinoCominazzo"], "log": "|j|☆bidoooooooooooooof\n|j|☆LazzarinoCominazzo\n|t:|1770707975\n|gametype|doubles\n|player|p1|bidoooooooooooooof|265|1671\n|player|p2|LazzarinoCominazzo|102|1723\n|gen|9\n|tier|[Gen 9] Random Doubles Battle\n|rated|\n|rule|Species Clause: Limit one of each Pokémon\n|rule|HP Percentage Mod: HP is shown in percentages\n|rule|Illusion Level Mod: Illusion disguises the Pokémon's true level\n|rule|Sleep Clause Mod: Limit one foe put to sleep\n|\n|t:|1770707975\n|teamsize|p1|6\n|teamsize|p2|6\n|start\n|switch|p1a: Beartic|Beartic, L91, M|321/321\n|switch|p1b: Scizor|Scizor, L80, F|243/243\n|switch|p2a: Terrakion|Terrakion, L78|270/270\n|switch|p2b: Regice|Regice, L84|272/272\n|turn|1\n|\n|t:|1770708006\n|switch|p1a: Mienshao|Mienshao, L84, M|246/246\n|switch|p2b: Luxray|Luxray, L86, M|278/278\n|-ability|p2b: Luxray|Intimidate|boost\n|-fail|p1a: Mienshao|unboost|[from] item: Clear Amulet|[of] p1a: Mienshao\n|-unboost|p1b: Scizor|atk|1\n|move|p1b: Scizor|Bullet Punch|p2b: Luxray\n|-resisted|p2b: Luxray\n|-damage|p2b: Luxray|239/278\n|move|p2a: Terrakion|Rock Slide|p1b: Scizor|[spread] p1b\n|-miss|p2a: Terrakion|p1a: Mienshao\n|-damage|p1b: Scizor|153/243\n|\n|upkeep\n|turn|2\n|inactive|Battle timer is ON: inactive players will automatically lose when time's up. (requested by LazzarinoCominazzo)\n|inactive|bidoooooooooooooof has 120 seconds left.\n|\n|t:|1770708040\n|switch|p2a: Spidops|Spidops, M|282/282\n|switch|p1b: Ting-Lu|Ting-Lu, L82|388/388\n|-ability|p1b: Ting-Lu|Vessel of Ruin\n|move|p1a: Mienshao|Fake Out|p2b: Luxray\n|-damage|p2b: Luxray|203/278\n|cant|p2b: Luxray|flinch\n|\n|upkeep\n|turn|3\n|\n|t:|1770708061\n|move|p1a: Mienshao|Close Combat|p2b: Luxray\n|-damage|p2b: Luxray|50/278\n|-unboost|p1a: Mienshao|def|1\n|-unboost|p1a: Mienshao|spd|1\n|move|p2b: Luxray|Play Rough|p1a: Mienshao\n|-supereffective|p1a: Mienshao\n|-damage|p1a: Mienshao|0 fnt\n|faint|p1a: Mienshao\n|move|p2a: Spidops|Sticky Web|p1b: Ting-Lu\n|-sidestart|p1: bidoooooooooooooof|move: Sticky Web\n|move|p1b: Ting-Lu|Ruination|p2a: Spidops\n|-damage|p2a: Spidops|141/282\n|-enditem|p2a: Spidops|Sitrus Berry|[eat]\n|-heal|p2a: Spidops|211/282|[from] item: Sitrus Berry\n|\n|upkeep\n|\n|t:|1770708067\n|switch|p1a: Beartic|Beartic, L91, M|321/321\n|-activate|p1a: Beartic|move: Sticky Web\n|-unboost|p1a: Beartic|spe|1\n|turn|4\n|\n|t:|1770708083\n|switch|p2b: Regice|Regice, L84|272/272\n|move|p2a: Spidops|Lunge|p1a: Beartic\n|-damage|p1a: Beartic|224/321\n|-unboost|p1a: Beartic|atk|1\n|move|p1b: Ting-Lu|Stomping Tantrum|p2b: Regice\n|-damage|p2b: Regice|194/272\n|move|p1a: Beartic|Icicle Crash|p2a: Spidops|[miss]\n|-miss|p1a: Beartic|p2a: Spidops\n|\n|upkeep\n|turn|5\n|\n|t:|1770708112\n|move|p2b: Regice|Ice Beam|p1b: Ting-Lu\n|-supereffective|p1b: Ting-Lu\n|-damage|p1b: Ting-Lu|220/388\n|move|p2a: Spidops|Lunge|p1a: Beartic\n|-damage|p1a: Beartic|116/321\n|-unboost|p1a: Beartic|atk|1\n|move|p1b: Ting-Lu|Ruination|p2a: Spidops\n|-damage|p2a: Spidops|106/282\n|move|p1a: Beartic|Close Combat|p2b: Regice\n|-supereffective|p2b: Regice\n|-damage|p2b: Regice|48/272\n|-unboost|p1a: Beartic|def|1\n|-unboost|p1a: Beartic|spd|1\n|-enditem|p2b: Regice|Sitrus Berry|[eat]\n|-heal|p2b: Regice|116/272|[from] item: Sitrus Berry\n|-damage|p1a: Beartic|84/321|[from] item: Life Orb\n|\n|upkeep\n|turn|6\n|\n|t:|1770708132\n|switch|p1b: Scizor|Scizor, L80, F|153/243\n|-activate|p1b: Scizor|move: Sticky Web\n|-unboost|p1b: Scizor|spe|1\n|move|p1a: Beartic|Protect|p1a: Beartic\n|-singleturn|p1a: Beartic|Protect\n|move|p2b: Regice|Ice Beam|p1b: Scizor\n|-resisted|p1b: Scizor\n|-damage|p1b: Scizor|102/243\n|move|p2a: Spidops|Lunge|p1b: Scizor\n|-resisted|p1b: Scizor\n|-damage|p1b: Scizor|5/243\n|-unboost|p1b: Scizor|atk|1\n|\n|upkeep\n|turn|7\n|\n|t:|1770708147\n|switch|p2b: Luxray|Luxray, L86, M|50/278\n|-ability|p2b: Luxray|Intimidate|boost\n|-unboost|p1a: Beartic|atk|1\n|-unboost|p1b: Scizor|atk|1\n|move|p1b: Scizor|Bullet Punch|p2b: Luxray\n|-resisted|p2b: Luxray\n|-damage|p2b: Luxray|22/278\n|move|p2a: Spidops|Lunge|p1a: Beartic\n|-damage|p1a: Beartic|0 fnt\n|faint|p1a: Beartic\n|\n|upkeep\n|\n|t:|1770708164\n|switch|p1a: Arceus|Arceus-Poison, L73|296/296\n|-activate|p1a: Arceus|move: Sticky Web\n|-unboost|p1a: Arceus|spe|1\n|turn|8\n|\n|t:|1770708174\n|switch|p2b: Oranguru|Oranguru, L90, F|308/308\n|move|p1b: Scizor|Bullet Punch|p2b: Oranguru\n|-damage|p2b: Oranguru|254/308\n|move|p1a: Arceus|Flare Blitz|p2a: Spidops\n|-supereffective|p2a: Spidops\n|-damage|p2a: Spidops|0 fnt\n|faint|p2a: Spidops\n|-damage|p1a: Arceus|261/296|[from] Recoil\n|\n|upkeep\n|\n|t:|1770708186\n|switch|p2a: Luxray|Luxray, L86, M|22/278\n|-ability|p2a: Luxray|Intimidate|boost\n|-unboost|p1a: Arceus|atk|1\n|-unboost|p1b: Scizor|atk|1\n|turn|9\n|\n|t:|1770708200\n|switch|p2a: Oinkologne|Oinkologne, L92, M|352/352\n|move|p1b: Scizor|Bullet Punch|p2a: Oinkologne\n|-damage|p2a: Oinkologne|307/352\n|move|p1a: Arceus|Swords Dance|p1a: Arceus\n|-boost|p1a: Arceus|atk|2\n|move|p2b: Oranguru|Hyper Voice|p1a: Arceus|[spread] p1a,p1b\n|-resisted|p1b: Scizor\n|-damage|p1a: Arceus|189/296\n|-damage|p1b: Scizor|0 fnt\n|faint|p1b: Scizor\n|\n|upkeep\n|\n|t:|1770708212\n|switch|p1b: Ting-Lu|Ting-Lu, L82|220/388\n|-activate|p1b: Ting-Lu|move: Sticky Web\n|-unboost|p1b: Ting-Lu|spe|1\n|-ability|p1b: Ting-Lu|Vessel of Ruin\n|turn|10\n|\n|t:|1770708238\n|move|p2a: Oinkologne|Yawn|p1a: Arceus\n|-start|p1a: Arceus|move: Yawn|[of] p2a: Oinkologne\n|move|p1a: Arceus|Gunk Shot|p2a: Oinkologne|[miss]\n|-miss|p1a: Arceus|p2a: Oinkologne\n|move|p2b: Oranguru|Hyper Voice|p1a: Arceus|[spread] p1a,p1b\n|-damage|p1a: Arceus|135/296\n|-damage|p1b: Ting-Lu|157/388\n|-enditem|p1b: Ting-Lu|Sitrus Berry|[eat]\n|-heal|p1b: Ting-Lu|254/388|[from] item: Sitrus Berry\n|move|p1b: Ting-Lu|Throat Chop|p2b: Oranguru\n|-supereffective|p2b: Oranguru\n|-damage|p2b: Oranguru|62/308\n|-start|p2b: Oranguru|Throat Chop|[silent]\n|-enditem|p2b: Oranguru|Sitrus Berry|[eat]\n|-heal|p2b: Oranguru|139/308|[from] item: Sitrus Berry\n|\n|upkeep\n|turn|11\n|inactive|LazzarinoCominazzo has 120 seconds left.\n|\n|t:|1770708271\n|switch|p1a: Mimikyu|Mimikyu, L82, M|224/224\n|-activate|p1a: Mimikyu|move: Sticky Web\n|-unboost|p1a: Mimikyu|spe|1\n|move|p2a: Oinkologne|Double-Edge|p1b: Ting-Lu\n|-damage|p1b: Ting-Lu|133/388\n|-damage|p2a: Oinkologne|267/352|[from] Recoil\n|move|p2b: Oranguru|Instruct|p2a: Oinkologne\n|-singleturn|p2a: Oinkologne|move: Instruct|[of] p2b: Oranguru\n|move|p2a: Oinkologne|Double-Edge|p1b: Ting-Lu\n|-damage|p1b: Ting-Lu|19/388\n|-damage|p2a: Oinkologne|229/352|[from] Recoil\n|move|p1b: Ting-Lu|Throat Chop|p2b: Oranguru\n|-supereffective|p2b: Oranguru\n|-damage|p2b: Oranguru|0 fnt\n|faint|p2b: Oranguru\n|\n|upkeep\n|inactive|LazzarinoCominazzo has 120 seconds left.\n|\n|t:|1770708289\n|switch|p2b: Luxray|Luxray, L86, M|22/278\n|-ability|p2b: Luxray|Intimidate|boost\n|-unboost|p1a: Mimikyu|atk|1\n|-unboost|p1b: Ting-Lu|atk|1\n|turn|12\n|inactive|LazzarinoCominazzo has 120 seconds left.\n|\n|t:|1770708306\n|move|p1a: Mimikyu|Shadow Sneak|p2b: Luxray\n|-damage|p2b: Luxray|0 fnt\n|faint|p2b: Luxray\n|-damage|p1a: Mimikyu|202/224|[from] item: Life Orb\n|move|p2a: Oinkologne|Yawn|p1a: Mimikyu\n|-start|p1a: Mimikyu|move: Yawn|[of] p2a: Oinkologne\n|move|p1b: Ting-Lu|Ruination|p2a: Oinkologne\n|-damage|p2a: Oinkologne|115/352\n|-enditem|p2a: Oinkologne|Iapapa Berry|[eat]\n|-heal|p2a: Oinkologne|232/352|[from] item: Iapapa Berry\n|\n|upkeep\n|inactive|LazzarinoCominazzo has 120 seconds left.\n|\n|t:|1770708317\n|switch|p2b: Regice|Regice, L84|116/272\n|turn|13\n|\n|t:|1770708333\n|-terastallize|p1a: Mimikyu|Ghost\n|move|p1a: Mimikyu|Shadow Sneak|p2b: Regice\n|-damage|p2b: Regice|77/272\n|-damage|p1a: Mimikyu|180/224|[from] item: Life Orb\n|move|p2a: Oinkologne|Double-Edge|p1b: Ting-Lu\n|-crit|p1b: Ting-Lu\n|-damage|p1b: Ting-Lu|0 fnt\n|faint|p1b: Ting-Lu\n|-damage|p2a: Oinkologne|226/352|[from] Recoil\n|move|p2b: Regice|Icy Wind|p1a: Mimikyu\n|-activate|p1a: Mimikyu|ability: Disguise\n|-damage|p1a: Mimikyu|180/224\n|-unboost|p1a: Mimikyu|spe|1\n|detailschange|p1a: Mimikyu|Mimikyu-Busted, L82, M, tera:Ghost\n|-damage|p1a: Mimikyu|152/224|[from] pokemon: Mimikyu-Busted\n|\n|-end|p1a: Mimikyu|move: Yawn|[silent]\n|-status|p1a: Mimikyu|slp\n|upkeep\n|\n|t:|1770708338\n|switch|p1b: Arceus|Arceus-Poison, L73|135/296\n|-activate|p1b: Arceus|move: Sticky Web\n|-unboost|p1b: Arceus|spe|1\n|turn|14\n|\n|t:|1770708360\n|-terastallize|p2b: Regice|Electric\n|move|p1b: Arceus|Extreme Speed|p2b: Regice\n|-damage|p2b: Regice|32/272\n|move|p2a: Oinkologne|Lash Out|p1b: Arceus\n|-damage|p1b: Arceus|72/296\n|move|p2b: Regice|Thunderbolt|p1b: Arceus\n|-damage|p1b: Arceus|0 fnt\n|faint|p1b: Arceus\n|cant|p1a: Mimikyu|slp\n|\n|upkeep\n|turn|15\n|-message|bidoooooooooooooof forfeited.\n|\n|win|LazzarinoCominazzo\n|raw|bidoooooooooooooof's rating: 1671 &rarr; <strong>1654</strong><br />(-17 for losing)\n|raw|LazzarinoCominazzo's rating: 1723 &rarr; <strong>1740</strong><br />(+17 for winning)\n", "inputlog": ">version ccdc32dd7cde25fd9e4bed64820e885f66e78a4e\n>start {\"formatid\":\"gen9randomdoublesbattle\",\"seed\":\"sodium,c46edd1d9094c50ae9596f7c1a8dbc42\",\"rated\":\"Rated battle\"}\n>player p1 {\"name\":\"bidoooooooooooooof\",\"avatar\":\"265\",\"rating\":1671,\"seed\":\"sodium,64f6d0a135d939e000f975c6759e3bc4\"}\n>player p2 {\"name\":\"LazzarinoCominazzo\",\"avatar\":\"102\",\"rating\":1723,\"seed\":\"sodium,dcf1e006cc87bf88be9e0d1f964c5cf0\"}\n>p1 switch 4, move bulletpunch +2\n>p2 move rockslide, switch 4\n>p1 move fakeout +2, switch 3\n>p2 switch 6, move playrough +1\n>p1 move closecombat +2, move ruination +1\n>p2 move stickyweb, move playrough +1\n>p1 switch 4, pass\n>p1 move iciclecrash +1, move stompingtantrum +2\n>p2 move lunge +1, switch 4\n>p1 move closecombat +2, move ruination +1\n>p2 move lunge +1, move icebeam +2\n>p1 move protect, switch 3\n>p2 move lunge +2, move icebeam +2\n>p1 move iciclecrash +1, move bulletpunch +2\n>p2 move lunge +1, switch 4\n>p1 switch 6, pass\n>p1 move flareblitz +1, move bulletpunch +2\n>p2 move lunge +1, switch 5\n>p2 switch 5, pass\n>p1 move swordsdance, move bulletpunch +1\n>p2 switch 3, move hypervoice\n>p1 pass, switch 3\n>p1 move gunkshot +1, move throatchop +2\n>p2 move yawn +1, move hypervoice\n>p1 switch 5, move throatchop +2\n>p2 move doubleedge +2, move instruct -1\n>p2 pass, switch 3\n>p1 move shadowsneak +2, move ruination +1\n>p2 move yawn +1, move playrough +2\n>p2 pass, switch 4\n>p1 move shadowsneak +2 terastallize, move ruination +1\n>p2 move doubleedge +2, move icywind\n>p1 pass, switch 5\n>p1 move shadowclaw +2, move extremespeed +2\n>p2 move lashout +2, move thunderbolt +2 terastallize\n>forcelose p1", "uploadtime": 1770708383, "views": 82, "formatid": "gen9randomdoublesbattle", "rating": 1654, "private": 0, "password": null}