{"id": "gen9randomdoublesbattle-2540733705", "format": "[Gen 9] Random Doubles Battle", "players": ["midomidori", "pikachugay"], "log": "|j|‽midomidori\n|j|☆pikachugay\n|t:|1771247434\n|gametype|doubles\n|player|p1|midomidori|169|1596\n|player|p2|pikachugay|170|1564\n|gen|9\n|tier|[Gen 9] Random Doubles Battle\n|rated|\n|rule|Species Clause: Limit one of each Pokémon\n|rule|HP Percentage Mod: HP is shown in percentages\n|rule|Illusion Level Mod: Illusion disguises the Pokémon's true level\n|rule|Sleep Clause Mod: Limit one foe put to sleep\n|\n|t:|1771247434\n|teamsize|p1|6\n|teamsize|p2|6\n|start\n|switch|p1a: Meowscarada|Meowscarada, L79, F|250/250\n|switch|p1b: Lurantis|Lurantis, L85, M|258/258\n|switch|p2a: Milotic|Milotic, L81, F|287/287\n|switch|p2b: Virizion|Virizion, L86|297/297\n|turn|1\n|inactive|Battle timer is ON: inactive players will automatically lose when time's up. (requested by midomidori)\n|\n|t:|1771247462\n|move|p1a: Meowscarada|Flower Trick|p2a: Milotic\n|-supereffective|p2a: Milotic\n|-crit|p2a: Milotic\n|-damage|p2a: Milotic|0 fnt\n|faint|p2a: Milotic\n|-damage|p1a: Meowscarada|225/250|[from] item: Life Orb\n|move|p2b: Virizion|Close Combat|p1a: Meowscarada\n|-supereffective|p1a: Meowscarada\n|-damage|p1a: Meowscarada|0 fnt\n|-unboost|p2b: Virizion|def|1\n|-unboost|p2b: Virizion|spd|1\n|faint|p1a: Meowscarada\n|move|p1b: Lurantis|Superpower|p2b: Virizion\n|-damage|p2b: Virizion|144/297\n|-boost|p1b: Lurantis|atk|1\n|-boost|p1b: Lurantis|def|1\n|-enditem|p2b: Virizion|Sitrus Berry|[eat]\n|-heal|p2b: Virizion|218/297|[from] item: Sitrus Berry\n|\n|upkeep\n|\n|t:|1771247481\n|switch|p1a: Annihilape|Annihilape, L77, F|296/296\n|switch|p2a: Tornadus|Tornadus-Therian, L77, M|248/248\n|turn|2\n|\n|t:|1771247505\n|-terastallize|p1a: Annihilape|Steel\n|move|p2b: Virizion|Coaching|p2a: Tornadus\n|-boost|p2a: Tornadus|atk|1\n|-boost|p2a: Tornadus|def|1\n|move|p2a: Tornadus|Bleakwind Storm|p1b: Lurantis|[spread] p1a,p1b\n|-resisted|p1a: Annihilape\n|-supereffective|p1b: Lurantis\n|-damage|p1a: Annihilape|248/296\n|-damage|p1b: Lurantis|138/258\n|-damage|p2a: Tornadus|224/248|[from] item: Life Orb\n|move|p1a: Annihilape|Bulk Up|p1a: Annihilape\n|-boost|p1a: Annihilape|atk|1\n|-boost|p1a: Annihilape|def|1\n|move|p1b: Lurantis|Pollen Puff|p1a: Annihilape\n|-heal|p1a: Annihilape|296/296\n|\n|upkeep\n|turn|3\n|\n|t:|1771247527\n|move|p2b: Virizion|Close Combat|p1a: Annihilape\n|-supereffective|p1a: Annihilape\n|-damage|p1a: Annihilape|92/296\n|-unboost|p2b: Virizion|def|1\n|-unboost|p2b: Virizion|spd|1\n|move|p2a: Tornadus|Nasty Plot|p2a: Tornadus\n|-boost|p2a: Tornadus|spa|2\n|move|p1a: Annihilape|Rage Fist|p2a: Tornadus\n|-damage|p2a: Tornadus|62/248\n|move|p1b: Lurantis|Leaf Storm|p2a: Tornadus|[miss]\n|-miss|p1b: Lurantis|p2a: Tornadus\n|\n|-heal|p1a: Annihilape|110/296|[from] item: Leftovers\n|upkeep\n|turn|4\n|\n|t:|1771247552\n|move|p2b: Virizion|Close Combat|p1a: Annihilape\n|-supereffective|p1a: Annihilape\n|-damage|p1a: Annihilape|0 fnt\n|-unboost|p2b: Virizion|def|1\n|-unboost|p2b: Virizion|spd|1\n|faint|p1a: Annihilape\n|move|p2a: Tornadus|Bleakwind Storm|p1b: Lurantis\n|-supereffective|p1b: Lurantis\n|-damage|p1b: Lurantis|0 fnt\n|faint|p1b: Lurantis\n|-damage|p2a: Tornadus|38/248|[from] item: Life Orb\n|\n|upkeep\n|\n|t:|1771247557\n|switch|p1a: Kilowattrel|Kilowattrel, L80, M|243/243\n|switch|p1b: Houndoom|Houndoom, L86, F|269/269\n|-ability|p1b: Houndoom|Unnerve\n|turn|5\n|\n|t:|1771247571\n|move|p1a: Kilowattrel|Tailwind|p1a: Kilowattrel\n|-sidestart|p1: midomidori|move: Tailwind\n|move|p1b: Houndoom|Heat Wave|p2a: Tornadus|[spread] p2a,p2b\n|-supereffective|p2b: Virizion\n|-damage|p2a: Tornadus|0 fnt\n|-damage|p2b: Virizion|0 fnt\n|faint|p2a: Tornadus\n|faint|p2b: Virizion\n|-damage|p1b: Houndoom|243/269|[from] item: Life Orb\n|\n|upkeep\n|\n|t:|1771247578\n|switch|p2b: Stonjourner|Stonjourner, L88, M|319/319\n|switch|p2a: Zamazenta|Zamazenta, L72|251/251\n|-ability|p2a: Zamazenta|Dauntless Shield|boost\n|-boost|p2a: Zamazenta|def|1\n|turn|6\n|\n|t:|1771247600\n|move|p1a: Kilowattrel|Thunderbolt|p2b: Stonjourner\n|-damage|p2b: Stonjourner|46/319\n|-damage|p1a: Kilowattrel|219/243|[from] item: Life Orb\n|move|p1b: Houndoom|Dark Pulse|p2b: Stonjourner\n|-damage|p2b: Stonjourner|0 fnt\n|faint|p2b: Stonjourner\n|-damage|p1b: Houndoom|217/269|[from] item: Life Orb\n|move|p2a: Zamazenta|Stone Edge|p1a: Kilowattrel\n|-supereffective|p1a: Kilowattrel\n|-damage|p1a: Kilowattrel|14/243\n|-damage|p2a: Zamazenta|226/251|[from] item: Life Orb\n|\n|upkeep\n|\n|t:|1771247613\n|switch|p2b: Kyogre|Kyogre, L65|238/238\n|-weather|RainDance|[from] ability: Drizzle|[of] p2b: Kyogre\n|turn|7\n|\n|t:|1771247639\n|move|p1a: Kilowattrel|Hurricane|p2a: Zamazenta\n|-supereffective|p2a: Zamazenta\n|-damage|p2a: Zamazenta|0 fnt\n|faint|p2a: Zamazenta\n|-damage|p1a: Kilowattrel|0 fnt|[from] item: Life Orb\n|faint|p1a: Kilowattrel\n|move|p1b: Houndoom|Dark Pulse|p2b: Kyogre\n|-damage|p2b: Kyogre|129/238\n|-damage|p1b: Houndoom|191/269|[from] item: Life Orb\n|move|p2b: Kyogre|Water Spout|p1b: Houndoom\n|-supereffective|p1b: Houndoom\n|-damage|p1b: Houndoom|0 fnt\n|faint|p1b: Houndoom\n|\n|-weather|RainDance|[upkeep]\n|upkeep\n|\n|t:|1771247643\n|switch|p1b: Lanturn|Lanturn, L87, F|359/359\n|turn|8\n|\n|t:|1771247656\n|-terastallize|p2b: Kyogre|Water\n|move|p1b: Lanturn|Thunderbolt|p2b: Kyogre\n|-supereffective|p2b: Kyogre\n|-damage|p2b: Kyogre|0 fnt\n|faint|p2b: Kyogre\n|\n|win|midomidori\n|raw|midomidori's rating: 1596 &rarr; <strong>1614</strong><br />(+18 for winning)\n|raw|pikachugay's rating: 1564 &rarr; <strong>1546</strong><br />(-18 for losing)\n|l|☆pikachugay\n|player|p2|\n", "inputlog": ">version 686819e5e19f8a7fd2345cfc5a08a5085efa2cc3\n>start {\"formatid\":\"gen9randomdoublesbattle\",\"seed\":\"sodium,2424da83c30bb105624942ce61cdd7a0\",\"rated\":\"Rated battle\"}\n>player p1 {\"name\":\"midomidori\",\"avatar\":\"169\",\"rating\":1596,\"seed\":\"sodium,1af361359e53cd1731f25bfc3e152e71\"}\n>player p2 {\"name\":\"pikachugay\",\"avatar\":\"170\",\"rating\":1564,\"seed\":\"sodium,275771600670b726406d4d5cd67bb49c\"}\n>p1 move flowertrick +1, move superpower +2\n>p2 move icywind, move closecombat +1\n>p1 switch 4, pass\n>p2 switch 5, pass\n>p1 move bulkup terastallize, move pollenpuff -1\n>p2 move bleakwindstorm, move coaching -1\n>p1 move ragefist +1, move leafstorm +1\n>p2 move nastyplot, move closecombat +1\n>p1 move ragefist +1, move leafstorm +1\n>p2 move bleakwindstorm, move closecombat +1\n>p1 switch 5, switch 3\n>p1 move tailwind, move heatwave\n>p2 move bleakwindstorm, move closecombat +2\n>p2 switch 3, switch 4\n>p1 move thunderbolt +2, move darkpulse +2\n>p2 move stoneedge +1, move rockslide\n>p2 pass, switch 6\n>p1 move hurricane +1, move darkpulse +1\n>p2 move stoneedge +2, move waterspout\n>p1 pass, switch 6\n>p1 pass, move thunderbolt +2\n>p2 pass, move waterspout terastallize", "uploadtime": 1771247668, "views": 12, "formatid": "gen9randomdoublesbattle", "rating": 1546, "private": 0, "password": null}