{"id": "gen9randomdoublesbattle-2539280236", "format": "[Gen 9] Random Doubles Battle", "players": ["bad_at_videogamez", "caoscontrol"], "log": "|j|☆bad_at_videogamez\n|j|☆caoscontrol\n|t:|1771032457\n|gametype|doubles\n|player|p1|bad_at_videogamez|roxie|1575\n|player|p2|caoscontrol|170|1602\n|gen|9\n|tier|[Gen 9] Random Doubles Battle\n|rated|\n|rule|Species Clause: Limit one of each Pokémon\n|rule|HP Percentage Mod: HP is shown in percentages\n|rule|Illusion Level Mod: Illusion disguises the Pokémon's true level\n|rule|Sleep Clause Mod: Limit one foe put to sleep\n|\n|t:|1771032457\n|teamsize|p1|6\n|teamsize|p2|6\n|start\n|switch|p1a: Cinderace|Cinderace, L82, F|265/265\n|switch|p1b: Swanna|Swanna, L87, F|272/272\n|switch|p2a: Cramorant|Cramorant, L86, M|261/261\n|switch|p2b: Ampharos|Ampharos, L86, M|295/295\n|turn|1\n|inactive|Battle timer is ON: inactive players will automatically lose when time's up. (requested by bad_at_videogamez)\n|\n|t:|1771032483\n|move|p1a: Cinderace|Pyro Ball|p2b: Ampharos\n|-damage|p2b: Ampharos|118/295\n|-enditem|p2b: Ampharos|Sitrus Berry|[eat]\n|-heal|p2b: Ampharos|191/295|[from] item: Sitrus Berry\n|-damage|p1a: Cinderace|239/265|[from] item: Life Orb\n|move|p1b: Swanna|Tailwind|p1b: Swanna\n|-sidestart|p1: bad_at_videogamez|move: Tailwind\n|move|p2a: Cramorant|Surf|p1a: Cinderace|[spread] p2b,p1a,p1b\n|-formechange|p2a: Cramorant|Cramorant-Gulping|\n|-supereffective|p1a: Cinderace\n|-resisted|p1b: Swanna\n|-damage|p2b: Ampharos|125/295\n|-damage|p1a: Cinderace|93/265\n|-damage|p1b: Swanna|228/272\n|move|p2b: Ampharos|Thunder Wave|p1a: Cinderace\n|-status|p1a: Cinderace|par\n|\n|upkeep\n|turn|2\n|\n|t:|1771032510\n|switch|p1b: Pincurchin|Pincurchin, L97, M|250/250\n|-fieldstart|move: Electric Terrain|[from] ability: Electric Surge|[of] p1b: Pincurchin\n|switch|p2b: Whiscash|Whiscash, L88, M|337/337\n|move|p1a: Cinderace|Pyro Ball|p2b: Whiscash\n|-resisted|p2b: Whiscash\n|-damage|p2b: Whiscash|246/337\n|-damage|p1a: Cinderace|67/265 par|[from] item: Life Orb\n|move|p2a: Cramorant|Tailwind|p2a: Cramorant\n|-sidestart|p2: caoscontrol|move: Tailwind\n|\n|upkeep\n|turn|3\n|\n|t:|1771032528\n|move|p2a: Cramorant|Protect|p2a: Cramorant\n|-singleturn|p2a: Cramorant|Protect\n|move|p2b: Whiscash|High Horsepower|p1b: Pincurchin\n|-supereffective|p1b: Pincurchin\n|-damage|p1b: Pincurchin|106/250\n|-enditem|p1b: Pincurchin|Sitrus Berry|[eat]\n|-heal|p1b: Pincurchin|168/250|[from] item: Sitrus Berry\n|move|p1a: Cinderace|High Jump Kick|p2b: Whiscash\n|-damage|p2b: Whiscash|107/337\n|-enditem|p2b: Whiscash|Sitrus Berry|[eat]\n|-heal|p2b: Whiscash|191/337|[from] item: Sitrus Berry\n|-damage|p1a: Cinderace|41/265 par|[from] item: Life Orb\n|move|p1b: Pincurchin|Scald|p2b: Whiscash\n|-damage|p2b: Whiscash|118/337\n|-status|p2b: Whiscash|brn\n|\n|-damage|p2b: Whiscash|97/337 brn|[from] brn\n|upkeep\n|turn|4\n|inactive|caoscontrol has 120 seconds left.\n|inactive|bad_at_videogamez has 120 seconds left.\n|\n|t:|1771032564\n|move|p2b: Whiscash|Helping Hand|p2a: Cramorant\n|-singleturn|p2a: Cramorant|Helping Hand|[of] p2b: Whiscash\n|move|p2a: Cramorant|Surf|p1a: Cinderace|[spread] p2b,p1a,p1b\n|-supereffective|p1a: Cinderace\n|-damage|p2b: Whiscash|0 fnt\n|-damage|p1a: Cinderace|0 fnt\n|-damage|p1b: Pincurchin|75/250\n|faint|p2b: Whiscash\n|faint|p1a: Cinderace\n|move|p1b: Pincurchin|Recover|p1b: Pincurchin\n|-heal|p1b: Pincurchin|200/250\n|\n|-sideend|p1: bad_at_videogamez|move: Tailwind\n|upkeep\n|inactive|bad_at_videogamez has 120 seconds left.\n|inactive|caoscontrol has 120 seconds left.\n|\n|t:|1771032580\n|switch|p1a: Swanna|Swanna, L87, F|228/272\n|switch|p2b: Ampharos|Ampharos, L86, M|125/295\n|turn|5\n|\n|t:|1771032591\n|-terastallize|p2a: Cramorant|Ground\n|move|p1a: Swanna|Protect|p1a: Swanna\n|-singleturn|p1a: Swanna|Protect\n|move|p2a: Cramorant|Surf|p1b: Pincurchin|[spread] p2b,p1b\n|-activate|p1a: Swanna|move: Protect\n|-damage|p2b: Ampharos|56/295\n|-damage|p1b: Pincurchin|136/250\n|move|p2b: Ampharos|Thunderbolt|p1a: Swanna\n|-activate|p1a: Swanna|move: Protect\n|move|p1b: Pincurchin|Electroweb|p2b: Ampharos|[spread] p2b\n|-immune|p2a: Cramorant\n|-resisted|p2b: Ampharos\n|-damage|p2b: Ampharos|23/295\n|-unboost|p2b: Ampharos|spe|1\n|\n|-sideend|p2: caoscontrol|move: Tailwind\n|upkeep\n|turn|6\n|\n|t:|1771032618\n|move|p1a: Swanna|Hydro Pump|p2a: Cramorant|[miss]\n|-miss|p1a: Swanna|p2a: Cramorant\n|move|p2a: Cramorant|Tailwind|p2a: Cramorant\n|-sidestart|p2: caoscontrol|move: Tailwind\n|move|p2b: Ampharos|Thunderbolt|p1a: Swanna\n|-supereffective|p1a: Swanna\n|-damage|p1a: Swanna|0 fnt\n|faint|p1a: Swanna\n|move|p1b: Pincurchin|Scald|p2a: Cramorant\n|-supereffective|p2a: Cramorant\n|-damage|p2a: Cramorant|131/261\n|-damage|p1b: Pincurchin|74/250|[from] ability: Gulp Missile|[of] p2a: Cramorant\n|-unboost|p1b: Pincurchin|def|1\n|-formechange|p2a: Cramorant|Cramorant|\n|\n|-fieldend|move: Electric Terrain\n|upkeep\n|inactive|bad_at_videogamez has 120 seconds left.\n|\n|t:|1771032640\n|switch|p1a: Vigoroth|Vigoroth, L91, F|293/293\n|turn|7\n|\n|t:|1771032648\n|move|p2b: Ampharos|Helping Hand|p2a: Cramorant\n|-singleturn|p2a: Cramorant|Helping Hand|[of] p2b: Ampharos\n|move|p2a: Cramorant|Surf|p1b: Pincurchin|[spread] p2b,p1a,p1b\n|-formechange|p2a: Cramorant|Cramorant-Gulping|\n|-damage|p2b: Ampharos|0 fnt\n|-damage|p1a: Vigoroth|211/293\n|-damage|p1b: Pincurchin|0 fnt\n|faint|p2b: Ampharos\n|faint|p1b: Pincurchin\n|move|p1a: Vigoroth|Knock Off|p2a: Cramorant\n|-damage|p2a: Cramorant|38/261\n|-damage|p1a: Vigoroth|138/293|[from] ability: Gulp Missile|[of] p2a: Cramorant\n|-unboost|p1a: Vigoroth|def|1\n|-formechange|p2a: Cramorant|Cramorant|\n|-enditem|p2a: Cramorant|Sitrus Berry|[from] move: Knock Off|[of] p1a: Vigoroth\n|\n|upkeep\n|\n|t:|1771032664\n|switch|p2b: Regigigas|Regigigas, L86|329/329\n|switch|p1b: Iron Jugulis|Iron Jugulis, L79|278/278\n|-start|p2b: Regigigas|ability: Slow Start\n|-enditem|p1b: Iron Jugulis|Booster Energy\n|-activate|p1b: Iron Jugulis|ability: Quark Drive|[fromitem]\n|-start|p1b: Iron Jugulis|quarkdrivespa\n|turn|8\n|\n|t:|1771032678\n|move|p2a: Cramorant|Surf|p1b: Iron Jugulis|[spread] p2b,p1a,p1b\n|-formechange|p2a: Cramorant|Cramorant-Gorging|\n|-damage|p2b: Regigigas|272/329\n|-damage|p1a: Vigoroth|78/293\n|-damage|p1b: Iron Jugulis|200/278\n|move|p2b: Regigigas|Body Slam|p1a: Vigoroth\n|-damage|p1a: Vigoroth|11/293\n|-status|p1a: Vigoroth|par\n|move|p1b: Iron Jugulis|Taunt|p2b: Regigigas\n|-start|p2b: Regigigas|move: Taunt\n|move|p1a: Vigoroth|Slack Off|p1a: Vigoroth\n|-heal|p1a: Vigoroth|158/293 par\n|\n|-heal|p2b: Regigigas|292/329|[from] item: Leftovers\n|upkeep\n|turn|9\n|\n|t:|1771032704\n|move|p2a: Cramorant|Brave Bird|p1b: Iron Jugulis\n|-damage|p1b: Iron Jugulis|79/278\n|-damage|p2a: Cramorant|0 fnt|[from] Recoil\n|faint|p2a: Cramorant\n|move|p2b: Regigigas|Knock Off|p1a: Vigoroth\n|-damage|p1a: Vigoroth|102/293 par\n|-enditem|p1a: Vigoroth|Eviolite|[from] move: Knock Off|[of] p2b: Regigigas\n|move|p1b: Iron Jugulis|Dark Pulse|p2b: Regigigas\n|-damage|p2b: Regigigas|192/329\n|move|p1a: Vigoroth|Thunder Wave|p2b: Regigigas\n|-status|p2b: Regigigas|par\n|\n|-heal|p2b: Regigigas|212/329 par|[from] item: Leftovers\n|-sideend|p2: caoscontrol|move: Tailwind\n|upkeep\n|inactive|caoscontrol has 120 seconds left.\n|\n|t:|1771032719\n|switch|p2a: Zekrom|Zekrom, L74|270/270\n|-ability|p2a: Zekrom|Teravolt\n|turn|10\n|\n|t:|1771032731\n|-terastallize|p1b: Iron Jugulis|Ground\n|move|p2a: Zekrom|Protect|p2a: Zekrom\n|-singleturn|p2a: Zekrom|Protect\n|move|p1b: Iron Jugulis|Earth Power|p2a: Zekrom\n|-activate|p2a: Zekrom|move: Protect\n|move|p1a: Vigoroth|Knock Off|p2b: Regigigas\n|-damage|p2b: Regigigas|156/329 par\n|-enditem|p2b: Regigigas|Leftovers|[from] move: Knock Off|[of] p1a: Vigoroth\n|move|p2b: Regigigas|Body Slam|p1b: Iron Jugulis\n|-damage|p1b: Iron Jugulis|4/278\n|\n|upkeep\n|turn|11\n|\n|t:|1771032750\n|switch|p2a: Cryogonal|Cryogonal, L88|284/284\n|move|p1b: Iron Jugulis|Taunt|p2a: Cryogonal\n|-start|p2a: Cryogonal|move: Taunt\n|move|p1a: Vigoroth|Slack Off|p1a: Vigoroth\n|-heal|p1a: Vigoroth|249/293 par\n|move|p2b: Regigigas|Body Slam|p1a: Vigoroth\n|-damage|p1a: Vigoroth|138/293 par\n|\n|-end|p2b: Regigigas|move: Taunt\n|upkeep\n|turn|12\n|\n|t:|1771032774\n|-end|p1b: Iron Jugulis|Quark Drive|[silent]\n|switch|p1b: Zebstrika|Zebstrika, L87, M|272/272\n|move|p2a: Cryogonal|Icy Wind|p1b: Zebstrika|[spread] p1a,p1b\n|-crit|p1b: Zebstrika\n|-damage|p1a: Vigoroth|77/293 par\n|-damage|p1b: Zebstrika|190/272\n|-unboost|p1a: Vigoroth|spe|1\n|-unboost|p1b: Zebstrika|spe|1\n|move|p1a: Vigoroth|Thunder Wave|p2a: Cryogonal\n|-status|p2a: Cryogonal|par\n|move|p2b: Regigigas|Body Slam|p1a: Vigoroth\n|-damage|p1a: Vigoroth|0 fnt\n|faint|p1a: Vigoroth\n|\n|-end|p2b: Regigigas|Slow Start\n|upkeep\n|\n|t:|1771032781\n|switch|p1a: Iron Jugulis|Iron Jugulis, L79, tera:Ground|4/278\n|turn|13\n|\n|t:|1771032803\n|move|p1a: Iron Jugulis|Hurricane|p2b: Regigigas\n|-damage|p2b: Regigigas|54/329 par\n|move|p1b: Zebstrika|Wild Charge|p2a: Cryogonal\n|-damage|p2a: Cryogonal|76/284 par\n|-enditem|p2a: Cryogonal|Sitrus Berry|[eat]\n|-heal|p2a: Cryogonal|147/284 par|[from] item: Sitrus Berry\n|-damage|p1b: Zebstrika|138/272|[from] Recoil\n|-damage|p1b: Zebstrika|111/272|[from] item: Life Orb\n|cant|p2a: Cryogonal|par\n|move|p2b: Regigigas|Body Slam|p1a: Iron Jugulis\n|-damage|p1a: Iron Jugulis|0 fnt\n|faint|p1a: Iron Jugulis\n|-end|p1a: Iron Jugulis|Quark Drive|[silent]\n|\n|-end|p2a: Cryogonal|move: Taunt\n|upkeep\n|turn|14\n|-message|bad_at_videogamez forfeited.\n|\n|win|caoscontrol\n|raw|bad_at_videogamez's rating: 1575 &rarr; <strong>1557</strong><br />(-18 for losing)\n|raw|caoscontrol's rating: 1602 &rarr; <strong>1620</strong><br />(+18 for winning)\n|l|☆bad_at_videogamez\n|player|p1|\n", "inputlog": ">version ccdc32dd7cde25fd9e4bed64820e885f66e78a4e\n>start {\"formatid\":\"gen9randomdoublesbattle\",\"seed\":\"sodium,b243b3814e30b407a506c1924e168a90\",\"rated\":\"Rated battle\"}\n>player p1 {\"name\":\"bad_at_videogamez\",\"avatar\":\"roxie\",\"rating\":1575,\"seed\":\"sodium,165ad7a9e22a84e8aac845a74ac38a66\"}\n>player p2 {\"name\":\"caoscontrol\",\"avatar\":\"170\",\"rating\":1602,\"seed\":\"sodium,af5d1aa7b3be6f7d7533f2df787819d2\"}\n>p1 move pyroball +2, move tailwind\n>p2 move surf, move thunderwave +1\n>p1 move pyroball +2, switch 5\n>p2 move tailwind, switch 6\n>p1 move highjumpkick +2, move scald +2\n>p2 move protect, move highhorsepower +2\n>p1 move highjumpkick +1, move recover\n>p2 move surf, move helpinghand -1\n>p1 switch 5, pass\n>p2 pass, switch 6\n>p1 move protect, move electroweb\n>p2 move surf terastallize, move thunderbolt +1\n>p1 move hydropump +1, move scald +1\n>p2 move tailwind, move thunderbolt +1\n>p1 switch 4, pass\n>p1 move knockoff +1, move recover\n>p2 move surf, move helpinghand -1\n>p1 pass, switch 3\n>p2 pass, switch 5\n>p1 move slackoff, move taunt +2\n>p2 move surf, move bodyslam +1\n>p1 move thunderwave +2, move darkpulse +2\n>p2 move bravebird +2, move knockoff +1\n>p2 switch 4, pass\n>p1 move knockoff +2, move earthpower +1 terastallize\n>p2 move protect, move bodyslam +2\n>p1 move slackoff, move taunt +1\n>p2 switch 3, move bodyslam +1\n>p1 move thunderwave +1, switch 6\n>p2 move icywind, move bodyslam +1\n>p1 switch 6, pass\n>p1 move hurricane +2, move wildcharge +1\n>p2 move icywind, move bodyslam +1\n>forcelose p1", "uploadtime": 1771032824, "views": 78, "formatid": "gen9randomdoublesbattle", "rating": 1557, "private": 0, "password": null}