{"id": "gen9randomdoublesbattle-2540510624", "format": "[Gen 9] Random Doubles Battle", "players": ["Boileronfire", "Darkkage24"], "log": "|j|☆Boileronfire\n|j|☆Darkkage24\n|t:|1771211115\n|gametype|doubles\n|player|p1|Boileronfire|hilbert|1546\n|player|p2|Darkkage24|red|1534\n|gen|9\n|tier|[Gen 9] Random Doubles Battle\n|rated|\n|rule|Species Clause: Limit one of each Pokémon\n|rule|HP Percentage Mod: HP is shown in percentages\n|rule|Illusion Level Mod: Illusion disguises the Pokémon's true level\n|rule|Sleep Clause Mod: Limit one foe put to sleep\n|\n|t:|1771211115\n|teamsize|p1|6\n|teamsize|p2|6\n|start\n|switch|p1a: Latios|Latios, L79, M|256/256\n|switch|p1b: Ceruledge|Ceruledge, L80, M|251/251\n|switch|p2a: Miraidon|Miraidon, L65|238/238\n|switch|p2b: Vigoroth|Vigoroth, L91, F|293/293\n|-fieldstart|move: Electric Terrain|[from] ability: Hadron Engine|[of] p2a: Miraidon\n|turn|1\n|inactive|Battle timer is ON: inactive players will automatically lose when time's up. (requested by Darkkage24)\n|\n|t:|1771211142\n|move|p2a: Miraidon|Protect|p2a: Miraidon\n|-singleturn|p2a: Miraidon|Protect\n|move|p1a: Latios|Draco Meteor|p2a: Miraidon\n|-activate|p2a: Miraidon|move: Protect\n|move|p2b: Vigoroth|Icy Wind|p1a: Latios|[spread] p1a,p1b\n|-supereffective|p1a: Latios\n|-resisted|p1b: Ceruledge\n|-damage|p1a: Latios|214/256\n|-damage|p1b: Ceruledge|240/251\n|-unboost|p1a: Latios|spe|1\n|-unboost|p1b: Ceruledge|spe|1\n|move|p1b: Ceruledge|Swords Dance|p1b: Ceruledge\n|-boost|p1b: Ceruledge|atk|2\n|\n|upkeep\n|turn|2\n|inactive|Boileronfire has 120 seconds left.\n|\n|t:|1771211182\n|switch|p1a: Garganacl|Garganacl, L81, M|295/295\n|move|p2b: Vigoroth|Knock Off|p1b: Ceruledge\n|-supereffective|p1b: Ceruledge\n|-damage|p1b: Ceruledge|82/251\n|-ability|p1b: Ceruledge|Weak Armor|boost\n|-unboost|p1b: Ceruledge|def|1\n|-boost|p1b: Ceruledge|spe|2\n|-enditem|p1b: Ceruledge|Life Orb|[from] move: Knock Off|[of] p2b: Vigoroth\n|move|p1b: Ceruledge|Poltergeist|p2a: Miraidon\n|-activate|p2a: Miraidon|move: Poltergeist|Life Orb\n|-damage|p2a: Miraidon|0 fnt\n|faint|p2a: Miraidon\n|\n|upkeep\n|inactive|Darkkage24 has 120 seconds left.\n|\n|t:|1771211201\n|switch|p2a: Flapple|Flapple, L95, F|287/287\n|turn|3\n|inactive|Boileronfire has 120 seconds left.\n|\n|t:|1771211242\n|move|p2a: Flapple|Sucker Punch|p1b: Ceruledge\n|-supereffective|p1b: Ceruledge\n|-damage|p1b: Ceruledge|0 fnt\n|faint|p1b: Ceruledge\n|move|p2b: Vigoroth|Knock Off|p1a: Garganacl\n|-crit|p1a: Garganacl\n|-damage|p1a: Garganacl|210/295\n|-enditem|p1a: Garganacl|Leftovers|[from] move: Knock Off|[of] p2b: Vigoroth\n|move|p1a: Garganacl|Stealth Rock|p2a: Flapple\n|-sidestart|p2: Darkkage24|move: Stealth Rock\n|\n|upkeep\n|\n|t:|1771211260\n|switch|p1b: Abomasnow|Abomasnow, L81, F|278/278\n|-weather|Snowscape|[from] ability: Snow Warning|[of] p1b: Abomasnow\n|turn|4\n|\n|t:|1771211279\n|-terastallize|p2a: Flapple|Fire\n|move|p2b: Vigoroth|Knock Off|p1b: Abomasnow\n|-damage|p1b: Abomasnow|222/278\n|-enditem|p1b: Abomasnow|Light Clay|[from] move: Knock Off|[of] p2b: Vigoroth\n|move|p2a: Flapple|Dragon Dance|p2a: Flapple\n|-boost|p2a: Flapple|atk|1\n|-boost|p2a: Flapple|spe|1\n|move|p1b: Abomasnow|Aurora Veil|p1b: Abomasnow\n|-sidestart|p1: Boileronfire|move: Aurora Veil\n|move|p1a: Garganacl|Salt Cure|p2b: Vigoroth\n|-damage|p2b: Vigoroth|266/293\n|-start|p2b: Vigoroth|Salt Cure\n|\n|-weather|Snowscape|[upkeep]\n|-damage|p2b: Vigoroth|230/293|[from] Salt Cure\n|upkeep\n|turn|5\n|inactive|Boileronfire has 120 seconds left.\n|inactive|Boileronfire has 90 seconds left.\n|\n|t:|1771211328\n|move|p2a: Flapple|Grav Apple|p1a: Garganacl\n|-supereffective|p1a: Garganacl\n|-damage|p1a: Garganacl|33/295\n|-unboost|p1a: Garganacl|def|1\n|move|p2b: Vigoroth|Icy Wind|p1b: Abomasnow|[spread] p1a,p1b\n|-damage|p1a: Garganacl|17/295\n|-damage|p1b: Abomasnow|205/278\n|-unboost|p1a: Garganacl|spe|1\n|-unboost|p1b: Abomasnow|spe|1\n|move|p1b: Abomasnow|Wood Hammer|p2b: Vigoroth\n|-damage|p2b: Vigoroth|146/293\n|-damage|p1b: Abomasnow|177/278|[from] Recoil\n|move|p1a: Garganacl|Salt Cure|p2a: Flapple\n|-supereffective|p2a: Flapple\n|-damage|p2a: Flapple|203/287\n|-start|p2a: Flapple|Salt Cure\n|\n|-weather|Snowscape|[upkeep]\n|-damage|p2a: Flapple|168/287|[from] Salt Cure\n|-damage|p2b: Vigoroth|110/293|[from] Salt Cure\n|-fieldend|move: Electric Terrain\n|upkeep\n|turn|6\n|inactive|Boileronfire has 90 seconds left.\n|\n|t:|1771211355\n|move|p1a: Garganacl|Protect|p1a: Garganacl\n|-singleturn|p1a: Garganacl|Protect\n|move|p2a: Flapple|Dragon Rush|p1b: Abomasnow\n|-damage|p1b: Abomasnow|53/278\n|move|p2b: Vigoroth|Icy Wind|p1b: Abomasnow|[spread] p1b\n|-activate|p1a: Garganacl|move: Protect\n|-damage|p1b: Abomasnow|36/278\n|-unboost|p1b: Abomasnow|spe|1\n|cant|p1b: Abomasnow|flinch\n|\n|-weather|Snowscape|[upkeep]\n|-damage|p2a: Flapple|133/287|[from] Salt Cure\n|-damage|p2b: Vigoroth|74/293|[from] Salt Cure\n|upkeep\n|-activate|p2a: Flapple|ability: Ripen\n|-enditem|p2a: Flapple|Sitrus Berry|[eat]\n|-heal|p2a: Flapple|275/287|[from] item: Sitrus Berry\n|turn|7\n|\n|t:|1771211374\n|move|p1a: Garganacl|Protect||[still]\n|-fail|p1a: Garganacl\n|move|p2a: Flapple|Grav Apple|p1a: Garganacl\n|-supereffective|p1a: Garganacl\n|-damage|p1a: Garganacl|0 fnt\n|faint|p1a: Garganacl\n|move|p2b: Vigoroth|Double-Edge|p1b: Abomasnow\n|-damage|p1b: Abomasnow|0 fnt\n|faint|p1b: Abomasnow\n|-damage|p2b: Vigoroth|62/293|[from] Recoil\n|\n|-weather|Snowscape|[upkeep]\n|-damage|p2a: Flapple|240/287|[from] Salt Cure\n|-damage|p2b: Vigoroth|26/293|[from] Salt Cure\n|upkeep\n|inactive|Boileronfire has 90 seconds left.\n|\n|t:|1771211408\n|switch|p1b: Latios|Latios, L79, M|214/256\n|switch|p1a: Urshifu|Urshifu, L75, F|274/274\n|turn|8\n|inactive|Boileronfire has 90 seconds left.\n|\n|t:|1771211424\n|-terastallize|p1b: Latios|Steel\n|move|p1a: Urshifu|Sucker Punch|p2a: Flapple\n|-crit|p2a: Flapple\n|-damage|p2a: Flapple|102/287\n|-damage|p1a: Urshifu|247/274|[from] item: Life Orb\n|move|p2a: Flapple|Dragon Rush|p1b: Latios\n|-resisted|p1b: Latios\n|-damage|p1b: Latios|136/256\n|move|p1b: Latios|Tailwind|p1b: Latios\n|-sidestart|p1: Boileronfire|move: Tailwind\n|move|p2b: Vigoroth|Knock Off|p1b: Latios\n|-damage|p1b: Latios|83/256\n|-enditem|p1b: Latios|Soul Dew|[from] move: Knock Off|[of] p2b: Vigoroth\n|\n|-weather|none\n|-damage|p2a: Flapple|67/287|[from] Salt Cure\n|-damage|p2b: Vigoroth|0 fnt|[from] Salt Cure\n|faint|p2b: Vigoroth\n|-sideend|p1: Boileronfire|move: Aurora Veil\n|upkeep\n|inactive|Darkkage24 has 120 seconds left.\n|\n|t:|1771211444\n|switch|p2b: Grimmsnarl|Grimmsnarl, L82, M|290/290\n|-damage|p2b: Grimmsnarl|254/290|[from] Stealth Rock\n|turn|9\n|\n|t:|1771211467\n|move|p1b: Latios|Protect|p1b: Latios\n|-singleturn|p1b: Latios|Protect\n|move|p1a: Urshifu|Sucker Punch|p2a: Flapple\n|-damage|p2a: Flapple|0 fnt\n|faint|p2a: Flapple\n|-damage|p1a: Urshifu|220/274|[from] item: Life Orb\n|move|p2b: Grimmsnarl|Spirit Break|p1a: Urshifu\n|-supereffective|p1a: Urshifu\n|-crit|p1a: Urshifu\n|-damage|p1a: Urshifu|0 fnt\n|faint|p1a: Urshifu\n|\n|upkeep\n|j| Pachirisiu0\n|inactive|Boileronfire has 90 seconds left.\n|\n|t:|1771211486\n|switch|p1a: Regidrago|Regidrago, L74|418/418\n|switch|p2a: Emboar|Emboar, L85, F|326/326\n|-damage|p2a: Emboar|286/326|[from] Stealth Rock\n|turn|10\n|\n|t:|1771211512\n|move|p2b: Grimmsnarl|Parting Shot|p1b: Latios\n|-unboost|p1b: Latios|atk|1\n|-unboost|p1b: Latios|spa|1\n|\n|t:|1771211515\n|switch|p2b: Venomoth|Venomoth, L90, F|272/272|[from] Parting Shot\n|-damage|p2b: Venomoth|204/272|[from] Stealth Rock\n|move|p1a: Regidrago|Earth Power|p2a: Emboar\n|-supereffective|p2a: Emboar\n|-damage|p2a: Emboar|162/326\n|move|p1b: Latios|Luster Purge|p2a: Emboar\n|-supereffective|p2a: Emboar\n|-damage|p2a: Emboar|0 fnt\n|faint|p2a: Emboar\n|\n|upkeep\n|\n|t:|1771211525\n|switch|p2a: Grimmsnarl|Grimmsnarl, L82, M|254/290\n|-damage|p2a: Grimmsnarl|218/290|[from] Stealth Rock\n|turn|11\n|inactive|Boileronfire has 120 seconds left.\n|\n|t:|1771211544\n|move|p2b: Venomoth|Protect|p2b: Venomoth\n|-singleturn|p2b: Venomoth|Protect\n|move|p2a: Grimmsnarl|Fake Out|p1a: Regidrago\n|-damage|p1a: Regidrago|361/418\n|cant|p1a: Regidrago|flinch\n|move|p1b: Latios|Luster Purge|p2b: Venomoth\n|-activate|p2b: Venomoth|move: Protect\n|\n|-sideend|p1: Boileronfire|move: Tailwind\n|upkeep\n|turn|12\n|\n|t:|1771211559\n|move|p2a: Grimmsnarl|Thunder Wave|p1b: Latios\n|-status|p1b: Latios|par\n|move|p1a: Regidrago|Earth Power|p2b: Venomoth\n|-damage|p2b: Venomoth|147/272\n|-unboost|p2b: Venomoth|spd|1\n|move|p2b: Venomoth|Quiver Dance|p2b: Venomoth\n|-boost|p2b: Venomoth|spa|1\n|-boost|p2b: Venomoth|spd|1\n|-boost|p2b: Venomoth|spe|1\n|cant|p1b: Latios|par\n|\n|upkeep\n|turn|13\n|\n|t:|1771211571\n|move|p2b: Venomoth|Protect|p2b: Venomoth\n|-singleturn|p2b: Venomoth|Protect\n|move|p2a: Grimmsnarl|Thunder Wave|p1a: Regidrago\n|-status|p1a: Regidrago|par\n|cant|p1a: Regidrago|par\n|move|p1b: Latios|Luster Purge|p2b: Venomoth\n|-activate|p2b: Venomoth|move: Protect\n|\n|upkeep\n|turn|14\n|\n|t:|1771211581\n|move|p2b: Venomoth|Bug Buzz|p1b: Latios\n|-resisted|p1b: Latios\n|-damage|p1b: Latios|0 fnt\n|faint|p1b: Latios\n|-damage|p2b: Venomoth|120/272|[from] item: Life Orb\n|move|p2a: Grimmsnarl|Spirit Break|p1a: Regidrago\n|-supereffective|p1a: Regidrago\n|-damage|p1a: Regidrago|73/418 par\n|-unboost|p1a: Regidrago|spa|1\n|move|p1a: Regidrago|Earth Power|p2a: Grimmsnarl\n|-damage|p2a: Grimmsnarl|175/290\n|\n|upkeep\n|turn|15\n|\n|t:|1771211587\n|move|p2b: Venomoth|Bug Buzz|p1a: Regidrago\n|-damage|p1a: Regidrago|0 fnt\n|faint|p1a: Regidrago\n|-damage|p2b: Venomoth|93/272|[from] item: Life Orb\n|\n|win|Darkkage24\n|raw|Boileronfire's rating: 1546 &rarr; <strong>1525</strong><br />(-21 for losing)\n|raw|Darkkage24's rating: 1534 &rarr; <strong>1555</strong><br />(+21 for winning)\n", "inputlog": ">version 686819e5e19f8a7fd2345cfc5a08a5085efa2cc3\n>start {\"formatid\":\"gen9randomdoublesbattle\",\"seed\":\"sodium,84323ba4d3460b9c5f4749dde1106059\",\"rated\":\"Rated battle\"}\n>player p1 {\"name\":\"Boileronfire\",\"avatar\":\"hilbert\",\"rating\":1546,\"seed\":\"sodium,173d695beac7c5c309cdee8180e83951\"}\n>player p2 {\"name\":\"Darkkage24\",\"avatar\":\"red\",\"rating\":1534,\"seed\":\"sodium,faae60f9788db30d9082cb00582174cd\"}\n>p1 move dracometeor +1, move swordsdance\n>p2 move protect, move icywind\n>p1 switch 4, move poltergeist +1\n>p2 move electrodrift +2, move knockoff +2\n>p2 switch 5, pass\n>p1 move stealthrock, move bitterblade +2\n>p2 move suckerpunch +2, move knockoff +1\n>p1 pass, switch 6\n>p1 move saltcure +2, move auroraveil\n>p2 move dragondance terastallize, move knockoff +2\n>p1 move saltcure +1, move woodhammer +2\n>p2 move gravapple +1, move icywind\n>p1 move protect, move blizzard\n>p2 move dragonrush +2, move icywind\n>p1 move protect, move blizzard\n>p2 move gravapple +1, move doubleedge +2\n>p1 switch 5, switch 4\n>p1 move suckerpunch +1, move tailwind terastallize\n>p2 move dragonrush +2, move knockoff +2\n>p2 pass, switch 4\n>p1 move suckerpunch +1, move protect\n>p2 move suckerpunch +2, move spiritbreak +1\n>p1 switch 3, pass\n>p2 switch 6, pass\n>p1 move earthpower +1, move lusterpurge +1\n>p2 move flareblitz +2, move partingshot +2\n>p2 pass, switch 3\n>p2 switch 3, pass\n>p1 move earthpower +2, move lusterpurge +2\n>p2 move fakeout +1, move protect\n>p1 move earthpower +2, move lusterpurge +2\n>p2 move thunderwave +2, move quiverdance\n>p1 move earthpower +1, move lusterpurge +2\n>p2 move thunderwave +1, move protect\n>p1 move earthpower +1, move tailwind\n>p2 move spiritbreak +1, move bugbuzz +2\n>p1 move earthpower +1, pass\n>p2 move spiritbreak +1, move bugbuzz +1", "uploadtime": 1771211593, "views": 37, "formatid": "gen9randomdoublesbattle", "rating": 1525, "private": 0, "password": null}