{"id": "gen9randomdoublesbattle-2535011605", "format": "[Gen 9] Random Doubles Battle", "players": ["fadi9", "Sleator999"], "log": "|j|☆fadi9\n|j|☆Sleator999\n|t:|1770502935\n|gametype|doubles\n|player|p1|fadi9|lyra-masters2|1931\n|player|p2|Sleator999|fisherman-gen4|2001\n|gen|9\n|tier|[Gen 9] Random Doubles Battle\n|rated|\n|rule|Species Clause: Limit one of each Pokémon\n|rule|HP Percentage Mod: HP is shown in percentages\n|rule|Illusion Level Mod: Illusion disguises the Pokémon's true level\n|rule|Sleep Clause Mod: Limit one foe put to sleep\n|\n|t:|1770502935\n|teamsize|p1|6\n|teamsize|p2|6\n|start\n|switch|p1a: Vivillon|Vivillon-Sandstorm, L88, M|284/284\n|switch|p1b: Quagsire|Quagsire, L91, F|321/321\n|switch|p2a: Mandibuzz|Mandibuzz, L85, F|326/326\n|switch|p2b: Mimikyu|Mimikyu, L82, F|224/224\n|turn|1\n|inactive|Battle timer is ON: inactive players will automatically lose when time's up. (requested by Sleator999)\n|inactive|Sleator999 has 120 seconds left.\n|c|☆fadi9|Oh oh oh oh Reilly\n|c|☆fadi9|Autofarts\n|c|☆Sleator999|bro what haha\n|c|☆fadi9|Glhf\n|inactive|Sleator999 has 90 seconds left.\n|\n|t:|1770502999\n|move|p1a: Vivillon|Sleep Powder|p2b: Mimikyu\n|-status|p2b: Mimikyu|slp|[from] move: Sleep Powder\n|cant|p2b: Mimikyu|slp\n|move|p2a: Mandibuzz|Tailwind|p2a: Mandibuzz\n|-sidestart|p2: Sleator999|move: Tailwind\n|move|p1b: Quagsire|Liquidation|p2b: Mimikyu\n|-activate|p2b: Mimikyu|ability: Disguise\n|-damage|p2b: Mimikyu|224/224 slp\n|detailschange|p2b: Mimikyu|Mimikyu-Busted, L82, F\n|-damage|p2b: Mimikyu|196/224 slp|[from] pokemon: Mimikyu-Busted\n|\n|upkeep\n|turn|2\n|\n|t:|1770503021\n|cant|p2b: Mimikyu|slp\n|move|p2a: Mandibuzz|Brave Bird|p1a: Vivillon\n|-supereffective|p1a: Vivillon\n|-damage|p1a: Vivillon|30/284\n|-enditem|p1a: Vivillon|Sitrus Berry|[eat]\n|-heal|p1a: Vivillon|101/284|[from] item: Sitrus Berry\n|-damage|p2a: Mandibuzz|242/326|[from] Recoil\n|move|p1a: Vivillon|Hurricane|p2b: Mimikyu\n|-damage|p2b: Mimikyu|90/224 slp\n|move|p1b: Quagsire|High Horsepower|p2b: Mimikyu\n|-damage|p2b: Mimikyu|0 fnt\n|faint|p2b: Mimikyu\n|\n|upkeep\n|c|☆Sleator999|glhf\n|inactive|Sleator999 has 120 seconds left.\n|c|☆Sleator999|you must hate mimikyu damn\n|\n|t:|1770503062\n|switch|p2b: Veluza|Veluza, L88, F|302/302\n|turn|3\n|inactive|Sleator999 has 120 seconds left.\n|\n|t:|1770503088\n|move|p1a: Vivillon|Protect|p1a: Vivillon\n|-singleturn|p1a: Vivillon|Protect\n|move|p2a: Mandibuzz|Brave Bird|p1a: Vivillon\n|-activate|p1a: Vivillon|move: Protect\n|move|p2b: Veluza|Psycho Cut|p1b: Quagsire\n|-damage|p1b: Quagsire|155/321\n|move|p1b: Quagsire|Liquidation|p2a: Mandibuzz\n|-damage|p2a: Mandibuzz|160/326\n|-enditem|p2a: Mandibuzz|Sitrus Berry|[eat]\n|-heal|p2a: Mandibuzz|241/326|[from] item: Sitrus Berry\n|\n|-heal|p1b: Quagsire|175/321|[from] item: Leftovers\n|upkeep\n|turn|4\n|inactive|Sleator999 has 120 seconds left.\n|\n|t:|1770503118\n|switch|p1a: Bellibolt|Bellibolt, L81, F|309/309\n|move|p2a: Mandibuzz|Brave Bird|p1a: Bellibolt\n|-resisted|p1a: Bellibolt\n|-damage|p1a: Bellibolt|259/309\n|-start|p1a: Bellibolt|Charge|Brave Bird|[from] ability: Electromorphosis\n|-damage|p2a: Mandibuzz|224/326|[from] Recoil\n|move|p2b: Veluza|Psycho Cut|p1b: Quagsire\n|-damage|p1b: Quagsire|0 fnt\n|faint|p1b: Quagsire\n|\n|-sideend|p2: Sleator999|move: Tailwind\n|upkeep\n|inactive|fadi9 has 120 seconds left.\n|\n|t:|1770503135\n|switch|p1b: Vivillon|Vivillon-Sandstorm, L88, M|101/284\n|turn|5\n|\n|t:|1770503155\n|switch|p2a: Wo-Chien|Wo-Chien, L85|283/283\n|-ability|p2a: Wo-Chien|Tablets of Ruin\n|switch|p2b: Gastrodon|Gastrodon-East, L82, F|316/316\n|move|p1b: Vivillon|Sleep Powder|p2b: Gastrodon\n|-status|p2b: Gastrodon|slp|[from] move: Sleep Powder\n|move|p1a: Bellibolt|Thunderbolt|p2a: Wo-Chien\n|-resisted|p2a: Wo-Chien\n|-damage|p2a: Wo-Chien|220/283\n|-end|p1a: Bellibolt|Charge|[silent]\n|\n|upkeep\n|turn|6\n|c|☆fadi9|I don't hate mimikyu, just don't care about mandibuzz\n|inactive|fadi9 has 120 seconds left.\n|\n|t:|1770503187\n|move|p2a: Wo-Chien|Protect|p2a: Wo-Chien\n|-singleturn|p2a: Wo-Chien|Protect\n|move|p1b: Vivillon|Pollen Puff|p2a: Wo-Chien\n|-activate|p2a: Wo-Chien|move: Protect\n|move|p1a: Bellibolt|Thunderbolt|p2a: Wo-Chien\n|-activate|p2a: Wo-Chien|move: Protect\n|cant|p2b: Gastrodon|slp\n|\n|upkeep\n|turn|7\n|\n|t:|1770503217\n|-terastallize|p2a: Wo-Chien|Poison\n|move|p1b: Vivillon|Hurricane|p2b: Gastrodon\n|-damage|p2b: Gastrodon|235/316 slp\n|-start|p2b: Gastrodon|confusion\n|move|p2a: Wo-Chien|Leech Seed|p1a: Bellibolt\n|-start|p1a: Bellibolt|move: Leech Seed\n|move|p1a: Bellibolt|Thunder Wave|p2a: Wo-Chien\n|-status|p2a: Wo-Chien|par\n|-curestatus|p2b: Gastrodon|slp|[msg]\n|-activate|p2b: Gastrodon|confusion\n|move|p2b: Gastrodon|Icy Wind|p1a: Bellibolt|[spread] p1a,p1b\n|-supereffective|p1b: Vivillon\n|-damage|p1a: Bellibolt|232/309\n|-damage|p1b: Vivillon|27/284\n|-unboost|p1a: Bellibolt|spe|1\n|-unboost|p1b: Vivillon|spe|1\n|-start|p1a: Bellibolt|Charge|Icy Wind|[from] ability: Electromorphosis\n|\n|-damage|p1a: Bellibolt|194/309|[from] Leech Seed|[of] p2a: Wo-Chien\n|-heal|p2a: Wo-Chien|258/283 par|[silent]\n|upkeep\n|turn|8\n|\n|t:|1770503246\n|move|p1b: Vivillon|Sleep Powder|p2b: Gastrodon\n|-status|p2b: Gastrodon|slp|[from] move: Sleep Powder\n|cant|p2b: Gastrodon|slp\n|cant|p2a: Wo-Chien|par\n|move|p1a: Bellibolt|Thunderbolt|p2a: Wo-Chien\n|-damage|p2a: Wo-Chien|129/283 par\n|-enditem|p2a: Wo-Chien|Sitrus Berry|[eat]\n|-heal|p2a: Wo-Chien|199/283 par|[from] item: Sitrus Berry\n|-end|p1a: Bellibolt|Charge|[silent]\n|\n|-damage|p1a: Bellibolt|156/309|[from] Leech Seed|[of] p2a: Wo-Chien\n|-heal|p2a: Wo-Chien|237/283 par|[silent]\n|upkeep\n|turn|9\n|\n|t:|1770503264\n|move|p2a: Wo-Chien|Protect|p2a: Wo-Chien\n|-singleturn|p2a: Wo-Chien|Protect\n|move|p1b: Vivillon|Hurricane|p2a: Wo-Chien\n|-activate|p2a: Wo-Chien|move: Protect\n|-curestatus|p2b: Gastrodon|slp|[msg]\n|-end|p2b: Gastrodon|confusion\n|move|p2b: Gastrodon|Icy Wind|p1a: Bellibolt|[spread] p1a,p1b\n|-supereffective|p1b: Vivillon\n|-damage|p1a: Bellibolt|130/309\n|-damage|p1b: Vivillon|0 fnt\n|-unboost|p1a: Bellibolt|spe|1\n|-start|p1a: Bellibolt|Charge|Icy Wind|[from] ability: Electromorphosis\n|-enditem|p1a: Bellibolt|Sitrus Berry|[eat]\n|-heal|p1a: Bellibolt|207/309|[from] item: Sitrus Berry\n|faint|p1b: Vivillon\n|move|p1a: Bellibolt|Thunderbolt|p2a: Wo-Chien\n|-activate|p2a: Wo-Chien|move: Protect\n|-end|p1a: Bellibolt|Charge|[silent]\n|\n|-damage|p1a: Bellibolt|169/309|[from] Leech Seed|[of] p2a: Wo-Chien\n|-heal|p2a: Wo-Chien|275/283 par|[silent]\n|upkeep\n|\n|t:|1770503278\n|switch|p1b: Hatterene|Hatterene, L84, F|233/233\n|turn|10\n|inactive|fadi9 has 120 seconds left.\n|inactive|Sleator999 has 120 seconds left.\n|\n|t:|1770503339\n|move|p2b: Gastrodon|Earth Power|p1a: Bellibolt\n|-supereffective|p1a: Bellibolt\n|-damage|p1a: Bellibolt|0 fnt\n|faint|p1a: Bellibolt\n|move|p2a: Wo-Chien|Knock Off|p1b: Hatterene\n|-damage|p1b: Hatterene|140/233\n|-enditem|p1b: Hatterene|Life Orb|[from] move: Knock Off|[of] p2a: Wo-Chien\n|move|p1b: Hatterene|Psychic|p2a: Wo-Chien\n|-supereffective|p2a: Wo-Chien\n|-damage|p2a: Wo-Chien|89/283 par\n|\n|upkeep\n|inactive|fadi9 has 90 seconds left.\n|\n|t:|1770503349\n|switch|p1a: Toedscruel|Toedscruel, L87, F|281/281\n|turn|11\n|inactive|Sleator999 has 120 seconds left.\n|inactive|fadi9 has 90 seconds left.\n|\n|t:|1770503377\n|switch|p2b: Mandibuzz|Mandibuzz, L85, F|224/326\n|-terastallize|p1a: Toedscruel|Water\n|move|p1a: Toedscruel|Earth Power|p2a: Wo-Chien\n|-supereffective|p2a: Wo-Chien\n|-damage|p2a: Wo-Chien|0 fnt\n|faint|p2a: Wo-Chien\n|move|p1b: Hatterene|Trick Room|p1b: Hatterene\n|-fieldstart|move: Trick Room|[of] p1b: Hatterene\n|\n|upkeep\n|\n|t:|1770503399\n|switch|p2a: Gastrodon|Gastrodon-East, L82, F|235/316\n|turn|12\n|inactive|Sleator999 has 120 seconds left.\n|\n|t:|1770503409\n|move|p1b: Hatterene|Dazzling Gleam|p2b: Mandibuzz|[spread] p2a,p2b\n|-supereffective|p2b: Mandibuzz\n|-damage|p2a: Gastrodon|180/316\n|-damage|p2b: Mandibuzz|80/326\n|move|p2a: Gastrodon|Clear Smog|p1b: Hatterene\n|-supereffective|p1b: Hatterene\n|-damage|p1b: Hatterene|78/233\n|-clearboost|p1b: Hatterene\n|move|p2b: Mandibuzz|Knock Off|p1a: Toedscruel\n|-damage|p1a: Toedscruel|191/281\n|-enditem|p1a: Toedscruel|Sitrus Berry|[from] move: Knock Off|[of] p2b: Mandibuzz\n|move|p1a: Toedscruel|Earth Power|p2a: Gastrodon\n|-damage|p2a: Gastrodon|114/316\n|\n|upkeep\n|turn|13\n|inactive|fadi9 has 120 seconds left.\n|inactive|Sleator999 has 120 seconds left.\n|\n|t:|1770503435\n|switch|p2a: Excadrill|Excadrill, L82, M|315/315\n|-ability|p2a: Excadrill|Mold Breaker\n|move|p1b: Hatterene|Dazzling Gleam|p2b: Mandibuzz|[spread] p2a,p2b\n|-resisted|p2a: Excadrill\n|-supereffective|p2b: Mandibuzz\n|-damage|p2a: Excadrill|264/315\n|-damage|p2b: Mandibuzz|0 fnt\n|faint|p2b: Mandibuzz\n|move|p1a: Toedscruel|Knock Off|p2a: Excadrill\n|-damage|p2a: Excadrill|182/315\n|-enditem|p2a: Excadrill|Life Orb|[from] move: Knock Off|[of] p1a: Toedscruel\n|\n|upkeep\n|inactive|Sleator999 has 120 seconds left.\n|\n|t:|1770503450\n|switch|p2b: Veluza|Veluza, L88, F|302/302\n|turn|14\n|\n|t:|1770503461\n|move|p2a: Excadrill|Protect|p2a: Excadrill\n|-singleturn|p2a: Excadrill|Protect\n|move|p1a: Toedscruel|Rage Powder|p1a: Toedscruel\n|-singleturn|p1a: Toedscruel|move: Rage Powder\n|move|p2b: Veluza|Aqua Jet|p1a: Toedscruel\n|-resisted|p1a: Toedscruel\n|-crit|p1a: Toedscruel\n|-damage|p1a: Toedscruel|123/281\n|move|p1b: Hatterene|Mystical Fire|p2a: Excadrill\n|-activate|p2a: Excadrill|move: Protect\n|\n|upkeep\n|turn|15\n|\n|t:|1770503483\n|switch|p2a: Gastrodon|Gastrodon-East, L82, F|114/316\n|move|p1a: Toedscruel|Rage Powder|p1a: Toedscruel\n|-singleturn|p1a: Toedscruel|move: Rage Powder\n|move|p2b: Veluza|Aqua Jet|p1a: Toedscruel\n|-resisted|p1a: Toedscruel\n|-damage|p1a: Toedscruel|80/281\n|move|p1b: Hatterene|Dazzling Gleam|p2a: Gastrodon|[spread] p2a,p2b\n|-damage|p2a: Gastrodon|50/316\n|-damage|p2b: Veluza|197/302\n|\n|-fieldend|move: Trick Room\n|upkeep\n|turn|16\n|inactive|fadi9 has 120 seconds left.\n|\n|t:|1770503516\n|move|p2b: Veluza|Aqua Jet|p2a: Gastrodon\n|-activate|p2a: Gastrodon|ability: Storm Drain\n|-ability|p2a: Gastrodon|Storm Drain|boost\n|-boost|p2a: Gastrodon|spa|1\n|move|p1a: Toedscruel|Earth Power|p2a: Gastrodon\n|-damage|p2a: Gastrodon|0 fnt\n|faint|p2a: Gastrodon\n|move|p1b: Hatterene|Dazzling Gleam|p2b: Veluza\n|-crit|p2b: Veluza\n|-damage|p2b: Veluza|0 fnt\n|faint|p2b: Veluza\n|\n|upkeep\n|inactive|Sleator999 has 120 seconds left.\n|c|☆fadi9|Gg\n|\n|t:|1770503530\n|switch|p2b: Excadrill|Excadrill, L82, M|182/315\n|-ability|p2b: Excadrill|Mold Breaker\n|turn|17\n|\n|t:|1770503545\n|move|p1a: Toedscruel|Earth Power|p2b: Excadrill\n|-supereffective|p2b: Excadrill\n|-damage|p2b: Excadrill|0 fnt\n|faint|p2b: Excadrill\n|\n|win|fadi9\n|raw|fadi9's rating: 1931 &rarr; <strong>1955</strong><br />(+24 for winning)\n|raw|Sleator999's rating: 2001 &rarr; <strong>1977</strong><br />(-24 for losing)\n|l|☆Sleator999\n|player|p2|\n|c|☆fadi9|Oh oh oh oh Reilly\n|c|☆fadi9|Auto farts\n", "inputlog": ">version ccdc32dd7cde25fd9e4bed64820e885f66e78a4e\n>start {\"formatid\":\"gen9randomdoublesbattle\",\"seed\":\"sodium,078f5f2067247bed1aa61fede0b5fb1f\",\"rated\":\"Rated battle\"}\n>player p1 {\"name\":\"fadi9\",\"avatar\":\"lyra-masters2\",\"rating\":1931,\"seed\":\"sodium,2fc7f17f343db96987d2a04f1a334faf\"}\n>player p2 {\"name\":\"Sleator999\",\"avatar\":\"fisherman-gen4\",\"rating\":2001,\"seed\":\"sodium,b9b1413d340c1020e0c40130244381f1\"}\n>chat ☆fadi9|Oh oh oh oh Reilly\n>chat ☆fadi9|Autofarts\n>chat ☆Sleator999|bro what haha\n>chat ☆fadi9|Glhf\n>p1 move sleeppowder +2, move liquidation +2\n>p2 move tailwind, move swordsdance\n>p1 move hurricane +2, move highhorsepower +2\n>p2 move bravebird +1, move swordsdance\n>chat ☆Sleator999|glhf\n>chat ☆Sleator999|you must hate mimikyu damn\n>p2 pass, switch 3\n>p1 move protect, move liquidation +1\n>p2 move bravebird +1, move psychocut +2\n>p1 switch 6, move yawn +2\n>p2 move bravebird +1, move psychocut +2\n>p1 pass, switch 6\n>p1 move thunderbolt +1, move sleeppowder +2\n>p2 switch 4, switch 5\n>chat ☆fadi9|I don't hate mimikyu, just don't care about mandibuzz\n>p1 move thunderbolt +1, move pollenpuff +1\n>p2 move protect, move icywind\n>p1 move thunderwave +1, move hurricane +2\n>p2 move leechseed +1 terastallize, move icywind\n>p1 move thunderbolt +1, move sleeppowder +2\n>p2 move knockoff +1, move icywind\n>p1 move thunderbolt +1, move hurricane +1\n>p2 move protect, move icywind\n>p1 pass, switch 3\n>p1 move slackoff, move psychic +1\n>p2 move knockoff +2, move earthpower +1\n>p1 switch 5, pass\n>p1 move earthpower +1 terastallize, move trickroom\n>p2 move leechseed +2, switch 4\n>p2 switch 4, pass\n>p1 move earthpower +1, move dazzlinggleam\n>p2 move clearsmog +2, move knockoff +1\n>p1 move knockoff +1, move dazzlinggleam\n>p2 switch 6, move roost\n>p2 pass, switch 5\n>p1 move ragepowder, move mysticalfire +1\n>p2 move protect, move aquajet +2\n>p1 move ragepowder, move dazzlinggleam\n>p2 switch 6, move aquajet +2\n>p1 move earthpower +1, move dazzlinggleam\n>p2 move muddywater, move aquajet +2\n>chat ☆fadi9|Gg\n>p2 pass, switch 6\n>p1 move earthpower +2, move mysticalfire +2\n>p2 pass, move highhorsepower +1", "uploadtime": 1770503570, "views": 103, "formatid": "gen9randomdoublesbattle", "rating": 1955, "private": 0, "password": null}