{"id": "gen9randomdoublesbattle-2538837441", "format": "[Gen 9] Random Doubles Battle", "players": ["KatKraydel", "Prof_Mau"], "log": "|j|☆KatKraydel\n|j|☆Prof_Mau\n|t:|1770982863\n|gametype|doubles\n|player|p1|KatKraydel|iono-masters2|1756\n|player|p2|Prof_Mau|2|1817\n|gen|9\n|tier|[Gen 9] Random Doubles Battle\n|rated|\n|rule|Species Clause: Limit one of each Pokémon\n|rule|HP Percentage Mod: HP is shown in percentages\n|rule|Illusion Level Mod: Illusion disguises the Pokémon's true level\n|rule|Sleep Clause Mod: Limit one foe put to sleep\n|\n|t:|1770982863\n|teamsize|p1|6\n|teamsize|p2|6\n|start\n|switch|p1a: Garganacl|Garganacl, L81, F|295/295\n|switch|p1b: Dudunsparce|Dudunsparce-Three-Segment, L86, F|355/355\n|switch|p2a: Seviper|Seviper, L96, F|296/296\n|switch|p2b: Meowstic|Meowstic-F, L89, F|277/277\n|turn|1\n|\n|t:|1770982902\n|move|p2b: Meowstic|Psychic|p1b: Dudunsparce\n|-damage|p1b: Dudunsparce|222/355\n|-damage|p2b: Meowstic|250/277|[from] item: Life Orb\n|move|p2a: Seviper|Glare|p1a: Garganacl\n|-immune|p1a: Garganacl|[from] ability: Purifying Salt\n|move|p1b: Dudunsparce|Glare|p2a: Seviper\n|-status|p2a: Seviper|par\n|move|p1a: Garganacl|Stealth Rock|p2b: Meowstic\n|-sidestart|p2: Prof_Mau|move: Stealth Rock\n|\n|upkeep\n|turn|2\n|\n|t:|1770982922\n|move|p2b: Meowstic|Psychic|p1a: Garganacl\n|-damage|p1a: Garganacl|159/295\n|-damage|p2b: Meowstic|223/277|[from] item: Life Orb\n|move|p1b: Dudunsparce|Glare|p2b: Meowstic\n|-status|p2b: Meowstic|par\n|move|p1a: Garganacl|Salt Cure|p2a: Seviper\n|-crit|p2a: Seviper\n|-damage|p2a: Seviper|226/296 par\n|-start|p2a: Seviper|Salt Cure\n|cant|p2a: Seviper|par\n|\n|-heal|p1a: Garganacl|177/295|[from] item: Leftovers\n|-activate|p2a: Seviper|ability: Shed Skin\n|-curestatus|p2a: Seviper|par|[msg]\n|-damage|p2a: Seviper|189/296|[from] Salt Cure\n|upkeep\n|turn|3\n|\n|t:|1770982945\n|move|p2a: Seviper|Gunk Shot|p1a: Garganacl\n|-resisted|p1a: Garganacl\n|-damage|p1a: Garganacl|99/295\n|-damage|p2a: Seviper|160/296|[from] item: Life Orb\n|move|p1b: Dudunsparce|Earth Power|p2a: Seviper\n|-supereffective|p2a: Seviper\n|-damage|p2a: Seviper|18/296\n|move|p2b: Meowstic|Psychic|p1a: Garganacl\n|-damage|p1a: Garganacl|0 fnt\n|faint|p1a: Garganacl\n|-damage|p2b: Meowstic|196/277 par|[from] item: Life Orb\n|\n|-damage|p2a: Seviper|0 fnt|[from] Salt Cure\n|faint|p2a: Seviper\n|upkeep\n|\n|t:|1770982961\n|switch|p2a: Lilligant|Lilligant-Hisui, L84, F|255/255\n|switch|p1a: Weavile|Weavile, L81, M|246/246\n|-damage|p2a: Lilligant|240/255|[from] Stealth Rock\n|turn|4\n|\n|t:|1770982993\n|-terastallize|p2a: Lilligant|Fighting\n|move|p1a: Weavile|Triple Axel|p2a: Lilligant\n|-damage|p2a: Lilligant|212/255\n|-damage|p2a: Lilligant|157/255\n|-damage|p2a: Lilligant|78/255\n|-hitcount|p2a: Lilligant|3\n|move|p2a: Lilligant|Victory Dance|p2a: Lilligant\n|-boost|p2a: Lilligant|atk|1\n|-boost|p2a: Lilligant|def|1\n|-boost|p2a: Lilligant|spe|1\n|move|p1b: Dudunsparce|Hyper Drill|p2b: Meowstic\n|-damage|p2b: Meowstic|84/277 par\n|move|p2b: Meowstic|Alluring Voice|p1a: Weavile\n|-supereffective|p1a: Weavile\n|-damage|p1a: Weavile|98/246\n|-damage|p2b: Meowstic|57/277 par|[from] item: Life Orb\n|\n|upkeep\n|turn|5\n|\n|t:|1770983022\n|switch|p1a: Pelipper|Pelipper, L83, F|235/235\n|-weather|RainDance|[from] ability: Drizzle|[of] p1a: Pelipper\n|move|p2a: Lilligant|Leaf Blade|p1a: Pelipper\n|-damage|p1a: Pelipper|0 fnt\n|faint|p1a: Pelipper\n|-damage|p2a: Lilligant|53/255|[from] item: Life Orb\n|move|p1b: Dudunsparce|Glare|p2a: Lilligant\n|-status|p2a: Lilligant|par\n|move|p2b: Meowstic|Psychic|p1b: Dudunsparce\n|-damage|p1b: Dudunsparce|86/355\n|-enditem|p1b: Dudunsparce|Sitrus Berry|[eat]\n|-heal|p1b: Dudunsparce|174/355|[from] item: Sitrus Berry\n|-damage|p2b: Meowstic|30/277 par|[from] item: Life Orb\n|\n|-weather|RainDance|[upkeep]\n|upkeep\n|\n|t:|1770983043\n|switch|p1a: Weavile|Weavile, L81, M|98/246\n|turn|6\n|\n|t:|1770983065\n|move|p1a: Weavile|Triple Axel|p2a: Lilligant\n|-damage|p2a: Lilligant|34/255 par\n|-damage|p2a: Lilligant|0 fnt\n|faint|p2a: Lilligant\n|-hitcount|p2: Lilligant|2\n|move|p1b: Dudunsparce|Hyper Drill|p2b: Meowstic\n|-damage|p2b: Meowstic|0 fnt\n|faint|p2b: Meowstic\n|\n|-weather|RainDance|[upkeep]\n|upkeep\n|\n|t:|1770983081\n|switch|p2b: Weavile|Weavile, L81, M|246/246\n|switch|p2a: Falinks|Falinks, L87|255/255\n|-damage|p2b: Weavile|185/246|[from] Stealth Rock\n|-damage|p2a: Falinks|240/255|[from] Stealth Rock\n|turn|7\n|\n|t:|1770983099\n|switch|p1a: Ho-Oh|Ho-Oh, L70|264/264\n|move|p2b: Weavile|Knock Off|p1a: Ho-Oh\n|-damage|p1a: Ho-Oh|92/264\n|-enditem|p1a: Ho-Oh|Sitrus Berry|[from] move: Knock Off|[of] p2b: Weavile\n|-damage|p2b: Weavile|161/246|[from] item: Life Orb\n|move|p2a: Falinks|Close Combat|p1b: Dudunsparce\n|-supereffective|p1b: Dudunsparce\n|-damage|p1b: Dudunsparce|0 fnt\n|-unboost|p2a: Falinks|def|1\n|-unboost|p2a: Falinks|spd|1\n|faint|p1b: Dudunsparce\n|-damage|p2a: Falinks|215/255|[from] item: Life Orb\n|\n|-weather|RainDance|[upkeep]\n|upkeep\n|\n|t:|1770983109\n|switch|p1b: Weavile|Weavile, L81, M|98/246\n|turn|8\n|\n|t:|1770983123\n|move|p1b: Weavile|Fake Out|p2b: Weavile\n|-damage|p2b: Weavile|122/246\n|cant|p2b: Weavile|flinch\n|move|p2a: Falinks|Iron Head|p1b: Weavile\n|-supereffective|p1b: Weavile\n|-damage|p1b: Weavile|0 fnt\n|faint|p1b: Weavile\n|-damage|p2a: Falinks|190/255|[from] item: Life Orb\n|move|p1a: Ho-Oh|Tailwind|p1a: Ho-Oh\n|-sidestart|p1: KatKraydel|move: Tailwind\n|\n|-weather|RainDance|[upkeep]\n|upkeep\n|\n|t:|1770983147\n|switch|p1b: Sunflora|Sunflora, F|312/312\n|turn|9\n|\n|t:|1770983160\n|switch|p2a: Raikou|Raikou, L81|278/278\n|-damage|p2a: Raikou|244/278|[from] Stealth Rock\n|move|p2b: Weavile|Protect|p2b: Weavile\n|-singleturn|p2b: Weavile|Protect\n|move|p1a: Ho-Oh|Sacred Fire|p2a: Raikou\n|-damage|p2a: Raikou|192/278\n|move|p1b: Sunflora|Dazzling Gleam|p2a: Raikou|[spread] p2a\n|-activate|p2b: Weavile|move: Protect\n|-crit|p2a: Raikou\n|-damage|p2a: Raikou|70/278\n|-enditem|p2a: Raikou|Sitrus Berry|[eat]\n|-heal|p2a: Raikou|139/278|[from] item: Sitrus Berry\n|-damage|p1b: Sunflora|281/312|[from] item: Life Orb\n|\n|-weather|none\n|upkeep\n|turn|10\n|\n|t:|1770983194\n|move|p2a: Raikou|Protect|p2a: Raikou\n|-singleturn|p2a: Raikou|Protect\n|move|p2b: Weavile|Ice Shard|p1b: Sunflora\n|-supereffective|p1b: Sunflora\n|-damage|p1b: Sunflora|122/312\n|-damage|p2b: Weavile|98/246|[from] item: Life Orb\n|move|p1a: Ho-Oh|Sacred Fire|p2b: Weavile\n|-supereffective|p2b: Weavile\n|-damage|p2b: Weavile|0 fnt\n|faint|p2b: Weavile\n|move|p1b: Sunflora|Earth Power|p2a: Raikou\n|-activate|p2a: Raikou|move: Protect\n|\n|upkeep\n|\n|t:|1770983206\n|switch|p2b: Falinks|Falinks, L87|190/255\n|-damage|p2b: Falinks|175/255|[from] Stealth Rock\n|turn|11\n|\n|t:|1770983228\n|move|p1a: Ho-Oh|Earth Power|p2a: Raikou\n|-supereffective|p2a: Raikou\n|-damage|p2a: Raikou|49/278\n|move|p1b: Sunflora|Dazzling Gleam|p2a: Raikou|[spread] p2a,p2b\n|-supereffective|p2b: Falinks\n|-damage|p2a: Raikou|0 fnt\n|-damage|p2b: Falinks|0 fnt\n|faint|p2a: Raikou\n|faint|p2b: Falinks\n|-damage|p1b: Sunflora|91/312|[from] item: Life Orb\n|\n|win|KatKraydel\n|raw|KatKraydel's rating: 1756 &rarr; <strong>1779</strong><br />(+23 for winning)\n|raw|Prof_Mau's rating: 1817 &rarr; <strong>1794</strong><br />(-23 for losing)\n", "inputlog": ">version ccdc32dd7cde25fd9e4bed64820e885f66e78a4e\n>start {\"formatid\":\"gen9randomdoublesbattle\",\"seed\":\"sodium,1847cbf0f03c43a6625e01bea1d6f00d\",\"rated\":\"Rated battle\"}\n>player p1 {\"name\":\"KatKraydel\",\"avatar\":\"iono-masters2\",\"rating\":1756,\"seed\":\"sodium,741af1f12a24328f7267bf8806af1e2e\"}\n>player p2 {\"name\":\"Prof_Mau\",\"avatar\":\"2\",\"rating\":1817,\"seed\":\"sodium,cbc286ddc49a9eb14fd70fceda280cb1\"}\n>p1 move stealthrock, move glare +1\n>p2 move glare +1, move psychic +2\n>p1 move saltcure +1, move glare +2\n>p2 move gunkshot +2, move psychic +1\n>p1 move recover, move earthpower +1\n>p2 move gunkshot +1, move psychic +1\n>p1 switch 3, pass\n>p2 switch 5, pass\n>p1 move tripleaxel +1, move hyperdrill +2\n>p2 move victorydance terastallize, move alluringvoice +1\n>p1 switch 4, move glare +1\n>p2 move leafblade +1, move psychic +2\n>p1 switch 4, pass\n>p1 move tripleaxel +1, move hyperdrill +2\n>p2 move leafblade +1, move alluringvoice +1\n>p2 switch 6, switch 4\n>p1 switch 5, move glare +1\n>p2 move closecombat +2, move knockoff +1\n>p1 pass, switch 5\n>p1 move tailwind, move fakeout +2\n>p2 move ironhead +2, move tripleaxel +1\n>p1 pass, switch 6\n>p1 move sacredfire +1, move dazzlinggleam\n>p2 switch 3, move protect\n>p1 move sacredfire +2, move earthpower +1\n>p2 move protect, move iceshard +2\n>p2 pass, switch 3\n>p1 move earthpower +1, move dazzlinggleam\n>p2 move thunderbolt +1, move closecombat +2", "uploadtime": 1770983236, "views": 71, "formatid": "gen9randomdoublesbattle", "rating": 1779, "private": 0, "password": null}