{"id": "gen9randomdoublesbattle-2534891816", "format": "[Gen 9] Random Doubles Battle", "players": ["Ploki890", "007d"], "log": "|j|☆Ploki890\n|j|☆007d\n|t:|1770489490\n|gametype|doubles\n|player|p1|Ploki890|265|1784\n|player|p2|007d|265|1714\n|gen|9\n|tier|[Gen 9] Random Doubles Battle\n|rated|\n|rule|Species Clause: Limit one of each Pokémon\n|rule|HP Percentage Mod: HP is shown in percentages\n|rule|Illusion Level Mod: Illusion disguises the Pokémon's true level\n|rule|Sleep Clause Mod: Limit one foe put to sleep\n|\n|t:|1770489490\n|teamsize|p1|6\n|teamsize|p2|6\n|start\n|switch|p1a: Arbok|Arbok, L88, F|249/249\n|switch|p1b: Ho-Oh|Ho-Oh, L70|264/264\n|switch|p2a: Typhlosion|Typhlosion, L79, M|253/253\n|switch|p2b: Shaymin|Shaymin-Sky, L77|281/281\n|-ability|p1a: Arbok|Intimidate|boost\n|-unboost|p2a: Typhlosion|atk|1\n|-unboost|p2b: Shaymin|atk|1\n|turn|1\n|\n|t:|1770489524\n|move|p1a: Arbok|Protect|p1a: Arbok\n|-singleturn|p1a: Arbok|Protect\n|move|p2b: Shaymin|Air Slash|p1b: Ho-Oh\n|-damage|p1b: Ho-Oh|189/264\n|-damage|p2b: Shaymin|253/281|[from] item: Life Orb\n|move|p2a: Typhlosion|Eruption|p1a: Arbok|[spread] p1b\n|-activate|p1a: Arbok|move: Protect\n|-resisted|p1b: Ho-Oh\n|-damage|p1b: Ho-Oh|120/264\n|-enditem|p1b: Ho-Oh|Sitrus Berry|[eat]\n|-heal|p1b: Ho-Oh|186/264|[from] item: Sitrus Berry\n|cant|p1b: Ho-Oh|flinch\n|\n|upkeep\n|turn|2\n|\n|t:|1770489546\n|move|p2b: Shaymin|Air Slash|p1a: Arbok\n|-damage|p1a: Arbok|148/249\n|-damage|p2b: Shaymin|225/281|[from] item: Life Orb\n|move|p2a: Typhlosion|Eruption|p1a: Arbok|[spread] p1a,p1b\n|-resisted|p1b: Ho-Oh\n|-damage|p1a: Arbok|0 fnt\n|-damage|p1b: Ho-Oh|124/264\n|faint|p1a: Arbok\n|move|p1b: Ho-Oh|Tailwind|p1b: Ho-Oh\n|-sidestart|p1: Ploki890|move: Tailwind\n|\n|upkeep\n|\n|t:|1770489569\n|switch|p1a: Floatzel|Floatzel, L86, F|286/286\n|turn|3\n|\n|t:|1770489579\n|switch|p2b: Iron Hands|Iron Hands, L77|364/364\n|switch|p2a: Breloom|Breloom, L84, M|238/238\n|move|p1a: Floatzel|Ice Spinner|p2b: Iron Hands\n|-damage|p2b: Iron Hands|286/364\n|-damage|p1a: Floatzel|258/286|[from] item: Life Orb\n|move|p1b: Ho-Oh|Earth Power|p2a: Breloom\n|-resisted|p2a: Breloom\n|-damage|p2a: Breloom|205/238\n|\n|upkeep\n|turn|4\n|\n|t:|1770489601\n|switch|p1b: Indeedee|Indeedee-F, L91, F|275/275\n|-fieldstart|move: Psychic Terrain|[from] ability: Psychic Surge|[of] p1b: Indeedee\n|move|p2b: Iron Hands|Fake Out|p1b: Indeedee\n|-activate|p1b: Indeedee|move: Psychic Terrain\n|move|p1a: Floatzel|Ice Spinner|p2a: Breloom\n|-supereffective|p2a: Breloom\n|-damage|p2a: Breloom|13/238\n|-fieldend|move: Psychic Terrain\n|-damage|p1a: Floatzel|230/286|[from] item: Life Orb\n|move|p2a: Breloom|Spore|p1b: Indeedee\n|-status|p1b: Indeedee|slp|[from] move: Spore\n|\n|upkeep\n|turn|5\n|\n|t:|1770489624\n|switch|p2a: Magcargo|Magcargo, L93, F|262/262\n|move|p1a: Floatzel|Wave Crash|p2a: Magcargo\n|-supereffective|p2a: Magcargo\n|-damage|p2a: Magcargo|0 fnt\n|faint|p2a: Magcargo\n|-damage|p1a: Floatzel|144/286|[from] Recoil\n|-damage|p1a: Floatzel|116/286|[from] item: Life Orb\n|cant|p1b: Indeedee|slp\n|move|p2b: Iron Hands|Close Combat|p1b: Indeedee\n|-damage|p1b: Indeedee|112/275 slp\n|-unboost|p2b: Iron Hands|def|1\n|-unboost|p2b: Iron Hands|spd|1\n|-enditem|p1b: Indeedee|Sitrus Berry|[eat]\n|-heal|p1b: Indeedee|180/275 slp|[from] item: Sitrus Berry\n|\n|-sideend|p1: Ploki890|move: Tailwind\n|upkeep\n|\n|t:|1770489647\n|switch|p2a: Breloom|Breloom, L84, M|13/238\n|turn|6\n|\n|t:|1770489655\n|move|p1a: Floatzel|Protect|p1a: Floatzel\n|-singleturn|p1a: Floatzel|Protect\n|move|p2a: Breloom|Mach Punch|p1a: Floatzel\n|-activate|p1a: Floatzel|move: Protect\n|cant|p1b: Indeedee|slp\n|move|p2b: Iron Hands|Close Combat|p1b: Indeedee\n|-damage|p1b: Indeedee|23/275 slp\n|-unboost|p2b: Iron Hands|def|1\n|-unboost|p2b: Iron Hands|spd|1\n|\n|upkeep\n|turn|7\n|\n|t:|1770489667\n|move|p1a: Floatzel|Aqua Jet|p2a: Breloom\n|-resisted|p2a: Breloom\n|-damage|p2a: Breloom|0 fnt\n|faint|p2a: Breloom\n|-damage|p1a: Floatzel|88/286|[from] item: Life Orb\n|cant|p1b: Indeedee|slp\n|move|p2b: Iron Hands|Wild Charge|p1a: Floatzel\n|-supereffective|p1a: Floatzel\n|-damage|p1a: Floatzel|0 fnt\n|faint|p1a: Floatzel\n|-damage|p2b: Iron Hands|264/364|[from] Recoil\n|\n|upkeep\n|\n|t:|1770489679\n|switch|p1a: Ho-Oh|Ho-Oh, L70|212/264\n|switch|p2a: Typhlosion|Typhlosion, L79, M|253/253\n|turn|8\n|\n|t:|1770489707\n|-end|p2b: Iron Hands|Quark Drive|[silent]\n|switch|p2b: Blissey|Blissey, L96, F|645/645\n|-terastallize|p1a: Ho-Oh|Ground\n|-curestatus|p1b: Indeedee|slp|[msg]\n|move|p1b: Indeedee|Helping Hand|p1a: Ho-Oh\n|-singleturn|p1a: Ho-Oh|Helping Hand|[of] p1b: Indeedee\n|move|p2a: Typhlosion|Heat Wave|p1a: Ho-Oh|[spread] p1b\n|-miss|p2a: Typhlosion|p1a: Ho-Oh\n|-damage|p1b: Indeedee|0 fnt\n|faint|p1b: Indeedee\n|move|p1a: Ho-Oh|Earth Power|p2a: Typhlosion\n|-supereffective|p2a: Typhlosion\n|-damage|p2a: Typhlosion|13/253\n|-unboost|p2a: Typhlosion|spd|1\n|\n|upkeep\n|\n|t:|1770489725\n|switch|p1b: Flamigo|Flamigo, L84, M|275/275\n|turn|9\n|\n|t:|1770489752\n|switch|p2b: Shaymin|Shaymin-Sky, L77|225/281\n|move|p1b: Flamigo|Close Combat|p2b: Shaymin\n|-resisted|p2b: Shaymin\n|-damage|p2b: Shaymin|135/281\n|-unboost|p1b: Flamigo|def|1\n|-unboost|p1b: Flamigo|spd|1\n|move|p2a: Typhlosion|Heat Wave|p1b: Flamigo|[spread] p1a,p1b\n|-damage|p1a: Ho-Oh|136/264\n|-damage|p1b: Flamigo|59/275\n|move|p1a: Ho-Oh|Tailwind|p1a: Ho-Oh\n|-sidestart|p1: Ploki890|move: Tailwind\n|\n|upkeep\n|turn|10\n|\n|t:|1770489772\n|switch|p2b: Blissey|Blissey, L96, F|645/645\n|move|p1b: Flamigo|Close Combat|p2a: Typhlosion\n|-damage|p2a: Typhlosion|0 fnt\n|-unboost|p1b: Flamigo|def|1\n|-unboost|p1b: Flamigo|spd|1\n|faint|p2a: Typhlosion\n|move|p1a: Ho-Oh|Sacred Fire|p2b: Blissey\n|-damage|p2b: Blissey|372/645\n|\n|upkeep\n|\n|t:|1770489777\n|switch|p2a: Iron Hands|Iron Hands, L77|264/364\n|turn|11\n|\n|t:|1770489799\n|switch|p1a: Iron Crown|Iron Crown, L78|268/268\n|move|p2a: Iron Hands|Fake Out|p1b: Flamigo\n|-damage|p1b: Flamigo|0 fnt\n|faint|p1b: Flamigo\n|move|p2b: Blissey|Hyper Voice|p1a: Iron Crown\n|-resisted|p1a: Iron Crown\n|-damage|p1a: Iron Crown|220/268\n|\n|upkeep\n|\n|t:|1770489810\n|switch|p1b: Ho-Oh|Ho-Oh, L70, tera:Ground|224/264\n|turn|12\n|\n|t:|1770489833\n|move|p1a: Iron Crown|Agility|p1a: Iron Crown\n|-boost|p1a: Iron Crown|spe|2\n|move|p1b: Ho-Oh|Sacred Fire|p2b: Blissey\n|-damage|p2b: Blissey|108/645\n|-status|p2b: Blissey|brn\n|-enditem|p2b: Blissey|Sitrus Berry|[eat]\n|-heal|p2b: Blissey|269/645 brn|[from] item: Sitrus Berry\n|move|p2b: Blissey|Thunder Wave|p1a: Iron Crown|[miss]\n|-miss|p2b: Blissey|p1a: Iron Crown\n|move|p2a: Iron Hands|Ice Punch|p1b: Ho-Oh\n|-supereffective|p1b: Ho-Oh\n|-damage|p1b: Ho-Oh|92/264\n|\n|-damage|p2b: Blissey|229/645 brn|[from] brn\n|-sideend|p1: Ploki890|move: Tailwind\n|upkeep\n|turn|13\n|\n|t:|1770489874\n|move|p1a: Iron Crown|Tachyon Cutter|p2a: Iron Hands\n|-resisted|p2a: Iron Hands\n|-damage|p2a: Iron Hands|240/364\n|-resisted|p2a: Iron Hands\n|-damage|p2a: Iron Hands|214/364\n|-hitcount|p2a: Iron Hands|2\n|move|p1b: Ho-Oh|Earth Power|p2a: Iron Hands\n|-supereffective|p2a: Iron Hands\n|-damage|p2a: Iron Hands|68/364\n|move|p2b: Blissey|Thunder Wave|p1a: Iron Crown\n|-status|p1a: Iron Crown|par\n|move|p2a: Iron Hands|Ice Punch|p1b: Ho-Oh\n|-supereffective|p1b: Ho-Oh\n|-damage|p1b: Ho-Oh|0 fnt\n|faint|p1b: Ho-Oh\n|\n|-damage|p2b: Blissey|189/645 brn|[from] brn\n|upkeep\n|turn|14\n|\n|t:|1770489889\n|move|p1a: Iron Crown|Tachyon Cutter|p2a: Iron Hands\n|-resisted|p2a: Iron Hands\n|-damage|p2a: Iron Hands|46/364\n|-resisted|p2a: Iron Hands\n|-damage|p2a: Iron Hands|22/364\n|-hitcount|p2a: Iron Hands|2\n|move|p2b: Blissey|Life Dew|p2b: Blissey|[spread] p2a,p2b\n|-heal|p2a: Iron Hands|113/364\n|-heal|p2b: Blissey|350/645 brn\n|move|p2a: Iron Hands|Close Combat|p1a: Iron Crown\n|-damage|p1a: Iron Crown|93/268 par\n|-unboost|p2a: Iron Hands|def|1\n|-unboost|p2a: Iron Hands|spd|1\n|\n|-damage|p2b: Blissey|310/645 brn|[from] brn\n|upkeep\n|turn|15\n|-message|Ploki890 forfeited.\n|\n|win|007d\n|raw|Ploki890's rating: 1784 &rarr; <strong>1760</strong><br />(-24 for losing)\n|raw|007d's rating: 1714 &rarr; <strong>1738</strong><br />(+24 for winning)\n", "inputlog": ">version ccdc32dd7cde25fd9e4bed64820e885f66e78a4e\n>start {\"formatid\":\"gen9randomdoublesbattle\",\"seed\":\"sodium,e88812cc685010d5c94dbac6c2ec4dcb\",\"rated\":\"Rated battle\"}\n>player p1 {\"name\":\"Ploki890\",\"avatar\":\"265\",\"rating\":1784,\"seed\":\"sodium,40b2232cdc212f723c6911371195fdc2\"}\n>player p2 {\"name\":\"007d\",\"avatar\":\"265\",\"rating\":1714,\"seed\":\"sodium,3e06392084d2cdd5890f8e62bf0ca6ad\"}\n>p1 move protect, move tailwind\n>p2 move eruption, move airslash +2\n>p1 move knockoff +1, move tailwind\n>p2 move eruption, move airslash +1\n>p1 switch 4, pass\n>p1 move icespinner +2, move earthpower +1\n>p2 switch 4, switch 6\n>p1 move icespinner +1, switch 5\n>p2 move spore +2, move fakeout +2\n>p1 move wavecrash +1, move psychic +2\n>p2 switch 3, move closecombat +2\n>p2 switch 3, pass\n>p1 move protect, move psychic +2\n>p2 move machpunch +1, move closecombat +2\n>p1 move aquajet +1, move psychic +2\n>p2 move machpunch +2, move wildcharge +1\n>p1 switch 5, pass\n>p2 switch 4, pass\n>p1 move earthpower +1 terastallize, move helpinghand -1\n>p2 move heatwave, switch 5\n>p1 pass, switch 6\n>p1 move tailwind, move closecombat +2\n>p2 move heatwave, switch 6\n>p1 move sacredfire +2, move closecombat +1\n>p2 move heatwave, switch 6\n>p2 switch 5, pass\n>p1 switch 3, move closecombat +2\n>p2 move fakeout +2, move hypervoice\n>p1 pass, switch 3\n>p1 move agility, move sacredfire +2\n>p2 move icepunch +2, move thunderwave +1\n>p1 move tachyoncutter +1, move earthpower +1\n>p2 move icepunch +2, move thunderwave +1\n>p1 move tachyoncutter +1, pass\n>p2 move closecombat +1, move lifedew\n>forcelose p1", "uploadtime": 1770489893, "views": 92, "formatid": "gen9randomdoublesbattle", "rating": 1738, "private": 0, "password": null}