{"id": "gen9randomdoublesbattle-2540565311", "format": "[Gen 9] Random Doubles Battle", "players": ["gooyet", "mynamegrassgreen"], "log": "|j|☆gooyet\n|j|☆mynamegrassgreen\n|t:|1771218903\n|gametype|doubles\n|player|p1|gooyet|170|1805\n|player|p2|mynamegrassgreen|266|1865\n|gen|9\n|tier|[Gen 9] Random Doubles Battle\n|rated|\n|rule|Species Clause: Limit one of each Pokémon\n|rule|HP Percentage Mod: HP is shown in percentages\n|rule|Illusion Level Mod: Illusion disguises the Pokémon's true level\n|rule|Sleep Clause Mod: Limit one foe put to sleep\n|\n|t:|1771218903\n|teamsize|p1|6\n|teamsize|p2|6\n|start\n|switch|p1a: Delphox|Delphox, L83, M|260/260\n|switch|p1b: Tatsugiri|Tatsugiri, L84, F|251/251\n|switch|p2a: Honchkrow|Honchkrow, L85, F|309/309\n|switch|p2b: Greedent|Greedent, L86, F|347/347\n|turn|1\n|inactive|Battle timer is ON: inactive players will automatically lose when time's up. (requested by gooyet)\n|\n|t:|1771218924\n|move|p1a: Delphox|Protect|p1a: Delphox\n|-singleturn|p1a: Delphox|Protect\n|move|p1b: Tatsugiri|Muddy Water|p2b: Greedent|[spread] p2a,p2b\n|-damage|p2a: Honchkrow|194/309\n|-damage|p2b: Greedent|247/347\n|-unboost|p2a: Honchkrow|accuracy|1\n|-unboost|p2b: Greedent|accuracy|1\n|move|p2a: Honchkrow|Tailwind|p2a: Honchkrow\n|-sidestart|p2: mynamegrassgreen|move: Tailwind\n|move|p2b: Greedent|Swords Dance|p2b: Greedent\n|-boost|p2b: Greedent|atk|2\n|\n|upkeep\n|turn|2\n|c|☆mynamegrassgreen|tf\n|\n|t:|1771218944\n|switch|p2a: Snorlax|Snorlax, L84, M|406/406\n|move|p1a: Delphox|Nasty Plot|p1a: Delphox\n|-boost|p1a: Delphox|spa|2\n|move|p1b: Tatsugiri|Muddy Water|p2a: Snorlax|[spread] p2a,p2b\n|-damage|p2a: Snorlax|337/406\n|-damage|p2b: Greedent|162/347\n|-unboost|p2a: Snorlax|accuracy|1\n|-unboost|p2b: Greedent|accuracy|1\n|-enditem|p2b: Greedent|Sitrus Berry|[eat]\n|-heal|p2b: Greedent|248/347|[from] item: Sitrus Berry\n|-heal|p2b: Greedent|347/347|[from] ability: Cheek Pouch\n|move|p2b: Greedent|High Horsepower|p1a: Delphox|[miss]\n|-miss|p2b: Greedent|p1a: Delphox\n|\n|upkeep\n|turn|3\n|inactive|mynamegrassgreen has 120 seconds left.\n|\n|t:|1771218974\n|move|p1a: Delphox|Protect|p1a: Delphox\n|-singleturn|p1a: Delphox|Protect\n|move|p2a: Snorlax|Double-Edge|p1b: Tatsugiri\n|-damage|p1b: Tatsugiri|0 fnt\n|faint|p1b: Tatsugiri\n|-damage|p2a: Snorlax|254/406|[from] Recoil\n|move|p2b: Greedent|High Horsepower|p1a: Delphox\n|-activate|p1a: Delphox|move: Protect\n|\n|upkeep\n|\n|t:|1771218984\n|switch|p1b: Mightyena|Mightyena, L95, F|287/287\n|-ability|p1b: Mightyena|Intimidate|boost\n|-unboost|p2a: Snorlax|atk|1\n|-unboost|p2b: Greedent|atk|1\n|turn|4\n|\n|t:|1771218992\n|switch|p2a: Honchkrow|Honchkrow, L85, F|194/309\n|move|p1a: Delphox|Psychic|p2b: Greedent\n|-damage|p2b: Greedent|45/347\n|-damage|p1a: Delphox|234/260|[from] item: Life Orb\n|move|p1b: Mightyena|Crunch|p2b: Greedent\n|-damage|p2b: Greedent|0 fnt\n|faint|p2b: Greedent\n|-damage|p1b: Mightyena|259/287|[from] item: Life Orb\n|\n|-sideend|p2: mynamegrassgreen|move: Tailwind\n|upkeep\n|\n|t:|1771219013\n|switch|p2b: Snorlax|Snorlax, L84, M|254/406\n|turn|5\n|\n|t:|1771219019\n|move|p2a: Honchkrow|Protect|p2a: Honchkrow\n|-singleturn|p2a: Honchkrow|Protect\n|move|p1a: Delphox|Nasty Plot|p1a: Delphox\n|-boost|p1a: Delphox|spa|2\n|move|p1b: Mightyena|Play Rough|p2a: Honchkrow\n|-activate|p2a: Honchkrow|move: Protect\n|move|p2b: Snorlax|Double-Edge|p1b: Mightyena\n|-damage|p1b: Mightyena|51/287\n|-damage|p2b: Snorlax|185/406|[from] Recoil\n|\n|upkeep\n|turn|6\n|\n|t:|1771219033\n|move|p1a: Delphox|Protect|p1a: Delphox\n|-singleturn|p1a: Delphox|Protect\n|move|p1b: Mightyena|Play Rough|p2a: Honchkrow\n|-supereffective|p2a: Honchkrow\n|-damage|p2a: Honchkrow|0 fnt\n|faint|p2a: Honchkrow\n|-damage|p1b: Mightyena|23/287|[from] item: Life Orb\n|move|p2b: Snorlax|Double-Edge|p1b: Mightyena\n|-damage|p1b: Mightyena|0 fnt\n|faint|p1b: Mightyena\n|-damage|p2b: Snorlax|177/406|[from] Recoil\n|\n|upkeep\n|\n|t:|1771219047\n|switch|p1b: Yanmega|Yanmega, L84, M|282/282\n|switch|p2a: Gengar|Gengar, L84, M|238/238\n|turn|7\n|\n|t:|1771219073\n|-terastallize|p1a: Delphox|Fire\n|move|p2a: Gengar|Shadow Ball|p1a: Delphox\n|-damage|p1a: Delphox|81/260\n|-unboost|p1a: Delphox|spd|1\n|move|p1a: Delphox|Heat Wave|p2b: Snorlax|[spread] p2a,p2b\n|-damage|p2a: Gengar|0 fnt\n|-damage|p2b: Snorlax|0 fnt\n|faint|p2a: Gengar\n|faint|p2b: Snorlax\n|-damage|p1a: Delphox|55/260|[from] item: Life Orb\n|move|p1b: Yanmega|Air Slash|p2: Gengar|[notarget]\n|-fail|p1b: Yanmega\n|\n|-ability|p1b: Yanmega|Speed Boost|boost\n|-boost|p1b: Yanmega|spe|1\n|upkeep\n|\n|t:|1771219081\n|switch|p2a: Raging Bolt|Raging Bolt, L77|319/319\n|switch|p2b: Armarouge|Armarouge, L80, M|267/267\n|turn|8\n|\n|t:|1771219097\n|move|p2a: Raging Bolt|Thunderclap|p1a: Delphox\n|-damage|p1a: Delphox|0 fnt\n|faint|p1a: Delphox\n|-damage|p2a: Raging Bolt|288/319|[from] item: Life Orb\n|move|p1b: Yanmega|Bug Buzz|p2a: Raging Bolt\n|-damage|p2a: Raging Bolt|140/319\n|-damage|p1b: Yanmega|254/282|[from] item: Life Orb\n|move|p2b: Armarouge|Heat Wave|p1b: Yanmega\n|-supereffective|p1b: Yanmega\n|-damage|p1b: Yanmega|0 fnt\n|faint|p1b: Yanmega\n|\n|upkeep\n|\n|t:|1771219110\n|switch|p1a: Sandaconda|Sandaconda, L88, M|270/270\n|switch|p1b: Forretress|Forretress, L90, M|281/281\n|turn|9\n|\n|t:|1771219124\n|move|p1a: Sandaconda|High Horsepower|p2a: Raging Bolt\n|-supereffective|p2a: Raging Bolt\n|-damage|p2a: Raging Bolt|0 fnt\n|faint|p2a: Raging Bolt\n|-end|p2a: Raging Bolt|Protosynthesis|[silent]\n|move|p2b: Armarouge|Heat Wave|p1a: Sandaconda|[spread] p1b\n|-miss|p2b: Armarouge|p1a: Sandaconda\n|-supereffective|p1b: Forretress\n|-ability|p1b: Forretress|Sturdy\n|-damage|p1b: Forretress|1/281\n|move|p1b: Forretress|Explosion|p2b: Armarouge|[spread] p1a,p2b\n|-damage|p1a: Sandaconda|105/270\n|-damage|p2b: Armarouge|68/267\n|faint|p1b: Forretress\n|\n|-heal|p1a: Sandaconda|121/270|[from] item: Leftovers\n|upkeep\n|turn|10\n|c|☆mynamegrassgreen|miss high horsepower pls\n|\n|t:|1771219138\n|-terastallize|p2b: Armarouge|Fighting\n|move|p1a: Sandaconda|High Horsepower|p2b: Armarouge|[miss]\n|-miss|p1a: Sandaconda|p2b: Armarouge\n|move|p2b: Armarouge|Heat Wave|p1a: Sandaconda\n|-damage|p1a: Sandaconda|0 fnt\n|faint|p1a: Sandaconda\n|\n|win|mynamegrassgreen\n|raw|gooyet's rating: 1805 &rarr; <strong>1788</strong><br />(-17 for losing)\n|raw|mynamegrassgreen's rating: 1865 &rarr; <strong>1882</strong><br />(+17 for winning)\n|c|☆mynamegrassgreen|for the acc drops\n|l|☆gooyet\n|player|p1|\n|j| Some 9 Tales\n", "inputlog": ">version 686819e5e19f8a7fd2345cfc5a08a5085efa2cc3\n>start {\"formatid\":\"gen9randomdoublesbattle\",\"seed\":\"sodium,28da56fb81ed4b3432b5016d340ca066\",\"rated\":\"Rated battle\"}\n>player p1 {\"name\":\"gooyet\",\"avatar\":\"170\",\"rating\":1805,\"seed\":\"sodium,a0a09de48c61e2067993ae39f3f170e3\"}\n>player p2 {\"name\":\"mynamegrassgreen\",\"avatar\":\"266\",\"rating\":1865,\"seed\":\"sodium,741db617b3d22efb400920cf3a28928d\"}\n>p1 move protect, move muddywater\n>p2 move tailwind, move swordsdance\n>chat ☆mynamegrassgreen|tf\n>p1 move nastyplot, move muddywater\n>p2 switch 4, move highhorsepower +1\n>p1 move protect, move muddywater\n>p2 move doubleedge +2, move highhorsepower +1\n>p1 pass, switch 6\n>p1 move psychic +2, move crunch +2\n>p2 switch 4, move doubleedge +2\n>p2 pass, switch 4\n>p1 move nastyplot, move playrough +1\n>p2 move protect, move doubleedge +2\n>p1 move protect, move playrough +1\n>p2 move tailwind, move doubleedge +2\n>p1 pass, switch 4\n>p2 switch 6, pass\n>p1 move heatwave terastallize, move airslash +1\n>p2 move shadowball +1, move doubleedge +2\n>p2 switch 5, switch 3\n>p1 move psychic +1, move bugbuzz +1\n>p2 move thunderclap +1, move heatwave\n>p1 switch 5, switch 3\n>p1 move highhorsepower +1, move explosion\n>p2 move dracometeor +1, move heatwave\n>chat ☆mynamegrassgreen|miss high horsepower pls\n>p1 move highhorsepower +2, pass\n>p2 pass, move heatwave terastallize", "uploadtime": 1771219178, "views": 32, "formatid": "gen9randomdoublesbattle", "rating": 1788, "private": 0, "password": null}