{"id": "gen9randomdoublesbattle-2537606590", "format": "[Gen 9] Random Doubles Battle", "players": ["Choujipr", "jameismon69yt"], "log": "|j|☆Choujipr\n|j|☆jameismon69yt\n|t:|1770831484\n|gametype|doubles\n|player|p1|Choujipr|hiker-gen4|1550\n|player|p2|jameismon69yt|2|1655\n|gen|9\n|tier|[Gen 9] Random Doubles Battle\n|rated|\n|rule|Species Clause: Limit one of each Pokémon\n|rule|HP Percentage Mod: HP is shown in percentages\n|rule|Illusion Level Mod: Illusion disguises the Pokémon's true level\n|rule|Sleep Clause Mod: Limit one foe put to sleep\n|\n|t:|1770831484\n|teamsize|p1|6\n|teamsize|p2|6\n|start\n|switch|p1a: Umbreon|Umbreon, L85, M|300/300\n|switch|p1b: Wigglytuff|Wigglytuff, L91, F|403/403\n|switch|p2a: Phione|Phione, L90|290/290\n|switch|p2b: Clodsire|Clodsire, L87, M|368/368\n|turn|1\n|l|☆jameismon69yt\n|player|p2|\n|j|☆jameismon69yt\n|player|p2|jameismon69yt|2|\n|inactive|Battle timer is ON: inactive players will automatically lose when time's up. (requested by jameismon69yt)\n|inactive|Choujipr has 120 seconds left.\n|\n|t:|1770831539\n|switch|p1b: Blastoise|Blastoise, L83, F|267/267\n|move|p2a: Phione|Take Heart|p2a: Phione\n|-boost|p2a: Phione|spa|1\n|-boost|p2a: Phione|spd|1\n|move|p1a: Umbreon|Thunder Wave|p2a: Phione|[miss]\n|-miss|p1a: Umbreon|p2a: Phione\n|move|p2b: Clodsire|Toxic Spikes|p1a: Umbreon\n|-sidestart|p1: Choujipr|move: Toxic Spikes\n|\n|upkeep\n|turn|2\n|\n|t:|1770831554\n|move|p2a: Phione|Take Heart|p2a: Phione\n|-boost|p2a: Phione|spa|1\n|-boost|p2a: Phione|spd|1\n|move|p1b: Blastoise|Shell Smash|p1b: Blastoise\n|-unboost|p1b: Blastoise|def|1\n|-unboost|p1b: Blastoise|spd|1\n|-boost|p1b: Blastoise|atk|2\n|-boost|p1b: Blastoise|spa|2\n|-boost|p1b: Blastoise|spe|2\n|-enditem|p1b: Blastoise|White Herb\n|-clearnegativeboost|p1b: Blastoise|[silent]\n|move|p1a: Umbreon|Thunder Wave|p2a: Phione\n|-status|p2a: Phione|par\n|move|p2b: Clodsire|Toxic Spikes|p1b: Blastoise\n|-sidestart|p1: Choujipr|move: Toxic Spikes\n|\n|upkeep\n|turn|3\n|\n|t:|1770831562\n|move|p1a: Umbreon|Helping Hand|p1b: Blastoise\n|-singleturn|p1b: Blastoise|Helping Hand|[of] p1a: Umbreon\n|move|p1b: Blastoise|Dragon Pulse|p2a: Phione\n|-damage|p2a: Phione|203/290 par\n|move|p2a: Phione|Take Heart|p2a: Phione\n|-boost|p2a: Phione|spa|1\n|-boost|p2a: Phione|spd|1\n|-curestatus|p2a: Phione|par|[msg]\n|move|p2b: Clodsire|Gunk Shot|p1b: Blastoise\n|-damage|p1b: Blastoise|173/267\n|\n|-heal|p2a: Phione|221/290|[from] item: Leftovers\n|upkeep\n|turn|4\n|\n|t:|1770831581\n|move|p2a: Phione|Protect|p2a: Phione\n|-singleturn|p2a: Phione|Protect\n|move|p1b: Blastoise|Muddy Water|p2a: Phione|[spread] \n|-activate|p2a: Phione|move: Protect\n|-immune|p2b: Clodsire|[from] ability: Water Absorb\n|move|p1a: Umbreon|Foul Play|p2a: Phione\n|-activate|p2a: Phione|move: Protect\n|move|p2b: Clodsire|Gunk Shot|p1b: Blastoise\n|-damage|p1b: Blastoise|76/267\n|-status|p1b: Blastoise|psn\n|\n|-heal|p2a: Phione|239/290|[from] item: Leftovers\n|-damage|p1b: Blastoise|43/267 psn|[from] psn\n|upkeep\n|turn|5\n|-message|Choujipr forfeited.\n|\n|win|jameismon69yt\n|raw|Choujipr's rating: 1550 &rarr; <strong>1536</strong><br />(-14 for losing)\n|raw|jameismon69yt's rating: 1655 &rarr; <strong>1669</strong><br />(+14 for winning)\n|l|☆Choujipr\n|player|p1|\n", "inputlog": ">version ccdc32dd7cde25fd9e4bed64820e885f66e78a4e\n>start {\"formatid\":\"gen9randomdoublesbattle\",\"seed\":\"sodium,9382aa30d831ecaea593b87619faccf7\",\"rated\":\"Rated battle\"}\n>player p1 {\"name\":\"Choujipr\",\"avatar\":\"hiker-gen4\",\"rating\":1550,\"seed\":\"sodium,c120e794fd6c23c3032d5d67e2426117\"}\n>player p2 {\"name\":\"jameismon69yt\",\"avatar\":\"2\",\"rating\":1655,\"seed\":\"sodium,e2a0aed473184a6fc6e5ca79f31b928e\"}\n>p1 move thunderwave +1, switch 4\n>p2 move takeheart, move toxicspikes\n>p1 move thunderwave +1, move shellsmash\n>p2 move takeheart, move toxicspikes\n>p1 move helpinghand -2, move dragonpulse +1\n>p2 move takeheart, move gunkshot +2\n>p1 move foulplay +1, move muddywater\n>p2 move protect, move gunkshot +2\n>forcelose p1", "uploadtime": 1770831599, "views": 70, "formatid": "gen9randomdoublesbattle", "rating": 1536, "private": 0, "password": null}