{"id": "gen9randomdoublesbattle-2537376530", "format": "[Gen 9] Random Doubles Battle", "players": ["BlossomLuvsMints", "Nath68"], "log": "|j|☆BlossomLuvsMints\n|j|☆Nath68\n|t:|1770806574\n|gametype|doubles\n|player|p1|BlossomLuvsMints|2|1532\n|player|p2|Nath68|gambler|1560\n|gen|9\n|tier|[Gen 9] Random Doubles Battle\n|rated|\n|rule|Species Clause: Limit one of each Pokémon\n|rule|HP Percentage Mod: HP is shown in percentages\n|rule|Illusion Level Mod: Illusion disguises the Pokémon's true level\n|rule|Sleep Clause Mod: Limit one foe put to sleep\n|\n|t:|1770806574\n|teamsize|p1|6\n|teamsize|p2|6\n|start\n|switch|p1a: Lapras|Lapras, L83, F|351/351\n|switch|p1b: Lilligant|Lilligant-Hisui, L84, F|255/255\n|switch|p2a: Quagsire|Quagsire, L91, M|321/321\n|switch|p2b: Entei|Entei, L77|304/304\n|turn|1\n|inactive|Battle timer is ON: inactive players will automatically lose when time's up. (requested by Nath68)\n|\n|t:|1770806604\n|move|p1b: Lilligant|Sleep Powder|p2b: Entei\n|-status|p2b: Entei|slp|[from] move: Sleep Powder\n|cant|p2b: Entei|slp\n|move|p1a: Lapras|Freeze-Dry|p2a: Quagsire\n|-supereffective|p2a: Quagsire\n|-crit|p2a: Quagsire\n|-damage|p2a: Quagsire|0 fnt\n|faint|p2a: Quagsire\n|\n|upkeep\n|\n|t:|1770806617\n|switch|p2a: Dodrio|Dodrio, L85, M|241/241\n|turn|2\n|\n|t:|1770806647\n|switch|p1b: Oranguru|Oranguru, L90, M|308/308\n|move|p2a: Dodrio|Knock Off|p1a: Lapras\n|-damage|p1a: Lapras|215/351\n|-enditem|p1a: Lapras|Sitrus Berry|[from] move: Knock Off|[of] p2a: Dodrio\n|-curestatus|p2b: Entei|slp|[msg]\n|move|p2b: Entei|Sacred Fire|p1b: Oranguru\n|-damage|p1b: Oranguru|145/308\n|-status|p1b: Oranguru|brn\n|-enditem|p1b: Oranguru|Sitrus Berry|[eat]\n|-heal|p1b: Oranguru|222/308 brn|[from] item: Sitrus Berry\n|move|p1a: Lapras|Icy Wind|p2b: Entei|[spread] p2a,p2b\n|-supereffective|p2a: Dodrio\n|-resisted|p2b: Entei\n|-damage|p2a: Dodrio|139/241\n|-damage|p2b: Entei|281/304\n|-unboost|p2a: Dodrio|spe|1\n|-unboost|p2b: Entei|spe|1\n|\n|-damage|p1b: Oranguru|203/308 brn|[from] brn\n|upkeep\n|turn|3\n|inactive|BlossomLuvsMints has 120 seconds left.\n|\n|t:|1770806690\n|switch|p2b: Garganacl|Garganacl, L81, F|295/295\n|move|p2a: Dodrio|Knock Off|p1b: Oranguru\n|-supereffective|p1b: Oranguru\n|-damage|p1b: Oranguru|45/308 brn\n|move|p1a: Lapras|Muddy Water|p2a: Dodrio|[spread] p2a,p2b\n|-supereffective|p2b: Garganacl\n|-damage|p2a: Dodrio|60/241\n|-damage|p2b: Garganacl|155/295\n|-unboost|p2a: Dodrio|accuracy|1\n|move|p1b: Oranguru|Instruct|p1a: Lapras\n|-singleturn|p1a: Lapras|move: Instruct|[of] p1b: Oranguru\n|move|p1a: Lapras|Muddy Water|p2b: Garganacl|[spread] p2a,p2b\n|-crit|p2a: Dodrio\n|-supereffective|p2b: Garganacl\n|-damage|p2a: Dodrio|0 fnt\n|-damage|p2b: Garganacl|29/295\n|-unboost|p2b: Garganacl|accuracy|1\n|faint|p2a: Dodrio\n|\n|-heal|p2b: Garganacl|47/295|[from] item: Leftovers\n|-damage|p1b: Oranguru|26/308 brn|[from] brn\n|upkeep\n|\n|t:|1770806705\n|switch|p2a: Entei|Entei, L77|281/304\n|turn|4\n|inactive|BlossomLuvsMints has 120 seconds left.\n|\n|t:|1770806725\n|move|p2a: Entei|Stomping Tantrum|p1a: Lapras\n|-damage|p1a: Lapras|126/351\n|move|p1a: Lapras|Icy Wind|p2b: Garganacl|[spread] p2a,p2b\n|-resisted|p2a: Entei\n|-damage|p2a: Entei|257/304\n|-damage|p2b: Garganacl|4/295\n|-unboost|p2a: Entei|spe|1\n|-unboost|p2b: Garganacl|spe|1\n|move|p1b: Oranguru|Hyper Voice|p2b: Garganacl|[spread] p2a,p2b\n|-resisted|p2b: Garganacl\n|-damage|p2a: Entei|160/304\n|-damage|p2b: Garganacl|0 fnt\n|faint|p2b: Garganacl\n|\n|-damage|p1b: Oranguru|7/308 brn|[from] brn\n|upkeep\n|\n|t:|1770806746\n|switch|p2b: Tatsugiri|Tatsugiri, L84, F|251/251\n|turn|5\n|\n|t:|1770806756\n|move|p2b: Tatsugiri|Rapid Spin|p1a: Lapras\n|-damage|p1a: Lapras|102/351\n|-boost|p2b: Tatsugiri|spe|1\n|move|p1a: Lapras|Freeze-Dry|p2b: Tatsugiri\n|-supereffective|p2b: Tatsugiri\n|-damage|p2b: Tatsugiri|79/251\n|move|p2a: Entei|Stomping Tantrum|p1a: Lapras\n|-damage|p1a: Lapras|21/351\n|move|p1b: Oranguru|Hyper Voice|p2a: Entei|[spread] p2a,p2b\n|-damage|p2a: Entei|61/304\n|-damage|p2b: Tatsugiri|31/251\n|\n|-damage|p1b: Oranguru|0 fnt|[from] brn\n|faint|p1b: Oranguru\n|upkeep\n|\n|t:|1770806772\n|switch|p1b: Hatterene|Hatterene, L84, F|233/233\n|turn|6\n|inactive|Nath68 has 120 seconds left.\n|\n|t:|1770806804\n|move|p2b: Tatsugiri|Icy Wind|p1a: Lapras|[spread] p1a,p1b\n|-resisted|p1a: Lapras\n|-damage|p1a: Lapras|13/351\n|-damage|p1b: Hatterene|202/233\n|-unboost|p1a: Lapras|spe|1\n|-unboost|p1b: Hatterene|spe|1\n|move|p2a: Entei|Stomping Tantrum|p1b: Hatterene\n|-damage|p1b: Hatterene|132/233\n|move|p1a: Lapras|Icy Wind|p2a: Entei|[spread] p2a,p2b\n|-resisted|p2a: Entei\n|-damage|p2a: Entei|39/304\n|-damage|p2b: Tatsugiri|3/251\n|-unboost|p2a: Entei|spe|1\n|-unboost|p2b: Tatsugiri|spe|1\n|move|p1b: Hatterene|Dazzling Gleam|p2b: Tatsugiri|[spread] p2a,p2b\n|-resisted|p2a: Entei\n|-supereffective|p2b: Tatsugiri\n|-damage|p2a: Entei|0 fnt\n|-damage|p2b: Tatsugiri|0 fnt\n|faint|p2a: Entei\n|faint|p2b: Tatsugiri\n|-damage|p1b: Hatterene|109/233|[from] item: Life Orb\n|\n|upkeep\n|inactive|Nath68 has 120 seconds left.\n|inactive|Nath68 has 90 seconds left.\n|\n|t:|1770806850\n|switch|p2a: Latios|Latios, L79, M|256/256\n|turn|7\n|\n|t:|1770806864\n|-terastallize|p2a: Latios|Steel\n|move|p2a: Latios|Luster Purge|p1a: Lapras\n|-damage|p1a: Lapras|0 fnt\n|faint|p1a: Lapras\n|move|p1b: Hatterene|Trick Room|p1b: Hatterene\n|-fieldstart|move: Trick Room|[of] p1b: Hatterene\n|\n|upkeep\n|\n|t:|1770806882\n|switch|p1a: Urshifu|Urshifu-Rapid-Strike, L75, F|274/274\n|turn|8\n|\n|t:|1770806896\n|move|p1b: Hatterene|Mystical Fire|p2a: Latios\n|-supereffective|p2a: Latios\n|-damage|p2a: Latios|87/256\n|-unboost|p2a: Latios|spa|1\n|-damage|p1b: Hatterene|86/233|[from] item: Life Orb\n|move|p1a: Urshifu|Close Combat|p2a: Latios\n|-supereffective|p2a: Latios\n|-damage|p2a: Latios|0 fnt\n|-unboost|p1a: Urshifu|def|1\n|-unboost|p1a: Urshifu|spd|1\n|faint|p2a: Latios\n|\n|win|BlossomLuvsMints\n|raw|BlossomLuvsMints's rating: 1532 &rarr; <strong>1554</strong><br />(+22 for winning)\n|raw|Nath68's rating: 1560 &rarr; <strong>1538</strong><br />(-22 for losing)\n|l|☆Nath68\n|player|p2|\n", "inputlog": ">version ccdc32dd7cde25fd9e4bed64820e885f66e78a4e\n>start {\"formatid\":\"gen9randomdoublesbattle\",\"seed\":\"sodium,2427d03da4b7b891af998967554a2a8b\",\"rated\":\"Rated battle\"}\n>player p1 {\"name\":\"BlossomLuvsMints\",\"avatar\":\"2\",\"rating\":1532,\"seed\":\"sodium,9bb6bd477cbcbfff666e8e6c17751338\"}\n>player p2 {\"name\":\"Nath68\",\"avatar\":\"gambler\",\"rating\":1560,\"seed\":\"sodium,6495c883d85d42fcc518a5ab7b03746d\"}\n>p1 move freezedry +1, move sleeppowder +2\n>p2 move yawn +1, move sacredfire +2\n>p2 switch 3, pass\n>p1 move icywind, switch 5\n>p2 move knockoff +1, move sacredfire +2\n>p1 move muddywater, move instruct -1\n>p2 move knockoff +2, switch 4\n>p2 switch 4, pass\n>p1 move icywind, move hypervoice\n>p2 move stompingtantrum +1, move saltcure +1\n>p2 pass, switch 5\n>p1 move freezedry +2, move hypervoice\n>p2 move stompingtantrum +1, move rapidspin +1\n>p1 pass, switch 3\n>p1 move icywind, move dazzlinggleam\n>p2 move stompingtantrum +2, move icywind\n>p2 switch 6, pass\n>p1 move icywind, move trickroom\n>p2 move lusterpurge +1 terastallize, pass\n>p1 switch 4, pass\n>p1 move closecombat +1, move mysticalfire +1\n>p2 move lusterpurge +1, pass", "uploadtime": 1770806913, "views": 62, "formatid": "gen9randomdoublesbattle", "rating": 1538, "private": 0, "password": null}