{"id": "gen9randomdoublesbattle-2540893894", "format": "[Gen 9] Random Doubles Battle", "players": ["G4buscus", "mashing a"], "log": "|j|☆G4buscus\n|j|☆mashing a\n|t:|1771264700\n|gametype|doubles\n|player|p1|G4buscus|101|1653\n|player|p2|mashing a|169|1784\n|gen|9\n|tier|[Gen 9] Random Doubles Battle\n|rated|\n|rule|Species Clause: Limit one of each Pokémon\n|rule|HP Percentage Mod: HP is shown in percentages\n|rule|Illusion Level Mod: Illusion disguises the Pokémon's true level\n|rule|Sleep Clause Mod: Limit one foe put to sleep\n|\n|t:|1771264700\n|teamsize|p1|6\n|teamsize|p2|6\n|start\n|switch|p1a: Pecharunt|Pecharunt, L78|265/265\n|switch|p1b: Garganacl|Garganacl, L81, M|295/295\n|switch|p2a: Lokix|Lokix, L88, M|268/268\n|switch|p2b: Salazzle|Salazzle, L86, F|257/257\n|turn|1\n|inactive|Battle timer is ON: inactive players will automatically lose when time's up. (requested by mashing a)\n|\n|t:|1771264723\n|move|p1a: Pecharunt|Protect|p1a: Pecharunt\n|-singleturn|p1a: Pecharunt|Protect\n|move|p2b: Salazzle|Fake Out|p1b: Garganacl\n|-resisted|p1b: Garganacl\n|-damage|p1b: Garganacl|286/295\n|move|p2a: Lokix|First Impression|p1b: Garganacl\n|-damage|p1b: Garganacl|181/295\n|-damage|p2a: Lokix|242/268|[from] item: Life Orb\n|cant|p1b: Garganacl|flinch\n|\n|-heal|p1b: Garganacl|199/295|[from] item: Leftovers\n|upkeep\n|turn|2\n|\n|t:|1771264739\n|move|p2b: Salazzle|Heat Wave|p1a: Pecharunt|[spread] p1a,p1b\n|-resisted|p1b: Garganacl\n|-damage|p1a: Pecharunt|166/265\n|-damage|p1b: Garganacl|157/295\n|-status|p1a: Pecharunt|brn\n|move|p2a: Lokix|U-turn|p1b: Garganacl\n|-damage|p1b: Garganacl|79/295\n|-damage|p2a: Lokix|216/268|[from] item: Life Orb\n|\n|t:|1771264746\n|switch|p2a: Garganacl|Garganacl, L81, M|295/295|[from] U-turn\n|move|p1a: Pecharunt|Nasty Plot|p1a: Pecharunt\n|-boost|p1a: Pecharunt|spa|2\n|move|p1b: Garganacl|Salt Cure|p2a: Garganacl\n|-damage|p2a: Garganacl|261/295\n|-start|p2a: Garganacl|Salt Cure\n|\n|-heal|p2a: Garganacl|279/295|[from] item: Leftovers\n|-heal|p1b: Garganacl|97/295|[from] item: Leftovers\n|-damage|p1a: Pecharunt|150/265 brn|[from] brn\n|-damage|p2a: Garganacl|243/295|[from] Salt Cure\n|upkeep\n|turn|3\n|\n|t:|1771264760\n|move|p1a: Pecharunt|Protect|p1a: Pecharunt\n|-singleturn|p1a: Pecharunt|Protect\n|move|p1b: Garganacl|Protect|p1b: Garganacl\n|-singleturn|p1b: Garganacl|Protect\n|move|p2b: Salazzle|Heat Wave|p1a: Pecharunt|[spread] \n|-activate|p1a: Pecharunt|move: Protect\n|-activate|p1b: Garganacl|move: Protect\n|move|p2a: Garganacl|Stealth Rock|p1b: Garganacl\n|-sidestart|p1: G4buscus|move: Stealth Rock\n|\n|-heal|p2a: Garganacl|261/295|[from] item: Leftovers\n|-heal|p1b: Garganacl|115/295|[from] item: Leftovers\n|-damage|p1a: Pecharunt|134/265 brn|[from] brn\n|-damage|p2a: Garganacl|225/295|[from] Salt Cure\n|upkeep\n|turn|4\n|\n|t:|1771264771\n|move|p2b: Salazzle|Heat Wave|p1a: Pecharunt|[spread] p1a,p1b\n|-resisted|p1b: Garganacl\n|-damage|p1a: Pecharunt|44/265 brn\n|-damage|p1b: Garganacl|70/295\n|move|p1a: Pecharunt|Malignant Chain|p2a: Garganacl\n|-resisted|p2a: Garganacl\n|-damage|p2a: Garganacl|108/295\n|-damage|p1a: Pecharunt|18/265 brn|[from] item: Life Orb\n|move|p1b: Garganacl|Recover|p1b: Garganacl\n|-heal|p1b: Garganacl|218/295\n|move|p2a: Garganacl|Salt Cure|p1a: Pecharunt\n|-damage|p1a: Pecharunt|0 fnt\n|faint|p1a: Pecharunt\n|\n|-heal|p1b: Garganacl|236/295|[from] item: Leftovers\n|-heal|p2a: Garganacl|126/295|[from] item: Leftovers\n|-damage|p2a: Garganacl|90/295|[from] Salt Cure\n|upkeep\n|\n|t:|1771264783\n|switch|p1a: Luvdisc|Luvdisc, M|248/248\n|-damage|p1a: Luvdisc|217/248|[from] Stealth Rock\n|turn|5\n|\n|t:|1771264801\n|move|p2b: Salazzle|Protect|p2b: Salazzle\n|-singleturn|p2b: Salazzle|Protect\n|move|p2a: Garganacl|Protect|p2a: Garganacl\n|-singleturn|p2a: Garganacl|Protect\n|move|p1a: Luvdisc|Hydro Pump|p2b: Salazzle\n|-activate|p2b: Salazzle|move: Protect\n|move|p1b: Garganacl|Stealth Rock|p2a: Garganacl\n|-sidestart|p2: mashing a|move: Stealth Rock\n|\n|-heal|p1b: Garganacl|254/295|[from] item: Leftovers\n|-heal|p2a: Garganacl|108/295|[from] item: Leftovers\n|-damage|p2a: Garganacl|72/295|[from] Salt Cure\n|upkeep\n|turn|6\n|inactive|G4buscus has 120 seconds left.\n|\n|t:|1771264834\n|switch|p2b: Meowscarada|Meowscarada, L79, F|250/250\n|-damage|p2b: Meowscarada|219/250|[from] Stealth Rock\n|switch|p2a: Plusle|Plusle, L92, M|260/260\n|-damage|p2a: Plusle|228/260|[from] Stealth Rock\n|move|p1a: Luvdisc|Icy Wind|p2b: Meowscarada|[spread] p2a,p2b\n|-supereffective|p2b: Meowscarada\n|-damage|p2a: Plusle|206/260\n|-damage|p2b: Meowscarada|165/250\n|-unboost|p2a: Plusle|spe|1\n|-unboost|p2b: Meowscarada|spe|1\n|move|p1b: Garganacl|Salt Cure|p2b: Meowscarada\n|-damage|p2b: Meowscarada|117/250\n|-start|p2b: Meowscarada|Salt Cure\n|\n|-heal|p1b: Garganacl|272/295|[from] item: Leftovers\n|-damage|p2b: Meowscarada|86/250|[from] Salt Cure\n|upkeep\n|turn|7\n|inactive|G4buscus has 120 seconds left.\n|\n|t:|1771264865\n|move|p1a: Luvdisc|Icy Wind|p2a: Plusle|[spread] p2a,p2b\n|-supereffective|p2b: Meowscarada\n|-damage|p2a: Plusle|181/260\n|-damage|p2b: Meowscarada|28/250\n|-unboost|p2a: Plusle|spe|1\n|-unboost|p2b: Meowscarada|spe|1\n|move|p2b: Meowscarada|U-turn|p1b: Garganacl\n|-start|p2b: Meowscarada|typechange|Bug|[from] ability: Protean\n|-damage|p1b: Garganacl|196/295\n|\n|t:|1771264881\n|switch|p2b: Meloetta|Meloetta, L80|291/291|[from] U-turn\n|-damage|p2b: Meloetta|255/291|[from] Stealth Rock\n|move|p2a: Plusle|Nuzzle|p1a: Luvdisc\n|-supereffective|p1a: Luvdisc\n|-damage|p1a: Luvdisc|179/248\n|-status|p1a: Luvdisc|par\n|move|p1b: Garganacl|Salt Cure|p2b: Meloetta\n|-damage|p2b: Meloetta|210/291\n|-start|p2b: Meloetta|Salt Cure\n|\n|-heal|p1b: Garganacl|214/295|[from] item: Leftovers\n|-damage|p2b: Meloetta|174/291|[from] Salt Cure\n|upkeep\n|turn|8\n|inactive|G4buscus has 120 seconds left.\n|\n|t:|1771264909\n|move|p2b: Meloetta|Relic Song|p1a: Luvdisc|[spread] p1a,p1b\n|-resisted|p1b: Garganacl\n|-damage|p1a: Luvdisc|85/248 par\n|-damage|p1b: Garganacl|171/295\n|-enditem|p1a: Luvdisc|Sitrus Berry|[eat]\n|-heal|p1a: Luvdisc|147/248 par|[from] item: Sitrus Berry\n|-formechange|p2b: Meloetta|Meloetta-Pirouette|[msg]\n|-damage|p2b: Meloetta|145/291|[from] item: Life Orb\n|cant|p1a: Luvdisc|par\n|move|p2a: Plusle|Thunderbolt|p1a: Luvdisc\n|-supereffective|p1a: Luvdisc\n|-damage|p1a: Luvdisc|0 fnt\n|faint|p1a: Luvdisc\n|move|p1b: Garganacl|Salt Cure|p2a: Plusle\n|-damage|p2a: Plusle|118/260\n|-start|p2a: Plusle|Salt Cure\n|-enditem|p2a: Plusle|Sitrus Berry|[eat]\n|-heal|p2a: Plusle|183/260|[from] item: Sitrus Berry\n|\n|-heal|p1b: Garganacl|189/295|[from] item: Leftovers\n|-damage|p2b: Meloetta|109/291|[from] Salt Cure\n|-damage|p2a: Plusle|151/260|[from] Salt Cure\n|upkeep\n|inactive|G4buscus has 120 seconds left.\n|\n|t:|1771264923\n|switch|p1a: Noivern|Noivern, L84, F|280/280\n|-damage|p1a: Noivern|210/280|[from] Stealth Rock\n|-item|p2b: Meloetta|Life Orb|[from] ability: Frisk|[of] p1a: Noivern\n|turn|9\n|\n|t:|1771264931\n|move|p1a: Noivern|Tailwind|p1a: Noivern\n|-sidestart|p1: G4buscus|move: Tailwind\n|move|p2b: Meloetta|Close Combat|p1b: Garganacl\n|-supereffective|p1b: Garganacl\n|-damage|p1b: Garganacl|0 fnt\n|-unboost|p2b: Meloetta|def|1\n|-unboost|p2b: Meloetta|spd|1\n|faint|p1b: Garganacl\n|-damage|p2b: Meloetta|80/291|[from] item: Life Orb\n|move|p2a: Plusle|Nuzzle|p1a: Noivern\n|-damage|p1a: Noivern|194/280\n|-status|p1a: Noivern|par\n|\n|-damage|p2b: Meloetta|44/291|[from] Salt Cure\n|-damage|p2a: Plusle|119/260|[from] Salt Cure\n|upkeep\n|inactive|G4buscus has 120 seconds left.\n|inactive|G4buscus has 90 seconds left.\n|\n|t:|1771264985\n|switch|p1b: Chandelure|Chandelure, L81, M|230/230\n|-damage|p1b: Chandelure|173/230|[from] Stealth Rock\n|turn|10\n|\n|t:|1771265003\n|switch|p2a: Salazzle|Salazzle, L86, F|257/257\n|-damage|p2a: Salazzle|193/257|[from] Stealth Rock\n|move|p1b: Chandelure|Heat Wave|p2b: Meloetta|[spread] p2a,p2b\n|-resisted|p2a: Salazzle\n|-damage|p2a: Salazzle|105/257\n|-damage|p2b: Meloetta|0 fnt\n|faint|p2b: Meloetta\n|-damage|p1b: Chandelure|150/230|[from] item: Life Orb\n|move|p1a: Noivern|Flamethrower|p2a: Salazzle\n|-resisted|p2a: Salazzle\n|-damage|p2a: Salazzle|56/257\n|-damage|p1a: Noivern|166/280 par|[from] item: Life Orb\n|\n|upkeep\n|\n|t:|1771265016\n|switch|p2b: Lokix|Lokix, L88, M|216/268\n|-damage|p2b: Lokix|149/268|[from] Stealth Rock\n|turn|11\n|\n|t:|1771265030\n|move|p1b: Chandelure|Protect|p1b: Chandelure\n|-singleturn|p1b: Chandelure|Protect\n|move|p2a: Salazzle|Fake Out|p1a: Noivern\n|-damage|p1a: Noivern|141/280 par\n|move|p2b: Lokix|Sucker Punch||[still]\n|-fail|p2b: Lokix\n|cant|p1a: Noivern|flinch\n|\n|upkeep\n|turn|12\n|\n|t:|1771265041\n|move|p2b: Lokix|Sucker Punch|p1b: Chandelure\n|-supereffective|p1b: Chandelure\n|-damage|p1b: Chandelure|0 fnt\n|faint|p1b: Chandelure\n|-damage|p2b: Lokix|123/268|[from] item: Life Orb\n|move|p1a: Noivern|Hurricane|p2b: Lokix\n|-supereffective|p2b: Lokix\n|-damage|p2b: Lokix|0 fnt\n|faint|p2b: Lokix\n|-damage|p1a: Noivern|113/280 par|[from] item: Life Orb\n|move|p2a: Salazzle|Sludge Bomb|p1a: Noivern\n|-damage|p1a: Noivern|0 fnt\n|faint|p1a: Noivern\n|\n|-sideend|p1: G4buscus|move: Tailwind\n|upkeep\n|-message|G4buscus forfeited.\n|\n|win|mashing a\n|raw|G4buscus's rating: 1630 &rarr; <strong>1618</strong><br />(-12 for losing)\n|raw|mashing a's rating: 1784 &rarr; <strong>1796</strong><br />(+12 for winning)\n|l|☆G4buscus\n|player|p1|\n", "inputlog": ">version 686819e5e19f8a7fd2345cfc5a08a5085efa2cc3\n>start {\"formatid\":\"gen9randomdoublesbattle\",\"seed\":\"sodium,5dc20b198c499f96ee866e4a2d0949b5\",\"rated\":\"Rated battle\"}\n>player p1 {\"name\":\"G4buscus\",\"avatar\":\"101\",\"rating\":1653,\"seed\":\"sodium,405fb9ea6b655599bbed30eb48d094a4\"}\n>player p2 {\"name\":\"mashing a\",\"avatar\":\"169\",\"rating\":1784,\"seed\":\"sodium,84b3886fc18c969233422e5392061e8b\"}\n>p1 move protect, move saltcure +2\n>p2 move firstimpression +2, move fakeout +2\n>p1 move nastyplot, move saltcure +1\n>p2 move uturn +2, move heatwave\n>p2 switch 5, pass\n>p1 move protect, move protect\n>p2 move stealthrock, move heatwave\n>p1 move malignantchain +1, move recover\n>p2 move saltcure +1, move heatwave\n>p1 switch 5, pass\n>p1 move hydropump +2, move stealthrock\n>p2 move protect, move protect\n>p1 move icywind, move saltcure +2\n>p2 switch 3, switch 4\n>p1 move icywind, move saltcure +2\n>p2 move nuzzle +1, move uturn +2\n>p2 pass, switch 6\n>p1 move icywind, move saltcure +1\n>p2 move thunderbolt +1, move relicsong\n>p1 switch 6, pass\n>p1 move tailwind, move saltcure +2\n>p2 move nuzzle +1, move closecombat +2\n>p1 pass, switch 3\n>p1 move flamethrower +1, move heatwave\n>p2 switch 4, move relicsong\n>p2 pass, switch 5\n>p1 move hurricane +2, move protect\n>p2 move fakeout +1, move suckerpunch +2\n>p1 move hurricane +2, move shadowball +1\n>p2 move sludgebomb +1, move suckerpunch +2\n>forcelose p1", "uploadtime": 1771265064, "views": 2, "formatid": "gen9randomdoublesbattle", "rating": 1618, "private": 0, "password": null}