{"id": "gen9randomdoublesbattle-2538781374", "format": "[Gen 9] Random Doubles Battle", "players": ["vediamo-cosa-fare", "Darkkage24"], "log": "|j|☆vediamo-cosa-fare\n|j|☆Darkkage24\n|t:|1770973754\n|gametype|doubles\n|player|p1|vediamo-cosa-fare|2|1601\n|player|p2|Darkkage24|red|1543\n|gen|9\n|tier|[Gen 9] Random Doubles Battle\n|rated|\n|rule|Species Clause: Limit one of each Pokémon\n|rule|HP Percentage Mod: HP is shown in percentages\n|rule|Illusion Level Mod: Illusion disguises the Pokémon's true level\n|rule|Sleep Clause Mod: Limit one foe put to sleep\n|\n|t:|1770973754\n|teamsize|p1|6\n|teamsize|p2|6\n|start\n|switch|p1a: Spiritomb|Spiritomb, L89, M|234/234\n|switch|p1b: Clefairy|Clefairy, L98, M|296/296\n|switch|p2a: Dusknoir|Dusknoir, L89, M|225/225\n|switch|p2b: Slaking|Slaking, L89, F|412/412\n|-item|p1a: Spiritomb|Sitrus Berry|[from] ability: Frisk|[of] p2a: Dusknoir\n|-item|p1b: Clefairy|Eviolite|[from] ability: Frisk|[of] p2a: Dusknoir\n|turn|1\n|inactive|Battle timer is ON: inactive players will automatically lose when time's up. (requested by vediamo-cosa-fare)\n|\n|t:|1770973774\n|switch|p2b: Magnezone|Magnezone, L84|255/255\n|move|p1b: Clefairy|Life Dew||[still]|[still]|[spread] \n|-fail|p1a: Spiritomb|heal\n|-fail|p1b: Clefairy|heal\n|move|p1a: Spiritomb|Will-O-Wisp|p2b: Magnezone\n|-status|p2b: Magnezone|brn\n|move|p2a: Dusknoir|Poltergeist|p1a: Spiritomb\n|-activate|p1a: Spiritomb|move: Poltergeist|Sitrus Berry\n|-crit|p1a: Spiritomb\n|-damage|p1a: Spiritomb|75/234\n|-enditem|p1a: Spiritomb|Sitrus Berry|[eat]\n|-heal|p1a: Spiritomb|133/234|[from] item: Sitrus Berry\n|-damage|p2a: Dusknoir|203/225|[from] item: Life Orb\n|\n|-damage|p2b: Magnezone|240/255 brn|[from] brn\n|upkeep\n|turn|2\n|\n|t:|1770973794\n|move|p2a: Dusknoir|Protect|p2a: Dusknoir\n|-singleturn|p2a: Dusknoir|Protect\n|move|p2b: Magnezone|Electroweb|p1a: Spiritomb|[spread] p1a,p1b\n|-damage|p1a: Spiritomb|102/234\n|-damage|p1b: Clefairy|257/296\n|-unboost|p1a: Spiritomb|spe|1\n|-unboost|p1b: Clefairy|spe|1\n|move|p1b: Clefairy|Life Dew|p1b: Clefairy|[spread] p1a,p1b\n|-heal|p1a: Spiritomb|161/234\n|-heal|p1b: Clefairy|296/296\n|move|p1a: Spiritomb|Will-O-Wisp|p2a: Dusknoir\n|-activate|p2a: Dusknoir|move: Protect\n|\n|-damage|p2b: Magnezone|225/255 brn|[from] brn\n|upkeep\n|turn|3\n|\n|t:|1770973812\n|move|p2b: Magnezone|Thunderbolt|p1a: Spiritomb\n|-damage|p1a: Spiritomb|87/234\n|move|p2a: Dusknoir|Leech Life|p1a: Spiritomb\n|-damage|p1a: Spiritomb|37/234\n|-heal|p2a: Dusknoir|225/225|[from] drain|[of] p1a: Spiritomb\n|-damage|p2a: Dusknoir|203/225|[from] item: Life Orb\n|move|p1b: Clefairy|Life Dew||[still]|[spread] p1a,p1b\n|-heal|p1a: Spiritomb|96/234\n|-fail|p1b: Clefairy|heal\n|move|p1a: Spiritomb|Foul Play|p2a: Dusknoir\n|-supereffective|p2a: Dusknoir\n|-damage|p2a: Dusknoir|59/225\n|\n|-damage|p2b: Magnezone|210/255 brn|[from] brn\n|upkeep\n|turn|4\n|\n|t:|1770973834\n|move|p2b: Magnezone|Flash Cannon|p1a: Spiritomb\n|-damage|p1a: Spiritomb|32/234\n|move|p2a: Dusknoir|Leech Life|p1a: Spiritomb\n|-damage|p1a: Spiritomb|0 fnt\n|-heal|p2a: Dusknoir|75/225|[from] drain|[of] p1a: Spiritomb\n|faint|p1a: Spiritomb\n|-damage|p2a: Dusknoir|53/225|[from] item: Life Orb\n|move|p1b: Clefairy|Life Dew||[still]\n|-fail|p1b: Clefairy|heal\n|\n|-damage|p2b: Magnezone|195/255 brn|[from] brn\n|upkeep\n|inactive|vediamo-cosa-fare has 120 seconds left.\n|\n|t:|1770973850\n|switch|p1a: Hitmontop|Hitmontop, L88, M|231/231\n|-ability|p1a: Hitmontop|Intimidate|boost\n|-unboost|p2a: Dusknoir|atk|1\n|-unboost|p2b: Magnezone|atk|1\n|turn|5\n|\n|t:|1770973869\n|switch|p2b: Mimikyu|Mimikyu, L82, F|224/224\n|move|p1a: Hitmontop|Coaching|p1b: Clefairy\n|-boost|p1b: Clefairy|atk|1\n|-boost|p1b: Clefairy|def|1\n|move|p2a: Dusknoir|Poltergeist|p1b: Clefairy\n|-activate|p1b: Clefairy|move: Poltergeist|Eviolite\n|-damage|p1b: Clefairy|226/296\n|-damage|p2a: Dusknoir|31/225|[from] item: Life Orb\n|move|p1b: Clefairy|Moonblast|p2a: Dusknoir\n|-damage|p2a: Dusknoir|0 fnt\n|faint|p2a: Dusknoir\n|\n|upkeep\n|\n|t:|1770973878\n|switch|p2a: Magnezone|Magnezone, L84|195/255 brn\n|turn|6\n|\n|t:|1770973891\n|-terastallize|p2a: Magnezone|Flying\n|move|p2b: Mimikyu|Swords Dance|p2b: Mimikyu\n|-boost|p2b: Mimikyu|atk|2\n|move|p1a: Hitmontop|Coaching|p1b: Clefairy\n|-boost|p1b: Clefairy|atk|1\n|-boost|p1b: Clefairy|def|1\n|move|p2a: Magnezone|Electroweb|p1b: Clefairy|[spread] p1a,p1b\n|-damage|p1a: Hitmontop|197/231\n|-damage|p1b: Clefairy|189/296\n|-unboost|p1a: Hitmontop|spe|1\n|-unboost|p1b: Clefairy|spe|1\n|move|p1b: Clefairy|Moonblast|p2b: Mimikyu\n|-activate|p2b: Mimikyu|ability: Disguise\n|-damage|p2b: Mimikyu|224/224\n|detailschange|p2b: Mimikyu|Mimikyu-Busted, L82, F\n|-damage|p2b: Mimikyu|196/224|[from] pokemon: Mimikyu-Busted\n|\n|-damage|p2a: Magnezone|180/255 brn|[from] brn\n|upkeep\n|turn|7\n|\n|t:|1770973918\n|move|p1a: Hitmontop|Sucker Punch|p2b: Mimikyu\n|-damage|p2b: Mimikyu|133/224\n|move|p2b: Mimikyu|Play Rough|p1b: Clefairy|[miss]\n|-miss|p2b: Mimikyu|p1b: Clefairy\n|move|p2a: Magnezone|Flash Cannon|p1b: Clefairy\n|-supereffective|p1b: Clefairy\n|-damage|p1b: Clefairy|43/296\n|move|p1b: Clefairy|Moonblast|p2a: Magnezone\n|-damage|p2a: Magnezone|92/255 brn\n|-unboost|p2a: Magnezone|spa|1\n|-enditem|p2a: Magnezone|Sitrus Berry|[eat]\n|-heal|p2a: Magnezone|155/255 brn|[from] item: Sitrus Berry\n|\n|-damage|p2a: Magnezone|140/255 brn|[from] brn\n|upkeep\n|turn|8\n|\n|t:|1770973942\n|move|p1b: Clefairy|Follow Me|p1b: Clefairy\n|-singleturn|p1b: Clefairy|move: Follow Me\n|move|p1a: Hitmontop|Sucker Punch|p2b: Mimikyu\n|-damage|p2b: Mimikyu|72/224\n|move|p2b: Mimikyu|Play Rough|p1b: Clefairy\n|-damage|p1b: Clefairy|0 fnt\n|faint|p1b: Clefairy\n|-damage|p2b: Mimikyu|50/224|[from] item: Life Orb\n|move|p2a: Magnezone|Flash Cannon|p1a: Hitmontop\n|-damage|p1a: Hitmontop|142/231\n|\n|-damage|p2a: Magnezone|125/255 brn|[from] brn\n|upkeep\n|\n|t:|1770973956\n|switch|p1b: Pincurchin|Pincurchin, L97, M|250/250\n|-fieldstart|move: Electric Terrain|[from] ability: Electric Surge|[of] p1b: Pincurchin\n|turn|9\n|\n|t:|1770973974\n|move|p2b: Mimikyu|Play Rough|p1b: Pincurchin\n|-damage|p1b: Pincurchin|77/250\n|-enditem|p1b: Pincurchin|Sitrus Berry|[eat]\n|-heal|p1b: Pincurchin|139/250|[from] item: Sitrus Berry\n|-damage|p2b: Mimikyu|28/224|[from] item: Life Orb\n|move|p2a: Magnezone|Thunderbolt|p1a: Hitmontop\n|-damage|p1a: Hitmontop|75/231\n|-enditem|p1a: Hitmontop|Sitrus Berry|[eat]\n|-heal|p1a: Hitmontop|132/231|[from] item: Sitrus Berry\n|move|p1a: Hitmontop|Coaching|p1b: Pincurchin\n|-boost|p1b: Pincurchin|atk|1\n|-boost|p1b: Pincurchin|def|1\n|move|p1b: Pincurchin|Electroweb|p2b: Mimikyu|[spread] p2a,p2b\n|-supereffective|p2a: Magnezone\n|-crit|p2b: Mimikyu\n|-damage|p2a: Magnezone|0 fnt\n|-damage|p2b: Mimikyu|0 fnt\n|faint|p2a: Magnezone\n|faint|p2b: Mimikyu\n|\n|upkeep\n|inactive|Darkkage24 has 120 seconds left.\n|\n|t:|1770974001\n|switch|p2b: Slaking|Slaking, L89, F|412/412\n|switch|p2a: Dedenne|Dedenne, L85, F|253/253\n|turn|10\n|\n|t:|1770974011\n|move|p2b: Slaking|Double-Edge|p1b: Pincurchin\n|-damage|p1b: Pincurchin|0 fnt\n|faint|p1b: Pincurchin\n|-damage|p2b: Slaking|366/412|[from] Recoil\n|move|p2a: Dedenne|Thunderbolt|p1a: Hitmontop\n|-damage|p1a: Hitmontop|33/231\n|move|p1a: Hitmontop|Coaching|p1: Pincurchin|[notarget]\n|-fail|p1a: Hitmontop\n|\n|upkeep\n|\n|t:|1770974023\n|switch|p1b: Toxtricity|Toxtricity-Low-Key, L82, F|257/257\n|turn|11\n|\n|t:|1770974036\n|switch|p2b: Abomasnow|Abomasnow, L81, F|278/278\n|-weather|Snowscape|[from] ability: Snow Warning|[of] p2b: Abomasnow\n|move|p2a: Dedenne|Thunderbolt|p1a: Hitmontop\n|-damage|p1a: Hitmontop|0 fnt\n|faint|p1a: Hitmontop\n|move|p1b: Toxtricity|Sludge Bomb|p2a: Dedenne\n|-supereffective|p2a: Dedenne\n|-damage|p2a: Dedenne|0 fnt\n|faint|p2a: Dedenne\n|\n|-weather|Snowscape|[upkeep]\n|upkeep\n|\n|t:|1770974047\n|switch|p2a: Slaking|Slaking, L89, F|366/412\n|switch|p1a: Landorus|Landorus-Therian, L77, M|264/264\n|-ability|p1a: Landorus|Intimidate|boost\n|-unboost|p2a: Slaking|atk|1\n|-unboost|p2b: Abomasnow|atk|1\n|turn|12\n|\n|t:|1770974060\n|-terastallize|p1a: Landorus|Flying\n|move|p2a: Slaking|High Horsepower|p1b: Toxtricity\n|-supereffective|p1b: Toxtricity\n|-damage|p1b: Toxtricity|0 fnt\n|faint|p1b: Toxtricity\n|move|p1a: Landorus|Tera Blast|p2a: Slaking|[anim] Tera Blast Flying\n|-damage|p2a: Slaking|260/412\n|move|p2b: Abomasnow|Blizzard|p1a: Landorus\n|-supereffective|p1a: Landorus\n|-damage|p1a: Landorus|112/264\n|\n|-weather|Snowscape|[upkeep]\n|upkeep\n|turn|13\n|\n|t:|1770974076\n|cant|p2a: Slaking|ability: Truant\n|move|p1a: Landorus|Tera Blast|p2b: Abomasnow|[anim] Tera Blast Flying\n|-supereffective|p2b: Abomasnow\n|-damage|p2b: Abomasnow|70/278\n|move|p2b: Abomasnow|Blizzard|p1a: Landorus\n|-supereffective|p1a: Landorus\n|-damage|p1a: Landorus|0 fnt\n|faint|p1a: Landorus\n|\n|win|Darkkage24\n|raw|vediamo-cosa-fare's rating: 1601 &rarr; <strong>1578</strong><br />(-23 for losing)\n|raw|Darkkage24's rating: 1543 &rarr; <strong>1566</strong><br />(+23 for winning)\n|l|☆vediamo-cosa-fare\n|player|p1|\n", "inputlog": ">version ccdc32dd7cde25fd9e4bed64820e885f66e78a4e\n>start {\"formatid\":\"gen9randomdoublesbattle\",\"seed\":\"sodium,bde216ad3fa967de554ba6586ba3b47a\",\"rated\":\"Rated battle\"}\n>player p1 {\"name\":\"vediamo-cosa-fare\",\"avatar\":\"2\",\"rating\":1601,\"seed\":\"sodium,b12474fc387e2affb1070a4cd3c80656\"}\n>player p2 {\"name\":\"Darkkage24\",\"avatar\":\"red\",\"rating\":1543,\"seed\":\"sodium,2cb679752abc52fc60afe1e658889ed5\"}\n>p1 move willowisp +2, move lifedew\n>p2 move poltergeist +1, switch 3\n>p1 move willowisp +1, move lifedew\n>p2 move protect, move electroweb\n>p1 move foulplay +1, move lifedew\n>p2 move leechlife +1, move thunderbolt +1\n>p1 move foulplay +1, move lifedew\n>p2 move leechlife +1, move flashcannon +1\n>p1 switch 4, pass\n>p1 move coaching -2, move moonblast +1\n>p2 move poltergeist +2, switch 4\n>p2 switch 4, pass\n>p1 move coaching -2, move moonblast +2\n>p2 move electroweb terastallize, move swordsdance\n>p1 move suckerpunch +2, move moonblast +1\n>p2 move flashcannon +2, move playrough +2\n>p1 move suckerpunch +2, move followme\n>p2 move flashcannon +2, move playrough +1\n>p1 pass, switch 3\n>p1 move coaching -2, move electroweb\n>p2 move thunderbolt +1, move playrough +2\n>p2 switch 5, switch 3\n>p1 move coaching -2, move thunderbolt +2\n>p2 move thunderbolt +1, move doubleedge +2\n>p1 pass, switch 5\n>p1 move closecombat +2, move sludgebomb +1\n>p2 move thunderbolt +1, switch 6\n>p1 switch 6, pass\n>p2 switch 6, pass\n>p1 move terablast +1 terastallize, move sludgebomb +2\n>p2 move highhorsepower +2, move blizzard\n>p1 move terablast +2, pass\n>p2 move highhorsepower +1, move blizzard", "uploadtime": 1770974089, "views": 76, "formatid": "gen9randomdoublesbattle", "rating": 1566, "private": 0, "password": null}