{"id": "gen9randomdoublesbattle-2537165761", "format": "[Gen 9] Random Doubles Battle", "players": ["baseballlover", "Carleton018"], "log": "|j|☆baseballlover\n|j|☆Carleton018\n|t:|1770773716\n|gametype|doubles\n|player|p1|baseballlover|266|1630\n|player|p2|Carleton018|steven|1563\n|gen|9\n|tier|[Gen 9] Random Doubles Battle\n|rated|\n|rule|Species Clause: Limit one of each Pokémon\n|rule|HP Percentage Mod: HP is shown in percentages\n|rule|Illusion Level Mod: Illusion disguises the Pokémon's true level\n|rule|Sleep Clause Mod: Limit one foe put to sleep\n|\n|t:|1770773716\n|teamsize|p1|6\n|teamsize|p2|6\n|start\n|switch|p1a: Venomoth|Venomoth, L90, M|272/272\n|switch|p1b: Stonjourner|Stonjourner, L88, M|319/319\n|switch|p2a: Weavile|Weavile, L81, F|246/246\n|switch|p2b: Deoxys|Deoxys-Attack, L79|209/209\n|-ability|p2b: Deoxys|Pressure\n|turn|1\n|inactive|Battle timer is ON: inactive players will automatically lose when time's up. (requested by baseballlover)\n|inactive|Carleton018 also wants the timer to be on.\n|inactive|baseballlover has 120 seconds left.\n|inactive|baseballlover has 90 seconds left.\n|\n|t:|1770773785\n|move|p2a: Weavile|Fake Out|p1b: Stonjourner\n|-resisted|p1b: Stonjourner\n|-damage|p1b: Stonjourner|309/319\n|move|p2b: Deoxys|Psycho Boost|p1a: Venomoth|[miss]\n|-miss|p2b: Deoxys|p1a: Venomoth\n|move|p1a: Venomoth|Quiver Dance|p1a: Venomoth\n|-boost|p1a: Venomoth|spa|1\n|-boost|p1a: Venomoth|spd|1\n|-boost|p1a: Venomoth|spe|1\n|cant|p1b: Stonjourner|flinch\n|\n|upkeep\n|turn|2\n|\n|t:|1770773799\n|switch|p2a: Honchkrow|Honchkrow, L85, F|309/309\n|move|p1a: Venomoth|Bug Buzz|p2b: Deoxys\n|-supereffective|p2b: Deoxys\n|-damage|p2b: Deoxys|0 fnt\n|faint|p2b: Deoxys\n|-damage|p1a: Venomoth|245/272|[from] item: Life Orb\n|move|p1b: Stonjourner|Rock Slide|p2a: Honchkrow\n|-supereffective|p2a: Honchkrow\n|-damage|p2a: Honchkrow|0 fnt\n|faint|p2a: Honchkrow\n|\n|upkeep\n|\n|t:|1770773821\n|switch|p2b: Dugtrio|Dugtrio-Alola, L89, M|207/207\n|switch|p2a: Weavile|Weavile, L81, F|246/246\n|turn|3\n|\n|t:|1770773837\n|move|p1a: Venomoth|Protect|p1a: Venomoth\n|-singleturn|p1a: Venomoth|Protect\n|move|p2a: Weavile|Fake Out|p1b: Stonjourner\n|-resisted|p1b: Stonjourner\n|-damage|p1b: Stonjourner|299/319\n|move|p2b: Dugtrio|Stomping Tantrum|p1a: Venomoth\n|-activate|p1a: Venomoth|move: Protect\n|cant|p1b: Stonjourner|flinch\n|\n|upkeep\n|turn|4\n|\n|t:|1770773857\n|move|p1a: Venomoth|Bug Buzz|p2a: Weavile\n|-supereffective|p2a: Weavile\n|-enditem|p2a: Weavile|Focus Sash\n|-damage|p2a: Weavile|1/246\n|-damage|p1a: Venomoth|218/272|[from] item: Life Orb\n|move|p2a: Weavile|Triple Axel|p1a: Venomoth\n|-damage|p1a: Venomoth|191/272\n|-damage|p1a: Venomoth|137/272\n|-damage|p1a: Venomoth|47/272\n|-hitcount|p1a: Venomoth|3\n|move|p2b: Dugtrio|Stomping Tantrum|p1a: Venomoth\n|-damage|p1a: Venomoth|0 fnt\n|faint|p1a: Venomoth\n|-damage|p2b: Dugtrio|187/207|[from] item: Life Orb\n|move|p1b: Stonjourner|Rock Slide|p2b: Dugtrio|[spread] p2a,p2b\n|-supereffective|p2a: Weavile\n|-resisted|p2b: Dugtrio\n|-damage|p2a: Weavile|0 fnt\n|-damage|p2b: Dugtrio|152/207\n|faint|p2a: Weavile\n|\n|upkeep\n|\n|t:|1770773864\n|switch|p2a: Pikachu|Pikachu-Alola, L94, M|218/218\n|switch|p1a: Orthworm|Orthworm, L88, F|266/266\n|turn|5\n|\n|t:|1770773884\n|move|p2a: Pikachu|Fake Out|p1a: Orthworm\n|-resisted|p1a: Orthworm\n|-damage|p1a: Orthworm|251/266\n|move|p2b: Dugtrio|Stomping Tantrum|p1b: Stonjourner\n|-supereffective|p1b: Stonjourner\n|-damage|p1b: Stonjourner|143/319\n|-damage|p2b: Dugtrio|132/207|[from] item: Life Orb\n|move|p1b: Stonjourner|Rock Slide|p2b: Dugtrio|[spread] p2a,p2b\n|-resisted|p2b: Dugtrio\n|-damage|p2a: Pikachu|32/218\n|-damage|p2b: Dugtrio|92/207\n|cant|p1a: Orthworm|flinch\n|\n|upkeep\n|turn|6\n|\n|t:|1770773899\n|move|p2b: Dugtrio|Stomping Tantrum|p1b: Stonjourner\n|-supereffective|p1b: Stonjourner\n|-damage|p1b: Stonjourner|0 fnt\n|faint|p1b: Stonjourner\n|-damage|p2b: Dugtrio|72/207|[from] item: Life Orb\n|move|p2a: Pikachu|Volt Tackle|p1a: Orthworm\n|-damage|p1a: Orthworm|116/266\n|-enditem|p1a: Orthworm|Sitrus Berry|[eat]\n|-heal|p1a: Orthworm|182/266|[from] item: Sitrus Berry\n|-damage|p2a: Pikachu|0 fnt|[from] Recoil\n|faint|p2a: Pikachu\n|move|p1a: Orthworm|Body Press|p2b: Dugtrio\n|-supereffective|p2b: Dugtrio\n|-damage|p2b: Dugtrio|0 fnt\n|-ability|p2b: Dugtrio|Tangling Hair\n|-unboost|p1a: Orthworm|spe|1\n|faint|p2b: Dugtrio\n|\n|upkeep\n|\n|t:|1770773906\n|switch|p2b: Drifblim|Drifblim, L85, M|394/394\n|switch|p1b: Reshiram|Reshiram, L72|263/263\n|-ability|p1b: Reshiram|Turboblaze\n|turn|7\n|\n|t:|1770773925\n|move|p2b: Drifblim|Shadow Ball|p1b: Reshiram\n|-damage|p1b: Reshiram|185/263\n|move|p1b: Reshiram|Tailwind|p1b: Reshiram\n|-sidestart|p1: baseballlover|move: Tailwind\n|move|p1a: Orthworm|Shed Tail|p1a: Orthworm\n|-start|p1a: Orthworm|Substitute|[from] move: Shed Tail\n|-damage|p1a: Orthworm|49/266\n|\n|t:|1770773929\n|switch|p1a: Calyrex|Calyrex-Shadow, L63|231/231|[from] Shed Tail\n|-ability|p1a: Calyrex|As One\n|-ability|p1a: Calyrex|Unnerve\n|\n|upkeep\n|turn|8\n|\n|t:|1770773939\n|-terastallize|p2b: Drifblim|Ground\n|move|p1a: Calyrex|Astral Barrage|p2b: Drifblim\n|-damage|p2b: Drifblim|202/394\n|-damage|p1a: Calyrex|208/231|[from] item: Life Orb\n|move|p1b: Reshiram|Draco Meteor|p2b: Drifblim\n|-damage|p2b: Drifblim|0 fnt\n|-unboost|p1b: Reshiram|spa|2\n|faint|p2b: Drifblim\n|-damage|p1b: Reshiram|159/263|[from] item: Life Orb\n|\n|win|baseballlover\n|raw|baseballlover's rating: 1630 &rarr; <strong>1646</strong><br />(+16 for winning)\n|raw|Carleton018's rating: 1556 &rarr; <strong>1540</strong><br />(-16 for losing)\n", "inputlog": ">version ccdc32dd7cde25fd9e4bed64820e885f66e78a4e\n>start {\"formatid\":\"gen9randomdoublesbattle\",\"seed\":\"sodium,495805a752fc1bfedc1c71a7c8c7d94a\",\"rated\":\"Rated battle\"}\n>player p1 {\"name\":\"baseballlover\",\"avatar\":\"266\",\"rating\":1630,\"seed\":\"sodium,e91e4a21550abeb871310fdadc6c9ac8\"}\n>player p2 {\"name\":\"Carleton018\",\"avatar\":\"steven\",\"rating\":1563,\"seed\":\"sodium,be533067dd0d466b224256118dda1a3d\"}\n>p1 move quiverdance, move rockslide\n>p2 move fakeout +2, move psychoboost +1\n>p1 move bugbuzz +2, move rockslide\n>p2 switch 5, move psychoboost +1\n>p2 switch 5, switch 6\n>p1 move protect, move rockslide\n>p2 move fakeout +2, move stompingtantrum +1\n>p1 move bugbuzz +1, move rockslide\n>p2 move tripleaxel +1, move stompingtantrum +1\n>p1 switch 4, pass\n>p2 switch 4, pass\n>p1 move bodypress +2, move rockslide\n>p2 move fakeout +1, move stompingtantrum +2\n>p1 move bodypress +2, move rockslide\n>p2 move volttackle +1, move stompingtantrum +2\n>p1 pass, switch 5\n>p2 pass, switch 3\n>p1 move shedtail, move tailwind\n>p2 pass, move shadowball +2\n>p1 switch 6, pass\n>p1 move astralbarrage, move dracometeor +2\n>p2 pass, move shadowball +1 terastallize", "uploadtime": 1770773939, "views": 66, "formatid": "gen9randomdoublesbattle", "rating": 1540, "private": 0, "password": null}