{"id": "gen9randomdoublesbattle-2540564974", "format": "[Gen 9] Random Doubles Battle", "players": ["Ixkukul", "caoscontrol"], "log": "|j|☆Ixkukul\n|j|☆caoscontrol\n|t:|1771218851\n|gametype|doubles\n|player|p1|Ixkukul|miku-ghost|1905\n|player|p2|caoscontrol|102|1793\n|gen|9\n|tier|[Gen 9] Random Doubles Battle\n|rated|\n|rule|Species Clause: Limit one of each Pokémon\n|rule|HP Percentage Mod: HP is shown in percentages\n|rule|Illusion Level Mod: Illusion disguises the Pokémon's true level\n|rule|Sleep Clause Mod: Limit one foe put to sleep\n|\n|t:|1771218851\n|teamsize|p1|6\n|teamsize|p2|6\n|start\n|switch|p1a: Iron Jugulis|Iron Jugulis, L79|278/278\n|switch|p1b: Pawmot|Pawmot, L80, M|243/243\n|switch|p2a: Gogoat|Gogoat, L90, M|368/368\n|switch|p2b: Mesprit|Mesprit, L86|278/278\n|turn|1\n|inactive|Battle timer is ON: inactive players will automatically lose when time's up. (requested by caoscontrol)\n|\n|t:|1771218894\n|move|p1b: Pawmot|Fake Out|p2a: Gogoat\n|-damage|p2a: Gogoat|331/368\n|move|p1a: Iron Jugulis|Hurricane|p2a: Gogoat\n|-supereffective|p2a: Gogoat\n|-damage|p2a: Gogoat|133/368\n|-damage|p1a: Iron Jugulis|251/278|[from] item: Life Orb\n|move|p2b: Mesprit|Dazzling Gleam|p1a: Iron Jugulis|[spread] p1a,p1b\n|-supereffective|p1a: Iron Jugulis\n|-supereffective|p1b: Pawmot\n|-damage|p1a: Iron Jugulis|100/278\n|-damage|p1b: Pawmot|84/243\n|-damage|p2b: Mesprit|251/278|[from] item: Life Orb\n|cant|p2a: Gogoat|flinch\n|\n|upkeep\n|turn|2\n|\n|t:|1771218915\n|switch|p1b: Masquerain|Masquerain, L90, M|272/272\n|-ability|p1b: Masquerain|Intimidate|boost\n|-unboost|p2a: Gogoat|atk|1\n|-unboost|p2b: Mesprit|atk|1\n|-terastallize|p2b: Mesprit|Electric\n|move|p1a: Iron Jugulis|Protect|p1a: Iron Jugulis\n|-singleturn|p1a: Iron Jugulis|Protect\n|move|p2b: Mesprit|Dazzling Gleam|p1a: Iron Jugulis|[spread] p1b\n|-activate|p1a: Iron Jugulis|move: Protect\n|-damage|p1b: Masquerain|214/272\n|-damage|p2b: Mesprit|224/278|[from] item: Life Orb\n|move|p2a: Gogoat|Horn Leech|p1b: Masquerain\n|-resisted|p1b: Masquerain\n|-damage|p1b: Masquerain|196/272\n|-heal|p2a: Gogoat|142/368|[from] drain|[of] p1b: Masquerain\n|\n|upkeep\n|turn|3\n|\n|t:|1771218937\n|switch|p2a: Regigigas|Regigigas, L86|329/329\n|-start|p2a: Regigigas|ability: Slow Start\n|move|p1a: Iron Jugulis|Hurricane|p2a: Regigigas\n|-damage|p2a: Regigigas|196/329\n|-damage|p1a: Iron Jugulis|73/278|[from] item: Life Orb\n|move|p1b: Masquerain|Quiver Dance|p1b: Masquerain\n|-boost|p1b: Masquerain|spa|1\n|-boost|p1b: Masquerain|spd|1\n|-boost|p1b: Masquerain|spe|1\n|move|p2b: Mesprit|Thunderbolt|p1b: Masquerain\n|-supereffective|p1b: Masquerain\n|-damage|p1b: Masquerain|9/272\n|-damage|p2b: Mesprit|197/278|[from] item: Life Orb\n|\n|-heal|p2a: Regigigas|216/329|[from] item: Leftovers\n|upkeep\n|turn|4\n|\n|t:|1771218962\n|move|p2a: Regigigas|Protect|p2a: Regigigas\n|-singleturn|p2a: Regigigas|Protect\n|move|p1b: Masquerain|Hurricane|p2a: Regigigas\n|-activate|p2a: Regigigas|move: Protect\n|move|p1a: Iron Jugulis|Dark Pulse|p2b: Mesprit\n|-damage|p2b: Mesprit|96/278\n|-damage|p1a: Iron Jugulis|46/278|[from] item: Life Orb\n|move|p2b: Mesprit|Dazzling Gleam|p1a: Iron Jugulis|[spread] p1a,p1b\n|-supereffective|p1a: Iron Jugulis\n|-damage|p1a: Iron Jugulis|0 fnt\n|-damage|p1b: Masquerain|0 fnt\n|faint|p1a: Iron Jugulis\n|-end|p1a: Iron Jugulis|Quark Drive|[silent]\n|faint|p1b: Masquerain\n|-damage|p2b: Mesprit|69/278|[from] item: Life Orb\n|\n|-heal|p2a: Regigigas|236/329|[from] item: Leftovers\n|upkeep\n|inactive|Ixkukul has 120 seconds left.\n|\n|t:|1771218977\n|switch|p1a: Granbull|Granbull, L88, F|302/302\n|switch|p1b: Iron Treads|Iron Treads, L81|278/278\n|-ability|p1a: Granbull|Intimidate|boost\n|-unboost|p2a: Regigigas|atk|1\n|-unboost|p2b: Mesprit|atk|1\n|turn|5\n|\n|t:|1771219003\n|move|p1b: Iron Treads|Knock Off|p2b: Mesprit\n|-crit|p2b: Mesprit\n|-damage|p2b: Mesprit|0 fnt\n|-enditem|p2b: Mesprit|Life Orb|[from] move: Knock Off|[of] p1b: Iron Treads\n|faint|p2b: Mesprit\n|move|p1a: Granbull|Super Fang|p2a: Regigigas\n|-damage|p2a: Regigigas|118/329\n|move|p2a: Regigigas|Knock Off|p1b: Iron Treads\n|-damage|p1b: Iron Treads|250/278\n|-enditem|p1b: Iron Treads|Assault Vest|[from] move: Knock Off|[of] p2a: Regigigas\n|\n|-heal|p2a: Regigigas|138/329|[from] item: Leftovers\n|upkeep\n|inactive|caoscontrol has 120 seconds left.\n|\n|t:|1771219015\n|switch|p2b: Politoed|Politoed, L82, M|282/282\n|-weather|RainDance|[from] ability: Drizzle|[of] p2b: Politoed\n|turn|6\n|\n|t:|1771219025\n|-end|p1b: Iron Treads|Quark Drive|[silent]\n|switch|p1b: Amoonguss|Amoonguss, L86, M|336/336\n|move|p2b: Politoed|Muddy Water|p1a: Granbull|[spread] p1a,p1b\n|-resisted|p1b: Amoonguss\n|-damage|p1a: Granbull|217/302\n|-damage|p1b: Amoonguss|284/336\n|move|p1a: Granbull|Close Combat|p2a: Regigigas\n|-supereffective|p2a: Regigigas\n|-damage|p2a: Regigigas|0 fnt\n|-unboost|p1a: Granbull|def|1\n|-unboost|p1a: Granbull|spd|1\n|faint|p2a: Regigigas\n|-end|p2a: Regigigas|Slow Start|[silent]\n|\n|-weather|RainDance|[upkeep]\n|upkeep\n|\n|t:|1771219045\n|switch|p2a: Gogoat|Gogoat, L90, M|142/368\n|turn|7\n|inactive|Ixkukul has 120 seconds left.\n|\n|t:|1771219086\n|switch|p2b: Exeggutor|Exeggutor-Alola, L87, F|307/307\n|move|p2a: Gogoat|Horn Leech|p1a: Granbull\n|-damage|p1a: Granbull|76/302\n|-heal|p2a: Gogoat|213/368|[from] drain|[of] p1a: Granbull\n|move|p1a: Granbull|Play Rough|p2a: Gogoat\n|-damage|p2a: Gogoat|62/368\n|move|p1b: Amoonguss|Spore|p2b: Exeggutor\n|-immune|p2b: Exeggutor\n|\n|-weather|RainDance|[upkeep]\n|upkeep\n|turn|8\n|\n|t:|1771219115\n|switch|p1a: Iron Treads|Iron Treads, L81|250/278\n|move|p2a: Gogoat|High Horsepower|p1a: Iron Treads\n|-supereffective|p1a: Iron Treads\n|-damage|p1a: Iron Treads|108/278\n|move|p2b: Exeggutor|Draco Meteor|p1b: Amoonguss\n|-damage|p1b: Amoonguss|98/336\n|-unboost|p2b: Exeggutor|spa|2\n|move|p1b: Amoonguss|Pollen Puff|p1a: Iron Treads\n|-heal|p1a: Iron Treads|247/278\n|\n|-weather|RainDance|[upkeep]\n|upkeep\n|turn|9\n|\n|t:|1771219135\n|switch|p2b: Walking Wake|Walking Wake, L78|283/283\n|move|p1a: Iron Treads|Iron Head|p2a: Gogoat\n|-damage|p2a: Gogoat|0 fnt\n|faint|p2a: Gogoat\n|move|p1b: Amoonguss|Pollen Puff|p2b: Walking Wake\n|-damage|p2b: Walking Wake|215/283\n|\n|-weather|RainDance|[upkeep]\n|upkeep\n|\n|t:|1771219143\n|switch|p2a: Politoed|Politoed, L82, M|282/282\n|turn|10\n|\n|t:|1771219162\n|switch|p1b: Granbull|Granbull, L88, F|76/302\n|-ability|p1b: Granbull|Intimidate|boost\n|-unboost|p2a: Politoed|atk|1\n|-unboost|p2b: Walking Wake|atk|1\n|-terastallize|p1a: Iron Treads|Flying\n|move|p1a: Iron Treads|Knock Off|p2a: Politoed\n|-damage|p2a: Politoed|199/282\n|-enditem|p2a: Politoed|Sitrus Berry|[from] move: Knock Off|[of] p1a: Iron Treads\n|move|p2b: Walking Wake|Hydro Pump|p1a: Iron Treads\n|-damage|p1a: Iron Treads|0 fnt\n|faint|p1a: Iron Treads\n|-end|p1a: Iron Treads|Quark Drive|[silent]\n|move|p2a: Politoed|Encore||[still]\n|-fail|p2a: Politoed\n|\n|-weather|none\n|upkeep\n|\n|t:|1771219175\n|switch|p1a: Amoonguss|Amoonguss, L86, M|210/336\n|turn|11\n|\n|t:|1771219187\n|switch|p2a: Exeggutor|Exeggutor-Alola, L87, F|307/307\n|move|p2b: Walking Wake|Hydro Pump|p1b: Granbull\n|-damage|p1b: Granbull|0 fnt\n|faint|p1b: Granbull\n|move|p1a: Amoonguss|Spore|p2b: Walking Wake\n|-status|p2b: Walking Wake|slp|[from] move: Spore\n|\n|upkeep\n|\n|t:|1771219195\n|switch|p1b: Pawmot|Pawmot, L80, M|84/243\n|turn|12\n|\n|t:|1771219206\n|-end|p2b: Walking Wake|Protosynthesis|[silent]\n|switch|p2b: Politoed|Politoed, L82, M|199/282\n|-weather|RainDance|[from] ability: Drizzle|[of] p2b: Politoed\n|move|p2a: Exeggutor|Protect|p2a: Exeggutor\n|-singleturn|p2a: Exeggutor|Protect\n|move|p1b: Pawmot|Revival Blessing|p1b: Pawmot\n|\n|t:|1771219219\n|-heal|p1: Iron Jugulis|139/278|[from] move: Revival Blessing\n|move|p1a: Amoonguss|Clear Smog|p2a: Exeggutor\n|-activate|p2a: Exeggutor|move: Protect\n|\n|-weather|RainDance|[upkeep]\n|upkeep\n|turn|13\n|\n|t:|1771219228\n|switch|p2b: Walking Wake|Walking Wake, L78|215/283 slp\n|move|p1b: Pawmot|Double Shock|p2b: Walking Wake\n|-damage|p2b: Walking Wake|74/283 slp\n|-start|p1b: Pawmot|typechange|???/Fighting|[from] move: Double Shock\n|move|p2a: Exeggutor|Wood Hammer|p1b: Pawmot\n|-damage|p1b: Pawmot|0 fnt\n|faint|p1b: Pawmot\n|-damage|p2a: Exeggutor|279/307|[from] Recoil\n|move|p1a: Amoonguss|Clear Smog|p2a: Exeggutor\n|-supereffective|p2a: Exeggutor\n|-damage|p2a: Exeggutor|159/307\n|-clearboost|p2a: Exeggutor\n|\n|-weather|RainDance|[upkeep]\n|upkeep\n|\n|t:|1771219241\n|switch|p1b: Iron Jugulis|Iron Jugulis, L79|139/278\n|turn|14\n|\n|t:|1771219250\n|move|p2a: Exeggutor|Protect|p2a: Exeggutor\n|-singleturn|p2a: Exeggutor|Protect\n|move|p1b: Iron Jugulis|Hurricane|p2a: Exeggutor\n|-activate|p2a: Exeggutor|move: Protect\n|cant|p2b: Walking Wake|slp\n|move|p1a: Amoonguss|Pollen Puff|p1b: Iron Jugulis\n|-heal|p1b: Iron Jugulis|278/278\n|\n|-weather|RainDance|[upkeep]\n|upkeep\n|turn|15\n|\n|t:|1771219260\n|switch|p2a: Politoed|Politoed, L82, M|199/282\n|move|p1a: Amoonguss|Rage Powder|p1a: Amoonguss\n|-singleturn|p1a: Amoonguss|move: Rage Powder\n|move|p1b: Iron Jugulis|Hurricane|p2a: Politoed\n|-damage|p2a: Politoed|61/282\n|-damage|p1b: Iron Jugulis|251/278|[from] item: Life Orb\n|cant|p2b: Walking Wake|slp\n|\n|-weather|RainDance|[upkeep]\n|upkeep\n|turn|16\n|\n|t:|1771219275\n|move|p1b: Iron Jugulis|Dark Pulse|p2b: Walking Wake\n|-damage|p2b: Walking Wake|0 fnt\n|faint|p2b: Walking Wake\n|-end|p2b: Walking Wake|Protosynthesis|[silent]\n|-damage|p1b: Iron Jugulis|224/278|[from] item: Life Orb\n|move|p2a: Politoed|Icy Wind|p1a: Amoonguss|[spread] p1a,p1b\n|-supereffective|p1a: Amoonguss\n|-supereffective|p1b: Iron Jugulis\n|-damage|p1a: Amoonguss|156/336\n|-damage|p1b: Iron Jugulis|168/278\n|-unboost|p1a: Amoonguss|spe|1\n|-unboost|p1b: Iron Jugulis|spe|1\n|move|p1a: Amoonguss|Pollen Puff|p2a: Politoed\n|-damage|p2a: Politoed|5/282\n|\n|-weather|none\n|upkeep\n|\n|t:|1771219284\n|switch|p2b: Exeggutor|Exeggutor-Alola, L87, F|159/307\n|turn|17\n|\n|t:|1771219317\n|move|p1b: Iron Jugulis|Protect|p1b: Iron Jugulis\n|-singleturn|p1b: Iron Jugulis|Protect\n|move|p2a: Politoed|Icy Wind|p1b: Iron Jugulis|[spread] p1a\n|-activate|p1b: Iron Jugulis|move: Protect\n|-supereffective|p1a: Amoonguss\n|-damage|p1a: Amoonguss|102/336\n|-unboost|p1a: Amoonguss|spe|1\n|move|p2b: Exeggutor|Flamethrower|p1a: Amoonguss\n|-supereffective|p1a: Amoonguss\n|-damage|p1a: Amoonguss|0 fnt\n|faint|p1a: Amoonguss\n|\n|upkeep\n|turn|18\n|\n|t:|1771219335\n|move|p2a: Politoed|Encore|p1b: Iron Jugulis\n|-start|p1b: Iron Jugulis|Encore\n|move|p1b: Iron Jugulis|Protect|p1b: Iron Jugulis\n|-singleturn|p1b: Iron Jugulis|Protect\n|move|p2b: Exeggutor|Draco Meteor|p1b: Iron Jugulis\n|-activate|p1b: Iron Jugulis|move: Protect\n|\n|upkeep\n|turn|19\n|\n|t:|1771219342\n|move|p1b: Iron Jugulis|Protect||[still]\n|-fail|p1b: Iron Jugulis\n|move|p2a: Politoed|Icy Wind|p1b: Iron Jugulis\n|-supereffective|p1b: Iron Jugulis\n|-damage|p1b: Iron Jugulis|94/278\n|-unboost|p1b: Iron Jugulis|spe|1\n|move|p2b: Exeggutor|Draco Meteor|p1b: Iron Jugulis\n|-damage|p1b: Iron Jugulis|0 fnt\n|-unboost|p2b: Exeggutor|spa|2\n|faint|p1b: Iron Jugulis\n|-end|p1b: Iron Jugulis|Quark Drive|[silent]\n|\n|win|caoscontrol\n|raw|Ixkukul's rating: 1905 &rarr; <strong>1879</strong><br />(-26 for losing)\n|raw|caoscontrol's rating: 1793 &rarr; <strong>1819</strong><br />(+26 for winning)\n|c|☆caoscontrol|gg wp\n|c|☆Ixkukul|gg\n", "inputlog": ">version 686819e5e19f8a7fd2345cfc5a08a5085efa2cc3\n>start {\"formatid\":\"gen9randomdoublesbattle\",\"seed\":\"sodium,5835d18c7dccad4f5abac51d2d892ae0\",\"rated\":\"Rated battle\"}\n>player p1 {\"name\":\"Ixkukul\",\"avatar\":\"miku-ghost\",\"rating\":1905,\"seed\":\"sodium,0c3b3642456a1a19165485d06c29cbfc\"}\n>player p2 {\"name\":\"caoscontrol\",\"avatar\":\"102\",\"rating\":1793,\"seed\":\"sodium,b8c3ab73733edb1361111077756f4aa0\"}\n>p1 move hurricane +1, move fakeout +1\n>p2 move highhorsepower +2, move dazzlinggleam\n>p1 move protect, switch 6\n>p2 move hornleech +2, move dazzlinggleam terastallize\n>p1 move hurricane +1, move quiverdance\n>p2 switch 6, move thunderbolt +2\n>p1 move darkpulse +2, move hurricane +1\n>p2 move protect, move dazzlinggleam\n>p1 switch 5, switch 4\n>p1 move superfang +1, move knockoff +2\n>p2 move knockoff +2, move thunderbolt +1\n>p2 pass, switch 3\n>p1 move closecombat +1, switch 3\n>p2 move thunderwave +1, move muddywater\n>p2 switch 6, pass\n>p1 move playrough +1, move spore +2\n>p2 move hornleech +1, switch 4\n>p1 switch 3, move pollenpuff -1\n>p2 move highhorsepower +1, move dracometeor +2\n>p1 move ironhead +1, move pollenpuff +2\n>p2 move doubleedge +2, switch 5\n>p2 switch 4, pass\n>p1 move knockoff +1 terastallize, switch 3\n>p2 move encore +2, move hydropump +1\n>p1 switch 3, pass\n>p1 move spore +2, move playrough +2\n>p2 switch 5, move hydropump +2\n>p1 pass, switch 6\n>p1 move clearsmog +1, move revivalblessing\n>p2 move protect, switch 5\n>p1 pass, switch 5\n>p1 move clearsmog +1, move doubleshock +2\n>p2 move woodhammer +2, switch 5\n>p1 pass, switch 5\n>p1 move pollenpuff -2, move hurricane +1\n>p2 move protect, move dracometeor +1\n>p1 move ragepowder, move hurricane +1\n>p2 switch 5, move dracometeor +1\n>p1 move pollenpuff +1, move darkpulse +2\n>p2 move icywind, move dracometeor +1\n>p2 pass, switch 5\n>p1 move pollenpuff +1, move protect\n>p2 move icywind, move flamethrower +1\n>p1 pass, move hurricane +2\n>p2 move encore +2, move dracometeor +2\n>p1 pass, move protect\n>p2 move icywind, move dracometeor +2", "uploadtime": 1771219353, "views": 30, "formatid": "gen9randomdoublesbattle", "rating": 1819, "private": 0, "password": null}