{"id": "gen9randomdoublesbattle-2538509253", "format": "[Gen 9] Random Doubles Battle", "players": ["el _sici", "Realnickiminaj"], "log": "|j|☆el _sici\n|j|☆Realnickiminaj\n|t:|1770934694\n|gametype|doubles\n|player|p1|el _sici|pokemonrangerf|1748\n|player|p2|Realnickiminaj|pokemonrangerf|1803\n|gen|9\n|tier|[Gen 9] Random Doubles Battle\n|rated|\n|rule|Species Clause: Limit one of each Pokémon\n|rule|HP Percentage Mod: HP is shown in percentages\n|rule|Illusion Level Mod: Illusion disguises the Pokémon's true level\n|rule|Sleep Clause Mod: Limit one foe put to sleep\n|\n|t:|1770934694\n|teamsize|p1|6\n|teamsize|p2|6\n|start\n|switch|p1a: Iron Boulder|Iron Boulder, L77|265/265\n|switch|p1b: Quaquaval|Quaquaval, L82, F|274/274\n|switch|p2a: Ambipom|Ambipom, L87, M|272/272\n|switch|p2b: Ursaluna|Ursaluna, L77, F|327/327\n|turn|1\n|\n|t:|1770934723\n|move|p2a: Ambipom|Fake Out|p1b: Quaquaval\n|-damage|p1b: Quaquaval|181/274\n|move|p1a: Iron Boulder|Close Combat|p2a: Ambipom\n|-supereffective|p2a: Ambipom\n|-damage|p2a: Ambipom|20/272\n|-unboost|p1a: Iron Boulder|def|1\n|-unboost|p1a: Iron Boulder|spd|1\n|-damage|p1a: Iron Boulder|239/265|[from] item: Life Orb\n|cant|p1b: Quaquaval|flinch\n|move|p2b: Ursaluna|Headlong Rush|p1a: Iron Boulder\n|-supereffective|p1a: Iron Boulder\n|-damage|p1a: Iron Boulder|0 fnt\n|-unboost|p2b: Ursaluna|def|1\n|-unboost|p2b: Ursaluna|spd|1\n|faint|p1a: Iron Boulder\n|-end|p1a: Iron Boulder|Quark Drive|[silent]\n|\n|-status|p2b: Ursaluna|brn|[from] item: Flame Orb\n|upkeep\n|\n|t:|1770934739\n|switch|p1a: Wugtrio|Wugtrio, L92, F|214/214\n|turn|2\n|inactive|Battle timer is ON: inactive players will automatically lose when time's up. (requested by el _sici)\n|\n|t:|1770934762\n|switch|p2a: Quagsire|Quagsire, L91, M|321/321\n|move|p2b: Ursaluna|Protect|p2b: Ursaluna\n|-singleturn|p2b: Ursaluna|Protect\n|move|p1a: Wugtrio|Liquidation|p2a: Quagsire\n|-immune|p2a: Quagsire|[from] ability: Water Absorb\n|move|p1b: Quaquaval|Aqua Step|p2b: Ursaluna\n|-activate|p2b: Ursaluna|move: Protect\n|\n|-damage|p2b: Ursaluna|307/327 brn|[from] brn\n|upkeep\n|turn|3\n|\n|t:|1770934786\n|switch|p2b: Minun|Minun, L91, M|257/257\n|move|p1a: Wugtrio|Liquidation|p2b: Minun\n|-damage|p2b: Minun|53/257\n|-enditem|p2b: Minun|Sitrus Berry|[eat]\n|-heal|p2b: Minun|117/257|[from] item: Sitrus Berry\n|move|p1b: Quaquaval|Aqua Step|p2b: Minun\n|-damage|p2b: Minun|0 fnt\n|-boost|p1b: Quaquaval|spe|1\n|faint|p2b: Minun\n|-ability|p1b: Quaquaval|Moxie|boost\n|-boost|p1b: Quaquaval|atk|1\n|-damage|p1b: Quaquaval|154/274|[from] item: Life Orb\n|move|p2a: Quagsire|Yawn|p1b: Quaquaval\n|-start|p1b: Quaquaval|move: Yawn|[of] p2a: Quagsire\n|\n|upkeep\n|inactive|Realnickiminaj has 120 seconds left.\n|\n|t:|1770934818\n|switch|p2b: Ursaluna|Ursaluna, L77, F|307/327 brn\n|turn|4\n|\n|t:|1770934845\n|move|p2b: Ursaluna|Protect|p2b: Ursaluna\n|-singleturn|p2b: Ursaluna|Protect\n|move|p1b: Quaquaval|Close Combat|p2a: Quagsire\n|-damage|p2a: Quagsire|60/321\n|-unboost|p1b: Quaquaval|def|1\n|-unboost|p1b: Quaquaval|spd|1\n|-damage|p1b: Quaquaval|127/274|[from] item: Life Orb\n|move|p1a: Wugtrio|Liquidation|p2b: Ursaluna\n|-activate|p2b: Ursaluna|move: Protect\n|move|p2a: Quagsire|High Horsepower|p1a: Wugtrio\n|-damage|p1a: Wugtrio|69/214\n|-ability|p1a: Wugtrio|Gooey\n|-unboost|p2a: Quagsire|spe|1\n|\n|-heal|p2a: Quagsire|80/321|[from] item: Leftovers\n|-damage|p2b: Ursaluna|287/327 brn|[from] brn\n|-end|p1b: Quaquaval|move: Yawn|[silent]\n|-status|p1b: Quaquaval|slp\n|upkeep\n|turn|5\n|inactive|Realnickiminaj has 120 seconds left.\n|\n|t:|1770934893\n|-terastallize|p2b: Ursaluna|Normal\n|cant|p1b: Quaquaval|slp\n|move|p1a: Wugtrio|Liquidation|p2b: Ursaluna\n|-damage|p2b: Ursaluna|122/327 brn\n|move|p2b: Ursaluna|Facade|p1b: Quaquaval\n|-crit|p1b: Quaquaval\n|-damage|p1b: Quaquaval|0 fnt\n|faint|p1b: Quaquaval\n|move|p2a: Quagsire|Recover|p2a: Quagsire\n|-heal|p2a: Quagsire|241/321\n|\n|-heal|p2a: Quagsire|261/321|[from] item: Leftovers\n|-damage|p2b: Ursaluna|102/327 brn|[from] brn\n|upkeep\n|inactive|el _sici has 120 seconds left.\n|\n|t:|1770934917\n|switch|p1b: Sneasler|Sneasler, L77, M|250/250\n|turn|6\n|\n|t:|1770934926\n|move|p2b: Ursaluna|Protect|p2b: Ursaluna\n|-singleturn|p2b: Ursaluna|Protect\n|move|p1a: Wugtrio|Liquidation|p2b: Ursaluna\n|-activate|p2b: Ursaluna|move: Protect\n|move|p1b: Sneasler|Close Combat|p2a: Quagsire\n|-damage|p2a: Quagsire|123/321\n|-unboost|p1b: Sneasler|def|1\n|-unboost|p1b: Sneasler|spd|1\n|-enditem|p1b: Sneasler|White Herb\n|-clearnegativeboost|p1b: Sneasler|[silent]\n|move|p2a: Quagsire|Yawn|p1b: Sneasler\n|-start|p1b: Sneasler|move: Yawn|[of] p2a: Quagsire\n|\n|-heal|p2a: Quagsire|143/321|[from] item: Leftovers\n|-damage|p2b: Ursaluna|82/327 brn|[from] brn\n|upkeep\n|turn|7\n|\n|t:|1770934950\n|switch|p1b: Vileplume|Vileplume, L89, F|278/278\n|move|p1a: Wugtrio|Liquidation|p2b: Ursaluna\n|-damage|p2b: Ursaluna|0 fnt\n|faint|p2b: Ursaluna\n|move|p2a: Quagsire|Recover|p2a: Quagsire\n|-heal|p2a: Quagsire|304/321\n|\n|-heal|p2a: Quagsire|321/321|[from] item: Leftovers\n|upkeep\n|\n|t:|1770934957\n|switch|p2b: Weavile|Weavile, L81, F|246/246\n|turn|8\n|\n|t:|1770934974\n|-terastallize|p1b: Vileplume|Steel\n|move|p1a: Wugtrio|Liquidation|p2b: Weavile\n|-damage|p2b: Weavile|44/246\n|move|p2b: Weavile|Triple Axel|p1b: Vileplume\n|-resisted|p1b: Vileplume\n|-damage|p1b: Vileplume|266/278\n|-resisted|p1b: Vileplume\n|-damage|p1b: Vileplume|242/278\n|-resisted|p1b: Vileplume\n|-damage|p1b: Vileplume|209/278\n|-hitcount|p1b: Vileplume|3\n|move|p1b: Vileplume|Stun Spore|p2b: Weavile\n|-status|p2b: Weavile|par\n|move|p2a: Quagsire|High Horsepower|p1a: Wugtrio\n|-damage|p1a: Wugtrio|0 fnt\n|-ability|p1a: Wugtrio|Gooey\n|-unboost|p2a: Quagsire|spe|1\n|faint|p1a: Wugtrio\n|\n|upkeep\n|inactive|el _sici has 120 seconds left.\n|\n|t:|1770934999\n|switch|p1a: Sneasler|Sneasler, L77, M|250/250\n|turn|9\n|\n|t:|1770935014\n|move|p2b: Weavile|Ice Shard|p1a: Sneasler\n|-damage|p1a: Sneasler|186/250\n|move|p1a: Sneasler|Dire Claw|p2b: Weavile\n|-damage|p2b: Weavile|0 fnt\n|faint|p2b: Weavile\n|move|p1b: Vileplume|Strength Sap|p2a: Quagsire\n|-unboost|p2a: Quagsire|atk|1\n|-heal|p1b: Vileplume|278/278\n|move|p2a: Quagsire|High Horsepower|p1a: Sneasler\n|-supereffective|p1a: Sneasler\n|-damage|p1a: Sneasler|0 fnt\n|faint|p1a: Sneasler\n|\n|upkeep\n|\n|t:|1770935033\n|switch|p2b: Ambipom|Ambipom, L87, M|20/272\n|switch|p1a: Copperajah|Copperajah, L86, F|350/350\n|turn|10\n|\n|t:|1770935058\n|move|p2b: Ambipom|Fake Out|p1a: Copperajah\n|-resisted|p1a: Copperajah\n|-damage|p1a: Copperajah|303/350\n|move|p1b: Vileplume|Strength Sap|p2a: Quagsire\n|-unboost|p2a: Quagsire|atk|1\n|cant|p1a: Copperajah|flinch\n|move|p2a: Quagsire|Yawn|p1a: Copperajah\n|-start|p1a: Copperajah|move: Yawn|[of] p2a: Quagsire\n|\n|upkeep\n|turn|11\n|\n|t:|1770935086\n|move|p2b: Ambipom|Knock Off|p1a: Copperajah\n|-damage|p1a: Copperajah|215/350\n|-enditem|p1a: Copperajah|Life Orb|[from] move: Knock Off|[of] p2b: Ambipom\n|move|p1b: Vileplume|Sludge Bomb|p2b: Ambipom\n|-damage|p2b: Ambipom|0 fnt\n|faint|p2b: Ambipom\n|move|p1a: Copperajah|Iron Head|p2a: Quagsire\n|-resisted|p2a: Quagsire\n|-crit|p2a: Quagsire\n|-damage|p2a: Quagsire|220/321\n|move|p2a: Quagsire|High Horsepower|p1a: Copperajah\n|-supereffective|p1a: Copperajah\n|-damage|p1a: Copperajah|77/350\n|\n|-heal|p2a: Quagsire|240/321|[from] item: Leftovers\n|-end|p1a: Copperajah|move: Yawn|[silent]\n|-status|p1a: Copperajah|slp\n|upkeep\n|\n|t:|1770935100\n|switch|p2b: Magmar|Magmar, L84, F|246/246\n|turn|12\n|\n|t:|1770935110\n|move|p2b: Magmar|Heat Wave|p1a: Copperajah|[spread] p1a,p1b\n|-supereffective|p1a: Copperajah\n|-crit|p1a: Copperajah\n|-supereffective|p1b: Vileplume\n|-damage|p1a: Copperajah|0 fnt\n|-damage|p1b: Vileplume|146/278\n|faint|p1a: Copperajah\n|move|p1b: Vileplume|Stun Spore|p2b: Magmar\n|-status|p2b: Magmar|par\n|move|p2a: Quagsire|Recover|p2a: Quagsire\n|-heal|p2a: Quagsire|321/321\n|\n|upkeep\n|turn|13\n|\n|t:|1770935127\n|move|p1b: Vileplume|Strength Sap|p2b: Magmar\n|-unboost|p2b: Magmar|atk|1\n|-heal|p1b: Vileplume|278/278\n|move|p2b: Magmar|Knock Off|p1b: Vileplume\n|-crit|p1b: Vileplume\n|-damage|p1b: Vileplume|188/278\n|-enditem|p1b: Vileplume|Sitrus Berry|[from] move: Knock Off|[of] p2b: Magmar\n|move|p2a: Quagsire|Yawn|p1b: Vileplume\n|-start|p1b: Vileplume|move: Yawn|[of] p2a: Quagsire\n|\n|upkeep\n|turn|14\n|-message|el _sici forfeited.\n|\n|win|Realnickiminaj\n|raw|el _sici's rating: 1748 &rarr; <strong>1731</strong><br />(-17 for losing)\n|raw|Realnickiminaj's rating: 1803 &rarr; <strong>1820</strong><br />(+17 for winning)\n|l|☆el _sici\n|player|p1|\n", "inputlog": ">version ccdc32dd7cde25fd9e4bed64820e885f66e78a4e\n>start {\"formatid\":\"gen9randomdoublesbattle\",\"seed\":\"sodium,224ec218e8cb585e479eafa27879473c\",\"rated\":\"Rated battle\"}\n>player p1 {\"name\":\"el _sici\",\"avatar\":\"pokemonrangerf\",\"rating\":1748,\"seed\":\"sodium,6ef7f8e428c330aa5baa4b923611596d\"}\n>player p2 {\"name\":\"Realnickiminaj\",\"avatar\":\"pokemonrangerf\",\"rating\":1803,\"seed\":\"sodium,f0c6049f9c6eabcafb6594828f21cbca\"}\n>p1 move closecombat +1, move aquastep +2\n>p2 move fakeout +2, move headlongrush +1\n>p1 switch 3, pass\n>p1 move liquidation +1, move aquastep +2\n>p2 switch 3, move protect\n>p1 move liquidation +2, move aquastep +2\n>p2 move yawn +2, switch 4\n>p2 pass, switch 4\n>p1 move liquidation +2, move closecombat +1\n>p2 move highhorsepower +1, move protect\n>p1 move liquidation +2, move closecombat +1\n>p2 move recover, move facade +2 terastallize\n>p1 pass, switch 4\n>p1 move liquidation +2, move closecombat +1\n>p2 move yawn +2, move protect\n>p1 move liquidation +2, switch 5\n>p2 move recover, move facade +2\n>p2 pass, switch 6\n>p1 move liquidation +2, move stunspore +2 terastallize\n>p2 move highhorsepower +1, move tripleaxel +2\n>p1 switch 5, pass\n>p1 move direclaw +2, move strengthsap +1\n>p2 move highhorsepower +1, move iceshard +1\n>p1 switch 6, pass\n>p2 pass, switch 3\n>p1 move ironhead +2, move strengthsap +1\n>p2 move yawn +1, move fakeout +1\n>p1 move ironhead +2, move sludgebomb +2\n>p2 move highhorsepower +1, move knockoff +1\n>p2 pass, switch 5\n>p1 move highhorsepower +2, move stunspore +2\n>p2 move recover, move heatwave\n>p1 pass, move strengthsap +2\n>p2 move yawn +2, move knockoff +2\n>forcelose p1", "uploadtime": 1770935144, "views": 83, "formatid": "gen9randomdoublesbattle", "rating": 1731, "private": 0, "password": null}