{"id": "gen9randomdoublesbattle-2537764859", "format": "[Gen 9] Random Doubles Battle", "players": ["SmellyP", "wasted efforts"], "log": "|j|☆SmellyP\n|j|☆wasted efforts\n|t:|1770845808\n|gametype|doubles\n|player|p1|SmellyP|266|1650\n|player|p2|wasted efforts|102|1595\n|gen|9\n|tier|[Gen 9] Random Doubles Battle\n|rated|\n|rule|Species Clause: Limit one of each Pokémon\n|rule|HP Percentage Mod: HP is shown in percentages\n|rule|Illusion Level Mod: Illusion disguises the Pokémon's true level\n|rule|Sleep Clause Mod: Limit one foe put to sleep\n|\n|t:|1770845808\n|teamsize|p1|6\n|teamsize|p2|6\n|start\n|switch|p1a: Giratina|Giratina, L76|353/353\n|switch|p1b: Lugia|Lugia, L71|268/268\n|switch|p2a: Toxicroak|Toxicroak, L85, M|280/280\n|switch|p2b: Golurk|Golurk, L86|293/293\n|-ability|p1a: Giratina|Pressure\n|turn|1\n|\n|t:|1770845840\n|switch|p1b: Houndoom|Houndoom, L86, M|269/269\n|move|p2a: Toxicroak|Fake Out|p1b: Houndoom\n|-damage|p1b: Houndoom|221/269\n|move|p1a: Giratina|Calm Mind|p1a: Giratina\n|-boost|p1a: Giratina|spa|1\n|-boost|p1a: Giratina|spd|1\n|move|p2b: Golurk|Poltergeist|p1a: Giratina\n|-activate|p1a: Giratina|move: Poltergeist|Leftovers\n|-supereffective|p1a: Giratina\n|-damage|p1a: Giratina|33/353\n|-damage|p2b: Golurk|264/293|[from] item: Life Orb\n|\n|-heal|p1a: Giratina|55/353|[from] item: Leftovers\n|upkeep\n|turn|2\n|\n|t:|1770845866\n|-terastallize|p1b: Houndoom|Fire\n|move|p1b: Houndoom|Heat Wave|p2b: Golurk|[spread] p2a,p2b\n|-damage|p2a: Toxicroak|54/280\n|-damage|p2b: Golurk|116/293\n|-damage|p1b: Houndoom|195/269|[from] item: Life Orb\n|move|p2a: Toxicroak|Gunk Shot|p1a: Giratina\n|-resisted|p1a: Giratina\n|-damage|p1a: Giratina|0 fnt\n|faint|p1a: Giratina\n|move|p2b: Golurk|High Horsepower|p1b: Houndoom\n|-supereffective|p1b: Houndoom\n|-damage|p1b: Houndoom|0 fnt\n|faint|p1b: Houndoom\n|-damage|p2b: Golurk|87/293|[from] item: Life Orb\n|\n|upkeep\n|inactive|Battle timer is ON: inactive players will automatically lose when time's up. (requested by SmellyP)\n|c|☆SmellyP|huh\n|c|☆SmellyP|so much for dry skin\n|\n|t:|1770845895\n|switch|p1b: Lugia|Lugia, L71|268/268\n|switch|p1a: Oricorio|Oricorio-Pa'u, L89, F|278/278\n|turn|3\n|\n|t:|1770845910\n|-terastallize|p2a: Toxicroak|Dark\n|move|p1a: Oricorio|Revelation Dance|p2b: Golurk\n|-damage|p2b: Golurk|0 fnt\n|faint|p2b: Golurk\n|move|p1b: Lugia|Earth Power|p2a: Toxicroak\n|-damage|p2a: Toxicroak|3/280\n|move|p2a: Toxicroak|Gunk Shot|p1a: Oricorio\n|-damage|p1a: Oricorio|109/278\n|-enditem|p1a: Oricorio|Sitrus Berry|[eat]\n|-heal|p1a: Oricorio|178/278|[from] item: Sitrus Berry\n|\n|upkeep\n|\n|t:|1770845933\n|switch|p2b: Jirachi|Jirachi, L80|291/291\n|turn|4\n|\n|t:|1770845951\n|move|p2b: Jirachi|Iron Head|p1a: Oricorio\n|-damage|p1a: Oricorio|84/278\n|move|p1a: Oricorio|Tailwind|p1a: Oricorio\n|-sidestart|p1: SmellyP|move: Tailwind\n|move|p1b: Lugia|Earth Power|p2a: Toxicroak\n|-damage|p2a: Toxicroak|0 fnt\n|faint|p2a: Toxicroak\n|\n|upkeep\n|\n|t:|1770845963\n|switch|p2a: Leavanny|Leavanny, L91, F|284/284\n|turn|5\n|\n|t:|1770845980\n|move|p1a: Oricorio|Hurricane|p2a: Leavanny|[miss]\n|-miss|p1a: Oricorio|p2a: Leavanny\n|move|p1b: Lugia|Earth Power|p2b: Jirachi\n|-supereffective|p2b: Jirachi\n|-damage|p2b: Jirachi|207/291\n|move|p2b: Jirachi|Iron Head|p1a: Oricorio\n|-damage|p1a: Oricorio|0 fnt\n|faint|p1a: Oricorio\n|move|p2a: Leavanny|Sticky Web|p1b: Lugia\n|-sidestart|p1: SmellyP|move: Sticky Web\n|\n|upkeep\n|\n|t:|1770845983\n|switch|p1a: Dachsbun|Dachsbun, L90, M|249/249\n|-activate|p1a: Dachsbun|move: Sticky Web\n|-unboost|p1a: Dachsbun|spe|1\n|turn|6\n|\n|t:|1770846000\n|move|p1b: Lugia|Aeroblast|p2a: Leavanny\n|-supereffective|p2a: Leavanny\n|-damage|p2a: Leavanny|0 fnt\n|faint|p2a: Leavanny\n|move|p2b: Jirachi|Iron Head|p1b: Lugia\n|-damage|p1b: Lugia|235/268\n|move|p1a: Dachsbun|Snarl|p2b: Jirachi\n|-supereffective|p2b: Jirachi\n|-damage|p2b: Jirachi|155/291\n|-unboost|p2b: Jirachi|spa|1\n|\n|-heal|p1b: Lugia|251/268|[from] item: Leftovers\n|upkeep\n|\n|t:|1770846009\n|switch|p2a: Phione|Phione, L90|290/290\n|turn|7\n|\n|t:|1770846013\n|move|p1b: Lugia|Earth Power|p2b: Jirachi\n|-supereffective|p2b: Jirachi\n|-damage|p2b: Jirachi|63/291\n|move|p2b: Jirachi|Iron Head|p1a: Dachsbun\n|-supereffective|p1a: Dachsbun\n|-damage|p1a: Dachsbun|129/249\n|move|p1a: Dachsbun|Snarl|p2a: Phione|[spread] p2a,p2b\n|-supereffective|p2b: Jirachi\n|-damage|p2a: Phione|268/290\n|-damage|p2b: Jirachi|23/291\n|-unboost|p2a: Phione|spa|1\n|-unboost|p2b: Jirachi|spa|1\n|move|p2a: Phione|Take Heart|p2a: Phione\n|-boost|p2a: Phione|spa|1\n|-boost|p2a: Phione|spd|1\n|\n|-heal|p1b: Lugia|267/268|[from] item: Leftovers\n|-heal|p2a: Phione|286/290|[from] item: Leftovers\n|-sideend|p1: SmellyP|move: Tailwind\n|upkeep\n|turn|8\n|\n|t:|1770846041\n|move|p2b: Jirachi|Iron Head|p1b: Lugia\n|-damage|p1b: Lugia|201/268\n|move|p1b: Lugia|Earth Power|p2b: Jirachi\n|-supereffective|p2b: Jirachi\n|-damage|p2b: Jirachi|0 fnt\n|faint|p2b: Jirachi\n|move|p2a: Phione|Ice Beam|p1b: Lugia\n|-supereffective|p1b: Lugia\n|-damage|p1b: Lugia|101/268\n|move|p1a: Dachsbun|Play Rough|p2a: Phione\n|-damage|p2a: Phione|184/290\n|\n|-heal|p1b: Lugia|117/268|[from] item: Leftovers\n|-heal|p2a: Phione|202/290|[from] item: Leftovers\n|upkeep\n|c|☆SmellyP|wow\n|c|☆SmellyP|no serene grace\n|c|☆SmellyP|dang\n|inactive|wasted efforts has 120 seconds left.\n|\n|t:|1770846053\n|switch|p2b: Terrakion|Terrakion, L78|270/270\n|turn|9\n|\n|t:|1770846061\n|move|p2b: Terrakion|Rock Slide|p1b: Lugia|[spread] p1a\n|-miss|p2b: Terrakion|p1b: Lugia\n|-damage|p1a: Dachsbun|69/249\n|-enditem|p1a: Dachsbun|Sitrus Berry|[eat]\n|-heal|p1a: Dachsbun|131/249|[from] item: Sitrus Berry\n|-damage|p2b: Terrakion|243/270|[from] item: Life Orb\n|move|p1b: Lugia|Recover|p1b: Lugia\n|-heal|p1b: Lugia|251/268\n|move|p2a: Phione|Take Heart|p2a: Phione\n|-boost|p2a: Phione|spa|1\n|-boost|p2a: Phione|spd|1\n|cant|p1a: Dachsbun|flinch\n|\n|-heal|p1b: Lugia|267/268|[from] item: Leftovers\n|-heal|p2a: Phione|220/290|[from] item: Leftovers\n|upkeep\n|turn|10\n|l|☆SmellyP\n|inactive|SmellyP disconnected and has a minute to reconnect!\n|player|p1|\n|inactive|SmellyP has 30 seconds to reconnect!\n|inactive|SmellyP has 20 seconds to reconnect!\n|inactive|SmellyP has 15 seconds to reconnect!\n|inactive|SmellyP has 10 seconds to reconnect!\n|inactive|SmellyP has 5 seconds to reconnect!\n|-message|SmellyP lost due to inactivity.\n|\n|win|wasted efforts\n|raw|SmellyP's rating: 1650 &rarr; <strong>1627</strong><br />(-23 for losing)\n|raw|wasted efforts's rating: 1595 &rarr; <strong>1618</strong><br />(+23 for winning)\n", "inputlog": ">version ccdc32dd7cde25fd9e4bed64820e885f66e78a4e\n>start {\"formatid\":\"gen9randomdoublesbattle\",\"seed\":\"sodium,57408c8d07453f16615dbe2789bc8ac6\",\"rated\":\"Rated battle\"}\n>player p1 {\"name\":\"SmellyP\",\"avatar\":\"266\",\"rating\":1650,\"seed\":\"sodium,df413cbb5993e58f0f549a977c138d48\"}\n>player p2 {\"name\":\"wasted efforts\",\"avatar\":\"102\",\"rating\":1595,\"seed\":\"sodium,c3ab9cfe503ff0dc62ed843c86d2e2bc\"}\n>p1 move calmmind, switch 4\n>p2 move fakeout +2, move poltergeist +1\n>p1 move shadowball +2, move heatwave terastallize\n>p2 move gunkshot +1, move highhorsepower +2\n>chat ☆SmellyP|huh\n>chat ☆SmellyP|so much for dry skin\n>p1 switch 3, switch 4\n>p1 move revelationdance +2, move earthpower +1\n>p2 move gunkshot +1 terastallize, move poltergeist +2\n>p2 pass, switch 5\n>p1 move tailwind, move earthpower +1\n>p2 move gunkshot +1, move ironhead +1\n>p2 switch 4, pass\n>p1 move hurricane +1, move earthpower +2\n>p2 move stickyweb, move ironhead +1\n>p1 switch 6, pass\n>p1 move snarl, move aeroblast +1\n>p2 move pollenpuff -2, move ironhead +2\n>p2 switch 6, pass\n>p1 move snarl, move earthpower +2\n>p2 move takeheart, move ironhead +1\n>p1 move playrough +1, move earthpower +2\n>p2 move icebeam +2, move ironhead +2\n>chat ☆SmellyP|wow\n>chat ☆SmellyP|no serene grace \n>chat ☆SmellyP|dang\n>p2 pass, switch 3\n>p1 move playrough +2, move recover\n>p2 move takeheart, move rockslide\n>forcelose p1", "uploadtime": 1770846150, "views": 70, "formatid": "gen9randomdoublesbattle", "rating": 1618, "private": 0, "password": null}