{"id": "gen9randomdoublesbattle-2539797283", "format": "[Gen 9] Random Doubles Battle", "players": ["improvguy", "Meortus"], "log": "|j|☆improvguy\n|j|☆Meortus\n|t:|1771110170\n|gametype|doubles\n|player|p1|improvguy|cameraman|1872\n|player|p2|Meortus|1|1784\n|gen|9\n|tier|[Gen 9] Random Doubles Battle\n|rated|\n|rule|Species Clause: Limit one of each Pokémon\n|rule|HP Percentage Mod: HP is shown in percentages\n|rule|Illusion Level Mod: Illusion disguises the Pokémon's true level\n|rule|Sleep Clause Mod: Limit one foe put to sleep\n|\n|t:|1771110170\n|teamsize|p1|6\n|teamsize|p2|6\n|start\n|switch|p1a: Hydreigon|Hydreigon, L82, M|285/285\n|switch|p1b: Tentacruel|Tentacruel, L85, M|275/275\n|switch|p2a: Flapple|Flapple, L95, F|287/287\n|switch|p2b: Ludicolo|Ludicolo, L89, M|287/287\n|turn|1\n|inactive|Battle timer is ON: inactive players will automatically lose when time's up. (requested by Meortus)\n|\n|t:|1771110186\n|switch|p1a: Florges|Florges-Orange, L84, F|268/268\n|move|p2b: Ludicolo|Fake Out|p1a: Florges\n|-damage|p1a: Florges|235/268\n|move|p1b: Tentacruel|Icy Wind|p2a: Flapple|[spread] p2a\n|-miss|p1b: Tentacruel|p2b: Ludicolo\n|-supereffective|p2a: Flapple\n|-damage|p2a: Flapple|167/287\n|-unboost|p2a: Flapple|spe|1\n|move|p2a: Flapple|Dragon Dance|p2a: Flapple\n|-boost|p2a: Flapple|atk|1\n|-boost|p2a: Flapple|spe|1\n|\n|-heal|p1a: Florges|251/268|[from] item: Leftovers\n|upkeep\n|turn|2\n|\n|t:|1771110199\n|move|p1b: Tentacruel|Icy Wind|p2b: Ludicolo|[spread] p2a,p2b\n|-supereffective|p2a: Flapple\n|-damage|p2a: Flapple|31/287\n|-damage|p2b: Ludicolo|272/287\n|-unboost|p2a: Flapple|spe|1\n|-unboost|p2b: Ludicolo|spe|1\n|-activate|p2a: Flapple|ability: Ripen\n|-enditem|p2a: Flapple|Sitrus Berry|[eat]\n|-heal|p2a: Flapple|173/287|[from] item: Sitrus Berry\n|move|p1a: Florges|Moonblast|p2a: Flapple\n|-supereffective|p2a: Flapple\n|-damage|p2a: Flapple|0 fnt\n|faint|p2a: Flapple\n|move|p2b: Ludicolo|Icy Wind|p1b: Tentacruel|[spread] p1a,p1b\n|-resisted|p1b: Tentacruel\n|-damage|p1a: Florges|233/268\n|-damage|p1b: Tentacruel|267/275\n|-unboost|p1a: Florges|spe|1\n|\n|-heal|p1a: Florges|249/268|[from] item: Leftovers\n|upkeep\n|\n|t:|1771110209\n|switch|p2a: Lycanroc|Lycanroc, L85, F|266/266\n|turn|3\n|\n|t:|1771110224\n|switch|p1a: Mabosstiff|Mabosstiff, L84, M|272/272\n|-ability|p1a: Mabosstiff|Intimidate|boost\n|-unboost|p2a: Lycanroc|atk|1\n|-unboost|p2b: Ludicolo|atk|1\n|move|p2a: Lycanroc|Rock Slide|p1a: Mabosstiff|[spread] p1a,p1b\n|-damage|p1a: Mabosstiff|212/272\n|-damage|p1b: Tentacruel|196/275\n|-damage|p2a: Lycanroc|240/266|[from] item: Life Orb\n|move|p1b: Tentacruel|Icy Wind|p2a: Lycanroc|[spread] p2a,p2b\n|-damage|p2a: Lycanroc|207/266\n|-damage|p2b: Ludicolo|256/287\n|-unboost|p2a: Lycanroc|spe|1\n|-unboost|p2b: Ludicolo|spe|1\n|move|p2b: Ludicolo|Icy Wind|p1b: Tentacruel|[spread] p1a,p1b\n|-resisted|p1b: Tentacruel\n|-damage|p1a: Mabosstiff|174/272\n|-damage|p1b: Tentacruel|188/275\n|-unboost|p1a: Mabosstiff|spe|1\n|\n|upkeep\n|turn|4\n|\n|t:|1771110241\n|move|p1b: Tentacruel|Sludge Bomb|p2b: Ludicolo\n|-supereffective|p2b: Ludicolo\n|-damage|p2b: Ludicolo|160/287\n|move|p2a: Lycanroc|Rock Slide|p1b: Tentacruel|[spread] p1a,p1b\n|-damage|p1a: Mabosstiff|112/272\n|-damage|p1b: Tentacruel|114/275\n|-damage|p2a: Lycanroc|181/266|[from] item: Life Orb\n|move|p1a: Mabosstiff|Crunch|p2a: Lycanroc\n|-damage|p2a: Lycanroc|0 fnt\n|faint|p2a: Lycanroc\n|move|p2b: Ludicolo|Icy Wind|p1a: Mabosstiff|[spread] p1a,p1b\n|-resisted|p1b: Tentacruel\n|-damage|p1a: Mabosstiff|73/272\n|-damage|p1b: Tentacruel|106/275\n|-unboost|p1a: Mabosstiff|spe|1\n|\n|upkeep\n|\n|t:|1771110260\n|switch|p2a: Jolteon|Jolteon, L85, F|249/249\n|turn|5\n|\n|t:|1771110266\n|switch|p1b: Sawsbuck|Sawsbuck-Autumn, L91, F|293/293\n|move|p2a: Jolteon|Protect|p2a: Jolteon\n|-singleturn|p2a: Jolteon|Protect\n|move|p1a: Mabosstiff|Crunch|p2a: Jolteon\n|-activate|p2a: Jolteon|move: Protect\n|move|p2b: Ludicolo|Hydro Pump|p1a: Mabosstiff\n|-damage|p1a: Mabosstiff|0 fnt\n|faint|p1a: Mabosstiff\n|\n|upkeep\n|\n|t:|1771110276\n|switch|p1a: Florges|Florges-Orange, L84, F|249/268\n|turn|6\n|\n|t:|1771110282\n|switch|p2a: Wugtrio|Wugtrio, L92, F|214/214\n|move|p1b: Sawsbuck|High Horsepower|p2a: Wugtrio\n|-damage|p2a: Wugtrio|63/214\n|-ability|p2a: Wugtrio|Gooey\n|-block|p1b: Sawsbuck|ability: Flower Veil|[of] p1a: Florges\n|-damage|p1b: Sawsbuck|264/293|[from] item: Life Orb\n|move|p1a: Florges|Calm Mind|p1a: Florges\n|-boost|p1a: Florges|spa|1\n|-boost|p1a: Florges|spd|1\n|move|p2b: Ludicolo|Icy Wind|p1b: Sawsbuck|[spread] p1a,p1b\n|-supereffective|p1b: Sawsbuck\n|-damage|p1a: Florges|236/268\n|-damage|p1b: Sawsbuck|202/293\n|-unboost|p1a: Florges|spe|1\n|\n|-heal|p1a: Florges|252/268|[from] item: Leftovers\n|upkeep\n|turn|7\n|\n|t:|1771110296\n|move|p2a: Wugtrio|Liquidation|p1a: Florges\n|-damage|p1a: Florges|66/268\n|-unboost|p1a: Florges|def|1\n|move|p1b: Sawsbuck|Double-Edge|p2b: Ludicolo\n|-damage|p2b: Ludicolo|0 fnt\n|faint|p2b: Ludicolo\n|-damage|p1b: Sawsbuck|149/293|[from] Recoil\n|-damage|p1b: Sawsbuck|120/293|[from] item: Life Orb\n|move|p1a: Florges|Moonblast|p2a: Wugtrio\n|-damage|p2a: Wugtrio|0 fnt\n|faint|p2a: Wugtrio\n|\n|-heal|p1a: Florges|82/268|[from] item: Leftovers\n|upkeep\n|\n|t:|1771110302\n|switch|p2a: Jolteon|Jolteon, L85, F|249/249\n|switch|p2b: Iron Crown|Iron Crown, L78|268/268\n|-enditem|p2b: Iron Crown|Booster Energy\n|-activate|p2b: Iron Crown|ability: Quark Drive|[fromitem]\n|-start|p2b: Iron Crown|quarkdrivespa\n|turn|8\n|\n|t:|1771110325\n|move|p2a: Jolteon|Calm Mind|p2a: Jolteon\n|-boost|p2a: Jolteon|spa|1\n|-boost|p2a: Jolteon|spd|1\n|move|p1b: Sawsbuck|High Horsepower|p2b: Iron Crown\n|-supereffective|p2b: Iron Crown\n|-damage|p2b: Iron Crown|78/268\n|-damage|p1b: Sawsbuck|91/293|[from] item: Life Orb\n|move|p2b: Iron Crown|Tachyon Cutter|p1b: Sawsbuck\n|-damage|p1b: Sawsbuck|7/293\n|-damage|p1b: Sawsbuck|0 fnt\n|faint|p1b: Sawsbuck\n|-hitcount|p1: Sawsbuck|2\n|move|p1a: Florges|Synthesis|p1a: Florges\n|-heal|p1a: Florges|216/268\n|\n|-heal|p1a: Florges|232/268|[from] item: Leftovers\n|upkeep\n|\n|t:|1771110338\n|switch|p1b: Hydreigon|Hydreigon, L82, M|285/285\n|turn|9\n|\n|t:|1771110346\n|-terastallize|p2a: Jolteon|Ice\n|move|p1b: Hydreigon|Protect|p1b: Hydreigon\n|-singleturn|p1b: Hydreigon|Protect\n|move|p2a: Jolteon|Tera Blast|p1b: Hydreigon|[anim] Tera Blast Ice\n|-activate|p1b: Hydreigon|move: Protect\n|move|p2b: Iron Crown|Tachyon Cutter|p1a: Florges\n|-supereffective|p1a: Florges\n|-damage|p1a: Florges|172/268\n|-supereffective|p1a: Florges\n|-damage|p1a: Florges|116/268\n|-hitcount|p1a: Florges|2\n|move|p1a: Florges|Moonblast|p2a: Jolteon\n|-damage|p2a: Jolteon|144/249\n|\n|-heal|p1a: Florges|132/268|[from] item: Leftovers\n|upkeep\n|turn|10\n|inactive|Meortus has 120 seconds left.\n|\n|t:|1771110377\n|move|p2a: Jolteon|Thunderbolt|p1a: Florges\n|-damage|p1a: Florges|46/268\n|-status|p1a: Florges|par\n|-damage|p2a: Jolteon|120/249|[from] item: Life Orb\n|move|p1b: Hydreigon|Tailwind|p1b: Hydreigon\n|-sidestart|p1: improvguy|move: Tailwind\n|move|p2b: Iron Crown|Focus Blast|p1b: Hydreigon|[miss]\n|-miss|p2b: Iron Crown|p1b: Hydreigon\n|move|p1a: Florges|Synthesis|p1a: Florges\n|-heal|p1a: Florges|180/268 par\n|\n|-heal|p1a: Florges|196/268 par|[from] item: Leftovers\n|upkeep\n|turn|11\n|-message|Meortus forfeited.\n|\n|win|improvguy\n|raw|improvguy's rating: 1872 &rarr; <strong>1887</strong><br />(+15 for winning)\n|raw|Meortus's rating: 1784 &rarr; <strong>1769</strong><br />(-15 for losing)\n|l|☆Meortus\n|player|p2|\n", "inputlog": ">version ccdc32dd7cde25fd9e4bed64820e885f66e78a4e\n>start {\"formatid\":\"gen9randomdoublesbattle\",\"seed\":\"sodium,e0d817320e6a6a503c3ae605d5bdb5f4\",\"rated\":\"Rated battle\"}\n>player p1 {\"name\":\"improvguy\",\"avatar\":\"cameraman\",\"rating\":1872,\"seed\":\"sodium,0a638d2adc5a04676afdadbde6a2daaf\"}\n>player p2 {\"name\":\"Meortus\",\"avatar\":\"1\",\"rating\":1784,\"seed\":\"sodium,5dc054bf618981ad0396707d3395dc5d\"}\n>p1 switch 4, move icywind\n>p2 move dragondance, move fakeout +1\n>p1 move moonblast +1, move icywind\n>p2 move gravapple +2, move icywind\n>p2 switch 6, pass\n>p1 switch 3, move icywind\n>p2 move rockslide, move icywind\n>p1 move crunch +1, move sludgebomb +2\n>p2 move rockslide, move icywind\n>p2 switch 5, pass\n>p1 move crunch +1, switch 6\n>p2 move protect, move hydropump +1\n>p1 switch 3, pass\n>p1 move calmmind, move highhorsepower +1\n>p2 switch 3, move icywind\n>p1 move moonblast +1, move doubleedge +2\n>p2 move liquidation +1, move icywind\n>p2 switch 3, switch 4\n>p1 move synthesis, move highhorsepower +2\n>p2 move calmmind, move tachyoncutter +2\n>p1 pass, switch 4\n>p1 move moonblast +1, move protect\n>p2 move terablast +2 terastallize, move tachyoncutter +1\n>p1 move synthesis, move tailwind\n>p2 move thunderbolt +1, move focusblast +2\n>forcelose p2", "uploadtime": 1771110394, "views": 76, "formatid": "gen9randomdoublesbattle", "rating": 1769, "private": 0, "password": null}