{"id": "gen9randomdoublesbattle-2534687284", "format": "[Gen 9] Random Doubles Battle", "players": ["raphaelk1602", "emaster2048"], "log": "|j|☆raphaelk1602\n|j|☆emaster2048\n|t:|1770461541\n|gametype|doubles\n|player|p1|raphaelk1602|266|1647\n|player|p2|emaster2048|elesa|1532\n|gen|9\n|tier|[Gen 9] Random Doubles Battle\n|rated|\n|rule|Species Clause: Limit one of each Pokémon\n|rule|HP Percentage Mod: HP is shown in percentages\n|rule|Illusion Level Mod: Illusion disguises the Pokémon's true level\n|rule|Sleep Clause Mod: Limit one foe put to sleep\n|\n|t:|1770461541\n|teamsize|p1|6\n|teamsize|p2|6\n|start\n|switch|p1a: Entei|Entei, L77|304/304\n|switch|p1b: Golem|Golem, L87, M|281/281\n|switch|p2a: Indeedee|Indeedee, L79, M|224/224\n|switch|p2b: Tinkaton|Tinkaton, L82, F|274/274\n|-fieldstart|move: Psychic Terrain|[from] ability: Psychic Surge|[of] p2a: Indeedee\n|turn|1\n|inactive|Battle timer is ON: inactive players will automatically lose when time's up. (requested by raphaelk1602)\n|\n|t:|1770461573\n|switch|p1a: Shiftry|Shiftry, L84, F|288/288\n|move|p2b: Tinkaton|Fake Out|p1b: Golem\n|-activate|p1b: Golem|move: Psychic Terrain\n|move|p2a: Indeedee|Expanding Force|p1b: Golem|[spread] p1b\n|-immune|p1a: Shiftry\n|-damage|p1b: Golem|136/281\n|move|p1b: Golem|High Horsepower|p2b: Tinkaton\n|-supereffective|p2b: Tinkaton\n|-damage|p2b: Tinkaton|0 fnt\n|faint|p2b: Tinkaton\n|\n|upkeep\n|c|☆emaster2048|omg im stupid\n|\n|t:|1770461596\n|switch|p2b: Mismagius|Mismagius, L88, M|249/249\n|turn|2\n|\n|t:|1770461630\n|switch|p2a: Leavanny|Leavanny, L91, M|284/284\n|switch|p1b: Mesprit|Mesprit, L86|278/278\n|move|p2b: Mismagius|Dazzling Gleam|p1b: Mesprit|[spread] p1a,p1b\n|-supereffective|p1a: Shiftry\n|-crit|p1b: Mesprit\n|-damage|p1a: Shiftry|124/288\n|-damage|p1b: Mesprit|197/278\n|-damage|p2b: Mismagius|225/249|[from] item: Life Orb\n|move|p1a: Shiftry|Tailwind|p1a: Shiftry\n|-sidestart|p1: raphaelk1602|move: Tailwind\n|-ability|p1a: Shiftry|Wind Rider|boost\n|-boost|p1a: Shiftry|atk|1\n|\n|upkeep\n|turn|3\n|inactive|emaster2048 has 120 seconds left.\n|\n|t:|1770461665\n|-terastallize|p2b: Mismagius|Fairy\n|move|p1b: Mesprit|U-turn|p2a: Leavanny\n|-supereffective|p2a: Leavanny\n|-damage|p2a: Leavanny|164/284\n|\n|t:|1770461678\n|switch|p1b: Entei|Entei, L77|304/304|[from] U-turn\n|move|p1a: Shiftry|Knock Off|p2b: Mismagius\n|-resisted|p2b: Mismagius\n|-damage|p2b: Mismagius|120/249\n|-enditem|p2b: Mismagius|Life Orb|[from] move: Knock Off|[of] p1a: Shiftry\n|move|p2b: Mismagius|Dazzling Gleam|p1b: Entei|[spread] p1a,p1b\n|-supereffective|p1a: Shiftry\n|-resisted|p1b: Entei\n|-damage|p1a: Shiftry|0 fnt\n|-damage|p1b: Entei|262/304\n|faint|p1a: Shiftry\n|move|p2a: Leavanny|Lunge|p1b: Entei\n|-resisted|p1b: Entei\n|-damage|p1b: Entei|192/304\n|-unboost|p1b: Entei|atk|1\n|-damage|p2a: Leavanny|136/284|[from] item: Life Orb\n|\n|upkeep\n|inactive|raphaelk1602 has 120 seconds left.\n|inactive|raphaelk1602 has 90 seconds left.\n|\n|t:|1770461721\n|switch|p1a: Mesprit|Mesprit, L86|197/278\n|turn|4\n|\n|t:|1770461740\n|switch|p2b: Tornadus|Tornadus, L77, M|248/248\n|move|p2a: Leavanny|Protect|p2a: Leavanny\n|-singleturn|p2a: Leavanny|Protect\n|move|p1a: Mesprit|Psychic|p2b: Tornadus\n|-damage|p2b: Tornadus|127/248\n|move|p1b: Entei|Sacred Fire|p2a: Leavanny\n|-activate|p2a: Leavanny|move: Protect\n|\n|upkeep\n|turn|5\n|\n|t:|1770461755\n|move|p2b: Tornadus|Tailwind|p2b: Tornadus\n|-sidestart|p2: emaster2048|move: Tailwind\n|move|p1a: Mesprit|Psychic|p2b: Tornadus\n|-damage|p2b: Tornadus|10/248\n|-enditem|p2b: Tornadus|Sitrus Berry|[eat]\n|-heal|p2b: Tornadus|72/248|[from] item: Sitrus Berry\n|move|p2a: Leavanny|Lunge|p1a: Mesprit\n|-supereffective|p1a: Mesprit\n|-damage|p1a: Mesprit|0 fnt\n|faint|p1a: Mesprit\n|-damage|p2a: Leavanny|108/284|[from] item: Life Orb\n|move|p1b: Entei|Sacred Fire|p2a: Leavanny\n|-supereffective|p2a: Leavanny\n|-damage|p2a: Leavanny|0 fnt\n|faint|p2a: Leavanny\n|\n|-sideend|p1: raphaelk1602|move: Tailwind\n|-fieldend|move: Psychic Terrain\n|upkeep\n|inactive|raphaelk1602 has 120 seconds left.\n|\n|t:|1770461772\n|switch|p2a: Indeedee|Indeedee, L79, M|224/224\n|switch|p1a: Flapple|Flapple, L95, M|287/287\n|-fieldstart|move: Psychic Terrain|[from] ability: Psychic Surge|[of] p2a: Indeedee\n|turn|6\n|\n|t:|1770461786\n|move|p1a: Flapple|Sucker Punch|p2b: Tornadus\n|-hint|Psychic Terrain doesn't affect Pokémon immune to Ground.\n|-damage|p2b: Tornadus|0 fnt\n|faint|p2b: Tornadus\n|move|p2a: Indeedee|Expanding Force|p1a: Flapple|[spread] p1a,p1b\n|-damage|p1a: Flapple|163/287\n|-damage|p1b: Entei|56/304\n|move|p1b: Entei|Sacred Fire|p2a: Indeedee\n|-damage|p2a: Indeedee|64/224\n|\n|upkeep\n|\n|t:|1770461799\n|switch|p2b: Groudon|Groudon, L69|252/252\n|-weather|SunnyDay|[from] ability: Drought|[of] p2b: Groudon\n|turn|7\n|inactive|raphaelk1602 has 120 seconds left.\n|\n|t:|1770461840\n|move|p2a: Indeedee|Expanding Force|p1b: Entei|[spread] p1a,p1b\n|-damage|p1a: Flapple|24/287\n|-damage|p1b: Entei|0 fnt\n|-activate|p1a: Flapple|ability: Ripen\n|-enditem|p1a: Flapple|Sitrus Berry|[eat]\n|-heal|p1a: Flapple|166/287|[from] item: Sitrus Berry\n|faint|p1b: Entei\n|move|p2b: Groudon|Heat Crash|p1a: Flapple\n|-damage|p1a: Flapple|53/287\n|move|p1a: Flapple|Grav Apple|p2a: Indeedee\n|-damage|p2a: Indeedee|0 fnt\n|faint|p2a: Indeedee\n|\n|-weather|SunnyDay|[upkeep]\n|upkeep\n|\n|t:|1770461852\n|switch|p1b: Cinccino|Cinccino, L85, M|266/266\n|switch|p2a: Mismagius|Mismagius, L88, M, tera:Fairy|120/249\n|turn|8\n|\n|t:|1770461866\n|move|p1b: Cinccino|Protect|p1b: Cinccino\n|-singleturn|p1b: Cinccino|Protect\n|move|p1a: Flapple|Protect|p1a: Flapple\n|-singleturn|p1a: Flapple|Protect\n|move|p2a: Mismagius|Will-O-Wisp|p1b: Cinccino\n|-activate|p1b: Cinccino|move: Protect\n|move|p2b: Groudon|Precipice Blades|p1a: Flapple|[spread] \n|-activate|p1a: Flapple|move: Protect\n|-activate|p1b: Cinccino|move: Protect\n|\n|-weather|SunnyDay|[upkeep]\n|-sideend|p2: emaster2048|move: Tailwind\n|upkeep\n|turn|9\n|c|☆emaster2048|gg\n|\n|t:|1770461888\n|move|p1b: Cinccino|Tail Slap|p2a: Mismagius\n|-damage|p2a: Mismagius|68/249\n|-damage|p2a: Mismagius|16/249\n|-damage|p2a: Mismagius|0 fnt\n|faint|p2a: Mismagius\n|-hitcount|p2: Mismagius|3\n|move|p1a: Flapple|Grav Apple|p2b: Groudon\n|-supereffective|p2b: Groudon\n|-damage|p2b: Groudon|52/252\n|-unboost|p2b: Groudon|def|1\n|-enditem|p2b: Groudon|Sitrus Berry|[eat]\n|-heal|p2b: Groudon|115/252|[from] item: Sitrus Berry\n|move|p2b: Groudon|Precipice Blades|p1b: Cinccino|[spread] p1a,p1b\n|-resisted|p1a: Flapple\n|-damage|p1a: Flapple|13/287\n|-damage|p1b: Cinccino|137/266\n|\n|-weather|SunnyDay|[upkeep]\n|upkeep\n|turn|10\n|c|☆raphaelk1602|gg\n|\n|t:|1770461909\n|-terastallize|p1a: Flapple|Grass\n|move|p1b: Cinccino|Tail Slap|p2b: Groudon\n|-damage|p2b: Groudon|67/252\n|-damage|p2b: Groudon|15/252\n|-damage|p2b: Groudon|0 fnt\n|faint|p2b: Groudon\n|-hitcount|p2: Groudon|3\n|\n|win|raphaelk1602\n|raw|raphaelk1602's rating: 1647 &rarr; <strong>1661</strong><br />(+14 for winning)\n|raw|emaster2048's rating: 1532 &rarr; <strong>1518</strong><br />(-14 for losing)\n|l|☆raphaelk1602\n|player|p1|\n", "inputlog": ">version ccdc32dd7cde25fd9e4bed64820e885f66e78a4e\n>start {\"formatid\":\"gen9randomdoublesbattle\",\"seed\":\"sodium,eb4ed1dd493e10f69379861c62d0e3c3\",\"rated\":\"Rated battle\"}\n>player p1 {\"name\":\"raphaelk1602\",\"avatar\":\"266\",\"rating\":1647,\"seed\":\"sodium,0abc9b9037b57e47e012745004711e4c\"}\n>player p2 {\"name\":\"emaster2048\",\"avatar\":\"elesa\",\"rating\":1532,\"seed\":\"sodium,fc7d6db5447316c0a5e2f59d00225314\"}\n>p1 switch 5, move highhorsepower +2\n>p2 move expandingforce +2, move fakeout +2\n>chat ☆emaster2048|omg im stupid\n>p2 pass, switch 6\n>p1 move tailwind, switch 3\n>p2 switch 5, move dazzlinggleam\n>p1 move knockoff +2, move uturn +1\n>p2 move lunge +2, move dazzlinggleam terastallize\n>p1 pass, switch 5\n>p1 switch 5, pass\n>p1 move psychic +2, move sacredfire +1\n>p2 move protect, switch 3\n>p1 move psychic +2, move sacredfire +1\n>p2 move lunge +1, move tailwind\n>p1 switch 6, pass\n>p2 switch 5, pass\n>p1 move suckerpunch +2, move sacredfire +1\n>p2 move expandingforce +1, move bleakwindstorm\n>p2 pass, switch 4\n>p1 move gravapple +1, move sacredfire +1\n>p2 move expandingforce +1, move heatcrash +1\n>p1 pass, switch 4\n>p2 switch 3, pass\n>p1 move protect, move protect\n>p2 move willowisp +2, move precipiceblades\n>chat ☆emaster2048|gg\n>p1 move gravapple +2, move tailslap +1\n>p2 move willowisp +2, move precipiceblades\n>chat ☆raphaelk1602|gg\n>p1 move gravapple +2 terastallize, move tailslap +2\n>p2 pass, move precipiceblades", "uploadtime": 1770461917, "views": 89, "formatid": "gen9randomdoublesbattle", "rating": 1518, "private": 0, "password": null}