{"id": "gen9randomdoublesbattle-2540850253", "format": "[Gen 9] Random Doubles Battle", "players": ["medea974", "LazzarinoCominazzo"], "log": "|j|☆medea974\n|j|☆LazzarinoCominazzo\n|t:|1771260454\n|gametype|doubles\n|player|p1|medea974|rocketgrunt|1672\n|player|p2|LazzarinoCominazzo|101|1713\n|gen|9\n|tier|[Gen 9] Random Doubles Battle\n|rated|\n|rule|Species Clause: Limit one of each Pokémon\n|rule|HP Percentage Mod: HP is shown in percentages\n|rule|Illusion Level Mod: Illusion disguises the Pokémon's true level\n|rule|Sleep Clause Mod: Limit one foe put to sleep\n|\n|t:|1771260454\n|teamsize|p1|6\n|teamsize|p2|6\n|start\n|switch|p1a: Cinccino|Cinccino, L85, F|266/266\n|switch|p1b: Dipplin|Dipplin, L92, M|297/297\n|switch|p2a: Darkrai|Darkrai, L80|243/243\n|switch|p2b: Leavanny|Leavanny, L91, F|284/284\n|turn|1\n|inactive|Battle timer is ON: inactive players will automatically lose when time's up. (requested by medea974)\n|\n|t:|1771260476\n|switch|p2a: Houndstone|Houndstone, L73, M|226/226\n|move|p1a: Cinccino|Tail Slap|p2b: Leavanny\n|-damage|p2b: Leavanny|241/284\n|-damage|p2b: Leavanny|201/284\n|-damage|p2b: Leavanny|161/284\n|-damage|p2b: Leavanny|121/284\n|-hitcount|p2b: Leavanny|4\n|move|p2b: Leavanny|Sticky Web|p1b: Dipplin\n|-sidestart|p1: medea974|move: Sticky Web\n|move|p1b: Dipplin|Syrup Bomb|p2a: Houndstone\n|-damage|p2a: Houndstone|144/226\n|-start|p2a: Houndstone|Syrup Bomb\n|\n|-unboost|p2a: Houndstone|spe|1\n|upkeep\n|turn|2\n|inactive|medea974 has 120 seconds left.\n|inactive|LazzarinoCominazzo has 120 seconds left.\n|\n|t:|1771260530\n|move|p1a: Cinccino|Tail Slap|p2b: Leavanny\n|-damage|p2b: Leavanny|79/284\n|-damage|p2b: Leavanny|37/284\n|-damage|p2b: Leavanny|0 fnt\n|faint|p2b: Leavanny\n|-hitcount|p2: Leavanny|3\n|move|p2a: Houndstone|Body Press|p1a: Cinccino\n|-supereffective|p1a: Cinccino\n|-crit|p1a: Cinccino\n|-damage|p1a: Cinccino|82/266\n|move|p1b: Dipplin|Dragon Pulse|p2a: Houndstone\n|-damage|p2a: Houndstone|26/226\n|\n|-unboost|p2a: Houndstone|spe|1\n|upkeep\n|\n|t:|1771260552\n|switch|p2b: Salazzle|Salazzle, L86, F|257/257\n|turn|3\n|\n|t:|1771260563\n|switch|p2a: Hatterene|Hatterene, L84, F|233/233\n|move|p1a: Cinccino|Protect|p1a: Cinccino\n|-singleturn|p1a: Cinccino|Protect\n|move|p2b: Salazzle|Sludge Bomb|p1a: Cinccino\n|-activate|p1a: Cinccino|move: Protect\n|move|p1b: Dipplin|Syrup Bomb|p2b: Salazzle\n|-resisted|p2b: Salazzle\n|-damage|p2b: Salazzle|233/257\n|-start|p2b: Salazzle|Syrup Bomb\n|\n|-unboost|p2b: Salazzle|spe|1\n|upkeep\n|turn|4\n|inactive|LazzarinoCominazzo has 120 seconds left.\n|\n|t:|1771260593\n|switch|p2b: Houndstone|Houndstone, L73, M|26/226\n|move|p1a: Cinccino|Tail Slap|p2b: Houndstone\n|-immune|p2b: Houndstone\n|move|p1b: Dipplin|Pollen Puff|p1a: Cinccino\n|-heal|p1a: Cinccino|215/266\n|move|p2a: Hatterene|Dazzling Gleam|p1a: Cinccino|[spread] p1a,p1b\n|-supereffective|p1b: Dipplin\n|-damage|p1a: Cinccino|71/266\n|-damage|p1b: Dipplin|157/297\n|-damage|p2a: Hatterene|210/233|[from] item: Life Orb\n|\n|upkeep\n|turn|5\n|\n|t:|1771260612\n|move|p1a: Cinccino|Knock Off|p2b: Houndstone\n|-supereffective|p2b: Houndstone\n|-damage|p2b: Houndstone|0 fnt\n|-enditem|p2b: Houndstone|Choice Scarf|[from] move: Knock Off|[of] p1a: Cinccino\n|faint|p2b: Houndstone\n|move|p1b: Dipplin|Recover|p1b: Dipplin\n|-heal|p1b: Dipplin|297/297\n|move|p2a: Hatterene|Dazzling Gleam|p1b: Dipplin|[spread] p1a,p1b\n|-supereffective|p1b: Dipplin\n|-damage|p1a: Cinccino|0 fnt\n|-damage|p1b: Dipplin|146/297\n|faint|p1a: Cinccino\n|-damage|p2a: Hatterene|187/233|[from] item: Life Orb\n|\n|upkeep\n|inactive|LazzarinoCominazzo has 120 seconds left.\n|inactive|medea974 has 120 seconds left.\n|\n|t:|1771260647\n|switch|p1a: Volcanion|Volcanion, L75|244/244\n|switch|p2b: Mienshao|Mienshao, L84, M|246/246\n|-activate|p1a: Volcanion|move: Sticky Web\n|-unboost|p1a: Volcanion|spe|1\n|turn|6\n|\n|t:|1771260663\n|-terastallize|p1b: Dipplin|Steel\n|move|p2b: Mienshao|Knock Off|p1a: Volcanion\n|-crit|p1a: Volcanion\n|-damage|p1a: Volcanion|127/244\n|-enditem|p1a: Volcanion|Assault Vest|[from] move: Knock Off|[of] p2b: Mienshao\n|move|p1b: Dipplin|Syrup Bomb|p2b: Mienshao\n|-crit|p2b: Mienshao\n|-damage|p2b: Mienshao|155/246\n|-start|p2b: Mienshao|Syrup Bomb\n|move|p1a: Volcanion|Sludge Bomb|p2a: Hatterene\n|-supereffective|p2a: Hatterene\n|-damage|p2a: Hatterene|59/233\n|move|p2a: Hatterene|Psychic|p1a: Volcanion\n|-damage|p1a: Volcanion|0 fnt\n|faint|p1a: Volcanion\n|-damage|p2a: Hatterene|36/233|[from] item: Life Orb\n|\n|-unboost|p2b: Mienshao|spe|1\n|upkeep\n|inactive|medea974 has 120 seconds left.\n|\n|t:|1771260686\n|switch|p1a: Iron Bundle|Iron Bundle, L78|215/215\n|-activate|p1a: Iron Bundle|move: Sticky Web\n|-unboost|p1a: Iron Bundle|spe|1\n|-enditem|p1a: Iron Bundle|Booster Energy\n|-activate|p1a: Iron Bundle|ability: Quark Drive|[fromitem]\n|-start|p1a: Iron Bundle|quarkdrivespa\n|turn|7\n|\n|t:|1771260713\n|-terastallize|p2b: Mienshao|Steel\n|move|p1a: Iron Bundle|Hydro Pump|p2b: Mienshao\n|-damage|p2b: Mienshao|8/246\n|move|p2b: Mienshao|Close Combat|p1a: Iron Bundle\n|-supereffective|p1a: Iron Bundle\n|-crit|p1a: Iron Bundle\n|-damage|p1a: Iron Bundle|0 fnt\n|-unboost|p2b: Mienshao|def|1\n|-unboost|p2b: Mienshao|spd|1\n|faint|p1a: Iron Bundle\n|-end|p1a: Iron Bundle|Quark Drive|[silent]\n|move|p1b: Dipplin|Recover|p1b: Dipplin\n|-heal|p1b: Dipplin|295/297\n|move|p2a: Hatterene|Mystical Fire|p1b: Dipplin\n|-supereffective|p1b: Dipplin\n|-damage|p1b: Dipplin|165/297\n|-unboost|p1b: Dipplin|spa|1\n|-damage|p2a: Hatterene|13/233|[from] item: Life Orb\n|\n|-unboost|p2b: Mienshao|spe|1\n|upkeep\n|\n|t:|1771260727\n|switch|p1a: Iron Treads|Iron Treads, L81|278/278\n|-activate|p1a: Iron Treads|move: Sticky Web\n|-unboost|p1a: Iron Treads|spe|1\n|turn|8\n|\n|t:|1771260753\n|switch|p2b: Darkrai|Darkrai, L80|243/243\n|move|p1a: Iron Treads|Iron Head|p2a: Hatterene\n|-supereffective|p2a: Hatterene\n|-damage|p2a: Hatterene|0 fnt\n|faint|p2a: Hatterene\n|move|p1b: Dipplin|Pollen Puff|p2b: Darkrai\n|-supereffective|p2b: Darkrai\n|-damage|p2b: Darkrai|147/243\n|\n|upkeep\n|\n|t:|1771260763\n|switch|p2a: Salazzle|Salazzle, L86, F|233/257\n|turn|9\n|inactive|medea974 has 120 seconds left.\n|\n|t:|1771260816\n|move|p2a: Salazzle|Encore|p1a: Iron Treads\n|-start|p1a: Iron Treads|Encore\n|move|p2b: Darkrai|Substitute|p2b: Darkrai\n|-start|p2b: Darkrai|Substitute\n|-damage|p2b: Darkrai|87/243\n|move|p1a: Iron Treads|Iron Head|p2b: Darkrai\n|-end|p2b: Darkrai|Substitute\n|move|p1b: Dipplin|Syrup Bomb|p2a: Salazzle\n|-resisted|p2a: Salazzle\n|-damage|p2a: Salazzle|218/257\n|-start|p2a: Salazzle|Syrup Bomb\n|\n|-unboost|p2a: Salazzle|spe|1\n|upkeep\n|turn|10\n|inactive|medea974 has 120 seconds left.\n|\n|t:|1771260834\n|move|p2b: Darkrai|Dark Pulse|p1b: Dipplin\n|-damage|p1b: Dipplin|75/297\n|-damage|p2b: Darkrai|63/243|[from] item: Life Orb\n|move|p2a: Salazzle|Fire Blast|p1a: Iron Treads\n|-supereffective|p1a: Iron Treads\n|-damage|p1a: Iron Treads|0 fnt\n|faint|p1a: Iron Treads\n|-end|p1a: Iron Treads|Quark Drive|[silent]\n|-damage|p2a: Salazzle|193/257|[from] item: Life Orb\n|move|p1b: Dipplin|Recover|p1b: Dipplin\n|-heal|p1b: Dipplin|224/297\n|\n|-unboost|p2a: Salazzle|spe|1\n|upkeep\n|\n|t:|1771260853\n|switch|p1a: Houndstone|Houndstone, L73, M|226/226\n|-activate|p1a: Houndstone|move: Sticky Web\n|-unboost|p1a: Houndstone|spe|1\n|turn|11\n|inactive|medea974 has 120 seconds left.\n|\n|t:|1771260869\n|move|p2b: Darkrai|Dark Pulse|p1a: Houndstone\n|-supereffective|p1a: Houndstone\n|-damage|p1a: Houndstone|0 fnt\n|faint|p1a: Houndstone\n|-damage|p2b: Darkrai|39/243|[from] item: Life Orb\n|move|p1b: Dipplin|Syrup Bomb|p2b: Darkrai\n|-damage|p2b: Darkrai|0 fnt\n|faint|p2b: Darkrai\n|move|p2a: Salazzle|Fire Blast|p1b: Dipplin\n|-supereffective|p1b: Dipplin\n|-damage|p1b: Dipplin|0 fnt\n|faint|p1b: Dipplin\n|-end|p2a: Salazzle|Syrup Bomb|[silent]\n|-damage|p2a: Salazzle|168/257|[from] item: Life Orb\n|\n|win|LazzarinoCominazzo\n|raw|medea974's rating: 1672 &rarr; <strong>1654</strong><br />(-18 for losing)\n|raw|LazzarinoCominazzo's rating: 1713 &rarr; <strong>1731</strong><br />(+18 for winning)\n", "inputlog": ">version 686819e5e19f8a7fd2345cfc5a08a5085efa2cc3\n>start {\"formatid\":\"gen9randomdoublesbattle\",\"seed\":\"sodium,ce09be39b6486f8124bf9bb8e72fe1ba\",\"rated\":\"Rated battle\"}\n>player p1 {\"name\":\"medea974\",\"avatar\":\"rocketgrunt\",\"rating\":1672,\"seed\":\"sodium,a0ea327106b83665eaf9e293278fbdf8\"}\n>player p2 {\"name\":\"LazzarinoCominazzo\",\"avatar\":\"101\",\"rating\":1713,\"seed\":\"sodium,32340059eeeeccc0207b347fb346a380\"}\n>p1 move tailslap +2, move syrupbomb +1\n>p2 switch 3, move stickyweb\n>p1 move tailslap +2, move dragonpulse +1\n>p2 move bodypress +1, move lunge +1\n>p2 pass, switch 4\n>p1 move protect, move syrupbomb +2\n>p2 switch 5, move sludgebomb +1\n>p1 move tailslap +2, move pollenpuff -1\n>p2 move dazzlinggleam, switch 5\n>p1 move knockoff +2, move recover\n>p2 move dazzlinggleam, move bodypress +1\n>p1 switch 5, pass\n>p2 pass, switch 6\n>p1 move sludgebomb +1, move syrupbomb +2 terastallize\n>p2 move psychic +1, move knockoff +1\n>p1 switch 4, pass\n>p1 move hydropump +2, move recover\n>p2 move mysticalfire +2, move closecombat +1 terastallize\n>p1 switch 3, pass\n>p1 move ironhead +1, move pollenpuff +2\n>p2 move mysticalfire +1, switch 3\n>p2 switch 5, pass\n>p1 move highhorsepower +1, move syrupbomb +1\n>p2 move encore +1, move substitute\n>p1 move ironhead +2, move recover\n>p2 move fireblast +1, move darkpulse +2\n>p1 switch 6, pass\n>p1 move trick +1, move syrupbomb +2\n>p2 move fireblast +2, move darkpulse +1", "uploadtime": 1771260885, "views": 11, "formatid": "gen9randomdoublesbattle", "rating": 1654, "private": 0, "password": null}