{"id": "gen9randomdoublesbattle-2538535057", "format": "[Gen 9] Random Doubles Battle", "players": ["joeymimi", "boyponder"], "log": "|j|☆joeymimi\n|j|☆boyponder\n|t:|1770937528\n|gametype|doubles\n|player|p1|joeymimi|red|1524\n|player|p2|boyponder|1|1526\n|gen|9\n|tier|[Gen 9] Random Doubles Battle\n|rated|\n|rule|Species Clause: Limit one of each Pokémon\n|rule|HP Percentage Mod: HP is shown in percentages\n|rule|Illusion Level Mod: Illusion disguises the Pokémon's true level\n|rule|Sleep Clause Mod: Limit one foe put to sleep\n|\n|t:|1770937528\n|teamsize|p1|6\n|teamsize|p2|6\n|start\n|switch|p1a: Granbull|Granbull, L88, M|302/302\n|switch|p1b: Annihilape|Annihilape, L77, F|296/296\n|switch|p2a: Feraligatr|Feraligatr, L82, F|274/274\n|switch|p2b: Garganacl|Garganacl, L81, F|295/295\n|-ability|p1a: Granbull|Intimidate|boost\n|-unboost|p2a: Feraligatr|atk|1\n|-unboost|p2b: Garganacl|atk|1\n|turn|1\n|\n|t:|1770937568\n|switch|p1b: Revavroom|Revavroom, L84, M|272/272\n|switch|p2a: Scizor|Scizor, L80, M|243/243\n|move|p1a: Granbull|Super Fang|p2a: Scizor\n|-damage|p2a: Scizor|122/243\n|move|p2b: Garganacl|Salt Cure|p1b: Revavroom\n|-resisted|p1b: Revavroom\n|-damage|p1b: Revavroom|257/272\n|-start|p1b: Revavroom|Salt Cure\n|\n|-damage|p1b: Revavroom|189/272|[from] Salt Cure\n|upkeep\n|turn|2\n|inactive|Battle timer is ON: inactive players will automatically lose when time's up. (requested by boyponder)\n|\n|t:|1770937591\n|move|p2a: Scizor|Bullet Punch|p1a: Granbull\n|-supereffective|p1a: Granbull\n|-damage|p1a: Granbull|138/302\n|move|p1b: Revavroom|High Horsepower|p2b: Garganacl\n|-supereffective|p2b: Garganacl\n|-damage|p2b: Garganacl|147/295\n|-damage|p1b: Revavroom|162/272|[from] item: Life Orb\n|move|p1a: Granbull|Close Combat|p2a: Scizor\n|-damage|p2a: Scizor|15/243\n|-unboost|p1a: Granbull|def|1\n|-unboost|p1a: Granbull|spd|1\n|-enditem|p2a: Scizor|Sitrus Berry|[eat]\n|-heal|p2a: Scizor|75/243|[from] item: Sitrus Berry\n|move|p2b: Garganacl|Stealth Rock|p1a: Granbull\n|-sidestart|p1: joeymimi|move: Stealth Rock\n|\n|-heal|p2b: Garganacl|165/295|[from] item: Leftovers\n|-damage|p1b: Revavroom|94/272|[from] Salt Cure\n|upkeep\n|turn|3\n|inactive|joeymimi has 120 seconds left.\n|\n|t:|1770937627\n|switch|p1a: Weezing|Weezing, L91, M|266/266\n|-damage|p1a: Weezing|233/266|[from] Stealth Rock\n|move|p2b: Garganacl|Protect|p2b: Garganacl\n|-singleturn|p2b: Garganacl|Protect\n|move|p2a: Scizor|Bullet Punch|p1a: Weezing\n|-damage|p1a: Weezing|176/266\n|move|p1b: Revavroom|High Horsepower|p2b: Garganacl\n|-activate|p2b: Garganacl|move: Protect\n|\n|-heal|p2b: Garganacl|183/295|[from] item: Leftovers\n|-damage|p1b: Revavroom|26/272|[from] Salt Cure\n|upkeep\n|turn|4\n|inactive|joeymimi has 120 seconds left.\n|\n|t:|1770937651\n|move|p2a: Scizor|Bullet Punch|p1b: Revavroom\n|-resisted|p1b: Revavroom\n|-damage|p1b: Revavroom|0 fnt\n|faint|p1b: Revavroom\n|move|p1a: Weezing|Fire Blast|p2a: Scizor\n|-supereffective|p2a: Scizor\n|-damage|p2a: Scizor|0 fnt\n|faint|p2a: Scizor\n|move|p2b: Garganacl|Salt Cure|p1a: Weezing\n|-damage|p1a: Weezing|154/266\n|-start|p1a: Weezing|Salt Cure\n|\n|-heal|p2b: Garganacl|201/295|[from] item: Leftovers\n|-damage|p1a: Weezing|121/266|[from] Salt Cure\n|upkeep\n|-enditem|p1a: Weezing|Sitrus Berry|[eat]\n|-heal|p1a: Weezing|187/266|[from] item: Sitrus Berry\n|inactive|joeymimi has 120 seconds left.\n|\n|t:|1770937681\n|switch|p1b: Granbull|Granbull, L88, M|138/302\n|switch|p2a: Glalie|Glalie, L94, M|303/303\n|-damage|p1b: Granbull|101/302|[from] Stealth Rock\n|-ability|p1b: Granbull|Intimidate|boost\n|-fail|p2a: Glalie|unboost|Attack|[from] ability: Inner Focus|[of] p2a: Glalie\n|-unboost|p2b: Garganacl|atk|1\n|turn|5\n|inactive|joeymimi has 120 seconds left.\n|\n|t:|1770937699\n|switch|p2b: Feraligatr|Feraligatr, L82, F|274/274\n|-terastallize|p2a: Glalie|Poison\n|move|p2a: Glalie|Icy Wind|p1a: Weezing|[spread] p1a\n|-miss|p2a: Glalie|p1b: Granbull\n|-damage|p1a: Weezing|139/266\n|-unboost|p1a: Weezing|spe|1\n|move|p1b: Granbull|Stomping Tantrum|p2b: Feraligatr\n|-damage|p2b: Feraligatr|215/274\n|move|p1a: Weezing|Fire Blast|p2a: Glalie\n|-damage|p2a: Glalie|223/303\n|-status|p2a: Glalie|brn\n|\n|-damage|p2a: Glalie|205/303 brn|[from] brn\n|-damage|p1a: Weezing|106/266|[from] Salt Cure\n|upkeep\n|turn|6\n|inactive|joeymimi has 120 seconds left.\n|\n|t:|1770937729\n|switch|p1a: Forretress|Forretress, L90, M|281/281\n|-damage|p1a: Forretress|246/281|[from] Stealth Rock\n|move|p2a: Glalie|Freeze-Dry|p1b: Granbull\n|-damage|p1b: Granbull|32/302\n|move|p2b: Feraligatr|Liquidation|p1b: Granbull\n|-damage|p1b: Granbull|0 fnt\n|faint|p1b: Granbull\n|\n|-damage|p2a: Glalie|187/303 brn|[from] brn\n|upkeep\n|\n|t:|1770937742\n|switch|p1b: Terapagos|Terapagos, L73, F|252/252\n|-activate|p1b: Terapagos|ability: Tera Shift\n|detailschange|p1b: Terapagos|Terapagos-Terastal, L73, F\n|-heal|p1b: Terapagos|259/259|[silent]\n|-damage|p1b: Terapagos|227/259|[from] Stealth Rock\n|turn|7\n|\n|t:|1770937756\n|switch|p1b: Annihilape|Annihilape, L77, F|296/296\n|-damage|p1b: Annihilape|278/296|[from] Stealth Rock\n|move|p2a: Glalie|Icy Wind|p1b: Annihilape|[spread] p1a,p1b\n|-resisted|p1a: Forretress\n|-damage|p1a: Forretress|214/281\n|-damage|p1b: Annihilape|224/296\n|-unboost|p1a: Forretress|spe|1\n|-unboost|p1b: Annihilape|spe|1\n|-ability|p1b: Annihilape|Defiant|boost\n|-boost|p1b: Annihilape|atk|2\n|move|p2b: Feraligatr|Swords Dance|p2b: Feraligatr\n|-boost|p2b: Feraligatr|atk|2\n|move|p1a: Forretress|Explosion|p2a: Glalie|[spread] p2a,p2b\n|-immune|p1b: Annihilape\n|-crit|p2b: Feraligatr\n|-damage|p2a: Glalie|0 fnt\n|-damage|p2b: Feraligatr|0 fnt\n|faint|p1a: Forretress\n|faint|p2a: Glalie\n|faint|p2b: Feraligatr\n|\n|upkeep\n|inactive|joeymimi has 120 seconds left.\n|\n|t:|1770937783\n|switch|p2a: Chi-Yu|Chi-Yu, L75|206/206\n|switch|p2b: Garganacl|Garganacl, L81, F|201/295\n|switch|p1a: Weezing|Weezing, L91, M|106/266\n|-ability|p2a: Chi-Yu|Beads of Ruin\n|-damage|p1a: Weezing|73/266|[from] Stealth Rock\n|turn|8\n|inactive|joeymimi has 120 seconds left.\n|inactive|joeymimi has 90 seconds left.\n|\n|t:|1770937844\n|move|p2a: Chi-Yu|Heat Wave|p1b: Annihilape|[spread] p1a,p1b\n|-damage|p1a: Weezing|0 fnt\n|-damage|p1b: Annihilape|72/296\n|faint|p1a: Weezing\n|-damage|p2a: Chi-Yu|186/206|[from] item: Life Orb\n|move|p1b: Annihilape|Close Combat|p2b: Garganacl\n|-supereffective|p2b: Garganacl\n|-damage|p2b: Garganacl|0 fnt\n|-unboost|p1b: Annihilape|def|1\n|-unboost|p1b: Annihilape|spd|1\n|faint|p2b: Garganacl\n|\n|upkeep\n|\n|t:|1770937856\n|switch|p1a: Terapagos|Terapagos-Terastal, L73, F|227/259\n|switch|p2b: Garchomp|Garchomp, L77, M|293/293\n|-damage|p1a: Terapagos|195/259|[from] Stealth Rock\n|turn|9\n|inactive|joeymimi has 90 seconds left.\n|\n|t:|1770937888\n|-terastallize|p1a: Terapagos|Stellar\n|detailschange|p1a: Terapagos|Terapagos-Stellar, L73, F, tera:Stellar\n|-heal|p1a: Terapagos|290/354|[silent]\n|move|p2b: Garchomp|Swords Dance|p2b: Garchomp\n|-boost|p2b: Garchomp|atk|2\n|move|p2a: Chi-Yu|Heat Wave|p1b: Annihilape|[spread] p1a,p1b\n|-damage|p1a: Terapagos|161/354\n|-damage|p1b: Annihilape|0 fnt\n|faint|p1b: Annihilape\n|-damage|p2a: Chi-Yu|166/206|[from] item: Life Orb\n|move|p1a: Terapagos|Tera Starstorm|p2a: Chi-Yu|[spread] p2a,p2b\n|-damage|p2a: Chi-Yu|70/206\n|-damage|p2b: Garchomp|132/293\n|\n|upkeep\n|turn|10\n|\n|t:|1770937907\n|move|p2b: Garchomp|Scale Shot|p1a: Terapagos|[miss]\n|-miss|p2b: Garchomp|p1a: Terapagos\n|move|p2a: Chi-Yu|Dark Pulse|p1a: Terapagos\n|-damage|p1a: Terapagos|9/354\n|-damage|p2a: Chi-Yu|50/206|[from] item: Life Orb\n|move|p1a: Terapagos|Tera Starstorm|p2b: Garchomp|[spread] p2a,p2b\n|-damage|p2a: Chi-Yu|0 fnt\n|-damage|p2b: Garchomp|0 fnt\n|faint|p2a: Chi-Yu\n|faint|p2b: Garchomp\n|\n|win|joeymimi\n|raw|joeymimi's rating: 1524 &rarr; <strong>1544</strong><br />(+20 for winning)\n|raw|boyponder's rating: 1526 &rarr; <strong>1506</strong><br />(-20 for losing)\n|c|☆boyponder|Gg haha\n|c|☆boyponder|wp\n|c|☆joeymimi|That’s so dumb\n|c|☆joeymimi|I hate this gen\n|c|☆boyponder|happens haha\n|c|☆joeymimi|gg\n|c|☆boyponder|gg\n", "inputlog": ">version ccdc32dd7cde25fd9e4bed64820e885f66e78a4e\n>start {\"formatid\":\"gen9randomdoublesbattle\",\"seed\":\"sodium,2867401ed192a11e150edf6865ffdc06\",\"rated\":\"Rated battle\"}\n>player p1 {\"name\":\"joeymimi\",\"avatar\":\"red\",\"rating\":1524,\"seed\":\"sodium,ec90ffdfc573900c536ba2ffeffe1023\"}\n>player p2 {\"name\":\"boyponder\",\"avatar\":\"1\",\"rating\":1526,\"seed\":\"sodium,d65dc38761cfaa61a0e53ae3a067e5df\"}\n>p1 move superfang +1, switch 6\n>p2 switch 3, move saltcure +2\n>p1 move closecombat +1, move highhorsepower +2\n>p2 move bulletpunch +1, move stealthrock\n>p1 switch 5, move highhorsepower +2\n>p2 move bulletpunch +1, move protect\n>p1 move fireblast +1, move highhorsepower +2\n>p2 move bulletpunch +2, move saltcure +1\n>p1 pass, switch 5\n>p2 switch 4, pass\n>p1 move fireblast +1, move stompingtantrum +2\n>p2 move icywind terastallize, switch 3\n>p1 switch 4, move superfang +2\n>p2 move freezedry +2, move liquidation +2\n>p1 pass, switch 3\n>p1 move explosion, switch 6\n>p2 move icywind, move swordsdance\n>p1 switch 4, pass\n>p2 switch 6, switch 3\n>p1 move gunkshot +1, move closecombat +2\n>p2 move heatwave, move saltcure +2\n>p1 switch 6, pass\n>p2 pass, switch 5\n>p1 move terastarstorm +1 terastallize, move closecombat +1\n>p2 move heatwave, move swordsdance\n>p1 move terastarstorm, pass\n>p2 move darkpulse +1, move scaleshot +1", "uploadtime": 1770937937, "views": 72, "formatid": "gen9randomdoublesbattle", "rating": 1506, "private": 0, "password": null}