{"id": "gen9randomdoublesbattle-2535970273", "format": "[Gen 9] Random Doubles Battle", "players": ["crustytoejam", "kavorfle"], "log": "|j|☆crustytoejam\n|j|☆kavorfle\n|t:|1770640167\n|gametype|doubles\n|player|p1|crustytoejam|101|1705\n|player|p2|kavorfle|hiker|1806\n|gen|9\n|tier|[Gen 9] Random Doubles Battle\n|rated|\n|rule|Species Clause: Limit one of each Pokémon\n|rule|HP Percentage Mod: HP is shown in percentages\n|rule|Illusion Level Mod: Illusion disguises the Pokémon's true level\n|rule|Sleep Clause Mod: Limit one foe put to sleep\n|\n|t:|1770640167\n|teamsize|p1|6\n|teamsize|p2|6\n|start\n|switch|p1a: Koraidon|Koraidon, L66|242/242\n|switch|p1b: Ting-Lu|Ting-Lu, L82|388/388\n|switch|p2a: Bombirdier|Bombirdier, L84, M|255/255\n|switch|p2b: Leafeon|Leafeon, L90, F|263/263\n|-weather|SunnyDay|[from] ability: Orichalcum Pulse|[of] p1a: Koraidon\n|-activate|p1a: Koraidon|Orichalcum Pulse|[source]\n|-ability|p1b: Ting-Lu|Vessel of Ruin\n|turn|1\n|inactive|Battle timer is ON: inactive players will automatically lose when time's up. (requested by crustytoejam)\n|\n|t:|1770640180\n|move|p2b: Leafeon|Swords Dance|p2b: Leafeon\n|-boost|p2b: Leafeon|atk|2\n|move|p1a: Koraidon|Flare Blitz|p2b: Leafeon\n|-supereffective|p2b: Leafeon\n|-damage|p2b: Leafeon|0 fnt\n|faint|p2b: Leafeon\n|-damage|p1a: Koraidon|155/242|[from] Recoil\n|move|p2a: Bombirdier|Brave Bird|p1a: Koraidon\n|-supereffective|p1a: Koraidon\n|-damage|p1a: Koraidon|0 fnt\n|faint|p1a: Koraidon\n|-damage|p2a: Bombirdier|204/255|[from] Recoil\n|move|p1b: Ting-Lu|Stealth Rock|p2a: Bombirdier\n|-sidestart|p2: kavorfle|move: Stealth Rock\n|\n|-weather|SunnyDay|[upkeep]\n|upkeep\n|\n|t:|1770640198\n|switch|p2b: Leavanny|Leavanny, L91, F|284/284\n|switch|p1a: Ampharos|Ampharos, L86, M|295/295\n|-damage|p2b: Leavanny|213/284|[from] Stealth Rock\n|turn|2\n|\n|t:|1770640206\n|move|p2b: Leavanny|Leaf Blade|p1b: Ting-Lu\n|-supereffective|p1b: Ting-Lu\n|-damage|p1b: Ting-Lu|190/388\n|-enditem|p1b: Ting-Lu|Sitrus Berry|[eat]\n|-heal|p1b: Ting-Lu|287/388|[from] item: Sitrus Berry\n|move|p2a: Bombirdier|Brave Bird|p1b: Ting-Lu\n|-damage|p1b: Ting-Lu|119/388\n|-damage|p2a: Bombirdier|149/255|[from] Recoil\n|move|p1a: Ampharos|Electroweb|p2b: Leavanny|[spread] p2a,p2b\n|-supereffective|p2a: Bombirdier\n|-resisted|p2b: Leavanny\n|-damage|p2a: Bombirdier|69/255\n|-damage|p2b: Leavanny|192/284\n|-unboost|p2a: Bombirdier|spe|1\n|-unboost|p2b: Leavanny|spe|1\n|move|p1b: Ting-Lu|Whirlwind|p2b: Leavanny\n|drag|p2b: Perrserker|Perrserker, L88, M|266/266\n|-damage|p2b: Perrserker|250/266|[from] Stealth Rock\n|\n|-weather|SunnyDay|[upkeep]\n|upkeep\n|turn|3\n|\n|t:|1770640226\n|move|p1a: Ampharos|Electroweb|p2a: Bombirdier|[spread] p2a,p2b\n|-supereffective|p2a: Bombirdier\n|-damage|p2a: Bombirdier|0 fnt\n|-damage|p2b: Perrserker|198/266\n|-unboost|p2b: Perrserker|spe|1\n|faint|p2a: Bombirdier\n|move|p2b: Perrserker|U-turn|p1b: Ting-Lu\n|-supereffective|p1b: Ting-Lu\n|-damage|p1b: Ting-Lu|0 fnt\n|faint|p1b: Ting-Lu\n|\n|t:|1770640230\n|switch|p2b: Oinkologne|Oinkologne, L92, M|352/352|[from] U-turn\n|-damage|p2b: Oinkologne|308/352|[from] Stealth Rock\n|\n|-weather|SunnyDay|[upkeep]\n|upkeep\n|\n|t:|1770640236\n|switch|p2a: Leavanny|Leavanny, L91, F|192/284\n|switch|p1b: Rhyperior|Rhyperior, L82, M|323/323\n|-damage|p2a: Leavanny|121/284|[from] Stealth Rock\n|-enditem|p2a: Leavanny|Sitrus Berry|[eat]\n|-heal|p2a: Leavanny|192/284|[from] item: Sitrus Berry\n|turn|4\n|\n|t:|1770640246\n|-terastallize|p2b: Oinkologne|Ground\n|move|p1b: Rhyperior|Protect|p1b: Rhyperior\n|-singleturn|p1b: Rhyperior|Protect\n|move|p2a: Leavanny|Knock Off|p1b: Rhyperior\n|-activate|p1b: Rhyperior|move: Protect\n|move|p2b: Oinkologne|High Horsepower|p1a: Ampharos\n|-supereffective|p1a: Ampharos\n|-damage|p1a: Ampharos|0 fnt\n|faint|p1a: Ampharos\n|\n|-weather|SunnyDay|[upkeep]\n|upkeep\n|\n|t:|1770640257\n|switch|p1a: Wugtrio|Wugtrio, L92, F|214/214\n|turn|5\n|\n|t:|1770640262\n|-terastallize|p1b: Rhyperior|Ground\n|move|p1a: Wugtrio|Liquidation|p2b: Oinkologne\n|-supereffective|p2b: Oinkologne\n|-damage|p2b: Oinkologne|150/352\n|move|p2a: Leavanny|Leaf Blade|p1a: Wugtrio\n|-supereffective|p1a: Wugtrio\n|-crit|p1a: Wugtrio\n|-damage|p1a: Wugtrio|0 fnt\n|-ability|p1a: Wugtrio|Gooey\n|-unboost|p2a: Leavanny|spe|1\n|faint|p1a: Wugtrio\n|move|p2b: Oinkologne|High Horsepower|p1b: Rhyperior\n|-damage|p1b: Rhyperior|185/323\n|move|p1b: Rhyperior|Rock Polish|p1b: Rhyperior\n|-boost|p1b: Rhyperior|spe|2\n|\n|-weather|none\n|upkeep\n|\n|t:|1770640268\n|switch|p1a: Kyurem|Kyurem, L77|319/319\n|-ability|p1a: Kyurem|Pressure\n|turn|6\n|\n|t:|1770640275\n|move|p1b: Rhyperior|Rock Slide|p2b: Oinkologne|[spread] p2a,p2b\n|-supereffective|p2a: Leavanny\n|-resisted|p2b: Oinkologne\n|-damage|p2a: Leavanny|54/284\n|-damage|p2b: Oinkologne|108/352\n|move|p1a: Kyurem|Glaciate|p2b: Oinkologne|[spread] p2a,p2b\n|-supereffective|p2a: Leavanny\n|-supereffective|p2b: Oinkologne\n|-damage|p2a: Leavanny|0 fnt\n|-damage|p2b: Oinkologne|38/352\n|-unboost|p2b: Oinkologne|spe|1\n|faint|p2a: Leavanny\n|-damage|p1a: Kyurem|288/319|[from] item: Life Orb\n|cant|p2b: Oinkologne|flinch\n|\n|upkeep\n|\n|t:|1770640277\n|switch|p2a: Perrserker|Perrserker, L88, M|198/266\n|-damage|p2a: Perrserker|182/266|[from] Stealth Rock\n|turn|7\n|\n|t:|1770640286\n|move|p1b: Rhyperior|High Horsepower|p2a: Perrserker\n|-supereffective|p2a: Perrserker\n|-crit|p2a: Perrserker\n|-damage|p2a: Perrserker|0 fnt\n|faint|p2a: Perrserker\n|move|p1a: Kyurem|Glaciate|p2b: Oinkologne\n|-supereffective|p2b: Oinkologne\n|-damage|p2b: Oinkologne|0 fnt\n|faint|p2b: Oinkologne\n|-damage|p1a: Kyurem|257/319|[from] item: Life Orb\n|\n|upkeep\n|\n|t:|1770640288\n|switch|p2b: Keldeo|Keldeo-Resolute, L78|270/270\n|-damage|p2b: Keldeo|254/270|[from] Stealth Rock\n|turn|8\n|\n|t:|1770640294\n|move|p1b: Rhyperior|Rock Slide|p2b: Keldeo\n|-resisted|p2b: Keldeo\n|-damage|p2b: Keldeo|196/270\n|move|p2b: Keldeo|Hydro Pump|p1b: Rhyperior\n|-supereffective|p1b: Rhyperior\n|-damage|p1b: Rhyperior|0 fnt\n|faint|p1b: Rhyperior\n|-damage|p2b: Keldeo|169/270|[from] item: Life Orb\n|move|p1a: Kyurem|Glaciate|p2b: Keldeo\n|-resisted|p2b: Keldeo\n|-damage|p2b: Keldeo|118/270\n|-unboost|p2b: Keldeo|spe|1\n|-damage|p1a: Kyurem|226/319|[from] item: Life Orb\n|\n|upkeep\n|turn|9\n|\n|t:|1770640302\n|move|p2b: Keldeo|Vacuum Wave|p1a: Kyurem\n|-supereffective|p1a: Kyurem\n|-damage|p1a: Kyurem|99/319\n|-damage|p2b: Keldeo|91/270|[from] item: Life Orb\n|move|p1a: Kyurem|Draco Meteor|p2b: Keldeo\n|-damage|p2b: Keldeo|0 fnt\n|-unboost|p1a: Kyurem|spa|2\n|faint|p2b: Keldeo\n|-damage|p1a: Kyurem|68/319|[from] item: Life Orb\n|\n|win|crustytoejam\n|raw|crustytoejam's rating: 1705 &rarr; <strong>1731</strong><br />(+26 for winning)\n|raw|kavorfle's rating: 1806 &rarr; <strong>1780</strong><br />(-26 for losing)\n", "inputlog": ">version ccdc32dd7cde25fd9e4bed64820e885f66e78a4e\n>start {\"formatid\":\"gen9randomdoublesbattle\",\"seed\":\"sodium,2ce161f19131cfa1b0602ba3dd1d77ca\",\"rated\":\"Rated battle\"}\n>player p1 {\"name\":\"crustytoejam\",\"avatar\":\"101\",\"rating\":1705,\"seed\":\"sodium,b6a60f0d8826ee2e717c5ef4f8d6e3e4\"}\n>player p2 {\"name\":\"kavorfle\",\"avatar\":\"hiker\",\"rating\":1806,\"seed\":\"sodium,148e53deb79df3363811225eadefaf49\"}\n>p1 move flareblitz +2, move stealthrock\n>p2 move bravebird +1, move swordsdance\n>p1 switch 3, pass\n>p2 pass, switch 6\n>p1 move electroweb, move whirlwind +2\n>p2 move bravebird +2, move leafblade +2\n>p1 move electroweb, move whirlwind +2\n>p2 move bravebird +2, move uturn +2\n>p2 pass, switch 3\n>p1 pass, switch 6\n>p2 switch 4, pass\n>p1 move electroweb, move protect\n>p2 move knockoff +2, move highhorsepower +1 terastallize\n>p1 switch 5, pass\n>p1 move liquidation +2, move rockpolish terastallize\n>p2 move leafblade +1, move highhorsepower +2\n>p1 switch 4, pass\n>p1 move glaciate, move rockslide\n>p2 move leafblade +2, move highhorsepower +2\n>p2 switch 3, pass\n>p1 move glaciate, move highhorsepower +1\n>p2 move ironhead +1, move highhorsepower +1\n>p2 pass, switch 5\n>p1 move glaciate, move rockslide\n>p2 pass, move hydropump +2\n>p1 move dracometeor +2, pass\n>p2 pass, move vacuumwave +1", "uploadtime": 1770640309, "views": 76, "formatid": "gen9randomdoublesbattle", "rating": 1731, "private": 0, "password": null}