{"id": "gen9randomdoublesbattle-2538514094", "format": "[Gen 9] Random Doubles Battle", "players": ["rocci", "cobbwilli"], "log": "|j|☆rocci\n|j|☆cobbwilli\n|t:|1770935221\n|gametype|doubles\n|player|p1|rocci|beauty-gen4dp|1610\n|player|p2|cobbwilli|265|1720\n|gen|9\n|tier|[Gen 9] Random Doubles Battle\n|rated|\n|rule|Species Clause: Limit one of each Pokémon\n|rule|HP Percentage Mod: HP is shown in percentages\n|rule|Illusion Level Mod: Illusion disguises the Pokémon's true level\n|rule|Sleep Clause Mod: Limit one foe put to sleep\n|\n|t:|1770935221\n|teamsize|p1|6\n|teamsize|p2|6\n|start\n|switch|p1a: Shaymin|Shaymin-Sky, L77|281/281\n|switch|p1b: Electivire|Electivire, L86, M|269/269\n|switch|p2a: Trevenant|Trevenant, L88, M|293/293\n|switch|p2b: Pelipper|Pelipper, L83, F|235/235\n|-weather|RainDance|[from] ability: Drizzle|[of] p2b: Pelipper\n|turn|1\n|\n|t:|1770935246\n|-terastallize|p2b: Pelipper|Ground\n|move|p1a: Shaymin|Seed Flare|p2b: Pelipper\n|-supereffective|p2b: Pelipper\n|-damage|p2b: Pelipper|0 fnt\n|faint|p2b: Pelipper\n|-damage|p1a: Shaymin|253/281|[from] item: Life Orb\n|move|p1b: Electivire|Knock Off|p2a: Trevenant\n|-supereffective|p2a: Trevenant\n|-damage|p2a: Trevenant|111/293\n|-enditem|p2a: Trevenant|Sitrus Berry|[from] move: Knock Off|[of] p1b: Electivire\n|move|p2a: Trevenant|Trick Room|p2a: Trevenant\n|-fieldstart|move: Trick Room|[of] p2a: Trevenant\n|\n|-weather|RainDance|[upkeep]\n|upkeep\n|\n|t:|1770935265\n|switch|p2b: Glastrier|Glastrier, L80|291/291\n|turn|2\n|\n|t:|1770935282\n|move|p1a: Shaymin|Protect|p1a: Shaymin\n|-singleturn|p1a: Shaymin|Protect\n|move|p2b: Glastrier|Icicle Crash|p1a: Shaymin\n|-activate|p1a: Shaymin|move: Protect\n|move|p2a: Trevenant|Poltergeist|p1b: Electivire\n|-activate|p1b: Electivire|move: Poltergeist|Assault Vest\n|-damage|p1b: Electivire|107/269\n|move|p1b: Electivire|Knock Off|p2b: Glastrier\n|-damage|p2b: Glastrier|229/291\n|-enditem|p2b: Glastrier|Assault Vest|[from] move: Knock Off|[of] p1b: Electivire\n|\n|-weather|RainDance|[upkeep]\n|upkeep\n|turn|3\n|\n|t:|1770935304\n|-terastallize|p1a: Shaymin|Steel\n|move|p2b: Glastrier|Icicle Crash|p1a: Shaymin\n|-resisted|p1a: Shaymin\n|-damage|p1a: Shaymin|182/281\n|move|p2a: Trevenant|Poltergeist|p1b: Electivire\n|-activate|p1b: Electivire|move: Poltergeist|Assault Vest\n|-damage|p1b: Electivire|0 fnt\n|faint|p1b: Electivire\n|move|p1a: Shaymin|Air Slash|p2a: Trevenant\n|-supereffective|p2a: Trevenant\n|-damage|p2a: Trevenant|0 fnt\n|faint|p2a: Trevenant\n|-damage|p1a: Shaymin|154/281|[from] item: Life Orb\n|\n|-weather|RainDance|[upkeep]\n|upkeep\n|inactive|Battle timer is ON: inactive players will automatically lose when time's up. (requested by cobbwilli)\n|\n|t:|1770935328\n|switch|p2a: Eiscue|Eiscue, L89, F|278/278\n|switch|p1b: Scizor|Scizor, L80, M|243/243\n|turn|4\n|\n|t:|1770935346\n|move|p1a: Shaymin|Protect|p1a: Shaymin\n|-singleturn|p1a: Shaymin|Protect\n|move|p1b: Scizor|Bullet Punch|p2b: Glastrier\n|-supereffective|p2b: Glastrier\n|-damage|p2b: Glastrier|107/291\n|move|p2b: Glastrier|High Horsepower|p1a: Shaymin\n|-activate|p1a: Shaymin|move: Protect\n|move|p2a: Eiscue|Belly Drum|p2a: Eiscue\n|-damage|p2a: Eiscue|139/278\n|-setboost|p2a: Eiscue|atk|6|[from] move: Belly Drum\n|-enditem|p2a: Eiscue|Sitrus Berry|[eat]\n|-heal|p2a: Eiscue|208/278|[from] item: Sitrus Berry\n|\n|-weather|RainDance|[upkeep]\n|upkeep\n|turn|5\n|\n|t:|1770935367\n|move|p1b: Scizor|Bullet Punch|p2b: Glastrier\n|-supereffective|p2b: Glastrier\n|-damage|p2b: Glastrier|0 fnt\n|faint|p2b: Glastrier\n|move|p2a: Eiscue|Liquidation|p1b: Scizor\n|-damage|p1b: Scizor|0 fnt\n|faint|p1b: Scizor\n|move|p1a: Shaymin|Seed Flare|p2a: Eiscue\n|-damage|p2a: Eiscue|66/278\n|-unboost|p2a: Eiscue|spd|2\n|-damage|p1a: Shaymin|126/281|[from] item: Life Orb\n|\n|-weather|none\n|-fieldend|move: Trick Room\n|upkeep\n|\n|t:|1770935378\n|switch|p1b: Grimmsnarl|Grimmsnarl, L82, M|290/290\n|switch|p2b: Regieleki|Regieleki, L79|256/256\n|turn|6\n|\n|t:|1770935398\n|move|p2b: Regieleki|Protect|p2b: Regieleki\n|-singleturn|p2b: Regieleki|Protect\n|move|p1a: Shaymin|Protect|p1a: Shaymin\n|-singleturn|p1a: Shaymin|Protect\n|move|p2a: Eiscue|Protect|p2a: Eiscue\n|-singleturn|p2a: Eiscue|Protect\n|move|p1b: Grimmsnarl|Spirit Break|p2a: Eiscue\n|-activate|p2a: Eiscue|move: Protect\n|\n|upkeep\n|turn|7\n|\n|t:|1770935413\n|switch|p1a: Pawmot|Pawmot, L80, M|243/243\n|move|p1b: Grimmsnarl|Reflect|p1b: Grimmsnarl\n|-sidestart|p1: rocci|Reflect\n|move|p2b: Regieleki|Thunderbolt|p1a: Pawmot\n|-immune|p1a: Pawmot|[from] ability: Volt Absorb\n|move|p2a: Eiscue|Liquidation|p1b: Grimmsnarl\n|-damage|p1b: Grimmsnarl|79/290\n|\n|upkeep\n|turn|8\n|\n|t:|1770935440\n|move|p2b: Regieleki|Thunderbolt|p1b: Grimmsnarl\n|-damage|p1b: Grimmsnarl|0 fnt\n|faint|p1b: Grimmsnarl\n|move|p1a: Pawmot|Revival Blessing|p1a: Pawmot\n|\n|t:|1770935450\n|-heal|p1: Scizor|121/243|[from] move: Revival Blessing\n|move|p2a: Eiscue|Ice Spinner|p1a: Pawmot\n|-damage|p1a: Pawmot|0 fnt\n|faint|p1a: Pawmot\n|\n|upkeep\n|\n|t:|1770935460\n|switch|p1a: Iron Moth|Iron Moth, L78|253/253\n|switch|p1b: Shaymin|Shaymin-Sky, L77, tera:Steel|126/281\n|-enditem|p1a: Iron Moth|Booster Energy\n|-activate|p1a: Iron Moth|ability: Quark Drive|[fromitem]\n|-start|p1a: Iron Moth|quarkdrivespa\n|turn|9\n|\n|t:|1770935481\n|move|p2b: Regieleki|Protect|p2b: Regieleki\n|-singleturn|p2b: Regieleki|Protect\n|move|p1a: Iron Moth|Protect|p1a: Iron Moth\n|-singleturn|p1a: Iron Moth|Protect\n|move|p2a: Eiscue|Protect|p2a: Eiscue\n|-singleturn|p2a: Eiscue|Protect\n|move|p1b: Shaymin|Earth Power|p2b: Regieleki\n|-activate|p2b: Regieleki|move: Protect\n|\n|upkeep\n|turn|10\n|\n|t:|1770935496\n|move|p1b: Shaymin|Protect|p1b: Shaymin\n|-singleturn|p1b: Shaymin|Protect\n|move|p2b: Regieleki|Thunderbolt|p1b: Shaymin\n|-activate|p1b: Shaymin|move: Protect\n|move|p1a: Iron Moth|Sludge Wave|p2b: Regieleki|[spread] p2a,p2b\n|-activate|p1b: Shaymin|move: Protect\n|-damage|p2a: Eiscue|0 fnt\n|-damage|p2b: Regieleki|66/256\n|faint|p2a: Eiscue\n|\n|upkeep\n|\n|t:|1770935498\n|switch|p2a: Ogerpon|Ogerpon-Cornerstone, L75, F|244/244\n|turn|11\n|\n|t:|1770935525\n|move|p1a: Iron Moth|Protect|p1a: Iron Moth\n|-singleturn|p1a: Iron Moth|Protect\n|move|p2b: Regieleki|Thunderbolt|p1b: Shaymin\n|-damage|p1b: Shaymin|0 fnt\n|faint|p1b: Shaymin\n|move|p2a: Ogerpon|Ivy Cudgel|p1a: Iron Moth|[anim] Ivy Cudgel Rock\n|-activate|p1a: Iron Moth|move: Protect\n|\n|upkeep\n|\n|t:|1770935530\n|switch|p1b: Scizor|Scizor, L80, M|121/243\n|-enditem|p1b: Scizor|Sitrus Berry|[eat]\n|-heal|p1b: Scizor|181/243|[from] item: Sitrus Berry\n|turn|12\n|\n|t:|1770935549\n|move|p1a: Iron Moth|Protect|p1a: Iron Moth\n|-singleturn|p1a: Iron Moth|Protect\n|move|p2a: Ogerpon|Spiky Shield|p2a: Ogerpon\n|-singleturn|p2a: Ogerpon|move: Protect\n|move|p2b: Regieleki|Electroweb|p1a: Iron Moth|[spread] p1b\n|-activate|p1a: Iron Moth|move: Protect\n|-damage|p1b: Scizor|117/243\n|-unboost|p1b: Scizor|spe|1\n|move|p1b: Scizor|Tailwind|p1b: Scizor\n|-sidestart|p1: rocci|move: Tailwind\n|\n|upkeep\n|turn|13\n|\n|t:|1770935566\n|move|p1b: Scizor|Bullet Punch|p2a: Ogerpon\n|-supereffective|p2a: Ogerpon\n|-damage|p2a: Ogerpon|64/244\n|move|p1a: Iron Moth|Sludge Wave|p2b: Regieleki|[spread] p2a,p2b\n|-immune|p1b: Scizor\n|-damage|p2a: Ogerpon|0 fnt\n|-damage|p2b: Regieleki|0 fnt\n|faint|p2a: Ogerpon\n|faint|p2b: Regieleki\n|\n|win|rocci\n|raw|rocci's rating: 1610 &rarr; <strong>1636</strong><br />(+26 for winning)\n|raw|cobbwilli's rating: 1720 &rarr; <strong>1694</strong><br />(-26 for losing)\n", "inputlog": ">version ccdc32dd7cde25fd9e4bed64820e885f66e78a4e\n>start {\"formatid\":\"gen9randomdoublesbattle\",\"seed\":\"sodium,e17d77cf660225be4beb4682f90e66d5\",\"rated\":\"Rated battle\"}\n>player p1 {\"name\":\"rocci\",\"avatar\":\"beauty-gen4dp\",\"rating\":1610,\"seed\":\"sodium,775d52930c55464391ef098e680922f8\"}\n>player p2 {\"name\":\"cobbwilli\",\"avatar\":\"265\",\"rating\":1720,\"seed\":\"sodium,bc9d0c1af127bfc178f987d2d1fe0fb3\"}\n>p1 move seedflare +2, move knockoff +1\n>p2 move trickroom, move hurricane +1 terastallize\n>p2 pass, switch 3\n>p1 move protect, move knockoff +2\n>p2 move poltergeist +2, move iciclecrash +1\n>p1 move airslash +1 terastallize, move crosschop +2\n>p2 move poltergeist +2, move iciclecrash +1\n>p1 pass, switch 3\n>p2 switch 4, pass\n>p1 move protect, move bulletpunch +2\n>p2 move bellydrum, move highhorsepower +1\n>p1 move seedflare +1, move bulletpunch +2\n>p2 move liquidation +2, move closecombat +1\n>p1 pass, switch 5\n>p2 pass, switch 6\n>p1 move protect, move spiritbreak +1\n>p2 move protect, move protect\n>p1 switch 6, move reflect\n>p2 move liquidation +2, move thunderbolt +1\n>p1 move revivalblessing, move spiritbreak +1\n>p2 move icespinner +1, move thunderbolt +2\n>p1 switch 5, pass\n>p1 switch 4, switch 6\n>p1 move protect, move earthpower +2\n>p2 move protect, move protect\n>p1 move sludgewave, move protect\n>p2 move liquidation +1, move thunderbolt +2\n>p2 switch 5, pass\n>p1 move protect, move airslash +1\n>p2 move ivycudgel +1, move thunderbolt +2\n>p1 pass, switch 5\n>p1 move protect, move tailwind\n>p2 move spikyshield, move electroweb\n>p1 move sludgewave, move bulletpunch +1\n>p2 move ivycudgel +1, move electroweb", "uploadtime": 1770935572, "views": 71, "formatid": "gen9randomdoublesbattle", "rating": 1636, "private": 0, "password": null}