{"id": "gen9randomdoublesbattle-2537966506", "format": "[Gen 9] Random Doubles Battle", "players": ["themismatcher", "daverybeast"], "log": "|j|☆themismatcher\n|j|☆daverybeast\n|t:|1770870016\n|gametype|doubles\n|player|p1|themismatcher|benga|1649\n|player|p2|daverybeast|170|1664\n|gen|9\n|tier|[Gen 9] Random Doubles Battle\n|rated|\n|rule|Species Clause: Limit one of each Pokémon\n|rule|HP Percentage Mod: HP is shown in percentages\n|rule|Illusion Level Mod: Illusion disguises the Pokémon's true level\n|rule|Sleep Clause Mod: Limit one foe put to sleep\n|\n|t:|1770870016\n|teamsize|p1|6\n|teamsize|p2|6\n|start\n|switch|p1a: Wo-Chien|Wo-Chien, L85|283/283\n|switch|p1b: Typhlosion|Typhlosion-Hisui, L77, M|239/239\n|switch|p2a: Mew|Mew, L84|305/305\n|switch|p2b: Azumarill|Azumarill, L83, F|302/302\n|-item|p2a: Mew|Life Orb|[from] ability: Frisk|[of] p1b: Typhlosion\n|-item|p2b: Azumarill|Choice Band|[from] ability: Frisk|[of] p1b: Typhlosion\n|-ability|p1a: Wo-Chien|Tablets of Ruin\n|turn|1\n|\n|t:|1770870046\n|switch|p1b: Sceptile|Sceptile, L88, F|266/266\n|move|p2b: Azumarill|Aqua Jet|p1b: Sceptile\n|-resisted|p1b: Sceptile\n|-damage|p1b: Sceptile|232/266\n|move|p2a: Mew|Nasty Plot|p2a: Mew\n|-boost|p2a: Mew|spa|2\n|move|p1a: Wo-Chien|Leech Seed|p2a: Mew\n|-start|p2a: Mew|move: Leech Seed\n|\n|-damage|p2a: Mew|267/305|[from] Leech Seed|[of] p1a: Wo-Chien\n|upkeep\n|turn|2\n|\n|t:|1770870073\n|switch|p2b: Ditto|Ditto, L97|250/250\n|-transform|p2b: Ditto|p1a: Wo-Chien|[from] ability: Imposter\n|-ability|p2b: Ditto|Tablets of Ruin\n|move|p1a: Wo-Chien|Protect|p1a: Wo-Chien\n|-singleturn|p1a: Wo-Chien|Protect\n|move|p1b: Sceptile|Leaf Storm|p2a: Mew\n|-damage|p2a: Mew|129/305\n|-unboost|p1b: Sceptile|spa|2\n|-enditem|p1b: Sceptile|White Herb\n|-clearnegativeboost|p1b: Sceptile|[silent]\n|move|p2a: Mew|Psychic|p1b: Sceptile\n|-damage|p1b: Sceptile|0 fnt\n|faint|p1b: Sceptile\n|-damage|p2a: Mew|99/305|[from] item: Life Orb\n|\n|-damage|p2a: Mew|61/305|[from] Leech Seed|[of] p1a: Wo-Chien\n|upkeep\n|\n|t:|1770870098\n|switch|p1b: Typhlosion|Typhlosion-Hisui, L77, M|239/239\n|-item|p2a: Mew|Life Orb|[from] ability: Frisk|[of] p1b: Typhlosion\n|-item|p2b: Ditto|Sitrus Berry|[from] ability: Frisk|[of] p1b: Typhlosion\n|turn|3\n|\n|t:|1770870123\n|move|p2a: Mew|Psychic|p1b: Typhlosion\n|-damage|p1b: Typhlosion|0 fnt\n|faint|p1b: Typhlosion\n|-damage|p2a: Mew|31/305|[from] item: Life Orb\n|move|p2b: Ditto|Knock Off|p1a: Wo-Chien\n|-resisted|p1a: Wo-Chien\n|-damage|p1a: Wo-Chien|235/283\n|-enditem|p1a: Wo-Chien|Sitrus Berry|[from] move: Knock Off|[of] p2b: Ditto\n|move|p1a: Wo-Chien|Pollen Puff|p2b: Ditto\n|-supereffective|p2b: Ditto\n|-damage|p2b: Ditto|58/250\n|-enditem|p2b: Ditto|Sitrus Berry|[eat]\n|-heal|p2b: Ditto|120/250|[from] item: Sitrus Berry\n|\n|-damage|p2a: Mew|0 fnt|[from] Leech Seed|[of] p1a: Wo-Chien\n|-heal|p1a: Wo-Chien|266/283|[silent]\n|faint|p2a: Mew\n|upkeep\n|\n|t:|1770870158\n|switch|p2a: Probopass|Probopass, L90, M|254/254\n|switch|p1b: Inteleon|Inteleon, L78, F|237/237\n|turn|4\n|inactive|Battle timer is ON: inactive players will automatically lose when time's up. (requested by daverybeast)\n|\n|t:|1770870180\n|move|p1b: Inteleon|Ice Beam|p2b: Ditto\n|-supereffective|p2b: Ditto\n|-damage|p2b: Ditto|0 fnt\n|faint|p2b: Ditto\n|move|p1a: Wo-Chien|Leech Seed|p2a: Probopass\n|-start|p2a: Probopass|move: Leech Seed\n|move|p2a: Probopass|Iron Defense|p2a: Probopass\n|-boost|p2a: Probopass|def|2\n|\n|-damage|p2a: Probopass|223/254|[from] Leech Seed|[of] p1a: Wo-Chien\n|-heal|p1a: Wo-Chien|283/283|[silent]\n|upkeep\n|\n|t:|1770870190\n|switch|p2b: Espathra|Espathra, L83, F|293/293\n|turn|5\n|\n|t:|1770870213\n|switch|p1b: Banette|Banette, L94, F|273/273\n|-item|p2a: Probopass|Leftovers|[from] ability: Frisk|[of] p1b: Banette\n|-item|p2b: Espathra|Life Orb|[from] ability: Frisk|[of] p1b: Banette\n|move|p2b: Espathra|Protect|p2b: Espathra\n|-singleturn|p2b: Espathra|Protect\n|move|p1a: Wo-Chien|Protect|p1a: Wo-Chien\n|-singleturn|p1a: Wo-Chien|Protect\n|move|p2a: Probopass|Body Press|p1a: Wo-Chien\n|-activate|p1a: Wo-Chien|move: Protect\n|\n|-heal|p2a: Probopass|238/254|[from] item: Leftovers\n|-damage|p2a: Probopass|207/254|[from] Leech Seed|[of] p1a: Wo-Chien\n|-ability|p2b: Espathra|Speed Boost|boost\n|-boost|p2b: Espathra|spe|1\n|upkeep\n|turn|6\n|inactive|themismatcher has 120 seconds left.\n|\n|t:|1770870250\n|-terastallize|p1a: Wo-Chien|Poison\n|move|p2b: Espathra|Baton Pass|p2b: Espathra\n|\n|t:|1770870265\n|switch|p2b: Azumarill|Azumarill, L83, F|302/302|[from] Baton Pass\n|move|p1b: Banette|Poltergeist|p2b: Azumarill\n|-activate|p2b: Azumarill|move: Poltergeist|Choice Band\n|-damage|p2b: Azumarill|125/302\n|-damage|p1b: Banette|246/273|[from] item: Life Orb\n|move|p1a: Wo-Chien|Leech Seed|p2b: Azumarill\n|-start|p2b: Azumarill|move: Leech Seed\n|move|p2a: Probopass|Body Press|p1a: Wo-Chien\n|-resisted|p1a: Wo-Chien\n|-damage|p1a: Wo-Chien|224/283\n|\n|-heal|p2a: Probopass|222/254|[from] item: Leftovers\n|-damage|p2b: Azumarill|88/302|[from] Leech Seed|[of] p1a: Wo-Chien\n|-heal|p1a: Wo-Chien|261/283|[silent]\n|-damage|p2a: Probopass|191/254|[from] Leech Seed|[of] p1a: Wo-Chien\n|-heal|p1a: Wo-Chien|283/283|[silent]\n|upkeep\n|turn|7\n|\n|t:|1770870293\n|move|p1b: Banette|Protect|p1b: Banette\n|-singleturn|p1b: Banette|Protect\n|move|p1a: Wo-Chien|Protect|p1a: Wo-Chien\n|-singleturn|p1a: Wo-Chien|Protect\n|move|p2b: Azumarill|Liquidation|p1b: Banette\n|-activate|p1b: Banette|move: Protect\n|move|p2a: Probopass|Flash Cannon|p1b: Banette\n|-activate|p1b: Banette|move: Protect\n|\n|-heal|p2a: Probopass|206/254|[from] item: Leftovers\n|-damage|p2b: Azumarill|51/302|[from] Leech Seed|[of] p1a: Wo-Chien\n|-damage|p2a: Probopass|175/254|[from] Leech Seed|[of] p1a: Wo-Chien\n|upkeep\n|turn|8\n|\n|t:|1770870322\n|move|p1b: Banette|Shadow Sneak|p2b: Azumarill\n|-damage|p2b: Azumarill|0 fnt\n|faint|p2b: Azumarill\n|-damage|p1b: Banette|219/273|[from] item: Life Orb\n|move|p1a: Wo-Chien|Knock Off|p2a: Probopass\n|-damage|p2a: Probopass|142/254\n|-enditem|p2a: Probopass|Leftovers|[from] move: Knock Off|[of] p1a: Wo-Chien\n|move|p2a: Probopass|Iron Defense|p2a: Probopass\n|-boost|p2a: Probopass|def|2\n|\n|-damage|p2a: Probopass|111/254|[from] Leech Seed|[of] p1a: Wo-Chien\n|upkeep\n|-message|daverybeast forfeited.\n|\n|win|themismatcher\n|raw|themismatcher's rating: 1649 &rarr; <strong>1670</strong><br />(+21 for winning)\n|raw|daverybeast's rating: 1664 &rarr; <strong>1643</strong><br />(-21 for losing)\n|l|☆daverybeast\n|player|p2|\n", "inputlog": ">version ccdc32dd7cde25fd9e4bed64820e885f66e78a4e\n>start {\"formatid\":\"gen9randomdoublesbattle\",\"seed\":\"sodium,045872e3147cb83f53429ea521429e70\",\"rated\":\"Rated battle\"}\n>player p1 {\"name\":\"themismatcher\",\"avatar\":\"benga\",\"rating\":1649,\"seed\":\"sodium,956d765925e3f195229caa1a4de9864c\"}\n>player p2 {\"name\":\"daverybeast\",\"avatar\":\"170\",\"rating\":1664,\"seed\":\"sodium,90277ef7995bb3de47ba5fd48fec6542\"}\n>p1 move leechseed +1, switch 4\n>p2 move nastyplot, move aquajet +2\n>p1 move protect, move leafstorm +1\n>p2 move psychic +2, switch 4\n>p1 pass, switch 4\n>p1 move pollenpuff +2, move heatwave\n>p2 move psychic +2, move knockoff +2\n>p1 pass, switch 6\n>p2 switch 6, pass\n>p1 move leechseed +1, move icebeam +2\n>p2 move irondefense, move pollenpuff +1\n>p2 pass, switch 3\n>p1 move protect, switch 5\n>p2 move bodypress +1, move protect\n>p1 move leechseed +2 terastallize, move poltergeist +2\n>p2 move bodypress +1, move batonpass\n>p2 pass, switch 4\n>p1 move protect, move protect\n>p2 move flashcannon +2, move liquidation +2\n>p1 move knockoff +1, move shadowsneak +2\n>p2 move irondefense, move liquidation +1\n>forcelose p2", "uploadtime": 1770870356, "views": 78, "formatid": "gen9randomdoublesbattle", "rating": 1643, "private": 0, "password": null}