{"id": "gen9randomdoublesbattle-2535798346", "format": "[Gen 9] Random Doubles Battle", "players": ["Ditto TH", "luix0619"], "log": "|j|☆Ditto TH\n|j|☆luix0619\n|t:|1770610995\n|gametype|doubles\n|player|p1|Ditto TH|2|1519\n|player|p2|luix0619|drayden|1600\n|gen|9\n|tier|[Gen 9] Random Doubles Battle\n|rated|\n|rule|Species Clause: Limit one of each Pokémon\n|rule|HP Percentage Mod: HP is shown in percentages\n|rule|Illusion Level Mod: Illusion disguises the Pokémon's true level\n|rule|Sleep Clause Mod: Limit one foe put to sleep\n|\n|t:|1770610995\n|teamsize|p1|6\n|teamsize|p2|6\n|start\n|switch|p1a: Trevenant|Trevenant, L88, F|293/293\n|switch|p1b: Necrozma|Necrozma, L80|286/286\n|switch|p2a: Dondozo|Dondozo, L85, F|394/394\n|switch|p2b: Chi-Yu|Chi-Yu, L75|206/206\n|-ability|p2b: Chi-Yu|Beads of Ruin\n|turn|1\n|inactive|Battle timer is ON: inactive players will automatically lose when time's up. (requested by luix0619)\n|inactive|Ditto TH has 120 seconds left.\n|\n|t:|1770611040\n|switch|p2a: Muk|Muk-Alola, L82, F|306/306\n|switch|p1a: Snorlax|Snorlax, L84, F|406/406\n|move|p2b: Chi-Yu|Heat Wave|p1a: Snorlax|[spread] p1a,p1b\n|-damage|p1a: Snorlax|315/406\n|-damage|p1b: Necrozma|184/286\n|move|p1b: Necrozma|Earth Power|p2b: Chi-Yu\n|-supereffective|p2b: Chi-Yu\n|-damage|p2b: Chi-Yu|66/206\n|\n|-heal|p1b: Necrozma|201/286|[from] item: Leftovers\n|upkeep\n|turn|2\n|inactive|luix0619 has 120 seconds left.\n|\n|t:|1770611078\n|switch|p2b: Dondozo|Dondozo, L85, F|394/394\n|move|p1b: Necrozma|Protect|p1b: Necrozma\n|-singleturn|p1b: Necrozma|Protect\n|move|p2a: Muk|Snarl|p1a: Snorlax|[spread] p1a\n|-activate|p1b: Necrozma|move: Protect\n|-damage|p1a: Snorlax|290/406\n|-unboost|p1a: Snorlax|spa|1\n|move|p1a: Snorlax|Body Slam|p2b: Dondozo\n|-damage|p2b: Dondozo|318/394\n|\n|-heal|p1b: Necrozma|218/286|[from] item: Leftovers\n|upkeep\n|turn|3\n|\n|t:|1770611098\n|move|p1b: Necrozma|Earth Power|p2a: Muk\n|-supereffective|p2a: Muk\n|-damage|p2a: Muk|170/306\n|move|p2a: Muk|Snarl|p1a: Snorlax|[spread] p1a,p1b\n|-supereffective|p1b: Necrozma\n|-damage|p1a: Snorlax|262/406\n|-damage|p1b: Necrozma|172/286\n|-unboost|p1a: Snorlax|spa|1\n|-unboost|p1b: Necrozma|spa|1\n|move|p2b: Dondozo|Body Press|p1a: Snorlax\n|-supereffective|p1a: Snorlax\n|-damage|p1a: Snorlax|88/406\n|-enditem|p1a: Snorlax|Iapapa Berry|[eat]\n|-heal|p1a: Snorlax|223/406|[from] item: Iapapa Berry\n|move|p1a: Snorlax|High Horsepower|p2a: Muk\n|-supereffective|p2a: Muk\n|-damage|p2a: Muk|0 fnt\n|faint|p2a: Muk\n|\n|-heal|p1b: Necrozma|189/286|[from] item: Leftovers\n|upkeep\n|inactive|luix0619 has 120 seconds left.\n|\n|t:|1770611134\n|switch|p2a: Hariyama|Hariyama, L85, M|384/384\n|turn|4\n|\n|t:|1770611155\n|switch|p1b: Trevenant|Trevenant, L88, F|293/293\n|move|p2a: Hariyama|Fake Out|p1b: Trevenant\n|-immune|p1b: Trevenant\n|move|p2b: Dondozo|Body Press|p1a: Snorlax\n|-supereffective|p1a: Snorlax\n|-damage|p1a: Snorlax|55/406\n|move|p1a: Snorlax|Recycle|p1a: Snorlax\n|-item|p1a: Snorlax|Iapapa Berry|[from] move: Recycle\n|-enditem|p1a: Snorlax|Iapapa Berry|[eat]\n|-heal|p1a: Snorlax|190/406|[from] item: Iapapa Berry\n|\n|upkeep\n|turn|5\n|inactive|Ditto TH has 120 seconds left.\n|inactive|luix0619 has 120 seconds left.\n|\n|t:|1770611197\n|switch|p2a: Zangoose|Zangoose, L87, M|269/269\n|switch|p1a: Decidueye|Decidueye, L89, F|284/284\n|move|p2b: Dondozo|Body Press|p1a: Decidueye\n|-immune|p1a: Decidueye\n|move|p1b: Trevenant|Wood Hammer|p2b: Dondozo\n|-supereffective|p2b: Dondozo\n|-crit|p2b: Dondozo\n|-damage|p2b: Dondozo|0 fnt\n|faint|p2b: Dondozo\n|-damage|p1b: Trevenant|188/293|[from] Recoil\n|\n|-status|p2a: Zangoose|tox|[from] item: Toxic Orb\n|upkeep\n|\n|t:|1770611202\n|switch|p2b: Chi-Yu|Chi-Yu, L75|66/206\n|-ability|p2b: Chi-Yu|Beads of Ruin\n|turn|6\n|inactive|Ditto TH has 120 seconds left.\n|\n|t:|1770611244\n|-terastallize|p1b: Trevenant|Water\n|move|p1a: Decidueye|Protect|p1a: Decidueye\n|-singleturn|p1a: Decidueye|Protect\n|move|p2b: Chi-Yu|Overheat|p1a: Decidueye\n|-activate|p1a: Decidueye|move: Protect\n|move|p2a: Zangoose|Knock Off|p1b: Trevenant\n|-damage|p1b: Trevenant|65/293\n|-enditem|p1b: Trevenant|Sitrus Berry|[from] move: Knock Off|[of] p2a: Zangoose\n|move|p1b: Trevenant|Trick Room|p1b: Trevenant\n|-fieldstart|move: Trick Room|[of] p1b: Trevenant\n|\n|-damage|p2a: Zangoose|253/269 tox|[from] psn\n|upkeep\n|turn|7\n|inactive|Ditto TH has 120 seconds left.\n|inactive|luix0619 has 120 seconds left.\n|\n|t:|1770611276\n|switch|p2b: Hariyama|Hariyama, L85, M|384/384\n|move|p1b: Trevenant|Wood Hammer|p2b: Hariyama\n|-damage|p2b: Hariyama|195/384\n|-damage|p1b: Trevenant|3/293|[from] Recoil\n|move|p1a: Decidueye|Leaf Storm|p2a: Zangoose|[miss]\n|-miss|p1a: Decidueye|p2a: Zangoose\n|move|p2a: Zangoose|Knock Off|p1b: Trevenant\n|-damage|p1b: Trevenant|0 fnt\n|faint|p1b: Trevenant\n|\n|-damage|p2a: Zangoose|221/269 tox|[from] psn\n|upkeep\n|\n|t:|1770611293\n|switch|p1b: Araquanid|Araquanid, L84, M|251/251\n|turn|8\n|\n|t:|1770611322\n|move|p1b: Araquanid|Protect|p1b: Araquanid\n|-singleturn|p1b: Araquanid|Protect\n|move|p1a: Decidueye|Protect|p1a: Decidueye\n|-singleturn|p1a: Decidueye|Protect\n|move|p2b: Hariyama|Fake Out|p1b: Araquanid\n|-activate|p1b: Araquanid|move: Protect\n|move|p2a: Zangoose|Knock Off|p1a: Decidueye\n|-activate|p1a: Decidueye|move: Protect\n|\n|-damage|p2a: Zangoose|173/269 tox|[from] psn\n|upkeep\n|turn|9\n|inactive|Ditto TH has 120 seconds left.\n|\n|t:|1770611342\n|move|p1b: Araquanid|Sticky Web|p2a: Zangoose\n|-sidestart|p2: luix0619|move: Sticky Web\n|move|p2b: Hariyama|Heavy Slam|p1a: Decidueye\n|-damage|p1a: Decidueye|169/284\n|move|p1a: Decidueye|Spirit Shackle|p2b: Hariyama\n|-damage|p2b: Hariyama|56/384\n|-activate|p2b: Hariyama|trapped\n|move|p2a: Zangoose|Knock Off|p1a: Decidueye\n|-supereffective|p1a: Decidueye\n|-damage|p1a: Decidueye|0 fnt\n|-enditem|p1a: Decidueye|Sitrus Berry|[from] move: Knock Off|[of] p2a: Zangoose\n|faint|p1a: Decidueye\n|\n|-damage|p2a: Zangoose|109/269 tox|[from] psn\n|upkeep\n|inactive|Ditto TH has 120 seconds left.\n|\n|t:|1770611363\n|switch|p1a: Floatzel|Floatzel, L86, M|286/286\n|turn|10\n|inactive|Ditto TH has 120 seconds left.\n|\n|t:|1770611381\n|move|p2b: Hariyama|Feint|p1b: Araquanid\n|-damage|p1b: Araquanid|227/251\n|move|p1a: Floatzel|Aqua Jet|p2b: Hariyama\n|-damage|p2b: Hariyama|0 fnt\n|faint|p2b: Hariyama\n|-damage|p1a: Floatzel|258/286|[from] item: Life Orb\n|move|p1b: Araquanid|Liquidation|p2a: Zangoose\n|-damage|p2a: Zangoose|0 fnt\n|faint|p2a: Zangoose\n|\n|-fieldend|move: Trick Room\n|upkeep\n|\n|t:|1770611391\n|switch|p2a: Chi-Yu|Chi-Yu, L75|66/206\n|switch|p2b: Probopass|Probopass, L90, F|254/254\n|-activate|p2a: Chi-Yu|move: Sticky Web\n|-unboost|p2a: Chi-Yu|spe|1\n|-ability|p2a: Chi-Yu|Beads of Ruin\n|-activate|p2b: Probopass|move: Sticky Web\n|-unboost|p2b: Probopass|spe|1\n|turn|11\n|\n|t:|1770611406\n|-terastallize|p2b: Probopass|Fighting\n|move|p1a: Floatzel|Aqua Jet|p2a: Chi-Yu\n|-supereffective|p2a: Chi-Yu\n|-damage|p2a: Chi-Yu|0 fnt\n|faint|p2a: Chi-Yu\n|-damage|p1a: Floatzel|230/286|[from] item: Life Orb\n|move|p1b: Araquanid|Liquidation|p2b: Probopass\n|-damage|p2b: Probopass|160/254\n|move|p2b: Probopass|Iron Defense|p2b: Probopass\n|-boost|p2b: Probopass|def|2\n|\n|-heal|p2b: Probopass|175/254|[from] item: Leftovers\n|upkeep\n|turn|12\n|\n|t:|1770611421\n|move|p1a: Floatzel|Wave Crash|p2b: Probopass\n|-damage|p2b: Probopass|117/254\n|-damage|p1a: Floatzel|211/286|[from] Recoil\n|-damage|p1a: Floatzel|183/286|[from] item: Life Orb\n|move|p1b: Araquanid|Liquidation|p2b: Probopass\n|-damage|p2b: Probopass|69/254\n|move|p2b: Probopass|Iron Defense|p2b: Probopass\n|-boost|p2b: Probopass|def|2\n|\n|-heal|p2b: Probopass|84/254|[from] item: Leftovers\n|upkeep\n|turn|13\n|\n|t:|1770611434\n|move|p1a: Floatzel|Wave Crash|p2b: Probopass\n|-damage|p2b: Probopass|45/254\n|-damage|p1a: Floatzel|170/286|[from] Recoil\n|-damage|p1a: Floatzel|142/286|[from] item: Life Orb\n|move|p1b: Araquanid|Liquidation|p2b: Probopass\n|-damage|p2b: Probopass|17/254\n|move|p2b: Probopass|Iron Defense|p2b: Probopass\n|-boost|p2b: Probopass|def|2\n|\n|-heal|p2b: Probopass|32/254|[from] item: Leftovers\n|upkeep\n|turn|14\n|inactive|luix0619 has 120 seconds left.\n|\n|t:|1770611484\n|move|p1a: Floatzel|Wave Crash|p2b: Probopass\n|-damage|p2b: Probopass|1/254\n|-damage|p1a: Floatzel|132/286|[from] Recoil\n|-damage|p1a: Floatzel|104/286|[from] item: Life Orb\n|move|p1b: Araquanid|Liquidation|p2b: Probopass\n|-damage|p2b: Probopass|0 fnt\n|faint|p2b: Probopass\n|\n|win|Ditto TH\n|raw|Ditto TH's rating: 1519 &rarr; <strong>1544</strong><br />(+25 for winning)\n|raw|luix0619's rating: 1600 &rarr; <strong>1575</strong><br />(-25 for losing)\n|l|☆luix0619\n|player|p2|\n", "inputlog": ">version ccdc32dd7cde25fd9e4bed64820e885f66e78a4e\n>start {\"formatid\":\"gen9randomdoublesbattle\",\"seed\":\"sodium,903a32ea1e607531ff17fd2e0a343ffd\",\"rated\":\"Rated battle\"}\n>player p1 {\"name\":\"Ditto TH\",\"avatar\":\"2\",\"rating\":1519,\"seed\":\"sodium,b41b29f6bccb1b21837eef9c00576753\"}\n>player p2 {\"name\":\"luix0619\",\"avatar\":\"drayden\",\"rating\":1600,\"seed\":\"sodium,2d05c936828d22a4c4182e70d70b149e\"}\n>p1 switch 6, move earthpower +2\n>p2 switch 3, move heatwave\n>p1 move bodyslam +2, move protect\n>p2 move snarl, switch 3\n>p1 move highhorsepower +1, move earthpower +1\n>p2 move snarl, move bodypress +1\n>p2 switch 4, pass\n>p1 move recycle, switch 6\n>p2 move fakeout +2, move bodypress +1\n>p1 switch 3, move woodhammer +2\n>p2 switch 5, move bodypress +1\n>p2 pass, switch 3\n>p1 move protect, move trickroom terastallize\n>p2 move knockoff +2, move overheat +1\n>p1 move leafstorm +1, move woodhammer +2\n>p2 move knockoff +2, switch 5\n>p1 pass, switch 5\n>p1 move protect, move protect\n>p2 move knockoff +1, move fakeout +2\n>p1 move spiritshackle +2, move stickyweb\n>p2 move knockoff +1, move heavyslam +1\n>p1 switch 4, pass\n>p1 move aquajet +2, move liquidation +1\n>p2 move facade +2, move feint +2\n>p2 switch 5, switch 6\n>p1 move aquajet +1, move liquidation +2\n>p2 move darkpulse +2, move irondefense terastallize\n>p1 move wavecrash +2, move liquidation +2\n>p2 pass, move irondefense\n>p1 move wavecrash +2, move liquidation +2\n>p2 pass, move irondefense\n>p1 move wavecrash +2, move liquidation +2\n>p2 pass, move bodypress +1", "uploadtime": 1770611490, "views": 71, "formatid": "gen9randomdoublesbattle", "rating": 1544, "private": 0, "password": null}