{"id": "gen9randomdoublesbattle-2536395273", "format": "[Gen 9] Random Doubles Battle", "players": ["improvguy", "Randumb4"], "log": "|j|☆improvguy\n|j|☆Randumb4\n|t:|1770682829\n|gametype|doubles\n|player|p1|improvguy|cameraman|1918\n|player|p2|Randumb4|265|1938\n|gen|9\n|tier|[Gen 9] Random Doubles Battle\n|rated|\n|rule|Species Clause: Limit one of each Pokémon\n|rule|HP Percentage Mod: HP is shown in percentages\n|rule|Illusion Level Mod: Illusion disguises the Pokémon's true level\n|rule|Sleep Clause Mod: Limit one foe put to sleep\n|\n|t:|1770682829\n|teamsize|p1|6\n|teamsize|p2|6\n|start\n|switch|p1a: Ambipom|Ambipom, L87, M|272/272\n|switch|p1b: Drednaw|Drednaw, L83, M|285/285\n|switch|p2a: Exeggutor|Exeggutor-Alola, L87, F|307/307\n|switch|p2b: Luxray|Luxray, L86, M|278/278\n|-ability|p2b: Luxray|Intimidate|boost\n|-unboost|p1a: Ambipom|atk|1\n|-unboost|p1b: Drednaw|atk|1\n|-enditem|p1b: Drednaw|White Herb\n|-clearnegativeboost|p1b: Drednaw|[silent]\n|turn|1\n|inactive|Battle timer is ON: inactive players will automatically lose when time's up. (requested by Randumb4)\n|\n|t:|1770682847\n|move|p1a: Ambipom|Fake Out|p2a: Exeggutor\n|-damage|p2a: Exeggutor|249/307\n|move|p1b: Drednaw|Rock Slide|p2b: Luxray|[spread] p2a,p2b\n|-damage|p2a: Exeggutor|186/307\n|-damage|p2b: Luxray|208/278\n|cant|p2b: Luxray|flinch\n|cant|p2a: Exeggutor|flinch\n|\n|upkeep\n|turn|2\n|\n|t:|1770682874\n|switch|p1b: Meloetta|Meloetta, L80|291/291\n|move|p1a: Ambipom|Knock Off|p2a: Exeggutor\n|-damage|p2a: Exeggutor|139/307\n|-enditem|p2a: Exeggutor|Sitrus Berry|[from] move: Knock Off|[of] p1a: Ambipom\n|move|p2b: Luxray|Volt Switch|p1b: Meloetta\n|-damage|p1b: Meloetta|225/291\n|inactive|Randumb4 has 120 seconds left.\n|\n|t:|1770682887\n|switch|p2b: Azumarill|Azumarill, L83, F|302/302|[from] Volt Switch\n|move|p2a: Exeggutor|Trick Room|p2a: Exeggutor\n|-fieldstart|move: Trick Room|[of] p2a: Exeggutor\n|\n|upkeep\n|turn|3\n|\n|t:|1770682905\n|move|p2a: Exeggutor|Wood Hammer|p1b: Meloetta\n|-damage|p1b: Meloetta|48/291\n|-damage|p2a: Exeggutor|81/307|[from] Recoil\n|move|p2b: Azumarill|Liquidation|p1a: Ambipom\n|-damage|p1a: Ambipom|76/272\n|move|p1b: Meloetta|Relic Song|p2a: Exeggutor|[spread] p2a,p2b\n|-damage|p2a: Exeggutor|0 fnt\n|-damage|p2b: Azumarill|205/302\n|faint|p2a: Exeggutor\n|-formechange|p1b: Meloetta|Meloetta-Pirouette|[msg]\n|-damage|p1b: Meloetta|19/291|[from] item: Life Orb\n|move|p1a: Ambipom|Knock Off|p2b: Azumarill\n|-resisted|p2b: Azumarill\n|-damage|p2b: Azumarill|180/302\n|-enditem|p2b: Azumarill|Choice Band|[from] move: Knock Off|[of] p1a: Ambipom\n|\n|upkeep\n|j| Poptart muncher^_^\n|inactive|Randumb4 has 120 seconds left.\n|\n|t:|1770682921\n|switch|p2a: Overqwil|Overqwil, L82, F|274/274\n|-ability|p2a: Overqwil|Intimidate|boost\n|-unboost|p1a: Ambipom|atk|1\n|-unboost|p1b: Meloetta|atk|1\n|turn|4\n|\n|t:|1770682928\n|move|p1a: Ambipom|Protect|p1a: Ambipom\n|-singleturn|p1a: Ambipom|Protect\n|move|p2b: Azumarill|Liquidation|p1a: Ambipom\n|-activate|p1a: Ambipom|move: Protect\n|move|p2a: Overqwil|Swords Dance|p2a: Overqwil\n|-boost|p2a: Overqwil|atk|2\n|move|p1b: Meloetta|Relic Song|p2a: Overqwil|[spread] p2a,p2b\n|-crit|p2a: Overqwil\n|-damage|p2a: Overqwil|152/274\n|-damage|p2b: Azumarill|120/302\n|-formechange|p1b: Meloetta|Meloetta|[msg]\n|-damage|p1b: Meloetta|0 fnt|[from] item: Life Orb\n|faint|p1b: Meloetta\n|\n|upkeep\n|\n|t:|1770682945\n|switch|p1b: Drednaw|Drednaw, L83, M|285/285\n|turn|5\n|\n|t:|1770682956\n|move|p2b: Azumarill|Liquidation|p1b: Drednaw\n|-damage|p1b: Drednaw|167/285\n|move|p1b: Drednaw|Liquidation|p2a: Overqwil\n|-damage|p2a: Overqwil|46/274\n|move|p2a: Overqwil|Liquidation|p1a: Ambipom\n|-crit|p1a: Ambipom\n|-damage|p1a: Ambipom|0 fnt\n|faint|p1a: Ambipom\n|-damage|p2a: Overqwil|19/274|[from] item: Life Orb\n|\n|upkeep\n|\n|t:|1770682972\n|switch|p1a: Arcanine|Arcanine-Hisui, L79, F|280/280\n|-ability|p1a: Arcanine|Intimidate|boost\n|-unboost|p2a: Overqwil|atk|1\n|-unboost|p2b: Azumarill|atk|1\n|turn|6\n|\n|t:|1770682982\n|-terastallize|p1a: Arcanine|Normal\n|move|p1a: Arcanine|Extreme Speed|p2a: Overqwil\n|-damage|p2a: Overqwil|0 fnt\n|faint|p2a: Overqwil\n|move|p2b: Azumarill|Play Rough|p1b: Drednaw\n|-damage|p1b: Drednaw|94/285\n|move|p1b: Drednaw|Shell Smash|p1b: Drednaw\n|-unboost|p1b: Drednaw|def|1\n|-unboost|p1b: Drednaw|spd|1\n|-boost|p1b: Drednaw|atk|2\n|-boost|p1b: Drednaw|spa|2\n|-boost|p1b: Drednaw|spe|2\n|\n|-fieldend|move: Trick Room\n|upkeep\n|inactive|Randumb4 has 120 seconds left.\n|\n|t:|1770683012\n|switch|p2a: Rillaboom|Rillaboom, L81, M|295/295\n|-fieldstart|move: Grassy Terrain|[from] ability: Grassy Surge|[of] p2a: Rillaboom\n|turn|7\n|\n|t:|1770683020\n|switch|p1a: Houndstone|Houndstone, L73, F|226/226\n|move|p2a: Rillaboom|Grassy Glide|p1b: Drednaw\n|-supereffective|p1b: Drednaw\n|-damage|p1b: Drednaw|0 fnt\n|faint|p1b: Drednaw\n|move|p2b: Azumarill|Play Rough|p1a: Houndstone\n|-damage|p1a: Houndstone|186/226\n|\n|-heal|p1a: Houndstone|200/226|[from] Grassy Terrain\n|-heal|p2b: Azumarill|138/302|[from] Grassy Terrain\n|upkeep\n|\n|t:|1770683026\n|switch|p1b: Arcanine|Arcanine-Hisui, L79, F, tera:Normal|280/280\n|-ability|p1b: Arcanine|Intimidate|boost\n|-unboost|p2a: Rillaboom|atk|1\n|-unboost|p2b: Azumarill|atk|1\n|turn|8\n|inactive|Randumb4 has 120 seconds left.\n|\n|t:|1770683058\n|switch|p2a: Luxray|Luxray, L86, M|208/278\n|-ability|p2a: Luxray|Intimidate|boost\n|-unboost|p1a: Houndstone|atk|1\n|-unboost|p1b: Arcanine|atk|1\n|move|p1a: Houndstone|Last Respects|p2a: Luxray\n|-crit|p2a: Luxray\n|-damage|p2a: Luxray|0 fnt\n|faint|p2a: Luxray\n|move|p1b: Arcanine|Flare Blitz|p2b: Azumarill\n|-resisted|p2b: Azumarill\n|-damage|p2b: Azumarill|69/302\n|-damage|p1b: Arcanine|257/280|[from] Recoil\n|move|p2b: Azumarill|Liquidation|p1b: Arcanine\n|-damage|p1b: Arcanine|199/280\n|\n|-heal|p1a: Houndstone|214/226|[from] Grassy Terrain\n|-heal|p1b: Arcanine|216/280|[from] Grassy Terrain\n|-heal|p2b: Azumarill|87/302|[from] Grassy Terrain\n|upkeep\n|inactive|Randumb4 has 120 seconds left.\n|\n|t:|1770683078\n|switch|p2a: Rillaboom|Rillaboom, L81, M|295/295\n|turn|9\n|\n|t:|1770683085\n|switch|p1b: Mesprit|Mesprit, L86|278/278\n|move|p2a: Rillaboom|Fake Out|p1b: Mesprit\n|-damage|p1b: Mesprit|249/278\n|move|p1a: Houndstone|Last Respects|p2b: Azumarill\n|-damage|p2b: Azumarill|0 fnt\n|faint|p2b: Azumarill\n|\n|-heal|p1a: Houndstone|226/226|[from] Grassy Terrain\n|upkeep\n|\n|t:|1770683092\n|switch|p2b: Entei|Entei, L77|304/304\n|turn|10\n|\n|t:|1770683112\n|switch|p1a: Arcanine|Arcanine-Hisui, L79, F, tera:Normal|216/280\n|-ability|p1a: Arcanine|Intimidate|boost\n|-unboost|p2a: Rillaboom|atk|1\n|-fail|p2b: Entei|unboost|Attack|[from] ability: Inner Focus|[of] p2b: Entei\n|move|p2b: Entei|Sacred Fire|p1a: Arcanine\n|-damage|p1a: Arcanine|44/280\n|move|p1b: Mesprit|Psychic|p2b: Entei\n|-damage|p2b: Entei|121/304\n|-damage|p1b: Mesprit|222/278|[from] item: Life Orb\n|move|p2a: Rillaboom|Wood Hammer|p1b: Mesprit\n|-damage|p1b: Mesprit|123/278\n|-damage|p2a: Rillaboom|262/295|[from] Recoil\n|\n|-heal|p2b: Entei|140/304|[from] Grassy Terrain\n|-heal|p1a: Arcanine|61/280|[from] Grassy Terrain\n|-heal|p2a: Rillaboom|280/295|[from] Grassy Terrain\n|upkeep\n|turn|11\n|\n|t:|1770683125\n|move|p1a: Arcanine|Extreme Speed|p2b: Entei\n|-damage|p2b: Entei|0 fnt\n|faint|p2b: Entei\n|move|p2a: Rillaboom|Grassy Glide|p1a: Arcanine\n|-damage|p1a: Arcanine|0 fnt\n|faint|p1a: Arcanine\n|move|p1b: Mesprit|Psychic|p2a: Rillaboom\n|-damage|p2a: Rillaboom|167/295\n|-unboost|p2a: Rillaboom|spd|1\n|-damage|p1b: Mesprit|96/278|[from] item: Life Orb\n|\n|-heal|p2a: Rillaboom|185/295|[from] Grassy Terrain\n|-fieldend|move: Grassy Terrain\n|upkeep\n|\n|t:|1770683131\n|switch|p1a: Houndstone|Houndstone, L73, F|226/226\n|turn|12\n|-message|Randumb4 forfeited.\n|\n|win|improvguy\n|raw|improvguy's rating: 1918 &rarr; <strong>1939</strong><br />(+21 for winning)\n|raw|Randumb4's rating: 1938 &rarr; <strong>1917</strong><br />(-21 for losing)\n|l|☆Randumb4\n|player|p2|\n|l| Poptart muncher^_^\n", "inputlog": ">version ccdc32dd7cde25fd9e4bed64820e885f66e78a4e\n>start {\"formatid\":\"gen9randomdoublesbattle\",\"seed\":\"sodium,3b51dacb24d165b979dfccda6441cec9\",\"rated\":\"Rated battle\"}\n>player p1 {\"name\":\"improvguy\",\"avatar\":\"cameraman\",\"rating\":1918,\"seed\":\"sodium,602d60ea49d2e9170ad9ecdc774f10a0\"}\n>player p2 {\"name\":\"Randumb4\",\"avatar\":\"265\",\"rating\":1938,\"seed\":\"sodium,62064a34697c6389607b9be63d066b6d\"}\n>p1 move fakeout +1, move rockslide\n>p2 move trickroom, move voltswitch +2\n>p1 move knockoff +1, switch 6\n>p2 move trickroom, move voltswitch +2\n>p2 pass, switch 4\n>p1 move knockoff +2, move relicsong\n>p2 move woodhammer +2, move liquidation +1\n>p2 switch 6, pass\n>p1 move protect, move relicsong\n>p2 move swordsdance, move liquidation +1\n>p1 pass, switch 6\n>p1 move knockoff +1, move liquidation +1\n>p2 move liquidation +1, move liquidation +2\n>p1 switch 4, pass\n>p1 move extremespeed +1 terastallize, move shellsmash\n>p2 move liquidation +2, move playrough +2\n>p2 switch 5, pass\n>p1 switch 5, move rockslide\n>p2 move grassyglide +2, move playrough +1\n>p1 pass, switch 5\n>p1 move lastrespects +1, move flareblitz +1\n>p2 switch 4, move liquidation +2\n>p2 switch 4, pass\n>p1 move lastrespects +2, switch 3\n>p2 move fakeout +2, move liquidation +2\n>p2 pass, switch 3\n>p1 switch 3, move psychic +2\n>p2 move woodhammer +2, move sacredfire +1\n>p1 move extremespeed +2, move psychic +2\n>p2 move grassyglide +1, move sacredfire +2\n>p1 switch 3, pass\n>forcelose p2", "uploadtime": 1770683166, "views": 78, "formatid": "gen9randomdoublesbattle", "rating": 1917, "private": 0, "password": null}