{"id": "gen9randomdoublesbattle-2539095402", "format": "[Gen 9] Random Doubles Battle", "players": ["Hgvuck", "Jumong"], "log": "|j|☆Hgvuck\n|j|☆Jumong\n|t:|1771010891\n|gametype|doubles\n|player|p1|Hgvuck|169|1520\n|player|p2|Jumong|brock|1560\n|gen|9\n|tier|[Gen 9] Random Doubles Battle\n|rated|\n|rule|Species Clause: Limit one of each Pokémon\n|rule|HP Percentage Mod: HP is shown in percentages\n|rule|Illusion Level Mod: Illusion disguises the Pokémon's true level\n|rule|Sleep Clause Mod: Limit one foe put to sleep\n|\n|t:|1771010891\n|teamsize|p1|6\n|teamsize|p2|6\n|start\n|switch|p1a: Ogerpon|Ogerpon, L78, F|253/253\n|switch|p1b: Flareon|Flareon, L90, M|263/263\n|switch|p2a: Orthworm|Orthworm, L88, F|266/266\n|switch|p2b: Chandelure|Chandelure, L81, M|230/230\n|turn|1\n|inactive|Battle timer is ON: inactive players will automatically lose when time's up. (requested by Hgvuck)\n|\n|t:|1771010937\n|move|p1a: Ogerpon|Spiky Shield|p1a: Ogerpon\n|-singleturn|p1a: Ogerpon|move: Protect\n|move|p2a: Orthworm|Protect|p2a: Orthworm\n|-singleturn|p2a: Orthworm|Protect\n|move|p2b: Chandelure|Shadow Ball|p1b: Flareon\n|-damage|p1b: Flareon|160/263\n|-damage|p2b: Chandelure|207/230|[from] item: Life Orb\n|move|p1b: Flareon|Flare Blitz|p2a: Orthworm\n|-activate|p2a: Orthworm|move: Protect\n|\n|-status|p1b: Flareon|tox|[from] item: Toxic Orb\n|upkeep\n|turn|2\n|inactive|Hgvuck has 120 seconds left.\n|inactive|Jumong has 120 seconds left.\n|\n|t:|1771010988\n|switch|p2a: Donphan|Donphan, L87, M|298/298\n|move|p1a: Ogerpon|Knock Off|p2b: Chandelure\n|-supereffective|p2b: Chandelure\n|-damage|p2b: Chandelure|22/230\n|-enditem|p2b: Chandelure|Life Orb|[from] move: Knock Off|[of] p1a: Ogerpon\n|-damage|p1a: Ogerpon|228/253|[from] item: Life Orb\n|move|p2b: Chandelure|Shadow Ball|p1b: Flareon\n|-damage|p1b: Flareon|72/263 tox\n|-unboost|p1b: Flareon|spd|1\n|move|p1b: Flareon|Flare Blitz|p2a: Donphan\n|-damage|p2a: Donphan|105/298\n|-damage|p1b: Flareon|8/263 tox|[from] Recoil\n|\n|-damage|p1b: Flareon|0 fnt|[from] psn\n|faint|p1b: Flareon\n|upkeep\n|inactive|Hgvuck has 90 seconds left.\n|\n|t:|1771011015\n|switch|p1b: Cresselia|Cresselia, L80, F|323/323\n|turn|3\n|\n|t:|1771011023\n|move|p2b: Chandelure|Protect|p2b: Chandelure\n|-singleturn|p2b: Chandelure|Protect\n|move|p1a: Ogerpon|Ivy Cudgel|p2a: Donphan\n|-supereffective|p2a: Donphan\n|-damage|p2a: Donphan|0 fnt\n|faint|p2a: Donphan\n|-damage|p1a: Ogerpon|203/253|[from] item: Life Orb\n|move|p1b: Cresselia|Psychic|p2b: Chandelure\n|-activate|p2b: Chandelure|move: Protect\n|\n|upkeep\n|\n|t:|1771011048\n|switch|p2a: Infernape|Infernape, L82, F|259/259\n|turn|4\n|inactive|Hgvuck has 120 seconds left.\n|\n|t:|1771011060\n|move|p1a: Ogerpon|Spiky Shield|p1a: Ogerpon\n|-singleturn|p1a: Ogerpon|move: Protect\n|move|p2a: Infernape|Knock Off|p1b: Cresselia\n|-supereffective|p1b: Cresselia\n|-damage|p1b: Cresselia|175/323\n|-enditem|p1b: Cresselia|Sitrus Berry|[from] move: Knock Off|[of] p2a: Infernape\n|-damage|p2a: Infernape|234/259|[from] item: Life Orb\n|move|p1b: Cresselia|Icy Wind|p2b: Chandelure|[spread] p2a,p2b\n|-resisted|p2a: Infernape\n|-resisted|p2b: Chandelure\n|-damage|p2a: Infernape|222/259\n|-damage|p2b: Chandelure|11/230\n|-unboost|p2a: Infernape|spe|1\n|-unboost|p2b: Chandelure|spe|1\n|move|p2b: Chandelure|Shadow Ball|p1b: Cresselia\n|-supereffective|p1b: Cresselia\n|-damage|p1b: Cresselia|0 fnt\n|faint|p1b: Cresselia\n|\n|upkeep\n|inactive|Hgvuck has 120 seconds left.\n|\n|t:|1771011083\n|switch|p1b: Miraidon|Miraidon, L65|238/238\n|-fieldstart|move: Electric Terrain|[from] ability: Hadron Engine|[of] p1b: Miraidon\n|turn|5\n|inactive|Hgvuck has 120 seconds left.\n|\n|t:|1771011109\n|switch|p2a: Orthworm|Orthworm, L88, F|266/266\n|-terastallize|p1b: Miraidon|Electric\n|move|p1a: Ogerpon|Knock Off|p2b: Chandelure\n|-supereffective|p2b: Chandelure\n|-damage|p2b: Chandelure|0 fnt\n|faint|p2b: Chandelure\n|-damage|p1a: Ogerpon|178/253|[from] item: Life Orb\n|move|p1b: Miraidon|Volt Switch|p2a: Orthworm\n|-damage|p2a: Orthworm|0 fnt\n|faint|p2a: Orthworm\n|\n|t:|1771011124\n|switch|p1b: Falinks|Falinks, L87|255/255|[from] Volt Switch\n|\n|upkeep\n|inactive|Jumong has 120 seconds left.\n|\n|t:|1771011154\n|switch|p2b: Spectrier|Spectrier, L77|281/281\n|switch|p2a: Infernape|Infernape, L82, F|222/259\n|turn|6\n|inactive|Hgvuck has 120 seconds left.\n|inactive|Jumong has 120 seconds left.\n|\n|t:|1771011191\n|-terastallize|p2b: Spectrier|Fairy\n|move|p1a: Ogerpon|Spiky Shield|p1a: Ogerpon\n|-singleturn|p1a: Ogerpon|move: Protect\n|move|p2b: Spectrier|Nasty Plot|p2b: Spectrier\n|-boost|p2b: Spectrier|spa|2\n|move|p2a: Infernape|Overheat|p1a: Ogerpon\n|-activate|p1a: Ogerpon|move: Protect\n|move|p1b: Falinks|No Retreat|p1b: Falinks\n|-boost|p1b: Falinks|atk|1\n|-boost|p1b: Falinks|def|1\n|-boost|p1b: Falinks|spa|1\n|-boost|p1b: Falinks|spd|1\n|-boost|p1b: Falinks|spe|1\n|-start|p1b: Falinks|move: No Retreat\n|\n|upkeep\n|turn|7\n|inactive|Jumong has 120 seconds left.\n|inactive|Hgvuck has 120 seconds left.\n|\n|t:|1771011227\n|switch|p1a: Houndoom|Houndoom, L86, F|269/269\n|-ability|p1a: Houndoom|Unnerve\n|move|p1b: Falinks|Close Combat|p2a: Infernape\n|-damage|p2a: Infernape|0 fnt\n|-unboost|p1b: Falinks|def|1\n|-unboost|p1b: Falinks|spd|1\n|faint|p2a: Infernape\n|-damage|p1b: Falinks|230/255|[from] item: Life Orb\n|move|p2b: Spectrier|Tera Blast|p1a: Houndoom|[anim] Tera Blast Fairy\n|-damage|p1a: Houndoom|19/269\n|-damage|p2b: Spectrier|253/281|[from] item: Life Orb\n|\n|upkeep\n|\n|t:|1771011239\n|switch|p2a: Vespiquen|Vespiquen, F|302/302\n|-ability|p2a: Vespiquen|Unnerve\n|turn|8\n|inactive|Jumong has 120 seconds left.\n|inactive|Hgvuck has 120 seconds left.\n|\n|t:|1771011252\n|move|p1a: Houndoom|Sucker Punch|p2b: Spectrier\n|-resisted|p2b: Spectrier\n|-damage|p2b: Spectrier|185/281\n|-damage|p1a: Houndoom|0 fnt|[from] item: Life Orb\n|faint|p1a: Houndoom\n|move|p1b: Falinks|Knock Off|p2b: Spectrier\n|-resisted|p2b: Spectrier\n|-damage|p2b: Spectrier|82/281\n|-enditem|p2b: Spectrier|Life Orb|[from] move: Knock Off|[of] p1b: Falinks\n|-damage|p1b: Falinks|205/255|[from] item: Life Orb\n|move|p2b: Spectrier|Tera Blast|p1b: Falinks|[anim] Tera Blast Fairy\n|-supereffective|p1b: Falinks\n|-damage|p1b: Falinks|0 fnt\n|faint|p1b: Falinks\n|-ability|p2b: Spectrier|Grim Neigh|boost\n|-boost|p2b: Spectrier|spa|1\n|move|p2a: Vespiquen|Hurricane|p1: Houndoom|[notarget]\n|-fail|p2a: Vespiquen\n|\n|upkeep\n|inactive|Hgvuck has 120 seconds left.\n|\n|t:|1771011274\n|switch|p1a: Miraidon|Miraidon, L65, tera:Electric|238/238\n|switch|p1b: Ogerpon|Ogerpon, L78, F|178/253\n|-activate|p1a: Miraidon|ability: Hadron Engine\n|turn|9\n|inactive|Hgvuck has 120 seconds left.\n|\n|t:|1771011292\n|move|p2b: Spectrier|Shadow Ball|p1a: Miraidon\n|-damage|p1a: Miraidon|0 fnt\n|faint|p1a: Miraidon\n|-ability|p2b: Spectrier|Grim Neigh|boost\n|-boost|p2b: Spectrier|spa|1\n|move|p1b: Ogerpon|Ivy Cudgel|p2b: Spectrier\n|-damage|p2b: Spectrier|0 fnt\n|faint|p2b: Spectrier\n|-damage|p1b: Ogerpon|153/253|[from] item: Life Orb\n|move|p2a: Vespiquen|Pollen Puff|p1b: Ogerpon\n|-supereffective|p1b: Ogerpon\n|-damage|p1b: Ogerpon|0 fnt\n|faint|p1b: Ogerpon\n|\n|win|Jumong\n|raw|Hgvuck's rating: 1520 &rarr; <strong>1502</strong><br />(-18 for losing)\n|raw|Jumong's rating: 1560 &rarr; <strong>1578</strong><br />(+18 for winning)\n|l|☆Hgvuck\n|player|p1|\n", "inputlog": ">version ccdc32dd7cde25fd9e4bed64820e885f66e78a4e\n>start {\"formatid\":\"gen9randomdoublesbattle\",\"seed\":\"sodium,e01a670e338e2bc49c3b08401027f539\",\"rated\":\"Rated battle\"}\n>player p1 {\"name\":\"Hgvuck\",\"avatar\":\"169\",\"rating\":1520,\"seed\":\"sodium,bade114b2db7856ec3d118b693c2c0fe\"}\n>player p2 {\"name\":\"Jumong\",\"avatar\":\"brock\",\"rating\":1560,\"seed\":\"sodium,136cb28b9267992c5fd0f98de926e36f\"}\n>p1 move spikyshield, move flareblitz +1\n>p2 move protect, move shadowball +2\n>p1 move knockoff +2, move flareblitz +1\n>p2 switch 3, move shadowball +2\n>p1 pass, switch 5\n>p1 move ivycudgel +1, move psychic +2\n>p2 move knockoff +2, move protect\n>p2 switch 5, pass\n>p1 move spikyshield, move icywind\n>p2 move knockoff +2, move shadowball +2\n>p1 pass, switch 3\n>p1 move knockoff +2, move voltswitch +1 terastallize\n>p2 switch 3, move heatwave\n>p1 pass, switch 4\n>p2 switch 3, switch 4\n>p1 move spikyshield, move noretreat\n>p2 move overheat +1, move nastyplot terastallize\n>p1 switch 6, move closecombat +1\n>p2 move overheat +1, move terablast +1\n>p2 switch 6, pass\n>p1 move suckerpunch +2, move knockoff +2\n>p2 move hurricane +2, move terablast +1\n>p1 switch 4, switch 6\n>p1 move electrodrift +2, move ivycudgel +2\n>p2 move pollenpuff +2, move shadowball +1", "uploadtime": 1771011310, "views": 88, "formatid": "gen9randomdoublesbattle", "rating": 1502, "private": 0, "password": null}