{"id": "gen9randomdoublesbattle-2538632319", "format": "[Gen 9] Random Doubles Battle", "players": ["pejelegante", "Lenigson"], "log": "|j|☆pejelegante\n|j|☆Lenigson\n|t:|1770949550\n|gametype|doubles\n|player|p1|pejelegante|hugh|1804\n|player|p2|Lenigson|170|1758\n|gen|9\n|tier|[Gen 9] Random Doubles Battle\n|rated|\n|rule|Species Clause: Limit one of each Pokémon\n|rule|HP Percentage Mod: HP is shown in percentages\n|rule|Illusion Level Mod: Illusion disguises the Pokémon's true level\n|rule|Sleep Clause Mod: Limit one foe put to sleep\n|\n|t:|1770949550\n|teamsize|p1|6\n|teamsize|p2|6\n|start\n|switch|p1a: Mewtwo|Mewtwo, L73, shiny|275/275\n|switch|p1b: Maushold|Maushold-Four, L79|247/247\n|switch|p2a: Diancie|Diancie, L77|204/204\n|switch|p2b: Blaziken|Blaziken, L79, M|256/256\n|-ability|p1a: Mewtwo|Unnerve\n|turn|1\n|inactive|Battle timer is ON: inactive players will automatically lose when time's up. (requested by pejelegante)\n|inactive|Lenigson also wants the timer to be on.\n|c|☆pejelegante|:0\n|c|☆pejelegante|Shiny kitty\n|inactive|Lenigson has 120 seconds left.\n|\n|t:|1770949596\n|switch|p1b: Amoonguss|Amoonguss, L86, F|336/336\n|switch|p2b: Noctowl|Noctowl, L91, M|330/330\n|move|p1a: Mewtwo|Nasty Plot|p1a: Mewtwo\n|-boost|p1a: Mewtwo|spa|2\n|move|p2a: Diancie|Body Press|p1b: Amoonguss\n|-resisted|p1b: Amoonguss\n|-damage|p1b: Amoonguss|294/336\n|-damage|p2a: Diancie|170/204|[from] item: Rocky Helmet|[of] p1b: Amoonguss\n|\n|upkeep\n|turn|2\n|\n|t:|1770949620\n|move|p1a: Mewtwo|Psystrike|p2b: Noctowl\n|-damage|p2b: Noctowl|33/330\n|move|p2b: Noctowl|Hurricane|p1a: Mewtwo\n|-damage|p1a: Mewtwo|96/275\n|-damage|p2b: Noctowl|0 fnt|[from] item: Life Orb\n|faint|p2b: Noctowl\n|move|p1b: Amoonguss|Spore|p2a: Diancie\n|-status|p2a: Diancie|slp|[from] move: Spore\n|cant|p2a: Diancie|slp\n|\n|-heal|p1a: Mewtwo|113/275|[from] item: Leftovers\n|upkeep\n|inactive|Lenigson has 120 seconds left.\n|\n|t:|1770949643\n|switch|p2b: Blaziken|Blaziken, L79, M|256/256\n|turn|3\n|\n|t:|1770949649\n|move|p2b: Blaziken|Protect|p2b: Blaziken\n|-singleturn|p2b: Blaziken|Protect\n|move|p1a: Mewtwo|Psystrike|p2a: Diancie\n|-crit|p2a: Diancie\n|-damage|p2a: Diancie|0 fnt\n|faint|p2a: Diancie\n|move|p1b: Amoonguss|Pollen Puff|p1a: Mewtwo\n|-heal|p1a: Mewtwo|250/275\n|\n|-heal|p1a: Mewtwo|267/275|[from] item: Leftovers\n|-ability|p2b: Blaziken|Speed Boost|boost\n|-boost|p2b: Blaziken|spe|1\n|upkeep\n|inactive|Lenigson has 120 seconds left.\n|\n|t:|1770949682\n|switch|p2a: Lilligant|Lilligant, L88, F|266/266\n|turn|4\n|\n|t:|1770949689\n|move|p1b: Amoonguss|Rage Powder|p1b: Amoonguss\n|-singleturn|p1b: Amoonguss|move: Rage Powder\n|move|p2b: Blaziken|Heat Wave|p1a: Mewtwo|[spread] p1a,p1b\n|-supereffective|p1b: Amoonguss\n|-crit|p1b: Amoonguss\n|-damage|p1a: Mewtwo|162/275\n|-damage|p1b: Amoonguss|0 fnt\n|-status|p1a: Mewtwo|brn\n|faint|p1b: Amoonguss\n|-damage|p2b: Blaziken|231/256|[from] item: Life Orb\n|move|p1a: Mewtwo|Aura Sphere|p2b: Blaziken\n|-damage|p2b: Blaziken|60/256\n|move|p2a: Lilligant|Giga Drain|p1a: Mewtwo\n|-damage|p1a: Mewtwo|16/275 brn\n|-damage|p2a: Lilligant|240/266|[from] item: Life Orb\n|\n|-heal|p1a: Mewtwo|33/275 brn|[from] item: Leftovers\n|-damage|p1a: Mewtwo|16/275 brn|[from] brn\n|-ability|p2b: Blaziken|Speed Boost|boost\n|-boost|p2b: Blaziken|spe|1\n|upkeep\n|\n|t:|1770949699\n|switch|p1b: Crawdaunt|Crawdaunt, L87, F|251/251\n|turn|5\n|\n|t:|1770949717\n|move|p2b: Blaziken|Vacuum Wave|p1a: Mewtwo\n|-resisted|p1a: Mewtwo\n|-damage|p1a: Mewtwo|0 fnt\n|faint|p1a: Mewtwo\n|-damage|p2b: Blaziken|35/256|[from] item: Life Orb\n|move|p1b: Crawdaunt|Aqua Jet|p2b: Blaziken\n|-supereffective|p2b: Blaziken\n|-damage|p2b: Blaziken|0 fnt\n|faint|p2b: Blaziken\n|move|p2a: Lilligant|Giga Drain|p1b: Crawdaunt\n|-supereffective|p1b: Crawdaunt\n|-damage|p1b: Crawdaunt|0 fnt\n|-heal|p2a: Lilligant|266/266|[from] drain|[of] p1b: Crawdaunt\n|faint|p1b: Crawdaunt\n|-damage|p2a: Lilligant|240/266|[from] item: Life Orb\n|\n|upkeep\n|inactive|Lenigson has 120 seconds left.\n|\n|t:|1770949743\n|switch|p1a: Maushold|Maushold-Four, L79|247/247\n|switch|p2b: Bellibolt|Bellibolt, L81, F|309/309\n|switch|p1b: Carbink|Carbink, L88|231/231\n|turn|6\n|inactive|Lenigson has 120 seconds left.\n|\n|t:|1770949766\n|move|p1a: Maushold|Population Bomb|p2a: Lilligant\n|-damage|p2a: Lilligant|215/266\n|-damage|p2a: Lilligant|190/266\n|-damage|p2a: Lilligant|166/266\n|-damage|p2a: Lilligant|139/266\n|-damage|p2a: Lilligant|115/266\n|-damage|p2a: Lilligant|88/266\n|-damage|p2a: Lilligant|64/266\n|-damage|p2a: Lilligant|40/266\n|-damage|p2a: Lilligant|16/266\n|-damage|p2a: Lilligant|0 fnt\n|faint|p2a: Lilligant\n|-hitcount|p2: Lilligant|10\n|move|p2b: Bellibolt|Thunder Wave|p1a: Maushold\n|-status|p1a: Maushold|par\n|move|p1b: Carbink|Iron Defense|p1b: Carbink\n|-boost|p1b: Carbink|def|2\n|\n|upkeep\n|inactive|Lenigson has 120 seconds left.\n|\n|t:|1770949787\n|switch|p2a: Toedscruel|Toedscruel, L87, F|281/281\n|turn|7\n|inactive|Lenigson has 120 seconds left.\n|\n|t:|1770949804\n|move|p1a: Maushold|Follow Me|p1a: Maushold\n|-singleturn|p1a: Maushold|move: Follow Me\n|move|p2a: Toedscruel|Earth Power|p1a: Maushold\n|-damage|p1a: Maushold|141/247 par\n|move|p2b: Bellibolt|Muddy Water|p1a: Maushold|[spread] p1a,p1b\n|-supereffective|p1b: Carbink\n|-damage|p1a: Maushold|87/247 par\n|-damage|p1b: Carbink|171/231\n|-unboost|p1a: Maushold|accuracy|1\n|move|p1b: Carbink|Trick Room|p1b: Carbink\n|-fieldstart|move: Trick Room|[of] p1b: Carbink\n|\n|-heal|p1b: Carbink|185/231|[from] item: Leftovers\n|upkeep\n|turn|8\n|inactive|Lenigson has 120 seconds left.\n|\n|t:|1770949828\n|move|p1b: Carbink|Body Press|p2a: Toedscruel\n|-damage|p2a: Toedscruel|72/281\n|-enditem|p2a: Toedscruel|Sitrus Berry|[eat]\n|-heal|p2a: Toedscruel|142/281|[from] item: Sitrus Berry\n|move|p1a: Maushold|Population Bomb|p2a: Toedscruel\n|-damage|p2a: Toedscruel|115/281\n|-hitcount|p2a: Toedscruel|1\n|move|p2b: Bellibolt|Muddy Water|p1a: Maushold|[spread] p1a\n|-miss|p2b: Bellibolt|p1b: Carbink\n|-damage|p1a: Maushold|27/247 par\n|move|p2a: Toedscruel|Spore|p1b: Carbink\n|-status|p1b: Carbink|slp|[from] move: Spore\n|\n|-heal|p1b: Carbink|199/231 slp|[from] item: Leftovers\n|upkeep\n|turn|9\n|\n|t:|1770949848\n|cant|p1b: Carbink|slp\n|cant|p1a: Maushold|par\n|move|p2b: Bellibolt|Thunderbolt|p1a: Maushold\n|-damage|p1a: Maushold|0 fnt\n|faint|p1a: Maushold\n|move|p2a: Toedscruel|Giga Drain|p1b: Carbink\n|-supereffective|p1b: Carbink\n|-damage|p1b: Carbink|113/231 slp\n|-heal|p2a: Toedscruel|158/281|[from] drain|[of] p1b: Carbink\n|\n|-heal|p1b: Carbink|127/231 slp|[from] item: Leftovers\n|upkeep\n|\n|t:|1770949852\n|switch|p1a: Mudsdale|Mudsdale, L84, M|305/305\n|turn|10\n|\n|t:|1770949878\n|-terastallize|p1a: Mudsdale|Fighting\n|-terastallize|p2b: Bellibolt|Water\n|-curestatus|p1b: Carbink|slp|[msg]\n|move|p1b: Carbink|Body Press|p2a: Toedscruel\n|-damage|p2a: Toedscruel|0 fnt\n|faint|p2a: Toedscruel\n|move|p1a: Mudsdale|Body Press|p2b: Bellibolt\n|-damage|p2b: Bellibolt|219/309\n|-start|p2b: Bellibolt|Charge|Body Press|[from] ability: Electromorphosis\n|move|p2b: Bellibolt|Muddy Water|p1b: Carbink|[spread] p1a,p1b\n|-supereffective|p1b: Carbink\n|-damage|p1a: Mudsdale|235/305\n|-damage|p1b: Carbink|41/231\n|-unboost|p1a: Mudsdale|accuracy|1\n|-ability|p1a: Mudsdale|Stamina|boost\n|-boost|p1a: Mudsdale|def|1\n|\n|-heal|p1b: Carbink|55/231|[from] item: Leftovers\n|upkeep\n|turn|11\n|\n|t:|1770949901\n|move|p1b: Carbink|Body Press|p2b: Bellibolt\n|-damage|p2b: Bellibolt|50/309\n|-start|p2b: Bellibolt|Charge|Body Press|[from] ability: Electromorphosis\n|-enditem|p2b: Bellibolt|Sitrus Berry|[eat]\n|-heal|p2b: Bellibolt|127/309|[from] item: Sitrus Berry\n|move|p1a: Mudsdale|Body Press|p2b: Bellibolt\n|-damage|p2b: Bellibolt|0 fnt\n|faint|p2b: Bellibolt\n|\n|win|pejelegante\n|raw|pejelegante's rating: 1804 &rarr; <strong>1821</strong><br />(+17 for winning)\n|raw|Lenigson's rating: 1758 &rarr; <strong>1741</strong><br />(-17 for losing)\n|l|☆Lenigson\n|player|p2|\n|c|☆pejelegante|Gg\n", "inputlog": ">version ccdc32dd7cde25fd9e4bed64820e885f66e78a4e\n>start {\"formatid\":\"gen9randomdoublesbattle\",\"seed\":\"sodium,5d319fcfde50c86d8de2919fb4fc0e7a\",\"rated\":\"Rated battle\"}\n>player p1 {\"name\":\"pejelegante\",\"avatar\":\"hugh\",\"rating\":1804,\"seed\":\"sodium,951cb9faecc2c89c50d5e81a867df24b\"}\n>player p2 {\"name\":\"Lenigson\",\"avatar\":\"170\",\"rating\":1758,\"seed\":\"sodium,3f866705d3b76319211e5c6a76e7bceb\"}\n>chat ☆pejelegante|:0\n>chat ☆pejelegante|Shiny kitty\n>p1 move nastyplot, switch 6\n>p2 move bodypress +2, switch 5\n>p1 move psystrike +2, move spore +1\n>p2 move diamondstorm, move hurricane +1\n>p2 pass, switch 5\n>p1 move psystrike +1, move pollenpuff -1\n>p2 move diamondstorm, move protect\n>p2 switch 4, pass\n>p1 move aurasphere +2, move ragepowder\n>p2 move gigadrain +1, move heatwave\n>p1 pass, switch 5\n>p1 move recover, move aquajet +2\n>p2 move gigadrain +2, move vacuumwave +1\n>p1 switch 6, switch 4\n>p2 pass, switch 6\n>p1 move populationbomb +1, move irondefense\n>p2 move gigadrain +2, move thunderwave +1\n>p2 switch 3, pass\n>p1 move followme, move trickroom\n>p2 move earthpower +2, move muddywater\n>p1 move populationbomb +1, move bodypress +1\n>p2 move spore +2, move muddywater\n>p1 move populationbomb +1, move bodypress +2\n>p2 move gigadrain +2, move thunderbolt +1\n>p1 switch 3, pass\n>p1 move bodypress +1 terastallize, move bodypress +1\n>p2 move gigadrain +2, move muddywater terastallize\n>p1 move bodypress +2, move bodypress +2\n>p2 pass, move slackoff", "uploadtime": 1770949913, "views": 67, "formatid": "gen9randomdoublesbattle", "rating": 1741, "private": 0, "password": null}