{"id": "gen9randomdoublesbattle-2535123851", "format": "[Gen 9] Random Doubles Battle", "players": ["Gliphin", "pixel_dragon9"], "log": "|j|☆Gliphin\n|j|☆pixel_dragon9\n|t:|1770516875\n|gametype|doubles\n|player|p1|Gliphin|170|1532\n|player|p2|pixel_dragon9|102|1560\n|gen|9\n|tier|[Gen 9] Random Doubles Battle\n|rated|\n|rule|Species Clause: Limit one of each Pokémon\n|rule|HP Percentage Mod: HP is shown in percentages\n|rule|Illusion Level Mod: Illusion disguises the Pokémon's true level\n|rule|Sleep Clause Mod: Limit one foe put to sleep\n|\n|t:|1770516875\n|teamsize|p1|6\n|teamsize|p2|6\n|start\n|switch|p1a: Thundurus|Thundurus, L79, M|254/254\n|switch|p1b: Braviary|Braviary-Hisui, L84, M|322/322\n|switch|p2a: Electrode|Electrode-Hisui, L88|249/249\n|switch|p2b: Blissey|Blissey, L96, F|645/645\n|turn|1\n|inactive|Battle timer is ON: inactive players will automatically lose when time's up. (requested by pixel_dragon9)\n|\n|t:|1770516891\n|move|p2a: Electrode|Taunt|p1a: Thundurus\n|-start|p1a: Thundurus|move: Taunt\n|move|p1a: Thundurus|Wildbolt Storm|p2b: Blissey|[spread] p2a,p2b\n|-resisted|p2a: Electrode\n|-damage|p2a: Electrode|229/249\n|-damage|p2b: Blissey|594/645\n|move|p2b: Blissey|Thunder Wave|p1b: Braviary|[miss]\n|-miss|p2b: Blissey|p1b: Braviary\n|move|p1b: Braviary|Heat Wave|p2a: Electrode|[spread] p2a,p2b\n|-supereffective|p2a: Electrode\n|-crit|p2a: Electrode\n|-damage|p2a: Electrode|0 fnt\n|-damage|p2b: Blissey|538/645\n|faint|p2a: Electrode\n|\n|upkeep\n|\n|t:|1770516906\n|switch|p2a: Weavile|Weavile, L81, F|246/246\n|turn|2\n|\n|t:|1770516917\n|switch|p2b: Landorus|Landorus-Therian, L77, M|264/264\n|-ability|p2b: Landorus|Intimidate|boost\n|-unboost|p1a: Thundurus|atk|1\n|-ability|p1a: Thundurus|Defiant|boost\n|-boost|p1a: Thundurus|atk|2\n|-unboost|p1b: Braviary|atk|1\n|move|p2a: Weavile|Triple Axel|p1b: Braviary\n|-supereffective|p1b: Braviary\n|-damage|p1b: Braviary|242/322\n|-supereffective|p1b: Braviary\n|-damage|p1b: Braviary|80/322\n|-supereffective|p1b: Braviary\n|-damage|p1b: Braviary|0 fnt\n|faint|p1b: Braviary\n|-hitcount|p1: Braviary|3\n|move|p1a: Thundurus|Knock Off|p2b: Landorus\n|-crit|p2b: Landorus\n|-damage|p2b: Landorus|88/264\n|-enditem|p2b: Landorus|Sitrus Berry|[from] move: Knock Off|[of] p1a: Thundurus\n|\n|upkeep\n|\n|t:|1770516928\n|switch|p1b: Spiritomb|Spiritomb, L89, F|234/234\n|turn|3\n|\n|t:|1770516943\n|-terastallize|p1a: Thundurus|Electric\n|move|p2a: Weavile|Triple Axel|p1a: Thundurus\n|-damage|p1a: Thundurus|209/254\n|-damage|p1a: Thundurus|121/254\n|-damage|p1a: Thundurus|0 fnt\n|faint|p1a: Thundurus\n|-hitcount|p1: Thundurus|3\n|move|p2b: Landorus|Taunt|p1b: Spiritomb\n|-start|p1b: Spiritomb|move: Taunt\n|move|p1b: Spiritomb|Icy Wind|p2b: Landorus|[spread] p2a\n|-miss|p1b: Spiritomb|p2b: Landorus\n|-resisted|p2a: Weavile\n|-damage|p2a: Weavile|229/246\n|-unboost|p2a: Weavile|spe|1\n|\n|upkeep\n|\n|t:|1770516953\n|switch|p1a: Regigigas|Regigigas, L86|329/329\n|-start|p1a: Regigigas|ability: Slow Start\n|turn|4\n|\n|t:|1770516978\n|switch|p2a: Blissey|Blissey, L96, F|538/645\n|move|p2b: Landorus|Taunt|p1a: Regigigas\n|-start|p1a: Regigigas|move: Taunt\n|move|p1b: Spiritomb|Icy Wind|p2a: Blissey|[spread] p2a,p2b\n|-supereffective|p2b: Landorus\n|-damage|p2a: Blissey|520/645\n|-damage|p2b: Landorus|0 fnt\n|-unboost|p2a: Blissey|spe|1\n|faint|p2b: Landorus\n|move|p1a: Regigigas|Double-Edge|p2a: Blissey\n|-damage|p2a: Blissey|252/645\n|-enditem|p2a: Blissey|Sitrus Berry|[eat]\n|-heal|p2a: Blissey|413/645|[from] item: Sitrus Berry\n|-damage|p1a: Regigigas|241/329|[from] Recoil\n|\n|-heal|p1a: Regigigas|261/329|[from] item: Leftovers\n|upkeep\n|\n|t:|1770516992\n|switch|p2b: Weavile|Weavile, L81, F|229/246\n|turn|5\n|\n|t:|1770517005\n|move|p2b: Weavile|Low Kick|p1a: Regigigas\n|-supereffective|p1a: Regigigas\n|-damage|p1a: Regigigas|17/329\n|move|p1b: Spiritomb|Icy Wind|p2b: Weavile|[spread] p2a,p2b\n|-resisted|p2b: Weavile\n|-damage|p2a: Blissey|392/645\n|-damage|p2b: Weavile|212/246\n|-unboost|p2a: Blissey|spe|1\n|-unboost|p2b: Weavile|spe|1\n|move|p1a: Regigigas|Double-Edge|p2b: Weavile\n|-damage|p2b: Weavile|83/246\n|-damage|p1a: Regigigas|0 fnt|[from] Recoil\n|faint|p1a: Regigigas\n|move|p2a: Blissey|Thunder Wave|p1b: Spiritomb\n|-status|p1b: Spiritomb|par\n|\n|-end|p1b: Spiritomb|move: Taunt\n|upkeep\n|\n|t:|1770517013\n|switch|p1a: Gouging Fire|Gouging Fire, L75|281/281\n|turn|6\n|\n|t:|1770517023\n|move|p1a: Gouging Fire|Burning Bulwark|p1a: Gouging Fire\n|-singleturn|p1a: Gouging Fire|move: Protect\n|move|p2b: Weavile|Low Kick|p1a: Gouging Fire\n|-activate|p1a: Gouging Fire|move: Protect\n|-status|p2b: Weavile|brn\n|move|p2a: Blissey|Thunder Wave|p1a: Gouging Fire\n|-status|p1a: Gouging Fire|par\n|move|p1b: Spiritomb|Icy Wind|p2b: Weavile|[spread] p2a,p2b\n|-resisted|p2b: Weavile\n|-damage|p2a: Blissey|372/645\n|-damage|p2b: Weavile|68/246 brn\n|-unboost|p2a: Blissey|spe|1\n|-unboost|p2b: Weavile|spe|1\n|\n|-damage|p2b: Weavile|53/246 brn|[from] brn\n|upkeep\n|turn|7\n|\n|t:|1770517047\n|switch|p2b: Beartic|Beartic, L91, F|321/321\n|move|p1a: Gouging Fire|Heat Crash|p2a: Blissey\n|-damage|p2a: Blissey|57/645\n|move|p2a: Blissey|Hyper Voice|p1a: Gouging Fire|[spread] p1a\n|-immune|p1b: Spiritomb\n|-damage|p1a: Gouging Fire|196/281 par\n|move|p1b: Spiritomb|Icy Wind|p2a: Blissey|[spread] p2a,p2b\n|-resisted|p2b: Beartic\n|-damage|p2a: Blissey|38/645\n|-damage|p2b: Beartic|305/321\n|-unboost|p2a: Blissey|spe|1\n|-unboost|p2b: Beartic|spe|1\n|\n|upkeep\n|turn|8\n|\n|t:|1770517064\n|move|p2b: Beartic|Protect|p2b: Beartic\n|-singleturn|p2b: Beartic|Protect\n|move|p1a: Gouging Fire|Heat Crash|p2b: Beartic\n|-activate|p2b: Beartic|move: Protect\n|move|p1b: Spiritomb|Icy Wind|p2b: Beartic|[spread] p2a\n|-activate|p2b: Beartic|move: Protect\n|-crit|p2a: Blissey\n|-damage|p2a: Blissey|7/645\n|-unboost|p2a: Blissey|spe|1\n|move|p2a: Blissey|Soft-Boiled|p2a: Blissey\n|-heal|p2a: Blissey|330/645\n|\n|upkeep\n|turn|9\n|\n|t:|1770517080\n|move|p2a: Blissey|Helping Hand|p2b: Beartic\n|-singleturn|p2b: Beartic|Helping Hand|[of] p2a: Blissey\n|move|p2b: Beartic|Icicle Crash|p1a: Gouging Fire\n|-damage|p1a: Gouging Fire|0 fnt\n|faint|p1a: Gouging Fire\n|-end|p1a: Gouging Fire|Protosynthesis|[silent]\n|-damage|p2b: Beartic|273/321|[from] item: Life Orb\n|cant|p1b: Spiritomb|par\n|\n|upkeep\n|\n|t:|1770517085\n|switch|p1a: Munkidori|Munkidori, L80, M|272/272\n|turn|10\n|\n|t:|1770517096\n|move|p1a: Munkidori|Protect|p1a: Munkidori\n|-singleturn|p1a: Munkidori|Protect\n|move|p2b: Beartic|Protect|p2b: Beartic\n|-singleturn|p2b: Beartic|Protect\n|move|p1b: Spiritomb|Foul Play|p2b: Beartic\n|-activate|p2b: Beartic|move: Protect\n|move|p2a: Blissey|Thunder Wave|p1a: Munkidori\n|-activate|p1a: Munkidori|move: Protect\n|\n|upkeep\n|turn|11\n|\n|t:|1770517106\n|switch|p2b: Weavile|Weavile, L81, F|53/246 brn\n|move|p1a: Munkidori|Focus Blast|p2a: Blissey\n|-supereffective|p2a: Blissey\n|-damage|p2a: Blissey|177/645\n|-damage|p1a: Munkidori|245/272|[from] item: Life Orb\n|move|p1b: Spiritomb|Icy Wind|p2a: Blissey|[spread] p2a,p2b\n|-resisted|p2b: Weavile\n|-damage|p2a: Blissey|157/645\n|-damage|p2b: Weavile|37/246 brn\n|-unboost|p2a: Blissey|spe|1\n|-unboost|p2b: Weavile|spe|1\n|move|p2a: Blissey|Thunder Wave|p1a: Munkidori\n|-status|p1a: Munkidori|par\n|\n|-damage|p2b: Weavile|22/246 brn|[from] brn\n|upkeep\n|turn|12\n|\n|t:|1770517123\n|move|p1a: Munkidori|Protect|p1a: Munkidori\n|-singleturn|p1a: Munkidori|Protect\n|move|p2b: Weavile|Knock Off|p1a: Munkidori\n|-activate|p1a: Munkidori|move: Protect\n|move|p1b: Spiritomb|Icy Wind|p2b: Weavile|[spread] p2a,p2b\n|-resisted|p2b: Weavile\n|-damage|p2a: Blissey|138/645\n|-damage|p2b: Weavile|7/246 brn\n|-unboost|p2b: Weavile|spe|1\n|move|p2a: Blissey|Soft-Boiled|p2a: Blissey\n|-heal|p2a: Blissey|461/645\n|\n|-damage|p2b: Weavile|0 fnt|[from] brn\n|faint|p2b: Weavile\n|upkeep\n|\n|t:|1770517128\n|switch|p2b: Beartic|Beartic, L91, F|273/321\n|turn|13\n|\n|t:|1770517147\n|move|p2a: Blissey|Helping Hand|p2b: Beartic\n|-singleturn|p2b: Beartic|Helping Hand|[of] p2a: Blissey\n|move|p2b: Beartic|Icicle Crash|p1a: Munkidori\n|-damage|p1a: Munkidori|0 fnt\n|faint|p1a: Munkidori\n|-damage|p2b: Beartic|241/321|[from] item: Life Orb\n|move|p1b: Spiritomb|Will-O-Wisp|p2b: Beartic\n|-status|p2b: Beartic|brn\n|\n|-damage|p2b: Beartic|221/321 brn|[from] brn\n|upkeep\n|turn|14\n|\n|t:|1770517164\n|move|p2a: Blissey|Helping Hand|p2b: Beartic\n|-singleturn|p2b: Beartic|Helping Hand|[of] p2a: Blissey\n|move|p2b: Beartic|Icicle Crash|p1b: Spiritomb\n|-damage|p1b: Spiritomb|138/234 par\n|-damage|p2b: Beartic|189/321 brn|[from] item: Life Orb\n|move|p1b: Spiritomb|Foul Play|p2b: Beartic\n|-damage|p2b: Beartic|53/321 brn\n|\n|-activate|p2a: Blissey|ability: Healer\n|-curestatus|p2b: Beartic|brn|[msg]\n|upkeep\n|turn|15\n|\n|t:|1770517179\n|move|p2a: Blissey|Helping Hand|p2b: Beartic\n|-singleturn|p2b: Beartic|Helping Hand|[of] p2a: Blissey\n|move|p2b: Beartic|Icicle Crash|p1b: Spiritomb\n|-damage|p1b: Spiritomb|0 fnt\n|faint|p1b: Spiritomb\n|-damage|p2b: Beartic|21/321|[from] item: Life Orb\n|\n|win|pixel_dragon9\n|raw|Gliphin's rating: 1532 &rarr; <strong>1514</strong><br />(-18 for losing)\n|raw|pixel_dragon9's rating: 1560 &rarr; <strong>1578</strong><br />(+18 for winning)\n|l|☆Gliphin\n|player|p1|\n", "inputlog": ">version ccdc32dd7cde25fd9e4bed64820e885f66e78a4e\n>start {\"formatid\":\"gen9randomdoublesbattle\",\"seed\":\"sodium,6ad77e144afed33e6a475a7bfca20a97\",\"rated\":\"Rated battle\"}\n>player p1 {\"name\":\"Gliphin\",\"avatar\":\"170\",\"rating\":1532,\"seed\":\"sodium,69db4a517383cfb9c5d2feace52580c1\"}\n>player p2 {\"name\":\"pixel_dragon9\",\"avatar\":\"102\",\"rating\":1560,\"seed\":\"sodium,20a2d92d31d72af2ecd0f1879e32b3d8\"}\n>p1 move wildboltstorm, move heatwave\n>p2 move taunt +1, move thunderwave +2\n>p2 switch 6, pass\n>p1 move knockoff +2, move tailwind\n>p2 move tripleaxel +2, switch 3\n>p1 pass, switch 5\n>p1 move acrobatics +2 terastallize, move icywind\n>p2 move tripleaxel +1, move taunt +2\n>p1 switch 6, pass\n>p1 move doubleedge +1, move icywind\n>p2 switch 3, move taunt +1\n>p2 pass, switch 3\n>p1 move doubleedge +2, move icywind\n>p2 move thunderwave +2, move lowkick +1\n>p1 switch 4, pass\n>p1 move burningbulwark, move icywind\n>p2 move thunderwave +1, move lowkick +1\n>p1 move heatcrash +1, move icywind\n>p2 move hypervoice, switch 4\n>p1 move heatcrash +2, move icywind\n>p2 move softboiled, move protect\n>p1 move dragondance, move icywind\n>p2 move helpinghand -2, move iciclecrash +1\n>p1 switch 3, pass\n>p1 move protect, move foulplay +2\n>p2 move thunderwave +1, move protect\n>p1 move focusblast +1, move icywind\n>p2 move thunderwave +1, switch 4\n>p1 move protect, move icywind\n>p2 move softboiled, move knockoff +1\n>p2 pass, switch 4\n>p1 move focusblast +2, move willowisp +2\n>p2 move helpinghand -2, move iciclecrash +1\n>p1 pass, move foulplay +2\n>p2 move helpinghand -2, move iciclecrash +2\n>p1 pass, move foulplay +2\n>p2 move helpinghand -2, move iciclecrash +2", "uploadtime": 1770517184, "views": 103, "formatid": "gen9randomdoublesbattle", "rating": 1514, "private": 0, "password": null}