{"id": "gen9randomdoublesbattle-2537305666", "format": "[Gen 9] Random Doubles Battle", "players": ["yolo1234567", "Jenome"], "log": "|j|☆yolo1234567\n|j|☆Jenome\n|t:|1770794712\n|gametype|doubles\n|player|p1|yolo1234567|2|1527\n|player|p2|Jenome|gentleman-gen4|1570\n|gen|9\n|tier|[Gen 9] Random Doubles Battle\n|rated|\n|rule|Species Clause: Limit one of each Pokémon\n|rule|HP Percentage Mod: HP is shown in percentages\n|rule|Illusion Level Mod: Illusion disguises the Pokémon's true level\n|rule|Sleep Clause Mod: Limit one foe put to sleep\n|\n|t:|1770794712\n|teamsize|p1|6\n|teamsize|p2|6\n|start\n|switch|p1a: Haxorus|Haxorus, L84, F|265/265\n|switch|p1b: Clefable|Clefable, L87, M|307/307\n|switch|p2a: Lapras|Lapras, L83, M|351/351\n|switch|p2b: Muk|Muk-Alola, L82, M|306/306\n|-ability|p1a: Haxorus|Unnerve\n|turn|1\n|inactive|Battle timer is ON: inactive players will automatically lose when time's up. (requested by Jenome)\n|inactive|yolo1234567 has 120 seconds left.\n|\n|t:|1770794766\n|-terastallize|p1b: Clefable|Steel\n|move|p1b: Clefable|Follow Me|p1b: Clefable\n|-singleturn|p1b: Clefable|move: Follow Me\n|move|p1a: Haxorus|Swords Dance|p1a: Haxorus\n|-boost|p1a: Haxorus|atk|2\n|move|p2a: Lapras|Icy Wind|p1a: Haxorus|[spread] p1a,p1b\n|-supereffective|p1a: Haxorus\n|-resisted|p1b: Clefable\n|-damage|p1a: Haxorus|175/265\n|-damage|p1b: Clefable|290/307\n|-unboost|p1a: Haxorus|spe|1\n|-unboost|p1b: Clefable|spe|1\n|move|p2b: Muk|Poison Jab|p1b: Clefable\n|-immune|p1b: Clefable\n|\n|upkeep\n|turn|2\n|\n|t:|1770794794\n|move|p1b: Clefable|Follow Me|p1b: Clefable\n|-singleturn|p1b: Clefable|move: Follow Me\n|move|p2a: Lapras|Icy Wind|p1a: Haxorus|[spread] p1a,p1b\n|-supereffective|p1a: Haxorus\n|-resisted|p1b: Clefable\n|-damage|p1a: Haxorus|79/265\n|-damage|p1b: Clefable|272/307\n|-unboost|p1a: Haxorus|spe|1\n|-unboost|p1b: Clefable|spe|1\n|move|p2b: Muk|Knock Off|p1b: Clefable\n|-damage|p1b: Clefable|160/307\n|-damage|p2b: Muk|255/306|[from] item: Rocky Helmet|[of] p1b: Clefable\n|-enditem|p1b: Clefable|Rocky Helmet|[from] move: Knock Off|[of] p2b: Muk\n|move|p1a: Haxorus|Close Combat|p2a: Lapras\n|-supereffective|p2a: Lapras\n|-damage|p2a: Lapras|0 fnt\n|-unboost|p1a: Haxorus|def|1\n|-unboost|p1a: Haxorus|spd|1\n|faint|p2a: Lapras\n|\n|upkeep\n|\n|t:|1770794812\n|switch|p2a: Dugtrio|Dugtrio-Alola, L89, F|207/207\n|turn|3\n|\n|t:|1770794821\n|move|p1b: Clefable|Follow Me|p1b: Clefable\n|-singleturn|p1b: Clefable|move: Follow Me\n|move|p2a: Dugtrio|Rock Slide|p1b: Clefable|[spread] p1a\n|-miss|p2a: Dugtrio|p1b: Clefable\n|-damage|p1a: Haxorus|0 fnt\n|faint|p1a: Haxorus\n|-damage|p2a: Dugtrio|187/207|[from] item: Life Orb\n|move|p2b: Muk|Snarl|p1b: Clefable\n|-damage|p1b: Clefable|124/307\n|-unboost|p1b: Clefable|spa|1\n|\n|upkeep\n|\n|t:|1770794834\n|switch|p1a: Furret|Furret, L98, M|325/325\n|-item|p2a: Dugtrio|Life Orb|[from] ability: Frisk|[of] p1a: Furret\n|-item|p2b: Muk|Sitrus Berry|[from] ability: Frisk|[of] p1a: Furret\n|turn|4\n|\n|t:|1770794845\n|move|p1a: Furret|Follow Me|p1a: Furret\n|-singleturn|p1a: Furret|move: Follow Me\n|move|p2a: Dugtrio|Rock Slide|p1a: Furret|[spread] p1a,p1b\n|-resisted|p1b: Clefable\n|-damage|p1a: Furret|256/325\n|-damage|p1b: Clefable|94/307\n|-damage|p2a: Dugtrio|167/207|[from] item: Life Orb\n|move|p2b: Muk|Knock Off|p1a: Furret\n|-damage|p1a: Furret|148/325\n|-status|p1a: Furret|psn|[from] ability: Poison Touch|[of] p2b: Muk\n|-enditem|p1a: Furret|Sitrus Berry|[from] move: Knock Off|[of] p2b: Muk\n|cant|p1b: Clefable|flinch\n|\n|-damage|p1a: Furret|108/325 psn|[from] psn\n|upkeep\n|turn|5\n|-message|yolo1234567 forfeited.\n|\n|win|Jenome\n|raw|yolo1234567's rating: 1527 &rarr; <strong>1509</strong><br />(-18 for losing)\n|raw|Jenome's rating: 1570 &rarr; <strong>1588</strong><br />(+18 for winning)\n|l|☆yolo1234567\n|player|p1|\n", "inputlog": ">version ccdc32dd7cde25fd9e4bed64820e885f66e78a4e\n>start {\"formatid\":\"gen9randomdoublesbattle\",\"seed\":\"sodium,97d0e5b5d1c581d523649c8f724c9685\",\"rated\":\"Rated battle\"}\n>player p1 {\"name\":\"yolo1234567\",\"avatar\":\"2\",\"rating\":1527,\"seed\":\"sodium,6600a2bf85ce68d827e1b59e0ddd1a68\"}\n>player p2 {\"name\":\"Jenome\",\"avatar\":\"gentleman-gen4\",\"rating\":1570,\"seed\":\"sodium,f1f6351be22e1ac585a96de39ce510ef\"}\n>p1 move swordsdance, move followme terastallize\n>p2 move icywind, move poisonjab +2\n>p1 move closecombat +1, move followme\n>p2 move icywind, move knockoff +1\n>p2 switch 6, pass\n>p1 move scaleshot +2, move followme\n>p2 move rockslide, move snarl\n>p1 switch 6, pass\n>p1 move followme, move moonblast +2\n>p2 move rockslide, move knockoff +1\n>forcelose p1", "uploadtime": 1770794859, "views": 64, "formatid": "gen9randomdoublesbattle", "rating": 1509, "private": 0, "password": null}