{"id": "gen9randomdoublesbattle-2536007934", "format": "[Gen 9] Random Doubles Battle", "players": ["LazzarinoCominazzo", "Non-binary Ant"], "log": "|j|☆LazzarinoCominazzo\n|j|☆Non-binary Ant\n|t:|1770644923\n|gametype|doubles\n|player|p1|LazzarinoCominazzo|265|1705\n|player|p2|Non-binary Ant|baker|1694\n|gen|9\n|tier|[Gen 9] Random Doubles Battle\n|rated|\n|rule|Species Clause: Limit one of each Pokémon\n|rule|HP Percentage Mod: HP is shown in percentages\n|rule|Illusion Level Mod: Illusion disguises the Pokémon's true level\n|rule|Sleep Clause Mod: Limit one foe put to sleep\n|\n|t:|1770644923\n|teamsize|p1|6\n|teamsize|p2|6\n|start\n|switch|p1a: Minior|Minior-Yellow, L83|232/232\n|switch|p1b: Chimecho|Chimecho, L94, M|293/293\n|switch|p2a: Salamence|Salamence, L80, M|283/283\n|switch|p2b: Raichu|Raichu-Alola, L89, F|252/252\n|-ability|p2a: Salamence|Intimidate|boost\n|-unboost|p1a: Minior|atk|1\n|-unboost|p1b: Chimecho|atk|1\n|-formechange|p1a: Minior|Minior-Meteor||[from] ability: Shields Down\n|-enditem|p1a: Minior|White Herb\n|-clearnegativeboost|p1a: Minior|[silent]\n|turn|1\n|\n|t:|1770644948\n|switch|p2a: Cresselia|Cresselia, L80, F|323/323\n|move|p1a: Minior|Protect|p1a: Minior\n|-singleturn|p1a: Minior|Protect\n|move|p2b: Raichu|Thunderbolt|p1a: Minior\n|-activate|p1a: Minior|move: Protect\n|move|p1b: Chimecho|Icy Wind|p2a: Cresselia|[spread] p2a,p2b\n|-damage|p2a: Cresselia|293/323\n|-damage|p2b: Raichu|220/252\n|-unboost|p2a: Cresselia|spe|1\n|-unboost|p2b: Raichu|spe|1\n|\n|upkeep\n|turn|2\n|\n|t:|1770644972\n|move|p1b: Chimecho|Icy Wind|p2a: Cresselia|[spread] p2a,p2b\n|-damage|p2a: Cresselia|266/323\n|-damage|p2b: Raichu|186/252\n|-unboost|p2a: Cresselia|spe|1\n|-unboost|p2b: Raichu|spe|1\n|move|p1a: Minior|Rock Slide|p2b: Raichu|[spread] p2a,p2b\n|-damage|p2a: Cresselia|230/323\n|-damage|p2b: Raichu|128/252\n|move|p2b: Raichu|Thunderbolt|p1a: Minior\n|-supereffective|p1a: Minior\n|-damage|p1a: Minior|0 fnt\n|faint|p1a: Minior\n|cant|p2a: Cresselia|flinch\n|\n|upkeep\n|\n|t:|1770644992\n|switch|p1a: Ninetales|Ninetales, L79, M|245/245\n|-weather|SunnyDay|[from] ability: Drought|[of] p1a: Ninetales\n|turn|3\n|\n|t:|1770645002\n|switch|p2b: Flareon|Flareon, L90, M|263/263\n|move|p1a: Ninetales|Heat Wave|p2a: Cresselia|[spread] p2a,p2b\n|-resisted|p2b: Flareon\n|-damage|p2a: Cresselia|143/323\n|-damage|p2b: Flareon|220/263\n|-enditem|p2a: Cresselia|Sitrus Berry|[eat]\n|-heal|p2a: Cresselia|223/323|[from] item: Sitrus Berry\n|-damage|p1a: Ninetales|221/245|[from] item: Life Orb\n|move|p1b: Chimecho|Icy Wind|p2b: Flareon|[spread] p2a,p2b\n|-resisted|p2b: Flareon\n|-damage|p2a: Cresselia|191/323\n|-damage|p2b: Flareon|206/263\n|-unboost|p2a: Cresselia|spe|1\n|-unboost|p2b: Flareon|spe|1\n|move|p2a: Cresselia|Icy Wind|p1b: Chimecho|[spread] p1a,p1b\n|-resisted|p1a: Ninetales\n|-damage|p1a: Ninetales|210/245\n|-damage|p1b: Chimecho|274/293\n|-unboost|p1a: Ninetales|spe|1\n|-unboost|p1b: Chimecho|spe|1\n|\n|-weather|SunnyDay|[upkeep]\n|-status|p2b: Flareon|tox|[from] item: Toxic Orb\n|upkeep\n|turn|4\n|\n|t:|1770645033\n|switch|p1a: Sableye|Sableye, L92, F|241/241\n|move|p1b: Chimecho|Protect|p1b: Chimecho\n|-singleturn|p1b: Chimecho|Protect\n|move|p2b: Flareon|Facade|p1b: Chimecho\n|-activate|p1b: Chimecho|move: Protect\n|move|p2a: Cresselia|Lunar Blessing|p2a: Cresselia|[spread] p2a,p2b\n|-heal|p2a: Cresselia|272/323\n|-heal|p2b: Flareon|263/263 tox\n|-curestatus|p2b: Flareon|tox|[msg]\n|\n|-weather|SunnyDay|[upkeep]\n|-status|p2b: Flareon|tox|[from] item: Toxic Orb\n|upkeep\n|turn|5\n|\n|t:|1770645074\n|move|p1a: Sableye|Encore|p2b: Flareon\n|-start|p2b: Flareon|Encore\n|move|p1b: Chimecho|Psychic|p2b: Flareon\n|-damage|p2b: Flareon|164/263 tox\n|move|p2b: Flareon|Facade|p1a: Sableye\n|-immune|p1a: Sableye\n|move|p2a: Cresselia|Icy Wind|p1a: Sableye|[spread] p1a,p1b\n|-damage|p1a: Sableye|214/241\n|-damage|p1b: Chimecho|253/293\n|-unboost|p1a: Sableye|spe|1\n|-unboost|p1b: Chimecho|spe|1\n|\n|-weather|SunnyDay|[upkeep]\n|-damage|p2b: Flareon|148/263 tox|[from] psn\n|upkeep\n|turn|6\n|\n|t:|1770645104\n|switch|p2b: Passimian|Passimian, L82, M|298/298\n|move|p1b: Chimecho|Protect|p1b: Chimecho\n|-singleturn|p1b: Chimecho|Protect\n|move|p1a: Sableye|Thunder Wave|p2a: Cresselia\n|-status|p2a: Cresselia|par\n|cant|p2a: Cresselia|par\n|\n|-weather|SunnyDay|[upkeep]\n|upkeep\n|turn|7\n|\n|t:|1770645119\n|switch|p1b: Vaporeon|Vaporeon, L84, M|356/356\n|move|p1a: Sableye|Thunder Wave|p2b: Passimian\n|-status|p2b: Passimian|par\n|cant|p2b: Passimian|par\n|cant|p2a: Cresselia|par\n|\n|-weather|none\n|upkeep\n|turn|8\n|\n|t:|1770645143\n|move|p1b: Vaporeon|Scald|p2b: Passimian\n|-damage|p2b: Passimian|172/298 par\n|move|p2b: Passimian|Close Combat|p1b: Vaporeon\n|-damage|p1b: Vaporeon|176/356\n|-unboost|p2b: Passimian|def|1\n|-unboost|p2b: Passimian|spd|1\n|-enditem|p1b: Vaporeon|Sitrus Berry|[eat]\n|-heal|p1b: Vaporeon|265/356|[from] item: Sitrus Berry\n|move|p1a: Sableye|Knock Off|p2a: Cresselia\n|-supereffective|p2a: Cresselia\n|-damage|p2a: Cresselia|150/323 par\n|move|p2a: Cresselia|Icy Wind|p1b: Vaporeon|[spread] p1a,p1b\n|-resisted|p1b: Vaporeon\n|-damage|p1a: Sableye|191/241\n|-damage|p1b: Vaporeon|255/356\n|-unboost|p1a: Sableye|spe|1\n|-unboost|p1b: Vaporeon|spe|1\n|\n|upkeep\n|turn|9\n|\n|t:|1770645164\n|switch|p1b: Chimecho|Chimecho, L94, M|253/293\n|move|p1a: Sableye|Encore|p2a: Cresselia\n|-start|p2a: Cresselia|Encore\n|move|p2b: Passimian|Close Combat|p1b: Chimecho\n|-resisted|p1b: Chimecho\n|-damage|p1b: Chimecho|184/293\n|-unboost|p2b: Passimian|def|1\n|-unboost|p2b: Passimian|spd|1\n|move|p2a: Cresselia|Icy Wind|p1a: Sableye|[spread] p1a,p1b\n|-damage|p1a: Sableye|166/241\n|-damage|p1b: Chimecho|165/293\n|-unboost|p1a: Sableye|spe|1\n|-unboost|p1b: Chimecho|spe|1\n|\n|upkeep\n|turn|10\n|\n|t:|1770645193\n|switch|p2b: Flareon|Flareon, L90, M|148/263 tox\n|move|p1a: Sableye|Fake Out||[still]\n|-hint|Fake Out only works on your first turn out.\n|-fail|p1a: Sableye\n|move|p1b: Chimecho|Heal Pulse|p1a: Sableye\n|-heal|p1a: Sableye|241/241\n|move|p2a: Cresselia|Icy Wind|p1b: Chimecho|[spread] p1a,p1b\n|-crit|p1b: Chimecho\n|-damage|p1a: Sableye|217/241\n|-damage|p1b: Chimecho|133/293\n|-unboost|p1a: Sableye|spe|1\n|-unboost|p1b: Chimecho|spe|1\n|-enditem|p1b: Chimecho|Sitrus Berry|[eat]\n|-heal|p1b: Chimecho|206/293|[from] item: Sitrus Berry\n|\n|-damage|p2b: Flareon|132/263 tox|[from] psn\n|upkeep\n|turn|11\n|\n|t:|1770645249\n|switch|p1a: Vaporeon|Vaporeon, L84, M|255/356\n|move|p2b: Flareon|Flare Blitz|p1b: Chimecho\n|-damage|p1b: Chimecho|0 fnt\n|faint|p1b: Chimecho\n|-damage|p2b: Flareon|64/263 tox|[from] Recoil\n|move|p2a: Cresselia|Icy Wind|p1a: Vaporeon\n|-resisted|p1a: Vaporeon\n|-damage|p1a: Vaporeon|241/356\n|-unboost|p1a: Vaporeon|spe|1\n|\n|-damage|p2b: Flareon|32/263 tox|[from] psn\n|-end|p2a: Cresselia|Encore\n|upkeep\n|\n|t:|1770645264\n|switch|p1b: Sableye|Sableye, L92, F|217/241\n|turn|12\n|\n|t:|1770645293\n|switch|p2b: Passimian|Passimian, L82, M|172/298 par\n|move|p1b: Sableye|Fake Out|p2b: Passimian\n|-damage|p2b: Passimian|143/298 par\n|move|p1a: Vaporeon|Icy Wind|p2a: Cresselia|[spread] p2a,p2b\n|-damage|p2a: Cresselia|122/323 par\n|-damage|p2b: Passimian|99/298 par\n|-unboost|p2a: Cresselia|spe|1\n|-unboost|p2b: Passimian|spe|1\n|-ability|p2b: Passimian|Defiant|boost\n|-boost|p2b: Passimian|atk|2\n|cant|p2a: Cresselia|par\n|\n|upkeep\n|turn|13\n|\n|t:|1770645312\n|move|p1b: Sableye|Knock Off|p2b: Passimian\n|-resisted|p2b: Passimian\n|-damage|p2b: Passimian|45/298 par\n|-enditem|p2b: Passimian|Choice Scarf|[from] move: Knock Off|[of] p1b: Sableye\n|move|p1a: Vaporeon|Scald|p2b: Passimian\n|-damage|p2b: Passimian|0 fnt\n|faint|p2b: Passimian\n|cant|p2a: Cresselia|par\n|\n|upkeep\n|\n|t:|1770645327\n|switch|p2b: Flareon|Flareon, L90, M|32/263 tox\n|turn|14\n|\n|t:|1770645351\n|move|p2b: Flareon|Flare Blitz|p1b: Sableye\n|-damage|p1b: Sableye|0 fnt\n|faint|p1b: Sableye\n|-damage|p2b: Flareon|0 fnt|[from] Recoil\n|faint|p2b: Flareon\n|move|p1a: Vaporeon|Scald|p2a: Cresselia\n|-damage|p2a: Cresselia|38/323 par\n|cant|p2a: Cresselia|par\n|\n|upkeep\n|inactive|Battle timer is ON: inactive players will automatically lose when time's up. (requested by LazzarinoCominazzo)\n|\n|t:|1770645369\n|switch|p2b: Salamence|Salamence, L80, M|283/283\n|switch|p1b: Glalie|Glalie, L94, M|303/303\n|-ability|p2b: Salamence|Intimidate|boost\n|-unboost|p1a: Vaporeon|atk|1\n|-fail|p1b: Glalie|unboost|Attack|[from] ability: Inner Focus|[of] p1b: Glalie\n|turn|15\n|\n|t:|1770645385\n|move|p2b: Salamence|Protect|p2b: Salamence\n|-singleturn|p2b: Salamence|Protect\n|move|p1b: Glalie|Icy Wind|p2a: Cresselia|[spread] p2a\n|-activate|p2b: Salamence|move: Protect\n|-damage|p2a: Cresselia|0 fnt\n|faint|p2a: Cresselia\n|move|p1a: Vaporeon|Scald|p2b: Salamence\n|-activate|p2b: Salamence|move: Protect\n|\n|upkeep\n|\n|t:|1770645396\n|switch|p2a: Raichu|Raichu-Alola, L89, F|128/252\n|turn|16\n|\n|t:|1770645406\n|-terastallize|p1a: Vaporeon|Fire\n|move|p2a: Raichu|Thunderbolt|p1b: Glalie\n|-damage|p1b: Glalie|146/303\n|-enditem|p1b: Glalie|Sitrus Berry|[eat]\n|-heal|p1b: Glalie|221/303|[from] item: Sitrus Berry\n|move|p2b: Salamence|Draco Meteor|p1b: Glalie\n|-damage|p1b: Glalie|42/303\n|-unboost|p2b: Salamence|spa|2\n|-damage|p2b: Salamence|255/283|[from] item: Life Orb\n|move|p1b: Glalie|Freeze-Dry|p2b: Salamence\n|-supereffective|p2b: Salamence\n|-damage|p2b: Salamence|0 fnt\n|faint|p2b: Salamence\n|move|p1a: Vaporeon|Yawn|p2a: Raichu\n|-start|p2a: Raichu|move: Yawn|[of] p1a: Vaporeon\n|\n|upkeep\n|\n|t:|1770645411\n|switch|p2b: Urshifu|Urshifu-Rapid-Strike, L75, F|274/274\n|turn|17\n|\n|t:|1770645438\n|-terastallize|p2b: Urshifu|Water\n|move|p1b: Glalie|Protect|p1b: Glalie\n|-singleturn|p1b: Glalie|Protect\n|move|p2b: Urshifu|Aqua Jet|p1b: Glalie\n|-damage|p1b: Glalie|0 fnt\n|faint|p1b: Glalie\n|-damage|p2b: Urshifu|247/274|[from] item: Life Orb\n|move|p2a: Raichu|Thunderbolt|p1a: Vaporeon\n|-damage|p1a: Vaporeon|90/356\n|move|p1a: Vaporeon|Scald|p2b: Urshifu\n|-resisted|p2b: Urshifu\n|-damage|p2b: Urshifu|175/274\n|\n|-end|p2a: Raichu|move: Yawn|[silent]\n|-status|p2a: Raichu|slp\n|upkeep\n|inactive|LazzarinoCominazzo has 120 seconds left.\n|\n|t:|1770645453\n|switch|p1b: Ninetales|Ninetales, L79, M|210/245\n|-weather|SunnyDay|[from] ability: Drought|[of] p1b: Ninetales\n|turn|18\n|\n|t:|1770645462\n|move|p2b: Urshifu|Protect|p2b: Urshifu\n|-singleturn|p2b: Urshifu|Protect\n|cant|p2a: Raichu|slp\n|move|p1b: Ninetales|Solar Beam||[still]\n|-prepare|p1b: Ninetales|Solar Beam\n|-anim|p1b: Ninetales|Solar Beam|p2b: Urshifu\n|-activate|p2b: Urshifu|move: Protect\n|move|p1a: Vaporeon|Scald|p2a: Raichu\n|-damage|p2a: Raichu|80/252 slp\n|\n|-weather|SunnyDay|[upkeep]\n|upkeep\n|turn|19\n|\n|t:|1770645486\n|move|p2b: Urshifu|Aqua Jet|p1b: Ninetales\n|-supereffective|p1b: Ninetales\n|-damage|p1b: Ninetales|127/245\n|-damage|p2b: Urshifu|148/274|[from] item: Life Orb\n|cant|p2a: Raichu|slp\n|move|p1b: Ninetales|Solar Beam||[still]\n|-prepare|p1b: Ninetales|Solar Beam\n|-anim|p1b: Ninetales|Solar Beam|p2b: Urshifu\n|-supereffective|p2b: Urshifu\n|-damage|p2b: Urshifu|0 fnt\n|faint|p2b: Urshifu\n|-damage|p1b: Ninetales|103/245|[from] item: Life Orb\n|move|p1a: Vaporeon|Icy Wind|p2a: Raichu\n|-damage|p2a: Raichu|35/252 slp\n|-unboost|p2a: Raichu|spe|1\n|\n|-weather|SunnyDay|[upkeep]\n|upkeep\n|turn|20\n|-message|Non-binary Ant forfeited.\n|\n|win|LazzarinoCominazzo\n|raw|LazzarinoCominazzo's rating: 1705 &rarr; <strong>1723</strong><br />(+18 for winning)\n|raw|Non-binary Ant's rating: 1673 &rarr; <strong>1655</strong><br />(-18 for losing)\n|l|☆Non-binary Ant\n|player|p2|\n", "inputlog": ">version ccdc32dd7cde25fd9e4bed64820e885f66e78a4e\n>start {\"formatid\":\"gen9randomdoublesbattle\",\"seed\":\"sodium,944a102d54f302150dbb13215dc92d4d\",\"rated\":\"Rated battle\"}\n>player p1 {\"name\":\"LazzarinoCominazzo\",\"avatar\":\"265\",\"rating\":1705,\"seed\":\"sodium,7e92e1cbc8195d84473f8b7598b034fd\"}\n>player p2 {\"name\":\"Non-binary Ant\",\"avatar\":\"baker\",\"rating\":1694,\"seed\":\"sodium,8a585f8ea3dd75043ecca10a26094ca4\"}\n>p1 move protect, move icywind\n>p2 switch 4, move thunderbolt +1\n>p1 move rockslide, move icywind\n>p2 move icywind, move thunderbolt +1\n>p1 switch 3, pass\n>p1 move heatwave, move icywind\n>p2 move icywind, switch 3\n>p1 switch 6, move protect\n>p2 move lunarblessing, move facade +2\n>p1 move encore +2, move psychic +2\n>p2 move icywind, move flareblitz +1\n>p1 move thunderwave +1, move protect\n>p2 move lunarblessing, switch 6\n>p1 move thunderwave +2, switch 5\n>p2 move icywind, move uturn +2\n>p1 move knockoff +1, move scald +2\n>p2 move icywind, move closecombat +2\n>p1 move encore +1, switch 5\n>p2 move lunarblessing, move closecombat +2\n>p1 move fakeout +2, move healpulse -1\n>p2 move icywind, switch 6\n>p1 switch 5, move psychic +2\n>p2 move icywind, move flareblitz +2\n>p1 pass, switch 5\n>p1 move icywind, move fakeout +2\n>p2 move icywind, switch 6\n>p1 move scald +2, move knockoff +2\n>p2 move lunarblessing, move gunkshot +2\n>p2 pass, switch 6\n>p1 move scald +1, move knockoff +1\n>p2 move icywind, move flareblitz +2\n>p1 pass, switch 4\n>p2 pass, switch 4\n>p1 move scald +1, move icywind\n>p2 move icywind, move protect\n>p2 switch 3, pass\n>p1 move yawn +1 terastallize, move freezedry +2\n>p2 move thunderbolt +2, move dracometeor +2\n>p2 pass, switch 5\n>p1 move scald +2, move protect\n>p2 move thunderbolt +1, move aquajet +2 terastallize\n>p1 pass, switch 6\n>p1 move scald +1, move solarbeam +2\n>p2 move thunderbolt +1, move protect\n>p1 move icywind, move solarbeam +2\n>p2 move thunderbolt +1, move aquajet +2\n>forcelose p2", "uploadtime": 1770645515, "views": 84, "formatid": "gen9randomdoublesbattle", "rating": 1655, "private": 0, "password": null}