{"id": "gen9randomdoublesbattle-2540067121", "format": "[Gen 9] Random Doubles Battle", "players": ["SHADOWT28", "chilunsin"], "log": "|j|☆SHADOWT28\n|j|☆chilunsin\n|t:|1771155887\n|gametype|doubles\n|player|p1|SHADOWT28|ash-kalos|1679\n|player|p2|chilunsin|101|1781\n|gen|9\n|tier|[Gen 9] Random Doubles Battle\n|rated|\n|rule|Species Clause: Limit one of each Pokémon\n|rule|HP Percentage Mod: HP is shown in percentages\n|rule|Illusion Level Mod: Illusion disguises the Pokémon's true level\n|rule|Sleep Clause Mod: Limit one foe put to sleep\n|\n|t:|1771155887\n|teamsize|p1|6\n|teamsize|p2|6\n|start\n|switch|p1a: Lycanroc|Lycanroc-Dusk, L82, M|257/257\n|switch|p1b: Azumarill|Azumarill, L83, F|302/302\n|switch|p2a: Ogerpon|Ogerpon-Wellspring, L77, F|250/250\n|switch|p2b: Reshiram|Reshiram, L72|263/263\n|-ability|p2b: Reshiram|Turboblaze\n|turn|1\n|inactive|Battle timer is ON: inactive players will automatically lose when time's up. (requested by SHADOWT28)\n|inactive|SHADOWT28 has 120 seconds left.\n|\n|t:|1771155927\n|switch|p2b: Trevenant|Trevenant, L88, M|293/293\n|move|p1a: Lycanroc|Rock Slide|p2a: Ogerpon|[spread] p2b\n|-miss|p1a: Lycanroc|p2a: Ogerpon\n|-damage|p2b: Trevenant|196/293\n|-damage|p1a: Lycanroc|232/257|[from] item: Life Orb\n|move|p2a: Ogerpon|Ivy Cudgel|p1a: Lycanroc|[anim] Ivy Cudgel Water\n|-supereffective|p1a: Lycanroc\n|-damage|p1a: Lycanroc|0 fnt\n|faint|p1a: Lycanroc\n|move|p1b: Azumarill|Play Rough|p2a: Ogerpon\n|-damage|p2a: Ogerpon|37/250\n|-unboost|p2a: Ogerpon|atk|1\n|\n|upkeep\n|\n|t:|1771155944\n|switch|p1a: Salamence|Salamence, L80, M|283/283\n|-ability|p1a: Salamence|Intimidate|boost\n|-unboost|p2a: Ogerpon|atk|1\n|-unboost|p2b: Trevenant|atk|1\n|turn|2\n|inactive|chilunsin has 120 seconds left.\n|\n|t:|1771155993\n|move|p2a: Ogerpon|Follow Me|p2a: Ogerpon\n|-singleturn|p2a: Ogerpon|move: Follow Me\n|move|p1a: Salamence|Dual Wingbeat|p2a: Ogerpon\n|-supereffective|p2a: Ogerpon\n|-damage|p2a: Ogerpon|0 fnt\n|faint|p2a: Ogerpon\n|-hitcount|p2: Ogerpon|1\n|-damage|p1a: Salamence|255/283|[from] item: Life Orb\n|move|p1b: Azumarill|Play Rough|p2b: Trevenant\n|-damage|p2b: Trevenant|15/293\n|-enditem|p2b: Trevenant|Sitrus Berry|[eat]\n|-heal|p2b: Trevenant|88/293|[from] item: Sitrus Berry\n|move|p2b: Trevenant|Trick Room|p2b: Trevenant\n|-fieldstart|move: Trick Room|[of] p2b: Trevenant\n|\n|-item|p2b: Trevenant|Sitrus Berry|[from] ability: Harvest\n|upkeep\n|-enditem|p2b: Trevenant|Sitrus Berry|[eat]\n|-heal|p2b: Trevenant|161/293|[from] item: Sitrus Berry\n|\n|t:|1771155998\n|switch|p2a: Golem|Golem-Alola, L88, M|284/284\n|turn|3\n|inactive|SHADOWT28 has 120 seconds left.\n|\n|t:|1771156034\n|-terastallize|p1a: Salamence|Steel\n|move|p2b: Trevenant|Poltergeist|p1a: Salamence\n|-activate|p1a: Salamence|move: Poltergeist|Life Orb\n|-damage|p1a: Salamence|146/283\n|move|p2a: Golem|Rock Slide|p1a: Salamence|[spread] p1a,p1b\n|-resisted|p1a: Salamence\n|-damage|p1a: Salamence|101/283\n|-damage|p1b: Azumarill|224/302\n|move|p1b: Azumarill|Play Rough|p2b: Trevenant\n|-damage|p2b: Trevenant|0 fnt\n|faint|p2b: Trevenant\n|move|p1a: Salamence|Draco Meteor|p2a: Golem\n|-damage|p2a: Golem|57/284\n|-unboost|p1a: Salamence|spa|2\n|-enditem|p2a: Golem|Sitrus Berry|[eat]\n|-heal|p2a: Golem|128/284|[from] item: Sitrus Berry\n|-damage|p1a: Salamence|73/283|[from] item: Life Orb\n|\n|upkeep\n|inactive|chilunsin has 120 seconds left.\n|\n|t:|1771156052\n|switch|p2b: Reshiram|Reshiram, L72|263/263\n|-ability|p2b: Reshiram|Turboblaze\n|turn|4\n|\n|t:|1771156069\n|move|p1a: Salamence|Protect|p1a: Salamence\n|-singleturn|p1a: Salamence|Protect\n|move|p2a: Golem|Double-Edge|p1b: Azumarill\n|-supereffective|p1b: Azumarill\n|-damage|p1b: Azumarill|0 fnt\n|faint|p1b: Azumarill\n|-damage|p2a: Golem|54/284|[from] Recoil\n|move|p2b: Reshiram|Heat Wave|p1a: Salamence\n|-activate|p1a: Salamence|move: Protect\n|\n|upkeep\n|\n|t:|1771156082\n|switch|p1b: Lugia|Lugia, L71|268/268\n|turn|5\n|\n|t:|1771156094\n|switch|p1a: Bruxish|Bruxish, L86, M|257/257\n|move|p2a: Golem|Rock Slide|p1a: Bruxish|[spread] p1a,p1b\n|-supereffective|p1b: Lugia\n|-damage|p1a: Bruxish|166/257\n|-damage|p1b: Lugia|199/268\n|move|p2b: Reshiram|Heat Wave|p1a: Bruxish|[spread] p1a,p1b\n|-resisted|p1a: Bruxish\n|-damage|p1a: Bruxish|110/257\n|-damage|p1b: Lugia|120/268\n|-status|p1b: Lugia|brn\n|-damage|p2b: Reshiram|237/263|[from] item: Life Orb\n|move|p1b: Lugia|Earth Power|p2a: Golem\n|-supereffective|p2a: Golem\n|-damage|p2a: Golem|0 fnt\n|faint|p2a: Golem\n|\n|-heal|p1b: Lugia|136/268 brn|[from] item: Leftovers\n|-damage|p1b: Lugia|120/268 brn|[from] brn\n|upkeep\n|\n|t:|1771156111\n|switch|p2a: Grafaiai|Grafaiai, L88, M|254/254\n|turn|6\n|inactive|SHADOWT28 has 120 seconds left.\n|\n|t:|1771156148\n|move|p2b: Reshiram|Draco Meteor|p1a: Bruxish\n|-damage|p1a: Bruxish|0 fnt\n|-unboost|p2b: Reshiram|spa|2\n|faint|p1a: Bruxish\n|-damage|p2b: Reshiram|211/263|[from] item: Life Orb\n|move|p1b: Lugia|Recover|p1b: Lugia\n|-heal|p1b: Lugia|254/268 brn\n|move|p2a: Grafaiai|Knock Off|p1b: Lugia\n|-supereffective|p1b: Lugia\n|-damage|p1b: Lugia|130/268 brn\n|-enditem|p1b: Lugia|Leftovers|[from] move: Knock Off|[of] p2a: Grafaiai\n|\n|-damage|p1b: Lugia|114/268 brn|[from] brn\n|-fieldend|move: Trick Room\n|upkeep\n|\n|t:|1771156163\n|switch|p1a: Salamence|Salamence, L80, M, tera:Steel|73/283\n|-ability|p1a: Salamence|Intimidate|boost\n|-unboost|p2a: Grafaiai|atk|1\n|-unboost|p2b: Reshiram|atk|1\n|turn|7\n|inactive|chilunsin has 120 seconds left.\n|\n|t:|1771156223\n|switch|p2b: Vivillon|Vivillon, L88, M|284/284\n|-terastallize|p2a: Grafaiai|Dark\n|move|p2a: Grafaiai|Knock Off|p1a: Salamence\n|-damage|p1a: Salamence|0 fnt\n|-enditem|p1a: Salamence|Life Orb|[from] move: Knock Off|[of] p2a: Grafaiai\n|faint|p1a: Salamence\n|move|p1b: Lugia|Recover|p1b: Lugia\n|-heal|p1b: Lugia|248/268 brn\n|\n|-damage|p1b: Lugia|232/268 brn|[from] brn\n|upkeep\n|\n|t:|1771156233\n|switch|p1a: Zacian|Zacian-Crowned, L66|231/231\n|-ability|p1a: Zacian|Intrepid Sword|boost\n|-boost|p1a: Zacian|atk|1\n|turn|8\n|inactive|chilunsin has 120 seconds left.\n|\n|t:|1771156246\n|move|p2a: Grafaiai|U-turn|p1b: Lugia\n|-damage|p1b: Lugia|202/268 brn\n|\n|t:|1771156248\n|switch|p2a: Reshiram|Reshiram, L72|211/263|[from] U-turn\n|-ability|p2a: Reshiram|Turboblaze\n|move|p1a: Zacian|Swords Dance|p1a: Zacian\n|-boost|p1a: Zacian|atk|2\n|move|p2b: Vivillon|Sleep Powder|p1a: Zacian\n|-status|p1a: Zacian|slp|[from] move: Sleep Powder\n|move|p1b: Lugia|Aeroblast|p2b: Vivillon\n|-supereffective|p2b: Vivillon\n|-damage|p2b: Vivillon|62/284\n|-enditem|p2b: Vivillon|Sitrus Berry|[eat]\n|-heal|p2b: Vivillon|133/284|[from] item: Sitrus Berry\n|\n|-damage|p1b: Lugia|186/268 brn|[from] brn\n|upkeep\n|turn|9\n|\n|t:|1771156264\n|cant|p1a: Zacian|slp\n|move|p2b: Vivillon|Hurricane|p1b: Lugia|[miss]\n|-miss|p2b: Vivillon|p1b: Lugia\n|move|p1b: Lugia|Aeroblast|p2b: Vivillon\n|-supereffective|p2b: Vivillon\n|-damage|p2b: Vivillon|0 fnt\n|faint|p2b: Vivillon\n|move|p2a: Reshiram|Heat Wave|p1b: Lugia|[spread] p1a,p1b\n|-supereffective|p1a: Zacian\n|-damage|p1a: Zacian|13/231 slp\n|-damage|p1b: Lugia|107/268 brn\n|-damage|p2a: Reshiram|185/263|[from] item: Life Orb\n|\n|-damage|p1b: Lugia|91/268 brn|[from] brn\n|upkeep\n|\n|t:|1771156275\n|switch|p2b: Grafaiai|Grafaiai, L88, M, tera:Dark|254/254\n|turn|10\n|\n|t:|1771156289\n|cant|p1a: Zacian|slp\n|move|p2b: Grafaiai|Knock Off|p1a: Zacian\n|-resisted|p1a: Zacian\n|-damage|p1a: Zacian|0 fnt\n|faint|p1a: Zacian\n|move|p1b: Lugia|Recover|p1b: Lugia\n|-heal|p1b: Lugia|225/268 brn\n|move|p2a: Reshiram|Blue Flare|p1b: Lugia\n|-damage|p1b: Lugia|89/268 brn\n|-damage|p2a: Reshiram|159/263|[from] item: Life Orb\n|\n|-damage|p1b: Lugia|73/268 brn|[from] brn\n|upkeep\n|turn|11\n|\n|t:|1771156301\n|move|p2b: Grafaiai|Knock Off|p1b: Lugia\n|-supereffective|p1b: Lugia\n|-damage|p1b: Lugia|0 fnt\n|faint|p1b: Lugia\n|\n|win|chilunsin\n|raw|SHADOWT28's rating: 1679 &rarr; <strong>1665</strong><br />(-14 for losing)\n|raw|chilunsin's rating: 1781 &rarr; <strong>1795</strong><br />(+14 for winning)\n", "inputlog": ">version 686819e5e19f8a7fd2345cfc5a08a5085efa2cc3\n>start {\"formatid\":\"gen9randomdoublesbattle\",\"seed\":\"sodium,8cda424813e90792aad63a04058067de\",\"rated\":\"Rated battle\"}\n>player p1 {\"name\":\"SHADOWT28\",\"avatar\":\"ash-kalos\",\"rating\":1679,\"seed\":\"sodium,04203305238449c0f099d24f9dd03494\"}\n>player p2 {\"name\":\"chilunsin\",\"avatar\":\"101\",\"rating\":1781,\"seed\":\"sodium,5feea681e5ba78b12f9fd3b8bba56729\"}\n>p1 move rockslide, move playrough +1\n>p2 move ivycudgel +1, switch 6\n>p1 switch 4, pass\n>p1 move dualwingbeat +1, move playrough +2\n>p2 move followme, move trickroom\n>p2 switch 4, pass\n>p1 move dracometeor +1 terastallize, move playrough +2\n>p2 move rockslide, move poltergeist +1\n>p2 pass, switch 6\n>p1 move protect, move playrough +1\n>p2 move doubleedge +2, move heatwave\n>p1 pass, switch 6\n>p1 switch 5, move earthpower +1\n>p2 move rockslide, move heatwave\n>p2 switch 3, pass\n>p1 move psychicfangs +1, move recover\n>p2 move knockoff +2, move dracometeor +1\n>p1 switch 5, pass\n>p1 move dracometeor +2, move recover\n>p2 move knockoff +1 terastallize, switch 5\n>p1 switch 3, pass\n>p1 move swordsdance, move aeroblast +2\n>p2 move uturn +2, move sleeppowder +1\n>p2 switch 5, pass\n>p1 move protect, move aeroblast +2\n>p2 move heatwave, move hurricane +2\n>p2 pass, switch 5\n>p1 move protect, move recover\n>p2 move blueflare +2, move knockoff +1\n>p1 pass, move aeroblast +2\n>p2 move blueflare +2, move knockoff +2", "uploadtime": 1771156302, "views": 69, "formatid": "gen9randomdoublesbattle", "rating": 1665, "private": 0, "password": null}