{"id": "gen9randomdoublesbattle-2539062846", "format": "[Gen 9] Random Doubles Battle", "players": ["YaboiJaedster", "Gabri1014"], "log": "|j|☆YaboiJaedster\n|j|☆Gabri1014\n|t:|1771007652\n|gametype|doubles\n|player|p1|YaboiJaedster|hoopster|1557\n|player|p2|Gabri1014|giovanni|1542\n|gen|9\n|tier|[Gen 9] Random Doubles Battle\n|rated|\n|rule|Species Clause: Limit one of each Pokémon\n|rule|HP Percentage Mod: HP is shown in percentages\n|rule|Illusion Level Mod: Illusion disguises the Pokémon's true level\n|rule|Sleep Clause Mod: Limit one foe put to sleep\n|\n|t:|1771007652\n|teamsize|p1|6\n|teamsize|p2|6\n|start\n|switch|p1a: Basculin|Basculin, L87, F|264/264\n|switch|p1b: Virizion|Virizion, L86|297/297\n|switch|p2a: Raging Bolt|Raging Bolt, L77|319/319\n|switch|p2b: Mightyena|Mightyena, L95, F|287/287\n|-ability|p2b: Mightyena|Intimidate|boost\n|-unboost|p1a: Basculin|atk|1\n|-unboost|p1b: Virizion|atk|1\n|turn|1\n|inactive|Battle timer is ON: inactive players will automatically lose when time's up. (requested by YaboiJaedster)\n|inactive|YaboiJaedster has 120 seconds left.\n|inactive|Gabri1014 has 120 seconds left.\n|\n|t:|1771007706\n|switch|p2b: Weezing|Weezing-Galar, L88, F|258/258\n|move|p2a: Raging Bolt|Protect|p2a: Raging Bolt\n|-singleturn|p2a: Raging Bolt|Protect\n|move|p1a: Basculin|Aqua Jet|p2b: Weezing\n|-damage|p2b: Weezing|208/258\n|move|p1b: Virizion|Close Combat|p2b: Weezing\n|-resisted|p2b: Weezing\n|-damage|p2b: Weezing|191/258\n|-unboost|p1b: Virizion|def|1\n|-unboost|p1b: Virizion|spd|1\n|\n|upkeep\n|turn|2\n|inactive|YaboiJaedster has 120 seconds left.\n|\n|t:|1771007742\n|switch|p1b: Greedent|Greedent, L86, M|347/347\n|switch|p1a: Rhydon|Rhydon, L86, M|321/321\n|move|p2a: Raging Bolt|Calm Mind|p2a: Raging Bolt\n|-boost|p2a: Raging Bolt|spa|1\n|-boost|p2a: Raging Bolt|spd|1\n|move|p2b: Weezing|Dazzling Gleam|p1b: Greedent|[spread] p1a,p1b\n|-damage|p1a: Rhydon|243/321\n|-damage|p1b: Greedent|257/347\n|-damage|p2b: Weezing|166/258|[from] item: Life Orb\n|\n|upkeep\n|turn|3\n|inactive|YaboiJaedster has 120 seconds left.\n|\n|t:|1771007769\n|move|p2a: Raging Bolt|Dragon Pulse|p1b: Greedent\n|-crit|p1b: Greedent\n|-damage|p1b: Greedent|17/347\n|-enditem|p1b: Greedent|Sitrus Berry|[eat]\n|-heal|p1b: Greedent|103/347|[from] item: Sitrus Berry\n|-heal|p1b: Greedent|218/347|[from] ability: Cheek Pouch\n|move|p2b: Weezing|Gunk Shot|p1b: Greedent\n|-damage|p1b: Greedent|53/347\n|-status|p1b: Greedent|psn\n|-damage|p2b: Weezing|141/258|[from] item: Life Orb\n|move|p1a: Rhydon|Stealth Rock|p2a: Raging Bolt\n|-sidestart|p2: Gabri1014|move: Stealth Rock\n|move|p1b: Greedent|Knock Off|p2b: Weezing\n|-resisted|p2b: Weezing\n|-damage|p2b: Weezing|114/258\n|-enditem|p2b: Weezing|Life Orb|[from] move: Knock Off|[of] p1b: Greedent\n|\n|-damage|p1b: Greedent|10/347 psn|[from] psn\n|upkeep\n|turn|4\n|inactive|YaboiJaedster has 120 seconds left.\n|\n|t:|1771007798\n|move|p2a: Raging Bolt|Dragon Pulse|p1a: Rhydon\n|-damage|p1a: Rhydon|89/321\n|move|p2b: Weezing|Dazzling Gleam|p1a: Rhydon|[spread] p1a,p1b\n|-damage|p1a: Rhydon|26/321\n|-damage|p1b: Greedent|0 fnt\n|faint|p1b: Greedent\n|move|p1a: Rhydon|High Horsepower|p2a: Raging Bolt\n|-supereffective|p2a: Raging Bolt\n|-damage|p2a: Raging Bolt|29/319\n|\n|-heal|p2a: Raging Bolt|48/319|[from] item: Leftovers\n|upkeep\n|\n|t:|1771007812\n|switch|p1b: Basculin|Basculin, L87, F|264/264\n|turn|5\n|inactive|YaboiJaedster has 120 seconds left.\n|\n|t:|1771007830\n|move|p1a: Rhydon|Protect|p1a: Rhydon\n|-singleturn|p1a: Rhydon|Protect\n|move|p1b: Basculin|Aqua Jet|p2a: Raging Bolt\n|-resisted|p2a: Raging Bolt\n|-damage|p2a: Raging Bolt|0 fnt\n|faint|p2a: Raging Bolt\n|-end|p2a: Raging Bolt|Protosynthesis|[silent]\n|move|p2b: Weezing|Dazzling Gleam|p1b: Basculin|[spread] p1b\n|-activate|p1a: Rhydon|move: Protect\n|-damage|p1b: Basculin|186/264\n|\n|upkeep\n|inactive|Gabri1014 has 120 seconds left.\n|\n|t:|1771007874\n|switch|p2a: Mightyena|Mightyena, L95, F|287/287\n|-damage|p2a: Mightyena|252/287|[from] Stealth Rock\n|-ability|p2a: Mightyena|Intimidate|boost\n|-unboost|p1a: Rhydon|atk|1\n|-unboost|p1b: Basculin|atk|1\n|turn|6\n|\n|t:|1771007889\n|switch|p1b: Virizion|Virizion, L86|297/297\n|move|p2a: Mightyena|Crunch|p1b: Virizion\n|-resisted|p1b: Virizion\n|-damage|p1b: Virizion|216/297\n|-ability|p1b: Virizion|Justified|boost\n|-boost|p1b: Virizion|atk|1\n|-damage|p2a: Mightyena|224/287|[from] item: Life Orb\n|move|p2b: Weezing|Dazzling Gleam|p1b: Virizion|[spread] p1a,p1b\n|-supereffective|p1b: Virizion\n|-damage|p1a: Rhydon|0 fnt\n|-damage|p1b: Virizion|130/297\n|-enditem|p1b: Virizion|Sitrus Berry|[eat]\n|-heal|p1b: Virizion|204/297|[from] item: Sitrus Berry\n|faint|p1a: Rhydon\n|\n|upkeep\n|\n|t:|1771007914\n|switch|p1a: Drifblim|Drifblim, L85, M|394/394\n|turn|7\n|inactive|YaboiJaedster has 120 seconds left.\n|\n|t:|1771007957\n|move|p1b: Virizion|Close Combat|p2a: Mightyena\n|-supereffective|p2a: Mightyena\n|-damage|p2a: Mightyena|0 fnt\n|-unboost|p1b: Virizion|def|1\n|-unboost|p1b: Virizion|spd|1\n|faint|p2a: Mightyena\n|move|p1a: Drifblim|Shadow Ball|p2b: Weezing\n|-crit|p2b: Weezing\n|-damage|p2b: Weezing|0 fnt\n|faint|p2b: Weezing\n|\n|upkeep\n|inactive|Gabri1014 has 120 seconds left.\n|\n|t:|1771007989\n|switch|p2a: Skuntank|Skuntank, L85, M|314/314\n|switch|p2b: Porygon-Z|Porygon-Z, L84|280/280\n|-damage|p2b: Porygon-Z|245/280|[from] Stealth Rock\n|-damage|p2a: Skuntank|275/314|[from] Stealth Rock\n|turn|8\n|inactive|YaboiJaedster has 120 seconds left.\n|\n|t:|1771008021\n|-terastallize|p1b: Virizion|Rock\n|-terastallize|p2b: Porygon-Z|Ghost\n|move|p1b: Virizion|Close Combat|p2b: Porygon-Z\n|-immune|p2b: Porygon-Z\n|move|p2b: Porygon-Z|Shadow Ball|p1a: Drifblim\n|-supereffective|p1a: Drifblim\n|-damage|p1a: Drifblim|0 fnt\n|faint|p1a: Drifblim\n|move|p2a: Skuntank|Gunk Shot|p1b: Virizion\n|-resisted|p1b: Virizion\n|-damage|p1b: Virizion|69/297\n|-status|p1b: Virizion|psn\n|-damage|p2a: Skuntank|244/314|[from] item: Life Orb\n|\n|-damage|p1b: Virizion|32/297 psn|[from] psn\n|upkeep\n|\n|t:|1771008032\n|switch|p1a: Basculin|Basculin, L87, F|186/264\n|turn|9\n|inactive|YaboiJaedster has 120 seconds left.\n|\n|t:|1771008055\n|switch|p2b: Walking Wake|Walking Wake, L78|283/283\n|-damage|p2b: Walking Wake|248/283|[from] Stealth Rock\n|move|p1b: Virizion|Leaf Storm|p2b: Walking Wake\n|-damage|p2b: Walking Wake|88/283\n|-unboost|p1b: Virizion|spa|2\n|move|p1a: Basculin|Wave Crash|p2a: Skuntank\n|-damage|p2a: Skuntank|0 fnt\n|-damage|p1a: Basculin|120/264|[from] ability: Aftermath|[of] p2a: Skuntank\n|faint|p2a: Skuntank\n|-damage|p1a: Basculin|39/264|[from] Recoil\n|\n|-damage|p1b: Virizion|0 fnt|[from] psn\n|faint|p1b: Virizion\n|upkeep\n|\n|t:|1771008072\n|switch|p1b: Cloyster|Cloyster, L87, F|229/229\n|switch|p2a: Porygon-Z|Porygon-Z, L84, tera:Ghost|245/280\n|-damage|p2a: Porygon-Z|210/280|[from] Stealth Rock\n|turn|10\n|inactive|YaboiJaedster has 120 seconds left.\n|\n|t:|1771008097\n|move|p1a: Basculin|Wave Crash|p2a: Porygon-Z\n|-damage|p2a: Porygon-Z|0 fnt\n|faint|p2a: Porygon-Z\n|-damage|p1a: Basculin|0 fnt|[from] Recoil\n|faint|p1a: Basculin\n|move|p2b: Walking Wake|Flamethrower|p1b: Cloyster\n|-damage|p1b: Cloyster|90/229\n|-damage|p2b: Walking Wake|60/283|[from] item: Life Orb\n|move|p1b: Cloyster|Shell Smash|p1b: Cloyster\n|-unboost|p1b: Cloyster|def|1\n|-unboost|p1b: Cloyster|spd|1\n|-boost|p1b: Cloyster|atk|2\n|-boost|p1b: Cloyster|spa|2\n|-boost|p1b: Cloyster|spe|2\n|-enditem|p1b: Cloyster|White Herb\n|-clearnegativeboost|p1b: Cloyster|[silent]\n|\n|upkeep\n|turn|11\n|inactive|YaboiJaedster has 120 seconds left.\n|\n|t:|1771008118\n|move|p1b: Cloyster|Icicle Spear|p2b: Walking Wake\n|-damage|p2b: Walking Wake|6/283\n|-damage|p2b: Walking Wake|0 fnt\n|faint|p2b: Walking Wake\n|-end|p2b: Walking Wake|Protosynthesis|[silent]\n|-hitcount|p2: Walking Wake|2\n|\n|win|YaboiJaedster\n|raw|YaboiJaedster's rating: 1557 &rarr; <strong>1576</strong><br />(+19 for winning)\n|raw|Gabri1014's rating: 1542 &rarr; <strong>1523</strong><br />(-19 for losing)\n|l|☆Gabri1014\n|player|p2|\n|c|☆YaboiJaedster|GG\n", "inputlog": ">version ccdc32dd7cde25fd9e4bed64820e885f66e78a4e\n>start {\"formatid\":\"gen9randomdoublesbattle\",\"seed\":\"sodium,7ed73c901b38812ea8043f97fb28ce7a\",\"rated\":\"Rated battle\"}\n>player p1 {\"name\":\"YaboiJaedster\",\"avatar\":\"hoopster\",\"rating\":1557,\"seed\":\"sodium,e40dce3802e5533ab61914489140688b\"}\n>player p2 {\"name\":\"Gabri1014\",\"avatar\":\"giovanni\",\"rating\":1542,\"seed\":\"sodium,58739651f54794063c18d3dacc0b4656\"}\n>p1 move aquajet +2, move closecombat +2\n>p2 move protect, switch 3\n>p1 switch 5, switch 4\n>p2 move calmmind, move dazzlinggleam\n>p1 move stealthrock, move knockoff +2\n>p2 move dragonpulse +2, move gunkshot +2\n>p1 move highhorsepower +1, move highhorsepower +2\n>p2 move dragonpulse +1, move dazzlinggleam\n>p1 pass, switch 5\n>p1 move protect, move aquajet +1\n>p2 move thunderclap +2, move dazzlinggleam\n>p2 switch 3, pass\n>p1 move rockslide, switch 4\n>p2 move crunch +2, move dazzlinggleam\n>p1 switch 6, pass\n>p1 move shadowball +2, move closecombat +1\n>p2 move crunch +1, move gunkshot +2\n>p2 switch 4, switch 6\n>p1 move tailwind, move closecombat +2 terastallize\n>p2 move gunkshot +2, move shadowball +1 terastallize\n>p1 switch 4, pass\n>p1 move wavecrash +1, move leafstorm +2\n>p2 move knockoff +1, switch 5\n>p1 pass, switch 3\n>p2 switch 5, pass\n>p1 move wavecrash +1, move shellsmash\n>p2 move shadowball +2, move flamethrower +1\n>p1 pass, move iciclespear +2\n>p2 pass, move dracometeor +2", "uploadtime": 1771008129, "views": 78, "formatid": "gen9randomdoublesbattle", "rating": 1523, "private": 0, "password": null}