{"id": "gen9randomdoublesbattle-2539510945", "format": "[Gen 9] Random Doubles Battle", "players": ["unaware clodsire", "pejelegante"], "log": "|j|☆unaware clodsire\n|j|☆pejelegante\n|t:|1771073426\n|gametype|doubles\n|player|p1|unaware clodsire|acetrainerf-gen7|1930\n|player|p2|pejelegante|hugh|1785\n|gen|9\n|tier|[Gen 9] Random Doubles Battle\n|rated|\n|rule|Species Clause: Limit one of each Pokémon\n|rule|HP Percentage Mod: HP is shown in percentages\n|rule|Illusion Level Mod: Illusion disguises the Pokémon's true level\n|rule|Sleep Clause Mod: Limit one foe put to sleep\n|\n|t:|1771073426\n|teamsize|p1|6\n|teamsize|p2|6\n|start\n|switch|p1a: Iron Leaves|Iron Leaves, L81|278/278\n|switch|p1b: Fezandipiti|Fezandipiti, L81, M|275/275\n|switch|p2a: Suicune|Suicune, L79|288/288\n|switch|p2b: Goodra|Goodra-Hisui, L81, M|262/262\n|turn|1\n|inactive|Battle timer is ON: inactive players will automatically lose when time's up. (requested by pejelegante)\n|inactive|unaware clodsire also wants the timer to be on.\n|\n|t:|1771073446\n|switch|p1b: Hariyama|Hariyama, L85, M|384/384\n|move|p1a: Iron Leaves|Close Combat|p2b: Goodra\n|-supereffective|p2b: Goodra\n|-damage|p2b: Goodra|0 fnt\n|-unboost|p1a: Iron Leaves|def|1\n|-unboost|p1a: Iron Leaves|spd|1\n|faint|p2b: Goodra\n|move|p2a: Suicune|Tailwind|p2a: Suicune\n|-sidestart|p2: pejelegante|move: Tailwind\n|\n|-status|p1b: Hariyama|brn|[from] item: Flame Orb\n|upkeep\n|\n|t:|1771073454\n|switch|p2b: Tropius|Tropius, L94, F|339/339\n|turn|2\n|inactive|unaware clodsire has 120 seconds left.\n|\n|t:|1771073495\n|-end|p1a: Iron Leaves|Quark Drive|[silent]\n|switch|p1a: Fezandipiti|Fezandipiti, L81, M|275/275\n|move|p2a: Suicune|Ice Beam|p1a: Fezandipiti\n|-damage|p1a: Fezandipiti|235/275\n|move|p2b: Tropius|Hurricane|p1b: Hariyama|[miss]\n|-miss|p2b: Tropius|p1b: Hariyama\n|move|p1b: Hariyama|Close Combat|p2a: Suicune\n|-damage|p2a: Suicune|98/288\n|-unboost|p1b: Hariyama|def|1\n|-unboost|p1b: Hariyama|spd|1\n|-enditem|p2a: Suicune|Sitrus Berry|[eat]\n|-heal|p2a: Suicune|170/288|[from] item: Sitrus Berry\n|\n|-damage|p1b: Hariyama|360/384 brn|[from] brn\n|upkeep\n|turn|3\n|inactive|unaware clodsire has 120 seconds left.\n|\n|t:|1771073518\n|switch|p1b: Farigiraf|Farigiraf, L84, F|339/339\n|move|p2a: Suicune|Scald|p1a: Fezandipiti\n|-damage|p1a: Fezandipiti|177/275\n|-status|p1a: Fezandipiti|brn\n|move|p2b: Tropius|Hurricane|p1b: Farigiraf\n|-damage|p1b: Farigiraf|201/339\n|move|p1a: Fezandipiti|Icy Wind|p2a: Suicune|[spread] p2a,p2b\n|-resisted|p2a: Suicune\n|-supereffective|p2b: Tropius\n|-damage|p2a: Suicune|160/288\n|-damage|p2b: Tropius|259/339\n|-unboost|p2a: Suicune|spe|1\n|-unboost|p2b: Tropius|spe|1\n|-status|p2a: Suicune|tox|[from] ability: Toxic Chain|[of] p1a: Fezandipiti\n|\n|-damage|p2a: Suicune|142/288 tox|[from] psn\n|-damage|p1a: Fezandipiti|160/275 brn|[from] brn\n|upkeep\n|turn|4\n|inactive|unaware clodsire has 120 seconds left.\n|\n|t:|1771073553\n|move|p2b: Tropius|Wide Guard|p2b: Tropius\n|-singleturn|p2b: Tropius|Wide Guard\n|move|p2a: Suicune|Snarl|p1a: Fezandipiti|[spread] p1a\n|-miss|p2a: Suicune|p1b: Farigiraf\n|-resisted|p1a: Fezandipiti\n|-damage|p1a: Fezandipiti|150/275 brn\n|-unboost|p1a: Fezandipiti|spa|1\n|move|p1a: Fezandipiti|Gunk Shot|p2b: Tropius|[miss]\n|-miss|p1a: Fezandipiti|p2b: Tropius\n|move|p1b: Farigiraf|Hyper Voice|p2b: Tropius|[spread] \n|-activate|p2a: Suicune|move: Wide Guard\n|-activate|p2b: Tropius|move: Wide Guard\n|\n|-damage|p2a: Suicune|106/288 tox|[from] psn\n|-damage|p1a: Fezandipiti|133/275 brn|[from] brn\n|-sideend|p2: pejelegante|move: Tailwind\n|upkeep\n|-enditem|p1a: Fezandipiti|Sitrus Berry|[eat]\n|-heal|p1a: Fezandipiti|201/275 brn|[from] item: Sitrus Berry\n|turn|5\n|inactive|unaware clodsire has 120 seconds left.\n|inactive|unaware clodsire has 90 seconds left.\n|\n|t:|1771073596\n|switch|p1a: Hariyama|Hariyama, L85, M|360/384 brn\n|move|p2a: Suicune|Snarl|p1a: Hariyama|[spread] p1a,p1b\n|-resisted|p1a: Hariyama\n|-crit|p1a: Hariyama\n|-supereffective|p1b: Farigiraf\n|-crit|p1b: Farigiraf\n|-damage|p1a: Hariyama|336/384 brn\n|-damage|p1b: Farigiraf|109/339\n|-unboost|p1a: Hariyama|spa|1\n|-unboost|p1b: Farigiraf|spa|1\n|-enditem|p1b: Farigiraf|Sitrus Berry|[eat]\n|-heal|p1b: Farigiraf|193/339|[from] item: Sitrus Berry\n|move|p2b: Tropius|Tailwind|p2b: Tropius\n|-sidestart|p2: pejelegante|move: Tailwind\n|move|p1b: Farigiraf|Trick Room|p1b: Farigiraf\n|-fieldstart|move: Trick Room|[of] p1b: Farigiraf\n|\n|-damage|p2a: Suicune|52/288 tox|[from] psn\n|-damage|p1a: Hariyama|312/384 brn|[from] brn\n|upkeep\n|turn|6\n|\n|t:|1771073613\n|move|p2b: Tropius|Wide Guard|p2b: Tropius\n|-singleturn|p2b: Tropius|Wide Guard\n|move|p1b: Farigiraf|Nasty Plot|p1b: Farigiraf\n|-boost|p1b: Farigiraf|spa|2\n|move|p1a: Hariyama|Facade|p2b: Tropius\n|-damage|p2b: Tropius|87/339\n|-enditem|p2b: Tropius|Sitrus Berry|[eat]\n|-heal|p2b: Tropius|171/339|[from] item: Sitrus Berry\n|move|p2a: Suicune|Scald|p1a: Hariyama\n|-damage|p1a: Hariyama|218/384 brn\n|\n|-damage|p2a: Suicune|0 fnt|[from] psn\n|faint|p2a: Suicune\n|-damage|p1a: Hariyama|194/384 brn|[from] brn\n|-item|p2b: Tropius|Sitrus Berry|[from] ability: Harvest\n|upkeep\n|\n|t:|1771073633\n|switch|p2a: Chesnaught|Chesnaught, L86, M|292/292\n|turn|7\n|\n|t:|1771073642\n|move|p2a: Chesnaught|Spiky Shield|p2a: Chesnaught\n|-singleturn|p2a: Chesnaught|move: Protect\n|move|p1b: Farigiraf|Psychic|p2a: Chesnaught\n|-activate|p2a: Chesnaught|move: Protect\n|move|p1a: Hariyama|Facade|p2b: Tropius\n|-damage|p2b: Tropius|15/339\n|-enditem|p2b: Tropius|Sitrus Berry|[eat]\n|-heal|p2b: Tropius|99/339|[from] item: Sitrus Berry\n|move|p2b: Tropius|Tailwind||[still]\n|-fail|p2b: Tropius\n|\n|-damage|p1a: Hariyama|170/384 brn|[from] brn\n|-item|p2b: Tropius|Sitrus Berry|[from] ability: Harvest\n|upkeep\n|-enditem|p2b: Tropius|Sitrus Berry|[eat]\n|-heal|p2b: Tropius|183/339|[from] item: Sitrus Berry\n|turn|8\n|\n|t:|1771073666\n|move|p2b: Tropius|Wide Guard|p2b: Tropius\n|-singleturn|p2b: Tropius|Wide Guard\n|move|p1b: Farigiraf|Psychic|p2a: Chesnaught\n|-supereffective|p2a: Chesnaught\n|-damage|p2a: Chesnaught|0 fnt\n|faint|p2a: Chesnaught\n|move|p1a: Hariyama|Facade|p2b: Tropius\n|-damage|p2b: Tropius|0 fnt\n|faint|p2b: Tropius\n|\n|-damage|p1a: Hariyama|146/384 brn|[from] brn\n|-sideend|p2: pejelegante|move: Tailwind\n|upkeep\n|\n|t:|1771073672\n|switch|p2b: Deoxys|Deoxys-Speed, L85|224/224\n|switch|p2a: Tyranitar|Tyranitar, L81, F|295/295\n|-weather|Sandstorm|[from] ability: Sand Stream|[of] p2a: Tyranitar\n|-ability|p2b: Deoxys|Pressure\n|turn|9\n|inactive|unaware clodsire has 120 seconds left.\n|\n|t:|1771073707\n|switch|p1a: Fezandipiti|Fezandipiti, L81, M|201/275 brn\n|-terastallize|p2a: Tyranitar|Ghost\n|move|p1b: Farigiraf|Hyper Voice|p2a: Tyranitar|[spread] p2b\n|-immune|p2a: Tyranitar\n|-damage|p2b: Deoxys|106/224\n|-enditem|p2b: Deoxys|Sitrus Berry|[eat]\n|-heal|p2b: Deoxys|162/224|[from] item: Sitrus Berry\n|move|p2a: Tyranitar|Rock Slide|p1a: Fezandipiti|[spread] p1a,p1b\n|-damage|p1a: Fezandipiti|119/275 brn\n|-damage|p1b: Farigiraf|106/339\n|move|p2b: Deoxys|Icy Wind|p1a: Fezandipiti|[spread] p1a,p1b\n|-damage|p1a: Fezandipiti|95/275 brn\n|-damage|p1b: Farigiraf|69/339\n|-unboost|p1a: Fezandipiti|spe|1\n|-unboost|p1b: Farigiraf|spe|1\n|\n|-weather|Sandstorm|[upkeep]\n|-damage|p1b: Farigiraf|48/339|[from] Sandstorm\n|-damage|p1a: Fezandipiti|78/275 brn|[from] Sandstorm\n|-damage|p2a: Tyranitar|277/295|[from] Sandstorm\n|-damage|p2b: Deoxys|148/224|[from] Sandstorm\n|-damage|p1a: Fezandipiti|61/275 brn|[from] brn\n|-fieldend|move: Trick Room\n|upkeep\n|turn|10\n|\n|t:|1771073722\n|move|p2b: Deoxys|Icy Wind|p1a: Fezandipiti|[spread] p1a,p1b\n|-damage|p1a: Fezandipiti|35/275 brn\n|-damage|p1b: Farigiraf|14/339\n|-unboost|p1a: Fezandipiti|spe|1\n|-unboost|p1b: Farigiraf|spe|1\n|move|p2a: Tyranitar|Rock Slide|p1b: Farigiraf|[spread] p1a,p1b\n|-damage|p1a: Fezandipiti|0 fnt\n|-damage|p1b: Farigiraf|0 fnt\n|faint|p1a: Fezandipiti\n|faint|p1b: Farigiraf\n|\n|-weather|Sandstorm|[upkeep]\n|-damage|p2b: Deoxys|134/224|[from] Sandstorm\n|-damage|p2a: Tyranitar|259/295|[from] Sandstorm\n|upkeep\n|inactive|unaware clodsire has 120 seconds left.\n|\n|t:|1771073744\n|switch|p1a: Hariyama|Hariyama, L85, M|146/384 brn\n|switch|p1b: Barraskewda|Barraskewda, L85, M|242/242\n|turn|11\n|\n|t:|1771073752\n|move|p1a: Hariyama|Fake Out|p2b: Deoxys\n|-damage|p2b: Deoxys|86/224\n|cant|p2b: Deoxys|flinch\n|move|p1b: Barraskewda|Waterfall|p2a: Tyranitar\n|-damage|p2a: Tyranitar|121/295\n|move|p2a: Tyranitar|Rock Slide|p1b: Barraskewda|[spread] p1a,p1b\n|-resisted|p1a: Hariyama\n|-damage|p1a: Hariyama|101/384 brn\n|-damage|p1b: Barraskewda|157/242\n|\n|-weather|Sandstorm|[upkeep]\n|-damage|p2b: Deoxys|72/224|[from] Sandstorm\n|-damage|p1b: Barraskewda|142/242|[from] Sandstorm\n|-damage|p2a: Tyranitar|103/295|[from] Sandstorm\n|-damage|p1a: Hariyama|77/384 brn|[from] Sandstorm\n|-damage|p1a: Hariyama|53/384 brn|[from] brn\n|upkeep\n|turn|12\n|\n|t:|1771073779\n|move|p1a: Hariyama|Bullet Punch|p2a: Tyranitar\n|-damage|p2a: Tyranitar|56/295\n|move|p2b: Deoxys|Psycho Boost|p1b: Barraskewda\n|-damage|p1b: Barraskewda|0 fnt\n|-unboost|p2b: Deoxys|spa|2\n|faint|p1b: Barraskewda\n|move|p2a: Tyranitar|Rock Slide|p1a: Hariyama\n|-resisted|p1a: Hariyama\n|-damage|p1a: Hariyama|0 fnt\n|faint|p1a: Hariyama\n|\n|-weather|Sandstorm|[upkeep]\n|-damage|p2b: Deoxys|58/224|[from] Sandstorm\n|-damage|p2a: Tyranitar|38/295|[from] Sandstorm\n|upkeep\n|\n|t:|1771073782\n|switch|p1b: Duraludon|Duraludon, L83, M|252/252\n|switch|p1a: Iron Leaves|Iron Leaves, L81|278/278\n|turn|13\n|\n|t:|1771073790\n|move|p2b: Deoxys|Icy Wind|p1b: Duraludon|[spread] p1a,p1b\n|-supereffective|p1a: Iron Leaves\n|-damage|p1a: Iron Leaves|254/278\n|-damage|p1b: Duraludon|237/252\n|-unboost|p1a: Iron Leaves|spe|1\n|-unboost|p1b: Duraludon|spe|1\n|move|p2a: Tyranitar|Knock Off|p1a: Iron Leaves\n|-supereffective|p1a: Iron Leaves\n|-damage|p1a: Iron Leaves|0 fnt\n|-enditem|p1a: Iron Leaves|Choice Band|[from] move: Knock Off|[of] p2a: Tyranitar\n|faint|p1a: Iron Leaves\n|-end|p1a: Iron Leaves|Quark Drive|[silent]\n|move|p1b: Duraludon|Flash Cannon|p2b: Deoxys\n|-damage|p2b: Deoxys|0 fnt\n|faint|p2b: Deoxys\n|\n|-weather|none\n|upkeep\n|turn|14\n|c|☆pejelegante|Gg\n|inactive|unaware clodsire has 120 seconds left.\n|\n|t:|1771073838\n|move|p2a: Tyranitar|High Horsepower|p1b: Duraludon\n|-supereffective|p1b: Duraludon\n|-damage|p1b: Duraludon|147/252\n|move|p1b: Duraludon|Flash Cannon|p2a: Tyranitar\n|-damage|p2a: Tyranitar|0 fnt\n|faint|p2a: Tyranitar\n|\n|win|unaware clodsire\n|raw|unaware clodsire's rating: 1930 &rarr; <strong>1942</strong><br />(+12 for winning)\n|raw|pejelegante's rating: 1785 &rarr; <strong>1773</strong><br />(-12 for losing)\n|l|☆unaware clodsire\n|player|p1|\n", "inputlog": ">version ccdc32dd7cde25fd9e4bed64820e885f66e78a4e\n>start {\"formatid\":\"gen9randomdoublesbattle\",\"seed\":\"sodium,1a96e333d9020934669d3c0e327caa24\",\"rated\":\"Rated battle\"}\n>player p1 {\"name\":\"unaware clodsire\",\"avatar\":\"acetrainerf-gen7\",\"rating\":1930,\"seed\":\"sodium,fe0af921bb0b87ff06a2ef36283ef86e\"}\n>player p2 {\"name\":\"pejelegante\",\"avatar\":\"hugh\",\"rating\":1785,\"seed\":\"sodium,6fd951c885a94517f3cf6478778ba328\"}\n>p1 move closecombat +2, switch 4\n>p2 move tailwind, move heavyslam +2\n>p2 pass, switch 4\n>p1 switch 4, move closecombat +1\n>p2 move icebeam +1, move hurricane +2\n>p1 move icywind, switch 3\n>p2 move scald +1, move hurricane +2\n>p1 move gunkshot +2, move hypervoice\n>p2 move snarl, move wideguard\n>p1 switch 3, move trickroom\n>p2 move snarl, move tailwind\n>p1 move facade +2, move nastyplot\n>p2 move scald +1, move wideguard\n>p2 switch 6, pass\n>p1 move facade +2, move psychic +1\n>p2 move spikyshield, move tailwind\n>p1 move facade +2, move psychic +1\n>p2 move bodypress +2, move wideguard\n>p2 switch 3, switch 5\n>p1 switch 3, move hypervoice\n>p2 move rockslide terastallize, move icywind\n>p1 move icywind, move psychic +1\n>p2 move rockslide, move icywind\n>p1 switch 3, switch 6\n>p1 move fakeout +2, move waterfall +1\n>p2 move rockslide, move psychoboost +2\n>p1 move bulletpunch +1, move waterfall +1\n>p2 move rockslide, move psychoboost +2\n>p1 switch 4, switch 5\n>p1 move psyblade +1, move flashcannon +2\n>p2 move knockoff +1, move icywind\n>chat ☆pejelegante|Gg\n>p1 pass, move flashcannon +1\n>p2 move highhorsepower +2, pass", "uploadtime": 1771073849, "views": 71, "formatid": "gen9randomdoublesbattle", "rating": 1773, "private": 0, "password": null}