{"id": "gen9randomdoublesbattle-2538380586", "format": "[Gen 9] Random Doubles Battle", "players": ["Jack2608", "Kernal1"], "log": "|j|☆Jack2608\n|j|☆Kernal1\n|t:|1770922291\n|gametype|doubles\n|player|p1|Jack2608|266|1526\n|player|p2|Kernal1|170|1494\n|gen|9\n|tier|[Gen 9] Random Doubles Battle\n|rated|\n|rule|Species Clause: Limit one of each Pokémon\n|rule|HP Percentage Mod: HP is shown in percentages\n|rule|Illusion Level Mod: Illusion disguises the Pokémon's true level\n|rule|Sleep Clause Mod: Limit one foe put to sleep\n|\n|t:|1770922291\n|teamsize|p1|6\n|teamsize|p2|6\n|start\n|switch|p1a: Electrode|Electrode-Hisui, L88|249/249\n|switch|p1b: Murkrow|Murkrow, L90, F|254/254\n|switch|p2a: Stonjourner|Stonjourner, L88, F|319/319\n|switch|p2b: Metagross|Metagross, L80|259/259\n|turn|1\n|inactive|Battle timer is ON: inactive players will automatically lose when time's up. (requested by Jack2608)\n|inactive|Jack2608 has 120 seconds left.\n|inactive|Kernal1 has 120 seconds left.\n|\n|t:|1770922334\n|move|p1b: Murkrow|Taunt|p2b: Metagross\n|-start|p2b: Metagross|move: Taunt\n|move|p1a: Electrode|Thunderbolt|p2b: Metagross\n|-damage|p2b: Metagross|201/259\n|move|p2a: Stonjourner|Rock Polish|p2a: Stonjourner\n|-boost|p2a: Stonjourner|spe|2\n|move|p2b: Metagross|Heavy Slam|p1b: Murkrow\n|-damage|p1b: Murkrow|46/254\n|\n|upkeep\n|turn|2\n|\n|t:|1770922357\n|switch|p2b: Hippowdon|Hippowdon, L86, F|326/326\n|-weather|Sandstorm|[from] ability: Sand Stream|[of] p2b: Hippowdon\n|move|p1b: Murkrow|Tailwind|p1b: Murkrow\n|-sidestart|p1: Jack2608|move: Tailwind\n|move|p1a: Electrode|Energy Ball|p2a: Stonjourner\n|-supereffective|p2a: Stonjourner\n|-damage|p2a: Stonjourner|19/319\n|move|p2a: Stonjourner|Heat Crash|p1a: Electrode\n|-supereffective|p1a: Electrode\n|-damage|p1a: Electrode|0 fnt\n|-status|p2a: Stonjourner|par|[from] ability: Static|[of] p1a: Electrode\n|faint|p1a: Electrode\n|-damage|p2a: Stonjourner|0 fnt|[from] item: Life Orb\n|faint|p2a: Stonjourner\n|\n|-weather|Sandstorm|[upkeep]\n|-damage|p1b: Murkrow|31/254|[from] Sandstorm\n|upkeep\n|\n|t:|1770922371\n|switch|p1a: Manaphy|Manaphy, L78|284/284\n|switch|p2a: Metagross|Metagross, L80|201/259\n|turn|3\n|\n|t:|1770922391\n|move|p1b: Murkrow|Brave Bird|p2b: Hippowdon\n|-damage|p2b: Hippowdon|218/326\n|-damage|p1b: Murkrow|0 fnt|[from] Recoil\n|faint|p1b: Murkrow\n|move|p1a: Manaphy|Tail Glow|p1a: Manaphy\n|-boost|p1a: Manaphy|spa|3\n|move|p2a: Metagross|Heavy Slam|p1a: Manaphy\n|-resisted|p1a: Manaphy\n|-damage|p1a: Manaphy|211/284\n|move|p2b: Hippowdon|Whirlwind|p1a: Manaphy\n|drag|p1a: Torkoal|Torkoal, L86, M|261/261\n|-weather|SunnyDay|[from] ability: Drought|[of] p1a: Torkoal\n|\n|-weather|SunnyDay|[upkeep]\n|-heal|p2b: Hippowdon|238/326|[from] item: Leftovers\n|upkeep\n|\n|t:|1770922407\n|switch|p1b: Cyclizar|Cyclizar, L87, M|264/264\n|turn|4\n|\n|t:|1770922420\n|move|p1b: Cyclizar|Shed Tail|p1b: Cyclizar\n|-start|p1b: Cyclizar|Substitute|[from] move: Shed Tail\n|-damage|p1b: Cyclizar|132/264\n|-enditem|p1b: Cyclizar|Sitrus Berry|[eat]\n|-heal|p1b: Cyclizar|198/264|[from] item: Sitrus Berry\n|\n|t:|1770922429\n|switch|p1b: Manaphy|Manaphy, L78|211/284|[from] Shed Tail\n|move|p1a: Torkoal|Solar Beam||[still]\n|-prepare|p1a: Torkoal|Solar Beam\n|-anim|p1a: Torkoal|Solar Beam|p2b: Hippowdon\n|-supereffective|p2b: Hippowdon\n|-damage|p2b: Hippowdon|44/326\n|move|p2a: Metagross|Stomping Tantrum|p1a: Torkoal\n|-supereffective|p1a: Torkoal\n|-damage|p1a: Torkoal|167/261\n|move|p2b: Hippowdon|High Horsepower|p1a: Torkoal\n|-supereffective|p1a: Torkoal\n|-damage|p1a: Torkoal|17/261\n|-enditem|p1a: Torkoal|Sitrus Berry|[eat]\n|-heal|p1a: Torkoal|82/261|[from] item: Sitrus Berry\n|\n|-weather|SunnyDay|[upkeep]\n|-heal|p1b: Manaphy|228/284|[from] item: Leftovers\n|-heal|p2b: Hippowdon|64/326|[from] item: Leftovers\n|upkeep\n|turn|5\n|\n|t:|1770922444\n|move|p1b: Manaphy|Tail Glow|p1b: Manaphy\n|-boost|p1b: Manaphy|spa|3\n|move|p1a: Torkoal|Heat Wave|p2b: Hippowdon|[spread] p2a,p2b\n|-supereffective|p2a: Metagross\n|-damage|p2a: Metagross|57/259\n|-damage|p2b: Hippowdon|0 fnt\n|faint|p2b: Hippowdon\n|move|p2a: Metagross|Stomping Tantrum|p1a: Torkoal\n|-supereffective|p1a: Torkoal\n|-damage|p1a: Torkoal|0 fnt\n|faint|p1a: Torkoal\n|\n|-weather|SunnyDay|[upkeep]\n|-heal|p1b: Manaphy|245/284|[from] item: Leftovers\n|-sideend|p1: Jack2608|move: Tailwind\n|upkeep\n|\n|t:|1770922463\n|switch|p2b: Talonflame|Talonflame, L82, M|262/262\n|switch|p1a: Cyclizar|Cyclizar, L87, M|264/264\n|turn|6\n|\n|t:|1770922478\n|move|p1b: Manaphy|Protect|p1b: Manaphy\n|-singleturn|p1b: Manaphy|Protect\n|move|p2b: Talonflame|Tailwind|p2b: Talonflame\n|-sidestart|p2: Kernal1|move: Tailwind\n|move|p2a: Metagross|Psychic Fangs|p1b: Manaphy\n|-activate|p1b: Manaphy|move: Protect\n|move|p1a: Cyclizar|Shed Tail|p1a: Cyclizar\n|-start|p1a: Cyclizar|Substitute|[from] move: Shed Tail\n|-damage|p1a: Cyclizar|132/264\n|\n|t:|1770922486\n|switch|p1a: Darkrai|Darkrai, L80|243/243|[from] Shed Tail\n|\n|-weather|SunnyDay|[upkeep]\n|-heal|p1b: Manaphy|262/284|[from] item: Leftovers\n|upkeep\n|turn|7\n|\n|t:|1770922495\n|move|p2b: Talonflame|U-turn|p1a: Darkrai\n|-supereffective|p1a: Darkrai\n|-end|p1a: Darkrai|Substitute\n|\n|t:|1770922499\n|switch|p2b: Zapdos|Zapdos-Galar, L77|265/265|[from] U-turn\n|move|p2a: Metagross|Psychic Fangs|p1b: Manaphy\n|-end|p1b: Manaphy|Substitute\n|move|p1a: Darkrai|Dark Pulse|p2a: Metagross\n|-supereffective|p2a: Metagross\n|-damage|p2a: Metagross|0 fnt\n|faint|p2a: Metagross\n|-damage|p1a: Darkrai|219/243|[from] item: Life Orb\n|move|p1b: Manaphy|Scald|p2b: Zapdos\n|-damage|p2b: Zapdos|162/265\n|-status|p2b: Zapdos|brn\n|\n|-weather|none\n|-heal|p1b: Manaphy|279/284|[from] item: Leftovers\n|-damage|p2b: Zapdos|146/265 brn|[from] brn\n|upkeep\n|\n|t:|1770922503\n|switch|p2a: Iron Bundle|Iron Bundle, L78|215/215\n|-enditem|p2a: Iron Bundle|Booster Energy\n|-activate|p2a: Iron Bundle|ability: Quark Drive|[fromitem]\n|-start|p2a: Iron Bundle|quarkdrivespe\n|turn|8\n|\n|t:|1770922532\n|move|p1a: Darkrai|Protect|p1a: Darkrai\n|-singleturn|p1a: Darkrai|Protect\n|move|p1b: Manaphy|Protect|p1b: Manaphy\n|-singleturn|p1b: Manaphy|Protect\n|move|p2a: Iron Bundle|Freeze-Dry|p1b: Manaphy\n|-activate|p1b: Manaphy|move: Protect\n|move|p2b: Zapdos|Thunderous Kick|p1a: Darkrai\n|-activate|p1a: Darkrai|move: Protect\n|\n|-heal|p1b: Manaphy|284/284|[from] item: Leftovers\n|-damage|p2b: Zapdos|130/265 brn|[from] brn\n|upkeep\n|turn|9\n|inactive|Jack2608 has 120 seconds left.\n|\n|t:|1770922575\n|-terastallize|p1b: Manaphy|Steel\n|move|p2a: Iron Bundle|Freeze-Dry|p1b: Manaphy\n|-resisted|p1b: Manaphy\n|-damage|p1b: Manaphy|248/284\n|move|p2b: Zapdos|Thunderous Kick|p1b: Manaphy\n|-supereffective|p1b: Manaphy\n|-damage|p1b: Manaphy|118/284\n|-unboost|p1b: Manaphy|def|1\n|-damage|p2b: Zapdos|104/265 brn|[from] item: Life Orb\n|move|p1a: Darkrai|Substitute|p1a: Darkrai\n|-start|p1a: Darkrai|Substitute\n|-damage|p1a: Darkrai|159/243\n|move|p1b: Manaphy|Scald|p2b: Zapdos\n|-damage|p2b: Zapdos|0 fnt\n|faint|p2b: Zapdos\n|\n|-heal|p1b: Manaphy|135/284|[from] item: Leftovers\n|-sideend|p2: Kernal1|move: Tailwind\n|upkeep\n|\n|t:|1770922580\n|switch|p2b: Talonflame|Talonflame, L82, M|262/262\n|turn|10\n|\n|t:|1770922599\n|move|p1b: Manaphy|Protect|p1b: Manaphy\n|-singleturn|p1b: Manaphy|Protect\n|move|p2a: Iron Bundle|Encore|p1a: Darkrai\n|-start|p1a: Darkrai|Encore\n|move|p2b: Talonflame|Overheat|p1b: Manaphy\n|-activate|p1b: Manaphy|move: Protect\n|move|p1a: Darkrai|Substitute|p1a: Darkrai\n|-fail|p1a: Darkrai|move: Substitute\n|\n|-heal|p1b: Manaphy|152/284|[from] item: Leftovers\n|upkeep\n|turn|11\n|\n|t:|1770922615\n|move|p2b: Talonflame|Tailwind|p2b: Talonflame\n|-sidestart|p2: Kernal1|move: Tailwind\n|move|p2a: Iron Bundle|Encore|p1b: Manaphy\n|-start|p1b: Manaphy|Encore\n|move|p1a: Darkrai|Substitute|p1a: Darkrai\n|-fail|p1a: Darkrai|move: Substitute\n|move|p1b: Manaphy|Protect||[still]\n|-fail|p1b: Manaphy\n|\n|-heal|p1b: Manaphy|169/284|[from] item: Leftovers\n|upkeep\n|turn|12\n|\n|t:|1770922627\n|move|p1b: Manaphy|Protect|p1b: Manaphy\n|-singleturn|p1b: Manaphy|Protect\n|move|p2a: Iron Bundle|Freeze-Dry|p1a: Darkrai\n|-end|p1a: Darkrai|Substitute\n|move|p2b: Talonflame|Overheat|p1b: Manaphy\n|-activate|p1b: Manaphy|move: Protect\n|move|p1a: Darkrai|Substitute|p1a: Darkrai\n|-start|p1a: Darkrai|Substitute\n|-damage|p1a: Darkrai|99/243\n|\n|-heal|p1b: Manaphy|186/284|[from] item: Leftovers\n|-end|p1a: Darkrai|Encore\n|upkeep\n|turn|13\n|\n|t:|1770922650\n|switch|p1b: Cyclizar|Cyclizar, L87, M|220/264\n|move|p1a: Darkrai|Protect|p1a: Darkrai\n|-singleturn|p1a: Darkrai|Protect\n|move|p2a: Iron Bundle|Encore|p1a: Darkrai\n|-activate|p1a: Darkrai|move: Protect\n|move|p2b: Talonflame|Overheat|p1b: Cyclizar\n|-resisted|p1b: Cyclizar\n|-damage|p1b: Cyclizar|161/264\n|-unboost|p2b: Talonflame|spa|2\n|\n|upkeep\n|turn|14\n|\n|t:|1770922678\n|-terastallize|p2b: Talonflame|Flying\n|move|p2b: Talonflame|Brave Bird|p1b: Cyclizar\n|-damage|p1b: Cyclizar|0 fnt\n|faint|p1b: Cyclizar\n|-damage|p2b: Talonflame|209/262|[from] Recoil\n|move|p2a: Iron Bundle|Encore|p1a: Darkrai\n|-start|p1a: Darkrai|Encore\n|move|p1a: Darkrai|Protect||[still]\n|-fail|p1a: Darkrai\n|\n|-sideend|p2: Kernal1|move: Tailwind\n|upkeep\n|\n|t:|1770922683\n|switch|p1b: Manaphy|Manaphy, L78, tera:Steel|186/284\n|turn|15\n|\n|t:|1770922694\n|move|p1a: Darkrai|Protect|p1a: Darkrai\n|-singleturn|p1a: Darkrai|Protect\n|move|p2a: Iron Bundle|Hydro Pump|p1b: Manaphy|[miss]\n|-miss|p2a: Iron Bundle|p1b: Manaphy\n|move|p2b: Talonflame|Overheat|p1b: Manaphy\n|-supereffective|p1b: Manaphy\n|-damage|p1b: Manaphy|88/284\n|-unboost|p2b: Talonflame|spa|2\n|move|p1b: Manaphy|Ice Beam|p2b: Talonflame\n|-supereffective|p2b: Talonflame\n|-damage|p2b: Talonflame|59/262\n|-enditem|p2b: Talonflame|Sitrus Berry|[eat]\n|-heal|p2b: Talonflame|124/262|[from] item: Sitrus Berry\n|\n|-heal|p1b: Manaphy|105/284|[from] item: Leftovers\n|upkeep\n|turn|16\n|\n|t:|1770922710\n|move|p1a: Darkrai|Protect||[still]\n|-fail|p1a: Darkrai\n|move|p2a: Iron Bundle|Freeze-Dry|p1b: Manaphy\n|-resisted|p1b: Manaphy\n|-crit|p1b: Manaphy\n|-damage|p1b: Manaphy|42/284\n|move|p2b: Talonflame|Brave Bird|p1b: Manaphy\n|-resisted|p1b: Manaphy\n|-damage|p1b: Manaphy|0 fnt\n|faint|p1b: Manaphy\n|-damage|p2b: Talonflame|110/262|[from] Recoil\n|\n|-end|p1a: Darkrai|Encore\n|upkeep\n|turn|17\n|\n|t:|1770922718\n|move|p2a: Iron Bundle|Encore|p1a: Darkrai\n|-start|p1a: Darkrai|Encore\n|move|p2b: Talonflame|Brave Bird|p1a: Darkrai\n|-end|p1a: Darkrai|Substitute\n|-damage|p2b: Talonflame|90/262|[from] Recoil|[of] p1a: Darkrai\n|move|p1a: Darkrai|Protect||[still]\n|-fail|p1a: Darkrai\n|\n|upkeep\n|turn|18\n|\n|t:|1770922724\n|move|p1a: Darkrai|Protect|p1a: Darkrai\n|-singleturn|p1a: Darkrai|Protect\n|move|p2a: Iron Bundle|Freeze-Dry|p1a: Darkrai\n|-activate|p1a: Darkrai|move: Protect\n|move|p2b: Talonflame|Brave Bird|p1a: Darkrai\n|-activate|p1a: Darkrai|move: Protect\n|\n|upkeep\n|turn|19\n|-message|Jack2608 forfeited.\n|\n|win|Kernal1\n|raw|Jack2608's rating: 1526 &rarr; <strong>1504</strong><br />(-22 for losing)\n|raw|Kernal1's rating: 1494 &rarr; <strong>1516</strong><br />(+22 for winning)\n|l|☆Jack2608\n|player|p1|\n", "inputlog": ">version ccdc32dd7cde25fd9e4bed64820e885f66e78a4e\n>start {\"formatid\":\"gen9randomdoublesbattle\",\"seed\":\"sodium,2ee439008d213370ee2f491fd26cc2ec\",\"rated\":\"Rated battle\"}\n>player p1 {\"name\":\"Jack2608\",\"avatar\":\"266\",\"rating\":1526,\"seed\":\"sodium,05a406626ae1baade978afb0653aa5c5\"}\n>player p2 {\"name\":\"Kernal1\",\"avatar\":\"170\",\"rating\":1494,\"seed\":\"sodium,4c997ec3f5862cf1f344e213bcc29f2c\"}\n>p1 move thunderbolt +2, move taunt +2\n>p2 move rockpolish, move heavyslam +2\n>p1 move energyball +1, move tailwind\n>p2 move heatcrash +1, switch 3\n>p1 switch 5, pass\n>p2 switch 3, pass\n>p1 move tailglow, move bravebird +2\n>p2 move heavyslam +2, move whirlwind +1\n>p1 pass, switch 3\n>p1 move solarbeam +2, move shedtail\n>p2 move stompingtantrum +1, move highhorsepower +1\n>p1 pass, switch 4\n>p1 move heatwave, move tailglow\n>p2 move stompingtantrum +1, move highhorsepower +2\n>p1 switch 4, pass\n>p2 pass, switch 5\n>p1 move shedtail, move protect\n>p2 move psychicfangs +2, move tailwind\n>p1 switch 6, pass\n>p1 move darkpulse +1, move scald +2\n>p2 move psychicfangs +2, move uturn +1\n>p2 pass, switch 6\n>p2 switch 4, pass\n>p1 move protect, move protect\n>p2 move freezedry +2, move thunderouskick +1\n>p1 move substitute, move scald +2 terastallize\n>p2 move freezedry +2, move thunderouskick +2\n>p2 pass, switch 6\n>p1 move darkpulse +1, move protect\n>p2 move encore +1, move overheat +2\n>p1 move substitute, move scald +2\n>p2 move encore +2, move tailwind\n>p1 move substitute, move protect\n>p2 move freezedry +1, move overheat +2\n>p1 move protect, switch 6\n>p2 move encore +1, move overheat +2\n>p1 move darkpulse +1, move doubleedge +1\n>p2 move encore +1, move bravebird +2 terastallize\n>p1 pass, switch 6\n>p1 move protect, move icebeam +2\n>p2 move hydropump +2, move overheat +2\n>p1 move protect, move icebeam +2\n>p2 move freezedry +2, move bravebird +2\n>p1 move darkpulse +2, pass\n>p2 move encore +1, move bravebird +1\n>p1 move protect, pass\n>p2 move freezedry +1, move bravebird +1\n>forcelose p1", "uploadtime": 1770922730, "views": 81, "formatid": "gen9randomdoublesbattle", "rating": 1504, "private": 0, "password": null}