{"id": "gen9randomdoublesbattle-2540065277", "format": "[Gen 9] Random Doubles Battle", "players": ["acerorosso", "harkitisuponye"], "log": "|j|☆acerorosso\n|j|☆harkitisuponye\n|t:|1771155523\n|gametype|doubles\n|player|p1|acerorosso|bugcatcher-gen4dp|1489\n|player|p2|harkitisuponye|101|1622\n|gen|9\n|tier|[Gen 9] Random Doubles Battle\n|rated|\n|rule|Species Clause: Limit one of each Pokémon\n|rule|HP Percentage Mod: HP is shown in percentages\n|rule|Illusion Level Mod: Illusion disguises the Pokémon's true level\n|rule|Sleep Clause Mod: Limit one foe put to sleep\n|\n|t:|1771155523\n|teamsize|p1|6\n|teamsize|p2|6\n|start\n|switch|p1a: Golurk|Golurk, L86|293/293\n|switch|p1b: Comfey|Comfey, L88, F|233/233\n|switch|p2a: Orthworm|Orthworm, L88, F|266/266\n|switch|p2b: Armarouge|Armarouge, L80, F|267/267\n|turn|1\n|inactive|Battle timer is ON: inactive players will automatically lose when time's up. (requested by acerorosso)\n|j| Win variation\n|\n|t:|1771155551\n|move|p1b: Comfey|Tailwind|p1b: Comfey\n|-sidestart|p1: acerorosso|move: Tailwind\n|move|p1a: Golurk|Poltergeist|p2b: Armarouge\n|-activate|p2b: Armarouge|move: Poltergeist|Choice Specs\n|-supereffective|p2b: Armarouge\n|-damage|p2b: Armarouge|0 fnt\n|faint|p2b: Armarouge\n|-damage|p1a: Golurk|264/293|[from] item: Life Orb\n|move|p2a: Orthworm|Iron Defense|p2a: Orthworm\n|-boost|p2a: Orthworm|def|2\n|\n|upkeep\n|\n|t:|1771155565\n|switch|p2b: Trevenant|Trevenant, L88, M|293/293\n|turn|2\n|\n|t:|1771155589\n|switch|p1b: Salamence|Salamence, L80, F|283/283\n|-ability|p1b: Salamence|Intimidate|boost\n|-unboost|p2a: Orthworm|atk|1\n|-unboost|p2b: Trevenant|atk|1\n|move|p1a: Golurk|Poltergeist|p2b: Trevenant\n|-activate|p2b: Trevenant|move: Poltergeist|Sitrus Berry\n|-supereffective|p2b: Trevenant\n|-damage|p2b: Trevenant|0 fnt\n|faint|p2b: Trevenant\n|-damage|p1a: Golurk|235/293|[from] item: Life Orb\n|move|p2a: Orthworm|Heavy Slam|p1b: Salamence\n|-damage|p1b: Salamence|222/283\n|\n|upkeep\n|inactive|harkitisuponye has 120 seconds left.\n|\n|t:|1771155614\n|switch|p2b: Falinks|Falinks, L87|255/255\n|turn|3\n|\n|t:|1771155625\n|move|p2b: Falinks|Protect|p2b: Falinks\n|-singleturn|p2b: Falinks|Protect\n|move|p1b: Salamence|Dual Wingbeat|p2b: Falinks\n|-activate|p2b: Falinks|move: Protect\n|move|p1a: Golurk|Dynamic Punch|p2a: Orthworm\n|-supereffective|p2a: Orthworm\n|-damage|p2a: Orthworm|183/266\n|-start|p2a: Orthworm|confusion\n|-damage|p1a: Golurk|206/293|[from] item: Life Orb\n|-activate|p2a: Orthworm|confusion\n|-damage|p2a: Orthworm|176/266|[from] confusion\n|\n|-heal|p2a: Orthworm|192/266|[from] item: Leftovers\n|upkeep\n|turn|4\n|\n|t:|1771155652\n|-terastallize|p2b: Falinks|Dark\n|move|p1b: Salamence|Dual Wingbeat|p2b: Falinks\n|-damage|p2b: Falinks|197/255\n|-damage|p2b: Falinks|139/255\n|-hitcount|p2b: Falinks|2\n|-damage|p1b: Salamence|194/283|[from] item: Life Orb\n|move|p1a: Golurk|Dynamic Punch|p2a: Orthworm\n|-supereffective|p2a: Orthworm\n|-damage|p2a: Orthworm|109/266\n|-damage|p1a: Golurk|177/293|[from] item: Life Orb\n|move|p2b: Falinks|No Retreat|p2b: Falinks\n|-boost|p2b: Falinks|atk|1\n|-boost|p2b: Falinks|def|1\n|-boost|p2b: Falinks|spa|1\n|-boost|p2b: Falinks|spd|1\n|-boost|p2b: Falinks|spe|1\n|-start|p2b: Falinks|move: No Retreat\n|-activate|p2a: Orthworm|confusion\n|-damage|p2a: Orthworm|102/266|[from] confusion\n|\n|-heal|p2a: Orthworm|118/266|[from] item: Leftovers\n|-sideend|p1: acerorosso|move: Tailwind\n|upkeep\n|turn|5\n|\n|t:|1771155676\n|-terastallize|p1a: Golurk|Fighting\n|move|p2b: Falinks|Knock Off|p1a: Golurk\n|-resisted|p1a: Golurk\n|-damage|p1a: Golurk|67/293\n|-enditem|p1a: Golurk|Life Orb|[from] move: Knock Off|[of] p2b: Falinks\n|-damage|p2b: Falinks|114/255|[from] item: Life Orb\n|move|p1b: Salamence|Tailwind|p1b: Salamence\n|-sidestart|p1: acerorosso|move: Tailwind\n|move|p1a: Golurk|Dynamic Punch|p2b: Falinks\n|-supereffective|p2b: Falinks\n|-damage|p2b: Falinks|0 fnt\n|faint|p2b: Falinks\n|-activate|p2a: Orthworm|confusion\n|move|p2a: Orthworm|Iron Defense|p2a: Orthworm\n|-boost|p2a: Orthworm|def|2\n|\n|-heal|p2a: Orthworm|134/266|[from] item: Leftovers\n|upkeep\n|inactive|harkitisuponye has 120 seconds left.\n|\n|t:|1771155691\n|switch|p2b: Ceruledge|Ceruledge, L80, M|251/251\n|turn|6\n|\n|t:|1771155704\n|move|p2b: Ceruledge|Shadow Sneak|p1a: Golurk\n|-damage|p1a: Golurk|7/293\n|-damage|p2b: Ceruledge|226/251|[from] item: Life Orb\n|move|p1b: Salamence|Dual Wingbeat|p2b: Ceruledge\n|-damage|p2b: Ceruledge|155/251\n|-ability|p2b: Ceruledge|Weak Armor|boost\n|-unboost|p2b: Ceruledge|def|1\n|-boost|p2b: Ceruledge|spe|2\n|-damage|p2b: Ceruledge|46/251\n|-ability|p2b: Ceruledge|Weak Armor|boost\n|-unboost|p2b: Ceruledge|def|1\n|-boost|p2b: Ceruledge|spe|2\n|-hitcount|p2b: Ceruledge|2\n|-damage|p1b: Salamence|166/283|[from] item: Life Orb\n|move|p1a: Golurk|Poltergeist|p2b: Ceruledge\n|-activate|p2b: Ceruledge|move: Poltergeist|Life Orb\n|-supereffective|p2b: Ceruledge\n|-damage|p2b: Ceruledge|0 fnt\n|faint|p2b: Ceruledge\n|-end|p2a: Orthworm|confusion\n|move|p2a: Orthworm|Iron Defense|p2a: Orthworm\n|-boost|p2a: Orthworm|def|2\n|\n|-heal|p2a: Orthworm|150/266|[from] item: Leftovers\n|upkeep\n|\n|t:|1771155708\n|switch|p2b: Great Tusk|Great Tusk, L81|319/319\n|turn|7\n|l| Win variation\n|\n|t:|1771155732\n|move|p2b: Great Tusk|Protect|p2b: Great Tusk\n|-singleturn|p2b: Great Tusk|Protect\n|move|p1b: Salamence|Draco Meteor|p2b: Great Tusk\n|-activate|p2b: Great Tusk|move: Protect\n|move|p1a: Golurk|Dynamic Punch|p2a: Orthworm\n|-supereffective|p2a: Orthworm\n|-crit|p2a: Orthworm\n|-damage|p2a: Orthworm|0 fnt\n|faint|p2a: Orthworm\n|\n|upkeep\n|turn|8\n|-message|harkitisuponye forfeited.\n|\n|win|acerorosso\n|raw|acerorosso's rating: 1489 &rarr; <strong>1516</strong><br />(+27 for winning)\n|raw|harkitisuponye's rating: 1622 &rarr; <strong>1595</strong><br />(-27 for losing)\n|l|☆harkitisuponye\n|player|p2|\n", "inputlog": ">version 686819e5e19f8a7fd2345cfc5a08a5085efa2cc3\n>start {\"formatid\":\"gen9randomdoublesbattle\",\"seed\":\"sodium,d034375673d3287fa7b9b5edbe199747\",\"rated\":\"Rated battle\"}\n>player p1 {\"name\":\"acerorosso\",\"avatar\":\"bugcatcher-gen4dp\",\"rating\":1489,\"seed\":\"sodium,a32bede25d18e75282779083724d3b3d\"}\n>player p2 {\"name\":\"harkitisuponye\",\"avatar\":\"101\",\"rating\":1622,\"seed\":\"sodium,77c16581e92bc5084652c198ae0a2034\"}\n>p1 move poltergeist +2, move tailwind\n>p2 move irondefense, move psychic +1\n>p2 pass, switch 3\n>p1 move poltergeist +2, switch 3\n>p2 move heavyslam +2, move trickroom\n>p2 pass, switch 6\n>p1 move dynamicpunch +1, move dualwingbeat +2\n>p2 move irondefense, move protect\n>p1 move dynamicpunch +1, move dualwingbeat +2\n>p2 move irondefense, move noretreat terastallize\n>p1 move dynamicpunch +2 terastallize, move tailwind\n>p2 move irondefense, move knockoff +1\n>p2 pass, switch 5\n>p1 move poltergeist +2, move dualwingbeat +2\n>p2 move irondefense, move shadowsneak +1\n>p2 pass, switch 4\n>p1 move dynamicpunch +1, move dracometeor +2\n>p2 move bodypress +2, move protect\n>forcelose p2", "uploadtime": 1771155756, "views": 81, "formatid": "gen9randomdoublesbattle", "rating": 1516, "private": 0, "password": null}