{"id": "gen9randomdoublesbattle-2538971558", "format": "[Gen 9] Random Doubles Battle", "players": ["yannick69", "jawbreaka"], "log": "|j|☆yannick69\n|j|☆jawbreaka\n|t:|1770998754\n|gametype|doubles\n|player|p1|yannick69|hiker-gen4|1741\n|player|p2|jawbreaka|shadowtriad|1771\n|gen|9\n|tier|[Gen 9] Random Doubles Battle\n|rated|\n|rule|Species Clause: Limit one of each Pokémon\n|rule|HP Percentage Mod: HP is shown in percentages\n|rule|Illusion Level Mod: Illusion disguises the Pokémon's true level\n|rule|Sleep Clause Mod: Limit one foe put to sleep\n|\n|t:|1770998754\n|teamsize|p1|6\n|teamsize|p2|6\n|start\n|switch|p1a: Duraludon|Duraludon, L83, M|252/252\n|switch|p1b: Kommo-o|Kommo-o, L79, F|248/248\n|switch|p2a: Maushold|Maushold, L79|247/247\n|switch|p2b: Iron Valiant|Iron Valiant, L79|247/247\n|turn|1\n|\n|t:|1770998807\n|switch|p2a: Lanturn|Lanturn, L87, M|359/359\n|-terastallize|p1b: Kommo-o|Steel\n|move|p2b: Iron Valiant|Dazzling Gleam|p1b: Kommo-o|[spread] p1a,p1b\n|-resisted|p1b: Kommo-o\n|-damage|p1a: Duraludon|162/252\n|-damage|p1b: Kommo-o|209/248\n|-damage|p2b: Iron Valiant|223/247|[from] item: Life Orb\n|move|p1a: Duraludon|Body Press|p2a: Lanturn\n|-damage|p2a: Lanturn|278/359\n|move|p1b: Kommo-o|Clangorous Soul|p1b: Kommo-o\n|-boost|p1b: Kommo-o|atk|1\n|-boost|p1b: Kommo-o|def|1\n|-boost|p1b: Kommo-o|spa|1\n|-boost|p1b: Kommo-o|spd|1\n|-boost|p1b: Kommo-o|spe|1\n|-damage|p1b: Kommo-o|128/248\n|-enditem|p1b: Kommo-o|Throat Spray\n|-boost|p1b: Kommo-o|spa|1|[from] item: Throat Spray\n|\n|upkeep\n|turn|2\n|\n|t:|1770998828\n|-end|p2b: Iron Valiant|Quark Drive|[silent]\n|switch|p2b: Sableye|Sableye, L92, M|241/241\n|move|p1b: Kommo-o|Iron Head|p2b: Sableye\n|-damage|p2b: Sableye|109/241\n|-enditem|p2b: Sableye|Sitrus Berry|[eat]\n|-heal|p2b: Sableye|169/241|[from] item: Sitrus Berry\n|move|p1a: Duraludon|Snarl|p2a: Lanturn|[spread] p2a,p2b\n|-damage|p2a: Lanturn|254/359\n|-damage|p2b: Sableye|127/241\n|-unboost|p2a: Lanturn|spa|1\n|-unboost|p2b: Sableye|spa|1\n|move|p2a: Lanturn|Electroweb|p1a: Duraludon|[spread] p1a,p1b\n|-resisted|p1a: Duraludon\n|-damage|p1a: Duraludon|149/252\n|-damage|p1b: Kommo-o|112/248\n|-unboost|p1a: Duraludon|spe|1\n|-unboost|p1b: Kommo-o|spe|1\n|\n|upkeep\n|turn|3\n|l|☆jawbreaka\n|player|p2|\n|\n|t:|1770998857\n|move|p2b: Sableye|Fake Out|p1b: Kommo-o\n|-resisted|p1b: Kommo-o\n|-damage|p1b: Kommo-o|104/248\n|cant|p1b: Kommo-o|flinch\n|move|p2a: Lanturn|Electroweb|p1a: Duraludon|[spread] p1a,p1b\n|-resisted|p1a: Duraludon\n|-damage|p1a: Duraludon|137/252\n|-damage|p1b: Kommo-o|86/248\n|-unboost|p1a: Duraludon|spe|1\n|-unboost|p1b: Kommo-o|spe|1\n|move|p1a: Duraludon|Snarl|p2b: Sableye|[spread] p2a,p2b\n|-damage|p2a: Lanturn|229/359\n|-damage|p2b: Sableye|89/241\n|-unboost|p2a: Lanturn|spa|1\n|-unboost|p2b: Sableye|spa|1\n|\n|upkeep\n|turn|4\n|j|☆jawbreaka\n|player|p2|jawbreaka|shadowtriad|\n|\n|t:|1770998884\n|move|p2a: Lanturn|Electroweb|p1a: Duraludon|[spread] p1a\n|-miss|p2a: Lanturn|p1b: Kommo-o\n|-resisted|p1a: Duraludon\n|-damage|p1a: Duraludon|127/252\n|-unboost|p1a: Duraludon|spe|1\n|move|p2b: Sableye|Foul Play|p1b: Kommo-o\n|-crit|p1b: Kommo-o\n|-damage|p1b: Kommo-o|0 fnt\n|faint|p1b: Kommo-o\n|move|p1a: Duraludon|Snarl|p2b: Sableye|[spread] p2a,p2b\n|-damage|p2a: Lanturn|203/359\n|-damage|p2b: Sableye|47/241\n|-unboost|p2a: Lanturn|spa|1\n|-unboost|p2b: Sableye|spa|1\n|\n|upkeep\n|inactive|Battle timer is ON: inactive players will automatically lose when time's up. (requested by yannick69)\n|\n|t:|1770998898\n|switch|p1b: Sylveon|Sylveon, L79, M|280/280\n|turn|5\n|\n|t:|1770998918\n|switch|p2b: Hippowdon|Hippowdon, L86, F|326/326\n|-weather|Sandstorm|[from] ability: Sand Stream|[of] p2b: Hippowdon\n|move|p2a: Lanturn|Scald|p1b: Sylveon\n|-damage|p1b: Sylveon|256/280\n|-status|p1b: Sylveon|brn\n|move|p1b: Sylveon|Hyper Voice|p2b: Hippowdon|[spread] p2a,p2b\n|-damage|p2a: Lanturn|125/359\n|-damage|p2b: Hippowdon|215/326\n|move|p1a: Duraludon|Iron Defense|p1a: Duraludon\n|-boost|p1a: Duraludon|def|2\n|\n|-weather|Sandstorm|[upkeep]\n|-damage|p2a: Lanturn|103/359|[from] Sandstorm\n|-damage|p1b: Sylveon|239/280 brn|[from] Sandstorm\n|-heal|p2b: Hippowdon|235/326|[from] item: Leftovers\n|-damage|p1b: Sylveon|222/280 brn|[from] brn\n|upkeep\n|turn|6\n|inactive|jawbreaka has 120 seconds left.\n|\n|t:|1770998948\n|move|p2a: Lanturn|Volt Switch|p1a: Duraludon\n|-resisted|p1a: Duraludon\n|-damage|p1a: Duraludon|114/252\n|inactive|jawbreaka has 120 seconds left.\n|\n|t:|1770998963\n|switch|p2a: Maushold|Maushold, L79|247/247|[from] Volt Switch\n|move|p1b: Sylveon|Hyper Voice|p2a: Maushold|[spread] p2a,p2b\n|-damage|p2a: Maushold|124/247\n|-damage|p2b: Hippowdon|129/326\n|move|p2b: Hippowdon|High Horsepower|p1a: Duraludon\n|-supereffective|p1a: Duraludon\n|-crit|p1a: Duraludon\n|-damage|p1a: Duraludon|0 fnt\n|faint|p1a: Duraludon\n|\n|-weather|Sandstorm|[upkeep]\n|-damage|p2a: Maushold|109/247|[from] Sandstorm\n|-damage|p1b: Sylveon|205/280 brn|[from] Sandstorm\n|-heal|p2b: Hippowdon|149/326|[from] item: Leftovers\n|-damage|p1b: Sylveon|188/280 brn|[from] brn\n|upkeep\n|\n|t:|1770998980\n|switch|p1a: Calyrex|Calyrex-Shadow, L63|231/231\n|-ability|p1a: Calyrex|As One\n|-ability|p1a: Calyrex|Unnerve\n|turn|7\n|\n|t:|1770998992\n|move|p1a: Calyrex|Nasty Plot|p1a: Calyrex\n|-boost|p1a: Calyrex|spa|2\n|move|p2a: Maushold|Population Bomb|p1b: Sylveon\n|-damage|p1b: Sylveon|158/280 brn\n|-damage|p1b: Sylveon|128/280 brn\n|-damage|p1b: Sylveon|98/280 brn\n|-damage|p1b: Sylveon|64/280 brn\n|-damage|p1b: Sylveon|34/280 brn\n|-damage|p1b: Sylveon|4/280 brn\n|-damage|p1b: Sylveon|0 fnt\n|faint|p1b: Sylveon\n|-hitcount|p1: Sylveon|7\n|move|p2b: Hippowdon|Whirlwind|p1a: Calyrex\n|drag|p1a: Exeggutor|Exeggutor, L87, M|307/307\n|\n|-weather|Sandstorm|[upkeep]\n|-damage|p2a: Maushold|94/247|[from] Sandstorm\n|-damage|p1a: Exeggutor|288/307|[from] Sandstorm\n|-heal|p2b: Hippowdon|169/326|[from] item: Leftovers\n|upkeep\n|\n|t:|1770999003\n|switch|p1b: Calyrex|Calyrex-Shadow, L63|231/231\n|-ability|p1b: Calyrex|As One\n|-ability|p1b: Calyrex|Unnerve\n|turn|8\n|inactive|jawbreaka has 120 seconds left.\n|\n|t:|1770999036\n|move|p1b: Calyrex|Psychic|p2a: Maushold\n|-crit|p2a: Maushold\n|-damage|p2a: Maushold|0 fnt\n|faint|p2a: Maushold\n|-ability|p1b: Calyrex|Grim Neigh|boost\n|-boost|p1b: Calyrex|spa|1\n|-damage|p1b: Calyrex|208/231|[from] item: Life Orb\n|move|p1a: Exeggutor|Energy Ball|p2b: Hippowdon\n|-supereffective|p2b: Hippowdon\n|-damage|p2b: Hippowdon|0 fnt\n|faint|p2b: Hippowdon\n|\n|-weather|Sandstorm|[upkeep]\n|-damage|p1b: Calyrex|194/231|[from] Sandstorm\n|-damage|p1a: Exeggutor|269/307|[from] Sandstorm\n|upkeep\n|inactive|jawbreaka has 120 seconds left.\n|\n|t:|1770999058\n|switch|p2a: Garchomp|Garchomp, L77, M|293/293\n|switch|p2b: Iron Valiant|Iron Valiant, L79|223/247\n|turn|9\n|inactive|jawbreaka has 120 seconds left.\n|\n|t:|1770999071\n|-terastallize|p2b: Iron Valiant|Dark\n|move|p1b: Calyrex|Protect|p1b: Calyrex\n|-singleturn|p1b: Calyrex|Protect\n|move|p2b: Iron Valiant|Knock Off|p1b: Calyrex\n|-activate|p1b: Calyrex|move: Protect\n|move|p2a: Garchomp|Scale Shot|p1a: Exeggutor\n|-damage|p1a: Exeggutor|242/307\n|-damage|p1a: Exeggutor|212/307\n|-damage|p1a: Exeggutor|184/307\n|-damage|p1a: Exeggutor|157/307\n|-hitcount|p1a: Exeggutor|4\n|-unboost|p2a: Garchomp|def|1\n|-boost|p2a: Garchomp|spe|1\n|move|p1a: Exeggutor|Trick Room|p1a: Exeggutor\n|-fieldstart|move: Trick Room|[of] p1a: Exeggutor\n|\n|-weather|none\n|upkeep\n|turn|10\n|\n|t:|1770999095\n|move|p1a: Exeggutor|Energy Ball|p2b: Iron Valiant\n|-damage|p2b: Iron Valiant|57/247\n|move|p1b: Calyrex|Astral Barrage|p2b: Iron Valiant|[spread] p2a,p2b\n|-resisted|p2b: Iron Valiant\n|-damage|p2a: Garchomp|121/293\n|-damage|p2b: Iron Valiant|0 fnt\n|faint|p2b: Iron Valiant\n|-end|p2b: Iron Valiant|Quark Drive|[silent]\n|-ability|p1b: Calyrex|Grim Neigh|boost\n|-boost|p1b: Calyrex|spa|1\n|-damage|p1b: Calyrex|171/231|[from] item: Life Orb\n|move|p2a: Garchomp|Scale Shot|p1b: Calyrex\n|-damage|p1b: Calyrex|131/231\n|-damage|p1b: Calyrex|94/231\n|-damage|p1b: Calyrex|51/231\n|-damage|p1b: Calyrex|14/231\n|-hitcount|p1b: Calyrex|4\n|-unboost|p2a: Garchomp|def|1\n|-boost|p2a: Garchomp|spe|1\n|\n|upkeep\n|inactive|jawbreaka has 120 seconds left.\n|\n|t:|1770999111\n|switch|p2b: Sableye|Sableye, L92, M|47/241\n|turn|11\n|inactive|jawbreaka has 120 seconds left.\n|\n|t:|1770999138\n|move|p1b: Calyrex|Protect|p1b: Calyrex\n|-singleturn|p1b: Calyrex|Protect\n|move|p2a: Garchomp|Protect|p2a: Garchomp\n|-singleturn|p2a: Garchomp|Protect\n|move|p2b: Sableye|Fake Out|p1a: Exeggutor\n|-damage|p1a: Exeggutor|128/307\n|-enditem|p1a: Exeggutor|Sitrus Berry|[eat]\n|-heal|p1a: Exeggutor|204/307|[from] item: Sitrus Berry\n|cant|p1a: Exeggutor|flinch\n|\n|upkeep\n|turn|12\n|inactive|jawbreaka has 120 seconds left.\n|\n|t:|1770999162\n|move|p2b: Sableye|Encore|p1b: Calyrex\n|-start|p1b: Calyrex|Encore\n|move|p1a: Exeggutor|Energy Ball|p2b: Sableye\n|-damage|p2b: Sableye|0 fnt\n|faint|p2b: Sableye\n|move|p1b: Calyrex|Protect|p1b: Calyrex\n|-singleturn|p1b: Calyrex|Protect\n|move|p2a: Garchomp|Scale Shot|p1b: Calyrex\n|-activate|p1b: Calyrex|move: Protect\n|\n|-item|p1a: Exeggutor|Sitrus Berry|[from] ability: Harvest\n|upkeep\n|inactive|jawbreaka has 120 seconds left.\n|\n|t:|1770999170\n|switch|p2b: Lanturn|Lanturn, L87, M|103/359\n|turn|13\n|\n|t:|1770999183\n|move|p1b: Calyrex|Protect|p1b: Calyrex\n|-singleturn|p1b: Calyrex|Protect\n|move|p1a: Exeggutor|Energy Ball|p2b: Lanturn\n|-supereffective|p2b: Lanturn\n|-damage|p2b: Lanturn|0 fnt\n|faint|p2b: Lanturn\n|move|p2a: Garchomp|Scale Shot|p1b: Calyrex\n|-activate|p1b: Calyrex|move: Protect\n|\n|-fieldend|move: Trick Room\n|upkeep\n|turn|14\n|c|☆jawbreaka|Um\n|c|☆jawbreaka|Excuse me\n|c|☆yannick69|:D\n|\n|t:|1770999207\n|move|p1b: Calyrex|Protect||[still]\n|-fail|p1b: Calyrex\n|move|p2a: Garchomp|Earthquake|p1b: Calyrex|[spread] p1a,p1b\n|-resisted|p1a: Exeggutor\n|-damage|p1a: Exeggutor|163/307\n|-damage|p1b: Calyrex|0 fnt\n|faint|p1b: Calyrex\n|move|p1a: Exeggutor|Energy Ball|p2a: Garchomp\n|-damage|p2a: Garchomp|0 fnt\n|faint|p2a: Garchomp\n|\n|win|yannick69\n|raw|yannick69's rating: 1741 &rarr; <strong>1763</strong><br />(+22 for winning)\n|raw|jawbreaka's rating: 1771 &rarr; <strong>1749</strong><br />(-22 for losing)\n|c|☆yannick69|no\n|c|☆yannick69|gg\n|c|☆jawbreaka|Wth\n|c|☆jawbreaka|Gg\n", "inputlog": ">version ccdc32dd7cde25fd9e4bed64820e885f66e78a4e\n>start {\"formatid\":\"gen9randomdoublesbattle\",\"seed\":\"sodium,411aff5c43386788d4f3cfd9eed01a6a\",\"rated\":\"Rated battle\"}\n>player p1 {\"name\":\"yannick69\",\"avatar\":\"hiker-gen4\",\"rating\":1741,\"seed\":\"sodium,b172b335039804e46957fbda8ac0c94c\"}\n>player p2 {\"name\":\"jawbreaka\",\"avatar\":\"shadowtriad\",\"rating\":1771,\"seed\":\"sodium,d804a4c6fdd032f6e80c855df27dcd6f\"}\n>p1 move bodypress +1, move clangoroussoul terastallize\n>p2 switch 6, move dazzlinggleam\n>p1 move snarl, move ironhead +2\n>p2 move electroweb, switch 3\n>p1 move snarl, move clangingscales\n>p2 move electroweb, move fakeout +2\n>p1 move snarl, move clangingscales\n>p2 move electroweb, move foulplay +2\n>p1 pass, switch 5\n>p1 move irondefense, move hypervoice\n>p2 move scald +2, switch 4\n>p1 move bodypress +2, move hypervoice\n>p2 move voltswitch +1, move highhorsepower +1\n>p2 switch 6, pass\n>p1 switch 4, pass\n>p1 move nastyplot, move hypervoice\n>p2 move populationbomb +2, move whirlwind +1\n>p1 pass, switch 3\n>p1 move energyball +2, move psychic +1\n>p2 move encore +2, move whirlwind +1\n>p2 switch 5, switch 3\n>p1 move trickroom, move protect\n>p2 move scaleshot +1, move knockoff +2 terastallize\n>p1 move energyball +2, move astralbarrage\n>p2 move scaleshot +2, move knockoff +2\n>p2 pass, switch 4\n>p1 move energyball +2, move protect\n>p2 move protect, move fakeout +1\n>p1 move energyball +2, move astralbarrage\n>p2 move scaleshot +2, move encore +2\n>p2 pass, switch 6\n>p1 move energyball +2, move protect\n>p2 move scaleshot +2, move icebeam +1\n>chat ☆jawbreaka|Um\n>chat ☆jawbreaka|Excuse me\n>chat ☆yannick69|:D\n>p1 move energyball +1, move protect\n>p2 move earthquake, pass", "uploadtime": 1770999233, "views": 75, "formatid": "gen9randomdoublesbattle", "rating": 1749, "private": 0, "password": null}