{"id": "gen9randomdoublesbattle-2537643694", "format": "[Gen 9] Random Doubles Battle", "players": ["ItsTwig", "baseballlover"], "log": "|j|☆ItsTwig\n|j|☆baseballlover\n|t:|1770834701\n|gametype|doubles\n|player|p1|ItsTwig|265|1567\n|player|p2|baseballlover|102|1641\n|gen|9\n|tier|[Gen 9] Random Doubles Battle\n|rated|\n|rule|Species Clause: Limit one of each Pokémon\n|rule|HP Percentage Mod: HP is shown in percentages\n|rule|Illusion Level Mod: Illusion disguises the Pokémon's true level\n|rule|Sleep Clause Mod: Limit one foe put to sleep\n|\n|t:|1770834701\n|teamsize|p1|6\n|teamsize|p2|6\n|start\n|switch|p1a: Duraludon|Duraludon, L83, M|252/252\n|switch|p1b: Gumshoos|Gumshoos, L93, M|315/315\n|switch|p2a: Raikou|Raikou, L81|278/278\n|switch|p2b: Regieleki|Regieleki, L79|256/256\n|turn|1\n|inactive|Battle timer is ON: inactive players will automatically lose when time's up. (requested by baseballlover)\n|\n|t:|1770834717\n|move|p2b: Regieleki|Thunderbolt|p1b: Gumshoos\n|-damage|p1b: Gumshoos|158/315\n|-status|p1b: Gumshoos|par\n|move|p2a: Raikou|Thunderbolt|p1b: Gumshoos\n|-damage|p1b: Gumshoos|29/315 par\n|move|p1a: Duraludon|Iron Defense|p1a: Duraludon\n|-boost|p1a: Duraludon|def|2\n|cant|p1b: Gumshoos|par\n|\n|upkeep\n|turn|2\n|\n|t:|1770834734\n|move|p2b: Regieleki|Electroweb|p1a: Duraludon|[spread] p1b\n|-miss|p2b: Regieleki|p1a: Duraludon\n|-damage|p1b: Gumshoos|0 fnt\n|faint|p1b: Gumshoos\n|move|p2a: Raikou|Scald|p1a: Duraludon\n|-resisted|p1a: Duraludon\n|-damage|p1a: Duraludon|222/252\n|-status|p1a: Duraludon|brn\n|move|p1a: Duraludon|Iron Defense|p1a: Duraludon\n|-boost|p1a: Duraludon|def|2\n|\n|-damage|p1a: Duraludon|207/252 brn|[from] brn\n|upkeep\n|\n|t:|1770834746\n|switch|p1b: Sableye|Sableye, L92, F|241/241\n|turn|3\n|\n|t:|1770834755\n|move|p1b: Sableye|Fake Out|p2b: Regieleki\n|-damage|p2b: Regieleki|210/256\n|cant|p2b: Regieleki|flinch\n|move|p2a: Raikou|Thunderbolt|p1b: Sableye\n|-damage|p1b: Sableye|129/241\n|-status|p1b: Sableye|par\n|move|p1a: Duraludon|Iron Defense|p1a: Duraludon\n|-boost|p1a: Duraludon|def|2\n|\n|-damage|p1a: Duraludon|192/252 brn|[from] brn\n|upkeep\n|turn|4\n|c|☆ItsTwig|Dude what is your luck\n|inactive|ItsTwig has 120 seconds left.\n|\n|t:|1770834791\n|move|p2b: Regieleki|Thunderbolt|p1b: Sableye\n|-damage|p1b: Sableye|0 fnt\n|faint|p1b: Sableye\n|move|p2a: Raikou|Thunderbolt|p1a: Duraludon\n|-resisted|p1a: Duraludon\n|-damage|p1a: Duraludon|140/252 brn\n|move|p1a: Duraludon|Body Press|p2b: Regieleki\n|-damage|p2b: Regieleki|2/256\n|\n|-damage|p1a: Duraludon|125/252 brn|[from] brn\n|upkeep\n|\n|t:|1770834813\n|switch|p1b: Flutter Mane|Flutter Mane, L73|201/201\n|-enditem|p1b: Flutter Mane|Booster Energy\n|-activate|p1b: Flutter Mane|ability: Protosynthesis|[fromitem]\n|-start|p1b: Flutter Mane|protosynthesisspa\n|turn|5\n|inactive|ItsTwig has 120 seconds left.\n|\n|t:|1770834831\n|-terastallize|p1b: Flutter Mane|Fairy\n|move|p2b: Regieleki|Electroweb|p1b: Flutter Mane|[spread] p1a,p1b\n|-resisted|p1a: Duraludon\n|-damage|p1a: Duraludon|93/252 brn\n|-damage|p1b: Flutter Mane|149/201\n|-unboost|p1a: Duraludon|spe|1\n|-unboost|p1b: Flutter Mane|spe|1\n|move|p2a: Raikou|Thunderbolt|p1b: Flutter Mane\n|-damage|p1b: Flutter Mane|71/201\n|move|p1b: Flutter Mane|Dazzling Gleam|p2b: Regieleki|[spread] p2a,p2b\n|-damage|p2a: Raikou|166/278\n|-damage|p2b: Regieleki|0 fnt\n|faint|p2b: Regieleki\n|move|p1a: Duraludon|Body Press|p2a: Raikou\n|-damage|p2a: Raikou|30/278\n|-enditem|p2a: Raikou|Sitrus Berry|[eat]\n|-heal|p2a: Raikou|99/278|[from] item: Sitrus Berry\n|\n|-damage|p1a: Duraludon|78/252 brn|[from] brn\n|upkeep\n|inactive|baseballlover has 120 seconds left.\n|\n|t:|1770834864\n|switch|p2b: Ho-Oh|Ho-Oh, L70|264/264\n|turn|6\n|\n|t:|1770834878\n|move|p1b: Flutter Mane|Protect|p1b: Flutter Mane\n|-singleturn|p1b: Flutter Mane|Protect\n|move|p2a: Raikou|Thunderbolt|p1b: Flutter Mane\n|-activate|p1b: Flutter Mane|move: Protect\n|move|p2b: Ho-Oh|Earth Power|p1a: Duraludon\n|-supereffective|p1a: Duraludon\n|-damage|p1a: Duraludon|0 fnt\n|faint|p1a: Duraludon\n|\n|upkeep\n|\n|t:|1770834891\n|switch|p1a: Armarouge|Armarouge, L80, F|267/267\n|turn|7\n|\n|t:|1770834909\n|move|p2a: Raikou|Scald|p1a: Armarouge\n|-supereffective|p1a: Armarouge\n|-damage|p1a: Armarouge|131/267\n|move|p2b: Ho-Oh|Brave Bird|p1b: Flutter Mane\n|-damage|p1b: Flutter Mane|0 fnt\n|faint|p1b: Flutter Mane\n|-end|p1b: Flutter Mane|Protosynthesis|[silent]\n|-damage|p2b: Ho-Oh|241/264|[from] Recoil\n|move|p1a: Armarouge|Heat Wave|p2a: Raikou|[spread] p2a,p2b\n|-resisted|p2b: Ho-Oh\n|-damage|p2a: Raikou|0 fnt\n|-damage|p2b: Ho-Oh|190/264\n|faint|p2a: Raikou\n|\n|upkeep\n|inactive|baseballlover has 120 seconds left.\n|inactive|ItsTwig has 120 seconds left.\n|-message|ItsTwig forfeited.\n|\n|win|baseballlover\n|raw|ItsTwig's rating: 1567 &rarr; <strong>1551</strong><br />(-16 for losing)\n|raw|baseballlover's rating: 1641 &rarr; <strong>1657</strong><br />(+16 for winning)\n", "inputlog": ">version ccdc32dd7cde25fd9e4bed64820e885f66e78a4e\n>start {\"formatid\":\"gen9randomdoublesbattle\",\"seed\":\"sodium,6e84fefe554e9f66f570aa7d49d5894d\",\"rated\":\"Rated battle\"}\n>player p1 {\"name\":\"ItsTwig\",\"avatar\":\"265\",\"rating\":1567,\"seed\":\"sodium,4dc2701a7c9f84cb14be8949836d5b68\"}\n>player p2 {\"name\":\"baseballlover\",\"avatar\":\"102\",\"rating\":1641,\"seed\":\"sodium,34b322bf20bea307d4dfa8fa3083d957\"}\n>p1 move irondefense, move doubleedge +1\n>p2 move thunderbolt +2, move thunderbolt +2\n>p1 move irondefense, move doubleedge +1\n>p2 move scald +1, move electroweb\n>p1 pass, switch 3\n>p1 move irondefense, move fakeout +2\n>p2 move thunderbolt +2, move thunderbolt +2\n>chat ☆ItsTwig|Dude what is your luck \n>p1 move bodypress +2, move foulplay +1\n>p2 move thunderbolt +2, move thunderbolt +2\n>p1 pass, switch 4\n>p1 move bodypress +1, move dazzlinggleam terastallize\n>p2 move thunderbolt +2, move electroweb\n>p2 pass, switch 3\n>p1 move bodypress +1, move protect\n>p2 move thunderbolt +2, move earthpower +1\n>p1 switch 6, pass\n>p1 move heatwave, move shadowball +2\n>p2 move scald +1, move bravebird +2\n>forcelose p1", "uploadtime": 1770834941, "views": 68, "formatid": "gen9randomdoublesbattle", "rating": 1551, "private": 0, "password": null}