{"id": "gen9randomdoublesbattle-2540215158", "format": "[Gen 9] Random Doubles Battle", "players": ["Sassdad", "Asterliuz"], "log": "|j|☆Sassdad\n|j|☆Asterliuz\n|t:|1771176729\n|gametype|doubles\n|player|p1|Sassdad|265|1728\n|player|p2|Asterliuz|janine|1631\n|gen|9\n|tier|[Gen 9] Random Doubles Battle\n|rated|\n|rule|Species Clause: Limit one of each Pokémon\n|rule|HP Percentage Mod: HP is shown in percentages\n|rule|Illusion Level Mod: Illusion disguises the Pokémon's true level\n|rule|Sleep Clause Mod: Limit one foe put to sleep\n|\n|t:|1771176729\n|teamsize|p1|6\n|teamsize|p2|6\n|start\n|switch|p1a: Lapras|Lapras, L83, M|351/351\n|switch|p1b: Golem|Golem, L87, F|281/281\n|switch|p2a: Arceus|Arceus-Psychic, L72|292/292\n|switch|p2b: Basculin|Basculin, L87, M|264/264\n|turn|1\n|\n|t:|1771176752\n|move|p2b: Basculin|Flip Turn|p1b: Golem\n|-supereffective|p1b: Golem\n|-ability|p1b: Golem|Sturdy\n|-damage|p1b: Golem|1/281\n|-enditem|p1b: Golem|Weakness Policy\n|-boost|p1b: Golem|atk|2|[from] item: Weakness Policy\n|-boost|p1b: Golem|spa|2|[from] item: Weakness Policy\n|\n|t:|1771176766\n|switch|p2b: Klefki|Klefki, L81, F|225/225|[from] Flip Turn\n|move|p2a: Arceus|Judgment|p1a: Lapras\n|-damage|p1a: Lapras|243/351\n|move|p1a: Lapras|Freeze-Dry|p2b: Klefki\n|-resisted|p2b: Klefki\n|-damage|p2b: Klefki|190/225\n|move|p1b: Golem|Rock Polish|p1b: Golem\n|-boost|p1b: Golem|spe|2\n|\n|upkeep\n|turn|2\n|\n|t:|1771176799\n|move|p1b: Golem|High Horsepower|p2b: Klefki\n|-supereffective|p2b: Klefki\n|-damage|p2b: Klefki|0 fnt\n|faint|p2b: Klefki\n|move|p2a: Arceus|Judgment|p1a: Lapras\n|-damage|p1a: Lapras|143/351\n|-enditem|p1a: Lapras|Sitrus Berry|[eat]\n|-heal|p1a: Lapras|230/351|[from] item: Sitrus Berry\n|move|p1a: Lapras|Life Dew|p1a: Lapras|[spread] p1a,p1b\n|-heal|p1a: Lapras|318/351\n|-heal|p1b: Golem|71/281\n|\n|upkeep\n|\n|t:|1771176825\n|switch|p2b: Blaziken|Blaziken, L79, M|256/256\n|turn|3\n|\n|t:|1771176838\n|move|p2b: Blaziken|Protect|p2b: Blaziken\n|-singleturn|p2b: Blaziken|Protect\n|move|p1b: Golem|Rock Slide|p2b: Blaziken|[spread] p2a\n|-activate|p2b: Blaziken|move: Protect\n|-damage|p2a: Arceus|156/292\n|move|p2a: Arceus|Taunt|p1a: Lapras\n|-start|p1a: Lapras|move: Taunt\n|cant|p1a: Lapras|move: Taunt|Life Dew\n|\n|-ability|p2b: Blaziken|Speed Boost|boost\n|-boost|p2b: Blaziken|spe|1\n|upkeep\n|turn|4\n|\n|t:|1771176886\n|-terastallize|p2b: Blaziken|Fighting\n|move|p2b: Blaziken|Vacuum Wave|p1b: Golem\n|-supereffective|p1b: Golem\n|-damage|p1b: Golem|0 fnt\n|faint|p1b: Golem\n|-damage|p2b: Blaziken|231/256|[from] item: Life Orb\n|move|p2a: Arceus|Judgment|p1a: Lapras\n|-damage|p1a: Lapras|209/351\n|move|p1a: Lapras|Muddy Water|p2b: Blaziken|[spread] p2a,p2b\n|-damage|p2a: Arceus|95/292\n|-damage|p2b: Blaziken|147/256\n|\n|-ability|p2b: Blaziken|Speed Boost|boost\n|-boost|p2b: Blaziken|spe|1\n|upkeep\n|\n|t:|1771176906\n|switch|p1b: Swanna|Swanna, L87, F|272/272\n|turn|5\n|\n|t:|1771176936\n|move|p2b: Blaziken|Protect|p2b: Blaziken\n|-singleturn|p2b: Blaziken|Protect\n|move|p1b: Swanna|Brave Bird|p2a: Arceus\n|-damage|p2a: Arceus|0 fnt\n|faint|p2a: Arceus\n|-damage|p1b: Swanna|241/272|[from] Recoil\n|move|p1a: Lapras|Muddy Water|p2b: Blaziken\n|-activate|p2b: Blaziken|move: Protect\n|\n|-end|p1a: Lapras|move: Taunt\n|-ability|p2b: Blaziken|Speed Boost|boost\n|-boost|p2b: Blaziken|spe|1\n|upkeep\n|\n|t:|1771176970\n|switch|p2a: Mabosstiff|Mabosstiff, L84, F|272/272\n|-ability|p2a: Mabosstiff|Intimidate|boost\n|-unboost|p1a: Lapras|atk|1\n|-unboost|p1b: Swanna|atk|1\n|turn|6\n|\n|t:|1771176985\n|switch|p2b: Toxapex|Toxapex, L92, M|241/241\n|move|p1b: Swanna|Hydro Pump|p2a: Mabosstiff\n|-damage|p2a: Mabosstiff|146/272\n|move|p2a: Mabosstiff|Psychic Fangs|p1b: Swanna\n|-damage|p1b: Swanna|108/272\n|-enditem|p1b: Swanna|Sitrus Berry|[eat]\n|-heal|p1b: Swanna|176/272|[from] item: Sitrus Berry\n|move|p1a: Lapras|Muddy Water|p2b: Toxapex|[spread] p2a,p2b\n|-resisted|p2b: Toxapex\n|-damage|p2a: Mabosstiff|64/272\n|-damage|p2b: Toxapex|221/241\n|\n|-heal|p2b: Toxapex|236/241|[from] item: Leftovers\n|upkeep\n|turn|7\n|\n|t:|1771177011\n|switch|p2a: Basculin|Basculin, L87, M|264/264\n|move|p1b: Swanna|Brave Bird|p2a: Basculin\n|-damage|p2a: Basculin|156/264\n|-damage|p1b: Swanna|140/272|[from] Recoil\n|move|p1a: Lapras|Freeze-Dry|p2b: Toxapex\n|-supereffective|p2b: Toxapex\n|-damage|p2b: Toxapex|156/241\n|move|p2b: Toxapex|Infestation|p1a: Lapras\n|-damage|p1a: Lapras|196/351\n|-activate|p1a: Lapras|move: Infestation|[of] p2b: Toxapex\n|\n|-heal|p2b: Toxapex|171/241|[from] item: Leftovers\n|-damage|p1a: Lapras|153/351|[from] move: Infestation|[partiallytrapped]\n|upkeep\n|turn|8\n|\n|t:|1771177038\n|move|p2a: Basculin|Wave Crash|p1b: Swanna\n|-resisted|p1b: Swanna\n|-damage|p1b: Swanna|15/272\n|-damage|p2a: Basculin|115/264|[from] Recoil\n|move|p1b: Swanna|Tailwind|p1b: Swanna\n|-sidestart|p1: Sassdad|move: Tailwind\n|move|p1a: Lapras|Life Dew|p1a: Lapras|[spread] p1a,p1b\n|-heal|p1a: Lapras|241/351\n|-heal|p1b: Swanna|83/272\n|move|p2b: Toxapex|Toxic|p1a: Lapras\n|-status|p1a: Lapras|tox\n|\n|-heal|p2b: Toxapex|186/241|[from] item: Leftovers\n|-damage|p1a: Lapras|220/351 tox|[from] psn\n|-damage|p1a: Lapras|177/351 tox|[from] move: Infestation|[partiallytrapped]\n|upkeep\n|turn|9\n|\n|t:|1771177071\n|switch|p1b: Exeggutor|Exeggutor, L87, F|307/307\n|move|p2a: Basculin|Protect|p2a: Basculin\n|-singleturn|p2a: Basculin|Protect\n|move|p1a: Lapras|Freeze-Dry|p2a: Basculin\n|-activate|p2a: Basculin|move: Protect\n|move|p2b: Toxapex|Toxic|p1b: Exeggutor\n|-status|p1b: Exeggutor|tox\n|\n|-heal|p2b: Toxapex|201/241|[from] item: Leftovers\n|-damage|p1a: Lapras|135/351 tox|[from] psn\n|-damage|p1b: Exeggutor|288/307 tox|[from] psn\n|-damage|p1a: Lapras|92/351 tox|[from] move: Infestation|[partiallytrapped]\n|upkeep\n|turn|10\n|\n|t:|1771177100\n|switch|p2a: Blaziken|Blaziken, L79, M, tera:Fighting|147/256\n|move|p1a: Lapras|Muddy Water|p2b: Toxapex|[spread] p2a,p2b\n|-resisted|p2b: Toxapex\n|-damage|p2a: Blaziken|69/256\n|-damage|p2b: Toxapex|183/241\n|move|p1b: Exeggutor|Psychic|p2b: Toxapex\n|-supereffective|p2b: Toxapex\n|-damage|p2b: Toxapex|37/241\n|-unboost|p2b: Toxapex|spd|1\n|move|p2b: Toxapex|Infestation|p1b: Exeggutor\n|-supereffective|p1b: Exeggutor\n|-damage|p1b: Exeggutor|236/307 tox\n|-activate|p1b: Exeggutor|move: Infestation|[of] p2b: Toxapex\n|\n|-heal|p2b: Toxapex|52/241|[from] item: Leftovers\n|-damage|p1a: Lapras|29/351 tox|[from] psn\n|-damage|p1b: Exeggutor|198/307 tox|[from] psn\n|-damage|p1a: Lapras|0 fnt|[from] move: Infestation|[partiallytrapped]\n|faint|p1a: Lapras\n|-damage|p1b: Exeggutor|160/307 tox|[from] move: Infestation|[partiallytrapped]\n|upkeep\n|\n|t:|1771177120\n|switch|p1a: Swanna|Swanna, L87, F|83/272\n|turn|11\n|\n|t:|1771177136\n|move|p2a: Blaziken|Protect|p2a: Blaziken\n|-singleturn|p2a: Blaziken|Protect\n|move|p1a: Swanna|Brave Bird|p2a: Blaziken\n|-activate|p2a: Blaziken|move: Protect\n|move|p1b: Exeggutor|Psychic|p2a: Blaziken\n|-activate|p2a: Blaziken|move: Protect\n|move|p2b: Toxapex|Recover|p2b: Toxapex\n|-heal|p2b: Toxapex|173/241\n|\n|-heal|p2b: Toxapex|188/241|[from] item: Leftovers\n|-damage|p1b: Exeggutor|103/307 tox|[from] psn\n|-damage|p1b: Exeggutor|65/307 tox|[from] move: Infestation|[partiallytrapped]\n|-sideend|p1: Sassdad|move: Tailwind\n|-ability|p2a: Blaziken|Speed Boost|boost\n|-boost|p2a: Blaziken|spe|1\n|upkeep\n|-enditem|p1b: Exeggutor|Sitrus Berry|[eat]\n|-heal|p1b: Exeggutor|141/307 tox|[from] item: Sitrus Berry\n|turn|12\n|\n|t:|1771177185\n|move|p2b: Toxapex|Baneful Bunker|p2b: Toxapex\n|-singleturn|p2b: Toxapex|move: Protect\n|move|p2a: Blaziken|Heat Wave|p1b: Exeggutor|[spread] p1a,p1b\n|-resisted|p1a: Swanna\n|-supereffective|p1b: Exeggutor\n|-damage|p1a: Swanna|28/272\n|-damage|p1b: Exeggutor|0 fnt\n|faint|p1b: Exeggutor\n|-damage|p2a: Blaziken|44/256|[from] item: Life Orb\n|move|p1a: Swanna|Brave Bird|p2a: Blaziken\n|-supereffective|p2a: Blaziken\n|-damage|p2a: Blaziken|0 fnt\n|faint|p2a: Blaziken\n|-damage|p1a: Swanna|13/272|[from] Recoil\n|\n|-heal|p2b: Toxapex|203/241|[from] item: Leftovers\n|upkeep\n|\n|t:|1771177209\n|switch|p2a: Basculin|Basculin, L87, M|115/264\n|switch|p1b: Swalot|Swalot, L90, M|326/326\n|turn|13\n|\n|t:|1771177223\n|move|p2a: Basculin|Aqua Jet|p1a: Swanna\n|-resisted|p1a: Swanna\n|-damage|p1a: Swanna|0 fnt\n|faint|p1a: Swanna\n|move|p1b: Swalot|Thunder Wave|p2b: Toxapex\n|-status|p2b: Toxapex|par\n|cant|p2b: Toxapex|par\n|\n|-heal|p2b: Toxapex|218/241 par|[from] item: Leftovers\n|upkeep\n|\n|t:|1771177234\n|switch|p1a: Crabominable|Crabominable, L89, F|317/317\n|turn|14\n|\n|t:|1771177248\n|move|p1a: Crabominable|Protect|p1a: Crabominable\n|-singleturn|p1a: Crabominable|Protect\n|move|p2a: Basculin|Wave Crash|p1a: Crabominable\n|-activate|p1a: Crabominable|move: Protect\n|move|p1b: Swalot|Gunk Shot|p2a: Basculin\n|-damage|p2a: Basculin|0 fnt\n|faint|p2a: Basculin\n|move|p2b: Toxapex|Toxic|p1a: Crabominable\n|-activate|p1a: Crabominable|move: Protect\n|\n|-heal|p2b: Toxapex|233/241 par|[from] item: Leftovers\n|upkeep\n|\n|t:|1771177262\n|switch|p2a: Mabosstiff|Mabosstiff, L84, F|64/272\n|-ability|p2a: Mabosstiff|Intimidate|boost\n|-unboost|p1a: Crabominable|atk|1\n|-unboost|p1b: Swalot|atk|1\n|turn|15\n|\n|t:|1771177282\n|-terastallize|p1a: Crabominable|Poison\n|move|p2b: Toxapex|Baneful Bunker|p2b: Toxapex\n|-singleturn|p2b: Toxapex|move: Protect\n|move|p2a: Mabosstiff|Psychic Fangs|p1b: Swalot\n|-supereffective|p1b: Swalot\n|-damage|p1b: Swalot|108/326\n|-enditem|p1b: Swalot|Figy Berry|[eat]\n|-heal|p1b: Swalot|216/326|[from] item: Figy Berry\n|move|p1b: Swalot|Knock Off|p2b: Toxapex\n|-activate|p2b: Toxapex|move: Protect\n|move|p1a: Crabominable|Drain Punch|p2a: Mabosstiff\n|-supereffective|p2a: Mabosstiff\n|-crit|p2a: Mabosstiff\n|-damage|p2a: Mabosstiff|0 fnt\n|faint|p2a: Mabosstiff\n|-damage|p1a: Crabominable|286/317|[from] item: Life Orb\n|\n|-heal|p2b: Toxapex|241/241 par|[from] item: Leftovers\n|upkeep\n|turn|16\n|\n|t:|1771177312\n|move|p1b: Swalot|Knock Off|p2b: Toxapex\n|-damage|p2b: Toxapex|213/241 par\n|-enditem|p2b: Toxapex|Leftovers|[from] move: Knock Off|[of] p1b: Swalot\n|move|p1a: Crabominable|Gunk Shot|p2b: Toxapex\n|-resisted|p2b: Toxapex\n|-crit|p2b: Toxapex\n|-damage|p2b: Toxapex|116/241 par\n|-damage|p1a: Crabominable|255/317|[from] item: Life Orb\n|move|p2b: Toxapex|Infestation|p1b: Swalot\n|-resisted|p1b: Swalot\n|-damage|p1b: Swalot|210/326\n|-activate|p1b: Swalot|move: Infestation|[of] p2b: Toxapex\n|\n|-damage|p1b: Swalot|170/326|[from] move: Infestation|[partiallytrapped]\n|upkeep\n|turn|17\n|\n|t:|1771177330\n|move|p1b: Swalot|Gunk Shot|p2b: Toxapex\n|-resisted|p2b: Toxapex\n|-damage|p2b: Toxapex|95/241 par\n|move|p1a: Crabominable|Gunk Shot|p2b: Toxapex\n|-resisted|p2b: Toxapex\n|-damage|p2b: Toxapex|51/241 par\n|-damage|p1a: Crabominable|224/317|[from] item: Life Orb\n|move|p2b: Toxapex|Recover|p2b: Toxapex\n|-heal|p2b: Toxapex|172/241 par\n|\n|-damage|p1b: Swalot|130/326|[from] move: Infestation|[partiallytrapped]\n|upkeep\n|turn|18\n|\n|t:|1771177350\n|move|p1b: Swalot|Gunk Shot|p2b: Toxapex|[miss]\n|-miss|p1b: Swalot|p2b: Toxapex\n|move|p1a: Crabominable|Gunk Shot|p2b: Toxapex\n|-resisted|p2b: Toxapex\n|-damage|p2b: Toxapex|125/241 par\n|-damage|p1a: Crabominable|193/317|[from] item: Life Orb\n|cant|p2b: Toxapex|par\n|\n|-damage|p1b: Swalot|90/326|[from] move: Infestation|[partiallytrapped]\n|upkeep\n|turn|19\n|\n|t:|1771177366\n|move|p1b: Swalot|Gunk Shot|p2b: Toxapex\n|-resisted|p2b: Toxapex\n|-damage|p2b: Toxapex|101/241 par\n|move|p1a: Crabominable|Gunk Shot|p2b: Toxapex|[miss]\n|-miss|p1a: Crabominable|p2b: Toxapex\n|move|p2b: Toxapex|Recover|p2b: Toxapex\n|-heal|p2b: Toxapex|222/241 par\n|\n|-damage|p1b: Swalot|50/326|[from] move: Infestation|[partiallytrapped]\n|upkeep\n|turn|20\n|\n|t:|1771177389\n|move|p1b: Swalot|Gunk Shot|p2b: Toxapex\n|-resisted|p2b: Toxapex\n|-damage|p2b: Toxapex|201/241 par\n|move|p1a: Crabominable|Drain Punch|p2b: Toxapex\n|-resisted|p2b: Toxapex\n|-damage|p2b: Toxapex|167/241 par\n|-heal|p1a: Crabominable|210/317|[from] drain|[of] p2b: Toxapex\n|-damage|p1a: Crabominable|179/317|[from] item: Life Orb\n|move|p2b: Toxapex|Infestation|p1a: Crabominable\n|-resisted|p1a: Crabominable\n|-damage|p1a: Crabominable|172/317\n|-activate|p1a: Crabominable|move: Infestation|[of] p2b: Toxapex\n|\n|-damage|p1b: Swalot|10/326|[from] move: Infestation|[partiallytrapped]\n|-damage|p1a: Crabominable|133/317|[from] move: Infestation|[partiallytrapped]\n|upkeep\n|turn|21\n|\n|t:|1771177407\n|cant|p2b: Toxapex|par\n|move|p1b: Swalot|Gunk Shot|p2b: Toxapex\n|-resisted|p2b: Toxapex\n|-damage|p2b: Toxapex|144/241 par\n|move|p1a: Crabominable|Gunk Shot|p2b: Toxapex\n|-resisted|p2b: Toxapex\n|-damage|p2b: Toxapex|96/241 par\n|-damage|p1a: Crabominable|102/317|[from] item: Life Orb\n|\n|-end|p1b: Swalot|Infestation|[partiallytrapped]\n|-damage|p1a: Crabominable|63/317|[from] move: Infestation|[partiallytrapped]\n|upkeep\n|turn|22\n|\n|t:|1771177422\n|move|p1b: Swalot|Gunk Shot|p2b: Toxapex|[miss]\n|-miss|p1b: Swalot|p2b: Toxapex\n|move|p1a: Crabominable|Gunk Shot|p2b: Toxapex\n|-resisted|p2b: Toxapex\n|-damage|p2b: Toxapex|53/241 par\n|-damage|p1a: Crabominable|32/317|[from] item: Life Orb\n|move|p2b: Toxapex|Recover|p2b: Toxapex\n|-heal|p2b: Toxapex|174/241 par\n|\n|-damage|p1a: Crabominable|0 fnt|[from] move: Infestation|[partiallytrapped]\n|faint|p1a: Crabominable\n|upkeep\n|turn|23\n|\n|t:|1771177437\n|move|p1b: Swalot|Gunk Shot|p2b: Toxapex\n|-resisted|p2b: Toxapex\n|-damage|p2b: Toxapex|152/241 par\n|move|p2b: Toxapex|Infestation|p1b: Swalot\n|-resisted|p1b: Swalot\n|-damage|p1b: Swalot|4/326\n|-activate|p1b: Swalot|move: Infestation|[of] p2b: Toxapex\n|\n|-damage|p1b: Swalot|0 fnt|[from] move: Infestation|[partiallytrapped]\n|faint|p1b: Swalot\n|\n|win|Asterliuz\n|raw|Sassdad's rating: 1728 &rarr; <strong>1703</strong><br />(-25 for losing)\n|raw|Asterliuz's rating: 1631 &rarr; <strong>1656</strong><br />(+25 for winning)\n", "inputlog": ">version 686819e5e19f8a7fd2345cfc5a08a5085efa2cc3\n>start {\"formatid\":\"gen9randomdoublesbattle\",\"seed\":\"sodium,8c1ddf680aef8ae5debff2921974c741\",\"rated\":\"Rated battle\"}\n>player p1 {\"name\":\"Sassdad\",\"avatar\":\"265\",\"rating\":1728,\"seed\":\"sodium,075e8f842f8013f1ae939fe2bbb094a0\"}\n>player p2 {\"name\":\"Asterliuz\",\"avatar\":\"janine\",\"rating\":1631,\"seed\":\"sodium,3f1c4aa30c8f5b0752a1904252a0ddaa\"}\n>p1 move freezedry +2, move rockpolish\n>p2 move judgment +1, move flipturn +2\n>p2 pass, switch 5\n>p1 move lifedew, move highhorsepower +2\n>p2 move judgment +1, move dazzlinggleam\n>p2 pass, switch 3\n>p1 move lifedew, move rockslide\n>p2 move taunt +1, move protect\n>p1 move muddywater, move rockslide\n>p2 move judgment +1, move vacuumwave +2 terastallize\n>p1 pass, switch 5\n>p1 move muddywater, move bravebird +1\n>p2 move tailwind, move protect\n>p2 switch 6, pass\n>p1 move muddywater, move hydropump +1\n>p2 move psychicfangs +2, switch 4\n>p1 move freezedry +2, move bravebird +1\n>p2 switch 5, move infestation +1\n>p1 move lifedew, move tailwind\n>p2 move wavecrash +2, move toxic +1\n>p1 move freezedry +1, switch 3\n>p2 move protect, move toxic +2\n>p1 move muddywater, move psychic +2\n>p2 switch 4, move infestation +2\n>p1 switch 3, pass\n>p1 move bravebird +1, move psychic +1\n>p2 move protect, move recover\n>p1 move bravebird +1, move psychic +2\n>p2 move heatwave, move banefulbunker\n>p1 pass, switch 6\n>p2 switch 4, pass\n>p1 move tailwind, move thunderwave +2\n>p2 move aquajet +1, move infestation +2\n>p1 switch 4, pass\n>p1 move protect, move gunkshot +1\n>p2 move wavecrash +1, move toxic +1\n>p2 switch 5, pass\n>p1 move drainpunch +1 terastallize, move knockoff +2\n>p2 move psychicfangs +2, move banefulbunker\n>p1 move gunkshot +2, move knockoff +2\n>p2 pass, move infestation +2\n>p1 move gunkshot +2, move gunkshot +2\n>p2 pass, move recover\n>p1 move gunkshot +2, move gunkshot +2\n>p2 pass, move infestation +1\n>p1 move gunkshot +2, move gunkshot +2\n>p2 pass, move recover\n>p1 move drainpunch +2, move gunkshot +2\n>p2 pass, move infestation +1\n>p1 move gunkshot +2, move gunkshot +2\n>p2 pass, move banefulbunker\n>p1 move gunkshot +2, move gunkshot +2\n>p2 pass, move recover\n>p1 pass, move gunkshot +2\n>p2 pass, move infestation +2", "uploadtime": 1771177452, "views": 55, "formatid": "gen9randomdoublesbattle", "rating": 1656, "private": 0, "password": null}