{"id": "gen9randomdoublesbattle-2539099309", "format": "[Gen 9] Random Doubles Battle", "players": ["Motorgis", "Viviarno"], "log": "|j|☆Motorgis\n|j|☆Viviarno\n|t:|1771011292\n|gametype|doubles\n|player|p1|Motorgis|biker-gen4|1587\n|player|p2|Viviarno|265|1539\n|gen|9\n|tier|[Gen 9] Random Doubles Battle\n|rated|\n|rule|Species Clause: Limit one of each Pokémon\n|rule|HP Percentage Mod: HP is shown in percentages\n|rule|Illusion Level Mod: Illusion disguises the Pokémon's true level\n|rule|Sleep Clause Mod: Limit one foe put to sleep\n|\n|t:|1771011292\n|teamsize|p1|6\n|teamsize|p2|6\n|start\n|switch|p1a: Hitmonchan|Hitmonchan, L90, M|236/236\n|switch|p1b: Trevenant|Trevenant, L88, F|293/293\n|switch|p2a: Ambipom|Ambipom, L87, F|272/272\n|switch|p2b: Palafin|Palafin, L79, F|288/288\n|turn|1\n|\n|t:|1771011331\n|detailschange|p2b: Palafin|Palafin-Hero, L79, F\n|switch|p2b: Sinistcha|Sinistcha, L81|248/248\n|move|p1a: Hitmonchan|Fake Out|p2a: Ambipom\n|-damage|p2a: Ambipom|229/272\n|cant|p2a: Ambipom|flinch\n|move|p1b: Trevenant|Trick Room|p1b: Trevenant\n|-fieldstart|move: Trick Room|[of] p1b: Trevenant\n|\n|upkeep\n|turn|2\n|\n|t:|1771011349\n|move|p1b: Trevenant|Poltergeist|p2b: Sinistcha\n|-activate|p2b: Sinistcha|move: Poltergeist|Rocky Helmet\n|-supereffective|p2b: Sinistcha\n|-damage|p2b: Sinistcha|0 fnt\n|faint|p2b: Sinistcha\n|move|p1a: Hitmonchan|Coaching|p1b: Trevenant\n|-boost|p1b: Trevenant|atk|1\n|-boost|p1b: Trevenant|def|1\n|move|p2a: Ambipom|Knock Off|p1b: Trevenant\n|-supereffective|p1b: Trevenant\n|-damage|p1b: Trevenant|191/293\n|-enditem|p1b: Trevenant|Sitrus Berry|[from] move: Knock Off|[of] p2a: Ambipom\n|\n|upkeep\n|\n|t:|1771011423\n|switch|p2b: Politoed|Politoed, L82, M|282/282\n|-weather|RainDance|[from] ability: Drizzle|[of] p2b: Politoed\n|turn|3\n|\n|t:|1771011452\n|move|p1b: Trevenant|Wood Hammer|p2b: Politoed\n|-supereffective|p2b: Politoed\n|-damage|p2b: Politoed|0 fnt\n|faint|p2b: Politoed\n|-damage|p1b: Trevenant|98/293|[from] Recoil\n|move|p1a: Hitmonchan|Coaching|p1b: Trevenant\n|-boost|p1b: Trevenant|atk|1\n|-boost|p1b: Trevenant|def|1\n|move|p2a: Ambipom|Knock Off|p1b: Trevenant\n|-supereffective|p1b: Trevenant\n|-damage|p1b: Trevenant|46/293\n|\n|-weather|RainDance|[upkeep]\n|upkeep\n|\n|t:|1771011465\n|switch|p2b: Palafin|Palafin-Hero, L79, F|288/288\n|-activate|p2b: Palafin|ability: Zero to Hero\n|turn|4\n|\n|t:|1771011475\n|move|p2b: Palafin|Jet Punch|p1b: Trevenant\n|-resisted|p1b: Trevenant\n|-damage|p1b: Trevenant|0 fnt\n|faint|p1b: Trevenant\n|move|p1a: Hitmonchan|Close Combat|p2a: Ambipom\n|-supereffective|p2a: Ambipom\n|-damage|p2a: Ambipom|0 fnt\n|-unboost|p1a: Hitmonchan|def|1\n|-unboost|p1a: Hitmonchan|spd|1\n|faint|p2a: Ambipom\n|\n|-weather|RainDance|[upkeep]\n|upkeep\n|\n|t:|1771011493\n|switch|p1b: Cramorant|Cramorant, L86, F|261/261\n|switch|p2a: Lugia|Lugia, L71|268/268\n|turn|5\n|\n|t:|1771011511\n|-terastallize|p1a: Hitmonchan|Dark\n|move|p2b: Palafin|Jet Punch|p1a: Hitmonchan\n|-damage|p1a: Hitmonchan|0 fnt\n|faint|p1a: Hitmonchan\n|move|p1b: Cramorant|Tailwind|p1b: Cramorant\n|-sidestart|p1: Motorgis|move: Tailwind\n|move|p2a: Lugia|Calm Mind|p2a: Lugia\n|-boost|p2a: Lugia|spa|1\n|-boost|p2a: Lugia|spd|1\n|\n|-weather|RainDance|[upkeep]\n|-fieldend|move: Trick Room\n|upkeep\n|\n|t:|1771011528\n|switch|p1a: Snorlax|Snorlax, L84, F|406/406\n|turn|6\n|\n|t:|1771011550\n|move|p1a: Snorlax|Helping Hand|p1b: Cramorant\n|-singleturn|p1b: Cramorant|Helping Hand|[of] p1a: Snorlax\n|move|p2b: Palafin|Jet Punch|p1a: Snorlax\n|-damage|p1a: Snorlax|156/406\n|-enditem|p1a: Snorlax|Wiki Berry|[eat]\n|-heal|p1a: Snorlax|291/406|[from] item: Wiki Berry\n|move|p1b: Cramorant|Brave Bird|p2b: Palafin\n|-damage|p2b: Palafin|122/288\n|-damage|p1b: Cramorant|206/261|[from] Recoil\n|move|p2a: Lugia|Aeroblast|p1b: Cramorant\n|-crit|p1b: Cramorant\n|-damage|p1b: Cramorant|64/261\n|-enditem|p1b: Cramorant|Sitrus Berry|[eat]\n|-heal|p1b: Cramorant|129/261|[from] item: Sitrus Berry\n|\n|-weather|RainDance|[upkeep]\n|upkeep\n|turn|7\n|\n|t:|1771011568\n|move|p1a: Snorlax|Helping Hand|p1b: Cramorant\n|-singleturn|p1b: Cramorant|Helping Hand|[of] p1a: Snorlax\n|move|p2b: Palafin|Jet Punch|p1a: Snorlax\n|-damage|p1a: Snorlax|53/406\n|move|p1b: Cramorant|Brave Bird|p2b: Palafin\n|-damage|p2b: Palafin|0 fnt\n|faint|p2b: Palafin\n|-damage|p1b: Cramorant|89/261|[from] Recoil\n|move|p2a: Lugia|Aeroblast|p1b: Cramorant\n|-damage|p1b: Cramorant|0 fnt\n|faint|p1b: Cramorant\n|\n|-weather|none\n|upkeep\n|\n|t:|1771011588\n|switch|p2b: Regirock|Regirock, L82|265/265\n|switch|p1b: Regice|Regice, L84|272/272\n|turn|8\n|\n|t:|1771011609\n|move|p1b: Regice|Icy Wind|p2a: Lugia|[spread] p2a,p2b\n|-supereffective|p2a: Lugia\n|-damage|p2a: Lugia|246/268\n|-damage|p2b: Regirock|226/265\n|-unboost|p2a: Lugia|spe|1\n|move|p1a: Snorlax|Yawn|p2b: Regirock\n|-start|p2b: Regirock|move: Yawn|[of] p1a: Snorlax\n|move|p2a: Lugia|Earth Power|p1a: Snorlax\n|-damage|p1a: Snorlax|0 fnt\n|faint|p1a: Snorlax\n|move|p2b: Regirock|Iron Defense|p2b: Regirock\n|-boost|p2b: Regirock|def|2\n|\n|-heal|p2a: Lugia|262/268|[from] item: Leftovers\n|-heal|p2b: Regirock|242/265|[from] item: Leftovers\n|-sideend|p1: Motorgis|move: Tailwind\n|upkeep\n|\n|t:|1771011625\n|switch|p1a: Florges|Florges-Orange, L84, F|268/268\n|turn|9\n|\n|t:|1771011652\n|-terastallize|p2b: Regirock|Fighting\n|move|p1a: Florges|Protect|p1a: Florges\n|-singleturn|p1a: Florges|Protect\n|move|p1b: Regice|Protect|p1b: Regice\n|-singleturn|p1b: Regice|Protect\n|move|p2a: Lugia|Calm Mind|p2a: Lugia\n|-boost|p2a: Lugia|spa|1\n|-boost|p2a: Lugia|spd|1\n|move|p2b: Regirock|Body Press|p1b: Regice\n|-activate|p1b: Regice|move: Protect\n|\n|-heal|p2a: Lugia|268/268|[from] item: Leftovers\n|-heal|p2b: Regirock|258/265|[from] item: Leftovers\n|-end|p2b: Regirock|move: Yawn|[silent]\n|-status|p2b: Regirock|slp\n|upkeep\n|turn|10\n|\n|t:|1771011673\n|move|p1a: Florges|Calm Mind|p1a: Florges\n|-boost|p1a: Florges|spa|1\n|-boost|p1a: Florges|spd|1\n|move|p1b: Regice|Ice Beam|p2a: Lugia\n|-supereffective|p2a: Lugia\n|-damage|p2a: Lugia|229/268\n|move|p2a: Lugia|Aeroblast|p1a: Florges\n|-damage|p1a: Florges|208/268\n|cant|p2b: Regirock|slp\n|\n|-heal|p1a: Florges|224/268|[from] item: Leftovers\n|-heal|p2a: Lugia|245/268|[from] item: Leftovers\n|-heal|p2b: Regirock|265/265 slp|[from] item: Leftovers\n|upkeep\n|turn|11\n|\n|t:|1771011699\n|move|p1a: Florges|Calm Mind|p1a: Florges\n|-boost|p1a: Florges|spa|1\n|-boost|p1a: Florges|spd|1\n|move|p2a: Lugia|Calm Mind|p2a: Lugia\n|-boost|p2a: Lugia|spa|1\n|-boost|p2a: Lugia|spd|1\n|move|p1b: Regice|Ice Beam|p2a: Lugia\n|-supereffective|p2a: Lugia\n|-damage|p2a: Lugia|185/268\n|-status|p2a: Lugia|frz\n|-curestatus|p2b: Regirock|slp|[msg]\n|move|p2b: Regirock|Body Press|p1b: Regice\n|-supereffective|p1b: Regice\n|-damage|p1b: Regice|0 fnt\n|faint|p1b: Regice\n|\n|-heal|p1a: Florges|240/268|[from] item: Leftovers\n|-heal|p2a: Lugia|201/268 frz|[from] item: Leftovers\n|upkeep\n|turn|12\n|\n|t:|1771011745\n|move|p1a: Florges|Dazzling Gleam|p2a: Lugia|[spread] p2a,p2b\n|-supereffective|p2b: Regirock\n|-damage|p2a: Lugia|161/268 frz\n|-damage|p2b: Regirock|7/265\n|cant|p2a: Lugia|frz\n|move|p2b: Regirock|Body Press|p1a: Florges\n|-resisted|p1a: Florges\n|-damage|p1a: Florges|60/268\n|\n|-heal|p1a: Florges|76/268|[from] item: Leftovers\n|-heal|p2a: Lugia|177/268 frz|[from] item: Leftovers\n|-heal|p2b: Regirock|23/265|[from] item: Leftovers\n|upkeep\n|turn|13\n|\n|t:|1771011777\n|move|p1a: Florges|Dazzling Gleam|p2a: Lugia|[spread] p2a,p2b\n|-supereffective|p2b: Regirock\n|-damage|p2a: Lugia|132/268 frz\n|-damage|p2b: Regirock|0 fnt\n|faint|p2b: Regirock\n|cant|p2a: Lugia|frz\n|\n|-heal|p1a: Florges|92/268|[from] item: Leftovers\n|-heal|p2a: Lugia|148/268 frz|[from] item: Leftovers\n|upkeep\n|turn|14\n|\n|t:|1771011795\n|move|p1a: Florges|Synthesis|p1a: Florges\n|-heal|p1a: Florges|226/268\n|cant|p2a: Lugia|frz\n|\n|-heal|p1a: Florges|242/268|[from] item: Leftovers\n|-heal|p2a: Lugia|164/268 frz|[from] item: Leftovers\n|upkeep\n|turn|15\n|\n|t:|1771011812\n|move|p1a: Florges|Calm Mind|p1a: Florges\n|-boost|p1a: Florges|spa|1\n|-boost|p1a: Florges|spd|1\n|-curestatus|p2a: Lugia|frz|[msg]\n|move|p2a: Lugia|Aeroblast|p1a: Florges\n|-damage|p1a: Florges|193/268\n|\n|-heal|p1a: Florges|209/268|[from] item: Leftovers\n|-heal|p2a: Lugia|180/268|[from] item: Leftovers\n|upkeep\n|turn|16\n|\n|t:|1771011825\n|move|p1a: Florges|Dazzling Gleam|p2a: Lugia\n|-damage|p2a: Lugia|114/268\n|move|p2a: Lugia|Recover|p2a: Lugia\n|-heal|p2a: Lugia|248/268\n|\n|-heal|p1a: Florges|225/268|[from] item: Leftovers\n|-heal|p2a: Lugia|264/268|[from] item: Leftovers\n|upkeep\n|turn|17\n|\n|t:|1771011839\n|move|p1a: Florges|Calm Mind|p1a: Florges\n|-boost|p1a: Florges|spa|1\n|-boost|p1a: Florges|spd|1\n|move|p2a: Lugia|Calm Mind|p2a: Lugia\n|-boost|p2a: Lugia|spa|1\n|-boost|p2a: Lugia|spd|1\n|\n|-heal|p1a: Florges|241/268|[from] item: Leftovers\n|-heal|p2a: Lugia|268/268|[from] item: Leftovers\n|upkeep\n|turn|18\n|\n|t:|1771011847\n|move|p1a: Florges|Calm Mind|p1a: Florges\n|-boost|p1a: Florges|spa|1\n|-boost|p1a: Florges|spd|1\n|move|p2a: Lugia|Calm Mind|p2a: Lugia\n|-boost|p2a: Lugia|spa|1\n|-boost|p2a: Lugia|spd|1\n|\n|-heal|p1a: Florges|257/268|[from] item: Leftovers\n|upkeep\n|turn|19\n|\n|t:|1771011855\n|move|p1a: Florges|Calm Mind|p1a: Florges\n|-boost|p1a: Florges|spa|1\n|-boost|p1a: Florges|spd|1\n|move|p2a: Lugia|Calm Mind|p2a: Lugia\n|-boost|p2a: Lugia|spa|1\n|-boost|p2a: Lugia|spd|1\n|\n|-heal|p1a: Florges|268/268|[from] item: Leftovers\n|upkeep\n|turn|20\n|\n|t:|1771011860\n|move|p1a: Florges|Protect|p1a: Florges\n|-singleturn|p1a: Florges|Protect\n|move|p2a: Lugia|Aeroblast|p1a: Florges\n|-activate|p1a: Florges|move: Protect\n|\n|upkeep\n|turn|21\n|\n|t:|1771011867\n|move|p1a: Florges|Dazzling Gleam|p2a: Lugia\n|-damage|p2a: Lugia|235/268\n|move|p2a: Lugia|Aeroblast|p1a: Florges\n|-damage|p1a: Florges|217/268\n|\n|-heal|p1a: Florges|233/268|[from] item: Leftovers\n|-heal|p2a: Lugia|251/268|[from] item: Leftovers\n|upkeep\n|turn|22\n|\n|t:|1771011886\n|move|p1a: Florges|Synthesis|p1a: Florges\n|-heal|p1a: Florges|268/268\n|move|p2a: Lugia|Calm Mind|p2a: Lugia\n|-boost|p2a: Lugia|spa|0\n|-boost|p2a: Lugia|spd|0\n|\n|-heal|p2a: Lugia|267/268|[from] item: Leftovers\n|upkeep\n|turn|23\n|\n|t:|1771011891\n|move|p1a: Florges|Dazzling Gleam|p2a: Lugia\n|-damage|p2a: Lugia|195/268\n|move|p2a: Lugia|Earth Power|p1a: Florges\n|-damage|p1a: Florges|241/268\n|\n|-heal|p1a: Florges|257/268|[from] item: Leftovers\n|-heal|p2a: Lugia|211/268|[from] item: Leftovers\n|upkeep\n|turn|24\n|\n|t:|1771011896\n|move|p1a: Florges|Dazzling Gleam|p2a: Lugia\n|-damage|p2a: Lugia|138/268\n|move|p2a: Lugia|Earth Power|p1a: Florges\n|-damage|p1a: Florges|230/268\n|\n|-heal|p1a: Florges|246/268|[from] item: Leftovers\n|-heal|p2a: Lugia|154/268|[from] item: Leftovers\n|upkeep\n|turn|25\n|\n|t:|1771011902\n|move|p1a: Florges|Dazzling Gleam|p2a: Lugia\n|-damage|p2a: Lugia|84/268\n|move|p2a: Lugia|Recover|p2a: Lugia\n|-heal|p2a: Lugia|218/268\n|\n|-heal|p1a: Florges|262/268|[from] item: Leftovers\n|-heal|p2a: Lugia|234/268|[from] item: Leftovers\n|upkeep\n|turn|26\n|\n|t:|1771011917\n|move|p1a: Florges|Dazzling Gleam|p2a: Lugia\n|-damage|p2a: Lugia|164/268\n|move|p2a: Lugia|Earth Power|p1a: Florges\n|-damage|p1a: Florges|235/268\n|\n|-heal|p1a: Florges|251/268|[from] item: Leftovers\n|-heal|p2a: Lugia|180/268|[from] item: Leftovers\n|upkeep\n|turn|27\n|\n|t:|1771011923\n|move|p1a: Florges|Dazzling Gleam|p2a: Lugia\n|-damage|p2a: Lugia|113/268\n|move|p2a: Lugia|Aeroblast|p1a: Florges\n|-damage|p1a: Florges|205/268\n|\n|-heal|p1a: Florges|221/268|[from] item: Leftovers\n|-heal|p2a: Lugia|129/268|[from] item: Leftovers\n|upkeep\n|turn|28\n|\n|t:|1771011932\n|move|p1a: Florges|Dazzling Gleam|p2a: Lugia\n|-damage|p2a: Lugia|62/268\n|move|p2a: Lugia|Recover|p2a: Lugia\n|-heal|p2a: Lugia|196/268\n|\n|-heal|p1a: Florges|237/268|[from] item: Leftovers\n|-heal|p2a: Lugia|212/268|[from] item: Leftovers\n|upkeep\n|turn|29\n|\n|t:|1771011940\n|move|p1a: Florges|Protect|p1a: Florges\n|-singleturn|p1a: Florges|Protect\n|move|p2a: Lugia|Earth Power|p1a: Florges\n|-activate|p1a: Florges|move: Protect\n|\n|-heal|p1a: Florges|253/268|[from] item: Leftovers\n|-heal|p2a: Lugia|228/268|[from] item: Leftovers\n|upkeep\n|turn|30\n|\n|t:|1771011946\n|move|p1a: Florges|Dazzling Gleam|p2a: Lugia\n|-damage|p2a: Lugia|159/268\n|move|p2a: Lugia|Aeroblast|p1a: Florges\n|-damage|p1a: Florges|210/268\n|\n|-heal|p1a: Florges|226/268|[from] item: Leftovers\n|-heal|p2a: Lugia|175/268|[from] item: Leftovers\n|upkeep\n|turn|31\n|\n|t:|1771011956\n|move|p1a: Florges|Dazzling Gleam|p2a: Lugia\n|-damage|p2a: Lugia|103/268\n|move|p2a: Lugia|Recover|p2a: Lugia\n|-heal|p2a: Lugia|237/268\n|\n|-heal|p1a: Florges|242/268|[from] item: Leftovers\n|-heal|p2a: Lugia|253/268|[from] item: Leftovers\n|upkeep\n|turn|32\n|\n|t:|1771011965\n|move|p1a: Florges|Dazzling Gleam|p2a: Lugia\n|-damage|p2a: Lugia|177/268\n|move|p2a: Lugia|Earth Power|p1a: Florges\n|-damage|p1a: Florges|214/268\n|\n|-heal|p1a: Florges|230/268|[from] item: Leftovers\n|-heal|p2a: Lugia|193/268|[from] item: Leftovers\n|upkeep\n|turn|33\n|\n|t:|1771011991\n|move|p1a: Florges|Dazzling Gleam|p2a: Lugia\n|-damage|p2a: Lugia|127/268\n|move|p2a: Lugia|Earth Power|p1a: Florges\n|-damage|p1a: Florges|203/268\n|\n|-heal|p1a: Florges|219/268|[from] item: Leftovers\n|-heal|p2a: Lugia|143/268|[from] item: Leftovers\n|upkeep\n|turn|34\n|c|☆Motorgis|Bro just accept you can't win\n|\n|t:|1771012004\n|move|p1a: Florges|Dazzling Gleam|p2a: Lugia\n|-damage|p2a: Lugia|71/268\n|move|p2a: Lugia|Recover|p2a: Lugia\n|-heal|p2a: Lugia|205/268\n|\n|-heal|p1a: Florges|235/268|[from] item: Leftovers\n|-heal|p2a: Lugia|221/268|[from] item: Leftovers\n|upkeep\n|turn|35\n|c|☆Viviarno|i can tho\n|c|☆Motorgis|you can't\n|\n|t:|1771012024\n|move|p1a: Florges|Dazzling Gleam|p2a: Lugia\n|-damage|p2a: Lugia|143/268\n|move|p2a: Lugia|Earth Power|p1a: Florges\n|-damage|p1a: Florges|207/268\n|\n|-heal|p1a: Florges|223/268|[from] item: Leftovers\n|-heal|p2a: Lugia|159/268|[from] item: Leftovers\n|upkeep\n|turn|36\n|c|☆Viviarno|get a crit\n|\n|t:|1771012036\n|move|p1a: Florges|Synthesis|p1a: Florges\n|-heal|p1a: Florges|268/268\n|move|p2a: Lugia|Recover|p2a: Lugia\n|-heal|p2a: Lugia|268/268\n|\n|upkeep\n|turn|37\n|c|☆Motorgis|that don't kill me\n|\n|t:|1771012044\n|move|p1a: Florges|Calm Mind|p1a: Florges\n|-boost|p1a: Florges|spa|0\n|-boost|p1a: Florges|spd|0\n|move|p2a: Lugia|Earth Power|p1a: Florges\n|-damage|p1a: Florges|237/268\n|\n|-heal|p1a: Florges|253/268|[from] item: Leftovers\n|upkeep\n|turn|38\n|c|☆Viviarno|nope\n|c|☆Viviarno|you sure about that\n|c|☆Motorgis|i'm sure\n|\n|t:|1771012070\n|move|p1a: Florges|Protect|p1a: Florges\n|-singleturn|p1a: Florges|Protect\n|move|p2a: Lugia|Calm Mind|p2a: Lugia\n|-boost|p2a: Lugia|spa|0\n|-boost|p2a: Lugia|spd|0\n|\n|-heal|p1a: Florges|268/268|[from] item: Leftovers\n|upkeep\n|turn|39\n|\n|t:|1771012076\n|move|p1a: Florges|Calm Mind|p1a: Florges\n|-boost|p1a: Florges|spa|0\n|-boost|p1a: Florges|spd|0\n|move|p2a: Lugia|Earth Power|p1a: Florges\n|-damage|p1a: Florges|240/268\n|\n|-heal|p1a: Florges|256/268|[from] item: Leftovers\n|upkeep\n|turn|40\n|\n|t:|1771012084\n|move|p1a: Florges|Calm Mind|p1a: Florges\n|-boost|p1a: Florges|spa|0\n|-boost|p1a: Florges|spd|0\n|move|p2a: Lugia|Calm Mind|p2a: Lugia\n|-boost|p2a: Lugia|spa|0\n|-boost|p2a: Lugia|spd|0\n|\n|-heal|p1a: Florges|268/268|[from] item: Leftovers\n|upkeep\n|turn|41\n|\n|t:|1771012095\n|move|p1a: Florges|Calm Mind|p1a: Florges\n|-boost|p1a: Florges|spa|0\n|-boost|p1a: Florges|spd|0\n|move|p2a: Lugia|Calm Mind|p2a: Lugia\n|-boost|p2a: Lugia|spa|0\n|-boost|p2a: Lugia|spd|0\n|\n|upkeep\n|turn|42\n|c|☆Motorgis|you have less pp of me\n|\n|t:|1771012106\n|move|p1a: Florges|Calm Mind|p1a: Florges\n|-boost|p1a: Florges|spa|0\n|-boost|p1a: Florges|spd|0\n|move|p2a: Lugia|Earth Power|p1a: Florges\n|-damage|p1a: Florges|238/268\n|\n|-heal|p1a: Florges|254/268|[from] item: Leftovers\n|upkeep\n|turn|43\n|\n|t:|1771012112\n|move|p1a: Florges|Calm Mind|p1a: Florges\n|-boost|p1a: Florges|spa|0\n|-boost|p1a: Florges|spd|0\n|move|p2a: Lugia|Earth Power|p1a: Florges\n|-damage|p1a: Florges|228/268\n|\n|-heal|p1a: Florges|244/268|[from] item: Leftovers\n|upkeep\n|turn|44\n|c|☆Motorgis|you can't win\n|\n|t:|1771012125\n|move|p1a: Florges|Calm Mind|p1a: Florges\n|-boost|p1a: Florges|spa|0\n|-boost|p1a: Florges|spd|0\n|move|p2a: Lugia|Calm Mind|p2a: Lugia\n|-boost|p2a: Lugia|spa|0\n|-boost|p2a: Lugia|spd|0\n|\n|-heal|p1a: Florges|260/268|[from] item: Leftovers\n|upkeep\n|turn|45\n|\n|t:|1771012128\n|move|p1a: Florges|Calm Mind|p1a: Florges\n|-boost|p1a: Florges|spa|0\n|-boost|p1a: Florges|spd|0\n|move|p2a: Lugia|Earth Power|p1a: Florges\n|-damage|p1a: Florges|232/268\n|\n|-heal|p1a: Florges|248/268|[from] item: Leftovers\n|upkeep\n|turn|46\n|\n|t:|1771012132\n|move|p1a: Florges|Calm Mind|p1a: Florges\n|-boost|p1a: Florges|spa|0\n|-boost|p1a: Florges|spd|0\n|move|p2a: Lugia|Earth Power|p1a: Florges\n|-damage|p1a: Florges|220/268\n|\n|-heal|p1a: Florges|236/268|[from] item: Leftovers\n|upkeep\n|turn|47\n|\n|t:|1771012135\n|move|p1a: Florges|Protect|p1a: Florges\n|-singleturn|p1a: Florges|Protect\n|move|p2a: Lugia|Earth Power|p1a: Florges\n|-activate|p1a: Florges|move: Protect\n|\n|-heal|p1a: Florges|252/268|[from] item: Leftovers\n|upkeep\n|turn|48\n|\n|t:|1771012140\n|move|p1a: Florges|Calm Mind|p1a: Florges\n|-boost|p1a: Florges|spa|0\n|-boost|p1a: Florges|spd|0\n|move|p2a: Lugia|Earth Power|p1a: Florges\n|-damage|p1a: Florges|226/268\n|\n|-heal|p1a: Florges|242/268|[from] item: Leftovers\n|upkeep\n|turn|49\n|c|☆Viviarno|the bad rng got me then\n|c|☆Motorgis|me too\n|\n|t:|1771012161\n|move|p1a: Florges|Protect|p1a: Florges\n|-singleturn|p1a: Florges|Protect\n|move|p2a: Lugia|Calm Mind|p2a: Lugia\n|-boost|p2a: Lugia|spa|0\n|-boost|p2a: Lugia|spd|0\n|\n|-heal|p1a: Florges|258/268|[from] item: Leftovers\n|upkeep\n|turn|50\n|\n|t:|1771012168\n|move|p1a: Florges|Calm Mind|p1a: Florges\n|-boost|p1a: Florges|spa|0\n|-boost|p1a: Florges|spd|0\n|move|p2a: Lugia|Calm Mind|p2a: Lugia\n|-boost|p2a: Lugia|spa|0\n|-boost|p2a: Lugia|spd|0\n|\n|-heal|p1a: Florges|268/268|[from] item: Leftovers\n|upkeep\n|turn|51\n|c|☆Viviarno|the freeze\n|c|☆Viviarno|and trhen not thawing\n|\n|t:|1771012184\n|move|p1a: Florges|Calm Mind|p1a: Florges\n|-boost|p1a: Florges|spa|0\n|-boost|p1a: Florges|spd|0\n|move|p2a: Lugia|Calm Mind|p2a: Lugia\n|-boost|p2a: Lugia|spa|0\n|-boost|p2a: Lugia|spd|0\n|\n|upkeep\n|turn|52\n|c|☆Motorgis|and i don't hit you a crit too\n|\n|t:|1771012191\n|move|p1a: Florges|Calm Mind|p1a: Florges\n|-boost|p1a: Florges|spa|0\n|-boost|p1a: Florges|spd|0\n|move|p2a: Lugia|Calm Mind|p2a: Lugia\n|-boost|p2a: Lugia|spa|0\n|-boost|p2a: Lugia|spd|0\n|\n|upkeep\n|turn|53\n|\n|t:|1771012195\n|move|p1a: Florges|Calm Mind|p1a: Florges\n|-boost|p1a: Florges|spa|0\n|-boost|p1a: Florges|spd|0\n|move|p2a: Lugia|Calm Mind|p2a: Lugia\n|-boost|p2a: Lugia|spa|0\n|-boost|p2a: Lugia|spd|0\n|\n|upkeep\n|turn|54\n|\n|t:|1771012198\n|move|p1a: Florges|Calm Mind|p1a: Florges\n|-boost|p1a: Florges|spa|0\n|-boost|p1a: Florges|spd|0\n|move|p2a: Lugia|Calm Mind|p2a: Lugia\n|-boost|p2a: Lugia|spa|0\n|-boost|p2a: Lugia|spd|0\n|\n|upkeep\n|turn|55\n|\n|t:|1771012209\n|move|p1a: Florges|Calm Mind|p1a: Florges\n|-boost|p1a: Florges|spa|0\n|-boost|p1a: Florges|spd|0\n|move|p2a: Lugia|Calm Mind|p2a: Lugia\n|-boost|p2a: Lugia|spa|0\n|-boost|p2a: Lugia|spd|0\n|\n|upkeep\n|turn|56\n|c|☆Viviarno|didnt help you have atrev\n|c|☆Viviarno|that was super eff on 5 of my mons\n|\n|t:|1771012228\n|move|p1a: Florges|Calm Mind|p1a: Florges\n|-boost|p1a: Florges|spa|0\n|-boost|p1a: Florges|spd|0\n|move|p2a: Lugia|Calm Mind|p2a: Lugia\n|-boost|p2a: Lugia|spa|0\n|-boost|p2a: Lugia|spd|0\n|\n|upkeep\n|turn|57\n|c|☆Motorgis|true xd\n|\n|t:|1771012235\n|move|p1a: Florges|Calm Mind|p1a: Florges\n|-boost|p1a: Florges|spa|0\n|-boost|p1a: Florges|spd|0\n|move|p2a: Lugia|Calm Mind|p2a: Lugia\n|-boost|p2a: Lugia|spa|0\n|-boost|p2a: Lugia|spd|0\n|\n|upkeep\n|turn|58\n|\n|t:|1771012242\n|move|p1a: Florges|Calm Mind|p1a: Florges\n|-boost|p1a: Florges|spa|0\n|-boost|p1a: Florges|spd|0\n|move|p2a: Lugia|Calm Mind|p2a: Lugia\n|-boost|p2a: Lugia|spa|0\n|-boost|p2a: Lugia|spd|0\n|\n|upkeep\n|turn|59\n|\n|t:|1771012245\n|move|p1a: Florges|Calm Mind|p1a: Florges\n|-boost|p1a: Florges|spa|0\n|-boost|p1a: Florges|spd|0\n|move|p2a: Lugia|Calm Mind|p2a: Lugia\n|-boost|p2a: Lugia|spa|0\n|-boost|p2a: Lugia|spd|0\n|\n|upkeep\n|turn|60\n|\n|t:|1771012247\n|move|p1a: Florges|Calm Mind|p1a: Florges\n|-boost|p1a: Florges|spa|0\n|-boost|p1a: Florges|spd|0\n|move|p2a: Lugia|Calm Mind|p2a: Lugia\n|-boost|p2a: Lugia|spa|0\n|-boost|p2a: Lugia|spd|0\n|\n|upkeep\n|turn|61\n|\n|t:|1771012249\n|move|p1a: Florges|Calm Mind|p1a: Florges\n|-boost|p1a: Florges|spa|0\n|-boost|p1a: Florges|spd|0\n|move|p2a: Lugia|Calm Mind|p2a: Lugia\n|-boost|p2a: Lugia|spa|0\n|-boost|p2a: Lugia|spd|0\n|\n|upkeep\n|turn|62\n|\n|t:|1771012250\n|move|p1a: Florges|Calm Mind|p1a: Florges\n|-boost|p1a: Florges|spa|0\n|-boost|p1a: Florges|spd|0\n|move|p2a: Lugia|Calm Mind|p2a: Lugia\n|-boost|p2a: Lugia|spa|0\n|-boost|p2a: Lugia|spd|0\n|\n|upkeep\n|turn|63\n|\n|t:|1771012252\n|move|p1a: Florges|Calm Mind|p1a: Florges\n|-boost|p1a: Florges|spa|0\n|-boost|p1a: Florges|spd|0\n|move|p2a: Lugia|Calm Mind|p2a: Lugia\n|-boost|p2a: Lugia|spa|0\n|-boost|p2a: Lugia|spd|0\n|\n|upkeep\n|turn|64\n|\n|t:|1771012253\n|move|p1a: Florges|Calm Mind|p1a: Florges\n|-boost|p1a: Florges|spa|0\n|-boost|p1a: Florges|spd|0\n|move|p2a: Lugia|Calm Mind|p2a: Lugia\n|-boost|p2a: Lugia|spa|0\n|-boost|p2a: Lugia|spd|0\n|\n|upkeep\n|turn|65\n|\n|t:|1771012254\n|move|p1a: Florges|Calm Mind|p1a: Florges\n|-boost|p1a: Florges|spa|0\n|-boost|p1a: Florges|spd|0\n|move|p2a: Lugia|Calm Mind|p2a: Lugia\n|-boost|p2a: Lugia|spa|0\n|-boost|p2a: Lugia|spd|0\n|\n|upkeep\n|turn|66\n|\n|t:|1771012256\n|move|p1a: Florges|Protect|p1a: Florges\n|-singleturn|p1a: Florges|Protect\n|move|p2a: Lugia|Calm Mind|p2a: Lugia\n|-boost|p2a: Lugia|spa|0\n|-boost|p2a: Lugia|spd|0\n|\n|upkeep\n|turn|67\n|\n|t:|1771012257\n|move|p1a: Florges|Protect||[still]\n|-fail|p1a: Florges\n|move|p2a: Lugia|Calm Mind|p2a: Lugia\n|-boost|p2a: Lugia|spa|0\n|-boost|p2a: Lugia|spd|0\n|\n|upkeep\n|turn|68\n|\n|t:|1771012259\n|move|p1a: Florges|Protect|p1a: Florges\n|-singleturn|p1a: Florges|Protect\n|move|p2a: Lugia|Calm Mind|p2a: Lugia\n|-boost|p2a: Lugia|spa|0\n|-boost|p2a: Lugia|spd|0\n|\n|upkeep\n|turn|69\n|\n|t:|1771012262\n|move|p1a: Florges|Protect||[still]\n|-fail|p1a: Florges\n|move|p2a: Lugia|Calm Mind|p2a: Lugia\n|-boost|p2a: Lugia|spa|0\n|-boost|p2a: Lugia|spd|0\n|\n|upkeep\n|turn|70\n|\n|t:|1771012265\n|move|p1a: Florges|Protect|p1a: Florges\n|-singleturn|p1a: Florges|Protect\n|move|p2a: Lugia|Recover||[still]\n|-fail|p2a: Lugia|heal\n|\n|upkeep\n|turn|71\n|\n|t:|1771012267\n|move|p1a: Florges|Protect|p1a: Florges\n|-singleturn|p1a: Florges|Protect\n|move|p2a: Lugia|Recover||[still]\n|-fail|p2a: Lugia|heal\n|\n|upkeep\n|turn|72\n|\n|t:|1771012273\n|move|p1a: Florges|Protect||[still]\n|-fail|p1a: Florges\n|-activate|p2a: Lugia|move: Struggle\n|move|p2a: Lugia|Struggle|p1a: Florges\n|-damage|p1a: Florges|244/268\n|-damage|p2a: Lugia|201/268|[from] recoil\n|\n|-heal|p1a: Florges|260/268|[from] item: Leftovers\n|-heal|p2a: Lugia|217/268|[from] item: Leftovers\n|upkeep\n|turn|73\n|\n|t:|1771012278\n|move|p1a: Florges|Protect|p1a: Florges\n|-singleturn|p1a: Florges|Protect\n|-activate|p2a: Lugia|move: Struggle\n|move|p2a: Lugia|Struggle|p1a: Florges\n|-activate|p1a: Florges|move: Protect\n|\n|-heal|p1a: Florges|268/268|[from] item: Leftovers\n|-heal|p2a: Lugia|233/268|[from] item: Leftovers\n|upkeep\n|turn|74\n|\n|t:|1771012287\n|move|p1a: Florges|Protect||[still]\n|-fail|p1a: Florges\n|-activate|p2a: Lugia|move: Struggle\n|move|p2a: Lugia|Struggle|p1a: Florges\n|-damage|p1a: Florges|246/268\n|-damage|p2a: Lugia|166/268|[from] recoil\n|\n|-heal|p1a: Florges|262/268|[from] item: Leftovers\n|-heal|p2a: Lugia|182/268|[from] item: Leftovers\n|upkeep\n|turn|75\n|c|☆Viviarno|watch me crit this\n|c|☆Viviarno|after not criting the aero which is high crit\n|\n|t:|1771012302\n|move|p1a: Florges|Protect|p1a: Florges\n|-singleturn|p1a: Florges|Protect\n|-activate|p2a: Lugia|move: Struggle\n|move|p2a: Lugia|Struggle|p1a: Florges\n|-activate|p1a: Florges|move: Protect\n|\n|-heal|p1a: Florges|268/268|[from] item: Leftovers\n|-heal|p2a: Lugia|198/268|[from] item: Leftovers\n|upkeep\n|turn|76\n|c|☆Motorgis|i'm watching you\n|\n|t:|1771012311\n|move|p1a: Florges|Synthesis|p1a: Florges\n|-fail|p1a: Florges|heal\n|-activate|p2a: Lugia|move: Struggle\n|move|p2a: Lugia|Struggle|p1a: Florges\n|-damage|p1a: Florges|246/268\n|-damage|p2a: Lugia|131/268|[from] recoil\n|\n|-heal|p1a: Florges|262/268|[from] item: Leftovers\n|-heal|p2a: Lugia|147/268|[from] item: Leftovers\n|upkeep\n|turn|77\n|\n|t:|1771012317\n|move|p1a: Florges|Synthesis|p1a: Florges\n|-heal|p1a: Florges|268/268\n|-activate|p2a: Lugia|move: Struggle\n|move|p2a: Lugia|Struggle|p1a: Florges\n|-damage|p1a: Florges|245/268\n|-damage|p2a: Lugia|80/268|[from] recoil\n|\n|-heal|p1a: Florges|261/268|[from] item: Leftovers\n|-heal|p2a: Lugia|96/268|[from] item: Leftovers\n|upkeep\n|turn|78\n|\n|t:|1771012323\n|move|p1a: Florges|Synthesis|p1a: Florges\n|-heal|p1a: Florges|268/268\n|-activate|p2a: Lugia|move: Struggle\n|move|p2a: Lugia|Struggle|p1a: Florges\n|-damage|p1a: Florges|244/268\n|-damage|p2a: Lugia|29/268|[from] recoil\n|\n|-heal|p1a: Florges|260/268|[from] item: Leftovers\n|-heal|p2a: Lugia|45/268|[from] item: Leftovers\n|upkeep\n|turn|79\n|\n|t:|1771012325\n|move|p1a: Florges|Synthesis|p1a: Florges\n|-heal|p1a: Florges|268/268\n|-activate|p2a: Lugia|move: Struggle\n|move|p2a: Lugia|Struggle|p1a: Florges\n|-damage|p1a: Florges|244/268\n|-damage|p2a: Lugia|0 fnt|[from] recoil\n|faint|p2a: Lugia\n|\n|win|Motorgis\n|raw|Motorgis's rating: 1587 &rarr; <strong>1604</strong><br />(+17 for winning)\n|raw|Viviarno's rating: 1539 &rarr; <strong>1522</strong><br />(-17 for losing)\n|l|☆Viviarno\n|player|p2|\n|c|☆Motorgis|i tell you\n", "inputlog": ">version ccdc32dd7cde25fd9e4bed64820e885f66e78a4e\n>start {\"formatid\":\"gen9randomdoublesbattle\",\"seed\":\"sodium,10ec297227f2a1a26ce39d48343f79a3\",\"rated\":\"Rated battle\"}\n>player p1 {\"name\":\"Motorgis\",\"avatar\":\"biker-gen4\",\"rating\":1587,\"seed\":\"sodium,bd9d0b6bd7353bec17ad370072d505b4\"}\n>player p2 {\"name\":\"Viviarno\",\"avatar\":\"265\",\"rating\":1539,\"seed\":\"sodium,0e5139f44c48fe89cd9d0d9942a61226\"}\n>p1 move fakeout +1, move trickroom\n>p2 move knockoff +2, switch 5\n>p1 move coaching -2, move poltergeist +2\n>p2 move knockoff +2, move trickroom\n>p2 pass, switch 4\n>p1 move coaching -2, move woodhammer +2\n>p2 move knockoff +2, move icywind\n>p2 pass, switch 5\n>p1 move closecombat +1, move woodhammer +2\n>p2 move doubleedge +1, move jetpunch +2\n>p1 pass, switch 5\n>p2 switch 3, pass\n>p1 move knockoff +1 terastallize, move tailwind\n>p2 move calmmind, move jetpunch +1\n>p1 switch 4, pass\n>p1 move helpinghand -2, move bravebird +2\n>p2 move aeroblast +2, move jetpunch +1\n>p1 move helpinghand -2, move bravebird +2\n>p2 move aeroblast +2, move jetpunch +1\n>p1 pass, switch 6\n>p2 pass, switch 6\n>p1 move yawn +2, move icywind\n>p2 move earthpower +1, move irondefense\n>p1 switch 3, pass\n>p1 move protect, move protect\n>p2 move calmmind, move bodypress +2 terastallize\n>p1 move calmmind, move icebeam +1\n>p2 move aeroblast +1, move bodypress +2\n>p1 move calmmind, move icebeam +1\n>p2 move calmmind, move bodypress +2\n>p1 move dazzlinggleam, pass\n>p2 move aeroblast +1, move bodypress +1\n>p1 move dazzlinggleam, pass\n>p2 move aeroblast +1, move bodypress +1\n>p1 move synthesis, pass\n>p2 move aeroblast +1, pass\n>p1 move calmmind, pass\n>p2 move aeroblast +1, pass\n>p1 move dazzlinggleam, pass\n>p2 move recover, pass\n>p1 move calmmind, pass\n>p2 move calmmind, pass\n>p1 move calmmind, pass\n>p2 move calmmind, pass\n>p1 move calmmind, pass\n>p2 move calmmind, pass\n>p1 move protect, pass\n>p2 move aeroblast +1, pass\n>p1 move dazzlinggleam, pass\n>p2 move aeroblast +1, pass\n>p1 move synthesis, pass\n>p2 move calmmind, pass\n>p1 move dazzlinggleam, pass\n>p2 move earthpower +1, pass\n>p1 move dazzlinggleam, pass\n>p2 move earthpower +1, pass\n>p1 move dazzlinggleam, pass\n>p2 move recover, pass\n>p1 move dazzlinggleam, pass\n>p2 move earthpower +1, pass\n>p1 move dazzlinggleam, pass\n>p2 move aeroblast +1, pass\n>p1 move dazzlinggleam, pass\n>p2 move recover, pass\n>p1 move protect, pass\n>p2 move earthpower +1, pass\n>p1 move dazzlinggleam, pass\n>p2 move aeroblast +1, pass\n>p1 move dazzlinggleam, pass\n>p2 move recover, pass\n>p1 move dazzlinggleam, pass\n>p2 move earthpower +1, pass\n>p1 move dazzlinggleam, pass\n>p2 move earthpower +1, pass\n>chat ☆Motorgis|Bro just accept you can't win\n>p1 move dazzlinggleam, pass\n>p2 move recover, pass\n>chat ☆Viviarno|i can tho\n>chat ☆Motorgis|you can't\n>p1 move dazzlinggleam, pass\n>p2 move earthpower +1, pass\n>chat ☆Viviarno|get a crit\n>p1 move synthesis, pass\n>p2 move recover, pass\n>chat ☆Motorgis|that don't kill me\n>p1 move calmmind, pass\n>p2 move earthpower +1, pass\n>chat ☆Viviarno|nope\n>chat ☆Viviarno|you sure about that\n>chat ☆Motorgis|i'm sure\n>p1 move protect, pass\n>p2 move calmmind, pass\n>p1 move calmmind, pass\n>p2 move earthpower +1, pass\n>p1 move calmmind, pass\n>p2 move calmmind, pass\n>p1 move calmmind, pass\n>p2 move calmmind, pass\n>chat ☆Motorgis|you have less pp of me\n>p1 move calmmind, pass\n>p2 move earthpower +1, pass\n>p1 move calmmind, pass\n>p2 move earthpower +1, pass\n>chat ☆Motorgis|you can't win\n>p1 move calmmind, pass\n>p2 move calmmind, pass\n>p1 move calmmind, pass\n>p2 move earthpower +1, pass\n>p1 move calmmind, pass\n>p2 move earthpower +1, pass\n>p1 move protect, pass\n>p2 move earthpower +1, pass\n>p1 move calmmind, pass\n>p2 move earthpower +1, pass\n>chat ☆Viviarno|the bad rng got me then\n>chat ☆Motorgis|me too\n>p1 move protect, pass\n>p2 move calmmind, pass\n>p1 move calmmind, pass\n>p2 move calmmind, pass\n>chat ☆Viviarno|the freeze\n>chat ☆Viviarno|and trhen not thawing\n>p1 move calmmind, pass\n>p2 move calmmind, pass\n>chat ☆Motorgis|and i don't hit you a crit too\n>p1 move calmmind, pass\n>p2 move calmmind, pass\n>p1 move calmmind, pass\n>p2 move calmmind, pass\n>p1 move calmmind, pass\n>p2 move calmmind, pass\n>p1 move calmmind, pass\n>p2 move calmmind, pass\n>chat ☆Viviarno|didnt help you have atrev\n>chat ☆Viviarno|that was super eff on 5 of my mons\n>p1 move calmmind, pass\n>p2 move calmmind, pass\n>chat ☆Motorgis|true xd\n>p1 move calmmind, pass\n>p2 move calmmind, pass\n>p1 move calmmind, pass\n>p2 move calmmind, pass\n>p1 move calmmind, pass\n>p2 move calmmind, pass\n>p1 move calmmind, pass\n>p2 move calmmind, pass\n>p1 move calmmind, pass\n>p2 move calmmind, pass\n>p1 move calmmind, pass\n>p2 move calmmind, pass\n>p1 move calmmind, pass\n>p2 move calmmind, pass\n>p1 move calmmind, pass\n>p2 move calmmind, pass\n>p1 move calmmind, pass\n>p2 move calmmind, pass\n>p1 move protect, pass\n>p2 move calmmind, pass\n>p1 move protect, pass\n>p2 move calmmind, pass\n>p1 move protect, pass\n>p2 move calmmind, pass\n>p1 move protect, pass\n>p2 move calmmind, pass\n>p1 move protect, pass\n>p2 move recover, pass\n>p1 move protect, pass\n>p2 move recover, pass\n>p1 move protect, pass\n>p2 move struggle, pass\n>p1 move protect, pass\n>p2 move struggle, pass\n>p1 move protect, pass\n>p2 move struggle, pass\n>chat ☆Viviarno|watch me crit this \n>chat ☆Viviarno|after not criting the aero which is high crit\n>p1 move protect, pass\n>p2 move struggle, pass\n>chat ☆Motorgis|i'm watching you\n>p1 move synthesis, pass\n>p2 move struggle, pass\n>p1 move synthesis, pass\n>p2 move struggle, pass\n>p1 move synthesis, pass\n>p2 move struggle, pass\n>p1 move synthesis, pass\n>p2 move struggle, pass", "uploadtime": 1771012333, "views": 92, "formatid": "gen9randomdoublesbattle", "rating": 1522, "private": 0, "password": null}