{"id": "gen9randomdoublesbattle-2540022920", "format": "[Gen 9] Random Doubles Battle", "players": ["mu11731", "baseballlover"], "log": "|j|☆mu11731\n|j|☆baseballlover\n|t:|1771146781\n|gametype|doubles\n|player|p1|mu11731|medium|1567\n|player|p2|baseballlover|2|1611\n|gen|9\n|tier|[Gen 9] Random Doubles Battle\n|rated|\n|rule|Species Clause: Limit one of each Pokémon\n|rule|HP Percentage Mod: HP is shown in percentages\n|rule|Illusion Level Mod: Illusion disguises the Pokémon's true level\n|rule|Sleep Clause Mod: Limit one foe put to sleep\n|\n|t:|1771146781\n|teamsize|p1|6\n|teamsize|p2|6\n|start\n|switch|p1a: Bastiodon|Bastiodon, L89, M|252/252\n|switch|p1b: Vigoroth|Vigoroth, L91, M|293/293\n|switch|p2a: Urshifu|Urshifu, L75, F|274/274\n|switch|p2b: Uxie|Uxie, L85|266/266\n|turn|1\n|inactive|Battle timer is ON: inactive players will automatically lose when time's up. (requested by baseballlover)\n|inactive|mu11731 also wants the timer to be on.\n|inactive|mu11731 has 120 seconds left.\n|\n|t:|1771146814\n|switch|p1a: Scyther|Scyther, L80, M|243/243\n|move|p1b: Vigoroth|Thunder Wave|p2a: Urshifu\n|-status|p2a: Urshifu|par\n|move|p2b: Uxie|Stealth Rock|p1a: Scyther\n|-sidestart|p1: mu11731|move: Stealth Rock\n|move|p2a: Urshifu|Close Combat|p1b: Vigoroth\n|-supereffective|p1b: Vigoroth\n|-damage|p1b: Vigoroth|75/293\n|-unboost|p2a: Urshifu|def|1\n|-unboost|p2a: Urshifu|spd|1\n|-damage|p2a: Urshifu|247/274 par|[from] item: Life Orb\n|\n|upkeep\n|turn|2\n|\n|t:|1771146834\n|switch|p2a: Electivire|Electivire, L86, M|269/269\n|move|p1b: Vigoroth|Knock Off|p2b: Uxie\n|-supereffective|p2b: Uxie\n|-damage|p2b: Uxie|174/266\n|-enditem|p2b: Uxie|Sitrus Berry|[from] move: Knock Off|[of] p1b: Vigoroth\n|move|p1a: Scyther|Dual Wingbeat|p2a: Electivire\n|-resisted|p2a: Electivire\n|-damage|p2a: Electivire|228/269\n|-resisted|p2a: Electivire\n|-damage|p2a: Electivire|190/269\n|-hitcount|p2a: Electivire|2\n|move|p2b: Uxie|Thunder Wave|p1a: Scyther\n|-status|p1a: Scyther|par\n|\n|upkeep\n|turn|3\n|\n|t:|1771146862\n|switch|p2b: Pawmot|Pawmot, L80, F|243/243\n|move|p1b: Vigoroth|Thunder Wave|p2b: Pawmot\n|-immune|p2b: Pawmot|[from] ability: Volt Absorb\n|move|p2a: Electivire|Wild Charge|p1b: Vigoroth\n|-damage|p1b: Vigoroth|0 fnt\n|faint|p1b: Vigoroth\n|-damage|p2a: Electivire|171/269|[from] Recoil\n|-damage|p2a: Electivire|145/269|[from] item: Life Orb\n|move|p1a: Scyther|Tailwind|p1a: Scyther\n|-sidestart|p1: mu11731|move: Tailwind\n|\n|upkeep\n|inactive|mu11731 has 120 seconds left.\n|\n|t:|1771146877\n|switch|p1b: Bastiodon|Bastiodon, L89, M|252/252\n|-damage|p1b: Bastiodon|237/252|[from] Stealth Rock\n|turn|4\n|\n|t:|1771146894\n|move|p1a: Scyther|Protect|p1a: Scyther\n|-singleturn|p1a: Scyther|Protect\n|move|p2b: Pawmot|Close Combat|p1b: Bastiodon\n|-supereffective|p1b: Bastiodon\n|-damage|p1b: Bastiodon|0 fnt\n|-unboost|p2b: Pawmot|def|1\n|-unboost|p2b: Pawmot|spd|1\n|faint|p1b: Bastiodon\n|-damage|p2b: Pawmot|219/243|[from] item: Life Orb\n|move|p2a: Electivire|Wild Charge|p1a: Scyther\n|-activate|p1a: Scyther|move: Protect\n|\n|upkeep\n|inactive|mu11731 has 120 seconds left.\n|\n|t:|1771146913\n|switch|p1b: Flapple|Flapple, L95, M|287/287\n|-damage|p1b: Flapple|252/287|[from] Stealth Rock\n|turn|5\n|\n|t:|1771146943\n|-terastallize|p1b: Flapple|Fire\n|move|p2b: Pawmot|Protect|p2b: Pawmot\n|-singleturn|p2b: Pawmot|Protect\n|move|p2a: Electivire|Protect|p2a: Electivire\n|-singleturn|p2a: Electivire|Protect\n|move|p1b: Flapple|Dragon Dance|p1b: Flapple\n|-boost|p1b: Flapple|atk|1\n|-boost|p1b: Flapple|spe|1\n|move|p1a: Scyther|Bug Bite|p2a: Electivire\n|-activate|p2a: Electivire|move: Protect\n|\n|upkeep\n|turn|6\n|inactive|mu11731 has 120 seconds left.\n|\n|t:|1771146984\n|move|p1b: Flapple|Protect|p1b: Flapple\n|-singleturn|p1b: Flapple|Protect\n|cant|p1a: Scyther|par\n|move|p2b: Pawmot|Double Shock|p1a: Scyther\n|-supereffective|p1a: Scyther\n|-damage|p1a: Scyther|0 fnt\n|-start|p2b: Pawmot|typechange|???/Fighting|[from] move: Double Shock\n|faint|p1a: Scyther\n|-damage|p2b: Pawmot|195/243|[from] item: Life Orb\n|move|p2a: Electivire|Wild Charge|p1b: Flapple\n|-activate|p1b: Flapple|move: Protect\n|\n|-sideend|p1: mu11731|move: Tailwind\n|upkeep\n|\n|t:|1771147001\n|switch|p1a: Blastoise|Blastoise, L83, F|267/267\n|-damage|p1a: Blastoise|234/267|[from] Stealth Rock\n|turn|7\n|inactive|mu11731 has 120 seconds left.\n|inactive|baseballlover has 120 seconds left.\n|inactive|baseballlover has 90 seconds left.\n|\n|t:|1771147068\n|move|p1b: Flapple|Grav Apple|p2a: Electivire\n|-damage|p2a: Electivire|0 fnt\n|faint|p2a: Electivire\n|move|p2b: Pawmot|Close Combat|p1b: Flapple\n|-damage|p1b: Flapple|99/287\n|-unboost|p2b: Pawmot|def|1\n|-unboost|p2b: Pawmot|spd|1\n|-activate|p1b: Flapple|ability: Ripen\n|-enditem|p1b: Flapple|Sitrus Berry|[eat]\n|-heal|p1b: Flapple|241/287|[from] item: Sitrus Berry\n|-damage|p2b: Pawmot|171/243|[from] item: Life Orb\n|move|p1a: Blastoise|Shell Smash|p1a: Blastoise\n|-unboost|p1a: Blastoise|def|1\n|-unboost|p1a: Blastoise|spd|1\n|-boost|p1a: Blastoise|atk|2\n|-boost|p1a: Blastoise|spa|2\n|-boost|p1a: Blastoise|spe|2\n|-enditem|p1a: Blastoise|White Herb\n|-clearnegativeboost|p1a: Blastoise|[silent]\n|\n|upkeep\n|\n|t:|1771147094\n|switch|p2a: Azelf|Azelf, L83|260/260\n|turn|8\n|\n|t:|1771147120\n|switch|p2b: Urshifu|Urshifu, L75, F|247/274 par\n|move|p1a: Blastoise|Muddy Water|p2b: Urshifu|[spread] p2a,p2b\n|-damage|p2a: Azelf|106/260\n|-damage|p2b: Urshifu|67/274 par\n|-unboost|p2a: Azelf|accuracy|1\n|move|p1b: Flapple|Grav Apple|p2a: Azelf\n|-damage|p2a: Azelf|0 fnt\n|faint|p2a: Azelf\n|\n|upkeep\n|\n|t:|1771147146\n|switch|p2a: Pawmot|Pawmot, L80, F|171/243\n|turn|9\n|\n|t:|1771147169\n|move|p2b: Urshifu|Sucker Punch|p1b: Flapple\n|-damage|p1b: Flapple|154/287\n|-damage|p2b: Urshifu|40/274 par|[from] item: Life Orb\n|move|p1a: Blastoise|Muddy Water|p2a: Pawmot|[spread] p2a,p2b\n|-crit|p2a: Pawmot\n|-damage|p2a: Pawmot|0 fnt\n|-damage|p2b: Urshifu|0 fnt\n|faint|p2a: Pawmot\n|faint|p2b: Urshifu\n|move|p1b: Flapple|Grav Apple|p2: Pawmot|[notarget]\n|-fail|p1b: Flapple\n|\n|upkeep\n|\n|t:|1771147199\n|switch|p2a: Haxorus|Haxorus, L84, F|265/265\n|switch|p2b: Uxie|Uxie, L85|174/266\n|-ability|p2a: Haxorus|Unnerve\n|turn|10\n|\n|t:|1771147210\n|move|p1a: Blastoise|Dragon Pulse|p2a: Haxorus\n|-supereffective|p2a: Haxorus\n|-damage|p2a: Haxorus|33/265\n|move|p1b: Flapple|Grav Apple|p2b: Uxie\n|-damage|p2b: Uxie|47/266\n|-unboost|p2b: Uxie|def|1\n|move|p2a: Haxorus|Dragon Claw|p1b: Flapple\n|-damage|p1b: Flapple|0 fnt\n|faint|p1b: Flapple\n|-damage|p2a: Haxorus|7/265|[from] item: Life Orb\n|move|p2b: Uxie|Thunder Wave|p1a: Blastoise\n|-status|p1a: Blastoise|par\n|\n|upkeep\n|\n|t:|1771147217\n|switch|p1b: Raikou|Raikou, L81|278/278\n|-damage|p1b: Raikou|244/278|[from] Stealth Rock\n|turn|11\n|\n|t:|1771147232\n|move|p1b: Raikou|Scald|p2a: Haxorus\n|-resisted|p2a: Haxorus\n|-damage|p2a: Haxorus|0 fnt\n|faint|p2a: Haxorus\n|-damage|p1b: Raikou|217/278|[from] item: Life Orb\n|move|p2b: Uxie|Mystical Power|p1a: Blastoise\n|-damage|p1a: Blastoise|180/267 par\n|-boost|p2b: Uxie|spa|1\n|move|p1a: Blastoise|Muddy Water|p2b: Uxie\n|-damage|p2b: Uxie|0 fnt\n|faint|p2b: Uxie\n|\n|win|mu11731\n|raw|mu11731's rating: 1567 &rarr; <strong>1590</strong><br />(+23 for winning)\n|raw|baseballlover's rating: 1611 &rarr; <strong>1588</strong><br />(-23 for losing)\n", "inputlog": ">version 686819e5e19f8a7fd2345cfc5a08a5085efa2cc3\n>start {\"formatid\":\"gen9randomdoublesbattle\",\"seed\":\"sodium,efd179db9188cf549658004d53654a84\",\"rated\":\"Rated battle\"}\n>player p1 {\"name\":\"mu11731\",\"avatar\":\"medium\",\"rating\":1567,\"seed\":\"sodium,04b382055f24ed1e5f87232d84818a4d\"}\n>player p2 {\"name\":\"baseballlover\",\"avatar\":\"2\",\"rating\":1611,\"seed\":\"sodium,2cb821e8a211b95181c9a8e2566be4b8\"}\n>p1 switch 4, move thunderwave +1\n>p2 move closecombat +2, move stealthrock\n>p1 move dualwingbeat +1, move knockoff +2\n>p2 switch 6, move thunderwave +1\n>p1 move tailwind, move thunderwave +2\n>p2 move wildcharge +2, switch 3\n>p1 pass, switch 4\n>p1 move protect, move irondefense\n>p2 move wildcharge +1, move closecombat +2\n>p1 pass, switch 3\n>p1 move bugbite +1, move dragondance terastallize\n>p2 move protect, move protect\n>p1 move bugbite +1, move protect\n>p2 move wildcharge +2, move doubleshock +1\n>p1 switch 6, pass\n>p1 move shellsmash, move gravapple +1\n>p2 move wildcharge +1, move closecombat +2\n>p2 switch 5, pass\n>p1 move muddywater, move gravapple +1\n>p2 move psychic +2, switch 6\n>p2 switch 6, pass\n>p1 move muddywater, move gravapple +1\n>p2 move doubleshock +1, move suckerpunch +2\n>p2 switch 4, switch 3\n>p1 move dragonpulse +1, move gravapple +2\n>p2 move dragonclaw +2, move thunderwave +1\n>p1 pass, switch 5\n>p1 move muddywater, move scald +1\n>p2 move dragonclaw +2, move mysticalpower +1", "uploadtime": 1771147232, "views": 68, "formatid": "gen9randomdoublesbattle", "rating": 1588, "private": 0, "password": null}