{"id": "gen9randomdoublesbattle-2537040039", "format": "[Gen 9] Random Doubles Battle", "players": ["cobbwilli", "JaxAG"], "log": "|j|☆cobbwilli\n|j|☆JaxAG\n|t:|1770759426\n|gametype|doubles\n|player|p1|cobbwilli|101|1634\n|player|p2|JaxAG|unknown|1571\n|gen|9\n|tier|[Gen 9] Random Doubles Battle\n|rated|\n|rule|Species Clause: Limit one of each Pokémon\n|rule|HP Percentage Mod: HP is shown in percentages\n|rule|Illusion Level Mod: Illusion disguises the Pokémon's true level\n|rule|Sleep Clause Mod: Limit one foe put to sleep\n|\n|t:|1770759426\n|teamsize|p1|6\n|teamsize|p2|6\n|start\n|switch|p1a: Lanturn|Lanturn, L87, M|359/359\n|switch|p1b: Spectrier|Spectrier, L77|281/281\n|switch|p2a: Tropius|Tropius, L94, F|339/339\n|switch|p2b: Wo-Chien|Wo-Chien, L85|283/283\n|-ability|p2b: Wo-Chien|Tablets of Ruin\n|turn|1\n|\n|t:|1770759452\n|switch|p2a: Vikavolt|Vikavolt, L84, M|267/267\n|move|p1b: Spectrier|Draining Kiss|p2b: Wo-Chien\n|-supereffective|p2b: Wo-Chien\n|-damage|p2b: Wo-Chien|202/283\n|-damage|p1b: Spectrier|253/281|[from] item: Life Orb\n|move|p2b: Wo-Chien|Leech Seed|p1a: Lanturn\n|-start|p1a: Lanturn|move: Leech Seed\n|move|p1a: Lanturn|Ice Beam|p2a: Vikavolt\n|-damage|p2a: Vikavolt|205/267\n|\n|-damage|p1a: Lanturn|315/359|[from] Leech Seed|[of] p2b: Wo-Chien\n|-heal|p2b: Wo-Chien|246/283|[silent]\n|upkeep\n|turn|2\n|\n|t:|1770759484\n|switch|p1a: Volbeat|Volbeat, L82, M|241/241\n|move|p1b: Spectrier|Nasty Plot|p1b: Spectrier\n|-boost|p1b: Spectrier|spa|2\n|move|p2b: Wo-Chien|Knock Off|p1b: Spectrier\n|-supereffective|p1b: Spectrier\n|-damage|p1b: Spectrier|0 fnt\n|-enditem|p1b: Spectrier|Life Orb|[from] move: Knock Off|[of] p2b: Wo-Chien\n|faint|p1b: Spectrier\n|move|p2a: Vikavolt|Sticky Web|p1a: Volbeat\n|-sidestart|p1: cobbwilli|move: Sticky Web\n|\n|upkeep\n|\n|t:|1770759513\n|switch|p1b: Lanturn|Lanturn, L87, M|315/359\n|-activate|p1b: Lanturn|move: Sticky Web\n|-unboost|p1b: Lanturn|spe|1\n|turn|3\n|inactive|Battle timer is ON: inactive players will automatically lose when time's up. (requested by cobbwilli)\n|\n|t:|1770759535\n|switch|p2b: Thundurus|Thundurus, L79, M|254/254\n|move|p1a: Volbeat|Encore|p2a: Vikavolt\n|-start|p2a: Vikavolt|Encore\n|move|p2a: Vikavolt|Sticky Web||[still]\n|-fail|p2a: Vikavolt\n|move|p1b: Lanturn|Ice Beam|p2b: Thundurus\n|-supereffective|p2b: Thundurus\n|-damage|p2b: Thundurus|120/254\n|-status|p2b: Thundurus|frz\n|\n|upkeep\n|turn|4\n|inactive|cobbwilli has 120 seconds left.\n|\n|t:|1770759575\n|switch|p2a: Ambipom|Ambipom, L87, F|272/272\n|cant|p2b: Thundurus|frz\n|move|p1a: Volbeat|Tailwind|p1a: Volbeat\n|-sidestart|p1: cobbwilli|move: Tailwind\n|move|p1b: Lanturn|Volt Switch|p2b: Thundurus\n|-damage|p2b: Thundurus|45/254 frz\n|inactive|cobbwilli has 90 seconds left.\n|\n|t:|1770759606\n|switch|p1b: Meloetta|Meloetta, L80|291/291|[from] Volt Switch\n|-activate|p1b: Meloetta|move: Sticky Web\n|-unboost|p1b: Meloetta|spe|1\n|\n|upkeep\n|turn|5\n|\n|t:|1770759623\n|move|p2a: Ambipom|Fake Out|p1b: Meloetta\n|-damage|p1b: Meloetta|194/291\n|move|p1a: Volbeat|Thunder Wave|p2a: Ambipom|[miss]\n|-miss|p1a: Volbeat|p2a: Ambipom\n|cant|p1b: Meloetta|flinch\n|cant|p2b: Thundurus|frz\n|\n|upkeep\n|turn|6\n|\n|t:|1770759644\n|switch|p2a: Vikavolt|Vikavolt, L84, M|205/267\n|-terastallize|p1b: Meloetta|Normal\n|move|p1a: Volbeat|Encore||[still]\n|-fail|p1a: Volbeat\n|move|p1b: Meloetta|Relic Song|p2a: Vikavolt|[spread] p2a,p2b\n|-damage|p2a: Vikavolt|80/267\n|-damage|p2b: Thundurus|0 fnt\n|-enditem|p2a: Vikavolt|Sitrus Berry|[eat]\n|-heal|p2a: Vikavolt|146/267|[from] item: Sitrus Berry\n|faint|p2b: Thundurus\n|-formechange|p1b: Meloetta|Meloetta-Pirouette|[msg]\n|-damage|p1b: Meloetta|165/291|[from] item: Life Orb\n|\n|upkeep\n|\n|t:|1770759662\n|switch|p2b: Persian|Persian-Alola, L88, M|258/258\n|turn|7\n|\n|t:|1770759671\n|move|p2b: Persian|Fake Out|p1b: Meloetta\n|-damage|p1b: Meloetta|142/291\n|move|p1a: Volbeat|Thunder Wave|p2b: Persian\n|-hint|Since gen 7, Dark is immune to Prankster moves.\n|-immune|p2b: Persian\n|cant|p1b: Meloetta|flinch\n|move|p2a: Vikavolt|Thunderbolt|p1b: Meloetta\n|-damage|p1b: Meloetta|0 fnt\n|faint|p1b: Meloetta\n|\n|-sideend|p1: cobbwilli|move: Tailwind\n|upkeep\n|inactive|cobbwilli has 120 seconds left.\n|\n|t:|1770759698\n|switch|p1b: Lanturn|Lanturn, L87, M|315/359\n|-activate|p1b: Lanturn|move: Sticky Web\n|-unboost|p1b: Lanturn|spe|1\n|turn|8\n|inactive|cobbwilli has 120 seconds left.\n|\n|t:|1770759714\n|move|p1a: Volbeat|Tailwind|p1a: Volbeat\n|-sidestart|p1: cobbwilli|move: Tailwind\n|move|p2b: Persian|Knock Off|p1b: Lanturn\n|-damage|p1b: Lanturn|212/359\n|-enditem|p1b: Lanturn|Assault Vest|[from] move: Knock Off|[of] p2b: Persian\n|move|p1b: Lanturn|Electroweb|p2a: Vikavolt|[spread] p2a,p2b\n|-resisted|p2a: Vikavolt\n|-damage|p2a: Vikavolt|126/267\n|-damage|p2b: Persian|209/258\n|-unboost|p2a: Vikavolt|spe|1\n|-unboost|p2b: Persian|spe|1\n|move|p2a: Vikavolt|Thunderbolt|p1a: Volbeat\n|-damage|p1a: Volbeat|114/241\n|-enditem|p1a: Volbeat|Sitrus Berry|[eat]\n|-heal|p1a: Volbeat|174/241|[from] item: Sitrus Berry\n|\n|upkeep\n|turn|9\n|inactive|cobbwilli has 120 seconds left.\n|\n|t:|1770759737\n|move|p2b: Persian|Helping Hand|p2a: Vikavolt\n|-singleturn|p2a: Vikavolt|Helping Hand|[of] p2b: Persian\n|move|p1a: Volbeat|Lunge|p2b: Persian\n|-supereffective|p2b: Persian\n|-damage|p2b: Persian|125/258\n|-unboost|p2b: Persian|atk|1\n|-enditem|p2b: Persian|Sitrus Berry|[eat]\n|-heal|p2b: Persian|189/258|[from] item: Sitrus Berry\n|move|p1b: Lanturn|Scald|p2a: Vikavolt\n|-damage|p2a: Vikavolt|41/267\n|move|p2a: Vikavolt|Thunderbolt|p1a: Volbeat\n|-damage|p1a: Volbeat|0 fnt\n|faint|p1a: Volbeat\n|\n|upkeep\n|inactive|cobbwilli has 120 seconds left.\n|\n|t:|1770759759\n|switch|p1a: Alomomola|Alomomola, L96, F|472/472\n|-activate|p1a: Alomomola|move: Sticky Web\n|-unboost|p1a: Alomomola|spe|1\n|turn|10\n|inactive|cobbwilli has 120 seconds left.\n|\n|t:|1770759772\n|switch|p2a: Wo-Chien|Wo-Chien, L85|246/283\n|-ability|p2a: Wo-Chien|Tablets of Ruin\n|move|p1a: Alomomola|Scald|p2b: Persian\n|-damage|p2b: Persian|117/258\n|move|p1b: Lanturn|Scald|p2a: Wo-Chien\n|-resisted|p2a: Wo-Chien\n|-damage|p2a: Wo-Chien|219/283\n|-status|p2a: Wo-Chien|brn\n|move|p2b: Persian|Thunder Wave|p1a: Alomomola\n|-status|p1a: Alomomola|par\n|\n|-damage|p2a: Wo-Chien|202/283 brn|[from] brn\n|upkeep\n|turn|11\n|\n|t:|1770759794\n|move|p1b: Lanturn|Ice Beam|p2a: Wo-Chien\n|-supereffective|p2a: Wo-Chien\n|-damage|p2a: Wo-Chien|126/283 brn\n|-enditem|p2a: Wo-Chien|Sitrus Berry|[eat]\n|-heal|p2a: Wo-Chien|196/283 brn|[from] item: Sitrus Berry\n|move|p2b: Persian|Knock Off|p1a: Alomomola\n|-damage|p1a: Alomomola|433/472 par\n|-enditem|p1a: Alomomola|Sitrus Berry|[from] move: Knock Off|[of] p2b: Persian\n|move|p2a: Wo-Chien|Leech Seed|p1b: Lanturn\n|-start|p1b: Lanturn|move: Leech Seed\n|move|p1a: Alomomola|Flip Turn|p2b: Persian\n|-damage|p2b: Persian|81/258\n|inactive|cobbwilli has 120 seconds left.\n|\n|t:|1770759807\n|switch|p1a: Murkrow|Murkrow, L90, M|254/254|[from] Flip Turn\n|\n|-damage|p1b: Lanturn|168/359|[from] Leech Seed|[of] p2a: Wo-Chien\n|-heal|p2a: Wo-Chien|240/283 brn|[silent]\n|-damage|p2a: Wo-Chien|223/283 brn|[from] brn\n|-sideend|p1: cobbwilli|move: Tailwind\n|upkeep\n|turn|12\n|\n|t:|1770759821\n|move|p1a: Murkrow|Tailwind|p1a: Murkrow\n|-sidestart|p1: cobbwilli|move: Tailwind\n|move|p1b: Lanturn|Volt Switch|p2b: Persian\n|-damage|p2b: Persian|2/258\n|\n|t:|1770759826\n|switch|p1b: Alomomola|Alomomola, L96, F|472/472 par|[from] Volt Switch\n|-activate|p1b: Alomomola|move: Sticky Web\n|-unboost|p1b: Alomomola|spe|1\n|move|p2a: Wo-Chien|Pollen Puff|p2b: Persian\n|-heal|p2b: Persian|131/258\n|move|p2b: Persian|Thunder Wave|p1a: Murkrow\n|-status|p1a: Murkrow|par\n|\n|-damage|p2a: Wo-Chien|206/283 brn|[from] brn\n|upkeep\n|turn|13\n|\n|t:|1770759849\n|cant|p1a: Murkrow|par\n|move|p2b: Persian|Knock Off|p1a: Murkrow\n|-resisted|p1a: Murkrow\n|-damage|p1a: Murkrow|233/254 par\n|-enditem|p1a: Murkrow|Eviolite|[from] move: Knock Off|[of] p2b: Persian\n|move|p2a: Wo-Chien|Leech Seed|p1a: Murkrow\n|-start|p1a: Murkrow|move: Leech Seed\n|move|p1b: Alomomola|Icy Wind|p2b: Persian|[spread] p2a,p2b\n|-supereffective|p2a: Wo-Chien\n|-damage|p2a: Wo-Chien|178/283 brn\n|-damage|p2b: Persian|105/258\n|-unboost|p2a: Wo-Chien|spe|1\n|-unboost|p2b: Persian|spe|1\n|\n|-damage|p1a: Murkrow|202/254 par|[from] Leech Seed|[of] p2a: Wo-Chien\n|-heal|p2a: Wo-Chien|209/283 brn|[silent]\n|-damage|p2a: Wo-Chien|192/283 brn|[from] brn\n|upkeep\n|turn|14\n|\n|t:|1770759874\n|switch|p1a: Lanturn|Lanturn, L87, M|168/359\n|-activate|p1a: Lanturn|move: Sticky Web\n|-unboost|p1a: Lanturn|spe|1\n|switch|p2b: Ambipom|Ambipom, L87, F|272/272\n|move|p1b: Alomomola|Icy Wind|p2a: Wo-Chien|[spread] p2a,p2b\n|-supereffective|p2a: Wo-Chien\n|-damage|p2a: Wo-Chien|164/283 brn\n|-damage|p2b: Ambipom|247/272\n|-unboost|p2a: Wo-Chien|spe|1\n|-unboost|p2b: Ambipom|spe|1\n|move|p2a: Wo-Chien|Leech Seed|p1b: Alomomola\n|-start|p1b: Alomomola|move: Leech Seed\n|\n|-damage|p1b: Alomomola|413/472 par|[from] Leech Seed|[of] p2a: Wo-Chien\n|-heal|p2a: Wo-Chien|223/283 brn|[silent]\n|-damage|p2a: Wo-Chien|206/283 brn|[from] brn\n|upkeep\n|turn|15\n|-message|cobbwilli forfeited.\n|\n|win|JaxAG\n|raw|cobbwilli's rating: 1634 &rarr; <strong>1610</strong><br />(-24 for losing)\n|raw|JaxAG's rating: 1571 &rarr; <strong>1595</strong><br />(+24 for winning)\n|l|☆cobbwilli\n|player|p1|\n", "inputlog": ">version ccdc32dd7cde25fd9e4bed64820e885f66e78a4e\n>start {\"formatid\":\"gen9randomdoublesbattle\",\"seed\":\"sodium,144be13a8a4aa05082365f4f985baadb\",\"rated\":\"Rated battle\"}\n>player p1 {\"name\":\"cobbwilli\",\"avatar\":\"101\",\"rating\":1634,\"seed\":\"sodium,5cda84db85c582d10a235d3fe660462f\"}\n>player p2 {\"name\":\"JaxAG\",\"avatar\":\"unknown\",\"rating\":1571,\"seed\":\"sodium,72c0cb0df06c3718413525c6b3cce1e7\"}\n>p1 move icebeam +1, move drainingkiss +2\n>p2 switch 3, move leechseed +1\n>p1 switch 4, move nastyplot\n>p2 move stickyweb, move knockoff +2\n>p1 pass, switch 4\n>p1 move encore +1, move icebeam +2\n>p2 move bugbuzz +2, switch 6\n>p1 move tailwind, move voltswitch +2\n>p2 switch 4, move protect\n>p1 pass, switch 3\n>p1 move thunderwave +1, move relicsong\n>p2 move fakeout +2, move wildboltstorm\n>p1 move encore +1, move relicsong terastallize\n>p2 switch 4, move wildboltstorm\n>p2 pass, switch 5\n>p1 move thunderwave +2, move relicsong\n>p2 move thunderbolt +2, move fakeout +2\n>p1 pass, switch 3\n>p1 move tailwind, move electroweb\n>p2 move thunderbolt +1, move knockoff +2\n>p1 move lunge +2, move scald +1\n>p2 move thunderbolt +1, move helpinghand -1\n>p1 switch 6, pass\n>p1 move scald +2, move scald +1\n>p2 switch 6, move thunderwave +1\n>p1 move flipturn +2, move icebeam +1\n>p2 move leechseed +2, move knockoff +1\n>p1 switch 5, pass\n>p1 move tailwind, move voltswitch +2\n>p2 move pollenpuff -2, move thunderwave +1\n>p1 pass, switch 5\n>p1 move bravebird +1, move icywind\n>p2 move leechseed +1, move knockoff +1\n>p1 switch 5, move icywind\n>p2 move leechseed +2, switch 4\n>forcelose p1", "uploadtime": 1770759903, "views": 75, "formatid": "gen9randomdoublesbattle", "rating": 1595, "private": 0, "password": null}