{"id": "gen9randomdoublesbattle-2536902308", "format": "[Gen 9] Random Doubles Battle", "players": ["lordjikji", "buric21"], "log": "|j|☆lordjikji\n|j|☆buric21\n|t:|1770747005\n|gametype|doubles\n|player|p1|lordjikji|2|1572\n|player|p2|buric21|102|1566\n|gen|9\n|tier|[Gen 9] Random Doubles Battle\n|rated|\n|rule|Species Clause: Limit one of each Pokémon\n|rule|HP Percentage Mod: HP is shown in percentages\n|rule|Illusion Level Mod: Illusion disguises the Pokémon's true level\n|rule|Sleep Clause Mod: Limit one foe put to sleep\n|\n|t:|1770747005\n|teamsize|p1|6\n|teamsize|p2|6\n|start\n|switch|p1a: Zapdos|Zapdos-Galar, L77|265/265\n|switch|p1b: Mimikyu|Mimikyu, L82, M|224/224\n|switch|p2a: Salazzle|Salazzle, L86, F|257/257\n|switch|p2b: Palkia|Palkia, L74|255/255\n|turn|1\n|inactive|Battle timer is ON: inactive players will automatically lose when time's up. (requested by buric21)\n|\n|t:|1770747041\n|-terastallize|p2b: Palkia|Steel\n|move|p1a: Zapdos|Protect|p1a: Zapdos\n|-singleturn|p1a: Zapdos|Protect\n|move|p2a: Salazzle|Heat Wave|p1a: Zapdos|[spread] p1b\n|-activate|p1a: Zapdos|move: Protect\n|-activate|p1b: Mimikyu|ability: Disguise\n|-damage|p1b: Mimikyu|224/224\n|detailschange|p1b: Mimikyu|Mimikyu-Busted, L82, M\n|-damage|p1b: Mimikyu|196/224|[from] pokemon: Mimikyu-Busted\n|-damage|p2a: Salazzle|232/257|[from] item: Life Orb\n|move|p1b: Mimikyu|Swords Dance|p1b: Mimikyu\n|-boost|p1b: Mimikyu|atk|2\n|move|p2b: Palkia|Spacial Rend|p1a: Zapdos\n|-activate|p1a: Zapdos|move: Protect\n|\n|upkeep\n|turn|2\n|\n|t:|1770747067\n|switch|p2b: Yanmega|Yanmega, L84, F|282/282\n|move|p2a: Salazzle|Sludge Bomb|p1b: Mimikyu\n|-damage|p1b: Mimikyu|60/224\n|-status|p1b: Mimikyu|psn\n|-damage|p2a: Salazzle|207/257|[from] item: Life Orb\n|move|p1b: Mimikyu|Shadow Claw|p2a: Salazzle\n|-damage|p2a: Salazzle|0 fnt\n|faint|p2a: Salazzle\n|-damage|p1b: Mimikyu|38/224 psn|[from] item: Life Orb\n|move|p1a: Zapdos|Brave Bird|p2b: Yanmega\n|-supereffective|p2b: Yanmega\n|-damage|p2b: Yanmega|0 fnt\n|faint|p2b: Yanmega\n|-damage|p1a: Zapdos|172/265|[from] Recoil\n|-damage|p1a: Zapdos|146/265|[from] item: Life Orb\n|\n|-damage|p1b: Mimikyu|10/224 psn|[from] psn\n|upkeep\n|inactive|buric21 has 120 seconds left.\n|\n|t:|1770747096\n|switch|p2a: Luvdisc|Luvdisc, M|248/248\n|switch|p2b: Palkia|Palkia, L74, tera:Steel|255/255\n|turn|3\n|\n|t:|1770747115\n|-terastallize|p1a: Zapdos|Fighting\n|move|p1b: Mimikyu|Shadow Sneak|p2a: Luvdisc\n|-damage|p2a: Luvdisc|126/248\n|-damage|p1b: Mimikyu|0 fnt|[from] item: Life Orb\n|faint|p1b: Mimikyu\n|move|p2a: Luvdisc|Icy Wind|p1a: Zapdos\n|-damage|p1a: Zapdos|112/265\n|-unboost|p1a: Zapdos|spe|1\n|-ability|p1a: Zapdos|Defiant|boost\n|-boost|p1a: Zapdos|atk|2\n|move|p2b: Palkia|Spacial Rend|p1a: Zapdos\n|-damage|p1a: Zapdos|0 fnt\n|faint|p1a: Zapdos\n|\n|upkeep\n|\n|t:|1770747134\n|switch|p1b: Ribombee|Ribombee, L86, M|243/243\n|switch|p1a: Bronzong|Bronzong, L87|258/258\n|turn|4\n|\n|t:|1770747147\n|switch|p2b: Blissey|Blissey, L96, F|645/645\n|move|p1b: Ribombee|Moonblast|p2a: Luvdisc\n|-damage|p2a: Luvdisc|26/248\n|-enditem|p2a: Luvdisc|Sitrus Berry|[eat]\n|-heal|p2a: Luvdisc|88/248|[from] item: Sitrus Berry\n|move|p2a: Luvdisc|Icy Wind|p1a: Bronzong|[spread] p1a,p1b\n|-resisted|p1a: Bronzong\n|-damage|p1a: Bronzong|250/258\n|-damage|p1b: Ribombee|219/243\n|-unboost|p1a: Bronzong|spe|1\n|move|p1a: Bronzong|Iron Defense|p1a: Bronzong\n|-boost|p1a: Bronzong|def|2\n|\n|-heal|p1a: Bronzong|258/258|[from] item: Leftovers\n|upkeep\n|turn|5\n|inactive|buric21 has 120 seconds left.\n|\n|t:|1770747181\n|move|p1b: Ribombee|Moonblast|p2a: Luvdisc\n|-damage|p2a: Luvdisc|0 fnt\n|faint|p2a: Luvdisc\n|move|p2b: Blissey|Hyper Voice|p1a: Bronzong|[spread] p1a,p1b\n|-resisted|p1a: Bronzong\n|-damage|p1a: Bronzong|231/258\n|-damage|p1b: Ribombee|137/243\n|move|p1a: Bronzong|Trick Room|p1a: Bronzong\n|-fieldstart|move: Trick Room|[of] p1a: Bronzong\n|\n|-heal|p1a: Bronzong|247/258|[from] item: Leftovers\n|upkeep\n|inactive|buric21 has 120 seconds left.\n|\n|t:|1770747195\n|switch|p2a: Palkia|Palkia, L74, tera:Steel|255/255\n|turn|6\n|inactive|lordjikji has 120 seconds left.\n|inactive|lordjikji has 90 seconds left.\n|inactive|lordjikji has 60 seconds left.\n|\n|t:|1770747290\n|move|p1a: Bronzong|Body Press|p2a: Palkia\n|-supereffective|p2a: Palkia\n|-damage|p2a: Palkia|0 fnt\n|faint|p2a: Palkia\n|move|p2b: Blissey|Hyper Voice|p1b: Ribombee|[spread] p1a,p1b\n|-resisted|p1a: Bronzong\n|-damage|p1a: Bronzong|217/258\n|-damage|p1b: Ribombee|49/243\n|-enditem|p1b: Ribombee|Sitrus Berry|[eat]\n|-heal|p1b: Ribombee|109/243|[from] item: Sitrus Berry\n|move|p1b: Ribombee|Moonblast|p2b: Blissey\n|-damage|p2b: Blissey|575/645\n|\n|-heal|p1a: Bronzong|233/258|[from] item: Leftovers\n|upkeep\n|\n|t:|1770747296\n|switch|p2a: Qwilfish|Qwilfish-Hisui, L82, M|241/241\n|-ability|p2a: Qwilfish|Intimidate|boost\n|-unboost|p1a: Bronzong|atk|1\n|-unboost|p1b: Ribombee|atk|1\n|turn|7\n|\n|t:|1770747310\n|move|p1b: Ribombee|Protect|p1b: Ribombee\n|-singleturn|p1b: Ribombee|Protect\n|move|p1a: Bronzong|Body Press|p2b: Blissey\n|-supereffective|p2b: Blissey\n|-damage|p2b: Blissey|0 fnt\n|faint|p2b: Blissey\n|move|p2a: Qwilfish|Gunk Shot|p1b: Ribombee\n|-activate|p1b: Ribombee|move: Protect\n|\n|-heal|p1a: Bronzong|249/258|[from] item: Leftovers\n|upkeep\n|turn|8\n|-message|buric21 forfeited.\n|\n|win|lordjikji\n|raw|lordjikji's rating: 1572 &rarr; <strong>1592</strong><br />(+20 for winning)\n|raw|buric21's rating: 1566 &rarr; <strong>1546</strong><br />(-20 for losing)\n|l|☆buric21\n|player|p2|\n", "inputlog": ">version ccdc32dd7cde25fd9e4bed64820e885f66e78a4e\n>start {\"formatid\":\"gen9randomdoublesbattle\",\"seed\":\"sodium,7bfb03dde939a200d1a411076c360701\",\"rated\":\"Rated battle\"}\n>player p1 {\"name\":\"lordjikji\",\"avatar\":\"2\",\"rating\":1572,\"seed\":\"sodium,ccefb843687396c2fb2cdb17e0f4f791\"}\n>player p2 {\"name\":\"buric21\",\"avatar\":\"102\",\"rating\":1566,\"seed\":\"sodium,39e2b3f55302968b84762ff8d9375743\"}\n>p1 move protect, move swordsdance\n>p2 move heatwave, move spacialrend +1 terastallize\n>p1 move bravebird +1, move shadowclaw +1\n>p2 move sludgebomb +2, switch 4\n>p2 switch 3, switch 4\n>p1 move thunderouskick +1 terastallize, move shadowsneak +1\n>p2 move icywind, move spacialrend +1\n>p1 switch 3, switch 6\n>p1 move irondefense, move moonblast +1\n>p2 move icywind, switch 6\n>p1 move trickroom, move moonblast +1\n>p2 move hydropump +1, move hypervoice\n>p2 switch 6, pass\n>p1 move bodypress +1, move moonblast +1\n>p2 move fireblast +2, move hypervoice\n>p2 switch 5, pass\n>p1 move bodypress +2, move protect\n>p2 move gunkshot +2, move hypervoice\n>forcelose p2", "uploadtime": 1770747323, "views": 68, "formatid": "gen9randomdoublesbattle", "rating": 1546, "private": 0, "password": null}