{"id": "gen9randomdoublesbattle-2535254026", "format": "[Gen 9] Random Doubles Battle", "players": ["KanyesEgo98", "Kingtruk"], "log": "|j|☆KanyesEgo98\n|j|☆Kingtruk\n|t:|1770537799\n|gametype|doubles\n|player|p1|KanyesEgo98|nate|1618\n|player|p2|Kingtruk|clay|1792\n|gen|9\n|tier|[Gen 9] Random Doubles Battle\n|rated|\n|rule|Species Clause: Limit one of each Pokémon\n|rule|HP Percentage Mod: HP is shown in percentages\n|rule|Illusion Level Mod: Illusion disguises the Pokémon's true level\n|rule|Sleep Clause Mod: Limit one foe put to sleep\n|\n|t:|1770537799\n|teamsize|p1|6\n|teamsize|p2|6\n|start\n|switch|p1a: Weezing|Weezing-Galar, L88, M|258/258\n|switch|p1b: Porygon2|Porygon2, L82|274/274\n|switch|p2a: Cresselia|Cresselia, L80, F|323/323\n|switch|p2b: Clefable|Clefable, L87, M|307/307\n|-ability|p1b: Porygon2|Download|boost\n|-boost|p1b: Porygon2|atk|1\n|turn|1\n|inactive|Battle timer is ON: inactive players will automatically lose when time's up. (requested by Kingtruk)\n|\n|t:|1770537831\n|move|p2b: Clefable|Helping Hand|p2a: Cresselia\n|-singleturn|p2a: Cresselia|Helping Hand|[of] p2b: Clefable\n|move|p1a: Weezing|Protect|p1a: Weezing\n|-singleturn|p1a: Weezing|Protect\n|move|p2a: Cresselia|Psychic|p1a: Weezing\n|-activate|p1a: Weezing|move: Protect\n|move|p1b: Porygon2|Trick Room|p1b: Porygon2\n|-fieldstart|move: Trick Room|[of] p1b: Porygon2\n|\n|upkeep\n|turn|2\n|\n|t:|1770537856\n|move|p1b: Porygon2|Shadow Ball|p2a: Cresselia\n|-supereffective|p2a: Cresselia\n|-damage|p2a: Cresselia|229/323\n|move|p2b: Clefable|Encore|p1a: Weezing\n|-start|p1a: Weezing|Encore\n|move|p1a: Weezing|Protect||[still]\n|-fail|p1a: Weezing\n|move|p2a: Cresselia|Psychic|p1b: Porygon2\n|-damage|p1b: Porygon2|226/274\n|\n|upkeep\n|turn|3\n|\n|t:|1770537880\n|switch|p1a: Exeggutor|Exeggutor-Alola, L87, M|307/307\n|move|p1b: Porygon2|Shadow Ball|p2a: Cresselia\n|-supereffective|p2a: Cresselia\n|-damage|p2a: Cresselia|137/323\n|-enditem|p2a: Cresselia|Sitrus Berry|[eat]\n|-heal|p2a: Cresselia|217/323|[from] item: Sitrus Berry\n|move|p2b: Clefable|Moonblast|p1b: Porygon2\n|-damage|p1b: Porygon2|154/274\n|move|p2a: Cresselia|Lunar Blessing|p2a: Cresselia|[spread] p2a,p2b\n|-heal|p2a: Cresselia|298/323\n|\n|upkeep\n|turn|4\n|\n|t:|1770537909\n|switch|p1b: Weezing|Weezing-Galar, L88, M|258/258\n|move|p2a: Cresselia|Helping Hand|p2b: Clefable\n|-singleturn|p2b: Clefable|Helping Hand|[of] p2a: Cresselia\n|move|p1a: Exeggutor|Protect|p1a: Exeggutor\n|-singleturn|p1a: Exeggutor|Protect\n|move|p2b: Clefable|Moonblast|p1a: Exeggutor\n|-activate|p1a: Exeggutor|move: Protect\n|\n|upkeep\n|turn|5\n|\n|t:|1770537921\n|switch|p1a: Porygon2|Porygon2, L82|154/274\n|-ability|p1a: Porygon2|Download|boost\n|-boost|p1a: Porygon2|atk|1\n|switch|p2b: Lucario|Lucario, L86, F|261/261\n|move|p1b: Weezing|Gunk Shot|p2b: Lucario\n|-immune|p2b: Lucario\n|move|p2a: Cresselia|Psychic|p1b: Weezing\n|-supereffective|p1b: Weezing\n|-damage|p1b: Weezing|106/258\n|\n|-fieldend|move: Trick Room\n|upkeep\n|turn|6\n|\n|t:|1770537950\n|switch|p1b: Exeggutor|Exeggutor-Alola, L87, M|307/307\n|switch|p1a: Mimikyu|Mimikyu, L82, M|224/224\n|move|p2b: Lucario|Close Combat|p1a: Mimikyu\n|-immune|p1a: Mimikyu\n|move|p2a: Cresselia|Psychic|p1a: Mimikyu\n|-activate|p1a: Mimikyu|ability: Disguise\n|-damage|p1a: Mimikyu|224/224\n|detailschange|p1a: Mimikyu|Mimikyu-Busted, L82, M\n|-damage|p1a: Mimikyu|196/224|[from] pokemon: Mimikyu-Busted\n|\n|upkeep\n|turn|7\n|\n|t:|1770537971\n|move|p2a: Cresselia|Helping Hand|p2b: Lucario\n|-singleturn|p2b: Lucario|Helping Hand|[of] p2a: Cresselia\n|move|p1a: Mimikyu|Swords Dance|p1a: Mimikyu\n|-boost|p1a: Mimikyu|atk|2\n|move|p2b: Lucario|Flash Cannon|p1a: Mimikyu\n|-supereffective|p1a: Mimikyu\n|-damage|p1a: Mimikyu|0 fnt\n|faint|p1a: Mimikyu\n|-damage|p2b: Lucario|235/261|[from] item: Life Orb\n|move|p1b: Exeggutor|Flamethrower|p2b: Lucario\n|-supereffective|p2b: Lucario\n|-damage|p2b: Lucario|57/261\n|-status|p2b: Lucario|brn\n|\n|-damage|p2b: Lucario|41/261 brn|[from] brn\n|upkeep\n|\n|t:|1770537982\n|switch|p1a: Floatzel|Floatzel, L86, F|286/286\n|turn|8\n|\n|t:|1770537994\n|move|p2b: Lucario|Protect|p2b: Lucario\n|-singleturn|p2b: Lucario|Protect\n|move|p1a: Floatzel|Flip Turn|p2b: Lucario\n|-activate|p2b: Lucario|move: Protect\n|move|p2a: Cresselia|Thunder Wave|p1a: Floatzel\n|-status|p1a: Floatzel|par\n|move|p1b: Exeggutor|Wood Hammer|p2a: Cresselia\n|-damage|p2a: Cresselia|175/323\n|-damage|p1b: Exeggutor|266/307|[from] Recoil\n|\n|-damage|p2b: Lucario|25/261 brn|[from] brn\n|upkeep\n|turn|9\n|inactive|Kingtruk has 120 seconds left.\n|\n|t:|1770538024\n|move|p2b: Lucario|Flash Cannon|p1b: Exeggutor\n|-damage|p1b: Exeggutor|130/307\n|-enditem|p1b: Exeggutor|Sitrus Berry|[eat]\n|-heal|p1b: Exeggutor|206/307|[from] item: Sitrus Berry\n|-damage|p2b: Lucario|0 fnt|[from] item: Life Orb\n|faint|p2b: Lucario\n|move|p2a: Cresselia|Lunar Blessing|p2a: Cresselia\n|-heal|p2a: Cresselia|256/323\n|move|p1b: Exeggutor|Wood Hammer|p2a: Cresselia\n|-damage|p2a: Cresselia|123/323\n|-damage|p1b: Exeggutor|162/307|[from] Recoil\n|move|p1a: Floatzel|Flip Turn|p2a: Cresselia\n|-damage|p2a: Cresselia|20/323\n|inactive|KanyesEgo98 has 120 seconds left.\n|\n|t:|1770538051\n|switch|p1a: Hitmonlee|Hitmonlee, L86, M|226/226|[from] Flip Turn\n|\n|upkeep\n|\n|t:|1770538056\n|switch|p2b: Clefable|Clefable, L87, M|307/307\n|turn|10\n|inactive|KanyesEgo98 has 120 seconds left.\n|\n|t:|1770538088\n|-terastallize|p1a: Hitmonlee|Poison\n|move|p1b: Exeggutor|Protect|p1b: Exeggutor\n|-singleturn|p1b: Exeggutor|Protect\n|move|p2b: Clefable|Follow Me|p2b: Clefable\n|-singleturn|p2b: Clefable|move: Follow Me\n|move|p1a: Hitmonlee|Knock Off|p2b: Clefable\n|-resisted|p2b: Clefable\n|-damage|p2b: Clefable|260/307\n|-damage|p1a: Hitmonlee|189/226|[from] item: Rocky Helmet|[of] p2b: Clefable\n|-enditem|p2b: Clefable|Rocky Helmet|[from] move: Knock Off|[of] p1a: Hitmonlee\n|move|p2a: Cresselia|Lunar Blessing|p2a: Cresselia|[spread] p2a,p2b\n|-heal|p2a: Cresselia|101/323\n|-heal|p2b: Clefable|307/307\n|\n|upkeep\n|turn|11\n|inactive|KanyesEgo98 has 120 seconds left.\n|\n|t:|1770538116\n|move|p2b: Clefable|Follow Me|p2b: Clefable\n|-singleturn|p2b: Clefable|move: Follow Me\n|move|p1a: Hitmonlee|Poison Jab|p2b: Clefable\n|-supereffective|p2b: Clefable\n|-damage|p2b: Clefable|77/307\n|-status|p2b: Clefable|psn\n|move|p2a: Cresselia|Lunar Blessing|p2a: Cresselia|[spread] p2a,p2b\n|-heal|p2a: Cresselia|182/323\n|-heal|p2b: Clefable|154/307 psn\n|-curestatus|p2b: Clefable|psn|[msg]\n|move|p1b: Exeggutor|Wood Hammer|p2b: Clefable\n|-damage|p2b: Clefable|1/307\n|-damage|p1b: Exeggutor|112/307|[from] Recoil\n|\n|-item|p1b: Exeggutor|Sitrus Berry|[from] ability: Harvest\n|upkeep\n|-enditem|p1b: Exeggutor|Sitrus Berry|[eat]\n|-heal|p1b: Exeggutor|188/307|[from] item: Sitrus Berry\n|turn|12\n|inactive|KanyesEgo98 has 120 seconds left.\n|\n|t:|1770538146\n|move|p2b: Clefable|Follow Me|p2b: Clefable\n|-singleturn|p2b: Clefable|move: Follow Me\n|move|p1a: Hitmonlee|Knock Off|p2b: Clefable\n|-resisted|p2b: Clefable\n|-damage|p2b: Clefable|0 fnt\n|faint|p2b: Clefable\n|move|p2a: Cresselia|Psychic|p1a: Hitmonlee\n|-supereffective|p1a: Hitmonlee\n|-damage|p1a: Hitmonlee|63/226\n|move|p1b: Exeggutor|Wood Hammer|p2a: Cresselia\n|-damage|p2a: Cresselia|56/323\n|-damage|p1b: Exeggutor|146/307|[from] Recoil\n|\n|upkeep\n|inactive|Kingtruk has 120 seconds left.\n|\n|t:|1770538163\n|switch|p2b: Gengar|Gengar, L84, F|238/238\n|turn|13\n|\n|t:|1770538174\n|move|p1a: Hitmonlee|Protect|p1a: Hitmonlee\n|-singleturn|p1a: Hitmonlee|Protect\n|move|p2b: Gengar|Shadow Ball|p1a: Hitmonlee\n|-activate|p1a: Hitmonlee|move: Protect\n|move|p2a: Cresselia|Lunar Blessing|p2a: Cresselia|[spread] p2a,p2b\n|-heal|p2a: Cresselia|137/323\n|move|p1b: Exeggutor|Draco Meteor|p2b: Gengar\n|-damage|p2b: Gengar|33/238\n|-unboost|p1b: Exeggutor|spa|2\n|\n|upkeep\n|turn|14\n|\n|t:|1770538196\n|switch|p1a: Weezing|Weezing-Galar, L88, M|106/258\n|switch|p1b: Floatzel|Floatzel, L86, F|286/286 par\n|move|p2b: Gengar|Shadow Ball|p1a: Weezing\n|-damage|p1a: Weezing|0 fnt\n|faint|p1a: Weezing\n|-damage|p2b: Gengar|10/238|[from] item: Life Orb\n|move|p2a: Cresselia|Lunar Blessing|p2a: Cresselia|[spread] p2a,p2b\n|-heal|p2a: Cresselia|218/323\n|-heal|p2b: Gengar|69/238\n|\n|upkeep\n|\n|t:|1770538210\n|switch|p1a: Hitmonlee|Hitmonlee, L86, M, tera:Poison|63/226\n|turn|15\n|\n|t:|1770538230\n|move|p2b: Gengar|Protect|p2b: Gengar\n|-singleturn|p2b: Gengar|Protect\n|move|p1b: Floatzel|Aqua Jet|p2b: Gengar\n|-activate|p2b: Gengar|move: Protect\n|move|p1a: Hitmonlee|Knock Off|p2a: Cresselia\n|-supereffective|p2a: Cresselia\n|-damage|p2a: Cresselia|110/323\n|move|p2a: Cresselia|Lunar Blessing|p2a: Cresselia|[spread] p2a,p2b\n|-heal|p2a: Cresselia|191/323\n|-heal|p2b: Gengar|128/238\n|\n|upkeep\n|turn|16\n|\n|t:|1770538260\n|switch|p1a: Porygon2|Porygon2, L82|154/274\n|-ability|p1a: Porygon2|Download|boost\n|-boost|p1a: Porygon2|atk|1\n|switch|p1b: Exeggutor|Exeggutor-Alola, L87, M|146/307\n|move|p2b: Gengar|Shadow Ball|p1a: Porygon2\n|-immune|p1a: Porygon2\n|move|p2a: Cresselia|Lunar Blessing|p2a: Cresselia|[spread] p2a,p2b\n|-heal|p2a: Cresselia|272/323\n|-heal|p2b: Gengar|187/238\n|\n|-item|p1b: Exeggutor|Sitrus Berry|[from] ability: Harvest\n|upkeep\n|-enditem|p1b: Exeggutor|Sitrus Berry|[eat]\n|-heal|p1b: Exeggutor|222/307|[from] item: Sitrus Berry\n|turn|17\n|\n|t:|1770538276\n|move|p2a: Cresselia|Helping Hand|p2b: Gengar\n|-singleturn|p2b: Gengar|Helping Hand|[of] p2a: Cresselia\n|move|p1b: Exeggutor|Protect|p1b: Exeggutor\n|-singleturn|p1b: Exeggutor|Protect\n|move|p2b: Gengar|Sludge Bomb|p1a: Porygon2\n|-damage|p1a: Porygon2|0 fnt\n|faint|p1a: Porygon2\n|-damage|p2b: Gengar|164/238|[from] item: Life Orb\n|\n|-item|p1b: Exeggutor|Sitrus Berry|[from] ability: Harvest\n|upkeep\n|-message|KanyesEgo98 forfeited.\n|\n|win|Kingtruk\n|raw|KanyesEgo98's rating: 1618 &rarr; <strong>1607</strong><br />(-11 for losing)\n|raw|Kingtruk's rating: 1792 &rarr; <strong>1803</strong><br />(+11 for winning)\n|l|☆KanyesEgo98\n|player|p1|\n", "inputlog": ">version ccdc32dd7cde25fd9e4bed64820e885f66e78a4e\n>start {\"formatid\":\"gen9randomdoublesbattle\",\"seed\":\"sodium,bbf0c034dd642ca620e459a7745f9f5a\",\"rated\":\"Rated battle\"}\n>player p1 {\"name\":\"KanyesEgo98\",\"avatar\":\"nate\",\"rating\":1618,\"seed\":\"sodium,cd524c9b4f8fc29622ca0b4898a874d5\"}\n>player p2 {\"name\":\"Kingtruk\",\"avatar\":\"clay\",\"rating\":1792,\"seed\":\"sodium,4c0b6c9b77dbcd97285fb3451ac7beb5\"}\n>p1 move protect, move trickroom\n>p2 move psychic +1, move helpinghand -1\n>p1 move gunkshot +2, move shadowball +1\n>p2 move psychic +2, move encore +1\n>p1 switch 3, move shadowball +1\n>p2 move lunarblessing, move moonblast +2\n>p1 move protect, switch 3\n>p2 move helpinghand -2, move moonblast +1\n>p1 switch 3, move gunkshot +2\n>p2 move psychic +2, switch 4\n>p1 switch 4, switch 3\n>p2 move psychic +1, move closecombat +1\n>p1 move swordsdance, move flamethrower +2\n>p2 move helpinghand -2, move flashcannon +1\n>p1 switch 5, pass\n>p1 move flipturn +2, move woodhammer +1\n>p2 move thunderwave +1, move protect\n>p1 move flipturn +2, move woodhammer +1\n>p2 move lunarblessing, move flashcannon +2\n>p1 switch 6, pass\n>p2 pass, switch 4\n>p1 move knockoff +1 terastallize, move protect\n>p2 move lunarblessing, move followme\n>p1 move poisonjab +2, move woodhammer +1\n>p2 move lunarblessing, move followme\n>p1 move knockoff +1, move woodhammer +2\n>p2 move psychic +1, move followme\n>p2 pass, switch 6\n>p1 move protect, move dracometeor +2\n>p2 move lunarblessing, move shadowball +1\n>p1 switch 3, switch 6\n>p2 move lunarblessing, move shadowball +1\n>p1 switch 3, pass\n>p1 move knockoff +1, move aquajet +2\n>p2 move lunarblessing, move protect\n>p1 switch 4, switch 6\n>p2 move lunarblessing, move shadowball +1\n>p1 move trickroom, move protect\n>p2 move helpinghand -2, move sludgebomb +1\n>forcelose p1", "uploadtime": 1770538291, "views": 105, "formatid": "gen9randomdoublesbattle", "rating": 1607, "private": 0, "password": null}