{"id": "gen9randomdoublesbattle-2538826425", "format": "[Gen 9] Random Doubles Battle", "players": ["Blicky EX", "marco365"], "log": "|j|☆Blicky EX\n|j|☆marco365\n|t:|1770981189\n|gametype|doubles\n|player|p1|Blicky EX|shadowtriad|1626\n|player|p2|marco365|lucian|1753\n|gen|9\n|tier|[Gen 9] Random Doubles Battle\n|rated|\n|rule|Species Clause: Limit one of each Pokémon\n|rule|HP Percentage Mod: HP is shown in percentages\n|rule|Illusion Level Mod: Illusion disguises the Pokémon's true level\n|rule|Sleep Clause Mod: Limit one foe put to sleep\n|\n|t:|1770981189\n|teamsize|p1|6\n|teamsize|p2|6\n|start\n|switch|p1a: Kingdra|Kingdra, L85, M|266/266\n|switch|p1b: Hydrapple|Hydrapple, L85, F|319/319\n|switch|p2a: Ogerpon|Ogerpon, L78, F|253/253\n|switch|p2b: Latios|Latios, L79, M|256/256\n|turn|1\n|inactive|Battle timer is ON: inactive players will automatically lose when time's up. (requested by marco365)\n|\n|t:|1770981234\n|switch|p1a: Vileplume|Vileplume, L89, M|278/278\n|move|p2b: Latios|Draco Meteor|p1b: Hydrapple\n|-supereffective|p1b: Hydrapple\n|-damage|p1b: Hydrapple|77/319\n|-unboost|p2b: Latios|spa|2\n|move|p2a: Ogerpon|Ivy Cudgel|p1a: Vileplume\n|-resisted|p1a: Vileplume\n|-damage|p1a: Vileplume|244/278\n|-damage|p2a: Ogerpon|228/253|[from] item: Life Orb\n|move|p1b: Hydrapple|Pollen Puff|p2a: Ogerpon\n|-supereffective|p2a: Ogerpon\n|-damage|p2a: Ogerpon|72/253\n|\n|upkeep\n|turn|2\n|inactive|Blicky EX has 120 seconds left.\n|\n|t:|1770981266\n|switch|p1b: Scizor|Scizor, L80, F|243/243\n|move|p2b: Latios|Draco Meteor|p1b: Scizor\n|-resisted|p1b: Scizor\n|-damage|p1b: Scizor|194/243\n|-unboost|p2b: Latios|spa|2\n|move|p2a: Ogerpon|Knock Off|p1a: Vileplume\n|-damage|p1a: Vileplume|150/278\n|-enditem|p1a: Vileplume|Sitrus Berry|[from] move: Knock Off|[of] p2a: Ogerpon\n|-damage|p2a: Ogerpon|47/253|[from] item: Life Orb\n|move|p1a: Vileplume|Pollen Puff|p2a: Ogerpon\n|-supereffective|p2a: Ogerpon\n|-damage|p2a: Ogerpon|0 fnt\n|faint|p2a: Ogerpon\n|\n|upkeep\n|inactive|marco365 has 120 seconds left.\n|\n|t:|1770981303\n|switch|p2a: Manaphy|Manaphy, L78|284/284\n|turn|3\n|inactive|Blicky EX has 120 seconds left.\n|\n|t:|1770981338\n|-terastallize|p2a: Manaphy|Grass\n|move|p2b: Latios|Tailwind|p2b: Latios\n|-sidestart|p2: marco365|move: Tailwind\n|move|p2a: Manaphy|Tail Glow|p2a: Manaphy\n|-boost|p2a: Manaphy|spa|3\n|move|p1b: Scizor|U-turn|p2a: Manaphy\n|-supereffective|p2a: Manaphy\n|-damage|p2a: Manaphy|48/284\n|\n|t:|1770981352\n|switch|p1b: Hydrapple|Hydrapple, L85, F|183/319|[from] U-turn\n|move|p1a: Vileplume|Stun Spore|p2a: Manaphy\n|-immune|p2a: Manaphy\n|\n|-heal|p2a: Manaphy|65/284|[from] item: Leftovers\n|upkeep\n|turn|4\n|inactive|Blicky EX has 120 seconds left.\n|inactive|marco365 has 120 seconds left.\n|inactive|Blicky EX has 90 seconds left.\n|\n|t:|1770981406\n|switch|p2b: Oranguru|Oranguru, L90, M|308/308\n|move|p2a: Manaphy|Protect|p2a: Manaphy\n|-singleturn|p2a: Manaphy|Protect\n|move|p1a: Vileplume|Pollen Puff|p2a: Manaphy\n|-activate|p2a: Manaphy|move: Protect\n|move|p1b: Hydrapple|Pollen Puff|p2a: Manaphy\n|-activate|p2a: Manaphy|move: Protect\n|\n|-heal|p2a: Manaphy|82/284|[from] item: Leftovers\n|upkeep\n|turn|5\n|inactive|marco365 has 120 seconds left.\n|\n|t:|1770981429\n|move|p2a: Manaphy|Ice Beam|p1a: Vileplume\n|-supereffective|p1a: Vileplume\n|-damage|p1a: Vileplume|0 fnt\n|faint|p1a: Vileplume\n|move|p2b: Oranguru|Instruct|p2a: Manaphy\n|-singleturn|p2a: Manaphy|move: Instruct|[of] p2b: Oranguru\n|move|p2a: Manaphy|Ice Beam|p1b: Hydrapple\n|-supereffective|p1b: Hydrapple\n|-damage|p1b: Hydrapple|0 fnt\n|faint|p1b: Hydrapple\n|\n|-heal|p2a: Manaphy|99/284|[from] item: Leftovers\n|upkeep\n|inactive|Blicky EX has 90 seconds left.\n|\n|t:|1770981466\n|switch|p1a: Scizor|Scizor, L80, F|194/243\n|switch|p1b: Kingdra|Kingdra, L85, M|266/266\n|turn|6\n|\n|t:|1770981487\n|move|p1a: Scizor|Bullet Punch|p2a: Manaphy\n|-damage|p2a: Manaphy|0 fnt\n|faint|p2a: Manaphy\n|move|p2b: Oranguru|Psychic|p1b: Kingdra\n|-damage|p1b: Kingdra|160/266\n|move|p1b: Kingdra|Rain Dance|p1b: Kingdra\n|-weather|RainDance\n|\n|-weather|RainDance|[upkeep]\n|-sideend|p2: marco365|move: Tailwind\n|upkeep\n|inactive|marco365 has 120 seconds left.\n|\n|t:|1770981508\n|switch|p2a: Amoonguss|Amoonguss, L86, M|336/336\n|turn|7\n|\n|t:|1770981533\n|switch|p1a: Armarouge|Armarouge, L80, M|267/267\n|move|p1b: Kingdra|Protect|p1b: Kingdra\n|-singleturn|p1b: Kingdra|Protect\n|move|p2a: Amoonguss|Spore|p1a: Armarouge\n|-status|p1a: Armarouge|slp|[from] move: Spore\n|move|p2b: Oranguru|Trick Room|p2b: Oranguru\n|-fieldstart|move: Trick Room|[of] p2b: Oranguru\n|\n|-weather|RainDance|[upkeep]\n|upkeep\n|turn|8\n|\n|t:|1770981558\n|switch|p2a: Sylveon|Sylveon, L79, M|280/280\n|switch|p1b: Scizor|Scizor, L80, F|194/243\n|move|p2b: Oranguru|Hyper Voice|p1b: Scizor|[spread] p1a,p1b\n|-resisted|p1b: Scizor\n|-damage|p1a: Armarouge|185/267 slp\n|-damage|p1b: Scizor|151/243\n|cant|p1a: Armarouge|slp\n|\n|-weather|RainDance|[upkeep]\n|upkeep\n|turn|9\n|inactive|Blicky EX has 120 seconds left.\n|inactive|marco365 has 120 seconds left.\n|inactive|Blicky EX has 90 seconds left.\n|\n|t:|1770981607\n|switch|p2a: Latios|Latios, L79, M|256/256\n|move|p1b: Scizor|Bullet Punch|p2a: Latios\n|-damage|p2a: Latios|127/256\n|move|p2b: Oranguru|Hyper Voice|p1b: Scizor|[spread] p1a,p1b\n|-resisted|p1b: Scizor\n|-damage|p1a: Armarouge|89/267 slp\n|-damage|p1b: Scizor|109/243\n|cant|p1a: Armarouge|slp\n|\n|-weather|RainDance|[upkeep]\n|upkeep\n|turn|10\n|inactive|marco365 has 120 seconds left.\n|inactive|Blicky EX has 90 seconds left.\n|\n|t:|1770981633\n|switch|p1b: Kingdra|Kingdra, L85, M|160/266\n|move|p2a: Latios|Protect|p2a: Latios\n|-singleturn|p2a: Latios|Protect\n|-curestatus|p1a: Armarouge|slp|[msg]\n|move|p1a: Armarouge|Heat Wave|p2a: Latios|[spread] \n|-activate|p2a: Latios|move: Protect\n|-miss|p1a: Armarouge|p2b: Oranguru\n|move|p2b: Oranguru|Trick Room|p2b: Oranguru\n|-fieldend|move: Trick Room\n|\n|-weather|none\n|upkeep\n|turn|11\n|inactive|marco365 has 120 seconds left.\n|inactive|Blicky EX has 90 seconds left.\n|\n|t:|1770981669\n|move|p2a: Latios|Luster Purge|p1b: Kingdra\n|-damage|p1b: Kingdra|30/266\n|move|p1b: Kingdra|Muddy Water|p2a: Latios|[spread] p2b\n|-miss|p1b: Kingdra|p2a: Latios\n|-damage|p2b: Oranguru|230/308\n|-damage|p1b: Kingdra|4/266|[from] item: Life Orb\n|move|p1a: Armarouge|Heat Wave|p2a: Latios|[spread] p2a,p2b\n|-resisted|p2a: Latios\n|-crit|p2b: Oranguru\n|-damage|p2a: Latios|70/256\n|-damage|p2b: Oranguru|92/308\n|-enditem|p2b: Oranguru|Sitrus Berry|[eat]\n|-heal|p2b: Oranguru|169/308|[from] item: Sitrus Berry\n|move|p2b: Oranguru|Hyper Voice|p1a: Armarouge|[spread] p1a,p1b\n|-damage|p1a: Armarouge|0 fnt\n|-damage|p1b: Kingdra|0 fnt\n|faint|p1a: Armarouge\n|faint|p1b: Kingdra\n|\n|upkeep\n|\n|t:|1770981688\n|switch|p1b: Scizor|Scizor, L80, F|109/243\n|switch|p1a: Zapdos|Zapdos, L77|265/265\n|turn|12\n|inactive|Blicky EX has 90 seconds left.\n|inactive|marco365 has 120 seconds left.\n|\n|t:|1770981703\n|move|p2a: Latios|Protect|p2a: Latios\n|-singleturn|p2a: Latios|Protect\n|move|p1a: Zapdos|Tailwind|p1a: Zapdos\n|-sidestart|p1: Blicky EX|move: Tailwind\n|move|p1b: Scizor|U-turn|p2b: Oranguru\n|-supereffective|p2b: Oranguru\n|-damage|p2b: Oranguru|0 fnt\n|faint|p2b: Oranguru\n|\n|upkeep\n|inactive|marco365 has 120 seconds left.\n|\n|t:|1770981714\n|switch|p2b: Amoonguss|Amoonguss, L86, M|336/336\n|turn|13\n|inactive|Blicky EX has 90 seconds left.\n|\n|t:|1770981754\n|move|p2b: Amoonguss|Rage Powder|p2b: Amoonguss\n|-singleturn|p2b: Amoonguss|move: Rage Powder\n|move|p1a: Zapdos|Hurricane|p2b: Amoonguss|[miss]\n|-miss|p1a: Zapdos|p2b: Amoonguss\n|move|p1b: Scizor|U-turn|p2b: Amoonguss\n|-damage|p2b: Amoonguss|192/336\n|-damage|p1b: Scizor|69/243|[from] item: Rocky Helmet|[of] p2b: Amoonguss\n|move|p2a: Latios|Luster Purge|p1b: Scizor\n|-resisted|p1b: Scizor\n|-damage|p1b: Scizor|0 fnt\n|faint|p1b: Scizor\n|\n|upkeep\n|turn|14\n|inactive|Blicky EX has 90 seconds left.\n|\n|t:|1770981779\n|move|p2b: Amoonguss|Protect|p2b: Amoonguss\n|-singleturn|p2b: Amoonguss|Protect\n|move|p1a: Zapdos|Hurricane|p2b: Amoonguss\n|-activate|p2b: Amoonguss|move: Protect\n|move|p2a: Latios|Luster Purge|p1a: Zapdos\n|-damage|p1a: Zapdos|115/265\n|-enditem|p1a: Zapdos|Sitrus Berry|[eat]\n|-heal|p1a: Zapdos|181/265|[from] item: Sitrus Berry\n|\n|upkeep\n|turn|15\n|\n|t:|1770981798\n|move|p2b: Amoonguss|Rage Powder|p2b: Amoonguss\n|-singleturn|p2b: Amoonguss|move: Rage Powder\n|move|p1a: Zapdos|Hurricane|p2b: Amoonguss|[miss]\n|-miss|p1a: Zapdos|p2b: Amoonguss\n|move|p2a: Latios|Tailwind|p2a: Latios\n|-sidestart|p2: marco365|move: Tailwind\n|\n|-sideend|p1: Blicky EX|move: Tailwind\n|upkeep\n|turn|16\n|inactive|Blicky EX has 120 seconds left.\n|-message|Blicky EX forfeited.\n|\n|win|marco365\n|raw|Blicky EX's rating: 1626 &rarr; <strong>1613</strong><br />(-13 for losing)\n|raw|marco365's rating: 1753 &rarr; <strong>1766</strong><br />(+13 for winning)\n|l|☆Blicky EX\n|player|p1|\n", "inputlog": ">version ccdc32dd7cde25fd9e4bed64820e885f66e78a4e\n>start {\"formatid\":\"gen9randomdoublesbattle\",\"seed\":\"sodium,cc5dea991a25f92f356b107a8e9c4c52\",\"rated\":\"Rated battle\"}\n>player p1 {\"name\":\"Blicky EX\",\"avatar\":\"shadowtriad\",\"rating\":1626,\"seed\":\"sodium,3ba9c14e79b2403268cf3c75385eba2a\"}\n>player p2 {\"name\":\"marco365\",\"avatar\":\"lucian\",\"rating\":1753,\"seed\":\"sodium,f2240243214903dd5b38a02ffabe0be1\"}\n>p1 switch 5, move pollenpuff +1\n>p2 move ivycudgel +1, move dracometeor +2\n>p1 move pollenpuff +1, switch 3\n>p2 move knockoff +1, move dracometeor +2\n>p2 switch 6, pass\n>p1 move stunspore +1, move uturn +1\n>p2 move tailglow terastallize, move tailwind\n>p1 pass, switch 3\n>p1 move pollenpuff +1, move pollenpuff +1\n>p2 move protect, switch 3\n>p1 move pollenpuff +1, move pollenpuff +1\n>p2 move icebeam +1, move instruct -1\n>p1 switch 3, switch 5\n>p1 move bulletpunch +1, move raindance\n>p2 move scald +1, move psychic +2\n>p2 switch 5, pass\n>p1 switch 4, move protect\n>p2 move spore +1, move trickroom\n>p1 move heatwave, switch 4\n>p2 switch 4, move hypervoice\n>p1 move psychic +2, move bulletpunch +1\n>p2 switch 3, move hypervoice\n>p1 move heatwave, switch 4\n>p2 move protect, move trickroom\n>p1 move heatwave, move muddywater\n>p2 move lusterpurge +2, move hypervoice\n>p1 switch 6, switch 4\n>p1 move tailwind, move uturn +2\n>p2 move protect, move hypervoice\n>p2 pass, switch 4\n>p1 move hurricane +2, move uturn +2\n>p2 move lusterpurge +2, move ragepowder\n>p1 move hurricane +2, pass\n>p2 move lusterpurge +1, move protect\n>p1 move hurricane +1, pass\n>p2 move tailwind, move ragepowder\n>forcelose p1", "uploadtime": 1770981810, "views": 70, "formatid": "gen9randomdoublesbattle", "rating": 1613, "private": 0, "password": null}