{"id": "gen9randomdoublesbattle-2539598114", "format": "[Gen 9] Random Doubles Battle", "players": ["ICE_Ricky23", "SquirtleSquad99"], "log": "|j|☆ICE_Ricky23\n|j|☆SquirtleSquad99\n|t:|1771085829\n|gametype|doubles\n|player|p1|ICE_Ricky23|265|1701\n|player|p2|SquirtleSquad99|2|1776\n|gen|9\n|tier|[Gen 9] Random Doubles Battle\n|rated|\n|rule|Species Clause: Limit one of each Pokémon\n|rule|HP Percentage Mod: HP is shown in percentages\n|rule|Illusion Level Mod: Illusion disguises the Pokémon's true level\n|rule|Sleep Clause Mod: Limit one foe put to sleep\n|\n|t:|1771085829\n|teamsize|p1|6\n|teamsize|p2|6\n|start\n|switch|p1a: Brambleghast|Brambleghast, L86, F|235/235\n|switch|p1b: Cloyster|Cloyster, L87, F|229/229\n|switch|p2a: Registeel|Registeel, L78|253/253\n|switch|p2b: Zapdos|Zapdos, L77|265/265\n|turn|1\n|inactive|Battle timer is ON: inactive players will automatically lose when time's up. (requested by ICE_Ricky23)\n|inactive|ICE_Ricky23 has 120 seconds left.\n|\n|t:|1771085865\n|move|p1a: Brambleghast|Poltergeist|p2b: Zapdos\n|-activate|p2b: Zapdos|move: Poltergeist|Life Orb\n|-damage|p2b: Zapdos|108/265\n|move|p2b: Zapdos|Tailwind|p2b: Zapdos\n|-sidestart|p2: SquirtleSquad99|move: Tailwind\n|move|p2a: Registeel|Thunder Wave|p1a: Brambleghast\n|-status|p1a: Brambleghast|par\n|move|p1b: Cloyster|Shell Smash|p1b: Cloyster\n|-unboost|p1b: Cloyster|def|1\n|-unboost|p1b: Cloyster|spd|1\n|-boost|p1b: Cloyster|atk|2\n|-boost|p1b: Cloyster|spa|2\n|-boost|p1b: Cloyster|spe|2\n|-enditem|p1b: Cloyster|White Herb\n|-clearnegativeboost|p1b: Cloyster|[silent]\n|\n|upkeep\n|turn|2\n|\n|t:|1771085893\n|move|p2b: Zapdos|Thunderbolt|p1b: Cloyster\n|-supereffective|p1b: Cloyster\n|-damage|p1b: Cloyster|0 fnt\n|faint|p1b: Cloyster\n|-damage|p2b: Zapdos|82/265|[from] item: Life Orb\n|move|p2a: Registeel|Iron Defense|p2a: Registeel\n|-boost|p2a: Registeel|def|2\n|cant|p1a: Brambleghast|par\n|\n|upkeep\n|inactive|ICE_Ricky23 has 120 seconds left.\n|\n|t:|1771085912\n|switch|p1b: Thundurus|Thundurus, L79, M|254/254\n|turn|3\n|\n|t:|1771085933\n|move|p2b: Zapdos|Hurricane|p1a: Brambleghast\n|-ability|p1a: Brambleghast|Wind Rider|boost\n|-boost|p1a: Brambleghast|atk|1\n|move|p2a: Registeel|Iron Defense|p2a: Registeel\n|-boost|p2a: Registeel|def|2\n|move|p1b: Thundurus|Wildbolt Storm|p2b: Zapdos|[spread] p2a,p2b\n|-damage|p2a: Registeel|187/253\n|-damage|p2b: Zapdos|0 fnt\n|faint|p2b: Zapdos\n|move|p1a: Brambleghast|Poltergeist|p2a: Registeel\n|-activate|p2a: Registeel|move: Poltergeist|Leftovers\n|-damage|p2a: Registeel|141/253\n|\n|-heal|p2a: Registeel|156/253|[from] item: Leftovers\n|upkeep\n|inactive|SquirtleSquad99 has 120 seconds left.\n|\n|t:|1771085965\n|switch|p2b: Sandslash|Sandslash-Alola, L91, F|284/284\n|turn|4\n|inactive|SquirtleSquad99 has 120 seconds left.\n|inactive|ICE_Ricky23 has 120 seconds left.\n|\n|t:|1771086009\n|-terastallize|p1a: Brambleghast|Steel\n|move|p2b: Sandslash|Knock Off|p1a: Brambleghast\n|-damage|p1a: Brambleghast|81/235 par\n|-enditem|p1a: Brambleghast|Sitrus Berry|[from] move: Knock Off|[of] p2b: Sandslash\n|move|p2a: Registeel|Body Press|p1b: Thundurus\n|-resisted|p1b: Thundurus\n|-damage|p1b: Thundurus|118/254\n|move|p1b: Thundurus|Wildbolt Storm|p2a: Registeel|[spread] p2b\n|-miss|p1b: Thundurus|p2a: Registeel\n|-damage|p2b: Sandslash|188/284\n|move|p1a: Brambleghast|Poltergeist|p2b: Sandslash\n|-activate|p2b: Sandslash|move: Poltergeist|Choice Band\n|-damage|p2b: Sandslash|29/284\n|\n|-heal|p2a: Registeel|171/253|[from] item: Leftovers\n|-sideend|p2: SquirtleSquad99|move: Tailwind\n|upkeep\n|turn|5\n|inactive|ICE_Ricky23 has 120 seconds left.\n|inactive|SquirtleSquad99 has 90 seconds left.\n|\n|t:|1771086057\n|move|p1b: Thundurus|Wildbolt Storm|p2b: Sandslash|[spread] p2a,p2b\n|-damage|p2a: Registeel|113/253\n|-damage|p2b: Sandslash|0 fnt\n|faint|p2b: Sandslash\n|move|p2a: Registeel|Body Press|p1b: Thundurus\n|-resisted|p1b: Thundurus\n|-damage|p1b: Thundurus|0 fnt\n|faint|p1b: Thundurus\n|move|p1a: Brambleghast|Strength Sap|p2a: Registeel\n|-fail|p2a: Registeel|unboost|[from] ability: Clear Body|[of] p2a: Registeel\n|-heal|p1a: Brambleghast|235/235 par\n|\n|-heal|p2a: Registeel|128/253|[from] item: Leftovers\n|upkeep\n|\n|t:|1771086081\n|switch|p1b: Clefable|Clefable, L87, M|307/307\n|switch|p2b: Hitmonchan|Hitmonchan, L90, M|236/236\n|turn|6\n|inactive|ICE_Ricky23 has 120 seconds left.\n|\n|t:|1771086096\n|move|p2b: Hitmonchan|Fake Out|p1b: Clefable\n|-damage|p1b: Clefable|266/307\n|-damage|p2b: Hitmonchan|197/236|[from] item: Rocky Helmet|[of] p1b: Clefable\n|cant|p1b: Clefable|flinch\n|move|p2a: Registeel|Body Press|p1a: Brambleghast\n|-supereffective|p1a: Brambleghast\n|-damage|p1a: Brambleghast|0 fnt\n|faint|p1a: Brambleghast\n|\n|-heal|p2a: Registeel|143/253|[from] item: Leftovers\n|upkeep\n|\n|t:|1771086114\n|switch|p1a: Alcremie|Alcremie-Mint-Cream, L90, F|263/263\n|turn|7\n|inactive|SquirtleSquad99 has 90 seconds left.\n|\n|t:|1771086153\n|move|p1a: Alcremie|Helping Hand|p1b: Clefable\n|-singleturn|p1b: Clefable|Helping Hand|[of] p1a: Alcremie\n|move|p2b: Hitmonchan|Knock Off|p1a: Alcremie\n|-resisted|p1a: Alcremie\n|-damage|p1a: Alcremie|216/263\n|-enditem|p1a: Alcremie|Sitrus Berry|[from] move: Knock Off|[of] p2b: Hitmonchan\n|move|p1b: Clefable|Fire Blast|p2a: Registeel\n|-supereffective|p2a: Registeel\n|-damage|p2a: Registeel|0 fnt\n|faint|p2a: Registeel\n|\n|upkeep\n|inactive|SquirtleSquad99 has 60 seconds left.\n|\n|t:|1771086190\n|switch|p2a: Volcarona|Volcarona, L78, F|261/261\n|turn|8\n|inactive|SquirtleSquad99 has 60 seconds left.\n|\n|t:|1771086210\n|move|p1a: Alcremie|Helping Hand|p1b: Clefable\n|-singleturn|p1b: Clefable|Helping Hand|[of] p1a: Alcremie\n|move|p2a: Volcarona|Struggle Bug|p1a: Alcremie|[spread] p1a,p1b\n|-resisted|p1a: Alcremie\n|-resisted|p1b: Clefable\n|-damage|p1a: Alcremie|200/263\n|-damage|p1b: Clefable|246/307\n|-unboost|p1a: Alcremie|spa|1\n|-unboost|p1b: Clefable|spa|1\n|move|p2b: Hitmonchan|Poison Jab|p1a: Alcremie\n|-supereffective|p1a: Alcremie\n|-damage|p1a: Alcremie|48/263\n|move|p1b: Clefable|Moonblast|p2b: Hitmonchan\n|-supereffective|p2b: Hitmonchan\n|-damage|p2b: Hitmonchan|83/236\n|\n|upkeep\n|turn|9\n|inactive|SquirtleSquad99 has 60 seconds left.\n|\n|t:|1771086232\n|move|p2a: Volcarona|Rage Powder|p2a: Volcarona\n|-singleturn|p2a: Volcarona|move: Rage Powder\n|move|p2b: Hitmonchan|Poison Jab|p1b: Clefable\n|-supereffective|p1b: Clefable\n|-damage|p1b: Clefable|94/307\n|-damage|p2b: Hitmonchan|44/236|[from] item: Rocky Helmet|[of] p1b: Clefable\n|move|p1a: Alcremie|Decorate|p2a: Volcarona\n|-boost|p2a: Volcarona|atk|2\n|-boost|p2a: Volcarona|spa|2\n|move|p1b: Clefable|Life Dew|p1b: Clefable|[spread] p1a,p1b\n|-heal|p1a: Alcremie|114/263\n|-heal|p1b: Clefable|171/307\n|\n|upkeep\n|turn|10\n|c|☆ICE_Ricky23|lol\n|c|☆SquirtleSquad99|LMAO\n|inactive|SquirtleSquad99 has 60 seconds left.\n|inactive|ICE_Ricky23 has 120 seconds left.\n|\n|t:|1771086264\n|move|p2a: Volcarona|Heat Wave|p1b: Clefable|[spread] p1a,p1b\n|-damage|p1a: Alcremie|0 fnt\n|-damage|p1b: Clefable|92/307\n|faint|p1a: Alcremie\n|move|p2b: Hitmonchan|Poison Jab|p1b: Clefable\n|-supereffective|p1b: Clefable\n|-damage|p1b: Clefable|0 fnt\n|-damage|p2b: Hitmonchan|5/236|[from] item: Rocky Helmet|[of] p1b: Clefable\n|faint|p1b: Clefable\n|\n|upkeep\n|inactive|ICE_Ricky23 has 120 seconds left.\n|\n|t:|1771086274\n|switch|p1a: Basculin|Basculin, L87, F|264/264\n|turn|11\n|\n|t:|1771086287\n|-terastallize|p2a: Volcarona|Water\n|move|p1a: Basculin|Wave Crash|p2a: Volcarona\n|-resisted|p2a: Volcarona\n|-damage|p2a: Volcarona|117/261\n|-damage|p1a: Basculin|216/264|[from] Recoil\n|move|p2a: Volcarona|Struggle Bug|p1a: Basculin\n|-damage|p1a: Basculin|53/264\n|-unboost|p1a: Basculin|spa|1\n|move|p2b: Hitmonchan|Close Combat|p1a: Basculin\n|-damage|p1a: Basculin|0 fnt\n|-unboost|p2b: Hitmonchan|def|1\n|-unboost|p2b: Hitmonchan|spd|1\n|faint|p1a: Basculin\n|\n|win|SquirtleSquad99\n|raw|ICE_Ricky23's rating: 1701 &rarr; <strong>1685</strong><br />(-16 for losing)\n|raw|SquirtleSquad99's rating: 1776 &rarr; <strong>1792</strong><br />(+16 for winning)\n|c|☆SquirtleSquad99|gg\n|c|☆ICE_Ricky23|gg\n", "inputlog": ">version ccdc32dd7cde25fd9e4bed64820e885f66e78a4e\n>start {\"formatid\":\"gen9randomdoublesbattle\",\"seed\":\"sodium,8b28e5aa46ce593950d358710179ae26\",\"rated\":\"Rated battle\"}\n>player p1 {\"name\":\"ICE_Ricky23\",\"avatar\":\"265\",\"rating\":1701,\"seed\":\"sodium,e664d8b50d8787dc7ca2c3eb95cc1edb\"}\n>player p2 {\"name\":\"SquirtleSquad99\",\"avatar\":\"2\",\"rating\":1776,\"seed\":\"sodium,ac81c88f3cba4f63e2db17ccaabfe91d\"}\n>p1 move poltergeist +2, move shellsmash\n>p2 move thunderwave +1, move tailwind\n>p1 move poltergeist +2, move hydropump +1\n>p2 move irondefense, move thunderbolt +2\n>p1 pass, switch 3\n>p1 move poltergeist +1, move wildboltstorm\n>p2 move irondefense, move hurricane +1\n>p2 pass, switch 6\n>p1 move poltergeist +2 terastallize, move wildboltstorm\n>p2 move bodypress +2, move knockoff +1\n>p1 move strengthsap +2, move wildboltstorm\n>p2 move bodypress +2, move knockoff +2\n>p1 pass, switch 5\n>p2 pass, switch 5\n>p1 move powerwhip +2, move fireblast +1\n>p2 move bodypress +1, move fakeout +2\n>p1 switch 4, pass\n>p1 move helpinghand -2, move fireblast +1\n>p2 move ironhead +2, move knockoff +1\n>p2 switch 4, pass\n>p1 move helpinghand -2, move moonblast +2\n>p2 move strugglebug, move poisonjab +1\n>p1 move decorate -2, move lifedew\n>p2 move ragepowder, move poisonjab +2\n>chat ☆ICE_Ricky23|lol\n>chat ☆SquirtleSquad99|LMAO\n>p1 move alluringvoice +2, move moonblast +1\n>p2 move heatwave, move poisonjab +2\n>p1 switch 6, pass\n>p1 move wavecrash +1, pass\n>p2 move strugglebug terastallize, move closecombat +1", "uploadtime": 1771086302, "views": 71, "formatid": "gen9randomdoublesbattle", "rating": 1685, "private": 0, "password": null}