{"id": "gen9randomdoublesbattle-2536904636", "format": "[Gen 9] Random Doubles Battle", "players": ["blirf", "iamsonewplzbnice"], "log": "|j|☆blirf\n|j|☆iamsonewplzbnice\n|t:|1770747214\n|gametype|doubles\n|player|p1|blirf|102|1560\n|player|p2|iamsonewplzbnice|102|1486\n|gen|9\n|tier|[Gen 9] Random Doubles Battle\n|rated|\n|rule|Species Clause: Limit one of each Pokémon\n|rule|HP Percentage Mod: HP is shown in percentages\n|rule|Illusion Level Mod: Illusion disguises the Pokémon's true level\n|rule|Sleep Clause Mod: Limit one foe put to sleep\n|\n|t:|1770747214\n|teamsize|p1|6\n|teamsize|p2|6\n|start\n|switch|p1a: Kilowattrel|Kilowattrel, L80, F|243/243\n|switch|p1b: Tatsugiri|Tatsugiri, L84, F|251/251\n|switch|p2a: Gliscor|Gliscor, L81, F|254/254\n|switch|p2b: Calyrex|Calyrex-Shadow, L63|231/231\n|-ability|p2b: Calyrex|As One\n|-ability|p2b: Calyrex|Unnerve\n|turn|1\n|inactive|Battle timer is ON: inactive players will automatically lose when time's up. (requested by blirf)\n|\n|t:|1770747248\n|switch|p2a: Wigglytuff|Wigglytuff, L91, F|403/403\n|move|p1a: Kilowattrel|Tailwind|p1a: Kilowattrel\n|-sidestart|p1: blirf|move: Tailwind\n|move|p1b: Tatsugiri|Icy Wind|p2b: Calyrex|[spread] p2a\n|-miss|p1b: Tatsugiri|p2b: Calyrex\n|-damage|p2a: Wigglytuff|354/403\n|-unboost|p2a: Wigglytuff|spe|1\n|-ability|p2a: Wigglytuff|Competitive|boost\n|-boost|p2a: Wigglytuff|spa|2\n|move|p2b: Calyrex|Astral Barrage|p1a: Kilowattrel|[spread] p1a,p1b\n|-damage|p1a: Kilowattrel|90/243\n|-damage|p1b: Tatsugiri|183/251\n|-damage|p2b: Calyrex|208/231|[from] item: Life Orb\n|\n|upkeep\n|turn|2\n|\n|t:|1770747286\n|switch|p2b: Gliscor|Gliscor, L81, F|254/254\n|move|p1a: Kilowattrel|Thunderbolt|p2b: Gliscor\n|-immune|p2b: Gliscor\n|move|p1b: Tatsugiri|Muddy Water|p2b: Gliscor|[spread] \n|-miss|p1b: Tatsugiri|p2a: Wigglytuff\n|-miss|p1b: Tatsugiri|p2b: Gliscor\n|move|p2a: Wigglytuff|Dazzling Gleam|p1b: Tatsugiri|[spread] p1a,p1b\n|-supereffective|p1b: Tatsugiri\n|-damage|p1a: Kilowattrel|0 fnt\n|-damage|p1b: Tatsugiri|25/251\n|faint|p1a: Kilowattrel\n|\n|-status|p2b: Gliscor|tox|[from] item: Toxic Orb\n|upkeep\n|inactive|blirf has 120 seconds left.\n|\n|t:|1770747307\n|switch|p1a: Overqwil|Overqwil, L82, M|274/274\n|-ability|p1a: Overqwil|Intimidate|boost\n|-unboost|p2a: Wigglytuff|atk|1\n|-ability|p2a: Wigglytuff|Competitive|boost\n|-boost|p2a: Wigglytuff|spa|2\n|-unboost|p2b: Gliscor|atk|1\n|turn|3\n|inactive|blirf has 120 seconds left.\n|\n|t:|1770747329\n|-terastallize|p1a: Overqwil|Flying\n|-terastallize|p2a: Wigglytuff|Steel\n|move|p2b: Gliscor|Protect|p2b: Gliscor\n|-singleturn|p2b: Gliscor|Protect\n|move|p1a: Overqwil|Gunk Shot|p2a: Wigglytuff\n|-immune|p2a: Wigglytuff\n|move|p1b: Tatsugiri|Muddy Water|p2b: Gliscor|[spread] p2a\n|-activate|p2b: Gliscor|move: Protect\n|-damage|p2a: Wigglytuff|236/403\n|move|p2a: Wigglytuff|Dazzling Gleam|p1a: Overqwil|[spread] p1a,p1b\n|-supereffective|p1b: Tatsugiri\n|-damage|p1a: Overqwil|31/274\n|-damage|p1b: Tatsugiri|0 fnt\n|faint|p1b: Tatsugiri\n|\n|upkeep\n|\n|t:|1770747343\n|switch|p1b: Skeledirge|Skeledirge, L80, M|298/298\n|turn|4\n|\n|t:|1770747362\n|switch|p2a: Rhydon|Rhydon, L86, M|321/321\n|move|p1a: Overqwil|Liquidation|p2b: Gliscor\n|-supereffective|p2b: Gliscor\n|-damage|p2b: Gliscor|129/254 tox\n|-damage|p1a: Overqwil|4/274|[from] item: Life Orb\n|move|p1b: Skeledirge|Torch Song|p2a: Rhydon\n|-resisted|p2a: Rhydon\n|-damage|p2a: Rhydon|277/321\n|-boost|p1b: Skeledirge|spa|1\n|move|p2b: Gliscor|Tailwind|p2b: Gliscor\n|-sidestart|p2: iamsonewplzbnice|move: Tailwind\n|\n|-heal|p2b: Gliscor|160/254 tox|[from] ability: Poison Heal\n|-sideend|p1: blirf|move: Tailwind\n|upkeep\n|turn|5\n|\n|t:|1770747385\n|move|p2b: Gliscor|High Horsepower|p1b: Skeledirge\n|-supereffective|p1b: Skeledirge\n|-damage|p1b: Skeledirge|118/298\n|move|p2a: Rhydon|Rock Slide|p1b: Skeledirge|[spread] p1a,p1b\n|-supereffective|p1a: Overqwil\n|-supereffective|p1b: Skeledirge\n|-damage|p1a: Overqwil|0 fnt\n|-damage|p1b: Skeledirge|0 fnt\n|faint|p1a: Overqwil\n|faint|p1b: Skeledirge\n|\n|-heal|p2b: Gliscor|191/254 tox|[from] ability: Poison Heal\n|upkeep\n|\n|t:|1770747388\n|switch|p1a: Banette|Banette, L94, F|273/273\n|switch|p1b: Hydreigon|Hydreigon, L82, M|285/285\n|-item|p2a: Rhydon|Eviolite|[from] ability: Frisk|[of] p1a: Banette\n|-item|p2b: Gliscor|Toxic Orb|[from] ability: Frisk|[of] p1a: Banette\n|turn|6\n|\n|t:|1770747405\n|switch|p2b: Emboar|Emboar, L85, M|326/326\n|move|p2a: Rhydon|Rock Slide|p1a: Banette|[spread] p1a,p1b\n|-crit|p1a: Banette\n|-damage|p1a: Banette|134/273\n|-damage|p1b: Hydreigon|206/285\n|move|p1b: Hydreigon|Dark Pulse|p2a: Rhydon\n|-damage|p2a: Rhydon|137/321\n|-damage|p1b: Hydreigon|178/285|[from] item: Life Orb\n|move|p1a: Banette|Poltergeist|p2b: Emboar\n|-activate|p2b: Emboar|move: Poltergeist|Choice Band\n|-damage|p2b: Emboar|73/326\n|-damage|p1a: Banette|107/273|[from] item: Life Orb\n|\n|upkeep\n|turn|7\n|\n|t:|1770747427\n|move|p2b: Emboar|Knock Off|p1a: Banette\n|-supereffective|p1a: Banette\n|-damage|p1a: Banette|0 fnt\n|-enditem|p1a: Banette|Life Orb|[from] move: Knock Off|[of] p2b: Emboar\n|faint|p1a: Banette\n|move|p2a: Rhydon|Rock Slide|p1b: Hydreigon\n|-damage|p1b: Hydreigon|64/285\n|move|p1b: Hydreigon|Dark Pulse|p2a: Rhydon\n|-damage|p2a: Rhydon|1/321\n|-damage|p1b: Hydreigon|36/285|[from] item: Life Orb\n|\n|-sideend|p2: iamsonewplzbnice|move: Tailwind\n|upkeep\n|turn|8\n|l|☆blirf\n|inactive|blirf disconnected and has a minute to reconnect!\n|player|p1|\n|c|☆iamsonewplzbnice|gg\n|c|☆iamsonewplzbnice|that game was an execution  xD\n|inactive|blirf has 30 seconds to reconnect!\n|inactive|blirf has 20 seconds to reconnect!\n|inactive|blirf has 15 seconds to reconnect!\n|inactive|blirf has 10 seconds to reconnect!\n|inactive|blirf has 5 seconds to reconnect!\n|-message|blirf lost due to inactivity.\n|\n|win|iamsonewplzbnice\n|raw|blirf's rating: 1560 &rarr; <strong>1536</strong><br />(-24 for losing)\n|raw|iamsonewplzbnice's rating: 1486 &rarr; <strong>1510</strong><br />(+24 for winning)\n", "inputlog": ">version ccdc32dd7cde25fd9e4bed64820e885f66e78a4e\n>start {\"formatid\":\"gen9randomdoublesbattle\",\"seed\":\"sodium,71eda6c930fa8295fb303f9e539e2610\",\"rated\":\"Rated battle\"}\n>player p1 {\"name\":\"blirf\",\"avatar\":\"102\",\"rating\":1560,\"seed\":\"sodium,4426ca21de2829bbd782b4318aa5a2d2\"}\n>player p2 {\"name\":\"iamsonewplzbnice\",\"avatar\":\"102\",\"rating\":1486,\"seed\":\"sodium,95d0e894f53f7100cdc089d82234d614\"}\n>p1 move tailwind, move icywind\n>p2 switch 5, move astralbarrage\n>p1 move thunderbolt +2, move muddywater\n>p2 move dazzlinggleam, switch 5\n>p1 switch 4, pass\n>p1 move gunkshot +1 terastallize, move muddywater\n>p2 move dazzlinggleam terastallize, move protect\n>p1 pass, switch 5\n>p1 move liquidation +2, move torchsong +1\n>p2 switch 3, move tailwind\n>p1 move liquidation +1, move shadowball +1\n>p2 move rockslide, move highhorsepower +2\n>p1 switch 3, switch 6\n>p1 move poltergeist +2, move darkpulse +1\n>p2 move rockslide, switch 6\n>p1 move poltergeist +1, move darkpulse +1\n>p2 move rockslide, move knockoff +1\n>chat ☆iamsonewplzbnice|gg\n>chat ☆iamsonewplzbnice|that game was an execution  xD\n>forcelose p1", "uploadtime": 1770747530, "views": 67, "formatid": "gen9randomdoublesbattle", "rating": 1510, "private": 0, "password": null}