{"id": "gen9randomdoublesbattle-2540000154", "format": "[Gen 9] Random Doubles Battle", "players": ["swapdub", "gingerlike"], "log": "|j|☆swapdub\n|j|☆gingerlike\n|t:|1771141746\n|gametype|doubles\n|player|p1|swapdub|101|1622\n|player|p2|gingerlike|102|1734\n|gen|9\n|tier|[Gen 9] Random Doubles Battle\n|rated|\n|rule|Species Clause: Limit one of each Pokémon\n|rule|HP Percentage Mod: HP is shown in percentages\n|rule|Illusion Level Mod: Illusion disguises the Pokémon's true level\n|rule|Sleep Clause Mod: Limit one foe put to sleep\n|\n|t:|1771141746\n|teamsize|p1|6\n|teamsize|p2|6\n|start\n|switch|p1a: Glimmora|Glimmora, L77, M|254/254\n|switch|p1b: Blaziken|Blaziken, L79, M|256/256\n|switch|p2a: Raichu|Raichu, L87, M|246/246\n|switch|p2b: Landorus|Landorus, L75, M|257/257\n|turn|1\n|inactive|Battle timer is ON: inactive players will automatically lose when time's up. (requested by gingerlike)\n|inactive|swapdub also wants the timer to be on.\n|inactive|swapdub has 120 seconds left.\n|inactive|gingerlike has 120 seconds left.\n|inactive|gingerlike has 90 seconds left.\n|\n|t:|1771141811\n|switch|p1a: Scyther|Scyther, L80, F|243/243\n|move|p2a: Raichu|Nasty Plot|p2a: Raichu\n|-boost|p2a: Raichu|spa|2\n|move|p2b: Landorus|Sandsear Storm|p1a: Scyther|[spread] p1b\n|-immune|p1a: Scyther\n|-supereffective|p1b: Blaziken\n|-damage|p1b: Blaziken|0 fnt\n|faint|p1b: Blaziken\n|\n|upkeep\n|\n|t:|1771141822\n|switch|p1b: Glimmora|Glimmora, L77, M|254/254\n|turn|2\n|\n|t:|1771141841\n|-terastallize|p1b: Glimmora|Ground\n|move|p1a: Scyther|Protect|p1a: Scyther\n|-singleturn|p1a: Scyther|Protect\n|move|p2a: Raichu|Thunderbolt|p1b: Glimmora\n|-immune|p1b: Glimmora\n|move|p2b: Landorus|Rock Slide|p1b: Glimmora|[spread] p1b\n|-activate|p1a: Scyther|move: Protect\n|-resisted|p1b: Glimmora\n|-damage|p1b: Glimmora|219/254\n|-activate|p1b: Glimmora|ability: Toxic Debris\n|-sidestart|p2: gingerlike|move: Toxic Spikes\n|move|p1b: Glimmora|Earth Power|p2a: Raichu\n|-supereffective|p2a: Raichu\n|-damage|p2a: Raichu|34/246\n|\n|upkeep\n|turn|3\n|inactive|swapdub has 120 seconds left.\n|\n|t:|1771141875\n|switch|p1a: Dachsbun|Dachsbun, L90, M|249/249\n|-terastallize|p2a: Raichu|Ice\n|move|p2a: Raichu|Tera Blast|p1b: Glimmora|[anim] Tera Blast Ice\n|-supereffective|p1b: Glimmora\n|-damage|p1b: Glimmora|0 fnt\n|faint|p1b: Glimmora\n|-damage|p2a: Raichu|10/246|[from] item: Life Orb\n|move|p2b: Landorus|Rock Slide|p1a: Dachsbun\n|-damage|p1a: Dachsbun|181/249\n|\n|upkeep\n|inactive|swapdub has 120 seconds left.\n|\n|t:|1771141893\n|switch|p1b: Scyther|Scyther, L80, F|243/243\n|turn|4\n|\n|t:|1771141911\n|move|p2a: Raichu|Protect|p2a: Raichu\n|-singleturn|p2a: Raichu|Protect\n|move|p1b: Scyther|Protect|p1b: Scyther\n|-singleturn|p1b: Scyther|Protect\n|move|p2b: Landorus|Protect|p2b: Landorus\n|-singleturn|p2b: Landorus|Protect\n|move|p1a: Dachsbun|Snarl|p2b: Landorus|[spread] \n|-activate|p2a: Raichu|move: Protect\n|-activate|p2b: Landorus|move: Protect\n|\n|upkeep\n|turn|5\n|\n|t:|1771141924\n|move|p1b: Scyther|Protect||[still]\n|-fail|p1b: Scyther\n|move|p2a: Raichu|Thunderbolt|p1b: Scyther\n|-supereffective|p1b: Scyther\n|-damage|p1b: Scyther|0 fnt\n|faint|p1b: Scyther\n|-damage|p2a: Raichu|0 fnt|[from] item: Life Orb\n|faint|p2a: Raichu\n|move|p1a: Dachsbun|Snarl|p2b: Landorus\n|-damage|p2b: Landorus|220/257\n|-unboost|p2b: Landorus|spa|1\n|move|p2b: Landorus|Sludge Bomb|p1a: Dachsbun\n|-supereffective|p1a: Dachsbun\n|-damage|p1a: Dachsbun|38/249\n|-enditem|p1a: Dachsbun|Sitrus Berry|[eat]\n|-heal|p1a: Dachsbun|100/249|[from] item: Sitrus Berry\n|\n|upkeep\n|inactive|gingerlike has 120 seconds left.\n|\n|t:|1771141966\n|switch|p2a: Corviknight|Corviknight, L80, F|288/288\n|switch|p1b: Kyogre|Kyogre, L65|238/238\n|-weather|RainDance|[from] ability: Drizzle|[of] p1b: Kyogre\n|turn|6\n|inactive|gingerlike has 120 seconds left.\n|inactive|gingerlike has 90 seconds left.\n|\n|t:|1771142015\n|move|p2b: Landorus|Protect|p2b: Landorus\n|-singleturn|p2b: Landorus|Protect\n|move|p1b: Kyogre|Water Spout|p2b: Landorus|[spread] p2a\n|-activate|p2b: Landorus|move: Protect\n|-damage|p2a: Corviknight|110/288\n|-enditem|p2a: Corviknight|Sitrus Berry|[eat]\n|-heal|p2a: Corviknight|182/288|[from] item: Sitrus Berry\n|move|p1a: Dachsbun|Body Press|p2a: Corviknight\n|-damage|p2a: Corviknight|113/288\n|move|p2a: Corviknight|Iron Head|p1a: Dachsbun\n|-supereffective|p1a: Dachsbun\n|-damage|p1a: Dachsbun|0 fnt\n|faint|p1a: Dachsbun\n|\n|-weather|RainDance|[upkeep]\n|upkeep\n|\n|t:|1771142031\n|switch|p1a: Regieleki|Regieleki, L79|256/256\n|turn|7\n|inactive|gingerlike has 90 seconds left.\n|\n|t:|1771142069\n|move|p1a: Regieleki|Thunderbolt|p2a: Corviknight\n|-supereffective|p2a: Corviknight\n|-damage|p2a: Corviknight|0 fnt\n|faint|p2a: Corviknight\n|move|p1b: Kyogre|Water Spout|p2b: Landorus\n|-supereffective|p2b: Landorus\n|-damage|p2b: Landorus|0 fnt\n|faint|p2b: Landorus\n|\n|-weather|RainDance|[upkeep]\n|upkeep\n|\n|t:|1771142076\n|switch|p2b: Hydreigon|Hydreigon, L82, F|285/285\n|switch|p2a: Solgaleo|Solgaleo, L74|325/325\n|turn|8\n|inactive|gingerlike has 90 seconds left.\n|inactive|gingerlike has 60 seconds left.\n|\n|t:|1771142130\n|move|p1a: Regieleki|Thunderbolt|p2a: Solgaleo\n|-damage|p2a: Solgaleo|165/325\n|move|p1b: Kyogre|Water Spout|p2a: Solgaleo|[spread] p2a,p2b\n|-crit|p2a: Solgaleo\n|-resisted|p2b: Hydreigon\n|-damage|p2a: Solgaleo|0 fnt\n|-damage|p2b: Hydreigon|203/285\n|faint|p2a: Solgaleo\n|move|p2b: Hydreigon|Draco Meteor|p1a: Regieleki\n|-damage|p1a: Regieleki|0 fnt\n|-unboost|p2b: Hydreigon|spa|2\n|faint|p1a: Regieleki\n|-damage|p2b: Hydreigon|175/285|[from] item: Life Orb\n|\n|-weather|RainDance|[upkeep]\n|upkeep\n|inactive|gingerlike has 30 seconds left.\n|\n|t:|1771142161\n|switch|p2a: Sylveon|Sylveon, L79, F|280/280\n|-status|p2a: Sylveon|psn\n|turn|9\n|\n|t:|1771142167\n|move|p1b: Kyogre|Water Spout|p2a: Sylveon|[spread] p2a,p2b\n|-resisted|p2b: Hydreigon\n|-damage|p2a: Sylveon|160/280 psn\n|-damage|p2b: Hydreigon|94/285\n|move|p2b: Hydreigon|Snarl|p1b: Kyogre\n|-damage|p1b: Kyogre|202/238\n|-unboost|p1b: Kyogre|spa|1\n|-damage|p2b: Hydreigon|66/285|[from] item: Life Orb\n|move|p2a: Sylveon|Hyper Voice|p1b: Kyogre\n|-damage|p1b: Kyogre|108/238\n|\n|-weather|RainDance|[upkeep]\n|-heal|p2a: Sylveon|177/280 psn|[from] item: Leftovers\n|-damage|p2a: Sylveon|142/280 psn|[from] psn\n|upkeep\n|turn|10\n|\n|t:|1771142174\n|move|p1b: Kyogre|Water Spout|p2b: Hydreigon|[spread] p2a,p2b\n|-resisted|p2b: Hydreigon\n|-damage|p2a: Sylveon|102/280 psn\n|-damage|p2b: Hydreigon|42/285\n|move|p2b: Hydreigon|Snarl|p1b: Kyogre\n|-damage|p1b: Kyogre|65/238\n|-unboost|p1b: Kyogre|spa|1\n|-damage|p2b: Hydreigon|14/285|[from] item: Life Orb\n|move|p2a: Sylveon|Hyper Voice|p1b: Kyogre\n|-damage|p1b: Kyogre|0 fnt\n|faint|p1b: Kyogre\n|\n|win|gingerlike\n|raw|swapdub's rating: 1622 &rarr; <strong>1608</strong><br />(-14 for losing)\n|raw|gingerlike's rating: 1734 &rarr; <strong>1748</strong><br />(+14 for winning)\n", "inputlog": ">version 686819e5e19f8a7fd2345cfc5a08a5085efa2cc3\n>start {\"formatid\":\"gen9randomdoublesbattle\",\"seed\":\"sodium,bd27bb1c95475e4379568171db63e3c4\",\"rated\":\"Rated battle\"}\n>player p1 {\"name\":\"swapdub\",\"avatar\":\"101\",\"rating\":1622,\"seed\":\"sodium,f2fa12771aab8989165a48ffdea1386b\"}\n>player p2 {\"name\":\"gingerlike\",\"avatar\":\"102\",\"rating\":1734,\"seed\":\"sodium,5b88f763f70f6a000861f5e89842bd22\"}\n>p1 switch 4, move closecombat +1\n>p2 move nastyplot, move sandsearstorm\n>p1 pass, switch 4\n>p1 move protect, move earthpower +1 terastallize\n>p2 move thunderbolt +2, move rockslide\n>p1 switch 5, move meteorbeam +2\n>p2 move terablast +2 terastallize, move rockslide\n>p1 pass, switch 5\n>p1 move snarl, move protect\n>p2 move protect, move protect\n>p1 move snarl, move protect\n>p2 move thunderbolt +2, move sludgebomb +1\n>p1 pass, switch 6\n>p2 switch 3, pass\n>p1 move bodypress +1, move waterspout\n>p2 move ironhead +1, move protect\n>p1 switch 3, pass\n>p1 move thunderbolt +1, move waterspout\n>p2 move roost, move sandsearstorm\n>p2 switch 4, switch 5\n>p1 move thunderbolt +1, move waterspout\n>p2 move closecombat +2, move dracometeor +1\n>p2 switch 6, pass\n>p1 pass, move waterspout\n>p2 move hypervoice, move snarl\n>p1 pass, move waterspout\n>p2 move hypervoice, move snarl", "uploadtime": 1771142174, "views": 71, "formatid": "gen9randomdoublesbattle", "rating": 1608, "private": 0, "password": null}