{"id": "gen9randomdoublesbattle-2537917095", "format": "[Gen 9] Random Doubles Battle", "players": ["antinomy24", "kciW nhoJ"], "log": "|j|☆antinomy24\n|j|☆kciW nhoJ\n|t:|1770863406\n|gametype|doubles\n|player|p1|antinomy24|fisherman-gen4|1711\n|player|p2|kciW nhoJ|giovanni-masters|1723\n|gen|9\n|tier|[Gen 9] Random Doubles Battle\n|rated|\n|rule|Species Clause: Limit one of each Pokémon\n|rule|HP Percentage Mod: HP is shown in percentages\n|rule|Illusion Level Mod: Illusion disguises the Pokémon's true level\n|rule|Sleep Clause Mod: Limit one foe put to sleep\n|\n|t:|1770863406\n|teamsize|p1|6\n|teamsize|p2|6\n|start\n|switch|p1a: Spectrier|Spectrier, L77|281/281\n|switch|p1b: Stonjourner|Stonjourner, L88, F|319/319\n|switch|p2a: Ho-Oh|Ho-Oh, L70|264/264\n|switch|p2b: Necrozma|Necrozma, L80|286/286\n|turn|1\n|inactive|Battle timer is ON: inactive players will automatically lose when time's up. (requested by antinomy24)\n|inactive|kciW nhoJ has 120 seconds left.\n|\n|t:|1770863441\n|switch|p2a: Bruxish|Bruxish, L86, F|257/257\n|move|p1b: Stonjourner|Rock Slide|p2b: Necrozma|[spread] p2a\n|-miss|p1b: Stonjourner|p2b: Necrozma\n|-damage|p2a: Bruxish|164/257\n|move|p1a: Spectrier|Shadow Ball|p2b: Necrozma\n|-supereffective|p2b: Necrozma\n|-damage|p2b: Necrozma|9/286\n|-damage|p1a: Spectrier|253/281|[from] item: Life Orb\n|move|p2b: Necrozma|Calm Mind|p2b: Necrozma\n|-boost|p2b: Necrozma|spa|1\n|-boost|p2b: Necrozma|spd|1\n|\n|-heal|p2b: Necrozma|26/286|[from] item: Leftovers\n|upkeep\n|turn|2\n|inactive|kciW nhoJ has 120 seconds left.\n|\n|t:|1770863472\n|switch|p1b: Whimsicott|Whimsicott, L80, F|227/227\n|move|p1a: Spectrier|Protect|p1a: Spectrier\n|-singleturn|p1a: Spectrier|Protect\n|move|p2a: Bruxish|Crunch|p1a: Spectrier\n|-activate|p1a: Spectrier|move: Protect\n|move|p2b: Necrozma|Photon Geyser|p1b: Whimsicott\n|-damage|p1b: Whimsicott|20/227\n|-enditem|p1b: Whimsicott|Sitrus Berry|[eat]\n|-heal|p1b: Whimsicott|76/227|[from] item: Sitrus Berry\n|\n|-heal|p2b: Necrozma|43/286|[from] item: Leftovers\n|upkeep\n|turn|3\n|\n|t:|1770863493\n|-terastallize|p1a: Spectrier|Fairy\n|move|p1b: Whimsicott|Tailwind|p1b: Whimsicott\n|-sidestart|p1: antinomy24|move: Tailwind\n|move|p1a: Spectrier|Shadow Ball|p2b: Necrozma\n|-supereffective|p2b: Necrozma\n|-damage|p2b: Necrozma|0 fnt\n|faint|p2b: Necrozma\n|-ability|p1a: Spectrier|Grim Neigh|boost\n|-boost|p1a: Spectrier|spa|1\n|-damage|p1a: Spectrier|225/281|[from] item: Life Orb\n|move|p2a: Bruxish|Crunch|p1a: Spectrier\n|-resisted|p1a: Spectrier\n|-damage|p1a: Spectrier|157/281\n|\n|upkeep\n|inactive|kciW nhoJ has 120 seconds left.\n|\n|t:|1770863516\n|switch|p2b: Ho-Oh|Ho-Oh, L70|264/264\n|turn|4\n|\n|t:|1770863528\n|switch|p1b: Stonjourner|Stonjourner, L88, F|319/319\n|switch|p2a: Smeargle|Smeargle, F|272/272\n|move|p1a: Spectrier|Shadow Ball|p2a: Smeargle\n|-immune|p2a: Smeargle\n|move|p2b: Ho-Oh|Brave Bird|p1a: Spectrier\n|-damage|p1a: Spectrier|0 fnt\n|faint|p1a: Spectrier\n|-damage|p2b: Ho-Oh|212/264|[from] Recoil\n|\n|upkeep\n|\n|t:|1770863549\n|switch|p1a: Dudunsparce|Dudunsparce-Three-Segment, L86, F|355/355\n|turn|5\n|\n|t:|1770863560\n|-terastallize|p2b: Ho-Oh|Ground\n|move|p1b: Stonjourner|Rock Slide|p2b: Ho-Oh|[spread] p2a,p2b\n|-resisted|p2b: Ho-Oh\n|-damage|p2a: Smeargle|149/272\n|-damage|p2b: Ho-Oh|164/264\n|move|p1a: Dudunsparce|Hyper Drill|p2a: Smeargle\n|-damage|p2a: Smeargle|0 fnt\n|faint|p2a: Smeargle\n|move|p2b: Ho-Oh|Tailwind|p2b: Ho-Oh\n|-sidestart|p2: kciW nhoJ|move: Tailwind\n|\n|upkeep\n|inactive|kciW nhoJ has 120 seconds left.\n|\n|t:|1770863599\n|switch|p2a: Scovillain|Scovillain, L90, F|263/263\n|turn|6\n|\n|t:|1770863618\n|move|p1b: Stonjourner|Rock Slide|p2a: Scovillain|[spread] p2a,p2b\n|-supereffective|p2a: Scovillain\n|-resisted|p2b: Ho-Oh\n|-damage|p2a: Scovillain|75/263\n|-damage|p2b: Ho-Oh|116/264\n|-enditem|p2b: Ho-Oh|Sitrus Berry|[eat]\n|-heal|p2b: Ho-Oh|182/264|[from] item: Sitrus Berry\n|move|p2a: Scovillain|Burning Jealousy|p1b: Stonjourner|[spread] p1a,p1b\n|-resisted|p1b: Stonjourner\n|-damage|p1a: Dudunsparce|229/355\n|-damage|p1b: Stonjourner|206/319\n|cant|p2b: Ho-Oh|flinch\n|move|p1a: Dudunsparce|Glare|p2a: Scovillain\n|-status|p2a: Scovillain|par\n|\n|-sideend|p1: antinomy24|move: Tailwind\n|upkeep\n|turn|7\n|-message|kciW nhoJ forfeited.\n|\n|win|antinomy24\n|raw|antinomy24's rating: 1711 &rarr; <strong>1732</strong><br />(+21 for winning)\n|raw|kciW nhoJ's rating: 1723 &rarr; <strong>1702</strong><br />(-21 for losing)\n|l|☆kciW nhoJ\n|player|p2|\n", "inputlog": ">version ccdc32dd7cde25fd9e4bed64820e885f66e78a4e\n>start {\"formatid\":\"gen9randomdoublesbattle\",\"seed\":\"sodium,a1aa463a85a07d8eee8b3be3a5959dab\",\"rated\":\"Rated battle\"}\n>player p1 {\"name\":\"antinomy24\",\"avatar\":\"fisherman-gen4\",\"rating\":1711,\"seed\":\"sodium,23d18f06bdb5d55c819db16458fd4935\"}\n>player p2 {\"name\":\"kciW nhoJ\",\"avatar\":\"giovanni-masters\",\"rating\":1723,\"seed\":\"sodium,2cb3d863e08fcf965f3af09db6b1bb07\"}\n>p1 move shadowball +2, move rockslide\n>p2 switch 3, move calmmind\n>p1 move protect, switch 5\n>p2 move crunch +1, move photongeyser +2\n>p1 move shadowball +2 terastallize, move tailwind\n>p2 move crunch +1, move photongeyser +1\n>p2 pass, switch 3\n>p1 move shadowball +1, switch 5\n>p2 switch 5, move bravebird +1\n>p1 switch 6, pass\n>p1 move hyperdrill +1, move rockslide\n>p2 move noretreat, move tailwind terastallize\n>p2 switch 6, pass\n>p1 move glare +1, move rockslide\n>p2 move burningjealousy, move sacredfire +1\n>forcelose p2", "uploadtime": 1770863634, "views": 69, "formatid": "gen9randomdoublesbattle", "rating": 1702, "private": 0, "password": null}