{"id": "gen9randomdoublesbattle-2535569267", "format": "[Gen 9] Random Doubles Battle", "players": ["yoyoyoya", "dariusdr123"], "log": "|j|☆yoyoyoya\n|j|☆dariusdr123\n|t:|1770582371\n|gametype|doubles\n|player|p1|yoyoyoya|101|1670\n|player|p2|dariusdr123|1|1588\n|gen|9\n|tier|[Gen 9] Random Doubles Battle\n|rated|\n|rule|Species Clause: Limit one of each Pokémon\n|rule|HP Percentage Mod: HP is shown in percentages\n|rule|Illusion Level Mod: Illusion disguises the Pokémon's true level\n|rule|Sleep Clause Mod: Limit one foe put to sleep\n|\n|t:|1770582371\n|teamsize|p1|6\n|teamsize|p2|6\n|start\n|switch|p1a: Gumshoos|Gumshoos, L93, F|315/315\n|switch|p1b: Basculin|Basculin, L87, F|264/264\n|switch|p2a: Scovillain|Scovillain, L90, M|263/263\n|switch|p2b: Metagross|Metagross, L80|259/259\n|turn|1\n|inactive|Battle timer is ON: inactive players will automatically lose when time's up. (requested by dariusdr123)\n|\n|t:|1770582391\n|move|p1b: Basculin|Flip Turn|p2a: Scovillain\n|-damage|p2a: Scovillain|117/263\n|-enditem|p2a: Scovillain|Sitrus Berry|[eat]\n|-heal|p2a: Scovillain|182/263|[from] item: Sitrus Berry\n|\n|t:|1770582396\n|switch|p1b: Kyurem|Kyurem, L77|319/319|[from] Flip Turn\n|-ability|p1b: Kyurem|Pressure\n|move|p2a: Scovillain|Will-O-Wisp|p1a: Gumshoos\n|-status|p1a: Gumshoos|brn\n|move|p2b: Metagross|Agility|p2b: Metagross\n|-boost|p2b: Metagross|spe|2\n|move|p1a: Gumshoos|Knock Off|p2b: Metagross\n|-supereffective|p2b: Metagross\n|-damage|p2b: Metagross|161/259\n|-enditem|p2b: Metagross|Weakness Policy\n|-boost|p2b: Metagross|atk|2|[from] item: Weakness Policy\n|-boost|p2b: Metagross|spa|2|[from] item: Weakness Policy\n|\n|-damage|p1a: Gumshoos|296/315 brn|[from] brn\n|upkeep\n|turn|2\n|inactive|yoyoyoya has 120 seconds left.\n|inactive|dariusdr123 has 120 seconds left.\n|inactive|dariusdr123 has 90 seconds left.\n|\n|t:|1770582467\n|move|p1b: Kyurem|Protect|p1b: Kyurem\n|-singleturn|p1b: Kyurem|Protect\n|move|p2a: Scovillain|Rage Powder|p2a: Scovillain\n|-singleturn|p2a: Scovillain|move: Rage Powder\n|move|p2b: Metagross|Psychic Fangs|p1b: Kyurem\n|-activate|p1b: Kyurem|move: Protect\n|move|p1a: Gumshoos|Knock Off|p2a: Scovillain\n|-damage|p2a: Scovillain|130/263\n|\n|-damage|p1a: Gumshoos|277/315 brn|[from] brn\n|upkeep\n|turn|3\n|inactive|dariusdr123 has 90 seconds left.\n|\n|t:|1770582489\n|switch|p1b: Perrserker|Perrserker, L88, M|266/266\n|switch|p1a: Basculin|Basculin, L87, F|264/264\n|move|p2a: Scovillain|Rage Powder|p2a: Scovillain\n|-singleturn|p2a: Scovillain|move: Rage Powder\n|move|p2b: Metagross|Heavy Slam|p1b: Perrserker\n|-resisted|p1b: Perrserker\n|-damage|p1b: Perrserker|138/266\n|\n|upkeep\n|turn|4\n|inactive|dariusdr123 has 90 seconds left.\n|\n|t:|1770582540\n|switch|p2b: Alomomola|Alomomola, L96, M|472/472\n|move|p1b: Perrserker|Fake Out|p2b: Alomomola\n|-damage|p2b: Alomomola|429/472\n|move|p1a: Basculin|Wave Crash|p2b: Alomomola\n|-resisted|p2b: Alomomola\n|-damage|p2b: Alomomola|300/472\n|-damage|p1a: Basculin|221/264|[from] Recoil\n|move|p2a: Scovillain|Energy Ball|p1a: Basculin\n|-supereffective|p1a: Basculin\n|-damage|p1a: Basculin|0 fnt\n|faint|p1a: Basculin\n|\n|upkeep\n|\n|t:|1770582556\n|switch|p1a: Gumshoos|Gumshoos, L93, F|277/315 brn\n|turn|5\n|inactive|dariusdr123 has 90 seconds left.\n|\n|t:|1770582581\n|switch|p1b: Dachsbun|Dachsbun, L90, M|249/249\n|move|p2a: Scovillain|Fire Blast|p1b: Dachsbun\n|-ability|p1b: Dachsbun|Well-Baked Body|boost\n|-boost|p1b: Dachsbun|def|2\n|move|p2b: Alomomola|Flip Turn|p1a: Gumshoos\n|-damage|p1a: Gumshoos|193/315 brn\n|\n|t:|1770582586\n|switch|p2b: Metagross|Metagross, L80|161/259|[from] Flip Turn\n|move|p1a: Gumshoos|U-turn|p2a: Scovillain\n|-damage|p2a: Scovillain|71/263\n|\n|t:|1770582601\n|switch|p1a: Perrserker|Perrserker, L88, M|138/266|[from] U-turn\n|\n|upkeep\n|turn|6\n|\n|t:|1770582610\n|move|p1a: Perrserker|Fake Out|p2a: Scovillain\n|-damage|p2a: Scovillain|15/263\n|move|p1b: Dachsbun|Body Press|p2b: Metagross\n|-damage|p2b: Metagross|49/259\n|cant|p2a: Scovillain|flinch\n|move|p2b: Metagross|Heavy Slam|p1b: Dachsbun\n|-supereffective|p1b: Dachsbun\n|-damage|p1b: Dachsbun|123/249\n|-enditem|p1b: Dachsbun|Sitrus Berry|[eat]\n|-heal|p1b: Dachsbun|185/249|[from] item: Sitrus Berry\n|\n|upkeep\n|turn|7\n|inactive|dariusdr123 has 90 seconds left.\n|inactive|dariusdr123 has 60 seconds left.\n|\n|t:|1770582677\n|move|p1a: Perrserker|Helping Hand|p1b: Dachsbun\n|-singleturn|p1b: Dachsbun|Helping Hand|[of] p1a: Perrserker\n|move|p1b: Dachsbun|Snarl|p2b: Metagross|[spread] p2a,p2b\n|-supereffective|p2b: Metagross\n|-damage|p2a: Scovillain|0 fnt\n|-damage|p2b: Metagross|0 fnt\n|faint|p2a: Scovillain\n|faint|p2b: Metagross\n|\n|upkeep\n|\n|t:|1770582696\n|switch|p2a: Donphan|Donphan, L87, M|298/298\n|switch|p2b: Alomomola|Alomomola, L96, M|457/472\n|turn|8\n|inactive|dariusdr123 has 60 seconds left.\n|\n|t:|1770582714\n|move|p1b: Dachsbun|Body Press|p2a: Donphan\n|-damage|p2a: Donphan|175/298\n|move|p2b: Alomomola|Icy Wind|p1a: Perrserker|[spread] p1a,p1b\n|-resisted|p1a: Perrserker\n|-damage|p1a: Perrserker|126/266\n|-damage|p1b: Dachsbun|166/249\n|-unboost|p1a: Perrserker|spe|1\n|-unboost|p1b: Dachsbun|spe|1\n|-enditem|p1a: Perrserker|Sitrus Berry|[eat]\n|-heal|p1a: Perrserker|192/266|[from] item: Sitrus Berry\n|move|p2a: Donphan|High Horsepower|p1a: Perrserker|[miss]\n|-miss|p2a: Donphan|p1a: Perrserker\n|move|p1a: Perrserker|Iron Head|p2a: Donphan\n|-damage|p2a: Donphan|69/298\n|\n|upkeep\n|turn|9\n|inactive|dariusdr123 has 60 seconds left.\n|inactive|yoyoyoya has 120 seconds left.\n|\n|t:|1770582757\n|switch|p1a: Noctowl|Noctowl, L91, M|330/330\n|move|p2b: Alomomola|Scald|p1b: Dachsbun\n|-damage|p1b: Dachsbun|111/249\n|move|p1b: Dachsbun|Body Press|p2a: Donphan\n|-damage|p2a: Donphan|0 fnt\n|faint|p2a: Donphan\n|\n|upkeep\n|\n|t:|1770582786\n|switch|p2a: Flareon|Flareon, L90, F|263/263\n|turn|10\n|\n|t:|1770582810\n|move|p2a: Flareon|Quick Attack|p1b: Dachsbun\n|-damage|p1b: Dachsbun|95/249\n|move|p2b: Alomomola|Icy Wind|p1b: Dachsbun|[spread] p1a,p1b\n|-supereffective|p1a: Noctowl\n|-damage|p1a: Noctowl|292/330\n|-damage|p1b: Dachsbun|76/249\n|-unboost|p1a: Noctowl|spe|1\n|-unboost|p1b: Dachsbun|spe|1\n|move|p1a: Noctowl|Tailwind|p1a: Noctowl\n|-sidestart|p1: yoyoyoya|move: Tailwind\n|move|p1b: Dachsbun|Body Press|p2a: Flareon\n|-damage|p2a: Flareon|92/263\n|\n|-status|p2a: Flareon|tox|[from] item: Toxic Orb\n|upkeep\n|turn|11\n|inactive|dariusdr123 has 60 seconds left.\n|\n|t:|1770582833\n|switch|p1a: Perrserker|Perrserker, L88, M|192/266\n|move|p2a: Flareon|Protect|p2a: Flareon\n|-singleturn|p2a: Flareon|Protect\n|move|p1b: Dachsbun|Body Press|p2a: Flareon\n|-activate|p2a: Flareon|move: Protect\n|move|p2b: Alomomola|Icy Wind|p1b: Dachsbun|[spread] p1a\n|-miss|p2b: Alomomola|p1b: Dachsbun\n|-resisted|p1a: Perrserker\n|-damage|p1a: Perrserker|180/266\n|-unboost|p1a: Perrserker|spe|1\n|\n|-damage|p2a: Flareon|76/263 tox|[from] psn\n|upkeep\n|turn|12\n|inactive|dariusdr123 has 60 seconds left.\n|inactive|dariusdr123 has 30 seconds left.\n|\n|t:|1770582877\n|move|p1a: Perrserker|Fake Out|p2a: Flareon\n|-damage|p2a: Flareon|23/263 tox\n|move|p1b: Dachsbun|Body Press|p2b: Alomomola\n|-damage|p2b: Alomomola|318/472\n|move|p2b: Alomomola|Scald|p1b: Dachsbun\n|-damage|p1b: Dachsbun|19/249\n|-status|p1b: Dachsbun|brn\n|cant|p2a: Flareon|flinch\n|\n|-damage|p2a: Flareon|0 fnt|[from] psn\n|faint|p2a: Flareon\n|-damage|p1b: Dachsbun|4/249 brn|[from] brn\n|upkeep\n|inactive|dariusdr123 has 30 seconds left.\n|inactive|dariusdr123 has 20 seconds left.\n|\n|t:|1770582893\n|switch|p2a: Deoxys|Deoxys-Speed, L85|224/224\n|-ability|p2a: Deoxys|Pressure\n|turn|13\n|inactive|dariusdr123 has 30 seconds left.\n|inactive|dariusdr123 has 20 seconds left.\n|inactive|dariusdr123 has 15 seconds left.\n|inactive|dariusdr123 has 10 seconds left.\n|\n|t:|1770582932\n|switch|p1a: Gumshoos|Gumshoos, L93, F|193/315 brn\n|move|p2a: Deoxys|Superpower|p1a: Gumshoos\n|-supereffective|p1a: Gumshoos\n|-damage|p1a: Gumshoos|0 fnt\n|-unboost|p2a: Deoxys|atk|1\n|-unboost|p2a: Deoxys|def|1\n|faint|p1a: Gumshoos\n|-damage|p2a: Deoxys|202/224|[from] item: Life Orb\n|move|p1b: Dachsbun|Snarl|p2a: Deoxys|[spread] p2a,p2b\n|-supereffective|p2a: Deoxys\n|-damage|p2a: Deoxys|162/224\n|-damage|p2b: Alomomola|287/472\n|-unboost|p2a: Deoxys|spa|1\n|-unboost|p2b: Alomomola|spa|1\n|move|p2b: Alomomola|Icy Wind|p1b: Dachsbun\n|-damage|p1b: Dachsbun|0 fnt\n|faint|p1b: Dachsbun\n|\n|-sideend|p1: yoyoyoya|move: Tailwind\n|upkeep\n|inactive|yoyoyoya has 120 seconds left.\n|\n|t:|1770582982\n|switch|p1b: Noctowl|Noctowl, L91, M|292/330\n|switch|p1a: Perrserker|Perrserker, L88, M|180/266\n|turn|14\n|inactive|dariusdr123 has 30 seconds left.\n|inactive|dariusdr123 has 20 seconds left.\n|inactive|dariusdr123 has 15 seconds left.\n|inactive|dariusdr123 has 10 seconds left.\n|inactive|dariusdr123 has 5 seconds left.\n|\n|t:|1770583020\n|-terastallize|p1b: Noctowl|Normal\n|move|p1a: Perrserker|Fake Out|p2a: Deoxys\n|-damage|p2a: Deoxys|96/224\n|cant|p2a: Deoxys|flinch\n|move|p1b: Noctowl|Hyper Voice|p2a: Deoxys|[spread] p2a,p2b\n|-damage|p2a: Deoxys|0 fnt\n|-damage|p2b: Alomomola|89/472\n|-enditem|p2b: Alomomola|Sitrus Berry|[eat]\n|-heal|p2b: Alomomola|207/472|[from] item: Sitrus Berry\n|faint|p2a: Deoxys\n|-damage|p1b: Noctowl|259/330|[from] item: Life Orb\n|move|p2b: Alomomola|Scald|p1b: Noctowl\n|-crit|p1b: Noctowl\n|-damage|p1b: Noctowl|174/330\n|\n|upkeep\n|turn|15\n|inactive|dariusdr123 has 30 seconds left this turn.\n|inactive|yoyoyoya has 120 seconds left.\n|inactive|dariusdr123 has 20 seconds left.\n|\n|t:|1770583039\n|move|p1b: Noctowl|Hyper Voice|p2b: Alomomola\n|-damage|p2b: Alomomola|0 fnt\n|faint|p2b: Alomomola\n|-damage|p1b: Noctowl|141/330|[from] item: Life Orb\n|\n|win|yoyoyoya\n|raw|yoyoyoya's rating: 1670 &rarr; <strong>1685</strong><br />(+15 for winning)\n|raw|dariusdr123's rating: 1588 &rarr; <strong>1573</strong><br />(-15 for losing)\n", "inputlog": ">version ccdc32dd7cde25fd9e4bed64820e885f66e78a4e\n>start {\"formatid\":\"gen9randomdoublesbattle\",\"seed\":\"sodium,83a7732a13a907ca46ff7df74ae68401\",\"rated\":\"Rated battle\"}\n>player p1 {\"name\":\"yoyoyoya\",\"avatar\":\"101\",\"rating\":1670,\"seed\":\"sodium,d3135334e5b3a35f9938a2edaa561e56\"}\n>player p2 {\"name\":\"dariusdr123\",\"avatar\":\"1\",\"rating\":1588,\"seed\":\"sodium,99eb8383fef3213f0a2521268303ec15\"}\n>p1 move knockoff +2, move flipturn +1\n>p2 move willowisp +1, move agility\n>p1 pass, switch 4\n>p1 move knockoff +2, move protect\n>p2 move ragepowder, move psychicfangs +2\n>p1 switch 4, switch 3\n>p2 move ragepowder, move heavyslam +2\n>p1 move wavecrash +2, move fakeout +2\n>p2 move energyball +1, switch 4\n>p1 switch 4, pass\n>p1 move uturn +1, switch 5\n>p2 move fireblast +2, move flipturn +1\n>p2 pass, switch 4\n>p1 switch 5, pass\n>p1 move fakeout +1, move bodypress +2\n>p2 move fireblast +1, move heavyslam +2\n>p1 move helpinghand -2, move snarl\n>p2 move fireblast +1, move heavyslam +2\n>p2 switch 6, switch 4\n>p1 move ironhead +1, move bodypress +1\n>p2 move highhorsepower +1, move icywind\n>p1 switch 6, move bodypress +1\n>p2 move highhorsepower +1, move scald +2\n>p2 switch 5, pass\n>p1 move tailwind, move bodypress +1\n>p2 move quickattack +2, move icywind\n>p1 switch 6, move bodypress +1\n>p2 move protect, move icywind\n>p1 move fakeout +1, move bodypress +2\n>p2 move flareblitz +1, move scald +2\n>p2 switch 3, pass\n>p1 switch 5, move snarl\n>p2 move superpower +1, move icywind\n>p1 switch 5, switch 6\n>p1 move fakeout +1, move hypervoice terastallize\n>p2 move superpower +1, move scald +2\n>p1 move closecombat +2, move hypervoice\n>p2 pass, move scald +1", "uploadtime": 1770583041, "views": 81, "formatid": "gen9randomdoublesbattle", "rating": 1573, "private": 0, "password": null}