{"id": "gen9randomdoublesbattle-2536386008", "format": "[Gen 9] Random Doubles Battle", "players": ["BaeWatch", "improvguy"], "log": "|j|☆BaeWatch\n|j|☆improvguy\n|t:|1770681708\n|gametype|doubles\n|player|p1|BaeWatch|swimmer-gen4|1843\n|player|p2|improvguy|cameraman|1881\n|gen|9\n|tier|[Gen 9] Random Doubles Battle\n|rated|\n|rule|Species Clause: Limit one of each Pokémon\n|rule|HP Percentage Mod: HP is shown in percentages\n|rule|Illusion Level Mod: Illusion disguises the Pokémon's true level\n|rule|Sleep Clause Mod: Limit one foe put to sleep\n|\n|t:|1770681708\n|teamsize|p1|6\n|teamsize|p2|6\n|start\n|switch|p1a: Sunflora|Sunflora, M|312/312\n|switch|p1b: Donphan|Donphan, L87, F|298/298\n|switch|p2a: Scream Tail|Scream Tail, L82|323/323\n|switch|p2b: Palafin|Palafin, L79, F|288/288\n|turn|1\n|inactive|Battle timer is ON: inactive players will automatically lose when time's up. (requested by BaeWatch)\n|\n|t:|1770681725\n|move|p2a: Scream Tail|Stealth Rock|p1b: Donphan\n|-sidestart|p1: BaeWatch|move: Stealth Rock\n|move|p2b: Palafin|Flip Turn|p1a: Sunflora\n|-resisted|p1a: Sunflora\n|-damage|p1a: Sunflora|279/312\n|\n|t:|1770681730\n|detailschange|p2b: Palafin|Palafin-Hero, L79, F\n|switch|p2b: Shaymin|Shaymin, L81|295/295|[from] Flip Turn\n|move|p1b: Donphan|Knock Off|p2a: Scream Tail\n|-damage|p2a: Scream Tail|238/323\n|-enditem|p2a: Scream Tail|Sitrus Berry|[from] move: Knock Off|[of] p1b: Donphan\n|move|p1a: Sunflora|Leaf Storm|p2b: Shaymin\n|-resisted|p2b: Shaymin\n|-damage|p2b: Shaymin|179/295\n|-unboost|p1a: Sunflora|spa|2\n|-damage|p1a: Sunflora|248/312|[from] item: Life Orb\n|\n|upkeep\n|turn|2\n|\n|t:|1770681741\n|switch|p1b: Staraptor|Staraptor, L82, F|274/274\n|-damage|p1b: Staraptor|206/274|[from] Stealth Rock\n|-ability|p1b: Staraptor|Intimidate|boost\n|-unboost|p2a: Scream Tail|atk|1\n|-unboost|p2b: Shaymin|atk|1\n|switch|p1a: Skuntank|Skuntank, L85, F|314/314\n|-damage|p1a: Skuntank|275/314|[from] Stealth Rock\n|move|p2a: Scream Tail|Play Rough|p1b: Staraptor\n|-damage|p1b: Staraptor|149/274\n|move|p2b: Shaymin|Seed Flare|p1b: Staraptor\n|-resisted|p1b: Staraptor\n|-damage|p1b: Staraptor|74/274\n|\n|upkeep\n|turn|3\n|\n|t:|1770681756\n|move|p2b: Shaymin|Protect|p2b: Shaymin\n|-singleturn|p2b: Shaymin|Protect\n|move|p1b: Staraptor|Brave Bird|p2b: Shaymin\n|-activate|p2b: Shaymin|move: Protect\n|move|p2a: Scream Tail|Thunder Wave|p1a: Skuntank\n|-status|p1a: Skuntank|par\n|move|p1a: Skuntank|Gunk Shot|p2a: Scream Tail\n|-supereffective|p2a: Scream Tail\n|-damage|p2a: Scream Tail|0 fnt\n|faint|p2a: Scream Tail\n|-end|p2a: Scream Tail|Protosynthesis|[silent]\n|-damage|p1a: Skuntank|244/314 par|[from] item: Life Orb\n|\n|upkeep\n|\n|t:|1770681774\n|switch|p2a: Palafin|Palafin-Hero, L79, F|288/288\n|-activate|p2a: Palafin|ability: Zero to Hero\n|turn|4\n|\n|t:|1770681781\n|switch|p1b: Sunflora|Sunflora, M|248/312\n|-damage|p1b: Sunflora|209/312|[from] Stealth Rock\n|switch|p2b: Minior|Minior-Yellow, L83|232/232\n|-formechange|p2b: Minior|Minior-Meteor||[from] ability: Shields Down\n|move|p2a: Palafin|Jet Punch|p1b: Sunflora\n|-resisted|p1b: Sunflora\n|-damage|p1b: Sunflora|146/312\n|move|p1a: Skuntank|Gunk Shot|p2b: Minior\n|-resisted|p2b: Minior\n|-damage|p2b: Minior|150/232\n|-damage|p1a: Skuntank|213/314 par|[from] item: Life Orb\n|\n|upkeep\n|turn|5\n|\n|t:|1770681796\n|move|p2b: Minior|Protect|p2b: Minior\n|-singleturn|p2b: Minior|Protect\n|move|p2a: Palafin|Flip Turn|p1a: Skuntank\n|-damage|p1a: Skuntank|102/314 par\n|\n|t:|1770681801\n|switch|p2a: Oinkologne|Oinkologne, L92, M|352/352|[from] Flip Turn\n|move|p1b: Sunflora|Leaf Storm|p2b: Minior\n|-activate|p2b: Minior|move: Protect\n|cant|p1a: Skuntank|par\n|\n|upkeep\n|turn|6\n|inactive|BaeWatch has 120 seconds left.\n|\n|t:|1770681836\n|move|p2a: Oinkologne|Double-Edge|p1b: Sunflora\n|-damage|p1b: Sunflora|0 fnt\n|faint|p1b: Sunflora\n|-damage|p2a: Oinkologne|304/352|[from] Recoil\n|move|p2b: Minior|Shell Smash|p2b: Minior\n|-unboost|p2b: Minior|def|1\n|-unboost|p2b: Minior|spd|1\n|-boost|p2b: Minior|atk|2\n|-boost|p2b: Minior|spa|2\n|-boost|p2b: Minior|spe|2\n|-enditem|p2b: Minior|White Herb\n|-clearnegativeboost|p2b: Minior|[silent]\n|move|p1a: Skuntank|Gunk Shot|p2a: Oinkologne\n|-damage|p2a: Oinkologne|147/352\n|-enditem|p2a: Oinkologne|Mago Berry|[eat]\n|-heal|p2a: Oinkologne|264/352|[from] item: Mago Berry\n|-damage|p1a: Skuntank|71/314 par|[from] item: Life Orb\n|\n|upkeep\n|\n|t:|1770681840\n|switch|p1b: Staraptor|Staraptor, L82, F|74/274\n|-damage|p1b: Staraptor|6/274|[from] Stealth Rock\n|-ability|p1b: Staraptor|Intimidate|boost\n|-unboost|p2a: Oinkologne|atk|1\n|-unboost|p2b: Minior|atk|1\n|turn|7\n|\n|t:|1770681854\n|move|p1a: Skuntank|Sucker Punch|p2b: Minior\n|-damage|p2b: Minior|59/232\n|-damage|p1a: Skuntank|40/314 par|[from] item: Life Orb\n|move|p1b: Staraptor|Close Combat|p2a: Oinkologne\n|-supereffective|p2a: Oinkologne\n|-crit|p2a: Oinkologne\n|-damage|p2a: Oinkologne|0 fnt\n|-unboost|p1b: Staraptor|def|1\n|-unboost|p1b: Staraptor|spd|1\n|faint|p2a: Oinkologne\n|move|p2b: Minior|Rock Slide|p1b: Staraptor|[spread] p1b\n|-miss|p2b: Minior|p1a: Skuntank\n|-supereffective|p1b: Staraptor\n|-damage|p1b: Staraptor|0 fnt\n|faint|p1b: Staraptor\n|\n|-formechange|p2b: Minior|Minior-Yellow||[from] ability: Shields Down\n|upkeep\n|c|☆improvguy|the 10% always gets me\n|inactive|BaeWatch has 120 seconds left.\n|c|☆BaeWatch|I forgot that shields down doesn’t activate until end of turn\n|inactive|BaeWatch has 90 seconds left.\n|c|☆BaeWatch|I should’ve nuked the rock lol\n|\n|t:|1770681924\n|switch|p1b: Klawf|Klawf, L91, F|275/275\n|switch|p2a: Keldeo|Keldeo-Resolute, L78|270/270\n|-damage|p1b: Klawf|241/275|[from] Stealth Rock\n|turn|8\n|c|☆BaeWatch|Didn’t matter lmao\n|inactive|BaeWatch has 90 seconds left.\n|c|☆BaeWatch|gg\n|\n|t:|1770681950\n|move|p2b: Minior|Protect|p2b: Minior\n|-singleturn|p2b: Minior|Protect\n|move|p1b: Klawf|Rock Slide|p2a: Keldeo|[spread] p2a\n|-activate|p2b: Minior|move: Protect\n|-resisted|p2a: Keldeo\n|-damage|p2a: Keldeo|229/270\n|cant|p2a: Keldeo|flinch\n|cant|p1a: Skuntank|par\n|\n|upkeep\n|turn|9\n|\n|t:|1770681962\n|move|p2a: Keldeo|Vacuum Wave|p1a: Skuntank\n|-damage|p1a: Skuntank|0 fnt\n|faint|p1a: Skuntank\n|-damage|p2a: Keldeo|202/270|[from] item: Life Orb\n|move|p2b: Minior|Rock Slide|p1b: Klawf|[miss]\n|-miss|p2b: Minior|p1b: Klawf\n|move|p1b: Klawf|Rock Slide|p2b: Minior|[spread] p2a,p2b\n|-resisted|p2a: Keldeo\n|-supereffective|p2b: Minior\n|-damage|p2a: Keldeo|164/270\n|-damage|p2b: Minior|0 fnt\n|faint|p2b: Minior\n|\n|upkeep\n|\n|t:|1770681974\n|switch|p2b: Shaymin|Shaymin, L81|179/295\n|switch|p1a: Donphan|Donphan, L87, F|298/298\n|-damage|p1a: Donphan|280/298|[from] Stealth Rock\n|turn|10\n|\n|t:|1770681983\n|move|p1a: Donphan|Ice Shard|p2b: Shaymin\n|-supereffective|p2b: Shaymin\n|-damage|p2b: Shaymin|115/295\n|-enditem|p2b: Shaymin|Sitrus Berry|[eat]\n|-heal|p2b: Shaymin|188/295|[from] item: Sitrus Berry\n|move|p1b: Klawf|Rock Slide|p2a: Keldeo|[spread] p2a,p2b\n|-resisted|p2a: Keldeo\n|-damage|p2a: Keldeo|129/270\n|-damage|p2b: Shaymin|119/295\n|move|p2a: Keldeo|Muddy Water|p1a: Donphan|[spread] p1a,p1b\n|-supereffective|p1a: Donphan\n|-crit|p1a: Donphan\n|-supereffective|p1b: Klawf\n|-damage|p1a: Donphan|30/298\n|-damage|p1b: Klawf|0 fnt\n|-unboost|p1a: Donphan|accuracy|1\n|faint|p1b: Klawf\n|-damage|p2a: Keldeo|102/270|[from] item: Life Orb\n|move|p2b: Shaymin|Tailwind|p2b: Shaymin\n|-sidestart|p2: improvguy|move: Tailwind\n|\n|upkeep\n|\n|t:|1770681985\n|switch|p1b: Kingambit|Kingambit, L77, F|281/281\n|-damage|p1b: Kingambit|264/281|[from] Stealth Rock\n|turn|11\n|inactive|improvguy has 120 seconds left.\n|\n|t:|1770682029\n|-terastallize|p1b: Kingambit|Dark\n|move|p1a: Donphan|Ice Shard|p2b: Shaymin|[miss]\n|-miss|p1a: Donphan|p2b: Shaymin\n|move|p1b: Kingambit|Sucker Punch|p2a: Keldeo\n|-resisted|p2a: Keldeo\n|-damage|p2a: Keldeo|40/270\n|-ability|p2a: Keldeo|Justified|boost\n|-boost|p2a: Keldeo|atk|1\n|move|p2a: Keldeo|Secret Sword|p1b: Kingambit\n|-supereffective|p1b: Kingambit\n|-damage|p1b: Kingambit|53/281\n|-enditem|p1b: Kingambit|Sitrus Berry|[eat]\n|-heal|p1b: Kingambit|123/281|[from] item: Sitrus Berry\n|-damage|p2a: Keldeo|13/270|[from] item: Life Orb\n|move|p2b: Shaymin|Earth Power|p1a: Donphan\n|-damage|p1a: Donphan|0 fnt\n|faint|p1a: Donphan\n|\n|upkeep\n|turn|12\n|inactive|improvguy has 120 seconds left.\n|\n|t:|1770682051\n|move|p2a: Keldeo|Vacuum Wave|p1b: Kingambit\n|-supereffective|p1b: Kingambit\n|-damage|p1b: Kingambit|0 fnt\n|faint|p1b: Kingambit\n|-damage|p2a: Keldeo|0 fnt|[from] item: Life Orb\n|faint|p2a: Keldeo\n|\n|win|improvguy\n|raw|BaeWatch's rating: 1843 &rarr; <strong>1825</strong><br />(-18 for losing)\n|raw|improvguy's rating: 1881 &rarr; <strong>1899</strong><br />(+18 for winning)\n|c|☆improvguy|gg\n|l|☆BaeWatch\n|player|p1|\n", "inputlog": ">version ccdc32dd7cde25fd9e4bed64820e885f66e78a4e\n>start {\"formatid\":\"gen9randomdoublesbattle\",\"seed\":\"sodium,584c5ffc0baaa15184943789e8f80755\",\"rated\":\"Rated battle\"}\n>player p1 {\"name\":\"BaeWatch\",\"avatar\":\"swimmer-gen4\",\"rating\":1843,\"seed\":\"sodium,841cdf2a7e78925a8d55ab78b7fc5acc\"}\n>player p2 {\"name\":\"improvguy\",\"avatar\":\"cameraman\",\"rating\":1881,\"seed\":\"sodium,6d0c2a98587bfd1560aa591210ca26bf\"}\n>p1 move leafstorm +2, move knockoff +1\n>p2 move stealthrock, move flipturn +1\n>p2 pass, switch 6\n>p1 switch 6, switch 3\n>p2 move playrough +2, move seedflare +2\n>p1 move gunkshot +1, move bravebird +2\n>p2 move thunderwave +1, move protect\n>p2 switch 6, pass\n>p1 move gunkshot +2, switch 6\n>p2 move jetpunch +2, switch 3\n>p1 move gunkshot +1, move leafstorm +2\n>p2 move flipturn +1, move protect\n>p2 switch 5, pass\n>p1 move gunkshot +1, move leafstorm +2\n>p2 move doubleedge +2, move shellsmash\n>p1 pass, switch 6\n>p1 move suckerpunch +2, move closecombat +1\n>p2 move doubleedge +2, move rockslide\n>chat ☆improvguy|the 10% always gets me\n>chat ☆BaeWatch|I forgot that shields down doesn’t activate until end of turn \n>chat ☆BaeWatch|I should’ve nuked the rock lol\n>p1 pass, switch 5\n>p2 switch 4, pass\n>chat ☆BaeWatch|Didn’t matter lmao\n>chat ☆BaeWatch|gg\n>p1 move gunkshot +1, move rockslide\n>p2 move muddywater, move protect\n>p1 move suckerpunch +2, move rockslide\n>p2 move vacuumwave +1, move rockslide\n>p1 switch 3, pass\n>p2 pass, switch 3\n>p1 move iceshard +2, move rockslide\n>p2 move muddywater, move tailwind\n>p1 pass, switch 4\n>p1 move iceshard +2, move suckerpunch +1 terastallize\n>p2 move secretsword +2, move earthpower +1\n>p1 pass, move suckerpunch +2\n>p2 move vacuumwave +2, move seedflare +2", "uploadtime": 1770682109, "views": 78, "formatid": "gen9randomdoublesbattle", "rating": 1825, "private": 0, "password": null}