{"id": "gen9randomdoublesbattle-2537125005", "format": "[Gen 9] Random Doubles Battle", "players": ["fadi9", "N1ko_c"], "log": "|j|☆fadi9\n|j|☆N1ko_c\n|t:|1770768798\n|gametype|doubles\n|player|p1|fadi9|lyra-masters2|1826\n|player|p2|N1ko_c|cynthia-gen4|1884\n|gen|9\n|tier|[Gen 9] Random Doubles Battle\n|rated|\n|rule|Species Clause: Limit one of each Pokémon\n|rule|HP Percentage Mod: HP is shown in percentages\n|rule|Illusion Level Mod: Illusion disguises the Pokémon's true level\n|rule|Sleep Clause Mod: Limit one foe put to sleep\n|\n|t:|1770768798\n|teamsize|p1|6\n|teamsize|p2|6\n|start\n|switch|p1a: Appletun|Appletun, L92, M|352/352\n|switch|p1b: Thundurus|Thundurus, L79, M|254/254\n|switch|p2a: Blastoise|Blastoise, L83, M|267/267\n|switch|p2b: Luvdisc|Luvdisc, F|248/248\n|turn|1\n|inactive|Battle timer is ON: inactive players will automatically lose when time's up. (requested by N1ko_c)\n|c|☆fadi9|OUT\n|inactive|N1ko_c has 120 seconds left.\n|\n|t:|1770768841\n|switch|p2b: Murkrow|Murkrow, L90, F|254/254\n|move|p2a: Blastoise|Fake Out|p1b: Thundurus\n|-damage|p1b: Thundurus|224/254\n|cant|p1b: Thundurus|flinch\n|move|p1a: Appletun|Apple Acid|p2b: Murkrow\n|-resisted|p2b: Murkrow\n|-damage|p2b: Murkrow|199/254\n|-unboost|p2b: Murkrow|spd|1\n|\n|upkeep\n|turn|2\n|c|☆fadi9|Jardiance is rly smell the little pill with a big story to tell\n|\n|t:|1770768860\n|switch|p2a: Blaziken|Blaziken, L79, F|256/256\n|move|p1b: Thundurus|Wildbolt Storm|p2a: Blaziken|[spread] p2b\n|-miss|p1b: Thundurus|p2a: Blaziken\n|-supereffective|p2b: Murkrow\n|-damage|p2b: Murkrow|0 fnt\n|faint|p2b: Murkrow\n|-damage|p1b: Thundurus|199/254|[from] item: Life Orb\n|move|p1a: Appletun|Apple Acid|p2a: Blaziken\n|-resisted|p2a: Blaziken\n|-damage|p2a: Blaziken|192/256\n|-unboost|p2a: Blaziken|spd|1\n|\n|upkeep\n|\n|t:|1770768877\n|switch|p2b: Comfey|Comfey, L88, M|233/233\n|turn|3\n|\n|t:|1770768894\n|move|p2b: Comfey|Draining Kiss|p1b: Thundurus\n|-crit|p1b: Thundurus\n|-damage|p1b: Thundurus|112/254\n|move|p1b: Thundurus|Wildbolt Storm|p2b: Comfey|[spread] p2b\n|-miss|p1b: Thundurus|p2a: Blaziken\n|-damage|p2b: Comfey|139/233\n|-damage|p1b: Thundurus|87/254|[from] item: Life Orb\n|move|p2a: Blaziken|Heat Wave|p1b: Thundurus|[spread] p1a,p1b\n|-damage|p1a: Appletun|305/352\n|-damage|p1b: Thundurus|0 fnt\n|faint|p1b: Thundurus\n|-damage|p2a: Blaziken|167/256|[from] item: Life Orb\n|move|p1a: Appletun|Apple Acid|p2b: Comfey\n|-damage|p2b: Comfey|60/233\n|-unboost|p2b: Comfey|spd|1\n|-enditem|p2b: Comfey|Sitrus Berry|[eat]\n|-heal|p2b: Comfey|118/233|[from] item: Sitrus Berry\n|\n|-ability|p2a: Blaziken|Speed Boost|boost\n|-boost|p2a: Blaziken|spe|1\n|upkeep\n|inactive|fadi9 has 120 seconds left.\n|\n|t:|1770768928\n|switch|p1b: Charizard|Charizard, L82, M|262/262\n|turn|4\n|c|☆fadi9|Booooo\n|c|☆fadi9|The one pieceeeee\n|inactive|N1ko_c has 120 seconds left.\n|\n|t:|1770768967\n|move|p1a: Appletun|Protect|p1a: Appletun\n|-singleturn|p1a: Appletun|Protect\n|move|p2b: Comfey|Draining Kiss|p1a: Appletun\n|-activate|p1a: Appletun|move: Protect\n|move|p2a: Blaziken|Close Combat|p1a: Appletun\n|-activate|p1a: Appletun|move: Protect\n|move|p1b: Charizard|Heat Wave|p2b: Comfey|[spread] p2a,p2b\n|-resisted|p2a: Blaziken\n|-damage|p2a: Blaziken|79/256\n|-damage|p2b: Comfey|0 fnt\n|faint|p2b: Comfey\n|-damage|p1b: Charizard|236/262|[from] item: Life Orb\n|\n|-ability|p2a: Blaziken|Speed Boost|boost\n|-boost|p2a: Blaziken|spe|1\n|upkeep\n|\n|t:|1770768976\n|switch|p2b: Blastoise|Blastoise, L83, M|267/267\n|turn|5\n|\n|t:|1770768999\n|move|p2b: Blastoise|Fake Out|p1b: Charizard\n|-damage|p1b: Charizard|205/262\n|move|p2a: Blaziken|Close Combat|p1a: Appletun\n|-damage|p1a: Appletun|122/352\n|-unboost|p2a: Blaziken|def|1\n|-unboost|p2a: Blaziken|spd|1\n|-enditem|p1a: Appletun|Sitrus Berry|[eat]\n|-heal|p1a: Appletun|210/352|[from] item: Sitrus Berry\n|-damage|p2a: Blaziken|54/256|[from] item: Life Orb\n|cant|p1b: Charizard|flinch\n|move|p1a: Appletun|Apple Acid|p2b: Blastoise\n|-supereffective|p2b: Blastoise\n|-damage|p2b: Blastoise|147/267\n|-unboost|p2b: Blastoise|spd|1\n|\n|-ability|p2a: Blaziken|Speed Boost|boost\n|-boost|p2a: Blaziken|spe|1\n|upkeep\n|turn|6\n|\n|t:|1770769021\n|move|p2a: Blaziken|Close Combat|p1a: Appletun\n|-damage|p1a: Appletun|45/352\n|-unboost|p2a: Blaziken|def|1\n|-unboost|p2a: Blaziken|spd|1\n|-damage|p2a: Blaziken|29/256|[from] item: Life Orb\n|move|p1b: Charizard|Heat Wave|p2a: Blaziken|[spread] p2a,p2b\n|-resisted|p2a: Blaziken\n|-crit|p2a: Blaziken\n|-resisted|p2b: Blastoise\n|-damage|p2a: Blaziken|0 fnt\n|-damage|p2b: Blastoise|100/267\n|faint|p2a: Blaziken\n|-damage|p1b: Charizard|179/262|[from] item: Life Orb\n|move|p2b: Blastoise|Icy Wind|p1b: Charizard|[spread] p1a,p1b\n|-supereffective|p1a: Appletun\n|-damage|p1a: Appletun|0 fnt\n|-damage|p1b: Charizard|152/262\n|-unboost|p1b: Charizard|spe|1\n|faint|p1a: Appletun\n|\n|upkeep\n|inactive|fadi9 has 120 seconds left.\n|\n|t:|1770769041\n|switch|p2a: Iron Treads|Iron Treads, L81|278/278\n|switch|p1a: Plusle|Plusle, L92, F|260/260\n|turn|7\n|\n|t:|1770769061\n|switch|p1b: Kyogre|Kyogre, L65|238/238\n|-weather|RainDance|[from] ability: Drizzle|[of] p1b: Kyogre\n|-terastallize|p1a: Plusle|Flying\n|move|p1a: Plusle|Thunderbolt|p2b: Blastoise\n|-supereffective|p2b: Blastoise\n|-damage|p2b: Blastoise|0 fnt\n|faint|p2b: Blastoise\n|move|p2a: Iron Treads|High Horsepower|p1a: Plusle\n|-immune|p1a: Plusle\n|\n|-weather|RainDance|[upkeep]\n|upkeep\n|\n|t:|1770769071\n|switch|p2b: Luvdisc|Luvdisc, F|248/248\n|turn|8\n|\n|t:|1770769090\n|-terastallize|p2b: Luvdisc|Dragon\n|move|p2b: Luvdisc|Icy Wind|p1a: Plusle|[spread] p1a,p1b\n|-supereffective|p1a: Plusle\n|-resisted|p1b: Kyogre\n|-damage|p1a: Plusle|214/260\n|-damage|p1b: Kyogre|228/238\n|-unboost|p1a: Plusle|spe|1\n|-unboost|p1b: Kyogre|spe|1\n|move|p2a: Iron Treads|Knock Off|p1b: Kyogre\n|-damage|p1b: Kyogre|139/238\n|-enditem|p1b: Kyogre|Choice Scarf|[from] move: Knock Off|[of] p2a: Iron Treads\n|move|p1a: Plusle|Thunderbolt|p2b: Luvdisc\n|-resisted|p2b: Luvdisc\n|-damage|p2b: Luvdisc|197/248\n|move|p1b: Kyogre|Thunder|p1a: Plusle\n|-activate|p1a: Plusle|ability: Lightning Rod\n|-ability|p1a: Plusle|Lightning Rod|boost\n|-boost|p1a: Plusle|spa|1\n|\n|-weather|RainDance|[upkeep]\n|upkeep\n|turn|9\n|\n|t:|1770769110\n|move|p2b: Luvdisc|Icy Wind|p1b: Kyogre|[spread] p1a,p1b\n|-supereffective|p1a: Plusle\n|-resisted|p1b: Kyogre\n|-damage|p1a: Plusle|164/260\n|-damage|p1b: Kyogre|130/238\n|-unboost|p1a: Plusle|spe|1\n|-unboost|p1b: Kyogre|spe|1\n|move|p2a: Iron Treads|Knock Off|p1a: Plusle\n|-damage|p1a: Plusle|57/260\n|-enditem|p1a: Plusle|Sitrus Berry|[from] move: Knock Off|[of] p2a: Iron Treads\n|move|p1a: Plusle|Nuzzle|p2b: Luvdisc\n|-resisted|p2b: Luvdisc\n|-damage|p2b: Luvdisc|187/248\n|-status|p2b: Luvdisc|par\n|move|p1b: Kyogre|Origin Pulse|p2b: Luvdisc|[spread] p2b\n|-miss|p1b: Kyogre|p2a: Iron Treads\n|-resisted|p2b: Luvdisc\n|-damage|p2b: Luvdisc|127/248 par\n|\n|-weather|RainDance|[upkeep]\n|upkeep\n|turn|10\n|inactive|fadi9 has 120 seconds left.\n|\n|t:|1770769152\n|switch|p1a: Charizard|Charizard, L82, M|152/262\n|move|p2b: Luvdisc|Endeavor|p1b: Kyogre\n|-damage|p1b: Kyogre|127/238\n|move|p2a: Iron Treads|Iron Head|p1a: Charizard\n|-resisted|p1a: Charizard\n|-damage|p1a: Charizard|103/262\n|move|p1b: Kyogre|Origin Pulse|p2b: Luvdisc|[spread] \n|-miss|p1b: Kyogre|p2a: Iron Treads\n|-miss|p1b: Kyogre|p2b: Luvdisc\n|\n|-weather|RainDance|[upkeep]\n|upkeep\n|turn|11\n|c|☆fadi9|Useless\n|\n|t:|1770769181\n|move|p1a: Charizard|Protect|p1a: Charizard\n|-singleturn|p1a: Charizard|Protect\n|move|p2b: Luvdisc|Hydro Pump|p1a: Charizard\n|-activate|p1a: Charizard|move: Protect\n|move|p2a: Iron Treads|Iron Head|p1b: Kyogre\n|-resisted|p1b: Kyogre\n|-damage|p1b: Kyogre|69/238\n|move|p1b: Kyogre|Origin Pulse|p2a: Iron Treads|[spread] p2a,p2b\n|-supereffective|p2a: Iron Treads\n|-resisted|p2b: Luvdisc\n|-damage|p2a: Iron Treads|74/278\n|-damage|p2b: Luvdisc|66/248 par\n|-enditem|p2b: Luvdisc|Sitrus Berry|[eat]\n|-heal|p2b: Luvdisc|128/248 par|[from] item: Sitrus Berry\n|\n|-weather|none\n|upkeep\n|turn|12\n|\n|t:|1770769209\n|move|p2a: Iron Treads|Iron Head|p1b: Kyogre\n|-resisted|p1b: Kyogre\n|-damage|p1b: Kyogre|12/238\n|move|p1a: Charizard|Heat Wave|p2a: Iron Treads|[spread] p2a,p2b\n|-supereffective|p2a: Iron Treads\n|-resisted|p2b: Luvdisc\n|-damage|p2a: Iron Treads|0 fnt\n|-damage|p2b: Luvdisc|73/248 par\n|faint|p2a: Iron Treads\n|-end|p2a: Iron Treads|Quark Drive|[silent]\n|-damage|p1a: Charizard|77/262|[from] item: Life Orb\n|move|p2b: Luvdisc|Hydro Pump|p1a: Charizard\n|-supereffective|p1a: Charizard\n|-damage|p1a: Charizard|0 fnt\n|faint|p1a: Charizard\n|cant|p1b: Kyogre|flinch\n|\n|upkeep\n|inactive|fadi9 has 120 seconds left.\n|\n|t:|1770769225\n|switch|p1a: Golurk|Golurk, L86|293/293\n|turn|13\n|c|☆fadi9|One more chance\n|\n|t:|1770769247\n|move|p1a: Golurk|Protect|p1a: Golurk\n|-singleturn|p1a: Golurk|Protect\n|cant|p2b: Luvdisc|par\n|move|p1b: Kyogre|Ice Beam|p2b: Luvdisc\n|-supereffective|p2b: Luvdisc\n|-damage|p2b: Luvdisc|0 fnt\n|faint|p2b: Luvdisc\n|\n|win|fadi9\n|raw|fadi9's rating: 1826 &rarr; <strong>1849</strong><br />(+23 for winning)\n|raw|N1ko_c's rating: 1884 &rarr; <strong>1861</strong><br />(-23 for losing)\n|l|☆N1ko_c\n|player|p2|\n|c|☆fadi9|Finally\n|l|☆fadi9\n|player|p1|\n|j|☆fadi9\n|player|p1|fadi9|lyra-masters2|\n", "inputlog": ">version ccdc32dd7cde25fd9e4bed64820e885f66e78a4e\n>start {\"formatid\":\"gen9randomdoublesbattle\",\"seed\":\"sodium,d65e938e9908d1558a8e10cf731167c4\",\"rated\":\"Rated battle\"}\n>player p1 {\"name\":\"fadi9\",\"avatar\":\"lyra-masters2\",\"rating\":1826,\"seed\":\"sodium,b9f88f08be18f8275cd9dbc64d330128\"}\n>player p2 {\"name\":\"N1ko_c\",\"avatar\":\"cynthia-gen4\",\"rating\":1884,\"seed\":\"sodium,9db2a239b64727e5e7cd6cf1ead85a05\"}\n>chat ☆fadi9|OUT\n>p1 move appleacid +2, move wildboltstorm\n>p2 move fakeout +2, switch 6\n>chat ☆fadi9|Jardiance is rly smell the little pill with a big story to tell\n>p1 move appleacid +1, move wildboltstorm\n>p2 switch 3, move bravebird +1\n>p2 pass, switch 4\n>p1 move appleacid +2, move wildboltstorm\n>p2 move heatwave, move drainingkiss +2\n>p1 pass, switch 4\n>chat ☆fadi9|Booooo\n>chat ☆fadi9|The one pieceeeee\n>p1 move protect, move heatwave\n>p2 move closecombat +1, move drainingkiss +1\n>p2 pass, switch 3\n>p1 move appleacid +2, move willowisp +2\n>p2 move closecombat +1, move fakeout +2\n>p1 move appleacid +2, move heatwave\n>p2 move closecombat +1, move icywind\n>p1 switch 6, pass\n>p2 switch 5, pass\n>p1 move thunderbolt +2 terastallize, switch 3\n>p2 move highhorsepower +1, move wavecrash +2\n>p2 pass, switch 6\n>p1 move thunderbolt +2, move thunder +2\n>p2 move knockoff +2, move icywind terastallize\n>p1 move nuzzle +2, move originpulse\n>p2 move knockoff +1, move icywind\n>p1 switch 3, move originpulse\n>p2 move ironhead +1, move endeavor +2\n>chat ☆fadi9|Useless\n>p1 move protect, move originpulse\n>p2 move ironhead +2, move hydropump +1\n>p1 move heatwave, move icebeam +2\n>p2 move ironhead +2, move hydropump +1\n>p1 switch 5, pass\n>chat ☆fadi9|One more chance\n>p1 move protect, move icebeam +2\n>p2 pass, move hydropump +1", "uploadtime": 1770769270, "views": 69, "formatid": "gen9randomdoublesbattle", "rating": 1849, "private": 0, "password": null}