{"id": "gen9randomdoublesbattle-2536917063", "format": "[Gen 9] Random Doubles Battle", "players": ["JaxAG", "lordjikji"], "log": "|j|☆JaxAG\n|j|☆lordjikji\n|t:|1770748274\n|gametype|doubles\n|player|p1|JaxAG|unknown|1477\n|player|p2|lordjikji|2|1592\n|gen|9\n|tier|[Gen 9] Random Doubles Battle\n|rated|\n|rule|Species Clause: Limit one of each Pokémon\n|rule|HP Percentage Mod: HP is shown in percentages\n|rule|Illusion Level Mod: Illusion disguises the Pokémon's true level\n|rule|Sleep Clause Mod: Limit one foe put to sleep\n|\n|t:|1770748274\n|teamsize|p1|6\n|teamsize|p2|6\n|start\n|switch|p1a: Bellibolt|Bellibolt, L81, F|309/309\n|switch|p1b: Clefable|Clefable, L87, M|307/307\n|switch|p2a: Uxie|Uxie, L85|266/266\n|switch|p2b: Toxapex|Toxapex, L92, F|241/241\n|turn|1\n|\n|t:|1770748299\n|switch|p1b: Ariados|Ariados, M|302/302\n|move|p2a: Uxie|Knock Off|p1a: Bellibolt\n|-damage|p1a: Bellibolt|249/309\n|-start|p1a: Bellibolt|Charge|Knock Off|[from] ability: Electromorphosis\n|-enditem|p1a: Bellibolt|Sitrus Berry|[from] move: Knock Off|[of] p2a: Uxie\n|move|p1a: Bellibolt|Thunder Wave|p2a: Uxie\n|-status|p2a: Uxie|par\n|-end|p1a: Bellibolt|Charge|[silent]\n|move|p2b: Toxapex|Toxic|p1a: Bellibolt\n|-status|p1a: Bellibolt|tox\n|\n|-damage|p1a: Bellibolt|230/309 tox|[from] psn\n|upkeep\n|turn|2\n|inactive|Battle timer is ON: inactive players will automatically lose when time's up. (requested by JaxAG)\n|inactive|lordjikji has 120 seconds left.\n|inactive|lordjikji has 90 seconds left.\n|inactive|lordjikji has 60 seconds left.\n|\n|t:|1770748456\n|-terastallize|p2b: Toxapex|Steel\n|move|p1b: Ariados|Sticky Web|p2a: Uxie\n|-sidestart|p2: lordjikji|move: Sticky Web\n|move|p1a: Bellibolt|Thunderbolt|p2b: Toxapex\n|-damage|p2b: Toxapex|183/241\n|move|p2b: Toxapex|Infestation|p1a: Bellibolt\n|-damage|p1a: Bellibolt|217/309 tox\n|-activate|p1a: Bellibolt|move: Infestation|[of] p2b: Toxapex\n|-start|p1a: Bellibolt|Charge|Infestation|[from] ability: Electromorphosis\n|cant|p2a: Uxie|par\n|\n|-heal|p2b: Toxapex|198/241|[from] item: Leftovers\n|-damage|p1a: Bellibolt|179/309 tox|[from] psn\n|-damage|p1a: Bellibolt|141/309 tox|[from] move: Infestation|[partiallytrapped]\n|upkeep\n|turn|3\n|\n|t:|1770748474\n|move|p1b: Ariados|Megahorn|p2a: Uxie|[miss]\n|-miss|p1b: Ariados|p2a: Uxie\n|move|p1a: Bellibolt|Muddy Water|p2a: Uxie|[spread] p2a,p2b\n|-damage|p2a: Uxie|234/266 par\n|-damage|p2b: Toxapex|170/241\n|move|p2b: Toxapex|Infestation|p1b: Ariados\n|-resisted|p1b: Ariados\n|-damage|p1b: Ariados|296/302\n|-activate|p1b: Ariados|move: Infestation|[of] p2b: Toxapex\n|-damage|p2b: Toxapex|130/241|[from] item: Rocky Helmet|[of] p1b: Ariados\n|move|p2a: Uxie|Thunder Wave|p1b: Ariados|[miss]\n|-miss|p2a: Uxie|p1b: Ariados\n|\n|-heal|p2b: Toxapex|145/241|[from] item: Leftovers\n|-damage|p1a: Bellibolt|84/309 tox|[from] psn\n|-damage|p1b: Ariados|259/302|[from] move: Infestation|[partiallytrapped]\n|-damage|p1a: Bellibolt|46/309 tox|[from] move: Infestation|[partiallytrapped]\n|upkeep\n|turn|4\n|inactive|lordjikji has 120 seconds left.\n|\n|t:|1770748499\n|move|p2b: Toxapex|Baneful Bunker|p2b: Toxapex\n|-singleturn|p2b: Toxapex|move: Protect\n|move|p1b: Ariados|Megahorn|p2a: Uxie\n|-supereffective|p2a: Uxie\n|-damage|p2a: Uxie|0 fnt\n|faint|p2a: Uxie\n|move|p1a: Bellibolt|Muddy Water|p2b: Toxapex\n|-activate|p2b: Toxapex|move: Protect\n|\n|-heal|p2b: Toxapex|160/241|[from] item: Leftovers\n|-damage|p1a: Bellibolt|0 fnt|[from] psn\n|faint|p1a: Bellibolt\n|-damage|p1b: Ariados|222/302|[from] move: Infestation|[partiallytrapped]\n|upkeep\n|inactive|JaxAG has 120 seconds left.\n|\n|t:|1770748532\n|switch|p2a: Golduck|Golduck, L91, M|293/293\n|switch|p1a: Regigigas|Regigigas, L86|329/329\n|-start|p1a: Regigigas|ability: Slow Start\n|-activate|p2a: Golduck|move: Sticky Web\n|-unboost|p2a: Golduck|spe|1\n|-ability|p2a: Golduck|Cloud Nine\n|turn|5\n|inactive|lordjikji has 120 seconds left.\n|inactive|JaxAG has 120 seconds left.\n|inactive|lordjikji has 90 seconds left.\n|inactive|lordjikji has 60 seconds left.\n|\n|t:|1770748619\n|move|p1b: Ariados|Rage Powder|p1b: Ariados\n|-singleturn|p1b: Ariados|move: Rage Powder\n|move|p2a: Golduck|Ice Beam|p1b: Ariados\n|-damage|p1b: Ariados|118/302\n|-damage|p2a: Golduck|264/293|[from] item: Life Orb\n|move|p2b: Toxapex|Toxic|p1b: Ariados\n|-immune|p1b: Ariados\n|move|p1a: Regigigas|Knock Off|p2b: Toxapex\n|-damage|p2b: Toxapex|125/241\n|-enditem|p2b: Toxapex|Leftovers|[from] move: Knock Off|[of] p1a: Regigigas\n|\n|-damage|p1b: Ariados|81/302|[from] move: Infestation|[partiallytrapped]\n|upkeep\n|turn|6\n|inactive|lordjikji has 60 seconds left.\n|\n|t:|1770748636\n|move|p1b: Ariados|Rage Powder|p1b: Ariados\n|-singleturn|p1b: Ariados|move: Rage Powder\n|move|p2a: Golduck|Ice Beam|p1b: Ariados\n|-damage|p1b: Ariados|0 fnt\n|faint|p1b: Ariados\n|-damage|p2a: Golduck|235/293|[from] item: Life Orb\n|move|p2b: Toxapex|Recover|p2b: Toxapex\n|-heal|p2b: Toxapex|241/241\n|move|p1a: Regigigas|Thunder Wave|p2a: Golduck\n|-status|p2a: Golduck|par\n|\n|upkeep\n|inactive|JaxAG has 120 seconds left.\n|\n|t:|1770748659\n|switch|p1b: Clefable|Clefable, L87, M|307/307\n|turn|7\n|\n|t:|1770748672\n|move|p1b: Clefable|Encore|p2b: Toxapex\n|-start|p2b: Toxapex|Encore\n|move|p2b: Toxapex|Recover||[still]\n|-fail|p2b: Toxapex|heal\n|move|p1a: Regigigas|Double-Edge|p2a: Golduck\n|-damage|p2a: Golduck|130/293 par\n|-damage|p1a: Regigigas|294/329|[from] Recoil\n|move|p2a: Golduck|Hydro Pump|p1b: Clefable\n|-damage|p1b: Clefable|150/307\n|-damage|p2a: Golduck|101/293 par|[from] item: Life Orb\n|\n|-heal|p1a: Regigigas|314/329|[from] item: Leftovers\n|upkeep\n|turn|8\n|inactive|lordjikji has 90 seconds left.\n|\n|t:|1770748694\n|switch|p2b: Forretress|Forretress, L90, M|281/281\n|-activate|p2b: Forretress|move: Sticky Web\n|-unboost|p2b: Forretress|spe|1\n|move|p1b: Clefable|Moonblast|p2a: Golduck\n|-damage|p2a: Golduck|2/293 par\n|move|p1a: Regigigas|Knock Off|p2a: Golduck\n|-crit|p2a: Golduck\n|-damage|p2a: Golduck|0 fnt\n|-enditem|p2a: Golduck|Life Orb|[from] move: Knock Off|[of] p1a: Regigigas\n|faint|p2a: Golduck\n|\n|-heal|p1a: Regigigas|329/329|[from] item: Leftovers\n|upkeep\n|inactive|lordjikji has 60 seconds left.\n|\n|t:|1770748726\n|switch|p2a: Toxapex|Toxapex, L92, F, tera:Steel|241/241\n|-activate|p2a: Toxapex|move: Sticky Web\n|-unboost|p2a: Toxapex|spe|1\n|turn|9\n|inactive|lordjikji has 60 seconds left.\n|\n|t:|1770748747\n|switch|p1b: Giratina|Giratina, L76|353/353\n|-ability|p1b: Giratina|Pressure\n|move|p1a: Regigigas|Protect|p1a: Regigigas\n|-singleturn|p1a: Regigigas|Protect\n|move|p2b: Forretress|Iron Head|p1b: Giratina\n|-damage|p1b: Giratina|274/353\n|move|p2a: Toxapex|Infestation|p1a: Regigigas\n|-activate|p1a: Regigigas|move: Protect\n|\n|-end|p1a: Regigigas|Slow Start\n|upkeep\n|turn|10\n|\n|t:|1770748764\n|move|p1a: Regigigas|Knock Off|p2b: Forretress\n|-damage|p2b: Forretress|209/281\n|-enditem|p2b: Forretress|Chesto Berry|[from] move: Knock Off|[of] p1a: Regigigas\n|move|p1b: Giratina|Will-O-Wisp|p2b: Forretress\n|-status|p2b: Forretress|brn\n|move|p2b: Forretress|Iron Defense|p2b: Forretress\n|-boost|p2b: Forretress|def|2\n|move|p2a: Toxapex|Toxic|p1b: Giratina\n|-status|p1b: Giratina|tox\n|\n|-damage|p1b: Giratina|252/353 tox|[from] psn\n|-damage|p2b: Forretress|192/281 brn|[from] brn\n|upkeep\n|turn|11\n|inactive|lordjikji has 90 seconds left.\n|\n|t:|1770748791\n|switch|p1a: Clefable|Clefable, L87, M|150/307\n|move|p1b: Giratina|Will-O-Wisp|p2a: Toxapex\n|-status|p2a: Toxapex|brn\n|move|p2b: Forretress|Iron Defense|p2b: Forretress\n|-boost|p2b: Forretress|def|2\n|move|p2a: Toxapex|Toxic|p1a: Clefable\n|-status|p1a: Clefable|tox\n|\n|-damage|p1b: Giratina|208/353 tox|[from] psn\n|-damage|p1a: Clefable|131/307 tox|[from] psn\n|-damage|p2b: Forretress|175/281 brn|[from] brn\n|-damage|p2a: Toxapex|226/241 brn|[from] brn\n|upkeep\n|turn|12\n|inactive|lordjikji has 90 seconds left.\n|\n|t:|1770748817\n|move|p2a: Toxapex|Baneful Bunker|p2a: Toxapex\n|-singleturn|p2a: Toxapex|move: Protect\n|move|p1b: Giratina|Shadow Ball|p2b: Forretress\n|-damage|p2b: Forretress|93/281 brn\n|-unboost|p2b: Forretress|spd|1\n|move|p1a: Clefable|Encore|p2a: Toxapex\n|-activate|p2a: Toxapex|move: Protect\n|move|p2b: Forretress|Iron Head|p1a: Clefable\n|-supereffective|p1a: Clefable\n|-damage|p1a: Clefable|37/307 tox\n|-damage|p2b: Forretress|47/281 brn|[from] item: Rocky Helmet|[of] p1a: Clefable\n|\n|-damage|p1b: Giratina|142/353 tox|[from] psn\n|-damage|p1a: Clefable|0 fnt|[from] psn\n|faint|p1a: Clefable\n|-damage|p2b: Forretress|30/281 brn|[from] brn\n|-damage|p2a: Toxapex|211/241 brn|[from] brn\n|upkeep\n|-enditem|p1b: Giratina|Sitrus Berry|[eat]\n|-heal|p1b: Giratina|230/353 tox|[from] item: Sitrus Berry\n|inactive|JaxAG has 120 seconds left.\n|\n|t:|1770748836\n|switch|p1a: Regigigas|Regigigas, L86|329/329\n|-start|p1a: Regigigas|ability: Slow Start\n|turn|13\n|\n|t:|1770748848\n|move|p1a: Regigigas|Protect|p1a: Regigigas\n|-singleturn|p1a: Regigigas|Protect\n|move|p1b: Giratina|Shadow Ball|p2b: Forretress\n|-damage|p2b: Forretress|0 fnt\n|faint|p2b: Forretress\n|move|p2a: Toxapex|Toxic|p1a: Regigigas\n|-activate|p1a: Regigigas|move: Protect\n|\n|-damage|p1b: Giratina|142/353 tox|[from] psn\n|-damage|p2a: Toxapex|196/241 brn|[from] brn\n|upkeep\n|\n|t:|1770748856\n|switch|p2b: Rampardos|Rampardos, L87, M|311/311\n|-activate|p2b: Rampardos|move: Sticky Web\n|-unboost|p2b: Rampardos|spe|1\n|turn|14\n|\n|t:|1770748866\n|move|p1b: Giratina|Will-O-Wisp|p2b: Rampardos\n|-status|p2b: Rampardos|brn\n|move|p2b: Rampardos|Rock Slide|p1a: Regigigas|[spread] p1b\n|-miss|p2b: Rampardos|p1a: Regigigas\n|-damage|p1b: Giratina|91/353 tox\n|move|p1a: Regigigas|Thunder Wave|p2b: Rampardos|[miss]\n|-miss|p1a: Regigigas|p2b: Rampardos\n|move|p2a: Toxapex|Toxic|p1a: Regigigas|[miss]\n|-miss|p2a: Toxapex|p1a: Regigigas\n|\n|-damage|p1b: Giratina|0 fnt|[from] psn\n|faint|p1b: Giratina\n|-damage|p2b: Rampardos|292/311 brn|[from] brn\n|-damage|p2a: Toxapex|181/241 brn|[from] brn\n|upkeep\n|\n|t:|1770748881\n|switch|p1b: Iron Crown|Iron Crown, L78|268/268\n|turn|15\n|inactive|lordjikji has 120 seconds left.\n|\n|t:|1770748916\n|move|p1a: Regigigas|Protect|p1a: Regigigas\n|-singleturn|p1a: Regigigas|Protect\n|move|p1b: Iron Crown|Tachyon Cutter|p2b: Rampardos\n|-supereffective|p2b: Rampardos\n|-damage|p2b: Rampardos|122/311 brn\n|-supereffective|p2b: Rampardos\n|-damage|p2b: Rampardos|0 fnt\n|faint|p2b: Rampardos\n|-hitcount|p2: Rampardos|2\n|move|p2a: Toxapex|Infestation|p1b: Iron Crown\n|-damage|p1b: Iron Crown|258/268\n|-activate|p1b: Iron Crown|move: Infestation|[of] p2a: Toxapex\n|\n|-damage|p2a: Toxapex|166/241 brn|[from] brn\n|-damage|p1b: Iron Crown|225/268|[from] move: Infestation|[partiallytrapped]\n|upkeep\n|inactive|lordjikji has 120 seconds left.\n|\n|t:|1770748927\n|switch|p2b: Iron Boulder|Iron Boulder, L77|265/265\n|-activate|p2b: Iron Boulder|move: Sticky Web\n|-unboost|p2b: Iron Boulder|spe|1\n|-enditem|p2b: Iron Boulder|Booster Energy\n|-activate|p2b: Iron Boulder|ability: Quark Drive|[fromitem]\n|-start|p2b: Iron Boulder|quarkdriveatk\n|turn|16\n|\n|t:|1770748945\n|move|p1b: Iron Crown|Focus Blast|p2a: Toxapex|[miss]\n|-miss|p1b: Iron Crown|p2a: Toxapex\n|move|p2b: Iron Boulder|Mighty Cleave|p1a: Regigigas\n|-damage|p1a: Regigigas|229/329\n|move|p1a: Regigigas|Thunder Wave|p2b: Iron Boulder\n|-status|p2b: Iron Boulder|par\n|move|p2a: Toxapex|Toxic|p1a: Regigigas\n|-status|p1a: Regigigas|tox\n|\n|-heal|p1a: Regigigas|249/329 tox|[from] item: Leftovers\n|-damage|p1a: Regigigas|229/329 tox|[from] psn\n|-damage|p2a: Toxapex|151/241 brn|[from] brn\n|-damage|p1b: Iron Crown|192/268|[from] move: Infestation|[partiallytrapped]\n|upkeep\n|turn|17\n|\n|t:|1770748969\n|move|p2a: Toxapex|Baneful Bunker|p2a: Toxapex\n|-singleturn|p2a: Toxapex|move: Protect\n|move|p1b: Iron Crown|Tachyon Cutter|p2b: Iron Boulder\n|-supereffective|p2b: Iron Boulder\n|-damage|p2b: Iron Boulder|161/265 par\n|-supereffective|p2b: Iron Boulder\n|-damage|p2b: Iron Boulder|53/265 par\n|-hitcount|p2b: Iron Boulder|2\n|move|p1a: Regigigas|Knock Off|p2b: Iron Boulder\n|-supereffective|p2b: Iron Boulder\n|-damage|p2b: Iron Boulder|0 fnt\n|faint|p2b: Iron Boulder\n|-end|p2b: Iron Boulder|Quark Drive|[silent]\n|\n|-heal|p1a: Regigigas|249/329 tox|[from] item: Leftovers\n|-damage|p1a: Regigigas|209/329 tox|[from] psn\n|-damage|p2a: Toxapex|136/241 brn|[from] brn\n|-damage|p1b: Iron Crown|159/268|[from] move: Infestation|[partiallytrapped]\n|-end|p1a: Regigigas|Slow Start\n|upkeep\n|turn|18\n|\n|t:|1770748993\n|move|p1a: Regigigas|Knock Off|p2a: Toxapex\n|-damage|p2a: Toxapex|93/241 brn\n|move|p1b: Iron Crown|Focus Blast|p2a: Toxapex|[miss]\n|-miss|p1b: Iron Crown|p2a: Toxapex\n|move|p2a: Toxapex|Recover|p2a: Toxapex\n|-heal|p2a: Toxapex|214/241 brn\n|\n|-heal|p1a: Regigigas|229/329 tox|[from] item: Leftovers\n|-damage|p1a: Regigigas|169/329 tox|[from] psn\n|-damage|p2a: Toxapex|199/241 brn|[from] brn\n|-damage|p1b: Iron Crown|126/268|[from] move: Infestation|[partiallytrapped]\n|upkeep\n|turn|19\n|inactive|lordjikji has 120 seconds left.\n|inactive|lordjikji has 90 seconds left.\n|inactive|lordjikji has 60 seconds left.\n|\n|t:|1770749101\n|-terastallize|p1b: Iron Crown|Fighting\n|move|p1a: Regigigas|Knock Off|p2a: Toxapex\n|-damage|p2a: Toxapex|156/241 brn\n|move|p1b: Iron Crown|Focus Blast|p2a: Toxapex\n|-supereffective|p2a: Toxapex\n|-damage|p2a: Toxapex|0 fnt\n|faint|p2a: Toxapex\n|\n|win|JaxAG\n|raw|JaxAG's rating: 1477 &rarr; <strong>1503</strong><br />(+26 for winning)\n|raw|lordjikji's rating: 1592 &rarr; <strong>1566</strong><br />(-26 for losing)\n|c|☆lordjikji|gg\n", "inputlog": ">version ccdc32dd7cde25fd9e4bed64820e885f66e78a4e\n>start {\"formatid\":\"gen9randomdoublesbattle\",\"seed\":\"sodium,31fd34d1f350f10d070e99425368d678\",\"rated\":\"Rated battle\"}\n>player p1 {\"name\":\"JaxAG\",\"avatar\":\"unknown\",\"rating\":1477,\"seed\":\"sodium,c711b58c4a9e8f4171cf9df844f1c4af\"}\n>player p2 {\"name\":\"lordjikji\",\"avatar\":\"2\",\"rating\":1592,\"seed\":\"sodium,096b66505a5eb5a6df16bc521c87cedb\"}\n>p1 move thunderwave +1, switch 6\n>p2 move knockoff +1, move toxic +1\n>p1 move thunderbolt +2, move stickyweb\n>p2 move mysticalpower +2, move infestation +1 terastallize\n>p1 move muddywater, move megahorn +1\n>p2 move thunderwave +2, move infestation +2\n>p1 move muddywater, move megahorn +1\n>p2 move knockoff +2, move banefulbunker\n>p1 switch 3, pass\n>p2 switch 6, pass\n>p1 move knockoff +2, move ragepowder\n>p2 move icebeam +2, move toxic +1\n>p1 move thunderwave +1, move ragepowder\n>p2 move icebeam +2, move recover\n>p1 pass, switch 6\n>p1 move doubleedge +1, move encore +2\n>p2 move hydropump +2, move infestation +2\n>p1 move knockoff +1, move moonblast +1\n>p2 move hydropump +2, switch 3\n>p2 switch 3, pass\n>p1 move protect, switch 4\n>p2 move infestation +1, move ironhead +2\n>p1 move knockoff +2, move willowisp +2\n>p2 move toxic +2, move irondefense\n>p1 switch 4, move willowisp +1\n>p2 move toxic +1, move irondefense\n>p1 move encore +1, move shadowball +2\n>p2 move banefulbunker, move ironhead +1\n>p1 switch 4, pass\n>p1 move protect, move shadowball +2\n>p2 move toxic +1, move rest\n>p2 pass, switch 5\n>p1 move thunderwave +2, move willowisp +2\n>p2 move toxic +1, move rockslide\n>p1 pass, switch 5\n>p1 move protect, move tachyoncutter +2\n>p2 move infestation +2, move rockslide\n>p2 pass, switch 4\n>p1 move thunderwave +2, move focusblast +1\n>p2 move toxic +1, move mightycleave +1\n>p1 move knockoff +2, move tachyoncutter +2\n>p2 move banefulbunker, move mightycleave +1\n>p1 move knockoff +1, move focusblast +1\n>p2 move recover, pass\n>p1 move knockoff +1, move focusblast +1 terastallize\n>p2 move infestation +1, pass", "uploadtime": 1770749110, "views": 68, "formatid": "gen9randomdoublesbattle", "rating": 1503, "private": 0, "password": null}