{"id": "gen9randomdoublesbattle-2536982024", "format": "[Gen 9] Random Doubles Battle", "players": ["kalsonofjor", "ranger701"], "log": "|j|☆kalsonofjor\n|j|☆ranger701\n|t:|1770753949\n|gametype|doubles\n|player|p1|kalsonofjor|169|1789\n|player|p2|ranger701|shadowtriad|1737\n|gen|9\n|tier|[Gen 9] Random Doubles Battle\n|rated|\n|rule|Species Clause: Limit one of each Pokémon\n|rule|HP Percentage Mod: HP is shown in percentages\n|rule|Illusion Level Mod: Illusion disguises the Pokémon's true level\n|rule|Sleep Clause Mod: Limit one foe put to sleep\n|\n|t:|1770753949\n|teamsize|p1|6\n|teamsize|p2|6\n|start\n|switch|p1a: Metagross|Metagross, L80|259/259\n|switch|p1b: Flamigo|Flamigo, L84, M|275/275\n|switch|p2a: Electabuzz|Electabuzz, L84, F|246/246\n|switch|p2b: Porygon-Z|Porygon-Z, L84|280/280\n|turn|1\n|inactive|Battle timer is ON: inactive players will automatically lose when time's up. (requested by ranger701)\n|inactive|kalsonofjor has 120 seconds left.\n|inactive|ranger701 has 120 seconds left.\n|\n|t:|1770753990\n|move|p2a: Electabuzz|Follow Me|p2a: Electabuzz\n|-singleturn|p2a: Electabuzz|move: Follow Me\n|move|p1b: Flamigo|Close Combat|p2a: Electabuzz\n|-damage|p2a: Electabuzz|104/246\n|-unboost|p1b: Flamigo|def|1\n|-unboost|p1b: Flamigo|spd|1\n|move|p2b: Porygon-Z|Tri Attack|p1b: Flamigo\n|-damage|p1b: Flamigo|0 fnt\n|faint|p1b: Flamigo\n|move|p1a: Metagross|Knock Off|p2a: Electabuzz\n|-damage|p2a: Electabuzz|31/246\n|-enditem|p2a: Electabuzz|Eviolite|[from] move: Knock Off|[of] p1a: Metagross\n|\n|upkeep\n|\n|t:|1770754007\n|switch|p1b: Cryogonal|Cryogonal, L88|284/284\n|turn|2\n|inactive|ranger701 has 120 seconds left.\n|\n|t:|1770754038\n|move|p2a: Electabuzz|Follow Me|p2a: Electabuzz\n|-singleturn|p2a: Electabuzz|move: Follow Me\n|move|p1b: Cryogonal|Icy Wind|p2a: Electabuzz|[spread] p2a,p2b\n|-damage|p2a: Electabuzz|0 fnt\n|-damage|p2b: Porygon-Z|222/280\n|-unboost|p2b: Porygon-Z|spe|1\n|faint|p2a: Electabuzz\n|move|p1a: Metagross|Heavy Slam|p2b: Porygon-Z\n|-damage|p2b: Porygon-Z|27/280\n|move|p2b: Porygon-Z|Tri Attack|p1b: Cryogonal\n|-damage|p1b: Cryogonal|134/284\n|-enditem|p1b: Cryogonal|Sitrus Berry|[eat]\n|-heal|p1b: Cryogonal|205/284|[from] item: Sitrus Berry\n|\n|upkeep\n|inactive|ranger701 has 120 seconds left.\n|\n|t:|1770754048\n|switch|p2a: Azumarill|Azumarill, L83, M|302/302\n|turn|3\n|\n|t:|1770754067\n|switch|p2b: Abomasnow|Abomasnow, L81, M|278/278\n|-weather|Snowscape|[from] ability: Snow Warning|[of] p2b: Abomasnow\n|move|p1b: Cryogonal|Freeze-Dry|p2a: Azumarill\n|-supereffective|p2a: Azumarill\n|-crit|p2a: Azumarill\n|-damage|p2a: Azumarill|60/302\n|-status|p2a: Azumarill|frz\n|move|p1a: Metagross|Heavy Slam|p2a: Azumarill\n|-damage|p2a: Azumarill|0 fnt\n|faint|p2a: Azumarill\n|\n|-weather|Snowscape|[upkeep]\n|upkeep\n|\n|t:|1770754079\n|switch|p2a: Porygon-Z|Porygon-Z, L84|27/280\n|turn|4\n|\n|t:|1770754089\n|switch|p2a: Rotom|Rotom-Frost, L84|221/221\n|move|p1b: Cryogonal|Icy Wind|p2a: Rotom|[spread] p2a,p2b\n|-resisted|p2a: Rotom\n|-damage|p2a: Rotom|203/221\n|-damage|p2b: Abomasnow|227/278\n|-unboost|p2a: Rotom|spe|1\n|-unboost|p2b: Abomasnow|spe|1\n|move|p1a: Metagross|Heavy Slam|p2b: Abomasnow\n|-supereffective|p2b: Abomasnow\n|-damage|p2b: Abomasnow|29/278\n|move|p2b: Abomasnow|Aurora Veil|p2b: Abomasnow\n|-sidestart|p2: ranger701|move: Aurora Veil\n|\n|-weather|Snowscape|[upkeep]\n|upkeep\n|turn|5\n|inactive|kalsonofjor has 120 seconds left.\n|\n|t:|1770754122\n|move|p1b: Cryogonal|Icy Wind|p2a: Rotom|[spread] p2a,p2b\n|-resisted|p2a: Rotom\n|-damage|p2a: Rotom|189/221\n|-damage|p2b: Abomasnow|0 fnt\n|-unboost|p2a: Rotom|spe|1\n|faint|p2b: Abomasnow\n|move|p1a: Metagross|Heavy Slam|p2a: Rotom\n|-damage|p2a: Rotom|134/221\n|move|p2a: Rotom|Will-O-Wisp|p1a: Metagross\n|-status|p1a: Metagross|brn\n|\n|-weather|Snowscape|[upkeep]\n|-damage|p1a: Metagross|243/259 brn|[from] brn\n|upkeep\n|inactive|ranger701 has 120 seconds left.\n|\n|t:|1770754158\n|switch|p2b: Flutter Mane|Flutter Mane, L73|201/201\n|turn|6\n|\n|t:|1770754168\n|move|p2b: Flutter Mane|Shadow Ball|p1a: Metagross\n|-supereffective|p1a: Metagross\n|-damage|p1a: Metagross|73/259 brn\n|move|p1b: Cryogonal|Icy Wind|p2a: Rotom|[spread] p2a,p2b\n|-resisted|p2a: Rotom\n|-crit|p2a: Rotom\n|-damage|p2a: Rotom|104/221\n|-damage|p2b: Flutter Mane|175/201\n|-unboost|p2a: Rotom|spe|1\n|-unboost|p2b: Flutter Mane|spe|1\n|move|p1a: Metagross|Heavy Slam|p2b: Flutter Mane\n|-supereffective|p2b: Flutter Mane\n|-damage|p2b: Flutter Mane|14/201\n|move|p2a: Rotom|Thunderbolt|p1a: Metagross\n|-damage|p1a: Metagross|3/259 brn\n|\n|-weather|Snowscape|[upkeep]\n|-damage|p1a: Metagross|0 fnt|[from] brn\n|faint|p1a: Metagross\n|upkeep\n|\n|t:|1770754185\n|switch|p1a: Palafin|Palafin, L79, M|288/288\n|turn|7\n|\n|t:|1770754192\n|move|p1b: Cryogonal|Icy Wind|p2b: Flutter Mane|[spread] p2a,p2b\n|-resisted|p2a: Rotom\n|-damage|p2a: Rotom|90/221\n|-damage|p2b: Flutter Mane|0 fnt\n|-unboost|p2a: Rotom|spe|1\n|faint|p2b: Flutter Mane\n|-end|p2b: Flutter Mane|Protosynthesis|[silent]\n|move|p1a: Palafin|Flip Turn|p2a: Rotom\n|-damage|p2a: Rotom|69/221\n|\n|t:|1770754204\n|detailschange|p1a: Palafin|Palafin-Hero, L79, M\n|switch|p1a: Copperajah|Copperajah, L86, F|350/350|[from] Flip Turn\n|move|p2a: Rotom|Thunderbolt|p1a: Copperajah\n|-damage|p1a: Copperajah|227/350\n|\n|-weather|none\n|upkeep\n|\n|t:|1770754233\n|switch|p2b: Porygon-Z|Porygon-Z, L84|27/280\n|turn|8\n|-message|ranger701 forfeited.\n|\n|win|kalsonofjor\n|raw|kalsonofjor's rating: 1789 &rarr; <strong>1806</strong><br />(+17 for winning)\n|raw|ranger701's rating: 1737 &rarr; <strong>1720</strong><br />(-17 for losing)\n|l|☆ranger701\n|player|p2|\n", "inputlog": ">version ccdc32dd7cde25fd9e4bed64820e885f66e78a4e\n>start {\"formatid\":\"gen9randomdoublesbattle\",\"seed\":\"sodium,4b10fcc71290084b7f9f92b5fd9601f2\",\"rated\":\"Rated battle\"}\n>player p1 {\"name\":\"kalsonofjor\",\"avatar\":\"169\",\"rating\":1789,\"seed\":\"sodium,0104f8ac71e1fed8cdc152db69673ccb\"}\n>player p2 {\"name\":\"ranger701\",\"avatar\":\"shadowtriad\",\"rating\":1737,\"seed\":\"sodium,f2789e958cc5f1e78636edd9c2ea9234\"}\n>p1 move knockoff +1, move closecombat +2\n>p2 move followme, move triattack +2\n>p1 pass, switch 5\n>p1 move heavyslam +2, move icywind\n>p2 move followme, move triattack +2\n>p2 switch 3, pass\n>p1 move heavyslam +1, move freezedry +1\n>p2 move liquidation +1, switch 6\n>p2 switch 6, pass\n>p1 move heavyslam +2, move icywind\n>p2 switch 4, move auroraveil\n>p1 move heavyslam +1, move icywind\n>p2 move willowisp +1, move woodhammer +2\n>p2 pass, switch 5\n>p1 move heavyslam +2, move icywind\n>p2 move thunderbolt +1, move shadowball +1\n>p1 switch 6, pass\n>p1 move flipturn +1, move icywind\n>p2 move thunderbolt +1, move shadowball +2\n>p1 switch 3, pass\n>p2 pass, switch 4\n>forcelose p2", "uploadtime": 1770754238, "views": 81, "formatid": "gen9randomdoublesbattle", "rating": 1720, "private": 0, "password": null}