{"id": "gen9randomdoublesbattle-2539214212", "format": "[Gen 9] Random Doubles Battle", "players": ["darkplatypus", "Jenome"], "log": "|j|☆darkplatypus\n|j|☆Jenome\n|t:|1771023916\n|gametype|doubles\n|player|p1|darkplatypus|265|1518\n|player|p2|Jenome|gentleman-gen4|1613\n|gen|9\n|tier|[Gen 9] Random Doubles Battle\n|rated|\n|rule|Species Clause: Limit one of each Pokémon\n|rule|HP Percentage Mod: HP is shown in percentages\n|rule|Illusion Level Mod: Illusion disguises the Pokémon's true level\n|rule|Sleep Clause Mod: Limit one foe put to sleep\n|\n|t:|1771023916\n|teamsize|p1|6\n|teamsize|p2|6\n|start\n|switch|p1a: Metagross|Metagross, L80|259/259\n|switch|p1b: Tsareena|Tsareena, L85, F|261/261\n|switch|p2a: Oinkologne|Oinkologne, L92, M|352/352\n|switch|p2b: Golduck|Golduck, L91, M|293/293\n|-ability|p2b: Golduck|Cloud Nine\n|turn|1\n|inactive|Battle timer is ON: inactive players will automatically lose when time's up. (requested by darkplatypus)\n|\n|t:|1771023953\n|move|p2b: Golduck|Hydro Pump|p1a: Metagross\n|-damage|p1a: Metagross|142/259\n|-damage|p2b: Golduck|264/293|[from] item: Life Orb\n|move|p2a: Oinkologne|High Horsepower|p1a: Metagross\n|-supereffective|p1a: Metagross\n|-damage|p1a: Metagross|0 fnt\n|faint|p1a: Metagross\n|move|p1b: Tsareena|Power Whip|p2b: Golduck|[miss]\n|-miss|p1b: Tsareena|p2b: Golduck\n|\n|upkeep\n|inactive|darkplatypus has 120 seconds left.\n|\n|t:|1771023986\n|switch|p1a: Persian|Persian, L92, F|269/269\n|turn|2\n|\n|t:|1771024001\n|switch|p2a: Regidrago|Regidrago, L74|418/418\n|move|p2b: Golduck|Protect|p2b: Golduck\n|-singleturn|p2b: Golduck|Protect\n|move|p1a: Persian|Fake Out|p2a: Regidrago\n|-damage|p2a: Regidrago|289/418\n|move|p1b: Tsareena|Power Whip|p2b: Golduck\n|-activate|p2b: Golduck|move: Protect\n|\n|upkeep\n|turn|3\n|inactive|Jenome has 120 seconds left.\n|\n|t:|1771024048\n|move|p1a: Persian|Icy Wind|p2b: Golduck|[spread] p2a,p2b\n|-supereffective|p2a: Regidrago\n|-resisted|p2b: Golduck\n|-damage|p2a: Regidrago|163/418\n|-damage|p2b: Golduck|243/293\n|-unboost|p2a: Regidrago|spe|1\n|-unboost|p2b: Golduck|spe|1\n|move|p1b: Tsareena|Rapid Spin|p2b: Golduck\n|-damage|p2b: Golduck|200/293\n|-boost|p1b: Tsareena|spe|1\n|move|p2a: Regidrago|Dragon Claw|p1b: Tsareena\n|-damage|p1b: Tsareena|177/261\n|move|p2b: Golduck|Ice Beam|p1b: Tsareena\n|-supereffective|p1b: Tsareena\n|-damage|p1b: Tsareena|55/261\n|-damage|p2b: Golduck|171/293|[from] item: Life Orb\n|\n|upkeep\n|turn|4\n|inactive|Jenome has 120 seconds left.\n|\n|t:|1771024068\n|move|p1a: Persian|Double-Edge|p2a: Regidrago\n|-damage|p2a: Regidrago|0 fnt\n|faint|p2a: Regidrago\n|-damage|p1a: Persian|215/269|[from] Recoil\n|move|p1b: Tsareena|Power Whip|p2b: Golduck\n|-supereffective|p2b: Golduck\n|-damage|p2b: Golduck|0 fnt\n|faint|p2b: Golduck\n|\n|upkeep\n|\n|t:|1771024080\n|switch|p2b: Enamorus|Enamorus, L79, F|247/247\n|switch|p2a: Annihilape|Annihilape, L77, F|296/296\n|turn|5\n|inactive|Jenome has 120 seconds left.\n|\n|t:|1771024105\n|-terastallize|p2b: Enamorus|Fighting\n|move|p1a: Persian|Taunt|p2a: Annihilape\n|-start|p2a: Annihilape|move: Taunt\n|move|p1b: Tsareena|Triple Axel|p2b: Enamorus\n|-damage|p2b: Enamorus|226/247\n|-damage|p2b: Enamorus|186/247\n|-damage|p2b: Enamorus|119/247\n|-hitcount|p2b: Enamorus|3\n|move|p2b: Enamorus|Tailwind|p2b: Enamorus\n|-sidestart|p2: Jenome|move: Tailwind\n|cant|p2a: Annihilape|move: Taunt|Bulk Up\n|\n|upkeep\n|turn|6\n|\n|t:|1771024125\n|switch|p1a: Glimmora|Glimmora, L77, F|254/254\n|move|p2b: Enamorus|Superpower|p1b: Tsareena\n|-damage|p1b: Tsareena|0 fnt\n|-boost|p2b: Enamorus|atk|1\n|-boost|p2b: Enamorus|def|1\n|faint|p1b: Tsareena\n|-damage|p2b: Enamorus|95/247|[from] item: Life Orb\n|move|p2a: Annihilape|Drain Punch|p1a: Glimmora\n|-damage|p1a: Glimmora|176/254\n|-activate|p1a: Glimmora|ability: Toxic Debris\n|-sidestart|p2: Jenome|move: Toxic Spikes\n|\n|upkeep\n|\n|t:|1771024136\n|switch|p1b: Honchkrow|Honchkrow, L85, M|309/309\n|turn|7\n|\n|t:|1771024149\n|move|p1a: Glimmora|Spiky Shield|p1a: Glimmora\n|-singleturn|p1a: Glimmora|move: Protect\n|move|p2b: Enamorus|Play Rough|p1b: Honchkrow\n|-supereffective|p1b: Honchkrow\n|-damage|p1b: Honchkrow|0 fnt\n|faint|p1b: Honchkrow\n|-damage|p2b: Enamorus|71/247|[from] item: Life Orb\n|move|p2a: Annihilape|Drain Punch|p1a: Glimmora\n|-activate|p1a: Glimmora|move: Protect\n|-damage|p2a: Annihilape|259/296|[from] Spiky Shield|[of] p1a: Glimmora\n|\n|-heal|p2a: Annihilape|277/296|[from] item: Leftovers\n|-end|p2a: Annihilape|move: Taunt\n|upkeep\n|\n|t:|1771024159\n|switch|p1b: Persian|Persian, L92, F|215/269\n|turn|8\n|\n|t:|1771024170\n|-terastallize|p1b: Persian|Ghost\n|move|p2b: Enamorus|Protect|p2b: Enamorus\n|-singleturn|p2b: Enamorus|Protect\n|move|p1b: Persian|Fake Out|p2b: Enamorus\n|-activate|p2b: Enamorus|move: Protect\n|move|p2a: Annihilape|Bulk Up|p2a: Annihilape\n|-boost|p2a: Annihilape|atk|1\n|-boost|p2a: Annihilape|def|1\n|move|p1a: Glimmora|Sludge Bomb|p2b: Enamorus\n|-activate|p2b: Enamorus|move: Protect\n|\n|-heal|p2a: Annihilape|295/296|[from] item: Leftovers\n|-sideend|p2: Jenome|move: Tailwind\n|upkeep\n|turn|9\n|\n|t:|1771024193\n|move|p1b: Persian|Double-Edge|p2b: Enamorus\n|-damage|p2b: Enamorus|0 fnt\n|faint|p2b: Enamorus\n|-damage|p1b: Persian|192/269|[from] Recoil\n|move|p2a: Annihilape|Rage Fist|p1b: Persian\n|-supereffective|p1b: Persian\n|-damage|p1b: Persian|6/269\n|move|p1a: Glimmora|Sludge Bomb|p2a: Annihilape\n|-resisted|p2a: Annihilape\n|-damage|p2a: Annihilape|238/296\n|\n|-heal|p2a: Annihilape|256/296|[from] item: Leftovers\n|upkeep\n|inactive|Jenome has 120 seconds left.\n|\n|t:|1771024208\n|switch|p2b: Oinkologne|Oinkologne, L92, M|352/352\n|-status|p2b: Oinkologne|psn\n|turn|10\n|\n|t:|1771024217\n|move|p1b: Persian|Double-Edge|p2b: Oinkologne\n|-damage|p2b: Oinkologne|201/352 psn\n|-damage|p1b: Persian|0 fnt|[from] Recoil\n|faint|p1b: Persian\n|move|p2a: Annihilape|Rage Fist|p1a: Glimmora\n|-damage|p1a: Glimmora|13/254\n|-activate|p1a: Glimmora|ability: Toxic Debris\n|-sidestart|p2: Jenome|move: Toxic Spikes\n|-enditem|p1a: Glimmora|Sitrus Berry|[eat]\n|-heal|p1a: Glimmora|76/254|[from] item: Sitrus Berry\n|move|p1a: Glimmora|Sludge Bomb|p2b: Oinkologne\n|-damage|p2b: Oinkologne|107/352 psn\n|move|p2b: Oinkologne|High Horsepower|p1a: Glimmora\n|-supereffective|p1a: Glimmora\n|-damage|p1a: Glimmora|0 fnt\n|faint|p1a: Glimmora\n|\n|-heal|p2a: Annihilape|274/296|[from] item: Leftovers\n|-damage|p2b: Oinkologne|63/352 psn|[from] psn\n|upkeep\n|\n|t:|1771024230\n|switch|p1b: Electivire|Electivire, L86, M|269/269\n|turn|11\n|\n|t:|1771024238\n|move|p1b: Electivire|Knock Off|p2a: Annihilape\n|-damage|p2a: Annihilape|209/296\n|-enditem|p2a: Annihilape|Leftovers|[from] move: Knock Off|[of] p1b: Electivire\n|move|p2a: Annihilape|Drain Punch|p1b: Electivire\n|-damage|p1b: Electivire|131/269\n|-heal|p2a: Annihilape|278/296|[from] drain|[of] p1b: Electivire\n|move|p2b: Oinkologne|High Horsepower|p1b: Electivire\n|-supereffective|p1b: Electivire\n|-damage|p1b: Electivire|0 fnt\n|faint|p1b: Electivire\n|\n|win|Jenome\n|raw|darkplatypus's rating: 1518 &rarr; <strong>1503</strong><br />(-15 for losing)\n|raw|Jenome's rating: 1613 &rarr; <strong>1628</strong><br />(+15 for winning)\n|l|☆darkplatypus\n|player|p1|\n", "inputlog": ">version ccdc32dd7cde25fd9e4bed64820e885f66e78a4e\n>start {\"formatid\":\"gen9randomdoublesbattle\",\"seed\":\"sodium,5a662e600d842052cafdcd25cf53e476\",\"rated\":\"Rated battle\"}\n>player p1 {\"name\":\"darkplatypus\",\"avatar\":\"265\",\"rating\":1518,\"seed\":\"sodium,da1f3f04c32d37e1cb301f035bfd282f\"}\n>player p2 {\"name\":\"Jenome\",\"avatar\":\"gentleman-gen4\",\"rating\":1613,\"seed\":\"sodium,e840f81f3fb55c6d0ec4a62de80c1485\"}\n>p1 move knockoff +1, move powerwhip +2\n>p2 move highhorsepower +1, move hydropump +1\n>p1 switch 5, pass\n>p1 move fakeout +1, move powerwhip +2\n>p2 switch 5, move protect\n>p1 move icywind, move rapidspin +2\n>p2 move dragonclaw +2, move icebeam +2\n>p1 move doubleedge +1, move powerwhip +2\n>p2 move dragonclaw +2, move icebeam +2\n>p2 switch 6, switch 4\n>p1 move taunt +1, move tripleaxel +2\n>p2 move bulkup, move tailwind terastallize\n>p1 switch 6, move powerwhip +2\n>p2 move drainpunch +1, move superpower +2\n>p1 pass, switch 3\n>p1 move spikyshield, move bravebird +2\n>p2 move drainpunch +2, move playrough +2\n>p1 pass, switch 6\n>p1 move sludgebomb +2, move fakeout +2 terastallize\n>p2 move bulkup, move protect\n>p1 move sludgebomb +1, move doubleedge +2\n>p2 move ragefist +2, move playrough +2\n>p2 pass, switch 5\n>p1 move sludgebomb +2, move doubleedge +2\n>p2 move ragefist +2, move highhorsepower +1\n>p1 pass, switch 4\n>p1 pass, move knockoff +1\n>p2 move drainpunch +2, move highhorsepower +2", "uploadtime": 1771024247, "views": 78, "formatid": "gen9randomdoublesbattle", "rating": 1503, "private": 0, "password": null}