{"id": "gen9randomdoublesbattle-2539337463", "format": "[Gen 9] Random Doubles Battle", "players": ["uuups", "Max Rayder"], "log": "|j|☆uuups\n|j|☆Max Rayder\n|t:|1771040368\n|gametype|doubles\n|player|p1|uuups|266|1719\n|player|p2|Max Rayder|170|1797\n|gen|9\n|tier|[Gen 9] Random Doubles Battle\n|rated|\n|rule|Species Clause: Limit one of each Pokémon\n|rule|HP Percentage Mod: HP is shown in percentages\n|rule|Illusion Level Mod: Illusion disguises the Pokémon's true level\n|rule|Sleep Clause Mod: Limit one foe put to sleep\n|\n|t:|1771040368\n|teamsize|p1|6\n|teamsize|p2|6\n|start\n|switch|p1a: Golduck|Golduck, L91, M|293/293\n|switch|p1b: Arcanine|Arcanine-Hisui, L79, M|280/280\n|switch|p2a: Walking Wake|Walking Wake, L78|283/283\n|switch|p2b: Urshifu|Urshifu-Rapid-Strike, L75, M|274/274\n|-ability|p1a: Golduck|Cloud Nine\n|-ability|p1b: Arcanine|Intimidate|boost\n|-unboost|p2a: Walking Wake|atk|1\n|-unboost|p2b: Urshifu|atk|1\n|turn|1\n|\n|t:|1771040403\n|switch|p2b: Leavanny|Leavanny, L91, M|284/284\n|switch|p1b: Umbreon|Umbreon, L85, F|300/300\n|move|p2a: Walking Wake|Hydro Pump|p1b: Umbreon\n|-damage|p1b: Umbreon|175/300\n|-damage|p2a: Walking Wake|255/283|[from] item: Life Orb\n|move|p1a: Golduck|Ice Beam|p2a: Walking Wake\n|-damage|p2a: Walking Wake|156/283\n|-damage|p1a: Golduck|264/293|[from] item: Life Orb\n|\n|upkeep\n|turn|2\n|inactive|Battle timer is ON: inactive players will automatically lose when time's up. (requested by Max Rayder)\n|\n|t:|1771040474\n|-end|p2a: Walking Wake|Protosynthesis|[silent]\n|switch|p2a: Urshifu|Urshifu-Rapid-Strike, L75, M|274/274\n|move|p1a: Golduck|Protect|p1a: Golduck\n|-singleturn|p1a: Golduck|Protect\n|move|p2b: Leavanny|Sticky Web|p1a: Golduck\n|-sidestart|p1: uuups|move: Sticky Web\n|move|p1b: Umbreon|Foul Play|p2b: Leavanny\n|-damage|p2b: Leavanny|158/284\n|\n|upkeep\n|turn|3\n|inactive|uuups has 120 seconds left.\n|\n|t:|1771040523\n|move|p2b: Leavanny|Leaf Blade|p1a: Golduck\n|-supereffective|p1a: Golduck\n|-damage|p1a: Golduck|46/293\n|move|p1a: Golduck|Ice Beam|p2b: Leavanny\n|-supereffective|p2b: Leavanny\n|-damage|p2b: Leavanny|0 fnt\n|faint|p2b: Leavanny\n|-damage|p1a: Golduck|17/293|[from] item: Life Orb\n|move|p2a: Urshifu|Close Combat|p1b: Umbreon\n|-supereffective|p1b: Umbreon\n|-damage|p1b: Umbreon|0 fnt\n|-unboost|p2a: Urshifu|def|1\n|-unboost|p2a: Urshifu|spd|1\n|faint|p1b: Umbreon\n|\n|upkeep\n|inactive|Max Rayder has 120 seconds left.\n|inactive|uuups has 90 seconds left.\n|\n|t:|1771040561\n|switch|p2b: Lugia|Lugia, L71|268/268\n|switch|p1b: Articuno|Articuno-Galar, L82|282/282\n|turn|4\n|inactive|uuups has 90 seconds left.\n|\n|t:|1771040575\n|switch|p2a: Talonflame|Talonflame, L82, F|262/262\n|move|p1a: Golduck|Ice Beam|p2b: Lugia\n|-supereffective|p2b: Lugia\n|-damage|p2b: Lugia|190/268\n|-damage|p1a: Golduck|0 fnt|[from] item: Life Orb\n|faint|p1a: Golduck\n|move|p1b: Articuno|Freezing Glare|p2a: Talonflame\n|-damage|p2a: Talonflame|75/262\n|-enditem|p2a: Talonflame|Sitrus Berry|[eat]\n|-heal|p2a: Talonflame|140/262|[from] item: Sitrus Berry\n|-damage|p1b: Articuno|254/282|[from] item: Life Orb\n|move|p2b: Lugia|Calm Mind|p2b: Lugia\n|-boost|p2b: Lugia|spa|1\n|-boost|p2b: Lugia|spd|1\n|\n|-heal|p2b: Lugia|206/268|[from] item: Leftovers\n|upkeep\n|inactive|uuups has 90 seconds left.\n|inactive|uuups has 60 seconds left.\n|\n|t:|1771040626\n|switch|p1a: Arcanine|Arcanine-Hisui, L79, M|280/280\n|-ability|p1a: Arcanine|Intimidate|boost\n|-unboost|p2a: Talonflame|atk|1\n|-unboost|p2b: Lugia|atk|1\n|turn|5\n|\n|t:|1771040643\n|move|p2a: Talonflame|Brave Bird|p1b: Articuno\n|-damage|p1b: Articuno|181/282\n|-damage|p2a: Talonflame|116/262|[from] Recoil\n|move|p1b: Articuno|Tailwind|p1b: Articuno\n|-sidestart|p1: uuups|move: Tailwind\n|move|p1a: Arcanine|Rock Slide|p2a: Talonflame|[spread] p2a\n|-miss|p1a: Arcanine|p2b: Lugia\n|-supereffective|p2a: Talonflame\n|-damage|p2a: Talonflame|0 fnt\n|faint|p2a: Talonflame\n|move|p2b: Lugia|Earth Power|p1a: Arcanine\n|-supereffective|p1a: Arcanine\n|-damage|p1a: Arcanine|0 fnt\n|faint|p1a: Arcanine\n|\n|-heal|p2b: Lugia|222/268|[from] item: Leftovers\n|upkeep\n|inactive|uuups has 60 seconds left.\n|inactive|Max Rayder has 120 seconds left.\n|inactive|uuups has 30 seconds left.\n|inactive|uuups has 20 seconds left.\n|\n|t:|1771040694\n|switch|p2a: Flutter Mane|Flutter Mane, L73|201/201\n|switch|p1a: Florges|Florges-White, L84, F|238/238\n|-activate|p1a: Florges|move: Sticky Web\n|-unboost|p1a: Florges|spe|1\n|turn|6\n|inactive|uuups has 30 seconds left.\n|\n|t:|1771040714\n|-terastallize|p1a: Florges|Poison\n|move|p1b: Articuno|Hurricane|p2a: Flutter Mane\n|-damage|p2a: Flutter Mane|48/201\n|-damage|p1b: Articuno|153/282|[from] item: Life Orb\n|move|p1a: Florges|Dark Pulse|p2b: Lugia\n|-supereffective|p2b: Lugia\n|-damage|p2b: Lugia|72/268\n|move|p2a: Flutter Mane|Shadow Ball|p1b: Articuno\n|-supereffective|p1b: Articuno\n|-damage|p1b: Articuno|0 fnt\n|faint|p1b: Articuno\n|move|p2b: Lugia|Calm Mind|p2b: Lugia\n|-boost|p2b: Lugia|spa|1\n|-boost|p2b: Lugia|spd|1\n|\n|-heal|p2b: Lugia|88/268|[from] item: Leftovers\n|upkeep\n|inactive|uuups has 30 seconds left this turn.\n|\n|t:|1771040723\n|switch|p1b: Florges|Florges-White, L84, F|268/268\n|-activate|p1b: Florges|move: Sticky Web\n|-unboost|p1b: Florges|spe|1\n|turn|7\n|inactive|Max Rayder has 120 seconds left.\n|\n|t:|1771040765\n|-terastallize|p2b: Lugia|Ground\n|move|p1a: Florges|Dark Pulse|p2b: Lugia\n|-damage|p2b: Lugia|34/268\n|move|p2a: Flutter Mane|Shadow Ball|p1a: Florges\n|-damage|p1a: Florges|60/238\n|replace|p1a: Zoroark|Zoroark, L84, M\n|-end|p1a: Zoroark|Illusion\n|-hint|Illusion Level Mod is active, so this Pokémon's true level was hidden.\n|move|p1b: Florges|Dazzling Gleam|p2b: Lugia|[spread] p2a,p2b\n|-damage|p2a: Flutter Mane|0 fnt\n|-damage|p2b: Lugia|6/268\n|faint|p2a: Flutter Mane\n|-end|p2a: Flutter Mane|Protosynthesis|[silent]\n|move|p2b: Lugia|Recover|p2b: Lugia\n|-heal|p2b: Lugia|140/268\n|\n|-heal|p2b: Lugia|156/268|[from] item: Leftovers\n|upkeep\n|\n|t:|1771040782\n|switch|p2a: Walking Wake|Walking Wake, L78|156/283\n|turn|8\n|inactive|Max Rayder has 120 seconds left.\n|inactive|uuups has 60 seconds left.\n|inactive|uuups has 30 seconds left.\n|inactive|uuups has 20 seconds left.\n|inactive|uuups has 15 seconds left.\n|inactive|uuups has 10 seconds left.\n|\n|t:|1771040851\n|move|p2a: Walking Wake|Protect|p2a: Walking Wake\n|-singleturn|p2a: Walking Wake|Protect\n|move|p1a: Zoroark|Dark Pulse|p2a: Walking Wake\n|-activate|p2a: Walking Wake|move: Protect\n|move|p1b: Florges|Dazzling Gleam|p2a: Walking Wake|[spread] p2b\n|-activate|p2a: Walking Wake|move: Protect\n|-damage|p2b: Lugia|128/268\n|move|p2b: Lugia|Earth Power|p1a: Zoroark\n|-supereffective|p1a: Zoroark\n|-damage|p1a: Zoroark|0 fnt\n|faint|p1a: Zoroark\n|\n|-heal|p2b: Lugia|144/268|[from] item: Leftovers\n|-sideend|p1: uuups|move: Tailwind\n|upkeep\n|turn|9\n|\n|t:|1771040869\n|move|p2a: Walking Wake|Hydro Pump|p1b: Florges\n|-damage|p1b: Florges|167/268\n|-damage|p2a: Walking Wake|128/283|[from] item: Life Orb\n|move|p2b: Lugia|Recover|p2b: Lugia\n|-heal|p2b: Lugia|268/268\n|move|p1b: Florges|Dazzling Gleam|p2b: Lugia|[spread] p2a,p2b\n|-supereffective|p2a: Walking Wake\n|-damage|p2a: Walking Wake|0 fnt\n|-damage|p2b: Lugia|253/268\n|faint|p2a: Walking Wake\n|-end|p2a: Walking Wake|Protosynthesis|[silent]\n|\n|-heal|p2b: Lugia|268/268|[from] item: Leftovers\n|-heal|p1b: Florges|183/268|[from] item: Leftovers\n|upkeep\n|inactive|Max Rayder has 120 seconds left.\n|\n|t:|1771040882\n|switch|p2a: Urshifu|Urshifu-Rapid-Strike, L75, M|274/274\n|turn|10\n|\n|t:|1771040890\n|move|p2b: Lugia|Earth Power|p1b: Florges\n|-damage|p1b: Florges|98/268\n|move|p2a: Urshifu|Surging Strikes|p1b: Florges\n|-crit|p1b: Florges\n|-damage|p1b: Florges|20/268\n|-crit|p1b: Florges\n|-damage|p1b: Florges|0 fnt\n|faint|p1b: Florges\n|-hitcount|p1: Florges|2\n|\n|win|Max Rayder\n|raw|uuups's rating: 1719 &rarr; <strong>1703</strong><br />(-16 for losing)\n|raw|Max Rayder's rating: 1797 &rarr; <strong>1813</strong><br />(+16 for winning)\n|l|☆uuups\n|player|p1|\n", "inputlog": ">version ccdc32dd7cde25fd9e4bed64820e885f66e78a4e\n>start {\"formatid\":\"gen9randomdoublesbattle\",\"seed\":\"sodium,2e54210e86f084e3be784c3b48c28440\",\"rated\":\"Rated battle\"}\n>player p1 {\"name\":\"uuups\",\"avatar\":\"266\",\"rating\":1719,\"seed\":\"sodium,209990350a9d20349b83db0a0ad3e081\"}\n>player p2 {\"name\":\"Max Rayder\",\"avatar\":\"170\",\"rating\":1797,\"seed\":\"sodium,d581d6ff643d7013fa386c9d14c3894a\"}\n>p1 move icebeam +1, switch 4\n>p2 move hydropump +2, switch 3\n>p1 move protect, move foulplay +2\n>p2 switch 3, move stickyweb\n>p1 move icebeam +2, move thunderwave +1\n>p2 move closecombat +2, move leafblade +1\n>p1 pass, switch 6\n>p2 pass, switch 5\n>p1 move icebeam +2, move freezingglare +1\n>p2 switch 4, move calmmind\n>p1 switch 4, pass\n>p1 move rockslide, move tailwind\n>p2 move bravebird +2, move earthpower +1\n>p1 switch 3, pass\n>p2 switch 6, pass\n>p1 move darkpulse +2 terastallize, move hurricane +1\n>p2 move shadowball +2, move calmmind\n>p1 pass, switch 5\n>p1 move darkpulse +2, move dazzlinggleam\n>p2 move shadowball +1, move recover terastallize\n>p2 switch 3, pass\n>p1 move darkpulse +1, move dazzlinggleam\n>p2 move protect, move earthpower +1\n>p1 pass, move dazzlinggleam\n>p2 move hydropump +2, move recover\n>p2 switch 4, pass\n>p1 pass, move calmmind\n>p2 move surgingstrikes +2, move earthpower +2", "uploadtime": 1771040901, "views": 79, "formatid": "gen9randomdoublesbattle", "rating": 1703, "private": 0, "password": null}