{"id": "gen9randomdoublesbattle-2537715034", "format": "[Gen 9] Random Doubles Battle", "players": ["mashing a", "Mcf1417"], "log": "|j|☆mashing a\n|j|☆Mcf1417\n|t:|1770841088\n|gametype|doubles\n|player|p1|mashing a|170|1755\n|player|p2|Mcf1417|1|1846\n|gen|9\n|tier|[Gen 9] Random Doubles Battle\n|rated|\n|rule|Species Clause: Limit one of each Pokémon\n|rule|HP Percentage Mod: HP is shown in percentages\n|rule|Illusion Level Mod: Illusion disguises the Pokémon's true level\n|rule|Sleep Clause Mod: Limit one foe put to sleep\n|\n|t:|1770841088\n|teamsize|p1|6\n|teamsize|p2|6\n|start\n|switch|p1a: Hydreigon|Hydreigon, L82, F|285/285\n|switch|p1b: Squawkabilly|Squawkabilly-Yellow, L91, M|297/297\n|switch|p2a: Swampert|Swampert, L82, M|298/298\n|switch|p2b: Trevenant|Trevenant, L88, M|293/293\n|-ability|p1b: Squawkabilly|Intimidate|boost\n|-unboost|p2a: Swampert|atk|1\n|-unboost|p2b: Trevenant|atk|1\n|turn|1\n|inactive|Battle timer is ON: inactive players will automatically lose when time's up. (requested by mashing a)\n|\n|t:|1770841112\n|switch|p2b: Duraludon|Duraludon, L83, F|252/252\n|move|p1b: Squawkabilly|Brave Bird|p2a: Swampert\n|-damage|p2a: Swampert|103/298\n|-damage|p1b: Squawkabilly|233/297|[from] Recoil\n|-damage|p1b: Squawkabilly|204/297|[from] item: Life Orb\n|move|p1a: Hydreigon|Dark Pulse|p2b: Duraludon\n|-damage|p2b: Duraludon|114/252\n|move|p2a: Swampert|Ice Beam|p1a: Hydreigon\n|-supereffective|p1a: Hydreigon\n|-damage|p1a: Hydreigon|173/285\n|\n|upkeep\n|turn|2\n|inactive|Mcf1417 has 120 seconds left.\n|\n|t:|1770841144\n|move|p1b: Squawkabilly|Brave Bird|p2a: Swampert\n|-damage|p2a: Swampert|0 fnt\n|faint|p2a: Swampert\n|-damage|p1b: Squawkabilly|170/297|[from] Recoil\n|-damage|p1b: Squawkabilly|141/297|[from] item: Life Orb\n|move|p1a: Hydreigon|Dark Pulse|p2b: Duraludon\n|-damage|p2b: Duraludon|0 fnt\n|faint|p2b: Duraludon\n|\n|upkeep\n|inactive|Mcf1417 has 120 seconds left.\n|\n|t:|1770841153\n|switch|p2b: Mandibuzz|Mandibuzz, L85, F|326/326\n|switch|p2a: Galvantula|Galvantula, L85, F|258/258\n|turn|3\n|\n|t:|1770841170\n|switch|p1b: Komala|Komala, L92, F|269/269\n|-ability|p1b: Komala|Comatose\n|switch|p1a: Raikou|Raikou, L81|278/278\n|move|p2a: Galvantula|Sticky Web|p1a: Raikou\n|-sidestart|p1: mashing a|move: Sticky Web\n|move|p2b: Mandibuzz|Tailwind|p2b: Mandibuzz\n|-sidestart|p2: Mcf1417|move: Tailwind\n|\n|upkeep\n|turn|4\n|\n|t:|1770841196\n|move|p2a: Galvantula|Bug Buzz|p1a: Raikou\n|-damage|p1a: Raikou|193/278\n|move|p2b: Mandibuzz|Knock Off|p1a: Raikou\n|-damage|p1a: Raikou|105/278\n|-enditem|p1a: Raikou|Sitrus Berry|[from] move: Knock Off|[of] p2b: Mandibuzz\n|move|p1a: Raikou|Volt Switch|p2b: Mandibuzz\n|-supereffective|p2b: Mandibuzz\n|-damage|p2b: Mandibuzz|176/326\n|\n|t:|1770841205\n|switch|p1a: Squawkabilly|Squawkabilly-Yellow, L91, M|141/297|[from] Volt Switch\n|-ability|p1a: Squawkabilly|Intimidate|boost\n|-unboost|p2a: Galvantula|atk|1\n|-unboost|p2b: Mandibuzz|atk|1\n|move|p1b: Komala|Rapid Spin|p2a: Galvantula\n|-damage|p2a: Galvantula|167/258\n|-boost|p1b: Komala|spe|1\n|-sideend|p1: mashing a|Sticky Web|[from] move: Rapid Spin|[of] p1b: Komala\n|\n|upkeep\n|turn|5\n|\n|t:|1770841219\n|move|p1a: Squawkabilly|Protect|p1a: Squawkabilly\n|-singleturn|p1a: Squawkabilly|Protect\n|move|p2a: Galvantula|Thunder|p1a: Squawkabilly\n|-activate|p1a: Squawkabilly|move: Protect\n|move|p2b: Mandibuzz|Knock Off|p1b: Komala\n|-damage|p1b: Komala|208/269\n|-enditem|p1b: Komala|Assault Vest|[from] move: Knock Off|[of] p2b: Mandibuzz\n|move|p1b: Komala|Rapid Spin|p2a: Galvantula\n|-damage|p2a: Galvantula|76/258\n|-boost|p1b: Komala|spe|1\n|-enditem|p2a: Galvantula|Sitrus Berry|[eat]\n|-heal|p2a: Galvantula|140/258|[from] item: Sitrus Berry\n|\n|upkeep\n|turn|6\n|\n|t:|1770841237\n|switch|p2b: Trevenant|Trevenant, L88, M|293/293\n|switch|p1a: Raikou|Raikou, L81|105/278\n|move|p2a: Galvantula|Bug Buzz|p1a: Raikou\n|-damage|p1a: Raikou|8/278\n|move|p1b: Komala|Double-Edge|p2b: Trevenant\n|-immune|p2b: Trevenant\n|\n|-sideend|p2: Mcf1417|move: Tailwind\n|upkeep\n|turn|7\n|\n|t:|1770841264\n|move|p2b: Trevenant|Protect|p2b: Trevenant\n|-singleturn|p2b: Trevenant|Protect\n|move|p1b: Komala|Double-Edge|p2a: Galvantula\n|-damage|p2a: Galvantula|0 fnt\n|faint|p2a: Galvantula\n|-damage|p1b: Komala|162/269|[from] Recoil\n|move|p1a: Raikou|Volt Switch|p2b: Trevenant\n|-activate|p2b: Trevenant|move: Protect\n|\n|upkeep\n|\n|t:|1770841270\n|switch|p2a: Veluza|Veluza, L88, M|302/302\n|turn|8\n|\n|t:|1770841285\n|move|p2a: Veluza|Aqua Jet|p1a: Raikou\n|-damage|p1a: Raikou|0 fnt\n|faint|p1a: Raikou\n|move|p1b: Komala|Knock Off|p2b: Trevenant\n|-supereffective|p2b: Trevenant\n|-damage|p2b: Trevenant|113/293\n|-enditem|p2b: Trevenant|Sitrus Berry|[from] move: Knock Off|[of] p1b: Komala\n|move|p2b: Trevenant|Trick Room|p2b: Trevenant\n|-fieldstart|move: Trick Room|[of] p2b: Trevenant\n|\n|upkeep\n|\n|t:|1770841294\n|switch|p1a: Squawkabilly|Squawkabilly-Yellow, L91, M|141/297\n|-ability|p1a: Squawkabilly|Intimidate|boost\n|-unboost|p2a: Veluza|atk|1\n|-unboost|p2b: Trevenant|atk|1\n|turn|9\n|\n|t:|1770841311\n|switch|p2a: Mandibuzz|Mandibuzz, L85, F|176/326\n|switch|p1b: Muk|Muk-Alola, L82, M|306/306\n|move|p2b: Trevenant|Protect|p2b: Trevenant\n|-singleturn|p2b: Trevenant|Protect\n|move|p1a: Squawkabilly|Protect||[still]\n|-fail|p1a: Squawkabilly\n|\n|upkeep\n|turn|10\n|\n|t:|1770841325\n|move|p1a: Squawkabilly|Protect|p1a: Squawkabilly\n|-singleturn|p1a: Squawkabilly|Protect\n|move|p2b: Trevenant|Poltergeist|p1b: Muk\n|-activate|p1b: Muk|move: Poltergeist|Sitrus Berry\n|-resisted|p1b: Muk\n|-damage|p1b: Muk|255/306\n|move|p1b: Muk|Gunk Shot|p2a: Mandibuzz\n|-damage|p2a: Mandibuzz|58/326\n|-enditem|p2a: Mandibuzz|Sitrus Berry|[eat]\n|-heal|p2a: Mandibuzz|139/326|[from] item: Sitrus Berry\n|move|p2a: Mandibuzz|Brave Bird|p1a: Squawkabilly\n|-activate|p1a: Squawkabilly|move: Protect\n|\n|upkeep\n|turn|11\n|\n|t:|1770841344\n|switch|p1a: Hydreigon|Hydreigon, L82, F|173/285\n|move|p2b: Trevenant|Wood Hammer|p1a: Hydreigon\n|-resisted|p1a: Hydreigon\n|-damage|p1a: Hydreigon|117/285\n|-damage|p2b: Trevenant|95/293|[from] Recoil\n|move|p1b: Muk|Gunk Shot|p2a: Mandibuzz|[miss]\n|-miss|p1b: Muk|p2a: Mandibuzz\n|move|p2a: Mandibuzz|Brave Bird|p1b: Muk\n|-damage|p1b: Muk|144/306\n|-enditem|p1b: Muk|Sitrus Berry|[eat]\n|-heal|p1b: Muk|220/306|[from] item: Sitrus Berry\n|-damage|p2a: Mandibuzz|102/326|[from] Recoil\n|\n|upkeep\n|turn|12\n|\n|t:|1770841371\n|move|p2b: Trevenant|Wood Hammer|p1b: Muk\n|-resisted|p1b: Muk\n|-damage|p1b: Muk|162/306\n|-damage|p2b: Trevenant|76/293|[from] Recoil\n|move|p1b: Muk|Knock Off|p2b: Trevenant\n|-supereffective|p2b: Trevenant\n|-damage|p2b: Trevenant|0 fnt\n|faint|p2b: Trevenant\n|move|p2a: Mandibuzz|Brave Bird|p1a: Hydreigon\n|-damage|p1a: Hydreigon|17/285\n|-damage|p2a: Mandibuzz|69/326|[from] Recoil\n|move|p1a: Hydreigon|Heat Wave|p2a: Mandibuzz|[miss]\n|-miss|p1a: Hydreigon|p2a: Mandibuzz\n|\n|-fieldend|move: Trick Room\n|upkeep\n|\n|t:|1770841373\n|switch|p2b: Veluza|Veluza, L88, M|302/302\n|turn|13\n|inactive|Mcf1417 has 120 seconds left.\n|\n|t:|1770841433\n|switch|p1a: Squawkabilly|Squawkabilly-Yellow, L91, M|141/297\n|-ability|p1a: Squawkabilly|Intimidate|boost\n|-unboost|p2a: Mandibuzz|atk|1\n|-unboost|p2b: Veluza|atk|1\n|move|p2b: Veluza|Aqua Jet|p1a: Squawkabilly\n|-damage|p1a: Squawkabilly|71/297\n|move|p2a: Mandibuzz|Roost|p2a: Mandibuzz\n|-heal|p2a: Mandibuzz|232/326\n|-singleturn|p2a: Mandibuzz|move: Roost\n|move|p1b: Muk|Knock Off|p2b: Veluza\n|-supereffective|p2b: Veluza\n|-damage|p2b: Veluza|86/302\n|-status|p2b: Veluza|psn|[from] ability: Poison Touch|[of] p1b: Muk\n|-enditem|p2b: Veluza|Choice Band|[from] move: Knock Off|[of] p1b: Muk\n|\n|-damage|p2b: Veluza|49/302 psn|[from] psn\n|upkeep\n|turn|14\n|\n|t:|1770841448\n|move|p1a: Squawkabilly|Protect|p1a: Squawkabilly\n|-singleturn|p1a: Squawkabilly|Protect\n|move|p1b: Muk|Protect|p1b: Muk\n|-singleturn|p1b: Muk|Protect\n|move|p2a: Mandibuzz|Brave Bird|p1a: Squawkabilly\n|-activate|p1a: Squawkabilly|move: Protect\n|move|p2b: Veluza|Aqua Cutter|p1b: Muk\n|-activate|p1b: Muk|move: Protect\n|\n|-damage|p2b: Veluza|12/302 psn|[from] psn\n|upkeep\n|turn|15\n|inactive|Mcf1417 has 120 seconds left.\n|\n|t:|1770841465\n|move|p1a: Squawkabilly|Quick Attack|p2b: Veluza\n|-damage|p2b: Veluza|0 fnt\n|faint|p2b: Veluza\n|-damage|p1a: Squawkabilly|42/297|[from] item: Life Orb\n|move|p2a: Mandibuzz|Tailwind|p2a: Mandibuzz\n|-sidestart|p2: Mcf1417|move: Tailwind\n|move|p1b: Muk|Gunk Shot|p2a: Mandibuzz\n|-damage|p2a: Mandibuzz|130/326\n|\n|upkeep\n|turn|16\n|\n|t:|1770841477\n|switch|p1a: Hydreigon|Hydreigon, L82, F|17/285\n|-terastallize|p2a: Mandibuzz|Steel\n|move|p1b: Muk|Protect|p1b: Muk\n|-singleturn|p1b: Muk|Protect\n|move|p2a: Mandibuzz|Brave Bird|p1b: Muk\n|-activate|p1b: Muk|move: Protect\n|\n|upkeep\n|turn|17\n|\n|t:|1770841489\n|move|p2a: Mandibuzz|Knock Off|p1a: Hydreigon\n|-resisted|p1a: Hydreigon\n|-damage|p1a: Hydreigon|0 fnt\n|-enditem|p1a: Hydreigon|Choice Specs|[from] move: Knock Off|[of] p2a: Mandibuzz\n|faint|p1a: Hydreigon\n|move|p1b: Muk|Knock Off|p2a: Mandibuzz\n|-damage|p2a: Mandibuzz|73/326\n|\n|upkeep\n|\n|t:|1770841501\n|switch|p1a: Komala|Komala, L92, F|162/269\n|-ability|p1a: Komala|Comatose\n|turn|18\n|\n|t:|1770841507\n|move|p2a: Mandibuzz|Roost|p2a: Mandibuzz\n|-heal|p2a: Mandibuzz|236/326\n|move|p1a: Komala|Superpower|p2a: Mandibuzz\n|-supereffective|p2a: Mandibuzz\n|-damage|p2a: Mandibuzz|20/326\n|-unboost|p1a: Komala|atk|1\n|-unboost|p1a: Komala|def|1\n|move|p1b: Muk|Knock Off|p2a: Mandibuzz\n|-damage|p2a: Mandibuzz|0 fnt\n|faint|p2a: Mandibuzz\n|\n|win|mashing a\n|raw|mashing a's rating: 1755 &rarr; <strong>1780</strong><br />(+25 for winning)\n|raw|Mcf1417's rating: 1846 &rarr; <strong>1821</strong><br />(-25 for losing)\n|l|☆Mcf1417\n|player|p2|\n", "inputlog": ">version ccdc32dd7cde25fd9e4bed64820e885f66e78a4e\n>start {\"formatid\":\"gen9randomdoublesbattle\",\"seed\":\"sodium,e965df749b26772d5014974f0e9bb0bc\",\"rated\":\"Rated battle\"}\n>player p1 {\"name\":\"mashing a\",\"avatar\":\"170\",\"rating\":1755,\"seed\":\"sodium,702cb4361e346da8b170e8689aea61ee\"}\n>player p2 {\"name\":\"Mcf1417\",\"avatar\":\"1\",\"rating\":1846,\"seed\":\"sodium,8fc231749c4f7944323f8581dfc39e71\"}\n>p1 move darkpulse +2, move bravebird +1\n>p2 move icebeam +1, switch 6\n>p1 move darkpulse +2, move bravebird +1\n>p2 move icebeam +2, move bodypress +1\n>p2 switch 5, switch 4\n>p1 switch 6, switch 4\n>p2 move stickyweb, move tailwind\n>p1 move voltswitch +2, move rapidspin +1\n>p2 move bugbuzz +1, move knockoff +1\n>p1 switch 4, pass\n>p1 move protect, move rapidspin +1\n>p2 move thunder +1, move knockoff +2\n>p1 switch 4, move doubleedge +2\n>p2 move bugbuzz +1, switch 6\n>p1 move voltswitch +2, move doubleedge +1\n>p2 move voltswitch +1, move protect\n>p2 switch 3, pass\n>p1 move voltswitch +1, move knockoff +2\n>p2 move aquajet +1, move trickroom\n>p1 switch 4, pass\n>p1 move protect, switch 3\n>p2 switch 6, move protect\n>p1 move protect, move gunkshot +1\n>p2 move bravebird +1, move poltergeist +2\n>p1 switch 6, move gunkshot +1\n>p2 move bravebird +2, move woodhammer +1\n>p1 move heatwave, move knockoff +2\n>p2 move bravebird +1, move woodhammer +2\n>p2 pass, switch 6\n>p1 switch 6, move knockoff +2\n>p2 move roost, move aquajet +1\n>p1 move protect, move protect\n>p2 move bravebird +1, move aquacutter +2\n>p1 move quickattack +2, move gunkshot +1\n>p2 move tailwind, move aquajet +1\n>p1 switch 6, move protect\n>p2 move bravebird +2 terastallize, pass\n>p1 move heatwave, move knockoff +1\n>p2 move knockoff +1, pass\n>p1 switch 3, pass\n>p1 move superpower +1, move knockoff +1\n>p2 move roost, pass", "uploadtime": 1770841516, "views": 69, "formatid": "gen9randomdoublesbattle", "rating": 1780, "private": 0, "password": null}