{"id": "gen9randomdoublesbattle-2537595801", "format": "[Gen 9] Random Doubles Battle", "players": ["Spyrai", "TheAlternativeHero"], "log": "|j|☆Spyrai\n|j|☆TheAlternativeHero\n|t:|1770830531\n|gametype|doubles\n|player|p1|Spyrai|guitarist|1569\n|player|p2|TheAlternativeHero|silver-masters|1480\n|gen|9\n|tier|[Gen 9] Random Doubles Battle\n|rated|\n|rule|Species Clause: Limit one of each Pokémon\n|rule|HP Percentage Mod: HP is shown in percentages\n|rule|Illusion Level Mod: Illusion disguises the Pokémon's true level\n|rule|Sleep Clause Mod: Limit one foe put to sleep\n|\n|t:|1770830531\n|teamsize|p1|6\n|teamsize|p2|6\n|start\n|switch|p1a: Zarude|Zarude-Dada, L80|299/299\n|switch|p1b: Vigoroth|Vigoroth, L91, M|293/293\n|switch|p2a: Quaquaval|Quaquaval, L82, M|274/274\n|switch|p2b: Feraligatr|Feraligatr, L82, M|274/274\n|turn|1\n|inactive|Battle timer is ON: inactive players will automatically lose when time's up. (requested by Spyrai)\n|\n|t:|1770830561\n|move|p1b: Vigoroth|Thunder Wave|p2a: Quaquaval\n|-status|p2a: Quaquaval|par\n|move|p1a: Zarude|Power Whip|p2a: Quaquaval\n|-supereffective|p2a: Quaquaval\n|-damage|p2a: Quaquaval|0 fnt\n|faint|p2a: Quaquaval\n|-damage|p1a: Zarude|270/299|[from] item: Life Orb\n|move|p2b: Feraligatr|Ice Punch|p1a: Zarude\n|-supereffective|p1a: Zarude\n|-damage|p1a: Zarude|101/299\n|\n|upkeep\n|\n|t:|1770830573\n|switch|p2a: Arbok|Arbok, L88, F|249/249\n|-ability|p2a: Arbok|Intimidate|boost\n|-unboost|p1a: Zarude|atk|1\n|-unboost|p1b: Vigoroth|atk|1\n|turn|2\n|\n|t:|1770830586\n|switch|p2b: Dipplin|Dipplin, L92, F|297/297\n|move|p1b: Vigoroth|Thunder Wave|p2b: Dipplin\n|-status|p2b: Dipplin|par\n|move|p1a: Zarude|Power Whip|p2b: Dipplin\n|-resisted|p2b: Dipplin\n|-damage|p2b: Dipplin|280/297 par\n|-damage|p1a: Zarude|72/299|[from] item: Life Orb\n|move|p2a: Arbok|Toxic Spikes|p1b: Vigoroth\n|-sidestart|p1: Spyrai|move: Toxic Spikes\n|\n|upkeep\n|turn|3\n|\n|t:|1770830608\n|move|p1b: Vigoroth|Thunder Wave|p2a: Arbok\n|-status|p2a: Arbok|par\n|move|p1a: Zarude|Knock Off|p2a: Arbok\n|-damage|p2a: Arbok|139/249 par\n|-enditem|p2a: Arbok|Sitrus Berry|[from] move: Knock Off|[of] p1a: Zarude\n|-damage|p1a: Zarude|43/299|[from] item: Life Orb\n|move|p2a: Arbok|Glare|p1b: Vigoroth\n|-status|p1b: Vigoroth|par\n|move|p2b: Dipplin|Pollen Puff|p1a: Zarude\n|-supereffective|p1a: Zarude\n|-crit|p1a: Zarude\n|-damage|p1a: Zarude|0 fnt\n|faint|p1a: Zarude\n|\n|upkeep\n|inactive|Spyrai has 120 seconds left.\n|\n|t:|1770830632\n|switch|p1a: Torkoal|Torkoal, L86, F|261/261\n|-status|p1a: Torkoal|psn\n|-weather|SunnyDay|[from] ability: Drought|[of] p1a: Torkoal\n|turn|4\n|\n|t:|1770830651\n|switch|p1b: Electabuzz|Electabuzz, L84, M|246/246\n|-status|p1b: Electabuzz|psn\n|move|p2a: Arbok|Toxic Spikes|p1a: Torkoal\n|-sidestart|p1: Spyrai|move: Toxic Spikes\n|move|p1a: Torkoal|Heat Wave|p2a: Arbok|[spread] p2a,p2b\n|-damage|p2a: Arbok|30/249 par\n|-damage|p2b: Dipplin|216/297 par\n|move|p2b: Dipplin|Pollen Puff|p2a: Arbok\n|-heal|p2a: Arbok|154/249 par\n|\n|-weather|SunnyDay|[upkeep]\n|-damage|p1b: Electabuzz|216/246 psn|[from] psn\n|-damage|p1a: Torkoal|229/261 psn|[from] psn\n|upkeep\n|turn|5\n|\n|t:|1770830668\n|move|p1b: Electabuzz|Electroweb|p2a: Arbok|[spread] p2a,p2b\n|-resisted|p2b: Dipplin\n|-damage|p2a: Arbok|109/249 par\n|-damage|p2b: Dipplin|209/297 par\n|-unboost|p2a: Arbok|spe|1\n|-unboost|p2b: Dipplin|spe|1\n|move|p1a: Torkoal|Heat Wave|p2b: Dipplin|[spread] p2a\n|-miss|p1a: Torkoal|p2b: Dipplin\n|-damage|p2a: Arbok|0 fnt\n|faint|p2a: Arbok\n|cant|p2b: Dipplin|par\n|\n|-weather|SunnyDay|[upkeep]\n|-damage|p1b: Electabuzz|186/246 psn|[from] psn\n|-damage|p1a: Torkoal|197/261 psn|[from] psn\n|upkeep\n|\n|t:|1770830681\n|switch|p2a: Greedent|Greedent, L86, M|347/347\n|turn|6\n|\n|t:|1770830689\n|move|p1b: Electabuzz|Thunderbolt|p2a: Greedent\n|-damage|p2a: Greedent|253/347\n|move|p1a: Torkoal|Body Press|p2a: Greedent\n|-supereffective|p2a: Greedent\n|-damage|p2a: Greedent|107/347\n|-enditem|p2a: Greedent|Sitrus Berry|[eat]\n|-heal|p2a: Greedent|193/347|[from] item: Sitrus Berry\n|-heal|p2a: Greedent|308/347|[from] ability: Cheek Pouch\n|move|p2a: Greedent|High Horsepower|p1a: Torkoal\n|-supereffective|p1a: Torkoal\n|-damage|p1a: Torkoal|109/261 psn\n|-enditem|p1a: Torkoal|Sitrus Berry|[eat]\n|-heal|p1a: Torkoal|174/261 psn|[from] item: Sitrus Berry\n|move|p2b: Dipplin|Syrup Bomb|p1b: Electabuzz\n|-damage|p1b: Electabuzz|137/246 psn\n|-start|p1b: Electabuzz|Syrup Bomb\n|\n|-weather|SunnyDay|[upkeep]\n|-damage|p1b: Electabuzz|107/246 psn|[from] psn\n|-damage|p1a: Torkoal|142/261 psn|[from] psn\n|-unboost|p1b: Electabuzz|spe|1\n|upkeep\n|turn|7\n|inactive|TheAlternativeHero has 120 seconds left.\n|\n|t:|1770830720\n|move|p1b: Electabuzz|Thunderbolt|p2a: Greedent\n|-damage|p2a: Greedent|206/347\n|move|p1a: Torkoal|Body Press|p2a: Greedent\n|-supereffective|p2a: Greedent\n|-damage|p2a: Greedent|56/347\n|move|p2a: Greedent|High Horsepower|p1a: Torkoal\n|-supereffective|p1a: Torkoal\n|-crit|p1a: Torkoal\n|-damage|p1a: Torkoal|0 fnt\n|faint|p1a: Torkoal\n|move|p2b: Dipplin|Dragon Pulse|p1b: Electabuzz\n|-damage|p1b: Electabuzz|37/246 psn\n|\n|-weather|SunnyDay|[upkeep]\n|-damage|p1b: Electabuzz|7/246 psn|[from] psn\n|-unboost|p1b: Electabuzz|spe|1\n|upkeep\n|inactive|Spyrai has 120 seconds left.\n|\n|t:|1770830735\n|switch|p1a: Mienshao|Mienshao, L84, F|246/246\n|-status|p1a: Mienshao|tox\n|turn|8\n|\n|t:|1770830747\n|move|p1a: Mienshao|Fake Out|p2a: Greedent\n|-damage|p2a: Greedent|23/347\n|move|p1b: Electabuzz|Electroweb|p2b: Dipplin|[spread] p2a,p2b\n|-resisted|p2b: Dipplin\n|-damage|p2a: Greedent|0 fnt\n|-damage|p2b: Dipplin|202/297 par\n|-unboost|p2b: Dipplin|spe|1\n|faint|p2a: Greedent\n|move|p2b: Dipplin|Syrup Bomb|p1a: Mienshao\n|-damage|p1a: Mienshao|180/246 tox\n|-start|p1a: Mienshao|Syrup Bomb\n|\n|-weather|none\n|-damage|p1a: Mienshao|165/246 tox|[from] psn\n|-damage|p1b: Electabuzz|0 fnt|[from] psn\n|faint|p1b: Electabuzz\n|-unboost|p1a: Mienshao|spe|1\n|upkeep\n|\n|t:|1770830764\n|switch|p1b: Vigoroth|Vigoroth, L91, M|293/293 par\n|switch|p2a: Feraligatr|Feraligatr, L82, M|274/274\n|turn|9\n|\n|t:|1770830775\n|switch|p1a: Whiscash|Whiscash, L88, M|337/337\n|-status|p1a: Whiscash|tox\n|move|p2a: Feraligatr|Liquidation|p1b: Vigoroth\n|-damage|p1b: Vigoroth|198/293 par\n|move|p1b: Vigoroth|Thunder Wave|p2a: Feraligatr\n|-status|p2a: Feraligatr|par\n|move|p2b: Dipplin|Dragon Pulse|p1a: Whiscash\n|-damage|p1a: Whiscash|211/337 tox\n|\n|-damage|p1a: Whiscash|190/337 tox|[from] psn\n|upkeep\n|turn|10\n|\n|t:|1770830794\n|move|p1a: Whiscash|Muddy Water|p2b: Dipplin|[spread] p2a,p2b\n|-resisted|p2a: Feraligatr\n|-resisted|p2b: Dipplin\n|-damage|p2a: Feraligatr|241/274 par\n|-damage|p2b: Dipplin|192/297 par\n|cant|p1b: Vigoroth|par\n|move|p2a: Feraligatr|Swords Dance|p2a: Feraligatr\n|-boost|p2a: Feraligatr|atk|2\n|move|p2b: Dipplin|Syrup Bomb|p1a: Whiscash\n|-supereffective|p1a: Whiscash\n|-damage|p1a: Whiscash|0 fnt\n|faint|p1a: Whiscash\n|\n|upkeep\n|\n|t:|1770830801\n|switch|p1a: Mienshao|Mienshao, L84, F|246/246 tox\n|turn|11\n|\n|t:|1770830817\n|move|p1a: Mienshao|Fake Out|p2a: Feraligatr\n|-damage|p2a: Feraligatr|208/274 par\n|cant|p2a: Feraligatr|flinch\n|cant|p1b: Vigoroth|par\n|move|p2b: Dipplin|Syrup Bomb|p1a: Mienshao\n|-damage|p1a: Mienshao|176/246 tox\n|-start|p1a: Mienshao|Syrup Bomb\n|\n|-damage|p1a: Mienshao|161/246 tox|[from] psn\n|-unboost|p1a: Mienshao|spe|1\n|upkeep\n|turn|12\n|\n|t:|1770830831\n|cant|p2a: Feraligatr|par\n|move|p1a: Mienshao|U-turn|p2b: Dipplin\n|-supereffective|p2b: Dipplin\n|-damage|p2b: Dipplin|130/297 par\n|move|p1b: Vigoroth|Knock Off|p2a: Feraligatr\n|-damage|p2a: Feraligatr|148/274 par\n|-enditem|p2a: Feraligatr|Life Orb|[from] move: Knock Off|[of] p1b: Vigoroth\n|move|p2b: Dipplin|Pollen Puff|p2a: Feraligatr\n|-heal|p2a: Feraligatr|274/274 par\n|\n|-damage|p1a: Mienshao|131/246 tox|[from] psn\n|-unboost|p1a: Mienshao|spe|1\n|upkeep\n|turn|13\n|\n|t:|1770830851\n|cant|p2a: Feraligatr|par\n|move|p1a: Mienshao|U-turn|p2b: Dipplin\n|-supereffective|p2b: Dipplin\n|-damage|p2b: Dipplin|62/297 par\n|move|p1b: Vigoroth|Double-Edge|p2a: Feraligatr\n|-damage|p2a: Feraligatr|157/274 par\n|-damage|p1b: Vigoroth|159/293 par|[from] Recoil\n|move|p2b: Dipplin|Dragon Pulse|p1b: Vigoroth\n|-damage|p1b: Vigoroth|75/293 par\n|\n|-damage|p1a: Mienshao|86/246 tox|[from] psn\n|-unboost|p1a: Mienshao|spe|1\n|upkeep\n|turn|14\n|\n|t:|1770830871\n|cant|p2a: Feraligatr|par\n|move|p1b: Vigoroth|Double-Edge|p2a: Feraligatr\n|-damage|p2a: Feraligatr|42/274 par\n|-damage|p1b: Vigoroth|37/293 par|[from] Recoil\n|move|p1a: Mienshao|U-turn|p2b: Dipplin\n|-supereffective|p2b: Dipplin\n|-damage|p2b: Dipplin|0 fnt\n|faint|p2b: Dipplin\n|-end|p1a: Mienshao|Syrup Bomb|[silent]\n|\n|-damage|p1a: Mienshao|26/246 tox|[from] psn\n|upkeep\n|\n|t:|1770830883\n|switch|p2b: Sceptile|Sceptile, L88, M|266/266\n|turn|15\n|\n|t:|1770830891\n|move|p2b: Sceptile|Protect|p2b: Sceptile\n|-singleturn|p2b: Sceptile|Protect\n|cant|p2a: Feraligatr|par\n|move|p1b: Vigoroth|Thunder Wave|p2b: Sceptile\n|-activate|p2b: Sceptile|move: Protect\n|move|p1a: Mienshao|U-turn|p2b: Sceptile\n|-activate|p2b: Sceptile|move: Protect\n|\n|-damage|p1a: Mienshao|0 fnt|[from] psn\n|faint|p1a: Mienshao\n|upkeep\n|turn|16\n|\n|t:|1770830905\n|-terastallize|p1b: Vigoroth|Ghost\n|move|p2a: Feraligatr|Aqua Jet|p1b: Vigoroth\n|-damage|p1b: Vigoroth|0 fnt\n|faint|p1b: Vigoroth\n|\n|win|TheAlternativeHero\n|raw|Spyrai's rating: 1569 &rarr; <strong>1544</strong><br />(-25 for losing)\n|raw|TheAlternativeHero's rating: 1480 &rarr; <strong>1505</strong><br />(+25 for winning)\n|l|☆Spyrai\n|player|p1|\n", "inputlog": ">version ccdc32dd7cde25fd9e4bed64820e885f66e78a4e\n>start {\"formatid\":\"gen9randomdoublesbattle\",\"seed\":\"sodium,a3ce8d31e0c8bb2a3f6b37aac953c7b0\",\"rated\":\"Rated battle\"}\n>player p1 {\"name\":\"Spyrai\",\"avatar\":\"guitarist\",\"rating\":1569,\"seed\":\"sodium,902ec00fc66f4c8760ed605f48b8d0d1\"}\n>player p2 {\"name\":\"TheAlternativeHero\",\"avatar\":\"silver-masters\",\"rating\":1480,\"seed\":\"sodium,a9061f89ce62f9daa6d4b2309734273c\"}\n>p1 move powerwhip +1, move thunderwave +1\n>p2 move aquastep +2, move icepunch +1\n>p2 switch 4, pass\n>p1 move powerwhip +2, move thunderwave +2\n>p2 move toxicspikes, switch 5\n>p1 move knockoff +1, move thunderwave +1\n>p2 move glare +2, move pollenpuff +1\n>p1 switch 5, pass\n>p1 move heatwave, switch 6\n>p2 move toxicspikes, move pollenpuff -1\n>p1 move heatwave, move electroweb\n>p2 move knockoff +2, move syrupbomb +2\n>p2 switch 3, pass\n>p1 move bodypress +1, move thunderbolt +1\n>p2 move highhorsepower +1, move syrupbomb +2\n>p1 move bodypress +1, move thunderbolt +1\n>p2 move highhorsepower +1, move dragonpulse +2\n>p1 switch 4, pass\n>p1 move fakeout +1, move electroweb\n>p2 move doubleedge +1, move syrupbomb +1\n>p1 pass, switch 6\n>p2 switch 5, pass\n>p1 switch 3, move thunderwave +1\n>p2 move liquidation +2, move dragonpulse +1\n>p1 move muddywater, move knockoff +1\n>p2 move swordsdance, move syrupbomb +1\n>p1 switch 3, pass\n>p1 move fakeout +1, move knockoff +1\n>p2 move aquajet +1, move syrupbomb +1\n>p1 move uturn +2, move knockoff +1\n>p2 move aquajet +1, move pollenpuff -1\n>p1 move uturn +2, move doubleedge +1\n>p2 move aquajet +1, move dragonpulse +2\n>p1 move uturn +2, move doubleedge +1\n>p2 move aquajet +1, move dragonpulse +2\n>p2 pass, switch 6\n>p1 move uturn +2, move thunderwave +2\n>p2 move aquajet +2, move protect\n>p1 pass, move thunderwave +2 terastallize\n>p2 move aquajet +2, move breakingswipe", "uploadtime": 1770830927, "views": 74, "formatid": "gen9randomdoublesbattle", "rating": 1505, "private": 0, "password": null}