{"id": "gen9randomdoublesbattle-2534485565", "format": "[Gen 9] Random Doubles Battle", "players": ["dub101", "Mark Gatz"], "log": "|j|‽dub101\n|j|☆Mark Gatz\n|t:|1770426993\n|gametype|doubles\n|player|p1|dub101|rood|1725\n|player|p2|Mark Gatz|steven|1605\n|gen|9\n|tier|[Gen 9] Random Doubles Battle\n|rated|\n|rule|Species Clause: Limit one of each Pokémon\n|rule|HP Percentage Mod: HP is shown in percentages\n|rule|Illusion Level Mod: Illusion disguises the Pokémon's true level\n|rule|Sleep Clause Mod: Limit one foe put to sleep\n|\n|t:|1770426993\n|teamsize|p1|6\n|teamsize|p2|6\n|start\n|switch|p1a: Arceus|Arceus-Ice, L73|296/296\n|switch|p1b: Muk|Muk-Alola, L82, M|306/306\n|switch|p2a: Lokix|Lokix, L88, F|268/268\n|switch|p2b: Magnezone|Magnezone, L84|255/255\n|turn|1\n|inactive|Battle timer is ON: inactive players will automatically lose when time's up. (requested by dub101)\n|inactive|Mark Gatz has 120 seconds left.\n|\n|t:|1770427028\n|switch|p1a: Toedscruel|Toedscruel, L87, M|281/281\n|move|p2a: Lokix|First Impression|p1b: Muk\n|-damage|p1b: Muk|146/306\n|-enditem|p1b: Muk|Sitrus Berry|[eat]\n|-heal|p1b: Muk|222/306|[from] item: Sitrus Berry\n|-damage|p2a: Lokix|242/268|[from] item: Life Orb\n|move|p2b: Magnezone|Flash Cannon|p1a: Toedscruel\n|-damage|p1a: Toedscruel|197/281\n|move|p1b: Muk|Poison Jab|p2a: Lokix\n|-crit|p2a: Lokix\n|-damage|p2a: Lokix|115/268\n|-status|p2a: Lokix|psn\n|\n|-damage|p2a: Lokix|82/268 psn|[from] psn\n|upkeep\n|turn|2\n|\n|t:|1770427050\n|move|p1a: Toedscruel|Earth Power|p2b: Magnezone\n|-supereffective|p2b: Magnezone\n|-ability|p2b: Magnezone|Sturdy\n|-damage|p2b: Magnezone|1/255\n|-enditem|p2b: Magnezone|Sitrus Berry|[eat]\n|-heal|p2b: Magnezone|64/255|[from] item: Sitrus Berry\n|move|p2a: Lokix|U-turn|p1a: Toedscruel\n|-supereffective|p1a: Toedscruel\n|-damage|p1a: Toedscruel|0 fnt\n|faint|p1a: Toedscruel\n|-damage|p2a: Lokix|56/268 psn|[from] item: Life Orb\n|\n|t:|1770427061\n|switch|p2a: Donphan|Donphan, L87, F|298/298|[from] U-turn\n|move|p2b: Magnezone|Thunderbolt|p1b: Muk\n|-damage|p1b: Muk|113/306\n|move|p1b: Muk|Poison Jab|p2a: Donphan\n|-resisted|p2a: Donphan\n|-damage|p2a: Donphan|265/298\n|\n|upkeep\n|\n|t:|1770427066\n|switch|p1a: Arceus|Arceus-Ice, L73|296/296\n|turn|3\n|\n|t:|1770427082\n|move|p1a: Arceus|Judgment|p2a: Donphan\n|-supereffective|p2a: Donphan\n|-damage|p2a: Donphan|59/298\n|move|p2b: Magnezone|Flash Cannon|p1a: Arceus\n|-supereffective|p1a: Arceus\n|-damage|p1a: Arceus|110/296\n|move|p2a: Donphan|High Horsepower|p1b: Muk\n|-supereffective|p1b: Muk\n|-damage|p1b: Muk|0 fnt\n|faint|p1b: Muk\n|\n|upkeep\n|\n|t:|1770427094\n|switch|p1b: Oricorio|Oricorio-Pom-Pom, L83, M|260/260\n|turn|4\n|\n|t:|1770427106\n|-terastallize|p1b: Oricorio|Ground\n|move|p2a: Donphan|Ice Shard|p1b: Oricorio\n|-supereffective|p1b: Oricorio\n|-damage|p1b: Oricorio|172/260\n|move|p1a: Arceus|Judgment|p2a: Donphan\n|-supereffective|p2a: Donphan\n|-damage|p2a: Donphan|0 fnt\n|faint|p2a: Donphan\n|move|p1b: Oricorio|Revelation Dance|p2b: Magnezone\n|-supereffective|p2b: Magnezone\n|-damage|p2b: Magnezone|0 fnt\n|faint|p2b: Magnezone\n|\n|upkeep\n|\n|t:|1770427120\n|switch|p2b: Bruxish|Bruxish, L86, F|257/257\n|switch|p2a: Lokix|Lokix, L88, F|56/268 psn\n|turn|5\n|\n|t:|1770427138\n|switch|p1a: Wigglytuff|Wigglytuff, L91, F|403/403\n|move|p2a: Lokix|First Impression|p1b: Oricorio\n|-crit|p1b: Oricorio\n|-damage|p1b: Oricorio|0 fnt\n|faint|p1b: Oricorio\n|-damage|p2a: Lokix|30/268 psn|[from] item: Life Orb\n|move|p2b: Bruxish|Wave Crash|p1a: Wigglytuff\n|-damage|p1a: Wigglytuff|115/403\n|-enditem|p1a: Wigglytuff|Sitrus Berry|[eat]\n|-heal|p1a: Wigglytuff|215/403|[from] item: Sitrus Berry\n|-damage|p2b: Bruxish|162/257|[from] Recoil\n|\n|-damage|p2a: Lokix|0 fnt|[from] psn\n|faint|p2a: Lokix\n|upkeep\n|\n|t:|1770427154\n|switch|p2a: Entei|Entei, L77|304/304\n|switch|p1b: Metagross|Metagross, L80|259/259\n|turn|6\n|\n|t:|1770427163\n|move|p1b: Metagross|Protect|p1b: Metagross\n|-singleturn|p1b: Metagross|Protect\n|move|p2b: Bruxish|Wave Crash|p1a: Wigglytuff\n|-damage|p1a: Wigglytuff|0 fnt\n|faint|p1a: Wigglytuff\n|-damage|p2b: Bruxish|91/257|[from] Recoil\n|move|p2a: Entei|Flare Blitz|p1b: Metagross\n|-activate|p1b: Metagross|move: Protect\n|\n|upkeep\n|\n|t:|1770427168\n|switch|p1a: Arceus|Arceus-Ice, L73|110/296\n|turn|7\n|\n|t:|1770427176\n|move|p1a: Arceus|Thunderbolt|p2b: Bruxish\n|-supereffective|p2b: Bruxish\n|-damage|p2b: Bruxish|0 fnt\n|faint|p2b: Bruxish\n|move|p2a: Entei|Flare Blitz|p1b: Metagross\n|-supereffective|p1b: Metagross\n|-crit|p1b: Metagross\n|-damage|p1b: Metagross|0 fnt\n|faint|p1b: Metagross\n|-damage|p2a: Entei|219/304|[from] Recoil\n|\n|upkeep\n|\n|t:|1770427185\n|switch|p2b: Virizion|Virizion, L86|297/297\n|turn|8\n|\n|t:|1770427191\n|move|p2b: Virizion|Leaf Storm|p1a: Arceus\n|-damage|p1a: Arceus|0 fnt\n|-unboost|p2b: Virizion|spa|2\n|faint|p1a: Arceus\n|\n|win|Mark Gatz\n|raw|dub101's rating: 1725 &rarr; <strong>1698</strong><br />(-27 for losing)\n|raw|Mark Gatz's rating: 1605 &rarr; <strong>1632</strong><br />(+27 for winning)\n", "inputlog": ">version ccdc32dd7cde25fd9e4bed64820e885f66e78a4e\n>start {\"formatid\":\"gen9randomdoublesbattle\",\"seed\":\"sodium,dc9803bf1cab1c4d214d4a94f480380a\",\"rated\":\"Rated battle\"}\n>player p1 {\"name\":\"dub101\",\"avatar\":\"rood\",\"rating\":1725,\"seed\":\"sodium,547f070cf40a5bf224b9f7661b25b697\"}\n>player p2 {\"name\":\"Mark Gatz\",\"avatar\":\"steven\",\"rating\":1605,\"seed\":\"sodium,6bfdfbb10d56b2aa83a69aba00c17e60\"}\n>p1 switch 3, move poisonjab +1\n>p2 move firstimpression +2, move flashcannon +1\n>p1 move earthpower +2, move poisonjab +1\n>p2 move uturn +1, move thunderbolt +2\n>p2 switch 3, pass\n>p1 switch 3, pass\n>p1 move judgment +1, move knockoff +2\n>p2 move highhorsepower +2, move flashcannon +1\n>p1 pass, switch 6\n>p1 move judgment +1, move revelationdance +2 terastallize\n>p2 move iceshard +2, move electroweb\n>p2 switch 3, switch 5\n>p1 switch 5, move tailwind\n>p2 move firstimpression +2, move wavecrash +1\n>p1 pass, switch 4\n>p2 switch 6, pass\n>p1 move icywind, move protect\n>p2 move flareblitz +2, move wavecrash +1\n>p1 switch 5, pass\n>p1 move thunderbolt +2, move agility\n>p2 move flareblitz +2, move wavecrash +1\n>p2 pass, switch 4\n>p1 move judgment +2, pass\n>p2 move flareblitz +1, move leafstorm +1", "uploadtime": 1770427199, "views": 88, "formatid": "gen9randomdoublesbattle", "rating": 1632, "private": 0, "password": null}