{"id": "gen9randomdoublesbattle-2539007474", "format": "[Gen 9] Random Doubles Battle", "players": ["lepokemonplayer23", "Crygel"], "log": "|j|☆lepokemonplayer23\n|j|☆Crygel\n|t:|1771002286\n|gametype|doubles\n|player|p1|lepokemonplayer23|169|1687\n|player|p2|Crygel|will|1767\n|gen|9\n|tier|[Gen 9] Random Doubles Battle\n|rated|\n|rule|Species Clause: Limit one of each Pokémon\n|rule|HP Percentage Mod: HP is shown in percentages\n|rule|Illusion Level Mod: Illusion disguises the Pokémon's true level\n|rule|Sleep Clause Mod: Limit one foe put to sleep\n|\n|t:|1771002286\n|teamsize|p1|6\n|teamsize|p2|6\n|start\n|switch|p1a: Incineroar|Incineroar, L78, F|276/276\n|switch|p1b: Reuniclus|Reuniclus, L84, M|322/322\n|switch|p2a: Heracross|Heracross, L82, M|265/265\n|switch|p2b: Brute Bonnet|Brute Bonnet, L80|309/309\n|-ability|p1a: Incineroar|Intimidate|boost\n|-unboost|p2a: Heracross|atk|1\n|-unboost|p2b: Brute Bonnet|atk|1\n|turn|1\n|inactive|Battle timer is ON: inactive players will automatically lose when time's up. (requested by Crygel)\n|\n|t:|1771002317\n|move|p1a: Incineroar|Fake Out|p2a: Heracross\n|-damage|p2a: Heracross|233/265\n|cant|p2a: Heracross|flinch\n|move|p2b: Brute Bonnet|Spore|p1b: Reuniclus\n|-status|p1b: Reuniclus|slp|[from] move: Spore\n|cant|p1b: Reuniclus|slp\n|\n|upkeep\n|turn|2\n|inactive|lepokemonplayer23 has 120 seconds left.\n|inactive|Crygel has 120 seconds left.\n|\n|t:|1771002360\n|-end|p2b: Brute Bonnet|Protosynthesis|[silent]\n|switch|p2b: Araquanid|Araquanid, L84, M|251/251\n|move|p2a: Heracross|Megahorn|p1b: Reuniclus\n|-supereffective|p1b: Reuniclus\n|-damage|p1b: Reuniclus|106/322 slp\n|move|p1a: Incineroar|Flare Blitz|p2b: Araquanid\n|-damage|p2b: Araquanid|193/251\n|-damage|p1a: Incineroar|257/276|[from] Recoil\n|-curestatus|p1b: Reuniclus|slp|[msg]\n|move|p1b: Reuniclus|Trick Room|p1b: Reuniclus\n|-fieldstart|move: Trick Room|[of] p1b: Reuniclus\n|\n|upkeep\n|turn|3\n|inactive|lepokemonplayer23 has 120 seconds left.\n|inactive|Crygel has 120 seconds left.\n|\n|t:|1771002396\n|switch|p1a: Vaporeon|Vaporeon, L84, M|356/356\n|switch|p2a: Brute Bonnet|Brute Bonnet, L80|309/309\n|move|p1b: Reuniclus|Psychic|p2a: Brute Bonnet\n|-immune|p2a: Brute Bonnet\n|move|p2b: Araquanid|Lunge|p1b: Reuniclus\n|-supereffective|p1b: Reuniclus\n|-damage|p1b: Reuniclus|0 fnt\n|faint|p1b: Reuniclus\n|\n|upkeep\n|\n|t:|1771002410\n|switch|p1b: Incineroar|Incineroar, L78, F|257/276\n|-ability|p1b: Incineroar|Intimidate|boost\n|-unboost|p2a: Brute Bonnet|atk|1\n|-unboost|p2b: Araquanid|atk|1\n|turn|4\n|inactive|Crygel has 120 seconds left.\n|inactive|lepokemonplayer23 has 120 seconds left.\n|\n|t:|1771002436\n|move|p1b: Incineroar|Fake Out|p2b: Araquanid\n|-damage|p2b: Araquanid|167/251\n|cant|p2b: Araquanid|flinch\n|move|p2a: Brute Bonnet|Spore|p1b: Incineroar\n|-status|p1b: Incineroar|slp|[from] move: Spore\n|move|p1a: Vaporeon|Yawn|p2a: Brute Bonnet\n|-start|p2a: Brute Bonnet|move: Yawn|[of] p1a: Vaporeon\n|\n|upkeep\n|turn|5\n|\n|t:|1771002458\n|move|p2b: Araquanid|Sticky Web|p1a: Vaporeon\n|-sidestart|p1: lepokemonplayer23|move: Sticky Web\n|move|p2a: Brute Bonnet|Seed Bomb|p1a: Vaporeon\n|-supereffective|p1a: Vaporeon\n|-damage|p1a: Vaporeon|188/356\n|cant|p1b: Incineroar|slp\n|move|p1a: Vaporeon|Icy Wind|p2b: Araquanid|[spread] p2a,p2b\n|-supereffective|p2a: Brute Bonnet\n|-resisted|p2b: Araquanid\n|-damage|p2a: Brute Bonnet|251/309\n|-damage|p2b: Araquanid|156/251\n|-unboost|p2a: Brute Bonnet|spe|1\n|-unboost|p2b: Araquanid|spe|1\n|\n|-end|p2a: Brute Bonnet|move: Yawn|[silent]\n|-status|p2a: Brute Bonnet|slp\n|upkeep\n|turn|6\n|\n|t:|1771002477\n|move|p2b: Araquanid|Liquidation|p1b: Incineroar\n|-supereffective|p1b: Incineroar\n|-damage|p1b: Incineroar|69/276 slp\n|cant|p2a: Brute Bonnet|slp\n|cant|p1b: Incineroar|slp\n|move|p1a: Vaporeon|Icy Wind|p2b: Araquanid|[spread] p2a,p2b\n|-supereffective|p2a: Brute Bonnet\n|-resisted|p2b: Araquanid\n|-damage|p2a: Brute Bonnet|191/309 slp\n|-damage|p2b: Araquanid|144/251\n|-unboost|p2a: Brute Bonnet|spe|1\n|-unboost|p2b: Araquanid|spe|1\n|\n|-fieldend|move: Trick Room\n|upkeep\n|turn|7\n|\n|t:|1771002496\n|move|p1a: Vaporeon|Icy Wind|p2b: Araquanid|[spread] p2a,p2b\n|-supereffective|p2a: Brute Bonnet\n|-resisted|p2b: Araquanid\n|-damage|p2a: Brute Bonnet|131/309 slp\n|-damage|p2b: Araquanid|133/251\n|-unboost|p2a: Brute Bonnet|spe|1\n|-unboost|p2b: Araquanid|spe|1\n|cant|p1b: Incineroar|slp\n|cant|p2a: Brute Bonnet|slp\n|move|p2b: Araquanid|Lunge|p1b: Incineroar\n|-damage|p1b: Incineroar|24/276 slp\n|-unboost|p1b: Incineroar|atk|1\n|\n|upkeep\n|turn|8\n|\n|t:|1771002516\n|switch|p1a: Zapdos|Zapdos-Galar, L77|265/265\n|-curestatus|p2a: Brute Bonnet|slp|[msg]\n|move|p2a: Brute Bonnet|Sucker Punch|p1b: Incineroar\n|-resisted|p1b: Incineroar\n|-damage|p1b: Incineroar|0 fnt\n|faint|p1b: Incineroar\n|move|p2b: Araquanid|Lunge|p1a: Zapdos\n|-resisted|p1a: Zapdos\n|-damage|p1a: Zapdos|254/265\n|-unboost|p1a: Zapdos|atk|1\n|-ability|p1a: Zapdos|Defiant|boost\n|-boost|p1a: Zapdos|atk|2\n|\n|upkeep\n|\n|t:|1771002528\n|switch|p1b: Gouging Fire|Gouging Fire, L75|281/281\n|-activate|p1b: Gouging Fire|move: Sticky Web\n|-fail|p1b: Gouging Fire|unboost|[from] item: Clear Amulet|[of] p1b: Gouging Fire\n|turn|9\n|inactive|Crygel has 120 seconds left.\n|\n|t:|1771002559\n|-end|p2a: Brute Bonnet|Protosynthesis|[silent]\n|switch|p2a: Charizard|Charizard, L82, F|262/262\n|switch|p2b: Avalugg|Avalugg, L92, F|324/324\n|move|p1a: Zapdos|Brave Bird|p2b: Avalugg\n|-damage|p2b: Avalugg|191/324\n|-damage|p1a: Zapdos|210/265|[from] Recoil\n|-damage|p1a: Zapdos|184/265|[from] item: Life Orb\n|move|p1b: Gouging Fire|Heat Crash|p2a: Charizard\n|-resisted|p2a: Charizard\n|-damage|p2a: Charizard|201/262\n|\n|-heal|p2b: Avalugg|211/324|[from] item: Leftovers\n|upkeep\n|turn|10\n|\n|t:|1771002584\n|-terastallize|p2a: Charizard|Ground\n|move|p2a: Charizard|Scorching Sands|p1b: Gouging Fire\n|-supereffective|p1b: Gouging Fire\n|-damage|p1b: Gouging Fire|83/281\n|-damage|p2a: Charizard|175/262|[from] item: Life Orb\n|move|p1a: Zapdos|Close Combat|p2b: Avalugg\n|-supereffective|p2b: Avalugg\n|-damage|p2b: Avalugg|0 fnt\n|-unboost|p1a: Zapdos|def|1\n|-unboost|p1a: Zapdos|spd|1\n|faint|p2b: Avalugg\n|-damage|p1a: Zapdos|158/265|[from] item: Life Orb\n|move|p1b: Gouging Fire|Dragon Dance|p1b: Gouging Fire\n|-boost|p1b: Gouging Fire|atk|1\n|-boost|p1b: Gouging Fire|spe|1\n|\n|upkeep\n|\n|t:|1771002594\n|switch|p2b: Brute Bonnet|Brute Bonnet, L80|131/309\n|turn|11\n|\n|t:|1771002617\n|move|p2b: Brute Bonnet|Rage Powder|p2b: Brute Bonnet\n|-singleturn|p2b: Brute Bonnet|move: Rage Powder\n|move|p1b: Gouging Fire|Dragon Dance|p1b: Gouging Fire\n|-boost|p1b: Gouging Fire|atk|1\n|-boost|p1b: Gouging Fire|spe|1\n|move|p2a: Charizard|Heat Wave|p1b: Gouging Fire|[spread] p1a,p1b\n|-resisted|p1b: Gouging Fire\n|-damage|p1a: Zapdos|0 fnt\n|-damage|p1b: Gouging Fire|56/281\n|faint|p1a: Zapdos\n|-damage|p2a: Charizard|149/262|[from] item: Life Orb\n|\n|upkeep\n|\n|t:|1771002636\n|switch|p1a: Vaporeon|Vaporeon, L84, M|188/356\n|-activate|p1a: Vaporeon|move: Sticky Web\n|-unboost|p1a: Vaporeon|spe|1\n|turn|12\n|\n|t:|1771002646\n|move|p1b: Gouging Fire|Dragon Claw|p2b: Brute Bonnet\n|-damage|p2b: Brute Bonnet|0 fnt\n|-damage|p1b: Gouging Fire|10/281|[from] item: Rocky Helmet|[of] p2b: Brute Bonnet\n|faint|p2b: Brute Bonnet\n|-end|p2b: Brute Bonnet|Protosynthesis|[silent]\n|move|p2a: Charizard|Scorching Sands|p1b: Gouging Fire\n|-supereffective|p1b: Gouging Fire\n|-damage|p1b: Gouging Fire|0 fnt\n|faint|p1b: Gouging Fire\n|-end|p1b: Gouging Fire|Protosynthesis|[silent]\n|-damage|p2a: Charizard|123/262|[from] item: Life Orb\n|move|p1a: Vaporeon|Muddy Water|p2a: Charizard\n|-supereffective|p2a: Charizard\n|-damage|p2a: Charizard|0 fnt\n|faint|p2a: Charizard\n|\n|upkeep\n|\n|t:|1771002654\n|switch|p2a: Heracross|Heracross, L82, M|233/265\n|switch|p1b: Toxicroak|Toxicroak, L85, M|280/280\n|switch|p2b: Araquanid|Araquanid, L84, M|133/251\n|-activate|p1b: Toxicroak|move: Sticky Web\n|-unboost|p1b: Toxicroak|spe|1\n|turn|13\n|\n|t:|1771002676\n|switch|p2a: Mightyena|Mightyena, L95, F|287/287\n|-ability|p2a: Mightyena|Intimidate|boost\n|-unboost|p1a: Vaporeon|atk|1\n|-unboost|p1b: Toxicroak|atk|1\n|move|p1b: Toxicroak|Gunk Shot|p2a: Mightyena\n|-damage|p2a: Mightyena|153/287\n|-status|p2a: Mightyena|psn\n|-damage|p1b: Toxicroak|252/280|[from] item: Life Orb\n|move|p2b: Araquanid|Lunge|p1a: Vaporeon\n|-damage|p1a: Vaporeon|95/356\n|-unboost|p1a: Vaporeon|atk|1\n|-enditem|p1a: Vaporeon|Sitrus Berry|[eat]\n|-heal|p1a: Vaporeon|184/356|[from] item: Sitrus Berry\n|move|p1a: Vaporeon|Muddy Water|p2b: Araquanid|[spread] p2a,p2b\n|-resisted|p2b: Araquanid\n|-damage|p2a: Mightyena|59/287 psn\n|-damage|p2b: Araquanid|106/251\n|-enditem|p2b: Araquanid|Sitrus Berry|[eat]\n|-heal|p2b: Araquanid|168/251|[from] item: Sitrus Berry\n|\n|-damage|p2a: Mightyena|24/287 psn|[from] psn\n|upkeep\n|turn|14\n|\n|t:|1771002698\n|move|p1b: Toxicroak|Protect|p1b: Toxicroak\n|-singleturn|p1b: Toxicroak|Protect\n|move|p2a: Mightyena|Howl|p2a: Mightyena|[spread] p2a,p2b\n|-boost|p2a: Mightyena|atk|1\n|-boost|p2b: Araquanid|atk|1\n|move|p2b: Araquanid|Lunge|p1a: Vaporeon\n|-damage|p1a: Vaporeon|45/356\n|-unboost|p1a: Vaporeon|atk|1\n|move|p1a: Vaporeon|Icy Wind|p2b: Araquanid|[spread] p2a,p2b\n|-resisted|p2b: Araquanid\n|-damage|p2a: Mightyena|0 fnt\n|-damage|p2b: Araquanid|156/251\n|-unboost|p2b: Araquanid|spe|1\n|faint|p2a: Mightyena\n|\n|upkeep\n|\n|t:|1771002707\n|switch|p2a: Heracross|Heracross, L82, M|233/265\n|turn|15\n|\n|t:|1771002730\n|move|p2a: Heracross|Rock Slide|p1a: Vaporeon|[spread] \n|-miss|p2a: Heracross|p1a: Vaporeon\n|-miss|p2a: Heracross|p1b: Toxicroak\n|move|p1b: Toxicroak|Gunk Shot|p2a: Heracross|[miss]\n|-miss|p1b: Toxicroak|p2a: Heracross\n|move|p1a: Vaporeon|Muddy Water|p2a: Heracross|[spread] p2a,p2b\n|-resisted|p2b: Araquanid\n|-damage|p2a: Heracross|164/265\n|-damage|p2b: Araquanid|129/251\n|move|p2b: Araquanid|Lunge|p1b: Toxicroak\n|-resisted|p1b: Toxicroak\n|-damage|p1b: Toxicroak|224/280\n|-unboost|p1b: Toxicroak|atk|1\n|\n|upkeep\n|turn|16\n|\n|t:|1771002752\n|move|p2a: Heracross|Rock Slide|p1a: Vaporeon|[spread] p1a,p1b\n|-resisted|p1b: Toxicroak\n|-damage|p1a: Vaporeon|0 fnt\n|-damage|p1b: Toxicroak|198/280\n|faint|p1a: Vaporeon\n|-ability|p2a: Heracross|Moxie|boost\n|-boost|p2a: Heracross|atk|1\n|move|p1b: Toxicroak|Gunk Shot|p2a: Heracross\n|-damage|p2a: Heracross|61/265\n|-status|p2a: Heracross|psn\n|-damage|p1b: Toxicroak|170/280|[from] item: Life Orb\n|move|p2b: Araquanid|Lunge|p1b: Toxicroak\n|-resisted|p1b: Toxicroak\n|-damage|p1b: Toxicroak|142/280\n|-unboost|p1b: Toxicroak|atk|1\n|\n|-damage|p2a: Heracross|28/265 psn|[from] psn\n|upkeep\n|turn|17\n|\n|t:|1771002767\n|move|p1b: Toxicroak|Protect|p1b: Toxicroak\n|-singleturn|p1b: Toxicroak|Protect\n|move|p2a: Heracross|Rock Slide|p1b: Toxicroak\n|-activate|p1b: Toxicroak|move: Protect\n|move|p2b: Araquanid|Lunge|p1b: Toxicroak\n|-activate|p1b: Toxicroak|move: Protect\n|\n|-damage|p2a: Heracross|0 fnt|[from] psn\n|faint|p2a: Heracross\n|upkeep\n|turn|18\n|\n|t:|1771002783\n|move|p1b: Toxicroak|Gunk Shot|p2b: Araquanid\n|-damage|p2b: Araquanid|63/251\n|-damage|p1b: Toxicroak|114/280|[from] item: Life Orb\n|move|p2b: Araquanid|Lunge|p1b: Toxicroak\n|-resisted|p1b: Toxicroak\n|-damage|p1b: Toxicroak|83/280\n|-unboost|p1b: Toxicroak|atk|1\n|\n|upkeep\n|turn|19\n|\n|t:|1771002791\n|move|p1b: Toxicroak|Gunk Shot|p2b: Araquanid\n|-damage|p2b: Araquanid|1/251\n|-damage|p1b: Toxicroak|55/280|[from] item: Life Orb\n|move|p2b: Araquanid|Lunge|p1b: Toxicroak\n|-resisted|p1b: Toxicroak\n|-damage|p1b: Toxicroak|27/280\n|-unboost|p1b: Toxicroak|atk|1\n|\n|upkeep\n|turn|20\n|\n|t:|1771002800\n|move|p1b: Toxicroak|Close Combat|p2b: Araquanid\n|-resisted|p2b: Araquanid\n|-damage|p2b: Araquanid|0 fnt\n|-unboost|p1b: Toxicroak|def|1\n|-unboost|p1b: Toxicroak|spd|1\n|faint|p2b: Araquanid\n|-damage|p1b: Toxicroak|0 fnt|[from] item: Life Orb\n|faint|p1b: Toxicroak\n|\n|win|lepokemonplayer23\n|raw|lepokemonplayer23's rating: 1687 &rarr; <strong>1712</strong><br />(+25 for winning)\n|raw|Crygel's rating: 1767 &rarr; <strong>1742</strong><br />(-25 for losing)\n|l|☆Crygel\n|player|p2|\n", "inputlog": ">version ccdc32dd7cde25fd9e4bed64820e885f66e78a4e\n>start {\"formatid\":\"gen9randomdoublesbattle\",\"seed\":\"sodium,00770fa567ae292ae32ca22f49098f66\",\"rated\":\"Rated battle\"}\n>player p1 {\"name\":\"lepokemonplayer23\",\"avatar\":\"169\",\"rating\":1687,\"seed\":\"sodium,de405d3d5576851c015c43bf8c8a6c04\"}\n>player p2 {\"name\":\"Crygel\",\"avatar\":\"will\",\"rating\":1767,\"seed\":\"sodium,31f755c77b3b83366d03a248eb297b24\"}\n>p1 move fakeout +1, move trickroom\n>p2 move closecombat +1, move spore +2\n>p1 move flareblitz +2, move trickroom\n>p2 move megahorn +2, switch 6\n>p1 switch 5, move psychic +1\n>p2 switch 6, move lunge +2\n>p1 pass, switch 5\n>p1 move yawn +1, move fakeout +2\n>p2 move spore +2, move stickyweb\n>p1 move icywind, move flareblitz +1\n>p2 move seedbomb +1, move stickyweb\n>p1 move icywind, move flareblitz +1\n>p2 move seedbomb +1, move liquidation +2\n>p1 move icywind, move flareblitz +1\n>p2 move seedbomb +1, move lunge +2\n>p1 switch 4, move flareblitz +1\n>p2 move suckerpunch +2, move lunge +1\n>p1 pass, switch 6\n>p1 move bravebird +2, move heatcrash +1\n>p2 switch 3, switch 5\n>p1 move closecombat +2, move dragondance\n>p2 move scorchingsands +2 terastallize, move avalanche +1\n>p2 pass, switch 3\n>p1 move bravebird +1, move dragondance\n>p2 move heatwave, move ragepowder\n>p1 switch 4, pass\n>p1 move muddywater, move dragonclaw +2\n>p2 move scorchingsands +2, move seedbomb +1\n>p1 pass, switch 3\n>p2 switch 6, switch 5\n>p1 move muddywater, move gunkshot +1\n>p2 switch 4, move lunge +1\n>p1 move icywind, move protect\n>p2 move howl, move lunge +1\n>p2 switch 4, pass\n>p1 move muddywater, move gunkshot +1\n>p2 move rockslide, move lunge +2\n>p1 move muddywater, move gunkshot +1\n>p2 move rockslide, move lunge +2\n>p1 pass, move protect\n>p2 move rockslide, move lunge +2\n>p1 pass, move gunkshot +2\n>p2 pass, move lunge +2\n>p1 pass, move gunkshot +2\n>p2 pass, move lunge +2\n>p1 pass, move closecombat +2\n>p2 pass, move lunge +2", "uploadtime": 1771002806, "views": 83, "formatid": "gen9randomdoublesbattle", "rating": 1712, "private": 0, "password": null}