{"id": "gen9randomdoublesbattle-2539692861", "format": "[Gen 9] Random Doubles Battle", "players": ["baucetti", "pejelegante"], "log": "|j|☆baucetti\n|j|☆pejelegante\n|t:|1771097308\n|gametype|doubles\n|player|p1|baucetti|101|1823\n|player|p2|pejelegante|hugh|1791\n|gen|9\n|tier|[Gen 9] Random Doubles Battle\n|rated|\n|rule|Species Clause: Limit one of each Pokémon\n|rule|HP Percentage Mod: HP is shown in percentages\n|rule|Illusion Level Mod: Illusion disguises the Pokémon's true level\n|rule|Sleep Clause Mod: Limit one foe put to sleep\n|\n|t:|1771097308\n|teamsize|p1|6\n|teamsize|p2|6\n|start\n|switch|p1a: Bellossom|Bellossom, L87, F|272/272\n|switch|p1b: Moltres|Moltres-Galar, L74|255/255\n|switch|p2a: Snorlax|Snorlax, L84, F|219/219\n|switch|p2b: Altaria|Altaria, L91, F|284/284\n|turn|1\n|inactive|Battle timer is ON: inactive players will automatically lose when time's up. (requested by pejelegante)\n|\n|t:|1771097333\n|-terastallize|p1a: Bellossom|Poison\n|move|p2b: Altaria|Helping Hand|p2a: Snorlax\n|-singleturn|p2a: Snorlax|Helping Hand|[of] p2b: Altaria\n|move|p2a: Snorlax|Hyper Voice|p1a: Bellossom|[spread] p1a,p1b\n|-damage|p1a: Bellossom|136/272\n|-damage|p1b: Moltres|115/255\n|-enditem|p1a: Bellossom|Sitrus Berry|[eat]\n|-heal|p1a: Bellossom|204/272|[from] item: Sitrus Berry\n|-ability|p1b: Moltres|Berserk|boost\n|-boost|p1b: Moltres|spa|1\n|-damage|p2a: Snorlax|198/219|[from] item: Life Orb\n|-enditem|p1b: Moltres|Sitrus Berry|[eat]\n|-heal|p1b: Moltres|178/255|[from] item: Sitrus Berry\n|move|p1b: Moltres|Nasty Plot|p1b: Moltres\n|-boost|p1b: Moltres|spa|2\n|move|p1a: Bellossom|Strength Sap|p2a: Snorlax\n|-unboost|p2a: Snorlax|atk|1\n|-heal|p1a: Bellossom|272/272\n|\n|upkeep\n|turn|2\n|inactive|baucetti has 120 seconds left.\n|\n|t:|1771097369\n|move|p2a: Snorlax|Protect|p2a: Snorlax\n|-singleturn|p2a: Snorlax|Protect\n|move|p1b: Moltres|Protect|p1b: Moltres\n|-singleturn|p1b: Moltres|Protect\n|move|p2b: Altaria|Tailwind|p2b: Altaria\n|-sidestart|p2: pejelegante|move: Tailwind\n|move|p1a: Bellossom|Quiver Dance|p1a: Bellossom\n|-boost|p1a: Bellossom|spa|1\n|-boost|p1a: Bellossom|spd|1\n|-boost|p1a: Bellossom|spe|1\n|\n|upkeep\n|turn|3\n|inactive|pejelegante has 120 seconds left.\n|\n|t:|1771097409\n|move|p2a: Snorlax|Hyper Voice|p1b: Moltres|[spread] p1a,p1b\n|-damage|p1a: Bellossom|210/272\n|-damage|p1b: Moltres|83/255\n|-ability|p1b: Moltres|Berserk|boost\n|-boost|p1b: Moltres|spa|1\n|-damage|p2a: Snorlax|177/219|[from] item: Life Orb\n|move|p2b: Altaria|Brave Bird|p1a: Bellossom\n|-damage|p1a: Bellossom|101/272\n|-damage|p2b: Altaria|248/284|[from] Recoil\n|move|p1a: Bellossom|Giga Drain|p2a: Snorlax\n|-damage|p2a: Snorlax|5/219\n|-heal|p1a: Bellossom|187/272|[from] drain|[of] p2a: Snorlax\n|replace|p2a: Zoroark|Zoroark-Hisui, L80, F\n|-end|p2a: Zoroark|Illusion\n|-hint|Illusion Level Mod is active, so this Pokémon's true level was hidden.\n|move|p1b: Moltres|Fiery Wrath|p2b: Altaria|[spread] p2a,p2b\n|-supereffective|p2a: Zoroark\n|-damage|p2a: Zoroark|0 fnt\n|-damage|p2b: Altaria|113/284\n|-enditem|p2b: Altaria|Sitrus Berry|[eat]\n|-heal|p2b: Altaria|184/284|[from] item: Sitrus Berry\n|faint|p2a: Zoroark\n|\n|upkeep\n|\n|t:|1771097417\n|switch|p2a: Delibird|Delibird, M|252/252\n|turn|4\n|\n|t:|1771097437\n|move|p1b: Moltres|Protect|p1b: Moltres\n|-singleturn|p1b: Moltres|Protect\n|move|p2a: Delibird|Brave Bird|p1a: Bellossom\n|-damage|p1a: Bellossom|0 fnt\n|faint|p1a: Bellossom\n|-damage|p2a: Delibird|190/252|[from] Recoil\n|move|p2b: Altaria|Brave Bird|p1b: Moltres\n|-activate|p1b: Moltres|move: Protect\n|\n|upkeep\n|inactive|baucetti has 120 seconds left.\n|\n|t:|1771097468\n|switch|p1a: Arceus|Arceus-Ghost, L72|292/292\n|turn|5\n|\n|t:|1771097474\n|move|p2a: Delibird|Brave Bird|p1a: Arceus\n|-damage|p1a: Arceus|36/292\n|-damage|p2a: Delibird|106/252|[from] Recoil\n|move|p2b: Altaria|Brave Bird|p1b: Moltres\n|-damage|p1b: Moltres|0 fnt\n|faint|p1b: Moltres\n|-damage|p2b: Altaria|157/284|[from] Recoil\n|move|p1a: Arceus|Calm Mind|p1a: Arceus\n|-boost|p1a: Arceus|spa|1\n|-boost|p1a: Arceus|spd|1\n|\n|-sideend|p2: pejelegante|move: Tailwind\n|upkeep\n|inactive|baucetti has 120 seconds left.\n|\n|t:|1771097506\n|switch|p1b: Furret|Furret, L98, M|325/325\n|-item|p2a: Delibird|Choice Band|[from] ability: Frisk|[of] p1b: Furret\n|turn|6\n|\n|t:|1771097519\n|switch|p2a: Magmar|Magmar, L84, F|246/246\n|move|p1b: Furret|Tidy Up|p1b: Furret\n|-boost|p1b: Furret|atk|1\n|-boost|p1b: Furret|spe|1\n|move|p1a: Arceus|Recover|p1a: Arceus\n|-heal|p1a: Arceus|182/292\n|move|p2b: Altaria|Tailwind|p2b: Altaria\n|-sidestart|p2: pejelegante|move: Tailwind\n|\n|upkeep\n|turn|7\n|\n|t:|1771097547\n|move|p1b: Furret|Protect|p1b: Furret\n|-singleturn|p1b: Furret|Protect\n|move|p2a: Magmar|Heat Wave|p1b: Furret|[spread] p1a\n|-activate|p1b: Furret|move: Protect\n|-damage|p1a: Arceus|137/292\n|move|p2b: Altaria|Brave Bird|p1a: Arceus\n|-damage|p1a: Arceus|25/292\n|-damage|p2b: Altaria|120/284|[from] Recoil\n|move|p1a: Arceus|Recover|p1a: Arceus\n|-heal|p1a: Arceus|171/292\n|\n|upkeep\n|turn|8\n|\n|t:|1771097565\n|move|p2a: Magmar|Heat Wave|p1a: Arceus|[spread] p1a,p1b\n|-damage|p1a: Arceus|122/292\n|-damage|p1b: Furret|238/325\n|-status|p1b: Furret|brn\n|move|p2b: Altaria|Brave Bird|p1b: Furret\n|-damage|p1b: Furret|111/325 brn\n|-damage|p2b: Altaria|78/284|[from] Recoil\n|move|p1b: Furret|Tidy Up|p1b: Furret\n|-boost|p1b: Furret|atk|1\n|-boost|p1b: Furret|spe|1\n|move|p1a: Arceus|Recover|p1a: Arceus\n|-heal|p1a: Arceus|268/292\n|\n|-damage|p1b: Furret|91/325 brn|[from] brn\n|upkeep\n|turn|9\n|\n|t:|1771097591\n|move|p1b: Furret|Knock Off|p2a: Magmar\n|-damage|p2a: Magmar|152/246\n|-enditem|p2a: Magmar|Eviolite|[from] move: Knock Off|[of] p1b: Furret\n|-damage|p1b: Furret|59/325 brn|[from] item: Life Orb\n|move|p2a: Magmar|Heat Wave|p1b: Furret|[spread] p1a,p1b\n|-damage|p1a: Arceus|219/292\n|-damage|p1b: Furret|0 fnt\n|faint|p1b: Furret\n|move|p2b: Altaria|Brave Bird|p1a: Arceus\n|-damage|p1a: Arceus|122/292\n|-damage|p2b: Altaria|46/284|[from] Recoil\n|move|p1a: Arceus|Judgment|p2b: Altaria\n|-damage|p2b: Altaria|0 fnt\n|faint|p2b: Altaria\n|\n|-sideend|p2: pejelegante|move: Tailwind\n|upkeep\n|inactive|baucetti has 120 seconds left.\n|\n|t:|1771097611\n|switch|p1b: Flareon|Flareon, L90, M|263/263\n|switch|p2b: Delibird|Delibird, M|106/252\n|turn|10\n|\n|t:|1771097621\n|move|p2a: Magmar|Follow Me|p2a: Magmar\n|-singleturn|p2a: Magmar|move: Follow Me\n|move|p1a: Arceus|Recover|p1a: Arceus\n|-heal|p1a: Arceus|268/292\n|move|p2b: Delibird|Brave Bird|p1a: Arceus|[miss]\n|-miss|p2b: Delibird|p1a: Arceus\n|move|p1b: Flareon|Flare Blitz|p2a: Magmar\n|-resisted|p2a: Magmar\n|-damage|p2a: Magmar|32/246\n|-damage|p1b: Flareon|223/263|[from] Recoil\n|\n|-status|p1b: Flareon|tox|[from] item: Toxic Orb\n|upkeep\n|turn|11\n|\n|t:|1771097639\n|move|p2a: Magmar|Follow Me|p2a: Magmar\n|-singleturn|p2a: Magmar|move: Follow Me\n|move|p1b: Flareon|Quick Attack|p2a: Magmar\n|-damage|p2a: Magmar|0 fnt\n|faint|p2a: Magmar\n|move|p1a: Arceus|Judgment|p2b: Delibird\n|-damage|p2b: Delibird|0 fnt\n|faint|p2b: Delibird\n|\n|-damage|p1b: Flareon|207/263 tox|[from] psn\n|upkeep\n|\n|t:|1771097647\n|switch|p2b: Snorlax|Snorlax, L84, F|406/406\n|switch|p2a: Lunala|Lunala, L71|312/312\n|turn|12\n|\n|t:|1771097670\n|move|p2a: Lunala|Protect|p2a: Lunala\n|-singleturn|p2a: Lunala|Protect\n|move|p2b: Snorlax|Protect|p2b: Snorlax\n|-singleturn|p2b: Snorlax|Protect\n|move|p1a: Arceus|Judgment|p2a: Lunala\n|-activate|p2a: Lunala|move: Protect\n|move|p1b: Flareon|Flare Blitz|p2a: Lunala\n|-activate|p2a: Lunala|move: Protect\n|\n|-damage|p1b: Flareon|175/263 tox|[from] psn\n|upkeep\n|turn|13\n|\n|t:|1771097686\n|-terastallize|p2a: Lunala|Fairy\n|move|p1a: Arceus|Judgment|p2a: Lunala\n|-damage|p2a: Lunala|234/312\n|move|p2a: Lunala|Moongeist Beam|p1b: Flareon\n|-damage|p1b: Flareon|96/263 tox\n|move|p1b: Flareon|Flare Blitz|p2a: Lunala\n|-damage|p2a: Lunala|0 fnt\n|faint|p2a: Lunala\n|-damage|p1b: Flareon|19/263 tox|[from] Recoil\n|move|p2b: Snorlax|Curse|p2b: Snorlax\n|-unboost|p2b: Snorlax|spe|1\n|-boost|p2b: Snorlax|atk|1\n|-boost|p2b: Snorlax|def|1\n|\n|-damage|p1b: Flareon|0 fnt|[from] psn\n|faint|p1b: Flareon\n|upkeep\n|inactive|baucetti has 120 seconds left.\n|\n|t:|1771097708\n|switch|p1b: Latios|Latios, L79, M|256/256\n|turn|14\n|\n|t:|1771097730\n|move|p1b: Latios|Trick|p2b: Snorlax\n|-activate|p1b: Latios|move: Trick|[of] p2b: Snorlax\n|-item|p2b: Snorlax|Choice Specs|[from] move: Trick\n|-item|p1b: Latios|Aguav Berry|[from] move: Trick\n|move|p1a: Arceus|Calm Mind|p1a: Arceus\n|-boost|p1a: Arceus|spa|1\n|-boost|p1a: Arceus|spd|1\n|move|p2b: Snorlax|Body Slam|p1b: Latios\n|-damage|p1b: Latios|94/256\n|\n|upkeep\n|turn|15\n|c|☆pejelegante|...\n|\n|t:|1771097750\n|move|p1b: Latios|Aura Sphere|p2b: Snorlax\n|-supereffective|p2b: Snorlax\n|-damage|p2b: Snorlax|304/406\n|move|p1a: Arceus|Focus Blast|p2b: Snorlax|[miss]\n|-miss|p1a: Arceus|p2b: Snorlax\n|move|p2b: Snorlax|Body Slam|p1b: Latios\n|-damage|p1b: Latios|0 fnt\n|faint|p1b: Latios\n|\n|upkeep\n|turn|16\n|c|☆pejelegante|it just can't be\n|c|☆pejelegante|my only 2 attacks\n|c|☆pejelegante|Are body slam\n|c|☆pejelegante|And\n|c|☆pejelegante|High horsepower\n|inactive|pejelegante has 120 seconds left.\n|\n|t:|1771097789\n|move|p1a: Arceus|Focus Blast|p2b: Snorlax\n|-supereffective|p2b: Snorlax\n|-damage|p2b: Snorlax|42/406\n|move|p2b: Snorlax|Body Slam|p1a: Arceus\n|-immune|p1a: Arceus\n|\n|upkeep\n|turn|17\n|c|☆pejelegante|If it attacked Arceus, it wouldn't be able to attack your Latios\n|inactive|pejelegante has 120 seconds left.\n|c|☆baucetti|I know..\n|c|☆pejelegante|What kind of devilish combination is this?!\n|c|☆pejelegante|Anyways gg\n|\n|t:|1771097831\n|move|p1a: Arceus|Calm Mind|p1a: Arceus\n|-boost|p1a: Arceus|spa|1\n|-boost|p1a: Arceus|spd|1\n|move|p2b: Snorlax|Body Slam|p1a: Arceus\n|-immune|p1a: Arceus\n|\n|upkeep\n|turn|18\n|c|☆baucetti|I used trick for this\n|c|☆baucetti|Gg\n|c|☆pejelegante|Xd\n|inactive|baucetti has 120 seconds left.\n|\n|t:|1771097870\n|move|p1a: Arceus|Judgment|p2b: Snorlax\n|-immune|p2b: Snorlax\n|move|p2b: Snorlax|Body Slam|p1a: Arceus\n|-immune|p1a: Arceus\n|\n|upkeep\n|turn|19\n|\n|t:|1771097890\n|move|p1a: Arceus|Focus Blast|p2b: Snorlax|[miss]\n|-miss|p1a: Arceus|p2b: Snorlax\n|move|p2b: Snorlax|Body Slam|p1a: Arceus\n|-immune|p1a: Arceus\n|\n|upkeep\n|turn|20\n|\n|t:|1771097900\n|move|p1a: Arceus|Focus Blast|p2b: Snorlax\n|-supereffective|p2b: Snorlax\n|-damage|p2b: Snorlax|0 fnt\n|faint|p2b: Snorlax\n|\n|win|baucetti\n|raw|baucetti's rating: 1823 &rarr; <strong>1841</strong><br />(+18 for winning)\n|raw|pejelegante's rating: 1791 &rarr; <strong>1773</strong><br />(-18 for losing)\n|c|☆pejelegante|Xd\n|c|☆pejelegante|Well\n|c|☆pejelegante|Have a nice day\n|c|☆pejelegante|^^\n", "inputlog": ">version ccdc32dd7cde25fd9e4bed64820e885f66e78a4e\n>start {\"formatid\":\"gen9randomdoublesbattle\",\"seed\":\"sodium,20b2bb2ac1144ab07c5e340f92979ddf\",\"rated\":\"Rated battle\"}\n>player p1 {\"name\":\"baucetti\",\"avatar\":\"101\",\"rating\":1823,\"seed\":\"sodium,46232bb2e0337ec331f2f377f6838f49\"}\n>player p2 {\"name\":\"pejelegante\",\"avatar\":\"hugh\",\"rating\":1791,\"seed\":\"sodium,4f06d99008fe8f6ff55e1e43c98a7bd9\"}\n>p1 move strengthsap +1 terastallize, move nastyplot\n>p2 move hypervoice, move helpinghand -1\n>p1 move quiverdance, move protect\n>p2 move protect, move tailwind\n>p1 move gigadrain +1, move fierywrath\n>p2 move hypervoice, move bravebird +1\n>p2 switch 4, pass\n>p1 move strengthsap +2, move protect\n>p2 move bravebird +1, move bravebird +2\n>p1 switch 3, pass\n>p1 move calmmind, move fierywrath\n>p2 move bravebird +1, move bravebird +2\n>p1 pass, switch 5\n>p1 move recover, move tidyup\n>p2 switch 3, move tailwind\n>p1 move recover, move protect\n>p2 move heatwave, move bravebird +1\n>p1 move recover, move tidyup\n>p2 move heatwave, move bravebird +2\n>p1 move judgment +2, move knockoff +1\n>p2 move heatwave, move bravebird +1\n>p1 pass, switch 4\n>p2 pass, switch 3\n>p1 move recover, move flareblitz +2\n>p2 move followme, move bravebird +1\n>p1 move judgment +2, move quickattack +1\n>p2 move followme, move bravebird +1\n>p2 switch 5, switch 6\n>p1 move judgment +1, move flareblitz +1\n>p2 move protect, move protect\n>p1 move judgment +1, move flareblitz +1\n>p2 move moongeistbeam +2 terastallize, move curse\n>p1 pass, switch 6\n>p1 move calmmind, move trick +2\n>p2 pass, move bodyslam +2\n>chat ☆pejelegante|...\n>p1 move focusblast +2, move aurasphere +2\n>p2 pass, move bodyslam +2\n>chat ☆pejelegante|it just can't be \n>chat ☆pejelegante|my only 2 attacks \n>chat ☆pejelegante|Are body slam \n>chat ☆pejelegante|And\n>chat ☆pejelegante|High horsepower\n>p1 move focusblast +2, pass\n>p2 pass, move bodyslam +1\n>chat ☆pejelegante|If it attacked Arceus, it wouldn't be able to attack your Latios \n>chat ☆baucetti|I know..\n>chat ☆pejelegante|What kind of devilish combination is this?! \n>chat ☆pejelegante|Anyways gg\n>p1 move calmmind, pass\n>p2 pass, move bodyslam +1\n>chat ☆baucetti|I used trick for this\n>chat ☆baucetti|Gg\n>chat ☆pejelegante|Xd\n>p1 move judgment +2, pass\n>p2 pass, move bodyslam +1\n>p1 move focusblast +2, pass\n>p2 pass, move bodyslam +1\n>p1 move focusblast +2, pass\n>p2 pass, move bodyslam +1", "uploadtime": 1771097906, "views": 67, "formatid": "gen9randomdoublesbattle", "rating": 1773, "private": 0, "password": null}