{"id": "gen9randomdoublesbattle-2540343135", "format": "[Gen 9] Random Doubles Battle", "players": ["false seraph", "megalokoi"], "log": "|j|☆false seraph\n|j|☆megalokoi\n|t:|1771190890\n|gametype|doubles\n|player|p1|false seraph|ghetsis|1641\n|player|p2|megalokoi|backpacker|1601\n|gen|9\n|tier|[Gen 9] Random Doubles Battle\n|rated|\n|rule|Species Clause: Limit one of each Pokémon\n|rule|HP Percentage Mod: HP is shown in percentages\n|rule|Illusion Level Mod: Illusion disguises the Pokémon's true level\n|rule|Sleep Clause Mod: Limit one foe put to sleep\n|\n|t:|1771190890\n|teamsize|p1|6\n|teamsize|p2|6\n|start\n|switch|p1a: Ditto|Ditto, L97|250/250\n|switch|p1b: Lapras|Lapras, L83, F|351/351\n|switch|p2a: Mamoswine|Mamoswine, L82, F|315/315\n|switch|p2b: Persian|Persian-Alola, L88, M|258/258\n|-transform|p1a: Ditto|p2b: Persian|[from] ability: Imposter\n|turn|1\n|inactive|Battle timer is ON: inactive players will automatically lose when time's up. (requested by megalokoi)\n|\n|t:|1771190910\n|switch|p2a: Tatsugiri|Tatsugiri, L84, F|251/251\n|move|p1a: Ditto|Fake Out|p2a: Tatsugiri\n|-damage|p2a: Tatsugiri|217/251\n|move|p2b: Persian|Fake Out|p1b: Lapras\n|-damage|p1b: Lapras|328/351\n|cant|p1b: Lapras|flinch\n|\n|upkeep\n|turn|2\n|\n|t:|1771190938\n|switch|p2b: Lokix|Lokix, L88, M|268/268\n|-terastallize|p2a: Tatsugiri|Steel\n|move|p1a: Ditto|Icy Wind|p2b: Lokix|[spread] p2a,p2b\n|-resisted|p2a: Tatsugiri\n|-damage|p2a: Tatsugiri|209/251\n|-damage|p2b: Lokix|229/268\n|-unboost|p2a: Tatsugiri|spe|1\n|-unboost|p2b: Lokix|spe|1\n|move|p1b: Lapras|Freeze-Dry|p2a: Tatsugiri\n|-resisted|p2a: Tatsugiri\n|-damage|p2a: Tatsugiri|187/251\n|move|p2a: Tatsugiri|Icy Wind|p1b: Lapras|[spread] p1a,p1b\n|-resisted|p1b: Lapras\n|-damage|p1a: Ditto|210/250\n|-damage|p1b: Lapras|320/351\n|-unboost|p1a: Ditto|spe|1\n|-unboost|p1b: Lapras|spe|1\n|\n|upkeep\n|turn|3\n|inactive|false seraph has 120 seconds left.\n|\n|t:|1771190975\n|move|p1a: Ditto|Foul Play|p2b: Lokix\n|-resisted|p2b: Lokix\n|-damage|p2b: Lokix|169/268\n|move|p2b: Lokix|U-turn|p1b: Lapras\n|-damage|p1b: Lapras|198/351\n|-damage|p2b: Lokix|143/268|[from] item: Life Orb\n|\n|t:|1771190984\n|switch|p2b: Swalot|Swalot, L90, M|326/326|[from] U-turn\n|move|p2a: Tatsugiri|Draco Meteor|p1b: Lapras\n|-damage|p1b: Lapras|56/351\n|-unboost|p2a: Tatsugiri|spa|2\n|-enditem|p1b: Lapras|Sitrus Berry|[eat]\n|-heal|p1b: Lapras|143/351|[from] item: Sitrus Berry\n|move|p1b: Lapras|Freeze-Dry|p2b: Swalot\n|-damage|p2b: Swalot|257/326\n|\n|upkeep\n|turn|4\n|\n|t:|1771191007\n|switch|p2a: Lokix|Lokix, L88, M|143/268\n|move|p1a: Ditto|Foul Play|p2a: Lokix\n|-resisted|p2a: Lokix\n|-damage|p2a: Lokix|83/268\n|move|p2b: Swalot|Gunk Shot|p1b: Lapras\n|-damage|p1b: Lapras|2/351\n|move|p1b: Lapras|Life Dew|p1b: Lapras|[spread] p1a,p1b\n|-heal|p1a: Ditto|250/250\n|-heal|p1b: Lapras|90/351\n|\n|upkeep\n|turn|5\n|\n|t:|1771191036\n|switch|p1a: Barraskewda|Barraskewda, L85, F|242/242\n|move|p2a: Lokix|First Impression|p1a: Barraskewda\n|-crit|p1a: Barraskewda\n|-damage|p1a: Barraskewda|0 fnt\n|faint|p1a: Barraskewda\n|-damage|p2a: Lokix|57/268|[from] item: Life Orb\n|move|p2b: Swalot|Gunk Shot|p1b: Lapras|[miss]\n|-miss|p2b: Swalot|p1b: Lapras\n|move|p1b: Lapras|Muddy Water|p2a: Lokix|[spread] p2a\n|-miss|p1b: Lapras|p2b: Swalot\n|-damage|p2a: Lokix|0 fnt\n|faint|p2a: Lokix\n|\n|upkeep\n|inactive|false seraph has 120 seconds left.\n|l|☆megalokoi\n|inactive|megalokoi disconnected and has a minute to reconnect!\n|player|p2|\n|j|☆megalokoi\n|inactive|megalokoi reconnected and has 125 seconds left.\n|player|p2|megalokoi|backpacker|\n|inactive|megalokoi has 120 seconds left.\n|\n|t:|1771191074\n|switch|p1a: Ditto|Ditto, L97|250/250\n|switch|p2a: Persian|Persian-Alola, L88, M|258/258\n|-transform|p1a: Ditto|p2b: Swalot|[from] ability: Imposter\n|turn|6\n|inactive|megalokoi has 120 seconds left.\n|l|☆megalokoi\n|inactive|megalokoi disconnected and has a minute to reconnect!\n|player|p2|\n|j|☆megalokoi\n|inactive|megalokoi reconnected and has 115 seconds left.\n|player|p2|megalokoi|backpacker|\n|\n|t:|1771191111\n|move|p2a: Persian|Foul Play|p1b: Lapras\n|-damage|p1b: Lapras|11/351\n|move|p1a: Ditto|Knock Off|p2b: Swalot\n|-damage|p2b: Swalot|193/326\n|-enditem|p2b: Swalot|Figy Berry|[from] move: Knock Off|[of] p1a: Ditto\n|move|p2b: Swalot|Toxic Spikes|p1a: Ditto\n|-sidestart|p1: false seraph|move: Toxic Spikes\n|move|p1b: Lapras|Muddy Water|p2a: Persian|[spread] p2a\n|-miss|p1b: Lapras|p2b: Swalot\n|-damage|p2a: Persian|179/258\n|\n|upkeep\n|turn|7\n|inactive|megalokoi has 120 seconds left.\n|\n|t:|1771191135\n|move|p2a: Persian|Icy Wind|p1a: Ditto|[spread] p1a,p1b\n|-resisted|p1b: Lapras\n|-damage|p1a: Ditto|223/250\n|-damage|p1b: Lapras|6/351\n|-unboost|p1a: Ditto|spe|1\n|-unboost|p1b: Lapras|spe|1\n|move|p2b: Swalot|Toxic Spikes|p1a: Ditto\n|-sidestart|p1: false seraph|move: Toxic Spikes\n|move|p1a: Ditto|Gunk Shot|p2a: Persian\n|-damage|p2a: Persian|97/258\n|-enditem|p2a: Persian|Sitrus Berry|[eat]\n|-heal|p2a: Persian|161/258|[from] item: Sitrus Berry\n|move|p1b: Lapras|Muddy Water|p2a: Persian|[spread] p2a,p2b\n|-damage|p2a: Persian|85/258\n|-damage|p2b: Swalot|126/326\n|-unboost|p2a: Persian|accuracy|1\n|\n|upkeep\n|turn|8\n|\n|t:|1771191156\n|switch|p2a: Tatsugiri|Tatsugiri, L84, F, tera:Steel|187/251\n|move|p2b: Swalot|Knock Off|p1a: Ditto\n|-damage|p1a: Ditto|165/250\n|-enditem|p1a: Ditto|Sitrus Berry|[from] move: Knock Off|[of] p2b: Swalot\n|move|p1a: Ditto|Toxic Spikes|p2b: Swalot\n|-sidestart|p2: megalokoi|move: Toxic Spikes\n|move|p1b: Lapras|Muddy Water|p2a: Tatsugiri|[spread] p2b\n|-ability|p2a: Tatsugiri|Storm Drain|boost\n|-boost|p2a: Tatsugiri|spa|1\n|-damage|p2b: Swalot|65/326\n|\n|upkeep\n|turn|9\n|\n|t:|1771191175\n|switch|p2b: Persian|Persian-Alola, L88, M|85/258\n|-status|p2b: Persian|psn\n|move|p2a: Tatsugiri|Icy Wind|p1a: Ditto|[spread] p1a,p1b\n|-resisted|p1b: Lapras\n|-damage|p1a: Ditto|110/250\n|-damage|p1b: Lapras|0 fnt\n|-unboost|p1a: Ditto|spe|1\n|faint|p1b: Lapras\n|move|p1a: Ditto|Knock Off|p2a: Tatsugiri\n|-damage|p2a: Tatsugiri|93/251\n|-enditem|p2a: Tatsugiri|Assault Vest|[from] move: Knock Off|[of] p1a: Ditto\n|\n|-damage|p2b: Persian|53/258 psn|[from] psn\n|upkeep\n|\n|t:|1771191193\n|switch|p1b: Regieleki|Regieleki, L79|256/256\n|-status|p1b: Regieleki|tox\n|turn|10\n|\n|t:|1771191206\n|move|p2b: Persian|Fake Out|p1b: Regieleki\n|-damage|p1b: Regieleki|224/256 tox\n|cant|p1b: Regieleki|flinch\n|move|p2a: Tatsugiri|Muddy Water|p1b: Regieleki|[spread] p1a,p1b\n|-damage|p1a: Ditto|0 fnt\n|-damage|p1b: Regieleki|23/256 tox\n|faint|p1a: Ditto\n|\n|-damage|p1b: Regieleki|7/256 tox|[from] psn\n|-damage|p2b: Persian|21/258 psn|[from] psn\n|upkeep\n|\n|t:|1771191216\n|switch|p1a: Enamorus|Enamorus, L79, F|247/247\n|turn|11\n|inactive|megalokoi has 120 seconds left.\n|\n|t:|1771191258\n|move|p1b: Regieleki|Volt Switch|p2a: Tatsugiri\n|-damage|p2a: Tatsugiri|0 fnt\n|faint|p2a: Tatsugiri\n|\n|t:|1771191264\n|switch|p1b: Gogoat|Gogoat, L90, F|368/368|[from] Volt Switch\n|-status|p1b: Gogoat|tox\n|move|p2b: Persian|Icy Wind|p1a: Enamorus|[spread] p1a,p1b\n|-supereffective|p1a: Enamorus\n|-supereffective|p1b: Gogoat\n|-damage|p1a: Enamorus|187/247\n|-damage|p1b: Gogoat|332/368 tox\n|-boost|p1a: Enamorus|spe|1\n|-unboost|p1b: Gogoat|spe|1\n|move|p1a: Enamorus|Springtide Storm|p2b: Persian\n|-supereffective|p2b: Persian\n|-crit|p2b: Persian\n|-damage|p2b: Persian|0 fnt\n|faint|p2b: Persian\n|-damage|p1a: Enamorus|163/247|[from] item: Life Orb\n|\n|-damage|p1b: Gogoat|309/368 tox|[from] psn\n|upkeep\n|l|☆megalokoi\n|inactive|megalokoi disconnected and has a minute to reconnect!\n|player|p2|\n|j|☆megalokoi\n|inactive|megalokoi reconnected and has 110 seconds left.\n|player|p2|megalokoi|backpacker|\n|\n|t:|1771191283\n|switch|p2b: Swalot|Swalot, L90, M|65/326\n|switch|p2a: Furret|Furret, L98, M|325/325\n|-status|p2a: Furret|psn\n|-item|p1a: Enamorus|Life Orb|[from] ability: Frisk|[of] p2a: Furret\n|-item|p1b: Gogoat|Assault Vest|[from] ability: Frisk|[of] p2a: Furret\n|-sideend|p2: megalokoi|move: Toxic Spikes|[of] p2b: Swalot\n|turn|12\n|inactive|megalokoi has 120 seconds left.\n|\n|t:|1771191300\n|move|p2a: Furret|Protect|p2a: Furret\n|-singleturn|p2a: Furret|Protect\n|move|p1a: Enamorus|Superpower|p2a: Furret\n|-activate|p2a: Furret|move: Protect\n|move|p2b: Swalot|Gunk Shot|p1a: Enamorus\n|-supereffective|p1a: Enamorus\n|-damage|p1a: Enamorus|0 fnt\n|faint|p1a: Enamorus\n|move|p1b: Gogoat|High Horsepower|p2b: Swalot\n|-supereffective|p2b: Swalot\n|-damage|p2b: Swalot|0 fnt\n|faint|p2b: Swalot\n|\n|-damage|p2a: Furret|285/325 psn|[from] psn\n|-damage|p1b: Gogoat|263/368 tox|[from] psn\n|upkeep\n|\n|t:|1771191313\n|switch|p1a: Regieleki|Regieleki, L79|7/256 tox\n|switch|p2b: Mamoswine|Mamoswine, L82, F|315/315\n|turn|13\n|\n|t:|1771191322\n|-terastallize|p1b: Gogoat|Ground\n|move|p2b: Mamoswine|Protect|p2b: Mamoswine\n|-singleturn|p2b: Mamoswine|Protect\n|move|p1a: Regieleki|Thunderbolt|p2a: Furret\n|-damage|p2a: Furret|123/325 psn\n|-enditem|p2a: Furret|Sitrus Berry|[eat]\n|-heal|p2a: Furret|204/325 psn|[from] item: Sitrus Berry\n|move|p2a: Furret|Body Slam|p1b: Gogoat\n|-damage|p1b: Gogoat|131/368 tox\n|move|p1b: Gogoat|Horn Leech|p2b: Mamoswine\n|-activate|p2b: Mamoswine|move: Protect\n|\n|-damage|p1a: Regieleki|0 fnt|[from] psn\n|faint|p1a: Regieleki\n|-damage|p2a: Furret|164/325 psn|[from] psn\n|-damage|p1b: Gogoat|62/368 tox|[from] psn\n|upkeep\n|turn|14\n|\n|t:|1771191344\n|move|p2b: Mamoswine|Ice Shard|p1b: Gogoat\n|-supereffective|p1b: Gogoat\n|-damage|p1b: Gogoat|0 fnt\n|faint|p1b: Gogoat\n|-damage|p2b: Mamoswine|284/315|[from] item: Life Orb\n|\n|win|megalokoi\n|raw|false seraph's rating: 1641 &rarr; <strong>1619</strong><br />(-22 for losing)\n|raw|megalokoi's rating: 1601 &rarr; <strong>1623</strong><br />(+22 for winning)\n|l|☆false seraph\n|player|p1|\n", "inputlog": ">version 686819e5e19f8a7fd2345cfc5a08a5085efa2cc3\n>start {\"formatid\":\"gen9randomdoublesbattle\",\"seed\":\"sodium,4d1dadfe681e636a49864f2b7455eb82\",\"rated\":\"Rated battle\"}\n>player p1 {\"name\":\"false seraph\",\"avatar\":\"ghetsis\",\"rating\":1641,\"seed\":\"sodium,c1de71e6cece53ecb476897996c79c27\"}\n>player p2 {\"name\":\"megalokoi\",\"avatar\":\"backpacker\",\"rating\":1601,\"seed\":\"sodium,f1b5b5c44a8d60c20cae98195baf1879\"}\n>p1 move fakeout +1, move muddywater\n>p2 switch 5, move fakeout +2\n>p1 move icywind, move freezedry +1\n>p2 move icywind terastallize, switch 4\n>p1 move foulplay +2, move freezedry +2\n>p2 move dracometeor +2, move uturn +2\n>p2 pass, switch 6\n>p1 move foulplay +1, move lifedew\n>p2 switch 6, move gunkshot +2\n>p1 switch 3, move muddywater\n>p2 move firstimpression +1, move gunkshot +2\n>p1 switch 3, pass\n>p2 switch 4, pass\n>p1 move knockoff +2, move muddywater\n>p2 move foulplay +2, move toxicspikes\n>p1 move gunkshot +1, move muddywater\n>p2 move icywind, move toxicspikes\n>p1 move toxicspikes, move muddywater\n>p2 switch 6, move knockoff +1\n>p1 move knockoff +1, move icywind\n>p2 move icywind, switch 6\n>p1 pass, switch 6\n>p1 move knockoff +2, move voltswitch +1\n>p2 move muddywater, move fakeout +2\n>p1 switch 4, pass\n>p1 move springtidestorm, move voltswitch +1\n>p2 move muddywater, move icywind\n>p1 pass, switch 5\n>p2 switch 3, switch 6\n>p1 move superpower +1, move highhorsepower +2\n>p2 move protect, move gunkshot +1\n>p1 switch 5, pass\n>p2 pass, switch 5\n>p1 move thunderbolt +1, move hornleech +2 terastallize\n>p2 move bodyslam +2, move protect\n>p1 pass, move hornleech +2\n>p2 move bodyslam +2, move iceshard +2", "uploadtime": 1771191351, "views": 50, "formatid": "gen9randomdoublesbattle", "rating": 1619, "private": 0, "password": null}