{"id": "gen9randomdoublesbattle-2534294922", "format": "[Gen 9] Random Doubles Battle", "players": ["Jenome", "giovanibrazil"], "log": "|j|☆Jenome\n|j|☆giovanibrazil\n|t:|1770405938\n|gametype|doubles\n|player|p1|Jenome|gentleman-gen4|1785\n|player|p2|giovanibrazil|bugcatcher-gen4dp|1714\n|gen|9\n|tier|[Gen 9] Random Doubles Battle\n|rated|\n|rule|Species Clause: Limit one of each Pokémon\n|rule|HP Percentage Mod: HP is shown in percentages\n|rule|Illusion Level Mod: Illusion disguises the Pokémon's true level\n|rule|Sleep Clause Mod: Limit one foe put to sleep\n|\n|t:|1770405938\n|teamsize|p1|6\n|teamsize|p2|6\n|start\n|switch|p1a: Magmar|Magmar, L84, F|246/246\n|switch|p1b: Chimecho|Chimecho, L94, F|293/293\n|switch|p2a: Milotic|Milotic, L81, F|287/287\n|switch|p2b: Crabominable|Crabominable, L89, M|317/317\n|turn|1\n|inactive|Battle timer is ON: inactive players will automatically lose when time's up. (requested by Jenome)\n|inactive|giovanibrazil has 120 seconds left.\n|\n|t:|1770405986\n|switch|p2b: Hoopa|Hoopa-Unbound, L80|259/259\n|move|p1a: Magmar|Heat Wave|p2a: Milotic|[spread] p2a,p2b\n|-resisted|p2a: Milotic\n|-crit|p2a: Milotic\n|-damage|p2a: Milotic|245/287\n|-damage|p2b: Hoopa|219/259\n|-status|p2a: Milotic|brn\n|move|p2a: Milotic|Icy Wind|p1b: Chimecho|[spread] p1a,p1b\n|-resisted|p1a: Magmar\n|-damage|p1a: Magmar|236/246\n|-damage|p1b: Chimecho|267/293\n|-unboost|p1a: Magmar|spe|1\n|-unboost|p1b: Chimecho|spe|1\n|move|p1b: Chimecho|Psychic|p2b: Hoopa\n|-immune|p2b: Hoopa\n|\n|-damage|p2a: Milotic|228/287 brn|[from] brn\n|upkeep\n|turn|2\n|inactive|giovanibrazil has 120 seconds left.\n|\n|t:|1770406030\n|switch|p1a: Deoxys|Deoxys-Defense, L88|231/231\n|-ability|p1a: Deoxys|Pressure\n|switch|p1b: Ting-Lu|Ting-Lu, L82|388/388\n|-ability|p1b: Ting-Lu|Vessel of Ruin\n|move|p2a: Milotic|Scald|p1a: Deoxys\n|-damage|p1a: Deoxys|195/231\n|move|p2b: Hoopa|Hyperspace Fury|p1a: Deoxys\n|-supereffective|p1a: Deoxys\n|-damage|p1a: Deoxys|33/231\n|-unboost|p2b: Hoopa|def|1\n|-enditem|p1a: Deoxys|Sitrus Berry|[eat]\n|-heal|p1a: Deoxys|90/231|[from] item: Sitrus Berry\n|\n|-damage|p2a: Milotic|211/287 brn|[from] brn\n|upkeep\n|turn|3\n|inactive|giovanibrazil has 120 seconds left.\n|inactive|giovanibrazil has 90 seconds left.\n|\n|t:|1770406079\n|move|p1a: Deoxys|Thunder Wave|p2b: Hoopa\n|-status|p2b: Hoopa|par\n|move|p2a: Milotic|Icy Wind|p1b: Ting-Lu|[spread] p1a,p1b\n|-supereffective|p1b: Ting-Lu\n|-damage|p1a: Deoxys|77/231\n|-damage|p1b: Ting-Lu|342/388\n|-unboost|p1a: Deoxys|spe|1\n|-unboost|p1b: Ting-Lu|spe|1\n|move|p2b: Hoopa|Hyperspace Fury|p1a: Deoxys\n|-supereffective|p1a: Deoxys\n|-damage|p1a: Deoxys|0 fnt\n|-unboost|p2b: Hoopa|def|1\n|faint|p1a: Deoxys\n|move|p1b: Ting-Lu|Stomping Tantrum|p2a: Milotic\n|-damage|p2a: Milotic|124/287 brn\n|-enditem|p2a: Milotic|Sitrus Berry|[eat]\n|-heal|p2a: Milotic|195/287 brn|[from] item: Sitrus Berry\n|\n|-damage|p2a: Milotic|178/287 brn|[from] brn\n|upkeep\n|inactive|Jenome has 120 seconds left.\n|\n|t:|1770406099\n|switch|p1a: Pawmot|Pawmot, L80, M|243/243\n|turn|4\n|\n|t:|1770406123\n|switch|p2a: Crabominable|Crabominable, L89, M|317/317\n|switch|p2b: Snorlax|Snorlax, L84, M|406/406\n|move|p1a: Pawmot|Fake Out|p2a: Crabominable\n|-damage|p2a: Crabominable|286/317\n|move|p1b: Ting-Lu|Stomping Tantrum|p2b: Snorlax\n|-damage|p2b: Snorlax|309/406\n|\n|upkeep\n|turn|5\n|inactive|giovanibrazil has 120 seconds left.\n|inactive|giovanibrazil has 90 seconds left.\n|\n|t:|1770406163\n|switch|p1a: Chimecho|Chimecho, L94, F|267/293\n|move|p2a: Crabominable|Ice Hammer|p1a: Chimecho\n|-damage|p1a: Chimecho|25/293\n|-unboost|p2a: Crabominable|spe|1\n|-enditem|p1a: Chimecho|Sitrus Berry|[eat]\n|-heal|p1a: Chimecho|98/293|[from] item: Sitrus Berry\n|-damage|p2a: Crabominable|255/317|[from] item: Life Orb\n|move|p2b: Snorlax|High Horsepower|p1a: Chimecho\n|-immune|p1a: Chimecho|[from] ability: Levitate\n|move|p1b: Ting-Lu|Ruination|p2a: Crabominable\n|-damage|p2a: Crabominable|128/317\n|\n|upkeep\n|turn|6\n|inactive|giovanibrazil has 90 seconds left.\n|inactive|giovanibrazil has 60 seconds left.\n|\n|t:|1770406236\n|switch|p2b: Milotic|Milotic, L81, F|178/287 brn\n|move|p1a: Chimecho|Psychic|p2a: Crabominable\n|-supereffective|p2a: Crabominable\n|-damage|p2a: Crabominable|0 fnt\n|faint|p2a: Crabominable\n|move|p1b: Ting-Lu|Ruination|p2b: Milotic\n|-damage|p2b: Milotic|89/287 brn\n|\n|-damage|p2b: Milotic|72/287 brn|[from] brn\n|upkeep\n|inactive|giovanibrazil has 30 seconds left.\n|\n|t:|1770406251\n|switch|p2a: Hoopa|Hoopa-Unbound, L80|219/259 par\n|turn|7\n|\n|t:|1770406261\n|move|p2b: Milotic|Scald|p1b: Ting-Lu\n|-supereffective|p1b: Ting-Lu\n|-damage|p1b: Ting-Lu|216/388\n|-status|p1b: Ting-Lu|brn\n|move|p1a: Chimecho|Psychic|p2b: Milotic\n|-damage|p2b: Milotic|6/287 brn\n|-unboost|p2b: Milotic|spd|1\n|-ability|p2b: Milotic|Competitive|boost\n|-boost|p2b: Milotic|spa|2\n|move|p2a: Hoopa|Hyperspace Fury|p1a: Chimecho\n|-supereffective|p1a: Chimecho\n|-damage|p1a: Chimecho|0 fnt\n|-unboost|p2a: Hoopa|def|1\n|faint|p1a: Chimecho\n|move|p1b: Ting-Lu|Ruination|p2a: Hoopa\n|-damage|p2a: Hoopa|110/259 par\n|\n|-damage|p2b: Milotic|0 fnt|[from] brn\n|faint|p2b: Milotic\n|-damage|p1b: Ting-Lu|192/388 brn|[from] brn\n|upkeep\n|-enditem|p1b: Ting-Lu|Sitrus Berry|[eat]\n|-heal|p1b: Ting-Lu|289/388 brn|[from] item: Sitrus Berry\n|inactive|giovanibrazil has 30 seconds left.\n|\n|t:|1770406295\n|switch|p2b: Gyarados|Gyarados, L80, M|283/283\n|switch|p1a: Magmar|Magmar, L84, F|236/246\n|-ability|p2b: Gyarados|Intimidate|boost\n|-unboost|p1a: Magmar|atk|1\n|-unboost|p1b: Ting-Lu|atk|1\n|turn|8\n|inactive|giovanibrazil has 30 seconds left.\n|inactive|Jenome has 120 seconds left.\n|\n|t:|1770406348\n|move|p1a: Magmar|Will-O-Wisp|p2b: Gyarados\n|-status|p2b: Gyarados|brn\n|move|p2b: Gyarados|Waterfall|p1a: Magmar\n|-supereffective|p1a: Magmar\n|-damage|p1a: Magmar|157/246\n|move|p2a: Hoopa|Focus Blast|p1b: Ting-Lu|[miss]\n|-miss|p2a: Hoopa|p1b: Ting-Lu\n|move|p1b: Ting-Lu|Ruination|p2a: Hoopa\n|-damage|p2a: Hoopa|55/259 par\n|\n|-damage|p2b: Gyarados|266/283 brn|[from] brn\n|-damage|p1b: Ting-Lu|265/388 brn|[from] brn\n|upkeep\n|turn|9\n|inactive|Jenome has 120 seconds left.\n|inactive|giovanibrazil has 30 seconds left.\n|inactive|giovanibrazil has 20 seconds left.\n|\n|t:|1770406386\n|switch|p1b: Sinistcha|Sinistcha-Masterpiece, L81|248/248\n|-heal|p1a: Magmar|218/246|[from] ability: Hospitality|[of] p1b: Sinistcha\n|move|p2b: Gyarados|Helping Hand|p2a: Hoopa\n|-singleturn|p2a: Hoopa|Helping Hand|[of] p2b: Gyarados\n|move|p1a: Magmar|Heat Wave|p2b: Gyarados|[spread] p2a,p2b\n|-resisted|p2b: Gyarados\n|-damage|p2a: Hoopa|15/259 par\n|-damage|p2b: Gyarados|233/283 brn\n|cant|p2a: Hoopa|par\n|\n|-damage|p2b: Gyarados|216/283 brn|[from] brn\n|upkeep\n|turn|10\n|inactive|Jenome has 120 seconds left.\n|\n|t:|1770406406\n|move|p1a: Magmar|Heat Wave|p2a: Hoopa|[spread] p2b\n|-miss|p1a: Magmar|p2a: Hoopa\n|-resisted|p2b: Gyarados\n|-damage|p2b: Gyarados|181/283 brn\n|move|p2b: Gyarados|Icy Wind|p1b: Sinistcha|[spread] p1a,p1b\n|-resisted|p1a: Magmar\n|-supereffective|p1b: Sinistcha\n|-damage|p1a: Magmar|211/246\n|-damage|p1b: Sinistcha|208/248\n|-unboost|p1a: Magmar|spe|1\n|-unboost|p1b: Sinistcha|spe|1\n|move|p2a: Hoopa|Hyperspace Fury|p1b: Sinistcha\n|-supereffective|p1b: Sinistcha\n|-damage|p1b: Sinistcha|0 fnt\n|-unboost|p2a: Hoopa|def|1\n|faint|p1b: Sinistcha\n|\n|-damage|p2b: Gyarados|164/283 brn|[from] brn\n|upkeep\n|\n|t:|1770406416\n|switch|p1b: Ting-Lu|Ting-Lu, L82|265/388 brn\n|-ability|p1b: Ting-Lu|Vessel of Ruin\n|turn|11\n|inactive|giovanibrazil has 60 seconds left.\n|\n|t:|1770406429\n|move|p2b: Gyarados|Icy Wind|p1b: Ting-Lu|[spread] p1a,p1b\n|-resisted|p1a: Magmar\n|-supereffective|p1b: Ting-Lu\n|-damage|p1a: Magmar|206/246\n|-damage|p1b: Ting-Lu|231/388 brn\n|-unboost|p1a: Magmar|spe|1\n|-unboost|p1b: Ting-Lu|spe|1\n|move|p1a: Magmar|Heat Wave|p2b: Gyarados|[spread] p2a,p2b\n|-resisted|p2b: Gyarados\n|-damage|p2a: Hoopa|0 fnt\n|-damage|p2b: Gyarados|136/283 brn\n|-enditem|p2b: Gyarados|Sitrus Berry|[eat]\n|-heal|p2b: Gyarados|206/283 brn|[from] item: Sitrus Berry\n|faint|p2a: Hoopa\n|move|p1b: Ting-Lu|Ruination|p2b: Gyarados\n|-damage|p2b: Gyarados|103/283 brn\n|\n|-damage|p2b: Gyarados|86/283 brn|[from] brn\n|-damage|p1b: Ting-Lu|207/388 brn|[from] brn\n|upkeep\n|\n|t:|1770406458\n|switch|p2a: Toxicroak|Toxicroak, L85, F|280/280\n|turn|12\n|\n|t:|1770406472\n|move|p2b: Gyarados|Helping Hand|p2a: Toxicroak\n|-singleturn|p2a: Toxicroak|Helping Hand|[of] p2b: Gyarados\n|move|p2a: Toxicroak|Close Combat|p1a: Magmar\n|-damage|p1a: Magmar|0 fnt\n|-unboost|p2a: Toxicroak|def|1\n|-unboost|p2a: Toxicroak|spd|1\n|faint|p1a: Magmar\n|-damage|p2a: Toxicroak|252/280|[from] item: Life Orb\n|move|p1b: Ting-Lu|Throat Chop|p2b: Gyarados\n|-damage|p2b: Gyarados|33/283 brn\n|-start|p2b: Gyarados|Throat Chop|[silent]\n|\n|-damage|p2b: Gyarados|16/283 brn|[from] brn\n|-damage|p1b: Ting-Lu|183/388 brn|[from] brn\n|upkeep\n|\n|t:|1770406482\n|switch|p1a: Pawmot|Pawmot, L80, M|243/243\n|turn|13\n|inactive|giovanibrazil has 60 seconds left.\n|\n|t:|1770406511\n|move|p1a: Pawmot|Revival Blessing|p1a: Pawmot\n|\n|t:|1770406520\n|-heal|p1: Sinistcha|124/248|[from] move: Revival Blessing\n|move|p2a: Toxicroak|Close Combat|p1b: Ting-Lu\n|-supereffective|p1b: Ting-Lu\n|-damage|p1b: Ting-Lu|0 fnt\n|-unboost|p2a: Toxicroak|def|1\n|-unboost|p2a: Toxicroak|spd|1\n|faint|p1b: Ting-Lu\n|-damage|p2a: Toxicroak|224/280|[from] item: Life Orb\n|move|p2b: Gyarados|Taunt|p1a: Pawmot\n|-start|p1a: Pawmot|move: Taunt\n|\n|-damage|p2b: Gyarados|0 fnt|[from] brn\n|faint|p2b: Gyarados\n|upkeep\n|inactive|giovanibrazil has 60 seconds left.\n|\n|t:|1770406535\n|switch|p2b: Snorlax|Snorlax, L84, M|309/406\n|switch|p1b: Sinistcha|Sinistcha-Masterpiece, L81|124/248\n|turn|14\n|inactive|giovanibrazil has 60 seconds left.\n|\n|t:|1770406573\n|-terastallize|p2b: Snorlax|Ground\n|move|p1a: Pawmot|Double Shock|p2a: Toxicroak\n|-damage|p2a: Toxicroak|0 fnt\n|-start|p1a: Pawmot|typechange|???/Fighting|[from] move: Double Shock\n|faint|p2a: Toxicroak\n|move|p1b: Sinistcha|Matcha Gotcha|p2b: Snorlax\n|-supereffective|p2b: Snorlax\n|-damage|p2b: Snorlax|157/406\n|-heal|p1b: Sinistcha|200/248|[from] drain|[of] p2b: Snorlax\n|-status|p2b: Snorlax|brn\n|move|p2b: Snorlax|High Horsepower|p1a: Pawmot\n|-damage|p1a: Pawmot|136/243\n|\n|-damage|p2b: Snorlax|132/406 brn|[from] brn\n|upkeep\n|turn|15\n|inactive|giovanibrazil has 60 seconds left.\n|c|☆giovanibrazil|gg wp\n|-message|giovanibrazil forfeited.\n|\n|win|Jenome\n|raw|Jenome's rating: 1785 &rarr; <strong>1801</strong><br />(+16 for winning)\n|raw|giovanibrazil's rating: 1714 &rarr; <strong>1698</strong><br />(-16 for losing)\n|c|☆Jenome|gg\n|l|☆giovanibrazil\n|player|p2|\n", "inputlog": ">version ccdc32dd7cde25fd9e4bed64820e885f66e78a4e\n>start {\"formatid\":\"gen9randomdoublesbattle\",\"seed\":\"sodium,5ed989b9f81e200a32598f071fe509f4\",\"rated\":\"Rated battle\"}\n>player p1 {\"name\":\"Jenome\",\"avatar\":\"gentleman-gen4\",\"rating\":1785,\"seed\":\"sodium,8aa0715bc45d6ad9e68c540dbaf352b2\"}\n>player p2 {\"name\":\"giovanibrazil\",\"avatar\":\"bugcatcher-gen4dp\",\"rating\":1714,\"seed\":\"sodium,b2c7c60b84c4acf43685348562835379\"}\n>p1 move heatwave, move psychic +2\n>p2 move icywind, switch 6\n>p1 switch 4, switch 5\n>p2 move scald +1, move hyperspacefury +1\n>p1 move thunderwave +2, move stompingtantrum +1\n>p2 move icywind, move hyperspacefury +1\n>p1 switch 6, pass\n>p1 move fakeout +1, move stompingtantrum +2\n>p2 switch 6, switch 5\n>p1 switch 5, move ruination +1\n>p2 move icehammer +1, move highhorsepower +1\n>p1 move psychic +1, move ruination +2\n>p2 move icehammer +2, switch 6\n>p2 switch 5, pass\n>p1 move psychic +2, move ruination +1\n>p2 move hyperspacefury +1, move scald +2\n>p1 switch 4, pass\n>p2 pass, switch 4\n>p1 move willowisp +2, move ruination +1\n>p2 move focusblast +2, move waterfall +1\n>p1 move heatwave, switch 3\n>p2 move hyperspacefury +1, move helpinghand -1\n>p1 move heatwave, move matchagotcha\n>p2 move hyperspacefury +2, move icywind\n>p1 pass, switch 3\n>p1 move heatwave, move ruination +2\n>p2 move hyperspacefury +1, move icywind\n>p2 switch 3, pass\n>p1 move willowisp +1, move throatchop +2\n>p2 move closecombat +1, move helpinghand -1\n>p1 switch 5, pass\n>p1 move revivalblessing, move stompingtantrum +1\n>p2 move closecombat +2, move taunt +1\n>p1 switch 3, pass\n>p1 pass, switch 3\n>p2 pass, switch 6\n>p1 move doubleshock +1, move matchagotcha\n>p2 move gunkshot +2, move highhorsepower +1 terastallize\n>chat ☆giovanibrazil|gg wp\n>forcelose p2", "uploadtime": 1770406606, "views": 86, "formatid": "gen9randomdoublesbattle", "rating": 1698, "private": 0, "password": null}