{"id": "gen9randomdoublesbattle-2535104390", "format": "[Gen 9] Random Doubles Battle", "players": ["gualagualaguala", "AceTrainerTen"], "log": "|j|☆gualagualaguala\n|j|☆AceTrainerTen\n|t:|1770514335\n|gametype|doubles\n|player|p1|gualagualaguala|2|1662\n|player|p2|AceTrainerTen|unknown|1584\n|gen|9\n|tier|[Gen 9] Random Doubles Battle\n|rated|\n|rule|Species Clause: Limit one of each Pokémon\n|rule|HP Percentage Mod: HP is shown in percentages\n|rule|Illusion Level Mod: Illusion disguises the Pokémon's true level\n|rule|Sleep Clause Mod: Limit one foe put to sleep\n|\n|t:|1770514335\n|teamsize|p1|6\n|teamsize|p2|6\n|start\n|switch|p1a: Quagsire|Quagsire, L91, F|321/321\n|switch|p1b: Cobalion|Cobalion, L79|273/273\n|switch|p2a: Lugia|Lugia, L71|268/268\n|switch|p2b: Archaludon|Archaludon, L77, F|265/265\n|turn|1\n|inactive|Battle timer is ON: inactive players will automatically lose when time's up. (requested by gualagualaguala)\n|\n|t:|1770514367\n|move|p1b: Cobalion|Thunder Wave|p2a: Lugia\n|-status|p2a: Lugia|par\n|move|p2b: Archaludon|Snarl|p1a: Quagsire|[spread] p1a,p1b\n|-resisted|p1b: Cobalion\n|-damage|p1a: Quagsire|288/321\n|-damage|p1b: Cobalion|254/273\n|-unboost|p1a: Quagsire|spa|1\n|-unboost|p1b: Cobalion|spa|1\n|-ability|p1b: Cobalion|Justified|boost\n|-boost|p1b: Cobalion|atk|1\n|move|p1a: Quagsire|High Horsepower|p2b: Archaludon\n|-supereffective|p2b: Archaludon\n|-damage|p2b: Archaludon|91/265\n|-ability|p2b: Archaludon|Stamina|boost\n|-boost|p2b: Archaludon|def|1\n|move|p2a: Lugia|Calm Mind|p2a: Lugia\n|-boost|p2a: Lugia|spa|1\n|-boost|p2a: Lugia|spd|1\n|\n|-heal|p1a: Quagsire|308/321|[from] item: Leftovers\n|upkeep\n|turn|2\n|\n|t:|1770514386\n|move|p1b: Cobalion|Coaching|p1a: Quagsire\n|-boost|p1a: Quagsire|atk|1\n|-boost|p1a: Quagsire|def|1\n|move|p2b: Archaludon|Body Press|p1b: Cobalion\n|-supereffective|p1b: Cobalion\n|-damage|p1b: Cobalion|110/273\n|-enditem|p1b: Cobalion|Sitrus Berry|[eat]\n|-heal|p1b: Cobalion|178/273|[from] item: Sitrus Berry\n|move|p1a: Quagsire|High Horsepower|p2b: Archaludon\n|-supereffective|p2b: Archaludon\n|-damage|p2b: Archaludon|0 fnt\n|faint|p2b: Archaludon\n|move|p2a: Lugia|Calm Mind|p2a: Lugia\n|-boost|p2a: Lugia|spa|1\n|-boost|p2a: Lugia|spd|1\n|\n|-heal|p1a: Quagsire|321/321|[from] item: Leftovers\n|upkeep\n|\n|t:|1770514401\n|switch|p2b: Persian|Persian, L92, F|269/269\n|turn|3\n|\n|t:|1770514411\n|move|p2b: Persian|Fake Out|p1a: Quagsire\n|-damage|p1a: Quagsire|273/321\n|move|p1b: Cobalion|Thunder Wave|p2b: Persian\n|-status|p2b: Persian|par\n|cant|p1a: Quagsire|flinch\n|cant|p2a: Lugia|par\n|\n|-heal|p1a: Quagsire|293/321|[from] item: Leftovers\n|upkeep\n|turn|4\n|\n|t:|1770514429\n|move|p1b: Cobalion|Coaching|p1a: Quagsire\n|-boost|p1a: Quagsire|atk|1\n|-boost|p1a: Quagsire|def|1\n|move|p2b: Persian|U-turn|p1a: Quagsire\n|-damage|p1a: Quagsire|268/321\n|\n|t:|1770514439\n|switch|p2b: Serperior|Serperior, L80, M|251/251|[from] U-turn\n|move|p1a: Quagsire|Liquidation|p2a: Lugia\n|-damage|p2a: Lugia|190/268 par\n|cant|p2a: Lugia|par\n|\n|-heal|p1a: Quagsire|288/321|[from] item: Leftovers\n|-heal|p2a: Lugia|206/268 par|[from] item: Leftovers\n|upkeep\n|turn|5\n|\n|t:|1770514451\n|move|p2b: Serperior|Protect|p2b: Serperior\n|-singleturn|p2b: Serperior|Protect\n|move|p1b: Cobalion|Thunder Wave|p2b: Serperior\n|-activate|p2b: Serperior|move: Protect\n|move|p1a: Quagsire|Liquidation|p2a: Lugia\n|-damage|p2a: Lugia|35/268 par\n|move|p2a: Lugia|Earth Power|p1b: Cobalion\n|-supereffective|p1b: Cobalion\n|-damage|p1b: Cobalion|0 fnt\n|faint|p1b: Cobalion\n|\n|-heal|p1a: Quagsire|308/321|[from] item: Leftovers\n|-heal|p2a: Lugia|51/268 par|[from] item: Leftovers\n|upkeep\n|\n|t:|1770514457\n|switch|p1b: Raging Bolt|Raging Bolt, L77|319/319\n|turn|6\n|\n|t:|1770514476\n|-terastallize|p1a: Quagsire|Fire\n|-terastallize|p2a: Lugia|Ground\n|move|p2b: Serperior|Leaf Storm|p1a: Quagsire\n|-resisted|p1a: Quagsire\n|-damage|p1a: Quagsire|235/321\n|-boost|p2b: Serperior|spa|2\n|-damage|p2b: Serperior|226/251|[from] item: Life Orb\n|move|p1b: Raging Bolt|Draco Meteor|p2b: Serperior|[miss]\n|-miss|p1b: Raging Bolt|p2b: Serperior\n|move|p1a: Quagsire|Liquidation|p2a: Lugia\n|-supereffective|p2a: Lugia\n|-damage|p2a: Lugia|0 fnt\n|faint|p2a: Lugia\n|\n|-heal|p1a: Quagsire|255/321|[from] item: Leftovers\n|upkeep\n|\n|t:|1770514495\n|switch|p2a: Regidrago|Regidrago, L74|418/418\n|turn|7\n|\n|t:|1770514523\n|move|p2a: Regidrago|Dragon Energy|p1b: Raging Bolt|[spread] p1a,p1b\n|-supereffective|p1b: Raging Bolt\n|-damage|p1a: Quagsire|104/321\n|-damage|p1b: Raging Bolt|119/319\n|move|p2b: Serperior|Knock Off|p1a: Quagsire\n|-damage|p1a: Quagsire|69/321\n|-enditem|p1a: Quagsire|Leftovers|[from] move: Knock Off|[of] p2b: Serperior\n|-damage|p2b: Serperior|201/251|[from] item: Life Orb\n|move|p1b: Raging Bolt|Draco Meteor|p2b: Serperior\n|-damage|p2b: Serperior|50/251\n|-unboost|p1b: Raging Bolt|spa|2\n|move|p1a: Quagsire|High Horsepower|p2a: Regidrago\n|-damage|p2a: Regidrago|69/418\n|\n|upkeep\n|turn|8\n|\n|t:|1770514549\n|switch|p2a: Persian|Persian, L92, F|269/269 par\n|move|p1b: Raging Bolt|Thunderclap||[still]\n|-fail|p1b: Raging Bolt\n|move|p2b: Serperior|Leaf Storm|p1a: Quagsire\n|-resisted|p1a: Quagsire\n|-damage|p1a: Quagsire|0 fnt\n|-boost|p2b: Serperior|spa|2\n|faint|p1a: Quagsire\n|-damage|p2b: Serperior|25/251|[from] item: Life Orb\n|\n|upkeep\n|inactive|gualagualaguala has 120 seconds left.\n|\n|t:|1770514560\n|switch|p1a: Chimecho|Chimecho, L94, F|293/293\n|turn|9\n|\n|t:|1770514568\n|move|p2b: Serperior|Protect|p2b: Serperior\n|-singleturn|p2b: Serperior|Protect\n|move|p1b: Raging Bolt|Thunderclap||[still]\n|-fail|p1b: Raging Bolt\n|move|p1a: Chimecho|Icy Wind|p2a: Persian|[spread] p2a\n|-activate|p2b: Serperior|move: Protect\n|-damage|p2a: Persian|225/269 par\n|-unboost|p2a: Persian|spe|1\n|move|p2a: Persian|Icy Wind|p1a: Chimecho|[spread] p1a,p1b\n|-supereffective|p1b: Raging Bolt\n|-damage|p1a: Chimecho|261/293\n|-damage|p1b: Raging Bolt|59/319\n|-unboost|p1a: Chimecho|spe|1\n|-unboost|p1b: Raging Bolt|spe|1\n|\n|upkeep\n|turn|10\n|\n|t:|1770514587\n|move|p2b: Serperior|Protect||[still]\n|-fail|p2b: Serperior\n|move|p1b: Raging Bolt|Thunderclap||[still]\n|-fail|p1b: Raging Bolt\n|move|p1a: Chimecho|Icy Wind|p2b: Serperior|[spread] p2a\n|-miss|p1a: Chimecho|p2b: Serperior\n|-damage|p2a: Persian|184/269 par\n|-unboost|p2a: Persian|spe|1\n|move|p2a: Persian|Icy Wind|p1a: Chimecho|[spread] p1a,p1b\n|-supereffective|p1b: Raging Bolt\n|-damage|p1a: Chimecho|230/293\n|-damage|p1b: Raging Bolt|5/319\n|-unboost|p1a: Chimecho|spe|1\n|-unboost|p1b: Raging Bolt|spe|1\n|\n|upkeep\n|turn|11\n|\n|t:|1770514606\n|-end|p1b: Raging Bolt|Protosynthesis|[silent]\n|switch|p1b: Grumpig|Grumpig, L91, F|293/293\n|move|p2b: Serperior|Protect|p2b: Serperior\n|-singleturn|p2b: Serperior|Protect\n|move|p1a: Chimecho|Icy Wind|p2a: Persian|[spread] p2a\n|-activate|p2b: Serperior|move: Protect\n|-damage|p2a: Persian|144/269 par\n|-unboost|p2a: Persian|spe|1\n|move|p2a: Persian|Icy Wind|p1a: Chimecho|[spread] p1a,p1b\n|-damage|p1a: Chimecho|198/293\n|-damage|p1b: Grumpig|277/293\n|-unboost|p1a: Chimecho|spe|1\n|-unboost|p1b: Grumpig|spe|1\n|\n|upkeep\n|turn|12\n|\n|t:|1770514622\n|move|p2b: Serperior|Leaf Storm|p1b: Grumpig\n|-damage|p1b: Grumpig|0 fnt\n|-boost|p2b: Serperior|spa|2\n|faint|p1b: Grumpig\n|-damage|p2b: Serperior|0 fnt|[from] item: Life Orb\n|faint|p2b: Serperior\n|move|p1a: Chimecho|Psychic|p2a: Persian\n|-damage|p2a: Persian|17/269 par\n|move|p2a: Persian|U-turn|p1a: Chimecho\n|-supereffective|p1a: Chimecho\n|-damage|p1a: Chimecho|104/293\n|-enditem|p1a: Chimecho|Sitrus Berry|[eat]\n|-heal|p1a: Chimecho|177/293|[from] item: Sitrus Berry\n|\n|t:|1770514635\n|switch|p2a: Regidrago|Regidrago, L74|69/418|[from] U-turn\n|\n|upkeep\n|\n|t:|1770514648\n|switch|p2b: Persian|Persian, L92, F|17/269 par\n|switch|p1b: Raging Bolt|Raging Bolt, L77|5/319\n|turn|13\n|\n|t:|1770514661\n|move|p2b: Persian|Fake Out|p1b: Raging Bolt\n|-damage|p1b: Raging Bolt|0 fnt\n|faint|p1b: Raging Bolt\n|-end|p1b: Raging Bolt|Protosynthesis|[silent]\n|move|p2a: Regidrago|Draco Meteor|p1a: Chimecho\n|-damage|p1a: Chimecho|30/293\n|-unboost|p2a: Regidrago|spa|2\n|move|p1a: Chimecho|Icy Wind|p2a: Regidrago|[spread] p2b\n|-miss|p1a: Chimecho|p2a: Regidrago\n|-damage|p2b: Persian|0 fnt\n|faint|p2b: Persian\n|\n|upkeep\n|\n|t:|1770514672\n|switch|p2b: Spiritomb|Spiritomb, L89, M|234/234\n|switch|p1b: Samurott|Samurott-Hisui, L83, F|285/285\n|turn|14\n|\n|t:|1770514680\n|move|p1b: Samurott|Protect|p1b: Samurott\n|-singleturn|p1b: Samurott|Protect\n|move|p2a: Regidrago|Draco Meteor|p1a: Chimecho\n|-damage|p1a: Chimecho|0 fnt\n|-unboost|p2a: Regidrago|spa|2\n|faint|p1a: Chimecho\n|move|p2b: Spiritomb|Will-O-Wisp|p1b: Samurott\n|-activate|p1b: Samurott|move: Protect\n|\n|upkeep\n|turn|15\n|\n|t:|1770514691\n|move|p2a: Regidrago|Draco Meteor|p1b: Samurott|[miss]\n|-miss|p2a: Regidrago|p1b: Samurott\n|move|p1b: Samurott|Razor Shell|p2b: Spiritomb\n|-crit|p2b: Spiritomb\n|-damage|p2b: Spiritomb|38/234\n|-unboost|p2b: Spiritomb|def|1\n|-enditem|p2b: Spiritomb|Sitrus Berry|[eat]\n|-heal|p2b: Spiritomb|96/234|[from] item: Sitrus Berry\n|-damage|p1b: Samurott|257/285|[from] item: Life Orb\n|move|p2b: Spiritomb|Will-O-Wisp|p1b: Samurott\n|-status|p1b: Samurott|brn\n|\n|-damage|p1b: Samurott|240/285 brn|[from] brn\n|upkeep\n|turn|16\n|\n|t:|1770514714\n|move|p2b: Spiritomb|Helping Hand|p2a: Regidrago\n|-singleturn|p2a: Regidrago|Helping Hand|[of] p2b: Spiritomb\n|move|p2a: Regidrago|Draco Meteor|p1b: Samurott|[miss]\n|-miss|p2a: Regidrago|p1b: Samurott\n|move|p1b: Samurott|Razor Shell|p2b: Spiritomb\n|-damage|p2b: Spiritomb|2/234\n|-damage|p1b: Samurott|212/285 brn|[from] item: Life Orb\n|\n|-damage|p1b: Samurott|195/285 brn|[from] brn\n|upkeep\n|turn|17\n|inactive|AceTrainerTen has 120 seconds left.\n|\n|t:|1770514767\n|move|p2a: Regidrago|Draco Meteor|p1b: Samurott\n|-damage|p1b: Samurott|131/285 brn\n|-unboost|p2a: Regidrago|spa|2\n|move|p1b: Samurott|Razor Shell|p2a: Regidrago\n|-resisted|p2a: Regidrago\n|-damage|p2a: Regidrago|3/418\n|-unboost|p2a: Regidrago|def|1\n|-damage|p1b: Samurott|103/285 brn|[from] item: Life Orb\n|move|p2b: Spiritomb|Icy Wind|p1b: Samurott|[miss]\n|-miss|p2b: Spiritomb|p1b: Samurott\n|\n|-damage|p1b: Samurott|86/285 brn|[from] brn\n|upkeep\n|turn|18\n|inactive|AceTrainerTen has 120 seconds left.\n|\n|t:|1770514783\n|move|p2b: Spiritomb|Helping Hand|p2a: Regidrago\n|-singleturn|p2a: Regidrago|Helping Hand|[of] p2b: Spiritomb\n|move|p2a: Regidrago|Draco Meteor|p1b: Samurott\n|-damage|p1b: Samurott|7/285 brn\n|move|p1b: Samurott|Razor Shell|p2a: Regidrago\n|-resisted|p2a: Regidrago\n|-damage|p2a: Regidrago|0 fnt\n|faint|p2a: Regidrago\n|-damage|p1b: Samurott|0 fnt|[from] item: Life Orb\n|faint|p1b: Samurott\n|\n|win|AceTrainerTen\n|raw|gualagualaguala's rating: 1662 &rarr; <strong>1638</strong><br />(-24 for losing)\n|raw|AceTrainerTen's rating: 1584 &rarr; <strong>1608</strong><br />(+24 for winning)\n|c|☆gualagualaguala|Man close game\n|c|☆gualagualaguala|Ggs\n|c|☆AceTrainerTen|Couldn’t be closer\n|c|☆gualagualaguala|That's nuts\n", "inputlog": ">version ccdc32dd7cde25fd9e4bed64820e885f66e78a4e\n>start {\"formatid\":\"gen9randomdoublesbattle\",\"seed\":\"sodium,bea76eecb225c04d0562bb4433894238\",\"rated\":\"Rated battle\"}\n>player p1 {\"name\":\"gualagualaguala\",\"avatar\":\"2\",\"rating\":1662,\"seed\":\"sodium,795614a19d10e6390e1ac6fb97d6f3fa\"}\n>player p2 {\"name\":\"AceTrainerTen\",\"avatar\":\"unknown\",\"rating\":1584,\"seed\":\"sodium,c276ca8ce1e5897ecd882acc5598d2e2\"}\n>p1 move highhorsepower +2, move thunderwave +1\n>p2 move calmmind, move snarl\n>p1 move highhorsepower +2, move coaching -1\n>p2 move calmmind, move bodypress +2\n>p2 pass, switch 4\n>p1 move liquidation +1, move thunderwave +2\n>p2 move earthpower +2, move fakeout +1\n>p1 move liquidation +1, move coaching -1\n>p2 move earthpower +2, move uturn +1\n>p2 pass, switch 6\n>p1 move liquidation +1, move thunderwave +2\n>p2 move earthpower +2, move protect\n>p1 pass, switch 3\n>p1 move liquidation +1 terastallize, move dracometeor +2\n>p2 move recover terastallize, move leafstorm +1\n>p2 switch 3, pass\n>p1 move highhorsepower +1, move dracometeor +2\n>p2 move dragonenergy, move knockoff +1\n>p1 move highhorsepower +1, move thunderclap +1\n>p2 switch 6, move leafstorm +1\n>p1 switch 5, pass\n>p1 move icywind, move thunderclap +2\n>p2 move icywind, move protect\n>p1 move icywind, move thunderclap +2\n>p2 move icywind, move protect\n>p1 move icywind, switch 6\n>p2 move icywind, move protect\n>p1 move psychic +1, move dazzlinggleam\n>p2 move uturn +1, move leafstorm +2\n>p2 switch 6, pass\n>p1 pass, switch 6\n>p2 pass, switch 6\n>p1 move icywind, move thunderclap +1\n>p2 move dracometeor +1, move fakeout +2\n>p1 pass, switch 4\n>p2 pass, switch 5\n>p1 move icywind, move protect\n>p2 move dracometeor +1, move willowisp +2\n>p1 pass, move razorshell +2\n>p2 move dracometeor +1, move willowisp +1\n>p1 pass, move razorshell +2\n>p2 move dracometeor +1, move helpinghand -1\n>p1 pass, move razorshell +1\n>p2 move dracometeor +1, move icywind\n>p1 pass, move razorshell +1\n>p2 move dracometeor +1, move helpinghand -1", "uploadtime": 1770514803, "views": 113, "formatid": "gen9randomdoublesbattle", "rating": 1608, "private": 0, "password": null}