{"id": "gen9randomdoublesbattle-2536434708", "format": "[Gen 9] Random Doubles Battle", "players": ["mashing a", "jaguilar1989"], "log": "|j|☆mashing a\n|j|☆jaguilar1989\n|t:|1770687622\n|gametype|doubles\n|player|p1|mashing a|101|1708\n|player|p2|jaguilar1989|101|1761\n|gen|9\n|tier|[Gen 9] Random Doubles Battle\n|rated|\n|rule|Species Clause: Limit one of each Pokémon\n|rule|HP Percentage Mod: HP is shown in percentages\n|rule|Illusion Level Mod: Illusion disguises the Pokémon's true level\n|rule|Sleep Clause Mod: Limit one foe put to sleep\n|\n|t:|1770687622\n|teamsize|p1|6\n|teamsize|p2|6\n|start\n|switch|p1a: Glalie|Glalie, L94, M|303/303\n|switch|p1b: Rhyperior|Rhyperior, L82, F|323/323\n|switch|p2a: Weezing|Weezing-Galar, L88, F|258/258\n|switch|p2b: Seviper|Seviper, L96, F|296/296\n|turn|1\n|inactive|Battle timer is ON: inactive players will automatically lose when time's up. (requested by mashing a)\n|inactive|jaguilar1989 has 120 seconds left.\n|\n|t:|1770687656\n|switch|p2b: Articuno|Articuno, L82|282/282\n|-ability|p2b: Articuno|Pressure\n|move|p1b: Rhyperior|Protect|p1b: Rhyperior\n|-singleturn|p1b: Rhyperior|Protect\n|move|p1a: Glalie|Icy Wind|p2a: Weezing|[spread] p2a,p2b\n|-damage|p2a: Weezing|207/258\n|-damage|p2b: Articuno|242/282\n|-unboost|p2a: Weezing|spe|1\n|-unboost|p2b: Articuno|spe|1\n|move|p2a: Weezing|Dazzling Gleam|p1a: Glalie|[spread] p1a\n|-activate|p1b: Rhyperior|move: Protect\n|-damage|p1a: Glalie|220/303\n|-damage|p2a: Weezing|182/258|[from] item: Life Orb\n|\n|upkeep\n|turn|2\n|\n|t:|1770687674\n|switch|p2b: Scream Tail|Scream Tail, L82|323/323\n|move|p1a: Glalie|Icy Wind|p2a: Weezing|[spread] p2a,p2b\n|-damage|p2a: Weezing|133/258\n|-damage|p2b: Scream Tail|286/323\n|-unboost|p2a: Weezing|spe|1\n|-unboost|p2b: Scream Tail|spe|1\n|move|p1b: Rhyperior|Rock Polish|p1b: Rhyperior\n|-boost|p1b: Rhyperior|spe|2\n|move|p2a: Weezing|Fire Blast|p1a: Glalie\n|-supereffective|p1a: Glalie\n|-damage|p1a: Glalie|30/303\n|-enditem|p1a: Glalie|Sitrus Berry|[eat]\n|-heal|p1a: Glalie|105/303|[from] item: Sitrus Berry\n|-damage|p2a: Weezing|108/258|[from] item: Life Orb\n|\n|upkeep\n|turn|3\n|inactive|mashing a has 120 seconds left.\n|\n|t:|1770687706\n|move|p1b: Rhyperior|Protect|p1b: Rhyperior\n|-singleturn|p1b: Rhyperior|Protect\n|move|p1a: Glalie|Disable|p2a: Weezing\n|-start|p2a: Weezing|Disable|Fire Blast\n|move|p2b: Scream Tail|Stealth Rock|p1b: Rhyperior\n|-sidestart|p1: mashing a|move: Stealth Rock\n|cant|p2a: Weezing|Disable|Fire Blast\n|\n|upkeep\n|turn|4\n|\n|t:|1770687724\n|move|p1b: Rhyperior|Rock Slide|p2b: Scream Tail|[spread] p2a,p2b\n|-damage|p2a: Weezing|51/258\n|-damage|p2b: Scream Tail|220/323\n|move|p1a: Glalie|Freeze-Dry|p2b: Scream Tail\n|-damage|p2b: Scream Tail|150/323\n|-enditem|p2b: Scream Tail|Sitrus Berry|[eat]\n|-heal|p2b: Scream Tail|230/323|[from] item: Sitrus Berry\n|cant|p2b: Scream Tail|flinch\n|cant|p2a: Weezing|flinch\n|\n|upkeep\n|turn|5\n|\n|t:|1770687750\n|-end|p2b: Scream Tail|Protosynthesis|[silent]\n|switch|p2b: Houndstone|Houndstone, L73, F|226/226\n|move|p1b: Rhyperior|Rock Slide|p2b: Houndstone|[spread] p2a,p2b\n|-damage|p2a: Weezing|0 fnt\n|-damage|p2b: Houndstone|142/226\n|faint|p2a: Weezing\n|move|p1a: Glalie|Freeze-Dry|p2b: Houndstone\n|-damage|p2b: Houndstone|55/226\n|\n|upkeep\n|-message|jaguilar1989 forfeited.\n|\n|win|mashing a\n|raw|mashing a's rating: 1708 &rarr; <strong>1731</strong><br />(+23 for winning)\n|raw|jaguilar1989's rating: 1761 &rarr; <strong>1738</strong><br />(-23 for losing)\n|l|☆jaguilar1989\n|player|p2|\n", "inputlog": ">version ccdc32dd7cde25fd9e4bed64820e885f66e78a4e\n>start {\"formatid\":\"gen9randomdoublesbattle\",\"seed\":\"sodium,62d0c1fcf1463f1937119b88b8469e4e\",\"rated\":\"Rated battle\"}\n>player p1 {\"name\":\"mashing a\",\"avatar\":\"101\",\"rating\":1708,\"seed\":\"sodium,70b0823a32239dd9245b429e0f0e106c\"}\n>player p2 {\"name\":\"jaguilar1989\",\"avatar\":\"101\",\"rating\":1761,\"seed\":\"sodium,78ccedd028cb2df9b74be713a94651a4\"}\n>p1 move icywind, move protect\n>p2 move dazzlinggleam, switch 5\n>p1 move icywind, move rockpolish\n>p2 move fireblast +1, switch 4\n>p1 move disable +1, move protect\n>p2 move fireblast +1, move stealthrock\n>p1 move freezedry +2, move rockslide\n>p2 move dazzlinggleam, move playrough +2\n>p1 move freezedry +1, move rockslide\n>p2 move dazzlinggleam, switch 3\n>forcelose p2", "uploadtime": 1770687759, "views": 67, "formatid": "gen9randomdoublesbattle", "rating": 1731, "private": 0, "password": null}