{"id": "gen9randomdoublesbattle-2537893375", "format": "[Gen 9] Random Doubles Battle", "players": ["pejelegante", "Bondguy"], "log": "|j|☆pejelegante\n|j|☆Bondguy\n|t:|1770860431\n|gametype|doubles\n|player|p1|pejelegante|hugh|1825\n|player|p2|Bondguy|2|1908\n|gen|9\n|tier|[Gen 9] Random Doubles Battle\n|rated|\n|rule|Species Clause: Limit one of each Pokémon\n|rule|HP Percentage Mod: HP is shown in percentages\n|rule|Illusion Level Mod: Illusion disguises the Pokémon's true level\n|rule|Sleep Clause Mod: Limit one foe put to sleep\n|\n|t:|1770860431\n|teamsize|p1|6\n|teamsize|p2|6\n|start\n|switch|p1a: Corviknight|Corviknight, L80, F|288/288\n|switch|p1b: Inteleon|Inteleon, L78, M|237/237\n|switch|p2a: Gumshoos|Gumshoos, L93, F|315/315\n|switch|p2b: Lumineon|Lumineon, L92, F|276/276\n|turn|1\n|inactive|Battle timer is ON: inactive players will automatically lose when time's up. (requested by Bondguy)\n|inactive|pejelegante also wants the timer to be on.\n|inactive|pejelegante has 120 seconds left.\n|\n|t:|1770860466\n|move|p1b: Inteleon|Muddy Water|p2b: Lumineon|[spread] p2a\n|-ability|p2b: Lumineon|Storm Drain|boost\n|-boost|p2b: Lumineon|spa|1\n|-damage|p2a: Gumshoos|171/315\n|move|p2b: Lumineon|Hydro Pump|p1a: Corviknight\n|-damage|p1a: Corviknight|101/288\n|-enditem|p1a: Corviknight|Sitrus Berry|[eat]\n|-heal|p1a: Corviknight|173/288|[from] item: Sitrus Berry\n|move|p1a: Corviknight|Tailwind|p1a: Corviknight\n|-sidestart|p1: pejelegante|move: Tailwind\n|move|p2a: Gumshoos|Double-Edge|p1b: Inteleon\n|-damage|p1b: Inteleon|0 fnt\n|faint|p1b: Inteleon\n|-damage|p2a: Gumshoos|93/315|[from] Recoil\n|\n|upkeep\n|\n|t:|1770860474\n|switch|p1b: Komala|Komala, L92, F|269/269\n|-ability|p1b: Komala|Comatose\n|turn|2\n|\n|t:|1770860484\n|move|p1b: Komala|Double-Edge|p2b: Lumineon\n|-damage|p2b: Lumineon|107/276\n|-enditem|p2b: Lumineon|Sitrus Berry|[eat]\n|-heal|p2b: Lumineon|176/276|[from] item: Sitrus Berry\n|-damage|p1b: Komala|213/269|[from] Recoil\n|move|p1a: Corviknight|Brave Bird|p2a: Gumshoos\n|-damage|p2a: Gumshoos|0 fnt\n|faint|p2a: Gumshoos\n|-damage|p1a: Corviknight|142/288|[from] Recoil\n|move|p2b: Lumineon|Hydro Pump|p1a: Corviknight\n|-damage|p1a: Corviknight|0 fnt\n|faint|p1a: Corviknight\n|\n|upkeep\n|j| shane999999\n|\n|t:|1770860502\n|switch|p1a: Meganium|Meganium, L91, F|293/293\n|switch|p2a: Decidueye|Decidueye-Hisui, L85, M|288/288\n|turn|3\n|\n|t:|1770860516\n|switch|p2b: Magmortar|Magmortar, L84, M|263/263\n|move|p1a: Meganium|Energy Ball|p2b: Magmortar\n|-resisted|p2b: Magmortar\n|-damage|p2b: Magmortar|219/263\n|-unboost|p2b: Magmortar|spd|1\n|move|p1b: Komala|U-turn|p2a: Decidueye\n|-damage|p2a: Decidueye|218/288\n|\n|t:|1770860521\n|switch|p1b: Cramorant|Cramorant, L86, F|261/261|[from] U-turn\n|move|p2a: Decidueye|Tailwind|p2a: Decidueye\n|-sidestart|p2: Bondguy|move: Tailwind\n|\n|upkeep\n|turn|4\n|\n|t:|1770860548\n|-terastallize|p2a: Decidueye|Steel\n|move|p1a: Meganium|Encore|p2a: Decidueye\n|-start|p2a: Decidueye|Encore\n|move|p1b: Cramorant|Surf|p2b: Magmortar|[spread] p1a,p2a,p2b\n|-formechange|p1b: Cramorant|Cramorant-Gulping|\n|-resisted|p1a: Meganium\n|-supereffective|p2b: Magmortar\n|-damage|p1a: Meganium|266/293\n|-damage|p2a: Decidueye|157/288\n|-damage|p2b: Magmortar|37/263\n|-enditem|p2b: Magmortar|Sitrus Berry|[eat]\n|-heal|p2b: Magmortar|102/263|[from] item: Sitrus Berry\n|move|p2b: Magmortar|Fire Blast|p1a: Meganium|[miss]\n|-miss|p2b: Magmortar|p1a: Meganium\n|move|p2a: Decidueye|Tailwind||[still]\n|-fail|p2a: Decidueye\n|\n|-sideend|p1: pejelegante|move: Tailwind\n|upkeep\n|turn|5\n|\n|t:|1770860566\n|switch|p2a: Cetitan|Cetitan, L83, M|418/418\n|move|p2b: Magmortar|Fire Blast|p1a: Meganium\n|-supereffective|p1a: Meganium\n|-damage|p1a: Meganium|12/293\n|-enditem|p1a: Meganium|Sitrus Berry|[eat]\n|-heal|p1a: Meganium|85/293|[from] item: Sitrus Berry\n|move|p1a: Meganium|Leech Seed|p2a: Cetitan\n|-start|p2a: Cetitan|move: Leech Seed\n|move|p1b: Cramorant|Surf|p2a: Cetitan|[spread] p1a,p2a,p2b\n|-resisted|p1a: Meganium\n|-supereffective|p2b: Magmortar\n|-damage|p1a: Meganium|58/293\n|-damage|p2a: Cetitan|328/418\n|-damage|p2b: Magmortar|0 fnt\n|faint|p2b: Magmortar\n|\n|-damage|p2a: Cetitan|276/418|[from] Leech Seed|[of] p1a: Meganium\n|-heal|p1a: Meganium|110/293|[silent]\n|upkeep\n|\n|t:|1770860575\n|switch|p2b: Espathra|Espathra, L83, M|293/293\n|turn|6\n|\n|t:|1770860583\n|move|p2b: Espathra|Lumina Crash|p1b: Cramorant\n|-damage|p1b: Cramorant|164/261\n|-unboost|p1b: Cramorant|spd|2\n|-damage|p2b: Espathra|220/293|[from] ability: Gulp Missile|[of] p1b: Cramorant\n|-unboost|p2b: Espathra|def|1\n|-formechange|p1b: Cramorant|Cramorant|\n|-damage|p2b: Espathra|191/293|[from] item: Life Orb\n|move|p2a: Cetitan|Icicle Crash|p1a: Meganium\n|-supereffective|p1a: Meganium\n|-damage|p1a: Meganium|0 fnt\n|faint|p1a: Meganium\n|move|p1b: Cramorant|Tailwind|p1b: Cramorant\n|-sidestart|p1: pejelegante|move: Tailwind\n|\n|-sideend|p2: Bondguy|move: Tailwind\n|-ability|p2b: Espathra|Speed Boost|boost\n|-boost|p2b: Espathra|spe|1\n|upkeep\n|\n|t:|1770860594\n|switch|p1a: Komala|Komala, L92, F|213/269\n|-ability|p1a: Komala|Comatose\n|turn|7\n|\n|t:|1770860606\n|move|p1b: Cramorant|Surf|p2b: Espathra|[spread] p1a,p2a,p2b\n|-formechange|p1b: Cramorant|Cramorant-Gulping|\n|-damage|p1a: Komala|171/269\n|-damage|p2a: Cetitan|180/418\n|-damage|p2b: Espathra|97/293\n|move|p1a: Komala|Double-Edge|p2b: Espathra\n|-damage|p2b: Espathra|0 fnt\n|faint|p2b: Espathra\n|-damage|p1a: Komala|139/269|[from] Recoil\n|move|p2a: Cetitan|Icicle Crash|p1a: Komala\n|-damage|p1a: Komala|0 fnt\n|faint|p1a: Komala\n|\n|upkeep\n|\n|t:|1770860614\n|switch|p2b: Lumineon|Lumineon, L92, F|176/276\n|switch|p1a: Regirock|Regirock, L82|265/265\n|turn|8\n|\n|t:|1770860638\n|switch|p2a: Decidueye|Decidueye-Hisui, L85, M, tera:Steel|157/288\n|-terastallize|p1a: Regirock|Fighting\n|move|p1b: Cramorant|Brave Bird|p2b: Lumineon\n|-damage|p2b: Lumineon|61/276\n|-damage|p1b: Cramorant|126/261|[from] Recoil\n|-enditem|p1b: Cramorant|Sitrus Berry|[eat]\n|-heal|p1b: Cramorant|191/261|[from] item: Sitrus Berry\n|move|p1a: Regirock|Body Press|p2a: Decidueye\n|-supereffective|p2a: Decidueye\n|-damage|p2a: Decidueye|0 fnt\n|faint|p2a: Decidueye\n|move|p2b: Lumineon|Hydro Pump|p1a: Regirock|[miss]\n|-miss|p2b: Lumineon|p1a: Regirock\n|\n|upkeep\n|\n|t:|1770860650\n|switch|p2a: Cetitan|Cetitan, L83, M|180/418\n|turn|9\n|\n|t:|1770860659\n|move|p1b: Cramorant|Brave Bird|p2b: Lumineon\n|-damage|p2b: Lumineon|0 fnt\n|faint|p2b: Lumineon\n|-damage|p1b: Cramorant|171/261|[from] Recoil\n|move|p1a: Regirock|Body Press|p2a: Cetitan\n|-supereffective|p2a: Cetitan\n|-damage|p2a: Cetitan|0 fnt\n|faint|p2a: Cetitan\n|\n|win|pejelegante\n|raw|pejelegante's rating: 1825 &rarr; <strong>1849</strong><br />(+24 for winning)\n|raw|Bondguy's rating: 1889 &rarr; <strong>1865</strong><br />(-24 for losing)\n|l|☆Bondguy\n|player|p2|\n|c|☆pejelegante|Gg\n", "inputlog": ">version ccdc32dd7cde25fd9e4bed64820e885f66e78a4e\n>start {\"formatid\":\"gen9randomdoublesbattle\",\"seed\":\"sodium,de208b4dffb9ef23adf1193656de6a18\",\"rated\":\"Rated battle\"}\n>player p1 {\"name\":\"pejelegante\",\"avatar\":\"hugh\",\"rating\":1825,\"seed\":\"sodium,4261856d06406eda0008f2b585408ed2\"}\n>player p2 {\"name\":\"Bondguy\",\"avatar\":\"2\",\"rating\":1908,\"seed\":\"sodium,e7481776dcb7f82d971c4bf73d2440ad\"}\n>p1 move tailwind, move muddywater\n>p2 move doubleedge +2, move hydropump +1\n>p1 pass, switch 5\n>p1 move bravebird +1, move doubleedge +2\n>p2 move doubleedge +2, move hydropump +1\n>p1 switch 6, pass\n>p2 switch 5, pass\n>p1 move energyball +2, move uturn +1\n>p2 move tailwind, switch 6\n>p1 pass, switch 4\n>p1 move encore +1, move surf\n>p2 move leafblade +2 terastallize, move fireblast +1\n>p1 move leechseed +1, move surf\n>p2 switch 4, move fireblast +1\n>p2 pass, switch 3\n>p1 move knockoff +2, move tailwind\n>p2 move iciclecrash +1, move luminacrash +2\n>p1 switch 4, pass\n>p1 move doubleedge +2, move surf\n>p2 move iciclecrash +1, move luminacrash +2\n>p1 switch 3, pass\n>p2 pass, switch 6\n>p1 move bodypress +1 terastallize, move bravebird +2\n>p2 switch 4, move hydropump +1\n>p2 switch 4, pass\n>p1 move bodypress +1, move bravebird +2\n>p2 move liquidation +1, move hydropump +2", "uploadtime": 1770860665, "views": 65, "formatid": "gen9randomdoublesbattle", "rating": 1849, "private": 0, "password": null}