{"id": "gen9randomdoublesbattle-2535092483", "format": "[Gen 9] Random Doubles Battle", "players": ["pinxui", "i hate swaggy"], "log": "|j|☆pinxui\n|j|☆i hate swaggy\n|t:|1770512808\n|gametype|doubles\n|player|p1|pinxui|rood|1874\n|player|p2|i hate swaggy|kieran-festival|1832\n|gen|9\n|tier|[Gen 9] Random Doubles Battle\n|rated|\n|rule|Species Clause: Limit one of each Pokémon\n|rule|HP Percentage Mod: HP is shown in percentages\n|rule|Illusion Level Mod: Illusion disguises the Pokémon's true level\n|rule|Sleep Clause Mod: Limit one foe put to sleep\n|\n|t:|1770512808\n|teamsize|p1|6\n|teamsize|p2|6\n|start\n|switch|p1a: Gouging Fire|Gouging Fire, L75|281/281\n|switch|p1b: Corviknight|Corviknight, L80, M|288/288\n|switch|p2a: Copperajah|Copperajah, L86, F|350/350\n|switch|p2b: Gouging Fire|Gouging Fire, L75|281/281\n|turn|1\n|\n|t:|1770512841\n|move|p1a: Gouging Fire|Dragon Claw|p2b: Gouging Fire\n|-supereffective|p2b: Gouging Fire\n|-damage|p2b: Gouging Fire|141/281\n|move|p2b: Gouging Fire|Dragon Dance|p2b: Gouging Fire\n|-boost|p2b: Gouging Fire|atk|1\n|-boost|p2b: Gouging Fire|spe|1\n|move|p1b: Corviknight|Tailwind|p1b: Corviknight\n|-sidestart|p1: pinxui|move: Tailwind\n|move|p2a: Copperajah|High Horsepower|p1a: Gouging Fire\n|-supereffective|p1a: Gouging Fire\n|-crit|p1a: Gouging Fire\n|-damage|p1a: Gouging Fire|0 fnt\n|faint|p1a: Gouging Fire\n|-end|p1a: Gouging Fire|Protosynthesis|[silent]\n|-damage|p2a: Copperajah|315/350|[from] item: Life Orb\n|\n|upkeep\n|c|☆i hate swaggy|sniped\n|inactive|Battle timer is ON: inactive players will automatically lose when time's up. (requested by i hate swaggy)\n|\n|t:|1770512912\n|switch|p1a: Perrserker|Perrserker, L88, F|266/266\n|turn|2\n|inactive|i hate swaggy has 120 seconds left.\n|\n|t:|1770512947\n|move|p2b: Gouging Fire|Burning Bulwark|p2b: Gouging Fire\n|-singleturn|p2b: Gouging Fire|move: Protect\n|move|p1a: Perrserker|Fake Out|p2a: Copperajah\n|-resisted|p2a: Copperajah\n|-damage|p2a: Copperajah|287/350\n|move|p1b: Corviknight|Iron Head|p2a: Copperajah\n|-resisted|p2a: Copperajah\n|-damage|p2a: Copperajah|246/350\n|cant|p2a: Copperajah|flinch\n|\n|upkeep\n|turn|3\n|inactive|i hate swaggy has 120 seconds left.\n|\n|t:|1770512976\n|move|p1b: Corviknight|Brave Bird|p2b: Gouging Fire\n|-damage|p2b: Gouging Fire|44/281\n|-damage|p1b: Corviknight|256/288|[from] Recoil\n|move|p1a: Perrserker|Close Combat|p2a: Copperajah\n|-supereffective|p2a: Copperajah\n|-damage|p2a: Copperajah|0 fnt\n|-unboost|p1a: Perrserker|def|1\n|-unboost|p1a: Perrserker|spd|1\n|faint|p2a: Copperajah\n|move|p2b: Gouging Fire|Heat Crash|p1b: Corviknight\n|-supereffective|p1b: Corviknight\n|-damage|p1b: Corviknight|0 fnt\n|faint|p1b: Corviknight\n|\n|upkeep\n|inactive|i hate swaggy has 120 seconds left.\n|inactive|pinxui has 120 seconds left.\n|inactive|pinxui has 90 seconds left.\n|inactive|pinxui has 60 seconds left.\n|\n|t:|1770513071\n|switch|p1b: Ambipom|Ambipom, L87, M|272/272\n|switch|p2a: Dewgong|Dewgong, L91, M|312/312\n|turn|4\n|inactive|pinxui has 60 seconds left.\n|\n|t:|1770513086\n|switch|p2a: Mimikyu|Mimikyu, L82, M|224/224\n|move|p2b: Gouging Fire|Burning Bulwark|p2b: Gouging Fire\n|-singleturn|p2b: Gouging Fire|move: Protect\n|move|p1b: Ambipom|Fake Out|p2a: Mimikyu\n|-immune|p2a: Mimikyu\n|move|p1a: Perrserker|Close Combat|p2a: Mimikyu\n|-immune|p2a: Mimikyu\n|\n|-sideend|p1: pinxui|move: Tailwind\n|upkeep\n|turn|5\n|\n|t:|1770513104\n|switch|p1a: Deoxys|Deoxys-Defense, L88|231/231\n|-ability|p1a: Deoxys|Pressure\n|move|p2b: Gouging Fire|Heat Crash|p1b: Ambipom\n|-damage|p1b: Ambipom|44/272\n|move|p1b: Ambipom|Knock Off|p2b: Gouging Fire\n|-damage|p2b: Gouging Fire|0 fnt\n|-enditem|p2b: Gouging Fire|Clear Amulet|[from] move: Knock Off|[of] p1b: Ambipom\n|faint|p2b: Gouging Fire\n|-end|p2b: Gouging Fire|Protosynthesis|[silent]\n|move|p2a: Mimikyu|Swords Dance|p2a: Mimikyu\n|-boost|p2a: Mimikyu|atk|2\n|\n|upkeep\n|inactive|i hate swaggy has 120 seconds left.\n|inactive|i hate swaggy has 90 seconds left.\n|\n|t:|1770513177\n|switch|p2b: Dewgong|Dewgong, L91, M|312/312\n|turn|6\n|inactive|pinxui has 90 seconds left.\n|inactive|i hate swaggy has 90 seconds left.\n|\n|t:|1770513191\n|-terastallize|p1a: Deoxys|Steel\n|move|p1b: Ambipom|Protect|p1b: Ambipom\n|-singleturn|p1b: Ambipom|Protect\n|move|p2b: Dewgong|Fake Out|p1b: Ambipom\n|-activate|p1b: Ambipom|move: Protect\n|move|p1a: Deoxys|Knock Off|p2a: Mimikyu\n|-activate|p2a: Mimikyu|ability: Disguise\n|-damage|p2a: Mimikyu|224/224\n|-enditem|p2a: Mimikyu|Life Orb|[from] move: Knock Off|[of] p1a: Deoxys\n|detailschange|p2a: Mimikyu|Mimikyu-Busted, L82, M\n|-damage|p2a: Mimikyu|196/224|[from] pokemon: Mimikyu-Busted\n|move|p2a: Mimikyu|Play Rough|p1a: Deoxys\n|-resisted|p1a: Deoxys\n|-damage|p1a: Deoxys|178/231\n|\n|upkeep\n|turn|7\n|inactive|pinxui has 90 seconds left.\n|inactive|i hate swaggy has 90 seconds left.\n|inactive|i hate swaggy has 60 seconds left.\n|\n|t:|1770513268\n|move|p2a: Mimikyu|Protect|p2a: Mimikyu\n|-singleturn|p2a: Mimikyu|Protect\n|move|p1b: Ambipom|Double-Edge|p2b: Dewgong\n|-damage|p2b: Dewgong|155/312\n|-enditem|p2b: Dewgong|Sitrus Berry|[eat]\n|-heal|p2b: Dewgong|233/312|[from] item: Sitrus Berry\n|-damage|p1b: Ambipom|0 fnt|[from] Recoil\n|faint|p1b: Ambipom\n|move|p1a: Deoxys|Night Shade|p2a: Mimikyu\n|-activate|p2a: Mimikyu|move: Protect\n|move|p2b: Dewgong|Icy Wind|p1a: Deoxys\n|-resisted|p1a: Deoxys\n|-damage|p1a: Deoxys|163/231\n|-unboost|p1a: Deoxys|spe|1\n|\n|upkeep\n|inactive|pinxui has 90 seconds left.\n|\n|t:|1770513276\n|switch|p1b: Perrserker|Perrserker, L88, F|266/266\n|turn|8\n|inactive|i hate swaggy has 60 seconds left.\n|\n|t:|1770513304\n|move|p2a: Mimikyu|Play Rough|p1b: Perrserker\n|-resisted|p1b: Perrserker\n|-damage|p1b: Perrserker|186/266\n|move|p2b: Dewgong|Icy Wind|p1b: Perrserker|[spread] p1a,p1b\n|-resisted|p1a: Deoxys\n|-resisted|p1b: Perrserker\n|-damage|p1a: Deoxys|152/231\n|-damage|p1b: Perrserker|168/266\n|-unboost|p1a: Deoxys|spe|1\n|-unboost|p1b: Perrserker|spe|1\n|move|p1a: Deoxys|Thunder Wave|p2b: Dewgong\n|-status|p2b: Dewgong|par\n|move|p1b: Perrserker|Iron Head|p2a: Mimikyu\n|-supereffective|p2a: Mimikyu\n|-crit|p2a: Mimikyu\n|-damage|p2a: Mimikyu|0 fnt\n|faint|p2a: Mimikyu\n|\n|upkeep\n|inactive|i hate swaggy has 30 seconds left.\n|inactive|i hate swaggy has 20 seconds left.\n|\n|t:|1770513336\n|switch|p2a: Salazzle|Salazzle, L86, F|257/257\n|turn|9\n|inactive|i hate swaggy has 30 seconds left.\n|\n|t:|1770513352\n|move|p2a: Salazzle|Fire Blast|p1a: Deoxys\n|-supereffective|p1a: Deoxys\n|-damage|p1a: Deoxys|0 fnt\n|faint|p1a: Deoxys\n|-damage|p2a: Salazzle|232/257|[from] item: Life Orb\n|move|p1b: Perrserker|Close Combat|p2b: Dewgong\n|-supereffective|p2b: Dewgong\n|-damage|p2b: Dewgong|0 fnt\n|-unboost|p1b: Perrserker|def|1\n|-unboost|p1b: Perrserker|spd|1\n|faint|p2b: Dewgong\n|\n|upkeep\n|inactive|i hate swaggy has 30 seconds left.\n|inactive|pinxui has 120 seconds left.\n|\n|t:|1770513371\n|switch|p1a: Vespiquen|Vespiquen, F|302/302\n|switch|p2b: Maushold|Maushold, L79|247/247\n|-ability|p1a: Vespiquen|Unnerve\n|turn|10\n|-message|pinxui forfeited.\n|\n|win|i hate swaggy\n|raw|pinxui's rating: 1868 &rarr; <strong>1845</strong><br />(-23 for losing)\n|raw|i hate swaggy's rating: 1808 &rarr; <strong>1831</strong><br />(+23 for winning)\n|l|☆pinxui\n|player|p1|\n", "inputlog": ">version ccdc32dd7cde25fd9e4bed64820e885f66e78a4e\n>start {\"formatid\":\"gen9randomdoublesbattle\",\"seed\":\"sodium,d4e2ff2c9d78a6d824b1d743e0903bd1\",\"rated\":\"Rated battle\"}\n>player p1 {\"name\":\"pinxui\",\"avatar\":\"rood\",\"rating\":1874,\"seed\":\"sodium,d835b8516c2807d1244a8521cc510120\"}\n>player p2 {\"name\":\"i hate swaggy\",\"avatar\":\"kieran-festival\",\"rating\":1832,\"seed\":\"sodium,04facd097679e98cf2b72499122ff6b5\"}\n>p1 move dragonclaw +2, move tailwind\n>p2 move highhorsepower +1, move dragondance\n>chat ☆i hate swaggy|sniped\n>p1 switch 5, pass\n>p1 move fakeout +1, move ironhead +1\n>p2 move highhorsepower +1, move burningbulwark\n>p1 move closecombat +1, move bravebird +2\n>p2 move highhorsepower +1, move heatcrash +2\n>p1 pass, switch 4\n>p2 switch 6, pass\n>p1 move closecombat +1, move fakeout +1\n>p2 switch 4, move burningbulwark\n>p1 switch 3, move knockoff +2\n>p2 move swordsdance, move heatcrash +2\n>p2 pass, switch 4\n>p1 move knockoff +1 terastallize, move protect\n>p2 move playrough +1, move fakeout +2\n>p1 move nightshade +1, move doubleedge +2\n>p2 move protect, move icywind\n>p1 pass, switch 3\n>p1 move thunderwave +2, move ironhead +1\n>p2 move playrough +2, move icywind\n>p2 switch 5, pass\n>p1 move thunderwave +1, move closecombat +2\n>p2 move fireblast +1, move encore +2\n>p1 switch 6, pass\n>p2 pass, switch 3\n>forcelose p1", "uploadtime": 1770513385, "views": 104, "formatid": "gen9randomdoublesbattle", "rating": 1831, "private": 0, "password": null}