{"id": "gen9randomdoublesbattle-2534861172", "format": "[Gen 9] Random Doubles Battle", "players": ["Diego1912", "365partygrl"], "log": "|j|☆Diego1912\n|j|☆365partygrl\n|t:|1770486039\n|gametype|doubles\n|player|p1|Diego1912|1|1657\n|player|p2|365partygrl|clair|1718\n|gen|9\n|tier|[Gen 9] Random Doubles Battle\n|rated|\n|rule|Species Clause: Limit one of each Pokémon\n|rule|HP Percentage Mod: HP is shown in percentages\n|rule|Illusion Level Mod: Illusion disguises the Pokémon's true level\n|rule|Sleep Clause Mod: Limit one foe put to sleep\n|\n|t:|1770486039\n|teamsize|p1|6\n|teamsize|p2|6\n|start\n|switch|p1a: Sunflora|Sunflora, F|312/312\n|switch|p1b: Vikavolt|Vikavolt, L84, M|267/267\n|switch|p2a: Sunflora|Sunflora, F|312/312\n|switch|p2b: Toxapex|Toxapex, L92, M|241/241\n|turn|1\n|inactive|Battle timer is ON: inactive players will automatically lose when time's up. (requested by 365partygrl)\n|\n|t:|1770486059\n|switch|p2a: Gengar|Gengar, L84, M|238/238\n|move|p1b: Vikavolt|Sticky Web|p2b: Toxapex\n|-sidestart|p2: 365partygrl|move: Sticky Web\n|move|p2b: Toxapex|Infestation|p1a: Sunflora\n|-supereffective|p1a: Sunflora\n|-damage|p1a: Sunflora|292/312\n|-activate|p1a: Sunflora|move: Infestation|[of] p2b: Toxapex\n|move|p1a: Sunflora|Sludge Bomb|p2a: Gengar\n|-resisted|p2a: Gengar\n|-damage|p2a: Gengar|203/238\n|-damage|p1a: Sunflora|261/312|[from] item: Life Orb\n|\n|-damage|p1a: Sunflora|222/312|[from] move: Infestation|[partiallytrapped]\n|upkeep\n|turn|2\n|\n|t:|1770486085\n|move|p2a: Gengar|Encore|p1b: Vikavolt\n|-start|p1b: Vikavolt|Encore\n|move|p1b: Vikavolt|Sticky Web||[still]\n|-fail|p1b: Vikavolt\n|move|p2b: Toxapex|Toxic|p1a: Sunflora\n|-status|p1a: Sunflora|tox\n|move|p1a: Sunflora|Earth Power|p2a: Gengar\n|-supereffective|p2a: Gengar\n|-damage|p2a: Gengar|0 fnt\n|-start|p1a: Sunflora|Disable|Earth Power|[from] ability: Cursed Body|[of] p2a: Gengar\n|faint|p2a: Gengar\n|-damage|p1a: Sunflora|191/312 tox|[from] item: Life Orb\n|\n|-damage|p1a: Sunflora|172/312 tox|[from] psn\n|-damage|p1a: Sunflora|133/312 tox|[from] move: Infestation|[partiallytrapped]\n|upkeep\n|inactive|365partygrl has 120 seconds left.\n|\n|t:|1770486103\n|switch|p2a: Pawmot|Pawmot, L80, F|243/243\n|-activate|p2a: Pawmot|move: Sticky Web\n|-fail|p2a: Pawmot|unboost|[from] item: Clear Amulet|[of] p2a: Pawmot\n|turn|3\n|\n|t:|1770486122\n|switch|p1b: Hippowdon|Hippowdon, L86, F|326/326\n|-weather|Sandstorm|[from] ability: Sand Stream|[of] p1b: Hippowdon\n|move|p2a: Pawmot|Fake Out|p1a: Sunflora\n|-damage|p1a: Sunflora|95/312 tox\n|move|p2b: Toxapex|Infestation|p1b: Hippowdon\n|-damage|p1b: Hippowdon|313/326\n|-activate|p1b: Hippowdon|move: Infestation|[of] p2b: Toxapex\n|cant|p1a: Sunflora|flinch\n|\n|-weather|Sandstorm|[upkeep]\n|-damage|p2a: Pawmot|228/243|[from] Sandstorm\n|-damage|p2b: Toxapex|226/241|[from] Sandstorm\n|-damage|p1a: Sunflora|76/312 tox|[from] Sandstorm\n|-heal|p2b: Toxapex|241/241|[from] item: Leftovers\n|-damage|p1a: Sunflora|38/312 tox|[from] psn\n|-damage|p1b: Hippowdon|273/326|[from] move: Infestation|[partiallytrapped]\n|-damage|p1a: Sunflora|0 fnt|[from] move: Infestation|[partiallytrapped]\n|faint|p1a: Sunflora\n|upkeep\n|\n|t:|1770486144\n|switch|p1a: Morpeko|Morpeko, L88, M|245/245\n|turn|4\n|\n|t:|1770486158\n|switch|p2a: Sunflora|Sunflora, F|312/312\n|-activate|p2a: Sunflora|move: Sticky Web\n|-unboost|p2a: Sunflora|spe|1\n|move|p2b: Toxapex|Baneful Bunker|p2b: Toxapex\n|-singleturn|p2b: Toxapex|move: Protect\n|move|p1a: Morpeko|Fake Out|p2a: Sunflora\n|-damage|p2a: Sunflora|278/312\n|move|p1b: Hippowdon|High Horsepower|p2b: Toxapex\n|-activate|p2b: Toxapex|move: Protect\n|-status|p1b: Hippowdon|psn\n|\n|-weather|Sandstorm|[upkeep]\n|-damage|p1a: Morpeko|230/245|[from] Sandstorm\n|-damage|p2b: Toxapex|226/241|[from] Sandstorm\n|-damage|p2a: Sunflora|259/312|[from] Sandstorm\n|-heal|p2b: Toxapex|241/241|[from] item: Leftovers\n|-damage|p1b: Hippowdon|233/326 psn|[from] psn\n|-damage|p1b: Hippowdon|193/326 psn|[from] move: Infestation|[partiallytrapped]\n|-formechange|p1a: Morpeko|Morpeko-Hangry||[from] ability: Hunger Switch\n|upkeep\n|turn|5\n|\n|t:|1770486183\n|move|p1a: Morpeko|Knock Off|p2b: Toxapex\n|-damage|p2b: Toxapex|172/241\n|-enditem|p2b: Toxapex|Leftovers|[from] move: Knock Off|[of] p1a: Morpeko\n|move|p1b: Hippowdon|Stealth Rock|p2b: Toxapex\n|-sidestart|p2: 365partygrl|move: Stealth Rock\n|move|p2b: Toxapex|Infestation|p1a: Morpeko\n|-supereffective|p1a: Morpeko\n|-damage|p1a: Morpeko|200/245\n|-activate|p1a: Morpeko|move: Infestation|[of] p2b: Toxapex\n|move|p2a: Sunflora|Dazzling Gleam|p1b: Hippowdon|[spread] p1a,p1b\n|-supereffective|p1a: Morpeko\n|-damage|p1a: Morpeko|0 fnt\n|-damage|p1b: Hippowdon|96/326 psn\n|-enditem|p1b: Hippowdon|Sitrus Berry|[eat]\n|-heal|p1b: Hippowdon|177/326 psn|[from] item: Sitrus Berry\n|faint|p1a: Morpeko\n|-damage|p2a: Sunflora|228/312|[from] item: Life Orb\n|\n|-weather|Sandstorm|[upkeep]\n|-damage|p2b: Toxapex|157/241|[from] Sandstorm\n|-damage|p2a: Sunflora|209/312|[from] Sandstorm\n|-damage|p1b: Hippowdon|137/326 psn|[from] psn\n|-damage|p1b: Hippowdon|97/326 psn|[from] move: Infestation|[partiallytrapped]\n|upkeep\n|inactive|Diego1912 has 120 seconds left.\n|\n|t:|1770486206\n|switch|p1a: Vikavolt|Vikavolt, L84, M|267/267\n|turn|6\n|\n|t:|1770486218\n|switch|p2b: Pawmot|Pawmot, L80, F|228/243\n|-activate|p2b: Pawmot|move: Sticky Web\n|-fail|p2b: Pawmot|unboost|[from] item: Clear Amulet|[of] p2b: Pawmot\n|-damage|p2b: Pawmot|213/243|[from] Stealth Rock\n|move|p1b: Hippowdon|High Horsepower|p2b: Pawmot|[miss]\n|-miss|p1b: Hippowdon|p2b: Pawmot\n|move|p1a: Vikavolt|Bug Buzz|p2a: Sunflora\n|-supereffective|p2a: Sunflora\n|-damage|p2a: Sunflora|0 fnt\n|faint|p2a: Sunflora\n|\n|-weather|Sandstorm|[upkeep]\n|-damage|p2b: Pawmot|198/243|[from] Sandstorm\n|-damage|p1a: Vikavolt|251/267|[from] Sandstorm\n|-damage|p1b: Hippowdon|57/326 psn|[from] psn\n|-end|p1b: Hippowdon|Infestation|[partiallytrapped]|[silent]\n|upkeep\n|\n|t:|1770486230\n|switch|p2a: Toxapex|Toxapex, L92, M|237/241\n|-activate|p2a: Toxapex|move: Sticky Web\n|-unboost|p2a: Toxapex|spe|1\n|-damage|p2a: Toxapex|207/241|[from] Stealth Rock\n|turn|7\n|\n|t:|1770486238\n|move|p1a: Vikavolt|Protect|p1a: Vikavolt\n|-singleturn|p1a: Vikavolt|Protect\n|move|p2b: Pawmot|Fake Out|p1b: Hippowdon\n|-damage|p1b: Hippowdon|34/326 psn\n|cant|p1b: Hippowdon|flinch\n|move|p2a: Toxapex|Infestation|p1a: Vikavolt\n|-activate|p1a: Vikavolt|move: Protect\n|\n|-weather|none\n|-damage|p1b: Hippowdon|0 fnt|[from] psn\n|faint|p1b: Hippowdon\n|upkeep\n|\n|t:|1770486248\n|switch|p1b: Lilligant|Lilligant, L88, F|266/266\n|turn|8\n|\n|t:|1770486264\n|move|p2a: Toxapex|Baneful Bunker|p2a: Toxapex\n|-singleturn|p2a: Toxapex|move: Protect\n|move|p2b: Pawmot|Revival Blessing|p2b: Pawmot\n|\n|t:|1770486269\n|-heal|p2: Gengar|119/238|[from] move: Revival Blessing\n|move|p1b: Lilligant|Quiver Dance|p1b: Lilligant\n|-boost|p1b: Lilligant|spa|1\n|-boost|p1b: Lilligant|spd|1\n|-boost|p1b: Lilligant|spe|1\n|move|p1a: Vikavolt|Thunderbolt|p2a: Toxapex\n|-activate|p2a: Toxapex|move: Protect\n|\n|upkeep\n|turn|9\n|\n|t:|1770486290\n|switch|p2b: Meowstic|Meowstic-F, L89, F|277/277\n|-activate|p2b: Meowstic|move: Sticky Web\n|-unboost|p2b: Meowstic|spe|1\n|-ability|p2b: Meowstic|Competitive|boost\n|-boost|p2b: Meowstic|spa|2\n|-damage|p2b: Meowstic|243/277|[from] Stealth Rock\n|-terastallize|p2a: Toxapex|Grass\n|move|p1b: Lilligant|Giga Drain|p2a: Toxapex\n|-resisted|p2a: Toxapex\n|-damage|p2a: Toxapex|143/241\n|-damage|p1b: Lilligant|240/266|[from] item: Life Orb\n|move|p1a: Vikavolt|Thunderbolt|p2a: Toxapex\n|-resisted|p2a: Toxapex\n|-damage|p2a: Toxapex|101/241\n|move|p2a: Toxapex|Toxic|p1b: Lilligant|[miss]\n|-miss|p2a: Toxapex|p1b: Lilligant\n|\n|upkeep\n|turn|10\n|\n|t:|1770486318\n|switch|p2a: Pawmot|Pawmot, L80, F|198/243\n|-activate|p2a: Pawmot|move: Sticky Web\n|-fail|p2a: Pawmot|unboost|[from] item: Clear Amulet|[of] p2a: Pawmot\n|-damage|p2a: Pawmot|183/243|[from] Stealth Rock\n|move|p1b: Lilligant|Protect|p1b: Lilligant\n|-singleturn|p1b: Lilligant|Protect\n|move|p2b: Meowstic|Psychic|p1a: Vikavolt\n|-damage|p1a: Vikavolt|0 fnt\n|faint|p1a: Vikavolt\n|-damage|p2b: Meowstic|216/277|[from] item: Life Orb\n|\n|upkeep\n|\n|t:|1770486330\n|switch|p1a: Empoleon|Empoleon, L83, M|275/275\n|turn|11\n|\n|t:|1770486344\n|move|p1b: Lilligant|Giga Drain|p2a: Pawmot\n|-damage|p2a: Pawmot|0 fnt\n|-heal|p1b: Lilligant|266/266|[from] drain|[of] p2a: Pawmot\n|faint|p2a: Pawmot\n|-damage|p1b: Lilligant|240/266|[from] item: Life Orb\n|move|p2b: Meowstic|Psychic|p1b: Lilligant\n|-damage|p1b: Lilligant|75/266\n|-damage|p2b: Meowstic|189/277|[from] item: Life Orb\n|move|p1a: Empoleon|Knock Off|p2b: Meowstic\n|-supereffective|p2b: Meowstic\n|-damage|p2b: Meowstic|63/277\n|-enditem|p2b: Meowstic|Life Orb|[from] move: Knock Off|[of] p1a: Empoleon\n|\n|upkeep\n|\n|t:|1770486360\n|switch|p2a: Haxorus|Haxorus, L84, M|265/265\n|-ability|p2a: Haxorus|Unnerve\n|-activate|p2a: Haxorus|move: Sticky Web\n|-unboost|p2a: Haxorus|spe|1\n|-damage|p2a: Haxorus|232/265|[from] Stealth Rock\n|turn|12\n|\n|t:|1770486379\n|move|p1b: Lilligant|Giga Drain|p2b: Meowstic\n|-damage|p2b: Meowstic|0 fnt\n|-heal|p1b: Lilligant|107/266|[from] drain|[of] p2b: Meowstic\n|faint|p2b: Meowstic\n|-damage|p1b: Lilligant|81/266|[from] item: Life Orb\n|move|p1a: Empoleon|Ice Beam|p2a: Haxorus\n|-supereffective|p2a: Haxorus\n|-crit|p2a: Haxorus\n|-damage|p2a: Haxorus|0 fnt\n|faint|p2a: Haxorus\n|\n|upkeep\n|\n|t:|1770486395\n|switch|p2b: Toxapex|Toxapex, L92, M, tera:Grass|181/241\n|switch|p2a: Gengar|Gengar, L84, M|119/238\n|-activate|p2a: Gengar|move: Sticky Web\n|-unboost|p2a: Gengar|spe|1\n|-damage|p2a: Gengar|90/238|[from] Stealth Rock\n|-activate|p2b: Toxapex|move: Sticky Web\n|-unboost|p2b: Toxapex|spe|1\n|-damage|p2b: Toxapex|151/241|[from] Stealth Rock\n|turn|13\n|inactive|Diego1912 has 120 seconds left.\n|\n|t:|1770486444\n|-terastallize|p1b: Lilligant|Rock\n|move|p1b: Lilligant|Tera Blast|p2a: Gengar|[anim] Tera Blast Rock\n|-damage|p2a: Gengar|0 fnt\n|-start|p1b: Lilligant|Disable|Tera Blast|[from] ability: Cursed Body|[of] p2a: Gengar\n|faint|p2a: Gengar\n|-damage|p1b: Lilligant|55/266|[from] item: Life Orb\n|move|p1a: Empoleon|Ice Beam|p2b: Toxapex\n|-supereffective|p2b: Toxapex\n|-damage|p2b: Toxapex|59/241\n|move|p2b: Toxapex|Infestation|p1a: Empoleon\n|-resisted|p1a: Empoleon\n|-damage|p1a: Empoleon|271/275\n|-activate|p1a: Empoleon|move: Infestation|[of] p2b: Toxapex\n|\n|-damage|p1a: Empoleon|237/275|[from] move: Infestation|[partiallytrapped]\n|upkeep\n|turn|14\n|inactive|Diego1912 has 120 seconds left.\n|\n|t:|1770486467\n|move|p1b: Lilligant|Giga Drain|p2b: Toxapex\n|-resisted|p2b: Toxapex\n|-damage|p2b: Toxapex|0 fnt\n|-heal|p1b: Lilligant|85/266|[from] drain|[of] p2b: Toxapex\n|faint|p2b: Toxapex\n|-damage|p1b: Lilligant|59/266|[from] item: Life Orb\n|\n|win|Diego1912\n|raw|Diego1912's rating: 1657 &rarr; <strong>1680</strong><br />(+23 for winning)\n|raw|365partygrl's rating: 1718 &rarr; <strong>1695</strong><br />(-23 for losing)\n|c|☆Diego1912|Gg\n|l|☆365partygrl\n|player|p2|\n", "inputlog": ">version ccdc32dd7cde25fd9e4bed64820e885f66e78a4e\n>start {\"formatid\":\"gen9randomdoublesbattle\",\"seed\":\"sodium,710239d5c90efd628bb0cc548502d53b\",\"rated\":\"Rated battle\"}\n>player p1 {\"name\":\"Diego1912\",\"avatar\":\"1\",\"rating\":1657,\"seed\":\"sodium,2f91a4d629de4c1a4176bd3a9103f097\"}\n>player p2 {\"name\":\"365partygrl\",\"avatar\":\"clair\",\"rating\":1718,\"seed\":\"sodium,85aef498b659b6b02fc74112471272ec\"}\n>p1 move sludgebomb +1, move stickyweb\n>p2 switch 4, move infestation +1\n>p1 move earthpower +1, move thunderbolt +1\n>p2 move encore +2, move toxic +1\n>p2 switch 5, pass\n>p1 move leafstorm +2, switch 5\n>p2 move fakeout +1, move infestation +2\n>p1 switch 3, pass\n>p1 move fakeout +1, move highhorsepower +2\n>p2 switch 4, move banefulbunker\n>p1 move knockoff +2, move stealthrock\n>p2 move dazzlinggleam, move infestation +1\n>p1 switch 5, pass\n>p1 move bugbuzz +1, move highhorsepower +2\n>p2 move dazzlinggleam, switch 4\n>p2 switch 4, pass\n>p1 move protect, move highhorsepower +2\n>p2 move infestation +1, move fakeout +2\n>p1 pass, switch 4\n>p1 move thunderbolt +1, move quiverdance\n>p2 move banefulbunker, move revivalblessing\n>p2 pass, switch 5\n>p1 move thunderbolt +1, move gigadrain +1\n>p2 move toxic +2 terastallize, switch 3\n>p1 move bugbuzz +2, move protect\n>p2 switch 3, move psychic +1\n>p1 switch 6, pass\n>p1 move knockoff +2, move gigadrain +1\n>p2 move doubleshock +1, move psychic +2\n>p2 switch 6, pass\n>p1 move icebeam +1, move gigadrain +2\n>p2 move scaleshot +2, move thunderbolt +1\n>p2 switch 5, switch 3\n>p1 move icebeam +2, move terablast +1 terastallize\n>p2 move sludgebomb +2, move infestation +1\n>p1 move icebeam +2, move gigadrain +2\n>p2 pass, move toxic +2", "uploadtime": 1770486481, "views": 93, "formatid": "gen9randomdoublesbattle", "rating": 1680, "private": 0, "password": null}